{"id":"gen9vgc2025regg-2282959162","format":"[Gen 9] VGC 2025 Reg G","players":["DarkAlex69","Axel316"],"log":"|j|\u2606DarkAlex69\n|j|\u2606Axel316\n|t:|1737134177\n|gametype|doubles\n|player|p1|DarkAlex69|cynthia|1533\n|player|p2|Axel316|2|1581\n|teamsize|p1|6\n|teamsize|p2|6\n|gen|9\n|tier|[Gen 9] VGC 2025 Reg G\n|rated|\n|rule|Species Clause: Limit one of each Pok\u00e9mon\n|rule|Item Clause: Limit 1 of each item\n|clearpoke\n|poke|p1|Baxcalibur, L50, F|\n|poke|p1|Kyogre, L50|\n|poke|p1|Landorus, L50, M|\n|poke|p1|Chien-Pao, L50|\n|poke|p1|Dragonite, L50, M|\n|poke|p1|Ditto, L50|\n|poke|p2|Calyrex-Ice, L50|\n|poke|p2|Urshifu-*, L50, F|\n|poke|p2|Iron Hands, L50|\n|poke|p2|Latios, L50, M|\n|poke|p2|Pelipper, L50, F|\n|poke|p2|Archaludon, L50, F|\n|teampreview|4\nDarkAlex69 rejected open team sheets.\n|inactive|Battle timer is ON: inactive players will automatically lose when time's up. (requested by DarkAlex69)\n|\n|t:|1737134214\n|start\n|switch|p1a: Chien-Pao|Chien-Pao, L50|100\/100\n|switch|p1b: Dragonite|Dragonite, L50, M|100\/100\n|switch|p2a: Calyrex|Calyrex-Ice, L50|100\/100\n|switch|p2b: Latios|Latios, L50, M|100\/100\n|-ability|p2a: Calyrex|As One\n|-ability|p2a: Calyrex|Unnerve\n|-ability|p1a: Chien-Pao|Sword of Ruin\n|turn|1\n|\n|t:|1737134229\n|-terastallize|p1b: Dragonite|Normal\n|move|p2a: Calyrex|Protect|p2a: Calyrex\n|-singleturn|p2a: Calyrex|Protect\n|move|p1b: Dragonite|Extreme Speed|p2a: Calyrex\n|-activate|p2a: Calyrex|move: Protect\n|move|p2b: Latios|Trick|p1a: Chien-Pao\n|-activate|p2b: Latios|move: Trick|[of] p1a: Chien-Pao\n|-item|p1a: Chien-Pao|Choice Scarf|[from] move: Trick\n|-item|p2b: Latios|Life Orb|[from] move: Trick\n|move|p1a: Chien-Pao|Ice Spinner|p2b: Latios\n|-supereffective|p2b: Latios\n|-damage|p2b: Latios|0 fnt\n|faint|p2b: Latios\n|\n|upkeep\n|\n|t:|1737134246\n|switch|p2b: Urshifu|Urshifu-Rapid-Strike, L50, F|100\/100\n|turn|2\n|\n|t:|1737134264\n|move|p2b: Urshifu|Detect|p2b: Urshifu\n|-singleturn|p2b: Urshifu|Protect\n|move|p1b: Dragonite|Extreme Speed|p2b: Urshifu\n|-activate|p2b: Urshifu|move: Protect\n|move|p1a: Chien-Pao|Ice Spinner|p2b: Urshifu\n|-activate|p2b: Urshifu|move: Protect\n|move|p2a: Calyrex|Trick Room|p2a: Calyrex\n|-fieldstart|move: Trick Room|[of] p2a: Calyrex\n|\n|upkeep\n|turn|3\n|\n|t:|1737134281\n|move|p1b: Dragonite|Extreme Speed|p2a: Calyrex\n|-damage|p2a: Calyrex|49\/100\n|move|p2a: Calyrex|Glacial Lance|p1b: Dragonite|[spread] p1a,p1b\n|-resisted|p1a: Chien-Pao\n|-damage|p1a: Chien-Pao|65\/100\n|-damage|p1b: Dragonite|26\/100\n|move|p2b: Urshifu|Surging Strikes|p1b: Dragonite\n|-crit|p1b: Dragonite\n|-damage|p1b: Dragonite|0 fnt\n|faint|p1b: Dragonite\n|-hitcount|p1: Dragonite|1\n|move|p1a: Chien-Pao|Ice Spinner|p2b: Urshifu\n|-resisted|p2b: Urshifu\n|-crit|p2b: Urshifu\n|-damage|p2b: Urshifu|63\/100\n|\n|upkeep\n|j| EllAkuro\n|\n|t:|1737134298\n|switch|p1b: Ditto|Ditto, L50|100\/100\n|-transform|p1b: Ditto|p2a: Calyrex|[from] ability: Imposter\n|-ability|p1b: Ditto|As One\n|-ability|p1b: Ditto|Unnerve\n|turn|4\n|inactive|Axel316 has 30 seconds left.\n|\n|t:|1737134324\n|switch|p1a: Kyogre|Kyogre, L50|100\/100\n|-weather|RainDance|[from] ability: Drizzle|[of] p1a: Kyogre\n|move|p1b: Ditto|Seed Bomb|p2b: Urshifu\n|-supereffective|p2b: Urshifu\n|-damage|p2b: Urshifu|0 fnt\n|faint|p2b: Urshifu\n|-ability|p1b: Ditto|Chilling Neigh|boost\n|-boost|p1b: Ditto|atk|1\n|move|p2a: Calyrex|Glacial Lance|p1a: Kyogre|[spread] p1a,p1b\n|-resisted|p1a: Kyogre\n|-resisted|p1b: Ditto\n|-damage|p1a: Kyogre|73\/100\n|-damage|p1b: Ditto|79\/100\n|\n|-weather|RainDance|[upkeep]\n|upkeep\n|\n|t:|1737134338\n|switch|p2b: Pelipper|Pelipper, L50, F|100\/100\n|turn|5\n|\n|t:|1737134349\n|move|p2a: Calyrex|Glacial Lance|p1a: Kyogre|[spread] p1a,p1b\n|-resisted|p1a: Kyogre\n|-resisted|p1b: Ditto\n|-damage|p1a: Kyogre|45\/100\n|-damage|p1b: Ditto|58\/100\n|move|p1b: Ditto|Glacial Lance|p2b: Pelipper|[spread] p2a,p2b\n|-resisted|p2a: Calyrex\n|-damage|p2a: Calyrex|25\/100\n|-damage|p2b: Pelipper|2\/100\n|move|p2b: Pelipper|Weather Ball|p1b: Ditto\n|-damage|p1b: Ditto|2\/100\n|move|p1a: Kyogre|Origin Pulse|p2b: Pelipper|[spread] p2a,p2b\n|-resisted|p2b: Pelipper\n|-damage|p2a: Calyrex|0 fnt\n|-damage|p2b: Pelipper|0 fnt\n|faint|p2a: Calyrex\n|faint|p2b: Pelipper\n|\n|win|DarkAlex69\n|raw|DarkAlex69's rating: 1533 &rarr; <strong>1556<\/strong><br \/>(+23 for winning)\n|raw|Axel316's rating: 1581 &rarr; <strong>1558<\/strong><br \/>(-23 for losing)\n|l|\u2606Axel316\n|player|p2|\n|l| EllAkuro\n|l|\u2606DarkAlex69\n|player|p1|\n","uploadtime":1737134566,"views":313,"formatid":"gen9vgc2025regg","rating":1556,"private":0,"password":null}