{"id":"gen9vgc2025regg-2282617535","format":"[Gen 9] VGC 2025 Reg G","players":["SPADE61","Ninjaloki"],"log":"|j|\u2606SPADE61\n|j|\u2606Ninjaloki\n|t:|1737083185\n|gametype|doubles\n|player|p1|SPADE61|266|1579\n|player|p2|Ninjaloki|2|1643\n|teamsize|p1|6\n|teamsize|p2|6\n|gen|9\n|tier|[Gen 9] VGC 2025 Reg G\n|rated|\n|rule|Species Clause: Limit one of each Pok\u00e9mon\n|rule|Item Clause: Limit 1 of each item\n|clearpoke\n|poke|p1|Lunala, L50|\n|poke|p1|Indeedee-F, L50, F|\n|poke|p1|Urshifu-*, L50, M|\n|poke|p1|Amoonguss, L50, F|\n|poke|p1|Iron Hands, L50|\n|poke|p1|Ursaluna, L50, M|\n|poke|p2|Miraidon, L50|\n|poke|p2|Whimsicott, L50, F|\n|poke|p2|Urshifu-*, L50, F|\n|poke|p2|Ogerpon-Hearthflame, L50, F|\n|poke|p2|Farigiraf, L50, F|\n|poke|p2|Iron Hands, L50|\n|teampreview|4\n|\n|t:|1737083200\n|start\n|switch|p1a: Lunala|Lunala, L50|100\/100\n|switch|p1b: Indeedee|Indeedee-F, L50, F|100\/100\n|switch|p2a: Farigiraf|Farigiraf, L50, F|100\/100\n|switch|p2b: Urshifu|Urshifu, L50, F|100\/100\n|-fieldstart|move: Psychic Terrain|[from] ability: Psychic Surge|[of] p1b: Indeedee\n|turn|1\n|inactive|Battle timer is ON: inactive players will automatically lose when time's up. (requested by Ninjaloki)\n|\n|t:|1737083247\n|switch|p1b: Iron Hands|Iron Hands, L50|100\/100\n|-terastallize|p1a: Lunala|Fairy\n|move|p2b: Urshifu|Wicked Blow|p1b: Iron Hands\n|-resisted|p1b: Iron Hands\n|-crit|p1b: Iron Hands\n|-damage|p1b: Iron Hands|80\/100\n|move|p1a: Lunala|Meteor Beam||[still]\n|-prepare|p1a: Lunala|Meteor Beam\n|-boost|p1a: Lunala|spa|1\n|-enditem|p1a: Lunala|Power Herb\n|-anim|p1a: Lunala|Meteor Beam|p2a: Farigiraf\n|-damage|p2a: Farigiraf|29\/100\n|move|p2a: Farigiraf|Foul Play|p1a: Lunala\n|-resisted|p1a: Lunala\n|-damage|p1a: Lunala|97\/100\n|\n|upkeep\n|turn|2\n|inactive|SPADE61 has 30 seconds left.\n|inactive|SPADE61 has 20 seconds left.\n|\n|t:|1737083285\n|move|p2b: Urshifu|Close Combat|p1b: Iron Hands\n|-damage|p1b: Iron Hands|38\/100\n|-unboost|p2b: Urshifu|def|1\n|-unboost|p2b: Urshifu|spd|1\n|move|p1a: Lunala|Expanding Force|p2b: Urshifu|[spread] p2a\n|-immune|p2b: Urshifu\n|-resisted|p2a: Farigiraf\n|-damage|p2a: Farigiraf|0 fnt\n|faint|p2a: Farigiraf\n|move|p1b: Iron Hands|Drain Punch|p2b: Urshifu\n|-supereffective|p2b: Urshifu\n|-enditem|p2b: Urshifu|Focus Sash\n|-damage|p2b: Urshifu|1\/100\n|-heal|p1b: Iron Hands|73\/100|[from] drain|[of] p2b: Urshifu\n|\n|upkeep\n|\n|t:|1737083302\n|switch|p2a: Miraidon|Miraidon, L50|100\/100\n|-fieldstart|move: Electric Terrain|[from] ability: Hadron Engine|[of] p2a: Miraidon\n|-activate|p1b: Iron Hands|ability: Quark Drive\n|-start|p1b: Iron Hands|quarkdriveatk\n|turn|3\n|inactive|SPADE61 has 30 seconds left.\n|inactive|SPADE61 has 20 seconds left.\n|\n|t:|1737083339\n|-end|p1b: Iron Hands|Quark Drive|[silent]\n|switch|p1b: Indeedee|Indeedee-F, L50, F|100\/100\n|-fieldstart|move: Psychic Terrain|[from] ability: Psychic Surge|[of] p1b: Indeedee\n|move|p2a: Miraidon|Volt Switch|p1a: Lunala\n|-damage|p1a: Lunala|55\/100\n|\n|t:|1737083346\n|switch|p2a: Ogerpon|Ogerpon-Hearthflame, L50, F|100\/100|[from] Volt Switch\n|-ability|p2a: Ogerpon|Mold Breaker\n|move|p2b: Urshifu|Close Combat|p1b: Indeedee\n|-damage|p1b: Indeedee|30\/100\n|-unboost|p2b: Urshifu|def|1\n|-unboost|p2b: Urshifu|spd|1\n|-damage|p2b: Urshifu|0 fnt|[from] item: Rocky Helmet|[of] p1b: Indeedee\n|faint|p2b: Urshifu\n|move|p1a: Lunala|Trick Room|p1a: Lunala\n|-fieldstart|move: Trick Room|[of] p1a: Lunala\n|\n|upkeep\n|\n|t:|1737083360\n|switch|p2b: Miraidon|Miraidon, L50|100\/100\n|-fieldstart|move: Electric Terrain|[from] ability: Hadron Engine|[of] p2b: Miraidon\n|turn|4\n|\n|t:|1737083377\n|-terastallize|p2b: Miraidon|Fairy\n|move|p2a: Ogerpon|Follow Me|p2a: Ogerpon\n|-singleturn|p2a: Ogerpon|move: Follow Me\n|move|p1b: Indeedee|Heal Pulse|p2a: Ogerpon\n|-fail|p2a: Ogerpon|heal\n|move|p1a: Lunala|Expanding Force|p2a: Ogerpon\n|-damage|p2a: Ogerpon|31\/100\n|move|p2b: Miraidon|Dazzling Gleam|p1a: Lunala|[spread] p1a,p1b\n|-damage|p1a: Lunala|0 fnt\n|-damage|p1b: Indeedee|0 fnt\n|faint|p1a: Lunala\n|faint|p1b: Indeedee\n|\n|upkeep\n|\n|t:|1737083392\n|switch|p1b: Ursaluna|Ursaluna, L50, M|100\/100\n|switch|p1a: Iron Hands|Iron Hands, L50|73\/100\n|-activate|p1a: Iron Hands|ability: Quark Drive\n|-start|p1a: Iron Hands|quarkdriveatk\n|turn|5\n|\n|t:|1737083405\n|move|p2a: Ogerpon|Spiky Shield|p2a: Ogerpon\n|-singleturn|p2a: Ogerpon|move: Protect\n|move|p1a: Iron Hands|Fake Out|p2b: Miraidon\n|-damage|p2b: Miraidon|83\/100\n|move|p1b: Ursaluna|Headlong Rush|p2a: Ogerpon\n|-activate|p2a: Ogerpon|move: Protect\n|-damage|p1b: Ursaluna|88\/100|[from] Spiky Shield|[of] p2a: Ogerpon\n|cant|p2b: Miraidon|flinch\n|\n|-status|p1b: Ursaluna|brn|[from] item: Flame Orb\n|upkeep\n|turn|6\n|\n|t:|1737083425\n|move|p2a: Ogerpon|Follow Me|p2a: Ogerpon\n|-singleturn|p2a: Ogerpon|move: Follow Me\n|move|p1b: Ursaluna|Facade|p2a: Ogerpon\n|-damage|p2a: Ogerpon|0 fnt\n|faint|p2a: Ogerpon\n|move|p1a: Iron Hands|Drain Punch|p2b: Miraidon\n|-resisted|p2b: Miraidon\n|-damage|p2b: Miraidon|60\/100\n|-heal|p1a: Iron Hands|81\/100|[from] drain|[of] p2b: Miraidon\n|move|p2b: Miraidon|Dazzling Gleam|p1a: Iron Hands|[spread] p1a,p1b\n|-supereffective|p1a: Iron Hands\n|-damage|p1a: Iron Hands|0 fnt\n|-damage|p1b: Ursaluna|32\/100 brn\n|faint|p1a: Iron Hands\n|-end|p1a: Iron Hands|Quark Drive|[silent]\n|\n|-damage|p1b: Ursaluna|26\/100 brn|[from] brn\n|upkeep\n|turn|7\n|\n|t:|1737083443\n|move|p1b: Ursaluna|Facade|p2b: Miraidon\n|-damage|p2b: Miraidon|0 fnt\n|faint|p2b: Miraidon\n|\n|win|SPADE61\n|raw|SPADE61's rating: 1579 &rarr; <strong>1603<\/strong><br \/>(+24 for winning)\n|raw|Ninjaloki's rating: 1643 &rarr; <strong>1619<\/strong><br \/>(-24 for losing)\n|l|\u2606SPADE61\n|player|p1|\n|l|\u2606Ninjaloki\n|player|p2|\n","uploadtime":1737083625,"views":30,"formatid":"gen9vgc2025regg","rating":1603,"private":0,"password":null}