{"id":"gen9vgc2025regg-2282387774","format":"[Gen 9] VGC 2025 Reg G","players":["PhilosophyClassAlt","Duryodhan"],"log":"|j|\u2606PhilosophyClassAlt\n|j|\u2606Duryodhan\n|t:|1737055288\n|gametype|doubles\n|player|p1|PhilosophyClassAlt|102|1562\n|player|p2|Duryodhan|1|1573\n|teamsize|p1|6\n|teamsize|p2|6\n|gen|9\n|tier|[Gen 9] VGC 2025 Reg G\n|rated|\n|rule|Species Clause: Limit one of each Pok\u00e9mon\n|rule|Item Clause: Limit 1 of each item\n|clearpoke\n|poke|p1|Iron Valiant, L50|\n|poke|p1|Calyrex-Ice, L50|\n|poke|p1|Torkoal, L50, F|\n|poke|p1|Raging Bolt, L50|\n|poke|p1|Farigiraf, L50, F|\n|poke|p1|Ogerpon-Cornerstone, L50, F|\n|poke|p2|Calyrex-Ice, L50|\n|poke|p2|Tinkaton, L50, F|\n|poke|p2|Gallade, L50, M|\n|poke|p2|Amoonguss, L50, M|\n|poke|p2|Hydreigon, L50, M|\n|poke|p2|Ursaluna, L50, M|\n|teampreview|4\n|\n|t:|1737055363\n|start\n|switch|p1a: Iron Valiant|Iron Valiant, L50|100\/100\n|switch|p1b: Calyrex|Calyrex-Ice, L50|100\/100\n|switch|p2a: Tinkaton|Tinkaton, L50, F|100\/100\n|switch|p2b: Calyrex|Calyrex-Ice, L50|100\/100\n|-ability|p2b: Calyrex|As One\n|-ability|p2b: Calyrex|Unnerve\n|-ability|p1b: Calyrex|As One\n|-ability|p1b: Calyrex|Unnerve\n|-ability|p2a: Tinkaton|Mold Breaker\n|-enditem|p1a: Iron Valiant|Booster Energy\n|-activate|p1a: Iron Valiant|ability: Quark Drive|[fromitem]\n|-start|p1a: Iron Valiant|quarkdrivespe\n|turn|1\n|\n|t:|1737055383\n|move|p2a: Tinkaton|Fake Out|p1a: Iron Valiant\n|-damage|p1a: Iron Valiant|89\/100\n|cant|p1a: Iron Valiant|flinch\n|move|p2b: Calyrex|Glacial Lance|p1a: Iron Valiant|[spread] p1a,p1b\n|-resisted|p1b: Calyrex\n|-damage|p1a: Iron Valiant|27\/100\n|-damage|p1b: Calyrex|83\/100\n|move|p1b: Calyrex|High Horsepower|p2a: Tinkaton\n|-supereffective|p2a: Tinkaton\n|-damage|p2a: Tinkaton|9\/100\n|\n|upkeep\n|turn|2\n|\n|t:|1737055400\n|move|p1a: Iron Valiant|Electric Terrain|p1a: Iron Valiant\n|-fieldstart|move: Electric Terrain\n|move|p2a: Tinkaton|Gigaton Hammer|p1b: Calyrex\n|-supereffective|p1b: Calyrex\n|-damage|p1b: Calyrex|6\/100\n|move|p2b: Calyrex|Glacial Lance|p1b: Calyrex|[spread] p1a,p1b\n|-resisted|p1b: Calyrex\n|-damage|p1a: Iron Valiant|0 fnt\n|-damage|p1b: Calyrex|0 fnt\n|faint|p1a: Iron Valiant\n|-end|p1a: Iron Valiant|Quark Drive|[silent]\n|faint|p1b: Calyrex\n|-ability|p2b: Calyrex|Chilling Neigh|boost\n|-boost|p2b: Calyrex|atk|2\n|\n|upkeep\n|j| That Demon\n|\n|t:|1737055407\n|switch|p1a: Raging Bolt|Raging Bolt, L50|100\/100\n|switch|p1b: Torkoal|Torkoal, L50, F|100\/100\n|-weather|SunnyDay|[from] ability: Drought|[of] p1b: Torkoal\n|-activate|p1a: Raging Bolt|ability: Protosynthesis\n|-start|p1a: Raging Bolt|protosynthesisspa\n|turn|3\n|\n|t:|1737055427\n|-terastallize|p1a: Raging Bolt|Electric\n|-terastallize|p2b: Calyrex|Dark\n|move|p2a: Tinkaton|Play Rough|p1a: Raging Bolt\n|-damage|p1a: Raging Bolt|73\/100\n|move|p1a: Raging Bolt|Rising Voltage|p2b: Calyrex\n|-hint|Rising Voltage's BP doubled on grounded target.\n|-damage|p2b: Calyrex|0 fnt\n|faint|p2b: Calyrex\n|move|p1b: Torkoal|Flamethrower|p2a: Tinkaton\n|-supereffective|p2a: Tinkaton\n|-damage|p2a: Tinkaton|0 fnt\n|faint|p2a: Tinkaton\n|\n|-weather|SunnyDay|[upkeep]\n|upkeep\n|\n|t:|1737055437\n|switch|p2a: Gallade|Gallade, L50, M|100\/100\n|switch|p2b: Hydreigon|Hydreigon, L50, M|100\/100\n|turn|4\n|\n|t:|1737055456\n|move|p1a: Raging Bolt|Thunderclap|p2a: Gallade\n|-damage|p2a: Gallade|0 fnt\n|faint|p2a: Gallade\n|move|p2b: Hydreigon|Snarl|p1b: Torkoal|[spread] p1a,p1b\n|-damage|p1a: Raging Bolt|51\/100\n|-damage|p1b: Torkoal|68\/100\n|-unboost|p1a: Raging Bolt|spa|1\n|-unboost|p1b: Torkoal|spa|1\n|move|p1b: Torkoal|Flamethrower|p2b: Hydreigon\n|-resisted|p2b: Hydreigon\n|-crit|p2b: Hydreigon\n|-damage|p2b: Hydreigon|43\/100\n|\n|-weather|SunnyDay|[upkeep]\n|upkeep\n|turn|5\n|\n|t:|1737055484\n|move|p1a: Raging Bolt|Thunderclap|p2b: Hydreigon\n|-resisted|p2b: Hydreigon\n|-damage|p2b: Hydreigon|9\/100\n|move|p2b: Hydreigon|Draco Meteor|p1a: Raging Bolt\n|-damage|p1a: Raging Bolt|0 fnt\n|-unboost|p2b: Hydreigon|spa|2\n|faint|p1a: Raging Bolt\n|-end|p1a: Raging Bolt|Protosynthesis|[silent]\n|move|p1b: Torkoal|Flamethrower|p2b: Hydreigon\n|-resisted|p2b: Hydreigon\n|-damage|p2b: Hydreigon|0 fnt\n|faint|p2b: Hydreigon\n|\n|win|PhilosophyClassAlt\n|raw|PhilosophyClassAlt's rating: 1562 &rarr; <strong>1583<\/strong><br \/>(+21 for winning)\n|raw|Duryodhan's rating: 1573 &rarr; <strong>1552<\/strong><br \/>(-21 for losing)\n|l|\u2606Duryodhan\n|player|p2|\n|l|\u2606PhilosophyClassAlt\n|player|p1|\n","uploadtime":1737055720,"views":38,"formatid":"gen9vgc2025regg","rating":1552,"private":0,"password":null}