{"id":"gen9vgc2025regg-2282591789","format":"[Gen 9] VGC 2025 Reg G","players":["roykeenkennedy","GG=Groudon Gaming"],"log":"|j|\u2606roykeenkennedy\n|j|\u2606GG=Groudon Gaming\n|t:|1737079678\n|gametype|doubles\n|player|p1|roykeenkennedy|alder|1508\n|player|p2|GG=Groudon Gaming|may-masters2|1645\n|teamsize|p1|6\n|teamsize|p2|6\n|gen|9\n|tier|[Gen 9] VGC 2025 Reg G\n|rated|\n|rule|Species Clause: Limit one of each Pok\u00e9mon\n|rule|Item Clause: Limit 1 of each item\n|clearpoke\n|poke|p1|Amoonguss, L50, F|\n|poke|p1|Calyrex-Ice, L50|\n|poke|p1|Annihilape, L50, M|\n|poke|p1|Farigiraf, L50, F|\n|poke|p1|Incineroar, L50, M|\n|poke|p1|Ogerpon-Cornerstone, L50, F|\n|poke|p2|Groudon, L50|\n|poke|p2|Bronzong, L50|\n|poke|p2|Raging Bolt, L50|\n|poke|p2|Flutter Mane, L50|\n|poke|p2|Ogerpon-Cornerstone, L50, F|\n|poke|p2|Gouging Fire, L50|\n|teampreview|4\n|inactive|Battle timer is ON: inactive players will automatically lose when time's up. (requested by GG=Groudon Gaming)\n|inactive|roykeenkennedy has 60 seconds left.\n|\n|t:|1737079722\n|start\n|switch|p1a: Calyrex|Calyrex-Ice, L50|100\/100\n|switch|p1b: Annihilape|Annihilape, L50, M|100\/100\n|switch|p2a: Groudon|Groudon, L50|100\/100\n|switch|p2b: Flutter Mane|Flutter Mane, L50|100\/100\n|-ability|p1a: Calyrex|As One\n|-ability|p1a: Calyrex|Unnerve\n|-weather|SunnyDay|[from] ability: Drought|[of] p2a: Groudon\n|-activate|p2b: Flutter Mane|ability: Protosynthesis\n|-start|p2b: Flutter Mane|protosynthesisspe\n|turn|1\n|\n|t:|1737079747\n|-terastallize|p2a: Groudon|Fire\n|-terastallize|p1a: Calyrex|Water\n|move|p2b: Flutter Mane|Taunt|p1a: Calyrex\n|-start|p1a: Calyrex|move: Taunt\n|move|p1b: Annihilape|Coaching|p1a: Calyrex\n|-boost|p1a: Calyrex|atk|1\n|-boost|p1a: Calyrex|def|1\n|move|p2a: Groudon|Precipice Blades|p1a: Calyrex|[spread] \n|-miss|p2a: Groudon|p1a: Calyrex\n|-miss|p2a: Groudon|p1b: Annihilape\n|cant|p1a: Calyrex|move: Taunt|Trick Room\n|\n|-weather|SunnyDay|[upkeep]\n|upkeep\n|turn|2\n|\n|t:|1737079766\n|move|p2b: Flutter Mane|Dazzling Gleam|p1a: Calyrex|[spread] p1a,p1b\n|-supereffective|p1b: Annihilape\n|-damage|p1a: Calyrex|77\/100\n|-damage|p1b: Annihilape|43\/100\n|move|p1b: Annihilape|Coaching|p1a: Calyrex\n|-boost|p1a: Calyrex|atk|1\n|-boost|p1a: Calyrex|def|1\n|move|p2a: Groudon|Precipice Blades|p1a: Calyrex|[spread] p1a,p1b\n|-damage|p1a: Calyrex|61\/100\n|-damage|p1b: Annihilape|0 fnt\n|faint|p1b: Annihilape\n|move|p1a: Calyrex|High Horsepower|p2a: Groudon\n|-supereffective|p2a: Groudon\n|-damage|p2a: Groudon|0 fnt\n|faint|p2a: Groudon\n|-ability|p1a: Calyrex|Chilling Neigh|boost\n|-boost|p1a: Calyrex|atk|1\n|\n|-weather|SunnyDay|[upkeep]\n|upkeep\n|\n|t:|1737079786\n|switch|p1b: Incineroar|Incineroar, L50, M|100\/100\n|switch|p2a: Raging Bolt|Raging Bolt, L50|100\/100\n|-activate|p2a: Raging Bolt|ability: Protosynthesis\n|-start|p2a: Raging Bolt|protosynthesisspa\n|-ability|p1b: Incineroar|Intimidate|boost\n|-unboost|p2a: Raging Bolt|atk|1\n|-unboost|p2b: Flutter Mane|atk|1\n|turn|3\n|\n|t:|1737079797\n|-end|p2a: Raging Bolt|Protosynthesis|[silent]\n|switch|p2a: Bronzong|Bronzong, L50|100\/100\n|move|p1b: Incineroar|Fake Out|p2a: Bronzong\n|-resisted|p2a: Bronzong\n|-damage|p2a: Bronzong|96\/100\n|move|p2b: Flutter Mane|Dazzling Gleam|p1b: Incineroar|[spread] p1a,p1b\n|-damage|p1a: Calyrex|42\/100\n|-damage|p1b: Incineroar|84\/100\n|move|p1a: Calyrex|Glacial Lance|p2b: Flutter Mane|[spread] p2a,p2b\n|-resisted|p2a: Bronzong\n|-damage|p2a: Bronzong|26\/100\n|-enditem|p2b: Flutter Mane|Focus Sash\n|-damage|p2b: Flutter Mane|1\/100\n|\n|-weather|SunnyDay|[upkeep]\n|-end|p1a: Calyrex|move: Taunt\n|upkeep\n|turn|4\n|\n|t:|1737079820\n|move|p2b: Flutter Mane|Protect|p2b: Flutter Mane\n|-singleturn|p2b: Flutter Mane|Protect\n|move|p1a: Calyrex|Protect|p1a: Calyrex\n|-singleturn|p1a: Calyrex|Protect\n|move|p1b: Incineroar|U-turn|p2a: Bronzong\n|-damage|p2a: Bronzong|6\/100\n|\n|t:|1737079827\n|switch|p1b: Amoonguss|Amoonguss, L50, F|100\/100|[from] U-turn\n|move|p2a: Bronzong|Hypnosis|p1b: Amoonguss\n|-status|p1b: Amoonguss|slp|[from] move: Hypnosis\n|\n|-weather|SunnyDay|[upkeep]\n|upkeep\n|turn|5\n|j| alt+numpad1\n|\n|t:|1737079842\n|move|p2b: Flutter Mane|Dazzling Gleam|p1a: Calyrex|[spread] p1a,p1b\n|-resisted|p1b: Amoonguss\n|-damage|p1a: Calyrex|20\/100\n|-damage|p1b: Amoonguss|88\/100 slp\n|move|p1a: Calyrex|Glacial Lance|p2a: Bronzong|[spread] p2a,p2b\n|-resisted|p2a: Bronzong\n|-damage|p2a: Bronzong|0 fnt\n|-damage|p2b: Flutter Mane|0 fnt\n|faint|p2a: Bronzong\n|faint|p2b: Flutter Mane\n|-end|p2b: Flutter Mane|Protosynthesis|[silent]\n|-ability|p1a: Calyrex|Chilling Neigh|boost\n|-boost|p1a: Calyrex|atk|2\n|cant|p1b: Amoonguss|slp\n|\n|-weather|none\n|upkeep\n|\n|t:|1737079845\n|switch|p2b: Raging Bolt|Raging Bolt, L50|100\/100\n|turn|6\n|\n|t:|1737079860\n|switch|p1b: Incineroar|Incineroar, L50, M|84\/100\n|-ability|p1b: Incineroar|Intimidate|boost\n|-unboost|p2b: Raging Bolt|atk|1\n|move|p1a: Calyrex|Protect|p1a: Calyrex\n|-singleturn|p1a: Calyrex|Protect\n|move|p2b: Raging Bolt|Draco Meteor|p1b: Incineroar\n|-damage|p1b: Incineroar|41\/100\n|-unboost|p2b: Raging Bolt|spa|2\n|\n|upkeep\n|turn|7\n|-message|GG=Groudon Gaming forfeited.\n|\n|win|roykeenkennedy\n|raw|roykeenkennedy's rating: 1508 &rarr; <strong>1536<\/strong><br \/>(+28 for winning)\n|raw|GG=Groudon Gaming's rating: 1645 &rarr; <strong>1617<\/strong><br \/>(-28 for losing)\n|l|\u2606GG=Groudon Gaming\n|player|p2|\n|l|\u2606roykeenkennedy\n|player|p1|\n|l| alt+numpad1\n","uploadtime":1737079875,"views":21,"formatid":"gen9vgc2025regg","rating":1536,"private":0,"password":null}