{"id":"gen9vgc2025regg-2282531600","format":"[Gen 9] VGC 2025 Reg G","players":["RustyChair13","Gene10"],"log":"|j|\u2606RustyChair13\n|j|\u2606Gene10\n|t:|1737071497\n|gametype|doubles\n|player|p1|RustyChair13|scientist-gen4|1600\n|player|p2|Gene10|101|1669\n|teamsize|p1|6\n|teamsize|p2|6\n|gen|9\n|tier|[Gen 9] VGC 2025 Reg G\n|rated|\n|rule|Species Clause: Limit one of each Pok\u00e9mon\n|rule|Item Clause: Limit 1 of each item\n|clearpoke\n|poke|p1|Calyrex-Ice, L50|\n|poke|p1|Urshifu-*, L50, M|\n|poke|p1|Pelipper, L50, F|\n|poke|p1|Amoonguss, L50, M|\n|poke|p1|Iron Valiant, L50|\n|poke|p1|Landorus, L50, M|\n|poke|p2|Calyrex-Ice, L50|\n|poke|p2|Urshifu-*, L50, M|\n|poke|p2|Raging Bolt, L50|\n|poke|p2|Rillaboom, L50, M|\n|poke|p2|Pelipper, L50, M|\n|poke|p2|Farigiraf, L50, F|\n|teampreview|4\n|inactive|Battle timer is ON: inactive players will automatically lose when time's up. (requested by Gene10)\n|\n|t:|1737071522\n|start\n|switch|p1a: Calyrex|Calyrex-Ice, L50|100\/100\n|switch|p1b: Iron Valiant|Iron Valiant, L50, shiny|100\/100\n|switch|p2a: Calyrex|Calyrex-Ice, L50|100\/100\n|switch|p2b: Urshifu|Urshifu-Rapid-Strike, L50, M|100\/100\n|-ability|p2a: Calyrex|As One\n|-ability|p2a: Calyrex|Unnerve\n|-ability|p1a: Calyrex|As One\n|-ability|p1a: Calyrex|Unnerve\n|-enditem|p1b: Iron Valiant|Booster Energy\n|-activate|p1b: Iron Valiant|ability: Quark Drive|[fromitem]\n|-start|p1b: Iron Valiant|quarkdrivespe\n|turn|1\n|\n|t:|1737071540\n|move|p1b: Iron Valiant|Spirit Break|p2b: Urshifu\n|-supereffective|p2b: Urshifu\n|-damage|p2b: Urshifu|31\/100\n|-unboost|p2b: Urshifu|spa|1\n|move|p2b: Urshifu|Surging Strikes|p1b: Iron Valiant\n|-crit|p1b: Iron Valiant\n|-damage|p1b: Iron Valiant|79\/100\n|-crit|p1b: Iron Valiant\n|-damage|p1b: Iron Valiant|57\/100\n|-crit|p1b: Iron Valiant\n|-damage|p1b: Iron Valiant|36\/100\n|-hitcount|p1b: Iron Valiant|3\n|move|p2a: Calyrex|Imprison|p2a: Calyrex\n|-start|p2a: Calyrex|move: Imprison\n|cant|p1a: Calyrex|move: Imprison|High Horsepower\n|\n|upkeep\n|turn|2\n|\n|t:|1737071562\n|switch|p1a: Pelipper|Pelipper, L50, F|100\/100\n|-weather|RainDance|[from] ability: Drizzle|[of] p1a: Pelipper\n|move|p2a: Calyrex|Protect|p2a: Calyrex\n|-singleturn|p2a: Calyrex|Protect\n|move|p1b: Iron Valiant|Spirit Break|p2b: Urshifu\n|-supereffective|p2b: Urshifu\n|-damage|p2b: Urshifu|0 fnt\n|faint|p2b: Urshifu\n|\n|-weather|RainDance|[upkeep]\n|upkeep\n|\n|t:|1737071574\n|switch|p2b: Raging Bolt|Raging Bolt, L50|100\/100\n|-enditem|p2b: Raging Bolt|Booster Energy\n|-activate|p2b: Raging Bolt|ability: Protosynthesis|[fromitem]\n|-start|p2b: Raging Bolt|protosynthesisspa\n|turn|3\n|j| ZaEric\n|\n|t:|1737071584\n|-terastallize|p1a: Pelipper|Grass\n|move|p1b: Iron Valiant|Spirit Break|p2a: Calyrex\n|-damage|p2a: Calyrex|81\/100\n|move|p2b: Raging Bolt|Thunderbolt|p1a: Pelipper\n|-resisted|p1a: Pelipper\n|-damage|p1a: Pelipper|53\/100\n|move|p1a: Pelipper|Weather Ball|p2a: Calyrex\n|-damage|p2a: Calyrex|22\/100\n|-damage|p1a: Pelipper|44\/100|[from] item: Life Orb\n|move|p2a: Calyrex|High Horsepower|p1b: Iron Valiant\n|-damage|p1b: Iron Valiant|0 fnt\n|faint|p1b: Iron Valiant\n|-end|p1b: Iron Valiant|Quark Drive|[silent]\n|-ability|p2a: Calyrex|Chilling Neigh|boost\n|-boost|p2a: Calyrex|atk|1\n|\n|-weather|RainDance|[upkeep]\n|upkeep\n|\n|t:|1737071597\n|switch|p1b: Amoonguss|Amoonguss, L50, M|100\/100\n|turn|4\n|l| ZaEric\n|\n|t:|1737071618\n|move|p2a: Calyrex|Protect|p2a: Calyrex\n|-singleturn|p2a: Calyrex|Protect\n|move|p2b: Raging Bolt|Thunderbolt|p1a: Pelipper\n|-resisted|p1a: Pelipper\n|-damage|p1a: Pelipper|0 fnt\n|faint|p1a: Pelipper\n|move|p1b: Amoonguss|Spore|p2b: Raging Bolt\n|-status|p2b: Raging Bolt|slp|[from] move: Spore\n|\n|-weather|RainDance|[upkeep]\n|upkeep\n|\n|t:|1737071623\n|switch|p1a: Calyrex|Calyrex-Ice, L50|100\/100\n|-ability|p1a: Calyrex|As One\n|-ability|p1a: Calyrex|Unnerve\n|turn|5\n|\n|t:|1737071645\n|-end|p2b: Raging Bolt|Protosynthesis|[silent]\n|switch|p2b: Farigiraf|Farigiraf, L50, F|100\/100\n|move|p2a: Calyrex|Glacial Lance|p1a: Calyrex|[spread] p1a,p1b\n|-resisted|p1a: Calyrex\n|-supereffective|p1b: Amoonguss\n|-damage|p1a: Calyrex|73\/100\n|-damage|p1b: Amoonguss|0 fnt\n|faint|p1b: Amoonguss\n|-ability|p2a: Calyrex|Chilling Neigh|boost\n|-boost|p2a: Calyrex|atk|1\n|move|p1a: Calyrex|Trick Room|p1a: Calyrex\n|-fieldstart|move: Trick Room|[of] p1a: Calyrex\n|\n|-weather|RainDance|[upkeep]\n|upkeep\n|turn|6\n|l|\u2606RustyChair13\n|inactive|RustyChair13 disconnected and has a minute to reconnect!\n|player|p1|\n|inactive|RustyChair13 has 30 seconds left.\n|inactive|RustyChair13 has 20 seconds left.\n|inactive|RustyChair13 has 15 seconds left.\n|inactive|RustyChair13 has 10 seconds left.\n|inactive|RustyChair13 has 5 seconds left.\n|-message|RustyChair13 lost due to inactivity.\n|\n|win|Gene10\n|raw|RustyChair13's rating: 1600 &rarr; <strong>1584<\/strong><br \/>(-16 for losing)\n|raw|Gene10's rating: 1669 &rarr; <strong>1685<\/strong><br \/>(+16 for winning)\n|l|\u2606Gene10\n|player|p2|\n","uploadtime":1737071972,"views":43,"formatid":"gen9vgc2025regg","rating":1584,"private":0,"password":null}