{"id":"gen9vgc2025regg-2282457135","format":"[Gen 9] VGC 2025 Reg G","players":["dnut1","Doc_MrMega"],"log":"|j|\u2606dnut1\n|j|\u2606Doc_MrMega\n|t:|1737062526\n|gametype|doubles\n|player|p1|dnut1|169|1559\n|player|p2|Doc_MrMega|lucas|1609\n|teamsize|p1|6\n|teamsize|p2|6\n|gen|9\n|tier|[Gen 9] VGC 2025 Reg G\n|rated|\n|rule|Species Clause: Limit one of each Pok\u00e9mon\n|rule|Item Clause: Limit 1 of each item\n|clearpoke\n|poke|p1|Calyrex-Shadow, L50|\n|poke|p1|Dondozo, L50, F|\n|poke|p1|Weezing-Galar, L50, M|\n|poke|p1|Tatsugiri-Droopy, L50, F|\n|poke|p1|Roaring Moon, L50|\n|poke|p1|Iron Hands, L50|\n|poke|p2|Kyogre, L50|\n|poke|p2|Tornadus, L50, M|\n|poke|p2|Urshifu-*, L50, M|\n|poke|p2|Basculegion, L50, M|\n|poke|p2|Tsareena, L50, F|\n|poke|p2|Landorus, L50, M|\n|teampreview|4\n|inactive|Battle timer is ON: inactive players will automatically lose when time's up. (requested by Doc_MrMega)\n|inactive|dnut1 has 60 seconds left.\n|\n|t:|1737062578\n|start\n|switch|p1a: Calyrex|Calyrex-Shadow, L50|100\/100\n|switch|p1b: Weezing|Weezing-Galar, L50, M|100\/100\n|switch|p2a: Tornadus|Tornadus, L50, M|100\/100\n|switch|p2b: Kyogre|Kyogre, L50|100\/100\n|-ability|p1a: Calyrex|As One\n|-ability|p1a: Calyrex|Unnerve\n|-ability|p1b: Weezing|Neutralizing Gas\n|turn|1\n|\n|t:|1737062594\n|move|p1a: Calyrex|Astral Barrage|p2b: Kyogre|[spread] p2a,p2b\n|-damage|p2a: Tornadus|18\/100\n|-damage|p2b: Kyogre|62\/100\n|-damage|p1a: Calyrex|91\/100|[from] item: Life Orb\n|move|p2a: Tornadus|Tailwind|p2a: Tornadus\n|-sidestart|p2: Doc_MrMega|move: Tailwind\n|move|p2b: Kyogre|Water Spout|p1a: Calyrex|[spread] p1a,p1b\n|-damage|p1a: Calyrex|50\/100\n|-damage|p1b: Weezing|56\/100\n|move|p1b: Weezing|Poison Gas|p2b: Kyogre|[spread] p2a\n|-miss|p1b: Weezing|p2b: Kyogre\n|-status|p2a: Tornadus|psn\n|\n|-damage|p2a: Tornadus|6\/100 psn|[from] psn\n|upkeep\n|turn|2\n|\n|t:|1737062613\n|move|p1a: Calyrex|Protect|p1a: Calyrex\n|-singleturn|p1a: Calyrex|Protect\n|move|p1b: Weezing|Protect|p1b: Weezing\n|-singleturn|p1b: Weezing|Protect\n|move|p2a: Tornadus|Bleakwind Storm|p1a: Calyrex|[spread] \n|-activate|p1a: Calyrex|move: Protect\n|-activate|p1b: Weezing|move: Protect\n|move|p2b: Kyogre|Origin Pulse|p1b: Weezing|[spread] \n|-activate|p1a: Calyrex|move: Protect\n|-activate|p1b: Weezing|move: Protect\n|\n|-damage|p2a: Tornadus|0 fnt|[from] psn\n|faint|p2a: Tornadus\n|upkeep\n|\n|t:|1737062625\n|switch|p2a: Urshifu|Urshifu-Rapid-Strike, L50, M|100\/100\n|turn|3\n|\n|t:|1737062633\n|switch|p1a: Tatsugiri|Tatsugiri-Droopy, L50, F|100\/100\n|-end|p1b: Weezing|ability: Neutralizing Gas\n|-weather|RainDance|[from] ability: Drizzle|[of] p2b: Kyogre\n|switch|p1b: Dondozo|Dondozo, L50, F|100\/100\n|-activate|p1a: Tatsugiri|ability: Commander|[of] p1b: Dondozo\n|-boost|p1b: Dondozo|atk|2\n|-boost|p1b: Dondozo|spa|2\n|-boost|p1b: Dondozo|spe|2\n|-boost|p1b: Dondozo|def|2\n|-boost|p1b: Dondozo|spd|2\n|move|p2a: Urshifu|Surging Strikes|p1b: Dondozo\n|-resisted|p1b: Dondozo\n|-crit|p1b: Dondozo\n|-damage|p1b: Dondozo|87\/100\n|-resisted|p1b: Dondozo\n|-crit|p1b: Dondozo\n|-damage|p1b: Dondozo|75\/100\n|-resisted|p1b: Dondozo\n|-crit|p1b: Dondozo\n|-damage|p1b: Dondozo|63\/100\n|-hitcount|p1b: Dondozo|3\n|move|p2b: Kyogre|Water Spout|p1b: Dondozo|[spread] p1b\n|-miss|p2b: Kyogre|p1a: Tatsugiri\n|-resisted|p1b: Dondozo\n|-damage|p1b: Dondozo|48\/100\n|\n|-weather|RainDance|[upkeep]\n|-heal|p1b: Dondozo|54\/100|[from] item: Leftovers\n|upkeep\n|turn|4\n|\n|t:|1737062654\n|move|p2a: Urshifu|Surging Strikes|p1b: Dondozo\n|-resisted|p1b: Dondozo\n|-crit|p1b: Dondozo\n|-damage|p1b: Dondozo|41\/100\n|-resisted|p1b: Dondozo\n|-crit|p1b: Dondozo\n|-damage|p1b: Dondozo|28\/100\n|-resisted|p1b: Dondozo\n|-crit|p1b: Dondozo\n|-damage|p1b: Dondozo|15\/100\n|-hitcount|p1b: Dondozo|3\n|move|p2b: Kyogre|Thunder|p1b: Dondozo\n|-supereffective|p1b: Dondozo\n|-crit|p1b: Dondozo\n|-damage|p1b: Dondozo|0 fnt\n|faint|p1b: Dondozo\n|\n|-weather|RainDance|[upkeep]\n|-sideend|p2: Doc_MrMega|move: Tailwind\n|upkeep\n|\n|t:|1737062668\n|switch|p1b: Weezing|Weezing-Galar, L50, M|56\/100\n|-ability|p1b: Weezing|Neutralizing Gas\n|turn|5\n|\n|t:|1737062684\n|-terastallize|p1a: Tatsugiri|Stellar\n|move|p1b: Weezing|Protect|p1b: Weezing\n|-singleturn|p1b: Weezing|Protect\n|move|p2a: Urshifu|Surging Strikes|p1b: Weezing\n|-activate|p1b: Weezing|move: Protect\n|move|p1a: Tatsugiri|Muddy Water|p2a: Urshifu|[spread] p2a,p2b\n|-resisted|p2a: Urshifu\n|-resisted|p2b: Kyogre\n|-damage|p2a: Urshifu|45\/100\n|-damage|p2b: Kyogre|41\/100\n|-unboost|p2b: Kyogre|accuracy|1\n|move|p2b: Kyogre|Origin Pulse|p1a: Tatsugiri|[spread] \n|-activate|p1b: Weezing|move: Protect\n|-miss|p2b: Kyogre|p1a: Tatsugiri\n|\n|-weather|RainDance|[upkeep]\n|upkeep\n|turn|6\n|inactive|dnut1 has 30 seconds left.\n|\n|t:|1737062709\n|move|p2a: Urshifu|Surging Strikes|p1b: Weezing\n|-crit|p1b: Weezing\n|-damage|p1b: Weezing|18\/100\n|-crit|p1b: Weezing\n|-damage|p1b: Weezing|0 fnt\n|faint|p1b: Weezing\n|-end|p1b: Weezing|ability: Neutralizing Gas\n|-hitcount|p1: Weezing|2\n|move|p1a: Tatsugiri|Muddy Water|p2b: Kyogre|[spread] p2a,p2b\n|-resisted|p2a: Urshifu\n|-resisted|p2b: Kyogre\n|-damage|p2a: Urshifu|3\/100\n|-damage|p2b: Kyogre|28\/100\n|move|p2b: Kyogre|Thunder|p1a: Tatsugiri\n|-damage|p1a: Tatsugiri|44\/100\n|\n|-weather|RainDance|[upkeep]\n|upkeep\n|\n|t:|1737062724\n|switch|p1b: Calyrex|Calyrex-Shadow, L50|50\/100\n|-ability|p1b: Calyrex|As One\n|-ability|p1b: Calyrex|Unnerve\n|turn|7\n|inactive|Doc_MrMega has 30 seconds left.\n|\n|t:|1737062753\n|move|p1b: Calyrex|Astral Barrage|p2b: Kyogre|[spread] p2a,p2b\n|-crit|p2b: Kyogre\n|-damage|p2a: Urshifu|0 fnt\n|-damage|p2b: Kyogre|0 fnt\n|faint|p2a: Urshifu\n|faint|p2b: Kyogre\n|-ability|p1b: Calyrex|Grim Neigh|boost\n|-boost|p1b: Calyrex|spa|2\n|-damage|p1b: Calyrex|40\/100|[from] item: Life Orb\n|move|p1a: Tatsugiri|Muddy Water|p2: Urshifu|[notarget]\n|-fail|p1a: Tatsugiri\n|\n|-weather|none\n|upkeep\n|j| Rareasfukk\n|\n|t:|1737062758\n|switch|p2a: Basculegion|Basculegion, L50, M|100\/100\n|turn|8\n|\n|t:|1737062769\n|-terastallize|p2a: Basculegion|Grass\n|move|p2a: Basculegion|Aqua Jet|p1b: Calyrex\n|-damage|p1b: Calyrex|9\/100\n|-damage|p2a: Basculegion|91\/100|[from] item: Life Orb\n|move|p1b: Calyrex|Psychic|p2a: Basculegion\n|-damage|p2a: Basculegion|0 fnt\n|faint|p2a: Basculegion\n|-damage|p1b: Calyrex|0 fnt|[from] item: Life Orb\n|faint|p1b: Calyrex\n|\n|win|dnut1\n|raw|dnut1's rating: 1559 &rarr; <strong>1582<\/strong><br \/>(+23 for winning)\n|raw|Doc_MrMega's rating: 1609 &rarr; <strong>1586<\/strong><br \/>(-23 for losing)\n|j| lucygraybairdpt2\n|l| lucygraybairdpt2\n|l|\u2606Doc_MrMega\n|player|p2|\n|l|\u2606dnut1\n|player|p1|\n","uploadtime":1737062990,"views":16,"formatid":"gen9vgc2025regg","rating":1582,"private":0,"password":null}