{"id":"gen9vgc2025regg-2282868988","format":"[Gen 9] VGC 2025 Reg G","players":["chuanOVO","ZTMY ENCORE"],"log":"|j|\u2606chuanOVO\n|j|\u2606ZTMY ENCORE\n|t:|1737124822\n|gametype|doubles\n|player|p1|chuanOVO|n|1567\n|player|p2|ZTMY ENCORE|169|1791\n|teamsize|p1|6\n|teamsize|p2|6\n|gen|9\n|tier|[Gen 9] VGC 2025 Reg G\n|rated|\n|rule|Species Clause: Limit one of each Pok\u00e9mon\n|rule|Item Clause: Limit 1 of each item\n|clearpoke\n|poke|p1|Calyrex-Ice, L50|\n|poke|p1|Smeargle, L50, M|\n|poke|p1|Ursaluna-Bloodmoon, L50, M|\n|poke|p1|Urshifu-*, L50, M|\n|poke|p1|Ogerpon-Wellspring, L50, F|\n|poke|p1|Annihilape, L50, M|\n|poke|p2|Terapagos, L50, M|\n|poke|p2|Smeargle, L50, M|\n|poke|p2|Tornadus, L50, M|\n|poke|p2|Ogerpon-Hearthflame, L50, F|\n|poke|p2|Dondozo, L50, F|\n|poke|p2|Tatsugiri-Stretchy, L50, M|\n|teampreview|4\n|inactive|Battle timer is ON: inactive players will automatically lose when time's up. (requested by chuanOVO)\n|\n|t:|1737124857\n|start\n|switch|p1a: Ogerpon|Ogerpon-Wellspring, L50, F|100\/100\n|switch|p1b: Calyrex|Calyrex-Ice, L50|100\/100\n|switch|p2a: Dondozo|Dondozo, L50, F|100\/100\n|switch|p2b: Smeargle|Smeargle, L50, M|100\/100\n|-ability|p1b: Calyrex|As One\n|-ability|p1b: Calyrex|Unnerve\n|turn|1\n|inactive|chuanOVO has 30 seconds left.\n|inactive|ZTMY ENCORE has 30 seconds left.\n|inactive|ZTMY ENCORE has 20 seconds left.\n|inactive|ZTMY ENCORE has 15 seconds left.\n|inactive|ZTMY ENCORE has 10 seconds left.\n|\n|t:|1737124903\n|switch|p2b: Tatsugiri|Tatsugiri-Stretchy, L50, M|100\/100\n|-activate|p2b: Tatsugiri|ability: Commander|[of] p2a: Dondozo\n|-boost|p2a: Dondozo|atk|2\n|-boost|p2a: Dondozo|spa|2\n|-boost|p2a: Dondozo|spe|2\n|-boost|p2a: Dondozo|def|2\n|-boost|p2a: Dondozo|spd|2\n|move|p2a: Dondozo|Order Up|p1a: Ogerpon\n|-damage|p1a: Ogerpon|47\/100\n|-boost|p2a: Dondozo|spe|1\n|move|p1a: Ogerpon|Taunt|p2b: Tatsugiri|[miss]\n|-miss|p1a: Ogerpon|p2b: Tatsugiri\n|move|p1b: Calyrex|Glacial Lance|p2b: Tatsugiri|[spread] p2a\n|-miss|p1b: Calyrex|p2b: Tatsugiri\n|-resisted|p2a: Dondozo\n|-damage|p2a: Dondozo|91\/100\n|\n|-heal|p2a: Dondozo|97\/100|[from] item: Leftovers\n|upkeep\n|turn|2\n|inactive|chuanOVO has 30 seconds left.\n|inactive|ZTMY ENCORE has 30 seconds left.\n|\n|t:|1737124931\n|switch|p1a: Urshifu|Urshifu, L50, M|100\/100\n|move|p2a: Dondozo|Wave Crash|p1b: Calyrex\n|-damage|p1b: Calyrex|28\/100\n|-enditem|p1b: Calyrex|Sitrus Berry|[eat]\n|-heal|p1b: Calyrex|53\/100|[from] item: Sitrus Berry\n|-damage|p2a: Dondozo|76\/100|[from] Recoil\n|move|p1b: Calyrex|Trick Room|p1b: Calyrex\n|-fieldstart|move: Trick Room|[of] p1b: Calyrex\n|\n|-heal|p2a: Dondozo|82\/100|[from] item: Leftovers\n|upkeep\n|turn|3\n|inactive|ZTMY ENCORE has 30 seconds left.\n|inactive|ZTMY ENCORE has 20 seconds left.\n|\n|t:|1737124970\n|switch|p1b: Smeargle|Smeargle, L50, M, shiny|100\/100\n|-terastallize|p1a: Urshifu|Ghost\n|move|p1a: Urshifu|Wicked Blow|p2a: Dondozo\n|-crit|p2a: Dondozo\n|-damage|p2a: Dondozo|13\/100\n|move|p2a: Dondozo|Wave Crash|p1a: Urshifu\n|-damage|p1a: Urshifu|0 fnt\n|faint|p1a: Urshifu\n|-damage|p2a: Dondozo|0 fnt|[from] Recoil\n|faint|p2a: Dondozo\n|\n|upkeep\n|j| mpudi\n|\n|t:|1737124984\n|switch|p2a: Smeargle|Smeargle, L50, M|100\/100\n|switch|p1a: Calyrex|Calyrex-Ice, L50|53\/100\n|-ability|p1a: Calyrex|As One\n|-ability|p1a: Calyrex|Unnerve\n|turn|4\n|inactive|ZTMY ENCORE has 30 seconds left.\n|\n|t:|1737125017\n|-terastallize|p2b: Tatsugiri|Steel\n|move|p2a: Smeargle|Fake Out|p1a: Calyrex\n|-damage|p1a: Calyrex|50\/100\n|move|p1b: Smeargle|Spore|p2a: Smeargle\n|-status|p2a: Smeargle|slp|[from] move: Spore\n|cant|p1a: Calyrex|flinch\n|move|p2b: Tatsugiri|Draco Meteor|p1a: Calyrex\n|-damage|p1a: Calyrex|4\/100\n|-unboost|p2b: Tatsugiri|spa|2\n|\n|-ability|p2a: Smeargle|Moody|boost\n|-boost|p2a: Smeargle|spe|2\n|-unboost|p2a: Smeargle|spd|1\n|upkeep\n|turn|5\n|inactive|ZTMY ENCORE has 30 seconds left.\n|\n|t:|1737125045\n|move|p1b: Smeargle|Spore|p2b: Tatsugiri\n|-status|p2b: Tatsugiri|slp|[from] move: Spore\n|move|p1a: Calyrex|Glacial Lance|p2b: Tatsugiri|[spread] p2a,p2b\n|-resisted|p2b: Tatsugiri\n|-enditem|p2a: Smeargle|Focus Sash\n|-damage|p2a: Smeargle|1\/100 slp\n|-damage|p2b: Tatsugiri|44\/100 slp\n|cant|p2b: Tatsugiri|slp\n|cant|p2a: Smeargle|slp\n|\n|-ability|p2a: Smeargle|Moody|boost\n|-boost|p2a: Smeargle|spd|2\n|-unboost|p2a: Smeargle|spe|1\n|upkeep\n|turn|6\n|inactive|ZTMY ENCORE has 30 seconds left.\n|\n|t:|1737125076\n|switch|p2b: Terapagos|Terapagos, L50, M|100\/100\n|-activate|p2b: Terapagos|ability: Tera Shift\n|detailschange|p2b: Terapagos|Terapagos-Terastal, L50, M\n|-heal|p2b: Terapagos|100\/100|[silent]\n|cant|p2a: Smeargle|slp\n|move|p1b: Smeargle|Decorate|p1a: Calyrex\n|-boost|p1a: Calyrex|atk|2\n|-boost|p1a: Calyrex|spa|2\n|move|p1a: Calyrex|Glacial Lance|p2a: Smeargle|[spread] p2a,p2b\n|-activate|p2b: Terapagos|ability: Tera Shell\n|-resisted|p2b: Terapagos\n|-damage|p2a: Smeargle|0 fnt\n|-damage|p2b: Terapagos|47\/100\n|faint|p2a: Smeargle\n|-ability|p1a: Calyrex|Chilling Neigh|boost\n|-boost|p1a: Calyrex|atk|1\n|\n|-fieldend|move: Trick Room\n|upkeep\n|\n|t:|1737125094\n|switch|p2a: Tatsugiri|Tatsugiri-Stretchy, L50, M, tera:Steel|44\/100 slp\n|turn|7\n|inactive|ZTMY ENCORE has 30 seconds left.\n|inactive|ZTMY ENCORE has 20 seconds left.\n|\n|t:|1737125130\n|move|p1b: Smeargle|Follow Me|p1b: Smeargle\n|-singleturn|p1b: Smeargle|move: Follow Me\n|cant|p2a: Tatsugiri|slp\n|move|p2a: Tatsugiri|Sleep Talk|p2a: Tatsugiri\n|move|p2a: Tatsugiri|Muddy Water|p1a: Calyrex|[from] move: Sleep Talk|[spread] p1b\n|-miss|p2a: Tatsugiri|p1a: Calyrex\n|-damage|p1b: Smeargle|34\/100\n|move|p2b: Terapagos|Tera Starstorm|p1b: Smeargle\n|-damage|p1b: Smeargle|0 fnt\n|faint|p1b: Smeargle\n|move|p1a: Calyrex|Glacial Lance|p2b: Terapagos|[spread] p2a,p2b\n|-resisted|p2a: Tatsugiri\n|-damage|p2a: Tatsugiri|0 fnt\n|-damage|p2b: Terapagos|0 fnt\n|faint|p2a: Tatsugiri\n|faint|p2b: Terapagos\n|\n|win|chuanOVO\n|raw|chuanOVO's rating: 1567 &rarr; <strong>1598<\/strong><br \/>(+31 for winning)\n|raw|ZTMY ENCORE's rating: 1791 &rarr; <strong>1760<\/strong><br \/>(-31 for losing)\n|l|\u2606ZTMY ENCORE\n|player|p2|\n|l|\u2606chuanOVO\n|player|p1|\n","uploadtime":1737125391,"views":40,"formatid":"gen9vgc2025regg","rating":1598,"private":0,"password":null}