{"id":"gen9vgc2025regg-2282888841","format":"[Gen 9] VGC 2025 Reg G","players":["Gene10","ZTMY ENCORE"],"log":"|j|\u2606Gene10\n|j|\u2606ZTMY ENCORE\n|t:|1737126995\n|gametype|doubles\n|player|p1|Gene10|2|1593\n|player|p2|ZTMY ENCORE|169|1687\n|teamsize|p1|6\n|teamsize|p2|6\n|gen|9\n|tier|[Gen 9] VGC 2025 Reg G\n|rated|\n|rule|Species Clause: Limit one of each Pok\u00e9mon\n|rule|Item Clause: Limit 1 of each item\n|clearpoke\n|poke|p1|Calyrex-Ice, L50|\n|poke|p1|Urshifu-*, L50, F|\n|poke|p1|Raging Bolt, L50|\n|poke|p1|Rillaboom, L50, F|\n|poke|p1|Pelipper, L50, F|\n|poke|p1|Farigiraf, L50, M|\n|poke|p2|Terapagos, L50, M|\n|poke|p2|Smeargle, L50, F|\n|poke|p2|Tornadus, L50, M|\n|poke|p2|Ogerpon-Hearthflame, L50, F|\n|poke|p2|Dondozo, L50, F|\n|poke|p2|Tatsugiri-Stretchy, L50, M|\n|teampreview|4\n|inactive|Battle timer is ON: inactive players will automatically lose when time's up. (requested by Gene10)\n|inactive|Gene10 has 60 seconds left.\n|\n|t:|1737127025\n|start\n|switch|p1a: Urshifu|Urshifu-Rapid-Strike, L50, F|100\/100\n|switch|p1b: Raging Bolt|Raging Bolt, L50|100\/100\n|switch|p2a: Terapagos|Terapagos, L50, M|100\/100\n|switch|p2b: Smeargle|Smeargle, L50, F|100\/100\n|-activate|p2a: Terapagos|ability: Tera Shift\n|detailschange|p2a: Terapagos|Terapagos-Terastal, L50, M\n|-heal|p2a: Terapagos|100\/100|[silent]\n|-enditem|p1b: Raging Bolt|Booster Energy\n|-activate|p1b: Raging Bolt|ability: Protosynthesis|[fromitem]\n|-start|p1b: Raging Bolt|protosynthesisspa\n|turn|1\n|inactive|ZTMY ENCORE has 30 seconds left.\n|\n|t:|1737127058\n|move|p2b: Smeargle|Fake Out|p1a: Urshifu\n|-damage|p1a: Urshifu|95\/100\n|cant|p1a: Urshifu|flinch\n|move|p1b: Raging Bolt|Thunderbolt|p2a: Terapagos\n|-activate|p2a: Terapagos|ability: Tera Shell\n|-resisted|p2a: Terapagos\n|-damage|p2a: Terapagos|67\/100\n|-status|p2a: Terapagos|par\n|move|p2a: Terapagos|Tera Starstorm|p1b: Raging Bolt\n|-damage|p1b: Raging Bolt|18\/100\n|\n|-ability|p2b: Smeargle|Moody|boost\n|-boost|p2b: Smeargle|spe|2\n|-unboost|p2b: Smeargle|def|1\n|upkeep\n|turn|2\n|j| kiabu233\n|\n|t:|1737127076\n|switch|p2a: Dondozo|Dondozo, L50, F|100\/100\n|move|p2b: Smeargle|Spore|p1b: Raging Bolt\n|-status|p1b: Raging Bolt|slp|[from] move: Spore\n|move|p1a: Urshifu|U-turn|p2a: Dondozo\n|-damage|p2a: Dondozo|81\/100\n|\n|t:|1737127085\n|switch|p1a: Farigiraf|Farigiraf, L50, M|100\/100|[from] U-turn\n|cant|p1b: Raging Bolt|slp\n|\n|-heal|p2a: Dondozo|87\/100|[from] item: Leftovers\n|-ability|p2b: Smeargle|Moody|boost\n|-boost|p2b: Smeargle|spd|2\n|-unboost|p2b: Smeargle|spe|1\n|upkeep\n|turn|3\n|\n|t:|1737127103\n|move|p2a: Dondozo|Protect|p2a: Dondozo\n|-singleturn|p2a: Dondozo|Protect\n|move|p2b: Smeargle|Decorate|p2a: Dondozo\n|-boost|p2a: Dondozo|atk|2\n|-boost|p2a: Dondozo|spa|2\n|cant|p1b: Raging Bolt|slp\n|move|p1a: Farigiraf|Psychic|p2b: Smeargle\n|-damage|p2b: Smeargle|50\/100\n|\n|-heal|p2a: Dondozo|93\/100|[from] item: Leftovers\n|-ability|p2b: Smeargle|Moody|boost\n|-boost|p2b: Smeargle|spe|2\n|-unboost|p2b: Smeargle|def|1\n|upkeep\n|turn|4\n|inactive|ZTMY ENCORE has 30 seconds left.\n|inactive|ZTMY ENCORE has 20 seconds left.\n|\n|t:|1737127142\n|move|p2b: Smeargle|Follow Me|p2b: Smeargle\n|-singleturn|p2b: Smeargle|move: Follow Me\n|-curestatus|p1b: Raging Bolt|slp|[msg]\n|move|p1b: Raging Bolt|Thunderclap||[still]\n|-fail|p1b: Raging Bolt\n|move|p2a: Dondozo|Order Up|p1b: Raging Bolt\n|-supereffective|p1b: Raging Bolt\n|-damage|p1b: Raging Bolt|0 fnt\n|faint|p1b: Raging Bolt\n|-end|p1b: Raging Bolt|Protosynthesis|[silent]\n|move|p1a: Farigiraf|Psychic|p2b: Smeargle\n|-damage|p2b: Smeargle|4\/100\n|\n|-heal|p2a: Dondozo|99\/100|[from] item: Leftovers\n|-ability|p2b: Smeargle|Moody|boost\n|-boost|p2b: Smeargle|def|2\n|-unboost|p2b: Smeargle|atk|1\n|upkeep\n|\n|t:|1737127155\n|switch|p1b: Urshifu|Urshifu-Rapid-Strike, L50, F|95\/100\n|turn|5\n|\n|t:|1737127161\n|switch|p2b: Tatsugiri|Tatsugiri-Stretchy, L50, M|100\/100\n|-activate|p2b: Tatsugiri|ability: Commander|[of] p2a: Dondozo\n|-boost|p2a: Dondozo|atk|2\n|-boost|p2a: Dondozo|spa|2\n|-boost|p2a: Dondozo|spe|2\n|-boost|p2a: Dondozo|def|2\n|-boost|p2a: Dondozo|spd|2\n|move|p1b: Urshifu|U-turn|p2b: Tatsugiri|[miss]\n|-miss|p1b: Urshifu|p2b: Tatsugiri\n|move|p2a: Dondozo|Earthquake|p1b: Urshifu|[spread] p1a,p1b\n|-miss|p2a: Dondozo|p2b: Tatsugiri\n|-damage|p1a: Farigiraf|37\/100\n|-damage|p1b: Urshifu|16\/100\n|-enditem|p1a: Farigiraf|Sitrus Berry|[eat]\n|-heal|p1a: Farigiraf|62\/100|[from] item: Sitrus Berry\n|move|p1a: Farigiraf|Foul Play|p2a: Dondozo\n|-damage|p2a: Dondozo|89\/100\n|\n|-heal|p2a: Dondozo|95\/100|[from] item: Leftovers\n|upkeep\n|turn|6\n|-message|Gene10 forfeited.\n|\n|win|ZTMY ENCORE\n|raw|Gene10's rating: 1593 &rarr; <strong>1578<\/strong><br \/>(-15 for losing)\n|raw|ZTMY ENCORE's rating: 1687 &rarr; <strong>1702<\/strong><br \/>(+15 for winning)\n|l|\u2606Gene10\n|player|p1|\n|l|\u2606ZTMY ENCORE\n|player|p2|\n","uploadtime":1737127313,"views":27,"formatid":"gen9vgc2025regg","rating":1578,"private":0,"password":null}