{"id":"gen9vgc2025regg-2282191568","format":"[Gen 9] VGC 2025 Reg G","players":["Onemagician4496","Benjojos"],"log":"|j|\u2606Onemagician4496\n|j|\u2606Benjojos\n|t:|1737034790\n|gametype|doubles\n|player|p1|Onemagician4496|ethan|1571\n|player|p2|Benjojos|169|1561\n|teamsize|p1|6\n|teamsize|p2|6\n|gen|9\n|tier|[Gen 9] VGC 2025 Reg G\n|rated|\n|rule|Species Clause: Limit one of each Pok\u00e9mon\n|rule|Item Clause: Limit 1 of each item\n|clearpoke\n|poke|p1|Koraidon, L50|\n|poke|p1|Raging Bolt, L50|\n|poke|p1|Ogerpon-Cornerstone, L50, F|\n|poke|p1|Flutter Mane, L50|\n|poke|p1|Ditto, L50|\n|poke|p1|Chi-Yu, L50|\n|poke|p2|Kyogre, L50|\n|poke|p2|Tsareena, L50, F|\n|poke|p2|Tornadus, L50, M|\n|poke|p2|Archaludon, L50, M|\n|poke|p2|Electabuzz, L50, F|\n|poke|p2|Grimmsnarl, L50, M|\n|teampreview|4\n|inactive|Battle timer is ON: inactive players will automatically lose when time's up. (requested by Benjojos)\n|inactive|Onemagician4496 has 60 seconds left.\n|inactive|Benjojos has 60 seconds left.\n|\n|t:|1737034835\n|start\n|switch|p1a: Raging Bolt|Raging Bolt, L50|100\/100\n|switch|p1b: Ogerpon|Ogerpon-Cornerstone, L50, F|100\/100\n|switch|p2a: Tornadus|Tornadus, L50, M|100\/100\n|switch|p2b: Grimmsnarl|Grimmsnarl, L50, M|100\/100\n|turn|1\n|inactive|Benjojos has 30 seconds left.\n|\n|t:|1737034861\n|move|p2a: Tornadus|Tailwind|p2a: Tornadus\n|-sidestart|p2: Benjojos|move: Tailwind\n|move|p1b: Ogerpon|Ivy Cudgel|p2a: Tornadus|[anim] Ivy Cudgel Rock\n|-supereffective|p2a: Tornadus\n|-crit|p2a: Tornadus\n|-enditem|p2a: Tornadus|Focus Sash\n|-damage|p2a: Tornadus|1\/100\n|move|p2b: Grimmsnarl|Spirit Break|p1a: Raging Bolt\n|-supereffective|p1a: Raging Bolt\n|-damage|p1a: Raging Bolt|36\/100\n|-unboost|p1a: Raging Bolt|spa|1\n|move|p1a: Raging Bolt|Thunderbolt|p2b: Grimmsnarl\n|-damage|p2b: Grimmsnarl|75\/100\n|\n|upkeep\n|turn|2\n|inactive|Benjojos has 30 seconds left.\n|inactive|Onemagician4496 has 30 seconds left.\n|inactive|Benjojos has 20 seconds left.\n|\n|t:|1737034898\n|move|p2a: Tornadus|Protect|p2a: Tornadus\n|-singleturn|p2a: Tornadus|Protect\n|move|p1a: Raging Bolt|Thunderclap||[still]\n|-fail|p1a: Raging Bolt\n|move|p1b: Ogerpon|Ivy Cudgel|p2b: Grimmsnarl|[anim] Ivy Cudgel Rock\n|-damage|p2b: Grimmsnarl|4\/100\n|move|p2b: Grimmsnarl|Spirit Break|p1a: Raging Bolt\n|-supereffective|p1a: Raging Bolt\n|-damage|p1a: Raging Bolt|0 fnt\n|faint|p1a: Raging Bolt\n|-end|p1a: Raging Bolt|Protosynthesis|[silent]\n|\n|upkeep\n|j| LULRed\n|\n|t:|1737034910\n|switch|p1a: Flutter Mane|Flutter Mane, L50|100\/100\n|-enditem|p1a: Flutter Mane|Booster Energy\n|-activate|p1a: Flutter Mane|ability: Protosynthesis|[fromitem]\n|-start|p1a: Flutter Mane|protosynthesisspe\n|turn|3\n|\n|t:|1737034917\n|move|p1b: Ogerpon|Spiky Shield|p1b: Ogerpon\n|-singleturn|p1b: Ogerpon|move: Protect\n|move|p2b: Grimmsnarl|Sucker Punch|p1a: Flutter Mane\n|-damage|p1a: Flutter Mane|50\/100\n|move|p2a: Tornadus|Bleakwind Storm|p1a: Flutter Mane|[spread] p1a\n|-activate|p1b: Ogerpon|move: Protect\n|-damage|p1a: Flutter Mane|16\/100\n|-unboost|p1a: Flutter Mane|spe|1\n|move|p1a: Flutter Mane|Icy Wind|p2a: Tornadus|[spread] p2a,p2b\n|-supereffective|p2a: Tornadus\n|-damage|p2a: Tornadus|0 fnt\n|-damage|p2b: Grimmsnarl|0 fnt\n|faint|p2a: Tornadus\n|faint|p2b: Grimmsnarl\n|\n|upkeep\n|j| sof.eir\n|\n|t:|1737034927\n|switch|p2a: Tsareena|Tsareena, L50, F, shiny|100\/100\n|switch|p2b: Kyogre|Kyogre, L50, shiny|100\/100\n|-weather|RainDance|[from] ability: Drizzle|[of] p2b: Kyogre\n|turn|4\n|l|\u2606Onemagician4496\n|inactive|Onemagician4496 disconnected and has a minute to reconnect!\n|player|p1|\n|j|\u2606Onemagician4496\n|inactive|Onemagician4496 reconnected and has 50 seconds left.\n|player|p1|Onemagician4496|ethan|\n|inactive|Onemagician4496 has 30 seconds left.\n|\n|t:|1737034959\n|switch|p1b: Koraidon|Koraidon, L50|100\/100\n|-weather|SunnyDay|[from] ability: Orichalcum Pulse|[of] p1b: Koraidon\n|-activate|p1b: Koraidon|Orichalcum Pulse|[source]\n|-terastallize|p2b: Kyogre|Water\n|move|p1a: Flutter Mane|Protect|p1a: Flutter Mane\n|-singleturn|p1a: Flutter Mane|Protect\n|move|p2b: Kyogre|Water Spout|p1b: Koraidon|[spread] p1b\n|-activate|p1a: Flutter Mane|move: Protect\n|-resisted|p1b: Koraidon\n|-damage|p1b: Koraidon|81\/100\n|move|p2a: Tsareena|Triple Axel|p1b: Koraidon\n|-supereffective|p1b: Koraidon\n|-damage|p1b: Koraidon|70\/100\n|-supereffective|p1b: Koraidon\n|-damage|p1b: Koraidon|46\/100\n|-supereffective|p1b: Koraidon\n|-damage|p1b: Koraidon|16\/100\n|-hitcount|p1b: Koraidon|3\n|\n|-weather|SunnyDay|[upkeep]\n|-sideend|p2: Benjojos|move: Tailwind\n|upkeep\n|turn|5\n|\n|t:|1737034981\n|move|p2a: Tsareena|Helping Hand|p2b: Kyogre\n|-singleturn|p2b: Kyogre|Helping Hand|[of] p2a: Tsareena\n|move|p2b: Kyogre|Water Spout|p1a: Flutter Mane|[spread] p1a,p1b\n|-resisted|p1b: Koraidon\n|-damage|p1a: Flutter Mane|0 fnt\n|-damage|p1b: Koraidon|0 fnt\n|faint|p1a: Flutter Mane\n|-end|p1a: Flutter Mane|Protosynthesis|[silent]\n|faint|p1b: Koraidon\n|\n|-weather|SunnyDay|[upkeep]\n|upkeep\n|\n|t:|1737034986\n|switch|p1b: Ogerpon|Ogerpon-Cornerstone, L50, F|100\/100\n|turn|6\n|l|\u2606Onemagician4496\n|inactive|Onemagician4496 disconnected and has a minute to reconnect!\n|player|p1|\n|inactive|Onemagician4496 has 30 seconds left.\n|inactive|Onemagician4496 has 20 seconds left.\n|inactive|Onemagician4496 has 15 seconds left.\n|inactive|Onemagician4496 has 10 seconds left.\n|inactive|Onemagician4496 has 5 seconds left.\n|-message|Onemagician4496 lost due to inactivity.\n|\n|win|Benjojos\n|raw|Onemagician4496's rating: 1571 &rarr; <strong>1550<\/strong><br \/>(-21 for losing)\n|raw|Benjojos's rating: 1561 &rarr; <strong>1582<\/strong><br \/>(+21 for winning)\n|l|\u2606Benjojos\n|player|p2|\n|l| LULRed\n","uploadtime":1737035256,"views":17,"formatid":"gen9vgc2025regg","rating":1550,"private":0,"password":null}