{"id":"gen9vgc2025regg-2282846878","format":"[Gen 9] VGC 2025 Reg G","players":["chuanOVO","LuixenS"],"log":"|j|\u2606chuanOVO\n|j|\u2606LuixenS\n|t:|1737122236\n|gametype|doubles\n|player|p1|chuanOVO|n|1608\n|player|p2|LuixenS|nemona-s|1540\n|teamsize|p1|6\n|teamsize|p2|6\n|gen|9\n|tier|[Gen 9] VGC 2025 Reg G\n|rated|\n|rule|Species Clause: Limit one of each Pok\u00e9mon\n|rule|Item Clause: Limit 1 of each item\n|clearpoke\n|poke|p1|Calyrex-Ice, L50|\n|poke|p1|Farigiraf, L50, M|\n|poke|p1|Regidrago, L50|\n|poke|p1|Rillaboom, L50, M|\n|poke|p1|Urshifu-*, L50, M|\n|poke|p1|Chi-Yu, L50|\n|poke|p2|Terapagos, L50, M|\n|poke|p2|Incineroar, L50, M|\n|poke|p2|Rillaboom, L50, F|\n|poke|p2|Urshifu-*, L50, M|\n|poke|p2|Scream Tail, L50|\n|poke|p2|Ogerpon, L50, F|\n|teampreview|4\n|inactive|Battle timer is ON: inactive players will automatically lose when time's up. (requested by LuixenS)\n|\n|t:|1737122263\n|start\n|switch|p1a: Farigiraf|Farigiraf, L50, M, shiny|100\/100\n|switch|p1b: Calyrex|Calyrex-Ice, L50|100\/100\n|switch|p2a: Balanced Mon|Incineroar, L50, M, shiny|100\/100\n|switch|p2b: Pagogo|Terapagos, L50, M|100\/100\n|-activate|p2b: Pagogo|ability: Tera Shift\n|detailschange|p2b: Pagogo|Terapagos-Terastal, L50, M\n|-heal|p2b: Pagogo|100\/100|[silent]\n|-ability|p1b: Calyrex|As One\n|-ability|p1b: Calyrex|Unnerve\n|-ability|p2a: Balanced Mon|Intimidate|boost\n|-unboost|p1a: Farigiraf|atk|1\n|-fail|p1b: Calyrex|unboost|[from] item: Clear Amulet|[of] p1b: Calyrex\n|turn|1\n|inactive|chuanOVO has 30 seconds left.\n|inactive|chuanOVO has 20 seconds left.\n|inactive|chuanOVO has 15 seconds left.\n|inactive|chuanOVO has 10 seconds left.\n|j| 85hertz\n|inactive|chuanOVO has 5 seconds left.\n|\n|t:|1737122315\n|move|p1b: Calyrex|Protect|p1b: Calyrex\n|-singleturn|p1b: Calyrex|Protect\n|move|p2b: Pagogo|Calm Mind|p2b: Pagogo\n|-boost|p2b: Pagogo|spa|1\n|-boost|p2b: Pagogo|spd|1\n|move|p2a: Balanced Mon|Knock Off|p1b: Calyrex\n|-activate|p1b: Calyrex|move: Protect\n|move|p1a: Farigiraf|Trick Room|p1a: Farigiraf\n|-fieldstart|move: Trick Room|[of] p1a: Farigiraf\n|\n|upkeep\n|turn|2\n|inactive|chuanOVO has 30 seconds left.\n|inactive|chuanOVO has 20 seconds left.\n|\n|t:|1737122353\n|move|p1a: Farigiraf|Helping Hand|p1b: Calyrex\n|-singleturn|p1b: Calyrex|Helping Hand|[of] p1a: Farigiraf\n|move|p1b: Calyrex|High Horsepower|p2a: Balanced Mon\n|-supereffective|p2a: Balanced Mon\n|-damage|p2a: Balanced Mon|10\/100\n|-damage|p1b: Calyrex|84\/100|[from] item: Rocky Helmet|[of] p2a: Balanced Mon\n|move|p2a: Balanced Mon|Knock Off|p1b: Calyrex\n|-supereffective|p1b: Calyrex\n|-damage|p1b: Calyrex|41\/100\n|-enditem|p1b: Calyrex|Clear Amulet|[from] move: Knock Off|[of] p2a: Balanced Mon\n|move|p2b: Pagogo|Calm Mind|p2b: Pagogo\n|-boost|p2b: Pagogo|spa|1\n|-boost|p2b: Pagogo|spd|1\n|\n|upkeep\n|turn|3\n|\n|t:|1737122378\n|-terastallize|p2b: Pagogo|Stellar\n|detailschange|p2b: Pagogo|Terapagos-Stellar, L50, M, tera:Stellar\n|-heal|p2b: Pagogo|100\/100|[silent]\n|move|p1b: Calyrex|Glacial Lance|p2b: Pagogo|[spread] p2a,p2b\n|-resisted|p2a: Balanced Mon\n|-damage|p2a: Balanced Mon|0 fnt\n|-damage|p2b: Pagogo|72\/100\n|faint|p2a: Balanced Mon\n|-ability|p1b: Calyrex|Chilling Neigh|boost\n|-boost|p1b: Calyrex|atk|1\n|move|p1a: Farigiraf|Dazzling Gleam|p2b: Pagogo\n|-crit|p2b: Pagogo\n|-damage|p2b: Pagogo|52\/100\n|move|p2b: Pagogo|Tera Starstorm|p1b: Calyrex|[spread] p1a,p1b\n|-damage|p1a: Farigiraf|48\/100\n|-damage|p1b: Calyrex|0 fnt\n|-enditem|p1a: Farigiraf|Sitrus Berry|[eat]\n|-heal|p1a: Farigiraf|73\/100|[from] item: Sitrus Berry\n|faint|p1b: Calyrex\n|\n|-heal|p2b: Pagogo|58\/100|[from] item: Leftovers\n|upkeep\n|inactive|chuanOVO has 30 seconds left.\n|\n|t:|1737122410\n|switch|p1b: Urshifu|Urshifu-Rapid-Strike, L50, M|100\/100\n|switch|p2a: Rillamonke|Rillaboom, L50, F, shiny|100\/100\n|-fieldstart|move: Grassy Terrain|[from] ability: Grassy Surge|[of] p2a: Rillamonke\n|turn|4\n|inactive|chuanOVO has 30 seconds left.\n|\n|t:|1737122436\n|move|p1b: Urshifu|Detect|p1b: Urshifu\n|-singleturn|p1b: Urshifu|Protect\n|move|p1a: Farigiraf|Foul Play|p2a: Rillamonke\n|-damage|p2a: Rillamonke|68\/100\n|move|p2b: Pagogo|Tera Starstorm|p1a: Farigiraf|[spread] p1a\n|-activate|p1b: Urshifu|move: Protect\n|-damage|p1a: Farigiraf|18\/100\n|move|p2a: Rillamonke|Wood Hammer|p1b: Urshifu\n|-activate|p1b: Urshifu|move: Protect\n|\n|-heal|p1a: Farigiraf|24\/100|[from] Grassy Terrain\n|-heal|p2b: Pagogo|65\/100|[from] Grassy Terrain\n|-heal|p2b: Pagogo|71\/100|[from] item: Leftovers\n|-heal|p2a: Rillamonke|74\/100|[from] Grassy Terrain\n|upkeep\n|turn|5\n|-message|chuanOVO forfeited.\n|\n|win|LuixenS\n|raw|chuanOVO's rating: 1608 &rarr; <strong>1584<\/strong><br \/>(-24 for losing)\n|raw|LuixenS's rating: 1540 &rarr; <strong>1564<\/strong><br \/>(+24 for winning)\n|l|\u2606chuanOVO\n|player|p1|\n|l|\u2606LuixenS\n|player|p2|\n","uploadtime":1737122647,"views":5,"formatid":"gen9vgc2025regg","rating":1564,"private":0,"password":null}