{"id":"gen9vgc2025regg-2282606210","format":"[Gen 9] VGC 2025 Reg G","players":["Ggttmmhh","GG=Groudon Gaming"],"log":"|j|\u2606Ggttmmhh\n|j|\u2606GG=Groudon Gaming\n|t:|1737081637\n|gametype|doubles\n|player|p1|Ggttmmhh|102|1728\n|player|p2|GG=Groudon Gaming|may-masters2|1591\n|teamsize|p1|6\n|teamsize|p2|6\n|gen|9\n|tier|[Gen 9] VGC 2025 Reg G\n|rated|\n|rule|Species Clause: Limit one of each Pok\u00e9mon\n|rule|Item Clause: Limit 1 of each item\n|clearpoke\n|poke|p1|Farigiraf, L50, F|\n|poke|p1|Chi-Yu, L50|\n|poke|p1|Raging Bolt, L50|\n|poke|p1|Groudon, L50|\n|poke|p1|Flutter Mane, L50|\n|poke|p1|Ditto, L50|\n|poke|p2|Groudon, L50|\n|poke|p2|Bronzong, L50|\n|poke|p2|Raging Bolt, L50|\n|poke|p2|Flutter Mane, L50|\n|poke|p2|Ogerpon-Cornerstone, L50, F|\n|poke|p2|Gouging Fire, L50|\n|teampreview|4\n|inactive|Battle timer is ON: inactive players will automatically lose when time's up. (requested by GG=Groudon Gaming)\n|inactive|Ggttmmhh has 60 seconds left.\n|inactive|GG=Groudon Gaming has 60 seconds left.\n|\n|t:|1737081691\n|start\n|switch|p1a: Chi-Yu|Chi-Yu, L50|100\/100\n|switch|p1b: Flutter Mane|Flutter Mane, L50|100\/100\n|switch|p2a: Groudon|Groudon, L50|100\/100\n|switch|p2b: Gouging Fire|Gouging Fire, L50|100\/100\n|-ability|p1a: Chi-Yu|Beads of Ruin\n|-weather|SunnyDay|[from] ability: Drought|[of] p2a: Groudon\n|-activate|p1b: Flutter Mane|ability: Protosynthesis\n|-start|p1b: Flutter Mane|protosynthesisspe\n|-activate|p2b: Gouging Fire|ability: Protosynthesis\n|-start|p2b: Gouging Fire|protosynthesisspe\n|turn|1\n|inactive|Ggttmmhh has 30 seconds left.\n|inactive|Ggttmmhh has 20 seconds left.\n|inactive|Ggttmmhh has 15 seconds left.\n|inactive|Ggttmmhh has 10 seconds left.\n|inactive|Ggttmmhh has 5 seconds left.\n|\n|t:|1737081742\n|-terastallize|p2a: Groudon|Fire\n|move|p1b: Flutter Mane|Moonblast|p2b: Gouging Fire\n|-damage|p2b: Gouging Fire|40\/100\n|move|p2b: Gouging Fire|Howl|p2b: Gouging Fire|[spread] p2a,p2b\n|-boost|p2a: Groudon|atk|1\n|-boost|p2b: Gouging Fire|atk|1\n|move|p1a: Chi-Yu|Dark Pulse|p2b: Gouging Fire\n|-damage|p2b: Gouging Fire|0 fnt\n|faint|p2b: Gouging Fire\n|-end|p2b: Gouging Fire|Protosynthesis|[silent]\n|move|p2a: Groudon|Precipice Blades|p1a: Chi-Yu|[spread] p1a,p1b\n|-supereffective|p1a: Chi-Yu\n|-damage|p1a: Chi-Yu|0 fnt\n|-enditem|p1b: Flutter Mane|Focus Sash\n|-damage|p1b: Flutter Mane|1\/100\n|faint|p1a: Chi-Yu\n|\n|-weather|SunnyDay|[upkeep]\n|upkeep\n|inactive|GG=Groudon Gaming has 30 seconds left.\n|\n|t:|1737081773\n|switch|p2b: Flutter Mane|Flutter Mane, L50|100\/100\n|switch|p1a: Groudon|Groudon, L50|100\/100\n|-activate|p2b: Flutter Mane|ability: Protosynthesis\n|-start|p2b: Flutter Mane|protosynthesisspe\n|turn|2\n|\n|t:|1737081783\n|move|p2b: Flutter Mane|Dazzling Gleam|p1a: Groudon|[spread] p1a,p1b\n|-damage|p1a: Groudon|73\/100\n|-damage|p1b: Flutter Mane|0 fnt\n|faint|p1b: Flutter Mane\n|-end|p1b: Flutter Mane|Protosynthesis|[silent]\n|move|p2a: Groudon|Precipice Blades|p1a: Groudon\n|-damage|p1a: Groudon|6\/100\n|move|p1a: Groudon|Precipice Blades|p2a: Groudon|[spread] p2a,p2b\n|-supereffective|p2a: Groudon\n|-damage|p2a: Groudon|12\/100\n|-enditem|p2b: Flutter Mane|Focus Sash\n|-damage|p2b: Flutter Mane|1\/100\n|\n|-weather|SunnyDay|[upkeep]\n|upkeep\n|\n|t:|1737081785\n|switch|p1b: Raging Bolt|Raging Bolt, L50|100\/100\n|-activate|p1b: Raging Bolt|ability: Protosynthesis\n|-start|p1b: Raging Bolt|protosynthesisspa\n|turn|3\n|\n|t:|1737081805\n|-terastallize|p1b: Raging Bolt|Electric\n|move|p1a: Groudon|Protect|p1a: Groudon\n|-singleturn|p1a: Groudon|Protect\n|move|p1b: Raging Bolt|Thunderclap|p2a: Groudon\n|-damage|p2a: Groudon|0 fnt\n|faint|p2a: Groudon\n|move|p2b: Flutter Mane|Dazzling Gleam|p1b: Raging Bolt|[spread] p1b\n|-activate|p1a: Groudon|move: Protect\n|-damage|p1b: Raging Bolt|84\/100\n|\n|-weather|SunnyDay|[upkeep]\n|upkeep\n|\n|t:|1737081810\n|switch|p2a: Ogerpon|Ogerpon-Cornerstone, L50, F|100\/100\n|turn|4\n|\n|t:|1737081829\n|move|p1a: Groudon|Protect||[still]\n|-fail|p1a: Groudon\n|move|p2a: Ogerpon|Follow Me|p2a: Ogerpon\n|-singleturn|p2a: Ogerpon|move: Follow Me\n|move|p2b: Flutter Mane|Dazzling Gleam|p1b: Raging Bolt|[spread] p1a,p1b\n|-damage|p1a: Groudon|0 fnt\n|-damage|p1b: Raging Bolt|68\/100\n|faint|p1a: Groudon\n|move|p1b: Raging Bolt|Electroweb|p2a: Ogerpon|[spread] p2a,p2b\n|-resisted|p2a: Ogerpon\n|-damage|p2a: Ogerpon|77\/100\n|-damage|p2b: Flutter Mane|0 fnt\n|-unboost|p2a: Ogerpon|spe|1\n|faint|p2b: Flutter Mane\n|-end|p2b: Flutter Mane|Protosynthesis|[silent]\n|\n|-weather|SunnyDay|[upkeep]\n|upkeep\n|turn|5\n|j| yheagrfh\n|inactive|Ggttmmhh has 30 seconds left.\n|\n|t:|1737081854\n|move|p2a: Ogerpon|Ivy Cudgel|p1b: Raging Bolt|[anim] Ivy Cudgel Rock\n|-damage|p1b: Raging Bolt|22\/100\n|move|p1b: Raging Bolt|Draco Meteor|p2a: Ogerpon\n|-crit|p2a: Ogerpon\n|-damage|p2a: Ogerpon|0 fnt\n|-unboost|p1b: Raging Bolt|spa|2\n|faint|p2a: Ogerpon\n|\n|win|Ggttmmhh\n|raw|Ggttmmhh's rating: 1728 &rarr; <strong>1740<\/strong><br \/>(+12 for winning)\n|raw|GG=Groudon Gaming's rating: 1591 &rarr; <strong>1579<\/strong><br \/>(-12 for losing)\n|l|\u2606Ggttmmhh\n|player|p1|\n|l|\u2606GG=Groudon Gaming\n|player|p2|\n|l| yheagrfh\n","uploadtime":1737081856,"views":45,"formatid":"gen9vgc2025regg","rating":1579,"private":0,"password":null}