{"id":"gen9vgc2025regg-2282530236","format":"[Gen 9] VGC 2025 Reg G","players":["Gene10","eriksp2"],"log":"|j|\u2606Gene10\n|j|\u2606eriksp2\n|t:|1737071314\n|gametype|doubles\n|player|p1|Gene10|101|1655\n|player|p2|eriksp2|1|1547\n|teamsize|p1|6\n|teamsize|p2|6\n|gen|9\n|tier|[Gen 9] VGC 2025 Reg G\n|rated|\n|rule|Species Clause: Limit one of each Pok\u00e9mon\n|rule|Item Clause: Limit 1 of each item\n|clearpoke\n|poke|p1|Calyrex-Ice, L50|\n|poke|p1|Urshifu-*, L50, M|\n|poke|p1|Raging Bolt, L50|\n|poke|p1|Rillaboom, L50, M|\n|poke|p1|Pelipper, L50, M|\n|poke|p1|Farigiraf, L50, M|\n|poke|p2|Calyrex-Ice, L50|\n|poke|p2|Amoonguss, L50, M|\n|poke|p2|Landorus, L50, M|\n|poke|p2|Regieleki, L50|\n|poke|p2|Urshifu-*, L50, F|\n|poke|p2|Iron Valiant, L50|\n|teampreview|4\n|inactive|Battle timer is ON: inactive players will automatically lose when time's up. (requested by Gene10)\neriksp2 has agreed to open team sheets.\n|\n|t:|1737071334\n|start\n|switch|p1a: Calyrex|Calyrex-Ice, L50|100\/100\n|switch|p1b: Pelipper|Pelipper, L50, M|100\/100\n|switch|p2a: untitled 05|Calyrex-Ice, L50|100\/100\n|switch|p2b: Rigamortus|Regieleki, L50|100\/100\n|-ability|p2a: untitled 05|As One\n|-ability|p2a: untitled 05|Unnerve\n|-ability|p1a: Calyrex|As One\n|-ability|p1a: Calyrex|Unnerve\n|-weather|RainDance|[from] ability: Drizzle|[of] p1b: Pelipper\n|turn|1\n|\n|t:|1737071350\n|-terastallize|p1b: Pelipper|Ground\n|move|p2a: untitled 05|Protect|p2a: untitled 05\n|-singleturn|p2a: untitled 05|Protect\n|move|p2b: Rigamortus|Thunderbolt|p1b: Pelipper\n|-immune|p1b: Pelipper\n|move|p1b: Pelipper|Weather Ball|p2b: Rigamortus\n|-enditem|p2b: Rigamortus|Focus Sash\n|-damage|p2b: Rigamortus|1\/100\n|move|p1a: Calyrex|Imprison|p1a: Calyrex\n|-start|p1a: Calyrex|move: Imprison\n|\n|-weather|RainDance|[upkeep]\n|upkeep\n|turn|2\n|\n|t:|1737071368\n|move|p1a: Calyrex|Protect|p1a: Calyrex\n|-singleturn|p1a: Calyrex|Protect\n|move|p2b: Rigamortus|Thunderbolt|p1a: Calyrex\n|-activate|p1a: Calyrex|move: Protect\n|move|p1b: Pelipper|Hurricane|p2b: Rigamortus\n|-resisted|p2b: Rigamortus\n|-damage|p2b: Rigamortus|0 fnt\n|faint|p2b: Rigamortus\n|move|p2a: untitled 05|Trick Room|p2a: untitled 05\n|-fieldstart|move: Trick Room|[of] p2a: untitled 05\n|\n|-weather|RainDance|[upkeep]\n|upkeep\n|\n|t:|1737071373\n|switch|p2b: Chapter Six|Amoonguss, L50, M|100\/100\n|turn|3\n|\n|t:|1737071387\n|switch|p2a: u|Urshifu, L50, F|100\/100\n|move|p2b: Chapter Six|Spore|p1a: Calyrex\n|-status|p1a: Calyrex|slp|[from] move: Spore\n|cant|p1a: Calyrex|slp\n|move|p1b: Pelipper|Hurricane|p2b: Chapter Six\n|-supereffective|p2b: Chapter Six\n|-damage|p2b: Chapter Six|16\/100\n|\n|-weather|RainDance|[upkeep]\n|upkeep\n|turn|4\n|inactive|Gene10 has 30 seconds left.\n|\n|t:|1737071414\n|switch|p1a: Urshifu|Urshifu-Rapid-Strike, L50, M|100\/100\n|move|p2b: Chapter Six|Spore|p1b: Pelipper\n|-status|p1b: Pelipper|slp|[from] move: Spore\n|cant|p1b: Pelipper|slp\n|move|p2a: u|Wicked Blow|p1a: Urshifu\n|-resisted|p1a: Urshifu\n|-crit|p1a: Urshifu\n|-damage|p1a: Urshifu|56\/100\n|\n|-weather|RainDance|[upkeep]\n|upkeep\n|turn|5\n|\n|t:|1737071434\n|move|p2b: Chapter Six|Spore|p1a: Urshifu\n|-status|p1a: Urshifu|slp|[from] move: Spore\n|cant|p1b: Pelipper|slp\n|move|p2a: u|Wicked Blow|p1b: Pelipper\n|-crit|p1b: Pelipper\n|-enditem|p1b: Pelipper|Focus Sash\n|-damage|p1b: Pelipper|1\/100 slp\n|cant|p1a: Urshifu|slp\n|\n|-weather|none\n|upkeep\n|turn|6\n|\n|t:|1737071449\n|move|p2b: Chapter Six|Pollen Puff|p1a: Urshifu\n|-resisted|p1a: Urshifu\n|-damage|p1a: Urshifu|41\/100 slp\n|-curestatus|p1b: Pelipper|slp|[msg]\n|move|p1b: Pelipper|Hurricane|p2a: u\n|-supereffective|p2a: u\n|-damage|p2a: u|0 fnt\n|faint|p2a: u\n|cant|p1a: Urshifu|slp\n|\n|-fieldend|move: Trick Room\n|upkeep\n|\n|t:|1737071453\n|switch|p2a: untitled 05|Calyrex-Ice, L50|100\/100\n|-ability|p2a: untitled 05|As One\n|-ability|p2a: untitled 05|Unnerve\n|turn|7\n|-message|eriksp2 forfeited.\n|\n|win|Gene10\n|raw|Gene10's rating: 1655 &rarr; <strong>1669<\/strong><br \/>(+14 for winning)\n|raw|eriksp2's rating: 1547 &rarr; <strong>1533<\/strong><br \/>(-14 for losing)\n|l|\u2606eriksp2\n|player|p2|\n|l|\u2606Gene10\n|player|p1|\n","uploadtime":1737071696,"views":42,"formatid":"gen9vgc2025regg","rating":1533,"private":0,"password":null}