{"id":"gen9vgc2025regg-2282869239","format":"[Gen 9] VGC 2025 Reg G","players":["actuary97","pentagonSG"],"log":"|j|\u2606actuary97\n|j|\u2606pentagonSG\n|t:|1737124850\n|gametype|doubles\n|player|p1|actuary97|sabrina-frlg|1619\n|player|p2|pentagonSG|102|1682\n|teamsize|p1|6\n|teamsize|p2|6\n|gen|9\n|tier|[Gen 9] VGC 2025 Reg G\n|rated|\n|rule|Species Clause: Limit one of each Pok\u00e9mon\n|rule|Item Clause: Limit 1 of each item\n|clearpoke\n|poke|p1|Amoonguss, L50, F|\n|poke|p1|Comfey, L50, M|\n|poke|p1|Whimsicott, L50, M|\n|poke|p1|Rillaboom, L50, M|\n|poke|p1|Kyogre, L50|\n|poke|p1|Archaludon, L50, M|\n|poke|p2|Iron Hands, L50|\n|poke|p2|Urshifu-*, L50, M|\n|poke|p2|Calyrex-Shadow, L50|\n|poke|p2|Whimsicott, L50, F|\n|poke|p2|Indeedee-F, L50, F|\n|poke|p2|Iron Treads, L50|\n|teampreview|4\nactuary97 has agreed to open team sheets.\n|inactive|Battle timer is ON: inactive players will automatically lose when time's up. (requested by pentagonSG)\n|\n|t:|1737124911\n|start\n|switch|p1a: Whimsicott|Whimsicott, L50, M, shiny|100\/100\n|switch|p1b: Archaludon|Archaludon, L50, M, shiny|100\/100\n|switch|p2a: Whimsicott|Whimsicott, L50, F|100\/100\n|switch|p2b: Calyrex|Calyrex-Shadow, L50|100\/100\n|-ability|p2b: Calyrex|As One\n|-ability|p2b: Calyrex|Unnerve\n|turn|1\n|inactive|pentagonSG has 30 seconds left.\n|\n|t:|1737124936\n|move|p2a: Whimsicott|Tailwind|p2a: Whimsicott\n|-sidestart|p2: pentagonSG|move: Tailwind\n|move|p1a: Whimsicott|Tailwind|p1a: Whimsicott\n|-sidestart|p1: actuary97|move: Tailwind\n|move|p2b: Calyrex|Astral Barrage|p1b: Archaludon|[spread] p1a,p1b\n|-damage|p1a: Whimsicott|3\/100\n|-damage|p1b: Archaludon|58\/100\n|-ability|p1b: Archaludon|Stamina|boost\n|-boost|p1b: Archaludon|def|1\n|move|p1b: Archaludon|Snarl|p2a: Whimsicott|[spread] p2a,p2b\n|-resisted|p2a: Whimsicott\n|-supereffective|p2b: Calyrex\n|-damage|p2a: Whimsicott|91\/100\n|-damage|p2b: Calyrex|51\/100\n|-unboost|p2b: Calyrex|spa|1\n|\n|upkeep\n|turn|2\n|inactive|actuary97 has 30 seconds left.\n|inactive|pentagonSG has 30 seconds left.\n|\n|t:|1737124965\n|switch|p2a: Indeedee|Indeedee-F, L50, F|100\/100\n|-fieldstart|move: Psychic Terrain|[from] ability: Psychic Surge|[of] p2a: Indeedee\n|-enditem|p2a: Indeedee|Psychic Seed\n|-boost|p2a: Indeedee|spd|1|[from] item: Psychic Seed\n|switch|p1a: Rillaboom|Rillaboom, L50, M, shiny|100\/100\n|-fieldstart|move: Grassy Terrain|[from] ability: Grassy Surge|[of] p1a: Rillaboom\n|-terastallize|p2b: Calyrex|Water\n|move|p2b: Calyrex|Expanding Force|p1a: Rillaboom\n|-damage|p1a: Rillaboom|61\/100\n|move|p1b: Archaludon|Snarl|p2b: Calyrex|[spread] p2a\n|-miss|p1b: Archaludon|p2b: Calyrex\n|-supereffective|p2a: Indeedee\n|-damage|p2a: Indeedee|84\/100\n|-unboost|p2a: Indeedee|spa|1\n|\n|-heal|p2b: Calyrex|57\/100|[from] Grassy Terrain\n|-heal|p1a: Rillaboom|66\/100|[from] Grassy Terrain\n|-heal|p1b: Archaludon|64\/100|[from] Grassy Terrain\n|-heal|p2a: Indeedee|90\/100|[from] Grassy Terrain\n|upkeep\n|turn|3\n|j| mpudi\n|inactive|actuary97 has 30 seconds left.\n|inactive|pentagonSG has 30 seconds left.\n|\n|t:|1737124996\n|switch|p2b: Whimsicott|Whimsicott, L50, F|91\/100\n|switch|p2a: Urshifu|Urshifu, L50, M|100\/100\n|move|p1a: Rillaboom|Bullet Seed|p2b: Whimsicott\n|-resisted|p2b: Whimsicott\n|-damage|p2b: Whimsicott|74\/100\n|-resisted|p2b: Whimsicott\n|-damage|p2b: Whimsicott|59\/100\n|-resisted|p2b: Whimsicott\n|-damage|p2b: Whimsicott|44\/100\n|-resisted|p2b: Whimsicott\n|-damage|p2b: Whimsicott|29\/100\n|-hitcount|p2b: Whimsicott|4\n|move|p1b: Archaludon|Snarl|p2b: Whimsicott|[spread] p2a,p2b\n|-resisted|p2a: Urshifu\n|-resisted|p2b: Whimsicott\n|-damage|p2a: Urshifu|96\/100\n|-damage|p2b: Whimsicott|20\/100\n|-unboost|p2a: Urshifu|spa|1\n|\n|-heal|p2b: Whimsicott|26\/100|[from] Grassy Terrain\n|-heal|p2a: Urshifu|100\/100|[from] Grassy Terrain\n|-heal|p1a: Rillaboom|72\/100|[from] Grassy Terrain\n|-heal|p1b: Archaludon|70\/100|[from] Grassy Terrain\n|upkeep\n|turn|4\n|inactive|pentagonSG has 30 seconds left.\n|inactive|pentagonSG has 20 seconds left.\n|inactive|actuary97 has 30 seconds left.\n|inactive|pentagonSG has 15 seconds left.\n|\n|t:|1737125038\n|switch|p2b: Indeedee|Indeedee-F, L50, F|90\/100\n|-fieldstart|move: Psychic Terrain|[from] ability: Psychic Surge|[of] p2b: Indeedee\n|move|p2a: Urshifu|U-turn|p1a: Rillaboom\n|-supereffective|p1a: Rillaboom\n|-damage|p1a: Rillaboom|0 fnt\n|faint|p1a: Rillaboom\n|\n|t:|1737125049\n|switch|p2a: Whimsicott|Whimsicott, L50, F|26\/100|[from] U-turn\n|move|p1b: Archaludon|Flash Cannon|p2b: Indeedee\n|-damage|p2b: Indeedee|57\/100\n|\n|-sideend|p1: actuary97|move: Tailwind\n|-sideend|p2: pentagonSG|move: Tailwind\n|upkeep\n|\n|t:|1737125068\n|switch|p1a: Kyogre|Kyogre, L50, shiny|100\/100\n|-weather|RainDance|[from] ability: Drizzle|[of] p1a: Kyogre\n|turn|5\n|\n|t:|1737125073\n|switch|p2b: Calyrex|Calyrex-Shadow, L50, tera:Water|57\/100\n|-ability|p2b: Calyrex|As One\n|-ability|p2b: Calyrex|Unnerve\n|move|p2a: Whimsicott|Sunny Day|p2a: Whimsicott\n|-weather|SunnyDay\n|move|p1a: Kyogre|Calm Mind|p1a: Kyogre\n|-boost|p1a: Kyogre|spa|1\n|-boost|p1a: Kyogre|spd|1\n|move|p1b: Archaludon|Snarl|p2b: Calyrex|[spread] p2a,p2b\n|-resisted|p2a: Whimsicott\n|-damage|p2a: Whimsicott|16\/100\n|-damage|p2b: Calyrex|45\/100\n|-unboost|p2b: Calyrex|spa|1\n|\n|-weather|SunnyDay|[upkeep]\n|upkeep\n|turn|6\n|inactive|pentagonSG has 30 seconds left.\n|inactive|actuary97 has 30 seconds left.\n|inactive|pentagonSG has 20 seconds left.\n|\n|t:|1737125114\n|move|p2a: Whimsicott|Tailwind|p2a: Whimsicott\n|-sidestart|p2: pentagonSG|move: Tailwind\n|move|p2b: Calyrex|Expanding Force|p1a: Kyogre|[spread] p1a,p1b\n|-resisted|p1b: Archaludon\n|-damage|p1a: Kyogre|76\/100\n|-damage|p1b: Archaludon|53\/100\n|-ability|p1b: Archaludon|Stamina|boost\n|-boost|p1b: Archaludon|def|1\n|move|p1a: Kyogre|Ice Beam|p2b: Calyrex\n|-resisted|p2b: Calyrex\n|-damage|p2b: Calyrex|22\/100\n|move|p1b: Archaludon|Body Press|p2b: Calyrex\n|-damage|p2b: Calyrex|0 fnt\n|faint|p2b: Calyrex\n|\n|-weather|SunnyDay|[upkeep]\n|upkeep\n|\n|t:|1737125129\n|switch|p2b: Urshifu|Urshifu, L50, M|100\/100\n|turn|7\n|\n|t:|1737125138\n|switch|p2a: Indeedee|Indeedee-F, L50, F|57\/100\n|move|p2b: Urshifu|Wicked Blow|p1b: Archaludon\n|-crit|p1b: Archaludon\n|-damage|p1b: Archaludon|0 fnt\n|faint|p1b: Archaludon\n|move|p1a: Kyogre|Origin Pulse|p2a: Indeedee|[spread] p2a,p2b\n|-crit|p2b: Urshifu\n|-damage|p2a: Indeedee|28\/100\n|-damage|p2b: Urshifu|31\/100\n|\n|-weather|SunnyDay|[upkeep]\n|upkeep\n|\n|t:|1737125143\n|switch|p1b: Whimsicott|Whimsicott, L50, M, shiny|3\/100\n|turn|8\n|\n|t:|1737125157\n|move|p2a: Indeedee|Follow Me|p2a: Indeedee\n|-singleturn|p2a: Indeedee|move: Follow Me\n|move|p1b: Whimsicott|Tailwind|p1b: Whimsicott\n|-sidestart|p1: actuary97|move: Tailwind\n|move|p2b: Urshifu|Wicked Blow|p1a: Kyogre\n|-crit|p1a: Kyogre\n|-damage|p1a: Kyogre|7\/100\n|move|p1a: Kyogre|Origin Pulse|p2a: Indeedee|[spread] p2a\n|-miss|p1a: Kyogre|p2b: Urshifu\n|-damage|p2a: Indeedee|0 fnt\n|faint|p2a: Indeedee\n|\n|-weather|SunnyDay|[upkeep]\n|-fieldend|move: Psychic Terrain\n|upkeep\n|\n|t:|1737125171\n|switch|p2a: Whimsicott|Whimsicott, L50, F|16\/100\n|turn|9\n|\n|t:|1737125176\n|move|p1b: Whimsicott|Moonblast|p2b: Urshifu\n|-supereffective|p2b: Urshifu\n|-damage|p2b: Urshifu|0 fnt\n|faint|p2b: Urshifu\n|move|p2a: Whimsicott|Moonblast|p1a: Kyogre\n|-damage|p1a: Kyogre|0 fnt\n|faint|p1a: Kyogre\n|\n|-weather|none\n|-sideend|p2: pentagonSG|move: Tailwind\n|upkeep\n|turn|10\n|\n|t:|1737125187\n|move|p1b: Whimsicott|Moonblast|p2a: Whimsicott\n|-damage|p2a: Whimsicott|0 fnt\n|faint|p2a: Whimsicott\n|\n|win|actuary97\n|raw|actuary97's rating: 1619 &rarr; <strong>1643<\/strong><br \/>(+24 for winning)\n|raw|pentagonSG's rating: 1682 &rarr; <strong>1658<\/strong><br \/>(-24 for losing)\n|c|\u2606actuary97|gg\n|l|\u2606actuary97\n|player|p1|\n|l|\u2606pentagonSG\n|player|p2|\n","uploadtime":1737125392,"views":38,"formatid":"gen9vgc2025regg","rating":1643,"private":0,"password":null}