{"id":"gen9vgc2025regg-2282873845","format":"[Gen 9] VGC 2025 Reg G","players":["pentagonSG","ZTMY ENCORE"],"log":"|j|\u2606pentagonSG\n|j|\u2606ZTMY ENCORE\n|t:|1737125361\n|gametype|doubles\n|player|p1|pentagonSG|102|1658\n|player|p2|ZTMY ENCORE|169|1777\n|teamsize|p1|6\n|teamsize|p2|6\n|gen|9\n|tier|[Gen 9] VGC 2025 Reg G\n|rated|\n|rule|Species Clause: Limit one of each Pok\u00e9mon\n|rule|Item Clause: Limit 1 of each item\n|clearpoke\n|poke|p1|Iron Hands, L50|\n|poke|p1|Urshifu-*, L50, F|\n|poke|p1|Calyrex-Shadow, L50|\n|poke|p1|Whimsicott, L50, F|\n|poke|p1|Indeedee-F, L50, F|\n|poke|p1|Iron Treads, L50|\n|poke|p2|Terapagos, L50, M|\n|poke|p2|Smeargle, L50, F|\n|poke|p2|Tornadus, L50, M|\n|poke|p2|Ogerpon-Hearthflame, L50, F|\n|poke|p2|Dondozo, L50, M|\n|poke|p2|Tatsugiri-Stretchy, L50, M|\n|teampreview|4\n|inactive|Battle timer is ON: inactive players will automatically lose when time's up. (requested by pentagonSG)\n|\n|t:|1737125396\n|start\n|switch|p1a: Iron Hands|Iron Hands, L50|100\/100\n|switch|p1b: Calyrex|Calyrex-Shadow, L50|100\/100\n|switch|p2a: Terapagos|Terapagos, L50, M|100\/100\n|switch|p2b: Tornadus|Tornadus, L50, M|100\/100\n|-ability|p1b: Calyrex|As One\n|-ability|p1b: Calyrex|Unnerve\n|-activate|p2a: Terapagos|ability: Tera Shift\n|detailschange|p2a: Terapagos|Terapagos-Terastal, L50, M\n|-heal|p2a: Terapagos|100\/100|[silent]\n|turn|1\n|inactive|ZTMY ENCORE has 30 seconds left.\n|\n|t:|1737125430\n|move|p2b: Tornadus|Tailwind|p2b: Tornadus\n|-sidestart|p2: ZTMY ENCORE|move: Tailwind\n|move|p2a: Terapagos|Dark Pulse|p1b: Calyrex\n|-supereffective|p1b: Calyrex\n|-enditem|p1b: Calyrex|Focus Sash\n|-damage|p1b: Calyrex|1\/100\n|move|p1a: Iron Hands|Belly Drum|p1a: Iron Hands\n|-damage|p1a: Iron Hands|50\/100\n|-setboost|p1a: Iron Hands|atk|6|[from] move: Belly Drum\n|-enditem|p1a: Iron Hands|Sitrus Berry|[eat]\n|-heal|p1a: Iron Hands|75\/100|[from] item: Sitrus Berry\n|move|p1b: Calyrex|Trick Room|p1b: Calyrex\n|-fieldstart|move: Trick Room|[of] p1b: Calyrex\n|\n|upkeep\n|turn|2\n|\n|t:|1737125452\n|switch|p2a: Smeargle|Smeargle, L50, F|100\/100\n|move|p2b: Tornadus|Protect|p2b: Tornadus\n|-singleturn|p2b: Tornadus|Protect\n|move|p1a: Iron Hands|Drain Punch|p2a: Smeargle\n|-supereffective|p2a: Smeargle\n|-enditem|p2a: Smeargle|Focus Sash\n|-damage|p2a: Smeargle|1\/100\n|-heal|p1a: Iron Hands|100\/100|[from] drain|[of] p2a: Smeargle\n|move|p1b: Calyrex|Expanding Force|p2b: Tornadus\n|-activate|p2b: Tornadus|move: Protect\n|\n|-ability|p2a: Smeargle|Moody|boost\n|-boost|p2a: Smeargle|atk|2\n|-unboost|p2a: Smeargle|def|1\n|upkeep\n|turn|3\n|inactive|ZTMY ENCORE has 30 seconds left.\n|\n|t:|1737125484\n|switch|p1b: Indeedee|Indeedee-F, L50, F|100\/100\n|-fieldstart|move: Psychic Terrain|[from] ability: Psychic Surge|[of] p1b: Indeedee\n|-enditem|p1b: Indeedee|Psychic Seed\n|-boost|p1b: Indeedee|spd|1|[from] item: Psychic Seed\n|move|p2a: Smeargle|Fake Out|p1a: Iron Hands\n|-activate|p1a: Iron Hands|move: Psychic Terrain\n|move|p2b: Tornadus|Scary Face|p2a: Smeargle\n|-unboost|p2a: Smeargle|spe|2\n|move|p1a: Iron Hands|Rock Slide|p2a: Smeargle|[spread] p2a,p2b\n|-supereffective|p2b: Tornadus\n|-damage|p2a: Smeargle|0 fnt\n|-damage|p2b: Tornadus|0 fnt\n|faint|p2a: Smeargle\n|faint|p2b: Tornadus\n|\n|upkeep\n|\n|t:|1737125499\n|switch|p2a: Ogerpon|Ogerpon-Hearthflame, L50, F|100\/100\n|switch|p2b: Terapagos|Terapagos-Terastal, L50, M|100\/100\n|-ability|p2a: Ogerpon|Mold Breaker\n|turn|4\n|\n|t:|1737125512\n|-terastallize|p2b: Terapagos|Stellar\n|detailschange|p2b: Terapagos|Terapagos-Stellar, L50, M, tera:Stellar\n|-heal|p2b: Terapagos|100\/100|[silent]\n|-ability|p2b: Terapagos|Teraform Zero\n|-fieldend|move: Psychic Terrain\n|move|p2a: Ogerpon|Spiky Shield|p2a: Ogerpon\n|-singleturn|p2a: Ogerpon|move: Protect\n|move|p1b: Indeedee|Follow Me|p1b: Indeedee\n|-singleturn|p1b: Indeedee|move: Follow Me\n|move|p1a: Iron Hands|Drain Punch|p2b: Terapagos\n|-supereffective|p2b: Terapagos\n|-damage|p2b: Terapagos|0 fnt\n|faint|p2b: Terapagos\n|\n|-sideend|p2: ZTMY ENCORE|move: Tailwind\n|upkeep\n|turn|5\n|-message|ZTMY ENCORE forfeited.\n|\n|win|pentagonSG\n|raw|pentagonSG's rating: 1658 &rarr; <strong>1685<\/strong><br \/>(+27 for winning)\n|raw|ZTMY ENCORE's rating: 1777 &rarr; <strong>1750<\/strong><br \/>(-27 for losing)\n|l|\u2606ZTMY ENCORE\n|player|p2|\n|l|\u2606pentagonSG\n|player|p1|\n","uploadtime":1737125666,"views":104,"formatid":"gen9vgc2025regg","rating":1685,"private":0,"password":null}