{"id":"gen9vgc2025regg-2282577019","format":"[Gen 9] VGC 2025 Reg G","players":["stbai","GG=Groudon Gaming"],"log":"|j|\u2606stbai\n|j|\u2606GG=Groudon Gaming\n|t:|1737077714\n|gametype|doubles\n|player|p1|stbai|janitor|1600\n|player|p2|GG=Groudon Gaming|may-masters2|1718\n|teamsize|p1|6\n|teamsize|p2|6\n|gen|9\n|tier|[Gen 9] VGC 2025 Reg G\n|rated|\n|rule|Species Clause: Limit one of each Pok\u00e9mon\n|rule|Item Clause: Limit 1 of each item\n|clearpoke\n|poke|p1|Tatsugiri, L50, F|\n|poke|p1|Terapagos, L50, M|\n|poke|p1|Pawmot, L50, M|\n|poke|p1|Flutter Mane, L50|\n|poke|p1|Latios, L50, M|\n|poke|p1|Dondozo, L50, M|\n|poke|p2|Groudon, L50|\n|poke|p2|Bronzong, L50|\n|poke|p2|Raging Bolt, L50|\n|poke|p2|Flutter Mane, L50|\n|poke|p2|Ogerpon-Cornerstone, L50, F|\n|poke|p2|Gouging Fire, L50|\n|teampreview|4\n|inactive|Battle timer is ON: inactive players will automatically lose when time's up. (requested by GG=Groudon Gaming)\n|inactive|stbai also wants the timer to be on.\n|j| simplyadvanced\n|\n|t:|1737077727\n|start\n|switch|p1a: Latios|Latios, L50, M|100\/100\n|switch|p1b: Dondozo|Dondozo, L50, M|100\/100\n|switch|p2a: Groudon|Groudon, L50|100\/100\n|switch|p2b: Flutter Mane|Flutter Mane, L50|100\/100\n|-weather|SunnyDay|[from] ability: Drought|[of] p2a: Groudon\n|-activate|p2b: Flutter Mane|ability: Protosynthesis\n|-start|p2b: Flutter Mane|protosynthesisspe\n|turn|1\n|\n|t:|1737077741\n|switch|p1a: Tatsugiri|Tatsugiri, L50, F|100\/100\n|-activate|p1a: Tatsugiri|ability: Commander|[of] p1b: Dondozo\n|-boost|p1b: Dondozo|atk|2\n|-boost|p1b: Dondozo|spa|2\n|-boost|p1b: Dondozo|spe|2\n|-boost|p1b: Dondozo|def|2\n|-boost|p1b: Dondozo|spd|2\n|move|p2b: Flutter Mane|Taunt|p1a: Tatsugiri|[miss]\n|-miss|p2b: Flutter Mane|p1a: Tatsugiri\n|move|p1b: Dondozo|Earthquake|p2a: Groudon|[spread] p2a,p2b\n|-miss|p1b: Dondozo|p1a: Tatsugiri\n|-damage|p2a: Groudon|72\/100\n|-damage|p2b: Flutter Mane|1\/100\n|move|p2a: Groudon|Precipice Blades|p1b: Dondozo|[spread] p1b\n|-miss|p2a: Groudon|p1a: Tatsugiri\n|-damage|p1b: Dondozo|82\/100\n|\n|-weather|SunnyDay|[upkeep]\n|-heal|p1b: Dondozo|88\/100|[from] item: Leftovers\n|upkeep\n|turn|2\n|\n|t:|1737077752\n|move|p2a: Groudon|Protect|p2a: Groudon\n|-singleturn|p2a: Groudon|Protect\n|move|p2b: Flutter Mane|Taunt|p1b: Dondozo\n|-start|p1b: Dondozo|move: Taunt\n|move|p1b: Dondozo|Earthquake|p2b: Flutter Mane|[spread] p2b\n|-miss|p1b: Dondozo|p1a: Tatsugiri\n|-activate|p2a: Groudon|move: Protect\n|-damage|p2b: Flutter Mane|0 fnt\n|faint|p2b: Flutter Mane\n|-end|p2b: Flutter Mane|Protosynthesis|[silent]\n|\n|-weather|SunnyDay|[upkeep]\n|-heal|p1b: Dondozo|94\/100|[from] item: Leftovers\n|upkeep\n|\n|t:|1737077754\n|switch|p2b: Raging Bolt|Raging Bolt, L50|100\/100\n|-activate|p2b: Raging Bolt|ability: Protosynthesis\n|-start|p2b: Raging Bolt|protosynthesisspa\n|turn|3\n|\n|t:|1737077760\n|-terastallize|p1b: Dondozo|Dragon\n|move|p2a: Groudon|Helping Hand|p2b: Raging Bolt\n|-singleturn|p2b: Raging Bolt|Helping Hand|[of] p2a: Groudon\n|move|p1b: Dondozo|Order Up|p2b: Raging Bolt\n|-supereffective|p2b: Raging Bolt\n|-damage|p2b: Raging Bolt|0 fnt\n|faint|p2b: Raging Bolt\n|-end|p2b: Raging Bolt|Protosynthesis|[silent]\n|-boost|p1b: Dondozo|atk|1\n|\n|-weather|SunnyDay|[upkeep]\n|-heal|p1b: Dondozo|100\/100|[from] item: Leftovers\n|upkeep\n|\n|t:|1737077763\n|switch|p2b: Ogerpon|Ogerpon-Cornerstone, L50, F|100\/100\n|turn|4\n|\n|t:|1737077777\n|-terastallize|p2b: Ogerpon|Rock\n|detailschange|p2b: Ogerpon|Ogerpon-Cornerstone-Tera, L50, F, tera:Rock\n|-ability|p2b: Ogerpon|Embody Aspect (Cornerstone)|boost\n|-boost|p2b: Ogerpon|def|1\n|move|p2a: Groudon|Helping Hand|p2b: Ogerpon\n|-singleturn|p2b: Ogerpon|Helping Hand|[of] p2a: Groudon\n|move|p2b: Ogerpon|Ivy Cudgel|p1b: Dondozo|[anim] Ivy Cudgel Rock\n|-damage|p1b: Dondozo|62\/100\n|move|p1b: Dondozo|Order Up|p2a: Groudon\n|-damage|p2a: Groudon|13\/100\n|-boost|p1b: Dondozo|atk|1\n|\n|-weather|SunnyDay|[upkeep]\n|-heal|p1b: Dondozo|68\/100|[from] item: Leftovers\n|-end|p1b: Dondozo|move: Taunt\n|upkeep\n|turn|5\n|inactive|GG=Groudon Gaming has 30 seconds left.\n|inactive|GG=Groudon Gaming has 20 seconds left.\n|\n|t:|1737077814\n|move|p1b: Dondozo|Protect|p1b: Dondozo\n|-singleturn|p1b: Dondozo|Protect\n|move|p2b: Ogerpon|Ivy Cudgel|p1b: Dondozo|[anim] Ivy Cudgel Rock\n|-activate|p1b: Dondozo|move: Protect\n|move|p2a: Groudon|Precipice Blades|p1b: Dondozo|[spread] \n|-miss|p2a: Groudon|p1a: Tatsugiri\n|-activate|p1b: Dondozo|move: Protect\n|\n|-weather|none\n|-heal|p1b: Dondozo|74\/100|[from] item: Leftovers\n|upkeep\n|turn|6\n|j| Kaiju Krush\n|\n|t:|1737077818\n|move|p2b: Ogerpon|Ivy Cudgel|p1b: Dondozo|[anim] Ivy Cudgel Rock\n|-crit|p1b: Dondozo\n|-damage|p1b: Dondozo|0 fnt\n|faint|p1b: Dondozo\n|move|p2a: Groudon|Precipice Blades|p1a: Tatsugiri\n|-damage|p1a: Tatsugiri|0 fnt\n|faint|p1a: Tatsugiri\n|\n|upkeep\n|\n|t:|1737077822\n|switch|p1a: Latios|Latios, L50, M|100\/100\n|switch|p1b: Terapagos|Terapagos, L50, M|100\/100\n|-activate|p1b: Terapagos|ability: Tera Shift\n|detailschange|p1b: Terapagos|Terapagos-Terastal, L50, M\n|-heal|p1b: Terapagos|100\/100|[silent]\n|turn|7\n|inactive|GG=Groudon Gaming has 30 seconds left.\n|inactive|GG=Groudon Gaming has 20 seconds left.\n|\n|t:|1737077861\n|move|p2b: Ogerpon|Ivy Cudgel|p1a: Latios|[anim] Ivy Cudgel Rock\n|-damage|p1a: Latios|6\/100\n|move|p1a: Latios|Tailwind|p1a: Latios\n|-sidestart|p1: stbai|move: Tailwind\n|move|p1b: Terapagos|Earth Power|p2b: Ogerpon\n|-supereffective|p2b: Ogerpon\n|-damage|p2b: Ogerpon|0 fnt\n|faint|p2b: Ogerpon\n|move|p2a: Groudon|Heat Crash|p1b: Terapagos\n|-activate|p1b: Terapagos|ability: Tera Shell\n|-resisted|p1b: Terapagos\n|-damage|p1b: Terapagos|79\/100\n|\n|upkeep\n|turn|8\n|-message|GG=Groudon Gaming forfeited.\n|\n|win|stbai\n|raw|stbai's rating: 1600 &rarr; <strong>1627<\/strong><br \/>(+27 for winning)\n|raw|GG=Groudon Gaming's rating: 1718 &rarr; <strong>1691<\/strong><br \/>(-27 for losing)\n|l|\u2606stbai\n|player|p1|\n|l|\u2606GG=Groudon Gaming\n|player|p2|\n|l| simplyadvanced\n|l| Kaiju Krush\n","uploadtime":1737077873,"views":46,"formatid":"gen9vgc2025regg","rating":1627,"private":0,"password":null}