{"id":"gen9vgc2025regg-2282956489","format":"[Gen 9] VGC 2025 Reg G","players":["DarkAlex69","tplusplus"],"log":"|j|\u2606DarkAlex69\n|j|\u2606tplusplus\n|t:|1737133912\n|gametype|doubles\n|player|p1|DarkAlex69|cynthia|1553\n|player|p2|tplusplus|perrin|1557\n|teamsize|p1|6\n|teamsize|p2|6\n|gen|9\n|tier|[Gen 9] VGC 2025 Reg G\n|rated|\n|rule|Species Clause: Limit one of each Pok\u00e9mon\n|rule|Item Clause: Limit 1 of each item\n|clearpoke\n|poke|p1|Baxcalibur, L50, F|\n|poke|p1|Kyogre, L50|\n|poke|p1|Landorus, L50, M|\n|poke|p1|Chien-Pao, L50|\n|poke|p1|Dragonite, L50, M|\n|poke|p1|Ditto, L50|\n|poke|p2|Smeargle, L50, M|\n|poke|p2|Calyrex-Ice, L50|\n|poke|p2|Ursaluna-Bloodmoon, L50, M|\n|poke|p2|Annihilape, L50, M|\n|poke|p2|Urshifu-*, L50, M|\n|poke|p2|Ogerpon-Wellspring, L50, F|\n|teampreview|4\nDarkAlex69 rejected open team sheets.\n|\n|t:|1737133947\n|start\n|switch|p1a: Chien-Pao|Chien-Pao, L50|100\/100\n|switch|p1b: Dragonite|Dragonite, L50, M|100\/100\n|switch|p2a: \u827a\u82d1|Smeargle, L50, M, shiny|100\/100\n|switch|p2b: \u7389\u82f1|Calyrex-Ice, L50|100\/100\n|-ability|p2b: \u7389\u82f1|As One\n|-ability|p2b: \u7389\u82f1|Unnerve\n|-ability|p1a: Chien-Pao|Sword of Ruin\n|turn|1\n|\n|t:|1737133961\n|-terastallize|p1b: Dragonite|Normal\n|move|p2a: \u827a\u82d1|Fake Out|p1a: Chien-Pao\n|-damage|p1a: Chien-Pao|88\/100\n|move|p1b: Dragonite|Extreme Speed|p2a: \u827a\u82d1\n|-enditem|p2a: \u827a\u82d1|Focus Sash\n|-damage|p2a: \u827a\u82d1|1\/100\n|cant|p1a: Chien-Pao|flinch\n|move|p2b: \u7389\u82f1|Trick Room|p2b: \u7389\u82f1\n|-fieldstart|move: Trick Room|[of] p2b: \u7389\u82f1\n|\n|upkeep\n|turn|2\n|\n|t:|1737133979\n|switch|p2a: \u7f28\u626c|Urshifu, L50, M|100\/100\n|-terastallize|p2b: \u7389\u82f1|Water\n|move|p1b: Dragonite|Extreme Speed|p2b: \u7389\u82f1\n|-damage|p2b: \u7389\u82f1|45\/100\n|-enditem|p2b: \u7389\u82f1|Sitrus Berry|[eat]\n|-heal|p2b: \u7389\u82f1|70\/100|[from] item: Sitrus Berry\n|move|p1a: Chien-Pao|Ice Shard|p2a: \u7f28\u626c\n|-damage|p2a: \u7f28\u626c|67\/100\n|-damage|p1a: Chien-Pao|79\/100|[from] item: Life Orb\n|move|p2b: \u7389\u82f1|Glacial Lance|p1b: Dragonite|[spread] p1a,p1b\n|-resisted|p1a: Chien-Pao\n|-damage|p1a: Chien-Pao|41\/100\n|-damage|p1b: Dragonite|31\/100\n|\n|upkeep\n|turn|3\n|\n|t:|1737133999\n|move|p1b: Dragonite|Extreme Speed|p2a: \u7f28\u626c\n|-damage|p2a: \u7f28\u626c|0 fnt\n|faint|p2a: \u7f28\u626c\n|move|p1a: Chien-Pao|Sucker Punch|p2b: \u7389\u82f1\n|-damage|p2b: \u7389\u82f1|35\/100\n|-damage|p1a: Chien-Pao|31\/100|[from] item: Life Orb\n|move|p2b: \u7389\u82f1|Glacial Lance|p1b: Dragonite|[spread] p1a,p1b\n|-resisted|p1a: Chien-Pao\n|-damage|p1a: Chien-Pao|0 fnt\n|-damage|p1b: Dragonite|0 fnt\n|faint|p1a: Chien-Pao\n|faint|p1b: Dragonite\n|-ability|p2b: \u7389\u82f1|Chilling Neigh|boost\n|-boost|p2b: \u7389\u82f1|atk|2\n|\n|upkeep\n|\n|t:|1737134016\n|switch|p2a: \u6bb7\u6708|Ursaluna-Bloodmoon, L50, M|100\/100\n|switch|p1b: Baxcalibur|Baxcalibur, L50, F|100\/100\n|switch|p1a: Ditto|Ditto, L50|100\/100\n|-transform|p1a: Ditto|p2b: \u7389\u82f1|[from] ability: Imposter\n|-ability|p1a: Ditto|As One\n|-ability|p1a: Ditto|Unnerve\n|-start|p1a: Ditto|typechange|Psychic\/Ice|[silent]\n|turn|4\n|\n|t:|1737134043\n|move|p1b: Baxcalibur|Protect|p1b: Baxcalibur\n|-singleturn|p1b: Baxcalibur|Protect\n|move|p2a: \u6bb7\u6708|Blood Moon|p1a: Ditto\n|-damage|p1a: Ditto|4\/100\n|-damage|p2a: \u6bb7\u6708|91\/100|[from] item: Life Orb\n|move|p2b: \u7389\u82f1|Glacial Lance|p1b: Baxcalibur|[spread] p1a\n|-activate|p1b: Baxcalibur|move: Protect\n|-resisted|p1a: Ditto\n|-damage|p1a: Ditto|0 fnt\n|faint|p1a: Ditto\n|-ability|p2b: \u7389\u82f1|Chilling Neigh|boost\n|-boost|p2b: \u7389\u82f1|atk|1\n|\n|upkeep\n|turn|5\n|\n|t:|1737134065\n|move|p2a: \u6bb7\u6708|Hyper Voice|p1b: Baxcalibur\n|-damage|p1b: Baxcalibur|37\/100\n|-damage|p2a: \u6bb7\u6708|81\/100|[from] item: Life Orb\n|move|p2b: \u7389\u82f1|Glacial Lance|p1b: Baxcalibur\n|-damage|p1b: Baxcalibur|0 fnt\n|faint|p1b: Baxcalibur\n|\n|win|tplusplus\n|raw|DarkAlex69's rating: 1553 &rarr; <strong>1533<\/strong><br \/>(-20 for losing)\n|raw|tplusplus's rating: 1557 &rarr; <strong>1577<\/strong><br \/>(+20 for winning)\n|l|\u2606DarkAlex69\n|player|p1|\n","uploadtime":1737134289,"views":13,"formatid":"gen9vgc2025regg","rating":1533,"private":0,"password":null}