{"id":"gen9vgc2025regg-2282613809","format":"[Gen 9] VGC 2025 Reg G","players":["zac5224666","GG=Groudon Gaming"],"log":"|j|\u2606zac5224666\n|j|\u2606GG=Groudon Gaming\n|t:|1737082660\n|gametype|doubles\n|player|p1|zac5224666|2|1518\n|player|p2|GG=Groudon Gaming|may-masters2|1585\n|teamsize|p1|6\n|teamsize|p2|6\n|gen|9\n|tier|[Gen 9] VGC 2025 Reg G\n|rated|\n|rule|Species Clause: Limit one of each Pok\u00e9mon\n|rule|Item Clause: Limit 1 of each item\n|clearpoke\n|poke|p1|Grimmsnarl, L50, M|\n|poke|p1|Wo-Chien, L50|\n|poke|p1|Kyogre, L50|\n|poke|p1|Gholdengo, L50|\n|poke|p1|Incineroar, L50, M|\n|poke|p1|Landorus, L50, M|\n|poke|p2|Groudon, L50|\n|poke|p2|Bronzong, L50|\n|poke|p2|Raging Bolt, L50|\n|poke|p2|Flutter Mane, L50|\n|poke|p2|Ogerpon-Cornerstone, L50, F|\n|poke|p2|Gouging Fire, L50|\n|teampreview|4\n|inactive|Battle timer is ON: inactive players will automatically lose when time's up. (requested by GG=Groudon Gaming)\n|inactive|GG=Groudon Gaming has 60 seconds left.\n|inactive|GG=Groudon Gaming has 30 seconds left.\n|\n|t:|1737082723\n|start\n|switch|p1a: Grimmsnarl|Grimmsnarl, L50, M|100\/100\n|switch|p1b: Wo-Chien|Wo-Chien, L50|100\/100\n|switch|p2a: Groudon|Groudon, L50|100\/100\n|switch|p2b: Flutter Mane|Flutter Mane, L50|100\/100\n|-ability|p1b: Wo-Chien|Tablets of Ruin\n|-weather|SunnyDay|[from] ability: Drought|[of] p2a: Groudon\n|-activate|p2b: Flutter Mane|ability: Protosynthesis\n|-start|p2b: Flutter Mane|protosynthesisspe\n|turn|1\n|inactive|GG=Groudon Gaming has 30 seconds left.\n|\n|t:|1737082755\n|move|p1a: Grimmsnarl|Light Screen|p1a: Grimmsnarl\n|-sidestart|p1: zac5224666|move: Light Screen\n|move|p2b: Flutter Mane|Dazzling Gleam|p1a: Grimmsnarl|[spread] p1a,p1b\n|-supereffective|p1a: Grimmsnarl\n|-supereffective|p1b: Wo-Chien\n|-crit|p1b: Wo-Chien\n|-damage|p1a: Grimmsnarl|58\/100\n|-damage|p1b: Wo-Chien|35\/100\n|move|p1b: Wo-Chien|Leech Seed|p2b: Flutter Mane\n|-start|p2b: Flutter Mane|move: Leech Seed\n|move|p2a: Groudon|Precipice Blades|p1a: Grimmsnarl|[spread] p1a,p1b\n|-resisted|p1b: Wo-Chien\n|-damage|p1a: Grimmsnarl|17\/100\n|-damage|p1b: Wo-Chien|18\/100\n|\n|-weather|SunnyDay|[upkeep]\n|-heal|p1b: Wo-Chien|24\/100|[from] item: Leftovers\n|-damage|p2b: Flutter Mane|88\/100|[from] Leech Seed|[of] p1b: Wo-Chien\n|-heal|p1b: Wo-Chien|33\/100|[silent]\n|upkeep\n|turn|2\n|\n|t:|1737082780\n|move|p1b: Wo-Chien|Protect|p1b: Wo-Chien\n|-singleturn|p1b: Wo-Chien|Protect\n|move|p1a: Grimmsnarl|Reflect|p1a: Grimmsnarl\n|-sidestart|p1: zac5224666|Reflect\n|move|p2b: Flutter Mane|Dazzling Gleam|p1a: Grimmsnarl|[spread] p1a\n|-activate|p1b: Wo-Chien|move: Protect\n|-supereffective|p1a: Grimmsnarl\n|-damage|p1a: Grimmsnarl|0 fnt\n|faint|p1a: Grimmsnarl\n|move|p2a: Groudon|Precipice Blades|p1b: Wo-Chien\n|-activate|p1b: Wo-Chien|move: Protect\n|\n|-weather|SunnyDay|[upkeep]\n|-heal|p1b: Wo-Chien|39\/100|[from] item: Leftovers\n|-damage|p2b: Flutter Mane|76\/100|[from] Leech Seed|[of] p1b: Wo-Chien\n|-heal|p1b: Wo-Chien|47\/100|[silent]\n|upkeep\n|inactive|zac5224666 has 30 seconds left.\n|\n|t:|1737082807\n|switch|p1a: Landorus|Landorus, L50, M|100\/100\n|turn|3\n|\n|t:|1737082811\n|switch|p1b: Kyogre|Kyogre, L50|100\/100\n|-weather|RainDance|[from] ability: Drizzle|[of] p1b: Kyogre\n|-end|p2b: Flutter Mane|Protosynthesis\n|move|p2a: Groudon|Helping Hand|p2b: Flutter Mane\n|-singleturn|p2b: Flutter Mane|Helping Hand|[of] p2a: Groudon\n|move|p1a: Landorus|Sandsear Storm|p2a: Groudon|[spread] p2a,p2b\n|-damage|p2a: Groudon|67\/100\n|-damage|p2b: Flutter Mane|37\/100\n|move|p2b: Flutter Mane|Icy Wind|p1b: Kyogre|[spread] p1a,p1b\n|-supereffective|p1a: Landorus\n|-resisted|p1b: Kyogre\n|-damage|p1a: Landorus|28\/100\n|-damage|p1b: Kyogre|97\/100\n|-unboost|p1a: Landorus|spe|1\n|-unboost|p1b: Kyogre|spe|1\n|\n|-weather|RainDance|[upkeep]\n|-damage|p2b: Flutter Mane|24\/100|[from] Leech Seed|[of] p1b: Kyogre\n|-heal|p1b: Kyogre|100\/100|[silent]\n|upkeep\n|turn|4\n|inactive|zac5224666 has 30 seconds left.\n|\n|t:|1737082838\n|switch|p1a: Wo-Chien|Wo-Chien, L50|47\/100\n|-ability|p1a: Wo-Chien|Tablets of Ruin\n|move|p2b: Flutter Mane|Icy Wind|p1b: Kyogre|[spread] p1b\n|-miss|p2b: Flutter Mane|p1a: Wo-Chien\n|-resisted|p1b: Kyogre\n|-damage|p1b: Kyogre|99\/100\n|-unboost|p1b: Kyogre|spe|1\n|move|p2a: Groudon|Precipice Blades|p1b: Kyogre|[spread] p1a,p1b\n|-resisted|p1a: Wo-Chien\n|-damage|p1a: Wo-Chien|36\/100\n|-damage|p1b: Kyogre|76\/100\n|move|p1b: Kyogre|Water Spout|p2a: Groudon|[spread] p2a,p2b\n|-supereffective|p2a: Groudon\n|-damage|p2a: Groudon|0 fnt\n|-damage|p2b: Flutter Mane|0 fnt\n|faint|p2a: Groudon\n|faint|p2b: Flutter Mane\n|-end|p2b: Flutter Mane|Protosynthesis|[silent]\n|\n|-weather|RainDance|[upkeep]\n|-heal|p1a: Wo-Chien|43\/100|[from] item: Leftovers\n|upkeep\n|\n|t:|1737082848\n|switch|p2b: Ogerpon|Ogerpon-Cornerstone, L50, F|100\/100\n|switch|p2a: Raging Bolt|Raging Bolt, L50|100\/100\n|turn|5\n|inactive|zac5224666 has 30 seconds left.\n|inactive|zac5224666 has 20 seconds left.\n|inactive|zac5224666 has 15 seconds left.\n|inactive|zac5224666 has 10 seconds left.\n|\n|t:|1737082895\n|-terastallize|p2b: Ogerpon|Rock\n|detailschange|p2b: Ogerpon|Ogerpon-Cornerstone-Tera, L50, F, tera:Rock\n|-ability|p2b: Ogerpon|Embody Aspect (Cornerstone)|boost\n|-boost|p2b: Ogerpon|def|1\n|-terastallize|p1b: Kyogre|Grass\n|move|p2b: Ogerpon|Ivy Cudgel|p1b: Kyogre|[anim] Ivy Cudgel Rock\n|-damage|p1b: Kyogre|43\/100\n|move|p1a: Wo-Chien|Leech Seed|p2a: Raging Bolt\n|-start|p2a: Raging Bolt|move: Leech Seed\n|move|p2a: Raging Bolt|Draco Meteor|p1b: Kyogre\n|-damage|p1b: Kyogre|20\/100\n|-unboost|p2a: Raging Bolt|spa|2\n|move|p1b: Kyogre|Ice Beam|p2a: Raging Bolt\n|-supereffective|p2a: Raging Bolt\n|-crit|p2a: Raging Bolt\n|-damage|p2a: Raging Bolt|45\/100\n|\n|-weather|RainDance|[upkeep]\n|-heal|p1a: Wo-Chien|49\/100|[from] item: Leftovers\n|-damage|p2a: Raging Bolt|32\/100|[from] Leech Seed|[of] p1a: Wo-Chien\n|-heal|p1a: Wo-Chien|64\/100|[silent]\n|upkeep\n|turn|6\n|inactive|zac5224666 has 30 seconds left.\n|\n|t:|1737082928\n|move|p2b: Ogerpon|Ivy Cudgel|p1b: Kyogre|[anim] Ivy Cudgel Rock\n|-damage|p1b: Kyogre|0 fnt\n|faint|p1b: Kyogre\n|move|p1a: Wo-Chien|Leech Seed|p2b: Ogerpon\n|-start|p2b: Ogerpon|move: Leech Seed\n|move|p2a: Raging Bolt|Draco Meteor|p1a: Wo-Chien\n|-damage|p1a: Wo-Chien|46\/100\n|-unboost|p2a: Raging Bolt|spa|2\n|\n|-weather|RainDance|[upkeep]\n|-heal|p1a: Wo-Chien|52\/100|[from] item: Leftovers\n|-damage|p2b: Ogerpon|88\/100|[from] Leech Seed|[of] p1a: Wo-Chien\n|-heal|p1a: Wo-Chien|62\/100|[silent]\n|-damage|p2a: Raging Bolt|20\/100|[from] Leech Seed|[of] p1a: Wo-Chien\n|-heal|p1a: Wo-Chien|77\/100|[silent]\n|upkeep\n|\n|t:|1737082943\n|switch|p1b: Landorus|Landorus, L50, M|28\/100\n|turn|7\n|\n|t:|1737082952\n|move|p1b: Landorus|Sandsear Storm|p2b: Ogerpon|[spread] p2a,p2b\n|-supereffective|p2a: Raging Bolt\n|-supereffective|p2b: Ogerpon\n|-damage|p2a: Raging Bolt|0 fnt\n|-damage|p2b: Ogerpon|0 fnt\n|faint|p2a: Raging Bolt\n|-end|p2a: Raging Bolt|Protosynthesis|[silent]\n|faint|p2b: Ogerpon\n|\n|win|zac5224666\n|raw|zac5224666's rating: 1518 &rarr; <strong>1541<\/strong><br \/>(+23 for winning)\n|raw|GG=Groudon Gaming's rating: 1563 &rarr; <strong>1540<\/strong><br \/>(-23 for losing)\n|l|\u2606zac5224666\n|player|p1|\n|l|\u2606GG=Groudon Gaming\n|player|p2|\n","uploadtime":1737082954,"views":14,"formatid":"gen9vgc2025regg","rating":1540,"private":0,"password":null}