{"id":"gen9vgc2025regg-2282769910","format":"[Gen 9] VGC 2025 Reg G","players":["Freischieb","Snorlax Double"],"log":"|j|\u2606Freischieb\n|j|\u2606Snorlax Double\n|t:|1737110471\n|gametype|doubles\n|player|p1|Freischieb|170|1605\n|player|p2|Snorlax Double|roxie|1507\n|teamsize|p1|6\n|teamsize|p2|6\n|gen|9\n|tier|[Gen 9] VGC 2025 Reg G\n|rated|\n|rule|Species Clause: Limit one of each Pok\u00e9mon\n|rule|Item Clause: Limit 1 of each item\n|clearpoke\n|poke|p1|Gastrodon, L50, M|\n|poke|p1|Ogerpon-Cornerstone, L50, F|\n|poke|p1|Urshifu-*, L50, F|\n|poke|p1|Calyrex-Ice, L50|\n|poke|p1|Farigiraf, L50, F|\n|poke|p1|Chi-Yu, L50|\n|poke|p2|Urshifu-*, L50, M|\n|poke|p2|Chien-Pao, L50|\n|poke|p2|Zamazenta-*, L50|\n|poke|p2|Chi-Yu, L50|\n|poke|p2|Flutter Mane, L50|\n|poke|p2|Amoonguss, L50, M|\n|teampreview|4\nFreischieb has agreed to open team sheets.\n|inactive|Battle timer is ON: inactive players will automatically lose when time's up. (requested by Freischieb)\n|\n|t:|1737110545\n|start\n|switch|p1a: Australian Summer|Chi-Yu, L50|100\/100\n|switch|p1b: Honse|Calyrex-Ice, L50|100\/100\n|switch|p2a: Urshifu|Urshifu-Rapid-Strike, L50, M|100\/100\n|switch|p2b: Chien-Pao|Chien-Pao, L50|100\/100\n|-ability|p1b: Honse|As One\n|-ability|p1b: Honse|Unnerve\n|-ability|p1a: Australian Summer|Beads of Ruin\n|-ability|p2b: Chien-Pao|Sword of Ruin\n|turn|1\n|inactive|Freischieb has 30 seconds left.\n|\n|t:|1737110575\n|switch|p1a: Golden child|Gastrodon, L50, M, shiny|100\/100\n|-terastallize|p1b: Honse|Fire\n|move|p2b: Chien-Pao|Protect|p2b: Chien-Pao\n|-singleturn|p2b: Chien-Pao|Protect\n|move|p2a: Urshifu|Close Combat|p1a: Golden child\n|-damage|p1a: Golden child|8\/100\n|-unboost|p2a: Urshifu|def|1\n|-unboost|p2a: Urshifu|spd|1\n|move|p1b: Honse|Trick Room|p1b: Honse\n|-fieldstart|move: Trick Room|[of] p1b: Honse\n|\n|upkeep\n|turn|2\n|inactive|Freischieb has 30 seconds left.\n|inactive|Snorlax Double has 30 seconds left.\n|\n|t:|1737110605\n|move|p2a: Urshifu|Protect|p2a: Urshifu\n|-singleturn|p2a: Urshifu|Protect\n|move|p1a: Golden child|Recover|p1a: Golden child\n|-heal|p1a: Golden child|59\/100\n|move|p1b: Honse|High Horsepower|p2a: Urshifu\n|-activate|p2a: Urshifu|move: Protect\n|move|p2b: Chien-Pao|Ice Spinner|p1a: Golden child\n|-damage|p1a: Golden child|4\/100\n|\n|upkeep\n|turn|3\n|\n|t:|1737110627\n|switch|p2a: Amoonguss|Amoonguss, L50, M|100\/100\n|move|p1a: Golden child|Recover|p1a: Golden child\n|-heal|p1a: Golden child|54\/100\n|move|p1b: Honse|High Horsepower|p2a: Amoonguss|[miss]\n|-miss|p1b: Honse|p2a: Amoonguss\n|move|p2b: Chien-Pao|Ice Spinner|p1a: Golden child\n|-damage|p1a: Golden child|0 fnt\n|faint|p1a: Golden child\n|\n|upkeep\n|j| sazar saifi\n|\n|t:|1737110635\n|switch|p1a: \ud83d\udc4d|Urshifu, L50, F|100\/100\n|turn|4\n|inactive|Snorlax Double has 30 seconds left.\n|inactive|Snorlax Double has 20 seconds left.\n|inactive|Snorlax Double has 15 seconds left.\n|inactive|Freischieb has 30 seconds left.\n|\n|t:|1737110680\n|-terastallize|p2a: Amoonguss|Fairy\n|move|p1b: Honse|Protect|p1b: Honse\n|-singleturn|p1b: Honse|Protect\n|move|p2a: Amoonguss|Spore|p1a: \ud83d\udc4d\n|-status|p1a: \ud83d\udc4d|slp|[from] move: Spore\n|cant|p1a: \ud83d\udc4d|slp\n|move|p2b: Chien-Pao|Ice Spinner|p1a: \ud83d\udc4d\n|-damage|p1a: \ud83d\udc4d|48\/100 slp\n|\n|upkeep\n|turn|5\n|\n|t:|1737110699\n|move|p1b: Honse|Protect|p1b: Honse\n|-singleturn|p1b: Honse|Protect\n|cant|p1a: \ud83d\udc4d|slp\n|move|p2a: Amoonguss|Spore|p1b: Honse\n|-activate|p1b: Honse|move: Protect\n|move|p2b: Chien-Pao|Ice Spinner|p1a: \ud83d\udc4d\n|-damage|p1a: \ud83d\udc4d|0 fnt\n|faint|p1a: \ud83d\udc4d\n|\n|-fieldend|move: Trick Room\n|upkeep\n|\n|t:|1737110701\n|switch|p1a: Australian Summer|Chi-Yu, L50|100\/100\n|-ability|p1a: Australian Summer|Beads of Ruin\n|turn|6\n|inactive|Snorlax Double has 30 seconds left.\n|\n|t:|1737110732\n|move|p2a: Amoonguss|Protect|p2a: Amoonguss\n|-singleturn|p2a: Amoonguss|Protect\n|move|p1a: Australian Summer|Heat Wave|p2a: Amoonguss|[spread] p2b\n|-activate|p2a: Amoonguss|move: Protect\n|-supereffective|p2b: Chien-Pao\n|-enditem|p2b: Chien-Pao|Focus Sash\n|-damage|p2b: Chien-Pao|1\/100\n|move|p2b: Chien-Pao|Throat Chop|p1b: Honse\n|-damage|p1b: Honse|68\/100\n|-start|p1b: Honse|Throat Chop|[silent]\n|move|p1b: Honse|Glacial Lance|p2b: Chien-Pao|[spread] p2b\n|-activate|p2a: Amoonguss|move: Protect\n|-resisted|p2b: Chien-Pao\n|-damage|p2b: Chien-Pao|0 fnt\n|faint|p2b: Chien-Pao\n|-ability|p1b: Honse|Chilling Neigh|boost\n|-boost|p1b: Honse|atk|1\n|\n|upkeep\n|\n|t:|1737110748\n|switch|p2b: Zamazenta|Zamazenta-Crowned, L50|100\/100\n|-ability|p2b: Zamazenta|Dauntless Shield|boost\n|-boost|p2b: Zamazenta|def|1\n|turn|7\n|\n|t:|1737110760\n|move|p2b: Zamazenta|Wide Guard|p2b: Zamazenta\n|-singleturn|p2b: Zamazenta|Wide Guard\n|move|p2a: Amoonguss|Rage Powder|p2a: Amoonguss\n|-singleturn|p2a: Amoonguss|move: Rage Powder\n|move|p1a: Australian Summer|Heat Wave|p2b: Zamazenta|[spread] \n|-activate|p2a: Amoonguss|move: Wide Guard\n|-activate|p2b: Zamazenta|move: Wide Guard\n|move|p1b: Honse|Glacial Lance|p2b: Zamazenta|[spread] \n|-activate|p2a: Amoonguss|move: Wide Guard\n|-activate|p2b: Zamazenta|move: Wide Guard\n|\n|-end|p1b: Honse|Throat Chop|[silent]\n|upkeep\n|turn|8\n|\n|t:|1737110774\n|move|p2b: Zamazenta|Wide Guard|p2b: Zamazenta\n|-singleturn|p2b: Zamazenta|Wide Guard\n|move|p1a: Australian Summer|Heat Wave|p2b: Zamazenta|[spread] \n|-activate|p2a: Amoonguss|move: Wide Guard\n|-activate|p2b: Zamazenta|move: Wide Guard\n|move|p1b: Honse|High Horsepower|p2b: Zamazenta\n|-supereffective|p2b: Zamazenta\n|-damage|p2b: Zamazenta|48\/100\n|move|p2a: Amoonguss|Spore|p1b: Honse\n|-status|p1b: Honse|slp|[from] move: Spore\n|\n|upkeep\n|turn|9\n|\n|t:|1737110788\n|move|p2b: Zamazenta|Wide Guard|p2b: Zamazenta\n|-singleturn|p2b: Zamazenta|Wide Guard\n|move|p1a: Australian Summer|Heat Wave|p2a: Amoonguss|[spread] \n|-activate|p2a: Amoonguss|move: Wide Guard\n|-activate|p2b: Zamazenta|move: Wide Guard\n|cant|p1b: Honse|slp\n|move|p2a: Amoonguss|Spore|p1a: Australian Summer\n|-status|p1a: Australian Summer|slp|[from] move: Spore\n|\n|upkeep\n|turn|10\n|\n|t:|1737110799\n|move|p2a: Amoonguss|Rage Powder|p2a: Amoonguss\n|-singleturn|p2a: Amoonguss|move: Rage Powder\n|cant|p1a: Australian Summer|slp\n|move|p2b: Zamazenta|Body Press|p1b: Honse\n|-damage|p1b: Honse|27\/100 slp\n|-curestatus|p1b: Honse|slp|[msg]\n|move|p1b: Honse|Glacial Lance|p2a: Amoonguss|[spread] p2a,p2b\n|-resisted|p2b: Zamazenta\n|-damage|p2a: Amoonguss|33\/100\n|-damage|p2b: Zamazenta|29\/100\n|\n|upkeep\n|turn|11\n|\n|t:|1737110814\n|move|p2b: Zamazenta|Wide Guard|p2b: Zamazenta\n|-singleturn|p2b: Zamazenta|Wide Guard\n|-curestatus|p1a: Australian Summer|slp|[msg]\n|move|p1a: Australian Summer|Heat Wave|p2a: Amoonguss|[spread] \n|-activate|p2a: Amoonguss|move: Wide Guard\n|-activate|p2b: Zamazenta|move: Wide Guard\n|move|p1b: Honse|High Horsepower|p2b: Zamazenta\n|-supereffective|p2b: Zamazenta\n|-damage|p2b: Zamazenta|0 fnt\n|faint|p2b: Zamazenta\n|-ability|p1b: Honse|Chilling Neigh|boost\n|-boost|p1b: Honse|atk|1\n|move|p2a: Amoonguss|Spore|p1b: Honse\n|-status|p1b: Honse|slp|[from] move: Spore\n|\n|upkeep\n|\n|t:|1737110824\n|switch|p2b: Urshifu|Urshifu-Rapid-Strike, L50, M|100\/100\n|turn|12\n|\n|t:|1737110830\n|move|p2a: Amoonguss|Protect|p2a: Amoonguss\n|-singleturn|p2a: Amoonguss|Protect\n|move|p1a: Australian Summer|Heat Wave|p2b: Urshifu|[spread] p2b\n|-activate|p2a: Amoonguss|move: Protect\n|-resisted|p2b: Urshifu\n|-damage|p2b: Urshifu|57\/100\n|move|p2b: Urshifu|Surging Strikes|p1a: Australian Summer\n|-supereffective|p1a: Australian Summer\n|-crit|p1a: Australian Summer\n|-damage|p1a: Australian Summer|30\/100\n|-supereffective|p1a: Australian Summer\n|-crit|p1a: Australian Summer\n|-damage|p1a: Australian Summer|0 fnt\n|faint|p1a: Australian Summer\n|-hitcount|p1: Australian Summer|2\n|cant|p1b: Honse|slp\n|\n|upkeep\n|turn|13\n|\n|t:|1737110840\n|move|p2a: Amoonguss|Rage Powder|p2a: Amoonguss\n|-singleturn|p2a: Amoonguss|move: Rage Powder\n|move|p2b: Urshifu|Surging Strikes|p1b: Honse\n|-supereffective|p1b: Honse\n|-crit|p1b: Honse\n|-damage|p1b: Honse|0 fnt\n|faint|p1b: Honse\n|-hitcount|p1: Honse|1\n|\n|win|Snorlax Double\n|raw|Freischieb's rating: 1605 &rarr; <strong>1580<\/strong><br \/>(-25 for losing)\n|raw|Snorlax Double's rating: 1507 &rarr; <strong>1532<\/strong><br \/>(+25 for winning)\n|l|\u2606Freischieb\n|player|p1|\n|l| sazar saifi\n|l|\u2606Snorlax Double\n|player|p2|\n","uploadtime":1737111093,"views":10,"formatid":"gen9vgc2025regg","rating":1532,"private":0,"password":null}