{"id":"gen9vgc2025regg-2282546450","format":"[Gen 9] VGC 2025 Reg G","players":["DDee_pkmn","kid_the_phantom"],"log":"|j|\u2606DDee_pkmn\n|j|\u2606kid_the_phantom\n|t:|1737073505\n|gametype|doubles\n|player|p1|DDee_pkmn|iris|1552\n|player|p2|kid_the_phantom|265|1526\n|teamsize|p1|6\n|teamsize|p2|6\n|gen|9\n|tier|[Gen 9] VGC 2025 Reg G\n|rated|\n|rule|Species Clause: Limit one of each Pok\u00e9mon\n|rule|Item Clause: Limit 1 of each item\n|clearpoke\n|poke|p1|Calyrex-Shadow, L50|\n|poke|p1|Ogerpon-Wellspring, L50, F|\n|poke|p1|Urshifu-*, L50, M|\n|poke|p1|Sneasler, L50, F|\n|poke|p1|Indeedee-F, L50, F|\n|poke|p1|Heatran, L50, M|\n|poke|p2|Miraidon, L50|\n|poke|p2|Iron Hands, L50|\n|poke|p2|Whimsicott, L50, F|\n|poke|p2|Farigiraf, L50, M|\n|poke|p2|Ursaluna-Bloodmoon, L50, M|\n|poke|p2|Chi-Yu, L50|\n|teampreview|4\n|\n|t:|1737073529\n|start\n|switch|p1a: Sneasler|Sneasler, L50, F|100\/100\n|switch|p1b: Indeedee|Indeedee-F, L50, F|100\/100\n|switch|p2a: Miraidon|Miraidon, L50|100\/100\n|switch|p2b: Chi-Yu|Chi-Yu, L50|100\/100\n|-ability|p2b: Chi-Yu|Beads of Ruin\n|-fieldstart|move: Electric Terrain|[from] ability: Hadron Engine|[of] p2a: Miraidon\n|-fieldstart|move: Psychic Terrain|[from] ability: Psychic Surge|[of] p1b: Indeedee\n|-enditem|p1a: Sneasler|Psychic Seed\n|-boost|p1a: Sneasler|spd|1|[from] item: Psychic Seed\n|turn|1\n|j| Lord Licorice\n|inactive|Battle timer is ON: inactive players will automatically lose when time's up. (requested by kid_the_phantom)\n|\n|t:|1737073566\n|-terastallize|p1a: Sneasler|Stellar\n|move|p1b: Indeedee|Helping Hand|p1a: Sneasler\n|-singleturn|p1a: Sneasler|Helping Hand|[of] p1b: Indeedee\n|move|p1a: Sneasler|Gunk Shot|p2a: Miraidon\n|-damage|p2a: Miraidon|0 fnt\n|faint|p2a: Miraidon\n|move|p2b: Chi-Yu|Heat Wave|p1b: Indeedee|[spread] p1a,p1b\n|-damage|p1a: Sneasler|46\/100\n|-damage|p1b: Indeedee|51\/100\n|\n|upkeep\n|\n|t:|1737073578\n|switch|p2a: Farigiraf|Farigiraf, L50, M|100\/100\n|turn|2\n|\n|t:|1737073595\n|move|p1b: Indeedee|Helping Hand|p1a: Sneasler\n|-singleturn|p1a: Sneasler|Helping Hand|[of] p1b: Indeedee\n|move|p1a: Sneasler|Close Combat|p2a: Farigiraf\n|-damage|p2a: Farigiraf|0 fnt\n|-unboost|p1a: Sneasler|def|1\n|-unboost|p1a: Sneasler|spd|1\n|faint|p2a: Farigiraf\n|move|p2b: Chi-Yu|Heat Wave|p1a: Sneasler|[spread] p1a\n|-miss|p2b: Chi-Yu|p1b: Indeedee\n|-damage|p1a: Sneasler|0 fnt\n|faint|p1a: Sneasler\n|\n|upkeep\n|\n|t:|1737073606\n|switch|p1a: Urshifu|Urshifu, L50, M|100\/100\n|switch|p2a: Ursaluna|Ursaluna-Bloodmoon, L50, M|100\/100\n|turn|3\n|\n|t:|1737073617\n|move|p1a: Urshifu|Detect|p1a: Urshifu\n|-singleturn|p1a: Urshifu|Protect\n|move|p2b: Chi-Yu|Heat Wave|p1a: Urshifu|[spread] p1b\n|-activate|p1a: Urshifu|move: Protect\n|-damage|p1b: Indeedee|0 fnt\n|faint|p1b: Indeedee\n|move|p2a: Ursaluna|Hyper Voice|p1a: Urshifu\n|-activate|p1a: Urshifu|move: Protect\n|\n|upkeep\n|\n|t:|1737073622\n|switch|p1b: Calyrex|Calyrex-Shadow, L50|100\/100\n|-ability|p1b: Calyrex|As One\n|-ability|p1b: Calyrex|Unnerve\n|turn|4\n|inactive|DDee_pkmn has 30 seconds left.\n|\n|t:|1737073661\n|-terastallize|p2b: Chi-Yu|Ground\n|move|p1b: Calyrex|Protect|p1b: Calyrex\n|-singleturn|p1b: Calyrex|Protect\n|move|p2b: Chi-Yu|Heat Wave|p1a: Urshifu|[spread] p1a\n|-activate|p1b: Calyrex|move: Protect\n|-damage|p1a: Urshifu|23\/100\n|move|p1a: Urshifu|Close Combat|p2b: Chi-Yu\n|-damage|p2b: Chi-Yu|0 fnt\n|-unboost|p1a: Urshifu|def|1\n|-unboost|p1a: Urshifu|spd|1\n|faint|p2b: Chi-Yu\n|move|p2a: Ursaluna|Hyper Voice|p1b: Calyrex|[spread] p1a\n|-activate|p1b: Calyrex|move: Protect\n|-enditem|p2a: Ursaluna|Normal Gem|[from] gem\n|-damage|p1a: Urshifu|0 fnt\n|faint|p1a: Urshifu\n|\n|upkeep\n|turn|5\n|\n|t:|1737073678\n|move|p2a: Ursaluna|Protect|p2a: Ursaluna\n|-singleturn|p2a: Ursaluna|Protect\n|move|p1b: Calyrex|Nasty Plot|p1b: Calyrex\n|-boost|p1b: Calyrex|spa|2\n|\n|-fieldend|move: Psychic Terrain\n|upkeep\n|turn|6\n|\n|t:|1737073684\n|move|p1b: Calyrex|Protect|p1b: Calyrex\n|-singleturn|p1b: Calyrex|Protect\n|move|p2a: Ursaluna|Calm Mind|p2a: Ursaluna\n|-boost|p2a: Ursaluna|spa|1\n|-boost|p2a: Ursaluna|spd|1\n|\n|upkeep\n|turn|7\n|\n|t:|1737073688\n|move|p1b: Calyrex|Expanding Force|p2a: Ursaluna\n|-damage|p2a: Ursaluna|20\/100\n|-damage|p1b: Calyrex|91\/100|[from] item: Life Orb\n|move|p2a: Ursaluna|Blood Moon|p1b: Calyrex\n|-damage|p1b: Calyrex|0 fnt\n|faint|p1b: Calyrex\n|\n|win|kid_the_phantom\n|raw|DDee_pkmn's rating: 1552 &rarr; <strong>1531<\/strong><br \/>(-21 for losing)\n|raw|kid_the_phantom's rating: 1526 &rarr; <strong>1547<\/strong><br \/>(+21 for winning)\n|l|\u2606DDee_pkmn\n|player|p1|\n|l|\u2606kid_the_phantom\n|player|p2|\n|l| Lord Licorice\n","uploadtime":1737073907,"views":19,"formatid":"gen9vgc2025regg","rating":1531,"private":0,"password":null}