{"id":"gen9vgc2025regg-2282776727","format":"[Gen 9] VGC 2025 Reg G","players":["ZTMY ENCORE","MigraineMan"],"log":"|j|\u2606ZTMY ENCORE\n|j|\u2606MigraineMan\n|t:|1737111687\n|gametype|doubles\n|player|p1|ZTMY ENCORE|169|1609\n|player|p2|MigraineMan|170|1545\n|teamsize|p1|6\n|teamsize|p2|6\n|gen|9\n|tier|[Gen 9] VGC 2025 Reg G\n|rated|\n|rule|Species Clause: Limit one of each Pok\u00e9mon\n|rule|Item Clause: Limit 1 of each item\n|clearpoke\n|poke|p1|Terapagos, L50, M|\n|poke|p1|Smeargle, L50, M|\n|poke|p1|Tornadus, L50, M|\n|poke|p1|Iron Hands, L50|\n|poke|p1|Dondozo, L50, M|\n|poke|p1|Tatsugiri-Stretchy, L50, M|\n|poke|p2|Calyrex-Ice, L50|\n|poke|p2|Grimmsnarl, L50, M|\n|poke|p2|Farigiraf, L50, M|\n|poke|p2|Tornadus, L50, M|\n|poke|p2|Urshifu-*, L50, M|\n|poke|p2|Blaziken, L50, F|\n|teampreview|4\n|inactive|Battle timer is ON: inactive players will automatically lose when time's up. (requested by ZTMY ENCORE)\n|\n|t:|1737111723\n|start\n|switch|p1a: Dondozo|Dondozo, L50, M|100\/100\n|switch|p1b: Smeargle|Smeargle, L50, M|100\/100\n|switch|p2a: Billy Ray Cyrus|Calyrex-Ice, L50|100\/100\n|switch|p2b: Speedy Gonzales|Blaziken, L50, F, shiny|100\/100\n|-ability|p2a: Billy Ray Cyrus|As One\n|-ability|p2a: Billy Ray Cyrus|Unnerve\n|turn|1\n|\n|t:|1737111736\n|move|p1a: Dondozo|Protect|p1a: Dondozo\n|-singleturn|p1a: Dondozo|Protect\n|move|p2b: Speedy Gonzales|Upper Hand||[still]\n|-fail|p2b: Speedy Gonzales\n|move|p1b: Smeargle|Decorate|p1a: Dondozo\n|-boost|p1a: Dondozo|atk|2\n|-boost|p1a: Dondozo|spa|2\n|move|p2a: Billy Ray Cyrus|Glacial Lance|p1a: Dondozo|[spread] p1b\n|-activate|p1a: Dondozo|move: Protect\n|-enditem|p1b: Smeargle|Focus Sash\n|-damage|p1b: Smeargle|1\/100\n|\n|-ability|p2b: Speedy Gonzales|Speed Boost|boost\n|-boost|p2b: Speedy Gonzales|spe|1\n|-ability|p1b: Smeargle|Moody|boost\n|-boost|p1b: Smeargle|atk|2\n|-unboost|p1b: Smeargle|spe|1\n|upkeep\n|turn|2\n|\n|t:|1737111758\n|switch|p1b: Tatsugiri|Tatsugiri-Stretchy, L50, M|100\/100\n|-activate|p1b: Tatsugiri|ability: Commander|[of] p1a: Dondozo\n|-boost|p1a: Dondozo|atk|2\n|-boost|p1a: Dondozo|spa|2\n|-boost|p1a: Dondozo|spe|2\n|-boost|p1a: Dondozo|def|2\n|-boost|p1a: Dondozo|spd|2\n|move|p2b: Speedy Gonzales|Close Combat|p1a: Dondozo\n|-damage|p1a: Dondozo|80\/100\n|-unboost|p2b: Speedy Gonzales|def|1\n|-unboost|p2b: Speedy Gonzales|spd|1\n|move|p1a: Dondozo|Earthquake|p2b: Speedy Gonzales|[spread] p2a,p2b\n|-miss|p1a: Dondozo|p1b: Tatsugiri\n|-crit|p2a: Billy Ray Cyrus\n|-supereffective|p2b: Speedy Gonzales\n|-damage|p2a: Billy Ray Cyrus|4\/100\n|-enditem|p2b: Speedy Gonzales|Focus Sash\n|-damage|p2b: Speedy Gonzales|1\/100\n|-damage|p1a: Dondozo|70\/100|[from] item: Life Orb\n|move|p2a: Billy Ray Cyrus|Glacial Lance|p1a: Dondozo|[spread] p1a\n|-miss|p2a: Billy Ray Cyrus|p1b: Tatsugiri\n|-resisted|p1a: Dondozo\n|-damage|p1a: Dondozo|56\/100\n|\n|-ability|p2b: Speedy Gonzales|Speed Boost|boost\n|-boost|p2b: Speedy Gonzales|spe|1\n|upkeep\n|turn|3\n|inactive|ZTMY ENCORE has 30 seconds left.\n|\n|t:|1737111791\n|move|p2b: Speedy Gonzales|Close Combat|p1a: Dondozo\n|-damage|p1a: Dondozo|36\/100\n|-unboost|p2b: Speedy Gonzales|def|1\n|-unboost|p2b: Speedy Gonzales|spd|1\n|move|p1a: Dondozo|Order Up|p2b: Speedy Gonzales\n|-damage|p2b: Speedy Gonzales|0 fnt\n|faint|p2b: Speedy Gonzales\n|-boost|p1a: Dondozo|spe|1\n|-damage|p1a: Dondozo|27\/100|[from] item: Life Orb\n|move|p2a: Billy Ray Cyrus|Glacial Lance|p1b: Tatsugiri|[spread] p1a\n|-miss|p2a: Billy Ray Cyrus|p1b: Tatsugiri\n|-resisted|p1a: Dondozo\n|-damage|p1a: Dondozo|11\/100\n|\n|upkeep\n|\n|t:|1737111796\n|switch|p2b: Three Punch Man|Urshifu-Rapid-Strike, L50, M|100\/100\n|turn|4\n|\n|t:|1737111807\n|move|p2b: Three Punch Man|Surging Strikes|p1a: Dondozo\n|-resisted|p1a: Dondozo\n|-crit|p1a: Dondozo\n|-damage|p1a: Dondozo|3\/100\n|-resisted|p1a: Dondozo\n|-crit|p1a: Dondozo\n|-damage|p1a: Dondozo|0 fnt\n|faint|p1a: Dondozo\n|-hitcount|p1: Dondozo|2\n|move|p2a: Billy Ray Cyrus|Glacial Lance|p1b: Tatsugiri\n|-damage|p1b: Tatsugiri|0 fnt\n|faint|p1b: Tatsugiri\n|-ability|p2a: Billy Ray Cyrus|Chilling Neigh|boost\n|-boost|p2a: Billy Ray Cyrus|atk|1\n|\n|upkeep\n|\n|t:|1737111819\n|switch|p1b: Smeargle|Smeargle, L50, M|1\/100\n|switch|p1a: Terapagos|Terapagos, L50, M|100\/100\n|-activate|p1a: Terapagos|ability: Tera Shift\n|detailschange|p1a: Terapagos|Terapagos-Terastal, L50, M\n|-heal|p1a: Terapagos|100\/100|[silent]\n|turn|5\n|\n|t:|1737111840\n|-terastallize|p1a: Terapagos|Stellar\n|detailschange|p1a: Terapagos|Terapagos-Stellar, L50, M, tera:Stellar\n|-heal|p1a: Terapagos|100\/100|[silent]\n|move|p1b: Smeargle|Fake Out|p2b: Three Punch Man\n|-damage|p2b: Three Punch Man|95\/100\n|cant|p2b: Three Punch Man|flinch\n|move|p1a: Terapagos|Tera Starstorm|p2b: Three Punch Man|[spread] p2a,p2b\n|-damage|p2a: Billy Ray Cyrus|0 fnt\n|-damage|p2b: Three Punch Man|6\/100\n|faint|p2a: Billy Ray Cyrus\n|\n|-ability|p1b: Smeargle|Moody|boost\n|-boost|p1b: Smeargle|atk|2\n|-unboost|p1b: Smeargle|spd|1\n|upkeep\n|\n|t:|1737111847\n|switch|p2a: Longus Neckus|Farigiraf, L50, M|100\/100\n|turn|6\n|-message|MigraineMan forfeited.\n|\n|win|ZTMY ENCORE\n|raw|ZTMY ENCORE's rating: 1609 &rarr; <strong>1625<\/strong><br \/>(+16 for winning)\n|raw|MigraineMan's rating: 1545 &rarr; <strong>1529<\/strong><br \/>(-16 for losing)\n|l|\u2606MigraineMan\n|player|p2|\n|l|\u2606ZTMY ENCORE\n|player|p1|\n","uploadtime":1737112071,"views":25,"formatid":"gen9vgc2025regg","rating":1529,"private":0,"password":null}