{"id":"gen9vgc2025regg-2282717225","format":"[Gen 9] VGC 2025 Reg G","players":["bluestraggler02","Mojoe93"],"log":"|j|\u2606bluestraggler02\n|j|\u2606Mojoe93\n|t:|1737100645\n|gametype|doubles\n|player|p1|bluestraggler02|170|1588\n|player|p2|Mojoe93|170|1710\n|teamsize|p1|6\n|teamsize|p2|6\n|gen|9\n|tier|[Gen 9] VGC 2025 Reg G\n|rated|\n|rule|Species Clause: Limit one of each Pok\u00e9mon\n|rule|Item Clause: Limit 1 of each item\n|clearpoke\n|poke|p1|Groudon, L50|\n|poke|p1|Gouging Fire, L50|\n|poke|p1|Brute Bonnet, L50|\n|poke|p1|Walking Wake, L50|\n|poke|p1|Farigiraf, L50, M|\n|poke|p1|Torkoal, L50, M|\n|poke|p2|Indeedee-F, L50, F|\n|poke|p2|Calyrex-Shadow, L50|\n|poke|p2|Urshifu-*, L50, F|\n|poke|p2|Landorus, L50, M|\n|poke|p2|Tornadus, L50, M|\n|poke|p2|Raging Bolt, L50|\n|teampreview|4\n|\n|t:|1737100689\n|start\n|switch|p1a: Groudon|Groudon, L50|100\/100\n|switch|p1b: Walking Wake|Walking Wake, L50|100\/100\n|switch|p2a: Landorus|Landorus, L50, M|100\/100\n|switch|p2b: Tornadus|Tornadus, L50, M|100\/100\n|-weather|SunnyDay|[from] ability: Drought|[of] p1a: Groudon\n|-activate|p1b: Walking Wake|ability: Protosynthesis\n|-start|p1b: Walking Wake|protosynthesisspe\n|turn|1\n|\n|t:|1737100720\n|move|p2b: Tornadus|Tailwind|p2b: Tornadus\n|-sidestart|p2: Mojoe93|move: Tailwind\n|move|p2a: Landorus|Earth Power|p1a: Groudon\n|-damage|p1a: Groudon|57\/100\n|move|p1b: Walking Wake|Snarl|p2a: Landorus|[spread] p2a,p2b\n|-damage|p2a: Landorus|75\/100\n|-damage|p2b: Tornadus|77\/100\n|-unboost|p2a: Landorus|spa|1\n|-unboost|p2b: Tornadus|spa|1\n|move|p1a: Groudon|Thunder Punch|p2b: Tornadus\n|-supereffective|p2b: Tornadus\n|-damage|p2b: Tornadus|10\/100\n|\n|-weather|SunnyDay|[upkeep]\n|upkeep\n|turn|2\n|\n|t:|1737100740\n|switch|p1a: Farigiraf|Farigiraf, L50, M|100\/100\n|move|p2a: Landorus|Earth Power|p1b: Walking Wake\n|-damage|p1b: Walking Wake|55\/100\n|move|p2b: Tornadus|Bleakwind Storm|p1a: Farigiraf|[spread] p1a,p1b\n|-damage|p1a: Farigiraf|82\/100\n|-damage|p1b: Walking Wake|31\/100\n|move|p1b: Walking Wake|Snarl|p2b: Tornadus|[spread] p2a,p2b\n|-damage|p2a: Landorus|50\/100\n|-damage|p2b: Tornadus|0 fnt\n|-unboost|p2a: Landorus|spa|1\n|faint|p2b: Tornadus\n|\n|-weather|SunnyDay|[upkeep]\n|upkeep\n|\n|t:|1737100755\n|switch|p2b: Indeedee|Indeedee-F, L50, F|100\/100\n|-fieldstart|move: Psychic Terrain|[from] ability: Psychic Surge|[of] p2b: Indeedee\n|turn|3\n|\n|t:|1737100763\n|-end|p1b: Walking Wake|Protosynthesis|[silent]\n|switch|p1b: Groudon|Groudon, L50|57\/100\n|move|p2a: Landorus|Earth Power|p1b: Groudon\n|-damage|p1b: Groudon|31\/100\n|move|p1a: Farigiraf|Hyper Voice|p2b: Indeedee|[spread] p2a,p2b\n|-damage|p2a: Landorus|15\/100\n|-damage|p2b: Indeedee|80\/100\n|move|p2b: Indeedee|Trick Room|p2b: Indeedee\n|-fieldstart|move: Trick Room|[of] p2b: Indeedee\n|\n|-weather|SunnyDay|[upkeep]\n|upkeep\n|turn|4\n|\n|t:|1737100779\n|-terastallize|p1b: Groudon|Fire\n|move|p1a: Farigiraf|Hyper Voice|p2b: Indeedee|[spread] p2a,p2b\n|-damage|p2a: Landorus|0 fnt\n|-damage|p2b: Indeedee|58\/100\n|faint|p2a: Landorus\n|move|p1b: Groudon|Heat Crash|p2b: Indeedee\n|-crit|p2b: Indeedee\n|-damage|p2b: Indeedee|0 fnt\n|faint|p2b: Indeedee\n|\n|-weather|SunnyDay|[upkeep]\n|-sideend|p2: Mojoe93|move: Tailwind\n|upkeep\n|inactive|Battle timer is ON: inactive players will automatically lose when time's up. (requested by bluestraggler02)\n|c|\u2606Mojoe93|gg\n|\n|t:|1737100794\n|switch|p2b: Calyrex|Calyrex-Shadow, L50|100\/100\n|-ability|p2b: Calyrex|As One\n|-ability|p2b: Calyrex|Unnerve\n|turn|5\n|\n|t:|1737100807\n|move|p1a: Farigiraf|Helping Hand|p1b: Groudon\n|-singleturn|p1b: Groudon|Helping Hand|[of] p1a: Farigiraf\n|move|p1b: Groudon|Heat Crash|p2b: Calyrex\n|-damage|p2b: Calyrex|0 fnt\n|faint|p2b: Calyrex\n|\n|win|bluestraggler02\n|raw|bluestraggler02's rating: 1588 &rarr; <strong>1615<\/strong><br \/>(+27 for winning)\n|raw|Mojoe93's rating: 1710 &rarr; <strong>1683<\/strong><br \/>(-27 for losing)\n|l|\u2606bluestraggler02\n|player|p1|\n|l|\u2606Mojoe93\n|player|p2|\n","uploadtime":1737100848,"views":60,"formatid":"gen9vgc2025regg","rating":1615,"private":0,"password":null}