{"id":"gen9vgc2025regg-2282207082","format":"[Gen 9] VGC 2025 Reg G","players":["Freischieb","caZISA"],"log":"|j|\u2606Freischieb\n|j|\u2606caZISA\n|t:|1737036717\n|gametype|doubles\n|player|p1|Freischieb|101|1663\n|player|p2|caZISA|red|1725\n|teamsize|p1|6\n|teamsize|p2|6\n|gen|9\n|tier|[Gen 9] VGC 2025 Reg G\n|rated|\n|rule|Species Clause: Limit one of each Pok\u00e9mon\n|rule|Item Clause: Limit 1 of each item\n|clearpoke\n|poke|p1|Gastrodon, L50, M|\n|poke|p1|Ogerpon-Cornerstone, L50, F|\n|poke|p1|Urshifu-*, L50, M|\n|poke|p1|Calyrex-Ice, L50|\n|poke|p1|Farigiraf, L50, M|\n|poke|p1|Chi-Yu, L50|\n|poke|p2|Calyrex-Ice, L50|\n|poke|p2|Urshifu-*, L50, M|\n|poke|p2|Raging Bolt, L50|\n|poke|p2|Rillaboom, L50, F|\n|poke|p2|Torkoal, L50, M|\n|poke|p2|Smeargle, L50, M|\n|teampreview|4\nFreischieb has agreed to open team sheets.\n|c|\u2606caZISA|glhf\n|\n|t:|1737036752\n|start\n|switch|p1a: Australian Summer|Chi-Yu, L50|100\/100\n|switch|p1b: Melman|Farigiraf, L50, M|100\/100\n|switch|p2a: Smeargle|Smeargle, L50, M|100\/100\n|switch|p2b: Urshifu|Urshifu, L50, M|100\/100\n|-ability|p1a: Australian Summer|Beads of Ruin\n|turn|1\n|c|\u2606Freischieb|Glhf\n|inactive|Battle timer is ON: inactive players will automatically lose when time's up. (requested by caZISA)\n|\n|t:|1737036765\n|-terastallize|p1b: Melman|Fairy\n|move|p1a: Australian Summer|Heat Wave|p2b: Urshifu|[spread] p2a,p2b\n|-enditem|p2a: Smeargle|Focus Sash\n|-damage|p2a: Smeargle|1\/100\n|-damage|p2b: Urshifu|22\/100\n|move|p2b: Urshifu|Wicked Blow|p1b: Melman\n|-resisted|p1b: Melman\n|-crit|p1b: Melman\n|-damage|p1b: Melman|53\/100\n|move|p2a: Smeargle|Spore|p1a: Australian Summer\n|-status|p1a: Australian Summer|slp|[from] move: Spore\n|move|p1b: Melman|Dazzling Gleam|p2a: Smeargle|[spread] p2a,p2b\n|-supereffective|p2b: Urshifu\n|-damage|p2a: Smeargle|0 fnt\n|-damage|p2b: Urshifu|0 fnt\n|faint|p2a: Smeargle\n|faint|p2b: Urshifu\n|\n|upkeep\n|\n|t:|1737036770\n|switch|p2b: Torkoal|Torkoal, L50, M|100\/100\n|switch|p2a: Calyrex|Calyrex-Ice, L50|100\/100\n|-ability|p2a: Calyrex|As One\n|-ability|p2a: Calyrex|Unnerve\n|-weather|SunnyDay|[from] ability: Drought|[of] p2b: Torkoal\n|turn|2\n|\n|t:|1737036778\n|cant|p1a: Australian Summer|slp\n|move|p1b: Melman|Foul Play|p2a: Calyrex\n|-supereffective|p2a: Calyrex\n|-damage|p2a: Calyrex|46\/100\n|move|p2b: Torkoal|Heat Wave|p1a: Australian Summer|[spread] p1a\n|-miss|p2b: Torkoal|p1b: Melman\n|-resisted|p1a: Australian Summer\n|-damage|p1a: Australian Summer|69\/100 slp\n|move|p2a: Calyrex|Trick Room|p2a: Calyrex\n|-fieldstart|move: Trick Room|[of] p2a: Calyrex\n|\n|-weather|SunnyDay|[upkeep]\n|upkeep\n|turn|3\n|\n|t:|1737036790\n|move|p2b: Torkoal|Eruption|p1b: Melman|[spread] p1a,p1b\n|-resisted|p1a: Australian Summer\n|-damage|p1a: Australian Summer|16\/100 slp\n|-damage|p1b: Melman|0 fnt\n|faint|p1b: Melman\n|move|p2a: Calyrex|High Horsepower|p1a: Australian Summer\n|-supereffective|p1a: Australian Summer\n|-damage|p1a: Australian Summer|0 fnt\n|faint|p1a: Australian Summer\n|-ability|p2a: Calyrex|Chilling Neigh|boost\n|-boost|p2a: Calyrex|atk|1\n|\n|-weather|SunnyDay|[upkeep]\n|upkeep\n|\n|t:|1737036794\n|switch|p1b: Honse|Calyrex-Ice, L50|100\/100\n|switch|p1a: Golden child|Gastrodon, L50, M, shiny|100\/100\n|-ability|p1b: Honse|As One\n|-ability|p1b: Honse|Unnerve\n|turn|4\n|\n|t:|1737036812\n|move|p1b: Honse|Protect|p1b: Honse\n|-singleturn|p1b: Honse|Protect\n|move|p2b: Torkoal|Eruption|p1a: Golden child|[spread] p1a\n|-activate|p1b: Honse|move: Protect\n|-resisted|p1a: Golden child\n|-damage|p1a: Golden child|70\/100\n|move|p1a: Golden child|Earth Power|p2b: Torkoal\n|-supereffective|p2b: Torkoal\n|-damage|p2b: Torkoal|24\/100\n|move|p2a: Calyrex|Glacial Lance|p1b: Honse|[spread] p1a\n|-activate|p1b: Honse|move: Protect\n|-crit|p1a: Golden child\n|-damage|p1a: Golden child|0 fnt\n|faint|p1a: Golden child\n|-ability|p2a: Calyrex|Chilling Neigh|boost\n|-boost|p2a: Calyrex|atk|1\n|\n|-weather|SunnyDay|[upkeep]\n|upkeep\n|turn|5\n|\n|t:|1737036830\n|-terastallize|p2b: Torkoal|Fire\n|move|p2b: Torkoal|Flamethrower|p1b: Honse\n|-supereffective|p1b: Honse\n|-damage|p1b: Honse|0 fnt\n|faint|p1b: Honse\n|\n|win|caZISA\n|raw|Freischieb's rating: 1663 &rarr; <strong>1647<\/strong><br \/>(-16 for losing)\n|raw|caZISA's rating: 1725 &rarr; <strong>1741<\/strong><br \/>(+16 for winning)\n|j| God of restricted\n|c|\u2606caZISA|gg\n|c|\u2606Freischieb|GG\n|l| God of restricted\n|l|\u2606Freischieb\n|player|p1|\n","uploadtime":1737037032,"views":40,"formatid":"gen9vgc2025regg","rating":1647,"private":0,"password":null}