{"id":"gen9vgc2025regg-2282548745","format":"[Gen 9] VGC 2025 Reg G","players":["Brogerpon","AltForRandomTeams"],"log":"|j|\u2606Brogerpon\n|j|\u2606AltForRandomTeams\n|t:|1737073818\n|gametype|doubles\n|player|p1|Brogerpon|265|1504\n|player|p2|AltForRandomTeams|kieran-champion|1566\n|teamsize|p1|6\n|teamsize|p2|6\n|gen|9\n|tier|[Gen 9] VGC 2025 Reg G\n|rated|\n|rule|Species Clause: Limit one of each Pok\u00e9mon\n|rule|Item Clause: Limit 1 of each item\n|clearpoke\n|poke|p1|Incineroar, L50, F|\n|poke|p1|Calyrex-Ice, L50|\n|poke|p1|Amoonguss, L50, M|\n|poke|p1|Iron Hands, L50|\n|poke|p1|Dondozo, L50, M|\n|poke|p1|Ursaluna-Bloodmoon, L50, M|\n|poke|p2|Rhydon, L50, M|\n|poke|p2|Terapagos, L50, M|\n|poke|p2|Zoroark-Hisui, L50, M|\n|poke|p2|Urshifu-*, L50, M|\n|poke|p2|Pelipper, L50, M|\n|poke|p2|Sinistcha, L50|\n|teampreview|4\n|inactive|Battle timer is ON: inactive players will automatically lose when time's up. (requested by AltForRandomTeams)\n|c|\u2606Brogerpon|name checks out\n|inactive|Brogerpon has 60 seconds left.\n|\n|t:|1737073872\n|start\n|switch|p1a: Walmart|Calyrex-Ice, L50|100\/100\n|switch|p1b: Brian|Iron Hands, L50|100\/100\n|switch|p2a: Pangoro 2.0|Urshifu, L50, M|100\/100\n|switch|p2b: Tortle|Terapagos, L50, M|100\/100\n|-activate|p2b: Tortle|ability: Tera Shift\n|detailschange|p2b: Tortle|Terapagos-Terastal, L50, M\n|-heal|p2b: Tortle|100\/100|[silent]\n|-ability|p1a: Walmart|As One\n|-ability|p1a: Walmart|Unnerve\n|turn|1\n|\n|t:|1737073887\n|move|p1b: Brian|Fake Out|p2a: Pangoro 2.0\n|-immune|p2a: Pangoro 2.0\n|move|p2a: Pangoro 2.0|Taunt|p1a: Walmart\n|-start|p1a: Walmart|move: Taunt\n|move|p2b: Tortle|Tera Starstorm|p1b: Brian\n|-damage|p1b: Brian|71\/100\n|cant|p1a: Walmart|move: Taunt|Trick Room\n|\n|upkeep\n|turn|2\n|\n|t:|1737073899\n|move|p2a: Pangoro 2.0|Bitter Malice|p1a: Walmart\n|-supereffective|p1a: Walmart\n|-damage|p1a: Walmart|47\/100\n|move|p2b: Tortle|Tera Starstorm|p1a: Walmart\n|-damage|p1a: Walmart|13\/100\n|move|p1a: Walmart|Glacial Lance|p2b: Tortle|[spread] p2a,p2b\n|-activate|p2b: Tortle|ability: Tera Shell\n|-resisted|p2b: Tortle\n|-enditem|p2a: Pangoro 2.0|Focus Sash\n|-damage|p2a: Pangoro 2.0|1\/100\n|-damage|p2b: Tortle|78\/100\n|replace|p2a: Surprise!|Zoroark-Hisui, L50, M, shiny\n|-end|p2a: Surprise!|Illusion\n|move|p1b: Brian|Drain Punch|p2b: Tortle\n|-supereffective|p2b: Tortle\n|-damage|p2b: Tortle|13\/100\n|-heal|p1b: Brian|98\/100|[from] drain|[of] p2b: Tortle\n|\n|upkeep\n|turn|3\n|inactive|Brogerpon has 30 seconds left.\n|inactive|Brogerpon has 20 seconds left.\n|\n|t:|1737073937\n|switch|p1a: Nacho|Incineroar, L50, F|100\/100\n|-ability|p1a: Nacho|Intimidate|boost\n|-unboost|p2a: Surprise!|atk|1\n|-unboost|p2b: Tortle|atk|1\n|move|p2a: Surprise!|Bitter Malice|p1b: Brian\n|-damage|p1b: Brian|78\/100\n|-unboost|p1b: Brian|atk|1\n|move|p2b: Tortle|Tera Starstorm|p1a: Nacho\n|-damage|p1a: Nacho|60\/100\n|move|p1b: Brian|Drain Punch|p2b: Tortle\n|-supereffective|p2b: Tortle\n|-damage|p2b: Tortle|0 fnt\n|-heal|p1b: Brian|83\/100|[from] drain|[of] p2b: Tortle\n|faint|p2b: Tortle\n|\n|upkeep\n|\n|t:|1737073954\n|switch|p2b: Aim For The Horn|Rhydon, L50, M, shiny|100\/100\n|turn|4\n|\n|t:|1737073966\n|move|p2b: Aim For The Horn|Protect|p2b: Aim For The Horn\n|-singleturn|p2b: Aim For The Horn|Protect\n|move|p2a: Surprise!|Bitter Malice|p1b: Brian\n|-damage|p1b: Brian|64\/100\n|-unboost|p1b: Brian|atk|1\n|move|p1a: Nacho|Knock Off|p2a: Surprise!\n|-supereffective|p2a: Surprise!\n|-damage|p2a: Surprise!|0 fnt\n|faint|p2a: Surprise!\n|move|p1b: Brian|Low Kick|p2b: Aim For The Horn\n|-activate|p2b: Aim For The Horn|move: Protect\n|\n|upkeep\n|\n|t:|1737073974\n|switch|p2a: Pangoro 2.0|Urshifu, L50, M|100\/100\n|turn|5\n|\n|t:|1737073984\n|switch|p1a: Amogus|Amoonguss, L50, M|100\/100\n|-end|p1b: Brian|Quark Drive|[silent]\n|switch|p1b: Walmart|Calyrex-Ice, L50|13\/100\n|-ability|p1b: Walmart|As One\n|-ability|p1b: Walmart|Unnerve\n|-terastallize|p2b: Aim For The Horn|Fairy\n|move|p2a: Pangoro 2.0|Close Combat|p1a: Amogus\n|-resisted|p1a: Amogus\n|-damage|p1a: Amogus|67\/100\n|-unboost|p2a: Pangoro 2.0|def|1\n|-unboost|p2a: Pangoro 2.0|spd|1\n|move|p2b: Aim For The Horn|Tera Blast|p1b: Walmart|[anim] Tera Blast Fairy\n|-damage|p1b: Walmart|0 fnt\n|faint|p1b: Walmart\n|\n|upkeep\n|inactive|Brogerpon has 30 seconds left.\n|\n|t:|1737074011\n|switch|p1b: Brian|Iron Hands, L50|64\/100\n|turn|6\n|\n|t:|1737074027\n|switch|p1a: Nacho|Incineroar, L50, F|60\/100\n|-ability|p1a: Nacho|Intimidate|boost\n|-unboost|p2a: Pangoro 2.0|atk|1\n|-unboost|p2b: Aim For The Horn|atk|1\n|move|p2a: Pangoro 2.0|Wicked Blow|p1a: Nacho\n|-resisted|p1a: Nacho\n|-crit|p1a: Nacho\n|-damage|p1a: Nacho|27\/100\n|move|p1b: Brian|Low Kick|p2a: Pangoro 2.0\n|-supereffective|p2a: Pangoro 2.0\n|-damage|p2a: Pangoro 2.0|0 fnt\n|faint|p2a: Pangoro 2.0\n|move|p2b: Aim For The Horn|Tera Blast|p1b: Brian|[anim] Tera Blast Fairy\n|-supereffective|p1b: Brian\n|-damage|p1b: Brian|17\/100\n|\n|upkeep\n|turn|7\n|\n|t:|1737074049\n|-end|p1b: Brian|Quark Drive|[silent]\n|switch|p1b: Amogus|Amoonguss, L50, M|99\/100\n|move|p1a: Nacho|Fake Out|p2b: Aim For The Horn\n|-damage|p2b: Aim For The Horn|95\/100\n|cant|p2b: Aim For The Horn|flinch\n|\n|upkeep\n|turn|8\n|\n|t:|1737074058\n|move|p1a: Nacho|Will-O-Wisp|p2b: Aim For The Horn\n|-status|p2b: Aim For The Horn|brn\n|move|p1b: Amogus|Spore||[still]\n|-fail|p1b: Amogus\n|move|p2b: Aim For The Horn|Rock Slide|p1a: Nacho|[spread] p1b\n|-miss|p2b: Aim For The Horn|p1a: Nacho\n|-damage|p1b: Amogus|89\/100\n|\n|-damage|p2b: Aim For The Horn|89\/100 brn|[from] brn\n|upkeep\n|turn|9\n|\n|t:|1737074069\n|move|p1a: Nacho|Parting Shot|p2b: Aim For The Horn\n|-unboost|p2b: Aim For The Horn|atk|1\n|-unboost|p2b: Aim For The Horn|spa|1\n|\n|t:|1737074072\n|switch|p1a: Brian|Iron Hands, L50|17\/100|[from] Parting Shot\n|move|p1b: Amogus|Pollen Puff|p1a: Brian\n|-heal|p1a: Brian|66\/100\n|move|p2b: Aim For The Horn|Rock Slide|p1a: Brian|[spread] p1a,p1b\n|-resisted|p1a: Brian\n|-damage|p1a: Brian|64\/100\n|-damage|p1b: Amogus|81\/100\n|\n|-damage|p2b: Aim For The Horn|83\/100 brn|[from] brn\n|upkeep\n|turn|10\n|\n|t:|1737074084\n|move|p1a: Brian|Fake Out|p2b: Aim For The Horn\n|-damage|p2b: Aim For The Horn|75\/100 brn\n|move|p1b: Amogus|Pollen Puff|p1a: Brian\n|-heal|p1a: Brian|100\/100\n|cant|p2b: Aim For The Horn|flinch\n|\n|-damage|p2b: Aim For The Horn|69\/100 brn|[from] brn\n|upkeep\n|turn|11\n|\n|t:|1737074088\n|-end|p1a: Brian|Quark Drive|[silent]\n|switch|p1a: Nacho|Incineroar, L50, F|27\/100\n|-ability|p1a: Nacho|Intimidate|boost\n|-unboost|p2b: Aim For The Horn|atk|1\n|move|p1b: Amogus|Pollen Puff|p1a: Nacho\n|-heal|p1a: Nacho|77\/100\n|move|p2b: Aim For The Horn|High Horsepower|p1a: Nacho\n|-supereffective|p1a: Nacho\n|-damage|p1a: Nacho|57\/100\n|\n|-damage|p2b: Aim For The Horn|63\/100 brn|[from] brn\n|upkeep\n|turn|12\n|\n|t:|1737074100\n|move|p1a: Nacho|Fake Out|p2b: Aim For The Horn\n|-damage|p2b: Aim For The Horn|58\/100 brn\n|move|p1b: Amogus|Pollen Puff|p1a: Nacho\n|-heal|p1a: Nacho|100\/100\n|cant|p2b: Aim For The Horn|flinch\n|\n|-damage|p2b: Aim For The Horn|51\/100 brn|[from] brn\n|upkeep\n|turn|13\n|\n|t:|1737074107\n|switch|p1b: Brian|Iron Hands, L50|100\/100\n|move|p1a: Nacho|Parting Shot|p2b: Aim For The Horn\n|-unboost|p2b: Aim For The Horn|atk|1\n|-unboost|p2b: Aim For The Horn|spa|1\n|\n|t:|1737074113\n|switch|p1a: Amogus|Amoonguss, L50, M|100\/100|[from] Parting Shot\n|move|p2b: Aim For The Horn|High Horsepower|p1a: Amogus\n|-damage|p1a: Amogus|91\/100\n|\n|-damage|p2b: Aim For The Horn|45\/100 brn|[from] brn\n|upkeep\n|turn|14\n|\n|t:|1737074121\n|switch|p1a: Nacho|Incineroar, L50, F|100\/100\n|-ability|p1a: Nacho|Intimidate|boost\n|-unboost|p2b: Aim For The Horn|atk|1\n|move|p1b: Brian|Fake Out|p2b: Aim For The Horn\n|-damage|p2b: Aim For The Horn|38\/100 brn\n|cant|p2b: Aim For The Horn|flinch\n|\n|-damage|p2b: Aim For The Horn|32\/100 brn|[from] brn\n|upkeep\n|turn|15\n|-message|AltForRandomTeams forfeited.\n|\n|win|Brogerpon\n|raw|Brogerpon's rating: 1504 &rarr; <strong>1528<\/strong><br \/>(+24 for winning)\n|raw|AltForRandomTeams's rating: 1566 &rarr; <strong>1542<\/strong><br \/>(-24 for losing)\n|l|\u2606AltForRandomTeams\n|player|p2|\n|l|\u2606Brogerpon\n|player|p1|\n","uploadtime":1737074322,"views":24,"formatid":"gen9vgc2025regg","rating":1528,"private":0,"password":null}