{"id":"gen9vgc2025regg-2282565423","format":"[Gen 9] VGC 2025 Reg G","players":["It'sJustKen VGC","RustyChair13"],"log":"|j|\u2606It'sJustKen VGC\n|j|\u2606RustyChair13\n|t:|1737076116\n|gametype|doubles\n|player|p1|It'sJustKen VGC|turo|1588\n|player|p2|RustyChair13|scientist-gen4|1584\n|teamsize|p1|6\n|teamsize|p2|6\n|gen|9\n|tier|[Gen 9] VGC 2025 Reg G\n|rated|\n|rule|Species Clause: Limit one of each Pok\u00e9mon\n|rule|Item Clause: Limit 1 of each item\n|clearpoke\n|poke|p1|Incineroar, L50, M|\n|poke|p1|Ogerpon-Hearthflame, L50, F|\n|poke|p1|Urshifu-*, L50, M|\n|poke|p1|Landorus, L50, M|\n|poke|p1|Rillaboom, L50, F|\n|poke|p1|Zamazenta-*, L50|\n|poke|p2|Calyrex-Ice, L50|\n|poke|p2|Urshifu-*, L50, M|\n|poke|p2|Pelipper, L50, F|\n|poke|p2|Amoonguss, L50, M|\n|poke|p2|Iron Valiant, L50|\n|poke|p2|Landorus, L50, M|\n|teampreview|4\n|inactive|Battle timer is ON: inactive players will automatically lose when time's up. (requested by It'sJustKen VGC)\n|inactive|RustyChair13 has 60 seconds left.\n|\n|t:|1737076152\n|start\n|switch|p1a: Landorus|Landorus, L50, M|100\/100\n|switch|p1b: Ogerpon|Ogerpon-Hearthflame, L50, F|100\/100\n|switch|p2a: Amoonguss|Amoonguss, L50, M|100\/100\n|switch|p2b: Landorus|Landorus, L50, M|100\/100\n|-ability|p1b: Ogerpon|Mold Breaker\n|turn|1\n|inactive|It'sJustKen VGC has 30 seconds left.\n|\n|t:|1737076179\n|switch|p2a: Pelipper|Pelipper, L50, F|100\/100\n|-weather|RainDance|[from] ability: Drizzle|[of] p2a: Pelipper\n|move|p1b: Ogerpon|Spiky Shield|p1b: Ogerpon\n|-singleturn|p1b: Ogerpon|move: Protect\n|move|p1a: Landorus|Protect|p1a: Landorus\n|-singleturn|p1a: Landorus|Protect\n|move|p2b: Landorus|Earth Power|p1b: Ogerpon\n|-activate|p1b: Ogerpon|move: Protect\n|\n|-weather|RainDance|[upkeep]\n|upkeep\n|turn|2\n|j| Kurtisimus\n|inactive|RustyChair13 has 30 seconds left.\n|inactive|RustyChair13 has 20 seconds left.\n|\n|t:|1737076218\n|switch|p2a: Amoonguss|Amoonguss, L50, M|100\/100\n|move|p2b: Landorus|Earth Power|p1b: Ogerpon\n|-damage|p1b: Ogerpon|27\/100\n|move|p1b: Ogerpon|Ivy Cudgel|p2a: Amoonguss|[anim] Ivy Cudgel Fire\n|-supereffective|p2a: Amoonguss\n|-damage|p2a: Amoonguss|59\/100\n|move|p1a: Landorus|Sludge Bomb|p2a: Amoonguss\n|-damage|p2a: Amoonguss|16\/100\n|\n|-weather|RainDance|[upkeep]\n|upkeep\n|turn|3\n|inactive|It'sJustKen VGC has 30 seconds left.\n|inactive|RustyChair13 has 30 seconds left.\n|\n|t:|1737076252\n|switch|p2a: Calyrex|Calyrex-Ice, L50|100\/100\n|-ability|p2a: Calyrex|As One\n|-ability|p2a: Calyrex|Unnerve\n|move|p1b: Ogerpon|Spiky Shield|p1b: Ogerpon\n|-singleturn|p1b: Ogerpon|move: Protect\n|move|p2b: Landorus|Earth Power|p1b: Ogerpon\n|-activate|p1b: Ogerpon|move: Protect\n|move|p1a: Landorus|Substitute|p1a: Landorus\n|-start|p1a: Landorus|Substitute\n|-damage|p1a: Landorus|76\/100\n|\n|-weather|RainDance|[upkeep]\n|upkeep\n|turn|4\n|\n|t:|1737076270\n|move|p2b: Landorus|Earth Power|p1b: Ogerpon\n|-damage|p1b: Ogerpon|0 fnt\n|faint|p1b: Ogerpon\n|move|p1a: Landorus|Earth Power|p2a: Calyrex\n|-damage|p2a: Calyrex|53\/100\n|move|p2a: Calyrex|Trick Room|p2a: Calyrex\n|-fieldstart|move: Trick Room|[of] p2a: Calyrex\n|\n|-weather|RainDance|[upkeep]\n|upkeep\n|\n|t:|1737076280\n|switch|p1b: Zamazenta|Zamazenta-Crowned, L50|100\/100\n|-ability|p1b: Zamazenta|Dauntless Shield|boost\n|-boost|p1b: Zamazenta|def|1\n|turn|5\n|\n|t:|1737076289\n|switch|p2a: Amoonguss|Amoonguss, L50, M|50\/100\n|-terastallize|p1b: Zamazenta|Grass\n|move|p1b: Zamazenta|Wide Guard|p1b: Zamazenta\n|-singleturn|p1b: Zamazenta|Wide Guard\n|move|p1a: Landorus|Earth Power|p2a: Amoonguss\n|-damage|p2a: Amoonguss|0 fnt\n|faint|p2a: Amoonguss\n|move|p2b: Landorus|Earth Power|p1b: Zamazenta\n|-resisted|p1b: Zamazenta\n|-damage|p1b: Zamazenta|79\/100\n|\n|-weather|none\n|upkeep\n|\n|t:|1737076297\n|switch|p2a: Pelipper|Pelipper, L50, F|100\/100\n|-weather|RainDance|[from] ability: Drizzle|[of] p2a: Pelipper\n|turn|6\n|\n|t:|1737076309\n|switch|p2b: Calyrex|Calyrex-Ice, L50|53\/100\n|-ability|p2b: Calyrex|As One\n|-ability|p2b: Calyrex|Unnerve\n|move|p2a: Pelipper|Weather Ball|p1a: Landorus\n|-supereffective|p1a: Landorus\n|-end|p1a: Landorus|Substitute\n|-damage|p2a: Pelipper|91\/100|[from] item: Life Orb\n|move|p1a: Landorus|Earth Power|p2b: Calyrex\n|-crit|p2b: Calyrex\n|-damage|p2b: Calyrex|0 fnt\n|faint|p2b: Calyrex\n|move|p1b: Zamazenta|Body Press|p2a: Pelipper\n|-resisted|p2a: Pelipper\n|-damage|p2a: Pelipper|53\/100\n|\n|-weather|RainDance|[upkeep]\n|upkeep\n|\n|t:|1737076321\n|switch|p2b: Landorus|Landorus, L50, M|100\/100\n|turn|7\n|inactive|It'sJustKen VGC has 30 seconds left.\n|\n|t:|1737076346\n|move|p1a: Landorus|Protect|p1a: Landorus\n|-singleturn|p1a: Landorus|Protect\n|move|p1b: Zamazenta|Protect|p1b: Zamazenta\n|-singleturn|p1b: Zamazenta|Protect\n|move|p2a: Pelipper|Weather Ball|p1a: Landorus\n|-activate|p1a: Landorus|move: Protect\n|move|p2b: Landorus|Sludge Bomb|p1b: Zamazenta\n|-activate|p1b: Zamazenta|move: Protect\n|\n|-weather|RainDance|[upkeep]\n|upkeep\n|turn|8\n|\n|t:|1737076371\n|switch|p1a: Incineroar|Incineroar, L50, M|100\/100\n|-ability|p1a: Incineroar|Intimidate|boost\n|-unboost|p2a: Pelipper|atk|1\n|-unboost|p2b: Landorus|atk|1\n|move|p2a: Pelipper|Hurricane|p1a: Incineroar\n|-damage|p1a: Incineroar|49\/100\n|-damage|p2a: Pelipper|43\/100|[from] item: Life Orb\n|move|p1b: Zamazenta|Body Press|p2a: Pelipper\n|-resisted|p2a: Pelipper\n|-damage|p2a: Pelipper|6\/100\n|move|p2b: Landorus|Sludge Bomb|p1b: Zamazenta\n|-supereffective|p1b: Zamazenta\n|-damage|p1b: Zamazenta|19\/100\n|\n|-weather|RainDance|[upkeep]\n|-fieldend|move: Trick Room\n|upkeep\n|turn|9\n|inactive|RustyChair13 has 30 seconds left.\n|\n|t:|1737076401\n|-terastallize|p2b: Landorus|Ghost\n|move|p1a: Incineroar|Fake Out|p2b: Landorus\n|-immune|p2b: Landorus\n|move|p2b: Landorus|Sludge Bomb|p1b: Zamazenta\n|-supereffective|p1b: Zamazenta\n|-damage|p1b: Zamazenta|0 fnt\n|faint|p1b: Zamazenta\n|move|p2a: Pelipper|Weather Ball|p1a: Incineroar\n|-supereffective|p1a: Incineroar\n|-damage|p1a: Incineroar|0 fnt\n|faint|p1a: Incineroar\n|-damage|p2a: Pelipper|0 fnt|[from] item: Life Orb\n|faint|p2a: Pelipper\n|\n|-weather|RainDance|[upkeep]\n|upkeep\n|\n|t:|1737076407\n|switch|p1a: Landorus|Landorus, L50, M|76\/100\n|turn|10\n|\n|t:|1737076412\n|move|p2b: Landorus|Sludge Bomb|p1a: Landorus\n|-resisted|p1a: Landorus\n|-damage|p1a: Landorus|51\/100\n|move|p1a: Landorus|Earth Power|p2b: Landorus\n|-damage|p2b: Landorus|4\/100\n|\n|-weather|none\n|upkeep\n|turn|11\n|c|\u2606It'sJustKen VGC|gg wp\n|\n|t:|1737076418\n|move|p2b: Landorus|Sludge Bomb|p1a: Landorus\n|-resisted|p1a: Landorus\n|-damage|p1a: Landorus|27\/100\n|move|p1a: Landorus|Earth Power|p2b: Landorus\n|-crit|p2b: Landorus\n|-damage|p2b: Landorus|0 fnt\n|faint|p2b: Landorus\n|\n|win|It'sJustKen VGC\n|raw|It&apos;sJustKen VGC's rating: 1588 &rarr; <strong>1608<\/strong><br \/>(+20 for winning)\n|raw|RustyChair13's rating: 1584 &rarr; <strong>1564<\/strong><br \/>(-20 for losing)\n|c|\u2606RustyChair13|gg\n|l|\u2606It'sJustKen VGC\n|player|p1|\n|l|\u2606RustyChair13\n|player|p2|\n","uploadtime":1737076421,"views":22,"formatid":"gen9vgc2025regg","rating":1564,"private":0,"password":null}