{"id":"gen9vgc2025regg-2282306347","format":"[Gen 9] VGC 2025 Reg G","players":["bluestraggler02","MigraineMan"],"log":"|j|\u2606bluestraggler02\n|j|\u2606MigraineMan\n|t:|1737047257\n|gametype|doubles\n|player|p1|bluestraggler02|265|1599\n|player|p2|MigraineMan|170|1586\n|teamsize|p1|6\n|teamsize|p2|6\n|gen|9\n|tier|[Gen 9] VGC 2025 Reg G\n|rated|\n|rule|Species Clause: Limit one of each Pok\u00e9mon\n|rule|Item Clause: Limit 1 of each item\n|clearpoke\n|poke|p1|Groudon, L50|\n|poke|p1|Gouging Fire, L50|\n|poke|p1|Brute Bonnet, L50|\n|poke|p1|Walking Wake, L50|\n|poke|p1|Farigiraf, L50, M|\n|poke|p1|Torkoal, L50, F|\n|poke|p2|Calyrex-Ice, L50|\n|poke|p2|Grimmsnarl, L50, M|\n|poke|p2|Farigiraf, L50, F|\n|poke|p2|Blaziken, L50, F|\n|poke|p2|Tornadus, L50, M|\n|poke|p2|Urshifu-*, L50, M|\n|teampreview|4\n|j| kiabu233\n|\n|t:|1737047303\n|start\n|switch|p1a: Groudon|Groudon, L50|100\/100\n|switch|p1b: Gouging Fire|Gouging Fire, L50|100\/100\n|switch|p2a: Calyrex|Calyrex-Ice, L50|100\/100\n|switch|p2b: Tornadus|Tornadus, L50, M|100\/100\n|-ability|p2a: Calyrex|As One\n|-ability|p2a: Calyrex|Unnerve\n|-weather|SunnyDay|[from] ability: Drought|[of] p1a: Groudon\n|-activate|p1b: Gouging Fire|ability: Protosynthesis\n|-start|p1b: Gouging Fire|protosynthesisspe\n|turn|1\n|inactive|Battle timer is ON: inactive players will automatically lose when time's up. (requested by bluestraggler02)\n|\n|t:|1737047319\n|switch|p2a: Urshifu|Urshifu-Rapid-Strike, L50, M|100\/100\n|-terastallize|p1a: Groudon|Fire\n|move|p2b: Tornadus|Tailwind|p2b: Tornadus\n|-sidestart|p2: MigraineMan|move: Tailwind\n|move|p1b: Gouging Fire|Flare Blitz|p2a: Urshifu\n|-resisted|p2a: Urshifu\n|-damage|p2a: Urshifu|69\/100\n|-damage|p1b: Gouging Fire|91\/100|[from] Recoil\n|move|p1a: Groudon|Precipice Blades|p2a: Urshifu|[spread] p2a\n|-immune|p2b: Tornadus\n|-damage|p2a: Urshifu|18\/100\n|\n|-weather|SunnyDay|[upkeep]\n|upkeep\n|turn|2\n|inactive|MigraineMan has 30 seconds left.\n|\n|t:|1737047355\n|switch|p1a: Brute Bonnet|Brute Bonnet, L50|100\/100\n|-activate|p1a: Brute Bonnet|ability: Protosynthesis\n|-start|p1a: Brute Bonnet|protosynthesisdef\n|move|p2b: Tornadus|Rain Dance|p2b: Tornadus\n|-weather|RainDance\n|-end|p1b: Gouging Fire|Protosynthesis\n|-end|p1a: Brute Bonnet|Protosynthesis\n|-enditem|p1b: Gouging Fire|Booster Energy\n|-activate|p1b: Gouging Fire|ability: Protosynthesis|[fromitem]\n|-start|p1b: Gouging Fire|protosynthesisspe\n|move|p2a: Urshifu|Surging Strikes|p1b: Gouging Fire\n|-crit|p1b: Gouging Fire\n|-damage|p1b: Gouging Fire|66\/100\n|-crit|p1b: Gouging Fire\n|-damage|p1b: Gouging Fire|44\/100\n|-crit|p1b: Gouging Fire\n|-damage|p1b: Gouging Fire|19\/100\n|-hitcount|p1b: Gouging Fire|3\n|move|p1b: Gouging Fire|Breaking Swipe|p2a: Urshifu|[spread] p2a,p2b\n|-damage|p2a: Urshifu|2\/100\n|-damage|p2b: Tornadus|80\/100\n|-unboost|p2a: Urshifu|atk|1\n|\n|-weather|RainDance|[upkeep]\n|upkeep\n|turn|3\n|j| The_Beast1440\n|\n|t:|1737047376\n|-end|p1b: Gouging Fire|Protosynthesis|[silent]\n|switch|p1b: Groudon|Groudon, L50, tera:Fire|100\/100\n|-weather|SunnyDay|[from] ability: Drought|[of] p1b: Groudon\n|-activate|p1a: Brute Bonnet|ability: Protosynthesis\n|-start|p1a: Brute Bonnet|protosynthesisdef\n|move|p1a: Brute Bonnet|Sucker Punch|p2a: Urshifu\n|-resisted|p2a: Urshifu\n|-damage|p2a: Urshifu|0 fnt\n|faint|p2a: Urshifu\n|move|p2b: Tornadus|Bleakwind Storm|p1b: Groudon|[spread] p1a,p1b\n|-supereffective|p1a: Brute Bonnet\n|-damage|p1a: Brute Bonnet|53\/100\n|-damage|p1b: Groudon|76\/100\n|\n|-weather|SunnyDay|[upkeep]\n|upkeep\n|\n|t:|1737047387\n|switch|p2a: Calyrex|Calyrex-Ice, L50|100\/100\n|-ability|p2a: Calyrex|As One\n|-ability|p2a: Calyrex|Unnerve\n|turn|4\n|\n|t:|1737047405\n|-terastallize|p2a: Calyrex|Ice\n|move|p2b: Tornadus|Rain Dance|p2b: Tornadus\n|-weather|RainDance\n|-end|p1a: Brute Bonnet|Protosynthesis\n|move|p1a: Brute Bonnet|Sucker Punch|p2a: Calyrex\n|-damage|p2a: Calyrex|78\/100\n|move|p2a: Calyrex|Glacial Lance|p1b: Groudon|[spread] p1a,p1b\n|-supereffective|p1a: Brute Bonnet\n|-resisted|p1b: Groudon\n|-damage|p1a: Brute Bonnet|0 fnt\n|-damage|p1b: Groudon|41\/100\n|faint|p1a: Brute Bonnet\n|-end|p1a: Brute Bonnet|Protosynthesis|[silent]\n|-ability|p2a: Calyrex|Chilling Neigh|boost\n|-boost|p2a: Calyrex|atk|1\n|move|p1b: Groudon|Heat Crash|p2b: Tornadus\n|-damage|p2b: Tornadus|32\/100\n|\n|-weather|RainDance|[upkeep]\n|-sideend|p2: MigraineMan|move: Tailwind\n|upkeep\n|\n|t:|1737047418\n|switch|p1a: Farigiraf|Farigiraf, L50, M|100\/100\n|turn|5\n|\n|t:|1737047430\n|move|p1b: Groudon|Protect|p1b: Groudon\n|-singleturn|p1b: Groudon|Protect\n|move|p2b: Tornadus|Tailwind|p2b: Tornadus\n|-sidestart|p2: MigraineMan|move: Tailwind\n|move|p2a: Calyrex|Glacial Lance|p1a: Farigiraf|[spread] p1a\n|-activate|p1b: Groudon|move: Protect\n|-damage|p1a: Farigiraf|0 fnt\n|faint|p1a: Farigiraf\n|-ability|p2a: Calyrex|Chilling Neigh|boost\n|-boost|p2a: Calyrex|atk|1\n|\n|-weather|RainDance|[upkeep]\n|upkeep\n|-message|bluestraggler02 forfeited.\n|\n|win|MigraineMan\n|raw|bluestraggler02's rating: 1599 &rarr; <strong>1578<\/strong><br \/>(-21 for losing)\n|raw|MigraineMan's rating: 1586 &rarr; <strong>1607<\/strong><br \/>(+21 for winning)\n|l|\u2606bluestraggler02\n|player|p1|\n|l|\u2606MigraineMan\n|player|p2|\n|l| kiabu233\n|l| The_Beast1440\n","uploadtime":1737047640,"views":11,"formatid":"gen9vgc2025regg","rating":1578,"private":0,"password":null}