{"id":"gen9vgc2025regg-2282020776","format":"[Gen 9] VGC 2025 Reg G","players":["ponz3557","zxsvgc"],"log":"|j|\u2606ponz3557\n|j|\u2606zxsvgc\n|t:|1737004252\n|gametype|doubles\n|player|p1|ponz3557|2|1554\n|player|p2|zxsvgc|lacey|1664\n|teamsize|p1|6\n|teamsize|p2|6\n|gen|9\n|tier|[Gen 9] VGC 2025 Reg G\n|rated|\n|rule|Species Clause: Limit one of each Pok\u00e9mon\n|rule|Item Clause: Limit 1 of each item\n|clearpoke\n|poke|p1|Zamazenta-*, L50|\n|poke|p1|Chien-Pao, L50|\n|poke|p1|Raging Bolt, L50|\n|poke|p1|Flutter Mane, L50|\n|poke|p1|Indeedee-F, L50, F|\n|poke|p1|Rillaboom, L50, F|\n|poke|p2|Ditto, L50|\n|poke|p2|Sableye, L50, F|\n|poke|p2|Ogerpon-Hearthflame, L50, F|\n|poke|p2|Kyogre, L50|\n|poke|p2|Flutter Mane, L50|\n|poke|p2|Rillaboom, L50, M|\n|teampreview|4\n|\n|t:|1737004261\n|start\n|switch|p1a: Flutter Mane|Flutter Mane, L50|100\/100\n|switch|p1b: Raging Bolt|Raging Bolt, L50|100\/100\n|switch|p2a: Ditto|Ditto, L50|100\/100\n|switch|p2b: \u7fa4\u9752|Kyogre, L50|100\/100\n|-weather|RainDance|[from] ability: Drizzle|[of] p2b: \u7fa4\u9752\n|-transform|p2a: Ditto|p1b: Raging Bolt|[from] ability: Imposter\n|-enditem|p1a: Flutter Mane|Booster Energy\n|-activate|p1a: Flutter Mane|ability: Protosynthesis|[fromitem]\n|-start|p1a: Flutter Mane|protosynthesisspe\n|turn|1\n|j| ExcessivelyAve\n|\n|t:|1737004279\n|move|p1a: Flutter Mane|Thunder Wave|p2b: \u7fa4\u9752\n|-status|p2b: \u7fa4\u9752|par\n|move|p2a: Ditto|Draco Meteor|p1b: Raging Bolt\n|-supereffective|p1b: Raging Bolt\n|-crit|p1b: Raging Bolt\n|-damage|p1b: Raging Bolt|0 fnt\n|-unboost|p2a: Ditto|spa|2\n|faint|p1b: Raging Bolt\n|-end|p1b: Raging Bolt|Protosynthesis|[silent]\n|move|p2b: \u7fa4\u9752|Origin Pulse|p1a: Flutter Mane\n|-damage|p1a: Flutter Mane|19\/100\n|\n|-weather|RainDance|[upkeep]\n|upkeep\n|\n|t:|1737004290\n|switch|p1b: Zamazenta|Zamazenta-Crowned, L50|100\/100\n|-ability|p1b: Zamazenta|Dauntless Shield|boost\n|-boost|p1b: Zamazenta|def|1\n|turn|2\n|\n|t:|1737004299\n|switch|p2b: Sableye|Sableye, L50, F|100\/100\n|move|p2a: Ditto|Thunderclap||[still]\n|-fail|p2a: Ditto\n|move|p1a: Flutter Mane|Pain Split|p2b: Sableye\n|-sethp|p2b: Sableye|60\/100|[from] move: Pain Split|[silent]\n|-sethp|p1a: Flutter Mane|58\/100|[from] move: Pain Split\n|move|p1b: Zamazenta|Body Press|p2b: Sableye\n|-immune|p2b: Sableye\n|\n|-weather|RainDance|[upkeep]\n|upkeep\n|turn|3\n|\n|t:|1737004324\n|-end|p2a: Ditto|Protosynthesis|[silent]\n|switch|p2a: \u7fa4\u9752|Kyogre, L50|100\/100 par\n|-terastallize|p2b: Sableye|Steel\n|move|p2b: Sableye|Encore|p1a: Flutter Mane\n|-start|p1a: Flutter Mane|Encore\n|move|p1a: Flutter Mane|Pain Split|p2a: \u7fa4\u9752\n|-sethp|p2a: \u7fa4\u9752|73\/100 par|[from] move: Pain Split|[silent]\n|-sethp|p1a: Flutter Mane|93\/100|[from] move: Pain Split\n|move|p1b: Zamazenta|Body Press|p2a: \u7fa4\u9752\n|-damage|p2a: \u7fa4\u9752|17\/100 par\n|\n|-weather|RainDance|[upkeep]\n|upkeep\n|turn|4\n|\n|t:|1737004344\n|-end|p1a: Flutter Mane|Protosynthesis|[silent]\n|switch|p1a: Chien-Pao|Chien-Pao, L50|100\/100\n|-ability|p1a: Chien-Pao|Sword of Ruin\n|move|p2b: Sableye|Disable|p1b: Zamazenta\n|-start|p1b: Zamazenta|Disable|Body Press\n|cant|p1b: Zamazenta|Disable|Body Press\n|move|p2a: \u7fa4\u9752|Origin Pulse|p1b: Zamazenta|[spread] p1a,p1b\n|-enditem|p1a: Chien-Pao|Focus Sash\n|-damage|p1a: Chien-Pao|1\/100\n|-damage|p1b: Zamazenta|55\/100\n|\n|-weather|RainDance|[upkeep]\n|upkeep\n|turn|5\n|\n|t:|1737004366\n|-terastallize|p1a: Chien-Pao|Stellar\n|move|p2b: Sableye|Encore|p1b: Zamazenta\n|-start|p1b: Zamazenta|Encore\n|move|p1a: Chien-Pao|Throat Chop|p2b: Sableye\n|-damage|p2b: Sableye|0 fnt\n|faint|p2b: Sableye\n|cant|p1b: Zamazenta|Disable|Body Press\n|move|p2a: \u7fa4\u9752|Origin Pulse|p1b: Zamazenta|[spread] p1a,p1b\n|-damage|p1a: Chien-Pao|0 fnt\n|-damage|p1b: Zamazenta|1\/100\n|faint|p1a: Chien-Pao\n|\n|-weather|none\n|upkeep\n|\n|t:|1737004374\n|switch|p1a: Flutter Mane|Flutter Mane, L50|93\/100\n|switch|p2b: \u305f\u3076\u3093|Rillaboom, L50, M|100\/100\n|-fieldstart|move: Grassy Terrain|[from] ability: Grassy Surge|[of] p2b: \u305f\u3076\u3093\n|turn|6\n|-message|ponz3557 forfeited.\n|\n|win|zxsvgc\n|raw|ponz3557's rating: 1554 &rarr; <strong>1540<\/strong><br \/>(-14 for losing)\n|raw|zxsvgc's rating: 1664 &rarr; <strong>1678<\/strong><br \/>(+14 for winning)\n|l|\u2606ponz3557\n|player|p1|\n|l|\u2606zxsvgc\n|player|p2|\n|l| ExcessivelyAve\n","uploadtime":1737004579,"views":17,"formatid":"gen9vgc2025regg","rating":1540,"private":0,"password":null}