{"id":"gen9vgc2025regg-2282616460","format":"[Gen 9] VGC 2025 Reg G","players":["Unstylish_Harry","GG=Groudon Gaming"],"log":"|j|\u2606Unstylish_Harry\n|j|\u2606GG=Groudon Gaming\n|t:|1737083031\n|gametype|doubles\n|player|p1|Unstylish_Harry|2|1579\n|player|p2|GG=Groudon Gaming|may-masters2|1564\n|teamsize|p1|6\n|teamsize|p2|6\n|gen|9\n|tier|[Gen 9] VGC 2025 Reg G\n|rated|\n|rule|Species Clause: Limit one of each Pok\u00e9mon\n|rule|Item Clause: Limit 1 of each item\n|clearpoke\n|poke|p1|Palkia-Origin, L50|\n|poke|p1|Incineroar, L50, F|\n|poke|p1|Pelipper, L50, F|\n|poke|p1|Sinistcha, L50|\n|poke|p1|Ursaluna, L50, M|\n|poke|p1|Tinkaton, L50, F|\n|poke|p2|Groudon, L50|\n|poke|p2|Bronzong, L50|\n|poke|p2|Raging Bolt, L50|\n|poke|p2|Flutter Mane, L50|\n|poke|p2|Ogerpon-Cornerstone, L50, F|\n|poke|p2|Gouging Fire, L50|\n|teampreview|4\n|inactive|Battle timer is ON: inactive players will automatically lose when time's up. (requested by GG=Groudon Gaming)\n|inactive|Unstylish_Harry also wants the timer to be on.\n|inactive|Unstylish_Harry has 60 seconds left.\n|\n|t:|1737083075\n|start\n|switch|p1a: Incineroar|Incineroar, L50, F|100\/100\n|switch|p1b: Pelipper|Pelipper, L50, F|100\/100\n|switch|p2a: Groudon|Groudon, L50|100\/100\n|switch|p2b: Gouging Fire|Gouging Fire, L50|100\/100\n|-weather|RainDance|[from] ability: Drizzle|[of] p1b: Pelipper\n|-weather|SunnyDay|[from] ability: Drought|[of] p2a: Groudon\n|-activate|p2b: Gouging Fire|ability: Protosynthesis\n|-start|p2b: Gouging Fire|protosynthesisspe\n|-ability|p1a: Incineroar|Intimidate|boost\n|-fail|p2a: Groudon|unboost|[from] item: Clear Amulet|[of] p2a: Groudon\n|-unboost|p2b: Gouging Fire|atk|1\n|turn|1\n|inactive|Unstylish_Harry has 30 seconds left.\n|\n|t:|1737083107\n|move|p1b: Pelipper|Wide Guard|p1b: Pelipper\n|-singleturn|p1b: Pelipper|Wide Guard\n|move|p2b: Gouging Fire|Howl|p2b: Gouging Fire|[spread] p2a,p2b\n|-boost|p2a: Groudon|atk|1\n|-boost|p2b: Gouging Fire|atk|1\n|move|p2a: Groudon|Precipice Blades|p1a: Incineroar|[spread] \n|-activate|p1a: Incineroar|move: Wide Guard\n|-activate|p1b: Pelipper|move: Wide Guard\n|move|p1a: Incineroar|Knock Off|p2a: Groudon\n|-damage|p2a: Groudon|76\/100\n|-enditem|p2a: Groudon|Clear Amulet|[from] move: Knock Off|[of] p1a: Incineroar\n|\n|-weather|SunnyDay|[upkeep]\n|upkeep\n|turn|2\n|inactive|Unstylish_Harry has 30 seconds left.\n|\n|t:|1737083139\n|move|p1b: Pelipper|Wide Guard|p1b: Pelipper\n|-singleturn|p1b: Pelipper|Wide Guard\n|move|p2b: Gouging Fire|Howl|p2b: Gouging Fire|[spread] p2a,p2b\n|-boost|p2a: Groudon|atk|1\n|-boost|p2b: Gouging Fire|atk|1\n|move|p2a: Groudon|Precipice Blades|p1b: Pelipper|[spread] \n|-activate|p1a: Incineroar|move: Wide Guard\n|-activate|p1b: Pelipper|move: Wide Guard\n|move|p1a: Incineroar|Parting Shot|p2a: Groudon\n|-unboost|p2a: Groudon|atk|1\n|-unboost|p2a: Groudon|spa|1\n|\n|t:|1737083155\n|switch|p1a: Palkia|Palkia-Origin, L50|100\/100|[from] Parting Shot\n|\n|-weather|SunnyDay|[upkeep]\n|upkeep\n|turn|3\n|\n|t:|1737083175\n|switch|p1b: Incineroar|Incineroar, L50, F|100\/100\n|-ability|p1b: Incineroar|Intimidate|boost\n|-unboost|p2a: Groudon|atk|1\n|-unboost|p2b: Gouging Fire|atk|1\n|-terastallize|p2a: Groudon|Fire\n|move|p1a: Palkia|Protect|p1a: Palkia\n|-singleturn|p1a: Palkia|Protect\n|move|p2b: Gouging Fire|Howl|p2b: Gouging Fire|[spread] p2a,p2b\n|-boost|p2a: Groudon|atk|1\n|-boost|p2b: Gouging Fire|atk|1\n|move|p2a: Groudon|Heat Crash|p1b: Incineroar\n|-resisted|p1b: Incineroar\n|-damage|p1b: Incineroar|41\/100\n|-damage|p2a: Groudon|60\/100|[from] item: Rocky Helmet|[of] p1b: Incineroar\n|\n|-weather|SunnyDay|[upkeep]\n|upkeep\n|turn|4\n|inactive|Unstylish_Harry has 30 seconds left.\n|\n|t:|1737083202\n|-end|p2b: Gouging Fire|Protosynthesis|[silent]\n|switch|p2b: Raging Bolt|Raging Bolt, L50|100\/100\n|-activate|p2b: Raging Bolt|ability: Protosynthesis\n|-start|p2b: Raging Bolt|protosynthesisspa\n|move|p2a: Groudon|Protect|p2a: Groudon\n|-singleturn|p2a: Groudon|Protect\n|move|p1b: Incineroar|Fake Out|p2a: Groudon\n|-activate|p2a: Groudon|move: Protect\n|move|p1a: Palkia|Spacial Rend|p2b: Raging Bolt|[miss]\n|-miss|p1a: Palkia|p2b: Raging Bolt\n|\n|-weather|SunnyDay|[upkeep]\n|upkeep\n|turn|5\n|inactive|Unstylish_Harry has 30 seconds left.\n|\n|t:|1737083236\n|-terastallize|p1b: Incineroar|Grass\n|move|p1a: Palkia|Protect|p1a: Palkia\n|-singleturn|p1a: Palkia|Protect\n|move|p2a: Groudon|Precipice Blades|p1a: Palkia|[spread] p1b\n|-activate|p1a: Palkia|move: Protect\n|-resisted|p1b: Incineroar\n|-damage|p1b: Incineroar|14\/100\n|move|p2b: Raging Bolt|Thunderbolt|p1a: Palkia\n|-activate|p1a: Palkia|move: Protect\n|move|p1b: Incineroar|Parting Shot|p2b: Raging Bolt\n|-unboost|p2b: Raging Bolt|atk|1\n|-unboost|p2b: Raging Bolt|spa|1\n|\n|t:|1737083249\n|switch|p1b: Pelipper|Pelipper, L50, F|100\/100|[from] Parting Shot\n|-weather|RainDance|[from] ability: Drizzle|[of] p1b: Pelipper\n|-end|p2b: Raging Bolt|Protosynthesis\n|\n|-weather|RainDance|[upkeep]\n|upkeep\n|turn|6\n|\n|t:|1737083263\n|switch|p2a: Gouging Fire|Gouging Fire, L50|100\/100\n|-enditem|p2a: Gouging Fire|Booster Energy\n|-activate|p2a: Gouging Fire|ability: Protosynthesis|[fromitem]\n|-start|p2a: Gouging Fire|protosynthesisspe\n|move|p1a: Palkia|Spacial Rend|p2b: Raging Bolt\n|-supereffective|p2b: Raging Bolt\n|-damage|p2b: Raging Bolt|22\/100\n|move|p1b: Pelipper|Hurricane|p2b: Raging Bolt\n|-resisted|p2b: Raging Bolt\n|-damage|p2b: Raging Bolt|10\/100\n|-start|p2b: Raging Bolt|confusion\n|-activate|p2b: Raging Bolt|confusion\n|move|p2b: Raging Bolt|Thunderbolt|p1b: Pelipper\n|-supereffective|p1b: Pelipper\n|-damage|p1b: Pelipper|0 fnt\n|faint|p1b: Pelipper\n|\n|-weather|RainDance|[upkeep]\n|upkeep\n|\n|t:|1737083279\n|switch|p1b: Incineroar|Incineroar, L50, F, tera:Grass|14\/100\n|-ability|p1b: Incineroar|Intimidate|boost\n|-unboost|p2a: Gouging Fire|atk|1\n|-unboost|p2b: Raging Bolt|atk|1\n|turn|7\n|\n|t:|1737083297\n|move|p2a: Gouging Fire|Burning Bulwark|p2a: Gouging Fire\n|-singleturn|p2a: Gouging Fire|move: Protect\n|move|p1b: Incineroar|Fake Out|p2b: Raging Bolt\n|-damage|p2b: Raging Bolt|0 fnt\n|faint|p2b: Raging Bolt\n|-end|p2b: Raging Bolt|Protosynthesis|[silent]\n|move|p1a: Palkia|Spacial Rend|p2a: Gouging Fire\n|-activate|p2a: Gouging Fire|move: Protect\n|\n|-weather|RainDance|[upkeep]\n|upkeep\n|\n|t:|1737083299\n|switch|p2b: Groudon|Groudon, L50, tera:Fire|60\/100\n|-weather|SunnyDay|[from] ability: Drought|[of] p2b: Groudon\n|turn|8\n|\n|t:|1737083318\n|switch|p1b: Tinkaton|Tinkaton, L50, F|100\/100\n|-ability|p1b: Tinkaton|Mold Breaker\n|move|p2a: Gouging Fire|Howl|p2a: Gouging Fire|[spread] p2a,p2b\n|-boost|p2a: Gouging Fire|atk|1\n|-boost|p2b: Groudon|atk|1\n|move|p1a: Palkia|Spacial Rend|p2b: Groudon\n|-damage|p2b: Groudon|0 fnt\n|faint|p2b: Groudon\n|\n|-weather|SunnyDay|[upkeep]\n|upkeep\n|\n|t:|1737083325\n|switch|p2b: Bronzong|Bronzong, L50|100\/100\n|turn|9\n|\n|t:|1737083347\n|switch|p1b: Incineroar|Incineroar, L50, F, tera:Grass|14\/100\n|-ability|p1b: Incineroar|Intimidate|boost\n|-unboost|p2a: Gouging Fire|atk|1\n|-unboost|p2b: Bronzong|atk|1\n|move|p2a: Gouging Fire|Burning Bulwark|p2a: Gouging Fire\n|-singleturn|p2a: Gouging Fire|move: Protect\n|move|p1a: Palkia|Spacial Rend|p2a: Gouging Fire\n|-activate|p2a: Gouging Fire|move: Protect\n|move|p2b: Bronzong|Trick Room|p2b: Bronzong\n|-fieldstart|move: Trick Room|[of] p2b: Bronzong\n|\n|-weather|SunnyDay|[upkeep]\n|upkeep\n|turn|10\n|\n|t:|1737083360\n|move|p1b: Incineroar|Fake Out|p2b: Bronzong\n|-resisted|p2b: Bronzong\n|-damage|p2b: Bronzong|96\/100\n|cant|p2b: Bronzong|flinch\n|move|p1a: Palkia|Spacial Rend|p2a: Gouging Fire\n|-supereffective|p2a: Gouging Fire\n|-damage|p2a: Gouging Fire|0 fnt\n|faint|p2a: Gouging Fire\n|-end|p2a: Gouging Fire|Protosynthesis|[silent]\n|\n|-weather|SunnyDay|[upkeep]\n|upkeep\n|turn|11\n|-message|GG=Groudon Gaming forfeited.\n|\n|win|Unstylish_Harry\n|raw|Unstylish_Harry's rating: 1579 &rarr; <strong>1599<\/strong><br \/>(+20 for winning)\n|raw|GG=Groudon Gaming's rating: 1587 &rarr; <strong>1567<\/strong><br \/>(-20 for losing)\n|l|\u2606Unstylish_Harry\n|player|p1|\n|l|\u2606GG=Groudon Gaming\n|player|p2|\n","uploadtime":1737083371,"views":42,"formatid":"gen9vgc2025regg","rating":1567,"private":0,"password":null}