{"id":"gen9vgc2025regg-2282209925","format":"[Gen 9] VGC 2025 Reg G","players":["Freischieb","koji muranishi"],"log":"|j|\u2606Freischieb\n|j|\u2606koji muranishi\n|t:|1737037064\n|gametype|doubles\n|player|p1|Freischieb|101|1619\n|player|p2|koji muranishi|266|1652\n|teamsize|p1|6\n|teamsize|p2|6\n|gen|9\n|tier|[Gen 9] VGC 2025 Reg G\n|rated|\n|rule|Species Clause: Limit one of each Pok\u00e9mon\n|rule|Item Clause: Limit 1 of each item\n|clearpoke\n|poke|p1|Gastrodon, L50, F|\n|poke|p1|Ogerpon-Cornerstone, L50, F|\n|poke|p1|Urshifu-*, L50, F|\n|poke|p1|Calyrex-Ice, L50|\n|poke|p1|Farigiraf, L50, F|\n|poke|p1|Chi-Yu, L50|\n|poke|p2|Whimsicott, L50, F|\n|poke|p2|Calyrex-Ice, L50|\n|poke|p2|Urshifu-*, L50, F|\n|poke|p2|Ogerpon-Cornerstone, L50, F|\n|poke|p2|Raging Bolt, L50|\n|poke|p2|Archaludon, L50, F|\n|teampreview|4\nFreischieb has agreed to open team sheets.\n|inactive|Battle timer is ON: inactive players will automatically lose when time's up. (requested by koji muranishi)\n|j| sof.eir\n|inactive|Freischieb has 60 seconds left.\n|\n|t:|1737037131\n|start\n|switch|p1a: Honse|Calyrex-Ice, L50|100\/100\n|switch|p1b: Slay \ud83d\udc85|Ogerpon-Cornerstone, L50, F|100\/100\n|switch|p2a: Ogerpon|Ogerpon-Cornerstone, L50, F|100\/100\n|switch|p2b: Archaludon|Archaludon, L50, F|100\/100\n|-ability|p1a: Honse|As One\n|-ability|p1a: Honse|Unnerve\n|turn|1\n|inactive|koji muranishi has 30 seconds left.\n|inactive|koji muranishi has 20 seconds left.\n|inactive|koji muranishi has 15 seconds left.\n|\n|t:|1737037173\n|move|p1b: Slay \ud83d\udc85|Follow Me|p1b: Slay \ud83d\udc85\n|-singleturn|p1b: Slay \ud83d\udc85|move: Follow Me\n|move|p2a: Ogerpon|Ivy Cudgel|p1b: Slay \ud83d\udc85|[anim] Ivy Cudgel Rock\n|-damage|p1b: Slay \ud83d\udc85|22\/100\n|move|p2b: Archaludon|Meteor Beam||[still]\n|-prepare|p2b: Archaludon|Meteor Beam\n|-boost|p2b: Archaludon|spa|1\n|-enditem|p2b: Archaludon|Power Herb\n|-anim|p2b: Archaludon|Meteor Beam|p1b: Slay \ud83d\udc85|[miss]\n|-miss|p2b: Archaludon|p1b: Slay \ud83d\udc85\n|move|p1a: Honse|Trick Room|p1a: Honse\n|-fieldstart|move: Trick Room|[of] p1a: Honse\n|\n|upkeep\n|turn|2\n|\n|t:|1737037198\n|-terastallize|p2a: Ogerpon|Rock\n|detailschange|p2a: Ogerpon|Ogerpon-Cornerstone-Tera, L50, F, tera:Rock\n|-ability|p2a: Ogerpon|Embody Aspect (Cornerstone)|boost\n|-boost|p2a: Ogerpon|def|1\n|move|p1a: Honse|Protect|p1a: Honse\n|-singleturn|p1a: Honse|Protect\n|move|p2b: Archaludon|Draco Meteor|p1b: Slay \ud83d\udc85\n|-damage|p1b: Slay \ud83d\udc85|0 fnt\n|-unboost|p2b: Archaludon|spa|2\n|faint|p1b: Slay \ud83d\udc85\n|move|p2a: Ogerpon|Ivy Cudgel|p1a: Honse|[anim] Ivy Cudgel Rock\n|-activate|p1a: Honse|move: Protect\n|\n|upkeep\n|\n|t:|1737037203\n|switch|p1b: Golden child|Gastrodon, L50, F, shiny|100\/100\n|turn|3\n|inactive|Freischieb has 30 seconds left.\n|inactive|koji muranishi has 30 seconds left.\n|j| max9713\n|\n|t:|1737037236\n|switch|p2b: Calyrex|Calyrex-Ice, L50|100\/100\n|-ability|p2b: Calyrex|As One\n|-ability|p2b: Calyrex|Unnerve\n|move|p2a: Ogerpon|Spiky Shield|p2a: Ogerpon\n|-singleturn|p2a: Ogerpon|move: Protect\n|move|p1b: Golden child|Muddy Water|p2b: Calyrex|[spread] p2b\n|-activate|p2a: Ogerpon|move: Protect\n|-damage|p2b: Calyrex|83\/100\n|move|p1a: Honse|High Horsepower|p2a: Ogerpon\n|-activate|p2a: Ogerpon|move: Protect\n|-damage|p1a: Honse|88\/100|[from] Spiky Shield|[of] p2a: Ogerpon\n|\n|upkeep\n|turn|4\n|inactive|Freischieb has 30 seconds left.\n|\n|t:|1737037268\n|switch|p2a: Archaludon|Archaludon, L50, F|100\/100\n|-terastallize|p1b: Golden child|Fire\n|move|p1b: Golden child|Muddy Water|p2b: Calyrex|[spread] p2a,p2b\n|-resisted|p2a: Archaludon\n|-damage|p2a: Archaludon|84\/100\n|-damage|p2b: Calyrex|66\/100\n|-unboost|p2a: Archaludon|accuracy|1\n|-unboost|p2b: Calyrex|accuracy|1\n|move|p1a: Honse|High Horsepower|p2a: Archaludon\n|-supereffective|p2a: Archaludon\n|-damage|p2a: Archaludon|7\/100\n|move|p2b: Calyrex|Seed Bomb|p1b: Golden child\n|-resisted|p1b: Golden child\n|-damage|p1b: Golden child|76\/100\n|\n|upkeep\n|turn|5\n|inactive|Freischieb has 30 seconds left.\n|inactive|koji muranishi has 30 seconds left.\n|inactive|koji muranishi has 20 seconds left.\n|inactive|koji muranishi has 15 seconds left.\n|j| goOnUseTera\n|inactive|koji muranishi has 10 seconds left.\n|\n|t:|1737037318\n|move|p1b: Golden child|Earth Power|p2b: Calyrex\n|-damage|p2b: Calyrex|41\/100\n|-unboost|p2b: Calyrex|spd|1\n|move|p1a: Honse|Glacial Lance|p2a: Archaludon|[spread] p2a,p2b\n|-resisted|p2b: Calyrex\n|-damage|p2a: Archaludon|0 fnt\n|-damage|p2b: Calyrex|21\/100\n|faint|p2a: Archaludon\n|-ability|p1a: Honse|Chilling Neigh|boost\n|-boost|p1a: Honse|atk|1\n|move|p2b: Calyrex|Seed Bomb|p1a: Honse\n|-damage|p1a: Honse|60\/100\n|\n|-fieldend|move: Trick Room\n|upkeep\n|j| play sos wednesday\n|\n|t:|1737037332\n|switch|p2a: Ogerpon|Ogerpon-Cornerstone-Tera, L50, F, tera:Rock|100\/100\n|-ability|p2a: Ogerpon|Embody Aspect (Cornerstone)|boost\n|-boost|p2a: Ogerpon|def|1\n|turn|6\n|j| EllAkuro\n|\n|t:|1737037355\n|switch|p2b: Raging Bolt|Raging Bolt, L50|100\/100\n|move|p1a: Honse|Protect|p1a: Honse\n|-singleturn|p1a: Honse|Protect\n|move|p2a: Ogerpon|Ivy Cudgel|p1a: Honse|[anim] Ivy Cudgel Rock\n|-activate|p1a: Honse|move: Protect\n|move|p1b: Golden child|Muddy Water|p2b: Raging Bolt|[spread] p2a,p2b\n|-supereffective|p2a: Ogerpon\n|-resisted|p2b: Raging Bolt\n|-damage|p2a: Ogerpon|45\/100\n|-damage|p2b: Raging Bolt|91\/100\n|-unboost|p2a: Ogerpon|accuracy|1\n|-unboost|p2b: Raging Bolt|accuracy|1\n|\n|upkeep\n|turn|7\n|j| jasonrfry1\n|inactive|Freischieb has 30 seconds left.\n|l| jasonrfry1\n|\n|t:|1737037385\n|move|p2a: Ogerpon|Ivy Cudgel|p1a: Honse|[anim] Ivy Cudgel Rock\n|-supereffective|p1a: Honse\n|-damage|p1a: Honse|0 fnt\n|faint|p1a: Honse\n|move|p2b: Raging Bolt|Draco Meteor|p1b: Golden child\n|-damage|p1b: Golden child|7\/100\n|-unboost|p2b: Raging Bolt|spa|2\n|-damage|p2b: Raging Bolt|81\/100|[from] item: Life Orb\n|move|p1b: Golden child|Muddy Water|p2b: Raging Bolt|[spread] p2b\n|-miss|p1b: Golden child|p2a: Ogerpon\n|-resisted|p2b: Raging Bolt\n|-damage|p2b: Raging Bolt|72\/100\n|-unboost|p2b: Raging Bolt|accuracy|1\n|\n|upkeep\n|\n|t:|1737037388\n|switch|p1a: \ud83d\udc4d|Urshifu, L50, F|100\/100\n|turn|8\n|inactive|koji muranishi has 30 seconds left.\n|\n|t:|1737037415\n|move|p2b: Raging Bolt|Thunderclap|p1a: \ud83d\udc4d\n|-damage|p1a: \ud83d\udc4d|56\/100\n|-damage|p2b: Raging Bolt|62\/100|[from] item: Life Orb\n|move|p2a: Ogerpon|Ivy Cudgel|p1b: Golden child|[anim] Ivy Cudgel Rock\n|-supereffective|p1b: Golden child\n|-damage|p1b: Golden child|0 fnt\n|faint|p1b: Golden child\n|move|p1a: \ud83d\udc4d|Wicked Blow|p2a: Ogerpon\n|-crit|p2a: Ogerpon\n|-damage|p2a: Ogerpon|0 fnt\n|faint|p2a: Ogerpon\n|\n|upkeep\n|\n|t:|1737037427\n|switch|p2a: Calyrex|Calyrex-Ice, L50|21\/100\n|-ability|p2a: Calyrex|As One\n|-ability|p2a: Calyrex|Unnerve\n|turn|9\n|j| sushi rider\n|\n|t:|1737037435\n|move|p1a: \ud83d\udc4d|Wicked Blow|p2a: Calyrex\n|-supereffective|p2a: Calyrex\n|-crit|p2a: Calyrex\n|-damage|p2a: Calyrex|0 fnt\n|faint|p2a: Calyrex\n|move|p2b: Raging Bolt|Thunderbolt|p1a: \ud83d\udc4d|[miss]\n|-miss|p2b: Raging Bolt|p1a: \ud83d\udc4d\n|\n|upkeep\n|turn|10\n|\n|t:|1737037443\n|move|p1a: \ud83d\udc4d|Wicked Blow|p2b: Raging Bolt\n|-crit|p2b: Raging Bolt\n|-damage|p2b: Raging Bolt|6\/100\n|move|p2b: Raging Bolt|Thunderbolt|p1a: \ud83d\udc4d|[miss]\n|-miss|p2b: Raging Bolt|p1a: \ud83d\udc4d\n|\n|upkeep\n|turn|11\n|\n|t:|1737037451\n|move|p1a: \ud83d\udc4d|Sucker Punch|p2b: Raging Bolt\n|-damage|p2b: Raging Bolt|0 fnt\n|faint|p2b: Raging Bolt\n|-end|p2b: Raging Bolt|Protosynthesis|[silent]\n|\n|win|Freischieb\n|raw|Freischieb's rating: 1619 &rarr; <strong>1641<\/strong><br \/>(+22 for winning)\n|raw|koji muranishi's rating: 1652 &rarr; <strong>1630<\/strong><br \/>(-22 for losing)\n|l|\u2606koji muranishi\n|player|p2|\n|l| EllAkuro\n|l| max9713\n|l|\u2606Freischieb\n|player|p1|\n|l| play sos wednesday\n","uploadtime":1737037453,"views":30,"formatid":"gen9vgc2025regg","rating":1630,"private":0,"password":null}