{"id":"gen9vgc2025regg-2282512598","format":"[Gen 9] VGC 2025 Reg G","players":["Ninjaloki","Gene10"],"log":"|j|\u2606Ninjaloki\n|j|\u2606Gene10\n|t:|1737069057\n|gametype|doubles\n|player|p1|Ninjaloki|2|1566\n|player|p2|Gene10|101|1744\n|teamsize|p1|6\n|teamsize|p2|6\n|gen|9\n|tier|[Gen 9] VGC 2025 Reg G\n|rated|\n|rule|Species Clause: Limit one of each Pok\u00e9mon\n|rule|Item Clause: Limit 1 of each item\n|clearpoke\n|poke|p1|Miraidon, L50|\n|poke|p1|Whimsicott, L50, M|\n|poke|p1|Urshifu-*, L50, M|\n|poke|p1|Ogerpon-Hearthflame, L50, F|\n|poke|p1|Farigiraf, L50, M|\n|poke|p1|Iron Hands, L50|\n|poke|p2|Calyrex-Ice, L50|\n|poke|p2|Urshifu-*, L50, F|\n|poke|p2|Raging Bolt, L50|\n|poke|p2|Rillaboom, L50, F|\n|poke|p2|Pelipper, L50, F|\n|poke|p2|Farigiraf, L50, M|\n|teampreview|4\n|inactive|Battle timer is ON: inactive players will automatically lose when time's up. (requested by Gene10)\n|\n|t:|1737069074\n|start\n|switch|p1a: Miraidon|Miraidon, L50|100\/100\n|switch|p1b: Ogerpon|Ogerpon-Hearthflame, L50, F|100\/100\n|switch|p2a: Calyrex|Calyrex-Ice, L50|100\/100\n|switch|p2b: Pelipper|Pelipper, L50, F|100\/100\n|-ability|p2a: Calyrex|As One\n|-ability|p2a: Calyrex|Unnerve\n|-fieldstart|move: Electric Terrain|[from] ability: Hadron Engine|[of] p1a: Miraidon\n|-ability|p1b: Ogerpon|Mold Breaker\n|-weather|RainDance|[from] ability: Drizzle|[of] p2b: Pelipper\n|turn|1\n|\n|t:|1737069096\n|-terastallize|p2b: Pelipper|Ground\n|move|p2a: Calyrex|Protect|p2a: Calyrex\n|-singleturn|p2a: Calyrex|Protect\n|move|p1a: Miraidon|Volt Switch|p2b: Pelipper\n|-immune|p2b: Pelipper\n|move|p1b: Ogerpon|Ivy Cudgel|p2a: Calyrex|[anim] Ivy Cudgel Fire\n|-activate|p2a: Calyrex|move: Protect\n|move|p2b: Pelipper|Hurricane|p1b: Ogerpon\n|-supereffective|p1b: Ogerpon\n|-damage|p1b: Ogerpon|0 fnt\n|faint|p1b: Ogerpon\n|\n|-weather|RainDance|[upkeep]\n|upkeep\n|\n|t:|1737069117\n|switch|p1b: Iron Hands|Iron Hands, L50|100\/100\n|-activate|p1b: Iron Hands|ability: Quark Drive\n|-start|p1b: Iron Hands|quarkdriveatk\n|turn|2\n|j| DaN00biest\n|\n|t:|1737069138\n|switch|p2a: Rillaboom|Rillaboom, L50, F|100\/100\n|-fieldstart|move: Grassy Terrain|[from] ability: Grassy Surge|[of] p2a: Rillaboom\n|-end|p1b: Iron Hands|Quark Drive\n|move|p1a: Miraidon|Volt Switch|p2a: Rillaboom\n|-resisted|p2a: Rillaboom\n|-damage|p2a: Rillaboom|80\/100\n|\n|t:|1737069146\n|switch|p1a: Farigiraf|Farigiraf, L50, M|100\/100|[from] Volt Switch\n|move|p2b: Pelipper|Hurricane|p1a: Farigiraf\n|-damage|p1a: Farigiraf|54\/100\n|move|p1b: Iron Hands|Low Kick|p2a: Rillaboom\n|-damage|p2a: Rillaboom|45\/100\n|\n|-weather|RainDance|[upkeep]\n|-heal|p2a: Rillaboom|50\/100|[from] Grassy Terrain\n|-heal|p1a: Farigiraf|60\/100|[from] Grassy Terrain\n|upkeep\n|turn|3\n|j| Hambooger\n|\n|t:|1737069169\n|move|p2b: Pelipper|Weather Ball|p1a: Farigiraf\n|-damage|p1a: Farigiraf|0 fnt\n|faint|p1a: Farigiraf\n|move|p2a: Rillaboom|U-turn|p1b: Iron Hands\n|-resisted|p1b: Iron Hands\n|-damage|p1b: Iron Hands|93\/100\n|\n|t:|1737069182\n|switch|p2a: Urshifu|Urshifu-Rapid-Strike, L50, F|100\/100|[from] U-turn\n|move|p1b: Iron Hands|Drain Punch|p2b: Pelipper\n|-damage|p2b: Pelipper|46\/100\n|-heal|p1b: Iron Hands|100\/100|[from] drain|[of] p2b: Pelipper\n|\n|-weather|RainDance|[upkeep]\n|-heal|p2b: Pelipper|52\/100|[from] Grassy Terrain\n|upkeep\n|\n|t:|1737069192\n|switch|p1a: Miraidon|Miraidon, L50|100\/100\n|-fieldstart|move: Electric Terrain|[from] ability: Hadron Engine|[of] p1a: Miraidon\n|-activate|p1b: Iron Hands|ability: Quark Drive\n|-start|p1b: Iron Hands|quarkdriveatk\n|turn|4\n|j| darkrinorex\n|\n|t:|1737069210\n|switch|p2a: Rillaboom|Rillaboom, L50, F|50\/100\n|-fieldstart|move: Grassy Terrain|[from] ability: Grassy Surge|[of] p2a: Rillaboom\n|-end|p1b: Iron Hands|Quark Drive\n|move|p2b: Pelipper|Protect|p2b: Pelipper\n|-singleturn|p2b: Pelipper|Protect\n|move|p1a: Miraidon|Dazzling Gleam|p2a: Rillaboom|[spread] p2a\n|-activate|p2b: Pelipper|move: Protect\n|-damage|p2a: Rillaboom|26\/100\n|move|p1b: Iron Hands|Low Kick|p2a: Rillaboom\n|-damage|p2a: Rillaboom|0 fnt\n|faint|p2a: Rillaboom\n|\n|-weather|RainDance|[upkeep]\n|-heal|p2b: Pelipper|58\/100|[from] Grassy Terrain\n|upkeep\n|\n|t:|1737069231\n|switch|p2a: Calyrex|Calyrex-Ice, L50|100\/100\n|-ability|p2a: Calyrex|As One\n|-ability|p2a: Calyrex|Unnerve\n|turn|5\n|\n|t:|1737069242\n|-terastallize|p1a: Miraidon|Fairy\n|move|p2b: Pelipper|Wide Guard|p2b: Pelipper\n|-singleturn|p2b: Pelipper|Wide Guard\n|move|p1a: Miraidon|Dazzling Gleam|p2a: Calyrex|[spread] \n|-activate|p2a: Calyrex|move: Wide Guard\n|-activate|p2b: Pelipper|move: Wide Guard\n|move|p2a: Calyrex|Glacial Lance|p1b: Iron Hands|[spread] p1a,p1b\n|-damage|p1a: Miraidon|44\/100\n|-damage|p1b: Iron Hands|61\/100\n|move|p1b: Iron Hands|Low Kick|p2a: Calyrex\n|-damage|p2a: Calyrex|60\/100\n|\n|-weather|none\n|-heal|p1a: Miraidon|50\/100|[from] Grassy Terrain\n|-heal|p2b: Pelipper|64\/100|[from] Grassy Terrain\n|-heal|p2a: Calyrex|66\/100|[from] Grassy Terrain\n|-heal|p1b: Iron Hands|67\/100|[from] Grassy Terrain\n|upkeep\n|turn|6\n|inactive|Ninjaloki has 30 seconds left.\n|\n|t:|1737069270\n|move|p2b: Pelipper|Wide Guard|p2b: Pelipper\n|-singleturn|p2b: Pelipper|Wide Guard\n|move|p1a: Miraidon|Dazzling Gleam|p2a: Calyrex|[spread] \n|-activate|p2a: Calyrex|move: Wide Guard\n|-activate|p2b: Pelipper|move: Wide Guard\n|move|p2a: Calyrex|Glacial Lance|p1b: Iron Hands|[spread] p1a,p1b\n|-damage|p1a: Miraidon|0 fnt\n|-damage|p1b: Iron Hands|27\/100\n|faint|p1a: Miraidon\n|-ability|p2a: Calyrex|Chilling Neigh|boost\n|-boost|p2a: Calyrex|atk|1\n|move|p1b: Iron Hands|Low Kick|p2a: Calyrex\n|-damage|p2a: Calyrex|24\/100\n|\n|-heal|p2b: Pelipper|70\/100|[from] Grassy Terrain\n|-heal|p2a: Calyrex|30\/100|[from] Grassy Terrain\n|-heal|p1b: Iron Hands|33\/100|[from] Grassy Terrain\n|upkeep\n|turn|7\n|-message|Ninjaloki forfeited.\n|\n|win|Gene10\n|raw|Ninjaloki's rating: 1566 &rarr; <strong>1555<\/strong><br \/>(-11 for losing)\n|raw|Gene10's rating: 1744 &rarr; <strong>1755<\/strong><br \/>(+11 for winning)\n|l|\u2606Ninjaloki\n|player|p1|\n|l| DaN00biest\n|l|\u2606Gene10\n|player|p2|\n","uploadtime":1737069329,"views":36,"formatid":"gen9vgc2025regg","rating":1555,"private":0,"password":null}