{"id":"gen9vgc2025regg-2282927705","format":"[Gen 9] VGC 2025 Reg G","players":["DavidElGafe","TViewierVGC"],"log":"|j|\u2606DavidElGafe\n|j|\u2606TViewierVGC\n|t:|1737131033\n|gametype|doubles\n|player|p1|DavidElGafe|blue|1582\n|player|p2|TViewierVGC|tuber|1546\n|teamsize|p1|6\n|teamsize|p2|6\n|gen|9\n|tier|[Gen 9] VGC 2025 Reg G\n|rated|\n|rule|Species Clause: Limit one of each Pok\u00e9mon\n|rule|Item Clause: Limit 1 of each item\n|clearpoke\n|poke|p1|Calyrex-Ice, L50|\n|poke|p1|Indeedee-F, L50, F|\n|poke|p1|Torkoal, L50, F|\n|poke|p1|Regidrago, L50|\n|poke|p1|Gallade, L50, M|\n|poke|p1|Annihilape, L50, F|\n|poke|p2|Calyrex-Shadow, L50|\n|poke|p2|Chi-Yu, L50|\n|poke|p2|Ogerpon-Wellspring, L50, F|\n|poke|p2|Chien-Pao, L50|\n|poke|p2|Sneasler, L50, F|\n|poke|p2|Tornadus, L50, M|\n|teampreview|4\n|inactive|Battle timer is ON: inactive players will automatically lose when time's up. (requested by TViewierVGC)\nTViewierVGC has agreed to open team sheets.\n|inactive|DavidElGafe has 60 seconds left.\n|inactive|TViewierVGC has 60 seconds left.\n|\n|t:|1737131089\n|start\n|switch|p1a: Calyrex|Calyrex-Ice, L50|100\/100\n|switch|p1b: Indeedee|Indeedee-F, L50, F|100\/100\n|switch|p2a: Calyrex|Calyrex-Shadow, L50|100\/100\n|switch|p2b: Chi-Gam|Chi-Yu, L50|100\/100\n|-ability|p2a: Calyrex|As One\n|-ability|p2a: Calyrex|Unnerve\n|-ability|p1a: Calyrex|As One\n|-ability|p1a: Calyrex|Unnerve\n|-ability|p2b: Chi-Gam|Beads of Ruin\n|-fieldstart|move: Psychic Terrain|[from] ability: Psychic Surge|[of] p1b: Indeedee\n|turn|1\n|\n|t:|1737131098\n|-terastallize|p1a: Calyrex|Normal\n|move|p1b: Indeedee|Follow Me|p1b: Indeedee\n|-singleturn|p1b: Indeedee|move: Follow Me\n|move|p2b: Chi-Gam|Heat Wave|p1b: Indeedee|[spread] p1a,p1b\n|-damage|p1a: Calyrex|65\/100\n|-damage|p1b: Indeedee|59\/100\n|move|p2a: Calyrex|Astral Barrage|p1a: Calyrex|[spread] \n|-immune|p1a: Calyrex\n|-immune|p1b: Indeedee\n|move|p1a: Calyrex|Trick Room|p1a: Calyrex\n|-fieldstart|move: Trick Room|[of] p1a: Calyrex\n|\n|upkeep\n|turn|2\n|\n|t:|1737131121\n|-terastallize|p2a: Calyrex|Fighting\n|move|p1b: Indeedee|Helping Hand|p1a: Calyrex\n|-singleturn|p1a: Calyrex|Helping Hand|[of] p1b: Indeedee\n|move|p1a: Calyrex|Glacial Lance|p2a: Calyrex|[spread] p2a,p2b\n|-resisted|p2b: Chi-Gam\n|-damage|p2a: Calyrex|0 fnt\n|-damage|p2b: Chi-Gam|34\/100\n|faint|p2a: Calyrex\n|-ability|p1a: Calyrex|Chilling Neigh|boost\n|-boost|p1a: Calyrex|atk|1\n|move|p2b: Chi-Gam|Heat Wave|p1b: Indeedee|[spread] p1a,p1b\n|-damage|p1a: Calyrex|30\/100\n|-damage|p1b: Indeedee|12\/100\n|-status|p1a: Calyrex|brn\n|\n|-damage|p1a: Calyrex|24\/100 brn|[from] brn\n|upkeep\n|\n|t:|1737131134\n|switch|p2a: Chien-Pao|Chien-Pao, L50|100\/100\n|-ability|p2a: Chien-Pao|Sword of Ruin\n|turn|3\n|\n|t:|1737131156\n|move|p1b: Indeedee|Helping Hand|p1a: Calyrex\n|-singleturn|p1a: Calyrex|Helping Hand|[of] p1b: Indeedee\n|move|p1a: Calyrex|Glacial Lance|p2b: Chi-Gam|[spread] p2a,p2b\n|-resisted|p2a: Chien-Pao\n|-resisted|p2b: Chi-Gam\n|-damage|p2a: Chien-Pao|53\/100\n|-damage|p2b: Chi-Gam|0 fnt\n|faint|p2b: Chi-Gam\n|-ability|p1a: Calyrex|Chilling Neigh|boost\n|-boost|p1a: Calyrex|atk|1\n|move|p2a: Chien-Pao|Ice Spinner|p1a: Calyrex\n|-damage|p1a: Calyrex|0 fnt\n|-fieldend|move: Psychic Terrain\n|faint|p1a: Calyrex\n|\n|upkeep\n|\n|t:|1737131167\n|switch|p1a: Gallade|Gallade, L50, M|100\/100\n|switch|p2b: Sneasler|Sneasler, L50, F|100\/100\n|turn|4\n|inactive|DavidElGafe has 30 seconds left.\n|\n|t:|1737131195\n|move|p2b: Sneasler|Fake Out|p1a: Gallade\n|-damage|p1a: Gallade|75\/100\n|cant|p1a: Gallade|flinch\n|move|p1b: Indeedee|Psychic|p2b: Sneasler\n|-supereffective|p2b: Sneasler\n|-damage|p2b: Sneasler|0 fnt\n|faint|p2b: Sneasler\n|move|p2a: Chien-Pao|Ice Spinner|p1b: Indeedee\n|-damage|p1b: Indeedee|0 fnt\n|faint|p1b: Indeedee\n|\n|upkeep\n|\n|t:|1737131203\n|switch|p1b: Regidrago|Regidrago, L50|100\/100\n|-enditem|p1b: Regidrago|Room Service\n|-unboost|p1b: Regidrago|spe|1|[from] item: Room Service\n|turn|5\n|\n|t:|1737131211\n|move|p2a: Chien-Pao|Protect|p2a: Chien-Pao\n|-singleturn|p2a: Chien-Pao|Protect\n|move|p1b: Regidrago|Dragon Pulse|p2a: Chien-Pao\n|-activate|p2a: Chien-Pao|move: Protect\n|move|p1a: Gallade|Sacred Sword|p2a: Chien-Pao\n|-activate|p2a: Chien-Pao|move: Protect\n|\n|-fieldend|move: Trick Room\n|upkeep\n|turn|6\n|\n|t:|1737131221\n|move|p2a: Chien-Pao|Ice Spinner|p1a: Gallade\n|-damage|p1a: Gallade|0 fnt\n|faint|p1a: Gallade\n|move|p1b: Regidrago|Dragon Pulse|p2a: Chien-Pao\n|-damage|p2a: Chien-Pao|0 fnt\n|faint|p2a: Chien-Pao\n|\n|win|DavidElGafe\n|raw|DavidElGafe's rating: 1582 &rarr; <strong>1600<\/strong><br \/>(+18 for winning)\n|raw|TViewierVGC's rating: 1546 &rarr; <strong>1528<\/strong><br \/>(-18 for losing)\n|l|\u2606TViewierVGC\n|player|p2|\n|l|\u2606DavidElGafe\n|player|p1|\n|j|\u2606DavidElGafe\n|player|p1|DavidElGafe|blue|\n","uploadtime":1737131431,"views":18,"formatid":"gen9vgc2025regg","rating":1528,"private":0,"password":null}