{"id":"gen9vgc2025regg-2282365958","format":"[Gen 9] VGC 2025 Reg G","players":["Pokequimico","bluestraggler02"],"log":"|j|\u2606Pokequimico\n|j|\u2606bluestraggler02\n|t:|1737053105\n|gametype|doubles\n|player|p1|Pokequimico|scientist|1548\n|player|p2|bluestraggler02|265|1542\n|teamsize|p1|6\n|teamsize|p2|6\n|gen|9\n|tier|[Gen 9] VGC 2025 Reg G\n|rated|\n|rule|Species Clause: Limit one of each Pok\u00e9mon\n|rule|Item Clause: Limit 1 of each item\n|clearpoke\n|poke|p1|Urshifu-*, L50, M|\n|poke|p1|Kyogre, L50|\n|poke|p1|Roaring Moon, L50|\n|poke|p1|Rillaboom, L50, F|\n|poke|p1|Amoonguss, L50, M|\n|poke|p1|Incineroar, L50, M|\n|poke|p2|Groudon, L50|\n|poke|p2|Gouging Fire, L50|\n|poke|p2|Brute Bonnet, L50|\n|poke|p2|Walking Wake, L50|\n|poke|p2|Farigiraf, L50, M|\n|poke|p2|Torkoal, L50, F|\n|teampreview|4\n|\n|t:|1737053146\n|start\n|switch|p1a: Rillaboom|Rillaboom, L50, F|100\/100\n|switch|p1b: Urshifu|Urshifu-Rapid-Strike, L50, M|100\/100\n|switch|p2a: Brute Bonnet|Brute Bonnet, L50|100\/100\n|switch|p2b: Walking Wake|Walking Wake, L50|100\/100\n|-fieldstart|move: Grassy Terrain|[from] ability: Grassy Surge|[of] p1a: Rillaboom\n|turn|1\n|\n|t:|1737053163\n|-end|p2a: Brute Bonnet|Protosynthesis|[silent]\n|switch|p2a: Groudon|Groudon, L50|100\/100\n|-weather|SunnyDay|[from] ability: Drought|[of] p2a: Groudon\n|-activate|p2b: Walking Wake|ability: Protosynthesis\n|-start|p2b: Walking Wake|protosynthesisspe\n|move|p2b: Walking Wake|Weather Ball|p1a: Rillaboom\n|-supereffective|p1a: Rillaboom\n|-damage|p1a: Rillaboom|2\/100\n|move|p1b: Urshifu|Surging Strikes|p2a: Groudon\n|-supereffective|p2a: Groudon\n|-crit|p2a: Groudon\n|-damage|p2a: Groudon|88\/100\n|-supereffective|p2a: Groudon\n|-crit|p2a: Groudon\n|-damage|p2a: Groudon|75\/100\n|-supereffective|p2a: Groudon\n|-crit|p2a: Groudon\n|-damage|p2a: Groudon|63\/100\n|-hitcount|p2a: Groudon|3\n|move|p1a: Rillaboom|U-turn|p2a: Groudon\n|-damage|p2a: Groudon|47\/100\n|\n|t:|1737053168\n|switch|p1a: Kyogre|Kyogre, L50|100\/100|[from] U-turn\n|-weather|RainDance|[from] ability: Drizzle|[of] p1a: Kyogre\n|-end|p2b: Walking Wake|Protosynthesis\n|\n|-weather|RainDance|[upkeep]\n|-heal|p2a: Groudon|53\/100|[from] Grassy Terrain\n|upkeep\n|turn|2\n|\n|t:|1737053190\n|switch|p1b: Rillaboom|Rillaboom, L50, F|2\/100\n|move|p2b: Walking Wake|Weather Ball|p1b: Rillaboom\n|-resisted|p1b: Rillaboom\n|-damage|p1b: Rillaboom|0 fnt\n|faint|p1b: Rillaboom\n|move|p1a: Kyogre|Calm Mind|p1a: Kyogre\n|-boost|p1a: Kyogre|spa|1\n|-boost|p1a: Kyogre|spd|1\n|move|p2a: Groudon|Thunder Punch|p1a: Kyogre\n|-supereffective|p1a: Kyogre\n|-damage|p1a: Kyogre|47\/100\n|\n|-weather|RainDance|[upkeep]\n|-heal|p1a: Kyogre|53\/100|[from] Grassy Terrain\n|-heal|p1a: Kyogre|59\/100|[from] item: Leftovers\n|-heal|p2a: Groudon|59\/100|[from] Grassy Terrain\n|upkeep\n|\n|t:|1737053199\n|switch|p1b: Roaring Moon|Roaring Moon, L50|100\/100\n|-enditem|p1b: Roaring Moon|Booster Energy\n|-activate|p1b: Roaring Moon|ability: Protosynthesis|[fromitem]\n|-start|p1b: Roaring Moon|protosynthesisspe\n|turn|3\n|\n|t:|1737053207\n|move|p1b: Roaring Moon|Tailwind|p1b: Roaring Moon\n|-sidestart|p1: Pokequimico|move: Tailwind\n|move|p1a: Kyogre|Origin Pulse|p2b: Walking Wake|[spread] p2a,p2b\n|-supereffective|p2a: Groudon\n|-crit|p2a: Groudon\n|-resisted|p2b: Walking Wake\n|-damage|p2a: Groudon|0 fnt\n|-damage|p2b: Walking Wake|71\/100\n|faint|p2a: Groudon\n|move|p2b: Walking Wake|Weather Ball|p1a: Kyogre\n|-resisted|p1a: Kyogre\n|-damage|p1a: Kyogre|36\/100\n|\n|-weather|RainDance|[upkeep]\n|-heal|p1a: Kyogre|42\/100|[from] Grassy Terrain\n|-heal|p1a: Kyogre|47\/100|[from] item: Leftovers\n|-heal|p2b: Walking Wake|77\/100|[from] Grassy Terrain\n|upkeep\n|\n|t:|1737053215\n|switch|p2a: Brute Bonnet|Brute Bonnet, L50|100\/100\n|turn|4\n|\n|t:|1737053223\n|-terastallize|p2a: Brute Bonnet|Water\n|move|p1b: Roaring Moon|Acrobatics|p2a: Brute Bonnet\n|-damage|p2a: Brute Bonnet|76\/100\n|move|p1a: Kyogre|Ice Beam|p2a: Brute Bonnet\n|-resisted|p2a: Brute Bonnet\n|-damage|p2a: Brute Bonnet|57\/100\n|move|p2b: Walking Wake|Weather Ball|p1a: Kyogre\n|-resisted|p1a: Kyogre\n|-damage|p1a: Kyogre|24\/100\n|move|p2a: Brute Bonnet|Spore|p1b: Roaring Moon\n|-status|p1b: Roaring Moon|slp|[from] move: Spore\n|\n|-weather|RainDance|[upkeep]\n|-heal|p1a: Kyogre|30\/100|[from] Grassy Terrain\n|-heal|p1a: Kyogre|36\/100|[from] item: Leftovers\n|-heal|p2b: Walking Wake|83\/100|[from] Grassy Terrain\n|-heal|p2a: Brute Bonnet|63\/100|[from] Grassy Terrain\n|upkeep\n|turn|5\n|\n|t:|1737053242\n|-terastallize|p1a: Kyogre|Grass\n|cant|p1b: Roaring Moon|slp\n|move|p1a: Kyogre|Ice Beam|p2b: Walking Wake\n|-damage|p2b: Walking Wake|31\/100\n|move|p2b: Walking Wake|Weather Ball|p1a: Kyogre\n|-resisted|p1a: Kyogre\n|-damage|p1a: Kyogre|13\/100\n|move|p2a: Brute Bonnet|Seed Bomb|p1a: Kyogre\n|-resisted|p1a: Kyogre\n|-damage|p1a: Kyogre|0 fnt\n|faint|p1a: Kyogre\n|\n|-weather|none\n|-heal|p2b: Walking Wake|37\/100|[from] Grassy Terrain\n|-heal|p2a: Brute Bonnet|69\/100|[from] Grassy Terrain\n|-fieldend|move: Grassy Terrain\n|upkeep\n|\n|t:|1737053255\n|switch|p1a: Urshifu|Urshifu-Rapid-Strike, L50, M|100\/100\n|turn|6\n|\n|t:|1737053260\n|-end|p2b: Walking Wake|Protosynthesis|[silent]\n|switch|p2b: Farigiraf|Farigiraf, L50, M|100\/100\n|cant|p1b: Roaring Moon|slp\n|move|p1a: Urshifu|Close Combat|p2a: Brute Bonnet\n|-damage|p2a: Brute Bonnet|25\/100\n|-unboost|p1a: Urshifu|def|1\n|-unboost|p1a: Urshifu|spd|1\n|move|p2a: Brute Bonnet|Seed Bomb|p1a: Urshifu\n|-supereffective|p1a: Urshifu\n|-damage|p1a: Urshifu|2\/100\n|\n|-sideend|p1: Pokequimico|move: Tailwind\n|upkeep\n|turn|7\n|\n|t:|1737053275\n|move|p2a: Brute Bonnet|Sucker Punch|p1a: Urshifu\n|-resisted|p1a: Urshifu\n|-damage|p1a: Urshifu|0 fnt\n|faint|p1a: Urshifu\n|-curestatus|p1b: Roaring Moon|slp|[msg]\n|move|p1b: Roaring Moon|Knock Off|p2b: Farigiraf\n|-supereffective|p2b: Farigiraf\n|-damage|p2b: Farigiraf|19\/100\n|-enditem|p2b: Farigiraf|Mental Herb|[from] move: Knock Off|[of] p1b: Roaring Moon\n|move|p2b: Farigiraf|Trick Room|p2b: Farigiraf\n|-fieldstart|move: Trick Room|[of] p2b: Farigiraf\n|\n|upkeep\n|turn|8\n|-message|Pokequimico forfeited.\n|\n|win|bluestraggler02\n|raw|Pokequimico's rating: 1548 &rarr; <strong>1528<\/strong><br \/>(-20 for losing)\n|raw|bluestraggler02's rating: 1542 &rarr; <strong>1562<\/strong><br \/>(+20 for winning)\n|l|\u2606Pokequimico\n|player|p1|\n|l|\u2606bluestraggler02\n|player|p2|\n","uploadtime":1737053491,"views":11,"formatid":"gen9vgc2025regg","rating":1528,"private":0,"password":null}