{"id":"gen9vgc2025regg-2282708687","format":"[Gen 9] VGC 2025 Reg G","players":["zac5224666","Lsxy"],"log":"|j|\u2606zac5224666\n|j|\u2606Lsxy\n|t:|1737098985\n|gametype|doubles\n|player|p1|zac5224666|266|1561\n|player|p2|Lsxy|101|1620\n|teamsize|p1|6\n|teamsize|p2|6\n|gen|9\n|tier|[Gen 9] VGC 2025 Reg G\n|rated|\n|rule|Species Clause: Limit one of each Pok\u00e9mon\n|rule|Item Clause: Limit 1 of each item\n|clearpoke\n|poke|p1|Grimmsnarl, L50, M|\n|poke|p1|Wo-Chien, L50|\n|poke|p1|Kyogre, L50|\n|poke|p1|Gholdengo, L50|\n|poke|p1|Incineroar, L50, F|\n|poke|p1|Landorus, L50, M|\n|poke|p2|Muk-Alola, L50, M|\n|poke|p2|Calyrex-Shadow, L50|\n|poke|p2|Smeargle, L50, M|\n|poke|p2|Flamigo, L50, F|\n|poke|p2|Chien-Pao, L50|\n|poke|p2|Entei, L50|\n|teampreview|4\n|inactive|Battle timer is ON: inactive players will automatically lose when time's up. (requested by Lsxy)\n|j| GarchompExVgc\n|inactive|zac5224666 has 60 seconds left.\n|inactive|zac5224666 has 30 seconds left.\n|inactive|zac5224666 has 20 seconds left.\n|inactive|zac5224666 has 15 seconds left.\n|inactive|zac5224666 has 10 seconds left.\n|inactive|zac5224666 has 5 seconds left.\n|\n|t:|1737099077\n|start\n|switch|p1a: Grimmsnarl|Grimmsnarl, L50, M|100\/100\n|switch|p1b: Wo-Chien|Wo-Chien, L50|100\/100\n|switch|p2a: Smeargle|Smeargle, L50, M|100\/100\n|switch|p2b: Muk|Muk-Alola, L50, M|100\/100\n|-ability|p1b: Wo-Chien|Tablets of Ruin\n|turn|1\n|\n|t:|1737099101\n|move|p2a: Smeargle|Fake Out|p1b: Wo-Chien\n|-damage|p1b: Wo-Chien|97\/100\n|move|p1a: Grimmsnarl|Thunder Wave|p2a: Smeargle\n|-status|p2a: Smeargle|par\n|cant|p1b: Wo-Chien|flinch\n|move|p2b: Muk|Minimize|p2b: Muk\n|-boost|p2b: Muk|evasion|2\n|\n|-heal|p1b: Wo-Chien|100\/100|[from] item: Leftovers\n|-ability|p2a: Smeargle|Moody|boost\n|-boost|p2a: Smeargle|spd|2\n|-unboost|p2a: Smeargle|atk|1\n|upkeep\n|turn|2\n|\n|t:|1737099116\n|switch|p1a: Gholdengo|Gholdengo, L50|100\/100\n|move|p2a: Smeargle|Follow Me|p2a: Smeargle\n|-singleturn|p2a: Smeargle|move: Follow Me\n|move|p1b: Wo-Chien|Leech Seed|p2a: Smeargle\n|-start|p2a: Smeargle|move: Leech Seed\n|move|p2b: Muk|Minimize|p2b: Muk\n|-boost|p2b: Muk|evasion|2\n|\n|-damage|p2a: Smeargle|88\/100 par|[from] Leech Seed|[of] p1b: Wo-Chien\n|-ability|p2a: Smeargle|Moody|boost\n|-boost|p2a: Smeargle|atk|2\n|-unboost|p2a: Smeargle|def|1\n|upkeep\n|turn|3\n|\n|t:|1737099137\n|cant|p2a: Smeargle|par\n|move|p1a: Gholdengo|Nasty Plot|p1a: Gholdengo\n|-boost|p1a: Gholdengo|spa|2\n|move|p1b: Wo-Chien|Foul Play|p2b: Muk\n|-resisted|p2b: Muk\n|-damage|p2b: Muk|89\/100\n|move|p2b: Muk|Minimize|p2b: Muk\n|-boost|p2b: Muk|evasion|2\n|\n|-heal|p2b: Muk|95\/100|[from] item: Leftovers\n|-damage|p2a: Smeargle|76\/100 par|[from] Leech Seed|[of] p1b: Wo-Chien\n|-ability|p2a: Smeargle|Moody|boost\n|-boost|p2a: Smeargle|spa|2\n|-unboost|p2a: Smeargle|atk|1\n|upkeep\n|turn|4\n|\n|t:|1737099156\n|cant|p2a: Smeargle|par\n|move|p1a: Gholdengo|Nasty Plot|p1a: Gholdengo\n|-boost|p1a: Gholdengo|spa|2\n|move|p1b: Wo-Chien|Leech Seed|p2b: Muk|[miss]\n|-miss|p1b: Wo-Chien|p2b: Muk\n|move|p2b: Muk|Poison Gas|p1a: Gholdengo|[spread] p1b\n|-immune|p1a: Gholdengo|[from] ability: Good as Gold\n|-status|p1b: Wo-Chien|psn\n|\n|-heal|p2b: Muk|100\/100|[from] item: Leftovers\n|-damage|p2a: Smeargle|63\/100 par|[from] Leech Seed|[of] p1b: Wo-Chien\n|-damage|p1b: Wo-Chien|88\/100 psn|[from] psn\n|-ability|p2a: Smeargle|Moody|boost\n|-boost|p2a: Smeargle|def|2\n|-unboost|p2a: Smeargle|spa|1\n|upkeep\n|turn|5\n|\n|t:|1737099174\n|move|p2a: Smeargle|Wide Guard|p2a: Smeargle\n|-singleturn|p2a: Smeargle|Wide Guard\n|move|p1a: Gholdengo|Nasty Plot|p1a: Gholdengo\n|-boost|p1a: Gholdengo|spa|2\n|move|p1b: Wo-Chien|Leech Seed|p2b: Muk|[miss]\n|-miss|p1b: Wo-Chien|p2b: Muk\n|move|p2b: Muk|Knock Off|p1a: Gholdengo\n|-supereffective|p1a: Gholdengo\n|-damage|p1a: Gholdengo|48\/100\n|-enditem|p1a: Gholdengo|Metal Coat|[from] move: Knock Off|[of] p2b: Muk\n|\n|-heal|p1b: Wo-Chien|94\/100 psn|[from] item: Leftovers\n|-damage|p2a: Smeargle|51\/100 par|[from] Leech Seed|[of] p1b: Wo-Chien\n|-heal|p1b: Wo-Chien|100\/100 psn|[silent]\n|-damage|p1b: Wo-Chien|88\/100 psn|[from] psn\n|-ability|p2a: Smeargle|Moody|boost\n|-boost|p2a: Smeargle|spa|2\n|-unboost|p2a: Smeargle|def|1\n|upkeep\n|turn|6\n|\n|t:|1737099196\n|-terastallize|p2b: Muk|Water\n|move|p1a: Gholdengo|Protect|p1a: Gholdengo\n|-singleturn|p1a: Gholdengo|Protect\n|move|p2a: Smeargle|Follow Me|p2a: Smeargle\n|-singleturn|p2a: Smeargle|move: Follow Me\n|move|p1b: Wo-Chien|Leech Seed|p2a: Smeargle|[miss]\n|-miss|p1b: Wo-Chien|p2a: Smeargle\n|move|p2b: Muk|Knock Off|p1a: Gholdengo\n|-activate|p1a: Gholdengo|move: Protect\n|\n|-heal|p1b: Wo-Chien|94\/100 psn|[from] item: Leftovers\n|-damage|p2a: Smeargle|39\/100 par|[from] Leech Seed|[of] p1b: Wo-Chien\n|-heal|p1b: Wo-Chien|100\/100 psn|[silent]\n|-damage|p1b: Wo-Chien|88\/100 psn|[from] psn\n|-ability|p2a: Smeargle|Moody|boost\n|-boost|p2a: Smeargle|spe|2\n|-unboost|p2a: Smeargle|def|1\n|upkeep\n|turn|7\n|\n|t:|1737099219\n|move|p2a: Smeargle|Follow Me|p2a: Smeargle\n|-singleturn|p2a: Smeargle|move: Follow Me\n|move|p1a: Gholdengo|Make It Rain|p2a: Smeargle|[spread] p2a,p2b\n|-resisted|p2b: Muk\n|-damage|p2a: Smeargle|0 fnt\n|-damage|p2b: Muk|23\/100\n|-unboost|p1a: Gholdengo|spa|1\n|faint|p2a: Smeargle\n|-ability|p2b: Muk|Moody|[from] ability: Power of Alchemy|[of] p2a: Smeargle\n|move|p1b: Wo-Chien|Leech Seed|p2b: Muk|[miss]\n|-miss|p1b: Wo-Chien|p2b: Muk\n|move|p2b: Muk|Knock Off|p1a: Gholdengo\n|-supereffective|p1a: Gholdengo\n|-damage|p1a: Gholdengo|10\/100\n|\n|-heal|p1b: Wo-Chien|94\/100 psn|[from] item: Leftovers\n|-heal|p2b: Muk|29\/100|[from] item: Leftovers\n|-damage|p1b: Wo-Chien|82\/100 psn|[from] psn\n|-ability|p2b: Muk|Moody|boost\n|-boost|p2b: Muk|def|2\n|-unboost|p2b: Muk|spa|1\n|upkeep\n|\n|t:|1737099235\n|switch|p2a: Flamigo|Flamigo, L50, F|100\/100\n|-copyboost|p2a: Flamigo|p2b: Muk|[from] ability: Costar\n|-enditem|p2a: Flamigo|White Herb\n|-clearnegativeboost|p2a: Flamigo|[silent]\n|turn|8\n|\n|t:|1737099249\n|move|p1a: Gholdengo|Protect|p1a: Gholdengo\n|-singleturn|p1a: Gholdengo|Protect\n|move|p2a: Flamigo|Close Combat|p1b: Wo-Chien\n|-supereffective|p1b: Wo-Chien\n|-damage|p1b: Wo-Chien|16\/100 psn\n|-unboost|p2a: Flamigo|def|1\n|-unboost|p2a: Flamigo|spd|1\n|move|p1b: Wo-Chien|Leech Seed|p2a: Flamigo|[miss]\n|-miss|p1b: Wo-Chien|p2a: Flamigo\n|move|p2b: Muk|Knock Off|p1a: Gholdengo\n|-activate|p1a: Gholdengo|move: Protect\n|\n|-heal|p1b: Wo-Chien|22\/100 psn|[from] item: Leftovers\n|-heal|p2b: Muk|35\/100|[from] item: Leftovers\n|-damage|p1b: Wo-Chien|10\/100 psn|[from] psn\n|-ability|p2b: Muk|Moody|boost\n|-boost|p2b: Muk|spd|2\n|-unboost|p2b: Muk|spe|1\n|upkeep\n|turn|9\n|\n|t:|1737099267\n|move|p2a: Flamigo|Acrobatics|p1b: Wo-Chien\n|-supereffective|p1b: Wo-Chien\n|-damage|p1b: Wo-Chien|0 fnt\n|faint|p1b: Wo-Chien\n|move|p1a: Gholdengo|Make It Rain|p2b: Muk|[spread] p2b\n|-miss|p1a: Gholdengo|p2a: Flamigo\n|-resisted|p2b: Muk\n|-damage|p2b: Muk|0 fnt\n|-unboost|p1a: Gholdengo|spa|1\n|faint|p2b: Muk\n|\n|upkeep\n|\n|t:|1737099287\n|switch|p1b: Kyogre|Kyogre, L50|100\/100\n|switch|p2b: Calyrex|Calyrex-Shadow, L50|100\/100\n|-ability|p2b: Calyrex|As One\n|-ability|p2b: Calyrex|Unnerve\n|-weather|RainDance|[from] ability: Drizzle|[of] p1b: Kyogre\n|turn|10\n|l| GarchompExVgc\n|\n|t:|1737099305\n|-terastallize|p1a: Gholdengo|Normal\n|move|p2a: Flamigo|Detect|p2a: Flamigo\n|-singleturn|p2a: Flamigo|Protect\n|move|p2b: Calyrex|Psych Up|p2a: Flamigo\n|-copyboost|p2b: Calyrex|p2a: Flamigo|[from] move: Psych Up\n|move|p1a: Gholdengo|Make It Rain|p2b: Calyrex|[spread] p2b\n|-activate|p2a: Flamigo|move: Protect\n|-damage|p2b: Calyrex|0 fnt\n|-unboost|p1a: Gholdengo|spa|1\n|faint|p2b: Calyrex\n|move|p1b: Kyogre|Origin Pulse|p2a: Flamigo\n|-activate|p2a: Flamigo|move: Protect\n|\n|-weather|RainDance|[upkeep]\n|upkeep\n|turn|11\n|\n|t:|1737099322\n|move|p2a: Flamigo|Acrobatics|p1a: Gholdengo\n|-damage|p1a: Gholdengo|0 fnt\n|faint|p1a: Gholdengo\n|move|p1b: Kyogre|Water Spout|p2a: Flamigo|[miss]\n|-miss|p1b: Kyogre|p2a: Flamigo\n|\n|-weather|RainDance|[upkeep]\n|upkeep\n|\n|t:|1737099329\n|switch|p1a: Grimmsnarl|Grimmsnarl, L50, M|100\/100\n|turn|12\n|\n|t:|1737099333\n|move|p1a: Grimmsnarl|Reflect|p1a: Grimmsnarl\n|-sidestart|p1: zac5224666|Reflect\n|move|p2a: Flamigo|Close Combat|p1b: Kyogre\n|-damage|p1b: Kyogre|72\/100\n|-unboost|p2a: Flamigo|def|1\n|-unboost|p2a: Flamigo|spd|1\n|move|p1b: Kyogre|Thunder|p2a: Flamigo\n|-supereffective|p2a: Flamigo\n|-damage|p2a: Flamigo|0 fnt\n|faint|p2a: Flamigo\n|\n|win|zac5224666\n|raw|zac5224666's rating: 1561 &rarr; <strong>1584<\/strong><br \/>(+23 for winning)\n|raw|Lsxy's rating: 1620 &rarr; <strong>1597<\/strong><br \/>(-23 for losing)\n|l|\u2606Lsxy\n|player|p2|\n|l|\u2606zac5224666\n|player|p1|\n","uploadtime":1737099483,"views":17,"formatid":"gen9vgc2025regg","rating":1584,"private":0,"password":null}