{"id":"gen9vgc2025regg-2282265730","format":"[Gen 9] VGC 2025 Reg G","players":["oldbangeroldbanger","pig duck eater"],"log":"|j|\u2606oldbangeroldbanger\n|j|\u2606pig duck eater\n|t:|1737043184\n|gametype|doubles\n|player|p1|oldbangeroldbanger|266|1563\n|player|p2|pig duck eater|266|1568\n|teamsize|p1|6\n|teamsize|p2|6\n|gen|9\n|tier|[Gen 9] VGC 2025 Reg G\n|rated|\n|rule|Species Clause: Limit one of each Pok\u00e9mon\n|rule|Item Clause: Limit 1 of each item\n|clearpoke\n|poke|p1|Lunala, L50|\n|poke|p1|Ursaluna, L50, F|\n|poke|p1|Amoonguss, L50, F|\n|poke|p1|Raging Bolt, L50|\n|poke|p1|Urshifu-*, L50, M|\n|poke|p1|Moltres-Galar, L50|\n|poke|p2|Indeedee-F, L50, F|\n|poke|p2|Weezing-Galar, L50, F|\n|poke|p2|Kyogre, L50|\n|poke|p2|Ogerpon-Wellspring, L50, F|\n|poke|p2|Wyrdeer, L50, M|\n|poke|p2|Chien-Pao, L50|\n|teampreview|4\n|inactive|Battle timer is ON: inactive players will automatically lose when time's up. (requested by oldbangeroldbanger)\n|inactive|pig duck eater has 60 seconds left.\n|\n|t:|1737043266\n|start\n|switch|p1a: Lunala|Lunala, L50, shiny|100\/100\n|switch|p1b: Amoonguss|Amoonguss, L50, F, shiny|100\/100\n|switch|p2a: Kyogre|Kyogre, L50|100\/100\n|switch|p2b: Chien-Pao|Chien-Pao, L50|100\/100\n|-weather|RainDance|[from] ability: Drizzle|[of] p2a: Kyogre\n|-ability|p2b: Chien-Pao|Sword of Ruin\n|turn|1\n|l|\u2606oldbangeroldbanger\n|inactive|oldbangeroldbanger disconnected and has a minute to reconnect!\n|player|p1|\n|j| Avocado88\n|j|\u2606oldbangeroldbanger\n|inactive|oldbangeroldbanger reconnected and has 40 seconds left.\n|player|p1|oldbangeroldbanger|266|\n|inactive|oldbangeroldbanger has 30 seconds left.\n|inactive|oldbangeroldbanger has 20 seconds left.\n|inactive|oldbangeroldbanger has 15 seconds left.\n|\n|t:|1737043308\n|-terastallize|p1a: Lunala|Fairy\n|move|p1a: Lunala|Wide Guard|p1a: Lunala\n|-singleturn|p1a: Lunala|Wide Guard\n|move|p2a: Kyogre|Water Spout|p1b: Amoonguss|[spread] \n|-activate|p1a: Lunala|move: Wide Guard\n|-activate|p1b: Amoonguss|move: Wide Guard\n|move|p2b: Chien-Pao|Icicle Crash|p1b: Amoonguss\n|-supereffective|p1b: Amoonguss\n|-damage|p1b: Amoonguss|4\/100\n|move|p1b: Amoonguss|Spore|p2a: Kyogre\n|-status|p2a: Kyogre|slp|[from] move: Spore\n|\n|-weather|RainDance|[upkeep]\n|upkeep\n|turn|2\n|\n|t:|1737043331\n|switch|p2a: Ogerpon|Ogerpon-Wellspring, L50, F|100\/100\n|move|p1b: Amoonguss|Rage Powder|p1b: Amoonguss\n|-singleturn|p1b: Amoonguss|move: Rage Powder\n|move|p2b: Chien-Pao|Icicle Crash|p1b: Amoonguss\n|-supereffective|p1b: Amoonguss\n|-damage|p1b: Amoonguss|0 fnt\n|faint|p1b: Amoonguss\n|move|p1a: Lunala|Trick Room|p1a: Lunala\n|-fieldstart|move: Trick Room|[of] p1a: Lunala\n|\n|-weather|RainDance|[upkeep]\n|upkeep\n|\n|t:|1737043336\n|switch|p1b: Ursaluna|Ursaluna, L50, F|100\/100\n|turn|3\n|l| Avocado88\n|inactive|pig duck eater has 30 seconds left.\n|\n|t:|1737043362\n|move|p1b: Ursaluna|Protect|p1b: Ursaluna\n|-singleturn|p1b: Ursaluna|Protect\n|move|p1a: Lunala|Meteor Beam||[still]\n|-prepare|p1a: Lunala|Meteor Beam\n|-boost|p1a: Lunala|spa|1\n|-enditem|p1a: Lunala|Power Herb\n|-anim|p1a: Lunala|Meteor Beam|p2b: Chien-Pao\n|-supereffective|p2b: Chien-Pao\n|-enditem|p2b: Chien-Pao|Focus Sash\n|-damage|p2b: Chien-Pao|1\/100\n|move|p2a: Ogerpon|Ivy Cudgel|p1a: Lunala|[anim] Ivy Cudgel Water\n|-damage|p1a: Lunala|62\/100\n|move|p2b: Chien-Pao|Icicle Crash|p1a: Lunala\n|-damage|p1a: Lunala|11\/100\n|\n|-weather|RainDance|[upkeep]\n|-status|p1b: Ursaluna|brn|[from] item: Flame Orb\n|upkeep\n|turn|4\n|inactive|oldbangeroldbanger has 30 seconds left.\n|inactive|pig duck eater has 30 seconds left.\n|inactive|oldbangeroldbanger has 20 seconds left.\n|inactive|oldbangeroldbanger has 15 seconds left.\n|inactive|pig duck eater has 20 seconds left.\n|\n|t:|1737043407\n|switch|p1a: Raging Bolt|Raging Bolt, L50|100\/100\n|move|p2a: Ogerpon|Spiky Shield|p2a: Ogerpon\n|-singleturn|p2a: Ogerpon|move: Protect\n|move|p2b: Chien-Pao|Sucker Punch||[still]\n|-fail|p2b: Chien-Pao\n|move|p1b: Ursaluna|Facade|p2a: Ogerpon\n|-activate|p2a: Ogerpon|move: Protect\n|-damage|p1b: Ursaluna|88\/100 brn|[from] Spiky Shield|[of] p2a: Ogerpon\n|\n|-weather|RainDance|[upkeep]\n|-damage|p1b: Ursaluna|82\/100 brn|[from] brn\n|upkeep\n|turn|5\n|\n|t:|1737043427\n|switch|p2b: Wyrdeer|Wyrdeer, L50, M|100\/100\n|-ability|p2b: Wyrdeer|Intimidate|boost\n|-unboost|p1a: Raging Bolt|atk|1\n|-unboost|p1b: Ursaluna|atk|1\n|move|p1b: Ursaluna|Facade|p2a: Ogerpon\n|-damage|p2a: Ogerpon|39\/100\n|move|p1a: Raging Bolt|Thunderbolt|p2b: Wyrdeer\n|-damage|p2b: Wyrdeer|35\/100\n|-status|p2b: Wyrdeer|par\n|move|p2a: Ogerpon|Ivy Cudgel|p1b: Ursaluna|[anim] Ivy Cudgel Water\n|-supereffective|p1b: Ursaluna\n|-damage|p1b: Ursaluna|0 fnt\n|faint|p1b: Ursaluna\n|\n|-weather|none\n|upkeep\n|\n|t:|1737043441\n|switch|p1b: Lunala|Lunala, L50, shiny, tera:Fairy|11\/100\n|turn|6\n|j| continuethesaga\n|\n|t:|1737043462\n|move|p2a: Ogerpon|Spiky Shield|p2a: Ogerpon\n|-singleturn|p2a: Ogerpon|move: Protect\n|move|p1a: Raging Bolt|Thunderclap|p2b: Wyrdeer\n|-damage|p2b: Wyrdeer|0 fnt\n|faint|p2b: Wyrdeer\n|move|p1b: Lunala|Moongeist Beam|p2a: Ogerpon\n|-activate|p2a: Ogerpon|move: Protect\n|\n|-fieldend|move: Trick Room\n|upkeep\n|\n|t:|1737043467\n|switch|p2b: Chien-Pao|Chien-Pao, L50|1\/100\n|-ability|p2b: Chien-Pao|Sword of Ruin\n|turn|7\n|\n|t:|1737043486\n|move|p2a: Ogerpon|Follow Me|p2a: Ogerpon\n|-singleturn|p2a: Ogerpon|move: Follow Me\n|move|p2b: Chien-Pao|Throat Chop|p1b: Lunala\n|-resisted|p1b: Lunala\n|-damage|p1b: Lunala|0 fnt\n|faint|p1b: Lunala\n|move|p1a: Raging Bolt|Thunderbolt|p2a: Ogerpon\n|-damage|p2a: Ogerpon|0 fnt\n|faint|p2a: Ogerpon\n|\n|upkeep\n|\n|t:|1737043488\n|switch|p2a: Kyogre|Kyogre, L50|100\/100 slp\n|-weather|RainDance|[from] ability: Drizzle|[of] p2a: Kyogre\n|turn|8\n|inactive|oldbangeroldbanger has 30 seconds left.\n|\n|t:|1737043515\n|move|p2b: Chien-Pao|Protect|p2b: Chien-Pao\n|-singleturn|p2b: Chien-Pao|Protect\n|move|p1a: Raging Bolt|Thunderclap||[still]\n|-fail|p1a: Raging Bolt\n|cant|p2a: Kyogre|slp\n|\n|-weather|RainDance|[upkeep]\n|upkeep\n|turn|9\n|\n|t:|1737043532\n|-terastallize|p2a: Kyogre|Water\n|move|p2b: Chien-Pao|Sucker Punch|p1a: Raging Bolt\n|-damage|p1a: Raging Bolt|60\/100\n|-curestatus|p2a: Kyogre|slp|[msg]\n|move|p2a: Kyogre|Origin Pulse|p1a: Raging Bolt|[miss]\n|-miss|p2a: Kyogre|p1a: Raging Bolt\n|move|p1a: Raging Bolt|Thunderbolt|p2b: Chien-Pao\n|-damage|p2b: Chien-Pao|0 fnt\n|faint|p2b: Chien-Pao\n|\n|-weather|RainDance|[upkeep]\n|upkeep\n|turn|10\n|j| judang\n|\n|t:|1737043544\n|move|p1a: Raging Bolt|Thunderclap|p2a: Kyogre\n|-supereffective|p2a: Kyogre\n|-damage|p2a: Kyogre|45\/100\n|move|p2a: Kyogre|Origin Pulse|p1a: Raging Bolt\n|-resisted|p1a: Raging Bolt\n|-damage|p1a: Raging Bolt|23\/100\n|\n|-weather|RainDance|[upkeep]\n|upkeep\n|turn|11\n|-message|pig duck eater forfeited.\n|\n|win|oldbangeroldbanger\n|raw|oldbangeroldbanger's rating: 1563 &rarr; <strong>1583<\/strong><br \/>(+20 for winning)\n|raw|pig duck eater's rating: 1568 &rarr; <strong>1548<\/strong><br \/>(-20 for losing)\n|l|\u2606pig duck eater\n|player|p2|\n|l|\u2606oldbangeroldbanger\n|player|p1|\n|l| continuethesaga\n|l| judang\n","uploadtime":1737043727,"views":24,"formatid":"gen9vgc2025regg","rating":1548,"private":0,"password":null}