{"id":"gen9vgc2025regg-2282506506","format":"[Gen 9] VGC 2025 Reg G","players":["Ninjaloki","Duryodhan"],"log":"|j|\u2606Ninjaloki\n|j|\u2606Duryodhan\n|t:|1737068279\n|gametype|doubles\n|player|p1|Ninjaloki|2|1590\n|player|p2|Duryodhan|1|1528\n|teamsize|p1|6\n|teamsize|p2|6\n|gen|9\n|tier|[Gen 9] VGC 2025 Reg G\n|rated|\n|rule|Species Clause: Limit one of each Pok\u00e9mon\n|rule|Item Clause: Limit 1 of each item\n|clearpoke\n|poke|p1|Miraidon, L50|\n|poke|p1|Whimsicott, L50, F|\n|poke|p1|Urshifu-*, L50, M|\n|poke|p1|Ogerpon-Hearthflame, L50, F|\n|poke|p1|Farigiraf, L50, M|\n|poke|p1|Iron Hands, L50|\n|poke|p2|Calyrex-Ice, L50|\n|poke|p2|Tinkaton, L50, F|\n|poke|p2|Gallade, L50, M|\n|poke|p2|Amoonguss, L50, M|\n|poke|p2|Hydreigon, L50, M|\n|poke|p2|Ursaluna, L50, M|\n|teampreview|4\n|inactive|Battle timer is ON: inactive players will automatically lose when time's up. (requested by Ninjaloki)\n|\n|t:|1737068294\n|start\n|switch|p1a: Miraidon|Miraidon, L50|100\/100\n|switch|p1b: Ogerpon|Ogerpon-Hearthflame, L50, F|100\/100\n|switch|p2a: Calyrex|Calyrex-Ice, L50|100\/100\n|switch|p2b: Tinkaton|Tinkaton, L50, F|100\/100\n|-ability|p2a: Calyrex|As One\n|-ability|p2a: Calyrex|Unnerve\n|-fieldstart|move: Electric Terrain|[from] ability: Hadron Engine|[of] p1a: Miraidon\n|-ability|p1b: Ogerpon|Mold Breaker\n|-ability|p2b: Tinkaton|Mold Breaker\n|turn|1\n|inactive|Duryodhan has 30 seconds left.\n|\n|t:|1737068326\n|switch|p1a: Farigiraf|Farigiraf, L50, M|100\/100\n|-enditem|p1a: Farigiraf|Electric Seed\n|-boost|p1a: Farigiraf|def|1|[from] item: Electric Seed\n|move|p2b: Tinkaton|Fake Out|p1b: Ogerpon\n|-damage|p1b: Ogerpon|87\/100\n|cant|p1b: Ogerpon|flinch\n|move|p2a: Calyrex|Glacial Lance|p1b: Ogerpon|[spread] p1a,p1b\n|-damage|p1a: Farigiraf|67\/100\n|-damage|p1b: Ogerpon|26\/100\n|\n|upkeep\n|turn|2\n|inactive|Duryodhan has 30 seconds left.\n|inactive|Duryodhan has 20 seconds left.\n|inactive|Duryodhan has 15 seconds left.\n|\n|t:|1737068366\n|switch|p2b: Ursaluna|Ursaluna, L50, M|100\/100\n|-terastallize|p2a: Calyrex|Dark\n|move|p1b: Ogerpon|Ivy Cudgel|p2b: Ursaluna|[anim] Ivy Cudgel Fire\n|-damage|p2b: Ursaluna|64\/100\n|move|p1a: Farigiraf|Foul Play|p2a: Calyrex\n|-resisted|p2a: Calyrex\n|-damage|p2a: Calyrex|87\/100\n|move|p2a: Calyrex|Trick Room|p2a: Calyrex\n|-fieldstart|move: Trick Room|[of] p2a: Calyrex\n|\n|-status|p2b: Ursaluna|brn|[from] item: Flame Orb\n|upkeep\n|turn|3\n|\n|t:|1737068384\n|move|p1b: Ogerpon|Follow Me|p1b: Ogerpon\n|-singleturn|p1b: Ogerpon|move: Follow Me\n|move|p2b: Ursaluna|Facade|p1b: Ogerpon\n|-damage|p1b: Ogerpon|0 fnt\n|faint|p1b: Ogerpon\n|move|p2a: Calyrex|Glacial Lance|p1a: Farigiraf\n|-damage|p1a: Farigiraf|24\/100\n|move|p1a: Farigiraf|Trick Room|p1a: Farigiraf\n|-fieldend|move: Trick Room\n|\n|-damage|p2b: Ursaluna|58\/100 brn|[from] brn\n|upkeep\n|\n|t:|1737068396\n|switch|p1b: Miraidon|Miraidon, L50|100\/100\n|-activate|p1b: Miraidon|ability: Hadron Engine\n|turn|4\n|\n|t:|1737068416\n|switch|p2a: Hydreigon|Hydreigon, L50, M|100\/100\n|-terastallize|p1b: Miraidon|Fairy\n|move|p1a: Farigiraf|Helping Hand|p1b: Miraidon\n|-singleturn|p1b: Miraidon|Helping Hand|[of] p1a: Farigiraf\n|move|p1b: Miraidon|Dazzling Gleam|p2a: Hydreigon|[spread] p2a,p2b\n|-supereffective|p2a: Hydreigon\n|-damage|p2a: Hydreigon|0 fnt\n|-damage|p2b: Ursaluna|0 fnt\n|faint|p2a: Hydreigon\n|faint|p2b: Ursaluna\n|\n|upkeep\n|\n|t:|1737068425\n|switch|p2a: Tinkaton|Tinkaton, L50, F|100\/100\n|switch|p2b: Calyrex|Calyrex-Ice, L50, tera:Dark|87\/100\n|-ability|p2b: Calyrex|As One\n|-ability|p2b: Calyrex|Unnerve\n|-ability|p2a: Tinkaton|Mold Breaker\n|turn|5\n|inactive|Ninjaloki has 30 seconds left.\n|inactive|Ninjaloki has 20 seconds left.\n|inactive|Duryodhan has 30 seconds left.\n|\n|t:|1737068461\n|move|p2a: Tinkaton|Fake Out|p1b: Miraidon\n|-damage|p1b: Miraidon|90\/100\n|cant|p1b: Miraidon|flinch\n|move|p1a: Farigiraf|Psychic Noise|p2a: Tinkaton\n|-resisted|p2a: Tinkaton\n|-damage|p2a: Tinkaton|91\/100\n|-start|p2a: Tinkaton|move: Heal Block\n|move|p2b: Calyrex|Trick Room|p2b: Calyrex\n|-fieldstart|move: Trick Room|[of] p2b: Calyrex\n|\n|-fieldend|move: Electric Terrain\n|upkeep\n|turn|6\n|\n|t:|1737068481\n|move|p1a: Farigiraf|Helping Hand|p1b: Miraidon\n|-singleturn|p1b: Miraidon|Helping Hand|[of] p1a: Farigiraf\n|move|p2b: Calyrex|Glacial Lance|p1a: Farigiraf|[spread] p1a,p1b\n|-damage|p1a: Farigiraf|0 fnt\n|-damage|p1b: Miraidon|32\/100\n|faint|p1a: Farigiraf\n|-ability|p2b: Calyrex|Chilling Neigh|boost\n|-boost|p2b: Calyrex|atk|1\n|move|p2a: Tinkaton|Gigaton Hammer|p1b: Miraidon\n|-supereffective|p1b: Miraidon\n|-crit|p1b: Miraidon\n|-damage|p1b: Miraidon|0 fnt\n|faint|p1b: Miraidon\n|\n|-end|p2a: Tinkaton|move: Heal Block\n|upkeep\n|j| DaN00biest\n|\n|t:|1737068497\n|switch|p1b: Iron Hands|Iron Hands, L50|100\/100\n|turn|7\n|\n|t:|1737068508\n|move|p2b: Calyrex|Protect|p2b: Calyrex\n|-singleturn|p2b: Calyrex|Protect\n|move|p1b: Iron Hands|Low Kick|p2b: Calyrex\n|-activate|p2b: Calyrex|move: Protect\n|move|p2a: Tinkaton|Play Rough|p1b: Iron Hands\n|-supereffective|p1b: Iron Hands\n|-damage|p1b: Iron Hands|54\/100\n|\n|upkeep\n|turn|8\n|\n|t:|1737068519\n|move|p1b: Iron Hands|Drain Punch|p2b: Calyrex\n|-supereffective|p2b: Calyrex\n|-damage|p2b: Calyrex|35\/100\n|-heal|p1b: Iron Hands|77\/100|[from] drain|[of] p2b: Calyrex\n|move|p2b: Calyrex|Glacial Lance|p1b: Iron Hands\n|-damage|p1b: Iron Hands|0 fnt\n|faint|p1b: Iron Hands\n|-end|p1b: Iron Hands|Quark Drive|[silent]\n|\n|win|Duryodhan\n|raw|Ninjaloki's rating: 1590 &rarr; <strong>1566<\/strong><br \/>(-24 for losing)\n|raw|Duryodhan's rating: 1528 &rarr; <strong>1552<\/strong><br \/>(+24 for winning)\n|l|\u2606Duryodhan\n|player|p2|\n|l|\u2606Ninjaloki\n|player|p1|\n|l| DaN00biest\n","uploadtime":1737068656,"views":24,"formatid":"gen9vgc2025regg","rating":1552,"private":0,"password":null}