{"id":"gen9vgc2025regg-2282391755","format":"[Gen 9] VGC 2025 Reg G","players":["bluestraggler02","Squ1dge_"],"log":"|j|\u2606bluestraggler02\n|j|\u2606Squ1dge_\n|t:|1737055698\n|gametype|doubles\n|player|p1|bluestraggler02|265|1578\n|player|p2|Squ1dge_|169|1514\n|teamsize|p1|6\n|teamsize|p2|6\n|gen|9\n|tier|[Gen 9] VGC 2025 Reg G\n|rated|\n|rule|Species Clause: Limit one of each Pok\u00e9mon\n|rule|Item Clause: Limit 1 of each item\n|clearpoke\n|poke|p1|Groudon, L50|\n|poke|p1|Gouging Fire, L50|\n|poke|p1|Brute Bonnet, L50|\n|poke|p1|Walking Wake, L50|\n|poke|p1|Farigiraf, L50, M|\n|poke|p1|Torkoal, L50, M|\n|poke|p2|Zamazenta-*, L50|\n|poke|p2|Rillaboom, L50, F|\n|poke|p2|Chien-Pao, L50|\n|poke|p2|Flutter Mane, L50|\n|poke|p2|Latios, L50, M|\n|poke|p2|Moltres-Galar, L50|\n|teampreview|4\n|inactive|Battle timer is ON: inactive players will automatically lose when time's up. (requested by Squ1dge_)\n|inactive|bluestraggler02 has 60 seconds left.\n|\n|t:|1737055729\n|start\n|switch|p1a: Walking Wake|Walking Wake, L50|100\/100\n|switch|p1b: Groudon|Groudon, L50|100\/100\n|switch|p2a: Flutter Mane|Flutter Mane, L50|100\/100\n|switch|p2b: Latios|Latios, L50, M|100\/100\n|-weather|SunnyDay|[from] ability: Drought|[of] p1b: Groudon\n|-activate|p2a: Flutter Mane|ability: Protosynthesis\n|-start|p2a: Flutter Mane|protosynthesisspe\n|-activate|p1a: Walking Wake|ability: Protosynthesis\n|-start|p1a: Walking Wake|protosynthesisspe\n|turn|1\n|inactive|Squ1dge_ has 30 seconds left.\n|\n|t:|1737055757\n|-terastallize|p2b: Latios|Fire\n|move|p2a: Flutter Mane|Thunder Wave|p1a: Walking Wake\n|-status|p1a: Walking Wake|par\n|move|p2b: Latios|Draco Meteor|p1a: Walking Wake\n|-supereffective|p1a: Walking Wake\n|-damage|p1a: Walking Wake|0 fnt\n|-unboost|p2b: Latios|spa|2\n|faint|p1a: Walking Wake\n|-end|p1a: Walking Wake|Protosynthesis|[silent]\n|move|p1b: Groudon|Heat Crash|p2a: Flutter Mane\n|-damage|p2a: Flutter Mane|0 fnt\n|faint|p2a: Flutter Mane\n|-end|p2a: Flutter Mane|Protosynthesis|[silent]\n|\n|-weather|SunnyDay|[upkeep]\n|upkeep\n|j| That Demon\n|\n|t:|1737055776\n|switch|p2a: Chien-Pao|Chien-Pao, L50|100\/100\n|switch|p1a: Farigiraf|Farigiraf, L50, M|100\/100\n|-ability|p2a: Chien-Pao|Sword of Ruin\n|turn|2\n|\n|t:|1737055787\n|switch|p2b: Zamazenta|Zamazenta-Crowned, L50|100\/100\n|-ability|p2b: Zamazenta|Dauntless Shield|boost\n|-boost|p2b: Zamazenta|def|1\n|-terastallize|p1a: Farigiraf|Water\n|move|p2a: Chien-Pao|Throat Chop|p1a: Farigiraf\n|-damage|p1a: Farigiraf|60\/100\n|-start|p1a: Farigiraf|Throat Chop|[silent]\n|move|p1b: Groudon|Thunder Punch|p2b: Zamazenta\n|-damage|p2b: Zamazenta|85\/100\n|move|p1a: Farigiraf|Trick Room|p1a: Farigiraf\n|-fieldstart|move: Trick Room|[of] p1a: Farigiraf\n|\n|-weather|SunnyDay|[upkeep]\n|upkeep\n|turn|3\n|\n|t:|1737055812\n|move|p1a: Farigiraf|Helping Hand|p1b: Groudon\n|-singleturn|p1b: Groudon|Helping Hand|[of] p1a: Farigiraf\n|move|p2a: Chien-Pao|Protect|p2a: Chien-Pao\n|-singleturn|p2a: Chien-Pao|Protect\n|move|p1b: Groudon|Precipice Blades|p2a: Chien-Pao|[spread] p2b\n|-activate|p2a: Chien-Pao|move: Protect\n|-supereffective|p2b: Zamazenta\n|-damage|p2b: Zamazenta|14\/100\n|move|p2b: Zamazenta|Body Press|p1a: Farigiraf\n|-damage|p1a: Farigiraf|0 fnt\n|faint|p1a: Farigiraf\n|\n|-weather|SunnyDay|[upkeep]\n|upkeep\n|\n|t:|1737055822\n|switch|p1a: Torkoal|Torkoal, L50, M|100\/100\n|turn|4\n|\n|t:|1737055831\n|move|p2b: Zamazenta|Wide Guard|p2b: Zamazenta\n|-singleturn|p2b: Zamazenta|Wide Guard\n|move|p1a: Torkoal|Weather Ball|p2a: Chien-Pao\n|-supereffective|p2a: Chien-Pao\n|-enditem|p2a: Chien-Pao|Focus Sash\n|-damage|p2a: Chien-Pao|1\/100\n|move|p1b: Groudon|Thunder Punch|p2a: Chien-Pao\n|-damage|p2a: Chien-Pao|0 fnt\n|faint|p2a: Chien-Pao\n|\n|-weather|SunnyDay|[upkeep]\n|upkeep\n|\n|t:|1737055845\n|switch|p2a: Latios|Latios, L50, M, tera:Fire|100\/100\n|turn|5\n|\n|t:|1737055855\n|move|p2b: Zamazenta|Protect||[still]\n|-fail|p2b: Zamazenta\n|move|p1a: Torkoal|Weather Ball|p2b: Zamazenta\n|-supereffective|p2b: Zamazenta\n|-damage|p2b: Zamazenta|0 fnt\n|faint|p2b: Zamazenta\n|move|p1b: Groudon|Thunder Punch|p2a: Latios\n|-damage|p2a: Latios|62\/100\n|move|p2a: Latios|Luster Purge|p1a: Torkoal\n|-damage|p1a: Torkoal|12\/100\n|-unboost|p1a: Torkoal|spd|1\n|\n|-weather|none\n|upkeep\n|turn|6\n|\n|t:|1737055870\n|move|p2a: Latios|Protect|p2a: Latios\n|-singleturn|p2a: Latios|Protect\n|move|p1a: Torkoal|Weather Ball|p2a: Latios\n|-activate|p2a: Latios|move: Protect\n|move|p1b: Groudon|Thunder Punch|p2a: Latios\n|-activate|p2a: Latios|move: Protect\n|\n|-fieldend|move: Trick Room\n|upkeep\n|turn|7\n|\n|t:|1737055886\n|move|p2a: Latios|Icy Wind|p1a: Torkoal|[spread] p1a,p1b\n|-resisted|p1a: Torkoal\n|-supereffective|p1b: Groudon\n|-damage|p1a: Torkoal|0 fnt\n|-damage|p1b: Groudon|72\/100\n|faint|p1a: Torkoal\n|move|p1b: Groudon|Thunder Punch|p2a: Latios\n|-damage|p2a: Latios|25\/100\n|\n|upkeep\n|turn|8\n|\n|t:|1737055895\n|move|p2a: Latios|Draco Meteor|p1b: Groudon\n|-damage|p1b: Groudon|0 fnt\n|-unboost|p2a: Latios|spa|2\n|faint|p1b: Groudon\n|\n|win|Squ1dge_\n|raw|bluestraggler02's rating: 1578 &rarr; <strong>1554<\/strong><br \/>(-24 for losing)\n|raw|Squ1dge_'s rating: 1514 &rarr; <strong>1538<\/strong><br \/>(+24 for winning)\n|l|\u2606bluestraggler02\n|player|p1|\n|l| That Demon\n|l|\u2606Squ1dge_\n|player|p2|\n","uploadtime":1737056138,"views":18,"formatid":"gen9vgc2025regg","rating":1538,"private":0,"password":null}