{"id":"gen9vgc2025regg-2282379309","format":"[Gen 9] VGC 2025 Reg G","players":["bluestraggler02","Evil Yarrack"],"log":"|j|\u2606bluestraggler02\n|j|\u2606Evil Yarrack\n|t:|1737054428\n|gametype|doubles\n|player|p1|bluestraggler02|265|1519\n|player|p2|Evil Yarrack|youngster-gen4dp|1582\n|teamsize|p1|6\n|teamsize|p2|6\n|gen|9\n|tier|[Gen 9] VGC 2025 Reg G\n|rated|\n|rule|Species Clause: Limit one of each Pok\u00e9mon\n|rule|Item Clause: Limit 1 of each item\n|clearpoke\n|poke|p1|Groudon, L50|\n|poke|p1|Gouging Fire, L50|\n|poke|p1|Brute Bonnet, L50|\n|poke|p1|Walking Wake, L50|\n|poke|p1|Farigiraf, L50, F|\n|poke|p1|Torkoal, L50, M|\n|poke|p2|Calyrex-Ice, L50|\n|poke|p2|Grimmsnarl, L50, M|\n|poke|p2|Farigiraf, L50, F|\n|poke|p2|Tornadus, L50, M|\n|poke|p2|Urshifu-*, L50, F|\n|poke|p2|Blaziken, L50, M|\n|teampreview|4\n|inactive|Battle timer is ON: inactive players will automatically lose when time's up. (requested by Evil Yarrack)\n|inactive|bluestraggler02 has 60 seconds left.\n|inactive|Evil Yarrack has 60 seconds left.\nbluestraggler02 rejected open team sheets.\n|\n|t:|1737054486\n|start\n|switch|p1a: Farigiraf|Farigiraf, L50, F|100\/100\n|switch|p1b: Walking Wake|Walking Wake, L50|100\/100\n|switch|p2a: Calyrex-Nice|Calyrex-Ice, L50|100\/100\n|switch|p2b: Will Smith|Tornadus, L50, M|100\/100\n|-ability|p2a: Calyrex-Nice|As One\n|-ability|p2a: Calyrex-Nice|Unnerve\n|turn|1\n|j| Therazer456\n|\n|t:|1737054508\n|switch|p1a: Torkoal|Torkoal, L50, M|100\/100\n|-weather|SunnyDay|[from] ability: Drought|[of] p1a: Torkoal\n|-activate|p1b: Walking Wake|ability: Protosynthesis\n|-start|p1b: Walking Wake|protosynthesisspe\n|-terastallize|p2a: Calyrex-Nice|Ice\n|move|p1b: Walking Wake|Weather Ball|p2a: Calyrex-Nice\n|-supereffective|p2a: Calyrex-Nice\n|-damage|p2a: Calyrex-Nice|0 fnt\n|faint|p2a: Calyrex-Nice\n|move|p2b: Will Smith|Bleakwind Storm|p1a: Torkoal|[spread] p1a,p1b\n|-damage|p1a: Torkoal|62\/100\n|-damage|p1b: Walking Wake|64\/100\n|-unboost|p1a: Torkoal|spe|1\n|\n|-weather|SunnyDay|[upkeep]\n|upkeep\n|\n|t:|1737054519\n|switch|p2a: Chicky Chan|Blaziken, L50, M|100\/100\n|turn|2\n|\n|t:|1737054529\n|move|p2b: Will Smith|Tailwind|p2b: Will Smith\n|-sidestart|p2: Evil Yarrack|move: Tailwind\n|move|p2a: Chicky Chan|Close Combat|p1b: Walking Wake\n|-damage|p1b: Walking Wake|0 fnt\n|-unboost|p2a: Chicky Chan|def|1\n|-unboost|p2a: Chicky Chan|spd|1\n|faint|p1b: Walking Wake\n|-end|p1b: Walking Wake|Protosynthesis|[silent]\n|move|p1a: Torkoal|Weather Ball|p2a: Chicky Chan\n|-resisted|p2a: Chicky Chan\n|-damage|p2a: Chicky Chan|15\/100\n|\n|-weather|SunnyDay|[upkeep]\n|-ability|p2a: Chicky Chan|Speed Boost|boost\n|-boost|p2a: Chicky Chan|spe|1\n|upkeep\n|\n|t:|1737054535\n|switch|p1b: Farigiraf|Farigiraf, L50, F|100\/100\n|turn|3\n|\n|t:|1737054545\n|-terastallize|p1b: Farigiraf|Water\n|move|p2b: Will Smith|Rain Dance|p2b: Will Smith\n|-weather|RainDance\n|move|p2a: Chicky Chan|Close Combat|p1b: Farigiraf\n|-damage|p1b: Farigiraf|57\/100\n|-unboost|p2a: Chicky Chan|def|1\n|-unboost|p2a: Chicky Chan|spd|1\n|move|p1a: Torkoal|Eruption|p2a: Chicky Chan|[spread] p2a,p2b\n|-resisted|p2a: Chicky Chan\n|-damage|p2a: Chicky Chan|0 fnt\n|-damage|p2b: Will Smith|81\/100\n|faint|p2a: Chicky Chan\n|move|p1b: Farigiraf|Trick Room|p1b: Farigiraf\n|-fieldstart|move: Trick Room|[of] p1b: Farigiraf\n|\n|-weather|RainDance|[upkeep]\n|upkeep\n|\n|t:|1737054547\n|switch|p2a: Mike Tyson|Urshifu-Rapid-Strike, L50, F|100\/100\n|turn|4\n|\n|t:|1737054555\n|move|p1a: Torkoal|Weather Ball|p2b: Will Smith\n|-damage|p2b: Will Smith|28\/100\n|move|p1b: Farigiraf|Hyper Voice|p2a: Mike Tyson|[spread] p2a,p2b\n|-damage|p2a: Mike Tyson|66\/100\n|-damage|p2b: Will Smith|0 fnt\n|faint|p2b: Will Smith\n|move|p2a: Mike Tyson|Surging Strikes|p1b: Farigiraf\n|-resisted|p1b: Farigiraf\n|-crit|p1b: Farigiraf\n|-damage|p1b: Farigiraf|43\/100\n|-resisted|p1b: Farigiraf\n|-crit|p1b: Farigiraf\n|-damage|p1b: Farigiraf|30\/100\n|-resisted|p1b: Farigiraf\n|-crit|p1b: Farigiraf\n|-damage|p1b: Farigiraf|18\/100\n|-hitcount|p1b: Farigiraf|3\n|\n|-weather|RainDance|[upkeep]\n|upkeep\n|turn|5\n|\n|t:|1737054571\n|move|p1a: Torkoal|Weather Ball|p2a: Mike Tyson\n|-resisted|p2a: Mike Tyson\n|-damage|p2a: Mike Tyson|32\/100\n|move|p1b: Farigiraf|Hyper Voice|p2a: Mike Tyson\n|-damage|p2a: Mike Tyson|0 fnt\n|faint|p2a: Mike Tyson\n|\n|win|bluestraggler02\n|raw|bluestraggler02's rating: 1519 &rarr; <strong>1543<\/strong><br \/>(+24 for winning)\n|raw|Evil Yarrack's rating: 1593 &rarr; <strong>1569<\/strong><br \/>(-24 for losing)\n|l|\u2606Evil Yarrack\n|player|p2|\n|l|\u2606bluestraggler02\n|player|p1|\n|l| Therazer456\n","uploadtime":1737054745,"views":15,"formatid":"gen9vgc2025regg","rating":1543,"private":0,"password":null}