{"id":"gen9vgc2025regg-2282320297","format":"[Gen 9] VGC 2025 Reg G","players":["bluestraggler02","Ibberdytten"],"log":"|j|\u2606bluestraggler02\n|j|\u2606Ibberdytten\n|t:|1737048660\n|gametype|doubles\n|player|p1|bluestraggler02|265|1565\n|player|p2|Ibberdytten|clerkf|1565\n|teamsize|p1|6\n|teamsize|p2|6\n|gen|9\n|tier|[Gen 9] VGC 2025 Reg G\n|rated|\n|rule|Species Clause: Limit one of each Pok\u00e9mon\n|rule|Item Clause: Limit 1 of each item\n|clearpoke\n|poke|p1|Groudon, L50|\n|poke|p1|Gouging Fire, L50|\n|poke|p1|Brute Bonnet, L50|\n|poke|p1|Walking Wake, L50|\n|poke|p1|Farigiraf, L50, M|\n|poke|p1|Torkoal, L50, F|\n|poke|p2|Calyrex-Shadow, L50|\n|poke|p2|Weezing-Galar, L50, M|\n|poke|p2|Dondozo, L50, M|\n|poke|p2|Tatsugiri-Droopy, L50, M|\n|poke|p2|Indeedee-F, L50, F|\n|poke|p2|Urshifu-*, L50, M|\n|teampreview|4\n|inactive|Battle timer is ON: inactive players will automatically lose when time's up. (requested by bluestraggler02)\n|\n|t:|1737048680\n|start\n|switch|p1a: Farigiraf|Farigiraf, L50, M|100\/100\n|switch|p1b: Groudon|Groudon, L50|100\/100\n|switch|p2a: Weezing|Weezing-Galar, L50, M|100\/100\n|switch|p2b: Calyrex|Calyrex-Shadow, L50|100\/100\n|-ability|p2b: Calyrex|As One\n|-ability|p2b: Calyrex|Unnerve\n|-ability|p2a: Weezing|Neutralizing Gas\n|turn|1\n|\n|t:|1737048696\n|-terastallize|p1b: Groudon|Fire\n|move|p2b: Calyrex|Astral Barrage|p1a: Farigiraf|[spread] p1b\n|-immune|p1a: Farigiraf\n|-damage|p1b: Groudon|38\/100\n|-damage|p2b: Calyrex|91\/100|[from] item: Life Orb\n|move|p1b: Groudon|Heat Crash|p2a: Weezing\n|-damage|p2a: Weezing|46\/100\n|move|p2a: Weezing|Toxic Spikes|p1a: Farigiraf\n|-sidestart|p1: bluestraggler02|move: Toxic Spikes\n|move|p1a: Farigiraf|Trick Room|p1a: Farigiraf\n|-fieldstart|move: Trick Room|[of] p1a: Farigiraf\n|\n|upkeep\n|turn|2\n|\n|t:|1737048705\n|switch|p1a: Brute Bonnet|Brute Bonnet, L50|100\/100\n|-status|p1a: Brute Bonnet|psn\n|move|p2b: Calyrex|Protect|p2b: Calyrex\n|-singleturn|p2b: Calyrex|Protect\n|move|p2a: Weezing|Poison Gas|p1a: Brute Bonnet|[spread] p1a,p1b\n|-fail|p1a: Brute Bonnet|psn\n|-status|p1b: Groudon|psn\n|move|p1b: Groudon|Precipice Blades|p2a: Weezing|[spread] p2a\n|-activate|p2b: Calyrex|move: Protect\n|-supereffective|p2a: Weezing\n|-damage|p2a: Weezing|0 fnt\n|faint|p2a: Weezing\n|-end|p2a: Weezing|ability: Neutralizing Gas\n|-weather|SunnyDay|[from] ability: Drought|[of] p1b: Groudon\n|-activate|p1a: Brute Bonnet|ability: Protosynthesis\n|-start|p1a: Brute Bonnet|protosynthesisdef\n|\n|-weather|SunnyDay|[upkeep]\n|-damage|p1a: Brute Bonnet|88\/100 psn|[from] psn\n|-damage|p1b: Groudon|26\/100 psn|[from] psn\n|upkeep\n|\n|t:|1737048709\n|switch|p2a: Dondozo|Dondozo, L50, M|100\/100\n|turn|3\n|\n|t:|1737048725\n|switch|p2b: Tatsugiri|Tatsugiri-Droopy, L50, M|100\/100\n|-activate|p2b: Tatsugiri|ability: Commander|[of] p2a: Dondozo\n|-boost|p2a: Dondozo|atk|2\n|-boost|p2a: Dondozo|spa|2\n|-boost|p2a: Dondozo|spe|2\n|-boost|p2a: Dondozo|def|2\n|-boost|p2a: Dondozo|spd|2\n|move|p2a: Dondozo|Protect|p2a: Dondozo\n|-singleturn|p2a: Dondozo|Protect\n|move|p1a: Brute Bonnet|Spore|p2a: Dondozo\n|-activate|p2a: Dondozo|move: Protect\n|move|p1b: Groudon|Heat Crash|p2a: Dondozo\n|-activate|p2a: Dondozo|move: Protect\n|\n|-weather|SunnyDay|[upkeep]\n|-damage|p1a: Brute Bonnet|76\/100 psn|[from] psn\n|-damage|p1b: Groudon|14\/100 psn|[from] psn\n|upkeep\n|turn|4\n|j| highturf\n|\n|t:|1737048742\n|-terastallize|p2a: Dondozo|Grass\n|move|p1a: Brute Bonnet|Spore|p2a: Dondozo\n|-immune|p2a: Dondozo\n|move|p1b: Groudon|Heat Crash|p2a: Dondozo\n|-supereffective|p2a: Dondozo\n|-damage|p2a: Dondozo|50\/100\n|move|p2a: Dondozo|Body Press|p1a: Brute Bonnet\n|-supereffective|p1a: Brute Bonnet\n|-damage|p1a: Brute Bonnet|26\/100 psn\n|\n|-weather|SunnyDay|[upkeep]\n|-heal|p2a: Dondozo|56\/100|[from] item: Leftovers\n|-damage|p1a: Brute Bonnet|14\/100 psn|[from] psn\n|-damage|p1b: Groudon|2\/100 psn|[from] psn\n|upkeep\n|turn|5\n|\n|t:|1737048756\n|-end|p1a: Brute Bonnet|Protosynthesis|[silent]\n|switch|p1a: Farigiraf|Farigiraf, L50, M|100\/100\n|-status|p1a: Farigiraf|psn\n|move|p2a: Dondozo|Protect|p2a: Dondozo\n|-singleturn|p2a: Dondozo|Protect\n|move|p1b: Groudon|Heat Crash|p2a: Dondozo\n|-activate|p2a: Dondozo|move: Protect\n|\n|-weather|SunnyDay|[upkeep]\n|-heal|p2a: Dondozo|62\/100|[from] item: Leftovers\n|-damage|p1a: Farigiraf|88\/100 psn|[from] psn\n|-damage|p1b: Groudon|0 fnt|[from] psn\n|faint|p1b: Groudon\n|-fieldend|move: Trick Room\n|upkeep\n|\n|t:|1737048763\n|switch|p1b: Brute Bonnet|Brute Bonnet, L50|14\/100 psn\n|-activate|p1b: Brute Bonnet|ability: Protosynthesis\n|-start|p1b: Brute Bonnet|protosynthesisdef\n|turn|6\n|\n|t:|1737048768\n|move|p1b: Brute Bonnet|Sucker Punch|p2a: Dondozo\n|-damage|p2a: Dondozo|54\/100\n|move|p2a: Dondozo|Order Up|p1b: Brute Bonnet\n|-damage|p1b: Brute Bonnet|0 fnt\n|faint|p1b: Brute Bonnet\n|-end|p1b: Brute Bonnet|Protosynthesis|[silent]\n|-boost|p2a: Dondozo|def|1\n|move|p1a: Farigiraf|Trick Room|p1a: Farigiraf\n|-fieldstart|move: Trick Room|[of] p1a: Farigiraf\n|\n|-weather|none\n|-heal|p2a: Dondozo|61\/100|[from] item: Leftovers\n|-damage|p1a: Farigiraf|76\/100 psn|[from] psn\n|upkeep\n|\n|t:|1737048773\n|switch|p1b: Torkoal|Torkoal, L50, F|100\/100\n|-status|p1b: Torkoal|psn\n|-weather|SunnyDay|[from] ability: Drought|[of] p1b: Torkoal\n|turn|7\n|\n|t:|1737048780\n|move|p1a: Farigiraf|Helping Hand|p1b: Torkoal\n|-singleturn|p1b: Torkoal|Helping Hand|[of] p1a: Farigiraf\n|move|p2a: Dondozo|Protect|p2a: Dondozo\n|-singleturn|p2a: Dondozo|Protect\n|move|p1b: Torkoal|Eruption|p2a: Dondozo|[spread] \n|-miss|p1b: Torkoal|p2b: Tatsugiri\n|-activate|p2a: Dondozo|move: Protect\n|\n|-weather|SunnyDay|[upkeep]\n|-heal|p2a: Dondozo|67\/100|[from] item: Leftovers\n|-damage|p1b: Torkoal|88\/100 psn|[from] psn\n|-damage|p1a: Farigiraf|64\/100 psn|[from] psn\n|upkeep\n|turn|8\n|\n|t:|1737048786\n|move|p1a: Farigiraf|Helping Hand|p1b: Torkoal\n|-singleturn|p1b: Torkoal|Helping Hand|[of] p1a: Farigiraf\n|move|p1b: Torkoal|Eruption|p2b: Tatsugiri|[spread] p2a\n|-miss|p1b: Torkoal|p2b: Tatsugiri\n|-supereffective|p2a: Dondozo\n|-crit|p2a: Dondozo\n|-damage|p2a: Dondozo|0 fnt\n|faint|p2a: Dondozo\n|\n|-weather|SunnyDay|[upkeep]\n|-damage|p1b: Torkoal|76\/100 psn|[from] psn\n|-damage|p1a: Farigiraf|51\/100 psn|[from] psn\n|upkeep\n|\n|t:|1737048793\n|switch|p2a: Calyrex|Calyrex-Shadow, L50|91\/100\n|-ability|p2a: Calyrex|As One\n|-ability|p2a: Calyrex|Unnerve\n|turn|9\n|\n|t:|1737048817\n|move|p1b: Torkoal|Protect|p1b: Torkoal\n|-singleturn|p1b: Torkoal|Protect\n|move|p1a: Farigiraf|Hyper Voice|p2a: Calyrex|[spread] p2b\n|-immune|p2a: Calyrex\n|-damage|p2b: Tatsugiri|69\/100\n|move|p2b: Tatsugiri|Muddy Water|p1a: Farigiraf|[spread] \n|-activate|p1b: Torkoal|move: Protect\n|-miss|p2b: Tatsugiri|p1a: Farigiraf\n|move|p2a: Calyrex|Astral Barrage|p1b: Torkoal|[spread] \n|-activate|p1b: Torkoal|move: Protect\n|-immune|p1a: Farigiraf\n|\n|-weather|SunnyDay|[upkeep]\n|-damage|p1b: Torkoal|63\/100 psn|[from] psn\n|-damage|p1a: Farigiraf|39\/100 psn|[from] psn\n|upkeep\n|turn|10\n|\n|t:|1737048834\n|move|p1a: Farigiraf|Helping Hand|p1b: Torkoal\n|-singleturn|p1b: Torkoal|Helping Hand|[of] p1a: Farigiraf\n|move|p2b: Tatsugiri|Protect|p2b: Tatsugiri\n|-singleturn|p2b: Tatsugiri|Protect\n|move|p2a: Calyrex|Protect|p2a: Calyrex\n|-singleturn|p2a: Calyrex|Protect\n|move|p1b: Torkoal|Weather Ball|p2a: Calyrex\n|-activate|p2a: Calyrex|move: Protect\n|\n|-weather|SunnyDay|[upkeep]\n|-damage|p1b: Torkoal|51\/100 psn|[from] psn\n|-damage|p1a: Farigiraf|27\/100 psn|[from] psn\n|-fieldend|move: Trick Room\n|upkeep\n|turn|11\n|-message|bluestraggler02 forfeited.\n|\n|win|Ibberdytten\n|raw|bluestraggler02's rating: 1565 &rarr; <strong>1545<\/strong><br \/>(-20 for losing)\n|raw|Ibberdytten's rating: 1565 &rarr; <strong>1585<\/strong><br \/>(+20 for winning)\n|l|\u2606bluestraggler02\n|player|p1|\n|l|\u2606Ibberdytten\n|player|p2|\n|l| highturf\n","uploadtime":1737049033,"views":17,"formatid":"gen9vgc2025regg","rating":1545,"private":0,"password":null}