{"id":"gen9vgc2025regg-2282263926","format":"[Gen 9] VGC 2025 Reg G","players":["nootellas","Thegertlocker"],"log":"|j|\u203dnootellas\n|j|\u2606Thegertlocker\n|t:|1737042993\n|gametype|doubles\n|player|p1|nootellas|170|1562\n|player|p2|Thegertlocker|2|1533\n|teamsize|p1|6\n|teamsize|p2|6\n|gen|9\n|tier|[Gen 9] VGC 2025 Reg G\n|rated|\n|rule|Species Clause: Limit one of each Pok\u00e9mon\n|rule|Item Clause: Limit 1 of each item\n|clearpoke\n|poke|p1|Calyrex-Shadow, L50|\n|poke|p1|Incineroar, L50, F|\n|poke|p1|Clefairy, L50, F|\n|poke|p1|Raging Bolt, L50|\n|poke|p1|Urshifu-*, L50, F|\n|poke|p1|Flutter Mane, L50|\n|poke|p2|Weezing-Galar, L50, M|\n|poke|p2|Dondozo, L50, M|\n|poke|p2|Calyrex-Shadow, L50|\n|poke|p2|Tatsugiri-Droopy, L50, M|\n|poke|p2|Urshifu-*, L50, M|\n|poke|p2|Chi-Yu, L50|\n|teampreview|4\nThegertlocker has agreed to open team sheets.\n|inactive|Battle timer is ON: inactive players will automatically lose when time's up. (requested by Thegertlocker)\n|\n|t:|1737043023\n|start\n|switch|p1a: Incineroar|Incineroar, L50, F, shiny|100\/100\n|switch|p1b: Raging Bolt|Raging Bolt, L50|100\/100\n|switch|p2a: Weezing|Weezing-Galar, L50, M|100\/100\n|switch|p2b: Calyrex|Calyrex-Shadow, L50|100\/100\n|-ability|p2b: Calyrex|As One\n|-ability|p2b: Calyrex|Unnerve\n|-ability|p2a: Weezing|Neutralizing Gas\n|turn|1\n|\n|t:|1737043037\n|move|p2b: Calyrex|Protect|p2b: Calyrex\n|-singleturn|p2b: Calyrex|Protect\n|move|p2a: Weezing|Protect|p2a: Weezing\n|-singleturn|p2a: Weezing|Protect\n|move|p1a: Incineroar|Fake Out|p2a: Weezing\n|-activate|p2a: Weezing|move: Protect\n|move|p1b: Raging Bolt|Thunderbolt|p2a: Weezing\n|-activate|p2a: Weezing|move: Protect\n|\n|upkeep\n|turn|2\n|j| mpudi\n|\n|t:|1737043058\n|-terastallize|p2b: Calyrex|Normal\n|move|p2b: Calyrex|Astral Barrage|p1b: Raging Bolt|[spread] p1a,p1b\n|-resisted|p1a: Incineroar\n|-damage|p1a: Incineroar|73\/100\n|-damage|p1b: Raging Bolt|60\/100\n|-damage|p2b: Calyrex|91\/100|[from] item: Life Orb\n|move|p1b: Raging Bolt|Thunderbolt|p2b: Calyrex\n|-damage|p2b: Calyrex|35\/100\n|move|p1a: Incineroar|Knock Off|p2b: Calyrex\n|-damage|p2b: Calyrex|0 fnt\n|-enditem|p2b: Calyrex|Life Orb|[from] move: Knock Off|[of] p1a: Incineroar\n|faint|p2b: Calyrex\n|move|p2a: Weezing|Poison Gas|p1b: Raging Bolt|[spread] p1b\n|-miss|p2a: Weezing|p1a: Incineroar\n|-status|p1b: Raging Bolt|psn\n|\n|-damage|p1b: Raging Bolt|48\/100 psn|[from] psn\n|upkeep\n|\n|t:|1737043068\n|switch|p2b: Dondozo|Dondozo, L50, M|100\/100\n|turn|3\n|\n|t:|1737043093\n|move|p2b: Dondozo|Protect|p2b: Dondozo\n|-singleturn|p2b: Dondozo|Protect\n|move|p1b: Raging Bolt|Thunderclap||[still]\n|-fail|p1b: Raging Bolt\n|move|p1a: Incineroar|Parting Shot|p2a: Weezing\n|-unboost|p2a: Weezing|atk|1\n|-unboost|p2a: Weezing|spa|1\n|\n|t:|1737043100\n|switch|p1a: Flutter Mane|Flutter Mane, L50, shiny|100\/100|[from] Parting Shot\n|move|p2a: Weezing|Toxic Spikes|p1b: Raging Bolt\n|-sidestart|p1: nootellas|move: Toxic Spikes\n|\n|-damage|p1b: Raging Bolt|35\/100 psn|[from] psn\n|upkeep\n|turn|4\n|inactive|Thegertlocker has 30 seconds left.\n|inactive|Thegertlocker has 20 seconds left.\n|\n|t:|1737043136\n|switch|p2b: Tatsugiri|Tatsugiri-Droopy, L50, M, shiny|100\/100\n|move|p1b: Raging Bolt|Thunderclap||[still]\n|-fail|p1b: Raging Bolt\n|move|p1a: Flutter Mane|Fake Tears|p2b: Tatsugiri\n|-unboost|p2b: Tatsugiri|spd|2\n|move|p2a: Weezing|Dazzling Gleam|p1b: Raging Bolt|[spread] p1a,p1b\n|-supereffective|p1b: Raging Bolt\n|-damage|p1a: Flutter Mane|91\/100\n|-damage|p1b: Raging Bolt|21\/100 psn\n|\n|-damage|p1b: Raging Bolt|9\/100 psn|[from] psn\n|upkeep\n|turn|5\n|inactive|nootellas has 30 seconds left.\n|\n|t:|1737043162\n|move|p2b: Tatsugiri|Protect|p2b: Tatsugiri\n|-singleturn|p2b: Tatsugiri|Protect\n|move|p1b: Raging Bolt|Thunderclap||[still]\n|-fail|p1b: Raging Bolt\n|move|p1a: Flutter Mane|Icy Wind|p2b: Tatsugiri|[spread] p2a\n|-activate|p2b: Tatsugiri|move: Protect\n|-damage|p2a: Weezing|87\/100\n|-unboost|p2a: Weezing|spe|1\n|move|p2a: Weezing|Poison Gas|p1a: Flutter Mane|[spread] \n|-miss|p2a: Weezing|p1a: Flutter Mane\n|-fail|p1b: Raging Bolt|psn\n|\n|-damage|p1b: Raging Bolt|0 fnt|[from] psn\n|faint|p1b: Raging Bolt\n|-end|p1b: Raging Bolt|Protosynthesis|[silent]\n|upkeep\n|\n|t:|1737043166\n|switch|p1b: Calyrex|Calyrex-Shadow, L50|100\/100\n|-ability|p1b: Calyrex|As One\n|-ability|p1b: Calyrex|Unnerve\n|-status|p1b: Calyrex|psn\n|turn|6\n|\n|t:|1737043190\n|move|p2a: Weezing|Protect|p2a: Weezing\n|-singleturn|p2a: Weezing|Protect\n|move|p1b: Calyrex|Astral Barrage|p2a: Weezing|[spread] p2b\n|-activate|p2a: Weezing|move: Protect\n|-enditem|p2b: Tatsugiri|Focus Sash\n|-damage|p2b: Tatsugiri|1\/100\n|move|p1a: Flutter Mane|Fake Tears|p2a: Weezing\n|-activate|p2a: Weezing|move: Protect\n|move|p2b: Tatsugiri|Surf|p1b: Calyrex|[spread] p1a,p1b\n|-activate|p2a: Weezing|move: Protect\n|-damage|p1a: Flutter Mane|58\/100\n|-damage|p1b: Calyrex|68\/100 psn\n|\n|-damage|p1b: Calyrex|56\/100 psn|[from] psn\n|upkeep\n|turn|7\n|\n|t:|1737043202\n|-terastallize|p1b: Calyrex|Water\n|move|p2b: Tatsugiri|Protect|p2b: Tatsugiri\n|-singleturn|p2b: Tatsugiri|Protect\n|move|p1a: Flutter Mane|Icy Wind|p2b: Tatsugiri|[spread] p2a\n|-activate|p2b: Tatsugiri|move: Protect\n|-damage|p2a: Weezing|73\/100\n|-unboost|p2a: Weezing|spe|1\n|move|p1b: Calyrex|Astral Barrage|p2a: Weezing|[spread] p2a\n|-activate|p2b: Tatsugiri|move: Protect\n|-damage|p2a: Weezing|1\/100\n|move|p2a: Weezing|Dazzling Gleam|p1b: Calyrex|[spread] p1a,p1b\n|-damage|p1a: Flutter Mane|48\/100\n|-damage|p1b: Calyrex|45\/100 psn\n|\n|-damage|p1b: Calyrex|33\/100 psn|[from] psn\n|upkeep\n|turn|8\n|\n|t:|1737043224\n|-end|p2a: Weezing|ability: Neutralizing Gas\n|switch|p2a: Dondozo|Dondozo, L50, M|100\/100\n|-enditem|p1a: Flutter Mane|Booster Energy\n|-activate|p1a: Flutter Mane|ability: Protosynthesis|[fromitem]\n|-start|p1a: Flutter Mane|protosynthesisspe\n|-activate|p2b: Tatsugiri|ability: Commander|[of] p2a: Dondozo\n|-boost|p2a: Dondozo|atk|2\n|-boost|p2a: Dondozo|spa|2\n|-boost|p2a: Dondozo|spe|2\n|-boost|p2a: Dondozo|def|2\n|-boost|p2a: Dondozo|spd|2\n|move|p1a: Flutter Mane|Protect|p1a: Flutter Mane\n|-singleturn|p1a: Flutter Mane|Protect\n|move|p1b: Calyrex|Astral Barrage|p2b: Tatsugiri|[spread] p2a\n|-miss|p1b: Calyrex|p2b: Tatsugiri\n|-damage|p2a: Dondozo|73\/100\n|\n|-heal|p2a: Dondozo|79\/100|[from] item: Leftovers\n|-damage|p1b: Calyrex|21\/100 psn|[from] psn\n|upkeep\n|turn|9\n|\n|t:|1737043239\n|move|p1a: Flutter Mane|Fake Tears|p2a: Dondozo\n|-unboost|p2a: Dondozo|spd|2\n|move|p1b: Calyrex|Astral Barrage|p2a: Dondozo|[spread] p2a\n|-miss|p1b: Calyrex|p2b: Tatsugiri\n|-damage|p2a: Dondozo|23\/100\n|move|p2a: Dondozo|Wave Crash|p1a: Flutter Mane\n|-damage|p1a: Flutter Mane|0 fnt\n|faint|p1a: Flutter Mane\n|-end|p1a: Flutter Mane|Protosynthesis|[silent]\n|-damage|p2a: Dondozo|12\/100|[from] Recoil\n|\n|-heal|p2a: Dondozo|18\/100|[from] item: Leftovers\n|-damage|p1b: Calyrex|9\/100 psn|[from] psn\n|upkeep\n|\n|t:|1737043246\n|switch|p1a: Incineroar|Incineroar, L50, F, shiny|73\/100\n|-status|p1a: Incineroar|psn\n|-ability|p1a: Incineroar|Intimidate|boost\n|-unboost|p2a: Dondozo|atk|1\n|-unboost|p2b: Tatsugiri|atk|1\n|turn|10\n|\n|t:|1737043252\n|move|p2a: Dondozo|Protect|p2a: Dondozo\n|-singleturn|p2a: Dondozo|Protect\n|move|p1a: Incineroar|Fake Out|p2a: Dondozo\n|-activate|p2a: Dondozo|move: Protect\n|move|p1b: Calyrex|Astral Barrage|p2b: Tatsugiri|[spread] \n|-miss|p1b: Calyrex|p2b: Tatsugiri\n|-activate|p2a: Dondozo|move: Protect\n|\n|-heal|p2a: Dondozo|24\/100|[from] item: Leftovers\n|-damage|p1b: Calyrex|0 fnt|[from] psn\n|faint|p1b: Calyrex\n|-damage|p1a: Incineroar|60\/100 psn|[from] psn\n|upkeep\n|turn|11\n|-message|nootellas forfeited.\n|\n|win|Thegertlocker\n|raw|nootellas's rating: 1562 &rarr; <strong>1540<\/strong><br \/>(-22 for losing)\n|raw|Thegertlocker's rating: 1533 &rarr; <strong>1555<\/strong><br \/>(+22 for winning)\n|l|\u203dnootellas\n|player|p1|\n|l|\u2606Thegertlocker\n|player|p2|\n","uploadtime":1737043454,"views":8,"formatid":"gen9vgc2025regg","rating":1540,"private":0,"password":null}