{"id":"gen9vgc2025regg-2282179826","format":"[Gen 9] VGC 2025 Reg G","players":["ZTMY ENCORE","sibylla_system"],"log":"|j|\u2606ZTMY ENCORE\n|j|\u2606sibylla_system\n|t:|1737033221\n|gametype|doubles\n|player|p1|ZTMY ENCORE|170|1594\n|player|p2|sibylla_system|1|1563\n|teamsize|p1|6\n|teamsize|p2|6\n|gen|9\n|tier|[Gen 9] VGC 2025 Reg G\n|rated|\n|rule|Species Clause: Limit one of each Pok\u00e9mon\n|rule|Item Clause: Limit 1 of each item\n|clearpoke\n|poke|p1|Terapagos, L50, M|\n|poke|p1|Smeargle, L50, M|\n|poke|p1|Tornadus, L50, M|\n|poke|p1|Iron Hands, L50|\n|poke|p1|Sableye, L50, F|\n|poke|p1|Chi-Yu, L50|\n|poke|p2|Kyogre, L50|\n|poke|p2|Maushold, L50|\n|poke|p2|Incineroar, L50, F|\n|poke|p2|Ogerpon-Cornerstone, L50, F|\n|poke|p2|Urshifu-*, L50, M|\n|poke|p2|Tornadus, L50, M|\n|teampreview|4\n|\n|t:|1737033273\n|start\n|switch|p1a: Smeargle|Smeargle, L50, M|100\/100\n|switch|p1b: Iron Hands|Iron Hands, L50|100\/100\n|switch|p2a: Urshifu|Urshifu-Rapid-Strike, L50, M|100\/100\n|switch|p2b: Incineroar|Incineroar, L50, F|100\/100\n|-ability|p2b: Incineroar|Intimidate|boost\n|-unboost|p1a: Smeargle|atk|1\n|-unboost|p1b: Iron Hands|atk|1\n|turn|1\n|\n|t:|1737033317\n|move|p1a: Smeargle|Fake Out|p2a: Urshifu\n|-damage|p2a: Urshifu|97\/100\n|move|p2b: Incineroar|Fake Out|p1b: Iron Hands\n|-damage|p1b: Iron Hands|93\/100\n|cant|p2a: Urshifu|flinch\n|cant|p1b: Iron Hands|flinch\n|\n|-ability|p1a: Smeargle|Moody|boost\n|-boost|p1a: Smeargle|spd|2\n|-unboost|p1a: Smeargle|spa|1\n|upkeep\n|turn|2\n|\n|t:|1737033338\n|-terastallize|p2a: Urshifu|Grass\n|move|p1a: Smeargle|Decorate|p1b: Iron Hands\n|-boost|p1b: Iron Hands|atk|2\n|-boost|p1b: Iron Hands|spa|2\n|move|p2a: Urshifu|Surging Strikes|p1a: Smeargle\n|-crit|p1a: Smeargle\n|-damage|p1a: Smeargle|49\/100\n|-crit|p1a: Smeargle\n|-damage|p1a: Smeargle|0 fnt\n|faint|p1a: Smeargle\n|-hitcount|p1: Smeargle|2\n|move|p2b: Incineroar|Parting Shot|p1b: Iron Hands\n|-unboost|p1b: Iron Hands|atk|1\n|-unboost|p1b: Iron Hands|spa|1\n|\n|t:|1737033351\n|switch|p2b: Maushold|Maushold, L50|100\/100|[from] Parting Shot\n|move|p1b: Iron Hands|Drain Punch|p2b: Maushold\n|-supereffective|p2b: Maushold\n|-enditem|p2b: Maushold|Focus Sash\n|-damage|p2b: Maushold|1\/100\n|-heal|p1b: Iron Hands|100\/100|[from] drain|[of] p2b: Maushold\n|\n|upkeep\n|\n|t:|1737033362\n|switch|p1a: Sableye|Sableye, L50, F|100\/100\n|turn|3\n|\n|t:|1737033377\n|switch|p2b: Incineroar|Incineroar, L50, F|100\/100\n|-ability|p2b: Incineroar|Intimidate|boost\n|-unboost|p1a: Sableye|atk|1\n|-enditem|p1a: Sableye|Eject Pack\n|-unboost|p1b: Iron Hands|atk|1\n|\n|t:|1737033384\n|switch|p1a: Terapagos|Terapagos, L50, M|100\/100\n|-activate|p1a: Terapagos|ability: Tera Shift\n|detailschange|p1a: Terapagos|Terapagos-Terastal, L50, M\n|-heal|p1a: Terapagos|100\/100|[silent]\n|move|p2a: Urshifu|Surging Strikes|p1a: Terapagos\n|-activate|p1a: Terapagos|ability: Tera Shell\n|-resisted|p1a: Terapagos\n|-crit|p1a: Terapagos\n|-damage|p1a: Terapagos|88\/100\n|-resisted|p1a: Terapagos\n|-crit|p1a: Terapagos\n|-damage|p1a: Terapagos|75\/100\n|-resisted|p1a: Terapagos\n|-crit|p1a: Terapagos\n|-damage|p1a: Terapagos|63\/100\n|-hitcount|p1a: Terapagos|3\n|move|p1b: Iron Hands|Drain Punch|p2b: Incineroar\n|-supereffective|p2b: Incineroar\n|-damage|p2b: Incineroar|61\/100\n|-damage|p1b: Iron Hands|84\/100|[from] item: Rocky Helmet|[of] p2b: Incineroar\n|\n|upkeep\n|turn|4\n|\n|t:|1737033412\n|-end|p1b: Iron Hands|Quark Drive|[silent]\n|switch|p1b: Sableye|Sableye, L50, F|100\/100\n|-terastallize|p1a: Terapagos|Stellar\n|detailschange|p1a: Terapagos|Terapagos-Stellar, L50, M, tera:Stellar\n|-heal|p1a: Terapagos|73\/100|[silent]\n|move|p2b: Incineroar|Fake Out|p1a: Terapagos\n|-damage|p1a: Terapagos|65\/100\n|cant|p1a: Terapagos|flinch\n|move|p2a: Urshifu|Surging Strikes|p1a: Terapagos\n|-crit|p1a: Terapagos\n|-damage|p1a: Terapagos|47\/100\n|-crit|p1a: Terapagos\n|-damage|p1a: Terapagos|29\/100\n|-crit|p1a: Terapagos\n|-damage|p1a: Terapagos|11\/100\n|-hitcount|p1a: Terapagos|3\n|\n|upkeep\n|turn|5\n|\n|t:|1737033428\n|move|p2a: Urshifu|Aqua Jet|p1a: Terapagos\n|-damage|p1a: Terapagos|0 fnt\n|faint|p1a: Terapagos\n|move|p1b: Sableye|Quash||[still]\n|-fail|p1b: Sableye\n|move|p2b: Incineroar|Knock Off|p1b: Sableye\n|-crit|p1b: Sableye\n|-damage|p1b: Sableye|64\/100\n|\n|upkeep\n|-message|ZTMY ENCORE forfeited.\n|\n|win|sibylla_system\n|raw|ZTMY ENCORE's rating: 1594 &rarr; <strong>1572<\/strong><br \/>(-22 for losing)\n|raw|sibylla_system's rating: 1563 &rarr; <strong>1585<\/strong><br \/>(+22 for winning)\n|l|\u2606ZTMY ENCORE\n|player|p1|\n","uploadtime":1737033617,"views":30,"formatid":"gen9vgc2025regg","rating":1572,"private":0,"password":null}