{"id":"gen9vgc2025regg-2282247216","format":"[Gen 9] VGC 2025 Reg G","players":["MaxDOM","pig duck eater"],"log":"|j|\u2606MaxDOM\n|j|\u2606pig duck eater\n|t:|1737041240\n|gametype|doubles\n|player|p1|MaxDOM|169|1592\n|player|p2|pig duck eater|266|1651\n|teamsize|p1|6\n|teamsize|p2|6\n|gen|9\n|tier|[Gen 9] VGC 2025 Reg G\n|rated|\n|rule|Species Clause: Limit one of each Pok\u00e9mon\n|rule|Item Clause: Limit 1 of each item\n|clearpoke\n|poke|p1|Calyrex-Ice, L50|\n|poke|p1|Indeedee-F, L50, F|\n|poke|p1|Torkoal, L50, M|\n|poke|p1|Rillaboom, L50, F|\n|poke|p1|Urshifu-*, L50, M|\n|poke|p1|Sinistcha-Masterpiece, L50|\n|poke|p2|Indeedee-F, L50, F|\n|poke|p2|Weezing-Galar, L50, M|\n|poke|p2|Kyogre, L50|\n|poke|p2|Ogerpon, L50, F|\n|poke|p2|Wyrdeer, L50, F|\n|poke|p2|Chien-Pao, L50|\n|teampreview|4\n|\n|t:|1737041284\n|start\n|switch|p1a: Calyrex|Calyrex-Ice, L50|100\/100\n|switch|p1b: Indeedee|Indeedee-F, L50, F|100\/100\n|switch|p2a: Wyrdeer|Wyrdeer, L50, F|100\/100\n|switch|p2b: Kyogre|Kyogre, L50|100\/100\n|-ability|p1a: Calyrex|As One\n|-ability|p1a: Calyrex|Unnerve\n|-weather|RainDance|[from] ability: Drizzle|[of] p2b: Kyogre\n|-fieldstart|move: Psychic Terrain|[from] ability: Psychic Surge|[of] p1b: Indeedee\n|-ability|p2a: Wyrdeer|Intimidate|boost\n|-fail|p1a: Calyrex|unboost|[from] item: Clear Amulet|[of] p1a: Calyrex\n|-unboost|p1b: Indeedee|atk|1\n|turn|1\n|\n|t:|1737041306\n|switch|p1b: Torkoal|Torkoal, L50, M|100\/100\n|-weather|SunnyDay|[from] ability: Drought|[of] p1b: Torkoal\n|-terastallize|p2b: Kyogre|Water\n|move|p2b: Kyogre|Water Spout|p1b: Torkoal|[spread] p1a,p1b\n|-supereffective|p1b: Torkoal\n|-damage|p1a: Calyrex|79\/100\n|-damage|p1b: Torkoal|0 fnt\n|faint|p1b: Torkoal\n|move|p2a: Wyrdeer|Expanding Force|p1a: Calyrex\n|-resisted|p1a: Calyrex\n|-damage|p1a: Calyrex|58\/100\n|move|p1a: Calyrex|Trick Room|p1a: Calyrex\n|-fieldstart|move: Trick Room|[of] p1a: Calyrex\n|\n|-weather|SunnyDay|[upkeep]\n|upkeep\n|\n|t:|1737041310\n|switch|p1b: Urshifu|Urshifu, L50, M|100\/100\n|turn|2\n|\n|t:|1737041335\n|switch|p2a: Indeedee|Indeedee-F, L50, F|100\/100\n|-terastallize|p1b: Urshifu|Fighting\n|move|p1b: Urshifu|Close Combat|p2b: Kyogre\n|-damage|p2b: Kyogre|0 fnt\n|-unboost|p1b: Urshifu|def|1\n|-unboost|p1b: Urshifu|spd|1\n|faint|p2b: Kyogre\n|move|p1a: Calyrex|Glacial Lance|p2a: Indeedee\n|-damage|p2a: Indeedee|40\/100\n|\n|-weather|SunnyDay|[upkeep]\n|upkeep\n|\n|t:|1737041338\n|switch|p2b: Weezing|Weezing-Galar, L50, M|100\/100\n|-ability|p2b: Weezing|Neutralizing Gas\n|turn|3\n|\n|t:|1737041351\n|move|p2a: Indeedee|Follow Me|p2a: Indeedee\n|-singleturn|p2a: Indeedee|move: Follow Me\n|move|p1b: Urshifu|Close Combat|p2a: Indeedee\n|-damage|p2a: Indeedee|0 fnt\n|-unboost|p1b: Urshifu|def|1\n|-unboost|p1b: Urshifu|spd|1\n|-damage|p1b: Urshifu|84\/100|[from] item: Rocky Helmet|[of] p2a: Indeedee\n|faint|p2a: Indeedee\n|move|p1a: Calyrex|Glacial Lance|p2b: Weezing\n|-damage|p2b: Weezing|38\/100\n|move|p2b: Weezing|Play Rough|p1b: Urshifu\n|-supereffective|p1b: Urshifu\n|-damage|p1b: Urshifu|0 fnt\n|faint|p1b: Urshifu\n|\n|-weather|SunnyDay|[upkeep]\n|upkeep\n|\n|t:|1737041363\n|switch|p2a: Wyrdeer|Wyrdeer, L50, F|100\/100\n|switch|p1b: Indeedee|Indeedee-F, L50, F|100\/100\n|turn|4\n|\n|t:|1737041373\n|move|p1b: Indeedee|Helping Hand|p1a: Calyrex\n|-singleturn|p1a: Calyrex|Helping Hand|[of] p1b: Indeedee\n|move|p1a: Calyrex|Glacial Lance|p2b: Weezing|[spread] p2a,p2b\n|-damage|p2a: Wyrdeer|30\/100\n|-damage|p2b: Weezing|0 fnt\n|faint|p2b: Weezing\n|-end|p2b: Weezing|ability: Neutralizing Gas\n|-ability|p2a: Wyrdeer|Intimidate|boost\n|-fail|p1a: Calyrex|unboost|[from] item: Clear Amulet|[of] p1a: Calyrex\n|-unboost|p1b: Indeedee|atk|1\n|-ability|p1a: Calyrex|Chilling Neigh|boost\n|-boost|p1a: Calyrex|atk|1\n|move|p2a: Wyrdeer|Expanding Force|p1b: Indeedee|[spread] p1a,p1b\n|-resisted|p1a: Calyrex\n|-resisted|p1b: Indeedee\n|-damage|p1a: Calyrex|43\/100\n|-damage|p1b: Indeedee|72\/100\n|\n|-weather|SunnyDay|[upkeep]\n|upkeep\n|turn|5\n|-message|pig duck eater forfeited.\n|\n|win|MaxDOM\n|raw|MaxDOM's rating: 1576 &rarr; <strong>1600<\/strong><br \/>(+24 for winning)\n|raw|pig duck eater's rating: 1651 &rarr; <strong>1627<\/strong><br \/>(-24 for losing)\n|l|\u2606pig duck eater\n|player|p2|\n|l|\u2606MaxDOM\n|player|p1|\n","uploadtime":1737041541,"views":19,"formatid":"gen9vgc2025regg","rating":1600,"private":0,"password":null}