{"id":"gen9vgc2025regg-2283091845","format":"[Gen 9] VGC 2025 Reg G","players":["Kwiper","Zyros Phade"],"log":"|j|\u2606Kwiper\n|j|\u2606Zyros Phade\n|t:|1737148003\n|gametype|doubles\n|player|p1|Kwiper|sycamore|1677\n|player|p2|Zyros Phade|169|1654\n|teamsize|p1|6\n|teamsize|p2|6\n|gen|9\n|tier|[Gen 9] VGC 2025 Reg G\n|rated|\n|rule|Species Clause: Limit one of each Pok\u00e9mon\n|rule|Item Clause: Limit 1 of each item\n|clearpoke\n|poke|p1|Koraidon, L50|\n|poke|p1|Flutter Mane, L50|\n|poke|p1|Raging Bolt, L50|\n|poke|p1|Tornadus, L50, M|\n|poke|p1|Chi-Yu, L50|\n|poke|p1|Bastiodon, L50, F|\n|poke|p2|Urshifu-*, L50, F|\n|poke|p2|Kyogre, L50|\n|poke|p2|Iron Hands, L50|\n|poke|p2|Baxcalibur, L50, M|\n|poke|p2|Indeedee-F, L50, F|\n|poke|p2|Murkrow, L50, F|\n|teampreview|4\n|inactive|Battle timer is ON: inactive players will automatically lose when time's up. (requested by Kwiper)\n|\n|t:|1737148019\n|start\n|switch|p1a: Tornadus|Tornadus, L50, M|100\/100\n|switch|p1b: Flutter Mane|Flutter Mane, L50|100\/100\n|switch|p2a: Indeedee|Indeedee-F, L50, F|100\/100\n|switch|p2b: Baxcalibur|Baxcalibur, L50, M|100\/100\n|-fieldstart|move: Psychic Terrain|[from] ability: Psychic Surge|[of] p2a: Indeedee\n|turn|1\n|\n|t:|1737148028\n|-terastallize|p2b: Baxcalibur|Poison\n|move|p2a: Indeedee|Follow Me|p2a: Indeedee\n|-singleturn|p2a: Indeedee|move: Follow Me\n|move|p1a: Tornadus|Tailwind|p1a: Tornadus\n|-sidestart|p1: Kwiper|move: Tailwind\n|move|p1b: Flutter Mane|Taunt|p2a: Indeedee\n|-start|p2a: Indeedee|move: Taunt\n|move|p2b: Baxcalibur|Dragon Dance|p2b: Baxcalibur\n|-boost|p2b: Baxcalibur|atk|1\n|-boost|p2b: Baxcalibur|spe|1\n|\n|upkeep\n|turn|2\n|\n|t:|1737148036\n|switch|p2a: Murkrow|Murkrow, L50, F|100\/100\n|move|p2b: Baxcalibur|Protect|p2b: Baxcalibur\n|-singleturn|p2b: Baxcalibur|Protect\n|move|p1b: Flutter Mane|Thunder Wave|p2b: Baxcalibur\n|-activate|p2b: Baxcalibur|move: Protect\n|move|p1a: Tornadus|Bleakwind Storm|p2a: Murkrow|[spread] p2a\n|-activate|p2b: Baxcalibur|move: Protect\n|-damage|p2a: Murkrow|7\/100\n|-unboost|p2a: Murkrow|spe|1\n|\n|upkeep\n|turn|3\n|\n|t:|1737148044\n|move|p1a: Tornadus|Sunny Day|p1a: Tornadus\n|-weather|SunnyDay\n|-activate|p1b: Flutter Mane|ability: Protosynthesis\n|-start|p1b: Flutter Mane|protosynthesisspe\n|move|p2a: Murkrow|Tailwind|p2a: Murkrow\n|-sidestart|p2: Zyros Phade|move: Tailwind\n|move|p1b: Flutter Mane|Thunder Wave|p2b: Baxcalibur\n|-status|p2b: Baxcalibur|par\n|cant|p2b: Baxcalibur|par\n|\n|-weather|SunnyDay|[upkeep]\n|upkeep\n|turn|4\n|j| LesPaul14\n|\n|t:|1737148058\n|switch|p2a: Indeedee|Indeedee-F, L50, F|100\/100\n|move|p1b: Flutter Mane|Icy Wind|p2a: Indeedee|[spread] p2a,p2b\n|-damage|p2a: Indeedee|86\/100\n|-damage|p2b: Baxcalibur|85\/100 par\n|-unboost|p2a: Indeedee|spe|1\n|-unboost|p2b: Baxcalibur|spe|1\n|move|p1a: Tornadus|Bleakwind Storm|p2b: Baxcalibur|[spread] p2a,p2b\n|-damage|p2a: Indeedee|51\/100\n|-damage|p2b: Baxcalibur|43\/100 par\n|move|p2b: Baxcalibur|Icicle Spear|p1a: Tornadus\n|-supereffective|p1a: Tornadus\n|-damage|p1a: Tornadus|30\/100\n|-supereffective|p1a: Tornadus\n|-damage|p1a: Tornadus|0 fnt\n|faint|p1a: Tornadus\n|-hitcount|p1: Tornadus|2\n|\n|-weather|SunnyDay|[upkeep]\n|-sideend|p1: Kwiper|move: Tailwind\n|upkeep\n|\n|t:|1737148072\n|switch|p1a: Koraidon|Koraidon, L50|100\/100\n|-activate|p1a: Koraidon|ability: Orichalcum Pulse\n|turn|5\n|\n|t:|1737148077\n|move|p2a: Indeedee|Follow Me|p2a: Indeedee\n|-singleturn|p2a: Indeedee|move: Follow Me\n|move|p1b: Flutter Mane|Icy Wind|p2b: Baxcalibur|[spread] p2a,p2b\n|-damage|p2a: Indeedee|38\/100\n|-damage|p2b: Baxcalibur|26\/100 par\n|-unboost|p2a: Indeedee|spe|1\n|-unboost|p2b: Baxcalibur|spe|1\n|move|p1a: Koraidon|Breaking Swipe|p2b: Baxcalibur|[spread] p2a,p2b\n|-damage|p2a: Indeedee|3\/100\n|-damage|p2b: Baxcalibur|0 fnt\n|-unboost|p2a: Indeedee|atk|1\n|-damage|p1a: Koraidon|84\/100|[from] item: Rocky Helmet|[of] p2a: Indeedee\n|faint|p2b: Baxcalibur\n|\n|-weather|SunnyDay|[upkeep]\n|-fieldend|move: Psychic Terrain\n|upkeep\n|\n|t:|1737148093\n|switch|p2b: Kyogre|Kyogre, L50, shiny|100\/100\n|-weather|RainDance|[from] ability: Drizzle|[of] p2b: Kyogre\n|-end|p1b: Flutter Mane|Protosynthesis\n|turn|6\n|\n|t:|1737148097\n|switch|p1a: Raging Bolt|Raging Bolt, L50|100\/100\n|move|p2a: Indeedee|Helping Hand|p2b: Kyogre\n|-singleturn|p2b: Kyogre|Helping Hand|[of] p2a: Indeedee\n|move|p2b: Kyogre|Water Spout|p1a: Raging Bolt|[spread] p1a,p1b\n|-resisted|p1a: Raging Bolt\n|-damage|p1a: Raging Bolt|35\/100\n|-enditem|p1b: Flutter Mane|Focus Sash\n|-damage|p1b: Flutter Mane|1\/100\n|move|p1b: Flutter Mane|Icy Wind|p2b: Kyogre|[spread] p2a,p2b\n|-resisted|p2b: Kyogre\n|-crit|p2b: Kyogre\n|-damage|p2a: Indeedee|0 fnt\n|-damage|p2b: Kyogre|93\/100\n|-unboost|p2b: Kyogre|spe|1\n|faint|p2a: Indeedee\n|\n|-weather|RainDance|[upkeep]\n|-sideend|p2: Zyros Phade|move: Tailwind\n|upkeep\n|\n|t:|1737148101\n|switch|p2a: Murkrow|Murkrow, L50, F|7\/100\n|turn|7\n|\n|t:|1737148110\n|move|p2a: Murkrow|Rain Dance||[still]\n|-fail|p2a: Murkrow\n|move|p1a: Raging Bolt|Thunderclap|p2b: Kyogre\n|-supereffective|p2b: Kyogre\n|-damage|p2b: Kyogre|36\/100\n|move|p1b: Flutter Mane|Icy Wind|p2b: Kyogre|[spread] p2a,p2b\n|-supereffective|p2a: Murkrow\n|-resisted|p2b: Kyogre\n|-damage|p2a: Murkrow|0 fnt\n|-damage|p2b: Kyogre|31\/100\n|-unboost|p2b: Kyogre|spe|1\n|faint|p2a: Murkrow\n|move|p2b: Kyogre|Water Spout|p1a: Raging Bolt|[spread] p1a,p1b\n|-resisted|p1a: Raging Bolt\n|-damage|p1a: Raging Bolt|21\/100\n|-damage|p1b: Flutter Mane|0 fnt\n|faint|p1b: Flutter Mane\n|-end|p1b: Flutter Mane|Protosynthesis|[silent]\n|\n|-weather|RainDance|[upkeep]\n|upkeep\n|-message|Zyros Phade forfeited.\n|\n|win|Kwiper\n|raw|Kwiper's rating: 1677 &rarr; <strong>1696<\/strong><br \/>(+19 for winning)\n|raw|Zyros Phade's rating: 1654 &rarr; <strong>1635<\/strong><br \/>(-19 for losing)\n|l|\u2606Zyros Phade\n|player|p2|\n|l|\u2606Kwiper\n|player|p1|\n|l| LesPaul14\n","uploadtime":1737148281,"views":25,"formatid":"gen9vgc2025regg","rating":1635,"private":0,"password":null}