{"id":"gen9vgc2025regg-2283924285","format":"[Gen 9] VGC 2025 Reg G","players":["HyperRes","pig duck eater"],"log":"|j|\u2606HyperRes\n|j|\u2606pig duck eater\n|t:|1737276670\n|gametype|doubles\n|player|p1|HyperRes|miku-ground|1592\n|player|p2|pig duck eater|170|1674\n|teamsize|p1|6\n|teamsize|p2|6\n|gen|9\n|tier|[Gen 9] VGC 2025 Reg G\n|rated|\n|rule|Species Clause: Limit one of each Pok\u00e9mon\n|rule|Item Clause: Limit 1 of each item\n|clearpoke\n|poke|p1|Groudon, L50|\n|poke|p1|Sableye, L50, M|\n|poke|p1|Iron Valiant, L50|\n|poke|p1|Raging Bolt, L50|\n|poke|p1|Ogerpon-Hearthflame, L50, F|\n|poke|p1|Chien-Pao, L50|\n|poke|p2|Slowking, L50, M|\n|poke|p2|Weezing-Galar, L50, F|\n|poke|p2|Baxcalibur, L50, M|\n|poke|p2|Kyogre, L50|\n|poke|p2|Indeedee-F, L50, F|\n|poke|p2|Ludicolo, L50, M|\n|teampreview|4\n|inactive|Battle timer is ON: inactive players will automatically lose when time's up. (requested by HyperRes)\n|inactive|HyperRes has 60 seconds left.\n|inactive|pig duck eater has 60 seconds left.\n|\n|t:|1737276724\n|start\n|switch|p1a: Raging Bolt|Raging Bolt, L50|100\/100\n|switch|p1b: Chien-Pao|Chien-Pao, L50|100\/100\n|switch|p2a: Indeedee|Indeedee-F, L50, F|100\/100\n|switch|p2b: Baxcalibur|Baxcalibur, L50, M|100\/100\n|-ability|p1b: Chien-Pao|Sword of Ruin\n|-fieldstart|move: Psychic Terrain|[from] ability: Psychic Surge|[of] p2a: Indeedee\n|turn|1\n|j| mr pogostick\n|\n|t:|1737276746\n|-terastallize|p1a: Raging Bolt|Electric\n|move|p2a: Indeedee|Follow Me|p2a: Indeedee\n|-singleturn|p2a: Indeedee|move: Follow Me\n|move|p1b: Chien-Pao|Ice Spinner|p2a: Indeedee\n|-damage|p2a: Indeedee|42\/100\n|-damage|p1b: Chien-Pao|84\/100|[from] item: Rocky Helmet|[of] p2a: Indeedee\n|-fieldend|move: Psychic Terrain\n|move|p2b: Baxcalibur|Scale Shot|p1a: Raging Bolt\n|-damage|p1a: Raging Bolt|85\/100\n|-damage|p1a: Raging Bolt|69\/100\n|-damage|p1a: Raging Bolt|54\/100\n|-damage|p1a: Raging Bolt|38\/100\n|-damage|p1a: Raging Bolt|22\/100\n|-hitcount|p1a: Raging Bolt|5\n|-unboost|p2b: Baxcalibur|def|1\n|-boost|p2b: Baxcalibur|spe|1\n|move|p1a: Raging Bolt|Draco Meteor|p2a: Indeedee|[miss]\n|-miss|p1a: Raging Bolt|p2a: Indeedee\n|\n|upkeep\n|turn|2\n|j| nistaka\n|inactive|HyperRes has 30 seconds left.\n|inactive|pig duck eater has 30 seconds left.\n|inactive|HyperRes has 20 seconds left.\n|inactive|HyperRes has 15 seconds left.\n|\n|t:|1737276790\n|-end|p1a: Raging Bolt|Protosynthesis|[silent]\n|switch|p1a: Iron Valiant|Iron Valiant, L50|100\/100\n|-enditem|p1a: Iron Valiant|Booster Energy\n|-activate|p1a: Iron Valiant|ability: Quark Drive|[fromitem]\n|-start|p1a: Iron Valiant|quarkdrivespe\n|move|p2a: Indeedee|Follow Me|p2a: Indeedee\n|-singleturn|p2a: Indeedee|move: Follow Me\n|move|p2b: Baxcalibur|Icicle Spear|p1a: Iron Valiant\n|-crit|p1a: Iron Valiant\n|-damage|p1a: Iron Valiant|68\/100\n|-damage|p1a: Iron Valiant|49\/100\n|-damage|p1a: Iron Valiant|30\/100\n|-damage|p1a: Iron Valiant|10\/100\n|-hitcount|p1a: Iron Valiant|4\n|move|p1b: Chien-Pao|Ice Spinner|p2a: Indeedee\n|-damage|p2a: Indeedee|0 fnt\n|-damage|p1b: Chien-Pao|67\/100|[from] item: Rocky Helmet|[of] p2a: Indeedee\n|faint|p2a: Indeedee\n|\n|upkeep\n|\n|t:|1737276812\n|switch|p2a: Ludicolo|Ludicolo, L50, M|100\/100\n|turn|3\n|\n|t:|1737276831\n|-terastallize|p2b: Baxcalibur|Poison\n|move|p2a: Ludicolo|Fake Out|p1b: Chien-Pao\n|-damage|p1b: Chien-Pao|59\/100\n|move|p1a: Iron Valiant|Coaching|p1b: Chien-Pao\n|-boost|p1b: Chien-Pao|atk|1\n|-boost|p1b: Chien-Pao|def|1\n|move|p2b: Baxcalibur|Icicle Spear|p1a: Iron Valiant\n|-damage|p1a: Iron Valiant|0 fnt\n|faint|p1a: Iron Valiant\n|-end|p1a: Iron Valiant|Quark Drive|[silent]\n|-hitcount|p1: Iron Valiant|1\n|cant|p1b: Chien-Pao|flinch\n|\n|upkeep\n|\n|t:|1737276843\n|switch|p1a: Raging Bolt|Raging Bolt, L50, tera:Electric|22\/100\n|turn|4\n|\n|t:|1737276866\n|switch|p2b: Kyogre|Kyogre, L50|100\/100\n|-weather|RainDance|[from] ability: Drizzle|[of] p2b: Kyogre\n|move|p2a: Ludicolo|Weather Ball|p1b: Chien-Pao\n|-damage|p1b: Chien-Pao|0 fnt\n|faint|p1b: Chien-Pao\n|move|p1a: Raging Bolt|Electroweb|p2a: Ludicolo|[spread] p2a,p2b\n|-supereffective|p2b: Kyogre\n|-damage|p2a: Ludicolo|60\/100\n|-damage|p2b: Kyogre|48\/100\n|-unboost|p2a: Ludicolo|spe|1\n|-unboost|p2b: Kyogre|spe|1\n|\n|-weather|RainDance|[upkeep]\n|upkeep\n|\n|t:|1737276877\n|switch|p1b: Groudon|Groudon, L50|100\/100\n|-weather|SunnyDay|[from] ability: Drought|[of] p1b: Groudon\n|-activate|p1a: Raging Bolt|ability: Protosynthesis\n|-start|p1a: Raging Bolt|protosynthesisspa\n|turn|5\n|\n|t:|1737276895\n|move|p1b: Groudon|Precipice Blades|p2a: Ludicolo|[spread] p2a,p2b\n|-resisted|p2a: Ludicolo\n|-damage|p2a: Ludicolo|19\/100\n|-damage|p2b: Kyogre|0 fnt\n|faint|p2b: Kyogre\n|move|p1a: Raging Bolt|Electroweb|p2a: Ludicolo\n|-damage|p2a: Ludicolo|0 fnt\n|faint|p2a: Ludicolo\n|\n|-weather|SunnyDay|[upkeep]\n|upkeep\n|-message|pig duck eater forfeited.\n|\n|win|HyperRes\n|raw|HyperRes's rating: 1592 &rarr; <strong>1617<\/strong><br \/>(+25 for winning)\n|raw|pig duck eater's rating: 1674 &rarr; <strong>1649<\/strong><br \/>(-25 for losing)\n|l|\u2606pig duck eater\n|player|p2|\n|c|\u2606HyperRes|gg\n","uploadtime":1737276909,"views":26,"formatid":"gen9vgc2025regg","rating":1617,"private":0,"password":null}