{"id":"gen9vgc2025regg-2283652856","format":"[Gen 9] VGC 2025 Reg G","players":["superduce2","Blueaquajet3"],"log":"|j|\u2606superduce2\n|j|\u2606Blueaquajet3\n|t:|1737235367\n|gametype|doubles\n|player|p1|superduce2|102|1523\n|player|p2|Blueaquajet3|102|1548\n|teamsize|p1|6\n|teamsize|p2|6\n|gen|9\n|tier|[Gen 9] VGC 2025 Reg G\n|rated|\n|rule|Species Clause: Limit one of each Pok\u00e9mon\n|rule|Item Clause: Limit 1 of each item\n|clearpoke\n|poke|p1|Tatsugiri, L50, F|\n|poke|p1|Chi-Yu, L50|\n|poke|p1|Dragonite, L50, M|\n|poke|p1|Dondozo, L50, F|\n|poke|p1|Gholdengo, L50|\n|poke|p1|Miraidon, L50|\n|poke|p2|Calyrex-Shadow, L50|\n|poke|p2|Raging Bolt, L50|\n|poke|p2|Clefairy, L50, F|\n|poke|p2|Urshifu-*, L50, F|\n|poke|p2|Incineroar, L50, M|\n|poke|p2|Rillaboom, L50, F|\n|teampreview|4\n|inactive|Battle timer is ON: inactive players will automatically lose when time's up. (requested by Blueaquajet3)\n|inactive|superduce2 has 60 seconds left.\n|\n|t:|1737235415\n|start\n|switch|p1a: Chi-Yu|Chi-Yu, L50|100\/100\n|switch|p1b: Miraidon|Miraidon, L50|100\/100\n|switch|p2a: Calyrex|Calyrex-Shadow, L50|100\/100\n|switch|p2b: Rillaboom|Rillaboom, L50, F|100\/100\n|-ability|p2a: Calyrex|As One\n|-ability|p2a: Calyrex|Unnerve\n|-fieldstart|move: Electric Terrain|[from] ability: Hadron Engine|[of] p1b: Miraidon\n|-ability|p1a: Chi-Yu|Beads of Ruin\n|-fieldstart|move: Grassy Terrain|[from] ability: Grassy Surge|[of] p2b: Rillaboom\n|turn|1\n|j| DanJVGC\n|inactive|Blueaquajet3 has 30 seconds left.\n|inactive|superduce2 has 30 seconds left.\n|inactive|Blueaquajet3 has 20 seconds left.\n|inactive|Blueaquajet3 has 15 seconds left.\n|inactive|Blueaquajet3 has 10 seconds left.\n|\n|t:|1737235465\n|-terastallize|p2a: Calyrex|Fairy\n|move|p1a: Chi-Yu|Protect|p1a: Chi-Yu\n|-singleturn|p1a: Chi-Yu|Protect\n|move|p2a: Calyrex|Calm Mind|p2a: Calyrex\n|-boost|p2a: Calyrex|spa|1\n|-boost|p2a: Calyrex|spd|1\n|move|p1b: Miraidon|Draco Meteor|p2a: Calyrex\n|-immune|p2a: Calyrex\n|move|p2b: Rillaboom|High Horsepower|p1a: Chi-Yu\n|-activate|p1a: Chi-Yu|move: Protect\n|\n|upkeep\n|turn|2\n|\n|t:|1737235482\n|switch|p2b: Raging Bolt|Raging Bolt, L50|100\/100\n|move|p2a: Calyrex|Astral Barrage|p1a: Chi-Yu|[spread] p1a,p1b\n|-resisted|p1a: Chi-Yu\n|-damage|p1a: Chi-Yu|52\/100\n|-damage|p1b: Miraidon|41\/100\n|move|p1b: Miraidon|Volt Switch|p2a: Calyrex\n|-damage|p2a: Calyrex|72\/100\n|\n|t:|1737235492\n|switch|p1b: Dondozo|Dondozo, L50, F|100\/100|[from] Volt Switch\n|move|p1a: Chi-Yu|Heat Wave|p2b: Raging Bolt|[spread] p2a,p2b\n|-resisted|p2b: Raging Bolt\n|-damage|p2a: Calyrex|35\/100\n|-damage|p2b: Raging Bolt|85\/100\n|\n|-heal|p2a: Calyrex|41\/100|[from] Grassy Terrain\n|-heal|p1a: Chi-Yu|58\/100|[from] Grassy Terrain\n|-heal|p2b: Raging Bolt|91\/100|[from] Grassy Terrain\n|upkeep\n|turn|3\n|\n|t:|1737235514\n|switch|p1a: Tatsugiri|Tatsugiri, L50, F|100\/100\n|-activate|p1a: Tatsugiri|ability: Commander|[of] p1b: Dondozo\n|-boost|p1b: Dondozo|atk|2\n|-boost|p1b: Dondozo|spa|2\n|-boost|p1b: Dondozo|spe|2\n|-boost|p1b: Dondozo|def|2\n|-boost|p1b: Dondozo|spd|2\n|-terastallize|p1b: Dondozo|Grass\n|move|p2a: Calyrex|Protect|p2a: Calyrex\n|-singleturn|p2a: Calyrex|Protect\n|move|p1b: Dondozo|Wave Crash|p2a: Calyrex\n|-activate|p2a: Calyrex|move: Protect\n|move|p2b: Raging Bolt|Electroweb|p1a: Tatsugiri|[spread] p1b\n|-miss|p2b: Raging Bolt|p1a: Tatsugiri\n|-resisted|p1b: Dondozo\n|-damage|p1b: Dondozo|95\/100\n|-unboost|p1b: Dondozo|spe|1\n|\n|-heal|p2a: Calyrex|47\/100|[from] Grassy Terrain\n|-heal|p2b: Raging Bolt|97\/100|[from] Grassy Terrain\n|-heal|p1b: Dondozo|100\/100|[from] Grassy Terrain\n|upkeep\n|turn|4\n|inactive|Blueaquajet3 has 30 seconds left.\n|\n|t:|1737235544\n|move|p2a: Calyrex|Astral Barrage|p1b: Dondozo|[spread] p1b\n|-miss|p2a: Calyrex|p1a: Tatsugiri\n|-damage|p1b: Dondozo|71\/100\n|move|p1b: Dondozo|Order Up|p2b: Raging Bolt\n|-supereffective|p2b: Raging Bolt\n|-damage|p2b: Raging Bolt|22\/100\n|-boost|p1b: Dondozo|atk|1\n|move|p2b: Raging Bolt|Electroweb|p1a: Tatsugiri|[spread] p1b\n|-miss|p2b: Raging Bolt|p1a: Tatsugiri\n|-resisted|p1b: Dondozo\n|-damage|p1b: Dondozo|66\/100\n|-unboost|p1b: Dondozo|spe|1\n|\n|-heal|p2a: Calyrex|53\/100|[from] Grassy Terrain\n|-heal|p2b: Raging Bolt|27\/100|[from] Grassy Terrain\n|-heal|p1b: Dondozo|72\/100|[from] Grassy Terrain\n|-heal|p1b: Dondozo|78\/100|[from] item: Leftovers\n|upkeep\n|turn|5\n|inactive|superduce2 has 30 seconds left.\n|\n|t:|1737235577\n|move|p2a: Calyrex|Calm Mind|p2a: Calyrex\n|-boost|p2a: Calyrex|spa|1\n|-boost|p2a: Calyrex|spd|1\n|move|p2b: Raging Bolt|Draco Meteor|p1b: Dondozo\n|-damage|p1b: Dondozo|40\/100\n|-unboost|p2b: Raging Bolt|spa|2\n|move|p1b: Dondozo|Wave Crash|p2a: Calyrex\n|-crit|p2a: Calyrex\n|-damage|p2a: Calyrex|0 fnt\n|faint|p2a: Calyrex\n|-damage|p1b: Dondozo|25\/100|[from] Recoil\n|\n|-heal|p2b: Raging Bolt|33\/100|[from] Grassy Terrain\n|-heal|p1b: Dondozo|31\/100|[from] Grassy Terrain\n|-heal|p1b: Dondozo|38\/100|[from] item: Leftovers\n|-fieldend|move: Grassy Terrain\n|upkeep\n|\n|t:|1737235586\n|switch|p2a: Clefairy|Clefairy, L50, F|100\/100\n|turn|6\n|inactive|superduce2 has 30 seconds left.\n|\n|t:|1737235612\n|move|p2a: Clefairy|Follow Me|p2a: Clefairy\n|-singleturn|p2a: Clefairy|move: Follow Me\n|move|p2b: Raging Bolt|Draco Meteor|p1b: Dondozo\n|-damage|p1b: Dondozo|1\/100\n|-unboost|p2b: Raging Bolt|spa|2\n|move|p1b: Dondozo|Wave Crash|p2a: Clefairy\n|-damage|p2a: Clefairy|2\/100\n|-damage|p1b: Dondozo|0 fnt|[from] Recoil\n|faint|p1b: Dondozo\n|\n|upkeep\n|\n|t:|1737235628\n|switch|p1b: Chi-Yu|Chi-Yu, L50|58\/100\n|-ability|p1b: Chi-Yu|Beads of Ruin\n|turn|7\n|inactive|Blueaquajet3 has 30 seconds left.\n|\n|t:|1737235655\n|move|p2a: Clefairy|Protect|p2a: Clefairy\n|-singleturn|p2a: Clefairy|Protect\n|move|p2b: Raging Bolt|Thunderclap|p1b: Chi-Yu\n|-damage|p1b: Chi-Yu|42\/100\n|move|p1a: Tatsugiri|Icy Wind|p2a: Clefairy|[spread] p2b\n|-activate|p2a: Clefairy|move: Protect\n|-supereffective|p2b: Raging Bolt\n|-damage|p2b: Raging Bolt|20\/100\n|-unboost|p2b: Raging Bolt|spe|1\n|move|p1b: Chi-Yu|Dark Pulse|p2b: Raging Bolt\n|-damage|p2b: Raging Bolt|0 fnt\n|faint|p2b: Raging Bolt\n|-end|p2b: Raging Bolt|Protosynthesis|[silent]\n|\n|upkeep\n|\n|t:|1737235662\n|switch|p2b: Rillaboom|Rillaboom, L50, F|100\/100\n|-fieldstart|move: Grassy Terrain|[from] ability: Grassy Surge|[of] p2b: Rillaboom\n|turn|8\n|\n|t:|1737235675\n|move|p2a: Clefairy|Helping Hand|p2b: Rillaboom\n|-singleturn|p2b: Rillaboom|Helping Hand|[of] p2a: Clefairy\n|move|p1b: Chi-Yu|Protect|p1b: Chi-Yu\n|-singleturn|p1b: Chi-Yu|Protect\n|move|p2b: Rillaboom|Grassy Glide|p1b: Chi-Yu\n|-activate|p1b: Chi-Yu|move: Protect\n|move|p1a: Tatsugiri|Icy Wind|p2b: Rillaboom|[spread] p2a,p2b\n|-supereffective|p2b: Rillaboom\n|-damage|p2a: Clefairy|0 fnt\n|-damage|p2b: Rillaboom|73\/100\n|-unboost|p2b: Rillaboom|spe|1\n|faint|p2a: Clefairy\n|\n|-heal|p1b: Chi-Yu|48\/100|[from] Grassy Terrain\n|-heal|p2b: Rillaboom|79\/100|[from] Grassy Terrain\n|upkeep\n|turn|9\n|-message|Blueaquajet3 forfeited.\n|\n|win|superduce2\n|raw|superduce2's rating: 1523 &rarr; <strong>1544<\/strong><br \/>(+21 for winning)\n|raw|Blueaquajet3's rating: 1548 &rarr; <strong>1527<\/strong><br \/>(-21 for losing)\n|l|\u2606Blueaquajet3\n|player|p2|\n|l|\u2606superduce2\n|player|p1|\n","uploadtime":1737235930,"views":13,"formatid":"gen9vgc2025regg","rating":1527,"private":0,"password":null}