{"id":"gen9vgc2025regg-2283693146","format":"[Gen 9] VGC 2025 Reg G","players":["Gene10","DimensionalFool"],"log":"|j|\u2606Gene10\n|j|\u2606DimensionalFool\n|t:|1737240423\n|gametype|doubles\n|player|p1|Gene10|170|1640\n|player|p2|DimensionalFool|steven|1574\n|teamsize|p1|6\n|teamsize|p2|6\n|gen|9\n|tier|[Gen 9] VGC 2025 Reg G\n|rated|\n|rule|Species Clause: Limit one of each Pok\u00e9mon\n|rule|Item Clause: Limit 1 of each item\n|clearpoke\n|poke|p1|Calyrex-Ice, L50|\n|poke|p1|Urshifu-*, L50, M|\n|poke|p1|Raging Bolt, L50|\n|poke|p1|Rillaboom, L50, M|\n|poke|p1|Pelipper, L50, M|\n|poke|p1|Farigiraf, L50, M|\n|poke|p2|Grimmsnarl, L50, M|\n|poke|p2|Landorus, L50, M|\n|poke|p2|Calyrex-Ice, L50|\n|poke|p2|Pelipper, L50, M|\n|poke|p2|Urshifu-*, L50, M|\n|poke|p2|Amoonguss, L50, F|\n|teampreview|4\n|inactive|Battle timer is ON: inactive players will automatically lose when time's up. (requested by DimensionalFool)\n|inactive|Gene10 also wants the timer to be on.\n|\n|t:|1737240443\n|start\n|switch|p1a: Calyrex|Calyrex-Ice, L50|100\/100\n|switch|p1b: Urshifu|Urshifu-Rapid-Strike, L50, M|100\/100\n|switch|p2a: Amoonguss|Amoonguss, L50, F|100\/100\n|switch|p2b: Calyrex|Calyrex-Ice, L50|100\/100\n|-ability|p2b: Calyrex|As One\n|-ability|p2b: Calyrex|Unnerve\n|-ability|p1a: Calyrex|As One\n|-ability|p1a: Calyrex|Unnerve\n|turn|1\n|\n|t:|1737240462\n|-terastallize|p2a: Amoonguss|Water\n|move|p1b: Urshifu|Coaching|p1a: Calyrex\n|-boost|p1a: Calyrex|atk|1\n|-boost|p1a: Calyrex|def|1\n|move|p2b: Calyrex|Seed Bomb|p1b: Urshifu\n|-supereffective|p1b: Urshifu\n|-damage|p1b: Urshifu|25\/100\n|move|p1a: Calyrex|Imprison|p1a: Calyrex\n|-start|p1a: Calyrex|move: Imprison\n|move|p2a: Amoonguss|Spore|p1a: Calyrex\n|-status|p1a: Calyrex|slp|[from] move: Spore\n|\n|upkeep\n|turn|2\n|j| imstuckat1300\n|inactive|DimensionalFool has 30 seconds left.\n|\n|t:|1737240491\n|move|p2a: Amoonguss|Rage Powder|p2a: Amoonguss\n|-singleturn|p2a: Amoonguss|move: Rage Powder\n|move|p1b: Urshifu|Coaching|p1a: Calyrex\n|-boost|p1a: Calyrex|atk|1\n|-boost|p1a: Calyrex|def|1\n|move|p2b: Calyrex|Seed Bomb|p1b: Urshifu\n|-supereffective|p1b: Urshifu\n|-damage|p1b: Urshifu|0 fnt\n|faint|p1b: Urshifu\n|-ability|p2b: Calyrex|Chilling Neigh|boost\n|-boost|p2b: Calyrex|atk|1\n|cant|p1a: Calyrex|slp\n|\n|upkeep\n|\n|t:|1737240500\n|switch|p1b: Rillaboom|Rillaboom, L50, M|100\/100\n|-fieldstart|move: Grassy Terrain|[from] ability: Grassy Surge|[of] p1b: Rillaboom\n|turn|3\n|\n|t:|1737240522\n|move|p1b: Rillaboom|Fake Out|p2b: Calyrex\n|-damage|p2b: Calyrex|92\/100\n|cant|p2b: Calyrex|flinch\n|-curestatus|p1a: Calyrex|slp|[msg]\n|move|p1a: Calyrex|Glacial Lance|p2b: Calyrex|[spread] p2a,p2b\n|-resisted|p2a: Amoonguss\n|-resisted|p2b: Calyrex\n|-damage|p2a: Amoonguss|36\/100\n|-damage|p2b: Calyrex|56\/100\n|move|p2a: Amoonguss|Clear Smog|p1a: Calyrex\n|-damage|p1a: Calyrex|90\/100\n|-clearboost|p1a: Calyrex\n|\n|-heal|p2b: Calyrex|62\/100|[from] Grassy Terrain\n|-heal|p1a: Calyrex|96\/100|[from] Grassy Terrain\n|-heal|p2a: Amoonguss|42\/100|[from] Grassy Terrain\n|upkeep\n|turn|4\n|\n|t:|1737240544\n|move|p1b: Rillaboom|Grassy Glide|p2a: Amoonguss\n|-supereffective|p2a: Amoonguss\n|-damage|p2a: Amoonguss|0 fnt\n|-damage|p1b: Rillaboom|84\/100|[from] item: Rocky Helmet|[of] p2a: Amoonguss\n|faint|p2a: Amoonguss\n|move|p2b: Calyrex|Throat Chop|p1a: Calyrex\n|-supereffective|p1a: Calyrex\n|-damage|p1a: Calyrex|29\/100\n|-start|p1a: Calyrex|Throat Chop|[silent]\n|move|p1a: Calyrex|Glacial Lance|p2b: Calyrex\n|-resisted|p2b: Calyrex\n|-damage|p2b: Calyrex|36\/100\n|\n|-heal|p1b: Rillaboom|90\/100|[from] Grassy Terrain\n|-heal|p2b: Calyrex|42\/100|[from] Grassy Terrain\n|-heal|p1a: Calyrex|35\/100|[from] Grassy Terrain\n|upkeep\n|l| imstuckat1300\n|\n|t:|1737240555\n|switch|p2a: Pelipper|Pelipper, L50, M|100\/100\n|-weather|RainDance|[from] ability: Drizzle|[of] p2a: Pelipper\n|turn|5\n|\n|t:|1737240562\n|move|p1a: Calyrex|Protect|p1a: Calyrex\n|-singleturn|p1a: Calyrex|Protect\n|move|p2a: Pelipper|Hurricane|p1b: Rillaboom\n|-supereffective|p1b: Rillaboom\n|-damage|p1b: Rillaboom|16\/100\n|-start|p1b: Rillaboom|confusion\n|-activate|p1b: Rillaboom|confusion\n|move|p1b: Rillaboom|U-turn|p2b: Calyrex\n|-supereffective|p2b: Calyrex\n|-damage|p2b: Calyrex|16\/100\n|\n|t:|1737240571\n|switch|p1b: Raging Bolt|Raging Bolt, L50|100\/100|[from] U-turn\n|-enditem|p1b: Raging Bolt|Booster Energy\n|-activate|p1b: Raging Bolt|ability: Protosynthesis|[fromitem]\n|-start|p1b: Raging Bolt|protosynthesisspa\n|move|p2b: Calyrex|Throat Chop|p1a: Calyrex\n|-activate|p1a: Calyrex|move: Protect\n|\n|-weather|RainDance|[upkeep]\n|-heal|p2b: Calyrex|22\/100|[from] Grassy Terrain\n|-heal|p1a: Calyrex|41\/100|[from] Grassy Terrain\n|-end|p1a: Calyrex|Throat Chop|[silent]\n|upkeep\n|turn|6\n|\n|t:|1737240590\n|move|p1b: Raging Bolt|Thunderbolt|p2b: Calyrex\n|-damage|p2b: Calyrex|0 fnt\n|faint|p2b: Calyrex\n|move|p2a: Pelipper|Weather Ball|p1a: Calyrex\n|-damage|p1a: Calyrex|0 fnt\n|faint|p1a: Calyrex\n|\n|-weather|RainDance|[upkeep]\n|upkeep\n|\n|t:|1737240596\n|switch|p2b: Landorus|Landorus, L50, M|100\/100\n|switch|p1a: Rillaboom|Rillaboom, L50, M|16\/100\n|turn|7\n|\n|t:|1737240607\n|move|p2b: Landorus|Protect|p2b: Landorus\n|-singleturn|p2b: Landorus|Protect\n|move|p1a: Rillaboom|Fake Out|p2b: Landorus\n|-activate|p2b: Landorus|move: Protect\n|move|p1b: Raging Bolt|Draco Meteor|p2b: Landorus\n|-activate|p2b: Landorus|move: Protect\n|move|p2a: Pelipper|Hurricane|p1a: Rillaboom\n|-supereffective|p1a: Rillaboom\n|-damage|p1a: Rillaboom|0 fnt\n|faint|p1a: Rillaboom\n|\n|-weather|RainDance|[upkeep]\n|-fieldend|move: Grassy Terrain\n|upkeep\n|turn|8\n|-message|Gene10 forfeited.\n|\n|win|DimensionalFool\n|raw|Gene10's rating: 1640 &rarr; <strong>1616<\/strong><br \/>(-24 for losing)\n|raw|DimensionalFool's rating: 1574 &rarr; <strong>1598<\/strong><br \/>(+24 for winning)\n|l|\u2606Gene10\n|player|p1|\n|l|\u2606DimensionalFool\n|player|p2|\n","uploadtime":1737240881,"views":27,"formatid":"gen9vgc2025regg","rating":1598,"private":0,"password":null}