{"id":"gen9vgc2025regg-2283109229","format":"[Gen 9] VGC 2025 Reg G","players":["ApateuApateuApateu","Acblade"],"log":"|j|\u2606ApateuApateuApateu\n|j|\u2606Acblade\n|t:|1737149966\n|gametype|doubles\n|player|p1|ApateuApateuApateu|steven|1548\n|player|p2|Acblade|lucas|1645\n|teamsize|p1|6\n|teamsize|p2|6\n|gen|9\n|tier|[Gen 9] VGC 2025 Reg G\n|rated|\n|rule|Species Clause: Limit one of each Pok\u00e9mon\n|rule|Item Clause: Limit 1 of each item\n|clearpoke\n|poke|p1|Calyrex-Ice, L50|\n|poke|p1|Urshifu-*, L50, M|\n|poke|p1|Pelipper, L50, F|\n|poke|p1|Raging Bolt, L50|\n|poke|p1|Incineroar, L50, M|\n|poke|p1|Amoonguss, L50, F|\n|poke|p2|Tornadus, L50, M|\n|poke|p2|Chi-Yu, L50|\n|poke|p2|Flutter Mane, L50|\n|poke|p2|Koraidon, L50|\n|poke|p2|Raging Bolt, L50|\n|poke|p2|Farigiraf, L50, M|\n|teampreview|4\n|inactive|Battle timer is ON: inactive players will automatically lose when time's up. (requested by Acblade)\n|inactive|ApateuApateuApateu has 60 seconds left.\n|\n|t:|1737150018\n|start\n|switch|p1a: Urshifu|Urshifu-Rapid-Strike, L50, M|100\/100\n|switch|p1b: Incineroar|Incineroar, L50, M|100\/100\n|switch|p2a: Farigiraf|Farigiraf, L50, M|100\/100\n|switch|p2b: Koraidon|Koraidon, L50|100\/100\n|-weather|SunnyDay|[from] ability: Orichalcum Pulse|[of] p2b: Koraidon\n|-activate|p2b: Koraidon|Orichalcum Pulse|[source]\n|-ability|p1b: Incineroar|Intimidate|boost\n|-unboost|p2a: Farigiraf|atk|1\n|-unboost|p2b: Koraidon|atk|1\n|turn|1\n|\n|t:|1737150034\n|switch|p1b: Pelipper|Pelipper, L50, F|100\/100\n|-weather|RainDance|[from] ability: Drizzle|[of] p1b: Pelipper\n|-terastallize|p2a: Farigiraf|Water\n|move|p1a: Urshifu|U-turn|p2a: Farigiraf\n|-damage|p2a: Farigiraf|81\/100\n|-damage|p1a: Urshifu|84\/100|[from] item: Rocky Helmet|[of] p2a: Farigiraf\n|\n|t:|1737150044\n|switch|p1a: Incineroar|Incineroar, L50, M|100\/100|[from] U-turn\n|-ability|p1a: Incineroar|Intimidate|boost\n|-unboost|p2a: Farigiraf|atk|1\n|-unboost|p2b: Koraidon|atk|1\n|move|p2b: Koraidon|U-turn|p1b: Pelipper\n|-resisted|p1b: Pelipper\n|-damage|p1b: Pelipper|88\/100\n|\n|t:|1737150055\n|switch|p2b: Raging Bolt|Raging Bolt, L50|100\/100|[from] U-turn\n|move|p2a: Farigiraf|Psychic|p1a: Incineroar\n|-immune|p1a: Incineroar\n|\n|-weather|RainDance|[upkeep]\n|upkeep\n|turn|2\n|\n|t:|1737150074\n|move|p1b: Pelipper|Protect|p1b: Pelipper\n|-singleturn|p1b: Pelipper|Protect\n|move|p2b: Raging Bolt|Volt Switch|p1b: Pelipper\n|-activate|p1b: Pelipper|move: Protect\n|move|p1a: Incineroar|Parting Shot|p2b: Raging Bolt\n|-unboost|p2b: Raging Bolt|atk|1\n|-unboost|p2b: Raging Bolt|spa|1\n|j| Therazer456\n|\n|t:|1737150085\n|switch|p1a: Calyrex|Calyrex-Ice, L50|100\/100|[from] Parting Shot\n|-ability|p1a: Calyrex|As One\n|-ability|p1a: Calyrex|Unnerve\n|move|p2a: Farigiraf|Imprison|p2a: Farigiraf\n|-start|p2a: Farigiraf|move: Imprison\n|\n|-weather|RainDance|[upkeep]\n|upkeep\n|turn|3\n|\n|t:|1737150103\n|switch|p1b: Incineroar|Incineroar, L50, M|100\/100\n|-ability|p1b: Incineroar|Intimidate|boost\n|-unboost|p2a: Farigiraf|atk|1\n|-unboost|p2b: Raging Bolt|atk|1\n|move|p2b: Raging Bolt|Draco Meteor|p1a: Calyrex\n|-damage|p1a: Calyrex|60\/100\n|-unboost|p2b: Raging Bolt|spa|2\n|-damage|p2b: Raging Bolt|91\/100|[from] item: Life Orb\n|move|p2a: Farigiraf|Psychic|p1a: Calyrex\n|-resisted|p1a: Calyrex\n|-damage|p1a: Calyrex|49\/100\n|move|p1a: Calyrex|Glacial Lance|p2b: Raging Bolt|[spread] p2a,p2b\n|-resisted|p2a: Farigiraf\n|-supereffective|p2b: Raging Bolt\n|-damage|p2a: Farigiraf|60\/100\n|-damage|p2b: Raging Bolt|0 fnt\n|faint|p2b: Raging Bolt\n|-end|p2b: Raging Bolt|Protosynthesis|[silent]\n|-ability|p1a: Calyrex|Chilling Neigh|boost\n|-boost|p1a: Calyrex|atk|1\n|\n|-weather|RainDance|[upkeep]\n|upkeep\n|\n|t:|1737150125\n|switch|p2b: Flutter Mane|Flutter Mane, L50|100\/100\n|turn|4\n|inactive|ApateuApateuApateu has 30 seconds left.\n|inactive|Acblade has 30 seconds left.\n|inactive|Acblade has 20 seconds left.\n|\n|t:|1737150172\n|move|p2b: Flutter Mane|Moonblast|p1a: Calyrex\n|-damage|p1a: Calyrex|0 fnt\n|faint|p1a: Calyrex\n|move|p1b: Incineroar|Parting Shot|p2a: Farigiraf\n|-unboost|p2a: Farigiraf|atk|1\n|-unboost|p2a: Farigiraf|spa|1\n|\n|t:|1737150195\n|switch|p1b: Pelipper|Pelipper, L50, F|88\/100|[from] Parting Shot\n|move|p2a: Farigiraf|Psychic|p1b: Pelipper\n|-damage|p1b: Pelipper|42\/100\n|\n|-weather|RainDance|[upkeep]\n|upkeep\n|\n|t:|1737150205\n|switch|p1a: Urshifu|Urshifu-Rapid-Strike, L50, M|84\/100\n|turn|5\n|\n|t:|1737150228\n|switch|p1b: Incineroar|Incineroar, L50, M|100\/100\n|-ability|p1b: Incineroar|Intimidate|boost\n|-unboost|p2a: Farigiraf|atk|1\n|-unboost|p2b: Flutter Mane|atk|1\n|switch|p2a: Koraidon|Koraidon, L50|100\/100\n|-weather|SunnyDay|[from] ability: Orichalcum Pulse|[of] p2a: Koraidon\n|-activate|p2b: Flutter Mane|ability: Protosynthesis\n|-start|p2b: Flutter Mane|protosynthesisspe\n|-activate|p2a: Koraidon|Orichalcum Pulse|[source]\n|move|p2b: Flutter Mane|Moonblast|p1a: Urshifu\n|-supereffective|p1a: Urshifu\n|-damage|p1a: Urshifu|0 fnt\n|faint|p1a: Urshifu\n|\n|-weather|SunnyDay|[upkeep]\n|upkeep\n|\n|t:|1737150242\n|switch|p1a: Pelipper|Pelipper, L50, F|42\/100\n|-weather|RainDance|[from] ability: Drizzle|[of] p1a: Pelipper\n|-end|p2b: Flutter Mane|Protosynthesis\n|turn|6\n|l| Therazer456\n|j| Therazer456\n|l| Therazer456\n|inactive|ApateuApateuApateu has 30 seconds left.\n|-message|ApateuApateuApateu forfeited.\n|\n|win|Acblade\n|raw|ApateuApateuApateu's rating: 1548 &rarr; <strong>1533<\/strong><br \/>(-15 for losing)\n|raw|Acblade's rating: 1645 &rarr; <strong>1660<\/strong><br \/>(+15 for winning)\n|l|\u2606ApateuApateuApateu\n|player|p1|\n|l|\u2606Acblade\n|player|p2|\n","uploadtime":1737150470,"views":9,"formatid":"gen9vgc2025regg","rating":1533,"private":0,"password":null}