{"id":"gen9vgc2025regg-2283156954","format":"[Gen 9] VGC 2025 Reg G","players":["Witness343","ApateuApateuApateu"],"log":"|j|\u203dWitness343\n|j|\u2606ApateuApateuApateu\n|t:|1737155925\n|gametype|doubles\n|player|p1|Witness343|1|1561\n|player|p2|ApateuApateuApateu|steven|1598\n|teamsize|p1|6\n|teamsize|p2|6\n|gen|9\n|tier|[Gen 9] VGC 2025 Reg G\n|rated|\n|rule|Species Clause: Limit one of each Pok\u00e9mon\n|rule|Item Clause: Limit 1 of each item\n|clearpoke\n|poke|p1|Zacian-*, L50|\n|poke|p1|Rillaboom, L50, M|\n|poke|p1|Gouging Fire, L50|\n|poke|p1|Tornadus, L50, M|\n|poke|p1|Landorus, L50, M|\n|poke|p1|Chien-Pao, L50|\n|poke|p2|Calyrex-Ice, L50|\n|poke|p2|Urshifu-*, L50, M|\n|poke|p2|Pelipper, L50, M|\n|poke|p2|Raging Bolt, L50|\n|poke|p2|Incineroar, L50, F|\n|poke|p2|Amoonguss, L50, M|\n|teampreview|4\n|\n|t:|1737156000\n|start\n|switch|p1a: Gouging Fire|Gouging Fire, L50|100\/100\n|switch|p1b: Zacian|Zacian-Crowned, L50|100\/100\n|switch|p2a: Urshifu|Urshifu-Rapid-Strike, L50, M|100\/100\n|switch|p2b: Incineroar|Incineroar, L50, F|100\/100\n|-ability|p1b: Zacian|Intrepid Sword|boost\n|-boost|p1b: Zacian|atk|1\n|-ability|p2b: Incineroar|Intimidate|boost\n|-unboost|p1a: Gouging Fire|atk|1\n|-unboost|p1b: Zacian|atk|1\n|-enditem|p1a: Gouging Fire|Booster Energy\n|-activate|p1a: Gouging Fire|ability: Protosynthesis|[fromitem]\n|-start|p1a: Gouging Fire|protosynthesisspe\n|turn|1\n|\n|t:|1737156024\n|move|p2b: Incineroar|Fake Out|p1a: Gouging Fire\n|-damage|p1a: Gouging Fire|92\/100\n|cant|p1a: Gouging Fire|flinch\n|move|p2a: Urshifu|Surging Strikes|p1a: Gouging Fire\n|-crit|p1a: Gouging Fire\n|-damage|p1a: Gouging Fire|76\/100\n|-crit|p1a: Gouging Fire\n|-damage|p1a: Gouging Fire|60\/100\n|-crit|p1a: Gouging Fire\n|-damage|p1a: Gouging Fire|43\/100\n|-hitcount|p1a: Gouging Fire|3\n|move|p1b: Zacian|Play Rough|p2a: Urshifu\n|-supereffective|p2a: Urshifu\n|-damage|p2a: Urshifu|10\/100\n|\n|upkeep\n|turn|2\n|\n|t:|1737156049\n|move|p1a: Gouging Fire|Breaking Swipe|p2a: Urshifu|[spread] p2a,p2b\n|-damage|p2a: Urshifu|0 fnt\n|-damage|p2b: Incineroar|93\/100\n|-unboost|p2b: Incineroar|atk|1\n|-damage|p1a: Gouging Fire|27\/100|[from] item: Rocky Helmet|[of] p2b: Incineroar\n|faint|p2a: Urshifu\n|move|p1b: Zacian|Sacred Sword|p2b: Incineroar\n|-supereffective|p2b: Incineroar\n|-damage|p2b: Incineroar|46\/100\n|-damage|p1b: Zacian|84\/100|[from] item: Rocky Helmet|[of] p2b: Incineroar\n|move|p2b: Incineroar|Parting Shot|p1a: Gouging Fire\n|-unboost|p1a: Gouging Fire|atk|1\n|-unboost|p1a: Gouging Fire|spa|1\n|\n|t:|1737156055\n|switch|p2b: Calyrex|Calyrex-Ice, L50|100\/100|[from] Parting Shot\n|-ability|p2b: Calyrex|As One\n|-ability|p2b: Calyrex|Unnerve\n|\n|upkeep\n|\n|t:|1737156059\n|switch|p2a: Incineroar|Incineroar, L50, F|46\/100\n|-ability|p2a: Incineroar|Intimidate|boost\n|-unboost|p1a: Gouging Fire|atk|1\n|-unboost|p1b: Zacian|atk|1\n|turn|3\n|\n|t:|1737156097\n|move|p1b: Zacian|Protect|p1b: Zacian\n|-singleturn|p1b: Zacian|Protect\n|move|p2a: Incineroar|Fake Out|p1b: Zacian\n|-activate|p1b: Zacian|move: Protect\n|move|p1a: Gouging Fire|Howl|p1a: Gouging Fire|[spread] p1a,p1b\n|-boost|p1a: Gouging Fire|atk|1\n|-boost|p1b: Zacian|atk|1\n|move|p2b: Calyrex|Trick Room|p2b: Calyrex\n|-fieldstart|move: Trick Room|[of] p2b: Calyrex\n|\n|upkeep\n|turn|4\n|\n|t:|1737156141\n|-terastallize|p2b: Calyrex|Grass\n|move|p2b: Calyrex|High Horsepower|p1b: Zacian\n|-supereffective|p1b: Zacian\n|-crit|p1b: Zacian\n|-damage|p1b: Zacian|0 fnt\n|faint|p1b: Zacian\n|-ability|p2b: Calyrex|Chilling Neigh|boost\n|-boost|p2b: Calyrex|atk|1\n|move|p2a: Incineroar|Parting Shot|p1a: Gouging Fire\n|-unboost|p1a: Gouging Fire|atk|1\n|-unboost|p1a: Gouging Fire|spa|1\n|\n|t:|1737156151\n|switch|p2a: Pelipper|Pelipper, L50, M|100\/100|[from] Parting Shot\n|-weather|RainDance|[from] ability: Drizzle|[of] p2a: Pelipper\n|move|p1a: Gouging Fire|Breaking Swipe|p2b: Calyrex|[spread] p2a,p2b\n|-damage|p2a: Pelipper|91\/100\n|-damage|p2b: Calyrex|96\/100\n|-unboost|p2a: Pelipper|atk|1\n|\n|-weather|RainDance|[upkeep]\n|upkeep\n|\n|t:|1737156158\n|switch|p1b: Rillaboom|Rillaboom, L50, M|100\/100\n|-fieldstart|move: Grassy Terrain|[from] ability: Grassy Surge|[of] p1b: Rillaboom\n|turn|5\n|\n|t:|1737156169\n|move|p2b: Calyrex|Glacial Lance|p1b: Rillaboom|[spread] p1a,p1b\n|-supereffective|p1b: Rillaboom\n|-damage|p1a: Gouging Fire|0 fnt\n|-damage|p1b: Rillaboom|0 fnt\n|faint|p1a: Gouging Fire\n|-end|p1a: Gouging Fire|Protosynthesis|[silent]\n|faint|p1b: Rillaboom\n|-ability|p2b: Calyrex|Chilling Neigh|boost\n|-boost|p2b: Calyrex|atk|2\n|move|p2a: Pelipper|Hurricane|p1: Gouging Fire|[notarget]\n|-fail|p2a: Pelipper\n|\n|-weather|RainDance|[upkeep]\n|-heal|p2b: Calyrex|100\/100|[from] Grassy Terrain\n|upkeep\n|-message|Witness343 forfeited.\n|\n|win|ApateuApateuApateu\n|raw|Witness343's rating: 1561 &rarr; <strong>1543<\/strong><br \/>(-18 for losing)\n|raw|ApateuApateuApateu's rating: 1598 &rarr; <strong>1616<\/strong><br \/>(+18 for winning)\n|l|\u203dWitness343\n|player|p1|\n|l|\u2606ApateuApateuApateu\n|player|p2|\n","uploadtime":1737156346,"views":19,"formatid":"gen9vgc2025regg","rating":1543,"private":0,"password":null}