{"id":"gen9vgc2025regg-2283922773","format":"[Gen 9] VGC 2025 Reg G","players":["TerpisKora","AIM yon1995"],"log":"|j|\u2606TerpisKora\n|j|\u2606AIM yon1995\n|t:|1737276316\n|gametype|doubles\n|player|p1|TerpisKora|policeman-gen4|1608\n|player|p2|AIM yon1995|169|1589\n|teamsize|p1|6\n|teamsize|p2|6\n|gen|9\n|tier|[Gen 9] VGC 2025 Reg G\n|rated|\n|rule|Species Clause: Limit one of each Pok\u00e9mon\n|rule|Item Clause: Limit 1 of each item\n|clearpoke\n|poke|p1|Brute Bonnet, L50|\n|poke|p1|Dondozo, L50, M|\n|poke|p1|Flutter Mane, L50|\n|poke|p1|Indeedee-F, L50, F|\n|poke|p1|Heatran, L50, F|\n|poke|p1|Koraidon, L50|\n|poke|p2|Terapagos, L50, M|\n|poke|p2|Smeargle, L50, F|\n|poke|p2|Tornadus, L50, M|\n|poke|p2|Ogerpon-Hearthflame, L50, F|\n|poke|p2|Dondozo, L50, F|\n|poke|p2|Tatsugiri-Stretchy, L50, F|\n|teampreview|4\n|\n|t:|1737276343\n|start\n|switch|p1a: Brute Bonnet|Brute Bonnet, L50|100\/100\n|switch|p1b: Flutter Mane|Flutter Mane, L50|100\/100\n|switch|p2a: Terapagos|Terapagos, L50, M|100\/100\n|switch|p2b: Tornadus|Tornadus, L50, M|100\/100\n|-activate|p2a: Terapagos|ability: Tera Shift\n|detailschange|p2a: Terapagos|Terapagos-Terastal, L50, M\n|-heal|p2a: Terapagos|100\/100|[silent]\n|turn|1\n|inactive|Battle timer is ON: inactive players will automatically lose when time's up. (requested by AIM yon1995)\n|\n|t:|1737276362\n|-terastallize|p2a: Terapagos|Stellar\n|detailschange|p2a: Terapagos|Terapagos-Stellar, L50, M, tera:Stellar\n|-heal|p2a: Terapagos|100\/100|[silent]\n|move|p1b: Flutter Mane|Moonblast|p2b: Tornadus\n|-damage|p2b: Tornadus|44\/100\n|move|p2b: Tornadus|Bleakwind Storm|p1a: Brute Bonnet|[spread] p1a,p1b\n|-supereffective|p1a: Brute Bonnet\n|-damage|p1a: Brute Bonnet|51\/100\n|-damage|p1b: Flutter Mane|67\/100\n|move|p2a: Terapagos|Tera Starstorm|p1a: Brute Bonnet|[spread] p1a,p1b\n|-crit|p1a: Brute Bonnet\n|-damage|p1a: Brute Bonnet|0 fnt\n|-damage|p1b: Flutter Mane|0 fnt\n|faint|p1a: Brute Bonnet\n|-end|p1a: Brute Bonnet|Protosynthesis|[silent]\n|faint|p1b: Flutter Mane\n|-end|p1b: Flutter Mane|Protosynthesis|[silent]\n|\n|upkeep\n|\n|t:|1737276381\n|switch|p1b: Koraidon|Koraidon, L50|100\/100\n|switch|p1a: Dondozo|Dondozo, L50, M|100\/100\n|-weather|SunnyDay|[from] ability: Orichalcum Pulse|[of] p1b: Koraidon\n|-activate|p1b: Koraidon|Orichalcum Pulse|[source]\n|turn|2\n|\n|t:|1737276393\n|move|p2b: Tornadus|Tailwind|p2b: Tornadus\n|-sidestart|p2: AIM yon1995|move: Tailwind\n|move|p2a: Terapagos|Tera Starstorm|p1a: Dondozo|[spread] p1a,p1b\n|-damage|p1a: Dondozo|60\/100\n|-damage|p1b: Koraidon|49\/100\n|move|p1b: Koraidon|Collision Course|p2a: Terapagos\n|-supereffective|p2a: Terapagos\n|-damage|p2a: Terapagos|0 fnt\n|faint|p2a: Terapagos\n|move|p1a: Dondozo|Yawn|p2b: Tornadus\n|-start|p2b: Tornadus|move: Yawn|[of] p1a: Dondozo\n|\n|-weather|SunnyDay|[upkeep]\n|-heal|p1a: Dondozo|66\/100|[from] item: Leftovers\n|upkeep\n|j| mr pogostick\n|\n|t:|1737276406\n|switch|p2a: Ogerpon|Ogerpon-Hearthflame, L50, F|100\/100\n|-ability|p2a: Ogerpon|Mold Breaker\n|turn|3\n|\n|t:|1737276421\n|move|p1b: Koraidon|Protect|p1b: Koraidon\n|-singleturn|p1b: Koraidon|Protect\n|move|p1a: Dondozo|Protect|p1a: Dondozo\n|-singleturn|p1a: Dondozo|Protect\n|move|p2b: Tornadus|Bleakwind Storm|p1a: Dondozo|[spread] \n|-activate|p1a: Dondozo|move: Protect\n|-activate|p1b: Koraidon|move: Protect\n|move|p2a: Ogerpon|Wood Hammer|p1a: Dondozo\n|-activate|p1a: Dondozo|move: Protect\n|\n|-weather|SunnyDay|[upkeep]\n|-heal|p1a: Dondozo|72\/100|[from] item: Leftovers\n|-end|p2b: Tornadus|move: Yawn|[silent]\n|-status|p2b: Tornadus|slp\n|upkeep\n|turn|4\n|inactive|TerpisKora has 30 seconds left.\n|\n|t:|1737276448\n|-terastallize|p1a: Dondozo|Poison\n|cant|p2b: Tornadus|slp\n|move|p2a: Ogerpon|Ivy Cudgel|p1b: Koraidon|[anim] Ivy Cudgel Fire\n|-resisted|p1b: Koraidon\n|-damage|p1b: Koraidon|13\/100\n|move|p1b: Koraidon|Scale Shot|p2b: Tornadus\n|-damage|p2b: Tornadus|23\/100 slp\n|-damage|p2b: Tornadus|0 fnt\n|faint|p2b: Tornadus\n|-hitcount|p2: Tornadus|2\n|-unboost|p1b: Koraidon|def|1\n|-boost|p1b: Koraidon|spe|1\n|move|p1a: Dondozo|Yawn|p2a: Ogerpon\n|-start|p2a: Ogerpon|move: Yawn|[of] p1a: Dondozo\n|\n|-weather|SunnyDay|[upkeep]\n|-heal|p1a: Dondozo|79\/100|[from] item: Leftovers\n|upkeep\n|\n|t:|1737276465\n|switch|p2b: Smeargle|Smeargle, L50, F|100\/100\n|turn|5\n|\n|t:|1737276482\n|move|p1b: Koraidon|Protect|p1b: Koraidon\n|-singleturn|p1b: Koraidon|Protect\n|move|p1a: Dondozo|Protect|p1a: Dondozo\n|-singleturn|p1a: Dondozo|Protect\n|move|p2a: Ogerpon|Ivy Cudgel|p1a: Dondozo|[anim] Ivy Cudgel Fire\n|-activate|p1a: Dondozo|move: Protect\n|move|p2b: Smeargle|Spore|p1a: Dondozo\n|-activate|p1a: Dondozo|move: Protect\n|\n|-weather|SunnyDay|[upkeep]\n|-heal|p1a: Dondozo|85\/100|[from] item: Leftovers\n|-end|p2a: Ogerpon|move: Yawn|[silent]\n|-status|p2a: Ogerpon|slp\n|-sideend|p2: AIM yon1995|move: Tailwind\n|-ability|p2b: Smeargle|Moody|boost\n|-boost|p2b: Smeargle|spe|2\n|-unboost|p2b: Smeargle|atk|1\n|upkeep\n|turn|6\n|inactive|TerpisKora has 30 seconds left.\n|\n|t:|1737276513\n|move|p2b: Smeargle|Spore|p1b: Koraidon\n|-status|p1b: Koraidon|slp|[from] move: Spore\n|cant|p1b: Koraidon|slp\n|cant|p2a: Ogerpon|slp\n|move|p1a: Dondozo|Yawn|p2b: Smeargle\n|-start|p2b: Smeargle|move: Yawn|[of] p1a: Dondozo\n|\n|-weather|none\n|-heal|p1a: Dondozo|91\/100|[from] item: Leftovers\n|-ability|p2b: Smeargle|Moody|boost\n|-boost|p2b: Smeargle|def|2\n|-unboost|p2b: Smeargle|spa|1\n|upkeep\n|turn|7\n|\n|t:|1737276534\n|move|p1a: Dondozo|Protect|p1a: Dondozo\n|-singleturn|p1a: Dondozo|Protect\n|move|p2b: Smeargle|Spore|p1a: Dondozo\n|-activate|p1a: Dondozo|move: Protect\n|-curestatus|p1b: Koraidon|slp|[msg]\n|move|p1b: Koraidon|Scale Shot|p2b: Smeargle\n|-damage|p2b: Smeargle|86\/100\n|-damage|p2b: Smeargle|71\/100\n|-damage|p2b: Smeargle|57\/100\n|-damage|p2b: Smeargle|43\/100\n|-hitcount|p2b: Smeargle|4\n|-unboost|p1b: Koraidon|def|1\n|-boost|p1b: Koraidon|spe|1\n|-curestatus|p2a: Ogerpon|slp|[msg]\n|move|p2a: Ogerpon|Ivy Cudgel|p1b: Koraidon|[anim] Ivy Cudgel Fire\n|-resisted|p1b: Koraidon\n|-damage|p1b: Koraidon|0 fnt\n|faint|p1b: Koraidon\n|\n|-heal|p1a: Dondozo|97\/100|[from] item: Leftovers\n|-end|p2b: Smeargle|move: Yawn|[silent]\n|-status|p2b: Smeargle|slp\n|-ability|p2b: Smeargle|Moody|boost\n|-boost|p2b: Smeargle|spd|2\n|-unboost|p2b: Smeargle|atk|1\n|upkeep\n|turn|8\n|inactive|TerpisKora has 30 seconds left.\n|inactive|AIM yon1995 has 30 seconds left.\n|\n|t:|1737276562\n|cant|p2b: Smeargle|slp\n|move|p2a: Ogerpon|Ivy Cudgel|p1a: Dondozo|[anim] Ivy Cudgel Fire\n|-damage|p1a: Dondozo|62\/100\n|move|p1a: Dondozo|Wave Crash|p2b: Smeargle\n|-damage|p2b: Smeargle|0 fnt\n|faint|p2b: Smeargle\n|-damage|p1a: Dondozo|55\/100|[from] Recoil\n|\n|-heal|p1a: Dondozo|61\/100|[from] item: Leftovers\n|upkeep\n|turn|9\n|\n|t:|1737276575\n|move|p1a: Dondozo|Protect|p1a: Dondozo\n|-singleturn|p1a: Dondozo|Protect\n|move|p2a: Ogerpon|Ivy Cudgel|p1a: Dondozo|[anim] Ivy Cudgel Fire\n|-activate|p1a: Dondozo|move: Protect\n|\n|-heal|p1a: Dondozo|68\/100|[from] item: Leftovers\n|upkeep\n|turn|10\n|j| nistaka\n|\n|t:|1737276584\n|move|p2a: Ogerpon|Ivy Cudgel|p1a: Dondozo|[anim] Ivy Cudgel Fire\n|-crit|p1a: Dondozo\n|-damage|p1a: Dondozo|13\/100\n|move|p1a: Dondozo|Yawn|p2a: Ogerpon\n|-start|p2a: Ogerpon|move: Yawn|[of] p1a: Dondozo\n|\n|-heal|p1a: Dondozo|19\/100|[from] item: Leftovers\n|upkeep\n|turn|11\n|\n|t:|1737276593\n|move|p1a: Dondozo|Protect|p1a: Dondozo\n|-singleturn|p1a: Dondozo|Protect\n|move|p2a: Ogerpon|Ivy Cudgel|p1a: Dondozo|[anim] Ivy Cudgel Fire\n|-activate|p1a: Dondozo|move: Protect\n|\n|-heal|p1a: Dondozo|25\/100|[from] item: Leftovers\n|-end|p2a: Ogerpon|move: Yawn|[silent]\n|-status|p2a: Ogerpon|slp\n|upkeep\n|turn|12\n|\n|t:|1737276603\n|cant|p2a: Ogerpon|slp\n|move|p1a: Dondozo|Wave Crash|p2a: Ogerpon\n|-damage|p2a: Ogerpon|52\/100 slp\n|-damage|p1a: Dondozo|14\/100|[from] Recoil\n|\n|-heal|p1a: Dondozo|20\/100|[from] item: Leftovers\n|upkeep\n|turn|13\n|\n|t:|1737276612\n|cant|p2a: Ogerpon|slp\n|move|p1a: Dondozo|Wave Crash|p2a: Ogerpon\n|-damage|p2a: Ogerpon|2\/100 slp\n|-damage|p1a: Dondozo|9\/100|[from] Recoil\n|\n|-heal|p1a: Dondozo|15\/100|[from] item: Leftovers\n|upkeep\n|turn|14\n|\n|t:|1737276621\n|-curestatus|p2a: Ogerpon|slp|[msg]\n|move|p2a: Ogerpon|Ivy Cudgel|p1a: Dondozo|[anim] Ivy Cudgel Fire\n|-damage|p1a: Dondozo|0 fnt\n|faint|p1a: Dondozo\n|\n|win|AIM yon1995\n|raw|TerpisKora's rating: 1608 &rarr; <strong>1587<\/strong><br \/>(-21 for losing)\n|raw|AIM yon1995's rating: 1589 &rarr; <strong>1610<\/strong><br \/>(+21 for winning)\n|l|\u2606AIM yon1995\n|player|p2|\n|l| mr pogostick\n","uploadtime":1737276755,"views":36,"formatid":"gen9vgc2025regg","rating":1587,"private":0,"password":null}