{"id":"gen9vgc2025regg-2283114342","format":"[Gen 9] VGC 2025 Reg G","players":["Sazandoramx","Axel316"],"log":"|j|\u2606Sazandoramx\n|j|\u2606Axel316\n|t:|1737150550\n|gametype|doubles\n|player|p1|Sazandoramx|1|1579\n|player|p2|Axel316|265|1574\n|teamsize|p1|6\n|teamsize|p2|6\n|gen|9\n|tier|[Gen 9] VGC 2025 Reg G\n|rated|\n|rule|Species Clause: Limit one of each Pok\u00e9mon\n|rule|Item Clause: Limit 1 of each item\n|clearpoke\n|poke|p1|Chien-Pao, L50|\n|poke|p1|Urshifu-*, L50, F|\n|poke|p1|Volcarona, L50, F|\n|poke|p1|Maushold-Four, L50|\n|poke|p1|Lunala, L50|\n|poke|p1|Rillaboom, L50, F|\n|poke|p2|Calyrex-Ice, L50|\n|poke|p2|Urshifu-*, L50, M|\n|poke|p2|Iron Hands, L50|\n|poke|p2|Latios, L50, M|\n|poke|p2|Pelipper, L50, F|\n|poke|p2|Archaludon, L50, M|\n|teampreview|4\n|inactive|Battle timer is ON: inactive players will automatically lose when time's up. (requested by Axel316)\n|j| Therazer456\n|\n|t:|1737150585\n|start\n|switch|p1a: Chien-Pao|Chien-Pao, L50|100\/100\n|switch|p1b: Rillaboom|Rillaboom, L50, F|100\/100\n|switch|p2a: Calyrex|Calyrex-Ice, L50|100\/100\n|switch|p2b: Latios|Latios, L50, M|100\/100\n|-ability|p2a: Calyrex|As One\n|-ability|p2a: Calyrex|Unnerve\n|-ability|p1a: Chien-Pao|Sword of Ruin\n|-fieldstart|move: Grassy Terrain|[from] ability: Grassy Surge|[of] p1b: Rillaboom\n|turn|1\n|inactive|Sazandoramx has 30 seconds left.\n|inactive|Axel316 has 30 seconds left.\n|inactive|Sazandoramx has 20 seconds left.\n|inactive|Sazandoramx has 15 seconds left.\n|\n|t:|1737150628\n|switch|p2b: Iron Hands|Iron Hands, L50|100\/100\n|-terastallize|p1b: Rillaboom|Fire\n|move|p1b: Rillaboom|Grassy Glide|p2b: Iron Hands\n|-damage|p2b: Iron Hands|70\/100\n|move|p1a: Chien-Pao|Icicle Crash|p2b: Iron Hands\n|-damage|p2b: Iron Hands|38\/100\n|move|p2a: Calyrex|Glacial Lance|p1b: Rillaboom|[spread] p1a,p1b\n|-resisted|p1a: Chien-Pao\n|-resisted|p1b: Rillaboom\n|-damage|p1a: Chien-Pao|64\/100\n|-damage|p1b: Rillaboom|63\/100\n|\n|-heal|p1a: Chien-Pao|70\/100|[from] Grassy Terrain\n|-heal|p1b: Rillaboom|69\/100|[from] Grassy Terrain\n|-heal|p2b: Iron Hands|44\/100|[from] Grassy Terrain\n|upkeep\n|turn|2\n|\n|t:|1737150651\n|move|p2b: Iron Hands|Fake Out|p1a: Chien-Pao\n|-damage|p1a: Chien-Pao|47\/100\n|cant|p1a: Chien-Pao|flinch\n|move|p1b: Rillaboom|Wood Hammer|p2a: Calyrex\n|-damage|p2a: Calyrex|29\/100\n|-damage|p1b: Rillaboom|44\/100|[from] Recoil\n|move|p2a: Calyrex|Trick Room|p2a: Calyrex\n|-fieldstart|move: Trick Room|[of] p2a: Calyrex\n|\n|-heal|p2b: Iron Hands|50\/100|[from] Grassy Terrain\n|-heal|p2a: Calyrex|35\/100|[from] Grassy Terrain\n|-heal|p1b: Rillaboom|50\/100|[from] Grassy Terrain\n|-heal|p1a: Chien-Pao|53\/100|[from] Grassy Terrain\n|upkeep\n|turn|3\n|inactive|Sazandoramx has 30 seconds left.\n|inactive|Sazandoramx has 20 seconds left.\n|inactive|Sazandoramx has 15 seconds left.\n|inactive|Sazandoramx has 10 seconds left.\n|inactive|Sazandoramx has 5 seconds left.\n|\n|t:|1737150703\n|switch|p1b: Urshifu|Urshifu-Rapid-Strike, L50, F|100\/100\n|switch|p1a: Lunala|Lunala, L50|100\/100\n|move|p2a: Calyrex|Protect|p2a: Calyrex\n|-singleturn|p2a: Calyrex|Protect\n|move|p2b: Iron Hands|Drain Punch|p1a: Lunala\n|-immune|p1a: Lunala\n|\n|-heal|p2a: Calyrex|41\/100|[from] Grassy Terrain\n|-heal|p2b: Iron Hands|56\/100|[from] Grassy Terrain\n|upkeep\n|turn|4\n|inactive|Sazandoramx has 30 seconds left.\n|inactive|Sazandoramx has 20 seconds left.\n|inactive|Sazandoramx has 15 seconds left.\n|inactive|Sazandoramx has 10 seconds left.\n|inactive|Sazandoramx has 5 seconds left.\n|\n|t:|1737150756\n|switch|p1b: Rillaboom|Rillaboom, L50, F, tera:Fire|50\/100\n|move|p2a: Calyrex|Glacial Lance|p1a: Lunala|[spread] p1a,p1b\n|-resisted|p1b: Rillaboom\n|-damage|p1a: Lunala|77\/100\n|-damage|p1b: Rillaboom|21\/100\n|move|p2b: Iron Hands|Wild Charge|p1a: Lunala\n|-damage|p1a: Lunala|39\/100\n|-damage|p2b: Iron Hands|48\/100|[from] Recoil\n|move|p1a: Lunala|Moonblast|p2b: Iron Hands\n|-supereffective|p2b: Iron Hands\n|-damage|p2b: Iron Hands|8\/100\n|\n|-heal|p2b: Iron Hands|14\/100|[from] Grassy Terrain\n|-heal|p2a: Calyrex|47\/100|[from] Grassy Terrain\n|-heal|p1b: Rillaboom|27\/100|[from] Grassy Terrain\n|-heal|p1a: Lunala|45\/100|[from] Grassy Terrain\n|-heal|p1a: Lunala|51\/100|[from] item: Leftovers\n|upkeep\n|turn|5\n|inactive|Sazandoramx has 30 seconds left.\n|inactive|Sazandoramx has 20 seconds left.\n|inactive|Sazandoramx has 15 seconds left.\n|inactive|Sazandoramx has 10 seconds left.\n|inactive|Sazandoramx has 5 seconds left.\n|\n|t:|1737150807\n|move|p1b: Rillaboom|Fake Out|p2b: Iron Hands\n|-damage|p2b: Iron Hands|5\/100\n|cant|p2b: Iron Hands|flinch\n|move|p2a: Calyrex|Glacial Lance|p1b: Rillaboom|[spread] p1a,p1b\n|-resisted|p1b: Rillaboom\n|-damage|p1a: Lunala|8\/100\n|-damage|p1b: Rillaboom|0 fnt\n|faint|p1b: Rillaboom\n|-ability|p2a: Calyrex|Chilling Neigh|boost\n|-boost|p2a: Calyrex|atk|1\n|move|p1a: Lunala|Moongeist Beam|p2a: Calyrex\n|-supereffective|p2a: Calyrex\n|-damage|p2a: Calyrex|0 fnt\n|faint|p2a: Calyrex\n|\n|-heal|p2b: Iron Hands|11\/100|[from] Grassy Terrain\n|-heal|p1a: Lunala|14\/100|[from] Grassy Terrain\n|-heal|p1a: Lunala|20\/100|[from] item: Leftovers\n|-fieldend|move: Grassy Terrain\n|upkeep\n|inactive|Axel316 has 30 seconds left.\n|\n|t:|1737150835\n|switch|p2a: Pelipper|Pelipper, L50, F|100\/100\n|switch|p1b: Chien-Pao|Chien-Pao, L50|53\/100\n|-weather|RainDance|[from] ability: Drizzle|[of] p2a: Pelipper\n|-ability|p1b: Chien-Pao|Sword of Ruin\n|turn|6\n|inactive|Sazandoramx has 30 seconds left.\n|inactive|Sazandoramx has 20 seconds left.\n|inactive|Sazandoramx has 15 seconds left.\n|\n|t:|1737150876\n|-end|p2b: Iron Hands|Quark Drive|[silent]\n|switch|p2b: Latios|Latios, L50, M|100\/100\n|move|p1a: Lunala|Protect|p1a: Lunala\n|-singleturn|p1a: Lunala|Protect\n|move|p1b: Chien-Pao|Protect|p1b: Chien-Pao\n|-singleturn|p1b: Chien-Pao|Protect\n|move|p2a: Pelipper|Weather Ball|p1a: Lunala\n|-activate|p1a: Lunala|move: Protect\n|\n|-weather|RainDance|[upkeep]\n|-heal|p1a: Lunala|27\/100|[from] item: Leftovers\n|-fieldend|move: Trick Room\n|upkeep\n|turn|7\n|j| kyo9t\n|inactive|Sazandoramx has 30 seconds left.\n|inactive|Axel316 has 30 seconds left.\n|\n|t:|1737150910\n|-terastallize|p2b: Latios|Steel\n|move|p2b: Latios|Luster Purge|p1a: Lunala\n|-resisted|p1a: Lunala\n|-damage|p1a: Lunala|8\/100\n|-unboost|p1a: Lunala|spd|1\n|move|p1b: Chien-Pao|Sacred Sword|p2a: Pelipper\n|-resisted|p2a: Pelipper\n|-damage|p2a: Pelipper|80\/100\n|move|p1a: Lunala|Moongeist Beam|p2a: Pelipper\n|-damage|p2a: Pelipper|0 fnt\n|faint|p2a: Pelipper\n|\n|-weather|RainDance|[upkeep]\n|-heal|p1a: Lunala|14\/100|[from] item: Leftovers\n|upkeep\n|\n|t:|1737150927\n|switch|p2a: Iron Hands|Iron Hands, L50|11\/100\n|turn|8\n|\n|t:|1737150949\n|move|p2a: Iron Hands|Fake Out|p1b: Chien-Pao\n|-damage|p1b: Chien-Pao|32\/100\n|move|p2b: Latios|Luster Purge|p1a: Lunala\n|-resisted|p1a: Lunala\n|-damage|p1a: Lunala|0 fnt\n|faint|p1a: Lunala\n|cant|p1b: Chien-Pao|flinch\n|\n|-weather|RainDance|[upkeep]\n|upkeep\n|\n|t:|1737150958\n|switch|p1a: Urshifu|Urshifu-Rapid-Strike, L50, F|100\/100\n|turn|9\n|\n|t:|1737150965\n|move|p2b: Latios|Luster Purge|p1a: Urshifu\n|-supereffective|p1a: Urshifu\n|-damage|p1a: Urshifu|0 fnt\n|faint|p1a: Urshifu\n|move|p1b: Chien-Pao|Sacred Sword|p2a: Iron Hands\n|-damage|p2a: Iron Hands|0 fnt\n|faint|p2a: Iron Hands\n|-end|p2a: Iron Hands|Quark Drive|[silent]\n|\n|-weather|RainDance|[upkeep]\n|upkeep\n|turn|10\n|inactive|Axel316 has 30 seconds left.\n|-message|Axel316 forfeited.\n|\n|win|Sazandoramx\n|raw|Sazandoramx's rating: 1579 &rarr; <strong>1599<\/strong><br \/>(+20 for winning)\n|raw|Axel316's rating: 1574 &rarr; <strong>1554<\/strong><br \/>(-20 for losing)\n|l|\u2606Axel316\n|player|p2|\n|l|\u2606Sazandoramx\n|player|p1|\n","uploadtime":1737151153,"views":318,"formatid":"gen9vgc2025regg","rating":1554,"private":0,"password":null}