{"id":"gen9vgc2025regg-2283330690","format":"[Gen 9] VGC 2025 Reg G","players":["501JFW","zac5224666"],"log":"|j|\u203d501JFW\n|j|\u2606zac5224666\n|t:|1737183468\n|gametype|doubles\n|player|p1|501JFW|266|1611\n|player|p2|zac5224666|1|1563\n|teamsize|p1|6\n|teamsize|p2|6\n|gen|9\n|tier|[Gen 9] VGC 2025 Reg G\n|rated|\n|rule|Species Clause: Limit one of each Pok\u00e9mon\n|rule|Item Clause: Limit 1 of each item\n|clearpoke\n|poke|p1|Calyrex-Ice, L50|\n|poke|p1|Iron Valiant, L50|\n|poke|p1|Urshifu-*, L50, F|\n|poke|p1|Pelipper, L50, M|\n|poke|p1|Landorus, L50, M|\n|poke|p1|Amoonguss, L50, F|\n|poke|p2|Grimmsnarl, L50, M|\n|poke|p2|Wo-Chien, L50|\n|poke|p2|Kyogre, L50|\n|poke|p2|Gholdengo, L50|\n|poke|p2|Landorus, L50, M|\n|poke|p2|Rillaboom, L50, F|\n|teampreview|4\n|j| Queenliu2\n|inactive|Battle timer is ON: inactive players will automatically lose when time's up. (requested by 501JFW)\n|\n|t:|1737183515\n|start\n|switch|p1a: Calyrex|Calyrex-Ice, L50|100\/100\n|switch|p1b: Iron Valiant|Iron Valiant, L50, shiny|100\/100\n|switch|p2a: Grimmsnarl|Grimmsnarl, L50, M|100\/100\n|switch|p2b: Gholdengo|Gholdengo, L50|100\/100\n|-ability|p1a: Calyrex|As One\n|-ability|p1a: Calyrex|Unnerve\n|-enditem|p1b: Iron Valiant|Booster Energy\n|-activate|p1b: Iron Valiant|ability: Quark Drive|[fromitem]\n|-start|p1b: Iron Valiant|quarkdrivespe\n|turn|1\n|\n|t:|1737183537\n|-terastallize|p1a: Calyrex|Grass\n|move|p1b: Iron Valiant|Wide Guard|p1b: Iron Valiant\n|-singleturn|p1b: Iron Valiant|Wide Guard\n|move|p2a: Grimmsnarl|Reflect|p2a: Grimmsnarl\n|-sidestart|p2: zac5224666|Reflect\n|move|p2b: Gholdengo|Nasty Plot|p2b: Gholdengo\n|-boost|p2b: Gholdengo|spa|2\n|move|p1a: Calyrex|High Horsepower|p2b: Gholdengo\n|-supereffective|p2b: Gholdengo\n|-damage|p2b: Gholdengo|44\/100\n|\n|upkeep\n|turn|2\n|inactive|zac5224666 has 30 seconds left.\n|\n|t:|1737183563\n|move|p2b: Gholdengo|Protect|p2b: Gholdengo\n|-singleturn|p2b: Gholdengo|Protect\n|move|p2a: Grimmsnarl|Thunder Wave|p1b: Iron Valiant\n|-status|p1b: Iron Valiant|par\n|cant|p1b: Iron Valiant|par\n|move|p1a: Calyrex|Glacial Lance|p2a: Grimmsnarl|[spread] p2a\n|-activate|p2b: Gholdengo|move: Protect\n|-damage|p2a: Grimmsnarl|65\/100\n|\n|upkeep\n|turn|3\n|\n|t:|1737183581\n|move|p1b: Iron Valiant|Wide Guard|p1b: Iron Valiant\n|-singleturn|p1b: Iron Valiant|Wide Guard\n|move|p2a: Grimmsnarl|Thunder Wave|p1a: Calyrex\n|-status|p1a: Calyrex|par\n|move|p2b: Gholdengo|Shadow Ball|p1a: Calyrex\n|-damage|p1a: Calyrex|44\/100 par\n|move|p1a: Calyrex|Trick Room|p1a: Calyrex\n|-fieldstart|move: Trick Room|[of] p1a: Calyrex\n|\n|upkeep\n|turn|4\n|\n|t:|1737183606\n|-end|p1b: Iron Valiant|Quark Drive|[silent]\n|switch|p1b: Amoonguss|Amoonguss, L50, F, shiny|100\/100\n|move|p2b: Gholdengo|Protect|p2b: Gholdengo\n|-singleturn|p2b: Gholdengo|Protect\n|move|p1a: Calyrex|High Horsepower|p2b: Gholdengo\n|-activate|p2b: Gholdengo|move: Protect\n|move|p2a: Grimmsnarl|Spirit Break|p1a: Calyrex\n|-damage|p1a: Calyrex|25\/100 par\n|\n|upkeep\n|turn|5\n|inactive|501JFW has 30 seconds left.\n|\n|t:|1737183632\n|switch|p2a: Wo-Chien|Wo-Chien, L50|100\/100\n|-ability|p2a: Wo-Chien|Tablets of Ruin\n|-terastallize|p2b: Gholdengo|Normal\n|move|p1a: Calyrex|Glacial Lance|p2a: Wo-Chien|[spread] p2a,p2b\n|-supereffective|p2a: Wo-Chien\n|-damage|p2a: Wo-Chien|55\/100\n|-damage|p2b: Gholdengo|15\/100\n|move|p1b: Amoonguss|Pollen Puff|p1a: Calyrex\n|-heal|p1a: Calyrex|74\/100 par\n|move|p2b: Gholdengo|Make It Rain|p1a: Calyrex|[spread] p1a,p1b\n|-damage|p1a: Calyrex|0 fnt\n|-damage|p1b: Amoonguss|0 fnt\n|-unboost|p2b: Gholdengo|spa|1\n|faint|p1a: Calyrex\n|faint|p1b: Amoonguss\n|\n|-heal|p2a: Wo-Chien|61\/100|[from] item: Leftovers\n|upkeep\n|-message|501JFW forfeited.\n|\n|win|zac5224666\n|raw|501JFW's rating: 1611 &rarr; <strong>1588<\/strong><br \/>(-23 for losing)\n|raw|zac5224666's rating: 1563 &rarr; <strong>1586<\/strong><br \/>(+23 for winning)\n|l|\u203d501JFW\n|player|p1|\n|l| Queenliu2\n|j| Queenliu2\n|l| Queenliu2\n","uploadtime":1737183858,"views":20,"formatid":"gen9vgc2025regg","rating":1586,"private":0,"password":null}