{"id":"gen9vgc2025regg-2283347387","format":"[Gen 9] VGC 2025 Reg G","players":["cobalt_poke","superpowerpoke"],"log":"|j|\u2606cobalt_poke\n|j|\u2606superpowerpoke\n|t:|1737187330\n|gametype|doubles\n|player|p1|cobalt_poke|169|1593\n|player|p2|superpowerpoke|266|1648\n|teamsize|p1|6\n|teamsize|p2|6\n|gen|9\n|tier|[Gen 9] VGC 2025 Reg G\n|rated|\n|rule|Species Clause: Limit one of each Pok\u00e9mon\n|rule|Item Clause: Limit 1 of each item\n|clearpoke\n|poke|p1|Weezing-Galar, L50, M|\n|poke|p1|Calyrex-Shadow, L50|\n|poke|p1|Dondozo, L50, F|\n|poke|p1|Tatsugiri, L50, M|\n|poke|p1|Incineroar, L50, M|\n|poke|p1|Roaring Moon, L50|\n|poke|p2|Zamazenta-*, L50|\n|poke|p2|Chien-Pao, L50|\n|poke|p2|Raging Bolt, L50|\n|poke|p2|Politoed, L50, M|\n|poke|p2|Entei, L50|\n|poke|p2|Urshifu-*, L50, M|\n|teampreview|4\n|j| blonded-lif3\n|inactive|Battle timer is ON: inactive players will automatically lose when time's up. (requested by cobalt_poke)\n|inactive|superpowerpoke has 60 seconds left.\n|\n|t:|1737187385\n|start\n|switch|p1a: Weezing|Weezing-Galar, L50, M|100\/100\n|switch|p1b: Incineroar|Incineroar, L50, M|100\/100\n|switch|p2a: Chien-Pao|Chien-Pao, L50|100\/100\n|switch|p2b: Zamazenta|Zamazenta-Crowned, L50|100\/100\n|-ability|p1a: Weezing|Neutralizing Gas\n|turn|1\n|inactive|superpowerpoke has 30 seconds left.\n|\n|t:|1737187413\n|move|p1b: Incineroar|Fake Out|p2b: Zamazenta\n|-resisted|p2b: Zamazenta\n|-damage|p2b: Zamazenta|98\/100\n|move|p2a: Chien-Pao|Crunch|p1b: Incineroar\n|-resisted|p1b: Incineroar\n|-damage|p1b: Incineroar|86\/100\n|cant|p2b: Zamazenta|flinch\n|move|p1a: Weezing|Toxic Spikes|p2b: Zamazenta\n|-sidestart|p2: superpowerpoke|move: Toxic Spikes\n|\n|upkeep\n|turn|2\n|inactive|superpowerpoke has 30 seconds left.\n|inactive|cobalt_poke has 30 seconds left.\n|\n|t:|1737187449\n|move|p2b: Zamazenta|Protect|p2b: Zamazenta\n|-singleturn|p2b: Zamazenta|Protect\n|move|p2a: Chien-Pao|Ice Spinner|p1a: Weezing\n|-damage|p1a: Weezing|63\/100\n|move|p1a: Weezing|Poison Gas|p2a: Chien-Pao|[spread] p2a\n|-activate|p2b: Zamazenta|move: Protect\n|-status|p2a: Chien-Pao|psn\n|move|p1b: Incineroar|Will-O-Wisp|p2b: Zamazenta\n|-activate|p2b: Zamazenta|move: Protect\n|\n|-damage|p2a: Chien-Pao|88\/100 psn|[from] psn\n|upkeep\n|turn|3\n|\n|t:|1737187464\n|-terastallize|p1b: Incineroar|Ghost\n|move|p2a: Chien-Pao|Ice Spinner|p1a: Weezing\n|-damage|p1a: Weezing|23\/100\n|-enditem|p1a: Weezing|Sitrus Berry|[eat]\n|-heal|p1a: Weezing|48\/100|[from] item: Sitrus Berry\n|move|p2b: Zamazenta|Body Press|p1b: Incineroar\n|-immune|p1b: Incineroar\n|move|p1a: Weezing|Strange Steam|p2a: Chien-Pao\n|-supereffective|p2a: Chien-Pao\n|-damage|p2a: Chien-Pao|0 fnt\n|faint|p2a: Chien-Pao\n|move|p1b: Incineroar|Will-O-Wisp|p2b: Zamazenta\n|-status|p2b: Zamazenta|brn\n|\n|-damage|p2b: Zamazenta|92\/100 brn|[from] brn\n|upkeep\n|\n|t:|1737187478\n|switch|p2a: Raging Bolt|Raging Bolt, L50|100\/100\n|-status|p2a: Raging Bolt|psn\n|turn|4\n|\n|t:|1737187493\n|-terastallize|p2a: Raging Bolt|Electric\n|move|p1a: Weezing|Protect|p1a: Weezing\n|-singleturn|p1a: Weezing|Protect\n|move|p2b: Zamazenta|Behemoth Bash|p1a: Weezing\n|-activate|p1a: Weezing|move: Protect\n|move|p2a: Raging Bolt|Thunderbolt|p1b: Incineroar\n|-damage|p1b: Incineroar|11\/100\n|move|p1b: Incineroar|Knock Off|p2a: Raging Bolt\n|-damage|p2a: Raging Bolt|64\/100 psn\n|-enditem|p2a: Raging Bolt|Booster Energy|[from] move: Knock Off|[of] p1b: Incineroar\n|\n|-damage|p2a: Raging Bolt|52\/100 psn|[from] psn\n|-damage|p2b: Zamazenta|86\/100 brn|[from] brn\n|upkeep\n|turn|5\n|\n|t:|1737187516\n|move|p2b: Zamazenta|Behemoth Bash|p1a: Weezing\n|-supereffective|p1a: Weezing\n|-damage|p1a: Weezing|11\/100\n|move|p2a: Raging Bolt|Thunderbolt|p1b: Incineroar\n|-damage|p1b: Incineroar|0 fnt\n|faint|p1b: Incineroar\n|move|p1a: Weezing|Strange Steam|p2a: Raging Bolt|[miss]\n|-miss|p1a: Weezing|p2a: Raging Bolt\n|\n|-damage|p2a: Raging Bolt|39\/100 psn|[from] psn\n|-damage|p2b: Zamazenta|80\/100 brn|[from] brn\n|upkeep\n|\n|t:|1737187522\n|switch|p1b: Dondozo|Dondozo, L50, F|100\/100\n|turn|6\n|\n|t:|1737187536\n|-end|p2a: Raging Bolt|Protosynthesis|[silent]\n|switch|p2a: Politoed|Politoed, L50, M|100\/100\n|-status|p2a: Politoed|psn\n|-end|p1a: Weezing|ability: Neutralizing Gas\n|-ability|p2b: Zamazenta|Dauntless Shield|boost\n|-boost|p2b: Zamazenta|def|1\n|-weather|RainDance|[from] ability: Drizzle|[of] p2a: Politoed\n|switch|p1a: Tatsugiri|Tatsugiri, L50, M|100\/100\n|-activate|p1a: Tatsugiri|ability: Commander|[of] p1b: Dondozo\n|-boost|p1b: Dondozo|atk|2\n|-boost|p1b: Dondozo|spa|2\n|-boost|p1b: Dondozo|spe|2\n|-boost|p1b: Dondozo|def|2\n|-boost|p1b: Dondozo|spd|2\n|move|p2b: Zamazenta|Wide Guard|p2b: Zamazenta\n|-singleturn|p2b: Zamazenta|Wide Guard\n|move|p1b: Dondozo|Substitute|p1b: Dondozo\n|-start|p1b: Dondozo|Substitute\n|-damage|p1b: Dondozo|76\/100\n|\n|-weather|RainDance|[upkeep]\n|-heal|p1b: Dondozo|82\/100|[from] item: Leftovers\n|-damage|p2a: Politoed|88\/100 psn|[from] psn\n|-damage|p2b: Zamazenta|74\/100 brn|[from] brn\n|upkeep\n|turn|7\n|inactive|superpowerpoke has 30 seconds left.\n|\n|t:|1737187565\n|move|p2b: Zamazenta|Body Press|p1b: Dondozo\n|-activate|p1b: Dondozo|move: Substitute|[damage]\n|move|p1b: Dondozo|Wave Crash|p2b: Zamazenta\n|-damage|p2b: Zamazenta|0 fnt\n|faint|p2b: Zamazenta\n|-damage|p1b: Dondozo|63\/100|[from] Recoil\n|move|p2a: Politoed|Haze|p2a: Politoed\n|-clearallboost\n|\n|-weather|RainDance|[upkeep]\n|-heal|p1b: Dondozo|69\/100|[from] item: Leftovers\n|-damage|p2a: Politoed|76\/100 psn|[from] psn\n|upkeep\n|\n|t:|1737187580\n|switch|p2b: Raging Bolt|Raging Bolt, L50, tera:Electric|39\/100 psn\n|turn|8\n|\n|t:|1737187586\n|move|p2b: Raging Bolt|Protect|p2b: Raging Bolt\n|-singleturn|p2b: Raging Bolt|Protect\n|move|p1b: Dondozo|Protect|p1b: Dondozo\n|-singleturn|p1b: Dondozo|Protect\n|move|p2a: Politoed|Weather Ball|p1b: Dondozo\n|-activate|p1b: Dondozo|move: Protect\n|\n|-weather|RainDance|[upkeep]\n|-heal|p1b: Dondozo|76\/100|[from] item: Leftovers\n|-damage|p2b: Raging Bolt|27\/100 psn|[from] psn\n|-damage|p2a: Politoed|64\/100 psn|[from] psn\n|upkeep\n|turn|9\n|\n|t:|1737187595\n|move|p2b: Raging Bolt|Thunderbolt|p1b: Dondozo\n|-supereffective|p1b: Dondozo\n|-end|p1b: Dondozo|Substitute\n|move|p2a: Politoed|Weather Ball|p1b: Dondozo\n|-resisted|p1b: Dondozo\n|-damage|p1b: Dondozo|49\/100\n|move|p1b: Dondozo|Substitute|p1b: Dondozo\n|-start|p1b: Dondozo|Substitute\n|-damage|p1b: Dondozo|24\/100\n|\n|-weather|RainDance|[upkeep]\n|-heal|p1b: Dondozo|30\/100|[from] item: Leftovers\n|-damage|p2b: Raging Bolt|14\/100 psn|[from] psn\n|-damage|p2a: Politoed|52\/100 psn|[from] psn\n|upkeep\n|turn|10\n|-message|superpowerpoke forfeited.\n|\n|win|cobalt_poke\n|raw|cobalt_poke's rating: 1593 &rarr; <strong>1616<\/strong><br \/>(+23 for winning)\n|raw|superpowerpoke's rating: 1648 &rarr; <strong>1625<\/strong><br \/>(-23 for losing)\n|l|\u2606cobalt_poke\n|player|p1|\n|l|\u2606superpowerpoke\n|player|p2|\n|l| blonded-lif3\n|j| blonded-lif3\n|l| blonded-lif3\n","uploadtime":1737187861,"views":37,"formatid":"gen9vgc2025regg","rating":1616,"private":0,"password":null}