{"id":"gen9vgc2025regg-2283528122","format":"[Gen 9] VGC 2025 Reg G","players":["asslowladderplayer","Ibrahimovicvgc"],"log":"|j|\u2606asslowladderplayer\n|j|\u2606Ibrahimovicvgc\n|t:|1737219908\n|gametype|doubles\n|player|p1|asslowladderplayer|biker|1505\n|player|p2|Ibrahimovicvgc|1|1635\n|teamsize|p1|6\n|teamsize|p2|6\n|gen|9\n|tier|[Gen 9] VGC 2025 Reg G\n|rated|\n|rule|Species Clause: Limit one of each Pok\u00e9mon\n|rule|Item Clause: Limit 1 of each item\n|clearpoke\n|poke|p1|Zamazenta-*, L50|\n|poke|p1|Chien-Pao, L50|\n|poke|p1|Urshifu-*, L50, M|\n|poke|p1|Flutter Mane, L50|\n|poke|p1|Chi-Yu, L50|\n|poke|p1|Amoonguss, L50, F|\n|poke|p2|Tatsugiri, L50, F|\n|poke|p2|Chi-Yu, L50|\n|poke|p2|Dondozo, L50, M|\n|poke|p2|Gholdengo, L50|\n|poke|p2|Miraidon, L50|\n|poke|p2|Talonflame, L50, F|\n|teampreview|4\nasslowladderplayer has agreed to open team sheets.\n|inactive|Battle timer is ON: inactive players will automatically lose when time's up. (requested by Ibrahimovicvgc)\n|inactive|asslowladderplayer has 60 seconds left.\n|inactive|Ibrahimovicvgc has 60 seconds left.\n|inactive|Ibrahimovicvgc has 30 seconds left.\n|inactive|Ibrahimovicvgc has 20 seconds left.\n|inactive|Ibrahimovicvgc has 15 seconds left.\n|inactive|Ibrahimovicvgc has 10 seconds left.\n|\n|t:|1737220006\n|start\n|switch|p1a: Chien-Pao|Chien-Pao, L50|100\/100\n|switch|p1b: Zamazenta|Zamazenta-Crowned, L50|100\/100\n|switch|p2a: Talonflame|Talonflame, L50, F|100\/100\n|switch|p2b: Miraidon|Miraidon, L50|100\/100\n|-ability|p1a: Chien-Pao|Sword of Ruin\n|-fieldstart|move: Electric Terrain|[from] ability: Hadron Engine|[of] p2b: Miraidon\n|-ability|p1b: Zamazenta|Dauntless Shield|boost\n|-boost|p1b: Zamazenta|def|1\n|turn|1\n|j| IVESAIDITBEFORE\n|inactive|Ibrahimovicvgc has 30 seconds left.\n|\n|t:|1737220034\n|move|p2a: Talonflame|Tailwind|p2a: Talonflame\n|-sidestart|p2: Ibrahimovicvgc|move: Tailwind\n|move|p2b: Miraidon|Electro Drift|p1b: Zamazenta\n|-damage|p1b: Zamazenta|34\/100\n|move|p1a: Chien-Pao|Ice Spinner|p2b: Miraidon\n|-supereffective|p2b: Miraidon\n|-damage|p2b: Miraidon|1\/100\n|-fieldend|move: Electric Terrain\n|move|p1b: Zamazenta|Body Press|p2b: Miraidon\n|-damage|p2b: Miraidon|0 fnt\n|faint|p2b: Miraidon\n|\n|upkeep\n|j| cyp12\n|\n|t:|1737220054\n|switch|p2b: Chi-Yu|Chi-Yu, L50|100\/100\n|-ability|p2b: Chi-Yu|Beads of Ruin\n|turn|2\n|\n|t:|1737220067\n|move|p1a: Chien-Pao|Protect|p1a: Chien-Pao\n|-singleturn|p1a: Chien-Pao|Protect\n|move|p1b: Zamazenta|Protect|p1b: Zamazenta\n|-singleturn|p1b: Zamazenta|Protect\n|move|p2a: Talonflame|Brave Bird|p1a: Chien-Pao\n|-activate|p1a: Chien-Pao|move: Protect\n|move|p2b: Chi-Yu|Heat Wave|p1b: Zamazenta|[spread] \n|-activate|p1a: Chien-Pao|move: Protect\n|-activate|p1b: Zamazenta|move: Protect\n|\n|upkeep\n|turn|3\n|\n|t:|1737220080\n|move|p1b: Zamazenta|Wide Guard|p1b: Zamazenta\n|-singleturn|p1b: Zamazenta|Wide Guard\n|move|p2a: Talonflame|Brave Bird|p1a: Chien-Pao\n|-damage|p1a: Chien-Pao|17\/100\n|-damage|p2a: Talonflame|72\/100|[from] Recoil\n|-damage|p2a: Talonflame|63\/100|[from] item: Life Orb\n|move|p2b: Chi-Yu|Heat Wave|p1b: Zamazenta|[spread] \n|-activate|p1a: Chien-Pao|move: Wide Guard\n|-activate|p1b: Zamazenta|move: Wide Guard\n|move|p1a: Chien-Pao|Ice Spinner|p2a: Talonflame\n|-damage|p2a: Talonflame|0 fnt\n|faint|p2a: Talonflame\n|\n|upkeep\n|l| cyp12\n|\n|t:|1737220084\n|switch|p2a: Gholdengo|Gholdengo, L50|100\/100\n|turn|4\n|j| Therazer456\n|inactive|Ibrahimovicvgc has 30 seconds left.\n|inactive|Ibrahimovicvgc has 20 seconds left.\n|\n|t:|1737220120\n|move|p1b: Zamazenta|Wide Guard|p1b: Zamazenta\n|-singleturn|p1b: Zamazenta|Wide Guard\n|move|p1a: Chien-Pao|Sucker Punch||[still]\n|-fail|p1a: Chien-Pao\n|move|p2b: Chi-Yu|Heat Wave|p1b: Zamazenta|[spread] \n|-activate|p1a: Chien-Pao|move: Wide Guard\n|-activate|p1b: Zamazenta|move: Wide Guard\n|move|p2a: Gholdengo|Trick||[still]\n|-fail|p2a: Gholdengo\n|\n|-sideend|p2: Ibrahimovicvgc|move: Tailwind\n|upkeep\n|turn|5\n|\n|t:|1737220140\n|move|p1b: Zamazenta|Wide Guard|p1b: Zamazenta\n|-singleturn|p1b: Zamazenta|Wide Guard\n|move|p1a: Chien-Pao|Throat Chop|p2a: Gholdengo\n|-supereffective|p2a: Gholdengo\n|-damage|p2a: Gholdengo|0 fnt\n|faint|p2a: Gholdengo\n|move|p2b: Chi-Yu|Heat Wave|p1a: Chien-Pao|[spread] \n|-activate|p1a: Chien-Pao|move: Wide Guard\n|-activate|p1b: Zamazenta|move: Wide Guard\n|\n|upkeep\n|turn|6\n|-message|Ibrahimovicvgc forfeited.\n|\n|win|asslowladderplayer\n|raw|asslowladderplayer's rating: 1505 &rarr; <strong>1532<\/strong><br \/>(+27 for winning)\n|raw|Ibrahimovicvgc's rating: 1635 &rarr; <strong>1608<\/strong><br \/>(-27 for losing)\n|l|\u2606Ibrahimovicvgc\n|player|p2|\n|l| Therazer456\n|l|\u2606asslowladderplayer\n|player|p1|\n","uploadtime":1737220159,"views":15,"formatid":"gen9vgc2025regg","rating":1532,"private":0,"password":null}