{"id":"gen9vgc2025regg-2283707889","format":"[Gen 9] VGC 2025 Reg G","players":["Gamertag1001","Mildly Displeased"],"log":"|j|\u2606Gamertag1001\n|j|\u2606Mildly Displeased\n|t:|1737242282\n|gametype|doubles\n|player|p1|Gamertag1001|101|1559\n|player|p2|Mildly Displeased|lillie|1522\n|teamsize|p1|6\n|teamsize|p2|6\n|gen|9\n|tier|[Gen 9] VGC 2025 Reg G\n|rated|\n|rule|Species Clause: Limit one of each Pok\u00e9mon\n|rule|Item Clause: Limit 1 of each item\n|clearpoke\n|poke|p1|Calyrex-Ice, L50|\n|poke|p1|Raging Bolt, L50|\n|poke|p1|Vivillon-Ocean, L50, M|\n|poke|p1|Urshifu-*, L50, F|\n|poke|p1|Kingambit, L50, F|\n|poke|p1|Landorus, L50, M|\n|poke|p2|Primarina, L50, M|\n|poke|p2|Talonflame, L50, F|\n|poke|p2|Zamazenta-*, L50|\n|poke|p2|Rillaboom, L50, F|\n|poke|p2|Iron Treads, L50|\n|poke|p2|Enamorus, L50, F|\n|teampreview|4\n|inactive|Battle timer is ON: inactive players will automatically lose when time's up. (requested by Gamertag1001)\n|\n|t:|1737242306\n|start\n|switch|p1a: Calyrex|Calyrex-Ice, L50|100\/100\n|switch|p1b: Vivillon|Vivillon-Ocean, L50, M|100\/100\n|switch|p2a: Phoenix|Talonflame, L50, F, shiny|100\/100\n|switch|p2b: Iron Treads|Iron Treads, L50|100\/100\n|-ability|p1a: Calyrex|As One\n|-ability|p1a: Calyrex|Unnerve\n|-enditem|p2b: Iron Treads|Booster Energy\n|-activate|p2b: Iron Treads|ability: Quark Drive|[fromitem]\n|-start|p2b: Iron Treads|quarkdrivespe\n|turn|1\n|\n|t:|1737242329\n|-terastallize|p1a: Calyrex|Water\n|move|p2a: Phoenix|Brave Bird|p1b: Vivillon\n|-supereffective|p1b: Vivillon\n|-enditem|p1b: Vivillon|Focus Sash\n|-damage|p1b: Vivillon|1\/100\n|-damage|p2a: Phoenix|67\/100|[from] Recoil\n|move|p2b: Iron Treads|Iron Head|p1b: Vivillon\n|-damage|p1b: Vivillon|0 fnt\n|faint|p1b: Vivillon\n|move|p1a: Calyrex|Glacial Lance|p2b: Iron Treads|[spread] p2a,p2b\n|-damage|p2a: Phoenix|0 fnt\n|-damage|p2b: Iron Treads|49\/100\n|faint|p2a: Phoenix\n|-ability|p1a: Calyrex|Chilling Neigh|boost\n|-boost|p1a: Calyrex|atk|1\n|\n|upkeep\n|\n|t:|1737242336\n|switch|p2a: Pippin|Zamazenta-Crowned, L50|100\/100\n|switch|p1b: Landorus|Landorus, L50, M|100\/100\n|-ability|p2a: Pippin|Dauntless Shield|boost\n|-boost|p2a: Pippin|def|1\n|turn|2\n|\n|t:|1737242343\n|move|p2b: Iron Treads|Ice Spinner|p1b: Landorus\n|-supereffective|p1b: Landorus\n|-damage|p1b: Landorus|0 fnt\n|faint|p1b: Landorus\n|move|p2a: Pippin|Iron Defense|p2a: Pippin\n|-boost|p2a: Pippin|def|2\n|move|p1a: Calyrex|Glacial Lance|p2b: Iron Treads|[spread] p2a,p2b\n|-resisted|p2a: Pippin\n|-damage|p2a: Pippin|91\/100\n|-damage|p2b: Iron Treads|0 fnt\n|faint|p2b: Iron Treads\n|-end|p2b: Iron Treads|Quark Drive|[silent]\n|-ability|p1a: Calyrex|Chilling Neigh|boost\n|-boost|p1a: Calyrex|atk|1\n|\n|upkeep\n|\n|t:|1737242347\n|switch|p2b: Rillaboom|Rillaboom, L50, F|100\/100\n|switch|p1b: Urshifu|Urshifu-Rapid-Strike, L50, F|100\/100\n|-fieldstart|move: Grassy Terrain|[from] ability: Grassy Surge|[of] p2b: Rillaboom\n|turn|3\n|j| imstuckat1300\n|\n|t:|1737242364\n|move|p1a: Calyrex|Protect|p1a: Calyrex\n|-singleturn|p1a: Calyrex|Protect\n|move|p2a: Pippin|Wide Guard|p2a: Pippin\n|-singleturn|p2a: Pippin|Wide Guard\n|move|p2b: Rillaboom|Fake Out|p1b: Urshifu\n|-damage|p1b: Urshifu|83\/100\n|cant|p1b: Urshifu|flinch\n|\n|-heal|p1b: Urshifu|89\/100|[from] Grassy Terrain\n|-heal|p2a: Pippin|97\/100|[from] Grassy Terrain\n|upkeep\n|turn|4\n|inactive|Gamertag1001 has 30 seconds left.\n|inactive|Gamertag1001 has 20 seconds left.\n|inactive|Gamertag1001 has 15 seconds left.\n|inactive|Gamertag1001 has 10 seconds left.\n|\n|t:|1737242411\n|-terastallize|p2b: Rillaboom|Grass\n|move|p2b: Rillaboom|Grassy Glide|p1b: Urshifu\n|-supereffective|p1b: Urshifu\n|-damage|p1b: Urshifu|0 fnt\n|faint|p1b: Urshifu\n|move|p2a: Pippin|Iron Defense|p2a: Pippin\n|-boost|p2a: Pippin|def|2\n|move|p1a: Calyrex|High Horsepower|p2a: Pippin|[miss]\n|-miss|p1a: Calyrex|p2a: Pippin\n|\n|-heal|p2a: Pippin|100\/100|[from] Grassy Terrain\n|upkeep\n|turn|5\n|-message|Gamertag1001 forfeited.\n|\n|win|Mildly Displeased\n|raw|Gamertag1001's rating: 1559 &rarr; <strong>1537<\/strong><br \/>(-22 for losing)\n|raw|Mildly Displeased's rating: 1522 &rarr; <strong>1544<\/strong><br \/>(+22 for winning)\n|l|\u2606Gamertag1001\n|player|p1|\n|l| imstuckat1300\n","uploadtime":1737242668,"views":24,"formatid":"gen9vgc2025regg","rating":1537,"private":0,"password":null}