{"id":"gen9vgc2025regg-2283562935","format":"[Gen 9] VGC 2025 Reg G","players":["Imnotagni","Bef6"],"log":"|j|\u2606Imnotagni\n|j|\u2606Bef6\n|t:|1737224296\n|gametype|doubles\n|player|p1|Imnotagni|policeman-gen4|1756\n|player|p2|Bef6|lucas|1796\n|teamsize|p1|6\n|teamsize|p2|6\n|gen|9\n|tier|[Gen 9] VGC 2025 Reg G\n|rated|\n|rule|Species Clause: Limit one of each Pok\u00e9mon\n|rule|Item Clause: Limit 1 of each item\n|clearpoke\n|poke|p1|Kyogre, L50|\n|poke|p1|Tornadus, L50, M|\n|poke|p1|Tsareena, L50, F|\n|poke|p1|Archaludon, L50, F|\n|poke|p1|Electabuzz, L50, M|\n|poke|p1|Urshifu-*, L50, F|\n|poke|p2|Lunala, L50|\n|poke|p2|Indeedee-F, L50, F|\n|poke|p2|Tornadus, L50, M|\n|poke|p2|Ursaluna, L50, F|\n|poke|p2|Chi-Yu, L50|\n|poke|p2|Iron Bundle, L50|\n|teampreview|4\n|inactive|Battle timer is ON: inactive players will automatically lose when time's up. (requested by Imnotagni)\n|inactive|Imnotagni has 60 seconds left.\n|inactive|Bef6 has 60 seconds left.\n|inactive|Bef6 has 30 seconds left.\n|\n|t:|1737224359\n|start\n|switch|p1a: Tornadus|Tornadus, L50, M, shiny|100\/100\n|switch|p1b: Archaludon|Archaludon, L50, F, shiny|100\/100\n|switch|p2a: Lunala|Lunala, L50|100\/100\n|switch|p2b: Indeedee|Indeedee-F, L50, F|100\/100\n|-fieldstart|move: Psychic Terrain|[from] ability: Psychic Surge|[of] p2b: Indeedee\n|turn|1\n|\n|t:|1737224383\n|move|p1a: Tornadus|Rain Dance|p1a: Tornadus\n|-weather|RainDance\n|move|p1b: Archaludon|Electro Shot||[still]\n|-prepare|p1b: Archaludon|Electro Shot\n|-boost|p1b: Archaludon|spa|1\n|-anim|p1b: Archaludon|Electro Shot|p2a: Lunala\n|-damage|p2a: Lunala|74\/100\n|move|p2a: Lunala|Meteor Beam||[still]\n|-prepare|p2a: Lunala|Meteor Beam\n|-boost|p2a: Lunala|spa|1\n|-enditem|p2a: Lunala|Power Herb\n|-anim|p2a: Lunala|Meteor Beam|p1a: Tornadus|[miss]\n|-miss|p2a: Lunala|p1a: Tornadus\n|move|p2b: Indeedee|Trick Room|p2b: Indeedee\n|-fieldstart|move: Trick Room|[of] p2b: Indeedee\n|\n|-weather|RainDance|[upkeep]\n|upkeep\n|turn|2\n|\n|t:|1737224398\n|move|p2b: Indeedee|Helping Hand|p2a: Lunala\n|-singleturn|p2a: Lunala|Helping Hand|[of] p2b: Indeedee\n|move|p1a: Tornadus|Protect|p1a: Tornadus\n|-singleturn|p1a: Tornadus|Protect\n|move|p1b: Archaludon|Protect|p1b: Archaludon\n|-singleturn|p1b: Archaludon|Protect\n|move|p2a: Lunala|Expanding Force|p1a: Tornadus|[spread] \n|-activate|p1a: Tornadus|move: Protect\n|-activate|p1b: Archaludon|move: Protect\n|\n|-weather|RainDance|[upkeep]\n|upkeep\n|turn|3\n|inactive|Imnotagni has 30 seconds left.\n|\n|t:|1737224424\n|move|p2b: Indeedee|Psychic|p1a: Tornadus\n|-damage|p1a: Tornadus|44\/100\n|move|p2a: Lunala|Expanding Force|p1a: Tornadus|[spread] p1a,p1b\n|-resisted|p1b: Archaludon\n|-crit|p1b: Archaludon\n|-damage|p1a: Tornadus|0 fnt\n|-damage|p1b: Archaludon|5\/100\n|faint|p1a: Tornadus\n|move|p1b: Archaludon|Electro Shot||[still]\n|-prepare|p1b: Archaludon|Electro Shot\n|-boost|p1b: Archaludon|spa|1\n|-anim|p1b: Archaludon|Electro Shot|p2a: Lunala\n|-damage|p2a: Lunala|11\/100\n|\n|-weather|RainDance|[upkeep]\n|upkeep\n|\n|t:|1737224437\n|switch|p1a: Kyogre|Kyogre, L50, shiny|100\/100\n|turn|4\n|j| TheKibHolper\n|j| crescent29\n|\n|t:|1737224453\n|-terastallize|p1a: Kyogre|Water\n|move|p1b: Archaludon|Protect|p1b: Archaludon\n|-singleturn|p1b: Archaludon|Protect\n|move|p2b: Indeedee|Psychic|p1a: Kyogre\n|-damage|p1a: Kyogre|68\/100\n|move|p2a: Lunala|Expanding Force|p1a: Kyogre|[spread] p1a\n|-activate|p1b: Archaludon|move: Protect\n|-damage|p1a: Kyogre|0 fnt\n|faint|p1a: Kyogre\n|\n|-weather|RainDance|[upkeep]\n|upkeep\n|l| TheKibHolper\n|\n|t:|1737224466\n|switch|p1a: Urshifu|Urshifu-Rapid-Strike, L50, F|100\/100\n|turn|5\n|\n|t:|1737224476\n|move|p1b: Archaludon|Protect||[still]\n|-fail|p1b: Archaludon\n|move|p2b: Indeedee|Follow Me|p2b: Indeedee\n|-singleturn|p2b: Indeedee|move: Follow Me\n|move|p2a: Lunala|Expanding Force|p1b: Archaludon|[spread] p1a,p1b\n|-supereffective|p1a: Urshifu\n|-crit|p1a: Urshifu\n|-resisted|p1b: Archaludon\n|-damage|p1a: Urshifu|0 fnt\n|-damage|p1b: Archaludon|0 fnt\n|faint|p1a: Urshifu\n|faint|p1b: Archaludon\n|\n|win|Bef6\n|raw|Imnotagni's rating: 1756 &rarr; <strong>1738<\/strong><br \/>(-18 for losing)\n|raw|Bef6's rating: 1796 &rarr; <strong>1814<\/strong><br \/>(+18 for winning)\n|l|\u2606Imnotagni\n|player|p1|\n|l|\u2606Bef6\n|player|p2|\n|l| crescent29\n","uploadtime":1737224668,"views":267,"formatid":"gen9vgc2025regg","rating":1738,"private":0,"password":null}