{"id":"gen9vgc2025regg-2283353715","format":"[Gen 9] VGC 2025 Reg G","players":["dinokitae","lf99"],"log":"|j|\u2606dinokitae\n|j|\u2606lf99\n|t:|1737188840\n|gametype|doubles\n|player|p1|dinokitae|officeworker|1594\n|player|p2|lf99|lucas|1532\n|teamsize|p1|6\n|teamsize|p2|6\n|gen|9\n|tier|[Gen 9] VGC 2025 Reg G\n|rated|\n|rule|Species Clause: Limit one of each Pok\u00e9mon\n|rule|Item Clause: Limit 1 of each item\n|clearpoke\n|poke|p1|Torterra, L50, M|\n|poke|p1|Iron Bundle, L50|\n|poke|p1|Chi-Yu, L50|\n|poke|p1|Farigiraf, L50, F|\n|poke|p1|Terapagos, L50, M|\n|poke|p1|Whimsicott, L50, M|\n|poke|p2|Tornadus, L50, M|\n|poke|p2|Kyogre, L50|\n|poke|p2|Archaludon, L50, F|\n|poke|p2|Urshifu-*, L50, M|\n|poke|p2|Chien-Pao, L50|\n|poke|p2|Amoonguss, L50, M|\n|teampreview|4\n|inactive|Battle timer is ON: inactive players will automatically lose when time's up. (requested by dinokitae)\n|inactive|lf99 has 60 seconds left.\n|\n|t:|1737188902\n|start\n|switch|p1a: \ud14c\ub77c\ud30c\uace0\uc2a4|Terapagos, L50, M|100\/100\n|switch|p1b: \ud1a0\ub300\ubd80\uae30|Torterra, L50, M|100\/100\n|switch|p2a: Chien-Pao|Chien-Pao, L50|100\/100\n|switch|p2b: Kyogre|Kyogre, L50|100\/100\n|-activate|p1a: \ud14c\ub77c\ud30c\uace0\uc2a4|ability: Tera Shift\n|detailschange|p1a: \ud14c\ub77c\ud30c\uace0\uc2a4|Terapagos-Terastal, L50, M\n|-heal|p1a: \ud14c\ub77c\ud30c\uace0\uc2a4|100\/100|[silent]\n|-ability|p2a: Chien-Pao|Sword of Ruin\n|-weather|RainDance|[from] ability: Drizzle|[of] p2b: Kyogre\n|turn|1\n|\n|t:|1737188917\n|-terastallize|p1a: \ud14c\ub77c\ud30c\uace0\uc2a4|Stellar\n|detailschange|p1a: \ud14c\ub77c\ud30c\uace0\uc2a4|Terapagos-Stellar, L50, M, tera:Stellar\n|-heal|p1a: \ud14c\ub77c\ud30c\uace0\uc2a4|100\/100|[silent]\n|-ability|p1a: \ud14c\ub77c\ud30c\uace0\uc2a4|Teraform Zero\n|-weather|none\n|move|p1b: \ud1a0\ub300\ubd80\uae30|Wide Guard|p1b: \ud1a0\ub300\ubd80\uae30\n|-singleturn|p1b: \ud1a0\ub300\ubd80\uae30|Wide Guard\n|move|p2a: Chien-Pao|Sacred Sword|p1a: \ud14c\ub77c\ud30c\uace0\uc2a4\n|-supereffective|p1a: \ud14c\ub77c\ud30c\uace0\uc2a4\n|-damage|p1a: \ud14c\ub77c\ud30c\uace0\uc2a4|45\/100\n|move|p2b: Kyogre|Ice Beam|p1b: \ud1a0\ub300\ubd80\uae30\n|-supereffective|p1b: \ud1a0\ub300\ubd80\uae30\n|-damage|p1b: \ud1a0\ub300\ubd80\uae30|0 fnt\n|faint|p1b: \ud1a0\ub300\ubd80\uae30\n|move|p1a: \ud14c\ub77c\ud30c\uace0\uc2a4|Tera Starstorm|p2a: Chien-Pao|[spread] p2a,p2b\n|-enditem|p2a: Chien-Pao|Focus Sash\n|-damage|p2a: Chien-Pao|1\/100\n|-damage|p2b: Kyogre|60\/100\n|\n|upkeep\n|\n|t:|1737188931\n|switch|p1b: \uc5d8\ud48d|Whimsicott, L50, M|100\/100\n|turn|2\n|inactive|lf99 has 30 seconds left.\n|\n|t:|1737188958\n|-terastallize|p2a: Chien-Pao|Stellar\n|move|p2a: Chien-Pao|Sucker Punch|p1a: \ud14c\ub77c\ud30c\uace0\uc2a4\n|-damage|p1a: \ud14c\ub77c\ud30c\uace0\uc2a4|6\/100\n|move|p1b: \uc5d8\ud48d|Tailwind|p1b: \uc5d8\ud48d\n|-sidestart|p1: dinokitae|move: Tailwind\n|move|p1a: \ud14c\ub77c\ud30c\uace0\uc2a4|Tera Starstorm|p2b: Kyogre|[spread] p2a,p2b\n|-supereffective|p2a: Chien-Pao\n|-damage|p2a: Chien-Pao|0 fnt\n|-damage|p2b: Kyogre|24\/100\n|faint|p2a: Chien-Pao\n|move|p2b: Kyogre|Ice Beam|p1b: \uc5d8\ud48d\n|-supereffective|p1b: \uc5d8\ud48d\n|-damage|p1b: \uc5d8\ud48d|1\/100\n|\n|upkeep\n|\n|t:|1737188970\n|switch|p2a: Tornadus|Tornadus, L50, M|100\/100\n|turn|3\n|\n|t:|1737188984\n|switch|p1a: \ud0a4\ud0a4\ub9c1|Farigiraf, L50, F|100\/100\n|move|p2b: Kyogre|Protect|p2b: Kyogre\n|-singleturn|p2b: Kyogre|Protect\n|move|p1b: \uc5d8\ud48d|Moonblast|p2b: Kyogre\n|-activate|p2b: Kyogre|move: Protect\n|move|p2a: Tornadus|Bleakwind Storm|p1b: \uc5d8\ud48d|[spread] p1a\n|-miss|p2a: Tornadus|p1b: \uc5d8\ud48d\n|-damage|p1a: \ud0a4\ud0a4\ub9c1|67\/100\n|-unboost|p1a: \ud0a4\ud0a4\ub9c1|spe|1\n|\n|upkeep\n|turn|4\n|inactive|dinokitae has 30 seconds left.\n|inactive|lf99 has 30 seconds left.\n|inactive|lf99 has 20 seconds left.\n|\n|t:|1737189019\n|switch|p2b: Archaludon|Archaludon, L50, F|100\/100\n|move|p1b: \uc5d8\ud48d|Moonblast|p2b: Archaludon\n|-damage|p2b: Archaludon|80\/100\n|-unboost|p2b: Archaludon|spa|1\n|-ability|p2b: Archaludon|Stamina|boost\n|-boost|p2b: Archaludon|def|1\n|move|p2a: Tornadus|Bleakwind Storm|p1a: \ud0a4\ud0a4\ub9c1|[spread] p1a,p1b\n|-supereffective|p1b: \uc5d8\ud48d\n|-damage|p1a: \ud0a4\ud0a4\ub9c1|34\/100\n|-damage|p1b: \uc5d8\ud48d|0 fnt\n|faint|p1b: \uc5d8\ud48d\n|move|p1a: \ud0a4\ud0a4\ub9c1|Dazzling Gleam|p2a: Tornadus|[spread] p2a,p2b\n|-damage|p2a: Tornadus|84\/100\n|-damage|p2b: Archaludon|70\/100\n|-ability|p2b: Archaludon|Stamina|boost\n|-boost|p2b: Archaludon|def|1\n|\n|upkeep\n|\n|t:|1737189030\n|switch|p1b: \ud14c\ub77c\ud30c\uace0\uc2a4|Terapagos-Stellar, L50, M, tera:Stellar|6\/100\n|turn|5\n|\n|t:|1737189048\n|move|p1b: \ud14c\ub77c\ud30c\uace0\uc2a4|Tera Starstorm|p2b: Archaludon|[spread] p2a,p2b\n|-damage|p2a: Tornadus|22\/100\n|-damage|p2b: Archaludon|27\/100\n|-ability|p2b: Archaludon|Stamina|boost\n|-boost|p2b: Archaludon|def|1\n|move|p2a: Tornadus|Bleakwind Storm|p1b: \ud14c\ub77c\ud30c\uace0\uc2a4|[spread] p1a\n|-miss|p2a: Tornadus|p1b: \ud14c\ub77c\ud30c\uace0\uc2a4\n|-damage|p1a: \ud0a4\ud0a4\ub9c1|0 fnt\n|faint|p1a: \ud0a4\ud0a4\ub9c1\n|move|p2b: Archaludon|Body Press|p1b: \ud14c\ub77c\ud30c\uace0\uc2a4\n|-supereffective|p1b: \ud14c\ub77c\ud30c\uace0\uc2a4\n|-damage|p1b: \ud14c\ub77c\ud30c\uace0\uc2a4|0 fnt\n|faint|p1b: \ud14c\ub77c\ud30c\uace0\uc2a4\n|\n|win|lf99\n|raw|dinokitae's rating: 1594 &rarr; <strong>1570<\/strong><br \/>(-24 for losing)\n|raw|lf99's rating: 1532 &rarr; <strong>1556<\/strong><br \/>(+24 for winning)\n|l|\u2606dinokitae\n|player|p1|\n|l|\u2606lf99\n|player|p2|\n","uploadtime":1737189242,"views":20,"formatid":"gen9vgc2025regg","rating":1556,"private":0,"password":null}