{"id":"gen9vgc2025regg-2283429505","format":"[Gen 9] VGC 2025 Reg G","players":["actuary97","yongbao"],"log":"|j|\u2606actuary97\n|j|\u2606yongbao\n|t:|1737205450\n|gametype|doubles\n|player|p1|actuary97|sabrina-frlg|1565\n|player|p2|yongbao|dawn-gen4pt|1577\n|teamsize|p1|6\n|teamsize|p2|6\n|gen|9\n|tier|[Gen 9] VGC 2025 Reg G\n|rated|\n|rule|Species Clause: Limit one of each Pok\u00e9mon\n|rule|Item Clause: Limit 1 of each item\n|clearpoke\n|poke|p1|Comfey, L50, M|\n|poke|p1|Whimsicott, L50, M|\n|poke|p1|Rillaboom, L50, F|\n|poke|p1|Kyogre, L50|\n|poke|p1|Archaludon, L50, M|\n|poke|p1|Urshifu-*, L50, M|\n|poke|p2|Tatsugiri, L50, F|\n|poke|p2|Dondozo, L50, M|\n|poke|p2|Miraidon, L50|\n|poke|p2|Urshifu-*, L50, M|\n|poke|p2|Gholdengo, L50|\n|poke|p2|Grimmsnarl, L50, M|\n|teampreview|4\nactuary97 has agreed to open team sheets.\n|j| LaceccubusYT\n|c| LaceccubusYT|jo ^^\n|l| LaceccubusYT\n|\n|t:|1737205479\n|start\n|switch|p1a: Rillaboom|Rillaboom, L50, F, shiny|100\/100\n|switch|p1b: Urshifu|Urshifu-Rapid-Strike, L50, M|100\/100\n|switch|p2a: Grimmsnarl|Grimmsnarl, L50, M|100\/100\n|switch|p2b: Gholdengo|Gholdengo, L50|100\/100\n|-fieldstart|move: Grassy Terrain|[from] ability: Grassy Surge|[of] p1a: Rillaboom\n|turn|1\n|\n|t:|1737205510\n|move|p1a: Rillaboom|Fake Out|p2a: Grimmsnarl\n|-damage|p2a: Grimmsnarl|81\/100\n|move|p2a: Grimmsnarl|Fake Out|p1b: Urshifu\n|-damage|p1b: Urshifu|87\/100\n|cant|p1b: Urshifu|flinch\n|move|p2b: Gholdengo|Thunderbolt|p1b: Urshifu\n|-supereffective|p1b: Urshifu\n|-damage|p1b: Urshifu|0 fnt\n|faint|p1b: Urshifu\n|\n|-heal|p2a: Grimmsnarl|87\/100|[from] Grassy Terrain\n|upkeep\n|j| coscu fan\n|\n|t:|1737205526\n|switch|p1b: Archaludon|Archaludon, L50, M, shiny|100\/100\n|turn|2\n|l| coscu fan\n|c|\u2606actuary97|scarf tbolt\n|l|\u2606actuary97\n|player|p1|\n|\n|t:|1737205555\n|move|p2a: Grimmsnarl|Parting Shot|p1a: Rillaboom\n|-unboost|p1a: Rillaboom|atk|1\n|-unboost|p1a: Rillaboom|spa|1\n|j|\u2606actuary97\n|player|p1|actuary97|sabrina-frlg|\n|\n|t:|1737205559\n|switch|p2a: Miraidon|Miraidon, L50|100\/100|[from] Parting Shot\n|-fieldstart|move: Electric Terrain|[from] ability: Hadron Engine|[of] p2a: Miraidon\n|move|p2b: Gholdengo|Thunderbolt|p1a: Rillaboom\n|-resisted|p1a: Rillaboom\n|-damage|p1a: Rillaboom|64\/100\n|move|p1a: Rillaboom|Bullet Seed|p1b: Archaludon\n|-resisted|p1b: Archaludon\n|-damage|p1b: Archaludon|99\/100\n|-ability|p1b: Archaludon|Stamina|boost\n|-boost|p1b: Archaludon|def|1\n|-resisted|p1b: Archaludon\n|-damage|p1b: Archaludon|98\/100\n|-ability|p1b: Archaludon|Stamina|boost\n|-boost|p1b: Archaludon|def|1\n|-resisted|p1b: Archaludon\n|-damage|p1b: Archaludon|97\/100\n|-ability|p1b: Archaludon|Stamina|boost\n|-boost|p1b: Archaludon|def|1\n|-resisted|p1b: Archaludon\n|-damage|p1b: Archaludon|97\/100\n|-ability|p1b: Archaludon|Stamina|boost\n|-boost|p1b: Archaludon|def|1\n|-resisted|p1b: Archaludon\n|-damage|p1b: Archaludon|96\/100\n|-ability|p1b: Archaludon|Stamina|boost\n|-boost|p1b: Archaludon|def|1\n|-hitcount|p1b: Archaludon|5\n|move|p1b: Archaludon|Body Press|p2a: Miraidon\n|-damage|p2a: Miraidon|21\/100\n|\n|upkeep\n|turn|3\n|\n|t:|1737205593\n|switch|p2b: Grimmsnarl|Grimmsnarl, L50, M|87\/100\n|move|p2a: Miraidon|Overheat|p1b: Archaludon\n|-damage|p1b: Archaludon|50\/100\n|-unboost|p2a: Miraidon|spa|2\n|-ability|p1b: Archaludon|Stamina|boost\n|-boost|p1b: Archaludon|def|1\n|move|p1a: Rillaboom|U-turn|p2a: Miraidon\n|-damage|p2a: Miraidon|2\/100\n|\n|t:|1737205606\n|switch|p1a: Kyogre|Kyogre, L50, shiny|100\/100|[from] U-turn\n|-weather|RainDance|[from] ability: Drizzle|[of] p1a: Kyogre\n|move|p1b: Archaludon|Snarl|p2a: Miraidon|[spread] p2a,p2b\n|-resisted|p2b: Grimmsnarl\n|-damage|p2a: Miraidon|0 fnt\n|-damage|p2b: Grimmsnarl|83\/100\n|faint|p2a: Miraidon\n|\n|-weather|RainDance|[upkeep]\n|upkeep\n|\n|t:|1737205619\n|switch|p2a: Gholdengo|Gholdengo, L50|100\/100\n|turn|4\n|\n|t:|1737205628\n|-terastallize|p1a: Kyogre|Grass\n|move|p2b: Grimmsnarl|Fake Out|p1a: Kyogre\n|-damage|p1a: Kyogre|88\/100\n|move|p2a: Gholdengo|Shadow Ball|p1b: Archaludon\n|-damage|p1b: Archaludon|0 fnt\n|faint|p1b: Archaludon\n|move|p1a: Kyogre|Calm Mind|p1a: Kyogre\n|-boost|p1a: Kyogre|spa|1\n|-boost|p1a: Kyogre|spd|1\n|\n|-weather|RainDance|[upkeep]\n|upkeep\n|\n|t:|1737205636\n|switch|p1b: Rillaboom|Rillaboom, L50, F, shiny|64\/100\n|-fieldstart|move: Grassy Terrain|[from] ability: Grassy Surge|[of] p1b: Rillaboom\n|turn|5\n|\n|t:|1737205650\n|switch|p2a: Urshifu|Urshifu-Rapid-Strike, L50, M|100\/100\n|move|p2b: Grimmsnarl|Parting Shot|p1a: Kyogre\n|-unboost|p1a: Kyogre|atk|1\n|-unboost|p1a: Kyogre|spa|1\n|\n|t:|1737205656\n|switch|p2b: Gholdengo|Gholdengo, L50|100\/100|[from] Parting Shot\n|move|p1a: Kyogre|Origin Pulse|p2b: Gholdengo|[spread] p2a\n|-miss|p1a: Kyogre|p2b: Gholdengo\n|-resisted|p2a: Urshifu\n|-damage|p2a: Urshifu|53\/100\n|move|p1b: Rillaboom|Bullet Seed|p2a: Urshifu\n|-supereffective|p2a: Urshifu\n|-damage|p2a: Urshifu|16\/100\n|-supereffective|p2a: Urshifu\n|-damage|p2a: Urshifu|0 fnt\n|faint|p2a: Urshifu\n|-hitcount|p2: Urshifu|2\n|\n|-weather|RainDance|[upkeep]\n|-heal|p1a: Kyogre|94\/100|[from] Grassy Terrain\n|-heal|p1b: Rillaboom|70\/100|[from] Grassy Terrain\n|upkeep\n|\n|t:|1737205670\n|switch|p2a: Grimmsnarl|Grimmsnarl, L50, M|83\/100\n|turn|6\n|\n|t:|1737205703\n|move|p2a: Grimmsnarl|Fake Out|p1b: Rillaboom\n|-damage|p1b: Rillaboom|53\/100\n|move|p2b: Gholdengo|Trick|p1a: Kyogre\n|-activate|p2b: Gholdengo|move: Trick|[of] p1a: Kyogre\n|-item|p1a: Kyogre|Choice Specs|[from] move: Trick\n|-item|p2b: Gholdengo|Covert Cloak|[from] move: Trick\n|move|p1a: Kyogre|Origin Pulse|p2b: Gholdengo|[spread] p2a,p2b\n|-damage|p2a: Grimmsnarl|0 fnt\n|-damage|p2b: Gholdengo|0 fnt\n|faint|p2a: Grimmsnarl\n|faint|p2b: Gholdengo\n|\n|win|actuary97\n|raw|actuary97's rating: 1565 &rarr; <strong>1586<\/strong><br \/>(+21 for winning)\n|raw|yongbao's rating: 1577 &rarr; <strong>1556<\/strong><br \/>(-21 for losing)\n|l|\u2606yongbao\n|player|p2|\n|l|\u2606actuary97\n|player|p1|\n|j|\u2606actuary97\n|player|p1|actuary97|sabrina-frlg|\n|l|\u2606actuary97\n|player|p1|\n","uploadtime":1737205897,"views":8,"formatid":"gen9vgc2025regg","rating":1556,"private":0,"password":null}