{"id":"gen9vgc2025regg-2283919756","format":"[Gen 9] VGC 2025 Reg G","players":["longhq","AIM yon1995"],"log":"|j|\u203dlonghq\n|j|\u2606AIM yon1995\n|t:|1737275633\n|gametype|doubles\n|player|p1|longhq|dawn|1520\n|player|p2|AIM yon1995|169|1562\n|teamsize|p1|6\n|teamsize|p2|6\n|gen|9\n|tier|[Gen 9] VGC 2025 Reg G\n|rated|\n|rule|Species Clause: Limit one of each Pok\u00e9mon\n|rule|Item Clause: Limit 1 of each item\n|clearpoke\n|poke|p1|Miraidon, L50|\n|poke|p1|Iron Hands, L50|\n|poke|p1|Smeargle, L50, F|\n|poke|p1|Tornadus, L50, M|\n|poke|p1|Ogerpon-Hearthflame, L50, F|\n|poke|p1|Iron Valiant, L50|\n|poke|p2|Terapagos, L50, M|\n|poke|p2|Smeargle, L50, F|\n|poke|p2|Tornadus, L50, M|\n|poke|p2|Ogerpon-Hearthflame, L50, F|\n|poke|p2|Dondozo, L50, M|\n|poke|p2|Tatsugiri-Stretchy, L50, F|\n|teampreview|4\n|j| ChickenZX\n|inactive|Battle timer is ON: inactive players will automatically lose when time's up. (requested by AIM yon1995)\n|inactive|longhq has 60 seconds left.\n|\n|t:|1737275690\n|start\n|switch|p1a: Smeargle|Smeargle, L50, F|100\/100\n|switch|p1b: Tornadus|Tornadus, L50, M|100\/100\n|switch|p2a: Terapagos|Terapagos, L50, M|100\/100\n|switch|p2b: Smeargle|Smeargle, L50, F|100\/100\n|-activate|p2a: Terapagos|ability: Tera Shift\n|detailschange|p2a: Terapagos|Terapagos-Terastal, L50, M\n|-heal|p2a: Terapagos|100\/100|[silent]\n|turn|1\n|\n|t:|1737275706\n|-terastallize|p1a: Smeargle|Ghost\n|move|p2b: Smeargle|Fake Out|p1a: Smeargle\n|-immune|p1a: Smeargle\n|move|p1b: Tornadus|Tailwind|p1b: Tornadus\n|-sidestart|p1: longhq|move: Tailwind\n|move|p1a: Smeargle|Spore|p2b: Smeargle\n|-status|p2b: Smeargle|slp|[from] move: Spore\n|move|p2a: Terapagos|Tera Starstorm|p1a: Smeargle\n|-immune|p1a: Smeargle\n|\n|-ability|p1a: Smeargle|Moody|boost\n|-boost|p1a: Smeargle|spa|2\n|-unboost|p1a: Smeargle|atk|1\n|-ability|p2b: Smeargle|Moody|boost\n|-boost|p2b: Smeargle|atk|2\n|-unboost|p2b: Smeargle|spe|1\n|upkeep\n|turn|2\n|\n|t:|1737275727\n|switch|p2a: Ogerpon|Ogerpon-Hearthflame, L50, F|100\/100\n|-ability|p2a: Ogerpon|Mold Breaker\n|move|p1b: Tornadus|Bleakwind Storm|p2a: Ogerpon|[spread] p2a\n|-miss|p1b: Tornadus|p2b: Smeargle\n|-supereffective|p2a: Ogerpon\n|-damage|p2a: Ogerpon|17\/100\n|move|p1a: Smeargle|Spore|p2a: Ogerpon\n|-immune|p2a: Ogerpon\n|cant|p2b: Smeargle|slp\n|\n|-ability|p1a: Smeargle|Moody|boost\n|-boost|p1a: Smeargle|spa|2\n|-unboost|p1a: Smeargle|def|1\n|-ability|p2b: Smeargle|Moody|boost\n|-boost|p2b: Smeargle|spe|2\n|-unboost|p2b: Smeargle|atk|1\n|upkeep\n|turn|3\n|\n|t:|1737275747\n|move|p1b: Tornadus|Bleakwind Storm|p2b: Smeargle|[spread] p2a\n|-miss|p1b: Tornadus|p2b: Smeargle\n|-supereffective|p2a: Ogerpon\n|-damage|p2a: Ogerpon|0 fnt\n|faint|p2a: Ogerpon\n|move|p1a: Smeargle|Decorate|p1b: Tornadus\n|-boost|p1b: Tornadus|atk|2\n|-boost|p1b: Tornadus|spa|2\n|-curestatus|p2b: Smeargle|slp|[msg]\n|move|p2b: Smeargle|Spore|p1b: Tornadus\n|-status|p1b: Tornadus|slp|[from] move: Spore\n|\n|-ability|p1a: Smeargle|Moody|boost\n|-boost|p1a: Smeargle|spe|2\n|-unboost|p1a: Smeargle|def|1\n|-ability|p2b: Smeargle|Moody|boost\n|-boost|p2b: Smeargle|atk|2\n|-unboost|p2b: Smeargle|spd|1\n|upkeep\n|\n|t:|1737275767\n|switch|p2a: Terapagos|Terapagos-Terastal, L50, M|100\/100\n|turn|4\n|\n|t:|1737275781\n|switch|p1b: Iron Hands|Iron Hands, L50|100\/100\n|-terastallize|p2b: Smeargle|Grass\n|move|p2b: Smeargle|Follow Me|p2b: Smeargle\n|-singleturn|p2b: Smeargle|move: Follow Me\n|move|p1a: Smeargle|Spore|p2b: Smeargle\n|-immune|p2b: Smeargle\n|move|p2a: Terapagos|Tera Starstorm|p1b: Iron Hands\n|-damage|p1b: Iron Hands|55\/100\n|\n|-sideend|p1: longhq|move: Tailwind\n|-ability|p1a: Smeargle|Moody|boost\n|-boost|p1a: Smeargle|spa|2\n|-unboost|p1a: Smeargle|atk|1\n|-ability|p2b: Smeargle|Moody|boost\n|-boost|p2b: Smeargle|spd|2\n|-unboost|p2b: Smeargle|atk|1\n|upkeep\n|turn|5\n|inactive|longhq has 30 seconds left.\n|j| u-raosu\n|\n|t:|1737275816\n|-end|p1b: Iron Hands|Quark Drive|[silent]\n|switch|p1b: Miraidon|Miraidon, L50|100\/100\n|-fieldstart|move: Electric Terrain|[from] ability: Hadron Engine|[of] p1b: Miraidon\n|move|p1a: Smeargle|Follow Me|p1a: Smeargle\n|-singleturn|p1a: Smeargle|move: Follow Me\n|move|p2b: Smeargle|Spore|p1a: Smeargle\n|-activate|p1a: Smeargle|move: Electric Terrain\n|move|p2a: Terapagos|Tera Starstorm|p1a: Smeargle\n|-immune|p1a: Smeargle\n|\n|-ability|p1a: Smeargle|Moody|boost\n|-boost|p1a: Smeargle|def|2\n|-unboost|p1a: Smeargle|spe|1\n|-ability|p2b: Smeargle|Moody|boost\n|-boost|p2b: Smeargle|spd|2\n|-unboost|p2b: Smeargle|def|1\n|upkeep\n|turn|6\n|-message|AIM yon1995 forfeited.\n|\n|win|longhq\n|raw|longhq's rating: 1520 &rarr; <strong>1542<\/strong><br \/>(+22 for winning)\n|raw|AIM yon1995's rating: 1562 &rarr; <strong>1540<\/strong><br \/>(-22 for losing)\n|l|\u2606AIM yon1995\n|player|p2|\n|l|\u203dlonghq\n|player|p1|\n|l| u-raosu\n","uploadtime":1737276079,"views":32,"formatid":"gen9vgc2025regg","rating":1540,"private":0,"password":null}