{"id":"gen9vgc2025regg-2283115500","format":"[Gen 9] VGC 2025 Reg G","players":["Banthejuggalo","actuary97"],"log":"|j|\u2606Banthejuggalo\n|j|\u2606actuary97\n|t:|1737150685\n|gametype|doubles\n|player|p1|Banthejuggalo|266|1580\n|player|p2|actuary97|sabrina-frlg|1595\n|teamsize|p1|6\n|teamsize|p2|6\n|gen|9\n|tier|[Gen 9] VGC 2025 Reg G\n|rated|\n|rule|Species Clause: Limit one of each Pok\u00e9mon\n|rule|Item Clause: Limit 1 of each item\n|clearpoke\n|poke|p1|Grimmsnarl, L50, M|\n|poke|p1|Zamazenta-*, L50|\n|poke|p1|Landorus, L50, M|\n|poke|p1|Rillaboom, L50, F|\n|poke|p1|Urshifu-*, L50, F|\n|poke|p1|Moltres-Galar, L50|\n|poke|p2|Amoonguss, L50, M|\n|poke|p2|Comfey, L50, M|\n|poke|p2|Whimsicott, L50, M|\n|poke|p2|Rillaboom, L50, M|\n|poke|p2|Kyogre, L50|\n|poke|p2|Archaludon, L50, M|\n|teampreview|4\nactuary97 has agreed to open team sheets.\n|\n|t:|1737150740\n|start\n|switch|p1a: Grimmsnarl|Grimmsnarl, L50, M|100\/100\n|switch|p1b: Urshifu|Urshifu-Rapid-Strike, L50, F|100\/100\n|switch|p2a: Whimsicott|Whimsicott, L50, M, shiny|100\/100\n|switch|p2b: Archaludon|Archaludon, L50, M, shiny|100\/100\n|turn|1\n|\n|t:|1737150757\n|switch|p1b: Rillaboom|Rillaboom, L50, F|100\/100\n|-fieldstart|move: Grassy Terrain|[from] ability: Grassy Surge|[of] p1b: Rillaboom\n|switch|p2b: Comfey|Comfey, L50, M, shiny|100\/100\n|move|p1a: Grimmsnarl|Light Screen|p1a: Grimmsnarl\n|-sidestart|p1: Banthejuggalo|move: Light Screen\n|move|p2a: Whimsicott|Moonblast|p1b: Rillaboom\n|-damage|p1b: Rillaboom|84\/100\n|\n|-heal|p1b: Rillaboom|89\/100|[from] Grassy Terrain\n|upkeep\n|turn|2\n|\n|t:|1737150780\n|switch|p2a: Archaludon|Archaludon, L50, M, shiny|100\/100\n|move|p1a: Grimmsnarl|Thunder Wave|p2b: Comfey\n|-status|p2b: Comfey|par\n|move|p1b: Rillaboom|Wood Hammer|p2b: Comfey\n|-damage|p2b: Comfey|3\/100 par\n|-damage|p1b: Rillaboom|65\/100|[from] Recoil\n|move|p2b: Comfey|Taunt|p1a: Grimmsnarl\n|-start|p1a: Grimmsnarl|move: Taunt\n|\n|-heal|p1b: Rillaboom|71\/100|[from] Grassy Terrain\n|-heal|p2b: Comfey|9\/100 par|[from] Grassy Terrain\n|upkeep\n|turn|3\n|\n|t:|1737150821\n|switch|p2b: Whimsicott|Whimsicott, L50, M, shiny|100\/100\n|move|p2a: Archaludon|Flash Cannon|p1a: Grimmsnarl\n|-supereffective|p1a: Grimmsnarl\n|-damage|p1a: Grimmsnarl|50\/100\n|move|p1b: Rillaboom|U-turn|p2b: Whimsicott\n|-damage|p2b: Whimsicott|60\/100\n|\n|t:|1737150832\n|switch|p1b: Zamazenta|Zamazenta-Crowned, L50|100\/100|[from] U-turn\n|-ability|p1b: Zamazenta|Dauntless Shield|boost\n|-boost|p1b: Zamazenta|def|1\n|move|p1a: Grimmsnarl|Foul Play|p2b: Whimsicott\n|-resisted|p2b: Whimsicott\n|-damage|p2b: Whimsicott|45\/100\n|\n|-heal|p2b: Whimsicott|50\/100|[from] Grassy Terrain\n|-heal|p1a: Grimmsnarl|56\/100|[from] Grassy Terrain\n|upkeep\n|turn|4\n|\n|t:|1737150857\n|-terastallize|p2a: Archaludon|Flying\n|move|p2b: Whimsicott|Beat Up|p2a: Archaludon\n|-damage|p2a: Archaludon|98\/100\n|-ability|p2a: Archaludon|Stamina|boost\n|-boost|p2a: Archaludon|def|1\n|-damage|p2a: Archaludon|97\/100\n|-ability|p2a: Archaludon|Stamina|boost\n|-boost|p2a: Archaludon|def|1\n|-damage|p2a: Archaludon|96\/100\n|-ability|p2a: Archaludon|Stamina|boost\n|-boost|p2a: Archaludon|def|1\n|-hitcount|p2a: Archaludon|3\n|move|p1b: Zamazenta|Heavy Slam|p2b: Whimsicott\n|-supereffective|p2b: Whimsicott\n|-damage|p2b: Whimsicott|0 fnt\n|faint|p2b: Whimsicott\n|move|p2a: Archaludon|Flash Cannon|p1a: Grimmsnarl\n|-supereffective|p1a: Grimmsnarl\n|-damage|p1a: Grimmsnarl|5\/100\n|move|p1a: Grimmsnarl|Foul Play|p2a: Archaludon\n|-damage|p2a: Archaludon|88\/100\n|-ability|p2a: Archaludon|Stamina|boost\n|-boost|p2a: Archaludon|def|1\n|\n|-heal|p1a: Grimmsnarl|11\/100|[from] Grassy Terrain\n|upkeep\n|\n|t:|1737150880\n|switch|p2b: Comfey|Comfey, L50, M, shiny|9\/100 par\n|turn|5\n|j| kyo9t\n|\n|t:|1737150898\n|switch|p1a: Rillaboom|Rillaboom, L50, F|71\/100\n|-terastallize|p1b: Zamazenta|Dragon\n|move|p2b: Comfey|Draining Kiss|p1a: Rillaboom\n|-damage|p1a: Rillaboom|60\/100\n|-heal|p2b: Comfey|19\/100 par|[from] drain|[of] p1a: Rillaboom\n|move|p1b: Zamazenta|Iron Defense|p1b: Zamazenta\n|-boost|p1b: Zamazenta|def|2\n|move|p2a: Archaludon|Body Press|p1b: Zamazenta\n|-damage|p1b: Zamazenta|85\/100\n|\n|-heal|p1b: Zamazenta|91\/100|[from] Grassy Terrain\n|-heal|p1a: Rillaboom|66\/100|[from] Grassy Terrain\n|-heal|p2b: Comfey|25\/100 par|[from] Grassy Terrain\n|-fieldend|move: Grassy Terrain\n|upkeep\n|turn|6\n|\n|t:|1737150915\n|switch|p1a: Grimmsnarl|Grimmsnarl, L50, M|11\/100\n|move|p1b: Zamazenta|Protect|p1b: Zamazenta\n|-singleturn|p1b: Zamazenta|Protect\n|move|p2b: Comfey|Draining Kiss|p1b: Zamazenta\n|-activate|p1b: Zamazenta|move: Protect\n|move|p2a: Archaludon|Flash Cannon|p1b: Zamazenta\n|-activate|p1b: Zamazenta|move: Protect\n|\n|upkeep\n|turn|7\n|\n|t:|1737150947\n|move|p2b: Comfey|Draining Kiss|p1a: Grimmsnarl\n|-supereffective|p1a: Grimmsnarl\n|-damage|p1a: Grimmsnarl|0 fnt\n|-heal|p2b: Comfey|35\/100 par|[from] drain|[of] p1a: Grimmsnarl\n|faint|p1a: Grimmsnarl\n|move|p1b: Zamazenta|Body Press|p2b: Comfey\n|-resisted|p2b: Comfey\n|-crit|p2b: Comfey\n|-damage|p2b: Comfey|0 fnt\n|faint|p2b: Comfey\n|move|p2a: Archaludon|Flash Cannon|p1b: Zamazenta\n|-damage|p1b: Zamazenta|73\/100\n|\n|upkeep\n|\n|t:|1737150968\n|switch|p2b: Kyogre|Kyogre, L50, shiny|100\/100\n|switch|p1a: Urshifu|Urshifu-Rapid-Strike, L50, F|100\/100\n|-weather|RainDance|[from] ability: Drizzle|[of] p2b: Kyogre\n|turn|8\n|\n|t:|1737150979\n|move|p1b: Zamazenta|Body Press|p2b: Kyogre\n|-damage|p2b: Kyogre|9\/100\n|move|p1a: Urshifu|Surging Strikes|p2a: Archaludon\n|-crit|p2a: Archaludon\n|-damage|p2a: Archaludon|55\/100\n|-ability|p2a: Archaludon|Stamina|boost\n|-boost|p2a: Archaludon|def|1\n|-crit|p2a: Archaludon\n|-damage|p2a: Archaludon|17\/100\n|-ability|p2a: Archaludon|Stamina|boost\n|-boost|p2a: Archaludon|def|1\n|-crit|p2a: Archaludon\n|-damage|p2a: Archaludon|0 fnt\n|faint|p2a: Archaludon\n|-hitcount|p2: Archaludon|3\n|move|p2b: Kyogre|Ice Beam|p1b: Zamazenta\n|-supereffective|p1b: Zamazenta\n|-damage|p1b: Zamazenta|43\/100\n|\n|-weather|RainDance|[upkeep]\n|-sideend|p1: Banthejuggalo|move: Light Screen\n|upkeep\n|turn|9\n|-message|actuary97 forfeited.\n|\n|win|Banthejuggalo\n|raw|Banthejuggalo's rating: 1580 &rarr; <strong>1601<\/strong><br \/>(+21 for winning)\n|raw|actuary97's rating: 1595 &rarr; <strong>1574<\/strong><br \/>(-21 for losing)\n|l|\u2606actuary97\n|player|p2|\n|l|\u2606Banthejuggalo\n|player|p1|\n|l| kyo9t\n","uploadtime":1737151153,"views":10,"formatid":"gen9vgc2025regg","rating":1574,"private":0,"password":null}