{"id":"gen9vgc2025regg-2283031998","format":"[Gen 9] VGC 2025 Reg G","players":["AxeP91","IMayDC"],"log":"|j|\u2606AxeP91\n|j|\u2606IMayDC\n|t:|1737141571\n|gametype|doubles\n|player|p1|AxeP91|265|1607\n|player|p2|IMayDC|clown|1568\n|teamsize|p1|6\n|teamsize|p2|6\n|gen|9\n|tier|[Gen 9] VGC 2025 Reg G\n|rated|\n|rule|Species Clause: Limit one of each Pok\u00e9mon\n|rule|Item Clause: Limit 1 of each item\n|clearpoke\n|poke|p1|Terapagos, L50, M|\n|poke|p1|Urshifu-*, L50, M|\n|poke|p1|Grimmsnarl, L50, M|\n|poke|p1|Amoonguss, L50, M|\n|poke|p1|Incineroar, L50, F|\n|poke|p1|Rillaboom, L50, M|\n|poke|p2|Zamazenta-*, L50|\n|poke|p2|Amoonguss, L50, M|\n|poke|p2|Rillaboom, L50, F|\n|poke|p2|Chien-Pao, L50|\n|poke|p2|Chi-Yu, L50|\n|poke|p2|Flutter Mane, L50|\n|teampreview|4\n|j| Jamel1\n|inactive|Battle timer is ON: inactive players will automatically lose when time's up. (requested by IMayDC)\n|inactive|AxeP91 also wants the timer to be on.\n|\n|t:|1737141596\n|start\n|switch|p1a: Urshifu|Urshifu-Rapid-Strike, L50, M|100\/100\n|switch|p1b: Incineroar|Incineroar, L50, F|100\/100\n|switch|p2a: Chi-Yu|Chi-Yu, L50|100\/100\n|switch|p2b: Flutter Mane|Flutter Mane, L50, shiny|100\/100\n|-ability|p2a: Chi-Yu|Beads of Ruin\n|-ability|p1b: Incineroar|Intimidate|boost\n|-unboost|p2a: Chi-Yu|atk|1\n|-unboost|p2b: Flutter Mane|atk|1\n|-enditem|p2b: Flutter Mane|Booster Energy\n|-activate|p2b: Flutter Mane|ability: Protosynthesis|[fromitem]\n|-start|p2b: Flutter Mane|protosynthesisspe\n|turn|1\n|j| OnionBagger\n|inactive|AxeP91 has 30 seconds left.\n|\n|t:|1737141626\n|-terastallize|p2a: Chi-Yu|Ghost\n|move|p1b: Incineroar|Fake Out|p2a: Chi-Yu\n|-immune|p2a: Chi-Yu\n|move|p2b: Flutter Mane|Moonblast|p1a: Urshifu\n|-supereffective|p1a: Urshifu\n|-enditem|p1a: Urshifu|Focus Sash\n|-damage|p1a: Urshifu|1\/100\n|move|p2a: Chi-Yu|Dark Pulse|p1a: Urshifu\n|-resisted|p1a: Urshifu\n|-damage|p1a: Urshifu|0 fnt\n|faint|p1a: Urshifu\n|\n|upkeep\n|\n|t:|1737141640\n|switch|p1a: Terapagos|Terapagos, L50, M|100\/100\n|-activate|p1a: Terapagos|ability: Tera Shift\n|detailschange|p1a: Terapagos|Terapagos-Terastal, L50, M\n|-heal|p1a: Terapagos|100\/100|[silent]\n|turn|2\n|\n|t:|1737141659\n|switch|p2a: Zamazenta|Zamazenta-Crowned, L50, shiny|100\/100\n|-ability|p2a: Zamazenta|Dauntless Shield|boost\n|-boost|p2a: Zamazenta|def|1\n|-terastallize|p1a: Terapagos|Stellar\n|detailschange|p1a: Terapagos|Terapagos-Stellar, L50, M, tera:Stellar\n|-heal|p1a: Terapagos|100\/100|[silent]\n|move|p2b: Flutter Mane|Icy Wind|p1a: Terapagos|[spread] p1a\n|-miss|p2b: Flutter Mane|p1b: Incineroar\n|-damage|p1a: Terapagos|93\/100\n|-unboost|p1a: Terapagos|spe|1\n|move|p1a: Terapagos|Tera Starstorm|p2b: Flutter Mane|[spread] p2a,p2b\n|-damage|p2a: Zamazenta|57\/100\n|-damage|p2b: Flutter Mane|50\/100\n|move|p1b: Incineroar|Knock Off|p2a: Zamazenta\n|-resisted|p2a: Zamazenta\n|-damage|p2a: Zamazenta|50\/100\n|\n|upkeep\n|turn|3\n|inactive|AxeP91 has 30 seconds left.\n|inactive|IMayDC has 30 seconds left.\n|\n|t:|1737141691\n|switch|p1a: Amoonguss|Amoonguss, L50, M|100\/100\n|move|p2b: Flutter Mane|Moonblast|p1a: Amoonguss\n|-resisted|p1a: Amoonguss\n|-damage|p1a: Amoonguss|81\/100\n|move|p2a: Zamazenta|Body Press|p1b: Incineroar\n|-supereffective|p1b: Incineroar\n|-damage|p1b: Incineroar|0 fnt\n|faint|p1b: Incineroar\n|\n|upkeep\n|j| Therazer456\n|\n|t:|1737141701\n|switch|p1b: Terapagos|Terapagos-Stellar, L50, M, tera:Stellar|93\/100\n|turn|4\n|\n|t:|1737141720\n|move|p2a: Zamazenta|Protect|p2a: Zamazenta\n|-singleturn|p2a: Zamazenta|Protect\n|move|p1a: Amoonguss|Rage Powder|p1a: Amoonguss\n|-singleturn|p1a: Amoonguss|move: Rage Powder\n|move|p2b: Flutter Mane|Shadow Ball|p1a: Amoonguss\n|-damage|p1a: Amoonguss|50\/100\n|-unboost|p1a: Amoonguss|spd|1\n|move|p1b: Terapagos|Tera Starstorm|p2a: Zamazenta|[spread] p2b\n|-activate|p2a: Zamazenta|move: Protect\n|-damage|p2b: Flutter Mane|0 fnt\n|faint|p2b: Flutter Mane\n|-end|p2b: Flutter Mane|Protosynthesis|[silent]\n|\n|upkeep\n|j| Queenliu2\n|\n|t:|1737141733\n|switch|p2b: Chi-Yu|Chi-Yu, L50, tera:Ghost|100\/100\n|-ability|p2b: Chi-Yu|Beads of Ruin\n|turn|5\n|\n|t:|1737141743\n|move|p2a: Zamazenta|Wide Guard|p2a: Zamazenta\n|-singleturn|p2a: Zamazenta|Wide Guard\n|move|p2b: Chi-Yu|Heat Wave|p1a: Amoonguss|[spread] p1a,p1b\n|-supereffective|p1a: Amoonguss\n|-damage|p1a: Amoonguss|0 fnt\n|-damage|p1b: Terapagos|56\/100\n|faint|p1a: Amoonguss\n|move|p1b: Terapagos|Tera Starstorm|p2b: Chi-Yu|[spread] \n|-activate|p2a: Zamazenta|move: Wide Guard\n|-activate|p2b: Chi-Yu|move: Wide Guard\n|\n|upkeep\n|turn|6\n|\n|t:|1737141754\n|move|p2b: Chi-Yu|Heat Wave|p1b: Terapagos\n|-damage|p1b: Terapagos|7\/100\n|move|p2a: Zamazenta|Body Press|p1b: Terapagos\n|-supereffective|p1b: Terapagos\n|-damage|p1b: Terapagos|0 fnt\n|faint|p1b: Terapagos\n|\n|win|IMayDC\n|raw|AxeP91's rating: 1607 &rarr; <strong>1585<\/strong><br \/>(-22 for losing)\n|raw|IMayDC's rating: 1568 &rarr; <strong>1590<\/strong><br \/>(+22 for winning)\n|l|\u2606AxeP91\n|player|p1|\n|l| Therazer456\n|l| OnionBagger\n|l|\u2606IMayDC\n|player|p2|\n|l| Queenliu2\n","uploadtime":1737141899,"views":17,"formatid":"gen9vgc2025regg","rating":1585,"private":0,"password":null}