{"id":"gen9vgc2025regg-2283819356","format":"[Gen 9] VGC 2025 Reg G","players":["eriksp","Zeropoke7310"],"log":"|j|\u2606eriksp\n|j|\u2606Zeropoke7310\n|t:|1737257459\n|gametype|doubles\n|player|p1|eriksp|volkner-masters|1701\n|player|p2|Zeropoke7310|1|1688\n|teamsize|p1|6\n|teamsize|p2|6\n|gen|9\n|tier|[Gen 9] VGC 2025 Reg G\n|rated|\n|rule|Species Clause: Limit one of each Pok\u00e9mon\n|rule|Item Clause: Limit 1 of each item\n|clearpoke\n|poke|p1|Calyrex-Ice, L50|\n|poke|p1|Amoonguss, L50, M|\n|poke|p1|Landorus, L50, M|\n|poke|p1|Regieleki, L50|\n|poke|p1|Urshifu-*, L50, M|\n|poke|p1|Iron Valiant, L50|\n|poke|p2|Zamazenta-*, L50|\n|poke|p2|Chien-Pao, L50|\n|poke|p2|Urshifu-*, L50, M|\n|poke|p2|Amoonguss, L50, F|\n|poke|p2|Rillaboom, L50, F|\n|poke|p2|Pelipper, L50, M|\n|teampreview|4\neriksp has agreed to open team sheets.\n|\n|t:|1737257474\n|start\n|switch|p1a: untitled 05|Calyrex-Ice, L50|100\/100\n|switch|p1b: Rigamortus|Regieleki, L50|100\/100\n|switch|p2a: Zamazenta|Zamazenta-Crowned, L50, shiny|100\/100\n|switch|p2b: Chien-Pao|Chien-Pao, L50|100\/100\n|-ability|p1a: untitled 05|As One\n|-ability|p1a: untitled 05|Unnerve\n|-ability|p2b: Chien-Pao|Sword of Ruin\n|-ability|p2a: Zamazenta|Dauntless Shield|boost\n|-boost|p2a: Zamazenta|def|1\n|turn|1\n|j| Baguettezzz\n|\n|t:|1737257492\n|move|p1a: untitled 05|Protect|p1a: untitled 05\n|-singleturn|p1a: untitled 05|Protect\n|move|p1b: Rigamortus|Electroweb|p2b: Chien-Pao|[spread] p2a,p2b\n|-damage|p2a: Zamazenta|83\/100\n|-damage|p2b: Chien-Pao|57\/100\n|-unboost|p2a: Zamazenta|spe|1\n|-unboost|p2b: Chien-Pao|spe|1\n|move|p2b: Chien-Pao|Icicle Crash|p1b: Rigamortus\n|-enditem|p1b: Rigamortus|Focus Sash\n|-damage|p1b: Rigamortus|1\/100\n|move|p2a: Zamazenta|Body Press|p1a: untitled 05\n|-activate|p1a: untitled 05|move: Protect\n|\n|upkeep\n|turn|2\n|\n|t:|1737257509\n|move|p2b: Chien-Pao|Ice Shard|p1b: Rigamortus\n|-damage|p1b: Rigamortus|0 fnt\n|faint|p1b: Rigamortus\n|move|p2a: Zamazenta|Body Press|p1a: untitled 05\n|-damage|p1a: untitled 05|54\/100\n|move|p1a: untitled 05|High Horsepower|p2b: Chien-Pao\n|-damage|p2b: Chien-Pao|1\/100\n|\n|upkeep\n|\n|t:|1737257513\n|switch|p1b: HiiiPoWeR|Landorus, L50, M|100\/100\n|turn|3\n|\n|t:|1737257542\n|-terastallize|p1b: HiiiPoWeR|Water\n|-terastallize|p2a: Zamazenta|Grass\n|move|p2b: Chien-Pao|Protect|p2b: Chien-Pao\n|-singleturn|p2b: Chien-Pao|Protect\n|move|p1b: HiiiPoWeR|Sandsear Storm|p2b: Chien-Pao|[spread] p2a\n|-activate|p2b: Chien-Pao|move: Protect\n|-resisted|p2a: Zamazenta\n|-damage|p2a: Zamazenta|65\/100\n|move|p2a: Zamazenta|Body Press|p1a: untitled 05\n|-damage|p1a: untitled 05|4\/100\n|move|p1a: untitled 05|High Horsepower|p2b: Chien-Pao\n|-activate|p2b: Chien-Pao|move: Protect\n|\n|upkeep\n|turn|4\n|\n|t:|1737257577\n|move|p2b: Chien-Pao|Ice Shard|p1a: untitled 05\n|-resisted|p1a: untitled 05\n|-damage|p1a: untitled 05|0 fnt\n|faint|p1a: untitled 05\n|move|p1b: HiiiPoWeR|Sludge Bomb|p2a: Zamazenta\n|-supereffective|p2a: Zamazenta\n|-damage|p2a: Zamazenta|0 fnt\n|faint|p2a: Zamazenta\n|\n|upkeep\n|\n|t:|1737257590\n|switch|p2a: Pelipper|Pelipper, L50, M|100\/100\n|switch|p1a: Chapter Six|Amoonguss, L50, M|100\/100\n|-weather|RainDance|[from] ability: Drizzle|[of] p2a: Pelipper\n|turn|5\n|\n|t:|1737257604\n|switch|p2b: Amoonguss|Amoonguss, L50, F, shiny|100\/100\n|move|p1a: Chapter Six|Protect|p1a: Chapter Six\n|-singleturn|p1a: Chapter Six|Protect\n|move|p1b: HiiiPoWeR|Sludge Bomb|p2b: Amoonguss\n|-damage|p2b: Amoonguss|64\/100\n|move|p2a: Pelipper|Hurricane|p1b: HiiiPoWeR\n|-damage|p1b: HiiiPoWeR|42\/100\n|-start|p1b: HiiiPoWeR|confusion\n|\n|-weather|RainDance|[upkeep]\n|upkeep\n|turn|6\n|\n|t:|1737257625\n|-activate|p1b: HiiiPoWeR|confusion\n|move|p1b: HiiiPoWeR|Protect|p1b: HiiiPoWeR\n|-singleturn|p1b: HiiiPoWeR|Protect\n|move|p2a: Pelipper|Hurricane|p1a: Chapter Six\n|-supereffective|p1a: Chapter Six\n|-damage|p1a: Chapter Six|22\/100\n|move|p2b: Amoonguss|Sludge Bomb|p1b: HiiiPoWeR\n|-activate|p1b: HiiiPoWeR|move: Protect\n|move|p1a: Chapter Six|Spore|p2a: Pelipper\n|-activate|p2a: Pelipper|item: Safety Goggles|Spore\n|\n|-weather|RainDance|[upkeep]\n|upkeep\n|turn|7\n|\n|t:|1737257643\n|-end|p1b: HiiiPoWeR|confusion\n|move|p1b: HiiiPoWeR|Earth Power|p2b: Amoonguss\n|-damage|p2b: Amoonguss|3\/100\n|move|p2a: Pelipper|Hurricane|p1b: HiiiPoWeR\n|-damage|p1b: HiiiPoWeR|0 fnt\n|faint|p1b: HiiiPoWeR\n|move|p2b: Amoonguss|Sludge Bomb|p1a: Chapter Six\n|-damage|p1a: Chapter Six|0 fnt\n|faint|p1a: Chapter Six\n|\n|win|Zeropoke7310\n|raw|eriksp's rating: 1701 &rarr; <strong>1680<\/strong><br \/>(-21 for losing)\n|raw|Zeropoke7310's rating: 1688 &rarr; <strong>1709<\/strong><br \/>(+21 for winning)\n|l|\u2606eriksp\n|player|p1|\n|l|\u2606Zeropoke7310\n|player|p2|\n","uploadtime":1737257818,"views":69,"formatid":"gen9vgc2025regg","rating":1680,"private":0,"password":null}