{"id":"gen9vgc2025regg-2283609603","format":"[Gen 9] VGC 2025 Reg G","players":["cobalt_poke","crayons_7110"],"log":"|j|\u2606cobalt_poke\n|j|\u2606crayons_7110\n|t:|1737230050\n|gametype|doubles\n|player|p1|cobalt_poke|1|1639\n|player|p2|crayons_7110|2|1547\n|teamsize|p1|6\n|teamsize|p2|6\n|gen|9\n|tier|[Gen 9] VGC 2025 Reg G\n|rated|\n|rule|Species Clause: Limit one of each Pok\u00e9mon\n|rule|Item Clause: Limit 1 of each item\n|clearpoke\n|poke|p1|Weezing-Galar, L50, M|\n|poke|p1|Calyrex-Shadow, L50|\n|poke|p1|Dondozo, L50, M|\n|poke|p1|Tatsugiri, L50, F|\n|poke|p1|Roaring Moon, L50|\n|poke|p1|Chi-Yu, L50|\n|poke|p2|Chi-Yu, L50|\n|poke|p2|Whimsicott, L50, M|\n|poke|p2|Miraidon, L50|\n|poke|p2|Farigiraf, L50, F|\n|poke|p2|Iron Hands, L50|\n|poke|p2|Ogerpon-Wellspring, L50, F|\n|teampreview|4\n|j| sushi rider\n|\n|t:|1737230074\n|start\n|switch|p1a: Weezing|Weezing-Galar, L50, M|100\/100\n|switch|p1b: Calyrex|Calyrex-Shadow, L50|100\/100\n|switch|p2a: Chi-Yu|Chi-Yu, L50|100\/100\n|switch|p2b: Whimsicott|Whimsicott, L50, M|100\/100\n|-ability|p1b: Calyrex|As One\n|-ability|p1b: Calyrex|Unnerve\n|-ability|p1a: Weezing|Neutralizing Gas\n|turn|1\n|\n|t:|1737230092\n|move|p2a: Chi-Yu|Dark Pulse|p1b: Calyrex\n|-supereffective|p1b: Calyrex\n|-damage|p1b: Calyrex|0 fnt\n|faint|p1b: Calyrex\n|move|p2b: Whimsicott|Tailwind|p2b: Whimsicott\n|-sidestart|p2: crayons_7110|move: Tailwind\n|move|p1a: Weezing|Poison Gas|p2a: Chi-Yu|[spread] p2a,p2b\n|-status|p2a: Chi-Yu|psn\n|-status|p2b: Whimsicott|psn\n|\n|-damage|p2a: Chi-Yu|88\/100 psn|[from] psn\n|-damage|p2b: Whimsicott|89\/100 psn|[from] psn\n|upkeep\n|\n|t:|1737230095\n|switch|p1b: Dondozo|Dondozo, L50, M|100\/100\n|turn|2\n|\n|t:|1737230145\n|move|p2a: Chi-Yu|Dark Pulse|p1b: Dondozo\n|-damage|p1b: Dondozo|60\/100\n|move|p2b: Whimsicott|Light Screen|p2b: Whimsicott\n|-sidestart|p2: crayons_7110|move: Light Screen\n|move|p1a: Weezing|Toxic Spikes|p2a: Chi-Yu\n|-sidestart|p2: crayons_7110|move: Toxic Spikes\n|move|p1b: Dondozo|Substitute|p1b: Dondozo\n|-start|p1b: Dondozo|Substitute\n|-damage|p1b: Dondozo|35\/100\n|\n|-heal|p1b: Dondozo|41\/100|[from] item: Leftovers\n|-damage|p2a: Chi-Yu|76\/100 psn|[from] psn\n|-damage|p2b: Whimsicott|77\/100 psn|[from] psn\n|upkeep\n|turn|3\n|\n|t:|1737230176\n|move|p1b: Dondozo|Protect|p1b: Dondozo\n|-singleturn|p1b: Dondozo|Protect\n|move|p2a: Chi-Yu|Dark Pulse|p1b: Dondozo\n|-activate|p1b: Dondozo|move: Protect\n|move|p2b: Whimsicott|Moonblast|p1b: Dondozo\n|-activate|p1b: Dondozo|move: Protect\n|move|p1a: Weezing|Strange Steam|p2b: Whimsicott\n|-damage|p2b: Whimsicott|48\/100 psn\n|\n|-heal|p1b: Dondozo|47\/100|[from] item: Leftovers\n|-damage|p2a: Chi-Yu|64\/100 psn|[from] psn\n|-damage|p2b: Whimsicott|36\/100 psn|[from] psn\n|upkeep\n|turn|4\n|\n|t:|1737230188\n|-end|p1a: Weezing|ability: Neutralizing Gas\n|-ability|p2a: Chi-Yu|Beads of Ruin\n|switch|p1a: Tatsugiri|Tatsugiri, L50, F|100\/100\n|-activate|p1a: Tatsugiri|ability: Commander|[of] p1b: Dondozo\n|-boost|p1b: Dondozo|atk|2\n|-boost|p1b: Dondozo|spa|2\n|-boost|p1b: Dondozo|spe|2\n|-boost|p1b: Dondozo|def|2\n|-boost|p1b: Dondozo|spd|2\n|move|p2a: Chi-Yu|Dark Pulse|p1b: Dondozo\n|-end|p1b: Dondozo|Substitute\n|move|p2b: Whimsicott|Moonblast|p1b: Dondozo\n|-damage|p1b: Dondozo|26\/100\n|-unboost|p1b: Dondozo|spa|1\n|move|p1b: Dondozo|Earthquake|p2b: Whimsicott|[spread] p2a,p2b\n|-miss|p1b: Dondozo|p1a: Tatsugiri\n|-supereffective|p2a: Chi-Yu\n|-resisted|p2b: Whimsicott\n|-damage|p2a: Chi-Yu|0 fnt\n|-damage|p2b: Whimsicott|1\/100 psn\n|faint|p2a: Chi-Yu\n|\n|-heal|p1b: Dondozo|32\/100|[from] item: Leftovers\n|-damage|p2b: Whimsicott|0 fnt|[from] psn\n|faint|p2b: Whimsicott\n|-sideend|p2: crayons_7110|move: Tailwind\n|upkeep\n|\n|t:|1737230207\n|switch|p2b: Miraidon|Miraidon, L50|100\/100\n|switch|p2a: Iron Hands|Iron Hands, L50|100\/100\n|-status|p2b: Miraidon|psn\n|-fieldstart|move: Electric Terrain|[from] ability: Hadron Engine|[of] p2b: Miraidon\n|-activate|p2a: Iron Hands|ability: Quark Drive\n|-start|p2a: Iron Hands|quarkdriveatk\n|-status|p2a: Iron Hands|psn\n|turn|5\n|inactive|Battle timer is ON: inactive players will automatically lose when time's up. (requested by cobalt_poke)\n|l|\u2606crayons_7110\n|inactive|crayons_7110 disconnected and has a minute to reconnect!\n|player|p2|\n|j|\u2606crayons_7110\n|inactive|crayons_7110 reconnected and has 80 seconds left.\n|player|p2|crayons_7110|2|\n|\n|t:|1737230245\n|-terastallize|p2b: Miraidon|Fairy\n|move|p1b: Dondozo|Protect|p1b: Dondozo\n|-singleturn|p1b: Dondozo|Protect\n|move|p2b: Miraidon|Dazzling Gleam|p1a: Tatsugiri|[spread] \n|-miss|p2b: Miraidon|p1a: Tatsugiri\n|-activate|p1b: Dondozo|move: Protect\n|move|p2a: Iron Hands|Drain Punch|p1b: Dondozo\n|-activate|p1b: Dondozo|move: Protect\n|\n|-heal|p1b: Dondozo|38\/100|[from] item: Leftovers\n|-damage|p2b: Miraidon|88\/100 psn|[from] psn\n|-damage|p2a: Iron Hands|88\/100 psn|[from] psn\n|upkeep\n|turn|6\n|\n|t:|1737230253\n|move|p2b: Miraidon|Dazzling Gleam|p1b: Dondozo|[spread] p1b\n|-miss|p2b: Miraidon|p1a: Tatsugiri\n|-damage|p1b: Dondozo|7\/100\n|move|p1b: Dondozo|Earthquake|p2a: Iron Hands|[spread] p2a,p2b\n|-miss|p1b: Dondozo|p1a: Tatsugiri\n|-supereffective|p2a: Iron Hands\n|-damage|p2a: Iron Hands|25\/100 psn\n|-damage|p2b: Miraidon|48\/100 psn\n|move|p2a: Iron Hands|Wild Charge|p1a: Tatsugiri|[miss]\n|-miss|p2a: Iron Hands|p1a: Tatsugiri\n|\n|-heal|p1b: Dondozo|13\/100|[from] item: Leftovers\n|-damage|p2b: Miraidon|36\/100 psn|[from] psn\n|-damage|p2a: Iron Hands|13\/100 psn|[from] psn\n|-sideend|p2: crayons_7110|move: Light Screen\n|upkeep\n|turn|7\n|\n|t:|1737230264\n|move|p1b: Dondozo|Protect|p1b: Dondozo\n|-singleturn|p1b: Dondozo|Protect\n|move|p2b: Miraidon|Dazzling Gleam|p1b: Dondozo|[spread] \n|-miss|p2b: Miraidon|p1a: Tatsugiri\n|-activate|p1b: Dondozo|move: Protect\n|move|p2a: Iron Hands|Wild Charge|p1b: Dondozo\n|-activate|p1b: Dondozo|move: Protect\n|\n|-heal|p1b: Dondozo|19\/100|[from] item: Leftovers\n|-damage|p2b: Miraidon|23\/100 psn|[from] psn\n|-damage|p2a: Iron Hands|0 fnt|[from] psn\n|faint|p2a: Iron Hands\n|-end|p2a: Iron Hands|Quark Drive|[silent]\n|upkeep\n|turn|8\n|\n|t:|1737230270\n|move|p2b: Miraidon|Dazzling Gleam|p1b: Dondozo|[spread] p1b\n|-miss|p2b: Miraidon|p1a: Tatsugiri\n|-damage|p1b: Dondozo|0 fnt\n|faint|p1b: Dondozo\n|\n|-damage|p2b: Miraidon|11\/100 psn|[from] psn\n|upkeep\n|\n|t:|1737230272\n|switch|p1b: Weezing|Weezing-Galar, L50, M|100\/100\n|-ability|p1b: Weezing|Neutralizing Gas\n|turn|9\n|\n|t:|1737230275\n|move|p1a: Tatsugiri|Protect|p1a: Tatsugiri\n|-singleturn|p1a: Tatsugiri|Protect\n|move|p1b: Weezing|Protect|p1b: Weezing\n|-singleturn|p1b: Weezing|Protect\n|move|p2b: Miraidon|Dazzling Gleam|p1b: Weezing|[spread] \n|-activate|p1a: Tatsugiri|move: Protect\n|-activate|p1b: Weezing|move: Protect\n|\n|-damage|p2b: Miraidon|0 fnt|[from] psn\n|faint|p2b: Miraidon\n|\n|win|cobalt_poke\n|upkeep\n|raw|cobalt_poke's rating: 1639 &rarr; <strong>1654<\/strong><br \/>(+15 for winning)\n|raw|crayons_7110's rating: 1547 &rarr; <strong>1532<\/strong><br \/>(-15 for losing)\n|l|\u2606cobalt_poke\n|player|p1|\n|l|\u2606crayons_7110\n|player|p2|\n","uploadtime":1737230503,"views":8,"formatid":"gen9vgc2025regg","rating":1532,"private":0,"password":null}