{"id":"gen9vgc2025regg-2283152179","format":"[Gen 9] VGC 2025 Reg G","players":["Muttonhead","ApateuApateuApateu"],"log":"|j|\u2606Muttonhead\n|j|\u2606ApateuApateuApateu\n|t:|1737155270\n|gametype|doubles\n|player|p1|Muttonhead|swimmerf|1599\n|player|p2|ApateuApateuApateu|steven|1624\n|teamsize|p1|6\n|teamsize|p2|6\n|gen|9\n|tier|[Gen 9] VGC 2025 Reg G\n|rated|\n|rule|Species Clause: Limit one of each Pok\u00e9mon\n|rule|Item Clause: Limit 1 of each item\n|clearpoke\n|poke|p1|Terapagos, L50, M|\n|poke|p1|Farigiraf, L50, F|\n|poke|p1|Urshifu-*, L50, M|\n|poke|p1|Whimsicott, L50, F|\n|poke|p1|Landorus, L50, M|\n|poke|p1|Ogerpon-Hearthflame, L50, F|\n|poke|p2|Calyrex-Ice, L50|\n|poke|p2|Urshifu-*, L50, M|\n|poke|p2|Pelipper, L50, F|\n|poke|p2|Raging Bolt, L50|\n|poke|p2|Incineroar, L50, M|\n|poke|p2|Amoonguss, L50, F|\n|teampreview|4\n|inactive|Battle timer is ON: inactive players will automatically lose when time's up. (requested by Muttonhead)\n|inactive|ApateuApateuApateu has 60 seconds left.\n|inactive|ApateuApateuApateu has 30 seconds left.\n|inactive|ApateuApateuApateu has 20 seconds left.\n|inactive|ApateuApateuApateu has 15 seconds left.\n|inactive|ApateuApateuApateu has 10 seconds left.\n|\n|t:|1737155352\n|start\n|switch|p1a: Terapagos|Terapagos, L50, M|100\/100\n|switch|p1b: Farigiraf|Farigiraf, L50, F, shiny|100\/100\n|switch|p2a: Urshifu|Urshifu-Rapid-Strike, L50, M|100\/100\n|switch|p2b: Incineroar|Incineroar, L50, M|100\/100\n|-activate|p1a: Terapagos|ability: Tera Shift\n|detailschange|p1a: Terapagos|Terapagos-Terastal, L50, M\n|-heal|p1a: Terapagos|100\/100|[silent]\n|-ability|p2b: Incineroar|Intimidate|boost\n|-unboost|p1a: Terapagos|atk|1\n|-unboost|p1b: Farigiraf|atk|1\n|turn|1\n|\n|t:|1737155366\n|switch|p1a: Urshifu|Urshifu-Rapid-Strike, L50, M|100\/100\n|move|p2a: Urshifu|U-turn|p1a: Urshifu\n|-resisted|p1a: Urshifu\n|-damage|p1a: Urshifu|87\/100\n|\n|t:|1737155379\n|switch|p2a: Calyrex|Calyrex-Ice, L50|100\/100|[from] U-turn\n|-ability|p2a: Calyrex|As One\n|-ability|p2a: Calyrex|Unnerve\n|move|p1b: Farigiraf|Psychic Noise|p2a: Calyrex\n|-resisted|p2a: Calyrex\n|-damage|p2a: Calyrex|92\/100\n|-start|p2a: Calyrex|move: Heal Block\n|move|p2b: Incineroar|Parting Shot|p1a: Urshifu\n|-unboost|p1a: Urshifu|atk|1\n|-unboost|p1a: Urshifu|spa|1\n|\n|t:|1737155389\n|switch|p2b: Raging Bolt|Raging Bolt, L50|100\/100|[from] Parting Shot\n|-enditem|p2b: Raging Bolt|Booster Energy\n|-activate|p2b: Raging Bolt|ability: Protosynthesis|[fromitem]\n|-start|p2b: Raging Bolt|protosynthesisspa\n|\n|upkeep\n|turn|2\n|\n|t:|1737155414\n|-terastallize|p2a: Calyrex|Grass\n|move|p1a: Urshifu|Surging Strikes|p2a: Calyrex\n|-resisted|p2a: Calyrex\n|-crit|p2a: Calyrex\n|-damage|p2a: Calyrex|85\/100\n|-resisted|p2a: Calyrex\n|-crit|p2a: Calyrex\n|-damage|p2a: Calyrex|79\/100\n|-resisted|p2a: Calyrex\n|-crit|p2a: Calyrex\n|-damage|p2a: Calyrex|72\/100\n|-hitcount|p2a: Calyrex|3\n|move|p2b: Raging Bolt|Thunderbolt|p1b: Farigiraf\n|-damage|p1b: Farigiraf|24\/100\n|move|p1b: Farigiraf|Foul Play|p2a: Calyrex\n|-damage|p2a: Calyrex|45\/100\n|move|p2a: Calyrex|Glacial Lance|p1b: Farigiraf|[spread] p1a,p1b\n|-resisted|p1a: Urshifu\n|-damage|p1a: Urshifu|60\/100\n|-damage|p1b: Farigiraf|0 fnt\n|faint|p1b: Farigiraf\n|-ability|p2a: Calyrex|Chilling Neigh|boost\n|-boost|p2a: Calyrex|atk|1\n|\n|-end|p2a: Calyrex|move: Heal Block\n|upkeep\n|\n|t:|1737155419\n|switch|p1b: Terapagos|Terapagos-Terastal, L50, M|100\/100\n|turn|3\n|inactive|Muttonhead has 30 seconds left.\n|\n|t:|1737155444\n|switch|p1a: Ogerpon|Ogerpon-Hearthflame, L50, F|100\/100\n|-ability|p1a: Ogerpon|Mold Breaker\n|switch|p2a: Incineroar|Incineroar, L50, M|100\/100\n|-ability|p2a: Incineroar|Intimidate|boost\n|-unboost|p1a: Ogerpon|atk|1\n|-unboost|p1b: Terapagos|atk|1\n|move|p1b: Terapagos|Tera Starstorm|p2b: Raging Bolt\n|-damage|p2b: Raging Bolt|31\/100\n|move|p2b: Raging Bolt|Thunderbolt|p1b: Terapagos\n|-activate|p1b: Terapagos|ability: Tera Shell\n|-resisted|p1b: Terapagos\n|-damage|p1b: Terapagos|68\/100\n|\n|upkeep\n|turn|4\n|inactive|Muttonhead has 30 seconds left.\n|inactive|ApateuApateuApateu has 30 seconds left.\n|inactive|Muttonhead has 20 seconds left.\n|\n|t:|1737155484\n|switch|p1a: Urshifu|Urshifu-Rapid-Strike, L50, M|60\/100\n|-terastallize|p1b: Terapagos|Stellar\n|detailschange|p1b: Terapagos|Terapagos-Stellar, L50, M, tera:Stellar\n|-heal|p1b: Terapagos|77\/100|[silent]\n|move|p2b: Raging Bolt|Protect|p2b: Raging Bolt\n|-singleturn|p2b: Raging Bolt|Protect\n|move|p1b: Terapagos|Tera Starstorm|p2a: Incineroar|[spread] p2a\n|-activate|p2b: Raging Bolt|move: Protect\n|-damage|p2a: Incineroar|45\/100\n|move|p2a: Incineroar|Parting Shot|p1b: Terapagos\n|-unboost|p1b: Terapagos|atk|1\n|-unboost|p1b: Terapagos|spa|1\n|\n|t:|1737155498\n|switch|p2a: Urshifu|Urshifu-Rapid-Strike, L50, M|100\/100|[from] Parting Shot\n|\n|upkeep\n|turn|5\n|\n|t:|1737155515\n|switch|p1b: Ogerpon|Ogerpon-Hearthflame, L50, F|100\/100\n|-ability|p1b: Ogerpon|Mold Breaker\n|move|p2b: Raging Bolt|Thunderclap|p1a: Urshifu\n|-supereffective|p1a: Urshifu\n|-damage|p1a: Urshifu|0 fnt\n|faint|p1a: Urshifu\n|move|p2a: Urshifu|Close Combat|p1b: Ogerpon\n|-damage|p1b: Ogerpon|25\/100\n|-unboost|p2a: Urshifu|def|1\n|-unboost|p2a: Urshifu|spd|1\n|\n|upkeep\n|\n|t:|1737155522\n|switch|p1a: Terapagos|Terapagos-Stellar, L50, M, tera:Stellar|77\/100\n|turn|6\n|inactive|ApateuApateuApateu has 30 seconds left.\n|\n|t:|1737155556\n|move|p1b: Ogerpon|Spiky Shield|p1b: Ogerpon\n|-singleturn|p1b: Ogerpon|move: Protect\n|move|p2b: Raging Bolt|Protect|p2b: Raging Bolt\n|-singleturn|p2b: Raging Bolt|Protect\n|move|p2a: Urshifu|Close Combat|p1b: Ogerpon\n|-damage|p1b: Ogerpon|0 fnt\n|-unboost|p2a: Urshifu|def|1\n|-unboost|p2a: Urshifu|spd|1\n|faint|p1b: Ogerpon\n|move|p1a: Terapagos|Tera Starstorm|p2b: Raging Bolt|[spread] p2a\n|-activate|p2b: Raging Bolt|move: Protect\n|-damage|p2a: Urshifu|0 fnt\n|faint|p2a: Urshifu\n|\n|upkeep\n|\n|t:|1737155562\n|switch|p2a: Incineroar|Incineroar, L50, M|45\/100\n|-ability|p2a: Incineroar|Intimidate|boost\n|-unboost|p1a: Terapagos|atk|1\n|turn|7\n|\n|t:|1737155570\n|move|p2a: Incineroar|Fake Out|p1a: Terapagos\n|-damage|p1a: Terapagos|69\/100\n|cant|p1a: Terapagos|flinch\n|move|p2b: Raging Bolt|Thunderbolt|p1a: Terapagos\n|-damage|p1a: Terapagos|22\/100\n|-status|p1a: Terapagos|par\n|\n|upkeep\n|turn|8\n|\n|t:|1737155585\n|move|p2b: Raging Bolt|Thunderbolt|p1a: Terapagos\n|-damage|p1a: Terapagos|0 fnt\n|faint|p1a: Terapagos\n|\n|win|ApateuApateuApateu\n|raw|Muttonhead's rating: 1599 &rarr; <strong>1580<\/strong><br \/>(-19 for losing)\n|raw|ApateuApateuApateu's rating: 1624 &rarr; <strong>1643<\/strong><br \/>(+19 for winning)\n|l|\u2606Muttonhead\n|player|p1|\n|l|\u2606ApateuApateuApateu\n|player|p2|\n|j|\u2606Muttonhead\n|player|p1|Muttonhead|swimmerf|\n|l|\u2606Muttonhead\n|player|p1|\n","uploadtime":1737155799,"views":18,"formatid":"gen9vgc2025regg","rating":1580,"private":0,"password":null}