{"id":"gen9vgc2025regg-2283829794","format":"[Gen 9] VGC 2025 Reg G","players":["longhq","Chipsnguac421"],"log":"|j|\u2606longhq\n|j|\u2606Chipsnguac421\n|t:|1737258977\n|gametype|doubles\n|player|p1|longhq|dawn|1574\n|player|p2|Chipsnguac421|riley|1536\n|teamsize|p1|6\n|teamsize|p2|6\n|gen|9\n|tier|[Gen 9] VGC 2025 Reg G\n|rated|\n|rule|Species Clause: Limit one of each Pok\u00e9mon\n|rule|Item Clause: Limit 1 of each item\n|clearpoke\n|poke|p1|Miraidon, L50|\n|poke|p1|Iron Hands, L50|\n|poke|p1|Smeargle, L50, F|\n|poke|p1|Tornadus, L50, M|\n|poke|p1|Ogerpon-Hearthflame, L50, F|\n|poke|p1|Iron Valiant, L50|\n|poke|p2|Groudon, L50|\n|poke|p2|Flutter Mane, L50|\n|poke|p2|Chi-Yu, L50|\n|poke|p2|Indeedee-F, L50, F|\n|poke|p2|Sableye, L50, M|\n|poke|p2|Altaria, L50, M|\n|teampreview|4\n|inactive|Battle timer is ON: inactive players will automatically lose when time's up. (requested by Chipsnguac421)\n|\n|t:|1737259010\n|start\n|switch|p1a: Smeargle|Smeargle, L50, F|100\/100\n|switch|p1b: Tornadus|Tornadus, L50, M|100\/100\n|switch|p2a: Indeedee|Indeedee-F, L50, F|100\/100\n|switch|p2b: Flutter Mane|Flutter Mane, L50|100\/100\n|-fieldstart|move: Psychic Terrain|[from] ability: Psychic Surge|[of] p2a: Indeedee\n|-enditem|p2a: Indeedee|Psychic Seed\n|-boost|p2a: Indeedee|spd|1|[from] item: Psychic Seed\n|turn|1\n|j| ExcessivelyAve\n|inactive|Chipsnguac421 has 30 seconds left.\n|\n|t:|1737259036\n|move|p1b: Tornadus|Tailwind|p1b: Tornadus\n|-sidestart|p1: longhq|move: Tailwind\n|move|p1a: Smeargle|Spore|p2b: Flutter Mane\n|-status|p2b: Flutter Mane|slp|[from] move: Spore\n|cant|p2b: Flutter Mane|slp\n|move|p2a: Indeedee|Trick Room|p2a: Indeedee\n|-fieldstart|move: Trick Room|[of] p2a: Indeedee\n|\n|-ability|p1a: Smeargle|Moody|boost\n|-boost|p1a: Smeargle|spa|2\n|-unboost|p1a: Smeargle|atk|1\n|upkeep\n|turn|2\n|j| xiaolongH\n|inactive|longhq has 30 seconds left.\n|\n|t:|1737259066\n|-end|p2b: Flutter Mane|Protosynthesis|[silent]\n|switch|p2b: Groudon|Groudon, L50|100\/100\n|-weather|SunnyDay|[from] ability: Drought|[of] p2b: Groudon\n|move|p2a: Indeedee|Psychic|p1a: Smeargle\n|-damage|p1a: Smeargle|25\/100\n|move|p1a: Smeargle|Decorate|p1b: Tornadus\n|-boost|p1b: Tornadus|atk|2\n|-boost|p1b: Tornadus|spa|2\n|move|p1b: Tornadus|Bleakwind Storm|p2b: Groudon|[spread] p2a,p2b\n|-damage|p2a: Indeedee|56\/100\n|-damage|p2b: Groudon|15\/100\n|\n|-weather|SunnyDay|[upkeep]\n|-ability|p1a: Smeargle|Moody|boost\n|-boost|p1a: Smeargle|spa|2\n|-unboost|p1a: Smeargle|spd|1\n|upkeep\n|turn|3\n|j| divineko0_0\n|inactive|longhq has 30 seconds left.\n|inactive|Chipsnguac421 has 30 seconds left.\n|inactive|longhq has 20 seconds left.\n|\n|t:|1737259106\n|-terastallize|p2b: Groudon|Fire\n|-terastallize|p1b: Tornadus|Water\n|move|p1a: Smeargle|Wide Guard|p1a: Smeargle\n|-singleturn|p1a: Smeargle|Wide Guard\n|move|p2a: Indeedee|Psychic|p1a: Smeargle\n|-damage|p1a: Smeargle|0 fnt\n|faint|p1a: Smeargle\n|move|p2b: Groudon|Heat Crash|p1b: Tornadus\n|-resisted|p1b: Tornadus\n|-damage|p1b: Tornadus|0 fnt\n|faint|p1b: Tornadus\n|-damage|p2b: Groudon|6\/100|[from] item: Life Orb\n|\n|-weather|SunnyDay|[upkeep]\n|upkeep\n|\n|t:|1737259122\n|switch|p1a: Ogerpon|Ogerpon-Hearthflame, L50, F|100\/100\n|switch|p1b: Miraidon|Miraidon, L50|100\/100\n|-ability|p1a: Ogerpon|Mold Breaker\n|-fieldstart|move: Electric Terrain|[from] ability: Hadron Engine|[of] p1b: Miraidon\n|turn|4\n|inactive|longhq has 30 seconds left.\n|\n|t:|1737259148\n|move|p2a: Indeedee|Helping Hand|p2b: Groudon\n|-singleturn|p2b: Groudon|Helping Hand|[of] p2a: Indeedee\n|move|p1a: Ogerpon|Spiky Shield|p1a: Ogerpon\n|-singleturn|p1a: Ogerpon|move: Protect\n|move|p2b: Groudon|Precipice Blades|p1a: Ogerpon|[spread] p1b\n|-activate|p1a: Ogerpon|move: Protect\n|-supereffective|p1b: Miraidon\n|-damage|p1b: Miraidon|0 fnt\n|faint|p1b: Miraidon\n|-damage|p2b: Groudon|0 fnt|[from] item: Life Orb\n|faint|p2b: Groudon\n|\n|-weather|SunnyDay|[upkeep]\n|-sideend|p1: longhq|move: Tailwind\n|upkeep\n|j| SiKen't\n|\n|t:|1737259161\n|switch|p2b: Chi-Yu|Chi-Yu, L50|100\/100\n|-ability|p2b: Chi-Yu|Beads of Ruin\n|turn|5\n|\n|t:|1737259177\n|move|p2a: Indeedee|Follow Me|p2a: Indeedee\n|-singleturn|p2a: Indeedee|move: Follow Me\n|move|p1a: Ogerpon|Ivy Cudgel|p2a: Indeedee|[anim] Ivy Cudgel Fire\n|-damage|p2a: Indeedee|0 fnt\n|faint|p2a: Indeedee\n|move|p2b: Chi-Yu|Dark Pulse|p1a: Ogerpon\n|-damage|p1a: Ogerpon|31\/100\n|\n|-weather|SunnyDay|[upkeep]\n|-fieldend|move: Trick Room\n|upkeep\n|\n|t:|1737259184\n|switch|p2a: Flutter Mane|Flutter Mane, L50|100\/100 slp\n|-activate|p2a: Flutter Mane|ability: Protosynthesis\n|-start|p2a: Flutter Mane|protosynthesisspe\n|turn|6\n|\n|t:|1737259195\n|-curestatus|p2a: Flutter Mane|slp|[msg]\n|move|p2a: Flutter Mane|Hex|p1a: Ogerpon\n|-damage|p1a: Ogerpon|0 fnt\n|faint|p1a: Ogerpon\n|\n|win|Chipsnguac421\n|raw|longhq's rating: 1574 &rarr; <strong>1552<\/strong><br \/>(-22 for losing)\n|raw|Chipsnguac421's rating: 1536 &rarr; <strong>1558<\/strong><br \/>(+22 for winning)\n|c|\u2606Chipsnguac421|gg\n|l| divineko0_0\n|l| ExcessivelyAve\n|l|\u2606longhq\n|player|p1|\n|l| xiaolongH\n|l|\u2606Chipsnguac421\n|player|p2|\n","uploadtime":1737259339,"views":8,"formatid":"gen9vgc2025regg","rating":1552,"private":0,"password":null}