{"id":"gen9vgc2025regg-2283672075","format":"[Gen 9] VGC 2025 Reg G","players":["Diestoise","MathiusDaius"],"log":"|j|\u2606Diestoise\n|j|\u2606MathiusDaius\n|t:|1737237764\n|gametype|doubles\n|player|p1|Diestoise|blue|1545\n|player|p2|MathiusDaius|gambler|1666\n|teamsize|p1|6\n|teamsize|p2|6\n|gen|9\n|tier|[Gen 9] VGC 2025 Reg G\n|rated|\n|rule|Species Clause: Limit one of each Pok\u00e9mon\n|rule|Item Clause: Limit 1 of each item\n|clearpoke\n|poke|p1|Groudon, L50|\n|poke|p1|Raging Bolt, L50|\n|poke|p1|Entei, L50|\n|poke|p1|Farigiraf, L50, F|\n|poke|p1|Venusaur, L50, M|\n|poke|p1|Grimmsnarl, L50, M|\n|poke|p2|Calyrex-Ice, L50|\n|poke|p2|Smeargle, L50, M|\n|poke|p2|Farigiraf, L50, F|\n|poke|p2|Urshifu-*, L50, M|\n|poke|p2|Annihilape, L50, M|\n|poke|p2|Torkoal, L50, M|\n|teampreview|4\n|inactive|Battle timer is ON: inactive players will automatically lose when time's up. (requested by MathiusDaius)\n|inactive|MathiusDaius has 60 seconds left.\n|\n|t:|1737237795\n|start\n|switch|p1a: Entei|Entei, L50|100\/100\n|switch|p1b: Grimmsnarl|Grimmsnarl, L50, M, shiny|100\/100\n|switch|p2a: Annihilape|Annihilape, L50, M|100\/100\n|switch|p2b: Farigiraf|Farigiraf, L50, F|100\/100\n|turn|1\n|inactive|Diestoise has 30 seconds left.\n|inactive|Diestoise has 20 seconds left.\n|inactive|Diestoise has 15 seconds left.\n|inactive|Diestoise has 10 seconds left.\n|\n|t:|1737237840\n|switch|p1a: Raging Bolt|Raging Bolt, L50|100\/100\n|move|p1b: Grimmsnarl|Light Screen|p1b: Grimmsnarl\n|-sidestart|p1: Diestoise|move: Light Screen\n|move|p2a: Annihilape|Final Gambit|p1b: Grimmsnarl\n|-damage|p1b: Grimmsnarl|0 fnt\n|faint|p2a: Annihilape\n|faint|p1b: Grimmsnarl\n|move|p2b: Farigiraf|Trick Room|p2b: Farigiraf\n|-fieldstart|move: Trick Room|[of] p2b: Farigiraf\n|\n|upkeep\n|\n|t:|1737237854\n|switch|p1b: Entei|Entei, L50|100\/100\n|switch|p2a: Calyrex|Calyrex-Ice, L50|100\/100\n|-ability|p2a: Calyrex|As One\n|-ability|p2a: Calyrex|Unnerve\n|turn|2\n|inactive|MathiusDaius has 30 seconds left.\n|\n|t:|1737237888\n|-terastallize|p1a: Raging Bolt|Electric\n|move|p2a: Calyrex|Protect|p2a: Calyrex\n|-singleturn|p2a: Calyrex|Protect\n|move|p2b: Farigiraf|Foul Play|p1b: Entei\n|-damage|p1b: Entei|70\/100\n|move|p1a: Raging Bolt|Thunderbolt|p2a: Calyrex\n|-activate|p2a: Calyrex|move: Protect\n|move|p1b: Entei|Sacred Fire|p2a: Calyrex\n|-activate|p2a: Calyrex|move: Protect\n|\n|upkeep\n|turn|3\n|\n|t:|1737237900\n|-terastallize|p2a: Calyrex|Grass\n|move|p2b: Farigiraf|Helping Hand|p2a: Calyrex\n|-singleturn|p2a: Calyrex|Helping Hand|[of] p2b: Farigiraf\n|move|p2a: Calyrex|Close Combat|p1b: Entei\n|-damage|p1b: Entei|0 fnt\n|-unboost|p2a: Calyrex|def|1\n|-unboost|p2a: Calyrex|spd|1\n|faint|p1b: Entei\n|-ability|p2a: Calyrex|Chilling Neigh|boost\n|-boost|p2a: Calyrex|atk|1\n|move|p1a: Raging Bolt|Thunderbolt|p2a: Calyrex\n|-resisted|p2a: Calyrex\n|-damage|p2a: Calyrex|52\/100\n|-status|p2a: Calyrex|par\n|-damage|p1a: Raging Bolt|91\/100|[from] item: Life Orb\n|\n|upkeep\n|\n|t:|1737237908\n|switch|p1b: Groudon|Groudon, L50|100\/100\n|-weather|SunnyDay|[from] ability: Drought|[of] p1b: Groudon\n|-activate|p1a: Raging Bolt|ability: Protosynthesis\n|-start|p1a: Raging Bolt|protosynthesisspa\n|turn|4\n|\n|t:|1737237920\n|move|p2b: Farigiraf|Helping Hand|p2a: Calyrex\n|-singleturn|p2a: Calyrex|Helping Hand|[of] p2b: Farigiraf\n|move|p1b: Groudon|Protect|p1b: Groudon\n|-singleturn|p1b: Groudon|Protect\n|move|p2a: Calyrex|Glacial Lance|p1b: Groudon|[spread] p1a\n|-activate|p1b: Groudon|move: Protect\n|-damage|p1a: Raging Bolt|0 fnt\n|faint|p1a: Raging Bolt\n|-end|p1a: Raging Bolt|Protosynthesis|[silent]\n|-ability|p2a: Calyrex|Chilling Neigh|boost\n|-boost|p2a: Calyrex|atk|1\n|\n|-weather|SunnyDay|[upkeep]\n|upkeep\n|turn|5\n|\n|t:|1737237930\n|cant|p2a: Calyrex|par\n|move|p2b: Farigiraf|Foul Play|p1b: Groudon\n|-damage|p1b: Groudon|75\/100\n|move|p1b: Groudon|Heat Crash|p2a: Calyrex\n|-supereffective|p2a: Calyrex\n|-damage|p2a: Calyrex|4\/100 par\n|\n|-weather|SunnyDay|[upkeep]\n|-fieldend|move: Trick Room\n|upkeep\n|turn|6\n|\n|t:|1737237939\n|move|p1b: Groudon|Precipice Blades|p2a: Calyrex|[spread] p2a,p2b\n|-resisted|p2a: Calyrex\n|-damage|p2a: Calyrex|0 fnt\n|-damage|p2b: Farigiraf|49\/100\n|faint|p2a: Calyrex\n|move|p2b: Farigiraf|Trick Room|p2b: Farigiraf\n|-fieldstart|move: Trick Room|[of] p2b: Farigiraf\n|\n|-weather|SunnyDay|[upkeep]\n|upkeep\n|\n|t:|1737237941\n|switch|p2a: Torkoal|Torkoal, L50, M|100\/100\n|turn|7\n|\n|t:|1737237950\n|move|p2a: Torkoal|Eruption|p1b: Groudon\n|-damage|p1b: Groudon|13\/100\n|move|p2b: Farigiraf|Foul Play|p1b: Groudon\n|-damage|p1b: Groudon|0 fnt\n|faint|p1b: Groudon\n|\n|win|MathiusDaius\n|raw|Diestoise's rating: 1545 &rarr; <strong>1532<\/strong><br \/>(-13 for losing)\n|raw|MathiusDaius's rating: 1666 &rarr; <strong>1679<\/strong><br \/>(+13 for winning)\n|l|\u2606Diestoise\n|player|p1|\n|l|\u2606MathiusDaius\n|player|p2|\n","uploadtime":1737238131,"views":14,"formatid":"gen9vgc2025regg","rating":1532,"private":0,"password":null}