{"id":"gen9vgc2025regg-2283676547","format":"[Gen 9] VGC 2025 Reg G","players":["MathiusDaius","Farhaz_VGC"],"log":"|j|\u2606MathiusDaius\n|j|\u2606Farhaz_VGC\n|t:|1737238323\n|gametype|doubles\n|player|p1|MathiusDaius|gambler|1630\n|player|p2|Farhaz_VGC|rosa|1590\n|teamsize|p1|6\n|teamsize|p2|6\n|gen|9\n|tier|[Gen 9] VGC 2025 Reg G\n|rated|\n|rule|Species Clause: Limit one of each Pok\u00e9mon\n|rule|Item Clause: Limit 1 of each item\n|clearpoke\n|poke|p1|Calyrex-Ice, L50|\n|poke|p1|Smeargle, L50, F|\n|poke|p1|Farigiraf, L50, F|\n|poke|p1|Urshifu-*, L50, F|\n|poke|p1|Annihilape, L50, F|\n|poke|p1|Torkoal, L50, M|\n|poke|p2|Tornadus, L50, M|\n|poke|p2|Urshifu-*, L50, F|\n|poke|p2|Dragonite, L50, F|\n|poke|p2|Incineroar, L50, F|\n|poke|p2|Landorus-Therian, L50, M|\n|poke|p2|Calyrex-Shadow, L50|\n|teampreview|4\n|inactive|Battle timer is ON: inactive players will automatically lose when time's up. (requested by MathiusDaius)\n|inactive|Farhaz_VGC has 60 seconds left.\n|\n|t:|1737238378\n|start\n|switch|p1a: Annihilape|Annihilape, L50, F|100\/100\n|switch|p1b: Farigiraf|Farigiraf, L50, F|100\/100\n|switch|p2a: Urshifu|Urshifu, L50, F|100\/100\n|switch|p2b: Tornadus|Tornadus, L50, M|100\/100\n|turn|1\n|inactive|MathiusDaius has 30 seconds left.\n|inactive|MathiusDaius has 20 seconds left.\n|inactive|MathiusDaius has 15 seconds left.\n|\n|t:|1737238421\n|-terastallize|p1b: Farigiraf|Fairy\n|move|p1a: Annihilape|Final Gambit|p2a: Urshifu\n|-enditem|p2a: Urshifu|Focus Sash\n|-damage|p2a: Urshifu|1\/100\n|faint|p1a: Annihilape\n|move|p2a: Urshifu|Wicked Blow|p1b: Farigiraf\n|-resisted|p1b: Farigiraf\n|-crit|p1b: Farigiraf\n|-damage|p1b: Farigiraf|71\/100\n|move|p2b: Tornadus|Bleakwind Storm|p1b: Farigiraf|[miss]\n|-miss|p2b: Tornadus|p1b: Farigiraf\n|move|p1b: Farigiraf|Trick Room|p1b: Farigiraf\n|-fieldstart|move: Trick Room|[of] p1b: Farigiraf\n|\n|upkeep\n|\n|t:|1737238428\n|switch|p1a: Urshifu|Urshifu, L50, F|100\/100\n|turn|2\n|\n|t:|1737238446\n|move|p2a: Urshifu|Detect|p2a: Urshifu\n|-singleturn|p2a: Urshifu|Protect\n|move|p1a: Urshifu|Wicked Blow|p2a: Urshifu\n|-resisted|p2a: Urshifu\n|-crit|p2a: Urshifu\n|-damage|p2a: Urshifu|0 fnt\n|faint|p2a: Urshifu\n|move|p1b: Farigiraf|Foul Play|p2b: Tornadus\n|-damage|p2b: Tornadus|81\/100\n|move|p2b: Tornadus|Bleakwind Storm|p1b: Farigiraf|[spread] p1a,p1b\n|-supereffective|p1a: Urshifu\n|-damage|p1a: Urshifu|19\/100\n|-damage|p1b: Farigiraf|44\/100\n|-unboost|p1a: Urshifu|spe|1\n|\n|upkeep\n|inactive|Farhaz_VGC has 30 seconds left.\n|\n|t:|1737238476\n|switch|p2a: Incineroar|Incineroar, L50, F|100\/100\n|-ability|p2a: Incineroar|Intimidate|boost\n|-unboost|p1a: Urshifu|atk|1\n|-unboost|p1b: Farigiraf|atk|1\n|-enditem|p2a: Incineroar|Room Service\n|-unboost|p2a: Incineroar|spe|1|[from] item: Room Service\n|turn|3\n|\n|t:|1737238494\n|move|p1b: Farigiraf|Helping Hand|p1a: Urshifu\n|-singleturn|p1a: Urshifu|Helping Hand|[of] p1b: Farigiraf\n|move|p2a: Incineroar|Fake Out||[still]\n|cant|p1b: Farigiraf|ability: Armor Tail|Fake Out|[of] p2a: Incineroar\n|move|p2b: Tornadus|Taunt||[still]\n|cant|p1b: Farigiraf|ability: Armor Tail|Taunt|[of] p2b: Tornadus\n|move|p1a: Urshifu|Close Combat|p2a: Incineroar\n|-supereffective|p2a: Incineroar\n|-damage|p2a: Incineroar|0 fnt\n|-unboost|p1a: Urshifu|def|1\n|-unboost|p1a: Urshifu|spd|1\n|faint|p2a: Incineroar\n|\n|upkeep\n|\n|t:|1737238506\n|switch|p2a: Calyrex|Calyrex-Shadow, L50|100\/100\n|-ability|p2a: Calyrex|As One\n|-ability|p2a: Calyrex|Unnerve\n|turn|4\n|\n|t:|1737238523\n|-terastallize|p2a: Calyrex|Normal\n|move|p1a: Urshifu|Wicked Blow|p2a: Calyrex\n|-crit|p2a: Calyrex\n|-damage|p2a: Calyrex|33\/100\n|move|p1b: Farigiraf|Twin Beam|p2a: Calyrex\n|-damage|p2a: Calyrex|16\/100\n|-damage|p2a: Calyrex|0 fnt\n|faint|p2a: Calyrex\n|-hitcount|p2: Calyrex|2\n|move|p2b: Tornadus|Bleakwind Storm|p1b: Farigiraf|[spread] p1a,p1b\n|-supereffective|p1a: Urshifu\n|-damage|p1a: Urshifu|0 fnt\n|-damage|p1b: Farigiraf|17\/100\n|-unboost|p1b: Farigiraf|spe|1\n|faint|p1a: Urshifu\n|\n|upkeep\n|\n|t:|1737238526\n|switch|p1a: Calyrex|Calyrex-Ice, L50|100\/100\n|-ability|p1a: Calyrex|As One\n|-ability|p1a: Calyrex|Unnerve\n|turn|5\n|-message|Farhaz_VGC forfeited.\n|\n|win|MathiusDaius\n|raw|MathiusDaius's rating: 1630 &rarr; <strong>1648<\/strong><br \/>(+18 for winning)\n|raw|Farhaz_VGC's rating: 1590 &rarr; <strong>1572<\/strong><br \/>(-18 for losing)\n|l|\u2606Farhaz_VGC\n|player|p2|\n|l|\u2606MathiusDaius\n|player|p1|\n","uploadtime":1737238681,"views":23,"formatid":"gen9vgc2025regg","rating":1572,"private":0,"password":null}