{"id":"gen9vgc2025regg-2283343021","format":"[Gen 9] VGC 2025 Reg G","players":["zac5224666","PersianaVGC"],"log":"|j|\u2606zac5224666\n|j|\u2606PersianaVGC\n|t:|1737186289\n|gametype|doubles\n|player|p1|zac5224666|1|1570\n|player|p2|PersianaVGC|fisherman|1515\n|teamsize|p1|6\n|teamsize|p2|6\n|gen|9\n|tier|[Gen 9] VGC 2025 Reg G\n|rated|\n|rule|Species Clause: Limit one of each Pok\u00e9mon\n|rule|Item Clause: Limit 1 of each item\n|clearpoke\n|poke|p1|Grimmsnarl, L50, M|\n|poke|p1|Wo-Chien, L50|\n|poke|p1|Kyogre, L50|\n|poke|p1|Gholdengo, L50|\n|poke|p1|Landorus, L50, M|\n|poke|p1|Indeedee-F, L50, F|\n|poke|p2|Smeargle, L50, F|\n|poke|p2|Calyrex-Ice, L50|\n|poke|p2|Ursaluna-Bloodmoon, L50, M|\n|poke|p2|Farigiraf, L50, F|\n|poke|p2|Urshifu-*, L50, M|\n|poke|p2|Torkoal, L50, F|\n|teampreview|4\nPersianaVGC rejected open team sheets.\n|inactive|Battle timer is ON: inactive players will automatically lose when time's up. (requested by zac5224666)\n|\n|t:|1737186319\n|start\n|switch|p1a: Wo-Chien|Wo-Chien, L50|100\/100\n|switch|p1b: Gholdengo|Gholdengo, L50|100\/100\n|switch|p2a: Urshifu|Urshifu, L50, M|100\/100\n|switch|p2b: Calyrex|Calyrex-Ice, L50|100\/100\n|-ability|p2b: Calyrex|As One\n|-ability|p2b: Calyrex|Unnerve\n|-ability|p1a: Wo-Chien|Tablets of Ruin\n|turn|1\n|inactive|zac5224666 has 30 seconds left.\n|\n|t:|1737186345\n|-terastallize|p1b: Gholdengo|Normal\n|-terastallize|p2b: Calyrex|Dragon\n|move|p2a: Urshifu|Wicked Blow|p1b: Gholdengo\n|-crit|p1b: Gholdengo\n|-damage|p1b: Gholdengo|37\/100\n|move|p1b: Gholdengo|Make It Rain|p2b: Calyrex|[spread] p2a,p2b\n|-damage|p2a: Urshifu|15\/100\n|-damage|p2b: Calyrex|60\/100\n|-unboost|p1b: Gholdengo|spa|1\n|move|p1a: Wo-Chien|Leech Seed|p2a: Urshifu\n|-start|p2a: Urshifu|move: Leech Seed\n|move|p2b: Calyrex|Trick Room|p2b: Calyrex\n|-fieldstart|move: Trick Room|[of] p2b: Calyrex\n|\n|-damage|p2a: Urshifu|3\/100|[from] Leech Seed|[of] p1a: Wo-Chien\n|upkeep\n|turn|2\n|inactive|zac5224666 has 30 seconds left.\n|inactive|zac5224666 has 20 seconds left.\n|inactive|zac5224666 has 15 seconds left.\n|inactive|zac5224666 has 10 seconds left.\n|\n|t:|1737186392\n|switch|p2a: Ursaluna|Ursaluna-Bloodmoon, L50, M|100\/100\n|move|p1b: Gholdengo|Protect|p1b: Gholdengo\n|-singleturn|p1b: Gholdengo|Protect\n|move|p2b: Calyrex|Glacial Lance|p1a: Wo-Chien|[spread] p1a\n|-activate|p1b: Gholdengo|move: Protect\n|-supereffective|p1a: Wo-Chien\n|-damage|p1a: Wo-Chien|24\/100\n|move|p1a: Wo-Chien|Foul Play|p2b: Calyrex\n|-damage|p2b: Calyrex|20\/100\n|\n|-heal|p1a: Wo-Chien|31\/100|[from] item: Leftovers\n|upkeep\n|turn|3\n|\n|t:|1737186410\n|move|p1a: Wo-Chien|Protect|p1a: Wo-Chien\n|-singleturn|p1a: Wo-Chien|Protect\n|move|p2b: Calyrex|Glacial Lance|p1a: Wo-Chien|[spread] p1b\n|-activate|p1a: Wo-Chien|move: Protect\n|-damage|p1b: Gholdengo|0 fnt\n|faint|p1b: Gholdengo\n|-ability|p2b: Calyrex|Chilling Neigh|boost\n|-boost|p2b: Calyrex|atk|1\n|move|p2a: Ursaluna|Hyper Voice|p1a: Wo-Chien\n|-activate|p1a: Wo-Chien|move: Protect\n|\n|-heal|p1a: Wo-Chien|37\/100|[from] item: Leftovers\n|upkeep\n|\n|t:|1737186424\n|switch|p1b: Kyogre|Kyogre, L50|100\/100\n|-weather|RainDance|[from] ability: Drizzle|[of] p1b: Kyogre\n|turn|4\n|\n|t:|1737186432\n|move|p1a: Wo-Chien|Protect||[still]\n|-fail|p1a: Wo-Chien\n|move|p2b: Calyrex|Glacial Lance|p1a: Wo-Chien|[spread] p1a,p1b\n|-supereffective|p1a: Wo-Chien\n|-resisted|p1b: Kyogre\n|-damage|p1a: Wo-Chien|0 fnt\n|-damage|p1b: Kyogre|72\/100\n|faint|p1a: Wo-Chien\n|-ability|p2b: Calyrex|Chilling Neigh|boost\n|-boost|p2b: Calyrex|atk|1\n|move|p2a: Ursaluna|Hyper Voice|p1b: Kyogre\n|-damage|p1b: Kyogre|41\/100\n|-damage|p2a: Ursaluna|91\/100|[from] item: Life Orb\n|move|p1b: Kyogre|Water Spout|p2a: Ursaluna|[spread] p2a,p2b\n|-supereffective|p2a: Ursaluna\n|-resisted|p2b: Calyrex\n|-damage|p2a: Ursaluna|6\/100\n|-damage|p2b: Calyrex|7\/100\n|\n|-weather|RainDance|[upkeep]\n|upkeep\n|\n|t:|1737186448\n|switch|p1a: Landorus|Landorus, L50, M|100\/100\n|turn|5\n|\n|t:|1737186454\n|move|p2b: Calyrex|Glacial Lance|p1a: Landorus|[spread] p1a,p1b\n|-supereffective|p1a: Landorus\n|-resisted|p1b: Kyogre\n|-damage|p1a: Landorus|0 fnt\n|-damage|p1b: Kyogre|0 fnt\n|faint|p1a: Landorus\n|faint|p1b: Kyogre\n|\n|win|PersianaVGC\n|raw|zac5224666's rating: 1570 &rarr; <strong>1547<\/strong><br \/>(-23 for losing)\n|raw|PersianaVGC's rating: 1515 &rarr; <strong>1538<\/strong><br \/>(+23 for winning)\n|l|\u2606PersianaVGC\n|player|p2|\n|l|\u2606zac5224666\n|player|p1|\n","uploadtime":1737186619,"views":15,"formatid":"gen9vgc2025regg","rating":1538,"private":0,"password":null}