{"id":"gen9vgc2025regg-2283100172","format":"[Gen 9] VGC 2025 Reg G","players":["roykeenkennedy","Rabble!"],"log":"|j|\u2606roykeenkennedy\n|j|\u2606Rabble!\n|t:|1737148940\n|gametype|doubles\n|player|p1|roykeenkennedy|alder|1550\n|player|p2|Rabble!|170|1560\n|teamsize|p1|6\n|teamsize|p2|6\n|gen|9\n|tier|[Gen 9] VGC 2025 Reg G\n|rated|\n|rule|Species Clause: Limit one of each Pok\u00e9mon\n|rule|Item Clause: Limit 1 of each item\n|clearpoke\n|poke|p1|Calyrex-Shadow, L50|\n|poke|p1|Weezing, L50, M|\n|poke|p1|Indeedee-F, L50, F|\n|poke|p1|Incineroar, L50, M|\n|poke|p1|Urshifu-*, L50, M|\n|poke|p1|Raging Bolt, L50|\n|poke|p2|Terapagos, L50, M|\n|poke|p2|Thundurus, L50, M|\n|poke|p2|Comfey, L50, F|\n|poke|p2|Rillaboom, L50, M|\n|poke|p2|Glimmora, L50, M|\n|poke|p2|Chi-Yu, L50|\n|teampreview|4\n|\n|t:|1737148997\n|start\n|switch|p1a: Calyrex|Calyrex-Shadow, L50|100\/100\n|switch|p1b: Urshifu|Urshifu-Rapid-Strike, L50, M|100\/100\n|switch|p2a: Chi-Yu|Chi-Yu, L50|100\/100\n|switch|p2b: Terapagos|Terapagos, L50, M|100\/100\n|-ability|p1a: Calyrex|As One\n|-ability|p1a: Calyrex|Unnerve\n|-activate|p2b: Terapagos|ability: Tera Shift\n|detailschange|p2b: Terapagos|Terapagos-Terastal, L50, M\n|-heal|p2b: Terapagos|100\/100|[silent]\n|-ability|p2a: Chi-Yu|Beads of Ruin\n|turn|1\n|\n|t:|1737149038\n|switch|p1a: Weezing|Weezing, L50, M|100\/100\n|-ability|p1a: Weezing|Neutralizing Gas\n|switch|p2b: Comfey|Comfey, L50, F|100\/100\n|move|p1b: Urshifu|Close Combat|p2b: Comfey\n|-resisted|p2b: Comfey\n|-damage|p2b: Comfey|64\/100\n|-unboost|p1b: Urshifu|def|1\n|-unboost|p1b: Urshifu|spd|1\n|move|p2a: Chi-Yu|Snarl|p1a: Weezing|[spread] p1a,p1b\n|-resisted|p1b: Urshifu\n|-damage|p1a: Weezing|73\/100\n|-damage|p1b: Urshifu|74\/100\n|-unboost|p1a: Weezing|spa|1\n|-unboost|p1b: Urshifu|spa|1\n|\n|-heal|p1a: Weezing|79\/100|[from] item: Leftovers\n|upkeep\n|turn|2\n|\n|t:|1737149069\n|move|p2a: Chi-Yu|Protect|p2a: Chi-Yu\n|-singleturn|p2a: Chi-Yu|Protect\n|move|p1b: Urshifu|Close Combat|p2a: Chi-Yu\n|-activate|p2a: Chi-Yu|move: Protect\n|move|p2b: Comfey|Draining Kiss|p1b: Urshifu\n|-supereffective|p1b: Urshifu\n|-damage|p1b: Urshifu|10\/100\n|-heal|p2b: Comfey|100\/100|[from] drain|[of] p1b: Urshifu\n|move|p1a: Weezing|Sludge Bomb|p2b: Comfey\n|-supereffective|p2b: Comfey\n|-crit|p2b: Comfey\n|-damage|p2b: Comfey|20\/100\n|-enditem|p2b: Comfey|Sitrus Berry|[eat]\n|-heal|p2b: Comfey|45\/100|[from] item: Sitrus Berry\n|\n|-heal|p1a: Weezing|85\/100|[from] item: Leftovers\n|upkeep\n|turn|3\n|\n|t:|1737149097\n|move|p1b: Urshifu|Close Combat|p2a: Chi-Yu\n|-supereffective|p2a: Chi-Yu\n|-enditem|p2a: Chi-Yu|Focus Sash\n|-damage|p2a: Chi-Yu|1\/100\n|-unboost|p1b: Urshifu|def|1\n|-unboost|p1b: Urshifu|spd|1\n|move|p2a: Chi-Yu|Snarl|p1b: Urshifu|[spread] p1a,p1b\n|-resisted|p1b: Urshifu\n|-damage|p1a: Weezing|60\/100\n|-damage|p1b: Urshifu|0 fnt\n|-unboost|p1a: Weezing|spa|1\n|faint|p1b: Urshifu\n|move|p2b: Comfey|Leech Seed|p1a: Weezing\n|-start|p1a: Weezing|move: Leech Seed\n|move|p1a: Weezing|Sludge Bomb|p2b: Comfey\n|-supereffective|p2b: Comfey\n|-damage|p2b: Comfey|14\/100\n|\n|-heal|p1a: Weezing|66\/100|[from] item: Leftovers\n|-damage|p1a: Weezing|54\/100|[from] Leech Seed|[of] p2b: Comfey\n|-heal|p2b: Comfey|29\/100|[silent]\n|upkeep\n|\n|t:|1737149118\n|switch|p1b: Calyrex|Calyrex-Shadow, L50|100\/100\n|-ability|p1b: Calyrex|As One\n|-ability|p1b: Calyrex|Unnerve\n|turn|4\n|\n|t:|1737149129\n|switch|p2a: Rillaboom|Rillaboom, L50, M|100\/100\n|move|p2b: Comfey|Protect|p2b: Comfey\n|-singleturn|p2b: Comfey|Protect\n|move|p1b: Calyrex|Astral Barrage|p2b: Comfey|[spread] p2a\n|-activate|p2b: Comfey|move: Protect\n|-damage|p2a: Rillaboom|55\/100\n|-damage|p1b: Calyrex|91\/100|[from] item: Life Orb\n|move|p1a: Weezing|Will-O-Wisp|p2b: Comfey\n|-activate|p2b: Comfey|move: Protect\n|\n|-heal|p1a: Weezing|60\/100|[from] item: Leftovers\n|-damage|p1a: Weezing|48\/100|[from] Leech Seed|[of] p2b: Comfey\n|-heal|p2b: Comfey|44\/100|[silent]\n|upkeep\n|turn|5\n|\n|t:|1737149154\n|switch|p2b: Terapagos|Terapagos-Terastal, L50, M|100\/100\n|move|p2a: Rillaboom|Fake Out|p1a: Weezing\n|-damage|p1a: Weezing|37\/100\n|move|p1b: Calyrex|Astral Barrage|p2b: Terapagos|[spread] p2a\n|-immune|p2b: Terapagos\n|-damage|p2a: Rillaboom|13\/100\n|-damage|p1b: Calyrex|81\/100|[from] item: Life Orb\n|cant|p1a: Weezing|flinch\n|\n|-heal|p1a: Weezing|43\/100|[from] item: Leftovers\n|-damage|p1a: Weezing|31\/100|[from] Leech Seed|[of] p2b: Terapagos\n|upkeep\n|turn|6\n|\n|t:|1737149190\n|switch|p2a: Chi-Yu|Chi-Yu, L50|1\/100\n|move|p1b: Calyrex|Astral Barrage|p2a: Chi-Yu|[spread] p2a\n|-immune|p2b: Terapagos\n|-resisted|p2a: Chi-Yu\n|-damage|p2a: Chi-Yu|0 fnt\n|faint|p2a: Chi-Yu\n|-ability|p1b: Calyrex|Grim Neigh|boost\n|-boost|p1b: Calyrex|spa|1\n|-damage|p1b: Calyrex|72\/100|[from] item: Life Orb\n|move|p2b: Terapagos|Calm Mind|p2b: Terapagos\n|-boost|p2b: Terapagos|spa|1\n|-boost|p2b: Terapagos|spd|1\n|move|p1a: Weezing|Sludge Bomb|p2b: Terapagos\n|-damage|p2b: Terapagos|93\/100\n|-status|p2b: Terapagos|psn\n|\n|-heal|p2b: Terapagos|99\/100 psn|[from] item: Leftovers\n|-heal|p1a: Weezing|37\/100|[from] item: Leftovers\n|-damage|p1a: Weezing|25\/100|[from] Leech Seed|[of] p2b: Terapagos\n|-heal|p2b: Terapagos|100\/100 psn|[silent]\n|-damage|p2b: Terapagos|88\/100 psn|[from] psn\n|upkeep\n|j| cma_d3\n|l| cma_d3\n|\n|t:|1737149218\n|switch|p2a: Comfey|Comfey, L50, F|44\/100\n|turn|7\n|\n|t:|1737149228\n|-terastallize|p2b: Terapagos|Stellar\n|detailschange|p2b: Terapagos|Terapagos-Stellar, L50, M, tera:Stellar\n|-heal|p2b: Terapagos|91\/100 psn|[silent]\n|move|p2a: Comfey|Protect|p2a: Comfey\n|-singleturn|p2a: Comfey|Protect\n|move|p1a: Weezing|Protect|p1a: Weezing\n|-singleturn|p1a: Weezing|Protect\n|move|p1b: Calyrex|Astral Barrage|p2b: Terapagos|[spread] \n|-activate|p2a: Comfey|move: Protect\n|-immune|p2b: Terapagos\n|move|p2b: Terapagos|Tera Starstorm|p1b: Calyrex|[spread] p1b\n|-activate|p1a: Weezing|move: Protect\n|-damage|p1b: Calyrex|25\/100\n|\n|-heal|p2b: Terapagos|97\/100 psn|[from] item: Leftovers\n|-heal|p1a: Weezing|31\/100|[from] item: Leftovers\n|-damage|p1a: Weezing|19\/100|[from] Leech Seed|[of] p2b: Terapagos\n|-heal|p2b: Terapagos|100\/100 psn|[silent]\n|-damage|p2b: Terapagos|88\/100 psn|[from] psn\n|upkeep\n|turn|8\n|\n|t:|1737149262\n|switch|p2a: Rillaboom|Rillaboom, L50, M|13\/100\n|-terastallize|p1b: Calyrex|Fighting\n|move|p1a: Weezing|Protect||[still]\n|-fail|p1a: Weezing\n|move|p1b: Calyrex|Tera Blast|p2b: Terapagos|[anim] Tera Blast Fighting\n|-supereffective|p2b: Terapagos\n|-damage|p2b: Terapagos|21\/100 psn\n|-damage|p1b: Calyrex|15\/100|[from] item: Life Orb\n|move|p2b: Terapagos|Tera Starstorm|p1b: Calyrex|[spread] p1a,p1b\n|-supereffective|p1b: Calyrex\n|-damage|p1a: Weezing|0 fnt\n|-damage|p1b: Calyrex|0 fnt\n|faint|p1a: Weezing\n|-end|p1a: Weezing|ability: Neutralizing Gas\n|-fieldstart|move: Grassy Terrain|[from] ability: Grassy Surge|[of] p2a: Rillaboom\n|faint|p1b: Calyrex\n|\n|-heal|p2a: Rillaboom|19\/100|[from] Grassy Terrain\n|-heal|p2b: Terapagos|27\/100 psn|[from] Grassy Terrain\n|-heal|p2b: Terapagos|33\/100 psn|[from] item: Leftovers\n|-damage|p2b: Terapagos|21\/100 psn|[from] psn\n|upkeep\n|\n|t:|1737149287\n|switch|p1a: Raging Bolt|Raging Bolt, L50|100\/100\n|turn|9\n|\n|t:|1737149294\n|switch|p2b: Comfey|Comfey, L50, F|44\/100\n|move|p2a: Rillaboom|Fake Out|p1a: Raging Bolt\n|-damage|p1a: Raging Bolt|90\/100\n|cant|p1a: Raging Bolt|flinch\n|\n|-heal|p2b: Comfey|49\/100|[from] Grassy Terrain\n|-heal|p2a: Rillaboom|25\/100|[from] Grassy Terrain\n|-heal|p1a: Raging Bolt|96\/100|[from] Grassy Terrain\n|upkeep\n|turn|10\n|\n|t:|1737149308\n|switch|p2a: Terapagos|Terapagos-Stellar, L50, M, tera:Stellar|21\/100 psn\n|move|p2b: Comfey|Floral Healing|p2a: Terapagos\n|-heal|p2a: Terapagos|87\/100 psn\n|move|p1a: Raging Bolt|Snarl|p2a: Terapagos|[spread] p2a,p2b\n|-resisted|p2b: Comfey\n|-damage|p2a: Terapagos|79\/100 psn\n|-damage|p2b: Comfey|41\/100\n|-unboost|p2a: Terapagos|spa|1\n|-unboost|p2b: Comfey|spa|1\n|\n|-heal|p2b: Comfey|47\/100|[from] Grassy Terrain\n|-heal|p2a: Terapagos|85\/100 psn|[from] Grassy Terrain\n|-heal|p2a: Terapagos|91\/100 psn|[from] item: Leftovers\n|-heal|p1a: Raging Bolt|100\/100|[from] Grassy Terrain\n|-damage|p2a: Terapagos|78\/100 psn|[from] psn\n|upkeep\n|turn|11\n|-message|roykeenkennedy forfeited.\n|\n|win|Rabble!\n|raw|roykeenkennedy's rating: 1550 &rarr; <strong>1531<\/strong><br \/>(-19 for losing)\n|raw|Rabble!'s rating: 1560 &rarr; <strong>1579<\/strong><br \/>(+19 for winning)\n|l|\u2606roykeenkennedy\n|player|p1|\n|l|\u2606Rabble!\n|player|p2|\n","uploadtime":1737149511,"views":11,"formatid":"gen9vgc2025regg","rating":1531,"private":0,"password":null}