{"id":"gen9vgc2025regg-2283015436","format":"[Gen 9] VGC 2025 Reg G","players":["longhq","Mojoe93"],"log":"|j|\u203dlonghq\n|j|\u2606Mojoe93\n|t:|1737139904\n|gametype|doubles\n|player|p1|longhq|dawn|1579\n|player|p2|Mojoe93|170|1647\n|teamsize|p1|6\n|teamsize|p2|6\n|gen|9\n|tier|[Gen 9] VGC 2025 Reg G\n|rated|\n|rule|Species Clause: Limit one of each Pok\u00e9mon\n|rule|Item Clause: Limit 1 of each item\n|clearpoke\n|poke|p1|Miraidon, L50|\n|poke|p1|Iron Hands, L50|\n|poke|p1|Smeargle, L50, M|\n|poke|p1|Tornadus, L50, M|\n|poke|p1|Ogerpon-Hearthflame, L50, F|\n|poke|p1|Urshifu-*, L50, M|\n|poke|p2|Indeedee-F, L50, F|\n|poke|p2|Calyrex-Shadow, L50|\n|poke|p2|Urshifu-*, L50, M|\n|poke|p2|Landorus, L50, M|\n|poke|p2|Tornadus, L50, M|\n|poke|p2|Raging Bolt, L50|\n|teampreview|4\n|j| Cilanse\n|inactive|Battle timer is ON: inactive players will automatically lose when time's up. (requested by Mojoe93)\n|\n|t:|1737139952\n|start\n|switch|p1a: Tornadus|Tornadus, L50, M|100\/100\n|switch|p1b: Smeargle|Smeargle, L50, M|100\/100\n|switch|p2a: Landorus|Landorus, L50, M|100\/100\n|switch|p2b: Indeedee|Indeedee-F, L50, F|100\/100\n|-fieldstart|move: Psychic Terrain|[from] ability: Psychic Surge|[of] p2b: Indeedee\n|turn|1\n|\n|t:|1737139975\n|move|p2a: Landorus|Earth Power|p1b: Smeargle\n|-enditem|p1b: Smeargle|Focus Sash\n|-damage|p1b: Smeargle|1\/100\n|move|p1a: Tornadus|Icy Wind|p2b: Indeedee|[spread] p2a,p2b\n|-supereffective|p2a: Landorus\n|-damage|p2a: Landorus|30\/100\n|-damage|p2b: Indeedee|88\/100\n|-unboost|p2a: Landorus|spe|1\n|-unboost|p2b: Indeedee|spe|1\n|move|p1b: Smeargle|Spore|p2b: Indeedee\n|-status|p2b: Indeedee|slp|[from] move: Spore\n|cant|p2b: Indeedee|slp\n|\n|-ability|p1b: Smeargle|Moody|boost\n|-boost|p1b: Smeargle|def|2\n|-unboost|p1b: Smeargle|spe|1\n|upkeep\n|turn|2\n|inactive|longhq has 30 seconds left.\n|\n|t:|1737140002\n|move|p2a: Landorus|Earth Power|p1b: Smeargle\n|-damage|p1b: Smeargle|0 fnt\n|faint|p1b: Smeargle\n|move|p1a: Tornadus|Icy Wind|p2b: Indeedee|[spread] p2a,p2b\n|-supereffective|p2a: Landorus\n|-damage|p2a: Landorus|0 fnt\n|-damage|p2b: Indeedee|76\/100 slp\n|-unboost|p2b: Indeedee|spe|1\n|faint|p2a: Landorus\n|-curestatus|p2b: Indeedee|slp|[msg]\n|move|p2b: Indeedee|Psychic|p1a: Tornadus\n|-damage|p1a: Tornadus|57\/100\n|\n|upkeep\n|\n|t:|1737140017\n|switch|p2a: Tornadus|Tornadus, L50, M|100\/100\n|switch|p1b: Miraidon|Miraidon, L50|100\/100\n|-fieldstart|move: Electric Terrain|[from] ability: Hadron Engine|[of] p1b: Miraidon\n|turn|3\n|inactive|longhq has 30 seconds left.\n|inactive|longhq has 20 seconds left.\n|inactive|longhq has 15 seconds left.\n|\n|t:|1737140061\n|switch|p2b: Calyrex|Calyrex-Shadow, L50|100\/100\n|-ability|p2b: Calyrex|As One\n|-ability|p2b: Calyrex|Unnerve\n|move|p2a: Tornadus|Tailwind|p2a: Tornadus\n|-sidestart|p2: Mojoe93|move: Tailwind\n|move|p1a: Tornadus|Tailwind|p1a: Tornadus\n|-sidestart|p1: longhq|move: Tailwind\n|move|p1b: Miraidon|Volt Switch|p2b: Calyrex\n|-damage|p2b: Calyrex|9\/100\n|\n|t:|1737140069\n|switch|p1b: Iron Hands|Iron Hands, L50|100\/100|[from] Volt Switch\n|-activate|p1b: Iron Hands|ability: Quark Drive\n|-start|p1b: Iron Hands|quarkdriveatk\n|\n|upkeep\n|turn|4\n|j| Idiot2000\n|\n|t:|1737140092\n|switch|p2a: Indeedee|Indeedee-F, L50, F|76\/100\n|-fieldstart|move: Psychic Terrain|[from] ability: Psychic Surge|[of] p2a: Indeedee\n|-end|p1b: Iron Hands|Quark Drive\n|move|p1a: Tornadus|Protect|p1a: Tornadus\n|-singleturn|p1a: Tornadus|Protect\n|move|p2b: Calyrex|Expanding Force|p1b: Iron Hands|[spread] p1b\n|-activate|p1a: Tornadus|move: Protect\n|-supereffective|p1b: Iron Hands\n|-damage|p1b: Iron Hands|3\/100\n|-damage|p2b: Calyrex|0 fnt|[from] item: Life Orb\n|faint|p2b: Calyrex\n|move|p1b: Iron Hands|Wild Charge|p2a: Indeedee\n|-damage|p2a: Indeedee|22\/100\n|-enditem|p2a: Indeedee|Sitrus Berry|[eat]\n|-heal|p2a: Indeedee|47\/100|[from] item: Sitrus Berry\n|-damage|p1b: Iron Hands|0 fnt|[from] Recoil\n|faint|p1b: Iron Hands\n|-end|p1b: Iron Hands|Quark Drive|[silent]\n|\n|upkeep\n|j| Yusano\n|c|\u2606Mojoe93|gg\n|inactive|longhq has 30 seconds left.\n|\n|t:|1737140118\n|switch|p2b: Tornadus|Tornadus, L50, M|100\/100\n|switch|p1b: Miraidon|Miraidon, L50|100\/100\n|-fieldstart|move: Electric Terrain|[from] ability: Hadron Engine|[of] p1b: Miraidon\n|turn|5\n|\n|t:|1737140132\n|move|p1b: Miraidon|Electro Drift|p2b: Tornadus\n|-supereffective|p2b: Tornadus\n|-damage|p2b: Tornadus|0 fnt\n|faint|p2b: Tornadus\n|move|p1a: Tornadus|Bleakwind Storm|p2a: Indeedee\n|-damage|p2a: Indeedee|0 fnt\n|faint|p2a: Indeedee\n|\n|win|longhq\n|raw|longhq's rating: 1579 &rarr; <strong>1603<\/strong><br \/>(+24 for winning)\n|raw|Mojoe93's rating: 1647 &rarr; <strong>1623<\/strong><br \/>(-24 for losing)\n|l|\u203dlonghq\n|player|p1|\n|l|\u2606Mojoe93\n|player|p2|\n|l| Yusano\n|l| Cilanse\n|l| Idiot2000\n","uploadtime":1737140376,"views":15,"formatid":"gen9vgc2025regg","rating":1603,"private":0,"password":null}