{"id":"gen9vgc2025regg-2283102248","format":"[Gen 9] VGC 2025 Reg G","players":["Ibrahimovicvgc","Zyros Phade"],"log":"|j|\u2606Ibrahimovicvgc\n|j|\u2606Zyros Phade\n|t:|1737149175\n|gametype|doubles\n|player|p1|Ibrahimovicvgc|1|1527\n|player|p2|Zyros Phade|169|1599\n|teamsize|p1|6\n|teamsize|p2|6\n|gen|9\n|tier|[Gen 9] VGC 2025 Reg G\n|rated|\n|rule|Species Clause: Limit one of each Pok\u00e9mon\n|rule|Item Clause: Limit 1 of each item\n|clearpoke\n|poke|p1|Tatsugiri, L50, F|\n|poke|p1|Chi-Yu, L50|\n|poke|p1|Dragonite, L50, M|\n|poke|p1|Dondozo, L50, M|\n|poke|p1|Gholdengo, L50|\n|poke|p1|Miraidon, L50|\n|poke|p2|Urshifu-*, L50, M|\n|poke|p2|Kyogre, L50|\n|poke|p2|Iron Hands, L50|\n|poke|p2|Baxcalibur, L50, M|\n|poke|p2|Indeedee-F, L50, F|\n|poke|p2|Murkrow, L50, M|\n|teampreview|4\n|inactive|Battle timer is ON: inactive players will automatically lose when time's up. (requested by Ibrahimovicvgc)\n|\n|t:|1737149194\n|start\n|switch|p1a: Chi-Yu|Chi-Yu, L50|100\/100\n|switch|p1b: Miraidon|Miraidon, L50|100\/100\n|switch|p2a: Indeedee|Indeedee-F, L50, F|100\/100\n|switch|p2b: Baxcalibur|Baxcalibur, L50, M|100\/100\n|-fieldstart|move: Electric Terrain|[from] ability: Hadron Engine|[of] p1b: Miraidon\n|-ability|p1a: Chi-Yu|Beads of Ruin\n|-fieldstart|move: Psychic Terrain|[from] ability: Psychic Surge|[of] p2a: Indeedee\n|turn|1\n|\n|t:|1737149210\n|-terastallize|p1b: Miraidon|Fairy\n|move|p2a: Indeedee|Follow Me|p2a: Indeedee\n|-singleturn|p2a: Indeedee|move: Follow Me\n|move|p1b: Miraidon|Dazzling Gleam|p2b: Baxcalibur|[spread] p2a,p2b\n|-supereffective|p2b: Baxcalibur\n|-damage|p2a: Indeedee|56\/100\n|-damage|p2b: Baxcalibur|9\/100\n|move|p2b: Baxcalibur|Icicle Spear|p1b: Miraidon\n|-damage|p1b: Miraidon|87\/100\n|-damage|p1b: Miraidon|71\/100\n|-damage|p1b: Miraidon|56\/100\n|-damage|p1b: Miraidon|42\/100\n|-damage|p1b: Miraidon|29\/100\n|-hitcount|p1b: Miraidon|5\n|move|p1a: Chi-Yu|Heat Wave|p2a: Indeedee|[spread] p2a,p2b\n|-damage|p2a: Indeedee|2\/100\n|-damage|p2b: Baxcalibur|0 fnt\n|faint|p2b: Baxcalibur\n|\n|upkeep\n|\n|t:|1737149228\n|switch|p2b: Kyogre|Kyogre, L50, shiny|100\/100\n|-weather|RainDance|[from] ability: Drizzle|[of] p2b: Kyogre\n|turn|2\n|\n|t:|1737149247\n|-terastallize|p2b: Kyogre|Water\n|move|p2a: Indeedee|Helping Hand|p2b: Kyogre\n|-singleturn|p2b: Kyogre|Helping Hand|[of] p2a: Indeedee\n|move|p1a: Chi-Yu|Protect|p1a: Chi-Yu\n|-singleturn|p1a: Chi-Yu|Protect\n|move|p1b: Miraidon|Dazzling Gleam|p2b: Kyogre|[spread] p2a,p2b\n|-damage|p2a: Indeedee|0 fnt\n|-damage|p2b: Kyogre|67\/100\n|faint|p2a: Indeedee\n|move|p2b: Kyogre|Water Spout|p1b: Miraidon|[spread] p1b\n|-activate|p1a: Chi-Yu|move: Protect\n|-damage|p1b: Miraidon|0 fnt\n|faint|p1b: Miraidon\n|\n|-weather|RainDance|[upkeep]\n|upkeep\n|\n|t:|1737149265\n|switch|p1b: Dondozo|Dondozo, L50, M|100\/100\n|switch|p2a: Murkrow|Murkrow, L50, M|100\/100\n|turn|3\n|inactive|Ibrahimovicvgc has 30 seconds left.\n|\n|t:|1737149299\n|switch|p1a: Tatsugiri|Tatsugiri, L50, F|100\/100\n|-activate|p1a: Tatsugiri|ability: Commander|[of] p1b: Dondozo\n|-boost|p1b: Dondozo|atk|2\n|-boost|p1b: Dondozo|spa|2\n|-boost|p1b: Dondozo|spe|2\n|-boost|p1b: Dondozo|def|2\n|-boost|p1b: Dondozo|spd|2\n|move|p2a: Murkrow|Haze|p2a: Murkrow\n|-clearallboost\n|move|p2b: Kyogre|Water Spout|p1a: Tatsugiri|[spread] p1b\n|-miss|p2b: Kyogre|p1a: Tatsugiri\n|-resisted|p1b: Dondozo\n|-damage|p1b: Dondozo|27\/100\n|move|p1b: Dondozo|Wave Crash|p2b: Kyogre\n|-resisted|p2b: Kyogre\n|-damage|p2b: Kyogre|29\/100\n|-damage|p1b: Dondozo|17\/100|[from] Recoil\n|\n|-weather|RainDance|[upkeep]\n|-heal|p1b: Dondozo|23\/100|[from] item: Leftovers\n|upkeep\n|turn|4\n|j| Therazer456\n|\n|t:|1737149324\n|move|p2a: Murkrow|Hurricane|p1b: Dondozo\n|-damage|p1b: Dondozo|0 fnt\n|faint|p1b: Dondozo\n|move|p2b: Kyogre|Water Spout|p1a: Tatsugiri\n|-resisted|p1a: Tatsugiri\n|-damage|p1a: Tatsugiri|74\/100\n|\n|-weather|RainDance|[upkeep]\n|upkeep\n|\n|t:|1737149332\n|switch|p1b: Chi-Yu|Chi-Yu, L50|100\/100\n|-ability|p1b: Chi-Yu|Beads of Ruin\n|turn|5\n|inactive|Ibrahimovicvgc has 30 seconds left.\n|\n|t:|1737149361\n|move|p2a: Murkrow|Tailwind|p2a: Murkrow\n|-sidestart|p2: Zyros Phade|move: Tailwind\n|move|p2b: Kyogre|Water Spout|p1b: Chi-Yu|[spread] p1a,p1b\n|-resisted|p1a: Tatsugiri\n|-supereffective|p1b: Chi-Yu\n|-damage|p1a: Tatsugiri|50\/100\n|-enditem|p1b: Chi-Yu|Focus Sash\n|-damage|p1b: Chi-Yu|1\/100\n|move|p1a: Tatsugiri|Draco Meteor|p2a: Murkrow\n|-enditem|p2a: Murkrow|Focus Sash\n|-damage|p2a: Murkrow|1\/100\n|-unboost|p1a: Tatsugiri|spa|2\n|move|p1b: Chi-Yu|Dark Pulse|p2b: Kyogre\n|-damage|p2b: Kyogre|0 fnt\n|faint|p2b: Kyogre\n|\n|-weather|RainDance|[upkeep]\n|-fieldend|move: Psychic Terrain\n|upkeep\n|turn|6\n|\n|t:|1737149380\n|move|p2a: Murkrow|Hurricane|p1b: Chi-Yu\n|-crit|p1b: Chi-Yu\n|-damage|p1b: Chi-Yu|0 fnt\n|faint|p1b: Chi-Yu\n|move|p1a: Tatsugiri|Draco Meteor|p2a: Murkrow\n|-damage|p2a: Murkrow|0 fnt\n|-unboost|p1a: Tatsugiri|spa|2\n|faint|p2a: Murkrow\n|\n|win|Ibrahimovicvgc\n|raw|Ibrahimovicvgc's rating: 1527 &rarr; <strong>1551<\/strong><br \/>(+24 for winning)\n|raw|Zyros Phade's rating: 1599 &rarr; <strong>1575<\/strong><br \/>(-24 for losing)\n|l|\u2606Zyros Phade\n|player|p2|\n|l|\u2606Ibrahimovicvgc\n|player|p1|\n|l| Therazer456\n","uploadtime":1737149647,"views":7,"formatid":"gen9vgc2025regg","rating":1551,"private":0,"password":null}