{"id":"gen9vgc2025regg-2283207682","format":"[Gen 9] VGC 2025 Reg G","players":["Nerd159","Gene10"],"log":"|j|\u2606Nerd159\n|j|\u2606Gene10\n|t:|1737163158\n|gametype|doubles\n|player|p1|Nerd159|265|1576\n|player|p2|Gene10|101|1580\n|teamsize|p1|6\n|teamsize|p2|6\n|gen|9\n|tier|[Gen 9] VGC 2025 Reg G\n|rated|\n|rule|Species Clause: Limit one of each Pok\u00e9mon\n|rule|Item Clause: Limit 1 of each item\n|clearpoke\n|poke|p1|Calyrex-Ice, L50|\n|poke|p1|Mienshao, L50, F|\n|poke|p1|Ursaluna, L50, F|\n|poke|p1|Amoonguss, L50, F|\n|poke|p1|Araquanid, L50, F|\n|poke|p1|Incineroar, L50, M|\n|poke|p2|Calyrex-Ice, L50|\n|poke|p2|Urshifu-*, L50, F|\n|poke|p2|Raging Bolt, L50|\n|poke|p2|Rillaboom, L50, M|\n|poke|p2|Pelipper, L50, M|\n|poke|p2|Farigiraf, L50, M|\n|teampreview|4\n|inactive|Battle timer is ON: inactive players will automatically lose when time's up. (requested by Gene10)\n|\n|t:|1737163181\n|start\n|switch|p1a: Calyrex|Calyrex-Ice, L50|100\/100\n|switch|p1b: Mienshao|Mienshao, L50, F|100\/100\n|switch|p2a: Calyrex|Calyrex-Ice, L50|100\/100\n|switch|p2b: Urshifu|Urshifu-Rapid-Strike, L50, F|100\/100\n|-ability|p2a: Calyrex|As One\n|-ability|p2a: Calyrex|Unnerve\n|-ability|p1a: Calyrex|As One\n|-ability|p1a: Calyrex|Unnerve\n|turn|1\n|j| localancientdemon\n|\n|t:|1737163192\n|switch|p2a: Farigiraf|Farigiraf, L50, M|100\/100\n|-terastallize|p2b: Urshifu|Water\n|-terastallize|p1a: Calyrex|Water\n|move|p2b: Urshifu|Surging Strikes|p1b: Mienshao\n|-crit|p1b: Mienshao\n|-damage|p1b: Mienshao|40\/100\n|-crit|p1b: Mienshao\n|-damage|p1b: Mienshao|0 fnt\n|faint|p1b: Mienshao\n|-hitcount|p1: Mienshao|2\n|move|p1a: Calyrex|Glacial Lance|p2a: Farigiraf|[spread] p2a,p2b\n|-resisted|p2b: Urshifu\n|-damage|p2a: Farigiraf|45\/100\n|-damage|p2b: Urshifu|68\/100\n|\n|upkeep\n|\n|t:|1737163198\n|switch|p1b: Araquanid|Araquanid, L50, F|100\/100\n|turn|2\n|\n|t:|1737163226\n|move|p2a: Farigiraf|Helping Hand|p2b: Urshifu\n|-singleturn|p2b: Urshifu|Helping Hand|[of] p2a: Farigiraf\n|move|p2b: Urshifu|Surging Strikes|p1b: Araquanid\n|-resisted|p1b: Araquanid\n|-crit|p1b: Araquanid\n|-damage|p1b: Araquanid|83\/100\n|-resisted|p1b: Araquanid\n|-crit|p1b: Araquanid\n|-damage|p1b: Araquanid|66\/100\n|-resisted|p1b: Araquanid\n|-crit|p1b: Araquanid\n|-damage|p1b: Araquanid|50\/100\n|-hitcount|p1b: Araquanid|3\n|move|p1a: Calyrex|Glacial Lance|p2a: Farigiraf|[spread] p2a,p2b\n|-resisted|p2b: Urshifu\n|-damage|p2a: Farigiraf|0 fnt\n|-damage|p2b: Urshifu|39\/100\n|faint|p2a: Farigiraf\n|-ability|p1a: Calyrex|Chilling Neigh|boost\n|-boost|p1a: Calyrex|atk|1\n|move|p1b: Araquanid|Infestation|p2b: Urshifu\n|-damage|p2b: Urshifu|32\/100\n|-activate|p2b: Urshifu|move: Infestation|[of] p1b: Araquanid\n|\n|-heal|p1b: Araquanid|55\/100|[from] item: Leftovers\n|-damage|p2b: Urshifu|20\/100|[from] move: Infestation|[partiallytrapped]\n|upkeep\n|\n|t:|1737163244\n|switch|p2a: Calyrex|Calyrex-Ice, L50|100\/100\n|-ability|p2a: Calyrex|As One\n|-ability|p2a: Calyrex|Unnerve\n|turn|3\n|\n|t:|1737163252\n|move|p2b: Urshifu|Surging Strikes|p1b: Araquanid\n|-resisted|p1b: Araquanid\n|-crit|p1b: Araquanid\n|-damage|p1b: Araquanid|43\/100\n|-resisted|p1b: Araquanid\n|-crit|p1b: Araquanid\n|-damage|p1b: Araquanid|33\/100\n|-resisted|p1b: Araquanid\n|-crit|p1b: Araquanid\n|-damage|p1b: Araquanid|22\/100\n|-hitcount|p1b: Araquanid|3\n|move|p2a: Calyrex|Imprison|p2a: Calyrex\n|-start|p2a: Calyrex|move: Imprison\n|cant|p1a: Calyrex|move: Imprison|Glacial Lance\n|move|p1b: Araquanid|Liquidation|p2a: Calyrex\n|-damage|p2a: Calyrex|70\/100\n|\n|-heal|p1b: Araquanid|27\/100|[from] item: Leftovers\n|-damage|p2b: Urshifu|8\/100|[from] move: Infestation|[partiallytrapped]\n|upkeep\n|turn|4\n|c|\u2606Nerd159|Wow\n|\n|t:|1737163270\n|move|p2b: Urshifu|Surging Strikes|p1b: Araquanid\n|-resisted|p1b: Araquanid\n|-crit|p1b: Araquanid\n|-damage|p1b: Araquanid|15\/100\n|-resisted|p1b: Araquanid\n|-crit|p1b: Araquanid\n|-damage|p1b: Araquanid|3\/100\n|-resisted|p1b: Araquanid\n|-crit|p1b: Araquanid\n|-damage|p1b: Araquanid|0 fnt\n|faint|p1b: Araquanid\n|-hitcount|p1: Araquanid|3\n|move|p2a: Calyrex|Glacial Lance|p1a: Calyrex\n|-resisted|p1a: Calyrex\n|-crit|p1a: Calyrex\n|-damage|p1a: Calyrex|67\/100\n|move|p1a: Calyrex|Trick Room|p1a: Calyrex\n|-fieldstart|move: Trick Room|[of] p1a: Calyrex\n|\n|-end|p2b: Urshifu|Infestation|[partiallytrapped]|[silent]\n|upkeep\n|\n|t:|1737163272\n|switch|p1b: Incineroar|Incineroar, L50, M|100\/100\n|-ability|p1b: Incineroar|Intimidate|boost\n|-fail|p2a: Calyrex|unboost|[from] item: Clear Amulet|[of] p2a: Calyrex\n|-unboost|p2b: Urshifu|atk|1\n|turn|5\n|c|\u2606Nerd159|Gg\n|\n|t:|1737163293\n|switch|p2b: Pelipper|Pelipper, L50, M|100\/100\n|-weather|RainDance|[from] ability: Drizzle|[of] p2b: Pelipper\n|move|p2a: Calyrex|Protect|p2a: Calyrex\n|-singleturn|p2a: Calyrex|Protect\n|move|p1b: Incineroar|Knock Off|p2b: Pelipper\n|-damage|p2b: Pelipper|54\/100\n|-enditem|p2b: Pelipper|Focus Sash|[from] move: Knock Off|[of] p1b: Incineroar\n|move|p1a: Calyrex|Trick Room|p1a: Calyrex\n|-fieldend|move: Trick Room\n|\n|-weather|RainDance|[upkeep]\n|upkeep\n|turn|6\n|j| ExcessivelyAve\n|-message|Nerd159 forfeited.\n|\n|win|Gene10\n|raw|Nerd159's rating: 1576 &rarr; <strong>1556<\/strong><br \/>(-20 for losing)\n|raw|Gene10's rating: 1580 &rarr; <strong>1600<\/strong><br \/>(+20 for winning)\n|l|\u2606Nerd159\n|player|p1|\n|l| localancientdemon\n|l|\u2606Gene10\n|player|p2|\n|l| ExcessivelyAve\n","uploadtime":1737163561,"views":33,"formatid":"gen9vgc2025regg","rating":1556,"private":0,"password":null}