{"id":"gen9vgc2025regg-2283042149","format":"[Gen 9] VGC 2025 Reg G","players":["longhq","PhilosophyClassAlt"],"log":"|j|\u203dlonghq\n|j|\u2606PhilosophyClassAlt\n|t:|1737142623\n|gametype|doubles\n|player|p1|longhq|dawn|1549\n|player|p2|PhilosophyClassAlt|2|1629\n|teamsize|p1|6\n|teamsize|p2|6\n|gen|9\n|tier|[Gen 9] VGC 2025 Reg G\n|rated|\n|rule|Species Clause: Limit one of each Pok\u00e9mon\n|rule|Item Clause: Limit 1 of each item\n|clearpoke\n|poke|p1|Miraidon, L50|\n|poke|p1|Iron Hands, L50|\n|poke|p1|Smeargle, L50, F|\n|poke|p1|Tornadus, L50, M|\n|poke|p1|Ogerpon-Hearthflame, L50, F|\n|poke|p1|Urshifu-*, L50, F|\n|poke|p2|Iron Valiant, L50|\n|poke|p2|Calyrex-Ice, L50|\n|poke|p2|Torkoal, L50, M|\n|poke|p2|Raging Bolt, L50|\n|poke|p2|Farigiraf, L50, F|\n|poke|p2|Ogerpon-Cornerstone, L50, F|\n|teampreview|4\n|\n|t:|1737142646\n|start\n|switch|p1a: Smeargle|Smeargle, L50, F|100\/100\n|switch|p1b: Iron Hands|Iron Hands, L50|100\/100\n|switch|p2a: Ogerpon|Ogerpon-Cornerstone, L50, F|100\/100\n|switch|p2b: Farigiraf|Farigiraf, L50, F|100\/100\n|turn|1\n|\n|t:|1737142672\n|move|p2a: Ogerpon|Taunt|p1a: Smeargle\n|-start|p1a: Smeargle|move: Taunt\n|cant|p1a: Smeargle|move: Taunt|Spore\n|move|p2b: Farigiraf|Hyper Voice|p1a: Smeargle|[spread] p1a,p1b\n|-damage|p1a: Smeargle|15\/100\n|-damage|p1b: Iron Hands|76\/100\n|-damage|p2b: Farigiraf|91\/100|[from] item: Life Orb\n|move|p1b: Iron Hands|Drain Punch|p2a: Ogerpon\n|-supereffective|p2a: Ogerpon\n|-ability|p2a: Ogerpon|Sturdy\n|-damage|p2a: Ogerpon|1\/100\n|-heal|p1b: Iron Hands|100\/100|[from] drain|[of] p2a: Ogerpon\n|\n|-ability|p1a: Smeargle|Moody|boost\n|-boost|p1a: Smeargle|spe|2\n|-unboost|p1a: Smeargle|atk|1\n|upkeep\n|turn|2\n|\n|t:|1737142705\n|switch|p1a: Miraidon|Miraidon, L50|100\/100\n|-fieldstart|move: Electric Terrain|[from] ability: Hadron Engine|[of] p1a: Miraidon\n|-activate|p1b: Iron Hands|ability: Quark Drive\n|-start|p1b: Iron Hands|quarkdriveatk\n|move|p2a: Ogerpon|Ivy Cudgel|p1a: Miraidon|[anim] Ivy Cudgel Rock\n|-damage|p1a: Miraidon|44\/100\n|move|p1b: Iron Hands|Low Kick|p2b: Farigiraf\n|-damage|p2b: Farigiraf|14\/100\n|move|p2b: Farigiraf|Trick Room|p2b: Farigiraf\n|-fieldstart|move: Trick Room|[of] p2b: Farigiraf\n|\n|upkeep\n|turn|3\n|\n|t:|1737142732\n|-terastallize|p2b: Farigiraf|Ground\n|move|p2a: Ogerpon|Follow Me|p2a: Ogerpon\n|-singleturn|p2a: Ogerpon|move: Follow Me\n|move|p1b: Iron Hands|Drain Punch|p2a: Ogerpon\n|-supereffective|p2a: Ogerpon\n|-damage|p2a: Ogerpon|0 fnt\n|faint|p2a: Ogerpon\n|move|p2b: Farigiraf|Tera Blast|p1a: Miraidon|[anim] Tera Blast Ground\n|-supereffective|p1a: Miraidon\n|-damage|p1a: Miraidon|0 fnt\n|faint|p1a: Miraidon\n|-damage|p2b: Farigiraf|4\/100|[from] item: Life Orb\n|\n|upkeep\n|\n|t:|1737142749\n|switch|p2a: Torkoal|Torkoal, L50, M|100\/100\n|switch|p1a: Ogerpon|Ogerpon-Hearthflame, L50, F|100\/100\n|-weather|SunnyDay|[from] ability: Drought|[of] p2a: Torkoal\n|-ability|p1a: Ogerpon|Mold Breaker\n|turn|4\n|\n|t:|1737142773\n|-terastallize|p1b: Iron Hands|Fire\n|move|p1a: Ogerpon|Spiky Shield|p1a: Ogerpon\n|-singleturn|p1a: Ogerpon|move: Protect\n|move|p2a: Torkoal|Eruption|p1a: Ogerpon|[spread] p1b\n|-activate|p1a: Ogerpon|move: Protect\n|-resisted|p1b: Iron Hands\n|-damage|p1b: Iron Hands|74\/100\n|move|p1b: Iron Hands|Drain Punch|p2a: Torkoal\n|-damage|p2a: Torkoal|58\/100\n|-heal|p1b: Iron Hands|89\/100|[from] drain|[of] p2a: Torkoal\n|move|p2b: Farigiraf|Hyper Voice|p1b: Iron Hands|[spread] p1b\n|-activate|p1a: Ogerpon|move: Protect\n|-damage|p1b: Iron Hands|64\/100\n|-damage|p2b: Farigiraf|0 fnt|[from] item: Life Orb\n|faint|p2b: Farigiraf\n|\n|-weather|SunnyDay|[upkeep]\n|upkeep\n|\n|t:|1737142777\n|switch|p2b: Calyrex|Calyrex-Ice, L50|100\/100\n|-ability|p2b: Calyrex|As One\n|-ability|p2b: Calyrex|Unnerve\n|turn|5\n|j| Queenliu2\n|\n|t:|1737142811\n|move|p2a: Torkoal|Eruption|p1b: Iron Hands|[spread] p1a,p1b\n|-resisted|p1b: Iron Hands\n|-damage|p1a: Ogerpon|37\/100\n|-damage|p1b: Iron Hands|49\/100\n|move|p1b: Iron Hands|Drain Punch|p2b: Calyrex\n|-damage|p2b: Calyrex|66\/100\n|-heal|p1b: Iron Hands|64\/100|[from] drain|[of] p2b: Calyrex\n|move|p2b: Calyrex|Glacial Lance|p1a: Ogerpon|[spread] p1a,p1b\n|-resisted|p1b: Iron Hands\n|-damage|p1a: Ogerpon|0 fnt\n|-damage|p1b: Iron Hands|42\/100\n|faint|p1a: Ogerpon\n|-ability|p2b: Calyrex|Chilling Neigh|boost\n|-boost|p2b: Calyrex|atk|1\n|\n|-weather|SunnyDay|[upkeep]\n|upkeep\n|\n|t:|1737142821\n|switch|p1a: Smeargle|Smeargle, L50, F|15\/100\n|turn|6\n|\n|t:|1737142830\n|move|p1a: Smeargle|Wide Guard|p1a: Smeargle\n|-singleturn|p1a: Smeargle|Wide Guard\n|move|p2a: Torkoal|Eruption|p1b: Iron Hands|[spread] \n|-activate|p1a: Smeargle|move: Wide Guard\n|-activate|p1b: Iron Hands|move: Wide Guard\n|move|p1b: Iron Hands|Low Kick|p2b: Calyrex\n|-damage|p2b: Calyrex|9\/100\n|move|p2b: Calyrex|High Horsepower|p1b: Iron Hands\n|-supereffective|p1b: Iron Hands\n|-damage|p1b: Iron Hands|0 fnt\n|faint|p1b: Iron Hands\n|-end|p1b: Iron Hands|Quark Drive|[silent]\n|-ability|p2b: Calyrex|Chilling Neigh|boost\n|-boost|p2b: Calyrex|atk|1\n|\n|-weather|SunnyDay|[upkeep]\n|-fieldend|move: Trick Room\n|-fieldend|move: Electric Terrain\n|-ability|p1a: Smeargle|Moody|boost\n|-boost|p1a: Smeargle|spa|2\n|-unboost|p1a: Smeargle|spd|1\n|upkeep\n|turn|7\n|j| sitojuri\n|-message|longhq forfeited.\n|\n|win|PhilosophyClassAlt\n|raw|longhq's rating: 1549 &rarr; <strong>1534<\/strong><br \/>(-15 for losing)\n|raw|PhilosophyClassAlt's rating: 1629 &rarr; <strong>1644<\/strong><br \/>(+15 for winning)\n|l|\u203dlonghq\n|player|p1|\n|l| Queenliu2\n|l|\u2606PhilosophyClassAlt\n|player|p2|\n|l| sitojuri\n|j| Queenliu2\n","uploadtime":1737143005,"views":37,"formatid":"gen9vgc2025regg","rating":1534,"private":0,"password":null}