{"id":"gen9vgc2025regg-2283858677","format":"[Gen 9] VGC 2025 Reg G","players":["GG=Groudon Gaming","501JFW"],"log":"|j|\u2606GG=Groudon Gaming\n|j|\u203d501JFW\n|t:|1737263467\n|gametype|doubles\n|player|p1|GG=Groudon Gaming|may-masters2|1625\n|player|p2|501JFW|266|1656\n|teamsize|p1|6\n|teamsize|p2|6\n|gen|9\n|tier|[Gen 9] VGC 2025 Reg G\n|rated|\n|rule|Species Clause: Limit one of each Pok\u00e9mon\n|rule|Item Clause: Limit 1 of each item\n|clearpoke\n|poke|p1|Groudon, L50|\n|poke|p1|Armarouge, L50, M|\n|poke|p1|Indeedee-F, L50, F|\n|poke|p1|Flutter Mane, L50|\n|poke|p1|Raging Bolt, L50|\n|poke|p1|Jumpluff, L50, M|\n|poke|p2|Calyrex-Ice, L50|\n|poke|p2|Iron Valiant, L50|\n|poke|p2|Urshifu-*, L50, F|\n|poke|p2|Pelipper, L50, F|\n|poke|p2|Landorus, L50, M|\n|poke|p2|Amoonguss, L50, M|\n|teampreview|4\n|inactive|Battle timer is ON: inactive players will automatically lose when time's up. (requested by GG=Groudon Gaming)\n|j| jk712\n|\n|t:|1737263475\n|start\n|switch|p1a: Raging Bolt|Raging Bolt, L50|100\/100\n|switch|p1b: Jumpluff|Jumpluff, L50, M|100\/100\n|switch|p2a: Landorus|Landorus, L50, M, shiny|100\/100\n|switch|p2b: Urshifu|Urshifu-Rapid-Strike, L50, F|100\/100\n|turn|1\n|\n|t:|1737263498\n|-terastallize|p1a: Raging Bolt|Bug\n|move|p2a: Landorus|Earth Power|p1a: Raging Bolt\n|-resisted|p1a: Raging Bolt\n|-damage|p1a: Raging Bolt|84\/100\n|move|p1b: Jumpluff|Sunny Day|p1b: Jumpluff\n|-weather|SunnyDay\n|-activate|p1a: Raging Bolt|ability: Protosynthesis\n|-start|p1a: Raging Bolt|protosynthesisspa\n|move|p2b: Urshifu|Surging Strikes|p1b: Jumpluff\n|-resisted|p1b: Jumpluff\n|-crit|p1b: Jumpluff\n|-damage|p1b: Jumpluff|94\/100\n|-resisted|p1b: Jumpluff\n|-crit|p1b: Jumpluff\n|-damage|p1b: Jumpluff|86\/100\n|-resisted|p1b: Jumpluff\n|-crit|p1b: Jumpluff\n|-damage|p1b: Jumpluff|79\/100\n|-hitcount|p1b: Jumpluff|3\n|move|p1a: Raging Bolt|Weather Ball|p2a: Landorus\n|-damage|p2a: Landorus|7\/100\n|\n|-weather|SunnyDay|[upkeep]\n|upkeep\n|turn|2\n|j| Bubsnz\n|inactive|GG=Groudon Gaming has 30 seconds left.\n|inactive|501JFW has 30 seconds left.\n|\n|t:|1737263526\n|switch|p2a: Calyrex|Calyrex-Ice, L50|100\/100\n|-ability|p2a: Calyrex|As One\n|-ability|p2a: Calyrex|Unnerve\n|move|p2b: Urshifu|Protect|p2b: Urshifu\n|-singleturn|p2b: Urshifu|Protect\n|move|p1b: Jumpluff|Sleep Powder|p2b: Urshifu\n|-activate|p2b: Urshifu|move: Protect\n|move|p1a: Raging Bolt|Thunderbolt|p2a: Calyrex\n|-damage|p2a: Calyrex|55\/100\n|\n|-weather|SunnyDay|[upkeep]\n|upkeep\n|turn|3\n|j| GholdenGhoul\n|inactive|501JFW has 30 seconds left.\n|\n|t:|1737263553\n|switch|p2b: Pelipper|Pelipper, L50, F, shiny|100\/100\n|-weather|RainDance|[from] ability: Drizzle|[of] p2b: Pelipper\n|-end|p1a: Raging Bolt|Protosynthesis\n|-terastallize|p2a: Calyrex|Grass\n|move|p1b: Jumpluff|Encore||[still]\n|-fail|p1b: Jumpluff\n|move|p1a: Raging Bolt|Draco Meteor|p2a: Calyrex\n|-damage|p2a: Calyrex|2\/100\n|-unboost|p1a: Raging Bolt|spa|2\n|move|p2a: Calyrex|Trick Room|p2a: Calyrex\n|-fieldstart|move: Trick Room|[of] p2a: Calyrex\n|\n|-weather|RainDance|[upkeep]\n|upkeep\n|turn|4\n|\n|t:|1737263574\n|move|p2a: Calyrex|Protect|p2a: Calyrex\n|-singleturn|p2a: Calyrex|Protect\n|move|p1a: Raging Bolt|Thunderclap||[still]\n|-fail|p1a: Raging Bolt\n|move|p2b: Pelipper|Hurricane|p1a: Raging Bolt\n|-supereffective|p1a: Raging Bolt\n|-damage|p1a: Raging Bolt|6\/100\n|-damage|p2b: Pelipper|91\/100|[from] item: Life Orb\n|move|p1b: Jumpluff|Sunny Day|p1b: Jumpluff\n|-weather|SunnyDay\n|-activate|p1a: Raging Bolt|ability: Protosynthesis\n|-start|p1a: Raging Bolt|protosynthesisspd\n|\n|-weather|SunnyDay|[upkeep]\n|upkeep\n|turn|5\n|\n|t:|1737263591\n|switch|p2a: Landorus|Landorus, L50, M, shiny|7\/100\n|switch|p1b: Armarouge|Armarouge, L50, M|100\/100\n|move|p1a: Raging Bolt|Thunderclap|p2b: Pelipper\n|-supereffective|p2b: Pelipper\n|-damage|p2b: Pelipper|0 fnt\n|faint|p2b: Pelipper\n|\n|-weather|SunnyDay|[upkeep]\n|upkeep\n|-message|501JFW forfeited.\n|\n|win|GG=Groudon Gaming\n|raw|GG=Groudon Gaming's rating: 1625 &rarr; <strong>1647<\/strong><br \/>(+22 for winning)\n|raw|501JFW's rating: 1656 &rarr; <strong>1634<\/strong><br \/>(-22 for losing)\n|l|\u203d501JFW\n|player|p2|\n|l| jk712\n|l| GholdenGhoul\n","uploadtime":1737263605,"views":35,"formatid":"gen9vgc2025regg","rating":1634,"private":0,"password":null}