{"id":"gen9vgc2025regg-2283127037","format":"[Gen 9] VGC 2025 Reg G","players":["superpowerpoke","Banthejuggalo"],"log":"|j|\u2606superpowerpoke\n|j|\u2606Banthejuggalo\n|t:|1737152075\n|gametype|doubles\n|player|p1|superpowerpoke|266|1691\n|player|p2|Banthejuggalo|266|1618\n|teamsize|p1|6\n|teamsize|p2|6\n|gen|9\n|tier|[Gen 9] VGC 2025 Reg G\n|rated|\n|rule|Species Clause: Limit one of each Pok\u00e9mon\n|rule|Item Clause: Limit 1 of each item\n|clearpoke\n|poke|p1|Calyrex-Ice, L50|\n|poke|p1|Raging Bolt, L50|\n|poke|p1|Urshifu-*, L50, F|\n|poke|p1|Ogerpon-Cornerstone, L50, F|\n|poke|p1|Rillaboom, L50, M|\n|poke|p1|Tornadus, L50, M|\n|poke|p2|Grimmsnarl, L50, M|\n|poke|p2|Zamazenta-*, L50|\n|poke|p2|Landorus, L50, M|\n|poke|p2|Rillaboom, L50, F|\n|poke|p2|Urshifu-*, L50, F|\n|poke|p2|Moltres-Galar, L50|\n|teampreview|4\n|j| TeamJnS\n|\n|t:|1737152101\n|start\n|switch|p1a: Calyrex|Calyrex-Ice, L50|100\/100\n|switch|p1b: Urshifu|Urshifu-Rapid-Strike, L50, F|100\/100\n|switch|p2a: Grimmsnarl|Grimmsnarl, L50, M|100\/100\n|switch|p2b: Zamazenta|Zamazenta-Crowned, L50|100\/100\n|-ability|p1a: Calyrex|As One\n|-ability|p1a: Calyrex|Unnerve\n|-ability|p2b: Zamazenta|Dauntless Shield|boost\n|-boost|p2b: Zamazenta|def|1\n|turn|1\n|\n|t:|1737152120\n|move|p2a: Grimmsnarl|Reflect|p2a: Grimmsnarl\n|-sidestart|p2: Banthejuggalo|Reflect\n|move|p2b: Zamazenta|Iron Defense|p2b: Zamazenta\n|-boost|p2b: Zamazenta|def|2\n|move|p1b: Urshifu|Surging Strikes|p2a: Grimmsnarl\n|-crit|p2a: Grimmsnarl\n|-damage|p2a: Grimmsnarl|78\/100\n|-crit|p2a: Grimmsnarl\n|-damage|p2a: Grimmsnarl|56\/100\n|-crit|p2a: Grimmsnarl\n|-damage|p2a: Grimmsnarl|37\/100\n|-hitcount|p2a: Grimmsnarl|3\n|move|p1a: Calyrex|Glacial Lance|p2b: Zamazenta|[spread] p2a,p2b\n|-resisted|p2b: Zamazenta\n|-damage|p2a: Grimmsnarl|3\/100\n|-damage|p2b: Zamazenta|96\/100\n|\n|upkeep\n|turn|2\n|\n|t:|1737152148\n|move|p1b: Urshifu|Aqua Jet|p2a: Grimmsnarl\n|-damage|p2a: Grimmsnarl|0 fnt\n|faint|p2a: Grimmsnarl\n|move|p2b: Zamazenta|Body Press|p1b: Urshifu\n|-enditem|p1b: Urshifu|Focus Sash\n|-damage|p1b: Urshifu|1\/100\n|move|p1a: Calyrex|High Horsepower|p2b: Zamazenta\n|-supereffective|p2b: Zamazenta\n|-damage|p2b: Zamazenta|84\/100\n|\n|upkeep\n|\n|t:|1737152161\n|switch|p2a: Urshifu|Urshifu-Rapid-Strike, L50, F|100\/100\n|turn|3\n|\n|t:|1737152191\n|move|p2b: Zamazenta|Body Press|p1b: Urshifu\n|-damage|p1b: Urshifu|0 fnt\n|faint|p1b: Urshifu\n|move|p2a: Urshifu|Surging Strikes|p1a: Calyrex\n|-crit|p1a: Calyrex\n|-damage|p1a: Calyrex|82\/100\n|-crit|p1a: Calyrex\n|-damage|p1a: Calyrex|62\/100\n|-crit|p1a: Calyrex\n|-damage|p1a: Calyrex|42\/100\n|-hitcount|p1a: Calyrex|3\n|move|p1a: Calyrex|Zen Headbutt|p2a: Urshifu\n|-supereffective|p2a: Urshifu\n|-damage|p2a: Urshifu|34\/100\n|\n|upkeep\n|\n|t:|1737152224\n|switch|p1b: Tornadus|Tornadus, L50, M|100\/100\n|turn|4\n|j| kyo9t\n|\n|t:|1737152244\n|move|p2b: Zamazenta|Body Press|p1a: Calyrex\n|-damage|p1a: Calyrex|0 fnt\n|faint|p1a: Calyrex\n|move|p1b: Tornadus|Bleakwind Storm|p2a: Urshifu|[spread] p2a\n|-miss|p1b: Tornadus|p2b: Zamazenta\n|-supereffective|p2a: Urshifu\n|-damage|p2a: Urshifu|0 fnt\n|faint|p2a: Urshifu\n|\n|upkeep\n|\n|t:|1737152250\n|switch|p2a: Rillaboom|Rillaboom, L50, F|100\/100\n|switch|p1a: Raging Bolt|Raging Bolt, L50|100\/100\n|-fieldstart|move: Grassy Terrain|[from] ability: Grassy Surge|[of] p2a: Rillaboom\n|-enditem|p1a: Raging Bolt|Booster Energy\n|-activate|p1a: Raging Bolt|ability: Protosynthesis|[fromitem]\n|-start|p1a: Raging Bolt|protosynthesisspa\n|turn|5\n|\n|t:|1737152280\n|move|p1a: Raging Bolt|Protect|p1a: Raging Bolt\n|-singleturn|p1a: Raging Bolt|Protect\n|move|p1b: Tornadus|Tailwind|p1b: Tornadus\n|-sidestart|p1: superpowerpoke|move: Tailwind\n|move|p2b: Zamazenta|Body Press|p1b: Tornadus\n|-resisted|p1b: Tornadus\n|-damage|p1b: Tornadus|42\/100\n|move|p2a: Rillaboom|Wood Hammer|p1b: Tornadus\n|-resisted|p1b: Tornadus\n|-damage|p1b: Tornadus|0 fnt\n|faint|p1b: Tornadus\n|-damage|p2a: Rillaboom|88\/100|[from] Recoil\n|\n|-heal|p2b: Zamazenta|90\/100|[from] Grassy Terrain\n|-heal|p2a: Rillaboom|94\/100|[from] Grassy Terrain\n|upkeep\n|turn|6\n|\n|t:|1737152296\n|-terastallize|p1a: Raging Bolt|Electric\n|move|p2b: Zamazenta|Protect|p2b: Zamazenta\n|-singleturn|p2b: Zamazenta|Protect\n|move|p1a: Raging Bolt|Thunderbolt|p2b: Zamazenta\n|-activate|p2b: Zamazenta|move: Protect\n|move|p2a: Rillaboom|Wood Hammer|p1a: Raging Bolt\n|-damage|p1a: Raging Bolt|26\/100\n|-damage|p2a: Rillaboom|70\/100|[from] Recoil\n|\n|-heal|p1a: Raging Bolt|32\/100|[from] Grassy Terrain\n|-heal|p2b: Zamazenta|96\/100|[from] Grassy Terrain\n|-heal|p2a: Rillaboom|75\/100|[from] Grassy Terrain\n|upkeep\n|turn|7\n|\n|t:|1737152310\n|move|p1a: Raging Bolt|Thunderbolt|p2b: Zamazenta\n|-damage|p2b: Zamazenta|33\/100\n|-status|p2b: Zamazenta|par\n|move|p2a: Rillaboom|Wood Hammer|p1a: Raging Bolt\n|-damage|p1a: Raging Bolt|0 fnt\n|faint|p1a: Raging Bolt\n|-end|p1a: Raging Bolt|Protosynthesis|[silent]\n|-damage|p2a: Rillaboom|65\/100|[from] Recoil\n|\n|win|Banthejuggalo\n|raw|superpowerpoke's rating: 1691 &rarr; <strong>1667<\/strong><br \/>(-24 for losing)\n|raw|Banthejuggalo's rating: 1618 &rarr; <strong>1642<\/strong><br \/>(+24 for winning)\n|l| TeamJnS\n|l|\u2606Banthejuggalo\n|player|p2|\n|l|\u2606superpowerpoke\n|player|p1|\n","uploadtime":1737152520,"views":28,"formatid":"gen9vgc2025regg","rating":1642,"private":0,"password":null}