{"id":"gen9vgc2025regg-2284147391","format":"[Gen 9] VGC 2025 Reg G","players":["Rainy Drift","LeCehlou"],"log":"|j|\u2606Rainy Drift\n|j|\u2606LeCehlou\n|t:|1737311573\n|gametype|doubles\n|player|p1|Rainy Drift|169|1514\n|player|p2|LeCehlou|265|1619\n|teamsize|p1|6\n|teamsize|p2|6\n|gen|9\n|tier|[Gen 9] VGC 2025 Reg G\n|rated|\n|rule|Species Clause: Limit one of each Pok\u00e9mon\n|rule|Item Clause: Limit 1 of each item\n|clearpoke\n|poke|p1|Kyogre, L50|\n|poke|p1|Tornadus, L50, M|\n|poke|p1|Archaludon, L50, M|\n|poke|p1|Landorus, L50, M|\n|poke|p1|Araquanid, L50, M|\n|poke|p1|Rillaboom, L50, M|\n|poke|p2|Ditto, L50|\n|poke|p2|Zacian-*, L50|\n|poke|p2|Amoonguss, L50, M|\n|poke|p2|Regidrago, L50|\n|poke|p2|Chi-Yu, L50|\n|poke|p2|Whimsicott, L50, M|\n|teampreview|4\n|\n|t:|1737311642\n|start\n|switch|p1a: Tornadus|Tornadus, L50, M|100\/100\n|switch|p1b: Kyogre|Kyogre, L50|100\/100\n|switch|p2a: Whimsicott|Whimsicott, L50, M, shiny|100\/100\n|switch|p2b: Regidrago|Regidrago, L50|100\/100\n|-weather|RainDance|[from] ability: Drizzle|[of] p1b: Kyogre\n|turn|1\n|\n|t:|1737311667\n|move|p2a: Whimsicott|Tailwind|p2a: Whimsicott\n|-sidestart|p2: LeCehlou|move: Tailwind\n|move|p1a: Tornadus|Tailwind|p1a: Tornadus\n|-sidestart|p1: Rainy Drift|move: Tailwind\n|move|p1b: Kyogre|Water Spout|p2b: Regidrago|[spread] p2a,p2b\n|-resisted|p2a: Whimsicott\n|-resisted|p2b: Regidrago\n|-damage|p2a: Whimsicott|37\/100\n|-damage|p2b: Regidrago|47\/100\n|move|p2b: Regidrago|Draco Meteor|p1b: Kyogre\n|-damage|p1b: Kyogre|17\/100\n|-unboost|p2b: Regidrago|spa|2\n|-damage|p2b: Regidrago|37\/100|[from] item: Life Orb\n|\n|-weather|RainDance|[upkeep]\n|upkeep\n|turn|2\n|\n|t:|1737311685\n|switch|p1b: Archaludon|Archaludon, L50, M|100\/100\n|switch|p2b: Chi-Yu|Chi-Yu, L50|100\/100\n|-ability|p2b: Chi-Yu|Beads of Ruin\n|move|p2a: Whimsicott|Encore|p1a: Tornadus\n|-start|p1a: Tornadus|Encore\n|move|p1a: Tornadus|Tailwind||[still]\n|-fail|p1a: Tornadus\n|\n|-weather|RainDance|[upkeep]\n|upkeep\n|turn|3\n|\n|t:|1737311706\n|switch|p1a: Kyogre|Kyogre, L50|17\/100\n|-terastallize|p2b: Chi-Yu|Fire\n|move|p2a: Whimsicott|Sunny Day|p2a: Whimsicott\n|-weather|SunnyDay\n|move|p2b: Chi-Yu|Heat Wave|p1a: Kyogre|[spread] p1a,p1b\n|-resisted|p1a: Kyogre\n|-damage|p1a: Kyogre|0 fnt\n|-damage|p1b: Archaludon|25\/100\n|-ability|p1b: Archaludon|Stamina|boost\n|-boost|p1b: Archaludon|def|1\n|faint|p1a: Kyogre\n|move|p1b: Archaludon|Flash Cannon|p2a: Whimsicott\n|-supereffective|p2a: Whimsicott\n|-damage|p2a: Whimsicott|0 fnt\n|faint|p2a: Whimsicott\n|\n|-weather|SunnyDay|[upkeep]\n|upkeep\n|\n|t:|1737311730\n|switch|p2a: Zacian|Zacian-Crowned, L50|100\/100\n|switch|p1a: Tornadus|Tornadus, L50, M|100\/100\n|-ability|p2a: Zacian|Intrepid Sword|boost\n|-boost|p2a: Zacian|atk|1\n|turn|4\n|\n|t:|1737311749\n|move|p1a: Tornadus|Rain Dance|p1a: Tornadus\n|-weather|RainDance\n|move|p2b: Chi-Yu|Heat Wave|p1a: Tornadus|[spread] p1a,p1b\n|-crit|p1b: Archaludon\n|-damage|p1a: Tornadus|64\/100\n|-damage|p1b: Archaludon|0 fnt\n|faint|p1b: Archaludon\n|move|p2a: Zacian|Sacred Sword|p1a: Tornadus\n|-resisted|p1a: Tornadus\n|-damage|p1a: Tornadus|39\/100\n|\n|-weather|RainDance|[upkeep]\n|-sideend|p1: Rainy Drift|move: Tailwind\n|-sideend|p2: LeCehlou|move: Tailwind\n|upkeep\n|\n|t:|1737311757\n|switch|p1b: Landorus|Landorus, L50, M|100\/100\n|turn|5\n|\n|t:|1737311772\n|switch|p2b: Regidrago|Regidrago, L50|37\/100\n|move|p1a: Tornadus|Tailwind|p1a: Tornadus\n|-sidestart|p1: Rainy Drift|move: Tailwind\n|move|p1b: Landorus|Sandsear Storm|p2a: Zacian|[spread] p2a,p2b\n|-supereffective|p2a: Zacian\n|-damage|p2a: Zacian|2\/100\n|-damage|p2b: Regidrago|0 fnt\n|faint|p2b: Regidrago\n|move|p2a: Zacian|Behemoth Blade|p1b: Landorus\n|-damage|p1b: Landorus|11\/100\n|\n|-weather|RainDance|[upkeep]\n|upkeep\n|-message|LeCehlou forfeited.\n|\n|win|Rainy Drift\n|raw|Rainy Drift's rating: 1514 &rarr; <strong>1540<\/strong><br \/>(+26 for winning)\n|raw|LeCehlou's rating: 1619 &rarr; <strong>1593<\/strong><br \/>(-26 for losing)\n|l|\u2606LeCehlou\n|player|p2|\n|l|\u2606Rainy Drift\n|player|p1|\n","uploadtime":1737311935,"views":26,"formatid":"gen9vgc2025regg","rating":1540,"private":0,"password":null}