{"id":"gen9vgc2025regg-2284497329","format":"[Gen 9] VGC 2025 Reg G","players":["Jadenhess","TonyPajamas16"],"log":"|j|\u2606Jadenhess\n|j|\u2606TonyPajamas16\n|t:|1737357197\n|gametype|doubles\n|player|p1|Jadenhess|170|1560\n|player|p2|TonyPajamas16|2|1620\n|teamsize|p1|6\n|teamsize|p2|6\n|gen|9\n|tier|[Gen 9] VGC 2025 Reg G\n|rated|\n|rule|Species Clause: Limit one of each Pok\u00e9mon\n|rule|Item Clause: Limit 1 of each item\n|clearpoke\n|poke|p1|Samurott-Hisui, L50, F|\n|poke|p1|Espathra, L50, F|\n|poke|p1|Sableye, L50, F|\n|poke|p1|Indeedee-F, L50, F|\n|poke|p1|Arcanine, L50, M|\n|poke|p1|Terapagos, L50, M|\n|poke|p2|Groudon, L50|\n|poke|p2|Sableye, L50, M|\n|poke|p2|Rillaboom, L50, F|\n|poke|p2|Gouging Fire, L50|\n|poke|p2|Raging Bolt, L50|\n|poke|p2|Scream Tail, L50|\n|teampreview|4\n|inactive|Battle timer is ON: inactive players will automatically lose when time's up. (requested by Jadenhess)\n|j| unclepham\n|inactive|Jadenhess has 60 seconds left.\n|inactive|TonyPajamas16 has 60 seconds left.\n|j| Deathbydeath01\n|inactive|TonyPajamas16 has 30 seconds left.\n|\n|t:|1737357259\n|start\n|switch|p1a: Samurott|Samurott-Hisui, L50, F|100\/100\n|switch|p1b: Arcanine|Arcanine, L50, M|100\/100\n|switch|p2a: Scream Tail|Scream Tail, L50, shiny|100\/100\n|switch|p2b: Sableye|Sableye, L50, M, shiny|100\/100\n|-ability|p1b: Arcanine|Intimidate|boost\n|-unboost|p2a: Scream Tail|atk|1\n|-unboost|p2b: Sableye|atk|1\n|-enditem|p2a: Scream Tail|Booster Energy\n|-activate|p2a: Scream Tail|ability: Protosynthesis|[fromitem]\n|-start|p2a: Scream Tail|protosynthesisspe\n|turn|1\n|\n|t:|1737357272\n|move|p2b: Sableye|Gravity|p2b: Sableye\n|-fieldstart|move: Gravity\n|move|p2a: Scream Tail|Sing|p1b: Arcanine|[miss]\n|-miss|p2a: Scream Tail|p1b: Arcanine\n|move|p1a: Samurott|Ceaseless Edge|p2b: Sableye\n|-damage|p2b: Sableye|53\/100\n|-sidestart|p2: TonyPajamas16|Spikes\n|-enditem|p2b: Sableye|Eject Button\n|\n|t:|1737357283\n|switch|p2b: Groudon|Groudon, L50|100\/100\n|-damage|p2b: Groudon|88\/100|[from] Spikes\n|-weather|SunnyDay|[from] ability: Drought|[of] p2b: Groudon\n|move|p1b: Arcanine|Will-O-Wisp|p2a: Scream Tail\n|-status|p2a: Scream Tail|brn\n|\n|-weather|SunnyDay|[upkeep]\n|-damage|p2a: Scream Tail|95\/100 brn|[from] brn\n|upkeep\n|turn|2\n|\n|t:|1737357299\n|move|p2a: Scream Tail|Sing|p1b: Arcanine\n|-status|p1b: Arcanine|slp|[from] move: Sing\n|move|p1a: Samurott|Knock Off|p2b: Groudon\n|-damage|p2b: Groudon|59\/100\n|-enditem|p2b: Groudon|Assault Vest|[from] move: Knock Off|[of] p1a: Samurott\n|cant|p1b: Arcanine|slp\n|move|p2b: Groudon|Precipice Blades|p1b: Arcanine|[spread] p1a,p1b\n|-supereffective|p1b: Arcanine\n|-damage|p1a: Samurott|28\/100\n|-damage|p1b: Arcanine|5\/100 slp\n|\n|-weather|SunnyDay|[upkeep]\n|-heal|p1b: Arcanine|11\/100 slp|[from] item: Leftovers\n|-damage|p2a: Scream Tail|89\/100 brn|[from] brn\n|upkeep\n|turn|3\n|\n|t:|1737357318\n|switch|p1b: Terapagos|Terapagos, L50, M|100\/100\n|-activate|p1b: Terapagos|ability: Tera Shift\n|detailschange|p1b: Terapagos|Terapagos-Terastal, L50, M\n|-heal|p1b: Terapagos|100\/100|[silent]\n|move|p1a: Samurott|Protect|p1a: Samurott\n|-singleturn|p1a: Samurott|Protect\n|move|p2a: Scream Tail|Play Rough|p1a: Samurott\n|-activate|p1a: Samurott|move: Protect\n|move|p2b: Groudon|Precipice Blades|p1b: Terapagos|[spread] p1b\n|-activate|p1a: Samurott|move: Protect\n|-activate|p1b: Terapagos|ability: Tera Shell\n|-resisted|p1b: Terapagos\n|-damage|p1b: Terapagos|85\/100\n|\n|-weather|SunnyDay|[upkeep]\n|-damage|p2a: Scream Tail|83\/100 brn|[from] brn\n|upkeep\n|turn|4\n|\n|t:|1737357336\n|switch|p1b: Arcanine|Arcanine, L50, M|11\/100 slp\n|-ability|p1b: Arcanine|Intimidate|boost\n|-unboost|p2a: Scream Tail|atk|1\n|-unboost|p2b: Groudon|atk|1\n|move|p2a: Scream Tail|Sing|p1b: Arcanine\n|-fail|p1b: Arcanine|slp\n|move|p1a: Samurott|Ceaseless Edge|p2a: Scream Tail\n|-damage|p2a: Scream Tail|49\/100 brn\n|-sidestart|p2: TonyPajamas16|Spikes\n|move|p2b: Groudon|Precipice Blades|p1b: Arcanine|[spread] p1a,p1b\n|-supereffective|p1b: Arcanine\n|-damage|p1a: Samurott|0 fnt\n|-damage|p1b: Arcanine|0 fnt\n|faint|p1a: Samurott\n|faint|p1b: Arcanine\n|\n|-weather|SunnyDay|[upkeep]\n|-damage|p2a: Scream Tail|43\/100 brn|[from] brn\n|upkeep\n|\n|t:|1737357348\n|switch|p1a: Terapagos|Terapagos-Terastal, L50, M|85\/100\n|switch|p1b: Espathra|Espathra, L50, F|100\/100\n|turn|5\n|\n|t:|1737357361\n|switch|p2b: Sableye|Sableye, L50, M, shiny|53\/100\n|-damage|p2b: Sableye|36\/100|[from] Spikes\n|move|p2a: Scream Tail|Sing|p1a: Terapagos\n|-status|p1a: Terapagos|slp|[from] move: Sing\n|move|p1b: Espathra|Lumina Crash|p2a: Scream Tail\n|-resisted|p2a: Scream Tail\n|-damage|p2a: Scream Tail|32\/100 brn\n|-unboost|p2a: Scream Tail|spd|2\n|cant|p1a: Terapagos|slp\n|\n|-weather|none\n|-damage|p2a: Scream Tail|26\/100 brn|[from] brn\n|-fieldend|move: Gravity\n|-ability|p1b: Espathra|Speed Boost|boost\n|-boost|p1b: Espathra|spe|1\n|upkeep\n|turn|6\n|\n|t:|1737357377\n|move|p1b: Espathra|Protect|p1b: Espathra\n|-singleturn|p1b: Espathra|Protect\n|move|p2b: Sableye|Gravity|p2b: Sableye\n|-fieldstart|move: Gravity\n|move|p2a: Scream Tail|Sing|p1b: Espathra\n|-activate|p1b: Espathra|move: Protect\n|-curestatus|p1a: Terapagos|slp|[msg]\n|move|p1a: Terapagos|Sleep Talk||[still]\n|-fail|p1a: Terapagos\n|\n|-damage|p2a: Scream Tail|20\/100 brn|[from] brn\n|-ability|p1b: Espathra|Speed Boost|boost\n|-boost|p1b: Espathra|spe|1\n|upkeep\n|turn|7\n|\n|t:|1737357395\n|move|p2b: Sableye|Encore||[still]\n|-fail|p2b: Sableye\n|move|p1b: Espathra|Dazzling Gleam|p2a: Scream Tail|[spread] p2a,p2b\n|-supereffective|p2b: Sableye\n|-damage|p2a: Scream Tail|1\/100 brn\n|-damage|p2b: Sableye|0 fnt\n|faint|p2b: Sableye\n|move|p2a: Scream Tail|Sing|p1b: Espathra\n|-status|p1b: Espathra|slp|[from] move: Sing\n|move|p1a: Terapagos|Calm Mind|p1a: Terapagos\n|-boost|p1a: Terapagos|spa|1\n|-boost|p1a: Terapagos|spd|1\n|\n|-damage|p2a: Scream Tail|0 fnt|[from] brn\n|faint|p2a: Scream Tail\n|-end|p2a: Scream Tail|Protosynthesis|[silent]\n|-ability|p1b: Espathra|Speed Boost|boost\n|-boost|p1b: Espathra|spe|1\n|upkeep\n|\n|t:|1737357404\n|switch|p2a: Groudon|Groudon, L50|59\/100\n|switch|p2b: Curveball|Rillaboom, L50, F|100\/100\n|-damage|p2b: Curveball|84\/100|[from] Spikes\n|-fieldstart|move: Grassy Terrain|[from] ability: Grassy Surge|[of] p2b: Curveball\n|-damage|p2a: Groudon|43\/100|[from] Spikes\n|-weather|SunnyDay|[from] ability: Drought|[of] p2a: Groudon\n|turn|8\n|\n|t:|1737357412\n|-terastallize|p1a: Terapagos|Stellar\n|detailschange|p1a: Terapagos|Terapagos-Stellar, L50, M, tera:Stellar\n|-heal|p1a: Terapagos|89\/100|[silent]\n|-ability|p1a: Terapagos|Teraform Zero\n|-weather|none\n|-fieldend|move: Grassy Terrain\n|cant|p1b: Espathra|slp\n|move|p2b: Curveball|Fake Out|p1a: Terapagos\n|-damage|p1a: Terapagos|83\/100\n|move|p2a: Groudon|Precipice Blades|p1b: Espathra|[spread] p1a,p1b\n|-damage|p1a: Terapagos|58\/100\n|-damage|p1b: Espathra|26\/100 slp\n|-enditem|p1b: Espathra|Sitrus Berry|[eat]\n|-heal|p1b: Espathra|50\/100 slp|[from] item: Sitrus Berry\n|move|p1a: Terapagos|Tera Starstorm|p2b: Curveball|[spread] p2a,p2b\n|-damage|p2a: Groudon|0 fnt\n|-damage|p2b: Curveball|30\/100\n|faint|p2a: Groudon\n|\n|-ability|p1b: Espathra|Speed Boost|boost\n|-boost|p1b: Espathra|spe|1\n|upkeep\n|turn|9\n|\n|t:|1737357432\n|cant|p1b: Espathra|slp\n|move|p2b: Curveball|Wood Hammer|p1a: Terapagos\n|-damage|p1a: Terapagos|27\/100\n|-damage|p2b: Curveball|14\/100|[from] Recoil\n|move|p1a: Terapagos|Tera Starstorm|p2b: Curveball\n|-damage|p2b: Curveball|0 fnt\n|faint|p2b: Curveball\n|\n|win|Jadenhess\n|raw|Jadenhess's rating: 1560 &rarr; <strong>1583<\/strong><br \/>(+23 for winning)\n|raw|TonyPajamas16's rating: 1620 &rarr; <strong>1597<\/strong><br \/>(-23 for losing)\n|l|\u2606Jadenhess\n|player|p1|\n|l|\u2606TonyPajamas16\n|player|p2|\n|l| Deathbydeath01\n|l| unclepham\n","uploadtime":1737357515,"views":39,"formatid":"gen9vgc2025regg","rating":1583,"private":0,"password":null}