{"id":"gen9vgc2025regg-2284847423","format":"[Gen 9] VGC 2025 Reg G","players":["Bayo93","Farhaz_VGC"],"log":"|j|\u2606Bayo93\n|j|\u2606Farhaz_VGC\n|t:|1737404387\n|gametype|doubles\n|player|p1|Bayo93|101|1584\n|player|p2|Farhaz_VGC|rosa|1582\n|teamsize|p1|6\n|teamsize|p2|6\n|gen|9\n|tier|[Gen 9] VGC 2025 Reg G\n|rated|\n|rule|Species Clause: Limit one of each Pok\u00e9mon\n|rule|Item Clause: Limit 1 of each item\n|clearpoke\n|poke|p1|Groudon, L50|\n|poke|p1|Chien-Pao, L50|\n|poke|p1|Raging Bolt, L50|\n|poke|p1|Chi-Yu, L50|\n|poke|p1|Talonflame, L50, F|\n|poke|p1|Flutter Mane, L50|\n|poke|p2|Tornadus, L50, M|\n|poke|p2|Urshifu-*, L50, M|\n|poke|p2|Incineroar, L50, F|\n|poke|p2|Landorus-Therian, L50, M|\n|poke|p2|Calyrex-Shadow, L50|\n|poke|p2|Farigiraf, L50, F|\n|teampreview|4\n|inactive|Battle timer is ON: inactive players will automatically lose when time's up. (requested by Bayo93)\n|j| TobalaDoPao\n|inactive|Bayo93 has 60 seconds left.\n|\n|t:|1737404442\n|start\n|switch|p1a: Talonflame|Talonflame, L50, F|100\/100\n|switch|p1b: Groudon|Groudon, L50|100\/100\n|switch|p2a: Tornadus|Tornadus, L50, M|100\/100\n|switch|p2b: Landorus|Landorus-Therian, L50, M|100\/100\n|-weather|SunnyDay|[from] ability: Drought|[of] p1b: Groudon\n|-ability|p2b: Landorus|Intimidate|boost\n|-unboost|p1a: Talonflame|atk|1\n|-fail|p1b: Groudon|unboost|[from] item: Clear Amulet|[of] p1b: Groudon\n|turn|1\n|l| TobalaDoPao\n|\n|t:|1737404467\n|move|p1a: Talonflame|Tailwind|p1a: Talonflame\n|-sidestart|p1: Bayo93|move: Tailwind\n|move|p2a: Tornadus|Tailwind|p2a: Tornadus\n|-sidestart|p2: Farhaz_VGC|move: Tailwind\n|move|p1b: Groudon|Double-Edge|p2a: Tornadus\n|-damage|p2a: Tornadus|50\/100\n|-damage|p1b: Groudon|84\/100|[from] Recoil\n|move|p2b: Landorus|Rock Slide|p1b: Groudon|[spread] p1a,p1b\n|-supereffective|p1a: Talonflame\n|-resisted|p1b: Groudon\n|-damage|p1a: Talonflame|0 fnt\n|-damage|p1b: Groudon|77\/100\n|faint|p1a: Talonflame\n|\n|-weather|SunnyDay|[upkeep]\n|upkeep\n|\n|t:|1737404477\n|switch|p1a: Flutter Mane|Flutter Mane, L50|100\/100\n|-activate|p1a: Flutter Mane|ability: Protosynthesis\n|-start|p1a: Flutter Mane|protosynthesisspe\n|turn|2\n|j| Therazer456\n|\n|t:|1737404502\n|-terastallize|p1a: Flutter Mane|Fairy\n|move|p1a: Flutter Mane|Dazzling Gleam|p2b: Landorus|[spread] p2a,p2b\n|-damage|p2a: Tornadus|0 fnt\n|-damage|p2b: Landorus|52\/100\n|faint|p2a: Tornadus\n|move|p1b: Groudon|Precipice Blades|p2b: Landorus\n|-immune|p2b: Landorus\n|move|p2b: Landorus|Earthquake|p1b: Groudon|[spread] p1a,p1b\n|-damage|p1a: Flutter Mane|31\/100\n|-damage|p1b: Groudon|45\/100\n|\n|-weather|SunnyDay|[upkeep]\n|upkeep\n|j| mr pogostick\n|\n|t:|1737404518\n|switch|p2a: Calyrex|Calyrex-Shadow, L50|100\/100\n|-ability|p2a: Calyrex|As One\n|-ability|p2a: Calyrex|Unnerve\n|turn|3\n|\n|t:|1737404542\n|switch|p1b: Chi-Yu|Chi-Yu, L50|100\/100\n|-ability|p1b: Chi-Yu|Beads of Ruin\n|-terastallize|p2a: Calyrex|Normal\n|move|p1a: Flutter Mane|Dazzling Gleam|p2b: Landorus|[spread] p2a,p2b\n|-damage|p2a: Calyrex|20\/100\n|-damage|p2b: Landorus|0 fnt\n|faint|p2b: Landorus\n|move|p2a: Calyrex|Astral Barrage|p1a: Flutter Mane|[spread] p1a,p1b\n|-resisted|p1b: Chi-Yu\n|-damage|p1a: Flutter Mane|0 fnt\n|-damage|p1b: Chi-Yu|57\/100\n|faint|p1a: Flutter Mane\n|-end|p1a: Flutter Mane|Protosynthesis|[silent]\n|-ability|p2a: Calyrex|Grim Neigh|boost\n|-boost|p2a: Calyrex|spa|1\n|\n|-weather|SunnyDay|[upkeep]\n|upkeep\n|\n|t:|1737404556\n|switch|p1a: Groudon|Groudon, L50|45\/100\n|switch|p2b: Urshifu|Urshifu, L50, M|100\/100\n|turn|4\n|\n|t:|1737404589\n|move|p1b: Chi-Yu|Heat Wave|p2a: Calyrex|[spread] p2a,p2b\n|-damage|p2a: Calyrex|0 fnt\n|-enditem|p2b: Urshifu|Focus Sash\n|-damage|p2b: Urshifu|1\/100\n|faint|p2a: Calyrex\n|move|p2b: Urshifu|Close Combat|p1a: Groudon\n|-damage|p1a: Groudon|0 fnt\n|-unboost|p2b: Urshifu|def|1\n|-unboost|p2b: Urshifu|spd|1\n|faint|p1a: Groudon\n|\n|-weather|SunnyDay|[upkeep]\n|-sideend|p1: Bayo93|move: Tailwind\n|-sideend|p2: Farhaz_VGC|move: Tailwind\n|upkeep\n|turn|5\n|\n|t:|1737404603\n|move|p1b: Chi-Yu|Heat Wave|p2b: Urshifu\n|-damage|p2b: Urshifu|0 fnt\n|faint|p2b: Urshifu\n|\n|win|Bayo93\n|raw|Bayo93's rating: 1584 &rarr; <strong>1604<\/strong><br \/>(+20 for winning)\n|raw|Farhaz_VGC's rating: 1582 &rarr; <strong>1562<\/strong><br \/>(-20 for losing)\n|l|\u2606Farhaz_VGC\n|player|p2|\n|l| mr pogostick\n|l| Therazer456\n","uploadtime":1737404749,"views":14,"formatid":"gen9vgc2025regg","rating":1562,"private":0,"password":null}