{"id":"gen9vgc2025regg-2284748498","format":"[Gen 9] VGC 2025 Reg G","players":["TonyPajamas16","Farhaz_VGC"],"log":"|j|\u2606TonyPajamas16\n|j|\u2606Farhaz_VGC\n|t:|1737394235\n|gametype|doubles\n|player|p1|TonyPajamas16|266|1675\n|player|p2|Farhaz_VGC|rosa|1594\n|teamsize|p1|6\n|teamsize|p2|6\n|gen|9\n|tier|[Gen 9] VGC 2025 Reg G\n|rated|\n|rule|Species Clause: Limit one of each Pok\u00e9mon\n|rule|Item Clause: Limit 1 of each item\n|clearpoke\n|poke|p1|Groudon, L50|\n|poke|p1|Sableye, L50, F|\n|poke|p1|Rillaboom, L50, F|\n|poke|p1|Gouging Fire, L50|\n|poke|p1|Raging Bolt, L50|\n|poke|p1|Scream Tail, L50|\n|poke|p2|Tornadus, L50, M|\n|poke|p2|Urshifu-*, L50, M|\n|poke|p2|Dragonite, L50, F|\n|poke|p2|Incineroar, L50, M|\n|poke|p2|Landorus-Therian, L50, M|\n|poke|p2|Calyrex-Shadow, L50|\n|teampreview|4\n|inactive|Battle timer is ON: inactive players will automatically lose when time's up. (requested by Farhaz_VGC)\n|inactive|TonyPajamas16 has 60 seconds left.\n|\n|t:|1737394278\n|start\n|switch|p1a: Scream Tail|Scream Tail, L50, shiny|100\/100\n|switch|p1b: Sableye|Sableye, L50, F, shiny|100\/100\n|switch|p2a: Tornadus|Tornadus, L50, M|100\/100\n|switch|p2b: Landorus|Landorus-Therian, L50, M|100\/100\n|-ability|p2b: Landorus|Intimidate|boost\n|-unboost|p1a: Scream Tail|atk|1\n|-unboost|p1b: Sableye|atk|1\n|-enditem|p1a: Scream Tail|Booster Energy\n|-activate|p1a: Scream Tail|ability: Protosynthesis|[fromitem]\n|-start|p1a: Scream Tail|protosynthesisspe\n|turn|1\n|inactive|Farhaz_VGC has 30 seconds left.\n|\n|t:|1737394306\n|-terastallize|p1a: Scream Tail|Dark\n|move|p1b: Sableye|Gravity|p1b: Sableye\n|-fieldstart|move: Gravity\n|move|p1a: Scream Tail|Sing|p2b: Landorus\n|-status|p2b: Landorus|slp|[from] move: Sing\n|move|p2a: Tornadus|Bleakwind Storm|p1a: Scream Tail|[spread] p1a,p1b\n|-damage|p1a: Scream Tail|78\/100\n|-damage|p1b: Sableye|56\/100\n|-enditem|p1b: Sableye|Eject Button\n|j| DaN00biest\n|\n|t:|1737394317\n|switch|p1b: Groudon|Groudon, L50|100\/100\n|-weather|SunnyDay|[from] ability: Drought|[of] p1b: Groudon\n|cant|p2b: Landorus|slp\n|\n|-weather|SunnyDay|[upkeep]\n|upkeep\n|turn|2\n|\n|t:|1737394332\n|move|p2a: Tornadus|Protect|p2a: Tornadus\n|-singleturn|p2a: Tornadus|Protect\n|move|p1a: Scream Tail|Sing|p2a: Tornadus\n|-activate|p2a: Tornadus|move: Protect\n|-curestatus|p2b: Landorus|slp|[msg]\n|move|p2b: Landorus|Earthquake|p1a: Scream Tail|[spread] p1a,p1b\n|-activate|p2a: Tornadus|move: Protect\n|-damage|p1a: Scream Tail|41\/100\n|-damage|p1b: Groudon|70\/100\n|move|p1b: Groudon|Precipice Blades|p2a: Tornadus|[spread] p2b\n|-activate|p2a: Tornadus|move: Protect\n|-damage|p2b: Landorus|42\/100\n|\n|-weather|SunnyDay|[upkeep]\n|upkeep\n|turn|3\n|\n|t:|1737394351\n|move|p2a: Tornadus|Tailwind|p2a: Tornadus\n|-sidestart|p2: Farhaz_VGC|move: Tailwind\n|move|p1a: Scream Tail|Sing|p2a: Tornadus\n|-status|p2a: Tornadus|slp|[from] move: Sing\n|move|p2b: Landorus|Earthquake|p1a: Scream Tail|[spread] p2a,p1a,p1b\n|-damage|p2a: Tornadus|57\/100 slp\n|-damage|p1a: Scream Tail|2\/100\n|-damage|p1b: Groudon|38\/100\n|move|p1b: Groudon|Precipice Blades|p2a: Tornadus|[spread] p2a,p2b\n|-damage|p2a: Tornadus|3\/100 slp\n|-damage|p2b: Landorus|0 fnt\n|faint|p2b: Landorus\n|\n|-weather|SunnyDay|[upkeep]\n|upkeep\n|\n|t:|1737394364\n|switch|p2b: Calyrex|Calyrex-Shadow, L50|100\/100\n|-ability|p2b: Calyrex|As One\n|-ability|p2b: Calyrex|Unnerve\n|turn|4\n|\n|t:|1737394385\n|move|p2b: Calyrex|Astral Barrage|p1a: Scream Tail|[spread] p1a,p1b\n|-resisted|p1a: Scream Tail\n|-damage|p1a: Scream Tail|0 fnt\n|-damage|p1b: Groudon|0 fnt\n|faint|p1a: Scream Tail\n|-end|p1a: Scream Tail|Protosynthesis|[silent]\n|faint|p1b: Groudon\n|-ability|p2b: Calyrex|Grim Neigh|boost\n|-boost|p2b: Calyrex|spa|2\n|cant|p2a: Tornadus|slp\n|\n|-weather|SunnyDay|[upkeep]\n|upkeep\n|\n|t:|1737394392\n|switch|p1a: Gouging Fire|Gouging Fire, L50|100\/100\n|switch|p1b: Sableye|Sableye, L50, F, shiny|56\/100\n|-activate|p1a: Gouging Fire|ability: Protosynthesis\n|-start|p1a: Gouging Fire|protosynthesisspe\n|turn|5\n|\n|t:|1737394414\n|switch|p2b: Urshifu|Urshifu, L50, M|100\/100\n|move|p1b: Sableye|Disable|p2b: Urshifu\n|-hint|Since gen 7, Dark is immune to Prankster moves.\n|-immune|p2b: Urshifu\n|cant|p2a: Tornadus|slp\n|move|p1a: Gouging Fire|Flare Blitz|p2b: Urshifu\n|-damage|p2b: Urshifu|17\/100\n|-damage|p1a: Gouging Fire|75\/100|[from] Recoil\n|\n|-weather|none\n|-end|p1a: Gouging Fire|Protosynthesis\n|-fieldend|move: Gravity\n|upkeep\n|turn|6\n|inactive|Farhaz_VGC has 30 seconds left.\n|inactive|TonyPajamas16 has 30 seconds left.\n|inactive|Farhaz_VGC has 20 seconds left.\n|inactive|Farhaz_VGC has 15 seconds left.\n|inactive|Farhaz_VGC has 10 seconds left.\n|\n|t:|1737394461\n|move|p1b: Sableye|Sunny Day|p1b: Sableye\n|-weather|SunnyDay\n|-activate|p1a: Gouging Fire|ability: Protosynthesis\n|-start|p1a: Gouging Fire|protosynthesisspe\n|move|p2b: Urshifu|Wicked Blow|p1a: Gouging Fire\n|-crit|p1a: Gouging Fire\n|-damage|p1a: Gouging Fire|23\/100\n|cant|p2a: Tornadus|slp\n|move|p1a: Gouging Fire|Breaking Swipe|p2b: Urshifu|[spread] p2a,p2b\n|-damage|p2a: Tornadus|0 fnt\n|-damage|p2b: Urshifu|0 fnt\n|faint|p2a: Tornadus\n|faint|p2b: Urshifu\n|\n|-weather|SunnyDay|[upkeep]\n|-sideend|p2: Farhaz_VGC|move: Tailwind\n|upkeep\n|\n|t:|1737394478\n|switch|p2b: Calyrex|Calyrex-Shadow, L50|100\/100\n|-ability|p2b: Calyrex|As One\n|-ability|p2b: Calyrex|Unnerve\n|turn|7\n|\n|t:|1737394502\n|move|p1b: Sableye|Gravity|p1b: Sableye\n|-fieldstart|move: Gravity\n|move|p1a: Gouging Fire|Flare Blitz|p2b: Calyrex\n|-damage|p2b: Calyrex|3\/100\n|-status|p2b: Calyrex|brn\n|-damage|p1a: Gouging Fire|0 fnt|[from] Recoil\n|faint|p1a: Gouging Fire\n|-end|p1a: Gouging Fire|Protosynthesis|[silent]\n|move|p2b: Calyrex|Astral Barrage|p1b: Sableye\n|-crit|p1b: Sableye\n|-damage|p1b: Sableye|0 fnt\n|faint|p1b: Sableye\n|\n|win|Farhaz_VGC\n|raw|TonyPajamas16's rating: 1675 &rarr; <strong>1650<\/strong><br \/>(-25 for losing)\n|raw|Farhaz_VGC's rating: 1594 &rarr; <strong>1619<\/strong><br \/>(+25 for winning)\n|l|\u2606TonyPajamas16\n|player|p1|\n|l|\u2606Farhaz_VGC\n|player|p2|\n|l| DaN00biest\n","uploadtime":1737394509,"views":5,"formatid":"gen9vgc2025regg","rating":1619,"private":0,"password":null}