{"id":"gen9vgc2025regg-2284848998","format":"[Gen 9] VGC 2025 Reg G","players":["CombatWombat925","BBJHoTS"],"log":"|j|\u2606CombatWombat925\n|j|\u2606BBJHoTS\n|t:|1737404555\n|gametype|doubles\n|player|p1|CombatWombat925|1|1547\n|player|p2|BBJHoTS|101|1544\n|teamsize|p1|6\n|teamsize|p2|6\n|gen|9\n|tier|[Gen 9] VGC 2025 Reg G\n|rated|\n|rule|Species Clause: Limit one of each Pok\u00e9mon\n|rule|Item Clause: Limit 1 of each item\n|clearpoke\n|poke|p1|Urshifu-*, L50, M|\n|poke|p1|Rillaboom, L50, M|\n|poke|p1|Flutter Mane, L50|\n|poke|p1|Terapagos, L50, M|\n|poke|p1|Incineroar, L50, F|\n|poke|p1|Volcarona, L50, F|\n|poke|p2|Groudon, L50|\n|poke|p2|Gouging Fire, L50|\n|poke|p2|Chien-Pao, L50|\n|poke|p2|Urshifu-*, L50, F|\n|poke|p2|Volcarona, L50, M|\n|poke|p2|Raging Bolt, L50|\n|teampreview|4\n|inactive|Battle timer is ON: inactive players will automatically lose when time's up. (requested by BBJHoTS)\n|\n|t:|1737404582\n|start\n|switch|p1a: Incineroar|Incineroar, L50, F|100\/100\n|switch|p1b: Terapagos|Terapagos, L50, M|100\/100\n|switch|p2a: Gouging Fire|Gouging Fire, L50|100\/100\n|switch|p2b: Groudon|Groudon, L50|100\/100\n|-activate|p1b: Terapagos|ability: Tera Shift\n|detailschange|p1b: Terapagos|Terapagos-Terastal, L50, M\n|-heal|p1b: Terapagos|100\/100|[silent]\n|-weather|SunnyDay|[from] ability: Drought|[of] p2b: Groudon\n|-activate|p2a: Gouging Fire|ability: Protosynthesis\n|-start|p2a: Gouging Fire|protosynthesisspe\n|-ability|p1a: Incineroar|Intimidate|boost\n|-fail|p2a: Gouging Fire|unboost|[from] item: Clear Amulet|[of] p2a: Gouging Fire\n|-unboost|p2b: Groudon|atk|1\n|turn|1\n|\n|t:|1737404604\n|switch|p2b: Urshifu|Urshifu, L50, F|100\/100\n|move|p1a: Incineroar|Fake Out|p2a: Gouging Fire\n|-damage|p2a: Gouging Fire|92\/100\n|cant|p2a: Gouging Fire|flinch\n|move|p1b: Terapagos|Calm Mind|p1b: Terapagos\n|-boost|p1b: Terapagos|spa|1\n|-boost|p1b: Terapagos|spd|1\n|\n|-weather|SunnyDay|[upkeep]\n|upkeep\n|turn|2\n|j| Rantix D Red\n|\n|t:|1737404622\n|move|p1b: Terapagos|Protect|p1b: Terapagos\n|-singleturn|p1b: Terapagos|Protect\n|move|p2a: Gouging Fire|Breaking Swipe|p1a: Incineroar|[spread] p1a\n|-activate|p1b: Terapagos|move: Protect\n|-damage|p1a: Incineroar|87\/100\n|-unboost|p1a: Incineroar|atk|1\n|-damage|p2a: Gouging Fire|75\/100|[from] item: Rocky Helmet|[of] p1a: Incineroar\n|move|p2b: Urshifu|Close Combat|p1b: Terapagos\n|-activate|p1b: Terapagos|ability: Tera Shell\n|-resisted|p1b: Terapagos\n|-damage|p1b: Terapagos|60\/100\n|-unboost|p2b: Urshifu|def|1\n|-unboost|p2b: Urshifu|spd|1\n|move|p1a: Incineroar|Will-O-Wisp|p2b: Urshifu\n|-status|p2b: Urshifu|brn\n|\n|-weather|SunnyDay|[upkeep]\n|-heal|p1b: Terapagos|67\/100|[from] item: Leftovers\n|-damage|p2b: Urshifu|94\/100 brn|[from] brn\n|upkeep\n|turn|3\n|inactive|CombatWombat925 has 30 seconds left.\n|inactive|CombatWombat925 has 20 seconds left.\n|\n|t:|1737404660\n|-terastallize|p2a: Gouging Fire|Fire\n|-terastallize|p1b: Terapagos|Stellar\n|detailschange|p1b: Terapagos|Terapagos-Stellar, L50, M, tera:Stellar\n|-heal|p1b: Terapagos|75\/100|[silent]\n|-ability|p1b: Terapagos|Teraform Zero\n|-weather|none\n|-end|p2a: Gouging Fire|Protosynthesis\n|move|p2a: Gouging Fire|Flare Blitz|p1b: Terapagos\n|-damage|p1b: Terapagos|39\/100\n|-damage|p2a: Gouging Fire|60\/100|[from] Recoil\n|move|p2b: Urshifu|Close Combat|p1b: Terapagos\n|-supereffective|p1b: Terapagos\n|-damage|p1b: Terapagos|0 fnt\n|-unboost|p2b: Urshifu|def|1\n|-unboost|p2b: Urshifu|spd|1\n|faint|p1b: Terapagos\n|move|p1a: Incineroar|Knock Off|p2a: Gouging Fire\n|-damage|p2a: Gouging Fire|40\/100\n|-enditem|p2a: Gouging Fire|Clear Amulet|[from] move: Knock Off|[of] p1a: Incineroar\n|\n|-damage|p2b: Urshifu|88\/100 brn|[from] brn\n|upkeep\n|\n|t:|1737404678\n|switch|p1b: Flutter Mane|Flutter Mane, L50|100\/100\n|-enditem|p1b: Flutter Mane|Booster Energy\n|-activate|p1b: Flutter Mane|ability: Protosynthesis|[fromitem]\n|-start|p1b: Flutter Mane|protosynthesisspe\n|turn|4\n|\n|t:|1737404693\n|switch|p2b: Groudon|Groudon, L50|100\/100\n|-weather|SunnyDay|[from] ability: Drought|[of] p2b: Groudon\n|-activate|p2a: Gouging Fire|ability: Protosynthesis\n|-start|p2a: Gouging Fire|protosynthesisspe\n|move|p1b: Flutter Mane|Protect|p1b: Flutter Mane\n|-singleturn|p1b: Flutter Mane|Protect\n|move|p2a: Gouging Fire|Flare Blitz|p1b: Flutter Mane\n|-activate|p1b: Flutter Mane|move: Protect\n|move|p1a: Incineroar|Parting Shot|p2a: Gouging Fire\n|-unboost|p2a: Gouging Fire|atk|1\n|-unboost|p2a: Gouging Fire|spa|1\n|\n|t:|1737404705\n|switch|p1a: Volcarona|Volcarona, L50, F|100\/100|[from] Parting Shot\n|\n|-weather|SunnyDay|[upkeep]\n|upkeep\n|turn|5\n|\n|t:|1737404721\n|move|p1b: Flutter Mane|Moonblast|p2a: Gouging Fire\n|-resisted|p2a: Gouging Fire\n|-damage|p2a: Gouging Fire|19\/100\n|move|p2a: Gouging Fire|Howl|p2a: Gouging Fire|[spread] p2a,p2b\n|-boost|p2a: Gouging Fire|atk|1\n|-boost|p2b: Groudon|atk|1\n|move|p1a: Volcarona|Heat Wave|p2b: Groudon|[spread] p2a,p2b\n|-resisted|p2a: Gouging Fire\n|-damage|p2a: Gouging Fire|0 fnt\n|-damage|p2b: Groudon|74\/100\n|faint|p2a: Gouging Fire\n|-end|p2a: Gouging Fire|Protosynthesis|[silent]\n|move|p2b: Groudon|Precipice Blades|p1a: Volcarona|[spread] p1a,p1b\n|-damage|p1a: Volcarona|27\/100\n|-damage|p1b: Flutter Mane|0 fnt\n|faint|p1b: Flutter Mane\n|-end|p1b: Flutter Mane|Protosynthesis|[silent]\n|\n|-weather|SunnyDay|[upkeep]\n|upkeep\n|\n|t:|1737404734\n|switch|p1b: Incineroar|Incineroar, L50, F|87\/100\n|switch|p2a: Urshifu|Urshifu, L50, F|88\/100 brn\n|-ability|p1b: Incineroar|Intimidate|boost\n|-unboost|p2a: Urshifu|atk|1\n|-unboost|p2b: Groudon|atk|1\n|turn|6\n|\n|t:|1737404741\n|move|p1b: Incineroar|Fake Out|p2a: Urshifu\n|-damage|p2a: Urshifu|76\/100 brn\n|cant|p2a: Urshifu|flinch\n|move|p1a: Volcarona|Will-O-Wisp|p2b: Groudon\n|-status|p2b: Groudon|brn\n|move|p2b: Groudon|Precipice Blades|p1a: Volcarona|[spread] p1a,p1b\n|-supereffective|p1b: Incineroar\n|-crit|p1b: Incineroar\n|-damage|p1a: Volcarona|4\/100\n|-damage|p1b: Incineroar|24\/100\n|\n|-weather|SunnyDay|[upkeep]\n|-damage|p2a: Urshifu|70\/100 brn|[from] brn\n|-damage|p2b: Groudon|69\/100 brn|[from] brn\n|upkeep\n|turn|7\n|j| Therazer456\n|\n|t:|1737404754\n|move|p2a: Urshifu|Sucker Punch|p1a: Volcarona\n|-damage|p1a: Volcarona|0 fnt\n|faint|p1a: Volcarona\n|move|p2b: Groudon|High Horsepower|p1b: Incineroar\n|-supereffective|p1b: Incineroar\n|-damage|p1b: Incineroar|0 fnt\n|-damage|p2b: Groudon|52\/100 brn|[from] item: Rocky Helmet|[of] p1b: Incineroar\n|faint|p1b: Incineroar\n|\n|win|BBJHoTS\n|raw|CombatWombat925's rating: 1547 &rarr; <strong>1527<\/strong><br \/>(-20 for losing)\n|raw|BBJHoTS's rating: 1544 &rarr; <strong>1564<\/strong><br \/>(+20 for winning)\n|l|\u2606CombatWombat925\n|player|p1|\n|l| Therazer456\n|j| fezanskibiti\n|l|\u2606BBJHoTS\n|player|p2|\n|l| Rantix D Red\n|j| Rantix D Red\n|l| Rantix D Red\n|l| fezanskibiti\n","uploadtime":1737405029,"views":11,"formatid":"gen9vgc2025regg","rating":1527,"private":0,"password":null}