{"id":"gen9vgc2025regg-2284042388","format":"[Gen 9] VGC 2025 Reg G","players":["fuleya","superduce2"],"log":"|j|\u2606fuleya\n|j|\u2606superduce2\n|t:|1737298655\n|gametype|doubles\n|player|p1|fuleya|265|1564\n|player|p2|superduce2|102|1639\n|teamsize|p1|6\n|teamsize|p2|6\n|gen|9\n|tier|[Gen 9] VGC 2025 Reg G\n|rated|\n|rule|Species Clause: Limit one of each Pok\u00e9mon\n|rule|Item Clause: Limit 1 of each item\n|clearpoke\n|poke|p1|Tornadus, L50, M|\n|poke|p1|Calyrex-Shadow, L50|\n|poke|p1|Urshifu-*, L50, M|\n|poke|p1|Farigiraf, L50, M|\n|poke|p1|Clefairy, L50, M|\n|poke|p1|Ogerpon-Cornerstone, L50, F|\n|poke|p2|Chi-Yu, L50|\n|poke|p2|Gholdengo, L50|\n|poke|p2|Miraidon, L50|\n|poke|p2|Tatsugiri-Droopy, L50, F|\n|poke|p2|Dondozo, L50, M|\n|poke|p2|Urshifu-*, L50, F|\n|teampreview|4\n|j| imstuckat1300\n|inactive|Battle timer is ON: inactive players will automatically lose when time's up. (requested by fuleya)\n|j| PrismRabbit\n|inactive|superduce2 has 60 seconds left.\n|l| imstuckat1300\n|\n|t:|1737298737\n|start\n|switch|p1a: Tornadus|Tornadus, L50, M|100\/100\n|switch|p1b: Urshifu|Urshifu, L50, M|100\/100\n|switch|p2a: Chi-Yu|Chi-Yu, L50|100\/100\n|switch|p2b: Miraidon|Miraidon, L50|100\/100\n|-fieldstart|move: Electric Terrain|[from] ability: Hadron Engine|[of] p2b: Miraidon\n|-ability|p2a: Chi-Yu|Beads of Ruin\n|turn|1\n|j| bluestraggler02\n|\n|t:|1737298751\n|-terastallize|p2b: Miraidon|Fairy\n|move|p1a: Tornadus|Protect|p1a: Tornadus\n|-singleturn|p1a: Tornadus|Protect\n|move|p1b: Urshifu|Detect|p1b: Urshifu\n|-singleturn|p1b: Urshifu|Protect\n|move|p2b: Miraidon|Dazzling Gleam|p1a: Tornadus|[spread] \n|-activate|p1a: Tornadus|move: Protect\n|-activate|p1b: Urshifu|move: Protect\n|move|p2a: Chi-Yu|Heat Wave|p1b: Urshifu|[spread] \n|-activate|p1a: Tornadus|move: Protect\n|-activate|p1b: Urshifu|move: Protect\n|\n|upkeep\n|turn|2\n|j| EllAkuro\n|inactive|fuleya has 30 seconds left.\n|\n|t:|1737298778\n|move|p1a: Tornadus|Tailwind|p1a: Tornadus\n|-sidestart|p1: fuleya|move: Tailwind\n|move|p1b: Urshifu|Close Combat|p2a: Chi-Yu\n|-supereffective|p2a: Chi-Yu\n|-enditem|p2a: Chi-Yu|Focus Sash\n|-damage|p2a: Chi-Yu|1\/100\n|-unboost|p1b: Urshifu|def|1\n|-unboost|p1b: Urshifu|spd|1\n|move|p2b: Miraidon|Dazzling Gleam|p1b: Urshifu|[spread] p1a,p1b\n|-supereffective|p1b: Urshifu\n|-damage|p1a: Tornadus|31\/100\n|-enditem|p1b: Urshifu|Focus Sash\n|-damage|p1b: Urshifu|1\/100\n|move|p2a: Chi-Yu|Heat Wave|p1a: Tornadus|[spread] p1a,p1b\n|-crit|p1b: Urshifu\n|-damage|p1a: Tornadus|0 fnt\n|-damage|p1b: Urshifu|0 fnt\n|faint|p1a: Tornadus\n|faint|p1b: Urshifu\n|\n|upkeep\n|\n|t:|1737298786\n|switch|p1a: Calyrex|Calyrex-Shadow, L50|100\/100\n|switch|p1b: Ogerpon|Ogerpon-Cornerstone, L50, F|100\/100\n|-ability|p1a: Calyrex|As One\n|-ability|p1a: Calyrex|Unnerve\n|turn|3\n|inactive|superduce2 has 30 seconds left.\n|\n|t:|1737298816\n|-terastallize|p1a: Calyrex|Ghost\n|move|p2a: Chi-Yu|Protect|p2a: Chi-Yu\n|-singleturn|p2a: Chi-Yu|Protect\n|move|p1a: Calyrex|Astral Barrage|p2b: Miraidon|[spread] p2b\n|-activate|p2a: Chi-Yu|move: Protect\n|-damage|p2b: Miraidon|23\/100\n|move|p1b: Ogerpon|Ivy Cudgel|p2b: Miraidon|[anim] Ivy Cudgel Rock\n|-damage|p2b: Miraidon|0 fnt\n|faint|p2b: Miraidon\n|\n|upkeep\n|\n|t:|1737298829\n|switch|p2b: Dondozo|Dondozo, L50, M|100\/100\n|turn|4\n|inactive|superduce2 has 30 seconds left.\n|\n|t:|1737298859\n|move|p2a: Chi-Yu|Protect|p2a: Chi-Yu\n|-singleturn|p2a: Chi-Yu|Protect\n|move|p2b: Dondozo|Protect|p2b: Dondozo\n|-singleturn|p2b: Dondozo|Protect\n|move|p1b: Ogerpon|Follow Me|p1b: Ogerpon\n|-singleturn|p1b: Ogerpon|move: Follow Me\n|move|p1a: Calyrex|Astral Barrage|p2a: Chi-Yu|[spread] \n|-activate|p2a: Chi-Yu|move: Protect\n|-activate|p2b: Dondozo|move: Protect\n|\n|upkeep\n|turn|5\n|inactive|superduce2 has 30 seconds left.\n|\n|t:|1737298885\n|switch|p2a: Tatsugiri|Tatsugiri-Droopy, L50, F, shiny|100\/100\n|-activate|p2a: Tatsugiri|ability: Commander|[of] p2b: Dondozo\n|-boost|p2b: Dondozo|atk|2\n|-boost|p2b: Dondozo|spa|2\n|-boost|p2b: Dondozo|spe|2\n|-boost|p2b: Dondozo|def|2\n|-boost|p2b: Dondozo|spd|2\n|move|p1a: Calyrex|Astral Barrage|p2b: Dondozo|[spread] p2b\n|-miss|p1a: Calyrex|p2a: Tatsugiri\n|-damage|p2b: Dondozo|45\/100\n|move|p1b: Ogerpon|Horn Leech|p2b: Dondozo\n|-supereffective|p2b: Dondozo\n|-damage|p2b: Dondozo|18\/100\n|move|p2b: Dondozo|Order Up|p1a: Calyrex\n|-damage|p1a: Calyrex|56\/100\n|-boost|p2b: Dondozo|def|1\n|\n|-heal|p2b: Dondozo|24\/100|[from] item: Leftovers\n|-sideend|p1: fuleya|move: Tailwind\n|-fieldend|move: Electric Terrain\n|upkeep\n|turn|6\n|\n|t:|1737298909\n|move|p2b: Dondozo|Protect|p2b: Dondozo\n|-singleturn|p2b: Dondozo|Protect\n|move|p1a: Calyrex|Astral Barrage|p2b: Dondozo|[spread] \n|-miss|p1a: Calyrex|p2a: Tatsugiri\n|-activate|p2b: Dondozo|move: Protect\n|move|p1b: Ogerpon|Ivy Cudgel|p2b: Dondozo|[anim] Ivy Cudgel Rock\n|-activate|p2b: Dondozo|move: Protect\n|\n|-heal|p2b: Dondozo|31\/100|[from] item: Leftovers\n|upkeep\n|turn|7\n|inactive|superduce2 has 30 seconds left.\n|\n|t:|1737298935\n|move|p1a: Calyrex|Astral Barrage|p2a: Tatsugiri|[spread] p2b\n|-miss|p1a: Calyrex|p2a: Tatsugiri\n|-damage|p2b: Dondozo|0 fnt\n|faint|p2b: Dondozo\n|-ability|p1a: Calyrex|Grim Neigh|boost\n|-boost|p1a: Calyrex|spa|1\n|move|p1b: Ogerpon|Ivy Cudgel|p2a: Tatsugiri|[anim] Ivy Cudgel Rock\n|-damage|p2a: Tatsugiri|4\/100\n|\n|upkeep\n|\n|t:|1737298945\n|switch|p2b: Chi-Yu|Chi-Yu, L50|1\/100\n|-ability|p2b: Chi-Yu|Beads of Ruin\n|turn|8\n|\n|t:|1737298954\n|move|p2b: Chi-Yu|Protect|p2b: Chi-Yu\n|-singleturn|p2b: Chi-Yu|Protect\n|move|p1b: Ogerpon|Follow Me|p1b: Ogerpon\n|-singleturn|p1b: Ogerpon|move: Follow Me\n|move|p1a: Calyrex|Astral Barrage|p2a: Tatsugiri|[spread] p2a\n|-activate|p2b: Chi-Yu|move: Protect\n|-damage|p2a: Tatsugiri|0 fnt\n|faint|p2a: Tatsugiri\n|-ability|p1a: Calyrex|Grim Neigh|boost\n|-boost|p1a: Calyrex|spa|1\n|\n|upkeep\n|turn|9\n|-message|superduce2 forfeited.\n|\n|win|fuleya\n|raw|fuleya's rating: 1564 &rarr; <strong>1588<\/strong><br \/>(+24 for winning)\n|raw|superduce2's rating: 1639 &rarr; <strong>1615<\/strong><br \/>(-24 for losing)\n|l|\u2606superduce2\n|player|p2|\n|l|\u2606fuleya\n|player|p1|\n|l| PrismRabbit\n|l| bluestraggler02\n|l| EllAkuro\n","uploadtime":1737299186,"views":16,"formatid":"gen9vgc2025regg","rating":1588,"private":0,"password":null}