{"id":"gen9vgc2025regg-2284746551","format":"[Gen 9] VGC 2025 Reg G","players":["Meiose","Jadenhess"],"log":"|j|\u2606Meiose\n|j|\u2606Jadenhess\n|t:|1737394034\n|gametype|doubles\n|player|p1|Meiose|schoolkid-gen4|1548\n|player|p2|Jadenhess|266|1563\n|teamsize|p1|6\n|teamsize|p2|6\n|gen|9\n|tier|[Gen 9] VGC 2025 Reg G\n|rated|\n|rule|Species Clause: Limit one of each Pok\u00e9mon\n|rule|Item Clause: Limit 1 of each item\n|clearpoke\n|poke|p1|Zamazenta-*, L50|\n|poke|p1|Chien-Pao, L50|\n|poke|p1|Urshifu-*, L50, M|\n|poke|p1|Tornadus, L50, M|\n|poke|p1|Raging Bolt, L50|\n|poke|p1|Landorus, L50, M|\n|poke|p2|Miraidon, L50|\n|poke|p2|Grimmsnarl, L50, M|\n|poke|p2|Farigiraf, L50, M|\n|poke|p2|Milotic, L50, M|\n|poke|p2|Florges, L50, F|\n|poke|p2|Lanturn, L50, F|\n|teampreview|4\n|inactive|Battle timer is ON: inactive players will automatically lose when time's up. (requested by Jadenhess)\n|inactive|Meiose has 60 seconds left.\n|inactive|Jadenhess has 60 seconds left.\n|inactive|Meiose has 30 seconds left.\n|inactive|Meiose has 20 seconds left.\n|\n|t:|1737394108\n|start\n|switch|p1a: Landorus|Landorus, L50, M|100\/100\n|switch|p1b: Chien-Pao|Chien-Pao, L50|100\/100\n|switch|p2a: Grimmsnarl|Grimmsnarl, L50, M|100\/100\n|switch|p2b: Florges|Florges, L50, F|100\/100\n|-ability|p1b: Chien-Pao|Sword of Ruin\n|turn|1\n|\n|t:|1737394127\n|move|p2a: Grimmsnarl|Reflect|p2a: Grimmsnarl\n|-sidestart|p2: Jadenhess|Reflect\n|move|p1b: Chien-Pao|Ice Spinner|p2b: Florges\n|-damage|p2b: Florges|68\/100\n|move|p1a: Landorus|Sludge Bomb|p2b: Florges\n|-supereffective|p2b: Florges\n|-damage|p2b: Florges|0 fnt\n|faint|p2b: Florges\n|\n|upkeep\n|\n|t:|1737394135\n|switch|p2b: Milotic|Milotic, L50, M|100\/100\n|turn|2\n|\n|t:|1737394146\n|-terastallize|p1a: Landorus|Poison\n|move|p2a: Grimmsnarl|Light Screen|p2a: Grimmsnarl\n|-sidestart|p2: Jadenhess|move: Light Screen\n|move|p1b: Chien-Pao|Ice Spinner|p2a: Grimmsnarl\n|-damage|p2a: Grimmsnarl|69\/100\n|move|p1a: Landorus|Sludge Bomb|p2a: Grimmsnarl\n|-supereffective|p2a: Grimmsnarl\n|-damage|p2a: Grimmsnarl|0 fnt\n|faint|p2a: Grimmsnarl\n|move|p2b: Milotic|Muddy Water|p1b: Chien-Pao|[spread] p1a,p1b\n|-crit|p1a: Landorus\n|-damage|p1a: Landorus|57\/100\n|-damage|p1b: Chien-Pao|64\/100\n|\n|-status|p2b: Milotic|brn|[from] item: Flame Orb\n|upkeep\n|\n|t:|1737394157\n|switch|p2a: Miraidon|Miraidon, L50|100\/100\n|-fieldstart|move: Electric Terrain|[from] ability: Hadron Engine|[of] p2a: Miraidon\n|-enditem|p2a: Miraidon|Electric Seed\n|-boost|p2a: Miraidon|def|1|[from] item: Electric Seed\n|turn|3\n|\n|t:|1737394172\n|-terastallize|p2a: Miraidon|Ice\n|move|p1a: Landorus|Protect|p1a: Landorus\n|-singleturn|p1a: Landorus|Protect\n|move|p2a: Miraidon|Calm Mind|p2a: Miraidon\n|-boost|p2a: Miraidon|spa|1\n|-boost|p2a: Miraidon|spd|1\n|move|p1b: Chien-Pao|Ice Spinner|p2a: Miraidon\n|-resisted|p2a: Miraidon\n|-damage|p2a: Miraidon|91\/100\n|-fieldend|move: Electric Terrain\n|move|p2b: Milotic|Muddy Water|p1b: Chien-Pao|[spread] p1b\n|-activate|p1a: Landorus|move: Protect\n|-damage|p1b: Chien-Pao|24\/100\n|\n|-damage|p2b: Milotic|95\/100 brn|[from] brn\n|upkeep\n|turn|4\n|inactive|Meiose has 30 seconds left.\n|\n|t:|1737394202\n|move|p1b: Chien-Pao|Haze|p1b: Chien-Pao\n|-clearallboost\n|move|p2a: Miraidon|Parabolic Charge|p1a: Landorus|[spread] p2b,p1a,p1b\n|-supereffective|p2b: Milotic\n|-damage|p2b: Milotic|74\/100 brn\n|-heal|p2a: Miraidon|100\/100|[from] drain|[of] p2b: Milotic\n|-damage|p1a: Landorus|27\/100\n|-damage|p1b: Chien-Pao|0 fnt\n|faint|p1b: Chien-Pao\n|move|p1a: Landorus|Earth Power|p2a: Miraidon\n|-damage|p2a: Miraidon|61\/100\n|move|p2b: Milotic|Life Dew|p2b: Milotic|[spread] p2a,p2b\n|-heal|p2a: Miraidon|86\/100\n|-heal|p2b: Milotic|99\/100 brn\n|\n|-damage|p2b: Milotic|94\/100 brn|[from] brn\n|upkeep\n|\n|t:|1737394215\n|switch|p1b: Raging Bolt|Raging Bolt, L50|100\/100\n|turn|5\n|\n|t:|1737394228\n|move|p2a: Miraidon|Tera Blast|p1b: Raging Bolt|[anim] Tera Blast Ice\n|-supereffective|p1b: Raging Bolt\n|-damage|p1b: Raging Bolt|57\/100\n|move|p1a: Landorus|Earth Power|p2b: Milotic\n|-damage|p2b: Milotic|56\/100 brn\n|move|p2b: Milotic|Life Dew|p2b: Milotic|[spread] p2a,p2b\n|-heal|p2a: Miraidon|100\/100\n|-heal|p2b: Milotic|81\/100 brn\n|move|p1b: Raging Bolt|Volt Switch|p2b: Milotic\n|-supereffective|p2b: Milotic\n|-crit|p2b: Milotic\n|-damage|p2b: Milotic|7\/100 brn\n|\n|t:|1737394230\n|-end|p1b: Raging Bolt|Protosynthesis|[silent]\n|switch|p1b: Zamazenta|Zamazenta-Crowned, L50|100\/100|[from] Volt Switch\n|-ability|p1b: Zamazenta|Dauntless Shield|boost\n|-boost|p1b: Zamazenta|def|1\n|\n|-damage|p2b: Milotic|1\/100 brn|[from] brn\n|-sideend|p2: Jadenhess|Reflect\n|upkeep\n|turn|6\n|\n|t:|1737394256\n|move|p2a: Miraidon|Calm Mind|p2a: Miraidon\n|-boost|p2a: Miraidon|spa|1\n|-boost|p2a: Miraidon|spd|1\n|move|p1b: Zamazenta|Body Press|p2a: Miraidon\n|-supereffective|p2a: Miraidon\n|-damage|p2a: Miraidon|0 fnt\n|faint|p2a: Miraidon\n|move|p1a: Landorus|Earth Power|p2b: Milotic\n|-damage|p2b: Milotic|0 fnt\n|faint|p2b: Milotic\n|\n|win|Meiose\n|raw|Meiose's rating: 1548 &rarr; <strong>1569<\/strong><br \/>(+21 for winning)\n|raw|Jadenhess's rating: 1563 &rarr; <strong>1542<\/strong><br \/>(-21 for losing)\n|l|\u2606Jadenhess\n|player|p2|\n|l|\u2606Meiose\n|player|p1|\n","uploadtime":1737394425,"views":17,"formatid":"gen9vgc2025regg","rating":1542,"private":0,"password":null}