{"id":"gen9vgc2025regg-2284840801","format":"[Gen 9] VGC 2025 Reg G","players":["Mature Madness","BLiiNDProdiigy"],"log":"|j|\u2606Mature Madness\n|j|\u2606BLiiNDProdiigy\n|t:|1737403691\n|gametype|doubles\n|player|p1|Mature Madness|266|1630\n|player|p2|BLiiNDProdiigy|rocketgrunt|1646\n|teamsize|p1|6\n|teamsize|p2|6\n|gen|9\n|tier|[Gen 9] VGC 2025 Reg G\n|rated|\n|rule|Species Clause: Limit one of each Pok\u00e9mon\n|rule|Item Clause: Limit 1 of each item\n|clearpoke\n|poke|p1|Miraidon, L50|\n|poke|p1|Incineroar, L50, F|\n|poke|p1|Pelipper, L50, M|\n|poke|p1|Iron Treads, L50|\n|poke|p1|Comfey, L50, F|\n|poke|p1|Urshifu-*, L50, F|\n|poke|p2|Terapagos, L50, M|\n|poke|p2|Incineroar, L50, M|\n|poke|p2|Rillaboom, L50, F|\n|poke|p2|Urshifu-*, L50, F|\n|poke|p2|Flutter Mane, L50|\n|poke|p2|Ogerpon-Hearthflame, L50, F|\n|teampreview|4\n|j| Therazer456\n|inactive|Battle timer is ON: inactive players will automatically lose when time's up. (requested by BLiiNDProdiigy)\n|\n|t:|1737403735\n|start\n|switch|p1a: Miraidon|Miraidon, L50|100\/100\n|switch|p1b: Incineroar|Incineroar, L50, F|100\/100\n|switch|p2a: Flutter Mane|Flutter Mane, L50|100\/100\n|switch|p2b: Incineroar|Incineroar, L50, M|100\/100\n|-fieldstart|move: Electric Terrain|[from] ability: Hadron Engine|[of] p1a: Miraidon\n|-enditem|p1a: Miraidon|Electric Seed\n|-boost|p1a: Miraidon|def|1|[from] item: Electric Seed\n|-ability|p2b: Incineroar|Intimidate|boost\n|-unboost|p1a: Miraidon|atk|1\n|-unboost|p1b: Incineroar|atk|1\n|-ability|p1b: Incineroar|Intimidate|boost\n|-unboost|p2a: Flutter Mane|atk|1\n|-unboost|p2b: Incineroar|atk|1\n|-enditem|p2a: Flutter Mane|Booster Energy\n|-activate|p2a: Flutter Mane|ability: Protosynthesis|[fromitem]\n|-start|p2a: Flutter Mane|protosynthesisspe\n|turn|1\n|inactive|BLiiNDProdiigy has 30 seconds left.\n|\n|t:|1737403763\n|switch|p2b: Rillaboom|Rillaboom, L50, F|100\/100\n|-fieldstart|move: Grassy Terrain|[from] ability: Grassy Surge|[of] p2b: Rillaboom\n|move|p2a: Flutter Mane|Icy Wind|p1b: Incineroar|[spread] p1a,p1b\n|-supereffective|p1a: Miraidon\n|-resisted|p1b: Incineroar\n|-damage|p1a: Miraidon|80\/100\n|-damage|p1b: Incineroar|97\/100\n|-unboost|p1a: Miraidon|spe|1\n|-unboost|p1b: Incineroar|spe|1\n|move|p1a: Miraidon|Electro Drift|p2a: Flutter Mane\n|-damage|p2a: Flutter Mane|57\/100\n|move|p1b: Incineroar|Knock Off|p2a: Flutter Mane\n|-crit|p2a: Flutter Mane\n|-damage|p2a: Flutter Mane|5\/100\n|\n|-heal|p2a: Flutter Mane|11\/100|[from] Grassy Terrain\n|-heal|p1a: Miraidon|86\/100|[from] Grassy Terrain\n|-heal|p1b: Incineroar|100\/100|[from] Grassy Terrain\n|upkeep\n|turn|2\n|j| SparkySign\n|\n|t:|1737403783\n|-end|p2a: Flutter Mane|Protosynthesis|[silent]\n|switch|p2a: Incineroar|Incineroar, L50, M|100\/100\n|-ability|p2a: Incineroar|Intimidate|boost\n|-unboost|p1a: Miraidon|atk|1\n|-unboost|p1b: Incineroar|atk|1\n|move|p1a: Miraidon|Dazzling Gleam|p2a: Incineroar|[spread] p2a,p2b\n|-damage|p2a: Incineroar|82\/100\n|-damage|p2b: Rillaboom|86\/100\n|move|p2b: Rillaboom|U-turn|p1a: Miraidon\n|-damage|p1a: Miraidon|71\/100\n|\n|t:|1737403789\n|switch|p2b: Terapagos|Terapagos, L50, M|100\/100|[from] U-turn\n|-activate|p2b: Terapagos|ability: Tera Shift\n|detailschange|p2b: Terapagos|Terapagos-Terastal, L50, M\n|-heal|p2b: Terapagos|100\/100|[silent]\n|move|p1b: Incineroar|Knock Off|p2a: Incineroar\n|-resisted|p2a: Incineroar\n|-damage|p2a: Incineroar|75\/100\n|-damage|p1b: Incineroar|84\/100|[from] item: Rocky Helmet|[of] p2a: Incineroar\n|-enditem|p2a: Incineroar|Rocky Helmet|[from] move: Knock Off|[of] p1b: Incineroar\n|\n|-heal|p1a: Miraidon|77\/100|[from] Grassy Terrain\n|-heal|p2a: Incineroar|81\/100|[from] Grassy Terrain\n|-heal|p1b: Incineroar|90\/100|[from] Grassy Terrain\n|upkeep\n|turn|3\n|j| CorkscrewRacer\n|\n|t:|1737403812\n|move|p2a: Incineroar|Fake Out|p1b: Incineroar\n|-damage|p1b: Incineroar|81\/100\n|move|p1a: Miraidon|Dazzling Gleam|p2b: Terapagos|[spread] p2a,p2b\n|-activate|p2b: Terapagos|ability: Tera Shell\n|-resisted|p2b: Terapagos\n|-damage|p2a: Incineroar|63\/100\n|-damage|p2b: Terapagos|93\/100\n|move|p2b: Terapagos|Calm Mind|p2b: Terapagos\n|-boost|p2b: Terapagos|spa|1\n|-boost|p2b: Terapagos|spd|1\n|cant|p1b: Incineroar|flinch\n|\n|-heal|p1a: Miraidon|83\/100|[from] Grassy Terrain\n|-heal|p2b: Terapagos|98\/100|[from] Grassy Terrain\n|-heal|p2b: Terapagos|100\/100|[from] item: Leftovers\n|-heal|p2a: Incineroar|69\/100|[from] Grassy Terrain\n|-heal|p1b: Incineroar|87\/100|[from] Grassy Terrain\n|upkeep\n|turn|4\n|inactive|BLiiNDProdiigy has 30 seconds left.\n|inactive|BLiiNDProdiigy has 20 seconds left.\n|\n|t:|1737403851\n|switch|p1a: Iron Treads|Iron Treads, L50|100\/100\n|-terastallize|p2b: Terapagos|Stellar\n|detailschange|p2b: Terapagos|Terapagos-Stellar, L50, M, tera:Stellar\n|-heal|p2b: Terapagos|100\/100|[silent]\n|-ability|p2b: Terapagos|Teraform Zero\n|-fieldend|move: Grassy Terrain\n|move|p2b: Terapagos|Tera Starstorm|p1b: Incineroar|[spread] p1a,p1b\n|-damage|p1a: Iron Treads|20\/100\n|-damage|p1b: Incineroar|42\/100\n|move|p2a: Incineroar|Parting Shot|p1a: Iron Treads\n|-fail|p1a: Iron Treads|unboost|[from] item: Clear Amulet|[of] p1a: Iron Treads\n|move|p1b: Incineroar|Parting Shot|p2b: Terapagos\n|-unboost|p2b: Terapagos|atk|1\n|-unboost|p2b: Terapagos|spa|1\n|\n|t:|1737403867\n|switch|p1b: Urshifu|Urshifu, L50, F|100\/100|[from] Parting Shot\n|\n|upkeep\n|turn|5\n|\n|t:|1737403889\n|switch|p2b: Rillaboom|Rillaboom, L50, F|86\/100\n|-fieldstart|move: Grassy Terrain|[from] ability: Grassy Surge|[of] p2b: Rillaboom\n|-terastallize|p1b: Urshifu|Stellar\n|move|p1a: Iron Treads|High Horsepower|p2a: Incineroar\n|-supereffective|p2a: Incineroar\n|-damage|p2a: Incineroar|2\/100\n|move|p1b: Urshifu|Close Combat|p2b: Rillaboom\n|-damage|p2b: Rillaboom|7\/100\n|-unboost|p1b: Urshifu|def|1\n|-unboost|p1b: Urshifu|spd|1\n|move|p2a: Incineroar|Will-O-Wisp|p1b: Urshifu\n|-status|p1b: Urshifu|brn\n|\n|-heal|p1a: Iron Treads|27\/100|[from] Grassy Terrain\n|-heal|p2b: Rillaboom|13\/100|[from] Grassy Terrain\n|-heal|p2a: Incineroar|8\/100|[from] Grassy Terrain\n|-damage|p1b: Urshifu|95\/100 brn|[from] brn\n|upkeep\n|turn|6\n|inactive|BLiiNDProdiigy has 30 seconds left.\n|inactive|Mature Madness has 30 seconds left.\n|\n|t:|1737403922\n|switch|p1b: Incineroar|Incineroar, L50, F|42\/100\n|-ability|p1b: Incineroar|Intimidate|boost\n|-unboost|p2a: Incineroar|atk|1\n|-unboost|p2b: Rillaboom|atk|1\n|switch|p2a: Flutter Mane|Flutter Mane, L50|11\/100\n|move|p1a: Iron Treads|Protect|p1a: Iron Treads\n|-singleturn|p1a: Iron Treads|Protect\n|move|p2b: Rillaboom|U-turn|p1b: Incineroar\n|-damage|p1b: Incineroar|28\/100\n|\n|t:|1737403930\n|switch|p2b: Terapagos|Terapagos-Stellar, L50, M, tera:Stellar|100\/100|[from] U-turn\n|\n|-heal|p2a: Flutter Mane|17\/100|[from] Grassy Terrain\n|-heal|p1a: Iron Treads|33\/100|[from] Grassy Terrain\n|-heal|p1b: Incineroar|34\/100|[from] Grassy Terrain\n|upkeep\n|turn|7\n|inactive|BLiiNDProdiigy has 30 seconds left.\n|\n|t:|1737403956\n|switch|p1b: Miraidon|Miraidon, L50|83\/100\n|-fieldstart|move: Electric Terrain|[from] ability: Hadron Engine|[of] p1b: Miraidon\n|-activate|p1a: Iron Treads|ability: Quark Drive\n|-start|p1a: Iron Treads|quarkdrivespe\n|move|p1a: Iron Treads|Iron Head|p2a: Flutter Mane\n|-supereffective|p2a: Flutter Mane\n|-damage|p2a: Flutter Mane|0 fnt\n|faint|p2a: Flutter Mane\n|-end|p2a: Flutter Mane|Protosynthesis|[silent]\n|move|p2b: Terapagos|Tera Starstorm|p1b: Miraidon|[spread] p1a,p1b\n|-damage|p1a: Iron Treads|0 fnt\n|-damage|p1b: Miraidon|49\/100\n|faint|p1a: Iron Treads\n|-end|p1a: Iron Treads|Quark Drive|[silent]\n|\n|upkeep\n|\n|t:|1737403971\n|switch|p2a: Rillaboom|Rillaboom, L50, F|13\/100\n|switch|p1a: Incineroar|Incineroar, L50, F|34\/100\n|-fieldstart|move: Grassy Terrain|[from] ability: Grassy Surge|[of] p2a: Rillaboom\n|-ability|p1a: Incineroar|Intimidate|boost\n|-unboost|p2a: Rillaboom|atk|1\n|-unboost|p2b: Terapagos|atk|1\n|turn|8\n|\n|t:|1737403988\n|move|p1a: Incineroar|Fake Out|p2b: Terapagos\n|-damage|p2b: Terapagos|94\/100\n|move|p1b: Miraidon|Dazzling Gleam|p2b: Terapagos|[spread] p2a,p2b\n|-crit|p2b: Terapagos\n|-damage|p2a: Rillaboom|0 fnt\n|-damage|p2b: Terapagos|77\/100\n|faint|p2a: Rillaboom\n|cant|p2b: Terapagos|flinch\n|\n|-heal|p1b: Miraidon|55\/100|[from] Grassy Terrain\n|-heal|p2b: Terapagos|83\/100|[from] Grassy Terrain\n|-heal|p2b: Terapagos|89\/100|[from] item: Leftovers\n|-heal|p1a: Incineroar|40\/100|[from] Grassy Terrain\n|upkeep\n|\n|t:|1737403992\n|switch|p2a: Incineroar|Incineroar, L50, M|8\/100\n|-ability|p2a: Incineroar|Intimidate|boost\n|-unboost|p1a: Incineroar|atk|1\n|-unboost|p1b: Miraidon|atk|1\n|turn|9\n|\n|t:|1737404009\n|move|p1b: Miraidon|Protect|p1b: Miraidon\n|-singleturn|p1b: Miraidon|Protect\n|move|p2a: Incineroar|Fake Out|p1b: Miraidon\n|-activate|p1b: Miraidon|move: Protect\n|move|p2b: Terapagos|Calm Mind|p2b: Terapagos\n|-boost|p2b: Terapagos|spa|1\n|-boost|p2b: Terapagos|spd|1\n|move|p1a: Incineroar|Knock Off|p2b: Terapagos\n|-damage|p2b: Terapagos|75\/100\n|-enditem|p2b: Terapagos|Leftovers|[from] move: Knock Off|[of] p1a: Incineroar\n|\n|-heal|p1b: Miraidon|62\/100|[from] Grassy Terrain\n|-heal|p2b: Terapagos|81\/100|[from] Grassy Terrain\n|-heal|p2a: Incineroar|14\/100|[from] Grassy Terrain\n|-heal|p1a: Incineroar|46\/100|[from] Grassy Terrain\n|upkeep\n|turn|10\n|\n|t:|1737404026\n|move|p1b: Miraidon|Dazzling Gleam|p2b: Terapagos|[spread] p2a,p2b\n|-damage|p2a: Incineroar|0 fnt\n|-damage|p2b: Terapagos|73\/100\n|faint|p2a: Incineroar\n|move|p2b: Terapagos|Tera Starstorm|p1b: Miraidon|[spread] p1a,p1b\n|-damage|p1a: Incineroar|1\/100\n|-damage|p1b: Miraidon|18\/100\n|move|p1a: Incineroar|Parting Shot|p2b: Terapagos\n|-unboost|p2b: Terapagos|atk|1\n|-unboost|p2b: Terapagos|spa|1\n|\n|t:|1737404035\n|switch|p1a: Urshifu|Urshifu, L50, F, tera:Stellar|95\/100 brn|[from] Parting Shot\n|\n|-heal|p1b: Miraidon|25\/100|[from] Grassy Terrain\n|-heal|p1a: Urshifu|100\/100 brn|[from] Grassy Terrain\n|-heal|p2b: Terapagos|79\/100|[from] Grassy Terrain\n|-damage|p1a: Urshifu|95\/100 brn|[from] brn\n|upkeep\n|turn|11\n|\n|t:|1737404044\n|switch|p1b: Incineroar|Incineroar, L50, F|1\/100\n|-ability|p1b: Incineroar|Intimidate|boost\n|-unboost|p2b: Terapagos|atk|1\n|move|p1a: Urshifu|Detect|p1a: Urshifu\n|-singleturn|p1a: Urshifu|Protect\n|move|p2b: Terapagos|Tera Starstorm|p1a: Urshifu|[spread] p1b\n|-activate|p1a: Urshifu|move: Protect\n|-damage|p1b: Incineroar|0 fnt\n|faint|p1b: Incineroar\n|\n|-heal|p1a: Urshifu|100\/100 brn|[from] Grassy Terrain\n|-heal|p2b: Terapagos|86\/100|[from] Grassy Terrain\n|-damage|p1a: Urshifu|95\/100 brn|[from] brn\n|upkeep\n|\n|t:|1737404058\n|switch|p1b: Miraidon|Miraidon, L50|25\/100\n|-fieldstart|move: Electric Terrain|[from] ability: Hadron Engine|[of] p1b: Miraidon\n|turn|12\n|\n|t:|1737404065\n|move|p1b: Miraidon|Electro Drift|p2b: Terapagos\n|-damage|p2b: Terapagos|51\/100\n|move|p1a: Urshifu|Close Combat|p2b: Terapagos\n|-supereffective|p2b: Terapagos\n|-damage|p2b: Terapagos|15\/100\n|-unboost|p1a: Urshifu|def|1\n|-unboost|p1a: Urshifu|spd|1\n|move|p2b: Terapagos|Tera Starstorm|p1b: Miraidon|[spread] p1a,p1b\n|-supereffective|p1a: Urshifu\n|-damage|p1a: Urshifu|0 fnt\n|-damage|p1b: Miraidon|0 fnt\n|faint|p1a: Urshifu\n|faint|p1b: Miraidon\n|\n|win|BLiiNDProdiigy\n|raw|Mature Madness's rating: 1630 &rarr; <strong>1611<\/strong><br \/>(-19 for losing)\n|raw|BLiiNDProdiigy's rating: 1646 &rarr; <strong>1665<\/strong><br \/>(+19 for winning)\n|c|\u2606BLiiNDProdiigy|Gg\n|l| Therazer456\n|c|\u2606Mature Madness|gg\n|l|\u2606Mature Madness\n|player|p1|\n|l| SparkySign\n|l|\u2606BLiiNDProdiigy\n|player|p2|\n|l| CorkscrewRacer\n","uploadtime":1737404329,"views":20,"formatid":"gen9vgc2025regg","rating":1611,"private":0,"password":null}