{"id":"gen9vgc2025regg-2284234978","format":"[Gen 9] VGC 2025 Reg G","players":["ginopollo","Dot1Q"],"log":"|j|\u2606ginopollo\n|j|\u2606Dot1Q\n|t:|1737321432\n|gametype|doubles\n|player|p1|ginopollo|169|1583\n|player|p2|Dot1Q|veteran|1586\n|teamsize|p1|6\n|teamsize|p2|6\n|gen|9\n|tier|[Gen 9] VGC 2025 Reg G\n|rated|\n|rule|Species Clause: Limit one of each Pok\u00e9mon\n|rule|Item Clause: Limit 1 of each item\n|clearpoke\n|poke|p1|Lunala, L50|\n|poke|p1|Iron Hands, L50|\n|poke|p1|Landorus, L50, M|\n|poke|p1|Rillaboom, L50, M|\n|poke|p1|Urshifu-*, L50, M|\n|poke|p1|Ditto, L50|\n|poke|p2|Calyrex-Ice, L50|\n|poke|p2|Ursaluna-Bloodmoon, L50, M|\n|poke|p2|Smeargle, L50, M|\n|poke|p2|Farigiraf, L50, F|\n|poke|p2|Annihilape, L50, M|\n|poke|p2|Electabuzz, L50, M|\n|teampreview|4\n|j| EllAkuro\n|\n|t:|1737321491\n|start\n|switch|p1a: Lunala|Lunala, L50|100\/100\n|switch|p1b: Iron Hands|Iron Hands, L50|100\/100\n|switch|p2a: Calyrex|Calyrex-Ice, L50|100\/100\n|switch|p2b: Smeargle|Smeargle, L50, M|100\/100\n|-ability|p2a: Calyrex|As One\n|-ability|p2a: Calyrex|Unnerve\n|turn|1\n|\n|t:|1737321563\n|move|p2a: Calyrex|Protect|p2a: Calyrex\n|-singleturn|p2a: Calyrex|Protect\n|move|p1b: Iron Hands|Fake Out|p2b: Smeargle\n|-damage|p2b: Smeargle|81\/100\n|move|p1a: Lunala|Moonblast|p2b: Smeargle\n|-crit|p2b: Smeargle\n|-damage|p2b: Smeargle|0 fnt\n|faint|p2b: Smeargle\n|\n|upkeep\n|\n|t:|1737321572\n|switch|p2b: Farigiraf|Farigiraf, L50, F|100\/100\n|turn|2\n|\n|t:|1737321597\n|-terastallize|p1a: Lunala|Fairy\n|-terastallize|p2a: Calyrex|Fire\n|move|p1a: Lunala|Moongeist Beam|p2a: Calyrex\n|-damage|p2a: Calyrex|55\/100\n|move|p2a: Calyrex|Glacial Lance|p1a: Lunala|[spread] p1a,p1b\n|-crit|p1a: Lunala\n|-damage|p1a: Lunala|63\/100\n|-damage|p1b: Iron Hands|59\/100\n|move|p1b: Iron Hands|Wild Charge|p2a: Calyrex\n|-damage|p2a: Calyrex|22\/100\n|-damage|p1b: Iron Hands|53\/100|[from] Recoil\n|move|p2b: Farigiraf|Trick Room|p2b: Farigiraf\n|-fieldstart|move: Trick Room|[of] p2b: Farigiraf\n|\n|-heal|p1a: Lunala|69\/100|[from] item: Leftovers\n|upkeep\n|turn|3\n|\n|t:|1737321618\n|move|p2a: Calyrex|Protect|p2a: Calyrex\n|-singleturn|p2a: Calyrex|Protect\n|move|p1a: Lunala|Wide Guard|p1a: Lunala\n|-singleturn|p1a: Lunala|Wide Guard\n|move|p1b: Iron Hands|Drain Punch|p2a: Calyrex\n|-activate|p2a: Calyrex|move: Protect\n|move|p2b: Farigiraf|Psychic Noise|p1b: Iron Hands\n|-supereffective|p1b: Iron Hands\n|-damage|p1b: Iron Hands|10\/100\n|\n|-heal|p1a: Lunala|76\/100|[from] item: Leftovers\n|upkeep\n|turn|4\n|\n|t:|1737321656\n|-end|p1b: Iron Hands|Quark Drive|[silent]\n|switch|p1b: Ditto|Ditto, L50|100\/100\n|-transform|p1b: Ditto|p2a: Calyrex|[from] ability: Imposter\n|-ability|p1b: Ditto|As One\n|-ability|p1b: Ditto|Unnerve\n|-enditem|p1b: Ditto|Room Service\n|-unboost|p1b: Ditto|spe|1|[from] item: Room Service\n|move|p2b: Farigiraf|Psychic Noise|p1b: Ditto\n|-resisted|p1b: Ditto\n|-damage|p1b: Ditto|86\/100\n|-start|p1b: Ditto|move: Heal Block\n|move|p2a: Calyrex|Glacial Lance|p1b: Ditto|[spread] p1a,p1b\n|-resisted|p1b: Ditto\n|-damage|p1a: Lunala|30\/100\n|-damage|p1b: Ditto|60\/100\n|move|p1a: Lunala|Moongeist Beam|p2a: Calyrex\n|-damage|p2a: Calyrex|0 fnt\n|faint|p2a: Calyrex\n|\n|-heal|p1a: Lunala|37\/100|[from] item: Leftovers\n|upkeep\n|\n|t:|1737321677\n|switch|p2a: Ursaluna|Ursaluna-Bloodmoon, L50, M|100\/100\n|-start|p1b: Ditto|typechange|Psychic\/Ice|[silent]\n|turn|5\n|\n|t:|1737321687\n|move|p2a: Ursaluna|Protect|p2a: Ursaluna\n|-singleturn|p2a: Ursaluna|Protect\n|move|p1b: Ditto|Glacial Lance|p2b: Farigiraf|[spread] p2b\n|-activate|p2a: Ursaluna|move: Protect\n|-crit|p2b: Farigiraf\n|-damage|p2b: Farigiraf|29\/100\n|move|p1a: Lunala|Moonblast|p2b: Farigiraf\n|-damage|p2b: Farigiraf|0 fnt\n|faint|p2b: Farigiraf\n|\n|-heal|p1a: Lunala|43\/100|[from] item: Leftovers\n|-end|p1b: Ditto|move: Heal Block\n|upkeep\n|turn|6\n|-message|Dot1Q forfeited.\n|\n|win|ginopollo\n|raw|ginopollo's rating: 1583 &rarr; <strong>1603<\/strong><br \/>(+20 for winning)\n|raw|Dot1Q's rating: 1586 &rarr; <strong>1566<\/strong><br \/>(-20 for losing)\n|l|\u2606Dot1Q\n|player|p2|\n|l| EllAkuro\n|l|\u2606ginopollo\n|player|p1|\n","uploadtime":1737321705,"views":10,"formatid":"gen9vgc2025regg","rating":1566,"private":0,"password":null}