{"id":"gen9vgc2025regg-2284744561","format":"[Gen 9] VGC 2025 Reg G","players":["TerpisKora","BLiiNDProdiigy"],"log":"|j|\u2606TerpisKora\n|j|\u2606BLiiNDProdiigy\n|t:|1737393824\n|gametype|doubles\n|player|p1|TerpisKora|170|1690\n|player|p2|BLiiNDProdiigy|rocketgrunt|1620\n|teamsize|p1|6\n|teamsize|p2|6\n|gen|9\n|tier|[Gen 9] VGC 2025 Reg G\n|rated|\n|rule|Species Clause: Limit one of each Pok\u00e9mon\n|rule|Item Clause: Limit 1 of each item\n|clearpoke\n|poke|p1|Brute Bonnet, L50|\n|poke|p1|Flutter Mane, L50|\n|poke|p1|Heatran, L50, F|\n|poke|p1|Indeedee-F, L50, F|\n|poke|p1|Iron Bundle, L50|\n|poke|p1|Koraidon, L50|\n|poke|p2|Terapagos, L50, M|\n|poke|p2|Incineroar, L50, F|\n|poke|p2|Rillaboom, L50, F|\n|poke|p2|Urshifu-*, L50, F|\n|poke|p2|Flutter Mane, L50|\n|poke|p2|Ogerpon-Hearthflame, L50, F|\n|teampreview|4\n|\n|t:|1737393880\n|start\n|switch|p1a: Iron Bundle|Iron Bundle, L50|100\/100\n|switch|p1b: Flutter Mane|Flutter Mane, L50|100\/100\n|switch|p2a: Terapagos|Terapagos, L50, M|100\/100\n|switch|p2b: Incineroar|Incineroar, L50, F|100\/100\n|-activate|p2a: Terapagos|ability: Tera Shift\n|detailschange|p2a: Terapagos|Terapagos-Terastal, L50, M\n|-heal|p2a: Terapagos|100\/100|[silent]\n|-ability|p2b: Incineroar|Intimidate|boost\n|-unboost|p1a: Iron Bundle|atk|1\n|-unboost|p1b: Flutter Mane|atk|1\n|-enditem|p1a: Iron Bundle|Booster Energy\n|-activate|p1a: Iron Bundle|ability: Quark Drive|[fromitem]\n|-start|p1a: Iron Bundle|quarkdrivespe\n|turn|1\n|\n|t:|1737393902\n|move|p2b: Incineroar|Fake Out|p1a: Iron Bundle\n|-damage|p1a: Iron Bundle|90\/100\n|cant|p1a: Iron Bundle|flinch\n|move|p1b: Flutter Mane|Dazzling Gleam|p2b: Incineroar|[spread] p2a,p2b\n|-activate|p2a: Terapagos|ability: Tera Shell\n|-resisted|p2a: Terapagos\n|-damage|p2a: Terapagos|87\/100\n|-damage|p2b: Incineroar|70\/100\n|move|p2a: Terapagos|Calm Mind|p2a: Terapagos\n|-boost|p2a: Terapagos|spa|1\n|-boost|p2a: Terapagos|spd|1\n|\n|-heal|p2a: Terapagos|93\/100|[from] item: Leftovers\n|upkeep\n|turn|2\n|\n|t:|1737393923\n|move|p2a: Terapagos|Protect|p2a: Terapagos\n|-singleturn|p2a: Terapagos|Protect\n|move|p1a: Iron Bundle|Encore|p2a: Terapagos\n|-activate|p2a: Terapagos|move: Protect\n|move|p1b: Flutter Mane|Moonblast|p2b: Incineroar\n|-damage|p2b: Incineroar|25\/100\n|move|p2b: Incineroar|Parting Shot|p1b: Flutter Mane\n|-unboost|p1b: Flutter Mane|atk|1\n|-unboost|p1b: Flutter Mane|spa|1\n|\n|t:|1737393926\n|switch|p2b: Ogerpon|Ogerpon-Hearthflame, L50, F|100\/100|[from] Parting Shot\n|-ability|p2b: Ogerpon|Mold Breaker\n|\n|-heal|p2a: Terapagos|98\/100|[from] item: Leftovers\n|upkeep\n|turn|3\n|j| eboli\n|\n|t:|1737393945\n|-terastallize|p2a: Terapagos|Stellar\n|detailschange|p2a: Terapagos|Terapagos-Stellar, L50, M, tera:Stellar\n|-heal|p2a: Terapagos|99\/100|[silent]\n|move|p2b: Ogerpon|Follow Me|p2b: Ogerpon\n|-singleturn|p2b: Ogerpon|move: Follow Me\n|move|p1a: Iron Bundle|Icy Wind|p2a: Terapagos|[spread] p2a,p2b\n|-crit|p2b: Ogerpon\n|-damage|p2a: Terapagos|92\/100\n|-damage|p2b: Ogerpon|75\/100\n|-unboost|p2a: Terapagos|spe|1\n|-unboost|p2b: Ogerpon|spe|1\n|move|p1b: Flutter Mane|Shadow Ball|p2b: Ogerpon\n|-damage|p2b: Ogerpon|47\/100\n|-unboost|p2b: Ogerpon|spd|1\n|move|p2a: Terapagos|Tera Starstorm|p1a: Iron Bundle|[spread] p1a,p1b\n|-damage|p1a: Iron Bundle|2\/100\n|-damage|p1b: Flutter Mane|39\/100\n|\n|-heal|p2a: Terapagos|98\/100|[from] item: Leftovers\n|upkeep\n|turn|4\n|\n|t:|1737393979\n|move|p1a: Iron Bundle|Protect|p1a: Iron Bundle\n|-singleturn|p1a: Iron Bundle|Protect\n|move|p1b: Flutter Mane|Protect|p1b: Flutter Mane\n|-singleturn|p1b: Flutter Mane|Protect\n|move|p2b: Ogerpon|Follow Me|p2b: Ogerpon\n|-singleturn|p2b: Ogerpon|move: Follow Me\n|move|p2a: Terapagos|Tera Starstorm|p1b: Flutter Mane|[spread] \n|-activate|p1a: Iron Bundle|move: Protect\n|-activate|p1b: Flutter Mane|move: Protect\n|\n|-heal|p2a: Terapagos|100\/100|[from] item: Leftovers\n|upkeep\n|turn|5\n|\n|t:|1737394005\n|move|p2b: Ogerpon|Follow Me|p2b: Ogerpon\n|-singleturn|p2b: Ogerpon|move: Follow Me\n|move|p1a: Iron Bundle|Icy Wind|p2a: Terapagos|[spread] p2a,p2b\n|-damage|p2a: Terapagos|93\/100\n|-damage|p2b: Ogerpon|23\/100\n|-unboost|p2a: Terapagos|spe|1\n|-unboost|p2b: Ogerpon|spe|1\n|move|p1b: Flutter Mane|Shadow Ball|p2b: Ogerpon\n|-damage|p2b: Ogerpon|0 fnt\n|faint|p2b: Ogerpon\n|move|p2a: Terapagos|Tera Starstorm|p1a: Iron Bundle|[spread] p1a,p1b\n|-damage|p1a: Iron Bundle|0 fnt\n|-damage|p1b: Flutter Mane|0 fnt\n|faint|p1a: Iron Bundle\n|-end|p1a: Iron Bundle|Quark Drive|[silent]\n|faint|p1b: Flutter Mane\n|-end|p1b: Flutter Mane|Protosynthesis|[silent]\n|\n|-heal|p2a: Terapagos|99\/100|[from] item: Leftovers\n|upkeep\n|\n|t:|1737394025\n|switch|p1b: Koraidon|Koraidon, L50|100\/100\n|switch|p1a: Heatran|Heatran, L50, F|100\/100\n|switch|p2b: Incineroar|Incineroar, L50, F|25\/100\n|-weather|SunnyDay|[from] ability: Orichalcum Pulse|[of] p1b: Koraidon\n|-activate|p1b: Koraidon|Orichalcum Pulse|[source]\n|-ability|p2b: Incineroar|Intimidate|boost\n|-unboost|p1a: Heatran|atk|1\n|-fail|p1b: Koraidon|unboost|[from] item: Clear Amulet|[of] p1b: Koraidon\n|turn|6\n|\n|t:|1737394048\n|move|p1b: Koraidon|Protect|p1b: Koraidon\n|-singleturn|p1b: Koraidon|Protect\n|move|p2b: Incineroar|Fake Out|p1b: Koraidon\n|-activate|p1b: Koraidon|move: Protect\n|move|p1a: Heatran|Earth Power|p2b: Incineroar\n|-supereffective|p2b: Incineroar\n|-damage|p2b: Incineroar|0 fnt\n|faint|p2b: Incineroar\n|move|p2a: Terapagos|Calm Mind|p2a: Terapagos\n|-boost|p2a: Terapagos|spa|1\n|-boost|p2a: Terapagos|spd|1\n|\n|-weather|SunnyDay|[upkeep]\n|-heal|p2a: Terapagos|100\/100|[from] item: Leftovers\n|upkeep\n|\n|t:|1737394050\n|switch|p2b: Rillaboom|Rillaboom, L50, F|100\/100\n|-fieldstart|move: Grassy Terrain|[from] ability: Grassy Surge|[of] p2b: Rillaboom\n|turn|7\n|\n|t:|1737394070\n|move|p2b: Rillaboom|Fake Out|p1b: Koraidon\n|-damage|p1b: Koraidon|89\/100\n|cant|p1b: Koraidon|flinch\n|move|p1a: Heatran|Heat Wave|p2b: Rillaboom|[spread] p2a,p2b\n|-supereffective|p2b: Rillaboom\n|-damage|p2a: Terapagos|79\/100\n|-damage|p2b: Rillaboom|5\/100\n|move|p2a: Terapagos|Tera Starstorm|p1b: Koraidon|[spread] p1a,p1b\n|-damage|p1a: Heatran|60\/100\n|-damage|p1b: Koraidon|23\/100\n|\n|-weather|SunnyDay|[upkeep]\n|-heal|p1b: Koraidon|29\/100|[from] Grassy Terrain\n|-heal|p2b: Rillaboom|11\/100|[from] Grassy Terrain\n|-heal|p1a: Heatran|65\/100|[from] Grassy Terrain\n|-heal|p2a: Terapagos|86\/100|[from] Grassy Terrain\n|-heal|p2a: Terapagos|92\/100|[from] item: Leftovers\n|upkeep\n|turn|8\n|\n|t:|1737394090\n|move|p2b: Rillaboom|Grassy Glide|p1a: Heatran\n|-resisted|p1a: Heatran\n|-damage|p1a: Heatran|58\/100\n|move|p1b: Koraidon|Collision Course|p2a: Terapagos\n|-supereffective|p2a: Terapagos\n|-crit|p2a: Terapagos\n|-damage|p2a: Terapagos|0 fnt\n|faint|p2a: Terapagos\n|move|p1a: Heatran|Heat Wave|p2b: Rillaboom\n|-supereffective|p2b: Rillaboom\n|-damage|p2b: Rillaboom|0 fnt\n|faint|p2b: Rillaboom\n|\n|win|TerpisKora\n|raw|TerpisKora's rating: 1690 &rarr; <strong>1706<\/strong><br \/>(+16 for winning)\n|raw|BLiiNDProdiigy's rating: 1620 &rarr; <strong>1604<\/strong><br \/>(-16 for losing)\n|l|\u2606BLiiNDProdiigy\n|player|p2|\n","uploadtime":1737394106,"views":28,"formatid":"gen9vgc2025regg","rating":1604,"private":0,"password":null}