{"id":"gen9vgc2025regg-2284249083","format":"[Gen 9] VGC 2025 Reg G","players":["elvegis1","Dot1Q"],"log":"|j|\u2606elvegis1\n|j|\u2606Dot1Q\n|t:|1737322991\n|gametype|doubles\n|player|p1|elvegis1|lucas|1508\n|player|p2|Dot1Q|veteran|1585\n|teamsize|p1|6\n|teamsize|p2|6\n|gen|9\n|tier|[Gen 9] VGC 2025 Reg G\n|rated|\n|rule|Species Clause: Limit one of each Pok\u00e9mon\n|rule|Item Clause: Limit 1 of each item\n|clearpoke\n|poke|p1|Scream Tail, L50|\n|poke|p1|Amoonguss, L50, M|\n|poke|p1|Urshifu-*, L50, M|\n|poke|p1|Incineroar, L50, M|\n|poke|p1|Rillaboom, L50, F|\n|poke|p1|Kyogre, L50|\n|poke|p2|Calyrex-Ice, L50|\n|poke|p2|Ursaluna-Bloodmoon, L50, M|\n|poke|p2|Smeargle, L50, M|\n|poke|p2|Farigiraf, L50, M|\n|poke|p2|Annihilape, L50, F|\n|poke|p2|Electabuzz, L50, M|\n|teampreview|4\n|inactive|Battle timer is ON: inactive players will automatically lose when time's up. (requested by elvegis1)\nDot1Q has agreed to open team sheets.\n|\n|t:|1737323024\n|start\n|switch|p1a: Scream Tail|Scream Tail, L50|100\/100\n|switch|p1b: Kyogre|Kyogre, L50|100\/100\n|switch|p2a: Calyrex|Calyrex-Ice, L50|100\/100\n|switch|p2b: Annihilape|Annihilape, L50, F|100\/100\n|-ability|p2a: Calyrex|As One\n|-ability|p2a: Calyrex|Unnerve\n|-weather|RainDance|[from] ability: Drizzle|[of] p1b: Kyogre\n|-enditem|p1a: Scream Tail|Booster Energy\n|-activate|p1a: Scream Tail|ability: Protosynthesis|[fromitem]\n|-start|p1a: Scream Tail|protosynthesisspe\n|turn|1\n|inactive|Dot1Q has 30 seconds left.\n|\n|t:|1737323058\n|move|p1a: Scream Tail|Dazzling Gleam|p2a: Calyrex|[spread] p2a,p2b\n|-supereffective|p2b: Annihilape\n|-damage|p2a: Calyrex|90\/100\n|-damage|p2b: Annihilape|73\/100\n|move|p2b: Annihilape|Final Gambit|p1b: Kyogre\n|-damage|p1b: Kyogre|23\/100\n|faint|p2b: Annihilape\n|move|p1b: Kyogre|Water Spout|p2a: Calyrex\n|-damage|p2a: Calyrex|69\/100\n|move|p2a: Calyrex|Trick Room|p2a: Calyrex\n|-fieldstart|move: Trick Room|[of] p2a: Calyrex\n|\n|-weather|RainDance|[upkeep]\n|-heal|p1b: Kyogre|29\/100|[from] item: Leftovers\n|upkeep\n|\n|t:|1737323075\n|switch|p2b: Smeargle|Smeargle, L50, M|100\/100\n|turn|2\n|\n|t:|1737323089\n|-end|p1a: Scream Tail|Protosynthesis|[silent]\n|switch|p1a: Incineroar|Incineroar, L50, M|100\/100\n|-ability|p1a: Incineroar|Intimidate|boost\n|-fail|p2a: Calyrex|unboost|[from] item: Clear Amulet|[of] p2a: Calyrex\n|-fail|p2b: Smeargle|unboost|Attack|[from] ability: Own Tempo|[of] p2b: Smeargle\n|move|p1b: Kyogre|Protect|p1b: Kyogre\n|-singleturn|p1b: Kyogre|Protect\n|move|p2b: Smeargle|Fake Out|p1a: Incineroar\n|-damage|p1a: Incineroar|96\/100\n|move|p2a: Calyrex|Glacial Lance|p1a: Incineroar|[spread] p1a\n|-activate|p1b: Kyogre|move: Protect\n|-resisted|p1a: Incineroar\n|-damage|p1a: Incineroar|71\/100\n|\n|-weather|RainDance|[upkeep]\n|-heal|p1b: Kyogre|35\/100|[from] item: Leftovers\n|upkeep\n|turn|3\n|inactive|elvegis1 has 30 seconds left.\n|\n|t:|1737323123\n|switch|p1b: Amoonguss|Amoonguss, L50, M|100\/100\n|move|p2a: Calyrex|Protect|p2a: Calyrex\n|-singleturn|p2a: Calyrex|Protect\n|move|p1a: Incineroar|Fake Out|p2a: Calyrex\n|-activate|p2a: Calyrex|move: Protect\n|move|p2b: Smeargle|Decorate|p2a: Calyrex\n|-boost|p2a: Calyrex|atk|2\n|-boost|p2a: Calyrex|spa|2\n|\n|-weather|RainDance|[upkeep]\n|upkeep\n|turn|4\n|\n|t:|1737323144\n|-terastallize|p1b: Amoonguss|Water\n|-terastallize|p2b: Smeargle|Grass\n|move|p2b: Smeargle|Follow Me|p2b: Smeargle\n|-singleturn|p2b: Smeargle|move: Follow Me\n|move|p1b: Amoonguss|Spore|p2b: Smeargle\n|-immune|p2b: Smeargle\n|move|p2a: Calyrex|Glacial Lance|p1a: Incineroar|[spread] p1a,p1b\n|-resisted|p1a: Incineroar\n|-resisted|p1b: Amoonguss\n|-damage|p1a: Incineroar|16\/100\n|-damage|p1b: Amoonguss|52\/100\n|move|p1a: Incineroar|Knock Off|p2b: Smeargle\n|-damage|p2b: Smeargle|50\/100\n|-enditem|p2b: Smeargle|Focus Sash|[from] move: Knock Off|[of] p1a: Incineroar\n|\n|-weather|RainDance|[upkeep]\n|upkeep\n|turn|5\n|inactive|elvegis1 has 30 seconds left.\n|\n|t:|1737323174\n|move|p2a: Calyrex|Protect|p2a: Calyrex\n|-singleturn|p2a: Calyrex|Protect\n|move|p1b: Amoonguss|Sludge Bomb|p2b: Smeargle\n|-supereffective|p2b: Smeargle\n|-damage|p2b: Smeargle|0 fnt\n|faint|p2b: Smeargle\n|move|p1a: Incineroar|Knock Off|p2a: Calyrex\n|-activate|p2a: Calyrex|move: Protect\n|\n|-weather|none\n|-fieldend|move: Trick Room\n|upkeep\n|\n|t:|1737323182\n|switch|p2b: Ursaluna|Ursaluna-Bloodmoon, L50, M|100\/100\n|turn|6\n|\n|t:|1737323206\n|move|p1b: Amoonguss|Protect|p1b: Amoonguss\n|-singleturn|p1b: Amoonguss|Protect\n|move|p1a: Incineroar|Knock Off|p2a: Calyrex\n|-supereffective|p2a: Calyrex\n|-damage|p2a: Calyrex|23\/100\n|-enditem|p2a: Calyrex|Clear Amulet|[from] move: Knock Off|[of] p1a: Incineroar\n|move|p2b: Ursaluna|Blood Moon|p1b: Amoonguss\n|-activate|p1b: Amoonguss|move: Protect\n|move|p2a: Calyrex|Trick Room|p2a: Calyrex\n|-fieldstart|move: Trick Room|[of] p2a: Calyrex\n|\n|upkeep\n|turn|7\n|inactive|elvegis1 has 30 seconds left.\n|\n|t:|1737323238\n|move|p2a: Calyrex|Protect|p2a: Calyrex\n|-singleturn|p2a: Calyrex|Protect\n|move|p1b: Amoonguss|Spore|p2a: Calyrex\n|-activate|p2a: Calyrex|move: Protect\n|move|p2b: Ursaluna|Earth Power|p1b: Amoonguss\n|-damage|p1b: Amoonguss|0 fnt\n|faint|p1b: Amoonguss\n|-damage|p2b: Ursaluna|91\/100|[from] item: Life Orb\n|move|p1a: Incineroar|Parting Shot|p2b: Ursaluna\n|-unboost|p2b: Ursaluna|atk|1\n|-unboost|p2b: Ursaluna|spa|1\n|\n|t:|1737323249\n|switch|p1a: Scream Tail|Scream Tail, L50|100\/100|[from] Parting Shot\n|\n|upkeep\n|j| pauboosch\n|\n|t:|1737323250\n|switch|p1b: Incineroar|Incineroar, L50, M|16\/100\n|-ability|p1b: Incineroar|Intimidate|boost\n|-unboost|p2a: Calyrex|atk|1\n|-unboost|p2b: Ursaluna|atk|1\n|turn|8\n|\n|t:|1737323260\n|move|p1b: Incineroar|Fake Out|p2a: Calyrex\n|-damage|p2a: Calyrex|16\/100\n|move|p2b: Ursaluna|Earth Power|p1b: Incineroar\n|-supereffective|p1b: Incineroar\n|-damage|p1b: Incineroar|0 fnt\n|faint|p1b: Incineroar\n|-damage|p2b: Ursaluna|81\/100|[from] item: Life Orb\n|cant|p2a: Calyrex|flinch\n|move|p1a: Scream Tail|Encore|p2a: Calyrex\n|-start|p2a: Calyrex|Encore\n|\n|upkeep\n|\n|t:|1737323272\n|switch|p1b: Kyogre|Kyogre, L50|35\/100\n|-weather|RainDance|[from] ability: Drizzle|[of] p1b: Kyogre\n|turn|9\n|\n|t:|1737323279\n|move|p2a: Calyrex|Protect|p2a: Calyrex\n|-singleturn|p2a: Calyrex|Protect\n|move|p1b: Kyogre|Protect|p1b: Kyogre\n|-singleturn|p1b: Kyogre|Protect\n|move|p2b: Ursaluna|Earth Power|p1b: Kyogre\n|-activate|p1b: Kyogre|move: Protect\n|move|p1a: Scream Tail|Dazzling Gleam|p2a: Calyrex|[spread] p2b\n|-activate|p2a: Calyrex|move: Protect\n|-damage|p2b: Ursaluna|64\/100\n|\n|-weather|RainDance|[upkeep]\n|-heal|p1b: Kyogre|41\/100|[from] item: Leftovers\n|upkeep\n|turn|10\n|\n|t:|1737323294\n|move|p2a: Calyrex|Protect||[still]\n|-fail|p2a: Calyrex\n|move|p1b: Kyogre|Protect||[still]\n|-fail|p1b: Kyogre\n|move|p2b: Ursaluna|Blood Moon|p1b: Kyogre\n|-damage|p1b: Kyogre|0 fnt\n|faint|p1b: Kyogre\n|-damage|p2b: Ursaluna|55\/100|[from] item: Life Orb\n|move|p1a: Scream Tail|Dazzling Gleam|p2a: Calyrex|[spread] p2a,p2b\n|-damage|p2a: Calyrex|5\/100\n|-damage|p2b: Ursaluna|37\/100\n|\n|-weather|RainDance|[upkeep]\n|-fieldend|move: Trick Room\n|upkeep\n|turn|11\n|\n|t:|1737323310\n|move|p2a: Calyrex|Protect|p2a: Calyrex\n|-singleturn|p2a: Calyrex|Protect\n|move|p1a: Scream Tail|Dazzling Gleam|p2b: Ursaluna|[spread] p2b\n|-activate|p2a: Calyrex|move: Protect\n|-damage|p2b: Ursaluna|19\/100\n|move|p2b: Ursaluna|Earth Power|p1a: Scream Tail\n|-damage|p1a: Scream Tail|69\/100\n|-damage|p2b: Ursaluna|10\/100|[from] item: Life Orb\n|\n|-weather|RainDance|[upkeep]\n|-end|p2a: Calyrex|Encore\n|upkeep\n|turn|12\n|\n|t:|1737323321\n|move|p2b: Ursaluna|Protect|p2b: Ursaluna\n|-singleturn|p2b: Ursaluna|Protect\n|move|p1a: Scream Tail|Dazzling Gleam|p2b: Ursaluna|[spread] p2a\n|-activate|p2b: Ursaluna|move: Protect\n|-damage|p2a: Calyrex|0 fnt\n|faint|p2a: Calyrex\n|\n|-weather|RainDance|[upkeep]\n|upkeep\n|turn|13\n|\n|t:|1737323325\n|move|p1a: Scream Tail|Dazzling Gleam|p2b: Ursaluna\n|-damage|p2b: Ursaluna|0 fnt\n|faint|p2b: Ursaluna\n|\n|win|elvegis1\n|raw|elvegis1's rating: 1508 &rarr; <strong>1532<\/strong><br \/>(+24 for winning)\n|raw|Dot1Q's rating: 1585 &rarr; <strong>1561<\/strong><br \/>(-24 for losing)\n|l| pauboosch\n|l|\u2606Dot1Q\n|player|p2|\n|l|\u2606elvegis1\n|player|p1|\n","uploadtime":1737323558,"views":10,"formatid":"gen9vgc2025regg","rating":1532,"private":0,"password":null}