{"id":"gen9vgc2025regg-2284471263","format":"[Gen 9] VGC 2025 Reg G","players":["The Grougooner","TonyPajamas16"],"log":"|j|\u2606The Grougooner\n|j|\u2606TonyPajamas16\n|t:|1737352185\n|gametype|doubles\n|player|p1|The Grougooner|beauty-gen6xy|1559\n|player|p2|TonyPajamas16|2|1551\n|teamsize|p1|6\n|teamsize|p2|6\n|gen|9\n|tier|[Gen 9] VGC 2025 Reg G\n|rated|\n|rule|Species Clause: Limit one of each Pok\u00e9mon\n|rule|Item Clause: Limit 1 of each item\n|clearpoke\n|poke|p1|Groudon, L50|\n|poke|p1|Farigiraf, L50, M|\n|poke|p1|Flutter Mane, L50|\n|poke|p1|Raging Bolt, L50|\n|poke|p1|Incineroar, L50, M|\n|poke|p1|Rillaboom, L50, F|\n|poke|p2|Groudon, L50|\n|poke|p2|Sableye, L50, M|\n|poke|p2|Rillaboom, L50, M|\n|poke|p2|Gouging Fire, L50|\n|poke|p2|Raging Bolt, L50|\n|poke|p2|Scream Tail, L50|\n|teampreview|4\n|inactive|Battle timer is ON: inactive players will automatically lose when time's up. (requested by The Grougooner)\n|\n|t:|1737352211\n|start\n|switch|p1a: Flutter Mane|Flutter Mane, L50|100\/100\n|switch|p1b: Incineroar|Incineroar, L50, M|100\/100\n|switch|p2a: Scream Tail|Scream Tail, L50, shiny|100\/100\n|switch|p2b: Sableye|Sableye, L50, M, shiny|100\/100\n|-ability|p1b: Incineroar|Intimidate|boost\n|-unboost|p2a: Scream Tail|atk|1\n|-unboost|p2b: Sableye|atk|1\n|-enditem|p2a: Scream Tail|Booster Energy\n|-activate|p2a: Scream Tail|ability: Protosynthesis|[fromitem]\n|-start|p2a: Scream Tail|protosynthesisspe\n|turn|1\n|\n|t:|1737352226\n|move|p2b: Sableye|Gravity|p2b: Sableye\n|-fieldstart|move: Gravity\n|move|p2a: Scream Tail|Sing|p1a: Flutter Mane\n|-status|p1a: Flutter Mane|slp|[from] move: Sing\n|move|p1b: Incineroar|Nasty Plot|p1b: Incineroar\n|-boost|p1b: Incineroar|spa|2\n|cant|p1a: Flutter Mane|slp\n|\n|upkeep\n|turn|2\n|\n|t:|1737352238\n|switch|p2b: Groudon|Groudon, L50|100\/100\n|-weather|SunnyDay|[from] ability: Drought|[of] p2b: Groudon\n|-activate|p1a: Flutter Mane|ability: Protosynthesis\n|-start|p1a: Flutter Mane|protosynthesisspa\n|move|p2a: Scream Tail|Sing|p1b: Incineroar\n|-status|p1b: Incineroar|slp|[from] move: Sing\n|cant|p1b: Incineroar|slp\n|cant|p1a: Flutter Mane|slp\n|\n|-weather|SunnyDay|[upkeep]\n|upkeep\n|turn|3\n|\n|t:|1737352252\n|-terastallize|p1b: Incineroar|Ghost\n|move|p2a: Scream Tail|Howl|p2a: Scream Tail|[spread] p2a,p2b\n|-boost|p2a: Scream Tail|atk|1\n|-boost|p2b: Groudon|atk|1\n|move|p2b: Groudon|Precipice Blades|p1a: Flutter Mane|[spread] p1a,p1b\n|-enditem|p1a: Flutter Mane|Focus Sash\n|-damage|p1a: Flutter Mane|1\/100 slp\n|-damage|p1b: Incineroar|21\/100 slp\n|cant|p1b: Incineroar|slp\n|cant|p1a: Flutter Mane|slp\n|\n|-weather|SunnyDay|[upkeep]\n|upkeep\n|turn|4\n|inactive|TonyPajamas16 has 30 seconds left.\n|\n|t:|1737352279\n|move|p2a: Scream Tail|Ice Punch|p1a: Flutter Mane\n|-damage|p1a: Flutter Mane|0 fnt\n|faint|p1a: Flutter Mane\n|-end|p1a: Flutter Mane|Protosynthesis|[silent]\n|move|p2b: Groudon|Precipice Blades|p1b: Incineroar\n|-damage|p1b: Incineroar|0 fnt\n|faint|p1b: Incineroar\n|\n|-weather|SunnyDay|[upkeep]\n|upkeep\n|\n|t:|1737352287\n|switch|p1a: The Grougooner|Groudon, L50|100\/100\n|switch|p1b: Raging Bolt|Raging Bolt, L50|100\/100\n|-activate|p1b: Raging Bolt|ability: Protosynthesis\n|-start|p1b: Raging Bolt|protosynthesisspa\n|turn|5\n|-message|The Grougooner forfeited.\n|\n|win|TonyPajamas16\n|raw|The Grougooner's rating: 1559 &rarr; <strong>1539<\/strong><br \/>(-20 for losing)\n|raw|TonyPajamas16's rating: 1551 &rarr; <strong>1571<\/strong><br \/>(+20 for winning)\n|l|\u2606The Grougooner\n|player|p1|\n|l|\u2606TonyPajamas16\n|player|p2|\n","uploadtime":1737352471,"views":10,"formatid":"gen9vgc2025regg","rating":1539,"private":0,"password":null}