{"id":"gen9vgc2025regg-2284458949","format":"[Gen 9] VGC 2025 Reg G","players":["SPADE61","501JFW"],"log":"|j|\u2606SPADE61\n|j|\u2606501JFW\n|t:|1737350100\n|gametype|doubles\n|player|p1|SPADE61|2|1648\n|player|p2|501JFW|101|1623\n|teamsize|p1|6\n|teamsize|p2|6\n|gen|9\n|tier|[Gen 9] VGC 2025 Reg G\n|rated|\n|rule|Species Clause: Limit one of each Pok\u00e9mon\n|rule|Item Clause: Limit 1 of each item\n|clearpoke\n|poke|p1|Lunala, L50|\n|poke|p1|Indeedee-F, L50, F|\n|poke|p1|Urshifu-*, L50, M|\n|poke|p1|Amoonguss, L50, M|\n|poke|p1|Iron Hands, L50|\n|poke|p1|Ursaluna, L50, F|\n|poke|p2|Calyrex-Ice, L50|\n|poke|p2|Iron Valiant, L50|\n|poke|p2|Ogerpon-Cornerstone, L50, F|\n|poke|p2|Urshifu-*, L50, M|\n|poke|p2|Raging Bolt, L50|\n|poke|p2|Clefairy, L50, M|\n|teampreview|4\n|\n|t:|1737350134\n|start\n|switch|p1a: Lunala|Lunala, L50|100\/100\n|switch|p1b: Indeedee|Indeedee-F, L50, F|100\/100\n|switch|p2a: Calyrex|Calyrex-Ice, L50|100\/100\n|switch|p2b: Clefairy|Clefairy, L50, M, shiny|100\/100\n|-ability|p2a: Calyrex|As One\n|-ability|p2a: Calyrex|Unnerve\n|-fieldstart|move: Psychic Terrain|[from] ability: Psychic Surge|[of] p1b: Indeedee\n|turn|1\n|inactive|Battle timer is ON: inactive players will automatically lose when time's up. (requested by 501JFW)\n|j| stash1234\n|l| stash1234\n|\n|t:|1737350174\n|move|p2a: Calyrex|Protect|p2a: Calyrex\n|-singleturn|p2a: Calyrex|Protect\n|move|p2b: Clefairy|Protect|p2b: Clefairy\n|-singleturn|p2b: Clefairy|Protect\n|move|p1b: Indeedee|Follow Me|p1b: Indeedee\n|-singleturn|p1b: Indeedee|move: Follow Me\n|move|p1a: Lunala|Meteor Beam||[still]\n|-prepare|p1a: Lunala|Meteor Beam\n|-boost|p1a: Lunala|spa|1\n|-enditem|p1a: Lunala|Power Herb\n|-anim|p1a: Lunala|Meteor Beam|p2a: Calyrex\n|-activate|p2a: Calyrex|move: Protect\n|\n|upkeep\n|turn|2\n|inactive|SPADE61 has 30 seconds left.\n|inactive|SPADE61 has 20 seconds left.\n|inactive|SPADE61 has 15 seconds left.\n|inactive|SPADE61 has 10 seconds left.\n|\n|t:|1737350220\n|move|p1b: Indeedee|Helping Hand|p1a: Lunala\n|-singleturn|p1a: Lunala|Helping Hand|[of] p1b: Indeedee\n|move|p2b: Clefairy|Follow Me|p2b: Clefairy\n|-singleturn|p2b: Clefairy|move: Follow Me\n|move|p1a: Lunala|Expanding Force|p2a: Calyrex|[spread] p2a,p2b\n|-resisted|p2a: Calyrex\n|-damage|p2a: Calyrex|62\/100\n|-damage|p2b: Clefairy|0 fnt\n|faint|p2b: Clefairy\n|move|p2a: Calyrex|Glacial Lance|p1a: Lunala|[spread] p1a,p1b\n|-crit|p1b: Indeedee\n|-damage|p1a: Lunala|76\/100\n|-damage|p1b: Indeedee|17\/100\n|\n|upkeep\n|inactive|501JFW has 30 seconds left.\n|\n|t:|1737350251\n|switch|p2b: Urshifu|Urshifu-Rapid-Strike, L50, M|100\/100\n|turn|3\n|inactive|SPADE61 has 30 seconds left.\n|inactive|SPADE61 has 20 seconds left.\n|\n|t:|1737350287\n|move|p2b: Urshifu|Protect|p2b: Urshifu\n|-singleturn|p2b: Urshifu|Protect\n|move|p1b: Indeedee|Follow Me|p1b: Indeedee\n|-singleturn|p1b: Indeedee|move: Follow Me\n|move|p1a: Lunala|Expanding Force|p2b: Urshifu|[spread] p2a\n|-activate|p2b: Urshifu|move: Protect\n|-resisted|p2a: Calyrex\n|-damage|p2a: Calyrex|29\/100\n|move|p2a: Calyrex|Glacial Lance|p1b: Indeedee|[spread] p1a,p1b\n|-damage|p1a: Lunala|23\/100\n|-damage|p1b: Indeedee|0 fnt\n|faint|p1b: Indeedee\n|-ability|p2a: Calyrex|Chilling Neigh|boost\n|-boost|p2a: Calyrex|atk|1\n|\n|upkeep\n|\n|t:|1737350308\n|switch|p1b: Iron Hands|Iron Hands, L50|100\/100\n|turn|4\n|inactive|SPADE61 has 30 seconds left.\n|j| LucarimonD\n|inactive|SPADE61 has 20 seconds left.\n|j| aimyon36\n|inactive|SPADE61 has 15 seconds left.\n|l| aimyon36\n|inactive|SPADE61 has 10 seconds left.\n|\n|t:|1737350357\n|move|p1a: Lunala|Wide Guard|p1a: Lunala\n|-singleturn|p1a: Lunala|Wide Guard\n|move|p2b: Urshifu|Surging Strikes|p1a: Lunala\n|-crit|p1a: Lunala\n|-damage|p1a: Lunala|4\/100\n|-crit|p1a: Lunala\n|-damage|p1a: Lunala|0 fnt\n|faint|p1a: Lunala\n|-hitcount|p1: Lunala|2\n|move|p1b: Iron Hands|Drain Punch|p2a: Calyrex\n|-damage|p2a: Calyrex|7\/100\n|move|p2a: Calyrex|Glacial Lance|p1b: Iron Hands\n|-activate|p1b: Iron Hands|move: Wide Guard\n|\n|upkeep\n|\n|t:|1737350373\n|switch|p1a: Amoonguss|Amoonguss, L50, M|100\/100\n|turn|5\n|\n|t:|1737350396\n|-terastallize|p2b: Urshifu|Stellar\n|move|p2a: Calyrex|Protect|p2a: Calyrex\n|-singleturn|p2a: Calyrex|Protect\n|move|p2b: Urshifu|Close Combat|p1b: Iron Hands\n|-damage|p1b: Iron Hands|44\/100\n|-unboost|p2b: Urshifu|def|1\n|-unboost|p2b: Urshifu|spd|1\n|move|p1b: Iron Hands|Thunder Punch|p2a: Calyrex\n|-activate|p2a: Calyrex|move: Protect\n|move|p1a: Amoonguss|Spore|p2b: Urshifu\n|-status|p2b: Urshifu|slp|[from] move: Spore\n|\n|-fieldend|move: Psychic Terrain\n|upkeep\n|turn|6\n|\n|t:|1737350419\n|cant|p2b: Urshifu|slp\n|move|p1b: Iron Hands|Drain Punch|p2a: Calyrex\n|-damage|p2a: Calyrex|0 fnt\n|-heal|p1b: Iron Hands|47\/100|[from] drain|[of] p2a: Calyrex\n|faint|p2a: Calyrex\n|move|p1a: Amoonguss|Pollen Puff|p1b: Iron Hands\n|-heal|p1b: Iron Hands|97\/100\n|\n|upkeep\n|-message|501JFW forfeited.\n|\n|win|SPADE61\n|raw|SPADE61's rating: 1648 &rarr; <strong>1667<\/strong><br \/>(+19 for winning)\n|raw|501JFW's rating: 1623 &rarr; <strong>1604<\/strong><br \/>(-19 for losing)\n|l|\u2606501JFW\n|player|p2|\n|l|\u2606SPADE61\n|player|p1|\n","uploadtime":1737350624,"views":29,"formatid":"gen9vgc2025regg","rating":1604,"private":0,"password":null}