{"id":"gen9vgc2025regg-2284894138","format":"[Gen 9] VGC 2025 Reg G","players":["DimensionalFool","chin8"],"log":"|j|\u2606DimensionalFool\n|j|\u2606chin8\n|t:|1737409258\n|gametype|doubles\n|player|p1|DimensionalFool|steven|1592\n|player|p2|chin8|gentleman-gen4dp|1554\n|teamsize|p1|6\n|teamsize|p2|6\n|gen|9\n|tier|[Gen 9] VGC 2025 Reg G\n|rated|\n|rule|Species Clause: Limit one of each Pok\u00e9mon\n|rule|Item Clause: Limit 1 of each item\n|clearpoke\n|poke|p1|Grimmsnarl, L50, M|\n|poke|p1|Landorus, L50, M|\n|poke|p1|Calyrex-Ice, L50|\n|poke|p1|Pelipper, L50, F|\n|poke|p1|Urshifu-*, L50, F|\n|poke|p1|Rillaboom, L50, M|\n|poke|p2|Calyrex-Shadow, L50|\n|poke|p2|Incineroar, L50, F|\n|poke|p2|Rillaboom, L50, F|\n|poke|p2|Gastrodon-East, L50, M|\n|poke|p2|Hitmonchan, L50, M|\n|poke|p2|Tropius, L50, M|\n|teampreview|4\n|inactive|Battle timer is ON: inactive players will automatically lose when time's up. (requested by DimensionalFool)\n|inactive|DimensionalFool has 60 seconds left.\n|\n|t:|1737409303\n|start\n|switch|p1a: Grimmsnarl|Grimmsnarl, L50, M|100\/100\n|switch|p1b: Pelipper|Pelipper, L50, F|100\/100\n|switch|p2a: Calyrex|Calyrex-Shadow, L50|100\/100\n|switch|p2b: Hitmonchan|Hitmonchan, L50, M|100\/100\n|-ability|p2a: Calyrex|As One\n|-ability|p2a: Calyrex|Unnerve\n|-weather|RainDance|[from] ability: Drizzle|[of] p1b: Pelipper\n|turn|1\n|\n|t:|1737409312\n|move|p1a: Grimmsnarl|Trick|p2a: Calyrex\n|-activate|p1a: Grimmsnarl|move: Trick|[of] p2a: Calyrex\n|-item|p2a: Calyrex|Lagging Tail|[from] move: Trick\n|-item|p1a: Grimmsnarl|Clear Amulet|[from] move: Trick\n|move|p2a: Calyrex|Calm Mind|p2a: Calyrex\n|-boost|p2a: Calyrex|spa|1\n|-boost|p2a: Calyrex|spd|1\n|move|p2b: Hitmonchan|Encore|p1a: Grimmsnarl\n|-start|p1a: Grimmsnarl|Encore\n|move|p1b: Pelipper|Tailwind|p1b: Pelipper\n|-sidestart|p1: DimensionalFool|move: Tailwind\n|\n|-weather|RainDance|[upkeep]\n|upkeep\n|turn|2\n|j| mr pogostick\n|\n|t:|1737409331\n|move|p1a: Grimmsnarl|Trick|p2b: Hitmonchan\n|-activate|p1a: Grimmsnarl|move: Trick|[of] p2b: Hitmonchan\n|-item|p2b: Hitmonchan|Clear Amulet|[from] move: Trick\n|-item|p1a: Grimmsnarl|Focus Sash|[from] move: Trick\n|move|p1b: Pelipper|Weather Ball|p2a: Calyrex\n|-damage|p2a: Calyrex|60\/100\n|move|p2b: Hitmonchan|Close Combat|p1a: Grimmsnarl\n|-damage|p1a: Grimmsnarl|41\/100\n|-unboost|p2b: Hitmonchan|def|1\n|-unboost|p2b: Hitmonchan|spd|1\n|move|p2a: Calyrex|Draining Kiss|p1a: Grimmsnarl\n|-supereffective|p1a: Grimmsnarl\n|-damage|p1a: Grimmsnarl|0 fnt\n|-heal|p2a: Calyrex|93\/100|[from] drain|[of] p1a: Grimmsnarl\n|faint|p1a: Grimmsnarl\n|-ability|p2a: Calyrex|Grim Neigh|boost\n|-boost|p2a: Calyrex|spa|1\n|\n|-weather|RainDance|[upkeep]\n|upkeep\n|j| play sos wednesday\n|\n|t:|1737409348\n|switch|p1a: Calyrex|Calyrex-Ice, L50|100\/100\n|-ability|p1a: Calyrex|As One\n|-ability|p1a: Calyrex|Unnerve\n|turn|3\n|\n|t:|1737409373\n|switch|p2b: Gastrodon|Gastrodon-East, L50, M, shiny|100\/100\n|-terastallize|p2a: Calyrex|Fairy\n|-terastallize|p1a: Calyrex|Water\n|move|p1b: Pelipper|Hurricane|p2b: Gastrodon\n|-damage|p2b: Gastrodon|66\/100\n|move|p1a: Calyrex|Throat Chop|p2a: Calyrex\n|-resisted|p2a: Calyrex\n|-damage|p2a: Calyrex|74\/100\n|-start|p2a: Calyrex|Throat Chop|[silent]\n|move|p2a: Calyrex|Draining Kiss|p1a: Calyrex\n|-damage|p1a: Calyrex|65\/100\n|-heal|p2a: Calyrex|100\/100|[from] drain|[of] p1a: Calyrex\n|\n|-weather|RainDance|[upkeep]\n|-heal|p2b: Gastrodon|72\/100|[from] item: Leftovers\n|upkeep\n|turn|4\n|\n|t:|1737409390\n|move|p1b: Pelipper|Hurricane|p2a: Calyrex\n|-damage|p2a: Calyrex|67\/100\n|-start|p2a: Calyrex|confusion\n|move|p1a: Calyrex|Glacial Lance|p2b: Gastrodon|[spread] p2a,p2b\n|-damage|p2a: Calyrex|7\/100\n|-damage|p2b: Gastrodon|9\/100\n|move|p2b: Gastrodon|Earth Power|p1a: Calyrex\n|-damage|p1a: Calyrex|52\/100\n|-activate|p2a: Calyrex|confusion\n|move|p2a: Calyrex|Draining Kiss|p1b: Pelipper\n|-enditem|p1b: Pelipper|Focus Sash\n|-damage|p1b: Pelipper|1\/100\n|-heal|p2a: Calyrex|61\/100|[from] drain|[of] p1b: Pelipper\n|\n|-weather|RainDance|[upkeep]\n|-heal|p2b: Gastrodon|15\/100|[from] item: Leftovers\n|-end|p2a: Calyrex|Throat Chop|[silent]\n|-sideend|p1: DimensionalFool|move: Tailwind\n|upkeep\n|turn|5\n|inactive|chin8 has 30 seconds left.\n|\n|t:|1737409419\n|-activate|p2a: Calyrex|confusion\n|move|p2a: Calyrex|Protect|p2a: Calyrex\n|-singleturn|p2a: Calyrex|Protect\n|move|p1b: Pelipper|Hurricane|p2a: Calyrex\n|-activate|p2a: Calyrex|move: Protect\n|move|p1a: Calyrex|Glacial Lance|p2a: Calyrex|[spread] p2b\n|-activate|p2a: Calyrex|move: Protect\n|-damage|p2b: Gastrodon|0 fnt\n|faint|p2b: Gastrodon\n|-ability|p1a: Calyrex|Chilling Neigh|boost\n|-boost|p1a: Calyrex|atk|1\n|\n|-weather|none\n|upkeep\n|\n|t:|1737409426\n|switch|p2b: Hitmonchan|Hitmonchan, L50, M|100\/100\n|turn|6\n|\n|t:|1737409438\n|move|p2b: Hitmonchan|Fake Out|p1a: Calyrex\n|-damage|p1a: Calyrex|44\/100\n|move|p1b: Pelipper|Hurricane|p2b: Hitmonchan\n|-supereffective|p2b: Hitmonchan\n|-damage|p2b: Hitmonchan|0 fnt\n|faint|p2b: Hitmonchan\n|cant|p1a: Calyrex|flinch\n|-activate|p2a: Calyrex|confusion\n|move|p2a: Calyrex|Draining Kiss|p1a: Calyrex\n|-damage|p1a: Calyrex|13\/100\n|-heal|p2a: Calyrex|88\/100|[from] drain|[of] p1a: Calyrex\n|\n|upkeep\n|\n|t:|1737409456\n|switch|p2b: Rillaboom|Rillaboom, L50, F|100\/100\n|-fieldstart|move: Grassy Terrain|[from] ability: Grassy Surge|[of] p2b: Rillaboom\n|turn|7\n|\n|t:|1737409464\n|move|p2b: Rillaboom|Grassy Glide|p1a: Calyrex\n|-supereffective|p1a: Calyrex\n|-damage|p1a: Calyrex|0 fnt\n|faint|p1a: Calyrex\n|move|p1b: Pelipper|Hurricane|p2b: Rillaboom\n|-supereffective|p2b: Rillaboom\n|-damage|p2b: Rillaboom|31\/100\n|-activate|p2a: Calyrex|confusion\n|move|p2a: Calyrex|Draining Kiss|p1b: Pelipper\n|-damage|p1b: Pelipper|0 fnt\n|-heal|p2a: Calyrex|88\/100|[from] drain|[of] p1b: Pelipper\n|faint|p1b: Pelipper\n|-ability|p2a: Calyrex|Grim Neigh|boost\n|-boost|p2a: Calyrex|spa|1\n|\n|-heal|p2a: Calyrex|94\/100|[from] Grassy Terrain\n|-heal|p2b: Rillaboom|37\/100|[from] Grassy Terrain\n|upkeep\n|\n|t:|1737409467\n|switch|p1b: Landorus|Landorus, L50, M|100\/100\n|turn|8\n|\n|t:|1737409472\n|move|p1b: Landorus|Sandsear Storm|p2a: Calyrex|[spread] p2b\n|-miss|p1b: Landorus|p2a: Calyrex\n|-resisted|p2b: Rillaboom\n|-damage|p2b: Rillaboom|15\/100\n|move|p2b: Rillaboom|Wood Hammer|p1b: Landorus\n|-damage|p1b: Landorus|10\/100\n|-damage|p2b: Rillaboom|0 fnt|[from] Recoil\n|faint|p2b: Rillaboom\n|-end|p2a: Calyrex|confusion\n|move|p2a: Calyrex|Astral Barrage|p1b: Landorus\n|-damage|p1b: Landorus|0 fnt\n|faint|p1b: Landorus\n|\n|win|chin8\n|raw|DimensionalFool's rating: 1592 &rarr; <strong>1570<\/strong><br \/>(-22 for losing)\n|raw|chin8's rating: 1554 &rarr; <strong>1576<\/strong><br \/>(+22 for winning)\n|l| mr pogostick\n|l|\u2606chin8\n|player|p2|\n|l|\u2606DimensionalFool\n|player|p1|\n|l| play sos wednesday\n","uploadtime":1737409715,"views":28,"formatid":"gen9vgc2025regg","rating":1570,"private":0,"password":null}