{"id":"gen9vgc2025regg-2284407868","format":"[Gen 9] VGC 2025 Reg G","players":["abcmaster11","SuperOinge22"],"log":"|j|\u2606abcmaster11\n|j|\u2606SuperOinge22\n|t:|1737342718\n|gametype|doubles\n|player|p1|abcmaster11|acetrainer-gen4dp|1570\n|player|p2|SuperOinge22|102|1551\n|teamsize|p1|6\n|teamsize|p2|6\n|gen|9\n|tier|[Gen 9] VGC 2025 Reg G\n|rated|\n|rule|Species Clause: Limit one of each Pok\u00e9mon\n|rule|Item Clause: Limit 1 of each item\n|clearpoke\n|poke|p1|Miraidon, L50|\n|poke|p1|Iron Hands, L50|\n|poke|p1|Iron Moth, L50|\n|poke|p1|Iron Bundle, L50|\n|poke|p1|Iron Valiant, L50|\n|poke|p1|Iron Jugulis, L50|\n|poke|p2|Necrozma-Dawn-Wings, L50|\n|poke|p2|Indeedee-F, L50, F|\n|poke|p2|Whimsicott, L50, F|\n|poke|p2|Ursaluna, L50, F|\n|poke|p2|Urshifu-*, L50, M|\n|poke|p2|Chi-Yu, L50|\n|teampreview|4\n|inactive|Battle timer is ON: inactive players will automatically lose when time's up. (requested by SuperOinge22)\n|j| jasonrfry5\n|j| Tormentador\n|l| jasonrfry5\n|j| jasonrfry5\n|l| jasonrfry5\n|inactive|abcmaster11 has 60 seconds left.\n|\n|t:|1737342775\n|start\n|switch|p1a: Miraidon|Miraidon, L50|100\/100\n|switch|p1b: Iron Jugulis|Iron Jugulis, L50|100\/100\n|switch|p2a: Whimsicott|Whimsicott, L50, F|100\/100\n|switch|p2b: Necrozma|Necrozma-Dawn-Wings, L50|100\/100\n|-fieldstart|move: Electric Terrain|[from] ability: Hadron Engine|[of] p1a: Miraidon\n|-activate|p1b: Iron Jugulis|ability: Quark Drive\n|-start|p1b: Iron Jugulis|quarkdrivespe\n|turn|1\n|\n|t:|1737342799\n|move|p2a: Whimsicott|Tailwind|p2a: Whimsicott\n|-sidestart|p2: SuperOinge22|move: Tailwind\n|move|p1b: Iron Jugulis|Snarl|p2a: Whimsicott|[spread] p2a,p2b\n|-resisted|p2a: Whimsicott\n|-supereffective|p2b: Necrozma\n|-damage|p2a: Whimsicott|87\/100\n|-damage|p2b: Necrozma|61\/100\n|-unboost|p2a: Whimsicott|spa|1\n|-unboost|p2b: Necrozma|spa|1\n|move|p2b: Necrozma|Meteor Beam||[still]\n|-prepare|p2b: Necrozma|Meteor Beam\n|-boost|p2b: Necrozma|spa|1\n|-enditem|p2b: Necrozma|Power Herb\n|-anim|p2b: Necrozma|Meteor Beam|p1b: Iron Jugulis\n|-supereffective|p1b: Iron Jugulis\n|-damage|p1b: Iron Jugulis|0 fnt\n|faint|p1b: Iron Jugulis\n|-end|p1b: Iron Jugulis|Quark Drive|[silent]\n|move|p1a: Miraidon|Volt Switch|p2b: Necrozma\n|-damage|p2b: Necrozma|0 fnt\n|faint|p2b: Necrozma\n|\n|t:|1737342816\n|switch|p1a: Iron Hands|Iron Hands, L50|100\/100|[from] Volt Switch\n|-activate|p1a: Iron Hands|ability: Quark Drive\n|-start|p1a: Iron Hands|quarkdriveatk\n|\n|upkeep\n|\n|t:|1737342822\n|switch|p1b: Iron Moth|Iron Moth, L50|100\/100\n|switch|p2b: Ursaluna|Ursaluna, L50, F|100\/100\n|-activate|p1b: Iron Moth|ability: Quark Drive\n|-start|p1b: Iron Moth|quarkdrivespe\n|turn|2\n|\n|t:|1737342842\n|move|p2b: Ursaluna|Protect|p2b: Ursaluna\n|-singleturn|p2b: Ursaluna|Protect\n|move|p1a: Iron Hands|Fake Out|p2b: Ursaluna\n|-activate|p2b: Ursaluna|move: Protect\n|move|p2a: Whimsicott|Moonblast|p1a: Iron Hands\n|-supereffective|p1a: Iron Hands\n|-damage|p1a: Iron Hands|76\/100\n|move|p1b: Iron Moth|Meteor Beam||[still]\n|-prepare|p1b: Iron Moth|Meteor Beam\n|-boost|p1b: Iron Moth|spa|1\n|-enditem|p1b: Iron Moth|Power Herb\n|-anim|p1b: Iron Moth|Meteor Beam|p2a: Whimsicott\n|-damage|p2a: Whimsicott|0 fnt\n|faint|p2a: Whimsicott\n|\n|-status|p2b: Ursaluna|brn|[from] item: Flame Orb\n|upkeep\n|\n|t:|1737342855\n|switch|p2a: Indeedee|Indeedee-F, L50, F|100\/100\n|-fieldstart|move: Psychic Terrain|[from] ability: Psychic Surge|[of] p2a: Indeedee\n|-end|p1b: Iron Moth|Quark Drive\n|-enditem|p2a: Indeedee|Psychic Seed\n|-boost|p2a: Indeedee|spd|1|[from] item: Psychic Seed\n|-end|p1a: Iron Hands|Quark Drive\n|turn|3\n|\n|t:|1737342864\n|-end|p1a: Iron Hands|Quark Drive|[silent]\n|switch|p1a: Miraidon|Miraidon, L50|100\/100\n|-fieldstart|move: Electric Terrain|[from] ability: Hadron Engine|[of] p1a: Miraidon\n|-activate|p1b: Iron Moth|ability: Quark Drive\n|-start|p1b: Iron Moth|quarkdrivespa\n|-terastallize|p1b: Iron Moth|Grass\n|move|p2a: Indeedee|Protect|p2a: Indeedee\n|-singleturn|p2a: Indeedee|Protect\n|move|p1b: Iron Moth|Heat Wave|p2a: Indeedee|[spread] p2b\n|-activate|p2a: Indeedee|move: Protect\n|-damage|p2b: Ursaluna|33\/100 brn\n|move|p2b: Ursaluna|Earthquake|p1b: Iron Moth|[spread] p1a,p1b\n|-activate|p2a: Indeedee|move: Protect\n|-supereffective|p1a: Miraidon\n|-resisted|p1b: Iron Moth\n|-damage|p1a: Miraidon|0 fnt\n|-damage|p1b: Iron Moth|48\/100\n|faint|p1a: Miraidon\n|\n|-damage|p2b: Ursaluna|28\/100 brn|[from] brn\n|upkeep\n|\n|t:|1737342880\n|switch|p1a: Iron Hands|Iron Hands, L50|76\/100\n|-activate|p1a: Iron Hands|ability: Quark Drive\n|-start|p1a: Iron Hands|quarkdriveatk\n|turn|4\n|\n|t:|1737342891\n|move|p2b: Ursaluna|Protect|p2b: Ursaluna\n|-singleturn|p2b: Ursaluna|Protect\n|move|p1a: Iron Hands|Fake Out|p2a: Indeedee\n|-damage|p2a: Indeedee|83\/100\n|cant|p2a: Indeedee|flinch\n|move|p1b: Iron Moth|Heat Wave|p2a: Indeedee|[spread] \n|-activate|p2b: Ursaluna|move: Protect\n|-miss|p1b: Iron Moth|p2a: Indeedee\n|\n|-damage|p2b: Ursaluna|22\/100 brn|[from] brn\n|-sideend|p2: SuperOinge22|move: Tailwind\n|upkeep\n|turn|5\n|\n|t:|1737342908\n|move|p2a: Indeedee|Follow Me|p2a: Indeedee\n|-singleturn|p2a: Indeedee|move: Follow Me\n|move|p1b: Iron Moth|Heat Wave|p2b: Ursaluna|[spread] p2a,p2b\n|-damage|p2a: Indeedee|40\/100\n|-damage|p2b: Ursaluna|0 fnt\n|faint|p2b: Ursaluna\n|move|p1a: Iron Hands|Drain Punch|p2a: Indeedee\n|-damage|p2a: Indeedee|0 fnt\n|-heal|p1a: Iron Hands|91\/100|[from] drain|[of] p2a: Indeedee\n|faint|p2a: Indeedee\n|\n|win|abcmaster11\n|raw|abcmaster11's rating: 1570 &rarr; <strong>1589<\/strong><br \/>(+19 for winning)\n|raw|SuperOinge22's rating: 1551 &rarr; <strong>1532<\/strong><br \/>(-19 for losing)\n|l|\u2606SuperOinge22\n|player|p2|\n|l|\u2606abcmaster11\n|player|p1|\n","uploadtime":1737343106,"views":18,"formatid":"gen9vgc2025regg","rating":1532,"private":0,"password":null}