{"id":"gen9vgc2025regg-2284901970","format":"[Gen 9] VGC 2025 Reg G","players":["chin8","DimensionalFool"],"log":"|j|\u2606chin8\n|j|\u2606DimensionalFool\n|t:|1737410078\n|gametype|doubles\n|player|p1|chin8|gentleman-gen4dp|1631\n|player|p2|DimensionalFool|steven|1623\n|teamsize|p1|6\n|teamsize|p2|6\n|gen|9\n|tier|[Gen 9] VGC 2025 Reg G\n|rated|\n|rule|Species Clause: Limit one of each Pok\u00e9mon\n|rule|Item Clause: Limit 1 of each item\n|clearpoke\n|poke|p1|Calyrex-Shadow, L50|\n|poke|p1|Incineroar, L50, M|\n|poke|p1|Rillaboom, L50, M|\n|poke|p1|Gastrodon-East, L50, M|\n|poke|p1|Hitmonchan, L50, M|\n|poke|p1|Tropius, L50, F|\n|poke|p2|Grimmsnarl, L50, M|\n|poke|p2|Landorus, L50, M|\n|poke|p2|Calyrex-Ice, L50|\n|poke|p2|Pelipper, L50, M|\n|poke|p2|Urshifu-*, L50, F|\n|poke|p2|Rillaboom, L50, M|\n|teampreview|4\n|inactive|Battle timer is ON: inactive players will automatically lose when time's up. (requested by DimensionalFool)\n|inactive|DimensionalFool has 60 seconds left.\n|\n|t:|1737410118\n|start\n|switch|p1a: Calyrex|Calyrex-Shadow, L50|100\/100\n|switch|p1b: Hitmonchan|Hitmonchan, L50, M|100\/100\n|switch|p2a: Pelipper|Pelipper, L50, M|100\/100\n|switch|p2b: Landorus|Landorus, L50, M|100\/100\n|-ability|p1a: Calyrex|As One\n|-ability|p1a: Calyrex|Unnerve\n|-weather|RainDance|[from] ability: Drizzle|[of] p2a: Pelipper\n|turn|1\n|\n|t:|1737410139\n|move|p2b: Landorus|Protect|p2b: Landorus\n|-singleturn|p2b: Landorus|Protect\n|move|p1b: Hitmonchan|Fake Out|p2b: Landorus\n|-activate|p2b: Landorus|move: Protect\n|move|p1a: Calyrex|Calm Mind|p1a: Calyrex\n|-boost|p1a: Calyrex|spa|1\n|-boost|p1a: Calyrex|spd|1\n|move|p2a: Pelipper|Tailwind|p2a: Pelipper\n|-sidestart|p2: DimensionalFool|move: Tailwind\n|\n|-weather|RainDance|[upkeep]\n|upkeep\n|turn|2\n|\n|t:|1737410155\n|switch|p1b: Gastrodon|Gastrodon-East, L50, M, shiny|100\/100\n|move|p2a: Pelipper|Wide Guard|p2a: Pelipper\n|-singleturn|p2a: Pelipper|Wide Guard\n|move|p2b: Landorus|Earth Power|p1a: Calyrex\n|-damage|p1a: Calyrex|52\/100\n|move|p1a: Calyrex|Calm Mind|p1a: Calyrex\n|-boost|p1a: Calyrex|spa|1\n|-boost|p1a: Calyrex|spd|1\n|\n|-weather|RainDance|[upkeep]\n|upkeep\n|turn|3\n|\n|t:|1737410169\n|switch|p1b: Rillaboom|Rillaboom, L50, M|100\/100\n|-fieldstart|move: Grassy Terrain|[from] ability: Grassy Surge|[of] p1b: Rillaboom\n|-terastallize|p2b: Landorus|Water\n|move|p1a: Calyrex|Protect|p1a: Calyrex\n|-singleturn|p1a: Calyrex|Protect\n|move|p2b: Landorus|Earth Power|p1a: Calyrex\n|-activate|p1a: Calyrex|move: Protect\n|move|p2a: Pelipper|Hurricane|p1a: Calyrex\n|-activate|p1a: Calyrex|move: Protect\n|\n|-weather|RainDance|[upkeep]\n|-heal|p1a: Calyrex|58\/100|[from] Grassy Terrain\n|upkeep\n|turn|4\n|\n|t:|1737410184\n|move|p1b: Rillaboom|Fake Out|p2a: Pelipper\n|-damage|p2a: Pelipper|82\/100\n|move|p2b: Landorus|Earth Power|p1a: Calyrex\n|-damage|p1a: Calyrex|25\/100\n|cant|p2a: Pelipper|flinch\n|move|p1a: Calyrex|Draining Kiss|p2a: Pelipper\n|-damage|p2a: Pelipper|19\/100\n|-heal|p1a: Calyrex|60\/100|[from] drain|[of] p2a: Pelipper\n|\n|-weather|RainDance|[upkeep]\n|-heal|p1a: Calyrex|65\/100|[from] Grassy Terrain\n|-sideend|p2: DimensionalFool|move: Tailwind\n|upkeep\n|turn|5\n|\n|t:|1737410204\n|switch|p1b: Hitmonchan|Hitmonchan, L50, M|100\/100\n|move|p1a: Calyrex|Draining Kiss|p2a: Pelipper\n|-crit|p2a: Pelipper\n|-damage|p2a: Pelipper|0 fnt\n|-heal|p1a: Calyrex|75\/100|[from] drain|[of] p2a: Pelipper\n|faint|p2a: Pelipper\n|-ability|p1a: Calyrex|Grim Neigh|boost\n|-boost|p1a: Calyrex|spa|1\n|move|p2b: Landorus|Sludge Bomb|p1b: Hitmonchan\n|-damage|p1b: Hitmonchan|39\/100\n|\n|-weather|none\n|-heal|p1a: Calyrex|81\/100|[from] Grassy Terrain\n|-heal|p1b: Hitmonchan|44\/100|[from] Grassy Terrain\n|upkeep\n|\n|t:|1737410212\n|switch|p2a: Urshifu|Urshifu-Rapid-Strike, L50, F|100\/100\n|turn|6\n|\n|t:|1737410229\n|switch|p1b: Gastrodon|Gastrodon-East, L50, M, shiny|100\/100\n|move|p2a: Urshifu|Surging Strikes|p1b: Gastrodon\n|-activate|p1b: Gastrodon|ability: Storm Drain\n|-ability|p1b: Gastrodon|Storm Drain|boost\n|-boost|p1b: Gastrodon|spa|1\n|move|p1a: Calyrex|Astral Barrage|p2b: Landorus|[spread] p2a,p2b\n|-damage|p2a: Urshifu|0 fnt\n|-damage|p2b: Landorus|0 fnt\n|faint|p2a: Urshifu\n|faint|p2b: Landorus\n|-ability|p1a: Calyrex|Grim Neigh|boost\n|-boost|p1a: Calyrex|spa|2\n|\n|-heal|p1a: Calyrex|87\/100|[from] Grassy Terrain\n|upkeep\n|\n|t:|1737410232\n|switch|p2b: Calyrex|Calyrex-Ice, L50|100\/100\n|-ability|p2b: Calyrex|As One\n|-ability|p2b: Calyrex|Unnerve\n|turn|7\n|-message|DimensionalFool forfeited.\n|\n|win|chin8\n|raw|chin8's rating: 1631 &rarr; <strong>1651<\/strong><br \/>(+20 for winning)\n|raw|DimensionalFool's rating: 1623 &rarr; <strong>1603<\/strong><br \/>(-20 for losing)\n|l|\u2606DimensionalFool\n|player|p2|\n|l|\u2606chin8\n|player|p1|\n","uploadtime":1737410414,"views":15,"formatid":"gen9vgc2025regg","rating":1603,"private":0,"password":null}