{"id":"gen9vgc2025regg-2284349327","format":"[Gen 9] VGC 2025 Reg G","players":["Chococroc","girigiripeter"],"log":"|badge|p1|silver|gen9lc|30-4\n|uhtml|medal-msg|<div class=\"broadcast-blue\">Curious what those medals under the avatar are? PS now has Ladder Seasons! For more information, check out the <a href=\"https:\/\/www.smogon.com\/forums\/threads\/3740067\/\">thread on Smogon.<\/a><\/div>\n|j|\u2606Chococroc\n|j|\u2606girigiripeter\n|t:|1737335236\n|gametype|doubles\n|player|p1|Chococroc|pokemaniac|1579\n|player|p2|girigiripeter|170|1529\n|teamsize|p1|6\n|teamsize|p2|6\n|gen|9\n|tier|[Gen 9] VGC 2025 Reg G\n|rated|\n|rule|Species Clause: Limit one of each Pok\u00e9mon\n|rule|Item Clause: Limit 1 of each item\n|clearpoke\n|poke|p1|Torkoal, L50, F|\n|poke|p1|Chi-Yu, L50|\n|poke|p1|Flutter Mane, L50|\n|poke|p1|Raging Bolt, L50|\n|poke|p1|Amoonguss, L50, M|\n|poke|p1|Zamazenta-*, L50|\n|poke|p2|Miraidon, L50|\n|poke|p2|Farigiraf, L50, M|\n|poke|p2|Ogerpon-Hearthflame, L50, F|\n|poke|p2|Tornadus, L50, M|\n|poke|p2|Urshifu-*, L50, M|\n|poke|p2|Iron Treads, L50|\n|teampreview|4\n|l|\u2606Chococroc\n|player|p1|\n|j|\u2606Chococroc\n|player|p1|Chococroc|pokemaniac|\n|j| FBISurveillanceMan\n|\n|t:|1737335282\n|start\n|switch|p1a: Torkoal|Torkoal, L50, F|100\/100\n|switch|p1b: Raging Bolt|Raging Bolt, L50|100\/100\n|switch|p2a: Tornadus|Tornadus, L50, M|100\/100\n|switch|p2b: Iron Treads|Iron Treads, L50|100\/100\n|-weather|SunnyDay|[from] ability: Drought|[of] p1a: Torkoal\n|-activate|p1b: Raging Bolt|ability: Protosynthesis\n|-start|p1b: Raging Bolt|protosynthesisspa\n|turn|1\n|j| ExcessivelyAve\n|l| ExcessivelyAve\n|\n|t:|1737335316\n|-terastallize|p1a: Torkoal|Ground\n|move|p2a: Tornadus|Protect|p2a: Tornadus\n|-singleturn|p2a: Tornadus|Protect\n|move|p2b: Iron Treads|Earthquake|p1a: Torkoal|[spread] p1a,p1b\n|-activate|p2a: Tornadus|move: Protect\n|-supereffective|p1b: Raging Bolt\n|-damage|p1a: Torkoal|63\/100\n|-damage|p1b: Raging Bolt|26\/100\n|-damage|p2b: Iron Treads|91\/100|[from] item: Life Orb\n|move|p1b: Raging Bolt|Thunderbolt|p2a: Tornadus\n|-activate|p2a: Tornadus|move: Protect\n|move|p1a: Torkoal|Heat Wave|p2b: Iron Treads|[spread] p2b\n|-activate|p2a: Tornadus|move: Protect\n|-supereffective|p2b: Iron Treads\n|-damage|p2b: Iron Treads|0 fnt\n|faint|p2b: Iron Treads\n|-end|p2b: Iron Treads|Quark Drive|[silent]\n|\n|-weather|SunnyDay|[upkeep]\n|upkeep\n|\n|t:|1737335335\n|switch|p2b: Miraidon|Miraidon, L50|100\/100\n|-fieldstart|move: Electric Terrain|[from] ability: Hadron Engine|[of] p2b: Miraidon\n|turn|2\n|\n|t:|1737335350\n|-terastallize|p2b: Miraidon|Fairy\n|move|p2a: Tornadus|Rain Dance|p2a: Tornadus\n|-weather|RainDance\n|-end|p1b: Raging Bolt|Protosynthesis\n|move|p2b: Miraidon|Dazzling Gleam|p1a: Torkoal|[spread] p1a,p1b\n|-supereffective|p1b: Raging Bolt\n|-damage|p1a: Torkoal|0 fnt\n|-damage|p1b: Raging Bolt|0 fnt\n|faint|p1a: Torkoal\n|faint|p1b: Raging Bolt\n|-end|p1b: Raging Bolt|Protosynthesis|[silent]\n|\n|-weather|RainDance|[upkeep]\n|upkeep\n|\n|t:|1737335357\n|switch|p1b: Zamazenta|Zamazenta-Crowned, L50|100\/100\n|switch|p1a: Flutter Mane|Flutter Mane, L50|100\/100\n|-ability|p1b: Zamazenta|Dauntless Shield|boost\n|-boost|p1b: Zamazenta|def|1\n|turn|3\n|\n|t:|1737335376\n|move|p1b: Zamazenta|Wide Guard|p1b: Zamazenta\n|-singleturn|p1b: Zamazenta|Wide Guard\n|move|p2a: Tornadus|Tailwind|p2a: Tornadus\n|-sidestart|p2: girigiripeter|move: Tailwind\n|move|p2b: Miraidon|Dazzling Gleam|p1b: Zamazenta|[spread] \n|-activate|p1a: Flutter Mane|move: Wide Guard\n|-activate|p1b: Zamazenta|move: Wide Guard\n|move|p1a: Flutter Mane|Icy Wind|p2b: Miraidon|[spread] p2a,p2b\n|-supereffective|p2a: Tornadus\n|-damage|p2a: Tornadus|66\/100\n|-damage|p2b: Miraidon|86\/100\n|-unboost|p2a: Tornadus|spe|1\n|-unboost|p2b: Miraidon|spe|1\n|\n|-weather|RainDance|[upkeep]\n|upkeep\n|turn|4\n|\n|t:|1737335394\n|switch|p2a: Ogerpon|Ogerpon-Hearthflame, L50, F|100\/100\n|-ability|p2a: Ogerpon|Mold Breaker\n|move|p1b: Zamazenta|Wide Guard|p1b: Zamazenta\n|-singleturn|p1b: Zamazenta|Wide Guard\n|move|p2b: Miraidon|Dazzling Gleam|p1b: Zamazenta|[spread] \n|-activate|p1a: Flutter Mane|move: Wide Guard\n|-activate|p1b: Zamazenta|move: Wide Guard\n|move|p1a: Flutter Mane|Icy Wind|p2a: Ogerpon|[spread] p2a,p2b\n|-damage|p2a: Ogerpon|86\/100\n|-damage|p2b: Miraidon|72\/100\n|-unboost|p2a: Ogerpon|spe|1\n|-unboost|p2b: Miraidon|spe|1\n|\n|-weather|RainDance|[upkeep]\n|upkeep\n|turn|5\n|\n|t:|1737335416\n|move|p1b: Zamazenta|Wide Guard|p1b: Zamazenta\n|-singleturn|p1b: Zamazenta|Wide Guard\n|move|p1a: Flutter Mane|Icy Wind|p2b: Miraidon|[spread] p2a,p2b\n|-damage|p2a: Ogerpon|70\/100\n|-damage|p2b: Miraidon|59\/100\n|-unboost|p2a: Ogerpon|spe|1\n|-unboost|p2b: Miraidon|spe|1\n|move|p2a: Ogerpon|Wood Hammer|p1a: Flutter Mane\n|-enditem|p1a: Flutter Mane|Focus Sash\n|-damage|p1a: Flutter Mane|1\/100\n|-damage|p2a: Ogerpon|46\/100|[from] Recoil\n|move|p2b: Miraidon|Dazzling Gleam|p1b: Zamazenta|[spread] \n|-activate|p1a: Flutter Mane|move: Wide Guard\n|-activate|p1b: Zamazenta|move: Wide Guard\n|\n|-weather|RainDance|[upkeep]\n|upkeep\n|turn|6\n|\n|t:|1737335458\n|switch|p2b: Tornadus|Tornadus, L50, M|66\/100\n|move|p2a: Ogerpon|Spiky Shield|p2a: Ogerpon\n|-singleturn|p2a: Ogerpon|move: Protect\n|move|p1a: Flutter Mane|Shadow Ball|p2a: Ogerpon\n|-activate|p2a: Ogerpon|move: Protect\n|move|p1b: Zamazenta|Behemoth Bash|p2b: Tornadus\n|-damage|p2b: Tornadus|21\/100\n|\n|-weather|none\n|-sideend|p2: girigiripeter|move: Tailwind\n|-fieldend|move: Electric Terrain\n|upkeep\n|turn|7\n|\n|t:|1737335508\n|move|p1a: Flutter Mane|Icy Wind|p2b: Tornadus|[spread] p2a,p2b\n|-supereffective|p2b: Tornadus\n|-damage|p2a: Ogerpon|30\/100\n|-damage|p2b: Tornadus|0 fnt\n|-unboost|p2a: Ogerpon|spe|1\n|faint|p2b: Tornadus\n|move|p1b: Zamazenta|Behemoth Bash|p2a: Ogerpon\n|-resisted|p2a: Ogerpon\n|-damage|p2a: Ogerpon|7\/100\n|move|p2a: Ogerpon|Ivy Cudgel|p1a: Flutter Mane|[anim] Ivy Cudgel Fire\n|-damage|p1a: Flutter Mane|0 fnt\n|faint|p1a: Flutter Mane\n|-end|p1a: Flutter Mane|Protosynthesis|[silent]\n|\n|upkeep\n|\n|t:|1737335512\n|switch|p2b: Miraidon|Miraidon, L50, tera:Fairy|59\/100\n|-fieldstart|move: Electric Terrain|[from] ability: Hadron Engine|[of] p2b: Miraidon\n|turn|8\n|\n|t:|1737335529\n|move|p2a: Ogerpon|Follow Me|p2a: Ogerpon\n|-singleturn|p2a: Ogerpon|move: Follow Me\n|move|p1b: Zamazenta|Behemoth Bash|p2a: Ogerpon\n|-resisted|p2a: Ogerpon\n|-damage|p2a: Ogerpon|0 fnt\n|faint|p2a: Ogerpon\n|move|p2b: Miraidon|Electro Drift|p1b: Zamazenta\n|-damage|p1b: Zamazenta|0 fnt\n|faint|p1b: Zamazenta\n|\n|win|girigiripeter\n|raw|Chococroc's rating: 1579 &rarr; <strong>1556<\/strong><br \/>(-23 for losing)\n|raw|girigiripeter's rating: 1529 &rarr; <strong>1552<\/strong><br \/>(+23 for winning)\n|l|\u2606Chococroc\n|player|p1|\n|l|\u2606girigiripeter\n|player|p2|\n","uploadtime":1737335806,"views":24,"formatid":"gen9vgc2025regg","rating":1552,"private":0,"password":null}