{"id":"gen9vgc2025regg-2284249716","format":"[Gen 9] VGC 2025 Reg G","players":["Lsdyna2","regiregirockrock"],"log":"|j|\u2606Lsdyna2\n|j|\u2606regiregirockrock\n|t:|1737323061\n|gametype|doubles\n|player|p1|Lsdyna2|1|1563\n|player|p2|regiregirockrock|266|1516\n|teamsize|p1|6\n|teamsize|p2|6\n|gen|9\n|tier|[Gen 9] VGC 2025 Reg G\n|rated|\n|rule|Species Clause: Limit one of each Pok\u00e9mon\n|rule|Item Clause: Limit 1 of each item\n|clearpoke\n|poke|p1|Calyrex-Shadow, L50|\n|poke|p1|Mienshao, L50, M|\n|poke|p1|Clefairy, L50, M|\n|poke|p1|Rillaboom, L50, M|\n|poke|p1|Incineroar, L50, F|\n|poke|p1|Urshifu-*, L50, M|\n|poke|p2|Terapagos, L50, M|\n|poke|p2|Amoonguss, L50, M|\n|poke|p2|Incineroar, L50, M|\n|poke|p2|Flutter Mane, L50|\n|poke|p2|Urshifu-*, L50, M|\n|poke|p2|Landorus, L50, M|\n|teampreview|4\n|j| EllAkuro\n|j| Filefate\n|\n|t:|1737323134\n|start\n|switch|p1a: Calyrex|Calyrex-Shadow, L50|100\/100\n|switch|p1b: Mienshao|Mienshao, L50, M|100\/100\n|switch|p2a: Amoonguss|Amoonguss, L50, M|100\/100\n|switch|p2b: Terapagos|Terapagos, L50, M|100\/100\n|-ability|p1a: Calyrex|As One\n|-ability|p1a: Calyrex|Unnerve\n|-activate|p2b: Terapagos|ability: Tera Shift\n|detailschange|p2b: Terapagos|Terapagos-Terastal, L50, M\n|-heal|p2b: Terapagos|100\/100|[silent]\n|turn|1\n|\n|t:|1737323146\n|move|p1a: Calyrex|Calm Mind|p1a: Calyrex\n|-boost|p1a: Calyrex|spa|1\n|-boost|p1a: Calyrex|spd|1\n|move|p1b: Mienshao|Taunt|p2a: Amoonguss\n|-start|p2a: Amoonguss|move: Taunt\n|-enditem|p2a: Amoonguss|Mental Herb\n|-end|p2a: Amoonguss|move: Taunt\n|move|p2b: Terapagos|Substitute|p2b: Terapagos\n|-start|p2b: Terapagos|Substitute\n|-damage|p2b: Terapagos|75\/100\n|move|p2a: Amoonguss|Spore|p1b: Mienshao\n|-status|p1b: Mienshao|slp|[from] move: Spore\n|\n|-heal|p2b: Terapagos|82\/100|[from] item: Leftovers\n|upkeep\n|turn|2\n|\n|t:|1737323163\n|switch|p2a: Urshifu|Urshifu, L50, M|100\/100\n|move|p1a: Calyrex|Protect|p1a: Calyrex\n|-singleturn|p1a: Calyrex|Protect\n|cant|p1b: Mienshao|slp\n|move|p2b: Terapagos|Tera Starstorm|p1b: Mienshao\n|-enditem|p1b: Mienshao|Focus Sash\n|-damage|p1b: Mienshao|1\/100 slp\n|\n|-heal|p2b: Terapagos|88\/100|[from] item: Leftovers\n|upkeep\n|turn|3\n|\n|t:|1737323196\n|switch|p1b: Incineroar|Incineroar, L50, F|100\/100\n|-ability|p1b: Incineroar|Intimidate|boost\n|-unboost|p2a: Urshifu|atk|1\n|-immune|p2b: Terapagos\n|-terastallize|p1a: Calyrex|Fairy\n|move|p2a: Urshifu|Sucker Punch|p1a: Calyrex\n|-resisted|p1a: Calyrex\n|-crit|p1a: Calyrex\n|-damage|p1a: Calyrex|70\/100\n|move|p1a: Calyrex|Draining Kiss|p2a: Urshifu\n|-supereffective|p2a: Urshifu\n|-enditem|p2a: Urshifu|Focus Sash\n|-damage|p2a: Urshifu|1\/100\n|-heal|p1a: Calyrex|100\/100|[from] drain|[of] p2a: Urshifu\n|move|p2b: Terapagos|Tera Starstorm|p1b: Incineroar\n|-damage|p1b: Incineroar|50\/100\n|\n|-heal|p2b: Terapagos|94\/100|[from] item: Leftovers\n|upkeep\n|turn|4\n|\n|t:|1737323229\n|move|p1a: Calyrex|Calm Mind|p1a: Calyrex\n|-boost|p1a: Calyrex|spa|1\n|-boost|p1a: Calyrex|spd|1\n|move|p2a: Urshifu|Close Combat|p1b: Incineroar\n|-supereffective|p1b: Incineroar\n|-damage|p1b: Incineroar|0 fnt\n|-unboost|p2a: Urshifu|def|1\n|-unboost|p2a: Urshifu|spd|1\n|faint|p1b: Incineroar\n|move|p2b: Terapagos|Calm Mind|p2b: Terapagos\n|-boost|p2b: Terapagos|spa|1\n|-boost|p2b: Terapagos|spd|1\n|\n|-heal|p2b: Terapagos|100\/100|[from] item: Leftovers\n|upkeep\n|\n|t:|1737323241\n|switch|p1b: Urshifu|Urshifu-Rapid-Strike, L50, M|100\/100\n|turn|5\n|j| pauboosch\n|\n|t:|1737323273\n|switch|p2a: Amoonguss|Amoonguss, L50, M|100\/100\n|-terastallize|p2b: Terapagos|Stellar\n|detailschange|p2b: Terapagos|Terapagos-Stellar, L50, M, tera:Stellar\n|-heal|p2b: Terapagos|100\/100|[silent]\n|move|p1b: Urshifu|U-turn|p2b: Terapagos\n|-activate|p2b: Terapagos|move: Substitute|[damage]\n|\n|t:|1737323281\n|switch|p1b: Mienshao|Mienshao, L50, M|1\/100 slp|[from] U-turn\n|move|p1a: Calyrex|Astral Barrage|p2a: Amoonguss|[spread] p2a\n|-immune|p2b: Terapagos\n|-damage|p2a: Amoonguss|30\/100\n|move|p2b: Terapagos|Tera Starstorm|p1a: Calyrex|[spread] p1a,p1b\n|-supereffective|p1a: Calyrex\n|-damage|p1a: Calyrex|50\/100\n|-damage|p1b: Mienshao|0 fnt\n|faint|p1b: Mienshao\n|\n|upkeep\n|\n|t:|1737323291\n|switch|p1b: Urshifu|Urshifu-Rapid-Strike, L50, M|100\/100\n|turn|6\n|-message|Lsdyna2 forfeited.\n|\n|win|regiregirockrock\n|raw|Lsdyna2's rating: 1563 &rarr; <strong>1540<\/strong><br \/>(-23 for losing)\n|raw|regiregirockrock's rating: 1516 &rarr; <strong>1539<\/strong><br \/>(+23 for winning)\n|l|\u2606Lsdyna2\n|player|p1|\n|l| Filefate\n|l|\u2606regiregirockrock\n|player|p2|\n|l| pauboosch\n|l| EllAkuro\n","uploadtime":1737323558,"views":27,"formatid":"gen9vgc2025regg","rating":1539,"private":0,"password":null}