{"id":"gen9vgc2025regg-2284188930","format":"[Gen 9] VGC 2025 Reg G","players":["Novicebest","bluestraggler02"],"log":"|j|\u2606Novicebest\n|j|\u2606bluestraggler02\n|t:|1737316235\n|gametype|doubles\n|player|p1|Novicebest|lillie-z|1576\n|player|p2|bluestraggler02|170|1654\n|teamsize|p1|6\n|teamsize|p2|6\n|gen|9\n|tier|[Gen 9] VGC 2025 Reg G\n|rated|\n|rule|Species Clause: Limit one of each Pok\u00e9mon\n|rule|Item Clause: Limit 1 of each item\n|clearpoke\n|poke|p1|Calyrex-Ice, L50|\n|poke|p1|Urshifu-*, L50, M|\n|poke|p1|Rillaboom, L50, F|\n|poke|p1|Incineroar, L50, F|\n|poke|p1|Raging Bolt, L50|\n|poke|p1|Grimmsnarl, L50, M|\n|poke|p2|Kyurem-White, L50|\n|poke|p2|Tornadus, L50, M|\n|poke|p2|Chi-Yu, L50|\n|poke|p2|Iron Hands, L50|\n|poke|p2|Urshifu-*, L50, F|\n|poke|p2|Flutter Mane, L50|\n|teampreview|4\n|inactive|Battle timer is ON: inactive players will automatically lose when time's up. (requested by Novicebest)\n|inactive|bluestraggler02 has 60 seconds left.\n|\n|t:|1737316278\n|start\n|switch|p1a: Grimmsnarl|Grimmsnarl, L50, M|100\/100\n|switch|p1b: Calyrex|Calyrex-Ice, L50|100\/100\n|switch|p2a: Urshifu|Urshifu-Rapid-Strike, L50, F|100\/100\n|switch|p2b: Kyurem|Kyurem-White, L50|100\/100\n|-ability|p1b: Calyrex|As One\n|-ability|p1b: Calyrex|Unnerve\n|-ability|p2b: Kyurem|Turboblaze\n|turn|1\n|\n|t:|1737316300\n|-terastallize|p2a: Urshifu|Water\n|move|p2b: Kyurem|Draco Meteor|p1b: Calyrex|[miss]\n|-miss|p2b: Kyurem|p1b: Calyrex\n|move|p2a: Urshifu|Surging Strikes|p1b: Calyrex\n|-crit|p1b: Calyrex\n|-damage|p1b: Calyrex|79\/100\n|-crit|p1b: Calyrex\n|-damage|p1b: Calyrex|58\/100\n|-crit|p1b: Calyrex\n|-damage|p1b: Calyrex|35\/100\n|-hitcount|p1b: Calyrex|3\n|-damage|p2a: Urshifu|91\/100|[from] item: Life Orb\n|move|p1a: Grimmsnarl|Spirit Break|p2a: Urshifu\n|-damage|p2a: Urshifu|61\/100\n|-unboost|p2a: Urshifu|spa|1\n|move|p1b: Calyrex|High Horsepower|p2a: Urshifu\n|-damage|p2a: Urshifu|19\/100\n|\n|upkeep\n|turn|2\n|inactive|Novicebest has 30 seconds left.\n|\n|t:|1737316334\n|switch|p1b: Incineroar|Incineroar, L50, F|100\/100\n|-ability|p1b: Incineroar|Intimidate|boost\n|-unboost|p2a: Urshifu|atk|1\n|-unboost|p2b: Kyurem|atk|1\n|move|p2b: Kyurem|Draco Meteor|p1b: Incineroar\n|-damage|p1b: Incineroar|0 fnt\n|-unboost|p2b: Kyurem|spa|2\n|faint|p1b: Incineroar\n|move|p2a: Urshifu|Surging Strikes|p1a: Grimmsnarl\n|-crit|p1a: Grimmsnarl\n|-damage|p1a: Grimmsnarl|67\/100\n|-crit|p1a: Grimmsnarl\n|-damage|p1a: Grimmsnarl|32\/100\n|-crit|p1a: Grimmsnarl\n|-damage|p1a: Grimmsnarl|0 fnt\n|faint|p1a: Grimmsnarl\n|-hitcount|p1: Grimmsnarl|3\n|-damage|p2a: Urshifu|10\/100|[from] item: Life Orb\n|\n|upkeep\n|\n|t:|1737316350\n|switch|p1b: Calyrex|Calyrex-Ice, L50|35\/100\n|switch|p1a: Raging Bolt|Raging Bolt, L50|100\/100\n|-ability|p1b: Calyrex|As One\n|-ability|p1b: Calyrex|Unnerve\n|turn|3\n|inactive|Novicebest has 30 seconds left.\n|j| KG a Bird\n|inactive|Novicebest has 20 seconds left.\n|inactive|Novicebest has 15 seconds left.\n|inactive|Novicebest has 10 seconds left.\n|inactive|Novicebest has 5 seconds left.\n|\n|t:|1737316402\n|switch|p2a: Chi-Yu|Chi-Yu, L50|100\/100\n|-ability|p2a: Chi-Yu|Beads of Ruin\n|move|p1a: Raging Bolt|Thunderclap||[still]\n|-fail|p1a: Raging Bolt\n|move|p2b: Kyurem|Draco Meteor|p1b: Calyrex|[miss]\n|-miss|p2b: Kyurem|p1b: Calyrex\n|move|p1b: Calyrex|Glacial Lance|p2b: Kyurem|[spread] p2a,p2b\n|-resisted|p2a: Chi-Yu\n|-damage|p2a: Chi-Yu|47\/100\n|-damage|p2b: Kyurem|37\/100\n|\n|upkeep\n|turn|4\n|j| Bubsnz\n|inactive|Novicebest has 30 seconds left.\n|inactive|Novicebest has 20 seconds left.\n|\n|t:|1737316439\n|move|p1b: Calyrex|Protect|p1b: Calyrex\n|-singleturn|p1b: Calyrex|Protect\n|move|p1a: Raging Bolt|Thunderclap|p2a: Chi-Yu\n|-damage|p2a: Chi-Yu|0 fnt\n|faint|p2a: Chi-Yu\n|-damage|p1a: Raging Bolt|91\/100|[from] item: Life Orb\n|move|p2b: Kyurem|Draco Meteor|p1a: Raging Bolt|[miss]\n|-miss|p2b: Kyurem|p1a: Raging Bolt\n|\n|upkeep\n|\n|t:|1737316450\n|switch|p2a: Iron Hands|Iron Hands, L50|100\/100\n|turn|5\n|inactive|Novicebest has 30 seconds left.\n|inactive|Novicebest has 20 seconds left.\n|\n|t:|1737316488\n|-terastallize|p1a: Raging Bolt|Fairy\n|move|p2a: Iron Hands|Fake Out|p1a: Raging Bolt\n|-damage|p1a: Raging Bolt|76\/100\n|move|p2b: Kyurem|Draco Meteor|p1b: Calyrex\n|-damage|p1b: Calyrex|0 fnt\n|-unboost|p2b: Kyurem|spa|2\n|faint|p1b: Calyrex\n|cant|p1a: Raging Bolt|flinch\n|\n|upkeep\n|turn|6\n|j| Ultimate_Eclipsee\n|\n|t:|1737316499\n|switch|p2b: Urshifu|Urshifu-Rapid-Strike, L50, F, tera:Water|10\/100\n|move|p1a: Raging Bolt|Thunderbolt|p2a: Iron Hands\n|-resisted|p2a: Iron Hands\n|-damage|p2a: Iron Hands|83\/100\n|-damage|p1a: Raging Bolt|66\/100|[from] item: Life Orb\n|move|p2a: Iron Hands|Wild Charge|p1a: Raging Bolt\n|-damage|p1a: Raging Bolt|20\/100\n|-damage|p2a: Iron Hands|72\/100|[from] Recoil\n|\n|upkeep\n|turn|7\n|-message|Novicebest forfeited.\n|\n|win|bluestraggler02\n|raw|Novicebest's rating: 1576 &rarr; <strong>1560<\/strong><br \/>(-16 for losing)\n|raw|bluestraggler02's rating: 1654 &rarr; <strong>1670<\/strong><br \/>(+16 for winning)\n|j| GexkaXXV\n|l|\u2606Novicebest\n|player|p1|\n|l|\u2606bluestraggler02\n|player|p2|\n|l| KG a Bird\n|l| GexkaXXV\n|l| Ultimate_Eclipsee\n","uploadtime":1737316741,"views":21,"formatid":"gen9vgc2025regg","rating":1560,"private":0,"password":null}