{"id":"gen9vgc2025regg-2284784036","format":"[Gen 9] VGC 2025 Reg G","players":["DimensionalFool","defofarc"],"log":"|j|\u2606DimensionalFool\n|j|\u2606defofarc\n|t:|1737397909\n|gametype|doubles\n|player|p1|DimensionalFool|steven|1587\n|player|p2|defofarc|2|1609\n|teamsize|p1|6\n|teamsize|p2|6\n|gen|9\n|tier|[Gen 9] VGC 2025 Reg G\n|rated|\n|rule|Species Clause: Limit one of each Pok\u00e9mon\n|rule|Item Clause: Limit 1 of each item\n|clearpoke\n|poke|p1|Grimmsnarl, L50, M|\n|poke|p1|Landorus, L50, M|\n|poke|p1|Calyrex-Ice, L50|\n|poke|p1|Pelipper, L50, M|\n|poke|p1|Urshifu-*, L50, M|\n|poke|p1|Rillaboom, L50, F|\n|poke|p2|Lunala, L50|\n|poke|p2|Rillaboom, L50, M|\n|poke|p2|Urshifu-*, L50, F|\n|poke|p2|Umbreon, L50, M|\n|poke|p2|Entei, L50|\n|poke|p2|Iron Jugulis, L50|\n|teampreview|4\n|inactive|Battle timer is ON: inactive players will automatically lose when time's up. (requested by DimensionalFool)\n|inactive|DimensionalFool has 60 seconds left.\n|\n|t:|1737397941\n|start\n|switch|p1a: Urshifu|Urshifu-Rapid-Strike, L50, M|100\/100\n|switch|p1b: Landorus|Landorus, L50, M|100\/100\n|switch|p2a: Entei|Entei, L50|100\/100\n|switch|p2b: Lunala|Lunala, L50|100\/100\n|turn|1\n|j| bluestraggler02\n|inactive|DimensionalFool has 30 seconds left.\n|\n|t:|1737397970\n|switch|p1b: Pelipper|Pelipper, L50, M|100\/100\n|-weather|RainDance|[from] ability: Drizzle|[of] p1b: Pelipper\n|move|p2a: Entei|Sacred Fire|p1a: Urshifu\n|-resisted|p1a: Urshifu\n|-damage|p1a: Urshifu|87\/100\n|-status|p1a: Urshifu|brn\n|move|p1a: Urshifu|Surging Strikes|p2b: Lunala\n|-crit|p2b: Lunala\n|-damage|p2b: Lunala|94\/100\n|-crit|p2b: Lunala\n|-damage|p2b: Lunala|81\/100\n|-crit|p2b: Lunala\n|-damage|p2b: Lunala|69\/100\n|-hitcount|p2b: Lunala|3\n|move|p2b: Lunala|Calm Mind|p2b: Lunala\n|-boost|p2b: Lunala|spa|1\n|-boost|p2b: Lunala|spd|1\n|\n|-weather|RainDance|[upkeep]\n|-heal|p2b: Lunala|75\/100|[from] item: Leftovers\n|-damage|p1a: Urshifu|82\/100 brn|[from] brn\n|upkeep\n|turn|2\n|inactive|defofarc has 30 seconds left.\n|\n|t:|1737398000\n|switch|p2a: Rillaboom|Rillaboom, L50, M|100\/100\n|-fieldstart|move: Grassy Terrain|[from] ability: Grassy Surge|[of] p2a: Rillaboom\n|move|p1a: Urshifu|Surging Strikes|p2b: Lunala\n|-crit|p2b: Lunala\n|-damage|p2b: Lunala|63\/100\n|-crit|p2b: Lunala\n|-damage|p2b: Lunala|51\/100\n|-crit|p2b: Lunala\n|-damage|p2b: Lunala|39\/100\n|-hitcount|p2b: Lunala|3\n|move|p2b: Lunala|Dazzling Gleam|p1a: Urshifu|[spread] p1a,p1b\n|-supereffective|p1a: Urshifu\n|-damage|p1a: Urshifu|0 fnt\n|-damage|p1b: Pelipper|43\/100\n|faint|p1a: Urshifu\n|move|p1b: Pelipper|Weather Ball|p2b: Lunala\n|-damage|p2b: Lunala|5\/100\n|\n|-weather|RainDance|[upkeep]\n|-heal|p2b: Lunala|11\/100|[from] Grassy Terrain\n|-heal|p2b: Lunala|18\/100|[from] item: Leftovers\n|upkeep\n|j| SuN0nPls\n|\n|t:|1737398012\n|switch|p1a: Calyrex|Calyrex-Ice, L50|100\/100\n|-ability|p1a: Calyrex|As One\n|-ability|p1a: Calyrex|Unnerve\n|turn|3\n|inactive|defofarc has 30 seconds left.\n|\n|t:|1737398038\n|move|p2a: Rillaboom|Grassy Glide|p1b: Pelipper\n|-damage|p1b: Pelipper|0 fnt\n|faint|p1b: Pelipper\n|move|p2b: Lunala|Moongeist Beam|p1a: Calyrex\n|-supereffective|p1a: Calyrex\n|-damage|p1a: Calyrex|16\/100\n|move|p1a: Calyrex|Glacial Lance|p2a: Rillaboom|[spread] p2a,p2b\n|-supereffective|p2a: Rillaboom\n|-damage|p2a: Rillaboom|0 fnt\n|-damage|p2b: Lunala|0 fnt\n|faint|p2a: Rillaboom\n|faint|p2b: Lunala\n|-ability|p1a: Calyrex|Chilling Neigh|boost\n|-boost|p1a: Calyrex|atk|2\n|\n|-weather|RainDance|[upkeep]\n|-heal|p1a: Calyrex|22\/100|[from] Grassy Terrain\n|upkeep\n|\n|t:|1737398056\n|switch|p2b: Umbreon|Umbreon, L50, M|100\/100\n|switch|p1b: Landorus|Landorus, L50, M|100\/100\n|switch|p2a: Entei|Entei, L50|100\/100\n|turn|4\n|\n|t:|1737398074\n|-terastallize|p2a: Entei|Normal\n|move|p2a: Entei|Extreme Speed|p1b: Landorus\n|-crit|p1b: Landorus\n|-damage|p1b: Landorus|25\/100\n|move|p1b: Landorus|Sandsear Storm|p2b: Umbreon|[spread] p2a,p2b\n|-damage|p2a: Entei|36\/100\n|-damage|p2b: Umbreon|61\/100\n|move|p2b: Umbreon|Foul Play|p1a: Calyrex\n|-supereffective|p1a: Calyrex\n|-damage|p1a: Calyrex|0 fnt\n|faint|p1a: Calyrex\n|\n|-weather|RainDance|[upkeep]\n|-heal|p2a: Entei|42\/100|[from] Grassy Terrain\n|-heal|p2b: Umbreon|67\/100|[from] Grassy Terrain\n|upkeep\n|turn|5\n|\n|t:|1737398093\n|move|p2a: Entei|Extreme Speed|p1b: Landorus\n|-damage|p1b: Landorus|0 fnt\n|faint|p1b: Landorus\n|\n|win|defofarc\n|raw|DimensionalFool's rating: 1587 &rarr; <strong>1568<\/strong><br \/>(-19 for losing)\n|raw|defofarc's rating: 1609 &rarr; <strong>1628<\/strong><br \/>(+19 for winning)\n|l|\u2606DimensionalFool\n|player|p1|\n|l|\u2606defofarc\n|player|p2|\n|l| SuN0nPls\n","uploadtime":1737398291,"views":5,"formatid":"gen9vgc2025regg","rating":1568,"private":0,"password":null}