{"id":"gen9vgc2025regg-2284044600","format":"[Gen 9] VGC 2025 Reg G","players":["superduce2","Bef6"],"log":"|j|\u2606superduce2\n|j|\u2606Bef6\n|t:|1737298967\n|gametype|doubles\n|player|p1|superduce2|102|1615\n|player|p2|Bef6|lucas|1784\n|teamsize|p1|6\n|teamsize|p2|6\n|gen|9\n|tier|[Gen 9] VGC 2025 Reg G\n|rated|\n|rule|Species Clause: Limit one of each Pok\u00e9mon\n|rule|Item Clause: Limit 1 of each item\n|clearpoke\n|poke|p1|Chi-Yu, L50|\n|poke|p1|Gholdengo, L50|\n|poke|p1|Miraidon, L50|\n|poke|p1|Tatsugiri-Droopy, L50, F|\n|poke|p1|Dondozo, L50, M|\n|poke|p1|Urshifu-*, L50, M|\n|poke|p2|Lunala, L50|\n|poke|p2|Indeedee-F, L50, F|\n|poke|p2|Tornadus, L50, M|\n|poke|p2|Ursaluna, L50, F|\n|poke|p2|Chi-Yu, L50|\n|poke|p2|Iron Bundle, L50|\n|teampreview|4\n|j| PrismRabbit\n|j| EllAkuro\n|\n|t:|1737299004\n|start\n|switch|p1a: Urshifu|Urshifu, L50, M|100\/100\n|switch|p1b: Miraidon|Miraidon, L50|100\/100\n|switch|p2a: Tornadus|Tornadus, L50, M|100\/100\n|switch|p2b: Ursaluna|Ursaluna, L50, F|100\/100\n|-fieldstart|move: Electric Terrain|[from] ability: Hadron Engine|[of] p1b: Miraidon\n|turn|1\n|j| bluestraggler02\n|\n|t:|1737299024\n|move|p2a: Tornadus|Tailwind|p2a: Tornadus\n|-sidestart|p2: Bef6|move: Tailwind\n|move|p1a: Urshifu|Wicked Blow|p2b: Ursaluna\n|-crit|p2b: Ursaluna\n|-damage|p2b: Ursaluna|49\/100\n|move|p2b: Ursaluna|Earthquake|p1b: Miraidon|[spread] p1a,p1b\n|-immune|p2a: Tornadus\n|-supereffective|p1b: Miraidon\n|-damage|p1a: Urshifu|54\/100\n|-damage|p1b: Miraidon|25\/100\n|move|p1b: Miraidon|Volt Switch|p2a: Tornadus\n|-supereffective|p2a: Tornadus\n|-enditem|p2a: Tornadus|Focus Sash\n|-damage|p2a: Tornadus|1\/100\n|\n|t:|1737299041\n|switch|p1b: Chi-Yu|Chi-Yu, L50|100\/100|[from] Volt Switch\n|-ability|p1b: Chi-Yu|Beads of Ruin\n|\n|-status|p2b: Ursaluna|brn|[from] item: Flame Orb\n|upkeep\n|turn|2\n|\n|t:|1737299055\n|switch|p1a: Gholdengo|Gholdengo, L50|100\/100\n|move|p1b: Chi-Yu|Protect|p1b: Chi-Yu\n|-singleturn|p1b: Chi-Yu|Protect\n|move|p2a: Tornadus|Bleakwind Storm|p1a: Gholdengo|[spread] p1a\n|-activate|p1b: Chi-Yu|move: Protect\n|-resisted|p1a: Gholdengo\n|-damage|p1a: Gholdengo|78\/100\n|move|p2b: Ursaluna|Headlong Rush|p1b: Chi-Yu\n|-activate|p1b: Chi-Yu|move: Protect\n|\n|-damage|p2b: Ursaluna|44\/100 brn|[from] brn\n|upkeep\n|turn|3\n|\n|t:|1737299079\n|move|p2a: Tornadus|Bleakwind Storm|p1b: Chi-Yu|[spread] p1a,p1b\n|-resisted|p1a: Gholdengo\n|-damage|p1a: Gholdengo|54\/100\n|-damage|p1b: Chi-Yu|57\/100\n|-unboost|p1a: Gholdengo|spe|1\n|move|p2b: Ursaluna|Earthquake|p1a: Gholdengo|[spread] p1a,p1b\n|-immune|p2a: Tornadus\n|-supereffective|p1a: Gholdengo\n|-supereffective|p1b: Chi-Yu\n|-damage|p1a: Gholdengo|0 fnt\n|-damage|p1b: Chi-Yu|0 fnt\n|faint|p1a: Gholdengo\n|faint|p1b: Chi-Yu\n|\n|-damage|p2b: Ursaluna|38\/100 brn|[from] brn\n|upkeep\n|\n|t:|1737299092\n|switch|p1b: Urshifu|Urshifu, L50, M|54\/100\n|switch|p1a: Miraidon|Miraidon, L50|25\/100\n|-activate|p1a: Miraidon|ability: Hadron Engine\n|turn|4\n|\n|t:|1737299118\n|-terastallize|p1b: Urshifu|Dark\n|move|p2a: Tornadus|Bleakwind Storm|p1a: Miraidon|[spread] \n|-miss|p2a: Tornadus|p1a: Miraidon\n|-miss|p2a: Tornadus|p1b: Urshifu\n|move|p1b: Urshifu|Wicked Blow|p2b: Ursaluna\n|-crit|p2b: Ursaluna\n|-damage|p2b: Ursaluna|0 fnt\n|faint|p2b: Ursaluna\n|move|p1a: Miraidon|Electro Drift|p2a: Tornadus\n|-supereffective|p2a: Tornadus\n|-damage|p2a: Tornadus|0 fnt\n|faint|p2a: Tornadus\n|\n|-sideend|p2: Bef6|move: Tailwind\n|upkeep\n|\n|t:|1737299123\n|switch|p2a: Lunala|Lunala, L50|100\/100\n|switch|p2b: Iron Bundle|Iron Bundle, L50|100\/100\n|-activate|p2b: Iron Bundle|ability: Quark Drive\n|-start|p2b: Iron Bundle|quarkdrivespe\n|turn|5\n|\n|t:|1737299145\n|-terastallize|p2a: Lunala|Fairy\n|move|p2b: Iron Bundle|Freeze-Dry|p1a: Miraidon\n|-supereffective|p1a: Miraidon\n|-damage|p1a: Miraidon|0 fnt\n|faint|p1a: Miraidon\n|move|p1b: Urshifu|Wicked Blow|p2b: Iron Bundle\n|-crit|p2b: Iron Bundle\n|-damage|p2b: Iron Bundle|0 fnt\n|faint|p2b: Iron Bundle\n|-end|p2b: Iron Bundle|Quark Drive|[silent]\n|move|p2a: Lunala|Meteor Beam||[still]\n|-prepare|p2a: Lunala|Meteor Beam\n|-boost|p2a: Lunala|spa|1\n|-enditem|p2a: Lunala|Power Herb\n|-anim|p2a: Lunala|Meteor Beam|p1b: Urshifu\n|-damage|p1b: Urshifu|0 fnt\n|faint|p1b: Urshifu\n|\n|win|Bef6\n|raw|superduce2's rating: 1615 &rarr; <strong>1604<\/strong><br \/>(-11 for losing)\n|raw|Bef6's rating: 1784 &rarr; <strong>1795<\/strong><br \/>(+11 for winning)\n|l|\u2606Bef6\n|player|p2|\n|l|\u2606superduce2\n|player|p1|\n|l| PrismRabbit\n|l| EllAkuro\n","uploadtime":1737299325,"views":57,"formatid":"gen9vgc2025regg","rating":1604,"private":0,"password":null}