{"id":"gen9vgc2025regg-2284486190","format":"[Gen 9] VGC 2025 Reg G","players":["Bayo93","Jadenhess"],"log":"|j|\u2606Bayo93\n|j|\u2606Jadenhess\n|t:|1737355009\n|gametype|doubles\n|player|p1|Bayo93|266|1562\n|player|p2|Jadenhess|170|1576\n|teamsize|p1|6\n|teamsize|p2|6\n|gen|9\n|tier|[Gen 9] VGC 2025 Reg G\n|rated|\n|rule|Species Clause: Limit one of each Pok\u00e9mon\n|rule|Item Clause: Limit 1 of each item\n|clearpoke\n|poke|p1|Groudon, L50|\n|poke|p1|Chien-Pao, L50|\n|poke|p1|Raging Bolt, L50|\n|poke|p1|Chi-Yu, L50|\n|poke|p1|Talonflame, L50, M|\n|poke|p1|Flutter Mane, L50|\n|poke|p2|Reuniclus, L50, M|\n|poke|p2|Walking Wake, L50|\n|poke|p2|Indeedee-F, L50, F|\n|poke|p2|Oranguru, L50, M|\n|poke|p2|Araquanid, L50, F|\n|poke|p2|Calyrex-Ice, L50|\n|teampreview|4\n|inactive|Battle timer is ON: inactive players will automatically lose when time's up. (requested by Jadenhess)\n|inactive|Bayo93 also wants the timer to be on.\n|inactive|Bayo93 has 60 seconds left.\n|inactive|Jadenhess has 60 seconds left.\n|\n|t:|1737355068\n|start\n|switch|p1a: Chien-Pao|Chien-Pao, L50|100\/100\n|switch|p1b: Flutter Mane|Flutter Mane, L50|100\/100\n|switch|p2a: Walking Wake|Walking Wake, L50|100\/100\n|switch|p2b: Araquanid|Araquanid, L50, F|100\/100\n|-ability|p1a: Chien-Pao|Sword of Ruin\n|-enditem|p2a: Walking Wake|Booster Energy\n|-activate|p2a: Walking Wake|ability: Protosynthesis|[fromitem]\n|-start|p2a: Walking Wake|protosynthesisspe\n|turn|1\n|inactive|Bayo93 has 30 seconds left.\n|inactive|Jadenhess has 30 seconds left.\n|inactive|Jadenhess has 20 seconds left.\n|inactive|Jadenhess has 15 seconds left.\n|inactive|Jadenhess has 10 seconds left.\n|\n|t:|1737355116\n|move|p2a: Walking Wake|Snarl|p1b: Flutter Mane|[spread] p1a,p1b\n|-resisted|p1a: Chien-Pao\n|-crit|p1b: Flutter Mane\n|-damage|p1a: Chien-Pao|90\/100\n|-damage|p1b: Flutter Mane|82\/100\n|-unboost|p1a: Chien-Pao|spa|1\n|-unboost|p1b: Flutter Mane|spa|1\n|move|p1a: Chien-Pao|Ice Spinner|p2b: Araquanid\n|-resisted|p2b: Araquanid\n|-damage|p2b: Araquanid|71\/100\n|move|p1b: Flutter Mane|Moonblast|p2b: Araquanid\n|-damage|p2b: Araquanid|35\/100\n|move|p2b: Araquanid|Leech Life|p1a: Chien-Pao\n|-supereffective|p1a: Chien-Pao\n|-damage|p1a: Chien-Pao|2\/100\n|-heal|p2b: Araquanid|74\/100|[from] drain|[of] p1a: Chien-Pao\n|\n|-heal|p2b: Araquanid|80\/100|[from] item: Leftovers\n|upkeep\n|turn|2\n|inactive|Bayo93 has 30 seconds left.\n|\n|t:|1737355146\n|move|p1a: Chien-Pao|Sucker Punch|p2a: Walking Wake\n|-damage|p2a: Walking Wake|58\/100\n|move|p2a: Walking Wake|Snarl|p1b: Flutter Mane|[spread] p1a,p1b\n|-resisted|p1a: Chien-Pao\n|-damage|p1a: Chien-Pao|0 fnt\n|-damage|p1b: Flutter Mane|70\/100\n|-unboost|p1b: Flutter Mane|spa|1\n|faint|p1a: Chien-Pao\n|move|p1b: Flutter Mane|Moonblast|p2a: Walking Wake\n|-supereffective|p2a: Walking Wake\n|-damage|p2a: Walking Wake|0 fnt\n|faint|p2a: Walking Wake\n|-end|p2a: Walking Wake|Protosynthesis|[silent]\n|move|p2b: Araquanid|Liquidation|p1b: Flutter Mane\n|-crit|p1b: Flutter Mane\n|-damage|p1b: Flutter Mane|0 fnt\n|faint|p1b: Flutter Mane\n|-end|p1b: Flutter Mane|Protosynthesis|[silent]\n|\n|-heal|p2b: Araquanid|86\/100|[from] item: Leftovers\n|upkeep\n|\n|t:|1737355160\n|switch|p1a: Groudon|Groudon, L50|100\/100\n|switch|p1b: Raging Bolt|Raging Bolt, L50|100\/100\n|switch|p2a: Calyrex|Calyrex-Ice, L50|100\/100\n|-ability|p2a: Calyrex|As One\n|-ability|p2a: Calyrex|Unnerve\n|-weather|SunnyDay|[from] ability: Drought|[of] p1a: Groudon\n|-activate|p1b: Raging Bolt|ability: Protosynthesis\n|-start|p1b: Raging Bolt|protosynthesisspa\n|turn|3\n|inactive|Bayo93 has 30 seconds left.\n|\n|t:|1737355188\n|-terastallize|p1b: Raging Bolt|Electric\n|-terastallize|p2a: Calyrex|Fire\n|move|p2b: Araquanid|Wide Guard|p2b: Araquanid\n|-singleturn|p2b: Araquanid|Wide Guard\n|move|p1a: Groudon|Double-Edge|p2a: Calyrex\n|-damage|p2a: Calyrex|69\/100\n|-damage|p1a: Groudon|89\/100|[from] Recoil\n|move|p1b: Raging Bolt|Thunderbolt|p2a: Calyrex\n|-damage|p2a: Calyrex|0 fnt\n|faint|p2a: Calyrex\n|-damage|p1b: Raging Bolt|91\/100|[from] item: Life Orb\n|\n|-weather|SunnyDay|[upkeep]\n|-heal|p2b: Araquanid|91\/100|[from] item: Leftovers\n|upkeep\n|\n|t:|1737355202\n|switch|p2a: Indeedee|Indeedee-F, L50, F|100\/100\n|-fieldstart|move: Psychic Terrain|[from] ability: Psychic Surge|[of] p2a: Indeedee\n|turn|4\n|\n|t:|1737355219\n|move|p2a: Indeedee|Follow Me|p2a: Indeedee\n|-singleturn|p2a: Indeedee|move: Follow Me\n|move|p1a: Groudon|Double-Edge|p2a: Indeedee\n|-damage|p2a: Indeedee|50\/100\n|-enditem|p2a: Indeedee|Sitrus Berry|[eat]\n|-heal|p2a: Indeedee|75\/100|[from] item: Sitrus Berry\n|-damage|p1a: Groudon|74\/100|[from] Recoil\n|move|p1b: Raging Bolt|Thunderbolt|p2a: Indeedee\n|-damage|p2a: Indeedee|0 fnt\n|faint|p2a: Indeedee\n|-damage|p1b: Raging Bolt|81\/100|[from] item: Life Orb\n|move|p2b: Araquanid|Liquidation|p1b: Raging Bolt\n|-damage|p1b: Raging Bolt|55\/100\n|\n|-weather|SunnyDay|[upkeep]\n|-heal|p2b: Araquanid|97\/100|[from] item: Leftovers\n|upkeep\n|turn|5\n|-message|Jadenhess forfeited.\n|\n|win|Bayo93\n|raw|Bayo93's rating: 1562 &rarr; <strong>1583<\/strong><br \/>(+21 for winning)\n|raw|Jadenhess's rating: 1576 &rarr; <strong>1555<\/strong><br \/>(-21 for losing)\n|l|\u2606Jadenhess\n|player|p2|\n|l|\u2606Bayo93\n|player|p1|\n","uploadtime":1737355454,"views":16,"formatid":"gen9vgc2025regg","rating":1555,"private":0,"password":null}