{"id":"gen9vgc2025regg-2284086314","format":"[Gen 9] VGC 2025 Reg G","players":["bluestraggler02","t04styy"],"log":"|j|\u2606bluestraggler02\n|j|\u2606t04styy\n|t:|1737304428\n|gametype|doubles\n|player|p1|bluestraggler02|170|1618\n|player|p2|t04styy|102|1534\n|teamsize|p1|6\n|teamsize|p2|6\n|gen|9\n|tier|[Gen 9] VGC 2025 Reg G\n|rated|\n|rule|Species Clause: Limit one of each Pok\u00e9mon\n|rule|Item Clause: Limit 1 of each item\n|clearpoke\n|poke|p1|Kyurem-White, L50|\n|poke|p1|Tornadus, L50, M|\n|poke|p1|Chi-Yu, L50|\n|poke|p1|Iron Hands, L50|\n|poke|p1|Urshifu-*, L50, M|\n|poke|p1|Flutter Mane, L50|\n|poke|p2|Terapagos, L50, M|\n|poke|p2|Grimmsnarl, L50, M|\n|poke|p2|Incineroar, L50, F|\n|poke|p2|Comfey, L50, F|\n|poke|p2|Clefairy, L50, F|\n|poke|p2|Rillaboom, L50, F|\n|teampreview|4\nbluestraggler02 rejected open team sheets.\n|inactive|Battle timer is ON: inactive players will automatically lose when time's up. (requested by bluestraggler02)\n|\n|t:|1737304461\n|start\n|switch|p1a: Kyurem|Kyurem-White, L50|100\/100\n|switch|p1b: Urshifu|Urshifu-Rapid-Strike, L50, M|100\/100\n|switch|p2a: Grimmsnarl|Grimmsnarl, L50, M|100\/100\n|switch|p2b: Incineroar|Incineroar, L50, F|100\/100\n|-ability|p1a: Kyurem|Turboblaze\n|-ability|p2b: Incineroar|Intimidate|boost\n|-unboost|p1a: Kyurem|atk|1\n|-unboost|p1b: Urshifu|atk|1\n|turn|1\n|\n|t:|1737304479\n|switch|p1b: Chi-Yu|Chi-Yu, L50|100\/100\n|-ability|p1b: Chi-Yu|Beads of Ruin\n|move|p2b: Incineroar|Fake Out|p1b: Chi-Yu\n|-damage|p1b: Chi-Yu|84\/100\n|move|p2a: Grimmsnarl|Light Screen|p2a: Grimmsnarl\n|-sidestart|p2: t04styy|move: Light Screen\n|move|p1a: Kyurem|Earth Power|p2b: Incineroar\n|-supereffective|p2b: Incineroar\n|-damage|p2b: Incineroar|24\/100\n|\n|upkeep\n|turn|2\n|\n|t:|1737304501\n|move|p2a: Grimmsnarl|Reflect|p2a: Grimmsnarl\n|-sidestart|p2: t04styy|Reflect\n|move|p1b: Chi-Yu|Heat Wave|p2a: Grimmsnarl|[spread] p2a,p2b\n|-resisted|p2b: Incineroar\n|-damage|p2a: Grimmsnarl|64\/100\n|-damage|p2b: Incineroar|10\/100\n|move|p1a: Kyurem|Earth Power|p2b: Incineroar\n|-supereffective|p2b: Incineroar\n|-damage|p2b: Incineroar|0 fnt\n|faint|p2b: Incineroar\n|\n|upkeep\n|\n|t:|1737304510\n|switch|p2b: Terapagos|Terapagos, L50, M|100\/100\n|-activate|p2b: Terapagos|ability: Tera Shift\n|detailschange|p2b: Terapagos|Terapagos-Terastal, L50, M\n|-heal|p2b: Terapagos|100\/100|[silent]\n|turn|3\n|\n|t:|1737304518\n|switch|p1a: Urshifu|Urshifu-Rapid-Strike, L50, M|100\/100\n|move|p2a: Grimmsnarl|Thunder Wave|p1a: Urshifu\n|-status|p1a: Urshifu|par\n|move|p1b: Chi-Yu|Heat Wave|p2a: Grimmsnarl|[spread] p2b\n|-miss|p1b: Chi-Yu|p2a: Grimmsnarl\n|-activate|p2b: Terapagos|ability: Tera Shell\n|-resisted|p2b: Terapagos\n|-damage|p2b: Terapagos|85\/100\n|move|p2b: Terapagos|Calm Mind|p2b: Terapagos\n|-boost|p2b: Terapagos|spa|1\n|-boost|p2b: Terapagos|spd|1\n|\n|upkeep\n|turn|4\n|\n|t:|1737304537\n|switch|p1a: Flutter Mane|Flutter Mane, L50|100\/100\n|-enditem|p1a: Flutter Mane|Booster Energy\n|-activate|p1a: Flutter Mane|ability: Protosynthesis|[fromitem]\n|-start|p1a: Flutter Mane|protosynthesisspe\n|-terastallize|p2b: Terapagos|Stellar\n|detailschange|p2b: Terapagos|Terapagos-Stellar, L50, M, tera:Stellar\n|-heal|p2b: Terapagos|89\/100|[silent]\n|move|p2a: Grimmsnarl|Parting Shot|p1a: Flutter Mane\n|-unboost|p1a: Flutter Mane|atk|1\n|-unboost|p1a: Flutter Mane|spa|1\n|\n|t:|1737304549\n|switch|p2a: Comfey|Comfey, L50, F|100\/100|[from] Parting Shot\n|move|p1b: Chi-Yu|Heat Wave|p2a: Comfey|[spread] p2a,p2b\n|-damage|p2a: Comfey|72\/100\n|-damage|p2b: Terapagos|72\/100\n|move|p2b: Terapagos|Tera Starstorm|p1a: Flutter Mane|[spread] p1a,p1b\n|-damage|p1a: Flutter Mane|35\/100\n|-damage|p1b: Chi-Yu|15\/100\n|\n|upkeep\n|turn|5\n|\n|t:|1737304568\n|move|p2a: Comfey|Protect|p2a: Comfey\n|-singleturn|p2a: Comfey|Protect\n|move|p1a: Flutter Mane|Thunder Wave|p2b: Terapagos|[miss]\n|-miss|p1a: Flutter Mane|p2b: Terapagos\n|move|p1b: Chi-Yu|Heat Wave|p2a: Comfey|[spread] p2b\n|-activate|p2a: Comfey|move: Protect\n|-damage|p2b: Terapagos|55\/100\n|move|p2b: Terapagos|Tera Starstorm|p1a: Flutter Mane|[spread] p1a,p1b\n|-damage|p1a: Flutter Mane|0 fnt\n|-damage|p1b: Chi-Yu|0 fnt\n|faint|p1a: Flutter Mane\n|-end|p1a: Flutter Mane|Protosynthesis|[silent]\n|faint|p1b: Chi-Yu\n|\n|upkeep\n|\n|t:|1737304576\n|switch|p1a: Urshifu|Urshifu-Rapid-Strike, L50, M|100\/100 par\n|switch|p1b: Kyurem|Kyurem-White, L50|100\/100\n|-ability|p1b: Kyurem|Turboblaze\n|turn|6\n|-message|bluestraggler02 forfeited.\n|\n|win|t04styy\n|raw|bluestraggler02's rating: 1618 &rarr; <strong>1593<\/strong><br \/>(-25 for losing)\n|raw|t04styy's rating: 1534 &rarr; <strong>1559<\/strong><br \/>(+25 for winning)\n|l|\u2606bluestraggler02\n|player|p1|\n|l|\u2606t04styy\n|player|p2|\n","uploadtime":1737304851,"views":13,"formatid":"gen9vgc2025regg","rating":1559,"private":0,"password":null}