{"id":"gen9vgc2025regg-2284739983","format":"[Gen 9] VGC 2025 Reg G","players":["Jadenhess","BLiiNDProdiigy"],"log":"|j|\u2606Jadenhess\n|j|\u2606BLiiNDProdiigy\n|t:|1737393326\n|gametype|doubles\n|player|p1|Jadenhess|266|1618\n|player|p2|BLiiNDProdiigy|rocketgrunt|1599\n|teamsize|p1|6\n|teamsize|p2|6\n|gen|9\n|tier|[Gen 9] VGC 2025 Reg G\n|rated|\n|rule|Species Clause: Limit one of each Pok\u00e9mon\n|rule|Item Clause: Limit 1 of each item\n|clearpoke\n|poke|p1|Koraidon, L50|\n|poke|p1|Raging Bolt, L50|\n|poke|p1|Gouging Fire, L50|\n|poke|p1|Walking Wake, L50|\n|poke|p1|Indeedee-F, L50, F|\n|poke|p1|Whimsicott, L50, F|\n|poke|p2|Terapagos, L50, M|\n|poke|p2|Incineroar, L50, F|\n|poke|p2|Rillaboom, L50, F|\n|poke|p2|Urshifu-*, L50, F|\n|poke|p2|Flutter Mane, L50|\n|poke|p2|Ogerpon-Hearthflame, L50, F|\n|teampreview|4\n|inactive|Battle timer is ON: inactive players will automatically lose when time's up. (requested by Jadenhess)\n|inactive|Jadenhess has 60 seconds left.\n|inactive|BLiiNDProdiigy has 60 seconds left.\n|inactive|Jadenhess has 30 seconds left.\n|\n|t:|1737393390\n|start\n|switch|p1a: Whimsicott|Whimsicott, L50, F|100\/100\n|switch|p1b: Walking Wake|Walking Wake, L50|100\/100\n|switch|p2a: Flutter Mane|Flutter Mane, L50|100\/100\n|switch|p2b: Ogerpon|Ogerpon-Hearthflame, L50, F|100\/100\n|-ability|p2b: Ogerpon|Mold Breaker\n|-enditem|p2a: Flutter Mane|Booster Energy\n|-activate|p2a: Flutter Mane|ability: Protosynthesis|[fromitem]\n|-start|p2a: Flutter Mane|protosynthesisspe\n|turn|1\n|inactive|Jadenhess has 30 seconds left.\n|\n|t:|1737393417\n|-end|p2a: Flutter Mane|Protosynthesis|[silent]\n|switch|p2a: Terapagos|Terapagos, L50, M|100\/100\n|-activate|p2a: Terapagos|ability: Tera Shift\n|detailschange|p2a: Terapagos|Terapagos-Terastal, L50, M\n|-heal|p2a: Terapagos|100\/100|[silent]\n|move|p1b: Walking Wake|Protect|p1b: Walking Wake\n|-singleturn|p1b: Walking Wake|Protect\n|move|p2b: Ogerpon|Spiky Shield|p2b: Ogerpon\n|-singleturn|p2b: Ogerpon|move: Protect\n|move|p1a: Whimsicott|Tailwind|p1a: Whimsicott\n|-sidestart|p1: Jadenhess|move: Tailwind\n|\n|upkeep\n|turn|2\n|inactive|BLiiNDProdiigy has 30 seconds left.\n|\n|t:|1737393445\n|move|p2b: Ogerpon|Follow Me|p2b: Ogerpon\n|-singleturn|p2b: Ogerpon|move: Follow Me\n|move|p1a: Whimsicott|Encore|p2b: Ogerpon\n|-start|p2b: Ogerpon|Encore\n|move|p1b: Walking Wake|Knock Off|p2b: Ogerpon\n|-damage|p2b: Ogerpon|87\/100\n|move|p2a: Terapagos|Calm Mind|p2a: Terapagos\n|-boost|p2a: Terapagos|spa|1\n|-boost|p2a: Terapagos|spd|1\n|\n|upkeep\n|turn|3\n|\n|t:|1737393460\n|-terastallize|p2a: Terapagos|Stellar\n|detailschange|p2a: Terapagos|Terapagos-Stellar, L50, M, tera:Stellar\n|-heal|p2a: Terapagos|100\/100|[silent]\n|move|p2b: Ogerpon|Follow Me|p2b: Ogerpon\n|-singleturn|p2b: Ogerpon|move: Follow Me\n|move|p1a: Whimsicott|Sunny Day|p1a: Whimsicott\n|-weather|SunnyDay\n|-activate|p1b: Walking Wake|ability: Protosynthesis\n|-start|p1b: Walking Wake|protosynthesisspe\n|move|p1b: Walking Wake|Snarl|p2b: Ogerpon|[spread] p2a,p2b\n|-damage|p2a: Terapagos|95\/100\n|-damage|p2b: Ogerpon|74\/100\n|-unboost|p2a: Terapagos|spa|1\n|-unboost|p2b: Ogerpon|spa|1\n|move|p2a: Terapagos|Tera Starstorm|p1b: Walking Wake|[spread] p1a,p1b\n|-damage|p1a: Whimsicott|44\/100\n|-damage|p1b: Walking Wake|63\/100\n|\n|-weather|SunnyDay|[upkeep]\n|-heal|p1b: Walking Wake|69\/100|[from] item: Leftovers\n|-heal|p2a: Terapagos|100\/100|[from] item: Leftovers\n|upkeep\n|turn|4\n|\n|t:|1737393482\n|switch|p1a: Indeedee|Indeedee-F, L50, F|100\/100\n|-fieldstart|move: Psychic Terrain|[from] ability: Psychic Surge|[of] p1a: Indeedee\n|move|p2b: Ogerpon|Follow Me|p2b: Ogerpon\n|-singleturn|p2b: Ogerpon|move: Follow Me\n|move|p1b: Walking Wake|Hydro Steam|p2b: Ogerpon\n|-damage|p2b: Ogerpon|23\/100\n|move|p2a: Terapagos|Tera Starstorm|p1a: Indeedee|[spread] p1a,p1b\n|-damage|p1a: Indeedee|65\/100\n|-damage|p1b: Walking Wake|28\/100\n|\n|-weather|SunnyDay|[upkeep]\n|-heal|p1b: Walking Wake|34\/100|[from] item: Leftovers\n|-sideend|p1: Jadenhess|move: Tailwind\n|upkeep\n|turn|5\n|inactive|Jadenhess has 30 seconds left.\n|\n|t:|1737393508\n|switch|p2b: Rillaboom|Rillaboom, L50, F|100\/100\n|-fieldstart|move: Grassy Terrain|[from] ability: Grassy Surge|[of] p2b: Rillaboom\n|move|p1b: Walking Wake|Snarl|p2b: Rillaboom|[spread] p2b\n|-miss|p1b: Walking Wake|p2a: Terapagos\n|-damage|p2b: Rillaboom|93\/100\n|-unboost|p2b: Rillaboom|spa|1\n|move|p2a: Terapagos|Tera Starstorm|p1b: Walking Wake|[spread] p1a,p1b\n|-damage|p1a: Indeedee|29\/100\n|-damage|p1b: Walking Wake|0 fnt\n|-enditem|p1a: Indeedee|Sitrus Berry|[eat]\n|-heal|p1a: Indeedee|54\/100|[from] item: Sitrus Berry\n|faint|p1b: Walking Wake\n|-end|p1b: Walking Wake|Protosynthesis|[silent]\n|move|p1a: Indeedee|Psychic|p2a: Terapagos\n|-damage|p2a: Terapagos|88\/100\n|\n|-weather|SunnyDay|[upkeep]\n|-heal|p2b: Rillaboom|99\/100|[from] Grassy Terrain\n|-heal|p2a: Terapagos|94\/100|[from] Grassy Terrain\n|-heal|p2a: Terapagos|99\/100|[from] item: Leftovers\n|-heal|p1a: Indeedee|60\/100|[from] Grassy Terrain\n|upkeep\n|j| DaN00biest\n|\n|t:|1737393518\n|switch|p1b: Koraidon|Koraidon, L50|100\/100\n|-activate|p1b: Koraidon|ability: Orichalcum Pulse\n|turn|6\n|\n|t:|1737393534\n|move|p1a: Indeedee|Protect|p1a: Indeedee\n|-singleturn|p1a: Indeedee|Protect\n|move|p2b: Rillaboom|Fake Out|p1b: Koraidon\n|-damage|p1b: Koraidon|90\/100\n|cant|p1b: Koraidon|flinch\n|move|p2a: Terapagos|Substitute|p2a: Terapagos\n|-start|p2a: Terapagos|Substitute\n|-damage|p2a: Terapagos|75\/100\n|\n|-weather|SunnyDay|[upkeep]\n|-heal|p1b: Koraidon|96\/100|[from] Grassy Terrain\n|-heal|p2b: Rillaboom|100\/100|[from] Grassy Terrain\n|-heal|p2a: Terapagos|81\/100|[from] Grassy Terrain\n|-heal|p2a: Terapagos|88\/100|[from] item: Leftovers\n|-heal|p1a: Indeedee|67\/100|[from] Grassy Terrain\n|upkeep\n|turn|7\n|\n|t:|1737393545\n|move|p2a: Terapagos|Protect|p2a: Terapagos\n|-singleturn|p2a: Terapagos|Protect\n|move|p1b: Koraidon|Drain Punch|p2a: Terapagos\n|-activate|p2a: Terapagos|move: Protect\n|move|p2b: Rillaboom|U-turn|p1a: Indeedee\n|-supereffective|p1a: Indeedee\n|-damage|p1a: Indeedee|24\/100\n|\n|t:|1737393548\n|switch|p2b: Ogerpon|Ogerpon-Hearthflame, L50, F|23\/100|[from] U-turn\n|-ability|p2b: Ogerpon|Mold Breaker\n|move|p1a: Indeedee|Heal Pulse|p1b: Koraidon\n|-heal|p1b: Koraidon|100\/100\n|\n|-weather|none\n|-heal|p2b: Ogerpon|29\/100|[from] Grassy Terrain\n|-heal|p2a: Terapagos|94\/100|[from] Grassy Terrain\n|-heal|p2a: Terapagos|99\/100|[from] item: Leftovers\n|-heal|p1a: Indeedee|30\/100|[from] Grassy Terrain\n|upkeep\n|turn|8\n|\n|t:|1737393559\n|switch|p1a: Whimsicott|Whimsicott, L50, F|44\/100\n|move|p2b: Ogerpon|Follow Me|p2b: Ogerpon\n|-singleturn|p2b: Ogerpon|move: Follow Me\n|move|p1b: Koraidon|Flame Charge|p2b: Ogerpon\n|-damage|p2b: Ogerpon|7\/100\n|-boost|p1b: Koraidon|spe|1\n|move|p2a: Terapagos|Tera Starstorm|p1a: Whimsicott|[spread] p1a,p1b\n|-crit|p1b: Koraidon\n|-damage|p1a: Whimsicott|0 fnt\n|-damage|p1b: Koraidon|49\/100\n|faint|p1a: Whimsicott\n|\n|-heal|p1b: Koraidon|55\/100|[from] Grassy Terrain\n|-heal|p2b: Ogerpon|13\/100|[from] Grassy Terrain\n|-heal|p2a: Terapagos|100\/100|[from] Grassy Terrain\n|upkeep\n|\n|t:|1737393567\n|switch|p1a: Indeedee|Indeedee-F, L50, F|30\/100\n|-fieldstart|move: Psychic Terrain|[from] ability: Psychic Surge|[of] p1a: Indeedee\n|turn|9\n|\n|t:|1737393572\n|move|p2b: Ogerpon|Follow Me|p2b: Ogerpon\n|-singleturn|p2b: Ogerpon|move: Follow Me\n|move|p1b: Koraidon|Flame Charge|p2b: Ogerpon\n|-damage|p2b: Ogerpon|0 fnt\n|-boost|p1b: Koraidon|spe|1\n|faint|p2b: Ogerpon\n|move|p2a: Terapagos|Tera Starstorm|p1b: Koraidon|[spread] p1a,p1b\n|-crit|p1b: Koraidon\n|-damage|p1a: Indeedee|0 fnt\n|-damage|p1b: Koraidon|6\/100\n|faint|p1a: Indeedee\n|\n|upkeep\n|\n|t:|1737393577\n|switch|p2b: Rillaboom|Rillaboom, L50, F|100\/100\n|-fieldstart|move: Grassy Terrain|[from] ability: Grassy Surge|[of] p2b: Rillaboom\n|turn|10\n|-message|Jadenhess forfeited.\n|\n|win|BLiiNDProdiigy\n|raw|Jadenhess's rating: 1618 &rarr; <strong>1597<\/strong><br \/>(-21 for losing)\n|raw|BLiiNDProdiigy's rating: 1599 &rarr; <strong>1620<\/strong><br \/>(+21 for winning)\n|l|\u2606Jadenhess\n|player|p1|\n|l|\u2606BLiiNDProdiigy\n|player|p2|\n|l| DaN00biest\n","uploadtime":1737393795,"views":20,"formatid":"gen9vgc2025regg","rating":1597,"private":0,"password":null}