{"id":"gen9vgc2025regg-2284668250","format":"[Gen 9] VGC 2025 Reg G","players":["ekalsow","TonyPajamas16"],"log":"|j|\u2606ekalsow\n|j|\u2606TonyPajamas16\n|t:|1737385154\n|gametype|doubles\n|player|p1|ekalsow|gambler|1558\n|player|p2|TonyPajamas16|266|1617\n|teamsize|p1|6\n|teamsize|p2|6\n|gen|9\n|tier|[Gen 9] VGC 2025 Reg G\n|rated|\n|rule|Species Clause: Limit one of each Pok\u00e9mon\n|rule|Item Clause: Limit 1 of each item\n|clearpoke\n|poke|p1|Zamazenta-*, L50|\n|poke|p1|Sinistcha, L50|\n|poke|p1|Grimmsnarl, L50, M|\n|poke|p1|Incineroar, L50, F|\n|poke|p1|Raging Bolt, L50|\n|poke|p1|Pelipper, L50, F|\n|poke|p2|Groudon, L50|\n|poke|p2|Sableye, L50, F|\n|poke|p2|Rillaboom, L50, M|\n|poke|p2|Gouging Fire, L50|\n|poke|p2|Raging Bolt, L50|\n|poke|p2|Scream Tail, L50|\n|teampreview|4\n|c|\u2606ekalsow|glhf\n|\n|t:|1737385186\n|start\n|switch|p1a: Incineroar|Incineroar, L50, F|100\/100\n|switch|p1b: Zamazenta|Zamazenta-Crowned, L50|100\/100\n|switch|p2a: Scream Tail|Scream Tail, L50, shiny|100\/100\n|switch|p2b: Sableye|Sableye, L50, F, shiny|100\/100\n|-ability|p1b: Zamazenta|Dauntless Shield|boost\n|-boost|p1b: Zamazenta|def|1\n|-ability|p1a: Incineroar|Intimidate|boost\n|-unboost|p2a: Scream Tail|atk|1\n|-unboost|p2b: Sableye|atk|1\n|-enditem|p2a: Scream Tail|Booster Energy\n|-activate|p2a: Scream Tail|ability: Protosynthesis|[fromitem]\n|-start|p2a: Scream Tail|protosynthesisspe\n|turn|1\n|\n|t:|1737385212\n|-terastallize|p2a: Scream Tail|Ghost\n|move|p2b: Sableye|Gravity|p2b: Sableye\n|-fieldstart|move: Gravity\n|move|p2a: Scream Tail|Sing|p1b: Zamazenta\n|-status|p1b: Zamazenta|slp|[from] move: Sing\n|cant|p1b: Zamazenta|slp\n|move|p1a: Incineroar|Knock Off|p2b: Sableye\n|-damage|p2b: Sableye|60\/100\n|-enditem|p2b: Sableye|Eject Button|[from] move: Knock Off|[of] p1a: Incineroar\n|\n|upkeep\n|turn|2\n|\n|t:|1737385229\n|switch|p2b: Groudon|Groudon, L50|100\/100\n|-weather|SunnyDay|[from] ability: Drought|[of] p2b: Groudon\n|move|p2a: Scream Tail|Sing|p1a: Incineroar\n|-status|p1a: Incineroar|slp|[from] move: Sing\n|-curestatus|p1b: Zamazenta|slp|[msg]\n|move|p1b: Zamazenta|Behemoth Bash|p2a: Scream Tail\n|-damage|p2a: Scream Tail|69\/100\n|cant|p1a: Incineroar|slp\n|\n|-weather|SunnyDay|[upkeep]\n|upkeep\n|turn|3\n|\n|t:|1737385256\n|switch|p1a: Pelipper|Pelipper, L50, F|100\/100\n|-weather|RainDance|[from] ability: Drizzle|[of] p1a: Pelipper\n|move|p1b: Zamazenta|Protect|p1b: Zamazenta\n|-singleturn|p1b: Zamazenta|Protect\n|move|p2a: Scream Tail|Sing|p1b: Zamazenta\n|-activate|p1b: Zamazenta|move: Protect\n|move|p2b: Groudon|High Horsepower|p1a: Pelipper\n|-damage|p1a: Pelipper|26\/100\n|\n|-weather|RainDance|[upkeep]\n|upkeep\n|turn|4\n|\n|t:|1737385294\n|-terastallize|p1a: Pelipper|Stellar\n|move|p2a: Scream Tail|Sing|p1b: Zamazenta\n|-status|p1b: Zamazenta|slp|[from] move: Sing\n|cant|p1b: Zamazenta|slp\n|move|p1a: Pelipper|Weather Ball|p2a: Scream Tail\n|-damage|p2a: Scream Tail|3\/100\n|move|p2b: Groudon|High Horsepower|p1a: Pelipper\n|-damage|p1a: Pelipper|0 fnt\n|faint|p1a: Pelipper\n|\n|-weather|RainDance|[upkeep]\n|upkeep\n|\n|t:|1737385304\n|switch|p1a: Incineroar|Incineroar, L50, F|100\/100 slp\n|-ability|p1a: Incineroar|Intimidate|boost\n|-unboost|p2a: Scream Tail|atk|1\n|-unboost|p2b: Groudon|atk|1\n|turn|5\n|\n|t:|1737385315\n|-curestatus|p1a: Incineroar|slp|[msg]\n|move|p1a: Incineroar|Fake Out|p2b: Groudon\n|-damage|p2b: Groudon|94\/100\n|move|p2a: Scream Tail|Howl|p2a: Scream Tail|[spread] p2a,p2b\n|-boost|p2a: Scream Tail|atk|1\n|-boost|p2b: Groudon|atk|1\n|-curestatus|p1b: Zamazenta|slp|[msg]\n|move|p1b: Zamazenta|Behemoth Bash|p2a: Scream Tail\n|-damage|p2a: Scream Tail|0 fnt\n|faint|p2a: Scream Tail\n|-end|p2a: Scream Tail|Protosynthesis|[silent]\n|cant|p2b: Groudon|flinch\n|\n|-weather|RainDance|[upkeep]\n|-fieldend|move: Gravity\n|upkeep\n|\n|t:|1737385325\n|switch|p2a: Sableye|Sableye, L50, F, shiny|60\/100\n|turn|6\n|\n|t:|1737385338\n|move|p1b: Zamazenta|Protect|p1b: Zamazenta\n|-singleturn|p1b: Zamazenta|Protect\n|move|p2a: Sableye|Sunny Day|p2a: Sableye\n|-weather|SunnyDay\n|move|p2b: Groudon|Precipice Blades|p1a: Incineroar|[spread] p1a\n|-activate|p1b: Zamazenta|move: Protect\n|-supereffective|p1a: Incineroar\n|-damage|p1a: Incineroar|4\/100\n|move|p1a: Incineroar|Parting Shot|p2b: Groudon\n|-unboost|p2b: Groudon|atk|1\n|-unboost|p2b: Groudon|spa|1\n|\n|t:|1737385343\n|switch|p1a: Sinistcha|Sinistcha, L50|100\/100|[from] Parting Shot\n|\n|-weather|SunnyDay|[upkeep]\n|upkeep\n|turn|7\n|\n|t:|1737385364\n|move|p2a: Sableye|Encore|p1b: Zamazenta\n|-start|p1b: Zamazenta|Encore\n|move|p1b: Zamazenta|Protect|p1b: Zamazenta\n|-singleturn|p1b: Zamazenta|Protect\n|move|p2b: Groudon|Fire Punch|p1a: Sinistcha\n|-supereffective|p1a: Sinistcha\n|-damage|p1a: Sinistcha|44\/100\n|-damage|p2b: Groudon|77\/100|[from] item: Rocky Helmet|[of] p1a: Sinistcha\n|move|p1a: Sinistcha|Matcha Gotcha|p2b: Groudon|[spread] p2a,p2b\n|-supereffective|p2b: Groudon\n|-damage|p2a: Sableye|25\/100\n|-heal|p1a: Sinistcha|60\/100|[from] drain|[of] p2a: Sableye\n|-damage|p2b: Groudon|48\/100\n|-heal|p1a: Sinistcha|77\/100|[from] drain|[of] p2b: Groudon\n|-status|p2a: Sableye|brn\n|\n|-weather|SunnyDay|[upkeep]\n|-damage|p2a: Sableye|20\/100 brn|[from] brn\n|upkeep\n|turn|8\n|\n|t:|1737385388\n|switch|p1b: Incineroar|Incineroar, L50, F|4\/100\n|-ability|p1b: Incineroar|Intimidate|boost\n|-unboost|p2a: Sableye|atk|1\n|-unboost|p2b: Groudon|atk|1\n|switch|p2b: Raging Bolt|Raging Bolt, L50|100\/100\n|-activate|p2b: Raging Bolt|ability: Protosynthesis\n|-start|p2b: Raging Bolt|protosynthesisspa\n|move|p2a: Sableye|Disable|p1a: Sinistcha\n|-start|p1a: Sinistcha|Disable|Matcha Gotcha\n|cant|p1a: Sinistcha|Disable|Matcha Gotcha\n|\n|-weather|SunnyDay|[upkeep]\n|-damage|p2a: Sableye|14\/100 brn|[from] brn\n|upkeep\n|turn|9\n|\n|t:|1737385414\n|move|p1a: Sinistcha|Rage Powder|p1a: Sinistcha\n|-singleturn|p1a: Sinistcha|move: Rage Powder\n|move|p2a: Sableye|Encore|p1a: Sinistcha\n|-start|p1a: Sinistcha|Encore\n|move|p2b: Raging Bolt|Thunderbolt|p1b: Incineroar\n|-crit|p1b: Incineroar\n|-damage|p1b: Incineroar|0 fnt\n|faint|p1b: Incineroar\n|\n|-weather|SunnyDay|[upkeep]\n|-damage|p2a: Sableye|8\/100 brn|[from] brn\n|upkeep\n|\n|t:|1737385420\n|switch|p1b: Zamazenta|Zamazenta-Crowned, L50|100\/100\n|turn|10\n|\n|t:|1737385434\n|move|p1a: Sinistcha|Rage Powder|p1a: Sinistcha\n|-singleturn|p1a: Sinistcha|move: Rage Powder\n|move|p2a: Sableye|Gravity|p2a: Sableye\n|-fieldstart|move: Gravity\n|move|p1b: Zamazenta|Body Press|p2b: Raging Bolt\n|-damage|p2b: Raging Bolt|69\/100\n|move|p2b: Raging Bolt|Thunderbolt|p1b: Zamazenta\n|-damage|p1b: Zamazenta|63\/100\n|-status|p1b: Zamazenta|par\n|\n|-weather|none\n|-end|p2b: Raging Bolt|Protosynthesis\n|-damage|p2a: Sableye|2\/100 brn|[from] brn\n|upkeep\n|turn|11\n|\n|t:|1737385454\n|move|p1a: Sinistcha|Rage Powder|p1a: Sinistcha\n|-singleturn|p1a: Sinistcha|move: Rage Powder\n|move|p2a: Sableye|Encore||[still]\n|-fail|p2a: Sableye\n|move|p2b: Raging Bolt|Thunderbolt|p1b: Zamazenta\n|-damage|p1b: Zamazenta|34\/100 par\n|move|p1b: Zamazenta|Body Press|p2b: Raging Bolt\n|-damage|p2b: Raging Bolt|38\/100\n|\n|-damage|p2a: Sableye|0 fnt|[from] brn\n|faint|p2a: Sableye\n|-end|p1a: Sinistcha|Disable\n|upkeep\n|\n|t:|1737385463\n|switch|p2a: Groudon|Groudon, L50|48\/100\n|-weather|SunnyDay|[from] ability: Drought|[of] p2a: Groudon\n|-activate|p2b: Raging Bolt|ability: Protosynthesis\n|-start|p2b: Raging Bolt|protosynthesisspa\n|turn|12\n|\n|t:|1737385474\n|move|p1b: Zamazenta|Wide Guard|p1b: Zamazenta\n|-singleturn|p1b: Zamazenta|Wide Guard\n|move|p1a: Sinistcha|Rage Powder|p1a: Sinistcha\n|-singleturn|p1a: Sinistcha|move: Rage Powder\n|move|p2a: Groudon|Fire Punch|p1a: Sinistcha\n|-supereffective|p1a: Sinistcha\n|-damage|p1a: Sinistcha|0 fnt\n|-damage|p2a: Groudon|32\/100|[from] item: Rocky Helmet|[of] p1a: Sinistcha\n|faint|p1a: Sinistcha\n|move|p2b: Raging Bolt|Thunderbolt|p1b: Zamazenta\n|-damage|p1b: Zamazenta|0 fnt\n|faint|p1b: Zamazenta\n|\n|win|TonyPajamas16\n|raw|ekalsow's rating: 1558 &rarr; <strong>1541<\/strong><br \/>(-17 for losing)\n|raw|TonyPajamas16's rating: 1617 &rarr; <strong>1634<\/strong><br \/>(+17 for winning)\n|l|\u2606ekalsow\n|player|p1|\n|l|\u2606TonyPajamas16\n|player|p2|\n","uploadtime":1737385727,"views":12,"formatid":"gen9vgc2025regg","rating":1541,"private":0,"password":null}