{"id":"gen9vgc2025regg-2284069299","format":"[Gen 9] VGC 2025 Reg G","players":["SeaWolfMikess","AIM yon1995"],"log":"|j|\u2606SeaWolfMikess\n|j|\u2606AIM yon1995\n|t:|1737302300\n|gametype|doubles\n|player|p1|SeaWolfMikess|hugh|1632\n|player|p2|AIM yon1995|1|1713\n|teamsize|p1|6\n|teamsize|p2|6\n|gen|9\n|tier|[Gen 9] VGC 2025 Reg G\n|rated|\n|rule|Species Clause: Limit one of each Pok\u00e9mon\n|rule|Item Clause: Limit 1 of each item\n|clearpoke\n|poke|p1|Whimsicott, L50, M|\n|poke|p1|Calyrex-Shadow, L50|\n|poke|p1|Incineroar, L50, F|\n|poke|p1|Rillaboom, L50, M|\n|poke|p1|Urshifu-*, L50, M|\n|poke|p1|Landorus, L50, M|\n|poke|p2|Terapagos, L50, M|\n|poke|p2|Smeargle, L50, M|\n|poke|p2|Tornadus, L50, M|\n|poke|p2|Ogerpon-Hearthflame, L50, F|\n|poke|p2|Dondozo, L50, M|\n|poke|p2|Tatsugiri-Stretchy, L50, M|\n|teampreview|4\n|\n|t:|1737302324\n|start\n|switch|p1a: Whimsicott|Whimsicott, L50, M|100\/100\n|switch|p1b: Urshifu|Urshifu-Rapid-Strike, L50, M|100\/100\n|switch|p2a: Terapagos|Terapagos, L50, M|100\/100\n|switch|p2b: Smeargle|Smeargle, L50, M|100\/100\n|-activate|p2a: Terapagos|ability: Tera Shift\n|detailschange|p2a: Terapagos|Terapagos-Terastal, L50, M\n|-heal|p2a: Terapagos|100\/100|[silent]\n|turn|1\n|\n|t:|1737302345\n|move|p2b: Smeargle|Fake Out|p1b: Urshifu\n|-damage|p1b: Urshifu|95\/100\n|move|p1a: Whimsicott|Moonblast|p2a: Terapagos\n|-activate|p2a: Terapagos|ability: Tera Shell\n|-resisted|p2a: Terapagos\n|-damage|p2a: Terapagos|88\/100\n|cant|p1b: Urshifu|flinch\n|move|p2a: Terapagos|Tera Starstorm|p1b: Urshifu\n|-damage|p1b: Urshifu|0 fnt\n|faint|p1b: Urshifu\n|\n|-ability|p2b: Smeargle|Moody|boost\n|-boost|p2b: Smeargle|def|2\n|-unboost|p2b: Smeargle|spd|1\n|upkeep\n|\n|t:|1737302352\n|switch|p1b: Calyrex|Calyrex-Shadow, L50|100\/100\n|-ability|p1b: Calyrex|As One\n|-ability|p1b: Calyrex|Unnerve\n|turn|2\n|\n|t:|1737302373\n|-terastallize|p2a: Terapagos|Stellar\n|detailschange|p2a: Terapagos|Terapagos-Stellar, L50, M, tera:Stellar\n|-heal|p2a: Terapagos|91\/100|[silent]\n|move|p2b: Smeargle|Follow Me|p2b: Smeargle\n|-singleturn|p2b: Smeargle|move: Follow Me\n|move|p1a: Whimsicott|Encore|p2b: Smeargle\n|-start|p2b: Smeargle|Encore\n|move|p1b: Calyrex|Nasty Plot|p1b: Calyrex\n|-boost|p1b: Calyrex|spa|2\n|move|p2a: Terapagos|Tera Starstorm|p1b: Calyrex|[spread] p1a,p1b\n|-damage|p1a: Whimsicott|32\/100\n|-damage|p1b: Calyrex|39\/100\n|\n|-ability|p2b: Smeargle|Moody|boost\n|-boost|p2b: Smeargle|spd|2\n|-unboost|p2b: Smeargle|spe|1\n|upkeep\n|turn|3\n|\n|t:|1737302389\n|move|p1b: Calyrex|Protect|p1b: Calyrex\n|-singleturn|p1b: Calyrex|Protect\n|move|p2b: Smeargle|Follow Me|p2b: Smeargle\n|-singleturn|p2b: Smeargle|move: Follow Me\n|move|p1a: Whimsicott|Light Screen|p1a: Whimsicott\n|-sidestart|p1: SeaWolfMikess|move: Light Screen\n|move|p2a: Terapagos|Tera Starstorm|p1b: Calyrex|[spread] p1a\n|-activate|p1b: Calyrex|move: Protect\n|-damage|p1a: Whimsicott|0 fnt\n|faint|p1a: Whimsicott\n|\n|-ability|p2b: Smeargle|Moody|boost\n|-boost|p2b: Smeargle|spe|2\n|-unboost|p2b: Smeargle|spd|1\n|upkeep\n|\n|t:|1737302391\n|switch|p1a: Landorus|Landorus, L50, M|100\/100\n|turn|4\n|\n|t:|1737302405\n|move|p2b: Smeargle|Follow Me|p2b: Smeargle\n|-singleturn|p2b: Smeargle|move: Follow Me\n|move|p1b: Calyrex|Psyshock|p2b: Smeargle\n|-crit|p2b: Smeargle\n|-enditem|p2b: Smeargle|Focus Sash\n|-damage|p2b: Smeargle|1\/100\n|move|p1a: Landorus|Earth Power|p2b: Smeargle\n|-damage|p2b: Smeargle|0 fnt\n|faint|p2b: Smeargle\n|move|p2a: Terapagos|Tera Starstorm|p1a: Landorus|[spread] p1a,p1b\n|-damage|p1a: Landorus|52\/100\n|-damage|p1b: Calyrex|0 fnt\n|faint|p1b: Calyrex\n|\n|upkeep\n|\n|t:|1737302418\n|switch|p2b: Tornadus|Tornadus, L50, M|100\/100\n|turn|5\n|-message|SeaWolfMikess forfeited.\n|\n|win|AIM yon1995\n|raw|SeaWolfMikess's rating: 1632 &rarr; <strong>1617<\/strong><br \/>(-15 for losing)\n|raw|AIM yon1995's rating: 1713 &rarr; <strong>1728<\/strong><br \/>(+15 for winning)\n|l|\u2606SeaWolfMikess\n|player|p1|\n|l|\u2606AIM yon1995\n|player|p2|\n","uploadtime":1737302639,"views":45,"formatid":"gen9vgc2025regg","rating":1617,"private":0,"password":null}