{"id":"gen9vgc2025regg-2284469146","format":"[Gen 9] VGC 2025 Reg G","players":["navinsachump","TonyPajamas16"],"log":"|j|\u2606navinsachump\n|j|\u2606TonyPajamas16\n|t:|1737351818\n|gametype|doubles\n|player|p1|navinsachump|265|1553\n|player|p2|TonyPajamas16|2|1530\n|teamsize|p1|6\n|teamsize|p2|6\n|gen|9\n|tier|[Gen 9] VGC 2025 Reg G\n|rated|\n|rule|Species Clause: Limit one of each Pok\u00e9mon\n|rule|Item Clause: Limit 1 of each item\n|clearpoke\n|poke|p1|Miraidon, L50|\n|poke|p1|Whimsicott, L50, M|\n|poke|p1|Iron Leaves, L50|\n|poke|p1|Urshifu-*, L50, M|\n|poke|p1|Incineroar, L50, F|\n|poke|p1|Iron Hands, L50|\n|poke|p2|Groudon, L50|\n|poke|p2|Sableye, L50, F|\n|poke|p2|Rillaboom, L50, F|\n|poke|p2|Gouging Fire, L50|\n|poke|p2|Raging Bolt, L50|\n|poke|p2|Scream Tail, L50|\n|teampreview|4\n|inactive|Battle timer is ON: inactive players will automatically lose when time's up. (requested by navinsachump)\n|\n|t:|1737351848\n|start\n|switch|p1a: Miraidon|Miraidon, L50|100\/100\n|switch|p1b: Incineroar|Incineroar, L50, F|100\/100\n|switch|p2a: Scream Tail|Scream Tail, L50, shiny|100\/100\n|switch|p2b: Groudon|Groudon, L50|100\/100\n|-fieldstart|move: Electric Terrain|[from] ability: Hadron Engine|[of] p1a: Miraidon\n|-weather|SunnyDay|[from] ability: Drought|[of] p2b: Groudon\n|-activate|p2a: Scream Tail|ability: Protosynthesis\n|-start|p2a: Scream Tail|protosynthesisspe\n|-ability|p1b: Incineroar|Intimidate|boost\n|-unboost|p2a: Scream Tail|atk|1\n|-unboost|p2b: Groudon|atk|1\n|turn|1\n|\n|t:|1737351871\n|-end|p2a: Scream Tail|Protosynthesis|[silent]\n|switch|p2a: Curveball|Rillaboom, L50, F|100\/100\n|-fieldstart|move: Grassy Terrain|[from] ability: Grassy Surge|[of] p2a: Curveball\n|switch|p1a: Iron Leaves|Iron Leaves, L50|100\/100\n|move|p1b: Incineroar|Fake Out|p2b: Groudon\n|-damage|p2b: Groudon|91\/100\n|cant|p2b: Groudon|flinch\n|\n|-weather|SunnyDay|[upkeep]\n|-heal|p2b: Groudon|97\/100|[from] Grassy Terrain\n|upkeep\n|turn|2\n|inactive|navinsachump has 30 seconds left.\n|inactive|TonyPajamas16 has 30 seconds left.\n|inactive|navinsachump has 20 seconds left.\n|\n|t:|1737351906\n|switch|p2b: Gouging Fire|Gouging Fire, L50|100\/100\n|-activate|p2b: Gouging Fire|ability: Protosynthesis\n|-start|p2b: Gouging Fire|protosynthesisspe\n|-terastallize|p1a: Iron Leaves|Normal\n|move|p1a: Iron Leaves|Megahorn|p2a: Curveball\n|-supereffective|p2a: Curveball\n|-damage|p2a: Curveball|0 fnt\n|faint|p2a: Curveball\n|-damage|p1a: Iron Leaves|91\/100|[from] item: Life Orb\n|move|p1b: Incineroar|Flare Blitz|p2b: Gouging Fire\n|-resisted|p2b: Gouging Fire\n|-damage|p2b: Gouging Fire|83\/100\n|-damage|p1b: Incineroar|95\/100|[from] Recoil\n|\n|-weather|SunnyDay|[upkeep]\n|-heal|p2b: Gouging Fire|88\/100|[from] Grassy Terrain\n|-heal|p1a: Iron Leaves|97\/100|[from] Grassy Terrain\n|-heal|p1b: Incineroar|100\/100|[from] Grassy Terrain\n|upkeep\n|inactive|TonyPajamas16 has 30 seconds left.\n|\n|t:|1737351933\n|switch|p2a: Scream Tail|Scream Tail, L50, shiny|100\/100\n|-activate|p2a: Scream Tail|ability: Protosynthesis\n|-start|p2a: Scream Tail|protosynthesisspe\n|turn|3\n|inactive|navinsachump has 30 seconds left.\n|\n|t:|1737351965\n|move|p1a: Iron Leaves|Protect|p1a: Iron Leaves\n|-singleturn|p1a: Iron Leaves|Protect\n|move|p2a: Scream Tail|Howl|p2a: Scream Tail|[spread] p2a,p2b\n|-boost|p2a: Scream Tail|atk|1\n|-boost|p2b: Gouging Fire|atk|1\n|move|p2b: Gouging Fire|Breaking Swipe|p1b: Incineroar|[spread] p1b\n|-activate|p1a: Iron Leaves|move: Protect\n|-damage|p1b: Incineroar|71\/100\n|-unboost|p1b: Incineroar|atk|1\n|move|p1b: Incineroar|Knock Off|p2b: Gouging Fire\n|-damage|p2b: Gouging Fire|62\/100\n|-enditem|p2b: Gouging Fire|Clear Amulet|[from] move: Knock Off|[of] p1b: Incineroar\n|\n|-weather|SunnyDay|[upkeep]\n|-heal|p2b: Gouging Fire|68\/100|[from] Grassy Terrain\n|-heal|p1a: Iron Leaves|100\/100|[from] Grassy Terrain\n|-heal|p1b: Incineroar|77\/100|[from] Grassy Terrain\n|upkeep\n|turn|4\n|inactive|navinsachump has 30 seconds left.\n|inactive|TonyPajamas16 has 30 seconds left.\n|\n|t:|1737351998\n|switch|p1b: Miraidon|Miraidon, L50|100\/100\n|-fieldstart|move: Electric Terrain|[from] ability: Hadron Engine|[of] p1b: Miraidon\n|-activate|p1a: Iron Leaves|ability: Quark Drive\n|-start|p1a: Iron Leaves|quarkdrivespe\n|move|p2a: Scream Tail|Play Rough|p1b: Miraidon\n|-supereffective|p1b: Miraidon\n|-damage|p1b: Miraidon|36\/100\n|move|p1a: Iron Leaves|Psyblade|p2b: Gouging Fire\n|-damage|p2b: Gouging Fire|4\/100\n|-damage|p1a: Iron Leaves|91\/100|[from] item: Life Orb\n|move|p2b: Gouging Fire|Flare Blitz|p1a: Iron Leaves\n|-damage|p1a: Iron Leaves|0 fnt\n|faint|p1a: Iron Leaves\n|-end|p1a: Iron Leaves|Quark Drive|[silent]\n|-damage|p2b: Gouging Fire|0 fnt|[from] Recoil\n|faint|p2b: Gouging Fire\n|-end|p2b: Gouging Fire|Protosynthesis|[silent]\n|\n|-weather|SunnyDay|[upkeep]\n|upkeep\n|inactive|navinsachump has 30 seconds left.\n|\n|t:|1737352027\n|switch|p1a: Whimsicott|Whimsicott, L50, M|100\/100\n|switch|p2b: Groudon|Groudon, L50|97\/100\n|turn|5\n|\n|t:|1737352044\n|switch|p1b: Incineroar|Incineroar, L50, F|77\/100\n|-ability|p1b: Incineroar|Intimidate|boost\n|-unboost|p2a: Scream Tail|atk|1\n|-unboost|p2b: Groudon|atk|1\n|move|p2a: Scream Tail|Ice Punch|p1b: Incineroar\n|-resisted|p1b: Incineroar\n|-damage|p1b: Incineroar|71\/100\n|move|p1a: Whimsicott|Moonblast|p2a: Scream Tail\n|-damage|p2a: Scream Tail|80\/100\n|move|p2b: Groudon|Precipice Blades|p1a: Whimsicott|[spread] p1a,p1b\n|-resisted|p1a: Whimsicott\n|-supereffective|p1b: Incineroar\n|-damage|p1a: Whimsicott|79\/100\n|-damage|p1b: Incineroar|2\/100\n|\n|-weather|none\n|-end|p2a: Scream Tail|Protosynthesis\n|upkeep\n|-enditem|p2a: Scream Tail|Booster Energy\n|-activate|p2a: Scream Tail|ability: Protosynthesis|[fromitem]\n|-start|p2a: Scream Tail|protosynthesisspe\n|turn|6\n|inactive|navinsachump has 30 seconds left.\n|inactive|TonyPajamas16 has 30 seconds left.\n|inactive|navinsachump has 20 seconds left.\n|inactive|TonyPajamas16 has 20 seconds left.\n|\n|t:|1737352083\n|-terastallize|p2a: Scream Tail|Ghost\n|move|p1b: Incineroar|Fake Out|p2b: Groudon\n|-crit|p2b: Groudon\n|-damage|p2b: Groudon|84\/100\n|move|p1a: Whimsicott|Tailwind|p1a: Whimsicott\n|-sidestart|p1: navinsachump|move: Tailwind\n|move|p2a: Scream Tail|Ice Punch|p1a: Whimsicott\n|-supereffective|p1a: Whimsicott\n|-damage|p1a: Whimsicott|49\/100\n|cant|p2b: Groudon|flinch\n|\n|upkeep\n|turn|7\n|inactive|navinsachump has 30 seconds left.\n|inactive|TonyPajamas16 has 30 seconds left.\n|inactive|navinsachump has 20 seconds left.\n|inactive|navinsachump has 15 seconds left.\n|inactive|TonyPajamas16 has 20 seconds left.\n|inactive|navinsachump has 10 seconds left.\n|inactive|TonyPajamas16 has 15 seconds left.\n|inactive|navinsachump has 5 seconds left.\n|inactive|TonyPajamas16 has 10 seconds left.\n|\n|t:|1737352136\n|move|p1a: Whimsicott|Moonblast|p2a: Scream Tail\n|-damage|p2a: Scream Tail|61\/100\n|-unboost|p2a: Scream Tail|spa|1\n|move|p2a: Scream Tail|Ice Punch|p1b: Incineroar\n|-resisted|p1b: Incineroar\n|-damage|p1b: Incineroar|0 fnt\n|faint|p1b: Incineroar\n|move|p2b: Groudon|Fire Punch|p1a: Whimsicott\n|-supereffective|p1a: Whimsicott\n|-damage|p1a: Whimsicott|0 fnt\n|faint|p1a: Whimsicott\n|\n|upkeep\n|\n|t:|1737352144\n|switch|p1b: Miraidon|Miraidon, L50|36\/100\n|-activate|p1b: Miraidon|ability: Hadron Engine\n|turn|8\n|\n|t:|1737352161\n|move|p1b: Miraidon|Draco Meteor|p2b: Groudon\n|-damage|p2b: Groudon|0 fnt\n|-unboost|p1b: Miraidon|spa|2\n|faint|p2b: Groudon\n|move|p2a: Scream Tail|Play Rough|p1b: Miraidon\n|-supereffective|p1b: Miraidon\n|-damage|p1b: Miraidon|0 fnt\n|faint|p1b: Miraidon\n|\n|win|TonyPajamas16\n|raw|navinsachump's rating: 1553 &rarr; <strong>1532<\/strong><br \/>(-21 for losing)\n|raw|TonyPajamas16's rating: 1530 &rarr; <strong>1551<\/strong><br \/>(+21 for winning)\n|l|\u2606navinsachump\n|player|p1|\n|l|\u2606TonyPajamas16\n|player|p2|\n","uploadtime":1737352329,"views":9,"formatid":"gen9vgc2025regg","rating":1532,"private":0,"password":null}