{"id":"gen9vgc2025regg-2284413997","format":"[Gen 9] VGC 2025 Reg G","players":["SuperOinge22","nudibranch lover"],"log":"|j|\u2606SuperOinge22\n|j|\u2606nudibranch lover\n|t:|1737343536\n|gametype|doubles\n|player|p1|SuperOinge22|102|1593\n|player|p2|nudibranch lover|marley|1552\n|teamsize|p1|6\n|teamsize|p2|6\n|gen|9\n|tier|[Gen 9] VGC 2025 Reg G\n|rated|\n|rule|Species Clause: Limit one of each Pok\u00e9mon\n|rule|Item Clause: Limit 1 of each item\n|clearpoke\n|poke|p1|Necrozma-Dawn-Wings, L50|\n|poke|p1|Indeedee-F, L50, F|\n|poke|p1|Whimsicott, L50, M|\n|poke|p1|Ursaluna, L50, M|\n|poke|p1|Urshifu-*, L50, M|\n|poke|p1|Chi-Yu, L50|\n|poke|p2|Miraidon, L50|\n|poke|p2|Whimsicott, L50, F|\n|poke|p2|Urshifu-*, L50, M|\n|poke|p2|Ogerpon-Hearthflame, L50, F|\n|poke|p2|Farigiraf, L50, M|\n|poke|p2|Iron Hands, L50|\n|teampreview|4\nnudibranch lover has agreed to open team sheets.\n|\n|t:|1737343573\n|start\n|switch|p1a: Whimsicott|Whimsicott, L50, M|100\/100\n|switch|p1b: Necrozma|Necrozma-Dawn-Wings, L50|100\/100\n|switch|p2a: Ogerpon|Ogerpon-Hearthflame, L50, F|100\/100\n|switch|p2b: Iron Hands|Iron Hands, L50|100\/100\n|-ability|p2a: Ogerpon|Mold Breaker\n|turn|1\n|j| WinsUp?\n|inactive|Battle timer is ON: inactive players will automatically lose when time's up. (requested by SuperOinge22)\n|\n|t:|1737343613\n|switch|p1a: Ursaluna|Ursaluna, L50, M|100\/100\n|move|p2a: Ogerpon|Spiky Shield|p2a: Ogerpon\n|-singleturn|p2a: Ogerpon|move: Protect\n|move|p1b: Necrozma|Meteor Beam||[still]\n|-prepare|p1b: Necrozma|Meteor Beam\n|-boost|p1b: Necrozma|spa|1\n|-enditem|p1b: Necrozma|Power Herb\n|-anim|p1b: Necrozma|Meteor Beam|p2a: Ogerpon\n|-activate|p2a: Ogerpon|move: Protect\n|move|p2b: Iron Hands|Wild Charge|p1b: Necrozma\n|-damage|p1b: Necrozma|49\/100\n|-damage|p2b: Iron Hands|91\/100|[from] Recoil\n|\n|-status|p1a: Ursaluna|brn|[from] item: Flame Orb\n|upkeep\n|turn|2\n|inactive|SuperOinge22 has 30 seconds left.\n|\n|t:|1737343643\n|move|p2a: Ogerpon|Wood Hammer|p1b: Necrozma\n|-damage|p1b: Necrozma|0 fnt\n|faint|p1b: Necrozma\n|-damage|p2a: Ogerpon|84\/100|[from] Recoil\n|move|p1a: Ursaluna|Earthquake|p2a: Ogerpon|[spread] p2a,p2b\n|-supereffective|p2b: Iron Hands\n|-damage|p2a: Ogerpon|17\/100\n|-damage|p2b: Iron Hands|0 fnt\n|faint|p2b: Iron Hands\n|-end|p2b: Iron Hands|Quark Drive|[silent]\n|\n|-damage|p1a: Ursaluna|94\/100 brn|[from] brn\n|upkeep\n|\n|t:|1737343656\n|switch|p1b: Indeedee|Indeedee-F, L50, F|100\/100\n|switch|p2b: Farigiraf|Farigiraf, L50, M|100\/100\n|-fieldstart|move: Psychic Terrain|[from] ability: Psychic Surge|[of] p1b: Indeedee\n|-enditem|p1b: Indeedee|Psychic Seed\n|-boost|p1b: Indeedee|spd|1|[from] item: Psychic Seed\n|turn|3\n|inactive|nudibranch lover has 30 seconds left.\n|j| zzz1994000\n|l| zzz1994000\n|inactive|SuperOinge22 has 30 seconds left.\n|\n|t:|1737343689\n|move|p2b: Farigiraf|Helping Hand|p2a: Ogerpon\n|-singleturn|p2a: Ogerpon|Helping Hand|[of] p2b: Farigiraf\n|move|p1b: Indeedee|Follow Me|p1b: Indeedee\n|-singleturn|p1b: Indeedee|move: Follow Me\n|move|p2a: Ogerpon|Wood Hammer|p1b: Indeedee\n|-damage|p1b: Indeedee|12\/100\n|-damage|p2a: Ogerpon|0 fnt|[from] Recoil\n|faint|p2a: Ogerpon\n|move|p1a: Ursaluna|Facade|p2b: Farigiraf\n|-crit|p2b: Farigiraf\n|-damage|p2b: Farigiraf|0 fnt\n|faint|p2b: Farigiraf\n|\n|-damage|p1a: Ursaluna|88\/100 brn|[from] brn\n|upkeep\n|\n|t:|1737343695\n|switch|p2b: Miraidon|Miraidon, L50|100\/100\n|-fieldstart|move: Electric Terrain|[from] ability: Hadron Engine|[of] p2b: Miraidon\n|turn|4\n|\n|t:|1737343700\n|-terastallize|p2b: Miraidon|Fairy\n|move|p1a: Ursaluna|Protect|p1a: Ursaluna\n|-singleturn|p1a: Ursaluna|Protect\n|move|p2b: Miraidon|Dazzling Gleam|p1a: Ursaluna|[spread] p1b\n|-activate|p1a: Ursaluna|move: Protect\n|-damage|p1b: Indeedee|0 fnt\n|faint|p1b: Indeedee\n|\n|-damage|p1a: Ursaluna|82\/100 brn|[from] brn\n|upkeep\n|\n|t:|1737343706\n|switch|p1b: Whimsicott|Whimsicott, L50, M|100\/100\n|turn|5\n|\n|t:|1737343713\n|move|p2b: Miraidon|Dazzling Gleam|p1a: Ursaluna|[spread] p1a,p1b\n|-damage|p1a: Ursaluna|13\/100 brn\n|-enditem|p1b: Whimsicott|Focus Sash\n|-damage|p1b: Whimsicott|1\/100\n|move|p1b: Whimsicott|Moonblast|p2b: Miraidon\n|-damage|p2b: Miraidon|67\/100\n|move|p1a: Ursaluna|Facade|p2b: Miraidon\n|-damage|p2b: Miraidon|0 fnt\n|faint|p2b: Miraidon\n|\n|win|SuperOinge22\n|raw|SuperOinge22's rating: 1593 &rarr; <strong>1611<\/strong><br \/>(+18 for winning)\n|raw|nudibranch lover's rating: 1552 &rarr; <strong>1534<\/strong><br \/>(-18 for losing)\n|l|\u2606nudibranch lover\n|player|p2|\n|l|\u2606SuperOinge22\n|player|p1|\n","uploadtime":1737343949,"views":10,"formatid":"gen9vgc2025regg","rating":1534,"private":0,"password":null}