{"id":"gen9vgc2025regg-2284794647","format":"[Gen 9] VGC 2025 Reg G","players":["Slackermaru","chorizogrande"],"log":"|j|\u2606Slackermaru\n|j|\u2606chorizogrande\n|t:|1737398978\n|gametype|doubles\n|player|p1|Slackermaru|workerice|1543\n|player|p2|chorizogrande|n|1569\n|teamsize|p1|6\n|teamsize|p2|6\n|gen|9\n|tier|[Gen 9] VGC 2025 Reg G\n|rated|\n|rule|Species Clause: Limit one of each Pok\u00e9mon\n|rule|Item Clause: Limit 1 of each item\n|clearpoke\n|poke|p1|Calyrex-Ice, L50|\n|poke|p1|Raging Bolt, L50|\n|poke|p1|Urshifu-*, L50, F|\n|poke|p1|Landorus, L50, M|\n|poke|p1|Incineroar, L50, F|\n|poke|p1|Amoonguss, L50, F|\n|poke|p2|Groudon, L50|\n|poke|p2|Bronzong, L50|\n|poke|p2|Sableye, L50, M|\n|poke|p2|Whimsicott, L50, F|\n|poke|p2|Urshifu-*, L50, F|\n|poke|p2|Ogerpon-Hearthflame, L50, F|\n|teampreview|4\n|j| SuN0nPls\n|\n|t:|1737399041\n|start\n|switch|p1a: Raging Bolt|Raging Bolt, L50|100\/100\n|switch|p1b: Landorus|Landorus, L50, M|100\/100\n|switch|p2a: Sableye|Sableye, L50, M|100\/100\n|switch|p2b: Groudon|Groudon, L50|100\/100\n|-weather|SunnyDay|[from] ability: Drought|[of] p2b: Groudon\n|-activate|p1a: Raging Bolt|ability: Protosynthesis\n|-start|p1a: Raging Bolt|protosynthesisspa\n|turn|1\n|\n|t:|1737399066\n|-terastallize|p1a: Raging Bolt|Fairy\n|move|p2b: Groudon|Protect|p2b: Groudon\n|-singleturn|p2b: Groudon|Protect\n|move|p2a: Sableye|Light Screen|p2a: Sableye\n|-sidestart|p2: chorizogrande|move: Light Screen\n|move|p1b: Landorus|Sandsear Storm|p2b: Groudon|[spread] p2a\n|-activate|p2b: Groudon|move: Protect\n|-damage|p2a: Sableye|57\/100\n|move|p1a: Raging Bolt|Dragon Pulse|p2b: Groudon\n|-activate|p2b: Groudon|move: Protect\n|\n|-weather|SunnyDay|[upkeep]\n|upkeep\n|turn|2\n|\n|t:|1737399086\n|switch|p1b: Incineroar|Incineroar, L50, F|100\/100\n|-ability|p1b: Incineroar|Intimidate|boost\n|-unboost|p2a: Sableye|atk|1\n|-fail|p2b: Groudon|unboost|[from] item: Clear Amulet|[of] p2b: Groudon\n|move|p2a: Sableye|Gravity|p2a: Sableye\n|-fieldstart|move: Gravity\n|move|p2b: Groudon|Precipice Blades|p1a: Raging Bolt|[spread] p1a,p1b\n|-supereffective|p1b: Incineroar\n|-damage|p1a: Raging Bolt|60\/100\n|-damage|p1b: Incineroar|0 fnt\n|faint|p1b: Incineroar\n|move|p1a: Raging Bolt|Dragon Pulse|p2b: Groudon\n|-damage|p2b: Groudon|64\/100\n|\n|-weather|SunnyDay|[upkeep]\n|upkeep\n|\n|t:|1737399101\n|switch|p1b: Landorus|Landorus, L50, M|100\/100\n|turn|3\n|\n|t:|1737399110\n|move|p2b: Groudon|Protect|p2b: Groudon\n|-singleturn|p2b: Groudon|Protect\n|move|p2a: Sableye|Reflect|p2a: Sableye\n|-sidestart|p2: chorizogrande|Reflect\n|move|p1b: Landorus|Sandsear Storm|p2a: Sableye|[spread] p2a\n|-activate|p2b: Groudon|move: Protect\n|-damage|p2a: Sableye|16\/100\n|move|p1a: Raging Bolt|Dragon Pulse|p2b: Groudon\n|-activate|p2b: Groudon|move: Protect\n|\n|-weather|SunnyDay|[upkeep]\n|upkeep\n|turn|4\n|\n|t:|1737399126\n|switch|p2b: Bronzong|Bronzong, L50|100\/100\n|move|p2a: Sableye|Will-O-Wisp|p1b: Landorus\n|-status|p1b: Landorus|brn\n|move|p1b: Landorus|Sandsear Storm|p2a: Sableye|[spread] p2a,p2b\n|-supereffective|p2b: Bronzong\n|-damage|p2a: Sableye|0 fnt\n|-damage|p2b: Bronzong|42\/100\n|faint|p2a: Sableye\n|move|p1a: Raging Bolt|Dragon Pulse|p2b: Bronzong\n|-resisted|p2b: Bronzong\n|-damage|p2b: Bronzong|26\/100\n|\n|-weather|SunnyDay|[upkeep]\n|-damage|p1b: Landorus|94\/100 brn|[from] brn\n|upkeep\n|\n|t:|1737399144\n|switch|p2a: Groudon|Groudon, L50|64\/100\n|turn|5\n|\n|t:|1737399155\n|move|p1b: Landorus|Sandsear Storm|p2b: Bronzong|[spread] p2a,p2b\n|-supereffective|p2b: Bronzong\n|-damage|p2a: Groudon|29\/100\n|-damage|p2b: Bronzong|0 fnt\n|faint|p2b: Bronzong\n|move|p2a: Groudon|Precipice Blades|p1a: Raging Bolt|[spread] p1a,p1b\n|-damage|p1a: Raging Bolt|17\/100\n|-damage|p1b: Landorus|25\/100 brn\n|move|p1a: Raging Bolt|Dragon Pulse|p2a: Groudon\n|-damage|p2a: Groudon|0 fnt\n|faint|p2a: Groudon\n|\n|-weather|none\n|-end|p1a: Raging Bolt|Protosynthesis\n|-damage|p1b: Landorus|19\/100 brn|[from] brn\n|upkeep\n|\n|t:|1737399168\n|switch|p2b: Urshifu|Urshifu, L50, F|100\/100\n|turn|6\n|\n|t:|1737399195\n|move|p1b: Landorus|Sandsear Storm|p2b: Urshifu\n|-damage|p2b: Urshifu|38\/100\n|move|p2b: Urshifu|Wicked Blow|p1a: Raging Bolt\n|-resisted|p1a: Raging Bolt\n|-crit|p1a: Raging Bolt\n|-damage|p1a: Raging Bolt|0 fnt\n|faint|p1a: Raging Bolt\n|-end|p1a: Raging Bolt|Protosynthesis|[silent]\n|\n|-damage|p1b: Landorus|13\/100 brn|[from] brn\n|-fieldend|move: Gravity\n|upkeep\n|\n|t:|1737399204\n|switch|p1a: Urshifu|Urshifu, L50, F|100\/100\n|turn|7\n|\n|t:|1737399213\n|-terastallize|p2b: Urshifu|Ghost\n|move|p1b: Landorus|Sandsear Storm|p2b: Urshifu\n|-damage|p2b: Urshifu|0 fnt\n|faint|p2b: Urshifu\n|\n|win|Slackermaru\n|raw|Slackermaru's rating: 1543 &rarr; <strong>1564<\/strong><br \/>(+21 for winning)\n|raw|chorizogrande's rating: 1569 &rarr; <strong>1548<\/strong><br \/>(-21 for losing)\n|l|\u2606chorizogrande\n|player|p2|\n|l| SuN0nPls\n|l|\u2606Slackermaru\n|player|p1|\n","uploadtime":1737399414,"views":11,"formatid":"gen9vgc2025regg","rating":1548,"private":0,"password":null}