{"id":"gen9vgc2025regg-2284653084","format":"[Gen 9] VGC 2025 Reg G","players":["californiaicicle","Giestgreninja"],"log":"|j|\u2606californiaicicle\n|j|\u2606Giestgreninja\n|t:|1737383248\n|gametype|doubles\n|player|p1|californiaicicle|102|1537\n|player|p2|Giestgreninja|169|1590\n|teamsize|p1|6\n|teamsize|p2|6\n|gen|9\n|tier|[Gen 9] VGC 2025 Reg G\n|rated|\n|rule|Species Clause: Limit one of each Pok\u00e9mon\n|rule|Item Clause: Limit 1 of each item\n|clearpoke\n|poke|p1|Whimsicott, L50, M|\n|poke|p1|Incineroar, L50, F|\n|poke|p1|Miraidon, L50|\n|poke|p1|Ursaluna-Bloodmoon, L50, M|\n|poke|p1|Farigiraf, L50, F|\n|poke|p1|Ditto, L50|\n|poke|p2|Calyrex-Shadow, L50|\n|poke|p2|Dondozo, L50, F|\n|poke|p2|Weezing-Galar, L50, M|\n|poke|p2|Tatsugiri-Droopy, L50, F|\n|poke|p2|Roaring Moon, L50|\n|poke|p2|Ogerpon-Hearthflame, L50, F|\n|teampreview|4\n|j| valquirias\n|inactive|Battle timer is ON: inactive players will automatically lose when time's up. (requested by californiaicicle)\n|\n|t:|1737383288\n|start\n|switch|p1a: Farigiraf|Farigiraf, L50, F|100\/100\n|switch|p1b: Miraidon|Miraidon, L50|100\/100\n|switch|p2a: tushima|Calyrex-Shadow, L50|100\/100\n|switch|p2b: honkai|Weezing-Galar, L50, M|100\/100\n|-ability|p2a: tushima|As One\n|-ability|p2a: tushima|Unnerve\n|-ability|p2b: honkai|Neutralizing Gas\n|turn|1\n|inactive|californiaicicle has 30 seconds left.\n|inactive|Giestgreninja has 30 seconds left.\n|inactive|Giestgreninja has 20 seconds left.\n|inactive|Giestgreninja has 15 seconds left.\n|inactive|Giestgreninja has 10 seconds left.\n|\n|t:|1737383333\n|-terastallize|p1b: Miraidon|Electric\n|move|p1a: Farigiraf|Helping Hand|p1b: Miraidon\n|-singleturn|p1b: Miraidon|Helping Hand|[of] p1a: Farigiraf\n|move|p2a: tushima|Astral Barrage|p1a: Farigiraf|[spread] p1b\n|-immune|p1a: Farigiraf\n|-damage|p1b: Miraidon|32\/100\n|move|p1b: Miraidon|Discharge|p2a: tushima|[spread] p1a,p2a,p2b\n|-damage|p1a: Farigiraf|5\/100\n|-damage|p2a: tushima|0 fnt\n|-damage|p2b: honkai|0 fnt\n|faint|p2a: tushima\n|faint|p2b: honkai\n|-end|p2b: honkai|ability: Neutralizing Gas\n|-fieldstart|move: Electric Terrain|[from] ability: Hadron Engine|[of] p1b: Miraidon\n|-enditem|p1a: Farigiraf|Electric Seed\n|-boost|p1a: Farigiraf|def|1|[from] item: Electric Seed\n|\n|upkeep\n|\n|t:|1737383353\n|switch|p2a: subnautica|Dondozo, L50, F|100\/100\n|switch|p2b: pikmin|Tatsugiri-Droopy, L50, F|100\/100\n|-activate|p2b: pikmin|ability: Commander|[of] p2a: subnautica\n|-boost|p2a: subnautica|atk|2\n|-boost|p2a: subnautica|spa|2\n|-boost|p2a: subnautica|spe|2\n|-boost|p2a: subnautica|def|2\n|-boost|p2a: subnautica|spd|2\n|turn|2\n|\n|t:|1737383364\n|switch|p1b: Ditto|Ditto, L50|100\/100\n|-transform|p1b: Ditto|p2a: subnautica|[from] ability: Imposter\n|-terastallize|p2a: subnautica|Grass\n|move|p2a: subnautica|Earthquake|p1b: Ditto|[spread] p1a,p1b\n|-miss|p2a: subnautica|p2b: pikmin\n|-damage|p1a: Farigiraf|0 fnt\n|-damage|p1b: Ditto|86\/100\n|faint|p1a: Farigiraf\n|\n|upkeep\n|\n|t:|1737383380\n|switch|p1a: Incineroar|Incineroar, L50, F|100\/100\n|-ability|p1a: Incineroar|Intimidate|boost\n|-unboost|p2a: subnautica|atk|1\n|-unboost|p2b: pikmin|atk|1\n|turn|3\n|\n|t:|1737383404\n|move|p2a: subnautica|Protect|p2a: subnautica\n|-singleturn|p2a: subnautica|Protect\n|move|p1a: Incineroar|Fake Out|p2a: subnautica\n|-activate|p2a: subnautica|move: Protect\n|move|p1b: Ditto|Order Up|p2a: subnautica\n|-activate|p2a: subnautica|move: Protect\n|\n|upkeep\n|turn|4\n|\n|t:|1737383414\n|move|p1b: Ditto|Order Up|p2a: subnautica\n|-damage|p2a: subnautica|91\/100\n|move|p2a: subnautica|Body Press|p1a: Incineroar\n|-supereffective|p1a: Incineroar\n|-damage|p1a: Incineroar|21\/100\n|move|p1a: Incineroar|U-turn|p2a: subnautica\n|-supereffective|p2a: subnautica\n|-damage|p2a: subnautica|80\/100\n|\n|t:|1737383423\n|switch|p1a: Miraidon|Miraidon, L50, tera:Electric|32\/100|[from] U-turn\n|-activate|p1a: Miraidon|ability: Hadron Engine\n|\n|-heal|p2a: subnautica|86\/100|[from] item: Leftovers\n|upkeep\n|turn|5\n|\n|t:|1737383438\n|move|p1b: Ditto|Order Up|p2a: subnautica\n|-damage|p2a: subnautica|76\/100\n|move|p1a: Miraidon|Volt Switch|p2a: subnautica\n|-resisted|p2a: subnautica\n|-damage|p2a: subnautica|44\/100\n|\n|t:|1737383444\n|switch|p1a: Incineroar|Incineroar, L50, F|21\/100|[from] Volt Switch\n|-ability|p1a: Incineroar|Intimidate|boost\n|-unboost|p2a: subnautica|atk|1\n|-unboost|p2b: pikmin|atk|1\n|move|p2a: subnautica|Earthquake|p1a: Incineroar|[spread] p1a,p1b\n|-miss|p2a: subnautica|p2b: pikmin\n|-supereffective|p1a: Incineroar\n|-damage|p1a: Incineroar|0 fnt\n|-damage|p1b: Ditto|72\/100\n|faint|p1a: Incineroar\n|\n|-heal|p2a: subnautica|50\/100|[from] item: Leftovers\n|-fieldend|move: Electric Terrain\n|upkeep\n|\n|t:|1737383452\n|switch|p1a: Miraidon|Miraidon, L50, tera:Electric|32\/100\n|-fieldstart|move: Electric Terrain|[from] ability: Hadron Engine|[of] p1a: Miraidon\n|turn|6\n|\n|t:|1737383464\n|move|p2a: subnautica|Protect|p2a: subnautica\n|-singleturn|p2a: subnautica|Protect\n|move|p1b: Ditto|Order Up|p2a: subnautica\n|-activate|p2a: subnautica|move: Protect\n|move|p1a: Miraidon|Electro Drift|p2a: subnautica\n|-activate|p2a: subnautica|move: Protect\n|\n|-heal|p2a: subnautica|57\/100|[from] item: Leftovers\n|upkeep\n|turn|7\n|\n|t:|1737383477\n|move|p1b: Ditto|Order Up|p2a: subnautica\n|-damage|p2a: subnautica|46\/100\n|move|p1a: Miraidon|Electro Drift|p2a: subnautica\n|-resisted|p2a: subnautica\n|-damage|p2a: subnautica|0 fnt\n|faint|p2a: subnautica\n|\n|upkeep\n|turn|8\n|\n|t:|1737383493\n|-activate|p1b: Ditto|move: Struggle\n|move|p1b: Ditto|Struggle|p2b: pikmin\n|-damage|p2b: pikmin|57\/100\n|-damage|p1b: Ditto|47\/100|[from] recoil\n|move|p1a: Miraidon|Electro Drift|p2b: pikmin\n|-damage|p2b: pikmin|0 fnt\n|faint|p2b: pikmin\n|\n|win|californiaicicle\n|raw|californiaicicle's rating: 1537 &rarr; <strong>1560<\/strong><br \/>(+23 for winning)\n|raw|Giestgreninja's rating: 1590 &rarr; <strong>1567<\/strong><br \/>(-23 for losing)\n|l|\u2606Giestgreninja\n|player|p2|\n|l|\u2606californiaicicle\n|player|p1|\n","uploadtime":1737383654,"views":5,"formatid":"gen9vgc2025regg","rating":1560,"private":0,"password":null}