{"id":"gen9vgc2025regg-2284965255","format":"[Gen 9] VGC 2025 Reg G","players":["kakashit_com","become unbearable"],"log":"|j|\u2606kakashit_com\n|j|\u2606become unbearable\n|t:|1737417309\n|gametype|doubles\n|player|p1|kakashit_com|102|1551\n|player|p2|become unbearable|beauty|1577\n|teamsize|p1|6\n|teamsize|p2|6\n|gen|9\n|tier|[Gen 9] VGC 2025 Reg G\n|rated|\n|rule|Species Clause: Limit one of each Pok\u00e9mon\n|rule|Item Clause: Limit 1 of each item\n|clearpoke\n|poke|p1|Miraidon, L50|\n|poke|p1|Whimsicott, L50, F|\n|poke|p1|Dondozo, L50, M|\n|poke|p1|Chi-Yu, L50|\n|poke|p1|Tatsugiri, L50, M|\n|poke|p1|Farigiraf, L50, F|\n|poke|p2|Farigiraf, L50, F|\n|poke|p2|Regieleki, L50|\n|poke|p2|Landorus, L50, M|\n|poke|p2|Ogerpon-Cornerstone, L50, F|\n|poke|p2|Urshifu-*, L50, M|\n|poke|p2|Calyrex-Ice, L50|\n|teampreview|4\n|inactive|Battle timer is ON: inactive players will automatically lose when time's up. (requested by become unbearable)\n|j| CaptainHashbrown\n|inactive|become unbearable has 60 seconds left.\n|\n|t:|1737417343\n|start\n|switch|p1a: Miraidon|Miraidon, L50|100\/100\n|switch|p1b: Farigiraf|Farigiraf, L50, F|100\/100\n|switch|p2a: Ogerpon|Ogerpon-Cornerstone, L50, F|100\/100\n|switch|p2b: Calyrex|Calyrex-Ice, L50|100\/100\n|-ability|p2b: Calyrex|As One\n|-ability|p2b: Calyrex|Unnerve\n|-fieldstart|move: Electric Terrain|[from] ability: Hadron Engine|[of] p1a: Miraidon\n|-enditem|p1b: Farigiraf|Electric Seed\n|-boost|p1b: Farigiraf|def|1|[from] item: Electric Seed\n|turn|1\n|\n|t:|1737417360\n|move|p2a: Ogerpon|Follow Me|p2a: Ogerpon\n|-singleturn|p2a: Ogerpon|move: Follow Me\n|move|p1a: Miraidon|Volt Switch|p2a: Ogerpon\n|-resisted|p2a: Ogerpon\n|-damage|p2a: Ogerpon|38\/100\n|\n|t:|1737417365\n|switch|p1a: Dondozo|Dondozo, L50, M|100\/100|[from] Volt Switch\n|move|p2b: Calyrex|Glacial Lance|p1a: Dondozo|[spread] p1a,p1b\n|-resisted|p1a: Dondozo\n|-crit|p1b: Farigiraf\n|-damage|p1a: Dondozo|81\/100\n|-damage|p1b: Farigiraf|31\/100\n|move|p1b: Farigiraf|Foul Play|p2a: Ogerpon\n|-damage|p2a: Ogerpon|0 fnt\n|faint|p2a: Ogerpon\n|\n|-heal|p1a: Dondozo|88\/100|[from] item: Leftovers\n|upkeep\n|\n|t:|1737417373\n|switch|p2a: Regieleki|Regieleki, L50|100\/100\n|turn|2\n|\n|t:|1737417389\n|switch|p1b: Tatsugiri|Tatsugiri, L50, M|100\/100\n|-activate|p1b: Tatsugiri|ability: Commander|[of] p1a: Dondozo\n|-boost|p1a: Dondozo|atk|2\n|-boost|p1a: Dondozo|spa|2\n|-boost|p1a: Dondozo|spe|2\n|-boost|p1a: Dondozo|def|2\n|-boost|p1a: Dondozo|spd|2\n|-terastallize|p2a: Regieleki|Electric\n|-terastallize|p1a: Dondozo|Grass\n|move|p2a: Regieleki|Thunderbolt|p1a: Dondozo\n|-resisted|p1a: Dondozo\n|-damage|p1a: Dondozo|63\/100\n|move|p1a: Dondozo|Earthquake|p2b: Calyrex|[spread] p2a,p2b\n|-miss|p1a: Dondozo|p1b: Tatsugiri\n|-supereffective|p2a: Regieleki\n|-enditem|p2a: Regieleki|Focus Sash\n|-damage|p2a: Regieleki|1\/100\n|-damage|p2b: Calyrex|73\/100\n|move|p2b: Calyrex|Glacial Lance|p1a: Dondozo|[spread] p1a\n|-miss|p2b: Calyrex|p1b: Tatsugiri\n|-supereffective|p1a: Dondozo\n|-damage|p1a: Dondozo|18\/100\n|\n|-heal|p1a: Dondozo|24\/100|[from] item: Leftovers\n|upkeep\n|turn|3\n|\n|t:|1737417402\n|move|p1a: Dondozo|Protect|p1a: Dondozo\n|-singleturn|p1a: Dondozo|Protect\n|move|p2a: Regieleki|Thunderbolt|p1a: Dondozo\n|-activate|p1a: Dondozo|move: Protect\n|move|p2b: Calyrex|Glacial Lance|p1b: Tatsugiri|[spread] \n|-miss|p2b: Calyrex|p1b: Tatsugiri\n|-activate|p1a: Dondozo|move: Protect\n|\n|-heal|p1a: Dondozo|31\/100|[from] item: Leftovers\n|upkeep\n|turn|4\n|\n|t:|1737417412\n|move|p2a: Regieleki|Volt Switch|p1a: Dondozo\n|-resisted|p1a: Dondozo\n|-damage|p1a: Dondozo|12\/100\n|\n|t:|1737417414\n|switch|p2a: Landorus|Landorus, L50, M|100\/100|[from] Volt Switch\n|move|p1a: Dondozo|Earthquake|p2b: Calyrex|[spread] p2b\n|-miss|p1a: Dondozo|p1b: Tatsugiri\n|-immune|p2a: Landorus\n|-damage|p2b: Calyrex|47\/100\n|move|p2b: Calyrex|Glacial Lance|p1b: Tatsugiri|[spread] p1a\n|-miss|p2b: Calyrex|p1b: Tatsugiri\n|-supereffective|p1a: Dondozo\n|-damage|p1a: Dondozo|0 fnt\n|faint|p1a: Dondozo\n|-ability|p2b: Calyrex|Chilling Neigh|boost\n|-boost|p2b: Calyrex|atk|1\n|\n|upkeep\n|\n|t:|1737417420\n|switch|p1a: Miraidon|Miraidon, L50|100\/100\n|-activate|p1a: Miraidon|ability: Hadron Engine\n|turn|5\n|inactive|become unbearable has 30 seconds left.\n|\n|t:|1737417447\n|move|p2a: Landorus|Protect|p2a: Landorus\n|-singleturn|p2a: Landorus|Protect\n|move|p1a: Miraidon|Draco Meteor|p2b: Calyrex\n|-damage|p2b: Calyrex|0 fnt\n|-unboost|p1a: Miraidon|spa|2\n|faint|p2b: Calyrex\n|move|p1b: Tatsugiri|Muddy Water|p2a: Landorus\n|-activate|p2a: Landorus|move: Protect\n|\n|-fieldend|move: Electric Terrain\n|upkeep\n|j| mistball2\n|\n|t:|1737417451\n|switch|p2b: Regieleki|Regieleki, L50, tera:Electric|1\/100\n|turn|6\n|\n|t:|1737417461\n|move|p2b: Regieleki|Electroweb|p1a: Miraidon|[spread] p1a,p1b\n|-resisted|p1a: Miraidon\n|-damage|p1a: Miraidon|93\/100\n|-damage|p1b: Tatsugiri|52\/100\n|-unboost|p1a: Miraidon|spe|1\n|-unboost|p1b: Tatsugiri|spe|1\n|move|p2a: Landorus|Sandsear Storm|p1a: Miraidon|[spread] p1a\n|-miss|p2a: Landorus|p1b: Tatsugiri\n|-supereffective|p1a: Miraidon\n|-crit|p1a: Miraidon\n|-damage|p1a: Miraidon|0 fnt\n|faint|p1a: Miraidon\n|move|p1b: Tatsugiri|Muddy Water|p2b: Regieleki|[spread] p2a,p2b\n|-supereffective|p2a: Landorus\n|-damage|p2a: Landorus|12\/100\n|-damage|p2b: Regieleki|0 fnt\n|faint|p2b: Regieleki\n|\n|upkeep\n|\n|t:|1737417465\n|switch|p1a: Farigiraf|Farigiraf, L50, F|31\/100\n|turn|7\n|\n|t:|1737417471\n|move|p2a: Landorus|Sandsear Storm|p1b: Tatsugiri|[spread] p1a,p1b\n|-damage|p1a: Farigiraf|0 fnt\n|-damage|p1b: Tatsugiri|0 fnt\n|faint|p1a: Farigiraf\n|faint|p1b: Tatsugiri\n|\n|win|become unbearable\n|raw|kakashit_com's rating: 1551 &rarr; <strong>1532<\/strong><br \/>(-19 for losing)\n|raw|become unbearable's rating: 1577 &rarr; <strong>1596<\/strong><br \/>(+19 for winning)\n|l|\u2606kakashit_com\n|player|p1|\n|l| CaptainHashbrown\n|l|\u2606become unbearable\n|player|p2|\n","uploadtime":1737417680,"views":24,"formatid":"gen9vgc2025regg","rating":1532,"private":0,"password":null}