{"id":"gen9vgc2025regg-2284786071","format":"[Gen 9] VGC 2025 Reg G","players":["actuary97","defofarc"],"log":"|j|\u2606actuary97\n|j|\u2606defofarc\n|t:|1737398113\n|gametype|doubles\n|player|p1|actuary97|sabrina-frlg|1646\n|player|p2|defofarc|2|1628\n|teamsize|p1|6\n|teamsize|p2|6\n|gen|9\n|tier|[Gen 9] VGC 2025 Reg G\n|rated|\n|rule|Species Clause: Limit one of each Pok\u00e9mon\n|rule|Item Clause: Limit 1 of each item\n|clearpoke\n|poke|p1|Amoonguss, L50, F|\n|poke|p1|Comfey, L50, M|\n|poke|p1|Whimsicott, L50, M|\n|poke|p1|Rillaboom, L50, F|\n|poke|p1|Kyogre, L50|\n|poke|p1|Archaludon, L50, M|\n|poke|p2|Lunala, L50|\n|poke|p2|Rillaboom, L50, F|\n|poke|p2|Urshifu-*, L50, F|\n|poke|p2|Umbreon, L50, M|\n|poke|p2|Entei, L50|\n|poke|p2|Iron Jugulis, L50|\n|teampreview|4\nactuary97 has agreed to open team sheets.\n|\n|t:|1737398141\n|start\n|switch|p1a: Whimsicott|Whimsicott, L50, M, shiny|100\/100\n|switch|p1b: Archaludon|Archaludon, L50, M, shiny|100\/100\n|switch|p2a: Umbreon|Umbreon, L50, M|100\/100\n|switch|p2b: Lunala|Lunala, L50|100\/100\n|turn|1\n|\n|t:|1737398160\n|move|p1a: Whimsicott|Tailwind|p1a: Whimsicott\n|-sidestart|p1: actuary97|move: Tailwind\n|move|p1b: Archaludon|Snarl|p2a: Umbreon|[spread] p2a,p2b\n|-resisted|p2a: Umbreon\n|-supereffective|p2b: Lunala\n|-damage|p2a: Umbreon|97\/100\n|-damage|p2b: Lunala|81\/100\n|-unboost|p2a: Umbreon|spa|1\n|-unboost|p2b: Lunala|spa|1\n|move|p2b: Lunala|Calm Mind|p2b: Lunala\n|-boost|p2b: Lunala|spa|1\n|-boost|p2b: Lunala|spd|1\n|move|p2a: Umbreon|Taunt|p1a: Whimsicott\n|-start|p1a: Whimsicott|move: Taunt\n|\n|-heal|p2b: Lunala|87\/100|[from] item: Leftovers\n|upkeep\n|turn|2\n|j| bluestraggler02\n|\n|t:|1737398185\n|move|p1a: Whimsicott|Beat Up|p1b: Archaludon\n|-damage|p1b: Archaludon|99\/100\n|-ability|p1b: Archaludon|Stamina|boost\n|-boost|p1b: Archaludon|def|1\n|-damage|p1b: Archaludon|97\/100\n|-ability|p1b: Archaludon|Stamina|boost\n|-boost|p1b: Archaludon|def|1\n|-damage|p1b: Archaludon|96\/100\n|-ability|p1b: Archaludon|Stamina|boost\n|-boost|p1b: Archaludon|def|1\n|-damage|p1b: Archaludon|96\/100\n|-ability|p1b: Archaludon|Stamina|boost\n|-boost|p1b: Archaludon|def|1\n|-hitcount|p1b: Archaludon|4\n|move|p1b: Archaludon|Body Press|p2a: Umbreon\n|-supereffective|p2a: Umbreon\n|-damage|p2a: Umbreon|5\/100\n|-enditem|p2a: Umbreon|Sitrus Berry|[eat]\n|-heal|p2a: Umbreon|30\/100|[from] item: Sitrus Berry\n|move|p2b: Lunala|Calm Mind|p2b: Lunala\n|-boost|p2b: Lunala|spa|1\n|-boost|p2b: Lunala|spd|1\n|move|p2a: Umbreon|Toxic|p1a: Whimsicott\n|-status|p1a: Whimsicott|tox\n|\n|-heal|p2b: Lunala|93\/100|[from] item: Leftovers\n|-damage|p1a: Whimsicott|95\/100 tox|[from] psn\n|upkeep\n|turn|3\n|\n|t:|1737398221\n|switch|p1a: Kyogre|Kyogre, L50, shiny|100\/100\n|-weather|RainDance|[from] ability: Drizzle|[of] p1a: Kyogre\n|move|p1b: Archaludon|Electro Shot||[still]\n|-prepare|p1b: Archaludon|Electro Shot\n|-boost|p1b: Archaludon|spa|1\n|-anim|p1b: Archaludon|Electro Shot|p2b: Lunala\n|-damage|p2b: Lunala|72\/100\n|move|p2b: Lunala|Calm Mind|p2b: Lunala\n|-boost|p2b: Lunala|spa|1\n|-boost|p2b: Lunala|spd|1\n|move|p2a: Umbreon|Reflect|p2a: Umbreon\n|-sidestart|p2: defofarc|Reflect\n|\n|-weather|RainDance|[upkeep]\n|-heal|p2b: Lunala|79\/100|[from] item: Leftovers\n|upkeep\n|turn|4\n|\n|t:|1737398243\n|move|p2b: Lunala|Protect|p2b: Lunala\n|-singleturn|p2b: Lunala|Protect\n|move|p1a: Kyogre|Origin Pulse|p2a: Umbreon|[spread] p2a\n|-activate|p2b: Lunala|move: Protect\n|-damage|p2a: Umbreon|0 fnt\n|faint|p2a: Umbreon\n|move|p1b: Archaludon|Snarl|p2b: Lunala\n|-activate|p2b: Lunala|move: Protect\n|\n|-weather|RainDance|[upkeep]\n|-heal|p2b: Lunala|85\/100|[from] item: Leftovers\n|-sideend|p1: actuary97|move: Tailwind\n|upkeep\n|\n|t:|1737398257\n|switch|p2a: Rillaboom|Rillaboom, L50, F|100\/100\n|-fieldstart|move: Grassy Terrain|[from] ability: Grassy Surge|[of] p2a: Rillaboom\n|turn|5\n|j| SuN0nPls\n|\n|t:|1737398267\n|switch|p1a: Whimsicott|Whimsicott, L50, M, shiny|95\/100 tox\n|move|p2a: Rillaboom|Fake Out|p1b: Archaludon\n|-resisted|p1b: Archaludon\n|-damage|p1b: Archaludon|94\/100\n|-ability|p1b: Archaludon|Stamina|boost\n|-boost|p1b: Archaludon|def|1\n|move|p2b: Lunala|Dazzling Gleam|p1a: Whimsicott|[spread] p1a,p1b\n|-damage|p1a: Whimsicott|18\/100 tox\n|-damage|p1b: Archaludon|63\/100\n|-ability|p1b: Archaludon|Stamina|boost\n|-boost|p1b: Archaludon|def|1\n|cant|p1b: Archaludon|flinch\n|\n|-weather|RainDance|[upkeep]\n|-heal|p1a: Whimsicott|24\/100 tox|[from] Grassy Terrain\n|-heal|p2b: Lunala|91\/100|[from] Grassy Terrain\n|-heal|p2b: Lunala|97\/100|[from] item: Leftovers\n|-heal|p1b: Archaludon|69\/100|[from] Grassy Terrain\n|-damage|p1a: Whimsicott|18\/100 tox|[from] psn\n|upkeep\n|turn|6\n|j| GexkaXXV\n|\n|t:|1737398297\n|switch|p2a: Entei|Entei, L50|100\/100\n|move|p1a: Whimsicott|Tailwind|p1a: Whimsicott\n|-sidestart|p1: actuary97|move: Tailwind\n|move|p1b: Archaludon|Electro Shot||[still]\n|-prepare|p1b: Archaludon|Electro Shot\n|-boost|p1b: Archaludon|spa|1\n|-anim|p1b: Archaludon|Electro Shot|p2b: Lunala\n|-damage|p2b: Lunala|76\/100\n|move|p2b: Lunala|Dazzling Gleam|p1b: Archaludon|[spread] p1a,p1b\n|-damage|p1a: Whimsicott|0 fnt\n|-damage|p1b: Archaludon|36\/100\n|faint|p1a: Whimsicott\n|\n|-weather|RainDance|[upkeep]\n|-heal|p1b: Archaludon|42\/100|[from] Grassy Terrain\n|-heal|p2b: Lunala|83\/100|[from] Grassy Terrain\n|-heal|p2b: Lunala|89\/100|[from] item: Leftovers\n|upkeep\n|\n|t:|1737398308\n|switch|p1a: Como La Flor|Comfey, L50, M, shiny|100\/100\n|turn|7\n|\n|t:|1737398323\n|move|p1a: Como La Flor|Floral Healing|p1b: Archaludon\n|-heal|p1b: Archaludon|100\/100\n|move|p1b: Archaludon|Electro Shot||[still]\n|-prepare|p1b: Archaludon|Electro Shot\n|-boost|p1b: Archaludon|spa|1\n|-anim|p1b: Archaludon|Electro Shot|p2a: Entei\n|-crit|p2a: Entei\n|-damage|p2a: Entei|0 fnt\n|faint|p2a: Entei\n|move|p2b: Lunala|Calm Mind|p2b: Lunala\n|-boost|p2b: Lunala|spa|1\n|-boost|p2b: Lunala|spd|1\n|\n|-weather|none\n|-heal|p2b: Lunala|95\/100|[from] Grassy Terrain\n|-heal|p2b: Lunala|100\/100|[from] item: Leftovers\n|-sideend|p2: defofarc|Reflect\n|upkeep\n|\n|t:|1737398339\n|switch|p2a: Rillaboom|Rillaboom, L50, F|100\/100\n|turn|8\n|\n|t:|1737398357\n|move|p1a: Como La Flor|Taunt|p2b: Lunala\n|-start|p2b: Lunala|move: Taunt\n|move|p1b: Archaludon|Snarl|p2b: Lunala|[spread] p2a,p2b\n|-supereffective|p2b: Lunala\n|-damage|p2a: Rillaboom|76\/100\n|-damage|p2b: Lunala|86\/100\n|-unboost|p2a: Rillaboom|spa|1\n|-unboost|p2b: Lunala|spa|1\n|cant|p2b: Lunala|move: Taunt|Calm Mind\n|move|p2a: Rillaboom|Wood Hammer|p1a: Como La Flor\n|-damage|p1a: Como La Flor|13\/100\n|-damage|p2a: Rillaboom|53\/100|[from] Recoil\n|\n|-heal|p1a: Como La Flor|19\/100|[from] Grassy Terrain\n|-heal|p2b: Lunala|93\/100|[from] Grassy Terrain\n|-heal|p2b: Lunala|99\/100|[from] item: Leftovers\n|-heal|p2a: Rillaboom|59\/100|[from] Grassy Terrain\n|upkeep\n|turn|9\n|\n|t:|1737398393\n|switch|p1a: Kyogre|Kyogre, L50, shiny|100\/100\n|-weather|RainDance|[from] ability: Drizzle|[of] p1a: Kyogre\n|move|p2a: Rillaboom|Grassy Glide|p1a: Kyogre\n|-supereffective|p1a: Kyogre\n|-damage|p1a: Kyogre|35\/100\n|move|p1b: Archaludon|Snarl|p2b: Lunala|[spread] p2a,p2b\n|-supereffective|p2b: Lunala\n|-damage|p2a: Rillaboom|35\/100\n|-damage|p2b: Lunala|69\/100\n|-unboost|p2a: Rillaboom|spa|1\n|-unboost|p2b: Lunala|spa|1\n|move|p2b: Lunala|Moongeist Beam|p1b: Archaludon\n|-damage|p1b: Archaludon|41\/100\n|\n|-weather|RainDance|[upkeep]\n|-heal|p1a: Kyogre|41\/100|[from] Grassy Terrain\n|-heal|p1b: Archaludon|47\/100|[from] Grassy Terrain\n|-heal|p2b: Lunala|75\/100|[from] Grassy Terrain\n|-heal|p2b: Lunala|81\/100|[from] item: Leftovers\n|-heal|p2a: Rillaboom|41\/100|[from] Grassy Terrain\n|-sideend|p1: actuary97|move: Tailwind\n|-fieldend|move: Grassy Terrain\n|upkeep\n|turn|10\n|\n|t:|1737398433\n|-terastallize|p2b: Lunala|Fairy\n|move|p2b: Lunala|Moongeist Beam|p1b: Archaludon\n|-damage|p1b: Archaludon|0 fnt\n|faint|p1b: Archaludon\n|move|p1a: Kyogre|Ice Beam|p2a: Rillaboom\n|-supereffective|p2a: Rillaboom\n|-damage|p2a: Rillaboom|0 fnt\n|faint|p2a: Rillaboom\n|\n|-weather|RainDance|[upkeep]\n|-heal|p2b: Lunala|88\/100|[from] item: Leftovers\n|-end|p2b: Lunala|move: Taunt\n|upkeep\n|\n|t:|1737398439\n|switch|p1b: Como La Flor|Comfey, L50, M, shiny|19\/100\n|turn|11\n|\n|t:|1737398451\n|move|p1b: Como La Flor|Floral Healing|p1a: Kyogre\n|-heal|p1a: Kyogre|91\/100\n|move|p2b: Lunala|Dazzling Gleam|p1b: Como La Flor|[spread] p1a,p1b\n|-damage|p1a: Kyogre|62\/100\n|-damage|p1b: Como La Flor|0 fnt\n|faint|p1b: Como La Flor\n|move|p1a: Kyogre|Calm Mind|p1a: Kyogre\n|-boost|p1a: Kyogre|spa|1\n|-boost|p1a: Kyogre|spd|1\n|\n|-weather|RainDance|[upkeep]\n|-heal|p2b: Lunala|94\/100|[from] item: Leftovers\n|upkeep\n|turn|12\n|\n|t:|1737398463\n|move|p2b: Lunala|Calm Mind|p2b: Lunala\n|-boost|p2b: Lunala|spa|1\n|-boost|p2b: Lunala|spd|1\n|move|p1a: Kyogre|Origin Pulse|p2b: Lunala\n|-damage|p2b: Lunala|64\/100\n|\n|-weather|RainDance|[upkeep]\n|-heal|p2b: Lunala|70\/100|[from] item: Leftovers\n|upkeep\n|turn|13\n|\n|t:|1737398473\n|move|p2b: Lunala|Calm Mind|p2b: Lunala\n|-boost|p2b: Lunala|spa|1\n|-boost|p2b: Lunala|spd|1\n|move|p1a: Kyogre|Origin Pulse|p2b: Lunala\n|-damage|p2b: Lunala|44\/100\n|\n|-weather|none\n|-heal|p2b: Lunala|50\/100|[from] item: Leftovers\n|upkeep\n|turn|14\n|\n|t:|1737398485\n|move|p2b: Lunala|Moongeist Beam|p1a: Kyogre\n|-damage|p1a: Kyogre|1\/100\n|move|p1a: Kyogre|Origin Pulse|p2b: Lunala\n|-damage|p2b: Lunala|35\/100\n|\n|-heal|p2b: Lunala|41\/100|[from] item: Leftovers\n|upkeep\n|turn|15\n|l| bluestraggler02\n|c|\u2606actuary97|gg\n|l| SuN0nPls\n|\n|t:|1737398497\n|move|p2b: Lunala|Moongeist Beam|p1a: Kyogre\n|-damage|p1a: Kyogre|0 fnt\n|faint|p1a: Kyogre\n|\n|win|defofarc\n|raw|actuary97's rating: 1646 &rarr; <strong>1625<\/strong><br \/>(-21 for losing)\n|raw|defofarc's rating: 1628 &rarr; <strong>1649<\/strong><br \/>(+21 for winning)\n|l|\u2606actuary97\n|player|p1|\n|l| GexkaXXV\n","uploadtime":1737398713,"views":38,"formatid":"gen9vgc2025regg","rating":1625,"private":0,"password":null}