{"id":"gen9vgc2025regg-2284955024","format":"[Gen 9] VGC 2025 Reg G","players":["TCM Zaukepoo","nootellas"],"log":"|j|\u2606TCM Zaukepoo\n|j|\u2606nootellas\n|t:|1737416084\n|gametype|doubles\n|player|p1|TCM Zaukepoo|265|1611\n|player|p2|nootellas|iono|1684\n|teamsize|p1|6\n|teamsize|p2|6\n|gen|9\n|tier|[Gen 9] VGC 2025 Reg G\n|rated|\n|rule|Species Clause: Limit one of each Pok\u00e9mon\n|rule|Item Clause: Limit 1 of each item\n|clearpoke\n|poke|p1|Kyogre, L50|\n|poke|p1|Indeedee-F, L50, F|\n|poke|p1|Ditto, L50|\n|poke|p1|Tornadus, L50, M|\n|poke|p1|Smeargle, L50, M|\n|poke|p1|Araquanid, L50, M|\n|poke|p2|Calyrex-Shadow, L50|\n|poke|p2|Clefairy, L50, F|\n|poke|p2|Raging Bolt, L50|\n|poke|p2|Urshifu-*, L50, M|\n|poke|p2|Incineroar, L50, F|\n|poke|p2|Flutter Mane, L50|\n|teampreview|4\n|inactive|Battle timer is ON: inactive players will automatically lose when time's up. (requested by TCM Zaukepoo)\n|inactive|TCM Zaukepoo has 60 seconds left.\n|inactive|nootellas has 60 seconds left.\n|\n|t:|1737416118\n|start\n|switch|p1a: Kyogre|Kyogre, L50|100\/100\n|switch|p1b: Smeargle|Smeargle, L50, M|100\/100\n|switch|p2a: gigi murin|Raging Bolt, L50|100\/100\n|switch|p2b: hakos baelz|Incineroar, L50, F, shiny|100\/100\n|-weather|RainDance|[from] ability: Drizzle|[of] p1a: Kyogre\n|-ability|p2b: hakos baelz|Intimidate|boost\n|-unboost|p1a: Kyogre|atk|1\n|-unboost|p1b: Smeargle|atk|1\n|turn|1\n|\n|t:|1737416134\n|-terastallize|p1a: Kyogre|Water\n|move|p1b: Smeargle|Quick Guard|p1b: Smeargle\n|-singleturn|p1b: Smeargle|Quick Guard\n|move|p2b: hakos baelz|Fake Out|p1a: Kyogre\n|-activate|p1a: Kyogre|move: Quick Guard\n|move|p1a: Kyogre|Water Spout|p2a: gigi murin|[spread] p2a,p2b\n|-resisted|p2a: gigi murin\n|-supereffective|p2b: hakos baelz\n|-damage|p2a: gigi murin|45\/100\n|-damage|p2b: hakos baelz|0 fnt\n|faint|p2b: hakos baelz\n|move|p2a: gigi murin|Volt Switch|p1b: Smeargle\n|-damage|p1b: Smeargle|20\/100\n|\n|t:|1737416146\n|-end|p2a: gigi murin|Protosynthesis|[silent]\n|switch|p2a: ouro kronii|Flutter Mane, L50, shiny|100\/100|[from] Volt Switch\n|-enditem|p2a: ouro kronii|Booster Energy\n|-activate|p2a: ouro kronii|ability: Protosynthesis|[fromitem]\n|-start|p2a: ouro kronii|protosynthesisspe\n|\n|-weather|RainDance|[upkeep]\n|-ability|p1b: Smeargle|Moody|boost\n|-boost|p1b: Smeargle|spd|2\n|-unboost|p1b: Smeargle|atk|1\n|upkeep\n|\n|t:|1737416157\n|switch|p2b: shiori novella|Calyrex-Shadow, L50|100\/100\n|-ability|p2b: shiori novella|As One\n|-ability|p2b: shiori novella|Unnerve\n|turn|2\n|j| mago193\n|\n|t:|1737416181\n|switch|p1a: Indeedee|Indeedee-F, L50, F|100\/100\n|-fieldstart|move: Psychic Terrain|[from] ability: Psychic Surge|[of] p1a: Indeedee\n|move|p2b: shiori novella|Protect|p2b: shiori novella\n|-singleturn|p2b: shiori novella|Protect\n|move|p2a: ouro kronii|Moonblast|p1a: Indeedee\n|-damage|p1a: Indeedee|58\/100\n|move|p1b: Smeargle|Spore|p2b: shiori novella\n|-activate|p2b: shiori novella|move: Protect\n|\n|-weather|RainDance|[upkeep]\n|-ability|p1b: Smeargle|Moody|boost\n|-boost|p1b: Smeargle|spe|2\n|-unboost|p1b: Smeargle|atk|1\n|upkeep\n|turn|3\n|\n|t:|1737416196\n|switch|p2b: gigi murin|Raging Bolt, L50|45\/100\n|move|p2a: ouro kronii|Moonblast|p1b: Smeargle\n|-damage|p1b: Smeargle|0 fnt\n|faint|p1b: Smeargle\n|move|p1a: Indeedee|Heal Pulse|p1: Smeargle|[notarget]\n|-fail|p1a: Indeedee\n|\n|-weather|RainDance|[upkeep]\n|upkeep\n|\n|t:|1737416202\n|switch|p1b: Ditto|Ditto, L50|100\/100\n|-transform|p1b: Ditto|p2a: ouro kronii|[from] ability: Imposter\n|turn|4\n|\n|t:|1737416220\n|switch|p1a: Kyogre|Kyogre, L50, tera:Water|100\/100\n|move|p2a: ouro kronii|Icy Wind|p1a: Kyogre|[spread] p1a,p1b\n|-resisted|p1a: Kyogre\n|-damage|p1a: Kyogre|96\/100\n|-damage|p1b: Ditto|88\/100\n|-unboost|p1a: Kyogre|spe|1\n|-unboost|p1b: Ditto|spe|1\n|move|p1b: Ditto|Moonblast|p2b: gigi murin\n|-supereffective|p2b: gigi murin\n|-crit|p2b: gigi murin\n|-damage|p2b: gigi murin|0 fnt\n|faint|p2b: gigi murin\n|-end|p2b: gigi murin|Protosynthesis|[silent]\n|\n|-weather|RainDance|[upkeep]\n|upkeep\n|\n|t:|1737416229\n|switch|p2b: shiori novella|Calyrex-Shadow, L50|100\/100\n|-ability|p2b: shiori novella|As One\n|-ability|p2b: shiori novella|Unnerve\n|turn|5\n|\n|t:|1737416239\n|-end|p1b: Ditto|Protosynthesis|[silent]\n|switch|p1b: Indeedee|Indeedee-F, L50, F|58\/100\n|-terastallize|p2b: shiori novella|Water\n|move|p2a: ouro kronii|Fake Tears|p1a: Kyogre\n|-unboost|p1a: Kyogre|spd|2\n|move|p2b: shiori novella|Astral Barrage|p1b: Indeedee|[spread] p1a\n|-immune|p1b: Indeedee\n|-damage|p1a: Kyogre|0 fnt\n|faint|p1a: Kyogre\n|-ability|p2b: shiori novella|Grim Neigh|boost\n|-boost|p2b: shiori novella|spa|1\n|\n|-weather|none\n|upkeep\n|\n|t:|1737416245\n|switch|p1a: Ditto|Ditto, L50|88\/100\n|-transform|p1a: Ditto|p2b: shiori novella|[from] ability: Imposter\n|-ability|p1a: Ditto|As One\n|-ability|p1a: Ditto|Unnerve\n|-start|p1a: Ditto|typechange|Psychic\/Ghost|[silent]\n|turn|6\n|inactive|TCM Zaukepoo has 30 seconds left.\n|\n|t:|1737416274\n|move|p1a: Ditto|Astral Barrage|p2b: shiori novella|[spread] p2a,p2b\n|-supereffective|p2a: ouro kronii\n|-damage|p2a: ouro kronii|0 fnt\n|-damage|p2b: shiori novella|32\/100\n|faint|p2a: ouro kronii\n|-end|p2a: ouro kronii|Protosynthesis|[silent]\n|-ability|p1a: Ditto|Grim Neigh|boost\n|-boost|p1a: Ditto|spa|1\n|move|p2b: shiori novella|Astral Barrage|p1a: Ditto|[spread] p1a\n|-immune|p1b: Indeedee\n|-supereffective|p1a: Ditto\n|-damage|p1a: Ditto|0 fnt\n|faint|p1a: Ditto\n|-ability|p2b: shiori novella|Grim Neigh|boost\n|-boost|p2b: shiori novella|spa|1\n|move|p1b: Indeedee|Dazzling Gleam|p2b: shiori novella\n|-damage|p2b: shiori novella|16\/100\n|\n|-fieldend|move: Psychic Terrain\n|upkeep\n|turn|7\n|\n|t:|1737416288\n|move|p2b: shiori novella|Psychic|p1b: Indeedee\n|-resisted|p1b: Indeedee\n|-damage|p1b: Indeedee|3\/100\n|move|p1b: Indeedee|Dazzling Gleam|p2b: shiori novella\n|-damage|p2b: shiori novella|2\/100\n|\n|upkeep\n|turn|8\n|\n|t:|1737416291\n|move|p2b: shiori novella|Psychic|p1b: Indeedee\n|-resisted|p1b: Indeedee\n|-damage|p1b: Indeedee|0 fnt\n|faint|p1b: Indeedee\n|\n|win|nootellas\n|raw|TCM Zaukepoo's rating: 1611 &rarr; <strong>1595<\/strong><br \/>(-16 for losing)\n|raw|nootellas's rating: 1684 &rarr; <strong>1700<\/strong><br \/>(+16 for winning)\n|l|\u2606nootellas\n|player|p2|\n|l|\u2606TCM Zaukepoo\n|player|p1|\n|l| mago193\n","uploadtime":1737416563,"views":10,"formatid":"gen9vgc2025regg","rating":1595,"private":0,"password":null}