{"id":"gen9vgc2025regg-2284692263","format":"[Gen 9] VGC 2025 Reg G","players":["calltheauditor","Bef6"],"log":"|j|\u2606calltheauditor\n|j|\u2606Bef6\n|t:|1737387999\n|gametype|doubles\n|player|p1|calltheauditor|102|1519\n|player|p2|Bef6|lucas|1798\n|teamsize|p1|6\n|teamsize|p2|6\n|gen|9\n|tier|[Gen 9] VGC 2025 Reg G\n|rated|\n|rule|Species Clause: Limit one of each Pok\u00e9mon\n|rule|Item Clause: Limit 1 of each item\n|clearpoke\n|poke|p1|Zamazenta-*, L50|\n|poke|p1|Rillaboom, L50, M|\n|poke|p1|Chien-Pao, L50|\n|poke|p1|Roaring Moon, L50|\n|poke|p1|Urshifu-*, L50, M|\n|poke|p1|Chi-Yu, L50|\n|poke|p2|Lunala, L50|\n|poke|p2|Indeedee-F, L50, F|\n|poke|p2|Tornadus, L50, M|\n|poke|p2|Ursaluna, L50, M|\n|poke|p2|Chi-Yu, L50|\n|poke|p2|Iron Bundle, L50|\n|teampreview|4\n|\n|t:|1737388057\n|start\n|switch|p1a: Roaring Moon|Roaring Moon, L50|100\/100\n|switch|p1b: Urshifu|Urshifu-Rapid-Strike, L50, M|100\/100\n|switch|p2a: Tornadus|Tornadus, L50, M|100\/100\n|switch|p2b: Chi-Yu|Chi-Yu, L50|100\/100\n|-ability|p2b: Chi-Yu|Beads of Ruin\n|-enditem|p1a: Roaring Moon|Booster Energy\n|-activate|p1a: Roaring Moon|ability: Protosynthesis|[fromitem]\n|-start|p1a: Roaring Moon|protosynthesisspe\n|turn|1\n|\n|t:|1737388079\n|move|p2a: Tornadus|Tailwind|p2a: Tornadus\n|-sidestart|p2: Bef6|move: Tailwind\n|move|p2b: Chi-Yu|Taunt|p1a: Roaring Moon\n|-start|p1a: Roaring Moon|move: Taunt\n|cant|p1a: Roaring Moon|move: Taunt|Tailwind\n|move|p1b: Urshifu|Surging Strikes|p2b: Chi-Yu\n|-supereffective|p2b: Chi-Yu\n|-crit|p2b: Chi-Yu\n|-damage|p2b: Chi-Yu|32\/100\n|-supereffective|p2b: Chi-Yu\n|-crit|p2b: Chi-Yu\n|-damage|p2b: Chi-Yu|0 fnt\n|faint|p2b: Chi-Yu\n|-hitcount|p2: Chi-Yu|2\n|\n|upkeep\n|\n|t:|1737388089\n|switch|p2b: Lunala|Lunala, L50|100\/100\n|turn|2\n|\n|t:|1737388100\n|move|p2a: Tornadus|Bleakwind Storm|p1b: Urshifu|[spread] p1a,p1b\n|-supereffective|p1b: Urshifu\n|-damage|p1a: Roaring Moon|72\/100\n|-damage|p1b: Urshifu|0 fnt\n|faint|p1b: Urshifu\n|move|p1a: Roaring Moon|Knock Off|p2b: Lunala\n|-supereffective|p2b: Lunala\n|-damage|p2b: Lunala|24\/100\n|-enditem|p2b: Lunala|Power Herb|[from] move: Knock Off|[of] p1a: Roaring Moon\n|move|p2b: Lunala|Meteor Beam||[still]\n|-prepare|p2b: Lunala|Meteor Beam\n|-boost|p2b: Lunala|spa|1\n|\n|upkeep\n|\n|t:|1737388110\n|switch|p1b: Chi-Yu|Chi-Yu, L50|100\/100\n|-ability|p1b: Chi-Yu|Beads of Ruin\n|turn|3\n|\n|t:|1737388137\n|move|p2a: Tornadus|Protect|p2a: Tornadus\n|-singleturn|p2a: Tornadus|Protect\n|move|p1a: Roaring Moon|Acrobatics|p2a: Tornadus\n|-activate|p2a: Tornadus|move: Protect\n|move|p2b: Lunala|Meteor Beam|p1a: Roaring Moon|[from] lockedmove\n|-damage|p1a: Roaring Moon|0 fnt\n|faint|p1a: Roaring Moon\n|-end|p1a: Roaring Moon|Protosynthesis|[silent]\n|move|p1b: Chi-Yu|Snarl|p2a: Tornadus|[spread] p2b\n|-activate|p2a: Tornadus|move: Protect\n|-supereffective|p2b: Lunala\n|-damage|p2b: Lunala|0 fnt\n|faint|p2b: Lunala\n|\n|upkeep\n|\n|t:|1737388144\n|switch|p1a: Zamazenta|Zamazenta-Crowned, L50|100\/100\n|switch|p2b: Iron Bundle|Iron Bundle, L50|100\/100\n|-ability|p1a: Zamazenta|Dauntless Shield|boost\n|-boost|p1a: Zamazenta|def|1\n|-enditem|p2b: Iron Bundle|Booster Energy\n|-activate|p2b: Iron Bundle|ability: Quark Drive|[fromitem]\n|-start|p2b: Iron Bundle|quarkdrivespe\n|turn|4\n|\n|t:|1737388163\n|-terastallize|p1b: Chi-Yu|Ghost\n|move|p2a: Tornadus|Rain Dance|p2a: Tornadus\n|-weather|RainDance\n|move|p2b: Iron Bundle|Chilling Water|p1b: Chi-Yu\n|-damage|p1b: Chi-Yu|54\/100\n|-unboost|p1b: Chi-Yu|atk|1\n|move|p1b: Chi-Yu|Snarl|p2a: Tornadus|[spread] p2a,p2b\n|-damage|p2a: Tornadus|55\/100\n|-damage|p2b: Iron Bundle|43\/100\n|-unboost|p2a: Tornadus|spa|1\n|-unboost|p2b: Iron Bundle|spa|1\n|move|p1a: Zamazenta|Heavy Slam|p2a: Tornadus\n|-damage|p2a: Tornadus|0 fnt\n|faint|p2a: Tornadus\n|\n|-weather|RainDance|[upkeep]\n|-sideend|p2: Bef6|move: Tailwind\n|upkeep\n|turn|5\n|-message|Bef6 forfeited.\n|\n|win|calltheauditor\n|raw|calltheauditor's rating: 1519 &rarr; <strong>1552<\/strong><br \/>(+33 for winning)\n|raw|Bef6's rating: 1798 &rarr; <strong>1765<\/strong><br \/>(-33 for losing)\n|l|\u2606Bef6\n|player|p2|\n|l|\u2606calltheauditor\n|player|p1|\n","uploadtime":1737388354,"views":38,"formatid":"gen9vgc2025regg","rating":1552,"private":0,"password":null}