{"id":"gen9vgc2025regg-2284619796","format":"[Gen 9] VGC 2025 Reg G","players":["ched07","longhq"],"log":"|j|\u2606ched07\n|j|\u203dlonghq\n|t:|1737378670\n|gametype|doubles\n|player|p1|ched07|102|1530\n|player|p2|longhq|dawn|1607\n|teamsize|p1|6\n|teamsize|p2|6\n|gen|9\n|tier|[Gen 9] VGC 2025 Reg G\n|rated|\n|rule|Species Clause: Limit one of each Pok\u00e9mon\n|rule|Item Clause: Limit 1 of each item\n|clearpoke\n|poke|p1|Calyrex-Shadow, L50|\n|poke|p1|Indeedee-F, L50, F|\n|poke|p1|Incineroar, L50, M|\n|poke|p1|Urshifu-*, L50, F|\n|poke|p1|Ogerpon-Cornerstone, L50, F|\n|poke|p1|Iron Bundle, L50|\n|poke|p2|Miraidon, L50|\n|poke|p2|Iron Hands, L50|\n|poke|p2|Smeargle, L50, M|\n|poke|p2|Tornadus, L50, M|\n|poke|p2|Ogerpon-Hearthflame, L50, F|\n|poke|p2|Volcarona, L50, M|\n|teampreview|4\n|inactive|Battle timer is ON: inactive players will automatically lose when time's up. (requested by longhq)\n|\n|t:|1737378752\n|start\n|switch|p1a: Calyrex|Calyrex-Shadow, L50|100\/100\n|switch|p1b: Urshifu|Urshifu-Rapid-Strike, L50, F|100\/100\n|switch|p2a: Tornadus|Tornadus, L50, M|100\/100\n|switch|p2b: Smeargle|Smeargle, L50, M|100\/100\n|-ability|p1a: Calyrex|As One\n|-ability|p1a: Calyrex|Unnerve\n|turn|1\n|\n|t:|1737378771\n|move|p2a: Tornadus|Tailwind|p2a: Tornadus\n|-sidestart|p2: longhq|move: Tailwind\n|move|p2b: Smeargle|Spore|p1b: Urshifu\n|-status|p1b: Urshifu|slp|[from] move: Spore\n|move|p1a: Calyrex|Calm Mind|p1a: Calyrex\n|-boost|p1a: Calyrex|spa|1\n|-boost|p1a: Calyrex|spd|1\n|cant|p1b: Urshifu|slp\n|\n|-ability|p2b: Smeargle|Moody|boost\n|-boost|p2b: Smeargle|atk|2\n|-unboost|p2b: Smeargle|spd|1\n|upkeep\n|turn|2\n|\n|t:|1737378792\n|switch|p2a: Ogerpon|Ogerpon-Hearthflame, L50, F|100\/100\n|-ability|p2a: Ogerpon|Mold Breaker\n|switch|p2b: Miraidon|Miraidon, L50|100\/100\n|-fieldstart|move: Electric Terrain|[from] ability: Hadron Engine|[of] p2b: Miraidon\n|move|p1a: Calyrex|Protect|p1a: Calyrex\n|-singleturn|p1a: Calyrex|Protect\n|-curestatus|p1b: Urshifu|slp|[msg]\n|move|p1b: Urshifu|Surging Strikes|p2b: Miraidon\n|-resisted|p2b: Miraidon\n|-crit|p2b: Miraidon\n|-damage|p2b: Miraidon|91\/100\n|-resisted|p2b: Miraidon\n|-crit|p2b: Miraidon\n|-damage|p2b: Miraidon|81\/100\n|-resisted|p2b: Miraidon\n|-crit|p2b: Miraidon\n|-damage|p2b: Miraidon|70\/100\n|-hitcount|p2b: Miraidon|3\n|\n|upkeep\n|turn|3\n|inactive|ched07 has 30 seconds left.\n|\n|t:|1737378820\n|switch|p1b: Indeedee|Indeedee-F, L50, F|100\/100\n|-fieldstart|move: Psychic Terrain|[from] ability: Psychic Surge|[of] p1b: Indeedee\n|move|p2b: Miraidon|Volt Switch|p1b: Indeedee\n|-crit|p1b: Indeedee\n|-damage|p1b: Indeedee|7\/100\n|\n|t:|1737378831\n|switch|p2b: Smeargle|Smeargle, L50, M|100\/100|[from] Volt Switch\n|move|p2a: Ogerpon|Encore|p1a: Calyrex\n|-start|p1a: Calyrex|Encore\n|move|p1a: Calyrex|Protect||[still]\n|-fail|p1a: Calyrex\n|\n|-ability|p2b: Smeargle|Moody|boost\n|-boost|p2b: Smeargle|def|2\n|-unboost|p2b: Smeargle|spa|1\n|upkeep\n|turn|4\n|j| shadow193\n|\n|t:|1737378857\n|-terastallize|p2a: Ogerpon|Fire\n|detailschange|p2a: Ogerpon|Ogerpon-Hearthflame-Tera, L50, F, tera:Fire\n|-ability|p2a: Ogerpon|Embody Aspect (Hearthflame)|boost\n|-boost|p2a: Ogerpon|atk|1\n|move|p1a: Calyrex|Protect|p1a: Calyrex\n|-singleturn|p1a: Calyrex|Protect\n|move|p1b: Indeedee|Protect|p1b: Indeedee\n|-singleturn|p1b: Indeedee|Protect\n|move|p2a: Ogerpon|Ivy Cudgel|p1a: Calyrex|[anim] Ivy Cudgel Fire\n|-activate|p1a: Calyrex|move: Protect\n|move|p2b: Smeargle|Spore|p1b: Indeedee\n|-activate|p1b: Indeedee|move: Protect\n|\n|-sideend|p2: longhq|move: Tailwind\n|-ability|p2b: Smeargle|Moody|boost\n|-boost|p2b: Smeargle|spa|2\n|-unboost|p2b: Smeargle|atk|1\n|upkeep\n|turn|5\n|inactive|ched07 has 30 seconds left.\n|\n|t:|1737378890\n|switch|p1a: Ogerpon|Ogerpon-Cornerstone, L50, F|100\/100\n|move|p1b: Indeedee|Follow Me|p1b: Indeedee\n|-singleturn|p1b: Indeedee|move: Follow Me\n|move|p2a: Ogerpon|Ivy Cudgel|p1b: Indeedee|[anim] Ivy Cudgel Fire\n|-crit|p1b: Indeedee\n|-damage|p1b: Indeedee|0 fnt\n|faint|p1b: Indeedee\n|move|p2b: Smeargle|Spore|p1a: Ogerpon\n|-immune|p1a: Ogerpon\n|\n|-ability|p2b: Smeargle|Moody|boost\n|-boost|p2b: Smeargle|atk|2\n|-unboost|p2b: Smeargle|spe|1\n|upkeep\n|\n|t:|1737378905\n|switch|p1b: Urshifu|Urshifu-Rapid-Strike, L50, F|100\/100\n|turn|6\n|inactive|longhq has 30 seconds left.\n|\n|t:|1737378933\n|switch|p2a: Tornadus|Tornadus, L50, M|100\/100\n|move|p1a: Ogerpon|Follow Me|p1a: Ogerpon\n|-singleturn|p1a: Ogerpon|move: Follow Me\n|move|p2b: Smeargle|Follow Me|p2b: Smeargle\n|-singleturn|p2b: Smeargle|move: Follow Me\n|move|p1b: Urshifu|Surging Strikes|p2b: Smeargle\n|-crit|p2b: Smeargle\n|-damage|p2b: Smeargle|50\/100\n|-crit|p2b: Smeargle\n|-damage|p2b: Smeargle|0 fnt\n|faint|p2b: Smeargle\n|-hitcount|p2: Smeargle|2\n|\n|upkeep\n|\n|t:|1737378945\n|switch|p2b: Miraidon|Miraidon, L50|70\/100\n|-fieldstart|move: Electric Terrain|[from] ability: Hadron Engine|[of] p2b: Miraidon\n|turn|7\n|inactive|ched07 has 30 seconds left.\n|inactive|longhq has 30 seconds left.\n|inactive|ched07 has 20 seconds left.\n|\n|t:|1737378984\n|-terastallize|p1b: Urshifu|Stellar\n|move|p1a: Ogerpon|Follow Me|p1a: Ogerpon\n|-singleturn|p1a: Ogerpon|move: Follow Me\n|move|p2a: Tornadus|Tailwind|p2a: Tornadus\n|-sidestart|p2: longhq|move: Tailwind\n|move|p2b: Miraidon|Dazzling Gleam|p1b: Urshifu|[spread] p1a,p1b\n|-supereffective|p1b: Urshifu\n|-damage|p1a: Ogerpon|53\/100\n|-enditem|p1b: Urshifu|Focus Sash\n|-damage|p1b: Urshifu|1\/100\n|move|p1b: Urshifu|Close Combat|p2b: Miraidon\n|-damage|p2b: Miraidon|0 fnt\n|-unboost|p1b: Urshifu|def|1\n|-unboost|p1b: Urshifu|spd|1\n|faint|p2b: Miraidon\n|\n|upkeep\n|\n|t:|1737378998\n|switch|p2b: Ogerpon|Ogerpon-Hearthflame-Tera, L50, F, tera:Fire|100\/100\n|-ability|p2b: Ogerpon|Embody Aspect (Hearthflame)|boost\n|-boost|p2b: Ogerpon|atk|1\n|turn|8\n|\n|t:|1737379012\n|move|p1b: Urshifu|Detect|p1b: Urshifu\n|-singleturn|p1b: Urshifu|Protect\n|move|p1a: Ogerpon|Spiky Shield|p1a: Ogerpon\n|-singleturn|p1a: Ogerpon|move: Protect\n|move|p2b: Ogerpon|Ivy Cudgel|p1a: Ogerpon|[anim] Ivy Cudgel Fire\n|-activate|p1a: Ogerpon|move: Protect\n|move|p2a: Tornadus|Bleakwind Storm|p1a: Ogerpon|[spread] \n|-activate|p1a: Ogerpon|move: Protect\n|-activate|p1b: Urshifu|move: Protect\n|\n|upkeep\n|turn|9\n|inactive|ched07 has 30 seconds left.\n|inactive|ched07 has 20 seconds left.\n|\n|t:|1737379049\n|move|p1b: Urshifu|Aqua Jet|p2b: Ogerpon\n|-supereffective|p2b: Ogerpon\n|-damage|p2b: Ogerpon|33\/100\n|move|p2b: Ogerpon|Ivy Cudgel|p1a: Ogerpon|[anim] Ivy Cudgel Fire\n|-damage|p1a: Ogerpon|0 fnt\n|faint|p1a: Ogerpon\n|move|p2a: Tornadus|Bleakwind Storm|p1b: Urshifu|[miss]\n|-miss|p2a: Tornadus|p1b: Urshifu\n|\n|upkeep\n|\n|t:|1737379058\n|switch|p1a: Calyrex|Calyrex-Shadow, L50|100\/100\n|-ability|p1a: Calyrex|As One\n|-ability|p1a: Calyrex|Unnerve\n|turn|10\n|\n|t:|1737379079\n|move|p1a: Calyrex|Protect|p1a: Calyrex\n|-singleturn|p1a: Calyrex|Protect\n|move|p1b: Urshifu|Detect|p1b: Urshifu\n|-singleturn|p1b: Urshifu|Protect\n|move|p2b: Ogerpon|Ivy Cudgel|p1a: Calyrex|[anim] Ivy Cudgel Fire\n|-activate|p1a: Calyrex|move: Protect\n|move|p2a: Tornadus|Bleakwind Storm|p1a: Calyrex|[spread] \n|-activate|p1a: Calyrex|move: Protect\n|-activate|p1b: Urshifu|move: Protect\n|\n|-sideend|p2: longhq|move: Tailwind\n|upkeep\n|turn|11\n|\n|t:|1737379099\n|move|p1b: Urshifu|Aqua Jet|p2b: Ogerpon\n|-supereffective|p2b: Ogerpon\n|-damage|p2b: Ogerpon|0 fnt\n|faint|p2b: Ogerpon\n|move|p2a: Tornadus|Tailwind|p2a: Tornadus\n|-sidestart|p2: longhq|move: Tailwind\n|move|p1a: Calyrex|Astral Barrage|p2a: Tornadus\n|-damage|p2a: Tornadus|0 fnt\n|faint|p2a: Tornadus\n|-damage|p1a: Calyrex|91\/100|[from] item: Life Orb\n|\n|win|ched07\n|raw|ched07's rating: 1530 &rarr; <strong>1554<\/strong><br \/>(+24 for winning)\n|raw|longhq's rating: 1607 &rarr; <strong>1583<\/strong><br \/>(-24 for losing)\n|l|\u203dlonghq\n|player|p2|\n|l|\u2606ched07\n|player|p1|\n","uploadtime":1737379369,"views":6,"formatid":"gen9vgc2025regg","rating":1554,"private":0,"password":null}