{"id":"gen9vgc2025regg-2284141789","format":"[Gen 9] VGC 2025 Reg G","players":["ziupro123","bluestraggler02"],"log":"|j|\u2606ziupro123\n|j|\u2606bluestraggler02\n|t:|1737310928\n|gametype|doubles\n|player|p1|ziupro123|1|1504\n|player|p2|bluestraggler02|170|1597\n|teamsize|p1|6\n|teamsize|p2|6\n|gen|9\n|tier|[Gen 9] VGC 2025 Reg G\n|rated|\n|rule|Species Clause: Limit one of each Pok\u00e9mon\n|rule|Item Clause: Limit 1 of each item\n|clearpoke\n|poke|p1|Calyrex-Shadow, L50|\n|poke|p1|Maushold, L50|\n|poke|p1|Dondozo, L50, F|\n|poke|p1|Tatsugiri-Droopy, L50, M|\n|poke|p1|Weezing-Galar, L50, M|\n|poke|p1|Rillaboom, L50, M|\n|poke|p2|Kyurem-White, L50|\n|poke|p2|Tornadus, L50, M|\n|poke|p2|Chi-Yu, L50|\n|poke|p2|Iron Hands, L50|\n|poke|p2|Urshifu-*, L50, M|\n|poke|p2|Flutter Mane, L50|\n|teampreview|4\n|inactive|Battle timer is ON: inactive players will automatically lose when time's up. (requested by bluestraggler02)\nbluestraggler02 rejected open team sheets.\n|inactive|ziupro123 has 60 seconds left.\n|\n|t:|1737310982\n|start\n|switch|p1a: Calyrex|Calyrex-Shadow, L50|100\/100\n|switch|p1b: Weezing|Weezing-Galar, L50, M|100\/100\n|switch|p2a: Tornadus|Tornadus, L50, M|100\/100\n|switch|p2b: Chi-Yu|Chi-Yu, L50|100\/100\n|-ability|p1a: Calyrex|As One\n|-ability|p1a: Calyrex|Unnerve\n|-ability|p1b: Weezing|Neutralizing Gas\n|turn|1\n|\n|t:|1737311007\n|-terastallize|p1a: Calyrex|Ghost\n|move|p2b: Chi-Yu|Heat Wave|p1a: Calyrex|[spread] p1a,p1b\n|-damage|p1a: Calyrex|56\/100\n|-damage|p1b: Weezing|46\/100\n|-status|p1a: Calyrex|brn\n|-enditem|p1b: Weezing|Sitrus Berry|[eat]\n|-heal|p1b: Weezing|71\/100|[from] item: Sitrus Berry\n|move|p1a: Calyrex|Astral Barrage|p2b: Chi-Yu|[spread] p2a,p2b\n|-resisted|p2b: Chi-Yu\n|-enditem|p2a: Tornadus|Focus Sash\n|-damage|p2a: Tornadus|1\/100\n|-damage|p2b: Chi-Yu|36\/100\n|move|p2a: Tornadus|Tailwind|p2a: Tornadus\n|-sidestart|p2: bluestraggler02|move: Tailwind\n|move|p1b: Weezing|Taunt|p2a: Tornadus\n|-start|p2a: Tornadus|move: Taunt\n|\n|-damage|p1a: Calyrex|49\/100 brn|[from] brn\n|upkeep\n|turn|2\n|inactive|ziupro123 has 30 seconds left.\n|\n|t:|1737311034\n|switch|p1a: Tatsugiri|Tatsugiri-Droopy, L50, M|100\/100\n|-end|p1b: Weezing|ability: Neutralizing Gas\n|-ability|p2b: Chi-Yu|Beads of Ruin\n|switch|p1b: Dondozo|Dondozo, L50, F|100\/100\n|-activate|p1a: Tatsugiri|ability: Commander|[of] p1b: Dondozo\n|-boost|p1b: Dondozo|atk|2\n|-boost|p1b: Dondozo|spa|2\n|-boost|p1b: Dondozo|spe|2\n|-boost|p1b: Dondozo|def|2\n|-boost|p1b: Dondozo|spd|2\n|-terastallize|p2b: Chi-Yu|Fire\n|move|p2b: Chi-Yu|Heat Wave|p1a: Tatsugiri|[spread] p1b\n|-miss|p2b: Chi-Yu|p1a: Tatsugiri\n|-resisted|p1b: Dondozo\n|-damage|p1b: Dondozo|81\/100\n|move|p2a: Tornadus|Bleakwind Storm|p1a: Tatsugiri|[spread] p1b\n|-miss|p2a: Tornadus|p1a: Tatsugiri\n|-damage|p1b: Dondozo|56\/100\n|-unboost|p1b: Dondozo|spe|1\n|\n|-heal|p1b: Dondozo|62\/100|[from] item: Leftovers\n|upkeep\n|turn|3\n|\n|t:|1737311053\n|switch|p2a: Flutter Mane|Flutter Mane, L50|100\/100\n|-enditem|p2a: Flutter Mane|Booster Energy\n|-activate|p2a: Flutter Mane|ability: Protosynthesis|[fromitem]\n|-start|p2a: Flutter Mane|protosynthesisspe\n|move|p2b: Chi-Yu|Heat Wave|p1b: Dondozo|[spread] p1b\n|-miss|p2b: Chi-Yu|p1a: Tatsugiri\n|-resisted|p1b: Dondozo\n|-damage|p1b: Dondozo|43\/100\n|move|p1b: Dondozo|Order Up|p2b: Chi-Yu\n|-damage|p2b: Chi-Yu|0 fnt\n|faint|p2b: Chi-Yu\n|-boost|p1b: Dondozo|def|1\n|\n|-heal|p1b: Dondozo|49\/100|[from] item: Leftovers\n|upkeep\n|\n|t:|1737311066\n|switch|p2b: Kyurem|Kyurem-White, L50|100\/100\n|-ability|p2b: Kyurem|Turboblaze\n|turn|4\n|\n|t:|1737311081\n|switch|p2b: Tornadus|Tornadus, L50, M|1\/100\n|move|p1b: Dondozo|Protect|p1b: Dondozo\n|-singleturn|p1b: Dondozo|Protect\n|move|p2a: Flutter Mane|Thunder Wave|p1b: Dondozo\n|-activate|p1b: Dondozo|move: Protect\n|\n|-heal|p1b: Dondozo|55\/100|[from] item: Leftovers\n|-sideend|p2: bluestraggler02|move: Tailwind\n|upkeep\n|turn|5\n|\n|t:|1737311099\n|move|p2b: Tornadus|Tailwind|p2b: Tornadus\n|-sidestart|p2: bluestraggler02|move: Tailwind\n|move|p2a: Flutter Mane|Moonblast|p1b: Dondozo\n|-damage|p1b: Dondozo|32\/100\n|-unboost|p1b: Dondozo|spa|1\n|move|p1b: Dondozo|Wave Crash|p2a: Flutter Mane\n|-damage|p2a: Flutter Mane|0 fnt\n|faint|p2a: Flutter Mane\n|-end|p2a: Flutter Mane|Protosynthesis|[silent]\n|-damage|p1b: Dondozo|14\/100|[from] Recoil\n|\n|-heal|p1b: Dondozo|20\/100|[from] item: Leftovers\n|upkeep\n|\n|t:|1737311106\n|switch|p2a: Kyurem|Kyurem-White, L50|100\/100\n|-ability|p2a: Kyurem|Turboblaze\n|turn|6\n|\n|t:|1737311111\n|move|p1b: Dondozo|Protect|p1b: Dondozo\n|-singleturn|p1b: Dondozo|Protect\n|move|p2b: Tornadus|Bleakwind Storm|p1a: Tatsugiri|[spread] \n|-miss|p2b: Tornadus|p1a: Tatsugiri\n|-activate|p1b: Dondozo|move: Protect\n|move|p2a: Kyurem|Freeze-Dry|p1b: Dondozo\n|-activate|p1b: Dondozo|move: Protect\n|\n|-heal|p1b: Dondozo|26\/100|[from] item: Leftovers\n|upkeep\n|turn|7\n|\n|t:|1737311119\n|move|p1b: Dondozo|Protect||[still]\n|-fail|p1b: Dondozo\n|move|p2b: Tornadus|Bleakwind Storm|p1a: Tatsugiri|[spread] p1b\n|-miss|p2b: Tornadus|p1a: Tatsugiri\n|-damage|p1b: Dondozo|9\/100\n|-unboost|p1b: Dondozo|spe|1\n|move|p2a: Kyurem|Freeze-Dry|p1b: Dondozo\n|-supereffective|p1b: Dondozo\n|-damage|p1b: Dondozo|0 fnt\n|faint|p1b: Dondozo\n|\n|upkeep\n|\n|t:|1737311132\n|switch|p1b: Weezing|Weezing-Galar, L50, M|71\/100\n|-ability|p1b: Weezing|Neutralizing Gas\n|turn|8\n|\n|t:|1737311150\n|move|p2b: Tornadus|Bleakwind Storm|p1b: Weezing|[spread] p1a,p1b\n|-damage|p1a: Tatsugiri|55\/100\n|-damage|p1b: Weezing|14\/100\n|move|p2a: Kyurem|Freeze-Dry|p1a: Tatsugiri\n|-supereffective|p1a: Tatsugiri\n|-damage|p1a: Tatsugiri|0 fnt\n|faint|p1a: Tatsugiri\n|move|p1b: Weezing|Clear Smog|p2b: Tornadus\n|-damage|p2b: Tornadus|0 fnt\n|-clearboost|p2b: Tornadus\n|faint|p2b: Tornadus\n|\n|-sideend|p2: bluestraggler02|move: Tailwind\n|upkeep\n|\n|t:|1737311156\n|switch|p1a: Calyrex|Calyrex-Shadow, L50, tera:Ghost|49\/100 brn\n|-ability|p1a: Calyrex|As One\n|-ability|p1a: Calyrex|Unnerve\n|turn|9\n|-message|bluestraggler02 forfeited.\n|\n|win|ziupro123\n|raw|ziupro123's rating: 1504 &rarr; <strong>1529<\/strong><br \/>(+25 for winning)\n|raw|bluestraggler02's rating: 1597 &rarr; <strong>1572<\/strong><br \/>(-25 for losing)\n|l|\u2606bluestraggler02\n|player|p2|\n|l|\u2606ziupro123\n|player|p1|\n","uploadtime":1737311370,"views":9,"formatid":"gen9vgc2025regg","rating":1529,"private":0,"password":null}