{"id":"gen9vgc2025regg-2284760582","format":"[Gen 9] VGC 2025 Reg G","players":["TerpisKora","ched07"],"log":"|j|\u2606TerpisKora\n|j|\u2606ched07\n|t:|1737395497\n|gametype|doubles\n|player|p1|TerpisKora|depotagent|1639\n|player|p2|ched07|169|1590\n|teamsize|p1|6\n|teamsize|p2|6\n|gen|9\n|tier|[Gen 9] VGC 2025 Reg G\n|rated|\n|rule|Species Clause: Limit one of each Pok\u00e9mon\n|rule|Item Clause: Limit 1 of each item\n|clearpoke\n|poke|p1|Brute Bonnet, L50|\n|poke|p1|Flutter Mane, L50|\n|poke|p1|Heatran, L50, F|\n|poke|p1|Indeedee-F, L50, F|\n|poke|p1|Iron Bundle, L50|\n|poke|p1|Koraidon, L50|\n|poke|p2|Calyrex-Shadow, L50|\n|poke|p2|Indeedee-F, L50, F|\n|poke|p2|Incineroar, L50, F|\n|poke|p2|Urshifu-*, L50, F|\n|poke|p2|Ogerpon-Cornerstone, L50, F|\n|poke|p2|Iron Bundle, L50|\n|teampreview|4\n|j| FairyOfDoom\n|inactive|Battle timer is ON: inactive players will automatically lose when time's up. (requested by TerpisKora)\n|\n|t:|1737395575\n|start\n|switch|p1a: Indeedee|Indeedee-F, L50, F|100\/100\n|switch|p1b: Heatran|Heatran, L50, F|100\/100\n|switch|p2a: Calyrex|Calyrex-Shadow, L50|100\/100\n|switch|p2b: Incineroar|Incineroar, L50, F|100\/100\n|-ability|p2a: Calyrex|As One\n|-ability|p2a: Calyrex|Unnerve\n|-fieldstart|move: Psychic Terrain|[from] ability: Psychic Surge|[of] p1a: Indeedee\n|-enditem|p1a: Indeedee|Psychic Seed\n|-boost|p1a: Indeedee|spd|1|[from] item: Psychic Seed\n|-ability|p2b: Incineroar|Intimidate|boost\n|-unboost|p1a: Indeedee|atk|1\n|-unboost|p1b: Heatran|atk|1\n|turn|1\n|l| FairyOfDoom\n|inactive|TerpisKora has 30 seconds left.\n|inactive|ched07 has 30 seconds left.\n|\n|t:|1737395609\n|move|p2a: Calyrex|Protect|p2a: Calyrex\n|-singleturn|p2a: Calyrex|Protect\n|move|p1b: Heatran|Earth Power|p2b: Incineroar\n|-supereffective|p2b: Incineroar\n|-damage|p2b: Incineroar|52\/100\n|move|p2b: Incineroar|Parting Shot|p1b: Heatran\n|-unboost|p1b: Heatran|atk|1\n|-unboost|p1b: Heatran|spa|1\n|\n|t:|1737395631\n|switch|p2b: Ogerpon|Ogerpon-Cornerstone, L50, F|100\/100|[from] Parting Shot\n|move|p1a: Indeedee|Trick Room|p1a: Indeedee\n|-fieldstart|move: Trick Room|[of] p1a: Indeedee\n|\n|upkeep\n|turn|2\n|\n|t:|1737395653\n|move|p2b: Ogerpon|Follow Me|p2b: Ogerpon\n|-singleturn|p2b: Ogerpon|move: Follow Me\n|move|p1b: Heatran|Heat Wave|p2b: Ogerpon|[spread] p2a,p2b\n|-damage|p2a: Calyrex|76\/100\n|-damage|p2b: Ogerpon|75\/100\n|move|p1a: Indeedee|Psychic|p2b: Ogerpon\n|-damage|p2b: Ogerpon|38\/100\n|move|p2a: Calyrex|Calm Mind|p2a: Calyrex\n|-boost|p2a: Calyrex|spa|1\n|-boost|p2a: Calyrex|spd|1\n|\n|upkeep\n|turn|3\n|\n|t:|1737395672\n|switch|p1a: Brute Bonnet|Brute Bonnet, L50|100\/100\n|move|p2b: Ogerpon|Spiky Shield|p2b: Ogerpon\n|-singleturn|p2b: Ogerpon|move: Protect\n|move|p2a: Calyrex|Protect|p2a: Calyrex\n|-singleturn|p2a: Calyrex|Protect\n|move|p1b: Heatran|Flash Cannon|p2b: Ogerpon\n|-activate|p2b: Ogerpon|move: Protect\n|\n|upkeep\n|turn|4\n|inactive|TerpisKora has 30 seconds left.\n|inactive|ched07 has 30 seconds left.\n|inactive|TerpisKora has 20 seconds left.\n|\n|t:|1737395712\n|switch|p2b: Incineroar|Incineroar, L50, F|52\/100\n|-ability|p2b: Incineroar|Intimidate|boost\n|-unboost|p1a: Brute Bonnet|atk|1\n|-unboost|p1b: Heatran|atk|1\n|-terastallize|p2a: Calyrex|Dark\n|move|p1a: Brute Bonnet|Seed Bomb|p2b: Incineroar\n|-resisted|p2b: Incineroar\n|-damage|p2b: Incineroar|42\/100\n|move|p1b: Heatran|Flash Cannon|p2a: Calyrex\n|-damage|p2a: Calyrex|60\/100\n|move|p2a: Calyrex|Astral Barrage|p1b: Heatran|[spread] p1a,p1b\n|-resisted|p1a: Brute Bonnet\n|-damage|p1a: Brute Bonnet|60\/100\n|-damage|p1b: Heatran|41\/100\n|-damage|p2a: Calyrex|50\/100|[from] item: Life Orb\n|\n|upkeep\n|turn|5\n|inactive|TerpisKora has 30 seconds left.\n|inactive|ched07 has 30 seconds left.\n|inactive|TerpisKora has 20 seconds left.\n|inactive|ched07 has 20 seconds left.\n|inactive|TerpisKora has 15 seconds left.\n|inactive|ched07 has 15 seconds left.\n|inactive|TerpisKora has 10 seconds left.\n|inactive|ched07 has 10 seconds left.\n|\n|t:|1737395761\n|switch|p2b: Iron Bundle|Iron Bundle, L50|100\/100\n|-enditem|p2b: Iron Bundle|Booster Energy\n|-activate|p2b: Iron Bundle|ability: Quark Drive|[fromitem]\n|-start|p2b: Iron Bundle|quarkdrivespe\n|-terastallize|p1b: Heatran|Fairy\n|move|p2a: Calyrex|Protect|p2a: Calyrex\n|-singleturn|p2a: Calyrex|Protect\n|move|p1a: Brute Bonnet|Spore|p2b: Iron Bundle\n|-status|p2b: Iron Bundle|slp|[from] move: Spore\n|move|p1b: Heatran|Tera Blast|p2a: Calyrex|[anim] Tera Blast Fairy\n|-activate|p2a: Calyrex|move: Protect\n|\n|-fieldend|move: Trick Room\n|-fieldend|move: Psychic Terrain\n|upkeep\n|turn|6\n|inactive|ched07 has 30 seconds left.\n|\n|t:|1737395790\n|cant|p2b: Iron Bundle|slp\n|move|p2a: Calyrex|Astral Barrage|p1a: Brute Bonnet|[spread] p1a,p1b\n|-resisted|p1a: Brute Bonnet\n|-damage|p1a: Brute Bonnet|19\/100\n|-damage|p1b: Heatran|0 fnt\n|faint|p1b: Heatran\n|-ability|p2a: Calyrex|Grim Neigh|boost\n|-boost|p2a: Calyrex|spa|1\n|-damage|p2a: Calyrex|40\/100|[from] item: Life Orb\n|move|p1a: Brute Bonnet|Spore|p2a: Calyrex\n|-status|p2a: Calyrex|slp|[from] move: Spore\n|\n|upkeep\n|\n|t:|1737395806\n|switch|p1b: Koraidon|Koraidon, L50|100\/100\n|-weather|SunnyDay|[from] ability: Orichalcum Pulse|[of] p1b: Koraidon\n|-activate|p1a: Brute Bonnet|ability: Protosynthesis\n|-start|p1a: Brute Bonnet|protosynthesisdef\n|-activate|p1b: Koraidon|Orichalcum Pulse|[source]\n|turn|7\n|\n|t:|1737395830\n|switch|p2a: Incineroar|Incineroar, L50, F|42\/100\n|-ability|p2a: Incineroar|Intimidate|boost\n|-unboost|p1a: Brute Bonnet|atk|1\n|-fail|p1b: Koraidon|unboost|[from] item: Clear Amulet|[of] p1b: Koraidon\n|cant|p2b: Iron Bundle|slp\n|move|p1b: Koraidon|Collision Course|p2a: Incineroar\n|-supereffective|p2a: Incineroar\n|-damage|p2a: Incineroar|0 fnt\n|faint|p2a: Incineroar\n|move|p1a: Brute Bonnet|Seed Bomb|p2b: Iron Bundle\n|-supereffective|p2b: Iron Bundle\n|-damage|p2b: Iron Bundle|58\/100 slp\n|\n|-weather|SunnyDay|[upkeep]\n|upkeep\n|\n|t:|1737395851\n|switch|p2a: Calyrex|Calyrex-Shadow, L50, tera:Dark|40\/100 slp\n|-ability|p2a: Calyrex|As One\n|-ability|p2a: Calyrex|Unnerve\n|turn|8\n|\n|t:|1737395866\n|-curestatus|p2b: Iron Bundle|slp|[msg]\n|move|p2b: Iron Bundle|Icy Wind|p1b: Koraidon|[spread] p1a,p1b\n|-supereffective|p1a: Brute Bonnet\n|-supereffective|p1b: Koraidon\n|-damage|p1a: Brute Bonnet|0 fnt\n|-damage|p1b: Koraidon|64\/100\n|faint|p1a: Brute Bonnet\n|-end|p1a: Brute Bonnet|Protosynthesis|[silent]\n|cant|p2a: Calyrex|slp\n|move|p1b: Koraidon|Collision Course|p2a: Calyrex\n|-supereffective|p2a: Calyrex\n|-damage|p2a: Calyrex|0 fnt\n|faint|p2a: Calyrex\n|\n|-weather|SunnyDay|[upkeep]\n|upkeep\n|\n|t:|1737395882\n|switch|p2a: Ogerpon|Ogerpon-Cornerstone, L50, F|38\/100\n|switch|p1a: Indeedee|Indeedee-F, L50, F|100\/100\n|-fieldstart|move: Psychic Terrain|[from] ability: Psychic Surge|[of] p1a: Indeedee\n|turn|9\n|inactive|ched07 has 30 seconds left.\n|j| BLiiNDProdiigy\n|\n|t:|1737395908\n|move|p1b: Koraidon|Protect|p1b: Koraidon\n|-singleturn|p1b: Koraidon|Protect\n|move|p2b: Iron Bundle|Freeze-Dry|p1b: Koraidon\n|-activate|p1b: Koraidon|move: Protect\n|move|p2a: Ogerpon|Ivy Cudgel|p1b: Koraidon|[anim] Ivy Cudgel Rock\n|-activate|p1b: Koraidon|move: Protect\n|move|p1a: Indeedee|Trick Room|p1a: Indeedee\n|-fieldstart|move: Trick Room|[of] p1a: Indeedee\n|\n|-weather|SunnyDay|[upkeep]\n|upkeep\n|turn|10\n|\n|t:|1737395923\n|move|p2a: Ogerpon|Follow Me|p2a: Ogerpon\n|-singleturn|p2a: Ogerpon|move: Follow Me\n|move|p1a: Indeedee|Psychic|p2a: Ogerpon\n|-damage|p2a: Ogerpon|0 fnt\n|faint|p2a: Ogerpon\n|move|p1b: Koraidon|Collision Course|p2b: Iron Bundle\n|-supereffective|p2b: Iron Bundle\n|-damage|p2b: Iron Bundle|0 fnt\n|faint|p2b: Iron Bundle\n|-end|p2b: Iron Bundle|Quark Drive|[silent]\n|\n|win|TerpisKora\n|raw|TerpisKora's rating: 1639 &rarr; <strong>1656<\/strong><br \/>(+17 for winning)\n|raw|ched07's rating: 1590 &rarr; <strong>1573<\/strong><br \/>(-17 for losing)\n|l|\u2606ched07\n|player|p2|\n|l| BLiiNDProdiigy\n","uploadtime":1737396183,"views":12,"formatid":"gen9vgc2025regg","rating":1573,"private":0,"password":null}