{"id":"gen9vgc2025regg-2284675302","format":"[Gen 9] VGC 2025 Reg G","players":["actuary97","TonyPajamas16"],"log":"|j|\u2606actuary97\n|j|\u2606TonyPajamas16\n|t:|1737386010\n|gametype|doubles\n|player|p1|actuary97|sabrina-frlg|1571\n|player|p2|TonyPajamas16|266|1632\n|teamsize|p1|6\n|teamsize|p2|6\n|gen|9\n|tier|[Gen 9] VGC 2025 Reg G\n|rated|\n|rule|Species Clause: Limit one of each Pok\u00e9mon\n|rule|Item Clause: Limit 1 of each item\n|clearpoke\n|poke|p1|Amoonguss, L50, M|\n|poke|p1|Comfey, L50, M|\n|poke|p1|Whimsicott, L50, M|\n|poke|p1|Rillaboom, L50, M|\n|poke|p1|Kyogre, L50|\n|poke|p1|Archaludon, L50, M|\n|poke|p2|Groudon, L50|\n|poke|p2|Sableye, L50, M|\n|poke|p2|Rillaboom, L50, F|\n|poke|p2|Gouging Fire, L50|\n|poke|p2|Raging Bolt, L50|\n|poke|p2|Scream Tail, L50|\n|teampreview|4\n|\n|t:|1737386046\n|start\n|switch|p1a: Whimsicott|Whimsicott, L50, M, shiny|100\/100\n|switch|p1b: Archaludon|Archaludon, L50, M, shiny|100\/100\n|switch|p2a: Scream Tail|Scream Tail, L50, shiny|100\/100\n|switch|p2b: Sableye|Sableye, L50, M, shiny|100\/100\n|-enditem|p2a: Scream Tail|Booster Energy\n|-activate|p2a: Scream Tail|ability: Protosynthesis|[fromitem]\n|-start|p2a: Scream Tail|protosynthesisspe\n|turn|1\n|\n|t:|1737386058\n|move|p2b: Sableye|Gravity|p2b: Sableye\n|-fieldstart|move: Gravity\n|move|p2a: Scream Tail|Sing|p1b: Archaludon\n|-status|p1b: Archaludon|slp|[from] move: Sing\n|move|p1a: Whimsicott|Beat Up|p1b: Archaludon\n|-damage|p1b: Archaludon|99\/100 slp\n|-ability|p1b: Archaludon|Stamina|boost\n|-boost|p1b: Archaludon|def|1\n|-damage|p1b: Archaludon|97\/100 slp\n|-ability|p1b: Archaludon|Stamina|boost\n|-boost|p1b: Archaludon|def|1\n|-damage|p1b: Archaludon|96\/100 slp\n|-ability|p1b: Archaludon|Stamina|boost\n|-boost|p1b: Archaludon|def|1\n|-hitcount|p1b: Archaludon|3\n|cant|p1b: Archaludon|slp\n|\n|upkeep\n|turn|2\n|\n|t:|1737386082\n|-end|p2a: Scream Tail|Protosynthesis|[silent]\n|switch|p2a: Groudon|Groudon, L50|100\/100\n|-weather|SunnyDay|[from] ability: Drought|[of] p2a: Groudon\n|move|p1a: Whimsicott|Tailwind|p1a: Whimsicott\n|-sidestart|p1: actuary97|move: Tailwind\n|move|p2b: Sableye|Encore|p1a: Whimsicott\n|-start|p1a: Whimsicott|Encore\n|-curestatus|p1b: Archaludon|slp|[msg]\n|move|p1b: Archaludon|Snarl|p2b: Sableye|[spread] p2a,p2b\n|-damage|p2a: Groudon|93\/100\n|-damage|p2b: Sableye|82\/100\n|-unboost|p2a: Groudon|spa|1\n|-unboost|p2b: Sableye|spa|1\n|-enditem|p2b: Sableye|Eject Button\n|\n|t:|1737386097\n|switch|p2b: Scream Tail|Scream Tail, L50, shiny|100\/100\n|-activate|p2b: Scream Tail|ability: Protosynthesis\n|-start|p2b: Scream Tail|protosynthesisspe\n|\n|-weather|SunnyDay|[upkeep]\n|upkeep\n|turn|3\n|\n|t:|1737386109\n|switch|p1a: Kyogre|Kyogre, L50, shiny|100\/100\n|-weather|RainDance|[from] ability: Drizzle|[of] p1a: Kyogre\n|-end|p2b: Scream Tail|Protosynthesis\n|move|p1b: Archaludon|Body Press|p2a: Groudon\n|-damage|p2a: Groudon|58\/100\n|move|p2b: Scream Tail|Sing|p1b: Archaludon\n|-status|p1b: Archaludon|slp|[from] move: Sing\n|move|p2a: Groudon|Precipice Blades|p1a: Kyogre|[spread] p1a,p1b\n|-supereffective|p1b: Archaludon\n|-damage|p1a: Kyogre|48\/100\n|-damage|p1b: Archaludon|62\/100 slp\n|-ability|p1b: Archaludon|Stamina|boost\n|-boost|p1b: Archaludon|def|1\n|\n|-weather|RainDance|[upkeep]\n|upkeep\n|turn|4\n|\n|t:|1737386134\n|switch|p2a: Sableye|Sableye, L50, M, shiny|82\/100\n|move|p1a: Kyogre|Origin Pulse|p2a: Sableye|[spread] p2a,p2b\n|-damage|p2a: Sableye|0 fnt\n|-damage|p2b: Scream Tail|54\/100\n|faint|p2a: Sableye\n|cant|p1b: Archaludon|slp\n|move|p2b: Scream Tail|Sing|p1a: Kyogre\n|-status|p1a: Kyogre|slp|[from] move: Sing\n|\n|-weather|RainDance|[upkeep]\n|upkeep\n|\n|t:|1737386148\n|switch|p2a: Groudon|Groudon, L50|58\/100\n|-weather|SunnyDay|[from] ability: Drought|[of] p2a: Groudon\n|-activate|p2b: Scream Tail|ability: Protosynthesis\n|-start|p2b: Scream Tail|protosynthesisspe\n|turn|5\n|\n|t:|1737386160\n|switch|p1a: Comfey|Comfey, L50, M, shiny|100\/100\n|move|p2b: Scream Tail|Disable|p1b: Archaludon\n|-start|p1b: Archaludon|Disable|Body Press\n|cant|p1b: Archaludon|slp\n|move|p2a: Groudon|Precipice Blades|p1a: Comfey|[spread] p1a,p1b\n|-supereffective|p1b: Archaludon\n|-damage|p1a: Comfey|43\/100\n|-damage|p1b: Archaludon|34\/100 slp\n|-ability|p1b: Archaludon|Stamina|boost\n|-boost|p1b: Archaludon|def|1\n|\n|-weather|SunnyDay|[upkeep]\n|-sideend|p1: actuary97|move: Tailwind\n|-fieldend|move: Gravity\n|upkeep\n|turn|6\n|\n|t:|1737386181\n|move|p1a: Comfey|Floral Healing|p1b: Archaludon\n|-heal|p1b: Archaludon|84\/100 slp\n|move|p2b: Scream Tail|Howl|p2b: Scream Tail|[spread] p2a,p2b\n|-boost|p2a: Groudon|atk|1\n|-boost|p2b: Scream Tail|atk|1\n|-curestatus|p1b: Archaludon|slp|[msg]\n|move|p1b: Archaludon|Flash Cannon|p2a: Groudon\n|-damage|p2a: Groudon|34\/100\n|move|p2a: Groudon|Precipice Blades|p1b: Archaludon|[spread] p1a,p1b\n|-supereffective|p1b: Archaludon\n|-damage|p1a: Comfey|0 fnt\n|-damage|p1b: Archaludon|47\/100\n|-ability|p1b: Archaludon|Stamina|boost\n|-boost|p1b: Archaludon|def|1\n|faint|p1a: Comfey\n|\n|-weather|SunnyDay|[upkeep]\n|upkeep\n|\n|t:|1737386193\n|switch|p1a: Whimsicott|Whimsicott, L50, M, shiny|100\/100\n|turn|7\n|\n|t:|1737386210\n|move|p1a: Whimsicott|Tailwind|p1a: Whimsicott\n|-sidestart|p1: actuary97|move: Tailwind\n|move|p2b: Scream Tail|Play Rough|p1a: Whimsicott\n|-damage|p1a: Whimsicott|51\/100\n|move|p1b: Archaludon|Flash Cannon|p2b: Scream Tail\n|-supereffective|p2b: Scream Tail\n|-damage|p2b: Scream Tail|0 fnt\n|faint|p2b: Scream Tail\n|-end|p2b: Scream Tail|Protosynthesis|[silent]\n|move|p2a: Groudon|Precipice Blades|p1a: Whimsicott|[spread] p1a,p1b\n|-resisted|p1a: Whimsicott\n|-supereffective|p1b: Archaludon\n|-damage|p1a: Whimsicott|0 fnt\n|-damage|p1b: Archaludon|17\/100\n|faint|p1a: Whimsicott\n|\n|-weather|SunnyDay|[upkeep]\n|upkeep\n|j| nistaka\n|\n|t:|1737386226\n|switch|p1a: Kyogre|Kyogre, L50, shiny|48\/100 slp\n|switch|p2b: Raging Bolt|Raging Bolt, L50|100\/100\n|-weather|RainDance|[from] ability: Drizzle|[of] p1a: Kyogre\n|turn|8\n|\n|t:|1737386255\n|-terastallize|p1a: Kyogre|Grass\n|-terastallize|p2b: Raging Bolt|Electric\n|cant|p1a: Kyogre|slp\n|move|p1b: Archaludon|Flash Cannon|p2a: Groudon\n|-damage|p2a: Groudon|12\/100\n|move|p2a: Groudon|Thunder Punch|p1a: Kyogre\n|-resisted|p1a: Kyogre\n|-damage|p1a: Kyogre|28\/100 slp\n|move|p2b: Raging Bolt|Thunderbolt|p1b: Archaludon\n|-resisted|p1b: Archaludon\n|-damage|p1b: Archaludon|0 fnt\n|faint|p1b: Archaludon\n|\n|-weather|RainDance|[upkeep]\n|upkeep\n|turn|9\n|\n|t:|1737386279\n|-curestatus|p1a: Kyogre|slp|[msg]\n|move|p1a: Kyogre|Origin Pulse|p2b: Raging Bolt|[spread] p2a,p2b\n|-supereffective|p2a: Groudon\n|-damage|p2a: Groudon|0 fnt\n|-damage|p2b: Raging Bolt|55\/100\n|faint|p2a: Groudon\n|move|p2b: Raging Bolt|Thunderbolt|p1a: Kyogre\n|-resisted|p1a: Kyogre\n|-damage|p1a: Kyogre|10\/100\n|\n|-weather|RainDance|[upkeep]\n|upkeep\n|turn|10\n|\n|t:|1737386291\n|move|p2b: Raging Bolt|Protect|p2b: Raging Bolt\n|-singleturn|p2b: Raging Bolt|Protect\n|move|p1a: Kyogre|Origin Pulse|p2b: Raging Bolt\n|-activate|p2b: Raging Bolt|move: Protect\n|\n|-weather|RainDance|[upkeep]\n|-sideend|p1: actuary97|move: Tailwind\n|upkeep\n|turn|11\n|\n|t:|1737386297\n|move|p2b: Raging Bolt|Thunderclap|p1a: Kyogre\n|-resisted|p1a: Kyogre\n|-damage|p1a: Kyogre|0 fnt\n|faint|p1a: Kyogre\n|\n|win|TonyPajamas16\n|raw|actuary97's rating: 1571 &rarr; <strong>1554<\/strong><br \/>(-17 for losing)\n|raw|TonyPajamas16's rating: 1632 &rarr; <strong>1649<\/strong><br \/>(+17 for winning)\n|c|\u2606actuary97|gg\n|l|\u2606TonyPajamas16\n|player|p2|\n|l|\u2606actuary97\n|player|p1|\n","uploadtime":1737386557,"views":5,"formatid":"gen9vgc2025regg","rating":1554,"private":0,"password":null}