{"id":"gen9vgc2025regg-2284862781","format":"[Gen 9] VGC 2025 Reg G","players":["TCM Zaukepoo","Meiose"],"log":"|j|\u2606TCM Zaukepoo\n|j|\u2606Meiose\n|t:|1737405978\n|gametype|doubles\n|player|p1|TCM Zaukepoo|265|1609\n|player|p2|Meiose|schoolkid-gen4|1584\n|teamsize|p1|6\n|teamsize|p2|6\n|gen|9\n|tier|[Gen 9] VGC 2025 Reg G\n|rated|\n|rule|Species Clause: Limit one of each Pok\u00e9mon\n|rule|Item Clause: Limit 1 of each item\n|clearpoke\n|poke|p1|Kyogre, L50|\n|poke|p1|Indeedee-F, L50, F|\n|poke|p1|Ditto, L50|\n|poke|p1|Tornadus, L50, M|\n|poke|p1|Smeargle, L50, M|\n|poke|p1|Araquanid, L50, F|\n|poke|p2|Zamazenta-*, L50|\n|poke|p2|Chien-Pao, L50|\n|poke|p2|Urshifu-*, L50, M|\n|poke|p2|Tornadus, L50, M|\n|poke|p2|Raging Bolt, L50|\n|poke|p2|Landorus, L50, M|\n|teampreview|4\n|inactive|Battle timer is ON: inactive players will automatically lose when time's up. (requested by TCM Zaukepoo)\n|j| FairyOfDoom\nTCM Zaukepoo has agreed to open team sheets.\n|l| FairyOfDoom\nMeiose has agreed to open team sheets.\n|showteam|p1|Kyogre||ChoiceSpecs|Drizzle|WaterSpout,Thunder,IceBeam,HydroPump||||||50|,,,,,Water]Indeedee-F||SafetyGoggles|PsychicSurge|FollowMe,DazzlingGleam,HealPulse,HelpingHand|||F|||50|,,,,,Psychic]Ditto||ChoiceScarf|Imposter|Transform||||||50|,,,,,Normal]Tornadus||CovertCloak|Prankster|Tailwind,RainDance,Taunt,BleakwindStorm|||M|||50|,,,,,Flying]Smeargle||FocusSash|Moody|QuickGuard,WideGuard,FollowMe,Spore|||M|||50|,,,,,Ghost]Araquanid||ClearAmulet|WaterBubble|Lunge,Liquidation,SkitterSmack,WideGuard|||F|||50|,,,,,Water\n|showteam|p2|Zamazenta-Crowned||RustedShield|DauntlessShield|BodyPress,HeavySlam,WideGuard,Protect||||||50|,,,,,Grass]Chien-Pao||FocusSash|SwordofRuin|IceSpinner,Haze,SuckerPunch,Protect||||||50|,,,,,Ghost]Urshifu||SafetyGoggles|UnseenFist|WickedBlow,SuckerPunch,CloseCombat,Detect|||M|||50|,,,,,Ghost]Tornadus||CovertCloak|Prankster|RainDance,Tailwind,BleakwindStorm,Taunt|||M|||50|,,,,,Dark]Raging Bolt||AssaultVest|Protosynthesis|Thunderclap,Thunder,VoltSwitch,DracoMeteor||||||50|,,,,,Fairy]Landorus||LifeOrb|SheerForce|SandsearStorm,EarthPower,SludgeBomb,Protect|||M|||50|,,,,,Poison\n|inactive|Meiose has 30 seconds left.\n|inactive|Meiose has 20 seconds left.\n|inactive|Meiose has 15 seconds left.\n|\n|t:|1737406046\n|start\n|switch|p1a: Kyogre|Kyogre, L50|100\/100\n|switch|p1b: Smeargle|Smeargle, L50, M|100\/100\n|switch|p2a: Tornadus|Tornadus, L50, M|100\/100\n|switch|p2b: Raging Bolt|Raging Bolt, L50|100\/100\n|-weather|RainDance|[from] ability: Drizzle|[of] p1a: Kyogre\n|turn|1\n|j| Therazer456\n|\n|t:|1737406067\n|-terastallize|p1a: Kyogre|Water\n|move|p1b: Smeargle|Follow Me|p1b: Smeargle\n|-singleturn|p1b: Smeargle|move: Follow Me\n|move|p2a: Tornadus|Taunt|p1b: Smeargle\n|-start|p1b: Smeargle|move: Taunt\n|move|p1a: Kyogre|Water Spout|p2b: Raging Bolt|[spread] p2a,p2b\n|-resisted|p2b: Raging Bolt\n|-damage|p2a: Tornadus|0 fnt\n|-damage|p2b: Raging Bolt|47\/100\n|faint|p2a: Tornadus\n|move|p2b: Raging Bolt|Thunder|p1b: Smeargle\n|-enditem|p1b: Smeargle|Focus Sash\n|-damage|p1b: Smeargle|1\/100\n|-status|p1b: Smeargle|par\n|\n|-weather|RainDance|[upkeep]\n|-ability|p1b: Smeargle|Moody|boost\n|-boost|p1b: Smeargle|spd|2\n|-unboost|p1b: Smeargle|spa|1\n|upkeep\n|\n|t:|1737406080\n|switch|p2a: Zamazenta|Zamazenta-Crowned, L50|100\/100\n|-ability|p2a: Zamazenta|Dauntless Shield|boost\n|-boost|p2a: Zamazenta|def|1\n|turn|2\n|\n|t:|1737406091\n|switch|p1a: Tornadus|Tornadus, L50, M|100\/100\n|switch|p1b: Ditto|Ditto, L50|100\/100\n|-transform|p1b: Ditto|p2a: Zamazenta|[from] ability: Imposter\n|-ability|p1b: Ditto|Dauntless Shield|boost\n|-boost|p1b: Ditto|def|1\n|move|p2a: Zamazenta|Wide Guard|p2a: Zamazenta\n|-singleturn|p2a: Zamazenta|Wide Guard\n|move|p2b: Raging Bolt|Thunder|p1b: Ditto\n|-damage|p1b: Ditto|50\/100\n|\n|-weather|RainDance|[upkeep]\n|upkeep\n|turn|3\n|inactive|Meiose has 30 seconds left.\n|inactive|Meiose has 20 seconds left.\n|inactive|Meiose has 15 seconds left.\n|inactive|Meiose has 10 seconds left.\n|\n|t:|1737406140\n|switch|p1a: Kyogre|Kyogre, L50, tera:Water|100\/100\n|-terastallize|p2b: Raging Bolt|Fairy\n|move|p2a: Zamazenta|Protect||[still]\n|-fail|p2a: Zamazenta\n|move|p1b: Ditto|Body Press|p2b: Raging Bolt\n|-resisted|p2b: Raging Bolt\n|-damage|p2b: Raging Bolt|9\/100\n|move|p2b: Raging Bolt|Thunder|p1a: Kyogre\n|-supereffective|p1a: Kyogre\n|-damage|p1a: Kyogre|15\/100\n|\n|-weather|RainDance|[upkeep]\n|upkeep\n|turn|4\n|\n|t:|1737406152\n|move|p2b: Raging Bolt|Thunderclap|p1a: Kyogre\n|-supereffective|p1a: Kyogre\n|-damage|p1a: Kyogre|0 fnt\n|faint|p1a: Kyogre\n|move|p1b: Ditto|Body Press|p2b: Raging Bolt\n|-resisted|p2b: Raging Bolt\n|-crit|p2b: Raging Bolt\n|-damage|p2b: Raging Bolt|0 fnt\n|faint|p2b: Raging Bolt\n|-end|p2b: Raging Bolt|Protosynthesis|[silent]\n|move|p2a: Zamazenta|Body Press|p1b: Ditto\n|-supereffective|p1b: Ditto\n|-damage|p1b: Ditto|4\/100\n|\n|-weather|RainDance|[upkeep]\n|upkeep\n|\n|t:|1737406161\n|switch|p1a: Smeargle|Smeargle, L50, M|1\/100 par\n|switch|p2b: Chien-Pao|Chien-Pao, L50|100\/100\n|-ability|p2b: Chien-Pao|Sword of Ruin\n|turn|5\n|inactive|Meiose has 30 seconds left.\n|\n|t:|1737406190\n|move|p2a: Zamazenta|Protect|p2a: Zamazenta\n|-singleturn|p2a: Zamazenta|Protect\n|move|p1a: Smeargle|Follow Me|p1a: Smeargle\n|-singleturn|p1a: Smeargle|move: Follow Me\n|move|p1b: Ditto|Body Press|p2a: Zamazenta\n|-activate|p2a: Zamazenta|move: Protect\n|move|p2b: Chien-Pao|Ice Spinner|p1a: Smeargle\n|-damage|p1a: Smeargle|0 fnt\n|faint|p1a: Smeargle\n|\n|-weather|none\n|upkeep\n|\n|t:|1737406193\n|switch|p1a: Tornadus|Tornadus, L50, M|100\/100\n|turn|6\n|\n|t:|1737406206\n|move|p2b: Chien-Pao|Sucker Punch|p1b: Ditto\n|-resisted|p1b: Ditto\n|-damage|p1b: Ditto|0 fnt\n|faint|p1b: Ditto\n|move|p1a: Tornadus|Taunt|p2a: Zamazenta\n|-start|p2a: Zamazenta|move: Taunt\n|move|p2a: Zamazenta|Heavy Slam|p1a: Tornadus\n|-damage|p1a: Tornadus|0 fnt\n|faint|p1a: Tornadus\n|\n|win|Meiose\n|raw|TCM Zaukepoo's rating: 1609 &rarr; <strong>1588<\/strong><br \/>(-21 for losing)\n|raw|Meiose's rating: 1584 &rarr; <strong>1605<\/strong><br \/>(+21 for winning)\n","uploadtime":1737406209,"views":70,"formatid":"gen9vgc2025regg","rating":1588,"private":0,"password":null}