{"id":"gen9vgc2025regg-2284775960","format":"[Gen 9] VGC 2025 Reg G","players":["chin8","DimensionalFool"],"log":"|j|\u2606chin8\n|j|\u2606DimensionalFool\n|t:|1737397084\n|gametype|doubles\n|player|p1|chin8|gentleman-gen4dp|1545\n|player|p2|DimensionalFool|steven|1611\n|teamsize|p1|6\n|teamsize|p2|6\n|gen|9\n|tier|[Gen 9] VGC 2025 Reg G\n|rated|\n|rule|Species Clause: Limit one of each Pok\u00e9mon\n|rule|Item Clause: Limit 1 of each item\n|clearpoke\n|poke|p1|Calyrex-Shadow, L50|\n|poke|p1|Incineroar, L50, M|\n|poke|p1|Rillaboom, L50, M|\n|poke|p1|Gastrodon-East, L50, M|\n|poke|p1|Hitmonchan, L50, M|\n|poke|p1|Tropius, L50, M|\n|poke|p2|Grimmsnarl, L50, M|\n|poke|p2|Landorus, L50, M|\n|poke|p2|Calyrex-Ice, L50|\n|poke|p2|Pelipper, L50, F|\n|poke|p2|Urshifu-*, L50, F|\n|poke|p2|Rillaboom, L50, M|\n|teampreview|4\n|inactive|Battle timer is ON: inactive players will automatically lose when time's up. (requested by DimensionalFool)\n|inactive|DimensionalFool has 60 seconds left.\n|\n|t:|1737397126\n|start\n|switch|p1a: Calyrex|Calyrex-Shadow, L50|100\/100\n|switch|p1b: Hitmonchan|Hitmonchan, L50, M|100\/100\n|switch|p2a: Pelipper|Pelipper, L50, F|100\/100\n|switch|p2b: Urshifu|Urshifu-Rapid-Strike, L50, F|100\/100\n|-ability|p1a: Calyrex|As One\n|-ability|p1a: Calyrex|Unnerve\n|-weather|RainDance|[from] ability: Drizzle|[of] p2a: Pelipper\n|turn|1\n|\n|t:|1737397146\n|switch|p1b: Gastrodon|Gastrodon-East, L50, M, shiny|100\/100\n|-terastallize|p2b: Urshifu|Ghost\n|move|p2a: Pelipper|Wide Guard|p2a: Pelipper\n|-singleturn|p2a: Pelipper|Wide Guard\n|move|p2b: Urshifu|Surging Strikes|p1b: Gastrodon\n|-activate|p1b: Gastrodon|ability: Storm Drain\n|-ability|p1b: Gastrodon|Storm Drain|boost\n|-boost|p1b: Gastrodon|spa|1\n|move|p1a: Calyrex|Calm Mind|p1a: Calyrex\n|-boost|p1a: Calyrex|spa|1\n|-boost|p1a: Calyrex|spd|1\n|\n|-weather|RainDance|[upkeep]\n|upkeep\n|turn|2\n|\n|t:|1737397161\n|switch|p2b: Landorus|Landorus, L50, M|100\/100\n|move|p1a: Calyrex|Draining Kiss|p2a: Pelipper\n|-damage|p2a: Pelipper|47\/100\n|move|p2a: Pelipper|Tailwind|p2a: Pelipper\n|-sidestart|p2: DimensionalFool|move: Tailwind\n|move|p1b: Gastrodon|Icy Wind|p2b: Landorus|[spread] p2a,p2b\n|-supereffective|p2b: Landorus\n|-damage|p2a: Pelipper|22\/100\n|-damage|p2b: Landorus|30\/100\n|-unboost|p2a: Pelipper|spe|1\n|-unboost|p2b: Landorus|spe|1\n|\n|-weather|RainDance|[upkeep]\n|upkeep\n|turn|3\n|j| SuN0nPls\n|j| bluestraggler02\n|inactive|chin8 has 30 seconds left.\n|\n|t:|1737397186\n|switch|p1b: Rillaboom|Rillaboom, L50, M|100\/100\n|-fieldstart|move: Grassy Terrain|[from] ability: Grassy Surge|[of] p1b: Rillaboom\n|move|p1a: Calyrex|Protect|p1a: Calyrex\n|-singleturn|p1a: Calyrex|Protect\n|move|p2b: Landorus|Earth Power|p1b: Rillaboom\n|-resisted|p1b: Rillaboom\n|-damage|p1b: Rillaboom|78\/100\n|move|p2a: Pelipper|Hurricane|p1b: Rillaboom\n|-supereffective|p1b: Rillaboom\n|-damage|p1b: Rillaboom|5\/100\n|\n|-weather|RainDance|[upkeep]\n|-heal|p1b: Rillaboom|11\/100|[from] Grassy Terrain\n|upkeep\n|turn|4\n|\n|t:|1737397202\n|move|p2b: Landorus|Protect|p2b: Landorus\n|-singleturn|p2b: Landorus|Protect\n|move|p1b: Rillaboom|Grassy Glide|p2b: Landorus\n|-activate|p2b: Landorus|move: Protect\n|move|p1a: Calyrex|Draining Kiss|p2a: Pelipper\n|-damage|p2a: Pelipper|0 fnt\n|faint|p2a: Pelipper\n|-ability|p1a: Calyrex|Grim Neigh|boost\n|-boost|p1a: Calyrex|spa|1\n|\n|-weather|RainDance|[upkeep]\n|-heal|p1b: Rillaboom|17\/100|[from] Grassy Terrain\n|upkeep\n|\n|t:|1737397211\n|switch|p2a: Urshifu|Urshifu-Rapid-Strike, L50, F, tera:Ghost|100\/100\n|turn|5\n|\n|t:|1737397226\n|switch|p1b: Gastrodon|Gastrodon-East, L50, M, shiny|100\/100\n|move|p2a: Urshifu|Close Combat|p1b: Gastrodon\n|-damage|p1b: Gastrodon|30\/100\n|-unboost|p2a: Urshifu|def|1\n|-unboost|p2a: Urshifu|spd|1\n|move|p2b: Landorus|Sandsear Storm|p1b: Gastrodon|[spread] p1a,p1b\n|-damage|p1a: Calyrex|61\/100\n|-damage|p1b: Gastrodon|0 fnt\n|faint|p1b: Gastrodon\n|move|p1a: Calyrex|Astral Barrage|p2b: Landorus|[spread] p2a,p2b\n|-supereffective|p2a: Urshifu\n|-damage|p2a: Urshifu|0 fnt\n|-damage|p2b: Landorus|0 fnt\n|faint|p2a: Urshifu\n|faint|p2b: Landorus\n|-ability|p1a: Calyrex|Grim Neigh|boost\n|-boost|p1a: Calyrex|spa|2\n|\n|-weather|none\n|-heal|p1a: Calyrex|67\/100|[from] Grassy Terrain\n|-sideend|p2: DimensionalFool|move: Tailwind\n|upkeep\n|\n|t:|1737397237\n|switch|p2b: Calyrex|Calyrex-Ice, L50|100\/100\n|switch|p1b: Rillaboom|Rillaboom, L50, M|17\/100\n|-ability|p2b: Calyrex|As One\n|-ability|p2b: Calyrex|Unnerve\n|turn|6\n|\n|t:|1737397241\n|move|p1b: Rillaboom|Fake Out|p2b: Calyrex\n|-damage|p2b: Calyrex|92\/100\n|move|p1a: Calyrex|Astral Barrage|p2b: Calyrex\n|-supereffective|p2b: Calyrex\n|-damage|p2b: Calyrex|0 fnt\n|faint|p2b: Calyrex\n|\n|win|chin8\n|raw|chin8's rating: 1545 &rarr; <strong>1569<\/strong><br \/>(+24 for winning)\n|raw|DimensionalFool's rating: 1611 &rarr; <strong>1587<\/strong><br \/>(-24 for losing)\n|l|\u2606DimensionalFool\n|player|p2|\n|l|\u2606chin8\n|player|p1|\n|l| SuN0nPls\n|l| bluestraggler02\n","uploadtime":1737397447,"views":13,"formatid":"gen9vgc2025regg","rating":1569,"private":0,"password":null}