{"id":"gen9vgc2025regg-2284905508","format":"[Gen 9] VGC 2025 Reg G","players":["aveorni","Imnotagni"],"log":"|j|\u2606aveorni\n|j|\u2606Imnotagni\n|t:|1737410464\n|gametype|doubles\n|player|p1|aveorni|ghetsis|1525\n|player|p2|Imnotagni|policeman-gen4|1640\n|teamsize|p1|6\n|teamsize|p2|6\n|gen|9\n|tier|[Gen 9] VGC 2025 Reg G\n|rated|\n|rule|Species Clause: Limit one of each Pok\u00e9mon\n|rule|Item Clause: Limit 1 of each item\n|clearpoke\n|poke|p1|Calyrex-Shadow, L50|\n|poke|p1|Weezing-Galar, L50, F|\n|poke|p1|Dondozo, L50, M|\n|poke|p1|Tatsugiri, L50, M|\n|poke|p1|Indeedee-F, L50, F|\n|poke|p1|Urshifu-*, L50, F|\n|poke|p2|Zacian-*, L50|\n|poke|p2|Whimsicott, L50, M|\n|poke|p2|Chi-Yu, L50|\n|poke|p2|Regidrago, L50|\n|poke|p2|Ogerpon-Wellspring, L50, F|\n|poke|p2|Ditto, L50|\n|teampreview|4\n|inactive|Battle timer is ON: inactive players will automatically lose when time's up. (requested by Imnotagni)\n|inactive|aveorni also wants the timer to be on.\n|\n|t:|1737410492\n|start\n|switch|p1a: HORSE|Calyrex-Shadow, L50|100\/100\n|switch|p1b: FART|Weezing-Galar, L50, F|100\/100\n|switch|p2a: NIMBUS|Whimsicott, L50, M, shiny|100\/100\n|switch|p2b: VEGETA|Chi-Yu, L50|100\/100\n|-ability|p1a: HORSE|As One\n|-ability|p1a: HORSE|Unnerve\n|-ability|p1b: FART|Neutralizing Gas\n|turn|1\n|\n|t:|1737410498\n|-terastallize|p1a: HORSE|Fighting\n|-terastallize|p2a: NIMBUS|Dark\n|move|p1a: HORSE|Tera Blast|p2b: VEGETA|[anim] Tera Blast Fighting\n|-supereffective|p2b: VEGETA\n|-damage|p2b: VEGETA|0 fnt\n|faint|p2b: VEGETA\n|-ability|p1a: HORSE|Grim Neigh|boost\n|-boost|p1a: HORSE|spa|1\n|-damage|p1a: HORSE|91\/100|[from] item: Life Orb\n|move|p2a: NIMBUS|Tailwind|p2a: NIMBUS\n|-sidestart|p2: Imnotagni|move: Tailwind\n|move|p1b: FART|Toxic Spikes|p2a: NIMBUS\n|-sidestart|p2: Imnotagni|move: Toxic Spikes\n|\n|upkeep\n|\n|t:|1737410515\n|switch|p2b: MAJIN BUU|Ditto, L50|100\/100\n|-status|p2b: MAJIN BUU|psn\n|turn|2\n|c|\u2606Imnotagni|ah\n|\n|t:|1737410540\n|move|p2a: NIMBUS|Moonblast|p1a: HORSE\n|-supereffective|p1a: HORSE\n|-damage|p1a: HORSE|33\/100\n|move|p1a: HORSE|Tera Blast|p2b: MAJIN BUU|[anim] Tera Blast Fighting\n|-supereffective|p2b: MAJIN BUU\n|-enditem|p2b: MAJIN BUU|Focus Sash\n|-damage|p2b: MAJIN BUU|1\/100 psn\n|-damage|p1a: HORSE|23\/100|[from] item: Life Orb\n|move|p2b: MAJIN BUU|Transform|p1a: HORSE\n|-transform|p2b: MAJIN BUU|p1a: HORSE\n|-ability|p2b: MAJIN BUU|As One\n|-ability|p2b: MAJIN BUU|Unnerve\n|move|p1b: FART|Dazzling Gleam|p2b: MAJIN BUU|[spread] p2a,p2b\n|-supereffective|p2a: NIMBUS\n|-damage|p2a: NIMBUS|45\/100\n|-damage|p2b: MAJIN BUU|0 fnt\n|faint|p2b: MAJIN BUU\n|\n|upkeep\n|\n|t:|1737410542\n|switch|p2b: FUTURE TRUNKS|Zacian-Crowned, L50|100\/100\n|turn|3\n|\n|t:|1737410560\n|switch|p1a: I EAT SUSHI|Dondozo, L50, M, shiny|100\/100\n|move|p2b: FUTURE TRUNKS|Behemoth Blade|p1b: FART\n|-supereffective|p1b: FART\n|-damage|p1b: FART|0 fnt\n|faint|p1b: FART\n|-end|p1b: FART|ability: Neutralizing Gas\n|-ability|p2b: FUTURE TRUNKS|Intrepid Sword|boost\n|-boost|p2b: FUTURE TRUNKS|atk|1\n|move|p2a: NIMBUS|Moonblast|p1a: I EAT SUSHI\n|-damage|p1a: I EAT SUSHI|77\/100\n|\n|-heal|p1a: I EAT SUSHI|83\/100|[from] item: Leftovers\n|upkeep\n|\n|t:|1737410566\n|switch|p1b: HORSE|Calyrex-Shadow, L50, tera:Fighting|23\/100\n|-ability|p1b: HORSE|As One\n|-ability|p1b: HORSE|Unnerve\n|turn|4\n|\n|t:|1737410580\n|switch|p1b: SUSHI|Tatsugiri, L50, M, shiny|100\/100\n|-activate|p1b: SUSHI|ability: Commander|[of] p1a: I EAT SUSHI\n|-boost|p1a: I EAT SUSHI|atk|2\n|-boost|p1a: I EAT SUSHI|spa|2\n|-boost|p1a: I EAT SUSHI|spe|2\n|-boost|p1a: I EAT SUSHI|def|2\n|-boost|p1a: I EAT SUSHI|spd|2\n|move|p2a: NIMBUS|Protect|p2a: NIMBUS\n|-singleturn|p2a: NIMBUS|Protect\n|move|p2b: FUTURE TRUNKS|Protect|p2b: FUTURE TRUNKS\n|-singleturn|p2b: FUTURE TRUNKS|Protect\n|move|p1a: I EAT SUSHI|Wave Crash|p2a: NIMBUS\n|-activate|p2a: NIMBUS|move: Protect\n|\n|-heal|p1a: I EAT SUSHI|89\/100|[from] item: Leftovers\n|-sideend|p2: Imnotagni|move: Tailwind\n|upkeep\n|turn|5\n|\n|t:|1737410596\n|move|p2a: NIMBUS|Tailwind|p2a: NIMBUS\n|-sidestart|p2: Imnotagni|move: Tailwind\n|move|p2b: FUTURE TRUNKS|Play Rough|p1a: I EAT SUSHI\n|-damage|p1a: I EAT SUSHI|70\/100\n|-unboost|p1a: I EAT SUSHI|atk|1\n|move|p1a: I EAT SUSHI|Substitute|p1a: I EAT SUSHI\n|-start|p1a: I EAT SUSHI|Substitute\n|-damage|p1a: I EAT SUSHI|45\/100\n|\n|-heal|p1a: I EAT SUSHI|51\/100|[from] item: Leftovers\n|upkeep\n|turn|6\n|\n|t:|1737410606\n|move|p1a: I EAT SUSHI|Protect|p1a: I EAT SUSHI\n|-singleturn|p1a: I EAT SUSHI|Protect\n|move|p2a: NIMBUS|Encore|p1a: I EAT SUSHI\n|-activate|p1a: I EAT SUSHI|move: Protect\n|move|p2b: FUTURE TRUNKS|Play Rough|p1a: I EAT SUSHI\n|-activate|p1a: I EAT SUSHI|move: Protect\n|\n|-heal|p1a: I EAT SUSHI|58\/100|[from] item: Leftovers\n|upkeep\n|turn|7\n|\n|t:|1737410611\n|move|p2a: NIMBUS|Encore|p1a: I EAT SUSHI\n|-start|p1a: I EAT SUSHI|Encore\n|move|p2b: FUTURE TRUNKS|Play Rough|p1a: I EAT SUSHI|[miss]\n|-miss|p2b: FUTURE TRUNKS|p1a: I EAT SUSHI\n|move|p1a: I EAT SUSHI|Protect||[still]\n|-fail|p1a: I EAT SUSHI\n|\n|-heal|p1a: I EAT SUSHI|64\/100|[from] item: Leftovers\n|upkeep\n|turn|8\n|\n|t:|1737410617\n|move|p1a: I EAT SUSHI|Protect|p1a: I EAT SUSHI\n|-singleturn|p1a: I EAT SUSHI|Protect\n|move|p2b: FUTURE TRUNKS|Play Rough|p1a: I EAT SUSHI\n|-activate|p1a: I EAT SUSHI|move: Protect\n|move|p2a: NIMBUS|Moonblast|p1a: I EAT SUSHI\n|-activate|p1a: I EAT SUSHI|move: Protect\n|\n|-heal|p1a: I EAT SUSHI|70\/100|[from] item: Leftovers\n|-sideend|p2: Imnotagni|move: Tailwind\n|upkeep\n|turn|9\n|c|\u2606aveorni|oh I thought sub protects from that\n|\n|t:|1737410627\n|move|p1a: I EAT SUSHI|Protect|p1a: I EAT SUSHI\n|-singleturn|p1a: I EAT SUSHI|Protect\n|move|p2a: NIMBUS|Tailwind|p2a: NIMBUS\n|-sidestart|p2: Imnotagni|move: Tailwind\n|move|p2b: FUTURE TRUNKS|Play Rough|p1a: I EAT SUSHI\n|-activate|p1a: I EAT SUSHI|move: Protect\n|\n|-heal|p1a: I EAT SUSHI|76\/100|[from] item: Leftovers\n|-end|p1a: I EAT SUSHI|Encore\n|upkeep\n|turn|10\n|\n|t:|1737410635\n|move|p2a: NIMBUS|Encore|p1a: I EAT SUSHI\n|-start|p1a: I EAT SUSHI|Encore\n|move|p2b: FUTURE TRUNKS|Play Rough|p1a: I EAT SUSHI\n|-activate|p1a: I EAT SUSHI|move: Substitute|[damage]\n|move|p1a: I EAT SUSHI|Protect||[still]\n|-fail|p1a: I EAT SUSHI\n|\n|-heal|p1a: I EAT SUSHI|82\/100|[from] item: Leftovers\n|upkeep\n|turn|11\n|\n|t:|1737410647\n|move|p1a: I EAT SUSHI|Protect|p1a: I EAT SUSHI\n|-singleturn|p1a: I EAT SUSHI|Protect\n|move|p2b: FUTURE TRUNKS|Behemoth Blade|p1a: I EAT SUSHI\n|-activate|p1a: I EAT SUSHI|move: Protect\n|move|p2a: NIMBUS|Moonblast|p1a: I EAT SUSHI\n|-activate|p1a: I EAT SUSHI|move: Protect\n|\n|-heal|p1a: I EAT SUSHI|89\/100|[from] item: Leftovers\n|upkeep\n|turn|12\n|\n|t:|1737410656\n|move|p1a: I EAT SUSHI|Protect||[still]\n|-fail|p1a: I EAT SUSHI\n|move|p2b: FUTURE TRUNKS|Behemoth Blade|p1a: I EAT SUSHI\n|-resisted|p1a: I EAT SUSHI\n|-crit|p1a: I EAT SUSHI\n|-end|p1a: I EAT SUSHI|Substitute\n|move|p2a: NIMBUS|Moonblast|p1a: I EAT SUSHI\n|-damage|p1a: I EAT SUSHI|77\/100\n|\n|-heal|p1a: I EAT SUSHI|83\/100|[from] item: Leftovers\n|-end|p1a: I EAT SUSHI|Encore\n|-sideend|p2: Imnotagni|move: Tailwind\n|upkeep\n|turn|13\n|\n|t:|1737410664\n|move|p2a: NIMBUS|Encore|p1a: I EAT SUSHI\n|-start|p1a: I EAT SUSHI|Encore\n|move|p2b: FUTURE TRUNKS|Play Rough|p1a: I EAT SUSHI\n|-damage|p1a: I EAT SUSHI|64\/100\n|move|p1a: I EAT SUSHI|Protect||[still]\n|-fail|p1a: I EAT SUSHI\n|\n|-heal|p1a: I EAT SUSHI|70\/100|[from] item: Leftovers\n|upkeep\n|turn|14\n|\n|t:|1737410676\n|move|p1a: I EAT SUSHI|Protect|p1a: I EAT SUSHI\n|-singleturn|p1a: I EAT SUSHI|Protect\n|move|p2a: NIMBUS|Tailwind|p2a: NIMBUS\n|-sidestart|p2: Imnotagni|move: Tailwind\n|move|p2b: FUTURE TRUNKS|Play Rough|p1a: I EAT SUSHI\n|-activate|p1a: I EAT SUSHI|move: Protect\n|\n|-heal|p1a: I EAT SUSHI|77\/100|[from] item: Leftovers\n|upkeep\n|turn|15\n|\n|t:|1737410680\n|move|p1a: I EAT SUSHI|Protect||[still]\n|-fail|p1a: I EAT SUSHI\n|move|p2b: FUTURE TRUNKS|Play Rough|p1a: I EAT SUSHI\n|-damage|p1a: I EAT SUSHI|58\/100\n|-unboost|p1a: I EAT SUSHI|atk|1\n|move|p2a: NIMBUS|Moonblast|p1a: I EAT SUSHI\n|-damage|p1a: I EAT SUSHI|45\/100\n|-unboost|p1a: I EAT SUSHI|spa|1\n|\n|-heal|p1a: I EAT SUSHI|51\/100|[from] item: Leftovers\n|-end|p1a: I EAT SUSHI|Encore\n|upkeep\n|turn|16\n|\n|t:|1737410688\n|move|p2b: FUTURE TRUNKS|Protect|p2b: FUTURE TRUNKS\n|-singleturn|p2b: FUTURE TRUNKS|Protect\n|move|p2a: NIMBUS|Encore|p1a: I EAT SUSHI\n|-start|p1a: I EAT SUSHI|Encore\n|move|p1a: I EAT SUSHI|Protect||[still]\n|-fail|p1a: I EAT SUSHI\n|\n|-heal|p1a: I EAT SUSHI|58\/100|[from] item: Leftovers\n|upkeep\n|turn|17\n|\n|t:|1737410694\n|move|p1a: I EAT SUSHI|Protect|p1a: I EAT SUSHI\n|-singleturn|p1a: I EAT SUSHI|Protect\n|move|p2b: FUTURE TRUNKS|Play Rough|p1a: I EAT SUSHI\n|-activate|p1a: I EAT SUSHI|move: Protect\n|move|p2a: NIMBUS|Moonblast|p1a: I EAT SUSHI\n|-activate|p1a: I EAT SUSHI|move: Protect\n|\n|-heal|p1a: I EAT SUSHI|64\/100|[from] item: Leftovers\n|-sideend|p2: Imnotagni|move: Tailwind\n|upkeep\n|turn|18\n|\n|t:|1737410699\n|move|p1a: I EAT SUSHI|Protect|p1a: I EAT SUSHI\n|-singleturn|p1a: I EAT SUSHI|Protect\n|move|p2b: FUTURE TRUNKS|Play Rough|p1a: I EAT SUSHI\n|-activate|p1a: I EAT SUSHI|move: Protect\n|move|p2a: NIMBUS|Moonblast|p1a: I EAT SUSHI\n|-activate|p1a: I EAT SUSHI|move: Protect\n|\n|-heal|p1a: I EAT SUSHI|70\/100|[from] item: Leftovers\n|-end|p1a: I EAT SUSHI|Encore\n|upkeep\n|turn|19\n|\n|t:|1737410707\n|move|p2a: NIMBUS|Encore|p1a: I EAT SUSHI\n|-start|p1a: I EAT SUSHI|Encore\n|move|p2b: FUTURE TRUNKS|Play Rough|p1a: I EAT SUSHI\n|-damage|p1a: I EAT SUSHI|52\/100\n|move|p1a: I EAT SUSHI|Protect||[still]\n|-fail|p1a: I EAT SUSHI\n|\n|-heal|p1a: I EAT SUSHI|58\/100|[from] item: Leftovers\n|upkeep\n|turn|20\n|\n|t:|1737410717\n|move|p1a: I EAT SUSHI|Protect|p1a: I EAT SUSHI\n|-singleturn|p1a: I EAT SUSHI|Protect\n|move|p2a: NIMBUS|Tailwind|p2a: NIMBUS\n|-sidestart|p2: Imnotagni|move: Tailwind\n|move|p2b: FUTURE TRUNKS|Behemoth Blade|p1a: I EAT SUSHI\n|-activate|p1a: I EAT SUSHI|move: Protect\n|\n|-heal|p1a: I EAT SUSHI|65\/100|[from] item: Leftovers\n|upkeep\n|turn|21\n|\n|t:|1737410722\n|move|p1a: I EAT SUSHI|Protect||[still]\n|-fail|p1a: I EAT SUSHI\n|move|p2b: FUTURE TRUNKS|Play Rough|p1a: I EAT SUSHI\n|-damage|p1a: I EAT SUSHI|46\/100\n|move|p2a: NIMBUS|Moonblast|p1a: I EAT SUSHI\n|-damage|p1a: I EAT SUSHI|34\/100\n|\n|-heal|p1a: I EAT SUSHI|40\/100|[from] item: Leftovers\n|-end|p1a: I EAT SUSHI|Encore\n|upkeep\n|turn|22\n|\n|t:|1737410732\n|move|p2b: FUTURE TRUNKS|Protect|p2b: FUTURE TRUNKS\n|-singleturn|p2b: FUTURE TRUNKS|Protect\n|move|p2a: NIMBUS|Encore||[still]\n|-fail|p2a: NIMBUS\n|move|p1a: I EAT SUSHI|Wave Crash|p2a: NIMBUS\n|-damage|p2a: NIMBUS|0 fnt\n|faint|p2a: NIMBUS\n|-damage|p1a: I EAT SUSHI|29\/100|[from] Recoil\n|\n|-heal|p1a: I EAT SUSHI|35\/100|[from] item: Leftovers\n|upkeep\n|turn|23\n|\n|t:|1737410750\n|move|p2b: FUTURE TRUNKS|Play Rough|p1a: I EAT SUSHI\n|-damage|p1a: I EAT SUSHI|16\/100\n|move|p1a: I EAT SUSHI|Substitute|p1a: I EAT SUSHI\n|-fail|p1a: I EAT SUSHI|move: Substitute|[weak]\n|\n|-heal|p1a: I EAT SUSHI|23\/100|[from] item: Leftovers\n|-sideend|p2: Imnotagni|move: Tailwind\n|upkeep\n|turn|24\n|\n|t:|1737410756\n|move|p2b: FUTURE TRUNKS|Play Rough|p1a: I EAT SUSHI\n|-damage|p1a: I EAT SUSHI|4\/100\n|move|p1a: I EAT SUSHI|Wave Crash|p2b: FUTURE TRUNKS\n|-damage|p2b: FUTURE TRUNKS|50\/100\n|-damage|p1a: I EAT SUSHI|0 fnt|[from] Recoil\n|faint|p1a: I EAT SUSHI\n|\n|upkeep\n|\n|t:|1737410761\n|switch|p1a: HORSE|Calyrex-Shadow, L50, tera:Fighting|23\/100\n|-ability|p1a: HORSE|As One\n|-ability|p1a: HORSE|Unnerve\n|turn|25\n|\n|t:|1737410766\n|move|p1b: SUSHI|Helping Hand|p1a: HORSE\n|-singleturn|p1a: HORSE|Helping Hand|[of] p1b: SUSHI\n|move|p1a: HORSE|Astral Barrage|p2b: FUTURE TRUNKS\n|-damage|p2b: FUTURE TRUNKS|0 fnt\n|faint|p2b: FUTURE TRUNKS\n|-damage|p1a: HORSE|14\/100|[from] item: Life Orb\n|\n|win|aveorni\n|raw|aveorni's rating: 1525 &rarr; <strong>1551<\/strong><br \/>(+26 for winning)\n|raw|Imnotagni's rating: 1640 &rarr; <strong>1614<\/strong><br \/>(-26 for losing)\n|l|\u2606Imnotagni\n|player|p2|\n|c|\u2606aveorni|man even with stupid encore u lost\n|l|\u2606aveorni\n|player|p1|\n","uploadtime":1737410777,"views":7,"formatid":"gen9vgc2025regg","rating":1551,"private":0,"password":null}