{"id":"gen9vgc2025regg-2284983583","format":"[Gen 9] VGC 2025 Reg G","players":["GG=Groudon Gaming","become unbearable"],"log":"|j|\u2606GG=Groudon Gaming\n|j|\u2606become unbearable\n|t:|1737419587\n|gametype|doubles\n|player|p1|GG=Groudon Gaming|may-masters2|1526\n|player|p2|become unbearable|beauty|1599\n|teamsize|p1|6\n|teamsize|p2|6\n|gen|9\n|tier|[Gen 9] VGC 2025 Reg G\n|rated|\n|rule|Species Clause: Limit one of each Pok\u00e9mon\n|rule|Item Clause: Limit 1 of each item\n|clearpoke\n|poke|p1|Groudon, L50|\n|poke|p1|Zapdos-Galar, L50|\n|poke|p1|Ogerpon-Hearthflame, L50, F|\n|poke|p1|Raging Bolt, L50|\n|poke|p1|Walking Wake, L50|\n|poke|p1|Flutter Mane, L50|\n|poke|p2|Farigiraf, L50, M|\n|poke|p2|Regieleki, L50|\n|poke|p2|Landorus, L50, M|\n|poke|p2|Ogerpon-Cornerstone, L50, F|\n|poke|p2|Urshifu-*, L50, M|\n|poke|p2|Calyrex-Ice, L50|\n|teampreview|4\n|inactive|Battle timer is ON: inactive players will automatically lose when time's up. (requested by become unbearable)\n|inactive|GG=Groudon Gaming also wants the timer to be on.\n|j| Samevgcmons\n|inactive|become unbearable has 60 seconds left.\n|\n|t:|1737419618\n|start\n|switch|p1a: Groudon|Groudon, L50|100\/100\n|switch|p1b: Zapdos|Zapdos-Galar, L50|100\/100\n|switch|p2a: Ogerpon|Ogerpon-Cornerstone, L50, F|100\/100\n|switch|p2b: Calyrex|Calyrex-Ice, L50|100\/100\n|-ability|p2b: Calyrex|As One\n|-ability|p2b: Calyrex|Unnerve\n|-weather|SunnyDay|[from] ability: Drought|[of] p1a: Groudon\n|turn|1\n|\n|t:|1737419633\n|-terastallize|p1a: Groudon|Fire\n|-terastallize|p2b: Calyrex|Water\n|move|p1b: Zapdos|Coaching|p1a: Groudon\n|-boost|p1a: Groudon|atk|1\n|-boost|p1a: Groudon|def|1\n|move|p2a: Ogerpon|Ivy Cudgel|p1b: Zapdos|[anim] Ivy Cudgel Rock\n|-damage|p1b: Zapdos|35\/100\n|move|p1a: Groudon|Precipice Blades|p2b: Calyrex|[spread] p2a,p2b\n|-damage|p2a: Ogerpon|7\/100\n|-damage|p2b: Calyrex|56\/100\n|move|p2b: Calyrex|Glacial Lance|p1a: Groudon|[spread] p1a,p1b\n|-resisted|p1a: Groudon\n|-supereffective|p1b: Zapdos\n|-damage|p1a: Groudon|86\/100\n|-damage|p1b: Zapdos|0 fnt\n|faint|p1b: Zapdos\n|-ability|p2b: Calyrex|Chilling Neigh|boost\n|-boost|p2b: Calyrex|atk|1\n|\n|-weather|SunnyDay|[upkeep]\n|upkeep\n|\n|t:|1737419642\n|switch|p1b: Walking Wake|Walking Wake, L50|100\/100\n|-activate|p1b: Walking Wake|ability: Protosynthesis\n|-start|p1b: Walking Wake|protosynthesisspe\n|turn|2\n|\n|t:|1737419656\n|move|p2a: Ogerpon|Spiky Shield|p2a: Ogerpon\n|-singleturn|p2a: Ogerpon|move: Protect\n|move|p1b: Walking Wake|Snarl|p2a: Ogerpon|[spread] p2b\n|-activate|p2a: Ogerpon|move: Protect\n|-damage|p2b: Calyrex|41\/100\n|-damage|p1b: Walking Wake|91\/100|[from] item: Life Orb\n|move|p1a: Groudon|Precipice Blades|p2a: Ogerpon|[spread] p2b\n|-activate|p2a: Ogerpon|move: Protect\n|-damage|p2b: Calyrex|0 fnt\n|faint|p2b: Calyrex\n|\n|-weather|SunnyDay|[upkeep]\n|upkeep\n|\n|t:|1737419669\n|switch|p2b: Regieleki|Regieleki, L50|100\/100\n|turn|3\n|\n|t:|1737419680\n|move|p1b: Walking Wake|Snarl|p2a: Ogerpon|[spread] p2a,p2b\n|-damage|p2a: Ogerpon|0 fnt\n|-damage|p2b: Regieleki|67\/100\n|-unboost|p2b: Regieleki|spa|1\n|faint|p2a: Ogerpon\n|-damage|p1b: Walking Wake|81\/100|[from] item: Life Orb\n|move|p2b: Regieleki|Electroweb|p1b: Walking Wake|[spread] p1a,p1b\n|-damage|p1a: Groudon|76\/100\n|-damage|p1b: Walking Wake|61\/100\n|-unboost|p1a: Groudon|spe|1\n|-unboost|p1b: Walking Wake|spe|1\n|move|p1a: Groudon|Precipice Blades|p2b: Regieleki|[miss]\n|-miss|p1a: Groudon|p2b: Regieleki\n|\n|-weather|SunnyDay|[upkeep]\n|upkeep\n|\n|t:|1737419685\n|switch|p2a: Landorus|Landorus, L50, M|100\/100\n|turn|4\n|j| Danger05\n|\n|t:|1737419697\n|move|p2b: Regieleki|Electroweb|p1a: Groudon|[spread] p1a,p1b\n|-damage|p1a: Groudon|66\/100\n|-damage|p1b: Walking Wake|41\/100\n|-unboost|p1a: Groudon|spe|1\n|-unboost|p1b: Walking Wake|spe|1\n|move|p2a: Landorus|Sandsear Storm|p1a: Groudon|[spread] p1b\n|-miss|p2a: Landorus|p1a: Groudon\n|-damage|p1b: Walking Wake|0 fnt\n|faint|p1b: Walking Wake\n|-end|p1b: Walking Wake|Protosynthesis|[silent]\n|move|p1a: Groudon|Stomping Tantrum|p2b: Regieleki\n|-supereffective|p2b: Regieleki\n|-damage|p2b: Regieleki|0 fnt\n|faint|p2b: Regieleki\n|\n|-weather|SunnyDay|[upkeep]\n|upkeep\n|\n|t:|1737419700\n|switch|p1b: Ogerpon|Ogerpon-Hearthflame, L50, F|100\/100\n|-ability|p1b: Ogerpon|Mold Breaker\n|turn|5\n|\n|t:|1737419706\n|move|p2a: Landorus|Protect|p2a: Landorus\n|-singleturn|p2a: Landorus|Protect\n|move|p1b: Ogerpon|Ivy Cudgel|p2a: Landorus|[anim] Ivy Cudgel Fire\n|-activate|p2a: Landorus|move: Protect\n|move|p1a: Groudon|Heat Crash|p2a: Landorus\n|-activate|p2a: Landorus|move: Protect\n|\n|-weather|none\n|upkeep\n|turn|6\n|\n|t:|1737419712\n|move|p1b: Ogerpon|Ivy Cudgel|p2a: Landorus|[anim] Ivy Cudgel Fire\n|-damage|p2a: Landorus|30\/100\n|move|p2a: Landorus|Sludge Bomb|p1b: Ogerpon\n|-supereffective|p1b: Ogerpon\n|-damage|p1b: Ogerpon|0 fnt\n|faint|p1b: Ogerpon\n|move|p1a: Groudon|Heat Crash|p2a: Landorus\n|-damage|p2a: Landorus|0 fnt\n|faint|p2a: Landorus\n|\n|win|GG=Groudon Gaming\n|raw|GG=Groudon Gaming's rating: 1526 &rarr; <strong>1550<\/strong><br \/>(+24 for winning)\n|raw|become unbearable's rating: 1599 &rarr; <strong>1575<\/strong><br \/>(-24 for losing)\n|l|\u2606become unbearable\n|player|p2|\n|l| Samevgcmons\n|l| Danger05\n|l|\u2606GG=Groudon Gaming\n|player|p1|\n","uploadtime":1737419916,"views":18,"formatid":"gen9vgc2025regg","rating":1550,"private":0,"password":null}