{"id":"gen9vgc2025regg-2284250390","format":"[Gen 9] VGC 2025 Reg G","players":["ginopollo","Zeropoke7310"],"log":"|j|\u2606ginopollo\n|j|\u2606Zeropoke7310\n|t:|1737323136\n|gametype|doubles\n|player|p1|ginopollo|169|1593\n|player|p2|Zeropoke7310|2|1667\n|teamsize|p1|6\n|teamsize|p2|6\n|gen|9\n|tier|[Gen 9] VGC 2025 Reg G\n|rated|\n|rule|Species Clause: Limit one of each Pok\u00e9mon\n|rule|Item Clause: Limit 1 of each item\n|clearpoke\n|poke|p1|Lunala, L50|\n|poke|p1|Iron Hands, L50|\n|poke|p1|Landorus, L50, M|\n|poke|p1|Rillaboom, L50, M|\n|poke|p1|Urshifu-*, L50, M|\n|poke|p1|Ditto, L50|\n|poke|p2|Zamazenta-*, L50|\n|poke|p2|Chien-Pao, L50|\n|poke|p2|Urshifu-*, L50, M|\n|poke|p2|Amoonguss, L50, F|\n|poke|p2|Rillaboom, L50, F|\n|poke|p2|Pelipper, L50, F|\n|teampreview|4\n|\n|t:|1737323185\n|start\n|switch|p1a: Iron Hands|Iron Hands, L50|100\/100\n|switch|p1b: Landorus|Landorus, L50, M|100\/100\n|switch|p2a: Zamazenta|Zamazenta-Crowned, L50, shiny|100\/100\n|switch|p2b: Urshifu|Urshifu-Rapid-Strike, L50, M|100\/100\n|-ability|p2a: Zamazenta|Dauntless Shield|boost\n|-boost|p2a: Zamazenta|def|1\n|turn|1\n|j| mr pogostick\n|\n|t:|1737323229\n|-terastallize|p2b: Urshifu|Ghost\n|-terastallize|p1b: Landorus|Water\n|move|p2a: Zamazenta|Protect|p2a: Zamazenta\n|-singleturn|p2a: Zamazenta|Protect\n|move|p1a: Iron Hands|Fake Out|p2a: Zamazenta\n|-activate|p2a: Zamazenta|move: Protect\n|move|p2b: Urshifu|Surging Strikes|p1b: Landorus\n|-resisted|p1b: Landorus\n|-crit|p1b: Landorus\n|-damage|p1b: Landorus|89\/100\n|-resisted|p1b: Landorus\n|-crit|p1b: Landorus\n|-damage|p1b: Landorus|78\/100\n|-resisted|p1b: Landorus\n|-crit|p1b: Landorus\n|-damage|p1b: Landorus|67\/100\n|-hitcount|p1b: Landorus|3\n|move|p1b: Landorus|Sandsear Storm|p2a: Zamazenta|[spread] p2b\n|-activate|p2a: Zamazenta|move: Protect\n|-damage|p2b: Urshifu|0 fnt\n|faint|p2b: Urshifu\n|\n|upkeep\n|j| pauboosch\n|\n|t:|1737323254\n|switch|p2b: Chien-Pao|Chien-Pao, L50|100\/100\n|-ability|p2b: Chien-Pao|Sword of Ruin\n|turn|2\n|\n|t:|1737323269\n|move|p1b: Landorus|Protect|p1b: Landorus\n|-singleturn|p1b: Landorus|Protect\n|move|p2b: Chien-Pao|Sucker Punch||[still]\n|-fail|p2b: Chien-Pao\n|move|p2a: Zamazenta|Body Press|p1a: Iron Hands\n|-damage|p1a: Iron Hands|48\/100\n|move|p1a: Iron Hands|Drain Punch|p2b: Chien-Pao\n|-supereffective|p2b: Chien-Pao\n|-enditem|p2b: Chien-Pao|Focus Sash\n|-damage|p2b: Chien-Pao|1\/100\n|-heal|p1a: Iron Hands|79\/100|[from] drain|[of] p2b: Chien-Pao\n|\n|upkeep\n|turn|3\n|\n|t:|1737323292\n|switch|p1b: Ditto|Ditto, L50|100\/100\n|-transform|p1b: Ditto|p2a: Zamazenta|[from] ability: Imposter\n|-ability|p1b: Ditto|Dauntless Shield|boost\n|-boost|p1b: Ditto|def|1\n|move|p2b: Chien-Pao|Icicle Crash|p1a: Iron Hands\n|-damage|p1a: Iron Hands|36\/100\n|move|p2a: Zamazenta|Body Press|p1a: Iron Hands\n|-damage|p1a: Iron Hands|0 fnt\n|faint|p1a: Iron Hands\n|-end|p1a: Iron Hands|Quark Drive|[silent]\n|\n|upkeep\n|j| Filefate\n|\n|t:|1737323309\n|switch|p1a: Landorus|Landorus, L50, M, tera:Water|67\/100\n|turn|4\n|l| pauboosch\n|\n|t:|1737323332\n|switch|p2b: Amoonguss|Amoonguss, L50, F, shiny|100\/100\n|switch|p1a: Lunala|Lunala, L50|100\/100\n|move|p2a: Zamazenta|Body Press|p1a: Lunala\n|-immune|p1a: Lunala\n|move|p1b: Ditto|Body Press|p2b: Amoonguss\n|-resisted|p2b: Amoonguss\n|-damage|p2b: Amoonguss|66\/100\n|-damage|p1b: Ditto|84\/100|[from] item: Rocky Helmet|[of] p2b: Amoonguss\n|\n|upkeep\n|turn|5\n|\n|t:|1737323356\n|move|p1b: Ditto|Body Press|p2b: Amoonguss\n|-resisted|p2b: Amoonguss\n|-crit|p2b: Amoonguss\n|-damage|p2b: Amoonguss|11\/100\n|-damage|p1b: Ditto|68\/100|[from] item: Rocky Helmet|[of] p2b: Amoonguss\n|move|p2a: Zamazenta|Body Press|p1b: Ditto\n|-supereffective|p1b: Ditto\n|-damage|p1b: Ditto|17\/100\n|move|p1a: Lunala|Moongeist Beam|p2b: Amoonguss\n|-damage|p2b: Amoonguss|0 fnt\n|faint|p2b: Amoonguss\n|\n|upkeep\n|\n|t:|1737323370\n|switch|p2b: Chien-Pao|Chien-Pao, L50|1\/100\n|-ability|p2b: Chien-Pao|Sword of Ruin\n|turn|6\n|\n|t:|1737323405\n|move|p2b: Chien-Pao|Protect|p2b: Chien-Pao\n|-singleturn|p2b: Chien-Pao|Protect\n|move|p2a: Zamazenta|Body Press|p1b: Ditto\n|-supereffective|p1b: Ditto\n|-damage|p1b: Ditto|0 fnt\n|faint|p1b: Ditto\n|move|p1a: Lunala|Trick Room|p1a: Lunala\n|-fieldstart|move: Trick Room|[of] p1a: Lunala\n|\n|upkeep\n|\n|t:|1737323412\n|switch|p1b: Landorus|Landorus, L50, M, tera:Water|67\/100\n|turn|7\n|j| EllAkuro\n|\n|t:|1737323424\n|move|p2b: Chien-Pao|Sucker Punch|p1a: Lunala\n|-supereffective|p1a: Lunala\n|-damage|p1a: Lunala|18\/100\n|move|p1a: Lunala|Moonblast|p2b: Chien-Pao\n|-supereffective|p2b: Chien-Pao\n|-damage|p2b: Chien-Pao|0 fnt\n|faint|p2b: Chien-Pao\n|move|p1b: Landorus|Sandsear Storm|p2a: Zamazenta|[miss]\n|-miss|p1b: Landorus|p2a: Zamazenta\n|move|p2a: Zamazenta|Body Press|p1b: Landorus\n|-damage|p1b: Landorus|8\/100\n|\n|-heal|p1a: Lunala|24\/100|[from] item: Leftovers\n|upkeep\n|turn|8\n|\n|t:|1737323441\n|move|p2a: Zamazenta|Protect|p2a: Zamazenta\n|-singleturn|p2a: Zamazenta|Protect\n|move|p1a: Lunala|Moongeist Beam|p2a: Zamazenta\n|-activate|p2a: Zamazenta|move: Protect\n|move|p1b: Landorus|Sandsear Storm|p2a: Zamazenta\n|-activate|p2a: Zamazenta|move: Protect\n|\n|-heal|p1a: Lunala|30\/100|[from] item: Leftovers\n|upkeep\n|turn|9\n|\n|t:|1737323454\n|move|p1a: Lunala|Moongeist Beam|p2a: Zamazenta\n|-damage|p2a: Zamazenta|63\/100\n|move|p1b: Landorus|Sandsear Storm|p2a: Zamazenta|[miss]\n|-miss|p1b: Landorus|p2a: Zamazenta\n|move|p2a: Zamazenta|Heavy Slam|p1a: Lunala\n|-damage|p1a: Lunala|0 fnt\n|faint|p1a: Lunala\n|\n|upkeep\n|turn|10\n|\n|t:|1737323467\n|move|p2a: Zamazenta|Protect|p2a: Zamazenta\n|-singleturn|p2a: Zamazenta|Protect\n|move|p1b: Landorus|Sandsear Storm|p2a: Zamazenta\n|-activate|p2a: Zamazenta|move: Protect\n|\n|-fieldend|move: Trick Room\n|upkeep\n|turn|11\n|\n|t:|1737323476\n|move|p2a: Zamazenta|Body Press|p1b: Landorus\n|-damage|p1b: Landorus|0 fnt\n|faint|p1b: Landorus\n|\n|win|Zeropoke7310\n|raw|ginopollo's rating: 1593 &rarr; <strong>1577<\/strong><br \/>(-16 for losing)\n|raw|Zeropoke7310's rating: 1667 &rarr; <strong>1683<\/strong><br \/>(+16 for winning)\n|l|\u2606ginopollo\n|player|p1|\n|l|\u2606Zeropoke7310\n|player|p2|\n|l| Filefate\n|l| mr pogostick\n|l| EllAkuro\n","uploadtime":1737323696,"views":9,"formatid":"gen9vgc2025regg","rating":1577,"private":0,"password":null}