{"id":"gen9vgc2025regg-2284074696","format":"[Gen 9] VGC 2025 Reg G","players":["tz999","shikico"],"log":"|j|\u2606tz999\n|j|\u2606shikico\n|t:|1737302998\n|gametype|doubles\n|player|p1|tz999|2|1583\n|player|p2|shikico|101|1606\n|teamsize|p1|6\n|teamsize|p2|6\n|gen|9\n|tier|[Gen 9] VGC 2025 Reg G\n|rated|\n|rule|Species Clause: Limit one of each Pok\u00e9mon\n|rule|Item Clause: Limit 1 of each item\n|clearpoke\n|poke|p1|Calyrex-Ice, L50|\n|poke|p1|Ogerpon-Hearthflame, L50, F|\n|poke|p1|Chandelure, L50, F|\n|poke|p1|Landorus, L50, M|\n|poke|p1|Farigiraf, L50, F|\n|poke|p1|Urshifu-*, L50, F|\n|poke|p2|Terapagos, L50, M|\n|poke|p2|Primarina, L50, F|\n|poke|p2|Amoonguss, L50, F|\n|poke|p2|Gothitelle, L50, F|\n|poke|p2|Incineroar, L50, F|\n|poke|p2|Raging Bolt, L50|\n|teampreview|4\n|inactive|Battle timer is ON: inactive players will automatically lose when time's up. (requested by shikico)\n|inactive|shikico has 60 seconds left.\n|\n|t:|1737303031\n|start\n|switch|p1a: Landorus|Landorus, L50, M|100\/100\n|switch|p1b: Farigiraf|Farigiraf, L50, F|100\/100\n|switch|p2a: Primarina|Primarina, L50, F|100\/100\n|switch|p2b: Incineroar|Incineroar, L50, F|100\/100\n|-ability|p2b: Incineroar|Intimidate|boost\n|-unboost|p1a: Landorus|atk|1\n|-unboost|p1b: Farigiraf|atk|1\n|turn|1\n|inactive|shikico has 30 seconds left.\n|\n|t:|1737303062\n|-terastallize|p1a: Landorus|Ghost\n|move|p1b: Farigiraf|Helping Hand|p1a: Landorus\n|-singleturn|p1a: Landorus|Helping Hand|[of] p1b: Farigiraf\n|move|p2b: Incineroar|Protect|p2b: Incineroar\n|-singleturn|p2b: Incineroar|Protect\n|move|p1a: Landorus|Sandsear Storm|p2b: Incineroar|[spread] p2a\n|-activate|p2b: Incineroar|move: Protect\n|-damage|p2a: Primarina|44\/100\n|move|p2a: Primarina|Flip Turn|p1a: Landorus\n|-damage|p1a: Landorus|82\/100\n|\n|t:|1737303075\n|switch|p2a: Terapagos|Terapagos, L50, M|100\/100|[from] Flip Turn\n|-activate|p2a: Terapagos|ability: Tera Shift\n|detailschange|p2a: Terapagos|Terapagos-Terastal, L50, M\n|-heal|p2a: Terapagos|100\/100|[silent]\n|\n|upkeep\n|turn|2\n|\n|t:|1737303097\n|switch|p2b: Gothitelle|Gothitelle, L50, F|100\/100\n|-terastallize|p2a: Terapagos|Stellar\n|detailschange|p2a: Terapagos|Terapagos-Stellar, L50, M, tera:Stellar\n|-heal|p2a: Terapagos|100\/100|[silent]\n|move|p1a: Landorus|Sandsear Storm|p2a: Terapagos|[spread] p2a,p2b\n|-damage|p2a: Terapagos|69\/100\n|-damage|p2b: Gothitelle|57\/100\n|move|p2a: Terapagos|Tera Starstorm|p1a: Landorus|[spread] p1a,p1b\n|-supereffective|p1a: Landorus\n|-damage|p1a: Landorus|0 fnt\n|-damage|p1b: Farigiraf|60\/100\n|faint|p1a: Landorus\n|move|p1b: Farigiraf|Psychic Noise|p2a: Terapagos\n|-damage|p2a: Terapagos|51\/100\n|\n|upkeep\n|\n|t:|1737303115\n|switch|p1a: Urshifu|Urshifu-Rapid-Strike, L50, F|100\/100\n|turn|3\n|\n|t:|1737303134\n|switch|p2a: Primarina|Primarina, L50, F|44\/100\n|move|p1b: Farigiraf|Helping Hand|p1a: Urshifu\n|-singleturn|p1a: Urshifu|Helping Hand|[of] p1b: Farigiraf\n|move|p1a: Urshifu|Surging Strikes|p2a: Primarina\n|-resisted|p2a: Primarina\n|-crit|p2a: Primarina\n|-damage|p2a: Primarina|29\/100\n|-resisted|p2a: Primarina\n|-crit|p2a: Primarina\n|-damage|p2a: Primarina|14\/100\n|-resisted|p2a: Primarina\n|-crit|p2a: Primarina\n|-damage|p2a: Primarina|0 fnt\n|faint|p2a: Primarina\n|-hitcount|p2: Primarina|3\n|move|p2b: Gothitelle|Trick Room|p2b: Gothitelle\n|-fieldstart|move: Trick Room|[of] p2b: Gothitelle\n|\n|upkeep\n|\n|t:|1737303147\n|switch|p2a: Terapagos|Terapagos-Stellar, L50, M, tera:Stellar|51\/100\n|turn|4\n|\n|t:|1737303160\n|move|p1a: Urshifu|Detect|p1a: Urshifu\n|-singleturn|p1a: Urshifu|Protect\n|move|p2b: Gothitelle|Foul Play|p1b: Farigiraf\n|-supereffective|p1b: Farigiraf\n|-damage|p1b: Farigiraf|44\/100\n|-damage|p2b: Gothitelle|41\/100|[from] item: Rocky Helmet|[of] p1b: Farigiraf\n|-enditem|p2b: Gothitelle|Sitrus Berry|[eat]\n|-heal|p2b: Gothitelle|66\/100|[from] item: Sitrus Berry\n|move|p2a: Terapagos|Tera Starstorm|p1a: Urshifu|[spread] p1b\n|-activate|p1a: Urshifu|move: Protect\n|-damage|p1b: Farigiraf|1\/100\n|move|p1b: Farigiraf|Trick Room|p1b: Farigiraf\n|-fieldend|move: Trick Room\n|\n|upkeep\n|turn|5\n|\n|t:|1737303184\n|move|p1b: Farigiraf|Helping Hand|p1a: Urshifu\n|-singleturn|p1a: Urshifu|Helping Hand|[of] p1b: Farigiraf\n|move|p1a: Urshifu|Surging Strikes|p2a: Terapagos\n|-crit|p2a: Terapagos\n|-damage|p2a: Terapagos|31\/100\n|-crit|p2a: Terapagos\n|-damage|p2a: Terapagos|11\/100\n|-crit|p2a: Terapagos\n|-damage|p2a: Terapagos|0 fnt\n|faint|p2a: Terapagos\n|-hitcount|p2: Terapagos|3\n|move|p2b: Gothitelle|Trick Room|p2b: Gothitelle\n|-fieldstart|move: Trick Room|[of] p2b: Gothitelle\n|\n|upkeep\n|\n|t:|1737303194\n|switch|p2a: Incineroar|Incineroar, L50, F|100\/100\n|-ability|p2a: Incineroar|Intimidate|boost\n|-unboost|p1a: Urshifu|atk|1\n|-unboost|p1b: Farigiraf|atk|1\n|turn|6\n|\n|t:|1737303207\n|move|p1b: Farigiraf|Foul Play|p2b: Gothitelle\n|-supereffective|p2b: Gothitelle\n|-damage|p2b: Gothitelle|40\/100\n|move|p2a: Incineroar|Knock Off|p1a: Urshifu\n|-resisted|p1a: Urshifu\n|-damage|p1a: Urshifu|82\/100\n|-enditem|p1a: Urshifu|Focus Sash|[from] move: Knock Off|[of] p2a: Incineroar\n|move|p2b: Gothitelle|Foul Play|p1b: Farigiraf\n|-supereffective|p1b: Farigiraf\n|-crit|p1b: Farigiraf\n|-damage|p1b: Farigiraf|0 fnt\n|-damage|p2b: Gothitelle|23\/100|[from] item: Rocky Helmet|[of] p1b: Farigiraf\n|faint|p1b: Farigiraf\n|move|p1a: Urshifu|Surging Strikes|p2b: Gothitelle\n|-crit|p2b: Gothitelle\n|-damage|p2b: Gothitelle|2\/100\n|-crit|p2b: Gothitelle\n|-damage|p2b: Gothitelle|0 fnt\n|faint|p2b: Gothitelle\n|-hitcount|p2: Gothitelle|2\n|\n|upkeep\n|-message|shikico forfeited.\n|\n|win|tz999\n|raw|tz999's rating: 1583 &rarr; <strong>1604<\/strong><br \/>(+21 for winning)\n|raw|shikico's rating: 1606 &rarr; <strong>1585<\/strong><br \/>(-21 for losing)\n|l|\u2606shikico\n|player|p2|\n|l|\u2606tz999\n|player|p1|\n","uploadtime":1737303469,"views":18,"formatid":"gen9vgc2025regg","rating":1585,"private":0,"password":null}