{"id":"gen9vgc2025regg-2284422060","format":"[Gen 9] VGC 2025 Reg G","players":["Paradox Mourinho","girigiripeter"],"log":"|j|\u2606Paradox Mourinho\n|j|\u2606girigiripeter\n|t:|1737344610\n|gametype|doubles\n|player|p1|Paradox Mourinho|lance|1534\n|player|p2|girigiripeter|101|1552\n|teamsize|p1|6\n|teamsize|p2|6\n|gen|9\n|tier|[Gen 9] VGC 2025 Reg G\n|rated|\n|rule|Species Clause: Limit one of each Pok\u00e9mon\n|rule|Item Clause: Limit 1 of each item\n|clearpoke\n|poke|p1|Terapagos, L50, M|\n|poke|p1|Scream Tail, L50|\n|poke|p1|Tornadus, L50, M|\n|poke|p1|Iron Hands, L50|\n|poke|p1|Ogerpon-Hearthflame, L50, F|\n|poke|p1|Smeargle, L50, F|\n|poke|p2|Miraidon, L50|\n|poke|p2|Farigiraf, L50, F|\n|poke|p2|Ogerpon-Hearthflame, L50, F|\n|poke|p2|Tornadus, L50, M|\n|poke|p2|Urshifu-*, L50, F|\n|poke|p2|Iron Treads, L50|\n|teampreview|4\n|inactive|Battle timer is ON: inactive players will automatically lose when time's up. (requested by Paradox Mourinho)\n|j| mpt\n|j| Danger05\n|inactive|girigiripeter has 60 seconds left.\n|\n|t:|1737344692\n|start\n|switch|p1a: Iron Hands|Iron Hands, L50|100\/100\n|switch|p1b: Terapagos|Terapagos, L50, M|100\/100\n|switch|p2a: Miraidon|Miraidon, L50|100\/100\n|switch|p2b: Iron Treads|Iron Treads, L50|100\/100\n|-activate|p1b: Terapagos|ability: Tera Shift\n|detailschange|p1b: Terapagos|Terapagos-Terastal, L50, M\n|-heal|p1b: Terapagos|100\/100|[silent]\n|-fieldstart|move: Electric Terrain|[from] ability: Hadron Engine|[of] p2a: Miraidon\n|-activate|p2b: Iron Treads|ability: Quark Drive\n|-start|p2b: Iron Treads|quarkdrivespe\n|-activate|p1a: Iron Hands|ability: Quark Drive\n|-start|p1a: Iron Hands|quarkdriveatk\n|turn|1\n|inactive|Paradox Mourinho has 30 seconds left.\n|inactive|girigiripeter has 30 seconds left.\n|inactive|girigiripeter has 20 seconds left.\n|\n|t:|1737344731\n|move|p1a: Iron Hands|Fake Out|p2b: Iron Treads\n|-resisted|p2b: Iron Treads\n|-damage|p2b: Iron Treads|91\/100\n|cant|p2b: Iron Treads|flinch\n|move|p2a: Miraidon|Volt Switch|p1a: Iron Hands\n|-resisted|p1a: Iron Hands\n|-damage|p1a: Iron Hands|72\/100\n|\n|t:|1737344740\n|switch|p2a: Tornadus|Tornadus, L50, M|100\/100|[from] Volt Switch\n|move|p1b: Terapagos|Tera Starstorm|p2a: Tornadus\n|-damage|p2a: Tornadus|11\/100\n|\n|upkeep\n|turn|2\n|j| kita3 black\n|inactive|girigiripeter has 30 seconds left.\n|\n|t:|1737344766\n|-end|p1a: Iron Hands|Quark Drive|[silent]\n|switch|p1a: Tornadus|Tornadus, L50, M|100\/100\n|-terastallize|p1b: Terapagos|Stellar\n|detailschange|p1b: Terapagos|Terapagos-Stellar, L50, M, tera:Stellar\n|-heal|p1b: Terapagos|100\/100|[silent]\n|-ability|p1b: Terapagos|Teraform Zero\n|-fieldend|move: Electric Terrain\n|-end|p2b: Iron Treads|Quark Drive\n|move|p2b: Iron Treads|Earthquake|p1a: Tornadus|[spread] p1b\n|-immune|p2a: Tornadus\n|-immune|p1a: Tornadus\n|-damage|p1b: Terapagos|73\/100\n|-damage|p2b: Iron Treads|82\/100|[from] item: Life Orb\n|move|p2a: Tornadus|Bleakwind Storm|p1b: Terapagos|[spread] p1a,p1b\n|-damage|p1a: Tornadus|67\/100\n|-damage|p1b: Terapagos|50\/100\n|-unboost|p1a: Tornadus|spe|1\n|move|p1b: Terapagos|Tera Starstorm|p2a: Tornadus|[spread] p2a,p2b\n|-damage|p2a: Tornadus|0 fnt\n|-damage|p2b: Iron Treads|0 fnt\n|faint|p2a: Tornadus\n|faint|p2b: Iron Treads\n|-end|p2b: Iron Treads|Quark Drive|[silent]\n|\n|upkeep\n|j| Kingdoooo\n|\n|t:|1737344788\n|switch|p2b: Miraidon|Miraidon, L50|100\/100\n|switch|p2a: Urshifu|Urshifu-Rapid-Strike, L50, F|100\/100\n|-fieldstart|move: Electric Terrain|[from] ability: Hadron Engine|[of] p2b: Miraidon\n|turn|3\n|j| sanvdiangouol\n|\n|t:|1737344806\n|move|p1a: Tornadus|Tailwind|p1a: Tornadus\n|-sidestart|p1: Paradox Mourinho|move: Tailwind\n|move|p1b: Terapagos|Tera Starstorm|p2a: Urshifu|[spread] p2a,p2b\n|-damage|p2a: Urshifu|17\/100\n|-damage|p2b: Miraidon|47\/100\n|move|p2b: Miraidon|Electro Drift|p1b: Terapagos\n|-damage|p1b: Terapagos|0 fnt\n|faint|p1b: Terapagos\n|move|p2a: Urshifu|Surging Strikes|p1a: Tornadus\n|-crit|p1a: Tornadus\n|-damage|p1a: Tornadus|35\/100\n|-damage|p2a: Urshifu|1\/100|[from] item: Rocky Helmet|[of] p1a: Tornadus\n|-crit|p1a: Tornadus\n|-damage|p1a: Tornadus|6\/100\n|-damage|p2a: Urshifu|0 fnt|[from] item: Rocky Helmet|[of] p1a: Tornadus\n|faint|p2a: Urshifu\n|-hitcount|p1a: Tornadus|2\n|\n|upkeep\n|\n|t:|1737344815\n|switch|p1b: Scream Tail|Scream Tail, L50|100\/100\n|-enditem|p1b: Scream Tail|Booster Energy\n|-activate|p1b: Scream Tail|ability: Protosynthesis|[fromitem]\n|-start|p1b: Scream Tail|protosynthesisspe\n|turn|4\n|\n|t:|1737344822\n|move|p1b: Scream Tail|Disable|p2b: Miraidon\n|-start|p2b: Miraidon|Disable|Electro Drift\n|move|p1a: Tornadus|Bleakwind Storm|p2b: Miraidon\n|-resisted|p2b: Miraidon\n|-damage|p2b: Miraidon|29\/100\n|cant|p2b: Miraidon|Disable|Electro Drift\n|\n|upkeep\n|turn|5\n|\n|t:|1737344828\n|move|p1b: Scream Tail|Dazzling Gleam|p2b: Miraidon\n|-supereffective|p2b: Miraidon\n|-damage|p2b: Miraidon|0 fnt\n|faint|p2b: Miraidon\n|\n|win|Paradox Mourinho\n|raw|Paradox Mourinho's rating: 1534 &rarr; <strong>1555<\/strong><br \/>(+21 for winning)\n|raw|girigiripeter's rating: 1552 &rarr; <strong>1531<\/strong><br \/>(-21 for losing)\n|l|\u2606girigiripeter\n|player|p2|\n|l| Kingdoooo\n|l| kita3 black\n|l| sanvdiangouol\n|l| Danger05\n","uploadtime":1737345071,"views":9,"formatid":"gen9vgc2025regg","rating":1531,"private":0,"password":null}