{"id":"gen9vgc2025regg-2284562948","format":"[Gen 9] VGC 2025 Reg G","players":["Read Book","Vianex"],"log":"|j|\u2606Read Book\n|j|\u2606Vianex\n|t:|1737369544\n|gametype|doubles\n|player|p1|Read Book|101|1607\n|player|p2|Vianex|pokemaniac|1509\n|teamsize|p1|6\n|teamsize|p2|6\n|gen|9\n|tier|[Gen 9] VGC 2025 Reg G\n|rated|\n|rule|Species Clause: Limit one of each Pok\u00e9mon\n|rule|Item Clause: Limit 1 of each item\n|clearpoke\n|poke|p1|Miraidon, L50|\n|poke|p1|Whimsicott, L50, F|\n|poke|p1|Urshifu-*, L50, F|\n|poke|p1|Ogerpon-Hearthflame, L50, F|\n|poke|p1|Farigiraf, L50, F|\n|poke|p1|Iron Hands, L50|\n|poke|p2|Lunala, L50|\n|poke|p2|Ursaluna, L50, F|\n|poke|p2|Urshifu-*, L50, F|\n|poke|p2|Pelipper, L50, F|\n|poke|p2|Indeedee-F, L50, F|\n|poke|p2|Amoonguss, L50, F|\n|teampreview|4\n|inactive|Battle timer is ON: inactive players will automatically lose when time's up. (requested by Read Book)\n|inactive|Read Book has 60 seconds left.\n|inactive|Vianex has 60 seconds left.\n|inactive|Vianex has 30 seconds left.\n|inactive|Vianex has 20 seconds left.\n|inactive|Vianex has 15 seconds left.\n|inactive|Vianex has 10 seconds left.\n|inactive|Vianex has 5 seconds left.\n|\n|t:|1737369633\n|start\n|switch|p1a: Miraidon|Miraidon, L50|100\/100\n|switch|p1b: Whimsicott|Whimsicott, L50, F|100\/100\n|switch|p2a: Lunala|Lunala, L50|100\/100\n|switch|p2b: Indeedee|Indeedee-F, L50, F|100\/100\n|-fieldstart|move: Electric Terrain|[from] ability: Hadron Engine|[of] p1a: Miraidon\n|-fieldstart|move: Psychic Terrain|[from] ability: Psychic Surge|[of] p2b: Indeedee\n|-enditem|p2b: Indeedee|Psychic Seed\n|-boost|p2b: Indeedee|spd|1|[from] item: Psychic Seed\n|turn|1\n|\n|t:|1737369645\n|move|p1b: Whimsicott|Light Screen|p1b: Whimsicott\n|-sidestart|p1: Read Book|move: Light Screen\n|move|p1a: Miraidon|Volt Switch|p2a: Lunala\n|-damage|p2a: Lunala|80\/100\n|\n|t:|1737369650\n|switch|p1a: Farigiraf|Farigiraf, L50, F|100\/100|[from] Volt Switch\n|move|p2b: Indeedee|Psychic|p1a: Farigiraf\n|-resisted|p1a: Farigiraf\n|-damage|p1a: Farigiraf|88\/100\n|move|p2a: Lunala|Trick Room|p2a: Lunala\n|-fieldstart|move: Trick Room|[of] p2a: Lunala\n|\n|upkeep\n|turn|2\n|\n|t:|1737369667\n|-terastallize|p2a: Lunala|Fairy\n|move|p2b: Indeedee|Imprison|p2b: Indeedee\n|-start|p2b: Indeedee|move: Imprison\n|move|p1a: Farigiraf|Foul Play|p2a: Lunala\n|-resisted|p2a: Lunala\n|-damage|p2a: Lunala|71\/100\n|move|p2a: Lunala|Meteor Beam||[still]\n|-prepare|p2a: Lunala|Meteor Beam\n|-boost|p2a: Lunala|spa|1\n|-enditem|p2a: Lunala|Power Herb\n|-anim|p2a: Lunala|Meteor Beam|p1b: Whimsicott\n|-damage|p1b: Whimsicott|44\/100\n|move|p1b: Whimsicott|Moonblast|p2a: Lunala\n|-damage|p2a: Lunala|52\/100\n|-unboost|p2a: Lunala|spa|1\n|\n|upkeep\n|turn|3\n|\n|t:|1737369689\n|switch|p2b: Ursaluna|Ursaluna, L50, F|100\/100\n|move|p1a: Farigiraf|Psychic Noise|p2a: Lunala\n|-damage|p2a: Lunala|26\/100\n|-start|p2a: Lunala|move: Heal Block\n|move|p2a: Lunala|Moonblast|p1b: Whimsicott\n|-damage|p1b: Whimsicott|1\/100\n|move|p1b: Whimsicott|Moonblast|p2a: Lunala\n|-crit|p2a: Lunala\n|-damage|p2a: Lunala|0 fnt\n|faint|p2a: Lunala\n|\n|-status|p2b: Ursaluna|brn|[from] item: Flame Orb\n|upkeep\n|\n|t:|1737369697\n|switch|p2a: Amoonguss|Amoonguss, L50, F|100\/100\n|turn|4\n|\n|t:|1737369719\n|move|p1b: Whimsicott|Tailwind|p1b: Whimsicott\n|-sidestart|p1: Read Book|move: Tailwind\n|move|p2a: Amoonguss|Clear Smog|p1b: Whimsicott\n|-supereffective|p1b: Whimsicott\n|-damage|p1b: Whimsicott|0 fnt\n|-clearboost|p1b: Whimsicott\n|faint|p1b: Whimsicott\n|move|p2b: Ursaluna|Facade|p1a: Farigiraf\n|-damage|p1a: Farigiraf|0 fnt\n|faint|p1a: Farigiraf\n|\n|-damage|p2b: Ursaluna|95\/100 brn|[from] brn\n|upkeep\n|\n|t:|1737369730\n|switch|p1a: Miraidon|Miraidon, L50|100\/100\n|switch|p1b: Iron Hands|Iron Hands, L50|100\/100\n|-fieldstart|move: Electric Terrain|[from] ability: Hadron Engine|[of] p1a: Miraidon\n|-activate|p1b: Iron Hands|ability: Quark Drive\n|-start|p1b: Iron Hands|quarkdriveatk\n|turn|5\n|\n|t:|1737369743\n|switch|p2a: Indeedee|Indeedee-F, L50, F|100\/100\n|-fieldstart|move: Psychic Terrain|[from] ability: Psychic Surge|[of] p2a: Indeedee\n|-end|p1b: Iron Hands|Quark Drive\n|move|p1b: Iron Hands|Fake Out|p2b: Ursaluna\n|-activate|p2b: Ursaluna|move: Psychic Terrain\n|move|p2b: Ursaluna|Facade|p1a: Miraidon\n|-damage|p1a: Miraidon|0 fnt\n|faint|p1a: Miraidon\n|\n|-damage|p2b: Ursaluna|89\/100 brn|[from] brn\n|-sideend|p1: Read Book|move: Light Screen\n|-fieldend|move: Trick Room\n|upkeep\n|turn|6\n|-message|Read Book forfeited.\n|\n|win|Vianex\n|raw|Read Book's rating: 1607 &rarr; <strong>1582<\/strong><br \/>(-25 for losing)\n|raw|Vianex's rating: 1509 &rarr; <strong>1534<\/strong><br \/>(+25 for winning)\n|l|\u2606Read Book\n|player|p1|\n|l|\u2606Vianex\n|player|p2|\n","uploadtime":1737369957,"views":5,"formatid":"gen9vgc2025regg","rating":1534,"private":0,"password":null}