{"id":"gen9vgc2025regg-2284065587","format":"[Gen 9] VGC 2025 Reg G","players":["xenonide","DavidElGafe"],"log":"|j|\u2606xenonide\n|j|\u2606DavidElGafe\n|t:|1737301809\n|gametype|doubles\n|player|p1|xenonide|266|1526\n|player|p2|DavidElGafe|blue|1581\n|teamsize|p1|6\n|teamsize|p2|6\n|gen|9\n|tier|[Gen 9] VGC 2025 Reg G\n|rated|\n|rule|Species Clause: Limit one of each Pok\u00e9mon\n|rule|Item Clause: Limit 1 of each item\n|clearpoke\n|poke|p1|Kyogre, L50|\n|poke|p1|Iron Jugulis, L50|\n|poke|p1|Incineroar, L50, M|\n|poke|p1|Rillaboom, L50, F|\n|poke|p1|Urshifu-*, L50, F|\n|poke|p1|Amoonguss, L50, M|\n|poke|p2|Calyrex-Ice, L50|\n|poke|p2|Indeedee-F, L50, F|\n|poke|p2|Torkoal, L50, M|\n|poke|p2|Regidrago, L50|\n|poke|p2|Gallade, L50, M|\n|poke|p2|Annihilape, L50, F|\n|teampreview|4\n|inactive|Battle timer is ON: inactive players will automatically lose when time's up. (requested by xenonide)\n|j| Lubro\n|inactive|xenonide has 60 seconds left.\n|inactive|DavidElGafe has 60 seconds left.\n|inactive|xenonide has 30 seconds left.\n|\n|t:|1737301871\n|start\n|switch|p1a: Iron Jugulis|Iron Jugulis, L50|100\/100\n|switch|p1b: Kyogre|Kyogre, L50|100\/100\n|switch|p2a: Gallade|Gallade, L50, M|100\/100\n|switch|p2b: Indeedee|Indeedee-F, L50, F|100\/100\n|-weather|RainDance|[from] ability: Drizzle|[of] p1b: Kyogre\n|-fieldstart|move: Psychic Terrain|[from] ability: Psychic Surge|[of] p2b: Indeedee\n|-enditem|p2a: Gallade|Psychic Seed\n|-boost|p2a: Gallade|spd|1|[from] item: Psychic Seed\n|-enditem|p1a: Iron Jugulis|Booster Energy\n|-activate|p1a: Iron Jugulis|ability: Quark Drive|[fromitem]\n|-start|p1a: Iron Jugulis|quarkdrivespe\n|turn|1\n|inactive|xenonide has 30 seconds left.\n|inactive|DavidElGafe has 30 seconds left.\n|\n|t:|1737301903\n|move|p2b: Indeedee|Follow Me|p2b: Indeedee\n|-singleturn|p2b: Indeedee|move: Follow Me\n|move|p1a: Iron Jugulis|Hurricane|p2b: Indeedee\n|-damage|p2b: Indeedee|61\/100\n|move|p1b: Kyogre|Calm Mind|p1b: Kyogre\n|-boost|p1b: Kyogre|spa|1\n|-boost|p1b: Kyogre|spd|1\n|move|p2a: Gallade|Trick Room|p2a: Gallade\n|-fieldstart|move: Trick Room|[of] p2a: Gallade\n|\n|-weather|RainDance|[upkeep]\n|upkeep\n|turn|2\n|\n|t:|1737301923\n|-end|p1a: Iron Jugulis|Quark Drive|[silent]\n|switch|p1a: Incineroar|Incineroar, L50, M|100\/100\n|-ability|p1a: Incineroar|Intimidate|boost\n|-unboost|p2a: Gallade|atk|1\n|-unboost|p2b: Indeedee|atk|1\n|move|p2b: Indeedee|Helping Hand|p2a: Gallade\n|-singleturn|p2a: Gallade|Helping Hand|[of] p2b: Indeedee\n|move|p2a: Gallade|Sacred Sword|p1a: Incineroar\n|-supereffective|p1a: Incineroar\n|-damage|p1a: Incineroar|0 fnt\n|faint|p1a: Incineroar\n|move|p1b: Kyogre|Origin Pulse|p2b: Indeedee|[spread] p2a,p2b\n|-damage|p2a: Gallade|35\/100\n|-damage|p2b: Indeedee|0 fnt\n|faint|p2b: Indeedee\n|\n|-weather|RainDance|[upkeep]\n|upkeep\n|j| pauboosch\n|j| Claarity\n|l| Claarity\n|\n|t:|1737301942\n|switch|p1a: Rillaboom|Rillaboom, L50, F|100\/100\n|switch|p2b: Torkoal|Torkoal, L50, M|100\/100\n|-weather|SunnyDay|[from] ability: Drought|[of] p2b: Torkoal\n|-fieldstart|move: Grassy Terrain|[from] ability: Grassy Surge|[of] p1a: Rillaboom\n|turn|3\n|\n|t:|1737301964\n|switch|p2a: Calyrex|Calyrex-Ice, L50|100\/100\n|-ability|p2a: Calyrex|As One\n|-ability|p2a: Calyrex|Unnerve\n|move|p2b: Torkoal|Protect|p2b: Torkoal\n|-singleturn|p2b: Torkoal|Protect\n|move|p1a: Rillaboom|Fake Out|p2b: Torkoal\n|-activate|p2b: Torkoal|move: Protect\n|move|p1b: Kyogre|Origin Pulse|p2b: Torkoal|[spread] p2a\n|-activate|p2b: Torkoal|move: Protect\n|-damage|p2a: Calyrex|75\/100\n|\n|-weather|SunnyDay|[upkeep]\n|-heal|p2a: Calyrex|81\/100|[from] Grassy Terrain\n|upkeep\n|turn|4\n|inactive|xenonide has 30 seconds left.\n|inactive|DavidElGafe has 30 seconds left.\n|inactive|DavidElGafe has 20 seconds left.\n|\n|t:|1737302003\n|-terastallize|p1a: Rillaboom|Fire\n|move|p2b: Torkoal|Clear Smog|p1b: Kyogre\n|-damage|p1b: Kyogre|94\/100\n|-clearboost|p1b: Kyogre\n|move|p2a: Calyrex|Close Combat|p1b: Kyogre\n|-damage|p1b: Kyogre|50\/100\n|-unboost|p2a: Calyrex|def|1\n|-unboost|p2a: Calyrex|spd|1\n|move|p1b: Kyogre|Origin Pulse|p2b: Torkoal|[spread] p2a\n|-miss|p1b: Kyogre|p2b: Torkoal\n|-damage|p2a: Calyrex|54\/100\n|move|p1a: Rillaboom|U-turn|p2a: Calyrex\n|-supereffective|p2a: Calyrex\n|-damage|p2a: Calyrex|7\/100\n|\n|t:|1737302018\n|switch|p1a: Iron Jugulis|Iron Jugulis, L50|100\/100|[from] U-turn\n|\n|-weather|SunnyDay|[upkeep]\n|-heal|p2a: Calyrex|13\/100|[from] Grassy Terrain\n|-heal|p1b: Kyogre|56\/100|[from] Grassy Terrain\n|-heal|p1b: Kyogre|62\/100|[from] item: Leftovers\n|upkeep\n|turn|5\n|\n|t:|1737302026\n|-terastallize|p2b: Torkoal|Fire\n|move|p1b: Kyogre|Protect|p1b: Kyogre\n|-singleturn|p1b: Kyogre|Protect\n|move|p1a: Iron Jugulis|Protect|p1a: Iron Jugulis\n|-singleturn|p1a: Iron Jugulis|Protect\n|move|p2b: Torkoal|Eruption|p1b: Kyogre|[spread] \n|-activate|p1a: Iron Jugulis|move: Protect\n|-activate|p1b: Kyogre|move: Protect\n|move|p2a: Calyrex|Glacial Lance|p1a: Iron Jugulis|[spread] \n|-activate|p1a: Iron Jugulis|move: Protect\n|-activate|p1b: Kyogre|move: Protect\n|\n|-weather|SunnyDay|[upkeep]\n|-heal|p2a: Calyrex|19\/100|[from] Grassy Terrain\n|-heal|p1b: Kyogre|68\/100|[from] Grassy Terrain\n|-heal|p1b: Kyogre|73\/100|[from] item: Leftovers\n|-fieldend|move: Trick Room\n|upkeep\n|turn|6\n|\n|t:|1737302046\n|move|p1a: Iron Jugulis|Snarl|p2a: Calyrex|[spread] p2a,p2b\n|-supereffective|p2a: Calyrex\n|-damage|p2a: Calyrex|0 fnt\n|-damage|p2b: Torkoal|76\/100\n|-unboost|p2b: Torkoal|spa|1\n|faint|p2a: Calyrex\n|move|p1b: Kyogre|Origin Pulse|p2b: Torkoal\n|-supereffective|p2b: Torkoal\n|-damage|p2b: Torkoal|0 fnt\n|faint|p2b: Torkoal\n|\n|-weather|SunnyDay|[upkeep]\n|-heal|p1b: Kyogre|79\/100|[from] Grassy Terrain\n|-heal|p1b: Kyogre|85\/100|[from] item: Leftovers\n|upkeep\n|\n|t:|1737302050\n|switch|p2b: Gallade|Gallade, L50, M|35\/100\n|turn|7\n|inactive|xenonide has 30 seconds left.\n|-message|DavidElGafe forfeited.\n|\n|win|xenonide\n|raw|xenonide's rating: 1526 &rarr; <strong>1549<\/strong><br \/>(+23 for winning)\n|raw|DavidElGafe's rating: 1581 &rarr; <strong>1558<\/strong><br \/>(-23 for losing)\n|l|\u2606DavidElGafe\n|player|p2|\n|l| Lubro\n|l|\u2606xenonide\n|player|p1|\n","uploadtime":1737302225,"views":18,"formatid":"gen9vgc2025regg","rating":1549,"private":0,"password":null}