{"id":"gen9vgc2025regg-2284752696","format":"[Gen 9] VGC 2025 Reg G","players":["Farhaz_VGC","BLiiNDProdiigy"],"log":"|j|\u2606Farhaz_VGC\n|j|\u2606BLiiNDProdiigy\n|t:|1737394688\n|gametype|doubles\n|player|p1|Farhaz_VGC|rosa|1619\n|player|p2|BLiiNDProdiigy|rocketgrunt|1624\n|teamsize|p1|6\n|teamsize|p2|6\n|gen|9\n|tier|[Gen 9] VGC 2025 Reg G\n|rated|\n|rule|Species Clause: Limit one of each Pok\u00e9mon\n|rule|Item Clause: Limit 1 of each item\n|clearpoke\n|poke|p1|Tornadus, L50, M|\n|poke|p1|Urshifu-*, L50, M|\n|poke|p1|Dragonite, L50, M|\n|poke|p1|Incineroar, L50, M|\n|poke|p1|Landorus-Therian, L50, M|\n|poke|p1|Calyrex-Shadow, L50|\n|poke|p2|Terapagos, L50, M|\n|poke|p2|Incineroar, L50, M|\n|poke|p2|Rillaboom, L50, F|\n|poke|p2|Urshifu-*, L50, M|\n|poke|p2|Flutter Mane, L50|\n|poke|p2|Ogerpon-Hearthflame, L50, F|\n|teampreview|4\n|j| DaN00biest\n|\n|t:|1737394716\n|start\n|switch|p1a: Tornadus|Tornadus, L50, M|100\/100\n|switch|p1b: Landorus|Landorus-Therian, L50, M|100\/100\n|switch|p2a: Terapagos|Terapagos, L50, M|100\/100\n|switch|p2b: Incineroar|Incineroar, L50, M|100\/100\n|-activate|p2a: Terapagos|ability: Tera Shift\n|detailschange|p2a: Terapagos|Terapagos-Terastal, L50, M\n|-heal|p2a: Terapagos|100\/100|[silent]\n|-ability|p1b: Landorus|Intimidate|boost\n|-unboost|p2a: Terapagos|atk|1\n|-unboost|p2b: Incineroar|atk|1\n|-ability|p2b: Incineroar|Intimidate|boost\n|-unboost|p1a: Tornadus|atk|1\n|-unboost|p1b: Landorus|atk|1\n|turn|1\n|\n|t:|1737394733\n|move|p2b: Incineroar|Fake Out|p1b: Landorus\n|-damage|p1b: Landorus|93\/100\n|move|p1a: Tornadus|Taunt|p2a: Terapagos\n|-start|p2a: Terapagos|move: Taunt\n|cant|p2a: Terapagos|move: Taunt|Substitute\n|cant|p1b: Landorus|flinch\n|\n|upkeep\n|turn|2\n|\n|t:|1737394743\n|move|p1a: Tornadus|Bleakwind Storm|p2a: Terapagos|[spread] p2a,p2b\n|-activate|p2a: Terapagos|ability: Tera Shell\n|-resisted|p2a: Terapagos\n|-damage|p2a: Terapagos|88\/100\n|-damage|p2b: Incineroar|72\/100\n|-unboost|p2b: Incineroar|spe|1\n|move|p2a: Terapagos|Tera Starstorm|p1a: Tornadus\n|-damage|p1a: Tornadus|46\/100\n|move|p1b: Landorus|Earthquake|p2a: Terapagos|[spread] p2a,p2b\n|-immune|p1a: Tornadus\n|-supereffective|p2b: Incineroar\n|-damage|p2a: Terapagos|66\/100\n|-damage|p2b: Incineroar|29\/100\n|move|p2b: Incineroar|Knock Off|p1a: Tornadus\n|-damage|p1a: Tornadus|21\/100\n|-enditem|p1a: Tornadus|Covert Cloak|[from] move: Knock Off|[of] p2b: Incineroar\n|\n|-heal|p2a: Terapagos|72\/100|[from] item: Leftovers\n|upkeep\n|turn|3\n|\n|t:|1737394782\n|switch|p2b: Ogerpon|Ogerpon-Hearthflame, L50, F|100\/100\n|-ability|p2b: Ogerpon|Mold Breaker\n|-terastallize|p2a: Terapagos|Stellar\n|detailschange|p2a: Terapagos|Terapagos-Stellar, L50, M, tera:Stellar\n|-heal|p2a: Terapagos|79\/100|[silent]\n|move|p1a: Tornadus|Tailwind|p1a: Tornadus\n|-sidestart|p1: Farhaz_VGC|move: Tailwind\n|move|p1b: Landorus|Earthquake|p2b: Ogerpon|[spread] p2a,p2b\n|-immune|p1a: Tornadus\n|-damage|p2a: Terapagos|60\/100\n|-damage|p2b: Ogerpon|69\/100\n|move|p2a: Terapagos|Tera Starstorm|p1a: Tornadus|[spread] p1a,p1b\n|-damage|p1a: Tornadus|0 fnt\n|-damage|p1b: Landorus|63\/100\n|faint|p1a: Tornadus\n|\n|-heal|p2a: Terapagos|66\/100|[from] item: Leftovers\n|-end|p2a: Terapagos|move: Taunt\n|upkeep\n|\n|t:|1737394800\n|switch|p1a: Urshifu|Urshifu, L50, M|100\/100\n|turn|4\n|\n|t:|1737394813\n|move|p2b: Ogerpon|Follow Me|p2b: Ogerpon\n|-singleturn|p2b: Ogerpon|move: Follow Me\n|move|p1a: Urshifu|Close Combat|p2b: Ogerpon\n|-damage|p2b: Ogerpon|0 fnt\n|-unboost|p1a: Urshifu|def|1\n|-unboost|p1a: Urshifu|spd|1\n|faint|p2b: Ogerpon\n|move|p1b: Landorus|Rock Slide|p2a: Terapagos\n|-damage|p2a: Terapagos|54\/100\n|move|p2a: Terapagos|Tera Starstorm|p1a: Urshifu|[spread] p1a,p1b\n|-damage|p1a: Urshifu|6\/100\n|-damage|p1b: Landorus|36\/100\n|\n|-heal|p2a: Terapagos|60\/100|[from] item: Leftovers\n|upkeep\n|\n|t:|1737394820\n|switch|p2b: Incineroar|Incineroar, L50, M|29\/100\n|-ability|p2b: Incineroar|Intimidate|boost\n|-unboost|p1a: Urshifu|atk|1\n|-unboost|p1b: Landorus|atk|1\n|turn|5\n|\n|t:|1737394836\n|-terastallize|p1a: Urshifu|Ghost\n|move|p2b: Incineroar|Fake Out|p1a: Urshifu\n|-immune|p1a: Urshifu\n|move|p1a: Urshifu|Close Combat|p2a: Terapagos\n|-supereffective|p2a: Terapagos\n|-damage|p2a: Terapagos|0 fnt\n|-unboost|p1a: Urshifu|def|1\n|-unboost|p1a: Urshifu|spd|1\n|faint|p2a: Terapagos\n|move|p1b: Landorus|Stomping Tantrum|p2b: Incineroar\n|-supereffective|p2b: Incineroar\n|-damage|p2b: Incineroar|0 fnt\n|-damage|p1b: Landorus|20\/100|[from] item: Rocky Helmet|[of] p2b: Incineroar\n|faint|p2b: Incineroar\n|\n|upkeep\n|\n|t:|1737394838\n|switch|p2b: Flutter Mane|Flutter Mane, L50|100\/100\n|-enditem|p2b: Flutter Mane|Booster Energy\n|-activate|p2b: Flutter Mane|ability: Protosynthesis|[fromitem]\n|-start|p2b: Flutter Mane|protosynthesisspe\n|turn|6\n|\n|t:|1737394869\n|move|p1a: Urshifu|Wicked Blow|p2b: Flutter Mane\n|-crit|p2b: Flutter Mane\n|-damage|p2b: Flutter Mane|9\/100\n|move|p2b: Flutter Mane|Icy Wind|p1a: Urshifu|[spread] p1a,p1b\n|-supereffective|p1b: Landorus\n|-damage|p1a: Urshifu|0 fnt\n|-damage|p1b: Landorus|0 fnt\n|faint|p1a: Urshifu\n|faint|p1b: Landorus\n|\n|-sideend|p1: Farhaz_VGC|move: Tailwind\n|upkeep\n|\n|t:|1737394878\n|switch|p1b: Calyrex|Calyrex-Shadow, L50|100\/100\n|-ability|p1b: Calyrex|As One\n|-ability|p1b: Calyrex|Unnerve\n|turn|7\n|\n|t:|1737394884\n|move|p2b: Flutter Mane|Thunder Wave|p1b: Calyrex\n|-status|p1b: Calyrex|par\n|move|p1b: Calyrex|Psychic|p2b: Flutter Mane\n|-damage|p2b: Flutter Mane|0 fnt\n|faint|p2b: Flutter Mane\n|-end|p2b: Flutter Mane|Protosynthesis|[silent]\n|\n|win|Farhaz_VGC\n|raw|Farhaz_VGC's rating: 1619 &rarr; <strong>1639<\/strong><br \/>(+20 for winning)\n|raw|BLiiNDProdiigy's rating: 1624 &rarr; <strong>1604<\/strong><br \/>(-20 for losing)\n|l|\u2606BLiiNDProdiigy\n|player|p2|\n|l|\u2606Farhaz_VGC\n|player|p1|\n|l| DaN00biest\n","uploadtime":1737395056,"views":12,"formatid":"gen9vgc2025regg","rating":1604,"private":0,"password":null}