{"id":"gen9vgc2025regg-2284233880","format":"[Gen 9] VGC 2025 Reg G","players":["vincy18","DavidElGafe"],"log":"|j|\u2606vincy18\n|j|\u2606DavidElGafe\n|t:|1737321313\n|gametype|doubles\n|player|p1|vincy18|will|1568\n|player|p2|DavidElGafe|blue|1564\n|teamsize|p1|6\n|teamsize|p2|6\n|gen|9\n|tier|[Gen 9] VGC 2025 Reg G\n|rated|\n|rule|Species Clause: Limit one of each Pok\u00e9mon\n|rule|Item Clause: Limit 1 of each item\n|clearpoke\n|poke|p1|Zamazenta-*, L50|\n|poke|p1|Chien-Pao, L50|\n|poke|p1|Flutter Mane, L50|\n|poke|p1|Chi-Yu, L50|\n|poke|p1|Amoonguss, L50, M|\n|poke|p1|Raging Bolt, L50|\n|poke|p2|Chien-Pao, L50|\n|poke|p2|Urshifu-*, L50, M|\n|poke|p2|Landorus, L50, M|\n|poke|p2|Pelipper, L50, F|\n|poke|p2|Zamazenta-*, L50|\n|poke|p2|Ogerpon-Cornerstone, L50, F|\n|teampreview|4\n|j| BionicFox\n|inactive|Battle timer is ON: inactive players will automatically lose when time's up. (requested by DavidElGafe)\nvincy18 has agreed to open team sheets.\n|\n|t:|1737321386\n|start\n|switch|p1a: Flutter Mane|Flutter Mane, L50|100\/100\n|switch|p1b: Chi-Yu|Chi-Yu, L50|100\/100\n|switch|p2a: Chien-Pao|Chien-Pao, L50|100\/100\n|switch|p2b: Urshifu|Urshifu-Rapid-Strike, L50, M|100\/100\n|-ability|p1b: Chi-Yu|Beads of Ruin\n|-ability|p2a: Chien-Pao|Sword of Ruin\n|-enditem|p1a: Flutter Mane|Booster Energy\n|-activate|p1a: Flutter Mane|ability: Protosynthesis|[fromitem]\n|-start|p1a: Flutter Mane|protosynthesisspe\n|turn|1\n|\n|t:|1737321409\n|switch|p1b: Amoonguss|Amoonguss, L50, M|100\/100\n|move|p2a: Chien-Pao|Protect|p2a: Chien-Pao\n|-singleturn|p2a: Chien-Pao|Protect\n|move|p2b: Urshifu|Protect|p2b: Urshifu\n|-singleturn|p2b: Urshifu|Protect\n|move|p1a: Flutter Mane|Moonblast|p2b: Urshifu\n|-activate|p2b: Urshifu|move: Protect\n|\n|upkeep\n|turn|2\n|\n|t:|1737321424\n|-terastallize|p2a: Chien-Pao|Grass\n|-terastallize|p1b: Amoonguss|Water\n|move|p1b: Amoonguss|Rage Powder|p1b: Amoonguss\n|-singleturn|p1b: Amoonguss|move: Rage Powder\n|move|p2a: Chien-Pao|Sucker Punch|p1a: Flutter Mane\n|-damage|p1a: Flutter Mane|30\/100\n|move|p2b: Urshifu|Aqua Jet|p1a: Flutter Mane\n|-damage|p1a: Flutter Mane|0 fnt\n|faint|p1a: Flutter Mane\n|-end|p1a: Flutter Mane|Protosynthesis|[silent]\n|\n|upkeep\n|\n|t:|1737321434\n|switch|p1a: Zamazenta|Zamazenta-Crowned, L50|100\/100\n|-ability|p1a: Zamazenta|Dauntless Shield|boost\n|-boost|p1a: Zamazenta|def|1\n|turn|3\n|\n|t:|1737321456\n|move|p2a: Chien-Pao|Protect|p2a: Chien-Pao\n|-singleturn|p2a: Chien-Pao|Protect\n|move|p1a: Zamazenta|Body Press|p2b: Urshifu\n|-damage|p2b: Urshifu|13\/100\n|move|p2b: Urshifu|Surging Strikes|p1a: Zamazenta\n|-crit|p1a: Zamazenta\n|-damage|p1a: Zamazenta|82\/100\n|-crit|p1a: Zamazenta\n|-damage|p1a: Zamazenta|64\/100\n|-crit|p1a: Zamazenta\n|-damage|p1a: Zamazenta|47\/100\n|-hitcount|p1a: Zamazenta|3\n|move|p1b: Amoonguss|Clear Smog|p2b: Urshifu\n|-crit|p2b: Urshifu\n|-damage|p2b: Urshifu|0 fnt\n|-clearboost|p2b: Urshifu\n|faint|p2b: Urshifu\n|\n|upkeep\n|\n|t:|1737321479\n|switch|p2b: Landorus|Landorus, L50, M|100\/100\n|turn|4\n|inactive|vincy18 has 30 seconds left.\n|inactive|vincy18 has 20 seconds left.\n|inactive|vincy18 has 15 seconds left.\n|\n|t:|1737321524\n|move|p2b: Landorus|Protect|p2b: Landorus\n|-singleturn|p2b: Landorus|Protect\n|move|p2a: Chien-Pao|Throat Chop|p1b: Amoonguss\n|-damage|p1b: Amoonguss|59\/100\n|-start|p1b: Amoonguss|Throat Chop|[silent]\n|-damage|p2a: Chien-Pao|84\/100|[from] item: Rocky Helmet|[of] p1b: Amoonguss\n|move|p1a: Zamazenta|Body Press|p2a: Chien-Pao\n|-damage|p2a: Chien-Pao|0 fnt\n|faint|p2a: Chien-Pao\n|move|p1b: Amoonguss|Spore|p2b: Landorus\n|-activate|p2b: Landorus|move: Protect\n|\n|upkeep\n|\n|t:|1737321536\n|switch|p2a: Zamazenta|Zamazenta-Crowned, L50|100\/100\n|-ability|p2a: Zamazenta|Dauntless Shield|boost\n|-boost|p2a: Zamazenta|def|1\n|turn|5\n|\n|t:|1737321555\n|move|p1a: Zamazenta|Wide Guard|p1a: Zamazenta\n|-singleturn|p1a: Zamazenta|Wide Guard\n|move|p2a: Zamazenta|Body Press|p1b: Amoonguss\n|-damage|p1b: Amoonguss|10\/100\n|-damage|p2a: Zamazenta|84\/100|[from] item: Rocky Helmet|[of] p1b: Amoonguss\n|move|p2b: Landorus|Sandsear Storm|p1b: Amoonguss|[spread] \n|-activate|p1a: Zamazenta|move: Wide Guard\n|-activate|p1b: Amoonguss|move: Wide Guard\n|move|p1b: Amoonguss|Spore|p2b: Landorus\n|-status|p2b: Landorus|slp|[from] move: Spore\n|\n|-end|p1b: Amoonguss|Throat Chop|[silent]\n|upkeep\n|turn|6\n|\n|t:|1737321576\n|move|p2a: Zamazenta|Protect|p2a: Zamazenta\n|-singleturn|p2a: Zamazenta|Protect\n|move|p1b: Amoonguss|Rage Powder|p1b: Amoonguss\n|-singleturn|p1b: Amoonguss|move: Rage Powder\n|move|p1a: Zamazenta|Heavy Slam|p2b: Landorus\n|-damage|p2b: Landorus|44\/100 slp\n|cant|p2b: Landorus|slp\n|\n|upkeep\n|turn|7\n|inactive|DavidElGafe has 30 seconds left.\n|inactive|DavidElGafe has 20 seconds left.\n|\n|t:|1737321612\n|cant|p2b: Landorus|slp\n|move|p1b: Amoonguss|Rage Powder|p1b: Amoonguss\n|-singleturn|p1b: Amoonguss|move: Rage Powder\n|move|p1a: Zamazenta|Heavy Slam|p2b: Landorus\n|-damage|p2b: Landorus|0 fnt\n|faint|p2b: Landorus\n|move|p2a: Zamazenta|Body Press|p1b: Amoonguss\n|-damage|p1b: Amoonguss|0 fnt\n|-damage|p2a: Zamazenta|67\/100|[from] item: Rocky Helmet|[of] p1b: Amoonguss\n|faint|p1b: Amoonguss\n|\n|upkeep\n|\n|t:|1737321620\n|switch|p1b: Chi-Yu|Chi-Yu, L50|100\/100\n|-ability|p1b: Chi-Yu|Beads of Ruin\n|turn|8\n|\n|t:|1737321624\n|move|p1b: Chi-Yu|Overheat|p2a: Zamazenta\n|-supereffective|p2a: Zamazenta\n|-damage|p2a: Zamazenta|0 fnt\n|-unboost|p1b: Chi-Yu|spa|2\n|faint|p2a: Zamazenta\n|\n|win|vincy18\n|raw|vincy18's rating: 1568 &rarr; <strong>1588<\/strong><br \/>(+20 for winning)\n|raw|DavidElGafe's rating: 1564 &rarr; <strong>1544<\/strong><br \/>(-20 for losing)\n|c|\u2606vincy18|gg\n|l|\u2606DavidElGafe\n|player|p2|\n|l|\u2606vincy18\n|player|p1|\n","uploadtime":1737321772,"views":10,"formatid":"gen9vgc2025regg","rating":1544,"private":0,"password":null}