{"id":"gen9vgc2025regg-2284777550","format":"[Gen 9] VGC 2025 Reg G","players":["BLiiNDProdiigy","Imnotagni"],"log":"|j|\u2606BLiiNDProdiigy\n|j|\u2606Imnotagni\n|t:|1737397245\n|gametype|doubles\n|player|p1|BLiiNDProdiigy|rocketgrunt|1618\n|player|p2|Imnotagni|policeman-gen4|1640\n|teamsize|p1|6\n|teamsize|p2|6\n|gen|9\n|tier|[Gen 9] VGC 2025 Reg G\n|rated|\n|rule|Species Clause: Limit one of each Pok\u00e9mon\n|rule|Item Clause: Limit 1 of each item\n|clearpoke\n|poke|p1|Terapagos, L50, M|\n|poke|p1|Incineroar, L50, F|\n|poke|p1|Rillaboom, L50, F|\n|poke|p1|Urshifu-*, L50, M|\n|poke|p1|Flutter Mane, L50|\n|poke|p1|Ogerpon-Hearthflame, L50, F|\n|poke|p2|Zacian-*, L50|\n|poke|p2|Whimsicott, L50, F|\n|poke|p2|Chi-Yu, L50|\n|poke|p2|Regidrago, L50|\n|poke|p2|Ogerpon-Wellspring, L50, F|\n|poke|p2|Ditto, L50|\n|teampreview|4\n|inactive|Battle timer is ON: inactive players will automatically lose when time's up. (requested by Imnotagni)\n|j| Baguettezzz\n|j| SuN0nPls\n|inactive|Imnotagni has 60 seconds left.\n|\n|t:|1737397293\n|start\n|switch|p1a: Terapagos|Terapagos, L50, M|100\/100\n|switch|p1b: Incineroar|Incineroar, L50, F|100\/100\n|switch|p2a: NIMBUS|Whimsicott, L50, F, shiny|100\/100\n|switch|p2b: GOKU|Regidrago, L50|100\/100\n|-activate|p1a: Terapagos|ability: Tera Shift\n|detailschange|p1a: Terapagos|Terapagos-Terastal, L50, M\n|-heal|p1a: Terapagos|100\/100|[silent]\n|-ability|p1b: Incineroar|Intimidate|boost\n|-unboost|p2a: NIMBUS|atk|1\n|-unboost|p2b: GOKU|atk|1\n|turn|1\n|\n|t:|1737397310\n|-terastallize|p1a: Terapagos|Stellar\n|detailschange|p1a: Terapagos|Terapagos-Stellar, L50, M, tera:Stellar\n|-heal|p1a: Terapagos|100\/100|[silent]\n|move|p2b: GOKU|Protect|p2b: GOKU\n|-singleturn|p2b: GOKU|Protect\n|move|p1b: Incineroar|Fake Out|p2b: GOKU\n|-activate|p2b: GOKU|move: Protect\n|move|p2a: NIMBUS|Tailwind|p2a: NIMBUS\n|-sidestart|p2: Imnotagni|move: Tailwind\n|move|p1a: Terapagos|Tera Starstorm|p2a: NIMBUS|[spread] p2a\n|-activate|p2b: GOKU|move: Protect\n|-damage|p2a: NIMBUS|54\/100\n|\n|upkeep\n|turn|2\n|l| Baguettezzz\n|\n|t:|1737397323\n|move|p2a: NIMBUS|Moonblast|p1a: Terapagos\n|-damage|p1a: Terapagos|82\/100\n|-unboost|p1a: Terapagos|spa|1\n|move|p2b: GOKU|Dragon Energy|p1b: Incineroar|[spread] p1a,p1b\n|-crit|p1b: Incineroar\n|-damage|p1a: Terapagos|9\/100\n|-damage|p1b: Incineroar|0 fnt\n|faint|p1b: Incineroar\n|-damage|p2b: GOKU|91\/100|[from] item: Life Orb\n|move|p1a: Terapagos|Tera Starstorm|p2b: GOKU|[spread] p2a,p2b\n|-damage|p2a: NIMBUS|28\/100\n|-damage|p2b: GOKU|64\/100\n|\n|-heal|p1a: Terapagos|16\/100|[from] item: Leftovers\n|upkeep\n|\n|t:|1737397326\n|switch|p1b: Flutter Mane|Flutter Mane, L50|100\/100\n|-enditem|p1b: Flutter Mane|Booster Energy\n|-activate|p1b: Flutter Mane|ability: Protosynthesis|[fromitem]\n|-start|p1b: Flutter Mane|protosynthesisspe\n|turn|3\n|\n|t:|1737397348\n|switch|p2b: VEGETA|Chi-Yu, L50|100\/100\n|-ability|p2b: VEGETA|Beads of Ruin\n|switch|p1a: Ogerpon|Ogerpon-Hearthflame, L50, F|100\/100\n|-ability|p1a: Ogerpon|Mold Breaker\n|move|p1b: Flutter Mane|Protect|p1b: Flutter Mane\n|-singleturn|p1b: Flutter Mane|Protect\n|move|p2a: NIMBUS|Moonblast|p1a: Ogerpon\n|-resisted|p1a: Ogerpon\n|-damage|p1a: Ogerpon|82\/100\n|\n|upkeep\n|turn|4\n|j| bluestraggler02\n|\n|t:|1737397373\n|move|p1a: Ogerpon|Follow Me|p1a: Ogerpon\n|-singleturn|p1a: Ogerpon|move: Follow Me\n|move|p2a: NIMBUS|Encore|p1a: Ogerpon\n|-start|p1a: Ogerpon|Encore\n|move|p2b: VEGETA|Heat Wave|p1a: Ogerpon|[spread] p1a,p1b\n|-damage|p1a: Ogerpon|5\/100\n|-damage|p1b: Flutter Mane|38\/100\n|move|p1b: Flutter Mane|Thunder Wave|p2b: VEGETA\n|-status|p2b: VEGETA|par\n|\n|-sideend|p2: Imnotagni|move: Tailwind\n|upkeep\n|turn|5\n|\n|t:|1737397385\n|move|p1a: Ogerpon|Follow Me|p1a: Ogerpon\n|-singleturn|p1a: Ogerpon|move: Follow Me\n|move|p2a: NIMBUS|Tailwind|p2a: NIMBUS\n|-sidestart|p2: Imnotagni|move: Tailwind\n|move|p1b: Flutter Mane|Icy Wind|p2b: VEGETA|[spread] p2a,p2b\n|-supereffective|p2a: NIMBUS\n|-resisted|p2b: VEGETA\n|-damage|p2a: NIMBUS|0 fnt\n|-damage|p2b: VEGETA|94\/100 par\n|-unboost|p2b: VEGETA|spe|1\n|faint|p2a: NIMBUS\n|move|p2b: VEGETA|Heat Wave|p1b: Flutter Mane|[spread] p1b\n|-miss|p2b: VEGETA|p1a: Ogerpon\n|-damage|p1b: Flutter Mane|0 fnt\n|faint|p1b: Flutter Mane\n|-end|p1b: Flutter Mane|Protosynthesis|[silent]\n|\n|upkeep\n|\n|t:|1737397395\n|switch|p1b: Terapagos|Terapagos-Stellar, L50, M, tera:Stellar|16\/100\n|switch|p2a: GOKU|Regidrago, L50|64\/100\n|turn|6\n|-message|BLiiNDProdiigy forfeited.\n|\n|win|Imnotagni\n|raw|BLiiNDProdiigy's rating: 1618 &rarr; <strong>1599<\/strong><br \/>(-19 for losing)\n|raw|Imnotagni's rating: 1640 &rarr; <strong>1659<\/strong><br \/>(+19 for winning)\n|l|\u2606BLiiNDProdiigy\n|player|p1|\n|l|\u2606Imnotagni\n|player|p2|\n|l| SuN0nPls\n|j| Baguettezzz\n|l| Baguettezzz\n","uploadtime":1737397588,"views":19,"formatid":"gen9vgc2025regg","rating":1599,"private":0,"password":null}