{"id":"gen9vgc2025regg-2284752062","format":"[Gen 9] VGC 2025 Reg G","players":["Fra5670","imstuckat1300"],"log":"|j|\u2606Fra5670\n|j|\u2606imstuckat1300\n|t:|1737394623\n|gametype|doubles\n|player|p1|Fra5670|n|1665\n|player|p2|imstuckat1300|blue|1578\n|teamsize|p1|6\n|teamsize|p2|6\n|gen|9\n|tier|[Gen 9] VGC 2025 Reg G\n|rated|\n|rule|Species Clause: Limit one of each Pok\u00e9mon\n|rule|Item Clause: Limit 1 of each item\n|clearpoke\n|poke|p1|Groudon, L50|\n|poke|p1|Gouging Fire, L50|\n|poke|p1|Chien-Pao, L50|\n|poke|p1|Urshifu-*, L50, F|\n|poke|p1|Volcarona, L50, M|\n|poke|p1|Raging Bolt, L50|\n|poke|p2|Tornadus, L50, M|\n|poke|p2|Farigiraf, L50, F|\n|poke|p2|Calyrex-Shadow, L50|\n|poke|p2|Rillaboom, L50, F|\n|poke|p2|Urshifu-*, L50, M|\n|poke|p2|Chi-Yu, L50|\n|teampreview|4\n|inactive|Battle timer is ON: inactive players will automatically lose when time's up. (requested by Fra5670)\n|\n|t:|1737394655\n|start\n|switch|p1a: Volcarona|Volcarona, L50, M, shiny|100\/100\n|switch|p1b: Urshifu|Urshifu, L50, F|100\/100\n|switch|p2a: Chi-Yu|Chi-Yu, L50|100\/100\n|switch|p2b: Weather Report|Tornadus, L50, M|100\/100\n|-ability|p2a: Chi-Yu|Beads of Ruin\n|turn|1\n|\n|t:|1737394666\n|switch|p1b: Gouging Fire|Gouging Fire, L50|100\/100\n|move|p2b: Weather Report|Tailwind|p2b: Weather Report\n|-sidestart|p2: imstuckat1300|move: Tailwind\n|move|p2a: Chi-Yu|Heat Wave|p1b: Gouging Fire|[spread] p1a,p1b\n|-resisted|p1b: Gouging Fire\n|-damage|p1a: Volcarona|56\/100\n|-damage|p1b: Gouging Fire|86\/100\n|move|p1a: Volcarona|Tailwind|p1a: Volcarona\n|-sidestart|p1: Fra5670|move: Tailwind\n|\n|upkeep\n|turn|2\n|\n|t:|1737394682\n|move|p2a: Chi-Yu|Heat Wave|p1a: Volcarona|[spread] p1a,p1b\n|-resisted|p1b: Gouging Fire\n|-damage|p1a: Volcarona|11\/100\n|-damage|p1b: Gouging Fire|74\/100\n|move|p2b: Weather Report|Bleakwind Storm|p1b: Gouging Fire|[spread] p1a,p1b\n|-supereffective|p1a: Volcarona\n|-damage|p1a: Volcarona|0 fnt\n|-damage|p1b: Gouging Fire|30\/100\n|faint|p1a: Volcarona\n|move|p1b: Gouging Fire|Flare Blitz|p2a: Chi-Yu\n|-resisted|p2a: Chi-Yu\n|-damage|p2a: Chi-Yu|56\/100\n|-damage|p1b: Gouging Fire|20\/100|[from] Recoil\n|\n|upkeep\n|\n|t:|1737394692\n|switch|p1a: Urshifu|Urshifu, L50, F|100\/100\n|turn|3\n|\n|t:|1737394698\n|-terastallize|p1a: Urshifu|Dark\n|move|p1a: Urshifu|Sucker Punch|p2a: Chi-Yu\n|-resisted|p2a: Chi-Yu\n|-damage|p2a: Chi-Yu|0 fnt\n|faint|p2a: Chi-Yu\n|move|p2b: Weather Report|Bleakwind Storm|p1b: Gouging Fire|[spread] p1b\n|-miss|p2b: Weather Report|p1a: Urshifu\n|-damage|p1b: Gouging Fire|0 fnt\n|faint|p1b: Gouging Fire\n|-end|p1b: Gouging Fire|Protosynthesis|[silent]\n|\n|upkeep\n|j| DaN00biest\n|\n|t:|1737394715\n|switch|p1b: Groudon|Groudon, L50|100\/100\n|switch|p2a: Made In Heaven|Calyrex-Shadow, L50|100\/100\n|-ability|p2a: Made In Heaven|As One\n|-ability|p2a: Made In Heaven|Unnerve\n|-weather|SunnyDay|[from] ability: Drought|[of] p1b: Groudon\n|turn|4\n|\n|t:|1737394733\n|switch|p2a: Farigiraf|Farigiraf, L50, F|100\/100\n|move|p1a: Urshifu|Sucker Punch||[still]\n|cant|p2a: Farigiraf|ability: Armor Tail|Sucker Punch|[of] p1a: Urshifu\n|move|p2b: Weather Report|Bleakwind Storm|p1b: Groudon|[spread] p1a,p1b\n|-damage|p1a: Urshifu|56\/100\n|-damage|p1b: Groudon|80\/100\n|-unboost|p1a: Urshifu|spe|1\n|move|p1b: Groudon|Stone Edge|p2b: Weather Report\n|-supereffective|p2b: Weather Report\n|-damage|p2b: Weather Report|0 fnt\n|faint|p2b: Weather Report\n|\n|-weather|SunnyDay|[upkeep]\n|-sideend|p2: imstuckat1300|move: Tailwind\n|-sideend|p1: Fra5670|move: Tailwind\n|upkeep\n|\n|t:|1737394741\n|switch|p2b: Made In Heaven|Calyrex-Shadow, L50|100\/100\n|-ability|p2b: Made In Heaven|As One\n|-ability|p2b: Made In Heaven|Unnerve\n|turn|5\n|\n|t:|1737394750\n|-terastallize|p2b: Made In Heaven|Water\n|move|p2a: Farigiraf|Helping Hand|p2b: Made In Heaven\n|-singleturn|p2b: Made In Heaven|Helping Hand|[of] p2a: Farigiraf\n|move|p1a: Urshifu|Sucker Punch||[still]\n|cant|p2a: Farigiraf|ability: Armor Tail|Sucker Punch|[of] p1a: Urshifu\n|move|p2b: Made In Heaven|Astral Barrage|p1b: Groudon|[spread] p1a,p1b\n|-resisted|p1a: Urshifu\n|-damage|p1a: Urshifu|0 fnt\n|-damage|p1b: Groudon|8\/100\n|faint|p1a: Urshifu\n|-ability|p2b: Made In Heaven|Grim Neigh|boost\n|-boost|p2b: Made In Heaven|spa|1\n|-damage|p2b: Made In Heaven|91\/100|[from] item: Life Orb\n|move|p1b: Groudon|Heat Crash|p2a: Farigiraf\n|-damage|p2a: Farigiraf|37\/100\n|\n|-weather|SunnyDay|[upkeep]\n|-heal|p2a: Farigiraf|43\/100|[from] item: Leftovers\n|upkeep\n|turn|6\n|\n|t:|1737394764\n|move|p2b: Made In Heaven|Astral Barrage|p1b: Groudon\n|-damage|p1b: Groudon|0 fnt\n|faint|p1b: Groudon\n|-damage|p2b: Made In Heaven|82\/100|[from] item: Life Orb\n|\n|win|imstuckat1300\n|raw|Fra5670's rating: 1665 &rarr; <strong>1640<\/strong><br \/>(-25 for losing)\n|raw|imstuckat1300's rating: 1578 &rarr; <strong>1603<\/strong><br \/>(+25 for winning)\n|l|\u2606Fra5670\n|player|p1|\n|l|\u2606imstuckat1300\n|player|p2|\n|l| DaN00biest\n","uploadtime":1737394916,"views":11,"formatid":"gen9vgc2025regg","rating":1603,"private":0,"password":null}