{"id":"gen9vgc2025regg-2284751267","format":"[Gen 9] VGC 2025 Reg G","players":["searows","TonyPajamas16"],"log":"|j|\u2606searows\n|j|\u2606TonyPajamas16\n|t:|1737394536\n|gametype|doubles\n|player|p1|searows|miku-water|1617\n|player|p2|TonyPajamas16|266|1650\n|teamsize|p1|6\n|teamsize|p2|6\n|gen|9\n|tier|[Gen 9] VGC 2025 Reg G\n|rated|\n|rule|Species Clause: Limit one of each Pok\u00e9mon\n|rule|Item Clause: Limit 1 of each item\n|clearpoke\n|poke|p1|Flutter Mane, L50|\n|poke|p1|Chi-Yu, L50|\n|poke|p1|Amoonguss, L50, F|\n|poke|p1|Urshifu-*, L50, F|\n|poke|p1|Raging Bolt, L50|\n|poke|p1|Terapagos, L50, M|\n|poke|p2|Groudon, L50|\n|poke|p2|Sableye, L50, F|\n|poke|p2|Rillaboom, L50, F|\n|poke|p2|Gouging Fire, L50|\n|poke|p2|Raging Bolt, L50|\n|poke|p2|Scream Tail, L50|\n|teampreview|4\n|inactive|Battle timer is ON: inactive players will automatically lose when time's up. (requested by searows)\nsearows has agreed to open team sheets.\n|\n|t:|1737394563\n|start\n|switch|p1a: Terapagos|Terapagos, L50, M|100\/100\n|switch|p1b: Urshifu|Urshifu-Rapid-Strike, L50, F|100\/100\n|switch|p2a: Scream Tail|Scream Tail, L50, shiny|100\/100\n|switch|p2b: Sableye|Sableye, L50, F, shiny|100\/100\n|-activate|p1a: Terapagos|ability: Tera Shift\n|detailschange|p1a: Terapagos|Terapagos-Terastal, L50, M\n|-heal|p1a: Terapagos|100\/100|[silent]\n|-enditem|p2a: Scream Tail|Booster Energy\n|-activate|p2a: Scream Tail|ability: Protosynthesis|[fromitem]\n|-start|p2a: Scream Tail|protosynthesisspe\n|turn|1\n|\n|t:|1737394585\n|move|p2b: Sableye|Gravity|p2b: Sableye\n|-fieldstart|move: Gravity\n|move|p2a: Scream Tail|Sing|p1b: Urshifu\n|-status|p1b: Urshifu|slp|[from] move: Sing\n|cant|p1b: Urshifu|slp\n|move|p1a: Terapagos|Tera Starstorm|p2a: Scream Tail\n|-damage|p2a: Scream Tail|57\/100\n|\n|upkeep\n|turn|2\n|\n|t:|1737394598\n|move|p2b: Sableye|Disable|p1a: Terapagos\n|-start|p1a: Terapagos|Disable|Tera Starstorm\n|move|p2a: Scream Tail|Play Rough|p1b: Urshifu\n|-supereffective|p1b: Urshifu\n|-damage|p1b: Urshifu|56\/100 slp\n|cant|p1b: Urshifu|slp\n|move|p1a: Terapagos|Calm Mind|p1a: Terapagos\n|-boost|p1a: Terapagos|spa|1\n|-boost|p1a: Terapagos|spd|1\n|\n|upkeep\n|turn|3\n|\n|t:|1737394616\n|move|p2b: Sableye|Encore|p1a: Terapagos\n|-start|p1a: Terapagos|Encore\n|move|p2a: Scream Tail|Howl|p2a: Scream Tail|[spread] p2a,p2b\n|-boost|p2a: Scream Tail|atk|1\n|-boost|p2b: Sableye|atk|1\n|-curestatus|p1b: Urshifu|slp|[msg]\n|move|p1b: Urshifu|Surging Strikes|p2a: Scream Tail\n|-crit|p2a: Scream Tail\n|-damage|p2a: Scream Tail|37\/100\n|-crit|p2a: Scream Tail\n|-damage|p2a: Scream Tail|20\/100\n|-crit|p2a: Scream Tail\n|-damage|p2a: Scream Tail|2\/100\n|-hitcount|p2a: Scream Tail|3\n|move|p1a: Terapagos|Calm Mind|p1a: Terapagos\n|-boost|p1a: Terapagos|spa|1\n|-boost|p1a: Terapagos|spd|1\n|\n|upkeep\n|turn|4\n|inactive|TonyPajamas16 has 30 seconds left.\n|\n|t:|1737394642\n|move|p1b: Urshifu|Aqua Jet|p2a: Scream Tail\n|-damage|p2a: Scream Tail|0 fnt\n|faint|p2a: Scream Tail\n|-end|p2a: Scream Tail|Protosynthesis|[silent]\n|move|p2b: Sableye|Encore|p1b: Urshifu\n|-start|p1b: Urshifu|Encore\n|move|p1a: Terapagos|Calm Mind|p1a: Terapagos\n|-boost|p1a: Terapagos|spa|1\n|-boost|p1a: Terapagos|spd|1\n|\n|upkeep\n|\n|t:|1737394649\n|switch|p2a: Groudon|Groudon, L50|100\/100\n|-weather|SunnyDay|[from] ability: Drought|[of] p2a: Groudon\n|turn|5\n|\n|t:|1737394666\n|switch|p1b: Raging Bolt|Raging Bolt, L50|100\/100\n|-activate|p1b: Raging Bolt|ability: Protosynthesis\n|-start|p1b: Raging Bolt|protosynthesisspa\n|switch|p2b: Gouging Fire|Gouging Fire, L50|100\/100\n|-activate|p2b: Gouging Fire|ability: Protosynthesis\n|-start|p2b: Gouging Fire|protosynthesisspe\n|move|p1a: Terapagos|Calm Mind|p1a: Terapagos\n|-boost|p1a: Terapagos|spa|1\n|-boost|p1a: Terapagos|spd|1\n|move|p2a: Groudon|Precipice Blades|p1b: Raging Bolt|[spread] p1a,p1b\n|-activate|p1a: Terapagos|ability: Tera Shell\n|-resisted|p1a: Terapagos\n|-supereffective|p1b: Raging Bolt\n|-damage|p1a: Terapagos|74\/100\n|-damage|p1b: Raging Bolt|5\/100\n|\n|-weather|SunnyDay|[upkeep]\n|-heal|p1a: Terapagos|80\/100|[from] item: Leftovers\n|-end|p1a: Terapagos|Encore\n|-end|p1a: Terapagos|Disable\n|-fieldend|move: Gravity\n|upkeep\n|turn|6\n|inactive|TonyPajamas16 has 30 seconds left.\n|\n|t:|1737394695\n|move|p1a: Terapagos|Protect|p1a: Terapagos\n|-singleturn|p1a: Terapagos|Protect\n|move|p1b: Raging Bolt|Thunderclap|p2b: Gouging Fire\n|-resisted|p2b: Gouging Fire\n|-damage|p2b: Gouging Fire|75\/100\n|move|p2b: Gouging Fire|Flare Blitz|p1a: Terapagos\n|-activate|p1a: Terapagos|move: Protect\n|move|p2a: Groudon|Precipice Blades|p1a: Terapagos|[spread] p1b\n|-activate|p1a: Terapagos|move: Protect\n|-supereffective|p1b: Raging Bolt\n|-damage|p1b: Raging Bolt|0 fnt\n|faint|p1b: Raging Bolt\n|-end|p1b: Raging Bolt|Protosynthesis|[silent]\n|\n|-weather|SunnyDay|[upkeep]\n|-heal|p1a: Terapagos|86\/100|[from] item: Leftovers\n|upkeep\n|j| DaN00biest\n|\n|t:|1737394710\n|switch|p1b: Urshifu|Urshifu-Rapid-Strike, L50, F|56\/100\n|turn|7\n|\n|t:|1737394719\n|-terastallize|p1a: Terapagos|Stellar\n|detailschange|p1a: Terapagos|Terapagos-Stellar, L50, M, tera:Stellar\n|-heal|p1a: Terapagos|90\/100|[silent]\n|-ability|p1a: Terapagos|Teraform Zero\n|-weather|none\n|-end|p2b: Gouging Fire|Protosynthesis\n|move|p2b: Gouging Fire|Flare Blitz|p1a: Terapagos\n|-damage|p1a: Terapagos|52\/100\n|-damage|p2b: Gouging Fire|59\/100|[from] Recoil\n|move|p1b: Urshifu|Surging Strikes|p2a: Groudon\n|-supereffective|p2a: Groudon\n|-crit|p2a: Groudon\n|-damage|p2a: Groudon|73\/100\n|-supereffective|p2a: Groudon\n|-crit|p2a: Groudon\n|-damage|p2a: Groudon|44\/100\n|-supereffective|p2a: Groudon\n|-crit|p2a: Groudon\n|-damage|p2a: Groudon|18\/100\n|-hitcount|p2a: Groudon|3\n|move|p1a: Terapagos|Tera Starstorm|p2a: Groudon|[spread] p2a,p2b\n|-damage|p2a: Groudon|0 fnt\n|-damage|p2b: Gouging Fire|0 fnt\n|faint|p2a: Groudon\n|faint|p2b: Gouging Fire\n|-end|p2b: Gouging Fire|Protosynthesis|[silent]\n|\n|-heal|p1a: Terapagos|58\/100|[from] item: Leftovers\n|upkeep\n|inactive|TonyPajamas16 has 30 seconds left.\n|-message|TonyPajamas16 forfeited.\n|\n|win|searows\n|raw|searows's rating: 1617 &rarr; <strong>1639<\/strong><br \/>(+22 for winning)\n|raw|TonyPajamas16's rating: 1650 &rarr; <strong>1628<\/strong><br \/>(-22 for losing)\n|l|\u2606TonyPajamas16\n|player|p2|\n|l|\u2606searows\n|player|p1|\n|l| DaN00biest\n","uploadtime":1737394916,"views":24,"formatid":"gen9vgc2025regg","rating":1628,"private":0,"password":null}