{"id":"gen9vgc2025regg-2284232268","format":"[Gen 9] VGC 2025 Reg G","players":["chorizogrande","SeaWolfMikess"],"log":"|j|\u2606chorizogrande\n|j|\u2606SeaWolfMikess\n|t:|1737321136\n|gametype|doubles\n|player|p1|chorizogrande|n|1554\n|player|p2|SeaWolfMikess|hugh|1666\n|teamsize|p1|6\n|teamsize|p2|6\n|gen|9\n|tier|[Gen 9] VGC 2025 Reg G\n|rated|\n|rule|Species Clause: Limit one of each Pok\u00e9mon\n|rule|Item Clause: Limit 1 of each item\n|clearpoke\n|poke|p1|Lunala, L50|\n|poke|p1|Indeedee-F, L50, F|\n|poke|p1|Torkoal, L50, M|\n|poke|p1|Ursaluna, L50, F|\n|poke|p1|Gallade, L50, M|\n|poke|p1|Lilligant-Hisui, L50, F|\n|poke|p2|Chien-Pao, L50|\n|poke|p2|Urshifu-*, L50, F|\n|poke|p2|Lunala, L50|\n|poke|p2|Rillaboom, L50, F|\n|poke|p2|Raging Bolt, L50|\n|poke|p2|Incineroar, L50, M|\n|teampreview|4\n|\n|t:|1737321159\n|start\n|switch|p1a: Lilligant|Lilligant-Hisui, L50, F|100\/100\n|switch|p1b: Torkoal|Torkoal, L50, M|100\/100\n|switch|p2a: Incineroar|Incineroar, L50, M|100\/100\n|switch|p2b: Lunala|Lunala, L50|100\/100\n|-ability|p2a: Incineroar|Intimidate|boost\n|-unboost|p1a: Lilligant|atk|1\n|-unboost|p1b: Torkoal|atk|1\n|-weather|SunnyDay|[from] ability: Drought|[of] p1b: Torkoal\n|turn|1\n|\n|t:|1737321177\n|switch|p1b: Indeedee|Indeedee-F, L50, F|100\/100\n|-fieldstart|move: Psychic Terrain|[from] ability: Psychic Surge|[of] p1b: Indeedee\n|-enditem|p1b: Indeedee|Psychic Seed\n|-boost|p1b: Indeedee|spd|1|[from] item: Psychic Seed\n|move|p1a: Lilligant|Sleep Powder|p2b: Lunala\n|-status|p2b: Lunala|slp|[from] move: Sleep Powder\n|cant|p2b: Lunala|slp\n|move|p2a: Incineroar|Knock Off|p1b: Indeedee\n|-supereffective|p1b: Indeedee\n|-damage|p1b: Indeedee|46\/100\n|\n|-weather|SunnyDay|[upkeep]\n|upkeep\n|turn|2\n|\n|t:|1737321196\n|switch|p1a: Torkoal|Torkoal, L50, M|100\/100\n|move|p1b: Indeedee|Follow Me|p1b: Indeedee\n|-singleturn|p1b: Indeedee|move: Follow Me\n|cant|p2b: Lunala|slp\n|move|p2a: Incineroar|Will-O-Wisp|p1b: Indeedee\n|-status|p1b: Indeedee|brn\n|\n|-weather|SunnyDay|[upkeep]\n|-damage|p1b: Indeedee|40\/100 brn|[from] brn\n|upkeep\n|turn|3\n|\n|t:|1737321209\n|move|p1b: Indeedee|Follow Me|p1b: Indeedee\n|-singleturn|p1b: Indeedee|move: Follow Me\n|-curestatus|p2b: Lunala|slp|[msg]\n|move|p2b: Lunala|Calm Mind|p2b: Lunala\n|-boost|p2b: Lunala|spa|1\n|-boost|p2b: Lunala|spd|1\n|move|p2a: Incineroar|Parting Shot|p1b: Indeedee\n|-unboost|p1b: Indeedee|atk|1\n|-unboost|p1b: Indeedee|spa|1\n|\n|t:|1737321216\n|switch|p2a: Raging Bolt|Raging Bolt, L50|100\/100|[from] Parting Shot\n|-activate|p2a: Raging Bolt|ability: Protosynthesis\n|-start|p2a: Raging Bolt|protosynthesisspa\n|move|p1a: Torkoal|Eruption|p2a: Raging Bolt|[spread] p2a,p2b\n|-resisted|p2a: Raging Bolt\n|-damage|p2a: Raging Bolt|51\/100\n|-damage|p2b: Lunala|76\/100\n|\n|-weather|SunnyDay|[upkeep]\n|-heal|p2b: Lunala|82\/100|[from] item: Leftovers\n|-damage|p1b: Indeedee|34\/100 brn|[from] brn\n|upkeep\n|turn|4\n|\n|t:|1737321234\n|switch|p1a: Lilligant|Lilligant-Hisui, L50, F|100\/100\n|-terastallize|p2b: Lunala|Fairy\n|move|p2b: Lunala|Dazzling Gleam|p1a: Lilligant|[spread] p1a,p1b\n|-supereffective|p1a: Lilligant\n|-enditem|p1a: Lilligant|Focus Sash\n|-damage|p1a: Lilligant|1\/100\n|-damage|p1b: Indeedee|1\/100 brn\n|move|p2a: Raging Bolt|Draco Meteor|p1a: Lilligant\n|-damage|p1a: Lilligant|0 fnt\n|-unboost|p2a: Raging Bolt|spa|2\n|faint|p1a: Lilligant\n|move|p1b: Indeedee|Trick Room|p1b: Indeedee\n|-fieldstart|move: Trick Room|[of] p1b: Indeedee\n|\n|-weather|SunnyDay|[upkeep]\n|-heal|p2b: Lunala|89\/100|[from] item: Leftovers\n|-damage|p1b: Indeedee|0 fnt|[from] brn\n|faint|p1b: Indeedee\n|upkeep\n|\n|t:|1737321250\n|switch|p1b: Ursaluna|Ursaluna, L50, F|100\/100\n|switch|p1a: Torkoal|Torkoal, L50, M|100\/100\n|turn|5\n|\n|t:|1737321268\n|-end|p2a: Raging Bolt|Protosynthesis|[silent]\n|switch|p2a: Rillaboom|Rillaboom, L50, F|100\/100\n|-fieldstart|move: Grassy Terrain|[from] ability: Grassy Surge|[of] p2a: Rillaboom\n|move|p2b: Lunala|Protect|p2b: Lunala\n|-singleturn|p2b: Lunala|Protect\n|move|p1a: Torkoal|Eruption|p2a: Rillaboom|[spread] p2a\n|-activate|p2b: Lunala|move: Protect\n|-supereffective|p2a: Rillaboom\n|-damage|p2a: Rillaboom|0 fnt\n|faint|p2a: Rillaboom\n|move|p1b: Ursaluna|Facade|p2b: Lunala\n|-activate|p2b: Lunala|move: Protect\n|\n|-weather|none\n|-heal|p2b: Lunala|95\/100|[from] Grassy Terrain\n|-heal|p2b: Lunala|100\/100|[from] item: Leftovers\n|-status|p1b: Ursaluna|brn|[from] item: Flame Orb\n|upkeep\n|\n|t:|1737321276\n|switch|p2a: Incineroar|Incineroar, L50, M|100\/100\n|-ability|p2a: Incineroar|Intimidate|boost\n|-unboost|p1a: Torkoal|atk|1\n|-unboost|p1b: Ursaluna|atk|1\n|turn|6\n|\n|t:|1737321300\n|move|p2a: Incineroar|Fake Out|p1b: Ursaluna\n|-damage|p1b: Ursaluna|93\/100 brn\n|move|p1a: Torkoal|Eruption|p2b: Lunala|[spread] p2a,p2b\n|-resisted|p2a: Incineroar\n|-damage|p2a: Incineroar|69\/100\n|-damage|p2b: Lunala|83\/100\n|cant|p1b: Ursaluna|flinch\n|move|p2b: Lunala|Moongeist Beam|p1a: Torkoal\n|-damage|p1a: Torkoal|0 fnt\n|faint|p1a: Torkoal\n|\n|-heal|p1b: Ursaluna|99\/100 brn|[from] Grassy Terrain\n|-heal|p2a: Incineroar|75\/100|[from] Grassy Terrain\n|-heal|p2b: Lunala|89\/100|[from] Grassy Terrain\n|-heal|p2b: Lunala|95\/100|[from] item: Leftovers\n|-damage|p1b: Ursaluna|93\/100 brn|[from] brn\n|upkeep\n|turn|7\n|j| EllAkuro\n|\n|t:|1737321322\n|move|p1b: Ursaluna|Facade|p2a: Incineroar\n|-damage|p2a: Incineroar|22\/100\n|move|p2a: Incineroar|Parting Shot|p1b: Ursaluna\n|-unboost|p1b: Ursaluna|atk|1\n|-unboost|p1b: Ursaluna|spa|1\n|\n|t:|1737321327\n|switch|p2a: Raging Bolt|Raging Bolt, L50|51\/100|[from] Parting Shot\n|-enditem|p2a: Raging Bolt|Booster Energy\n|-activate|p2a: Raging Bolt|ability: Protosynthesis|[fromitem]\n|-start|p2a: Raging Bolt|protosynthesisspa\n|move|p2b: Lunala|Dazzling Gleam|p1b: Ursaluna\n|-damage|p1b: Ursaluna|33\/100 brn\n|\n|-heal|p1b: Ursaluna|39\/100 brn|[from] Grassy Terrain\n|-heal|p2a: Raging Bolt|57\/100|[from] Grassy Terrain\n|-heal|p2b: Lunala|100\/100|[from] Grassy Terrain\n|-damage|p1b: Ursaluna|33\/100 brn|[from] brn\n|upkeep\n|turn|8\n|-message|chorizogrande forfeited.\n|\n|win|SeaWolfMikess\n|raw|chorizogrande's rating: 1554 &rarr; <strong>1540<\/strong><br \/>(-14 for losing)\n|raw|SeaWolfMikess's rating: 1666 &rarr; <strong>1680<\/strong><br \/>(+14 for winning)\n|l|\u2606chorizogrande\n|player|p1|\n|l| EllAkuro\n","uploadtime":1737321497,"views":15,"formatid":"gen9vgc2025regg","rating":1540,"private":0,"password":null}