{"id":"gen9vgc2025regg-2284412386","format":"[Gen 9] VGC 2025 Reg G","players":["SuperOinge22","Imnotagni"],"log":"|j|\u2606SuperOinge22\n|j|\u2606Imnotagni\n|t:|1737343317\n|gametype|doubles\n|player|p1|SuperOinge22|102|1565\n|player|p2|Imnotagni|policeman-gen4|1702\n|teamsize|p1|6\n|teamsize|p2|6\n|gen|9\n|tier|[Gen 9] VGC 2025 Reg G\n|rated|\n|rule|Species Clause: Limit one of each Pok\u00e9mon\n|rule|Item Clause: Limit 1 of each item\n|clearpoke\n|poke|p1|Necrozma-Dawn-Wings, L50|\n|poke|p1|Indeedee-F, L50, F|\n|poke|p1|Whimsicott, L50, M|\n|poke|p1|Ursaluna, L50, F|\n|poke|p1|Urshifu-*, L50, M|\n|poke|p1|Chi-Yu, L50|\n|poke|p2|Zacian-*, L50|\n|poke|p2|Whimsicott, L50, F|\n|poke|p2|Chi-Yu, L50|\n|poke|p2|Regidrago, L50|\n|poke|p2|Ogerpon-Wellspring, L50, F|\n|poke|p2|Ditto, L50|\n|teampreview|4\n|inactive|Battle timer is ON: inactive players will automatically lose when time's up. (requested by Imnotagni)\n|j| CoronaVirus125884\n|inactive|SuperOinge22 has 60 seconds left.\n|inactive|Imnotagni has 60 seconds left.\n|\n|t:|1737343363\n|start\n|switch|p1a: Urshifu|Urshifu, L50, M|100\/100\n|switch|p1b: Whimsicott|Whimsicott, L50, M|100\/100\n|switch|p2a: VEGETA|Chi-Yu, L50|100\/100\n|switch|p2b: GOKU|Regidrago, L50|100\/100\n|-ability|p2a: VEGETA|Beads of Ruin\n|turn|1\n|\n|t:|1737343380\n|-terastallize|p2a: VEGETA|Ghost\n|move|p1b: Whimsicott|Moonblast|p2b: GOKU\n|-supereffective|p2b: GOKU\n|-damage|p2b: GOKU|0 fnt\n|faint|p2b: GOKU\n|move|p2a: VEGETA|Heat Wave|p1a: Urshifu|[spread] p1a,p1b\n|-supereffective|p1b: Whimsicott\n|-damage|p1a: Urshifu|0 fnt\n|-enditem|p1b: Whimsicott|Focus Sash\n|-damage|p1b: Whimsicott|1\/100\n|faint|p1a: Urshifu\n|\n|upkeep\n|\n|t:|1737343393\n|switch|p1a: Necrozma|Necrozma-Dawn-Wings, L50|100\/100\n|switch|p2b: FUTURE TRUNKS|Zacian-Crowned, L50|100\/100\n|-ability|p2b: FUTURE TRUNKS|Intrepid Sword|boost\n|-boost|p2b: FUTURE TRUNKS|atk|1\n|turn|2\n|\n|t:|1737343417\n|switch|p2a: MAJIN BUU|Ditto, L50|100\/100\n|-transform|p2a: MAJIN BUU|p1b: Whimsicott|[from] ability: Imposter\n|-terastallize|p1a: Necrozma|Water\n|move|p2b: FUTURE TRUNKS|Behemoth Blade|p1a: Necrozma\n|-resisted|p1a: Necrozma\n|-damage|p1a: Necrozma|61\/100\n|move|p1b: Whimsicott|Moonblast|p2a: MAJIN BUU\n|-crit|p2a: MAJIN BUU\n|-damage|p2a: MAJIN BUU|22\/100\n|move|p1a: Necrozma|Trick Room|p1a: Necrozma\n|-fieldstart|move: Trick Room|[of] p1a: Necrozma\n|\n|upkeep\n|turn|3\n|inactive|SuperOinge22 has 30 seconds left.\n|\n|t:|1737343450\n|switch|p1b: Ursaluna|Ursaluna, L50, F|100\/100\n|move|p1a: Necrozma|Moongeist Beam|p2b: FUTURE TRUNKS\n|-damage|p2b: FUTURE TRUNKS|47\/100\n|move|p2a: MAJIN BUU|Moonblast|p1a: Necrozma\n|-damage|p1a: Necrozma|34\/100\n|move|p2b: FUTURE TRUNKS|Play Rough|p1a: Necrozma\n|-damage|p1a: Necrozma|0 fnt\n|faint|p1a: Necrozma\n|\n|-status|p1b: Ursaluna|brn|[from] item: Flame Orb\n|upkeep\n|\n|t:|1737343461\n|switch|p1a: Whimsicott|Whimsicott, L50, M|1\/100\n|turn|4\n|\n|t:|1737343476\n|move|p2a: MAJIN BUU|Protect|p2a: MAJIN BUU\n|-singleturn|p2a: MAJIN BUU|Protect\n|move|p1a: Whimsicott|Protect|p1a: Whimsicott\n|-singleturn|p1a: Whimsicott|Protect\n|move|p2b: FUTURE TRUNKS|Protect|p2b: FUTURE TRUNKS\n|-singleturn|p2b: FUTURE TRUNKS|Protect\n|move|p1b: Ursaluna|Earthquake|p2a: MAJIN BUU|[spread] \n|-activate|p1a: Whimsicott|move: Protect\n|-activate|p2a: MAJIN BUU|move: Protect\n|-activate|p2b: FUTURE TRUNKS|move: Protect\n|\n|-damage|p1b: Ursaluna|94\/100 brn|[from] brn\n|upkeep\n|turn|5\n|\n|t:|1737343494\n|switch|p2b: VEGETA|Chi-Yu, L50, tera:Ghost|100\/100\n|-ability|p2b: VEGETA|Beads of Ruin\n|move|p1a: Whimsicott|Protect|p1a: Whimsicott\n|-singleturn|p1a: Whimsicott|Protect\n|move|p1b: Ursaluna|Earthquake|p2a: MAJIN BUU|[spread] p2a,p2b\n|-activate|p1a: Whimsicott|move: Protect\n|-resisted|p2a: MAJIN BUU\n|-damage|p2a: MAJIN BUU|0 fnt\n|-damage|p2b: VEGETA|9\/100\n|faint|p2a: MAJIN BUU\n|\n|-damage|p1b: Ursaluna|88\/100 brn|[from] brn\n|upkeep\n|j| ElweAslocas\n|\n|t:|1737343502\n|switch|p2a: FUTURE TRUNKS|Zacian-Crowned, L50|47\/100\n|turn|6\n|\n|t:|1737343515\n|move|p1a: Whimsicott|Protect||[still]\n|-fail|p1a: Whimsicott\n|move|p2a: FUTURE TRUNKS|Protect|p2a: FUTURE TRUNKS\n|-singleturn|p2a: FUTURE TRUNKS|Protect\n|move|p1b: Ursaluna|Earthquake|p2b: VEGETA|[spread] p1a,p2b\n|-activate|p2a: FUTURE TRUNKS|move: Protect\n|-resisted|p1a: Whimsicott\n|-damage|p1a: Whimsicott|0 fnt\n|-damage|p2b: VEGETA|0 fnt\n|faint|p1a: Whimsicott\n|faint|p2b: VEGETA\n|\n|-damage|p1b: Ursaluna|82\/100 brn|[from] brn\n|-fieldend|move: Trick Room\n|upkeep\n|turn|7\n|\n|t:|1737343522\n|move|p2a: FUTURE TRUNKS|Behemoth Blade|p1b: Ursaluna\n|-damage|p1b: Ursaluna|40\/100 brn\n|move|p1b: Ursaluna|Headlong Rush|p2a: FUTURE TRUNKS\n|-supereffective|p2a: FUTURE TRUNKS\n|-damage|p2a: FUTURE TRUNKS|0 fnt\n|-unboost|p1b: Ursaluna|def|1\n|-unboost|p1b: Ursaluna|spd|1\n|faint|p2a: FUTURE TRUNKS\n|\n|win|SuperOinge22\n|raw|SuperOinge22's rating: 1565 &rarr; <strong>1593<\/strong><br \/>(+28 for winning)\n|raw|Imnotagni's rating: 1702 &rarr; <strong>1674<\/strong><br \/>(-28 for losing)\n|l|\u2606Imnotagni\n|player|p2|\n|l|\u2606SuperOinge22\n|player|p1|\n|l| ElweAslocas\n","uploadtime":1737343668,"views":30,"formatid":"gen9vgc2025regg","rating":1593,"private":0,"password":null}