{"id":"gen9vgc2025regg-2284928650","format":"[Gen 9] VGC 2025 Reg G","players":["Iamsliverfish","calltheauditor"],"log":"|j|\u2606Iamsliverfish\n|j|\u2606calltheauditor\n|t:|1737413012\n|gametype|doubles\n|player|p1|Iamsliverfish|hiker-gen4|1755\n|player|p2|calltheauditor|266|1654\n|teamsize|p1|6\n|teamsize|p2|6\n|gen|9\n|tier|[Gen 9] VGC 2025 Reg G\n|rated|\n|rule|Species Clause: Limit one of each Pok\u00e9mon\n|rule|Item Clause: Limit 1 of each item\n|clearpoke\n|poke|p1|Calyrex-Shadow, L50|\n|poke|p1|Ursaluna, L50, M|\n|poke|p1|Indeedee-F, L50, F|\n|poke|p1|Ogerpon-Wellspring, L50, F|\n|poke|p1|Tornadus, L50, M|\n|poke|p1|Chi-Yu, L50|\n|poke|p2|Zamazenta-*, L50|\n|poke|p2|Rillaboom, L50, F|\n|poke|p2|Chien-Pao, L50|\n|poke|p2|Roaring Moon, L50|\n|poke|p2|Urshifu-*, L50, F|\n|poke|p2|Chi-Yu, L50|\n|teampreview|4\n|\n|t:|1737413047\n|start\n|switch|p1a: Tornadus|Tornadus, L50, M|100\/100\n|switch|p1b: Chi-Yu|Chi-Yu, L50|100\/100\n|switch|p2a: Roaring Moon|Roaring Moon, L50|100\/100\n|switch|p2b: Chi-Yu|Chi-Yu, L50|100\/100\n|-ability|p1b: Chi-Yu|Beads of Ruin\n|-ability|p2b: Chi-Yu|Beads of Ruin\n|-enditem|p2a: Roaring Moon|Booster Energy\n|-activate|p2a: Roaring Moon|ability: Protosynthesis|[fromitem]\n|-start|p2a: Roaring Moon|protosynthesisspe\n|turn|1\n|\n|t:|1737413064\n|move|p2a: Roaring Moon|Tailwind|p2a: Roaring Moon\n|-sidestart|p2: calltheauditor|move: Tailwind\n|move|p2b: Chi-Yu|Heat Wave|p1a: Tornadus|[spread] p1a,p1b\n|-resisted|p1b: Chi-Yu\n|-damage|p1a: Tornadus|29\/100\n|-damage|p1b: Chi-Yu|78\/100\n|move|p1b: Chi-Yu|Heat Wave|p2b: Chi-Yu|[spread] p2a,p2b\n|-resisted|p2a: Roaring Moon\n|-resisted|p2b: Chi-Yu\n|-damage|p2a: Roaring Moon|78\/100\n|-damage|p2b: Chi-Yu|80\/100\n|move|p1a: Tornadus|Bleakwind Storm|p2b: Chi-Yu|[spread] p2a,p2b\n|-crit|p2a: Roaring Moon\n|-damage|p2a: Roaring Moon|13\/100\n|-damage|p2b: Chi-Yu|31\/100\n|-unboost|p2a: Roaring Moon|spe|1\n|\n|upkeep\n|turn|2\n|\n|t:|1737413086\n|move|p2a: Roaring Moon|Protect|p2a: Roaring Moon\n|-singleturn|p2a: Roaring Moon|Protect\n|move|p1a: Tornadus|Tailwind|p1a: Tornadus\n|-sidestart|p1: Iamsliverfish|move: Tailwind\n|move|p1b: Chi-Yu|Heat Wave|p2b: Chi-Yu|[spread] p2b\n|-activate|p2a: Roaring Moon|move: Protect\n|-resisted|p2b: Chi-Yu\n|-damage|p2b: Chi-Yu|9\/100\n|move|p2b: Chi-Yu|Heat Wave|p1a: Tornadus|[spread] p1a\n|-miss|p2b: Chi-Yu|p1b: Chi-Yu\n|-damage|p1a: Tornadus|0 fnt\n|faint|p1a: Tornadus\n|\n|upkeep\n|\n|t:|1737413090\n|switch|p1a: Calyrex|Calyrex-Shadow, L50|100\/100\n|-ability|p1a: Calyrex|As One\n|-ability|p1a: Calyrex|Unnerve\n|turn|3\n|\n|t:|1737413110\n|switch|p2b: Rillaboom|Rillaboom, L50, F|100\/100\n|-fieldstart|move: Grassy Terrain|[from] ability: Grassy Surge|[of] p2b: Rillaboom\n|move|p1a: Calyrex|Protect|p1a: Calyrex\n|-singleturn|p1a: Calyrex|Protect\n|move|p1b: Chi-Yu|Heat Wave|p2a: Roaring Moon|[spread] p2a,p2b\n|-resisted|p2a: Roaring Moon\n|-supereffective|p2b: Rillaboom\n|-crit|p2b: Rillaboom\n|-damage|p2a: Roaring Moon|0 fnt\n|-damage|p2b: Rillaboom|0 fnt\n|faint|p2a: Roaring Moon\n|-end|p2a: Roaring Moon|Protosynthesis|[silent]\n|faint|p2b: Rillaboom\n|\n|-heal|p1b: Chi-Yu|84\/100|[from] Grassy Terrain\n|upkeep\n|\n|t:|1737413126\n|switch|p2a: Chi-Yu|Chi-Yu, L50|9\/100\n|switch|p2b: Zamazenta|Zamazenta-Crowned, L50|100\/100\n|-ability|p2a: Chi-Yu|Beads of Ruin\n|-ability|p2b: Zamazenta|Dauntless Shield|boost\n|-boost|p2b: Zamazenta|def|1\n|turn|4\n|\n|t:|1737413142\n|-terastallize|p1a: Calyrex|Ground\n|-terastallize|p2b: Zamazenta|Dragon\n|move|p1b: Chi-Yu|Heat Wave|p2a: Chi-Yu|[spread] p2a,p2b\n|-resisted|p2a: Chi-Yu\n|-resisted|p2b: Zamazenta\n|-damage|p2a: Chi-Yu|0 fnt\n|-damage|p2b: Zamazenta|82\/100\n|faint|p2a: Chi-Yu\n|move|p1a: Calyrex|Tera Blast|p2b: Zamazenta|[anim] Tera Blast Ground\n|-damage|p2b: Zamazenta|24\/100\n|-damage|p1a: Calyrex|91\/100|[from] item: Life Orb\n|move|p2b: Zamazenta|Body Press|p1b: Chi-Yu\n|-supereffective|p1b: Chi-Yu\n|-damage|p1b: Chi-Yu|0 fnt\n|faint|p1b: Chi-Yu\n|\n|-heal|p1a: Calyrex|96\/100|[from] Grassy Terrain\n|-heal|p2b: Zamazenta|30\/100|[from] Grassy Terrain\n|-sideend|p2: calltheauditor|move: Tailwind\n|upkeep\n|\n|t:|1737413144\n|switch|p1b: Indeedee|Indeedee-F, L50, F|100\/100\n|-fieldstart|move: Psychic Terrain|[from] ability: Psychic Surge|[of] p1b: Indeedee\n|turn|5\n|-message|calltheauditor forfeited.\n|\n|win|Iamsliverfish\n|raw|Iamsliverfish's rating: 1755 &rarr; <strong>1769<\/strong><br \/>(+14 for winning)\n|raw|calltheauditor's rating: 1654 &rarr; <strong>1640<\/strong><br \/>(-14 for losing)\n|l|\u2606calltheauditor\n|player|p2|\n|l|\u2606Iamsliverfish\n|player|p1|\n","uploadtime":1737413348,"views":27,"formatid":"gen9vgc2025regg","rating":1640,"private":0,"password":null}