{"id":"gen9vgc2025regg-2284078366","format":"[Gen 9] VGC 2025 Reg G","players":["bluestraggler02","AIM yon1995"],"log":"|j|\u2606bluestraggler02\n|j|\u2606AIM yon1995\n|t:|1737303455\n|gametype|doubles\n|player|p1|bluestraggler02|170|1615\n|player|p2|AIM yon1995|1|1790\n|teamsize|p1|6\n|teamsize|p2|6\n|gen|9\n|tier|[Gen 9] VGC 2025 Reg G\n|rated|\n|rule|Species Clause: Limit one of each Pok\u00e9mon\n|rule|Item Clause: Limit 1 of each item\n|clearpoke\n|poke|p1|Kyurem-White, L50|\n|poke|p1|Tornadus, L50, M|\n|poke|p1|Chi-Yu, L50|\n|poke|p1|Iron Hands, L50|\n|poke|p1|Urshifu-*, L50, M|\n|poke|p1|Flutter Mane, L50|\n|poke|p2|Terapagos, L50, M|\n|poke|p2|Smeargle, L50, M|\n|poke|p2|Tornadus, L50, M|\n|poke|p2|Ogerpon-Hearthflame, L50, F|\n|poke|p2|Dondozo, L50, M|\n|poke|p2|Tatsugiri-Stretchy, L50, M|\n|teampreview|4\n|inactive|Battle timer is ON: inactive players will automatically lose when time's up. (requested by bluestraggler02)\nbluestraggler02 rejected open team sheets.\n|\n|t:|1737303492\n|start\n|switch|p1a: Tornadus|Tornadus, L50, M|100\/100\n|switch|p1b: Chi-Yu|Chi-Yu, L50|100\/100\n|switch|p2a: Terapagos|Terapagos, L50, M|100\/100\n|switch|p2b: Tornadus|Tornadus, L50, M|100\/100\n|-activate|p2a: Terapagos|ability: Tera Shift\n|detailschange|p2a: Terapagos|Terapagos-Terastal, L50, M\n|-heal|p2a: Terapagos|100\/100|[silent]\n|-ability|p1b: Chi-Yu|Beads of Ruin\n|turn|1\n|\n|t:|1737303517\n|move|p2b: Tornadus|Tailwind|p2b: Tornadus\n|-sidestart|p2: AIM yon1995|move: Tailwind\n|move|p2a: Terapagos|Tera Starstorm|p1b: Chi-Yu\n|-damage|p1b: Chi-Yu|0 fnt\n|faint|p1b: Chi-Yu\n|move|p1a: Tornadus|Bleakwind Storm|p2b: Tornadus|[spread] p2a,p2b\n|-activate|p2a: Terapagos|ability: Tera Shell\n|-resisted|p2a: Terapagos\n|-damage|p2a: Terapagos|81\/100\n|-damage|p2b: Tornadus|55\/100\n|-unboost|p2b: Tornadus|spe|1\n|\n|upkeep\n|\n|t:|1737303527\n|switch|p1b: Kyurem|Kyurem-White, L50|100\/100\n|-ability|p1b: Kyurem|Turboblaze\n|turn|2\n|j| La voz favorita\n|\n|t:|1737303543\n|-terastallize|p2a: Terapagos|Stellar\n|detailschange|p2a: Terapagos|Terapagos-Stellar, L50, M, tera:Stellar\n|-heal|p2a: Terapagos|86\/100|[silent]\n|move|p2b: Tornadus|Scary Face|p1b: Kyurem\n|-unboost|p1b: Kyurem|spe|2\n|move|p1a: Tornadus|Tailwind|p1a: Tornadus\n|-sidestart|p1: bluestraggler02|move: Tailwind\n|move|p2a: Terapagos|Tera Starstorm|p1b: Kyurem|[spread] p1a,p1b\n|-crit|p1b: Kyurem\n|-damage|p1a: Tornadus|20\/100\n|-damage|p1b: Kyurem|25\/100\n|move|p1b: Kyurem|Draco Meteor|p2a: Terapagos\n|-damage|p2a: Terapagos|7\/100\n|-unboost|p1b: Kyurem|spa|2\n|\n|upkeep\n|turn|3\n|l| La voz favorita\n|\n|t:|1737303562\n|move|p1a: Tornadus|Scary Face|p2a: Terapagos\n|-unboost|p2a: Terapagos|spe|2\n|move|p2b: Tornadus|Scary Face|p1a: Tornadus\n|-unboost|p1a: Tornadus|spe|2\n|move|p1b: Kyurem|Draco Meteor|p2a: Terapagos\n|-damage|p2a: Terapagos|0 fnt\n|-unboost|p1b: Kyurem|spa|2\n|faint|p2a: Terapagos\n|\n|upkeep\n|\n|t:|1737303572\n|switch|p2a: Ogerpon|Ogerpon-Hearthflame, L50, F|100\/100\n|-ability|p2a: Ogerpon|Mold Breaker\n|turn|4\n|\n|t:|1737303580\n|switch|p1b: Flutter Mane|Flutter Mane, L50|100\/100\n|-enditem|p1b: Flutter Mane|Booster Energy\n|-activate|p1b: Flutter Mane|ability: Protosynthesis|[fromitem]\n|-start|p1b: Flutter Mane|protosynthesisspe\n|move|p2a: Ogerpon|Ivy Cudgel|p1b: Flutter Mane|[anim] Ivy Cudgel Fire\n|-damage|p1b: Flutter Mane|13\/100\n|move|p2b: Tornadus|Bleakwind Storm|p1a: Tornadus|[spread] \n|-miss|p2b: Tornadus|p1a: Tornadus\n|-miss|p2b: Tornadus|p1b: Flutter Mane\n|move|p1a: Tornadus|Bleakwind Storm|p2a: Ogerpon|[spread] p2a,p2b\n|-supereffective|p2a: Ogerpon\n|-damage|p2a: Ogerpon|18\/100\n|-damage|p2b: Tornadus|11\/100\n|\n|-sideend|p2: AIM yon1995|move: Tailwind\n|upkeep\n|turn|5\n|j| dialgasucksnow\n|inactive|bluestraggler02 has 30 seconds left.\n|inactive|bluestraggler02 has 20 seconds left.\n|inactive|bluestraggler02 has 15 seconds left.\n|\n|t:|1737303623\n|move|p2b: Tornadus|Protect|p2b: Tornadus\n|-singleturn|p2b: Tornadus|Protect\n|move|p2a: Ogerpon|Spiky Shield|p2a: Ogerpon\n|-singleturn|p2a: Ogerpon|move: Protect\n|move|p1b: Flutter Mane|Moonblast|p2b: Tornadus\n|-activate|p2b: Tornadus|move: Protect\n|move|p1a: Tornadus|Bleakwind Storm|p2b: Tornadus|[spread] \n|-activate|p2a: Ogerpon|move: Protect\n|-activate|p2b: Tornadus|move: Protect\n|\n|-sideend|p1: bluestraggler02|move: Tailwind\n|upkeep\n|turn|6\n|inactive|AIM yon1995 has 30 seconds left.\n|inactive|AIM yon1995 has 20 seconds left.\n|inactive|AIM yon1995 has 15 seconds left.\n|\n|t:|1737303664\n|move|p2a: Ogerpon|Follow Me|p2a: Ogerpon\n|-singleturn|p2a: Ogerpon|move: Follow Me\n|move|p1a: Tornadus|Tailwind|p1a: Tornadus\n|-sidestart|p1: bluestraggler02|move: Tailwind\n|move|p1b: Flutter Mane|Icy Wind|p2a: Ogerpon|[spread] p2b\n|-miss|p1b: Flutter Mane|p2a: Ogerpon\n|-supereffective|p2b: Tornadus\n|-damage|p2b: Tornadus|0 fnt\n|faint|p2b: Tornadus\n|\n|upkeep\n|\n|t:|1737303673\n|switch|p2b: Smeargle|Smeargle, L50, M|100\/100\n|turn|7\n|\n|t:|1737303689\n|move|p1b: Flutter Mane|Protect|p1b: Flutter Mane\n|-singleturn|p1b: Flutter Mane|Protect\n|move|p2a: Ogerpon|Spiky Shield|p2a: Ogerpon\n|-singleturn|p2a: Ogerpon|move: Protect\n|move|p1a: Tornadus|Bleakwind Storm|p2a: Ogerpon|[spread] p2b\n|-activate|p2a: Ogerpon|move: Protect\n|-damage|p2b: Smeargle|2\/100\n|move|p2b: Smeargle|Spore|p1b: Flutter Mane\n|-activate|p1b: Flutter Mane|move: Protect\n|\n|-ability|p2b: Smeargle|Moody|boost\n|-boost|p2b: Smeargle|spd|2\n|-unboost|p2b: Smeargle|def|1\n|upkeep\n|turn|8\n|\n|t:|1737303705\n|move|p1a: Tornadus|Scary Face|p2a: Ogerpon\n|-unboost|p2a: Ogerpon|spe|2\n|move|p1b: Flutter Mane|Moonblast|p2b: Smeargle\n|-damage|p2b: Smeargle|0 fnt\n|faint|p2b: Smeargle\n|move|p2a: Ogerpon|Ivy Cudgel|p1a: Tornadus|[anim] Ivy Cudgel Fire\n|-damage|p1a: Tornadus|0 fnt\n|faint|p1a: Tornadus\n|\n|upkeep\n|\n|t:|1737303708\n|switch|p1a: Kyurem|Kyurem-White, L50|25\/100\n|-ability|p1a: Kyurem|Turboblaze\n|turn|9\n|\n|t:|1737303716\n|move|p1b: Flutter Mane|Moonblast|p2a: Ogerpon\n|-resisted|p2a: Ogerpon\n|-damage|p2a: Ogerpon|0 fnt\n|faint|p2a: Ogerpon\n|\n|win|bluestraggler02\n|raw|bluestraggler02's rating: 1615 &rarr; <strong>1644<\/strong><br \/>(+29 for winning)\n|raw|AIM yon1995's rating: 1790 &rarr; <strong>1761<\/strong><br \/>(-29 for losing)\n|l|\u2606bluestraggler02\n|player|p1|\n|l|\u2606AIM yon1995\n|player|p2|\n|l| dialgasucksnow\n","uploadtime":1737303782,"views":77,"formatid":"gen9vgc2025regg","rating":1644,"private":0,"password":null}