{"id":"gen9vgc2025regg-2284126078","format":"[Gen 9] VGC 2025 Reg G","players":["daniiivgc","imstuckat1300"],"log":"|j|\u203ddaniiivgc\n|j|\u2606imstuckat1300\n|t:|1737309111\n|gametype|doubles\n|player|p1|daniiivgc|lucas|1540\n|player|p2|imstuckat1300|blue|1587\n|teamsize|p1|6\n|teamsize|p2|6\n|gen|9\n|tier|[Gen 9] VGC 2025 Reg G\n|rated|\n|rule|Species Clause: Limit one of each Pok\u00e9mon\n|rule|Item Clause: Limit 1 of each item\n|clearpoke\n|poke|p1|Calyrex-Ice, L50|\n|poke|p1|Ogerpon-Cornerstone, L50, F|\n|poke|p1|Chi-Yu, L50|\n|poke|p1|Flutter Mane, L50|\n|poke|p1|Urshifu-*, L50, M|\n|poke|p1|Raging Bolt, L50|\n|poke|p2|Tornadus, L50, M|\n|poke|p2|Farigiraf, L50, F|\n|poke|p2|Calyrex-Shadow, L50|\n|poke|p2|Rillaboom, L50, F|\n|poke|p2|Urshifu-*, L50, M|\n|poke|p2|Chi-Yu, L50|\n|teampreview|4\n|j| Landovoir\n|\n|t:|1737309136\n|start\n|switch|p1a: Calyrex|Calyrex-Ice, L50|100\/100\n|switch|p1b: Flutter Mane|Flutter Mane, L50|100\/100\n|switch|p2a: Made In Heaven|Calyrex-Shadow, L50|100\/100\n|switch|p2b: Chi-Yu|Chi-Yu, L50|100\/100\n|-ability|p2a: Made In Heaven|As One\n|-ability|p2a: Made In Heaven|Unnerve\n|-ability|p1a: Calyrex|As One\n|-ability|p1a: Calyrex|Unnerve\n|-ability|p2b: Chi-Yu|Beads of Ruin\n|-enditem|p1b: Flutter Mane|Booster Energy\n|-activate|p1b: Flutter Mane|ability: Protosynthesis|[fromitem]\n|-start|p1b: Flutter Mane|protosynthesisspe\n|turn|1\n|\n|t:|1737309165\n|-terastallize|p1b: Flutter Mane|Normal\n|-terastallize|p2a: Made In Heaven|Water\n|move|p1a: Calyrex|Protect|p1a: Calyrex\n|-singleturn|p1a: Calyrex|Protect\n|move|p1b: Flutter Mane|Moonblast|p2a: Made In Heaven\n|-damage|p2a: Made In Heaven|45\/100\n|move|p2b: Chi-Yu|Dark Pulse|p1a: Calyrex\n|-activate|p1a: Calyrex|move: Protect\n|move|p2a: Made In Heaven|Astral Barrage|p1a: Calyrex|[spread] \n|-activate|p1a: Calyrex|move: Protect\n|-immune|p1b: Flutter Mane\n|\n|upkeep\n|turn|2\n|\n|t:|1737309189\n|switch|p2b: Rillaboom|Rillaboom, L50, F|100\/100\n|-fieldstart|move: Grassy Terrain|[from] ability: Grassy Surge|[of] p2b: Rillaboom\n|switch|p1a: Raging Bolt|Raging Bolt, L50|100\/100\n|move|p1b: Flutter Mane|Moonblast|p2b: Rillaboom\n|-damage|p2b: Rillaboom|68\/100\n|-unboost|p2b: Rillaboom|spa|1\n|move|p2a: Made In Heaven|Astral Barrage|p1a: Raging Bolt|[spread] p1a\n|-immune|p1b: Flutter Mane\n|-damage|p1a: Raging Bolt|37\/100\n|-damage|p2a: Made In Heaven|35\/100|[from] item: Life Orb\n|\n|-heal|p2a: Made In Heaven|41\/100|[from] Grassy Terrain\n|-heal|p1a: Raging Bolt|43\/100|[from] Grassy Terrain\n|-heal|p2b: Rillaboom|74\/100|[from] Grassy Terrain\n|upkeep\n|turn|3\n|\n|t:|1737309207\n|switch|p2a: Chi-Yu|Chi-Yu, L50|100\/100\n|-ability|p2a: Chi-Yu|Beads of Ruin\n|move|p1b: Flutter Mane|Protect|p1b: Flutter Mane\n|-singleturn|p1b: Flutter Mane|Protect\n|move|p1a: Raging Bolt|Protect|p1a: Raging Bolt\n|-singleturn|p1a: Raging Bolt|Protect\n|move|p2b: Rillaboom|Fake Out|p1b: Flutter Mane\n|-activate|p1b: Flutter Mane|move: Protect\n|\n|-heal|p1a: Raging Bolt|49\/100|[from] Grassy Terrain\n|-heal|p2b: Rillaboom|81\/100|[from] Grassy Terrain\n|upkeep\n|turn|4\n|\n|t:|1737309225\n|move|p1a: Raging Bolt|Thunderclap|p2a: Chi-Yu\n|-damage|p2a: Chi-Yu|43\/100\n|-damage|p1a: Raging Bolt|39\/100|[from] item: Life Orb\n|move|p1b: Flutter Mane|Moonblast|p2a: Chi-Yu\n|-damage|p2a: Chi-Yu|0 fnt\n|faint|p2a: Chi-Yu\n|move|p2b: Rillaboom|Wood Hammer|p1b: Flutter Mane\n|-damage|p1b: Flutter Mane|0 fnt\n|faint|p1b: Flutter Mane\n|-end|p1b: Flutter Mane|Protosynthesis|[silent]\n|-damage|p2b: Rillaboom|54\/100|[from] Recoil\n|\n|-heal|p1a: Raging Bolt|45\/100|[from] Grassy Terrain\n|-heal|p2b: Rillaboom|60\/100|[from] Grassy Terrain\n|upkeep\n|\n|t:|1737309238\n|switch|p1b: Calyrex|Calyrex-Ice, L50|100\/100\n|switch|p2a: Made In Heaven|Calyrex-Shadow, L50, tera:Water|41\/100\n|-ability|p2a: Made In Heaven|As One\n|-ability|p2a: Made In Heaven|Unnerve\n|-ability|p1b: Calyrex|As One\n|-ability|p1b: Calyrex|Unnerve\n|turn|5\n|\n|t:|1737309245\n|switch|p2b: Farigiraf|Farigiraf, L50, F|100\/100\n|move|p1a: Raging Bolt|Thunderclap||[still]\n|cant|p2b: Farigiraf|ability: Armor Tail|Thunderclap|[of] p1a: Raging Bolt\n|move|p2a: Made In Heaven|Astral Barrage|p1b: Calyrex|[spread] p1a,p1b\n|-supereffective|p1b: Calyrex\n|-damage|p1a: Raging Bolt|0 fnt\n|-damage|p1b: Calyrex|16\/100\n|faint|p1a: Raging Bolt\n|-end|p1a: Raging Bolt|Protosynthesis|[silent]\n|-ability|p2a: Made In Heaven|Grim Neigh|boost\n|-boost|p2a: Made In Heaven|spa|1\n|-damage|p2a: Made In Heaven|32\/100|[from] item: Life Orb\n|move|p1b: Calyrex|Trick Room|p1b: Calyrex\n|-fieldstart|move: Trick Room|[of] p1b: Calyrex\n|\n|-heal|p1b: Calyrex|22\/100|[from] Grassy Terrain\n|-heal|p2a: Made In Heaven|38\/100|[from] Grassy Terrain\n|upkeep\n|\n|t:|1737309253\n|switch|p1a: Ogerpon|Ogerpon-Cornerstone, L50, F|100\/100\n|turn|6\n|j| grosthetor\n|\n|t:|1737309271\n|move|p2a: Made In Heaven|Protect|p2a: Made In Heaven\n|-singleturn|p2a: Made In Heaven|Protect\n|move|p1b: Calyrex|Glacial Lance|p2a: Made In Heaven|[spread] p2b\n|-activate|p2a: Made In Heaven|move: Protect\n|-damage|p2b: Farigiraf|48\/100\n|move|p1a: Ogerpon|Power Whip|p2b: Farigiraf\n|-damage|p2b: Farigiraf|0 fnt\n|faint|p2b: Farigiraf\n|\n|-heal|p1b: Calyrex|28\/100|[from] Grassy Terrain\n|-heal|p2a: Made In Heaven|44\/100|[from] Grassy Terrain\n|-fieldend|move: Grassy Terrain\n|upkeep\n|\n|t:|1737309275\n|switch|p2b: Rillaboom|Rillaboom, L50, F|60\/100\n|-fieldstart|move: Grassy Terrain|[from] ability: Grassy Surge|[of] p2b: Rillaboom\n|turn|7\n|\n|t:|1737309292\n|move|p1b: Calyrex|Protect|p1b: Calyrex\n|-singleturn|p1b: Calyrex|Protect\n|move|p1a: Ogerpon|Spiky Shield|p1a: Ogerpon\n|-singleturn|p1a: Ogerpon|move: Protect\n|move|p2b: Rillaboom|Fake Out|p1a: Ogerpon\n|-activate|p1a: Ogerpon|move: Protect\n|-damage|p2b: Rillaboom|47\/100|[from] Spiky Shield|[of] p1a: Ogerpon\n|move|p2a: Made In Heaven|Astral Barrage|p1a: Ogerpon|[spread] \n|-activate|p1a: Ogerpon|move: Protect\n|-activate|p1b: Calyrex|move: Protect\n|\n|-heal|p1b: Calyrex|34\/100|[from] Grassy Terrain\n|-heal|p2b: Rillaboom|54\/100|[from] Grassy Terrain\n|-heal|p2a: Made In Heaven|50\/100|[from] Grassy Terrain\n|upkeep\n|turn|8\n|\n|t:|1737309310\n|move|p2a: Made In Heaven|Protect|p2a: Made In Heaven\n|-singleturn|p2a: Made In Heaven|Protect\n|move|p2b: Rillaboom|Grassy Glide|p1a: Ogerpon\n|-damage|p1a: Ogerpon|52\/100\n|move|p1b: Calyrex|Glacial Lance|p2a: Made In Heaven|[spread] p2b\n|-activate|p2a: Made In Heaven|move: Protect\n|-supereffective|p2b: Rillaboom\n|-damage|p2b: Rillaboom|0 fnt\n|faint|p2b: Rillaboom\n|-ability|p1b: Calyrex|Chilling Neigh|boost\n|-boost|p1b: Calyrex|atk|1\n|move|p1a: Ogerpon|Ivy Cudgel|p2a: Made In Heaven|[anim] Ivy Cudgel Rock\n|-activate|p2a: Made In Heaven|move: Protect\n|\n|-heal|p1b: Calyrex|39\/100|[from] Grassy Terrain\n|-heal|p1a: Ogerpon|58\/100|[from] Grassy Terrain\n|-heal|p2a: Made In Heaven|56\/100|[from] Grassy Terrain\n|upkeep\n|turn|9\n|\n|t:|1737309328\n|move|p2a: Made In Heaven|Protect||[still]\n|-fail|p2a: Made In Heaven\n|move|p1b: Calyrex|Glacial Lance|p2a: Made In Heaven\n|-resisted|p2a: Made In Heaven\n|-damage|p2a: Made In Heaven|0 fnt\n|faint|p2a: Made In Heaven\n|\n|win|daniiivgc\n|raw|daniiivgc's rating: 1540 &rarr; <strong>1563<\/strong><br \/>(+23 for winning)\n|raw|imstuckat1300's rating: 1587 &rarr; <strong>1564<\/strong><br \/>(-23 for losing)\n|l|\u2606imstuckat1300\n|player|p2|\n|l|\u203ddaniiivgc\n|player|p1|\n|l| Landovoir\n|l| grosthetor\n","uploadtime":1737309533,"views":9,"formatid":"gen9vgc2025regg","rating":1563,"private":0,"password":null}