{"id":"gen9vgc2025regg-2284753456","format":"[Gen 9] VGC 2025 Reg G","players":["Diestoise","TonyPajamas16"],"log":"|j|\u2606Diestoise\n|j|\u2606TonyPajamas16\n|t:|1737394761\n|gametype|doubles\n|player|p1|Diestoise|blue|1549\n|player|p2|TonyPajamas16|266|1628\n|teamsize|p1|6\n|teamsize|p2|6\n|gen|9\n|tier|[Gen 9] VGC 2025 Reg G\n|rated|\n|rule|Species Clause: Limit one of each Pok\u00e9mon\n|rule|Item Clause: Limit 1 of each item\n|clearpoke\n|poke|p1|Kyogre, L50|\n|poke|p1|Tornadus, L50, M|\n|poke|p1|Incineroar, L50, M|\n|poke|p1|Raichu, L50, F|\n|poke|p1|Landorus, L50, M|\n|poke|p1|Ogerpon-Wellspring, L50, F|\n|poke|p2|Groudon, L50|\n|poke|p2|Sableye, L50, F|\n|poke|p2|Rillaboom, L50, F|\n|poke|p2|Gouging Fire, L50|\n|poke|p2|Raging Bolt, L50|\n|poke|p2|Scream Tail, L50|\n|teampreview|4\n|inactive|Battle timer is ON: inactive players will automatically lose when time's up. (requested by TonyPajamas16)\n|\n|t:|1737394813\n|start\n|switch|p1a: Kyogre|Kyogre, L50|100\/100\n|switch|p1b: Tornadus|Tornadus, L50, M|100\/100\n|switch|p2a: Scream Tail|Scream Tail, L50, shiny|100\/100\n|switch|p2b: Sableye|Sableye, L50, F, shiny|100\/100\n|-weather|RainDance|[from] ability: Drizzle|[of] p1a: Kyogre\n|-enditem|p2a: Scream Tail|Booster Energy\n|-activate|p2a: Scream Tail|ability: Protosynthesis|[fromitem]\n|-start|p2a: Scream Tail|protosynthesisspe\n|turn|1\n|inactive|TonyPajamas16 has 30 seconds left.\n|\n|t:|1737394847\n|move|p1b: Tornadus|Taunt|p2a: Scream Tail\n|-start|p2a: Scream Tail|move: Taunt\n|move|p2b: Sableye|Sunny Day|p2b: Sableye\n|-weather|SunnyDay\n|cant|p2a: Scream Tail|move: Taunt|Sing\n|move|p1a: Kyogre|Water Spout|p2b: Sableye|[spread] p2a,p2b\n|-damage|p2a: Scream Tail|76\/100\n|-damage|p2b: Sableye|55\/100\n|-enditem|p2b: Sableye|Eject Button\n|\n|t:|1737394867\n|switch|p2b: Curveball|Rillaboom, L50, F|100\/100\n|-fieldstart|move: Grassy Terrain|[from] ability: Grassy Surge|[of] p2b: Curveball\n|\n|-weather|SunnyDay|[upkeep]\n|-heal|p2a: Scream Tail|82\/100|[from] Grassy Terrain\n|upkeep\n|turn|2\n|\n|t:|1737394888\n|-end|p2a: Scream Tail|Protosynthesis|[silent]\n|switch|p2a: Sableye|Sableye, L50, F, shiny|55\/100\n|switch|p1a: Incineroar|Incineroar, L50, M|100\/100\n|-ability|p1a: Incineroar|Intimidate|boost\n|-unboost|p2a: Sableye|atk|1\n|-unboost|p2b: Curveball|atk|1\n|move|p1b: Tornadus|Bleakwind Storm|p2a: Sableye|[spread] p2a\n|-miss|p1b: Tornadus|p2b: Curveball\n|-damage|p2a: Sableye|6\/100\n|move|p2b: Curveball|Wood Hammer|p1a: Incineroar\n|-resisted|p1a: Incineroar\n|-damage|p1a: Incineroar|74\/100\n|-damage|p2b: Curveball|91\/100|[from] Recoil\n|\n|-weather|SunnyDay|[upkeep]\n|-heal|p2b: Curveball|97\/100|[from] Grassy Terrain\n|-heal|p1a: Incineroar|80\/100|[from] Grassy Terrain\n|-heal|p2a: Sableye|12\/100|[from] Grassy Terrain\n|upkeep\n|turn|3\n|inactive|Diestoise has 30 seconds left.\n|\n|t:|1737394916\n|move|p1b: Tornadus|Tailwind|p1b: Tornadus\n|-sidestart|p1: Diestoise|move: Tailwind\n|move|p2a: Sableye|Gravity|p2a: Sableye\n|-fieldstart|move: Gravity\n|move|p1a: Incineroar|Will-O-Wisp|p2b: Curveball\n|-status|p2b: Curveball|brn\n|move|p2b: Curveball|U-turn|p1a: Incineroar\n|-damage|p1a: Incineroar|73\/100\n|\n|t:|1737394929\n|switch|p2b: Groudon|Groudon, L50|100\/100|[from] U-turn\n|\n|-weather|SunnyDay|[upkeep]\n|-heal|p1a: Incineroar|79\/100|[from] Grassy Terrain\n|-heal|p2a: Sableye|18\/100|[from] Grassy Terrain\n|upkeep\n|turn|4\n|inactive|Diestoise has 30 seconds left.\n|\n|t:|1737394958\n|-terastallize|p1a: Incineroar|Water\n|-terastallize|p2b: Groudon|Fire\n|move|p2a: Sableye|Encore|p1b: Tornadus\n|-start|p1b: Tornadus|Encore\n|move|p1b: Tornadus|Tailwind||[still]\n|-fail|p1b: Tornadus\n|move|p1a: Incineroar|Knock Off|p2b: Groudon\n|-damage|p2b: Groudon|74\/100\n|-enditem|p2b: Groudon|Assault Vest|[from] move: Knock Off|[of] p1a: Incineroar\n|move|p2b: Groudon|Precipice Blades|p1b: Tornadus|[spread] p1a,p1b\n|-damage|p1a: Incineroar|38\/100\n|-damage|p1b: Tornadus|42\/100\n|\n|-weather|SunnyDay|[upkeep]\n|-heal|p1b: Tornadus|48\/100|[from] Grassy Terrain\n|-heal|p1a: Incineroar|44\/100|[from] Grassy Terrain\n|-heal|p2b: Groudon|80\/100|[from] Grassy Terrain\n|-heal|p2a: Sableye|23\/100|[from] Grassy Terrain\n|upkeep\n|turn|5\n|inactive|TonyPajamas16 has 30 seconds left.\n|\n|t:|1737394985\n|switch|p1b: Kyogre|Kyogre, L50|100\/100\n|-weather|RainDance|[from] ability: Drizzle|[of] p1b: Kyogre\n|switch|p2a: Scream Tail|Scream Tail, L50, shiny|82\/100\n|move|p1a: Incineroar|Parting Shot|p2b: Groudon\n|-unboost|p2b: Groudon|atk|1\n|-unboost|p2b: Groudon|spa|1\n|\n|t:|1737394994\n|switch|p1a: Tornadus|Tornadus, L50, M|48\/100|[from] Parting Shot\n|move|p2b: Groudon|Precipice Blades|p1a: Tornadus|[spread] p1a,p1b\n|-damage|p1a: Tornadus|7\/100\n|-damage|p1b: Kyogre|63\/100\n|\n|-weather|RainDance|[upkeep]\n|-heal|p1a: Tornadus|13\/100|[from] Grassy Terrain\n|-heal|p1b: Kyogre|68\/100|[from] Grassy Terrain\n|-heal|p1b: Kyogre|74\/100|[from] item: Leftovers\n|-heal|p2a: Scream Tail|87\/100|[from] Grassy Terrain\n|-heal|p2b: Groudon|86\/100|[from] Grassy Terrain\n|-fieldend|move: Grassy Terrain\n|upkeep\n|turn|6\n|j| DaN00biest\n|inactive|Diestoise has 30 seconds left.\n|\n|t:|1737395021\n|switch|p2b: Sableye|Sableye, L50, F, shiny|23\/100\n|move|p1a: Tornadus|Taunt|p2a: Scream Tail\n|-start|p2a: Scream Tail|move: Taunt\n|move|p1b: Kyogre|Origin Pulse|p2b: Sableye|[spread] p2a,p2b\n|-damage|p2a: Scream Tail|36\/100\n|-damage|p2b: Sableye|0 fnt\n|faint|p2b: Sableye\n|move|p2a: Scream Tail|Play Rough|p1a: Tornadus\n|-damage|p1a: Tornadus|0 fnt\n|faint|p1a: Tornadus\n|\n|-weather|RainDance|[upkeep]\n|-heal|p1b: Kyogre|80\/100|[from] item: Leftovers\n|-sideend|p1: Diestoise|move: Tailwind\n|upkeep\n|inactive|Diestoise has 30 seconds left.\n|\n|t:|1737395049\n|switch|p1a: Gofres|Raichu, L50, F, shiny|100\/100\n|switch|p2b: Groudon|Groudon, L50, tera:Fire|86\/100\n|-weather|SunnyDay|[from] ability: Drought|[of] p2b: Groudon\n|-activate|p2a: Scream Tail|ability: Protosynthesis\n|-start|p2a: Scream Tail|protosynthesisspe\n|turn|7\n|\n|t:|1737395066\n|switch|p1b: Incineroar|Incineroar, L50, M, tera:Water|44\/100\n|-ability|p1b: Incineroar|Intimidate|boost\n|-unboost|p2a: Scream Tail|atk|1\n|-unboost|p2b: Groudon|atk|1\n|switch|p2b: Curveball|Rillaboom, L50, F|97\/100 brn\n|-fieldstart|move: Grassy Terrain|[from] ability: Grassy Surge|[of] p2b: Curveball\n|move|p1a: Gofres|Fake Out|p2b: Curveball\n|-damage|p2b: Curveball|89\/100 brn\n|move|p2a: Scream Tail|Play Rough|p1a: Gofres\n|-damage|p1a: Gofres|75\/100\n|\n|-weather|SunnyDay|[upkeep]\n|-heal|p2a: Scream Tail|42\/100|[from] Grassy Terrain\n|-heal|p1a: Gofres|81\/100|[from] Grassy Terrain\n|-heal|p2b: Curveball|95\/100 brn|[from] Grassy Terrain\n|-heal|p1b: Incineroar|50\/100|[from] Grassy Terrain\n|-damage|p2b: Curveball|89\/100 brn|[from] brn\n|-fieldend|move: Gravity\n|upkeep\n|turn|8\n|inactive|Diestoise has 30 seconds left.\n|inactive|TonyPajamas16 has 30 seconds left.\n|inactive|Diestoise has 20 seconds left.\n|inactive|TonyPajamas16 has 20 seconds left.\n|inactive|Diestoise has 15 seconds left.\n|\n|t:|1737395111\n|move|p2a: Scream Tail|Play Rough|p1b: Incineroar\n|-crit|p1b: Incineroar\n|-damage|p1b: Incineroar|21\/100\n|move|p1a: Gofres|Nuzzle|p2a: Scream Tail\n|-damage|p2a: Scream Tail|36\/100\n|-status|p2a: Scream Tail|par\n|move|p2b: Curveball|Wood Hammer|p1b: Incineroar\n|-supereffective|p1b: Incineroar\n|-damage|p1b: Incineroar|0 fnt\n|faint|p1b: Incineroar\n|-damage|p2b: Curveball|81\/100 brn|[from] Recoil\n|\n|-weather|SunnyDay|[upkeep]\n|-heal|p1a: Gofres|87\/100|[from] Grassy Terrain\n|-heal|p2a: Scream Tail|42\/100 par|[from] Grassy Terrain\n|-heal|p2b: Curveball|87\/100 brn|[from] Grassy Terrain\n|-damage|p2b: Curveball|81\/100 brn|[from] brn\n|-end|p2a: Scream Tail|move: Taunt\n|upkeep\n|\n|t:|1737395120\n|switch|p1b: Kyogre|Kyogre, L50|80\/100\n|-weather|RainDance|[from] ability: Drizzle|[of] p1b: Kyogre\n|-end|p2a: Scream Tail|Protosynthesis\n|turn|9\n|inactive|Diestoise has 30 seconds left.\n|\n|t:|1737395149\n|move|p1b: Kyogre|Protect|p1b: Kyogre\n|-singleturn|p1b: Kyogre|Protect\n|move|p2b: Curveball|Grassy Glide|p1b: Kyogre\n|-activate|p1b: Kyogre|move: Protect\n|move|p1a: Gofres|Nuzzle|p2a: Scream Tail\n|-damage|p2a: Scream Tail|37\/100 par\n|move|p2a: Scream Tail|Play Rough|p1b: Kyogre\n|-activate|p1b: Kyogre|move: Protect\n|\n|-weather|RainDance|[upkeep]\n|-heal|p1a: Gofres|93\/100|[from] Grassy Terrain\n|-heal|p2b: Curveball|87\/100 brn|[from] Grassy Terrain\n|-heal|p1b: Kyogre|86\/100|[from] Grassy Terrain\n|-heal|p1b: Kyogre|92\/100|[from] item: Leftovers\n|-heal|p2a: Scream Tail|43\/100 par|[from] Grassy Terrain\n|-damage|p2b: Curveball|81\/100 brn|[from] brn\n|upkeep\n|turn|10\n|inactive|Diestoise has 30 seconds left.\n|\n|t:|1737395175\n|move|p2b: Curveball|Grassy Glide|p1b: Kyogre\n|-supereffective|p1b: Kyogre\n|-damage|p1b: Kyogre|46\/100\n|move|p1a: Gofres|Volt Switch|p2b: Curveball\n|-resisted|p2b: Curveball\n|-damage|p2b: Curveball|67\/100 brn\n|move|p1b: Kyogre|Origin Pulse|p2b: Curveball|[spread] p2a,p2b\n|-resisted|p2b: Curveball\n|-damage|p2a: Scream Tail|0 fnt\n|-damage|p2b: Curveball|27\/100 brn\n|faint|p2a: Scream Tail\n|-end|p2a: Scream Tail|Protosynthesis|[silent]\n|\n|-weather|RainDance|[upkeep]\n|-heal|p1a: Gofres|99\/100|[from] Grassy Terrain\n|-heal|p2b: Curveball|33\/100 brn|[from] Grassy Terrain\n|-heal|p1b: Kyogre|52\/100|[from] Grassy Terrain\n|-heal|p1b: Kyogre|57\/100|[from] item: Leftovers\n|-damage|p2b: Curveball|27\/100 brn|[from] brn\n|upkeep\n|\n|t:|1737395186\n|switch|p2a: Groudon|Groudon, L50, tera:Fire|86\/100\n|-weather|SunnyDay|[from] ability: Drought|[of] p2a: Groudon\n|turn|11\n|\n|t:|1737395202\n|move|p2b: Curveball|Grassy Glide|p1b: Kyogre\n|-supereffective|p1b: Kyogre\n|-damage|p1b: Kyogre|13\/100\n|move|p1a: Gofres|Nuzzle|p2a: Groudon\n|-damage|p2a: Groudon|82\/100\n|-status|p2a: Groudon|par\n|move|p1b: Kyogre|Origin Pulse|p2b: Curveball|[spread] p2b\n|-miss|p1b: Kyogre|p2a: Groudon\n|-resisted|p2b: Curveball\n|-damage|p2b: Curveball|14\/100 brn\n|move|p2a: Groudon|Precipice Blades|p1b: Kyogre|[spread] p1a,p1b\n|-supereffective|p1a: Gofres\n|-damage|p1a: Gofres|0 fnt\n|-damage|p1b: Kyogre|0 fnt\n|faint|p1a: Gofres\n|faint|p1b: Kyogre\n|\n|win|TonyPajamas16\n|raw|Diestoise's rating: 1549 &rarr; <strong>1533<\/strong><br \/>(-16 for losing)\n|raw|TonyPajamas16's rating: 1628 &rarr; <strong>1644<\/strong><br \/>(+16 for winning)\n|l|\u2606TonyPajamas16\n|player|p2|\n|l| DaN00biest\n|l|\u2606Diestoise\n|player|p1|\n","uploadtime":1737395301,"views":14,"formatid":"gen9vgc2025regg","rating":1533,"private":0,"password":null}