{"id":"gen9vgc2025regg-2284647297","format":"[Gen 9] VGC 2025 Reg G","players":["californiaicicle","actuary97"],"log":"|j|\u2606californiaicicle\n|j|\u2606actuary97\n|t:|1737382517\n|gametype|doubles\n|player|p1|californiaicicle|102|1535\n|player|p2|actuary97|sabrina-frlg|1615\n|teamsize|p1|6\n|teamsize|p2|6\n|gen|9\n|tier|[Gen 9] VGC 2025 Reg G\n|rated|\n|rule|Species Clause: Limit one of each Pok\u00e9mon\n|rule|Item Clause: Limit 1 of each item\n|clearpoke\n|poke|p1|Whimsicott, L50, M|\n|poke|p1|Incineroar, L50, F|\n|poke|p1|Miraidon, L50|\n|poke|p1|Ursaluna-Bloodmoon, L50, M|\n|poke|p1|Farigiraf, L50, M|\n|poke|p1|Ditto, L50|\n|poke|p2|Amoonguss, L50, F|\n|poke|p2|Comfey, L50, M|\n|poke|p2|Whimsicott, L50, M|\n|poke|p2|Rillaboom, L50, F|\n|poke|p2|Kyogre, L50|\n|poke|p2|Archaludon, L50, M|\n|teampreview|4\nactuary97 has agreed to open team sheets.\n|inactive|Battle timer is ON: inactive players will automatically lose when time's up. (requested by californiaicicle)\n|\n|t:|1737382561\n|start\n|switch|p1a: Whimsicott|Whimsicott, L50, M|100\/100\n|switch|p1b: Miraidon|Miraidon, L50|100\/100\n|switch|p2a: Rillaboom|Rillaboom, L50, F, shiny|100\/100\n|switch|p2b: Archaludon|Archaludon, L50, M, shiny|100\/100\n|-fieldstart|move: Electric Terrain|[from] ability: Hadron Engine|[of] p1b: Miraidon\n|-fieldstart|move: Grassy Terrain|[from] ability: Grassy Surge|[of] p2a: Rillaboom\n|turn|1\n|\n|t:|1737382574\n|switch|p1b: Incineroar|Incineroar, L50, F|100\/100\n|-ability|p1b: Incineroar|Intimidate|boost\n|-unboost|p2a: Rillaboom|atk|1\n|-unboost|p2b: Archaludon|atk|1\n|switch|p1a: Ditto|Ditto, L50|100\/100\n|-transform|p1a: Ditto|p2b: Archaludon|[from] ability: Imposter\n|move|p2a: Rillaboom|Bullet Seed|p2b: Archaludon\n|-resisted|p2b: Archaludon\n|-damage|p2b: Archaludon|98\/100\n|-ability|p2b: Archaludon|Stamina|boost\n|-boost|p2b: Archaludon|def|1\n|-resisted|p2b: Archaludon\n|-damage|p2b: Archaludon|97\/100\n|-ability|p2b: Archaludon|Stamina|boost\n|-boost|p2b: Archaludon|def|1\n|-resisted|p2b: Archaludon\n|-damage|p2b: Archaludon|96\/100\n|-ability|p2b: Archaludon|Stamina|boost\n|-boost|p2b: Archaludon|def|1\n|-resisted|p2b: Archaludon\n|-crit|p2b: Archaludon\n|-damage|p2b: Archaludon|91\/100\n|-ability|p2b: Archaludon|Stamina|boost\n|-boost|p2b: Archaludon|def|1\n|-hitcount|p2b: Archaludon|4\n|move|p2b: Archaludon|Body Press|p1b: Incineroar\n|-supereffective|p1b: Incineroar\n|-damage|p1b: Incineroar|0 fnt\n|faint|p1b: Incineroar\n|\n|-heal|p2b: Archaludon|97\/100|[from] Grassy Terrain\n|upkeep\n|\n|t:|1737382590\n|switch|p1b: Miraidon|Miraidon, L50|100\/100\n|-fieldstart|move: Electric Terrain|[from] ability: Hadron Engine|[of] p1b: Miraidon\n|turn|2\n|\n|t:|1737382617\n|switch|p2b: Amoonguss|Amoonguss, L50, F, shiny|100\/100\n|move|p1b: Miraidon|Draco Meteor|p2b: Amoonguss\n|-damage|p2b: Amoonguss|0 fnt\n|-unboost|p1b: Miraidon|spa|2\n|faint|p2b: Amoonguss\n|move|p1a: Ditto|Body Press|p2a: Rillaboom\n|-damage|p2a: Rillaboom|77\/100\n|move|p2a: Rillaboom|U-turn|p1b: Miraidon\n|-damage|p1b: Miraidon|83\/100\n|\n|t:|1737382630\n|switch|p2a: Kyogre|Kyogre, L50, shiny|100\/100|[from] U-turn\n|-weather|RainDance|[from] ability: Drizzle|[of] p2a: Kyogre\n|\n|-weather|RainDance|[upkeep]\n|upkeep\n|\n|t:|1737382634\n|switch|p2b: Rillaboom|Rillaboom, L50, F, shiny|77\/100\n|-fieldstart|move: Grassy Terrain|[from] ability: Grassy Surge|[of] p2b: Rillaboom\n|turn|3\n|\n|t:|1737382648\n|switch|p1a: Whimsicott|Whimsicott, L50, M|100\/100\n|-terastallize|p2a: Kyogre|Grass\n|move|p1b: Miraidon|Draco Meteor|p2b: Rillaboom\n|-damage|p2b: Rillaboom|15\/100\n|-unboost|p1b: Miraidon|spa|2\n|move|p2a: Kyogre|Calm Mind|p2a: Kyogre\n|-boost|p2a: Kyogre|spa|1\n|-boost|p2a: Kyogre|spd|1\n|move|p2b: Rillaboom|Knock Off|p1b: Miraidon\n|-damage|p1b: Miraidon|44\/100\n|-enditem|p1b: Miraidon|Choice Specs|[from] move: Knock Off|[of] p2b: Rillaboom\n|\n|-weather|RainDance|[upkeep]\n|-heal|p1b: Miraidon|50\/100|[from] Grassy Terrain\n|-heal|p2b: Rillaboom|21\/100|[from] Grassy Terrain\n|upkeep\n|turn|4\n|\n|t:|1737382672\n|switch|p2b: Archaludon|Archaludon, L50, M, shiny|97\/100\n|move|p2a: Kyogre|Protect|p2a: Kyogre\n|-singleturn|p2a: Kyogre|Protect\n|move|p1a: Whimsicott|Encore|p2a: Kyogre\n|-activate|p2a: Kyogre|move: Protect\n|move|p1b: Miraidon|Volt Switch|p2b: Archaludon\n|-resisted|p2b: Archaludon\n|-damage|p2b: Archaludon|92\/100\n|-ability|p2b: Archaludon|Stamina|boost\n|-boost|p2b: Archaludon|def|1\n|\n|t:|1737382677\n|switch|p1b: Ditto|Ditto, L50|100\/100|[from] Volt Switch\n|-transform|p1b: Ditto|p2a: Kyogre|[from] ability: Imposter\n|\n|-weather|RainDance|[upkeep]\n|-heal|p2b: Archaludon|98\/100|[from] Grassy Terrain\n|upkeep\n|-start|p1b: Ditto|typechange|Water|[silent]\n|turn|5\n|\n|t:|1737382691\n|-terastallize|p1b: Ditto|Ghost\n|move|p1a: Whimsicott|Encore|p2a: Kyogre\n|-start|p2a: Kyogre|Encore\n|move|p1b: Ditto|Origin Pulse|p2b: Archaludon|[spread] p2b\n|-miss|p1b: Ditto|p2a: Kyogre\n|-resisted|p2b: Archaludon\n|-damage|p2b: Archaludon|63\/100\n|-ability|p2b: Archaludon|Stamina|boost\n|-boost|p2b: Archaludon|def|1\n|move|p2a: Kyogre|Protect||[still]\n|-fail|p2a: Kyogre\n|move|p2b: Archaludon|Electro Shot||[still]\n|-prepare|p2b: Archaludon|Electro Shot\n|-boost|p2b: Archaludon|spa|1\n|-anim|p2b: Archaludon|Electro Shot|p1b: Ditto\n|-damage|p1b: Ditto|66\/100\n|\n|-weather|RainDance|[upkeep]\n|-heal|p1b: Ditto|71\/100|[from] Grassy Terrain\n|-heal|p2b: Archaludon|69\/100|[from] Grassy Terrain\n|upkeep\n|turn|6\n|\n|t:|1737382712\n|move|p2a: Kyogre|Protect|p2a: Kyogre\n|-singleturn|p2a: Kyogre|Protect\n|move|p1a: Whimsicott|Moonblast|p2b: Archaludon\n|-damage|p2b: Archaludon|48\/100\n|-unboost|p2b: Archaludon|spa|1\n|-ability|p2b: Archaludon|Stamina|boost\n|-boost|p2b: Archaludon|def|1\n|move|p1b: Ditto|Origin Pulse|p2a: Kyogre|[spread] p2b\n|-activate|p2a: Kyogre|move: Protect\n|-resisted|p2b: Archaludon\n|-damage|p2b: Archaludon|12\/100\n|-ability|p2b: Archaludon|Stamina|boost\n|-boost|p2b: Archaludon|def|1\n|move|p2b: Archaludon|Snarl|p1a: Whimsicott|[spread] p1a,p1b\n|-resisted|p1a: Whimsicott\n|-supereffective|p1b: Ditto\n|-damage|p1a: Whimsicott|91\/100\n|-damage|p1b: Ditto|57\/100\n|-unboost|p1a: Whimsicott|spa|1\n|-unboost|p1b: Ditto|spa|1\n|\n|-weather|none\n|-heal|p1a: Whimsicott|97\/100|[from] Grassy Terrain\n|-heal|p1b: Ditto|63\/100|[from] Grassy Terrain\n|-heal|p2b: Archaludon|18\/100|[from] Grassy Terrain\n|upkeep\n|turn|7\n|\n|t:|1737382735\n|move|p2a: Kyogre|Protect||[still]\n|-fail|p2a: Kyogre\n|move|p1a: Whimsicott|Moonblast|p2b: Archaludon\n|-crit|p2b: Archaludon\n|-damage|p2b: Archaludon|0 fnt\n|faint|p2b: Archaludon\n|move|p1b: Ditto|Origin Pulse|p2a: Kyogre\n|-resisted|p2a: Kyogre\n|-damage|p2a: Kyogre|87\/100\n|\n|-heal|p1a: Whimsicott|100\/100|[from] Grassy Terrain\n|-heal|p1b: Ditto|69\/100|[from] Grassy Terrain\n|-heal|p2a: Kyogre|93\/100|[from] Grassy Terrain\n|-end|p2a: Kyogre|Encore\n|-fieldend|move: Grassy Terrain\n|upkeep\n|\n|t:|1737382744\n|switch|p2b: Rillaboom|Rillaboom, L50, F, shiny|21\/100\n|-fieldstart|move: Grassy Terrain|[from] ability: Grassy Surge|[of] p2b: Rillaboom\n|turn|8\n|\n|t:|1737382758\n|switch|p1b: Miraidon|Miraidon, L50|50\/100\n|-fieldstart|move: Electric Terrain|[from] ability: Hadron Engine|[of] p1b: Miraidon\n|move|p1a: Whimsicott|Protect|p1a: Whimsicott\n|-singleturn|p1a: Whimsicott|Protect\n|move|p2b: Rillaboom|Fake Out|p1a: Whimsicott\n|-activate|p1a: Whimsicott|move: Protect\n|move|p2a: Kyogre|Ice Beam|p1a: Whimsicott\n|-activate|p1a: Whimsicott|move: Protect\n|\n|upkeep\n|turn|9\n|\n|t:|1737382774\n|move|p1b: Miraidon|Electro Drift|p2b: Rillaboom\n|-resisted|p2b: Rillaboom\n|-damage|p2b: Rillaboom|0 fnt\n|faint|p2b: Rillaboom\n|move|p1a: Whimsicott|Moonblast|p2a: Kyogre\n|-damage|p2a: Kyogre|83\/100\n|move|p2a: Kyogre|Ice Beam|p1b: Miraidon\n|-supereffective|p1b: Miraidon\n|-damage|p1b: Miraidon|0 fnt\n|faint|p1b: Miraidon\n|\n|upkeep\n|\n|t:|1737382783\n|switch|p1b: Ditto|Ditto, L50, tera:Ghost|69\/100\n|-transform|p1b: Ditto|p2a: Kyogre|[from] ability: Imposter\n|-weather|RainDance|[from] ability: Drizzle|[of] p1b: Ditto\n|turn|10\n|\n|t:|1737382795\n|move|p1a: Whimsicott|Encore|p2a: Kyogre\n|-start|p2a: Kyogre|Encore\n|move|p1b: Ditto|Ice Beam|p2a: Kyogre\n|-supereffective|p2a: Kyogre\n|-damage|p2a: Kyogre|38\/100\n|move|p2a: Kyogre|Ice Beam|p1b: Ditto\n|-damage|p1b: Ditto|42\/100\n|\n|-weather|RainDance|[upkeep]\n|upkeep\n|turn|11\n|\n|t:|1737382804\n|move|p1a: Whimsicott|Moonblast|p2a: Kyogre\n|-damage|p2a: Kyogre|27\/100\n|move|p1b: Ditto|Ice Beam|p2a: Kyogre\n|-supereffective|p2a: Kyogre\n|-damage|p2a: Kyogre|0 fnt\n|faint|p2a: Kyogre\n|\n|win|californiaicicle\n|raw|californiaicicle's rating: 1535 &rarr; <strong>1560<\/strong><br \/>(+25 for winning)\n|raw|actuary97's rating: 1615 &rarr; <strong>1590<\/strong><br \/>(-25 for losing)\n|l|\u2606actuary97\n|player|p2|\n|l|\u2606californiaicicle\n|player|p1|\n","uploadtime":1737382962,"views":5,"formatid":"gen9vgc2025regg","rating":1560,"private":0,"password":null}