{"id":"gen9vgc2025regg-2284009168","format":"[Gen 9] VGC 2025 Reg G","players":["yongbao","Fra5670"],"log":"|j|\u2606yongbao\n|j|\u2606Fra5670\n|t:|1737293647\n|gametype|doubles\n|player|p1|yongbao|dawn-gen4pt|1566\n|player|p2|Fra5670|n|1631\n|teamsize|p1|6\n|teamsize|p2|6\n|gen|9\n|tier|[Gen 9] VGC 2025 Reg G\n|rated|\n|rule|Species Clause: Limit one of each Pok\u00e9mon\n|rule|Item Clause: Limit 1 of each item\n|clearpoke\n|poke|p1|Pelipper, L50, F|\n|poke|p1|Chien-Pao, L50|\n|poke|p1|Miraidon, L50|\n|poke|p1|Urshifu-*, L50, F|\n|poke|p1|Gholdengo, L50|\n|poke|p1|Grimmsnarl, L50, M|\n|poke|p2|Groudon, L50|\n|poke|p2|Gouging Fire, L50|\n|poke|p2|Chien-Pao, L50|\n|poke|p2|Urshifu-*, L50, F|\n|poke|p2|Volcarona, L50, F|\n|poke|p2|Raging Bolt, L50|\n|teampreview|4\n|inactive|Battle timer is ON: inactive players will automatically lose when time's up. (requested by Fra5670)\n|inactive|Fra5670 has 60 seconds left.\n|inactive|yongbao has 60 seconds left.\n|inactive|Fra5670 has 30 seconds left.\n|inactive|Fra5670 has 20 seconds left.\n|inactive|Fra5670 has 15 seconds left.\n|inactive|Fra5670 has 10 seconds left.\n|inactive|Fra5670 has 5 seconds left.\n|\n|t:|1737293736\n|start\n|switch|p1a: Grimmsnarl|Grimmsnarl, L50, M|100\/100\n|switch|p1b: Chien-Pao|Chien-Pao, L50|100\/100\n|switch|p2a: Gouging Fire|Gouging Fire, L50|100\/100\n|switch|p2b: Volcarona|Volcarona, L50, F, shiny|100\/100\n|-ability|p1b: Chien-Pao|Sword of Ruin\n|turn|1\n|inactive|yongbao has 30 seconds left.\n|inactive|Fra5670 has 30 seconds left.\n|\n|t:|1737293768\n|move|p2a: Gouging Fire|Burning Bulwark|p2a: Gouging Fire\n|-singleturn|p2a: Gouging Fire|move: Protect\n|move|p1a: Grimmsnarl|Fake Out|p2a: Gouging Fire\n|-activate|p2a: Gouging Fire|move: Protect\n|-status|p1a: Grimmsnarl|brn\n|move|p1b: Chien-Pao|Ice Spinner|p2b: Volcarona\n|-resisted|p2b: Volcarona\n|-damage|p2b: Volcarona|64\/100\n|-damage|p1b: Chien-Pao|84\/100|[from] item: Rocky Helmet|[of] p2b: Volcarona\n|-damage|p1b: Chien-Pao|75\/100|[from] item: Life Orb\n|move|p2b: Volcarona|Tailwind|p2b: Volcarona\n|-sidestart|p2: Fra5670|move: Tailwind\n|\n|-damage|p1a: Grimmsnarl|94\/100 brn|[from] brn\n|upkeep\n|turn|2\n|j| keshaeuw\n|l| keshaeuw\n|inactive|Fra5670 has 30 seconds left.\n|\n|t:|1737293794\n|move|p1a: Grimmsnarl|Parting Shot|p2a: Gouging Fire\n|-fail|p2a: Gouging Fire|unboost|[from] item: Clear Amulet|[of] p2a: Gouging Fire\n|move|p2a: Gouging Fire|Flare Blitz|p1a: Grimmsnarl\n|-damage|p1a: Grimmsnarl|0 fnt\n|faint|p1a: Grimmsnarl\n|-damage|p2a: Gouging Fire|71\/100|[from] Recoil\n|move|p2b: Volcarona|Heat Wave|p1b: Chien-Pao\n|-supereffective|p1b: Chien-Pao\n|-damage|p1b: Chien-Pao|0 fnt\n|faint|p1b: Chien-Pao\n|\n|upkeep\n|\n|t:|1737293805\n|switch|p1b: Miraidon|Miraidon, L50|100\/100\n|switch|p1a: Pelipper|Pelipper, L50, F|100\/100\n|-fieldstart|move: Electric Terrain|[from] ability: Hadron Engine|[of] p1b: Miraidon\n|-weather|RainDance|[from] ability: Drizzle|[of] p1a: Pelipper\n|turn|3\n|\n|t:|1737293828\n|switch|p2b: Groudon|Groudon, L50|100\/100\n|-weather|SunnyDay|[from] ability: Drought|[of] p2b: Groudon\n|-activate|p2a: Gouging Fire|ability: Protosynthesis\n|-start|p2a: Gouging Fire|protosynthesisspe\n|move|p2a: Gouging Fire|Howl|p2a: Gouging Fire|[spread] p2a,p2b\n|-boost|p2a: Gouging Fire|atk|1\n|-boost|p2b: Groudon|atk|1\n|move|p1b: Miraidon|Electro Drift|p2b: Groudon\n|-immune|p2b: Groudon\n|move|p1a: Pelipper|Tailwind|p1a: Pelipper\n|-sidestart|p1: yongbao|move: Tailwind\n|\n|-weather|SunnyDay|[upkeep]\n|upkeep\n|turn|4\n|\n|t:|1737293846\n|move|p2a: Gouging Fire|Breaking Swipe|p1b: Miraidon|[spread] p1a,p1b\n|-supereffective|p1b: Miraidon\n|-damage|p1a: Pelipper|63\/100\n|-damage|p1b: Miraidon|36\/100\n|-unboost|p1a: Pelipper|atk|1\n|-unboost|p1b: Miraidon|atk|1\n|move|p1b: Miraidon|Draco Meteor|p2b: Groudon\n|-damage|p2b: Groudon|38\/100\n|-unboost|p1b: Miraidon|spa|2\n|move|p1a: Pelipper|Weather Ball|p2b: Groudon\n|-damage|p2b: Groudon|7\/100\n|move|p2b: Groudon|Thunder Punch|p1a: Pelipper\n|-supereffective|p1a: Pelipper\n|-damage|p1a: Pelipper|0 fnt\n|faint|p1a: Pelipper\n|\n|-weather|SunnyDay|[upkeep]\n|-sideend|p2: Fra5670|move: Tailwind\n|upkeep\n|turn|5\n|-message|yongbao forfeited.\n|\n|win|Fra5670\n|raw|yongbao's rating: 1566 &rarr; <strong>1550<\/strong><br \/>(-16 for losing)\n|raw|Fra5670's rating: 1631 &rarr; <strong>1647<\/strong><br \/>(+16 for winning)\n|l|\u2606yongbao\n|player|p1|\n|l|\u2606Fra5670\n|player|p2|\n","uploadtime":1737294066,"views":41,"formatid":"gen9vgc2025regg","rating":1550,"private":0,"password":null}