{"id":"gen9vgc2025regg-2284241931","format":"[Gen 9] VGC 2025 Reg G","players":["ginopollo","tomachovgc"],"log":"|j|\u2606ginopollo\n|j|\u2606tomachovgc\n|t:|1737322195\n|gametype|doubles\n|player|p1|ginopollo|169|1628\n|player|p2|tomachovgc|265|1544\n|teamsize|p1|6\n|teamsize|p2|6\n|gen|9\n|tier|[Gen 9] VGC 2025 Reg G\n|rated|\n|rule|Species Clause: Limit one of each Pok\u00e9mon\n|rule|Item Clause: Limit 1 of each item\n|clearpoke\n|poke|p1|Lunala, L50|\n|poke|p1|Iron Hands, L50|\n|poke|p1|Landorus, L50, M|\n|poke|p1|Rillaboom, L50, M|\n|poke|p1|Urshifu-*, L50, F|\n|poke|p1|Ditto, L50|\n|poke|p2|Terapagos, L50, M|\n|poke|p2|Amoonguss, L50, F|\n|poke|p2|Iron Hands, L50|\n|poke|p2|Grimmsnarl, L50, M|\n|poke|p2|Rillaboom, L50, F|\n|poke|p2|Incineroar, L50, M|\n|teampreview|4\n|\n|t:|1737322229\n|start\n|switch|p1a: Lunala|Lunala, L50|100\/100\n|switch|p1b: Iron Hands|Iron Hands, L50|100\/100\n|switch|p2a: Grimmsnarl|Grimmsnarl, L50, M|100\/100\n|switch|p2b: Incineroar|Incineroar, L50, M|100\/100\n|-ability|p2b: Incineroar|Intimidate|boost\n|-unboost|p1a: Lunala|atk|1\n|-unboost|p1b: Iron Hands|atk|1\n|turn|1\n|\n|t:|1737322258\n|move|p1b: Iron Hands|Fake Out|p2a: Grimmsnarl\n|-damage|p2a: Grimmsnarl|90\/100\n|cant|p2a: Grimmsnarl|flinch\n|move|p1a: Lunala|Moonblast|p2a: Grimmsnarl\n|-supereffective|p2a: Grimmsnarl\n|-damage|p2a: Grimmsnarl|17\/100\n|-unboost|p2a: Grimmsnarl|spa|1\n|move|p2b: Incineroar|Parting Shot|p1a: Lunala\n|-unboost|p1a: Lunala|atk|1\n|-unboost|p1a: Lunala|spa|1\n|inactive|Battle timer is ON: inactive players will automatically lose when time's up. (requested by tomachovgc)\n|\n|t:|1737322271\n|switch|p2b: Amoonguss|Amoonguss, L50, F|100\/100|[from] Parting Shot\n|\n|upkeep\n|turn|2\n|inactive|ginopollo has 30 seconds left.\n|\n|t:|1737322301\n|switch|p1a: Landorus|Landorus, L50, M|100\/100\n|move|p2a: Grimmsnarl|Light Screen|p2a: Grimmsnarl\n|-sidestart|p2: tomachovgc|move: Light Screen\n|move|p1b: Iron Hands|Drain Punch|p2a: Grimmsnarl\n|-damage|p2a: Grimmsnarl|0 fnt\n|faint|p2a: Grimmsnarl\n|move|p2b: Amoonguss|Spore|p1b: Iron Hands\n|-status|p1b: Iron Hands|slp|[from] move: Spore\n|\n|upkeep\n|\n|t:|1737322314\n|switch|p2a: Terapagos|Terapagos, L50, M|100\/100\n|-activate|p2a: Terapagos|ability: Tera Shift\n|detailschange|p2a: Terapagos|Terapagos-Terastal, L50, M\n|-heal|p2a: Terapagos|100\/100|[silent]\n|turn|3\n|\n|t:|1737322332\n|-end|p1b: Iron Hands|Quark Drive|[silent]\n|switch|p1b: Urshifu|Urshifu, L50, F|100\/100\n|move|p2b: Amoonguss|Rage Powder|p2b: Amoonguss\n|-singleturn|p2b: Amoonguss|move: Rage Powder\n|move|p1a: Landorus|Taunt|p2b: Amoonguss\n|-start|p2b: Amoonguss|move: Taunt\n|move|p2a: Terapagos|Calm Mind|p2a: Terapagos\n|-boost|p2a: Terapagos|spa|1\n|-boost|p2a: Terapagos|spd|1\n|\n|upkeep\n|turn|4\n|inactive|tomachovgc has 30 seconds left.\n|inactive|tomachovgc has 20 seconds left.\n|\n|t:|1737322375\n|switch|p2b: Incineroar|Incineroar, L50, M|100\/100\n|-ability|p2b: Incineroar|Intimidate|boost\n|-unboost|p1a: Landorus|atk|1\n|-unboost|p1b: Urshifu|atk|1\n|-terastallize|p2a: Terapagos|Stellar\n|detailschange|p2a: Terapagos|Terapagos-Stellar, L50, M, tera:Stellar\n|-heal|p2a: Terapagos|100\/100|[silent]\n|move|p1b: Urshifu|Detect|p1b: Urshifu\n|-singleturn|p1b: Urshifu|Protect\n|move|p1a: Landorus|Sandsear Storm|p2a: Terapagos|[spread] p2a,p2b\n|-crit|p2a: Terapagos\n|-supereffective|p2b: Incineroar\n|-damage|p2a: Terapagos|47\/100\n|-damage|p2b: Incineroar|39\/100\n|move|p2a: Terapagos|Tera Starstorm|p1b: Urshifu|[spread] p1a\n|-activate|p1b: Urshifu|move: Protect\n|-crit|p1a: Landorus\n|-damage|p1a: Landorus|16\/100\n|\n|upkeep\n|turn|5\n|inactive|ginopollo has 30 seconds left.\n|inactive|tomachovgc has 30 seconds left.\n|\n|t:|1737322406\n|move|p2b: Incineroar|Fake Out|p1b: Urshifu\n|-damage|p1b: Urshifu|91\/100\n|cant|p1b: Urshifu|flinch\n|move|p1a: Landorus|Sandsear Storm|p2b: Incineroar|[spread] p2a,p2b\n|-supereffective|p2b: Incineroar\n|-damage|p2a: Terapagos|29\/100\n|-damage|p2b: Incineroar|0 fnt\n|faint|p2b: Incineroar\n|move|p2a: Terapagos|Tera Starstorm|p1b: Urshifu|[spread] p1a,p1b\n|-crit|p1a: Landorus\n|-damage|p1a: Landorus|0 fnt\n|-damage|p1b: Urshifu|11\/100\n|faint|p1a: Landorus\n|\n|upkeep\n|inactive|ginopollo has 30 seconds left.\n|inactive|ginopollo has 20 seconds left.\n|\n|t:|1737322441\n|switch|p1a: Iron Hands|Iron Hands, L50|100\/100 slp\n|switch|p2b: Amoonguss|Amoonguss, L50, F|100\/100\n|turn|6\n|\n|t:|1737322465\n|move|p1b: Urshifu|Detect|p1b: Urshifu\n|-singleturn|p1b: Urshifu|Protect\n|cant|p1a: Iron Hands|slp\n|move|p2b: Amoonguss|Rage Powder|p2b: Amoonguss\n|-singleturn|p2b: Amoonguss|move: Rage Powder\n|move|p2a: Terapagos|Tera Starstorm|p1b: Urshifu|[spread] p1a\n|-activate|p1b: Urshifu|move: Protect\n|-damage|p1a: Iron Hands|61\/100 slp\n|\n|upkeep\n|turn|7\n|inactive|ginopollo has 30 seconds left.\n|\n|t:|1737322492\n|move|p2b: Amoonguss|Rage Powder|p2b: Amoonguss\n|-singleturn|p2b: Amoonguss|move: Rage Powder\n|move|p1b: Urshifu|Wicked Blow|p2b: Amoonguss\n|-crit|p2b: Amoonguss\n|-damage|p2b: Amoonguss|45\/100\n|-damage|p1b: Urshifu|0 fnt|[from] item: Rocky Helmet|[of] p2b: Amoonguss\n|faint|p1b: Urshifu\n|move|p2a: Terapagos|Tera Starstorm|p1a: Iron Hands\n|-damage|p1a: Iron Hands|2\/100 slp\n|-curestatus|p1a: Iron Hands|slp|[msg]\n|move|p1a: Iron Hands|Drain Punch|p2b: Amoonguss\n|-resisted|p2b: Amoonguss\n|-damage|p2b: Amoonguss|28\/100\n|-heal|p1a: Iron Hands|10\/100|[from] drain|[of] p2b: Amoonguss\n|-damage|p1a: Iron Hands|0 fnt|[from] item: Rocky Helmet|[of] p2b: Amoonguss\n|faint|p1a: Iron Hands\n|-end|p1a: Iron Hands|Quark Drive|[silent]\n|\n|upkeep\n|\n|t:|1737322508\n|switch|p1b: Lunala|Lunala, L50|100\/100\n|turn|8\n|\n|t:|1737322522\n|move|p1b: Lunala|Moongeist Beam|p2b: Amoonguss\n|-crit|p2b: Amoonguss\n|-damage|p2b: Amoonguss|0 fnt\n|faint|p2b: Amoonguss\n|move|p2a: Terapagos|Calm Mind|p2a: Terapagos\n|-boost|p2a: Terapagos|spa|1\n|-boost|p2a: Terapagos|spd|1\n|\n|upkeep\n|turn|9\n|\n|t:|1737322540\n|move|p1b: Lunala|Moonblast|p2a: Terapagos\n|-damage|p2a: Terapagos|22\/100\n|move|p2a: Terapagos|Tera Starstorm|p1b: Lunala\n|-damage|p1b: Lunala|64\/100\n|\n|-heal|p1b: Lunala|71\/100|[from] item: Leftovers\n|-sideend|p2: tomachovgc|move: Light Screen\n|upkeep\n|turn|10\n|\n|t:|1737322549\n|move|p1b: Lunala|Moonblast|p2a: Terapagos\n|-damage|p2a: Terapagos|11\/100\n|move|p2a: Terapagos|Tera Starstorm|p1b: Lunala\n|-damage|p1b: Lunala|1\/100\n|\n|-heal|p1b: Lunala|8\/100|[from] item: Leftovers\n|upkeep\n|turn|11\n|\n|t:|1737322558\n|-terastallize|p1b: Lunala|Fairy\n|move|p1b: Lunala|Moonblast|p2a: Terapagos\n|-damage|p2a: Terapagos|0 fnt\n|faint|p2a: Terapagos\n|\n|win|ginopollo\n|raw|ginopollo's rating: 1628 &rarr; <strong>1643<\/strong><br \/>(+15 for winning)\n|raw|tomachovgc's rating: 1544 &rarr; <strong>1529<\/strong><br \/>(-15 for losing)\n|l|\u2606tomachovgc\n|player|p2|\n|l|\u2606ginopollo\n|player|p1|\n","uploadtime":1737322733,"views":9,"formatid":"gen9vgc2025regg","rating":1529,"private":0,"password":null}