{"id":"gen9vgc2025regg-2284067062","format":"[Gen 9] VGC 2025 Reg G","players":["tokumeitn","AIM yon1995"],"log":"|j|\u2606tokumeitn\n|j|\u2606AIM yon1995\n|t:|1737302006\n|gametype|doubles\n|player|p1|tokumeitn|265|1615\n|player|p2|AIM yon1995|1|1740\n|teamsize|p1|6\n|teamsize|p2|6\n|gen|9\n|tier|[Gen 9] VGC 2025 Reg G\n|rated|\n|rule|Species Clause: Limit one of each Pok\u00e9mon\n|rule|Item Clause: Limit 1 of each item\n|clearpoke\n|poke|p1|Calyrex-Shadow, L50|\n|poke|p1|Urshifu-*, L50, M|\n|poke|p1|Ogerpon-Hearthflame, L50, F|\n|poke|p1|Incineroar, L50, M|\n|poke|p1|Raging Bolt, L50|\n|poke|p1|Rillaboom, L50, F|\n|poke|p2|Terapagos, L50, M|\n|poke|p2|Smeargle, L50, F|\n|poke|p2|Tornadus, L50, M|\n|poke|p2|Ogerpon-Hearthflame, L50, F|\n|poke|p2|Dondozo, L50, M|\n|poke|p2|Tatsugiri-Stretchy, L50, F|\n|teampreview|4\n|j| VantaGold\n|\n|t:|1737302052\n|start\n|switch|p1a: Ogerpon|Ogerpon-Hearthflame, L50, F|100\/100\n|switch|p1b: Urshifu|Urshifu-Rapid-Strike, L50, M|100\/100\n|switch|p2a: Terapagos|Terapagos, L50, M|100\/100\n|switch|p2b: Smeargle|Smeargle, L50, F|100\/100\n|-activate|p2a: Terapagos|ability: Tera Shift\n|detailschange|p2a: Terapagos|Terapagos-Terastal, L50, M\n|-heal|p2a: Terapagos|100\/100|[silent]\n|-ability|p1a: Ogerpon|Mold Breaker\n|turn|1\n|inactive|Battle timer is ON: inactive players will automatically lose when time's up. (requested by tokumeitn)\n|\n|t:|1737302077\n|-terastallize|p1b: Urshifu|Ghost\n|-terastallize|p2a: Terapagos|Stellar\n|detailschange|p2a: Terapagos|Terapagos-Stellar, L50, M, tera:Stellar\n|-heal|p2a: Terapagos|100\/100|[silent]\n|move|p2b: Smeargle|Fake Out|p1b: Urshifu\n|-immune|p1b: Urshifu\n|move|p1a: Ogerpon|Ivy Cudgel|p2a: Terapagos|[anim] Ivy Cudgel Fire\n|-damage|p2a: Terapagos|66\/100\n|move|p1b: Urshifu|Surging Strikes|p2b: Smeargle\n|-crit|p2b: Smeargle\n|-damage|p2b: Smeargle|56\/100\n|-crit|p2b: Smeargle\n|-damage|p2b: Smeargle|14\/100\n|-crit|p2b: Smeargle\n|-damage|p2b: Smeargle|0 fnt\n|faint|p2b: Smeargle\n|-hitcount|p2: Smeargle|3\n|move|p2a: Terapagos|Tera Starstorm|p1b: Urshifu|[spread] p1a,p1b\n|-supereffective|p1b: Urshifu\n|-damage|p1a: Ogerpon|38\/100\n|-enditem|p1b: Urshifu|Focus Sash\n|-damage|p1b: Urshifu|1\/100\n|\n|upkeep\n|j| Lubro\n|\n|t:|1737302085\n|switch|p2b: Tornadus|Tornadus, L50, M|100\/100\n|turn|2\n|inactive|tokumeitn has 30 seconds left.\n|inactive|tokumeitn has 20 seconds left.\n|\n|t:|1737302120\n|move|p2b: Tornadus|Tailwind|p2b: Tornadus\n|-sidestart|p2: AIM yon1995|move: Tailwind\n|move|p1b: Urshifu|Aqua Jet|p2a: Terapagos\n|-damage|p2a: Terapagos|49\/100\n|move|p2a: Terapagos|Tera Starstorm|p1b: Urshifu|[spread] p1a,p1b\n|-supereffective|p1b: Urshifu\n|-damage|p1a: Ogerpon|0 fnt\n|-damage|p1b: Urshifu|0 fnt\n|faint|p1a: Ogerpon\n|faint|p1b: Urshifu\n|\n|upkeep\n|\n|t:|1737302128\n|switch|p1a: Calyrex|Calyrex-Shadow, L50|100\/100\n|switch|p1b: Raging Bolt|Raging Bolt, L50|100\/100\n|-ability|p1a: Calyrex|As One\n|-ability|p1a: Calyrex|Unnerve\n|-enditem|p1b: Raging Bolt|Booster Energy\n|-activate|p1b: Raging Bolt|ability: Protosynthesis|[fromitem]\n|-start|p1b: Raging Bolt|protosynthesisspa\n|turn|3\n|inactive|AIM yon1995 has 30 seconds left.\n|inactive|AIM yon1995 has 20 seconds left.\n|\n|t:|1737302164\n|move|p1a: Calyrex|Protect|p1a: Calyrex\n|-singleturn|p1a: Calyrex|Protect\n|move|p2b: Tornadus|Bleakwind Storm|p1b: Raging Bolt|[spread] p1b\n|-activate|p1a: Calyrex|move: Protect\n|-resisted|p1b: Raging Bolt\n|-damage|p1b: Raging Bolt|85\/100\n|move|p2a: Terapagos|Tera Starstorm|p1a: Calyrex|[spread] p1b\n|-activate|p1a: Calyrex|move: Protect\n|-damage|p1b: Raging Bolt|22\/100\n|move|p1b: Raging Bolt|Thunderbolt|p2a: Terapagos\n|-damage|p2a: Terapagos|0 fnt\n|faint|p2a: Terapagos\n|\n|upkeep\n|\n|t:|1737302177\n|switch|p2a: Ogerpon|Ogerpon-Hearthflame, L50, F|100\/100\n|-ability|p2a: Ogerpon|Mold Breaker\n|turn|4\n|inactive|AIM yon1995 has 30 seconds left.\n|inactive|AIM yon1995 has 20 seconds left.\n|inactive|AIM yon1995 has 15 seconds left.\n|\n|t:|1737302221\n|move|p2b: Tornadus|Protect|p2b: Tornadus\n|-singleturn|p2b: Tornadus|Protect\n|move|p1b: Raging Bolt|Thunderclap||[still]\n|-fail|p1b: Raging Bolt\n|move|p2a: Ogerpon|Ivy Cudgel|p1b: Raging Bolt|[anim] Ivy Cudgel Fire\n|-resisted|p1b: Raging Bolt\n|-damage|p1b: Raging Bolt|0 fnt\n|faint|p1b: Raging Bolt\n|-end|p1b: Raging Bolt|Protosynthesis|[silent]\n|move|p1a: Calyrex|Astral Barrage|p2a: Ogerpon|[spread] p2a\n|-activate|p2b: Tornadus|move: Protect\n|-damage|p2a: Ogerpon|36\/100\n|\n|upkeep\n|turn|5\n|inactive|AIM yon1995 has 30 seconds left.\n|\n|t:|1737302256\n|move|p2a: Ogerpon|Spiky Shield|p2a: Ogerpon\n|-singleturn|p2a: Ogerpon|move: Protect\n|move|p2b: Tornadus|Bleakwind Storm|p1a: Calyrex|[miss]\n|-miss|p2b: Tornadus|p1a: Calyrex\n|move|p1a: Calyrex|Astral Barrage|p2a: Ogerpon|[spread] p2b\n|-activate|p2a: Ogerpon|move: Protect\n|-damage|p2b: Tornadus|27\/100\n|\n|-sideend|p2: AIM yon1995|move: Tailwind\n|upkeep\n|turn|6\n|\n|t:|1737302269\n|move|p2b: Tornadus|Tailwind|p2b: Tornadus\n|-sidestart|p2: AIM yon1995|move: Tailwind\n|move|p2a: Ogerpon|Ivy Cudgel|p1a: Calyrex|[anim] Ivy Cudgel Fire\n|-damage|p1a: Calyrex|22\/100\n|move|p1a: Calyrex|Astral Barrage|p2b: Tornadus|[spread] p2a,p2b\n|-damage|p2a: Ogerpon|0 fnt\n|-damage|p2b: Tornadus|0 fnt\n|faint|p2a: Ogerpon\n|faint|p2b: Tornadus\n|\n|win|tokumeitn\n|raw|tokumeitn's rating: 1615 &rarr; <strong>1642<\/strong><br \/>(+27 for winning)\n|raw|AIM yon1995's rating: 1740 &rarr; <strong>1713<\/strong><br \/>(-27 for losing)\n|l|\u2606AIM yon1995\n|player|p2|\n|l|\u2606tokumeitn\n|player|p1|\n|l| VantaGold\n","uploadtime":1737302501,"views":53,"formatid":"gen9vgc2025regg","rating":1642,"private":0,"password":null}