{"id":"gen9vgc2025regg-2284789825","format":"[Gen 9] VGC 2025 Reg G","players":["Slackermaru","simReaper"],"log":"|j|\u2606Slackermaru\n|j|\u2606simReaper\n|t:|1737398494\n|gametype|doubles\n|player|p1|Slackermaru|workerice|1547\n|player|p2|simReaper|shadowtriad|1570\n|teamsize|p1|6\n|teamsize|p2|6\n|gen|9\n|tier|[Gen 9] VGC 2025 Reg G\n|rated|\n|rule|Species Clause: Limit one of each Pok\u00e9mon\n|rule|Item Clause: Limit 1 of each item\n|clearpoke\n|poke|p1|Calyrex-Ice, L50|\n|poke|p1|Raging Bolt, L50|\n|poke|p1|Urshifu-*, L50, M|\n|poke|p1|Landorus, L50, M|\n|poke|p1|Incineroar, L50, F|\n|poke|p1|Amoonguss, L50, F|\n|poke|p2|Annihilape, L50, M|\n|poke|p2|Whimsicott, L50, M|\n|poke|p2|Archaludon, L50, M|\n|poke|p2|Amoonguss, L50, M|\n|poke|p2|Kyogre, L50|\n|poke|p2|Grimmsnarl, L50, M|\n|teampreview|4\n|inactive|Battle timer is ON: inactive players will automatically lose when time's up. (requested by simReaper)\n|\n|t:|1737398526\n|start\n|switch|p1a: Raging Bolt|Raging Bolt, L50|100\/100\n|switch|p1b: Urshifu|Urshifu, L50, M|100\/100\n|switch|p2a: Annihilape|Annihilape, L50, M, shiny|100\/100\n|switch|p2b: Whimsicott|Whimsicott, L50, M, shiny|100\/100\n|turn|1\n|inactive|simReaper has 30 seconds left.\n|inactive|simReaper has 20 seconds left.\n|inactive|simReaper has 15 seconds left.\n|inactive|simReaper has 10 seconds left.\n|inactive|simReaper has 5 seconds left.\n|\n|t:|1737398581\n|move|p1b: Urshifu|Detect|p1b: Urshifu\n|-singleturn|p1b: Urshifu|Protect\n|move|p2b: Whimsicott|Beat Up|p1b: Urshifu\n|-activate|p1b: Urshifu|move: Protect\n|move|p2a: Annihilape|Drain Punch|p1a: Raging Bolt\n|-damage|p1a: Raging Bolt|72\/100\n|move|p1a: Raging Bolt|Volt Switch|p2a: Annihilape\n|-damage|p2a: Annihilape|67\/100\n|\n|t:|1737398590\n|-end|p1a: Raging Bolt|Protosynthesis|[silent]\n|switch|p1a: Calyrex|Calyrex-Ice, L50|100\/100|[from] Volt Switch\n|-ability|p1a: Calyrex|As One\n|-ability|p1a: Calyrex|Unnerve\n|\n|-heal|p2a: Annihilape|73\/100|[from] item: Leftovers\n|upkeep\n|turn|2\n|inactive|simReaper has 30 seconds left.\n|inactive|simReaper has 20 seconds left.\n|j| SuN0nPls\n|inactive|Slackermaru has 30 seconds left.\n|inactive|simReaper has 15 seconds left.\n|inactive|simReaper has 10 seconds left.\n|inactive|simReaper has 5 seconds left.\n|\n|t:|1737398645\n|switch|p1b: Amoonguss|Amoonguss, L50, F|100\/100\n|-terastallize|p1a: Calyrex|Fairy\n|move|p2b: Whimsicott|Beat Up|p1b: Amoonguss\n|-damage|p1b: Amoonguss|98\/100\n|-damage|p1b: Amoonguss|96\/100\n|-damage|p1b: Amoonguss|94\/100\n|-damage|p1b: Amoonguss|92\/100\n|-hitcount|p1b: Amoonguss|4\n|move|p2a: Annihilape|Drain Punch|p1a: Calyrex\n|-resisted|p1a: Calyrex\n|-damage|p1a: Calyrex|88\/100\n|-heal|p2a: Annihilape|79\/100|[from] drain|[of] p1a: Calyrex\n|move|p1a: Calyrex|Trick Room|p1a: Calyrex\n|-fieldstart|move: Trick Room|[of] p1a: Calyrex\n|\n|-heal|p2a: Annihilape|86\/100|[from] item: Leftovers\n|upkeep\n|turn|3\n|inactive|simReaper has 30 seconds left.\n|inactive|simReaper has 20 seconds left.\n|inactive|simReaper has 15 seconds left.\n|\n|t:|1737398688\n|move|p2a: Annihilape|Protect|p2a: Annihilape\n|-singleturn|p2a: Annihilape|Protect\n|move|p2b: Whimsicott|Encore|p1a: Calyrex\n|-start|p1a: Calyrex|Encore\n|move|p1b: Amoonguss|Spore|p2a: Annihilape\n|-activate|p2a: Annihilape|move: Protect\n|move|p1a: Calyrex|Trick Room|p1a: Calyrex\n|-fieldend|move: Trick Room\n|\n|-heal|p2a: Annihilape|92\/100|[from] item: Leftovers\n|upkeep\n|turn|4\n|c|\u2606simReaper|sorry im back\n|\n|t:|1737398706\n|move|p2b: Whimsicott|Beat Up|p2a: Annihilape\n|-damage|p2a: Annihilape|89\/100\n|-damage|p2a: Annihilape|87\/100\n|-damage|p2a: Annihilape|84\/100\n|-damage|p2a: Annihilape|81\/100\n|-hitcount|p2a: Annihilape|4\n|move|p2a: Annihilape|Rage Fist|p1b: Amoonguss\n|-damage|p1b: Amoonguss|0 fnt\n|faint|p1b: Amoonguss\n|move|p1a: Calyrex|Trick Room|p1a: Calyrex\n|-fieldstart|move: Trick Room|[of] p1a: Calyrex\n|\n|-heal|p2a: Annihilape|88\/100|[from] item: Leftovers\n|upkeep\n|\n|t:|1737398718\n|switch|p1b: Urshifu|Urshifu, L50, M|100\/100\n|turn|5\n|j| Beniocalvao\n|\n|t:|1737398733\n|switch|p1a: Raging Bolt|Raging Bolt, L50|72\/100\n|move|p2a: Annihilape|Rage Fist|p1a: Raging Bolt\n|-damage|p1a: Raging Bolt|0 fnt\n|faint|p1a: Raging Bolt\n|-end|p1a: Raging Bolt|Protosynthesis|[silent]\n|move|p1b: Urshifu|Wicked Blow|p2a: Annihilape\n|-crit|p2a: Annihilape\n|-damage|p2a: Annihilape|18\/100\n|move|p2b: Whimsicott|Moonblast|p1b: Urshifu\n|-supereffective|p1b: Urshifu\n|-enditem|p1b: Urshifu|Focus Sash\n|-damage|p1b: Urshifu|1\/100\n|-unboost|p1b: Urshifu|spa|1\n|\n|-heal|p2a: Annihilape|25\/100|[from] item: Leftovers\n|upkeep\n|\n|t:|1737398747\n|switch|p1a: Calyrex|Calyrex-Ice, L50, tera:Fairy|88\/100\n|-ability|p1a: Calyrex|As One\n|-ability|p1a: Calyrex|Unnerve\n|turn|6\n|\n|t:|1737398759\n|move|p2a: Annihilape|Protect|p2a: Annihilape\n|-singleturn|p2a: Annihilape|Protect\n|move|p1a: Calyrex|Glacial Lance|p2b: Whimsicott|[spread] p2b\n|-activate|p2a: Annihilape|move: Protect\n|-supereffective|p2b: Whimsicott\n|-enditem|p2b: Whimsicott|Focus Sash\n|-damage|p2b: Whimsicott|1\/100\n|move|p1b: Urshifu|Wicked Blow|p2a: Annihilape\n|-crit|p2a: Annihilape\n|-damage|p2a: Annihilape|0 fnt\n|faint|p2a: Annihilape\n|move|p2b: Whimsicott|Moonblast|p1b: Urshifu\n|-supereffective|p1b: Urshifu\n|-damage|p1b: Urshifu|0 fnt\n|faint|p1b: Urshifu\n|\n|upkeep\n|\n|t:|1737398777\n|switch|p2a: Kyogre|Kyogre, L50, shiny|100\/100\n|-weather|RainDance|[from] ability: Drizzle|[of] p2a: Kyogre\n|turn|7\n|-message|Slackermaru forfeited.\n|\n|win|simReaper\n|raw|Slackermaru's rating: 1547 &rarr; <strong>1528<\/strong><br \/>(-19 for losing)\n|raw|simReaper's rating: 1570 &rarr; <strong>1589<\/strong><br \/>(+19 for winning)\n|l|\u2606Slackermaru\n|player|p1|\n|l|\u2606simReaper\n|player|p2|\n|l| Beniocalvao\n|l| SuN0nPls\n","uploadtime":1737398993,"views":10,"formatid":"gen9vgc2025regg","rating":1528,"private":0,"password":null}