{"id":"gen9vgc2025regg-2284006034","format":"[Gen 9] VGC 2025 Reg G","players":["Mojoe93","Beccca"],"log":"|j|\u2606Mojoe93\n|j|\u2606Beccca\n|t:|1737293133\n|gametype|doubles\n|player|p1|Mojoe93|266|1613\n|player|p2|Beccca|169|1656\n|teamsize|p1|6\n|teamsize|p2|6\n|gen|9\n|tier|[Gen 9] VGC 2025 Reg G\n|rated|\n|rule|Species Clause: Limit one of each Pok\u00e9mon\n|rule|Item Clause: Limit 1 of each item\n|clearpoke\n|poke|p1|Indeedee-F, L50, F|\n|poke|p1|Calyrex-Shadow, L50|\n|poke|p1|Urshifu-*, L50, F|\n|poke|p1|Landorus, L50, M|\n|poke|p1|Raging Bolt, L50|\n|poke|p1|Incineroar, L50, F|\n|poke|p2|Calyrex-Shadow, L50|\n|poke|p2|Flutter Mane, L50|\n|poke|p2|Chi-Yu, L50|\n|poke|p2|Tornadus, L50, M|\n|poke|p2|Ogerpon-Cornerstone, L50, F|\n|poke|p2|Amoonguss, L50, M|\n|teampreview|4\n|\n|t:|1737293164\n|start\n|switch|p1a: Landorus|Landorus, L50, M|100\/100\n|switch|p1b: Incineroar|Incineroar, L50, F|100\/100\n|switch|p2a: Tornadus|Tornadus, L50, M|100\/100\n|switch|p2b: Chi-Yu|Chi-Yu, L50|100\/100\n|-ability|p2b: Chi-Yu|Beads of Ruin\n|-ability|p1b: Incineroar|Intimidate|boost\n|-unboost|p2a: Tornadus|atk|1\n|-unboost|p2b: Chi-Yu|atk|1\n|turn|1\n|j| Therazer456\n|\n|t:|1737293197\n|-terastallize|p2b: Chi-Yu|Ghost\n|move|p2a: Tornadus|Sunny Day|p2a: Tornadus\n|-weather|SunnyDay\n|move|p1a: Landorus|Earth Power|p2b: Chi-Yu\n|-damage|p2b: Chi-Yu|24\/100\n|move|p2b: Chi-Yu|Heat Wave|p1b: Incineroar|[spread] p1a,p1b\n|-resisted|p1b: Incineroar\n|-damage|p1a: Landorus|0 fnt\n|-damage|p1b: Incineroar|72\/100\n|faint|p1a: Landorus\n|move|p1b: Incineroar|Knock Off|p2a: Tornadus\n|-damage|p2a: Tornadus|47\/100\n|-enditem|p2a: Tornadus|Covert Cloak|[from] move: Knock Off|[of] p1b: Incineroar\n|\n|-weather|SunnyDay|[upkeep]\n|upkeep\n|inactive|Battle timer is ON: inactive players will automatically lose when time's up. (requested by Beccca)\n|\n|t:|1737293212\n|switch|p1a: Calyrex|Calyrex-Shadow, L50|100\/100\n|-ability|p1a: Calyrex|As One\n|-ability|p1a: Calyrex|Unnerve\n|turn|2\n|\n|t:|1737293220\n|move|p1a: Calyrex|Protect|p1a: Calyrex\n|-singleturn|p1a: Calyrex|Protect\n|move|p2a: Tornadus|Tailwind|p2a: Tornadus\n|-sidestart|p2: Beccca|move: Tailwind\n|move|p2b: Chi-Yu|Heat Wave|p1b: Incineroar|[spread] p1b\n|-activate|p1a: Calyrex|move: Protect\n|-resisted|p1b: Incineroar\n|-damage|p1b: Incineroar|45\/100\n|move|p1b: Incineroar|Knock Off|p2b: Chi-Yu\n|-supereffective|p2b: Chi-Yu\n|-damage|p2b: Chi-Yu|0 fnt\n|-enditem|p2b: Chi-Yu|Choice Scarf|[from] move: Knock Off|[of] p1b: Incineroar\n|faint|p2b: Chi-Yu\n|\n|-weather|SunnyDay|[upkeep]\n|upkeep\n|\n|t:|1737293233\n|switch|p2b: Flutter Mane|Flutter Mane, L50|100\/100\n|-activate|p2b: Flutter Mane|ability: Protosynthesis\n|-start|p2b: Flutter Mane|protosynthesisspe\n|turn|3\n|\n|t:|1737293254\n|-terastallize|p1a: Calyrex|Water\n|move|p2b: Flutter Mane|Dazzling Gleam|p1a: Calyrex|[spread] p1a,p1b\n|-damage|p1a: Calyrex|61\/100\n|-damage|p1b: Incineroar|18\/100\n|move|p2a: Tornadus|Bleakwind Storm|p1b: Incineroar|[spread] p1b\n|-miss|p2a: Tornadus|p1a: Calyrex\n|-damage|p1b: Incineroar|0 fnt\n|faint|p1b: Incineroar\n|move|p1a: Calyrex|Astral Barrage|p2b: Flutter Mane|[spread] p2a,p2b\n|-supereffective|p2b: Flutter Mane\n|-damage|p2a: Tornadus|0 fnt\n|-damage|p2b: Flutter Mane|0 fnt\n|faint|p2a: Tornadus\n|faint|p2b: Flutter Mane\n|-end|p2b: Flutter Mane|Protosynthesis|[silent]\n|-ability|p1a: Calyrex|Grim Neigh|boost\n|-boost|p1a: Calyrex|spa|2\n|-damage|p1a: Calyrex|51\/100|[from] item: Life Orb\n|\n|-weather|SunnyDay|[upkeep]\n|upkeep\n|\n|t:|1737293272\n|switch|p2b: Calyrex|Calyrex-Shadow, L50|100\/100\n|switch|p1b: Indeedee|Indeedee-F, L50, F|100\/100\n|-ability|p2b: Calyrex|As One\n|-ability|p2b: Calyrex|Unnerve\n|-fieldstart|move: Psychic Terrain|[from] ability: Psychic Surge|[of] p1b: Indeedee\n|turn|4\n|\n|t:|1737293289\n|move|p1a: Calyrex|Protect|p1a: Calyrex\n|-singleturn|p1a: Calyrex|Protect\n|move|p2b: Calyrex|Astral Barrage|p1a: Calyrex|[spread] \n|-activate|p1a: Calyrex|move: Protect\n|-immune|p1b: Indeedee\n|move|p1b: Indeedee|Psychic|p2b: Calyrex\n|-resisted|p2b: Calyrex\n|-damage|p2b: Calyrex|81\/100\n|\n|-weather|SunnyDay|[upkeep]\n|upkeep\n|turn|5\n|\n|t:|1737293310\n|move|p2b: Calyrex|Astral Barrage|p1b: Indeedee|[spread] p1a\n|-immune|p1b: Indeedee\n|-damage|p1a: Calyrex|0 fnt\n|faint|p1a: Calyrex\n|-ability|p2b: Calyrex|Grim Neigh|boost\n|-boost|p2b: Calyrex|spa|1\n|-damage|p2b: Calyrex|71\/100|[from] item: Life Orb\n|move|p1b: Indeedee|Psychic|p2b: Calyrex\n|-resisted|p2b: Calyrex\n|-damage|p2b: Calyrex|54\/100\n|\n|-weather|none\n|-sideend|p2: Beccca|move: Tailwind\n|upkeep\n|turn|6\n|\n|t:|1737293327\n|move|p2b: Calyrex|Psychic|p1b: Indeedee\n|-resisted|p1b: Indeedee\n|-damage|p1b: Indeedee|34\/100\n|-damage|p2b: Calyrex|44\/100|[from] item: Life Orb\n|move|p1b: Indeedee|Psychic|p2b: Calyrex\n|-resisted|p2b: Calyrex\n|-damage|p2b: Calyrex|26\/100\n|\n|upkeep\n|turn|7\n|\n|t:|1737293336\n|move|p2b: Calyrex|Psychic|p1b: Indeedee\n|-resisted|p1b: Indeedee\n|-damage|p1b: Indeedee|0 fnt\n|faint|p1b: Indeedee\n|-damage|p2b: Calyrex|16\/100|[from] item: Life Orb\n|\n|win|Beccca\n|raw|Mojoe93's rating: 1613 &rarr; <strong>1595<\/strong><br \/>(-18 for losing)\n|raw|Beccca's rating: 1656 &rarr; <strong>1674<\/strong><br \/>(+18 for winning)\n|l|\u2606Mojoe93\n|player|p1|\n|l|\u2606Beccca\n|player|p2|\n","uploadtime":1737293515,"views":17,"formatid":"gen9vgc2025regg","rating":1595,"private":0,"password":null}