{"id":"gen9vgc2025regg-2284037150","format":"[Gen 9] VGC 2025 Reg G","players":["imstuckat1300","superduce2"],"log":"|j|\u2606imstuckat1300\n|j|\u2606superduce2\n|t:|1737297921\n|gametype|doubles\n|player|p1|imstuckat1300|blue|1540\n|player|p2|superduce2|102|1636\n|teamsize|p1|6\n|teamsize|p2|6\n|gen|9\n|tier|[Gen 9] VGC 2025 Reg G\n|rated|\n|rule|Species Clause: Limit one of each Pok\u00e9mon\n|rule|Item Clause: Limit 1 of each item\n|clearpoke\n|poke|p1|Tornadus, L50, M|\n|poke|p1|Farigiraf, L50, M|\n|poke|p1|Calyrex-Shadow, L50|\n|poke|p1|Rillaboom, L50, F|\n|poke|p1|Urshifu-*, L50, M|\n|poke|p1|Chi-Yu, L50|\n|poke|p2|Chi-Yu, L50|\n|poke|p2|Gholdengo, L50|\n|poke|p2|Miraidon, L50|\n|poke|p2|Tatsugiri-Droopy, L50, M|\n|poke|p2|Dondozo, L50, M|\n|poke|p2|Urshifu-*, L50, F|\n|teampreview|4\n|\n|t:|1737297962\n|start\n|switch|p1a: Chi-Yu|Chi-Yu, L50|100\/100\n|switch|p1b: Weather Report|Tornadus, L50, M|100\/100\n|switch|p2a: Chi-Yu|Chi-Yu, L50|100\/100\n|switch|p2b: Miraidon|Miraidon, L50|100\/100\n|-ability|p1a: Chi-Yu|Beads of Ruin\n|-fieldstart|move: Electric Terrain|[from] ability: Hadron Engine|[of] p2b: Miraidon\n|-ability|p2a: Chi-Yu|Beads of Ruin\n|turn|1\n|\n|t:|1737297979\n|-terastallize|p1a: Chi-Yu|Ground\n|move|p1b: Weather Report|Rain Dance|p1b: Weather Report\n|-weather|RainDance\n|move|p1a: Chi-Yu|Tera Blast|p2b: Miraidon|[anim] Tera Blast Ground\n|-supereffective|p2b: Miraidon\n|-damage|p2b: Miraidon|35\/100\n|move|p2b: Miraidon|Volt Switch|p1a: Chi-Yu\n|-immune|p1a: Chi-Yu\n|move|p2a: Chi-Yu|Heat Wave|p1b: Weather Report|[spread] p1a,p1b\n|-crit|p1b: Weather Report\n|-damage|p1a: Chi-Yu|78\/100\n|-damage|p1b: Weather Report|56\/100\n|-status|p1a: Chi-Yu|brn\n|\n|-weather|RainDance|[upkeep]\n|-damage|p1a: Chi-Yu|71\/100 brn|[from] brn\n|upkeep\n|turn|2\n|\n|t:|1737298011\n|switch|p2b: Dondozo|Dondozo, L50, M|100\/100\n|move|p1b: Weather Report|Tailwind|p1b: Weather Report\n|-sidestart|p1: imstuckat1300|move: Tailwind\n|move|p1a: Chi-Yu|Tera Blast|p2b: Dondozo|[anim] Tera Blast Ground\n|-damage|p2b: Dondozo|47\/100\n|move|p2a: Chi-Yu|Dark Pulse|p1a: Chi-Yu\n|-damage|p1a: Chi-Yu|17\/100 brn\n|\n|-weather|RainDance|[upkeep]\n|-heal|p2b: Dondozo|53\/100|[from] item: Leftovers\n|-damage|p1a: Chi-Yu|10\/100 brn|[from] brn\n|upkeep\n|turn|3\n|\n|t:|1737298031\n|move|p2b: Dondozo|Protect|p2b: Dondozo\n|-singleturn|p2b: Dondozo|Protect\n|move|p1a: Chi-Yu|Tera Blast|p2a: Chi-Yu|[anim] Tera Blast Ground\n|-supereffective|p2a: Chi-Yu\n|-enditem|p2a: Chi-Yu|Focus Sash\n|-damage|p2a: Chi-Yu|1\/100\n|move|p1b: Weather Report|Bleakwind Storm|p2b: Dondozo|[spread] p2a\n|-activate|p2b: Dondozo|move: Protect\n|-damage|p2a: Chi-Yu|0 fnt\n|faint|p2a: Chi-Yu\n|\n|-weather|RainDance|[upkeep]\n|-heal|p2b: Dondozo|59\/100|[from] item: Leftovers\n|-damage|p1a: Chi-Yu|4\/100 brn|[from] brn\n|upkeep\n|\n|t:|1737298048\n|switch|p2a: Tatsugiri|Tatsugiri-Droopy, L50, M, shiny|100\/100\n|-activate|p2a: Tatsugiri|ability: Commander|[of] p2b: Dondozo\n|-boost|p2b: Dondozo|atk|2\n|-boost|p2b: Dondozo|spa|2\n|-boost|p2b: Dondozo|spe|2\n|-boost|p2b: Dondozo|def|2\n|-boost|p2b: Dondozo|spd|2\n|turn|4\n|\n|t:|1737298063\n|move|p1b: Weather Report|Taunt|p2b: Dondozo\n|-start|p2b: Dondozo|move: Taunt\n|move|p1a: Chi-Yu|Tera Blast|p2b: Dondozo|[anim] Tera Blast Ground\n|-damage|p2b: Dondozo|33\/100\n|move|p2b: Dondozo|Order Up|p1b: Weather Report\n|-damage|p1b: Weather Report|8\/100\n|-boost|p2b: Dondozo|def|1\n|\n|-weather|RainDance|[upkeep]\n|-heal|p2b: Dondozo|39\/100|[from] item: Leftovers\n|-damage|p1a: Chi-Yu|0 fnt|[from] brn\n|faint|p1a: Chi-Yu\n|upkeep\n|\n|t:|1737298071\n|switch|p1a: Made In Heaven|Calyrex-Shadow, L50|100\/100\n|-ability|p1a: Made In Heaven|As One\n|-ability|p1a: Made In Heaven|Unnerve\n|turn|5\n|\n|t:|1737298089\n|move|p1a: Made In Heaven|Astral Barrage|p2a: Tatsugiri|[spread] p2b\n|-miss|p1a: Made In Heaven|p2a: Tatsugiri\n|-damage|p2b: Dondozo|8\/100\n|-damage|p1a: Made In Heaven|91\/100|[from] item: Life Orb\n|move|p1b: Weather Report|Bleakwind Storm|p2a: Tatsugiri|[spread] p2b\n|-miss|p1b: Weather Report|p2a: Tatsugiri\n|-damage|p2b: Dondozo|0 fnt\n|faint|p2b: Dondozo\n|\n|-weather|none\n|-sideend|p1: imstuckat1300|move: Tailwind\n|-fieldend|move: Electric Terrain\n|upkeep\n|inactive|Battle timer is ON: inactive players will automatically lose when time's up. (requested by imstuckat1300)\n|\n|t:|1737298101\n|switch|p2b: Miraidon|Miraidon, L50|35\/100\n|-fieldstart|move: Electric Terrain|[from] ability: Hadron Engine|[of] p2b: Miraidon\n|turn|6\n|\n|t:|1737298115\n|-terastallize|p2b: Miraidon|Fairy\n|move|p1b: Weather Report|Tailwind|p1b: Weather Report\n|-sidestart|p1: imstuckat1300|move: Tailwind\n|move|p1a: Made In Heaven|Astral Barrage|p2a: Tatsugiri|[spread] p2a,p2b\n|-damage|p2a: Tatsugiri|22\/100\n|-damage|p2b: Miraidon|0 fnt\n|faint|p2b: Miraidon\n|-ability|p1a: Made In Heaven|Grim Neigh|boost\n|-boost|p1a: Made In Heaven|spa|1\n|-damage|p1a: Made In Heaven|82\/100|[from] item: Life Orb\n|move|p2a: Tatsugiri|Muddy Water|p1a: Made In Heaven|[spread] p1a,p1b\n|-damage|p1a: Made In Heaven|44\/100\n|-damage|p1b: Weather Report|0 fnt\n|faint|p1b: Weather Report\n|\n|upkeep\n|\n|t:|1737298125\n|switch|p1b: Rillaboom|Rillaboom, L50, F|100\/100\n|-fieldstart|move: Grassy Terrain|[from] ability: Grassy Surge|[of] p1b: Rillaboom\n|turn|7\n|-message|superduce2 forfeited.\n|\n|win|imstuckat1300\n|raw|imstuckat1300's rating: 1540 &rarr; <strong>1565<\/strong><br \/>(+25 for winning)\n|raw|superduce2's rating: 1636 &rarr; <strong>1611<\/strong><br \/>(-25 for losing)\n|l|\u2606superduce2\n|player|p2|\n|l|\u2606imstuckat1300\n|player|p1|\n","uploadtime":1737298350,"views":9,"formatid":"gen9vgc2025regg","rating":1565,"private":0,"password":null}