{"id":"gen9vgc2025regg-2284236912","format":"[Gen 9] VGC 2025 Reg G","players":["roykeenkennedy","vincy18"],"log":"|j|\u2606roykeenkennedy\n|j|\u2606vincy18\n|t:|1737321643\n|gametype|doubles\n|player|p1|roykeenkennedy|alder|1555\n|player|p2|vincy18|will|1588\n|teamsize|p1|6\n|teamsize|p2|6\n|gen|9\n|tier|[Gen 9] VGC 2025 Reg G\n|rated|\n|rule|Species Clause: Limit one of each Pok\u00e9mon\n|rule|Item Clause: Limit 1 of each item\n|clearpoke\n|poke|p1|Koraidon, L50|\n|poke|p1|Scream Tail, L50|\n|poke|p1|Lilligant-Hisui, L50, F|\n|poke|p1|Torkoal, L50, F|\n|poke|p1|Raging Bolt, L50|\n|poke|p1|Walking Wake, L50|\n|poke|p2|Zamazenta-*, L50|\n|poke|p2|Chien-Pao, L50|\n|poke|p2|Flutter Mane, L50|\n|poke|p2|Chi-Yu, L50|\n|poke|p2|Amoonguss, L50, M|\n|poke|p2|Raging Bolt, L50|\n|teampreview|4\nvincy18 has agreed to open team sheets.\n|inactive|Battle timer is ON: inactive players will automatically lose when time's up. (requested by roykeenkennedy)\n|\n|t:|1737321693\n|start\n|switch|p1a: Koraidon|Koraidon, L50|100\/100\n|switch|p1b: Raging Bolt|Raging Bolt, L50|100\/100\n|switch|p2a: Zamazenta|Zamazenta-Crowned, L50|100\/100\n|switch|p2b: Flutter Mane|Flutter Mane, L50|100\/100\n|-ability|p2a: Zamazenta|Dauntless Shield|boost\n|-boost|p2a: Zamazenta|def|1\n|-weather|SunnyDay|[from] ability: Orichalcum Pulse|[of] p1a: Koraidon\n|-activate|p2b: Flutter Mane|ability: Protosynthesis\n|-start|p2b: Flutter Mane|protosynthesisspe\n|-activate|p1b: Raging Bolt|ability: Protosynthesis\n|-start|p1b: Raging Bolt|protosynthesisspa\n|-activate|p1a: Koraidon|Orichalcum Pulse|[source]\n|turn|1\n|\n|t:|1737321717\n|-terastallize|p2a: Zamazenta|Dragon\n|-terastallize|p1b: Raging Bolt|Electric\n|move|p1b: Raging Bolt|Thunderclap|p2b: Flutter Mane\n|-damage|p2b: Flutter Mane|16\/100\n|-damage|p1b: Raging Bolt|91\/100|[from] item: Life Orb\n|move|p2b: Flutter Mane|Moonblast|p1b: Raging Bolt\n|-damage|p1b: Raging Bolt|56\/100\n|move|p2a: Zamazenta|Iron Defense|p2a: Zamazenta\n|-boost|p2a: Zamazenta|def|2\n|move|p1a: Koraidon|Flame Charge|p2a: Zamazenta\n|-resisted|p2a: Zamazenta\n|-damage|p2a: Zamazenta|95\/100\n|-boost|p1a: Koraidon|spe|1\n|\n|-weather|SunnyDay|[upkeep]\n|upkeep\n|turn|2\n|j| EllAkuro\n|inactive|roykeenkennedy has 30 seconds left.\n|inactive|roykeenkennedy has 20 seconds left.\n|inactive|roykeenkennedy has 15 seconds left.\n|\n|t:|1737321759\n|switch|p1a: Scream Tail|Scream Tail, L50|100\/100\n|-activate|p1a: Scream Tail|ability: Protosynthesis\n|-start|p1a: Scream Tail|protosynthesisspe\n|move|p2b: Flutter Mane|Protect|p2b: Flutter Mane\n|-singleturn|p2b: Flutter Mane|Protect\n|move|p1b: Raging Bolt|Protect|p1b: Raging Bolt\n|-singleturn|p1b: Raging Bolt|Protect\n|move|p2a: Zamazenta|Body Press|p1b: Raging Bolt\n|-activate|p1b: Raging Bolt|move: Protect\n|\n|-weather|SunnyDay|[upkeep]\n|upkeep\n|turn|3\n|\n|t:|1737321778\n|move|p1b: Raging Bolt|Thunderclap|p2b: Flutter Mane\n|-damage|p2b: Flutter Mane|0 fnt\n|faint|p2b: Flutter Mane\n|-end|p2b: Flutter Mane|Protosynthesis|[silent]\n|-damage|p1b: Raging Bolt|46\/100|[from] item: Life Orb\n|move|p1a: Scream Tail|Disable|p2a: Zamazenta\n|-start|p2a: Zamazenta|Disable|Body Press\n|cant|p2a: Zamazenta|Disable|Body Press\n|\n|-weather|SunnyDay|[upkeep]\n|upkeep\n|\n|t:|1737321788\n|switch|p2b: Chien-Pao|Chien-Pao, L50|100\/100\n|-ability|p2b: Chien-Pao|Sword of Ruin\n|turn|4\n|\n|t:|1737321799\n|move|p1b: Raging Bolt|Protect|p1b: Raging Bolt\n|-singleturn|p1b: Raging Bolt|Protect\n|move|p1a: Scream Tail|Rock Tomb|p2b: Chien-Pao\n|-supereffective|p2b: Chien-Pao\n|-damage|p2b: Chien-Pao|74\/100\n|-unboost|p2b: Chien-Pao|spe|1\n|move|p2a: Zamazenta|Heavy Slam|p1a: Scream Tail\n|-supereffective|p1a: Scream Tail\n|-damage|p1a: Scream Tail|0 fnt\n|faint|p1a: Scream Tail\n|-end|p1a: Scream Tail|Protosynthesis|[silent]\n|move|p2b: Chien-Pao|Ice Spinner|p1b: Raging Bolt\n|-activate|p1b: Raging Bolt|move: Protect\n|\n|-weather|SunnyDay|[upkeep]\n|upkeep\n|\n|t:|1737321819\n|switch|p1a: Koraidon|Koraidon, L50|100\/100\n|-activate|p1a: Koraidon|ability: Orichalcum Pulse\n|turn|5\n|\n|t:|1737321838\n|move|p2b: Chien-Pao|Sucker Punch|p1b: Raging Bolt\n|-damage|p1b: Raging Bolt|6\/100\n|move|p2a: Zamazenta|Heavy Slam|p1b: Raging Bolt\n|-resisted|p1b: Raging Bolt\n|-damage|p1b: Raging Bolt|0 fnt\n|faint|p1b: Raging Bolt\n|-end|p1b: Raging Bolt|Protosynthesis|[silent]\n|move|p1a: Koraidon|Flame Charge|p2b: Chien-Pao\n|-supereffective|p2b: Chien-Pao\n|-damage|p2b: Chien-Pao|0 fnt\n|-boost|p1a: Koraidon|spe|1\n|faint|p2b: Chien-Pao\n|\n|-weather|none\n|upkeep\n|\n|t:|1737321853\n|switch|p2b: Raging Bolt|Raging Bolt, L50|100\/100\n|switch|p1b: Lilligant|Lilligant-Hisui, L50, F|100\/100\n|turn|6\n|j| pauboosch\n|\n|t:|1737321873\n|move|p1a: Koraidon|Collision Course|p2b: Raging Bolt\n|-damage|p2b: Raging Bolt|56\/100\n|move|p2a: Zamazenta|Heavy Slam|p1b: Lilligant\n|-damage|p1b: Lilligant|20\/100\n|move|p1b: Lilligant|Sleep Powder|p2a: Zamazenta|[miss]\n|-miss|p1b: Lilligant|p2a: Zamazenta\n|move|p2b: Raging Bolt|Thunderbolt|p1b: Lilligant\n|-resisted|p1b: Lilligant\n|-damage|p1b: Lilligant|0 fnt\n|faint|p1b: Lilligant\n|\n|-end|p2a: Zamazenta|Disable\n|upkeep\n|turn|7\n|-message|roykeenkennedy forfeited.\n|\n|win|vincy18\n|raw|roykeenkennedy's rating: 1555 &rarr; <strong>1537<\/strong><br \/>(-18 for losing)\n|raw|vincy18's rating: 1588 &rarr; <strong>1606<\/strong><br \/>(+18 for winning)\n|l|\u2606roykeenkennedy\n|player|p1|\n|l| EllAkuro\n","uploadtime":1737322046,"views":9,"formatid":"gen9vgc2025regg","rating":1537,"private":0,"password":null}