{"id":"gen9vgc2025regg-2284454294","format":"[Gen 9] VGC 2025 Reg G","players":["Jadenhess","Mature Madness"],"log":"|j|\u2606Jadenhess\n|j|\u2606Mature Madness\n|t:|1737349364\n|gametype|doubles\n|player|p1|Jadenhess|170|1522\n|player|p2|Mature Madness|169|1597\n|teamsize|p1|6\n|teamsize|p2|6\n|gen|9\n|tier|[Gen 9] VGC 2025 Reg G\n|rated|\n|rule|Species Clause: Limit one of each Pok\u00e9mon\n|rule|Item Clause: Limit 1 of each item\n|clearpoke\n|poke|p1|Terapagos, L50, M|\n|poke|p1|Whimsicott, L50, M|\n|poke|p1|Chi-Yu, L50|\n|poke|p1|Iron Crown, L50|\n|poke|p1|Spectrier, L50|\n|poke|p1|Indeedee-F, L50, F|\n|poke|p2|Miraidon, L50|\n|poke|p2|Incineroar, L50, M|\n|poke|p2|Pelipper, L50, F|\n|poke|p2|Iron Treads, L50|\n|poke|p2|Comfey, L50, M|\n|poke|p2|Urshifu-*, L50, F|\n|teampreview|4\n|inactive|Battle timer is ON: inactive players will automatically lose when time's up. (requested by Jadenhess)\n|inactive|Jadenhess has 60 seconds left.\n|inactive|Mature Madness has 60 seconds left.\n|\n|t:|1737349407\n|start\n|switch|p1a: Terapagos|Terapagos, L50, M|100\/100\n|switch|p1b: Whimsicott|Whimsicott, L50, M|100\/100\n|switch|p2a: Miraidon|Miraidon, L50|100\/100\n|switch|p2b: Incineroar|Incineroar, L50, M|100\/100\n|-activate|p1a: Terapagos|ability: Tera Shift\n|detailschange|p1a: Terapagos|Terapagos-Terastal, L50, M\n|-heal|p1a: Terapagos|100\/100|[silent]\n|-fieldstart|move: Electric Terrain|[from] ability: Hadron Engine|[of] p2a: Miraidon\n|-enditem|p2a: Miraidon|Electric Seed\n|-boost|p2a: Miraidon|def|1|[from] item: Electric Seed\n|-ability|p2b: Incineroar|Intimidate|boost\n|-unboost|p1a: Terapagos|atk|1\n|-unboost|p1b: Whimsicott|atk|1\n|turn|1\n|\n|t:|1737349427\n|switch|p1b: Indeedee|Indeedee-F, L50, F|100\/100\n|-fieldstart|move: Psychic Terrain|[from] ability: Psychic Surge|[of] p1b: Indeedee\n|-terastallize|p2a: Miraidon|Fairy\n|move|p2a: Miraidon|Dazzling Gleam|p1a: Terapagos|[spread] p1a,p1b\n|-activate|p1a: Terapagos|ability: Tera Shell\n|-resisted|p1a: Terapagos\n|-damage|p1a: Terapagos|87\/100\n|-damage|p1b: Indeedee|75\/100\n|move|p1a: Terapagos|Earth Power|p2a: Miraidon\n|-damage|p2a: Miraidon|67\/100\n|move|p2b: Incineroar|Parting Shot|p1a: Terapagos\n|-unboost|p1a: Terapagos|atk|1\n|-unboost|p1a: Terapagos|spa|1\n|\n|t:|1737349442\n|switch|p2b: Urshifu|Urshifu, L50, F|100\/100|[from] Parting Shot\n|\n|upkeep\n|turn|2\n|\n|t:|1737349460\n|switch|p2b: Incineroar|Incineroar, L50, M|100\/100\n|-ability|p2b: Incineroar|Intimidate|boost\n|-unboost|p1a: Terapagos|atk|1\n|-unboost|p1b: Indeedee|atk|1\n|switch|p1a: Whimsicott|Whimsicott, L50, M|100\/100\n|move|p2a: Miraidon|Calm Mind|p2a: Miraidon\n|-boost|p2a: Miraidon|spa|1\n|-boost|p2a: Miraidon|spd|1\n|move|p1b: Indeedee|Psychic|p2a: Miraidon\n|-damage|p2a: Miraidon|46\/100\n|\n|upkeep\n|turn|3\n|\n|t:|1737349477\n|move|p1a: Whimsicott|Tailwind|p1a: Whimsicott\n|-sidestart|p1: Jadenhess|move: Tailwind\n|move|p1b: Indeedee|Psychic|p2a: Miraidon\n|-damage|p2a: Miraidon|23\/100\n|move|p2a: Miraidon|Dazzling Gleam|p1a: Whimsicott|[spread] p1a,p1b\n|-damage|p1a: Whimsicott|44\/100\n|-damage|p1b: Indeedee|30\/100\n|-enditem|p1b: Indeedee|Sitrus Berry|[eat]\n|-heal|p1b: Indeedee|55\/100|[from] item: Sitrus Berry\n|move|p2b: Incineroar|Knock Off|p1b: Indeedee\n|-supereffective|p1b: Indeedee\n|-damage|p1b: Indeedee|10\/100\n|\n|upkeep\n|turn|4\n|\n|t:|1737349497\n|move|p1a: Whimsicott|Dazzling Gleam|p2a: Miraidon|[spread] p2a,p2b\n|-damage|p2a: Miraidon|13\/100\n|-damage|p2b: Incineroar|89\/100\n|move|p1b: Indeedee|Psychic|p2a: Miraidon\n|-damage|p2a: Miraidon|0 fnt\n|faint|p2a: Miraidon\n|move|p2b: Incineroar|Knock Off|p1a: Whimsicott\n|-resisted|p1a: Whimsicott\n|-damage|p1a: Whimsicott|22\/100\n|-enditem|p1a: Whimsicott|Covert Cloak|[from] move: Knock Off|[of] p2b: Incineroar\n|\n|upkeep\n|\n|t:|1737349507\n|switch|p2a: Pelipper|Pelipper, L50, F|100\/100\n|-weather|RainDance|[from] ability: Drizzle|[of] p2a: Pelipper\n|turn|5\n|\n|t:|1737349514\n|move|p1a: Whimsicott|Taunt|p2a: Pelipper\n|-start|p2a: Pelipper|move: Taunt\n|move|p1b: Indeedee|Heal Pulse|p1a: Whimsicott\n|-heal|p1a: Whimsicott|72\/100\n|move|p2a: Pelipper|Weather Ball|p1a: Whimsicott\n|-resisted|p1a: Whimsicott\n|-damage|p1a: Whimsicott|36\/100\n|move|p2b: Incineroar|Knock Off|p1b: Indeedee\n|-supereffective|p1b: Indeedee\n|-crit|p1b: Indeedee\n|-damage|p1b: Indeedee|0 fnt\n|faint|p1b: Indeedee\n|\n|-weather|RainDance|[upkeep]\n|-fieldend|move: Psychic Terrain\n|upkeep\n|inactive|Jadenhess has 30 seconds left.\n|\n|t:|1737349548\n|switch|p1b: Terapagos|Terapagos-Terastal, L50, M|87\/100\n|turn|6\n|\n|t:|1737349556\n|-terastallize|p1b: Terapagos|Stellar\n|detailschange|p1b: Terapagos|Terapagos-Stellar, L50, M, tera:Stellar\n|-heal|p1b: Terapagos|91\/100|[silent]\n|-ability|p1b: Terapagos|Teraform Zero\n|-weather|none\n|move|p1a: Whimsicott|Encore|p2a: Pelipper\n|-start|p2a: Pelipper|Encore\n|move|p1b: Terapagos|Tera Starstorm|p2b: Incineroar|[spread] p2a,p2b\n|-damage|p2a: Pelipper|26\/100\n|-damage|p2b: Incineroar|45\/100\n|move|p2a: Pelipper|Weather Ball|p1b: Terapagos\n|-damage|p1b: Terapagos|83\/100\n|move|p2b: Incineroar|Knock Off|p1a: Whimsicott\n|-resisted|p1a: Whimsicott\n|-damage|p1a: Whimsicott|20\/100\n|\n|-sideend|p1: Jadenhess|move: Tailwind\n|upkeep\n|turn|7\n|\n|t:|1737349575\n|move|p1a: Whimsicott|Dazzling Gleam|p2b: Incineroar|[spread] p2a,p2b\n|-damage|p2a: Pelipper|2\/100\n|-damage|p2b: Incineroar|32\/100\n|move|p1b: Terapagos|Tera Starstorm|p2a: Pelipper|[spread] p2a,p2b\n|-damage|p2a: Pelipper|0 fnt\n|-damage|p2b: Incineroar|0 fnt\n|faint|p2a: Pelipper\n|faint|p2b: Incineroar\n|\n|upkeep\n|\n|t:|1737349584\n|switch|p2b: Urshifu|Urshifu, L50, F|100\/100\n|turn|8\n|\n|t:|1737349588\n|move|p1a: Whimsicott|Tailwind|p1a: Whimsicott\n|-sidestart|p1: Jadenhess|move: Tailwind\n|move|p1b: Terapagos|Tera Starstorm|p2b: Urshifu\n|-enditem|p2b: Urshifu|Focus Sash\n|-damage|p2b: Urshifu|1\/100\n|move|p2b: Urshifu|Close Combat|p1b: Terapagos\n|-supereffective|p1b: Terapagos\n|-damage|p1b: Terapagos|0 fnt\n|-unboost|p2b: Urshifu|def|1\n|-unboost|p2b: Urshifu|spd|1\n|faint|p1b: Terapagos\n|\n|upkeep\n|\n|t:|1737349591\n|switch|p1b: Iron Crown|Iron Crown, L50|100\/100\n|-enditem|p1b: Iron Crown|Booster Energy\n|-activate|p1b: Iron Crown|ability: Quark Drive|[fromitem]\n|-start|p1b: Iron Crown|quarkdrivespe\n|turn|9\n|\n|t:|1737349605\n|move|p2b: Urshifu|Sucker Punch|p1b: Iron Crown\n|-supereffective|p1b: Iron Crown\n|-damage|p1b: Iron Crown|27\/100\n|move|p1b: Iron Crown|Tachyon Cutter|p2b: Urshifu\n|-damage|p2b: Urshifu|0 fnt\n|faint|p2b: Urshifu\n|-hitcount|p2: Urshifu|1\n|\n|win|Jadenhess\n|raw|Jadenhess's rating: 1522 &rarr; <strong>1546<\/strong><br \/>(+24 for winning)\n|raw|Mature Madness's rating: 1597 &rarr; <strong>1573<\/strong><br \/>(-24 for losing)\n|l|\u2606Mature Madness\n|player|p2|\n|l|\u2606Jadenhess\n|player|p1|\n|j| peacekun\n|l| peacekun\n","uploadtime":1737349771,"views":34,"formatid":"gen9vgc2025regg","rating":1546,"private":0,"password":null}