{"id":"gen9vgc2025regg-2284666818","format":"[Gen 9] VGC 2025 Reg G","players":["TonyPajamas16","Squ1dge_"],"log":"|j|\u2606TonyPajamas16\n|j|\u2606Squ1dge_\n|t:|1737384983\n|gametype|doubles\n|player|p1|TonyPajamas16|266|1643\n|player|p2|Squ1dge_|102|1541\n|teamsize|p1|6\n|teamsize|p2|6\n|gen|9\n|tier|[Gen 9] VGC 2025 Reg G\n|rated|\n|rule|Species Clause: Limit one of each Pok\u00e9mon\n|rule|Item Clause: Limit 1 of each item\n|clearpoke\n|poke|p1|Groudon, L50|\n|poke|p1|Sableye, L50, F|\n|poke|p1|Rillaboom, L50, F|\n|poke|p1|Gouging Fire, L50|\n|poke|p1|Raging Bolt, L50|\n|poke|p1|Scream Tail, L50|\n|poke|p2|Indeedee-F, L50, F|\n|poke|p2|Necrozma-Dawn-Wings, L50|\n|poke|p2|Gallade, L50, M|\n|poke|p2|Torkoal, L50, M|\n|poke|p2|Lilligant-Hisui, L50, F|\n|poke|p2|Ursaluna, L50, M|\n|teampreview|4\n|inactive|Battle timer is ON: inactive players will automatically lose when time's up. (requested by Squ1dge_)\n|\n|t:|1737385009\n|start\n|switch|p1a: Scream Tail|Scream Tail, L50, shiny|100\/100\n|switch|p1b: Sableye|Sableye, L50, F, shiny|100\/100\n|switch|p2a: Torkoal|Torkoal, L50, M, shiny|100\/100\n|switch|p2b: Lilligant|Lilligant-Hisui, L50, F|100\/100\n|-weather|SunnyDay|[from] ability: Drought|[of] p2a: Torkoal\n|-activate|p1a: Scream Tail|ability: Protosynthesis\n|-start|p1a: Scream Tail|protosynthesisspe\n|turn|1\n|\n|t:|1737385028\n|-terastallize|p2a: Torkoal|Fire\n|move|p1b: Sableye|Gravity|p1b: Sableye\n|-fieldstart|move: Gravity\n|move|p2b: Lilligant|After You|p2a: Torkoal\n|-activate|p2a: Torkoal|move: After You\n|move|p2a: Torkoal|Eruption|p1b: Sableye|[spread] p1a,p1b\n|-damage|p1a: Scream Tail|6\/100\n|-damage|p1b: Sableye|0 fnt\n|faint|p1b: Sableye\n|move|p1a: Scream Tail|Sing|p2b: Lilligant\n|-status|p2b: Lilligant|slp|[from] move: Sing\n|\n|-weather|SunnyDay|[upkeep]\n|upkeep\n|j| 85hertz\n|\n|t:|1737385041\n|switch|p1b: Groudon|Groudon, L50|100\/100\n|turn|2\n|\n|t:|1737385052\n|switch|p2a: Indeedee|Indeedee-F, L50, F, shiny|100\/100\n|-fieldstart|move: Psychic Terrain|[from] ability: Psychic Surge|[of] p2a: Indeedee\n|-enditem|p2a: Indeedee|Psychic Seed\n|-boost|p2a: Indeedee|spd|1|[from] item: Psychic Seed\n|cant|p2b: Lilligant|slp\n|move|p1a: Scream Tail|Play Rough|p2b: Lilligant\n|-supereffective|p2b: Lilligant\n|-damage|p2b: Lilligant|37\/100 slp\n|move|p1b: Groudon|Precipice Blades|p2a: Indeedee|[spread] p2a,p2b\n|-resisted|p2b: Lilligant\n|-damage|p2a: Indeedee|46\/100\n|-damage|p2b: Lilligant|0 fnt\n|faint|p2b: Lilligant\n|\n|-weather|SunnyDay|[upkeep]\n|upkeep\n|inactive|Squ1dge_ has 30 seconds left.\n|\n|t:|1737385078\n|switch|p2b: Necrozma|Necrozma-Dawn-Wings, L50|100\/100\n|turn|3\n|\n|t:|1737385091\n|move|p2a: Indeedee|Follow Me|p2a: Indeedee\n|-singleturn|p2a: Indeedee|move: Follow Me\n|move|p1a: Scream Tail|Howl|p1a: Scream Tail|[spread] p1a,p1b\n|-boost|p1a: Scream Tail|atk|1\n|-boost|p1b: Groudon|atk|1\n|move|p1b: Groudon|Precipice Blades|p2b: Necrozma|[spread] p2a,p2b\n|-damage|p2a: Indeedee|0 fnt\n|-damage|p2b: Necrozma|26\/100\n|faint|p2a: Indeedee\n|move|p2b: Necrozma|Trick Room|p2b: Necrozma\n|-fieldstart|move: Trick Room|[of] p2b: Necrozma\n|\n|-weather|SunnyDay|[upkeep]\n|upkeep\n|\n|t:|1737385102\n|switch|p2a: Torkoal|Torkoal, L50, M, shiny, tera:Fire|100\/100\n|turn|4\n|\n|t:|1737385110\n|-terastallize|p1b: Groudon|Fire\n|move|p2a: Torkoal|Eruption|p1a: Scream Tail|[spread] p1a,p1b\n|-resisted|p1b: Groudon\n|-damage|p1a: Scream Tail|0 fnt\n|-damage|p1b: Groudon|51\/100\n|faint|p1a: Scream Tail\n|-end|p1a: Scream Tail|Protosynthesis|[silent]\n|move|p2b: Necrozma|Meteor Beam||[still]\n|-prepare|p2b: Necrozma|Meteor Beam\n|-boost|p2b: Necrozma|spa|1\n|-enditem|p2b: Necrozma|Power Herb\n|-anim|p2b: Necrozma|Meteor Beam|p1b: Groudon\n|-supereffective|p1b: Groudon\n|-damage|p1b: Groudon|0 fnt\n|faint|p1b: Groudon\n|\n|-weather|SunnyDay|[upkeep]\n|upkeep\n|\n|t:|1737385126\n|switch|p1b: Curveball|Rillaboom, L50, F|100\/100\n|-fieldstart|move: Grassy Terrain|[from] ability: Grassy Surge|[of] p1b: Curveball\n|turn|5\n|\n|t:|1737385135\n|move|p1b: Curveball|Fake Out|p2a: Torkoal\n|-damage|p2a: Torkoal|90\/100\n|cant|p2a: Torkoal|flinch\n|move|p2b: Necrozma|Moongeist Beam|p1b: Curveball\n|-damage|p1b: Curveball|0 fnt\n|faint|p1b: Curveball\n|\n|win|Squ1dge_\n|raw|TonyPajamas16's rating: 1643 &rarr; <strong>1617<\/strong><br \/>(-26 for losing)\n|raw|Squ1dge_'s rating: 1541 &rarr; <strong>1567<\/strong><br \/>(+26 for winning)\n|l|\u2606TonyPajamas16\n|player|p1|\n|l|\u2606Squ1dge_\n|player|p2|\n","uploadtime":1737385312,"views":30,"formatid":"gen9vgc2025regg","rating":1567,"private":0,"password":null}