{"id":"gen9vgc2025regg-2284155347","format":"[Gen 9] VGC 2025 Reg G","players":["bluestraggler02","GG=Groudon Gaming"],"log":"|j|\u2606bluestraggler02\n|j|\u2606GG=Groudon Gaming\n|t:|1737312480\n|gametype|doubles\n|player|p1|bluestraggler02|170|1575\n|player|p2|GG=Groudon Gaming|may-masters2|1653\n|teamsize|p1|6\n|teamsize|p2|6\n|gen|9\n|tier|[Gen 9] VGC 2025 Reg G\n|rated|\n|rule|Species Clause: Limit one of each Pok\u00e9mon\n|rule|Item Clause: Limit 1 of each item\n|clearpoke\n|poke|p1|Kyurem-White, L50|\n|poke|p1|Tornadus, L50, M|\n|poke|p1|Chi-Yu, L50|\n|poke|p1|Iron Hands, L50|\n|poke|p1|Urshifu-*, L50, M|\n|poke|p1|Flutter Mane, L50|\n|poke|p2|Groudon, L50|\n|poke|p2|Armarouge, L50, F|\n|poke|p2|Indeedee-F, L50, F|\n|poke|p2|Flutter Mane, L50|\n|poke|p2|Raging Bolt, L50|\n|poke|p2|Jumpluff, L50, F|\n|teampreview|4\n|inactive|Battle timer is ON: inactive players will automatically lose when time's up. (requested by GG=Groudon Gaming)\n|j| randomuser0000\n|\n|t:|1737312493\n|start\n|switch|p1a: Tornadus|Tornadus, L50, M|100\/100\n|switch|p1b: Chi-Yu|Chi-Yu, L50|100\/100\n|switch|p2a: Raging Bolt|Raging Bolt, L50|100\/100\n|switch|p2b: Jumpluff|Jumpluff, L50, F|100\/100\n|-ability|p1b: Chi-Yu|Beads of Ruin\n|turn|1\n|\n|t:|1737312508\n|-terastallize|p1b: Chi-Yu|Fire\n|-terastallize|p2b: Jumpluff|Dark\n|move|p1a: Tornadus|Snowscape|p1a: Tornadus\n|-weather|Snow\n|move|p1b: Chi-Yu|Heat Wave|p2a: Raging Bolt|[spread] p2a\n|-miss|p1b: Chi-Yu|p2b: Jumpluff\n|-resisted|p2a: Raging Bolt\n|-damage|p2a: Raging Bolt|80\/100\n|move|p2b: Jumpluff|Encore|p1a: Tornadus\n|-start|p1a: Tornadus|Encore\n|move|p2a: Raging Bolt|Thunderbolt|p1a: Tornadus\n|-supereffective|p1a: Tornadus\n|-enditem|p1a: Tornadus|Focus Sash\n|-damage|p1a: Tornadus|1\/100\n|\n|-weather|Snow|[upkeep]\n|upkeep\n|turn|2\n|\n|t:|1737312522\n|switch|p1a: Flutter Mane|Flutter Mane, L50|100\/100\n|-enditem|p1a: Flutter Mane|Booster Energy\n|-activate|p1a: Flutter Mane|ability: Protosynthesis|[fromitem]\n|-start|p1a: Flutter Mane|protosynthesisspe\n|move|p1b: Chi-Yu|Heat Wave|p2a: Raging Bolt|[spread] p2a,p2b\n|-resisted|p2a: Raging Bolt\n|-damage|p2a: Raging Bolt|58\/100\n|-damage|p2b: Jumpluff|24\/100\n|move|p2b: Jumpluff|Tailwind|p2b: Jumpluff\n|-sidestart|p2: GG=Groudon Gaming|move: Tailwind\n|move|p2a: Raging Bolt|Thunderbolt|p1b: Chi-Yu\n|-damage|p1b: Chi-Yu|38\/100\n|\n|-weather|Snow|[upkeep]\n|upkeep\n|turn|3\n|\n|t:|1737312543\n|move|p1a: Flutter Mane|Protect|p1a: Flutter Mane\n|-singleturn|p1a: Flutter Mane|Protect\n|move|p2a: Raging Bolt|Thunderclap|p1b: Chi-Yu\n|-damage|p1b: Chi-Yu|0 fnt\n|faint|p1b: Chi-Yu\n|move|p2b: Jumpluff|Sleep Powder|p1a: Flutter Mane\n|-activate|p1a: Flutter Mane|move: Protect\n|\n|-weather|Snow|[upkeep]\n|upkeep\n|\n|t:|1737312550\n|switch|p1b: Tornadus|Tornadus, L50, M|1\/100\n|turn|4\n|\n|t:|1737312557\n|-end|p2a: Raging Bolt|Protosynthesis|[silent]\n|switch|p2a: Groudon|Groudon, L50|100\/100\n|-weather|SunnyDay|[from] ability: Drought|[of] p2a: Groudon\n|move|p1b: Tornadus|Tailwind|p1b: Tornadus\n|-sidestart|p1: bluestraggler02|move: Tailwind\n|move|p2b: Jumpluff|Encore|p1a: Flutter Mane\n|-start|p1a: Flutter Mane|Encore\n|move|p1a: Flutter Mane|Protect||[still]\n|-fail|p1a: Flutter Mane\n|\n|-weather|SunnyDay|[upkeep]\n|upkeep\n|turn|5\n|\n|t:|1737312570\n|-end|p1a: Flutter Mane|Protosynthesis|[silent]\n|switch|p1a: Kyurem|Kyurem-White, L50|100\/100\n|-ability|p1a: Kyurem|Turboblaze\n|move|p1b: Tornadus|Snowscape|p1b: Tornadus\n|-weather|Snow\n|move|p2b: Jumpluff|Sleep Powder|p1a: Kyurem\n|-status|p1a: Kyurem|slp|[from] move: Sleep Powder\n|move|p2a: Groudon|Heat Crash|p1b: Tornadus\n|-damage|p1b: Tornadus|0 fnt\n|faint|p1b: Tornadus\n|\n|-weather|Snow|[upkeep]\n|-sideend|p2: GG=Groudon Gaming|move: Tailwind\n|upkeep\n|\n|t:|1737312580\n|switch|p1b: Flutter Mane|Flutter Mane, L50|100\/100\n|turn|6\n|\n|t:|1737312589\n|move|p1b: Flutter Mane|Moonblast|p2b: Jumpluff\n|-supereffective|p2b: Jumpluff\n|-damage|p2b: Jumpluff|0 fnt\n|faint|p2b: Jumpluff\n|cant|p1a: Kyurem|slp\n|move|p2a: Groudon|Precipice Blades|p1b: Flutter Mane|[spread] p1a,p1b\n|-damage|p1a: Kyurem|70\/100 slp\n|-damage|p1b: Flutter Mane|32\/100\n|\n|-weather|Snow|[upkeep]\n|upkeep\n|\n|t:|1737312596\n|switch|p2b: Flutter Mane|Flutter Mane, L50|100\/100\n|turn|7\n|\n|t:|1737312603\n|move|p2b: Flutter Mane|Protect|p2b: Flutter Mane\n|-singleturn|p2b: Flutter Mane|Protect\n|move|p2a: Groudon|Protect|p2a: Groudon\n|-singleturn|p2a: Groudon|Protect\n|move|p1b: Flutter Mane|Thunder Wave|p2b: Flutter Mane\n|-activate|p2b: Flutter Mane|move: Protect\n|-curestatus|p1a: Kyurem|slp|[msg]\n|move|p1a: Kyurem|Blizzard|p2a: Groudon|[spread] \n|-activate|p2a: Groudon|move: Protect\n|-activate|p2b: Flutter Mane|move: Protect\n|\n|-weather|Snow|[upkeep]\n|-sideend|p1: bluestraggler02|move: Tailwind\n|upkeep\n|turn|8\n|\n|t:|1737312618\n|move|p2b: Flutter Mane|Shadow Ball|p1b: Flutter Mane\n|-supereffective|p1b: Flutter Mane\n|-damage|p1b: Flutter Mane|0 fnt\n|faint|p1b: Flutter Mane\n|-end|p1b: Flutter Mane|Protosynthesis|[silent]\n|move|p1a: Kyurem|Blizzard|p2a: Groudon|[spread] p2a,p2b\n|-supereffective|p2a: Groudon\n|-damage|p2a: Groudon|0 fnt\n|-damage|p2b: Flutter Mane|20\/100\n|faint|p2a: Groudon\n|\n|-weather|Snow|[upkeep]\n|upkeep\n|\n|t:|1737312623\n|switch|p2a: Raging Bolt|Raging Bolt, L50|58\/100\n|turn|9\n|\n|t:|1737312641\n|move|p2b: Flutter Mane|Protect|p2b: Flutter Mane\n|-singleturn|p2b: Flutter Mane|Protect\n|move|p1a: Kyurem|Blizzard|p2b: Flutter Mane|[spread] p2a\n|-activate|p2b: Flutter Mane|move: Protect\n|-supereffective|p2a: Raging Bolt\n|-damage|p2a: Raging Bolt|0 fnt\n|faint|p2a: Raging Bolt\n|-end|p2a: Raging Bolt|Protosynthesis|[silent]\n|\n|-weather|none\n|upkeep\n|turn|10\n|\n|t:|1737312645\n|move|p2b: Flutter Mane|Dazzling Gleam|p1a: Kyurem\n|-supereffective|p1a: Kyurem\n|-damage|p1a: Kyurem|0 fnt\n|faint|p1a: Kyurem\n|\n|win|GG=Groudon Gaming\n|raw|bluestraggler02's rating: 1575 &rarr; <strong>1559<\/strong><br \/>(-16 for losing)\n|raw|GG=Groudon Gaming's rating: 1653 &rarr; <strong>1669<\/strong><br \/>(+16 for winning)\n","uploadtime":1737312647,"views":27,"formatid":"gen9vgc2025regg","rating":1559,"private":0,"password":null}