{"id":"gen9vgc2025regg-2284782134","format":"[Gen 9] VGC 2025 Reg G","players":["defofarc","chin8"],"log":"|j|\u2606defofarc\n|j|\u2606chin8\n|t:|1737397713\n|gametype|doubles\n|player|p1|defofarc|2|1631\n|player|p2|chin8|gentleman-gen4dp|1592\n|teamsize|p1|6\n|teamsize|p2|6\n|gen|9\n|tier|[Gen 9] VGC 2025 Reg G\n|rated|\n|rule|Species Clause: Limit one of each Pok\u00e9mon\n|rule|Item Clause: Limit 1 of each item\n|clearpoke\n|poke|p1|Lunala, L50|\n|poke|p1|Rillaboom, L50, F|\n|poke|p1|Urshifu-*, L50, M|\n|poke|p1|Umbreon, L50, M|\n|poke|p1|Entei, L50|\n|poke|p1|Iron Jugulis, L50|\n|poke|p2|Calyrex-Shadow, L50|\n|poke|p2|Incineroar, L50, M|\n|poke|p2|Rillaboom, L50, F|\n|poke|p2|Gastrodon-East, L50, M|\n|poke|p2|Hitmonchan, L50, M|\n|poke|p2|Tropius, L50, F|\n|teampreview|4\n|inactive|Battle timer is ON: inactive players will automatically lose when time's up. (requested by chin8)\n|\n|t:|1737397739\n|start\n|switch|p1a: Iron Jugulis|Iron Jugulis, L50|100\/100\n|switch|p1b: Lunala|Lunala, L50|100\/100\n|switch|p2a: Calyrex|Calyrex-Shadow, L50|100\/100\n|switch|p2b: Incineroar|Incineroar, L50, M|100\/100\n|-ability|p2a: Calyrex|As One\n|-ability|p2a: Calyrex|Unnerve\n|-ability|p2b: Incineroar|Intimidate|boost\n|-unboost|p1a: Iron Jugulis|atk|1\n|-unboost|p1b: Lunala|atk|1\n|-enditem|p1a: Iron Jugulis|Booster Energy\n|-activate|p1a: Iron Jugulis|ability: Quark Drive|[fromitem]\n|-start|p1a: Iron Jugulis|quarkdrivespe\n|turn|1\n|j| SuN0nPls\n|inactive|defofarc has 30 seconds left.\n|\n|t:|1737397767\n|switch|p2b: Rillaboom|Rillaboom, L50, F|100\/100\n|-fieldstart|move: Grassy Terrain|[from] ability: Grassy Surge|[of] p2b: Rillaboom\n|-terastallize|p2a: Calyrex|Fairy\n|-terastallize|p1b: Lunala|Fairy\n|move|p1a: Iron Jugulis|Tailwind|p1a: Iron Jugulis\n|-sidestart|p1: defofarc|move: Tailwind\n|move|p1b: Lunala|Calm Mind|p1b: Lunala\n|-boost|p1b: Lunala|spa|1\n|-boost|p1b: Lunala|spd|1\n|move|p2a: Calyrex|Calm Mind|p2a: Calyrex\n|-boost|p2a: Calyrex|spa|1\n|-boost|p2a: Calyrex|spd|1\n|\n|upkeep\n|turn|2\n|\n|t:|1737397792\n|move|p1b: Lunala|Protect|p1b: Lunala\n|-singleturn|p1b: Lunala|Protect\n|move|p1a: Iron Jugulis|Snarl|p2b: Rillaboom|[spread] p2a,p2b\n|-resisted|p2a: Calyrex\n|-crit|p2a: Calyrex\n|-damage|p2a: Calyrex|89\/100\n|-damage|p2b: Rillaboom|89\/100\n|-unboost|p2b: Rillaboom|spa|1\n|move|p2a: Calyrex|Calm Mind|p2a: Calyrex\n|-boost|p2a: Calyrex|spa|1\n|-boost|p2a: Calyrex|spd|1\n|move|p2b: Rillaboom|Wood Hammer|p1b: Lunala\n|-activate|p1b: Lunala|move: Protect\n|\n|-heal|p2a: Calyrex|95\/100|[from] Grassy Terrain\n|-heal|p2b: Rillaboom|95\/100|[from] Grassy Terrain\n|upkeep\n|turn|3\n|j| bluestraggler02\n|inactive|defofarc has 30 seconds left.\n|\n|t:|1737397819\n|-end|p1a: Iron Jugulis|Quark Drive|[silent]\n|switch|p1a: Entei|Entei, L50|100\/100\n|move|p1b: Lunala|Dazzling Gleam|p2b: Rillaboom|[spread] p2a,p2b\n|-damage|p2a: Calyrex|71\/100\n|-damage|p2b: Rillaboom|58\/100\n|move|p2a: Calyrex|Astral Barrage|p1b: Lunala|[spread] p1a,p1b\n|-damage|p1a: Entei|0 fnt\n|-damage|p1b: Lunala|76\/100\n|faint|p1a: Entei\n|-ability|p2a: Calyrex|Grim Neigh|boost\n|-boost|p2a: Calyrex|spa|1\n|move|p2b: Rillaboom|Wood Hammer|p1b: Lunala\n|-damage|p1b: Lunala|16\/100\n|-damage|p2b: Rillaboom|35\/100|[from] Recoil\n|\n|-heal|p1b: Lunala|22\/100|[from] Grassy Terrain\n|-heal|p1b: Lunala|28\/100|[from] item: Leftovers\n|-heal|p2a: Calyrex|77\/100|[from] Grassy Terrain\n|-heal|p2b: Rillaboom|41\/100|[from] Grassy Terrain\n|upkeep\n|\n|t:|1737397842\n|switch|p1a: Rillaboom|Rillaboom, L50, F|100\/100\n|turn|4\n|\n|t:|1737397847\n|switch|p2b: Incineroar|Incineroar, L50, M|100\/100\n|-ability|p2b: Incineroar|Intimidate|boost\n|-unboost|p1a: Rillaboom|atk|1\n|-unboost|p1b: Lunala|atk|1\n|move|p2a: Calyrex|Protect|p2a: Calyrex\n|-singleturn|p2a: Calyrex|Protect\n|move|p1a: Rillaboom|Fake Out|p2b: Incineroar\n|-damage|p2b: Incineroar|90\/100\n|move|p1b: Lunala|Dazzling Gleam|p2a: Calyrex|[spread] p2b\n|-activate|p2a: Calyrex|move: Protect\n|-damage|p2b: Incineroar|52\/100\n|\n|-heal|p1b: Lunala|35\/100|[from] Grassy Terrain\n|-heal|p1b: Lunala|41\/100|[from] item: Leftovers\n|-heal|p2a: Calyrex|83\/100|[from] Grassy Terrain\n|-heal|p2b: Incineroar|58\/100|[from] Grassy Terrain\n|-sideend|p1: defofarc|move: Tailwind\n|upkeep\n|turn|5\n|\n|t:|1737397867\n|move|p1b: Lunala|Protect|p1b: Lunala\n|-singleturn|p1b: Lunala|Protect\n|move|p2b: Incineroar|Fake Out|p1a: Rillaboom\n|-damage|p1a: Rillaboom|89\/100\n|move|p2a: Calyrex|Astral Barrage|p1a: Rillaboom|[spread] p1a\n|-activate|p1b: Lunala|move: Protect\n|-damage|p1a: Rillaboom|0 fnt\n|faint|p1a: Rillaboom\n|-ability|p2a: Calyrex|Grim Neigh|boost\n|-boost|p2a: Calyrex|spa|1\n|\n|-heal|p2a: Calyrex|89\/100|[from] Grassy Terrain\n|-heal|p1b: Lunala|47\/100|[from] Grassy Terrain\n|-heal|p1b: Lunala|53\/100|[from] item: Leftovers\n|-heal|p2b: Incineroar|64\/100|[from] Grassy Terrain\n|-fieldend|move: Grassy Terrain\n|upkeep\n|-message|defofarc forfeited.\n|\n|win|chin8\n|raw|defofarc's rating: 1631 &rarr; <strong>1609<\/strong><br \/>(-22 for losing)\n|raw|chin8's rating: 1592 &rarr; <strong>1614<\/strong><br \/>(+22 for winning)\n|l|\u2606chin8\n|player|p2|\n|l|\u2606defofarc\n|player|p1|\n|l| SuN0nPls\n","uploadtime":1737398149,"views":14,"formatid":"gen9vgc2025regg","rating":1609,"private":0,"password":null}