{"id":"gen9vgc2025regg-2284498649","format":"[Gen 9] VGC 2025 Reg G","players":["Bayo93","Jadenhess"],"log":"|j|\u2606Bayo93\n|j|\u2606Jadenhess\n|t:|1737357459\n|gametype|doubles\n|player|p1|Bayo93|266|1623\n|player|p2|Jadenhess|170|1583\n|teamsize|p1|6\n|teamsize|p2|6\n|gen|9\n|tier|[Gen 9] VGC 2025 Reg G\n|rated|\n|rule|Species Clause: Limit one of each Pok\u00e9mon\n|rule|Item Clause: Limit 1 of each item\n|clearpoke\n|poke|p1|Groudon, L50|\n|poke|p1|Chien-Pao, L50|\n|poke|p1|Raging Bolt, L50|\n|poke|p1|Chi-Yu, L50|\n|poke|p1|Talonflame, L50, F|\n|poke|p1|Flutter Mane, L50|\n|poke|p2|Samurott-Hisui, L50, F|\n|poke|p2|Espathra, L50, M|\n|poke|p2|Sableye, L50, M|\n|poke|p2|Indeedee-F, L50, F|\n|poke|p2|Arcanine, L50, F|\n|poke|p2|Terapagos, L50, M|\n|teampreview|4\n|inactive|Battle timer is ON: inactive players will automatically lose when time's up. (requested by Jadenhess)\n|inactive|Bayo93 also wants the timer to be on.\n|inactive|Bayo93 has 60 seconds left.\n|inactive|Bayo93 has 30 seconds left.\n|inactive|Bayo93 has 20 seconds left.\n|inactive|Bayo93 has 15 seconds left.\n|inactive|Bayo93 has 10 seconds left.\n|inactive|Bayo93 has 5 seconds left.\n|\n|t:|1737357548\n|start\n|switch|p1a: Groudon|Groudon, L50|100\/100\n|switch|p1b: Chi-Yu|Chi-Yu, L50|100\/100\n|switch|p2a: Samurott|Samurott-Hisui, L50, F|100\/100\n|switch|p2b: Arcanine|Arcanine, L50, F|100\/100\n|-ability|p1b: Chi-Yu|Beads of Ruin\n|-weather|SunnyDay|[from] ability: Drought|[of] p1a: Groudon\n|-ability|p2b: Arcanine|Intimidate|boost\n|-fail|p1a: Groudon|unboost|[from] item: Clear Amulet|[of] p1a: Groudon\n|-unboost|p1b: Chi-Yu|atk|1\n|turn|1\n|inactive|Bayo93 has 30 seconds left.\n|inactive|Jadenhess has 30 seconds left.\n|inactive|Bayo93 has 20 seconds left.\n|inactive|Jadenhess has 20 seconds left.\n|\n|t:|1737357590\n|move|p1b: Chi-Yu|Overheat|p2a: Samurott\n|-resisted|p2a: Samurott\n|-enditem|p2a: Samurott|Focus Sash\n|-damage|p2a: Samurott|1\/100\n|-unboost|p1b: Chi-Yu|spa|2\n|move|p2a: Samurott|Ceaseless Edge|p1b: Chi-Yu|[miss]\n|-miss|p2a: Samurott|p1b: Chi-Yu\n|move|p1a: Groudon|Precipice Blades|p2b: Arcanine|[spread] p2a,p2b\n|-supereffective|p2b: Arcanine\n|-damage|p2a: Samurott|0 fnt\n|-damage|p2b: Arcanine|5\/100\n|faint|p2a: Samurott\n|move|p2b: Arcanine|Will-O-Wisp|p1a: Groudon\n|-status|p1a: Groudon|brn\n|\n|-weather|SunnyDay|[upkeep]\n|-heal|p2b: Arcanine|11\/100|[from] item: Leftovers\n|-damage|p1a: Groudon|94\/100 brn|[from] brn\n|upkeep\n|\n|t:|1737357607\n|switch|p2a: Terapagos|Terapagos, L50, M|100\/100\n|-activate|p2a: Terapagos|ability: Tera Shift\n|detailschange|p2a: Terapagos|Terapagos-Terastal, L50, M\n|-heal|p2a: Terapagos|100\/100|[silent]\n|turn|2\n|\n|t:|1737357611\n|move|p1b: Chi-Yu|Overheat|p2a: Terapagos\n|-activate|p2a: Terapagos|ability: Tera Shell\n|-resisted|p2a: Terapagos\n|-damage|p2a: Terapagos|69\/100\n|-unboost|p1b: Chi-Yu|spa|2\n|move|p1a: Groudon|Precipice Blades|p2b: Arcanine|[spread] p2b\n|-miss|p1a: Groudon|p2a: Terapagos\n|-supereffective|p2b: Arcanine\n|-damage|p2b: Arcanine|0 fnt\n|faint|p2b: Arcanine\n|move|p2a: Terapagos|Calm Mind|p2a: Terapagos\n|-boost|p2a: Terapagos|spa|1\n|-boost|p2a: Terapagos|spd|1\n|\n|-weather|SunnyDay|[upkeep]\n|-damage|p1a: Groudon|88\/100 brn|[from] brn\n|upkeep\n|\n|t:|1737357619\n|switch|p2b: Espathra|Espathra, L50, M|100\/100\n|turn|3\n|l|\u2606Bayo93\n|inactive|Bayo93 disconnected and has a minute to reconnect!\n|player|p1|\n|j|\u2606Bayo93\n|inactive|Bayo93 reconnected and has 35 seconds left.\n|player|p1|Bayo93|266|\n|inactive|Bayo93 has 30 seconds left.\n|j| unclepham\n|inactive|Bayo93 has 20 seconds left.\n|inactive|Bayo93 has 15 seconds left.\n|\n|t:|1737357659\n|switch|p1b: Talonflame|Talonflame, L50, F|100\/100\n|switch|p1a: Flutter Mane|Flutter Mane, L50|100\/100\n|-activate|p1a: Flutter Mane|ability: Protosynthesis\n|-start|p1a: Flutter Mane|protosynthesisspe\n|move|p2b: Espathra|Calm Mind|p2b: Espathra\n|-boost|p2b: Espathra|spa|1\n|-boost|p2b: Espathra|spd|1\n|move|p2a: Terapagos|Rest|p2a: Terapagos\n|-status|p2a: Terapagos|slp|[from] move: Rest\n|-heal|p2a: Terapagos|100\/100 slp|[silent]\n|\n|-weather|SunnyDay|[upkeep]\n|-ability|p2b: Espathra|Speed Boost|boost\n|-boost|p2b: Espathra|spe|1\n|upkeep\n|turn|4\n|inactive|Bayo93 has 30 seconds left.\n|\n|t:|1737357694\n|move|p2b: Espathra|Protect|p2b: Espathra\n|-singleturn|p2b: Espathra|Protect\n|move|p1a: Flutter Mane|Icy Wind|p2a: Terapagos|[spread] p2a\n|-activate|p2b: Espathra|move: Protect\n|-activate|p2a: Terapagos|ability: Tera Shell\n|-resisted|p2a: Terapagos\n|-damage|p2a: Terapagos|95\/100 slp\n|move|p1b: Talonflame|Taunt|p2b: Espathra\n|-activate|p2b: Espathra|move: Protect\n|cant|p2a: Terapagos|slp\n|move|p2a: Terapagos|Sleep Talk|p2a: Terapagos\n|move|p2a: Terapagos|Tera Starstorm|p1a: Flutter Mane|[from] move: Sleep Talk\n|-immune|p1a: Flutter Mane\n|\n|-weather|SunnyDay|[upkeep]\n|-ability|p2b: Espathra|Speed Boost|boost\n|-boost|p2b: Espathra|spe|1\n|upkeep\n|turn|5\n|\n|t:|1737357715\n|move|p1b: Talonflame|Tailwind|p1b: Talonflame\n|-sidestart|p1: Bayo93|move: Tailwind\n|move|p1a: Flutter Mane|Icy Wind|p2b: Espathra|[spread] p2a,p2b\n|-damage|p2a: Terapagos|83\/100 slp\n|-damage|p2b: Espathra|81\/100\n|-unboost|p2b: Espathra|spe|1\n|move|p2b: Espathra|Lumina Crash|p1a: Flutter Mane\n|-damage|p1a: Flutter Mane|63\/100\n|-unboost|p1a: Flutter Mane|spd|2\n|cant|p2a: Terapagos|slp\n|move|p2a: Terapagos|Sleep Talk|p2a: Terapagos\n|move|p2a: Terapagos|Calm Mind|p2a: Terapagos|[from] move: Sleep Talk\n|-boost|p2a: Terapagos|spa|1\n|-boost|p2a: Terapagos|spd|1\n|\n|-weather|none\n|-end|p1a: Flutter Mane|Protosynthesis\n|-ability|p2b: Espathra|Speed Boost|boost\n|-boost|p2b: Espathra|spe|1\n|upkeep\n|turn|6\n|\n|t:|1737357738\n|move|p2b: Espathra|Protect|p2b: Espathra\n|-singleturn|p2b: Espathra|Protect\n|move|p1b: Talonflame|Taunt|p2a: Terapagos\n|-start|p2a: Terapagos|move: Taunt\n|move|p1a: Flutter Mane|Icy Wind|p2b: Espathra|[spread] p2a\n|-activate|p2b: Espathra|move: Protect\n|-damage|p2a: Terapagos|74\/100 slp\n|-curestatus|p2a: Terapagos|slp|[msg]\n|move|p2a: Terapagos|Tera Starstorm|p1b: Talonflame\n|-damage|p1b: Talonflame|0 fnt\n|faint|p1b: Talonflame\n|\n|-ability|p2b: Espathra|Speed Boost|boost\n|-boost|p2b: Espathra|spe|1\n|upkeep\n|inactive|Bayo93 has 30 seconds left.\n|\n|t:|1737357767\n|switch|p1b: Chi-Yu|Chi-Yu, L50|100\/100\n|-ability|p1b: Chi-Yu|Beads of Ruin\n|turn|7\n|\n|t:|1737357774\n|-terastallize|p1b: Chi-Yu|Fire\n|-terastallize|p2b: Espathra|Fairy\n|move|p1b: Chi-Yu|Overheat|p2a: Terapagos\n|-damage|p2a: Terapagos|23\/100\n|-unboost|p1b: Chi-Yu|spa|2\n|move|p2b: Espathra|Dazzling Gleam|p1a: Flutter Mane|[spread] p1a,p1b\n|-resisted|p1b: Chi-Yu\n|-damage|p1a: Flutter Mane|0 fnt\n|-damage|p1b: Chi-Yu|82\/100\n|faint|p1a: Flutter Mane\n|-end|p1a: Flutter Mane|Protosynthesis|[silent]\n|move|p2a: Terapagos|Tera Starstorm|p1b: Chi-Yu\n|-crit|p1b: Chi-Yu\n|-damage|p1b: Chi-Yu|0 fnt\n|faint|p1b: Chi-Yu\n|\n|-ability|p2b: Espathra|Speed Boost|boost\n|-boost|p2b: Espathra|spe|1\n|upkeep\n|\n|t:|1737357784\n|switch|p1b: Groudon|Groudon, L50|88\/100 brn\n|-weather|SunnyDay|[from] ability: Drought|[of] p1b: Groudon\n|turn|8\n|\n|t:|1737357796\n|move|p2b: Espathra|Lumina Crash|p1b: Groudon\n|-damage|p1b: Groudon|48\/100 brn\n|move|p1b: Groudon|Precipice Blades|p2b: Espathra|[spread] p2a,p2b\n|-damage|p2a: Terapagos|5\/100\n|-damage|p2b: Espathra|44\/100\n|-enditem|p2b: Espathra|Sitrus Berry|[eat]\n|-heal|p2b: Espathra|69\/100|[from] item: Sitrus Berry\n|move|p2a: Terapagos|Tera Starstorm|p1b: Groudon\n|-damage|p1b: Groudon|0 fnt\n|faint|p1b: Groudon\n|\n|win|Jadenhess\n|raw|Bayo93's rating: 1623 &rarr; <strong>1601<\/strong><br \/>(-22 for losing)\n|raw|Jadenhess's rating: 1583 &rarr; <strong>1605<\/strong><br \/>(+22 for winning)\n|l|\u2606Bayo93\n|player|p1|\n|l|\u2606Jadenhess\n|player|p2|\n","uploadtime":1737358011,"views":23,"formatid":"gen9vgc2025regg","rating":1601,"private":0,"password":null}