{"id":"gen9vgc2025regg-2284764980","format":"[Gen 9] VGC 2025 Reg G","players":["TerpisKora","Imnotagni"],"log":"|j|\u2606TerpisKora\n|j|\u2606Imnotagni\n|t:|1737395952\n|gametype|doubles\n|player|p1|TerpisKora|depotagent|1656\n|player|p2|Imnotagni|policeman-gen4|1690\n|teamsize|p1|6\n|teamsize|p2|6\n|gen|9\n|tier|[Gen 9] VGC 2025 Reg G\n|rated|\n|rule|Species Clause: Limit one of each Pok\u00e9mon\n|rule|Item Clause: Limit 1 of each item\n|clearpoke\n|poke|p1|Brute Bonnet, L50|\n|poke|p1|Flutter Mane, L50|\n|poke|p1|Heatran, L50, M|\n|poke|p1|Indeedee-F, L50, F|\n|poke|p1|Iron Bundle, L50|\n|poke|p1|Koraidon, L50|\n|poke|p2|Zacian-*, L50|\n|poke|p2|Whimsicott, L50, M|\n|poke|p2|Chi-Yu, L50|\n|poke|p2|Regidrago, L50|\n|poke|p2|Ogerpon-Wellspring, L50, F|\n|poke|p2|Ditto, L50|\n|teampreview|4\n|inactive|Battle timer is ON: inactive players will automatically lose when time's up. (requested by Imnotagni)\n|j| bluestraggler02\n|inactive|TerpisKora has 60 seconds left.\n|\n|t:|1737395987\n|start\n|switch|p1a: Heatran|Heatran, L50, M|100\/100\n|switch|p1b: Brute Bonnet|Brute Bonnet, L50|100\/100\n|switch|p2a: NIMBUS|Whimsicott, L50, M, shiny|100\/100\n|switch|p2b: VEGETA|Chi-Yu, L50|100\/100\n|-ability|p2b: VEGETA|Beads of Ruin\n|turn|1\n|inactive|TerpisKora has 30 seconds left.\n|inactive|Imnotagni has 30 seconds left.\n|inactive|Imnotagni has 20 seconds left.\n|inactive|Imnotagni has 15 seconds left.\n|inactive|Imnotagni has 10 seconds left.\n|\n|t:|1737396034\n|move|p2a: NIMBUS|Tailwind|p2a: NIMBUS\n|-sidestart|p2: Imnotagni|move: Tailwind\n|move|p2b: VEGETA|Overheat|p1b: Brute Bonnet\n|-supereffective|p1b: Brute Bonnet\n|-damage|p1b: Brute Bonnet|0 fnt\n|-unboost|p2b: VEGETA|spa|2\n|faint|p1b: Brute Bonnet\n|-end|p1b: Brute Bonnet|Protosynthesis|[silent]\n|move|p1a: Heatran|Heat Wave|p2a: NIMBUS|[spread] p2a,p2b\n|-supereffective|p2a: NIMBUS\n|-resisted|p2b: VEGETA\n|-damage|p2a: NIMBUS|0 fnt\n|-damage|p2b: VEGETA|79\/100\n|faint|p2a: NIMBUS\n|\n|upkeep\n|inactive|Imnotagni has 30 seconds left.\n|\n|t:|1737396071\n|switch|p2a: MAJIN BUU|Ditto, L50|100\/100\n|switch|p1b: Koraidon|Koraidon, L50|100\/100\n|-weather|SunnyDay|[from] ability: Orichalcum Pulse|[of] p1b: Koraidon\n|-activate|p1b: Koraidon|Orichalcum Pulse|[source]\n|-transform|p2a: MAJIN BUU|p1b: Koraidon|[from] ability: Imposter\n|-activate|p2a: MAJIN BUU|ability: Orichalcum Pulse\n|turn|2\n|l| bluestraggler02\n|j| bluestraggler02\n|inactive|TerpisKora has 30 seconds left.\n|inactive|Imnotagni has 30 seconds left.\n|inactive|TerpisKora has 20 seconds left.\n|inactive|TerpisKora has 15 seconds left.\n|inactive|Imnotagni has 20 seconds left.\n|inactive|TerpisKora has 10 seconds left.\n|inactive|Imnotagni has 15 seconds left.\n|inactive|Imnotagni has 10 seconds left.\n|inactive|Imnotagni has 5 seconds left.\n|\n|t:|1737396128\n|switch|p2b: FUTURE TRUNKS|Zacian-Crowned, L50|100\/100\n|-ability|p2b: FUTURE TRUNKS|Intrepid Sword|boost\n|-boost|p2b: FUTURE TRUNKS|atk|1\n|-terastallize|p1a: Heatran|Fairy\n|move|p2a: MAJIN BUU|Collision Course|p1a: Heatran\n|-resisted|p1a: Heatran\n|-damage|p1a: Heatran|69\/100\n|move|p1b: Koraidon|Flare Blitz|p2b: FUTURE TRUNKS\n|-supereffective|p2b: FUTURE TRUNKS\n|-damage|p2b: FUTURE TRUNKS|0 fnt\n|faint|p2b: FUTURE TRUNKS\n|-damage|p1b: Koraidon|73\/100|[from] Recoil\n|move|p1a: Heatran|Tera Blast|p2a: MAJIN BUU|[anim] Tera Blast Fairy\n|-supereffective|p2a: MAJIN BUU\n|-enditem|p2a: MAJIN BUU|Focus Sash\n|-damage|p2a: MAJIN BUU|1\/100\n|\n|-weather|SunnyDay|[upkeep]\n|upkeep\n|\n|t:|1737396130\n|switch|p2b: VEGETA|Chi-Yu, L50|79\/100\n|-ability|p2b: VEGETA|Beads of Ruin\n|turn|3\n|l| bluestraggler02\n|j| bluestraggler02\n|inactive|TerpisKora has 30 seconds left.\n|inactive|Imnotagni has 30 seconds left.\n|inactive|Imnotagni has 20 seconds left.\n|inactive|Imnotagni has 15 seconds left.\n|\n|t:|1737396171\n|move|p2a: MAJIN BUU|Scale Shot|p1b: Koraidon\n|-supereffective|p1b: Koraidon\n|-damage|p1b: Koraidon|43\/100\n|-supereffective|p1b: Koraidon\n|-damage|p1b: Koraidon|10\/100\n|-hitcount|p1b: Koraidon|2\n|-unboost|p2a: MAJIN BUU|def|1\n|-boost|p2a: MAJIN BUU|spe|1\n|move|p2b: VEGETA|Snarl|p1a: Heatran|[spread] p1a,p1b\n|-resisted|p1a: Heatran\n|-resisted|p1b: Koraidon\n|-damage|p1a: Heatran|58\/100\n|-damage|p1b: Koraidon|0 fnt\n|-unboost|p1a: Heatran|spa|1\n|faint|p1b: Koraidon\n|move|p1a: Heatran|Heat Wave|p2b: VEGETA|[spread] p2a,p2b\n|-resisted|p2a: MAJIN BUU\n|-resisted|p2b: VEGETA\n|-damage|p2a: MAJIN BUU|0 fnt\n|-damage|p2b: VEGETA|57\/100\n|faint|p2a: MAJIN BUU\n|\n|-weather|SunnyDay|[upkeep]\n|upkeep\n|\n|t:|1737396190\n|switch|p1b: Flutter Mane|Flutter Mane, L50|100\/100\n|-activate|p1b: Flutter Mane|ability: Protosynthesis\n|-start|p1b: Flutter Mane|protosynthesisspe\n|turn|4\n|\n|t:|1737396197\n|move|p1b: Flutter Mane|Protect|p1b: Flutter Mane\n|-singleturn|p1b: Flutter Mane|Protect\n|move|p2b: VEGETA|Snarl|p1a: Heatran|[spread] p1a\n|-activate|p1b: Flutter Mane|move: Protect\n|-resisted|p1a: Heatran\n|-damage|p1a: Heatran|46\/100\n|-unboost|p1a: Heatran|spa|1\n|move|p1a: Heatran|Earth Power|p2b: VEGETA\n|-supereffective|p2b: VEGETA\n|-damage|p2b: VEGETA|20\/100\n|\n|-weather|SunnyDay|[upkeep]\n|-sideend|p2: Imnotagni|move: Tailwind\n|upkeep\n|turn|5\n|-message|Imnotagni forfeited.\n|\n|win|TerpisKora\n|raw|TerpisKora's rating: 1656 &rarr; <strong>1678<\/strong><br \/>(+22 for winning)\n|raw|Imnotagni's rating: 1690 &rarr; <strong>1668<\/strong><br \/>(-22 for losing)\n|l|\u2606Imnotagni\n|player|p2|\n|l|\u2606TerpisKora\n|player|p1|\n","uploadtime":1737396464,"views":21,"formatid":"gen9vgc2025regg","rating":1668,"private":0,"password":null}