{"id":"gen9vgc2025regg-2284245622","format":"[Gen 9] VGC 2025 Reg G","players":["ginopollo","IMayDC"],"log":"|j|\u2606ginopollo\n|j|\u2606IMayDC\n|t:|1737322604\n|gametype|doubles\n|player|p1|ginopollo|169|1643\n|player|p2|IMayDC|clown|1588\n|teamsize|p1|6\n|teamsize|p2|6\n|gen|9\n|tier|[Gen 9] VGC 2025 Reg G\n|rated|\n|rule|Species Clause: Limit one of each Pok\u00e9mon\n|rule|Item Clause: Limit 1 of each item\n|clearpoke\n|poke|p1|Lunala, L50|\n|poke|p1|Iron Hands, L50|\n|poke|p1|Landorus, L50, M|\n|poke|p1|Rillaboom, L50, M|\n|poke|p1|Urshifu-*, L50, F|\n|poke|p1|Ditto, L50|\n|poke|p2|Zamazenta-*, L50|\n|poke|p2|Amoonguss, L50, F|\n|poke|p2|Rillaboom, L50, M|\n|poke|p2|Chien-Pao, L50|\n|poke|p2|Chi-Yu, L50|\n|poke|p2|Flutter Mane, L50|\n|teampreview|4\n|j| EllAkuro\n|\n|t:|1737322641\n|start\n|switch|p1a: Landorus|Landorus, L50, M|100\/100\n|switch|p1b: Urshifu|Urshifu, L50, F|100\/100\n|switch|p2a: Zamazenta|Zamazenta-Crowned, L50, shiny|100\/100\n|switch|p2b: Chien-Pao|Chien-Pao, L50|100\/100\n|-ability|p2b: Chien-Pao|Sword of Ruin\n|-ability|p2a: Zamazenta|Dauntless Shield|boost\n|-boost|p2a: Zamazenta|def|1\n|turn|1\n|\n|t:|1737322662\n|-terastallize|p2a: Zamazenta|Dragon\n|-terastallize|p1a: Landorus|Water\n|move|p2b: Chien-Pao|Icicle Crash|p1a: Landorus\n|-resisted|p1a: Landorus\n|-damage|p1a: Landorus|67\/100\n|move|p2a: Zamazenta|Body Press|p1b: Urshifu\n|-supereffective|p1b: Urshifu\n|-enditem|p1b: Urshifu|Focus Sash\n|-damage|p1b: Urshifu|1\/100\n|move|p1b: Urshifu|Wicked Blow|p2b: Chien-Pao\n|-resisted|p2b: Chien-Pao\n|-crit|p2b: Chien-Pao\n|-damage|p2b: Chien-Pao|54\/100\n|cant|p1a: Landorus|flinch\n|\n|upkeep\n|turn|2\n|\n|t:|1737322692\n|switch|p1b: Ditto|Ditto, L50|100\/100\n|-transform|p1b: Ditto|p2a: Zamazenta|[from] ability: Imposter\n|-ability|p1b: Ditto|Dauntless Shield|boost\n|-boost|p1b: Ditto|def|1\n|move|p2b: Chien-Pao|Sucker Punch||[still]\n|-fail|p2b: Chien-Pao\n|move|p2a: Zamazenta|Body Press|p1a: Landorus\n|-damage|p1a: Landorus|0 fnt\n|faint|p1a: Landorus\n|\n|upkeep\n|\n|t:|1737322704\n|switch|p1a: Lunala|Lunala, L50|100\/100\n|-start|p1b: Ditto|typechange|Fighting\/Steel|[silent]\n|turn|3\n|\n|t:|1737322717\n|move|p2b: Chien-Pao|Sucker Punch||[still]\n|-fail|p2b: Chien-Pao\n|move|p1b: Ditto|Body Press|p2b: Chien-Pao\n|-supereffective|p2b: Chien-Pao\n|-damage|p2b: Chien-Pao|0 fnt\n|faint|p2b: Chien-Pao\n|move|p2a: Zamazenta|Body Press|p1b: Ditto\n|-supereffective|p1b: Ditto\n|-damage|p1b: Ditto|54\/100\n|move|p1a: Lunala|Trick Room|p1a: Lunala\n|-fieldstart|move: Trick Room|[of] p1a: Lunala\n|-enditem|p1b: Ditto|Room Service\n|-unboost|p1b: Ditto|spe|1|[from] item: Room Service\n|\n|upkeep\n|\n|t:|1737322729\n|switch|p2b: Amoonguss|Amoonguss, L50, F, shiny|100\/100\n|turn|4\n|\n|t:|1737322739\n|move|p2b: Amoonguss|Spore|p1a: Lunala\n|-status|p1a: Lunala|slp|[from] move: Spore\n|move|p1b: Ditto|Heavy Slam|p2b: Amoonguss\n|-damage|p2b: Amoonguss|63\/100\n|-damage|p1b: Ditto|38\/100|[from] item: Rocky Helmet|[of] p2b: Amoonguss\n|cant|p1a: Lunala|slp\n|move|p2a: Zamazenta|Body Press|p1b: Ditto\n|-supereffective|p1b: Ditto\n|-damage|p1b: Ditto|0 fnt\n|faint|p1b: Ditto\n|\n|upkeep\n|\n|t:|1737322750\n|switch|p1b: Urshifu|Urshifu, L50, F|1\/100\n|turn|5\n|\n|t:|1737322765\n|move|p2b: Amoonguss|Rage Powder|p2b: Amoonguss\n|-singleturn|p2b: Amoonguss|move: Rage Powder\n|cant|p1a: Lunala|slp\n|move|p1b: Urshifu|Wicked Blow|p2b: Amoonguss\n|-crit|p2b: Amoonguss\n|-damage|p2b: Amoonguss|11\/100\n|-damage|p1b: Urshifu|0 fnt|[from] item: Rocky Helmet|[of] p2b: Amoonguss\n|faint|p1b: Urshifu\n|move|p2a: Zamazenta|Heavy Slam|p1a: Lunala\n|-damage|p1a: Lunala|81\/100 slp\n|\n|-heal|p1a: Lunala|88\/100 slp|[from] item: Leftovers\n|upkeep\n|turn|6\n|\n|t:|1737322782\n|move|p2b: Amoonguss|Protect|p2b: Amoonguss\n|-singleturn|p2b: Amoonguss|Protect\n|cant|p1a: Lunala|slp\n|move|p2a: Zamazenta|Heavy Slam|p1a: Lunala\n|-damage|p1a: Lunala|51\/100 slp\n|\n|-heal|p1a: Lunala|57\/100 slp|[from] item: Leftovers\n|upkeep\n|turn|7\n|\n|t:|1737322791\n|move|p2b: Amoonguss|Sludge Bomb|p1a: Lunala\n|-resisted|p1a: Lunala\n|-damage|p1a: Lunala|49\/100 slp\n|-curestatus|p1a: Lunala|slp|[msg]\n|move|p1a: Lunala|Moongeist Beam|p2b: Amoonguss\n|-damage|p2b: Amoonguss|0 fnt\n|faint|p2b: Amoonguss\n|move|p2a: Zamazenta|Heavy Slam|p1a: Lunala\n|-damage|p1a: Lunala|9\/100\n|\n|-heal|p1a: Lunala|15\/100|[from] item: Leftovers\n|-fieldend|move: Trick Room\n|upkeep\n|\n|t:|1737322794\n|switch|p2b: Chi-Yu|Chi-Yu, L50|100\/100\n|-ability|p2b: Chi-Yu|Beads of Ruin\n|turn|8\n|\n|t:|1737322807\n|move|p2b: Chi-Yu|Dark Pulse|p1a: Lunala\n|-supereffective|p1a: Lunala\n|-crit|p1a: Lunala\n|-damage|p1a: Lunala|0 fnt\n|faint|p1a: Lunala\n|\n|win|IMayDC\n|raw|ginopollo's rating: 1643 &rarr; <strong>1620<\/strong><br \/>(-23 for losing)\n|raw|IMayDC's rating: 1588 &rarr; <strong>1611<\/strong><br \/>(+23 for winning)\n|l|\u2606IMayDC\n|player|p2|\n|l| EllAkuro\n|l|\u2606ginopollo\n|player|p1|\n","uploadtime":1737323008,"views":9,"formatid":"gen9vgc2025regg","rating":1611,"private":0,"password":null}