{"id":"gen9vgc2025regg-2284503473","format":"[Gen 9] VGC 2025 Reg G","players":["Read Book","pig duck eater"],"log":"|j|\u2606Read Book\n|j|\u2606pig duck eater\n|t:|1737358406\n|gametype|doubles\n|player|p1|Read Book|1|1611\n|player|p2|pig duck eater|266|1596\n|teamsize|p1|6\n|teamsize|p2|6\n|gen|9\n|tier|[Gen 9] VGC 2025 Reg G\n|rated|\n|rule|Species Clause: Limit one of each Pok\u00e9mon\n|rule|Item Clause: Limit 1 of each item\n|clearpoke\n|poke|p1|Miraidon, L50|\n|poke|p1|Whimsicott, L50, F|\n|poke|p1|Urshifu-*, L50, F|\n|poke|p1|Ogerpon-Hearthflame, L50, F|\n|poke|p1|Farigiraf, L50, M|\n|poke|p1|Iron Hands, L50|\n|poke|p2|Kommo-o, L50, F|\n|poke|p2|Incineroar, L50, F|\n|poke|p2|Ogerpon-Wellspring, L50, F|\n|poke|p2|Zacian-*, L50|\n|poke|p2|Porygon2, L50|\n|poke|p2|Weezing, L50, F|\n|teampreview|4\n|inactive|Battle timer is ON: inactive players will automatically lose when time's up. (requested by Read Book)\n|j| jasper2452\n|inactive|pig duck eater has 60 seconds left.\n|\n|t:|1737358448\n|start\n|switch|p1a: Miraidon|Miraidon, L50|100\/100\n|switch|p1b: Iron Hands|Iron Hands, L50|100\/100\n|switch|p2a: Porygon2|Porygon2, L50|100\/100\n|switch|p2b: Incineroar|Incineroar, L50, F|100\/100\n|-fieldstart|move: Electric Terrain|[from] ability: Hadron Engine|[of] p1a: Miraidon\n|-activate|p1b: Iron Hands|ability: Quark Drive\n|-start|p1b: Iron Hands|quarkdriveatk\n|-ability|p2b: Incineroar|Intimidate|boost\n|-unboost|p1a: Miraidon|atk|1\n|-unboost|p1b: Iron Hands|atk|1\n|-ability|p2a: Porygon2|Download|boost\n|-boost|p2a: Porygon2|atk|1\n|turn|1\n|inactive|pig duck eater has 30 seconds left.\n|inactive|pig duck eater has 20 seconds left.\n|\n|t:|1737358485\n|switch|p2b: Weezing|Weezing, L50, F|100\/100\n|-ability|p2b: Weezing|Neutralizing Gas\n|-terastallize|p2a: Porygon2|Ground\n|move|p1b: Iron Hands|Fake Out|p2a: Porygon2\n|-damage|p2a: Porygon2|92\/100\n|move|p1a: Miraidon|Electro Drift|p2b: Weezing\n|-damage|p2b: Weezing|0 fnt\n|faint|p2b: Weezing\n|-end|p2b: Weezing|ability: Neutralizing Gas\n|-activate|p1a: Miraidon|ability: Hadron Engine\n|-ability|p2a: Porygon2|Download|boost\n|-boost|p2a: Porygon2|atk|1\n|cant|p2a: Porygon2|flinch\n|\n|upkeep\n|\n|t:|1737358496\n|switch|p2b: Zacian|Zacian-Crowned, L50|100\/100\n|-ability|p2b: Zacian|Intrepid Sword|boost\n|-boost|p2b: Zacian|atk|1\n|turn|2\n|inactive|Read Book has 30 seconds left.\n|inactive|Read Book has 20 seconds left.\n|inactive|Read Book has 15 seconds left.\n|\n|t:|1737358540\n|move|p2b: Zacian|Substitute|p2b: Zacian\n|-start|p2b: Zacian|Substitute\n|-damage|p2b: Zacian|76\/100\n|move|p1a: Miraidon|Electro Drift|p2b: Zacian\n|-end|p2b: Zacian|Substitute\n|move|p2a: Porygon2|Tera Blast|p1b: Iron Hands|[anim] Tera Blast Ground\n|-supereffective|p1b: Iron Hands\n|-damage|p1b: Iron Hands|33\/100\n|move|p1b: Iron Hands|Drain Punch|p2a: Porygon2\n|-damage|p2a: Porygon2|67\/100\n|-heal|p1b: Iron Hands|43\/100|[from] drain|[of] p2a: Porygon2\n|\n|upkeep\n|turn|3\n|\n|t:|1737358564\n|switch|p1a: Ogerpon|Ogerpon-Hearthflame, L50, F|100\/100\n|-ability|p1a: Ogerpon|Mold Breaker\n|-end|p1b: Iron Hands|Quark Drive|[silent]\n|switch|p1b: Farigiraf|Farigiraf, L50, M|100\/100\n|-enditem|p1b: Farigiraf|Electric Seed\n|-boost|p1b: Farigiraf|def|1|[from] item: Electric Seed\n|move|p2b: Zacian|Play Rough|p1a: Ogerpon\n|-resisted|p1a: Ogerpon\n|-damage|p1a: Ogerpon|55\/100\n|move|p2a: Porygon2|Tera Blast|p1b: Farigiraf|[anim] Tera Blast Ground\n|-damage|p1b: Farigiraf|76\/100\n|\n|upkeep\n|turn|4\n|inactive|Read Book has 30 seconds left.\n|inactive|pig duck eater has 30 seconds left.\n|inactive|pig duck eater has 20 seconds left.\n|inactive|Read Book has 20 seconds left.\n|inactive|pig duck eater has 15 seconds left.\n|\n|t:|1737358604\n|switch|p2a: Incineroar|Incineroar, L50, F|100\/100\n|-ability|p2a: Incineroar|Intimidate|boost\n|-unboost|p1a: Ogerpon|atk|1\n|-unboost|p1b: Farigiraf|atk|1\n|move|p2b: Zacian|Substitute|p2b: Zacian\n|-start|p2b: Zacian|Substitute\n|-damage|p2b: Zacian|51\/100\n|move|p1a: Ogerpon|Wood Hammer|p2a: Incineroar\n|-resisted|p2a: Incineroar\n|-damage|p2a: Incineroar|80\/100\n|-damage|p1a: Ogerpon|47\/100|[from] Recoil\n|move|p1b: Farigiraf|Trick Room|p1b: Farigiraf\n|-fieldstart|move: Trick Room|[of] p1b: Farigiraf\n|\n|upkeep\n|turn|5\n|j| mr pogostick\n|\n|t:|1737358627\n|switch|p1b: Iron Hands|Iron Hands, L50|43\/100\n|-activate|p1b: Iron Hands|ability: Quark Drive\n|-start|p1b: Iron Hands|quarkdriveatk\n|move|p2b: Zacian|Protect|p2b: Zacian\n|-singleturn|p2b: Zacian|Protect\n|move|p2a: Incineroar|Parting Shot|p1b: Iron Hands\n|-unboost|p1b: Iron Hands|atk|1\n|-unboost|p1b: Iron Hands|spa|1\n|\n|t:|1737358635\n|switch|p2a: Porygon2|Porygon2, L50, tera:Ground|67\/100|[from] Parting Shot\n|-ability|p2a: Porygon2|Download|boost\n|-boost|p2a: Porygon2|spa|1\n|move|p1a: Ogerpon|Ivy Cudgel|p2b: Zacian|[anim] Ivy Cudgel Fire\n|-activate|p2b: Zacian|move: Protect\n|\n|-fieldend|move: Electric Terrain\n|-end|p1b: Iron Hands|Quark Drive\n|upkeep\n|turn|6\n|\n|t:|1737358650\n|move|p1b: Iron Hands|Drain Punch|p2a: Porygon2\n|-damage|p2a: Porygon2|46\/100\n|-heal|p1b: Iron Hands|52\/100|[from] drain|[of] p2a: Porygon2\n|move|p2a: Porygon2|Tera Blast|p1a: Ogerpon|[anim] Tera Blast Ground\n|-damage|p1a: Ogerpon|0 fnt\n|faint|p1a: Ogerpon\n|move|p2b: Zacian|Behemoth Blade|p1b: Iron Hands\n|-resisted|p1b: Iron Hands\n|-damage|p1b: Iron Hands|20\/100\n|\n|upkeep\n|\n|t:|1737358660\n|switch|p1a: Miraidon|Miraidon, L50|100\/100\n|-fieldstart|move: Electric Terrain|[from] ability: Hadron Engine|[of] p1a: Miraidon\n|-activate|p1b: Iron Hands|ability: Quark Drive\n|-start|p1b: Iron Hands|quarkdriveatk\n|turn|7\n|\n|t:|1737358683\n|-terastallize|p1a: Miraidon|Fairy\n|move|p1b: Iron Hands|Heavy Slam|p2a: Porygon2\n|-crit|p2a: Porygon2\n|-damage|p2a: Porygon2|0 fnt\n|faint|p2a: Porygon2\n|move|p1a: Miraidon|Volt Switch|p2b: Zacian\n|-end|p2b: Zacian|Substitute\n|\n|t:|1737358692\n|switch|p1a: Farigiraf|Farigiraf, L50, M|76\/100|[from] Volt Switch\n|move|p2b: Zacian|Play Rough|p1a: Farigiraf|[miss]\n|-miss|p2b: Zacian|p1a: Farigiraf\n|\n|upkeep\n|j| uppercut vgc\n|\n|t:|1737358696\n|switch|p2a: Incineroar|Incineroar, L50, F|80\/100\n|-ability|p2a: Incineroar|Intimidate|boost\n|-unboost|p1a: Farigiraf|atk|1\n|-unboost|p1b: Iron Hands|atk|1\n|turn|8\n|l| uppercut vgc\n|\n|t:|1737358708\n|move|p1a: Farigiraf|Helping Hand|p1b: Iron Hands\n|-singleturn|p1b: Iron Hands|Helping Hand|[of] p1a: Farigiraf\n|move|p2b: Zacian|Protect|p2b: Zacian\n|-singleturn|p2b: Zacian|Protect\n|move|p1b: Iron Hands|Drain Punch|p2a: Incineroar\n|-supereffective|p2a: Incineroar\n|-damage|p2a: Incineroar|0 fnt\n|-heal|p1b: Iron Hands|54\/100|[from] drain|[of] p2a: Incineroar\n|faint|p2a: Incineroar\n|\n|-fieldend|move: Trick Room\n|upkeep\n|turn|9\n|-message|pig duck eater forfeited.\n|\n|win|Read Book\n|raw|Read Book's rating: 1611 &rarr; <strong>1630<\/strong><br \/>(+19 for winning)\n|raw|pig duck eater's rating: 1596 &rarr; <strong>1577<\/strong><br \/>(-19 for losing)\n|l|\u2606pig duck eater\n|player|p2|\n|l|\u2606Read Book\n|player|p1|\n|l| jasper2452\n","uploadtime":1737358863,"views":35,"formatid":"gen9vgc2025regg","rating":1577,"private":0,"password":null}