{"id":"gen9vgc2025regg-2284911370","format":"[Gen 9] VGC 2025 Reg G","players":["Meiose","chin8"],"log":"|j|\u2606Meiose\n|j|\u2606chin8\n|t:|1737411102\n|gametype|doubles\n|player|p1|Meiose|schoolkid-gen4|1589\n|player|p2|chin8|gentleman-gen4dp|1617\n|teamsize|p1|6\n|teamsize|p2|6\n|gen|9\n|tier|[Gen 9] VGC 2025 Reg G\n|rated|\n|rule|Species Clause: Limit one of each Pok\u00e9mon\n|rule|Item Clause: Limit 1 of each item\n|clearpoke\n|poke|p1|Zamazenta-*, L50|\n|poke|p1|Chien-Pao, L50|\n|poke|p1|Urshifu-*, L50, M|\n|poke|p1|Tornadus, L50, M|\n|poke|p1|Raging Bolt, L50|\n|poke|p1|Landorus, L50, M|\n|poke|p2|Calyrex-Shadow, L50|\n|poke|p2|Incineroar, L50, M|\n|poke|p2|Rillaboom, L50, F|\n|poke|p2|Gastrodon-East, L50, M|\n|poke|p2|Hitmonchan, L50, M|\n|poke|p2|Tropius, L50, M|\n|teampreview|4\nMeiose has agreed to open team sheets.\n|inactive|Battle timer is ON: inactive players will automatically lose when time's up. (requested by chin8)\n|\n|t:|1737411138\n|start\n|switch|p1a: Urshifu|Urshifu, L50, M|100\/100\n|switch|p1b: Tornadus|Tornadus, L50, M|100\/100\n|switch|p2a: Incineroar|Incineroar, L50, M|100\/100\n|switch|p2b: Calyrex|Calyrex-Shadow, L50|100\/100\n|-ability|p2b: Calyrex|As One\n|-ability|p2b: Calyrex|Unnerve\n|-ability|p2a: Incineroar|Intimidate|boost\n|-unboost|p1a: Urshifu|atk|1\n|-unboost|p1b: Tornadus|atk|1\n|turn|1\n|j| Geengar's dream\n|\n|t:|1737411150\n|switch|p2a: Rillaboom|Rillaboom, L50, F|100\/100\n|-fieldstart|move: Grassy Terrain|[from] ability: Grassy Surge|[of] p2a: Rillaboom\n|-terastallize|p2b: Calyrex|Fairy\n|-terastallize|p1b: Tornadus|Dark\n|move|p1a: Urshifu|Detect|p1a: Urshifu\n|-singleturn|p1a: Urshifu|Protect\n|move|p2b: Calyrex|Calm Mind|p2b: Calyrex\n|-boost|p2b: Calyrex|spa|1\n|-boost|p2b: Calyrex|spd|1\n|move|p1b: Tornadus|Bleakwind Storm|p2a: Rillaboom|[spread] p2a,p2b\n|-supereffective|p2a: Rillaboom\n|-damage|p2a: Rillaboom|57\/100\n|-damage|p2b: Calyrex|81\/100\n|\n|-heal|p2b: Calyrex|87\/100|[from] Grassy Terrain\n|-heal|p2a: Rillaboom|63\/100|[from] Grassy Terrain\n|upkeep\n|turn|2\n|\n|t:|1737411167\n|move|p2a: Rillaboom|Fake Out|p1a: Urshifu\n|-damage|p1a: Urshifu|85\/100\n|move|p1b: Tornadus|Taunt|p2b: Calyrex\n|-start|p2b: Calyrex|move: Taunt\n|move|p2b: Calyrex|Draining Kiss|p1a: Urshifu\n|-supereffective|p1a: Urshifu\n|-damage|p1a: Urshifu|0 fnt\n|-heal|p2b: Calyrex|100\/100|[from] drain|[of] p1a: Urshifu\n|faint|p1a: Urshifu\n|-ability|p2b: Calyrex|Grim Neigh|boost\n|-boost|p2b: Calyrex|spa|1\n|\n|-heal|p2a: Rillaboom|69\/100|[from] Grassy Terrain\n|upkeep\n|\n|t:|1737411171\n|switch|p1a: Chien-Pao|Chien-Pao, L50|100\/100\n|-ability|p1a: Chien-Pao|Sword of Ruin\n|turn|3\n|\n|t:|1737411180\n|switch|p2a: Incineroar|Incineroar, L50, M|100\/100\n|-ability|p2a: Incineroar|Intimidate|boost\n|-unboost|p1a: Chien-Pao|atk|1\n|-unboost|p1b: Tornadus|atk|1\n|move|p1a: Chien-Pao|Protect|p1a: Chien-Pao\n|-singleturn|p1a: Chien-Pao|Protect\n|move|p1b: Tornadus|Tailwind|p1b: Tornadus\n|-sidestart|p1: Meiose|move: Tailwind\n|move|p2b: Calyrex|Draining Kiss|p1a: Chien-Pao\n|-activate|p1a: Chien-Pao|move: Protect\n|\n|upkeep\n|turn|4\n|inactive|Meiose has 30 seconds left.\n|\n|t:|1737411207\n|move|p1a: Chien-Pao|Ice Spinner|p2b: Calyrex\n|-damage|p2b: Calyrex|62\/100\n|-fieldend|move: Grassy Terrain\n|move|p1b: Tornadus|Bleakwind Storm|p2a: Incineroar|[spread] p2a,p2b\n|-damage|p2a: Incineroar|76\/100\n|-damage|p2b: Calyrex|43\/100\n|move|p2b: Calyrex|Draining Kiss|p1a: Chien-Pao\n|-supereffective|p1a: Chien-Pao\n|-enditem|p1a: Chien-Pao|Focus Sash\n|-damage|p1a: Chien-Pao|1\/100\n|-heal|p2b: Calyrex|100\/100|[from] drain|[of] p1a: Chien-Pao\n|move|p2a: Incineroar|Parting Shot|p1a: Chien-Pao\n|-unboost|p1a: Chien-Pao|atk|1\n|-unboost|p1a: Chien-Pao|spa|1\n|\n|t:|1737411221\n|switch|p2a: Gastrodon|Gastrodon-East, L50, M, shiny|100\/100|[from] Parting Shot\n|\n|-end|p2b: Calyrex|move: Taunt\n|upkeep\n|turn|5\n|\n|t:|1737411230\n|move|p2b: Calyrex|Protect|p2b: Calyrex\n|-singleturn|p2b: Calyrex|Protect\n|move|p1b: Tornadus|Taunt|p2b: Calyrex\n|-activate|p2b: Calyrex|move: Protect\n|move|p1a: Chien-Pao|Haze|p1a: Chien-Pao\n|-clearallboost\n|move|p2a: Gastrodon|Icy Wind|p1b: Tornadus|[spread] p1a,p1b\n|-resisted|p1a: Chien-Pao\n|-damage|p1a: Chien-Pao|0 fnt\n|-damage|p1b: Tornadus|89\/100\n|faint|p1a: Chien-Pao\n|\n|upkeep\n|\n|t:|1737411232\n|switch|p1a: Zamazenta|Zamazenta-Crowned, L50|100\/100\n|-ability|p1a: Zamazenta|Dauntless Shield|boost\n|-boost|p1a: Zamazenta|def|1\n|turn|6\n|\n|t:|1737411247\n|switch|p2b: Incineroar|Incineroar, L50, M|76\/100\n|-ability|p2b: Incineroar|Intimidate|boost\n|-unboost|p1a: Zamazenta|atk|1\n|-unboost|p1b: Tornadus|atk|1\n|move|p1a: Zamazenta|Body Press|p2a: Gastrodon\n|-damage|p2a: Gastrodon|27\/100\n|move|p1b: Tornadus|Bleakwind Storm|p2b: Incineroar|[spread] p2a,p2b\n|-damage|p2a: Gastrodon|2\/100\n|-damage|p2b: Incineroar|51\/100\n|move|p2a: Gastrodon|Earth Power|p1a: Zamazenta\n|-supereffective|p1a: Zamazenta\n|-damage|p1a: Zamazenta|54\/100\n|\n|-heal|p2a: Gastrodon|8\/100|[from] item: Leftovers\n|-sideend|p1: Meiose|move: Tailwind\n|upkeep\n|turn|7\n|\n|t:|1737411261\n|switch|p2b: Calyrex|Calyrex-Shadow, L50, tera:Fairy|100\/100\n|-ability|p2b: Calyrex|As One\n|-ability|p2b: Calyrex|Unnerve\n|move|p2a: Gastrodon|Protect|p2a: Gastrodon\n|-singleturn|p2a: Gastrodon|Protect\n|move|p1a: Zamazenta|Body Press|p2b: Calyrex\n|-resisted|p2b: Calyrex\n|-damage|p2b: Calyrex|65\/100\n|move|p1b: Tornadus|Bleakwind Storm|p2b: Calyrex|[spread] p2b\n|-activate|p2a: Gastrodon|move: Protect\n|-damage|p2b: Calyrex|37\/100\n|\n|-heal|p2a: Gastrodon|14\/100|[from] item: Leftovers\n|upkeep\n|turn|8\n|\n|t:|1737411272\n|switch|p2a: Incineroar|Incineroar, L50, M|51\/100\n|-ability|p2a: Incineroar|Intimidate|boost\n|-unboost|p1a: Zamazenta|atk|1\n|-unboost|p1b: Tornadus|atk|1\n|move|p2b: Calyrex|Protect|p2b: Calyrex\n|-singleturn|p2b: Calyrex|Protect\n|move|p1a: Zamazenta|Protect|p1a: Zamazenta\n|-singleturn|p1a: Zamazenta|Protect\n|move|p1b: Tornadus|Bleakwind Storm|p2a: Incineroar|[spread] p2a\n|-activate|p2b: Calyrex|move: Protect\n|-damage|p2a: Incineroar|24\/100\n|-unboost|p2a: Incineroar|spe|1\n|-enditem|p2a: Incineroar|Aguav Berry|[eat]\n|-heal|p2a: Incineroar|57\/100|[from] item: Aguav Berry\n|\n|upkeep\n|turn|9\n|\n|t:|1737411287\n|move|p1a: Zamazenta|Wide Guard|p1a: Zamazenta\n|-singleturn|p1a: Zamazenta|Wide Guard\n|move|p2a: Incineroar|Fake Out|p1a: Zamazenta\n|-resisted|p1a: Zamazenta\n|-damage|p1a: Zamazenta|51\/100\n|move|p1b: Tornadus|Tailwind|p1b: Tornadus\n|-sidestart|p1: Meiose|move: Tailwind\n|move|p2b: Calyrex|Draining Kiss|p1b: Tornadus\n|-supereffective|p1b: Tornadus\n|-damage|p1b: Tornadus|1\/100\n|-heal|p2b: Calyrex|100\/100|[from] drain|[of] p1b: Tornadus\n|\n|upkeep\n|turn|10\n|\n|t:|1737411298\n|switch|p2b: Rillaboom|Rillaboom, L50, F|69\/100\n|-fieldstart|move: Grassy Terrain|[from] ability: Grassy Surge|[of] p2b: Rillaboom\n|switch|p2a: Gastrodon|Gastrodon-East, L50, M, shiny|14\/100\n|move|p1a: Zamazenta|Body Press|p2a: Gastrodon\n|-damage|p2a: Gastrodon|0 fnt\n|faint|p2a: Gastrodon\n|move|p1b: Tornadus|Bleakwind Storm|p2b: Rillaboom\n|-supereffective|p2b: Rillaboom\n|-damage|p2b: Rillaboom|14\/100\n|-unboost|p2b: Rillaboom|spe|1\n|\n|-heal|p1a: Zamazenta|57\/100|[from] Grassy Terrain\n|-heal|p1b: Tornadus|7\/100|[from] Grassy Terrain\n|-heal|p2b: Rillaboom|19\/100|[from] Grassy Terrain\n|upkeep\n|\n|t:|1737411304\n|switch|p2a: Incineroar|Incineroar, L50, M|57\/100\n|-ability|p2a: Incineroar|Intimidate|boost\n|-unboost|p1a: Zamazenta|atk|1\n|-unboost|p1b: Tornadus|atk|1\n|turn|11\n|inactive|Meiose has 30 seconds left.\n|\n|t:|1737411331\n|move|p2a: Incineroar|Fake Out|p1a: Zamazenta\n|-resisted|p1a: Zamazenta\n|-damage|p1a: Zamazenta|55\/100\n|move|p2b: Rillaboom|Grassy Glide|p1b: Tornadus\n|-damage|p1b: Tornadus|0 fnt\n|faint|p1b: Tornadus\n|cant|p1a: Zamazenta|flinch\n|\n|-heal|p1a: Zamazenta|61\/100|[from] Grassy Terrain\n|-heal|p2a: Incineroar|63\/100|[from] Grassy Terrain\n|-heal|p2b: Rillaboom|25\/100|[from] Grassy Terrain\n|upkeep\n|turn|12\n|\n|t:|1737411342\n|switch|p2a: Calyrex|Calyrex-Shadow, L50, tera:Fairy|100\/100\n|-ability|p2a: Calyrex|As One\n|-ability|p2a: Calyrex|Unnerve\n|move|p1a: Zamazenta|Heavy Slam|p2a: Calyrex\n|-supereffective|p2a: Calyrex\n|-damage|p2a: Calyrex|59\/100\n|move|p2b: Rillaboom|U-turn|p1a: Zamazenta\n|-resisted|p1a: Zamazenta\n|-damage|p1a: Zamazenta|59\/100\n|\n|t:|1737411345\n|switch|p2b: Incineroar|Incineroar, L50, M|63\/100|[from] U-turn\n|-ability|p2b: Incineroar|Intimidate|boost\n|-unboost|p1a: Zamazenta|atk|1\n|\n|-heal|p1a: Zamazenta|65\/100|[from] Grassy Terrain\n|-heal|p2a: Calyrex|65\/100|[from] Grassy Terrain\n|-heal|p2b: Incineroar|69\/100|[from] Grassy Terrain\n|-sideend|p1: Meiose|move: Tailwind\n|upkeep\n|turn|13\n|\n|t:|1737411356\n|move|p2b: Incineroar|Fake Out|p1a: Zamazenta\n|-resisted|p1a: Zamazenta\n|-damage|p1a: Zamazenta|63\/100\n|move|p2a: Calyrex|Calm Mind|p2a: Calyrex\n|-boost|p2a: Calyrex|spa|1\n|-boost|p2a: Calyrex|spd|1\n|cant|p1a: Zamazenta|flinch\n|\n|-heal|p2a: Calyrex|71\/100|[from] Grassy Terrain\n|-heal|p1a: Zamazenta|69\/100|[from] Grassy Terrain\n|-heal|p2b: Incineroar|75\/100|[from] Grassy Terrain\n|upkeep\n|turn|14\n|\n|t:|1737411360\n|move|p2a: Calyrex|Astral Barrage|p1a: Zamazenta\n|-damage|p1a: Zamazenta|0 fnt\n|faint|p1a: Zamazenta\n|\n|win|chin8\n|raw|Meiose's rating: 1589 &rarr; <strong>1571<\/strong><br \/>(-18 for losing)\n|raw|chin8's rating: 1617 &rarr; <strong>1635<\/strong><br \/>(+18 for winning)\n|l|\u2606chin8\n|player|p2|\n|l|\u2606Meiose\n|player|p1|\n","uploadtime":1737411532,"views":5,"formatid":"gen9vgc2025regg","rating":1571,"private":0,"password":null}