{"id":"gen9vgc2025regg-2284699322","format":"[Gen 9] VGC 2025 Reg G","players":["MegaLycanrocEX","Beccca"],"log":"|j|\u2606MegaLycanrocEX\n|j|\u2606Beccca\n|t:|1737388816\n|gametype|doubles\n|player|p1|MegaLycanrocEX|skyla|1559\n|player|p2|Beccca|266|1517\n|teamsize|p1|6\n|teamsize|p2|6\n|gen|9\n|tier|[Gen 9] VGC 2025 Reg G\n|rated|\n|rule|Species Clause: Limit one of each Pok\u00e9mon\n|rule|Item Clause: Limit 1 of each item\n|clearpoke\n|poke|p1|Miraidon, L50|\n|poke|p1|Whimsicott, L50, M|\n|poke|p1|Urshifu-*, L50, M|\n|poke|p1|Farigiraf, L50, F|\n|poke|p1|Iron Hands, L50|\n|poke|p1|Entei, L50|\n|poke|p2|Calyrex-Shadow, L50|\n|poke|p2|Flutter Mane, L50|\n|poke|p2|Chi-Yu, L50|\n|poke|p2|Tornadus, L50, M|\n|poke|p2|Ogerpon-Cornerstone, L50, F|\n|poke|p2|Indeedee-F, L50, F|\n|teampreview|4\n|inactive|Battle timer is ON: inactive players will automatically lose when time's up. (requested by Beccca)\n|\n|t:|1737388855\n|start\n|switch|p1a: Whimsicott|Whimsicott, L50, M|100\/100\n|switch|p1b: Miraidon|Miraidon, L50|100\/100\n|switch|p2a: Indeedee|Indeedee-F, L50, F|100\/100\n|switch|p2b: Calyrex|Calyrex-Shadow, L50|100\/100\n|-ability|p2b: Calyrex|As One\n|-ability|p2b: Calyrex|Unnerve\n|-fieldstart|move: Electric Terrain|[from] ability: Hadron Engine|[of] p1b: Miraidon\n|-fieldstart|move: Psychic Terrain|[from] ability: Psychic Surge|[of] p2a: Indeedee\n|turn|1\n|inactive|MegaLycanrocEX has 30 seconds left.\n|inactive|MegaLycanrocEX has 20 seconds left.\n|\n|t:|1737388893\n|move|p2a: Indeedee|Helping Hand|p2b: Calyrex\n|-singleturn|p2b: Calyrex|Helping Hand|[of] p2a: Indeedee\n|move|p1a: Whimsicott|Light Screen|p1a: Whimsicott\n|-sidestart|p1: MegaLycanrocEX|move: Light Screen\n|move|p2b: Calyrex|Expanding Force|p1a: Whimsicott|[spread] p1a,p1b\n|-damage|p1a: Whimsicott|2\/100\n|-damage|p1b: Miraidon|20\/100\n|-damage|p2b: Calyrex|91\/100|[from] item: Life Orb\n|move|p1b: Miraidon|Draco Meteor|p2b: Calyrex\n|-damage|p2b: Calyrex|0 fnt\n|-unboost|p1b: Miraidon|spa|2\n|faint|p2b: Calyrex\n|\n|upkeep\n|\n|t:|1737388911\n|switch|p2b: Ogerpon|Ogerpon-Cornerstone, L50, F|100\/100\n|turn|2\n|\n|t:|1737388926\n|move|p2b: Ogerpon|Spiky Shield|p2b: Ogerpon\n|-singleturn|p2b: Ogerpon|move: Protect\n|move|p1a: Whimsicott|Tailwind|p1a: Whimsicott\n|-sidestart|p1: MegaLycanrocEX|move: Tailwind\n|move|p1b: Miraidon|Draco Meteor|p2b: Ogerpon\n|-activate|p2b: Ogerpon|move: Protect\n|move|p2a: Indeedee|Psychic|p1b: Miraidon\n|-damage|p1b: Miraidon|0 fnt\n|faint|p1b: Miraidon\n|\n|upkeep\n|\n|t:|1737388945\n|switch|p1b: Urshifu|Urshifu-Rapid-Strike, L50, M|100\/100\n|turn|3\n|\n|t:|1737388953\n|move|p2a: Indeedee|Follow Me|p2a: Indeedee\n|-singleturn|p2a: Indeedee|move: Follow Me\n|move|p1a: Whimsicott|Moonblast|p2a: Indeedee\n|-damage|p2a: Indeedee|73\/100\n|-unboost|p2a: Indeedee|spa|1\n|move|p1b: Urshifu|Surging Strikes|p2a: Indeedee\n|-crit|p2a: Indeedee\n|-damage|p2a: Indeedee|51\/100\n|-damage|p1b: Urshifu|84\/100|[from] item: Rocky Helmet|[of] p2a: Indeedee\n|-crit|p2a: Indeedee\n|-damage|p2a: Indeedee|30\/100\n|-damage|p1b: Urshifu|67\/100|[from] item: Rocky Helmet|[of] p2a: Indeedee\n|-crit|p2a: Indeedee\n|-damage|p2a: Indeedee|7\/100\n|-damage|p1b: Urshifu|51\/100|[from] item: Rocky Helmet|[of] p2a: Indeedee\n|-hitcount|p2a: Indeedee|3\n|move|p2b: Ogerpon|Power Whip|p1b: Urshifu\n|-supereffective|p1b: Urshifu\n|-damage|p1b: Urshifu|0 fnt\n|faint|p1b: Urshifu\n|\n|upkeep\n|\n|t:|1737388973\n|switch|p1b: Entei|Entei, L50|100\/100\n|turn|4\n|\n|t:|1737388997\n|-terastallize|p1b: Entei|Normal\n|move|p2a: Indeedee|Follow Me|p2a: Indeedee\n|-singleturn|p2a: Indeedee|move: Follow Me\n|move|p1a: Whimsicott|Moonblast|p2a: Indeedee\n|-damage|p2a: Indeedee|0 fnt\n|faint|p2a: Indeedee\n|move|p1b: Entei|Sacred Fire|p2b: Ogerpon|[miss]\n|-miss|p1b: Entei|p2b: Ogerpon\n|move|p2b: Ogerpon|Ivy Cudgel|p1a: Whimsicott|[anim] Ivy Cudgel Rock\n|-damage|p1a: Whimsicott|0 fnt\n|faint|p1a: Whimsicott\n|\n|upkeep\n|\n|t:|1737389009\n|switch|p2a: Tornadus|Tornadus, L50, M|100\/100\n|turn|5\n|\n|t:|1737389018\n|-terastallize|p2b: Ogerpon|Rock\n|detailschange|p2b: Ogerpon|Ogerpon-Cornerstone-Tera, L50, F, tera:Rock\n|-ability|p2b: Ogerpon|Embody Aspect (Cornerstone)|boost\n|-boost|p2b: Ogerpon|def|1\n|move|p1b: Entei|Sacred Fire|p2b: Ogerpon\n|-resisted|p2b: Ogerpon\n|-damage|p2b: Ogerpon|79\/100\n|move|p2b: Ogerpon|Ivy Cudgel|p1b: Entei|[anim] Ivy Cudgel Rock\n|-damage|p1b: Entei|27\/100\n|-enditem|p1b: Entei|Sitrus Berry|[eat]\n|-heal|p1b: Entei|51\/100|[from] item: Sitrus Berry\n|move|p2a: Tornadus|Bleakwind Storm|p1b: Entei\n|-damage|p1b: Entei|24\/100\n|\n|-sideend|p1: MegaLycanrocEX|move: Light Screen\n|-sideend|p1: MegaLycanrocEX|move: Tailwind\n|-fieldend|move: Psychic Terrain\n|upkeep\n|turn|6\n|-message|MegaLycanrocEX forfeited.\n|\n|win|Beccca\n|raw|MegaLycanrocEX's rating: 1559 &rarr; <strong>1537<\/strong><br \/>(-22 for losing)\n|raw|Beccca's rating: 1517 &rarr; <strong>1539<\/strong><br \/>(+22 for winning)\n|l|\u2606MegaLycanrocEX\n|player|p1|\n|l|\u2606Beccca\n|player|p2|\n","uploadtime":1737389184,"views":5,"formatid":"gen9vgc2025regg","rating":1537,"private":0,"password":null}