{"id":"gen9vgc2025regg-2284900919","format":"[Gen 9] VGC 2025 Reg G","players":["Rolling Mooo","Hikawari"],"log":"|j|\u2606Rolling Mooo\n|j|\u2606Hikawari\n|t:|1737409965\n|gametype|doubles\n|player|p1|Rolling Mooo|101|1732\n|player|p2|Hikawari|265|1634\n|teamsize|p1|6\n|teamsize|p2|6\n|gen|9\n|tier|[Gen 9] VGC 2025 Reg G\n|rated|\n|rule|Species Clause: Limit one of each Pok\u00e9mon\n|rule|Item Clause: Limit 1 of each item\n|clearpoke\n|poke|p1|Calyrex-Ice, L50|\n|poke|p1|Urshifu-*, L50, F|\n|poke|p1|Ursaluna-Bloodmoon, L50, M|\n|poke|p1|Pelipper, L50, F|\n|poke|p1|Ogerpon-Cornerstone, L50, F|\n|poke|p1|Iron Valiant, L50|\n|poke|p2|Kleavor, L50, M|\n|poke|p2|Calyrex-Ice, L50|\n|poke|p2|Indeedee-F, L50, F|\n|poke|p2|Ursaluna-Bloodmoon, L50, M|\n|poke|p2|Mienshao, L50, F|\n|poke|p2|Zoroark-Hisui, L50, F|\n|teampreview|4\n|inactive|Battle timer is ON: inactive players will automatically lose when time's up. (requested by Hikawari)\n|j| moon7777\n|\n|t:|1737409994\n|start\n|switch|p1a: Calyrex|Calyrex-Ice, L50|100\/100\n|switch|p1b: Iron Valiant|Iron Valiant, L50|100\/100\n|switch|p2a: Kleavor|Kleavor, L50, M|100\/100\n|switch|p2b: Ursaluna|Ursaluna-Bloodmoon, L50, M|100\/100\n|-ability|p1a: Calyrex|As One\n|-ability|p1a: Calyrex|Unnerve\n|-enditem|p1b: Iron Valiant|Booster Energy\n|-activate|p1b: Iron Valiant|ability: Quark Drive|[fromitem]\n|-start|p1b: Iron Valiant|quarkdrivespe\n|turn|1\n|\n|t:|1737410015\n|-terastallize|p1b: Iron Valiant|Steel\n|move|p1a: Calyrex|Protect|p1a: Calyrex\n|-singleturn|p1a: Calyrex|Protect\n|move|p2b: Ursaluna|Will-O-Wisp|p1a: Calyrex\n|-activate|p1a: Calyrex|move: Protect\n|move|p1b: Iron Valiant|Coaching|p1a: Calyrex\n|-boost|p1a: Calyrex|atk|1\n|-boost|p1a: Calyrex|def|1\n|move|p2a: Kleavor|Tailwind|p2a: Kleavor\n|-sidestart|p2: Hikawari|move: Tailwind\n|\n|upkeep\n|turn|2\n|inactive|Rolling Mooo has 30 seconds left.\n|\n|t:|1737410041\n|move|p2b: Ursaluna|Will-O-Wisp|p1a: Calyrex\n|-status|p1a: Calyrex|brn\n|move|p1b: Iron Valiant|Coaching|p1a: Calyrex\n|-boost|p1a: Calyrex|atk|1\n|-boost|p1a: Calyrex|def|1\n|move|p2a: Kleavor|Stone Axe|p1a: Calyrex\n|-supereffective|p1a: Calyrex\n|-damage|p1a: Calyrex|68\/100 brn\n|-sidestart|p1: Rolling Mooo|move: Stealth Rock\n|move|p1a: Calyrex|Trick Room|p1a: Calyrex\n|-fieldstart|move: Trick Room|[of] p1a: Calyrex\n|\n|-damage|p1a: Calyrex|62\/100 brn|[from] brn\n|upkeep\n|turn|3\n|\n|t:|1737410055\n|move|p1a: Calyrex|Glacial Lance|p2a: Kleavor|[spread] p2a,p2b\n|-damage|p2a: Kleavor|31\/100\n|-damage|p2b: Ursaluna|0 fnt\n|replace|p2b: Zoroark|Zoroark-Hisui, L50, F\n|-end|p2b: Zoroark|Illusion\n|faint|p2b: Zoroark\n|-ability|p1a: Calyrex|Chilling Neigh|boost\n|-boost|p1a: Calyrex|atk|1\n|move|p2a: Kleavor|X-Scissor|p1a: Calyrex\n|-supereffective|p1a: Calyrex\n|-damage|p1a: Calyrex|27\/100 brn\n|move|p1b: Iron Valiant|Moonblast|p2a: Kleavor\n|-damage|p2a: Kleavor|0 fnt\n|faint|p2a: Kleavor\n|\n|-damage|p1a: Calyrex|21\/100 brn|[from] brn\n|upkeep\n|\n|t:|1737410058\n|switch|p2a: Ursaluna|Ursaluna-Bloodmoon, L50, M|100\/100\n|switch|p2b: Calyrex|Calyrex-Ice, L50|100\/100\n|-ability|p2b: Calyrex|As One\n|-ability|p2b: Calyrex|Unnerve\n|turn|4\n|j| mr pogostick\n|\n|t:|1737410084\n|-terastallize|p2a: Ursaluna|Normal\n|move|p2b: Calyrex|Protect|p2b: Calyrex\n|-singleturn|p2b: Calyrex|Protect\n|move|p1a: Calyrex|Glacial Lance|p2b: Calyrex|[spread] p2a\n|-activate|p2b: Calyrex|move: Protect\n|-damage|p2a: Ursaluna|25\/100\n|move|p2a: Ursaluna|Hyper Voice|p1b: Iron Valiant|[spread] p1a,p1b\n|-resisted|p1b: Iron Valiant\n|-damage|p1a: Calyrex|0 fnt\n|-damage|p1b: Iron Valiant|60\/100\n|faint|p1a: Calyrex\n|-damage|p2a: Ursaluna|16\/100|[from] item: Life Orb\n|move|p1b: Iron Valiant|Encore|p2b: Calyrex\n|-activate|p2b: Calyrex|move: Protect\n|\n|-sideend|p2: Hikawari|move: Tailwind\n|upkeep\n|\n|t:|1737410097\n|switch|p1a: Ursaluna|Ursaluna-Bloodmoon, L50, M|100\/100\n|-damage|p1a: Ursaluna|95\/100|[from] Stealth Rock\n|turn|5\n|\n|t:|1737410112\n|move|p2a: Ursaluna|Protect|p2a: Ursaluna\n|-singleturn|p2a: Ursaluna|Protect\n|move|p1a: Ursaluna|Vacuum Wave|p2a: Ursaluna\n|-activate|p2a: Ursaluna|move: Protect\n|move|p2b: Calyrex|Glacial Lance|p1b: Iron Valiant|[spread] p1a,p1b\n|-supereffective|p1a: Ursaluna\n|-resisted|p1b: Iron Valiant\n|-damage|p1a: Ursaluna|32\/100\n|-damage|p1b: Iron Valiant|39\/100\n|move|p1b: Iron Valiant|Disable|p2b: Calyrex\n|-start|p2b: Calyrex|Disable|Glacial Lance\n|\n|upkeep\n|turn|6\n|\n|t:|1737410135\n|move|p2a: Ursaluna|Protect||[still]\n|-fail|p2a: Ursaluna\n|move|p1a: Ursaluna|Vacuum Wave|p2a: Ursaluna\n|-supereffective|p2a: Ursaluna\n|-damage|p2a: Ursaluna|0 fnt\n|faint|p2a: Ursaluna\n|-damage|p1a: Ursaluna|22\/100|[from] item: Life Orb\n|move|p2b: Calyrex|High Horsepower|p1a: Ursaluna\n|-damage|p1a: Ursaluna|0 fnt\n|faint|p1a: Ursaluna\n|-ability|p2b: Calyrex|Chilling Neigh|boost\n|-boost|p2b: Calyrex|atk|1\n|move|p1b: Iron Valiant|Encore|p2b: Calyrex\n|-start|p2b: Calyrex|Encore\n|\n|-fieldend|move: Trick Room\n|upkeep\n|\n|t:|1737410144\n|switch|p1a: Pelipper|Pelipper, L50, F|100\/100\n|-damage|p1a: Pelipper|76\/100|[from] Stealth Rock\n|-weather|RainDance|[from] ability: Drizzle|[of] p1a: Pelipper\n|turn|7\n|\n|t:|1737410152\n|move|p1b: Iron Valiant|Disable||[still]\n|-fail|p1b: Iron Valiant\n|move|p1a: Pelipper|Weather Ball|p2b: Calyrex\n|-damage|p2b: Calyrex|53\/100\n|move|p2b: Calyrex|High Horsepower|p1b: Iron Valiant\n|-supereffective|p1b: Iron Valiant\n|-damage|p1b: Iron Valiant|0 fnt\n|faint|p1b: Iron Valiant\n|-end|p1b: Iron Valiant|Quark Drive|[silent]\n|-ability|p2b: Calyrex|Chilling Neigh|boost\n|-boost|p2b: Calyrex|atk|1\n|\n|-weather|RainDance|[upkeep]\n|upkeep\n|turn|8\n|\n|t:|1737410158\n|move|p1a: Pelipper|Weather Ball|p2b: Calyrex\n|-damage|p2b: Calyrex|6\/100\n|move|p2b: Calyrex|High Horsepower|p1a: Pelipper\n|-immune|p1a: Pelipper\n|\n|-weather|RainDance|[upkeep]\n|upkeep\n|turn|9\n|\n|t:|1737410163\n|move|p1a: Pelipper|Weather Ball|p2b: Calyrex\n|-damage|p2b: Calyrex|0 fnt\n|faint|p2b: Calyrex\n|\n|win|Rolling Mooo\n|raw|Rolling Mooo's rating: 1732 &rarr; <strong>1747<\/strong><br \/>(+15 for winning)\n|raw|Hikawari's rating: 1634 &rarr; <strong>1619<\/strong><br \/>(-15 for losing)\n|l|\u2606Hikawari\n|player|p2|\n|l|\u2606Rolling Mooo\n|player|p1|\n|l| mr pogostick\n","uploadtime":1737410414,"views":43,"formatid":"gen9vgc2025regg","rating":1619,"private":0,"password":null}