{"id":"gen9vgc2025regg-2284506633","format":"[Gen 9] VGC 2025 Reg G","players":["longhq","Jadenhess"],"log":"|j|\u203dlonghq\n|j|\u2606Jadenhess\n|t:|1737359028\n|gametype|doubles\n|player|p1|longhq|dawn|1601\n|player|p2|Jadenhess|170|1615\n|teamsize|p1|6\n|teamsize|p2|6\n|gen|9\n|tier|[Gen 9] VGC 2025 Reg G\n|rated|\n|rule|Species Clause: Limit one of each Pok\u00e9mon\n|rule|Item Clause: Limit 1 of each item\n|clearpoke\n|poke|p1|Miraidon, L50|\n|poke|p1|Iron Hands, L50|\n|poke|p1|Smeargle, L50, M|\n|poke|p1|Tornadus, L50, M|\n|poke|p1|Ogerpon-Hearthflame, L50, F|\n|poke|p1|Volcarona, L50, F|\n|poke|p2|Moltres-Galar, L50|\n|poke|p2|Zapdos-Galar, L50|\n|poke|p2|Indeedee-F, L50, F|\n|poke|p2|Primarina, L50, M|\n|poke|p2|Rillaboom, L50, F|\n|poke|p2|Calyrex-Shadow, L50|\n|teampreview|4\n|inactive|Battle timer is ON: inactive players will automatically lose when time's up. (requested by Jadenhess)\n|inactive|longhq has 60 seconds left.\n|\n|t:|1737359078\n|start\n|switch|p1a: Tornadus|Tornadus, L50, M|100\/100\n|switch|p1b: Ogerpon|Ogerpon-Hearthflame, L50, F|100\/100\n|switch|p2a: Rillaboom|Rillaboom, L50, F|100\/100\n|switch|p2b: Primarina|Primarina, L50, M|100\/100\n|-ability|p1b: Ogerpon|Mold Breaker\n|-fieldstart|move: Grassy Terrain|[from] ability: Grassy Surge|[of] p2a: Rillaboom\n|turn|1\n|\n|t:|1737359095\n|move|p1b: Ogerpon|Spiky Shield|p1b: Ogerpon\n|-singleturn|p1b: Ogerpon|move: Protect\n|move|p2a: Rillaboom|Fake Out|p1b: Ogerpon\n|-activate|p1b: Ogerpon|move: Protect\n|-damage|p2a: Rillaboom|88\/100|[from] Spiky Shield|[of] p1b: Ogerpon\n|move|p1a: Tornadus|Bleakwind Storm|p2a: Rillaboom|[spread] p2a,p2b\n|-supereffective|p2a: Rillaboom\n|-crit|p2b: Primarina\n|-damage|p2a: Rillaboom|42\/100\n|-damage|p2b: Primarina|52\/100\n|-unboost|p2b: Primarina|spe|1\n|move|p2b: Primarina|Hyper Voice|p1a: Tornadus|[spread] p1a\n|-activate|p1b: Ogerpon|move: Protect\n|-damage|p1a: Tornadus|62\/100\n|\n|-heal|p2a: Rillaboom|48\/100|[from] Grassy Terrain\n|-heal|p2b: Primarina|58\/100|[from] Grassy Terrain\n|-heal|p2b: Primarina|64\/100|[from] item: Leftovers\n|upkeep\n|turn|2\n|inactive|longhq has 30 seconds left.\n|inactive|Jadenhess has 30 seconds left.\n|\n|t:|1737359121\n|-terastallize|p1b: Ogerpon|Fire\n|detailschange|p1b: Ogerpon|Ogerpon-Hearthflame-Tera, L50, F, tera:Fire\n|-ability|p1b: Ogerpon|Embody Aspect (Hearthflame)|boost\n|-boost|p1b: Ogerpon|atk|1\n|move|p1b: Ogerpon|Ivy Cudgel|p2b: Primarina|[anim] Ivy Cudgel Fire\n|-resisted|p2b: Primarina\n|-damage|p2b: Primarina|14\/100\n|move|p1a: Tornadus|Bleakwind Storm|p2a: Rillaboom|[spread] p2b\n|-miss|p1a: Tornadus|p2a: Rillaboom\n|-damage|p2b: Primarina|0 fnt\n|faint|p2b: Primarina\n|move|p2a: Rillaboom|Knock Off|p1a: Tornadus\n|-damage|p1a: Tornadus|23\/100\n|-enditem|p1a: Tornadus|Sitrus Berry|[from] move: Knock Off|[of] p2a: Rillaboom\n|\n|-heal|p2a: Rillaboom|54\/100|[from] Grassy Terrain\n|upkeep\n|\n|t:|1737359128\n|switch|p2b: Calyrex|Calyrex-Shadow, L50|100\/100\n|-ability|p2b: Calyrex|As One\n|-ability|p2b: Calyrex|Unnerve\n|turn|3\n|\n|t:|1737359148\n|switch|p2a: Indeedee|Indeedee-F, L50, F|100\/100\n|-fieldstart|move: Psychic Terrain|[from] ability: Psychic Surge|[of] p2a: Indeedee\n|move|p2b: Calyrex|Protect|p2b: Calyrex\n|-singleturn|p2b: Calyrex|Protect\n|move|p1a: Tornadus|Tailwind|p1a: Tornadus\n|-sidestart|p1: longhq|move: Tailwind\n|move|p1b: Ogerpon|Ivy Cudgel|p2b: Calyrex|[anim] Ivy Cudgel Fire\n|-activate|p2b: Calyrex|move: Protect\n|\n|upkeep\n|turn|4\n|\n|t:|1737359165\n|switch|p1a: Miraidon|Miraidon, L50|100\/100\n|-fieldstart|move: Electric Terrain|[from] ability: Hadron Engine|[of] p1a: Miraidon\n|move|p2a: Indeedee|Follow Me|p2a: Indeedee\n|-singleturn|p2a: Indeedee|move: Follow Me\n|move|p1b: Ogerpon|Ivy Cudgel|p2a: Indeedee|[anim] Ivy Cudgel Fire\n|-damage|p2a: Indeedee|0 fnt\n|faint|p2a: Indeedee\n|move|p2b: Calyrex|Expanding Force|p1a: Miraidon\n|-damage|p1a: Miraidon|47\/100\n|-damage|p2b: Calyrex|91\/100|[from] item: Life Orb\n|\n|upkeep\n|\n|t:|1737359168\n|switch|p2a: Rillaboom|Rillaboom, L50, F|54\/100\n|-fieldstart|move: Grassy Terrain|[from] ability: Grassy Surge|[of] p2a: Rillaboom\n|turn|5\n|inactive|longhq has 30 seconds left.\n|\n|t:|1737359193\n|switch|p1a: Smeargle|Smeargle, L50, M|100\/100\n|move|p1b: Ogerpon|Spiky Shield|p1b: Ogerpon\n|-singleturn|p1b: Ogerpon|move: Protect\n|move|p2a: Rillaboom|Fake Out|p1b: Ogerpon\n|-activate|p1b: Ogerpon|move: Protect\n|-damage|p2a: Rillaboom|42\/100|[from] Spiky Shield|[of] p1b: Ogerpon\n|move|p2b: Calyrex|Draining Kiss|p1a: Smeargle\n|-damage|p1a: Smeargle|45\/100\n|-heal|p2b: Calyrex|100\/100|[from] drain|[of] p1a: Smeargle\n|-damage|p2b: Calyrex|91\/100|[from] item: Life Orb\n|\n|-heal|p1a: Smeargle|51\/100|[from] Grassy Terrain\n|-heal|p2b: Calyrex|97\/100|[from] Grassy Terrain\n|-heal|p2a: Rillaboom|47\/100|[from] Grassy Terrain\n|-ability|p1a: Smeargle|Moody|boost\n|-boost|p1a: Smeargle|spe|2\n|-unboost|p1a: Smeargle|atk|1\n|upkeep\n|turn|6\n|inactive|longhq has 30 seconds left.\n|\n|t:|1737359224\n|switch|p1a: Tornadus|Tornadus, L50, M|23\/100\n|move|p2b: Calyrex|Protect|p2b: Calyrex\n|-singleturn|p2b: Calyrex|Protect\n|move|p2a: Rillaboom|Grassy Glide|p1a: Tornadus\n|-resisted|p1a: Tornadus\n|-damage|p1a: Tornadus|0 fnt\n|faint|p1a: Tornadus\n|move|p1b: Ogerpon|Ivy Cudgel|p2b: Calyrex|[anim] Ivy Cudgel Fire\n|-activate|p2b: Calyrex|move: Protect\n|\n|-heal|p2b: Calyrex|100\/100|[from] Grassy Terrain\n|-heal|p2a: Rillaboom|53\/100|[from] Grassy Terrain\n|-sideend|p1: longhq|move: Tailwind\n|upkeep\n|\n|t:|1737359235\n|switch|p1a: Smeargle|Smeargle, L50, M|51\/100\n|turn|7\n|\n|t:|1737359250\n|move|p1a: Smeargle|Wide Guard|p1a: Smeargle\n|-singleturn|p1a: Smeargle|Wide Guard\n|move|p2a: Rillaboom|Grassy Glide|p1a: Smeargle\n|-damage|p1a: Smeargle|0 fnt\n|faint|p1a: Smeargle\n|move|p2b: Calyrex|Astral Barrage|p1b: Ogerpon\n|-activate|p1b: Ogerpon|move: Wide Guard\n|move|p1b: Ogerpon|Ivy Cudgel|p2b: Calyrex|[anim] Ivy Cudgel Fire\n|-damage|p2b: Calyrex|0 fnt\n|faint|p2b: Calyrex\n|\n|-heal|p2a: Rillaboom|59\/100|[from] Grassy Terrain\n|upkeep\n|\n|t:|1737359257\n|switch|p1a: Miraidon|Miraidon, L50|47\/100\n|-fieldstart|move: Electric Terrain|[from] ability: Hadron Engine|[of] p1a: Miraidon\n|turn|8\n|-message|Jadenhess forfeited.\n|\n|win|longhq\n|raw|longhq's rating: 1601 &rarr; <strong>1622<\/strong><br \/>(+21 for winning)\n|raw|Jadenhess's rating: 1615 &rarr; <strong>1594<\/strong><br \/>(-21 for losing)\n|l|\u2606Jadenhess\n|player|p2|\n|l|\u203dlonghq\n|player|p1|\n","uploadtime":1737359432,"views":19,"formatid":"gen9vgc2025regg","rating":1594,"private":0,"password":null}