{"id":"gen9vgc2025regg-2284149585","format":"[Gen 9] VGC 2025 Reg G","players":["dnut1","bluestraggler02"],"log":"|j|\u2606dnut1\n|j|\u2606bluestraggler02\n|t:|1737311822\n|gametype|doubles\n|player|p1|dnut1|169|1628\n|player|p2|bluestraggler02|170|1620\n|teamsize|p1|6\n|teamsize|p2|6\n|gen|9\n|tier|[Gen 9] VGC 2025 Reg G\n|rated|\n|rule|Species Clause: Limit one of each Pok\u00e9mon\n|rule|Item Clause: Limit 1 of each item\n|clearpoke\n|poke|p1|Weezing-Galar, L50, M|\n|poke|p1|Dondozo, L50, M|\n|poke|p1|Calyrex-Shadow, L50|\n|poke|p1|Tatsugiri-Droopy, L50, M|\n|poke|p1|Indeedee-F, L50, F|\n|poke|p1|Urshifu-*, L50, M|\n|poke|p2|Kyurem-White, L50|\n|poke|p2|Tornadus, L50, M|\n|poke|p2|Chi-Yu, L50|\n|poke|p2|Iron Hands, L50|\n|poke|p2|Urshifu-*, L50, F|\n|poke|p2|Flutter Mane, L50|\n|teampreview|4\n|\n|t:|1737311862\n|start\n|switch|p1a: Calyrex|Calyrex-Shadow, L50|100\/100\n|switch|p1b: Weezing|Weezing-Galar, L50, M|100\/100\n|switch|p2a: Tornadus|Tornadus, L50, M|100\/100\n|switch|p2b: Chi-Yu|Chi-Yu, L50|100\/100\n|-ability|p1a: Calyrex|As One\n|-ability|p1a: Calyrex|Unnerve\n|-ability|p1b: Weezing|Neutralizing Gas\n|turn|1\n|inactive|Battle timer is ON: inactive players will automatically lose when time's up. (requested by bluestraggler02)\n|\n|t:|1737311880\n|-terastallize|p1a: Calyrex|Dark\n|move|p2b: Chi-Yu|Heat Wave|p1b: Weezing|[spread] p1a,p1b\n|-damage|p1a: Calyrex|61\/100\n|-damage|p1b: Weezing|59\/100\n|move|p1a: Calyrex|Astral Barrage|p2b: Chi-Yu|[spread] p2a,p2b\n|-resisted|p2b: Chi-Yu\n|-damage|p2a: Tornadus|5\/100\n|-damage|p2b: Chi-Yu|62\/100\n|-damage|p1a: Calyrex|52\/100|[from] item: Life Orb\n|move|p2a: Tornadus|Tailwind|p2a: Tornadus\n|-sidestart|p2: bluestraggler02|move: Tailwind\n|move|p1b: Weezing|Toxic Spikes|p2b: Chi-Yu\n|-sidestart|p2: bluestraggler02|move: Toxic Spikes\n|\n|upkeep\n|turn|2\n|\n|t:|1737311897\n|move|p1a: Calyrex|Protect|p1a: Calyrex\n|-singleturn|p1a: Calyrex|Protect\n|move|p2b: Chi-Yu|Heat Wave|p1b: Weezing|[spread] p1b\n|-activate|p1a: Calyrex|move: Protect\n|-damage|p1b: Weezing|17\/100\n|move|p2a: Tornadus|Bleakwind Storm|p1b: Weezing|[spread] \n|-activate|p1a: Calyrex|move: Protect\n|-miss|p2a: Tornadus|p1b: Weezing\n|move|p1b: Weezing|Poison Gas|p2a: Tornadus|[spread] p2a,p2b\n|-status|p2a: Tornadus|psn\n|-status|p2b: Chi-Yu|psn\n|\n|-damage|p2b: Chi-Yu|49\/100 psn|[from] psn\n|-damage|p2a: Tornadus|0 fnt|[from] psn\n|faint|p2a: Tornadus\n|upkeep\n|\n|t:|1737311913\n|switch|p2a: Flutter Mane|Flutter Mane, L50|100\/100\n|-status|p2a: Flutter Mane|psn\n|turn|3\n|\n|t:|1737311921\n|switch|p1a: Tatsugiri|Tatsugiri-Droopy, L50, M|100\/100\n|-end|p1b: Weezing|ability: Neutralizing Gas\n|-ability|p2b: Chi-Yu|Beads of Ruin\n|switch|p1b: Dondozo|Dondozo, L50, M|100\/100\n|-enditem|p2a: Flutter Mane|Booster Energy\n|-activate|p2a: Flutter Mane|ability: Protosynthesis|[fromitem]\n|-start|p2a: Flutter Mane|protosynthesisspe\n|-activate|p1a: Tatsugiri|ability: Commander|[of] p1b: Dondozo\n|-boost|p1b: Dondozo|atk|2\n|-boost|p1b: Dondozo|spa|2\n|-boost|p1b: Dondozo|spe|2\n|-boost|p1b: Dondozo|def|2\n|-boost|p1b: Dondozo|spd|2\n|move|p2a: Flutter Mane|Moonblast|p1a: Tatsugiri|[miss]\n|-miss|p2a: Flutter Mane|p1a: Tatsugiri\n|move|p2b: Chi-Yu|Heat Wave|p1a: Tatsugiri|[spread] p1b\n|-miss|p2b: Chi-Yu|p1a: Tatsugiri\n|-resisted|p1b: Dondozo\n|-damage|p1b: Dondozo|87\/100\n|\n|-heal|p1b: Dondozo|93\/100|[from] item: Leftovers\n|-damage|p2a: Flutter Mane|88\/100 psn|[from] psn\n|-damage|p2b: Chi-Yu|37\/100 psn|[from] psn\n|upkeep\n|turn|4\n|\n|t:|1737311931\n|switch|p2b: Kyurem|Kyurem-White, L50|100\/100\n|-status|p2b: Kyurem|psn\n|-ability|p2b: Kyurem|Turboblaze\n|move|p2a: Flutter Mane|Protect|p2a: Flutter Mane\n|-singleturn|p2a: Flutter Mane|Protect\n|move|p1b: Dondozo|Protect||[still]\n|-fail|p1b: Dondozo\n|\n|-heal|p1b: Dondozo|99\/100|[from] item: Leftovers\n|-damage|p2a: Flutter Mane|76\/100 psn|[from] psn\n|-damage|p2b: Kyurem|88\/100 psn|[from] psn\n|-sideend|p2: bluestraggler02|move: Tailwind\n|upkeep\n|turn|5\n|\n|t:|1737311950\n|-terastallize|p2b: Kyurem|Ghost\n|move|p2a: Flutter Mane|Thunder Wave|p1b: Dondozo\n|-status|p1b: Dondozo|par\n|move|p2b: Kyurem|Freeze-Dry|p1b: Dondozo\n|-supereffective|p1b: Dondozo\n|-damage|p1b: Dondozo|41\/100 par\n|cant|p1b: Dondozo|par\n|\n|-heal|p1b: Dondozo|47\/100 par|[from] item: Leftovers\n|-damage|p2a: Flutter Mane|63\/100 psn|[from] psn\n|-damage|p2b: Kyurem|76\/100 psn|[from] psn\n|upkeep\n|turn|6\n|\n|t:|1737311967\n|move|p1b: Dondozo|Protect|p1b: Dondozo\n|-singleturn|p1b: Dondozo|Protect\n|move|p2a: Flutter Mane|Moonblast|p1a: Tatsugiri|[miss]\n|-miss|p2a: Flutter Mane|p1a: Tatsugiri\n|move|p2b: Kyurem|Freeze-Dry|p1b: Dondozo\n|-activate|p1b: Dondozo|move: Protect\n|\n|-heal|p1b: Dondozo|53\/100 par|[from] item: Leftovers\n|-damage|p2a: Flutter Mane|51\/100 psn|[from] psn\n|-damage|p2b: Kyurem|63\/100 psn|[from] psn\n|upkeep\n|turn|7\n|\n|t:|1737311981\n|-end|p2a: Flutter Mane|Protosynthesis|[silent]\n|switch|p2a: Chi-Yu|Chi-Yu, L50|37\/100 psn\n|-ability|p2a: Chi-Yu|Beads of Ruin\n|move|p2b: Kyurem|Freeze-Dry|p1b: Dondozo\n|-supereffective|p1b: Dondozo\n|-damage|p1b: Dondozo|0 fnt\n|faint|p1b: Dondozo\n|\n|-damage|p2a: Chi-Yu|25\/100 psn|[from] psn\n|-damage|p2b: Kyurem|51\/100 psn|[from] psn\n|upkeep\n|\n|t:|1737312001\n|switch|p1b: Weezing|Weezing-Galar, L50, M|17\/100\n|-ability|p1b: Weezing|Neutralizing Gas\n|turn|8\n|\n|t:|1737312020\n|move|p1b: Weezing|Protect|p1b: Weezing\n|-singleturn|p1b: Weezing|Protect\n|move|p2a: Chi-Yu|Heat Wave|p1a: Tatsugiri|[spread] p1a\n|-activate|p1b: Weezing|move: Protect\n|-resisted|p1a: Tatsugiri\n|-damage|p1a: Tatsugiri|88\/100\n|move|p2b: Kyurem|Freeze-Dry|p1a: Tatsugiri\n|-supereffective|p1a: Tatsugiri\n|-damage|p1a: Tatsugiri|0 fnt\n|faint|p1a: Tatsugiri\n|\n|-damage|p2a: Chi-Yu|13\/100 psn|[from] psn\n|-damage|p2b: Kyurem|38\/100 psn|[from] psn\n|upkeep\n|\n|t:|1737312030\n|switch|p1a: Calyrex|Calyrex-Shadow, L50, tera:Dark|52\/100\n|-ability|p1a: Calyrex|As One\n|-ability|p1a: Calyrex|Unnerve\n|turn|9\n|\n|t:|1737312041\n|move|p1a: Calyrex|Protect|p1a: Calyrex\n|-singleturn|p1a: Calyrex|Protect\n|move|p2a: Chi-Yu|Heat Wave|p1b: Weezing|[spread] p1b\n|-activate|p1a: Calyrex|move: Protect\n|-damage|p1b: Weezing|0 fnt\n|faint|p1b: Weezing\n|-end|p1b: Weezing|ability: Neutralizing Gas\n|-ability|p2a: Chi-Yu|Beads of Ruin\n|-ability|p2b: Kyurem|Turboblaze\n|move|p2b: Kyurem|Freeze-Dry|p1a: Calyrex\n|-activate|p1a: Calyrex|move: Protect\n|\n|-damage|p2a: Chi-Yu|0 fnt|[from] psn\n|faint|p2a: Chi-Yu\n|-damage|p2b: Kyurem|26\/100 psn|[from] psn\n|upkeep\n|\n|t:|1737312049\n|switch|p2a: Flutter Mane|Flutter Mane, L50|51\/100 psn\n|turn|10\n|-message|bluestraggler02 forfeited.\n|\n|win|dnut1\n|raw|dnut1's rating: 1628 &rarr; <strong>1648<\/strong><br \/>(+20 for winning)\n|raw|bluestraggler02's rating: 1620 &rarr; <strong>1600<\/strong><br \/>(-20 for losing)\n|l|\u2606bluestraggler02\n|player|p2|\n|c|\u2606dnut1|gg\n|l|\u2606dnut1\n|player|p1|\n","uploadtime":1737312218,"views":19,"formatid":"gen9vgc2025regg","rating":1600,"private":0,"password":null}