{"id":"gen9vgc2025regg-2284908581","format":"[Gen 9] VGC 2025 Reg G","players":["aveorni","Hikawari"],"log":"|j|\u2606aveorni\n|j|\u2606Hikawari\n|t:|1737410800\n|gametype|doubles\n|player|p1|aveorni|ghetsis|1551\n|player|p2|Hikawari|265|1624\n|teamsize|p1|6\n|teamsize|p2|6\n|gen|9\n|tier|[Gen 9] VGC 2025 Reg G\n|rated|\n|rule|Species Clause: Limit one of each Pok\u00e9mon\n|rule|Item Clause: Limit 1 of each item\n|clearpoke\n|poke|p1|Calyrex-Shadow, L50|\n|poke|p1|Weezing-Galar, L50, F|\n|poke|p1|Dondozo, L50, M|\n|poke|p1|Tatsugiri, L50, F|\n|poke|p1|Indeedee-F, L50, F|\n|poke|p1|Urshifu-*, L50, F|\n|poke|p2|Kleavor, L50, M|\n|poke|p2|Calyrex-Ice, L50|\n|poke|p2|Indeedee-F, L50, F|\n|poke|p2|Ursaluna-Bloodmoon, L50, M|\n|poke|p2|Mienshao, L50, F|\n|poke|p2|Zoroark-Hisui, L50, M|\n|teampreview|4\n|inactive|Battle timer is ON: inactive players will automatically lose when time's up. (requested by aveorni)\n|c|\u2606aveorni|glhf\naveorni has agreed to open team sheets.\n|\n|t:|1737410829\n|start\n|switch|p1a: HORSE|Calyrex-Shadow, L50|100\/100\n|switch|p1b: SSSNIPERWOLF|Indeedee-F, L50, F|100\/100\n|switch|p2a: Mienshao|Mienshao, L50, F|100\/100\n|switch|p2b: Kleavor|Kleavor, L50, M|100\/100\n|-ability|p1a: HORSE|As One\n|-ability|p1a: HORSE|Unnerve\n|-fieldstart|move: Psychic Terrain|[from] ability: Psychic Surge|[of] p1b: SSSNIPERWOLF\n|turn|1\n|\n|t:|1737410843\n|move|p1a: HORSE|Protect|p1a: HORSE\n|-singleturn|p1a: HORSE|Protect\n|move|p2a: Mienshao|Snarl|p1b: SSSNIPERWOLF|[spread] p1b\n|-activate|p1a: HORSE|move: Protect\n|-supereffective|p1b: SSSNIPERWOLF\n|-damage|p1b: SSSNIPERWOLF|75\/100\n|-unboost|p1b: SSSNIPERWOLF|spa|1\n|move|p2b: Kleavor|Tailwind|p2b: Kleavor\n|-sidestart|p2: Hikawari|move: Tailwind\n|move|p1b: SSSNIPERWOLF|Psychic|p2a: Mienshao\n|-damage|p2a: Mienshao|47\/100\n|-unboost|p2a: Mienshao|spd|1\n|replace|p2a: Zoroark|Zoroark-Hisui, L50, M\n|-end|p2a: Zoroark|Illusion\n|\n|upkeep\n|turn|2\n|\n|t:|1737410861\n|-terastallize|p1a: HORSE|Fighting\n|move|p1b: SSSNIPERWOLF|Follow Me|p1b: SSSNIPERWOLF\n|-singleturn|p1b: SSSNIPERWOLF|move: Follow Me\n|move|p2a: Zoroark|Snarl|p1a: HORSE|[spread] p1a,p1b\n|-resisted|p1a: HORSE\n|-supereffective|p1b: SSSNIPERWOLF\n|-damage|p1a: HORSE|93\/100\n|-damage|p1b: SSSNIPERWOLF|51\/100\n|-unboost|p1a: HORSE|spa|1\n|-unboost|p1b: SSSNIPERWOLF|spa|1\n|move|p2b: Kleavor|Stone Axe|p1b: SSSNIPERWOLF\n|-damage|p1b: SSSNIPERWOLF|3\/100\n|-damage|p2b: Kleavor|84\/100|[from] item: Rocky Helmet|[of] p1b: SSSNIPERWOLF\n|-sidestart|p1: aveorni|move: Stealth Rock\n|move|p1a: HORSE|Expanding Force|p2a: Zoroark|[spread] p2a,p2b\n|-damage|p2a: Zoroark|0 fnt\n|-damage|p2b: Kleavor|15\/100\n|faint|p2a: Zoroark\n|-ability|p1a: HORSE|Grim Neigh|boost\n|-boost|p1a: HORSE|spa|1\n|-damage|p1a: HORSE|83\/100|[from] item: Life Orb\n|\n|upkeep\n|\n|t:|1737410876\n|switch|p2a: Ursaluna|Ursaluna-Bloodmoon, L50, M|100\/100\n|turn|3\n|\n|t:|1737410894\n|-terastallize|p2a: Ursaluna|Normal\n|move|p1a: HORSE|Protect|p1a: HORSE\n|-singleturn|p1a: HORSE|Protect\n|move|p2a: Ursaluna|Hyper Voice|p1b: SSSNIPERWOLF|[spread] p1b\n|-activate|p1a: HORSE|move: Protect\n|-damage|p1b: SSSNIPERWOLF|0 fnt\n|faint|p1b: SSSNIPERWOLF\n|-damage|p2a: Ursaluna|91\/100|[from] item: Life Orb\n|move|p2b: Kleavor|X-Scissor|p1a: HORSE\n|-activate|p1a: HORSE|move: Protect\n|\n|upkeep\n|\n|t:|1737410900\n|switch|p1b: I EAT SUSHI|Dondozo, L50, M, shiny|100\/100\n|-damage|p1b: I EAT SUSHI|88\/100|[from] Stealth Rock\n|turn|4\n|\n|t:|1737410918\n|switch|p1a: SUSHI|Tatsugiri, L50, F, shiny|100\/100\n|-activate|p1a: SUSHI|ability: Commander|[of] p1b: I EAT SUSHI\n|-boost|p1b: I EAT SUSHI|atk|2\n|-boost|p1b: I EAT SUSHI|spa|2\n|-boost|p1b: I EAT SUSHI|spe|2\n|-boost|p1b: I EAT SUSHI|def|2\n|-boost|p1b: I EAT SUSHI|spd|2\n|move|p1b: I EAT SUSHI|Protect|p1b: I EAT SUSHI\n|-singleturn|p1b: I EAT SUSHI|Protect\n|move|p2a: Ursaluna|Hyper Voice|p1b: I EAT SUSHI|[spread] \n|-miss|p2a: Ursaluna|p1a: SUSHI\n|-activate|p1b: I EAT SUSHI|move: Protect\n|move|p2b: Kleavor|X-Scissor|p1a: SUSHI|[miss]\n|-miss|p2b: Kleavor|p1a: SUSHI\n|\n|-heal|p1b: I EAT SUSHI|94\/100|[from] item: Leftovers\n|-sideend|p2: Hikawari|move: Tailwind\n|upkeep\n|turn|5\n|\n|t:|1737410935\n|move|p1b: I EAT SUSHI|Order Up|p2b: Kleavor\n|-damage|p2b: Kleavor|0 fnt\n|faint|p2b: Kleavor\n|-boost|p1b: I EAT SUSHI|atk|1\n|move|p2a: Ursaluna|Blood Moon|p1b: I EAT SUSHI\n|-damage|p1b: I EAT SUSHI|40\/100\n|-damage|p2a: Ursaluna|81\/100|[from] item: Life Orb\n|\n|-heal|p1b: I EAT SUSHI|47\/100|[from] item: Leftovers\n|-fieldend|move: Psychic Terrain\n|upkeep\n|\n|t:|1737410943\n|switch|p2b: Mienshao|Mienshao, L50, F|100\/100\n|turn|6\n|\n|t:|1737410952\n|move|p2b: Mienshao|Fake Out|p1b: I EAT SUSHI\n|-damage|p1b: I EAT SUSHI|41\/100\n|cant|p1b: I EAT SUSHI|flinch\n|move|p2a: Ursaluna|Hyper Voice|p1b: I EAT SUSHI|[spread] p1b\n|-miss|p2a: Ursaluna|p1a: SUSHI\n|-damage|p1b: I EAT SUSHI|14\/100\n|-damage|p2a: Ursaluna|72\/100|[from] item: Life Orb\n|\n|-heal|p1b: I EAT SUSHI|20\/100|[from] item: Leftovers\n|upkeep\n|turn|7\n|\n|t:|1737410970\n|move|p1b: I EAT SUSHI|Wave Crash|p2b: Mienshao\n|-enditem|p2b: Mienshao|Focus Sash\n|-damage|p2b: Mienshao|1\/100\n|-damage|p1b: I EAT SUSHI|0 fnt|[from] Recoil\n|faint|p1b: I EAT SUSHI\n|move|p2b: Mienshao|Close Combat|p1a: SUSHI\n|-damage|p1a: SUSHI|3\/100\n|-unboost|p2b: Mienshao|def|1\n|-unboost|p2b: Mienshao|spd|1\n|move|p2a: Ursaluna|Blood Moon|p1a: SUSHI\n|-damage|p1a: SUSHI|0 fnt\n|faint|p1a: SUSHI\n|-damage|p2a: Ursaluna|62\/100|[from] item: Life Orb\n|\n|upkeep\n|\n|t:|1737410977\n|switch|p1a: HORSE|Calyrex-Shadow, L50, tera:Fighting|83\/100\n|-ability|p1a: HORSE|As One\n|-ability|p1a: HORSE|Unnerve\n|-damage|p1a: HORSE|77\/100|[from] Stealth Rock\n|turn|8\n|\n|t:|1737410993\n|move|p1a: HORSE|Protect|p1a: HORSE\n|-singleturn|p1a: HORSE|Protect\n|move|p2a: Ursaluna|Protect|p2a: Ursaluna\n|-singleturn|p2a: Ursaluna|Protect\n|move|p2b: Mienshao|Close Combat|p1a: HORSE\n|-activate|p1a: HORSE|move: Protect\n|\n|upkeep\n|turn|9\n|\n|t:|1737411000\n|move|p2a: Ursaluna|Protect|p2a: Ursaluna\n|-singleturn|p2a: Ursaluna|Protect\n|move|p1a: HORSE|Tera Blast|p2a: Ursaluna|[anim] Tera Blast Fighting\n|-activate|p2a: Ursaluna|move: Protect\n|move|p2b: Mienshao|Close Combat|p1a: HORSE\n|-damage|p1a: HORSE|0 fnt\n|-unboost|p2b: Mienshao|def|1\n|-unboost|p2b: Mienshao|spd|1\n|faint|p1a: HORSE\n|\n|win|Hikawari\n|raw|aveorni's rating: 1551 &rarr; <strong>1535<\/strong><br \/>(-16 for losing)\n|raw|Hikawari's rating: 1624 &rarr; <strong>1640<\/strong><br \/>(+16 for winning)\n|l|\u2606aveorni\n|player|p1|\n|l|\u2606Hikawari\n|player|p2|\n","uploadtime":1737411253,"views":7,"formatid":"gen9vgc2025regg","rating":1535,"private":0,"password":null}