{"id":"gen9vgc2025regg-2284694072","format":"[Gen 9] VGC 2025 Reg G","players":["LeCehlou","Bef6"],"log":"|j|\u2606LeCehlou\n|j|\u2606Bef6\n|t:|1737388202\n|gametype|doubles\n|player|p1|LeCehlou|265|1610\n|player|p2|Bef6|lucas|1765\n|teamsize|p1|6\n|teamsize|p2|6\n|gen|9\n|tier|[Gen 9] VGC 2025 Reg G\n|rated|\n|rule|Species Clause: Limit one of each Pok\u00e9mon\n|rule|Item Clause: Limit 1 of each item\n|clearpoke\n|poke|p1|Ditto, L50|\n|poke|p1|Zacian-*, L50|\n|poke|p1|Amoonguss, L50, F|\n|poke|p1|Regidrago, L50|\n|poke|p1|Chi-Yu, L50|\n|poke|p1|Whimsicott, L50, F|\n|poke|p2|Lunala, L50|\n|poke|p2|Indeedee-F, L50, F|\n|poke|p2|Tornadus, L50, M|\n|poke|p2|Ursaluna, L50, M|\n|poke|p2|Chi-Yu, L50|\n|poke|p2|Iron Bundle, L50|\n|teampreview|4\n|\n|t:|1737388233\n|start\n|switch|p1a: Chi-Yu|Chi-Yu, L50|100\/100\n|switch|p1b: Whimsicott|Whimsicott, L50, F, shiny|100\/100\n|switch|p2a: Tornadus|Tornadus, L50, M|100\/100\n|switch|p2b: Chi-Yu|Chi-Yu, L50|100\/100\n|-ability|p1a: Chi-Yu|Beads of Ruin\n|-ability|p2b: Chi-Yu|Beads of Ruin\n|turn|1\n|\n|t:|1737388242\n|move|p2a: Tornadus|Protect|p2a: Tornadus\n|-singleturn|p2a: Tornadus|Protect\n|move|p1b: Whimsicott|Tailwind|p1b: Whimsicott\n|-sidestart|p1: LeCehlou|move: Tailwind\n|move|p1a: Chi-Yu|Heat Wave|p2b: Chi-Yu|[spread] p2b\n|-activate|p2a: Tornadus|move: Protect\n|-resisted|p2b: Chi-Yu\n|-damage|p2b: Chi-Yu|82\/100\n|move|p2b: Chi-Yu|Heat Wave|p1b: Whimsicott|[spread] p1a,p1b\n|-resisted|p1a: Chi-Yu\n|-supereffective|p1b: Whimsicott\n|-damage|p1a: Chi-Yu|78\/100\n|-damage|p1b: Whimsicott|0 fnt\n|faint|p1b: Whimsicott\n|\n|upkeep\n|\n|t:|1737388248\n|switch|p1b: Zacian|Zacian-Crowned, L50|100\/100\n|-ability|p1b: Zacian|Intrepid Sword|boost\n|-boost|p1b: Zacian|atk|1\n|turn|2\n|\n|t:|1737388274\n|move|p1a: Chi-Yu|Heat Wave|p2a: Tornadus|[spread] p2b\n|-miss|p1a: Chi-Yu|p2a: Tornadus\n|-resisted|p2b: Chi-Yu\n|-damage|p2b: Chi-Yu|64\/100\n|move|p1b: Zacian|Behemoth Blade|p2b: Chi-Yu\n|-resisted|p2b: Chi-Yu\n|-damage|p2b: Chi-Yu|2\/100\n|move|p2a: Tornadus|Bleakwind Storm|p1b: Zacian|[spread] p1a\n|-miss|p2a: Tornadus|p1b: Zacian\n|-damage|p1a: Chi-Yu|32\/100\n|move|p2b: Chi-Yu|Heat Wave|p1a: Chi-Yu|[spread] p1a,p1b\n|-resisted|p1a: Chi-Yu\n|-supereffective|p1b: Zacian\n|-damage|p1a: Chi-Yu|11\/100\n|-damage|p1b: Zacian|15\/100\n|\n|upkeep\n|turn|3\n|\n|t:|1737388291\n|move|p2a: Tornadus|Protect|p2a: Tornadus\n|-singleturn|p2a: Tornadus|Protect\n|move|p1a: Chi-Yu|Heat Wave|p2b: Chi-Yu|[spread] p2b\n|-activate|p2a: Tornadus|move: Protect\n|-resisted|p2b: Chi-Yu\n|-damage|p2b: Chi-Yu|0 fnt\n|faint|p2b: Chi-Yu\n|move|p1b: Zacian|Behemoth Blade|p2a: Tornadus\n|-activate|p2a: Tornadus|move: Protect\n|\n|upkeep\n|\n|t:|1737388302\n|switch|p2b: Iron Bundle|Iron Bundle, L50|100\/100\n|-enditem|p2b: Iron Bundle|Booster Energy\n|-activate|p2b: Iron Bundle|ability: Quark Drive|[fromitem]\n|-start|p2b: Iron Bundle|quarkdrivespe\n|turn|4\n|\n|t:|1737388314\n|move|p2a: Tornadus|Tailwind|p2a: Tornadus\n|-sidestart|p2: Bef6|move: Tailwind\n|move|p2b: Iron Bundle|Chilling Water|p1a: Chi-Yu\n|-supereffective|p1a: Chi-Yu\n|-damage|p1a: Chi-Yu|0 fnt\n|faint|p1a: Chi-Yu\n|move|p1b: Zacian|Sacred Sword|p2b: Iron Bundle\n|-supereffective|p2b: Iron Bundle\n|-damage|p2b: Iron Bundle|0 fnt\n|faint|p2b: Iron Bundle\n|-end|p2b: Iron Bundle|Quark Drive|[silent]\n|\n|-sideend|p1: LeCehlou|move: Tailwind\n|upkeep\n|\n|t:|1737388322\n|switch|p2b: Lunala|Lunala, L50|100\/100\n|switch|p1a: Amoonguss|Amoonguss, L50, F|100\/100\n|turn|5\n|\n|t:|1737388339\n|-terastallize|p2a: Tornadus|Flying\n|-terastallize|p1a: Amoonguss|Water\n|move|p1b: Zacian|Protect|p1b: Zacian\n|-singleturn|p1b: Zacian|Protect\n|move|p2a: Tornadus|Bleakwind Storm|p1a: Amoonguss|[spread] p1a\n|-activate|p1b: Zacian|move: Protect\n|-damage|p1a: Amoonguss|56\/100\n|-unboost|p1a: Amoonguss|spe|1\n|move|p2b: Lunala|Meteor Beam||[still]\n|-prepare|p2b: Lunala|Meteor Beam\n|-boost|p2b: Lunala|spa|1\n|-enditem|p2b: Lunala|Power Herb\n|-anim|p2b: Lunala|Meteor Beam|p1a: Amoonguss\n|-damage|p1a: Amoonguss|0 fnt\n|faint|p1a: Amoonguss\n|\n|upkeep\n|turn|6\n|\n|t:|1737388355\n|move|p1b: Zacian|Protect||[still]\n|-fail|p1b: Zacian\n|move|p2a: Tornadus|Bleakwind Storm|p1b: Zacian\n|-resisted|p1b: Zacian\n|-damage|p1b: Zacian|0 fnt\n|faint|p1b: Zacian\n|\n|win|Bef6\n|raw|LeCehlou's rating: 1610 &rarr; <strong>1598<\/strong><br \/>(-12 for losing)\n|raw|Bef6's rating: 1765 &rarr; <strong>1777<\/strong><br \/>(+12 for winning)\n|l|\u2606LeCehlou\n|player|p1|\n|l|\u2606Bef6\n|player|p2|\n","uploadtime":1737388493,"views":48,"formatid":"gen9vgc2025regg","rating":1598,"private":0,"password":null}