{"id":"gen9vgc2025regg-2284871702","format":"[Gen 9] VGC 2025 Reg G","players":["Acblade","actuary97"],"log":"|j|\u2606Acblade\n|j|\u2606actuary97\n|t:|1737406912\n|gametype|doubles\n|player|p1|Acblade|2|1672\n|player|p2|actuary97|sabrina-frlg|1625\n|teamsize|p1|6\n|teamsize|p2|6\n|gen|9\n|tier|[Gen 9] VGC 2025 Reg G\n|rated|\n|rule|Species Clause: Limit one of each Pok\u00e9mon\n|rule|Item Clause: Limit 1 of each item\n|clearpoke\n|poke|p1|Tornadus, L50, M|\n|poke|p1|Chi-Yu, L50|\n|poke|p1|Flutter Mane, L50|\n|poke|p1|Koraidon, L50|\n|poke|p1|Raging Bolt, L50|\n|poke|p1|Farigiraf, L50, M|\n|poke|p2|Amoonguss, L50, M|\n|poke|p2|Comfey, L50, M|\n|poke|p2|Whimsicott, L50, M|\n|poke|p2|Rillaboom, L50, F|\n|poke|p2|Kyogre, L50|\n|poke|p2|Archaludon, L50, M|\n|teampreview|4\n|\n|t:|1737406936\n|start\n|switch|p1a: Tornadus|Tornadus, L50, M|100\/100\n|switch|p1b: Flutter Mane|Flutter Mane, L50|100\/100\n|switch|p2a: Kyogre|Kyogre, L50, shiny|100\/100\n|switch|p2b: Como La Flor|Comfey, L50, M, shiny|100\/100\n|-weather|RainDance|[from] ability: Drizzle|[of] p2a: Kyogre\n|turn|1\n|\n|t:|1737406944\n|-terastallize|p1b: Flutter Mane|Fairy\n|-terastallize|p2b: Como La Flor|Fire\n|move|p1b: Flutter Mane|Dazzling Gleam|p2b: Como La Flor|[spread] p2a,p2b\n|-resisted|p2b: Como La Flor\n|-damage|p2a: Kyogre|59\/100\n|-damage|p2b: Como La Flor|65\/100\n|move|p1a: Tornadus|Bleakwind Storm|p2b: Como La Flor|[spread] p2a,p2b\n|-damage|p2a: Kyogre|31\/100\n|-damage|p2b: Como La Flor|21\/100\n|move|p2a: Kyogre|Calm Mind|p2a: Kyogre\n|-boost|p2a: Kyogre|spa|1\n|-boost|p2a: Kyogre|spd|1\n|move|p2b: Como La Flor|Trick Room|p2b: Como La Flor\n|-fieldstart|move: Trick Room|[of] p2b: Como La Flor\n|\n|-weather|RainDance|[upkeep]\n|upkeep\n|turn|2\n|\n|t:|1737406971\n|switch|p1a: Koraidon|Koraidon, L50|100\/100\n|-weather|SunnyDay|[from] ability: Orichalcum Pulse|[of] p1a: Koraidon\n|-activate|p1b: Flutter Mane|ability: Protosynthesis\n|-start|p1b: Flutter Mane|protosynthesisspe\n|-activate|p1a: Koraidon|Orichalcum Pulse|[source]\n|move|p2b: Como La Flor|Floral Healing|p2a: Kyogre\n|-heal|p2a: Kyogre|81\/100\n|move|p2a: Kyogre|Origin Pulse|p1b: Flutter Mane|[spread] p1a,p1b\n|-resisted|p1a: Koraidon\n|-damage|p1a: Koraidon|83\/100\n|-damage|p1b: Flutter Mane|60\/100\n|move|p1b: Flutter Mane|Dazzling Gleam|p2b: Como La Flor|[spread] p2a,p2b\n|-resisted|p2b: Como La Flor\n|-damage|p2a: Kyogre|56\/100\n|-damage|p2b: Como La Flor|0 fnt\n|faint|p2b: Como La Flor\n|\n|-weather|SunnyDay|[upkeep]\n|upkeep\n|j| mr pogostick\n|\n|t:|1737406973\n|switch|p2b: Amoonguss|Amoonguss, L50, M, shiny|100\/100\n|turn|3\n|\n|t:|1737406995\n|switch|p1a: Tornadus|Tornadus, L50, M|100\/100\n|move|p2b: Amoonguss|Spore|p1b: Flutter Mane\n|-status|p1b: Flutter Mane|slp|[from] move: Spore\n|move|p2a: Kyogre|Ice Beam|p1a: Tornadus\n|-supereffective|p1a: Tornadus\n|-enditem|p1a: Tornadus|Focus Sash\n|-damage|p1a: Tornadus|1\/100\n|cant|p1b: Flutter Mane|slp\n|\n|-weather|SunnyDay|[upkeep]\n|upkeep\n|turn|4\n|c|\u2606actuary97|interesting how I actually know how to play around your tera fairy specs hyper offense cheese\n|j| Therazer456\n|c|\u2606actuary97|once it isn't hidden behind cts\n|inactive|Battle timer is ON: inactive players will automatically lose when time's up. (requested by actuary97)\n|l| Therazer456\n|j| max9713\n|\n|t:|1737407086\n|switch|p1a: Koraidon|Koraidon, L50|83\/100\n|-activate|p1a: Koraidon|ability: Orichalcum Pulse\n|-end|p1b: Flutter Mane|Protosynthesis|[silent]\n|switch|p1b: Chi-Yu|Chi-Yu, L50|100\/100\n|-ability|p1b: Chi-Yu|Beads of Ruin\n|move|p2b: Amoonguss|Pollen Puff|p2a: Kyogre\n|-heal|p2a: Kyogre|100\/100\n|move|p2a: Kyogre|Origin Pulse|p1a: Koraidon|[spread] p1a,p1b\n|-resisted|p1a: Koraidon\n|-supereffective|p1b: Chi-Yu\n|-damage|p1a: Koraidon|58\/100\n|-damage|p1b: Chi-Yu|22\/100\n|\n|-weather|SunnyDay|[upkeep]\n|upkeep\n|turn|5\n|\n|t:|1737407106\n|switch|p1a: Flutter Mane|Flutter Mane, L50, tera:Fairy|60\/100 slp\n|-activate|p1a: Flutter Mane|ability: Protosynthesis\n|-start|p1a: Flutter Mane|protosynthesisspe\n|switch|p1b: Tornadus|Tornadus, L50, M|1\/100\n|move|p2b: Amoonguss|Spore|p1a: Flutter Mane\n|-fail|p1a: Flutter Mane|slp\n|move|p2a: Kyogre|Origin Pulse|p1b: Tornadus|[spread] p1b\n|-miss|p2a: Kyogre|p1a: Flutter Mane\n|-damage|p1b: Tornadus|0 fnt\n|faint|p1b: Tornadus\n|\n|-weather|SunnyDay|[upkeep]\n|-fieldend|move: Trick Room\n|upkeep\n|\n|t:|1737407125\n|switch|p1b: Chi-Yu|Chi-Yu, L50|22\/100\n|-ability|p1b: Chi-Yu|Beads of Ruin\n|turn|6\n|\n|t:|1737407138\n|switch|p2b: Archaludon|Archaludon, L50, M, shiny|100\/100\n|-curestatus|p1a: Flutter Mane|slp|[msg]\n|move|p1a: Flutter Mane|Dazzling Gleam|p2b: Archaludon|[spread] p2a,p2b\n|-damage|p2a: Kyogre|64\/100\n|-damage|p2b: Archaludon|43\/100\n|-ability|p2b: Archaludon|Stamina|boost\n|-boost|p2b: Archaludon|def|1\n|move|p1b: Chi-Yu|Heat Wave|p2a: Kyogre|[spread] p2a,p2b\n|-resisted|p2a: Kyogre\n|-crit|p2a: Kyogre\n|-damage|p2a: Kyogre|28\/100\n|-damage|p2b: Archaludon|0 fnt\n|faint|p2b: Archaludon\n|move|p2a: Kyogre|Origin Pulse|p1a: Flutter Mane|[spread] p1a,p1b\n|-supereffective|p1b: Chi-Yu\n|-damage|p1a: Flutter Mane|14\/100\n|-damage|p1b: Chi-Yu|0 fnt\n|faint|p1b: Chi-Yu\n|\n|-weather|none\n|-end|p1a: Flutter Mane|Protosynthesis\n|upkeep\n|\n|t:|1737407157\n|switch|p1b: Koraidon|Koraidon, L50|58\/100\n|switch|p2b: Amoonguss|Amoonguss, L50, M, shiny|100\/100\n|-weather|SunnyDay|[from] ability: Orichalcum Pulse|[of] p1b: Koraidon\n|-activate|p1a: Flutter Mane|ability: Protosynthesis\n|-start|p1a: Flutter Mane|protosynthesisspe\n|-activate|p1b: Koraidon|Orichalcum Pulse|[source]\n|turn|7\n|\n|t:|1737407172\n|move|p2a: Kyogre|Protect|p2a: Kyogre\n|-singleturn|p2a: Kyogre|Protect\n|move|p1a: Flutter Mane|Dazzling Gleam|p2a: Kyogre|[spread] p2b\n|-activate|p2a: Kyogre|move: Protect\n|-resisted|p2b: Amoonguss\n|-damage|p2b: Amoonguss|73\/100\n|move|p1b: Koraidon|Flare Blitz|p2b: Amoonguss\n|-supereffective|p2b: Amoonguss\n|-damage|p2b: Amoonguss|0 fnt\n|-damage|p1b: Koraidon|41\/100|[from] item: Rocky Helmet|[of] p2b: Amoonguss\n|faint|p2b: Amoonguss\n|-damage|p1b: Koraidon|11\/100|[from] Recoil\n|\n|-weather|SunnyDay|[upkeep]\n|upkeep\n|turn|8\n|\n|t:|1737407184\n|move|p1a: Flutter Mane|Dazzling Gleam|p2a: Kyogre\n|-damage|p2a: Kyogre|0 fnt\n|faint|p2a: Kyogre\n|\n|win|Acblade\n|raw|Acblade's rating: 1672 &rarr; <strong>1689<\/strong><br \/>(+17 for winning)\n|raw|actuary97's rating: 1625 &rarr; <strong>1608<\/strong><br \/>(-17 for losing)\n|l|\u2606actuary97\n|player|p2|\n|l|\u2606Acblade\n|player|p1|\n","uploadtime":1737407338,"views":6,"formatid":"gen9vgc2025regg","rating":1608,"private":0,"password":null}