{"id":"gen9vgc2025regg-2284454007","format":"[Gen 9] VGC 2025 Reg G","players":["SPADE61","Imnotagni"],"log":"|j|\u2606SPADE61\n|j|\u2606Imnotagni\n|t:|1737349316\n|gametype|doubles\n|player|p1|SPADE61|2|1645\n|player|p2|Imnotagni|policeman-gen4|1679\n|teamsize|p1|6\n|teamsize|p2|6\n|gen|9\n|tier|[Gen 9] VGC 2025 Reg G\n|rated|\n|rule|Species Clause: Limit one of each Pok\u00e9mon\n|rule|Item Clause: Limit 1 of each item\n|clearpoke\n|poke|p1|Lunala, L50|\n|poke|p1|Indeedee-F, L50, F|\n|poke|p1|Urshifu-*, L50, M|\n|poke|p1|Amoonguss, L50, F|\n|poke|p1|Iron Hands, L50|\n|poke|p1|Ursaluna, L50, M|\n|poke|p2|Zacian-*, L50|\n|poke|p2|Whimsicott, L50, M|\n|poke|p2|Chi-Yu, L50|\n|poke|p2|Regidrago, L50|\n|poke|p2|Ogerpon-Wellspring, L50, F|\n|poke|p2|Ditto, L50|\n|teampreview|4\n|inactive|Battle timer is ON: inactive players will automatically lose when time's up. (requested by Imnotagni)\n|inactive|SPADE61 has 60 seconds left.\n|inactive|Imnotagni has 60 seconds left.\n|inactive|SPADE61 has 30 seconds left.\n|\n|t:|1737349378\n|start\n|switch|p1a: Lunala|Lunala, L50|100\/100\n|switch|p1b: Iron Hands|Iron Hands, L50|100\/100\n|switch|p2a: VEGETA|Chi-Yu, L50|100\/100\n|switch|p2b: GOKU|Regidrago, L50|100\/100\n|-ability|p2a: VEGETA|Beads of Ruin\n|turn|1\n|inactive|SPADE61 has 30 seconds left.\n|inactive|Imnotagni has 30 seconds left.\n|\n|t:|1737349411\n|-terastallize|p2b: GOKU|Ghost\n|-terastallize|p1a: Lunala|Fairy\n|move|p1b: Iron Hands|Fake Out|p2b: GOKU\n|-immune|p2b: GOKU\n|move|p2a: VEGETA|Snarl|p1a: Lunala|[spread] p1a,p1b\n|-resisted|p1a: Lunala\n|-resisted|p1b: Iron Hands\n|-crit|p1b: Iron Hands\n|-damage|p1a: Lunala|93\/100\n|-damage|p1b: Iron Hands|79\/100\n|-unboost|p1a: Lunala|spa|1\n|move|p2b: GOKU|Draco Meteor|p1b: Iron Hands\n|-damage|p1b: Iron Hands|0 fnt\n|-unboost|p2b: GOKU|spa|2\n|faint|p1b: Iron Hands\n|-end|p1b: Iron Hands|Quark Drive|[silent]\n|-damage|p2b: GOKU|91\/100|[from] item: Life Orb\n|move|p1a: Lunala|Trick Room|p1a: Lunala\n|-fieldstart|move: Trick Room|[of] p1a: Lunala\n|\n|upkeep\n|\n|t:|1737349432\n|switch|p1b: Ursaluna|Ursaluna, L50, M|100\/100\n|turn|2\n|inactive|SPADE61 has 30 seconds left.\n|inactive|SPADE61 has 20 seconds left.\n|inactive|SPADE61 has 15 seconds left.\n|inactive|SPADE61 has 10 seconds left.\n|\n|t:|1737349478\n|move|p1b: Ursaluna|Earthquake|p2b: GOKU|[spread] p1a,p2a,p2b\n|-supereffective|p2a: VEGETA\n|-damage|p1a: Lunala|56\/100\n|-damage|p2a: VEGETA|0 fnt\n|-damage|p2b: GOKU|44\/100\n|faint|p2a: VEGETA\n|move|p1a: Lunala|Meteor Beam||[still]\n|-prepare|p1a: Lunala|Meteor Beam\n|-boost|p1a: Lunala|spa|1\n|-enditem|p1a: Lunala|Power Herb\n|-anim|p1a: Lunala|Meteor Beam|p2b: GOKU\n|-damage|p2b: GOKU|0 fnt\n|faint|p2b: GOKU\n|\n|-status|p1b: Ursaluna|brn|[from] item: Flame Orb\n|upkeep\n|inactive|Imnotagni has 30 seconds left.\n|inactive|Imnotagni has 20 seconds left.\n|inactive|Imnotagni has 15 seconds left.\n|\n|t:|1737349521\n|switch|p2b: MAJIN BUU|Ditto, L50|100\/100\n|switch|p2a: FUTURE TRUNKS|Zacian-Crowned, L50|100\/100\n|-transform|p2b: MAJIN BUU|p1a: Lunala|[from] ability: Imposter\n|-ability|p2a: FUTURE TRUNKS|Intrepid Sword|boost\n|-boost|p2a: FUTURE TRUNKS|atk|1\n|-start|p2b: MAJIN BUU|typechange|Psychic\/Ghost|[silent]\n|turn|3\n|inactive|SPADE61 has 30 seconds left.\n|inactive|Imnotagni has 30 seconds left.\n|inactive|SPADE61 has 20 seconds left.\n|inactive|SPADE61 has 15 seconds left.\n|inactive|SPADE61 has 10 seconds left.\n|inactive|SPADE61 has 5 seconds left.\n|\n|t:|1737349575\n|move|p2a: FUTURE TRUNKS|Protect|p2a: FUTURE TRUNKS\n|-singleturn|p2a: FUTURE TRUNKS|Protect\n|move|p1b: Ursaluna|Headlong Rush|p2b: MAJIN BUU\n|-damage|p2b: MAJIN BUU|39\/100\n|-unboost|p1b: Ursaluna|def|1\n|-unboost|p1b: Ursaluna|spd|1\n|move|p2b: MAJIN BUU|Trick Room|p2b: MAJIN BUU\n|-fieldend|move: Trick Room\n|move|p1a: Lunala|Trick Room|p1a: Lunala\n|-fieldstart|move: Trick Room|[of] p1a: Lunala\n|\n|-damage|p1b: Ursaluna|95\/100 brn|[from] brn\n|upkeep\n|turn|4\n|inactive|Imnotagni has 30 seconds left.\n|inactive|Imnotagni has 20 seconds left.\n|inactive|Imnotagni has 15 seconds left.\n|\n|t:|1737349615\n|move|p2a: FUTURE TRUNKS|Protect||[still]\n|-fail|p2a: FUTURE TRUNKS\n|move|p1b: Ursaluna|Headlong Rush|p2a: FUTURE TRUNKS\n|-supereffective|p2a: FUTURE TRUNKS\n|-damage|p2a: FUTURE TRUNKS|0 fnt\n|-unboost|p1b: Ursaluna|def|1\n|-unboost|p1b: Ursaluna|spd|1\n|faint|p2a: FUTURE TRUNKS\n|move|p2b: MAJIN BUU|Expanding Force|p1a: Lunala\n|-damage|p1a: Lunala|22\/100\n|move|p1a: Lunala|Expanding Force|p2b: MAJIN BUU\n|-resisted|p2b: MAJIN BUU\n|-damage|p2b: MAJIN BUU|11\/100\n|\n|-damage|p1b: Ursaluna|89\/100 brn|[from] brn\n|upkeep\n|turn|5\n|-message|Imnotagni forfeited.\n|\n|win|SPADE61\n|raw|SPADE61's rating: 1645 &rarr; <strong>1667<\/strong><br \/>(+22 for winning)\n|raw|Imnotagni's rating: 1679 &rarr; <strong>1657<\/strong><br \/>(-22 for losing)\n|l|\u2606Imnotagni\n|player|p2|\n|l|\u2606SPADE61\n|player|p1|\n","uploadtime":1737349771,"views":60,"formatid":"gen9vgc2025regg","rating":1657,"private":0,"password":null}