{"id":"gen9vgc2025regg-2284846535","format":"[Gen 9] VGC 2025 Reg G","players":["PhilosophyClassAlt","Bef6"],"log":"|j|\u2606PhilosophyClassAlt\n|j|\u2606Bef6\n|t:|1737404298\n|gametype|doubles\n|player|p1|PhilosophyClassAlt|170|1752\n|player|p2|Bef6|lucas|1809\n|teamsize|p1|6\n|teamsize|p2|6\n|gen|9\n|tier|[Gen 9] VGC 2025 Reg G\n|rated|\n|rule|Species Clause: Limit one of each Pok\u00e9mon\n|rule|Item Clause: Limit 1 of each item\n|clearpoke\n|poke|p1|Iron Valiant, L50|\n|poke|p1|Calyrex-Ice, L50|\n|poke|p1|Torkoal, L50, M|\n|poke|p1|Raging Bolt, L50|\n|poke|p1|Farigiraf, L50, M|\n|poke|p1|Ogerpon-Cornerstone, L50, F|\n|poke|p2|Lunala, L50|\n|poke|p2|Indeedee-F, L50, F|\n|poke|p2|Tornadus, L50, M|\n|poke|p2|Ursaluna, L50, F|\n|poke|p2|Chi-Yu, L50|\n|poke|p2|Iron Bundle, L50|\n|teampreview|4\n|\n|t:|1737404331\n|start\n|switch|p1a: Ogerpon|Ogerpon-Cornerstone, L50, F|100\/100\n|switch|p1b: Calyrex|Calyrex-Ice, L50|100\/100\n|switch|p2a: Chi-Yu|Chi-Yu, L50|100\/100\n|switch|p2b: Indeedee|Indeedee-F, L50, F|100\/100\n|-ability|p1b: Calyrex|As One\n|-ability|p1b: Calyrex|Unnerve\n|-ability|p2a: Chi-Yu|Beads of Ruin\n|-fieldstart|move: Psychic Terrain|[from] ability: Psychic Surge|[of] p2b: Indeedee\n|turn|1\n|\n|t:|1737404342\n|move|p1b: Calyrex|Protect|p1b: Calyrex\n|-singleturn|p1b: Calyrex|Protect\n|move|p2b: Indeedee|Follow Me|p2b: Indeedee\n|-singleturn|p2b: Indeedee|move: Follow Me\n|move|p1a: Ogerpon|Taunt|p2b: Indeedee\n|-start|p2b: Indeedee|move: Taunt\n|move|p2a: Chi-Yu|Taunt|p1b: Calyrex\n|-activate|p1b: Calyrex|move: Protect\n|\n|upkeep\n|turn|2\n|\n|t:|1737404376\n|-terastallize|p2a: Chi-Yu|Water\n|-terastallize|p1b: Calyrex|Fire\n|move|p1a: Ogerpon|Ivy Cudgel|p2a: Chi-Yu|[anim] Ivy Cudgel Rock\n|-damage|p2a: Chi-Yu|28\/100\n|move|p2a: Chi-Yu|Heat Wave|p1a: Ogerpon|[spread] p1a,p1b\n|-resisted|p1b: Calyrex\n|-damage|p1a: Ogerpon|42\/100\n|-damage|p1b: Calyrex|85\/100\n|move|p2b: Indeedee|Psychic|p1b: Calyrex\n|-damage|p1b: Calyrex|50\/100\n|move|p1b: Calyrex|Glacial Lance|p2a: Chi-Yu|[spread] p2a,p2b\n|-resisted|p2a: Chi-Yu\n|-damage|p2a: Chi-Yu|0 fnt\n|-damage|p2b: Indeedee|45\/100\n|faint|p2a: Chi-Yu\n|-ability|p1b: Calyrex|Chilling Neigh|boost\n|-boost|p1b: Calyrex|atk|1\n|\n|upkeep\n|\n|t:|1737404400\n|switch|p2a: Lunala|Lunala, L50|100\/100\n|turn|3\n|\n|t:|1737404418\n|switch|p2b: Tornadus|Tornadus, L50, M|100\/100\n|move|p1b: Calyrex|Protect|p1b: Calyrex\n|-singleturn|p1b: Calyrex|Protect\n|move|p1a: Ogerpon|Ivy Cudgel|p2a: Lunala|[anim] Ivy Cudgel Rock\n|-damage|p2a: Lunala|76\/100\n|move|p2a: Lunala|Expanding Force|p1a: Ogerpon|[spread] p1a\n|-activate|p1b: Calyrex|move: Protect\n|-damage|p1a: Ogerpon|0 fnt\n|faint|p1a: Ogerpon\n|\n|upkeep\n|\n|t:|1737404423\n|switch|p1a: Farigiraf|Farigiraf, L50, M|100\/100\n|turn|4\n|\n|t:|1737404449\n|move|p2b: Tornadus|Bleakwind Storm|p1b: Calyrex|[spread] p1a,p1b\n|-damage|p1a: Farigiraf|62\/100\n|-damage|p1b: Calyrex|26\/100\n|move|p2a: Lunala|Meteor Beam||[still]\n|-prepare|p2a: Lunala|Meteor Beam\n|-boost|p2a: Lunala|spa|1\n|-enditem|p2a: Lunala|Power Herb\n|-anim|p2a: Lunala|Meteor Beam|p1a: Farigiraf\n|-damage|p1a: Farigiraf|0 fnt\n|faint|p1a: Farigiraf\n|move|p1b: Calyrex|Glacial Lance|p2a: Lunala|[spread] p2a,p2b\n|-supereffective|p2b: Tornadus\n|-damage|p2a: Lunala|0 fnt\n|-enditem|p2b: Tornadus|Focus Sash\n|-damage|p2b: Tornadus|1\/100\n|faint|p2a: Lunala\n|-ability|p1b: Calyrex|Chilling Neigh|boost\n|-boost|p1b: Calyrex|atk|1\n|\n|upkeep\n|\n|t:|1737404461\n|switch|p2a: Indeedee|Indeedee-F, L50, F|45\/100\n|switch|p1a: Torkoal|Torkoal, L50, M|100\/100\n|-weather|SunnyDay|[from] ability: Drought|[of] p1a: Torkoal\n|turn|5\n|\n|t:|1737404472\n|move|p2b: Tornadus|Bleakwind Storm|p1a: Torkoal|[spread] p1a,p1b\n|-damage|p1a: Torkoal|51\/100\n|-damage|p1b: Calyrex|1\/100\n|move|p2a: Indeedee|Psychic|p1a: Torkoal\n|-damage|p1a: Torkoal|3\/100\n|move|p1b: Calyrex|Glacial Lance|p2b: Tornadus|[spread] p2a,p2b\n|-supereffective|p2b: Tornadus\n|-damage|p2a: Indeedee|0 fnt\n|-damage|p2b: Tornadus|0 fnt\n|faint|p2a: Indeedee\n|faint|p2b: Tornadus\n|\n|win|PhilosophyClassAlt\n|raw|PhilosophyClassAlt's rating: 1752 &rarr; <strong>1775<\/strong><br \/>(+23 for winning)\n|raw|Bef6's rating: 1809 &rarr; <strong>1786<\/strong><br \/>(-23 for losing)\n|l|\u2606Bef6\n|player|p2|\n|l|\u2606PhilosophyClassAlt\n|player|p1|\n","uploadtime":1737404609,"views":503,"formatid":"gen9vgc2025regg","rating":1775,"private":0,"password":null}