{"id":"gen9vgc2025regg-2284770857","format":"[Gen 9] VGC 2025 Reg G","players":["shilf","Imnotagni"],"log":"|j|\u2606shilf\n|j|\u2606Imnotagni\n|t:|1737396563\n|gametype|doubles\n|player|p1|shilf|266|1589\n|player|p2|Imnotagni|policeman-gen4|1668\n|teamsize|p1|6\n|teamsize|p2|6\n|gen|9\n|tier|[Gen 9] VGC 2025 Reg G\n|rated|\n|rule|Species Clause: Limit one of each Pok\u00e9mon\n|rule|Item Clause: Limit 1 of each item\n|clearpoke\n|poke|p1|Zamazenta-*, L50|\n|poke|p1|Chandelure, L50, F|\n|poke|p1|Chien-Pao, L50|\n|poke|p1|Flutter Mane, L50|\n|poke|p1|Amoonguss, L50, M|\n|poke|p1|Raging Bolt, L50|\n|poke|p2|Zacian-*, L50|\n|poke|p2|Whimsicott, L50, F|\n|poke|p2|Chi-Yu, L50|\n|poke|p2|Regidrago, L50|\n|poke|p2|Ogerpon-Wellspring, L50, F|\n|poke|p2|Ditto, L50|\n|teampreview|4\n|inactive|Battle timer is ON: inactive players will automatically lose when time's up. (requested by Imnotagni)\n|j| BLiiNDProdiigy\n|inactive|shilf has 60 seconds left.\n|\n|t:|1737396596\n|start\n|switch|p1a: Flutter Mane|Flutter Mane, L50|100\/100\n|switch|p1b: Zamazenta|Zamazenta-Crowned, L50|100\/100\n|switch|p2a: NIMBUS|Whimsicott, L50, F, shiny|100\/100\n|switch|p2b: VEGETA|Chi-Yu, L50|100\/100\n|-ability|p1b: Zamazenta|Dauntless Shield|boost\n|-boost|p1b: Zamazenta|def|1\n|-ability|p2b: VEGETA|Beads of Ruin\n|-enditem|p1a: Flutter Mane|Booster Energy\n|-activate|p1a: Flutter Mane|ability: Protosynthesis|[fromitem]\n|-start|p1a: Flutter Mane|protosynthesisspe\n|turn|1\n|inactive|shilf has 30 seconds left.\n|inactive|Imnotagni has 30 seconds left.\n|inactive|Imnotagni has 20 seconds left.\n|\n|t:|1737396634\n|-terastallize|p1b: Zamazenta|Dragon\n|-terastallize|p2b: VEGETA|Ghost\n|move|p2a: NIMBUS|Tailwind|p2a: NIMBUS\n|-sidestart|p2: Imnotagni|move: Tailwind\n|move|p2b: VEGETA|Overheat|p1a: Flutter Mane\n|-damage|p1a: Flutter Mane|0 fnt\n|-unboost|p2b: VEGETA|spa|2\n|faint|p1a: Flutter Mane\n|-end|p1a: Flutter Mane|Protosynthesis|[silent]\n|move|p1b: Zamazenta|Body Press|p2b: VEGETA\n|-immune|p2b: VEGETA\n|\n|upkeep\n|\n|t:|1737396642\n|switch|p1a: Chandelure|Chandelure, L50, F|100\/100\n|turn|2\n|\n|t:|1737396654\n|switch|p2b: MAJIN BUU|Ditto, L50|100\/100\n|-transform|p2b: MAJIN BUU|p1a: Chandelure|[from] ability: Imposter\n|move|p2a: NIMBUS|Moonblast|p1b: Zamazenta\n|-supereffective|p1b: Zamazenta\n|-damage|p1b: Zamazenta|60\/100\n|-unboost|p1b: Zamazenta|spa|1\n|move|p1b: Zamazenta|Body Press|p2a: NIMBUS\n|-resisted|p2a: NIMBUS\n|-damage|p2a: NIMBUS|60\/100\n|move|p1a: Chandelure|Trick Room|p1a: Chandelure\n|-fieldstart|move: Trick Room|[of] p1a: Chandelure\n|\n|upkeep\n|turn|3\n|inactive|shilf has 30 seconds left.\n|inactive|Imnotagni has 30 seconds left.\n|\n|t:|1737396685\n|move|p1a: Chandelure|Protect|p1a: Chandelure\n|-singleturn|p1a: Chandelure|Protect\n|move|p2a: NIMBUS|Encore|p1a: Chandelure\n|-activate|p1a: Chandelure|move: Protect\n|move|p1b: Zamazenta|Heavy Slam|p2a: NIMBUS\n|-supereffective|p2a: NIMBUS\n|-damage|p2a: NIMBUS|0 fnt\n|faint|p2a: NIMBUS\n|move|p2b: MAJIN BUU|Heat Wave|p1b: Zamazenta|[spread] p1b\n|-activate|p1a: Chandelure|move: Protect\n|-resisted|p1b: Zamazenta\n|-damage|p1b: Zamazenta|42\/100\n|-status|p1b: Zamazenta|brn\n|\n|-damage|p1b: Zamazenta|36\/100 brn|[from] brn\n|upkeep\n|\n|t:|1737396709\n|switch|p2a: VEGETA|Chi-Yu, L50, tera:Ghost|100\/100\n|-ability|p2a: VEGETA|Beads of Ruin\n|turn|4\n|j| bluestraggler02\n|\n|t:|1737396733\n|switch|p1b: Raging Bolt|Raging Bolt, L50|100\/100\n|move|p1a: Chandelure|Shadow Ball|p2a: VEGETA\n|-supereffective|p2a: VEGETA\n|-damage|p2a: VEGETA|0 fnt\n|faint|p2a: VEGETA\n|-damage|p1a: Chandelure|91\/100|[from] item: Life Orb\n|move|p2b: MAJIN BUU|Shadow Ball|p1b: Raging Bolt\n|-damage|p1b: Raging Bolt|75\/100\n|\n|-sideend|p2: Imnotagni|move: Tailwind\n|upkeep\n|\n|t:|1737396736\n|switch|p2a: FUTURE TRUNKS|Zacian-Crowned, L50|100\/100\n|-ability|p2a: FUTURE TRUNKS|Intrepid Sword|boost\n|-boost|p2a: FUTURE TRUNKS|atk|1\n|turn|5\n|\n|t:|1737396758\n|move|p2a: FUTURE TRUNKS|Protect|p2a: FUTURE TRUNKS\n|-singleturn|p2a: FUTURE TRUNKS|Protect\n|move|p1a: Chandelure|Shadow Ball|p2b: MAJIN BUU\n|-supereffective|p2b: MAJIN BUU\n|-enditem|p2b: MAJIN BUU|Focus Sash\n|-damage|p2b: MAJIN BUU|1\/100\n|-damage|p1a: Chandelure|82\/100|[from] item: Life Orb\n|move|p1b: Raging Bolt|Thunderbolt|p2a: FUTURE TRUNKS\n|-activate|p2a: FUTURE TRUNKS|move: Protect\n|move|p2b: MAJIN BUU|Trick Room|p2b: MAJIN BUU\n|-fieldend|move: Trick Room\n|\n|upkeep\n|turn|6\n|inactive|Imnotagni has 30 seconds left.\n|\n|t:|1737396784\n|move|p2b: MAJIN BUU|Protect|p2b: MAJIN BUU\n|-singleturn|p2b: MAJIN BUU|Protect\n|move|p1b: Raging Bolt|Thunderclap||[still]\n|-fail|p1b: Raging Bolt\n|move|p2a: FUTURE TRUNKS|Play Rough|p1b: Raging Bolt\n|-supereffective|p1b: Raging Bolt\n|-damage|p1b: Raging Bolt|0 fnt\n|faint|p1b: Raging Bolt\n|-end|p1b: Raging Bolt|Protosynthesis|[silent]\n|move|p1a: Chandelure|Heat Wave|p2b: MAJIN BUU|[spread] p2a\n|-activate|p2b: MAJIN BUU|move: Protect\n|-supereffective|p2a: FUTURE TRUNKS\n|-damage|p2a: FUTURE TRUNKS|8\/100\n|-damage|p1a: Chandelure|72\/100|[from] item: Life Orb\n|\n|upkeep\n|\n|t:|1737396787\n|switch|p1b: Zamazenta|Zamazenta-Crowned, L50, tera:Dragon|36\/100 brn\n|turn|7\n|\n|t:|1737396801\n|move|p2a: FUTURE TRUNKS|Play Rough|p1b: Zamazenta\n|-supereffective|p1b: Zamazenta\n|-damage|p1b: Zamazenta|0 fnt\n|faint|p1b: Zamazenta\n|move|p1a: Chandelure|Shadow Ball|p2b: MAJIN BUU\n|-supereffective|p2b: MAJIN BUU\n|-damage|p2b: MAJIN BUU|0 fnt\n|faint|p2b: MAJIN BUU\n|-damage|p1a: Chandelure|63\/100|[from] item: Life Orb\n|\n|upkeep\n|turn|8\n|\n|t:|1737396814\n|move|p2a: FUTURE TRUNKS|Behemoth Blade|p1a: Chandelure\n|-resisted|p1a: Chandelure\n|-damage|p1a: Chandelure|8\/100\n|move|p1a: Chandelure|Shadow Ball|p2a: FUTURE TRUNKS\n|-damage|p2a: FUTURE TRUNKS|0 fnt\n|faint|p2a: FUTURE TRUNKS\n|-damage|p1a: Chandelure|0 fnt|[from] item: Life Orb\n|faint|p1a: Chandelure\n|\n|win|shilf\n|raw|shilf's rating: 1589 &rarr; <strong>1613<\/strong><br \/>(+24 for winning)\n|raw|Imnotagni's rating: 1668 &rarr; <strong>1644<\/strong><br \/>(-24 for losing)\n|c|\u2606Imnotagni|gg\n|c|\u2606shilf|Gg\n|l|\u2606Imnotagni\n|player|p2|\n|l| BLiiNDProdiigy\n|l|\u2606shilf\n|player|p1|\n","uploadtime":1737397025,"views":15,"formatid":"gen9vgc2025regg","rating":1613,"private":0,"password":null}