{"id":"gen9vgc2025regg-2284046079","format":"[Gen 9] VGC 2025 Reg G","players":["SeaWolfMikess","superduce2"],"log":"|j|\u2606SeaWolfMikess\n|j|\u2606superduce2\n|t:|1737299170\n|gametype|doubles\n|player|p1|SeaWolfMikess|hugh|1588\n|player|p2|superduce2|102|1604\n|teamsize|p1|6\n|teamsize|p2|6\n|gen|9\n|tier|[Gen 9] VGC 2025 Reg G\n|rated|\n|rule|Species Clause: Limit one of each Pok\u00e9mon\n|rule|Item Clause: Limit 1 of each item\n|clearpoke\n|poke|p1|Whimsicott, L50, F|\n|poke|p1|Calyrex-Shadow, L50|\n|poke|p1|Incineroar, L50, M|\n|poke|p1|Rillaboom, L50, M|\n|poke|p1|Urshifu-*, L50, F|\n|poke|p1|Landorus, L50, M|\n|poke|p2|Chi-Yu, L50|\n|poke|p2|Gholdengo, L50|\n|poke|p2|Miraidon, L50|\n|poke|p2|Tatsugiri-Droopy, L50, M|\n|poke|p2|Dondozo, L50, M|\n|poke|p2|Urshifu-*, L50, F|\n|teampreview|4\n|j| PrismRabbit\n|\n|t:|1737299211\n|start\n|switch|p1a: Whimsicott|Whimsicott, L50, F|100\/100\n|switch|p1b: Landorus|Landorus, L50, M|100\/100\n|switch|p2a: Chi-Yu|Chi-Yu, L50|100\/100\n|switch|p2b: Urshifu|Urshifu, L50, F|100\/100\n|-ability|p2a: Chi-Yu|Beads of Ruin\n|turn|1\n|\n|t:|1737299249\n|move|p2a: Chi-Yu|Protect|p2a: Chi-Yu\n|-singleturn|p2a: Chi-Yu|Protect\n|move|p2b: Urshifu|Sucker Punch|p1b: Landorus\n|-damage|p1b: Landorus|61\/100\n|move|p1a: Whimsicott|Tailwind|p1a: Whimsicott\n|-sidestart|p1: SeaWolfMikess|move: Tailwind\n|move|p1b: Landorus|Earth Power|p2a: Chi-Yu\n|-activate|p2a: Chi-Yu|move: Protect\n|\n|upkeep\n|turn|2\n|\n|t:|1737299281\n|move|p2b: Urshifu|Sucker Punch|p1b: Landorus\n|-damage|p1b: Landorus|16\/100\n|move|p1a: Whimsicott|Moonblast|p2a: Chi-Yu\n|-damage|p2a: Chi-Yu|65\/100\n|move|p1b: Landorus|Earth Power|p2a: Chi-Yu\n|-supereffective|p2a: Chi-Yu\n|-damage|p2a: Chi-Yu|0 fnt\n|faint|p2a: Chi-Yu\n|\n|upkeep\n|\n|t:|1737299296\n|switch|p2a: Miraidon|Miraidon, L50|100\/100\n|-fieldstart|move: Electric Terrain|[from] ability: Hadron Engine|[of] p2a: Miraidon\n|turn|3\n|\n|t:|1737299308\n|switch|p1b: Incineroar|Incineroar, L50, M|100\/100\n|-ability|p1b: Incineroar|Intimidate|boost\n|-unboost|p2a: Miraidon|atk|1\n|-unboost|p2b: Urshifu|atk|1\n|-terastallize|p2a: Miraidon|Fairy\n|move|p2b: Urshifu|Sucker Punch||[still]\n|-fail|p2b: Urshifu\n|move|p1a: Whimsicott|Moonblast|p2b: Urshifu\n|-supereffective|p2b: Urshifu\n|-damage|p2b: Urshifu|0 fnt\n|faint|p2b: Urshifu\n|move|p2a: Miraidon|Dazzling Gleam|p1a: Whimsicott|[spread] p1a,p1b\n|-damage|p1a: Whimsicott|44\/100\n|-damage|p1b: Incineroar|55\/100\n|\n|upkeep\n|\n|t:|1737299322\n|switch|p2b: Gholdengo|Gholdengo, L50|100\/100\n|turn|4\n|\n|t:|1737299341\n|-terastallize|p1a: Whimsicott|Dark\n|move|p1b: Incineroar|Fake Out|p2a: Miraidon\n|-damage|p2a: Miraidon|90\/100\n|move|p1a: Whimsicott|Light Screen|p1a: Whimsicott\n|-sidestart|p1: SeaWolfMikess|move: Light Screen\n|cant|p2a: Miraidon|flinch\n|move|p2b: Gholdengo|Trick|p1b: Incineroar\n|-activate|p2b: Gholdengo|move: Trick|[of] p1b: Incineroar\n|-item|p1b: Incineroar|Choice Specs|[from] move: Trick\n|-item|p2b: Gholdengo|Rocky Helmet|[from] move: Trick\n|\n|-sideend|p1: SeaWolfMikess|move: Tailwind\n|upkeep\n|turn|5\n|\n|t:|1737299363\n|move|p1a: Whimsicott|Tailwind|p1a: Whimsicott\n|-sidestart|p1: SeaWolfMikess|move: Tailwind\n|move|p2a: Miraidon|Dazzling Gleam|p1a: Whimsicott|[spread] p1a,p1b\n|-supereffective|p1a: Whimsicott\n|-damage|p1a: Whimsicott|0 fnt\n|-damage|p1b: Incineroar|27\/100\n|faint|p1a: Whimsicott\n|move|p1b: Incineroar|Knock Off|p2b: Gholdengo\n|-supereffective|p2b: Gholdengo\n|-damage|p2b: Gholdengo|20\/100\n|-damage|p1b: Incineroar|10\/100|[from] item: Rocky Helmet|[of] p2b: Gholdengo\n|-enditem|p2b: Gholdengo|Rocky Helmet|[from] move: Knock Off|[of] p1b: Incineroar\n|move|p2b: Gholdengo|Thunderbolt|p1b: Incineroar\n|-damage|p1b: Incineroar|0 fnt\n|faint|p1b: Incineroar\n|\n|upkeep\n|\n|t:|1737299374\n|switch|p1a: Urshifu|Urshifu-Rapid-Strike, L50, F|100\/100\n|switch|p1b: Landorus|Landorus, L50, M|16\/100\n|turn|6\n|\n|t:|1737299387\n|move|p1b: Landorus|Sludge Bomb|p2a: Miraidon\n|-supereffective|p2a: Miraidon\n|-damage|p2a: Miraidon|38\/100\n|move|p1a: Urshifu|Surging Strikes|p2a: Miraidon\n|-crit|p2a: Miraidon\n|-damage|p2a: Miraidon|16\/100\n|-crit|p2a: Miraidon\n|-damage|p2a: Miraidon|0 fnt\n|faint|p2a: Miraidon\n|-hitcount|p2: Miraidon|2\n|move|p2b: Gholdengo|Thunderbolt|p1a: Urshifu\n|-supereffective|p1a: Urshifu\n|-crit|p1a: Urshifu\n|-enditem|p1a: Urshifu|Focus Sash\n|-damage|p1a: Urshifu|1\/100\n|\n|upkeep\n|turn|7\n|\n|t:|1737299402\n|move|p1b: Landorus|Earth Power|p2b: Gholdengo\n|-supereffective|p2b: Gholdengo\n|-damage|p2b: Gholdengo|0 fnt\n|faint|p2b: Gholdengo\n|\n|win|SeaWolfMikess\n|raw|SeaWolfMikess's rating: 1566 &rarr; <strong>1588<\/strong><br \/>(+22 for winning)\n|raw|superduce2's rating: 1604 &rarr; <strong>1582<\/strong><br \/>(-22 for losing)\n|l| PrismRabbit\n|l|\u2606SeaWolfMikess\n|player|p1|\n|l|\u2606superduce2\n|player|p2|\n","uploadtime":1737299601,"views":19,"formatid":"gen9vgc2025regg","rating":1582,"private":0,"password":null}