{"id":"gen9vgc2025regg-2284950399","format":"[Gen 9] VGC 2025 Reg G","players":["Prometheus756","nootellas"],"log":"|j|\u2606Prometheus756\n|j|\u2606nootellas\n|t:|1737415530\n|gametype|doubles\n|player|p1|Prometheus756|gentleman-gen4dp|1566\n|player|p2|nootellas|iono|1679\n|teamsize|p1|6\n|teamsize|p2|6\n|gen|9\n|tier|[Gen 9] VGC 2025 Reg G\n|rated|\n|rule|Species Clause: Limit one of each Pok\u00e9mon\n|rule|Item Clause: Limit 1 of each item\n|clearpoke\n|poke|p1|Ditto, L50|\n|poke|p1|Smeargle, L50, M|\n|poke|p1|Muk-Alola, L50, F|\n|poke|p1|Kyogre, L50|\n|poke|p1|Tornadus, L50, M|\n|poke|p1|Electivire, L50, M|\n|poke|p2|Calyrex-Shadow, L50|\n|poke|p2|Clefairy, L50, F|\n|poke|p2|Raging Bolt, L50|\n|poke|p2|Urshifu-*, L50, M|\n|poke|p2|Incineroar, L50, F|\n|poke|p2|Flutter Mane, L50|\n|teampreview|4\n|inactive|Battle timer is ON: inactive players will automatically lose when time's up. (requested by Prometheus756)\n|\n|t:|1737415557\n|start\n|switch|p1a: Smeargle|Smeargle, L50, M|100\/100\n|switch|p1b: Muk|Muk-Alola, L50, F|100\/100\n|switch|p2a: shiori novella|Calyrex-Shadow, L50|100\/100\n|switch|p2b: ninomae inanis|Urshifu-Rapid-Strike, L50, M|100\/100\n|-ability|p2a: shiori novella|As One\n|-ability|p2a: shiori novella|Unnerve\n|turn|1\n|\n|t:|1737415565\n|move|p1a: Smeargle|Fake Out|p2b: ninomae inanis\n|-damage|p2b: ninomae inanis|95\/100\n|cant|p2b: ninomae inanis|flinch\n|move|p2a: shiori novella|Psychic|p1a: Smeargle\n|-enditem|p1a: Smeargle|Focus Sash\n|-damage|p1a: Smeargle|1\/100\n|move|p1b: Muk|Minimize|p1b: Muk\n|-boost|p1b: Muk|evasion|2\n|\n|-ability|p1a: Smeargle|Moody|boost\n|-boost|p1a: Smeargle|atk|2\n|-unboost|p1a: Smeargle|spa|1\n|upkeep\n|turn|2\n|inactive|Prometheus756 has 30 seconds left.\n|\n|t:|1737415599\n|-terastallize|p1b: Muk|Grass\n|move|p1a: Smeargle|Follow Me|p1a: Smeargle\n|-singleturn|p1a: Smeargle|move: Follow Me\n|move|p2b: ninomae inanis|U-turn|p1a: Smeargle\n|-damage|p1a: Smeargle|0 fnt\n|faint|p1a: Smeargle\n|-ability|p1b: Muk|Moody|[from] ability: Power of Alchemy|[of] p1a: Smeargle\n|\n|t:|1737415610\n|switch|p2b: hakos baelz|Incineroar, L50, F, shiny|100\/100|[from] U-turn\n|-ability|p2b: hakos baelz|Intimidate|boost\n|-unboost|p1b: Muk|atk|1\n|move|p2a: shiori novella|Astral Barrage|p1b: Muk\n|-damage|p1b: Muk|43\/100\n|move|p1b: Muk|Minimize|p1b: Muk\n|-boost|p1b: Muk|evasion|2\n|\n|-heal|p1b: Muk|49\/100|[from] item: Leftovers\n|-ability|p1b: Muk|Moody|boost\n|-boost|p1b: Muk|def|2\n|-unboost|p1b: Muk|spa|1\n|upkeep\n|\n|t:|1737415619\n|switch|p1a: Kyogre|Kyogre, L50|100\/100\n|-weather|RainDance|[from] ability: Drizzle|[of] p1a: Kyogre\n|turn|3\n|\n|t:|1737415633\n|-terastallize|p2a: shiori novella|Water\n|move|p1b: Muk|Protect|p1b: Muk\n|-singleturn|p1b: Muk|Protect\n|move|p2b: hakos baelz|Fake Out|p1a: Kyogre\n|-damage|p1a: Kyogre|88\/100\n|move|p2a: shiori novella|Astral Barrage|p1a: Kyogre|[spread] p1a\n|-activate|p1b: Muk|move: Protect\n|-damage|p1a: Kyogre|35\/100\n|cant|p1a: Kyogre|flinch\n|\n|-weather|RainDance|[upkeep]\n|-heal|p1b: Muk|55\/100|[from] item: Leftovers\n|-ability|p1b: Muk|Moody|boost\n|-boost|p1b: Muk|def|2\n|-unboost|p1b: Muk|spd|1\n|upkeep\n|turn|4\n|\n|t:|1737415646\n|move|p2a: shiori novella|Astral Barrage|p1b: Muk|[spread] p1a\n|-miss|p2a: shiori novella|p1b: Muk\n|-crit|p1a: Kyogre\n|-damage|p1a: Kyogre|0 fnt\n|faint|p1a: Kyogre\n|-ability|p2a: shiori novella|Grim Neigh|boost\n|-boost|p2a: shiori novella|spa|1\n|move|p2b: hakos baelz|Taunt|p1b: Muk\n|-start|p1b: Muk|move: Taunt\n|cant|p1b: Muk|move: Taunt|Minimize\n|\n|-weather|RainDance|[upkeep]\n|-heal|p1b: Muk|62\/100|[from] item: Leftovers\n|-ability|p1b: Muk|Moody|boost\n|-boost|p1b: Muk|spe|2\n|-unboost|p1b: Muk|spd|1\n|upkeep\n|\n|t:|1737415652\n|switch|p1a: Electivire|Electivire, L50, M|100\/100\n|turn|5\n|\n|t:|1737415665\n|move|p2a: shiori novella|Astral Barrage|p1b: Muk|[spread] p1a,p1b\n|-crit|p1b: Muk\n|-damage|p1a: Electivire|0 fnt\n|-damage|p1b: Muk|0 fnt\n|faint|p1a: Electivire\n|faint|p1b: Muk\n|\n|win|nootellas\n|raw|Prometheus756's rating: 1566 &rarr; <strong>1552<\/strong><br \/>(-14 for losing)\n|raw|nootellas's rating: 1679 &rarr; <strong>1693<\/strong><br \/>(+14 for winning)\n|l|\u2606Prometheus756\n|player|p1|\n|l|\u2606nootellas\n|player|p2|\n||Ladder isn't responding, score probably updated but might not have (Request timeout).\n","uploadtime":1737415864,"views":16,"formatid":"gen9vgc2025regg","rating":1552,"private":0,"password":null}