{"id":"gen9vgc2025regg-2284556134","format":"[Gen 9] VGC 2025 Reg G","players":["thegreenplant","Toslowbro30"],"log":"|j|\u2606thegreenplant\n|j|\u2606Toslowbro30\n|t:|1737368329\n|gametype|doubles\n|player|p1|thegreenplant|geeta|1559\n|player|p2|Toslowbro30|102|1518\n|teamsize|p1|6\n|teamsize|p2|6\n|gen|9\n|tier|[Gen 9] VGC 2025 Reg G\n|rated|\n|rule|Species Clause: Limit one of each Pok\u00e9mon\n|rule|Item Clause: Limit 1 of each item\n|clearpoke\n|poke|p1|Kyogre, L50|\n|poke|p1|Incineroar, L50, F|\n|poke|p1|Urshifu-*, L50, M|\n|poke|p1|Flutter Mane, L50|\n|poke|p1|Tsareena, L50, F|\n|poke|p1|Whimsicott, L50, F|\n|poke|p2|Groudon, L50|\n|poke|p2|Regieleki, L50|\n|poke|p2|Gastrodon, L50, M|\n|poke|p2|Sinistcha, L50|\n|poke|p2|Chi-Yu, L50|\n|poke|p2|Sableye, L50, M|\n|teampreview|4\n|inactive|Battle timer is ON: inactive players will automatically lose when time's up. (requested by thegreenplant)\n|\n|t:|1737368356\n|start\n|switch|p1a: Urshifu|Urshifu, L50, M|100\/100\n|switch|p1b: Whimsicott|Whimsicott, L50, F|100\/100\n|switch|p2a: Regieleki|Regieleki, L50|100\/100\n|switch|p2b: Chi-Yu|Chi-Yu, L50|100\/100\n|-ability|p2b: Chi-Yu|Beads of Ruin\n|turn|1\n|\n|t:|1737368372\n|move|p1b: Whimsicott|Tailwind|p1b: Whimsicott\n|-sidestart|p1: thegreenplant|move: Tailwind\n|move|p1a: Urshifu|Close Combat|p2b: Chi-Yu\n|-supereffective|p2b: Chi-Yu\n|-damage|p2b: Chi-Yu|0 fnt\n|-unboost|p1a: Urshifu|def|1\n|-unboost|p1a: Urshifu|spd|1\n|faint|p2b: Chi-Yu\n|move|p2a: Regieleki|Volt Switch|p1a: Urshifu\n|-damage|p1a: Urshifu|0 fnt\n|faint|p1a: Urshifu\n|\n|t:|1737368386\n|switch|p2a: Groudon|Groudon, L50|100\/100|[from] Volt Switch\n|-weather|SunnyDay|[from] ability: Drought|[of] p2a: Groudon\n|\n|-weather|SunnyDay|[upkeep]\n|upkeep\n|\n|t:|1737368392\n|switch|p1a: Kyogre|Kyogre, L50|100\/100\n|switch|p2b: Regieleki|Regieleki, L50|100\/100\n|-weather|RainDance|[from] ability: Drizzle|[of] p1a: Kyogre\n|turn|2\n|\n|t:|1737368408\n|switch|p2a: Gastrodon|Gastrodon, L50, M|100\/100\n|move|p1b: Whimsicott|Moonblast|p2b: Regieleki\n|-damage|p2b: Regieleki|25\/100\n|move|p1a: Kyogre|Water Spout|p2b: Regieleki|[spread] p2b\n|-ability|p2a: Gastrodon|Storm Drain|boost\n|-boost|p2a: Gastrodon|spa|1\n|-damage|p2b: Regieleki|0 fnt\n|faint|p2b: Regieleki\n|-damage|p1a: Kyogre|91\/100|[from] item: Life Orb\n|\n|-weather|RainDance|[upkeep]\n|upkeep\n|\n|t:|1737368416\n|switch|p2b: Groudon|Groudon, L50|100\/100\n|-weather|SunnyDay|[from] ability: Drought|[of] p2b: Groudon\n|turn|3\n|c|\u2606Toslowbro30|gg wp\n|inactive|Toslowbro30 has 30 seconds left.\n|\n|t:|1737368444\n|move|p1b: Whimsicott|Light Screen|p1b: Whimsicott\n|-sidestart|p1: thegreenplant|move: Light Screen\n|move|p1a: Kyogre|Water Spout|p2a: Gastrodon|[spread] p2b\n|-ability|p2a: Gastrodon|Storm Drain|boost\n|-boost|p2a: Gastrodon|spa|1\n|-supereffective|p2b: Groudon\n|-damage|p2b: Groudon|57\/100\n|-damage|p1a: Kyogre|81\/100|[from] item: Life Orb\n|move|p2b: Groudon|Precipice Blades|p1a: Kyogre|[spread] p1a,p1b\n|-resisted|p1b: Whimsicott\n|-damage|p1a: Kyogre|26\/100\n|-damage|p1b: Whimsicott|59\/100\n|move|p2a: Gastrodon|Earth Power|p1a: Kyogre\n|-damage|p1a: Kyogre|0 fnt\n|faint|p1a: Kyogre\n|\n|-weather|SunnyDay|[upkeep]\n|upkeep\n|\n|t:|1737368450\n|switch|p1a: Tsareena|Tsareena, L50, F|100\/100\n|turn|4\n|\n|t:|1737368469\n|-terastallize|p2a: Gastrodon|Poison\n|move|p1b: Whimsicott|Encore|p2a: Gastrodon\n|-start|p2a: Gastrodon|Encore\n|move|p1a: Tsareena|Power Whip|p2b: Groudon|[miss]\n|-miss|p1a: Tsareena|p2b: Groudon\n|move|p2b: Groudon|Heat Crash|p1b: Whimsicott\n|-supereffective|p1b: Whimsicott\n|-damage|p1b: Whimsicott|0 fnt\n|faint|p1b: Whimsicott\n|move|p2a: Gastrodon|Earth Power|p1a: Tsareena\n|-resisted|p1a: Tsareena\n|-damage|p1a: Tsareena|81\/100\n|\n|-weather|SunnyDay|[upkeep]\n|-sideend|p1: thegreenplant|move: Tailwind\n|upkeep\n|turn|5\n|j| mr pogostick\n|\n|t:|1737368486\n|move|p2b: Groudon|Heat Crash|p1a: Tsareena\n|-supereffective|p1a: Tsareena\n|-damage|p1a: Tsareena|0 fnt\n|faint|p1a: Tsareena\n|\n|win|Toslowbro30\n|raw|thegreenplant's rating: 1559 &rarr; <strong>1537<\/strong><br \/>(-22 for losing)\n|raw|Toslowbro30's rating: 1518 &rarr; <strong>1540<\/strong><br \/>(+22 for winning)\n|c|\u2606thegreenplant|Dang even with wide lens\n|l|\u2606thegreenplant\n|player|p1|\n|l| mr pogostick\n|c|\u2606Toslowbro30|Thats rough bro\n|l|\u2606Toslowbro30\n|player|p2|\n","uploadtime":1737368713,"views":10,"formatid":"gen9vgc2025regg","rating":1537,"private":0,"password":null}