{"id":"gen9vgc2025regg-2285354000","format":"[Gen 9] VGC 2025 Reg G","players":["Chococroc","amphy lighthouse"],"log":"|badge|p1|silver|gen9lc|30-4\n|uhtml|medal-msg|<div class=\"broadcast-blue\">Curious what those medals under the avatar are? PS now has Ladder Seasons! For more information, check out the <a href=\"https:\/\/www.smogon.com\/forums\/threads\/3740067\/\">thread on Smogon.<\/a><\/div>\n|j|\u2606Chococroc\n|j|\u2606amphy lighthouse\n|t:|1737474230\n|gametype|doubles\n|player|p1|Chococroc|pokemaniac|1568\n|player|p2|amphy lighthouse|266|1600\n|teamsize|p1|6\n|teamsize|p2|6\n|gen|9\n|tier|[Gen 9] VGC 2025 Reg G\n|rated|\n|rule|Species Clause: Limit one of each Pok\u00e9mon\n|rule|Item Clause: Limit 1 of each item\n|clearpoke\n|poke|p1|Torkoal, L50, F|\n|poke|p1|Chi-Yu, L50|\n|poke|p1|Flutter Mane, L50|\n|poke|p1|Raging Bolt, L50|\n|poke|p1|Amoonguss, L50, M|\n|poke|p1|Zamazenta-*, L50|\n|poke|p2|Smeargle, L50, M|\n|poke|p2|Muk-Alola, L50, M|\n|poke|p2|Calyrex-Shadow, L50|\n|poke|p2|Flamigo, L50, M|\n|poke|p2|Rillaboom, L50, F|\n|poke|p2|Volcarona, L50, M|\n|teampreview|4\n|\n|t:|1737474256\n|start\n|switch|p1a: Torkoal|Torkoal, L50, F|100\/100\n|switch|p1b: Chi-Yu|Chi-Yu, L50|100\/100\n|switch|p2a: Smeargle|Smeargle, L50, M|100\/100\n|switch|p2b: Calyrex|Calyrex-Shadow, L50|100\/100\n|-ability|p2b: Calyrex|As One\n|-ability|p2b: Calyrex|Unnerve\n|-ability|p1b: Chi-Yu|Beads of Ruin\n|-weather|SunnyDay|[from] ability: Drought|[of] p1a: Torkoal\n|turn|1\n|\n|t:|1737474269\n|-terastallize|p2b: Calyrex|Dark\n|move|p2b: Calyrex|Astral Barrage|p1b: Chi-Yu|[spread] p1a,p1b\n|-resisted|p1b: Chi-Yu\n|-damage|p1a: Torkoal|0 fnt\n|-damage|p1b: Chi-Yu|58\/100\n|faint|p1a: Torkoal\n|-ability|p2b: Calyrex|Grim Neigh|boost\n|-boost|p2b: Calyrex|spa|1\n|-damage|p2b: Calyrex|90\/100|[from] item: Life Orb\n|move|p1b: Chi-Yu|Heat Wave|p2a: Smeargle|[spread] p2b\n|-miss|p1b: Chi-Yu|p2a: Smeargle\n|-crit|p2b: Calyrex\n|-damage|p2b: Calyrex|0 fnt\n|faint|p2b: Calyrex\n|move|p2a: Smeargle|Spore|p1b: Chi-Yu\n|-status|p1b: Chi-Yu|slp|[from] move: Spore\n|\n|-weather|SunnyDay|[upkeep]\n|-ability|p2a: Smeargle|Moody|boost\n|-boost|p2a: Smeargle|spe|2\n|-unboost|p2a: Smeargle|def|1\n|upkeep\n|\n|t:|1737474286\n|switch|p2b: Muk|Muk-Alola, L50, M|100\/100\n|switch|p1a: Raging Bolt|Raging Bolt, L50|100\/100\n|-activate|p1a: Raging Bolt|ability: Protosynthesis\n|-start|p1a: Raging Bolt|protosynthesisspa\n|turn|2\n|j| Maccy99\n|l| Maccy99\n|\n|t:|1737474294\n|move|p2a: Smeargle|Spore|p1a: Raging Bolt\n|-status|p1a: Raging Bolt|slp|[from] move: Spore\n|cant|p1b: Chi-Yu|slp\n|cant|p1a: Raging Bolt|slp\n|move|p2b: Muk|Minimize|p2b: Muk\n|-boost|p2b: Muk|evasion|2\n|\n|-weather|SunnyDay|[upkeep]\n|-ability|p2a: Smeargle|Moody|boost\n|-boost|p2a: Smeargle|spd|2\n|-unboost|p2a: Smeargle|spe|1\n|upkeep\n|turn|3\n|\n|t:|1737474305\n|move|p2a: Smeargle|Wide Guard|p2a: Smeargle\n|-singleturn|p2a: Smeargle|Wide Guard\n|-curestatus|p1b: Chi-Yu|slp|[msg]\n|move|p1b: Chi-Yu|Heat Wave|p2b: Muk|[spread] \n|-activate|p2a: Smeargle|move: Wide Guard\n|-activate|p2b: Muk|move: Wide Guard\n|cant|p1a: Raging Bolt|slp\n|move|p2b: Muk|Minimize|p2b: Muk\n|-boost|p2b: Muk|evasion|2\n|\n|-weather|SunnyDay|[upkeep]\n|-ability|p2a: Smeargle|Moody|boost\n|-boost|p2a: Smeargle|spd|2\n|-unboost|p2a: Smeargle|spa|1\n|upkeep\n|turn|4\n|\n|t:|1737474327\n|-terastallize|p1a: Raging Bolt|Electric\n|move|p2a: Smeargle|Spore|p1b: Chi-Yu\n|-status|p1b: Chi-Yu|slp|[from] move: Spore\n|cant|p1b: Chi-Yu|slp\n|-curestatus|p1a: Raging Bolt|slp|[msg]\n|move|p1a: Raging Bolt|Thunderbolt|p2b: Muk|[miss]\n|-miss|p1a: Raging Bolt|p2b: Muk\n|move|p2b: Muk|Minimize|p2b: Muk\n|-boost|p2b: Muk|evasion|2\n|\n|-weather|SunnyDay|[upkeep]\n|-ability|p2a: Smeargle|Moody|boost\n|-boost|p2a: Smeargle|atk|2\n|-unboost|p2a: Smeargle|spe|1\n|upkeep\n|turn|5\n|\n|t:|1737474345\n|cant|p1b: Chi-Yu|slp\n|move|p2a: Smeargle|Spore|p1a: Raging Bolt\n|-status|p1a: Raging Bolt|slp|[from] move: Spore\n|cant|p1a: Raging Bolt|slp\n|move|p2b: Muk|Poison Gas||[still]|[still]|[spread] \n|-fail|p2b: Muk\n|-fail|p2b: Muk\n|\n|-weather|none\n|-end|p1a: Raging Bolt|Protosynthesis\n|-ability|p2a: Smeargle|Moody|boost\n|-boost|p2a: Smeargle|atk|2\n|-unboost|p2a: Smeargle|spe|1\n|upkeep\n|turn|6\n|\n|t:|1737474366\n|move|p2a: Smeargle|Follow Me|p2a: Smeargle\n|-singleturn|p2a: Smeargle|move: Follow Me\n|-curestatus|p1b: Chi-Yu|slp|[msg]\n|move|p1b: Chi-Yu|Nasty Plot|p1b: Chi-Yu\n|-boost|p1b: Chi-Yu|spa|2\n|cant|p1a: Raging Bolt|slp\n|move|p2b: Muk|Knock Off|p1a: Raging Bolt\n|-damage|p1a: Raging Bolt|68\/100 slp\n|-enditem|p1a: Raging Bolt|Assault Vest|[from] move: Knock Off|[of] p2b: Muk\n|\n|-ability|p2a: Smeargle|Moody|boost\n|-boost|p2a: Smeargle|spe|2\n|-unboost|p2a: Smeargle|atk|1\n|upkeep\n|turn|7\n|\n|t:|1737474385\n|move|p2a: Smeargle|Spore|p1b: Chi-Yu\n|-status|p1b: Chi-Yu|slp|[from] move: Spore\n|cant|p1b: Chi-Yu|slp\n|-curestatus|p1a: Raging Bolt|slp|[msg]\n|move|p1a: Raging Bolt|Thunderbolt|p2a: Smeargle\n|-damage|p2a: Smeargle|34\/100\n|move|p2b: Muk|Knock Off|p1b: Chi-Yu\n|-resisted|p1b: Chi-Yu\n|-damage|p1b: Chi-Yu|28\/100 slp\n|-enditem|p1b: Chi-Yu|Charcoal|[from] move: Knock Off|[of] p2b: Muk\n|\n|-ability|p2a: Smeargle|Moody|boost\n|-boost|p2a: Smeargle|def|2\n|-unboost|p2a: Smeargle|spa|1\n|upkeep\n|turn|8\n|\n|t:|1737474402\n|move|p2a: Smeargle|Spore|p1a: Raging Bolt\n|-status|p1a: Raging Bolt|slp|[from] move: Spore\n|cant|p1b: Chi-Yu|slp\n|cant|p1a: Raging Bolt|slp\n|move|p2b: Muk|Knock Off|p1b: Chi-Yu\n|-resisted|p1b: Chi-Yu\n|-damage|p1b: Chi-Yu|10\/100 slp\n|\n|-ability|p2a: Smeargle|Moody|boost\n|-boost|p2a: Smeargle|atk|2\n|-unboost|p2a: Smeargle|def|1\n|upkeep\n|turn|9\n|\n|t:|1737474413\n|move|p2a: Smeargle|Follow Me|p2a: Smeargle\n|-singleturn|p2a: Smeargle|move: Follow Me\n|cant|p1b: Chi-Yu|slp\n|cant|p1a: Raging Bolt|slp\n|move|p2b: Muk|Knock Off|p1b: Chi-Yu\n|-resisted|p1b: Chi-Yu\n|-damage|p1b: Chi-Yu|0 fnt\n|faint|p1b: Chi-Yu\n|\n|-ability|p2a: Smeargle|Moody|boost\n|-boost|p2a: Smeargle|spe|2\n|-unboost|p2a: Smeargle|spa|1\n|upkeep\n|\n|t:|1737474418\n|switch|p1b: Zamazenta|Zamazenta-Crowned, L50|100\/100\n|-ability|p1b: Zamazenta|Dauntless Shield|boost\n|-boost|p1b: Zamazenta|def|1\n|turn|10\n|\n|t:|1737474433\n|move|p1b: Zamazenta|Protect|p1b: Zamazenta\n|-singleturn|p1b: Zamazenta|Protect\n|move|p2a: Smeargle|Spore|p1b: Zamazenta\n|-activate|p1b: Zamazenta|move: Protect\n|cant|p1a: Raging Bolt|slp\n|move|p2b: Muk|Poison Gas||[still]|[spread] \n|-activate|p1b: Zamazenta|move: Protect\n|-fail|p2b: Muk\n|\n|-ability|p2a: Smeargle|Moody|boost\n|-boost|p2a: Smeargle|def|2\n|-unboost|p2a: Smeargle|spd|1\n|upkeep\n|turn|11\n|-message|Chococroc forfeited.\n|\n|win|amphy lighthouse\n|raw|Chococroc's rating: 1568 &rarr; <strong>1550<\/strong><br \/>(-18 for losing)\n|raw|amphy lighthouse's rating: 1600 &rarr; <strong>1618<\/strong><br \/>(+18 for winning)\n|l|\u2606Chococroc\n|player|p1|\n|l|\u2606amphy lighthouse\n|player|p2|\n","uploadtime":1737474610,"views":21,"formatid":"gen9vgc2025regg","rating":1550,"private":0,"password":null}