{"id":"gen9vgc2025regg-2285450991","format":"[Gen 9] VGC 2025 Reg G","players":["CombatWombat925","actuary97"],"log":"|j|\u2606CombatWombat925\n|j|\u2606actuary97\n|t:|1737483792\n|gametype|doubles\n|player|p1|CombatWombat925|170|1581\n|player|p2|actuary97|sabrina-frlg|1566\n|teamsize|p1|6\n|teamsize|p2|6\n|gen|9\n|tier|[Gen 9] VGC 2025 Reg G\n|rated|\n|rule|Species Clause: Limit one of each Pok\u00e9mon\n|rule|Item Clause: Limit 1 of each item\n|clearpoke\n|poke|p1|Urshifu-*, L50, M|\n|poke|p1|Rillaboom, L50, F|\n|poke|p1|Flutter Mane, L50|\n|poke|p1|Terapagos, L50, M|\n|poke|p1|Incineroar, L50, M|\n|poke|p1|Volcarona, L50, F|\n|poke|p2|Amoonguss, L50, F|\n|poke|p2|Comfey, L50, M|\n|poke|p2|Whimsicott, L50, M|\n|poke|p2|Rillaboom, L50, M|\n|poke|p2|Kyogre, L50|\n|poke|p2|Archaludon, L50, M|\n|teampreview|4\nactuary97 has agreed to open team sheets.\n|j| Baguettezzz\n|\n|t:|1737483817\n|start\n|switch|p1a: Rillaboom|Rillaboom, L50, F|100\/100\n|switch|p1b: Urshifu|Urshifu-Rapid-Strike, L50, M|100\/100\n|switch|p2a: Whimsicott|Whimsicott, L50, M, shiny|100\/100\n|switch|p2b: Archaludon|Archaludon, L50, M, shiny|100\/100\n|-fieldstart|move: Grassy Terrain|[from] ability: Grassy Surge|[of] p1a: Rillaboom\n|turn|1\n|\n|t:|1737483825\n|switch|p2b: Amoonguss|Amoonguss, L50, F, shiny|100\/100\n|move|p1a: Rillaboom|Fake Out|p2a: Whimsicott\n|-damage|p2a: Whimsicott|80\/100\n|cant|p2a: Whimsicott|flinch\n|move|p1b: Urshifu|Surging Strikes|p2a: Whimsicott\n|-resisted|p2a: Whimsicott\n|-crit|p2a: Whimsicott\n|-damage|p2a: Whimsicott|64\/100\n|-resisted|p2a: Whimsicott\n|-crit|p2a: Whimsicott\n|-damage|p2a: Whimsicott|48\/100\n|-resisted|p2a: Whimsicott\n|-crit|p2a: Whimsicott\n|-damage|p2a: Whimsicott|30\/100\n|-hitcount|p2a: Whimsicott|3\n|\n|-heal|p2a: Whimsicott|36\/100|[from] Grassy Terrain\n|upkeep\n|turn|2\n|j| strangefoot\n|l| strangefoot\n|\n|t:|1737483849\n|switch|p2a: Archaludon|Archaludon, L50, M, shiny|100\/100\n|move|p1b: Urshifu|Detect|p1b: Urshifu\n|-singleturn|p1b: Urshifu|Protect\n|move|p1a: Rillaboom|U-turn|p2a: Archaludon\n|-resisted|p2a: Archaludon\n|-damage|p2a: Archaludon|93\/100\n|-ability|p2a: Archaludon|Stamina|boost\n|-boost|p2a: Archaludon|def|1\n|\n|t:|1737483854\n|switch|p1a: Terapagos|Terapagos, L50, M|100\/100|[from] U-turn\n|-activate|p1a: Terapagos|ability: Tera Shift\n|detailschange|p1a: Terapagos|Terapagos-Terastal, L50, M\n|-heal|p1a: Terapagos|100\/100|[silent]\n|move|p2b: Amoonguss|Pollen Puff|p2a: Archaludon\n|-heal|p2a: Archaludon|100\/100\n|\n|upkeep\n|turn|3\n|\n|t:|1737483870\n|move|p1b: Urshifu|Surging Strikes|p2b: Amoonguss\n|-resisted|p2b: Amoonguss\n|-crit|p2b: Amoonguss\n|-damage|p2b: Amoonguss|92\/100\n|-damage|p1b: Urshifu|84\/100|[from] item: Rocky Helmet|[of] p2b: Amoonguss\n|-resisted|p2b: Amoonguss\n|-crit|p2b: Amoonguss\n|-damage|p2b: Amoonguss|84\/100\n|-damage|p1b: Urshifu|68\/100|[from] item: Rocky Helmet|[of] p2b: Amoonguss\n|-resisted|p2b: Amoonguss\n|-crit|p2b: Amoonguss\n|-damage|p2b: Amoonguss|75\/100\n|-damage|p1b: Urshifu|51\/100|[from] item: Rocky Helmet|[of] p2b: Amoonguss\n|-hitcount|p2b: Amoonguss|3\n|move|p1a: Terapagos|Substitute|p1a: Terapagos\n|-start|p1a: Terapagos|Substitute\n|-damage|p1a: Terapagos|75\/100\n|move|p2a: Archaludon|Body Press|p1a: Terapagos\n|-supereffective|p1a: Terapagos\n|-end|p1a: Terapagos|Substitute\n|move|p2b: Amoonguss|Spore|p1b: Urshifu\n|-status|p1b: Urshifu|slp|[from] move: Spore\n|\n|-heal|p1b: Urshifu|57\/100 slp|[from] Grassy Terrain\n|-heal|p1a: Terapagos|82\/100|[from] Grassy Terrain\n|-heal|p1a: Terapagos|88\/100|[from] item: Leftovers\n|-heal|p2b: Amoonguss|81\/100|[from] Grassy Terrain\n|upkeep\n|turn|4\n|\n|t:|1737483882\n|move|p1a: Terapagos|Protect|p1a: Terapagos\n|-singleturn|p1a: Terapagos|Protect\n|cant|p1b: Urshifu|slp\n|move|p2a: Archaludon|Body Press|p1a: Terapagos\n|-activate|p1a: Terapagos|move: Protect\n|move|p2b: Amoonguss|Spore|p1a: Terapagos\n|-activate|p1a: Terapagos|move: Protect\n|\n|-heal|p1b: Urshifu|64\/100 slp|[from] Grassy Terrain\n|-heal|p1a: Terapagos|94\/100|[from] Grassy Terrain\n|-heal|p1a: Terapagos|100\/100|[from] item: Leftovers\n|-heal|p2b: Amoonguss|87\/100|[from] Grassy Terrain\n|upkeep\n|turn|5\n|\n|t:|1737483919\n|-terastallize|p1b: Urshifu|Stellar\n|-curestatus|p1b: Urshifu|slp|[msg]\n|move|p1b: Urshifu|Close Combat|p2a: Archaludon\n|-supereffective|p2a: Archaludon\n|-damage|p2a: Archaludon|21\/100\n|-unboost|p1b: Urshifu|def|1\n|-unboost|p1b: Urshifu|spd|1\n|-ability|p2a: Archaludon|Stamina|boost\n|-boost|p2a: Archaludon|def|1\n|move|p2a: Archaludon|Body Press|p1a: Terapagos\n|-activate|p1a: Terapagos|ability: Tera Shell\n|-resisted|p1a: Terapagos\n|-damage|p1a: Terapagos|83\/100\n|move|p1a: Terapagos|Calm Mind|p1a: Terapagos\n|-boost|p1a: Terapagos|spa|1\n|-boost|p1a: Terapagos|spd|1\n|move|p2b: Amoonguss|Spore|p1a: Terapagos\n|-status|p1a: Terapagos|slp|[from] move: Spore\n|\n|-heal|p1b: Urshifu|70\/100|[from] Grassy Terrain\n|-heal|p2a: Archaludon|27\/100|[from] Grassy Terrain\n|-heal|p1a: Terapagos|90\/100 slp|[from] Grassy Terrain\n|-heal|p1a: Terapagos|96\/100 slp|[from] item: Leftovers\n|-heal|p2b: Amoonguss|93\/100|[from] Grassy Terrain\n|-fieldend|move: Grassy Terrain\n|upkeep\n|turn|6\n|j| strangefoot\n|\n|t:|1737483940\n|cant|p1a: Terapagos|slp\n|move|p2b: Amoonguss|Rage Powder|p2b: Amoonguss\n|-singleturn|p2b: Amoonguss|move: Rage Powder\n|move|p1b: Urshifu|Close Combat|p2b: Amoonguss\n|-resisted|p2b: Amoonguss\n|-damage|p2b: Amoonguss|67\/100\n|-unboost|p1b: Urshifu|def|1\n|-unboost|p1b: Urshifu|spd|1\n|-damage|p1b: Urshifu|53\/100|[from] item: Rocky Helmet|[of] p2b: Amoonguss\n|move|p2a: Archaludon|Body Press|p1a: Terapagos\n|-supereffective|p1a: Terapagos\n|-damage|p1a: Terapagos|25\/100 slp\n|\n|-heal|p1a: Terapagos|31\/100 slp|[from] item: Leftovers\n|upkeep\n|turn|7\n|l| strangefoot\n|\n|t:|1737483953\n|switch|p1b: Rillaboom|Rillaboom, L50, F|100\/100\n|-fieldstart|move: Grassy Terrain|[from] ability: Grassy Surge|[of] p1b: Rillaboom\n|cant|p1a: Terapagos|slp\n|move|p2b: Amoonguss|Rage Powder|p2b: Amoonguss\n|-singleturn|p2b: Amoonguss|move: Rage Powder\n|move|p2a: Archaludon|Body Press|p1a: Terapagos\n|-supereffective|p1a: Terapagos\n|-damage|p1a: Terapagos|0 fnt\n|faint|p1a: Terapagos\n|\n|-heal|p2a: Archaludon|33\/100|[from] Grassy Terrain\n|-heal|p2b: Amoonguss|73\/100|[from] Grassy Terrain\n|upkeep\n|\n|t:|1737483955\n|switch|p1a: Urshifu|Urshifu-Rapid-Strike, L50, M, tera:Stellar|53\/100\n|turn|8\n|\n|t:|1737483980\n|move|p1b: Rillaboom|Fake Out|p2b: Amoonguss\n|-damage|p2b: Amoonguss|64\/100\n|-damage|p1b: Rillaboom|84\/100|[from] item: Rocky Helmet|[of] p2b: Amoonguss\n|move|p1a: Urshifu|Surging Strikes|p2a: Archaludon\n|-resisted|p2a: Archaludon\n|-crit|p2a: Archaludon\n|-damage|p2a: Archaludon|22\/100\n|-ability|p2a: Archaludon|Stamina|boost\n|-boost|p2a: Archaludon|def|1\n|-resisted|p2a: Archaludon\n|-crit|p2a: Archaludon\n|-damage|p2a: Archaludon|11\/100\n|-ability|p2a: Archaludon|Stamina|boost\n|-boost|p2a: Archaludon|def|1\n|-resisted|p2a: Archaludon\n|-crit|p2a: Archaludon\n|-damage|p2a: Archaludon|0 fnt\n|faint|p2a: Archaludon\n|-hitcount|p2: Archaludon|3\n|cant|p2b: Amoonguss|flinch\n|\n|-heal|p1a: Urshifu|60\/100|[from] Grassy Terrain\n|-heal|p1b: Rillaboom|90\/100|[from] Grassy Terrain\n|-heal|p2b: Amoonguss|70\/100|[from] Grassy Terrain\n|upkeep\n|\n|t:|1737483985\n|switch|p2a: Whimsicott|Whimsicott, L50, M, shiny|36\/100\n|turn|9\n|l| Baguettezzz\n|\n|t:|1737484000\n|move|p1a: Urshifu|Detect|p1a: Urshifu\n|-singleturn|p1a: Urshifu|Protect\n|move|p2a: Whimsicott|Moonblast|p1a: Urshifu\n|-activate|p1a: Urshifu|move: Protect\n|move|p1b: Rillaboom|U-turn|p2a: Whimsicott\n|-damage|p2a: Whimsicott|4\/100\n|\n|t:|1737484008\n|switch|p1b: Flutter Mane|Flutter Mane, L50|100\/100|[from] U-turn\n|-enditem|p1b: Flutter Mane|Booster Energy\n|-activate|p1b: Flutter Mane|ability: Protosynthesis|[fromitem]\n|-start|p1b: Flutter Mane|protosynthesisspe\n|move|p2b: Amoonguss|Pollen Puff|p2a: Whimsicott\n|-heal|p2a: Whimsicott|54\/100\n|\n|-heal|p2a: Whimsicott|60\/100|[from] Grassy Terrain\n|-heal|p1a: Urshifu|66\/100|[from] Grassy Terrain\n|-heal|p2b: Amoonguss|75\/100|[from] Grassy Terrain\n|upkeep\n|turn|10\n|j| bluestraggler02\n|\n|t:|1737484019\n|switch|p1a: Rillaboom|Rillaboom, L50, F|90\/100\n|move|p2a: Whimsicott|Encore||[still]\n|-fail|p2a: Whimsicott\n|move|p1b: Flutter Mane|Thunder Wave|p2a: Whimsicott|[miss]\n|-miss|p1b: Flutter Mane|p2a: Whimsicott\n|move|p2b: Amoonguss|Spore|p1b: Flutter Mane\n|-status|p1b: Flutter Mane|slp|[from] move: Spore\n|\n|-heal|p2a: Whimsicott|66\/100|[from] Grassy Terrain\n|-heal|p1a: Rillaboom|96\/100|[from] Grassy Terrain\n|-heal|p2b: Amoonguss|81\/100|[from] Grassy Terrain\n|upkeep\n|turn|11\n|\n|t:|1737484039\n|cant|p1b: Flutter Mane|slp\n|move|p2a: Whimsicott|Moonblast|p1a: Rillaboom\n|-damage|p1a: Rillaboom|74\/100\n|move|p1a: Rillaboom|Wood Hammer|p2a: Whimsicott\n|-resisted|p2a: Whimsicott\n|-damage|p2a: Whimsicott|13\/100\n|-damage|p1a: Rillaboom|62\/100|[from] Recoil\n|move|p2b: Amoonguss|Pollen Puff|p1a: Rillaboom\n|-supereffective|p1a: Rillaboom\n|-crit|p1a: Rillaboom\n|-damage|p1a: Rillaboom|29\/100\n|\n|-heal|p2a: Whimsicott|19\/100|[from] Grassy Terrain\n|-heal|p1a: Rillaboom|35\/100|[from] Grassy Terrain\n|-heal|p2b: Amoonguss|87\/100|[from] Grassy Terrain\n|-fieldend|move: Grassy Terrain\n|upkeep\n|turn|12\n|\n|t:|1737484064\n|move|p2a: Whimsicott|Tailwind|p2a: Whimsicott\n|-sidestart|p2: actuary97|move: Tailwind\n|-curestatus|p1b: Flutter Mane|slp|[msg]\n|move|p1b: Flutter Mane|Thunder Wave|p2a: Whimsicott\n|-status|p2a: Whimsicott|par\n|move|p1a: Rillaboom|U-turn|p2a: Whimsicott\n|-damage|p2a: Whimsicott|0 fnt\n|faint|p2a: Whimsicott\n|\n|t:|1737484070\n|switch|p1a: Urshifu|Urshifu-Rapid-Strike, L50, M, tera:Stellar|66\/100|[from] U-turn\n|move|p2b: Amoonguss|Pollen Puff|p1a: Urshifu\n|-resisted|p1a: Urshifu\n|-damage|p1a: Urshifu|53\/100\n|\n|upkeep\n|\n|t:|1737484076\n|switch|p2a: Kyogre|Kyogre, L50, shiny|100\/100\n|-weather|RainDance|[from] ability: Drizzle|[of] p2a: Kyogre\n|turn|13\n|\n|t:|1737484090\n|move|p1a: Urshifu|Detect|p1a: Urshifu\n|-singleturn|p1a: Urshifu|Protect\n|move|p2b: Amoonguss|Rage Powder|p2b: Amoonguss\n|-singleturn|p2b: Amoonguss|move: Rage Powder\n|move|p1b: Flutter Mane|Icy Wind|p2a: Kyogre|[spread] p2a,p2b\n|-resisted|p2a: Kyogre\n|-supereffective|p2b: Amoonguss\n|-damage|p2a: Kyogre|96\/100\n|-damage|p2b: Amoonguss|63\/100\n|-unboost|p2b: Amoonguss|spe|1\n|move|p2a: Kyogre|Calm Mind|p2a: Kyogre\n|-boost|p2a: Kyogre|spa|1\n|-boost|p2a: Kyogre|spd|1\n|\n|-weather|RainDance|[upkeep]\n|upkeep\n|turn|14\n|\n|t:|1737484109\n|switch|p1a: Rillaboom|Rillaboom, L50, F|35\/100\n|-fieldstart|move: Grassy Terrain|[from] ability: Grassy Surge|[of] p1a: Rillaboom\n|move|p2b: Amoonguss|Rage Powder|p2b: Amoonguss\n|-singleturn|p2b: Amoonguss|move: Rage Powder\n|move|p1b: Flutter Mane|Thunder Wave|p2b: Amoonguss\n|-status|p2b: Amoonguss|par\n|move|p2a: Kyogre|Origin Pulse|p1a: Rillaboom|[spread] p1a,p1b\n|-resisted|p1a: Rillaboom\n|-crit|p1a: Rillaboom\n|-damage|p1a: Rillaboom|0 fnt\n|-damage|p1b: Flutter Mane|7\/100\n|faint|p1a: Rillaboom\n|\n|-weather|RainDance|[upkeep]\n|-heal|p1b: Flutter Mane|13\/100|[from] Grassy Terrain\n|-heal|p2a: Kyogre|100\/100|[from] Grassy Terrain\n|-heal|p2b: Amoonguss|69\/100 par|[from] Grassy Terrain\n|upkeep\n|\n|t:|1737484119\n|switch|p1a: Urshifu|Urshifu-Rapid-Strike, L50, M, tera:Stellar|53\/100\n|turn|15\n|\n|t:|1737484127\n|move|p1a: Urshifu|Detect|p1a: Urshifu\n|-singleturn|p1a: Urshifu|Protect\n|move|p2b: Amoonguss|Rage Powder|p2b: Amoonguss\n|-singleturn|p2b: Amoonguss|move: Rage Powder\n|move|p1b: Flutter Mane|Icy Wind|p2a: Kyogre|[spread] p2a,p2b\n|-resisted|p2a: Kyogre\n|-supereffective|p2b: Amoonguss\n|-damage|p2a: Kyogre|98\/100\n|-damage|p2b: Amoonguss|45\/100 par\n|-unboost|p2b: Amoonguss|spe|1\n|move|p2a: Kyogre|Origin Pulse|p1b: Flutter Mane|[spread] p1b\n|-activate|p1a: Urshifu|move: Protect\n|-damage|p1b: Flutter Mane|0 fnt\n|faint|p1b: Flutter Mane\n|-end|p1b: Flutter Mane|Protosynthesis|[silent]\n|\n|-weather|RainDance|[upkeep]\n|-heal|p2a: Kyogre|100\/100|[from] Grassy Terrain\n|-heal|p1a: Urshifu|60\/100|[from] Grassy Terrain\n|-heal|p2b: Amoonguss|51\/100 par|[from] Grassy Terrain\n|-sideend|p2: actuary97|move: Tailwind\n|upkeep\n|turn|16\n|\n|t:|1737484136\n|move|p1a: Urshifu|Surging Strikes|p2a: Kyogre\n|-resisted|p2a: Kyogre\n|-crit|p2a: Kyogre\n|-damage|p2a: Kyogre|86\/100\n|-resisted|p2a: Kyogre\n|-crit|p2a: Kyogre\n|-damage|p2a: Kyogre|71\/100\n|-resisted|p2a: Kyogre\n|-crit|p2a: Kyogre\n|-damage|p2a: Kyogre|56\/100\n|-hitcount|p2a: Kyogre|3\n|move|p2a: Kyogre|Origin Pulse|p1a: Urshifu\n|-resisted|p1a: Urshifu\n|-damage|p1a: Urshifu|0 fnt\n|faint|p1a: Urshifu\n|\n|win|actuary97\n|raw|CombatWombat925's rating: 1581 &rarr; <strong>1560<\/strong><br \/>(-21 for losing)\n|raw|actuary97's rating: 1566 &rarr; <strong>1587<\/strong><br \/>(+21 for winning)\n|l|\u2606CombatWombat925\n|player|p1|\n|l|\u2606actuary97\n|player|p2|\n|l| bluestraggler02\n","uploadtime":1737484395,"views":16,"formatid":"gen9vgc2025regg","rating":1560,"private":0,"password":null}