{"id":"gen9vgc2025regg-2285328137","format":"[Gen 9] VGC 2025 Reg G","players":["tep0914","Laws75"],"log":"|j|\u2606tep0914\n|j|\u2606Laws75\n|t:|1737471468\n|gametype|doubles\n|player|p1|tep0914|101|1598\n|player|p2|Laws75|102|1530\n|teamsize|p1|6\n|teamsize|p2|6\n|gen|9\n|tier|[Gen 9] VGC 2025 Reg G\n|rated|\n|rule|Species Clause: Limit one of each Pok\u00e9mon\n|rule|Item Clause: Limit 1 of each item\n|clearpoke\n|poke|p1|Calyrex-Shadow, L50|\n|poke|p1|Indeedee-F, L50, F|\n|poke|p1|Tatsugiri, L50, F|\n|poke|p1|Dondozo, L50, M|\n|poke|p1|Pawmot, L50, M|\n|poke|p1|Maushold, L50|\n|poke|p2|Kyogre, L50|\n|poke|p2|Archaludon, L50, F|\n|poke|p2|Chien-Pao, L50|\n|poke|p2|Tornadus, L50, M|\n|poke|p2|Rillaboom, L50, F|\n|poke|p2|Farigiraf, L50, F|\n|teampreview|4\n|inactive|Battle timer is ON: inactive players will automatically lose when time's up. (requested by Laws75)\n|\n|t:|1737471501\n|start\n|switch|p1a: Calyrex|Calyrex-Shadow, L50|100\/100\n|switch|p1b: Maushold|Maushold, L50, shiny|100\/100\n|switch|p2a: Tornadus|Tornadus, L50, M|100\/100\n|switch|p2b: Kyogre|Kyogre, L50|100\/100\n|-ability|p1a: Calyrex|As One\n|-ability|p1a: Calyrex|Unnerve\n|-weather|RainDance|[from] ability: Drizzle|[of] p2b: Kyogre\n|turn|1\n|\n|t:|1737471524\n|-terastallize|p1a: Calyrex|Ghost\n|move|p1b: Maushold|Feint|p2b: Kyogre\n|-damage|p2b: Kyogre|91\/100\n|move|p2a: Tornadus|Tailwind|p2a: Tornadus\n|-sidestart|p2: Laws75|move: Tailwind\n|move|p2b: Kyogre|Water Spout|p1b: Maushold|[spread] p1a,p1b\n|-damage|p1a: Calyrex|23\/100\n|-damage|p1b: Maushold|0 fnt\n|faint|p1b: Maushold\n|move|p1a: Calyrex|Astral Barrage|p2b: Kyogre|[spread] p2a,p2b\n|-damage|p2a: Tornadus|0 fnt\n|-damage|p2b: Kyogre|13\/100\n|faint|p2a: Tornadus\n|-ability|p1a: Calyrex|Grim Neigh|boost\n|-boost|p1a: Calyrex|spa|1\n|\n|-weather|RainDance|[upkeep]\n|upkeep\n|\n|t:|1737471543\n|switch|p2a: Rillaboom|Rillaboom, L50, F|100\/100\n|switch|p1b: Pawmot|Pawmot, L50, M|100\/100\n|-fieldstart|move: Grassy Terrain|[from] ability: Grassy Surge|[of] p2a: Rillaboom\n|turn|2\n|inactive|tep0914 has 30 seconds left.\n|\n|t:|1737471575\n|switch|p1a: Indeedee|Indeedee-F, L50, F|100\/100\n|-fieldstart|move: Psychic Terrain|[from] ability: Psychic Surge|[of] p1a: Indeedee\n|move|p2b: Kyogre|Protect|p2b: Kyogre\n|-singleturn|p2b: Kyogre|Protect\n|move|p1b: Pawmot|Fake Out|p2b: Kyogre\n|-activate|p2b: Kyogre|move: Psychic Terrain\n|move|p2a: Rillaboom|Grassy Glide|p1a: Indeedee\n|-damage|p1a: Indeedee|71\/100\n|-damage|p2a: Rillaboom|84\/100|[from] item: Rocky Helmet|[of] p1a: Indeedee\n|\n|-weather|RainDance|[upkeep]\n|upkeep\n|turn|3\n|\n|t:|1737471598\n|move|p2b: Kyogre|Origin Pulse|p1b: Pawmot|[spread] p1a,p1b\n|-damage|p1a: Indeedee|0 fnt\n|-enditem|p1b: Pawmot|Focus Sash\n|-damage|p1b: Pawmot|1\/100\n|faint|p1a: Indeedee\n|move|p2a: Rillaboom|Wood Hammer|p1b: Pawmot\n|-damage|p1b: Pawmot|0 fnt\n|faint|p1b: Pawmot\n|-damage|p2a: Rillaboom|83\/100|[from] Recoil\n|\n|-weather|RainDance|[upkeep]\n|upkeep\n|\n|t:|1737471604\n|switch|p1b: Calyrex|Calyrex-Shadow, L50, tera:Ghost|23\/100\n|-ability|p1b: Calyrex|As One\n|-ability|p1b: Calyrex|Unnerve\n|turn|4\n|\n|t:|1737471613\n|switch|p2a: Archaludon|Archaludon, L50, F|100\/100\n|move|p2b: Kyogre|Protect|p2b: Kyogre\n|-singleturn|p2b: Kyogre|Protect\n|move|p1b: Calyrex|Astral Barrage|p2b: Kyogre|[spread] p2a\n|-activate|p2b: Kyogre|move: Protect\n|-damage|p2a: Archaludon|0 fnt\n|faint|p2a: Archaludon\n|-ability|p1b: Calyrex|Grim Neigh|boost\n|-boost|p1b: Calyrex|spa|1\n|\n|-weather|RainDance|[upkeep]\n|-sideend|p2: Laws75|move: Tailwind\n|upkeep\n|\n|t:|1737471625\n|switch|p2a: Rillaboom|Rillaboom, L50, F|83\/100\n|-fieldstart|move: Grassy Terrain|[from] ability: Grassy Surge|[of] p2a: Rillaboom\n|turn|5\n|\n|t:|1737471632\n|move|p2a: Rillaboom|Grassy Glide|p1b: Calyrex\n|-damage|p1b: Calyrex|0 fnt\n|faint|p1b: Calyrex\n|\n|win|Laws75\n|raw|tep0914's rating: 1598 &rarr; <strong>1574<\/strong><br \/>(-24 for losing)\n|raw|Laws75's rating: 1530 &rarr; <strong>1554<\/strong><br \/>(+24 for winning)\n|l|\u2606Laws75\n|player|p2|\n|l|\u2606tep0914\n|player|p1|\n","uploadtime":1737472079,"views":4,"formatid":"gen9vgc2025regg","rating":1554,"private":0,"password":null}