{"id":"gen9vgc2025regg-2285129118","format":"[Gen 9] VGC 2025 Reg G","players":["googer315","tep0914"],"log":"|j|\u2606googer315\n|j|\u203dtep0914\n|t:|1737439452\n|gametype|doubles\n|player|p1|googer315|101|1649\n|player|p2|tep0914|li|1549\n|teamsize|p1|6\n|teamsize|p2|6\n|gen|9\n|tier|[Gen 9] VGC 2025 Reg G\n|rated|\n|rule|Species Clause: Limit one of each Pok\u00e9mon\n|rule|Item Clause: Limit 1 of each item\n|clearpoke\n|poke|p1|Calyrex-Ice, L50|\n|poke|p1|Ting-Lu, L50|\n|poke|p1|Dondozo, L50, F|\n|poke|p1|Urshifu-*, L50, F|\n|poke|p1|Ogerpon-Hearthflame, L50, F|\n|poke|p1|Rillaboom, L50, F|\n|poke|p2|Calyrex-Shadow, L50|\n|poke|p2|Indeedee-F, L50, F|\n|poke|p2|Tatsugiri, L50, M|\n|poke|p2|Dondozo, L50, M|\n|poke|p2|Pawmot, L50, F|\n|poke|p2|Maushold, L50|\n|teampreview|4\n|inactive|Battle timer is ON: inactive players will automatically lose when time's up. (requested by googer315)\n|\n|t:|1737439485\n|start\n|switch|p1a: Ting-Lu|Ting-Lu, L50|100\/100\n|switch|p1b: Dondozo|Dondozo, L50, F|100\/100\n|switch|p2a: Calyrex|Calyrex-Shadow, L50|100\/100\n|switch|p2b: Maushold|Maushold, L50, shiny|100\/100\n|-ability|p2a: Calyrex|As One\n|-ability|p2a: Calyrex|Unnerve\n|-ability|p1a: Ting-Lu|Vessel of Ruin\n|turn|1\n|inactive|googer315 has 30 seconds left.\n|inactive|googer315 has 20 seconds left.\n|inactive|googer315 has 15 seconds left.\n|\n|t:|1737439528\n|-terastallize|p2a: Calyrex|Ghost\n|move|p2b: Maushold|Follow Me|p2b: Maushold\n|-singleturn|p2b: Maushold|move: Follow Me\n|move|p2a: Calyrex|Astral Barrage|p1a: Ting-Lu|[spread] p1a,p1b\n|-resisted|p1a: Ting-Lu\n|-damage|p1a: Ting-Lu|72\/100\n|-damage|p1b: Dondozo|27\/100\n|move|p1a: Ting-Lu|Sand Tomb|p2b: Maushold|[miss]\n|-miss|p1a: Ting-Lu|p2b: Maushold\n|move|p1b: Dondozo|Yawn|p2b: Maushold\n|-start|p2b: Maushold|move: Yawn|[of] p1b: Dondozo\n|\n|-heal|p1a: Ting-Lu|79\/100|[from] item: Leftovers\n|upkeep\n|turn|2\n|inactive|googer315 has 30 seconds left.\n|inactive|tep0914 has 30 seconds left.\n|inactive|googer315 has 20 seconds left.\n|inactive|googer315 has 15 seconds left.\n|\n|t:|1737439570\n|move|p1b: Dondozo|Protect|p1b: Dondozo\n|-singleturn|p1b: Dondozo|Protect\n|move|p2b: Maushold|Feint|p1b: Dondozo\n|-activate|p1b: Dondozo|move: Feint\n|-damage|p1b: Dondozo|23\/100\n|move|p2a: Calyrex|Astral Barrage|p1a: Ting-Lu|[spread] p1a,p1b\n|-resisted|p1a: Ting-Lu\n|-damage|p1a: Ting-Lu|51\/100\n|-damage|p1b: Dondozo|0 fnt\n|faint|p1b: Dondozo\n|-ability|p2a: Calyrex|Grim Neigh|boost\n|-boost|p2a: Calyrex|spa|1\n|move|p1a: Ting-Lu|Ruination|p2a: Calyrex\n|-damage|p2a: Calyrex|50\/100\n|\n|-heal|p1a: Ting-Lu|58\/100|[from] item: Leftovers\n|-end|p2b: Maushold|move: Yawn|[silent]\n|-status|p2b: Maushold|slp\n|upkeep\n|\n|t:|1737439586\n|switch|p1b: Calyrex|Calyrex-Ice, L50|100\/100\n|-ability|p1b: Calyrex|As One\n|-ability|p1b: Calyrex|Unnerve\n|turn|3\n|\n|t:|1737439604\n|-terastallize|p1b: Calyrex|Fire\n|move|p2a: Calyrex|Astral Barrage|p1a: Ting-Lu|[spread] p1a,p1b\n|-resisted|p1a: Ting-Lu\n|-damage|p1a: Ting-Lu|11\/100\n|-damage|p1b: Calyrex|25\/100\n|cant|p2b: Maushold|slp\n|move|p1a: Ting-Lu|Ruination|p2b: Maushold\n|-damage|p2b: Maushold|50\/100 slp\n|move|p1b: Calyrex|Trick Room|p1b: Calyrex\n|-fieldstart|move: Trick Room|[of] p1b: Calyrex\n|\n|-heal|p1a: Ting-Lu|17\/100|[from] item: Leftovers\n|upkeep\n|turn|4\n|inactive|tep0914 has 30 seconds left.\n|\n|t:|1737439638\n|switch|p2a: Indeedee|Indeedee-F, L50, F|100\/100\n|-fieldstart|move: Psychic Terrain|[from] ability: Psychic Surge|[of] p2a: Indeedee\n|cant|p2b: Maushold|slp\n|move|p1a: Ting-Lu|Ruination|p2a: Indeedee\n|-damage|p2a: Indeedee|51\/100\n|move|p1b: Calyrex|Glacial Lance|p2b: Maushold|[spread] p2a,p2b\n|-damage|p2a: Indeedee|9\/100\n|-damage|p2b: Maushold|0 fnt\n|faint|p2b: Maushold\n|-ability|p1b: Calyrex|Chilling Neigh|boost\n|-boost|p1b: Calyrex|atk|1\n|\n|-heal|p1a: Ting-Lu|23\/100|[from] item: Leftovers\n|upkeep\n|\n|t:|1737439642\n|switch|p2b: Pawmot|Pawmot, L50, F|100\/100\n|turn|5\n|inactive|tep0914 has 30 seconds left.\n|\n|t:|1737439671\n|switch|p1a: Rillaboom|Rillaboom, L50, F|100\/100\n|-fieldstart|move: Grassy Terrain|[from] ability: Grassy Surge|[of] p1a: Rillaboom\n|move|p2a: Indeedee|Follow Me|p2a: Indeedee\n|-singleturn|p2a: Indeedee|move: Follow Me\n|move|p1b: Calyrex|Glacial Lance|p2b: Pawmot|[spread] p2a,p2b\n|-crit|p2b: Pawmot\n|-damage|p2a: Indeedee|0 fnt\n|-enditem|p2b: Pawmot|Focus Sash\n|-damage|p2b: Pawmot|1\/100\n|faint|p2a: Indeedee\n|-ability|p1b: Calyrex|Chilling Neigh|boost\n|-boost|p1b: Calyrex|atk|1\n|move|p2b: Pawmot|Close Combat|p1b: Calyrex\n|-damage|p1b: Calyrex|0 fnt\n|-unboost|p2b: Pawmot|def|1\n|-unboost|p2b: Pawmot|spd|1\n|faint|p1b: Calyrex\n|\n|-heal|p2b: Pawmot|7\/100|[from] Grassy Terrain\n|upkeep\n|\n|t:|1737439689\n|switch|p1b: Ting-Lu|Ting-Lu, L50|23\/100\n|switch|p2a: Calyrex|Calyrex-Shadow, L50, tera:Ghost|50\/100\n|-ability|p2a: Calyrex|As One\n|-ability|p2a: Calyrex|Unnerve\n|-ability|p1b: Ting-Lu|Vessel of Ruin\n|turn|6\n|\n|t:|1737439700\n|move|p1b: Ting-Lu|Stomping Tantrum|p2b: Pawmot\n|-supereffective|p2b: Pawmot\n|-damage|p2b: Pawmot|0 fnt\n|faint|p2b: Pawmot\n|move|p1a: Rillaboom|Wood Hammer|p2a: Calyrex\n|-damage|p2a: Calyrex|0 fnt\n|faint|p2a: Calyrex\n|-damage|p1a: Rillaboom|86\/100|[from] Recoil\n|\n|win|googer315\n|raw|googer315's rating: 1649 &rarr; <strong>1663<\/strong><br \/>(+14 for winning)\n|raw|tep0914's rating: 1549 &rarr; <strong>1535<\/strong><br \/>(-14 for losing)\n|l|\u203dtep0914\n|player|p2|\n","uploadtime":1737439929,"views":15,"formatid":"gen9vgc2025regg","rating":1535,"private":0,"password":null}