{"id":"gen9vgc2025regg-2285847262","format":"[Gen 9] VGC 2025 Reg G","players":["Zyros Phade","Aki Hoshino"],"log":"|j|\u2606Zyros Phade\n|j|\u2606Aki Hoshino\n|t:|1737534796\n|gametype|doubles\n|player|p1|Zyros Phade|265|1708\n|player|p2|Aki Hoshino|aromalady|1613\n|teamsize|p1|6\n|teamsize|p2|6\n|gen|9\n|tier|[Gen 9] VGC 2025 Reg G\n|rated|\n|rule|Species Clause: Limit one of each Pok\u00e9mon\n|rule|Item Clause: Limit 1 of each item\n|clearpoke\n|poke|p1|Urshifu-*, L50, M|\n|poke|p1|Kyogre, L50|\n|poke|p1|Iron Hands, L50|\n|poke|p1|Baxcalibur, L50, M|\n|poke|p1|Indeedee-F, L50, F|\n|poke|p1|Murkrow, L50, F|\n|poke|p2|Whimsicott, L50, M|\n|poke|p2|Urshifu-*, L50, F|\n|poke|p2|Entei, L50|\n|poke|p2|Flutter Mane, L50|\n|poke|p2|Walking Wake, L50|\n|poke|p2|Calyrex-Ice, L50|\n|teampreview|4\n|j| Pyalkiaa\n|inactive|Battle timer is ON: inactive players will automatically lose when time's up. (requested by Zyros Phade)\n|\n|t:|1737534851\n|start\n|switch|p1a: Murkrow|Murkrow, L50, F|100\/100\n|switch|p1b: Kyogre|Kyogre, L50, shiny|100\/100\n|switch|p2a: Whimsicott|Whimsicott, L50, M|100\/100\n|switch|p2b: Calyrex|Calyrex-Ice, L50|100\/100\n|-ability|p2b: Calyrex|As One\n|-ability|p2b: Calyrex|Unnerve\n|-weather|RainDance|[from] ability: Drizzle|[of] p1b: Kyogre\n|turn|1\n|l|\u2606Zyros Phade\n|inactive|Zyros Phade disconnected and has a minute to reconnect!\n|player|p1|\n|j|\u2606Zyros Phade\n|inactive|Zyros Phade reconnected and has 45 seconds left.\n|player|p1|Zyros Phade|265|\n|\n|t:|1737534870\n|-terastallize|p1b: Kyogre|Water\n|-terastallize|p2b: Calyrex|Dragon\n|move|p2a: Whimsicott|Tailwind|p2a: Whimsicott\n|-sidestart|p2: Aki Hoshino|move: Tailwind\n|move|p1a: Murkrow|Rain Dance||[still]\n|-fail|p1a: Murkrow\n|move|p2b: Calyrex|Glacial Lance|p1a: Murkrow|[spread] p1a,p1b\n|-supereffective|p1a: Murkrow\n|-resisted|p1b: Kyogre\n|-enditem|p1a: Murkrow|Focus Sash\n|-damage|p1a: Murkrow|1\/100\n|-damage|p1b: Kyogre|72\/100\n|move|p1b: Kyogre|Water Spout|p2b: Calyrex|[spread] p2a,p2b\n|-resisted|p2a: Whimsicott\n|-resisted|p2b: Calyrex\n|-enditem|p2a: Whimsicott|Focus Sash\n|-damage|p2a: Whimsicott|1\/100\n|-damage|p2b: Calyrex|45\/100\n|\n|-weather|RainDance|[upkeep]\n|upkeep\n|turn|2\n|\n|t:|1737534891\n|move|p2a: Whimsicott|Sunny Day|p2a: Whimsicott\n|-weather|SunnyDay\n|move|p1a: Murkrow|Tailwind|p1a: Murkrow\n|-sidestart|p1: Zyros Phade|move: Tailwind\n|move|p1b: Kyogre|Water Spout|p2a: Whimsicott|[spread] p2a,p2b\n|-resisted|p2a: Whimsicott\n|-resisted|p2b: Calyrex\n|-damage|p2a: Whimsicott|0 fnt\n|-damage|p2b: Calyrex|26\/100\n|faint|p2a: Whimsicott\n|move|p2b: Calyrex|Glacial Lance|p1b: Kyogre|[spread] p1a,p1b\n|-supereffective|p1a: Murkrow\n|-resisted|p1b: Kyogre\n|-damage|p1a: Murkrow|0 fnt\n|-damage|p1b: Kyogre|44\/100\n|faint|p1a: Murkrow\n|-ability|p2b: Calyrex|Chilling Neigh|boost\n|-boost|p2b: Calyrex|atk|1\n|\n|-weather|SunnyDay|[upkeep]\n|upkeep\n|\n|t:|1737534910\n|switch|p2a: Flutter Mane|Flutter Mane, L50|100\/100\n|switch|p1a: Baxcalibur|Baxcalibur, L50, M|100\/100\n|-activate|p2a: Flutter Mane|ability: Protosynthesis\n|-start|p2a: Flutter Mane|protosynthesisspa\n|turn|3\n|\n|t:|1737534924\n|switch|p1b: Indeedee|Indeedee-F, L50, F|100\/100\n|-fieldstart|move: Psychic Terrain|[from] ability: Psychic Surge|[of] p1b: Indeedee\n|move|p1a: Baxcalibur|Protect|p1a: Baxcalibur\n|-singleturn|p1a: Baxcalibur|Protect\n|move|p2a: Flutter Mane|Dazzling Gleam|p1b: Indeedee|[spread] p1b\n|-activate|p1a: Baxcalibur|move: Protect\n|-damage|p1b: Indeedee|48\/100\n|move|p2b: Calyrex|Glacial Lance|p1b: Indeedee|[spread] p1b\n|-activate|p1a: Baxcalibur|move: Protect\n|-damage|p1b: Indeedee|0 fnt\n|faint|p1b: Indeedee\n|-ability|p2b: Calyrex|Chilling Neigh|boost\n|-boost|p2b: Calyrex|atk|1\n|\n|-weather|SunnyDay|[upkeep]\n|upkeep\n|\n|t:|1737534938\n|switch|p1b: Kyogre|Kyogre, L50, shiny, tera:Water|44\/100\n|-weather|RainDance|[from] ability: Drizzle|[of] p1b: Kyogre\n|-end|p2a: Flutter Mane|Protosynthesis\n|turn|4\n|j| chebelcorgi\n|\n|t:|1737534955\n|move|p2a: Flutter Mane|Dazzling Gleam|p1a: Baxcalibur|[spread] p1a,p1b\n|-supereffective|p1a: Baxcalibur\n|-damage|p1a: Baxcalibur|3\/100\n|-damage|p1b: Kyogre|10\/100\n|move|p1a: Baxcalibur|Icicle Spear|p2b: Calyrex\n|-supereffective|p2b: Calyrex\n|-damage|p2b: Calyrex|7\/100\n|-supereffective|p2b: Calyrex\n|-damage|p2b: Calyrex|0 fnt\n|faint|p2b: Calyrex\n|-hitcount|p2: Calyrex|2\n|move|p1b: Kyogre|Tera Blast|p2a: Flutter Mane|[anim] Tera Blast Water\n|-damage|p2a: Flutter Mane|0 fnt\n|faint|p2a: Flutter Mane\n|-end|p2a: Flutter Mane|Protosynthesis|[silent]\n|\n|-weather|RainDance|[upkeep]\n|-sideend|p2: Aki Hoshino|move: Tailwind\n|upkeep\n|\n|t:|1737534972\n|switch|p2a: Walking Wake|Walking Wake, L50|100\/100\n|turn|5\n|\n|t:|1737534975\n|move|p2a: Walking Wake|Protect|p2a: Walking Wake\n|-singleturn|p2a: Walking Wake|Protect\n|move|p1a: Baxcalibur|Glaive Rush|p2a: Walking Wake\n|-activate|p2a: Walking Wake|move: Protect\n|move|p1b: Kyogre|Tera Blast|p2a: Walking Wake|[anim] Tera Blast Water\n|-activate|p2a: Walking Wake|move: Protect\n|\n|-weather|RainDance|[upkeep]\n|-sideend|p1: Zyros Phade|move: Tailwind\n|upkeep\n|turn|6\n|\n|t:|1737534997\n|move|p1a: Baxcalibur|Protect|p1a: Baxcalibur\n|-singleturn|p1a: Baxcalibur|Protect\n|move|p2a: Walking Wake|Hydro Steam|p1b: Kyogre\n|-resisted|p1b: Kyogre\n|-damage|p1b: Kyogre|0 fnt\n|faint|p1b: Kyogre\n|-damage|p2a: Walking Wake|91\/100|[from] item: Life Orb\n|\n|-weather|RainDance|[upkeep]\n|upkeep\n|turn|7\n|\n|t:|1737535010\n|move|p2a: Walking Wake|Hydro Steam|p1a: Baxcalibur\n|-resisted|p1a: Baxcalibur\n|-damage|p1a: Baxcalibur|0 fnt\n|faint|p1a: Baxcalibur\n|-damage|p2a: Walking Wake|82\/100|[from] item: Life Orb\n|\n|win|Aki Hoshino\n|raw|Zyros Phade's rating: 1708 &rarr; <strong>1683<\/strong><br \/>(-25 for losing)\n|raw|Aki Hoshino's rating: 1613 &rarr; <strong>1638<\/strong><br \/>(+25 for winning)\n|l|\u2606Zyros Phade\n|player|p1|\n|l|\u2606Aki Hoshino\n|player|p2|\n","uploadtime":1737535166,"views":65,"formatid":"gen9vgc2025regg","rating":1638,"private":0,"password":null}