{"id":"gen9vgc2025regg-2285558784","format":"[Gen 9] VGC 2025 Reg G","players":["bertscai","Angelo Neres"],"log":"|j|\u2606bertscai\n|j|\u2606Angelo Neres\n|t:|1737494486\n|gametype|doubles\n|player|p1|bertscai|zinzolin|1555\n|player|p2|Angelo Neres|101|1584\n|teamsize|p1|6\n|teamsize|p2|6\n|gen|9\n|tier|[Gen 9] VGC 2025 Reg G\n|rated|\n|rule|Species Clause: Limit one of each Pok\u00e9mon\n|rule|Item Clause: Limit 1 of each item\n|clearpoke\n|poke|p1|Regidrago, L50|\n|poke|p1|Chi-Yu, L50|\n|poke|p1|Whimsicott, L50, M|\n|poke|p1|Ditto, L50|\n|poke|p1|Zacian-*, L50|\n|poke|p1|Amoonguss, L50, F|\n|poke|p2|Groudon, L50|\n|poke|p2|Moltres-Galar, L50|\n|poke|p2|Scream Tail, L50|\n|poke|p2|Grimmsnarl, L50, M|\n|poke|p2|Cobalion, L50|\n|poke|p2|Amoonguss, L50, M|\n|teampreview|4\n|inactive|Battle timer is ON: inactive players will automatically lose when time's up. (requested by Angelo Neres)\n|\n|t:|1737494508\n|start\n|switch|p1a: Whimsicott|Whimsicott, L50, M, shiny|100\/100\n|switch|p1b: Chi-Yu|Chi-Yu, L50|100\/100\n|switch|p2a: Groudon|Groudon, L50, shiny|100\/100\n|switch|p2b: Grimmsnarl|Grimmsnarl, L50, M, shiny|100\/100\n|-ability|p1b: Chi-Yu|Beads of Ruin\n|-weather|SunnyDay|[from] ability: Drought|[of] p2a: Groudon\n|turn|1\n|\n|t:|1737494518\n|-terastallize|p2a: Groudon|Fire\n|move|p1a: Whimsicott|Tailwind|p1a: Whimsicott\n|-sidestart|p1: bertscai|move: Tailwind\n|move|p2b: Grimmsnarl|Light Screen|p2b: Grimmsnarl\n|-sidestart|p2: Angelo Neres|move: Light Screen\n|move|p1b: Chi-Yu|Heat Wave|p2a: Groudon|[spread] p2a,p2b\n|-resisted|p2a: Groudon\n|-damage|p2a: Groudon|77\/100\n|-damage|p2b: Grimmsnarl|21\/100\n|move|p2a: Groudon|Precipice Blades|p1b: Chi-Yu|[spread] p1a\n|-miss|p2a: Groudon|p1b: Chi-Yu\n|-resisted|p1a: Whimsicott\n|-damage|p1a: Whimsicott|62\/100\n|\n|-weather|SunnyDay|[upkeep]\n|upkeep\n|turn|2\n|\n|t:|1737494533\n|move|p2b: Grimmsnarl|Reflect|p2b: Grimmsnarl\n|-sidestart|p2: Angelo Neres|Reflect\n|move|p1b: Chi-Yu|Heat Wave|p2a: Groudon|[spread] p2a,p2b\n|-resisted|p2a: Groudon\n|-damage|p2a: Groudon|52\/100\n|-damage|p2b: Grimmsnarl|0 fnt\n|faint|p2b: Grimmsnarl\n|move|p1a: Whimsicott|Moonblast|p2a: Groudon\n|-resisted|p2a: Groudon\n|-damage|p2a: Groudon|45\/100\n|move|p2a: Groudon|Precipice Blades|p1b: Chi-Yu|[spread] p1a,p1b\n|-resisted|p1a: Whimsicott\n|-supereffective|p1b: Chi-Yu\n|-damage|p1a: Whimsicott|27\/100\n|-damage|p1b: Chi-Yu|0 fnt\n|faint|p1b: Chi-Yu\n|\n|-weather|SunnyDay|[upkeep]\n|upkeep\n|\n|t:|1737494553\n|switch|p1b: Ditto|Ditto, L50, shiny|100\/100\n|switch|p2b: Cobalion|Cobalion, L50, shiny|100\/100\n|-transform|p1b: Ditto|p2a: Groudon|[from] ability: Imposter\n|-start|p1b: Ditto|typechange|Ground|[silent]\n|turn|3\n|\n|t:|1737494571\n|switch|p2a: Scream Tail|Scream Tail, L50, shiny|100\/100\n|-activate|p2a: Scream Tail|ability: Protosynthesis\n|-start|p2a: Scream Tail|protosynthesisspe\n|move|p2b: Cobalion|Protect|p2b: Cobalion\n|-singleturn|p2b: Cobalion|Protect\n|move|p1b: Ditto|Precipice Blades|p2a: Scream Tail|[spread] \n|-activate|p2b: Cobalion|move: Protect\n|-miss|p1b: Ditto|p2a: Scream Tail\n|move|p1a: Whimsicott|Moonblast|p2b: Cobalion\n|-activate|p2b: Cobalion|move: Protect\n|\n|-weather|SunnyDay|[upkeep]\n|upkeep\n|turn|4\n|\n|t:|1737494586\n|switch|p2b: Groudon|Groudon, L50, shiny, tera:Fire|45\/100\n|move|p1a: Whimsicott|Encore||[still]\n|-fail|p1a: Whimsicott\n|move|p1b: Ditto|Precipice Blades|p2a: Scream Tail|[spread] p2a\n|-miss|p1b: Ditto|p2b: Groudon\n|-crit|p2a: Scream Tail\n|-damage|p2a: Scream Tail|40\/100\n|move|p2a: Scream Tail|Disable|p1b: Ditto\n|-start|p1b: Ditto|Disable|Precipice Blades\n|\n|-weather|SunnyDay|[upkeep]\n|-sideend|p1: bertscai|move: Tailwind\n|upkeep\n|turn|5\n|inactive|Angelo Neres has 30 seconds left.\n|\n|t:|1737494618\n|-end|p2a: Scream Tail|Protosynthesis|[silent]\n|switch|p2a: Cobalion|Cobalion, L50, shiny|100\/100\n|switch|p1b: Zacian|Zacian-Crowned, L50, shiny|100\/100\n|-ability|p1b: Zacian|Intrepid Sword|boost\n|-boost|p1b: Zacian|atk|1\n|move|p1a: Whimsicott|Tailwind|p1a: Whimsicott\n|-sidestart|p1: bertscai|move: Tailwind\n|move|p2b: Groudon|Precipice Blades|p1a: Whimsicott|[spread] p1a,p1b\n|-resisted|p1a: Whimsicott\n|-supereffective|p1b: Zacian\n|-damage|p1a: Whimsicott|0 fnt\n|-damage|p1b: Zacian|3\/100\n|faint|p1a: Whimsicott\n|\n|-weather|none\n|-sideend|p2: Angelo Neres|move: Light Screen\n|upkeep\n|\n|t:|1737494628\n|switch|p1a: Ditto|Ditto, L50, shiny|100\/100\n|-transform|p1a: Ditto|p2b: Groudon|[from] ability: Imposter\n|-weather|SunnyDay|[from] ability: Drought|[of] p1a: Ditto\n|turn|6\n|inactive|Angelo Neres has 30 seconds left.\n|\n|t:|1737494662\n|-terastallize|p1b: Zacian|Ground\n|move|p1b: Zacian|Tera Blast|p2a: Cobalion|[anim] Tera Blast Ground\n|-supereffective|p2a: Cobalion\n|-damage|p2a: Cobalion|53\/100\n|move|p1a: Ditto|Precipice Blades|p2b: Groudon|[spread] p2a,p2b\n|-supereffective|p2a: Cobalion\n|-supereffective|p2b: Groudon\n|-damage|p2a: Cobalion|13\/100\n|-damage|p2b: Groudon|0 fnt\n|faint|p2b: Groudon\n|move|p2a: Cobalion|Iron Defense|p2a: Cobalion\n|-boost|p2a: Cobalion|def|2\n|\n|-weather|SunnyDay|[upkeep]\n|-sideend|p2: Angelo Neres|Reflect\n|upkeep\n|\n|t:|1737494675\n|switch|p2b: Scream Tail|Scream Tail, L50, shiny|40\/100\n|-activate|p2b: Scream Tail|ability: Protosynthesis\n|-start|p2b: Scream Tail|protosynthesisspe\n|turn|7\n|\n|t:|1737494688\n|move|p2a: Cobalion|Protect|p2a: Cobalion\n|-singleturn|p2a: Cobalion|Protect\n|move|p1b: Zacian|Behemoth Blade|p2b: Scream Tail\n|-supereffective|p2b: Scream Tail\n|-damage|p2b: Scream Tail|0 fnt\n|faint|p2b: Scream Tail\n|-end|p2b: Scream Tail|Protosynthesis|[silent]\n|move|p1a: Ditto|Precipice Blades|p2a: Cobalion\n|-activate|p2a: Cobalion|move: Protect\n|\n|-weather|SunnyDay|[upkeep]\n|upkeep\n|turn|8\n|\n|t:|1737494695\n|move|p1b: Zacian|Tera Blast|p2a: Cobalion|[anim] Tera Blast Ground\n|-supereffective|p2a: Cobalion\n|-damage|p2a: Cobalion|0 fnt\n|faint|p2a: Cobalion\n|\n|win|bertscai\n|raw|bertscai's rating: 1555 &rarr; <strong>1577<\/strong><br \/>(+22 for winning)\n|raw|Angelo Neres's rating: 1584 &rarr; <strong>1562<\/strong><br \/>(-22 for losing)\n|l|\u2606Angelo Neres\n|player|p2|\n|l|\u2606bertscai\n|player|p1|\n","uploadtime":1737494892,"views":9,"formatid":"gen9vgc2025regg","rating":1562,"private":0,"password":null}