{"id":"gen9vgc2025regg-2285127003","format":"[Gen 9] VGC 2025 Reg G","players":["kyogue is fun )","bertscai"],"log":"|j|\u2606kyogue is fun )\n|j|\u2606bertscai\n|t:|1737439068\n|gametype|doubles\n|player|p1|kyogue is fun )|clair|1570\n|player|p2|bertscai|zinzolin|1622\n|teamsize|p1|6\n|teamsize|p2|6\n|gen|9\n|tier|[Gen 9] VGC 2025 Reg G\n|rated|\n|rule|Species Clause: Limit one of each Pok\u00e9mon\n|rule|Item Clause: Limit 1 of each item\n|clearpoke\n|poke|p1|Groudon, L50|\n|poke|p1|Lilligant-Hisui, L50, F|\n|poke|p1|Flutter Mane, L50|\n|poke|p1|Ogerpon-Hearthflame, L50, F|\n|poke|p1|Farigiraf, L50, F|\n|poke|p1|Raging Bolt, L50|\n|poke|p2|Regidrago, L50|\n|poke|p2|Chi-Yu, L50|\n|poke|p2|Whimsicott, L50, F|\n|poke|p2|Ogerpon-Wellspring, L50, F|\n|poke|p2|Ditto, L50|\n|poke|p2|Zacian-*, L50|\n|teampreview|4\n|inactive|Battle timer is ON: inactive players will automatically lose when time's up. (requested by bertscai)\n|\n|t:|1737439106\n|start\n|switch|p1a: Lilligant|Lilligant-Hisui, L50, F|100\/100\n|switch|p1b: Groudon|Groudon, L50|100\/100\n|switch|p2a: Whimsicott|Whimsicott, L50, F, shiny|100\/100\n|switch|p2b: Regidrago|Regidrago, L50|100\/100\n|-weather|SunnyDay|[from] ability: Drought|[of] p1b: Groudon\n|turn|1\n|\n|t:|1737439118\n|move|p2b: Regidrago|Protect|p2b: Regidrago\n|-singleturn|p2b: Regidrago|Protect\n|move|p2a: Whimsicott|Tailwind|p2a: Whimsicott\n|-sidestart|p2: bertscai|move: Tailwind\n|move|p1a: Lilligant|Sleep Powder|p2b: Regidrago\n|-activate|p2b: Regidrago|move: Protect\n|move|p1b: Groudon|Precipice Blades|p2b: Regidrago|[spread] p2a\n|-activate|p2b: Regidrago|move: Protect\n|-resisted|p2a: Whimsicott\n|-damage|p2a: Whimsicott|70\/100\n|\n|-weather|SunnyDay|[upkeep]\n|upkeep\n|turn|2\n|\n|t:|1737439134\n|move|p2a: Whimsicott|Encore|p1a: Lilligant\n|-start|p1a: Lilligant|Encore\n|move|p1a: Lilligant|Sleep Powder|p2b: Regidrago\n|-status|p2b: Regidrago|slp|[from] move: Sleep Powder\n|cant|p2b: Regidrago|slp\n|move|p1b: Groudon|Precipice Blades|p2a: Whimsicott|[spread] p2a,p2b\n|-resisted|p2a: Whimsicott\n|-damage|p2a: Whimsicott|36\/100\n|-damage|p2b: Regidrago|49\/100 slp\n|\n|-weather|SunnyDay|[upkeep]\n|upkeep\n|turn|3\n|\n|t:|1737439148\n|switch|p1a: Flutter Mane|Flutter Mane, L50|100\/100\n|-activate|p1a: Flutter Mane|ability: Protosynthesis\n|-start|p1a: Flutter Mane|protosynthesisspe\n|move|p2a: Whimsicott|Moonblast|p1a: Flutter Mane\n|-damage|p1a: Flutter Mane|76\/100\n|cant|p2b: Regidrago|slp\n|move|p1b: Groudon|Precipice Blades|p2a: Whimsicott|[spread] p2a,p2b\n|-resisted|p2a: Whimsicott\n|-damage|p2a: Whimsicott|2\/100\n|-damage|p2b: Regidrago|0 fnt\n|faint|p2b: Regidrago\n|\n|-weather|SunnyDay|[upkeep]\n|upkeep\n|\n|t:|1737439160\n|switch|p2b: Zacian|Zacian-Crowned, L50, shiny|100\/100\n|-ability|p2b: Zacian|Intrepid Sword|boost\n|-boost|p2b: Zacian|atk|1\n|turn|4\n|\n|t:|1737439178\n|-terastallize|p2b: Zacian|Ground\n|-terastallize|p1b: Groudon|Fire\n|move|p2a: Whimsicott|Protect|p2a: Whimsicott\n|-singleturn|p2a: Whimsicott|Protect\n|move|p2b: Zacian|Behemoth Blade|p1a: Flutter Mane\n|-supereffective|p1a: Flutter Mane\n|-damage|p1a: Flutter Mane|0 fnt\n|faint|p1a: Flutter Mane\n|-end|p1a: Flutter Mane|Protosynthesis|[silent]\n|move|p1b: Groudon|Heat Crash|p2a: Whimsicott\n|-activate|p2a: Whimsicott|move: Protect\n|\n|-weather|SunnyDay|[upkeep]\n|-sideend|p2: bertscai|move: Tailwind\n|upkeep\n|\n|t:|1737439187\n|switch|p1a: Lilligant|Lilligant-Hisui, L50, F|100\/100\n|turn|5\n|inactive|bertscai has 30 seconds left.\n|\n|t:|1737439214\n|move|p2a: Whimsicott|Tailwind|p2a: Whimsicott\n|-sidestart|p2: bertscai|move: Tailwind\n|move|p2b: Zacian|Tera Blast|p1b: Groudon|[anim] Tera Blast Ground\n|-supereffective|p1b: Groudon\n|-damage|p1b: Groudon|10\/100\n|move|p1a: Lilligant|Coaching|p1b: Groudon\n|-boost|p1b: Groudon|atk|1\n|-boost|p1b: Groudon|def|1\n|move|p1b: Groudon|Precipice Blades|p2b: Zacian|[spread] p2b\n|-miss|p1b: Groudon|p2a: Whimsicott\n|-damage|p2b: Zacian|31\/100\n|\n|-weather|none\n|upkeep\n|turn|6\n|\n|t:|1737439231\n|move|p2a: Whimsicott|Encore|p1a: Lilligant\n|-start|p1a: Lilligant|Encore\n|move|p2b: Zacian|Tera Blast|p1b: Groudon|[anim] Tera Blast Ground\n|-supereffective|p1b: Groudon\n|-damage|p1b: Groudon|0 fnt\n|faint|p1b: Groudon\n|move|p1a: Lilligant|Coaching|null|[notarget]\n|-fail|p1a: Lilligant\n|\n|upkeep\n|\n|t:|1737439234\n|switch|p1b: Raging Bolt|Raging Bolt, L50|100\/100\n|turn|7\n|j| mr pogostick\n|inactive|kyogue is fun ) has 30 seconds left.\n|inactive|kyogue is fun ) has 20 seconds left.\n|\n|t:|1737439271\n|move|p2b: Zacian|Play Rough|p1b: Raging Bolt\n|-supereffective|p1b: Raging Bolt\n|-crit|p1b: Raging Bolt\n|-damage|p1b: Raging Bolt|0 fnt\n|faint|p1b: Raging Bolt\n|-end|p1b: Raging Bolt|Protosynthesis|[silent]\n|move|p2a: Whimsicott|Moonblast|p1a: Lilligant\n|-supereffective|p1a: Lilligant\n|-damage|p1a: Lilligant|21\/100\n|move|p1a: Lilligant|Coaching|p1: Raging Bolt|[notarget]\n|-fail|p1a: Lilligant\n|\n|upkeep\n|turn|8\n|inactive|kyogue is fun ) has 30 seconds left.\n|inactive|kyogue is fun ) has 20 seconds left.\n|inactive|kyogue is fun ) has 15 seconds left.\n|inactive|kyogue is fun ) has 10 seconds left.\n|inactive|kyogue is fun ) has 5 seconds left.\n|\n|t:|1737439326\n|move|p2b: Zacian|Behemoth Blade|p1a: Lilligant\n|-damage|p1a: Lilligant|0 fnt\n|faint|p1a: Lilligant\n|\n|win|bertscai\n|raw|kyogue is fun )'s rating: 1550 &rarr; <strong>1534<\/strong><br \/>(-16 for losing)\n|raw|bertscai's rating: 1622 &rarr; <strong>1638<\/strong><br \/>(+16 for winning)\n|l|\u2606bertscai\n|player|p2|\n|l|\u2606kyogue is fun )\n|player|p1|\n","uploadtime":1737439512,"views":14,"formatid":"gen9vgc2025regg","rating":1534,"private":0,"password":null}