{"id":"gen9vgc2025regg-2285517855","format":"[Gen 9] VGC 2025 Reg G","players":["DimensionalFool","chin8"],"log":"|j|\u203dDimensionalFool\n|j|\u2606chin8\n|t:|1737490283\n|gametype|doubles\n|player|p1|DimensionalFool|steven|1648\n|player|p2|chin8|gentleman-gen4dp|1552\n|teamsize|p1|6\n|teamsize|p2|6\n|gen|9\n|tier|[Gen 9] VGC 2025 Reg G\n|rated|\n|rule|Species Clause: Limit one of each Pok\u00e9mon\n|rule|Item Clause: Limit 1 of each item\n|clearpoke\n|poke|p1|Grimmsnarl, L50, M|\n|poke|p1|Landorus, L50, M|\n|poke|p1|Calyrex-Ice, L50|\n|poke|p1|Pelipper, L50, F|\n|poke|p1|Urshifu-*, L50, M|\n|poke|p1|Rillaboom, L50, M|\n|poke|p2|Calyrex-Shadow, L50|\n|poke|p2|Incineroar, L50, M|\n|poke|p2|Rillaboom, L50, F|\n|poke|p2|Gastrodon-East, L50, M|\n|poke|p2|Hitmonchan, L50, M|\n|poke|p2|Tropius, L50, F|\n|teampreview|4\n|inactive|Battle timer is ON: inactive players will automatically lose when time's up. (requested by DimensionalFool)\n|inactive|DimensionalFool has 60 seconds left.\n|\n|t:|1737490314\n|start\n|switch|p1a: Calyrex|Calyrex-Ice, L50|100\/100\n|switch|p1b: Pelipper|Pelipper, L50, F|100\/100\n|switch|p2a: Calyrex|Calyrex-Shadow, L50|100\/100\n|switch|p2b: Hitmonchan|Hitmonchan, L50, M|100\/100\n|-ability|p2a: Calyrex|As One\n|-ability|p2a: Calyrex|Unnerve\n|-ability|p1a: Calyrex|As One\n|-ability|p1a: Calyrex|Unnerve\n|-weather|RainDance|[from] ability: Drizzle|[of] p1b: Pelipper\n|turn|1\n|inactive|chin8 has 30 seconds left.\n|\n|t:|1737490340\n|move|p2b: Hitmonchan|Fake Out|p1a: Calyrex\n|-damage|p1a: Calyrex|93\/100\n|move|p2a: Calyrex|Calm Mind|p2a: Calyrex\n|-boost|p2a: Calyrex|spa|1\n|-boost|p2a: Calyrex|spd|1\n|move|p1b: Pelipper|Tailwind|p1b: Pelipper\n|-sidestart|p1: DimensionalFool|move: Tailwind\n|cant|p1a: Calyrex|flinch\n|\n|-weather|RainDance|[upkeep]\n|upkeep\n|turn|2\n|\n|t:|1737490360\n|-terastallize|p2a: Calyrex|Fairy\n|-terastallize|p1a: Calyrex|Water\n|move|p1b: Pelipper|Hurricane|p2b: Hitmonchan\n|-supereffective|p2b: Hitmonchan\n|-enditem|p2b: Hitmonchan|Focus Sash\n|-damage|p2b: Hitmonchan|1\/100\n|move|p2a: Calyrex|Draining Kiss|p1a: Calyrex\n|-damage|p1a: Calyrex|70\/100\n|move|p1a: Calyrex|Throat Chop|p2a: Calyrex\n|-resisted|p2a: Calyrex\n|-damage|p2a: Calyrex|84\/100\n|-start|p2a: Calyrex|Throat Chop|[silent]\n|move|p2b: Hitmonchan|Close Combat|p1a: Calyrex\n|-damage|p1a: Calyrex|34\/100\n|-unboost|p2b: Hitmonchan|def|1\n|-unboost|p2b: Hitmonchan|spd|1\n|\n|-weather|RainDance|[upkeep]\n|upkeep\n|turn|3\n|j| ametono\n|\n|t:|1737490380\n|move|p2a: Calyrex|Protect|p2a: Calyrex\n|-singleturn|p2a: Calyrex|Protect\n|move|p1b: Pelipper|Weather Ball|p2a: Calyrex\n|-activate|p2a: Calyrex|move: Protect\n|move|p1a: Calyrex|Glacial Lance|p2b: Hitmonchan|[spread] p2b\n|-activate|p2a: Calyrex|move: Protect\n|-damage|p2b: Hitmonchan|0 fnt\n|faint|p2b: Hitmonchan\n|-ability|p1a: Calyrex|Chilling Neigh|boost\n|-boost|p1a: Calyrex|atk|1\n|\n|-weather|RainDance|[upkeep]\n|-end|p2a: Calyrex|Throat Chop|[silent]\n|upkeep\n|\n|t:|1737490385\n|switch|p2b: Rillaboom|Rillaboom, L50, F|100\/100\n|-fieldstart|move: Grassy Terrain|[from] ability: Grassy Surge|[of] p2b: Rillaboom\n|turn|4\n|l| ametono\n|\n|t:|1737490396\n|move|p2b: Rillaboom|Grassy Glide|p1a: Calyrex\n|-supereffective|p1a: Calyrex\n|-damage|p1a: Calyrex|0 fnt\n|faint|p1a: Calyrex\n|move|p1b: Pelipper|Weather Ball|p2a: Calyrex\n|-damage|p2a: Calyrex|37\/100\n|move|p2a: Calyrex|Draining Kiss|p1b: Pelipper\n|-damage|p1b: Pelipper|9\/100\n|-heal|p2a: Calyrex|87\/100|[from] drain|[of] p1b: Pelipper\n|\n|-weather|RainDance|[upkeep]\n|-heal|p2a: Calyrex|93\/100|[from] Grassy Terrain\n|-sideend|p1: DimensionalFool|move: Tailwind\n|upkeep\n|\n|t:|1737490404\n|switch|p1a: Rillaboom|Rillaboom, L50, M|100\/100\n|turn|5\n|\n|t:|1737490417\n|move|p1a: Rillaboom|Fake Out|p2b: Rillaboom\n|-damage|p2b: Rillaboom|87\/100\n|cant|p2b: Rillaboom|flinch\n|move|p2a: Calyrex|Draining Kiss|p1b: Pelipper\n|-damage|p1b: Pelipper|0 fnt\n|-heal|p2a: Calyrex|97\/100|[from] drain|[of] p1b: Pelipper\n|faint|p1b: Pelipper\n|-ability|p2a: Calyrex|Grim Neigh|boost\n|-boost|p2a: Calyrex|spa|1\n|\n|-weather|none\n|-heal|p2a: Calyrex|100\/100|[from] Grassy Terrain\n|-heal|p2b: Rillaboom|93\/100|[from] Grassy Terrain\n|upkeep\n|\n|t:|1737490420\n|switch|p1b: Landorus|Landorus, L50, M|100\/100\n|turn|6\n|\n|t:|1737490430\n|move|p2a: Calyrex|Astral Barrage|p1a: Rillaboom|[spread] p1a,p1b\n|-damage|p1a: Rillaboom|0 fnt\n|-damage|p1b: Landorus|0 fnt\n|faint|p1a: Rillaboom\n|faint|p1b: Landorus\n|\n|win|chin8\n|raw|DimensionalFool's rating: 1648 &rarr; <strong>1623<\/strong><br \/>(-25 for losing)\n|raw|chin8's rating: 1552 &rarr; <strong>1577<\/strong><br \/>(+25 for winning)\n|l|\u203dDimensionalFool\n|player|p1|\n|j|\u203dDimensionalFool\n|player|p1|DimensionalFool|steven|\n|l|\u2606chin8\n|player|p2|\n|l|\u203dDimensionalFool\n|player|p1|\n","uploadtime":1737490571,"views":4,"formatid":"gen9vgc2025regg","rating":1577,"private":0,"password":null}