{"id":"gen9vgc2025regg-2285549688","format":"[Gen 9] VGC 2025 Reg G","players":["bertscai","Dot1Q"],"log":"|j|\u2606bertscai\n|j|\u2606Dot1Q\n|t:|1737493565\n|gametype|doubles\n|player|p1|bertscai|zinzolin|1587\n|player|p2|Dot1Q|veteran|1621\n|teamsize|p1|6\n|teamsize|p2|6\n|gen|9\n|tier|[Gen 9] VGC 2025 Reg G\n|rated|\n|rule|Species Clause: Limit one of each Pok\u00e9mon\n|rule|Item Clause: Limit 1 of each item\n|clearpoke\n|poke|p1|Regidrago, L50|\n|poke|p1|Chi-Yu, L50|\n|poke|p1|Whimsicott, L50, M|\n|poke|p1|Ogerpon-Wellspring, L50, F|\n|poke|p1|Ditto, L50|\n|poke|p1|Zacian-*, L50|\n|poke|p2|Calyrex-Ice, L50|\n|poke|p2|Ursaluna-Bloodmoon, L50, M|\n|poke|p2|Smeargle, L50, M|\n|poke|p2|Farigiraf, L50, F|\n|poke|p2|Annihilape, L50, M|\n|poke|p2|Electabuzz, L50, M|\n|teampreview|4\n|\n|t:|1737493574\n|start\n|switch|p1a: Chi-Yu|Chi-Yu, L50|100\/100\n|switch|p1b: Regidrago|Regidrago, L50|100\/100\n|switch|p2a: Calyrex|Calyrex-Ice, L50|100\/100\n|switch|p2b: Smeargle|Smeargle, L50, M|100\/100\n|-ability|p2a: Calyrex|As One\n|-ability|p2a: Calyrex|Unnerve\n|-ability|p1a: Chi-Yu|Beads of Ruin\n|turn|1\n|inactive|Battle timer is ON: inactive players will automatically lose when time's up. (requested by bertscai)\n|\n|t:|1737493583\n|move|p2b: Smeargle|Fake Out|p1a: Chi-Yu\n|-damage|p1a: Chi-Yu|91\/100\n|cant|p1a: Chi-Yu|flinch\n|move|p1b: Regidrago|Dragon Energy|p2b: Smeargle|[spread] p2a,p2b\n|-damage|p2a: Calyrex|1\/100\n|-enditem|p2b: Smeargle|Focus Sash\n|-damage|p2b: Smeargle|1\/100\n|-damage|p1b: Regidrago|91\/100|[from] item: Life Orb\n|move|p2a: Calyrex|Trick Room|p2a: Calyrex\n|-fieldstart|move: Trick Room|[of] p2a: Calyrex\n|\n|upkeep\n|turn|2\n|\n|t:|1737493598\n|-terastallize|p1b: Regidrago|Ghost\n|move|p2b: Smeargle|Decorate|p2a: Calyrex\n|-boost|p2a: Calyrex|atk|2\n|-boost|p2a: Calyrex|spa|2\n|move|p2a: Calyrex|Glacial Lance|p1b: Regidrago|[spread] p1a,p1b\n|-resisted|p1a: Chi-Yu\n|-damage|p1a: Chi-Yu|0 fnt\n|-damage|p1b: Regidrago|0 fnt\n|faint|p1a: Chi-Yu\n|faint|p1b: Regidrago\n|-ability|p2a: Calyrex|Chilling Neigh|boost\n|-boost|p2a: Calyrex|atk|2\n|\n|upkeep\n|\n|t:|1737493606\n|switch|p1b: Ditto|Ditto, L50, shiny|100\/100\n|switch|p1a: Zacian|Zacian-Crowned, L50, shiny|100\/100\n|-transform|p1b: Ditto|p2a: Calyrex|[from] ability: Imposter\n|-ability|p1b: Ditto|As One\n|-ability|p1b: Ditto|Unnerve\n|-ability|p1a: Zacian|Intrepid Sword|boost\n|-boost|p1a: Zacian|atk|1\n|turn|3\n|\n|t:|1737493618\n|move|p2b: Smeargle|Spore|p1b: Ditto\n|-status|p1b: Ditto|slp|[from] move: Spore\n|cant|p1b: Ditto|slp\n|move|p2a: Calyrex|Glacial Lance|p1a: Zacian|[spread] p1a,p1b\n|-resisted|p1a: Zacian\n|-resisted|p1b: Ditto\n|-crit|p1b: Ditto\n|-damage|p1a: Zacian|19\/100\n|-enditem|p1b: Ditto|Focus Sash\n|-damage|p1b: Ditto|1\/100 slp\n|move|p1a: Zacian|Behemoth Blade|p2b: Smeargle\n|-crit|p2b: Smeargle\n|-damage|p2b: Smeargle|0 fnt\n|faint|p2b: Smeargle\n|\n|upkeep\n|\n|t:|1737493630\n|switch|p2b: Ursaluna|Ursaluna-Bloodmoon, L50, M|100\/100\n|turn|4\n|\n|t:|1737493636\n|-terastallize|p2b: Ursaluna|Normal\n|move|p1a: Zacian|Protect|p1a: Zacian\n|-singleturn|p1a: Zacian|Protect\n|move|p2b: Ursaluna|Hyper Voice|p1a: Zacian|[spread] p1b\n|-activate|p1a: Zacian|move: Protect\n|-damage|p1b: Ditto|0 fnt\n|faint|p1b: Ditto\n|-damage|p2b: Ursaluna|91\/100|[from] item: Life Orb\n|move|p2a: Calyrex|Glacial Lance|p1a: Zacian\n|-activate|p1a: Zacian|move: Protect\n|\n|upkeep\n|turn|5\n|-message|bertscai forfeited.\n|\n|win|Dot1Q\n|raw|bertscai's rating: 1587 &rarr; <strong>1569<\/strong><br \/>(-18 for losing)\n|raw|Dot1Q's rating: 1621 &rarr; <strong>1639<\/strong><br \/>(+18 for winning)\n|l|\u2606bertscai\n|player|p1|\n|l|\u2606Dot1Q\n|player|p2|\n","uploadtime":1737493917,"views":14,"formatid":"gen9vgc2025regg","rating":1569,"private":0,"password":null}