{"id":"gen9vgc2025regg-2285817013","format":"[Gen 9] VGC 2025 Reg G","players":["501JFW","Imnotagni"],"log":"|j|\u203d501JFW\n|j|\u2606Imnotagni\n|t:|1737528977\n|gametype|doubles\n|player|p1|501JFW|170|1668\n|player|p2|Imnotagni|policeman-gen4|1570\n|teamsize|p1|6\n|teamsize|p2|6\n|gen|9\n|tier|[Gen 9] VGC 2025 Reg G\n|rated|\n|rule|Species Clause: Limit one of each Pok\u00e9mon\n|rule|Item Clause: Limit 1 of each item\n|clearpoke\n|poke|p1|Calyrex-Ice, L50|\n|poke|p1|Iron Valiant, L50|\n|poke|p1|Urshifu-*, L50, M|\n|poke|p1|Pelipper, L50, M|\n|poke|p1|Landorus, L50, M|\n|poke|p1|Amoonguss, L50, F|\n|poke|p2|Kyogre, L50|\n|poke|p2|Tornadus, L50, M|\n|poke|p2|Tsareena, L50, F|\n|poke|p2|Basculegion, L50, M|\n|poke|p2|Landorus, L50, M|\n|poke|p2|Urshifu-*, L50, M|\n|teampreview|4\n|inactive|Battle timer is ON: inactive players will automatically lose when time's up. (requested by Imnotagni)\n|inactive|Imnotagni has 60 seconds left.\n|\n|t:|1737529012\n|start\n|switch|p1a: Calyrex|Calyrex-Ice, L50|100\/100\n|switch|p1b: Iron Valiant|Iron Valiant, L50, shiny|100\/100\n|switch|p2a: Tornadus|Tornadus, L50, M|100\/100\n|switch|p2b: Kyogre|Kyogre, L50|100\/100\n|-ability|p1a: Calyrex|As One\n|-ability|p1a: Calyrex|Unnerve\n|-weather|RainDance|[from] ability: Drizzle|[of] p2b: Kyogre\n|-enditem|p1b: Iron Valiant|Booster Energy\n|-activate|p1b: Iron Valiant|ability: Quark Drive|[fromitem]\n|-start|p1b: Iron Valiant|quarkdrivespe\n|turn|1\n|inactive|501JFW has 30 seconds left.\n|inactive|Imnotagni has 30 seconds left.\n|\n|t:|1737529042\n|move|p1b: Iron Valiant|Wide Guard|p1b: Iron Valiant\n|-singleturn|p1b: Iron Valiant|Wide Guard\n|move|p2a: Tornadus|Taunt|p1a: Calyrex\n|-start|p1a: Calyrex|move: Taunt\n|move|p2b: Kyogre|Thunder|p1a: Calyrex\n|-damage|p1a: Calyrex|72\/100\n|move|p1a: Calyrex|Glacial Lance|p2b: Kyogre|[spread] p2a,p2b\n|-supereffective|p2a: Tornadus\n|-resisted|p2b: Kyogre\n|-damage|p2a: Tornadus|0 fnt\n|-damage|p2b: Kyogre|71\/100\n|faint|p2a: Tornadus\n|-ability|p1a: Calyrex|Chilling Neigh|boost\n|-boost|p1a: Calyrex|atk|1\n|\n|-weather|RainDance|[upkeep]\n|upkeep\n|\n|t:|1737529057\n|switch|p2a: Urshifu|Urshifu-Rapid-Strike, L50, M|100\/100\n|turn|2\n|inactive|501JFW has 30 seconds left.\n|inactive|501JFW has 20 seconds left.\n|inactive|501JFW has 15 seconds left.\n|\n|t:|1737529099\n|-terastallize|p1a: Calyrex|Grass\n|move|p1b: Iron Valiant|Spirit Break|p2b: Kyogre\n|-damage|p2b: Kyogre|37\/100\n|-unboost|p2b: Kyogre|spa|1\n|move|p2a: Urshifu|Surging Strikes|p1a: Calyrex\n|-resisted|p1a: Calyrex\n|-crit|p1a: Calyrex\n|-damage|p1a: Calyrex|59\/100\n|-resisted|p1a: Calyrex\n|-crit|p1a: Calyrex\n|-damage|p1a: Calyrex|44\/100\n|-resisted|p1a: Calyrex\n|-crit|p1a: Calyrex\n|-damage|p1a: Calyrex|30\/100\n|-hitcount|p1a: Calyrex|3\n|move|p2b: Kyogre|Origin Pulse|p1b: Iron Valiant|[spread] p1a,p1b\n|-resisted|p1a: Calyrex\n|-crit|p1a: Calyrex\n|-damage|p1a: Calyrex|0 fnt\n|-damage|p1b: Iron Valiant|21\/100\n|faint|p1a: Calyrex\n|\n|-weather|RainDance|[upkeep]\n|upkeep\n|\n|t:|1737529119\n|switch|p1a: Amoonguss|Amoonguss, L50, F, shiny|100\/100\n|turn|3\n|\n|t:|1737529141\n|-terastallize|p2a: Urshifu|Grass\n|move|p1a: Amoonguss|Rage Powder|p1a: Amoonguss\n|-singleturn|p1a: Amoonguss|move: Rage Powder\n|move|p1b: Iron Valiant|Spirit Break|p2b: Kyogre\n|-damage|p2b: Kyogre|5\/100\n|-unboost|p2b: Kyogre|spa|1\n|move|p2a: Urshifu|Surging Strikes|p1b: Iron Valiant\n|-crit|p1b: Iron Valiant\n|-damage|p1b: Iron Valiant|0 fnt\n|faint|p1b: Iron Valiant\n|-end|p1b: Iron Valiant|Quark Drive|[silent]\n|-hitcount|p1: Iron Valiant|1\n|move|p2b: Kyogre|Ice Beam|p1a: Amoonguss\n|-supereffective|p1a: Amoonguss\n|-damage|p1a: Amoonguss|63\/100\n|\n|-weather|RainDance|[upkeep]\n|upkeep\n|j| Pokuchu3\n|\n|t:|1737529145\n|switch|p1b: Pelipper|Pelipper, L50, M, shiny|100\/100\n|turn|4\n|j| UltimoRyu\n|inactive|Imnotagni has 30 seconds left.\n|\n|t:|1737529171\n|move|p1a: Amoonguss|Rage Powder|p1a: Amoonguss\n|-singleturn|p1a: Amoonguss|move: Rage Powder\n|move|p2a: Urshifu|Surging Strikes|p1b: Pelipper\n|-resisted|p1b: Pelipper\n|-crit|p1b: Pelipper\n|-damage|p1b: Pelipper|77\/100\n|-resisted|p1b: Pelipper\n|-crit|p1b: Pelipper\n|-damage|p1b: Pelipper|54\/100\n|-resisted|p1b: Pelipper\n|-crit|p1b: Pelipper\n|-damage|p1b: Pelipper|29\/100\n|-hitcount|p1b: Pelipper|3\n|move|p2b: Kyogre|Thunder|p1a: Amoonguss\n|-resisted|p1a: Amoonguss\n|-damage|p1a: Amoonguss|53\/100\n|move|p1b: Pelipper|Hurricane|p2a: Urshifu\n|-supereffective|p2a: Urshifu\n|-damage|p2a: Urshifu|0 fnt\n|faint|p2a: Urshifu\n|-damage|p1b: Pelipper|19\/100|[from] item: Life Orb\n|\n|-weather|RainDance|[upkeep]\n|upkeep\n|\n|t:|1737529175\n|switch|p2a: Basculegion|Basculegion, L50, M|100\/100\n|turn|5\n|-message|501JFW forfeited.\n|\n|win|Imnotagni\n|raw|501JFW's rating: 1668 &rarr; <strong>1643<\/strong><br \/>(-25 for losing)\n|raw|Imnotagni's rating: 1570 &rarr; <strong>1595<\/strong><br \/>(+25 for winning)\n|l|\u203d501JFW\n|player|p1|\n|l|\u2606Imnotagni\n|player|p2|\n|l| Pokuchu3\n|l| UltimoRyu\n","uploadtime":1737529346,"views":15,"formatid":"gen9vgc2025regg","rating":1595,"private":0,"password":null}