{"id":"gen9vgc2025regg-2285816938","format":"[Gen 9] VGC 2025 Reg G","players":["AnyaForger33","chappell murkroan"],"log":"|j|\u203dAnyaForger33\n|j|\u2606chappell murkroan\n|t:|1737528963\n|gametype|doubles\n|player|p1|AnyaForger33|caitlin|1609\n|player|p2|chappell murkroan|caitlin|1683\n|teamsize|p1|6\n|teamsize|p2|6\n|gen|9\n|tier|[Gen 9] VGC 2025 Reg G\n|rated|\n|rule|Species Clause: Limit one of each Pok\u00e9mon\n|rule|Item Clause: Limit 1 of each item\n|clearpoke\n|poke|p1|Ogerpon-Wellspring, L50, F|\n|poke|p1|Calyrex-Ice, L50|\n|poke|p1|Annihilape, L50, M|\n|poke|p1|Smeargle, L50, M|\n|poke|p1|Urshifu-*, L50, M|\n|poke|p1|Ursaluna-Bloodmoon, L50, M|\n|poke|p2|Miraidon, L50|\n|poke|p2|Chi-Yu, L50|\n|poke|p2|Whimsicott, L50, F|\n|poke|p2|Urshifu-*, L50, M|\n|poke|p2|Gothitelle, L50, F|\n|poke|p2|Kingambit, L50, F|\n|teampreview|4\n|inactive|Battle timer is ON: inactive players will automatically lose when time's up. (requested by chappell murkroan)\n|j| Pokuchu3\n|j| UltimoRyu\n|inactive|chappell murkroan has 60 seconds left.\n|\n|t:|1737529006\n|start\n|switch|p1a: Calyrex|Calyrex-Ice, L50|100\/100\n|switch|p1b: Smeargle|Smeargle, L50, M|100\/100\n|switch|p2a: Chi-Yu|Chi-Yu, L50|100\/100\n|switch|p2b: Gothitelle|Gothitelle, L50, F|100\/100\n|-ability|p1a: Calyrex|As One\n|-ability|p1a: Calyrex|Unnerve\n|-ability|p2a: Chi-Yu|Beads of Ruin\n|turn|1\n|inactive|AnyaForger33 has 30 seconds left.\n|\n|t:|1737529037\n|move|p2b: Gothitelle|Fake Out|p1a: Calyrex\n|-damage|p1a: Calyrex|97\/100\n|move|p2a: Chi-Yu|Heat Wave|p1a: Calyrex|[spread] p1a,p1b\n|-supereffective|p1a: Calyrex\n|-damage|p1a: Calyrex|0 fnt\n|-enditem|p1b: Smeargle|Focus Sash\n|-damage|p1b: Smeargle|1\/100\n|faint|p1a: Calyrex\n|move|p1b: Smeargle|Spore|p2a: Chi-Yu\n|-status|p2a: Chi-Yu|slp|[from] move: Spore\n|\n|upkeep\n|\n|t:|1737529050\n|switch|p1a: Ursaluna|Ursaluna-Bloodmoon, L50, M|100\/100\n|turn|2\n|\n|t:|1737529059\n|cant|p2a: Chi-Yu|slp\n|move|p2b: Gothitelle|Psychic|p1b: Smeargle\n|-damage|p1b: Smeargle|0 fnt\n|faint|p1b: Smeargle\n|move|p1a: Ursaluna|Hyper Voice|p2a: Chi-Yu|[spread] p2a,p2b\n|-damage|p2a: Chi-Yu|56\/100 slp\n|-damage|p2b: Gothitelle|41\/100\n|-damage|p1a: Ursaluna|91\/100|[from] item: Life Orb\n|\n|upkeep\n|\n|t:|1737529068\n|switch|p1b: Urshifu|Urshifu, L50, M|100\/100\n|turn|3\n|\n|t:|1737529076\n|move|p1b: Urshifu|Sucker Punch|p2a: Chi-Yu\n|-resisted|p2a: Chi-Yu\n|-damage|p2a: Chi-Yu|21\/100 slp\n|cant|p2a: Chi-Yu|slp\n|move|p2b: Gothitelle|Psychic|p1a: Ursaluna\n|-damage|p1a: Ursaluna|49\/100\n|move|p1a: Ursaluna|Hyper Voice|p2a: Chi-Yu|[spread] p2a,p2b\n|-damage|p2a: Chi-Yu|0 fnt\n|-damage|p2b: Gothitelle|0 fnt\n|faint|p2a: Chi-Yu\n|faint|p2b: Gothitelle\n|-damage|p1a: Ursaluna|40\/100|[from] item: Life Orb\n|\n|upkeep\n|\n|t:|1737529082\n|switch|p2a: Miraidon|Miraidon, L50|100\/100\n|switch|p2b: Kingambit|Kingambit, L50, F|100\/100\n|-fieldstart|move: Electric Terrain|[from] ability: Hadron Engine|[of] p2a: Miraidon\n|turn|4\n|inactive|AnyaForger33 has 30 seconds left.\n|inactive|chappell murkroan has 30 seconds left.\n|inactive|AnyaForger33 has 20 seconds left.\n|\n|t:|1737529119\n|-terastallize|p2a: Miraidon|Flying\n|-terastallize|p1b: Urshifu|Ghost\n|move|p1b: Urshifu|Sucker Punch|p2a: Miraidon\n|-damage|p2a: Miraidon|40\/100\n|move|p1a: Ursaluna|Vacuum Wave|p2b: Kingambit\n|-supereffective|p2b: Kingambit\n|-damage|p2b: Kingambit|45\/100\n|-damage|p1a: Ursaluna|30\/100|[from] item: Life Orb\n|move|p2a: Miraidon|Tera Blast|p1b: Urshifu|[anim] Tera Blast Flying\n|-damage|p1b: Urshifu|24\/100\n|move|p2b: Kingambit|Kowtow Cleave|p1a: Ursaluna\n|-damage|p1a: Ursaluna|0 fnt\n|faint|p1a: Ursaluna\n|\n|upkeep\n|turn|5\n|-message|AnyaForger33 forfeited.\n|\n|win|chappell murkroan\n|raw|AnyaForger33's rating: 1609 &rarr; <strong>1593<\/strong><br \/>(-16 for losing)\n|raw|chappell murkroan's rating: 1683 &rarr; <strong>1699<\/strong><br \/>(+16 for winning)\n|l|\u203dAnyaForger33\n|player|p1|\n|l| UltimoRyu\n|l| Pokuchu3\n","uploadtime":1737529346,"views":12,"formatid":"gen9vgc2025regg","rating":1593,"private":0,"password":null}