{"id":"gen9vgc2025regg-2285431271","format":"[Gen 9] VGC 2025 Reg G","players":["BLiiNDProdiigy","ggttmmhh"],"log":"|j|\u2606BLiiNDProdiigy\n|j|\u2606ggttmmhh\n|t:|1737481898\n|gametype|doubles\n|player|p1|BLiiNDProdiigy|rocketgrunt|1662\n|player|p2|ggttmmhh|266|1709\n|teamsize|p1|6\n|teamsize|p2|6\n|gen|9\n|tier|[Gen 9] VGC 2025 Reg G\n|rated|\n|rule|Species Clause: Limit one of each Pok\u00e9mon\n|rule|Item Clause: Limit 1 of each item\n|clearpoke\n|poke|p1|Terapagos, L50, M|\n|poke|p1|Incineroar, L50, F|\n|poke|p1|Rillaboom, L50, M|\n|poke|p1|Urshifu-*, L50, F|\n|poke|p1|Flutter Mane, L50|\n|poke|p1|Ogerpon-Hearthflame, L50, F|\n|poke|p2|Groudon, L50|\n|poke|p2|Gouging Fire, L50|\n|poke|p2|Chien-Pao, L50|\n|poke|p2|Urshifu-*, L50, F|\n|poke|p2|Volcarona, L50, M|\n|poke|p2|Raging Bolt, L50|\n|teampreview|4\n|\n|t:|1737481947\n|start\n|switch|p1a: Terapagos|Terapagos, L50, M|100\/100\n|switch|p1b: Incineroar|Incineroar, L50, F|100\/100\n|switch|p2a: Urshifu|Urshifu, L50, F|100\/100\n|switch|p2b: Raging Bolt|Raging Bolt, L50|100\/100\n|-activate|p1a: Terapagos|ability: Tera Shift\n|detailschange|p1a: Terapagos|Terapagos-Terastal, L50, M\n|-heal|p1a: Terapagos|100\/100|[silent]\n|-ability|p1b: Incineroar|Intimidate|boost\n|-unboost|p2a: Urshifu|atk|1\n|-unboost|p2b: Raging Bolt|atk|1\n|turn|1\n|j| mago193\n|inactive|Battle timer is ON: inactive players will automatically lose when time's up. (requested by BLiiNDProdiigy)\n|\n|t:|1737481986\n|switch|p2a: Groudon|Groudon, L50|100\/100\n|-weather|SunnyDay|[from] ability: Drought|[of] p2a: Groudon\n|-activate|p2b: Raging Bolt|ability: Protosynthesis\n|-start|p2b: Raging Bolt|protosynthesisspa\n|move|p2b: Raging Bolt|Thunderbolt|p1a: Terapagos\n|-activate|p1a: Terapagos|ability: Tera Shell\n|-resisted|p1a: Terapagos\n|-damage|p1a: Terapagos|63\/100\n|-damage|p2b: Raging Bolt|91\/100|[from] item: Life Orb\n|move|p1a: Terapagos|Calm Mind|p1a: Terapagos\n|-boost|p1a: Terapagos|spa|1\n|-boost|p1a: Terapagos|spd|1\n|move|p1b: Incineroar|Will-O-Wisp|p2a: Groudon\n|-status|p2a: Groudon|brn\n|\n|-weather|SunnyDay|[upkeep]\n|-heal|p1a: Terapagos|69\/100|[from] item: Leftovers\n|-damage|p2a: Groudon|95\/100 brn|[from] brn\n|upkeep\n|turn|2\n|\n|t:|1737482013\n|move|p1a: Terapagos|Protect|p1a: Terapagos\n|-singleturn|p1a: Terapagos|Protect\n|move|p2a: Groudon|Precipice Blades|p1a: Terapagos|[spread] \n|-activate|p1a: Terapagos|move: Protect\n|-miss|p2a: Groudon|p1b: Incineroar\n|move|p2b: Raging Bolt|Thunderbolt|p1b: Incineroar\n|-damage|p1b: Incineroar|24\/100\n|-damage|p2b: Raging Bolt|81\/100|[from] item: Life Orb\n|move|p1b: Incineroar|Parting Shot|p2b: Raging Bolt\n|-unboost|p2b: Raging Bolt|atk|1\n|-unboost|p2b: Raging Bolt|spa|1\n|\n|t:|1737482024\n|switch|p1b: Flutter Mane|Flutter Mane, L50|100\/100|[from] Parting Shot\n|-activate|p1b: Flutter Mane|ability: Protosynthesis\n|-start|p1b: Flutter Mane|protosynthesisspe\n|\n|-weather|SunnyDay|[upkeep]\n|-heal|p1a: Terapagos|75\/100|[from] item: Leftovers\n|-damage|p2a: Groudon|89\/100 brn|[from] brn\n|upkeep\n|turn|3\n|l| mago193\n|inactive|ggttmmhh has 30 seconds left.\n|inactive|ggttmmhh has 20 seconds left.\n|inactive|ggttmmhh has 15 seconds left.\n|inactive|ggttmmhh has 10 seconds left.\n|inactive|ggttmmhh has 5 seconds left.\n|\n|t:|1737482077\n|-terastallize|p1a: Terapagos|Stellar\n|detailschange|p1a: Terapagos|Terapagos-Stellar, L50, M, tera:Stellar\n|-heal|p1a: Terapagos|81\/100|[silent]\n|-ability|p1a: Terapagos|Teraform Zero\n|-weather|none\n|-end|p1b: Flutter Mane|Protosynthesis\n|-end|p2b: Raging Bolt|Protosynthesis\n|-enditem|p1b: Flutter Mane|Booster Energy\n|-activate|p1b: Flutter Mane|ability: Protosynthesis|[fromitem]\n|-start|p1b: Flutter Mane|protosynthesisspe\n|move|p2b: Raging Bolt|Thunderclap|p1b: Flutter Mane\n|-damage|p1b: Flutter Mane|68\/100\n|-damage|p2b: Raging Bolt|72\/100|[from] item: Life Orb\n|move|p1b: Flutter Mane|Moonblast|p2b: Raging Bolt\n|-supereffective|p2b: Raging Bolt\n|-damage|p2b: Raging Bolt|0 fnt\n|faint|p2b: Raging Bolt\n|-end|p2b: Raging Bolt|Protosynthesis|[silent]\n|move|p2a: Groudon|Heat Crash|p1b: Flutter Mane\n|-damage|p1b: Flutter Mane|34\/100\n|move|p1a: Terapagos|Tera Starstorm|p2a: Groudon\n|-damage|p2a: Groudon|43\/100 brn\n|\n|-heal|p1a: Terapagos|88\/100|[from] item: Leftovers\n|-damage|p2a: Groudon|37\/100 brn|[from] brn\n|upkeep\n|\n|t:|1737482102\n|switch|p2b: Gouging Fire|Gouging Fire, L50|100\/100\n|turn|4\n|inactive|ggttmmhh has 30 seconds left.\n|\n|t:|1737482127\n|move|p1b: Flutter Mane|Thunder Wave|p2b: Gouging Fire|[miss]\n|-miss|p1b: Flutter Mane|p2b: Gouging Fire\n|move|p2b: Gouging Fire|Flare Blitz|p1b: Flutter Mane\n|-damage|p1b: Flutter Mane|0 fnt\n|faint|p1b: Flutter Mane\n|-end|p1b: Flutter Mane|Protosynthesis|[silent]\n|-damage|p2b: Gouging Fire|91\/100|[from] Recoil\n|move|p2a: Groudon|High Horsepower|p1a: Terapagos\n|-damage|p1a: Terapagos|69\/100\n|move|p1a: Terapagos|Tera Starstorm|p2a: Groudon|[spread] p2a,p2b\n|-damage|p2a: Groudon|3\/100 brn\n|-damage|p2b: Gouging Fire|32\/100\n|\n|-heal|p1a: Terapagos|75\/100|[from] item: Leftovers\n|-damage|p2a: Groudon|0 fnt|[from] brn\n|faint|p2a: Groudon\n|upkeep\n|\n|t:|1737482135\n|switch|p1b: Incineroar|Incineroar, L50, F|24\/100\n|switch|p2a: Urshifu|Urshifu, L50, F|100\/100\n|-ability|p1b: Incineroar|Intimidate|boost\n|-unboost|p2a: Urshifu|atk|1\n|-fail|p2b: Gouging Fire|unboost|[from] item: Clear Amulet|[of] p2b: Gouging Fire\n|turn|5\n|\n|t:|1737482158\n|move|p2b: Gouging Fire|Burning Bulwark|p2b: Gouging Fire\n|-singleturn|p2b: Gouging Fire|move: Protect\n|move|p1b: Incineroar|Fake Out|p2a: Urshifu\n|-damage|p2a: Urshifu|90\/100\n|cant|p2a: Urshifu|flinch\n|move|p1a: Terapagos|Tera Starstorm|p2a: Urshifu|[spread] p2a\n|-activate|p2b: Gouging Fire|move: Protect\n|-damage|p2a: Urshifu|0 fnt\n|faint|p2a: Urshifu\n|\n|-heal|p1a: Terapagos|82\/100|[from] item: Leftovers\n|upkeep\n|turn|6\n|\n|t:|1737482168\n|move|p2b: Gouging Fire|Flare Blitz|p1a: Terapagos\n|-damage|p1a: Terapagos|51\/100\n|-status|p1a: Terapagos|brn\n|-damage|p2b: Gouging Fire|19\/100|[from] Recoil\n|move|p1a: Terapagos|Tera Starstorm|p2b: Gouging Fire\n|-damage|p2b: Gouging Fire|0 fnt\n|faint|p2b: Gouging Fire\n|-end|p2b: Gouging Fire|Protosynthesis|[silent]\n|\n|win|BLiiNDProdiigy\n|raw|BLiiNDProdiigy's rating: 1662 &rarr; <strong>1685<\/strong><br \/>(+23 for winning)\n|raw|ggttmmhh's rating: 1709 &rarr; <strong>1686<\/strong><br \/>(-23 for losing)\n|c|\u2606BLiiNDProdiigy|Gg\n|l|\u2606ggttmmhh\n|player|p2|\n|l|\u2606BLiiNDProdiigy\n|player|p1|\n","uploadtime":1737482438,"views":55,"formatid":"gen9vgc2025regg","rating":1685,"private":0,"password":null}