{"id":"gen9vgc2025regg-2285529263","format":"[Gen 9] VGC 2025 Reg G","players":["bertscai","i\u2764\u5a1c\u7984forever"],"log":"|j|\u2606bertscai\n|j|\u2606i\u2764\u5a1c\u7984forever\n|t:|1737491478\n|gametype|doubles\n|player|p1|bertscai|zinzolin|1585\n|player|p2|i\u2764\u5a1c\u7984forever|youngcouple|1599\n|teamsize|p1|6\n|teamsize|p2|6\n|gen|9\n|tier|[Gen 9] VGC 2025 Reg G\n|rated|\n|rule|Species Clause: Limit one of each Pok\u00e9mon\n|rule|Item Clause: Limit 1 of each item\n|clearpoke\n|poke|p1|Regidrago, L50|\n|poke|p1|Chi-Yu, L50|\n|poke|p1|Whimsicott, L50, M|\n|poke|p1|Ogerpon-Wellspring, L50, F|\n|poke|p1|Ditto, L50|\n|poke|p1|Zacian-*, L50|\n|poke|p2|Groudon, L50|\n|poke|p2|Farigiraf, L50, F|\n|poke|p2|Urshifu-*, L50, F|\n|poke|p2|Flutter Mane, L50|\n|poke|p2|Dragonite, L50, F|\n|poke|p2|Torkoal, L50, F|\n|teampreview|4\n|\n|t:|1737491508\n|start\n|switch|p1a: Whimsicott|Whimsicott, L50, M, shiny|100\/100\n|switch|p1b: Chi-Yu|Chi-Yu, L50|100\/100\n|switch|p2a: Farigiraf|Farigiraf, L50, F|100\/100\n|switch|p2b: Flutter Mane|Flutter Mane, L50|100\/100\n|-ability|p1b: Chi-Yu|Beads of Ruin\n|turn|1\n|inactive|Battle timer is ON: inactive players will automatically lose when time's up. (requested by bertscai)\n|\n|t:|1737491526\n|-terastallize|p2a: Farigiraf|Fairy\n|move|p1b: Chi-Yu|Heat Wave|p2b: Flutter Mane|[spread] p2a,p2b\n|-damage|p2a: Farigiraf|40\/100\n|-damage|p2b: Flutter Mane|36\/100\n|move|p1a: Whimsicott|Moonblast|p2a: Farigiraf\n|-damage|p2a: Farigiraf|7\/100\n|-enditem|p2a: Farigiraf|Wiki Berry|[eat]\n|-heal|p2a: Farigiraf|40\/100|[from] item: Wiki Berry\n|move|p2b: Flutter Mane|Dazzling Gleam|p1b: Chi-Yu|[spread] p1a,p1b\n|-damage|p1a: Whimsicott|24\/100\n|-damage|p1b: Chi-Yu|48\/100\n|move|p2a: Farigiraf|Trick Room|p2a: Farigiraf\n|-fieldstart|move: Trick Room|[of] p2a: Farigiraf\n|\n|upkeep\n|turn|2\n|\n|t:|1737491542\n|move|p1a: Whimsicott|Protect|p1a: Whimsicott\n|-singleturn|p1a: Whimsicott|Protect\n|move|p2a: Farigiraf|Hyper Voice|p1a: Whimsicott|[spread] p1b\n|-activate|p1a: Whimsicott|move: Protect\n|-damage|p1b: Chi-Yu|18\/100\n|move|p2b: Flutter Mane|Dazzling Gleam|p1b: Chi-Yu|[spread] p1b\n|-activate|p1a: Whimsicott|move: Protect\n|-damage|p1b: Chi-Yu|0 fnt\n|faint|p1b: Chi-Yu\n|\n|upkeep\n|\n|t:|1737491550\n|switch|p1b: Zacian|Zacian-Crowned, L50, shiny|100\/100\n|-ability|p1b: Zacian|Intrepid Sword|boost\n|-boost|p1b: Zacian|atk|1\n|turn|3\n|\n|t:|1737491558\n|move|p2a: Farigiraf|Hyper Voice|p1a: Whimsicott|[spread] p1a,p1b\n|-resisted|p1b: Zacian\n|-damage|p1a: Whimsicott|0 fnt\n|-damage|p1b: Zacian|89\/100\n|faint|p1a: Whimsicott\n|move|p2b: Flutter Mane|Dazzling Gleam|p1b: Zacian\n|-resisted|p1b: Zacian\n|-damage|p1b: Zacian|61\/100\n|move|p1b: Zacian|Behemoth Blade|p2b: Flutter Mane\n|-supereffective|p2b: Flutter Mane\n|-damage|p2b: Flutter Mane|0 fnt\n|faint|p2b: Flutter Mane\n|-end|p2b: Flutter Mane|Protosynthesis|[silent]\n|\n|upkeep\n|\n|t:|1737491569\n|switch|p2b: Groudon|Groudon, L50|100\/100\n|switch|p1a: Ditto|Ditto, L50, shiny|100\/100\n|-transform|p1a: Ditto|p2b: Groudon|[from] ability: Imposter\n|-weather|SunnyDay|[from] ability: Drought|[of] p1a: Ditto\n|turn|4\n|\n|t:|1737491579\n|move|p1b: Zacian|Protect|p1b: Zacian\n|-singleturn|p1b: Zacian|Protect\n|move|p2a: Farigiraf|Hyper Voice|p1a: Ditto|[spread] p1a\n|-activate|p1b: Zacian|move: Protect\n|-damage|p1a: Ditto|67\/100\n|move|p2b: Groudon|Precipice Blades|p1b: Zacian|[spread] p1a\n|-activate|p1b: Zacian|move: Protect\n|-damage|p1a: Ditto|20\/100\n|move|p1a: Ditto|Precipice Blades|p2b: Groudon|[spread] p2a,p2b\n|-damage|p2a: Farigiraf|0 fnt\n|-damage|p2b: Groudon|61\/100\n|faint|p2a: Farigiraf\n|\n|-weather|SunnyDay|[upkeep]\n|upkeep\n|l|\u2606bertscai\n|inactive|bertscai disconnected and has a minute to reconnect!\n|player|p1|\n|j|\u2606bertscai\n|inactive|bertscai reconnected.\n|player|p1|bertscai|zinzolin|\n|\n|t:|1737491593\n|switch|p2a: Dragonite|Dragonite, L50, F|100\/100\n|turn|5\n|\n|t:|1737491611\n|-terastallize|p1b: Zacian|Ground\n|move|p2a: Dragonite|Iron Head|p1a: Ditto\n|-damage|p1a: Ditto|0 fnt\n|faint|p1a: Ditto\n|move|p2b: Groudon|Heat Crash|p1b: Zacian\n|-damage|p1b: Zacian|26\/100\n|move|p1b: Zacian|Play Rough|p2a: Dragonite\n|-supereffective|p2a: Dragonite\n|-damage|p2a: Dragonite|34\/100\n|\n|-weather|SunnyDay|[upkeep]\n|-fieldend|move: Trick Room\n|upkeep\n|turn|6\n|-message|bertscai forfeited.\n|\n|win|i\u2764\u5a1c\u7984forever\n|raw|bertscai's rating: 1585 &rarr; <strong>1566<\/strong><br \/>(-19 for losing)\n|raw|i\u2764\u5a1c\u7984forever's rating: 1599 &rarr; <strong>1618<\/strong><br \/>(+19 for winning)\n|l|\u2606bertscai\n|player|p1|\n|l|\u2606i\u2764\u5a1c\u7984forever\n|player|p2|\n","uploadtime":1737491833,"views":14,"formatid":"gen9vgc2025regg","rating":1566,"private":0,"password":null}