{"id":"gen9vgc2025regg-2285875362","format":"[Gen 9] VGC 2025 Reg G","players":["SPADE61","girigiripeter"],"log":"|j|\u2606SPADE61\n|j|\u2606girigiripeter\n|t:|1737539883\n|gametype|doubles\n|player|p1|SPADE61|2|1681\n|player|p2|girigiripeter|266|1572\n|teamsize|p1|6\n|teamsize|p2|6\n|gen|9\n|tier|[Gen 9] VGC 2025 Reg G\n|rated|\n|rule|Species Clause: Limit one of each Pok\u00e9mon\n|rule|Item Clause: Limit 1 of each item\n|clearpoke\n|poke|p1|Lunala, L50|\n|poke|p1|Indeedee-F, L50, F|\n|poke|p1|Urshifu-*, L50, F|\n|poke|p1|Ursaluna, L50, M|\n|poke|p1|Gallade, L50, M|\n|poke|p1|Incineroar, L50, M|\n|poke|p2|Miraidon, L50|\n|poke|p2|Farigiraf, L50, M|\n|poke|p2|Ogerpon-Hearthflame, L50, F|\n|poke|p2|Tornadus, L50, M|\n|poke|p2|Urshifu-*, L50, F|\n|poke|p2|Iron Treads, L50|\n|teampreview|4\n|j| WattoVGC\n|\n|t:|1737539934\n|start\n|switch|p1a: Lunala|Lunala, L50|100\/100\n|switch|p1b: Indeedee|Indeedee-F, L50, F|100\/100\n|switch|p2a: Miraidon|Miraidon, L50|100\/100\n|switch|p2b: Farigiraf|Farigiraf, L50, M|100\/100\n|-fieldstart|move: Electric Terrain|[from] ability: Hadron Engine|[of] p2a: Miraidon\n|-enditem|p2b: Farigiraf|Electric Seed\n|-boost|p2b: Farigiraf|def|1|[from] item: Electric Seed\n|-fieldstart|move: Psychic Terrain|[from] ability: Psychic Surge|[of] p1b: Indeedee\n|turn|1\n|\n|t:|1737539980\n|switch|p1b: Ursaluna|Ursaluna, L50, M|100\/100\n|-terastallize|p1a: Lunala|Fairy\n|move|p2a: Miraidon|Volt Switch|p1a: Lunala\n|-damage|p1a: Lunala|77\/100\n|\n|t:|1737539988\n|switch|p2a: Urshifu|Urshifu-Rapid-Strike, L50, F|100\/100|[from] Volt Switch\n|move|p1a: Lunala|Meteor Beam||[still]\n|-prepare|p1a: Lunala|Meteor Beam\n|-boost|p1a: Lunala|spa|1\n|-enditem|p1a: Lunala|Power Herb\n|-anim|p1a: Lunala|Meteor Beam|p2a: Urshifu\n|-resisted|p2a: Urshifu\n|-damage|p2a: Urshifu|57\/100\n|move|p2b: Farigiraf|Foul Play|p1a: Lunala\n|-resisted|p1a: Lunala\n|-damage|p1a: Lunala|69\/100\n|\n|-status|p1b: Ursaluna|brn|[from] item: Flame Orb\n|upkeep\n|turn|2\n|\n|t:|1737540044\n|move|p2b: Farigiraf|Helping Hand|p2a: Urshifu\n|-singleturn|p2a: Urshifu|Helping Hand|[of] p2b: Farigiraf\n|move|p2a: Urshifu|Surging Strikes|p1a: Lunala\n|-crit|p1a: Lunala\n|-damage|p1a: Lunala|40\/100\n|-crit|p1a: Lunala\n|-damage|p1a: Lunala|8\/100\n|-crit|p1a: Lunala\n|-damage|p1a: Lunala|0 fnt\n|faint|p1a: Lunala\n|-hitcount|p1: Lunala|3\n|move|p1b: Ursaluna|Facade|p2a: Urshifu\n|-damage|p2a: Urshifu|0 fnt\n|faint|p2a: Urshifu\n|\n|-damage|p1b: Ursaluna|95\/100 brn|[from] brn\n|upkeep\n|\n|t:|1737540072\n|switch|p2a: Ogerpon|Ogerpon-Hearthflame, L50, F|100\/100\n|switch|p1a: Indeedee|Indeedee-F, L50, F|100\/100\n|-ability|p2a: Ogerpon|Mold Breaker\n|turn|3\n|\n|t:|1737540120\n|switch|p1a: Incineroar|Incineroar, L50, M|100\/100\n|-ability|p1a: Incineroar|Intimidate|boost\n|-unboost|p2a: Ogerpon|atk|1\n|-unboost|p2b: Farigiraf|atk|1\n|-terastallize|p2a: Ogerpon|Fire\n|detailschange|p2a: Ogerpon|Ogerpon-Hearthflame-Tera, L50, F, tera:Fire\n|-ability|p2a: Ogerpon|Embody Aspect (Hearthflame)|boost\n|-boost|p2a: Ogerpon|atk|1\n|move|p2a: Ogerpon|Ivy Cudgel|p1a: Incineroar|[anim] Ivy Cudgel Fire\n|-resisted|p1a: Incineroar\n|-damage|p1a: Incineroar|75\/100\n|move|p2b: Farigiraf|Psychic Noise|p1b: Ursaluna\n|-damage|p1b: Ursaluna|65\/100 brn\n|-start|p1b: Ursaluna|move: Heal Block\n|move|p1b: Ursaluna|Facade|p2a: Ogerpon\n|-damage|p2a: Ogerpon|0 fnt\n|faint|p2a: Ogerpon\n|\n|-damage|p1b: Ursaluna|59\/100 brn|[from] brn\n|upkeep\n|\n|t:|1737540136\n|switch|p2a: Miraidon|Miraidon, L50|100\/100\n|-fieldstart|move: Electric Terrain|[from] ability: Hadron Engine|[of] p2a: Miraidon\n|turn|4\n|\n|t:|1737540166\n|move|p1b: Ursaluna|Protect|p1b: Ursaluna\n|-singleturn|p1b: Ursaluna|Protect\n|move|p2a: Miraidon|Draco Meteor|p1a: Incineroar\n|-damage|p1a: Incineroar|0 fnt\n|-unboost|p2a: Miraidon|spa|2\n|faint|p1a: Incineroar\n|move|p2b: Farigiraf|Foul Play|p1b: Ursaluna\n|-activate|p1b: Ursaluna|move: Protect\n|\n|-damage|p1b: Ursaluna|53\/100 brn|[from] brn\n|-end|p1b: Ursaluna|move: Heal Block\n|upkeep\n|\n|t:|1737540179\n|switch|p1a: Indeedee|Indeedee-F, L50, F|100\/100\n|-fieldstart|move: Psychic Terrain|[from] ability: Psychic Surge|[of] p1a: Indeedee\n|turn|5\n|\n|t:|1737540188\n|move|p2b: Farigiraf|Helping Hand|p2a: Miraidon\n|-singleturn|p2a: Miraidon|Helping Hand|[of] p2b: Farigiraf\n|move|p1a: Indeedee|Follow Me|p1a: Indeedee\n|-singleturn|p1a: Indeedee|move: Follow Me\n|move|p2a: Miraidon|Draco Meteor|p1a: Indeedee\n|-damage|p1a: Indeedee|19\/100\n|-unboost|p2a: Miraidon|spa|2\n|move|p1b: Ursaluna|Facade|p2a: Miraidon\n|-damage|p2a: Miraidon|0 fnt\n|faint|p2a: Miraidon\n|\n|-damage|p1b: Ursaluna|47\/100 brn|[from] brn\n|upkeep\n|turn|6\n|\n|t:|1737540207\n|move|p1a: Indeedee|Heal Pulse|p1b: Ursaluna\n|-heal|p1b: Ursaluna|97\/100 brn\n|move|p2b: Farigiraf|Foul Play|p1a: Indeedee\n|-supereffective|p1a: Indeedee\n|-damage|p1a: Indeedee|0 fnt\n|-damage|p2b: Farigiraf|84\/100|[from] item: Rocky Helmet|[of] p1a: Indeedee\n|faint|p1a: Indeedee\n|move|p1b: Ursaluna|Facade|p2b: Farigiraf\n|-damage|p2b: Farigiraf|19\/100\n|\n|-damage|p1b: Ursaluna|92\/100 brn|[from] brn\n|upkeep\n|turn|7\n|\n|t:|1737540221\n|move|p2b: Farigiraf|Foul Play|p1b: Ursaluna\n|-damage|p1b: Ursaluna|64\/100 brn\n|move|p1b: Ursaluna|Facade|p2b: Farigiraf\n|-damage|p2b: Farigiraf|0 fnt\n|faint|p2b: Farigiraf\n|\n|win|SPADE61\n|raw|SPADE61's rating: 1681 &rarr; <strong>1695<\/strong><br \/>(+14 for winning)\n|raw|girigiripeter's rating: 1572 &rarr; <strong>1558<\/strong><br \/>(-14 for losing)\n|l|\u2606girigiripeter\n|player|p2|\n","uploadtime":1737540453,"views":22,"formatid":"gen9vgc2025regg","rating":1558,"private":0,"password":null}