{"id":"gen9vgc2025regg-2285156238","format":"[Gen 9] VGC 2025 Reg G","players":["vincy18","pig duck eater"],"log":"|j|\u2606vincy18\n|j|\u2606pig duck eater\n|t:|1737444711\n|gametype|doubles\n|player|p1|vincy18|will|1635\n|player|p2|pig duck eater|266|1649\n|teamsize|p1|6\n|teamsize|p2|6\n|gen|9\n|tier|[Gen 9] VGC 2025 Reg G\n|rated|\n|rule|Species Clause: Limit one of each Pok\u00e9mon\n|rule|Item Clause: Limit 1 of each item\n|clearpoke\n|poke|p1|Zamazenta-*, L50|\n|poke|p1|Chien-Pao, L50|\n|poke|p1|Flutter Mane, L50|\n|poke|p1|Chi-Yu, L50|\n|poke|p1|Amoonguss, L50, M|\n|poke|p1|Raging Bolt, L50|\n|poke|p2|Wyrdeer, L50, M|\n|poke|p2|Weezing-Galar, L50, M|\n|poke|p2|Thundurus-Therian, L50, M|\n|poke|p2|Kyogre, L50|\n|poke|p2|Indeedee-F, L50, F|\n|poke|p2|Urshifu-*, L50, M|\n|teampreview|4\n|\n|t:|1737444757\n|start\n|switch|p1a: Zamazenta|Zamazenta-Crowned, L50|100\/100\n|switch|p1b: Amoonguss|Amoonguss, L50, M|100\/100\n|switch|p2a: Kyogre|Kyogre, L50|100\/100\n|switch|p2b: Indeedee|Indeedee-F, L50, F|100\/100\n|-weather|RainDance|[from] ability: Drizzle|[of] p2a: Kyogre\n|-ability|p1a: Zamazenta|Dauntless Shield|boost\n|-boost|p1a: Zamazenta|def|1\n|-fieldstart|move: Psychic Terrain|[from] ability: Psychic Surge|[of] p2b: Indeedee\n|turn|1\n|\n|t:|1737444784\n|-terastallize|p1a: Zamazenta|Dragon\n|move|p2a: Kyogre|Icy Wind|p1b: Amoonguss|[spread] p1a,p1b\n|-supereffective|p1a: Zamazenta\n|-supereffective|p1b: Amoonguss\n|-damage|p1a: Zamazenta|75\/100\n|-damage|p1b: Amoonguss|72\/100\n|-unboost|p1a: Zamazenta|spe|1\n|-unboost|p1b: Amoonguss|spe|1\n|move|p1a: Zamazenta|Body Press|p2b: Indeedee\n|-damage|p2b: Indeedee|24\/100\n|-damage|p1a: Zamazenta|59\/100|[from] item: Rocky Helmet|[of] p2b: Indeedee\n|move|p2b: Indeedee|Psychic|p1b: Amoonguss\n|-supereffective|p1b: Amoonguss\n|-damage|p1b: Amoonguss|0 fnt\n|faint|p1b: Amoonguss\n|\n|-weather|RainDance|[upkeep]\n|upkeep\n|j| Antest\n|\n|t:|1737444799\n|switch|p1b: Raging Bolt|Raging Bolt, L50|100\/100\n|turn|2\n|\n|t:|1737444813\n|move|p2b: Indeedee|Follow Me|p2b: Indeedee\n|-singleturn|p2b: Indeedee|move: Follow Me\n|move|p2a: Kyogre|Icy Wind|p1b: Raging Bolt|[spread] p1a,p1b\n|-supereffective|p1a: Zamazenta\n|-supereffective|p1b: Raging Bolt\n|-damage|p1a: Zamazenta|36\/100\n|-damage|p1b: Raging Bolt|83\/100\n|-unboost|p1a: Zamazenta|spe|1\n|-unboost|p1b: Raging Bolt|spe|1\n|move|p1a: Zamazenta|Body Press|p2b: Indeedee\n|-damage|p2b: Indeedee|0 fnt\n|-damage|p1a: Zamazenta|20\/100|[from] item: Rocky Helmet|[of] p2b: Indeedee\n|faint|p2b: Indeedee\n|move|p1b: Raging Bolt|Snarl|p2a: Kyogre\n|-damage|p2a: Kyogre|85\/100\n|-unboost|p2a: Kyogre|spa|1\n|\n|-weather|RainDance|[upkeep]\n|upkeep\n|\n|t:|1737444829\n|switch|p2b: Urshifu|Urshifu-Rapid-Strike, L50, M|100\/100\n|turn|3\n|\n|t:|1737444842\n|switch|p2a: Wyrdeer|Wyrdeer, L50, M|100\/100\n|-ability|p2a: Wyrdeer|Intimidate|boost\n|-unboost|p1a: Zamazenta|atk|1\n|-unboost|p1b: Raging Bolt|atk|1\n|-enditem|p2a: Wyrdeer|Psychic Seed\n|-boost|p2a: Wyrdeer|spd|1|[from] item: Psychic Seed\n|-terastallize|p2b: Urshifu|Poison\n|move|p1a: Zamazenta|Wide Guard|p1a: Zamazenta\n|-singleturn|p1a: Zamazenta|Wide Guard\n|move|p2b: Urshifu|Surging Strikes|p1a: Zamazenta\n|-resisted|p1a: Zamazenta\n|-crit|p1a: Zamazenta\n|-damage|p1a: Zamazenta|11\/100\n|-resisted|p1a: Zamazenta\n|-crit|p1a: Zamazenta\n|-damage|p1a: Zamazenta|2\/100\n|-resisted|p1a: Zamazenta\n|-crit|p1a: Zamazenta\n|-damage|p1a: Zamazenta|0 fnt\n|faint|p1a: Zamazenta\n|-hitcount|p1: Zamazenta|3\n|move|p1b: Raging Bolt|Thunderbolt|p2b: Urshifu\n|-damage|p2b: Urshifu|57\/100\n|\n|-weather|RainDance|[upkeep]\n|upkeep\n|\n|t:|1737444861\n|switch|p1a: Chien-Pao|Chien-Pao, L50|100\/100\n|-ability|p1a: Chien-Pao|Sword of Ruin\n|turn|4\n|\n|t:|1737444878\n|move|p1b: Raging Bolt|Thunderclap|p2b: Urshifu\n|-activate|p2b: Urshifu|move: Psychic Terrain\n|move|p1a: Chien-Pao|Ice Spinner|p2b: Urshifu\n|-damage|p2b: Urshifu|14\/100\n|-fieldend|move: Psychic Terrain\n|move|p2b: Urshifu|Surging Strikes|p1a: Chien-Pao\n|-crit|p1a: Chien-Pao\n|-damage|p1a: Chien-Pao|62\/100\n|-crit|p1a: Chien-Pao\n|-damage|p1a: Chien-Pao|20\/100\n|-crit|p1a: Chien-Pao\n|-damage|p1a: Chien-Pao|0 fnt\n|faint|p1a: Chien-Pao\n|-hitcount|p1: Chien-Pao|3\n|move|p2a: Wyrdeer|Gravity|p2a: Wyrdeer\n|-fieldstart|move: Gravity\n|\n|-weather|RainDance|[upkeep]\n|upkeep\n|turn|5\n|\n|t:|1737444893\n|move|p2b: Urshifu|Detect|p2b: Urshifu\n|-singleturn|p2b: Urshifu|Protect\n|move|p1b: Raging Bolt|Thunderbolt|p2b: Urshifu\n|-activate|p2b: Urshifu|move: Protect\n|move|p2a: Wyrdeer|Hypnosis|p1b: Raging Bolt\n|-status|p1b: Raging Bolt|slp|[from] move: Hypnosis\n|\n|-weather|none\n|upkeep\n|turn|6\n|\n|t:|1737444903\n|move|p2b: Urshifu|Drain Punch|p1b: Raging Bolt\n|-damage|p1b: Raging Bolt|56\/100 slp\n|-heal|p2b: Urshifu|29\/100|[from] drain|[of] p1b: Raging Bolt\n|cant|p1b: Raging Bolt|slp\n|move|p2a: Wyrdeer|Expanding Force|p1b: Raging Bolt\n|-damage|p1b: Raging Bolt|41\/100 slp\n|\n|upkeep\n|turn|7\n|\n|t:|1737444914\n|move|p2b: Urshifu|Drain Punch|p1b: Raging Bolt\n|-damage|p1b: Raging Bolt|13\/100 slp\n|-heal|p2b: Urshifu|45\/100|[from] drain|[of] p1b: Raging Bolt\n|cant|p1b: Raging Bolt|slp\n|move|p2a: Wyrdeer|Expanding Force|p1b: Raging Bolt\n|-damage|p1b: Raging Bolt|0 fnt\n|faint|p1b: Raging Bolt\n|-end|p1b: Raging Bolt|Protosynthesis|[silent]\n|\n|win|pig duck eater\n|raw|vincy18's rating: 1635 &rarr; <strong>1616<\/strong><br \/>(-19 for losing)\n|raw|pig duck eater's rating: 1649 &rarr; <strong>1668<\/strong><br \/>(+19 for winning)\n|l|\u2606vincy18\n|player|p1|\n|l|\u2606pig duck eater\n|player|p2|\n","uploadtime":1737445073,"views":22,"formatid":"gen9vgc2025regg","rating":1616,"private":0,"password":null}