{"id":"gen9vgc2025regg-2285551676","format":"[Gen 9] VGC 2025 Reg G","players":["Irishtesting4","i\u2764\u5a1c\u7984forever"],"log":"|j|\u2606Irishtesting4\n|j|\u2606i\u2764\u5a1c\u7984forever\n|t:|1737493762\n|gametype|doubles\n|player|p1|Irishtesting4|1|1546\n|player|p2|i\u2764\u5a1c\u7984forever|youngcouple|1664\n|teamsize|p1|6\n|teamsize|p2|6\n|gen|9\n|tier|[Gen 9] VGC 2025 Reg G\n|rated|\n|rule|Species Clause: Limit one of each Pok\u00e9mon\n|rule|Item Clause: Limit 1 of each item\n|clearpoke\n|poke|p1|Calyrex-Ice, L50|\n|poke|p1|Raging Bolt, L50|\n|poke|p1|Flutter Mane, L50|\n|poke|p1|Urshifu-*, L50, M|\n|poke|p1|Chi-Yu, L50|\n|poke|p1|Ogerpon-Cornerstone, L50, F|\n|poke|p2|Groudon, L50|\n|poke|p2|Farigiraf, L50, F|\n|poke|p2|Urshifu-*, L50, M|\n|poke|p2|Flutter Mane, L50|\n|poke|p2|Dragonite, L50, F|\n|poke|p2|Torkoal, L50, M|\n|teampreview|4\n|inactive|Battle timer is ON: inactive players will automatically lose when time's up. (requested by i\u2764\u5a1c\u7984forever)\n|\n|t:|1737493809\n|start\n|switch|p1a: Chi-Yu|Chi-Yu, L50|100\/100\n|switch|p1b: Raging Bolt|Raging Bolt, L50|100\/100\n|switch|p2a: Groudon|Groudon, L50|100\/100\n|switch|p2b: Flutter Mane|Flutter Mane, L50|100\/100\n|-ability|p1a: Chi-Yu|Beads of Ruin\n|-weather|SunnyDay|[from] ability: Drought|[of] p2a: Groudon\n|-activate|p2b: Flutter Mane|ability: Protosynthesis\n|-start|p2b: Flutter Mane|protosynthesisspa\n|-activate|p1b: Raging Bolt|ability: Protosynthesis\n|-start|p1b: Raging Bolt|protosynthesisspa\n|turn|1\n|\n|t:|1737493830\n|-terastallize|p1a: Chi-Yu|Grass\n|move|p1b: Raging Bolt|Protect|p1b: Raging Bolt\n|-singleturn|p1b: Raging Bolt|Protect\n|move|p2b: Flutter Mane|Dazzling Gleam|p1b: Raging Bolt|[spread] p1a\n|-activate|p1b: Raging Bolt|move: Protect\n|-damage|p1a: Chi-Yu|36\/100\n|move|p1a: Chi-Yu|Snarl|p2a: Groudon|[spread] p2b\n|-miss|p1a: Chi-Yu|p2a: Groudon\n|-damage|p2b: Flutter Mane|78\/100\n|-unboost|p2b: Flutter Mane|spa|1\n|move|p2a: Groudon|Precipice Blades|p1a: Chi-Yu|[spread] p1a\n|-activate|p1b: Raging Bolt|move: Protect\n|-resisted|p1a: Chi-Yu\n|-damage|p1a: Chi-Yu|0 fnt\n|faint|p1a: Chi-Yu\n|\n|-weather|SunnyDay|[upkeep]\n|upkeep\n|\n|t:|1737493848\n|switch|p1a: Flutter Mane|Flutter Mane, L50|100\/100\n|-activate|p1a: Flutter Mane|ability: Protosynthesis\n|-start|p1a: Flutter Mane|protosynthesisspe\n|turn|2\n|\n|t:|1737493855\n|-terastallize|p2a: Groudon|Fire\n|move|p1a: Flutter Mane|Icy Wind|p2a: Groudon|[spread] p2a,p2b\n|-resisted|p2a: Groudon\n|-damage|p2a: Groudon|97\/100\n|-damage|p2b: Flutter Mane|67\/100\n|-unboost|p2a: Groudon|spe|1\n|-unboost|p2b: Flutter Mane|spe|1\n|move|p2b: Flutter Mane|Dazzling Gleam|p1a: Flutter Mane|[spread] p1a,p1b\n|-supereffective|p1b: Raging Bolt\n|-damage|p1a: Flutter Mane|66\/100\n|-damage|p1b: Raging Bolt|29\/100\n|move|p1b: Raging Bolt|Draco Meteor|p2a: Groudon\n|-damage|p2a: Groudon|18\/100\n|-unboost|p1b: Raging Bolt|spa|2\n|-damage|p1b: Raging Bolt|19\/100|[from] item: Life Orb\n|move|p2a: Groudon|Precipice Blades|p1b: Raging Bolt|[spread] p1a,p1b\n|-supereffective|p1b: Raging Bolt\n|-crit|p1b: Raging Bolt\n|-damage|p1a: Flutter Mane|0 fnt\n|-damage|p1b: Raging Bolt|0 fnt\n|faint|p1a: Flutter Mane\n|-end|p1a: Flutter Mane|Protosynthesis|[silent]\n|faint|p1b: Raging Bolt\n|-end|p1b: Raging Bolt|Protosynthesis|[silent]\n|\n|-weather|SunnyDay|[upkeep]\n|upkeep\n|\n|t:|1737493861\n|switch|p1b: Calyrex|Calyrex-Ice, L50|100\/100\n|-ability|p1b: Calyrex|As One\n|-ability|p1b: Calyrex|Unnerve\n|turn|3\n|\n|t:|1737493883\n|switch|p2a: Dragonite|Dragonite, L50, F|100\/100\n|move|p2b: Flutter Mane|Dazzling Gleam|p1b: Calyrex\n|-damage|p1b: Calyrex|62\/100\n|move|p1b: Calyrex|Glacial Lance|p2b: Flutter Mane|[spread] p2a,p2b\n|-supereffective|p2a: Dragonite\n|-damage|p2a: Dragonite|0 fnt\n|-damage|p2b: Flutter Mane|0 fnt\n|faint|p2a: Dragonite\n|faint|p2b: Flutter Mane\n|-end|p2b: Flutter Mane|Protosynthesis|[silent]\n|-ability|p1b: Calyrex|Chilling Neigh|boost\n|-boost|p1b: Calyrex|atk|2\n|\n|-weather|SunnyDay|[upkeep]\n|upkeep\n|\n|t:|1737493893\n|switch|p2b: Torkoal|Torkoal, L50, M|100\/100\n|switch|p2a: Groudon|Groudon, L50, tera:Fire|18\/100\n|turn|4\n|\n|t:|1737493908\n|move|p2a: Groudon|Crunch|p1b: Calyrex\n|-supereffective|p1b: Calyrex\n|-damage|p1b: Calyrex|24\/100\n|move|p1b: Calyrex|Glacial Lance|p2b: Torkoal|[spread] p2a,p2b\n|-resisted|p2a: Groudon\n|-resisted|p2b: Torkoal\n|-damage|p2a: Groudon|0 fnt\n|-damage|p2b: Torkoal|57\/100\n|faint|p2a: Groudon\n|-ability|p1b: Calyrex|Chilling Neigh|boost\n|-boost|p1b: Calyrex|atk|1\n|move|p2b: Torkoal|Earth Power|p1b: Calyrex\n|-damage|p1b: Calyrex|2\/100\n|-damage|p2b: Torkoal|48\/100|[from] item: Life Orb\n|\n|-weather|SunnyDay|[upkeep]\n|upkeep\n|turn|5\n|c|\u2606Irishtesting4|WHAT\n|c|\u2606Irishtesting4|HOW\n|\n|t:|1737493924\n|move|p1b: Calyrex|Glacial Lance|p2b: Torkoal\n|-resisted|p2b: Torkoal\n|-damage|p2b: Torkoal|0 fnt\n|faint|p2b: Torkoal\n|\n|win|Irishtesting4\n|raw|Irishtesting4's rating: 1546 &rarr; <strong>1573<\/strong><br \/>(+27 for winning)\n|raw|i\u2764\u5a1c\u7984forever's rating: 1664 &rarr; <strong>1637<\/strong><br \/>(-27 for losing)\n|l|\u2606i\u2764\u5a1c\u7984forever\n|player|p2|\n|l|\u2606Irishtesting4\n|player|p1|\n","uploadtime":1737494196,"views":10,"formatid":"gen9vgc2025regg","rating":1573,"private":0,"password":null}