{"id":"gen9vgc2025regg-2285537259","format":"[Gen 9] VGC 2025 Reg G","players":["juacox300","Mildly Displeased"],"log":"|j|\u2606juacox300\n|j|\u2606Mildly Displeased\n|t:|1737492308\n|gametype|doubles\n|player|p1|juacox300|unknown|1515\n|player|p2|Mildly Displeased|lillie|1571\n|teamsize|p1|6\n|teamsize|p2|6\n|gen|9\n|tier|[Gen 9] VGC 2025 Reg G\n|rated|\n|rule|Species Clause: Limit one of each Pok\u00e9mon\n|rule|Item Clause: Limit 1 of each item\n|clearpoke\n|poke|p1|Iron Hands, L50|\n|poke|p1|Alcremie, L50, F|\n|poke|p1|Miraidon, L50|\n|poke|p1|Murkrow, L50, M|\n|poke|p1|Chi-Yu, L50|\n|poke|p1|Vikavolt, L50, F|\n|poke|p2|Primarina, L50, M|\n|poke|p2|Talonflame, L50, F|\n|poke|p2|Zamazenta-*, L50|\n|poke|p2|Rillaboom, L50, F|\n|poke|p2|Iron Treads, L50|\n|poke|p2|Entei, L50|\n|teampreview|4\n|inactive|Battle timer is ON: inactive players will automatically lose when time's up. (requested by Mildly Displeased)\nMildly Displeased rejected open team sheets.\n|\n|t:|1737492346\n|start\n|switch|p1a: Iron Hands|Iron Hands, L50|100\/100\n|switch|p1b: Alcremie|Alcremie, L50, F|100\/100\n|switch|p2a: Tankie|Iron Treads, L50|100\/100\n|switch|p2b: Phoenix|Talonflame, L50, F, shiny|100\/100\n|-enditem|p2a: Tankie|Booster Energy\n|-activate|p2a: Tankie|ability: Quark Drive|[fromitem]\n|-start|p2a: Tankie|quarkdrivespe\n|turn|1\n|\n|t:|1737492370\n|move|p1a: Iron Hands|Fake Out|p2a: Tankie\n|-resisted|p2a: Tankie\n|-damage|p2a: Tankie|93\/100\n|cant|p2a: Tankie|flinch\n|move|p2b: Phoenix|Taunt|p1b: Alcremie\n|-block|p1b: Alcremie|ability: Aroma Veil|[of] p1b: Alcremie\n|move|p1b: Alcremie|Encore|p2b: Phoenix\n|-start|p2b: Phoenix|Encore\n|\n|upkeep\n|turn|2\n|\n|t:|1737492393\n|switch|p2b: Mullet Mania|Entei, L50|100\/100\n|-terastallize|p2a: Tankie|Ground\n|move|p2a: Tankie|High Horsepower|p1a: Iron Hands\n|-supereffective|p1a: Iron Hands\n|-damage|p1a: Iron Hands|20\/100\n|move|p1b: Alcremie|Decorate|p1a: Iron Hands\n|-boost|p1a: Iron Hands|atk|2\n|-boost|p1a: Iron Hands|spa|2\n|move|p1a: Iron Hands|Drain Punch|p2a: Tankie\n|-damage|p2a: Tankie|17\/100\n|-heal|p1a: Iron Hands|44\/100|[from] drain|[of] p2a: Tankie\n|\n|upkeep\n|turn|3\n|\n|t:|1737492410\n|move|p2a: Tankie|High Horsepower|p1a: Iron Hands\n|-supereffective|p1a: Iron Hands\n|-damage|p1a: Iron Hands|0 fnt\n|faint|p1a: Iron Hands\n|-end|p1a: Iron Hands|Quark Drive|[silent]\n|move|p2b: Mullet Mania|Sacred Fire|p1b: Alcremie\n|-damage|p1b: Alcremie|24\/100\n|-damage|p2b: Mullet Mania|91\/100|[from] item: Life Orb\n|move|p1b: Alcremie|Alluring Voice|p2a: Tankie\n|-damage|p2a: Tankie|0 fnt\n|faint|p2a: Tankie\n|-end|p2a: Tankie|Quark Drive|[silent]\n|\n|upkeep\n|\n|t:|1737492422\n|switch|p2a: Phoenix|Talonflame, L50, F, shiny|100\/100\n|switch|p1a: Miraidon|Miraidon, L50|100\/100\n|-fieldstart|move: Electric Terrain|[from] ability: Hadron Engine|[of] p1a: Miraidon\n|turn|4\n|\n|t:|1737492433\n|-terastallize|p1a: Miraidon|Fairy\n|move|p2b: Mullet Mania|Protect|p2b: Mullet Mania\n|-singleturn|p2b: Mullet Mania|Protect\n|move|p2a: Phoenix|Tailwind|p2a: Phoenix\n|-sidestart|p2: Mildly Displeased|move: Tailwind\n|move|p1a: Miraidon|Electro Drift|p2b: Mullet Mania\n|-activate|p2b: Mullet Mania|move: Protect\n|move|p1b: Alcremie|Encore|p2a: Phoenix\n|-start|p2a: Phoenix|Encore\n|\n|upkeep\n|turn|5\n|\n|t:|1737492448\n|switch|p2a: Knotweed|Rillaboom, L50, F|100\/100\n|-fieldstart|move: Grassy Terrain|[from] ability: Grassy Surge|[of] p2a: Knotweed\n|move|p2b: Mullet Mania|Sacred Fire|p1a: Miraidon\n|-damage|p1a: Miraidon|24\/100\n|-damage|p2b: Mullet Mania|81\/100|[from] item: Life Orb\n|move|p1a: Miraidon|Electro Drift|p2b: Mullet Mania\n|-damage|p2b: Mullet Mania|16\/100\n|-damage|p1a: Miraidon|14\/100|[from] item: Life Orb\n|move|p1b: Alcremie|Endeavor|p2a: Knotweed\n|-damage|p2a: Knotweed|19\/100\n|\n|-heal|p2b: Mullet Mania|22\/100|[from] Grassy Terrain\n|-heal|p2a: Knotweed|25\/100|[from] Grassy Terrain\n|-heal|p1a: Miraidon|20\/100|[from] Grassy Terrain\n|-heal|p1b: Alcremie|29\/100|[from] Grassy Terrain\n|upkeep\n|turn|6\n|\n|t:|1737492466\n|switch|p1a: Chi-Yu|Chi-Yu, L50|100\/100\n|-ability|p1a: Chi-Yu|Beads of Ruin\n|move|p2a: Knotweed|Grassy Glide|p1a: Chi-Yu\n|-resisted|p1a: Chi-Yu\n|-damage|p1a: Chi-Yu|68\/100\n|move|p2b: Mullet Mania|Sacred Fire|p1b: Alcremie\n|-damage|p1b: Alcremie|0 fnt\n|faint|p1b: Alcremie\n|-damage|p2b: Mullet Mania|12\/100|[from] item: Life Orb\n|\n|-heal|p2b: Mullet Mania|18\/100|[from] Grassy Terrain\n|-heal|p1a: Chi-Yu|74\/100|[from] Grassy Terrain\n|-heal|p2a: Knotweed|31\/100|[from] Grassy Terrain\n|upkeep\n|\n|t:|1737492470\n|switch|p1b: Miraidon|Miraidon, L50, tera:Fairy|20\/100\n|-fieldstart|move: Electric Terrain|[from] ability: Hadron Engine|[of] p1b: Miraidon\n|turn|7\n|\n|t:|1737492487\n|move|p1b: Miraidon|Protect|p1b: Miraidon\n|-singleturn|p1b: Miraidon|Protect\n|move|p2b: Mullet Mania|Extreme Speed|p1b: Miraidon\n|-activate|p1b: Miraidon|move: Protect\n|move|p1a: Chi-Yu|Heat Wave|p2a: Knotweed|[spread] p2a,p2b\n|-supereffective|p2a: Knotweed\n|-resisted|p2b: Mullet Mania\n|-damage|p2a: Knotweed|0 fnt\n|-damage|p2b: Mullet Mania|0 fnt\n|faint|p2a: Knotweed\n|faint|p2b: Mullet Mania\n|\n|-sideend|p2: Mildly Displeased|move: Tailwind\n|upkeep\n|\n|t:|1737492489\n|switch|p2b: Phoenix|Talonflame, L50, F, shiny|100\/100\n|turn|8\n|\n|t:|1737492498\n|move|p2b: Phoenix|Brave Bird|p1b: Miraidon\n|-crit|p1b: Miraidon\n|-damage|p1b: Miraidon|0 fnt\n|faint|p1b: Miraidon\n|-damage|p2b: Phoenix|93\/100|[from] Recoil\n|move|p1a: Chi-Yu|Heat Wave|p2b: Phoenix\n|-resisted|p2b: Phoenix\n|-damage|p2b: Phoenix|39\/100\n|\n|upkeep\n|turn|9\n|\n|t:|1737492504\n|move|p1a: Chi-Yu|Heat Wave|p2b: Phoenix\n|-resisted|p2b: Phoenix\n|-damage|p2b: Phoenix|0 fnt\n|faint|p2b: Phoenix\n|\n|win|juacox300\n|raw|juacox300's rating: 1515 &rarr; <strong>1538<\/strong><br \/>(+23 for winning)\n|raw|Mildly Displeased's rating: 1571 &rarr; <strong>1548<\/strong><br \/>(-23 for losing)\n|l|\u2606Mildly Displeased\n|player|p2|\n","uploadtime":1737492517,"views":49,"formatid":"gen9vgc2025regg","rating":1538,"private":0,"password":null}