{"id":"gen9vgc2025regg-2285424790","format":"[Gen 9] VGC 2025 Reg G","players":["zeimei","Cellpab1"],"log":"|j|\u2606zeimei\n|j|\u2606Cellpab1\n|t:|1737481276\n|gametype|doubles\n|player|p1|zeimei|266|1577\n|player|p2|Cellpab1|169|1535\n|teamsize|p1|6\n|teamsize|p2|6\n|gen|9\n|tier|[Gen 9] VGC 2025 Reg G\n|rated|\n|rule|Species Clause: Limit one of each Pok\u00e9mon\n|rule|Item Clause: Limit 1 of each item\n|clearpoke\n|poke|p1|Calyrex-Shadow, L50|\n|poke|p1|Raging Bolt, L50|\n|poke|p1|Rillaboom, L50, F|\n|poke|p1|Incineroar, L50, F|\n|poke|p1|Urshifu-*, L50, F|\n|poke|p1|Clefairy, L50, F|\n|poke|p2|Chi-Yu, L50|\n|poke|p2|Raging Bolt, L50|\n|poke|p2|Rillaboom, L50, F|\n|poke|p2|Ogerpon-Cornerstone, L50, F|\n|poke|p2|Urshifu-*, L50, F|\n|poke|p2|Calyrex-Ice, L50|\n|teampreview|4\n|inactive|Battle timer is ON: inactive players will automatically lose when time's up. (requested by zeimei)\n|j| bluestraggler02\n|\n|t:|1737481372\n|start\n|switch|p1a: Calyrex|Calyrex-Shadow, L50|100\/100\n|switch|p1b: Incineroar|Incineroar, L50, F|100\/100\n|switch|p2a: Chi-Yu|Chi-Yu, L50|100\/100\n|switch|p2b: Urshifu|Urshifu-Rapid-Strike, L50, F|100\/100\n|-ability|p1a: Calyrex|As One\n|-ability|p1a: Calyrex|Unnerve\n|-ability|p2a: Chi-Yu|Beads of Ruin\n|-ability|p1b: Incineroar|Intimidate|boost\n|-unboost|p2a: Chi-Yu|atk|1\n|-unboost|p2b: Urshifu|atk|1\n|turn|1\n|inactive|zeimei has 30 seconds left.\n|inactive|Cellpab1 has 30 seconds left.\n|inactive|Cellpab1 has 20 seconds left.\n|inactive|zeimei has 20 seconds left.\n|inactive|Cellpab1 has 15 seconds left.\n|inactive|zeimei has 15 seconds left.\n|\n|t:|1737481419\n|-terastallize|p1a: Calyrex|Grass\n|move|p1b: Incineroar|Fake Out|p2a: Chi-Yu\n|-damage|p2a: Chi-Yu|84\/100\n|cant|p2a: Chi-Yu|flinch\n|move|p1a: Calyrex|Nasty Plot|p1a: Calyrex\n|-boost|p1a: Calyrex|spa|2\n|move|p2b: Urshifu|Surging Strikes|p1a: Calyrex\n|-resisted|p1a: Calyrex\n|-crit|p1a: Calyrex\n|-damage|p1a: Calyrex|90\/100\n|-resisted|p1a: Calyrex\n|-crit|p1a: Calyrex\n|-damage|p1a: Calyrex|79\/100\n|-resisted|p1a: Calyrex\n|-crit|p1a: Calyrex\n|-damage|p1a: Calyrex|68\/100\n|-hitcount|p1a: Calyrex|3\n|\n|upkeep\n|turn|2\n|inactive|zeimei has 30 seconds left.\n|inactive|Cellpab1 has 30 seconds left.\n|inactive|zeimei has 20 seconds left.\n|inactive|Cellpab1 has 20 seconds left.\n|inactive|Cellpab1 has 15 seconds left.\n|inactive|Cellpab1 has 10 seconds left.\n|inactive|Cellpab1 has 5 seconds left.\n|inactive|zeimei has 15 seconds left.\n|inactive|zeimei has 10 seconds left.\n|\n|t:|1737481479\n|move|p2a: Chi-Yu|Heat Wave|p1a: Calyrex|[spread] p1a\n|-miss|p2a: Chi-Yu|p1b: Incineroar\n|-supereffective|p1a: Calyrex\n|-damage|p1a: Calyrex|0 fnt\n|faint|p1a: Calyrex\n|move|p2b: Urshifu|Close Combat|p1b: Incineroar\n|-supereffective|p1b: Incineroar\n|-damage|p1b: Incineroar|20\/100\n|-unboost|p2b: Urshifu|def|1\n|-unboost|p2b: Urshifu|spd|1\n|move|p1b: Incineroar|Parting Shot|p2a: Chi-Yu\n|-unboost|p2a: Chi-Yu|atk|1\n|-unboost|p2a: Chi-Yu|spa|1\n|\n|t:|1737481488\n|switch|p1b: Urshifu|Urshifu-Rapid-Strike, L50, F|100\/100|[from] Parting Shot\n|\n|upkeep\n|\n|t:|1737481493\n|switch|p1a: Clefairy|Clefairy, L50, F|100\/100\n|turn|3\n|\n|t:|1737481516\n|switch|p2b: Rillaboom|Rillaboom, L50, F, shiny|100\/100\n|-fieldstart|move: Grassy Terrain|[from] ability: Grassy Surge|[of] p2b: Rillaboom\n|move|p2a: Chi-Yu|Heat Wave|p1a: Clefairy|[spread] p1a,p1b\n|-resisted|p1b: Urshifu\n|-damage|p1a: Clefairy|72\/100\n|-damage|p1b: Urshifu|83\/100\n|move|p1b: Urshifu|Surging Strikes|p2a: Chi-Yu\n|-supereffective|p2a: Chi-Yu\n|-crit|p2a: Chi-Yu\n|-damage|p2a: Chi-Yu|19\/100\n|-supereffective|p2a: Chi-Yu\n|-crit|p2a: Chi-Yu\n|-damage|p2a: Chi-Yu|0 fnt\n|faint|p2a: Chi-Yu\n|-hitcount|p2: Chi-Yu|2\n|move|p1a: Clefairy|Life Dew|p1a: Clefairy|[spread] p1a,p1b\n|-heal|p1a: Clefairy|97\/100\n|-heal|p1b: Urshifu|100\/100\n|\n|-heal|p1a: Clefairy|100\/100|[from] Grassy Terrain\n|upkeep\n|inactive|Cellpab1 has 30 seconds left.\n|inactive|Cellpab1 has 20 seconds left.\n|inactive|Cellpab1 has 15 seconds left.\n|\n|t:|1737481559\n|switch|p2a: Urshifu|Urshifu-Rapid-Strike, L50, F|100\/100\n|turn|4\n|\n|t:|1737481578\n|-terastallize|p2a: Urshifu|Stellar\n|move|p2b: Rillaboom|Fake Out|p1b: Urshifu\n|-damage|p1b: Urshifu|90\/100\n|move|p1a: Clefairy|Follow Me|p1a: Clefairy\n|-singleturn|p1a: Clefairy|move: Follow Me\n|cant|p1b: Urshifu|flinch\n|move|p2a: Urshifu|Surging Strikes|p1a: Clefairy\n|-crit|p1a: Clefairy\n|-damage|p1a: Clefairy|77\/100\n|-crit|p1a: Clefairy\n|-damage|p1a: Clefairy|50\/100\n|-crit|p1a: Clefairy\n|-damage|p1a: Clefairy|23\/100\n|-hitcount|p1a: Clefairy|3\n|\n|-heal|p1b: Urshifu|96\/100|[from] Grassy Terrain\n|-heal|p1a: Clefairy|29\/100|[from] Grassy Terrain\n|upkeep\n|turn|5\n|-message|zeimei forfeited.\n|\n|win|Cellpab1\n|raw|zeimei's rating: 1577 &rarr; <strong>1555<\/strong><br \/>(-22 for losing)\n|raw|Cellpab1's rating: 1535 &rarr; <strong>1557<\/strong><br \/>(+22 for winning)\n|l|\u2606zeimei\n|player|p1|\n|l|\u2606Cellpab1\n|player|p2|\n","uploadtime":1737481879,"views":14,"formatid":"gen9vgc2025regg","rating":1555,"private":0,"password":null}