{"id":"gen9vgc2025regg-2285593074","format":"[Gen 9] VGC 2025 Reg G","players":["coummmfpk","girl latias"],"log":"|j|\u2606coummmfpk\n|j|\u2606girl latias\n|t:|1737498202\n|gametype|doubles\n|player|p1|coummmfpk|flannery|1629\n|player|p2|girl latias|yancy|1547\n|teamsize|p1|6\n|teamsize|p2|6\n|gen|9\n|tier|[Gen 9] VGC 2025 Reg G\n|rated|\n|rule|Species Clause: Limit one of each Pok\u00e9mon\n|rule|Item Clause: Limit 1 of each item\n|clearpoke\n|poke|p1|Miraidon, L50|\n|poke|p1|Iron Hands, L50|\n|poke|p1|Whimsicott, L50, M|\n|poke|p1|Ursaluna-Bloodmoon, L50, M|\n|poke|p1|Volcarona, L50, M|\n|poke|p1|Incineroar, L50, M|\n|poke|p2|Gholdengo, L50|\n|poke|p2|Miraidon, L50|\n|poke|p2|Dragonite, L50, M|\n|poke|p2|Chi-Yu, L50|\n|poke|p2|Tatsugiri-Droopy, L50, M|\n|poke|p2|Dondozo, L50, F|\n|teampreview|4\n|inactive|Battle timer is ON: inactive players will automatically lose when time's up. (requested by girl latias)\n|j| mr pogostick\n|\n|t:|1737498232\n|start\n|switch|p1a: Iron Hands|Iron Hands, L50|100\/100\n|switch|p1b: Miraidon|Miraidon, L50|100\/100\n|switch|p2a: Misaka|Miraidon, L50|100\/100\n|switch|p2b: Stiyl|Chi-Yu, L50|100\/100\n|-ability|p2b: Stiyl|Beads of Ruin\n|-fieldstart|move: Electric Terrain|[from] ability: Hadron Engine|[of] p2a: Misaka\n|-activate|p1a: Iron Hands|ability: Quark Drive\n|-start|p1a: Iron Hands|quarkdriveatk\n|-activate|p1b: Miraidon|ability: Hadron Engine\n|turn|1\n|\n|t:|1737498248\n|-terastallize|p1b: Miraidon|Electric\n|move|p1a: Iron Hands|Fake Out|p2a: Misaka\n|-damage|p2a: Misaka|81\/100\n|move|p2b: Stiyl|Snarl|p1b: Miraidon|[spread] p1a,p1b\n|-resisted|p1a: Iron Hands\n|-damage|p1a: Iron Hands|94\/100\n|-damage|p1b: Miraidon|76\/100\n|-unboost|p1a: Iron Hands|spa|1\n|-unboost|p1b: Miraidon|spa|1\n|cant|p2a: Misaka|flinch\n|move|p1b: Miraidon|Volt Switch|p2b: Stiyl\n|-damage|p2b: Stiyl|19\/100\n|\n|t:|1737498262\n|switch|p1b: Whimsicott|Whimsicott, L50, M|100\/100|[from] Volt Switch\n|\n|upkeep\n|turn|2\n|\n|t:|1737498285\n|move|p1b: Whimsicott|Protect|p1b: Whimsicott\n|-singleturn|p1b: Whimsicott|Protect\n|move|p2b: Stiyl|Snarl|p1b: Whimsicott|[spread] \n|-activate|p1b: Whimsicott|move: Protect\n|-miss|p2b: Stiyl|p1a: Iron Hands\n|move|p2a: Misaka|Dazzling Gleam|p1b: Whimsicott|[spread] p1a\n|-activate|p1b: Whimsicott|move: Protect\n|-supereffective|p1a: Iron Hands\n|-damage|p1a: Iron Hands|55\/100\n|move|p1a: Iron Hands|Drain Punch|p2b: Stiyl\n|-supereffective|p2b: Stiyl\n|-damage|p2b: Stiyl|0 fnt\n|-heal|p1a: Iron Hands|61\/100|[from] drain|[of] p2b: Stiyl\n|faint|p2b: Stiyl\n|\n|upkeep\n|\n|t:|1737498296\n|switch|p2b: Touma|Tatsugiri-Droopy, L50, M|100\/100\n|turn|3\n|inactive|coummmfpk has 30 seconds left.\n|inactive|girl latias has 30 seconds left.\n|\n|t:|1737498330\n|move|p2a: Misaka|Dazzling Gleam|p1b: Whimsicott|[spread] p1a,p1b\n|-supereffective|p1a: Iron Hands\n|-damage|p1a: Iron Hands|33\/100\n|-damage|p1b: Whimsicott|45\/100\n|move|p1b: Whimsicott|Moonblast|p2a: Misaka\n|-supereffective|p2a: Misaka\n|-damage|p2a: Misaka|37\/100\n|move|p2b: Touma|Draco Meteor|p1a: Iron Hands\n|-crit|p1a: Iron Hands\n|-damage|p1a: Iron Hands|0 fnt\n|-unboost|p2b: Touma|spa|2\n|faint|p1a: Iron Hands\n|-end|p1a: Iron Hands|Quark Drive|[silent]\n|\n|upkeep\n|\n|t:|1737498345\n|switch|p1a: Ursaluna|Ursaluna-Bloodmoon, L50, M|100\/100\n|turn|4\n|inactive|girl latias has 30 seconds left.\n|\n|t:|1737498377\n|move|p1b: Whimsicott|Tailwind|p1b: Whimsicott\n|-sidestart|p1: coummmfpk|move: Tailwind\n|move|p1a: Ursaluna|Blood Moon|p2a: Misaka\n|-crit|p2a: Misaka\n|-damage|p2a: Misaka|0 fnt\n|faint|p2a: Misaka\n|move|p2b: Touma|Hydro Pump|p1a: Ursaluna\n|-supereffective|p1a: Ursaluna\n|-damage|p1a: Ursaluna|26\/100\n|\n|upkeep\n|\n|t:|1737498381\n|switch|p2a: Index|Dondozo, L50, F|100\/100\n|-activate|p2b: Touma|ability: Commander|[of] p2a: Index\n|-boost|p2a: Index|atk|2\n|-boost|p2a: Index|spa|2\n|-boost|p2a: Index|spe|2\n|-boost|p2a: Index|def|2\n|-boost|p2a: Index|spd|2\n|turn|5\n|inactive|coummmfpk has 30 seconds left.\n|inactive|coummmfpk has 20 seconds left.\n|inactive|coummmfpk has 15 seconds left.\n|\n|t:|1737498425\n|move|p1b: Whimsicott|Protect|p1b: Whimsicott\n|-singleturn|p1b: Whimsicott|Protect\n|move|p1a: Ursaluna|Protect|p1a: Ursaluna\n|-singleturn|p1a: Ursaluna|Protect\n|move|p2a: Index|Wave Crash|p1a: Ursaluna\n|-activate|p1a: Ursaluna|move: Protect\n|\n|-fieldend|move: Electric Terrain\n|upkeep\n|turn|6\n|\n|t:|1737498435\n|move|p1b: Whimsicott|Moonblast|p2a: Index\n|-damage|p2a: Index|85\/100\n|-unboost|p2a: Index|spa|1\n|move|p1a: Ursaluna|Blood Moon|p2a: Index\n|-damage|p2a: Index|45\/100\n|move|p2a: Index|Wave Crash|p1a: Ursaluna\n|-supereffective|p1a: Ursaluna\n|-damage|p1a: Ursaluna|0 fnt\n|faint|p1a: Ursaluna\n|-damage|p2a: Index|38\/100|[from] Recoil\n|\n|-heal|p2a: Index|44\/100|[from] item: Leftovers\n|upkeep\n|\n|t:|1737498446\n|switch|p1a: Miraidon|Miraidon, L50, tera:Electric|76\/100\n|-fieldstart|move: Electric Terrain|[from] ability: Hadron Engine|[of] p1a: Miraidon\n|turn|7\n|\n|t:|1737498462\n|-terastallize|p2a: Index|Grass\n|move|p1b: Whimsicott|Moonblast|p2a: Index\n|-damage|p2a: Index|30\/100\n|move|p1a: Miraidon|Electro Drift|p2a: Index\n|-resisted|p2a: Index\n|-damage|p2a: Index|0 fnt\n|faint|p2a: Index\n|\n|-sideend|p1: coummmfpk|move: Tailwind\n|upkeep\n|turn|8\n|-message|girl latias forfeited.\n|\n|win|coummmfpk\n|raw|coummmfpk's rating: 1629 &rarr; <strong>1644<\/strong><br \/>(+15 for winning)\n|raw|girl latias's rating: 1547 &rarr; <strong>1532<\/strong><br \/>(-15 for losing)\n|l|\u2606girl latias\n|player|p2|\n|l| mr pogostick\n|l|\u2606coummmfpk\n|player|p1|\n","uploadtime":1737498645,"views":27,"formatid":"gen9vgc2025regg","rating":1532,"private":0,"password":null}