{"id":"gen9vgc2025regg-2285297171","format":"[Gen 9] VGC 2025 Reg G","players":["amphy lighthouse","Lacossg"],"log":"|j|\u2606amphy lighthouse\n|j|\u2606Lacossg\n|t:|1737467828\n|gametype|doubles\n|player|p1|amphy lighthouse|266|1571\n|player|p2|Lacossg|2|1543\n|teamsize|p1|6\n|teamsize|p2|6\n|gen|9\n|tier|[Gen 9] VGC 2025 Reg G\n|rated|\n|rule|Species Clause: Limit one of each Pok\u00e9mon\n|rule|Item Clause: Limit 1 of each item\n|clearpoke\n|poke|p1|Smeargle, L50, F|\n|poke|p1|Muk-Alola, L50, F|\n|poke|p1|Calyrex-Shadow, L50|\n|poke|p1|Flamigo, L50, F|\n|poke|p1|Rillaboom, L50, F|\n|poke|p1|Volcarona, L50, M|\n|poke|p2|Gouging Fire, L50|\n|poke|p2|Urshifu-*, L50, F|\n|poke|p2|Chien-Pao, L50|\n|poke|p2|Raging Bolt, L50|\n|poke|p2|Volcarona, L50, M|\n|poke|p2|Groudon, L50|\n|teampreview|4\n|\n|t:|1737467855\n|start\n|switch|p1a: Calyrex|Calyrex-Shadow, L50|100\/100\n|switch|p1b: Smeargle|Smeargle, L50, F|100\/100\n|switch|p2a: Groudon|Groudon, L50|100\/100\n|switch|p2b: Gouging Fire|Gouging Fire, L50|100\/100\n|-ability|p1a: Calyrex|As One\n|-ability|p1a: Calyrex|Unnerve\n|-weather|SunnyDay|[from] ability: Drought|[of] p2a: Groudon\n|-activate|p2b: Gouging Fire|ability: Protosynthesis\n|-start|p2b: Gouging Fire|protosynthesisspe\n|turn|1\n|j| pink skii\n|\n|t:|1737467878\n|move|p2b: Gouging Fire|Burning Bulwark|p2b: Gouging Fire\n|-singleturn|p2b: Gouging Fire|move: Protect\n|move|p1b: Smeargle|Fake Out|p2b: Gouging Fire\n|-activate|p2b: Gouging Fire|move: Protect\n|-status|p1b: Smeargle|brn\n|move|p1a: Calyrex|Nasty Plot|p1a: Calyrex\n|-boost|p1a: Calyrex|spa|2\n|move|p2a: Groudon|Precipice Blades|p1a: Calyrex|[spread] p1a,p1b\n|-damage|p1a: Calyrex|45\/100\n|-enditem|p1b: Smeargle|Focus Sash\n|-damage|p1b: Smeargle|1\/100 brn\n|\n|-weather|SunnyDay|[upkeep]\n|-damage|p1b: Smeargle|0 fnt|[from] brn\n|faint|p1b: Smeargle\n|upkeep\n|\n|t:|1737467890\n|switch|p1b: Rillaboom|Rillaboom, L50, F|100\/100\n|-fieldstart|move: Grassy Terrain|[from] ability: Grassy Surge|[of] p1b: Rillaboom\n|turn|2\n|\n|t:|1737467901\n|-terastallize|p1b: Rillaboom|Fire\n|move|p1b: Rillaboom|Fake Out|p2b: Gouging Fire\n|-damage|p2b: Gouging Fire|91\/100\n|cant|p2b: Gouging Fire|flinch\n|move|p1a: Calyrex|Astral Barrage|p2b: Gouging Fire|[spread] p2a,p2b\n|-crit|p2a: Groudon\n|-damage|p2a: Groudon|0 fnt\n|-damage|p2b: Gouging Fire|0 fnt\n|faint|p2a: Groudon\n|faint|p2b: Gouging Fire\n|-end|p2b: Gouging Fire|Protosynthesis|[silent]\n|-ability|p1a: Calyrex|Grim Neigh|boost\n|-boost|p1a: Calyrex|spa|2\n|-damage|p1a: Calyrex|35\/100|[from] item: Life Orb\n|\n|-weather|SunnyDay|[upkeep]\n|-heal|p1a: Calyrex|40\/100|[from] Grassy Terrain\n|upkeep\n|\n|t:|1737467912\n|switch|p2b: Chien-Pao|Chien-Pao, L50|100\/100\n|switch|p2a: Urshifu|Urshifu, L50, F|100\/100\n|-ability|p2b: Chien-Pao|Sword of Ruin\n|turn|3\n|\n|t:|1737467925\n|-terastallize|p2a: Urshifu|Dark\n|move|p1a: Calyrex|Protect|p1a: Calyrex\n|-singleturn|p1a: Calyrex|Protect\n|move|p2b: Chien-Pao|Sucker Punch||[still]\n|-fail|p2b: Chien-Pao\n|move|p2a: Urshifu|Wicked Blow|p1b: Rillaboom\n|-crit|p1b: Rillaboom\n|-damage|p1b: Rillaboom|0 fnt\n|faint|p1b: Rillaboom\n|\n|-weather|SunnyDay|[upkeep]\n|-heal|p1a: Calyrex|46\/100|[from] Grassy Terrain\n|upkeep\n|\n|t:|1737467933\n|switch|p1b: Muk|Muk-Alola, L50, F|100\/100\n|turn|4\n|\n|t:|1737467941\n|move|p1a: Calyrex|Protect||[still]\n|-fail|p1a: Calyrex\n|move|p2b: Chien-Pao|Sucker Punch||[still]\n|-fail|p2b: Chien-Pao\n|move|p2a: Urshifu|Wicked Blow|p1b: Muk\n|-resisted|p1b: Muk\n|-crit|p1b: Muk\n|-damage|p1b: Muk|9\/100\n|move|p1b: Muk|Poison Gas|p2a: Urshifu|[spread] p2a,p2b\n|-status|p2a: Urshifu|psn\n|-status|p2b: Chien-Pao|psn\n|\n|-weather|SunnyDay|[upkeep]\n|-heal|p1a: Calyrex|52\/100|[from] Grassy Terrain\n|-heal|p1b: Muk|15\/100|[from] Grassy Terrain\n|-heal|p1b: Muk|21\/100|[from] item: Leftovers\n|-damage|p2b: Chien-Pao|88\/100 psn|[from] psn\n|-damage|p2a: Urshifu|88\/100 psn|[from] psn\n|upkeep\n|turn|5\n|j| ChilledLotusA\n|\n|t:|1737467966\n|move|p2b: Chien-Pao|Sucker Punch|p1a: Calyrex\n|-supereffective|p1a: Calyrex\n|-damage|p1a: Calyrex|0 fnt\n|faint|p1a: Calyrex\n|move|p2a: Urshifu|Wicked Blow|p1b: Muk\n|-resisted|p1b: Muk\n|-crit|p1b: Muk\n|-damage|p1b: Muk|0 fnt\n|faint|p1b: Muk\n|\n|win|Lacossg\n|raw|amphy lighthouse's rating: 1571 &rarr; <strong>1549<\/strong><br \/>(-22 for losing)\n|raw|Lacossg's rating: 1543 &rarr; <strong>1565<\/strong><br \/>(+22 for winning)\n|l|\u2606amphy lighthouse\n|player|p1|\n|l|\u2606Lacossg\n|player|p2|\n|l| pink skii\n","uploadtime":1737468119,"views":5,"formatid":"gen9vgc2025regg","rating":1549,"private":0,"password":null}