{"id":"gen9vgc2025regg-2285475793","format":"[Gen 9] VGC 2025 Reg G","players":["Acblade","simReaper"],"log":"|j|\u2606Acblade\n|j|\u2606simReaper\n|t:|1737486163\n|gametype|doubles\n|player|p1|Acblade|lucas|1654\n|player|p2|simReaper|shadowtriad|1605\n|teamsize|p1|6\n|teamsize|p2|6\n|gen|9\n|tier|[Gen 9] VGC 2025 Reg G\n|rated|\n|rule|Species Clause: Limit one of each Pok\u00e9mon\n|rule|Item Clause: Limit 1 of each item\n|clearpoke\n|poke|p1|Tornadus, L50, M|\n|poke|p1|Chi-Yu, L50|\n|poke|p1|Flutter Mane, L50|\n|poke|p1|Koraidon, L50|\n|poke|p1|Raging Bolt, L50|\n|poke|p1|Farigiraf, L50, F|\n|poke|p2|Annihilape, L50, M|\n|poke|p2|Whimsicott, L50, F|\n|poke|p2|Archaludon, L50, M|\n|poke|p2|Amoonguss, L50, M|\n|poke|p2|Kyogre, L50|\n|poke|p2|Grimmsnarl, L50, M|\n|teampreview|4\n|inactive|Battle timer is ON: inactive players will automatically lose when time's up. (requested by Acblade)\n|j| ChilledLotusA\n|\n|t:|1737486189\n|start\n|switch|p1a: Tornadus|Tornadus, L50, M|100\/100\n|switch|p1b: Raging Bolt|Raging Bolt, L50|100\/100\n|switch|p2a: Annihilape|Annihilape, L50, M, shiny|100\/100\n|switch|p2b: Whimsicott|Whimsicott, L50, F, shiny|100\/100\n|turn|1\n|\n|t:|1737486200\n|move|p2a: Annihilape|Protect|p2a: Annihilape\n|-singleturn|p2a: Annihilape|Protect\n|move|p2b: Whimsicott|Tailwind|p2b: Whimsicott\n|-sidestart|p2: simReaper|move: Tailwind\n|move|p1a: Tornadus|Bleakwind Storm|p2b: Whimsicott|[spread] p2b\n|-activate|p2a: Annihilape|move: Protect\n|-supereffective|p2b: Whimsicott\n|-enditem|p2b: Whimsicott|Focus Sash\n|-damage|p2b: Whimsicott|1\/100\n|-unboost|p2b: Whimsicott|spe|1\n|move|p1b: Raging Bolt|Volt Switch|p2a: Annihilape\n|-activate|p2a: Annihilape|move: Protect\n|\n|upkeep\n|turn|2\n|\n|t:|1737486224\n|move|p1b: Raging Bolt|Protect|p1b: Raging Bolt\n|-singleturn|p1b: Raging Bolt|Protect\n|move|p2b: Whimsicott|Beat Up|p2a: Annihilape\n|-damage|p2a: Annihilape|98\/100\n|-damage|p2a: Annihilape|96\/100\n|-damage|p2a: Annihilape|93\/100\n|-damage|p2a: Annihilape|90\/100\n|-hitcount|p2a: Annihilape|4\n|move|p2a: Annihilape|Rage Fist|p1a: Tornadus\n|-enditem|p1a: Tornadus|Focus Sash\n|-damage|p1a: Tornadus|1\/100\n|move|p1a: Tornadus|Bleakwind Storm|p2a: Annihilape|[spread] p2a\n|-miss|p1a: Tornadus|p2b: Whimsicott\n|-supereffective|p2a: Annihilape\n|-damage|p2a: Annihilape|25\/100\n|-unboost|p2a: Annihilape|spe|1\n|-ability|p2a: Annihilape|Defiant|boost\n|-boost|p2a: Annihilape|atk|2\n|\n|-heal|p2a: Annihilape|32\/100|[from] item: Leftovers\n|upkeep\n|turn|3\n|\n|t:|1737486243\n|move|p2b: Whimsicott|Encore|p1b: Raging Bolt\n|-start|p1b: Raging Bolt|Encore\n|move|p1a: Tornadus|Tailwind|p1a: Tornadus\n|-sidestart|p1: Acblade|move: Tailwind\n|move|p1b: Raging Bolt|Protect|p1b: Raging Bolt\n|-singleturn|p1b: Raging Bolt|Protect\n|move|p2a: Annihilape|Rage Fist|p1a: Tornadus\n|-damage|p1a: Tornadus|0 fnt\n|faint|p1a: Tornadus\n|\n|-heal|p2a: Annihilape|38\/100|[from] item: Leftovers\n|upkeep\n|\n|t:|1737486252\n|switch|p1a: Flutter Mane|Flutter Mane, L50|100\/100\n|turn|4\n|\n|t:|1737486266\n|switch|p2b: Archaludon|Archaludon, L50, M, shiny|100\/100\n|-end|p1b: Raging Bolt|Protosynthesis|[silent]\n|switch|p1b: Koraidon|Koraidon, L50|100\/100\n|-weather|SunnyDay|[from] ability: Orichalcum Pulse|[of] p1b: Koraidon\n|-activate|p1a: Flutter Mane|ability: Protosynthesis\n|-start|p1a: Flutter Mane|protosynthesisspe\n|-activate|p1b: Koraidon|Orichalcum Pulse|[source]\n|-terastallize|p2a: Annihilape|Fire\n|move|p1a: Flutter Mane|Dazzling Gleam|p2b: Archaludon|[spread] p2a,p2b\n|-resisted|p2a: Annihilape\n|-damage|p2a: Annihilape|20\/100\n|-damage|p2b: Archaludon|66\/100\n|-ability|p2b: Archaludon|Stamina|boost\n|-boost|p2b: Archaludon|def|1\n|move|p2a: Annihilape|Rage Fist|p1a: Flutter Mane\n|-supereffective|p1a: Flutter Mane\n|-damage|p1a: Flutter Mane|0 fnt\n|faint|p1a: Flutter Mane\n|-end|p1a: Flutter Mane|Protosynthesis|[silent]\n|\n|-weather|SunnyDay|[upkeep]\n|-heal|p2a: Annihilape|26\/100|[from] item: Leftovers\n|-sideend|p2: simReaper|move: Tailwind\n|upkeep\n|\n|t:|1737486281\n|switch|p1a: Raging Bolt|Raging Bolt, L50|100\/100\n|-activate|p1a: Raging Bolt|ability: Protosynthesis\n|-start|p1a: Raging Bolt|protosynthesisspa\n|turn|5\n|\n|t:|1737486299\n|move|p2a: Annihilape|Protect|p2a: Annihilape\n|-singleturn|p2a: Annihilape|Protect\n|move|p1b: Koraidon|Collision Course|p2a: Annihilape\n|-activate|p2a: Annihilape|move: Protect\n|move|p1a: Raging Bolt|Volt Switch|p2b: Archaludon\n|-resisted|p2b: Archaludon\n|-damage|p2b: Archaludon|43\/100\n|-ability|p2b: Archaludon|Stamina|boost\n|-boost|p2b: Archaludon|def|1\n|-damage|p1a: Raging Bolt|91\/100|[from] item: Life Orb\n|move|p2b: Archaludon|Body Press|p1b: Koraidon\n|-damage|p1b: Koraidon|60\/100\n|\n|-weather|SunnyDay|[upkeep]\n|-heal|p2a: Annihilape|32\/100|[from] item: Leftovers\n|upkeep\n|turn|6\n|inactive|simReaper has 30 seconds left.\n|inactive|simReaper has 20 seconds left.\n|\n|t:|1737486346\n|switch|p2a: Kyogre|Kyogre, L50, shiny|100\/100\n|-weather|RainDance|[from] ability: Drizzle|[of] p2a: Kyogre\n|-end|p1a: Raging Bolt|Protosynthesis\n|-terastallize|p1a: Raging Bolt|Electric\n|move|p1a: Raging Bolt|Thunderclap|p2b: Archaludon\n|-resisted|p2b: Archaludon\n|-damage|p2b: Archaludon|17\/100\n|-ability|p2b: Archaludon|Stamina|boost\n|-boost|p2b: Archaludon|def|1\n|-damage|p1a: Raging Bolt|81\/100|[from] item: Life Orb\n|move|p1b: Koraidon|Collision Course|p2a: Kyogre\n|-damage|p2a: Kyogre|10\/100\n|move|p2b: Archaludon|Body Press|p1a: Raging Bolt\n|-damage|p1a: Raging Bolt|29\/100\n|\n|-weather|RainDance|[upkeep]\n|-sideend|p1: Acblade|move: Tailwind\n|upkeep\n|turn|7\n|j| Thomaske07\n|\n|t:|1737486367\n|move|p2a: Kyogre|Protect|p2a: Kyogre\n|-singleturn|p2a: Kyogre|Protect\n|move|p1a: Raging Bolt|Thunderclap|p2b: Archaludon\n|-resisted|p2b: Archaludon\n|-damage|p2b: Archaludon|0 fnt\n|faint|p2b: Archaludon\n|-damage|p1a: Raging Bolt|19\/100|[from] item: Life Orb\n|move|p1b: Koraidon|Collision Course|p2a: Kyogre\n|-activate|p2a: Kyogre|move: Protect\n|\n|-weather|RainDance|[upkeep]\n|upkeep\n|j| EllJoe123\n|\n|t:|1737486374\n|switch|p2b: Whimsicott|Whimsicott, L50, F, shiny|1\/100\n|turn|8\n|inactive|simReaper has 30 seconds left.\n|\n|t:|1737486403\n|switch|p2a: Annihilape|Annihilape, L50, M, shiny, tera:Fire|32\/100\n|move|p1b: Koraidon|Collision Course|p2b: Whimsicott\n|-resisted|p2b: Whimsicott\n|-damage|p2b: Whimsicott|0 fnt\n|faint|p2b: Whimsicott\n|move|p1a: Raging Bolt|Volt Switch|p2a: Annihilape\n|-damage|p2a: Annihilape|0 fnt\n|faint|p2a: Annihilape\n|-damage|p1a: Raging Bolt|10\/100|[from] item: Life Orb\n|\n|-weather|RainDance|[upkeep]\n|upkeep\n|\n|t:|1737486409\n|switch|p2b: Kyogre|Kyogre, L50, shiny|10\/100\n|turn|9\n|-message|simReaper forfeited.\n|\n|win|Acblade\n|raw|Acblade's rating: 1654 &rarr; <strong>1671<\/strong><br \/>(+17 for winning)\n|raw|simReaper's rating: 1605 &rarr; <strong>1588<\/strong><br \/>(-17 for losing)\n|l|\u2606simReaper\n|player|p2|\n|l|\u2606Acblade\n|player|p1|\n|l| Thomaske07\n|l| ChilledLotusA\n","uploadtime":1737486640,"views":15,"formatid":"gen9vgc2025regg","rating":1588,"private":0,"password":null}