{"id":"gen9vgc2025regg-2285593766","format":"[Gen 9] VGC 2025 Reg G","players":["actuary97","stbai"],"log":"|j|\u2606actuary97\n|j|\u2606stbai\n|t:|1737498278\n|gametype|doubles\n|player|p1|actuary97|sabrina-frlg|1548\n|player|p2|stbai|janitor|1588\n|teamsize|p1|6\n|teamsize|p2|6\n|gen|9\n|tier|[Gen 9] VGC 2025 Reg G\n|rated|\n|rule|Species Clause: Limit one of each Pok\u00e9mon\n|rule|Item Clause: Limit 1 of each item\n|clearpoke\n|poke|p1|Amoonguss, L50, M|\n|poke|p1|Comfey, L50, M|\n|poke|p1|Whimsicott, L50, M|\n|poke|p1|Rillaboom, L50, M|\n|poke|p1|Kyogre, L50|\n|poke|p1|Archaludon, L50, M|\n|poke|p2|Tatsugiri, L50, F|\n|poke|p2|Terapagos, L50, M|\n|poke|p2|Latios, L50, M|\n|poke|p2|Dondozo, L50, M|\n|poke|p2|Tyranitar, L50, M|\n|poke|p2|Farigiraf, L50, F|\n|teampreview|4\n|inactive|Battle timer is ON: inactive players will automatically lose when time's up. (requested by stbai)\nactuary97 has agreed to open team sheets.\n|inactive|actuary97 has 60 seconds left.\n|\n|t:|1737498318\n|start\n|switch|p1a: Whimsicott|Whimsicott, L50, M, shiny|100\/100\n|switch|p1b: Archaludon|Archaludon, L50, M, shiny|100\/100\n|switch|p2a: Terapagos|Terapagos, L50, M|100\/100\n|switch|p2b: Latios|Latios, L50, M|100\/100\n|-activate|p2a: Terapagos|ability: Tera Shift\n|detailschange|p2a: Terapagos|Terapagos-Terastal, L50, M\n|-heal|p2a: Terapagos|100\/100|[silent]\n|turn|1\n|inactive|stbai has 30 seconds left.\n|\n|t:|1737498346\n|-terastallize|p2a: Terapagos|Stellar\n|detailschange|p2a: Terapagos|Terapagos-Stellar, L50, M, tera:Stellar\n|-heal|p2a: Terapagos|100\/100|[silent]\n|move|p1a: Whimsicott|Tailwind|p1a: Whimsicott\n|-sidestart|p1: actuary97|move: Tailwind\n|move|p1b: Archaludon|Snarl|p2a: Terapagos|[spread] p2a,p2b\n|-supereffective|p2b: Latios\n|-damage|p2a: Terapagos|92\/100\n|-damage|p2b: Latios|78\/100\n|-unboost|p2a: Terapagos|spa|1\n|move|p2b: Latios|Luster Purge|p1a: Whimsicott\n|-damage|p1a: Whimsicott|36\/100\n|move|p2a: Terapagos|Tera Starstorm|p1b: Archaludon|[spread] p1a,p1b\n|-damage|p1a: Whimsicott|0 fnt\n|-damage|p1b: Archaludon|71\/100\n|-ability|p1b: Archaludon|Stamina|boost\n|-boost|p1b: Archaludon|def|1\n|faint|p1a: Whimsicott\n|\n|upkeep\n|\n|t:|1737498362\n|switch|p1a: Kyogre|Kyogre, L50, shiny|100\/100\n|-weather|RainDance|[from] ability: Drizzle|[of] p1a: Kyogre\n|turn|2\n|inactive|stbai has 30 seconds left.\n|inactive|stbai has 20 seconds left.\n|\n|t:|1737498401\n|move|p1a: Kyogre|Calm Mind|p1a: Kyogre\n|-boost|p1a: Kyogre|spa|1\n|-boost|p1a: Kyogre|spd|1\n|move|p1b: Archaludon|Electro Shot||[still]\n|-prepare|p1b: Archaludon|Electro Shot\n|-boost|p1b: Archaludon|spa|1\n|-anim|p1b: Archaludon|Electro Shot|p2a: Terapagos\n|-damage|p2a: Terapagos|54\/100\n|move|p2b: Latios|Tailwind|p2b: Latios\n|-sidestart|p2: stbai|move: Tailwind\n|move|p2a: Terapagos|Tera Starstorm|p1b: Archaludon|[spread] p1a,p1b\n|-damage|p1a: Kyogre|83\/100\n|-damage|p1b: Archaludon|43\/100\n|-ability|p1b: Archaludon|Stamina|boost\n|-boost|p1b: Archaludon|def|1\n|\n|-weather|RainDance|[upkeep]\n|upkeep\n|turn|3\n|\n|t:|1737498419\n|move|p2b: Latios|Luster Purge|p1a: Kyogre\n|-damage|p1a: Kyogre|64\/100\n|move|p1a: Kyogre|Origin Pulse|p2b: Latios|[spread] p2a,p2b\n|-resisted|p2b: Latios\n|-damage|p2a: Terapagos|0 fnt\n|-damage|p2b: Latios|31\/100\n|faint|p2a: Terapagos\n|move|p1b: Archaludon|Electro Shot||[still]\n|-prepare|p1b: Archaludon|Electro Shot\n|-boost|p1b: Archaludon|spa|1\n|-anim|p1b: Archaludon|Electro Shot|p2b: Latios\n|-resisted|p2b: Latios\n|-damage|p2b: Latios|0 fnt\n|faint|p2b: Latios\n|\n|-weather|RainDance|[upkeep]\n|upkeep\n|\n|t:|1737498426\n|switch|p2b: Tatsugiri|Tatsugiri, L50, F|100\/100\n|switch|p2a: Dondozo|Dondozo, L50, M|100\/100\n|-activate|p2b: Tatsugiri|ability: Commander|[of] p2a: Dondozo\n|-boost|p2a: Dondozo|atk|2\n|-boost|p2a: Dondozo|spa|2\n|-boost|p2a: Dondozo|spe|2\n|-boost|p2a: Dondozo|def|2\n|-boost|p2a: Dondozo|spd|2\n|turn|4\n|\n|t:|1737498437\n|move|p1a: Kyogre|Protect|p1a: Kyogre\n|-singleturn|p1a: Kyogre|Protect\n|move|p2a: Dondozo|Earthquake|p1a: Kyogre|[spread] p1b\n|-miss|p2a: Dondozo|p2b: Tatsugiri\n|-activate|p1a: Kyogre|move: Protect\n|-supereffective|p1b: Archaludon\n|-damage|p1b: Archaludon|0 fnt\n|faint|p1b: Archaludon\n|\n|-weather|RainDance|[upkeep]\n|-sideend|p1: actuary97|move: Tailwind\n|upkeep\n|\n|t:|1737498441\n|switch|p1b: Amoonguss|Amoonguss, L50, M, shiny|100\/100\n|turn|5\n|\n|t:|1737498452\n|-terastallize|p1a: Kyogre|Grass\n|move|p2a: Dondozo|Substitute|p2a: Dondozo\n|-start|p2a: Dondozo|Substitute\n|-damage|p2a: Dondozo|75\/100\n|move|p1a: Kyogre|Calm Mind|p1a: Kyogre\n|-boost|p1a: Kyogre|spa|1\n|-boost|p1a: Kyogre|spd|1\n|move|p1b: Amoonguss|Clear Smog|p2a: Dondozo\n|-activate|p2a: Dondozo|move: Substitute|[damage]\n|\n|-weather|RainDance|[upkeep]\n|-heal|p2a: Dondozo|82\/100|[from] item: Leftovers\n|-sideend|p2: stbai|move: Tailwind\n|upkeep\n|turn|6\n|\n|t:|1737498468\n|move|p2a: Dondozo|Order Up|p1b: Amoonguss\n|-damage|p1b: Amoonguss|67\/100\n|-boost|p2a: Dondozo|atk|1\n|move|p1a: Kyogre|Origin Pulse|p2b: Tatsugiri|[spread] p2a\n|-miss|p1a: Kyogre|p2b: Tatsugiri\n|-resisted|p2a: Dondozo\n|-activate|p2a: Dondozo|move: Substitute|[damage]\n|move|p1b: Amoonguss|Clear Smog|p2a: Dondozo\n|-end|p2a: Dondozo|Substitute\n|\n|-weather|none\n|-heal|p2a: Dondozo|88\/100|[from] item: Leftovers\n|upkeep\n|turn|7\n|\n|t:|1737498489\n|move|p2a: Dondozo|Protect|p2a: Dondozo\n|-singleturn|p2a: Dondozo|Protect\n|move|p1a: Kyogre|Origin Pulse|p2a: Dondozo|[spread] \n|-miss|p1a: Kyogre|p2b: Tatsugiri\n|-activate|p2a: Dondozo|move: Protect\n|move|p1b: Amoonguss|Clear Smog|p2a: Dondozo\n|-activate|p2a: Dondozo|move: Protect\n|\n|-heal|p2a: Dondozo|94\/100|[from] item: Leftovers\n|upkeep\n|turn|8\n|\n|t:|1737498494\n|move|p2a: Dondozo|Substitute|p2a: Dondozo\n|-start|p2a: Dondozo|Substitute\n|-damage|p2a: Dondozo|69\/100\n|move|p1a: Kyogre|Origin Pulse|p2b: Tatsugiri|[spread] p2a\n|-miss|p1a: Kyogre|p2b: Tatsugiri\n|-resisted|p2a: Dondozo\n|-activate|p2a: Dondozo|move: Substitute|[damage]\n|move|p1b: Amoonguss|Clear Smog|p2a: Dondozo\n|-activate|p2a: Dondozo|move: Substitute|[damage]\n|\n|-heal|p2a: Dondozo|75\/100|[from] item: Leftovers\n|upkeep\n|turn|9\n|\n|t:|1737498506\n|move|p2a: Dondozo|Protect|p2a: Dondozo\n|-singleturn|p2a: Dondozo|Protect\n|move|p1a: Kyogre|Origin Pulse|p2a: Dondozo|[spread] \n|-miss|p1a: Kyogre|p2b: Tatsugiri\n|-activate|p2a: Dondozo|move: Protect\n|move|p1b: Amoonguss|Spore|p2a: Dondozo\n|-activate|p2a: Dondozo|move: Protect\n|\n|-heal|p2a: Dondozo|81\/100|[from] item: Leftovers\n|upkeep\n|turn|10\n|\n|t:|1737498516\n|move|p2a: Dondozo|Order Up|p1b: Amoonguss\n|-damage|p1b: Amoonguss|25\/100\n|-boost|p2a: Dondozo|atk|1\n|move|p1a: Kyogre|Origin Pulse|p2b: Tatsugiri|[spread] p2a\n|-miss|p1a: Kyogre|p2b: Tatsugiri\n|-resisted|p2a: Dondozo\n|-end|p2a: Dondozo|Substitute\n|move|p1b: Amoonguss|Spore|p2a: Dondozo\n|-status|p2a: Dondozo|slp|[from] move: Spore\n|\n|-heal|p2a: Dondozo|87\/100 slp|[from] item: Leftovers\n|upkeep\n|turn|11\n|\n|t:|1737498524\n|cant|p2a: Dondozo|slp\n|move|p1a: Kyogre|Calm Mind|p1a: Kyogre\n|-boost|p1a: Kyogre|spa|1\n|-boost|p1a: Kyogre|spd|1\n|move|p1b: Amoonguss|Clear Smog|p2a: Dondozo\n|-damage|p2a: Dondozo|80\/100 slp\n|-clearboost|p2a: Dondozo\n|\n|-heal|p2a: Dondozo|86\/100 slp|[from] item: Leftovers\n|upkeep\n|turn|12\n|\n|t:|1737498533\n|move|p1a: Kyogre|Origin Pulse|p2a: Dondozo|[spread] p2a\n|-miss|p1a: Kyogre|p2b: Tatsugiri\n|-resisted|p2a: Dondozo\n|-damage|p2a: Dondozo|64\/100 slp\n|cant|p2a: Dondozo|slp\n|move|p1b: Amoonguss|Pollen Puff|p1a: Kyogre\n|-heal|p1a: Kyogre|100\/100\n|\n|-heal|p2a: Dondozo|70\/100 slp|[from] item: Leftovers\n|upkeep\n|turn|13\n|\n|t:|1737498543\n|move|p1a: Kyogre|Ice Beam|p2a: Dondozo\n|-resisted|p2a: Dondozo\n|-damage|p2a: Dondozo|55\/100 slp\n|-curestatus|p2a: Dondozo|slp|[msg]\n|move|p2a: Dondozo|Order Up|p1b: Amoonguss\n|-damage|p1b: Amoonguss|6\/100\n|-boost|p2a: Dondozo|atk|1\n|move|p1b: Amoonguss|Spore|p2a: Dondozo\n|-status|p2a: Dondozo|slp|[from] move: Spore\n|\n|-heal|p2a: Dondozo|61\/100 slp|[from] item: Leftovers\n|upkeep\n|turn|14\n|\n|t:|1737498553\n|move|p1a: Kyogre|Ice Beam|p2a: Dondozo\n|-resisted|p2a: Dondozo\n|-damage|p2a: Dondozo|46\/100 slp\n|cant|p2a: Dondozo|slp\n|move|p1b: Amoonguss|Clear Smog|p2a: Dondozo\n|-damage|p2a: Dondozo|33\/100 slp\n|-clearboost|p2a: Dondozo\n|\n|-heal|p2a: Dondozo|39\/100 slp|[from] item: Leftovers\n|upkeep\n|turn|15\n|\n|t:|1737498574\n|move|p1a: Kyogre|Ice Beam|p2a: Dondozo\n|-resisted|p2a: Dondozo\n|-damage|p2a: Dondozo|24\/100 slp\n|cant|p2a: Dondozo|slp\n|move|p1b: Amoonguss|Pollen Puff|p2a: Dondozo\n|-damage|p2a: Dondozo|6\/100 slp\n|\n|-heal|p2a: Dondozo|12\/100 slp|[from] item: Leftovers\n|upkeep\n|turn|16\n|\n|t:|1737498580\n|move|p1a: Kyogre|Ice Beam|p2a: Dondozo\n|-resisted|p2a: Dondozo\n|-damage|p2a: Dondozo|0 fnt\n|faint|p2a: Dondozo\n|move|p1b: Amoonguss|Spore|p2b: Tatsugiri\n|-status|p2b: Tatsugiri|slp|[from] move: Spore\n|\n|upkeep\n|turn|17\n|-message|stbai forfeited.\n|\n|win|actuary97\n|raw|actuary97's rating: 1548 &rarr; <strong>1570<\/strong><br \/>(+22 for winning)\n|raw|stbai's rating: 1588 &rarr; <strong>1566<\/strong><br \/>(-22 for losing)\n|l|\u2606stbai\n|player|p2|\n|l|\u2606actuary97\n|player|p1|\n","uploadtime":1737498784,"views":15,"formatid":"gen9vgc2025regg","rating":1566,"private":0,"password":null}