{"id":"gen9vgc2025regg-2285679148","format":"[Gen 9] VGC 2025 Reg G","players":["leolc0926","AnyaForger39"],"log":"|j|\u2606leolc0926\n|j|\u2606AnyaForger39\n|t:|1737508723\n|gametype|doubles\n|player|p1|leolc0926|steven|1550\n|player|p2|AnyaForger39|caitlin|1509\n|teamsize|p1|6\n|teamsize|p2|6\n|gen|9\n|tier|[Gen 9] VGC 2025 Reg G\n|rated|\n|rule|Species Clause: Limit one of each Pok\u00e9mon\n|rule|Item Clause: Limit 1 of each item\n|clearpoke\n|poke|p1|Flutter Mane, L50|\n|poke|p1|Torkoal, L50, M|\n|poke|p1|Calyrex-Ice, L50|\n|poke|p1|Ogerpon-Cornerstone, L50, F|\n|poke|p1|Urshifu-*, L50, M|\n|poke|p1|Farigiraf, L50, F|\n|poke|p2|Ogerpon-Wellspring, L50, F|\n|poke|p2|Calyrex-Ice, L50|\n|poke|p2|Annihilape, L50, M|\n|poke|p2|Smeargle, L50, M|\n|poke|p2|Urshifu-*, L50, M|\n|poke|p2|Ursaluna-Bloodmoon, L50, M|\n|teampreview|4\nleolc0926 has agreed to open team sheets.\n|inactive|Battle timer is ON: inactive players will automatically lose when time's up. (requested by leolc0926)\n|\n|t:|1737508754\n|start\n|switch|p1a: Ogerpon|Ogerpon-Cornerstone, L50, F|100\/100\n|switch|p1b: \u30d0\u30c9\u30ec\u30c3\u30af\u30b9|Calyrex-Ice, L50|100\/100\n|switch|p2a: Calyrex|Calyrex-Ice, L50|100\/100\n|switch|p2b: Annihilape|Annihilape, L50, M|100\/100\n|-ability|p2a: Calyrex|As One\n|-ability|p2a: Calyrex|Unnerve\n|-ability|p1b: \u30d0\u30c9\u30ec\u30c3\u30af\u30b9|As One\n|-ability|p1b: \u30d0\u30c9\u30ec\u30c3\u30af\u30b9|Unnerve\n|turn|1\n|inactive|AnyaForger39 has 30 seconds left.\n|inactive|AnyaForger39 has 20 seconds left.\n|\n|t:|1737508793\n|move|p1a: Ogerpon|Power Whip|p2b: Annihilape\n|-damage|p2b: Annihilape|24\/100\n|move|p2b: Annihilape|Coaching|p2a: Calyrex\n|-boost|p2a: Calyrex|atk|1\n|-boost|p2a: Calyrex|def|1\n|move|p2a: Calyrex|Glacial Lance|p1b: \u30d0\u30c9\u30ec\u30c3\u30af\u30b9|[spread] p1a,p1b\n|-supereffective|p1a: Ogerpon\n|-resisted|p1b: \u30d0\u30c9\u30ec\u30c3\u30af\u30b9\n|-ability|p1a: Ogerpon|Sturdy\n|-damage|p1a: Ogerpon|1\/100\n|-damage|p1b: \u30d0\u30c9\u30ec\u30c3\u30af\u30b9|72\/100\n|move|p1b: \u30d0\u30c9\u30ec\u30c3\u30af\u30b9|Glacial Lance|p2b: Annihilape|[spread] p2a,p2b\n|-resisted|p2a: Calyrex\n|-damage|p2a: Calyrex|88\/100\n|-damage|p2b: Annihilape|0 fnt\n|faint|p2b: Annihilape\n|-ability|p1b: \u30d0\u30c9\u30ec\u30c3\u30af\u30b9|Chilling Neigh|boost\n|-boost|p1b: \u30d0\u30c9\u30ec\u30c3\u30af\u30b9|atk|1\n|\n|upkeep\n|j| Kaiju Krush\n|\n|t:|1737508814\n|switch|p2b: Urshifu|Urshifu, L50, M|100\/100\n|turn|2\n|\n|t:|1737508832\n|move|p1a: Ogerpon|Follow Me|p1a: Ogerpon\n|-singleturn|p1a: Ogerpon|move: Follow Me\n|move|p2b: Urshifu|Wicked Blow|p1a: Ogerpon\n|-crit|p1a: Ogerpon\n|-damage|p1a: Ogerpon|0 fnt\n|faint|p1a: Ogerpon\n|move|p2a: Calyrex|Glacial Lance|p1b: \u30d0\u30c9\u30ec\u30c3\u30af\u30b9\n|-resisted|p1b: \u30d0\u30c9\u30ec\u30c3\u30af\u30b9\n|-damage|p1b: \u30d0\u30c9\u30ec\u30c3\u30af\u30b9|32\/100\n|move|p1b: \u30d0\u30c9\u30ec\u30c3\u30af\u30b9|Trick Room|p1b: \u30d0\u30c9\u30ec\u30c3\u30af\u30b9\n|-fieldstart|move: Trick Room|[of] p1b: \u30d0\u30c9\u30ec\u30c3\u30af\u30b9\n|\n|upkeep\n|\n|t:|1737508836\n|switch|p1a: \u55b7\u706b\u4fa0|Torkoal, L50, M|100\/100\n|-weather|SunnyDay|[from] ability: Drought|[of] p1a: \u55b7\u706b\u4fa0\n|turn|3\n|\n|t:|1737508848\n|switch|p2b: Ogerpon|Ogerpon-Wellspring, L50, F|100\/100\n|-terastallize|p1a: \u55b7\u706b\u4fa0|Fire\n|-terastallize|p2a: Calyrex|Water\n|move|p1a: \u55b7\u706b\u4fa0|Eruption|p2a: Calyrex|[spread] p2a,p2b\n|-resisted|p2a: Calyrex\n|-damage|p2a: Calyrex|49\/100\n|-damage|p2b: Ogerpon|0 fnt\n|faint|p2b: Ogerpon\n|move|p1b: \u30d0\u30c9\u30ec\u30c3\u30af\u30b9|High Horsepower|p2a: Calyrex|[miss]\n|-miss|p1b: \u30d0\u30c9\u30ec\u30c3\u30af\u30b9|p2a: Calyrex\n|move|p2a: Calyrex|Trick Room|p2a: Calyrex\n|-fieldend|move: Trick Room\n|\n|-weather|SunnyDay|[upkeep]\n|upkeep\n|\n|t:|1737508863\n|switch|p2b: Urshifu|Urshifu, L50, M|100\/100\n|turn|4\n|\n|t:|1737508878\n|move|p2b: Urshifu|Wicked Blow|p1a: \u55b7\u706b\u4fa0\n|-crit|p1a: \u55b7\u706b\u4fa0\n|-damage|p1a: \u55b7\u706b\u4fa0|34\/100\n|move|p2a: Calyrex|High Horsepower|p1b: \u30d0\u30c9\u30ec\u30c3\u30af\u30b9\n|-damage|p1b: \u30d0\u30c9\u30ec\u30c3\u30af\u30b9|0 fnt\n|-enditem|p2a: Calyrex|Sitrus Berry|[eat]\n|-heal|p2a: Calyrex|74\/100|[from] item: Sitrus Berry\n|faint|p1b: \u30d0\u30c9\u30ec\u30c3\u30af\u30b9\n|-ability|p2a: Calyrex|Chilling Neigh|boost\n|-boost|p2a: Calyrex|atk|1\n|move|p1a: \u55b7\u706b\u4fa0|Weather Ball|p2b: Urshifu\n|-damage|p2b: Urshifu|0 fnt\n|faint|p2b: Urshifu\n|\n|-weather|SunnyDay|[upkeep]\n|upkeep\n|\n|t:|1737508891\n|switch|p1b: \u9e92\u9e9f\u4fa0|Farigiraf, L50, F|100\/100\n|turn|5\n|\n|t:|1737508907\n|move|p1a: \u55b7\u706b\u4fa0|Protect|p1a: \u55b7\u706b\u4fa0\n|-singleturn|p1a: \u55b7\u706b\u4fa0|Protect\n|move|p2a: Calyrex|Glacial Lance|p1a: \u55b7\u706b\u4fa0|[spread] p1b\n|-activate|p1a: \u55b7\u706b\u4fa0|move: Protect\n|-damage|p1b: \u9e92\u9e9f\u4fa0|3\/100\n|move|p1b: \u9e92\u9e9f\u4fa0|Trick Room|p1b: \u9e92\u9e9f\u4fa0\n|-fieldstart|move: Trick Room|[of] p1b: \u9e92\u9e9f\u4fa0\n|\n|-weather|SunnyDay|[upkeep]\n|upkeep\n|turn|6\n|inactive|leolc0926 has 30 seconds left.\n|inactive|leolc0926 has 20 seconds left.\n|\n|t:|1737508947\n|move|p1a: \u55b7\u706b\u4fa0|Weather Ball|p2a: Calyrex\n|-resisted|p2a: Calyrex\n|-damage|p2a: Calyrex|40\/100\n|move|p2a: Calyrex|Glacial Lance|p1a: \u55b7\u706b\u4fa0|[spread] p1a,p1b\n|-resisted|p1a: \u55b7\u706b\u4fa0\n|-damage|p1a: \u55b7\u706b\u4fa0|0 fnt\n|-damage|p1b: \u9e92\u9e9f\u4fa0|0 fnt\n|faint|p1a: \u55b7\u706b\u4fa0\n|faint|p1b: \u9e92\u9e9f\u4fa0\n|\n|win|AnyaForger39\n|raw|leolc0926's rating: 1550 &rarr; <strong>1528<\/strong><br \/>(-22 for losing)\n|raw|AnyaForger39's rating: 1509 &rarr; <strong>1531<\/strong><br \/>(+22 for winning)\n|l|\u2606AnyaForger39\n|player|p2|\n|c|\u2606leolc0926|gg\n|l|\u2606leolc0926\n|player|p1|\n|l| Kaiju Krush\n","uploadtime":1737508958,"views":10,"formatid":"gen9vgc2025regg","rating":1528,"private":0,"password":null}