{"id":"gen9vgc2025regg-2285409300","format":"[Gen 9] VGC 2025 Reg G","players":["zeimei","simReaper"],"log":"|j|\u2606zeimei\n|j|\u2606simReaper\n|t:|1737479775\n|gametype|doubles\n|player|p1|zeimei|266|1514\n|player|p2|simReaper|shadowtriad|1625\n|teamsize|p1|6\n|teamsize|p2|6\n|gen|9\n|tier|[Gen 9] VGC 2025 Reg G\n|rated|\n|rule|Species Clause: Limit one of each Pok\u00e9mon\n|rule|Item Clause: Limit 1 of each item\n|clearpoke\n|poke|p1|Calyrex-Shadow, L50|\n|poke|p1|Raging Bolt, L50|\n|poke|p1|Rillaboom, L50, F|\n|poke|p1|Incineroar, L50, M|\n|poke|p1|Urshifu-*, L50, F|\n|poke|p1|Clefairy, L50, M|\n|poke|p2|Annihilape, L50, M|\n|poke|p2|Whimsicott, L50, F|\n|poke|p2|Archaludon, L50, M|\n|poke|p2|Amoonguss, L50, F|\n|poke|p2|Kyogre, L50|\n|poke|p2|Grimmsnarl, L50, M|\n|teampreview|4\n|j| Golett Kombucha\n|\n|t:|1737479794\n|start\n|switch|p1a: Calyrex|Calyrex-Shadow, L50|100\/100\n|switch|p1b: Rillaboom|Rillaboom, L50, F|100\/100\n|switch|p2a: Grimmsnarl|Grimmsnarl, L50, M, shiny|100\/100\n|switch|p2b: Kyogre|Kyogre, L50, shiny|100\/100\n|-ability|p1a: Calyrex|As One\n|-ability|p1a: Calyrex|Unnerve\n|-weather|RainDance|[from] ability: Drizzle|[of] p2b: Kyogre\n|-fieldstart|move: Grassy Terrain|[from] ability: Grassy Surge|[of] p1b: Rillaboom\n|turn|1\n|inactive|Battle timer is ON: inactive players will automatically lose when time's up. (requested by simReaper)\n|\n|t:|1737479815\n|-terastallize|p1a: Calyrex|Grass\n|move|p2b: Kyogre|Protect|p2b: Kyogre\n|-singleturn|p2b: Kyogre|Protect\n|move|p1b: Rillaboom|Fake Out|p2a: Grimmsnarl\n|-damage|p2a: Grimmsnarl|86\/100\n|cant|p2a: Grimmsnarl|flinch\n|move|p1a: Calyrex|Nasty Plot|p1a: Calyrex\n|-boost|p1a: Calyrex|spa|2\n|\n|-weather|RainDance|[upkeep]\n|-heal|p2a: Grimmsnarl|92\/100|[from] Grassy Terrain\n|upkeep\n|turn|2\n|\n|t:|1737479832\n|switch|p2b: Amoonguss|Amoonguss, L50, F, shiny|100\/100\n|move|p2a: Grimmsnarl|Thunder Wave|p1a: Calyrex\n|-status|p1a: Calyrex|par\n|move|p1b: Rillaboom|U-turn|p2b: Amoonguss\n|-damage|p2b: Amoonguss|82\/100\n|-damage|p1b: Rillaboom|84\/100|[from] item: Rocky Helmet|[of] p2b: Amoonguss\n|\n|t:|1737479841\n|switch|p1b: Clefairy|Clefairy, L50, M|100\/100|[from] U-turn\n|move|p1a: Calyrex|Astral Barrage|p2a: Grimmsnarl|[spread] p2a,p2b\n|-resisted|p2a: Grimmsnarl\n|-damage|p2a: Grimmsnarl|43\/100\n|-damage|p2b: Amoonguss|0 fnt\n|faint|p2b: Amoonguss\n|-ability|p1a: Calyrex|Grim Neigh|boost\n|-boost|p1a: Calyrex|spa|1\n|\n|-weather|RainDance|[upkeep]\n|-heal|p2a: Grimmsnarl|49\/100|[from] Grassy Terrain\n|upkeep\n|\n|t:|1737479848\n|switch|p2b: Archaludon|Archaludon, L50, M, shiny|100\/100\n|turn|3\n|\n|t:|1737479857\n|move|p1b: Clefairy|Follow Me|p1b: Clefairy\n|-singleturn|p1b: Clefairy|move: Follow Me\n|move|p2a: Grimmsnarl|Light Screen|p2a: Grimmsnarl\n|-sidestart|p2: simReaper|move: Light Screen\n|move|p2b: Archaludon|Snarl|p1a: Calyrex|[spread] p1a,p1b\n|-resisted|p1b: Clefairy\n|-damage|p1a: Calyrex|92\/100 par\n|-damage|p1b: Clefairy|95\/100\n|-unboost|p1b: Clefairy|spa|1\n|move|p1a: Calyrex|Astral Barrage|p2a: Grimmsnarl|[spread] p2a,p2b\n|-resisted|p2a: Grimmsnarl\n|-damage|p2a: Grimmsnarl|9\/100\n|-damage|p2b: Archaludon|49\/100\n|-ability|p2b: Archaludon|Stamina|boost\n|-boost|p2b: Archaludon|def|1\n|\n|-weather|RainDance|[upkeep]\n|-heal|p2b: Archaludon|55\/100|[from] Grassy Terrain\n|-heal|p1a: Calyrex|98\/100 par|[from] Grassy Terrain\n|-heal|p2a: Grimmsnarl|15\/100|[from] Grassy Terrain\n|-heal|p1b: Clefairy|100\/100|[from] Grassy Terrain\n|upkeep\n|turn|4\n|\n|t:|1737479881\n|move|p1b: Clefairy|Follow Me|p1b: Clefairy\n|-singleturn|p1b: Clefairy|move: Follow Me\n|move|p2a: Grimmsnarl|Thunder Wave|p1b: Clefairy\n|-status|p1b: Clefairy|par\n|move|p2b: Archaludon|Electro Shot||[still]\n|-prepare|p2b: Archaludon|Electro Shot\n|-boost|p2b: Archaludon|spa|1\n|-anim|p2b: Archaludon|Electro Shot|p1b: Clefairy\n|-damage|p1b: Clefairy|51\/100 par\n|move|p1a: Calyrex|Astral Barrage|p2b: Archaludon|[spread] p2a,p2b\n|-resisted|p2a: Grimmsnarl\n|-damage|p2a: Grimmsnarl|0 fnt\n|-damage|p2b: Archaludon|2\/100\n|-ability|p2b: Archaludon|Stamina|boost\n|-boost|p2b: Archaludon|def|1\n|faint|p2a: Grimmsnarl\n|-ability|p1a: Calyrex|Grim Neigh|boost\n|-boost|p1a: Calyrex|spa|1\n|\n|-weather|RainDance|[upkeep]\n|-heal|p2b: Archaludon|8\/100|[from] Grassy Terrain\n|-heal|p1a: Calyrex|100\/100 par|[from] Grassy Terrain\n|-heal|p1b: Clefairy|58\/100 par|[from] Grassy Terrain\n|upkeep\n|\n|t:|1737479891\n|switch|p2a: Kyogre|Kyogre, L50, shiny|100\/100\n|turn|5\n|c|\u2606simReaper|how do you managed to never be para\n|\n|t:|1737479910\n|cant|p1b: Clefairy|par\n|move|p2a: Kyogre|Water Spout|p1b: Clefairy|[spread] p1a,p1b\n|-resisted|p1a: Calyrex\n|-damage|p1a: Calyrex|58\/100 par\n|-damage|p1b: Clefairy|0 fnt\n|faint|p1b: Clefairy\n|move|p2b: Archaludon|Flash Cannon|p1a: Calyrex\n|-damage|p1a: Calyrex|7\/100 par\n|cant|p1a: Calyrex|par\n|\n|-weather|none\n|-heal|p2b: Archaludon|14\/100|[from] Grassy Terrain\n|-heal|p1a: Calyrex|13\/100 par|[from] Grassy Terrain\n|-fieldend|move: Grassy Terrain\n|upkeep\n|c|\u2606simReaper|there ya go\n|inactive|zeimei has 30 seconds left.\n|\n|t:|1737479937\n|switch|p1b: Urshifu|Urshifu-Rapid-Strike, L50, F|100\/100\n|turn|6\n|\n|t:|1737479951\n|move|p2a: Kyogre|Water Spout|p1b: Urshifu|[spread] p1a,p1b\n|-resisted|p1a: Calyrex\n|-resisted|p1b: Urshifu\n|-damage|p1a: Calyrex|0 fnt\n|-damage|p1b: Urshifu|41\/100\n|faint|p1a: Calyrex\n|move|p1b: Urshifu|Close Combat|p2b: Archaludon\n|-supereffective|p2b: Archaludon\n|-damage|p2b: Archaludon|0 fnt\n|-unboost|p1b: Urshifu|def|1\n|-unboost|p1b: Urshifu|spd|1\n|faint|p2b: Archaludon\n|\n|upkeep\n|\n|t:|1737479963\n|switch|p1a: Rillaboom|Rillaboom, L50, F|84\/100\n|-fieldstart|move: Grassy Terrain|[from] ability: Grassy Surge|[of] p1a: Rillaboom\n|turn|7\n|\n|t:|1737479975\n|-terastallize|p2a: Kyogre|Grass\n|move|p1a: Rillaboom|Fake Out|p2a: Kyogre\n|-damage|p2a: Kyogre|85\/100\n|cant|p2a: Kyogre|flinch\n|move|p1b: Urshifu|Close Combat|p2a: Kyogre\n|-damage|p2a: Kyogre|9\/100\n|-unboost|p1b: Urshifu|def|1\n|-unboost|p1b: Urshifu|spd|1\n|\n|-heal|p2a: Kyogre|15\/100|[from] Grassy Terrain\n|-heal|p1b: Urshifu|47\/100|[from] Grassy Terrain\n|-heal|p1a: Rillaboom|90\/100|[from] Grassy Terrain\n|upkeep\n|turn|8\n|j| testperr\n|-message|simReaper forfeited.\n|\n|win|zeimei\n|raw|zeimei's rating: 1514 &rarr; <strong>1540<\/strong><br \/>(+26 for winning)\n|raw|simReaper's rating: 1625 &rarr; <strong>1599<\/strong><br \/>(-26 for losing)\n|l|\u2606simReaper\n|player|p2|\n|l| Golett Kombucha\n|l|\u2606zeimei\n|player|p1|\n","uploadtime":1737480203,"views":4,"formatid":"gen9vgc2025regg","rating":1540,"private":0,"password":null}