{"id":"gen9vgc2025regg-2285547870","format":"[Gen 9] VGC 2025 Reg G","players":["juacox300","Mildly Displeased"],"log":"|j|\u2606juacox300\n|j|\u2606Mildly Displeased\n|t:|1737493381\n|gametype|doubles\n|player|p1|juacox300|unknown|1565\n|player|p2|Mildly Displeased|lillie|1547\n|teamsize|p1|6\n|teamsize|p2|6\n|gen|9\n|tier|[Gen 9] VGC 2025 Reg G\n|rated|\n|rule|Species Clause: Limit one of each Pok\u00e9mon\n|rule|Item Clause: Limit 1 of each item\n|clearpoke\n|poke|p1|Iron Hands, L50|\n|poke|p1|Alcremie, L50, F|\n|poke|p1|Miraidon, L50|\n|poke|p1|Murkrow, L50, M|\n|poke|p1|Chi-Yu, L50|\n|poke|p1|Vikavolt, L50, F|\n|poke|p2|Primarina, L50, M|\n|poke|p2|Talonflame, L50, F|\n|poke|p2|Zamazenta-*, L50|\n|poke|p2|Rillaboom, L50, F|\n|poke|p2|Iron Treads, L50|\n|poke|p2|Entei, L50|\n|teampreview|4\n|\n|t:|1737493411\n|start\n|switch|p1a: Vikavolt|Vikavolt, L50, F, shiny|100\/100\n|switch|p1b: Iron Hands|Iron Hands, L50|100\/100\n|switch|p2a: Pippin|Zamazenta-Crowned, L50|100\/100\n|switch|p2b: Knotweed|Rillaboom, L50, F|100\/100\n|-ability|p2a: Pippin|Dauntless Shield|boost\n|-boost|p2a: Pippin|def|1\n|-fieldstart|move: Grassy Terrain|[from] ability: Grassy Surge|[of] p2b: Knotweed\n|turn|1\n|j| EllAkuro\n|\n|t:|1737493419\n|move|p1a: Vikavolt|Protect|p1a: Vikavolt\n|-singleturn|p1a: Vikavolt|Protect\n|move|p2b: Knotweed|Fake Out|p1b: Iron Hands\n|-damage|p1b: Iron Hands|91\/100\n|cant|p1b: Iron Hands|flinch\n|move|p2a: Pippin|Iron Defense|p2a: Pippin\n|-boost|p2a: Pippin|def|2\n|\n|-heal|p1b: Iron Hands|97\/100|[from] Grassy Terrain\n|upkeep\n|turn|2\n|\n|t:|1737493442\n|move|p2a: Pippin|Body Press|p1a: Vikavolt\n|-resisted|p1a: Vikavolt\n|-damage|p1a: Vikavolt|37\/100\n|move|p2b: Knotweed|High Horsepower|p1a: Vikavolt\n|-immune|p1a: Vikavolt|[from] ability: Levitate\n|move|p1b: Iron Hands|Drain Punch|p2b: Knotweed\n|-damage|p2b: Knotweed|61\/100\n|-heal|p1b: Iron Hands|100\/100|[from] drain|[of] p2b: Knotweed\n|move|p1a: Vikavolt|Bug Buzz|p2b: Knotweed\n|-supereffective|p2b: Knotweed\n|-damage|p2b: Knotweed|0 fnt\n|faint|p2b: Knotweed\n|\n|upkeep\n|\n|t:|1737493450\n|switch|p2b: Phoenix|Talonflame, L50, F, shiny|100\/100\n|turn|3\n|\n|t:|1737493457\n|move|p2b: Phoenix|Tailwind|p2b: Phoenix\n|-sidestart|p2: Mildly Displeased|move: Tailwind\n|move|p2a: Pippin|Iron Defense|p2a: Pippin\n|-boost|p2a: Pippin|def|2\n|move|p1b: Iron Hands|Wild Charge|p2b: Phoenix\n|-supereffective|p2b: Phoenix\n|-damage|p2b: Phoenix|0 fnt\n|faint|p2b: Phoenix\n|-damage|p1b: Iron Hands|85\/100|[from] Recoil\n|move|p1a: Vikavolt|Thunderbolt|p2a: Pippin\n|-damage|p2a: Pippin|55\/100\n|\n|-heal|p2a: Pippin|61\/100|[from] Grassy Terrain\n|-heal|p1b: Iron Hands|92\/100|[from] Grassy Terrain\n|upkeep\n|\n|t:|1737493459\n|switch|p2b: Tankie|Iron Treads, L50|100\/100\n|-enditem|p2b: Tankie|Booster Energy\n|-activate|p2b: Tankie|ability: Quark Drive|[fromitem]\n|-start|p2b: Tankie|quarkdrivespe\n|turn|4\n|\n|t:|1737493485\n|-terastallize|p2b: Tankie|Ground\n|move|p1a: Vikavolt|Protect|p1a: Vikavolt\n|-singleturn|p1a: Vikavolt|Protect\n|move|p2b: Tankie|High Horsepower|p1b: Iron Hands\n|-supereffective|p1b: Iron Hands\n|-damage|p1b: Iron Hands|20\/100\n|move|p2a: Pippin|Body Press|p1a: Vikavolt\n|-activate|p1a: Vikavolt|move: Protect\n|move|p1b: Iron Hands|Drain Punch|p2b: Tankie\n|-damage|p2b: Tankie|59\/100\n|-heal|p1b: Iron Hands|34\/100|[from] drain|[of] p2b: Tankie\n|\n|-heal|p2b: Tankie|65\/100|[from] Grassy Terrain\n|-heal|p2a: Pippin|67\/100|[from] Grassy Terrain\n|-heal|p1b: Iron Hands|40\/100|[from] Grassy Terrain\n|upkeep\n|turn|5\n|\n|t:|1737493513\n|move|p1a: Vikavolt|Protect|p1a: Vikavolt\n|-singleturn|p1a: Vikavolt|Protect\n|move|p2b: Tankie|High Horsepower|p1b: Iron Hands\n|-supereffective|p1b: Iron Hands\n|-damage|p1b: Iron Hands|0 fnt\n|faint|p1b: Iron Hands\n|-end|p1b: Iron Hands|Quark Drive|[silent]\n|move|p2a: Pippin|Body Press|p1a: Vikavolt\n|-activate|p1a: Vikavolt|move: Protect\n|\n|-heal|p2b: Tankie|71\/100|[from] Grassy Terrain\n|-heal|p2a: Pippin|73\/100|[from] Grassy Terrain\n|-fieldend|move: Grassy Terrain\n|upkeep\n|\n|t:|1737493517\n|switch|p1b: Chi-Yu|Chi-Yu, L50|100\/100\n|-ability|p1b: Chi-Yu|Beads of Ruin\n|turn|6\n|\n|t:|1737493533\n|-terastallize|p1b: Chi-Yu|Ghost\n|move|p2b: Tankie|High Horsepower|p1b: Chi-Yu\n|-damage|p1b: Chi-Yu|13\/100\n|move|p2a: Pippin|Body Press|p1a: Vikavolt\n|-resisted|p1a: Vikavolt\n|-damage|p1a: Vikavolt|0 fnt\n|faint|p1a: Vikavolt\n|move|p1b: Chi-Yu|Overheat|p2b: Tankie\n|-damage|p2b: Tankie|0 fnt\n|-unboost|p1b: Chi-Yu|spa|2\n|faint|p2b: Tankie\n|-end|p2b: Tankie|Quark Drive|[silent]\n|\n|-sideend|p2: Mildly Displeased|move: Tailwind\n|upkeep\n|\n|t:|1737493535\n|switch|p1a: Miraidon|Miraidon, L50|100\/100\n|-fieldstart|move: Electric Terrain|[from] ability: Hadron Engine|[of] p1a: Miraidon\n|turn|7\n|\n|t:|1737493544\n|move|p1b: Chi-Yu|Overheat|p2a: Pippin\n|-supereffective|p2a: Pippin\n|-damage|p2a: Pippin|0 fnt\n|-unboost|p1b: Chi-Yu|spa|2\n|faint|p2a: Pippin\n|\n|win|juacox300\n|raw|juacox300's rating: 1565 &rarr; <strong>1584<\/strong><br \/>(+19 for winning)\n|raw|Mildly Displeased's rating: 1547 &rarr; <strong>1528<\/strong><br \/>(-19 for losing)\n|l|\u2606Mildly Displeased\n|player|p2|\n|l|\u2606juacox300\n|player|p1|\n","uploadtime":1737493548,"views":60,"formatid":"gen9vgc2025regg","rating":1528,"private":0,"password":null}