{"id":"gen9vgc2025regg-2285121239","format":"[Gen 9] VGC 2025 Reg G","players":["StoopyLoopy","501JFW"],"log":"|j|\u2606StoopyLoopy\n|j|\u2606501JFW\n|t:|1737438035\n|gametype|doubles\n|player|p1|StoopyLoopy|piers|1545\n|player|p2|501JFW|102|1615\n|teamsize|p1|6\n|teamsize|p2|6\n|gen|9\n|tier|[Gen 9] VGC 2025 Reg G\n|rated|\n|rule|Species Clause: Limit one of each Pok\u00e9mon\n|rule|Item Clause: Limit 1 of each item\n|clearpoke\n|poke|p1|Calyrex-Ice, L50|\n|poke|p1|Iron Hands, L50|\n|poke|p1|Amoonguss, L50, M|\n|poke|p1|Landorus, L50, M|\n|poke|p1|Regieleki, L50|\n|poke|p1|Iron Jugulis, L50|\n|poke|p2|Calyrex-Ice, L50|\n|poke|p2|Iron Valiant, L50|\n|poke|p2|Urshifu-*, L50, M|\n|poke|p2|Pelipper, L50, F|\n|poke|p2|Landorus, L50, M|\n|poke|p2|Amoonguss, L50, F|\n|teampreview|4\n|inactive|Battle timer is ON: inactive players will automatically lose when time's up. (requested by 501JFW)\n|inactive|StoopyLoopy has 60 seconds left.\n|inactive|501JFW has 60 seconds left.\n|\n|t:|1737438094\n|start\n|switch|p1a: Calyrex|Calyrex-Ice, L50|100\/100\n|switch|p1b: Regieleki|Regieleki, L50, shiny|100\/100\n|switch|p2a: Calyrex|Calyrex-Ice, L50|100\/100\n|switch|p2b: Iron Valiant|Iron Valiant, L50, shiny|100\/100\n|-ability|p1a: Calyrex|As One\n|-ability|p1a: Calyrex|Unnerve\n|-ability|p2a: Calyrex|As One\n|-ability|p2a: Calyrex|Unnerve\n|-enditem|p2b: Iron Valiant|Booster Energy\n|-activate|p2b: Iron Valiant|ability: Quark Drive|[fromitem]\n|-start|p2b: Iron Valiant|quarkdrivespe\n|turn|1\n|j| VYNCHIOC\n|\n|t:|1737438112\n|move|p2b: Iron Valiant|Wide Guard|p2b: Iron Valiant\n|-singleturn|p2b: Iron Valiant|Wide Guard\n|move|p1b: Regieleki|Thunderbolt|p2b: Iron Valiant\n|-damage|p2b: Iron Valiant|25\/100\n|move|p1a: Calyrex|Glacial Lance|p2b: Iron Valiant|[spread] \n|-activate|p2a: Calyrex|move: Wide Guard\n|-activate|p2b: Iron Valiant|move: Wide Guard\n|move|p2a: Calyrex|High Horsepower|p1b: Regieleki\n|-supereffective|p1b: Regieleki\n|-enditem|p1b: Regieleki|Focus Sash\n|-damage|p1b: Regieleki|1\/100\n|\n|upkeep\n|turn|2\n|l| VYNCHIOC\n|inactive|501JFW has 30 seconds left.\n|\n|t:|1737438144\n|move|p2b: Iron Valiant|Coaching|p2a: Calyrex\n|-boost|p2a: Calyrex|atk|1\n|-boost|p2a: Calyrex|def|1\n|move|p1b: Regieleki|Volt Switch|p2b: Iron Valiant\n|-damage|p2b: Iron Valiant|0 fnt\n|faint|p2b: Iron Valiant\n|-end|p2b: Iron Valiant|Quark Drive|[silent]\n|\n|t:|1737438151\n|switch|p1b: Iron Hands|Iron Hands, L50|100\/100|[from] Volt Switch\n|move|p1a: Calyrex|High Horsepower|p2a: Calyrex\n|-damage|p2a: Calyrex|83\/100\n|move|p2a: Calyrex|Glacial Lance|p1b: Iron Hands|[spread] p1a,p1b\n|-resisted|p1a: Calyrex\n|-damage|p1a: Calyrex|73\/100\n|-damage|p1b: Iron Hands|42\/100\n|\n|upkeep\n|\n|t:|1737438160\n|switch|p2b: Urshifu|Urshifu-Rapid-Strike, L50, M|100\/100\n|turn|3\n|inactive|StoopyLoopy has 30 seconds left.\n|inactive|StoopyLoopy has 20 seconds left.\n|\n|t:|1737438197\n|move|p2b: Urshifu|Protect|p2b: Urshifu\n|-singleturn|p2b: Urshifu|Protect\n|move|p2a: Calyrex|Protect|p2a: Calyrex\n|-singleturn|p2a: Calyrex|Protect\n|move|p1b: Iron Hands|Fake Out|p2a: Calyrex\n|-activate|p2a: Calyrex|move: Protect\n|move|p1a: Calyrex|Glacial Lance|p2b: Urshifu|[spread] \n|-activate|p2a: Calyrex|move: Protect\n|-activate|p2b: Urshifu|move: Protect\n|\n|upkeep\n|turn|4\n|inactive|501JFW has 30 seconds left.\n|\n|t:|1737438228\n|move|p2b: Urshifu|Close Combat|p1a: Calyrex\n|-damage|p1a: Calyrex|31\/100\n|-unboost|p2b: Urshifu|def|1\n|-unboost|p2b: Urshifu|spd|1\n|move|p1a: Calyrex|Glacial Lance|p2a: Calyrex|[spread] p2a,p2b\n|-resisted|p2a: Calyrex\n|-resisted|p2b: Urshifu\n|-damage|p2a: Calyrex|71\/100\n|-damage|p2b: Urshifu|60\/100\n|move|p1b: Iron Hands|Wild Charge|p2b: Urshifu\n|-supereffective|p2b: Urshifu\n|-damage|p2b: Urshifu|0 fnt\n|faint|p2b: Urshifu\n|-damage|p1b: Iron Hands|31\/100|[from] Recoil\n|move|p2a: Calyrex|Glacial Lance|p1a: Calyrex|[spread] p1a,p1b\n|-resisted|p1a: Calyrex\n|-damage|p1a: Calyrex|5\/100\n|-damage|p1b: Iron Hands|0 fnt\n|faint|p1b: Iron Hands\n|-end|p1b: Iron Hands|Quark Drive|[silent]\n|-ability|p2a: Calyrex|Chilling Neigh|boost\n|-boost|p2a: Calyrex|atk|1\n|\n|upkeep\n|\n|t:|1737438252\n|switch|p2b: Pelipper|Pelipper, L50, F, shiny|100\/100\n|switch|p1b: Regieleki|Regieleki, L50, shiny|1\/100\n|-weather|RainDance|[from] ability: Drizzle|[of] p2b: Pelipper\n|turn|5\n|inactive|StoopyLoopy has 30 seconds left.\n|inactive|501JFW has 30 seconds left.\n|inactive|StoopyLoopy has 20 seconds left.\n|inactive|StoopyLoopy has 15 seconds left.\n|inactive|StoopyLoopy has 10 seconds left.\n|\n|t:|1737438301\n|-terastallize|p2b: Pelipper|Grass\n|move|p1b: Regieleki|Thunderbolt|p2b: Pelipper\n|-resisted|p2b: Pelipper\n|-damage|p2b: Pelipper|58\/100\n|move|p2b: Pelipper|Weather Ball|p1a: Calyrex\n|-damage|p1a: Calyrex|0 fnt\n|faint|p1a: Calyrex\n|-damage|p2b: Pelipper|48\/100|[from] item: Life Orb\n|move|p2a: Calyrex|Glacial Lance|p1b: Regieleki\n|-damage|p1b: Regieleki|0 fnt\n|faint|p1b: Regieleki\n|-ability|p2a: Calyrex|Chilling Neigh|boost\n|-boost|p2a: Calyrex|atk|1\n|\n|-weather|RainDance|[upkeep]\n|upkeep\n|\n|t:|1737438311\n|switch|p1b: Landorus|Landorus, L50, M|100\/100\n|turn|6\n|\n|t:|1737438318\n|-terastallize|p1b: Landorus|Poison\n|move|p1b: Landorus|Earth Power|p2a: Calyrex\n|-damage|p2a: Calyrex|28\/100\n|move|p2b: Pelipper|Weather Ball|p1b: Landorus\n|-damage|p1b: Landorus|0 fnt\n|faint|p1b: Landorus\n|-damage|p2b: Pelipper|39\/100|[from] item: Life Orb\n|\n|win|501JFW\n|raw|StoopyLoopy's rating: 1545 &rarr; <strong>1529<\/strong><br \/>(-16 for losing)\n|raw|501JFW's rating: 1615 &rarr; <strong>1631<\/strong><br \/>(+16 for winning)\n|l|\u2606501JFW\n|player|p2|\n|c|\u2606StoopyLoopy|tera grass\n|c|\u2606StoopyLoopy|so stupid\n|l|\u2606StoopyLoopy\n|player|p1|\n","uploadtime":1737438539,"views":14,"formatid":"gen9vgc2025regg","rating":1529,"private":0,"password":null}