{"id":"gen9vgc2025regg-2285994839","format":"[Gen 9] VGC 2025 Reg G","players":["blobbymcgee","i\u2764\u5a1c\u7984forever"],"log":"|j|\u2606blobbymcgee\n|j|\u2606i\u2764\u5a1c\u7984forever\n|t:|1737557268\n|gametype|doubles\n|player|p1|blobbymcgee|depotagent|1561\n|player|p2|i\u2764\u5a1c\u7984forever|youngcouple-gen4dp|1554\n|teamsize|p1|6\n|teamsize|p2|6\n|gen|9\n|tier|[Gen 9] VGC 2025 Reg G\n|rated|\n|rule|Species Clause: Limit one of each Pok\u00e9mon\n|rule|Item Clause: Limit 1 of each item\n|clearpoke\n|poke|p1|Incineroar, L50, F|\n|poke|p1|Amoonguss, L50, M|\n|poke|p1|Farigiraf, L50, M|\n|poke|p1|Terapagos, L50, M|\n|poke|p1|Rillaboom, L50, M|\n|poke|p1|Urshifu-*, L50, M|\n|poke|p2|Farigiraf, L50, F|\n|poke|p2|Groudon, L50|\n|poke|p2|Flutter Mane, L50|\n|poke|p2|Torkoal, L50, M|\n|poke|p2|Urshifu-*, L50, F|\n|poke|p2|Dragonite, L50, M|\n|teampreview|4\n|\n|t:|1737557288\n|start\n|switch|p1a: Terapagos|Terapagos, L50, M|100\/100\n|switch|p1b: Urshifu|Urshifu-Rapid-Strike, L50, M|100\/100\n|switch|p2a: Groudon|Groudon, L50|100\/100\n|switch|p2b: Flutter Mane|Flutter Mane, L50|100\/100\n|-activate|p1a: Terapagos|ability: Tera Shift\n|detailschange|p1a: Terapagos|Terapagos-Terastal, L50, M\n|-heal|p1a: Terapagos|100\/100|[silent]\n|-weather|SunnyDay|[from] ability: Drought|[of] p2a: Groudon\n|-activate|p2b: Flutter Mane|ability: Protosynthesis\n|-start|p2b: Flutter Mane|protosynthesisspa\n|turn|1\n|\n|t:|1737557305\n|-terastallize|p1a: Terapagos|Stellar\n|detailschange|p1a: Terapagos|Terapagos-Stellar, L50, M, tera:Stellar\n|-heal|p1a: Terapagos|100\/100|[silent]\n|-ability|p1a: Terapagos|Teraform Zero\n|-weather|none\n|-end|p2b: Flutter Mane|Protosynthesis\n|move|p2b: Flutter Mane|Dazzling Gleam|p1b: Urshifu|[spread] p1a,p1b\n|-supereffective|p1b: Urshifu\n|-damage|p1a: Terapagos|67\/100\n|-enditem|p1b: Urshifu|Focus Sash\n|-damage|p1b: Urshifu|1\/100\n|move|p1b: Urshifu|Surging Strikes|p2b: Flutter Mane\n|-crit|p2b: Flutter Mane\n|-damage|p2b: Flutter Mane|69\/100\n|-crit|p2b: Flutter Mane\n|-damage|p2b: Flutter Mane|34\/100\n|-crit|p2b: Flutter Mane\n|-damage|p2b: Flutter Mane|2\/100\n|-hitcount|p2b: Flutter Mane|3\n|move|p1a: Terapagos|Tera Starstorm|p2a: Groudon|[spread] p2a,p2b\n|-damage|p2a: Groudon|77\/100\n|-damage|p2b: Flutter Mane|0 fnt\n|faint|p2b: Flutter Mane\n|-end|p2b: Flutter Mane|Protosynthesis|[silent]\n|move|p2a: Groudon|Precipice Blades|p1a: Terapagos|[spread] p1a,p1b\n|-crit|p1b: Urshifu\n|-damage|p1a: Terapagos|34\/100\n|-damage|p1b: Urshifu|0 fnt\n|faint|p1b: Urshifu\n|\n|-heal|p1a: Terapagos|40\/100|[from] item: Leftovers\n|upkeep\n|\n|t:|1737557338\n|switch|p2b: Urshifu|Urshifu, L50, F|100\/100\n|switch|p1b: Rillaboom|Rillaboom, L50, M|100\/100\n|-fieldstart|move: Grassy Terrain|[from] ability: Grassy Surge|[of] p1b: Rillaboom\n|turn|2\n|\n|t:|1737557351\n|switch|p1a: Farigiraf|Farigiraf, L50, M|100\/100\n|-terastallize|p2b: Urshifu|Ghost\n|move|p2b: Urshifu|Close Combat|p1a: Farigiraf\n|-damage|p1a: Farigiraf|42\/100\n|-unboost|p2b: Urshifu|def|1\n|-unboost|p2b: Urshifu|spd|1\n|move|p1b: Rillaboom|Wood Hammer|p2a: Groudon\n|-supereffective|p2a: Groudon\n|-damage|p2a: Groudon|0 fnt\n|faint|p2a: Groudon\n|-damage|p1b: Rillaboom|76\/100|[from] Recoil\n|\n|-heal|p1b: Rillaboom|82\/100|[from] Grassy Terrain\n|-heal|p1a: Farigiraf|49\/100|[from] Grassy Terrain\n|upkeep\n|\n|t:|1737557365\n|switch|p2a: Dragonite|Dragonite, L50, M|100\/100\n|turn|3\n|\n|t:|1737557378\n|move|p2b: Urshifu|Close Combat|p1a: Farigiraf\n|-damage|p1a: Farigiraf|0 fnt\n|-unboost|p2b: Urshifu|def|1\n|-unboost|p2b: Urshifu|spd|1\n|faint|p1a: Farigiraf\n|move|p1b: Rillaboom|Wood Hammer|p2b: Urshifu\n|-damage|p2b: Urshifu|0 fnt\n|faint|p2b: Urshifu\n|-damage|p1b: Rillaboom|54\/100|[from] Recoil\n|move|p2a: Dragonite|Ice Spinner|p1b: Rillaboom\n|-supereffective|p1b: Rillaboom\n|-damage|p1b: Rillaboom|0 fnt\n|-fieldend|move: Grassy Terrain\n|faint|p1b: Rillaboom\n|\n|upkeep\n|\n|t:|1737557384\n|switch|p1a: Terapagos|Terapagos-Stellar, L50, M, tera:Stellar|40\/100\n|turn|4\n|\n|t:|1737557393\n|move|p1a: Terapagos|Protect|p1a: Terapagos\n|-singleturn|p1a: Terapagos|Protect\n|move|p2a: Dragonite|Ice Spinner|p1a: Terapagos\n|-activate|p1a: Terapagos|move: Protect\n|\n|-heal|p1a: Terapagos|46\/100|[from] item: Leftovers\n|upkeep\n|turn|5\n|\n|t:|1737557396\n|move|p1a: Terapagos|Tera Starstorm|p2a: Dragonite\n|-damage|p2a: Dragonite|79\/100\n|move|p2a: Dragonite|Ice Spinner|p1a: Terapagos\n|-damage|p1a: Terapagos|20\/100\n|\n|-heal|p1a: Terapagos|27\/100|[from] item: Leftovers\n|upkeep\n|turn|6\n|\n|t:|1737557403\n|move|p1a: Terapagos|Protect|p1a: Terapagos\n|-singleturn|p1a: Terapagos|Protect\n|move|p2a: Dragonite|Ice Spinner|p1a: Terapagos\n|-activate|p1a: Terapagos|move: Protect\n|\n|-heal|p1a: Terapagos|33\/100|[from] item: Leftovers\n|upkeep\n|turn|7\n|\n|t:|1737557406\n|move|p1a: Terapagos|Tera Starstorm|p2a: Dragonite\n|-damage|p2a: Dragonite|32\/100\n|move|p2a: Dragonite|Ice Spinner|p1a: Terapagos\n|-damage|p1a: Terapagos|7\/100\n|\n|-heal|p1a: Terapagos|13\/100|[from] item: Leftovers\n|upkeep\n|turn|8\n|\n|t:|1737557413\n|move|p1a: Terapagos|Tera Starstorm|p2a: Dragonite\n|-damage|p2a: Dragonite|0 fnt\n|faint|p2a: Dragonite\n|\n|win|blobbymcgee\n|raw|blobbymcgee's rating: 1561 &rarr; <strong>1581<\/strong><br \/>(+20 for winning)\n|raw|i\u2764\u5a1c\u7984forever's rating: 1554 &rarr; <strong>1534<\/strong><br \/>(-20 for losing)\n|l|\u2606blobbymcgee\n|player|p1|\n|l|\u2606i\u2764\u5a1c\u7984forever\n|player|p2|\n","uploadtime":1737557619,"views":16,"formatid":"gen9vgc2025regg","rating":1534,"private":0,"password":null}