{"id":"gen9vgc2025regg-2285440541","format":"[Gen 9] VGC 2025 Reg G","players":["actuary97","simReaper"],"log":"|j|\u2606actuary97\n|j|\u2606simReaper\n|t:|1737482794\n|gametype|doubles\n|player|p1|actuary97|sabrina-frlg|1587\n|player|p2|simReaper|shadowtriad|1628\n|teamsize|p1|6\n|teamsize|p2|6\n|gen|9\n|tier|[Gen 9] VGC 2025 Reg G\n|rated|\n|rule|Species Clause: Limit one of each Pok\u00e9mon\n|rule|Item Clause: Limit 1 of each item\n|clearpoke\n|poke|p1|Amoonguss, L50, F|\n|poke|p1|Comfey, L50, M|\n|poke|p1|Whimsicott, L50, M|\n|poke|p1|Rillaboom, L50, M|\n|poke|p1|Kyogre, L50|\n|poke|p1|Archaludon, L50, M|\n|poke|p2|Annihilape, L50, M|\n|poke|p2|Whimsicott, L50, M|\n|poke|p2|Archaludon, L50, M|\n|poke|p2|Amoonguss, L50, M|\n|poke|p2|Kyogre, L50|\n|poke|p2|Grimmsnarl, L50, M|\n|teampreview|4\n|inactive|Battle timer is ON: inactive players will automatically lose when time's up. (requested by simReaper)\n|\n|t:|1737482842\n|start\n|switch|p1a: Whimsicott|Whimsicott, L50, M, shiny|100\/100\n|switch|p1b: Archaludon|Archaludon, L50, M, shiny|100\/100\n|switch|p2a: Annihilape|Annihilape, L50, M, shiny|100\/100\n|switch|p2b: Whimsicott|Whimsicott, L50, M, shiny|100\/100\n|turn|1\n|inactive|simReaper has 30 seconds left.\n|\n|t:|1737482870\n|switch|p1b: Amoonguss|Amoonguss, L50, F, shiny|100\/100\n|-terastallize|p2b: Whimsicott|Ghost\n|move|p1a: Whimsicott|Tailwind|p1a: Whimsicott\n|-sidestart|p1: actuary97|move: Tailwind\n|move|p2b: Whimsicott|Tailwind|p2b: Whimsicott\n|-sidestart|p2: simReaper|move: Tailwind\n|move|p2a: Annihilape|Bulk Up|p2a: Annihilape\n|-boost|p2a: Annihilape|atk|1\n|-boost|p2a: Annihilape|def|1\n|\n|upkeep\n|turn|2\n|\n|t:|1737482885\n|move|p1a: Whimsicott|Encore|p2a: Annihilape\n|-start|p2a: Annihilape|Encore\n|move|p2b: Whimsicott|Beat Up|p2a: Annihilape\n|-damage|p2a: Annihilape|99\/100\n|-damage|p2a: Annihilape|97\/100\n|-damage|p2a: Annihilape|95\/100\n|-damage|p2a: Annihilape|93\/100\n|-hitcount|p2a: Annihilape|4\n|move|p2a: Annihilape|Bulk Up|p2a: Annihilape\n|-boost|p2a: Annihilape|atk|1\n|-boost|p2a: Annihilape|def|1\n|move|p1b: Amoonguss|Spore|p2b: Whimsicott\n|-status|p2b: Whimsicott|slp|[from] move: Spore\n|\n|-heal|p2a: Annihilape|99\/100|[from] item: Leftovers\n|upkeep\n|turn|3\n|\n|t:|1737482900\n|move|p1a: Whimsicott|Moonblast|p2a: Annihilape\n|-supereffective|p2a: Annihilape\n|-damage|p2a: Annihilape|44\/100\n|cant|p2b: Whimsicott|slp\n|move|p2a: Annihilape|Bulk Up|p2a: Annihilape\n|-boost|p2a: Annihilape|atk|1\n|-boost|p2a: Annihilape|def|1\n|move|p1b: Amoonguss|Clear Smog|p2a: Annihilape\n|-resisted|p2a: Annihilape\n|-damage|p2a: Annihilape|37\/100\n|-clearboost|p2a: Annihilape\n|\n|-heal|p2a: Annihilape|43\/100|[from] item: Leftovers\n|upkeep\n|turn|4\n|\n|t:|1737482917\n|switch|p2a: Grimmsnarl|Grimmsnarl, L50, M, shiny|100\/100\n|switch|p1b: Archaludon|Archaludon, L50, M, shiny|100\/100\n|-curestatus|p2b: Whimsicott|slp|[msg]\n|move|p2b: Whimsicott|Encore|p1a: Whimsicott\n|-start|p1a: Whimsicott|Encore\n|move|p1a: Whimsicott|Moonblast|p2a: Grimmsnarl\n|-supereffective|p2a: Grimmsnarl\n|-damage|p2a: Grimmsnarl|37\/100\n|-unboost|p2a: Grimmsnarl|spa|1\n|\n|-sideend|p2: simReaper|move: Tailwind\n|-sideend|p1: actuary97|move: Tailwind\n|upkeep\n|turn|5\n|j| iywsrh\n|inactive|actuary97 has 30 seconds left.\n|inactive|simReaper has 30 seconds left.\n|\n|t:|1737482948\n|switch|p1a: Amoonguss|Amoonguss, L50, F, shiny|100\/100\n|move|p2a: Grimmsnarl|Thunder Wave|p1b: Archaludon\n|-status|p1b: Archaludon|par\n|move|p2b: Whimsicott|Moonblast|p1a: Amoonguss\n|-resisted|p1a: Amoonguss\n|-damage|p1a: Amoonguss|83\/100\n|move|p1b: Archaludon|Flash Cannon|p2a: Grimmsnarl\n|-supereffective|p2a: Grimmsnarl\n|-damage|p2a: Grimmsnarl|0 fnt\n|faint|p2a: Grimmsnarl\n|\n|upkeep\n|\n|t:|1737482961\n|switch|p2a: Annihilape|Annihilape, L50, M, shiny|43\/100\n|turn|6\n|\n|t:|1737482981\n|switch|p1b: Whimsicott|Whimsicott, L50, M, shiny|100\/100\n|move|p2b: Whimsicott|Tailwind|p2b: Whimsicott\n|-sidestart|p2: simReaper|move: Tailwind\n|move|p2a: Annihilape|Rage Fist|p1a: Amoonguss\n|-damage|p1a: Amoonguss|0 fnt\n|-damage|p2a: Annihilape|27\/100|[from] item: Rocky Helmet|[of] p1a: Amoonguss\n|faint|p1a: Amoonguss\n|\n|-heal|p2a: Annihilape|33\/100|[from] item: Leftovers\n|upkeep\n|\n|t:|1737482994\n|switch|p1a: Kyogre|Kyogre, L50, shiny|100\/100\n|-weather|RainDance|[from] ability: Drizzle|[of] p1a: Kyogre\n|turn|7\n|\n|t:|1737483002\n|switch|p2a: Archaludon|Archaludon, L50, M, shiny|100\/100\n|move|p1b: Whimsicott|Tailwind|p1b: Whimsicott\n|-sidestart|p1: actuary97|move: Tailwind\n|move|p2b: Whimsicott|Moonblast|p1a: Kyogre\n|-damage|p1a: Kyogre|79\/100\n|move|p1a: Kyogre|Origin Pulse|p2a: Archaludon|[spread] p2a,p2b\n|-resisted|p2a: Archaludon\n|-damage|p2a: Archaludon|77\/100\n|-enditem|p2b: Whimsicott|Focus Sash\n|-damage|p2b: Whimsicott|1\/100\n|-ability|p2a: Archaludon|Stamina|boost\n|-boost|p2a: Archaludon|def|1\n|\n|-weather|RainDance|[upkeep]\n|upkeep\n|turn|8\n|\n|t:|1737483019\n|-terastallize|p1a: Kyogre|Grass\n|move|p1b: Whimsicott|Encore|p2b: Whimsicott\n|-start|p2b: Whimsicott|Encore\n|move|p2b: Whimsicott|Moonblast|p1b: Whimsicott\n|-damage|p1b: Whimsicott|43\/100\n|move|p1a: Kyogre|Calm Mind|p1a: Kyogre\n|-boost|p1a: Kyogre|spa|1\n|-boost|p1a: Kyogre|spd|1\n|move|p2a: Archaludon|Electro Shot||[still]\n|-prepare|p2a: Archaludon|Electro Shot\n|-boost|p2a: Archaludon|spa|1\n|-anim|p2a: Archaludon|Electro Shot|p1a: Kyogre\n|-resisted|p1a: Kyogre\n|-damage|p1a: Kyogre|65\/100\n|\n|-weather|RainDance|[upkeep]\n|upkeep\n|turn|9\n|\n|t:|1737483033\n|move|p2b: Whimsicott|Moonblast|p1b: Whimsicott\n|-damage|p1b: Whimsicott|0 fnt\n|faint|p1b: Whimsicott\n|move|p1a: Kyogre|Origin Pulse|p2b: Whimsicott|[spread] p2a,p2b\n|-resisted|p2a: Archaludon\n|-damage|p2a: Archaludon|41\/100\n|-damage|p2b: Whimsicott|0 fnt\n|-ability|p2a: Archaludon|Stamina|boost\n|-boost|p2a: Archaludon|def|1\n|faint|p2b: Whimsicott\n|move|p2a: Archaludon|Snarl|p1a: Kyogre\n|-damage|p1a: Kyogre|52\/100\n|\n|-weather|RainDance|[upkeep]\n|-sideend|p2: simReaper|move: Tailwind\n|upkeep\n|\n|t:|1737483050\n|switch|p2b: Annihilape|Annihilape, L50, M, shiny|33\/100\n|switch|p1b: Archaludon|Archaludon, L50, M, shiny|100\/100 par\n|turn|10\n|\n|t:|1737483065\n|move|p2b: Annihilape|Protect|p2b: Annihilape\n|-singleturn|p2b: Annihilape|Protect\n|move|p1a: Kyogre|Origin Pulse|p2b: Annihilape|[spread] \n|-activate|p2b: Annihilape|move: Protect\n|-miss|p1a: Kyogre|p2a: Archaludon\n|move|p2a: Archaludon|Snarl|p1b: Archaludon|[spread] p1a,p1b\n|-damage|p1a: Kyogre|44\/100\n|-damage|p1b: Archaludon|87\/100 par\n|-unboost|p1b: Archaludon|spa|1\n|-ability|p1b: Archaludon|Stamina|boost\n|-boost|p1b: Archaludon|def|1\n|move|p1b: Archaludon|Snarl|p2a: Archaludon|[spread] p2a\n|-activate|p2b: Annihilape|move: Protect\n|-damage|p2a: Archaludon|35\/100\n|-unboost|p2a: Archaludon|spa|1\n|-ability|p2a: Archaludon|Stamina|boost\n|-boost|p2a: Archaludon|def|1\n|\n|-weather|RainDance|[upkeep]\n|-heal|p2b: Annihilape|39\/100|[from] item: Leftovers\n|-sideend|p1: actuary97|move: Tailwind\n|upkeep\n|turn|11\n|\n|t:|1737483082\n|move|p2b: Annihilape|Rage Fist|p1a: Kyogre\n|-damage|p1a: Kyogre|0 fnt\n|faint|p1a: Kyogre\n|move|p2a: Archaludon|Body Press|p1b: Archaludon\n|-supereffective|p1b: Archaludon\n|-damage|p1b: Archaludon|32\/100 par\n|-ability|p1b: Archaludon|Stamina|boost\n|-boost|p1b: Archaludon|def|1\n|move|p1b: Archaludon|Electro Shot||[still]\n|-prepare|p1b: Archaludon|Electro Shot\n|-boost|p1b: Archaludon|spa|1\n|-anim|p1b: Archaludon|Electro Shot|p2b: Annihilape\n|-damage|p2b: Annihilape|4\/100\n|\n|-weather|none\n|-heal|p2b: Annihilape|10\/100|[from] item: Leftovers\n|upkeep\n|turn|12\n|c|\u2606simReaper|slow kyogre\n|c|\u2606actuary97|yea\n|c|\u2606actuary97|i have a tr mode\n|c|\u2606simReaper|ah yes\n|\n|t:|1737483103\n|move|p2b: Annihilape|Rage Fist|p1b: Archaludon\n|-damage|p1b: Archaludon|0 fnt\n|faint|p1b: Archaludon\n|\n|win|simReaper\n|raw|actuary97's rating: 1587 &rarr; <strong>1569<\/strong><br \/>(-18 for losing)\n|raw|simReaper's rating: 1628 &rarr; <strong>1646<\/strong><br \/>(+18 for winning)\n|j| Roly B\n|c|\u2606actuary97|gg\n|c|\u2606simReaper|gg\n|l|\u2606simReaper\n|player|p2|\n|l| iywsrh\n","uploadtime":1737483276,"views":32,"formatid":"gen9vgc2025regg","rating":1569,"private":0,"password":null}