{"id":"gen9vgc2025regg-2285126374","format":"[Gen 9] VGC 2025 Reg G","players":["badpiplupvgc","googer315"],"log":"|j|\u2606badpiplupvgc\n|j|\u2606googer315\n|t:|1737438948\n|gametype|doubles\n|player|p1|badpiplupvgc|170|1574\n|player|p2|googer315|101|1632\n|teamsize|p1|6\n|teamsize|p2|6\n|gen|9\n|tier|[Gen 9] VGC 2025 Reg G\n|rated|\n|rule|Species Clause: Limit one of each Pok\u00e9mon\n|rule|Item Clause: Limit 1 of each item\n|clearpoke\n|poke|p1|Calyrex-Ice, L50|\n|poke|p1|Amoonguss, L50, M|\n|poke|p1|Raging Bolt, L50|\n|poke|p1|Chi-Yu, L50|\n|poke|p1|Rillaboom, L50, F|\n|poke|p1|Urshifu-*, L50, M|\n|poke|p2|Calyrex-Ice, L50|\n|poke|p2|Ting-Lu, L50|\n|poke|p2|Dondozo, L50, F|\n|poke|p2|Urshifu-*, L50, F|\n|poke|p2|Ogerpon-Hearthflame, L50, F|\n|poke|p2|Rillaboom, L50, F|\n|teampreview|4\n|inactive|Battle timer is ON: inactive players will automatically lose when time's up. (requested by googer315)\n|\n|t:|1737438994\n|start\n|switch|p1a: Raging Bolt|Raging Bolt, L50|100\/100\n|switch|p1b: Urshifu|Urshifu, L50, M|100\/100\n|switch|p2a: Ogerpon|Ogerpon-Hearthflame, L50, F|100\/100\n|switch|p2b: Rillaboom|Rillaboom, L50, F|100\/100\n|-ability|p2a: Ogerpon|Mold Breaker\n|-fieldstart|move: Grassy Terrain|[from] ability: Grassy Surge|[of] p2b: Rillaboom\n|-enditem|p1a: Raging Bolt|Booster Energy\n|-activate|p1a: Raging Bolt|ability: Protosynthesis|[fromitem]\n|-start|p1a: Raging Bolt|protosynthesisspa\n|turn|1\n|\n|t:|1737439018\n|move|p1b: Urshifu|Detect|p1b: Urshifu\n|-singleturn|p1b: Urshifu|Protect\n|move|p1a: Raging Bolt|Protect|p1a: Raging Bolt\n|-singleturn|p1a: Raging Bolt|Protect\n|move|p2b: Rillaboom|Fake Out|p1b: Urshifu\n|-activate|p1b: Urshifu|move: Protect\n|move|p2a: Ogerpon|Swords Dance|p2a: Ogerpon\n|-boost|p2a: Ogerpon|atk|2\n|\n|upkeep\n|turn|2\n|inactive|badpiplupvgc has 30 seconds left.\n|inactive|googer315 has 30 seconds left.\n|inactive|badpiplupvgc has 20 seconds left.\n|inactive|googer315 has 20 seconds left.\n|inactive|badpiplupvgc has 15 seconds left.\n|inactive|googer315 has 15 seconds left.\n|inactive|badpiplupvgc has 10 seconds left.\n|inactive|googer315 has 10 seconds left.\n|inactive|badpiplupvgc has 5 seconds left.\n|\n|t:|1737439072\n|move|p2a: Ogerpon|Grassy Glide|p1b: Urshifu\n|-damage|p1b: Urshifu|18\/100\n|move|p2b: Rillaboom|Grassy Glide|p1b: Urshifu\n|-damage|p1b: Urshifu|0 fnt\n|faint|p1b: Urshifu\n|move|p1a: Raging Bolt|Draco Meteor|p2a: Ogerpon|[miss]\n|-miss|p1a: Raging Bolt|p2a: Ogerpon\n|\n|upkeep\n|\n|t:|1737439086\n|switch|p1b: Calyrex|Calyrex-Ice, L50|100\/100\n|-ability|p1b: Calyrex|As One\n|-ability|p1b: Calyrex|Unnerve\n|turn|3\n|inactive|googer315 has 30 seconds left.\n|\n|t:|1737439117\n|-terastallize|p1b: Calyrex|Fire\n|move|p2a: Ogerpon|Ivy Cudgel|p1a: Raging Bolt|[anim] Ivy Cudgel Fire\n|-resisted|p1a: Raging Bolt\n|-damage|p1a: Raging Bolt|42\/100\n|move|p1a: Raging Bolt|Thunderbolt|p2b: Rillaboom\n|-resisted|p2b: Rillaboom\n|-damage|p2b: Rillaboom|79\/100\n|move|p2b: Rillaboom|High Horsepower|p1a: Raging Bolt\n|-supereffective|p1a: Raging Bolt\n|-crit|p1a: Raging Bolt\n|-damage|p1a: Raging Bolt|0 fnt\n|faint|p1a: Raging Bolt\n|-end|p1a: Raging Bolt|Protosynthesis|[silent]\n|move|p1b: Calyrex|Glacial Lance|p2b: Rillaboom|[spread] p2a,p2b\n|-supereffective|p2b: Rillaboom\n|-damage|p2a: Ogerpon|23\/100\n|-damage|p2b: Rillaboom|0 fnt\n|faint|p2b: Rillaboom\n|-ability|p1b: Calyrex|Chilling Neigh|boost\n|-boost|p1b: Calyrex|atk|1\n|\n|-heal|p2a: Ogerpon|29\/100|[from] Grassy Terrain\n|upkeep\n|\n|t:|1737439135\n|switch|p1a: Rillaboom|Rillaboom, L50, F|100\/100\n|switch|p2b: Urshifu|Urshifu-Rapid-Strike, L50, F|100\/100\n|turn|4\n|inactive|badpiplupvgc has 30 seconds left.\n|inactive|badpiplupvgc has 20 seconds left.\n|inactive|badpiplupvgc has 15 seconds left.\n|inactive|badpiplupvgc has 10 seconds left.\n|inactive|badpiplupvgc has 5 seconds left.\n|\n|t:|1737439189\n|move|p1a: Rillaboom|Fake Out|p2b: Urshifu\n|-damage|p2b: Urshifu|86\/100\n|move|p2a: Ogerpon|Ivy Cudgel|p1a: Rillaboom|[anim] Ivy Cudgel Fire\n|-supereffective|p1a: Rillaboom\n|-damage|p1a: Rillaboom|0 fnt\n|faint|p1a: Rillaboom\n|cant|p2b: Urshifu|flinch\n|move|p1b: Calyrex|Trick Room|p1b: Calyrex\n|-fieldstart|move: Trick Room|[of] p1b: Calyrex\n|\n|-heal|p2b: Urshifu|93\/100|[from] Grassy Terrain\n|-heal|p2a: Ogerpon|34\/100|[from] Grassy Terrain\n|upkeep\n|turn|5\n|-message|badpiplupvgc forfeited.\n|\n|win|googer315\n|raw|badpiplupvgc's rating: 1574 &rarr; <strong>1557<\/strong><br \/>(-17 for losing)\n|raw|googer315's rating: 1632 &rarr; <strong>1649<\/strong><br \/>(+17 for winning)\n|l|\u2606badpiplupvgc\n|player|p1|\n","uploadtime":1737439373,"views":19,"formatid":"gen9vgc2025regg","rating":1557,"private":0,"password":null}