{"id":"gen9vgc2025regg-2285459743","format":"[Gen 9] VGC 2025 Reg G","players":["Acblade","Bef6"],"log":"|j|\u2606Acblade\n|j|\u2606Bef6\n|t:|1737484622\n|gametype|doubles\n|player|p1|Acblade|lucas|1656\n|player|p2|Bef6|lucas|1803\n|teamsize|p1|6\n|teamsize|p2|6\n|gen|9\n|tier|[Gen 9] VGC 2025 Reg G\n|rated|\n|rule|Species Clause: Limit one of each Pok\u00e9mon\n|rule|Item Clause: Limit 1 of each item\n|clearpoke\n|poke|p1|Tornadus, L50, M|\n|poke|p1|Chi-Yu, L50|\n|poke|p1|Flutter Mane, L50|\n|poke|p1|Koraidon, L50|\n|poke|p1|Raging Bolt, L50|\n|poke|p1|Farigiraf, L50, M|\n|poke|p2|Lunala, L50|\n|poke|p2|Indeedee-F, L50, F|\n|poke|p2|Tornadus, L50, M|\n|poke|p2|Ursaluna, L50, F|\n|poke|p2|Chi-Yu, L50|\n|poke|p2|Iron Bundle, L50|\n|teampreview|4\n|inactive|Battle timer is ON: inactive players will automatically lose when time's up. (requested by Acblade)\n|inactive|Bef6 has 60 seconds left.\n|\n|t:|1737484656\n|start\n|switch|p1a: Tornadus|Tornadus, L50, M|100\/100\n|switch|p1b: Koraidon|Koraidon, L50|100\/100\n|switch|p2a: Tornadus|Tornadus, L50, M|100\/100\n|switch|p2b: Chi-Yu|Chi-Yu, L50|100\/100\n|-weather|SunnyDay|[from] ability: Orichalcum Pulse|[of] p1b: Koraidon\n|-activate|p1b: Koraidon|Orichalcum Pulse|[source]\n|-ability|p2b: Chi-Yu|Beads of Ruin\n|turn|1\n|\n|t:|1737484670\n|move|p1b: Koraidon|Flare Blitz|p2a: Tornadus\n|-enditem|p2a: Tornadus|Focus Sash\n|-damage|p2a: Tornadus|1\/100\n|-damage|p1b: Koraidon|71\/100|[from] Recoil\n|move|p2a: Tornadus|Bleakwind Storm|p1b: Koraidon|[spread] p1a,p1b\n|-supereffective|p1b: Koraidon\n|-damage|p1a: Tornadus|35\/100\n|-damage|p1b: Koraidon|0 fnt\n|faint|p1b: Koraidon\n|move|p1a: Tornadus|Bleakwind Storm|p2b: Chi-Yu|[spread] p2b\n|-miss|p1a: Tornadus|p2a: Tornadus\n|-damage|p2b: Chi-Yu|63\/100\n|move|p2b: Chi-Yu|Heat Wave|p1a: Tornadus\n|-crit|p1a: Tornadus\n|-damage|p1a: Tornadus|0 fnt\n|faint|p1a: Tornadus\n|\n|-weather|SunnyDay|[upkeep]\n|upkeep\n|\n|t:|1737484685\n|switch|p1b: Flutter Mane|Flutter Mane, L50|100\/100\n|switch|p1a: Chi-Yu|Chi-Yu, L50|100\/100\n|-ability|p1a: Chi-Yu|Beads of Ruin\n|-activate|p1b: Flutter Mane|ability: Protosynthesis\n|-start|p1b: Flutter Mane|protosynthesisspe\n|turn|2\n|inactive|Acblade has 30 seconds left.\n|\n|t:|1737484715\n|move|p2a: Tornadus|Tailwind|p2a: Tornadus\n|-sidestart|p2: Bef6|move: Tailwind\n|move|p2b: Chi-Yu|Snarl|p1a: Chi-Yu|[spread] p1a,p1b\n|-resisted|p1a: Chi-Yu\n|-damage|p1a: Chi-Yu|91\/100\n|-damage|p1b: Flutter Mane|73\/100\n|-unboost|p1a: Chi-Yu|spa|1\n|-unboost|p1b: Flutter Mane|spa|1\n|move|p1b: Flutter Mane|Moonblast|p2b: Chi-Yu\n|-damage|p2b: Chi-Yu|15\/100\n|move|p1a: Chi-Yu|Snarl|p2b: Chi-Yu|[spread] p2b\n|-miss|p1a: Chi-Yu|p2a: Tornadus\n|-resisted|p2b: Chi-Yu\n|-damage|p2b: Chi-Yu|8\/100\n|\n|-weather|SunnyDay|[upkeep]\n|upkeep\n|turn|3\n|\n|t:|1737484730\n|move|p2a: Tornadus|Rain Dance|p2a: Tornadus\n|-weather|RainDance\n|-end|p1b: Flutter Mane|Protosynthesis\n|move|p2b: Chi-Yu|Snarl|p1a: Chi-Yu|[spread] p1a,p1b\n|-resisted|p1a: Chi-Yu\n|-crit|p1b: Flutter Mane\n|-damage|p1a: Chi-Yu|81\/100\n|-damage|p1b: Flutter Mane|37\/100\n|-unboost|p1a: Chi-Yu|spa|1\n|-unboost|p1b: Flutter Mane|spa|1\n|move|p1a: Chi-Yu|Snarl|p2b: Chi-Yu|[spread] p2a,p2b\n|-resisted|p2b: Chi-Yu\n|-damage|p2a: Tornadus|0 fnt\n|-damage|p2b: Chi-Yu|3\/100\n|faint|p2a: Tornadus\n|move|p1b: Flutter Mane|Moonblast|p2b: Chi-Yu\n|-damage|p2b: Chi-Yu|0 fnt\n|faint|p2b: Chi-Yu\n|\n|-weather|RainDance|[upkeep]\n|upkeep\n|j| bluestraggler02\n|\n|t:|1737484741\n|switch|p2a: Lunala|Lunala, L50|100\/100\n|switch|p2b: Iron Bundle|Iron Bundle, L50|100\/100\n|-enditem|p2b: Iron Bundle|Booster Energy\n|-activate|p2b: Iron Bundle|ability: Quark Drive|[fromitem]\n|-start|p2b: Iron Bundle|quarkdrivespe\n|turn|4\n|\n|t:|1737484758\n|-terastallize|p2a: Lunala|Fairy\n|move|p2b: Iron Bundle|Icy Wind|p1a: Chi-Yu|[spread] p1a,p1b\n|-resisted|p1a: Chi-Yu\n|-damage|p1a: Chi-Yu|70\/100\n|-damage|p1b: Flutter Mane|11\/100\n|-unboost|p1a: Chi-Yu|spe|1\n|-unboost|p1b: Flutter Mane|spe|1\n|move|p2a: Lunala|Meteor Beam||[still]\n|-prepare|p2a: Lunala|Meteor Beam\n|-boost|p2a: Lunala|spa|1\n|-enditem|p2a: Lunala|Power Herb\n|-anim|p2a: Lunala|Meteor Beam|p1a: Chi-Yu|[miss]\n|-miss|p2a: Lunala|p1a: Chi-Yu\n|move|p1a: Chi-Yu|Snarl|p2b: Iron Bundle|[spread] p2a,p2b\n|-resisted|p2a: Lunala\n|-damage|p2a: Lunala|98\/100\n|-damage|p2b: Iron Bundle|75\/100\n|-unboost|p2a: Lunala|spa|1\n|-unboost|p2b: Iron Bundle|spa|1\n|move|p1b: Flutter Mane|Moonblast|p2b: Iron Bundle\n|-damage|p2b: Iron Bundle|0 fnt\n|faint|p2b: Iron Bundle\n|-end|p2b: Iron Bundle|Quark Drive|[silent]\n|\n|-weather|RainDance|[upkeep]\n|upkeep\n|turn|5\n|l| bluestraggler02\n|\n|t:|1737484780\n|-terastallize|p1b: Flutter Mane|Fairy\n|move|p2a: Lunala|Moongeist Beam|p1b: Flutter Mane\n|-damage|p1b: Flutter Mane|0 fnt\n|faint|p1b: Flutter Mane\n|-end|p1b: Flutter Mane|Protosynthesis|[silent]\n|move|p1a: Chi-Yu|Snarl|p2a: Lunala\n|-resisted|p2a: Lunala\n|-damage|p2a: Lunala|90\/100\n|-unboost|p2a: Lunala|spa|1\n|\n|-weather|RainDance|[upkeep]\n|-sideend|p2: Bef6|move: Tailwind\n|upkeep\n|turn|6\n|\n|t:|1737484791\n|move|p2a: Lunala|Wide Guard|p2a: Lunala\n|-singleturn|p2a: Lunala|Wide Guard\n|move|p1a: Chi-Yu|Snarl|p2a: Lunala\n|-activate|p2a: Lunala|move: Wide Guard\n|\n|-weather|RainDance|[upkeep]\n|upkeep\n|turn|7\n|\n|t:|1737484794\n|move|p2a: Lunala|Wide Guard|p2a: Lunala\n|-singleturn|p2a: Lunala|Wide Guard\n|move|p1a: Chi-Yu|Snarl|p2a: Lunala\n|-activate|p2a: Lunala|move: Wide Guard\n|\n|-weather|none\n|upkeep\n|turn|8\n|\n|t:|1737484796\n|move|p2a: Lunala|Wide Guard|p2a: Lunala\n|-singleturn|p2a: Lunala|Wide Guard\n|move|p1a: Chi-Yu|Snarl|p2a: Lunala\n|-activate|p2a: Lunala|move: Wide Guard\n|\n|upkeep\n|turn|9\n|\n|t:|1737484800\n|move|p2a: Lunala|Wide Guard|p2a: Lunala\n|-singleturn|p2a: Lunala|Wide Guard\n|move|p1a: Chi-Yu|Snarl|p2a: Lunala\n|-activate|p2a: Lunala|move: Wide Guard\n|\n|upkeep\n|turn|10\n|\n|t:|1737484803\n|move|p2a: Lunala|Wide Guard|p2a: Lunala\n|-singleturn|p2a: Lunala|Wide Guard\n|move|p1a: Chi-Yu|Snarl|p2a: Lunala\n|-activate|p2a: Lunala|move: Wide Guard\n|\n|upkeep\n|turn|11\n|\n|t:|1737484805\n|move|p2a: Lunala|Wide Guard|p2a: Lunala\n|-singleturn|p2a: Lunala|Wide Guard\n|move|p1a: Chi-Yu|Snarl|p2a: Lunala\n|-activate|p2a: Lunala|move: Wide Guard\n|\n|upkeep\n|turn|12\n|\n|t:|1737484814\n|move|p2a: Lunala|Wide Guard|p2a: Lunala\n|-singleturn|p2a: Lunala|Wide Guard\n|move|p1a: Chi-Yu|Snarl|p2a: Lunala\n|-activate|p2a: Lunala|move: Wide Guard\n|\n|upkeep\n|turn|13\n|\n|t:|1737484818\n|move|p2a: Lunala|Wide Guard|p2a: Lunala\n|-singleturn|p2a: Lunala|Wide Guard\n|move|p1a: Chi-Yu|Snarl|p2a: Lunala\n|-activate|p2a: Lunala|move: Wide Guard\n|\n|upkeep\n|turn|14\n|\n|t:|1737484820\n|move|p2a: Lunala|Wide Guard|p2a: Lunala\n|-singleturn|p2a: Lunala|Wide Guard\n|move|p1a: Chi-Yu|Snarl|p2a: Lunala\n|-activate|p2a: Lunala|move: Wide Guard\n|\n|upkeep\n|turn|15\n|\n|t:|1737484823\n|move|p2a: Lunala|Wide Guard|p2a: Lunala\n|-singleturn|p2a: Lunala|Wide Guard\n|move|p1a: Chi-Yu|Snarl|p2a: Lunala\n|-activate|p2a: Lunala|move: Wide Guard\n|\n|upkeep\n|turn|16\n|\n|t:|1737484825\n|move|p2a: Lunala|Wide Guard|p2a: Lunala\n|-singleturn|p2a: Lunala|Wide Guard\n|move|p1a: Chi-Yu|Snarl|p2a: Lunala\n|-activate|p2a: Lunala|move: Wide Guard\n|\n|upkeep\n|turn|17\n|\n|t:|1737484830\n|move|p2a: Lunala|Wide Guard|p2a: Lunala\n|-singleturn|p2a: Lunala|Wide Guard\n|move|p1a: Chi-Yu|Snarl|p2a: Lunala\n|-activate|p2a: Lunala|move: Wide Guard\n|\n|upkeep\n|turn|18\n|\n|t:|1737484833\n|move|p2a: Lunala|Wide Guard|p2a: Lunala\n|-singleturn|p2a: Lunala|Wide Guard\n|move|p1a: Chi-Yu|Snarl|p2a: Lunala\n|-activate|p2a: Lunala|move: Wide Guard\n|\n|upkeep\n|turn|19\n|\n|t:|1737484836\n|move|p2a: Lunala|Wide Guard|p2a: Lunala\n|-singleturn|p2a: Lunala|Wide Guard\n|move|p1a: Chi-Yu|Snarl|p2a: Lunala\n|-activate|p2a: Lunala|move: Wide Guard\n|\n|upkeep\n|turn|20\n|\n|t:|1737484837\n|move|p2a: Lunala|Wide Guard|p2a: Lunala\n|-singleturn|p2a: Lunala|Wide Guard\n|move|p1a: Chi-Yu|Snarl|p2a: Lunala\n|-activate|p2a: Lunala|move: Wide Guard\n|\n|upkeep\n|turn|21\n|\n|t:|1737484841\n|move|p2a: Lunala|Wide Guard|p2a: Lunala\n|-singleturn|p2a: Lunala|Wide Guard\n|move|p1a: Chi-Yu|Snarl|p2a: Lunala\n|-activate|p2a: Lunala|move: Wide Guard\n|\n|upkeep\n|turn|22\n|\n|t:|1737484845\n|move|p1a: Chi-Yu|Snarl|p2a: Lunala\n|-resisted|p2a: Lunala\n|-damage|p2a: Lunala|83\/100\n|-unboost|p2a: Lunala|spa|1\n|move|p2a: Lunala|Meteor Beam||[still]\n|-prepare|p2a: Lunala|Meteor Beam\n|-boost|p2a: Lunala|spa|1\n|\n|upkeep\n|turn|23\n|\n|t:|1737484852\n|move|p1a: Chi-Yu|Snarl|p2a: Lunala\n|-resisted|p2a: Lunala\n|-damage|p2a: Lunala|76\/100\n|-unboost|p2a: Lunala|spa|1\n|move|p2a: Lunala|Meteor Beam|p1a: Chi-Yu|[from] lockedmove\n|-supereffective|p1a: Chi-Yu\n|-damage|p1a: Chi-Yu|18\/100\n|\n|upkeep\n|turn|24\n|\n|t:|1737484861\n|move|p1a: Chi-Yu|Snarl|p2a: Lunala\n|-resisted|p2a: Lunala\n|-damage|p2a: Lunala|69\/100\n|-unboost|p2a: Lunala|spa|1\n|move|p2a: Lunala|Moongeist Beam|p1a: Chi-Yu\n|-resisted|p1a: Chi-Yu\n|-damage|p1a: Chi-Yu|5\/100\n|\n|upkeep\n|turn|25\n|\n|t:|1737484865\n|move|p1a: Chi-Yu|Snarl|p2a: Lunala\n|-resisted|p2a: Lunala\n|-damage|p2a: Lunala|63\/100\n|-unboost|p2a: Lunala|spa|1\n|move|p2a: Lunala|Moongeist Beam|p1a: Chi-Yu\n|-resisted|p1a: Chi-Yu\n|-damage|p1a: Chi-Yu|0 fnt\n|faint|p1a: Chi-Yu\n|\n|win|Bef6\n|raw|Acblade's rating: 1656 &rarr; <strong>1644<\/strong><br \/>(-12 for losing)\n|raw|Bef6's rating: 1803 &rarr; <strong>1815<\/strong><br \/>(+12 for winning)\n|l|\u2606Bef6\n|player|p2|\n|l|\u2606Acblade\n|player|p1|\n","uploadtime":1737485096,"views":63,"formatid":"gen9vgc2025regg","rating":1644,"private":0,"password":null}