{"id":"gen9vgc2025regg-2285783338","format":"[Gen 9] VGC 2025 Reg G","players":["Imnotagni","dnut1"],"log":"|j|\u2606Imnotagni\n|j|\u2606dnut1\n|t:|1737522833\n|gametype|doubles\n|player|p1|Imnotagni|policeman-gen4|1564\n|player|p2|dnut1|265|1608\n|teamsize|p1|6\n|teamsize|p2|6\n|gen|9\n|tier|[Gen 9] VGC 2025 Reg G\n|rated|\n|rule|Species Clause: Limit one of each Pok\u00e9mon\n|rule|Item Clause: Limit 1 of each item\n|clearpoke\n|poke|p1|Zacian-*, L50|\n|poke|p1|Whimsicott, L50, F|\n|poke|p1|Chi-Yu, L50|\n|poke|p1|Regidrago, L50|\n|poke|p1|Ogerpon-Wellspring, L50, F|\n|poke|p1|Ditto, L50|\n|poke|p2|Weezing-Galar, L50, F|\n|poke|p2|Dondozo, L50, M|\n|poke|p2|Calyrex-Shadow, L50|\n|poke|p2|Tatsugiri-Droopy, L50, M|\n|poke|p2|Indeedee-F, L50, F|\n|poke|p2|Urshifu-*, L50, M|\n|teampreview|4\n|inactive|Battle timer is ON: inactive players will automatically lose when time's up. (requested by Imnotagni)\n|inactive|dnut1 has 60 seconds left.\n|\n|t:|1737522879\n|start\n|switch|p1a: NIMBUS|Whimsicott, L50, F, shiny|100\/100\n|switch|p1b: VEGETA|Chi-Yu, L50|100\/100\n|switch|p2a: Calyrex|Calyrex-Shadow, L50|100\/100\n|switch|p2b: Urshifu|Urshifu-Rapid-Strike, L50, M|100\/100\n|-ability|p2a: Calyrex|As One\n|-ability|p2a: Calyrex|Unnerve\n|-ability|p1b: VEGETA|Beads of Ruin\n|turn|1\n|\n|t:|1737522900\n|switch|p2a: Indeedee|Indeedee-F, L50, F|100\/100\n|-fieldstart|move: Psychic Terrain|[from] ability: Psychic Surge|[of] p2a: Indeedee\n|-enditem|p2a: Indeedee|Psychic Seed\n|-boost|p2a: Indeedee|spd|1|[from] item: Psychic Seed\n|-terastallize|p1a: NIMBUS|Dark\n|move|p1a: NIMBUS|Tailwind|p1a: NIMBUS\n|-sidestart|p1: Imnotagni|move: Tailwind\n|move|p1b: VEGETA|Heat Wave|p2a: Indeedee|[spread] p2a,p2b\n|-resisted|p2b: Urshifu\n|-damage|p2a: Indeedee|55\/100\n|-damage|p2b: Urshifu|52\/100\n|move|p2b: Urshifu|Surging Strikes|p1b: VEGETA\n|-supereffective|p1b: VEGETA\n|-crit|p1b: VEGETA\n|-damage|p1b: VEGETA|47\/100\n|-supereffective|p1b: VEGETA\n|-crit|p1b: VEGETA\n|-damage|p1b: VEGETA|0 fnt\n|faint|p1b: VEGETA\n|-hitcount|p1: VEGETA|2\n|\n|upkeep\n|\n|t:|1737522908\n|switch|p1b: FUTURE TRUNKS|Zacian-Crowned, L50|100\/100\n|-ability|p1b: FUTURE TRUNKS|Intrepid Sword|boost\n|-boost|p1b: FUTURE TRUNKS|atk|1\n|turn|2\n|\n|t:|1737522922\n|move|p1b: FUTURE TRUNKS|Behemoth Blade|p2a: Indeedee\n|-damage|p2a: Indeedee|0 fnt\n|faint|p2a: Indeedee\n|move|p1a: NIMBUS|Moonblast|p2b: Urshifu\n|-supereffective|p2b: Urshifu\n|-damage|p2b: Urshifu|0 fnt\n|faint|p2b: Urshifu\n|\n|upkeep\n|\n|t:|1737522933\n|switch|p2b: Weezing|Weezing-Galar, L50, F|100\/100\n|switch|p2a: Calyrex|Calyrex-Shadow, L50|100\/100\n|-ability|p2a: Calyrex|As One\n|-ability|p2a: Calyrex|Unnerve\n|-ability|p2b: Weezing|Neutralizing Gas\n|turn|3\n|\n|t:|1737522956\n|move|p2a: Calyrex|Protect|p2a: Calyrex\n|-singleturn|p2a: Calyrex|Protect\n|move|p1b: FUTURE TRUNKS|Behemoth Blade|p2b: Weezing\n|-supereffective|p2b: Weezing\n|-crit|p2b: Weezing\n|-damage|p2b: Weezing|0 fnt\n|faint|p2b: Weezing\n|-end|p2b: Weezing|ability: Neutralizing Gas\n|move|p1a: NIMBUS|Moonblast|p2a: Calyrex\n|-activate|p2a: Calyrex|move: Protect\n|\n|upkeep\n|turn|4\n|inactive|dnut1 has 30 seconds left.\n|\n|t:|1737522986\n|-terastallize|p2a: Calyrex|Water\n|move|p1b: FUTURE TRUNKS|Behemoth Blade|p2a: Calyrex\n|-resisted|p2a: Calyrex\n|-damage|p2a: Calyrex|52\/100\n|move|p1a: NIMBUS|Moonblast|p2a: Calyrex\n|-damage|p2a: Calyrex|25\/100\n|-unboost|p2a: Calyrex|spa|1\n|move|p2a: Calyrex|Astral Barrage|p1b: FUTURE TRUNKS|[spread] p1a,p1b\n|-resisted|p1a: NIMBUS\n|-damage|p1a: NIMBUS|75\/100\n|-damage|p1b: FUTURE TRUNKS|59\/100\n|-damage|p2a: Calyrex|16\/100|[from] item: Life Orb\n|\n|-sideend|p1: Imnotagni|move: Tailwind\n|upkeep\n|turn|5\n|-message|dnut1 forfeited.\n|\n|win|Imnotagni\n|raw|Imnotagni's rating: 1564 &rarr; <strong>1587<\/strong><br \/>(+23 for winning)\n|raw|dnut1's rating: 1608 &rarr; <strong>1585<\/strong><br \/>(-23 for losing)\n|l|\u2606dnut1\n|player|p2|\n|l|\u2606Imnotagni\n|player|p1|\n","uploadtime":1737523249,"views":4,"formatid":"gen9vgc2025regg","rating":1585,"private":0,"password":null}