{"id":"gen9vgc2025regg-2285515764","format":"[Gen 9] VGC 2025 Reg G","players":["BLiiNDProdiigy","DimensionalFool"],"log":"|j|\u2606BLiiNDProdiigy\n|j|\u203dDimensionalFool\n|t:|1737490073\n|gametype|doubles\n|player|p1|BLiiNDProdiigy|rocketgrunt|1632\n|player|p2|DimensionalFool|steven|1670\n|teamsize|p1|6\n|teamsize|p2|6\n|gen|9\n|tier|[Gen 9] VGC 2025 Reg G\n|rated|\n|rule|Species Clause: Limit one of each Pok\u00e9mon\n|rule|Item Clause: Limit 1 of each item\n|clearpoke\n|poke|p1|Terapagos, L50, M|\n|poke|p1|Incineroar, L50, M|\n|poke|p1|Rillaboom, L50, F|\n|poke|p1|Urshifu-*, L50, M|\n|poke|p1|Flutter Mane, L50|\n|poke|p1|Ogerpon-Hearthflame, L50, F|\n|poke|p2|Grimmsnarl, L50, M|\n|poke|p2|Landorus, L50, M|\n|poke|p2|Calyrex-Ice, L50|\n|poke|p2|Pelipper, L50, M|\n|poke|p2|Urshifu-*, L50, F|\n|poke|p2|Rillaboom, L50, M|\n|teampreview|4\n|inactive|Battle timer is ON: inactive players will automatically lose when time's up. (requested by DimensionalFool)\n|\n|t:|1737490095\n|start\n|switch|p1a: Urshifu|Urshifu-Rapid-Strike, L50, M|100\/100\n|switch|p1b: Incineroar|Incineroar, L50, M|100\/100\n|switch|p2a: Pelipper|Pelipper, L50, M|100\/100\n|switch|p2b: Urshifu|Urshifu-Rapid-Strike, L50, F|100\/100\n|-weather|RainDance|[from] ability: Drizzle|[of] p2a: Pelipper\n|-ability|p1b: Incineroar|Intimidate|boost\n|-unboost|p2a: Pelipper|atk|1\n|-unboost|p2b: Urshifu|atk|1\n|turn|1\n|\n|t:|1737490107\n|switch|p1a: Rillaboom|Rillaboom, L50, F|100\/100\n|-fieldstart|move: Grassy Terrain|[from] ability: Grassy Surge|[of] p1a: Rillaboom\n|-terastallize|p2b: Urshifu|Ghost\n|move|p2b: Urshifu|Surging Strikes|p1b: Incineroar\n|-supereffective|p1b: Incineroar\n|-crit|p1b: Incineroar\n|-damage|p1b: Incineroar|50\/100\n|-damage|p2b: Urshifu|84\/100|[from] item: Rocky Helmet|[of] p1b: Incineroar\n|-supereffective|p1b: Incineroar\n|-crit|p1b: Incineroar\n|-damage|p1b: Incineroar|0 fnt\n|-damage|p2b: Urshifu|67\/100|[from] item: Rocky Helmet|[of] p1b: Incineroar\n|faint|p1b: Incineroar\n|-hitcount|p1: Incineroar|2\n|move|p2a: Pelipper|Hurricane|p1a: Rillaboom\n|-supereffective|p1a: Rillaboom\n|-damage|p1a: Rillaboom|26\/100\n|\n|-weather|RainDance|[upkeep]\n|-heal|p2b: Urshifu|73\/100|[from] Grassy Terrain\n|-heal|p1a: Rillaboom|32\/100|[from] Grassy Terrain\n|upkeep\n|\n|t:|1737490111\n|switch|p1b: Urshifu|Urshifu-Rapid-Strike, L50, M|100\/100\n|turn|2\n|\n|t:|1737490131\n|move|p1a: Rillaboom|Fake Out|p2a: Pelipper\n|-damage|p2a: Pelipper|82\/100\n|move|p2b: Urshifu|Surging Strikes|p1b: Urshifu\n|-resisted|p1b: Urshifu\n|-crit|p1b: Urshifu\n|-damage|p1b: Urshifu|85\/100\n|-resisted|p1b: Urshifu\n|-crit|p1b: Urshifu\n|-damage|p1b: Urshifu|67\/100\n|-resisted|p1b: Urshifu\n|-crit|p1b: Urshifu\n|-damage|p1b: Urshifu|48\/100\n|-hitcount|p1b: Urshifu|3\n|move|p1b: Urshifu|Surging Strikes|p2b: Urshifu\n|-crit|p2b: Urshifu\n|-damage|p2b: Urshifu|34\/100\n|-crit|p2b: Urshifu\n|-damage|p2b: Urshifu|0 fnt\n|faint|p2b: Urshifu\n|-hitcount|p2: Urshifu|2\n|cant|p2a: Pelipper|flinch\n|\n|-weather|RainDance|[upkeep]\n|-heal|p1b: Urshifu|54\/100|[from] Grassy Terrain\n|-heal|p1a: Rillaboom|38\/100|[from] Grassy Terrain\n|upkeep\n|\n|t:|1737490136\n|switch|p2b: Calyrex|Calyrex-Ice, L50|100\/100\n|-ability|p2b: Calyrex|As One\n|-ability|p2b: Calyrex|Unnerve\n|turn|3\n|\n|t:|1737490154\n|switch|p1b: Terapagos|Terapagos, L50, M|100\/100\n|-activate|p1b: Terapagos|ability: Tera Shift\n|detailschange|p1b: Terapagos|Terapagos-Terastal, L50, M\n|-heal|p1b: Terapagos|100\/100|[silent]\n|move|p1a: Rillaboom|Wood Hammer|p2a: Pelipper\n|-crit|p2a: Pelipper\n|-damage|p2a: Pelipper|0 fnt\n|faint|p2a: Pelipper\n|-damage|p1a: Rillaboom|19\/100|[from] Recoil\n|move|p2b: Calyrex|Glacial Lance|p1a: Rillaboom|[spread] p1a,p1b\n|-supereffective|p1a: Rillaboom\n|-activate|p1b: Terapagos|ability: Tera Shell\n|-resisted|p1b: Terapagos\n|-damage|p1a: Rillaboom|0 fnt\n|-damage|p1b: Terapagos|77\/100\n|faint|p1a: Rillaboom\n|-ability|p2b: Calyrex|Chilling Neigh|boost\n|-boost|p2b: Calyrex|atk|1\n|\n|-weather|RainDance|[upkeep]\n|-heal|p1b: Terapagos|83\/100|[from] Grassy Terrain\n|-heal|p1b: Terapagos|88\/100|[from] item: Leftovers\n|upkeep\n|\n|t:|1737490162\n|switch|p1a: Urshifu|Urshifu-Rapid-Strike, L50, M|54\/100\n|switch|p2a: Landorus|Landorus, L50, M|100\/100\n|turn|4\n|\n|t:|1737490177\n|-terastallize|p1b: Terapagos|Stellar\n|detailschange|p1b: Terapagos|Terapagos-Stellar, L50, M, tera:Stellar\n|-heal|p1b: Terapagos|92\/100|[silent]\n|-ability|p1b: Terapagos|Teraform Zero\n|-weather|none\n|-fieldend|move: Grassy Terrain\n|move|p1a: Urshifu|Protect|p1a: Urshifu\n|-singleturn|p1a: Urshifu|Protect\n|move|p2a: Landorus|Sandsear Storm|p1a: Urshifu|[spread] p1b\n|-activate|p1a: Urshifu|move: Protect\n|-damage|p1b: Terapagos|54\/100\n|move|p1b: Terapagos|Tera Starstorm|p2a: Landorus|[spread] p2a,p2b\n|-damage|p2a: Landorus|46\/100\n|-damage|p2b: Calyrex|83\/100\n|move|p2b: Calyrex|Seed Bomb|p1a: Urshifu\n|-activate|p1a: Urshifu|move: Protect\n|\n|-heal|p1b: Terapagos|60\/100|[from] item: Leftovers\n|upkeep\n|turn|5\n|\n|t:|1737490197\n|move|p1a: Urshifu|Aqua Jet|p2a: Landorus\n|-supereffective|p2a: Landorus\n|-damage|p2a: Landorus|0 fnt\n|faint|p2a: Landorus\n|move|p1b: Terapagos|Tera Starstorm|p2b: Calyrex\n|-damage|p2b: Calyrex|59\/100\n|move|p2b: Calyrex|Glacial Lance|p1b: Terapagos|[spread] p1a,p1b\n|-resisted|p1a: Urshifu\n|-damage|p1a: Urshifu|15\/100\n|-damage|p1b: Terapagos|8\/100\n|\n|-heal|p1b: Terapagos|15\/100|[from] item: Leftovers\n|upkeep\n|turn|6\n|\n|t:|1737490204\n|move|p1a: Urshifu|Surging Strikes|p2b: Calyrex\n|-crit|p2b: Calyrex\n|-damage|p2b: Calyrex|43\/100\n|-crit|p2b: Calyrex\n|-damage|p2b: Calyrex|25\/100\n|-crit|p2b: Calyrex\n|-damage|p2b: Calyrex|9\/100\n|-hitcount|p2b: Calyrex|3\n|move|p1b: Terapagos|Tera Starstorm|p2b: Calyrex\n|-damage|p2b: Calyrex|0 fnt\n|faint|p2b: Calyrex\n|\n|win|BLiiNDProdiigy\n|raw|BLiiNDProdiigy's rating: 1632 &rarr; <strong>1654<\/strong><br \/>(+22 for winning)\n|raw|DimensionalFool's rating: 1670 &rarr; <strong>1648<\/strong><br \/>(-22 for losing)\n|l|\u203dDimensionalFool\n|player|p2|\n|l|\u2606BLiiNDProdiigy\n|player|p1|\n","uploadtime":1737490431,"views":17,"formatid":"gen9vgc2025regg","rating":1648,"private":0,"password":null}