{"id":"gen9vgc2025regg-2285519534","format":"[Gen 9] VGC 2025 Reg G","players":["BLiiNDProdiigy","Testing5550101"],"log":"|j|\u2606BLiiNDProdiigy\n|j|\u2606Testing5550101\n|t:|1737490456\n|gametype|doubles\n|player|p1|BLiiNDProdiigy|rocketgrunt|1659\n|player|p2|Testing5550101|bea-masters|1632\n|teamsize|p1|6\n|teamsize|p2|6\n|gen|9\n|tier|[Gen 9] VGC 2025 Reg G\n|rated|\n|rule|Species Clause: Limit one of each Pok\u00e9mon\n|rule|Item Clause: Limit 1 of each item\n|clearpoke\n|poke|p1|Terapagos, L50, M|\n|poke|p1|Incineroar, L50, F|\n|poke|p1|Rillaboom, L50, F|\n|poke|p1|Urshifu-*, L50, M|\n|poke|p1|Flutter Mane, L50|\n|poke|p1|Ogerpon-Hearthflame, L50, F|\n|poke|p2|Calyrex-Shadow, L50|\n|poke|p2|Maushold, L50|\n|poke|p2|Pawmot, L50, M|\n|poke|p2|Regidrago, L50|\n|poke|p2|Whimsicott, L50, F|\n|poke|p2|Clefairy, L50, F|\n|teampreview|4\n|inactive|Battle timer is ON: inactive players will automatically lose when time's up. (requested by Testing5550101)\n|inactive|BLiiNDProdiigy has 60 seconds left.\n|\n|t:|1737490507\n|start\n|switch|p1a: Flutter Mane|Flutter Mane, L50|100\/100\n|switch|p1b: Incineroar|Incineroar, L50, F|100\/100\n|switch|p2a: Calyrex|Calyrex-Shadow, L50|100\/100\n|switch|p2b: Maushold|Maushold, L50|100\/100\n|-ability|p2a: Calyrex|As One\n|-ability|p2a: Calyrex|Unnerve\n|-ability|p1b: Incineroar|Intimidate|boost\n|-unboost|p2a: Calyrex|atk|1\n|-unboost|p2b: Maushold|atk|1\n|-enditem|p1a: Flutter Mane|Booster Energy\n|-activate|p1a: Flutter Mane|ability: Protosynthesis|[fromitem]\n|-start|p1a: Flutter Mane|protosynthesisspe\n|turn|1\n|\n|t:|1737490528\n|move|p1a: Flutter Mane|Protect|p1a: Flutter Mane\n|-singleturn|p1a: Flutter Mane|Protect\n|move|p2b: Maushold|Follow Me|p2b: Maushold\n|-singleturn|p2b: Maushold|move: Follow Me\n|move|p2a: Calyrex|Astral Barrage|p1a: Flutter Mane|[spread] p1b\n|-activate|p1a: Flutter Mane|move: Protect\n|-resisted|p1b: Incineroar\n|-damage|p1b: Incineroar|64\/100\n|move|p1b: Incineroar|Knock Off|p2b: Maushold\n|-damage|p2b: Maushold|67\/100\n|-damage|p1b: Incineroar|47\/100|[from] item: Rocky Helmet|[of] p2b: Maushold\n|-enditem|p2b: Maushold|Rocky Helmet|[from] move: Knock Off|[of] p1b: Incineroar\n|\n|upkeep\n|turn|2\n|\n|t:|1737490546\n|switch|p1b: Terapagos|Terapagos, L50, M|100\/100\n|-activate|p1b: Terapagos|ability: Tera Shift\n|detailschange|p1b: Terapagos|Terapagos-Terastal, L50, M\n|-heal|p1b: Terapagos|100\/100|[silent]\n|move|p2b: Maushold|Helping Hand|p2a: Calyrex\n|-singleturn|p2a: Calyrex|Helping Hand|[of] p2b: Maushold\n|move|p1a: Flutter Mane|Icy Wind|p2b: Maushold|[spread] p2a\n|-miss|p1a: Flutter Mane|p2b: Maushold\n|-damage|p2a: Calyrex|91\/100\n|-unboost|p2a: Calyrex|spe|1\n|move|p2a: Calyrex|Astral Barrage|p1b: Terapagos|[spread] p1a\n|-immune|p1b: Terapagos\n|-supereffective|p1a: Flutter Mane\n|-damage|p1a: Flutter Mane|0 fnt\n|faint|p1a: Flutter Mane\n|-end|p1a: Flutter Mane|Protosynthesis|[silent]\n|-ability|p2a: Calyrex|Grim Neigh|boost\n|-boost|p2a: Calyrex|spa|1\n|\n|upkeep\n|\n|t:|1737490556\n|switch|p1a: Rillaboom|Rillaboom, L50, F|100\/100\n|-fieldstart|move: Grassy Terrain|[from] ability: Grassy Surge|[of] p1a: Rillaboom\n|turn|3\n|\n|t:|1737490563\n|move|p2b: Maushold|Helping Hand|p2a: Calyrex\n|-singleturn|p2a: Calyrex|Helping Hand|[of] p2b: Maushold\n|move|p2a: Calyrex|Astral Barrage|p1b: Terapagos|[spread] p1a\n|-immune|p1b: Terapagos\n|-damage|p1a: Rillaboom|0 fnt\n|faint|p1a: Rillaboom\n|-ability|p2a: Calyrex|Grim Neigh|boost\n|-boost|p2a: Calyrex|spa|1\n|move|p1b: Terapagos|Calm Mind|p1b: Terapagos\n|-boost|p1b: Terapagos|spa|1\n|-boost|p1b: Terapagos|spd|1\n|\n|-heal|p2a: Calyrex|96\/100|[from] Grassy Terrain\n|-heal|p2b: Maushold|73\/100|[from] Grassy Terrain\n|upkeep\n|\n|t:|1737490567\n|switch|p1a: Incineroar|Incineroar, L50, F|47\/100\n|-ability|p1a: Incineroar|Intimidate|boost\n|-unboost|p2a: Calyrex|atk|1\n|-unboost|p2b: Maushold|atk|1\n|turn|4\n|\n|t:|1737490582\n|-terastallize|p1b: Terapagos|Stellar\n|detailschange|p1b: Terapagos|Terapagos-Stellar, L50, M, tera:Stellar\n|-heal|p1b: Terapagos|100\/100|[silent]\n|-ability|p1b: Terapagos|Teraform Zero\n|-fieldend|move: Grassy Terrain\n|move|p2a: Calyrex|Astral Barrage|p1b: Terapagos|[spread] p1a\n|-immune|p1b: Terapagos\n|-resisted|p1a: Incineroar\n|-damage|p1a: Incineroar|0 fnt\n|faint|p1a: Incineroar\n|-ability|p2a: Calyrex|Grim Neigh|boost\n|-boost|p2a: Calyrex|spa|1\n|move|p2b: Maushold|Taunt|p1b: Terapagos\n|-start|p1b: Terapagos|move: Taunt\n|move|p1b: Terapagos|Tera Starstorm|p2a: Calyrex|[spread] p2a,p2b\n|-damage|p2a: Calyrex|48\/100\n|-damage|p2b: Maushold|0 fnt\n|faint|p2b: Maushold\n|\n|upkeep\n|\n|t:|1737490596\n|switch|p2b: Pawmot|Pawmot, L50, M|100\/100\n|turn|5\n|\n|t:|1737490601\n|switch|p2a: Regidrago|Regidrago, L50|100\/100\n|move|p2b: Pawmot|Fake Out|p1b: Terapagos\n|-damage|p1b: Terapagos|93\/100\n|cant|p1b: Terapagos|flinch\n|\n|-heal|p1b: Terapagos|99\/100|[from] item: Leftovers\n|upkeep\n|turn|6\n|\n|t:|1737490607\n|-terastallize|p2a: Regidrago|Dragon\n|move|p2b: Pawmot|Nuzzle|p1b: Terapagos\n|-damage|p1b: Terapagos|93\/100\n|-status|p1b: Terapagos|par\n|move|p2a: Regidrago|Dragon Energy|p1b: Terapagos\n|-damage|p1b: Terapagos|15\/100 par\n|-damage|p2a: Regidrago|91\/100|[from] item: Life Orb\n|cant|p1b: Terapagos|par\n|\n|-heal|p1b: Terapagos|22\/100 par|[from] item: Leftovers\n|-end|p1b: Terapagos|move: Taunt\n|upkeep\n|turn|7\n|-message|BLiiNDProdiigy forfeited.\n|\n|win|Testing5550101\n|raw|BLiiNDProdiigy's rating: 1659 &rarr; <strong>1637<\/strong><br \/>(-22 for losing)\n|raw|Testing5550101's rating: 1632 &rarr; <strong>1654<\/strong><br \/>(+22 for winning)\n|l|\u2606BLiiNDProdiigy\n|player|p1|\n","uploadtime":1737490851,"views":28,"formatid":"gen9vgc2025regg","rating":1637,"private":0,"password":null}