{"id":"gen9vgc2025regg-2285873340","format":"[Gen 9] VGC 2025 Reg G","players":["tep0914","MisterBanana7"],"log":"|j|\u2606tep0914\n|j|\u2606MisterBanana7\n|t:|1737539531\n|gametype|doubles\n|player|p1|tep0914|li|1546\n|player|p2|MisterBanana7|cynthia-gen4|1592\n|teamsize|p1|6\n|teamsize|p2|6\n|gen|9\n|tier|[Gen 9] VGC 2025 Reg G\n|rated|\n|rule|Species Clause: Limit one of each Pok\u00e9mon\n|rule|Item Clause: Limit 1 of each item\n|clearpoke\n|poke|p1|Calyrex-Shadow, L50|\n|poke|p1|Indeedee-F, L50, F|\n|poke|p1|Tatsugiri, L50, M|\n|poke|p1|Dondozo, L50, M|\n|poke|p1|Pawmot, L50, F|\n|poke|p1|Maushold, L50|\n|poke|p2|Groudon, L50|\n|poke|p2|Scovillain, L50, F|\n|poke|p2|Flutter Mane, L50|\n|poke|p2|Farigiraf, L50, M|\n|poke|p2|Chi-Yu, L50|\n|poke|p2|Raging Bolt, L50|\n|teampreview|4\n|inactive|Battle timer is ON: inactive players will automatically lose when time's up. (requested by tep0914)\n|\n|t:|1737539557\n|start\n|switch|p1a: Dondozo|Dondozo, L50, M|100\/100\n|switch|p1b: Tatsugiri|Tatsugiri, L50, M, shiny|100\/100\n|switch|p2a: Groudon|Groudon, L50|100\/100\n|switch|p2b: Scovillain|Scovillain, L50, F|100\/100\n|-activate|p1b: Tatsugiri|ability: Commander|[of] p1a: Dondozo\n|-boost|p1a: Dondozo|atk|2\n|-boost|p1a: Dondozo|spa|2\n|-boost|p1a: Dondozo|spe|2\n|-boost|p1a: Dondozo|def|2\n|-boost|p1a: Dondozo|spd|2\n|-weather|SunnyDay|[from] ability: Drought|[of] p2a: Groudon\n|turn|1\n|j| WattoVGC\n|\n|t:|1737539573\n|move|p2a: Groudon|Protect|p2a: Groudon\n|-singleturn|p2a: Groudon|Protect\n|move|p2b: Scovillain|Overheat|p1a: Dondozo\n|-resisted|p1a: Dondozo\n|-damage|p1a: Dondozo|75\/100\n|-unboost|p2b: Scovillain|spa|2\n|move|p1a: Dondozo|Order Up|p2b: Scovillain\n|-damage|p2b: Scovillain|16\/100\n|-boost|p1a: Dondozo|atk|1\n|\n|-weather|SunnyDay|[upkeep]\n|upkeep\n|turn|2\n|\n|t:|1737539587\n|move|p2b: Scovillain|Endeavor|p1a: Dondozo\n|-damage|p1a: Dondozo|10\/100\n|move|p1a: Dondozo|Earthquake|p2a: Groudon|[spread] p2a,p2b\n|-miss|p1a: Dondozo|p1b: Tatsugiri\n|-damage|p2a: Groudon|65\/100\n|-damage|p2b: Scovillain|0 fnt\n|faint|p2b: Scovillain\n|move|p2a: Groudon|Precipice Blades|p1b: Tatsugiri|[spread] p1a\n|-miss|p2a: Groudon|p1b: Tatsugiri\n|-damage|p1a: Dondozo|0 fnt\n|faint|p1a: Dondozo\n|\n|-weather|SunnyDay|[upkeep]\n|upkeep\n|\n|t:|1737539602\n|switch|p2b: Raging Bolt|Raging Bolt, L50|100\/100\n|switch|p1a: Pawmot|Pawmot, L50, F|100\/100\n|-activate|p2b: Raging Bolt|ability: Protosynthesis\n|-start|p2b: Raging Bolt|protosynthesisspa\n|turn|3\n|inactive|tep0914 has 30 seconds left.\n|\n|t:|1737539628\n|-terastallize|p2b: Raging Bolt|Fairy\n|move|p1a: Pawmot|Fake Out|p2b: Raging Bolt\n|-damage|p2b: Raging Bolt|91\/100\n|move|p2a: Groudon|Precipice Blades|p1a: Pawmot|[spread] p1a,p1b\n|-supereffective|p1a: Pawmot\n|-enditem|p1a: Pawmot|Focus Sash\n|-damage|p1a: Pawmot|1\/100\n|-damage|p1b: Tatsugiri|48\/100\n|-enditem|p1b: Tatsugiri|Eject Button\n|\n|t:|1737539634\n|switch|p1b: Calyrex|Calyrex-Shadow, L50|100\/100\n|-ability|p1b: Calyrex|As One\n|-ability|p1b: Calyrex|Unnerve\n|cant|p2b: Raging Bolt|flinch\n|\n|-weather|SunnyDay|[upkeep]\n|upkeep\n|turn|4\n|\n|t:|1737539655\n|-terastallize|p1b: Calyrex|Ghost\n|move|p1b: Calyrex|Astral Barrage|p2b: Raging Bolt|[spread] p2a,p2b\n|-damage|p2a: Groudon|0 fnt\n|-damage|p2b: Raging Bolt|27\/100\n|faint|p2a: Groudon\n|-ability|p1b: Calyrex|Grim Neigh|boost\n|-boost|p1b: Calyrex|spa|1\n|move|p1a: Pawmot|Revival Blessing|p1a: Pawmot\n|\n|t:|1737539662\n|-heal|p1: Dondozo|50\/100|[from] move: Revival Blessing\n|move|p2b: Raging Bolt|Electroweb|p1a: Pawmot|[spread] p1a,p1b\n|-resisted|p1a: Pawmot\n|-damage|p1a: Pawmot|0 fnt\n|-damage|p1b: Calyrex|73\/100\n|-unboost|p1b: Calyrex|spe|1\n|faint|p1a: Pawmot\n|\n|-weather|SunnyDay|[upkeep]\n|upkeep\n|\n|t:|1737539671\n|switch|p1a: Dondozo|Dondozo, L50, M|50\/100\n|switch|p2a: Chi-Yu|Chi-Yu, L50|100\/100\n|-ability|p2a: Chi-Yu|Beads of Ruin\n|turn|5\n|j| Yukina VGC\n|\n|t:|1737539696\n|move|p1a: Dondozo|Protect|p1a: Dondozo\n|-singleturn|p1a: Dondozo|Protect\n|move|p2b: Raging Bolt|Thunderclap||[still]\n|-fail|p2b: Raging Bolt\n|move|p2a: Chi-Yu|Snarl|p1a: Dondozo|[spread] p1b\n|-activate|p1a: Dondozo|move: Protect\n|-supereffective|p1b: Calyrex\n|-damage|p1b: Calyrex|17\/100\n|-unboost|p1b: Calyrex|spa|1\n|move|p1b: Calyrex|Astral Barrage|p2b: Raging Bolt|[spread] p2a,p2b\n|-resisted|p2a: Chi-Yu\n|-damage|p2a: Chi-Yu|33\/100\n|-damage|p2b: Raging Bolt|0 fnt\n|faint|p2b: Raging Bolt\n|-end|p2b: Raging Bolt|Protosynthesis|[silent]\n|-ability|p1b: Calyrex|Grim Neigh|boost\n|-boost|p1b: Calyrex|spa|1\n|\n|-weather|none\n|upkeep\n|turn|6\n|\n|t:|1737539712\n|switch|p1b: Tatsugiri|Tatsugiri, L50, M, shiny|48\/100\n|-activate|p1b: Tatsugiri|ability: Commander|[of] p1a: Dondozo\n|-boost|p1a: Dondozo|atk|2\n|-boost|p1a: Dondozo|spa|2\n|-boost|p1a: Dondozo|spe|2\n|-boost|p1a: Dondozo|def|2\n|-boost|p1a: Dondozo|spd|2\n|move|p1a: Dondozo|Wave Crash|p2a: Chi-Yu\n|-supereffective|p2a: Chi-Yu\n|-damage|p2a: Chi-Yu|0 fnt\n|faint|p2a: Chi-Yu\n|-damage|p1a: Dondozo|44\/100|[from] Recoil\n|\n|win|tep0914\n|raw|tep0914's rating: 1546 &rarr; <strong>1569<\/strong><br \/>(+23 for winning)\n|raw|MisterBanana7's rating: 1592 &rarr; <strong>1569<\/strong><br \/>(-23 for losing)\n|l|\u2606MisterBanana7\n|player|p2|\n|l|\u2606tep0914\n|player|p1|\n|l| WattoVGC\n|j|\u2606tep0914\n|player|p1|tep0914|li|\n|l|\u2606tep0914\n|player|p1|\n|l| Yukina VGC\n","uploadtime":1737539894,"views":13,"formatid":"gen9vgc2025regg","rating":1569,"private":0,"password":null}