{"id":"gen9vgc2025regg-2285544299","format":"[Gen 9] VGC 2025 Reg G","players":["juacox300","MadMat48"],"log":"|j|\u2606juacox300\n|j|\u2606MadMat48\n|t:|1737493024\n|gametype|doubles\n|player|p1|juacox300|unknown|1557\n|player|p2|MadMat48|101|1663\n|teamsize|p1|6\n|teamsize|p2|6\n|gen|9\n|tier|[Gen 9] VGC 2025 Reg G\n|rated|\n|rule|Species Clause: Limit one of each Pok\u00e9mon\n|rule|Item Clause: Limit 1 of each item\n|clearpoke\n|poke|p1|Iron Hands, L50|\n|poke|p1|Alcremie, L50, F|\n|poke|p1|Miraidon, L50|\n|poke|p1|Murkrow, L50, M|\n|poke|p1|Chi-Yu, L50|\n|poke|p1|Vikavolt, L50, F|\n|poke|p2|Groudon, L50|\n|poke|p2|Raging Bolt, L50|\n|poke|p2|Chien-Pao, L50|\n|poke|p2|Chi-Yu, L50|\n|poke|p2|Jumpluff, L50, F|\n|poke|p2|Gyarados, L50, M|\n|teampreview|4\n|inactive|Battle timer is ON: inactive players will automatically lose when time's up. (requested by MadMat48)\n|inactive|MadMat48 has 60 seconds left.\n|\n|t:|1737493074\n|start\n|switch|p1a: Miraidon|Miraidon, L50|100\/100\n|switch|p1b: Murkrow|Murkrow, L50, M|100\/100\n|switch|p2a: Chien-Pao|Chien-Pao, L50|100\/100\n|switch|p2b: Gyarados|Gyarados, L50, M, shiny|100\/100\n|-fieldstart|move: Electric Terrain|[from] ability: Hadron Engine|[of] p1a: Miraidon\n|-ability|p2a: Chien-Pao|Sword of Ruin\n|-ability|p2b: Gyarados|Intimidate|boost\n|-unboost|p1a: Miraidon|atk|1\n|-unboost|p1b: Murkrow|atk|1\n|turn|1\n|\n|t:|1737493089\n|switch|p2b: Raging Bolt|Raging Bolt, L50|100\/100\n|-terastallize|p1b: Murkrow|Water\n|move|p1a: Miraidon|Protect|p1a: Miraidon\n|-singleturn|p1a: Miraidon|Protect\n|move|p2a: Chien-Pao|Icicle Crash|p1a: Miraidon\n|-activate|p1a: Miraidon|move: Protect\n|move|p1b: Murkrow|Foul Play|p2a: Chien-Pao\n|-resisted|p2a: Chien-Pao\n|-damage|p2a: Chien-Pao|68\/100\n|\n|upkeep\n|turn|2\n|\n|t:|1737493106\n|-terastallize|p2b: Raging Bolt|Water\n|move|p2a: Chien-Pao|Sucker Punch|p1a: Miraidon\n|-damage|p1a: Miraidon|47\/100\n|move|p1b: Murkrow|Tailwind|p1b: Murkrow\n|-sidestart|p1: juacox300|move: Tailwind\n|move|p1a: Miraidon|Dazzling Gleam|p2a: Chien-Pao|[spread] p2a,p2b\n|-supereffective|p2a: Chien-Pao\n|-damage|p2a: Chien-Pao|0 fnt\n|-damage|p2b: Raging Bolt|80\/100\n|faint|p2a: Chien-Pao\n|-damage|p1a: Miraidon|38\/100|[from] item: Life Orb\n|move|p2b: Raging Bolt|Thunderbolt|p1b: Murkrow\n|-supereffective|p1b: Murkrow\n|-damage|p1b: Murkrow|0 fnt\n|faint|p1b: Murkrow\n|\n|upkeep\n|\n|t:|1737493119\n|switch|p2a: Groudon|Groudon, L50|100\/100\n|switch|p1b: Iron Hands|Iron Hands, L50|100\/100\n|-activate|p1b: Iron Hands|ability: Quark Drive\n|-start|p1b: Iron Hands|quarkdriveatk\n|-weather|SunnyDay|[from] ability: Drought|[of] p2a: Groudon\n|-activate|p2b: Raging Bolt|ability: Protosynthesis\n|-start|p2b: Raging Bolt|protosynthesisspa\n|turn|3\n|\n|t:|1737493140\n|switch|p2a: Gyarados|Gyarados, L50, M, shiny|100\/100\n|-ability|p2a: Gyarados|Intimidate|boost\n|-unboost|p1a: Miraidon|atk|1\n|-unboost|p1b: Iron Hands|atk|1\n|move|p1b: Iron Hands|Fake Out|p2a: Gyarados\n|-damage|p2a: Gyarados|87\/100\n|-damage|p1b: Iron Hands|84\/100|[from] item: Rocky Helmet|[of] p2a: Gyarados\n|move|p1a: Miraidon|Draco Meteor|p2a: Gyarados\n|-damage|p2a: Gyarados|4\/100\n|-unboost|p1a: Miraidon|spa|2\n|-damage|p1a: Miraidon|28\/100|[from] item: Life Orb\n|move|p2b: Raging Bolt|Snarl|p1a: Miraidon|[spread] p1a,p1b\n|-resisted|p1b: Iron Hands\n|-damage|p1a: Miraidon|11\/100\n|-damage|p1b: Iron Hands|79\/100\n|-unboost|p1a: Miraidon|spa|1\n|-unboost|p1b: Iron Hands|spa|1\n|\n|-weather|SunnyDay|[upkeep]\n|upkeep\n|turn|4\n|inactive|MadMat48 has 30 seconds left.\n|inactive|MadMat48 has 20 seconds left.\n|\n|t:|1737493176\n|switch|p1a: Chi-Yu|Chi-Yu, L50|100\/100\n|-ability|p1a: Chi-Yu|Beads of Ruin\n|switch|p2a: Groudon|Groudon, L50|100\/100\n|move|p1b: Iron Hands|Wild Charge|p2b: Raging Bolt\n|-supereffective|p2b: Raging Bolt\n|-damage|p2b: Raging Bolt|0 fnt\n|faint|p2b: Raging Bolt\n|-end|p2b: Raging Bolt|Protosynthesis|[silent]\n|-damage|p1b: Iron Hands|61\/100|[from] Recoil\n|\n|-weather|SunnyDay|[upkeep]\n|upkeep\n|\n|t:|1737493185\n|switch|p2b: Gyarados|Gyarados, L50, M, shiny|4\/100\n|-ability|p2b: Gyarados|Intimidate|boost\n|-unboost|p1a: Chi-Yu|atk|1\n|-unboost|p1b: Iron Hands|atk|1\n|turn|5\n|\n|t:|1737493194\n|move|p2b: Gyarados|Helping Hand|p2a: Groudon\n|-singleturn|p2a: Groudon|Helping Hand|[of] p2b: Gyarados\n|move|p1a: Chi-Yu|Heat Wave|p2a: Groudon|[spread] p2a,p2b\n|-resisted|p2b: Gyarados\n|-damage|p2a: Groudon|16\/100\n|-damage|p2b: Gyarados|0 fnt\n|faint|p2b: Gyarados\n|move|p1b: Iron Hands|Drain Punch|p2a: Groudon\n|-damage|p2a: Groudon|0 fnt\n|-heal|p1b: Iron Hands|67\/100|[from] drain|[of] p2a: Groudon\n|faint|p2a: Groudon\n|\n|win|juacox300\n|raw|juacox300's rating: 1557 &rarr; <strong>1583<\/strong><br \/>(+26 for winning)\n|raw|MadMat48's rating: 1663 &rarr; <strong>1637<\/strong><br \/>(-26 for losing)\n|l|\u2606MadMat48\n|player|p2|\n","uploadtime":1737493201,"views":51,"formatid":"gen9vgc2025regg","rating":1583,"private":0,"password":null}