{"id":"gen9vgc2025regg-2285521942","format":"[Gen 9] VGC 2025 Reg G","players":["Mildly Displeased","BLiiNDProdiigy"],"log":"|j|\u2606Mildly Displeased\n|j|\u2606BLiiNDProdiigy\n|t:|1737490709\n|gametype|doubles\n|player|p1|Mildly Displeased|lillie|1547\n|player|p2|BLiiNDProdiigy|rocketgrunt|1615\n|teamsize|p1|6\n|teamsize|p2|6\n|gen|9\n|tier|[Gen 9] VGC 2025 Reg G\n|rated|\n|rule|Species Clause: Limit one of each Pok\u00e9mon\n|rule|Item Clause: Limit 1 of each item\n|clearpoke\n|poke|p1|Primarina, L50, M|\n|poke|p1|Talonflame, L50, F|\n|poke|p1|Zamazenta-*, L50|\n|poke|p1|Rillaboom, L50, F|\n|poke|p1|Iron Treads, L50|\n|poke|p1|Entei, L50|\n|poke|p2|Terapagos, L50, M|\n|poke|p2|Incineroar, L50, M|\n|poke|p2|Rillaboom, L50, F|\n|poke|p2|Urshifu-*, L50, F|\n|poke|p2|Flutter Mane, L50|\n|poke|p2|Ogerpon-Hearthflame, L50, F|\n|teampreview|4\n|inactive|Battle timer is ON: inactive players will automatically lose when time's up. (requested by Mildly Displeased)\n|\n|t:|1737490740\n|start\n|switch|p1a: Phoenix|Talonflame, L50, F, shiny|100\/100\n|switch|p1b: Pippin|Zamazenta-Crowned, L50|100\/100\n|switch|p2a: Flutter Mane|Flutter Mane, L50|100\/100\n|switch|p2b: Urshifu|Urshifu-Rapid-Strike, L50, F|100\/100\n|-ability|p1b: Pippin|Dauntless Shield|boost\n|-boost|p1b: Pippin|def|1\n|-enditem|p2a: Flutter Mane|Booster Energy\n|-activate|p2a: Flutter Mane|ability: Protosynthesis|[fromitem]\n|-start|p2a: Flutter Mane|protosynthesisspe\n|turn|1\n|\n|t:|1737490753\n|-end|p2a: Flutter Mane|Protosynthesis|[silent]\n|switch|p2a: Incineroar|Incineroar, L50, M|100\/100\n|-ability|p2a: Incineroar|Intimidate|boost\n|-unboost|p1a: Phoenix|atk|1\n|-unboost|p1b: Pippin|atk|1\n|move|p1a: Phoenix|Brave Bird|p2b: Urshifu\n|-supereffective|p2b: Urshifu\n|-damage|p2b: Urshifu|28\/100\n|-damage|p1a: Phoenix|73\/100|[from] Recoil\n|move|p1b: Pippin|Heavy Slam|p2a: Incineroar\n|-resisted|p2a: Incineroar\n|-damage|p2a: Incineroar|90\/100\n|-damage|p1b: Pippin|84\/100|[from] item: Rocky Helmet|[of] p2a: Incineroar\n|move|p2b: Urshifu|Surging Strikes|p1b: Pippin\n|-crit|p1b: Pippin\n|-damage|p1b: Pippin|69\/100\n|-crit|p1b: Pippin\n|-damage|p1b: Pippin|54\/100\n|-crit|p1b: Pippin\n|-damage|p1b: Pippin|40\/100\n|-hitcount|p1b: Pippin|3\n|\n|upkeep\n|turn|2\n|\n|t:|1737490771\n|-terastallize|p1b: Pippin|Ghost\n|move|p2a: Incineroar|Fake Out|p1b: Pippin\n|-immune|p1b: Pippin\n|move|p2b: Urshifu|Aqua Jet|p1a: Phoenix\n|-supereffective|p1a: Phoenix\n|-damage|p1a: Phoenix|0 fnt\n|faint|p1a: Phoenix\n|move|p1b: Pippin|Heavy Slam|p2b: Urshifu\n|-resisted|p2b: Urshifu\n|-damage|p2b: Urshifu|12\/100\n|\n|upkeep\n|\n|t:|1737490782\n|switch|p1a: Mullet Mania|Entei, L50|100\/100\n|turn|3\n|\n|t:|1737490796\n|switch|p2b: Ogerpon|Ogerpon-Hearthflame, L50, F|100\/100\n|-ability|p2b: Ogerpon|Mold Breaker\n|-terastallize|p2a: Incineroar|Ghost\n|move|p1a: Mullet Mania|Extreme Speed|p2b: Ogerpon\n|-damage|p2b: Ogerpon|62\/100\n|-damage|p1a: Mullet Mania|91\/100|[from] item: Life Orb\n|move|p1b: Pippin|Iron Defense|p1b: Pippin\n|-boost|p1b: Pippin|def|2\n|move|p2a: Incineroar|Will-O-Wisp|p1b: Pippin\n|-status|p1b: Pippin|brn\n|\n|-damage|p1b: Pippin|34\/100 brn|[from] brn\n|upkeep\n|turn|4\n|\n|t:|1737490813\n|move|p2b: Ogerpon|Spiky Shield|p2b: Ogerpon\n|-singleturn|p2b: Ogerpon|move: Protect\n|move|p1b: Pippin|Body Press|p2b: Ogerpon\n|-activate|p2b: Ogerpon|move: Protect\n|-damage|p1b: Pippin|22\/100 brn|[from] Spiky Shield|[of] p2b: Ogerpon\n|move|p1a: Mullet Mania|Sacred Fire|p2a: Incineroar\n|-damage|p2a: Incineroar|35\/100\n|-damage|p1a: Mullet Mania|81\/100|[from] item: Life Orb\n|move|p2a: Incineroar|Knock Off|p1a: Mullet Mania\n|-damage|p1a: Mullet Mania|46\/100\n|-enditem|p1a: Mullet Mania|Life Orb|[from] move: Knock Off|[of] p2a: Incineroar\n|\n|-damage|p1b: Pippin|16\/100 brn|[from] brn\n|upkeep\n|turn|5\n|inactive|BLiiNDProdiigy has 30 seconds left.\n|inactive|BLiiNDProdiigy has 20 seconds left.\n|inactive|BLiiNDProdiigy has 15 seconds left.\n|\n|t:|1737490854\n|switch|p2b: Urshifu|Urshifu-Rapid-Strike, L50, F|12\/100\n|move|p1b: Pippin|Body Press|p2b: Urshifu\n|-damage|p2b: Urshifu|0 fnt\n|faint|p2b: Urshifu\n|move|p1a: Mullet Mania|Sacred Fire|p2a: Incineroar\n|-crit|p2a: Incineroar\n|-damage|p2a: Incineroar|0 fnt\n|faint|p2a: Incineroar\n|\n|-damage|p1b: Pippin|9\/100 brn|[from] brn\n|upkeep\n|\n|t:|1737490856\n|switch|p2b: Ogerpon|Ogerpon-Hearthflame, L50, F|62\/100\n|switch|p2a: Flutter Mane|Flutter Mane, L50|100\/100\n|-ability|p2b: Ogerpon|Mold Breaker\n|turn|6\n|\n|t:|1737490877\n|move|p2a: Flutter Mane|Protect|p2a: Flutter Mane\n|-singleturn|p2a: Flutter Mane|Protect\n|move|p1b: Pippin|Body Press|p2b: Ogerpon\n|-damage|p2b: Ogerpon|0 fnt\n|faint|p2b: Ogerpon\n|move|p1a: Mullet Mania|Sacred Fire|p2a: Flutter Mane\n|-activate|p2a: Flutter Mane|move: Protect\n|\n|-damage|p1b: Pippin|3\/100 brn|[from] brn\n|upkeep\n|turn|7\n|\n|t:|1737490887\n|move|p2a: Flutter Mane|Thunder Wave|p1a: Mullet Mania\n|-status|p1a: Mullet Mania|par\n|move|p1b: Pippin|Heavy Slam|p2a: Flutter Mane\n|-supereffective|p2a: Flutter Mane\n|-damage|p2a: Flutter Mane|51\/100\n|move|p1a: Mullet Mania|Sacred Fire|p2a: Flutter Mane\n|-damage|p2a: Flutter Mane|0 fnt\n|faint|p2a: Flutter Mane\n|-end|p2a: Flutter Mane|Protosynthesis|[silent]\n|\n|win|Mildly Displeased\n|raw|Mildly Displeased's rating: 1547 &rarr; <strong>1571<\/strong><br \/>(+24 for winning)\n|raw|BLiiNDProdiigy's rating: 1615 &rarr; <strong>1591<\/strong><br \/>(-24 for losing)\n|l|\u2606BLiiNDProdiigy\n|player|p2|\n|l|\u2606Mildly Displeased\n|player|p1|\n","uploadtime":1737491132,"views":8,"formatid":"gen9vgc2025regg","rating":1571,"private":0,"password":null}