{"id":"gen9vgc2025regg-2285834192","format":"[Gen 9] VGC 2025 Reg G","players":["501JFW","Bayo93"],"log":"|j|\u203d501JFW\n|j|\u2606Bayo93\n|t:|1737532295\n|gametype|doubles\n|player|p1|501JFW|170|1558\n|player|p2|Bayo93|2|1585\n|teamsize|p1|6\n|teamsize|p2|6\n|gen|9\n|tier|[Gen 9] VGC 2025 Reg G\n|rated|\n|rule|Species Clause: Limit one of each Pok\u00e9mon\n|rule|Item Clause: Limit 1 of each item\n|clearpoke\n|poke|p1|Calyrex-Ice, L50|\n|poke|p1|Iron Valiant, L50|\n|poke|p1|Urshifu-*, L50, F|\n|poke|p1|Pelipper, L50, M|\n|poke|p1|Landorus, L50, M|\n|poke|p1|Amoonguss, L50, F|\n|poke|p2|Groudon, L50|\n|poke|p2|Chien-Pao, L50|\n|poke|p2|Chi-Yu, L50|\n|poke|p2|Raging Bolt, L50|\n|poke|p2|Talonflame, L50, M|\n|poke|p2|Flutter Mane, L50|\n|teampreview|4\n|inactive|Battle timer is ON: inactive players will automatically lose when time's up. (requested by Bayo93)\n|inactive|Bayo93 has 60 seconds left.\n|\n|t:|1737532346\n|start\n|switch|p1a: Landorus|Landorus, L50, M, shiny|100\/100\n|switch|p1b: Urshifu|Urshifu-Rapid-Strike, L50, F|100\/100\n|switch|p2a: Talonflame|Talonflame, L50, M, shiny|100\/100\n|switch|p2b: Flutter Mane|Flutter Mane, L50|100\/100\n|turn|1\n|inactive|501JFW has 30 seconds left.\n|inactive|501JFW has 20 seconds left.\n|inactive|501JFW has 15 seconds left.\n|\n|t:|1737532389\n|switch|p2a: Groudon|Groudon, L50|100\/100\n|-weather|SunnyDay|[from] ability: Drought|[of] p2a: Groudon\n|-activate|p2b: Flutter Mane|ability: Protosynthesis\n|-start|p2b: Flutter Mane|protosynthesisspe\n|-terastallize|p1b: Urshifu|Water\n|move|p2b: Flutter Mane|Dazzling Gleam|p1a: Landorus|[spread] p1a,p1b\n|-damage|p1a: Landorus|40\/100\n|-damage|p1b: Urshifu|32\/100\n|move|p1a: Landorus|Rock Slide|p2a: Groudon|[spread] p2a,p2b\n|-resisted|p2a: Groudon\n|-damage|p2a: Groudon|95\/100\n|-damage|p2b: Flutter Mane|70\/100\n|move|p1b: Urshifu|Surging Strikes|p2b: Flutter Mane\n|-crit|p2b: Flutter Mane\n|-damage|p2b: Flutter Mane|49\/100\n|-crit|p2b: Flutter Mane\n|-damage|p2b: Flutter Mane|25\/100\n|-crit|p2b: Flutter Mane\n|-damage|p2b: Flutter Mane|3\/100\n|-hitcount|p2b: Flutter Mane|3\n|\n|-weather|SunnyDay|[upkeep]\n|upkeep\n|turn|2\n|inactive|Bayo93 has 30 seconds left.\n|inactive|Bayo93 has 20 seconds left.\n|inactive|Bayo93 has 15 seconds left.\n|inactive|Bayo93 has 10 seconds left.\n|\n|t:|1737532437\n|switch|p1b: Pelipper|Pelipper, L50, M, shiny|100\/100\n|-weather|RainDance|[from] ability: Drizzle|[of] p1b: Pelipper\n|-end|p2b: Flutter Mane|Protosynthesis\n|move|p1a: Landorus|Rock Slide|p2b: Flutter Mane|[spread] p2a,p2b\n|-resisted|p2a: Groudon\n|-damage|p2a: Groudon|88\/100\n|-damage|p2b: Flutter Mane|0 fnt\n|faint|p2b: Flutter Mane\n|-end|p2b: Flutter Mane|Protosynthesis|[silent]\n|move|p2a: Groudon|Double-Edge|p1b: Pelipper\n|-damage|p1b: Pelipper|44\/100\n|-damage|p2a: Groudon|72\/100|[from] Recoil\n|\n|-weather|RainDance|[upkeep]\n|upkeep\n|inactive|Bayo93 has 30 seconds left.\n|inactive|Bayo93 has 20 seconds left.\n|\n|t:|1737532474\n|switch|p2b: Talonflame|Talonflame, L50, M, shiny|100\/100\n|turn|3\n|inactive|501JFW has 30 seconds left.\n|inactive|501JFW has 20 seconds left.\n|inactive|Bayo93 has 30 seconds left.\n|inactive|501JFW has 15 seconds left.\n|j| AriehA1995\n|inactive|501JFW has 10 seconds left.\n|inactive|Bayo93 has 20 seconds left.\n|inactive|501JFW has 5 seconds left.\n|inactive|Bayo93 has 15 seconds left.\n|inactive|Bayo93 has 10 seconds left.\n|inactive|Bayo93 has 5 seconds left.\n|\n|t:|1737532535\n|switch|p1b: Calyrex|Calyrex-Ice, L50|100\/100\n|-ability|p1b: Calyrex|As One\n|-ability|p1b: Calyrex|Unnerve\n|move|p2b: Talonflame|Brave Bird|p1a: Landorus\n|-damage|p1a: Landorus|0 fnt\n|faint|p1a: Landorus\n|-damage|p2b: Talonflame|87\/100|[from] Recoil\n|move|p2a: Groudon|Double-Edge|p1b: Calyrex\n|-damage|p1b: Calyrex|68\/100\n|-damage|p2a: Groudon|61\/100|[from] Recoil\n|\n|-weather|RainDance|[upkeep]\n|upkeep\n|\n|t:|1737532559\n|switch|p1a: Urshifu|Urshifu-Rapid-Strike, L50, F, tera:Water|32\/100\n|turn|4\n|\n|t:|1737532576\n|move|p1a: Urshifu|Aqua Jet|p2b: Talonflame\n|-supereffective|p2b: Talonflame\n|-damage|p2b: Talonflame|0 fnt\n|faint|p2b: Talonflame\n|move|p2a: Groudon|Precipice Blades|p1a: Urshifu|[spread] p1a,p1b\n|-damage|p1a: Urshifu|0 fnt\n|-damage|p1b: Calyrex|36\/100\n|faint|p1a: Urshifu\n|move|p1b: Calyrex|Glacial Lance|p2a: Groudon\n|-supereffective|p2a: Groudon\n|-damage|p2a: Groudon|0 fnt\n|faint|p2a: Groudon\n|-ability|p1b: Calyrex|Chilling Neigh|boost\n|-boost|p1b: Calyrex|atk|1\n|\n|-weather|RainDance|[upkeep]\n|upkeep\n|\n|t:|1737532584\n|switch|p1a: Pelipper|Pelipper, L50, M, shiny|44\/100\n|switch|p2a: Chien-Pao|Chien-Pao, L50|100\/100\n|-ability|p2a: Chien-Pao|Sword of Ruin\n|turn|5\n|inactive|501JFW has 30 seconds left.\n|\n|t:|1737532616\n|-terastallize|p2a: Chien-Pao|Stellar\n|move|p2a: Chien-Pao|Ice Spinner|p1a: Pelipper\n|-crit|p1a: Pelipper\n|-damage|p1a: Pelipper|0 fnt\n|faint|p1a: Pelipper\n|move|p1b: Calyrex|Trick Room|p1b: Calyrex\n|-fieldstart|move: Trick Room|[of] p1b: Calyrex\n|\n|-weather|RainDance|[upkeep]\n|upkeep\n|turn|6\n|-message|501JFW forfeited.\n|\n|win|Bayo93\n|raw|501JFW's rating: 1558 &rarr; <strong>1540<\/strong><br \/>(-18 for losing)\n|raw|Bayo93's rating: 1585 &rarr; <strong>1603<\/strong><br \/>(+18 for winning)\n|l|\u203d501JFW\n|player|p1|\n|l|\u2606Bayo93\n|player|p2|\n|l| AriehA1995\n","uploadtime":1737532810,"views":12,"formatid":"gen9vgc2025regg","rating":1540,"private":0,"password":null}