{"id":"gen9vgc2025regg-2285501067","format":"[Gen 9] VGC 2025 Reg G","players":["Duryodhan","BLiiNDProdiigy"],"log":"|j|\u2606Duryodhan\n|j|\u2606BLiiNDProdiigy\n|t:|1737488608\n|gametype|doubles\n|player|p1|Duryodhan|265|1600\n|player|p2|BLiiNDProdiigy|rocketgrunt|1645\n|teamsize|p1|6\n|teamsize|p2|6\n|gen|9\n|tier|[Gen 9] VGC 2025 Reg G\n|rated|\n|rule|Species Clause: Limit one of each Pok\u00e9mon\n|rule|Item Clause: Limit 1 of each item\n|clearpoke\n|poke|p1|Calyrex-Ice, L50|\n|poke|p1|Indeedee-F, L50, F|\n|poke|p1|Gallade, L50, M|\n|poke|p1|Ursaluna, L50, M|\n|poke|p1|Amoonguss, L50, M|\n|poke|p1|Raging Bolt, L50|\n|poke|p2|Terapagos, L50, M|\n|poke|p2|Incineroar, L50, F|\n|poke|p2|Rillaboom, L50, M|\n|poke|p2|Urshifu-*, L50, F|\n|poke|p2|Flutter Mane, L50|\n|poke|p2|Ogerpon-Hearthflame, L50, F|\n|teampreview|4\n|inactive|Battle timer is ON: inactive players will automatically lose when time's up. (requested by BLiiNDProdiigy)\n|\n|t:|1737488638\n|start\n|switch|p1a: Gallade|Gallade, L50, M|100\/100\n|switch|p1b: Amoonguss|Amoonguss, L50, M|100\/100\n|switch|p2a: Urshifu|Urshifu-Rapid-Strike, L50, F|100\/100\n|switch|p2b: Incineroar|Incineroar, L50, F|100\/100\n|-ability|p2b: Incineroar|Intimidate|boost\n|-fail|p1a: Gallade|unboost|[from] item: Clear Amulet|[of] p1a: Gallade\n|-unboost|p1b: Amoonguss|atk|1\n|turn|1\n|\n|t:|1737488654\n|switch|p2a: Ogerpon|Ogerpon-Hearthflame, L50, F|100\/100\n|-ability|p2a: Ogerpon|Mold Breaker\n|-terastallize|p1a: Gallade|Ghost\n|move|p1b: Amoonguss|Rage Powder|p1b: Amoonguss\n|-singleturn|p1b: Amoonguss|move: Rage Powder\n|move|p2b: Incineroar|Will-O-Wisp|p1b: Amoonguss\n|-status|p1b: Amoonguss|brn\n|move|p1a: Gallade|Trick Room|p1a: Gallade\n|-fieldstart|move: Trick Room|[of] p1a: Gallade\n|\n|-damage|p1b: Amoonguss|95\/100 brn|[from] brn\n|upkeep\n|turn|2\n|\n|t:|1737488676\n|switch|p1b: Ursaluna|Ursaluna, L50, M|100\/100\n|move|p2b: Incineroar|Knock Off|p1a: Gallade\n|-supereffective|p1a: Gallade\n|-damage|p1a: Gallade|11\/100\n|-enditem|p1a: Gallade|Clear Amulet|[from] move: Knock Off|[of] p2b: Incineroar\n|move|p1a: Gallade|Sacred Sword|p2b: Incineroar\n|-supereffective|p2b: Incineroar\n|-damage|p2b: Incineroar|8\/100\n|-damage|p1a: Gallade|0 fnt|[from] item: Rocky Helmet|[of] p2b: Incineroar\n|faint|p1a: Gallade\n|move|p2a: Ogerpon|Ivy Cudgel|p1b: Ursaluna|[anim] Ivy Cudgel Fire\n|-damage|p1b: Ursaluna|61\/100\n|\n|-status|p1b: Ursaluna|brn|[from] item: Flame Orb\n|upkeep\n|\n|t:|1737488686\n|switch|p1a: Calyrex|Calyrex-Ice, L50|100\/100\n|-ability|p1a: Calyrex|As One\n|-ability|p1a: Calyrex|Unnerve\n|turn|3\n|j| play sos wednesday\n|\n|t:|1737488697\n|switch|p1b: Amoonguss|Amoonguss, L50, M|100\/100 brn\n|switch|p2b: Urshifu|Urshifu-Rapid-Strike, L50, F|100\/100\n|move|p2a: Ogerpon|Spiky Shield|p2a: Ogerpon\n|-singleturn|p2a: Ogerpon|move: Protect\n|move|p1a: Calyrex|Glacial Lance|p2b: Urshifu|[spread] p2b\n|-activate|p2a: Ogerpon|move: Protect\n|-resisted|p2b: Urshifu\n|-damage|p2b: Urshifu|68\/100\n|\n|-damage|p1b: Amoonguss|95\/100 brn|[from] brn\n|upkeep\n|turn|4\n|\n|t:|1737488708\n|move|p2b: Urshifu|Protect|p2b: Urshifu\n|-singleturn|p2b: Urshifu|Protect\n|move|p1b: Amoonguss|Spore|p2b: Urshifu\n|-activate|p2b: Urshifu|move: Protect\n|move|p1a: Calyrex|Glacial Lance|p2b: Urshifu|[spread] p2a\n|-activate|p2b: Urshifu|move: Protect\n|-damage|p2a: Ogerpon|37\/100\n|move|p2a: Ogerpon|Ivy Cudgel|p1a: Calyrex|[anim] Ivy Cudgel Fire\n|-supereffective|p1a: Calyrex\n|-damage|p1a: Calyrex|30\/100\n|\n|-damage|p1b: Amoonguss|89\/100 brn|[from] brn\n|upkeep\n|turn|5\n|\n|t:|1737488721\n|move|p2a: Ogerpon|Spiky Shield|p2a: Ogerpon\n|-singleturn|p2a: Ogerpon|move: Protect\n|move|p1b: Amoonguss|Spore|p2b: Urshifu\n|-status|p2b: Urshifu|slp|[from] move: Spore\n|move|p1a: Calyrex|Glacial Lance|p2a: Ogerpon|[spread] p2b\n|-activate|p2a: Ogerpon|move: Protect\n|-resisted|p2b: Urshifu\n|-damage|p2b: Urshifu|39\/100 slp\n|cant|p2b: Urshifu|slp\n|\n|-damage|p1b: Amoonguss|83\/100 brn|[from] brn\n|-fieldend|move: Trick Room\n|upkeep\n|turn|6\n|\n|t:|1737488733\n|switch|p2b: Terapagos|Terapagos, L50, M|100\/100\n|-activate|p2b: Terapagos|ability: Tera Shift\n|detailschange|p2b: Terapagos|Terapagos-Terastal, L50, M\n|-heal|p2b: Terapagos|100\/100|[silent]\n|move|p1a: Calyrex|Protect|p1a: Calyrex\n|-singleturn|p1a: Calyrex|Protect\n|move|p2a: Ogerpon|Ivy Cudgel|p1a: Calyrex|[anim] Ivy Cudgel Fire\n|-activate|p1a: Calyrex|move: Protect\n|move|p1b: Amoonguss|Clear Smog|p2a: Ogerpon\n|-supereffective|p2a: Ogerpon\n|-damage|p2a: Ogerpon|7\/100\n|-clearboost|p2a: Ogerpon\n|\n|-damage|p1b: Amoonguss|77\/100 brn|[from] brn\n|upkeep\n|turn|7\n|\n|t:|1737488745\n|-terastallize|p2b: Terapagos|Stellar\n|detailschange|p2b: Terapagos|Terapagos-Stellar, L50, M, tera:Stellar\n|-heal|p2b: Terapagos|100\/100|[silent]\n|move|p1a: Calyrex|Protect|p1a: Calyrex\n|-singleturn|p1a: Calyrex|Protect\n|move|p2a: Ogerpon|Ivy Cudgel|p1b: Amoonguss|[anim] Ivy Cudgel Fire\n|-supereffective|p1b: Amoonguss\n|-damage|p1b: Amoonguss|0 fnt\n|faint|p1b: Amoonguss\n|move|p2b: Terapagos|Tera Starstorm|p1a: Calyrex\n|-activate|p1a: Calyrex|move: Protect\n|\n|upkeep\n|-message|Duryodhan forfeited.\n|\n|win|BLiiNDProdiigy\n|raw|Duryodhan's rating: 1600 &rarr; <strong>1583<\/strong><br \/>(-17 for losing)\n|raw|BLiiNDProdiigy's rating: 1645 &rarr; <strong>1662<\/strong><br \/>(+17 for winning)\n|l|\u2606Duryodhan\n|player|p1|\n|l|\u2606BLiiNDProdiigy\n|player|p2|\n|l| play sos wednesday\n","uploadtime":1737489027,"views":15,"formatid":"gen9vgc2025regg","rating":1583,"private":0,"password":null}