{"id":"gen9vgc2025regg-2285875684","format":"[Gen 9] VGC 2025 Reg G","players":["RandomDuVGCFR","MisterBanana7"],"log":"|j|\u2606RandomDuVGCFR\n|j|\u2606MisterBanana7\n|t:|1737539939\n|gametype|doubles\n|player|p1|RandomDuVGCFR|dragontamer|1591\n|player|p2|MisterBanana7|cynthia-gen4|1550\n|teamsize|p1|6\n|teamsize|p2|6\n|gen|9\n|tier|[Gen 9] VGC 2025 Reg G\n|rated|\n|rule|Species Clause: Limit one of each Pok\u00e9mon\n|rule|Item Clause: Limit 1 of each item\n|clearpoke\n|poke|p1|Kyogre, L50|\n|poke|p1|Rillaboom, L50, F|\n|poke|p1|Incineroar, L50, M|\n|poke|p1|Iron Jugulis, L50|\n|poke|p1|Urshifu-*, L50, M|\n|poke|p1|Amoonguss, L50, M|\n|poke|p2|Groudon, L50|\n|poke|p2|Scovillain, L50, F|\n|poke|p2|Flutter Mane, L50|\n|poke|p2|Farigiraf, L50, M|\n|poke|p2|Chi-Yu, L50|\n|poke|p2|Raging Bolt, L50|\n|teampreview|4\n|inactive|Battle timer is ON: inactive players will automatically lose when time's up. (requested by MisterBanana7)\n|inactive|RandomDuVGCFR has 60 seconds left.\n|\n|t:|1737540010\n|start\n|switch|p1a: Iron Jugulis|Iron Jugulis, L50|100\/100\n|switch|p1b: Incineroar|Incineroar, L50, M|100\/100\n|switch|p2a: Raging Bolt|Raging Bolt, L50|100\/100\n|switch|p2b: Flutter Mane|Flutter Mane, L50|100\/100\n|-ability|p1b: Incineroar|Intimidate|boost\n|-unboost|p2a: Raging Bolt|atk|1\n|-unboost|p2b: Flutter Mane|atk|1\n|-enditem|p2b: Flutter Mane|Booster Energy\n|-activate|p2b: Flutter Mane|ability: Protosynthesis|[fromitem]\n|-start|p2b: Flutter Mane|protosynthesisspe\n|-enditem|p1a: Iron Jugulis|Booster Energy\n|-activate|p1a: Iron Jugulis|ability: Quark Drive|[fromitem]\n|-start|p1a: Iron Jugulis|quarkdrivespe\n|turn|1\n|inactive|MisterBanana7 has 30 seconds left.\n|\n|t:|1737540037\n|move|p1a: Iron Jugulis|Protect|p1a: Iron Jugulis\n|-singleturn|p1a: Iron Jugulis|Protect\n|move|p2b: Flutter Mane|Dazzling Gleam|p1a: Iron Jugulis|[spread] p1b\n|-activate|p1a: Iron Jugulis|move: Protect\n|-damage|p1b: Incineroar|73\/100\n|move|p2a: Raging Bolt|Electroweb|p1b: Incineroar|[spread] \n|-activate|p1a: Iron Jugulis|move: Protect\n|-miss|p2a: Raging Bolt|p1b: Incineroar\n|move|p1b: Incineroar|Parting Shot|p2b: Flutter Mane\n|-unboost|p2b: Flutter Mane|atk|1\n|-unboost|p2b: Flutter Mane|spa|1\n|\n|t:|1737540051\n|switch|p1b: Rillaboom|Rillaboom, L50, F|100\/100|[from] Parting Shot\n|-fieldstart|move: Grassy Terrain|[from] ability: Grassy Surge|[of] p1b: Rillaboom\n|\n|upkeep\n|turn|2\n|inactive|MisterBanana7 has 30 seconds left.\n|\n|t:|1737540081\n|-end|p2b: Flutter Mane|Protosynthesis|[silent]\n|switch|p2b: Farigiraf|Farigiraf, L50, M|100\/100\n|-terastallize|p1a: Iron Jugulis|Poison\n|move|p1a: Iron Jugulis|Tailwind|p1a: Iron Jugulis\n|-sidestart|p1: RandomDuVGCFR|move: Tailwind\n|move|p1b: Rillaboom|Wood Hammer|p2b: Farigiraf\n|-damage|p2b: Farigiraf|32\/100\n|-damage|p1b: Rillaboom|76\/100|[from] Recoil\n|move|p2a: Raging Bolt|Volt Switch|p1a: Iron Jugulis\n|-damage|p1a: Iron Jugulis|59\/100\n|\n|t:|1737540097\n|-end|p2a: Raging Bolt|Protosynthesis|[silent]\n|switch|p2a: Groudon|Groudon, L50|100\/100|[from] Volt Switch\n|-weather|SunnyDay|[from] ability: Drought|[of] p2a: Groudon\n|\n|-weather|SunnyDay|[upkeep]\n|-heal|p1a: Iron Jugulis|64\/100|[from] Grassy Terrain\n|-heal|p1b: Rillaboom|82\/100|[from] Grassy Terrain\n|-heal|p2b: Farigiraf|38\/100|[from] Grassy Terrain\n|upkeep\n|turn|3\n|inactive|RandomDuVGCFR has 30 seconds left.\n|inactive|RandomDuVGCFR has 20 seconds left.\n|inactive|RandomDuVGCFR has 15 seconds left.\n|inactive|RandomDuVGCFR has 10 seconds left.\n|inactive|RandomDuVGCFR has 5 seconds left.\n|\n|t:|1737540152\n|-terastallize|p2a: Groudon|Fire\n|move|p1b: Rillaboom|Fake Out||[still]\n|cant|p2b: Farigiraf|ability: Armor Tail|Fake Out|[of] p1b: Rillaboom\n|move|p1a: Iron Jugulis|Hurricane|p2b: Farigiraf\n|-damage|p2b: Farigiraf|0 fnt\n|faint|p2b: Farigiraf\n|move|p2a: Groudon|Precipice Blades|p1a: Iron Jugulis|[spread] \n|-miss|p2a: Groudon|p1a: Iron Jugulis\n|-miss|p2a: Groudon|p1b: Rillaboom\n|\n|-weather|SunnyDay|[upkeep]\n|-heal|p1a: Iron Jugulis|70\/100|[from] Grassy Terrain\n|-heal|p1b: Rillaboom|88\/100|[from] Grassy Terrain\n|upkeep\n|c|\u2606MisterBanana7|Wp\n|\n|t:|1737540172\n|switch|p2b: Flutter Mane|Flutter Mane, L50|100\/100\n|-activate|p2b: Flutter Mane|ability: Protosynthesis\n|-start|p2b: Flutter Mane|protosynthesisspe\n|turn|4\n|\n|t:|1737540185\n|-end|p1a: Iron Jugulis|Quark Drive|[silent]\n|switch|p1a: Incineroar|Incineroar, L50, M|73\/100\n|-ability|p1a: Incineroar|Intimidate|boost\n|-fail|p2a: Groudon|unboost|[from] item: Clear Amulet|[of] p2a: Groudon\n|-unboost|p2b: Flutter Mane|atk|1\n|move|p2b: Flutter Mane|Protect|p2b: Flutter Mane\n|-singleturn|p2b: Flutter Mane|Protect\n|move|p1b: Rillaboom|Wood Hammer|p2b: Flutter Mane\n|-activate|p2b: Flutter Mane|move: Protect\n|move|p2a: Groudon|Heat Crash|p1b: Rillaboom\n|-supereffective|p1b: Rillaboom\n|-damage|p1b: Rillaboom|0 fnt\n|faint|p1b: Rillaboom\n|\n|-weather|SunnyDay|[upkeep]\n|-heal|p1a: Incineroar|79\/100|[from] Grassy Terrain\n|upkeep\n|\n|t:|1737540196\n|switch|p1b: Kyogre|Kyogre, L50|100\/100\n|-weather|RainDance|[from] ability: Drizzle|[of] p1b: Kyogre\n|-end|p2b: Flutter Mane|Protosynthesis\n|turn|5\n|j| WattoVGC\n|inactive|MisterBanana7 has 30 seconds left.\n|inactive|MisterBanana7 has 20 seconds left.\n|\n|t:|1737540233\n|switch|p2a: Raging Bolt|Raging Bolt, L50|100\/100\n|move|p2b: Flutter Mane|Protect||[still]\n|-fail|p2b: Flutter Mane\n|move|p1b: Kyogre|Origin Pulse|p2b: Flutter Mane|[spread] p2a,p2b\n|-resisted|p2a: Raging Bolt\n|-damage|p2a: Raging Bolt|82\/100\n|-damage|p2b: Flutter Mane|24\/100\n|move|p1a: Incineroar|Knock Off|p2b: Flutter Mane\n|-damage|p2b: Flutter Mane|0 fnt\n|faint|p2b: Flutter Mane\n|-end|p2b: Flutter Mane|Protosynthesis|[silent]\n|\n|-weather|RainDance|[upkeep]\n|-heal|p1a: Incineroar|85\/100|[from] Grassy Terrain\n|-heal|p2a: Raging Bolt|88\/100|[from] Grassy Terrain\n|-sideend|p1: RandomDuVGCFR|move: Tailwind\n|-fieldend|move: Grassy Terrain\n|upkeep\n|\n|t:|1737540243\n|switch|p2b: Groudon|Groudon, L50, tera:Fire|100\/100\n|-weather|SunnyDay|[from] ability: Drought|[of] p2b: Groudon\n|-activate|p2a: Raging Bolt|ability: Protosynthesis\n|-start|p2a: Raging Bolt|protosynthesisspa\n|turn|6\n|\n|t:|1737540257\n|switch|p1b: Iron Jugulis|Iron Jugulis, L50, tera:Poison|70\/100\n|move|p2b: Groudon|Precipice Blades|p1b: Iron Jugulis|[spread] p1a,p1b\n|-supereffective|p1a: Incineroar\n|-supereffective|p1b: Iron Jugulis\n|-crit|p1b: Iron Jugulis\n|-damage|p1a: Incineroar|1\/100\n|-damage|p1b: Iron Jugulis|0 fnt\n|faint|p1b: Iron Jugulis\n|-end|p1b: Iron Jugulis|Quark Drive|[silent]\n|move|p2a: Raging Bolt|Electroweb|p1a: Incineroar\n|-damage|p1a: Incineroar|0 fnt\n|faint|p1a: Incineroar\n|\n|-weather|SunnyDay|[upkeep]\n|upkeep\n|\n|t:|1737540267\n|switch|p1b: Kyogre|Kyogre, L50|100\/100\n|-weather|RainDance|[from] ability: Drizzle|[of] p1b: Kyogre\n|-end|p2a: Raging Bolt|Protosynthesis\n|turn|7\n|\n|t:|1737540278\n|move|p2b: Groudon|Helping Hand|p2a: Raging Bolt\n|-singleturn|p2a: Raging Bolt|Helping Hand|[of] p2b: Groudon\n|move|p1b: Kyogre|Protect|p1b: Kyogre\n|-singleturn|p1b: Kyogre|Protect\n|move|p2a: Raging Bolt|Thunderclap||[still]\n|-fail|p2a: Raging Bolt\n|\n|-weather|RainDance|[upkeep]\n|upkeep\n|turn|8\n|\n|t:|1737540288\n|move|p2b: Groudon|Protect|p2b: Groudon\n|-singleturn|p2b: Groudon|Protect\n|move|p1b: Kyogre|Calm Mind|p1b: Kyogre\n|-boost|p1b: Kyogre|spa|1\n|-boost|p1b: Kyogre|spd|1\n|move|p2a: Raging Bolt|Electroweb|p1b: Kyogre\n|-supereffective|p1b: Kyogre\n|-damage|p1b: Kyogre|72\/100\n|-unboost|p1b: Kyogre|spe|1\n|\n|-weather|RainDance|[upkeep]\n|-heal|p1b: Kyogre|79\/100|[from] item: Leftovers\n|upkeep\n|turn|9\n|\n|t:|1737540304\n|move|p2b: Groudon|Precipice Blades|p1b: Kyogre\n|-damage|p1b: Kyogre|19\/100\n|move|p2a: Raging Bolt|Volt Switch|p1b: Kyogre\n|-supereffective|p1b: Kyogre\n|-damage|p1b: Kyogre|0 fnt\n|faint|p1b: Kyogre\n|\n|win|MisterBanana7\n|raw|RandomDuVGCFR's rating: 1591 &rarr; <strong>1569<\/strong><br \/>(-22 for losing)\n|raw|MisterBanana7's rating: 1550 &rarr; <strong>1572<\/strong><br \/>(+22 for winning)\n|l|\u2606RandomDuVGCFR\n|player|p1|\n","uploadtime":1737540453,"views":16,"formatid":"gen9vgc2025regg","rating":1569,"private":0,"password":null}