{"id":"gen9vgc2025regg-2285499361","format":"[Gen 9] VGC 2025 Reg G","players":["Duryodhan","Acblade"],"log":"|j|\u2606Duryodhan\n|j|\u2606Acblade\n|t:|1737488442\n|gametype|doubles\n|player|p1|Duryodhan|265|1573\n|player|p2|Acblade|lucas|1703\n|teamsize|p1|6\n|teamsize|p2|6\n|gen|9\n|tier|[Gen 9] VGC 2025 Reg G\n|rated|\n|rule|Species Clause: Limit one of each Pok\u00e9mon\n|rule|Item Clause: Limit 1 of each item\n|clearpoke\n|poke|p1|Calyrex-Ice, L50|\n|poke|p1|Indeedee-F, L50, F|\n|poke|p1|Gallade, L50, M|\n|poke|p1|Ursaluna, L50, M|\n|poke|p1|Amoonguss, L50, M|\n|poke|p1|Raging Bolt, L50|\n|poke|p2|Tornadus, L50, M|\n|poke|p2|Chi-Yu, L50|\n|poke|p2|Flutter Mane, L50|\n|poke|p2|Koraidon, L50|\n|poke|p2|Raging Bolt, L50|\n|poke|p2|Farigiraf, L50, F|\n|teampreview|4\n|inactive|Battle timer is ON: inactive players will automatically lose when time's up. (requested by Acblade)\n|j| zacattack110\n|\n|t:|1737488464\n|start\n|switch|p1a: Indeedee|Indeedee-F, L50, F|100\/100\n|switch|p1b: Gallade|Gallade, L50, M|100\/100\n|switch|p2a: Farigiraf|Farigiraf, L50, F|100\/100\n|switch|p2b: Koraidon|Koraidon, L50|100\/100\n|-weather|SunnyDay|[from] ability: Orichalcum Pulse|[of] p2b: Koraidon\n|-activate|p2b: Koraidon|Orichalcum Pulse|[source]\n|-fieldstart|move: Psychic Terrain|[from] ability: Psychic Surge|[of] p1a: Indeedee\n|turn|1\n|\n|t:|1737488479\n|-terastallize|p2b: Koraidon|Fire\n|move|p2b: Koraidon|Flare Blitz|p1b: Gallade\n|-damage|p1b: Gallade|0 fnt\n|faint|p1b: Gallade\n|-damage|p2b: Koraidon|70\/100|[from] Recoil\n|move|p2a: Farigiraf|Imprison|p2a: Farigiraf\n|-start|p2a: Farigiraf|move: Imprison\n|cant|p1a: Indeedee|move: Imprison|Trick Room\n|\n|-weather|SunnyDay|[upkeep]\n|upkeep\n|\n|t:|1737488485\n|switch|p1b: Raging Bolt|Raging Bolt, L50|100\/100\n|-activate|p1b: Raging Bolt|ability: Protosynthesis\n|-start|p1b: Raging Bolt|protosynthesisspa\n|turn|2\n|\n|t:|1737488496\n|move|p1a: Indeedee|Helping Hand|p1b: Raging Bolt\n|-singleturn|p1b: Raging Bolt|Helping Hand|[of] p1a: Indeedee\n|move|p2a: Farigiraf|Protect|p2a: Farigiraf\n|-singleturn|p2a: Farigiraf|Protect\n|move|p2b: Koraidon|Flare Blitz|p1a: Indeedee\n|-damage|p1a: Indeedee|0 fnt\n|faint|p1a: Indeedee\n|-damage|p2b: Koraidon|38\/100|[from] Recoil\n|move|p1b: Raging Bolt|Thunderbolt|p2b: Koraidon\n|-damage|p2b: Koraidon|0 fnt\n|faint|p2b: Koraidon\n|\n|-weather|SunnyDay|[upkeep]\n|upkeep\n|\n|t:|1737488506\n|switch|p2b: Flutter Mane|Flutter Mane, L50|100\/100\n|switch|p1a: Calyrex|Calyrex-Ice, L50|100\/100\n|-ability|p1a: Calyrex|As One\n|-ability|p1a: Calyrex|Unnerve\n|-activate|p2b: Flutter Mane|ability: Protosynthesis\n|-start|p2b: Flutter Mane|protosynthesisspe\n|turn|3\n|\n|t:|1737488526\n|-terastallize|p1b: Raging Bolt|Electric\n|move|p2b: Flutter Mane|Moonblast|p1a: Calyrex\n|-damage|p1a: Calyrex|51\/100\n|move|p1b: Raging Bolt|Thunderbolt|p2a: Farigiraf\n|-damage|p2a: Farigiraf|0 fnt\n|faint|p2a: Farigiraf\n|move|p1a: Calyrex|Glacial Lance|p2b: Flutter Mane\n|-damage|p2b: Flutter Mane|0 fnt\n|faint|p2b: Flutter Mane\n|-end|p2b: Flutter Mane|Protosynthesis|[silent]\n|-ability|p1a: Calyrex|Chilling Neigh|boost\n|-boost|p1a: Calyrex|atk|1\n|\n|-weather|SunnyDay|[upkeep]\n|upkeep\n|\n|t:|1737488534\n|switch|p2b: Chi-Yu|Chi-Yu, L50|100\/100\n|-ability|p2b: Chi-Yu|Beads of Ruin\n|turn|4\n|\n|t:|1737488549\n|move|p2b: Chi-Yu|Heat Wave|p1b: Raging Bolt|[spread] p1a,p1b\n|-supereffective|p1a: Calyrex\n|-damage|p1a: Calyrex|0 fnt\n|-damage|p1b: Raging Bolt|36\/100\n|-status|p1b: Raging Bolt|brn\n|faint|p1a: Calyrex\n|move|p1b: Raging Bolt|Thunderbolt|p2b: Chi-Yu\n|-damage|p2b: Chi-Yu|8\/100\n|\n|-weather|SunnyDay|[upkeep]\n|-damage|p1b: Raging Bolt|30\/100 brn|[from] brn\n|upkeep\n|turn|5\n|\n|t:|1737488557\n|move|p1b: Raging Bolt|Protect|p1b: Raging Bolt\n|-singleturn|p1b: Raging Bolt|Protect\n|move|p2b: Chi-Yu|Heat Wave|p1b: Raging Bolt\n|-activate|p1b: Raging Bolt|move: Protect\n|\n|-weather|none\n|-end|p1b: Raging Bolt|Protosynthesis\n|-damage|p1b: Raging Bolt|24\/100 brn|[from] brn\n|-fieldend|move: Psychic Terrain\n|upkeep\n|-enditem|p1b: Raging Bolt|Booster Energy\n|-activate|p1b: Raging Bolt|ability: Protosynthesis|[fromitem]\n|-start|p1b: Raging Bolt|protosynthesisspa\n|turn|6\n|\n|t:|1737488567\n|move|p1b: Raging Bolt|Thunderclap|p2b: Chi-Yu\n|-damage|p2b: Chi-Yu|0 fnt\n|faint|p2b: Chi-Yu\n|\n|win|Duryodhan\n|raw|Duryodhan's rating: 1573 &rarr; <strong>1600<\/strong><br \/>(+27 for winning)\n|raw|Acblade's rating: 1703 &rarr; <strong>1676<\/strong><br \/>(-27 for losing)\n|l|\u2606Acblade\n|player|p2|\n|l| zacattack110\n|l|\u2606Duryodhan\n|player|p1|\n","uploadtime":1737488746,"views":11,"formatid":"gen9vgc2025regg","rating":1600,"private":0,"password":null}