{"id":"gen9vgc2025regg-2285134436","format":"[Gen 9] VGC 2025 Reg G","players":["Free-to-poke","head0fthetable"],"log":"|j|\u2606Free-to-poke\n|j|\u2606head0fthetable\n|t:|1737440440\n|gametype|doubles\n|player|p1|Free-to-poke|bruno|1504\n|player|p2|head0fthetable|leon-masters|1570\n|teamsize|p1|6\n|teamsize|p2|6\n|gen|9\n|tier|[Gen 9] VGC 2025 Reg G\n|rated|\n|rule|Species Clause: Limit one of each Pok\u00e9mon\n|rule|Item Clause: Limit 1 of each item\n|clearpoke\n|poke|p1|Calyrex-Shadow, L50|\n|poke|p1|Weezing-Galar, L50, F|\n|poke|p1|Dondozo, L50, M|\n|poke|p1|Tatsugiri-Droopy, L50, F|\n|poke|p1|Iron Hands, L50|\n|poke|p1|Indeedee-F, L50, F|\n|poke|p2|Miraidon, L50|\n|poke|p2|Chi-Yu, L50|\n|poke|p2|Iron Treads, L50|\n|poke|p2|Farigiraf, L50, M|\n|poke|p2|Tornadus, L50, M|\n|poke|p2|Urshifu-*, L50, M|\n|teampreview|4\n|inactive|Battle timer is ON: inactive players will automatically lose when time's up. (requested by head0fthetable)\n|\n|t:|1737440474\n|start\n|switch|p1a: Calyrex|Calyrex-Shadow, L50|100\/100\n|switch|p1b: Weezing|Weezing-Galar, L50, F|100\/100\n|switch|p2a: Chi-Yu|Chi-Yu, L50|100\/100\n|switch|p2b: Farigiraf|Farigiraf, L50, M|100\/100\n|-ability|p1a: Calyrex|As One\n|-ability|p1a: Calyrex|Unnerve\n|-ability|p1b: Weezing|Neutralizing Gas\n|turn|1\n|\n|t:|1737440488\n|switch|p1a: Iron Hands|Iron Hands, L50|100\/100\n|move|p2a: Chi-Yu|Snarl|p1b: Weezing|[spread] p1a,p1b\n|-resisted|p1a: Iron Hands\n|-resisted|p1b: Weezing\n|-damage|p1a: Iron Hands|94\/100\n|-damage|p1b: Weezing|88\/100\n|-unboost|p1a: Iron Hands|spa|1\n|-unboost|p1b: Weezing|spa|1\n|move|p1b: Weezing|Poison Gas|p2a: Chi-Yu|[spread] p2a,p2b\n|-status|p2a: Chi-Yu|psn\n|-status|p2b: Farigiraf|psn\n|move|p2b: Farigiraf|Psychic|p1b: Weezing\n|-supereffective|p1b: Weezing\n|-damage|p1b: Weezing|10\/100\n|-unboost|p1b: Weezing|spd|1\n|-enditem|p1b: Weezing|Sitrus Berry|[eat]\n|-heal|p1b: Weezing|35\/100|[from] item: Sitrus Berry\n|\n|-damage|p2a: Chi-Yu|88\/100 psn|[from] psn\n|-damage|p2b: Farigiraf|88\/100 psn|[from] psn\n|upkeep\n|turn|2\n|\n|t:|1737440512\n|switch|p2a: Urshifu|Urshifu-Rapid-Strike, L50, M|100\/100\n|move|p1a: Iron Hands|Fake Out|p2b: Farigiraf\n|-damage|p2b: Farigiraf|72\/100 psn\n|move|p1b: Weezing|Toxic Spikes|p2a: Urshifu\n|-sidestart|p2: head0fthetable|move: Toxic Spikes\n|cant|p2b: Farigiraf|flinch\n|\n|-damage|p2b: Farigiraf|60\/100 psn|[from] psn\n|upkeep\n|turn|3\n|\n|t:|1737440536\n|-end|p1b: Weezing|ability: Neutralizing Gas\n|switch|p1b: Indeedee|Indeedee-F, L50, F|100\/100\n|-fieldstart|move: Psychic Terrain|[from] ability: Psychic Surge|[of] p1b: Indeedee\n|move|p2a: Urshifu|Surging Strikes|p1b: Indeedee\n|-crit|p1b: Indeedee\n|-damage|p1b: Indeedee|68\/100\n|-damage|p2a: Urshifu|84\/100|[from] item: Rocky Helmet|[of] p1b: Indeedee\n|-crit|p1b: Indeedee\n|-damage|p1b: Indeedee|36\/100\n|-damage|p2a: Urshifu|68\/100|[from] item: Rocky Helmet|[of] p1b: Indeedee\n|-crit|p1b: Indeedee\n|-damage|p1b: Indeedee|7\/100\n|-damage|p2a: Urshifu|51\/100|[from] item: Rocky Helmet|[of] p1b: Indeedee\n|-hitcount|p1b: Indeedee|3\n|move|p2b: Farigiraf|Psychic|p1a: Iron Hands\n|-supereffective|p1a: Iron Hands\n|-crit|p1a: Iron Hands\n|-damage|p1a: Iron Hands|18\/100\n|move|p1a: Iron Hands|Volt Switch|p2a: Urshifu\n|-supereffective|p2a: Urshifu\n|-damage|p2a: Urshifu|29\/100\n|\n|t:|1737440558\n|-end|p1a: Iron Hands|Quark Drive|[silent]\n|switch|p1a: Calyrex|Calyrex-Shadow, L50|100\/100|[from] Volt Switch\n|-ability|p1a: Calyrex|As One\n|-ability|p1a: Calyrex|Unnerve\n|\n|-damage|p2b: Farigiraf|48\/100 psn|[from] psn\n|upkeep\n|turn|4\n|\n|t:|1737440572\n|move|p1a: Calyrex|Expanding Force|p2a: Urshifu|[spread] p2a,p2b\n|-supereffective|p2a: Urshifu\n|-resisted|p2b: Farigiraf\n|-damage|p2a: Urshifu|0 fnt\n|-damage|p2b: Farigiraf|18\/100 psn\n|faint|p2a: Urshifu\n|-ability|p1a: Calyrex|Grim Neigh|boost\n|-boost|p1a: Calyrex|spa|1\n|move|p1b: Indeedee|Alluring Voice|p2b: Farigiraf\n|-damage|p2b: Farigiraf|5\/100 psn\n|move|p2b: Farigiraf|Foul Play|p1a: Calyrex\n|-supereffective|p1a: Calyrex\n|-damage|p1a: Calyrex|25\/100\n|\n|-damage|p2b: Farigiraf|0 fnt|[from] psn\n|faint|p2b: Farigiraf\n|upkeep\n|\n|t:|1737440583\n|switch|p2a: Chi-Yu|Chi-Yu, L50|88\/100 psn\n|switch|p2b: Miraidon|Miraidon, L50|100\/100\n|-ability|p2a: Chi-Yu|Beads of Ruin\n|-status|p2b: Miraidon|psn\n|-fieldstart|move: Electric Terrain|[from] ability: Hadron Engine|[of] p2b: Miraidon\n|turn|5\n|\n|t:|1737440600\n|switch|p1b: Weezing|Weezing-Galar, L50, F|35\/100\n|-ability|p1b: Weezing|Neutralizing Gas\n|-terastallize|p2b: Miraidon|Fairy\n|move|p1a: Calyrex|Protect|p1a: Calyrex\n|-singleturn|p1a: Calyrex|Protect\n|move|p2a: Chi-Yu|Heat Wave|p1b: Weezing|[spread] p1b\n|-activate|p1a: Calyrex|move: Protect\n|-damage|p1b: Weezing|0 fnt\n|faint|p1b: Weezing\n|-end|p1b: Weezing|ability: Neutralizing Gas\n|-ability|p2a: Chi-Yu|Beads of Ruin\n|-activate|p2b: Miraidon|ability: Hadron Engine\n|move|p2b: Miraidon|Dazzling Gleam|p1a: Calyrex\n|-activate|p1a: Calyrex|move: Protect\n|\n|-damage|p2a: Chi-Yu|76\/100 psn|[from] psn\n|-damage|p2b: Miraidon|88\/100 psn|[from] psn\n|upkeep\n|\n|t:|1737440621\n|switch|p1b: Iron Hands|Iron Hands, L50|18\/100\n|-activate|p1b: Iron Hands|ability: Quark Drive\n|-start|p1b: Iron Hands|quarkdriveatk\n|turn|6\n|\n|t:|1737440636\n|move|p1b: Iron Hands|Fake Out|p2a: Chi-Yu\n|-damage|p2a: Chi-Yu|47\/100 psn\n|cant|p2a: Chi-Yu|flinch\n|move|p1a: Calyrex|Astral Barrage|p2a: Chi-Yu|[spread] p2a,p2b\n|-resisted|p2a: Chi-Yu\n|-crit|p2b: Miraidon\n|-damage|p2a: Chi-Yu|6\/100 psn\n|-damage|p2b: Miraidon|0 fnt\n|faint|p2b: Miraidon\n|-ability|p1a: Calyrex|Grim Neigh|boost\n|-boost|p1a: Calyrex|spa|1\n|\n|-damage|p2a: Chi-Yu|0 fnt|[from] psn\n|faint|p2a: Chi-Yu\n|\n|win|Free-to-poke\n|upkeep\n|raw|Free-to-poke's rating: 1504 &rarr; <strong>1528<\/strong><br \/>(+24 for winning)\n|raw|head0fthetable's rating: 1570 &rarr; <strong>1546<\/strong><br \/>(-24 for losing)\n|l|\u2606Free-to-poke\n|player|p1|\n|l|\u2606head0fthetable\n|player|p2|\n","uploadtime":1737440903,"views":4,"formatid":"gen9vgc2025regg","rating":1528,"private":0,"password":null}