{"id":"gen9vgc2025regg-2285628184","format":"[Gen 9] VGC 2025 Reg G","players":["Hikawari","Rabble!"],"log":"|j|\u2606Hikawari\n|j|\u2606Rabble!\n|t:|1737502314\n|gametype|doubles\n|player|p1|Hikawari|102|1568\n|player|p2|Rabble!|169|1556\n|teamsize|p1|6\n|teamsize|p2|6\n|gen|9\n|tier|[Gen 9] VGC 2025 Reg G\n|rated|\n|rule|Species Clause: Limit one of each Pok\u00e9mon\n|rule|Item Clause: Limit 1 of each item\n|clearpoke\n|poke|p1|Kleavor, L50, F|\n|poke|p1|Calyrex-Ice, L50|\n|poke|p1|Indeedee-F, L50, F|\n|poke|p1|Ursaluna-Bloodmoon, L50, M|\n|poke|p1|Mienshao, L50, M|\n|poke|p1|Zoroark-Hisui, L50, F|\n|poke|p2|Terapagos, L50, M|\n|poke|p2|Thundurus, L50, M|\n|poke|p2|Comfey, L50, F|\n|poke|p2|Rillaboom, L50, F|\n|poke|p2|Glimmora, L50, M|\n|poke|p2|Chi-Yu, L50|\n|teampreview|4\n|inactive|Battle timer is ON: inactive players will automatically lose when time's up. (requested by Hikawari)\n|c|\u2606Rabble!|ooo interesting team\n|\n|t:|1737502342\n|start\n|switch|p1a: Ursaluna|Ursaluna-Bloodmoon, L50, M|100\/100\n|switch|p1b: Kleavor|Kleavor, L50, F|100\/100\n|switch|p2a: Chi-Yu|Chi-Yu, L50|100\/100\n|switch|p2b: Glimmora|Glimmora, L50, M|100\/100\n|-ability|p2a: Chi-Yu|Beads of Ruin\n|turn|1\n|\n|t:|1737502355\n|move|p1a: Ursaluna|Snarl|p2b: Glimmora|[spread] p2a,p2b\n|-resisted|p2a: Chi-Yu\n|-damage|p2a: Chi-Yu|92\/100\n|-damage|p2b: Glimmora|80\/100\n|-unboost|p2a: Chi-Yu|spa|1\n|-unboost|p2b: Glimmora|spa|1\n|move|p2a: Chi-Yu|Snarl|p1a: Ursaluna|[spread] p1a,p1b\n|-supereffective|p1a: Ursaluna\n|-damage|p1a: Ursaluna|22\/100\n|-damage|p1b: Kleavor|76\/100\n|-unboost|p1a: Ursaluna|spa|1\n|replace|p1a: Zoroark|Zoroark-Hisui, L50, F\n|-end|p1a: Zoroark|Illusion\n|move|p2b: Glimmora|Meteor Beam||[still]\n|-prepare|p2b: Glimmora|Meteor Beam\n|-boost|p2b: Glimmora|spa|1\n|-enditem|p2b: Glimmora|Power Herb\n|-anim|p2b: Glimmora|Meteor Beam|p1b: Kleavor|[miss]\n|-miss|p2b: Glimmora|p1b: Kleavor\n|move|p1b: Kleavor|Tailwind|p1b: Kleavor\n|-sidestart|p1: Hikawari|move: Tailwind\n|\n|upkeep\n|turn|2\n|inactive|Rabble! has 30 seconds left.\n|inactive|Rabble! has 20 seconds left.\n|\n|t:|1737502393\n|move|p2a: Chi-Yu|Protect|p2a: Chi-Yu\n|-singleturn|p2a: Chi-Yu|Protect\n|move|p1a: Zoroark|Snarl|p2b: Glimmora|[spread] p2b\n|-activate|p2a: Chi-Yu|move: Protect\n|-damage|p2b: Glimmora|66\/100\n|-unboost|p2b: Glimmora|spa|1\n|move|p1b: Kleavor|Stone Axe|p2a: Chi-Yu\n|-activate|p2a: Chi-Yu|move: Protect\n|move|p2b: Glimmora|Sludge Bomb|p1a: Zoroark\n|-resisted|p1a: Zoroark\n|-damage|p1a: Zoroark|0 fnt\n|faint|p1a: Zoroark\n|\n|upkeep\n|\n|t:|1737502399\n|switch|p1a: Ursaluna|Ursaluna-Bloodmoon, L50, M|100\/100\n|turn|3\n|j| SuN0nPls\n|inactive|Rabble! has 30 seconds left.\n|\n|t:|1737502433\n|switch|p2a: Terapagos|Terapagos, L50, M|100\/100\n|-activate|p2a: Terapagos|ability: Tera Shift\n|detailschange|p2a: Terapagos|Terapagos-Terastal, L50, M\n|-heal|p2a: Terapagos|100\/100|[silent]\n|move|p1a: Ursaluna|Earth Power|p2b: Glimmora\n|-supereffective|p2b: Glimmora\n|-damage|p2b: Glimmora|0 fnt\n|faint|p2b: Glimmora\n|-damage|p1a: Ursaluna|91\/100|[from] item: Life Orb\n|move|p1b: Kleavor|Stone Axe|p2a: Terapagos\n|-activate|p2a: Terapagos|ability: Tera Shell\n|-resisted|p2a: Terapagos\n|-damage|p2a: Terapagos|84\/100\n|-sidestart|p2: Rabble!|move: Stealth Rock\n|\n|-heal|p2a: Terapagos|90\/100|[from] item: Leftovers\n|upkeep\n|\n|t:|1737502457\n|switch|p2b: Chi-Yu|Chi-Yu, L50|92\/100\n|-damage|p2b: Chi-Yu|68\/100|[from] Stealth Rock\n|-ability|p2b: Chi-Yu|Beads of Ruin\n|turn|4\n|\n|t:|1737502462\n|move|p2b: Chi-Yu|Protect|p2b: Chi-Yu\n|-singleturn|p2b: Chi-Yu|Protect\n|move|p2a: Terapagos|Protect|p2a: Terapagos\n|-singleturn|p2a: Terapagos|Protect\n|move|p1a: Ursaluna|Hyper Voice|p2a: Terapagos|[spread] \n|-activate|p2a: Terapagos|move: Protect\n|-activate|p2b: Chi-Yu|move: Protect\n|move|p1b: Kleavor|X-Scissor|p2a: Terapagos\n|-activate|p2a: Terapagos|move: Protect\n|\n|-heal|p2a: Terapagos|96\/100|[from] item: Leftovers\n|-sideend|p1: Hikawari|move: Tailwind\n|upkeep\n|turn|5\n|inactive|Rabble! has 30 seconds left.\n|\n|t:|1737502490\n|move|p1a: Ursaluna|Protect|p1a: Ursaluna\n|-singleturn|p1a: Ursaluna|Protect\n|move|p2b: Chi-Yu|Snarl|p1b: Kleavor|[spread] p1b\n|-activate|p1a: Ursaluna|move: Protect\n|-damage|p1b: Kleavor|43\/100\n|move|p1b: Kleavor|Tailwind|p1b: Kleavor\n|-sidestart|p1: Hikawari|move: Tailwind\n|move|p2a: Terapagos|Calm Mind|p2a: Terapagos\n|-boost|p2a: Terapagos|spa|1\n|-boost|p2a: Terapagos|spd|1\n|\n|-heal|p2a: Terapagos|100\/100|[from] item: Leftovers\n|upkeep\n|turn|6\n|\n|t:|1737502508\n|move|p1a: Ursaluna|Hyper Voice|p2b: Chi-Yu|[spread] p2a,p2b\n|-activate|p2a: Terapagos|ability: Tera Shell\n|-resisted|p2a: Terapagos\n|-damage|p2a: Terapagos|87\/100\n|-damage|p2b: Chi-Yu|10\/100\n|-damage|p1a: Ursaluna|81\/100|[from] item: Life Orb\n|move|p1b: Kleavor|X-Scissor|p2a: Terapagos\n|-damage|p2a: Terapagos|48\/100\n|move|p2b: Chi-Yu|Snarl|p1a: Ursaluna|[spread] p1a,p1b\n|-damage|p1a: Ursaluna|43\/100\n|-damage|p1b: Kleavor|9\/100\n|-unboost|p1a: Ursaluna|spa|1\n|move|p2a: Terapagos|Calm Mind|p2a: Terapagos\n|-boost|p2a: Terapagos|spa|1\n|-boost|p2a: Terapagos|spd|1\n|\n|-heal|p2a: Terapagos|54\/100|[from] item: Leftovers\n|upkeep\n|turn|7\n|inactive|Rabble! has 30 seconds left.\n|\n|t:|1737502540\n|move|p2a: Terapagos|Protect|p2a: Terapagos\n|-singleturn|p2a: Terapagos|Protect\n|move|p1a: Ursaluna|Hyper Voice|p2a: Terapagos|[spread] p2b\n|-activate|p2a: Terapagos|move: Protect\n|-damage|p2b: Chi-Yu|0 fnt\n|faint|p2b: Chi-Yu\n|-damage|p1a: Ursaluna|33\/100|[from] item: Life Orb\n|move|p1b: Kleavor|X-Scissor|p2a: Terapagos\n|-activate|p2a: Terapagos|move: Protect\n|\n|-heal|p2a: Terapagos|60\/100|[from] item: Leftovers\n|upkeep\n|\n|t:|1737502545\n|switch|p2b: Comfey|Comfey, L50, F|100\/100\n|-damage|p2b: Comfey|88\/100|[from] Stealth Rock\n|turn|8\n|\n|t:|1737502567\n|switch|p1a: Calyrex|Calyrex-Ice, L50|100\/100\n|-ability|p1a: Calyrex|As One\n|-ability|p1a: Calyrex|Unnerve\n|move|p2b: Comfey|Draining Kiss|p1b: Kleavor\n|-crit|p1b: Kleavor\n|-damage|p1b: Kleavor|0 fnt\n|-heal|p2b: Comfey|96\/100|[from] drain|[of] p1b: Kleavor\n|faint|p1b: Kleavor\n|move|p2a: Terapagos|Calm Mind|p2a: Terapagos\n|-boost|p2a: Terapagos|spa|1\n|-boost|p2a: Terapagos|spd|1\n|\n|-heal|p2a: Terapagos|66\/100|[from] item: Leftovers\n|-sideend|p1: Hikawari|move: Tailwind\n|upkeep\n|\n|t:|1737502574\n|switch|p1b: Ursaluna|Ursaluna-Bloodmoon, L50, M|33\/100\n|turn|9\n|\n|t:|1737502595\n|-terastallize|p1b: Ursaluna|Normal\n|-terastallize|p2a: Terapagos|Stellar\n|detailschange|p2a: Terapagos|Terapagos-Stellar, L50, M, tera:Stellar\n|-heal|p2a: Terapagos|74\/100|[silent]\n|move|p2b: Comfey|Floral Healing|p2a: Terapagos\n|-heal|p2a: Terapagos|100\/100\n|move|p1b: Ursaluna|Blood Moon|p2a: Terapagos\n|-damage|p2a: Terapagos|72\/100\n|-damage|p1b: Ursaluna|24\/100|[from] item: Life Orb\n|move|p1a: Calyrex|Glacial Lance|p2a: Terapagos|[spread] p2a,p2b\n|-damage|p2a: Terapagos|47\/100\n|-damage|p2b: Comfey|48\/100\n|move|p2a: Terapagos|Tera Starstorm|p1b: Ursaluna|[spread] p1a,p1b\n|-supereffective|p1b: Ursaluna\n|-damage|p1a: Calyrex|49\/100\n|-damage|p1b: Ursaluna|0 fnt\n|faint|p1b: Ursaluna\n|\n|-heal|p2a: Terapagos|53\/100|[from] item: Leftovers\n|upkeep\n|turn|10\n|j| mistball2\n|\n|t:|1737502618\n|move|p2b: Comfey|Floral Healing|p2a: Terapagos\n|-heal|p2a: Terapagos|100\/100\n|move|p1a: Calyrex|Glacial Lance|p2a: Terapagos|[spread] p2a,p2b\n|-damage|p2a: Terapagos|79\/100\n|-damage|p2b: Comfey|0 fnt\n|faint|p2b: Comfey\n|-ability|p1a: Calyrex|Chilling Neigh|boost\n|-boost|p1a: Calyrex|atk|1\n|move|p2a: Terapagos|Tera Starstorm|p1a: Calyrex\n|-damage|p1a: Calyrex|0 fnt\n|faint|p1a: Calyrex\n|\n|win|Rabble!\n|raw|Hikawari's rating: 1568 &rarr; <strong>1547<\/strong><br \/>(-21 for losing)\n|raw|Rabble!'s rating: 1556 &rarr; <strong>1577<\/strong><br \/>(+21 for winning)\n|l|\u2606Hikawari\n|player|p1|\n|l| SuN0nPls\n|l|\u2606Rabble!\n|player|p2|\n","uploadtime":1737502817,"views":15,"formatid":"gen9vgc2025regg","rating":1547,"private":0,"password":null}