{"id":"gen9vgc2025regg-2285342462","format":"[Gen 9] VGC 2025 Reg G","players":["AnyRandomPerson","longhq"],"log":"|j|\u2606AnyRandomPerson\n|j|\u203dlonghq\n|t:|1737473027\n|gametype|doubles\n|player|p1|AnyRandomPerson|102|1527\n|player|p2|longhq|dawn|1550\n|teamsize|p1|6\n|teamsize|p2|6\n|gen|9\n|tier|[Gen 9] VGC 2025 Reg G\n|rated|\n|rule|Species Clause: Limit one of each Pok\u00e9mon\n|rule|Item Clause: Limit 1 of each item\n|clearpoke\n|poke|p1|Lunala, L50|\n|poke|p1|Urshifu-*, L50, M|\n|poke|p1|Incineroar, L50, M|\n|poke|p1|Amoonguss, L50, F|\n|poke|p1|Ursaluna, L50, F|\n|poke|p1|Raging Bolt, L50|\n|poke|p2|Miraidon, L50|\n|poke|p2|Iron Hands, L50|\n|poke|p2|Smeargle, L50, M|\n|poke|p2|Tornadus, L50, M|\n|poke|p2|Ogerpon-Hearthflame, L50, F|\n|poke|p2|Incineroar, L50, M|\n|teampreview|4\n|\n|t:|1737473057\n|start\n|switch|p1a: Not Calyrex|Lunala, L50|100\/100\n|switch|p1b: Kitty|Incineroar, L50, M|100\/100\n|switch|p2a: Smeargle|Smeargle, L50, M|100\/100\n|switch|p2b: Incineroar|Incineroar, L50, M|100\/100\n|-ability|p2b: Incineroar|Intimidate|boost\n|-unboost|p1a: Not Calyrex|atk|1\n|-unboost|p1b: Kitty|atk|1\n|-ability|p1b: Kitty|Intimidate|boost\n|-unboost|p2a: Smeargle|atk|1\n|-unboost|p2b: Incineroar|atk|1\n|turn|1\n|\n|t:|1737473071\n|move|p2b: Incineroar|Fake Out|p1b: Kitty\n|-crit|p1b: Kitty\n|-damage|p1b: Kitty|88\/100\n|cant|p1b: Kitty|flinch\n|move|p2a: Smeargle|Spore|p1a: Not Calyrex\n|-status|p1a: Not Calyrex|slp|[from] move: Spore\n|cant|p1a: Not Calyrex|slp\n|\n|-ability|p2a: Smeargle|Moody|boost\n|-boost|p2a: Smeargle|def|2\n|-unboost|p2a: Smeargle|spe|1\n|upkeep\n|turn|2\n|\n|t:|1737473097\n|switch|p1a: Fun guy|Amoonguss, L50, F|100\/100\n|move|p2b: Incineroar|Knock Off|p1b: Kitty\n|-resisted|p1b: Kitty\n|-damage|p1b: Kitty|79\/100\n|-enditem|p1b: Kitty|Safety Goggles|[from] move: Knock Off|[of] p2b: Incineroar\n|move|p2a: Smeargle|Spore|p1b: Kitty\n|-status|p1b: Kitty|slp|[from] move: Spore\n|cant|p1b: Kitty|slp\n|\n|-ability|p2a: Smeargle|Moody|boost\n|-boost|p2a: Smeargle|def|2\n|-unboost|p2a: Smeargle|atk|1\n|upkeep\n|turn|3\n|\n|t:|1737473115\n|switch|p1b: Also moon related|Ursaluna, L50, F|100\/100\n|move|p2b: Incineroar|Flare Blitz|p1a: Fun guy\n|-supereffective|p1a: Fun guy\n|-damage|p1a: Fun guy|50\/100\n|-enditem|p1a: Fun guy|Sitrus Berry|[eat]\n|-heal|p1a: Fun guy|75\/100|[from] item: Sitrus Berry\n|-damage|p2b: Incineroar|83\/100|[from] Recoil\n|move|p2a: Smeargle|Decorate|p2b: Incineroar\n|-boost|p2b: Incineroar|atk|2\n|-boost|p2b: Incineroar|spa|2\n|move|p1a: Fun guy|Spore|p2a: Smeargle\n|-status|p2a: Smeargle|slp|[from] move: Spore\n|\n|-ability|p2a: Smeargle|Moody|boost\n|-boost|p2a: Smeargle|spa|2\n|-unboost|p2a: Smeargle|spe|1\n|-status|p1b: Also moon related|brn|[from] item: Flame Orb\n|upkeep\n|turn|4\n|j| LongNeckFriends\n|\n|t:|1737473166\n|switch|p1a: Kitty|Incineroar, L50, M|79\/100 slp\n|-ability|p1a: Kitty|Intimidate|boost\n|-unboost|p2a: Smeargle|atk|1\n|-unboost|p2b: Incineroar|atk|1\n|move|p2b: Incineroar|Flare Blitz|p1a: Kitty\n|-resisted|p1a: Kitty\n|-damage|p1a: Kitty|59\/100 slp\n|-damage|p2b: Incineroar|76\/100|[from] Recoil\n|cant|p2a: Smeargle|slp\n|move|p1b: Also moon related|Facade|p2b: Incineroar\n|-damage|p2b: Incineroar|0 fnt\n|-damage|p1b: Also moon related|84\/100 brn|[from] item: Rocky Helmet|[of] p2b: Incineroar\n|faint|p2b: Incineroar\n|\n|-damage|p1b: Also moon related|78\/100 brn|[from] brn\n|-ability|p2a: Smeargle|Moody|boost\n|-boost|p2a: Smeargle|spa|2\n|-unboost|p2a: Smeargle|atk|1\n|upkeep\n|\n|t:|1737473186\n|switch|p2b: Miraidon|Miraidon, L50|100\/100\n|-fieldstart|move: Electric Terrain|[from] ability: Hadron Engine|[of] p2b: Miraidon\n|turn|5\n|\n|t:|1737473200\n|cant|p2a: Smeargle|slp\n|move|p2b: Miraidon|Draco Meteor|p1b: Also moon related|[miss]\n|-miss|p2b: Miraidon|p1b: Also moon related\n|cant|p1a: Kitty|slp\n|move|p1b: Also moon related|Facade|p2b: Miraidon\n|-damage|p2b: Miraidon|0 fnt\n|faint|p2b: Miraidon\n|\n|-damage|p1b: Also moon related|72\/100 brn|[from] brn\n|-ability|p2a: Smeargle|Moody|boost\n|-boost|p2a: Smeargle|atk|2\n|-unboost|p2a: Smeargle|def|1\n|upkeep\n|\n|t:|1737473211\n|switch|p2b: Iron Hands|Iron Hands, L50|100\/100\n|-activate|p2b: Iron Hands|ability: Quark Drive\n|-start|p2b: Iron Hands|quarkdriveatk\n|turn|6\n|\n|t:|1737473230\n|switch|p1a: Fun guy|Amoonguss, L50, F|100\/100\n|move|p1b: Also moon related|Protect|p1b: Also moon related\n|-singleturn|p1b: Also moon related|Protect\n|-curestatus|p2a: Smeargle|slp|[msg]\n|move|p2a: Smeargle|Decorate|p2b: Iron Hands\n|-boost|p2b: Iron Hands|atk|2\n|-boost|p2b: Iron Hands|spa|2\n|move|p2b: Iron Hands|Low Kick|p1b: Also moon related\n|-activate|p1b: Also moon related|move: Protect\n|\n|-damage|p1b: Also moon related|66\/100 brn|[from] brn\n|-ability|p2a: Smeargle|Moody|boost\n|-boost|p2a: Smeargle|def|2\n|-unboost|p2a: Smeargle|spa|1\n|upkeep\n|turn|7\n|l| LongNeckFriends\n|\n|t:|1737473260\n|-terastallize|p2a: Smeargle|Ghost\n|-terastallize|p1b: Also moon related|Ghost\n|move|p2a: Smeargle|Follow Me|p2a: Smeargle\n|-singleturn|p2a: Smeargle|move: Follow Me\n|move|p1b: Also moon related|Facade|p2a: Smeargle\n|-immune|p2a: Smeargle\n|move|p2b: Iron Hands|Drain Punch|p1b: Also moon related\n|-immune|p1b: Also moon related\n|move|p1a: Fun guy|Spore|p2a: Smeargle\n|-activate|p2a: Smeargle|move: Electric Terrain\n|\n|-damage|p1b: Also moon related|60\/100 brn|[from] brn\n|-ability|p2a: Smeargle|Moody|boost\n|-boost|p2a: Smeargle|spe|2\n|-unboost|p2a: Smeargle|spa|1\n|upkeep\n|turn|8\n|\n|t:|1737473294\n|move|p2a: Smeargle|Wide Guard|p2a: Smeargle\n|-singleturn|p2a: Smeargle|Wide Guard\n|move|p1a: Fun guy|Rage Powder|p1a: Fun guy\n|-singleturn|p1a: Fun guy|move: Rage Powder\n|move|p1b: Also moon related|Swords Dance|p1b: Also moon related\n|-boost|p1b: Also moon related|atk|2\n|move|p2b: Iron Hands|Wild Charge|p1a: Fun guy\n|-resisted|p1a: Fun guy\n|-damage|p1a: Fun guy|27\/100\n|-damage|p2b: Iron Hands|84\/100|[from] Recoil\n|\n|-damage|p1b: Also moon related|55\/100 brn|[from] brn\n|-ability|p2a: Smeargle|Moody|boost\n|-boost|p2a: Smeargle|atk|2\n|-unboost|p2a: Smeargle|spe|1\n|upkeep\n|turn|9\n|\n|t:|1737473318\n|move|p2a: Smeargle|Follow Me|p2a: Smeargle\n|-singleturn|p2a: Smeargle|move: Follow Me\n|move|p1a: Fun guy|Rage Powder|p1a: Fun guy\n|-singleturn|p1a: Fun guy|move: Rage Powder\n|move|p1b: Also moon related|Headlong Rush|p2a: Smeargle\n|-enditem|p2a: Smeargle|Focus Sash\n|-damage|p2a: Smeargle|1\/100\n|-unboost|p1b: Also moon related|def|1\n|-unboost|p1b: Also moon related|spd|1\n|move|p2b: Iron Hands|Drain Punch|p1a: Fun guy\n|-resisted|p1a: Fun guy\n|-damage|p1a: Fun guy|0 fnt\n|-heal|p2b: Iron Hands|96\/100|[from] drain|[of] p1a: Fun guy\n|faint|p1a: Fun guy\n|\n|-damage|p1b: Also moon related|49\/100 brn|[from] brn\n|-fieldend|move: Electric Terrain\n|-end|p2b: Iron Hands|Quark Drive\n|-ability|p2a: Smeargle|Moody|boost\n|-boost|p2a: Smeargle|spe|2\n|-unboost|p2a: Smeargle|spa|1\n|upkeep\n|\n|t:|1737473325\n|switch|p1a: Kitty|Incineroar, L50, M|59\/100 slp\n|-ability|p1a: Kitty|Intimidate|boost\n|-unboost|p2a: Smeargle|atk|1\n|-unboost|p2b: Iron Hands|atk|1\n|turn|10\n|j| ElweAslocas\n|\n|t:|1737473348\n|move|p1b: Also moon related|Protect|p1b: Also moon related\n|-singleturn|p1b: Also moon related|Protect\n|move|p2a: Smeargle|Follow Me|p2a: Smeargle\n|-singleturn|p2a: Smeargle|move: Follow Me\n|-curestatus|p1a: Kitty|slp|[msg]\n|move|p1a: Kitty|Knock Off|p2a: Smeargle\n|-supereffective|p2a: Smeargle\n|-damage|p2a: Smeargle|0 fnt\n|faint|p2a: Smeargle\n|move|p2b: Iron Hands|Wild Charge|p1b: Also moon related\n|-activate|p1b: Also moon related|move: Protect\n|\n|-damage|p1b: Also moon related|43\/100 brn|[from] brn\n|upkeep\n|turn|11\n|\n|t:|1737473390\n|move|p1a: Kitty|Parting Shot|p2b: Iron Hands\n|-unboost|p2b: Iron Hands|atk|1\n|-unboost|p2b: Iron Hands|spa|1\n|\n|t:|1737473392\n|switch|p1a: Not Calyrex|Lunala, L50|100\/100 slp|[from] Parting Shot\n|move|p1b: Also moon related|Headlong Rush|p2b: Iron Hands\n|-supereffective|p2b: Iron Hands\n|-damage|p2b: Iron Hands|0 fnt\n|-unboost|p1b: Also moon related|def|1\n|-unboost|p1b: Also moon related|spd|1\n|faint|p2b: Iron Hands\n|-end|p2b: Iron Hands|Quark Drive|[silent]\n|\n|win|AnyRandomPerson\n|raw|AnyRandomPerson's rating: 1527 &rarr; <strong>1548<\/strong><br \/>(+21 for winning)\n|raw|longhq's rating: 1550 &rarr; <strong>1529<\/strong><br \/>(-21 for losing)\n|l|\u203dlonghq\n|player|p2|\n|l|\u2606AnyRandomPerson\n|player|p1|\n","uploadtime":1737473642,"views":4,"formatid":"gen9vgc2025regg","rating":1529,"private":0,"password":null}