{"id":"gen9vgc2025regg-2285595652","format":"[Gen 9] VGC 2025 Reg G","players":["Duryodhan","coummmfpk"],"log":"|j|\u2606Duryodhan\n|j|\u2606coummmfpk\n|t:|1737498486\n|gametype|doubles\n|player|p1|Duryodhan|265|1611\n|player|p2|coummmfpk|flannery|1644\n|teamsize|p1|6\n|teamsize|p2|6\n|gen|9\n|tier|[Gen 9] VGC 2025 Reg G\n|rated|\n|rule|Species Clause: Limit one of each Pok\u00e9mon\n|rule|Item Clause: Limit 1 of each item\n|clearpoke\n|poke|p1|Calyrex-Ice, L50|\n|poke|p1|Indeedee-F, L50, F|\n|poke|p1|Gallade, L50, M|\n|poke|p1|Ursaluna, L50, M|\n|poke|p1|Amoonguss, L50, M|\n|poke|p1|Raging Bolt, L50|\n|poke|p2|Miraidon, L50|\n|poke|p2|Iron Hands, L50|\n|poke|p2|Whimsicott, L50, F|\n|poke|p2|Ursaluna-Bloodmoon, L50, M|\n|poke|p2|Volcarona, L50, M|\n|poke|p2|Incineroar, L50, F|\n|teampreview|4\n|\n|t:|1737498499\n|start\n|switch|p1a: Calyrex|Calyrex-Ice, L50|100\/100\n|switch|p1b: Indeedee|Indeedee-F, L50, F|100\/100\n|switch|p2a: Incineroar|Incineroar, L50, F|100\/100\n|switch|p2b: Ursaluna|Ursaluna-Bloodmoon, L50, M|100\/100\n|-ability|p1a: Calyrex|As One\n|-ability|p1a: Calyrex|Unnerve\n|-fieldstart|move: Psychic Terrain|[from] ability: Psychic Surge|[of] p1b: Indeedee\n|-ability|p2a: Incineroar|Intimidate|boost\n|-unboost|p1a: Calyrex|atk|1\n|-unboost|p1b: Indeedee|atk|1\n|turn|1\n|inactive|Battle timer is ON: inactive players will automatically lose when time's up. (requested by Duryodhan)\n|\n|t:|1737498517\n|-terastallize|p2b: Ursaluna|Normal\n|-terastallize|p1a: Calyrex|Dark\n|move|p2b: Ursaluna|Calm Mind|p2b: Ursaluna\n|-boost|p2b: Ursaluna|spa|1\n|-boost|p2b: Ursaluna|spd|1\n|move|p2a: Incineroar|Parting Shot|p1a: Calyrex\n|-unboost|p1a: Calyrex|atk|1\n|-unboost|p1a: Calyrex|spa|1\n|j| SuN0nPls\n|\n|t:|1737498529\n|switch|p2a: Volcarona|Volcarona, L50, M|100\/100|[from] Parting Shot\n|move|p1a: Calyrex|Glacial Lance|p2a: Volcarona|[spread] p2a,p2b\n|-resisted|p2a: Volcarona\n|-damage|p2a: Volcarona|85\/100\n|-damage|p2b: Ursaluna|78\/100\n|move|p1b: Indeedee|Trick Room|p1b: Indeedee\n|-fieldstart|move: Trick Room|[of] p1b: Indeedee\n|\n|upkeep\n|turn|2\n|\n|t:|1737498542\n|switch|p1a: Ursaluna|Ursaluna, L50, M|100\/100\n|switch|p1b: Amoonguss|Amoonguss, L50, M|100\/100\n|switch|p2a: Incineroar|Incineroar, L50, F|100\/100\n|-ability|p2a: Incineroar|Intimidate|boost\n|-unboost|p1a: Ursaluna|atk|1\n|-unboost|p1b: Amoonguss|atk|1\n|move|p2b: Ursaluna|Hyper Voice|p1a: Ursaluna|[spread] p1a,p1b\n|-damage|p1a: Ursaluna|19\/100\n|-damage|p1b: Amoonguss|19\/100\n|\n|-status|p1a: Ursaluna|brn|[from] item: Flame Orb\n|upkeep\n|turn|3\n|inactive|coummmfpk has 30 seconds left.\n|inactive|coummmfpk has 20 seconds left.\n|inactive|coummmfpk has 15 seconds left.\n|\n|t:|1737498583\n|move|p2b: Ursaluna|Protect|p2b: Ursaluna\n|-singleturn|p2b: Ursaluna|Protect\n|move|p1b: Amoonguss|Spore|p2b: Ursaluna\n|-activate|p2b: Ursaluna|move: Protect\n|move|p1a: Ursaluna|Headlong Rush|p2a: Incineroar\n|-supereffective|p2a: Incineroar\n|-damage|p2a: Incineroar|0 fnt\n|-unboost|p1a: Ursaluna|def|1\n|-unboost|p1a: Ursaluna|spd|1\n|faint|p2a: Incineroar\n|\n|-damage|p1a: Ursaluna|14\/100 brn|[from] brn\n|upkeep\n|\n|t:|1737498592\n|switch|p2a: Miraidon|Miraidon, L50|100\/100\n|-fieldstart|move: Electric Terrain|[from] ability: Hadron Engine|[of] p2a: Miraidon\n|turn|4\n|\n|t:|1737498606\n|switch|p1a: Indeedee|Indeedee-F, L50, F|100\/100\n|-fieldstart|move: Psychic Terrain|[from] ability: Psychic Surge|[of] p1a: Indeedee\n|switch|p2a: Volcarona|Volcarona, L50, M|85\/100\n|move|p1b: Amoonguss|Spore|p2b: Ursaluna\n|-status|p2b: Ursaluna|slp|[from] move: Spore\n|cant|p2b: Ursaluna|slp\n|\n|upkeep\n|turn|5\n|\n|t:|1737498631\n|switch|p1a: Calyrex|Calyrex-Ice, L50, tera:Dark|100\/100\n|-ability|p1a: Calyrex|As One\n|-ability|p1a: Calyrex|Unnerve\n|switch|p2a: Miraidon|Miraidon, L50|100\/100\n|-fieldstart|move: Electric Terrain|[from] ability: Hadron Engine|[of] p2a: Miraidon\n|move|p1b: Amoonguss|Clear Smog|p2b: Ursaluna\n|-damage|p2b: Ursaluna|65\/100 slp\n|-clearboost|p2b: Ursaluna\n|cant|p2b: Ursaluna|slp\n|\n|-fieldend|move: Trick Room\n|upkeep\n|turn|6\n|inactive|coummmfpk has 30 seconds left.\n|\n|t:|1737498657\n|switch|p1b: Indeedee|Indeedee-F, L50, F|100\/100\n|-fieldstart|move: Psychic Terrain|[from] ability: Psychic Surge|[of] p1b: Indeedee\n|move|p2a: Miraidon|Volt Switch|p1a: Calyrex\n|-damage|p1a: Calyrex|64\/100\n|\n|t:|1737498662\n|switch|p2a: Volcarona|Volcarona, L50, M|85\/100|[from] Volt Switch\n|cant|p2b: Ursaluna|slp\n|move|p1a: Calyrex|Trick Room|p1a: Calyrex\n|-fieldstart|move: Trick Room|[of] p1a: Calyrex\n|\n|upkeep\n|turn|7\n|\n|t:|1737498678\n|move|p1a: Calyrex|Glacial Lance|p2a: Volcarona|[spread] p2a,p2b\n|-resisted|p2a: Volcarona\n|-damage|p2a: Volcarona|54\/100\n|-damage|p2b: Ursaluna|17\/100 slp\n|move|p1b: Indeedee|Heal Pulse|p1a: Calyrex\n|-heal|p1a: Calyrex|100\/100\n|-curestatus|p2b: Ursaluna|slp|[msg]\n|move|p2b: Ursaluna|Hyper Voice|p1a: Calyrex|[spread] p1a,p1b\n|-damage|p1a: Calyrex|62\/100\n|-damage|p1b: Indeedee|39\/100\n|move|p2a: Volcarona|Struggle Bug|p1b: Indeedee|[spread] p1a,p1b\n|-supereffective|p1a: Calyrex\n|-supereffective|p1b: Indeedee\n|-damage|p1a: Calyrex|38\/100\n|-damage|p1b: Indeedee|0 fnt\n|-unboost|p1a: Calyrex|spa|1\n|faint|p1b: Indeedee\n|\n|upkeep\n|\n|t:|1737498691\n|switch|p1b: Ursaluna|Ursaluna, L50, M|14\/100 brn\n|turn|8\n|\n|t:|1737498707\n|move|p2b: Ursaluna|Protect|p2b: Ursaluna\n|-singleturn|p2b: Ursaluna|Protect\n|move|p1b: Ursaluna|Facade|p2a: Volcarona\n|-damage|p2a: Volcarona|0 fnt\n|faint|p2a: Volcarona\n|move|p1a: Calyrex|Glacial Lance|p2b: Ursaluna\n|-activate|p2b: Ursaluna|move: Protect\n|\n|-damage|p1b: Ursaluna|8\/100 brn|[from] brn\n|upkeep\n|\n|t:|1737498712\n|switch|p2a: Miraidon|Miraidon, L50|100\/100\n|-fieldstart|move: Electric Terrain|[from] ability: Hadron Engine|[of] p2a: Miraidon\n|turn|9\n|\n|t:|1737498723\n|move|p2b: Ursaluna|Protect||[still]\n|-fail|p2b: Ursaluna\n|move|p1b: Ursaluna|Headlong Rush|p2a: Miraidon\n|-supereffective|p2a: Miraidon\n|-damage|p2a: Miraidon|0 fnt\n|-unboost|p1b: Ursaluna|def|1\n|-unboost|p1b: Ursaluna|spd|1\n|faint|p2a: Miraidon\n|move|p1a: Calyrex|Glacial Lance|p2b: Ursaluna\n|-damage|p2b: Ursaluna|0 fnt\n|faint|p2b: Ursaluna\n|\n|win|Duryodhan\n|raw|Duryodhan's rating: 1611 &rarr; <strong>1633<\/strong><br \/>(+22 for winning)\n|raw|coummmfpk's rating: 1644 &rarr; <strong>1622<\/strong><br \/>(-22 for losing)\n|l|\u2606coummmfpk\n|player|p2|\n|l|\u2606Duryodhan\n|player|p1|\n","uploadtime":1737498924,"views":44,"formatid":"gen9vgc2025regg","rating":1622,"private":0,"password":null}