{"id":"gen9vgc2025regg-2285474375","format":"[Gen 9] VGC 2025 Reg G","players":["khe7marak","eriksp"],"log":"|j|\u2606khe7marak\n|j|\u2606eriksp\n|t:|1737486030\n|gametype|doubles\n|player|p1|khe7marak|gardenia|1556\n|player|p2|eriksp|volkner-masters|1546\n|teamsize|p1|6\n|teamsize|p2|6\n|gen|9\n|tier|[Gen 9] VGC 2025 Reg G\n|rated|\n|rule|Species Clause: Limit one of each Pok\u00e9mon\n|rule|Item Clause: Limit 1 of each item\n|clearpoke\n|poke|p1|Groudon, L50|\n|poke|p1|Tornadus, L50, M|\n|poke|p1|Farigiraf, L50, F|\n|poke|p1|Ogerpon-Cornerstone, L50, F|\n|poke|p1|Raging Bolt, L50|\n|poke|p1|Grimmsnarl, L50, M|\n|poke|p2|Calyrex-Ice, L50|\n|poke|p2|Amoonguss, L50, M|\n|poke|p2|Landorus, L50, M|\n|poke|p2|Regieleki, L50|\n|poke|p2|Incineroar, L50, M|\n|poke|p2|Urshifu-*, L50, M|\n|teampreview|4\n|inactive|Battle timer is ON: inactive players will automatically lose when time's up. (requested by khe7marak)\neriksp has agreed to open team sheets.\nkhe7marak has agreed to open team sheets.\n|showteam|p1|Groudon||ChoiceBand|Drought|PrecipiceBlades,Earthquake,HeatCrash,HeavySlam||||||50|,,,,,Fire]Tornadus||CovertCloak|Prankster|BleakwindStorm,Tailwind,Taunt,IcyWind|||M|||50|,,,,,Flying]Farigiraf||SafetyGoggles|ArmorTail|Psychic,FoulPlay,TrickRoom,HelpingHand|||F|||50|,,,,,Flying]Ogerpon-Cornerstone||CornerstoneMask|Sturdy|IvyCudgel,WoodHammer,FollowMe,SpikyShield|||F|||50|,,,,,Rock]Raging Bolt||Leftovers|Protosynthesis|Thunderclap,DragonPulse,CalmMind,Protect||||||50|,,,,,Fairy]Grimmsnarl||LightClay|Prankster|Reflect,LightScreen,FoulPlay,FakeOut|||M|||50|,,,,,Steel\n|showteam|p2|Calyrex-Ice||ClearAmulet|AsOneGlastrier|GlacialLance,HighHorsepower,TrickRoom,Protect||||||50|,,,,,Fairy]Amoonguss||RockyHelmet|Regenerator|Spore,RagePowder,PollenPuff,ClearSmog|||M|||50|,,,,,Water]Landorus||LifeOrb|SheerForce|EarthPower,SludgeBomb,SandsearStorm,Protect|||M|||50|,,,,,Water]Regieleki||FocusSash|Transistor|Thunderbolt,Electroweb,VoltSwitch,Protect||||||50|,,,,,Electric]Incineroar||SafetyGoggles|Intimidate|KnockOff,WillOWisp,FakeOut,PartingShot|||M|||50|,,,,,Ghost]Urshifu||ChoiceBand|UnseenFist|CloseCombat,WickedBlow,PoisonJab,Uturn|||M|||50|,,,,,Poison\n|\n|t:|1737486062\n|start\n|switch|p1a: Ogerpon|Ogerpon-Cornerstone, L50, F|100\/100\n|switch|p1b: Grimmsnarl|Grimmsnarl, L50, M|100\/100\n|switch|p2a: Calyrex|Calyrex-Ice, L50|100\/100\n|switch|p2b: Incineroar|Incineroar, L50, M|100\/100\n|-ability|p2a: Calyrex|As One\n|-ability|p2a: Calyrex|Unnerve\n|-ability|p2b: Incineroar|Intimidate|boost\n|-unboost|p1a: Ogerpon|atk|1\n|-unboost|p1b: Grimmsnarl|atk|1\n|turn|1\n|\n|t:|1737486087\n|-terastallize|p2a: Calyrex|Fairy\n|move|p1a: Ogerpon|Spiky Shield|p1a: Ogerpon\n|-singleturn|p1a: Ogerpon|move: Protect\n|move|p2b: Incineroar|Fake Out|p1a: Ogerpon\n|-activate|p1a: Ogerpon|move: Protect\n|-damage|p2b: Incineroar|88\/100|[from] Spiky Shield|[of] p1a: Ogerpon\n|move|p1b: Grimmsnarl|Fake Out|p2a: Calyrex\n|-damage|p2a: Calyrex|96\/100\n|cant|p2a: Calyrex|flinch\n|\n|upkeep\n|turn|2\n|inactive|khe7marak has 30 seconds left.\n|\n|t:|1737486115\n|switch|p2b: u|Urshifu, L50, M|100\/100\n|-terastallize|p1a: Ogerpon|Rock\n|detailschange|p1a: Ogerpon|Ogerpon-Cornerstone-Tera, L50, F, tera:Rock\n|-ability|p1a: Ogerpon|Embody Aspect (Cornerstone)|boost\n|-boost|p1a: Ogerpon|def|1\n|move|p1a: Ogerpon|Ivy Cudgel|p2b: u|[anim] Ivy Cudgel Rock\n|-resisted|p2b: u\n|-damage|p2b: u|73\/100\n|move|p1b: Grimmsnarl|Foul Play|p2b: u\n|-resisted|p2b: u\n|-damage|p2b: u|60\/100\n|move|p2a: Calyrex|Trick Room|p2a: Calyrex\n|-fieldstart|move: Trick Room|[of] p2a: Calyrex\n|\n|upkeep\n|turn|3\n|inactive|khe7marak has 30 seconds left.\n|inactive|khe7marak has 20 seconds left.\n|inactive|eriksp has 30 seconds left.\n|\n|t:|1737486156\n|move|p1b: Grimmsnarl|Reflect|p1b: Grimmsnarl\n|-sidestart|p1: khe7marak|Reflect\n|move|p2a: Calyrex|Glacial Lance|p1b: Grimmsnarl|[spread] p1a,p1b\n|-crit|p1a: Ogerpon\n|-damage|p1a: Ogerpon|2\/100\n|-damage|p1b: Grimmsnarl|68\/100\n|move|p2b: u|Wicked Blow|p1a: Ogerpon\n|-crit|p1a: Ogerpon\n|-damage|p1a: Ogerpon|0 fnt\n|faint|p1a: Ogerpon\n|\n|upkeep\n|\n|t:|1737486179\n|switch|p1a: Farigiraf|Farigiraf, L50, F|100\/100\n|turn|4\n|inactive|khe7marak has 30 seconds left.\n|inactive|khe7marak has 20 seconds left.\n|\n|t:|1737486219\n|switch|p1b: Groudon|Groudon, L50|100\/100\n|-weather|SunnyDay|[from] ability: Drought|[of] p1b: Groudon\n|move|p2a: Calyrex|Glacial Lance|p1a: Farigiraf|[spread] p1a,p1b\n|-supereffective|p1b: Groudon\n|-damage|p1a: Farigiraf|60\/100\n|-damage|p1b: Groudon|43\/100\n|move|p2b: u|Wicked Blow|p1a: Farigiraf\n|-supereffective|p1a: Farigiraf\n|-crit|p1a: Farigiraf\n|-damage|p1a: Farigiraf|0 fnt\n|faint|p1a: Farigiraf\n|\n|-weather|SunnyDay|[upkeep]\n|upkeep\n|\n|t:|1737486228\n|switch|p1a: Grimmsnarl|Grimmsnarl, L50, M|68\/100\n|turn|5\n|\n|t:|1737486240\n|move|p1a: Grimmsnarl|Fake Out|p2a: Calyrex\n|-damage|p2a: Calyrex|88\/100\n|cant|p2a: Calyrex|flinch\n|move|p1b: Groudon|Precipice Blades|p2a: Calyrex|[spread] p2a,p2b\n|-damage|p2a: Calyrex|38\/100\n|-damage|p2b: u|0 fnt\n|faint|p2b: u\n|\n|-weather|SunnyDay|[upkeep]\n|upkeep\n|\n|t:|1737486243\n|switch|p2b: Incineroar|Incineroar, L50, M|88\/100\n|-ability|p2b: Incineroar|Intimidate|boost\n|-unboost|p1a: Grimmsnarl|atk|1\n|-unboost|p1b: Groudon|atk|1\n|turn|6\n|\n|t:|1737486263\n|move|p2b: Incineroar|Fake Out|p1a: Grimmsnarl\n|-damage|p1a: Grimmsnarl|62\/100\n|cant|p1a: Grimmsnarl|flinch\n|move|p2a: Calyrex|Glacial Lance|p1b: Groudon|[spread] p1a,p1b\n|-supereffective|p1b: Groudon\n|-damage|p1a: Grimmsnarl|31\/100\n|-damage|p1b: Groudon|0 fnt\n|faint|p1b: Groudon\n|-ability|p2a: Calyrex|Chilling Neigh|boost\n|-boost|p2a: Calyrex|atk|1\n|\n|-weather|SunnyDay|[upkeep]\n|-fieldend|move: Trick Room\n|upkeep\n|turn|7\n|\n|t:|1737486277\n|move|p2b: Incineroar|Knock Off|p1a: Grimmsnarl\n|-resisted|p1a: Grimmsnarl\n|-damage|p1a: Grimmsnarl|26\/100\n|-enditem|p1a: Grimmsnarl|Light Clay|[from] move: Knock Off|[of] p2b: Incineroar\n|move|p2a: Calyrex|Glacial Lance|p1a: Grimmsnarl\n|-damage|p1a: Grimmsnarl|0 fnt\n|faint|p1a: Grimmsnarl\n|\n|win|eriksp\n|raw|khe7marak's rating: 1556 &rarr; <strong>1535<\/strong><br \/>(-21 for losing)\n|raw|eriksp's rating: 1546 &rarr; <strong>1567<\/strong><br \/>(+21 for winning)\n|l|\u2606khe7marak\n|player|p1|\n","uploadtime":1737486500,"views":14,"formatid":"gen9vgc2025regg","rating":1535,"private":0,"password":null}