{"id":"gen9vgc2025regg-2285411595","format":"[Gen 9] VGC 2025 Reg G","players":["MadMat48","Zyros Phade"],"log":"|j|\u2606MadMat48\n|j|\u2606Zyros Phade\n|t:|1737479998\n|gametype|doubles\n|player|p1|MadMat48|170|1633\n|player|p2|Zyros Phade|266|1692\n|teamsize|p1|6\n|teamsize|p2|6\n|gen|9\n|tier|[Gen 9] VGC 2025 Reg G\n|rated|\n|rule|Species Clause: Limit one of each Pok\u00e9mon\n|rule|Item Clause: Limit 1 of each item\n|clearpoke\n|poke|p1|Groudon, L50|\n|poke|p1|Raging Bolt, L50|\n|poke|p1|Chien-Pao, L50|\n|poke|p1|Chi-Yu, L50|\n|poke|p1|Jumpluff, L50, F|\n|poke|p1|Flutter Mane, L50|\n|poke|p2|Urshifu-*, L50, F|\n|poke|p2|Kyogre, L50|\n|poke|p2|Iron Hands, L50|\n|poke|p2|Baxcalibur, L50, F|\n|poke|p2|Indeedee-F, L50, F|\n|poke|p2|Murkrow, L50, M|\n|teampreview|4\n|inactive|Battle timer is ON: inactive players will automatically lose when time's up. (requested by MadMat48)\n|j| Golett Kombucha\n|\n|t:|1737480023\n|start\n|switch|p1a: Groudon|Groudon, L50|100\/100\n|switch|p1b: Jumpluff|Jumpluff, L50, F|100\/100\n|switch|p2a: Baxcalibur|Baxcalibur, L50, F|100\/100\n|switch|p2b: Murkrow|Murkrow, L50, M|100\/100\n|-weather|SunnyDay|[from] ability: Drought|[of] p1a: Groudon\n|turn|1\n|\n|t:|1737480038\n|-terastallize|p1a: Groudon|Ghost\n|move|p2b: Murkrow|Rain Dance|p2b: Murkrow\n|-weather|RainDance\n|move|p1b: Jumpluff|Tailwind|p1b: Jumpluff\n|-sidestart|p1: MadMat48|move: Tailwind\n|move|p1a: Groudon|Heat Crash|p2b: Murkrow\n|-damage|p2b: Murkrow|9\/100\n|move|p2a: Baxcalibur|Icicle Spear|p1b: Jumpluff\n|-supereffective|p1b: Jumpluff\n|-damage|p1b: Jumpluff|32\/100\n|-supereffective|p1b: Jumpluff\n|-damage|p1b: Jumpluff|0 fnt\n|faint|p1b: Jumpluff\n|-hitcount|p1: Jumpluff|2\n|\n|-weather|RainDance|[upkeep]\n|upkeep\n|\n|t:|1737480044\n|switch|p1b: Flutter Mane|Flutter Mane, L50|100\/100\n|-enditem|p1b: Flutter Mane|Booster Energy\n|-activate|p1b: Flutter Mane|ability: Protosynthesis|[fromitem]\n|-start|p1b: Flutter Mane|protosynthesisspe\n|turn|2\n|\n|t:|1737480051\n|switch|p1a: Raging Bolt|Raging Bolt, L50|100\/100\n|move|p2a: Baxcalibur|Protect|p2a: Baxcalibur\n|-singleturn|p2a: Baxcalibur|Protect\n|move|p2b: Murkrow|Tailwind|p2b: Murkrow\n|-sidestart|p2: Zyros Phade|move: Tailwind\n|move|p1b: Flutter Mane|Icy Wind|p2a: Baxcalibur|[spread] p2b\n|-activate|p2a: Baxcalibur|move: Protect\n|-supereffective|p2b: Murkrow\n|-damage|p2b: Murkrow|0 fnt\n|faint|p2b: Murkrow\n|\n|-weather|RainDance|[upkeep]\n|upkeep\n|j| Landovoir\n|\n|t:|1737480058\n|switch|p2b: Indeedee|Indeedee-F, L50, F|100\/100\n|-fieldstart|move: Psychic Terrain|[from] ability: Psychic Surge|[of] p2b: Indeedee\n|turn|3\n|j| FairyOfDoom\n|\n|t:|1737480068\n|move|p2b: Indeedee|Follow Me|p2b: Indeedee\n|-singleturn|p2b: Indeedee|move: Follow Me\n|move|p1b: Flutter Mane|Icy Wind|p2a: Baxcalibur|[spread] p2a,p2b\n|-damage|p2a: Baxcalibur|86\/100\n|-damage|p2b: Indeedee|89\/100\n|-unboost|p2a: Baxcalibur|spe|1\n|-unboost|p2b: Indeedee|spe|1\n|move|p1a: Raging Bolt|Draco Meteor|p2b: Indeedee\n|-damage|p2b: Indeedee|30\/100\n|-unboost|p1a: Raging Bolt|spa|2\n|move|p2a: Baxcalibur|Dragon Dance|p2a: Baxcalibur\n|-boost|p2a: Baxcalibur|atk|1\n|-boost|p2a: Baxcalibur|spe|1\n|\n|-weather|RainDance|[upkeep]\n|upkeep\n|turn|4\n|j| Lavenderawa\n|l| FairyOfDoom\n|l| Lavenderawa\n|j| bluestraggler02\n|\n|t:|1737480085\n|-end|p1a: Raging Bolt|Protosynthesis|[silent]\n|switch|p1a: Groudon|Groudon, L50, tera:Ghost|100\/100\n|-weather|SunnyDay|[from] ability: Drought|[of] p1a: Groudon\n|move|p2a: Baxcalibur|Protect|p2a: Baxcalibur\n|-singleturn|p2a: Baxcalibur|Protect\n|move|p2b: Indeedee|Protect|p2b: Indeedee\n|-singleturn|p2b: Indeedee|Protect\n|move|p1b: Flutter Mane|Moonblast|p2a: Baxcalibur\n|-activate|p2a: Baxcalibur|move: Protect\n|\n|-weather|SunnyDay|[upkeep]\n|-sideend|p1: MadMat48|move: Tailwind\n|upkeep\n|turn|5\n|\n|t:|1737480100\n|switch|p2b: Kyogre|Kyogre, L50, shiny|100\/100\n|-weather|RainDance|[from] ability: Drizzle|[of] p2b: Kyogre\n|move|p2a: Baxcalibur|Icicle Spear|p1b: Flutter Mane\n|-damage|p1b: Flutter Mane|70\/100\n|-damage|p1b: Flutter Mane|39\/100\n|-damage|p1b: Flutter Mane|9\/100\n|-damage|p1b: Flutter Mane|0 fnt\n|faint|p1b: Flutter Mane\n|-end|p1b: Flutter Mane|Protosynthesis|[silent]\n|-hitcount|p1: Flutter Mane|4\n|move|p1a: Groudon|Precipice Blades|p2a: Baxcalibur|[spread] p2a,p2b\n|-damage|p2a: Baxcalibur|8\/100\n|-damage|p2b: Kyogre|21\/100\n|\n|-weather|RainDance|[upkeep]\n|-sideend|p2: Zyros Phade|move: Tailwind\n|upkeep\n|\n|t:|1737480107\n|switch|p1b: Raging Bolt|Raging Bolt, L50|100\/100\n|turn|6\n|\n|t:|1737480120\n|-terastallize|p2b: Kyogre|Water\n|move|p2a: Baxcalibur|Icicle Spear|p1b: Raging Bolt\n|-supereffective|p1b: Raging Bolt\n|-damage|p1b: Raging Bolt|69\/100\n|-supereffective|p1b: Raging Bolt\n|-damage|p1b: Raging Bolt|36\/100\n|-supereffective|p1b: Raging Bolt\n|-damage|p1b: Raging Bolt|1\/100\n|-supereffective|p1b: Raging Bolt\n|-damage|p1b: Raging Bolt|0 fnt\n|faint|p1b: Raging Bolt\n|-end|p1b: Raging Bolt|Protosynthesis|[silent]\n|-hitcount|p1: Raging Bolt|4\n|move|p2b: Kyogre|Tera Blast|p1a: Groudon|[anim] Tera Blast Water\n|-damage|p1a: Groudon|0 fnt\n|faint|p1a: Groudon\n|\n|win|Zyros Phade\n|raw|MadMat48's rating: 1633 &rarr; <strong>1616<\/strong><br \/>(-17 for losing)\n|raw|Zyros Phade's rating: 1692 &rarr; <strong>1709<\/strong><br \/>(+17 for winning)\n|l|\u2606MadMat48\n|player|p1|\n|l|\u2606Zyros Phade\n|player|p2|\n|l| Golett Kombucha\n|l| Landovoir\n","uploadtime":1737480342,"views":22,"formatid":"gen9vgc2025regg","rating":1616,"private":0,"password":null}