{"id":"gen9vgc2025regg-2285174232","format":"[Gen 9] VGC 2025 Reg G","players":["something123","gmdifficulty"],"log":"|j|\u2606something123\n|j|\u2606gmdifficulty\n|t:|1737448128\n|gametype|doubles\n|player|p1|something123|169|1591\n|player|p2|gmdifficulty|265|1589\n|teamsize|p1|6\n|teamsize|p2|6\n|gen|9\n|tier|[Gen 9] VGC 2025 Reg G\n|rated|\n|rule|Species Clause: Limit one of each Pok\u00e9mon\n|rule|Item Clause: Limit 1 of each item\n|clearpoke\n|poke|p1|Calyrex-Ice, L50|\n|poke|p1|Ogerpon-Cornerstone, L50, F|\n|poke|p1|Chi-Yu, L50|\n|poke|p1|Flutter Mane, L50|\n|poke|p1|Urshifu-*, L50, F|\n|poke|p1|Raging Bolt, L50|\n|poke|p2|Chi-Yu, L50|\n|poke|p2|Koraidon, L50|\n|poke|p2|Flutter Mane, L50|\n|poke|p2|Raging Bolt, L50|\n|poke|p2|Tornadus, L50, M|\n|poke|p2|Ogerpon-Wellspring, L50, F|\n|teampreview|4\n|inactive|Battle timer is ON: inactive players will automatically lose when time's up. (requested by gmdifficulty)\n|\n|t:|1737448236\n|start\n|switch|p1a: Ogerpon|Ogerpon-Cornerstone, L50, F|100\/100\n|switch|p1b: Raging Bolt|Raging Bolt, L50|100\/100\n|switch|p2a: Flutter Mane|Flutter Mane, L50|100\/100\n|switch|p2b: Chi-Yu|Chi-Yu, L50|100\/100\n|-ability|p2b: Chi-Yu|Beads of Ruin\n|turn|1\n|j| WattoVGC\n|inactive|gmdifficulty has 30 seconds left.\n|\n|t:|1737448268\n|-terastallize|p2a: Flutter Mane|Fairy\n|move|p1a: Ogerpon|Spiky Shield|p1a: Ogerpon\n|-singleturn|p1a: Ogerpon|move: Protect\n|move|p1b: Raging Bolt|Protect|p1b: Raging Bolt\n|-singleturn|p1b: Raging Bolt|Protect\n|move|p2b: Chi-Yu|Heat Wave|p1a: Ogerpon|[spread] \n|-activate|p1a: Ogerpon|move: Protect\n|-activate|p1b: Raging Bolt|move: Protect\n|move|p2a: Flutter Mane|Dazzling Gleam|p1a: Ogerpon|[spread] \n|-activate|p1a: Ogerpon|move: Protect\n|-activate|p1b: Raging Bolt|move: Protect\n|\n|upkeep\n|turn|2\n|inactive|something123 has 30 seconds left.\n|inactive|something123 has 20 seconds left.\n|inactive|something123 has 15 seconds left.\n|\n|t:|1737448313\n|move|p1b: Raging Bolt|Thunderclap|p2a: Flutter Mane\n|-damage|p2a: Flutter Mane|30\/100\n|-damage|p1b: Raging Bolt|91\/100|[from] item: Life Orb\n|move|p2b: Chi-Yu|Heat Wave|p1a: Ogerpon|[spread] p1a,p1b\n|-resisted|p1b: Raging Bolt\n|-damage|p1a: Ogerpon|34\/100\n|-damage|p1b: Raging Bolt|68\/100\n|move|p2a: Flutter Mane|Dazzling Gleam|p1a: Ogerpon|[spread] p1a,p1b\n|-supereffective|p1b: Raging Bolt\n|-damage|p1a: Ogerpon|0 fnt\n|-damage|p1b: Raging Bolt|0 fnt\n|faint|p1a: Ogerpon\n|faint|p1b: Raging Bolt\n|-end|p1b: Raging Bolt|Protosynthesis|[silent]\n|\n|upkeep\n|j| Mr.Costello\n|\n|t:|1737448322\n|switch|p1a: Calyrex|Calyrex-Ice, L50|100\/100\n|switch|p1b: Flutter Mane|Flutter Mane, L50|100\/100\n|-ability|p1a: Calyrex|As One\n|-ability|p1a: Calyrex|Unnerve\n|-enditem|p1b: Flutter Mane|Booster Energy\n|-activate|p1b: Flutter Mane|ability: Protosynthesis|[fromitem]\n|-start|p1b: Flutter Mane|protosynthesisspe\n|turn|3\n|inactive|gmdifficulty has 30 seconds left.\n|inactive|gmdifficulty has 20 seconds left.\n|inactive|gmdifficulty has 15 seconds left.\n|inactive|gmdifficulty has 10 seconds left.\n|inactive|gmdifficulty has 5 seconds left.\n|\n|t:|1737448372\n|-terastallize|p1a: Calyrex|Poison\n|move|p1b: Flutter Mane|Moonblast|p2b: Chi-Yu\n|-damage|p2b: Chi-Yu|49\/100\n|move|p2b: Chi-Yu|Heat Wave|p1a: Calyrex|[spread] p1a,p1b\n|-damage|p1a: Calyrex|67\/100\n|-damage|p1b: Flutter Mane|50\/100\n|move|p2a: Flutter Mane|Dazzling Gleam|p1a: Calyrex|[spread] p1a,p1b\n|-resisted|p1a: Calyrex\n|-damage|p1a: Calyrex|47\/100\n|-damage|p1b: Flutter Mane|0 fnt\n|faint|p1b: Flutter Mane\n|-end|p1b: Flutter Mane|Protosynthesis|[silent]\n|move|p1a: Calyrex|Trick Room|p1a: Calyrex\n|-fieldstart|move: Trick Room|[of] p1a: Calyrex\n|\n|upkeep\n|turn|4\n|inactive|gmdifficulty has 30 seconds left.\n|inactive|gmdifficulty has 20 seconds left.\n|inactive|gmdifficulty has 15 seconds left.\n|inactive|gmdifficulty has 10 seconds left.\n|inactive|gmdifficulty has 5 seconds left.\n|\n|t:|1737448422\n|move|p1a: Calyrex|Glacial Lance|p2b: Chi-Yu|[spread] p2a,p2b\n|-resisted|p2b: Chi-Yu\n|-damage|p2a: Flutter Mane|0 fnt\n|-damage|p2b: Chi-Yu|0 fnt\n|faint|p2a: Flutter Mane\n|-end|p2a: Flutter Mane|Protosynthesis|[silent]\n|faint|p2b: Chi-Yu\n|-ability|p1a: Calyrex|Chilling Neigh|boost\n|-boost|p1a: Calyrex|atk|2\n|\n|upkeep\n|\n|t:|1737448427\n|switch|p2b: Raging Bolt|Raging Bolt, L50|100\/100\n|switch|p2a: Koraidon|Koraidon, L50|100\/100\n|-weather|SunnyDay|[from] ability: Orichalcum Pulse|[of] p2a: Koraidon\n|-activate|p2b: Raging Bolt|ability: Protosynthesis\n|-start|p2b: Raging Bolt|protosynthesisspa\n|-activate|p2a: Koraidon|Orichalcum Pulse|[source]\n|turn|5\n|inactive|gmdifficulty has 30 seconds left.\n|\n|t:|1737448454\n|move|p2b: Raging Bolt|Thunderclap|p1a: Calyrex\n|-damage|p1a: Calyrex|14\/100\n|move|p1a: Calyrex|Glacial Lance|p2b: Raging Bolt|[spread] p2a,p2b\n|-supereffective|p2a: Koraidon\n|-supereffective|p2b: Raging Bolt\n|-damage|p2a: Koraidon|0 fnt\n|-damage|p2b: Raging Bolt|0 fnt\n|faint|p2a: Koraidon\n|faint|p2b: Raging Bolt\n|-end|p2b: Raging Bolt|Protosynthesis|[silent]\n|\n|win|something123\n|raw|something123's rating: 1591 &rarr; <strong>1611<\/strong><br \/>(+20 for winning)\n|raw|gmdifficulty's rating: 1589 &rarr; <strong>1569<\/strong><br \/>(-20 for losing)\n|l|\u2606gmdifficulty\n|player|p2|\n|l| WattoVGC\n|l|\u2606something123\n|player|p1|\n","uploadtime":1737448465,"views":27,"formatid":"gen9vgc2025regg","rating":1569,"private":0,"password":null}