{"id":"gen9vgc2025regg-2285792991","format":"[Gen 9] VGC 2025 Reg G","players":["pig duck eater","Joe sheboygan"],"log":"|j|\u2606pig duck eater\n|j|\u2606Joe sheboygan\n|t:|1737524484\n|gametype|doubles\n|player|p1|pig duck eater|2|1576\n|player|p2|Joe sheboygan|red|1614\n|teamsize|p1|6\n|teamsize|p2|6\n|gen|9\n|tier|[Gen 9] VGC 2025 Reg G\n|rated|\n|rule|Species Clause: Limit one of each Pok\u00e9mon\n|rule|Item Clause: Limit 1 of each item\n|clearpoke\n|poke|p1|Weezing-Galar, L50, M|\n|poke|p1|Porygon2, L50|\n|poke|p1|Miraidon, L50|\n|poke|p1|Ogerpon-Wellspring, L50, F|\n|poke|p1|Hitmontop, L50, M|\n|poke|p1|Volcarona, L50, M|\n|poke|p2|Koraidon, L50|\n|poke|p2|Flutter Mane, L50|\n|poke|p2|Gholdengo, L50|\n|poke|p2|Chi-Yu, L50|\n|poke|p2|Whimsicott, L50, M|\n|poke|p2|Iron Hands, L50|\n|teampreview|4\n|inactive|Battle timer is ON: inactive players will automatically lose when time's up. (requested by Joe sheboygan)\n|\n|t:|1737524528\n|start\n|switch|p1a: Miraidon|Miraidon, L50|100\/100\n|switch|p1b: Weezing|Weezing-Galar, L50, M|100\/100\n|switch|p2a: Whimsicott|Whimsicott, L50, M|100\/100\n|switch|p2b: Gholdengo|Gholdengo, L50|100\/100\n|-ability|p1b: Weezing|Neutralizing Gas\n|-block|p1a: Miraidon|item: Ability Shield\n|-fieldstart|move: Electric Terrain|[from] ability: Hadron Engine|[of] p1a: Miraidon\n|turn|1\n|\n|t:|1737524541\n|switch|p2b: Iron Hands|Iron Hands, L50|100\/100\n|-terastallize|p1a: Miraidon|Electric\n|move|p1a: Miraidon|Electro Drift|p2b: Iron Hands\n|-resisted|p2b: Iron Hands\n|-damage|p2b: Iron Hands|69\/100\n|move|p2a: Whimsicott|Light Screen|p2a: Whimsicott\n|-sidestart|p2: Joe sheboygan|move: Light Screen\n|move|p1b: Weezing|Toxic Spikes|p2a: Whimsicott\n|-sidestart|p2: Joe sheboygan|move: Toxic Spikes\n|\n|upkeep\n|turn|2\n|\n|t:|1737524560\n|switch|p1a: Volcarona|Volcarona, L50, M|100\/100\n|-enditem|p1a: Volcarona|Electric Seed\n|-boost|p1a: Volcarona|def|1|[from] item: Electric Seed\n|move|p2a: Whimsicott|Encore|p1b: Weezing\n|-start|p1b: Weezing|Encore\n|move|p1b: Weezing|Toxic Spikes|p2a: Whimsicott\n|-sidestart|p2: Joe sheboygan|move: Toxic Spikes\n|move|p2b: Iron Hands|Low Kick|p1a: Volcarona\n|-resisted|p1a: Volcarona\n|-damage|p1a: Volcarona|84\/100\n|\n|upkeep\n|turn|3\n|\n|t:|1737524577\n|-end|p1b: Weezing|ability: Neutralizing Gas\n|-activate|p2b: Iron Hands|ability: Quark Drive\n|-start|p2b: Iron Hands|quarkdriveatk\n|switch|p1b: Ogerpon|Ogerpon-Wellspring, L50, F|100\/100\n|-end|p2b: Iron Hands|Quark Drive|[silent]\n|switch|p2b: Gholdengo|Gholdengo, L50|100\/100\n|move|p2a: Whimsicott|Tailwind|p2a: Whimsicott\n|-sidestart|p2: Joe sheboygan|move: Tailwind\n|move|p1a: Volcarona|Fiery Dance|p2a: Whimsicott\n|-supereffective|p2a: Whimsicott\n|-damage|p2a: Whimsicott|23\/100\n|\n|upkeep\n|turn|4\n|j| mr pogostick\n|inactive|pig duck eater has 30 seconds left.\n|inactive|Joe sheboygan has 30 seconds left.\n|\n|t:|1737524607\n|-terastallize|p2b: Gholdengo|Normal\n|move|p2a: Whimsicott|Moonblast|p1b: Ogerpon\n|-damage|p1b: Ogerpon|76\/100\n|move|p2b: Gholdengo|Power Gem|p1a: Volcarona\n|-supereffective|p1a: Volcarona\n|-damage|p1a: Volcarona|0 fnt\n|faint|p1a: Volcarona\n|move|p1b: Ogerpon|Ivy Cudgel|p2b: Gholdengo|[anim] Ivy Cudgel Water\n|-damage|p2b: Gholdengo|48\/100\n|\n|upkeep\n|\n|t:|1737524620\n|switch|p1a: Miraidon|Miraidon, L50, tera:Electric|100\/100\n|-activate|p1a: Miraidon|ability: Hadron Engine\n|turn|5\n|\n|t:|1737524638\n|move|p2a: Whimsicott|Moonblast|p1a: Miraidon\n|-damage|p1a: Miraidon|74\/100\n|-unboost|p1a: Miraidon|spa|1\n|move|p2b: Gholdengo|Power Gem|p1a: Miraidon\n|-damage|p1a: Miraidon|36\/100\n|move|p1a: Miraidon|Electro Drift|p2b: Gholdengo\n|-damage|p2b: Gholdengo|0 fnt\n|faint|p2b: Gholdengo\n|move|p1b: Ogerpon|Ivy Cudgel|p2a: Whimsicott|[anim] Ivy Cudgel Water\n|-resisted|p2a: Whimsicott\n|-damage|p2a: Whimsicott|1\/100\n|\n|-sideend|p2: Joe sheboygan|move: Light Screen\n|-fieldend|move: Electric Terrain\n|upkeep\n|\n|t:|1737524652\n|switch|p2b: Koraidon|Koraidon, L50|100\/100\n|-status|p2b: Koraidon|tox\n|-weather|SunnyDay|[from] ability: Orichalcum Pulse|[of] p2b: Koraidon\n|-activate|p2b: Koraidon|Orichalcum Pulse|[source]\n|turn|6\n|\n|t:|1737524662\n|switch|p1b: Weezing|Weezing-Galar, L50, M|100\/100\n|-ability|p1b: Weezing|Neutralizing Gas\n|-block|p1a: Miraidon|item: Ability Shield\n|move|p1a: Miraidon|Protect|p1a: Miraidon\n|-singleturn|p1a: Miraidon|Protect\n|move|p2b: Koraidon|Scale Shot|p1a: Miraidon\n|-activate|p1a: Miraidon|move: Protect\n|move|p2a: Whimsicott|Light Screen|p2a: Whimsicott\n|-sidestart|p2: Joe sheboygan|move: Light Screen\n|\n|-weather|SunnyDay|[upkeep]\n|-damage|p2b: Koraidon|94\/100 tox|[from] psn\n|-sideend|p2: Joe sheboygan|move: Tailwind\n|upkeep\n|turn|7\n|inactive|pig duck eater has 30 seconds left.\n|\n|t:|1737524687\n|move|p1a: Miraidon|Draco Meteor|p2b: Koraidon\n|-supereffective|p2b: Koraidon\n|-damage|p2b: Koraidon|33\/100 tox\n|-unboost|p1a: Miraidon|spa|2\n|move|p2b: Koraidon|Scale Shot|p1a: Miraidon\n|-damage|p1a: Miraidon|22\/100\n|-damage|p1a: Miraidon|6\/100\n|-damage|p1a: Miraidon|0 fnt\n|faint|p1a: Miraidon\n|-hitcount|p1: Miraidon|3\n|-unboost|p2b: Koraidon|def|1\n|-boost|p2b: Koraidon|spe|1\n|move|p2a: Whimsicott|Tailwind|p2a: Whimsicott\n|-sidestart|p2: Joe sheboygan|move: Tailwind\n|move|p1b: Weezing|Acid Spray|p2b: Koraidon\n|-damage|p2b: Koraidon|24\/100 tox\n|-unboost|p2b: Koraidon|spd|2\n|\n|-weather|SunnyDay|[upkeep]\n|-damage|p2b: Koraidon|12\/100 tox|[from] psn\n|upkeep\n|\n|t:|1737524694\n|switch|p1a: Ogerpon|Ogerpon-Wellspring, L50, F|76\/100\n|turn|8\n|inactive|Joe sheboygan has 30 seconds left.\n|\n|t:|1737524720\n|switch|p2b: Iron Hands|Iron Hands, L50|69\/100\n|-status|p2b: Iron Hands|tox\n|move|p1a: Ogerpon|Spiky Shield|p1a: Ogerpon\n|-singleturn|p1a: Ogerpon|move: Protect\n|move|p2a: Whimsicott|Encore|p1b: Weezing\n|-start|p1b: Weezing|Encore\n|move|p1b: Weezing|Acid Spray|p2a: Whimsicott\n|-supereffective|p2a: Whimsicott\n|-damage|p2a: Whimsicott|0 fnt\n|faint|p2a: Whimsicott\n|\n|-weather|SunnyDay|[upkeep]\n|-damage|p2b: Iron Hands|63\/100 tox|[from] psn\n|upkeep\n|\n|t:|1737524727\n|switch|p2a: Koraidon|Koraidon, L50|12\/100 tox\n|turn|9\n|\n|t:|1737524747\n|move|p1a: Ogerpon|Spiky Shield||[still]\n|-fail|p1a: Ogerpon\n|move|p2a: Koraidon|Collision Course|p1a: Ogerpon\n|-crit|p1a: Ogerpon\n|-damage|p1a: Ogerpon|3\/100\n|move|p2b: Iron Hands|Wild Charge|p1a: Ogerpon\n|-damage|p1a: Ogerpon|0 fnt\n|faint|p1a: Ogerpon\n|-damage|p2b: Iron Hands|63\/100 tox|[from] Recoil\n|move|p1b: Weezing|Acid Spray|p2b: Iron Hands\n|-damage|p2b: Iron Hands|58\/100 tox\n|-unboost|p2b: Iron Hands|spd|2\n|\n|-weather|SunnyDay|[upkeep]\n|-damage|p2a: Koraidon|6\/100 tox|[from] psn\n|-damage|p2b: Iron Hands|46\/100 tox|[from] psn\n|upkeep\n|turn|10\n|\n|t:|1737524764\n|move|p2a: Koraidon|Flare Blitz|p1b: Weezing\n|-damage|p1b: Weezing|39\/100\n|-enditem|p1b: Weezing|Sitrus Berry|[eat]\n|-heal|p1b: Weezing|64\/100|[from] item: Sitrus Berry\n|-damage|p2a: Koraidon|0 fnt|[from] Recoil\n|faint|p2a: Koraidon\n|move|p2b: Iron Hands|Wild Charge|p1b: Weezing\n|-damage|p1b: Weezing|17\/100\n|-damage|p2b: Iron Hands|37\/100 tox|[from] Recoil\n|move|p1b: Weezing|Acid Spray|p2b: Iron Hands\n|-damage|p2b: Iron Hands|27\/100 tox\n|-unboost|p2b: Iron Hands|spd|2\n|\n|-weather|none\n|-damage|p2b: Iron Hands|9\/100 tox|[from] psn\n|-end|p1b: Weezing|Encore\n|-sideend|p2: Joe sheboygan|move: Light Screen\n|-sideend|p2: Joe sheboygan|move: Tailwind\n|upkeep\n|turn|11\n|\n|t:|1737524769\n|move|p1b: Weezing|Protect|p1b: Weezing\n|-singleturn|p1b: Weezing|Protect\n|move|p2b: Iron Hands|Wild Charge|p1b: Weezing\n|-activate|p1b: Weezing|move: Protect\n|\n|-damage|p2b: Iron Hands|0 fnt|[from] psn\n|faint|p2b: Iron Hands\n|-end|p2b: Iron Hands|Quark Drive|[silent]\n|\n|win|pig duck eater\n|upkeep\n|raw|pig duck eater's rating: 1576 &rarr; <strong>1598<\/strong><br \/>(+22 for winning)\n|raw|Joe sheboygan's rating: 1614 &rarr; <strong>1592<\/strong><br \/>(-22 for losing)\n|l|\u2606Joe sheboygan\n|player|p2|\n|l|\u2606pig duck eater\n|player|p1|\n","uploadtime":1737524912,"views":16,"formatid":"gen9vgc2025regg","rating":1592,"private":0,"password":null}