{"id":"gen9vgc2025regg-2285465862","format":"[Gen 9] VGC 2025 Reg G","players":["bertscai","Marco con Fissure"],"log":"|j|\u2606bertscai\n|j|\u2606Marco con Fissure\n|t:|1737485203\n|gametype|doubles\n|player|p1|bertscai|zinzolin|1562\n|player|p2|Marco con Fissure|biker-gen4|1581\n|teamsize|p1|6\n|teamsize|p2|6\n|gen|9\n|tier|[Gen 9] VGC 2025 Reg G\n|rated|\n|rule|Species Clause: Limit one of each Pok\u00e9mon\n|rule|Item Clause: Limit 1 of each item\n|clearpoke\n|poke|p1|Regidrago, L50|\n|poke|p1|Chi-Yu, L50|\n|poke|p1|Whimsicott, L50, F|\n|poke|p1|Ogerpon-Wellspring, L50, F|\n|poke|p1|Ditto, L50|\n|poke|p1|Zacian-*, L50|\n|poke|p2|Kyogre, L50|\n|poke|p2|Tornadus, L50, M|\n|poke|p2|Landorus, L50, M|\n|poke|p2|Urshifu-*, L50, M|\n|poke|p2|Incineroar, L50, M|\n|poke|p2|Raging Bolt, L50|\n|teampreview|4\n|j| WattoVGC\n|inactive|Battle timer is ON: inactive players will automatically lose when time's up. (requested by bertscai)\n|inactive|Marco con Fissure has 60 seconds left.\n|\n|t:|1737485255\n|start\n|switch|p1a: Whimsicott|Whimsicott, L50, F, shiny|100\/100\n|switch|p1b: Regidrago|Regidrago, L50|100\/100\n|switch|p2a: Tornadus|Tornadus, L50, M|100\/100\n|switch|p2b: Urshifu|Urshifu, L50, M|100\/100\n|turn|1\n|\n|t:|1737485266\n|move|p1a: Whimsicott|Tailwind|p1a: Whimsicott\n|-sidestart|p1: bertscai|move: Tailwind\n|move|p2a: Tornadus|Tailwind|p2a: Tornadus\n|-sidestart|p2: Marco con Fissure|move: Tailwind\n|move|p2b: Urshifu|Wicked Blow|p1b: Regidrago\n|-crit|p1b: Regidrago\n|-damage|p1b: Regidrago|27\/100\n|move|p1b: Regidrago|Dragon Energy|p2a: Tornadus|[spread] p2a,p2b\n|-damage|p2a: Tornadus|72\/100\n|-damage|p2b: Urshifu|60\/100\n|-damage|p1b: Regidrago|18\/100|[from] item: Life Orb\n|\n|upkeep\n|turn|2\n|\n|t:|1737485279\n|move|p2b: Urshifu|Detect|p2b: Urshifu\n|-singleturn|p2b: Urshifu|Protect\n|move|p1a: Whimsicott|Encore|p2a: Tornadus\n|-start|p2a: Tornadus|Encore\n|move|p2a: Tornadus|Tailwind||[still]\n|-fail|p2a: Tornadus\n|move|p1b: Regidrago|Draco Meteor|p2b: Urshifu\n|-activate|p2b: Urshifu|move: Protect\n|\n|upkeep\n|turn|3\n|inactive|Marco con Fissure has 30 seconds left.\n|\n|t:|1737485305\n|switch|p2a: Incineroar|Incineroar, L50, M|100\/100\n|-ability|p2a: Incineroar|Intimidate|boost\n|-unboost|p1a: Whimsicott|atk|1\n|-unboost|p1b: Regidrago|atk|1\n|move|p2b: Urshifu|Sucker Punch|p1b: Regidrago\n|-damage|p1b: Regidrago|0 fnt\n|faint|p1b: Regidrago\n|move|p1a: Whimsicott|Moonblast|p2b: Urshifu\n|-supereffective|p2b: Urshifu\n|-damage|p2b: Urshifu|0 fnt\n|faint|p2b: Urshifu\n|\n|upkeep\n|\n|t:|1737485316\n|switch|p2b: Tornadus|Tornadus, L50, M|72\/100\n|switch|p1b: Ogerpon|Ogerpon-Wellspring, L50, F|100\/100\n|turn|4\n|\n|t:|1737485329\n|move|p1a: Whimsicott|Protect|p1a: Whimsicott\n|-singleturn|p1a: Whimsicott|Protect\n|move|p1b: Ogerpon|Spiky Shield|p1b: Ogerpon\n|-singleturn|p1b: Ogerpon|move: Protect\n|move|p2a: Incineroar|Fake Out|p1b: Ogerpon\n|-activate|p1b: Ogerpon|move: Protect\n|-damage|p2a: Incineroar|88\/100|[from] Spiky Shield|[of] p1b: Ogerpon\n|move|p2b: Tornadus|Bleakwind Storm|p1a: Whimsicott|[spread] \n|-activate|p1a: Whimsicott|move: Protect\n|-activate|p1b: Ogerpon|move: Protect\n|\n|-sideend|p1: bertscai|move: Tailwind\n|-sideend|p2: Marco con Fissure|move: Tailwind\n|upkeep\n|turn|5\n|\n|t:|1737485343\n|-terastallize|p1b: Ogerpon|Water\n|detailschange|p1b: Ogerpon|Ogerpon-Wellspring-Tera, L50, F, tera:Water\n|-ability|p1b: Ogerpon|Embody Aspect (Wellspring)|boost\n|-boost|p1b: Ogerpon|spd|1\n|-terastallize|p2a: Incineroar|Ghost\n|move|p1a: Whimsicott|Tailwind|p1a: Whimsicott\n|-sidestart|p1: bertscai|move: Tailwind\n|move|p1b: Ogerpon|Ivy Cudgel|p2a: Incineroar|[anim] Ivy Cudgel Water\n|-damage|p2a: Incineroar|38\/100\n|move|p2b: Tornadus|Bleakwind Storm|p1b: Ogerpon|[spread] p1a\n|-miss|p2b: Tornadus|p1b: Ogerpon\n|-supereffective|p1a: Whimsicott\n|-damage|p1a: Whimsicott|30\/100\n|move|p2a: Incineroar|Will-O-Wisp|p1b: Ogerpon\n|-status|p1b: Ogerpon|brn\n|\n|-damage|p1b: Ogerpon|95\/100 brn|[from] brn\n|upkeep\n|turn|6\n|inactive|Marco con Fissure has 30 seconds left.\n|inactive|bertscai has 30 seconds left.\n|inactive|Marco con Fissure has 20 seconds left.\n|\n|t:|1737485381\n|move|p1a: Whimsicott|Encore|p2a: Incineroar\n|-start|p2a: Incineroar|Encore\n|move|p1b: Ogerpon|Ivy Cudgel|p2b: Tornadus|[anim] Ivy Cudgel Water\n|-damage|p2b: Tornadus|36\/100\n|move|p2b: Tornadus|Bleakwind Storm|p1b: Ogerpon|[spread] p1a\n|-miss|p2b: Tornadus|p1b: Ogerpon\n|-supereffective|p1a: Whimsicott\n|-damage|p1a: Whimsicott|0 fnt\n|faint|p1a: Whimsicott\n|move|p2a: Incineroar|Will-O-Wisp|p1b: Ogerpon\n|-fail|p1b: Ogerpon|brn\n|\n|-damage|p1b: Ogerpon|89\/100 brn|[from] brn\n|upkeep\n|\n|t:|1737485390\n|switch|p1a: Zacian|Zacian-Crowned, L50, shiny|100\/100\n|-ability|p1a: Zacian|Intrepid Sword|boost\n|-boost|p1a: Zacian|atk|1\n|turn|7\n|\n|t:|1737485403\n|move|p2b: Tornadus|Tailwind|p2b: Tornadus\n|-sidestart|p2: Marco con Fissure|move: Tailwind\n|move|p1a: Zacian|Behemoth Blade|p2a: Incineroar\n|-damage|p2a: Incineroar|0 fnt\n|faint|p2a: Incineroar\n|move|p1b: Ogerpon|Ivy Cudgel|p2b: Tornadus|[anim] Ivy Cudgel Water\n|-damage|p2b: Tornadus|0 fnt\n|faint|p2b: Tornadus\n|\n|-damage|p1b: Ogerpon|83\/100 brn|[from] brn\n|upkeep\n|\n|t:|1737485408\n|switch|p2b: Landorus|Landorus, L50, M|100\/100\n|turn|8\n|\n|t:|1737485416\n|move|p2b: Landorus|Protect|p2b: Landorus\n|-singleturn|p2b: Landorus|Protect\n|move|p1a: Zacian|Play Rough|p2b: Landorus\n|-activate|p2b: Landorus|move: Protect\n|move|p1b: Ogerpon|Ivy Cudgel|p2b: Landorus|[anim] Ivy Cudgel Water\n|-activate|p2b: Landorus|move: Protect\n|\n|-damage|p1b: Ogerpon|77\/100 brn|[from] brn\n|-sideend|p1: bertscai|move: Tailwind\n|upkeep\n|turn|9\n|\n|t:|1737485421\n|move|p1a: Zacian|Protect|p1a: Zacian\n|-singleturn|p1a: Zacian|Protect\n|move|p2b: Landorus|Sandsear Storm|p1a: Zacian|[spread] p1b\n|-activate|p1a: Zacian|move: Protect\n|-damage|p1b: Ogerpon|42\/100 brn\n|move|p1b: Ogerpon|Ivy Cudgel|p2b: Landorus|[anim] Ivy Cudgel Water\n|-supereffective|p2b: Landorus\n|-damage|p2b: Landorus|20\/100\n|\n|-damage|p1b: Ogerpon|36\/100 brn|[from] brn\n|upkeep\n|turn|10\n|\n|t:|1737485436\n|move|p2b: Landorus|Sandsear Storm|p1b: Ogerpon|[spread] p1a,p1b\n|-supereffective|p1a: Zacian\n|-damage|p1a: Zacian|4\/100\n|-damage|p1b: Ogerpon|0 fnt\n|faint|p1b: Ogerpon\n|move|p1a: Zacian|Behemoth Blade|p2b: Landorus\n|-damage|p2b: Landorus|0 fnt\n|faint|p2b: Landorus\n|\n|win|bertscai\n|raw|bertscai's rating: 1562 &rarr; <strong>1583<\/strong><br \/>(+21 for winning)\n|raw|Marco con Fissure's rating: 1581 &rarr; <strong>1560<\/strong><br \/>(-21 for losing)\n|l|\u2606Marco con Fissure\n|player|p2|\n|l|\u2606bertscai\n|player|p1|\n","uploadtime":1737485658,"views":6,"formatid":"gen9vgc2025regg","rating":1560,"private":0,"password":null}