{"id":"gen9vgc2025regg-2285814320","format":"[Gen 9] VGC 2025 Reg G","players":["Imnotagni","Joe sheboygan"],"log":"|j|\u2606Imnotagni\n|j|\u2606Joe sheboygan\n|t:|1737528467\n|gametype|doubles\n|player|p1|Imnotagni|policeman-gen4|1587\n|player|p2|Joe sheboygan|red|1631\n|teamsize|p1|6\n|teamsize|p2|6\n|gen|9\n|tier|[Gen 9] VGC 2025 Reg G\n|rated|\n|rule|Species Clause: Limit one of each Pok\u00e9mon\n|rule|Item Clause: Limit 1 of each item\n|clearpoke\n|poke|p1|Kyogre, L50|\n|poke|p1|Tornadus, L50, M|\n|poke|p1|Tsareena, L50, F|\n|poke|p1|Basculegion, L50, M|\n|poke|p1|Landorus, L50, M|\n|poke|p1|Urshifu-*, L50, M|\n|poke|p2|Koraidon, L50|\n|poke|p2|Flutter Mane, L50|\n|poke|p2|Gholdengo, L50|\n|poke|p2|Chi-Yu, L50|\n|poke|p2|Whimsicott, L50, F|\n|poke|p2|Iron Hands, L50|\n|teampreview|4\n|inactive|Battle timer is ON: inactive players will automatically lose when time's up. (requested by Imnotagni)\n|inactive|Imnotagni has 60 seconds left.\n|\n|t:|1737528501\n|start\n|switch|p1a: Tornadus|Tornadus, L50, M|100\/100\n|switch|p1b: Landorus|Landorus, L50, M|100\/100\n|switch|p2a: Whimsicott|Whimsicott, L50, F|100\/100\n|switch|p2b: Iron Hands|Iron Hands, L50|100\/100\n|turn|1\n|j| Pokuchu3\n|j| asilentkingambitx\n|\n|t:|1737528515\n|-terastallize|p1b: Landorus|Ghost\n|-terastallize|p2b: Iron Hands|Water\n|move|p2a: Whimsicott|Light Screen|p2a: Whimsicott\n|-sidestart|p2: Joe sheboygan|move: Light Screen\n|move|p1a: Tornadus|Tailwind|p1a: Tornadus\n|-sidestart|p1: Imnotagni|move: Tailwind\n|move|p1b: Landorus|Earth Power|p2b: Iron Hands\n|-damage|p2b: Iron Hands|80\/100\n|move|p2b: Iron Hands|Wild Charge|p1a: Tornadus\n|-supereffective|p1a: Tornadus\n|-damage|p1a: Tornadus|0 fnt\n|faint|p1a: Tornadus\n|-damage|p2b: Iron Hands|60\/100|[from] Recoil\n|\n|upkeep\n|\n|t:|1737528523\n|switch|p1a: Basculegion|Basculegion, L50, M|100\/100\n|turn|2\n|\n|t:|1737528538\n|move|p2a: Whimsicott|Tailwind|p2a: Whimsicott\n|-sidestart|p2: Joe sheboygan|move: Tailwind\n|move|p1b: Landorus|Earth Power|p2b: Iron Hands\n|-damage|p2b: Iron Hands|39\/100\n|move|p1a: Basculegion|Last Respects|p2b: Iron Hands\n|-damage|p2b: Iron Hands|0 fnt\n|faint|p2b: Iron Hands\n|-end|p2b: Iron Hands|Quark Drive|[silent]\n|-damage|p1a: Basculegion|91\/100|[from] item: Life Orb\n|\n|upkeep\n|\n|t:|1737528547\n|switch|p2b: Flutter Mane|Flutter Mane, L50|100\/100\n|turn|3\n|j| thorpdatr\n|\n|t:|1737528572\n|switch|p1b: Kyogre|Kyogre, L50|100\/100\n|-weather|RainDance|[from] ability: Drizzle|[of] p1b: Kyogre\n|move|p1a: Basculegion|Last Respects|p2b: Flutter Mane\n|-supereffective|p2b: Flutter Mane\n|-enditem|p2b: Flutter Mane|Focus Sash\n|-damage|p2b: Flutter Mane|1\/100\n|-damage|p1a: Basculegion|81\/100|[from] item: Life Orb\n|move|p2b: Flutter Mane|Shadow Ball|p1a: Basculegion\n|-supereffective|p1a: Basculegion\n|-damage|p1a: Basculegion|0 fnt\n|faint|p1a: Basculegion\n|move|p2a: Whimsicott|Moonblast|p1b: Kyogre\n|-damage|p1b: Kyogre|87\/100\n|\n|-weather|RainDance|[upkeep]\n|upkeep\n|\n|t:|1737528580\n|switch|p1a: Landorus|Landorus, L50, M, tera:Ghost|100\/100\n|turn|4\n|\n|t:|1737528594\n|switch|p2a: Koraidon|Koraidon, L50|100\/100\n|-weather|SunnyDay|[from] ability: Orichalcum Pulse|[of] p2a: Koraidon\n|-activate|p2b: Flutter Mane|ability: Protosynthesis\n|-start|p2b: Flutter Mane|protosynthesisspa\n|-activate|p2a: Koraidon|Orichalcum Pulse|[source]\n|move|p1a: Landorus|Sludge Bomb|p2a: Koraidon\n|-damage|p2a: Koraidon|75\/100\n|move|p2b: Flutter Mane|Dazzling Gleam|p1b: Kyogre|[spread] p1a,p1b\n|-damage|p1a: Landorus|42\/100\n|-damage|p1b: Kyogre|66\/100\n|move|p1b: Kyogre|Water Spout|p2a: Koraidon|[spread] p2a,p2b\n|-resisted|p2a: Koraidon\n|-damage|p2a: Koraidon|68\/100\n|-damage|p2b: Flutter Mane|0 fnt\n|faint|p2b: Flutter Mane\n|-end|p2b: Flutter Mane|Protosynthesis|[silent]\n|\n|-weather|SunnyDay|[upkeep]\n|-sideend|p1: Imnotagni|move: Tailwind\n|upkeep\n|\n|t:|1737528609\n|switch|p2b: Whimsicott|Whimsicott, L50, F|100\/100\n|turn|5\n|\n|t:|1737528632\n|move|p2a: Koraidon|Collision Course|p1b: Kyogre\n|-damage|p1b: Kyogre|0 fnt\n|faint|p1b: Kyogre\n|move|p2b: Whimsicott|Moonblast|p1a: Landorus\n|-damage|p1a: Landorus|7\/100\n|-unboost|p1a: Landorus|spa|1\n|move|p1a: Landorus|Sludge Bomb|p2b: Whimsicott\n|-supereffective|p2b: Whimsicott\n|-damage|p2b: Whimsicott|11\/100\n|\n|-weather|SunnyDay|[upkeep]\n|-sideend|p2: Joe sheboygan|move: Light Screen\n|-sideend|p2: Joe sheboygan|move: Tailwind\n|upkeep\n|turn|6\n|-message|Imnotagni forfeited.\n|\n|win|Joe sheboygan\n|raw|Imnotagni's rating: 1587 &rarr; <strong>1570<\/strong><br \/>(-17 for losing)\n|raw|Joe sheboygan's rating: 1631 &rarr; <strong>1648<\/strong><br \/>(+17 for winning)\n|l|\u2606Imnotagni\n|player|p1|\n|l| thorpdatr\n|l|\u2606Joe sheboygan\n|player|p2|\n|l| asilentkingambitx\n","uploadtime":1737528792,"views":11,"formatid":"gen9vgc2025regg","rating":1570,"private":0,"password":null}