{"id":"gen9vgc2025regg-2285600468","format":"[Gen 9] VGC 2025 Reg G","players":["DimensionalFool","stbai"],"log":"|j|\u203dDimensionalFool\n|j|\u2606stbai\n|t:|1737499023\n|gametype|doubles\n|player|p1|DimensionalFool|steven|1637\n|player|p2|stbai|janitor|1589\n|teamsize|p1|6\n|teamsize|p2|6\n|gen|9\n|tier|[Gen 9] VGC 2025 Reg G\n|rated|\n|rule|Species Clause: Limit one of each Pok\u00e9mon\n|rule|Item Clause: Limit 1 of each item\n|clearpoke\n|poke|p1|Grimmsnarl, L50, M|\n|poke|p1|Landorus, L50, M|\n|poke|p1|Calyrex-Ice, L50|\n|poke|p1|Pelipper, L50, F|\n|poke|p1|Urshifu-*, L50, M|\n|poke|p1|Rillaboom, L50, F|\n|poke|p2|Tatsugiri, L50, F|\n|poke|p2|Terapagos, L50, M|\n|poke|p2|Latios, L50, M|\n|poke|p2|Dondozo, L50, F|\n|poke|p2|Tyranitar, L50, M|\n|poke|p2|Farigiraf, L50, M|\n|teampreview|4\n|inactive|Battle timer is ON: inactive players will automatically lose when time's up. (requested by stbai)\n|inactive|DimensionalFool also wants the timer to be on.\n|\n|t:|1737499048\n|start\n|switch|p1a: Calyrex|Calyrex-Ice, L50|100\/100\n|switch|p1b: Urshifu|Urshifu-Rapid-Strike, L50, M|100\/100\n|switch|p2a: Terapagos|Terapagos, L50, M|100\/100\n|switch|p2b: Dondozo|Dondozo, L50, F|100\/100\n|-activate|p2a: Terapagos|ability: Tera Shift\n|detailschange|p2a: Terapagos|Terapagos-Terastal, L50, M\n|-heal|p2a: Terapagos|100\/100|[silent]\n|-ability|p1a: Calyrex|As One\n|-ability|p1a: Calyrex|Unnerve\n|turn|1\n|\n|t:|1737499068\n|-terastallize|p2a: Terapagos|Stellar\n|detailschange|p2a: Terapagos|Terapagos-Stellar, L50, M, tera:Stellar\n|-heal|p2a: Terapagos|100\/100|[silent]\n|move|p1b: Urshifu|Surging Strikes|p2a: Terapagos\n|-crit|p2a: Terapagos\n|-damage|p2a: Terapagos|88\/100\n|-crit|p2a: Terapagos\n|-damage|p2a: Terapagos|72\/100\n|-crit|p2a: Terapagos\n|-damage|p2a: Terapagos|58\/100\n|-hitcount|p2a: Terapagos|3\n|move|p2a: Terapagos|Tera Starstorm|p1b: Urshifu|[spread] p1a,p1b\n|-damage|p1a: Calyrex|72\/100\n|-damage|p1b: Urshifu|15\/100\n|move|p1a: Calyrex|Glacial Lance|p2b: Dondozo|[spread] p2a,p2b\n|-resisted|p2b: Dondozo\n|-damage|p2a: Terapagos|21\/100\n|-damage|p2b: Dondozo|81\/100\n|move|p2b: Dondozo|Substitute|p2b: Dondozo\n|-start|p2b: Dondozo|Substitute\n|-damage|p2b: Dondozo|56\/100\n|\n|-heal|p2b: Dondozo|62\/100|[from] item: Leftovers\n|upkeep\n|turn|2\n|\n|t:|1737499093\n|switch|p2a: Tatsugiri|Tatsugiri, L50, F|100\/100\n|-activate|p2a: Tatsugiri|ability: Commander|[of] p2b: Dondozo\n|-boost|p2b: Dondozo|atk|2\n|-boost|p2b: Dondozo|spa|2\n|-boost|p2b: Dondozo|spe|2\n|-boost|p2b: Dondozo|def|2\n|-boost|p2b: Dondozo|spd|2\n|move|p1b: Urshifu|Surging Strikes|p2b: Dondozo\n|-resisted|p2b: Dondozo\n|-crit|p2b: Dondozo\n|-activate|p2b: Dondozo|move: Substitute|[damage]\n|-resisted|p2b: Dondozo\n|-crit|p2b: Dondozo\n|-activate|p2b: Dondozo|move: Substitute|[damage]\n|-resisted|p2b: Dondozo\n|-crit|p2b: Dondozo\n|-activate|p2b: Dondozo|move: Substitute|[damage]\n|-hitcount|p2b: Dondozo|3\n|move|p2b: Dondozo|Earthquake|p1b: Urshifu|[spread] p1a,p1b\n|-miss|p2b: Dondozo|p2a: Tatsugiri\n|-damage|p1a: Calyrex|44\/100\n|-damage|p1b: Urshifu|0 fnt\n|faint|p1b: Urshifu\n|move|p1a: Calyrex|Glacial Lance|p2b: Dondozo|[spread] p2b\n|-miss|p1a: Calyrex|p2a: Tatsugiri\n|-resisted|p2b: Dondozo\n|-end|p2b: Dondozo|Substitute\n|\n|-heal|p2b: Dondozo|68\/100|[from] item: Leftovers\n|upkeep\n|\n|t:|1737499108\n|switch|p1b: Landorus|Landorus, L50, M|100\/100\n|turn|3\n|\n|t:|1737499120\n|switch|p1a: Pelipper|Pelipper, L50, F|100\/100\n|-weather|RainDance|[from] ability: Drizzle|[of] p1a: Pelipper\n|move|p1b: Landorus|Protect|p1b: Landorus\n|-singleturn|p1b: Landorus|Protect\n|move|p2b: Dondozo|Order Up|p1a: Pelipper\n|-damage|p1a: Pelipper|43\/100\n|-boost|p2b: Dondozo|atk|1\n|\n|-weather|RainDance|[upkeep]\n|-heal|p2b: Dondozo|74\/100|[from] item: Leftovers\n|upkeep\n|turn|4\n|\n|t:|1737499137\n|-terastallize|p1b: Landorus|Water\n|move|p1b: Landorus|Earth Power|p2b: Dondozo\n|-damage|p2b: Dondozo|37\/100\n|move|p2b: Dondozo|Order Up|p1a: Pelipper\n|-damage|p1a: Pelipper|0 fnt\n|faint|p1a: Pelipper\n|-boost|p2b: Dondozo|atk|1\n|\n|-weather|RainDance|[upkeep]\n|-heal|p2b: Dondozo|43\/100|[from] item: Leftovers\n|upkeep\n|\n|t:|1737499143\n|switch|p1a: Calyrex|Calyrex-Ice, L50|44\/100\n|-ability|p1a: Calyrex|As One\n|-ability|p1a: Calyrex|Unnerve\n|turn|5\n|\n|t:|1737499152\n|move|p1b: Landorus|Earth Power|p2b: Dondozo\n|-damage|p2b: Dondozo|10\/100\n|move|p2b: Dondozo|Earthquake|p1a: Calyrex|[spread] p1a,p1b\n|-miss|p2b: Dondozo|p2a: Tatsugiri\n|-damage|p1a: Calyrex|5\/100\n|-damage|p1b: Landorus|24\/100\n|move|p1a: Calyrex|Glacial Lance|p2b: Dondozo|[spread] p2b\n|-miss|p1a: Calyrex|p2a: Tatsugiri\n|-resisted|p2b: Dondozo\n|-damage|p2b: Dondozo|0 fnt\n|faint|p2b: Dondozo\n|-ability|p1a: Calyrex|Chilling Neigh|boost\n|-boost|p1a: Calyrex|atk|1\n|\n|-weather|RainDance|[upkeep]\n|upkeep\n|\n|t:|1737499161\n|switch|p2b: Farigiraf|Farigiraf, L50, M|100\/100\n|turn|6\n|\n|t:|1737499170\n|move|p1b: Landorus|Sandsear Storm|p2a: Tatsugiri|[spread] p2a,p2b\n|-damage|p2a: Tatsugiri|31\/100\n|-damage|p2b: Farigiraf|44\/100\n|move|p2a: Tatsugiri|Muddy Water|p1b: Landorus|[spread] p1a,p1b\n|-resisted|p1b: Landorus\n|-damage|p1a: Calyrex|0 fnt\n|-damage|p1b: Landorus|0 fnt\n|faint|p1a: Calyrex\n|faint|p1b: Landorus\n|\n|win|stbai\n|raw|DimensionalFool's rating: 1637 &rarr; <strong>1614<\/strong><br \/>(-23 for losing)\n|raw|stbai's rating: 1589 &rarr; <strong>1612<\/strong><br \/>(+23 for winning)\n|l|\u203dDimensionalFool\n|player|p1|\n|l|\u2606stbai\n|player|p2|\n","uploadtime":1737499342,"views":23,"formatid":"gen9vgc2025regg","rating":1612,"private":0,"password":null}