{"id":"gen9vgc2025regg-2285802352","format":"[Gen 9] VGC 2025 Reg G","players":["Imnotagni","AnyaForger31"],"log":"|j|\u2606Imnotagni\n|j|\u203dAnyaForger31\n|t:|1737526161\n|gametype|doubles\n|player|p1|Imnotagni|policeman-gen4|1547\n|player|p2|AnyaForger31|caitlin|1627\n|teamsize|p1|6\n|teamsize|p2|6\n|gen|9\n|tier|[Gen 9] VGC 2025 Reg G\n|rated|\n|rule|Species Clause: Limit one of each Pok\u00e9mon\n|rule|Item Clause: Limit 1 of each item\n|clearpoke\n|poke|p1|Kyogre, L50|\n|poke|p1|Tornadus, L50, M|\n|poke|p1|Tsareena, L50, F|\n|poke|p1|Archaludon, L50, M|\n|poke|p1|Electabuzz, L50, F|\n|poke|p1|Urshifu-*, L50, M|\n|poke|p2|Ogerpon-Wellspring, L50, F|\n|poke|p2|Calyrex-Ice, L50|\n|poke|p2|Annihilape, L50, M|\n|poke|p2|Smeargle, L50, M|\n|poke|p2|Urshifu-*, L50, M|\n|poke|p2|Ursaluna-Bloodmoon, L50, M|\n|teampreview|4\n|inactive|Battle timer is ON: inactive players will automatically lose when time's up. (requested by Imnotagni)\n|j| priscillaaa\n|inactive|Imnotagni has 60 seconds left.\n|inactive|AnyaForger31 has 60 seconds left.\n|\n|t:|1737526194\n|start\n|switch|p1a: Kyogre|Kyogre, L50, shiny|100\/100\n|switch|p1b: Tornadus|Tornadus, L50, M, shiny|100\/100\n|switch|p2a: Calyrex|Calyrex-Ice, L50|100\/100\n|switch|p2b: Smeargle|Smeargle, L50, M|100\/100\n|-ability|p2a: Calyrex|As One\n|-ability|p2a: Calyrex|Unnerve\n|-weather|RainDance|[from] ability: Drizzle|[of] p1a: Kyogre\n|turn|1\n|inactive|Imnotagni has 30 seconds left.\n|inactive|AnyaForger31 has 30 seconds left.\n|\n|t:|1737526222\n|-terastallize|p1a: Kyogre|Water\n|-terastallize|p2a: Calyrex|Water\n|move|p2b: Smeargle|Follow Me|p2b: Smeargle\n|-singleturn|p2b: Smeargle|move: Follow Me\n|move|p1a: Kyogre|Hydro Pump|p2b: Smeargle\n|-enditem|p2b: Smeargle|Focus Sash\n|-damage|p2b: Smeargle|1\/100\n|move|p1b: Tornadus|Bleakwind Storm|p2b: Smeargle|[spread] p2a,p2b\n|-crit|p2a: Calyrex\n|-damage|p2a: Calyrex|58\/100\n|-damage|p2b: Smeargle|0 fnt\n|-unboost|p2a: Calyrex|spe|1\n|faint|p2b: Smeargle\n|move|p2a: Calyrex|Trick Room|p2a: Calyrex\n|-fieldstart|move: Trick Room|[of] p2a: Calyrex\n|\n|-weather|RainDance|[upkeep]\n|upkeep\n|\n|t:|1737526244\n|switch|p2b: Urshifu|Urshifu, L50, M|100\/100\n|turn|2\n|\n|t:|1737526252\n|move|p2a: Calyrex|Glacial Lance|p1a: Kyogre|[spread] p1a,p1b\n|-resisted|p1a: Kyogre\n|-supereffective|p1b: Tornadus\n|-damage|p1a: Kyogre|70\/100\n|-enditem|p1b: Tornadus|Focus Sash\n|-damage|p1b: Tornadus|1\/100\n|move|p2b: Urshifu|Wicked Blow|p1a: Kyogre\n|-crit|p1a: Kyogre\n|-damage|p1a: Kyogre|0 fnt\n|faint|p1a: Kyogre\n|move|p1b: Tornadus|Bleakwind Storm|p2b: Urshifu|[spread] p2a,p2b\n|-supereffective|p2b: Urshifu\n|-damage|p2a: Calyrex|30\/100\n|-damage|p2b: Urshifu|6\/100\n|-enditem|p2a: Calyrex|Sitrus Berry|[eat]\n|-heal|p2a: Calyrex|55\/100|[from] item: Sitrus Berry\n|\n|-weather|RainDance|[upkeep]\n|upkeep\n|\n|t:|1737526258\n|switch|p1a: Urshifu|Urshifu-Rapid-Strike, L50, M|100\/100\n|turn|3\n|inactive|Imnotagni has 30 seconds left.\n|\n|t:|1737526289\n|move|p1b: Tornadus|Protect|p1b: Tornadus\n|-singleturn|p1b: Tornadus|Protect\n|move|p1a: Urshifu|Aqua Jet|p2b: Urshifu\n|-damage|p2b: Urshifu|0 fnt\n|faint|p2b: Urshifu\n|move|p2a: Calyrex|Glacial Lance|p1b: Tornadus|[spread] p1a\n|-activate|p1b: Tornadus|move: Protect\n|-resisted|p1a: Urshifu\n|-damage|p1a: Urshifu|70\/100\n|\n|-weather|RainDance|[upkeep]\n|upkeep\n|\n|t:|1737526296\n|switch|p2b: Ursaluna|Ursaluna-Bloodmoon, L50, M|100\/100\n|turn|4\n|l| priscillaaa\n|\n|t:|1737526305\n|switch|p1a: Archaludon|Archaludon, L50, M, shiny|100\/100\n|move|p2a: Calyrex|Glacial Lance|p1b: Tornadus|[spread] p1a,p1b\n|-supereffective|p1b: Tornadus\n|-damage|p1a: Archaludon|48\/100\n|-damage|p1b: Tornadus|0 fnt\n|faint|p1b: Tornadus\n|-ability|p2a: Calyrex|Chilling Neigh|boost\n|-boost|p2a: Calyrex|atk|1\n|move|p2b: Ursaluna|Hyper Voice|p1a: Archaludon\n|-resisted|p1a: Archaludon\n|-damage|p1a: Archaludon|6\/100\n|-damage|p2b: Ursaluna|91\/100|[from] item: Life Orb\n|\n|-weather|RainDance|[upkeep]\n|upkeep\n|\n|t:|1737526309\n|switch|p1b: Urshifu|Urshifu-Rapid-Strike, L50, M|70\/100\n|turn|5\n|\n|t:|1737526321\n|move|p1a: Archaludon|Protect|p1a: Archaludon\n|-singleturn|p1a: Archaludon|Protect\n|move|p1b: Urshifu|Aqua Jet|p2b: Ursaluna\n|-supereffective|p2b: Ursaluna\n|-damage|p2b: Ursaluna|13\/100\n|move|p2a: Calyrex|Glacial Lance|p1b: Urshifu|[spread] p1b\n|-activate|p1a: Archaludon|move: Protect\n|-resisted|p1b: Urshifu\n|-damage|p1b: Urshifu|24\/100\n|move|p2b: Ursaluna|Hyper Voice|p1a: Archaludon|[spread] p1b\n|-activate|p1a: Archaludon|move: Protect\n|-damage|p1b: Urshifu|0 fnt\n|faint|p1b: Urshifu\n|-damage|p2b: Ursaluna|4\/100|[from] item: Life Orb\n|\n|-weather|none\n|-fieldend|move: Trick Room\n|upkeep\n|turn|6\n|-message|Imnotagni forfeited.\n|\n|win|AnyaForger31\n|raw|Imnotagni's rating: 1547 &rarr; <strong>1532<\/strong><br \/>(-15 for losing)\n|raw|AnyaForger31's rating: 1627 &rarr; <strong>1642<\/strong><br \/>(+15 for winning)\n|l|\u2606Imnotagni\n|player|p1|\n|l|\u203dAnyaForger31\n|player|p2|\n","uploadtime":1737526575,"views":5,"formatid":"gen9vgc2025regg","rating":1532,"private":0,"password":null}