{"id":"gen9vgc2025regg-2285819423","format":"[Gen 9] VGC 2025 Reg G","players":["jecheonjo","GG=Groudon Gaming"],"log":"|j|\u2606jecheonjo\n|j|\u2606GG=Groudon Gaming\n|t:|1737529451\n|gametype|doubles\n|player|p1|jecheonjo|steven|1661\n|player|p2|GG=Groudon Gaming|may-masters2|1595\n|teamsize|p1|6\n|teamsize|p2|6\n|gen|9\n|tier|[Gen 9] VGC 2025 Reg G\n|rated|\n|rule|Species Clause: Limit one of each Pok\u00e9mon\n|rule|Item Clause: Limit 1 of each item\n|clearpoke\n|poke|p1|Palkia, L50|\n|poke|p1|Ursaluna, L50, F|\n|poke|p1|Amoonguss, L50, M|\n|poke|p1|Incineroar, L50, M|\n|poke|p1|Urshifu-*, L50, M|\n|poke|p1|Flutter Mane, L50|\n|poke|p2|Groudon, L50|\n|poke|p2|Gothitelle, L50, F|\n|poke|p2|Scream Tail, L50|\n|poke|p2|Brute Bonnet, L50|\n|poke|p2|Raging Bolt, L50|\n|poke|p2|Volcarona, L50, M|\n|teampreview|4\n|inactive|Battle timer is ON: inactive players will automatically lose when time's up. (requested by GG=Groudon Gaming)\n|inactive|jecheonjo has 60 seconds left.\n|\n|t:|1737529499\n|start\n|switch|p1a: Palkia|Palkia, L50|100\/100\n|switch|p1b: Incineroar|Incineroar, L50, M|100\/100\n|switch|p2a: Scream Tail|Scream Tail, L50|100\/100\n|switch|p2b: Brute Bonnet|Brute Bonnet, L50|100\/100\n|-ability|p1b: Incineroar|Intimidate|boost\n|-unboost|p2a: Scream Tail|atk|1\n|-unboost|p2b: Brute Bonnet|atk|1\n|-enditem|p2a: Scream Tail|Booster Energy\n|-activate|p2a: Scream Tail|ability: Protosynthesis|[fromitem]\n|-start|p2a: Scream Tail|protosynthesisspe\n|turn|1\n|inactive|jecheonjo has 30 seconds left.\n|\n|t:|1737529527\n|move|p2a: Scream Tail|Perish Song|p2a: Scream Tail\n|-start|p1a: Palkia|perish3|[silent]\n|-start|p1b: Incineroar|perish3|[silent]\n|-start|p2a: Scream Tail|perish3|[silent]\n|-start|p2b: Brute Bonnet|perish3|[silent]\n|-fieldactivate|move: Perish Song\n|move|p1a: Palkia|Hydro Pump|p2a: Scream Tail\n|-damage|p2a: Scream Tail|51\/100\n|move|p1b: Incineroar|Taunt|p2b: Brute Bonnet\n|-start|p2b: Brute Bonnet|move: Taunt\n|cant|p2b: Brute Bonnet|move: Taunt|Spore\n|\n|-start|p2a: Scream Tail|perish3\n|-start|p1a: Palkia|perish3\n|-start|p1b: Incineroar|perish3\n|-start|p2b: Brute Bonnet|perish3\n|upkeep\n|turn|2\n|inactive|jecheonjo has 30 seconds left.\n|\n|t:|1737529555\n|switch|p1a: Urshifu|Urshifu, L50, M|100\/100\n|move|p2a: Scream Tail|Disable|p1b: Incineroar\n|-start|p1b: Incineroar|Disable|Taunt\n|move|p1b: Incineroar|Knock Off|p2a: Scream Tail\n|-damage|p2a: Scream Tail|33\/100\n|move|p2b: Brute Bonnet|Seed Bomb|p1a: Urshifu\n|-damage|p1a: Urshifu|61\/100\n|-damage|p2b: Brute Bonnet|91\/100|[from] item: Life Orb\n|\n|-start|p2a: Scream Tail|perish2\n|-start|p1b: Incineroar|perish2\n|-start|p2b: Brute Bonnet|perish2\n|upkeep\n|turn|3\n|\n|t:|1737529577\n|-end|p2b: Brute Bonnet|Protosynthesis|[silent]\n|switch|p2b: Groudon|Groudon, L50|100\/100\n|-weather|SunnyDay|[from] ability: Drought|[of] p2b: Groudon\n|move|p1a: Urshifu|Protect|p1a: Urshifu\n|-singleturn|p1a: Urshifu|Protect\n|move|p2a: Scream Tail|Dazzling Gleam|p1b: Incineroar|[spread] p1b\n|-activate|p1a: Urshifu|move: Protect\n|-crit|p1b: Incineroar\n|-damage|p1b: Incineroar|81\/100\n|move|p1b: Incineroar|Knock Off|p2b: Groudon\n|-damage|p2b: Groudon|72\/100\n|-enditem|p2b: Groudon|Clear Amulet|[from] move: Knock Off|[of] p1b: Incineroar\n|\n|-weather|SunnyDay|[upkeep]\n|-start|p2a: Scream Tail|perish1\n|-start|p1b: Incineroar|perish1\n|upkeep\n|turn|4\n|j| UltimoRyu\n|\n|t:|1737529602\n|-end|p2a: Scream Tail|Protosynthesis|[silent]\n|switch|p2a: Volcarona|Volcarona, L50, M|100\/100\n|-terastallize|p1b: Incineroar|Ghost\n|move|p1a: Urshifu|Sucker Punch|p2b: Groudon\n|-damage|p2b: Groudon|43\/100\n|move|p2b: Groudon|Precipice Blades|p1b: Incineroar|[spread] p1a,p1b\n|-damage|p1a: Urshifu|4\/100\n|-damage|p1b: Incineroar|44\/100\n|move|p1b: Incineroar|Parting Shot|p2b: Groudon\n|-unboost|p2b: Groudon|atk|1\n|-unboost|p2b: Groudon|spa|1\n|\n|t:|1737529613\n|switch|p1b: Palkia|Palkia, L50|100\/100|[from] Parting Shot\n|\n|-weather|SunnyDay|[upkeep]\n|upkeep\n|turn|5\n|\n|t:|1737529623\n|switch|p2a: Brute Bonnet|Brute Bonnet, L50|91\/100\n|-activate|p2a: Brute Bonnet|ability: Protosynthesis\n|-start|p2a: Brute Bonnet|protosynthesisatk\n|move|p1a: Urshifu|Wicked Blow|p2a: Brute Bonnet\n|-resisted|p2a: Brute Bonnet\n|-crit|p2a: Brute Bonnet\n|-damage|p2a: Brute Bonnet|63\/100\n|move|p2b: Groudon|Precipice Blades|p1b: Palkia|[spread] p1a,p1b\n|-damage|p1a: Urshifu|0 fnt\n|-damage|p1b: Palkia|65\/100\n|faint|p1a: Urshifu\n|move|p1b: Palkia|Trick Room|p1b: Palkia\n|-fieldstart|move: Trick Room|[of] p1b: Palkia\n|\n|-weather|SunnyDay|[upkeep]\n|upkeep\n|\n|t:|1737529635\n|switch|p1a: Ursaluna|Ursaluna, L50, F|100\/100\n|turn|6\n|\n|t:|1737529641\n|switch|p2b: Volcarona|Volcarona, L50, M|100\/100\n|move|p1a: Ursaluna|Protect|p1a: Ursaluna\n|-singleturn|p1a: Ursaluna|Protect\n|move|p1b: Palkia|Protect|p1b: Palkia\n|-singleturn|p1b: Palkia|Protect\n|move|p2a: Brute Bonnet|Spore|p1b: Palkia\n|-activate|p1b: Palkia|move: Protect\n|\n|-weather|SunnyDay|[upkeep]\n|-status|p1a: Ursaluna|brn|[from] item: Flame Orb\n|upkeep\n|turn|7\n|\n|t:|1737529654\n|move|p2a: Brute Bonnet|Protect|p2a: Brute Bonnet\n|-singleturn|p2a: Brute Bonnet|Protect\n|move|p2b: Volcarona|Protect|p2b: Volcarona\n|-singleturn|p2b: Volcarona|Protect\n|move|p1a: Ursaluna|Facade|p2a: Brute Bonnet\n|-activate|p2a: Brute Bonnet|move: Protect\n|move|p1b: Palkia|Spacial Rend|p2b: Volcarona\n|-activate|p2b: Volcarona|move: Protect\n|\n|-weather|none\n|-end|p2a: Brute Bonnet|Protosynthesis\n|-damage|p1a: Ursaluna|95\/100 brn|[from] brn\n|upkeep\n|turn|8\n|\n|t:|1737529672\n|move|p2b: Volcarona|Rage Powder|p2b: Volcarona\n|-singleturn|p2b: Volcarona|move: Rage Powder\n|move|p1a: Ursaluna|Facade|p2b: Volcarona\n|-damage|p2b: Volcarona|0 fnt\n|-damage|p1a: Ursaluna|78\/100 brn|[from] item: Rocky Helmet|[of] p2b: Volcarona\n|faint|p2b: Volcarona\n|move|p2a: Brute Bonnet|Spore|p1b: Palkia\n|-status|p1b: Palkia|slp|[from] move: Spore\n|cant|p1b: Palkia|slp\n|\n|-damage|p1a: Ursaluna|72\/100 brn|[from] brn\n|upkeep\n|\n|t:|1737529679\n|switch|p2b: Groudon|Groudon, L50|43\/100\n|-weather|SunnyDay|[from] ability: Drought|[of] p2b: Groudon\n|-activate|p2a: Brute Bonnet|ability: Protosynthesis\n|-start|p2a: Brute Bonnet|protosynthesisatk\n|turn|9\n|\n|t:|1737529692\n|switch|p1b: Incineroar|Incineroar, L50, M, tera:Ghost|44\/100\n|-ability|p1b: Incineroar|Intimidate|boost\n|-unboost|p2a: Brute Bonnet|atk|1\n|-unboost|p2b: Groudon|atk|1\n|move|p2a: Brute Bonnet|Protect|p2a: Brute Bonnet\n|-singleturn|p2a: Brute Bonnet|Protect\n|move|p2b: Groudon|Protect|p2b: Groudon\n|-singleturn|p2b: Groudon|Protect\n|move|p1a: Ursaluna|Facade|p2b: Groudon\n|-activate|p2b: Groudon|move: Protect\n|\n|-weather|SunnyDay|[upkeep]\n|-damage|p1a: Ursaluna|66\/100 brn|[from] brn\n|-fieldend|move: Trick Room\n|upkeep\n|turn|10\n|\n|t:|1737529708\n|move|p1b: Incineroar|Fake Out|p2a: Brute Bonnet\n|-damage|p2a: Brute Bonnet|55\/100\n|move|p2b: Groudon|Precipice Blades|p1b: Incineroar|[spread] p1a,p1b\n|-damage|p1a: Ursaluna|41\/100 brn\n|-damage|p1b: Incineroar|17\/100\n|cant|p2a: Brute Bonnet|flinch\n|move|p1a: Ursaluna|Facade|p2b: Groudon\n|-damage|p2b: Groudon|0 fnt\n|faint|p2b: Groudon\n|\n|-weather|SunnyDay|[upkeep]\n|-damage|p1a: Ursaluna|35\/100 brn|[from] brn\n|upkeep\n|\n|t:|1737529710\n|switch|p2b: Scream Tail|Scream Tail, L50|33\/100\n|-activate|p2b: Scream Tail|ability: Protosynthesis\n|-start|p2b: Scream Tail|protosynthesisspe\n|turn|11\n|\n|t:|1737529731\n|switch|p1a: Palkia|Palkia, L50|65\/100 slp\n|move|p2b: Scream Tail|Dazzling Gleam|p1a: Palkia|[spread] p1a,p1b\n|-supereffective|p1a: Palkia\n|-damage|p1a: Palkia|43\/100 slp\n|-damage|p1b: Incineroar|2\/100\n|move|p1b: Incineroar|Parting Shot|p2a: Brute Bonnet\n|-unboost|p2a: Brute Bonnet|atk|1\n|-unboost|p2a: Brute Bonnet|spa|1\n|\n|t:|1737529739\n|switch|p1b: Ursaluna|Ursaluna, L50, F|35\/100 brn|[from] Parting Shot\n|move|p2a: Brute Bonnet|Seed Bomb|p1a: Palkia\n|-damage|p1a: Palkia|12\/100 slp\n|-damage|p2a: Brute Bonnet|45\/100|[from] item: Life Orb\n|\n|-weather|SunnyDay|[upkeep]\n|-damage|p1b: Ursaluna|29\/100 brn|[from] brn\n|upkeep\n|turn|12\n|\n|t:|1737529749\n|switch|p1a: Incineroar|Incineroar, L50, M, tera:Ghost|2\/100\n|-ability|p1a: Incineroar|Intimidate|boost\n|-unboost|p2a: Brute Bonnet|atk|1\n|-unboost|p2b: Scream Tail|atk|1\n|move|p2b: Scream Tail|Dazzling Gleam|p1a: Incineroar|[spread] p1a,p1b\n|-damage|p1a: Incineroar|0 fnt\n|-damage|p1b: Ursaluna|15\/100 brn\n|faint|p1a: Incineroar\n|move|p2a: Brute Bonnet|Seed Bomb|p1b: Ursaluna\n|-supereffective|p1b: Ursaluna\n|-damage|p1b: Ursaluna|0 fnt\n|faint|p1b: Ursaluna\n|-damage|p2a: Brute Bonnet|35\/100|[from] item: Life Orb\n|\n|-weather|SunnyDay|[upkeep]\n|upkeep\n|-message|jecheonjo forfeited.\n|\n|win|GG=Groudon Gaming\n|raw|jecheonjo's rating: 1661 &rarr; <strong>1637<\/strong><br \/>(-24 for losing)\n|raw|GG=Groudon Gaming's rating: 1595 &rarr; <strong>1619<\/strong><br \/>(+24 for winning)\n|l|\u2606jecheonjo\n|player|p1|\n|l| UltimoRyu\n","uploadtime":1737529901,"views":45,"formatid":"gen9vgc2025regg","rating":1619,"private":0,"password":null}