{"id":"gen9vgc2025regg-2285533234","format":"[Gen 9] VGC 2025 Reg G","players":["juacox300","i\u2764\u5a1c\u7984forever"],"log":"|j|\u2606juacox300\n|j|\u2606i\u2764\u5a1c\u7984forever\n|t:|1737491888\n|gametype|doubles\n|player|p1|juacox300|unknown|1555\n|player|p2|i\u2764\u5a1c\u7984forever|youngcouple|1589\n|teamsize|p1|6\n|teamsize|p2|6\n|gen|9\n|tier|[Gen 9] VGC 2025 Reg G\n|rated|\n|rule|Species Clause: Limit one of each Pok\u00e9mon\n|rule|Item Clause: Limit 1 of each item\n|clearpoke\n|poke|p1|Iron Hands, L50|\n|poke|p1|Alcremie, L50, F|\n|poke|p1|Miraidon, L50|\n|poke|p1|Murkrow, L50, M|\n|poke|p1|Chi-Yu, L50|\n|poke|p1|Vikavolt, L50, F|\n|poke|p2|Groudon, L50|\n|poke|p2|Farigiraf, L50, M|\n|poke|p2|Urshifu-*, L50, F|\n|poke|p2|Flutter Mane, L50|\n|poke|p2|Dragonite, L50, M|\n|poke|p2|Torkoal, L50, F|\n|teampreview|4\n|inactive|Battle timer is ON: inactive players will automatically lose when time's up. (requested by i\u2764\u5a1c\u7984forever)\n|inactive|juacox300 has 60 seconds left.\n|\n|t:|1737492001\n|start\n|switch|p1a: Chi-Yu|Chi-Yu, L50|100\/100\n|switch|p1b: Murkrow|Murkrow, L50, M|100\/100\n|switch|p2a: Farigiraf|Farigiraf, L50, M|100\/100\n|switch|p2b: Flutter Mane|Flutter Mane, L50|100\/100\n|-ability|p1a: Chi-Yu|Beads of Ruin\n|turn|1\n|\n|t:|1737492017\n|move|p1b: Murkrow|Tailwind|p1b: Murkrow\n|-sidestart|p1: juacox300|move: Tailwind\n|move|p1a: Chi-Yu|Snarl|p2b: Flutter Mane|[spread] p2a,p2b\n|-supereffective|p2a: Farigiraf\n|-damage|p2a: Farigiraf|47\/100\n|-damage|p2b: Flutter Mane|73\/100\n|-unboost|p2a: Farigiraf|spa|1\n|-unboost|p2b: Flutter Mane|spa|1\n|move|p2b: Flutter Mane|Dazzling Gleam|p1b: Murkrow|[spread] p1a,p1b\n|-supereffective|p1b: Murkrow\n|-damage|p1a: Chi-Yu|61\/100\n|-damage|p1b: Murkrow|22\/100\n|move|p2a: Farigiraf|Trick Room|p2a: Farigiraf\n|-fieldstart|move: Trick Room|[of] p2a: Farigiraf\n|\n|upkeep\n|turn|2\n|\n|t:|1737492031\n|switch|p1b: Iron Hands|Iron Hands, L50|100\/100\n|move|p2a: Farigiraf|Hyper Voice|p1a: Chi-Yu|[spread] p1a,p1b\n|-damage|p1a: Chi-Yu|40\/100\n|-damage|p1b: Iron Hands|87\/100\n|move|p2b: Flutter Mane|Dazzling Gleam|p1b: Iron Hands|[spread] p1a,p1b\n|-supereffective|p1b: Iron Hands\n|-damage|p1a: Chi-Yu|1\/100\n|-damage|p1b: Iron Hands|44\/100\n|move|p1a: Chi-Yu|Snarl|p2b: Flutter Mane|[spread] p2a,p2b\n|-supereffective|p2a: Farigiraf\n|-damage|p2a: Farigiraf|0 fnt\n|-damage|p2b: Flutter Mane|43\/100\n|-unboost|p2b: Flutter Mane|spa|1\n|faint|p2a: Farigiraf\n|\n|upkeep\n|\n|t:|1737492051\n|switch|p2a: Groudon|Groudon, L50|100\/100\n|-weather|SunnyDay|[from] ability: Drought|[of] p2a: Groudon\n|-activate|p2b: Flutter Mane|ability: Protosynthesis\n|-start|p2b: Flutter Mane|protosynthesisspd\n|turn|3\n|\n|t:|1737492060\n|-end|p2b: Flutter Mane|Protosynthesis|[silent]\n|switch|p2b: Dragonite|Dragonite, L50, M|100\/100\n|-terastallize|p1b: Iron Hands|Fire\n|move|p1b: Iron Hands|Fake Out|p2a: Groudon\n|-damage|p2a: Groudon|89\/100\n|cant|p2a: Groudon|flinch\n|move|p1a: Chi-Yu|Snarl|p2a: Groudon|[spread] p2a,p2b\n|-damage|p2a: Groudon|69\/100\n|-damage|p2b: Dragonite|86\/100\n|-unboost|p2a: Groudon|spa|1\n|-unboost|p2b: Dragonite|spa|1\n|\n|-weather|SunnyDay|[upkeep]\n|upkeep\n|turn|4\n|\n|t:|1737492083\n|-end|p1b: Iron Hands|Quark Drive|[silent]\n|switch|p1b: Murkrow|Murkrow, L50, M|22\/100\n|move|p2b: Dragonite|Extreme Speed|p1b: Murkrow\n|-damage|p1b: Murkrow|0 fnt\n|faint|p1b: Murkrow\n|move|p2a: Groudon|Precipice Blades|p1a: Chi-Yu\n|-supereffective|p1a: Chi-Yu\n|-damage|p1a: Chi-Yu|0 fnt\n|faint|p1a: Chi-Yu\n|\n|-weather|SunnyDay|[upkeep]\n|-sideend|p1: juacox300|move: Tailwind\n|upkeep\n|\n|t:|1737492089\n|switch|p1b: Iron Hands|Iron Hands, L50, tera:Fire|44\/100\n|switch|p1a: Miraidon|Miraidon, L50|100\/100\n|-fieldstart|move: Electric Terrain|[from] ability: Hadron Engine|[of] p1a: Miraidon\n|-activate|p1b: Iron Hands|ability: Quark Drive\n|-start|p1b: Iron Hands|quarkdriveatk\n|turn|5\n|\n|t:|1737492098\n|switch|p2b: Flutter Mane|Flutter Mane, L50|43\/100\n|-activate|p2b: Flutter Mane|ability: Protosynthesis\n|-start|p2b: Flutter Mane|protosynthesisspa\n|move|p1b: Iron Hands|Fake Out|p2a: Groudon\n|-damage|p2a: Groudon|57\/100\n|cant|p2a: Groudon|flinch\n|move|p1a: Miraidon|Dazzling Gleam|p2b: Flutter Mane|[spread] p2a,p2b\n|-crit|p2a: Groudon\n|-damage|p2a: Groudon|26\/100\n|-damage|p2b: Flutter Mane|9\/100\n|-damage|p1a: Miraidon|91\/100|[from] item: Life Orb\n|\n|-weather|SunnyDay|[upkeep]\n|-fieldend|move: Trick Room\n|upkeep\n|turn|6\n|\n|t:|1737492119\n|-terastallize|p2a: Groudon|Fire\n|move|p1a: Miraidon|Dazzling Gleam|p2a: Groudon|[spread] p2a,p2b\n|-resisted|p2a: Groudon\n|-damage|p2a: Groudon|15\/100\n|-damage|p2b: Flutter Mane|0 fnt\n|faint|p2b: Flutter Mane\n|-end|p2b: Flutter Mane|Protosynthesis|[silent]\n|-damage|p1a: Miraidon|81\/100|[from] item: Life Orb\n|move|p2a: Groudon|Precipice Blades|p1a: Miraidon|[spread] p1a,p1b\n|-supereffective|p1a: Miraidon\n|-supereffective|p1b: Iron Hands\n|-damage|p1a: Miraidon|0 fnt\n|-damage|p1b: Iron Hands|0 fnt\n|faint|p1a: Miraidon\n|faint|p1b: Iron Hands\n|-end|p1b: Iron Hands|Quark Drive|[silent]\n|\n|win|i\u2764\u5a1c\u7984forever\n|raw|juacox300's rating: 1555 &rarr; <strong>1537<\/strong><br \/>(-18 for losing)\n|raw|i\u2764\u5a1c\u7984forever's rating: 1589 &rarr; <strong>1607<\/strong><br \/>(+18 for winning)\n","uploadtime":1737492125,"views":50,"formatid":"gen9vgc2025regg","rating":1537,"private":0,"password":null}