{"id":"gen9vgc2025regg-2285360009","format":"[Gen 9] VGC 2025 Reg G","players":["Acblade","googer315"],"log":"|j|\u2606Acblade\n|j|\u2606googer315\n|t:|1737474837\n|gametype|doubles\n|player|p1|Acblade|lucas|1655\n|player|p2|googer315|102|1689\n|teamsize|p1|6\n|teamsize|p2|6\n|gen|9\n|tier|[Gen 9] VGC 2025 Reg G\n|rated|\n|rule|Species Clause: Limit one of each Pok\u00e9mon\n|rule|Item Clause: Limit 1 of each item\n|clearpoke\n|poke|p1|Tornadus, L50, M|\n|poke|p1|Chi-Yu, L50|\n|poke|p1|Flutter Mane, L50|\n|poke|p1|Koraidon, L50|\n|poke|p1|Raging Bolt, L50|\n|poke|p1|Farigiraf, L50, F|\n|poke|p2|Calyrex-Ice, L50|\n|poke|p2|Ting-Lu, L50|\n|poke|p2|Dondozo, L50, F|\n|poke|p2|Urshifu-*, L50, F|\n|poke|p2|Ogerpon-Hearthflame, L50, F|\n|poke|p2|Rillaboom, L50, F|\n|teampreview|4\n|inactive|Battle timer is ON: inactive players will automatically lose when time's up. (requested by googer315)\n|\n|t:|1737474846\n|start\n|switch|p1a: Farigiraf|Farigiraf, L50, F|100\/100\n|switch|p1b: Koraidon|Koraidon, L50|100\/100\n|switch|p2a: Dondozo|Dondozo, L50, F|100\/100\n|switch|p2b: Ting-Lu|Ting-Lu, L50|100\/100\n|-weather|SunnyDay|[from] ability: Orichalcum Pulse|[of] p1b: Koraidon\n|-activate|p1b: Koraidon|Orichalcum Pulse|[source]\n|-ability|p2b: Ting-Lu|Vessel of Ruin\n|turn|1\n|\n|t:|1737474861\n|-terastallize|p2b: Ting-Lu|Poison\n|move|p1b: Koraidon|Collision Course|p2b: Ting-Lu\n|-resisted|p2b: Ting-Lu\n|-crit|p2b: Ting-Lu\n|-damage|p2b: Ting-Lu|61\/100\n|move|p1a: Farigiraf|Imprison|p1a: Farigiraf\n|-start|p1a: Farigiraf|move: Imprison\n|move|p2b: Ting-Lu|Sand Tomb|p1b: Koraidon\n|-damage|p1b: Koraidon|88\/100\n|-activate|p1b: Koraidon|move: Sand Tomb|[of] p2b: Ting-Lu\n|move|p2a: Dondozo|Yawn|p1b: Koraidon\n|-start|p1b: Koraidon|move: Yawn|[of] p2a: Dondozo\n|\n|-weather|SunnyDay|[upkeep]\n|-heal|p2b: Ting-Lu|67\/100|[from] item: Leftovers\n|-damage|p1b: Koraidon|76\/100|[from] move: Sand Tomb|[partiallytrapped]\n|upkeep\n|turn|2\n|j| Mega Delibird X\n|\n|t:|1737474882\n|move|p1b: Koraidon|Collision Course|p2a: Dondozo\n|-damage|p2a: Dondozo|45\/100\n|-enditem|p2a: Dondozo|Sitrus Berry|[eat]\n|-heal|p2a: Dondozo|70\/100|[from] item: Sitrus Berry\n|move|p1a: Farigiraf|Psychic|p2b: Ting-Lu\n|-supereffective|p2b: Ting-Lu\n|-damage|p2b: Ting-Lu|31\/100\n|move|p2b: Ting-Lu|Sand Tomb|p1a: Farigiraf\n|-damage|p1a: Farigiraf|90\/100\n|-activate|p1a: Farigiraf|move: Sand Tomb|[of] p2b: Ting-Lu\n|move|p2a: Dondozo|Yawn|p1a: Farigiraf\n|-start|p1a: Farigiraf|move: Yawn|[of] p2a: Dondozo\n|\n|-weather|SunnyDay|[upkeep]\n|-heal|p2b: Ting-Lu|37\/100|[from] item: Leftovers\n|-damage|p1b: Koraidon|64\/100|[from] move: Sand Tomb|[partiallytrapped]\n|-damage|p1a: Farigiraf|78\/100|[from] move: Sand Tomb|[partiallytrapped]\n|-end|p1b: Koraidon|move: Yawn|[silent]\n|-status|p1b: Koraidon|slp\n|upkeep\n|turn|3\n|inactive|googer315 has 30 seconds left.\n|\n|t:|1737474910\n|switch|p2b: Calyrex|Calyrex-Ice, L50|100\/100\n|-ability|p2b: Calyrex|As One\n|-ability|p2b: Calyrex|Unnerve\n|cant|p1b: Koraidon|slp\n|move|p1a: Farigiraf|Psychic|p2b: Calyrex\n|-resisted|p2b: Calyrex\n|-damage|p2b: Calyrex|90\/100\n|move|p2a: Dondozo|Wave Crash|p1a: Farigiraf\n|-damage|p1a: Farigiraf|63\/100\n|-damage|p2a: Dondozo|54\/100|[from] item: Rocky Helmet|[of] p1a: Farigiraf\n|-damage|p2a: Dondozo|50\/100|[from] Recoil\n|\n|-weather|SunnyDay|[upkeep]\n|-end|p1b: Koraidon|Sand Tomb|[partiallytrapped]|[silent]\n|-end|p1a: Farigiraf|Sand Tomb|[partiallytrapped]|[silent]\n|-end|p1a: Farigiraf|move: Yawn|[silent]\n|-status|p1a: Farigiraf|slp\n|upkeep\n|turn|4\n|inactive|googer315 has 30 seconds left.\n|inactive|googer315 has 20 seconds left.\n|inactive|googer315 has 15 seconds left.\n|\n|t:|1737474953\n|switch|p2a: Ogerpon|Ogerpon-Hearthflame, L50, F|100\/100\n|-ability|p2a: Ogerpon|Mold Breaker\n|-terastallize|p1b: Koraidon|Fire\n|cant|p1b: Koraidon|slp\n|cant|p1a: Farigiraf|slp\n|move|p2b: Calyrex|Glacial Lance|p1a: Farigiraf|[spread] p1a,p1b\n|-resisted|p1b: Koraidon\n|-damage|p1a: Farigiraf|23\/100 slp\n|-damage|p1b: Koraidon|38\/100 slp\n|\n|-weather|SunnyDay|[upkeep]\n|upkeep\n|turn|5\n|\n|t:|1737474969\n|cant|p1a: Farigiraf|slp\n|-curestatus|p1b: Koraidon|slp|[msg]\n|move|p1b: Koraidon|Collision Course|p2a: Ogerpon\n|-damage|p2a: Ogerpon|0 fnt\n|faint|p2a: Ogerpon\n|move|p2b: Calyrex|Glacial Lance|p1b: Koraidon|[spread] p1a,p1b\n|-resisted|p1b: Koraidon\n|-damage|p1a: Farigiraf|0 fnt\n|-damage|p1b: Koraidon|11\/100\n|faint|p1a: Farigiraf\n|-ability|p2b: Calyrex|Chilling Neigh|boost\n|-boost|p2b: Calyrex|atk|1\n|\n|-weather|none\n|upkeep\n|\n|t:|1737474985\n|switch|p2a: Ting-Lu|Ting-Lu, L50, tera:Poison|37\/100\n|switch|p1a: Chi-Yu|Chi-Yu, L50|100\/100\n|-ability|p1a: Chi-Yu|Beads of Ruin\n|-ability|p2a: Ting-Lu|Vessel of Ruin\n|turn|6\n|\n|t:|1737475002\n|move|p2b: Calyrex|Protect|p2b: Calyrex\n|-singleturn|p2b: Calyrex|Protect\n|move|p2a: Ting-Lu|Protect|p2a: Ting-Lu\n|-singleturn|p2a: Ting-Lu|Protect\n|move|p1a: Chi-Yu|Heat Wave|p2b: Calyrex|[spread] \n|-activate|p2a: Ting-Lu|move: Protect\n|-activate|p2b: Calyrex|move: Protect\n|move|p1b: Koraidon|Collision Course|p2a: Ting-Lu\n|-activate|p2a: Ting-Lu|move: Protect\n|\n|-heal|p2a: Ting-Lu|44\/100|[from] item: Leftovers\n|upkeep\n|turn|7\n|\n|t:|1737475018\n|move|p1a: Chi-Yu|Heat Wave|p2a: Ting-Lu|[spread] p2a\n|-miss|p1a: Chi-Yu|p2b: Calyrex\n|-damage|p2a: Ting-Lu|15\/100\n|move|p1b: Koraidon|Collision Course|p2a: Ting-Lu\n|-resisted|p2a: Ting-Lu\n|-damage|p2a: Ting-Lu|0 fnt\n|faint|p2a: Ting-Lu\n|move|p2b: Calyrex|Trick Room|p2b: Calyrex\n|-fieldstart|move: Trick Room|[of] p2b: Calyrex\n|\n|upkeep\n|\n|t:|1737475027\n|switch|p2a: Dondozo|Dondozo, L50, F|50\/100\n|turn|8\n|-message|Acblade forfeited.\n|\n|win|googer315\n|raw|Acblade's rating: 1655 &rarr; <strong>1637<\/strong><br \/>(-18 for losing)\n|raw|googer315's rating: 1689 &rarr; <strong>1707<\/strong><br \/>(+18 for winning)\n|l|\u2606Acblade\n|player|p1|\n|l| Mega Delibird X\n|l|\u2606googer315\n|player|p2|\n","uploadtime":1737475063,"views":24,"formatid":"gen9vgc2025regg","rating":1637,"private":0,"password":null}