{"id":"gen9vgc2025regg-2285356556","format":"[Gen 9] VGC 2025 Reg G","players":["PritzShow","longhq"],"log":"|j|\u2606PritzShow\n|j|\u203dlonghq\n|t:|1737474494\n|gametype|doubles\n|player|p1|PritzShow|1|1533\n|player|p2|longhq|dawn|1595\n|teamsize|p1|6\n|teamsize|p2|6\n|gen|9\n|tier|[Gen 9] VGC 2025 Reg G\n|rated|\n|rule|Species Clause: Limit one of each Pok\u00e9mon\n|rule|Item Clause: Limit 1 of each item\n|clearpoke\n|poke|p1|Zamazenta-*, L50|\n|poke|p1|Pelipper, L50, M|\n|poke|p1|Urshifu-*, L50, M|\n|poke|p1|Incineroar, L50, M|\n|poke|p1|Raging Bolt, L50|\n|poke|p1|Rillaboom, L50, M|\n|poke|p2|Miraidon, L50|\n|poke|p2|Iron Hands, L50|\n|poke|p2|Smeargle, L50, F|\n|poke|p2|Tornadus, L50, M|\n|poke|p2|Ogerpon-Hearthflame, L50, F|\n|poke|p2|Incineroar, L50, M|\n|teampreview|4\n|inactive|Battle timer is ON: inactive players will automatically lose when time's up. (requested by PritzShow)\n|inactive|PritzShow has 60 seconds left.\n|inactive|longhq has 60 seconds left.\n|\n|t:|1737474543\n|start\n|switch|p1a: Rillaboom|Rillaboom, L50, M|100\/100\n|switch|p1b: Incineroar|Incineroar, L50, M|100\/100\n|switch|p2a: Smeargle|Smeargle, L50, F|100\/100\n|switch|p2b: Incineroar|Incineroar, L50, M|100\/100\n|-fieldstart|move: Grassy Terrain|[from] ability: Grassy Surge|[of] p1a: Rillaboom\n|-ability|p2b: Incineroar|Intimidate|boost\n|-unboost|p1a: Rillaboom|atk|1\n|-unboost|p1b: Incineroar|atk|1\n|-ability|p1b: Incineroar|Intimidate|boost\n|-unboost|p2a: Smeargle|atk|1\n|-unboost|p2b: Incineroar|atk|1\n|turn|1\n|inactive|longhq has 30 seconds left.\n|\n|t:|1737474573\n|-terastallize|p2a: Smeargle|Ghost\n|move|p1a: Rillaboom|Fake Out|p2b: Incineroar\n|-damage|p2b: Incineroar|91\/100\n|-damage|p1a: Rillaboom|84\/100|[from] item: Rocky Helmet|[of] p2b: Incineroar\n|move|p2a: Smeargle|Decorate|p2b: Incineroar\n|-boost|p2b: Incineroar|atk|2\n|-boost|p2b: Incineroar|spa|2\n|cant|p2b: Incineroar|flinch\n|move|p1b: Incineroar|Knock Off|p2a: Smeargle\n|-supereffective|p2a: Smeargle\n|-enditem|p2a: Smeargle|Focus Sash\n|-damage|p2a: Smeargle|1\/100\n|\n|-heal|p2a: Smeargle|7\/100|[from] Grassy Terrain\n|-heal|p1a: Rillaboom|90\/100|[from] Grassy Terrain\n|-heal|p2b: Incineroar|97\/100|[from] Grassy Terrain\n|-ability|p2a: Smeargle|Moody|boost\n|-boost|p2a: Smeargle|spa|2\n|-unboost|p2a: Smeargle|def|1\n|upkeep\n|turn|2\n|inactive|longhq has 30 seconds left.\n|\n|t:|1737474601\n|switch|p2a: Iron Hands|Iron Hands, L50|100\/100\n|move|p2b: Incineroar|Flare Blitz|p1a: Rillaboom\n|-supereffective|p1a: Rillaboom\n|-damage|p1a: Rillaboom|0 fnt\n|faint|p1a: Rillaboom\n|-damage|p2b: Incineroar|67\/100|[from] Recoil\n|move|p1b: Incineroar|Parting Shot|p2b: Incineroar\n|-unboost|p2b: Incineroar|atk|1\n|-unboost|p2b: Incineroar|spa|1\n|c|\u2606PritzShow|oh lmao it IS a speed tie\n|c|\u2606PritzShow|damn after terrain triggered first i thought i was good\n|\n|t:|1737474621\n|switch|p1b: Zamazenta|Zamazenta-Crowned, L50|100\/100|[from] Parting Shot\n|-ability|p1b: Zamazenta|Dauntless Shield|boost\n|-boost|p1b: Zamazenta|def|1\n|\n|-heal|p2b: Incineroar|73\/100|[from] Grassy Terrain\n|upkeep\n|\n|t:|1737474622\n|switch|p1a: Incineroar|Incineroar, L50, M|100\/100\n|-ability|p1a: Incineroar|Intimidate|boost\n|-unboost|p2a: Iron Hands|atk|1\n|-unboost|p2b: Incineroar|atk|1\n|turn|3\n|\n|t:|1737474645\n|switch|p2b: Smeargle|Smeargle, L50, F, tera:Ghost|7\/100\n|move|p1a: Incineroar|Fake Out|p2a: Iron Hands\n|-damage|p2a: Iron Hands|92\/100\n|cant|p2a: Iron Hands|flinch\n|move|p1b: Zamazenta|Iron Defense|p1b: Zamazenta\n|-boost|p1b: Zamazenta|def|2\n|\n|-heal|p2b: Smeargle|13\/100|[from] Grassy Terrain\n|-heal|p2a: Iron Hands|98\/100|[from] Grassy Terrain\n|-ability|p2b: Smeargle|Moody|boost\n|-boost|p2b: Smeargle|spd|2\n|-unboost|p2b: Smeargle|spe|1\n|upkeep\n|turn|4\n|inactive|longhq has 30 seconds left.\n|inactive|longhq has 20 seconds left.\n|\n|t:|1737474683\n|move|p2b: Smeargle|Follow Me|p2b: Smeargle\n|-singleturn|p2b: Smeargle|move: Follow Me\n|move|p1b: Zamazenta|Heavy Slam|p2b: Smeargle\n|-damage|p2b: Smeargle|0 fnt\n|faint|p2b: Smeargle\n|move|p1a: Incineroar|Will-O-Wisp|p2a: Iron Hands\n|-status|p2a: Iron Hands|brn\n|move|p2a: Iron Hands|Drain Punch|p1a: Incineroar\n|-supereffective|p1a: Incineroar\n|-damage|p1a: Incineroar|72\/100\n|-heal|p2a: Iron Hands|100\/100 brn|[from] drain|[of] p1a: Incineroar\n|\n|-heal|p1a: Incineroar|78\/100|[from] Grassy Terrain\n|-damage|p2a: Iron Hands|94\/100 brn|[from] brn\n|upkeep\n|\n|t:|1737474694\n|switch|p2b: Miraidon|Miraidon, L50|100\/100\n|-fieldstart|move: Electric Terrain|[from] ability: Hadron Engine|[of] p2b: Miraidon\n|-activate|p2a: Iron Hands|ability: Quark Drive\n|-start|p2a: Iron Hands|quarkdriveatk\n|turn|5\n|\n|t:|1737474705\n|-end|p2a: Iron Hands|Quark Drive|[silent]\n|switch|p2a: Incineroar|Incineroar, L50, M|73\/100\n|-ability|p2a: Incineroar|Intimidate|boost\n|-unboost|p1a: Incineroar|atk|1\n|-unboost|p1b: Zamazenta|atk|1\n|move|p1b: Zamazenta|Protect|p1b: Zamazenta\n|-singleturn|p1b: Zamazenta|Protect\n|move|p2b: Miraidon|Volt Switch|p1a: Incineroar\n|-damage|p1a: Incineroar|0 fnt\n|faint|p1a: Incineroar\n|\n|t:|1737474712\n|switch|p2b: Iron Hands|Iron Hands, L50|94\/100 brn|[from] Volt Switch\n|-activate|p2b: Iron Hands|ability: Quark Drive\n|-start|p2b: Iron Hands|quarkdriveatk\n|\n|-damage|p2b: Iron Hands|88\/100 brn|[from] brn\n|upkeep\n|\n|t:|1737474714\n|switch|p1a: Pelipper|Pelipper, L50, M|100\/100\n|-weather|RainDance|[from] ability: Drizzle|[of] p1a: Pelipper\n|turn|6\n|\n|t:|1737474729\n|-terastallize|p1a: Pelipper|Ghost\n|move|p2a: Incineroar|Fake Out|p1b: Zamazenta\n|-resisted|p1b: Zamazenta\n|-damage|p1b: Zamazenta|99\/100\n|cant|p1b: Zamazenta|flinch\n|move|p1a: Pelipper|Tailwind|p1a: Pelipper\n|-sidestart|p1: PritzShow|move: Tailwind\n|move|p2b: Iron Hands|Wild Charge|p1a: Pelipper\n|-damage|p1a: Pelipper|37\/100\n|-damage|p2b: Iron Hands|79\/100 brn|[from] Recoil\n|\n|-weather|RainDance|[upkeep]\n|-damage|p2b: Iron Hands|73\/100 brn|[from] brn\n|upkeep\n|turn|7\n|inactive|longhq has 30 seconds left.\n|\n|t:|1737474759\n|move|p1b: Zamazenta|Iron Defense|p1b: Zamazenta\n|-boost|p1b: Zamazenta|def|2\n|move|p1a: Pelipper|Weather Ball|p2a: Incineroar\n|-supereffective|p2a: Incineroar\n|-damage|p2a: Incineroar|0 fnt\n|faint|p2a: Incineroar\n|move|p2b: Iron Hands|Wild Charge|p1a: Pelipper\n|-damage|p1a: Pelipper|0 fnt\n|faint|p1a: Pelipper\n|-damage|p2b: Iron Hands|68\/100 brn|[from] Recoil\n|\n|-weather|RainDance|[upkeep]\n|-damage|p2b: Iron Hands|61\/100 brn|[from] brn\n|upkeep\n|\n|t:|1737474765\n|switch|p2a: Miraidon|Miraidon, L50|100\/100\n|-activate|p2a: Miraidon|ability: Hadron Engine\n|turn|8\n|\n|t:|1737474776\n|move|p1b: Zamazenta|Body Press|p2a: Miraidon\n|-damage|p2a: Miraidon|0 fnt\n|faint|p2a: Miraidon\n|move|p2b: Iron Hands|Low Kick|p1b: Zamazenta\n|-supereffective|p1b: Zamazenta\n|-damage|p1b: Zamazenta|83\/100\n|\n|-weather|RainDance|[upkeep]\n|-damage|p2b: Iron Hands|55\/100 brn|[from] brn\n|upkeep\n|turn|9\n|-message|longhq forfeited.\n|\n|win|PritzShow\n|raw|PritzShow's rating: 1533 &rarr; <strong>1557<\/strong><br \/>(+24 for winning)\n|raw|longhq's rating: 1595 &rarr; <strong>1571<\/strong><br \/>(-24 for losing)\n|l|\u203dlonghq\n|player|p2|\n|c|\u2606PritzShow|gg\n|l|\u2606PritzShow\n|player|p1|\n","uploadtime":1737475026,"views":5,"formatid":"gen9vgc2025regg","rating":1557,"private":0,"password":null}