{"id":"gen9vgc2025regg-2285960410","format":"[Gen 9] VGC 2025 Reg G","players":["Irishtesting4","Zoenna55"],"log":"|j|\u2606Irishtesting4\n|j|\u2606Zoenna55\n|t:|1737553136\n|gametype|doubles\n|player|p1|Irishtesting4|265|1557\n|player|p2|Zoenna55|marley|1546\n|teamsize|p1|6\n|teamsize|p2|6\n|gen|9\n|tier|[Gen 9] VGC 2025 Reg G\n|rated|\n|rule|Species Clause: Limit one of each Pok\u00e9mon\n|rule|Item Clause: Limit 1 of each item\n|clearpoke\n|poke|p1|Calyrex-Ice, L50|\n|poke|p1|Raging Bolt, L50|\n|poke|p1|Flutter Mane, L50|\n|poke|p1|Urshifu-*, L50, M|\n|poke|p1|Chi-Yu, L50|\n|poke|p1|Ogerpon-Cornerstone, L50, F|\n|poke|p2|Tornadus, L50, M|\n|poke|p2|Urshifu-*, L50, F|\n|poke|p2|Incineroar, L50, F|\n|poke|p2|Kyogre, L50|\n|poke|p2|Tsareena, L50, F|\n|poke|p2|Annihilape, L50, F|\n|teampreview|4\n|inactive|Battle timer is ON: inactive players will automatically lose when time's up. (requested by Zoenna55)\n|inactive|Irishtesting4 has 60 seconds left.\n|inactive|Zoenna55 has 60 seconds left.\n|\n|t:|1737553184\n|start\n|switch|p1a: Flutter Mane|Flutter Mane, L50|100\/100\n|switch|p1b: Raging Bolt|Raging Bolt, L50|100\/100\n|switch|p2a: Kyogre|Kyogre, L50|100\/100\n|switch|p2b: Incineroar|Incineroar, L50, F|100\/100\n|-weather|RainDance|[from] ability: Drizzle|[of] p2a: Kyogre\n|-ability|p2b: Incineroar|Intimidate|boost\n|-unboost|p1a: Flutter Mane|atk|1\n|-unboost|p1b: Raging Bolt|atk|1\n|-enditem|p1a: Flutter Mane|Booster Energy\n|-activate|p1a: Flutter Mane|ability: Protosynthesis|[fromitem]\n|-start|p1a: Flutter Mane|protosynthesisspe\n|turn|1\n|\n|t:|1737553207\n|move|p2a: Kyogre|Protect|p2a: Kyogre\n|-singleturn|p2a: Kyogre|Protect\n|move|p1b: Raging Bolt|Protect|p1b: Raging Bolt\n|-singleturn|p1b: Raging Bolt|Protect\n|move|p1a: Flutter Mane|Moonblast|p2a: Kyogre\n|-activate|p2a: Kyogre|move: Protect\n|move|p2b: Incineroar|Parting Shot|p1b: Raging Bolt\n|-activate|p1b: Raging Bolt|move: Protect\n|\n|-weather|RainDance|[upkeep]\n|upkeep\n|turn|2\n|\n|t:|1737553229\n|switch|p2a: Annihilape|Annihilape, L50, F|100\/100\n|move|p1a: Flutter Mane|Icy Wind|p2a: Annihilape|[spread] p2a,p2b\n|-resisted|p2b: Incineroar\n|-damage|p2a: Annihilape|93\/100\n|-damage|p2b: Incineroar|95\/100\n|-unboost|p2a: Annihilape|spe|1\n|-ability|p2a: Annihilape|Defiant|boost\n|-boost|p2a: Annihilape|atk|2\n|-unboost|p2b: Incineroar|spe|1\n|move|p1b: Raging Bolt|Draco Meteor|p2a: Annihilape\n|-damage|p2a: Annihilape|35\/100\n|-unboost|p1b: Raging Bolt|spa|2\n|-damage|p1b: Raging Bolt|91\/100|[from] item: Life Orb\n|move|p2b: Incineroar|Parting Shot|p1b: Raging Bolt\n|-unboost|p1b: Raging Bolt|atk|1\n|-unboost|p1b: Raging Bolt|spa|1\n|inactive|Zoenna55 has 30 seconds left.\n|\n|t:|1737553256\n|switch|p2b: Tornadus|Tornadus, L50, M|100\/100|[from] Parting Shot\n|\n|-weather|RainDance|[upkeep]\n|upkeep\n|turn|3\n|inactive|Irishtesting4 has 30 seconds left.\n|j| mpudi\n|inactive|Irishtesting4 has 20 seconds left.\n|inactive|Irishtesting4 has 15 seconds left.\n|\n|t:|1737553297\n|switch|p2a: Incineroar|Incineroar, L50, F|95\/100\n|-ability|p2a: Incineroar|Intimidate|boost\n|-unboost|p1a: Flutter Mane|atk|1\n|-unboost|p1b: Raging Bolt|atk|1\n|move|p1a: Flutter Mane|Moonblast|p2a: Incineroar\n|-damage|p2a: Incineroar|58\/100\n|-unboost|p2a: Incineroar|spa|1\n|move|p2b: Tornadus|Bleakwind Storm|p1a: Flutter Mane|[spread] p1a,p1b\n|-resisted|p1b: Raging Bolt\n|-damage|p1a: Flutter Mane|75\/100\n|-damage|p1b: Raging Bolt|78\/100\n|-unboost|p1b: Raging Bolt|spe|1\n|move|p1b: Raging Bolt|Thunderbolt|p2b: Tornadus\n|-supereffective|p2b: Tornadus\n|-damage|p2b: Tornadus|40\/100\n|-damage|p1b: Raging Bolt|68\/100|[from] item: Life Orb\n|\n|-weather|RainDance|[upkeep]\n|upkeep\n|turn|4\n|j| pepperrefrigerator\n|inactive|Irishtesting4 has 30 seconds left.\n|inactive|Zoenna55 has 30 seconds left.\n|inactive|Irishtesting4 has 20 seconds left.\n|inactive|Irishtesting4 has 15 seconds left.\n|inactive|Irishtesting4 has 10 seconds left.\n|\n|t:|1737553343\n|-end|p1b: Raging Bolt|Protosynthesis|[silent]\n|switch|p1b: Calyrex|Calyrex-Ice, L50|100\/100\n|-ability|p1b: Calyrex|As One\n|-ability|p1b: Calyrex|Unnerve\n|move|p2b: Tornadus|Tailwind|p2b: Tornadus\n|-sidestart|p2: Zoenna55|move: Tailwind\n|move|p1a: Flutter Mane|Moonblast|p2a: Incineroar\n|-damage|p2a: Incineroar|21\/100\n|move|p2a: Incineroar|Parting Shot|p1a: Flutter Mane\n|-unboost|p1a: Flutter Mane|atk|1\n|-unboost|p1a: Flutter Mane|spa|1\n|\n|t:|1737553357\n|switch|p2a: Kyogre|Kyogre, L50|100\/100|[from] Parting Shot\n|\n|-weather|RainDance|[upkeep]\n|upkeep\n|turn|5\n|inactive|Irishtesting4 has 30 seconds left.\n|\n|t:|1737553384\n|move|p2b: Tornadus|Taunt|p1b: Calyrex\n|-start|p1b: Calyrex|move: Taunt\n|move|p2a: Kyogre|Water Spout|p1a: Flutter Mane|[spread] p1a,p1b\n|-damage|p1a: Flutter Mane|0 fnt\n|-damage|p1b: Calyrex|17\/100\n|faint|p1a: Flutter Mane\n|-end|p1a: Flutter Mane|Protosynthesis|[silent]\n|cant|p1b: Calyrex|move: Taunt|Trick Room\n|\n|-weather|none\n|upkeep\n|\n|t:|1737553392\n|switch|p1a: Raging Bolt|Raging Bolt, L50|68\/100\n|turn|6\n|\n|t:|1737553408\n|switch|p2b: Incineroar|Incineroar, L50, F|21\/100\n|-ability|p2b: Incineroar|Intimidate|boost\n|-unboost|p1a: Raging Bolt|atk|1\n|-fail|p1b: Calyrex|unboost|[from] item: Clear Amulet|[of] p1b: Calyrex\n|switch|p1b: Urshifu|Urshifu, L50, M|100\/100\n|-terastallize|p2a: Kyogre|Grass\n|move|p2a: Kyogre|Water Spout|p1a: Raging Bolt|[spread] p1a,p1b\n|-resisted|p1a: Raging Bolt\n|-damage|p1a: Raging Bolt|33\/100\n|-enditem|p1b: Urshifu|Focus Sash\n|-damage|p1b: Urshifu|1\/100\n|move|p1a: Raging Bolt|Thunderbolt|p2a: Kyogre\n|-resisted|p2a: Kyogre\n|-damage|p2a: Kyogre|74\/100\n|-damage|p1a: Raging Bolt|24\/100|[from] item: Life Orb\n|\n|upkeep\n|turn|7\n|inactive|Zoenna55 has 30 seconds left.\n|\n|t:|1737553440\n|switch|p2a: Tornadus|Tornadus, L50, M|40\/100\n|move|p1b: Urshifu|Detect|p1b: Urshifu\n|-singleturn|p1b: Urshifu|Protect\n|move|p1a: Raging Bolt|Protect|p1a: Raging Bolt\n|-singleturn|p1a: Raging Bolt|Protect\n|move|p2b: Incineroar|Fake Out|p1a: Raging Bolt\n|-activate|p1a: Raging Bolt|move: Protect\n|\n|-sideend|p2: Zoenna55|move: Tailwind\n|upkeep\n|turn|8\n|inactive|Irishtesting4 has 30 seconds left.\n|inactive|Irishtesting4 has 20 seconds left.\n|inactive|Irishtesting4 has 15 seconds left.\n|inactive|Irishtesting4 has 10 seconds left.\n|inactive|Irishtesting4 has 5 seconds left.\n|\n|t:|1737553491\n|move|p2a: Tornadus|Tailwind|p2a: Tornadus\n|-sidestart|p2: Zoenna55|move: Tailwind\n|move|p1a: Raging Bolt|Thunderclap||[still]\n|-fail|p1a: Raging Bolt\n|move|p2b: Incineroar|Knock Off|p1b: Urshifu\n|-resisted|p1b: Urshifu\n|-damage|p1b: Urshifu|0 fnt\n|faint|p1b: Urshifu\n|\n|upkeep\n|j| Oscar Norris\n|\n|t:|1737553497\n|switch|p1b: Calyrex|Calyrex-Ice, L50|17\/100\n|-ability|p1b: Calyrex|As One\n|-ability|p1b: Calyrex|Unnerve\n|turn|9\n|\n|t:|1737553518\n|move|p2a: Tornadus|Taunt|p1b: Calyrex\n|-start|p1b: Calyrex|move: Taunt\n|move|p1a: Raging Bolt|Thunderclap|p2b: Incineroar\n|-damage|p2b: Incineroar|0 fnt\n|faint|p2b: Incineroar\n|-damage|p1a: Raging Bolt|14\/100|[from] item: Life Orb\n|move|p1b: Calyrex|Glacial Lance|p2a: Tornadus\n|-supereffective|p2a: Tornadus\n|-damage|p2a: Tornadus|0 fnt\n|faint|p2a: Tornadus\n|-ability|p1b: Calyrex|Chilling Neigh|boost\n|-boost|p1b: Calyrex|atk|1\n|\n|upkeep\n|\n|t:|1737553526\n|switch|p2a: Annihilape|Annihilape, L50, F|35\/100\n|switch|p2b: Kyogre|Kyogre, L50, tera:Grass|74\/100\n|-weather|RainDance|[from] ability: Drizzle|[of] p2b: Kyogre\n|turn|10\n|\n|t:|1737553540\n|move|p1a: Raging Bolt|Thunderclap|p2a: Annihilape\n|-damage|p2a: Annihilape|0 fnt\n|faint|p2a: Annihilape\n|-damage|p1a: Raging Bolt|4\/100|[from] item: Life Orb\n|move|p2b: Kyogre|Water Spout|p1a: Raging Bolt|[spread] p1a,p1b\n|-resisted|p1a: Raging Bolt\n|-damage|p1a: Raging Bolt|0 fnt\n|-damage|p1b: Calyrex|0 fnt\n|faint|p1a: Raging Bolt\n|-end|p1a: Raging Bolt|Protosynthesis|[silent]\n|faint|p1b: Calyrex\n|\n|win|Zoenna55\n|raw|Irishtesting4's rating: 1557 &rarr; <strong>1536<\/strong><br \/>(-21 for losing)\n|raw|Zoenna55's rating: 1546 &rarr; <strong>1567<\/strong><br \/>(+21 for winning)\n|l|\u2606Irishtesting4\n|player|p1|\n|l| mpudi\n|l|\u2606Zoenna55\n|player|p2|\n","uploadtime":1737553714,"views":7,"formatid":"gen9vgc2025regg","rating":1536,"private":0,"password":null}