{"id":"gen9vgc2025regg-2285877396","format":"[Gen 9] VGC 2025 Reg G","players":["epigrlozvgc","girigiripeter"],"log":"|j|\u2606epigrlozvgc\n|j|\u2606girigiripeter\n|t:|1737540241\n|gametype|doubles\n|player|p1|epigrlozvgc|alder|1524\n|player|p2|girigiripeter|266|1558\n|teamsize|p1|6\n|teamsize|p2|6\n|gen|9\n|tier|[Gen 9] VGC 2025 Reg G\n|rated|\n|rule|Species Clause: Limit one of each Pok\u00e9mon\n|rule|Item Clause: Limit 1 of each item\n|clearpoke\n|poke|p1|Tornadus, L50, M|\n|poke|p1|Chi-Yu, L50|\n|poke|p1|Calyrex-Shadow, L50|\n|poke|p1|Indeedee-F, L50, F|\n|poke|p1|Urshifu-*, L50, F|\n|poke|p1|Ditto, L50|\n|poke|p2|Miraidon, L50|\n|poke|p2|Farigiraf, L50, F|\n|poke|p2|Ogerpon-Hearthflame, L50, F|\n|poke|p2|Tornadus, L50, M|\n|poke|p2|Urshifu-*, L50, F|\n|poke|p2|Iron Treads, L50|\n|teampreview|4\n|\n|t:|1737540301\n|start\n|switch|p1a: Tornadus|Tornadus, L50, M|100\/100\n|switch|p1b: Chi-Yu|Chi-Yu, L50|100\/100\n|switch|p2a: Tornadus|Tornadus, L50, M|100\/100\n|switch|p2b: Iron Treads|Iron Treads, L50|100\/100\n|-ability|p1b: Chi-Yu|Beads of Ruin\n|turn|1\n|\n|t:|1737540336\n|move|p2a: Tornadus|Tailwind|p2a: Tornadus\n|-sidestart|p2: girigiripeter|move: Tailwind\n|move|p1a: Tornadus|Tailwind|p1a: Tornadus\n|-sidestart|p1: epigrlozvgc|move: Tailwind\n|move|p2b: Iron Treads|High Horsepower|p1b: Chi-Yu\n|-supereffective|p1b: Chi-Yu\n|-damage|p1b: Chi-Yu|0 fnt\n|faint|p1b: Chi-Yu\n|-damage|p2b: Iron Treads|91\/100|[from] item: Life Orb\n|\n|upkeep\n|\n|t:|1737540345\n|switch|p1b: Calyrex|Calyrex-Shadow, L50|100\/100\n|-ability|p1b: Calyrex|As One\n|-ability|p1b: Calyrex|Unnerve\n|turn|2\n|\n|t:|1737540359\n|switch|p2a: Miraidon|Miraidon, L50|100\/100\n|-fieldstart|move: Electric Terrain|[from] ability: Hadron Engine|[of] p2a: Miraidon\n|-activate|p2b: Iron Treads|ability: Quark Drive\n|-start|p2b: Iron Treads|quarkdrivespe\n|move|p2b: Iron Treads|Steel Roller|p1b: Calyrex\n|-damage|p1b: Calyrex|7\/100\n|-fieldend|move: Electric Terrain\n|-end|p2b: Iron Treads|Quark Drive\n|-damage|p2b: Iron Treads|81\/100|[from] item: Life Orb\n|move|p1b: Calyrex|Astral Barrage|p2a: Miraidon|[spread] p2a,p2b\n|-damage|p2a: Miraidon|50\/100\n|-damage|p2b: Iron Treads|2\/100\n|move|p1a: Tornadus|Bleakwind Storm|p2b: Iron Treads|[spread] p2a,p2b\n|-resisted|p2a: Miraidon\n|-resisted|p2b: Iron Treads\n|-damage|p2a: Miraidon|36\/100\n|-damage|p2b: Iron Treads|0 fnt\n|faint|p2b: Iron Treads\n|-end|p2b: Iron Treads|Quark Drive|[silent]\n|\n|upkeep\n|\n|t:|1737540384\n|switch|p2b: Urshifu|Urshifu-Rapid-Strike, L50, F|100\/100\n|turn|3\n|\n|t:|1737540391\n|switch|p2a: Tornadus|Tornadus, L50, M|100\/100\n|switch|p1a: Indeedee|Indeedee-F, L50, F|100\/100\n|-fieldstart|move: Psychic Terrain|[from] ability: Psychic Surge|[of] p1a: Indeedee\n|move|p2b: Urshifu|Detect|p2b: Urshifu\n|-singleturn|p2b: Urshifu|Protect\n|move|p1b: Calyrex|Expanding Force|p2b: Urshifu|[spread] p2a\n|-activate|p2b: Urshifu|move: Protect\n|-damage|p2a: Tornadus|21\/100\n|\n|upkeep\n|turn|4\n|\n|t:|1737540433\n|move|p2a: Tornadus|Protect|p2a: Tornadus\n|-singleturn|p2a: Tornadus|Protect\n|move|p1a: Indeedee|Follow Me|p1a: Indeedee\n|-singleturn|p1a: Indeedee|move: Follow Me\n|move|p1b: Calyrex|Astral Barrage|p2a: Tornadus|[spread] p2b\n|-activate|p2a: Tornadus|move: Protect\n|-crit|p2b: Urshifu\n|-damage|p2b: Urshifu|0 fnt\n|faint|p2b: Urshifu\n|-ability|p1b: Calyrex|Grim Neigh|boost\n|-boost|p1b: Calyrex|spa|1\n|\n|-sideend|p1: epigrlozvgc|move: Tailwind\n|-sideend|p2: girigiripeter|move: Tailwind\n|upkeep\n|j| ggnotezbro\n|\n|t:|1737540440\n|switch|p2b: Miraidon|Miraidon, L50|36\/100\n|-fieldstart|move: Electric Terrain|[from] ability: Hadron Engine|[of] p2b: Miraidon\n|turn|5\n|\n|t:|1737540463\n|-terastallize|p2b: Miraidon|Fairy\n|move|p1b: Calyrex|Protect|p1b: Calyrex\n|-singleturn|p1b: Calyrex|Protect\n|move|p2a: Tornadus|Tailwind|p2a: Tornadus\n|-sidestart|p2: girigiripeter|move: Tailwind\n|move|p2b: Miraidon|Dazzling Gleam|p1b: Calyrex|[spread] p1a\n|-activate|p1b: Calyrex|move: Protect\n|-damage|p1a: Indeedee|36\/100\n|move|p1a: Indeedee|Psychic|p2a: Tornadus\n|-damage|p2a: Tornadus|0 fnt\n|faint|p2a: Tornadus\n|\n|upkeep\n|turn|6\n|\n|t:|1737540489\n|move|p1b: Calyrex|Protect||[still]\n|-fail|p1b: Calyrex\n|move|p1a: Indeedee|Follow Me|p1a: Indeedee\n|-singleturn|p1a: Indeedee|move: Follow Me\n|move|p2b: Miraidon|Dazzling Gleam|p1a: Indeedee|[spread] p1a,p1b\n|-damage|p1a: Indeedee|0 fnt\n|-damage|p1b: Calyrex|0 fnt\n|faint|p1a: Indeedee\n|faint|p1b: Calyrex\n|\n|upkeep\n|\n|t:|1737540491\n|switch|p1b: Tornadus|Tornadus, L50, M|100\/100\n|turn|7\n|j| mr pogostick\n|\n|t:|1737540499\n|-terastallize|p1b: Tornadus|Steel\n|move|p2b: Miraidon|Dazzling Gleam|p1b: Tornadus\n|-resisted|p1b: Tornadus\n|-damage|p1b: Tornadus|52\/100\n|move|p1b: Tornadus|Bleakwind Storm|p2b: Miraidon\n|-damage|p2b: Miraidon|0 fnt\n|faint|p2b: Miraidon\n|\n|win|epigrlozvgc\n|raw|epigrlozvgc's rating: 1524 &rarr; <strong>1546<\/strong><br \/>(+22 for winning)\n|raw|girigiripeter's rating: 1558 &rarr; <strong>1536<\/strong><br \/>(-22 for losing)\n|l|\u2606girigiripeter\n|player|p2|\n|l|\u2606epigrlozvgc\n|player|p1|\n|l| ggnotezbro\n","uploadtime":1737540733,"views":10,"formatid":"gen9vgc2025regg","rating":1536,"private":0,"password":null}