{"id":"gen9vgc2025regg-2285376398","format":"[Gen 9] VGC 2025 Reg G","players":["simReaper","caZISA"],"log":"|j|\u2606simReaper\n|j|\u2606caZISA\n|t:|1737476524\n|gametype|doubles\n|player|p1|simReaper|shadowtriad|1613\n|player|p2|caZISA|red|1724\n|teamsize|p1|6\n|teamsize|p2|6\n|gen|9\n|tier|[Gen 9] VGC 2025 Reg G\n|rated|\n|rule|Species Clause: Limit one of each Pok\u00e9mon\n|rule|Item Clause: Limit 1 of each item\n|clearpoke\n|poke|p1|Annihilape, L50, M|\n|poke|p1|Whimsicott, L50, F|\n|poke|p1|Archaludon, L50, F|\n|poke|p1|Amoonguss, L50, F|\n|poke|p1|Kyogre, L50|\n|poke|p1|Grimmsnarl, L50, M|\n|poke|p2|Calyrex-Ice, L50|\n|poke|p2|Urshifu-*, L50, F|\n|poke|p2|Raging Bolt, L50|\n|poke|p2|Rillaboom, L50, F|\n|poke|p2|Torkoal, L50, M|\n|poke|p2|Smeargle, L50, M|\n|teampreview|4\n|j| God of restricted\n|inactive|Battle timer is ON: inactive players will automatically lose when time's up. (requested by caZISA)\n|\n|t:|1737476552\n|start\n|switch|p1a: Grimmsnarl|Grimmsnarl, L50, M, shiny|100\/100\n|switch|p1b: Kyogre|Kyogre, L50, shiny|100\/100\n|switch|p2a: Smeargle|Smeargle, L50, M|100\/100\n|switch|p2b: Calyrex|Calyrex-Ice, L50|100\/100\n|-ability|p2b: Calyrex|As One\n|-ability|p2b: Calyrex|Unnerve\n|-weather|RainDance|[from] ability: Drizzle|[of] p1b: Kyogre\n|turn|1\n|\n|t:|1737476581\n|move|p2b: Calyrex|Protect|p2b: Calyrex\n|-singleturn|p2b: Calyrex|Protect\n|move|p1a: Grimmsnarl|Thunder Wave|p2b: Calyrex\n|-activate|p2b: Calyrex|move: Protect\n|move|p1b: Kyogre|Water Spout|p2a: Smeargle|[spread] p2a\n|-activate|p2b: Calyrex|move: Protect\n|-enditem|p2a: Smeargle|Focus Sash\n|-damage|p2a: Smeargle|1\/100\n|move|p2a: Smeargle|Spore|p1b: Kyogre\n|-status|p1b: Kyogre|slp|[from] move: Spore\n|\n|-weather|RainDance|[upkeep]\n|-ability|p2a: Smeargle|Moody|boost\n|-boost|p2a: Smeargle|spd|2\n|-unboost|p2a: Smeargle|def|1\n|upkeep\n|turn|2\n|j| bluestraggler02\n|inactive|simReaper has 30 seconds left.\n|\n|t:|1737476617\n|move|p2a: Smeargle|Follow Me|p2a: Smeargle\n|-singleturn|p2a: Smeargle|move: Follow Me\n|move|p1a: Grimmsnarl|Reflect|p1a: Grimmsnarl\n|-sidestart|p1: simReaper|Reflect\n|cant|p1b: Kyogre|slp\n|move|p2b: Calyrex|Trick Room|p2b: Calyrex\n|-fieldstart|move: Trick Room|[of] p2b: Calyrex\n|\n|-weather|RainDance|[upkeep]\n|-ability|p2a: Smeargle|Moody|boost\n|-boost|p2a: Smeargle|def|2\n|-unboost|p2a: Smeargle|spa|1\n|upkeep\n|turn|3\n|\n|t:|1737476634\n|move|p2b: Calyrex|Protect|p2b: Calyrex\n|-singleturn|p2b: Calyrex|Protect\n|move|p1a: Grimmsnarl|Thunder Wave|p2b: Calyrex\n|-activate|p2b: Calyrex|move: Protect\n|move|p2a: Smeargle|Spore|p1a: Grimmsnarl\n|-status|p1a: Grimmsnarl|slp|[from] move: Spore\n|cant|p1b: Kyogre|slp\n|\n|-weather|RainDance|[upkeep]\n|-ability|p2a: Smeargle|Moody|boost\n|-boost|p2a: Smeargle|def|2\n|-unboost|p2a: Smeargle|spd|1\n|upkeep\n|turn|4\n|\n|t:|1737476650\n|move|p2a: Smeargle|Wide Guard|p2a: Smeargle\n|-singleturn|p2a: Smeargle|Wide Guard\n|cant|p1a: Grimmsnarl|slp\n|move|p2b: Calyrex|Glacial Lance|p1b: Kyogre|[spread] p1a,p1b\n|-resisted|p1b: Kyogre\n|-damage|p1a: Grimmsnarl|62\/100 slp\n|-damage|p1b: Kyogre|76\/100 slp\n|cant|p1b: Kyogre|slp\n|\n|-weather|RainDance|[upkeep]\n|-ability|p2a: Smeargle|Moody|boost\n|-boost|p2a: Smeargle|atk|2\n|-unboost|p2a: Smeargle|spd|1\n|upkeep\n|turn|5\n|\n|t:|1737476665\n|move|p2a: Smeargle|Wide Guard|p2a: Smeargle\n|-singleturn|p2a: Smeargle|Wide Guard\n|-curestatus|p1a: Grimmsnarl|slp|[msg]\n|move|p1a: Grimmsnarl|Thunder Wave|p2b: Calyrex\n|-status|p2b: Calyrex|par\n|cant|p2b: Calyrex|par\n|-curestatus|p1b: Kyogre|slp|[msg]\n|move|p1b: Kyogre|Thunder|p2a: Smeargle\n|-damage|p2a: Smeargle|0 fnt\n|faint|p2a: Smeargle\n|\n|-weather|none\n|upkeep\n|\n|t:|1737476673\n|switch|p2a: Rillaboom|Rillaboom, L50, F|100\/100\n|-fieldstart|move: Grassy Terrain|[from] ability: Grassy Surge|[of] p2a: Rillaboom\n|turn|6\n|j| Mega Delibird X\n|\n|t:|1737476697\n|switch|p1b: Amoonguss|Amoonguss, L50, F, shiny|100\/100\n|move|p2a: Rillaboom|Fake Out|p1a: Grimmsnarl\n|-damage|p1a: Grimmsnarl|54\/100\n|cant|p1a: Grimmsnarl|flinch\n|cant|p2b: Calyrex|par\n|\n|-heal|p1a: Grimmsnarl|60\/100|[from] Grassy Terrain\n|-fieldend|move: Trick Room\n|upkeep\n|turn|7\n|\n|t:|1737476721\n|move|p1a: Grimmsnarl|Thunder Wave|p2a: Rillaboom\n|-status|p2a: Rillaboom|par\n|cant|p2a: Rillaboom|par\n|move|p1b: Amoonguss|Pollen Puff|p2b: Calyrex\n|-supereffective|p2b: Calyrex\n|-damage|p2b: Calyrex|76\/100 par\n|move|p2b: Calyrex|Trick Room|p2b: Calyrex\n|-fieldstart|move: Trick Room|[of] p2b: Calyrex\n|\n|-heal|p2b: Calyrex|82\/100 par|[from] Grassy Terrain\n|-heal|p1a: Grimmsnarl|66\/100|[from] Grassy Terrain\n|upkeep\n|turn|8\n|\n|t:|1737476739\n|switch|p1a: Archaludon|Archaludon, L50, F, shiny|100\/100\n|move|p1b: Amoonguss|Rage Powder|p1b: Amoonguss\n|-singleturn|p1b: Amoonguss|move: Rage Powder\n|move|p2b: Calyrex|Glacial Lance|p1a: Archaludon|[spread] p1a,p1b\n|-supereffective|p1b: Amoonguss\n|-damage|p1a: Archaludon|68\/100\n|-damage|p1b: Amoonguss|35\/100\n|-ability|p1a: Archaludon|Stamina|boost\n|-boost|p1a: Archaludon|def|1\n|move|p2a: Rillaboom|Wood Hammer|p1b: Amoonguss\n|-resisted|p1b: Amoonguss\n|-damage|p1b: Amoonguss|24\/100\n|-damage|p2a: Rillaboom|84\/100 par|[from] item: Rocky Helmet|[of] p1b: Amoonguss\n|-damage|p2a: Rillaboom|80\/100 par|[from] Recoil\n|\n|-heal|p2b: Calyrex|88\/100 par|[from] Grassy Terrain\n|-heal|p1b: Amoonguss|30\/100|[from] Grassy Terrain\n|-heal|p2a: Rillaboom|86\/100 par|[from] Grassy Terrain\n|-heal|p1a: Archaludon|75\/100|[from] Grassy Terrain\n|upkeep\n|turn|9\n|inactive|caZISA has 30 seconds left.\n|c|\u2606simReaper|that misclick is goign to cost me\n|\n|t:|1737476773\n|switch|p1b: Grimmsnarl|Grimmsnarl, L50, M, shiny|66\/100\n|move|p2b: Calyrex|Glacial Lance|p1b: Grimmsnarl|[spread] p1a,p1b\n|-damage|p1a: Archaludon|52\/100\n|-damage|p1b: Grimmsnarl|27\/100\n|-ability|p1a: Archaludon|Stamina|boost\n|-boost|p1a: Archaludon|def|1\n|move|p2a: Rillaboom|U-turn|p1a: Archaludon\n|-resisted|p1a: Archaludon\n|-damage|p1a: Archaludon|49\/100\n|-ability|p1a: Archaludon|Stamina|boost\n|-boost|p1a: Archaludon|def|1\n|\n|t:|1737476778\n|switch|p2a: Torkoal|Torkoal, L50, M|100\/100|[from] U-turn\n|-weather|SunnyDay|[from] ability: Drought|[of] p2a: Torkoal\n|move|p1a: Archaludon|Flash Cannon|p2b: Calyrex\n|-supereffective|p2b: Calyrex\n|-damage|p2b: Calyrex|32\/100 par\n|\n|-weather|SunnyDay|[upkeep]\n|-heal|p2b: Calyrex|37\/100 par|[from] Grassy Terrain\n|-heal|p1b: Grimmsnarl|33\/100|[from] Grassy Terrain\n|-heal|p1a: Archaludon|55\/100|[from] Grassy Terrain\n|-sideend|p1: simReaper|Reflect\n|upkeep\n|turn|10\n|\n|t:|1737476801\n|switch|p2a: Rillaboom|Rillaboom, L50, F|86\/100 par\n|switch|p1b: Kyogre|Kyogre, L50, shiny|76\/100\n|-weather|RainDance|[from] ability: Drizzle|[of] p1b: Kyogre\n|move|p2b: Calyrex|Protect|p2b: Calyrex\n|-singleturn|p2b: Calyrex|Protect\n|move|p1a: Archaludon|Flash Cannon|p2b: Calyrex\n|-activate|p2b: Calyrex|move: Protect\n|\n|-weather|RainDance|[upkeep]\n|-heal|p2b: Calyrex|43\/100 par|[from] Grassy Terrain\n|-heal|p2a: Rillaboom|92\/100 par|[from] Grassy Terrain\n|-heal|p1a: Archaludon|62\/100|[from] Grassy Terrain\n|-heal|p1b: Kyogre|82\/100|[from] Grassy Terrain\n|-fieldend|move: Grassy Terrain\n|upkeep\n|turn|11\n|\n|t:|1737476824\n|switch|p1b: Grimmsnarl|Grimmsnarl, L50, M, shiny|33\/100\n|cant|p2a: Rillaboom|par\n|move|p2b: Calyrex|Glacial Lance|p1b: Grimmsnarl|[spread] p1a,p1b\n|-damage|p1a: Archaludon|42\/100\n|-damage|p1b: Grimmsnarl|0 fnt\n|-ability|p1a: Archaludon|Stamina|boost\n|-boost|p1a: Archaludon|def|1\n|faint|p1b: Grimmsnarl\n|-ability|p2b: Calyrex|Chilling Neigh|boost\n|-boost|p2b: Calyrex|atk|1\n|move|p1a: Archaludon|Electro Shot||[still]\n|-prepare|p1a: Archaludon|Electro Shot\n|-boost|p1a: Archaludon|spa|1\n|-anim|p1a: Archaludon|Electro Shot|p2b: Calyrex\n|-damage|p2b: Calyrex|4\/100 par\n|\n|-weather|RainDance|[upkeep]\n|-fieldend|move: Trick Room\n|upkeep\n|\n|t:|1737476834\n|switch|p1b: Kyogre|Kyogre, L50, shiny|82\/100\n|turn|12\n|\n|t:|1737476852\n|-terastallize|p1b: Kyogre|Grass\n|-terastallize|p2a: Rillaboom|Grass\n|move|p1b: Kyogre|Water Spout|p2a: Rillaboom|[spread] p2a,p2b\n|-resisted|p2a: Rillaboom\n|-damage|p2a: Rillaboom|55\/100 par\n|-damage|p2b: Calyrex|0 fnt\n|faint|p2b: Calyrex\n|move|p1a: Archaludon|Body Press|p2a: Rillaboom\n|-damage|p2a: Rillaboom|0 fnt\n|faint|p2a: Rillaboom\n|\n|-weather|RainDance|[upkeep]\n|upkeep\n|-message|caZISA forfeited.\n|\n|win|simReaper\n|raw|simReaper's rating: 1613 &rarr; <strong>1639<\/strong><br \/>(+26 for winning)\n|raw|caZISA's rating: 1724 &rarr; <strong>1698<\/strong><br \/>(-26 for losing)\n|l|\u2606caZISA\n|player|p2|\n|l|\u2606simReaper\n|player|p1|\n|l| God of restricted\n|l| Mega Delibird X\n","uploadtime":1737477097,"views":25,"formatid":"gen9vgc2025regg","rating":1639,"private":0,"password":null}