{"id":"gen9vgc2025regg-2285144072","format":"[Gen 9] VGC 2025 Reg G","players":["TerpisKora","Imnotagni"],"log":"|j|\u2606TerpisKora\n|j|\u2606Imnotagni\n|t:|1737442327\n|gametype|doubles\n|player|p1|TerpisKora|depotagent|1558\n|player|p2|Imnotagni|policeman-gen4|1591\n|teamsize|p1|6\n|teamsize|p2|6\n|gen|9\n|tier|[Gen 9] VGC 2025 Reg G\n|rated|\n|rule|Species Clause: Limit one of each Pok\u00e9mon\n|rule|Item Clause: Limit 1 of each item\n|clearpoke\n|poke|p1|Iron Bundle, L50|\n|poke|p1|Flutter Mane, L50|\n|poke|p1|Torkoal, L50, F|\n|poke|p1|Indeedee-F, L50, F|\n|poke|p1|Koraidon, L50|\n|poke|p1|Ogerpon-Cornerstone, L50, F|\n|poke|p2|Zacian-*, L50|\n|poke|p2|Whimsicott, L50, F|\n|poke|p2|Chi-Yu, L50|\n|poke|p2|Regidrago, L50|\n|poke|p2|Ogerpon-Wellspring, L50, F|\n|poke|p2|Ditto, L50|\n|teampreview|4\n|inactive|Battle timer is ON: inactive players will automatically lose when time's up. (requested by Imnotagni)\n|j| save a g\n|inactive|TerpisKora has 60 seconds left.\n|\n|t:|1737442370\n|start\n|switch|p1a: Indeedee|Indeedee-F, L50, F|100\/100\n|switch|p1b: Koraidon|Koraidon, L50|100\/100\n|switch|p2a: NIMBUS|Whimsicott, L50, F, shiny|100\/100\n|switch|p2b: VEGETA|Chi-Yu, L50|100\/100\n|-weather|SunnyDay|[from] ability: Orichalcum Pulse|[of] p1b: Koraidon\n|-activate|p1b: Koraidon|Orichalcum Pulse|[source]\n|-ability|p2b: VEGETA|Beads of Ruin\n|-fieldstart|move: Psychic Terrain|[from] ability: Psychic Surge|[of] p1a: Indeedee\n|-enditem|p1a: Indeedee|Psychic Seed\n|-boost|p1a: Indeedee|spd|1|[from] item: Psychic Seed\n|turn|1\n|j| uppercut vgc\n|l| uppercut vgc\n|inactive|TerpisKora has 30 seconds left.\n|inactive|TerpisKora has 20 seconds left.\n|\n|t:|1737442409\n|move|p2a: NIMBUS|Tailwind|p2a: NIMBUS\n|-sidestart|p2: Imnotagni|move: Tailwind\n|move|p2b: VEGETA|Overheat|p1a: Indeedee\n|-crit|p1a: Indeedee\n|-damage|p1a: Indeedee|0 fnt\n|-unboost|p2b: VEGETA|spa|2\n|faint|p1a: Indeedee\n|move|p1b: Koraidon|Flare Blitz|p2a: NIMBUS\n|-supereffective|p2a: NIMBUS\n|-damage|p2a: NIMBUS|0 fnt\n|faint|p2a: NIMBUS\n|-damage|p1b: Koraidon|73\/100|[from] Recoil\n|\n|-weather|SunnyDay|[upkeep]\n|upkeep\n|j| mr pogostick\n|\n|t:|1737442432\n|switch|p2a: MAJIN BUU|Ditto, L50|100\/100\n|switch|p1a: Torkoal|Torkoal, L50, F|100\/100\n|-transform|p2a: MAJIN BUU|p1b: Koraidon|[from] ability: Imposter\n|-activate|p2a: MAJIN BUU|ability: Orichalcum Pulse\n|turn|2\n|inactive|TerpisKora has 30 seconds left.\n|\n|t:|1737442458\n|switch|p1b: Flutter Mane|Flutter Mane, L50|100\/100\n|-activate|p1b: Flutter Mane|ability: Protosynthesis\n|-start|p1b: Flutter Mane|protosynthesisspe\n|move|p2a: MAJIN BUU|Scale Shot|p1b: Flutter Mane\n|-immune|p1b: Flutter Mane\n|move|p2b: VEGETA|Overheat|p1a: Torkoal\n|-resisted|p1a: Torkoal\n|-damage|p1a: Torkoal|32\/100\n|-unboost|p2b: VEGETA|spa|2\n|move|p1a: Torkoal|Eruption|p2b: VEGETA|[spread] p2a,p2b\n|-resisted|p2a: MAJIN BUU\n|-resisted|p2b: VEGETA\n|-damage|p2a: MAJIN BUU|82\/100\n|-damage|p2b: VEGETA|84\/100\n|\n|-weather|SunnyDay|[upkeep]\n|upkeep\n|turn|3\n|inactive|Imnotagni has 30 seconds left.\n|\n|t:|1737442489\n|-end|p1b: Flutter Mane|Protosynthesis|[silent]\n|switch|p1b: Koraidon|Koraidon, L50|73\/100\n|-activate|p1b: Koraidon|ability: Orichalcum Pulse\n|-terastallize|p2a: MAJIN BUU|Ghost\n|move|p2a: MAJIN BUU|Flare Blitz|p1b: Koraidon\n|-resisted|p1b: Koraidon\n|-crit|p1b: Koraidon\n|-damage|p1b: Koraidon|23\/100\n|-status|p1b: Koraidon|brn\n|-damage|p2a: MAJIN BUU|60\/100|[from] Recoil\n|move|p2b: VEGETA|Overheat|p1b: Koraidon\n|-resisted|p1b: Koraidon\n|-damage|p1b: Koraidon|0 fnt\n|-unboost|p2b: VEGETA|spa|2\n|faint|p1b: Koraidon\n|move|p1a: Torkoal|Weather Ball|p2b: VEGETA\n|-resisted|p2b: VEGETA\n|-damage|p2b: VEGETA|39\/100\n|\n|-weather|SunnyDay|[upkeep]\n|upkeep\n|j| Betor182\n|\n|t:|1737442510\n|switch|p1b: Flutter Mane|Flutter Mane, L50|100\/100\n|-activate|p1b: Flutter Mane|ability: Protosynthesis\n|-start|p1b: Flutter Mane|protosynthesisspe\n|turn|4\n|\n|t:|1737442523\n|move|p2a: MAJIN BUU|Collision Course|p1a: Torkoal\n|-damage|p1a: Torkoal|0 fnt\n|faint|p1a: Torkoal\n|move|p2b: VEGETA|Overheat|p1b: Flutter Mane\n|-damage|p1b: Flutter Mane|60\/100\n|move|p1b: Flutter Mane|Shadow Ball|p2b: VEGETA\n|-resisted|p2b: VEGETA\n|-damage|p2b: VEGETA|10\/100\n|\n|-weather|SunnyDay|[upkeep]\n|-sideend|p2: Imnotagni|move: Tailwind\n|upkeep\n|turn|5\n|-message|TerpisKora forfeited.\n|\n|win|Imnotagni\n|raw|TerpisKora's rating: 1558 &rarr; <strong>1540<\/strong><br \/>(-18 for losing)\n|raw|Imnotagni's rating: 1591 &rarr; <strong>1609<\/strong><br \/>(+18 for winning)\n|l|\u2606Imnotagni\n|player|p2|\n|l| Betor182\n|l|\u2606TerpisKora\n|player|p1|\n","uploadtime":1737442709,"views":31,"formatid":"gen9vgc2025regg","rating":1540,"private":0,"password":null}