{"id":"gen9vgc2025regg-2285985430","format":"[Gen 9] VGC 2025 Reg G","players":["zxc123zxc","Zoenna55"],"log":"|j|\u2606zxc123zxc\n|j|\u2606Zoenna55\n|t:|1737556216\n|gametype|doubles\n|player|p1|zxc123zxc|hiker-gen4|1625\n|player|p2|Zoenna55|marley|1606\n|teamsize|p1|6\n|teamsize|p2|6\n|gen|9\n|tier|[Gen 9] VGC 2025 Reg G\n|rated|\n|rule|Species Clause: Limit one of each Pok\u00e9mon\n|rule|Item Clause: Limit 1 of each item\n|clearpoke\n|poke|p1|Calyrex-Ice, L50|\n|poke|p1|Urshifu-*, L50, F|\n|poke|p1|Pelipper, L50, F|\n|poke|p1|Incineroar, L50, F|\n|poke|p1|Raging Bolt, L50|\n|poke|p1|Amoonguss, L50, M|\n|poke|p2|Tornadus, L50, M|\n|poke|p2|Urshifu-*, L50, F|\n|poke|p2|Incineroar, L50, F|\n|poke|p2|Kyogre, L50|\n|poke|p2|Tsareena, L50, F|\n|poke|p2|Raging Bolt, L50|\n|teampreview|4\n|inactive|Battle timer is ON: inactive players will automatically lose when time's up. (requested by Zoenna55)\n|j| EvilLord123456789\n|l| EvilLord123456789\n|\n|t:|1737556242\n|start\n|switch|p1a: Urshifu|Urshifu-Rapid-Strike, L50, F|100\/100\n|switch|p1b: Amoonguss|Amoonguss, L50, M|100\/100\n|switch|p2a: Urshifu|Urshifu-Rapid-Strike, L50, F|100\/100\n|switch|p2b: Kyogre|Kyogre, L50|100\/100\n|-weather|RainDance|[from] ability: Drizzle|[of] p2b: Kyogre\n|turn|1\n|inactive|Zoenna55 has 30 seconds left.\n|inactive|Zoenna55 has 20 seconds left.\n|\n|t:|1737556277\n|switch|p2b: Tsareena|Tsareena, L50, F|100\/100\n|switch|p2a: Incineroar|Incineroar, L50, F|100\/100\n|-ability|p2a: Incineroar|Intimidate|boost\n|-unboost|p1a: Urshifu|atk|1\n|-unboost|p1b: Amoonguss|atk|1\n|move|p1a: Urshifu|Surging Strikes|p2b: Tsareena\n|-resisted|p2b: Tsareena\n|-crit|p2b: Tsareena\n|-damage|p2b: Tsareena|83\/100\n|-damage|p1a: Urshifu|84\/100|[from] item: Rocky Helmet|[of] p2b: Tsareena\n|-resisted|p2b: Tsareena\n|-crit|p2b: Tsareena\n|-damage|p2b: Tsareena|67\/100\n|-damage|p1a: Urshifu|67\/100|[from] item: Rocky Helmet|[of] p2b: Tsareena\n|-resisted|p2b: Tsareena\n|-crit|p2b: Tsareena\n|-damage|p2b: Tsareena|49\/100\n|-damage|p1a: Urshifu|51\/100|[from] item: Rocky Helmet|[of] p2b: Tsareena\n|-hitcount|p2b: Tsareena|3\n|move|p1b: Amoonguss|Spore|p2a: Incineroar\n|-activate|p2a: Incineroar|item: Safety Goggles|Spore\n|\n|-weather|RainDance|[upkeep]\n|upkeep\n|turn|2\n|inactive|Zoenna55 has 30 seconds left.\n|inactive|Zoenna55 has 20 seconds left.\n|inactive|Zoenna55 has 15 seconds left.\n|inactive|Zoenna55 has 10 seconds left.\n|inactive|Zoenna55 has 5 seconds left.\n|j| caelestia\n|\n|t:|1737556329\n|move|p1a: Urshifu|Detect|p1a: Urshifu\n|-singleturn|p1a: Urshifu|Protect\n|move|p2b: Tsareena|Power Whip|p1a: Urshifu\n|-activate|p1a: Urshifu|move: Protect\n|move|p2a: Incineroar|Knock Off|p1b: Amoonguss\n|-damage|p1b: Amoonguss|74\/100\n|-enditem|p1b: Amoonguss|Covert Cloak|[from] move: Knock Off|[of] p2a: Incineroar\n|move|p1b: Amoonguss|Pollen Puff|p2b: Tsareena\n|-supereffective|p2b: Tsareena\n|-damage|p2b: Tsareena|11\/100\n|\n|-weather|RainDance|[upkeep]\n|upkeep\n|turn|3\n|\n|t:|1737556345\n|switch|p2a: Urshifu|Urshifu-Rapid-Strike, L50, F|100\/100\n|move|p1a: Urshifu|Surging Strikes|p2b: Tsareena\n|-resisted|p2b: Tsareena\n|-crit|p2b: Tsareena\n|-damage|p2b: Tsareena|0 fnt\n|-damage|p1a: Urshifu|34\/100|[from] item: Rocky Helmet|[of] p2b: Tsareena\n|faint|p2b: Tsareena\n|-hitcount|p2: Tsareena|1\n|move|p1b: Amoonguss|Pollen Puff|p1a: Urshifu\n|-heal|p1a: Urshifu|84\/100\n|\n|-weather|RainDance|[upkeep]\n|upkeep\n|\n|t:|1737556359\n|switch|p2b: Kyogre|Kyogre, L50|100\/100\n|turn|4\n|\n|t:|1737556383\n|move|p2b: Kyogre|Water Spout|p1a: Urshifu|[spread] p1a,p1b\n|-resisted|p1a: Urshifu\n|-resisted|p1b: Amoonguss\n|-damage|p1a: Urshifu|0 fnt\n|-damage|p1b: Amoonguss|23\/100\n|faint|p1a: Urshifu\n|move|p2a: Urshifu|Close Combat|p1b: Amoonguss\n|-resisted|p1b: Amoonguss\n|-damage|p1b: Amoonguss|0 fnt\n|-unboost|p2a: Urshifu|def|1\n|-unboost|p2a: Urshifu|spd|1\n|faint|p1b: Amoonguss\n|\n|-weather|RainDance|[upkeep]\n|upkeep\n|\n|t:|1737556391\n|switch|p1a: Calyrex|Calyrex-Ice, L50|100\/100\n|switch|p1b: Raging Bolt|Raging Bolt, L50|100\/100\n|-ability|p1a: Calyrex|As One\n|-ability|p1a: Calyrex|Unnerve\n|turn|5\n|inactive|Zoenna55 has 30 seconds left.\n|inactive|Zoenna55 has 20 seconds left.\n|\n|t:|1737556440\n|switch|p2a: Incineroar|Incineroar, L50, F|100\/100\n|-ability|p2a: Incineroar|Intimidate|boost\n|-fail|p1a: Calyrex|unboost|[from] item: Clear Amulet|[of] p1a: Calyrex\n|-unboost|p1b: Raging Bolt|atk|1\n|-terastallize|p2b: Kyogre|Grass\n|-terastallize|p1a: Calyrex|Grass\n|move|p2b: Kyogre|Water Spout|p1a: Calyrex|[spread] p1a,p1b\n|-resisted|p1a: Calyrex\n|-resisted|p1b: Raging Bolt\n|-damage|p1a: Calyrex|63\/100\n|-damage|p1b: Raging Bolt|68\/100\n|move|p1b: Raging Bolt|Volt Switch|p2b: Kyogre\n|-resisted|p2b: Kyogre\n|-damage|p2b: Kyogre|85\/100\n|move|p1a: Calyrex|Glacial Lance|p2b: Kyogre|[spread] p2a,p2b\n|-resisted|p2a: Incineroar\n|-supereffective|p2b: Kyogre\n|-damage|p2a: Incineroar|76\/100\n|-damage|p2b: Kyogre|0 fnt\n|faint|p2b: Kyogre\n|-ability|p1a: Calyrex|Chilling Neigh|boost\n|-boost|p1a: Calyrex|atk|1\n|\n|-weather|none\n|upkeep\n|\n|t:|1737556459\n|switch|p2b: Urshifu|Urshifu-Rapid-Strike, L50, F|100\/100\n|turn|6\n|\n|t:|1737556487\n|move|p2a: Incineroar|Fake Out|p1b: Raging Bolt\n|-damage|p1b: Raging Bolt|58\/100\n|move|p2b: Urshifu|Close Combat|p1a: Calyrex\n|-damage|p1a: Calyrex|18\/100\n|-unboost|p2b: Urshifu|def|1\n|-unboost|p2b: Urshifu|spd|1\n|cant|p1b: Raging Bolt|flinch\n|move|p1a: Calyrex|Trick Room|p1a: Calyrex\n|-fieldstart|move: Trick Room|[of] p1a: Calyrex\n|\n|upkeep\n|turn|7\n|inactive|Zoenna55 has 30 seconds left.\n|inactive|Zoenna55 has 20 seconds left.\n|\n|t:|1737556525\n|move|p2b: Urshifu|Detect|p2b: Urshifu\n|-singleturn|p2b: Urshifu|Protect\n|move|p1a: Calyrex|Glacial Lance|p2a: Incineroar|[spread] p2a\n|-activate|p2b: Urshifu|move: Protect\n|-resisted|p2a: Incineroar\n|-damage|p2a: Incineroar|39\/100\n|move|p2a: Incineroar|Knock Off|p1a: Calyrex\n|-damage|p1a: Calyrex|0 fnt\n|-enditem|p1a: Calyrex|Clear Amulet|[from] move: Knock Off|[of] p2a: Incineroar\n|faint|p1a: Calyrex\n|move|p1b: Raging Bolt|Volt Switch|p2b: Urshifu\n|-activate|p2b: Urshifu|move: Protect\n|\n|upkeep\n|turn|8\n|\n|t:|1737556547\n|move|p2a: Incineroar|Knock Off|p1b: Raging Bolt\n|-damage|p1b: Raging Bolt|25\/100\n|-enditem|p1b: Raging Bolt|Assault Vest|[from] move: Knock Off|[of] p2a: Incineroar\n|move|p1b: Raging Bolt|Volt Switch|p2b: Urshifu\n|-supereffective|p2b: Urshifu\n|-enditem|p2b: Urshifu|Focus Sash\n|-damage|p2b: Urshifu|1\/100\n|move|p2b: Urshifu|Close Combat|p1b: Raging Bolt\n|-damage|p1b: Raging Bolt|0 fnt\n|-unboost|p2b: Urshifu|def|1\n|-unboost|p2b: Urshifu|spd|1\n|faint|p1b: Raging Bolt\n|-end|p1b: Raging Bolt|Protosynthesis|[silent]\n|\n|win|Zoenna55\n|raw|zxc123zxc's rating: 1625 &rarr; <strong>1604<\/strong><br \/>(-21 for losing)\n|raw|Zoenna55's rating: 1606 &rarr; <strong>1627<\/strong><br \/>(+21 for winning)\n|l|\u2606zxc123zxc\n|player|p1|\n|l|\u2606Zoenna55\n|player|p2|\n|l| caelestia\n","uploadtime":1737556782,"views":17,"formatid":"gen9vgc2025regg","rating":1604,"private":0,"password":null}