{"id":"gen9vgc2025regg-2285505388","format":"[Gen 9] VGC 2025 Reg G","players":["Acblade","BLiiNDProdiigy"],"log":"|j|\u2606Acblade\n|j|\u2606BLiiNDProdiigy\n|t:|1737489024\n|gametype|doubles\n|player|p1|Acblade|lucas|1671\n|player|p2|BLiiNDProdiigy|rocketgrunt|1640\n|teamsize|p1|6\n|teamsize|p2|6\n|gen|9\n|tier|[Gen 9] VGC 2025 Reg G\n|rated|\n|rule|Species Clause: Limit one of each Pok\u00e9mon\n|rule|Item Clause: Limit 1 of each item\n|clearpoke\n|poke|p1|Tornadus, L50, M|\n|poke|p1|Chi-Yu, L50|\n|poke|p1|Flutter Mane, L50|\n|poke|p1|Koraidon, L50|\n|poke|p1|Raging Bolt, L50|\n|poke|p1|Farigiraf, L50, M|\n|poke|p2|Terapagos, L50, M|\n|poke|p2|Incineroar, L50, F|\n|poke|p2|Rillaboom, L50, F|\n|poke|p2|Urshifu-*, L50, M|\n|poke|p2|Flutter Mane, L50|\n|poke|p2|Ogerpon-Hearthflame, L50, F|\n|teampreview|4\n|inactive|Battle timer is ON: inactive players will automatically lose when time's up. (requested by Acblade)\n|j| play sos wednesday\n|j| PetersShark\n|inactive|BLiiNDProdiigy has 60 seconds left.\n|\n|t:|1737489057\n|start\n|switch|p1a: Tornadus|Tornadus, L50, M|100\/100\n|switch|p1b: Flutter Mane|Flutter Mane, L50|100\/100\n|switch|p2a: Urshifu|Urshifu-Rapid-Strike, L50, M|100\/100\n|switch|p2b: Incineroar|Incineroar, L50, F|100\/100\n|-ability|p2b: Incineroar|Intimidate|boost\n|-unboost|p1a: Tornadus|atk|1\n|-unboost|p1b: Flutter Mane|atk|1\n|turn|1\n|\n|t:|1737489080\n|switch|p1a: Koraidon|Koraidon, L50|100\/100\n|-weather|SunnyDay|[from] ability: Orichalcum Pulse|[of] p1a: Koraidon\n|-activate|p1b: Flutter Mane|ability: Protosynthesis\n|-start|p1b: Flutter Mane|protosynthesisspe\n|-activate|p1a: Koraidon|Orichalcum Pulse|[source]\n|move|p2a: Urshifu|Protect|p2a: Urshifu\n|-singleturn|p2a: Urshifu|Protect\n|move|p1b: Flutter Mane|Dazzling Gleam|p2a: Urshifu|[spread] p2b\n|-activate|p2a: Urshifu|move: Protect\n|-damage|p2b: Incineroar|60\/100\n|move|p2b: Incineroar|Parting Shot|p1b: Flutter Mane\n|-unboost|p1b: Flutter Mane|atk|1\n|-unboost|p1b: Flutter Mane|spa|1\n|\n|t:|1737489091\n|switch|p2b: Flutter Mane|Flutter Mane, L50|100\/100|[from] Parting Shot\n|-activate|p2b: Flutter Mane|ability: Protosynthesis\n|-start|p2b: Flutter Mane|protosynthesisspe\n|\n|-weather|SunnyDay|[upkeep]\n|upkeep\n|turn|2\n|inactive|Acblade has 30 seconds left.\n|\n|t:|1737489117\n|switch|p2a: Incineroar|Incineroar, L50, F|60\/100\n|-ability|p2a: Incineroar|Intimidate|boost\n|-unboost|p1a: Koraidon|atk|1\n|-unboost|p1b: Flutter Mane|atk|1\n|-terastallize|p1a: Koraidon|Fire\n|move|p1b: Flutter Mane|Dazzling Gleam|p2b: Flutter Mane|[spread] p2a,p2b\n|-damage|p2a: Incineroar|30\/100\n|-damage|p2b: Flutter Mane|72\/100\n|move|p2b: Flutter Mane|Thunder Wave|p1a: Koraidon\n|-status|p1a: Koraidon|par\n|move|p1a: Koraidon|U-turn|p2a: Incineroar\n|-damage|p2a: Incineroar|5\/100\n|-damage|p1a: Koraidon|84\/100 par|[from] item: Rocky Helmet|[of] p2a: Incineroar\n|\n|t:|1737489130\n|switch|p1a: Tornadus|Tornadus, L50, M|100\/100|[from] U-turn\n|\n|-weather|SunnyDay|[upkeep]\n|upkeep\n|turn|3\n|\n|t:|1737489140\n|move|p1b: Flutter Mane|Dazzling Gleam|p2a: Incineroar|[spread] p2a,p2b\n|-damage|p2a: Incineroar|0 fnt\n|-damage|p2b: Flutter Mane|45\/100\n|faint|p2a: Incineroar\n|move|p2b: Flutter Mane|Thunder Wave|p1b: Flutter Mane\n|-status|p1b: Flutter Mane|par\n|move|p1a: Tornadus|Weather Ball|p2b: Flutter Mane\n|-damage|p2b: Flutter Mane|0 fnt\n|faint|p2b: Flutter Mane\n|-end|p2b: Flutter Mane|Protosynthesis|[silent]\n|\n|-weather|SunnyDay|[upkeep]\n|upkeep\n|\n|t:|1737489144\n|switch|p2b: Urshifu|Urshifu-Rapid-Strike, L50, M|100\/100\n|switch|p2a: Terapagos|Terapagos, L50, M|100\/100\n|-activate|p2a: Terapagos|ability: Tera Shift\n|detailschange|p2a: Terapagos|Terapagos-Terastal, L50, M\n|-heal|p2a: Terapagos|100\/100|[silent]\n|turn|4\n|\n|t:|1737489150\n|move|p2b: Urshifu|Protect|p2b: Urshifu\n|-singleturn|p2b: Urshifu|Protect\n|move|p1a: Tornadus|Tailwind|p1a: Tornadus\n|-sidestart|p1: Acblade|move: Tailwind\n|move|p1b: Flutter Mane|Dazzling Gleam|p2b: Urshifu|[spread] p2a\n|-activate|p2b: Urshifu|move: Protect\n|-activate|p2a: Terapagos|ability: Tera Shell\n|-resisted|p2a: Terapagos\n|-damage|p2a: Terapagos|86\/100\n|move|p2a: Terapagos|Calm Mind|p2a: Terapagos\n|-boost|p2a: Terapagos|spa|1\n|-boost|p2a: Terapagos|spd|1\n|\n|-weather|SunnyDay|[upkeep]\n|-heal|p2a: Terapagos|92\/100|[from] item: Leftovers\n|upkeep\n|turn|5\n|\n|t:|1737489165\n|-terastallize|p2a: Terapagos|Stellar\n|detailschange|p2a: Terapagos|Terapagos-Stellar, L50, M, tera:Stellar\n|-heal|p2a: Terapagos|94\/100|[silent]\n|-ability|p2a: Terapagos|Teraform Zero\n|-weather|none\n|-end|p1b: Flutter Mane|Protosynthesis\n|move|p1a: Tornadus|Bleakwind Storm|p2b: Urshifu|[spread] p2a\n|-miss|p1a: Tornadus|p2b: Urshifu\n|-crit|p2a: Terapagos\n|-damage|p2a: Terapagos|54\/100\n|move|p1b: Flutter Mane|Dazzling Gleam|p2a: Terapagos|[spread] p2a,p2b\n|-supereffective|p2b: Urshifu\n|-damage|p2a: Terapagos|40\/100\n|-damage|p2b: Urshifu|14\/100\n|move|p2b: Urshifu|Surging Strikes|p1b: Flutter Mane\n|-crit|p1b: Flutter Mane\n|-damage|p1b: Flutter Mane|49\/100 par\n|-crit|p1b: Flutter Mane\n|-damage|p1b: Flutter Mane|0 fnt\n|faint|p1b: Flutter Mane\n|-end|p1b: Flutter Mane|Protosynthesis|[silent]\n|-hitcount|p1: Flutter Mane|2\n|move|p2a: Terapagos|Tera Starstorm|p1a: Tornadus\n|-enditem|p1a: Tornadus|Focus Sash\n|-damage|p1a: Tornadus|1\/100\n|\n|-heal|p2a: Terapagos|46\/100|[from] item: Leftovers\n|upkeep\n|\n|t:|1737489172\n|switch|p1b: Koraidon|Koraidon, L50, tera:Fire|84\/100 par\n|-weather|SunnyDay|[from] ability: Orichalcum Pulse|[of] p1b: Koraidon\n|-activate|p1b: Koraidon|Orichalcum Pulse|[source]\n|turn|6\n|\n|t:|1737489179\n|move|p2a: Terapagos|Protect|p2a: Terapagos\n|-singleturn|p2a: Terapagos|Protect\n|move|p2b: Urshifu|Aqua Jet|p1a: Tornadus\n|-damage|p1a: Tornadus|0 fnt\n|faint|p1a: Tornadus\n|move|p1b: Koraidon|Collision Course|p2a: Terapagos\n|-activate|p2a: Terapagos|move: Protect\n|\n|-weather|SunnyDay|[upkeep]\n|-heal|p2a: Terapagos|52\/100|[from] item: Leftovers\n|upkeep\n|\n|t:|1737489183\n|switch|p1a: Chi-Yu|Chi-Yu, L50|100\/100\n|-ability|p1a: Chi-Yu|Beads of Ruin\n|turn|7\n|\n|t:|1737489196\n|move|p2a: Terapagos|Protect||[still]\n|-fail|p2a: Terapagos\n|move|p1a: Chi-Yu|Heat Wave|p2b: Urshifu|[spread] p2a,p2b\n|-resisted|p2b: Urshifu\n|-damage|p2a: Terapagos|20\/100\n|-damage|p2b: Urshifu|0 fnt\n|faint|p2b: Urshifu\n|move|p1b: Koraidon|Collision Course|p2a: Terapagos\n|-supereffective|p2a: Terapagos\n|-damage|p2a: Terapagos|0 fnt\n|faint|p2a: Terapagos\n|\n|win|Acblade\n|raw|Acblade's rating: 1671 &rarr; <strong>1689<\/strong><br \/>(+18 for winning)\n|raw|BLiiNDProdiigy's rating: 1640 &rarr; <strong>1622<\/strong><br \/>(-18 for losing)\n|l| play sos wednesday\n|l|\u2606BLiiNDProdiigy\n|player|p2|\n|l|\u2606Acblade\n|player|p1|\n","uploadtime":1737489448,"views":11,"formatid":"gen9vgc2025regg","rating":1622,"private":0,"password":null}