{"id":"gen9vgc2025regg-2285434356","format":"[Gen 9] VGC 2025 Reg G","players":["insertable002","ggttmmhh"],"log":"|j|\u2606insertable002\n|j|\u2606ggttmmhh\n|t:|1737482205\n|gametype|doubles\n|player|p1|insertable002|169|1558\n|player|p2|ggttmmhh|266|1686\n|teamsize|p1|6\n|teamsize|p2|6\n|gen|9\n|tier|[Gen 9] VGC 2025 Reg G\n|rated|\n|rule|Species Clause: Limit one of each Pok\u00e9mon\n|rule|Item Clause: Limit 1 of each item\n|clearpoke\n|poke|p1|Smeargle, L50, M|\n|poke|p1|Farigiraf, L50, M|\n|poke|p1|Calyrex-Ice, L50|\n|poke|p1|Enamorus-Therian, L50, F|\n|poke|p1|Urshifu-*, L50, F|\n|poke|p1|Ogerpon-Cornerstone, L50, F|\n|poke|p2|Groudon, L50|\n|poke|p2|Gouging Fire, L50|\n|poke|p2|Chien-Pao, L50|\n|poke|p2|Urshifu-*, L50, F|\n|poke|p2|Volcarona, L50, M|\n|poke|p2|Raging Bolt, L50|\n|teampreview|4\n|\n|t:|1737482274\n|start\n|switch|p1a: G009|Smeargle, L50, M|100\/100\n|switch|p1b: G002|Farigiraf, L50, M|100\/100\n|switch|p2a: Gouging Fire|Gouging Fire, L50|100\/100\n|switch|p2b: Groudon|Groudon, L50|100\/100\n|-weather|SunnyDay|[from] ability: Drought|[of] p2b: Groudon\n|-activate|p2a: Gouging Fire|ability: Protosynthesis\n|-start|p2a: Gouging Fire|protosynthesisspe\n|turn|1\n|\n|t:|1737482308\n|move|p1a: G009|Fake Out|p2b: Groudon\n|-damage|p2b: Groudon|98\/100\n|move|p2a: Gouging Fire|Howl|p2a: Gouging Fire|[spread] p2a,p2b\n|-boost|p2a: Gouging Fire|atk|1\n|-boost|p2b: Groudon|atk|1\n|cant|p2b: Groudon|flinch\n|move|p1b: G002|Trick Room|p1b: G002\n|-fieldstart|move: Trick Room|[of] p1b: G002\n|\n|-weather|SunnyDay|[upkeep]\n|-ability|p1a: G009|Moody|boost\n|-boost|p1a: G009|atk|2\n|-unboost|p1a: G009|spe|1\n|-enditem|p1a: G009|Eject Pack\n|upkeep\n|\n|t:|1737482320\n|switch|p1a: G007|Calyrex-Ice, L50|100\/100\n|-ability|p1a: G007|As One\n|-ability|p1a: G007|Unnerve\n|turn|2\n|\n|t:|1737482333\n|-terastallize|p2b: Groudon|Fire\n|move|p1a: G007|Glacial Lance|p2b: Groudon|[spread] p2a,p2b\n|-resisted|p2b: Groudon\n|-damage|p2a: Gouging Fire|52\/100\n|-damage|p2b: Groudon|78\/100\n|move|p1b: G002|Psychic|p2b: Groudon\n|-damage|p2b: Groudon|49\/100\n|move|p2b: Groudon|Heat Crash|p1b: G002\n|-enditem|p1b: G002|Focus Sash\n|-damage|p1b: G002|1\/100\n|move|p2a: Gouging Fire|Flare Blitz|p1a: G007\n|-supereffective|p1a: G007\n|-damage|p1a: G007|0 fnt\n|faint|p1a: G007\n|-damage|p2a: Gouging Fire|18\/100|[from] Recoil\n|\n|-weather|SunnyDay|[upkeep]\n|upkeep\n|\n|t:|1737482356\n|switch|p1a: G004|Enamorus-Therian, L50, F|100\/100\n|turn|3\n|\n|t:|1737482393\n|-terastallize|p1a: G004|Fairy\n|move|p1a: G004|Springtide Storm|p2b: Groudon|[spread] p2a,p2b\n|-crit|p2a: Gouging Fire\n|-resisted|p2b: Groudon\n|-damage|p2a: Gouging Fire|0 fnt\n|-damage|p2b: Groudon|20\/100\n|-unboost|p2b: Groudon|atk|1\n|faint|p2a: Gouging Fire\n|-end|p2a: Gouging Fire|Protosynthesis|[silent]\n|move|p1b: G002|Psychic|p2b: Groudon\n|-damage|p2b: Groudon|0 fnt\n|faint|p2b: Groudon\n|\n|-weather|SunnyDay|[upkeep]\n|upkeep\n|\n|t:|1737482403\n|switch|p2b: Raging Bolt|Raging Bolt, L50|100\/100\n|switch|p2a: Chien-Pao|Chien-Pao, L50|100\/100\n|-activate|p2b: Raging Bolt|ability: Protosynthesis\n|-start|p2b: Raging Bolt|protosynthesisspa\n|-ability|p2a: Chien-Pao|Sword of Ruin\n|turn|4\n|\n|t:|1737482437\n|move|p2b: Raging Bolt|Protect|p2b: Raging Bolt\n|-singleturn|p2b: Raging Bolt|Protect\n|move|p1a: G004|Springtide Storm|p2b: Raging Bolt|[spread] p2a\n|-activate|p2b: Raging Bolt|move: Protect\n|-supereffective|p2a: Chien-Pao\n|-enditem|p2a: Chien-Pao|Focus Sash\n|-damage|p2a: Chien-Pao|1\/100\n|move|p1b: G002|Tera Blast|p2a: Chien-Pao\n|-damage|p2a: Chien-Pao|0 fnt\n|faint|p2a: Chien-Pao\n|\n|-weather|SunnyDay|[upkeep]\n|upkeep\n|turn|5\n|\n|t:|1737482448\n|switch|p1b: G009|Smeargle, L50, M|100\/100\n|move|p2b: Raging Bolt|Protect||[still]\n|-fail|p2b: Raging Bolt\n|move|p1a: G004|Springtide Storm|p2b: Raging Bolt\n|-supereffective|p2b: Raging Bolt\n|-damage|p2b: Raging Bolt|0 fnt\n|faint|p2b: Raging Bolt\n|-end|p2b: Raging Bolt|Protosynthesis|[silent]\n|\n|win|insertable002\n|raw|insertable002's rating: 1572 &rarr; <strong>1598<\/strong><br \/>(+26 for winning)\n|raw|ggttmmhh's rating: 1686 &rarr; <strong>1660<\/strong><br \/>(-26 for losing)\n|l|\u2606ggttmmhh\n|player|p2|\n|l|\u2606insertable002\n|player|p1|\n","uploadtime":1737482718,"views":15,"formatid":"gen9vgc2025regg","rating":1598,"private":0,"password":null}