{"id":"gen9vgc2025regg-2285555089","format":"[Gen 9] VGC 2025 Reg G","players":["Hikawari","i\u2764\u5a1c\u7984forever"],"log":"|j|\u2606Hikawari\n|j|\u2606i\u2764\u5a1c\u7984forever\n|t:|1737494106\n|gametype|doubles\n|player|p1|Hikawari|1|1583\n|player|p2|i\u2764\u5a1c\u7984forever|youngcouple|1660\n|teamsize|p1|6\n|teamsize|p2|6\n|gen|9\n|tier|[Gen 9] VGC 2025 Reg G\n|rated|\n|rule|Species Clause: Limit one of each Pok\u00e9mon\n|rule|Item Clause: Limit 1 of each item\n|clearpoke\n|poke|p1|Kleavor, L50, F|\n|poke|p1|Calyrex-Ice, L50|\n|poke|p1|Indeedee-F, L50, F|\n|poke|p1|Ursaluna-Bloodmoon, L50, M|\n|poke|p1|Mienshao, L50, F|\n|poke|p1|Zoroark-Hisui, L50, M|\n|poke|p2|Groudon, L50|\n|poke|p2|Farigiraf, L50, M|\n|poke|p2|Urshifu-*, L50, F|\n|poke|p2|Flutter Mane, L50|\n|poke|p2|Dragonite, L50, F|\n|poke|p2|Torkoal, L50, M|\n|teampreview|4\n|inactive|Battle timer is ON: inactive players will automatically lose when time's up. (requested by Hikawari)\n|\n|t:|1737494134\n|start\n|switch|p1a: Kleavor|Kleavor, L50, F|100\/100\n|switch|p1b: Calyrex|Calyrex-Ice, L50|100\/100\n|switch|p2a: Flutter Mane|Flutter Mane, L50|100\/100\n|switch|p2b: Urshifu|Urshifu, L50, F|100\/100\n|turn|1\n|\n|t:|1737494149\n|move|p1b: Calyrex|Will-O-Wisp|p2b: Urshifu\n|-status|p2b: Urshifu|brn\n|move|p2b: Urshifu|Wicked Blow|p1b: Calyrex\n|-supereffective|p1b: Calyrex\n|-crit|p1b: Calyrex\n|-damage|p1b: Calyrex|0 fnt\n|replace|p1b: Zoroark|Zoroark-Hisui, L50, M\n|-end|p1b: Zoroark|Illusion\n|faint|p1b: Zoroark\n|move|p2a: Flutter Mane|Dazzling Gleam|p1a: Kleavor\n|-damage|p1a: Kleavor|28\/100\n|move|p1a: Kleavor|Tailwind|p1a: Kleavor\n|-sidestart|p1: Hikawari|move: Tailwind\n|\n|-damage|p2b: Urshifu|94\/100 brn|[from] brn\n|upkeep\n|\n|t:|1737494160\n|switch|p1b: Ursaluna|Ursaluna-Bloodmoon, L50, M|100\/100\n|turn|2\n|\n|t:|1737494166\n|-terastallize|p1b: Ursaluna|Normal\n|move|p1b: Ursaluna|Hyper Voice|p2a: Flutter Mane|[spread] p2a,p2b\n|-damage|p2a: Flutter Mane|47\/100\n|-damage|p2b: Urshifu|4\/100 brn\n|-damage|p1b: Ursaluna|91\/100|[from] item: Life Orb\n|move|p1a: Kleavor|Stone Axe|p2a: Flutter Mane\n|-damage|p2a: Flutter Mane|0 fnt\n|-sidestart|p2: i\u2764\u5a1c\u7984forever|move: Stealth Rock\n|faint|p2a: Flutter Mane\n|-end|p2a: Flutter Mane|Protosynthesis|[silent]\n|move|p2b: Urshifu|Wicked Blow|p1a: Kleavor\n|-crit|p1a: Kleavor\n|-damage|p1a: Kleavor|0 fnt\n|faint|p1a: Kleavor\n|\n|-damage|p2b: Urshifu|0 fnt|[from] brn\n|faint|p2b: Urshifu\n|upkeep\n|\n|t:|1737494181\n|switch|p2a: Groudon|Groudon, L50|100\/100\n|switch|p2b: Torkoal|Torkoal, L50, M|100\/100\n|switch|p1a: Calyrex|Calyrex-Ice, L50|100\/100\n|-ability|p1a: Calyrex|As One\n|-ability|p1a: Calyrex|Unnerve\n|-damage|p2a: Groudon|94\/100|[from] Stealth Rock\n|-weather|SunnyDay|[from] ability: Drought|[of] p2a: Groudon\n|-damage|p2b: Torkoal|75\/100|[from] Stealth Rock\n|turn|3\n|\n|t:|1737494194\n|move|p1b: Ursaluna|Protect|p1b: Ursaluna\n|-singleturn|p1b: Ursaluna|Protect\n|move|p1a: Calyrex|Protect|p1a: Calyrex\n|-singleturn|p1a: Calyrex|Protect\n|move|p2b: Torkoal|Protect|p2b: Torkoal\n|-singleturn|p2b: Torkoal|Protect\n|move|p2a: Groudon|Precipice Blades|p1b: Ursaluna|[spread] \n|-activate|p1a: Calyrex|move: Protect\n|-activate|p1b: Ursaluna|move: Protect\n|\n|-weather|SunnyDay|[upkeep]\n|upkeep\n|turn|4\n|j| mistball2\n|\n|t:|1737494209\n|move|p1b: Ursaluna|Earth Power|p2b: Torkoal\n|-supereffective|p2b: Torkoal\n|-damage|p2b: Torkoal|0 fnt\n|faint|p2b: Torkoal\n|-damage|p1b: Ursaluna|81\/100|[from] item: Life Orb\n|move|p1a: Calyrex|Glacial Lance|p2a: Groudon\n|-supereffective|p2a: Groudon\n|-damage|p2a: Groudon|4\/100\n|move|p2a: Groudon|Precipice Blades|p1a: Calyrex|[spread] p1a\n|-miss|p2a: Groudon|p1b: Ursaluna\n|-damage|p1a: Calyrex|65\/100\n|\n|-weather|SunnyDay|[upkeep]\n|-sideend|p1: Hikawari|move: Tailwind\n|upkeep\n|turn|5\n|j| WeGoVrooooom\n|-message|i\u2764\u5a1c\u7984forever forfeited.\n|\n|win|Hikawari\n|raw|Hikawari's rating: 1583 &rarr; <strong>1607<\/strong><br \/>(+24 for winning)\n|raw|i\u2764\u5a1c\u7984forever's rating: 1660 &rarr; <strong>1636<\/strong><br \/>(-24 for losing)\n|l|\u2606i\u2764\u5a1c\u7984forever\n|player|p2|\n|l|\u2606Hikawari\n|player|p1|\n|l| WeGoVrooooom\n","uploadtime":1737494475,"views":15,"formatid":"gen9vgc2025regg","rating":1607,"private":0,"password":null}