{"id":"gen9vgc2025regg-2285979538","format":"[Gen 9] VGC 2025 Reg G","players":["Ogerpon(W)VGC","Acblade"],"log":"|j|\u2606Ogerpon(W)VGC\n|j|\u2606Acblade\n|t:|1737555521\n|gametype|doubles\n|player|p1|Ogerpon(W)VGC|2|1714\n|player|p2|Acblade|lucas|1598\n|teamsize|p1|6\n|teamsize|p2|6\n|gen|9\n|tier|[Gen 9] VGC 2025 Reg G\n|rated|\n|rule|Species Clause: Limit one of each Pok\u00e9mon\n|rule|Item Clause: Limit 1 of each item\n|clearpoke\n|poke|p1|Calyrex-Ice, L50|\n|poke|p1|Smeargle, L50, F|\n|poke|p1|Urshifu-*, L50, M|\n|poke|p1|Raging Bolt, L50|\n|poke|p1|Ogerpon-Cornerstone, L50, F|\n|poke|p1|Volcarona, L50, M|\n|poke|p2|Tornadus, L50, M|\n|poke|p2|Chi-Yu, L50|\n|poke|p2|Flutter Mane, L50|\n|poke|p2|Koraidon, L50|\n|poke|p2|Raging Bolt, L50|\n|poke|p2|Farigiraf, L50, F|\n|teampreview|4\n|inactive|Battle timer is ON: inactive players will automatically lose when time's up. (requested by Acblade)\n|\n|t:|1737555551\n|start\n|switch|p1a: Calyrex|Calyrex-Ice, L50|100\/100\n|switch|p1b: Smeargle|Smeargle, L50, F, shiny|100\/100\n|switch|p2a: Farigiraf|Farigiraf, L50, F|100\/100\n|switch|p2b: Koraidon|Koraidon, L50|100\/100\n|-ability|p1a: Calyrex|As One\n|-ability|p1a: Calyrex|Unnerve\n|-weather|SunnyDay|[from] ability: Orichalcum Pulse|[of] p2b: Koraidon\n|-activate|p2b: Koraidon|Orichalcum Pulse|[source]\n|turn|1\n|\n|t:|1737555568\n|-terastallize|p2b: Koraidon|Fire\n|move|p1b: Smeargle|Spiky Shield|p1b: Smeargle\n|-singleturn|p1b: Smeargle|move: Protect\n|move|p1a: Calyrex|Protect|p1a: Calyrex\n|-singleturn|p1a: Calyrex|Protect\n|move|p2b: Koraidon|Breaking Swipe|p1a: Calyrex|[spread] \n|-activate|p1a: Calyrex|move: Protect\n|-activate|p1b: Smeargle|move: Protect\n|-damage|p2b: Koraidon|88\/100|[from] Spiky Shield|[of] p1b: Smeargle\n|move|p2a: Farigiraf|Psychic|p1b: Smeargle\n|-activate|p1b: Smeargle|move: Protect\n|\n|-weather|SunnyDay|[upkeep]\n|-ability|p1b: Smeargle|Moody|boost\n|-boost|p1b: Smeargle|spa|2\n|-unboost|p1b: Smeargle|spd|1\n|upkeep\n|turn|2\n|inactive|Ogerpon(W)VGC has 30 seconds left.\n|\n|t:|1737555601\n|-terastallize|p1a: Calyrex|Fairy\n|move|p2b: Koraidon|Breaking Swipe|p1a: Calyrex|[spread] p1b\n|-immune|p1a: Calyrex\n|-enditem|p1b: Smeargle|Focus Sash\n|-damage|p1b: Smeargle|1\/100\n|-unboost|p1b: Smeargle|atk|1\n|move|p1b: Smeargle|Spore|p2b: Koraidon\n|-status|p2b: Koraidon|slp|[from] move: Spore\n|move|p1a: Calyrex|Glacial Lance|p2b: Koraidon|[spread] p2a,p2b\n|-resisted|p2b: Koraidon\n|-damage|p2a: Farigiraf|63\/100\n|-damage|p2b: Koraidon|66\/100 slp\n|move|p2a: Farigiraf|Imprison|p2a: Farigiraf\n|-start|p2a: Farigiraf|move: Imprison\n|\n|-weather|SunnyDay|[upkeep]\n|-ability|p1b: Smeargle|Moody|boost\n|-boost|p1b: Smeargle|spd|2\n|-unboost|p1b: Smeargle|spa|1\n|upkeep\n|turn|3\n|\n|t:|1737555624\n|move|p2a: Farigiraf|Protect|p2a: Farigiraf\n|-singleturn|p2a: Farigiraf|Protect\n|cant|p2b: Koraidon|slp\n|move|p1b: Smeargle|Salt Cure|p2b: Koraidon\n|-supereffective|p2b: Koraidon\n|-damage|p2b: Koraidon|61\/100 slp\n|-start|p2b: Koraidon|Salt Cure\n|move|p1a: Calyrex|Glacial Lance|p2a: Farigiraf|[spread] p2b\n|-activate|p2a: Farigiraf|move: Protect\n|-resisted|p2b: Koraidon\n|-damage|p2b: Koraidon|37\/100 slp\n|\n|-weather|SunnyDay|[upkeep]\n|-damage|p2b: Koraidon|25\/100 slp|[from] Salt Cure\n|-ability|p1b: Smeargle|Moody|boost\n|-boost|p1b: Smeargle|def|2\n|-unboost|p1b: Smeargle|atk|1\n|upkeep\n|turn|4\n|\n|t:|1737555642\n|-curestatus|p2b: Koraidon|slp|[msg]\n|move|p2b: Koraidon|Breaking Swipe|p1a: Calyrex|[spread] p1b\n|-immune|p1a: Calyrex\n|-damage|p1b: Smeargle|0 fnt\n|faint|p1b: Smeargle\n|move|p1a: Calyrex|Glacial Lance|p2a: Farigiraf|[spread] p2a,p2b\n|-resisted|p2b: Koraidon\n|-damage|p2a: Farigiraf|23\/100\n|-damage|p2b: Koraidon|0 fnt\n|faint|p2b: Koraidon\n|-ability|p1a: Calyrex|Chilling Neigh|boost\n|-boost|p1a: Calyrex|atk|1\n|move|p2a: Farigiraf|Psychic|p1a: Calyrex\n|-damage|p1a: Calyrex|78\/100\n|\n|-weather|SunnyDay|[upkeep]\n|upkeep\n|\n|t:|1737555660\n|switch|p2b: Chi-Yu|Chi-Yu, L50|100\/100\n|switch|p1b: Raging Bolt|Raging Bolt, L50|100\/100\n|-ability|p2b: Chi-Yu|Beads of Ruin\n|-activate|p1b: Raging Bolt|ability: Protosynthesis\n|-start|p1b: Raging Bolt|protosynthesisspa\n|turn|5\n|\n|t:|1737555678\n|move|p2b: Chi-Yu|Heat Wave|p1b: Raging Bolt|[spread] p1a,p1b\n|-resisted|p1b: Raging Bolt\n|-damage|p1a: Calyrex|24\/100\n|-damage|p1b: Raging Bolt|76\/100\n|-status|p1b: Raging Bolt|brn\n|move|p1b: Raging Bolt|Electroweb|p2b: Chi-Yu|[spread] p2a,p2b\n|-damage|p2a: Farigiraf|0 fnt\n|-damage|p2b: Chi-Yu|69\/100\n|-unboost|p2b: Chi-Yu|spe|1\n|faint|p2a: Farigiraf\n|move|p1a: Calyrex|Glacial Lance|p2b: Chi-Yu\n|-resisted|p2b: Chi-Yu\n|-damage|p2b: Chi-Yu|0 fnt\n|faint|p2b: Chi-Yu\n|-ability|p1a: Calyrex|Chilling Neigh|boost\n|-boost|p1a: Calyrex|atk|1\n|\n|-weather|none\n|-end|p1b: Raging Bolt|Protosynthesis\n|-damage|p1b: Raging Bolt|70\/100 brn|[from] brn\n|upkeep\n|\n|t:|1737555690\n|switch|p2b: Flutter Mane|Flutter Mane, L50|100\/100\n|turn|6\n|\n|t:|1737555700\n|move|p2b: Flutter Mane|Dazzling Gleam|p1a: Calyrex|[spread] p1a,p1b\n|-supereffective|p1b: Raging Bolt\n|-crit|p1b: Raging Bolt\n|-damage|p1a: Calyrex|0 fnt\n|-damage|p1b: Raging Bolt|0 fnt\n|faint|p1a: Calyrex\n|faint|p1b: Raging Bolt\n|-end|p1b: Raging Bolt|Protosynthesis|[silent]\n|\n|upkeep\n|\n|t:|1737555707\n|switch|p1b: Ogerpon|Ogerpon-Cornerstone, L50, F|100\/100\n|turn|7\n|\n|t:|1737555711\n|move|p2b: Flutter Mane|Dazzling Gleam|p1b: Ogerpon\n|-damage|p1b: Ogerpon|22\/100\n|move|p1b: Ogerpon|Ivy Cudgel|p2b: Flutter Mane|[anim] Ivy Cudgel Rock\n|-damage|p2b: Flutter Mane|0 fnt\n|faint|p2b: Flutter Mane\n|-end|p2b: Flutter Mane|Protosynthesis|[silent]\n|\n|win|Ogerpon(W)VGC\n|raw|Ogerpon(W)VGC's rating: 1714 &rarr; <strong>1728<\/strong><br \/>(+14 for winning)\n|raw|Acblade's rating: 1598 &rarr; <strong>1584<\/strong><br \/>(-14 for losing)\n|l|\u2606Ogerpon(W)VGC\n|player|p1|\n","uploadtime":1737555946,"views":25,"formatid":"gen9vgc2025regg","rating":1584,"private":0,"password":null}