{"id":"gen9vgc2025regg-2285133401","format":"[Gen 9] VGC 2025 Reg G","players":["bayo93","CCC2023"],"log":"|j|\u2606bayo93\n|j|\u2606CCC2023\n|t:|1737440251\n|gametype|doubles\n|player|p1|bayo93|266|1562\n|player|p2|CCC2023|170|1562\n|teamsize|p1|6\n|teamsize|p2|6\n|gen|9\n|tier|[Gen 9] VGC 2025 Reg G\n|rated|\n|rule|Species Clause: Limit one of each Pok\u00e9mon\n|rule|Item Clause: Limit 1 of each item\n|clearpoke\n|poke|p1|Groudon, L50|\n|poke|p1|Chien-Pao, L50|\n|poke|p1|Raging Bolt, L50|\n|poke|p1|Chi-Yu, L50|\n|poke|p1|Talonflame, L50, M|\n|poke|p1|Flutter Mane, L50|\n|poke|p2|Urshifu-*, L50, M|\n|poke|p2|Flutter Mane, L50|\n|poke|p2|Amoonguss, L50, M|\n|poke|p2|Terapagos, L50, M|\n|poke|p2|Incineroar, L50, M|\n|poke|p2|Raging Bolt, L50|\n|teampreview|4\n|inactive|Battle timer is ON: inactive players will automatically lose when time's up. (requested by bayo93)\n|inactive|bayo93 has 60 seconds left.\n|inactive|CCC2023 has 60 seconds left.\n|inactive|bayo93 has 30 seconds left.\n|inactive|CCC2023 has 30 seconds left.\n|inactive|bayo93 has 20 seconds left.\n|inactive|CCC2023 has 20 seconds left.\n|inactive|bayo93 has 15 seconds left.\n|inactive|CCC2023 has 15 seconds left.\n|inactive|bayo93 has 10 seconds left.\n|\n|t:|1737440337\n|start\n|switch|p1a: Talonflame|Talonflame, L50, M|100\/100\n|switch|p1b: Chi-Yu|Chi-Yu, L50|100\/100\n|switch|p2a: Incineroar|Incineroar, L50, M, shiny|100\/100\n|switch|p2b: Terapagos|Terapagos, L50, M|100\/100\n|-activate|p2b: Terapagos|ability: Tera Shift\n|detailschange|p2b: Terapagos|Terapagos-Terastal, L50, M\n|-heal|p2b: Terapagos|100\/100|[silent]\n|-ability|p1b: Chi-Yu|Beads of Ruin\n|-ability|p2a: Incineroar|Intimidate|boost\n|-unboost|p1a: Talonflame|atk|1\n|-unboost|p1b: Chi-Yu|atk|1\n|turn|1\n|inactive|CCC2023 has 30 seconds left.\n|inactive|CCC2023 has 20 seconds left.\n|inactive|CCC2023 has 15 seconds left.\n|\n|t:|1737440380\n|move|p2b: Terapagos|Protect|p2b: Terapagos\n|-singleturn|p2b: Terapagos|Protect\n|move|p1b: Chi-Yu|Dark Pulse|p2b: Terapagos\n|-activate|p2b: Terapagos|move: Protect\n|move|p1a: Talonflame|Taunt|p2b: Terapagos\n|-activate|p2b: Terapagos|move: Protect\n|move|p2a: Incineroar|Knock Off|p1a: Talonflame\n|-damage|p1a: Talonflame|50\/100\n|-enditem|p1a: Talonflame|Covert Cloak|[from] move: Knock Off|[of] p2a: Incineroar\n|\n|upkeep\n|turn|2\n|inactive|CCC2023 has 30 seconds left.\n|\n|t:|1737440412\n|move|p1b: Chi-Yu|Dark Pulse|p2b: Terapagos\n|-activate|p2b: Terapagos|ability: Tera Shell\n|-resisted|p2b: Terapagos\n|-damage|p2b: Terapagos|73\/100\n|move|p1a: Talonflame|Tailwind|p1a: Talonflame\n|-sidestart|p1: bayo93|move: Tailwind\n|move|p2b: Terapagos|Earth Power|p1b: Chi-Yu\n|-supereffective|p1b: Chi-Yu\n|-damage|p1b: Chi-Yu|31\/100\n|move|p2a: Incineroar|Parting Shot|p1b: Chi-Yu\n|-unboost|p1b: Chi-Yu|atk|1\n|-unboost|p1b: Chi-Yu|spa|1\n|inactive|CCC2023 has 30 seconds left.\n|\n|t:|1737440440\n|switch|p2a: Urshifu|Urshifu-Rapid-Strike, L50, M|100\/100|[from] Parting Shot\n|\n|-heal|p2b: Terapagos|79\/100|[from] item: Leftovers\n|upkeep\n|turn|3\n|inactive|bayo93 has 30 seconds left.\n|inactive|CCC2023 has 30 seconds left.\n|inactive|bayo93 has 20 seconds left.\n|inactive|CCC2023 has 20 seconds left.\n|inactive|bayo93 has 15 seconds left.\n|\n|t:|1737440485\n|move|p2a: Urshifu|Aqua Jet|p1b: Chi-Yu\n|-supereffective|p1b: Chi-Yu\n|-damage|p1b: Chi-Yu|0 fnt\n|faint|p1b: Chi-Yu\n|move|p1a: Talonflame|Brave Bird|p2a: Urshifu\n|-supereffective|p2a: Urshifu\n|-damage|p2a: Urshifu|42\/100\n|-damage|p1a: Talonflame|27\/100|[from] Recoil\n|move|p2b: Terapagos|Tera Starstorm|p1a: Talonflame\n|-damage|p1a: Talonflame|0 fnt\n|faint|p1a: Talonflame\n|\n|-heal|p2b: Terapagos|85\/100|[from] item: Leftovers\n|upkeep\n|j| mr pogostick\n|\n|t:|1737440489\n|switch|p1a: Groudon|Groudon, L50|100\/100\n|switch|p1b: Flutter Mane|Flutter Mane, L50|100\/100\n|-weather|SunnyDay|[from] ability: Drought|[of] p1a: Groudon\n|-activate|p1b: Flutter Mane|ability: Protosynthesis\n|-start|p1b: Flutter Mane|protosynthesisspe\n|turn|4\n|inactive|CCC2023 has 30 seconds left.\n|\n|t:|1737440523\n|move|p2a: Urshifu|Protect|p2a: Urshifu\n|-singleturn|p2a: Urshifu|Protect\n|move|p2b: Terapagos|Protect|p2b: Terapagos\n|-singleturn|p2b: Terapagos|Protect\n|move|p1b: Flutter Mane|Dazzling Gleam|p2a: Urshifu|[spread] \n|-activate|p2a: Urshifu|move: Protect\n|-activate|p2b: Terapagos|move: Protect\n|move|p1a: Groudon|Precipice Blades|p2a: Urshifu|[spread] \n|-activate|p2a: Urshifu|move: Protect\n|-activate|p2b: Terapagos|move: Protect\n|\n|-weather|SunnyDay|[upkeep]\n|-heal|p2b: Terapagos|92\/100|[from] item: Leftovers\n|upkeep\n|turn|5\n|inactive|CCC2023 has 30 seconds left.\n|\n|t:|1737440554\n|-terastallize|p2b: Terapagos|Stellar\n|detailschange|p2b: Terapagos|Terapagos-Stellar, L50, M, tera:Stellar\n|-heal|p2b: Terapagos|94\/100|[silent]\n|-ability|p2b: Terapagos|Teraform Zero\n|-weather|none\n|-end|p1b: Flutter Mane|Protosynthesis\n|move|p2a: Urshifu|Aqua Jet|p1b: Flutter Mane\n|-damage|p1b: Flutter Mane|60\/100\n|move|p1b: Flutter Mane|Dazzling Gleam|p2a: Urshifu|[spread] p2a,p2b\n|-supereffective|p2a: Urshifu\n|-damage|p2a: Urshifu|0 fnt\n|-damage|p2b: Terapagos|62\/100\n|faint|p2a: Urshifu\n|move|p1a: Groudon|Precipice Blades|p2b: Terapagos\n|-damage|p2b: Terapagos|15\/100\n|move|p2b: Terapagos|Tera Starstorm|p1a: Groudon|[spread] p1a,p1b\n|-damage|p1a: Groudon|62\/100\n|-damage|p1b: Flutter Mane|23\/100\n|\n|-heal|p2b: Terapagos|21\/100|[from] item: Leftovers\n|-sideend|p1: bayo93|move: Tailwind\n|upkeep\n|\n|t:|1737440576\n|switch|p2a: Flutter Mane|Flutter Mane, L50|100\/100\n|-enditem|p2a: Flutter Mane|Booster Energy\n|-activate|p2a: Flutter Mane|ability: Protosynthesis|[fromitem]\n|-start|p2a: Flutter Mane|protosynthesisspe\n|turn|6\n|inactive|CCC2023 has 30 seconds left.\n|inactive|CCC2023 has 20 seconds left.\n|\n|t:|1737440612\n|-terastallize|p1a: Groudon|Ground\n|move|p2b: Terapagos|Protect|p2b: Terapagos\n|-singleturn|p2b: Terapagos|Protect\n|move|p2a: Flutter Mane|Moonblast|p1b: Flutter Mane\n|-damage|p1b: Flutter Mane|0 fnt\n|faint|p1b: Flutter Mane\n|-end|p1b: Flutter Mane|Protosynthesis|[silent]\n|move|p1a: Groudon|Precipice Blades|p2a: Flutter Mane|[spread] p2a\n|-activate|p2b: Terapagos|move: Protect\n|-damage|p2a: Flutter Mane|0 fnt\n|faint|p2a: Flutter Mane\n|-end|p2a: Flutter Mane|Protosynthesis|[silent]\n|\n|-heal|p2b: Terapagos|27\/100|[from] item: Leftovers\n|upkeep\n|\n|t:|1737440628\n|switch|p2a: Incineroar|Incineroar, L50, M, shiny|100\/100\n|-ability|p2a: Incineroar|Intimidate|boost\n|-fail|p1a: Groudon|unboost|[from] item: Clear Amulet|[of] p1a: Groudon\n|turn|7\n|\n|t:|1737440637\n|move|p1a: Groudon|Protect|p1a: Groudon\n|-singleturn|p1a: Groudon|Protect\n|move|p2a: Incineroar|Fake Out|p1a: Groudon\n|-activate|p1a: Groudon|move: Protect\n|move|p2b: Terapagos|Tera Starstorm|p1a: Groudon\n|-activate|p1a: Groudon|move: Protect\n|\n|-heal|p2b: Terapagos|33\/100|[from] item: Leftovers\n|upkeep\n|turn|8\n|\n|t:|1737440656\n|move|p2b: Terapagos|Protect|p2b: Terapagos\n|-singleturn|p2b: Terapagos|Protect\n|move|p1a: Groudon|Precipice Blades|p2b: Terapagos|[spread] p2a\n|-activate|p2b: Terapagos|move: Protect\n|-supereffective|p2a: Incineroar\n|-damage|p2a: Incineroar|0 fnt\n|faint|p2a: Incineroar\n|\n|-heal|p2b: Terapagos|39\/100|[from] item: Leftovers\n|upkeep\n|turn|9\n|\n|t:|1737440667\n|move|p1a: Groudon|Protect|p1a: Groudon\n|-singleturn|p1a: Groudon|Protect\n|move|p2b: Terapagos|Tera Starstorm|p1a: Groudon\n|-activate|p1a: Groudon|move: Protect\n|\n|-heal|p2b: Terapagos|46\/100|[from] item: Leftovers\n|upkeep\n|turn|10\n|\n|t:|1737440676\n|move|p1a: Groudon|Precipice Blades|p2b: Terapagos\n|-damage|p2b: Terapagos|0 fnt\n|faint|p2b: Terapagos\n|\n|win|bayo93\n|raw|bayo93's rating: 1562 &rarr; <strong>1582<\/strong><br \/>(+20 for winning)\n|raw|CCC2023's rating: 1562 &rarr; <strong>1542<\/strong><br \/>(-20 for losing)\n|l|\u2606bayo93\n|player|p1|\n|l|\u2606CCC2023\n|player|p2|\n|l| mr pogostick\n","uploadtime":1737440903,"views":18,"formatid":"gen9vgc2025regg","rating":1542,"private":0,"password":null}