{"id":"gen9vgc2025regg-2285825047","format":"[Gen 9] VGC 2025 Reg G","players":["GG=Groudon Gaming","501JFW"],"log":"|j|\u2606GG=Groudon Gaming\n|j|\u203d501JFW\n|t:|1737530540\n|gametype|doubles\n|player|p1|GG=Groudon Gaming|may-masters2|1594\n|player|p2|501JFW|170|1551\n|teamsize|p1|6\n|teamsize|p2|6\n|gen|9\n|tier|[Gen 9] VGC 2025 Reg G\n|rated|\n|rule|Species Clause: Limit one of each Pok\u00e9mon\n|rule|Item Clause: Limit 1 of each item\n|clearpoke\n|poke|p1|Groudon, L50|\n|poke|p1|Scream Tail, L50|\n|poke|p1|Gothitelle, L50, F|\n|poke|p1|Urshifu-*, L50, F|\n|poke|p1|Raging Bolt, L50|\n|poke|p1|Ogerpon-Hearthflame, L50, F|\n|poke|p2|Calyrex-Ice, L50|\n|poke|p2|Iron Valiant, L50|\n|poke|p2|Urshifu-*, L50, F|\n|poke|p2|Pelipper, L50, M|\n|poke|p2|Landorus, L50, M|\n|poke|p2|Amoonguss, L50, M|\n|teampreview|4\n|inactive|Battle timer is ON: inactive players will automatically lose when time's up. (requested by GG=Groudon Gaming)\n|inactive|GG=Groudon Gaming has 60 seconds left.\n|inactive|501JFW has 60 seconds left.\n|\n|t:|1737530594\n|start\n|switch|p1a: Scream Tail|Scream Tail, L50|100\/100\n|switch|p1b: Urshifu|Urshifu, L50, F|100\/100\n|switch|p2a: Landorus|Landorus, L50, M, shiny|100\/100\n|switch|p2b: Urshifu|Urshifu-Rapid-Strike, L50, F|100\/100\n|-enditem|p1a: Scream Tail|Booster Energy\n|-activate|p1a: Scream Tail|ability: Protosynthesis|[fromitem]\n|-start|p1a: Scream Tail|protosynthesisspe\n|turn|1\n|inactive|GG=Groudon Gaming has 30 seconds left.\n|\n|t:|1737530627\n|switch|p2b: Pelipper|Pelipper, L50, M, shiny|100\/100\n|-weather|RainDance|[from] ability: Drizzle|[of] p2b: Pelipper\n|-terastallize|p1b: Urshifu|Dark\n|move|p2a: Landorus|Sandsear Storm|p1b: Urshifu|[spread] p1a,p1b\n|-damage|p1a: Scream Tail|66\/100\n|-damage|p1b: Urshifu|28\/100\n|move|p1a: Scream Tail|Howl|p1a: Scream Tail|[spread] p1a,p1b\n|-boost|p1a: Scream Tail|atk|1\n|-boost|p1b: Urshifu|atk|1\n|move|p1b: Urshifu|Wicked Blow|p2b: Pelipper\n|-crit|p2b: Pelipper\n|-damage|p2b: Pelipper|0 fnt\n|faint|p2b: Pelipper\n|\n|-weather|RainDance|[upkeep]\n|upkeep\n|inactive|501JFW has 30 seconds left.\n|\n|t:|1737530652\n|switch|p2b: Urshifu|Urshifu-Rapid-Strike, L50, F|100\/100\n|turn|2\n|\n|t:|1737530664\n|-end|p1a: Scream Tail|Protosynthesis|[silent]\n|switch|p1a: Groudon|Groudon, L50|100\/100\n|-weather|SunnyDay|[from] ability: Drought|[of] p1a: Groudon\n|-terastallize|p2b: Urshifu|Water\n|move|p1b: Urshifu|Sucker Punch|p2a: Landorus\n|-damage|p2a: Landorus|8\/100\n|move|p2b: Urshifu|Aqua Jet|p1b: Urshifu\n|-damage|p1b: Urshifu|13\/100\n|move|p2a: Landorus|Sandsear Storm|p1a: Groudon|[spread] p1a,p1b\n|-damage|p1a: Groudon|52\/100\n|-damage|p1b: Urshifu|0 fnt\n|faint|p1b: Urshifu\n|\n|-weather|SunnyDay|[upkeep]\n|upkeep\n|\n|t:|1737530681\n|switch|p1b: Ogerpon|Ogerpon-Hearthflame, L50, F|100\/100\n|-ability|p1b: Ogerpon|Mold Breaker\n|turn|3\n|inactive|501JFW has 30 seconds left.\n|\n|t:|1737530708\n|move|p2a: Landorus|Sandsear Storm|p1a: Groudon|[spread] p1a\n|-miss|p2a: Landorus|p1b: Ogerpon\n|-damage|p1a: Groudon|1\/100\n|move|p1b: Ogerpon|Wood Hammer|p2b: Urshifu\n|-supereffective|p2b: Urshifu\n|-enditem|p2b: Urshifu|Focus Sash\n|-damage|p2b: Urshifu|1\/100\n|-damage|p1b: Ogerpon|63\/100|[from] Recoil\n|move|p2b: Urshifu|Surging Strikes|p1a: Groudon\n|-supereffective|p1a: Groudon\n|-crit|p1a: Groudon\n|-damage|p1a: Groudon|0 fnt\n|faint|p1a: Groudon\n|-hitcount|p1: Groudon|1\n|\n|-weather|SunnyDay|[upkeep]\n|upkeep\n|\n|t:|1737530714\n|switch|p1a: Scream Tail|Scream Tail, L50|66\/100\n|-activate|p1a: Scream Tail|ability: Protosynthesis\n|-start|p1a: Scream Tail|protosynthesisspe\n|turn|4\n|inactive|501JFW has 30 seconds left.\n|\n|t:|1737530740\n|switch|p2a: Calyrex|Calyrex-Ice, L50|100\/100\n|-ability|p2a: Calyrex|As One\n|-ability|p2a: Calyrex|Unnerve\n|move|p2b: Urshifu|Aqua Jet|p1b: Ogerpon\n|-damage|p1b: Ogerpon|41\/100\n|move|p1a: Scream Tail|Disable|p2b: Urshifu\n|-start|p2b: Urshifu|Disable|Aqua Jet\n|move|p1b: Ogerpon|Ivy Cudgel|p2a: Calyrex|[anim] Ivy Cudgel Fire\n|-supereffective|p2a: Calyrex\n|-crit|p2a: Calyrex\n|-damage|p2a: Calyrex|0 fnt\n|faint|p2a: Calyrex\n|\n|-weather|SunnyDay|[upkeep]\n|upkeep\n|\n|t:|1737530744\n|switch|p2a: Landorus|Landorus, L50, M, shiny|8\/100\n|turn|5\n|\n|t:|1737530768\n|move|p2a: Landorus|Sandsear Storm|p1a: Scream Tail|[spread] p1a,p1b\n|-damage|p1a: Scream Tail|30\/100\n|-damage|p1b: Ogerpon|0 fnt\n|faint|p1b: Ogerpon\n|move|p1a: Scream Tail|Disable|p2a: Landorus\n|-start|p2a: Landorus|Disable|Sandsear Storm\n|move|p2b: Urshifu|Surging Strikes|p1a: Scream Tail\n|-crit|p1a: Scream Tail\n|-damage|p1a: Scream Tail|19\/100\n|-crit|p1a: Scream Tail\n|-damage|p1a: Scream Tail|10\/100\n|-crit|p1a: Scream Tail\n|-damage|p1a: Scream Tail|0 fnt\n|faint|p1a: Scream Tail\n|-end|p1a: Scream Tail|Protosynthesis|[silent]\n|-hitcount|p1: Scream Tail|3\n|\n|win|501JFW\n|raw|GG=Groudon Gaming's rating: 1594 &rarr; <strong>1572<\/strong><br \/>(-22 for losing)\n|raw|501JFW's rating: 1551 &rarr; <strong>1573<\/strong><br \/>(+22 for winning)\n|l|\u2606GG=Groudon Gaming\n|player|p1|\n|l|\u203d501JFW\n|player|p2|\n","uploadtime":1737531009,"views":12,"formatid":"gen9vgc2025regg","rating":1572,"private":0,"password":null}