{"id":"gen9vgc2025regg-2285811782","format":"[Gen 9] VGC 2025 Reg G","players":["chappell murkroan","501JFW"],"log":"|j|\u2606chappell murkroan\n|j|\u203d501JFW\n|t:|1737527976\n|gametype|doubles\n|player|p1|chappell murkroan|caitlin|1675\n|player|p2|501JFW|170|1638\n|teamsize|p1|6\n|teamsize|p2|6\n|gen|9\n|tier|[Gen 9] VGC 2025 Reg G\n|rated|\n|rule|Species Clause: Limit one of each Pok\u00e9mon\n|rule|Item Clause: Limit 1 of each item\n|clearpoke\n|poke|p1|Miraidon, L50|\n|poke|p1|Chi-Yu, L50|\n|poke|p1|Whimsicott, L50, M|\n|poke|p1|Urshifu-*, L50, F|\n|poke|p1|Gothitelle, L50, M|\n|poke|p1|Kingambit, L50, F|\n|poke|p2|Calyrex-Ice, L50|\n|poke|p2|Iron Valiant, L50|\n|poke|p2|Urshifu-*, L50, M|\n|poke|p2|Pelipper, L50, M|\n|poke|p2|Landorus, L50, M|\n|poke|p2|Amoonguss, L50, M|\n|teampreview|4\n|inactive|Battle timer is ON: inactive players will automatically lose when time's up. (requested by chappell murkroan)\n|j| Pokuchu3\n|inactive|501JFW has 60 seconds left.\n|\n|t:|1737528031\n|start\n|switch|p1a: Miraidon|Miraidon, L50|100\/100\n|switch|p1b: Urshifu|Urshifu-Rapid-Strike, L50, F|100\/100\n|switch|p2a: Iron Valiant|Iron Valiant, L50, shiny|100\/100\n|switch|p2b: Calyrex|Calyrex-Ice, L50|100\/100\n|-ability|p2b: Calyrex|As One\n|-ability|p2b: Calyrex|Unnerve\n|-fieldstart|move: Electric Terrain|[from] ability: Hadron Engine|[of] p1a: Miraidon\n|-activate|p2a: Iron Valiant|ability: Quark Drive\n|-start|p2a: Iron Valiant|quarkdrivespe\n|turn|1\n|j| thorpdatr\n|inactive|501JFW has 30 seconds left.\n|\n|t:|1737528059\n|-terastallize|p1a: Miraidon|Flying\n|-terastallize|p2b: Calyrex|Grass\n|move|p2a: Iron Valiant|Spirit Break|p1a: Miraidon\n|-damage|p1a: Miraidon|68\/100\n|move|p1b: Urshifu|Surging Strikes|p2b: Calyrex\n|-resisted|p2b: Calyrex\n|-crit|p2b: Calyrex\n|-damage|p2b: Calyrex|94\/100\n|-resisted|p2b: Calyrex\n|-crit|p2b: Calyrex\n|-damage|p2b: Calyrex|88\/100\n|-resisted|p2b: Calyrex\n|-crit|p2b: Calyrex\n|-damage|p2b: Calyrex|81\/100\n|-hitcount|p2b: Calyrex|3\n|move|p1a: Miraidon|Electro Drift|p2b: Calyrex\n|-resisted|p2b: Calyrex\n|-crit|p2b: Calyrex\n|-damage|p2b: Calyrex|45\/100\n|move|p2b: Calyrex|Glacial Lance|p1a: Miraidon|[spread] p1a,p1b\n|-supereffective|p1a: Miraidon\n|-resisted|p1b: Urshifu\n|-damage|p1a: Miraidon|0 fnt\n|-damage|p1b: Urshifu|70\/100\n|faint|p1a: Miraidon\n|-ability|p2b: Calyrex|Chilling Neigh|boost\n|-boost|p2b: Calyrex|atk|1\n|\n|upkeep\n|\n|t:|1737528073\n|switch|p1a: Chi-Yu|Chi-Yu, L50|100\/100\n|-ability|p1a: Chi-Yu|Beads of Ruin\n|turn|2\n|\n|t:|1737528095\n|switch|p1b: Whimsicott|Whimsicott, L50, M|100\/100\n|move|p2a: Iron Valiant|Spirit Break|p1a: Chi-Yu\n|-damage|p1a: Chi-Yu|62\/100\n|-unboost|p1a: Chi-Yu|spa|1\n|move|p1a: Chi-Yu|Heat Wave|p2a: Iron Valiant|[spread] p2b\n|-miss|p1a: Chi-Yu|p2a: Iron Valiant\n|-supereffective|p2b: Calyrex\n|-damage|p2b: Calyrex|0 fnt\n|faint|p2b: Calyrex\n|\n|upkeep\n|inactive|501JFW has 30 seconds left.\n|\n|t:|1737528124\n|switch|p2b: Urshifu|Urshifu-Rapid-Strike, L50, M|100\/100\n|turn|3\n|\n|t:|1737528133\n|move|p1b: Whimsicott|Tailwind|p1b: Whimsicott\n|-sidestart|p1: chappell murkroan|move: Tailwind\n|move|p2b: Urshifu|Aqua Jet|p1a: Chi-Yu\n|-supereffective|p1a: Chi-Yu\n|-damage|p1a: Chi-Yu|9\/100\n|move|p2a: Iron Valiant|Spirit Break|p1a: Chi-Yu\n|-damage|p1a: Chi-Yu|0 fnt\n|faint|p1a: Chi-Yu\n|\n|upkeep\n|\n|t:|1737528139\n|switch|p1a: Urshifu|Urshifu-Rapid-Strike, L50, F|70\/100\n|turn|4\n|\n|t:|1737528144\n|move|p1a: Urshifu|Surging Strikes|p2a: Iron Valiant\n|-crit|p2a: Iron Valiant\n|-damage|p2a: Iron Valiant|79\/100\n|-crit|p2a: Iron Valiant\n|-damage|p2a: Iron Valiant|57\/100\n|-crit|p2a: Iron Valiant\n|-damage|p2a: Iron Valiant|36\/100\n|-hitcount|p2a: Iron Valiant|3\n|move|p1b: Whimsicott|Moonblast|p2b: Urshifu\n|-supereffective|p2b: Urshifu\n|-enditem|p2b: Urshifu|Focus Sash\n|-damage|p2b: Urshifu|1\/100\n|-unboost|p2b: Urshifu|spa|1\n|move|p2a: Iron Valiant|Spirit Break|p1a: Urshifu\n|-supereffective|p1a: Urshifu\n|-damage|p1a: Urshifu|5\/100\n|-unboost|p1a: Urshifu|spa|1\n|move|p2b: Urshifu|Close Combat|p1a: Urshifu\n|-damage|p1a: Urshifu|0 fnt\n|-unboost|p2b: Urshifu|def|1\n|-unboost|p2b: Urshifu|spd|1\n|faint|p1a: Urshifu\n|\n|upkeep\n|turn|5\n|\n|t:|1737528156\n|move|p1b: Whimsicott|Moonblast|p2a: Iron Valiant\n|-supereffective|p2a: Iron Valiant\n|-damage|p2a: Iron Valiant|0 fnt\n|faint|p2a: Iron Valiant\n|-end|p2a: Iron Valiant|Quark Drive|[silent]\n|move|p2b: Urshifu|Close Combat|p1b: Whimsicott\n|-resisted|p1b: Whimsicott\n|-damage|p1b: Whimsicott|51\/100\n|-unboost|p2b: Urshifu|def|1\n|-unboost|p2b: Urshifu|spd|1\n|\n|-fieldend|move: Electric Terrain\n|upkeep\n|\n|t:|1737528158\n|switch|p2a: Amoonguss|Amoonguss, L50, M, shiny|100\/100\n|turn|6\n|\n|t:|1737528163\n|move|p1b: Whimsicott|Moonblast|p2b: Urshifu\n|-supereffective|p2b: Urshifu\n|-damage|p2b: Urshifu|0 fnt\n|faint|p2b: Urshifu\n|move|p2a: Amoonguss|Clear Smog|p1b: Whimsicott\n|-supereffective|p1b: Whimsicott\n|-damage|p1b: Whimsicott|0 fnt\n|-clearboost|p1b: Whimsicott\n|faint|p1b: Whimsicott\n|\n|win|501JFW\n|raw|chappell murkroan's rating: 1675 &rarr; <strong>1653<\/strong><br \/>(-22 for losing)\n|raw|501JFW's rating: 1638 &rarr; <strong>1660<\/strong><br \/>(+22 for winning)\n|l| thorpdatr\n|l|\u203d501JFW\n|player|p2|\n","uploadtime":1737528376,"views":21,"formatid":"gen9vgc2025regg","rating":1653,"private":0,"password":null}