{"id":"gen9vgc2025regg-2285086946","format":"[Gen 9] VGC 2025 Reg G","players":["HyperRes","BLiiNDProdiigy"],"log":"|j|\u2606HyperRes\n|j|\u2606BLiiNDProdiigy\n|t:|1737432587\n|gametype|doubles\n|player|p1|HyperRes|miku-ground|1657\n|player|p2|BLiiNDProdiigy|rocketgrunt|1590\n|teamsize|p1|6\n|teamsize|p2|6\n|gen|9\n|tier|[Gen 9] VGC 2025 Reg G\n|rated|\n|rule|Species Clause: Limit one of each Pok\u00e9mon\n|rule|Item Clause: Limit 1 of each item\n|clearpoke\n|poke|p1|Groudon, L50|\n|poke|p1|Sableye, L50, M|\n|poke|p1|Iron Valiant, L50|\n|poke|p1|Raging Bolt, L50|\n|poke|p1|Ogerpon-Hearthflame, L50, F|\n|poke|p1|Chien-Pao, L50|\n|poke|p2|Terapagos, L50, M|\n|poke|p2|Incineroar, L50, F|\n|poke|p2|Rillaboom, L50, M|\n|poke|p2|Urshifu-*, L50, M|\n|poke|p2|Flutter Mane, L50|\n|poke|p2|Ogerpon-Hearthflame, L50, F|\n|teampreview|4\n|inactive|Battle timer is ON: inactive players will automatically lose when time's up. (requested by HyperRes)\n|j| CorkscrewRacer\n|inactive|HyperRes has 60 seconds left.\n|\n|t:|1737432619\n|start\n|switch|p1a: Sableye|Sableye, L50, M|100\/100\n|switch|p1b: Iron Valiant|Iron Valiant, L50|100\/100\n|switch|p2a: Terapagos|Terapagos, L50, M|100\/100\n|switch|p2b: Incineroar|Incineroar, L50, F|100\/100\n|-activate|p2a: Terapagos|ability: Tera Shift\n|detailschange|p2a: Terapagos|Terapagos-Terastal, L50, M\n|-heal|p2a: Terapagos|100\/100|[silent]\n|-ability|p2b: Incineroar|Intimidate|boost\n|-unboost|p1a: Sableye|atk|1\n|-unboost|p1b: Iron Valiant|atk|1\n|-enditem|p1b: Iron Valiant|Booster Energy\n|-activate|p1b: Iron Valiant|ability: Quark Drive|[fromitem]\n|-start|p1b: Iron Valiant|quarkdrivespe\n|turn|1\n|\n|t:|1737432627\n|-terastallize|p1b: Iron Valiant|Ghost\n|move|p2b: Incineroar|Fake Out|p1b: Iron Valiant\n|-immune|p1b: Iron Valiant\n|move|p1a: Sableye|Gravity|p1a: Sableye\n|-fieldstart|move: Gravity\n|move|p1b: Iron Valiant|Hypnosis|p2a: Terapagos\n|-status|p2a: Terapagos|slp|[from] move: Hypnosis\n|cant|p2a: Terapagos|slp\n|\n|upkeep\n|turn|2\n|\n|t:|1737432641\n|switch|p1a: Groudon|Groudon, L50|100\/100\n|-weather|SunnyDay|[from] ability: Drought|[of] p1a: Groudon\n|move|p1b: Iron Valiant|Hypnosis|p2b: Incineroar\n|-status|p2b: Incineroar|slp|[from] move: Hypnosis\n|-curestatus|p2a: Terapagos|slp|[msg]\n|move|p2a: Terapagos|Calm Mind|p2a: Terapagos\n|-boost|p2a: Terapagos|spa|1\n|-boost|p2a: Terapagos|spd|1\n|cant|p2b: Incineroar|slp\n|\n|-weather|SunnyDay|[upkeep]\n|upkeep\n|turn|3\n|\n|t:|1737432653\n|move|p2a: Terapagos|Protect|p2a: Terapagos\n|-singleturn|p2a: Terapagos|Protect\n|move|p1b: Iron Valiant|Moonblast|p2a: Terapagos\n|-activate|p2a: Terapagos|move: Protect\n|move|p1a: Groudon|Precipice Blades|p2a: Terapagos|[spread] p2b\n|-activate|p2a: Terapagos|move: Protect\n|-supereffective|p2b: Incineroar\n|-damage|p2b: Incineroar|31\/100 slp\n|cant|p2b: Incineroar|slp\n|\n|-weather|SunnyDay|[upkeep]\n|upkeep\n|turn|4\n|\n|t:|1737432662\n|-terastallize|p2a: Terapagos|Stellar\n|detailschange|p2a: Terapagos|Terapagos-Stellar, L50, M, tera:Stellar\n|-heal|p2a: Terapagos|100\/100|[silent]\n|-ability|p2a: Terapagos|Teraform Zero\n|-weather|none\n|move|p1b: Iron Valiant|Moonblast|p2a: Terapagos\n|-damage|p2a: Terapagos|84\/100\n|move|p1a: Groudon|Precipice Blades|p2a: Terapagos|[spread] p2a,p2b\n|-supereffective|p2b: Incineroar\n|-damage|p2a: Terapagos|54\/100\n|-damage|p2b: Incineroar|0 fnt\n|faint|p2b: Incineroar\n|move|p2a: Terapagos|Tera Starstorm|p1b: Iron Valiant|[spread] p1a,p1b\n|-supereffective|p1b: Iron Valiant\n|-damage|p1a: Groudon|35\/100\n|-damage|p1b: Iron Valiant|0 fnt\n|faint|p1b: Iron Valiant\n|-end|p1b: Iron Valiant|Quark Drive|[silent]\n|\n|-heal|p2a: Terapagos|61\/100|[from] item: Leftovers\n|upkeep\n|\n|t:|1737432684\n|switch|p1b: Sableye|Sableye, L50, M|100\/100\n|switch|p2b: Ogerpon|Ogerpon-Hearthflame, L50, F|100\/100\n|-ability|p2b: Ogerpon|Mold Breaker\n|turn|5\n|\n|t:|1737432692\n|switch|p1a: Ogerpon|Ogerpon-Hearthflame, L50, F|100\/100\n|-ability|p1a: Ogerpon|Mold Breaker\n|move|p2b: Ogerpon|Spiky Shield|p2b: Ogerpon\n|-singleturn|p2b: Ogerpon|move: Protect\n|move|p2a: Terapagos|Protect|p2a: Terapagos\n|-singleturn|p2a: Terapagos|Protect\n|move|p1b: Sableye|Disable|p2a: Terapagos\n|-activate|p2a: Terapagos|move: Protect\n|\n|-heal|p2a: Terapagos|67\/100|[from] item: Leftovers\n|-fieldend|move: Gravity\n|upkeep\n|turn|6\n|\n|t:|1737432710\n|move|p2b: Ogerpon|Follow Me|p2b: Ogerpon\n|-singleturn|p2b: Ogerpon|move: Follow Me\n|move|p1b: Sableye|Encore|p2b: Ogerpon\n|-start|p2b: Ogerpon|Encore\n|move|p1a: Ogerpon|Ivy Cudgel|p2b: Ogerpon|[anim] Ivy Cudgel Fire\n|-damage|p2b: Ogerpon|44\/100\n|move|p2a: Terapagos|Tera Starstorm|p1a: Ogerpon|[spread] p1a,p1b\n|-damage|p1a: Ogerpon|45\/100\n|-damage|p1b: Sableye|32\/100\n|\n|-heal|p2a: Terapagos|73\/100|[from] item: Leftovers\n|upkeep\n|turn|7\n|\n|t:|1737432726\n|move|p1a: Ogerpon|Spiky Shield|p1a: Ogerpon\n|-singleturn|p1a: Ogerpon|move: Protect\n|move|p2b: Ogerpon|Follow Me|p2b: Ogerpon\n|-singleturn|p2b: Ogerpon|move: Follow Me\n|move|p1b: Sableye|Disable|p2b: Ogerpon\n|-start|p2b: Ogerpon|Disable|Follow Me\n|move|p2a: Terapagos|Tera Starstorm|p1a: Ogerpon|[spread] p1b\n|-activate|p1a: Ogerpon|move: Protect\n|-damage|p1b: Sableye|0 fnt\n|faint|p1b: Sableye\n|\n|-heal|p2a: Terapagos|79\/100|[from] item: Leftovers\n|upkeep\n|\n|t:|1737432739\n|switch|p1b: Groudon|Groudon, L50|35\/100\n|-weather|SunnyDay|[from] ability: Drought|[of] p1b: Groudon\n|turn|8\n|\n|t:|1737432744\n|move|p2a: Terapagos|Protect|p2a: Terapagos\n|-singleturn|p2a: Terapagos|Protect\n|move|p1b: Groudon|Precipice Blades|p2b: Ogerpon|[spread] p2b\n|-activate|p2a: Terapagos|move: Protect\n|-damage|p2b: Ogerpon|0 fnt\n|faint|p2b: Ogerpon\n|move|p1a: Ogerpon|Ivy Cudgel|p2a: Terapagos|[anim] Ivy Cudgel Fire\n|-activate|p2a: Terapagos|move: Protect\n|\n|-weather|SunnyDay|[upkeep]\n|-heal|p2a: Terapagos|86\/100|[from] item: Leftovers\n|upkeep\n|inactive|BLiiNDProdiigy has 30 seconds left.\n|c|\u2606BLiiNDProdiigy|Bruh is that scarf?\n|inactive|BLiiNDProdiigy has 20 seconds left.\n|\n|t:|1737432781\n|switch|p2b: Flutter Mane|Flutter Mane, L50|100\/100\n|-activate|p2b: Flutter Mane|ability: Protosynthesis\n|-start|p2b: Flutter Mane|protosynthesisspe\n|turn|9\n|\n|t:|1737432797\n|move|p2b: Flutter Mane|Icy Wind|p1a: Ogerpon|[spread] p1a,p1b\n|-supereffective|p1b: Groudon\n|-damage|p1a: Ogerpon|33\/100\n|-damage|p1b: Groudon|8\/100\n|-unboost|p1a: Ogerpon|spe|1\n|-unboost|p1b: Groudon|spe|1\n|move|p1b: Groudon|Precipice Blades|p2b: Flutter Mane|[spread] p2a\n|-miss|p1b: Groudon|p2b: Flutter Mane\n|-damage|p2a: Terapagos|54\/100\n|move|p2a: Terapagos|Tera Starstorm|p1b: Groudon|[spread] p1a,p1b\n|-damage|p1a: Ogerpon|0 fnt\n|-damage|p1b: Groudon|0 fnt\n|faint|p1a: Ogerpon\n|faint|p1b: Groudon\n|\n|win|BLiiNDProdiigy\n|raw|HyperRes's rating: 1657 &rarr; <strong>1633<\/strong><br \/>(-24 for losing)\n|raw|BLiiNDProdiigy's rating: 1590 &rarr; <strong>1614<\/strong><br \/>(+24 for winning)\n|c|\u2606HyperRes|gg\n|c|\u2606BLiiNDProdiigy|Haha wow it was. Gg\n|l|\u2606HyperRes\n|player|p1|\n","uploadtime":1737432833,"views":41,"formatid":"gen9vgc2025regg","rating":1614,"private":0,"password":null}