{"id":"gen9vgc2025regg-2285356144","format":"[Gen 9] VGC 2025 Reg G","players":["amphy lighthouse","googer315"],"log":"|j|\u2606amphy lighthouse\n|j|\u2606googer315\n|t:|1737474448\n|gametype|doubles\n|player|p1|amphy lighthouse|266|1618\n|player|p2|googer315|102|1672\n|teamsize|p1|6\n|teamsize|p2|6\n|gen|9\n|tier|[Gen 9] VGC 2025 Reg G\n|rated|\n|rule|Species Clause: Limit one of each Pok\u00e9mon\n|rule|Item Clause: Limit 1 of each item\n|clearpoke\n|poke|p1|Smeargle, L50, F|\n|poke|p1|Muk-Alola, L50, M|\n|poke|p1|Calyrex-Shadow, L50|\n|poke|p1|Flamigo, L50, M|\n|poke|p1|Rillaboom, L50, M|\n|poke|p1|Volcarona, L50, M|\n|poke|p2|Calyrex-Ice, L50|\n|poke|p2|Ting-Lu, L50|\n|poke|p2|Dondozo, L50, F|\n|poke|p2|Urshifu-*, L50, M|\n|poke|p2|Ogerpon-Hearthflame, L50, F|\n|poke|p2|Rillaboom, L50, M|\n|teampreview|4\n|inactive|Battle timer is ON: inactive players will automatically lose when time's up. (requested by googer315)\n|j| Mega Delibird X\n|\n|t:|1737474496\n|start\n|switch|p1a: Smeargle|Smeargle, L50, F|100\/100\n|switch|p1b: Muk|Muk-Alola, L50, M|100\/100\n|switch|p2a: Ting-Lu|Ting-Lu, L50|100\/100\n|switch|p2b: Dondozo|Dondozo, L50, F|100\/100\n|-ability|p2a: Ting-Lu|Vessel of Ruin\n|turn|1\n|inactive|googer315 has 30 seconds left.\n|\n|t:|1737474528\n|move|p1a: Smeargle|Fake Out|p2b: Dondozo\n|-damage|p2b: Dondozo|98\/100\n|move|p1b: Muk|Poison Gas|p2b: Dondozo|[spread] p2a,p2b\n|-status|p2a: Ting-Lu|psn\n|-status|p2b: Dondozo|psn\n|move|p2a: Ting-Lu|Sand Tomb|p1b: Muk\n|-supereffective|p1b: Muk\n|-damage|p1b: Muk|72\/100\n|-activate|p1b: Muk|move: Sand Tomb|[of] p2a: Ting-Lu\n|cant|p2b: Dondozo|flinch\n|\n|-heal|p1b: Muk|78\/100|[from] item: Leftovers\n|-damage|p2a: Ting-Lu|88\/100 psn|[from] psn\n|-damage|p2b: Dondozo|86\/100 psn|[from] psn\n|-damage|p1b: Muk|66\/100|[from] move: Sand Tomb|[partiallytrapped]\n|-ability|p1a: Smeargle|Moody|boost\n|-boost|p1a: Smeargle|def|2\n|-unboost|p1a: Smeargle|spe|1\n|upkeep\n|turn|2\n|\n|t:|1737474547\n|switch|p1a: Rillaboom|Rillaboom, L50, M|100\/100\n|-fieldstart|move: Grassy Terrain|[from] ability: Grassy Surge|[of] p1a: Rillaboom\n|move|p1b: Muk|Minimize|p1b: Muk\n|-boost|p1b: Muk|evasion|2\n|move|p2a: Ting-Lu|Stomping Tantrum|p1b: Muk|[miss]\n|-miss|p2a: Ting-Lu|p1b: Muk\n|move|p2b: Dondozo|Yawn|p1a: Rillaboom\n|-start|p1a: Rillaboom|move: Yawn|[of] p2b: Dondozo\n|\n|-heal|p1b: Muk|72\/100|[from] Grassy Terrain\n|-heal|p1b: Muk|78\/100|[from] item: Leftovers\n|-heal|p2a: Ting-Lu|94\/100 psn|[from] Grassy Terrain\n|-heal|p2a: Ting-Lu|100\/100 psn|[from] item: Leftovers\n|-heal|p2b: Dondozo|92\/100 psn|[from] Grassy Terrain\n|-damage|p2a: Ting-Lu|88\/100 psn|[from] psn\n|-damage|p2b: Dondozo|79\/100 psn|[from] psn\n|-damage|p1b: Muk|66\/100|[from] move: Sand Tomb|[partiallytrapped]\n|upkeep\n|turn|3\n|inactive|googer315 has 30 seconds left.\n|\n|t:|1737474573\n|-terastallize|p2b: Dondozo|Steel\n|move|p1a: Rillaboom|U-turn|p2a: Ting-Lu\n|-supereffective|p2a: Ting-Lu\n|-damage|p2a: Ting-Lu|66\/100 psn\n|\n|t:|1737474578\n|switch|p1a: Smeargle|Smeargle, L50, F|100\/100|[from] U-turn\n|move|p1b: Muk|Minimize|p1b: Muk\n|-boost|p1b: Muk|evasion|2\n|move|p2a: Ting-Lu|Ruination|p1a: Smeargle\n|-damage|p1a: Smeargle|50\/100\n|move|p2b: Dondozo|Heavy Slam|p1b: Muk\n|-damage|p1b: Muk|0 fnt\n|faint|p1b: Muk\n|\n|-heal|p1a: Smeargle|57\/100|[from] Grassy Terrain\n|-heal|p2a: Ting-Lu|72\/100 psn|[from] Grassy Terrain\n|-heal|p2a: Ting-Lu|79\/100 psn|[from] item: Leftovers\n|-heal|p2b: Dondozo|86\/100 psn|[from] Grassy Terrain\n|-damage|p2a: Ting-Lu|66\/100 psn|[from] psn\n|-damage|p2b: Dondozo|73\/100 psn|[from] psn\n|-ability|p1a: Smeargle|Moody|boost\n|-boost|p1a: Smeargle|spd|2\n|-unboost|p1a: Smeargle|def|1\n|upkeep\n|\n|t:|1737474592\n|switch|p1b: Flamigo|Flamigo, L50, M|100\/100\n|-copyboost|p1b: Flamigo|p1a: Smeargle|[from] ability: Costar\n|-enditem|p1b: Flamigo|White Herb\n|-clearnegativeboost|p1b: Flamigo|[silent]\n|turn|4\n|\n|t:|1737474610\n|move|p1a: Smeargle|Fake Out|p2b: Dondozo\n|-resisted|p2b: Dondozo\n|-damage|p2b: Dondozo|72\/100 psn\n|move|p1b: Flamigo|Close Combat|p2a: Ting-Lu\n|-supereffective|p2a: Ting-Lu\n|-damage|p2a: Ting-Lu|14\/100 psn\n|-unboost|p1b: Flamigo|def|1\n|-unboost|p1b: Flamigo|spd|1\n|move|p2a: Ting-Lu|Stomping Tantrum|p1a: Smeargle\n|-damage|p1a: Smeargle|0 fnt\n|faint|p1a: Smeargle\n|cant|p2b: Dondozo|flinch\n|\n|-heal|p2a: Ting-Lu|20\/100 psn|[from] Grassy Terrain\n|-heal|p2a: Ting-Lu|27\/100 psn|[from] item: Leftovers\n|-heal|p2b: Dondozo|78\/100 psn|[from] Grassy Terrain\n|-damage|p2a: Ting-Lu|14\/100 psn|[from] psn\n|-damage|p2b: Dondozo|66\/100 psn|[from] psn\n|upkeep\n|\n|t:|1737474618\n|switch|p1a: Rillaboom|Rillaboom, L50, M|100\/100\n|turn|5\n|\n|t:|1737474634\n|move|p1b: Flamigo|Close Combat|p2b: Dondozo\n|-supereffective|p2b: Dondozo\n|-damage|p2b: Dondozo|2\/100 psn\n|-unboost|p1b: Flamigo|def|1\n|-unboost|p1b: Flamigo|spd|1\n|-enditem|p2b: Dondozo|Sitrus Berry|[eat]\n|-heal|p2b: Dondozo|27\/100 psn|[from] item: Sitrus Berry\n|move|p1a: Rillaboom|Wood Hammer|p2a: Ting-Lu\n|-supereffective|p2a: Ting-Lu\n|-damage|p2a: Ting-Lu|0 fnt\n|faint|p2a: Ting-Lu\n|-damage|p1a: Rillaboom|94\/100|[from] Recoil\n|move|p2b: Dondozo|Yawn|p1b: Flamigo\n|-start|p1b: Flamigo|move: Yawn|[of] p2b: Dondozo\n|\n|-heal|p1a: Rillaboom|100\/100|[from] Grassy Terrain\n|-heal|p2b: Dondozo|34\/100 psn|[from] Grassy Terrain\n|-damage|p2b: Dondozo|21\/100 psn|[from] psn\n|upkeep\n|\n|t:|1737474651\n|switch|p2a: Calyrex|Calyrex-Ice, L50|100\/100\n|-ability|p2a: Calyrex|As One\n|-ability|p2a: Calyrex|Unnerve\n|turn|6\n|\n|t:|1737474665\n|-terastallize|p1a: Rillaboom|Fire\n|move|p2a: Calyrex|Protect|p2a: Calyrex\n|-singleturn|p2a: Calyrex|Protect\n|move|p2b: Dondozo|Protect|p2b: Dondozo\n|-singleturn|p2b: Dondozo|Protect\n|move|p1b: Flamigo|Substitute|p1b: Flamigo\n|-start|p1b: Flamigo|Substitute\n|-damage|p1b: Flamigo|76\/100\n|move|p1a: Rillaboom|Wood Hammer|p2b: Dondozo\n|-activate|p2b: Dondozo|move: Protect\n|\n|-heal|p2b: Dondozo|27\/100 psn|[from] Grassy Terrain\n|-damage|p2b: Dondozo|15\/100 psn|[from] psn\n|-end|p1b: Flamigo|move: Yawn|[silent]\n|-status|p1b: Flamigo|slp\n|-fieldend|move: Grassy Terrain\n|upkeep\n|turn|7\n|\n|t:|1737474681\n|cant|p1b: Flamigo|slp\n|move|p1a: Rillaboom|Wood Hammer|p2b: Dondozo\n|-resisted|p2b: Dondozo\n|-damage|p2b: Dondozo|0 fnt\n|faint|p2b: Dondozo\n|-damage|p1a: Rillaboom|94\/100|[from] Recoil\n|move|p2a: Calyrex|Glacial Lance|p1a: Rillaboom|[spread] p1a,p1b\n|-supereffective|p1b: Flamigo\n|-end|p1b: Flamigo|Substitute\n|-resisted|p1a: Rillaboom\n|-crit|p1a: Rillaboom\n|-damage|p1a: Rillaboom|52\/100\n|\n|upkeep\n|\n|t:|1737474692\n|switch|p2b: Urshifu|Urshifu-Rapid-Strike, L50, M|100\/100\n|turn|8\n|\n|t:|1737474700\n|cant|p1b: Flamigo|slp\n|move|p2b: Urshifu|Surging Strikes|p1a: Rillaboom\n|-supereffective|p1a: Rillaboom\n|-crit|p1a: Rillaboom\n|-damage|p1a: Rillaboom|12\/100\n|-supereffective|p1a: Rillaboom\n|-crit|p1a: Rillaboom\n|-damage|p1a: Rillaboom|0 fnt\n|faint|p1a: Rillaboom\n|-hitcount|p1: Rillaboom|2\n|move|p2a: Calyrex|Glacial Lance|p1b: Flamigo\n|-supereffective|p1b: Flamigo\n|-damage|p1b: Flamigo|0 fnt\n|faint|p1b: Flamigo\n|\n|win|googer315\n|raw|amphy lighthouse's rating: 1618 &rarr; <strong>1601<\/strong><br \/>(-17 for losing)\n|raw|googer315's rating: 1672 &rarr; <strong>1689<\/strong><br \/>(+17 for winning)\n|l|\u2606amphy lighthouse\n|player|p1|\n|l|\u2606googer315\n|player|p2|\n|l| Mega Delibird X\n","uploadtime":1737474887,"views":27,"formatid":"gen9vgc2025regg","rating":1601,"private":0,"password":null}