{"id":"gen9vgc2025regg-2285229037","format":"[Gen 9] VGC 2025 Reg G","players":["Mojoe93","Woke archaludon"],"log":"|j|\u2606Mojoe93\n|j|\u203dWoke archaludon\n|t:|1737458028\n|gametype|doubles\n|player|p1|Mojoe93|1|1608\n|player|p2|Woke archaludon|beauty-gen5bw2|1553\n|teamsize|p1|6\n|teamsize|p2|6\n|gen|9\n|tier|[Gen 9] VGC 2025 Reg G\n|rated|\n|rule|Species Clause: Limit one of each Pok\u00e9mon\n|rule|Item Clause: Limit 1 of each item\n|clearpoke\n|poke|p1|Indeedee-F, L50, F|\n|poke|p1|Calyrex-Shadow, L50|\n|poke|p1|Raging Bolt, L50|\n|poke|p1|Incineroar, L50, F|\n|poke|p1|Iron Valiant, L50|\n|poke|p1|Enamorus-Therian, L50, F|\n|poke|p2|Urshifu-*, L50, M|\n|poke|p2|Terapagos, L50, M|\n|poke|p2|Flutter Mane, L50|\n|poke|p2|Tornadus, L50, M|\n|poke|p2|Incineroar, L50, M|\n|poke|p2|Rillaboom, L50, M|\n|teampreview|4\n|inactive|Battle timer is ON: inactive players will automatically lose when time's up. (requested by Woke archaludon)\n|inactive|Mojoe93 has 60 seconds left.\n|inactive|Woke archaludon has 60 seconds left.\n|inactive|Mojoe93 has 30 seconds left.\n|inactive|Mojoe93 has 20 seconds left.\n|\n|t:|1737458103\n|start\n|switch|p1a: Iron Valiant|Iron Valiant, L50|100\/100\n|switch|p1b: Incineroar|Incineroar, L50, F|100\/100\n|switch|p2a: Incineroar|Incineroar, L50, M|100\/100\n|switch|p2b: Terapagos|Terapagos, L50, M|100\/100\n|-activate|p2b: Terapagos|ability: Tera Shift\n|detailschange|p2b: Terapagos|Terapagos-Terastal, L50, M\n|-heal|p2b: Terapagos|100\/100|[silent]\n|-ability|p2a: Incineroar|Intimidate|boost\n|-unboost|p1a: Iron Valiant|atk|1\n|-unboost|p1b: Incineroar|atk|1\n|-ability|p1b: Incineroar|Intimidate|boost\n|-unboost|p2a: Incineroar|atk|1\n|-unboost|p2b: Terapagos|atk|1\n|-enditem|p1a: Iron Valiant|Booster Energy\n|-activate|p1a: Iron Valiant|ability: Quark Drive|[fromitem]\n|-start|p1a: Iron Valiant|quarkdrivespe\n|turn|1\n|\n|t:|1737458122\n|move|p2b: Terapagos|Protect|p2b: Terapagos\n|-singleturn|p2b: Terapagos|Protect\n|move|p1b: Incineroar|Fake Out|p2a: Incineroar\n|-damage|p2a: Incineroar|93\/100\n|-damage|p1b: Incineroar|84\/100|[from] item: Rocky Helmet|[of] p2a: Incineroar\n|move|p1a: Iron Valiant|Spirit Break|p2b: Terapagos\n|-activate|p2b: Terapagos|move: Protect\n|cant|p2a: Incineroar|flinch\n|\n|upkeep\n|turn|2\n|\n|t:|1737458142\n|switch|p2b: Tornadus|Tornadus, L50, M|100\/100\n|move|p1a: Iron Valiant|Encore||[still]\n|-fail|p1a: Iron Valiant\n|move|p2a: Incineroar|Parting Shot|p1a: Iron Valiant\n|-unboost|p1a: Iron Valiant|atk|1\n|-unboost|p1a: Iron Valiant|spa|1\n|\n|t:|1737458152\n|switch|p2a: Terapagos|Terapagos-Terastal, L50, M|100\/100|[from] Parting Shot\n|move|p1b: Incineroar|Close Combat|p2a: Terapagos\n|-activate|p2a: Terapagos|ability: Tera Shell\n|-resisted|p2a: Terapagos\n|-damage|p2a: Terapagos|88\/100\n|-unboost|p1b: Incineroar|def|1\n|-unboost|p1b: Incineroar|spd|1\n|\n|upkeep\n|turn|3\n|\n|t:|1737458168\n|-end|p1a: Iron Valiant|Quark Drive|[silent]\n|switch|p1a: Raging Bolt|Raging Bolt, L50|100\/100\n|-terastallize|p2a: Terapagos|Stellar\n|detailschange|p2a: Terapagos|Terapagos-Stellar, L50, M, tera:Stellar\n|-heal|p2a: Terapagos|91\/100|[silent]\n|move|p2b: Tornadus|Tailwind|p2b: Tornadus\n|-sidestart|p2: Woke archaludon|move: Tailwind\n|move|p2a: Terapagos|Meteor Beam||[still]\n|-prepare|p2a: Terapagos|Meteor Beam\n|-boost|p2a: Terapagos|spa|1\n|-enditem|p2a: Terapagos|Power Herb\n|-anim|p2a: Terapagos|Meteor Beam|p1b: Incineroar\n|-supereffective|p1b: Incineroar\n|-damage|p1b: Incineroar|0 fnt\n|faint|p1b: Incineroar\n|\n|upkeep\n|\n|t:|1737458185\n|switch|p1b: Calyrex|Calyrex-Shadow, L50|100\/100\n|-ability|p1b: Calyrex|As One\n|-ability|p1b: Calyrex|Unnerve\n|turn|4\n|\n|t:|1737458199\n|switch|p2b: Rillaboom|Rillaboom, L50, M|100\/100\n|-fieldstart|move: Grassy Terrain|[from] ability: Grassy Surge|[of] p2b: Rillaboom\n|move|p2a: Terapagos|Tera Starstorm|p1b: Calyrex|[spread] p1a,p1b\n|-damage|p1a: Raging Bolt|57\/100\n|-damage|p1b: Calyrex|47\/100\n|move|p1b: Calyrex|Expanding Force|p2a: Terapagos\n|-damage|p2a: Terapagos|51\/100\n|-damage|p1b: Calyrex|37\/100|[from] item: Life Orb\n|move|p1a: Raging Bolt|Thunderbolt|p2a: Terapagos\n|-damage|p2a: Terapagos|19\/100\n|\n|-heal|p2a: Terapagos|25\/100|[from] Grassy Terrain\n|-heal|p1b: Calyrex|43\/100|[from] Grassy Terrain\n|-heal|p1a: Raging Bolt|63\/100|[from] Grassy Terrain\n|upkeep\n|turn|5\n|\n|t:|1737458221\n|move|p1b: Calyrex|Protect|p1b: Calyrex\n|-singleturn|p1b: Calyrex|Protect\n|move|p1a: Raging Bolt|Protect|p1a: Raging Bolt\n|-singleturn|p1a: Raging Bolt|Protect\n|move|p2b: Rillaboom|Fake Out|p1a: Raging Bolt\n|-activate|p1a: Raging Bolt|move: Protect\n|move|p2a: Terapagos|Tera Starstorm|p1b: Calyrex|[spread] \n|-activate|p1a: Raging Bolt|move: Protect\n|-activate|p1b: Calyrex|move: Protect\n|\n|-heal|p2a: Terapagos|31\/100|[from] Grassy Terrain\n|-heal|p1b: Calyrex|49\/100|[from] Grassy Terrain\n|-heal|p1a: Raging Bolt|69\/100|[from] Grassy Terrain\n|upkeep\n|turn|6\n|\n|t:|1737458240\n|switch|p2b: Incineroar|Incineroar, L50, M|93\/100\n|-ability|p2b: Incineroar|Intimidate|boost\n|-unboost|p1a: Raging Bolt|atk|1\n|-unboost|p1b: Calyrex|atk|1\n|move|p2a: Terapagos|Tera Starstorm|p1a: Raging Bolt|[spread] p1a,p1b\n|-damage|p1a: Raging Bolt|18\/100\n|-damage|p1b: Calyrex|0 fnt\n|-enditem|p1a: Raging Bolt|Sitrus Berry|[eat]\n|-heal|p1a: Raging Bolt|43\/100|[from] item: Sitrus Berry\n|faint|p1b: Calyrex\n|move|p1a: Raging Bolt|Thunderbolt|p2a: Terapagos\n|-damage|p2a: Terapagos|0 fnt\n|faint|p2a: Terapagos\n|\n|-heal|p2b: Incineroar|99\/100|[from] Grassy Terrain\n|-heal|p1a: Raging Bolt|49\/100|[from] Grassy Terrain\n|-sideend|p2: Woke archaludon|move: Tailwind\n|upkeep\n|\n|t:|1737458257\n|switch|p1b: Iron Valiant|Iron Valiant, L50|100\/100\n|switch|p2a: Tornadus|Tornadus, L50, M|100\/100\n|turn|7\n|\n|t:|1737458268\n|move|p2a: Tornadus|Tailwind|p2a: Tornadus\n|-sidestart|p2: Woke archaludon|move: Tailwind\n|move|p1b: Iron Valiant|Close Combat|p2b: Incineroar\n|-supereffective|p2b: Incineroar\n|-damage|p2b: Incineroar|4\/100\n|-unboost|p1b: Iron Valiant|def|1\n|-unboost|p1b: Iron Valiant|spd|1\n|-damage|p1b: Iron Valiant|84\/100|[from] item: Rocky Helmet|[of] p2b: Incineroar\n|move|p2b: Incineroar|Parting Shot|p1a: Raging Bolt\n|-unboost|p1a: Raging Bolt|atk|1\n|-unboost|p1a: Raging Bolt|spa|1\n|\n|t:|1737458278\n|switch|p2b: Rillaboom|Rillaboom, L50, M|100\/100|[from] Parting Shot\n|move|p1a: Raging Bolt|Thunderbolt|p2a: Tornadus\n|-supereffective|p2a: Tornadus\n|-damage|p2a: Tornadus|8\/100\n|\n|-heal|p1b: Iron Valiant|90\/100|[from] Grassy Terrain\n|-heal|p1a: Raging Bolt|55\/100|[from] Grassy Terrain\n|upkeep\n|turn|8\n|\n|t:|1737458292\n|-terastallize|p1b: Iron Valiant|Fairy\n|move|p1a: Raging Bolt|Protect|p1a: Raging Bolt\n|-singleturn|p1a: Raging Bolt|Protect\n|move|p2a: Tornadus|Taunt|p1b: Iron Valiant\n|-start|p1b: Iron Valiant|move: Taunt\n|move|p2b: Rillaboom|Wood Hammer|p1a: Raging Bolt\n|-activate|p1a: Raging Bolt|move: Protect\n|move|p1b: Iron Valiant|Spirit Break|p2a: Tornadus\n|-damage|p2a: Tornadus|0 fnt\n|faint|p2a: Tornadus\n|\n|-heal|p1b: Iron Valiant|96\/100|[from] Grassy Terrain\n|-heal|p1a: Raging Bolt|60\/100|[from] Grassy Terrain\n|-fieldend|move: Grassy Terrain\n|upkeep\n|\n|t:|1737458299\n|switch|p2a: Incineroar|Incineroar, L50, M|4\/100\n|-ability|p2a: Incineroar|Intimidate|boost\n|-unboost|p1a: Raging Bolt|atk|1\n|-unboost|p1b: Iron Valiant|atk|1\n|turn|9\n|inactive|Mojoe93 has 30 seconds left.\n|inactive|Mojoe93 has 20 seconds left.\n|\n|t:|1737458337\n|move|p2a: Incineroar|Fake Out|p1a: Raging Bolt\n|-damage|p1a: Raging Bolt|51\/100\n|move|p2b: Rillaboom|Wood Hammer|p1b: Iron Valiant\n|-damage|p1b: Iron Valiant|0 fnt\n|faint|p1b: Iron Valiant\n|-end|p1b: Iron Valiant|Quark Drive|[silent]\n|-damage|p2b: Rillaboom|76\/100|[from] Recoil\n|cant|p1a: Raging Bolt|flinch\n|\n|upkeep\n|turn|10\n|\n|t:|1737458352\n|move|p2a: Incineroar|Helping Hand|p2b: Rillaboom\n|-singleturn|p2b: Rillaboom|Helping Hand|[of] p2a: Incineroar\n|move|p1a: Raging Bolt|Protect|p1a: Raging Bolt\n|-singleturn|p1a: Raging Bolt|Protect\n|move|p2b: Rillaboom|Wood Hammer|p1a: Raging Bolt\n|-activate|p1a: Raging Bolt|move: Protect\n|\n|-sideend|p2: Woke archaludon|move: Tailwind\n|upkeep\n|turn|11\n|\n|t:|1737458363\n|move|p2a: Incineroar|Helping Hand|p2b: Rillaboom\n|-singleturn|p2b: Rillaboom|Helping Hand|[of] p2a: Incineroar\n|move|p2b: Rillaboom|Wood Hammer|p1a: Raging Bolt\n|-resisted|p1a: Raging Bolt\n|-damage|p1a: Raging Bolt|11\/100\n|-damage|p2b: Rillaboom|61\/100|[from] Recoil\n|move|p1a: Raging Bolt|Thunderbolt|p2a: Incineroar\n|-damage|p2a: Incineroar|0 fnt\n|faint|p2a: Incineroar\n|\n|upkeep\n|turn|12\n|\n|t:|1737458375\n|move|p2b: Rillaboom|Wood Hammer|p1a: Raging Bolt\n|-resisted|p1a: Raging Bolt\n|-damage|p1a: Raging Bolt|0 fnt\n|faint|p1a: Raging Bolt\n|-end|p1a: Raging Bolt|Protosynthesis|[silent]\n|-damage|p2b: Rillaboom|57\/100|[from] Recoil\n|\n|win|Woke archaludon\n|raw|Mojoe93's rating: 1608 &rarr; <strong>1585<\/strong><br \/>(-23 for losing)\n|raw|Woke archaludon's rating: 1553 &rarr; <strong>1576<\/strong><br \/>(+23 for winning)\n|j| Kal0sunleashed\n|n|\u2606Woke archaludon|wokearchaludon\n|c|\u2606Woke archaludon|Ggs btw\n|c|\u2606Woke archaludon|cool team\n","uploadtime":1737458451,"views":22,"formatid":"gen9vgc2025regg","rating":1576,"private":0,"password":null}