{"id":"gen9vgc2025regg-2285521575","format":"[Gen 9] VGC 2025 Reg G","players":["aquawarrior21","chin8"],"log":"|j|\u2606aquawarrior21\n|j|\u2606chin8\n|t:|1737490669\n|gametype|doubles\n|player|p1|aquawarrior21|hilda|1507\n|player|p2|chin8|gentleman-gen4dp|1578\n|teamsize|p1|6\n|teamsize|p2|6\n|gen|9\n|tier|[Gen 9] VGC 2025 Reg G\n|rated|\n|rule|Species Clause: Limit one of each Pok\u00e9mon\n|rule|Item Clause: Limit 1 of each item\n|clearpoke\n|poke|p1|Miraidon, L50|\n|poke|p1|Whimsicott, L50, F|\n|poke|p1|Urshifu-*, L50, F|\n|poke|p1|Ogerpon-Hearthflame, L50, F|\n|poke|p1|Farigiraf, L50, F|\n|poke|p1|Incineroar, L50, F|\n|poke|p2|Calyrex-Shadow, L50|\n|poke|p2|Incineroar, L50, F|\n|poke|p2|Rillaboom, L50, M|\n|poke|p2|Gastrodon-East, L50, M|\n|poke|p2|Hitmonchan, L50, M|\n|poke|p2|Tropius, L50, F|\n|teampreview|4\n|c|\u2606chin8|Yea, I don't think you can win this\n|inactive|Battle timer is ON: inactive players will automatically lose when time's up. (requested by chin8)\n|\n|t:|1737490701\n|start\n|switch|p1a: Miraidon|Miraidon, L50|100\/100\n|switch|p1b: Whimsicott|Whimsicott, L50, F|100\/100\n|switch|p2a: Calyrex|Calyrex-Shadow, L50|100\/100\n|switch|p2b: Rillaboom|Rillaboom, L50, M|100\/100\n|-ability|p2a: Calyrex|As One\n|-ability|p2a: Calyrex|Unnerve\n|-fieldstart|move: Electric Terrain|[from] ability: Hadron Engine|[of] p1a: Miraidon\n|-fieldstart|move: Grassy Terrain|[from] ability: Grassy Surge|[of] p2b: Rillaboom\n|turn|1\n|\n|t:|1737490718\n|switch|p1b: Farigiraf|Farigiraf, L50, F|100\/100\n|move|p2b: Rillaboom|Fake Out||[still]\n|cant|p1b: Farigiraf|ability: Armor Tail|Fake Out|[of] p2b: Rillaboom\n|move|p2a: Calyrex|Astral Barrage|p1a: Miraidon|[spread] p1a\n|-immune|p1b: Farigiraf\n|-damage|p1a: Miraidon|54\/100\n|move|p1a: Miraidon|Draco Meteor|p2a: Calyrex|[miss]\n|-miss|p1a: Miraidon|p2a: Calyrex\n|\n|-heal|p1a: Miraidon|60\/100|[from] Grassy Terrain\n|upkeep\n|turn|2\n|inactive|aquawarrior21 has 30 seconds left.\n|\n|t:|1737490744\n|switch|p1a: Whimsicott|Whimsicott, L50, F|100\/100\n|-terastallize|p2a: Calyrex|Fairy\n|move|p2a: Calyrex|Calm Mind|p2a: Calyrex\n|-boost|p2a: Calyrex|spa|1\n|-boost|p2a: Calyrex|spd|1\n|move|p2b: Rillaboom|U-turn|p1b: Farigiraf\n|-supereffective|p1b: Farigiraf\n|-damage|p1b: Farigiraf|59\/100\n|\n|t:|1737490751\n|switch|p2b: Incineroar|Incineroar, L50, F|100\/100|[from] U-turn\n|-ability|p2b: Incineroar|Intimidate|boost\n|-unboost|p1a: Whimsicott|atk|1\n|-unboost|p1b: Farigiraf|atk|1\n|move|p1b: Farigiraf|Trick Room|p1b: Farigiraf\n|-fieldstart|move: Trick Room|[of] p1b: Farigiraf\n|\n|-heal|p1b: Farigiraf|65\/100|[from] Grassy Terrain\n|upkeep\n|turn|3\n|\n|t:|1737490768\n|switch|p1b: Miraidon|Miraidon, L50|60\/100\n|-fieldstart|move: Electric Terrain|[from] ability: Hadron Engine|[of] p1b: Miraidon\n|switch|p2a: Gastrodon|Gastrodon-East, L50, M, shiny|100\/100\n|move|p1a: Whimsicott|Encore||[still]\n|-fail|p1a: Whimsicott\n|move|p2b: Incineroar|Knock Off|p1b: Miraidon\n|-damage|p1b: Miraidon|20\/100\n|-enditem|p1b: Miraidon|Choice Specs|[from] move: Knock Off|[of] p2b: Incineroar\n|\n|upkeep\n|turn|4\n|\n|t:|1737490790\n|switch|p1b: Farigiraf|Farigiraf, L50, F|65\/100\n|-enditem|p1b: Farigiraf|Electric Seed\n|-boost|p1b: Farigiraf|def|1|[from] item: Electric Seed\n|move|p1a: Whimsicott|Light Screen|p1a: Whimsicott\n|-sidestart|p1: aquawarrior21|move: Light Screen\n|move|p2a: Gastrodon|Earth Power|p1b: Farigiraf\n|-damage|p1b: Farigiraf|46\/100\n|move|p2b: Incineroar|Knock Off|p1a: Whimsicott\n|-resisted|p1a: Whimsicott\n|-damage|p1a: Whimsicott|72\/100\n|-enditem|p1a: Whimsicott|Covert Cloak|[from] move: Knock Off|[of] p2b: Incineroar\n|\n|upkeep\n|turn|5\n|inactive|aquawarrior21 has 30 seconds left.\n|\n|t:|1737490818\n|move|p1b: Farigiraf|Protect|p1b: Farigiraf\n|-singleturn|p1b: Farigiraf|Protect\n|move|p2a: Gastrodon|Icy Wind|p1a: Whimsicott|[spread] p1a\n|-activate|p1b: Farigiraf|move: Protect\n|-supereffective|p1a: Whimsicott\n|-crit|p1a: Whimsicott\n|-damage|p1a: Whimsicott|40\/100\n|-unboost|p1a: Whimsicott|spe|1\n|move|p2b: Incineroar|Parting Shot|p1b: Farigiraf\n|-activate|p1b: Farigiraf|move: Protect\n|move|p1a: Whimsicott|Moonblast|p2b: Incineroar\n|-damage|p2b: Incineroar|78\/100\n|\n|upkeep\n|turn|6\n|\n|t:|1737490840\n|move|p1a: Whimsicott|Tailwind|p1a: Whimsicott\n|-sidestart|p1: aquawarrior21|move: Tailwind\n|move|p2a: Gastrodon|Icy Wind|p1b: Farigiraf|[spread] p1a,p1b\n|-supereffective|p1a: Whimsicott\n|-damage|p1a: Whimsicott|27\/100\n|-damage|p1b: Farigiraf|40\/100\n|-unboost|p1a: Whimsicott|spe|1\n|-unboost|p1b: Farigiraf|spe|1\n|move|p2b: Incineroar|Knock Off|p1a: Whimsicott\n|-resisted|p1a: Whimsicott\n|-damage|p1a: Whimsicott|8\/100\n|move|p1b: Farigiraf|Psychic Noise|p2a: Gastrodon\n|-damage|p2a: Gastrodon|81\/100\n|-start|p2a: Gastrodon|move: Heal Block\n|\n|-fieldend|move: Trick Room\n|upkeep\n|turn|7\n|inactive|aquawarrior21 has 30 seconds left.\n|\n|t:|1737490869\n|switch|p1a: Ogerpon|Ogerpon-Hearthflame, L50, F|100\/100\n|-ability|p1a: Ogerpon|Mold Breaker\n|move|p1b: Farigiraf|Protect|p1b: Farigiraf\n|-singleturn|p1b: Farigiraf|Protect\n|move|p2b: Incineroar|Parting Shot|p1b: Farigiraf\n|-activate|p1b: Farigiraf|move: Protect\n|move|p2a: Gastrodon|Earth Power|p1b: Farigiraf\n|-activate|p1b: Farigiraf|move: Protect\n|\n|-end|p2a: Gastrodon|move: Heal Block\n|-fieldend|move: Electric Terrain\n|upkeep\n|turn|8\n|j| DonShitDozo\n|inactive|aquawarrior21 has 30 seconds left.\n|inactive|aquawarrior21 has 20 seconds left.\n|\n|t:|1737490908\n|move|p2a: Gastrodon|Protect|p2a: Gastrodon\n|-singleturn|p2a: Gastrodon|Protect\n|move|p1a: Ogerpon|Ivy Cudgel|p2a: Gastrodon|[anim] Ivy Cudgel Fire\n|-activate|p2a: Gastrodon|move: Protect\n|move|p1b: Farigiraf|Psychic Noise|p2a: Gastrodon\n|-activate|p2a: Gastrodon|move: Protect\n|move|p2b: Incineroar|Parting Shot|p1a: Ogerpon\n|-unboost|p1a: Ogerpon|atk|1\n|-unboost|p1a: Ogerpon|spa|1\n|\n|t:|1737490917\n|switch|p2b: Calyrex|Calyrex-Shadow, L50, tera:Fairy|100\/100|[from] Parting Shot\n|-ability|p2b: Calyrex|As One\n|-ability|p2b: Calyrex|Unnerve\n|\n|-heal|p2a: Gastrodon|87\/100|[from] item: Leftovers\n|-sideend|p1: aquawarrior21|move: Light Screen\n|upkeep\n|turn|9\n|inactive|aquawarrior21 has 30 seconds left.\n|\n|t:|1737490945\n|switch|p1a: Whimsicott|Whimsicott, L50, F|8\/100\n|switch|p1b: Miraidon|Miraidon, L50|20\/100\n|-fieldstart|move: Electric Terrain|[from] ability: Hadron Engine|[of] p1b: Miraidon\n|switch|p2a: Incineroar|Incineroar, L50, F|78\/100\n|-ability|p2a: Incineroar|Intimidate|boost\n|-unboost|p1a: Whimsicott|atk|1\n|-unboost|p1b: Miraidon|atk|1\n|move|p2b: Calyrex|Draining Kiss|p1b: Miraidon\n|-supereffective|p1b: Miraidon\n|-damage|p1b: Miraidon|0 fnt\n|faint|p1b: Miraidon\n|-ability|p2b: Calyrex|Grim Neigh|boost\n|-boost|p2b: Calyrex|spa|1\n|\n|-sideend|p1: aquawarrior21|move: Tailwind\n|upkeep\n|\n|t:|1737490965\n|switch|p1b: Ogerpon|Ogerpon-Hearthflame, L50, F|100\/100\n|-ability|p1b: Ogerpon|Mold Breaker\n|turn|10\n|\n|t:|1737490978\n|switch|p1a: Farigiraf|Farigiraf, L50, F|40\/100\n|-terastallize|p1b: Ogerpon|Fire\n|detailschange|p1b: Ogerpon|Ogerpon-Hearthflame-Tera, L50, F, tera:Fire\n|-ability|p1b: Ogerpon|Embody Aspect (Hearthflame)|boost\n|-boost|p1b: Ogerpon|atk|1\n|move|p2a: Incineroar|Fake Out||[still]\n|cant|p1a: Farigiraf|ability: Armor Tail|Fake Out|[of] p2a: Incineroar\n|move|p2b: Calyrex|Astral Barrage|p1a: Farigiraf|[spread] p1b\n|-immune|p1a: Farigiraf\n|-damage|p1b: Ogerpon|17\/100\n|move|p1b: Ogerpon|Ivy Cudgel|p2b: Calyrex|[anim] Ivy Cudgel Fire\n|-damage|p2b: Calyrex|0 fnt\n|faint|p2b: Calyrex\n|\n|upkeep\n|\n|t:|1737490983\n|switch|p2b: Gastrodon|Gastrodon-East, L50, M, shiny|87\/100\n|turn|11\n|\n|t:|1737491007\n|move|p1a: Farigiraf|Protect|p1a: Farigiraf\n|-singleturn|p1a: Farigiraf|Protect\n|move|p1b: Ogerpon|Horn Leech|p2b: Gastrodon\n|-supereffective|p2b: Gastrodon\n|-damage|p2b: Gastrodon|0 fnt\n|-heal|p1b: Ogerpon|70\/100|[from] drain|[of] p2b: Gastrodon\n|faint|p2b: Gastrodon\n|move|p2a: Incineroar|Knock Off|p1b: Ogerpon\n|-damage|p1b: Ogerpon|37\/100\n|\n|upkeep\n|l|\u2606chin8\n|inactive|chin8 disconnected and has a minute to reconnect!\n|player|p2|\n|c|\u2606aquawarrior21|LMFAO\n|inactive|chin8 has 30 seconds left.\n|inactive|chin8 has 20 seconds left.\n|c|\u2606aquawarrior21|\"you cant win this\" into dcing when not winning LMFAO\n|inactive|chin8 has 15 seconds left.\n|inactive|chin8 has 10 seconds left.\n|inactive|chin8 has 5 seconds left.\n|-message|chin8 lost due to inactivity.\n|\n|win|aquawarrior21\n|raw|aquawarrior21's rating: 1507 &rarr; <strong>1531<\/strong><br \/>(+24 for winning)\n|raw|chin8's rating: 1578 &rarr; <strong>1554<\/strong><br \/>(-24 for losing)\n|l| DonShitDozo\n","uploadtime":1737491066,"views":50,"formatid":"gen9vgc2025regg","rating":1531,"private":0,"password":null}