{"id":"gen9vgc2025regg-2285244711","format":"[Gen 9] VGC 2025 Reg G","players":["Zyros Phade","Bef6"],"log":"|j|\u2606Zyros Phade\n|j|\u2606Bef6\n|t:|1737460520\n|gametype|doubles\n|player|p1|Zyros Phade|169|1613\n|player|p2|Bef6|lucas|1685\n|teamsize|p1|6\n|teamsize|p2|6\n|gen|9\n|tier|[Gen 9] VGC 2025 Reg G\n|rated|\n|rule|Species Clause: Limit one of each Pok\u00e9mon\n|rule|Item Clause: Limit 1 of each item\n|clearpoke\n|poke|p1|Urshifu-*, L50, M|\n|poke|p1|Kyogre, L50|\n|poke|p1|Iron Hands, L50|\n|poke|p1|Baxcalibur, L50, F|\n|poke|p1|Indeedee-F, L50, F|\n|poke|p1|Murkrow, L50, F|\n|poke|p2|Lunala, L50|\n|poke|p2|Indeedee-F, L50, F|\n|poke|p2|Tornadus, L50, M|\n|poke|p2|Ursaluna, L50, M|\n|poke|p2|Chi-Yu, L50|\n|poke|p2|Iron Bundle, L50|\n|teampreview|4\n|inactive|Battle timer is ON: inactive players will automatically lose when time's up. (requested by Zyros Phade)\n|inactive|Bef6 has 60 seconds left.\n|\n|t:|1737460577\n|start\n|switch|p1a: Murkrow|Murkrow, L50, F|100\/100\n|switch|p1b: Urshifu|Urshifu-Rapid-Strike, L50, M|100\/100\n|switch|p2a: Tornadus|Tornadus, L50, M|100\/100\n|switch|p2b: Lunala|Lunala, L50|100\/100\n|turn|1\n|\n|t:|1737460588\n|move|p1a: Murkrow|Rain Dance|p1a: Murkrow\n|-weather|RainDance\n|move|p1b: Urshifu|Taunt|p2b: Lunala\n|-start|p2b: Lunala|move: Taunt\n|move|p2a: Tornadus|Bleakwind Storm|p1b: Urshifu|[spread] p1a,p1b\n|-supereffective|p1b: Urshifu\n|-damage|p1a: Murkrow|12\/100\n|-damage|p1b: Urshifu|0 fnt\n|faint|p1b: Urshifu\n|move|p2b: Lunala|Meteor Beam||[still]\n|-prepare|p2b: Lunala|Meteor Beam\n|-boost|p2b: Lunala|spa|1\n|-enditem|p2b: Lunala|Power Herb\n|-anim|p2b: Lunala|Meteor Beam|p1a: Murkrow|[miss]\n|-miss|p2b: Lunala|p1a: Murkrow\n|\n|-weather|RainDance|[upkeep]\n|upkeep\n|\n|t:|1737460597\n|switch|p1b: Kyogre|Kyogre, L50, shiny|100\/100\n|turn|2\n|\n|t:|1737460605\n|-terastallize|p1b: Kyogre|Water\n|move|p2a: Tornadus|Tailwind|p2a: Tornadus\n|-sidestart|p2: Bef6|move: Tailwind\n|move|p1a: Murkrow|Haze|p1a: Murkrow\n|-clearallboost\n|move|p2b: Lunala|Moongeist Beam|p1b: Kyogre\n|-damage|p1b: Kyogre|58\/100\n|move|p1b: Kyogre|Water Spout|p2b: Lunala|[spread] p2a,p2b\n|-enditem|p2a: Tornadus|Focus Sash\n|-damage|p2a: Tornadus|1\/100\n|-damage|p2b: Lunala|58\/100\n|\n|-weather|RainDance|[upkeep]\n|upkeep\n|turn|3\n|\n|t:|1737460629\n|switch|p2b: Indeedee|Indeedee-F, L50, F|100\/100\n|-fieldstart|move: Psychic Terrain|[from] ability: Psychic Surge|[of] p2b: Indeedee\n|move|p1a: Murkrow|Tailwind|p1a: Murkrow\n|-sidestart|p1: Zyros Phade|move: Tailwind\n|move|p2a: Tornadus|Bleakwind Storm|p1b: Kyogre|[spread] p1a,p1b\n|-damage|p1a: Murkrow|0 fnt\n|-damage|p1b: Kyogre|34\/100\n|faint|p1a: Murkrow\n|move|p1b: Kyogre|Water Spout|p2b: Indeedee|[spread] p2a,p2b\n|-damage|p2a: Tornadus|0 fnt\n|-damage|p2b: Indeedee|33\/100\n|faint|p2a: Tornadus\n|\n|-weather|RainDance|[upkeep]\n|upkeep\n|\n|t:|1737460644\n|switch|p2a: Iron Bundle|Iron Bundle, L50|100\/100\n|switch|p1a: Iron Hands|Iron Hands, L50|100\/100\n|-enditem|p2a: Iron Bundle|Booster Energy\n|-activate|p2a: Iron Bundle|ability: Quark Drive|[fromitem]\n|-start|p2a: Iron Bundle|quarkdrivespe\n|turn|4\n|\n|t:|1737460655\n|move|p2a: Iron Bundle|Freeze-Dry|p1b: Kyogre\n|-supereffective|p1b: Kyogre\n|-damage|p1b: Kyogre|0 fnt\n|faint|p1b: Kyogre\n|move|p2b: Indeedee|Psychic|p1a: Iron Hands\n|-supereffective|p1a: Iron Hands\n|-damage|p1a: Iron Hands|60\/100\n|-unboost|p1a: Iron Hands|spd|1\n|move|p1a: Iron Hands|Low Kick|p2a: Iron Bundle\n|-supereffective|p2a: Iron Bundle\n|-damage|p2a: Iron Bundle|46\/100\n|\n|-weather|RainDance|[upkeep]\n|upkeep\n|turn|5\n|-message|Zyros Phade forfeited.\n|\n|win|Bef6\n|raw|Zyros Phade's rating: 1613 &rarr; <strong>1597<\/strong><br \/>(-16 for losing)\n|raw|Bef6's rating: 1685 &rarr; <strong>1701<\/strong><br \/>(+16 for winning)\n|l|\u2606Bef6\n|player|p2|\n|c|\u2606Zyros Phade|gg\n","uploadtime":1737460677,"views":49,"formatid":"gen9vgc2025regg","rating":1597,"private":0,"password":null}