{"id":"gen9vgc2025regg-2285955954","format":"[Gen 9] VGC 2025 Reg G","players":["MadMat48","sibylla_system"],"log":"|j|\u2606MadMat48\n|j|\u2606sibylla_system\n|t:|1737552554\n|gametype|doubles\n|player|p1|MadMat48|1|1566\n|player|p2|sibylla_system|102|1542\n|teamsize|p1|6\n|teamsize|p2|6\n|gen|9\n|tier|[Gen 9] VGC 2025 Reg G\n|rated|\n|rule|Species Clause: Limit one of each Pok\u00e9mon\n|rule|Item Clause: Limit 1 of each item\n|clearpoke\n|poke|p1|Groudon, L50|\n|poke|p1|Jumpluff, L50, M|\n|poke|p1|Chi-Yu, L50|\n|poke|p1|Flutter Mane, L50|\n|poke|p1|Raging Bolt, L50|\n|poke|p1|Chien-Pao, L50|\n|poke|p2|Kyogre, L50|\n|poke|p2|Landorus, L50, M|\n|poke|p2|Tornadus, L50, M|\n|poke|p2|Rillaboom, L50, F|\n|poke|p2|Chien-Pao, L50|\n|poke|p2|Ogerpon-Hearthflame, L50, F|\n|teampreview|4\n|inactive|Battle timer is ON: inactive players will automatically lose when time's up. (requested by MadMat48)\n|j| Mr-High-Tower\n|inactive|MadMat48 has 60 seconds left.\n|inactive|MadMat48 has 30 seconds left.\n|inactive|MadMat48 has 20 seconds left.\n|\n|t:|1737552625\n|start\n|switch|p1a: Raging Bolt|Raging Bolt, L50|100\/100\n|switch|p1b: Jumpluff|Jumpluff, L50, M|100\/100\n|switch|p2a: Rillaboom|Rillaboom, L50, F|100\/100\n|switch|p2b: Ogerpon|Ogerpon-Hearthflame, L50, F|100\/100\n|-ability|p2b: Ogerpon|Mold Breaker\n|-fieldstart|move: Grassy Terrain|[from] ability: Grassy Surge|[of] p2a: Rillaboom\n|turn|1\n|\n|t:|1737552648\n|-terastallize|p1b: Jumpluff|Dark\n|move|p2a: Rillaboom|Fake Out|p1a: Raging Bolt\n|-damage|p1a: Raging Bolt|90\/100\n|move|p1b: Jumpluff|Tailwind|p1b: Jumpluff\n|-sidestart|p1: MadMat48|move: Tailwind\n|cant|p1a: Raging Bolt|flinch\n|move|p2b: Ogerpon|Ivy Cudgel|p1b: Jumpluff|[anim] Ivy Cudgel Fire\n|-damage|p1b: Jumpluff|39\/100\n|\n|-heal|p1b: Jumpluff|45\/100|[from] Grassy Terrain\n|-heal|p1a: Raging Bolt|96\/100|[from] Grassy Terrain\n|upkeep\n|turn|2\n|\n|t:|1737552665\n|move|p2b: Ogerpon|Grassy Glide|p1b: Jumpluff\n|-damage|p1b: Jumpluff|0 fnt\n|faint|p1b: Jumpluff\n|move|p2a: Rillaboom|Grassy Glide|p1a: Raging Bolt\n|-resisted|p1a: Raging Bolt\n|-damage|p1a: Raging Bolt|83\/100\n|move|p1a: Raging Bolt|Volt Switch|p2b: Ogerpon\n|-resisted|p2b: Ogerpon\n|-damage|p2b: Ogerpon|81\/100\n|\n|t:|1737552675\n|-end|p1a: Raging Bolt|Protosynthesis|[silent]\n|switch|p1a: Chien-Pao|Chien-Pao, L50|100\/100|[from] Volt Switch\n|-ability|p1a: Chien-Pao|Sword of Ruin\n|\n|-heal|p2b: Ogerpon|87\/100|[from] Grassy Terrain\n|upkeep\n|\n|t:|1737552677\n|switch|p1b: Raging Bolt|Raging Bolt, L50|83\/100\n|turn|3\n|\n|t:|1737552686\n|-terastallize|p2a: Rillaboom|Fire\n|move|p2b: Ogerpon|Spiky Shield|p2b: Ogerpon\n|-singleturn|p2b: Ogerpon|move: Protect\n|move|p1a: Chien-Pao|Ice Spinner|p2a: Rillaboom\n|-resisted|p2a: Rillaboom\n|-damage|p2a: Rillaboom|75\/100\n|-fieldend|move: Grassy Terrain\n|move|p1b: Raging Bolt|Volt Switch|p2b: Ogerpon\n|-activate|p2b: Ogerpon|move: Protect\n|move|p2a: Rillaboom|U-turn|p1a: Chien-Pao\n|-supereffective|p1a: Chien-Pao\n|-damage|p1a: Chien-Pao|31\/100\n|j| carlinss\n|\n|t:|1737552699\n|switch|p2a: Kyogre|Kyogre, L50|100\/100|[from] U-turn\n|-weather|RainDance|[from] ability: Drizzle|[of] p2a: Kyogre\n|\n|-weather|RainDance|[upkeep]\n|upkeep\n|turn|4\n|\n|t:|1737552707\n|move|p1a: Chien-Pao|Protect|p1a: Chien-Pao\n|-singleturn|p1a: Chien-Pao|Protect\n|move|p2b: Ogerpon|Follow Me|p2b: Ogerpon\n|-singleturn|p2b: Ogerpon|move: Follow Me\n|move|p1b: Raging Bolt|Volt Switch|p2b: Ogerpon\n|-resisted|p2b: Ogerpon\n|-damage|p2b: Ogerpon|69\/100\n|\n|t:|1737552714\n|-end|p1b: Raging Bolt|Protosynthesis|[silent]\n|switch|p1b: Groudon|Groudon, L50|100\/100|[from] Volt Switch\n|-weather|SunnyDay|[from] ability: Drought|[of] p1b: Groudon\n|move|p2a: Kyogre|Water Spout|p1a: Chien-Pao|[spread] p1b\n|-activate|p1a: Chien-Pao|move: Protect\n|-supereffective|p1b: Groudon\n|-damage|p1b: Groudon|24\/100\n|\n|-weather|SunnyDay|[upkeep]\n|-sideend|p1: MadMat48|move: Tailwind\n|upkeep\n|turn|5\n|inactive|sibylla_system has 30 seconds left.\n|\n|t:|1737552744\n|switch|p2b: Tornadus|Tornadus, L50, M|100\/100\n|switch|p1b: Raging Bolt|Raging Bolt, L50|83\/100\n|-activate|p1b: Raging Bolt|ability: Protosynthesis\n|-start|p1b: Raging Bolt|protosynthesisspa\n|move|p2a: Kyogre|Protect|p2a: Kyogre\n|-singleturn|p2a: Kyogre|Protect\n|move|p1a: Chien-Pao|Ice Spinner|p2b: Tornadus\n|-supereffective|p2b: Tornadus\n|-damage|p2b: Tornadus|0 fnt\n|faint|p2b: Tornadus\n|\n|-weather|SunnyDay|[upkeep]\n|upkeep\n|\n|t:|1737552757\n|switch|p2b: Rillaboom|Rillaboom, L50, F, tera:Fire|75\/100\n|-fieldstart|move: Grassy Terrain|[from] ability: Grassy Surge|[of] p2b: Rillaboom\n|turn|6\n|l| carlinss\n|\n|t:|1737552768\n|move|p1a: Chien-Pao|Protect|p1a: Chien-Pao\n|-singleturn|p1a: Chien-Pao|Protect\n|move|p2b: Rillaboom|Fake Out|p1b: Raging Bolt\n|-damage|p1b: Raging Bolt|70\/100\n|move|p2a: Kyogre|Ice Beam|p1b: Raging Bolt\n|-supereffective|p1b: Raging Bolt\n|-damage|p1b: Raging Bolt|23\/100\n|cant|p1b: Raging Bolt|flinch\n|\n|-weather|SunnyDay|[upkeep]\n|-heal|p1a: Chien-Pao|37\/100|[from] Grassy Terrain\n|-heal|p2b: Rillaboom|81\/100|[from] Grassy Terrain\n|-heal|p1b: Raging Bolt|30\/100|[from] Grassy Terrain\n|upkeep\n|turn|7\n|\n|t:|1737552784\n|move|p1a: Chien-Pao|Sucker Punch|p2b: Rillaboom\n|-damage|p2b: Rillaboom|39\/100\n|move|p2b: Rillaboom|Grassy Glide|p1a: Chien-Pao\n|-damage|p1a: Chien-Pao|0 fnt\n|faint|p1a: Chien-Pao\n|move|p1b: Raging Bolt|Thunderclap|p2a: Kyogre\n|-supereffective|p2a: Kyogre\n|-damage|p2a: Kyogre|35\/100\n|move|p2a: Kyogre|Ice Beam|p1b: Raging Bolt\n|-supereffective|p1b: Raging Bolt\n|-damage|p1b: Raging Bolt|0 fnt\n|faint|p1b: Raging Bolt\n|-end|p1b: Raging Bolt|Protosynthesis|[silent]\n|\n|-weather|SunnyDay|[upkeep]\n|-heal|p2a: Kyogre|41\/100|[from] Grassy Terrain\n|-heal|p2b: Rillaboom|45\/100|[from] Grassy Terrain\n|upkeep\n|\n|t:|1737552790\n|switch|p1b: Groudon|Groudon, L50|24\/100\n|turn|8\n|-message|MadMat48 forfeited.\n|\n|win|sibylla_system\n|raw|MadMat48's rating: 1566 &rarr; <strong>1545<\/strong><br \/>(-21 for losing)\n|raw|sibylla_system's rating: 1542 &rarr; <strong>1563<\/strong><br \/>(+21 for winning)\n|l|\u2606MadMat48\n|player|p1|\n|l| Mr-High-Tower\n","uploadtime":1737553017,"views":8,"formatid":"gen9vgc2025regg","rating":1545,"private":0,"password":null}