{"id":"gen9vgc2025regg-2285603786","format":"[Gen 9] VGC 2025 Reg G","players":["psych801","tep0914"],"log":"|j|\u2606psych801\n|j|\u2606tep0914\n|t:|1737499399\n|gametype|doubles\n|player|p1|psych801|n|1546\n|player|p2|tep0914|li|1632\n|teamsize|p1|6\n|teamsize|p2|6\n|gen|9\n|tier|[Gen 9] VGC 2025 Reg G\n|rated|\n|rule|Species Clause: Limit one of each Pok\u00e9mon\n|rule|Item Clause: Limit 1 of each item\n|clearpoke\n|poke|p1|Zamazenta-*, L50|\n|poke|p1|Flutter Mane, L50|\n|poke|p1|Latios, L50, M|\n|poke|p1|Landorus, L50, M|\n|poke|p1|Rillaboom, L50, M|\n|poke|p1|Moltres-Galar, L50|\n|poke|p2|Calyrex-Shadow, L50|\n|poke|p2|Indeedee-F, L50, F|\n|poke|p2|Tatsugiri, L50, F|\n|poke|p2|Dondozo, L50, F|\n|poke|p2|Pawmot, L50, M|\n|poke|p2|Maushold, L50|\n|teampreview|4\n|inactive|Battle timer is ON: inactive players will automatically lose when time's up. (requested by psych801)\n|\n|t:|1737499417\n|start\n|switch|p1a: Moltres|Moltres-Galar, L50|100\/100\n|switch|p1b: Flutter Mane|Flutter Mane, L50|100\/100\n|switch|p2a: Dondozo|Dondozo, L50, F|100\/100\n|switch|p2b: Tatsugiri|Tatsugiri, L50, F, shiny|100\/100\n|-activate|p2b: Tatsugiri|ability: Commander|[of] p2a: Dondozo\n|-boost|p2a: Dondozo|atk|2\n|-boost|p2a: Dondozo|spa|2\n|-boost|p2a: Dondozo|spe|2\n|-boost|p2a: Dondozo|def|2\n|-boost|p2a: Dondozo|spd|2\n|-enditem|p1b: Flutter Mane|Booster Energy\n|-activate|p1b: Flutter Mane|ability: Protosynthesis|[fromitem]\n|-start|p1b: Flutter Mane|protosynthesisspe\n|turn|1\n|\n|t:|1737499431\n|move|p1b: Flutter Mane|Thunder Wave|p2a: Dondozo\n|-status|p2a: Dondozo|par\n|move|p1a: Moltres|Taunt|p2a: Dondozo\n|-immune|p2a: Dondozo|[from] ability: Oblivious\n|move|p2a: Dondozo|Wave Crash|p1b: Flutter Mane\n|-damage|p1b: Flutter Mane|0 fnt\n|faint|p1b: Flutter Mane\n|-end|p1b: Flutter Mane|Protosynthesis|[silent]\n|-damage|p2a: Dondozo|77\/100 par|[from] Recoil\n|\n|upkeep\n|\n|t:|1737499441\n|switch|p1b: Rillaboom|Rillaboom, L50, M, shiny|100\/100\n|-fieldstart|move: Grassy Terrain|[from] ability: Grassy Surge|[of] p1b: Rillaboom\n|turn|2\n|\n|t:|1737499453\n|move|p1b: Rillaboom|Fake Out|p2a: Dondozo\n|-damage|p2a: Dondozo|72\/100 par\n|move|p1a: Moltres|Fiery Wrath|p2a: Dondozo|[spread] p2a\n|-miss|p1a: Moltres|p2b: Tatsugiri\n|-damage|p2a: Dondozo|56\/100 par\n|move|p2a: Dondozo|Order Up|p1a: Moltres\n|-damage|p1a: Moltres|47\/100\n|-ability|p1a: Moltres|Berserk|boost\n|-boost|p1a: Moltres|spa|1\n|-boost|p2a: Dondozo|atk|1\n|\n|-heal|p2a: Dondozo|62\/100 par|[from] Grassy Terrain\n|upkeep\n|turn|3\n|\n|t:|1737499471\n|-terastallize|p2a: Dondozo|Grass\n|move|p1a: Moltres|Fiery Wrath|p2b: Tatsugiri|[spread] p2a\n|-miss|p1a: Moltres|p2b: Tatsugiri\n|-damage|p2a: Dondozo|38\/100 par\n|move|p1b: Rillaboom|Wood Hammer|p2a: Dondozo\n|-resisted|p2a: Dondozo\n|-damage|p2a: Dondozo|25\/100 par\n|-damage|p1b: Rillaboom|96\/100|[from] Recoil\n|cant|p2a: Dondozo|par\n|\n|-heal|p1b: Rillaboom|100\/100|[from] Grassy Terrain\n|-heal|p2a: Dondozo|31\/100 par|[from] Grassy Terrain\n|upkeep\n|turn|4\n|inactive|psych801 has 30 seconds left.\n|\n|t:|1737499507\n|cant|p2a: Dondozo|par\n|move|p1a: Moltres|Fiery Wrath|p2b: Tatsugiri|[spread] p2a\n|-miss|p1a: Moltres|p2b: Tatsugiri\n|-damage|p2a: Dondozo|6\/100 par\n|move|p1b: Rillaboom|U-turn|p2a: Dondozo\n|-supereffective|p2a: Dondozo\n|-damage|p2a: Dondozo|0 fnt\n|faint|p2a: Dondozo\n|\n|t:|1737499513\n|switch|p1b: Zamazenta|Zamazenta-Crowned, L50|100\/100|[from] U-turn\n|-ability|p1b: Zamazenta|Dauntless Shield|boost\n|-boost|p1b: Zamazenta|def|1\n|\n|upkeep\n|\n|t:|1737499521\n|switch|p2a: Pawmot|Pawmot, L50, M|100\/100\n|turn|5\n|\n|t:|1737499536\n|move|p1b: Zamazenta|Wide Guard|p1b: Zamazenta\n|-singleturn|p1b: Zamazenta|Wide Guard\n|move|p2a: Pawmot|Revival Blessing|p2a: Pawmot\n|\n|t:|1737499540\n|-heal|p2: Dondozo|50\/100|[from] move: Revival Blessing\n|move|p1a: Moltres|Tailwind|p1a: Moltres\n|-sidestart|p1: psych801|move: Tailwind\n|move|p2b: Tatsugiri|Muddy Water|p1a: Moltres|[spread] \n|-activate|p1a: Moltres|move: Wide Guard\n|-activate|p1b: Zamazenta|move: Wide Guard\n|\n|upkeep\n|turn|6\n|\n|t:|1737499557\n|move|p2b: Tatsugiri|Helping Hand|p2a: Pawmot\n|-singleturn|p2a: Pawmot|Helping Hand|[of] p2b: Tatsugiri\n|move|p1b: Zamazenta|Body Press|p2a: Pawmot\n|-enditem|p2a: Pawmot|Focus Sash\n|-damage|p2a: Pawmot|1\/100\n|move|p1a: Moltres|Fiery Wrath|p2a: Pawmot|[spread] p2a,p2b\n|-resisted|p2a: Pawmot\n|-damage|p2a: Pawmot|0 fnt\n|-damage|p2b: Tatsugiri|55\/100\n|faint|p2a: Pawmot\n|-enditem|p2b: Tatsugiri|Eject Button\n|\n|t:|1737499569\n|switch|p2b: Dondozo|Dondozo, L50, F|50\/100\n|\n|-heal|p2b: Dondozo|57\/100|[from] Grassy Terrain\n|-fieldend|move: Grassy Terrain\n|upkeep\n|\n|t:|1737499576\n|switch|p2a: Tatsugiri|Tatsugiri, L50, F, shiny|55\/100\n|-activate|p2a: Tatsugiri|ability: Commander|[of] p2b: Dondozo\n|-boost|p2b: Dondozo|atk|2\n|-boost|p2b: Dondozo|spa|2\n|-boost|p2b: Dondozo|spe|2\n|-boost|p2b: Dondozo|def|2\n|-boost|p2b: Dondozo|spd|2\n|turn|7\n|\n|t:|1737499585\n|move|p1b: Zamazenta|Body Press|p2b: Dondozo\n|-damage|p2b: Dondozo|31\/100\n|move|p1a: Moltres|Fiery Wrath|p2a: Tatsugiri|[spread] p2b\n|-miss|p1a: Moltres|p2a: Tatsugiri\n|-damage|p2b: Dondozo|5\/100\n|move|p2b: Dondozo|Order Up|p1a: Moltres\n|-damage|p1a: Moltres|0 fnt\n|faint|p1a: Moltres\n|-boost|p2b: Dondozo|atk|1\n|\n|upkeep\n|\n|t:|1737499594\n|switch|p1a: Rillaboom|Rillaboom, L50, M, shiny|100\/100\n|-fieldstart|move: Grassy Terrain|[from] ability: Grassy Surge|[of] p1a: Rillaboom\n|turn|8\n|\n|t:|1737499597\n|move|p2b: Dondozo|Protect|p2b: Dondozo\n|-singleturn|p2b: Dondozo|Protect\n|move|p1a: Rillaboom|Grassy Glide|p2b: Dondozo\n|-activate|p2b: Dondozo|move: Protect\n|move|p1b: Zamazenta|Body Press|p2a: Tatsugiri|[miss]\n|-miss|p1b: Zamazenta|p2a: Tatsugiri\n|\n|-heal|p2b: Dondozo|12\/100|[from] Grassy Terrain\n|-heal|p2a: Tatsugiri|61\/100|[from] Grassy Terrain\n|-sideend|p1: psych801|move: Tailwind\n|upkeep\n|turn|9\n|\n|t:|1737499603\n|move|p1a: Rillaboom|Grassy Glide|p2b: Dondozo\n|-supereffective|p2b: Dondozo\n|-damage|p2b: Dondozo|0 fnt\n|faint|p2b: Dondozo\n|move|p1b: Zamazenta|Body Press|p2a: Tatsugiri\n|-damage|p2a: Tatsugiri|0 fnt\n|faint|p2a: Tatsugiri\n|\n|upkeep\n|\n|t:|1737499606\n|switch|p2b: Calyrex|Calyrex-Shadow, L50|100\/100\n|-ability|p2b: Calyrex|As One\n|-ability|p2b: Calyrex|Unnerve\n|turn|10\n|\n|t:|1737499621\n|move|p2b: Calyrex|Shadow Ball|p1a: Rillaboom\n|-damage|p1a: Rillaboom|49\/100\n|move|p1b: Zamazenta|Crunch|p2b: Calyrex\n|-supereffective|p2b: Calyrex\n|-damage|p2b: Calyrex|0 fnt\n|faint|p2b: Calyrex\n|\n|win|psych801\n|raw|psych801's rating: 1546 &rarr; <strong>1571<\/strong><br \/>(+25 for winning)\n|raw|tep0914's rating: 1632 &rarr; <strong>1607<\/strong><br \/>(-25 for losing)\n|l|\u2606tep0914\n|player|p2|\n|l|\u2606psych801\n|player|p1|\n","uploadtime":1737499635,"views":14,"formatid":"gen9vgc2025regg","rating":1571,"private":0,"password":null}