{"id":"gen9vgc2025regg-2285478680","format":"[Gen 9] VGC 2025 Reg G","players":["Emirnent","PritzShow"],"log":"|j|\u2606Emirnent\n|j|\u2606PritzShow\n|t:|1737486439\n|gametype|doubles\n|player|p1|Emirnent|2|1591\n|player|p2|PritzShow|1|1553\n|teamsize|p1|6\n|teamsize|p2|6\n|gen|9\n|tier|[Gen 9] VGC 2025 Reg G\n|rated|\n|rule|Species Clause: Limit one of each Pok\u00e9mon\n|rule|Item Clause: Limit 1 of each item\n|clearpoke\n|poke|p1|Miraidon, L50|\n|poke|p1|Tornadus, L50, M|\n|poke|p1|Sneasler, L50, F|\n|poke|p1|Ursaluna-Bloodmoon, L50, M|\n|poke|p1|Farigiraf, L50, F|\n|poke|p1|Iron Hands, L50|\n|poke|p2|Zamazenta-*, L50|\n|poke|p2|Pelipper, L50, F|\n|poke|p2|Urshifu-*, L50, F|\n|poke|p2|Incineroar, L50, M|\n|poke|p2|Raging Bolt, L50|\n|poke|p2|Rillaboom, L50, M|\n|teampreview|4\n|inactive|Battle timer is ON: inactive players will automatically lose when time's up. (requested by PritzShow)\n|inactive|Emirnent has 60 seconds left.\n|\n|t:|1737486478\n|start\n|switch|p1a: Miraidon|Miraidon, L50|100\/100\n|switch|p1b: Sneasler|Sneasler, L50, F|100\/100\n|switch|p2a: Pelipper|Pelipper, L50, F|100\/100\n|switch|p2b: Rillaboom|Rillaboom, L50, M|100\/100\n|-fieldstart|move: Electric Terrain|[from] ability: Hadron Engine|[of] p1a: Miraidon\n|-enditem|p1b: Sneasler|Electric Seed\n|-boost|p1b: Sneasler|def|1|[from] item: Electric Seed\n|-weather|RainDance|[from] ability: Drizzle|[of] p2a: Pelipper\n|-fieldstart|move: Grassy Terrain|[from] ability: Grassy Surge|[of] p2b: Rillaboom\n|turn|1\n|\n|t:|1737486495\n|switch|p2b: Incineroar|Incineroar, L50, M|100\/100\n|-ability|p2b: Incineroar|Intimidate|boost\n|-unboost|p1a: Miraidon|atk|1\n|-unboost|p1b: Sneasler|atk|1\n|move|p2a: Pelipper|Protect|p2a: Pelipper\n|-singleturn|p2a: Pelipper|Protect\n|move|p1b: Sneasler|Fake Out|p2b: Incineroar\n|-damage|p2b: Incineroar|91\/100\n|move|p1a: Miraidon|Volt Switch|p2a: Pelipper\n|-activate|p2a: Pelipper|move: Protect\n|\n|-weather|RainDance|[upkeep]\n|-heal|p2b: Incineroar|97\/100|[from] Grassy Terrain\n|upkeep\n|turn|2\n|j| ChilledLotusA\n|\n|t:|1737486520\n|switch|p1b: Farigiraf|Farigiraf, L50, F|100\/100\n|move|p1a: Miraidon|Volt Switch|p2a: Pelipper\n|-supereffective|p2a: Pelipper\n|-enditem|p2a: Pelipper|Focus Sash\n|-damage|p2a: Pelipper|1\/100\n|\n|t:|1737486531\n|switch|p1a: Sneasler|Sneasler, L50, F|100\/100|[from] Volt Switch\n|move|p2a: Pelipper|Weather Ball|p1a: Sneasler\n|-damage|p1a: Sneasler|14\/100\n|move|p2b: Incineroar|Knock Off|p1a: Sneasler\n|-resisted|p1a: Sneasler\n|-damage|p1a: Sneasler|0 fnt\n|faint|p1a: Sneasler\n|\n|-weather|RainDance|[upkeep]\n|-heal|p2b: Incineroar|100\/100|[from] Grassy Terrain\n|upkeep\n|\n|t:|1737486536\n|switch|p1a: Miraidon|Miraidon, L50|100\/100\n|-fieldstart|move: Electric Terrain|[from] ability: Hadron Engine|[of] p1a: Miraidon\n|turn|3\n|\n|t:|1737486546\n|switch|p2a: Rillaboom|Rillaboom, L50, M|100\/100\n|-fieldstart|move: Grassy Terrain|[from] ability: Grassy Surge|[of] p2a: Rillaboom\n|move|p1b: Farigiraf|Helping Hand|p1a: Miraidon\n|-singleturn|p1a: Miraidon|Helping Hand|[of] p1b: Farigiraf\n|move|p1a: Miraidon|Volt Switch|p2b: Incineroar\n|-damage|p2b: Incineroar|18\/100\n|-enditem|p2b: Incineroar|Sitrus Berry|[eat]\n|-heal|p2b: Incineroar|43\/100|[from] item: Sitrus Berry\n|\n|t:|1737486554\n|switch|p1a: Iron Hands|Iron Hands, L50|100\/100|[from] Volt Switch\n|move|p2b: Incineroar|Knock Off|p1b: Farigiraf\n|-supereffective|p1b: Farigiraf\n|-damage|p1b: Farigiraf|33\/100\n|-damage|p2b: Incineroar|27\/100|[from] item: Rocky Helmet|[of] p1b: Farigiraf\n|-enditem|p1b: Farigiraf|Rocky Helmet|[from] move: Knock Off|[of] p2b: Incineroar\n|\n|-weather|RainDance|[upkeep]\n|-heal|p1b: Farigiraf|39\/100|[from] Grassy Terrain\n|-heal|p2b: Incineroar|33\/100|[from] Grassy Terrain\n|upkeep\n|turn|4\n|\n|t:|1737486570\n|switch|p1b: Miraidon|Miraidon, L50|100\/100\n|-fieldstart|move: Electric Terrain|[from] ability: Hadron Engine|[of] p1b: Miraidon\n|-activate|p1a: Iron Hands|ability: Quark Drive\n|-start|p1a: Iron Hands|quarkdriveatk\n|move|p1a: Iron Hands|Fake Out|p2b: Incineroar\n|-damage|p2b: Incineroar|15\/100\n|move|p2a: Rillaboom|U-turn|p1b: Miraidon\n|-damage|p1b: Miraidon|74\/100\n|\n|t:|1737486587\n|switch|p2a: Zamazenta|Zamazenta-Crowned, L50|100\/100|[from] U-turn\n|-ability|p2a: Zamazenta|Dauntless Shield|boost\n|-boost|p2a: Zamazenta|def|1\n|cant|p2b: Incineroar|flinch\n|\n|-weather|RainDance|[upkeep]\n|upkeep\n|turn|5\n|\n|t:|1737486600\n|switch|p2b: Rillaboom|Rillaboom, L50, M|100\/100\n|-fieldstart|move: Grassy Terrain|[from] ability: Grassy Surge|[of] p2b: Rillaboom\n|-end|p1a: Iron Hands|Quark Drive\n|move|p2a: Zamazenta|Protect|p2a: Zamazenta\n|-singleturn|p2a: Zamazenta|Protect\n|move|p1b: Miraidon|Volt Switch|p2b: Rillaboom\n|-resisted|p2b: Rillaboom\n|-damage|p2b: Rillaboom|78\/100\n|\n|t:|1737486606\n|switch|p1b: Farigiraf|Farigiraf, L50, F|39\/100|[from] Volt Switch\n|move|p1a: Iron Hands|Drain Punch|p2a: Zamazenta\n|-activate|p2a: Zamazenta|move: Protect\n|\n|-weather|none\n|-heal|p2b: Rillaboom|84\/100|[from] Grassy Terrain\n|-heal|p1b: Farigiraf|44\/100|[from] Grassy Terrain\n|upkeep\n|turn|6\n|inactive|Emirnent has 30 seconds left.\n|\n|t:|1737486633\n|move|p1b: Farigiraf|Helping Hand|p1a: Iron Hands\n|-singleturn|p1a: Iron Hands|Helping Hand|[of] p1b: Farigiraf\n|move|p2a: Zamazenta|Iron Defense|p2a: Zamazenta\n|-boost|p2a: Zamazenta|def|2\n|move|p2b: Rillaboom|U-turn|p1b: Farigiraf\n|-supereffective|p1b: Farigiraf\n|-damage|p1b: Farigiraf|5\/100\n|\n|t:|1737486642\n|switch|p2b: Incineroar|Incineroar, L50, M|15\/100|[from] U-turn\n|-ability|p2b: Incineroar|Intimidate|boost\n|-unboost|p1a: Iron Hands|atk|1\n|-unboost|p1b: Farigiraf|atk|1\n|move|p1a: Iron Hands|Drain Punch|p2a: Zamazenta\n|-supereffective|p2a: Zamazenta\n|-damage|p2a: Zamazenta|81\/100\n|\n|-heal|p2a: Zamazenta|87\/100|[from] Grassy Terrain\n|-heal|p1b: Farigiraf|11\/100|[from] Grassy Terrain\n|-heal|p2b: Incineroar|21\/100|[from] Grassy Terrain\n|upkeep\n|turn|7\n|\n|t:|1737486649\n|move|p2a: Zamazenta|Body Press|p1b: Farigiraf\n|-damage|p1b: Farigiraf|0 fnt\n|faint|p1b: Farigiraf\n|move|p2b: Incineroar|Will-O-Wisp|p1a: Iron Hands\n|-status|p1a: Iron Hands|brn\n|move|p1a: Iron Hands|Drain Punch|p2b: Incineroar\n|-supereffective|p2b: Incineroar\n|-damage|p2b: Incineroar|0 fnt\n|faint|p2b: Incineroar\n|\n|-heal|p2a: Zamazenta|93\/100|[from] Grassy Terrain\n|-damage|p1a: Iron Hands|95\/100 brn|[from] brn\n|upkeep\n|\n|t:|1737486654\n|switch|p1b: Miraidon|Miraidon, L50|74\/100\n|switch|p2b: Rillaboom|Rillaboom, L50, M|84\/100\n|-fieldstart|move: Electric Terrain|[from] ability: Hadron Engine|[of] p1b: Miraidon\n|-activate|p1a: Iron Hands|ability: Quark Drive\n|-start|p1a: Iron Hands|quarkdriveatk\n|-fieldstart|move: Grassy Terrain|[from] ability: Grassy Surge|[of] p2b: Rillaboom\n|-end|p1a: Iron Hands|Quark Drive\n|turn|8\n|\n|t:|1737486661\n|move|p2b: Rillaboom|Fake Out|p1b: Miraidon\n|-damage|p1b: Miraidon|58\/100\n|cant|p1b: Miraidon|flinch\n|move|p2a: Zamazenta|Body Press|p1b: Miraidon\n|-damage|p1b: Miraidon|0 fnt\n|faint|p1b: Miraidon\n|move|p1a: Iron Hands|Drain Punch|p2b: Rillaboom\n|-damage|p2b: Rillaboom|70\/100\n|-heal|p1a: Iron Hands|100\/100 brn|[from] drain|[of] p2b: Rillaboom\n|\n|-heal|p2a: Zamazenta|99\/100|[from] Grassy Terrain\n|-heal|p2b: Rillaboom|76\/100|[from] Grassy Terrain\n|-damage|p1a: Iron Hands|95\/100 brn|[from] brn\n|upkeep\n|turn|9\n|-message|Emirnent forfeited.\n|\n|win|PritzShow\n|raw|Emirnent's rating: 1591 &rarr; <strong>1569<\/strong><br \/>(-22 for losing)\n|raw|PritzShow's rating: 1553 &rarr; <strong>1575<\/strong><br \/>(+22 for winning)\n|l|\u2606Emirnent\n|player|p1|\n|l|\u2606PritzShow\n|player|p2|\n","uploadtime":1737486920,"views":42,"formatid":"gen9vgc2025regg","rating":1569,"private":0,"password":null}