{"id":"gen9vgc2025regg-2285604637","format":"[Gen 9] VGC 2025 Reg G","players":["flubberbut","Duryodhan"],"log":"|j|\u2606flubberbut\n|j|\u2606Duryodhan\n|t:|1737499493\n|gametype|doubles\n|player|p1|flubberbut|101|1545\n|player|p2|Duryodhan|265|1636\n|teamsize|p1|6\n|teamsize|p2|6\n|gen|9\n|tier|[Gen 9] VGC 2025 Reg G\n|rated|\n|rule|Species Clause: Limit one of each Pok\u00e9mon\n|rule|Item Clause: Limit 1 of each item\n|clearpoke\n|poke|p1|Chien-Pao, L50|\n|poke|p1|Urshifu-*, L50, M|\n|poke|p1|Thundurus, L50, M|\n|poke|p1|Kyogre, L50|\n|poke|p1|Landorus-Therian, L50, M|\n|poke|p1|Whimsicott, L50, F|\n|poke|p2|Calyrex-Ice, L50|\n|poke|p2|Indeedee-F, L50, F|\n|poke|p2|Gallade, L50, M|\n|poke|p2|Ursaluna, L50, M|\n|poke|p2|Amoonguss, L50, M|\n|poke|p2|Raging Bolt, L50|\n|teampreview|4\n|inactive|Battle timer is ON: inactive players will automatically lose when time's up. (requested by Duryodhan)\n|\n|t:|1737499538\n|start\n|switch|p1a: Urshifu|Urshifu, L50, M|100\/100\n|switch|p1b: Chien-Pao|Chien-Pao, L50|100\/100\n|switch|p2a: Calyrex|Calyrex-Ice, L50|100\/100\n|switch|p2b: Gallade|Gallade, L50, M|100\/100\n|-ability|p2a: Calyrex|As One\n|-ability|p2a: Calyrex|Unnerve\n|-ability|p1b: Chien-Pao|Sword of Ruin\n|turn|1\n|\n|t:|1737499562\n|-terastallize|p1a: Urshifu|Ghost\n|-terastallize|p2a: Calyrex|Dark\n|move|p1b: Chien-Pao|Ice Spinner|p2b: Gallade\n|-damage|p2b: Gallade|35\/100\n|move|p1a: Urshifu|Wicked Blow|p2a: Calyrex\n|-resisted|p2a: Calyrex\n|-crit|p2a: Calyrex\n|-damage|p2a: Calyrex|60\/100\n|move|p2b: Gallade|Sacred Sword|p1a: Urshifu\n|-immune|p1a: Urshifu\n|move|p2a: Calyrex|Trick Room|p2a: Calyrex\n|-fieldstart|move: Trick Room|[of] p2a: Calyrex\n|\n|upkeep\n|turn|2\n|\n|t:|1737499583\n|switch|p2b: Amoonguss|Amoonguss, L50, M|100\/100\n|move|p2a: Calyrex|Glacial Lance|p1b: Chien-Pao|[spread] p1a,p1b\n|-resisted|p1b: Chien-Pao\n|-damage|p1a: Urshifu|16\/100\n|-damage|p1b: Chien-Pao|58\/100\n|move|p1a: Urshifu|Wicked Blow|p2a: Calyrex\n|-resisted|p2a: Calyrex\n|-crit|p2a: Calyrex\n|-damage|p2a: Calyrex|24\/100\n|move|p1b: Chien-Pao|Ice Spinner|p2a: Calyrex\n|-damage|p2a: Calyrex|0 fnt\n|faint|p2a: Calyrex\n|\n|upkeep\n|\n|t:|1737499593\n|switch|p2a: Raging Bolt|Raging Bolt, L50|100\/100\n|-enditem|p2a: Raging Bolt|Booster Energy\n|-activate|p2a: Raging Bolt|ability: Protosynthesis|[fromitem]\n|-start|p2a: Raging Bolt|protosynthesisspa\n|turn|3\n|\n|t:|1737499608\n|move|p1b: Chien-Pao|Protect|p1b: Chien-Pao\n|-singleturn|p1b: Chien-Pao|Protect\n|move|p2b: Amoonguss|Spore|p1a: Urshifu\n|-status|p1a: Urshifu|slp|[from] move: Spore\n|move|p2a: Raging Bolt|Thunderbolt|p1b: Chien-Pao\n|-activate|p1b: Chien-Pao|move: Protect\n|cant|p1a: Urshifu|slp\n|\n|upkeep\n|turn|4\n|\n|t:|1737499622\n|switch|p1b: Landorus|Landorus-Therian, L50, M|100\/100\n|-ability|p1b: Landorus|Intimidate|boost\n|-unboost|p2a: Raging Bolt|atk|1\n|-unboost|p2b: Amoonguss|atk|1\n|move|p2b: Amoonguss|Spore|p1b: Landorus\n|-status|p1b: Landorus|slp|[from] move: Spore\n|move|p2a: Raging Bolt|Thunderbolt|p1a: Urshifu\n|-damage|p1a: Urshifu|0 fnt\n|faint|p1a: Urshifu\n|\n|upkeep\n|\n|t:|1737499635\n|switch|p1a: Chien-Pao|Chien-Pao, L50|58\/100\n|-ability|p1a: Chien-Pao|Sword of Ruin\n|turn|5\n|\n|t:|1737499652\n|switch|p2b: Gallade|Gallade, L50, M|35\/100\n|move|p1a: Chien-Pao|Protect|p1a: Chien-Pao\n|-singleturn|p1a: Chien-Pao|Protect\n|move|p2a: Raging Bolt|Draco Meteor|p1b: Landorus\n|-damage|p1b: Landorus|16\/100 slp\n|-unboost|p2a: Raging Bolt|spa|2\n|cant|p1b: Landorus|slp\n|\n|-fieldend|move: Trick Room\n|upkeep\n|turn|6\n|\n|t:|1737499674\n|move|p1a: Chien-Pao|Ice Spinner|p2b: Gallade\n|-damage|p2b: Gallade|0 fnt\n|faint|p2b: Gallade\n|cant|p1b: Landorus|slp\n|move|p2a: Raging Bolt|Draco Meteor|p1a: Chien-Pao|[miss]\n|-miss|p2a: Raging Bolt|p1a: Chien-Pao\n|\n|upkeep\n|\n|t:|1737499680\n|switch|p2b: Amoonguss|Amoonguss, L50, M|100\/100\n|turn|7\n|\n|t:|1737499696\n|move|p2b: Amoonguss|Rage Powder|p2b: Amoonguss\n|-singleturn|p2b: Amoonguss|move: Rage Powder\n|move|p1a: Chien-Pao|Ice Spinner|p2b: Amoonguss\n|-supereffective|p2b: Amoonguss\n|-damage|p2b: Amoonguss|17\/100\n|-damage|p1a: Chien-Pao|42\/100|[from] item: Rocky Helmet|[of] p2b: Amoonguss\n|cant|p1b: Landorus|slp\n|move|p2a: Raging Bolt|Draco Meteor|p1a: Chien-Pao\n|-damage|p1a: Chien-Pao|0 fnt\n|-unboost|p2a: Raging Bolt|spa|2\n|faint|p1a: Chien-Pao\n|\n|upkeep\n|\n|t:|1737499705\n|switch|p1a: Kyogre|Kyogre, L50|100\/100\n|-weather|RainDance|[from] ability: Drizzle|[of] p1a: Kyogre\n|turn|8\n|-message|Duryodhan forfeited.\n|\n|win|flubberbut\n|raw|flubberbut's rating: 1545 &rarr; <strong>1570<\/strong><br \/>(+25 for winning)\n|raw|Duryodhan's rating: 1636 &rarr; <strong>1611<\/strong><br \/>(-25 for losing)\n|l|\u2606Duryodhan\n|player|p2|\n|l|\u2606flubberbut\n|player|p1|\n","uploadtime":1737499900,"views":11,"formatid":"gen9vgc2025regg","rating":1570,"private":0,"password":null}