{"id":"gen9vgc2025regg-2285156323","format":"[Gen 9] VGC 2025 Reg G","players":["HyperRes","Squ1dge_"],"log":"|j|\u2606HyperRes\n|j|\u2606Squ1dge_\n|t:|1737444730\n|gametype|doubles\n|player|p1|HyperRes|miku-ground|1620\n|player|p2|Squ1dge_|1|1595\n|teamsize|p1|6\n|teamsize|p2|6\n|gen|9\n|tier|[Gen 9] VGC 2025 Reg G\n|rated|\n|rule|Species Clause: Limit one of each Pok\u00e9mon\n|rule|Item Clause: Limit 1 of each item\n|clearpoke\n|poke|p1|Groudon, L50|\n|poke|p1|Sableye, L50, M|\n|poke|p1|Iron Valiant, L50|\n|poke|p1|Raging Bolt, L50|\n|poke|p1|Ogerpon-Hearthflame, L50, F|\n|poke|p1|Chien-Pao, L50|\n|poke|p2|Indeedee-F, L50, F|\n|poke|p2|Necrozma-Dawn-Wings, L50|\n|poke|p2|Gallade, L50, M|\n|poke|p2|Torkoal, L50, M|\n|poke|p2|Lilligant-Hisui, L50, F|\n|poke|p2|Ursaluna, L50, M|\n|teampreview|4\n|inactive|Battle timer is ON: inactive players will automatically lose when time's up. (requested by Squ1dge_)\n|inactive|HyperRes also wants the timer to be on.\n|inactive|HyperRes has 60 seconds left.\n|inactive|HyperRes has 30 seconds left.\n|\n|t:|1737444790\n|start\n|switch|p1a: Sableye|Sableye, L50, M|100\/100\n|switch|p1b: Iron Valiant|Iron Valiant, L50|100\/100\n|switch|p2a: Lilligant|Lilligant-Hisui, L50, F|100\/100\n|switch|p2b: Torkoal|Torkoal, L50, M, shiny|100\/100\n|-weather|SunnyDay|[from] ability: Drought|[of] p2b: Torkoal\n|-enditem|p1b: Iron Valiant|Booster Energy\n|-activate|p1b: Iron Valiant|ability: Quark Drive|[fromitem]\n|-start|p1b: Iron Valiant|quarkdrivespe\n|turn|1\n|\n|t:|1737444811\n|move|p1a: Sableye|Gravity|p1a: Sableye\n|-fieldstart|move: Gravity\n|move|p2a: Lilligant|Sleep Powder|p1b: Iron Valiant\n|-status|p1b: Iron Valiant|slp|[from] move: Sleep Powder\n|cant|p1b: Iron Valiant|slp\n|move|p2b: Torkoal|Weather Ball|p1a: Sableye\n|-damage|p1a: Sableye|0 fnt\n|faint|p1a: Sableye\n|\n|-weather|SunnyDay|[upkeep]\n|upkeep\n|\n|t:|1737444835\n|switch|p1a: Chien-Pao|Chien-Pao, L50|100\/100\n|-ability|p1a: Chien-Pao|Sword of Ruin\n|turn|2\n|inactive|Squ1dge_ has 30 seconds left.\n|\n|t:|1737444864\n|move|p1a: Chien-Pao|Protect|p1a: Chien-Pao\n|-singleturn|p1a: Chien-Pao|Protect\n|move|p2a: Lilligant|Sleep Powder|p1a: Chien-Pao\n|-activate|p1a: Chien-Pao|move: Protect\n|cant|p1b: Iron Valiant|slp\n|move|p2b: Torkoal|Weather Ball|p1b: Iron Valiant\n|-damage|p1b: Iron Valiant|0 fnt\n|faint|p1b: Iron Valiant\n|-end|p1b: Iron Valiant|Quark Drive|[silent]\n|\n|-weather|SunnyDay|[upkeep]\n|upkeep\n|\n|t:|1737444880\n|switch|p1b: Groudon|Groudon, L50|100\/100\n|turn|3\n|\n|t:|1737444894\n|move|p1a: Chien-Pao|Ice Shard|p2a: Lilligant\n|-supereffective|p2a: Lilligant\n|-damage|p2a: Lilligant|8\/100\n|move|p2a: Lilligant|Sleep Powder|p1b: Groudon\n|-status|p1b: Groudon|slp|[from] move: Sleep Powder\n|cant|p1b: Groudon|slp\n|move|p2b: Torkoal|Weather Ball|p1a: Chien-Pao\n|-supereffective|p1a: Chien-Pao\n|-enditem|p1a: Chien-Pao|Focus Sash\n|-damage|p1a: Chien-Pao|1\/100\n|\n|-weather|SunnyDay|[upkeep]\n|upkeep\n|turn|4\n|\n|t:|1737444918\n|switch|p2b: Indeedee|Indeedee-F, L50, F, shiny|100\/100\n|-fieldstart|move: Psychic Terrain|[from] ability: Psychic Surge|[of] p2b: Indeedee\n|-enditem|p2b: Indeedee|Psychic Seed\n|-boost|p2b: Indeedee|spd|1|[from] item: Psychic Seed\n|move|p1a: Chien-Pao|Ice Shard|p2a: Lilligant\n|-activate|p2a: Lilligant|move: Psychic Terrain\n|move|p2a: Lilligant|Solar Blade||[still]\n|-prepare|p2a: Lilligant|Solar Blade\n|-anim|p2a: Lilligant|Solar Blade|p1b: Groudon\n|-supereffective|p1b: Groudon\n|-damage|p1b: Groudon|0 fnt\n|faint|p1b: Groudon\n|\n|-weather|SunnyDay|[upkeep]\n|upkeep\n|turn|5\n|-message|HyperRes forfeited.\n|\n|win|Squ1dge_\n|raw|HyperRes's rating: 1620 &rarr; <strong>1599<\/strong><br \/>(-21 for losing)\n|raw|Squ1dge_'s rating: 1595 &rarr; <strong>1616<\/strong><br \/>(+21 for winning)\n|l|\u2606HyperRes\n|player|p1|\n|l|\u2606Squ1dge_\n|player|p2|\n","uploadtime":1737445073,"views":47,"formatid":"gen9vgc2025regg","rating":1599,"private":0,"password":null}