{"id":"gen9vgc2025regg-2285791194","format":"[Gen 9] VGC 2025 Reg G","players":["badpiplupvgc","aoiharada"],"log":"|j|\u2606badpiplupvgc\n|j|\u2606aoiharada\n|t:|1737524165\n|gametype|doubles\n|player|p1|badpiplupvgc|102|1553\n|player|p2|aoiharada|2|1573\n|teamsize|p1|6\n|teamsize|p2|6\n|gen|9\n|tier|[Gen 9] VGC 2025 Reg G\n|rated|\n|rule|Species Clause: Limit one of each Pok\u00e9mon\n|rule|Item Clause: Limit 1 of each item\n|clearpoke\n|poke|p1|Calyrex-Ice, L50|\n|poke|p1|Amoonguss, L50, M|\n|poke|p1|Raging Bolt, L50|\n|poke|p1|Chi-Yu, L50|\n|poke|p1|Rillaboom, L50, M|\n|poke|p1|Urshifu-*, L50, M|\n|poke|p2|Weezing-Galar, L50, M|\n|poke|p2|Calyrex-Shadow, L50|\n|poke|p2|Dondozo, L50, M|\n|poke|p2|Tatsugiri, L50, F|\n|poke|p2|Incineroar, L50, F|\n|poke|p2|Roaring Moon, L50|\n|teampreview|4\n|inactive|Battle timer is ON: inactive players will automatically lose when time's up. (requested by badpiplupvgc)\n|inactive|aoiharada has 60 seconds left.\n|\n|t:|1737524220\n|start\n|switch|p1a: Chi-Yu|Chi-Yu, L50|100\/100\n|switch|p1b: Raging Bolt|Raging Bolt, L50|100\/100\n|switch|p2a: Weezing|Weezing-Galar, L50, M|100\/100\n|switch|p2b: Roaring Moon|Roaring Moon, L50|100\/100\n|-ability|p2a: Weezing|Neutralizing Gas\n|turn|1\n|inactive|badpiplupvgc has 30 seconds left.\n|\n|t:|1737524254\n|-end|p1b: Raging Bolt|Protosynthesis|[silent]\n|switch|p1b: Amoonguss|Amoonguss, L50, M|100\/100\n|move|p1a: Chi-Yu|Heat Wave|p2b: Roaring Moon|[spread] p2a,p2b\n|-resisted|p2b: Roaring Moon\n|-damage|p2a: Weezing|58\/100\n|-damage|p2b: Roaring Moon|86\/100\n|-status|p2a: Weezing|brn\n|move|p2b: Roaring Moon|Snarl|p1b: Amoonguss|[spread] p1a,p1b\n|-resisted|p1a: Chi-Yu\n|-damage|p1a: Chi-Yu|96\/100\n|-damage|p1b: Amoonguss|92\/100\n|-unboost|p1a: Chi-Yu|spa|1\n|-unboost|p1b: Amoonguss|spa|1\n|move|p2a: Weezing|Poison Gas|p1b: Amoonguss|[spread] \n|-miss|p2a: Weezing|p1a: Chi-Yu\n|-immune|p1b: Amoonguss\n|\n|-damage|p2a: Weezing|52\/100 brn|[from] brn\n|upkeep\n|turn|2\n|inactive|badpiplupvgc has 30 seconds left.\n|inactive|aoiharada has 30 seconds left.\n|inactive|badpiplupvgc has 20 seconds left.\n|\n|t:|1737524291\n|move|p1a: Chi-Yu|Heat Wave|p2b: Roaring Moon|[spread] p2a,p2b\n|-resisted|p2b: Roaring Moon\n|-damage|p2a: Weezing|27\/100 brn\n|-damage|p2b: Roaring Moon|77\/100\n|-enditem|p2a: Weezing|Sitrus Berry|[eat]\n|-heal|p2a: Weezing|52\/100 brn|[from] item: Sitrus Berry\n|move|p2b: Roaring Moon|Knock Off|p1b: Amoonguss\n|-damage|p1b: Amoonguss|47\/100\n|-damage|p2b: Roaring Moon|60\/100|[from] item: Rocky Helmet|[of] p1b: Amoonguss\n|-enditem|p1b: Amoonguss|Rocky Helmet|[from] move: Knock Off|[of] p2b: Roaring Moon\n|move|p2a: Weezing|Toxic Spikes|p1b: Amoonguss\n|-sidestart|p1: badpiplupvgc|move: Toxic Spikes\n|move|p1b: Amoonguss|Spore|p2b: Roaring Moon\n|-status|p2b: Roaring Moon|slp|[from] move: Spore\n|\n|-damage|p2a: Weezing|46\/100 brn|[from] brn\n|upkeep\n|turn|3\n|inactive|badpiplupvgc has 30 seconds left.\n|inactive|aoiharada has 30 seconds left.\n|inactive|aoiharada has 20 seconds left.\n|inactive|aoiharada has 15 seconds left.\n|inactive|aoiharada has 10 seconds left.\n|inactive|aoiharada has 5 seconds left.\n|\n|t:|1737524346\n|switch|p1a: Raging Bolt|Raging Bolt, L50|100\/100\n|-status|p1a: Raging Bolt|psn\n|move|p2a: Weezing|Protect|p2a: Weezing\n|-singleturn|p2a: Weezing|Protect\n|cant|p2b: Roaring Moon|slp\n|move|p1b: Amoonguss|Pollen Puff|p2b: Roaring Moon\n|-supereffective|p2b: Roaring Moon\n|-damage|p2b: Roaring Moon|42\/100 slp\n|\n|-damage|p1a: Raging Bolt|88\/100 psn|[from] psn\n|-damage|p2a: Weezing|41\/100 brn|[from] brn\n|upkeep\n|turn|4\n|inactive|aoiharada has 30 seconds left.\n|\n|t:|1737524381\n|-end|p2b: Roaring Moon|Protosynthesis|[silent]\n|switch|p2b: Tatsugiri|Tatsugiri, L50, F|100\/100\n|-end|p2a: Weezing|ability: Neutralizing Gas\n|switch|p2a: Dondozo|Dondozo, L50, M|100\/100\n|-activate|p2b: Tatsugiri|ability: Commander|[of] p2a: Dondozo\n|-boost|p2a: Dondozo|atk|2\n|-boost|p2a: Dondozo|spa|2\n|-boost|p2a: Dondozo|spe|2\n|-boost|p2a: Dondozo|def|2\n|-boost|p2a: Dondozo|spd|2\n|-enditem|p1a: Raging Bolt|Booster Energy\n|-activate|p1a: Raging Bolt|ability: Protosynthesis|[fromitem]\n|-start|p1a: Raging Bolt|protosynthesisspa\n|switch|p1b: Chi-Yu|Chi-Yu, L50|96\/100\n|-status|p1b: Chi-Yu|psn\n|-ability|p1b: Chi-Yu|Beads of Ruin\n|move|p1a: Raging Bolt|Thunderbolt|p2a: Dondozo\n|-supereffective|p2a: Dondozo\n|-damage|p2a: Dondozo|7\/100\n|\n|-heal|p2a: Dondozo|13\/100|[from] item: Leftovers\n|-damage|p1b: Chi-Yu|84\/100 psn|[from] psn\n|-damage|p1a: Raging Bolt|76\/100 psn|[from] psn\n|upkeep\n|turn|5\n|-message|aoiharada forfeited.\n|\n|win|badpiplupvgc\n|raw|badpiplupvgc's rating: 1553 &rarr; <strong>1574<\/strong><br \/>(+21 for winning)\n|raw|aoiharada's rating: 1573 &rarr; <strong>1552<\/strong><br \/>(-21 for losing)\n|l|\u2606aoiharada\n|player|p2|\n|l|\u2606badpiplupvgc\n|player|p1|\n","uploadtime":1737524635,"views":15,"formatid":"gen9vgc2025regg","rating":1552,"private":0,"password":null}