{"id":"gen9vgc2025regg-2285167114","format":"[Gen 9] VGC 2025 Reg G","players":["sibylla_system","gmdifficulty"],"log":"|j|\u2606sibylla_system\n|j|\u2606gmdifficulty\n|t:|1737446814\n|gametype|doubles\n|player|p1|sibylla_system|1|1605\n|player|p2|gmdifficulty|265|1536\n|teamsize|p1|6\n|teamsize|p2|6\n|gen|9\n|tier|[Gen 9] VGC 2025 Reg G\n|rated|\n|rule|Species Clause: Limit one of each Pok\u00e9mon\n|rule|Item Clause: Limit 1 of each item\n|clearpoke\n|poke|p1|Chien-Pao, L50|\n|poke|p1|Zamazenta-*, L50|\n|poke|p1|Rillaboom, L50, M|\n|poke|p1|Flutter Mane, L50|\n|poke|p1|Chi-Yu, L50|\n|poke|p1|Urshifu-*, L50, M|\n|poke|p2|Chi-Yu, L50|\n|poke|p2|Koraidon, L50|\n|poke|p2|Flutter Mane, L50|\n|poke|p2|Raging Bolt, L50|\n|poke|p2|Tornadus, L50, M|\n|poke|p2|Ogerpon-Wellspring, L50, F|\n|teampreview|4\n|inactive|Battle timer is ON: inactive players will automatically lose when time's up. (requested by sibylla_system)\n|inactive|gmdifficulty has 60 seconds left.\n|\n|t:|1737446908\n|start\n|switch|p1a: Chi-Yu|Chi-Yu, L50|100\/100\n|switch|p1b: Flutter Mane|Flutter Mane, L50|100\/100\n|switch|p2a: Flutter Mane|Flutter Mane, L50|100\/100\n|switch|p2b: Chi-Yu|Chi-Yu, L50|100\/100\n|-ability|p1a: Chi-Yu|Beads of Ruin\n|-ability|p2b: Chi-Yu|Beads of Ruin\n|-enditem|p1b: Flutter Mane|Booster Energy\n|-activate|p1b: Flutter Mane|ability: Protosynthesis|[fromitem]\n|-start|p1b: Flutter Mane|protosynthesisspe\n|turn|1\n|c|\u2606gmdifficulty|wow\n|\n|t:|1737446933\n|move|p2a: Flutter Mane|Protect|p2a: Flutter Mane\n|-singleturn|p2a: Flutter Mane|Protect\n|move|p1b: Flutter Mane|Icy Wind|p2a: Flutter Mane|[spread] p2b\n|-activate|p2a: Flutter Mane|move: Protect\n|-resisted|p2b: Chi-Yu\n|-damage|p2b: Chi-Yu|94\/100\n|-unboost|p2b: Chi-Yu|spe|1\n|move|p1a: Chi-Yu|Overheat|p2a: Flutter Mane\n|-activate|p2a: Flutter Mane|move: Protect\n|move|p2b: Chi-Yu|Snarl|p1b: Flutter Mane|[spread] p1a,p1b\n|-resisted|p1a: Chi-Yu\n|-damage|p1a: Chi-Yu|88\/100\n|-damage|p1b: Flutter Mane|71\/100\n|-unboost|p1a: Chi-Yu|spa|1\n|-unboost|p1b: Flutter Mane|spa|1\n|\n|upkeep\n|turn|2\n|inactive|gmdifficulty has 30 seconds left.\n|inactive|gmdifficulty has 20 seconds left.\n|inactive|gmdifficulty has 15 seconds left.\n|inactive|gmdifficulty has 10 seconds left.\n|\n|t:|1737446982\n|move|p1b: Flutter Mane|Shadow Ball|p2a: Flutter Mane\n|-supereffective|p2a: Flutter Mane\n|-damage|p2a: Flutter Mane|34\/100\n|move|p1a: Chi-Yu|Overheat|p2a: Flutter Mane\n|-damage|p2a: Flutter Mane|0 fnt\n|-unboost|p1a: Chi-Yu|spa|2\n|faint|p2a: Flutter Mane\n|-end|p2a: Flutter Mane|Protosynthesis|[silent]\n|move|p2b: Chi-Yu|Snarl|p1a: Chi-Yu|[spread] p1a,p1b\n|-resisted|p1a: Chi-Yu\n|-damage|p1a: Chi-Yu|75\/100\n|-damage|p1b: Flutter Mane|42\/100\n|-unboost|p1a: Chi-Yu|spa|1\n|-unboost|p1b: Flutter Mane|spa|1\n|\n|upkeep\n|\n|t:|1737446993\n|switch|p2a: Koraidon|Koraidon, L50|100\/100\n|-weather|SunnyDay|[from] ability: Orichalcum Pulse|[of] p2a: Koraidon\n|-activate|p2a: Koraidon|Orichalcum Pulse|[source]\n|turn|3\n|inactive|sibylla_system has 30 seconds left.\n|inactive|gmdifficulty has 30 seconds left.\n|inactive|sibylla_system has 20 seconds left.\n|inactive|sibylla_system has 15 seconds left.\n|\n|t:|1737447034\n|switch|p1a: Chien-Pao|Chien-Pao, L50|100\/100\n|-ability|p1a: Chien-Pao|Sword of Ruin\n|switch|p2b: Raging Bolt|Raging Bolt, L50|100\/100\n|-activate|p2b: Raging Bolt|ability: Protosynthesis\n|-start|p2b: Raging Bolt|protosynthesisspa\n|-terastallize|p2a: Koraidon|Fire\n|move|p1b: Flutter Mane|Icy Wind|p2a: Koraidon|[spread] p2a,p2b\n|-resisted|p2a: Koraidon\n|-supereffective|p2b: Raging Bolt\n|-damage|p2a: Koraidon|98\/100\n|-damage|p2b: Raging Bolt|93\/100\n|-unboost|p2b: Raging Bolt|spe|1\n|move|p2a: Koraidon|Flare Blitz|p1b: Flutter Mane\n|-damage|p1b: Flutter Mane|0 fnt\n|faint|p1b: Flutter Mane\n|-end|p1b: Flutter Mane|Protosynthesis|[silent]\n|-damage|p2a: Koraidon|85\/100|[from] Recoil\n|\n|-weather|SunnyDay|[upkeep]\n|upkeep\n|j| WattoVGC\n|inactive|sibylla_system has 30 seconds left.\n|\n|t:|1737447059\n|switch|p1b: Zamazenta|Zamazenta-Crowned, L50|100\/100\n|-ability|p1b: Zamazenta|Dauntless Shield|boost\n|-boost|p1b: Zamazenta|def|1\n|turn|4\n|inactive|sibylla_system has 30 seconds left.\n|inactive|gmdifficulty has 30 seconds left.\n|inactive|sibylla_system has 20 seconds left.\n|inactive|gmdifficulty has 20 seconds left.\n|inactive|sibylla_system has 15 seconds left.\n|inactive|gmdifficulty has 15 seconds left.\n|inactive|gmdifficulty has 10 seconds left.\n|\n|t:|1737447108\n|-terastallize|p1b: Zamazenta|Dragon\n|move|p1a: Chien-Pao|Protect|p1a: Chien-Pao\n|-singleturn|p1a: Chien-Pao|Protect\n|move|p2a: Koraidon|Collision Course|p1a: Chien-Pao\n|-activate|p1a: Chien-Pao|move: Protect\n|move|p1b: Zamazenta|Body Press|p2a: Koraidon\n|-damage|p2a: Koraidon|0 fnt\n|faint|p2a: Koraidon\n|move|p2b: Raging Bolt|Draco Meteor|p1b: Zamazenta\n|-supereffective|p1b: Zamazenta\n|-damage|p1b: Zamazenta|0 fnt\n|-unboost|p2b: Raging Bolt|spa|2\n|faint|p1b: Zamazenta\n|\n|-weather|SunnyDay|[upkeep]\n|upkeep\n|\n|t:|1737447123\n|switch|p2a: Chi-Yu|Chi-Yu, L50|94\/100\n|switch|p1b: Chi-Yu|Chi-Yu, L50|75\/100\n|-ability|p2a: Chi-Yu|Beads of Ruin\n|-ability|p1b: Chi-Yu|Beads of Ruin\n|turn|5\n|inactive|sibylla_system has 30 seconds left.\n|inactive|sibylla_system has 20 seconds left.\n|inactive|sibylla_system has 15 seconds left.\n|\n|t:|1737447165\n|move|p2b: Raging Bolt|Thunderclap|p1a: Chien-Pao\n|-damage|p1a: Chien-Pao|40\/100\n|move|p2a: Chi-Yu|Heat Wave|p1b: Chi-Yu|[spread] p1a,p1b\n|-supereffective|p1a: Chien-Pao\n|-resisted|p1b: Chi-Yu\n|-damage|p1a: Chien-Pao|0 fnt\n|-damage|p1b: Chi-Yu|41\/100\n|faint|p1a: Chien-Pao\n|move|p1b: Chi-Yu|Heat Wave|p2a: Chi-Yu|[spread] p2a,p2b\n|-resisted|p2a: Chi-Yu\n|-resisted|p2b: Raging Bolt\n|-damage|p2a: Chi-Yu|59\/100\n|-damage|p2b: Raging Bolt|72\/100\n|\n|-weather|SunnyDay|[upkeep]\n|upkeep\n|turn|6\n|-message|sibylla_system forfeited.\n|\n|win|gmdifficulty\n|raw|sibylla_system's rating: 1605 &rarr; <strong>1581<\/strong><br \/>(-24 for losing)\n|raw|gmdifficulty's rating: 1536 &rarr; <strong>1560<\/strong><br \/>(+24 for winning)\n|l|\u2606sibylla_system\n|player|p1|\n|l|\u2606gmdifficulty\n|player|p2|\n|l| WattoVGC\n","uploadtime":1737447436,"views":8,"formatid":"gen9vgc2025regg","rating":1560,"private":0,"password":null}