{"id":"gen9vgc2025regg-2285270873","format":"[Gen 9] VGC 2025 Reg G","players":["Zyros Phade","DavidElGafe"],"log":"|j|\u2606Zyros Phade\n|j|\u2606DavidElGafe\n|t:|1737464405\n|gametype|doubles\n|player|p1|Zyros Phade|169|1610\n|player|p2|DavidElGafe|blue|1563\n|teamsize|p1|6\n|teamsize|p2|6\n|gen|9\n|tier|[Gen 9] VGC 2025 Reg G\n|rated|\n|rule|Species Clause: Limit one of each Pok\u00e9mon\n|rule|Item Clause: Limit 1 of each item\n|clearpoke\n|poke|p1|Urshifu-*, L50, F|\n|poke|p1|Kyogre, L50|\n|poke|p1|Iron Hands, L50|\n|poke|p1|Baxcalibur, L50, M|\n|poke|p1|Indeedee-F, L50, F|\n|poke|p1|Murkrow, L50, M|\n|poke|p2|Chien-Pao, L50|\n|poke|p2|Urshifu-*, L50, M|\n|poke|p2|Landorus, L50, M|\n|poke|p2|Pelipper, L50, F|\n|poke|p2|Zamazenta-*, L50|\n|poke|p2|Ogerpon-Cornerstone, L50, F|\n|teampreview|4\n|inactive|Battle timer is ON: inactive players will automatically lose when time's up. (requested by DavidElGafe)\n|\n|t:|1737464428\n|start\n|switch|p1a: Urshifu|Urshifu-Rapid-Strike, L50, F|100\/100\n|switch|p1b: Iron Hands|Iron Hands, L50|100\/100\n|switch|p2a: Ogerpon|Ogerpon-Cornerstone, L50, F|100\/100\n|switch|p2b: Pelipper|Pelipper, L50, F|100\/100\n|-weather|RainDance|[from] ability: Drizzle|[of] p2b: Pelipper\n|turn|1\n|inactive|Zyros Phade has 30 seconds left.\n|inactive|DavidElGafe has 30 seconds left.\n|inactive|DavidElGafe has 20 seconds left.\n|\n|t:|1737464466\n|move|p1b: Iron Hands|Fake Out|p2b: Pelipper\n|-damage|p2b: Pelipper|86\/100\n|move|p1a: Urshifu|Surging Strikes|p2a: Ogerpon\n|-crit|p2a: Ogerpon\n|-damage|p2a: Ogerpon|65\/100\n|-crit|p2a: Ogerpon\n|-damage|p2a: Ogerpon|23\/100\n|-crit|p2a: Ogerpon\n|-damage|p2a: Ogerpon|0 fnt\n|faint|p2a: Ogerpon\n|-hitcount|p2: Ogerpon|3\n|move|p2b: Pelipper|Tailwind|p2b: Pelipper\n|-sidestart|p2: DavidElGafe|move: Tailwind\n|\n|-weather|RainDance|[upkeep]\n|upkeep\n|\n|t:|1737464478\n|switch|p2a: Zamazenta|Zamazenta-Crowned, L50|100\/100\n|-ability|p2a: Zamazenta|Dauntless Shield|boost\n|-boost|p2a: Zamazenta|def|1\n|turn|2\n|\n|t:|1737464488\n|move|p2a: Zamazenta|Body Press|p1a: Urshifu\n|-damage|p1a: Urshifu|29\/100\n|move|p1a: Urshifu|Surging Strikes|p2a: Zamazenta\n|-crit|p2a: Zamazenta\n|-damage|p2a: Zamazenta|83\/100\n|-crit|p2a: Zamazenta\n|-damage|p2a: Zamazenta|67\/100\n|-crit|p2a: Zamazenta\n|-damage|p2a: Zamazenta|48\/100\n|-hitcount|p2a: Zamazenta|3\n|move|p2b: Pelipper|Hurricane|p1a: Urshifu\n|-supereffective|p1a: Urshifu\n|-damage|p1a: Urshifu|0 fnt\n|faint|p1a: Urshifu\n|move|p1b: Iron Hands|Wild Charge|p2b: Pelipper\n|-supereffective|p2b: Pelipper\n|-damage|p2b: Pelipper|0 fnt\n|faint|p2b: Pelipper\n|-damage|p1b: Iron Hands|85\/100|[from] Recoil\n|\n|-weather|RainDance|[upkeep]\n|upkeep\n|\n|t:|1737464497\n|switch|p1a: Murkrow|Murkrow, L50, M|100\/100\n|switch|p2b: Chien-Pao|Chien-Pao, L50|100\/100\n|-ability|p2b: Chien-Pao|Sword of Ruin\n|turn|3\n|j| UnleashIt\n|inactive|DavidElGafe has 30 seconds left.\n|\n|t:|1737464526\n|-terastallize|p2a: Zamazenta|Grass\n|move|p1a: Murkrow|Tailwind|p1a: Murkrow\n|-sidestart|p1: Zyros Phade|move: Tailwind\n|move|p2b: Chien-Pao|Ice Spinner|p1b: Iron Hands\n|-damage|p1b: Iron Hands|51\/100\n|move|p2a: Zamazenta|Body Press|p1b: Iron Hands\n|-damage|p1b: Iron Hands|0 fnt\n|faint|p1b: Iron Hands\n|-end|p1b: Iron Hands|Quark Drive|[silent]\n|\n|-weather|RainDance|[upkeep]\n|upkeep\n|\n|t:|1737464538\n|switch|p1b: Kyogre|Kyogre, L50, shiny|100\/100\n|turn|4\n|\n|t:|1737464549\n|-terastallize|p1b: Kyogre|Water\n|move|p2a: Zamazenta|Protect|p2a: Zamazenta\n|-singleturn|p2a: Zamazenta|Protect\n|move|p1a: Murkrow|Haze|p1a: Murkrow\n|-clearallboost\n|move|p2b: Chien-Pao|Ice Spinner|p1a: Murkrow\n|-supereffective|p1a: Murkrow\n|-enditem|p1a: Murkrow|Focus Sash\n|-damage|p1a: Murkrow|1\/100\n|move|p1b: Kyogre|Tera Blast|p2a: Zamazenta|[anim] Tera Blast Water\n|-activate|p2a: Zamazenta|move: Protect\n|\n|-weather|RainDance|[upkeep]\n|-sideend|p2: DavidElGafe|move: Tailwind\n|upkeep\n|turn|5\n|inactive|DavidElGafe has 30 seconds left.\n|inactive|DavidElGafe has 20 seconds left.\n|inactive|DavidElGafe has 15 seconds left.\n|inactive|DavidElGafe has 10 seconds left.\n|\n|t:|1737464599\n|move|p2a: Zamazenta|Wide Guard|p2a: Zamazenta\n|-singleturn|p2a: Zamazenta|Wide Guard\n|move|p1a: Murkrow|Hurricane|p2a: Zamazenta\n|-supereffective|p2a: Zamazenta\n|-damage|p2a: Zamazenta|0 fnt\n|faint|p2a: Zamazenta\n|move|p1b: Kyogre|Tera Blast|p2b: Chien-Pao|[anim] Tera Blast Water\n|-enditem|p2b: Chien-Pao|Focus Sash\n|-damage|p2b: Chien-Pao|1\/100\n|move|p2b: Chien-Pao|Throat Chop|p1b: Kyogre\n|-damage|p1b: Kyogre|47\/100\n|-start|p1b: Kyogre|Throat Chop|[silent]\n|\n|-weather|none\n|upkeep\n|turn|6\n|\n|t:|1737464611\n|move|p2b: Chien-Pao|Protect|p2b: Chien-Pao\n|-singleturn|p2b: Chien-Pao|Protect\n|move|p1a: Murkrow|Rain Dance|p1a: Murkrow\n|-weather|RainDance\n|move|p1b: Kyogre|Tera Blast|p2b: Chien-Pao|[anim] Tera Blast Water\n|-activate|p2b: Chien-Pao|move: Protect\n|\n|-weather|RainDance|[upkeep]\n|-end|p1b: Kyogre|Throat Chop|[silent]\n|-sideend|p1: Zyros Phade|move: Tailwind\n|upkeep\n|turn|7\n|\n|t:|1737464617\n|move|p2b: Chien-Pao|Sucker Punch|p1b: Kyogre\n|-damage|p1b: Kyogre|0 fnt\n|faint|p1b: Kyogre\n|move|p1a: Murkrow|Hurricane|p2b: Chien-Pao\n|-damage|p2b: Chien-Pao|0 fnt\n|faint|p2b: Chien-Pao\n|\n|win|Zyros Phade\n|raw|Zyros Phade's rating: 1610 &rarr; <strong>1627<\/strong><br \/>(+17 for winning)\n|raw|DavidElGafe's rating: 1563 &rarr; <strong>1546<\/strong><br \/>(-17 for losing)\n|l|\u2606DavidElGafe\n|player|p2|\n|l|\u2606Zyros Phade\n|player|p1|\n|j|\u2606DavidElGafe\n|player|p2|DavidElGafe|blue|\n|l|\u2606DavidElGafe\n|player|p2|\n","uploadtime":1737464807,"views":12,"formatid":"gen9vgc2025regg","rating":1546,"private":0,"password":null}