{"id":"gen9vgc2025regg-2285280529","format":"[Gen 9] VGC 2025 Reg G","players":["Lacossg","MisterBanana7"],"log":"|j|\u2606Lacossg\n|j|\u2606MisterBanana7\n|t:|1737465725\n|gametype|doubles\n|player|p1|Lacossg|2|1581\n|player|p2|MisterBanana7|cynthia-gen4|1553\n|teamsize|p1|6\n|teamsize|p2|6\n|gen|9\n|tier|[Gen 9] VGC 2025 Reg G\n|rated|\n|rule|Species Clause: Limit one of each Pok\u00e9mon\n|rule|Item Clause: Limit 1 of each item\n|clearpoke\n|poke|p1|Gouging Fire, L50|\n|poke|p1|Urshifu-*, L50, M|\n|poke|p1|Chien-Pao, L50|\n|poke|p1|Raging Bolt, L50|\n|poke|p1|Volcarona, L50, M|\n|poke|p1|Groudon, L50|\n|poke|p2|Groudon, L50|\n|poke|p2|Scovillain, L50, M|\n|poke|p2|Flutter Mane, L50|\n|poke|p2|Farigiraf, L50, F|\n|poke|p2|Chi-Yu, L50|\n|poke|p2|Raging Bolt, L50|\n|teampreview|4\n|\n|t:|1737465744\n|start\n|switch|p1a: Chien-Pao|Chien-Pao, L50|100\/100\n|switch|p1b: Volcarona|Volcarona, L50, M|100\/100\n|switch|p2a: Groudon|Groudon, L50|100\/100\n|switch|p2b: Scovillain|Scovillain, L50, M|100\/100\n|-ability|p1a: Chien-Pao|Sword of Ruin\n|-weather|SunnyDay|[from] ability: Drought|[of] p2a: Groudon\n|turn|1\n|inactive|Battle timer is ON: inactive players will automatically lose when time's up. (requested by MisterBanana7)\n|\n|t:|1737465765\n|-terastallize|p2a: Groudon|Fire\n|move|p2a: Groudon|Helping Hand|p2b: Scovillain\n|-singleturn|p2b: Scovillain|Helping Hand|[of] p2a: Groudon\n|move|p1a: Chien-Pao|Protect|p1a: Chien-Pao\n|-singleturn|p1a: Chien-Pao|Protect\n|move|p2b: Scovillain|Overheat|p1b: Volcarona\n|-damage|p1b: Volcarona|0 fnt\n|-unboost|p2b: Scovillain|spa|2\n|faint|p1b: Volcarona\n|\n|-weather|SunnyDay|[upkeep]\n|upkeep\n|\n|t:|1737465775\n|switch|p1b: Groudon|Groudon, L50|100\/100\n|turn|2\n|\n|t:|1737465791\n|move|p2a: Groudon|Protect|p2a: Groudon\n|-singleturn|p2a: Groudon|Protect\n|move|p2b: Scovillain|Overheat|p1a: Chien-Pao\n|-supereffective|p1a: Chien-Pao\n|-enditem|p1a: Chien-Pao|Focus Sash\n|-damage|p1a: Chien-Pao|1\/100\n|-unboost|p2b: Scovillain|spa|2\n|move|p1a: Chien-Pao|Sacred Sword|p2a: Groudon\n|-activate|p2a: Groudon|move: Protect\n|move|p1b: Groudon|Precipice Blades|p2b: Scovillain|[spread] p2b\n|-activate|p2a: Groudon|move: Protect\n|-enditem|p2b: Scovillain|Focus Sash\n|-damage|p2b: Scovillain|1\/100\n|\n|-weather|SunnyDay|[upkeep]\n|upkeep\n|turn|3\n|\n|t:|1737465810\n|move|p1a: Chien-Pao|Sucker Punch|p2b: Scovillain\n|-crit|p2b: Scovillain\n|-damage|p2b: Scovillain|0 fnt\n|faint|p2b: Scovillain\n|move|p2a: Groudon|Precipice Blades|p1b: Groudon|[spread] p1a,p1b\n|-damage|p1a: Chien-Pao|0 fnt\n|-damage|p1b: Groudon|57\/100\n|faint|p1a: Chien-Pao\n|move|p1b: Groudon|Precipice Blades|p2a: Groudon\n|-supereffective|p2a: Groudon\n|-damage|p2a: Groudon|1\/100\n|\n|-weather|SunnyDay|[upkeep]\n|upkeep\n|\n|t:|1737465821\n|switch|p1a: Urshifu|Urshifu, L50, M|100\/100\n|switch|p2b: Chi-Yu|Chi-Yu, L50|100\/100\n|-ability|p2b: Chi-Yu|Beads of Ruin\n|turn|4\n|\n|t:|1737465843\n|-terastallize|p1b: Groudon|Fire\n|move|p2a: Groudon|Helping Hand|p2b: Chi-Yu\n|-singleturn|p2b: Chi-Yu|Helping Hand|[of] p2a: Groudon\n|move|p1a: Urshifu|Sucker Punch||[still]\n|-fail|p1a: Urshifu\n|move|p2b: Chi-Yu|Heat Wave|p1a: Urshifu|[spread] p1a,p1b\n|-resisted|p1b: Groudon\n|-damage|p1a: Urshifu|0 fnt\n|-damage|p1b: Groudon|22\/100\n|faint|p1a: Urshifu\n|move|p1b: Groudon|High Horsepower|p2b: Chi-Yu\n|-supereffective|p2b: Chi-Yu\n|-damage|p2b: Chi-Yu|0 fnt\n|faint|p2b: Chi-Yu\n|\n|-weather|SunnyDay|[upkeep]\n|upkeep\n|\n|t:|1737465856\n|switch|p2b: Flutter Mane|Flutter Mane, L50|100\/100\n|-activate|p2b: Flutter Mane|ability: Protosynthesis\n|-start|p2b: Flutter Mane|protosynthesisspe\n|turn|5\n|\n|t:|1737465872\n|move|p2a: Groudon|Helping Hand|p2b: Flutter Mane\n|-singleturn|p2b: Flutter Mane|Helping Hand|[of] p2a: Groudon\n|move|p2b: Flutter Mane|Moonblast|p1b: Groudon\n|-resisted|p1b: Groudon\n|-damage|p1b: Groudon|0 fnt\n|faint|p1b: Groudon\n|-damage|p2b: Flutter Mane|90\/100|[from] item: Life Orb\n|\n|win|MisterBanana7\n|raw|Lacossg's rating: 1581 &rarr; <strong>1559<\/strong><br \/>(-22 for losing)\n|raw|MisterBanana7's rating: 1553 &rarr; <strong>1575<\/strong><br \/>(+22 for winning)\n|l|\u2606MisterBanana7\n|player|p2|\n|l|\u2606Lacossg\n|player|p1|\n","uploadtime":1737466050,"views":12,"formatid":"gen9vgc2025regg","rating":1559,"private":0,"password":null}