{"id":"gen9vgc2025regg-2285092208","format":"[Gen 9] VGC 2025 Reg G","players":["lichuweijixi","jormy49"],"log":"|j|\u2606lichuweijixi\n|j|\u2606jormy49\n|t:|1737433349\n|gametype|doubles\n|player|p1|lichuweijixi|170|1732\n|player|p2|jormy49|clay|1587\n|teamsize|p1|6\n|teamsize|p2|6\n|gen|9\n|tier|[Gen 9] VGC 2025 Reg G\n|rated|\n|rule|Species Clause: Limit one of each Pok\u00e9mon\n|rule|Item Clause: Limit 1 of each item\n|clearpoke\n|poke|p1|Calyrex-Ice, L50|\n|poke|p1|Smeargle, L50, F|\n|poke|p1|Raging Bolt, L50|\n|poke|p1|Iron Valiant, L50|\n|poke|p1|Ogerpon-Hearthflame, L50, F|\n|poke|p1|Urshifu-*, L50, F|\n|poke|p2|Sylveon, L50, F|\n|poke|p2|Zamazenta-*, L50|\n|poke|p2|Archaludon, L50, M|\n|poke|p2|Pelipper, L50, M|\n|poke|p2|Raichu, L50, M|\n|poke|p2|Sinistcha, L50|\n|teampreview|4\n|inactive|Battle timer is ON: inactive players will automatically lose when time's up. (requested by jormy49)\n|inactive|lichuweijixi has 60 seconds left.\n|inactive|jormy49 has 60 seconds left.\n|\n|t:|1737433394\n|start\n|switch|p1a: Iron Valiant|Iron Valiant, L50|100\/100\n|switch|p1b: Calyrex|Calyrex-Ice, L50|100\/100\n|switch|p2a: Zamazenta|Zamazenta-Crowned, L50|100\/100\n|switch|p2b: Raichu|Raichu, L50, M|100\/100\n|-ability|p1b: Calyrex|As One\n|-ability|p1b: Calyrex|Unnerve\n|-ability|p2a: Zamazenta|Dauntless Shield|boost\n|-boost|p2a: Zamazenta|def|1\n|-enditem|p1a: Iron Valiant|Booster Energy\n|-activate|p1a: Iron Valiant|ability: Quark Drive|[fromitem]\n|-start|p1a: Iron Valiant|quarkdrivespe\n|turn|1\n|j| BLiiNDProdiigy\n|\n|t:|1737433417\n|move|p2b: Raichu|Fake Out|p1b: Calyrex\n|-damage|p1b: Calyrex|95\/100\n|move|p1a: Iron Valiant|Destiny Bond|p1a: Iron Valiant\n|-singlemove|p1a: Iron Valiant|Destiny Bond\n|move|p2a: Zamazenta|Heavy Slam|p1a: Iron Valiant\n|-supereffective|p1a: Iron Valiant\n|-damage|p1a: Iron Valiant|0 fnt\n|faint|p1a: Iron Valiant\n|-activate|p1a: Iron Valiant|move: Destiny Bond\n|-end|p1a: Iron Valiant|Quark Drive|[silent]\n|faint|p2a: Zamazenta\n|cant|p1b: Calyrex|flinch\n|\n|upkeep\n|c|\u2606jormy49|ah\n|l| BLiiNDProdiigy\n|\n|t:|1737433433\n|switch|p1a: Smeargle|Smeargle, L50, F|100\/100\n|switch|p2a: Sylveon|Sylveon, L50, F|100\/100\n|turn|2\n|\n|t:|1737433450\n|-terastallize|p1b: Calyrex|Fire\n|move|p2a: Sylveon|Protect|p2a: Sylveon\n|-singleturn|p2a: Sylveon|Protect\n|move|p1a: Smeargle|Fake Out|p2a: Sylveon\n|-activate|p2a: Sylveon|move: Protect\n|move|p2b: Raichu|Nuzzle|p1b: Calyrex\n|-damage|p1b: Calyrex|91\/100\n|-status|p1b: Calyrex|par\n|cant|p1b: Calyrex|par\n|\n|upkeep\n|turn|3\n|\n|t:|1737433474\n|-terastallize|p2a: Sylveon|Water\n|move|p2b: Raichu|Endeavor|p1b: Calyrex\n|-damage|p1b: Calyrex|67\/100 par\n|move|p2a: Sylveon|Tera Blast|p1b: Calyrex|[anim] Tera Blast Water\n|-supereffective|p1b: Calyrex\n|-damage|p1b: Calyrex|16\/100 par\n|-enditem|p1b: Calyrex|Sitrus Berry|[eat]\n|-heal|p1b: Calyrex|41\/100 par|[from] item: Sitrus Berry\n|move|p1a: Smeargle|Spore|p2a: Sylveon\n|-status|p2a: Sylveon|slp|[from] move: Spore\n|cant|p1b: Calyrex|par\n|\n|upkeep\n|turn|4\n|c|\u2606lichuweijixi|Wtf\n|inactive|lichuweijixi has 30 seconds left.\n|\n|t:|1737433501\n|move|p2b: Raichu|Volt Switch|p1b: Calyrex\n|-damage|p1b: Calyrex|21\/100 par\n|\n|t:|1737433504\n|switch|p2b: Sinistcha|Sinistcha, L50|100\/100|[from] Volt Switch\n|cant|p2a: Sylveon|slp\n|move|p1a: Smeargle|Spore|p2b: Sinistcha\n|-immune|p2b: Sinistcha\n|move|p1b: Calyrex|Trick Room|p1b: Calyrex\n|-fieldstart|move: Trick Room|[of] p1b: Calyrex\n|\n|upkeep\n|turn|5\n|\n|t:|1737433522\n|move|p2b: Sinistcha|Protect|p2b: Sinistcha\n|-singleturn|p2b: Sinistcha|Protect\n|cant|p1b: Calyrex|par\n|move|p1a: Smeargle|Decorate|p1b: Calyrex\n|-boost|p1b: Calyrex|atk|2\n|-boost|p1b: Calyrex|spa|2\n|cant|p2a: Sylveon|slp\n|\n|upkeep\n|turn|6\n|c|\u2606lichuweijixi|??.\n|inactive|jormy49 has 30 seconds left.\n|\n|t:|1737433551\n|switch|p2b: Raichu|Raichu, L50, M|100\/100\n|move|p1a: Smeargle|Follow Me|p1a: Smeargle\n|-singleturn|p1a: Smeargle|move: Follow Me\n|move|p1b: Calyrex|Glacial Lance|p2b: Raichu|[spread] p2a,p2b\n|-resisted|p2a: Sylveon\n|-damage|p2a: Sylveon|28\/100 slp\n|-enditem|p2b: Raichu|Focus Sash\n|-damage|p2b: Raichu|1\/100\n|-curestatus|p2a: Sylveon|slp|[msg]\n|move|p2a: Sylveon|Tera Blast|p1a: Smeargle|[anim] Tera Blast Water\n|-damage|p1a: Smeargle|19\/100\n|\n|upkeep\n|turn|7\n|\n|t:|1737433573\n|move|p2a: Sylveon|Protect|p2a: Sylveon\n|-singleturn|p2a: Sylveon|Protect\n|move|p2b: Raichu|Fake Out|p1b: Calyrex\n|-damage|p1b: Calyrex|17\/100 par\n|cant|p1b: Calyrex|flinch\n|move|p1a: Smeargle|Spore|p2a: Sylveon\n|-activate|p2a: Sylveon|move: Protect\n|\n|upkeep\n|turn|8\n|\n|t:|1737433597\n|switch|p2a: Sinistcha|Sinistcha, L50|100\/100\n|-heal|p2b: Raichu|26\/100|[from] ability: Hospitality|[of] p2a: Sinistcha\n|move|p1b: Calyrex|Glacial Lance|p2b: Raichu|[spread] p2a,p2b\n|-supereffective|p2a: Sinistcha\n|-damage|p2a: Sinistcha|0 fnt\n|-damage|p2b: Raichu|0 fnt\n|faint|p2a: Sinistcha\n|faint|p2b: Raichu\n|-ability|p1b: Calyrex|Chilling Neigh|boost\n|-boost|p1b: Calyrex|atk|2\n|move|p1a: Smeargle|Spore|p2: Sinistcha|[notarget]\n|-fail|p1a: Smeargle\n|\n|-fieldend|move: Trick Room\n|upkeep\n|\n|t:|1737433603\n|switch|p2b: Sylveon|Sylveon, L50, F, tera:Water|28\/100\n|turn|9\n|\n|t:|1737433613\n|move|p1a: Smeargle|Follow Me|p1a: Smeargle\n|-singleturn|p1a: Smeargle|move: Follow Me\n|move|p2b: Sylveon|Hyper Voice|p1b: Calyrex|[spread] p1a,p1b\n|-resisted|p1b: Calyrex\n|-damage|p1a: Smeargle|0 fnt\n|-damage|p1b: Calyrex|2\/100 par\n|faint|p1a: Smeargle\n|-enditem|p2b: Sylveon|Throat Spray\n|-boost|p2b: Sylveon|spa|1|[from] item: Throat Spray\n|cant|p1b: Calyrex|par\n|\n|upkeep\n|\n|t:|1737433616\n|switch|p1a: Ogerpon|Ogerpon-Hearthflame, L50, F|100\/100\n|-ability|p1a: Ogerpon|Mold Breaker\n|turn|10\n|-message|jormy49 forfeited.\n|\n|win|lichuweijixi\n|raw|lichuweijixi's rating: 1732 &rarr; <strong>1744<\/strong><br \/>(+12 for winning)\n|raw|jormy49's rating: 1587 &rarr; <strong>1575<\/strong><br \/>(-12 for losing)\n|l|\u2606jormy49\n|player|p2|\n","uploadtime":1737433664,"views":14,"formatid":"gen9vgc2025regg","rating":1575,"private":0,"password":null}