{"id":"gen9vgc2025regg-2285981032","format":"[Gen 9] VGC 2025 Reg G","players":["Zoenna55","Yung Trav"],"log":"|j|\u2606Zoenna55\n|j|\u203dYung Trav\n|t:|1737555694\n|gametype|doubles\n|player|p1|Zoenna55|marley|1564\n|player|p2|Yung Trav|266|1688\n|teamsize|p1|6\n|teamsize|p2|6\n|gen|9\n|tier|[Gen 9] VGC 2025 Reg G\n|rated|\n|rule|Species Clause: Limit one of each Pok\u00e9mon\n|rule|Item Clause: Limit 1 of each item\n|clearpoke\n|poke|p1|Tornadus, L50, M|\n|poke|p1|Urshifu-*, L50, F|\n|poke|p1|Incineroar, L50, F|\n|poke|p1|Kyogre, L50|\n|poke|p1|Tsareena, L50, F|\n|poke|p1|Raging Bolt, L50|\n|poke|p2|Calyrex-Ice, L50|\n|poke|p2|Regidrago, L50|\n|poke|p2|Smeargle, L50, M|\n|poke|p2|Farigiraf, L50, M|\n|poke|p2|Urshifu-*, L50, M|\n|poke|p2|Ogerpon-Cornerstone, L50, F|\n|teampreview|4\n|inactive|Battle timer is ON: inactive players will automatically lose when time's up. (requested by Zoenna55)\n|inactive|Yung Trav has 60 seconds left.\n|\n|t:|1737555728\n|start\n|switch|p1a: Incineroar|Incineroar, L50, F|100\/100\n|switch|p1b: Kyogre|Kyogre, L50|100\/100\n|switch|p2a: Calyrex|Calyrex-Ice, L50|100\/100\n|switch|p2b: Urshifu|Urshifu, L50, M|100\/100\n|-ability|p2a: Calyrex|As One\n|-ability|p2a: Calyrex|Unnerve\n|-weather|RainDance|[from] ability: Drizzle|[of] p1b: Kyogre\n|-ability|p1a: Incineroar|Intimidate|boost\n|-fail|p2a: Calyrex|unboost|[from] item: Clear Amulet|[of] p2a: Calyrex\n|-unboost|p2b: Urshifu|atk|1\n|turn|1\n|inactive|Zoenna55 has 30 seconds left.\n|inactive|Yung Trav has 30 seconds left.\n|j| GexkaXXV\n|inactive|Zoenna55 has 20 seconds left.\n|inactive|Zoenna55 has 15 seconds left.\n|\n|t:|1737555771\n|switch|p1b: Tsareena|Tsareena, L50, F|100\/100\n|move|p2a: Calyrex|Protect|p2a: Calyrex\n|-singleturn|p2a: Calyrex|Protect\n|move|p2b: Urshifu|Wicked Blow|p1b: Tsareena\n|-crit|p1b: Tsareena\n|-damage|p1b: Tsareena|35\/100\n|-damage|p2b: Urshifu|84\/100|[from] item: Rocky Helmet|[of] p1b: Tsareena\n|move|p1a: Incineroar|Knock Off|p2a: Calyrex\n|-activate|p2a: Calyrex|move: Protect\n|\n|-weather|RainDance|[upkeep]\n|upkeep\n|turn|2\n|inactive|Zoenna55 has 30 seconds left.\n|inactive|Zoenna55 has 20 seconds left.\n|\n|t:|1737555809\n|switch|p1b: Tornadus|Tornadus, L50, M|100\/100\n|-terastallize|p2a: Calyrex|Water\n|move|p2b: Urshifu|Wicked Blow|p1b: Tornadus\n|-crit|p1b: Tornadus\n|-damage|p1b: Tornadus|42\/100\n|move|p1a: Incineroar|Will-O-Wisp|p2b: Urshifu\n|-status|p2b: Urshifu|brn\n|move|p2a: Calyrex|Trick Room|p2a: Calyrex\n|-fieldstart|move: Trick Room|[of] p2a: Calyrex\n|\n|-weather|RainDance|[upkeep]\n|-damage|p2b: Urshifu|78\/100 brn|[from] brn\n|upkeep\n|turn|3\n|\n|t:|1737555833\n|switch|p2b: Smeargle|Smeargle, L50, M, shiny|100\/100\n|move|p1b: Tornadus|Protect|p1b: Tornadus\n|-singleturn|p1b: Tornadus|Protect\n|move|p2a: Calyrex|Glacial Lance|p1b: Tornadus|[spread] p1a\n|-activate|p1b: Tornadus|move: Protect\n|-resisted|p1a: Incineroar\n|-damage|p1a: Incineroar|75\/100\n|move|p1a: Incineroar|Will-O-Wisp|p2a: Calyrex\n|-status|p2a: Calyrex|brn\n|\n|-weather|RainDance|[upkeep]\n|-damage|p2a: Calyrex|95\/100 brn|[from] brn\n|upkeep\n|turn|4\n|\n|t:|1737555854\n|move|p1b: Tornadus|Taunt|p2b: Smeargle\n|-start|p2b: Smeargle|move: Taunt\n|cant|p2b: Smeargle|move: Taunt|Decorate\n|move|p2a: Calyrex|Glacial Lance|p1b: Tornadus|[spread] p1a,p1b\n|-resisted|p1a: Incineroar\n|-supereffective|p1b: Tornadus\n|-crit|p1b: Tornadus\n|-damage|p1a: Incineroar|63\/100\n|-damage|p1b: Tornadus|0 fnt\n|faint|p1b: Tornadus\n|-ability|p2a: Calyrex|Chilling Neigh|boost\n|-boost|p2a: Calyrex|atk|1\n|move|p1a: Incineroar|Knock Off|p2a: Calyrex\n|-damage|p2a: Calyrex|71\/100 brn\n|-enditem|p2a: Calyrex|Clear Amulet|[from] move: Knock Off|[of] p1a: Incineroar\n|\n|-weather|RainDance|[upkeep]\n|-damage|p2a: Calyrex|65\/100 brn|[from] brn\n|upkeep\n|\n|t:|1737555865\n|switch|p1b: Kyogre|Kyogre, L50|100\/100\n|turn|5\n|\n|t:|1737555882\n|switch|p2b: Urshifu|Urshifu, L50, M|78\/100 brn\n|move|p2a: Calyrex|High Horsepower|p1a: Incineroar\n|-supereffective|p1a: Incineroar\n|-damage|p1a: Incineroar|4\/100\n|move|p1a: Incineroar|Parting Shot|p2a: Calyrex\n|-unboost|p2a: Calyrex|atk|1\n|-unboost|p2a: Calyrex|spa|1\n|\n|t:|1737555891\n|switch|p1a: Tsareena|Tsareena, L50, F|35\/100|[from] Parting Shot\n|move|p1b: Kyogre|Water Spout|p2b: Urshifu|[spread] p2a,p2b\n|-resisted|p2a: Calyrex\n|-damage|p2a: Calyrex|26\/100 brn\n|-damage|p2b: Urshifu|0 fnt\n|faint|p2b: Urshifu\n|\n|-weather|none\n|-damage|p2a: Calyrex|20\/100 brn|[from] brn\n|upkeep\n|\n|t:|1737555910\n|switch|p2b: Regidrago|Regidrago, L50, shiny|100\/100\n|turn|6\n|j| cluckvgc\n|l| GexkaXXV\n|\n|t:|1737555928\n|switch|p2b: Smeargle|Smeargle, L50, M, shiny|100\/100\n|move|p1a: Tsareena|Protect|p1a: Tsareena\n|-singleturn|p1a: Tsareena|Protect\n|move|p2a: Calyrex|Glacial Lance|p1b: Kyogre|[spread] p1b\n|-activate|p1a: Tsareena|move: Protect\n|-resisted|p1b: Kyogre\n|-damage|p1b: Kyogre|84\/100\n|move|p1b: Kyogre|Ice Beam|p2b: Smeargle\n|-damage|p2b: Smeargle|30\/100\n|\n|-damage|p2a: Calyrex|14\/100 brn|[from] brn\n|-fieldend|move: Trick Room\n|upkeep\n|turn|7\n|\n|t:|1737555948\n|move|p2b: Smeargle|Follow Me|p2b: Smeargle\n|-singleturn|p2b: Smeargle|move: Follow Me\n|move|p1b: Kyogre|Water Spout|p2b: Smeargle|[spread] p2a,p2b\n|-resisted|p2a: Calyrex\n|-damage|p2a: Calyrex|0 fnt\n|-damage|p2b: Smeargle|0 fnt\n|faint|p2a: Calyrex\n|faint|p2b: Smeargle\n|move|p1a: Tsareena|Power Whip|p2: Calyrex|[notarget]\n|-fail|p1a: Tsareena\n|\n|upkeep\n|-message|Yung Trav forfeited.\n|\n|win|Zoenna55\n|raw|Zoenna55's rating: 1564 &rarr; <strong>1591<\/strong><br \/>(+27 for winning)\n|raw|Yung Trav's rating: 1688 &rarr; <strong>1661<\/strong><br \/>(-27 for losing)\n|l|\u203dYung Trav\n|player|p2|\n|l| cluckvgc\n|l|\u2606Zoenna55\n|player|p1|\n","uploadtime":1737556225,"views":7,"formatid":"gen9vgc2025regg","rating":1591,"private":0,"password":null}