{"id":"gen9vgc2025regg-2285127942","format":"[Gen 9] VGC 2025 Reg G","players":["hoeheng","TerpisKora"],"log":"|j|\u2606hoeheng\n|j|\u2606TerpisKora\n|t:|1737439236\n|gametype|doubles\n|player|p1|hoeheng|hilda|1549\n|player|p2|TerpisKora|depotagent|1548\n|teamsize|p1|6\n|teamsize|p2|6\n|gen|9\n|tier|[Gen 9] VGC 2025 Reg G\n|rated|\n|rule|Species Clause: Limit one of each Pok\u00e9mon\n|rule|Item Clause: Limit 1 of each item\n|clearpoke\n|poke|p1|Groudon, L50|\n|poke|p1|Volcarona, L50, F|\n|poke|p1|Urshifu-*, L50, M|\n|poke|p1|Chien-Pao, L50|\n|poke|p1|Gouging Fire, L50|\n|poke|p1|Raging Bolt, L50|\n|poke|p2|Chien-Pao, L50|\n|poke|p2|Flutter Mane, L50|\n|poke|p2|Heatran, L50, F|\n|poke|p2|Indeedee-F, L50, F|\n|poke|p2|Koraidon, L50|\n|poke|p2|Ogerpon-Cornerstone, L50, F|\n|teampreview|4\n|j| they34\n|inactive|Battle timer is ON: inactive players will automatically lose when time's up. (requested by hoeheng)\n|\n|t:|1737439310\n|start\n|switch|p1a: \uace0\uae38\ub3d9\uc774\uacc4\uc18d\uaf34\ubc1b\uac8c\ud558\uc796\uc544|Gouging Fire, L50|100\/100\n|switch|p1b: \ubaa8\uc2a4\ubd80\ud638|Volcarona, L50, F|100\/100\n|switch|p2a: Flutter Mane|Flutter Mane, L50|100\/100\n|switch|p2b: Heatran|Heatran, L50, F|100\/100\n|-enditem|p2a: Flutter Mane|Booster Energy\n|-activate|p2a: Flutter Mane|ability: Protosynthesis|[fromitem]\n|-start|p2a: Flutter Mane|protosynthesisspe\n|turn|1\n|\n|t:|1737439330\n|move|p2a: Flutter Mane|Thunder Wave|p1a: \uace0\uae38\ub3d9\uc774\uacc4\uc18d\uaf34\ubc1b\uac8c\ud558\uc796\uc544\n|-status|p1a: \uace0\uae38\ub3d9\uc774\uacc4\uc18d\uaf34\ubc1b\uac8c\ud558\uc796\uc544|par\n|move|p2b: Heatran|Earth Power|p1a: \uace0\uae38\ub3d9\uc774\uacc4\uc18d\uaf34\ubc1b\uac8c\ud558\uc796\uc544\n|-supereffective|p1a: \uace0\uae38\ub3d9\uc774\uacc4\uc18d\uaf34\ubc1b\uac8c\ud558\uc796\uc544\n|-damage|p1a: \uace0\uae38\ub3d9\uc774\uacc4\uc18d\uaf34\ubc1b\uac8c\ud558\uc796\uc544|11\/100 par\n|-damage|p2b: Heatran|91\/100|[from] item: Life Orb\n|move|p1b: \ubaa8\uc2a4\ubd80\ud638|Tailwind|p1b: \ubaa8\uc2a4\ubd80\ud638\n|-sidestart|p1: hoeheng|move: Tailwind\n|move|p1a: \uace0\uae38\ub3d9\uc774\uacc4\uc18d\uaf34\ubc1b\uac8c\ud558\uc796\uc544|Flare Blitz|p2a: Flutter Mane\n|-crit|p2a: Flutter Mane\n|-damage|p2a: Flutter Mane|0 fnt\n|faint|p2a: Flutter Mane\n|-end|p2a: Flutter Mane|Protosynthesis|[silent]\n|-damage|p1a: \uace0\uae38\ub3d9\uc774\uacc4\uc18d\uaf34\ubc1b\uac8c\ud558\uc796\uc544|0 fnt|[from] Recoil\n|faint|p1a: \uace0\uae38\ub3d9\uc774\uacc4\uc18d\uaf34\ubc1b\uac8c\ud558\uc796\uc544\n|-end|p1a: \uace0\uae38\ub3d9\uc774\uacc4\uc18d\uaf34\ubc1b\uac8c\ud558\uc796\uc544|Protosynthesis|[silent]\n|\n|upkeep\n|\n|t:|1737439351\n|switch|p2a: Koraidon|Koraidon, L50|100\/100\n|switch|p1a: \ud3ec\uc7a5\uc5f0\uae30\uc2b5\uc2dc\uc704|Groudon, L50|100\/100\n|-weather|SunnyDay|[from] ability: Drought|[of] p1a: \ud3ec\uc7a5\uc5f0\uae30\uc2b5\uc2dc\uc704\n|-activate|p2a: Koraidon|ability: Orichalcum Pulse\n|turn|2\n|\n|t:|1737439369\n|-terastallize|p2b: Heatran|Fairy\n|move|p2a: Koraidon|Protect|p2a: Koraidon\n|-singleturn|p2a: Koraidon|Protect\n|move|p1b: \ubaa8\uc2a4\ubd80\ud638|Rage Powder|p1b: \ubaa8\uc2a4\ubd80\ud638\n|-singleturn|p1b: \ubaa8\uc2a4\ubd80\ud638|move: Rage Powder\n|move|p1a: \ud3ec\uc7a5\uc5f0\uae30\uc2b5\uc2dc\uc704|Precipice Blades|p2b: Heatran|[spread] p2b\n|-activate|p2a: Koraidon|move: Protect\n|-damage|p2b: Heatran|39\/100\n|move|p2b: Heatran|Heat Wave|p1b: \ubaa8\uc2a4\ubd80\ud638|[spread] p1a,p1b\n|-damage|p1a: \ud3ec\uc7a5\uc5f0\uae30\uc2b5\uc2dc\uc704|60\/100\n|-damage|p1b: \ubaa8\uc2a4\ubd80\ud638|30\/100\n|-damage|p2b: Heatran|29\/100|[from] item: Life Orb\n|\n|-weather|SunnyDay|[upkeep]\n|upkeep\n|turn|3\n|\n|t:|1737439392\n|move|p2b: Heatran|Protect|p2b: Heatran\n|-singleturn|p2b: Heatran|Protect\n|move|p1b: \ubaa8\uc2a4\ubd80\ud638|Will-O-Wisp|p2a: Koraidon\n|-status|p2a: Koraidon|brn\n|move|p1a: \ud3ec\uc7a5\uc5f0\uae30\uc2b5\uc2dc\uc704|Precipice Blades|p2b: Heatran|[spread] \n|-activate|p2b: Heatran|move: Protect\n|-miss|p1a: \ud3ec\uc7a5\uc5f0\uae30\uc2b5\uc2dc\uc704|p2a: Koraidon\n|move|p2a: Koraidon|Scale Shot|p1a: \ud3ec\uc7a5\uc5f0\uae30\uc2b5\uc2dc\uc704\n|-crit|p1a: \ud3ec\uc7a5\uc5f0\uae30\uc2b5\uc2dc\uc704\n|-damage|p1a: \ud3ec\uc7a5\uc5f0\uae30\uc2b5\uc2dc\uc704|50\/100\n|-damage|p1a: \ud3ec\uc7a5\uc5f0\uae30\uc2b5\uc2dc\uc704|43\/100\n|-damage|p1a: \ud3ec\uc7a5\uc5f0\uae30\uc2b5\uc2dc\uc704|37\/100\n|-damage|p1a: \ud3ec\uc7a5\uc5f0\uae30\uc2b5\uc2dc\uc704|31\/100\n|-damage|p1a: \ud3ec\uc7a5\uc5f0\uae30\uc2b5\uc2dc\uc704|25\/100\n|-hitcount|p1a: \ud3ec\uc7a5\uc5f0\uae30\uc2b5\uc2dc\uc704|5\n|-unboost|p2a: Koraidon|def|1\n|-boost|p2a: Koraidon|spe|1\n|\n|-weather|SunnyDay|[upkeep]\n|-damage|p2a: Koraidon|94\/100 brn|[from] brn\n|upkeep\n|turn|4\n|inactive|TerpisKora has 30 seconds left.\n|\n|t:|1737439422\n|switch|p2b: Ogerpon|Ogerpon-Cornerstone, L50, F|100\/100\n|move|p1b: \ubaa8\uc2a4\ubd80\ud638|Rage Powder|p1b: \ubaa8\uc2a4\ubd80\ud638\n|-singleturn|p1b: \ubaa8\uc2a4\ubd80\ud638|move: Rage Powder\n|move|p2a: Koraidon|Collision Course|p1b: \ubaa8\uc2a4\ubd80\ud638\n|-resisted|p1b: \ubaa8\uc2a4\ubd80\ud638\n|-damage|p1b: \ubaa8\uc2a4\ubd80\ud638|10\/100\n|-damage|p2a: Koraidon|78\/100 brn|[from] item: Rocky Helmet|[of] p1b: \ubaa8\uc2a4\ubd80\ud638\n|move|p1a: \ud3ec\uc7a5\uc5f0\uae30\uc2b5\uc2dc\uc704|Precipice Blades|p2a: Koraidon|[spread] p2a,p2b\n|-damage|p2a: Koraidon|23\/100 brn\n|-damage|p2b: Ogerpon|30\/100\n|\n|-weather|SunnyDay|[upkeep]\n|-damage|p2a: Koraidon|17\/100 brn|[from] brn\n|-sideend|p1: hoeheng|move: Tailwind\n|upkeep\n|turn|5\n|inactive|hoeheng has 30 seconds left.\n|inactive|TerpisKora has 30 seconds left.\n|inactive|hoeheng has 20 seconds left.\n|inactive|TerpisKora has 20 seconds left.\n|inactive|hoeheng has 15 seconds left.\n|inactive|TerpisKora has 15 seconds left.\n|inactive|hoeheng has 10 seconds left.\n|inactive|TerpisKora has 10 seconds left.\n|\n|t:|1737439470\n|move|p2a: Koraidon|Collision Course|p1b: \ubaa8\uc2a4\ubd80\ud638\n|-resisted|p1b: \ubaa8\uc2a4\ubd80\ud638\n|-damage|p1b: \ubaa8\uc2a4\ubd80\ud638|0 fnt\n|-damage|p2a: Koraidon|1\/100 brn|[from] item: Rocky Helmet|[of] p1b: \ubaa8\uc2a4\ubd80\ud638\n|faint|p1b: \ubaa8\uc2a4\ubd80\ud638\n|move|p2b: Ogerpon|Power Whip|p1a: \ud3ec\uc7a5\uc5f0\uae30\uc2b5\uc2dc\uc704\n|-supereffective|p1a: \ud3ec\uc7a5\uc5f0\uae30\uc2b5\uc2dc\uc704\n|-damage|p1a: \ud3ec\uc7a5\uc5f0\uae30\uc2b5\uc2dc\uc704|0 fnt\n|faint|p1a: \ud3ec\uc7a5\uc5f0\uae30\uc2b5\uc2dc\uc704\n|\n|-weather|SunnyDay|[upkeep]\n|-damage|p2a: Koraidon|0 fnt|[from] brn\n|faint|p2a: Koraidon\n|upkeep\n|\n|t:|1737439484\n|switch|p2a: Heatran|Heatran, L50, F, tera:Fairy|29\/100\n|switch|p1b: \uc950\uc5d4\uc7a5\ubbff\uace0\uc788\uc5c8\ub2e4\uace0|Chien-Pao, L50|100\/100\n|-ability|p1b: \uc950\uc5d4\uc7a5\ubbff\uace0\uc788\uc5c8\ub2e4\uace0|Sword of Ruin\n|turn|6\n|l| they34\n|\n|t:|1737439502\n|move|p1b: \uc950\uc5d4\uc7a5\ubbff\uace0\uc788\uc5c8\ub2e4\uace0|Protect|p1b: \uc950\uc5d4\uc7a5\ubbff\uace0\uc788\uc5c8\ub2e4\uace0\n|-singleturn|p1b: \uc950\uc5d4\uc7a5\ubbff\uace0\uc788\uc5c8\ub2e4\uace0|Protect\n|move|p2b: Ogerpon|Spiky Shield|p2b: Ogerpon\n|-singleturn|p2b: Ogerpon|move: Protect\n|move|p2a: Heatran|Flash Cannon|p1b: \uc950\uc5d4\uc7a5\ubbff\uace0\uc788\uc5c8\ub2e4\uace0\n|-activate|p1b: \uc950\uc5d4\uc7a5\ubbff\uace0\uc788\uc5c8\ub2e4\uace0|move: Protect\n|\n|-weather|none\n|upkeep\n|turn|7\n|\n|t:|1737439516\n|-terastallize|p1b: \uc950\uc5d4\uc7a5\ubbff\uace0\uc788\uc5c8\ub2e4\uace0|Stellar\n|move|p1b: \uc950\uc5d4\uc7a5\ubbff\uace0\uc788\uc5c8\ub2e4\uace0|Ice Spinner|p2b: Ogerpon\n|-supereffective|p2b: Ogerpon\n|-damage|p2b: Ogerpon|0 fnt\n|faint|p2b: Ogerpon\n|move|p2a: Heatran|Heat Wave|p1b: \uc950\uc5d4\uc7a5\ubbff\uace0\uc788\uc5c8\ub2e4\uace0\n|-supereffective|p1b: \uc950\uc5d4\uc7a5\ubbff\uace0\uc788\uc5c8\ub2e4\uace0\n|-enditem|p1b: \uc950\uc5d4\uc7a5\ubbff\uace0\uc788\uc5c8\ub2e4\uace0|Focus Sash\n|-damage|p1b: \uc950\uc5d4\uc7a5\ubbff\uace0\uc788\uc5c8\ub2e4\uace0|1\/100\n|-damage|p2a: Heatran|20\/100|[from] item: Life Orb\n|\n|upkeep\n|turn|8\n|\n|t:|1737439529\n|move|p1b: \uc950\uc5d4\uc7a5\ubbff\uace0\uc788\uc5c8\ub2e4\uace0|Ice Spinner|p2a: Heatran\n|-damage|p2a: Heatran|0 fnt\n|faint|p2a: Heatran\n|\n|win|hoeheng\n|raw|hoeheng's rating: 1549 &rarr; <strong>1569<\/strong><br \/>(+20 for winning)\n|raw|TerpisKora's rating: 1548 &rarr; <strong>1528<\/strong><br \/>(-20 for losing)\n|l|\u2606hoeheng\n|player|p1|\n","uploadtime":1737439791,"views":10,"formatid":"gen9vgc2025regg","rating":1528,"private":0,"password":null}