{"id":"gen9vgc2025regg-2285361507","format":"[Gen 9] VGC 2025 Reg G","players":["amphy lighthouse","Meiose"],"log":"|j|\u2606amphy lighthouse\n|j|\u2606Meiose\n|t:|1737474992\n|gametype|doubles\n|player|p1|amphy lighthouse|266|1597\n|player|p2|Meiose|schoolkid-gen4|1612\n|teamsize|p1|6\n|teamsize|p2|6\n|gen|9\n|tier|[Gen 9] VGC 2025 Reg G\n|rated|\n|rule|Species Clause: Limit one of each Pok\u00e9mon\n|rule|Item Clause: Limit 1 of each item\n|clearpoke\n|poke|p1|Smeargle, L50, F|\n|poke|p1|Muk-Alola, L50, F|\n|poke|p1|Calyrex-Shadow, L50|\n|poke|p1|Flamigo, L50, F|\n|poke|p1|Rillaboom, L50, M|\n|poke|p1|Volcarona, L50, F|\n|poke|p2|Zamazenta-*, L50|\n|poke|p2|Chien-Pao, L50|\n|poke|p2|Urshifu-*, L50, F|\n|poke|p2|Tornadus, L50, M|\n|poke|p2|Raging Bolt, L50|\n|poke|p2|Landorus, L50, M|\n|teampreview|4\n|inactive|Battle timer is ON: inactive players will automatically lose when time's up. (requested by amphy lighthouse)\n|\n|t:|1737475087\n|start\n|switch|p1a: Calyrex|Calyrex-Shadow, L50|100\/100\n|switch|p1b: Smeargle|Smeargle, L50, F|100\/100\n|switch|p2a: Tornadus|Tornadus, L50, M|100\/100\n|switch|p2b: Landorus|Landorus, L50, M|100\/100\n|-ability|p1a: Calyrex|As One\n|-ability|p1a: Calyrex|Unnerve\n|turn|1\n|\n|t:|1737475102\n|-terastallize|p2a: Tornadus|Dark\n|move|p2b: Landorus|Protect|p2b: Landorus\n|-singleturn|p2b: Landorus|Protect\n|move|p2a: Tornadus|Taunt|p1b: Smeargle\n|-start|p1b: Smeargle|move: Taunt\n|move|p1a: Calyrex|Nasty Plot|p1a: Calyrex\n|-boost|p1a: Calyrex|spa|2\n|cant|p1b: Smeargle|move: Taunt|Spore\n|\n|-ability|p1b: Smeargle|Moody|boost\n|-boost|p1b: Smeargle|spa|2\n|-unboost|p1b: Smeargle|spd|1\n|upkeep\n|turn|2\n|inactive|amphy lighthouse has 30 seconds left.\n|\n|t:|1737475136\n|switch|p1b: Muk|Muk-Alola, L50, F|100\/100\n|move|p1a: Calyrex|Protect|p1a: Calyrex\n|-singleturn|p1a: Calyrex|Protect\n|move|p2a: Tornadus|Tailwind|p2a: Tornadus\n|-sidestart|p2: Meiose|move: Tailwind\n|move|p2b: Landorus|Earth Power|p1a: Calyrex\n|-activate|p1a: Calyrex|move: Protect\n|\n|upkeep\n|turn|3\n|\n|t:|1737475153\n|move|p2a: Tornadus|Rain Dance|p2a: Tornadus\n|-weather|RainDance\n|move|p2b: Landorus|Sandsear Storm|p1b: Muk|[spread] p1a,p1b\n|-supereffective|p1b: Muk\n|-damage|p1a: Calyrex|43\/100\n|-damage|p1b: Muk|16\/100\n|move|p1a: Calyrex|Astral Barrage|p2b: Landorus|[spread] p2a,p2b\n|-resisted|p2a: Tornadus\n|-damage|p2a: Tornadus|16\/100\n|-damage|p2b: Landorus|0 fnt\n|faint|p2b: Landorus\n|-ability|p1a: Calyrex|Grim Neigh|boost\n|-boost|p1a: Calyrex|spa|1\n|-damage|p1a: Calyrex|33\/100|[from] item: Life Orb\n|move|p1b: Muk|Minimize|p1b: Muk\n|-boost|p1b: Muk|evasion|2\n|\n|-weather|RainDance|[upkeep]\n|-heal|p1b: Muk|22\/100|[from] item: Leftovers\n|upkeep\n|\n|t:|1737475157\n|switch|p2b: Chien-Pao|Chien-Pao, L50|100\/100\n|-ability|p2b: Chien-Pao|Sword of Ruin\n|turn|4\n|\n|t:|1737475173\n|switch|p1a: Smeargle|Smeargle, L50, F|100\/100\n|move|p1b: Muk|Protect|p1b: Muk\n|-singleturn|p1b: Muk|Protect\n|move|p2b: Chien-Pao|Sucker Punch||[still]\n|-fail|p2b: Chien-Pao\n|move|p2a: Tornadus|Bleakwind Storm|p1a: Smeargle|[spread] p1a\n|-activate|p1b: Muk|move: Protect\n|-damage|p1a: Smeargle|42\/100\n|\n|-weather|RainDance|[upkeep]\n|-heal|p1b: Muk|28\/100|[from] item: Leftovers\n|-ability|p1a: Smeargle|Moody|boost\n|-boost|p1a: Smeargle|spd|2\n|-unboost|p1a: Smeargle|atk|1\n|upkeep\n|turn|5\n|\n|t:|1737475192\n|move|p1a: Smeargle|Wide Guard|p1a: Smeargle\n|-singleturn|p1a: Smeargle|Wide Guard\n|move|p2b: Chien-Pao|Ice Spinner|p1a: Smeargle\n|-damage|p1a: Smeargle|0 fnt\n|faint|p1a: Smeargle\n|-ability|p1b: Muk|Moody|[from] ability: Power of Alchemy|[of] p1a: Smeargle\n|move|p2a: Tornadus|Bleakwind Storm|p1b: Muk\n|-activate|p1b: Muk|move: Wide Guard\n|move|p1b: Muk|Minimize|p1b: Muk\n|-boost|p1b: Muk|evasion|2\n|\n|-weather|RainDance|[upkeep]\n|-heal|p1b: Muk|34\/100|[from] item: Leftovers\n|-sideend|p2: Meiose|move: Tailwind\n|-ability|p1b: Muk|Moody|boost\n|-boost|p1b: Muk|spe|2\n|-unboost|p1b: Muk|def|1\n|upkeep\n|\n|t:|1737475208\n|switch|p1a: Calyrex|Calyrex-Shadow, L50|33\/100\n|-ability|p1a: Calyrex|As One\n|-ability|p1a: Calyrex|Unnerve\n|turn|6\n|inactive|amphy lighthouse has 30 seconds left.\n|\n|t:|1737475242\n|move|p1a: Calyrex|Protect|p1a: Calyrex\n|-singleturn|p1a: Calyrex|Protect\n|move|p2a: Tornadus|Tailwind|p2a: Tornadus\n|-sidestart|p2: Meiose|move: Tailwind\n|move|p2b: Chien-Pao|Ice Spinner|p1a: Calyrex\n|-activate|p1a: Calyrex|move: Protect\n|move|p1b: Muk|Knock Off|p2a: Tornadus\n|-resisted|p2a: Tornadus\n|-damage|p2a: Tornadus|0 fnt\n|-enditem|p2a: Tornadus|Covert Cloak|[from] move: Knock Off|[of] p1b: Muk\n|faint|p2a: Tornadus\n|\n|-weather|RainDance|[upkeep]\n|-heal|p1b: Muk|41\/100|[from] item: Leftovers\n|-ability|p1b: Muk|Moody|boost\n|-boost|p1b: Muk|spe|2\n|-unboost|p1b: Muk|spa|1\n|upkeep\n|\n|t:|1737475245\n|switch|p2a: Urshifu|Urshifu, L50, F|100\/100\n|turn|7\n|\n|t:|1737475258\n|move|p2b: Chien-Pao|Haze|p2b: Chien-Pao\n|-clearallboost\n|move|p2a: Urshifu|Wicked Blow|p1a: Calyrex\n|-supereffective|p1a: Calyrex\n|-crit|p1a: Calyrex\n|-damage|p1a: Calyrex|0 fnt\n|faint|p1a: Calyrex\n|move|p1b: Muk|Poison Gas|p2b: Chien-Pao|[spread] p2a,p2b\n|-status|p2a: Urshifu|psn\n|-status|p2b: Chien-Pao|psn\n|\n|-weather|none\n|-heal|p1b: Muk|47\/100|[from] item: Leftovers\n|-damage|p2b: Chien-Pao|88\/100 psn|[from] psn\n|-damage|p2a: Urshifu|88\/100 psn|[from] psn\n|-ability|p1b: Muk|Moody|boost\n|-boost|p1b: Muk|atk|2\n|-unboost|p1b: Muk|spe|1\n|upkeep\n|j| Mega Delibird X\n|\n|t:|1737475269\n|switch|p1a: Volcarona|Volcarona, L50, F|100\/100\n|turn|8\n|inactive|amphy lighthouse has 30 seconds left.\n|\n|t:|1737475298\n|-terastallize|p1b: Muk|Water\n|move|p2b: Chien-Pao|Sucker Punch|p1a: Volcarona\n|-damage|p1a: Volcarona|57\/100\n|-damage|p2b: Chien-Pao|72\/100 psn|[from] item: Rocky Helmet|[of] p1a: Volcarona\n|move|p2a: Urshifu|Wicked Blow|p1a: Volcarona\n|-crit|p1a: Volcarona\n|-damage|p1a: Volcarona|0 fnt\n|-damage|p2a: Urshifu|72\/100 psn|[from] item: Rocky Helmet|[of] p1a: Volcarona\n|faint|p1a: Volcarona\n|move|p1b: Muk|Minimize|p1b: Muk\n|-boost|p1b: Muk|evasion|2\n|\n|-heal|p1b: Muk|53\/100|[from] item: Leftovers\n|-damage|p2b: Chien-Pao|60\/100 psn|[from] psn\n|-damage|p2a: Urshifu|60\/100 psn|[from] psn\n|-ability|p1b: Muk|Moody|boost\n|-boost|p1b: Muk|def|2\n|-unboost|p1b: Muk|atk|1\n|upkeep\n|turn|9\n|j| bluestraggler02\n|c|\u2606Meiose|ggs\n|\n|t:|1737475316\n|move|p1b: Muk|Protect|p1b: Muk\n|-singleturn|p1b: Muk|Protect\n|move|p2b: Chien-Pao|Haze|p2b: Chien-Pao\n|-clearallboost\n|move|p2a: Urshifu|Close Combat|p1b: Muk\n|-damage|p1b: Muk|0 fnt\n|-unboost|p2a: Urshifu|def|1\n|-unboost|p2a: Urshifu|spd|1\n|faint|p1b: Muk\n|\n|win|Meiose\n|raw|amphy lighthouse's rating: 1597 &rarr; <strong>1578<\/strong><br \/>(-19 for losing)\n|raw|Meiose's rating: 1612 &rarr; <strong>1631<\/strong><br \/>(+19 for winning)\n|l|\u2606amphy lighthouse\n|player|p1|\n|l| Mega Delibird X\n","uploadtime":1737475321,"views":48,"formatid":"gen9vgc2025regg","rating":1578,"private":0,"password":null}