{"id":"gen9vgc2025regg-2285630919","format":"[Gen 9] VGC 2025 Reg G","players":["superpowerpoke","Hikawari"],"log":"|j|\u2606superpowerpoke\n|j|\u2606Hikawari\n|t:|1737502644\n|gametype|doubles\n|player|p1|superpowerpoke|266|1573\n|player|p2|Hikawari|102|1547\n|teamsize|p1|6\n|teamsize|p2|6\n|gen|9\n|tier|[Gen 9] VGC 2025 Reg G\n|rated|\n|rule|Species Clause: Limit one of each Pok\u00e9mon\n|rule|Item Clause: Limit 1 of each item\n|clearpoke\n|poke|p1|Kyogre, L50|\n|poke|p1|Archaludon, L50, M|\n|poke|p1|Grimmsnarl, L50, M|\n|poke|p1|Amoonguss, L50, F|\n|poke|p1|Urshifu-*, L50, F|\n|poke|p1|Farigiraf, L50, M|\n|poke|p2|Kleavor, L50, F|\n|poke|p2|Calyrex-Ice, L50|\n|poke|p2|Indeedee-F, L50, F|\n|poke|p2|Ursaluna-Bloodmoon, L50, M|\n|poke|p2|Mienshao, L50, M|\n|poke|p2|Zoroark-Hisui, L50, F|\n|teampreview|4\n|inactive|Battle timer is ON: inactive players will automatically lose when time's up. (requested by Hikawari)\n|inactive|superpowerpoke has 60 seconds left.\n|\n|t:|1737502697\n|start\n|switch|p1a: Kyogre|Kyogre, L50|100\/100\n|switch|p1b: Grimmsnarl|Grimmsnarl, L50, M|100\/100\n|switch|p2a: Mienshao|Mienshao, L50, M|100\/100\n|switch|p2b: Calyrex|Calyrex-Ice, L50|100\/100\n|-weather|RainDance|[from] ability: Drizzle|[of] p1a: Kyogre\n|turn|1\n|\n|t:|1737502713\n|move|p2a: Mienshao|Fake Out|p1a: Kyogre\n|-damage|p1a: Kyogre|86\/100\n|move|p1b: Grimmsnarl|Reflect|p1b: Grimmsnarl\n|-sidestart|p1: superpowerpoke|Reflect\n|move|p2b: Calyrex|Trick|p1b: Grimmsnarl\n|-activate|p2b: Calyrex|move: Trick|[of] p1b: Grimmsnarl\n|-item|p1b: Grimmsnarl|Choice Scarf|[from] move: Trick\n|-item|p2b: Calyrex|Light Clay|[from] move: Trick\n|cant|p1a: Kyogre|flinch\n|\n|-weather|RainDance|[upkeep]\n|-heal|p1a: Kyogre|92\/100|[from] item: Leftovers\n|upkeep\n|turn|2\n|\n|t:|1737502735\n|switch|p1a: Amoonguss|Amoonguss, L50, F|100\/100\n|move|p1b: Grimmsnarl|Light Screen|p1b: Grimmsnarl\n|-sidestart|p1: superpowerpoke|move: Light Screen\n|move|p2b: Calyrex|Snarl|p1a: Amoonguss|[spread] p1a,p1b\n|-resisted|p1b: Grimmsnarl\n|-damage|p1a: Amoonguss|92\/100\n|-damage|p1b: Grimmsnarl|99\/100\n|-unboost|p1a: Amoonguss|spa|1\n|-unboost|p1b: Grimmsnarl|spa|1\n|move|p2a: Mienshao|Knock Off|p1a: Amoonguss\n|-damage|p1a: Amoonguss|74\/100\n|-damage|p2a: Mienshao|84\/100|[from] item: Rocky Helmet|[of] p1a: Amoonguss\n|-enditem|p1a: Amoonguss|Rocky Helmet|[from] move: Knock Off|[of] p2a: Mienshao\n|\n|-weather|RainDance|[upkeep]\n|upkeep\n|turn|3\n|\n|t:|1737502760\n|switch|p1b: Archaludon|Archaludon, L50, M|100\/100\n|move|p2b: Calyrex|Snarl|p1a: Amoonguss|[spread] p1a,p1b\n|-damage|p1a: Amoonguss|66\/100\n|-damage|p1b: Archaludon|95\/100\n|-unboost|p1a: Amoonguss|spa|1\n|-unboost|p1b: Archaludon|spa|1\n|-ability|p1b: Archaludon|Stamina|boost\n|-boost|p1b: Archaludon|def|1\n|move|p2a: Mienshao|Close Combat|p1b: Archaludon\n|-supereffective|p1b: Archaludon\n|-damage|p1b: Archaludon|56\/100\n|-unboost|p2a: Mienshao|def|1\n|-unboost|p2a: Mienshao|spd|1\n|-ability|p1b: Archaludon|Stamina|boost\n|-boost|p1b: Archaludon|def|1\n|move|p1a: Amoonguss|Spore|p2a: Mienshao\n|-status|p2a: Mienshao|slp|[from] move: Spore\n|\n|-weather|RainDance|[upkeep]\n|upkeep\n|turn|4\n|inactive|superpowerpoke has 30 seconds left.\n|\n|t:|1737502788\n|move|p2b: Calyrex|Bitter Malice|p1b: Archaludon\n|-damage|p1b: Archaludon|39\/100\n|-unboost|p1b: Archaludon|atk|1\n|-ability|p1b: Archaludon|Stamina|boost\n|-boost|p1b: Archaludon|def|1\n|cant|p2a: Mienshao|slp\n|move|p1b: Archaludon|Body Press|p2a: Mienshao\n|-damage|p2a: Mienshao|0 fnt\n|faint|p2a: Mienshao\n|move|p1a: Amoonguss|Pollen Puff|p1b: Archaludon\n|-heal|p1b: Archaludon|89\/100\n|\n|-weather|RainDance|[upkeep]\n|upkeep\n|\n|t:|1737502797\n|switch|p2a: Calyrex|Calyrex-Ice, L50|100\/100\n|-ability|p2a: Calyrex|As One\n|-ability|p2a: Calyrex|Unnerve\n|turn|5\n|\n|t:|1737502815\n|switch|p2b: Ursaluna|Ursaluna-Bloodmoon, L50, M|100\/100\n|-terastallize|p1a: Amoonguss|Water\n|move|p2a: Calyrex|Glacial Lance|p1a: Amoonguss|[spread] p1a,p1b\n|-resisted|p1a: Amoonguss\n|-damage|p1a: Amoonguss|55\/100\n|-damage|p1b: Archaludon|80\/100\n|-ability|p1b: Archaludon|Stamina|boost\n|-boost|p1b: Archaludon|def|1\n|move|p1b: Archaludon|Body Press|p2a: Calyrex\n|-damage|p2a: Calyrex|59\/100\n|move|p1a: Amoonguss|Spore|p2b: Ursaluna\n|-status|p2b: Ursaluna|slp|[from] move: Spore\n|\n|-weather|none\n|upkeep\n|turn|6\n|j| mr pogostick\n|inactive|superpowerpoke has 30 seconds left.\n|\n|t:|1737502848\n|switch|p2b: Ursaluna|Ursaluna-Bloodmoon, L50, M|100\/100\n|move|p2a: Calyrex|Protect|p2a: Calyrex\n|-singleturn|p2a: Calyrex|Protect\n|move|p1b: Archaludon|Body Press|p2b: Ursaluna\n|-immune|p2b: Ursaluna\n|move|p1a: Amoonguss|Spore|p2a: Calyrex\n|-activate|p2a: Calyrex|move: Protect\n|\n|-sideend|p1: superpowerpoke|move: Light Screen\n|upkeep\n|turn|7\n|inactive|Hikawari has 30 seconds left.\n|\n|t:|1737502877\n|switch|p1a: Grimmsnarl|Grimmsnarl, L50, M|99\/100\n|move|p2b: Ursaluna|Bitter Malice|p1a: Grimmsnarl\n|-resisted|p1a: Grimmsnarl\n|-damage|p1a: Grimmsnarl|82\/100\n|-unboost|p1a: Grimmsnarl|atk|1\n|move|p2a: Calyrex|High Horsepower|p1a: Grimmsnarl\n|-damage|p1a: Grimmsnarl|59\/100\n|move|p1b: Archaludon|Body Press|p2a: Calyrex\n|-damage|p2a: Calyrex|13\/100\n|\n|upkeep\n|turn|8\n|\n|t:|1737502900\n|move|p2a: Calyrex|Protect|p2a: Calyrex\n|-singleturn|p2a: Calyrex|Protect\n|move|p1a: Grimmsnarl|Light Screen|p1a: Grimmsnarl\n|-sidestart|p1: superpowerpoke|move: Light Screen\n|move|p2b: Ursaluna|Snarl|p1b: Archaludon|[spread] p1a\n|-miss|p2b: Ursaluna|p1b: Archaludon\n|-resisted|p1a: Grimmsnarl\n|-damage|p1a: Grimmsnarl|57\/100\n|-unboost|p1a: Grimmsnarl|spa|1\n|move|p1b: Archaludon|Body Press|p2a: Calyrex\n|-activate|p2a: Calyrex|move: Protect\n|\n|-sideend|p1: superpowerpoke|Reflect\n|upkeep\n|turn|9\n|l| mr pogostick\n|\n|t:|1737502918\n|switch|p1a: Amoonguss|Amoonguss, L50, F, tera:Water|88\/100\n|move|p2b: Ursaluna|Bitter Malice|p1b: Archaludon\n|-damage|p1b: Archaludon|62\/100\n|-unboost|p1b: Archaludon|atk|1\n|-ability|p1b: Archaludon|Stamina|boost\n|-boost|p1b: Archaludon|def|1\n|move|p2a: Calyrex|High Horsepower|p1b: Archaludon\n|-supereffective|p1b: Archaludon\n|-damage|p1b: Archaludon|49\/100\n|-ability|p1b: Archaludon|Stamina|boost\n|-boost|p1b: Archaludon|def|1\n|move|p1b: Archaludon|Body Press|p2a: Calyrex\n|-damage|p2a: Calyrex|0 fnt\n|faint|p2a: Calyrex\n|\n|upkeep\n|\n|t:|1737502925\n|switch|p2a: Ursaluna|Ursaluna-Bloodmoon, L50, M|100\/100 slp\n|turn|10\n|\n|t:|1737502940\n|-terastallize|p2a: Ursaluna|Normal\n|move|p2b: Ursaluna|Will-O-Wisp|p1b: Archaludon\n|-status|p1b: Archaludon|brn\n|cant|p2a: Ursaluna|slp\n|move|p1b: Archaludon|Body Press|p2a: Ursaluna\n|-supereffective|p2a: Ursaluna\n|-damage|p2a: Ursaluna|30\/100 slp\n|move|p1a: Amoonguss|Spore|p2b: Ursaluna\n|-status|p2b: Ursaluna|slp|[from] move: Spore\n|\n|-damage|p1b: Archaludon|43\/100 brn|[from] brn\n|upkeep\n|turn|11\n|\n|t:|1737502960\n|switch|p1a: Grimmsnarl|Grimmsnarl, L50, M|57\/100\n|cant|p2b: Ursaluna|slp\n|-curestatus|p2a: Ursaluna|slp|[msg]\n|move|p2a: Ursaluna|Hyper Voice|p1b: Archaludon|[spread] p1a,p1b\n|-resisted|p1b: Archaludon\n|-damage|p1a: Grimmsnarl|22\/100\n|-damage|p1b: Archaludon|30\/100 brn\n|-damage|p2a: Ursaluna|20\/100|[from] item: Life Orb\n|move|p1b: Archaludon|Body Press|p2a: Ursaluna\n|-supereffective|p2a: Ursaluna\n|-damage|p2a: Ursaluna|0 fnt\n|faint|p2a: Ursaluna\n|\n|-damage|p1b: Archaludon|24\/100 brn|[from] brn\n|upkeep\n|turn|12\n|-message|Hikawari forfeited.\n|\n|win|superpowerpoke\n|raw|superpowerpoke's rating: 1573 &rarr; <strong>1592<\/strong><br \/>(+19 for winning)\n|raw|Hikawari's rating: 1547 &rarr; <strong>1528<\/strong><br \/>(-19 for losing)\n|l|\u2606Hikawari\n|player|p2|\n|l|\u2606superpowerpoke\n|player|p1|\n","uploadtime":1737503233,"views":12,"formatid":"gen9vgc2025regg","rating":1528,"private":0,"password":null}