{"id":"gen9vgc2025regg-2285806076","format":"[Gen 9] VGC 2025 Reg G","players":["Joe sheboygan","longhq"],"log":"|j|\u2606Joe sheboygan\n|j|\u203dlonghq\n|t:|1737526868\n|gametype|doubles\n|player|p1|Joe sheboygan|red|1665\n|player|p2|longhq|dawn|1570\n|teamsize|p1|6\n|teamsize|p2|6\n|gen|9\n|tier|[Gen 9] VGC 2025 Reg G\n|rated|\n|rule|Species Clause: Limit one of each Pok\u00e9mon\n|rule|Item Clause: Limit 1 of each item\n|clearpoke\n|poke|p1|Koraidon, L50|\n|poke|p1|Flutter Mane, L50|\n|poke|p1|Gholdengo, L50|\n|poke|p1|Chi-Yu, L50|\n|poke|p1|Whimsicott, L50, F|\n|poke|p1|Iron Hands, L50|\n|poke|p2|Miraidon, L50|\n|poke|p2|Iron Hands, L50|\n|poke|p2|Smeargle, L50, M|\n|poke|p2|Tornadus, L50, M|\n|poke|p2|Ogerpon-Hearthflame, L50, F|\n|poke|p2|Incineroar, L50, F|\n|teampreview|4\n|\n|t:|1737526910\n|start\n|switch|p1a: Whimsicott|Whimsicott, L50, F|100\/100\n|switch|p1b: Gholdengo|Gholdengo, L50|100\/100\n|switch|p2a: Miraidon|Miraidon, L50|100\/100\n|switch|p2b: Tornadus|Tornadus, L50, M|100\/100\n|-fieldstart|move: Electric Terrain|[from] ability: Hadron Engine|[of] p2a: Miraidon\n|turn|1\n|\n|t:|1737526926\n|move|p2b: Tornadus|Tailwind|p2b: Tornadus\n|-sidestart|p2: longhq|move: Tailwind\n|move|p1a: Whimsicott|Light Screen|p1a: Whimsicott\n|-sidestart|p1: Joe sheboygan|move: Light Screen\n|move|p2a: Miraidon|Volt Switch|p1b: Gholdengo\n|-damage|p1b: Gholdengo|22\/100\n|\n|t:|1737526933\n|switch|p2a: Incineroar|Incineroar, L50, F|100\/100|[from] Volt Switch\n|-ability|p2a: Incineroar|Intimidate|boost\n|-unboost|p1a: Whimsicott|atk|1\n|-unboost|p1b: Gholdengo|atk|1\n|move|p1b: Gholdengo|Shadow Ball|p2a: Incineroar\n|-resisted|p2a: Incineroar\n|-damage|p2a: Incineroar|71\/100\n|\n|upkeep\n|turn|2\n|\n|t:|1737526955\n|switch|p1b: Koraidon|Koraidon, L50|100\/100\n|-weather|SunnyDay|[from] ability: Orichalcum Pulse|[of] p1b: Koraidon\n|-activate|p1b: Koraidon|Orichalcum Pulse|[source]\n|move|p1a: Whimsicott|Encore|p2b: Tornadus\n|-start|p2b: Tornadus|Encore\n|move|p2b: Tornadus|Tailwind||[still]\n|-fail|p2b: Tornadus\n|move|p2a: Incineroar|Flare Blitz|p1a: Whimsicott\n|-supereffective|p1a: Whimsicott\n|-damage|p1a: Whimsicott|0 fnt\n|faint|p1a: Whimsicott\n|-damage|p2a: Incineroar|44\/100|[from] Recoil\n|\n|-weather|SunnyDay|[upkeep]\n|upkeep\n|\n|t:|1737526972\n|switch|p1a: Iron Hands|Iron Hands, L50|100\/100\n|-activate|p1a: Iron Hands|ability: Quark Drive\n|-start|p1a: Iron Hands|quarkdriveatk\n|turn|3\n|\n|t:|1737526989\n|switch|p2b: Ogerpon|Ogerpon-Hearthflame, L50, F|100\/100\n|-ability|p2b: Ogerpon|Mold Breaker\n|move|p2a: Incineroar|Knock Off|p1b: Koraidon\n|-resisted|p1b: Koraidon\n|-damage|p1b: Koraidon|84\/100\n|-enditem|p1b: Koraidon|Loaded Dice|[from] move: Knock Off|[of] p2a: Incineroar\n|move|p1b: Koraidon|Scale Shot|p2a: Incineroar\n|-damage|p2a: Incineroar|23\/100\n|-damage|p2a: Incineroar|4\/100\n|-hitcount|p2a: Incineroar|2\n|-unboost|p1b: Koraidon|def|1\n|-boost|p1b: Koraidon|spe|1\n|move|p1a: Iron Hands|Wild Charge|p2b: Ogerpon\n|-resisted|p2b: Ogerpon\n|-damage|p2b: Ogerpon|53\/100\n|-damage|p1a: Iron Hands|92\/100|[from] Recoil\n|\n|-weather|SunnyDay|[upkeep]\n|upkeep\n|turn|4\n|\n|t:|1737527018\n|-end|p1a: Iron Hands|Quark Drive|[silent]\n|switch|p1a: Gholdengo|Gholdengo, L50|22\/100\n|-terastallize|p1b: Koraidon|Fire\n|move|p2b: Ogerpon|Encore|p1b: Koraidon\n|-start|p1b: Koraidon|Encore\n|move|p1b: Koraidon|Scale Shot|p2a: Incineroar\n|-damage|p2a: Incineroar|0 fnt\n|faint|p2a: Incineroar\n|-hitcount|p2: Incineroar|1\n|-unboost|p1b: Koraidon|def|1\n|-boost|p1b: Koraidon|spe|1\n|\n|-weather|SunnyDay|[upkeep]\n|-sideend|p2: longhq|move: Tailwind\n|upkeep\n|\n|t:|1737527030\n|switch|p2a: Miraidon|Miraidon, L50|100\/100\n|-activate|p2a: Miraidon|ability: Hadron Engine\n|turn|5\n|\n|t:|1737527049\n|-terastallize|p2a: Miraidon|Fairy\n|move|p2b: Ogerpon|Spiky Shield|p2b: Ogerpon\n|-singleturn|p2b: Ogerpon|move: Protect\n|move|p1b: Koraidon|Scale Shot|p2a: Miraidon\n|-immune|p2a: Miraidon\n|move|p2a: Miraidon|Volt Switch|p1a: Gholdengo\n|-damage|p1a: Gholdengo|0 fnt\n|faint|p1a: Gholdengo\n|\n|t:|1737527056\n|switch|p2a: Tornadus|Tornadus, L50, M|100\/100|[from] Volt Switch\n|\n|-weather|SunnyDay|[upkeep]\n|-sideend|p1: Joe sheboygan|move: Light Screen\n|-fieldend|move: Electric Terrain\n|upkeep\n|\n|t:|1737527059\n|switch|p1a: Iron Hands|Iron Hands, L50|92\/100\n|turn|6\n|\n|t:|1737527081\n|move|p1a: Iron Hands|Fake Out|p2b: Ogerpon\n|-damage|p2b: Ogerpon|36\/100\n|move|p2a: Tornadus|Tailwind|p2a: Tornadus\n|-sidestart|p2: longhq|move: Tailwind\n|move|p1b: Koraidon|Scale Shot|p2a: Tornadus\n|-damage|p2a: Tornadus|73\/100\n|-damage|p2a: Tornadus|46\/100\n|-damage|p2a: Tornadus|20\/100\n|-hitcount|p2a: Tornadus|3\n|-unboost|p1b: Koraidon|def|1\n|-boost|p1b: Koraidon|spe|1\n|cant|p2b: Ogerpon|flinch\n|\n|-weather|none\n|-end|p1b: Koraidon|Encore\n|upkeep\n|turn|7\n|\n|t:|1737527101\n|move|p1b: Koraidon|Protect|p1b: Koraidon\n|-singleturn|p1b: Koraidon|Protect\n|move|p2b: Ogerpon|Encore|p1b: Koraidon\n|-activate|p1b: Koraidon|move: Protect\n|move|p2a: Tornadus|Bleakwind Storm|p1a: Iron Hands|[spread] p1a\n|-activate|p1b: Koraidon|move: Protect\n|-damage|p1a: Iron Hands|74\/100\n|move|p1a: Iron Hands|Drain Punch|p2b: Ogerpon\n|-damage|p2b: Ogerpon|0 fnt\n|-heal|p1a: Iron Hands|87\/100|[from] drain|[of] p2b: Ogerpon\n|faint|p2b: Ogerpon\n|\n|upkeep\n|\n|t:|1737527113\n|switch|p2b: Miraidon|Miraidon, L50, tera:Fairy|100\/100\n|-fieldstart|move: Electric Terrain|[from] ability: Hadron Engine|[of] p2b: Miraidon\n|-activate|p1a: Iron Hands|ability: Quark Drive\n|-start|p1a: Iron Hands|quarkdriveatk\n|turn|8\n|j| girigiripeter\n|\n|t:|1737527161\n|move|p1b: Koraidon|Flare Blitz|p2b: Miraidon\n|-damage|p2b: Miraidon|36\/100\n|-damage|p1b: Koraidon|62\/100|[from] Recoil\n|move|p2b: Miraidon|Electro Drift|p1b: Koraidon\n|-damage|p1b: Koraidon|0 fnt\n|faint|p1b: Koraidon\n|move|p2a: Tornadus|Bleakwind Storm|p1a: Iron Hands\n|-damage|p1a: Iron Hands|64\/100\n|move|p1a: Iron Hands|Wild Charge|p2b: Miraidon\n|-damage|p2b: Miraidon|0 fnt\n|faint|p2b: Miraidon\n|-damage|p1a: Iron Hands|57\/100|[from] Recoil\n|\n|upkeep\n|turn|9\n|c|\u2606Joe sheboygan|GG\n|j| dialgasucksnow\n|\n|t:|1737527178\n|move|p2a: Tornadus|Bleakwind Storm|p1a: Iron Hands\n|-damage|p1a: Iron Hands|30\/100\n|move|p1a: Iron Hands|Wild Charge|p2a: Tornadus\n|-supereffective|p2a: Tornadus\n|-damage|p2a: Tornadus|0 fnt\n|faint|p2a: Tornadus\n|-damage|p1a: Iron Hands|26\/100|[from] Recoil\n|\n|win|Joe sheboygan\n|raw|Joe sheboygan's rating: 1665 &rarr; <strong>1680<\/strong><br \/>(+15 for winning)\n|raw|longhq's rating: 1570 &rarr; <strong>1555<\/strong><br \/>(-15 for losing)\n|l|\u203dlonghq\n|player|p2|\n|l|\u2606Joe sheboygan\n|player|p1|\n|l| dialgasucksnow\n|l| girigiripeter\n","uploadtime":1737527406,"views":4,"formatid":"gen9vgc2025regg","rating":1555,"private":0,"password":null}