{"id":"gen9vgc2025regg-2285447778","format":"[Gen 9] VGC 2025 Reg G","players":["Acblade","TCM Zaukepoo"],"log":"|j|\u2606Acblade\n|j|\u2606TCM Zaukepoo\n|t:|1737483484\n|gametype|doubles\n|player|p1|Acblade|lucas|1593\n|player|p2|TCM Zaukepoo|265|1663\n|teamsize|p1|6\n|teamsize|p2|6\n|gen|9\n|tier|[Gen 9] VGC 2025 Reg G\n|rated|\n|rule|Species Clause: Limit one of each Pok\u00e9mon\n|rule|Item Clause: Limit 1 of each item\n|clearpoke\n|poke|p1|Tornadus, L50, M|\n|poke|p1|Chi-Yu, L50|\n|poke|p1|Flutter Mane, L50|\n|poke|p1|Koraidon, L50|\n|poke|p1|Raging Bolt, L50|\n|poke|p1|Farigiraf, L50, M|\n|poke|p2|Kyogre, L50|\n|poke|p2|Indeedee-F, L50, F|\n|poke|p2|Ditto, L50|\n|poke|p2|Tornadus, L50, M|\n|poke|p2|Smeargle, L50, F|\n|poke|p2|Araquanid, L50, M|\n|teampreview|4\n|inactive|Battle timer is ON: inactive players will automatically lose when time's up. (requested by Acblade)\n|inactive|TCM Zaukepoo also wants the timer to be on.\n|\n|t:|1737483501\n|start\n|switch|p1a: Tornadus|Tornadus, L50, M|100\/100\n|switch|p1b: Raging Bolt|Raging Bolt, L50|100\/100\n|switch|p2a: Kyogre|Kyogre, L50|100\/100\n|switch|p2b: Indeedee|Indeedee-F, L50, F|100\/100\n|-weather|RainDance|[from] ability: Drizzle|[of] p2a: Kyogre\n|-fieldstart|move: Psychic Terrain|[from] ability: Psychic Surge|[of] p2b: Indeedee\n|turn|1\n|\n|t:|1737483518\n|-terastallize|p2a: Kyogre|Water\n|-terastallize|p1b: Raging Bolt|Electric\n|move|p2b: Indeedee|Follow Me|p2b: Indeedee\n|-singleturn|p2b: Indeedee|move: Follow Me\n|move|p1a: Tornadus|Bleakwind Storm|p2b: Indeedee|[spread] p2a,p2b\n|-crit|p2a: Kyogre\n|-damage|p2a: Kyogre|48\/100\n|-damage|p2b: Indeedee|63\/100\n|-unboost|p2a: Kyogre|spe|1\n|move|p2a: Kyogre|Water Spout|p1b: Raging Bolt|[spread] p1a,p1b\n|-enditem|p1a: Tornadus|Focus Sash\n|-damage|p1a: Tornadus|1\/100\n|-damage|p1b: Raging Bolt|23\/100\n|move|p1b: Raging Bolt|Volt Switch|p2b: Indeedee\n|-damage|p2b: Indeedee|0 fnt\n|faint|p2b: Indeedee\n|-damage|p1b: Raging Bolt|13\/100|[from] item: Life Orb\n|j| iywsrh\n|\n|t:|1737483533\n|-end|p1b: Raging Bolt|Protosynthesis|[silent]\n|switch|p1b: Koraidon|Koraidon, L50|100\/100|[from] Volt Switch\n|-weather|SunnyDay|[from] ability: Orichalcum Pulse|[of] p1b: Koraidon\n|-activate|p1b: Koraidon|Orichalcum Pulse|[source]\n|\n|-weather|SunnyDay|[upkeep]\n|upkeep\n|\n|t:|1737483540\n|switch|p2b: Tornadus|Tornadus, L50, M|100\/100\n|turn|2\n|\n|t:|1737483553\n|switch|p2a: Smeargle|Smeargle, L50, F|100\/100\n|move|p1a: Tornadus|Tailwind|p1a: Tornadus\n|-sidestart|p1: Acblade|move: Tailwind\n|move|p2b: Tornadus|Tailwind|p2b: Tornadus\n|-sidestart|p2: TCM Zaukepoo|move: Tailwind\n|move|p1b: Koraidon|Collision Course|p2a: Smeargle\n|-supereffective|p2a: Smeargle\n|-enditem|p2a: Smeargle|Focus Sash\n|-damage|p2a: Smeargle|1\/100\n|\n|-weather|SunnyDay|[upkeep]\n|-ability|p2a: Smeargle|Moody|boost\n|-boost|p2a: Smeargle|spe|2\n|-unboost|p2a: Smeargle|atk|1\n|upkeep\n|turn|3\n|\n|t:|1737483568\n|move|p2a: Smeargle|Spore|p1b: Koraidon\n|-status|p1b: Koraidon|slp|[from] move: Spore\n|cant|p1b: Koraidon|slp\n|move|p1a: Tornadus|Weather Ball|p2a: Smeargle\n|-damage|p2a: Smeargle|0 fnt\n|faint|p2a: Smeargle\n|move|p2b: Tornadus|Bleakwind Storm|p1b: Koraidon|[spread] p1a\n|-miss|p2b: Tornadus|p1b: Koraidon\n|-damage|p1a: Tornadus|0 fnt\n|faint|p1a: Tornadus\n|\n|-weather|SunnyDay|[upkeep]\n|upkeep\n|\n|t:|1737483580\n|switch|p1a: Flutter Mane|Flutter Mane, L50|100\/100\n|switch|p2a: Kyogre|Kyogre, L50, tera:Water|48\/100\n|-activate|p1a: Flutter Mane|ability: Protosynthesis\n|-start|p1a: Flutter Mane|protosynthesisspe\n|-weather|RainDance|[from] ability: Drizzle|[of] p2a: Kyogre\n|-end|p1a: Flutter Mane|Protosynthesis\n|turn|4\n|\n|t:|1737483591\n|switch|p1b: Raging Bolt|Raging Bolt, L50, tera:Electric|13\/100\n|move|p1a: Flutter Mane|Moonblast|p2a: Kyogre\n|-damage|p2a: Kyogre|0 fnt\n|faint|p2a: Kyogre\n|move|p2b: Tornadus|Bleakwind Storm|p1b: Raging Bolt|[spread] p1a,p1b\n|-resisted|p1b: Raging Bolt\n|-damage|p1a: Flutter Mane|65\/100\n|-damage|p1b: Raging Bolt|0 fnt\n|faint|p1b: Raging Bolt\n|-end|p1b: Raging Bolt|Protosynthesis|[silent]\n|\n|-weather|RainDance|[upkeep]\n|upkeep\n|\n|t:|1737483599\n|switch|p1b: Koraidon|Koraidon, L50|100\/100 slp\n|-weather|SunnyDay|[from] ability: Orichalcum Pulse|[of] p1b: Koraidon\n|-activate|p1a: Flutter Mane|ability: Protosynthesis\n|-start|p1a: Flutter Mane|protosynthesisspe\n|-activate|p1b: Koraidon|Orichalcum Pulse|[source]\n|turn|5\n|\n|t:|1737483606\n|move|p1a: Flutter Mane|Moonblast|p2b: Tornadus\n|-damage|p2b: Tornadus|22\/100\n|-curestatus|p1b: Koraidon|slp|[msg]\n|move|p1b: Koraidon|Flare Blitz|p2b: Tornadus\n|-damage|p2b: Tornadus|0 fnt\n|faint|p2b: Tornadus\n|-damage|p1b: Koraidon|94\/100|[from] Recoil\n|\n|win|Acblade\n|raw|Acblade's rating: 1593 &rarr; <strong>1617<\/strong><br \/>(+24 for winning)\n|raw|TCM Zaukepoo's rating: 1663 &rarr; <strong>1639<\/strong><br \/>(-24 for losing)\n|l|\u2606Acblade\n|player|p1|\n|l|\u2606TCM Zaukepoo\n|player|p2|\n|l| iywsrh\n","uploadtime":1737483835,"views":4,"formatid":"gen9vgc2025regg","rating":1617,"private":0,"password":null}