{"id":"gen9vgc2025regg-2286103225","format":"[Gen 9] VGC 2025 Reg G","players":["kattikaaa","BLiiNDProdiigy"],"log":"|j|\u2606kattikaaa\n|j|\u2606BLiiNDProdiigy\n|t:|1737568251\n|gametype|doubles\n|player|p1|kattikaaa|169|1576\n|player|p2|BLiiNDProdiigy|rocketgrunt|1623\n|teamsize|p1|6\n|teamsize|p2|6\n|gen|9\n|tier|[Gen 9] VGC 2025 Reg G\n|rated|\n|rule|Species Clause: Limit one of each Pok\u00e9mon\n|rule|Item Clause: Limit 1 of each item\n|clearpoke\n|poke|p1|Miraidon, L50|\n|poke|p1|Grimmsnarl, L50, M|\n|poke|p1|Iron Moth, L50|\n|poke|p1|Ogerpon-Cornerstone, L50, F|\n|poke|p1|Iron Hands, L50|\n|poke|p1|Pelipper, L50, F|\n|poke|p2|Terapagos, L50, M|\n|poke|p2|Incineroar, L50, F|\n|poke|p2|Rillaboom, L50, F|\n|poke|p2|Urshifu-*, L50, M|\n|poke|p2|Flutter Mane, L50|\n|poke|p2|Ogerpon-Hearthflame, L50, F|\n|teampreview|4\n|inactive|Battle timer is ON: inactive players will automatically lose when time's up. (requested by kattikaaa)\n|j| Bellumari\n|inactive|kattikaaa has 60 seconds left.\n|inactive|BLiiNDProdiigy has 60 seconds left.\nkattikaaa rejected open team sheets.\n|inactive|BLiiNDProdiigy has 30 seconds left.\n|\n|t:|1737568312\n|start\n|switch|p1a: Miraidon|Miraidon, L50|100\/100\n|switch|p1b: Grimmsnarl|Grimmsnarl, L50, M|100\/100\n|switch|p2a: Terapagos|Terapagos, L50, M|100\/100\n|switch|p2b: Incineroar|Incineroar, L50, F|100\/100\n|-activate|p2a: Terapagos|ability: Tera Shift\n|detailschange|p2a: Terapagos|Terapagos-Terastal, L50, M\n|-heal|p2a: Terapagos|100\/100|[silent]\n|-fieldstart|move: Electric Terrain|[from] ability: Hadron Engine|[of] p1a: Miraidon\n|-enditem|p1a: Miraidon|Electric Seed\n|-boost|p1a: Miraidon|def|1|[from] item: Electric Seed\n|-ability|p2b: Incineroar|Intimidate|boost\n|-unboost|p1a: Miraidon|atk|1\n|-unboost|p1b: Grimmsnarl|atk|1\n|turn|1\n|inactive|kattikaaa has 30 seconds left.\n|\n|t:|1737568344\n|move|p2b: Incineroar|Fake Out|p1a: Miraidon\n|-damage|p1a: Miraidon|95\/100\n|move|p1b: Grimmsnarl|Fake Out|p2a: Terapagos\n|-activate|p2a: Terapagos|ability: Tera Shell\n|-resisted|p2a: Terapagos\n|-damage|p2a: Terapagos|98\/100\n|cant|p1a: Miraidon|flinch\n|cant|p2a: Terapagos|flinch\n|\n|-heal|p2a: Terapagos|100\/100|[from] item: Leftovers\n|upkeep\n|turn|2\n|\n|t:|1737568361\n|switch|p2b: Rillaboom|Rillaboom, L50, F|100\/100\n|-fieldstart|move: Grassy Terrain|[from] ability: Grassy Surge|[of] p2b: Rillaboom\n|move|p1b: Grimmsnarl|Light Screen|p1b: Grimmsnarl\n|-sidestart|p1: kattikaaa|move: Light Screen\n|move|p1a: Miraidon|Calm Mind|p1a: Miraidon\n|-boost|p1a: Miraidon|spa|1\n|-boost|p1a: Miraidon|spd|1\n|move|p2a: Terapagos|Calm Mind|p2a: Terapagos\n|-boost|p2a: Terapagos|spa|1\n|-boost|p2a: Terapagos|spd|1\n|\n|-heal|p1a: Miraidon|100\/100|[from] Grassy Terrain\n|upkeep\n|turn|3\n|\n|t:|1737568379\n|move|p1b: Grimmsnarl|Parting Shot|p2a: Terapagos\n|-unboost|p2a: Terapagos|atk|1\n|-unboost|p2a: Terapagos|spa|1\n|\n|t:|1737568382\n|switch|p1b: Iron Hands|Iron Hands, L50, shiny|100\/100|[from] Parting Shot\n|move|p1a: Miraidon|Calm Mind|p1a: Miraidon\n|-boost|p1a: Miraidon|spa|1\n|-boost|p1a: Miraidon|spd|1\n|move|p2b: Rillaboom|U-turn|p1b: Iron Hands\n|-resisted|p1b: Iron Hands\n|-damage|p1b: Iron Hands|92\/100\n|\n|t:|1737568386\n|switch|p2b: Incineroar|Incineroar, L50, F|100\/100|[from] U-turn\n|-ability|p2b: Incineroar|Intimidate|boost\n|-unboost|p1a: Miraidon|atk|1\n|-unboost|p1b: Iron Hands|atk|1\n|move|p2a: Terapagos|Calm Mind|p2a: Terapagos\n|-boost|p2a: Terapagos|spa|1\n|-boost|p2a: Terapagos|spd|1\n|\n|-heal|p1b: Iron Hands|98\/100|[from] Grassy Terrain\n|upkeep\n|turn|4\n|\n|t:|1737568403\n|move|p2b: Incineroar|Fake Out|p1b: Iron Hands\n|-damage|p1b: Iron Hands|91\/100\n|cant|p1b: Iron Hands|flinch\n|move|p1a: Miraidon|Calm Mind|p1a: Miraidon\n|-boost|p1a: Miraidon|spa|1\n|-boost|p1a: Miraidon|spd|1\n|move|p2a: Terapagos|Calm Mind|p2a: Terapagos\n|-boost|p2a: Terapagos|spa|1\n|-boost|p2a: Terapagos|spd|1\n|\n|-heal|p1b: Iron Hands|97\/100|[from] Grassy Terrain\n|upkeep\n|turn|5\n|\n|t:|1737568428\n|-end|p1b: Iron Hands|Quark Drive|[silent]\n|switch|p1b: Grimmsnarl|Grimmsnarl, L50, M|100\/100\n|move|p2a: Terapagos|Protect|p2a: Terapagos\n|-singleturn|p2a: Terapagos|Protect\n|move|p1a: Miraidon|Calm Mind|p1a: Miraidon\n|-boost|p1a: Miraidon|spa|1\n|-boost|p1a: Miraidon|spd|1\n|move|p2b: Incineroar|Parting Shot|p1a: Miraidon\n|-unboost|p1a: Miraidon|atk|1\n|-unboost|p1a: Miraidon|spa|1\n|\n|t:|1737568433\n|switch|p2b: Flutter Mane|Flutter Mane, L50|100\/100|[from] Parting Shot\n|-enditem|p2b: Flutter Mane|Booster Energy\n|-activate|p2b: Flutter Mane|ability: Protosynthesis|[fromitem]\n|-start|p2b: Flutter Mane|protosynthesisspe\n|\n|upkeep\n|turn|6\n|\n|t:|1737568457\n|move|p1b: Grimmsnarl|Fake Out|p2a: Terapagos\n|-activate|p2a: Terapagos|ability: Tera Shell\n|-resisted|p2a: Terapagos\n|-damage|p2a: Terapagos|96\/100\n|move|p2b: Flutter Mane|Icy Wind|p1a: Miraidon|[spread] p1a,p1b\n|-supereffective|p1a: Miraidon\n|-damage|p1a: Miraidon|97\/100\n|-damage|p1b: Grimmsnarl|93\/100\n|-unboost|p1a: Miraidon|spe|1\n|-unboost|p1b: Grimmsnarl|spe|1\n|cant|p2a: Terapagos|flinch\n|move|p1a: Miraidon|Dazzling Gleam|p2b: Flutter Mane|[spread] p2a,p2b\n|-damage|p2a: Terapagos|81\/100\n|-damage|p2b: Flutter Mane|57\/100\n|\n|-heal|p2b: Flutter Mane|64\/100|[from] Grassy Terrain\n|-heal|p2a: Terapagos|86\/100|[from] Grassy Terrain\n|-heal|p2a: Terapagos|92\/100|[from] item: Leftovers\n|-heal|p1a: Miraidon|100\/100|[from] Grassy Terrain\n|-heal|p1b: Grimmsnarl|99\/100|[from] Grassy Terrain\n|-fieldend|move: Grassy Terrain\n|upkeep\n|turn|7\n|inactive|kattikaaa has 30 seconds left.\n|\n|t:|1737568484\n|-terastallize|p2a: Terapagos|Stellar\n|detailschange|p2a: Terapagos|Terapagos-Stellar, L50, M, tera:Stellar\n|-heal|p2a: Terapagos|94\/100|[silent]\n|move|p1b: Grimmsnarl|Parting Shot|p2a: Terapagos\n|-unboost|p2a: Terapagos|atk|1\n|-unboost|p2a: Terapagos|spa|1\n|\n|t:|1737568491\n|switch|p1b: Iron Hands|Iron Hands, L50, shiny|97\/100|[from] Parting Shot\n|move|p2b: Flutter Mane|Icy Wind|p1b: Iron Hands|[spread] p1a,p1b\n|-supereffective|p1a: Miraidon\n|-damage|p1a: Miraidon|97\/100\n|-damage|p1b: Iron Hands|92\/100\n|-unboost|p1a: Miraidon|spe|1\n|-unboost|p1b: Iron Hands|spe|1\n|move|p2a: Terapagos|Tera Starstorm|p1a: Miraidon|[spread] p1a,p1b\n|-damage|p1a: Miraidon|89\/100\n|-damage|p1b: Iron Hands|71\/100\n|move|p1a: Miraidon|Calm Mind|p1a: Miraidon\n|-boost|p1a: Miraidon|spa|1\n|-boost|p1a: Miraidon|spd|1\n|\n|-heal|p2a: Terapagos|100\/100|[from] item: Leftovers\n|upkeep\n|turn|8\n|inactive|kattikaaa has 30 seconds left.\n|\n|t:|1737568518\n|move|p2b: Flutter Mane|Moonblast|p1b: Iron Hands\n|-supereffective|p1b: Iron Hands\n|-damage|p1b: Iron Hands|36\/100\n|move|p2a: Terapagos|Substitute|p2a: Terapagos\n|-start|p2a: Terapagos|Substitute\n|-damage|p2a: Terapagos|75\/100\n|move|p1a: Miraidon|Calm Mind|p1a: Miraidon\n|-boost|p1a: Miraidon|spa|1\n|-boost|p1a: Miraidon|spd|1\n|move|p1b: Iron Hands|Drain Punch|p2a: Terapagos\n|-supereffective|p2a: Terapagos\n|-end|p2a: Terapagos|Substitute\n|-heal|p1b: Iron Hands|50\/100|[from] drain|[of] p2a: Terapagos\n|\n|-heal|p2a: Terapagos|82\/100|[from] item: Leftovers\n|upkeep\n|turn|9\n|\n|t:|1737568538\n|move|p2b: Flutter Mane|Moonblast|p1b: Iron Hands\n|-supereffective|p1b: Iron Hands\n|-crit|p1b: Iron Hands\n|-damage|p1b: Iron Hands|0 fnt\n|faint|p1b: Iron Hands\n|-end|p1b: Iron Hands|Quark Drive|[silent]\n|move|p2a: Terapagos|Tera Starstorm|p1a: Miraidon\n|-damage|p1a: Miraidon|80\/100\n|move|p1a: Miraidon|Calm Mind|p1a: Miraidon\n|-boost|p1a: Miraidon|spa|1\n|-boost|p1a: Miraidon|spd|0\n|\n|-heal|p2a: Terapagos|88\/100|[from] item: Leftovers\n|-sideend|p1: kattikaaa|move: Light Screen\n|upkeep\n|\n|t:|1737568552\n|switch|p1b: Grimmsnarl|Grimmsnarl, L50, M|99\/100\n|turn|10\n|\n|t:|1737568567\n|-end|p2b: Flutter Mane|Protosynthesis|[silent]\n|switch|p2b: Incineroar|Incineroar, L50, F|100\/100\n|-ability|p2b: Incineroar|Intimidate|boost\n|-unboost|p1a: Miraidon|atk|1\n|-unboost|p1b: Grimmsnarl|atk|1\n|move|p2a: Terapagos|Protect|p2a: Terapagos\n|-singleturn|p2a: Terapagos|Protect\n|move|p1b: Grimmsnarl|Light Screen|p1b: Grimmsnarl\n|-sidestart|p1: kattikaaa|move: Light Screen\n|move|p1a: Miraidon|Parabolic Charge|p2b: Incineroar|[spread] p1b,p2b\n|-activate|p2a: Terapagos|move: Protect\n|-damage|p1b: Grimmsnarl|36\/100\n|-heal|p1a: Miraidon|100\/100|[from] drain|[of] p1b: Grimmsnarl\n|-damage|p2b: Incineroar|10\/100\n|\n|-heal|p2a: Terapagos|94\/100|[from] item: Leftovers\n|upkeep\n|turn|11\n|\n|t:|1737568590\n|move|p1a: Miraidon|Protect|p1a: Miraidon\n|-singleturn|p1a: Miraidon|Protect\n|move|p2b: Incineroar|Fake Out|p1a: Miraidon\n|-activate|p1a: Miraidon|move: Protect\n|move|p1b: Grimmsnarl|Parting Shot|p2a: Terapagos\n|-unboost|p2a: Terapagos|atk|1\n|-unboost|p2a: Terapagos|spa|1\n|\n|t:|1737568598\n|switch|p1b: Ogerpon|Ogerpon-Cornerstone, L50, F|100\/100|[from] Parting Shot\n|move|p2a: Terapagos|Calm Mind|p2a: Terapagos\n|-boost|p2a: Terapagos|spa|1\n|-boost|p2a: Terapagos|spd|1\n|\n|-heal|p2a: Terapagos|100\/100|[from] item: Leftovers\n|upkeep\n|turn|12\n|l| Bellumari\n|inactive|kattikaaa has 30 seconds left.\n|\n|t:|1737568629\n|switch|p2b: Rillaboom|Rillaboom, L50, F|100\/100\n|-fieldstart|move: Grassy Terrain|[from] ability: Grassy Surge|[of] p2b: Rillaboom\n|-terastallize|p1b: Ogerpon|Rock\n|detailschange|p1b: Ogerpon|Ogerpon-Cornerstone-Tera, L50, F, tera:Rock\n|-ability|p1b: Ogerpon|Embody Aspect (Cornerstone)|boost\n|-boost|p1b: Ogerpon|def|1\n|move|p1b: Ogerpon|Ivy Cudgel|p2a: Terapagos|[anim] Ivy Cudgel Rock\n|-damage|p2a: Terapagos|49\/100\n|move|p2a: Terapagos|Calm Mind|p2a: Terapagos\n|-boost|p2a: Terapagos|spa|1\n|-boost|p2a: Terapagos|spd|1\n|move|p1a: Miraidon|Dazzling Gleam|p2b: Rillaboom|[spread] p2a,p2b\n|-damage|p2a: Terapagos|36\/100\n|-damage|p2b: Rillaboom|44\/100\n|\n|-heal|p2b: Rillaboom|50\/100|[from] Grassy Terrain\n|-heal|p2a: Terapagos|42\/100|[from] Grassy Terrain\n|-heal|p2a: Terapagos|48\/100|[from] item: Leftovers\n|upkeep\n|turn|13\n|inactive|kattikaaa has 30 seconds left.\n|\n|t:|1737568656\n|switch|p2b: Incineroar|Incineroar, L50, F|10\/100\n|-ability|p2b: Incineroar|Intimidate|boost\n|-unboost|p1a: Miraidon|atk|1\n|-unboost|p1b: Ogerpon|atk|1\n|move|p1b: Ogerpon|Spiky Shield|p1b: Ogerpon\n|-singleturn|p1b: Ogerpon|move: Protect\n|move|p2a: Terapagos|Protect|p2a: Terapagos\n|-singleturn|p2a: Terapagos|Protect\n|move|p1a: Miraidon|Dazzling Gleam|p2b: Incineroar|[spread] p2b\n|-activate|p2a: Terapagos|move: Protect\n|-damage|p2b: Incineroar|0 fnt\n|faint|p2b: Incineroar\n|\n|-heal|p2a: Terapagos|54\/100|[from] Grassy Terrain\n|-heal|p2a: Terapagos|61\/100|[from] item: Leftovers\n|upkeep\n|\n|t:|1737568661\n|switch|p2b: Rillaboom|Rillaboom, L50, F|50\/100\n|turn|14\n|\n|t:|1737568681\n|switch|p1b: Grimmsnarl|Grimmsnarl, L50, M|36\/100\n|move|p2b: Rillaboom|Fake Out|p1b: Grimmsnarl\n|-crit|p1b: Grimmsnarl\n|-damage|p1b: Grimmsnarl|16\/100\n|move|p2a: Terapagos|Tera Starstorm|p1a: Miraidon|[spread] p1a,p1b\n|-damage|p1a: Miraidon|92\/100\n|-damage|p1b: Grimmsnarl|0 fnt\n|faint|p1b: Grimmsnarl\n|move|p1a: Miraidon|Dazzling Gleam|p2a: Terapagos|[spread] p2a,p2b\n|-damage|p2a: Terapagos|45\/100\n|-damage|p2b: Rillaboom|0 fnt\n|faint|p2b: Rillaboom\n|\n|-heal|p2a: Terapagos|52\/100|[from] Grassy Terrain\n|-heal|p2a: Terapagos|58\/100|[from] item: Leftovers\n|-heal|p1a: Miraidon|98\/100|[from] Grassy Terrain\n|upkeep\n|\n|t:|1737568699\n|switch|p2b: Flutter Mane|Flutter Mane, L50|64\/100\n|switch|p1b: Ogerpon|Ogerpon-Cornerstone-Tera, L50, F, tera:Rock|100\/100\n|-ability|p1b: Ogerpon|Embody Aspect (Cornerstone)|boost\n|-boost|p1b: Ogerpon|def|1\n|turn|15\n|\n|t:|1737568710\n|move|p2b: Flutter Mane|Protect|p2b: Flutter Mane\n|-singleturn|p2b: Flutter Mane|Protect\n|move|p1b: Ogerpon|Spiky Shield|p1b: Ogerpon\n|-singleturn|p1b: Ogerpon|move: Protect\n|move|p2a: Terapagos|Protect|p2a: Terapagos\n|-singleturn|p2a: Terapagos|Protect\n|move|p1a: Miraidon|Parabolic Charge|p2b: Flutter Mane|[spread] \n|-activate|p1b: Ogerpon|move: Protect\n|-activate|p2a: Terapagos|move: Protect\n|-activate|p2b: Flutter Mane|move: Protect\n|\n|-heal|p2b: Flutter Mane|70\/100|[from] Grassy Terrain\n|-heal|p2a: Terapagos|64\/100|[from] Grassy Terrain\n|-heal|p2a: Terapagos|70\/100|[from] item: Leftovers\n|-heal|p1a: Miraidon|100\/100|[from] Grassy Terrain\n|upkeep\n|turn|16\n|inactive|kattikaaa has 30 seconds left.\n|\n|t:|1737568737\n|move|p2b: Flutter Mane|Icy Wind|p1a: Miraidon|[spread] p1a,p1b\n|-supereffective|p1a: Miraidon\n|-damage|p1a: Miraidon|97\/100\n|-damage|p1b: Ogerpon|90\/100\n|-unboost|p1a: Miraidon|spe|1\n|-unboost|p1b: Ogerpon|spe|1\n|move|p2a: Terapagos|Tera Starstorm|p1a: Miraidon|[spread] p1a,p1b\n|-supereffective|p1b: Ogerpon\n|-damage|p1a: Miraidon|88\/100\n|-damage|p1b: Ogerpon|0 fnt\n|faint|p1b: Ogerpon\n|move|p1a: Miraidon|Parabolic Charge|p2b: Flutter Mane|[spread] p2a,p2b\n|-damage|p2a: Terapagos|52\/100\n|-heal|p1a: Miraidon|99\/100|[from] drain|[of] p2a: Terapagos\n|-damage|p2b: Flutter Mane|0 fnt\n|-heal|p1a: Miraidon|100\/100|[from] drain|[of] p2b: Flutter Mane\n|faint|p2b: Flutter Mane\n|-end|p2b: Flutter Mane|Protosynthesis|[silent]\n|\n|-heal|p2a: Terapagos|59\/100|[from] Grassy Terrain\n|-heal|p2a: Terapagos|65\/100|[from] item: Leftovers\n|-fieldend|move: Grassy Terrain\n|upkeep\n|turn|17\n|j| imstuckat1300\n|\n|t:|1737568759\n|move|p2a: Terapagos|Protect|p2a: Terapagos\n|-singleturn|p2a: Terapagos|Protect\n|move|p1a: Miraidon|Parabolic Charge|p2a: Terapagos\n|-activate|p2a: Terapagos|move: Protect\n|\n|-heal|p2a: Terapagos|71\/100|[from] item: Leftovers\n|-sideend|p1: kattikaaa|move: Light Screen\n|upkeep\n|turn|18\n|\n|t:|1737568768\n|move|p2a: Terapagos|Calm Mind|p2a: Terapagos\n|-boost|p2a: Terapagos|spa|1\n|-boost|p2a: Terapagos|spd|1\n|move|p1a: Miraidon|Parabolic Charge|p2a: Terapagos\n|-damage|p2a: Terapagos|52\/100\n|\n|-heal|p2a: Terapagos|58\/100|[from] item: Leftovers\n|upkeep\n|turn|19\n|\n|t:|1737568777\n|move|p2a: Terapagos|Protect|p2a: Terapagos\n|-singleturn|p2a: Terapagos|Protect\n|move|p1a: Miraidon|Parabolic Charge|p2a: Terapagos\n|-activate|p2a: Terapagos|move: Protect\n|\n|-heal|p2a: Terapagos|65\/100|[from] item: Leftovers\n|upkeep\n|turn|20\n|inactive|kattikaaa has 30 seconds left.\n|\n|t:|1737568785\n|move|p2a: Terapagos|Calm Mind|p2a: Terapagos\n|-boost|p2a: Terapagos|spa|1\n|-boost|p2a: Terapagos|spd|0\n|move|p1a: Miraidon|Parabolic Charge|p2a: Terapagos\n|-damage|p2a: Terapagos|44\/100\n|\n|-heal|p2a: Terapagos|50\/100|[from] item: Leftovers\n|upkeep\n|turn|21\n|inactive|kattikaaa has 30 seconds left this turn.\n|\n|t:|1737568795\n|move|p2a: Terapagos|Calm Mind|p2a: Terapagos\n|-boost|p2a: Terapagos|spa|1\n|-boost|p2a: Terapagos|spd|0\n|move|p1a: Miraidon|Parabolic Charge|p2a: Terapagos\n|-damage|p2a: Terapagos|31\/100\n|\n|-heal|p2a: Terapagos|37\/100|[from] item: Leftovers\n|upkeep\n|turn|22\n|inactive|kattikaaa has 25 seconds left this turn.\n|inactive|kattikaaa has 20 seconds left.\n|\n|t:|1737568803\n|move|p2a: Terapagos|Protect|p2a: Terapagos\n|-singleturn|p2a: Terapagos|Protect\n|move|p1a: Miraidon|Parabolic Charge|p2a: Terapagos\n|-activate|p2a: Terapagos|move: Protect\n|\n|-heal|p2a: Terapagos|43\/100|[from] item: Leftovers\n|upkeep\n|turn|23\n|inactive|kattikaaa has 20 seconds left this turn.\n|inactive|kattikaaa has 15 seconds left.\n|inactive|kattikaaa has 10 seconds left.\n|inactive|kattikaaa has 5 seconds left.\n|\n|t:|1737568819\n|move|p1a: Miraidon|Protect|p1a: Miraidon\n|-singleturn|p1a: Miraidon|Protect\n|move|p2a: Terapagos|Calm Mind|p2a: Terapagos\n|-boost|p2a: Terapagos|spa|1\n|-boost|p2a: Terapagos|spd|0\n|\n|-heal|p2a: Terapagos|49\/100|[from] item: Leftovers\n|upkeep\n|turn|24\n|inactive|kattikaaa has 5 seconds left this turn.\n|-message|kattikaaa lost due to inactivity.\n|\n|win|BLiiNDProdiigy\n|raw|kattikaaa's rating: 1576 &rarr; <strong>1559<\/strong><br \/>(-17 for losing)\n|raw|BLiiNDProdiigy's rating: 1623 &rarr; <strong>1640<\/strong><br \/>(+17 for winning)\n|c|\u2606BLiiNDProdiigy|Oof\n|c|\u2606BLiiNDProdiigy|Gg\n|l|\u2606BLiiNDProdiigy\n|player|p2|\n|l| imstuckat1300\n|l|\u2606kattikaaa\n|player|p1|\n","uploadtime":1737568852,"views":9,"formatid":"gen9vgc2025regg","rating":1559,"private":0,"password":null}