{"id":"gen9vgc2025regg-2286848917","format":"[Gen 9] VGC 2025 Reg G","players":["DavidElGafe","TonyPajamas16"],"log":"|j|\u2606DavidElGafe\n|j|\u2606TonyPajamas16\n|t:|1737661021\n|gametype|doubles\n|player|p1|DavidElGafe|blue|1555\n|player|p2|TonyPajamas16|2|1581\n|teamsize|p1|6\n|teamsize|p2|6\n|gen|9\n|tier|[Gen 9] VGC 2025 Reg G\n|rated|\n|rule|Species Clause: Limit one of each Pok\u00e9mon\n|rule|Item Clause: Limit 1 of each item\n|clearpoke\n|poke|p1|Chien-Pao, L50|\n|poke|p1|Urshifu-*, L50, F|\n|poke|p1|Landorus, L50, M|\n|poke|p1|Pelipper, L50, M|\n|poke|p1|Zamazenta-*, L50|\n|poke|p1|Ogerpon-Cornerstone, L50, F|\n|poke|p2|Groudon, L50|\n|poke|p2|Sableye, L50, M|\n|poke|p2|Rillaboom, L50, F|\n|poke|p2|Gouging Fire, L50|\n|poke|p2|Raging Bolt, L50|\n|poke|p2|Scream Tail, L50|\n|teampreview|4\n|inactive|Battle timer is ON: inactive players will automatically lose when time's up. (requested by DavidElGafe)\n|\n|t:|1737661053\n|start\n|switch|p1a: Ogerpon|Ogerpon-Cornerstone, L50, F|100\/100\n|switch|p1b: Pelipper|Pelipper, L50, M|100\/100\n|switch|p2a: Scream Tail|Scream Tail, L50, shiny|100\/100\n|switch|p2b: Sableye|Sableye, L50, M, shiny|100\/100\n|-weather|RainDance|[from] ability: Drizzle|[of] p1b: Pelipper\n|-enditem|p2a: Scream Tail|Booster Energy\n|-activate|p2a: Scream Tail|ability: Protosynthesis|[fromitem]\n|-start|p2a: Scream Tail|protosynthesisspe\n|turn|1\n|\n|t:|1737661075\n|move|p2b: Sableye|Gravity|p2b: Sableye\n|-fieldstart|move: Gravity\n|move|p2a: Scream Tail|Sing|p1a: Ogerpon\n|-status|p1a: Ogerpon|slp|[from] move: Sing\n|cant|p1a: Ogerpon|slp\n|move|p1b: Pelipper|Tailwind|p1b: Pelipper\n|-sidestart|p1: DavidElGafe|move: Tailwind\n|\n|-weather|RainDance|[upkeep]\n|upkeep\n|turn|2\n|inactive|TonyPajamas16 has 30 seconds left.\n|\n|t:|1737661101\n|switch|p1b: Landorus|Landorus, L50, M|100\/100\n|move|p2b: Sableye|Encore||[still]\n|-fail|p2b: Sableye\n|-curestatus|p1a: Ogerpon|slp|[msg]\n|move|p1a: Ogerpon|Ivy Cudgel|p2a: Scream Tail|[anim] Ivy Cudgel Rock\n|-damage|p2a: Scream Tail|50\/100\n|move|p2a: Scream Tail|Howl|p2a: Scream Tail|[spread] p2a,p2b\n|-boost|p2a: Scream Tail|atk|1\n|-boost|p2b: Sableye|atk|1\n|\n|-weather|RainDance|[upkeep]\n|upkeep\n|turn|3\n|\n|t:|1737661117\n|move|p2b: Sableye|Disable|p1a: Ogerpon\n|-start|p1a: Ogerpon|Disable|Ivy Cudgel\n|cant|p1a: Ogerpon|Disable|Ivy Cudgel\n|move|p1b: Landorus|Sandsear Storm|p2a: Scream Tail|[spread] p2a,p2b\n|-damage|p2a: Scream Tail|10\/100\n|-damage|p2b: Sableye|31\/100\n|move|p2a: Scream Tail|Sing|p1b: Landorus\n|-status|p1b: Landorus|slp|[from] move: Sing\n|\n|-weather|RainDance|[upkeep]\n|upkeep\n|turn|4\n|inactive|DavidElGafe has 30 seconds left.\n|\n|t:|1737661149\n|move|p1a: Ogerpon|Spiky Shield|p1a: Ogerpon\n|-singleturn|p1a: Ogerpon|move: Protect\n|move|p2b: Sableye|Encore|p1a: Ogerpon\n|-activate|p1a: Ogerpon|move: Protect\n|cant|p1b: Landorus|slp\n|move|p2a: Scream Tail|Play Rough|p1b: Landorus\n|-damage|p1b: Landorus|67\/100 slp\n|\n|-weather|RainDance|[upkeep]\n|-sideend|p1: DavidElGafe|move: Tailwind\n|upkeep\n|turn|5\n|\n|t:|1737661170\n|move|p1a: Ogerpon|Follow Me|p1a: Ogerpon\n|-singleturn|p1a: Ogerpon|move: Follow Me\n|move|p2b: Sableye|Encore|p1a: Ogerpon\n|-start|p1a: Ogerpon|Encore\n|move|p2a: Scream Tail|Play Rough|p1a: Ogerpon\n|-damage|p1a: Ogerpon|61\/100\n|-curestatus|p1b: Landorus|slp|[msg]\n|move|p1b: Landorus|Sandsear Storm|p2a: Scream Tail|[spread] p2a,p2b\n|-damage|p2a: Scream Tail|0 fnt\n|-damage|p2b: Sableye|0 fnt\n|faint|p2a: Scream Tail\n|-end|p2a: Scream Tail|Protosynthesis|[silent]\n|faint|p2b: Sableye\n|\n|-weather|none\n|-fieldend|move: Gravity\n|upkeep\n|\n|t:|1737661181\n|switch|p2a: Gouging Fire|Gouging Fire, L50|100\/100\n|switch|p2b: Groudon|Groudon, L50|100\/100\n|-weather|SunnyDay|[from] ability: Drought|[of] p2b: Groudon\n|-activate|p2a: Gouging Fire|ability: Protosynthesis\n|-start|p2a: Gouging Fire|protosynthesisspe\n|turn|6\n|\n|t:|1737661197\n|-terastallize|p1b: Landorus|Water\n|move|p2a: Gouging Fire|Protect|p2a: Gouging Fire\n|-singleturn|p2a: Gouging Fire|Protect\n|move|p1a: Ogerpon|Follow Me|p1a: Ogerpon\n|-singleturn|p1a: Ogerpon|move: Follow Me\n|move|p1b: Landorus|Sandsear Storm|p2a: Gouging Fire|[spread] p2b\n|-activate|p2a: Gouging Fire|move: Protect\n|-damage|p2b: Groudon|69\/100\n|move|p2b: Groudon|Fire Punch|p1a: Ogerpon\n|-damage|p1a: Ogerpon|0 fnt\n|faint|p1a: Ogerpon\n|\n|-weather|SunnyDay|[upkeep]\n|upkeep\n|\n|t:|1737661217\n|switch|p1a: Pelipper|Pelipper, L50, M|100\/100\n|-weather|RainDance|[from] ability: Drizzle|[of] p1a: Pelipper\n|-end|p2a: Gouging Fire|Protosynthesis\n|turn|7\n|\n|t:|1737661232\n|-terastallize|p2a: Gouging Fire|Normal\n|move|p1b: Landorus|Sandsear Storm|p2a: Gouging Fire|[spread] p2a,p2b\n|-damage|p2a: Gouging Fire|46\/100\n|-damage|p2b: Groudon|37\/100\n|move|p2a: Gouging Fire|Howl|p2a: Gouging Fire|[spread] p2a,p2b\n|-boost|p2a: Gouging Fire|atk|1\n|-boost|p2b: Groudon|atk|1\n|move|p2b: Groudon|Thunder Punch|p1a: Pelipper\n|-supereffective|p1a: Pelipper\n|-damage|p1a: Pelipper|0 fnt\n|faint|p1a: Pelipper\n|\n|-weather|RainDance|[upkeep]\n|upkeep\n|\n|t:|1737661244\n|switch|p1a: Zamazenta|Zamazenta-Crowned, L50|100\/100\n|-ability|p1a: Zamazenta|Dauntless Shield|boost\n|-boost|p1a: Zamazenta|def|1\n|turn|8\n|\n|t:|1737661251\n|move|p1a: Zamazenta|Body Press|p2b: Groudon\n|-damage|p2b: Groudon|0 fnt\n|faint|p2b: Groudon\n|move|p1b: Landorus|Sandsear Storm|p2a: Gouging Fire\n|-damage|p2a: Gouging Fire|0 fnt\n|faint|p2a: Gouging Fire\n|-end|p2a: Gouging Fire|Protosynthesis|[silent]\n|\n|win|DavidElGafe\n|raw|DavidElGafe's rating: 1555 &rarr; <strong>1576<\/strong><br \/>(+21 for winning)\n|raw|TonyPajamas16's rating: 1581 &rarr; <strong>1560<\/strong><br \/>(-21 for losing)\n|l|\u2606TonyPajamas16\n|player|p2|\n|l|\u2606DavidElGafe\n|player|p1|\n","uploadtime":1737661255,"views":12,"formatid":"gen9vgc2025regg","rating":1560,"private":0,"password":null}