{"id":"gen9vgc2025regg-2286089174","format":"[Gen 9] VGC 2025 Reg G","players":["actuary97","Clerk Barbaracle"],"log":"|j|\u2606actuary97\n|j|\u2606Clerk Barbaracle\n|t:|1737566895\n|gametype|doubles\n|player|p1|actuary97|sabrina-frlg|1631\n|player|p2|Clerk Barbaracle|brawly|1542\n|teamsize|p1|6\n|teamsize|p2|6\n|gen|9\n|tier|[Gen 9] VGC 2025 Reg G\n|rated|\n|rule|Species Clause: Limit one of each Pok\u00e9mon\n|rule|Item Clause: Limit 1 of each item\n|clearpoke\n|poke|p1|Amoonguss, L50, M|\n|poke|p1|Whimsicott, L50, M|\n|poke|p1|Rillaboom, L50, F|\n|poke|p1|Kyogre, L50|\n|poke|p1|Cresselia, L50, F|\n|poke|p1|Archaludon, L50, M|\n|poke|p2|Miraidon, L50|\n|poke|p2|Iron Hands, L50|\n|poke|p2|Incineroar, L50, F|\n|poke|p2|Iron Treads, L50|\n|poke|p2|Urshifu-*, L50, F|\n|poke|p2|Farigiraf, L50, F|\n|teampreview|4\nactuary97 has agreed to open team sheets.\n|\n|t:|1737566925\n|start\n|switch|p1a: Rillaboom|Rillaboom, L50, F, shiny|100\/100\n|switch|p1b: Amoonguss|Amoonguss, L50, M, shiny|100\/100\n|switch|p2a: Incineroar|Incineroar, L50, F|100\/100\n|switch|p2b: Urshifu|Urshifu, L50, F|100\/100\n|-fieldstart|move: Grassy Terrain|[from] ability: Grassy Surge|[of] p1a: Rillaboom\n|-ability|p2a: Incineroar|Intimidate|boost\n|-unboost|p1a: Rillaboom|atk|1\n|-unboost|p1b: Amoonguss|atk|1\n|turn|1\n|\n|t:|1737566945\n|switch|p2a: Miraidon|Miraidon, L50|100\/100\n|-fieldstart|move: Electric Terrain|[from] ability: Hadron Engine|[of] p2a: Miraidon\n|switch|p1b: Archaludon|Archaludon, L50, M, shiny|100\/100\n|move|p1a: Rillaboom|Fake Out|p2b: Urshifu\n|-damage|p2b: Urshifu|90\/100\n|cant|p2b: Urshifu|flinch\n|\n|upkeep\n|turn|2\n|inactive|Battle timer is ON: inactive players will automatically lose when time's up. (requested by actuary97)\n|\n|t:|1737566999\n|switch|p1a: Amoonguss|Amoonguss, L50, M, shiny|100\/100\n|-terastallize|p2a: Miraidon|Fairy\n|move|p2a: Miraidon|Draco Meteor|p1a: Amoonguss\n|-damage|p1a: Amoonguss|0 fnt\n|-unboost|p2a: Miraidon|spa|2\n|faint|p1a: Amoonguss\n|move|p2b: Urshifu|Wicked Blow|p1b: Archaludon\n|-crit|p1b: Archaludon\n|-damage|p1b: Archaludon|56\/100\n|-ability|p1b: Archaludon|Stamina|boost\n|-boost|p1b: Archaludon|def|1\n|move|p1b: Archaludon|Body Press|p2b: Urshifu\n|-supereffective|p2b: Urshifu\n|-damage|p2b: Urshifu|20\/100\n|\n|upkeep\n|\n|t:|1737567022\n|switch|p1a: Rillaboom|Rillaboom, L50, F, shiny|100\/100\n|-fieldstart|move: Grassy Terrain|[from] ability: Grassy Surge|[of] p1a: Rillaboom\n|turn|3\n|\n|t:|1737567032\n|switch|p2a: Incineroar|Incineroar, L50, F|100\/100\n|-ability|p2a: Incineroar|Intimidate|boost\n|-unboost|p1a: Rillaboom|atk|1\n|-unboost|p1b: Archaludon|atk|1\n|move|p2b: Urshifu|Detect|p2b: Urshifu\n|-singleturn|p2b: Urshifu|Protect\n|move|p1a: Rillaboom|Bullet Seed|p2a: Incineroar\n|-resisted|p2a: Incineroar\n|-crit|p2a: Incineroar\n|-damage|p2a: Incineroar|87\/100\n|-resisted|p2a: Incineroar\n|-damage|p2a: Incineroar|81\/100\n|-resisted|p2a: Incineroar\n|-damage|p2a: Incineroar|75\/100\n|-resisted|p2a: Incineroar\n|-damage|p2a: Incineroar|69\/100\n|-hitcount|p2a: Incineroar|4\n|move|p1b: Archaludon|Body Press|p2b: Urshifu\n|-activate|p2b: Urshifu|move: Protect\n|\n|-heal|p2b: Urshifu|26\/100|[from] Grassy Terrain\n|-heal|p1b: Archaludon|62\/100|[from] Grassy Terrain\n|-heal|p2a: Incineroar|75\/100|[from] Grassy Terrain\n|upkeep\n|turn|4\n|inactive|Clerk Barbaracle has 30 seconds left.\n|inactive|Clerk Barbaracle has 20 seconds left.\n|\n|t:|1737567068\n|move|p2a: Incineroar|Fake Out|p1a: Rillaboom\n|-damage|p1a: Rillaboom|87\/100\n|move|p2b: Urshifu|Wicked Blow|p1b: Archaludon\n|-crit|p1b: Archaludon\n|-damage|p1b: Archaludon|16\/100\n|-ability|p1b: Archaludon|Stamina|boost\n|-boost|p1b: Archaludon|def|1\n|cant|p1a: Rillaboom|flinch\n|move|p1b: Archaludon|Body Press|p2a: Incineroar\n|-supereffective|p2a: Incineroar\n|-damage|p2a: Incineroar|0 fnt\n|-damage|p1b: Archaludon|0 fnt|[from] item: Rocky Helmet|[of] p2a: Incineroar\n|faint|p2a: Incineroar\n|faint|p1b: Archaludon\n|\n|-heal|p2b: Urshifu|32\/100|[from] Grassy Terrain\n|-heal|p1a: Rillaboom|93\/100|[from] Grassy Terrain\n|upkeep\n|\n|t:|1737567081\n|switch|p1b: Kyogre|Kyogre, L50, shiny|100\/100\n|switch|p2a: Miraidon|Miraidon, L50, tera:Fairy|100\/100\n|-fieldstart|move: Electric Terrain|[from] ability: Hadron Engine|[of] p2a: Miraidon\n|-weather|RainDance|[from] ability: Drizzle|[of] p1b: Kyogre\n|turn|5\n|j| Baguettezzz\n|\n|t:|1737567100\n|-terastallize|p1b: Kyogre|Grass\n|move|p2b: Urshifu|Sucker Punch|p1b: Kyogre\n|-damage|p1b: Kyogre|65\/100\n|move|p2a: Miraidon|Draco Meteor|p1b: Kyogre\n|-damage|p1b: Kyogre|0 fnt\n|-unboost|p2a: Miraidon|spa|2\n|faint|p1b: Kyogre\n|move|p1a: Rillaboom|Bullet Seed|p2a: Miraidon\n|-damage|p2a: Miraidon|92\/100\n|-damage|p2a: Miraidon|83\/100\n|-damage|p2a: Miraidon|74\/100\n|-damage|p2a: Miraidon|67\/100\n|-damage|p2a: Miraidon|58\/100\n|-hitcount|p2a: Miraidon|5\n|\n|-weather|RainDance|[upkeep]\n|upkeep\n|turn|6\n|\n|t:|1737567113\n|move|p2a: Miraidon|Draco Meteor|p1a: Rillaboom\n|-damage|p1a: Rillaboom|15\/100\n|-unboost|p2a: Miraidon|spa|2\n|move|p2b: Urshifu|Wicked Blow|p1a: Rillaboom\n|-crit|p1a: Rillaboom\n|-damage|p1a: Rillaboom|0 fnt\n|faint|p1a: Rillaboom\n|\n|win|Clerk Barbaracle\n|raw|actuary97's rating: 1631 &rarr; <strong>1606<\/strong><br \/>(-25 for losing)\n|raw|Clerk Barbaracle's rating: 1542 &rarr; <strong>1567<\/strong><br \/>(+25 for winning)\n|l|\u2606actuary97\n|player|p1|\n|l|\u2606Clerk Barbaracle\n|player|p2|\n|l| Baguettezzz\n","uploadtime":1737567121,"views":11,"formatid":"gen9vgc2025regg","rating":1567,"private":0,"password":null}