{"id":"gen9vgc2025regg-2286084344","format":"[Gen 9] VGC 2025 Reg G","players":["CombatWombat925","Crysantimo"],"log":"|j|\u2606CombatWombat925\n|j|\u2606Crysantimo\n|t:|1737566428\n|gametype|doubles\n|player|p1|CombatWombat925|2|1547\n|player|p2|Crysantimo|madame-gen4dp|1578\n|teamsize|p1|6\n|teamsize|p2|6\n|gen|9\n|tier|[Gen 9] VGC 2025 Reg G\n|rated|\n|rule|Species Clause: Limit one of each Pok\u00e9mon\n|rule|Item Clause: Limit 1 of each item\n|clearpoke\n|poke|p1|Urshifu-*, L50, F|\n|poke|p1|Rillaboom, L50, F|\n|poke|p1|Flutter Mane, L50|\n|poke|p1|Terapagos, L50, M|\n|poke|p1|Incineroar, L50, M|\n|poke|p1|Amoonguss, L50, M|\n|poke|p2|Calyrex-Shadow, L50|\n|poke|p2|Clefairy, L50, M|\n|poke|p2|Chi-Yu, L50|\n|poke|p2|Weezing-Galar, L50, F|\n|poke|p2|Pawmot, L50, F|\n|poke|p2|Dragonite, L50, M|\n|teampreview|4\n|inactive|Battle timer is ON: inactive players will automatically lose when time's up. (requested by Crysantimo)\n|inactive|Crysantimo has 60 seconds left.\n|\n|t:|1737566515\n|start\n|switch|p1a: Incineroar|Incineroar, L50, M|100\/100\n|switch|p1b: Urshifu|Urshifu-Rapid-Strike, L50, F|100\/100\n|switch|p2a: Calyrex|Calyrex-Shadow, L50|100\/100\n|switch|p2b: Pawmot|Pawmot, L50, F|100\/100\n|-ability|p2a: Calyrex|As One\n|-ability|p2a: Calyrex|Unnerve\n|-ability|p1a: Incineroar|Intimidate|boost\n|-unboost|p2a: Calyrex|atk|1\n|-unboost|p2b: Pawmot|atk|1\n|turn|1\n|\n|t:|1737566522\n|move|p2b: Pawmot|Fake Out|p1a: Incineroar\n|-damage|p1a: Incineroar|95\/100\n|cant|p1a: Incineroar|flinch\n|move|p2a: Calyrex|Astral Barrage|p1b: Urshifu|[spread] p1a,p1b\n|-resisted|p1a: Incineroar\n|-damage|p1a: Incineroar|63\/100\n|-enditem|p1b: Urshifu|Focus Sash\n|-damage|p1b: Urshifu|1\/100\n|move|p1b: Urshifu|Surging Strikes|p2b: Pawmot\n|-crit|p2b: Pawmot\n|-damage|p2b: Pawmot|66\/100\n|-crit|p2b: Pawmot\n|-damage|p2b: Pawmot|36\/100\n|-crit|p2b: Pawmot\n|-damage|p2b: Pawmot|3\/100\n|-hitcount|p2b: Pawmot|3\n|\n|upkeep\n|turn|2\n|\n|t:|1737566541\n|switch|p2b: Chi-Yu|Chi-Yu, L50|100\/100\n|-ability|p2b: Chi-Yu|Beads of Ruin\n|-terastallize|p2a: Calyrex|Normal\n|move|p1b: Urshifu|Aqua Jet|p2b: Chi-Yu\n|-supereffective|p2b: Chi-Yu\n|-damage|p2b: Chi-Yu|33\/100\n|move|p2a: Calyrex|Astral Barrage|p1a: Incineroar|[spread] p1a,p1b\n|-resisted|p1a: Incineroar\n|-damage|p1a: Incineroar|17\/100\n|-damage|p1b: Urshifu|0 fnt\n|faint|p1b: Urshifu\n|-ability|p2a: Calyrex|Grim Neigh|boost\n|-boost|p2a: Calyrex|spa|1\n|move|p1a: Incineroar|Knock Off|p2a: Calyrex\n|-damage|p2a: Calyrex|59\/100\n|-enditem|p2a: Calyrex|Choice Specs|[from] move: Knock Off|[of] p1a: Incineroar\n|\n|upkeep\n|\n|t:|1737566554\n|switch|p1b: Terapagos|Terapagos, L50, M|100\/100\n|-activate|p1b: Terapagos|ability: Tera Shift\n|detailschange|p1b: Terapagos|Terapagos-Terastal, L50, M\n|-heal|p1b: Terapagos|100\/100|[silent]\n|turn|3\n|\n|t:|1737566571\n|-terastallize|p1b: Terapagos|Stellar\n|detailschange|p1b: Terapagos|Terapagos-Stellar, L50, M, tera:Stellar\n|-heal|p1b: Terapagos|100\/100|[silent]\n|move|p2b: Chi-Yu|Heat Wave|p1a: Incineroar|[spread] p1a\n|-miss|p2b: Chi-Yu|p1b: Terapagos\n|-resisted|p1a: Incineroar\n|-damage|p1a: Incineroar|0 fnt\n|faint|p1a: Incineroar\n|move|p2a: Calyrex|Psyshock|p1b: Terapagos\n|-damage|p1b: Terapagos|62\/100\n|move|p1b: Terapagos|Tera Starstorm|p2b: Chi-Yu|[spread] p2a,p2b\n|-supereffective|p2a: Calyrex\n|-damage|p2a: Calyrex|0 fnt\n|-damage|p2b: Chi-Yu|0 fnt\n|faint|p2a: Calyrex\n|faint|p2b: Chi-Yu\n|\n|-heal|p1b: Terapagos|68\/100|[from] item: Leftovers\n|upkeep\n|\n|t:|1737566584\n|switch|p2a: Dragonite|Dragonite, L50, M|100\/100\n|switch|p2b: Pawmot|Pawmot, L50, F|3\/100\n|switch|p1a: Amoonguss|Amoonguss, L50, M|100\/100\n|turn|4\n|\n|t:|1737566598\n|move|p1b: Terapagos|Protect|p1b: Terapagos\n|-singleturn|p1b: Terapagos|Protect\n|move|p2b: Pawmot|Revival Blessing|p2b: Pawmot\n|\n|t:|1737566611\n|-heal|p2: Chi-Yu|50\/100|[from] move: Revival Blessing\n|move|p2a: Dragonite|Aerial Ace|p1a: Amoonguss\n|-supereffective|p1a: Amoonguss\n|-damage|p1a: Amoonguss|48\/100\n|-damage|p2a: Dragonite|84\/100|[from] item: Rocky Helmet|[of] p1a: Amoonguss\n|move|p1a: Amoonguss|Pollen Puff|p2b: Pawmot\n|-resisted|p2b: Pawmot\n|-damage|p2b: Pawmot|0 fnt\n|faint|p2b: Pawmot\n|\n|-heal|p1b: Terapagos|74\/100|[from] item: Leftovers\n|upkeep\n|\n|t:|1737566615\n|switch|p2b: Chi-Yu|Chi-Yu, L50|50\/100\n|-ability|p2b: Chi-Yu|Beads of Ruin\n|turn|5\n|\n|t:|1737566630\n|move|p1a: Amoonguss|Protect|p1a: Amoonguss\n|-singleturn|p1a: Amoonguss|Protect\n|move|p2b: Chi-Yu|Snarl|p1b: Terapagos|[spread] p1b\n|-activate|p1a: Amoonguss|move: Protect\n|-damage|p1b: Terapagos|58\/100\n|-unboost|p1b: Terapagos|spa|1\n|move|p1b: Terapagos|Tera Starstorm|p2b: Chi-Yu|[spread] p2a,p2b\n|-damage|p2a: Dragonite|64\/100\n|-damage|p2b: Chi-Yu|28\/100\n|move|p2a: Dragonite|Aerial Ace|p1a: Amoonguss\n|-activate|p1a: Amoonguss|move: Protect\n|\n|-heal|p1b: Terapagos|64\/100|[from] item: Leftovers\n|upkeep\n|turn|6\n|inactive|CombatWombat925 has 30 seconds left.\n|\n|t:|1737566661\n|move|p1a: Amoonguss|Rage Powder|p1a: Amoonguss\n|-singleturn|p1a: Amoonguss|move: Rage Powder\n|move|p2b: Chi-Yu|Snarl|p1a: Amoonguss|[spread] p1a,p1b\n|-damage|p1a: Amoonguss|22\/100\n|-damage|p1b: Terapagos|47\/100\n|-unboost|p1a: Amoonguss|spa|1\n|-unboost|p1b: Terapagos|spa|1\n|move|p1b: Terapagos|Tera Starstorm|p2b: Chi-Yu|[spread] p2a,p2b\n|-crit|p2b: Chi-Yu\n|-damage|p2a: Dragonite|44\/100\n|-damage|p2b: Chi-Yu|0 fnt\n|faint|p2b: Chi-Yu\n|move|p2a: Dragonite|Aerial Ace|p1a: Amoonguss\n|-supereffective|p1a: Amoonguss\n|-damage|p1a: Amoonguss|0 fnt\n|-damage|p2a: Dragonite|28\/100|[from] item: Rocky Helmet|[of] p1a: Amoonguss\n|faint|p1a: Amoonguss\n|\n|-heal|p1b: Terapagos|53\/100|[from] item: Leftovers\n|upkeep\n|turn|7\n|\n|t:|1737566670\n|move|p1b: Terapagos|Protect|p1b: Terapagos\n|-singleturn|p1b: Terapagos|Protect\n|move|p2a: Dragonite|Aerial Ace|p1b: Terapagos\n|-activate|p1b: Terapagos|move: Protect\n|\n|-heal|p1b: Terapagos|59\/100|[from] item: Leftovers\n|upkeep\n|turn|8\n|\n|t:|1737566677\n|move|p1b: Terapagos|Tera Starstorm|p2a: Dragonite\n|-damage|p2a: Dragonite|0 fnt\n|faint|p2a: Dragonite\n|\n|win|CombatWombat925\n|raw|CombatWombat925's rating: 1547 &rarr; <strong>1569<\/strong><br \/>(+22 for winning)\n|raw|Crysantimo's rating: 1578 &rarr; <strong>1556<\/strong><br \/>(-22 for losing)\n|l|\u2606CombatWombat925\n|player|p1|\n","uploadtime":1737566861,"views":12,"formatid":"gen9vgc2025regg","rating":1556,"private":0,"password":null}