{"id":"gen9vgc2025regg-2286606440","format":"[Gen 9] VGC 2025 Reg G","players":["mark gatling","meanrook"],"log":"|j|\u2606mark gatling\n|j|\u2606meanrook\n|t:|1737635491\n|gametype|doubles\n|player|p1|mark gatling|acetrainerf-gen4|1550\n|player|p2|meanrook|aetherfoundation|1628\n|teamsize|p1|6\n|teamsize|p2|6\n|gen|9\n|tier|[Gen 9] VGC 2025 Reg G\n|rated|\n|rule|Species Clause: Limit one of each Pok\u00e9mon\n|rule|Item Clause: Limit 1 of each item\n|clearpoke\n|poke|p1|Calyrex-Ice, L50|\n|poke|p1|Kingambit, L50, M|\n|poke|p1|Clefairy, L50, M|\n|poke|p1|Raging Bolt, L50|\n|poke|p1|Rillaboom, L50, F|\n|poke|p1|Urshifu-*, L50, M|\n|poke|p2|Miraidon, L50|\n|poke|p2|Farigiraf, L50, M|\n|poke|p2|Whimsicott, L50, F|\n|poke|p2|Urshifu-*, L50, M|\n|poke|p2|Iron Hands, L50|\n|poke|p2|Entei, L50|\n|teampreview|4\n|inactive|Battle timer is ON: inactive players will automatically lose when time's up. (requested by mark gatling)\nmark gatling has agreed to open team sheets.\n|j| oscarbolt\n|j| summerdog\nmeanrook rejected open team sheets.\n|inactive|mark gatling has 60 seconds left.\n|\n|t:|1737635535\n|start\n|switch|p1a: Calyrex|Calyrex-Ice, L50|100\/100\n|switch|p1b: Rillaboom|Rillaboom, L50, F|100\/100\n|switch|p2a: Farigiraf|Farigiraf, L50, M|100\/100\n|switch|p2b: Entei|Entei, L50|100\/100\n|-ability|p1a: Calyrex|As One\n|-ability|p1a: Calyrex|Unnerve\n|-fieldstart|move: Grassy Terrain|[from] ability: Grassy Surge|[of] p1b: Rillaboom\n|turn|1\n|\n|t:|1737635558\n|switch|p1b: Clefairy|Clefairy, L50, M|100\/100\n|-terastallize|p1a: Calyrex|Water\n|move|p2b: Entei|Sacred Fire|p1b: Clefairy\n|-damage|p1b: Clefairy|7\/100\n|move|p2a: Farigiraf|Foul Play|p1a: Calyrex\n|-damage|p1a: Calyrex|79\/100\n|move|p1a: Calyrex|Glacial Lance|p2b: Entei|[spread] p2a,p2b\n|-resisted|p2b: Entei\n|-damage|p2a: Farigiraf|55\/100\n|-damage|p2b: Entei|66\/100\n|\n|-heal|p2b: Entei|72\/100|[from] Grassy Terrain\n|-heal|p2a: Farigiraf|62\/100|[from] Grassy Terrain\n|-heal|p1b: Clefairy|13\/100|[from] Grassy Terrain\n|-heal|p1a: Calyrex|85\/100|[from] Grassy Terrain\n|upkeep\n|turn|2\n|j| Kal0stest\n|\n|t:|1737635578\n|move|p1b: Clefairy|Protect|p1b: Clefairy\n|-singleturn|p1b: Clefairy|Protect\n|move|p2b: Entei|Sacred Fire|p1b: Clefairy\n|-activate|p1b: Clefairy|move: Protect\n|move|p2a: Farigiraf|Foul Play|p1a: Calyrex\n|-damage|p1a: Calyrex|64\/100\n|move|p1a: Calyrex|Trick Room|p1a: Calyrex\n|-fieldstart|move: Trick Room|[of] p1a: Calyrex\n|\n|-heal|p1a: Calyrex|70\/100|[from] Grassy Terrain\n|-heal|p1b: Clefairy|20\/100|[from] Grassy Terrain\n|-heal|p2a: Farigiraf|68\/100|[from] Grassy Terrain\n|-heal|p2b: Entei|78\/100|[from] Grassy Terrain\n|upkeep\n|turn|3\n|\n|t:|1737635599\n|move|p1a: Calyrex|High Horsepower|p2b: Entei\n|-supereffective|p2b: Entei\n|-damage|p2b: Entei|0 fnt\n|faint|p2b: Entei\n|-ability|p1a: Calyrex|Chilling Neigh|boost\n|-boost|p1a: Calyrex|atk|1\n|move|p1b: Clefairy|Heal Pulse|p1a: Calyrex\n|-heal|p1a: Calyrex|100\/100\n|move|p2a: Farigiraf|Trick Room|p2a: Farigiraf\n|-fieldend|move: Trick Room\n|\n|-heal|p2a: Farigiraf|74\/100|[from] Grassy Terrain\n|-heal|p1b: Clefairy|26\/100|[from] Grassy Terrain\n|upkeep\n|\n|t:|1737635603\n|switch|p2b: Miraidon|Miraidon, L50|100\/100\n|-fieldstart|move: Electric Terrain|[from] ability: Hadron Engine|[of] p2b: Miraidon\n|-enditem|p2a: Farigiraf|Electric Seed\n|-boost|p2a: Farigiraf|def|1|[from] item: Electric Seed\n|turn|4\n|\n|t:|1737635616\n|move|p1b: Clefairy|Follow Me|p1b: Clefairy\n|-singleturn|p1b: Clefairy|move: Follow Me\n|move|p2b: Miraidon|Volt Switch|p1b: Clefairy\n|-damage|p1b: Clefairy|0 fnt\n|faint|p1b: Clefairy\n|\n|t:|1737635619\n|switch|p2b: Urshifu|Urshifu, L50, M|100\/100|[from] Volt Switch\n|move|p2a: Farigiraf|Foul Play|p1a: Calyrex\n|-damage|p1a: Calyrex|64\/100\n|move|p1a: Calyrex|Trick Room|p1a: Calyrex\n|-fieldstart|move: Trick Room|[of] p1a: Calyrex\n|\n|upkeep\n|\n|t:|1737635629\n|switch|p1b: Rillaboom|Rillaboom, L50, F|100\/100\n|-fieldstart|move: Grassy Terrain|[from] ability: Grassy Surge|[of] p1b: Rillaboom\n|turn|5\n|\n|t:|1737635642\n|move|p2b: Urshifu|Detect|p2b: Urshifu\n|-singleturn|p2b: Urshifu|Protect\n|move|p1a: Calyrex|Glacial Lance|p2a: Farigiraf|[spread] p2a\n|-activate|p2b: Urshifu|move: Protect\n|-damage|p2a: Farigiraf|29\/100\n|move|p2a: Farigiraf|Foul Play|p1a: Calyrex\n|-damage|p1a: Calyrex|22\/100\n|move|p1b: Rillaboom|Wood Hammer|p2a: Farigiraf\n|-damage|p2a: Farigiraf|0 fnt\n|faint|p2a: Farigiraf\n|-damage|p1b: Rillaboom|90\/100|[from] Recoil\n|\n|-heal|p1a: Calyrex|28\/100|[from] Grassy Terrain\n|-heal|p1b: Rillaboom|96\/100|[from] Grassy Terrain\n|upkeep\n|\n|t:|1737635647\n|switch|p2a: Miraidon|Miraidon, L50|100\/100\n|-fieldstart|move: Electric Terrain|[from] ability: Hadron Engine|[of] p2a: Miraidon\n|turn|6\n|\n|t:|1737635668\n|switch|p1b: Raging Bolt|Raging Bolt, L50|100\/100\n|-enditem|p1b: Raging Bolt|Booster Energy\n|-activate|p1b: Raging Bolt|ability: Protosynthesis|[fromitem]\n|-start|p1b: Raging Bolt|protosynthesisspa\n|-terastallize|p2b: Urshifu|Dark\n|move|p2b: Urshifu|Sucker Punch|p1a: Calyrex\n|-damage|p1a: Calyrex|0 fnt\n|faint|p1a: Calyrex\n|move|p2a: Miraidon|Draco Meteor|p1b: Raging Bolt\n|-supereffective|p1b: Raging Bolt\n|-damage|p1b: Raging Bolt|0 fnt\n|-unboost|p2a: Miraidon|spa|2\n|faint|p1b: Raging Bolt\n|-end|p1b: Raging Bolt|Protosynthesis|[silent]\n|\n|upkeep\n|\n|t:|1737635680\n|switch|p1a: Rillaboom|Rillaboom, L50, F|96\/100\n|-fieldstart|move: Grassy Terrain|[from] ability: Grassy Surge|[of] p1a: Rillaboom\n|turn|7\n|\n|t:|1737635685\n|move|p2b: Urshifu|Detect|p2b: Urshifu\n|-singleturn|p2b: Urshifu|Protect\n|move|p1a: Rillaboom|Fake Out|p2b: Urshifu\n|-activate|p2b: Urshifu|move: Protect\n|move|p2a: Miraidon|Draco Meteor|p1a: Rillaboom\n|-damage|p1a: Rillaboom|59\/100\n|-unboost|p2a: Miraidon|spa|2\n|\n|-heal|p1a: Rillaboom|65\/100|[from] Grassy Terrain\n|upkeep\n|turn|8\n|\n|t:|1737635691\n|move|p1a: Rillaboom|Wood Hammer|p2b: Urshifu\n|-damage|p2b: Urshifu|11\/100\n|-damage|p1a: Rillaboom|40\/100|[from] Recoil\n|move|p2b: Urshifu|Wicked Blow|p1a: Rillaboom\n|-crit|p1a: Rillaboom\n|-damage|p1a: Rillaboom|0 fnt\n|faint|p1a: Rillaboom\n|\n|win|meanrook\n|raw|mark gatling's rating: 1550 &rarr; <strong>1534<\/strong><br \/>(-16 for losing)\n|raw|meanrook's rating: 1628 &rarr; <strong>1644<\/strong><br \/>(+16 for winning)\n|l|\u2606mark gatling\n|player|p1|\n|l|\u2606meanrook\n|player|p2|\n|l| oscarbolt\n|l| Kal0stest\n","uploadtime":1737635937,"views":5,"formatid":"gen9vgc2025regg","rating":1534,"private":0,"password":null}