{"id":"gen9vgc2025regg-2286605476","format":"[Gen 9] VGC 2025 Reg G","players":["meanrook","pig duck eater"],"log":"|j|\u2606meanrook\n|j|\u2606pig duck eater\n|t:|1737635344\n|gametype|doubles\n|player|p1|meanrook|aetherfoundation|1651\n|player|p2|pig duck eater|266|1597\n|teamsize|p1|6\n|teamsize|p2|6\n|gen|9\n|tier|[Gen 9] VGC 2025 Reg G\n|rated|\n|rule|Species Clause: Limit one of each Pok\u00e9mon\n|rule|Item Clause: Limit 1 of each item\n|clearpoke\n|poke|p1|Miraidon, L50|\n|poke|p1|Farigiraf, L50, F|\n|poke|p1|Whimsicott, L50, M|\n|poke|p1|Urshifu-*, L50, M|\n|poke|p1|Iron Hands, L50|\n|poke|p1|Entei, L50|\n|poke|p2|Wyrdeer, L50, M|\n|poke|p2|Weezing-Galar, L50, F|\n|poke|p2|Baxcalibur, L50, F|\n|poke|p2|Kyogre, L50|\n|poke|p2|Indeedee-F, L50, F|\n|poke|p2|Garganacl, L50, F|\n|teampreview|4\n|\n|t:|1737635365\n|start\n|switch|p1a: Entei|Entei, L50|100\/100\n|switch|p1b: Urshifu|Urshifu, L50, M|100\/100\n|switch|p2a: Baxcalibur|Baxcalibur, L50, F|100\/100\n|switch|p2b: Indeedee|Indeedee-F, L50, F|100\/100\n|-fieldstart|move: Psychic Terrain|[from] ability: Psychic Surge|[of] p2b: Indeedee\n|-enditem|p2b: Indeedee|Psychic Seed\n|-boost|p2b: Indeedee|spd|1|[from] item: Psychic Seed\n|turn|1\n|\n|t:|1737635380\n|move|p2b: Indeedee|Follow Me|p2b: Indeedee\n|-singleturn|p2b: Indeedee|move: Follow Me\n|move|p2a: Baxcalibur|Swords Dance|p2a: Baxcalibur\n|-boost|p2a: Baxcalibur|atk|2\n|move|p1a: Entei|Sacred Fire|p2b: Indeedee\n|-damage|p2b: Indeedee|28\/100\n|-status|p2b: Indeedee|brn\n|move|p1b: Urshifu|Wicked Blow|p2b: Indeedee\n|-supereffective|p2b: Indeedee\n|-crit|p2b: Indeedee\n|-damage|p2b: Indeedee|0 fnt\n|faint|p2b: Indeedee\n|\n|upkeep\n|\n|t:|1737635392\n|switch|p2b: Kyogre|Kyogre, L50|100\/100\n|-weather|RainDance|[from] ability: Drizzle|[of] p2b: Kyogre\n|turn|2\n|\n|t:|1737635403\n|move|p1b: Urshifu|Detect|p1b: Urshifu\n|-singleturn|p1b: Urshifu|Protect\n|move|p2b: Kyogre|Water Spout|p1a: Entei|[spread] p1a\n|-activate|p1b: Urshifu|move: Protect\n|-supereffective|p1a: Entei\n|-damage|p1a: Entei|0 fnt\n|faint|p1a: Entei\n|move|p2a: Baxcalibur|Scale Shot|p1b: Urshifu\n|-activate|p1b: Urshifu|move: Protect\n|\n|-weather|RainDance|[upkeep]\n|upkeep\n|\n|t:|1737635409\n|switch|p1a: Miraidon|Miraidon, L50|100\/100\n|-fieldstart|move: Electric Terrain|[from] ability: Hadron Engine|[of] p1a: Miraidon\n|turn|3\n|j| summerdog\n|inactive|Battle timer is ON: inactive players will automatically lose when time's up. (requested by meanrook)\n|\n|t:|1737635432\n|-terastallize|p2b: Kyogre|Water\n|-terastallize|p1a: Miraidon|Fairy\n|move|p2a: Baxcalibur|Protect|p2a: Baxcalibur\n|-singleturn|p2a: Baxcalibur|Protect\n|move|p2b: Kyogre|Water Spout|p1b: Urshifu|[spread] p1a,p1b\n|-crit|p1a: Miraidon\n|-damage|p1a: Miraidon|0 fnt\n|-enditem|p1b: Urshifu|Focus Sash\n|-damage|p1b: Urshifu|1\/100\n|faint|p1a: Miraidon\n|move|p1b: Urshifu|Wicked Blow|p2b: Kyogre\n|-crit|p2b: Kyogre\n|-damage|p2b: Kyogre|34\/100\n|\n|-weather|RainDance|[upkeep]\n|upkeep\n|\n|t:|1737635440\n|switch|p1a: Iron Hands|Iron Hands, L50|100\/100\n|-activate|p1a: Iron Hands|ability: Quark Drive\n|-start|p1a: Iron Hands|quarkdriveatk\n|turn|4\n|\n|t:|1737635449\n|move|p1a: Iron Hands|Fake Out|p2a: Baxcalibur\n|-damage|p2a: Baxcalibur|79\/100\n|move|p1b: Urshifu|Sucker Punch|p2b: Kyogre\n|-damage|p2b: Kyogre|0 fnt\n|faint|p2b: Kyogre\n|cant|p2a: Baxcalibur|flinch\n|\n|-weather|RainDance|[upkeep]\n|upkeep\n|\n|t:|1737635451\n|switch|p2b: Weezing|Weezing-Galar, L50, F|100\/100\n|-ability|p2b: Weezing|Neutralizing Gas\n|turn|5\n|\n|t:|1737635460\n|move|p1b: Urshifu|Detect|p1b: Urshifu\n|-singleturn|p1b: Urshifu|Protect\n|move|p2a: Baxcalibur|Icicle Spear|p1a: Iron Hands\n|-damage|p1a: Iron Hands|83\/100\n|-damage|p1a: Iron Hands|65\/100\n|-damage|p1a: Iron Hands|46\/100\n|-damage|p1a: Iron Hands|28\/100\n|-hitcount|p1a: Iron Hands|4\n|move|p2b: Weezing|Play Rough|p1a: Iron Hands\n|-supereffective|p1a: Iron Hands\n|-damage|p1a: Iron Hands|0 fnt\n|faint|p1a: Iron Hands\n|-end|p1a: Iron Hands|Quark Drive|[silent]\n|\n|-weather|RainDance|[upkeep]\n|upkeep\n|turn|6\n|-message|meanrook forfeited.\n|\n|win|pig duck eater\n|raw|meanrook's rating: 1651 &rarr; <strong>1628<\/strong><br \/>(-23 for losing)\n|raw|pig duck eater's rating: 1597 &rarr; <strong>1620<\/strong><br \/>(+23 for winning)\n|l|\u2606pig duck eater\n|player|p2|\n|l|\u2606meanrook\n|player|p1|\n","uploadtime":1737635661,"views":11,"formatid":"gen9vgc2025regg","rating":1620,"private":0,"password":null}