{"id":"gen9vgc2025regg-2286277575","format":"[Gen 9] VGC 2025 Reg G","players":["something123","TonyPajamas16"],"log":"|j|\u2606something123\n|j|\u2606TonyPajamas16\n|t:|1737585883\n|gametype|doubles\n|player|p1|something123|101|1785\n|player|p2|TonyPajamas16|170|1778\n|teamsize|p1|6\n|teamsize|p2|6\n|gen|9\n|tier|[Gen 9] VGC 2025 Reg G\n|rated|\n|rule|Species Clause: Limit one of each Pok\u00e9mon\n|rule|Item Clause: Limit 1 of each item\n|clearpoke\n|poke|p1|Farigiraf, L50, F|\n|poke|p1|Landorus, L50, M|\n|poke|p1|Calyrex-Ice, L50|\n|poke|p1|Ogerpon-Cornerstone, L50, F|\n|poke|p1|Urshifu-*, L50, F|\n|poke|p1|Regieleki, L50|\n|poke|p2|Groudon, L50|\n|poke|p2|Sableye, L50, F|\n|poke|p2|Rillaboom, L50, F|\n|poke|p2|Gouging Fire, L50|\n|poke|p2|Raging Bolt, L50|\n|poke|p2|Scream Tail, L50|\n|teampreview|4\n|\n|t:|1737585948\n|start\n|switch|p1a: Ogerpon|Ogerpon-Cornerstone, L50, F|100\/100\n|switch|p1b: Landorus|Landorus, L50, M|100\/100\n|switch|p2a: Scream Tail|Scream Tail, L50, shiny|100\/100\n|switch|p2b: Sableye|Sableye, L50, F, shiny|100\/100\n|-enditem|p2a: Scream Tail|Booster Energy\n|-activate|p2a: Scream Tail|ability: Protosynthesis|[fromitem]\n|-start|p2a: Scream Tail|protosynthesisspe\n|turn|1\n|\n|t:|1737585976\n|switch|p1a: Farigiraf|Farigiraf, L50, F|100\/100\n|move|p2b: Sableye|Gravity|p2b: Sableye\n|-fieldstart|move: Gravity\n|move|p2a: Scream Tail|Sing|p1b: Landorus\n|-status|p1b: Landorus|slp|[from] move: Sing\n|cant|p1b: Landorus|slp\n|\n|upkeep\n|turn|2\n|\n|t:|1737585993\n|switch|p2b: Groudon|Groudon, L50|100\/100\n|-weather|SunnyDay|[from] ability: Drought|[of] p2b: Groudon\n|move|p2a: Scream Tail|Play Rough|p1b: Landorus\n|-damage|p1b: Landorus|74\/100 slp\n|cant|p1b: Landorus|slp\n|move|p1a: Farigiraf|Trick Room|p1a: Farigiraf\n|-fieldstart|move: Trick Room|[of] p1a: Farigiraf\n|\n|-weather|SunnyDay|[upkeep]\n|upkeep\n|turn|3\n|j| Sorry Im Trapped\n|j| ferdomgar97\n|inactive|Battle timer is ON: inactive players will automatically lose when time's up. (requested by TonyPajamas16)\n|l| ferdomgar97\n|inactive|something123 has 60 seconds left.\n|\n|t:|1737586088\n|move|p1a: Farigiraf|Psychic|p2b: Groudon\n|-damage|p2b: Groudon|74\/100\n|move|p2b: Groudon|Precipice Blades|p1a: Farigiraf|[spread] p1a,p1b\n|-damage|p1a: Farigiraf|46\/100\n|-damage|p1b: Landorus|11\/100 slp\n|-curestatus|p1b: Landorus|slp|[msg]\n|move|p1b: Landorus|Sandsear Storm|p2b: Groudon|[spread] p2a,p2b\n|-damage|p2a: Scream Tail|58\/100\n|-damage|p2b: Groudon|40\/100\n|move|p2a: Scream Tail|Sing|p1a: Farigiraf\n|-status|p1a: Farigiraf|slp|[from] move: Sing\n|\n|-weather|SunnyDay|[upkeep]\n|upkeep\n|turn|4\n|inactive|TonyPajamas16 has 30 seconds left.\n|\n|t:|1737586121\n|-end|p2a: Scream Tail|Protosynthesis|[silent]\n|switch|p2a: Sableye|Sableye, L50, F, shiny|100\/100\n|move|p1b: Landorus|Protect|p1b: Landorus\n|-singleturn|p1b: Landorus|Protect\n|cant|p1a: Farigiraf|slp\n|move|p2b: Groudon|Precipice Blades|p1a: Farigiraf|[spread] p1a\n|-activate|p1b: Landorus|move: Protect\n|-damage|p1a: Farigiraf|0 fnt\n|faint|p1a: Farigiraf\n|\n|-weather|SunnyDay|[upkeep]\n|upkeep\n|\n|t:|1737586130\n|switch|p1a: Calyrex|Calyrex-Ice, L50|100\/100\n|-ability|p1a: Calyrex|As One\n|-ability|p1a: Calyrex|Unnerve\n|turn|5\n|j| groudon specs\n|j| ferdomgar97\n|\n|t:|1737586146\n|-terastallize|p2b: Groudon|Fire\n|move|p2a: Sableye|Encore|p1b: Landorus\n|-start|p1b: Landorus|Encore\n|move|p1a: Calyrex|Glacial Lance|p2b: Groudon|[spread] p2a,p2b\n|-resisted|p2b: Groudon\n|-crit|p2b: Groudon\n|-damage|p2a: Sableye|20\/100\n|-damage|p2b: Groudon|7\/100\n|-enditem|p2a: Sableye|Eject Button\n|\n|t:|1737586161\n|switch|p2a: Scream Tail|Scream Tail, L50, shiny|58\/100\n|-activate|p2a: Scream Tail|ability: Protosynthesis\n|-start|p2a: Scream Tail|protosynthesisspe\n|move|p2b: Groudon|Fire Punch|p1a: Calyrex\n|-supereffective|p1a: Calyrex\n|-damage|p1a: Calyrex|11\/100\n|move|p1b: Landorus|Protect||[still]\n|-fail|p1b: Landorus\n|\n|-weather|SunnyDay|[upkeep]\n|-fieldend|move: Gravity\n|upkeep\n|turn|6\n|inactive|TonyPajamas16 has 30 seconds left.\n|inactive|TonyPajamas16 has 20 seconds left.\n|inactive|TonyPajamas16 has 15 seconds left.\n|\n|t:|1737586204\n|switch|p1b: Ogerpon|Ogerpon-Cornerstone, L50, F|100\/100\n|move|p1a: Calyrex|Glacial Lance|p2b: Groudon|[spread] p2a,p2b\n|-resisted|p2b: Groudon\n|-damage|p2a: Scream Tail|0 fnt\n|-damage|p2b: Groudon|0 fnt\n|faint|p2a: Scream Tail\n|-end|p2a: Scream Tail|Protosynthesis|[silent]\n|faint|p2b: Groudon\n|-ability|p1a: Calyrex|Chilling Neigh|boost\n|-boost|p1a: Calyrex|atk|2\n|\n|-weather|none\n|-fieldend|move: Trick Room\n|upkeep\n|\n|t:|1737586214\n|switch|p2a: Gouging Fire|Gouging Fire, L50|100\/100\n|switch|p2b: Sableye|Sableye, L50, F, shiny|20\/100\n|turn|7\n|inactive|something123 has 30 seconds left.\n|inactive|TonyPajamas16 has 30 seconds left.\n|inactive|something123 has 20 seconds left.\n|inactive|TonyPajamas16 has 20 seconds left.\n|\n|t:|1737586250\n|-terastallize|p1b: Ogerpon|Rock\n|detailschange|p1b: Ogerpon|Ogerpon-Cornerstone-Tera, L50, F, tera:Rock\n|-ability|p1b: Ogerpon|Embody Aspect (Cornerstone)|boost\n|-boost|p1b: Ogerpon|def|1\n|move|p2a: Gouging Fire|Protect|p2a: Gouging Fire\n|-singleturn|p2a: Gouging Fire|Protect\n|move|p2b: Sableye|Sunny Day|p2b: Sableye\n|-weather|SunnyDay\n|-activate|p2a: Gouging Fire|ability: Protosynthesis\n|-start|p2a: Gouging Fire|protosynthesisspe\n|move|p1b: Ogerpon|Ivy Cudgel|p2a: Gouging Fire|[anim] Ivy Cudgel Rock\n|-activate|p2a: Gouging Fire|move: Protect\n|move|p1a: Calyrex|Glacial Lance|p2a: Gouging Fire|[spread] p2b\n|-activate|p2a: Gouging Fire|move: Protect\n|-damage|p2b: Sableye|0 fnt\n|faint|p2b: Sableye\n|-ability|p1a: Calyrex|Chilling Neigh|boost\n|-boost|p1a: Calyrex|atk|1\n|\n|-weather|SunnyDay|[upkeep]\n|upkeep\n|turn|8\n|\n|t:|1737586269\n|move|p2a: Gouging Fire|Breaking Swipe|p1b: Ogerpon|[spread] p1a,p1b\n|-damage|p1a: Calyrex|0 fnt\n|-damage|p1b: Ogerpon|83\/100\n|-unboost|p1b: Ogerpon|atk|1\n|faint|p1a: Calyrex\n|move|p1b: Ogerpon|Ivy Cudgel|p2a: Gouging Fire|[anim] Ivy Cudgel Rock\n|-supereffective|p2a: Gouging Fire\n|-damage|p2a: Gouging Fire|10\/100\n|\n|-weather|SunnyDay|[upkeep]\n|upkeep\n|\n|t:|1737586277\n|switch|p1a: Landorus|Landorus, L50, M|11\/100\n|turn|9\n|\n|t:|1737586282\n|move|p2a: Gouging Fire|Breaking Swipe|p1b: Ogerpon|[spread] p1a,p1b\n|-damage|p1a: Landorus|0 fnt\n|-damage|p1b: Ogerpon|64\/100\n|-unboost|p1b: Ogerpon|atk|1\n|faint|p1a: Landorus\n|move|p1b: Ogerpon|Ivy Cudgel|p2a: Gouging Fire|[anim] Ivy Cudgel Rock\n|-supereffective|p2a: Gouging Fire\n|-damage|p2a: Gouging Fire|0 fnt\n|faint|p2a: Gouging Fire\n|-end|p2a: Gouging Fire|Protosynthesis|[silent]\n|\n|win|something123\n|raw|something123's rating: 1785 &rarr; <strong>1805<\/strong><br \/>(+20 for winning)\n|raw|TonyPajamas16's rating: 1778 &rarr; <strong>1758<\/strong><br \/>(-20 for losing)\n|l| ferdomgar97\n|l|\u2606TonyPajamas16\n|player|p2|\n|l| Sorry Im Trapped\n|l| groudon specs\n|l|\u2606something123\n|player|p1|\n","uploadtime":1737586463,"views":254,"formatid":"gen9vgc2025regg","rating":1758,"private":0,"password":null}