{"id":"gen9vgc2025regg-2286251478","format":"[Gen 9] VGC 2025 Reg G","players":["Spottedwoot","calltheauditor"],"log":"|j|\u2606Spottedwoot\n|j|\u2606calltheauditor\n|t:|1737582981\n|gametype|doubles\n|player|p1|Spottedwoot|2|1597\n|player|p2|calltheauditor|170|1566\n|teamsize|p1|6\n|teamsize|p2|6\n|gen|9\n|tier|[Gen 9] VGC 2025 Reg G\n|rated|\n|rule|Species Clause: Limit one of each Pok\u00e9mon\n|rule|Item Clause: Limit 1 of each item\n|clearpoke\n|poke|p1|Calyrex-Shadow, L50|\n|poke|p1|Rillaboom, L50, M|\n|poke|p1|Urshifu-*, L50, M|\n|poke|p1|Incineroar, L50, M|\n|poke|p1|Clefairy, L50, F|\n|poke|p1|Raging Bolt, L50|\n|poke|p2|Zamazenta-*, L50|\n|poke|p2|Rillaboom, L50, F|\n|poke|p2|Chien-Pao, L50|\n|poke|p2|Roaring Moon, L50|\n|poke|p2|Urshifu-*, L50, M|\n|poke|p2|Chi-Yu, L50|\n|teampreview|4\n|j| Fromen_G\n|\n|t:|1737583008\n|start\n|switch|p1a: Calyrex|Calyrex-Shadow, L50|100\/100\n|switch|p1b: Urshifu|Urshifu-Rapid-Strike, L50, M|100\/100\n|switch|p2a: Roaring Moon|Roaring Moon, L50|100\/100\n|switch|p2b: Chi-Yu|Chi-Yu, L50|100\/100\n|-ability|p1a: Calyrex|As One\n|-ability|p1a: Calyrex|Unnerve\n|-ability|p2b: Chi-Yu|Beads of Ruin\n|-enditem|p2a: Roaring Moon|Booster Energy\n|-activate|p2a: Roaring Moon|ability: Protosynthesis|[fromitem]\n|-start|p2a: Roaring Moon|protosynthesisspe\n|turn|1\n|\n|t:|1737583035\n|-terastallize|p2a: Roaring Moon|Flying\n|-terastallize|p1a: Calyrex|Fairy\n|move|p2a: Roaring Moon|Acrobatics|p1b: Urshifu\n|-supereffective|p1b: Urshifu\n|-damage|p1b: Urshifu|0 fnt\n|faint|p1b: Urshifu\n|move|p2b: Chi-Yu|Snarl|p1a: Calyrex\n|-resisted|p1a: Calyrex\n|-crit|p1a: Calyrex\n|-damage|p1a: Calyrex|71\/100\n|-unboost|p1a: Calyrex|spa|1\n|move|p1a: Calyrex|Nasty Plot|p1a: Calyrex\n|-boost|p1a: Calyrex|spa|2\n|\n|upkeep\n|\n|t:|1737583041\n|switch|p1b: Clefairy|Clefairy, L50, F|100\/100\n|turn|2\n|\n|t:|1737583056\n|move|p1b: Clefairy|Helping Hand|p1a: Calyrex\n|-singleturn|p1a: Calyrex|Helping Hand|[of] p1b: Clefairy\n|move|p2a: Roaring Moon|Knock Off|p1b: Clefairy\n|-resisted|p1b: Clefairy\n|-damage|p1b: Clefairy|77\/100\n|-enditem|p1b: Clefairy|Eviolite|[from] move: Knock Off|[of] p2a: Roaring Moon\n|move|p2b: Chi-Yu|Snarl|p1a: Calyrex|[spread] p1a,p1b\n|-resisted|p1a: Calyrex\n|-resisted|p1b: Clefairy\n|-damage|p1a: Calyrex|59\/100\n|-damage|p1b: Clefairy|62\/100\n|-unboost|p1a: Calyrex|spa|1\n|-unboost|p1b: Clefairy|spa|1\n|move|p1a: Calyrex|Astral Barrage|p2b: Chi-Yu|[spread] p2a,p2b\n|-resisted|p2b: Chi-Yu\n|-damage|p2a: Roaring Moon|0 fnt\n|-damage|p2b: Chi-Yu|38\/100\n|faint|p2a: Roaring Moon\n|-end|p2a: Roaring Moon|Protosynthesis|[silent]\n|-ability|p1a: Calyrex|Grim Neigh|boost\n|-boost|p1a: Calyrex|spa|1\n|-damage|p1a: Calyrex|50\/100|[from] item: Life Orb\n|\n|upkeep\n|l| Fromen_G\n|inactive|Battle timer is ON: inactive players will automatically lose when time's up. (requested by Spottedwoot)\n|\n|t:|1737583082\n|switch|p2a: Zamazenta|Zamazenta-Crowned, L50|100\/100\n|-ability|p2a: Zamazenta|Dauntless Shield|boost\n|-boost|p2a: Zamazenta|def|1\n|turn|3\n|\n|t:|1737583093\n|move|p1b: Clefairy|Helping Hand|p1a: Calyrex\n|-singleturn|p1a: Calyrex|Helping Hand|[of] p1b: Clefairy\n|move|p2b: Chi-Yu|Snarl|p1a: Calyrex|[spread] p1a,p1b\n|-resisted|p1a: Calyrex\n|-resisted|p1b: Clefairy\n|-damage|p1a: Calyrex|39\/100\n|-damage|p1b: Clefairy|47\/100\n|-unboost|p1a: Calyrex|spa|1\n|-unboost|p1b: Clefairy|spa|1\n|move|p1a: Calyrex|Astral Barrage|p2b: Chi-Yu|[spread] p2a,p2b\n|-resisted|p2b: Chi-Yu\n|-damage|p2a: Zamazenta|11\/100\n|-damage|p2b: Chi-Yu|0 fnt\n|faint|p2b: Chi-Yu\n|-ability|p1a: Calyrex|Grim Neigh|boost\n|-boost|p1a: Calyrex|spa|1\n|-damage|p1a: Calyrex|29\/100|[from] item: Life Orb\n|move|p2a: Zamazenta|Heavy Slam|p1b: Clefairy\n|-supereffective|p1b: Clefairy\n|-damage|p1b: Clefairy|0 fnt\n|faint|p1b: Clefairy\n|\n|upkeep\n|\n|t:|1737583104\n|switch|p2b: Chien-Pao|Chien-Pao, L50|100\/100\n|switch|p1b: Raging Bolt|Raging Bolt, L50|100\/100\n|-ability|p2b: Chien-Pao|Sword of Ruin\n|-enditem|p1b: Raging Bolt|Booster Energy\n|-activate|p1b: Raging Bolt|ability: Protosynthesis|[fromitem]\n|-start|p1b: Raging Bolt|protosynthesisspa\n|turn|4\n|\n|t:|1737583114\n|move|p1a: Calyrex|Protect|p1a: Calyrex\n|-singleturn|p1a: Calyrex|Protect\n|move|p2a: Zamazenta|Wide Guard|p2a: Zamazenta\n|-singleturn|p2a: Zamazenta|Wide Guard\n|move|p1b: Raging Bolt|Thunderclap||[still]\n|-fail|p1b: Raging Bolt\n|move|p2b: Chien-Pao|Icicle Crash|p1b: Raging Bolt\n|-supereffective|p1b: Raging Bolt\n|-damage|p1b: Raging Bolt|11\/100\n|\n|upkeep\n|turn|5\n|\n|t:|1737583137\n|move|p2a: Zamazenta|Wide Guard|p2a: Zamazenta\n|-singleturn|p2a: Zamazenta|Wide Guard\n|move|p1a: Calyrex|Psyshock|p2a: Zamazenta\n|-damage|p2a: Zamazenta|0 fnt\n|faint|p2a: Zamazenta\n|-ability|p1a: Calyrex|Grim Neigh|boost\n|-boost|p1a: Calyrex|spa|1\n|-damage|p1a: Calyrex|19\/100|[from] item: Life Orb\n|move|p2b: Chien-Pao|Icicle Crash|p1a: Calyrex\n|-damage|p1a: Calyrex|0 fnt\n|faint|p1a: Calyrex\n|move|p1b: Raging Bolt|Thunderbolt|p2b: Chien-Pao\n|-enditem|p2b: Chien-Pao|Focus Sash\n|-damage|p2b: Chien-Pao|1\/100\n|\n|upkeep\n|turn|6\n|\n|t:|1737583149\n|move|p2b: Chien-Pao|Protect|p2b: Chien-Pao\n|-singleturn|p2b: Chien-Pao|Protect\n|move|p1b: Raging Bolt|Protect||[still]\n|-fail|p1b: Raging Bolt\n|\n|upkeep\n|turn|7\n|\n|t:|1737583158\n|move|p2b: Chien-Pao|Sucker Punch|p1b: Raging Bolt\n|-damage|p1b: Raging Bolt|0 fnt\n|faint|p1b: Raging Bolt\n|-end|p1b: Raging Bolt|Protosynthesis|[silent]\n|\n|win|calltheauditor\n|raw|Spottedwoot's rating: 1597 &rarr; <strong>1575<\/strong><br \/>(-22 for losing)\n|raw|calltheauditor's rating: 1566 &rarr; <strong>1588<\/strong><br \/>(+22 for winning)\n|c|\u2606calltheauditor|GG\n|l|\u2606calltheauditor\n|player|p2|\n|l|\u2606Spottedwoot\n|player|p1|\n","uploadtime":1737583392,"views":3,"formatid":"gen9vgc2025regg","rating":1575,"private":0,"password":null}