{"id":"gen9vgc2025regg-2286907797","format":"[Gen 9] VGC 2025 Reg G","players":["PierreDaSlick","Acblade"],"log":"|j|\u2606PierreDaSlick\n|j|\u2606Acblade\n|t:|1737666965\n|gametype|doubles\n|player|p1|PierreDaSlick|gentleman-gen4|1597\n|player|p2|Acblade|lucas|1688\n|teamsize|p1|6\n|teamsize|p2|6\n|gen|9\n|tier|[Gen 9] VGC 2025 Reg G\n|rated|\n|rule|Species Clause: Limit one of each Pok\u00e9mon\n|rule|Item Clause: Limit 1 of each item\n|clearpoke\n|poke|p1|Weezing, L50, F|\n|poke|p1|Hitmontop, L50, M|\n|poke|p1|Dragonite, L50, F|\n|poke|p1|Entei, L50|\n|poke|p1|Groudon, L50|\n|poke|p1|Flutter Mane, L50|\n|poke|p2|Tornadus, L50, M|\n|poke|p2|Chi-Yu, L50|\n|poke|p2|Flutter Mane, L50|\n|poke|p2|Koraidon, L50|\n|poke|p2|Raging Bolt, L50|\n|poke|p2|Farigiraf, L50, F|\n|teampreview|4\n|inactive|Battle timer is ON: inactive players will automatically lose when time's up. (requested by Acblade)\nPierreDaSlick has agreed to open team sheets.\n|inactive|Acblade has 60 seconds left.\n|\n|t:|1737667020\n|start\n|switch|p1a: Dragonite|Dragonite, L50, F|100\/100\n|switch|p1b: Weezing|Weezing, L50, F|100\/100\n|switch|p2a: Koraidon|Koraidon, L50|100\/100\n|switch|p2b: Flutter Mane|Flutter Mane, L50|100\/100\n|-ability|p1b: Weezing|Neutralizing Gas\n|turn|1\n|\n|t:|1737667045\n|switch|p1a: Groudon|Groudon, L50|100\/100\n|move|p2b: Flutter Mane|Moonblast|p1a: Groudon\n|-damage|p1a: Groudon|49\/100\n|move|p2a: Koraidon|Collision Course|p1a: Groudon\n|-damage|p1a: Groudon|0 fnt\n|faint|p1a: Groudon\n|move|p1b: Weezing|Will-O-Wisp|p2a: Koraidon\n|-status|p2a: Koraidon|brn\n|\n|-damage|p2a: Koraidon|95\/100 brn|[from] brn\n|upkeep\n|\n|t:|1737667063\n|switch|p1a: Flutter Mane|Flutter Mane, L50|100\/100\n|turn|2\n|\n|t:|1737667080\n|-end|p1b: Weezing|ability: Neutralizing Gas\n|-weather|SunnyDay|[from] ability: Orichalcum Pulse|[of] p2a: Koraidon\n|-activate|p2b: Flutter Mane|ability: Protosynthesis\n|-start|p2b: Flutter Mane|protosynthesisspe\n|-activate|p1a: Flutter Mane|ability: Protosynthesis\n|-start|p1a: Flutter Mane|protosynthesisspa\n|-activate|p2a: Koraidon|Orichalcum Pulse|[source]\n|switch|p1b: Dragonite|Dragonite, L50, F|100\/100\n|-terastallize|p2b: Flutter Mane|Fairy\n|-terastallize|p1a: Flutter Mane|Fairy\n|move|p2b: Flutter Mane|Moonblast|p1a: Flutter Mane\n|-enditem|p1a: Flutter Mane|Focus Sash\n|-damage|p1a: Flutter Mane|1\/100\n|move|p2a: Koraidon|Collision Course|p1b: Dragonite\n|-resisted|p1b: Dragonite\n|-damage|p1b: Dragonite|73\/100\n|move|p1a: Flutter Mane|Dazzling Gleam|p2b: Flutter Mane|[spread] p2a,p2b\n|-supereffective|p2a: Koraidon\n|-damage|p2a: Koraidon|0 fnt\n|-damage|p2b: Flutter Mane|40\/100\n|faint|p2a: Koraidon\n|\n|-weather|SunnyDay|[upkeep]\n|upkeep\n|\n|t:|1737667101\n|switch|p2a: Chi-Yu|Chi-Yu, L50|100\/100\n|-ability|p2a: Chi-Yu|Beads of Ruin\n|turn|3\n|j| D-Wrecks\n|\n|t:|1737667114\n|switch|p2a: Farigiraf|Farigiraf, L50, F|100\/100\n|-end|p1a: Flutter Mane|Protosynthesis|[silent]\n|switch|p1a: Weezing|Weezing, L50, F|100\/100\n|-ability|p1a: Weezing|Neutralizing Gas\n|move|p1b: Dragonite|Extreme Speed|p2b: Flutter Mane\n|-damage|p2b: Flutter Mane|0 fnt\n|faint|p2b: Flutter Mane\n|-end|p2b: Flutter Mane|Protosynthesis|[silent]\n|\n|-weather|SunnyDay|[upkeep]\n|upkeep\n|c|\u2606Acblade|cool!\n|\n|t:|1737667132\n|switch|p2b: Chi-Yu|Chi-Yu, L50|100\/100\n|turn|4\n|c|\u2606PierreDaSlick|i see farigiraf in my nightmares\n|\n|t:|1737667150\n|move|p1a: Weezing|Protect|p1a: Weezing\n|-singleturn|p1a: Weezing|Protect\n|move|p1b: Dragonite|Extreme Speed|p2b: Chi-Yu\n|-damage|p2b: Chi-Yu|37\/100\n|move|p2b: Chi-Yu|Heat Wave|p1a: Weezing|[spread] p1b\n|-activate|p1a: Weezing|move: Protect\n|-resisted|p1b: Dragonite\n|-damage|p1b: Dragonite|46\/100\n|move|p2a: Farigiraf|Foul Play|p1b: Dragonite\n|-damage|p1b: Dragonite|11\/100\n|\n|-weather|SunnyDay|[upkeep]\n|upkeep\n|turn|5\n|inactive|Acblade has 30 seconds left.\n|inactive|Acblade has 20 seconds left.\n|c|\u2606Acblade|The use of weezing is pretty cool\n|inactive|Acblade has 15 seconds left.\n|-message|Acblade forfeited.\n|\n|win|PierreDaSlick\n|raw|PierreDaSlick's rating: 1597 &rarr; <strong>1622<\/strong><br \/>(+25 for winning)\n|raw|Acblade's rating: 1688 &rarr; <strong>1663<\/strong><br \/>(-25 for losing)\n|l|\u2606Acblade\n|player|p2|\n|c|\u2606PierreDaSlick|appreciate it\n|l|\u2606PierreDaSlick\n|player|p1|\n|l| D-Wrecks\n","uploadtime":1737667380,"views":19,"formatid":"gen9vgc2025regg","rating":1622,"private":0,"password":null}