{"id":"gen9vgc2025regg-2286515831","format":"[Gen 9] VGC 2025 Reg G","players":["GengarNight_07","Aki Hoshino"],"log":"|j|\u2606GengarNight_07\n|j|\u2606Aki Hoshino\n|t:|1737620128\n|gametype|doubles\n|player|p1|GengarNight_07|265|1538\n|player|p2|Aki Hoshino|aromalady|1711\n|teamsize|p1|6\n|teamsize|p2|6\n|gen|9\n|tier|[Gen 9] VGC 2025 Reg G\n|rated|\n|rule|Species Clause: Limit one of each Pok\u00e9mon\n|rule|Item Clause: Limit 1 of each item\n|clearpoke\n|poke|p1|Groudon, L50|\n|poke|p1|Gastrodon, L50, M|\n|poke|p1|Incineroar, L50, F|\n|poke|p1|Grimmsnarl, L50, M|\n|poke|p1|Raging Bolt, L50|\n|poke|p1|Flutter Mane, L50|\n|poke|p2|Whimsicott, L50, F|\n|poke|p2|Urshifu-*, L50, M|\n|poke|p2|Entei, L50|\n|poke|p2|Flutter Mane, L50|\n|poke|p2|Walking Wake, L50|\n|poke|p2|Calyrex-Ice, L50|\n|teampreview|4\n|\n|t:|1737620174\n|start\n|switch|p1a: Groudon|Groudon, L50|100\/100\n|switch|p1b: Grimmsnarl|Grimmsnarl, L50, M|100\/100\n|switch|p2a: Whimsicott|Whimsicott, L50, F|100\/100\n|switch|p2b: Calyrex|Calyrex-Ice, L50|100\/100\n|-ability|p2b: Calyrex|As One\n|-ability|p2b: Calyrex|Unnerve\n|-weather|SunnyDay|[from] ability: Drought|[of] p1a: Groudon\n|turn|1\n|\n|t:|1737620191\n|-terastallize|p1a: Groudon|Fire\n|move|p1b: Grimmsnarl|Reflect|p1b: Grimmsnarl\n|-sidestart|p1: GengarNight_07|Reflect\n|move|p2a: Whimsicott|Moonblast|p1b: Grimmsnarl\n|-supereffective|p1b: Grimmsnarl\n|-damage|p1b: Grimmsnarl|23\/100\n|move|p1a: Groudon|Heat Crash|p2a: Whimsicott\n|-supereffective|p2a: Whimsicott\n|-crit|p2a: Whimsicott\n|-enditem|p2a: Whimsicott|Focus Sash\n|-damage|p2a: Whimsicott|1\/100\n|move|p2b: Calyrex|Glacial Lance|p1a: Groudon|[spread] p1a,p1b\n|-resisted|p1a: Groudon\n|-damage|p1a: Groudon|89\/100\n|-damage|p1b: Grimmsnarl|0 fnt\n|faint|p1b: Grimmsnarl\n|-ability|p2b: Calyrex|Chilling Neigh|boost\n|-boost|p2b: Calyrex|atk|1\n|\n|-weather|SunnyDay|[upkeep]\n|upkeep\n|\n|t:|1737620198\n|switch|p1b: Flutter Mane|Flutter Mane, L50|100\/100\n|-activate|p1b: Flutter Mane|ability: Protosynthesis\n|-start|p1b: Flutter Mane|protosynthesisspe\n|turn|2\n|\n|t:|1737620226\n|move|p2a: Whimsicott|Tailwind|p2a: Whimsicott\n|-sidestart|p2: Aki Hoshino|move: Tailwind\n|move|p1b: Flutter Mane|Dazzling Gleam|p2a: Whimsicott|[spread] p2a,p2b\n|-damage|p2a: Whimsicott|0 fnt\n|-damage|p2b: Calyrex|74\/100\n|faint|p2a: Whimsicott\n|move|p2b: Calyrex|Glacial Lance|p1a: Groudon|[spread] p1a,p1b\n|-resisted|p1a: Groudon\n|-damage|p1a: Groudon|72\/100\n|-damage|p1b: Flutter Mane|7\/100\n|move|p1a: Groudon|Heat Crash|p2b: Calyrex\n|-supereffective|p2b: Calyrex\n|-damage|p2b: Calyrex|28\/100\n|\n|-weather|SunnyDay|[upkeep]\n|upkeep\n|\n|t:|1737620248\n|switch|p2a: Urshifu|Urshifu, L50, M|100\/100\n|turn|3\n|\n|t:|1737620272\n|move|p2b: Calyrex|Protect|p2b: Calyrex\n|-singleturn|p2b: Calyrex|Protect\n|move|p2a: Urshifu|Wicked Blow|p1b: Flutter Mane\n|-crit|p1b: Flutter Mane\n|-damage|p1b: Flutter Mane|0 fnt\n|faint|p1b: Flutter Mane\n|-end|p1b: Flutter Mane|Protosynthesis|[silent]\n|move|p1a: Groudon|Precipice Blades|p2a: Urshifu|[spread] p2a\n|-activate|p2b: Calyrex|move: Protect\n|-damage|p2a: Urshifu|47\/100\n|\n|-weather|SunnyDay|[upkeep]\n|upkeep\n|\n|t:|1737620283\n|switch|p1b: Raging Bolt|Raging Bolt, L50|100\/100\n|-activate|p1b: Raging Bolt|ability: Protosynthesis\n|-start|p1b: Raging Bolt|protosynthesisspa\n|turn|4\n|\n|t:|1737620302\n|move|p1b: Raging Bolt|Thunderclap|p2b: Calyrex\n|-damage|p2b: Calyrex|0 fnt\n|faint|p2b: Calyrex\n|-damage|p1b: Raging Bolt|91\/100|[from] item: Life Orb\n|move|p2a: Urshifu|Wicked Blow|p1a: Groudon\n|-crit|p1a: Groudon\n|-damage|p1a: Groudon|11\/100\n|move|p1a: Groudon|Heat Crash|p2a: Urshifu\n|-damage|p2a: Urshifu|0 fnt\n|faint|p2a: Urshifu\n|\n|-weather|SunnyDay|[upkeep]\n|upkeep\n|\n|t:|1737620314\n|switch|p2a: Flutter Mane|Flutter Mane, L50|100\/100\n|-activate|p2a: Flutter Mane|ability: Protosynthesis\n|-start|p2a: Flutter Mane|protosynthesisspa\n|turn|5\n|\n|t:|1737620323\n|-terastallize|p2a: Flutter Mane|Fairy\n|move|p1b: Raging Bolt|Thunderclap|p2a: Flutter Mane\n|-damage|p2a: Flutter Mane|38\/100\n|-damage|p1b: Raging Bolt|81\/100|[from] item: Life Orb\n|move|p2a: Flutter Mane|Dazzling Gleam|p1a: Groudon|[spread] p1a,p1b\n|-resisted|p1a: Groudon\n|-supereffective|p1b: Raging Bolt\n|-damage|p1a: Groudon|0 fnt\n|-damage|p1b: Raging Bolt|0 fnt\n|faint|p1a: Groudon\n|faint|p1b: Raging Bolt\n|-end|p1b: Raging Bolt|Protosynthesis|[silent]\n|\n|win|Aki Hoshino\n|raw|GengarNight_07's rating: 1538 &rarr; <strong>1527<\/strong><br \/>(-11 for losing)\n|raw|Aki Hoshino's rating: 1711 &rarr; <strong>1722<\/strong><br \/>(+11 for winning)\n|l|\u2606GengarNight_07\n|player|p1|\n|l|\u2606Aki Hoshino\n|player|p2|\n","uploadtime":1737620548,"views":42,"formatid":"gen9vgc2025regg","rating":1527,"private":0,"password":null}