{"id":"gen9vgc2025regg-2286639318","format":"[Gen 9] VGC 2025 Reg G","players":["onsoni","ZTMY ENCORE"],"log":"|j|\u2606onsoni\n|j|\u2606ZTMY ENCORE\n|t:|1737639958\n|gametype|doubles\n|player|p1|onsoni|hilda-wonderlauncher|1742\n|player|p2|ZTMY ENCORE|2|1718\n|teamsize|p1|6\n|teamsize|p2|6\n|gen|9\n|tier|[Gen 9] VGC 2025 Reg G\n|rated|\n|rule|Species Clause: Limit one of each Pok\u00e9mon\n|rule|Item Clause: Limit 1 of each item\n|clearpoke\n|poke|p1|Koraidon, L50|\n|poke|p1|Iron Hands, L50|\n|poke|p1|Flutter Mane, L50|\n|poke|p1|Chi-Yu, L50|\n|poke|p1|Whimsicott, L50, F|\n|poke|p1|Raging Bolt, L50|\n|poke|p2|Terapagos, L50, M|\n|poke|p2|Smeargle, L50, M|\n|poke|p2|Tornadus, L50, M|\n|poke|p2|Ogerpon-Hearthflame, L50, F|\n|poke|p2|Dondozo, L50, F|\n|poke|p2|Tatsugiri-Stretchy, L50, F|\n|teampreview|4\n|\n|t:|1737639997\n|start\n|switch|p1a: Iron Hands|Iron Hands, L50|100\/100\n|switch|p1b: Whimsicott|Whimsicott, L50, F, shiny|100\/100\n|switch|p2a: Terapagos|Terapagos, L50, M|100\/100\n|switch|p2b: Tornadus|Tornadus, L50, M|100\/100\n|-activate|p2a: Terapagos|ability: Tera Shift\n|detailschange|p2a: Terapagos|Terapagos-Terastal, L50, M\n|-heal|p2a: Terapagos|100\/100|[silent]\n|turn|1\n|\n|t:|1737640014\n|move|p1a: Iron Hands|Fake Out|p2a: Terapagos\n|-activate|p2a: Terapagos|ability: Tera Shell\n|-resisted|p2a: Terapagos\n|-damage|p2a: Terapagos|93\/100\n|move|p2b: Tornadus|Bleakwind Storm|p1a: Iron Hands|[spread] p1b\n|-miss|p2b: Tornadus|p1a: Iron Hands\n|-supereffective|p1b: Whimsicott\n|-damage|p1b: Whimsicott|21\/100\n|cant|p2a: Terapagos|flinch\n|move|p1b: Whimsicott|Trick Room|p1b: Whimsicott\n|-fieldstart|move: Trick Room|[of] p1b: Whimsicott\n|\n|upkeep\n|turn|2\n|j| sushi rider\n|\n|t:|1737640035\n|switch|p2a: Ogerpon|Ogerpon-Hearthflame, L50, F|100\/100\n|-ability|p2a: Ogerpon|Mold Breaker\n|move|p1a: Iron Hands|Wild Charge|p2b: Tornadus\n|-supereffective|p2b: Tornadus\n|-damage|p2b: Tornadus|0 fnt\n|-damage|p1a: Iron Hands|84\/100|[from] item: Rocky Helmet|[of] p2b: Tornadus\n|faint|p2b: Tornadus\n|-damage|p1a: Iron Hands|64\/100|[from] Recoil\n|move|p1b: Whimsicott|Moonblast|p2a: Ogerpon\n|-resisted|p2a: Ogerpon\n|-damage|p2a: Ogerpon|81\/100\n|\n|upkeep\n|\n|t:|1737640050\n|switch|p2b: Terapagos|Terapagos-Terastal, L50, M|93\/100\n|turn|3\n|\n|t:|1737640063\n|move|p2a: Ogerpon|Follow Me|p2a: Ogerpon\n|-singleturn|p2a: Ogerpon|move: Follow Me\n|move|p1a: Iron Hands|Low Kick|p2a: Ogerpon\n|-damage|p2a: Ogerpon|39\/100\n|move|p1b: Whimsicott|Moonblast|p2a: Ogerpon\n|-resisted|p2a: Ogerpon\n|-damage|p2a: Ogerpon|20\/100\n|-unboost|p2a: Ogerpon|spa|1\n|move|p2b: Terapagos|Tera Starstorm|p1a: Iron Hands\n|-damage|p1a: Iron Hands|9\/100\n|\n|upkeep\n|turn|4\n|\n|t:|1737640100\n|switch|p1b: Koraidon|Koraidon, L50|100\/100\n|-weather|SunnyDay|[from] ability: Orichalcum Pulse|[of] p1b: Koraidon\n|-activate|p1b: Koraidon|Orichalcum Pulse|[source]\n|move|p2a: Ogerpon|Follow Me|p2a: Ogerpon\n|-singleturn|p2a: Ogerpon|move: Follow Me\n|move|p1a: Iron Hands|Low Kick|p2a: Ogerpon\n|-damage|p2a: Ogerpon|0 fnt\n|faint|p2a: Ogerpon\n|move|p2b: Terapagos|Tera Starstorm|p1a: Iron Hands\n|-damage|p1a: Iron Hands|0 fnt\n|faint|p1a: Iron Hands\n|-end|p1a: Iron Hands|Quark Drive|[silent]\n|\n|-weather|SunnyDay|[upkeep]\n|upkeep\n|\n|t:|1737640115\n|switch|p1a: Whimsicott|Whimsicott, L50, F, shiny|21\/100\n|switch|p2a: Smeargle|Smeargle, L50, M|100\/100\n|turn|5\n|\n|t:|1737640129\n|-terastallize|p2b: Terapagos|Stellar\n|detailschange|p2b: Terapagos|Terapagos-Stellar, L50, M, tera:Stellar\n|-heal|p2b: Terapagos|95\/100|[silent]\n|-ability|p2b: Terapagos|Teraform Zero\n|-weather|none\n|move|p1b: Koraidon|Protect|p1b: Koraidon\n|-singleturn|p1b: Koraidon|Protect\n|move|p2a: Smeargle|Fake Out|p1b: Koraidon\n|-activate|p1b: Koraidon|move: Protect\n|move|p1a: Whimsicott|Sunny Day|p1a: Whimsicott\n|-weather|SunnyDay\n|move|p2b: Terapagos|Tera Starstorm|p1b: Koraidon|[spread] p1a\n|-activate|p1b: Koraidon|move: Protect\n|-damage|p1a: Whimsicott|0 fnt\n|faint|p1a: Whimsicott\n|\n|-weather|SunnyDay|[upkeep]\n|-fieldend|move: Trick Room\n|-ability|p2a: Smeargle|Moody|boost\n|-boost|p2a: Smeargle|spa|2\n|-unboost|p2a: Smeargle|atk|1\n|upkeep\n|\n|t:|1737640150\n|switch|p1a: Raging Bolt|Raging Bolt, L50|100\/100\n|-activate|p1a: Raging Bolt|ability: Protosynthesis\n|-start|p1a: Raging Bolt|protosynthesisspa\n|turn|6\n|\n|t:|1737640164\n|move|p1b: Koraidon|Scale Shot|p2a: Smeargle\n|-damage|p2a: Smeargle|62\/100\n|-damage|p2a: Smeargle|26\/100\n|-damage|p2a: Smeargle|0 fnt\n|faint|p2a: Smeargle\n|-hitcount|p2: Smeargle|3\n|-unboost|p1b: Koraidon|def|1\n|-boost|p1b: Koraidon|spe|1\n|move|p2b: Terapagos|Tera Starstorm|p1b: Koraidon|[spread] p1a,p1b\n|-damage|p1a: Raging Bolt|45\/100\n|-damage|p1b: Koraidon|45\/100\n|move|p1a: Raging Bolt|Weather Ball|p2b: Terapagos\n|-damage|p2b: Terapagos|27\/100\n|-damage|p1a: Raging Bolt|35\/100|[from] item: Life Orb\n|\n|-weather|SunnyDay|[upkeep]\n|upkeep\n|turn|7\n|-message|ZTMY ENCORE forfeited.\n|\n|win|onsoni\n|raw|onsoni's rating: 1742 &rarr; <strong>1761<\/strong><br \/>(+19 for winning)\n|raw|ZTMY ENCORE's rating: 1718 &rarr; <strong>1699<\/strong><br \/>(-19 for losing)\n|l|\u2606ZTMY ENCORE\n|player|p2|\n|l|\u2606onsoni\n|player|p1|\n","uploadtime":1737640374,"views":53,"formatid":"gen9vgc2025regg","rating":1699,"private":0,"password":null}