{"id":"gen9vgc2025regg-2286038123","format":"[Gen 9] VGC 2025 Reg G","players":["infinitygroudon","Yung Trav"],"log":"|j|\u2606infinitygroudon\n|j|\u203dYung Trav\n|t:|1737561871\n|gametype|doubles\n|player|p1|infinitygroudon|1|1622\n|player|p2|Yung Trav|266|1615\n|teamsize|p1|6\n|teamsize|p2|6\n|gen|9\n|tier|[Gen 9] VGC 2025 Reg G\n|rated|\n|rule|Species Clause: Limit one of each Pok\u00e9mon\n|rule|Item Clause: Limit 1 of each item\n|clearpoke\n|poke|p1|Calyrex-Shadow, L50|\n|poke|p1|Incineroar, L50, M|\n|poke|p1|Weezing-Galar, L50, M|\n|poke|p1|Indeedee-F, L50, F|\n|poke|p1|Iron Valiant, L50|\n|poke|p1|Ursaluna-Bloodmoon, L50, M|\n|poke|p2|Calyrex-Ice, L50|\n|poke|p2|Regidrago, L50|\n|poke|p2|Smeargle, L50, M|\n|poke|p2|Farigiraf, L50, M|\n|poke|p2|Urshifu-*, L50, M|\n|poke|p2|Ogerpon-Cornerstone, L50, F|\n|teampreview|4\n|\n|t:|1737561890\n|start\n|switch|p1a: Charming|Iron Valiant, L50, shiny|100\/100\n|switch|p1b: Duncan|Calyrex-Shadow, L50|100\/100\n|switch|p2a: Calyrex|Calyrex-Ice, L50|100\/100\n|switch|p2b: Ogerpon|Ogerpon-Cornerstone, L50, F|100\/100\n|-ability|p1b: Duncan|As One\n|-ability|p1b: Duncan|Unnerve\n|-ability|p2a: Calyrex|As One\n|-ability|p2a: Calyrex|Unnerve\n|-enditem|p1a: Charming|Booster Energy\n|-activate|p1a: Charming|ability: Quark Drive|[fromitem]\n|-start|p1a: Charming|quarkdrivespe\n|turn|1\n|\n|t:|1737561927\n|-end|p1a: Charming|Quark Drive|[silent]\n|switch|p1a: Banderilla|Incineroar, L50, M|100\/100\n|-ability|p1a: Banderilla|Intimidate|boost\n|-fail|p2a: Calyrex|unboost|[from] item: Clear Amulet|[of] p2a: Calyrex\n|-unboost|p2b: Ogerpon|atk|1\n|-terastallize|p2a: Calyrex|Water\n|move|p1b: Duncan|Astral Barrage|p2b: Ogerpon|[spread] p2a,p2b\n|-damage|p2a: Calyrex|50\/100\n|-damage|p2b: Ogerpon|7\/100\n|-damage|p1b: Duncan|91\/100|[from] item: Life Orb\n|move|p2b: Ogerpon|Taunt|p1a: Banderilla\n|-start|p1a: Banderilla|move: Taunt\n|move|p2a: Calyrex|Trick Room|p2a: Calyrex\n|-fieldstart|move: Trick Room|[of] p2a: Calyrex\n|\n|upkeep\n|turn|2\n|\n|t:|1737561958\n|switch|p2b: Smeargle|Smeargle, L50, M, shiny|100\/100\n|move|p2a: Calyrex|Protect|p2a: Calyrex\n|-singleturn|p2a: Calyrex|Protect\n|move|p1a: Banderilla|Knock Off|p2b: Smeargle\n|-damage|p2b: Smeargle|45\/100\n|-enditem|p2b: Smeargle|Focus Sash|[from] move: Knock Off|[of] p1a: Banderilla\n|move|p1b: Duncan|Astral Barrage|p2b: Smeargle|[spread] \n|-activate|p2a: Calyrex|move: Protect\n|-immune|p2b: Smeargle\n|\n|upkeep\n|turn|3\n|\n|t:|1737561982\n|move|p1b: Duncan|Protect|p1b: Duncan\n|-singleturn|p1b: Duncan|Protect\n|move|p2b: Smeargle|Decorate|p2a: Calyrex\n|-boost|p2a: Calyrex|atk|2\n|-boost|p2a: Calyrex|spa|2\n|move|p2a: Calyrex|High Horsepower|p1a: Banderilla\n|-supereffective|p1a: Banderilla\n|-damage|p1a: Banderilla|0 fnt\n|faint|p1a: Banderilla\n|-ability|p2a: Calyrex|Chilling Neigh|boost\n|-boost|p2a: Calyrex|atk|1\n|\n|upkeep\n|\n|t:|1737561991\n|switch|p1a: Mr. Grizz|Ursaluna-Bloodmoon, L50, M|100\/100\n|turn|4\n|\n|t:|1737562003\n|switch|p1b: Charming|Iron Valiant, L50, shiny|100\/100\n|move|p2b: Smeargle|Follow Me|p2b: Smeargle\n|-singleturn|p2b: Smeargle|move: Follow Me\n|move|p1a: Mr. Grizz|Vacuum Wave|p2b: Smeargle\n|-supereffective|p2b: Smeargle\n|-damage|p2b: Smeargle|0 fnt\n|faint|p2b: Smeargle\n|move|p2a: Calyrex|Glacial Lance|p1a: Mr. Grizz|[spread] p1a,p1b\n|-supereffective|p1a: Mr. Grizz\n|-damage|p1a: Mr. Grizz|0 fnt\n|-damage|p1b: Charming|0 fnt\n|faint|p1a: Mr. Grizz\n|faint|p1b: Charming\n|-end|p1b: Charming|Quark Drive|[silent]\n|-ability|p2a: Calyrex|Chilling Neigh|boost\n|-boost|p2a: Calyrex|atk|2\n|\n|upkeep\n|\n|t:|1737562027\n|switch|p2b: Ogerpon|Ogerpon-Cornerstone, L50, F|7\/100\n|switch|p1b: Duncan|Calyrex-Shadow, L50|91\/100\n|-ability|p1b: Duncan|As One\n|-ability|p1b: Duncan|Unnerve\n|turn|5\n|\n|t:|1737562040\n|switch|p2b: Regidrago|Regidrago, L50, shiny|100\/100\n|move|p1b: Duncan|Protect|p1b: Duncan\n|-singleturn|p1b: Duncan|Protect\n|move|p2a: Calyrex|Glacial Lance|p1b: Duncan\n|-activate|p1b: Duncan|move: Protect\n|\n|-fieldend|move: Trick Room\n|upkeep\n|turn|6\n|\n|t:|1737562052\n|move|p1b: Duncan|Astral Barrage|p2b: Regidrago|[spread] p2a,p2b\n|-damage|p2a: Calyrex|1\/100\n|-damage|p2b: Regidrago|23\/100\n|-damage|p1b: Duncan|81\/100|[from] item: Life Orb\n|move|p2a: Calyrex|Glacial Lance|p1b: Duncan\n|-damage|p1b: Duncan|0 fnt\n|faint|p1b: Duncan\n|\n|win|Yung Trav\n|raw|infinitygroudon's rating: 1622 &rarr; <strong>1602<\/strong><br \/>(-20 for losing)\n|raw|Yung Trav's rating: 1615 &rarr; <strong>1635<\/strong><br \/>(+20 for winning)\n|l|\u2606infinitygroudon\n|player|p1|\n|l|\u203dYung Trav\n|player|p2|\n","uploadtime":1737562222,"views":13,"formatid":"gen9vgc2025regg","rating":1602,"private":0,"password":null}