{"id":"gen9vgc2025regg-2286586581","format":"[Gen 9] VGC 2025 Reg G","players":["Hikawari","pentagonSG"],"log":"|j|\u2606Hikawari\n|j|\u2606pentagonSG\n|t:|1737632456\n|gametype|doubles\n|player|p1|Hikawari|101|1582\n|player|p2|pentagonSG|169|1545\n|teamsize|p1|6\n|teamsize|p2|6\n|gen|9\n|tier|[Gen 9] VGC 2025 Reg G\n|rated|\n|rule|Species Clause: Limit one of each Pok\u00e9mon\n|rule|Item Clause: Limit 1 of each item\n|clearpoke\n|poke|p1|Zamazenta-*, L50|\n|poke|p1|Chi-Yu, L50|\n|poke|p1|Rillaboom, L50, M|\n|poke|p1|Flutter Mane, L50|\n|poke|p1|Chien-Pao, L50|\n|poke|p1|Amoonguss, L50, M|\n|poke|p2|Iron Hands, L50|\n|poke|p2|Urshifu-*, L50, F|\n|poke|p2|Calyrex-Shadow, L50|\n|poke|p2|Smeargle, L50, F|\n|poke|p2|Indeedee-F, L50, F|\n|poke|p2|Ogerpon-Hearthflame, L50, F|\n|teampreview|4\n|inactive|Battle timer is ON: inactive players will automatically lose when time's up. (requested by Hikawari)\n|\n|t:|1737632492\n|start\n|switch|p1a: Chi-Yu|Chi-Yu, L50|100\/100\n|switch|p1b: Zamazenta|Zamazenta-Crowned, L50|100\/100\n|switch|p2a: Iron Hands|Iron Hands, L50|100\/100\n|switch|p2b: Calyrex|Calyrex-Shadow, L50|100\/100\n|-ability|p2b: Calyrex|As One\n|-ability|p2b: Calyrex|Unnerve\n|-ability|p1a: Chi-Yu|Beads of Ruin\n|-ability|p1b: Zamazenta|Dauntless Shield|boost\n|-boost|p1b: Zamazenta|def|1\n|turn|1\n|j| Craphean\n|\n|t:|1737632513\n|-terastallize|p1a: Chi-Yu|Ghost\n|-terastallize|p2b: Calyrex|Water\n|move|p1a: Chi-Yu|Dark Pulse|p2b: Calyrex\n|-damage|p2b: Calyrex|53\/100\n|move|p1b: Zamazenta|Body Press|p2b: Calyrex\n|-damage|p2b: Calyrex|0 fnt\n|faint|p2b: Calyrex\n|move|p2a: Iron Hands|Belly Drum|p2a: Iron Hands\n|-damage|p2a: Iron Hands|50\/100\n|-setboost|p2a: Iron Hands|atk|6|[from] move: Belly Drum\n|-enditem|p2a: Iron Hands|Sitrus Berry|[eat]\n|-heal|p2a: Iron Hands|75\/100|[from] item: Sitrus Berry\n|\n|upkeep\n|\n|t:|1737632529\n|switch|p2b: Indeedee|Indeedee-F, L50, F|100\/100\n|-fieldstart|move: Psychic Terrain|[from] ability: Psychic Surge|[of] p2b: Indeedee\n|-enditem|p2b: Indeedee|Psychic Seed\n|-boost|p2b: Indeedee|spd|1|[from] item: Psychic Seed\n|turn|2\n|\n|t:|1737632548\n|move|p2b: Indeedee|Follow Me|p2b: Indeedee\n|-singleturn|p2b: Indeedee|move: Follow Me\n|move|p1a: Chi-Yu|Dark Pulse|p2b: Indeedee\n|-supereffective|p2b: Indeedee\n|-damage|p2b: Indeedee|29\/100\n|move|p1b: Zamazenta|Body Press|p2b: Indeedee\n|-damage|p2b: Indeedee|0 fnt\n|faint|p2b: Indeedee\n|move|p2a: Iron Hands|Drain Punch|p1b: Zamazenta\n|-supereffective|p1b: Zamazenta\n|-damage|p1b: Zamazenta|0 fnt\n|-heal|p2a: Iron Hands|100\/100|[from] drain|[of] p1b: Zamazenta\n|faint|p1b: Zamazenta\n|\n|upkeep\n|\n|t:|1737632564\n|switch|p1b: Rillaboom|Rillaboom, L50, M|100\/100\n|switch|p2b: Ogerpon|Ogerpon-Hearthflame, L50, F|100\/100\n|-ability|p2b: Ogerpon|Mold Breaker\n|-fieldstart|move: Grassy Terrain|[from] ability: Grassy Surge|[of] p1b: Rillaboom\n|turn|3\n|inactive|Hikawari has 30 seconds left.\n|\n|t:|1737632590\n|switch|p1a: Flutter Mane|Flutter Mane, L50|100\/100\n|-enditem|p1a: Flutter Mane|Booster Energy\n|-activate|p1a: Flutter Mane|ability: Protosynthesis|[fromitem]\n|-start|p1a: Flutter Mane|protosynthesisspe\n|move|p2a: Iron Hands|Detect|p2a: Iron Hands\n|-singleturn|p2a: Iron Hands|Protect\n|move|p1b: Rillaboom|Fake Out|p2b: Ogerpon\n|-crit|p2b: Ogerpon\n|-damage|p2b: Ogerpon|75\/100\n|cant|p2b: Ogerpon|flinch\n|\n|-heal|p2b: Ogerpon|81\/100|[from] Grassy Terrain\n|upkeep\n|turn|4\n|inactive|pentagonSG has 30 seconds left.\n|\n|t:|1737632618\n|move|p2b: Ogerpon|Follow Me|p2b: Ogerpon\n|-singleturn|p2b: Ogerpon|move: Follow Me\n|move|p1a: Flutter Mane|Icy Wind|p2a: Iron Hands|[spread] p2a,p2b\n|-damage|p2a: Iron Hands|90\/100\n|-damage|p2b: Ogerpon|69\/100\n|-unboost|p2a: Iron Hands|spe|1\n|-unboost|p2b: Ogerpon|spe|1\n|move|p1b: Rillaboom|U-turn|p2b: Ogerpon\n|-damage|p2b: Ogerpon|42\/100\n|\n|t:|1737632625\n|switch|p1b: Chi-Yu|Chi-Yu, L50, tera:Ghost|100\/100|[from] U-turn\n|-ability|p1b: Chi-Yu|Beads of Ruin\n|move|p2a: Iron Hands|Rock Slide|p1b: Chi-Yu|[spread] p1a,p1b\n|-damage|p1a: Flutter Mane|0 fnt\n|-damage|p1b: Chi-Yu|0 fnt\n|faint|p1a: Flutter Mane\n|-end|p1a: Flutter Mane|Protosynthesis|[silent]\n|faint|p1b: Chi-Yu\n|\n|-heal|p2b: Ogerpon|48\/100|[from] Grassy Terrain\n|-heal|p2a: Iron Hands|96\/100|[from] Grassy Terrain\n|upkeep\n|\n|t:|1737632629\n|switch|p1b: Rillaboom|Rillaboom, L50, M|100\/100\n|turn|5\n|-message|Hikawari forfeited.\n|\n|win|pentagonSG\n|raw|Hikawari's rating: 1582 &rarr; <strong>1560<\/strong><br \/>(-22 for losing)\n|raw|pentagonSG's rating: 1545 &rarr; <strong>1567<\/strong><br \/>(+22 for winning)\n|l|\u2606Hikawari\n|player|p1|\n|l|\u2606pentagonSG\n|player|p2|\n","uploadtime":1737632897,"views":7,"formatid":"gen9vgc2025regg","rating":1560,"private":0,"password":null}