{"id":"gen9vgc2025regg-2286634488","format":"[Gen 9] VGC 2025 Reg G","players":["BLiiNDProdiigy","ZTMY ENCORE"],"log":"|j|\u2606BLiiNDProdiigy\n|j|\u2606ZTMY ENCORE\n|t:|1737639348\n|gametype|doubles\n|player|p1|BLiiNDProdiigy|rocketgrunt|1680\n|player|p2|ZTMY ENCORE|2|1739\n|teamsize|p1|6\n|teamsize|p2|6\n|gen|9\n|tier|[Gen 9] VGC 2025 Reg G\n|rated|\n|rule|Species Clause: Limit one of each Pok\u00e9mon\n|rule|Item Clause: Limit 1 of each item\n|clearpoke\n|poke|p1|Terapagos, L50, M|\n|poke|p1|Incineroar, L50, M|\n|poke|p1|Rillaboom, L50, M|\n|poke|p1|Urshifu-*, L50, F|\n|poke|p1|Flutter Mane, L50|\n|poke|p1|Ogerpon-Hearthflame, L50, F|\n|poke|p2|Terapagos, L50, M|\n|poke|p2|Smeargle, L50, M|\n|poke|p2|Tornadus, L50, M|\n|poke|p2|Ogerpon-Hearthflame, L50, F|\n|poke|p2|Dondozo, L50, F|\n|poke|p2|Tatsugiri-Stretchy, L50, F|\n|teampreview|4\n|j| aimyon36\n|j| sushi rider\n|inactive|Battle timer is ON: inactive players will automatically lose when time's up. (requested by ZTMY ENCORE)\n|\n|t:|1737639391\n|start\n|switch|p1a: Terapagos|Terapagos, L50, M|100\/100\n|switch|p1b: Ogerpon|Ogerpon-Hearthflame, L50, F|100\/100\n|switch|p2a: Tornadus|Tornadus, L50, M|100\/100\n|switch|p2b: Ogerpon|Ogerpon-Hearthflame, L50, F|100\/100\n|-activate|p1a: Terapagos|ability: Tera Shift\n|detailschange|p1a: Terapagos|Terapagos-Terastal, L50, M\n|-heal|p1a: Terapagos|100\/100|[silent]\n|-ability|p1b: Ogerpon|Mold Breaker\n|-ability|p2b: Ogerpon|Mold Breaker\n|turn|1\n|\n|t:|1737639411\n|move|p1b: Ogerpon|Follow Me|p1b: Ogerpon\n|-singleturn|p1b: Ogerpon|move: Follow Me\n|move|p2a: Tornadus|Bleakwind Storm|p1b: Ogerpon|[spread] p1a,p1b\n|-activate|p1a: Terapagos|ability: Tera Shell\n|-resisted|p1a: Terapagos\n|-supereffective|p1b: Ogerpon\n|-damage|p1a: Terapagos|86\/100\n|-damage|p1b: Ogerpon|29\/100\n|-unboost|p1b: Ogerpon|spe|1\n|move|p2b: Ogerpon|Ivy Cudgel|p1b: Ogerpon|[anim] Ivy Cudgel Fire\n|-damage|p1b: Ogerpon|0 fnt\n|faint|p1b: Ogerpon\n|move|p1a: Terapagos|Substitute|p1a: Terapagos\n|-start|p1a: Terapagos|Substitute\n|-damage|p1a: Terapagos|62\/100\n|\n|-heal|p1a: Terapagos|68\/100|[from] item: Leftovers\n|upkeep\n|\n|t:|1737639419\n|switch|p1b: Incineroar|Incineroar, L50, M|100\/100\n|-ability|p1b: Incineroar|Intimidate|boost\n|-unboost|p2a: Tornadus|atk|1\n|-unboost|p2b: Ogerpon|atk|1\n|turn|2\n|j| summerdog\n|\n|t:|1737639433\n|move|p1b: Incineroar|Fake Out|p2b: Ogerpon\n|-damage|p2b: Ogerpon|88\/100\n|move|p2a: Tornadus|Bleakwind Storm|p1a: Terapagos|[spread] p1a,p1b\n|-end|p1a: Terapagos|Substitute\n|-damage|p1b: Incineroar|72\/100\n|-unboost|p1b: Incineroar|spe|1\n|cant|p2b: Ogerpon|flinch\n|move|p1a: Terapagos|Calm Mind|p1a: Terapagos\n|-boost|p1a: Terapagos|spa|1\n|-boost|p1a: Terapagos|spd|1\n|\n|-heal|p1a: Terapagos|73\/100|[from] item: Leftovers\n|upkeep\n|turn|3\n|\n|t:|1737639446\n|move|p1a: Terapagos|Protect|p1a: Terapagos\n|-singleturn|p1a: Terapagos|Protect\n|move|p2a: Tornadus|Bleakwind Storm|p1a: Terapagos|[spread] p1b\n|-activate|p1a: Terapagos|move: Protect\n|-damage|p1b: Incineroar|43\/100\n|move|p2b: Ogerpon|Ivy Cudgel|p1a: Terapagos|[anim] Ivy Cudgel Fire\n|-activate|p1a: Terapagos|move: Protect\n|move|p1b: Incineroar|Parting Shot|p2b: Ogerpon\n|-unboost|p2b: Ogerpon|atk|1\n|-unboost|p2b: Ogerpon|spa|1\n|\n|t:|1737639456\n|switch|p1b: Flutter Mane|Flutter Mane, L50|100\/100|[from] Parting Shot\n|-enditem|p1b: Flutter Mane|Booster Energy\n|-activate|p1b: Flutter Mane|ability: Protosynthesis|[fromitem]\n|-start|p1b: Flutter Mane|protosynthesisspe\n|\n|-heal|p1a: Terapagos|79\/100|[from] item: Leftovers\n|upkeep\n|turn|4\n|\n|t:|1737639468\n|-terastallize|p1a: Terapagos|Stellar\n|detailschange|p1a: Terapagos|Terapagos-Stellar, L50, M, tera:Stellar\n|-heal|p1a: Terapagos|84\/100|[silent]\n|move|p2a: Tornadus|Tailwind|p2a: Tornadus\n|-sidestart|p2: ZTMY ENCORE|move: Tailwind\n|move|p2b: Ogerpon|Ivy Cudgel|p1b: Flutter Mane|[anim] Ivy Cudgel Fire\n|-damage|p1b: Flutter Mane|59\/100\n|move|p1b: Flutter Mane|Thunder Wave|p2b: Ogerpon\n|-status|p2b: Ogerpon|par\n|move|p1a: Terapagos|Tera Starstorm|p2a: Tornadus|[spread] p2a,p2b\n|-damage|p2a: Tornadus|33\/100\n|-damage|p2b: Ogerpon|23\/100 par\n|\n|-heal|p1a: Terapagos|91\/100|[from] item: Leftovers\n|upkeep\n|turn|5\n|\n|t:|1737639491\n|move|p1a: Terapagos|Protect|p1a: Terapagos\n|-singleturn|p1a: Terapagos|Protect\n|move|p2a: Tornadus|Scary Face|p1b: Flutter Mane\n|-unboost|p1b: Flutter Mane|spe|2\n|move|p2b: Ogerpon|Ivy Cudgel|p1a: Terapagos|[anim] Ivy Cudgel Fire\n|-activate|p1a: Terapagos|move: Protect\n|move|p1b: Flutter Mane|Moonblast|p2a: Tornadus\n|-damage|p2a: Tornadus|0 fnt\n|faint|p2a: Tornadus\n|\n|-heal|p1a: Terapagos|97\/100|[from] item: Leftovers\n|upkeep\n|\n|t:|1737639501\n|switch|p2a: Terapagos|Terapagos, L50, M|100\/100\n|-activate|p2a: Terapagos|ability: Tera Shift\n|detailschange|p2a: Terapagos|Terapagos-Terastal, L50, M\n|-heal|p2a: Terapagos|100\/100|[silent]\n|turn|6\n|\n|t:|1737639512\n|switch|p2b: Smeargle|Smeargle, L50, M|100\/100\n|-terastallize|p2a: Terapagos|Stellar\n|detailschange|p2a: Terapagos|Terapagos-Stellar, L50, M, tera:Stellar\n|-heal|p2a: Terapagos|100\/100|[silent]\n|move|p2a: Terapagos|Tera Starstorm|p1a: Terapagos|[spread] p1a,p1b\n|-supereffective|p1a: Terapagos\n|-damage|p1a: Terapagos|45\/100\n|-damage|p1b: Flutter Mane|9\/100\n|move|p1b: Flutter Mane|Thunder Wave|p2a: Terapagos\n|-status|p2a: Terapagos|par\n|move|p1a: Terapagos|Tera Starstorm|p2b: Smeargle|[spread] p2a,p2b\n|-supereffective|p2a: Terapagos\n|-damage|p2a: Terapagos|20\/100 par\n|-enditem|p2b: Smeargle|Focus Sash\n|-damage|p2b: Smeargle|1\/100\n|\n|-heal|p1a: Terapagos|51\/100|[from] item: Leftovers\n|-ability|p2b: Smeargle|Moody|boost\n|-boost|p2b: Smeargle|atk|2\n|-unboost|p2b: Smeargle|spa|1\n|upkeep\n|turn|7\n|inactive|ZTMY ENCORE has 30 seconds left.\n|-message|ZTMY ENCORE forfeited.\n|\n|win|BLiiNDProdiigy\n|raw|BLiiNDProdiigy's rating: 1680 &rarr; <strong>1703<\/strong><br \/>(+23 for winning)\n|raw|ZTMY ENCORE's rating: 1739 &rarr; <strong>1716<\/strong><br \/>(-23 for losing)\n|l|\u2606ZTMY ENCORE\n|player|p2|\n|l|\u2606BLiiNDProdiigy\n|player|p1|\n|l| aimyon36\n","uploadtime":1737639682,"views":87,"formatid":"gen9vgc2025regg","rating":1703,"private":0,"password":null}