{"id":"gen9vgc2025regg-2286585461","format":"[Gen 9] VGC 2025 Reg G","players":["yodapoke","pentagonSG"],"log":"|j|\u203dyodapoke\n|j|\u2606pentagonSG\n|t:|1737632281\n|gametype|doubles\n|player|p1|yodapoke|lucas|1546\n|player|p2|pentagonSG|169|1566\n|teamsize|p1|6\n|teamsize|p2|6\n|gen|9\n|tier|[Gen 9] VGC 2025 Reg G\n|rated|\n|rule|Species Clause: Limit one of each Pok\u00e9mon\n|rule|Item Clause: Limit 1 of each item\n|clearpoke\n|poke|p1|Miraidon, L50|\n|poke|p1|Whimsicott, L50, M|\n|poke|p1|Farigiraf, L50, F|\n|poke|p1|Ogerpon-Hearthflame, L50, F|\n|poke|p1|Urshifu-*, L50, F|\n|poke|p1|Iron Hands, L50|\n|poke|p2|Iron Hands, L50|\n|poke|p2|Urshifu-*, L50, F|\n|poke|p2|Calyrex-Shadow, L50|\n|poke|p2|Smeargle, L50, M|\n|poke|p2|Indeedee-F, L50, F|\n|poke|p2|Ogerpon-Hearthflame, L50, F|\n|teampreview|4\n|inactive|Battle timer is ON: inactive players will automatically lose when time's up. (requested by pentagonSG)\n|\n|t:|1737632302\n|start\n|switch|p1a: Farigiraf|Farigiraf, L50, F|100\/100\n|switch|p1b: Miraidon|Miraidon, L50|100\/100\n|switch|p2a: Iron Hands|Iron Hands, L50|100\/100\n|switch|p2b: Calyrex|Calyrex-Shadow, L50|100\/100\n|-ability|p2b: Calyrex|As One\n|-ability|p2b: Calyrex|Unnerve\n|-fieldstart|move: Electric Terrain|[from] ability: Hadron Engine|[of] p1b: Miraidon\n|-enditem|p1a: Farigiraf|Electric Seed\n|-boost|p1a: Farigiraf|def|1|[from] item: Electric Seed\n|-activate|p2a: Iron Hands|ability: Quark Drive\n|-start|p2a: Iron Hands|quarkdriveatk\n|turn|1\n|\n|t:|1737632321\n|-terastallize|p1b: Miraidon|Fairy\n|-terastallize|p2a: Iron Hands|Fire\n|move|p1a: Farigiraf|Helping Hand|p1b: Miraidon\n|-singleturn|p1b: Miraidon|Helping Hand|[of] p1a: Farigiraf\n|move|p1b: Miraidon|Dazzling Gleam|p2a: Iron Hands|[spread] p2a,p2b\n|-resisted|p2a: Iron Hands\n|-damage|p2a: Iron Hands|63\/100\n|-damage|p2b: Calyrex|12\/100\n|move|p2a: Iron Hands|Belly Drum|p2a: Iron Hands\n|-damage|p2a: Iron Hands|13\/100\n|-setboost|p2a: Iron Hands|atk|6|[from] move: Belly Drum\n|-enditem|p2a: Iron Hands|Sitrus Berry|[eat]\n|-heal|p2a: Iron Hands|37\/100|[from] item: Sitrus Berry\n|move|p2b: Calyrex|Trick Room|p2b: Calyrex\n|-fieldstart|move: Trick Room|[of] p2b: Calyrex\n|\n|upkeep\n|turn|2\n|inactive|yodapoke has 30 seconds left.\n|\n|t:|1737632350\n|switch|p1b: Ogerpon|Ogerpon-Hearthflame, L50, F|100\/100\n|-ability|p1b: Ogerpon|Mold Breaker\n|move|p2b: Calyrex|Helping Hand|p2a: Iron Hands\n|-singleturn|p2a: Iron Hands|Helping Hand|[of] p2b: Calyrex\n|move|p2a: Iron Hands|Drain Punch|p1a: Farigiraf\n|-damage|p1a: Farigiraf|0 fnt\n|-heal|p2a: Iron Hands|87\/100|[from] drain|[of] p1a: Farigiraf\n|faint|p1a: Farigiraf\n|\n|upkeep\n|\n|t:|1737632361\n|switch|p1a: Urshifu|Urshifu-Rapid-Strike, L50, F|100\/100\n|turn|3\n|\n|t:|1737632382\n|move|p1b: Ogerpon|Spiky Shield|p1b: Ogerpon\n|-singleturn|p1b: Ogerpon|move: Protect\n|move|p2a: Iron Hands|Drain Punch|p1b: Ogerpon\n|-activate|p1b: Ogerpon|move: Protect\n|-damage|p2a: Iron Hands|75\/100|[from] Spiky Shield|[of] p1b: Ogerpon\n|move|p1a: Urshifu|Surging Strikes|p2a: Iron Hands\n|-supereffective|p2a: Iron Hands\n|-crit|p2a: Iron Hands\n|-damage|p2a: Iron Hands|45\/100\n|-supereffective|p2a: Iron Hands\n|-crit|p2a: Iron Hands\n|-damage|p2a: Iron Hands|10\/100\n|-supereffective|p2a: Iron Hands\n|-crit|p2a: Iron Hands\n|-damage|p2a: Iron Hands|0 fnt\n|faint|p2a: Iron Hands\n|-end|p2a: Iron Hands|Quark Drive|[silent]\n|-hitcount|p2: Iron Hands|3\n|move|p2b: Calyrex|Expanding Force|p1a: Urshifu\n|-supereffective|p1a: Urshifu\n|-enditem|p1a: Urshifu|Focus Sash\n|-damage|p1a: Urshifu|1\/100\n|\n|upkeep\n|\n|t:|1737632402\n|switch|p2a: Indeedee|Indeedee-F, L50, F|100\/100\n|-fieldstart|move: Psychic Terrain|[from] ability: Psychic Surge|[of] p2a: Indeedee\n|-enditem|p2a: Indeedee|Psychic Seed\n|-boost|p2a: Indeedee|spd|1|[from] item: Psychic Seed\n|turn|4\n|\n|t:|1737632420\n|switch|p1a: Miraidon|Miraidon, L50, tera:Fairy|100\/100\n|-fieldstart|move: Electric Terrain|[from] ability: Hadron Engine|[of] p1a: Miraidon\n|move|p2a: Indeedee|Follow Me|p2a: Indeedee\n|-singleturn|p2a: Indeedee|move: Follow Me\n|move|p1b: Ogerpon|Wood Hammer|p2a: Indeedee\n|-damage|p2a: Indeedee|41\/100\n|-damage|p1b: Ogerpon|81\/100|[from] Recoil\n|move|p2b: Calyrex|Expanding Force|p1a: Miraidon\n|-damage|p1a: Miraidon|56\/100\n|\n|upkeep\n|turn|5\n|\n|t:|1737632439\n|switch|p2a: Urshifu|Urshifu, L50, F|100\/100\n|move|p1b: Ogerpon|Ivy Cudgel|p2b: Calyrex|[anim] Ivy Cudgel Fire\n|-damage|p2b: Calyrex|0 fnt\n|faint|p2b: Calyrex\n|move|p1a: Miraidon|Dazzling Gleam|p2a: Urshifu\n|-supereffective|p2a: Urshifu\n|-damage|p2a: Urshifu|0 fnt\n|faint|p2a: Urshifu\n|\n|-fieldend|move: Trick Room\n|upkeep\n|-message|pentagonSG forfeited.\n|\n|win|yodapoke\n|raw|yodapoke's rating: 1546 &rarr; <strong>1567<\/strong><br \/>(+21 for winning)\n|raw|pentagonSG's rating: 1566 &rarr; <strong>1545<\/strong><br \/>(-21 for losing)\n|l|\u2606pentagonSG\n|player|p2|\n|l|\u203dyodapoke\n|player|p1|\n","uploadtime":1737632620,"views":3,"formatid":"gen9vgc2025regg","rating":1545,"private":0,"password":null}