{"id":"gen9vgc2025regg-2286915446","format":"[Gen 9] VGC 2025 Reg G","players":["MasterofMetapods5","Farhaz_VGC"],"log":"|j|\u2606MasterofMetapods5\n|j|\u2606Farhaz_VGC\n|t:|1737667764\n|gametype|doubles\n|player|p1|MasterofMetapods5|265|1549\n|player|p2|Farhaz_VGC|rosa|1571\n|teamsize|p1|6\n|teamsize|p2|6\n|gen|9\n|tier|[Gen 9] VGC 2025 Reg G\n|rated|\n|rule|Species Clause: Limit one of each Pok\u00e9mon\n|rule|Item Clause: Limit 1 of each item\n|clearpoke\n|poke|p1|Groudon, L50|\n|poke|p1|Rillaboom, L50, F|\n|poke|p1|Raging Bolt, L50|\n|poke|p1|Grimmsnarl, L50, M|\n|poke|p1|Incineroar, L50, F|\n|poke|p1|Gholdengo, L50|\n|poke|p2|Tornadus, L50, M|\n|poke|p2|Urshifu-*, L50, F|\n|poke|p2|Incineroar, L50, M|\n|poke|p2|Landorus-Therian, L50, M|\n|poke|p2|Calyrex-Shadow, L50|\n|poke|p2|Farigiraf, L50, M|\n|teampreview|4\n|inactive|Battle timer is ON: inactive players will automatically lose when time's up. (requested by Farhaz_VGC)\n|\n|t:|1737667818\n|start\n|switch|p1a: Grimmsnarl|Grimmsnarl, L50, M|100\/100\n|switch|p1b: Groudon|Groudon, L50|100\/100\n|switch|p2a: Tornadus|Tornadus, L50, M|100\/100\n|switch|p2b: Landorus|Landorus-Therian, L50, M|100\/100\n|-weather|SunnyDay|[from] ability: Drought|[of] p1b: Groudon\n|-ability|p2b: Landorus|Intimidate|boost\n|-unboost|p1a: Grimmsnarl|atk|1\n|-fail|p1b: Groudon|unboost|[from] item: Clear Amulet|[of] p1b: Groudon\n|turn|1\n|\n|t:|1737667835\n|move|p1a: Grimmsnarl|Reflect|p1a: Grimmsnarl\n|-sidestart|p1: MasterofMetapods5|Reflect\n|move|p2a: Tornadus|Bleakwind Storm|p1a: Grimmsnarl|[spread] p1b\n|-miss|p2a: Tornadus|p1a: Grimmsnarl\n|-damage|p1b: Groudon|73\/100\n|move|p1b: Groudon|Heat Crash|p2b: Landorus\n|-crit|p2b: Landorus\n|-damage|p2b: Landorus|0 fnt\n|faint|p2b: Landorus\n|\n|-weather|SunnyDay|[upkeep]\n|upkeep\n|\n|t:|1737667851\n|switch|p2b: Urshifu|Urshifu, L50, F|100\/100\n|turn|2\n|\n|t:|1737667858\n|move|p1a: Grimmsnarl|Light Screen|p1a: Grimmsnarl\n|-sidestart|p1: MasterofMetapods5|move: Light Screen\n|move|p2b: Urshifu|Wicked Blow|p1b: Groudon\n|-crit|p1b: Groudon\n|-damage|p1b: Groudon|31\/100\n|move|p2a: Tornadus|Bleakwind Storm|p1a: Grimmsnarl|[spread] p1b\n|-miss|p2a: Tornadus|p1a: Grimmsnarl\n|-damage|p1b: Groudon|12\/100\n|move|p1b: Groudon|Heat Crash|p2a: Tornadus\n|-damage|p2a: Tornadus|38\/100\n|\n|-weather|SunnyDay|[upkeep]\n|upkeep\n|turn|3\n|\n|t:|1737667877\n|move|p2a: Tornadus|Tailwind|p2a: Tornadus\n|-sidestart|p2: Farhaz_VGC|move: Tailwind\n|move|p2b: Urshifu|Wicked Blow|p1b: Groudon\n|-crit|p1b: Groudon\n|-damage|p1b: Groudon|0 fnt\n|faint|p1b: Groudon\n|move|p1a: Grimmsnarl|Spirit Break|p2b: Urshifu\n|-supereffective|p2b: Urshifu\n|-damage|p2b: Urshifu|19\/100\n|-unboost|p2b: Urshifu|spa|1\n|\n|-weather|SunnyDay|[upkeep]\n|upkeep\n|\n|t:|1737667882\n|switch|p1b: Incineroar|Incineroar, L50, F|100\/100\n|-ability|p1b: Incineroar|Intimidate|boost\n|-unboost|p2a: Tornadus|atk|1\n|-unboost|p2b: Urshifu|atk|1\n|turn|4\n|\n|t:|1737667902\n|-terastallize|p2b: Urshifu|Ghost\n|move|p2b: Urshifu|Close Combat|p1b: Incineroar\n|-supereffective|p1b: Incineroar\n|-damage|p1b: Incineroar|50\/100\n|-unboost|p2b: Urshifu|def|1\n|-unboost|p2b: Urshifu|spd|1\n|move|p2a: Tornadus|Bleakwind Storm|p1a: Grimmsnarl|[spread] p1a,p1b\n|-damage|p1a: Grimmsnarl|83\/100\n|-damage|p1b: Incineroar|34\/100\n|-unboost|p1b: Incineroar|spe|1\n|move|p1a: Grimmsnarl|Spirit Break|p2b: Urshifu\n|-damage|p2b: Urshifu|0 fnt\n|faint|p2b: Urshifu\n|move|p1b: Incineroar|Flare Blitz|p2a: Tornadus\n|-damage|p2a: Tornadus|0 fnt\n|faint|p2a: Tornadus\n|-damage|p1b: Incineroar|22\/100|[from] Recoil\n|\n|-weather|SunnyDay|[upkeep]\n|upkeep\n|\n|t:|1737667920\n|switch|p2b: Calyrex|Calyrex-Shadow, L50|100\/100\n|-ability|p2b: Calyrex|As One\n|-ability|p2b: Calyrex|Unnerve\n|turn|5\n|\n|t:|1737667927\n|move|p1a: Grimmsnarl|Thunder Wave|p2b: Calyrex\n|-status|p2b: Calyrex|par\n|move|p2b: Calyrex|Astral Barrage|p1b: Incineroar|[spread] p1a,p1b\n|-resisted|p1a: Grimmsnarl\n|-resisted|p1b: Incineroar\n|-damage|p1a: Grimmsnarl|59\/100\n|-damage|p1b: Incineroar|0 fnt\n|faint|p1b: Incineroar\n|-ability|p2b: Calyrex|Grim Neigh|boost\n|-boost|p2b: Calyrex|spa|1\n|\n|-weather|none\n|upkeep\n|\n|t:|1737667929\n|switch|p1b: Gholdengo|Gholdengo, L50|100\/100\n|turn|6\n|\n|t:|1737667940\n|-terastallize|p1b: Gholdengo|Normal\n|move|p1b: Gholdengo|Protect|p1b: Gholdengo\n|-singleturn|p1b: Gholdengo|Protect\n|move|p2b: Calyrex|Astral Barrage|p1a: Grimmsnarl|[spread] p1a\n|-activate|p1b: Gholdengo|move: Protect\n|-resisted|p1a: Grimmsnarl\n|-damage|p1a: Grimmsnarl|23\/100\n|move|p1a: Grimmsnarl|Spirit Break|p2b: Calyrex\n|-damage|p2b: Calyrex|78\/100 par\n|-unboost|p2b: Calyrex|spa|1\n|\n|-sideend|p2: Farhaz_VGC|move: Tailwind\n|upkeep\n|turn|7\n|-message|Farhaz_VGC forfeited.\n|\n|win|MasterofMetapods5\n|raw|MasterofMetapods5's rating: 1549 &rarr; <strong>1570<\/strong><br \/>(+21 for winning)\n|raw|Farhaz_VGC's rating: 1571 &rarr; <strong>1550<\/strong><br \/>(-21 for losing)\n|j| nexwlf5\n|l|\u2606Farhaz_VGC\n|player|p2|\n|l|\u2606MasterofMetapods5\n|player|p1|\n|l| nexwlf5\n","uploadtime":1737668213,"views":10,"formatid":"gen9vgc2025regg","rating":1550,"private":0,"password":null}