{"id":"gen9vgc2025regg-2286519145","format":"[Gen 9] VGC 2025 Reg G","players":["SPADE61","Hang-jama"],"log":"|j|\u2606SPADE61\n|j|\u2606Hang-jama\n|t:|1737620739\n|gametype|doubles\n|player|p1|SPADE61|266|1672\n|player|p2|Hang-jama|2|1566\n|teamsize|p1|6\n|teamsize|p2|6\n|gen|9\n|tier|[Gen 9] VGC 2025 Reg G\n|rated|\n|rule|Species Clause: Limit one of each Pok\u00e9mon\n|rule|Item Clause: Limit 1 of each item\n|clearpoke\n|poke|p1|Iron Valiant, L50|\n|poke|p1|Lunala, L50|\n|poke|p1|Ursaluna, L50, F|\n|poke|p1|Incineroar, L50, F|\n|poke|p1|Urshifu-*, L50, M|\n|poke|p1|Indeedee-F, L50, F|\n|poke|p2|Kyogre, L50|\n|poke|p2|Tornadus, L50, M|\n|poke|p2|Urshifu-*, L50, F|\n|poke|p2|Rillaboom, L50, F|\n|poke|p2|Iron Hands, L50|\n|poke|p2|Flutter Mane, L50|\n|teampreview|4\n|j| summerdog\n|inactive|Battle timer is ON: inactive players will automatically lose when time's up. (requested by Hang-jama)\n|inactive|SPADE61 has 60 seconds left.\n|\n|t:|1737620824\n|start\n|switch|p1a: Lunala|Lunala, L50|100\/100\n|switch|p1b: Indeedee|Indeedee-F, L50, F|100\/100\n|switch|p2a: Kyogre|Kyogre, L50|100\/100\n|switch|p2b: Flutter Mane|Flutter Mane, L50|100\/100\n|-weather|RainDance|[from] ability: Drizzle|[of] p2a: Kyogre\n|-fieldstart|move: Psychic Terrain|[from] ability: Psychic Surge|[of] p1b: Indeedee\n|-enditem|p2b: Flutter Mane|Booster Energy\n|-activate|p2b: Flutter Mane|ability: Protosynthesis|[fromitem]\n|-start|p2b: Flutter Mane|protosynthesisspe\n|turn|1\n|inactive|Hang-jama has 30 seconds left.\n|inactive|Hang-jama has 20 seconds left.\n|inactive|Hang-jama has 15 seconds left.\n|\n|t:|1737620868\n|move|p1b: Indeedee|Follow Me|p1b: Indeedee\n|-singleturn|p1b: Indeedee|move: Follow Me\n|move|p2b: Flutter Mane|Taunt|p1b: Indeedee\n|-start|p1b: Indeedee|move: Taunt\n|move|p2a: Kyogre|Water Spout|p1b: Indeedee|[spread] p1a,p1b\n|-damage|p1a: Lunala|40\/100\n|-damage|p1b: Indeedee|0 fnt\n|faint|p1b: Indeedee\n|move|p1a: Lunala|Trick Room|p1a: Lunala\n|-fieldstart|move: Trick Room|[of] p1a: Lunala\n|\n|-weather|RainDance|[upkeep]\n|upkeep\n|inactive|SPADE61 has 30 seconds left.\n|inactive|SPADE61 has 20 seconds left.\n|inactive|SPADE61 has 15 seconds left.\n|inactive|SPADE61 has 10 seconds left.\n|inactive|SPADE61 has 5 seconds left.\n|j| pzfactory\n|\n|t:|1737620923\n|switch|p1b: Iron Valiant|Iron Valiant, L50|100\/100\n|-enditem|p1b: Iron Valiant|Booster Energy\n|-activate|p1b: Iron Valiant|ability: Quark Drive|[fromitem]\n|-start|p1b: Iron Valiant|quarkdrivespe\n|turn|2\n|l| pzfactory\n|inactive|SPADE61 has 30 seconds left.\n|inactive|SPADE61 has 20 seconds left.\n|inactive|SPADE61 has 15 seconds left.\n|inactive|SPADE61 has 10 seconds left.\n|\n|t:|1737620969\n|-terastallize|p2b: Flutter Mane|Fairy\n|move|p1b: Iron Valiant|Protect|p1b: Iron Valiant\n|-singleturn|p1b: Iron Valiant|Protect\n|move|p1a: Lunala|Expanding Force|p2a: Kyogre|[spread] p2a,p2b\n|-damage|p2a: Kyogre|47\/100\n|-damage|p2b: Flutter Mane|32\/100\n|move|p2a: Kyogre|Water Spout|p1b: Iron Valiant|[spread] p1a\n|-activate|p1b: Iron Valiant|move: Protect\n|-damage|p1a: Lunala|0 fnt\n|faint|p1a: Lunala\n|move|p2b: Flutter Mane|Moonblast|p1b: Iron Valiant\n|-activate|p1b: Iron Valiant|move: Protect\n|\n|-weather|RainDance|[upkeep]\n|upkeep\n|\n|t:|1737620986\n|switch|p1a: Urshifu|Urshifu, L50, M|100\/100\n|turn|3\n|\n|t:|1737621008\n|switch|p2a: Rillaboom|Rillaboom, L50, F|100\/100\n|-fieldstart|move: Grassy Terrain|[from] ability: Grassy Surge|[of] p2a: Rillaboom\n|-end|p2b: Flutter Mane|Protosynthesis|[silent]\n|switch|p2b: Urshifu|Urshifu-Rapid-Strike, L50, F|100\/100\n|move|p1a: Urshifu|Wicked Blow|p2b: Urshifu\n|-resisted|p2b: Urshifu\n|-crit|p2b: Urshifu\n|-damage|p2b: Urshifu|59\/100\n|-damage|p1a: Urshifu|91\/100|[from] item: Life Orb\n|move|p1b: Iron Valiant|Moonblast|p2a: Rillaboom\n|-damage|p2a: Rillaboom|61\/100\n|\n|-weather|RainDance|[upkeep]\n|-heal|p2a: Rillaboom|67\/100|[from] Grassy Terrain\n|-heal|p1a: Urshifu|97\/100|[from] Grassy Terrain\n|-heal|p2b: Urshifu|64\/100|[from] Grassy Terrain\n|upkeep\n|turn|4\n|inactive|SPADE61 has 30 seconds left.\n|inactive|SPADE61 has 20 seconds left.\n|inactive|SPADE61 has 15 seconds left.\n|\n|t:|1737621052\n|-terastallize|p1a: Urshifu|Dark\n|move|p2a: Rillaboom|Fake Out|p1a: Urshifu\n|-damage|p1a: Urshifu|82\/100\n|cant|p1a: Urshifu|flinch\n|move|p2b: Urshifu|Surging Strikes|p1b: Iron Valiant\n|-crit|p1b: Iron Valiant\n|-damage|p1b: Iron Valiant|73\/100\n|-crit|p1b: Iron Valiant\n|-damage|p1b: Iron Valiant|42\/100\n|-crit|p1b: Iron Valiant\n|-damage|p1b: Iron Valiant|13\/100\n|-hitcount|p1b: Iron Valiant|3\n|move|p1b: Iron Valiant|Moonblast|p2b: Urshifu\n|-supereffective|p2b: Urshifu\n|-damage|p2b: Urshifu|0 fnt\n|faint|p2b: Urshifu\n|\n|-weather|RainDance|[upkeep]\n|-heal|p2a: Rillaboom|73\/100|[from] Grassy Terrain\n|-heal|p1a: Urshifu|89\/100|[from] Grassy Terrain\n|-heal|p1b: Iron Valiant|19\/100|[from] Grassy Terrain\n|upkeep\n|\n|t:|1737621076\n|switch|p2b: Flutter Mane|Flutter Mane, L50, tera:Fairy|32\/100\n|turn|5\n|\n|t:|1737621094\n|move|p2b: Flutter Mane|Protect|p2b: Flutter Mane\n|-singleturn|p2b: Flutter Mane|Protect\n|move|p1b: Iron Valiant|Protect|p1b: Iron Valiant\n|-singleturn|p1b: Iron Valiant|Protect\n|move|p2a: Rillaboom|Wood Hammer|p1a: Urshifu\n|-damage|p1a: Urshifu|15\/100\n|-damage|p2a: Rillaboom|52\/100|[from] Recoil\n|move|p1a: Urshifu|Wicked Blow|p2b: Flutter Mane\n|-resisted|p2b: Flutter Mane\n|-crit|p2b: Flutter Mane\n|-damage|p2b: Flutter Mane|0 fnt\n|faint|p2b: Flutter Mane\n|-end|p2b: Flutter Mane|Protosynthesis|[silent]\n|-damage|p1a: Urshifu|5\/100|[from] item: Life Orb\n|\n|-weather|none\n|-heal|p2a: Rillaboom|58\/100|[from] Grassy Terrain\n|-heal|p1a: Urshifu|11\/100|[from] Grassy Terrain\n|-heal|p1b: Iron Valiant|25\/100|[from] Grassy Terrain\n|-fieldend|move: Trick Room\n|upkeep\n|\n|t:|1737621114\n|switch|p2b: Kyogre|Kyogre, L50|47\/100\n|-weather|RainDance|[from] ability: Drizzle|[of] p2b: Kyogre\n|turn|6\n|inactive|SPADE61 has 30 seconds left.\n|\n|t:|1737621146\n|move|p1a: Urshifu|Sucker Punch|p2b: Kyogre\n|-damage|p2b: Kyogre|0 fnt\n|faint|p2b: Kyogre\n|-damage|p1a: Urshifu|2\/100|[from] item: Life Orb\n|move|p2a: Rillaboom|Grassy Glide|p1a: Urshifu\n|-crit|p1a: Urshifu\n|-damage|p1a: Urshifu|0 fnt\n|faint|p1a: Urshifu\n|move|p1b: Iron Valiant|Moonblast|p2a: Rillaboom\n|-damage|p2a: Rillaboom|25\/100\n|-unboost|p2a: Rillaboom|spa|1\n|\n|-weather|RainDance|[upkeep]\n|-heal|p1b: Iron Valiant|32\/100|[from] Grassy Terrain\n|-heal|p2a: Rillaboom|30\/100|[from] Grassy Terrain\n|upkeep\n|turn|7\n|\n|t:|1737621169\n|move|p1b: Iron Valiant|Protect|p1b: Iron Valiant\n|-singleturn|p1b: Iron Valiant|Protect\n|move|p2a: Rillaboom|Grassy Glide|p1b: Iron Valiant\n|-activate|p1b: Iron Valiant|move: Protect\n|\n|-weather|RainDance|[upkeep]\n|-heal|p1b: Iron Valiant|38\/100|[from] Grassy Terrain\n|-heal|p2a: Rillaboom|36\/100|[from] Grassy Terrain\n|-fieldend|move: Grassy Terrain\n|upkeep\n|turn|8\n|\n|t:|1737621191\n|move|p1b: Iron Valiant|Moonblast|p2a: Rillaboom\n|-damage|p2a: Rillaboom|3\/100\n|move|p2a: Rillaboom|Wood Hammer|p1b: Iron Valiant\n|-damage|p1b: Iron Valiant|0 fnt\n|faint|p1b: Iron Valiant\n|-end|p1b: Iron Valiant|Quark Drive|[silent]\n|-damage|p2a: Rillaboom|0 fnt|[from] Recoil\n|faint|p2a: Rillaboom\n|\n|win|Hang-jama\n|raw|SPADE61's rating: 1672 &rarr; <strong>1646<\/strong><br \/>(-26 for losing)\n|raw|Hang-jama's rating: 1566 &rarr; <strong>1592<\/strong><br \/>(+26 for winning)\n|l|\u2606SPADE61\n|player|p1|\n|l|\u2606Hang-jama\n|player|p2|\n","uploadtime":1737621376,"views":4,"formatid":"gen9vgc2025regg","rating":1592,"private":0,"password":null}