{"id":"gen9vgc2025regg-2286119982","format":"[Gen 9] VGC 2025 Reg G","players":["RandomDuVGCFR","Fra5670"],"log":"|j|\u2606RandomDuVGCFR\n|j|\u2606Fra5670\n|t:|1737569864\n|gametype|doubles\n|player|p1|RandomDuVGCFR|dragontamer|1588\n|player|p2|Fra5670|n|1658\n|teamsize|p1|6\n|teamsize|p2|6\n|gen|9\n|tier|[Gen 9] VGC 2025 Reg G\n|rated|\n|rule|Species Clause: Limit one of each Pok\u00e9mon\n|rule|Item Clause: Limit 1 of each item\n|clearpoke\n|poke|p1|Kyogre, L50|\n|poke|p1|Rillaboom, L50, M|\n|poke|p1|Incineroar, L50, M|\n|poke|p1|Iron Jugulis, L50|\n|poke|p1|Urshifu-*, L50, M|\n|poke|p1|Amoonguss, L50, M|\n|poke|p2|Groudon, L50|\n|poke|p2|Gouging Fire, L50|\n|poke|p2|Chien-Pao, L50|\n|poke|p2|Urshifu-*, L50, M|\n|poke|p2|Volcarona, L50, M|\n|poke|p2|Raging Bolt, L50|\n|teampreview|4\n|inactive|Battle timer is ON: inactive players will automatically lose when time's up. (requested by Fra5670)\n|j| meklae\n|inactive|RandomDuVGCFR has 60 seconds left.\n|inactive|Fra5670 has 60 seconds left.\n|\n|t:|1737569908\n|start\n|switch|p1a: Incineroar|Incineroar, L50, M|100\/100\n|switch|p1b: Urshifu|Urshifu-Rapid-Strike, L50, M|100\/100\n|switch|p2a: Volcarona|Volcarona, L50, M, shiny|100\/100\n|switch|p2b: Gouging Fire|Gouging Fire, L50|100\/100\n|-ability|p1a: Incineroar|Intimidate|boost\n|-unboost|p2a: Volcarona|atk|1\n|-fail|p2b: Gouging Fire|unboost|[from] item: Clear Amulet|[of] p2b: Gouging Fire\n|turn|1\n|inactive|Fra5670 has 30 seconds left.\n|\n|t:|1737569934\n|switch|p1a: Kyogre|Kyogre, L50|100\/100\n|-weather|RainDance|[from] ability: Drizzle|[of] p1a: Kyogre\n|-terastallize|p2a: Volcarona|Water\n|move|p1b: Urshifu|Surging Strikes|p2b: Gouging Fire\n|-crit|p2b: Gouging Fire\n|-damage|p2b: Gouging Fire|75\/100\n|-crit|p2b: Gouging Fire\n|-damage|p2b: Gouging Fire|47\/100\n|-crit|p2b: Gouging Fire\n|-damage|p2b: Gouging Fire|19\/100\n|-hitcount|p2b: Gouging Fire|3\n|move|p2b: Gouging Fire|Breaking Swipe|p1b: Urshifu|[spread] p1a,p1b\n|-damage|p1a: Kyogre|84\/100\n|-damage|p1b: Urshifu|78\/100\n|-unboost|p1a: Kyogre|atk|1\n|-unboost|p1b: Urshifu|atk|1\n|move|p2a: Volcarona|Tailwind|p2a: Volcarona\n|-sidestart|p2: Fra5670|move: Tailwind\n|\n|-weather|RainDance|[upkeep]\n|-heal|p1a: Kyogre|91\/100|[from] item: Leftovers\n|upkeep\n|turn|2\n|\n|t:|1737569954\n|switch|p1a: Rillaboom|Rillaboom, L50, M|100\/100\n|-fieldstart|move: Grassy Terrain|[from] ability: Grassy Surge|[of] p1a: Rillaboom\n|move|p2b: Gouging Fire|Breaking Swipe|p1b: Urshifu|[spread] p1a,p1b\n|-damage|p1a: Rillaboom|85\/100\n|-damage|p1b: Urshifu|57\/100\n|-unboost|p1a: Rillaboom|atk|1\n|-unboost|p1b: Urshifu|atk|1\n|move|p2a: Volcarona|Will-O-Wisp|p1b: Urshifu|[miss]\n|-miss|p2a: Volcarona|p1b: Urshifu\n|move|p1b: Urshifu|Surging Strikes|p2b: Gouging Fire\n|-crit|p2b: Gouging Fire\n|-damage|p2b: Gouging Fire|0 fnt\n|faint|p2b: Gouging Fire\n|-end|p2b: Gouging Fire|Protosynthesis|[silent]\n|-hitcount|p2: Gouging Fire|1\n|\n|-weather|RainDance|[upkeep]\n|-heal|p1b: Urshifu|64\/100|[from] Grassy Terrain\n|-heal|p1a: Rillaboom|91\/100|[from] Grassy Terrain\n|upkeep\n|\n|t:|1737569967\n|switch|p2b: Chien-Pao|Chien-Pao, L50|100\/100\n|-ability|p2b: Chien-Pao|Sword of Ruin\n|turn|3\n|\n|t:|1737569974\n|switch|p1b: Incineroar|Incineroar, L50, M|100\/100\n|-ability|p1b: Incineroar|Intimidate|boost\n|-unboost|p2a: Volcarona|atk|1\n|-unboost|p2b: Chien-Pao|atk|1\n|-terastallize|p1a: Rillaboom|Fire\n|move|p2a: Volcarona|Rage Powder|p2a: Volcarona\n|-singleturn|p2a: Volcarona|move: Rage Powder\n|move|p2b: Chien-Pao|Icicle Crash|p1a: Rillaboom\n|-resisted|p1a: Rillaboom\n|-damage|p1a: Rillaboom|75\/100\n|move|p1a: Rillaboom|Wood Hammer|p2a: Volcarona\n|-supereffective|p2a: Volcarona\n|-damage|p2a: Volcarona|0 fnt\n|-damage|p1a: Rillaboom|59\/100|[from] item: Rocky Helmet|[of] p2a: Volcarona\n|faint|p2a: Volcarona\n|-damage|p1a: Rillaboom|28\/100|[from] Recoil\n|\n|-weather|RainDance|[upkeep]\n|-heal|p1a: Rillaboom|34\/100|[from] Grassy Terrain\n|upkeep\n|\n|t:|1737569985\n|switch|p2a: Groudon|Groudon, L50|100\/100\n|-weather|SunnyDay|[from] ability: Drought|[of] p2a: Groudon\n|turn|4\n|\n|t:|1737570000\n|move|p1a: Rillaboom|Grassy Glide|p2a: Groudon\n|-supereffective|p2a: Groudon\n|-damage|p2a: Groudon|56\/100\n|move|p2b: Chien-Pao|Sacred Sword|p1b: Incineroar\n|-supereffective|p1b: Incineroar\n|-crit|p1b: Incineroar\n|-damage|p1b: Incineroar|3\/100\n|move|p2a: Groudon|Thunder Punch|p1a: Rillaboom\n|-damage|p1a: Rillaboom|2\/100\n|move|p1b: Incineroar|Will-O-Wisp|p2a: Groudon|[miss]\n|-miss|p1b: Incineroar|p2a: Groudon\n|\n|-weather|SunnyDay|[upkeep]\n|-heal|p2a: Groudon|62\/100|[from] Grassy Terrain\n|-heal|p1a: Rillaboom|8\/100|[from] Grassy Terrain\n|-heal|p1b: Incineroar|9\/100|[from] Grassy Terrain\n|-sideend|p2: Fra5670|move: Tailwind\n|upkeep\n|turn|5\n|\n|t:|1737570019\n|move|p2b: Chien-Pao|Sucker Punch|p1a: Rillaboom\n|-damage|p1a: Rillaboom|0 fnt\n|faint|p1a: Rillaboom\n|move|p2a: Groudon|Precipice Blades|p1b: Incineroar|[miss]\n|-miss|p2a: Groudon|p1b: Incineroar\n|move|p1b: Incineroar|Knock Off|p2b: Chien-Pao\n|-resisted|p2b: Chien-Pao\n|-damage|p2b: Chien-Pao|73\/100\n|-enditem|p2b: Chien-Pao|Focus Sash|[from] move: Knock Off|[of] p1b: Incineroar\n|\n|-weather|SunnyDay|[upkeep]\n|-heal|p2b: Chien-Pao|79\/100|[from] Grassy Terrain\n|-heal|p2a: Groudon|68\/100|[from] Grassy Terrain\n|-heal|p1b: Incineroar|15\/100|[from] Grassy Terrain\n|upkeep\n|\n|t:|1737570026\n|switch|p1a: Urshifu|Urshifu-Rapid-Strike, L50, M|64\/100\n|turn|6\n|\n|t:|1737570043\n|switch|p1b: Kyogre|Kyogre, L50|91\/100\n|-weather|RainDance|[from] ability: Drizzle|[of] p1b: Kyogre\n|move|p1a: Urshifu|Surging Strikes|p2a: Groudon\n|-supereffective|p2a: Groudon\n|-crit|p2a: Groudon\n|-damage|p2a: Groudon|9\/100\n|-supereffective|p2a: Groudon\n|-crit|p2a: Groudon\n|-damage|p2a: Groudon|0 fnt\n|faint|p2a: Groudon\n|-hitcount|p2: Groudon|2\n|move|p2b: Chien-Pao|Sacred Sword|p1b: Kyogre\n|-damage|p1b: Kyogre|67\/100\n|\n|-weather|RainDance|[upkeep]\n|-heal|p1a: Urshifu|70\/100|[from] Grassy Terrain\n|-heal|p2b: Chien-Pao|85\/100|[from] Grassy Terrain\n|-heal|p1b: Kyogre|73\/100|[from] Grassy Terrain\n|-heal|p1b: Kyogre|80\/100|[from] item: Leftovers\n|-fieldend|move: Grassy Terrain\n|upkeep\n|turn|7\n|c|\u2606RandomDuVGCFR|gg\n|-message|Fra5670 forfeited.\n|\n|win|RandomDuVGCFR\n|raw|RandomDuVGCFR's rating: 1588 &rarr; <strong>1612<\/strong><br \/>(+24 for winning)\n|raw|Fra5670's rating: 1658 &rarr; <strong>1634<\/strong><br \/>(-24 for losing)\n|l|\u2606Fra5670\n|player|p2|\n|l| meklae\n|l|\u2606RandomDuVGCFR\n|player|p1|\n","uploadtime":1737570318,"views":17,"formatid":"gen9vgc2025regg","rating":1612,"private":0,"password":null}