{"id":"gen9vgc2025regg-2286116216","format":"[Gen 9] VGC 2025 Reg G","players":["RandomDuVGCFR","dinglustan"],"log":"|j|\u2606RandomDuVGCFR\n|j|\u2606dinglustan\n|t:|1737569498\n|gametype|doubles\n|player|p1|RandomDuVGCFR|dragontamer|1614\n|player|p2|dinglustan|266|1507\n|teamsize|p1|6\n|teamsize|p2|6\n|gen|9\n|tier|[Gen 9] VGC 2025 Reg G\n|rated|\n|rule|Species Clause: Limit one of each Pok\u00e9mon\n|rule|Item Clause: Limit 1 of each item\n|clearpoke\n|poke|p1|Kyogre, L50|\n|poke|p1|Rillaboom, L50, F|\n|poke|p1|Incineroar, L50, F|\n|poke|p1|Iron Jugulis, L50|\n|poke|p1|Urshifu-*, L50, F|\n|poke|p1|Amoonguss, L50, M|\n|poke|p2|Groudon, L50|\n|poke|p2|Rillaboom, L50, F|\n|poke|p2|Gouging Fire, L50|\n|poke|p2|Walking Wake, L50|\n|poke|p2|Grimmsnarl, L50, M|\n|poke|p2|Spectrier, L50|\n|teampreview|4\n|inactive|Battle timer is ON: inactive players will automatically lose when time's up. (requested by dinglustan)\n|\n|t:|1737569523\n|start\n|switch|p1a: Incineroar|Incineroar, L50, F|100\/100\n|switch|p1b: Urshifu|Urshifu-Rapid-Strike, L50, F|100\/100\n|switch|p2a: Grimmsnarl|Grimmsnarl, L50, M|100\/100\n|switch|p2b: Spectrier|Spectrier, L50|100\/100\n|-ability|p1a: Incineroar|Intimidate|boost\n|-unboost|p2a: Grimmsnarl|atk|1\n|-unboost|p2b: Spectrier|atk|1\n|turn|1\n|\n|t:|1737569536\n|switch|p2a: Groudon|Groudon, L50|100\/100\n|-weather|SunnyDay|[from] ability: Drought|[of] p2a: Groudon\n|move|p1a: Incineroar|Fake Out|p2a: Groudon\n|-damage|p2a: Groudon|94\/100\n|move|p1b: Urshifu|Surging Strikes|p2b: Spectrier\n|-crit|p2b: Spectrier\n|-damage|p2b: Spectrier|88\/100\n|-crit|p2b: Spectrier\n|-damage|p2b: Spectrier|77\/100\n|-crit|p2b: Spectrier\n|-damage|p2b: Spectrier|64\/100\n|-hitcount|p2b: Spectrier|3\n|move|p2b: Spectrier|Will-O-Wisp|p1b: Urshifu\n|-status|p1b: Urshifu|brn\n|\n|-weather|SunnyDay|[upkeep]\n|-damage|p1b: Urshifu|94\/100 brn|[from] brn\n|upkeep\n|turn|2\n|\n|t:|1737569549\n|switch|p2a: Grimmsnarl|Grimmsnarl, L50, M|100\/100\n|switch|p1a: Kyogre|Kyogre, L50|100\/100\n|-weather|RainDance|[from] ability: Drizzle|[of] p1a: Kyogre\n|move|p1b: Urshifu|Surging Strikes|p2a: Grimmsnarl\n|-crit|p2a: Grimmsnarl\n|-damage|p2a: Grimmsnarl|86\/100\n|-crit|p2a: Grimmsnarl\n|-damage|p2a: Grimmsnarl|69\/100\n|-crit|p2a: Grimmsnarl\n|-damage|p2a: Grimmsnarl|53\/100\n|-hitcount|p2a: Grimmsnarl|3\n|move|p2b: Spectrier|Draining Kiss|p1b: Urshifu\n|-supereffective|p1b: Urshifu\n|-crit|p1b: Urshifu\n|-damage|p1b: Urshifu|27\/100 brn\n|-heal|p2b: Spectrier|100\/100|[from] drain|[of] p1b: Urshifu\n|\n|-weather|RainDance|[upkeep]\n|-damage|p1b: Urshifu|21\/100 brn|[from] brn\n|upkeep\n|turn|3\n|\n|t:|1737569567\n|switch|p1a: Incineroar|Incineroar, L50, F|100\/100\n|-ability|p1a: Incineroar|Intimidate|boost\n|-unboost|p2a: Grimmsnarl|atk|1\n|-unboost|p2b: Spectrier|atk|1\n|move|p2a: Grimmsnarl|Light Screen|p2a: Grimmsnarl\n|-sidestart|p2: dinglustan|move: Light Screen\n|move|p1b: Urshifu|Surging Strikes|p2a: Grimmsnarl\n|-crit|p2a: Grimmsnarl\n|-damage|p2a: Grimmsnarl|38\/100\n|-crit|p2a: Grimmsnarl\n|-damage|p2a: Grimmsnarl|22\/100\n|-crit|p2a: Grimmsnarl\n|-damage|p2a: Grimmsnarl|6\/100\n|-hitcount|p2a: Grimmsnarl|3\n|move|p2b: Spectrier|Snarl|p1b: Urshifu|[spread] p1a,p1b\n|-resisted|p1a: Incineroar\n|-resisted|p1b: Urshifu\n|-damage|p1a: Incineroar|95\/100\n|-damage|p1b: Urshifu|11\/100 brn\n|-unboost|p1a: Incineroar|spa|1\n|-unboost|p1b: Urshifu|spa|1\n|-enditem|p2b: Spectrier|Throat Spray\n|-boost|p2b: Spectrier|spa|1|[from] item: Throat Spray\n|\n|-weather|RainDance|[upkeep]\n|-damage|p1b: Urshifu|4\/100 brn|[from] brn\n|upkeep\n|turn|4\n|\n|t:|1737569586\n|switch|p1a: Kyogre|Kyogre, L50|100\/100\n|-terastallize|p2b: Spectrier|Fairy\n|move|p2a: Grimmsnarl|Reflect|p2a: Grimmsnarl\n|-sidestart|p2: dinglustan|Reflect\n|move|p1b: Urshifu|Surging Strikes|p2b: Spectrier\n|-crit|p2b: Spectrier\n|-damage|p2b: Spectrier|82\/100\n|-crit|p2b: Spectrier\n|-damage|p2b: Spectrier|64\/100\n|-crit|p2b: Spectrier\n|-damage|p2b: Spectrier|46\/100\n|-hitcount|p2b: Spectrier|3\n|move|p2b: Spectrier|Draining Kiss|p1b: Urshifu\n|-supereffective|p1b: Urshifu\n|-damage|p1b: Urshifu|0 fnt\n|-heal|p2b: Spectrier|49\/100|[from] drain|[of] p1b: Urshifu\n|faint|p1b: Urshifu\n|-ability|p2b: Spectrier|Grim Neigh|boost\n|-boost|p2b: Spectrier|spa|1\n|\n|-weather|RainDance|[upkeep]\n|upkeep\n|\n|t:|1737569601\n|switch|p1b: Iron Jugulis|Iron Jugulis, L50|100\/100\n|-enditem|p1b: Iron Jugulis|Booster Energy\n|-activate|p1b: Iron Jugulis|ability: Quark Drive|[fromitem]\n|-start|p1b: Iron Jugulis|quarkdrivespe\n|turn|5\n|\n|t:|1737569615\n|-terastallize|p1b: Iron Jugulis|Poison\n|move|p2a: Grimmsnarl|Thunder Wave|p1a: Kyogre\n|-status|p1a: Kyogre|par\n|move|p1b: Iron Jugulis|Hurricane|p2b: Spectrier\n|-damage|p2b: Spectrier|11\/100\n|move|p2b: Spectrier|Draining Kiss|p1b: Iron Jugulis\n|-resisted|p1b: Iron Jugulis\n|-damage|p1b: Iron Jugulis|68\/100\n|-heal|p2b: Spectrier|32\/100|[from] drain|[of] p1b: Iron Jugulis\n|move|p1a: Kyogre|Origin Pulse|p2b: Spectrier|[spread] p2a,p2b\n|-damage|p2a: Grimmsnarl|0 fnt\n|-damage|p2b: Spectrier|0 fnt\n|faint|p2a: Grimmsnarl\n|faint|p2b: Spectrier\n|\n|-weather|RainDance|[upkeep]\n|upkeep\n|\n|t:|1737569625\n|switch|p2b: Groudon|Groudon, L50|94\/100\n|switch|p2a: Rillaboom|Rillaboom, L50, F|100\/100\n|-weather|SunnyDay|[from] ability: Drought|[of] p2b: Groudon\n|-fieldstart|move: Grassy Terrain|[from] ability: Grassy Surge|[of] p2a: Rillaboom\n|turn|6\n|\n|t:|1737569634\n|switch|p1a: Incineroar|Incineroar, L50, F|95\/100\n|-ability|p1a: Incineroar|Intimidate|boost\n|-unboost|p2a: Rillaboom|atk|1\n|-fail|p2b: Groudon|unboost|[from] item: Clear Amulet|[of] p2b: Groudon\n|move|p1b: Iron Jugulis|Protect|p1b: Iron Jugulis\n|-singleturn|p1b: Iron Jugulis|Protect\n|move|p2b: Groudon|Precipice Blades|p1a: Incineroar|[spread] p1a\n|-activate|p1b: Iron Jugulis|move: Protect\n|-supereffective|p1a: Incineroar\n|-damage|p1a: Incineroar|4\/100\n|move|p2a: Rillaboom|High Horsepower|p1b: Iron Jugulis\n|-activate|p1b: Iron Jugulis|move: Protect\n|\n|-weather|SunnyDay|[upkeep]\n|-heal|p1b: Iron Jugulis|74\/100|[from] Grassy Terrain\n|-heal|p2b: Groudon|99\/100|[from] Grassy Terrain\n|-heal|p1a: Incineroar|10\/100|[from] Grassy Terrain\n|upkeep\n|turn|7\n|\n|t:|1737569657\n|switch|p1a: Kyogre|Kyogre, L50|100\/100 par\n|-weather|RainDance|[from] ability: Drizzle|[of] p1a: Kyogre\n|move|p2b: Groudon|Protect|p2b: Groudon\n|-singleturn|p2b: Groudon|Protect\n|move|p1b: Iron Jugulis|Hurricane|p2a: Rillaboom\n|-supereffective|p2a: Rillaboom\n|-damage|p2a: Rillaboom|57\/100\n|move|p2a: Rillaboom|High Horsepower|p1a: Kyogre\n|-damage|p1a: Kyogre|84\/100 par\n|\n|-weather|RainDance|[upkeep]\n|-heal|p1b: Iron Jugulis|79\/100|[from] Grassy Terrain\n|-heal|p2b: Groudon|100\/100|[from] Grassy Terrain\n|-heal|p2a: Rillaboom|63\/100|[from] Grassy Terrain\n|-heal|p1a: Kyogre|91\/100 par|[from] Grassy Terrain\n|-heal|p1a: Kyogre|97\/100 par|[from] item: Leftovers\n|upkeep\n|turn|8\n|\n|t:|1737569670\n|move|p2a: Rillaboom|Grassy Glide|p1a: Kyogre\n|-supereffective|p1a: Kyogre\n|-damage|p1a: Kyogre|61\/100 par\n|move|p1b: Iron Jugulis|Hurricane|p2a: Rillaboom\n|-supereffective|p2a: Rillaboom\n|-damage|p2a: Rillaboom|15\/100\n|-start|p2a: Rillaboom|confusion\n|move|p2b: Groudon|Precipice Blades|p1a: Kyogre|[spread] p1a,p1b\n|-supereffective|p1b: Iron Jugulis\n|-damage|p1a: Kyogre|18\/100 par\n|-damage|p1b: Iron Jugulis|0 fnt\n|faint|p1b: Iron Jugulis\n|-end|p1b: Iron Jugulis|Quark Drive|[silent]\n|move|p1a: Kyogre|Origin Pulse|p2a: Rillaboom|[spread] p2a\n|-miss|p1a: Kyogre|p2b: Groudon\n|-resisted|p2a: Rillaboom\n|-damage|p2a: Rillaboom|0 fnt\n|faint|p2a: Rillaboom\n|\n|-weather|RainDance|[upkeep]\n|-heal|p1a: Kyogre|24\/100 par|[from] Grassy Terrain\n|-heal|p1a: Kyogre|30\/100 par|[from] item: Leftovers\n|upkeep\n|\n|t:|1737569686\n|switch|p1b: Incineroar|Incineroar, L50, F|10\/100\n|-ability|p1b: Incineroar|Intimidate|boost\n|-fail|p2b: Groudon|unboost|[from] item: Clear Amulet|[of] p2b: Groudon\n|turn|9\n|\n|t:|1737569691\n|move|p2b: Groudon|Protect|p2b: Groudon\n|-singleturn|p2b: Groudon|Protect\n|move|p1b: Incineroar|Fake Out|p2b: Groudon\n|-activate|p2b: Groudon|move: Protect\n|move|p1a: Kyogre|Calm Mind|p1a: Kyogre\n|-boost|p1a: Kyogre|spa|1\n|-boost|p1a: Kyogre|spd|1\n|\n|-weather|RainDance|[upkeep]\n|-heal|p1b: Incineroar|16\/100|[from] Grassy Terrain\n|-heal|p1a: Kyogre|36\/100 par|[from] Grassy Terrain\n|-heal|p1a: Kyogre|43\/100 par|[from] item: Leftovers\n|upkeep\n|turn|10\n|\n|t:|1737569697\n|move|p2b: Groudon|Precipice Blades|p1a: Kyogre|[spread] p1a,p1b\n|-supereffective|p1b: Incineroar\n|-damage|p1a: Kyogre|0 fnt\n|-damage|p1b: Incineroar|0 fnt\n|faint|p1a: Kyogre\n|faint|p1b: Incineroar\n|\n|win|dinglustan\n|raw|RandomDuVGCFR's rating: 1614 &rarr; <strong>1588<\/strong><br \/>(-26 for losing)\n|raw|dinglustan's rating: 1507 &rarr; <strong>1533<\/strong><br \/>(+26 for winning)\n|l|\u2606dinglustan\n|player|p2|\n|l|\u2606RandomDuVGCFR\n|player|p1|\n","uploadtime":1737569903,"views":17,"formatid":"gen9vgc2025regg","rating":1533,"private":0,"password":null}