{"id":"gen9vgc2025regg-2286914356","format":"[Gen 9] VGC 2025 Reg G","players":["infinitygroudon","MasterofMetapods5"],"log":"|j|\u2606infinitygroudon\n|j|\u2606MasterofMetapods5\n|t:|1737667653\n|gametype|doubles\n|player|p1|infinitygroudon|266|1602\n|player|p2|MasterofMetapods5|265|1567\n|teamsize|p1|6\n|teamsize|p2|6\n|gen|9\n|tier|[Gen 9] VGC 2025 Reg G\n|rated|\n|rule|Species Clause: Limit one of each Pok\u00e9mon\n|rule|Item Clause: Limit 1 of each item\n|clearpoke\n|poke|p1|Calyrex-Shadow, L50|\n|poke|p1|Incineroar, L50, M|\n|poke|p1|Weezing-Galar, L50, M|\n|poke|p1|Indeedee-F, L50, F|\n|poke|p1|Iron Valiant, L50|\n|poke|p1|Ursaluna-Bloodmoon, L50, M|\n|poke|p2|Groudon, L50|\n|poke|p2|Rillaboom, L50, F|\n|poke|p2|Raging Bolt, L50|\n|poke|p2|Grimmsnarl, L50, M|\n|poke|p2|Incineroar, L50, F|\n|poke|p2|Gholdengo, L50|\n|teampreview|4\n|\n|t:|1737667669\n|start\n|switch|p1a: Mr. Gassy|Weezing-Galar, L50, M|100\/100\n|switch|p1b: Charming|Iron Valiant, L50, shiny|100\/100\n|switch|p2a: Grimmsnarl|Grimmsnarl, L50, M|100\/100\n|switch|p2b: Groudon|Groudon, L50|100\/100\n|-ability|p1a: Mr. Gassy|Neutralizing Gas\n|turn|1\n|\n|t:|1737667682\n|-terastallize|p1b: Charming|Fairy\n|move|p1b: Charming|Spirit Break|p2a: Grimmsnarl\n|-supereffective|p2a: Grimmsnarl\n|-damage|p2a: Grimmsnarl|0 fnt\n|faint|p2a: Grimmsnarl\n|move|p2b: Groudon|Precipice Blades|p1b: Charming|[spread] p1a,p1b\n|-supereffective|p1a: Mr. Gassy\n|-damage|p1a: Mr. Gassy|5\/100\n|-damage|p1b: Charming|36\/100\n|-enditem|p1a: Mr. Gassy|Sitrus Berry|[eat]\n|-heal|p1a: Mr. Gassy|30\/100|[from] item: Sitrus Berry\n|move|p1a: Mr. Gassy|Will-O-Wisp|p2b: Groudon\n|-status|p2b: Groudon|brn\n|\n|-damage|p2b: Groudon|94\/100 brn|[from] brn\n|upkeep\n|\n|t:|1737667687\n|switch|p2a: Gholdengo|Gholdengo, L50|100\/100\n|turn|2\n|\n|t:|1737667697\n|move|p1a: Mr. Gassy|Protect|p1a: Mr. Gassy\n|-singleturn|p1a: Mr. Gassy|Protect\n|move|p1b: Charming|Spirit Break|p2b: Groudon\n|-damage|p2b: Groudon|56\/100 brn\n|move|p2b: Groudon|Precipice Blades|p1b: Charming|[spread] p1b\n|-activate|p1a: Mr. Gassy|move: Protect\n|-damage|p1b: Charming|7\/100\n|move|p2a: Gholdengo|Nasty Plot|p2a: Gholdengo\n|-boost|p2a: Gholdengo|spa|2\n|\n|-damage|p2b: Groudon|50\/100 brn|[from] brn\n|upkeep\n|turn|3\n|\n|t:|1737667708\n|move|p1b: Charming|Close Combat|p2b: Groudon\n|-damage|p2b: Groudon|11\/100 brn\n|-unboost|p1b: Charming|def|1\n|-unboost|p1b: Charming|spd|1\n|move|p2b: Groudon|Precipice Blades|p1a: Mr. Gassy|[spread] p1a,p1b\n|-supereffective|p1a: Mr. Gassy\n|-damage|p1a: Mr. Gassy|0 fnt\n|-damage|p1b: Charming|0 fnt\n|faint|p1a: Mr. Gassy\n|-end|p1a: Mr. Gassy|ability: Neutralizing Gas\n|-weather|SunnyDay|[from] ability: Drought|[of] p2b: Groudon\n|faint|p1b: Charming\n|-end|p1b: Charming|Quark Drive|[silent]\n|move|p2a: Gholdengo|Nasty Plot|p2a: Gholdengo\n|-boost|p2a: Gholdengo|spa|2\n|\n|-weather|SunnyDay|[upkeep]\n|-damage|p2b: Groudon|5\/100 brn|[from] brn\n|upkeep\n|\n|t:|1737667713\n|switch|p1b: Duncan|Calyrex-Shadow, L50|100\/100\n|switch|p1a: Suthen|Indeedee-F, L50, F|100\/100\n|-ability|p1b: Duncan|As One\n|-ability|p1b: Duncan|Unnerve\n|-fieldstart|move: Psychic Terrain|[from] ability: Psychic Surge|[of] p1a: Suthen\n|turn|4\n|\n|t:|1737667722\n|-terastallize|p2a: Gholdengo|Normal\n|move|p1a: Suthen|Helping Hand|p1b: Duncan\n|-singleturn|p1b: Duncan|Helping Hand|[of] p1a: Suthen\n|move|p1b: Duncan|Expanding Force|p2a: Gholdengo|[spread] p2a,p2b\n|-damage|p2a: Gholdengo|0 fnt\n|-damage|p2b: Groudon|0 fnt\n|faint|p2a: Gholdengo\n|faint|p2b: Groudon\n|-ability|p1b: Duncan|Grim Neigh|boost\n|-boost|p1b: Duncan|spa|2\n|-damage|p1b: Duncan|91\/100|[from] item: Life Orb\n|\n|-weather|SunnyDay|[upkeep]\n|upkeep\n|\n|t:|1737667729\n|switch|p2b: Incineroar|Incineroar, L50, F|100\/100\n|-ability|p2b: Incineroar|Intimidate|boost\n|-unboost|p1a: Suthen|atk|1\n|-unboost|p1b: Duncan|atk|1\n|turn|5\n|\n|t:|1737667732\n|move|p1a: Suthen|Follow Me|p1a: Suthen\n|-singleturn|p1a: Suthen|move: Follow Me\n|move|p1b: Duncan|Astral Barrage|p2b: Incineroar\n|-resisted|p2b: Incineroar\n|-damage|p2b: Incineroar|22\/100\n|-damage|p1b: Duncan|81\/100|[from] item: Life Orb\n|move|p2b: Incineroar|Knock Off|p1a: Suthen\n|-supereffective|p1a: Suthen\n|-damage|p1a: Suthen|16\/100\n|-damage|p2b: Incineroar|5\/100|[from] item: Rocky Helmet|[of] p1a: Suthen\n|-enditem|p1a: Suthen|Rocky Helmet|[from] move: Knock Off|[of] p2b: Incineroar\n|\n|-weather|SunnyDay|[upkeep]\n|upkeep\n|turn|6\n|\n|t:|1737667738\n|move|p1a: Suthen|Follow Me|p1a: Suthen\n|-singleturn|p1a: Suthen|move: Follow Me\n|move|p1b: Duncan|Astral Barrage|p2b: Incineroar\n|-resisted|p2b: Incineroar\n|-damage|p2b: Incineroar|0 fnt\n|faint|p2b: Incineroar\n|-damage|p1b: Duncan|72\/100|[from] item: Life Orb\n|\n|win|infinitygroudon\n|raw|infinitygroudon's rating: 1602 &rarr; <strong>1620<\/strong><br \/>(+18 for winning)\n|raw|MasterofMetapods5's rating: 1567 &rarr; <strong>1549<\/strong><br \/>(-18 for losing)\n|l|\u2606infinitygroudon\n|player|p1|\n|l|\u2606MasterofMetapods5\n|player|p2|\n","uploadtime":1737667936,"views":13,"formatid":"gen9vgc2025regg","rating":1549,"private":0,"password":null}