{"id":"gen9vgc2025regg-2286603512","format":"[Gen 9] VGC 2025 Reg G","players":["Dozorex9","pig duck eater"],"log":"|j|\u2606Dozorex9\n|j|\u2606pig duck eater\n|t:|1737635058\n|gametype|doubles\n|player|p1|Dozorex9|bugcatcher-gen4dp|1552\n|player|p2|pig duck eater|266|1578\n|teamsize|p1|6\n|teamsize|p2|6\n|gen|9\n|tier|[Gen 9] VGC 2025 Reg G\n|rated|\n|rule|Species Clause: Limit one of each Pok\u00e9mon\n|rule|Item Clause: Limit 1 of each item\n|clearpoke\n|poke|p1|Calyrex-Ice, L50|\n|poke|p1|Iron Valiant, L50|\n|poke|p1|Landorus, L50, M|\n|poke|p1|Urshifu-*, L50, F|\n|poke|p1|Pelipper, L50, M|\n|poke|p1|Amoonguss, L50, M|\n|poke|p2|Wyrdeer, L50, M|\n|poke|p2|Weezing-Galar, L50, F|\n|poke|p2|Baxcalibur, L50, M|\n|poke|p2|Kyogre, L50|\n|poke|p2|Indeedee-F, L50, F|\n|poke|p2|Garganacl, L50, M|\n|teampreview|4\n|j| Kal0stest\n|\n|t:|1737635150\n|start\n|switch|p1a: Calyrex|Calyrex-Ice, L50|100\/100\n|switch|p1b: Iron Valiant|Iron Valiant, L50|100\/100\n|switch|p2a: Indeedee|Indeedee-F, L50, F|100\/100\n|switch|p2b: Kyogre|Kyogre, L50|100\/100\n|-ability|p1a: Calyrex|As One\n|-ability|p1a: Calyrex|Unnerve\n|-weather|RainDance|[from] ability: Drizzle|[of] p2b: Kyogre\n|-fieldstart|move: Psychic Terrain|[from] ability: Psychic Surge|[of] p2a: Indeedee\n|-enditem|p2a: Indeedee|Psychic Seed\n|-boost|p2a: Indeedee|spd|1|[from] item: Psychic Seed\n|-enditem|p1b: Iron Valiant|Booster Energy\n|-activate|p1b: Iron Valiant|ability: Quark Drive|[fromitem]\n|-start|p1b: Iron Valiant|quarkdrivespe\n|turn|1\n|\n|t:|1737635163\n|-terastallize|p1a: Calyrex|Grass\n|move|p1b: Iron Valiant|Spirit Break|p2b: Kyogre\n|-damage|p2b: Kyogre|62\/100\n|-unboost|p2b: Kyogre|spa|1\n|move|p2b: Kyogre|Hydro Pump|p1b: Iron Valiant|[miss]\n|-miss|p2b: Kyogre|p1b: Iron Valiant\n|move|p2a: Indeedee|Baton Pass|p2a: Indeedee\n|\n|t:|1737635172\n|switch|p2a: Garganacl|Garganacl, L50, M|100\/100|[from] Baton Pass\n|move|p1a: Calyrex|Glacial Lance|p2a: Garganacl|[spread] p2a,p2b\n|-resisted|p2b: Kyogre\n|-damage|p2a: Garganacl|70\/100\n|-damage|p2b: Kyogre|32\/100\n|\n|-weather|RainDance|[upkeep]\n|upkeep\n|turn|2\n|\n|t:|1737635192\n|switch|p2b: Wyrdeer|Wyrdeer, L50, M|100\/100\n|-ability|p2b: Wyrdeer|Intimidate|boost\n|-fail|p1a: Calyrex|unboost|[from] item: Clear Amulet|[of] p1a: Calyrex\n|-unboost|p1b: Iron Valiant|atk|1\n|move|p1b: Iron Valiant|Coaching|p1a: Calyrex\n|-boost|p1a: Calyrex|atk|1\n|-boost|p1a: Calyrex|def|1\n|move|p1a: Calyrex|High Horsepower|p2a: Garganacl\n|-supereffective|p2a: Garganacl\n|-damage|p2a: Garganacl|9\/100\n|-damage|p1a: Calyrex|84\/100|[from] item: Rocky Helmet|[of] p2a: Garganacl\n|move|p2a: Garganacl|Salt Cure|p1a: Calyrex\n|-damage|p1a: Calyrex|79\/100\n|-start|p1a: Calyrex|Salt Cure\n|\n|-weather|RainDance|[upkeep]\n|-damage|p1a: Calyrex|67\/100|[from] Salt Cure\n|upkeep\n|turn|3\n|\n|t:|1737635213\n|move|p2a: Garganacl|Protect|p2a: Garganacl\n|-singleturn|p2a: Garganacl|Protect\n|move|p1b: Iron Valiant|Spirit Break|p2a: Garganacl\n|-activate|p2a: Garganacl|move: Protect\n|move|p2b: Wyrdeer|Hypnosis|p1a: Calyrex|[miss]\n|-miss|p2b: Wyrdeer|p1a: Calyrex\n|move|p1a: Calyrex|Trick Room|p1a: Calyrex\n|-fieldstart|move: Trick Room|[of] p1a: Calyrex\n|\n|-weather|RainDance|[upkeep]\n|-damage|p1a: Calyrex|55\/100|[from] Salt Cure\n|upkeep\n|turn|4\n|\n|t:|1737635230\n|-end|p1b: Iron Valiant|Quark Drive|[silent]\n|switch|p1b: Amoonguss|Amoonguss, L50, M|100\/100\n|move|p2a: Garganacl|Wide Guard|p2a: Garganacl\n|-singleturn|p2a: Garganacl|Wide Guard\n|move|p1a: Calyrex|Glacial Lance|p2b: Wyrdeer|[spread] \n|-activate|p2a: Garganacl|move: Wide Guard\n|-activate|p2b: Wyrdeer|move: Wide Guard\n|move|p2b: Wyrdeer|Hypnosis|p1a: Calyrex|[miss]\n|-miss|p2b: Wyrdeer|p1a: Calyrex\n|\n|-weather|RainDance|[upkeep]\n|-damage|p1a: Calyrex|43\/100|[from] Salt Cure\n|upkeep\n|turn|5\n|\n|t:|1737635243\n|move|p2a: Garganacl|Wide Guard|p2a: Garganacl\n|-singleturn|p2a: Garganacl|Wide Guard\n|move|p1b: Amoonguss|Pollen Puff|p1a: Calyrex\n|-heal|p1a: Calyrex|93\/100\n|move|p1a: Calyrex|Glacial Lance|p2b: Wyrdeer|[spread] \n|-activate|p2a: Garganacl|move: Wide Guard\n|-activate|p2b: Wyrdeer|move: Wide Guard\n|move|p2b: Wyrdeer|Hypnosis|p1a: Calyrex\n|-status|p1a: Calyrex|slp|[from] move: Hypnosis\n|\n|-weather|none\n|-damage|p1a: Calyrex|81\/100 slp|[from] Salt Cure\n|-fieldend|move: Psychic Terrain\n|upkeep\n|turn|6\n|\n|t:|1737635267\n|switch|p2a: Indeedee|Indeedee-F, L50, F|100\/100\n|-fieldstart|move: Psychic Terrain|[from] ability: Psychic Surge|[of] p2a: Indeedee\n|move|p1b: Amoonguss|Spore|p2b: Wyrdeer\n|-activate|p2b: Wyrdeer|item: Safety Goggles|Spore\n|cant|p1a: Calyrex|slp\n|move|p2b: Wyrdeer|Expanding Force|p1a: Calyrex|[spread] p1a,p1b\n|-supereffective|p1b: Amoonguss\n|-crit|p1b: Amoonguss\n|-damage|p1a: Calyrex|53\/100 slp\n|-damage|p1b: Amoonguss|0 fnt\n|faint|p1b: Amoonguss\n|\n|-damage|p1a: Calyrex|41\/100 slp|[from] Salt Cure\n|upkeep\n|\n|t:|1737635279\n|switch|p1b: Iron Valiant|Iron Valiant, L50|100\/100\n|turn|7\n|\n|t:|1737635291\n|move|p1b: Iron Valiant|Wide Guard|p1b: Iron Valiant\n|-singleturn|p1b: Iron Valiant|Wide Guard\n|cant|p1a: Calyrex|slp\n|move|p2b: Wyrdeer|Expanding Force|p1b: Iron Valiant|[spread] \n|-activate|p1a: Calyrex|move: Wide Guard\n|-activate|p1b: Iron Valiant|move: Wide Guard\n|move|p2a: Indeedee|Psychic|p1b: Iron Valiant\n|-supereffective|p1b: Iron Valiant\n|-damage|p1b: Iron Valiant|0 fnt\n|faint|p1b: Iron Valiant\n|-end|p1b: Iron Valiant|Quark Drive|[silent]\n|\n|-damage|p1a: Calyrex|29\/100 slp|[from] Salt Cure\n|-fieldend|move: Trick Room\n|upkeep\n|-message|Dozorex9 forfeited.\n|\n|win|pig duck eater\n|raw|Dozorex9's rating: 1552 &rarr; <strong>1533<\/strong><br \/>(-19 for losing)\n|raw|pig duck eater's rating: 1578 &rarr; <strong>1597<\/strong><br \/>(+19 for winning)\n|l|\u2606Dozorex9\n|player|p1|\n|l| Kal0stest\n|l|\u2606pig duck eater\n|player|p2|\n","uploadtime":1737635523,"views":50,"formatid":"gen9vgc2025regg","rating":1533,"private":0,"password":null}