{"id":"gen9vgc2025regg-2286091642","format":"[Gen 9] VGC 2025 Reg G","players":["Clerk Barbaracle","Crysantimo"],"log":"|j|\u2606Clerk Barbaracle\n|j|\u2606Crysantimo\n|t:|1737567135\n|gametype|doubles\n|player|p1|Clerk Barbaracle|brawly|1567\n|player|p2|Crysantimo|madame-gen4dp|1563\n|teamsize|p1|6\n|teamsize|p2|6\n|gen|9\n|tier|[Gen 9] VGC 2025 Reg G\n|rated|\n|rule|Species Clause: Limit one of each Pok\u00e9mon\n|rule|Item Clause: Limit 1 of each item\n|clearpoke\n|poke|p1|Miraidon, L50|\n|poke|p1|Iron Hands, L50|\n|poke|p1|Incineroar, L50, M|\n|poke|p1|Iron Treads, L50|\n|poke|p1|Urshifu-*, L50, F|\n|poke|p1|Farigiraf, L50, F|\n|poke|p2|Calyrex-Shadow, L50|\n|poke|p2|Clefairy, L50, M|\n|poke|p2|Chi-Yu, L50|\n|poke|p2|Weezing-Galar, L50, M|\n|poke|p2|Pawmot, L50, M|\n|poke|p2|Dragonite, L50, M|\n|teampreview|4\n|inactive|Battle timer is ON: inactive players will automatically lose when time's up. (requested by Crysantimo)\n|inactive|Clerk Barbaracle has 60 seconds left.\n|inactive|Clerk Barbaracle has 30 seconds left.\n|\n|t:|1737567221\n|start\n|switch|p1a: Farigiraf|Farigiraf, L50, F|100\/100\n|switch|p1b: Miraidon|Miraidon, L50|100\/100\n|switch|p2a: Calyrex|Calyrex-Shadow, L50|100\/100\n|switch|p2b: Pawmot|Pawmot, L50, M|100\/100\n|-ability|p2a: Calyrex|As One\n|-ability|p2a: Calyrex|Unnerve\n|-fieldstart|move: Electric Terrain|[from] ability: Hadron Engine|[of] p1b: Miraidon\n|-enditem|p1a: Farigiraf|Electric Seed\n|-boost|p1a: Farigiraf|def|1|[from] item: Electric Seed\n|turn|1\n|inactive|Clerk Barbaracle has 30 seconds left.\n|\n|t:|1737567248\n|move|p2a: Calyrex|Pollen Puff|p1a: Farigiraf\n|-supereffective|p1a: Farigiraf\n|-damage|p1a: Farigiraf|9\/100\n|move|p2b: Pawmot|Close Combat|p1a: Farigiraf\n|-crit|p1a: Farigiraf\n|-damage|p1a: Farigiraf|0 fnt\n|-unboost|p2b: Pawmot|def|1\n|-unboost|p2b: Pawmot|spd|1\n|faint|p1a: Farigiraf\n|move|p1b: Miraidon|Dazzling Gleam|p2a: Calyrex|[spread] p2a,p2b\n|-supereffective|p2b: Pawmot\n|-damage|p2a: Calyrex|56\/100\n|-enditem|p2b: Pawmot|Focus Sash\n|-damage|p2b: Pawmot|1\/100\n|\n|upkeep\n|j| Therazer456\n|\n|t:|1737567271\n|switch|p1a: Urshifu|Urshifu, L50, F|100\/100\n|turn|2\n|\n|t:|1737567282\n|switch|p2b: Weezing|Weezing-Galar, L50, M|100\/100\n|-ability|p2b: Weezing|Neutralizing Gas\n|-terastallize|p2a: Calyrex|Normal\n|move|p1a: Urshifu|Detect|p1a: Urshifu\n|-singleturn|p1a: Urshifu|Protect\n|move|p2a: Calyrex|Pollen Puff|p1a: Urshifu\n|-activate|p1a: Urshifu|move: Protect\n|move|p1b: Miraidon|Dazzling Gleam|p2a: Calyrex|[spread] p2a,p2b\n|-resisted|p2b: Weezing\n|-damage|p2a: Calyrex|25\/100\n|-damage|p2b: Weezing|84\/100\n|\n|upkeep\n|turn|3\n|\n|t:|1737567306\n|switch|p1a: Iron Hands|Iron Hands, L50|100\/100\n|move|p2a: Calyrex|Pollen Puff|p1b: Miraidon\n|-damage|p1b: Miraidon|62\/100\n|move|p1b: Miraidon|Dazzling Gleam|p2b: Weezing|[spread] p2a,p2b\n|-resisted|p2b: Weezing\n|-damage|p2a: Calyrex|0 fnt\n|-damage|p2b: Weezing|66\/100\n|faint|p2a: Calyrex\n|move|p2b: Weezing|Will-O-Wisp|p1a: Iron Hands\n|-status|p1a: Iron Hands|brn\n|\n|-damage|p1a: Iron Hands|94\/100 brn|[from] brn\n|upkeep\n|\n|t:|1737567317\n|switch|p2a: Dragonite|Dragonite, L50, M|100\/100\n|turn|4\n|j| GexkaXXV\n|inactive|Clerk Barbaracle has 30 seconds left.\n|inactive|Clerk Barbaracle has 20 seconds left.\n|inactive|Clerk Barbaracle has 15 seconds left.\n|inactive|Clerk Barbaracle has 10 seconds left.\n|inactive|Clerk Barbaracle has 5 seconds left.\n|\n|t:|1737567367\n|-terastallize|p1b: Miraidon|Fairy\n|move|p1b: Miraidon|Dazzling Gleam|p2a: Dragonite|[spread] p2a,p2b\n|-supereffective|p2a: Dragonite\n|-resisted|p2b: Weezing\n|-damage|p2a: Dragonite|44\/100\n|-damage|p2b: Weezing|42\/100\n|-enditem|p2b: Weezing|Sitrus Berry|[eat]\n|-heal|p2b: Weezing|67\/100|[from] item: Sitrus Berry\n|move|p2a: Dragonite|Ice Spinner|p1b: Miraidon\n|-damage|p1b: Miraidon|35\/100\n|-fieldend|move: Electric Terrain\n|move|p2b: Weezing|Play Rough|p1b: Miraidon\n|-damage|p1b: Miraidon|5\/100\n|move|p1a: Iron Hands|Close Combat|p2a: Dragonite\n|-resisted|p2a: Dragonite\n|-damage|p2a: Dragonite|25\/100\n|-unboost|p1a: Iron Hands|def|1\n|-unboost|p1a: Iron Hands|spd|1\n|\n|-damage|p1a: Iron Hands|88\/100 brn|[from] brn\n|upkeep\n|turn|5\n|inactive|Clerk Barbaracle has 30 seconds left.\n|\n|t:|1737567395\n|move|p2a: Dragonite|Extreme Speed|p1b: Miraidon\n|-damage|p1b: Miraidon|0 fnt\n|faint|p1b: Miraidon\n|move|p2b: Weezing|Play Rough|p1a: Iron Hands\n|-supereffective|p1a: Iron Hands\n|-damage|p1a: Iron Hands|22\/100 brn\n|move|p1a: Iron Hands|Heavy Slam|p2b: Weezing\n|-supereffective|p2b: Weezing\n|-damage|p2b: Weezing|23\/100\n|\n|-damage|p1a: Iron Hands|16\/100 brn|[from] brn\n|upkeep\n|\n|t:|1737567399\n|switch|p1b: Urshifu|Urshifu, L50, F|100\/100\n|turn|6\n|inactive|Clerk Barbaracle has 30 seconds left.\n|j| Avocado88\n|\n|t:|1737567433\n|move|p1b: Urshifu|Detect|p1b: Urshifu\n|-singleturn|p1b: Urshifu|Protect\n|move|p2a: Dragonite|Extreme Speed|p1a: Iron Hands\n|-damage|p1a: Iron Hands|0 fnt\n|faint|p1a: Iron Hands\n|-end|p1a: Iron Hands|Quark Drive|[silent]\n|move|p2b: Weezing|Play Rough|p1b: Urshifu\n|-activate|p1b: Urshifu|move: Protect\n|\n|upkeep\n|turn|7\n|\n|t:|1737567444\n|move|p1b: Urshifu|Wicked Blow|p2a: Dragonite\n|-crit|p2a: Dragonite\n|-damage|p2a: Dragonite|0 fnt\n|faint|p2a: Dragonite\n|move|p2b: Weezing|Play Rough|p1b: Urshifu\n|-supereffective|p1b: Urshifu\n|-enditem|p1b: Urshifu|Focus Sash\n|-damage|p1b: Urshifu|1\/100\n|-unboost|p1b: Urshifu|atk|1\n|\n|upkeep\n|\n|t:|1737567446\n|switch|p2a: Pawmot|Pawmot, L50, M|1\/100\n|turn|8\n|j| zxsvgc\n|\n|t:|1737567454\n|move|p1b: Urshifu|Detect|p1b: Urshifu\n|-singleturn|p1b: Urshifu|Protect\n|move|p2a: Pawmot|Fake Out|p1b: Urshifu\n|-activate|p1b: Urshifu|move: Protect\n|move|p2b: Weezing|Play Rough|p1b: Urshifu\n|-activate|p1b: Urshifu|move: Protect\n|\n|upkeep\n|turn|9\n|\n|t:|1737567466\n|move|p1b: Urshifu|Sucker Punch||[still]\n|-fail|p1b: Urshifu\n|move|p2a: Pawmot|Revival Blessing|p2a: Pawmot\n|\n|t:|1737567468\n|-heal|p2: Dragonite|50\/100|[from] move: Revival Blessing\n|move|p2b: Weezing|Play Rough|p1b: Urshifu\n|-supereffective|p1b: Urshifu\n|-damage|p1b: Urshifu|0 fnt\n|faint|p1b: Urshifu\n|\n|win|Crysantimo\n|raw|Clerk Barbaracle's rating: 1567 &rarr; <strong>1547<\/strong><br \/>(-20 for losing)\n|raw|Crysantimo's rating: 1563 &rarr; <strong>1583<\/strong><br \/>(+20 for winning)\n|l| Therazer456\n|l| GexkaXXV\n|l|\u2606Clerk Barbaracle\n|player|p1|\n|l| Avocado88\n|l| zxsvgc\n","uploadtime":1737567471,"views":11,"formatid":"gen9vgc2025regg","rating":1547,"private":0,"password":null}