{"id":"gen9vgc2025regg-2286818015","format":"[Gen 9] VGC 2025 Reg G","players":["infinitygroudon","KD-Alt-711"],"log":"|j|\u2606infinitygroudon\n|j|\u2606KD-Alt-711\n|t:|1737658080\n|gametype|doubles\n|player|p1|infinitygroudon|266|1781\n|player|p2|KD-Alt-711|2|1599\n|teamsize|p1|6\n|teamsize|p2|6\n|gen|9\n|tier|[Gen 9] VGC 2025 Reg G\n|rated|\n|rule|Species Clause: Limit one of each Pok\u00e9mon\n|rule|Item Clause: Limit 1 of each item\n|clearpoke\n|poke|p1|Calyrex-Shadow, L50|\n|poke|p1|Incineroar, L50, M|\n|poke|p1|Weezing-Galar, L50, M|\n|poke|p1|Indeedee-F, L50, F|\n|poke|p1|Iron Valiant, L50|\n|poke|p1|Ursaluna-Bloodmoon, L50, M|\n|poke|p2|Kyogre, L50|\n|poke|p2|Tornadus, L50, M|\n|poke|p2|Entei, L50|\n|poke|p2|Flutter Mane, L50|\n|poke|p2|Raging Bolt, L50|\n|poke|p2|Rillaboom, L50, M|\n|teampreview|4\n|\n|t:|1737658135\n|start\n|switch|p1a: Suthen|Indeedee-F, L50, F|100\/100\n|switch|p1b: Duncan|Calyrex-Shadow, L50|100\/100\n|switch|p2a: Tornadus|Tornadus, L50, M, shiny|100\/100\n|switch|p2b: Flutter Mane|Flutter Mane, L50, shiny|100\/100\n|-ability|p1b: Duncan|As One\n|-ability|p1b: Duncan|Unnerve\n|-fieldstart|move: Psychic Terrain|[from] ability: Psychic Surge|[of] p1a: Suthen\n|turn|1\n|inactive|Battle timer is ON: inactive players will automatically lose when time's up. (requested by KD-Alt-711)\n|\n|t:|1737658163\n|switch|p1a: Mr. Gassy|Weezing-Galar, L50, M|100\/100\n|-ability|p1a: Mr. Gassy|Neutralizing Gas\n|-terastallize|p2a: Tornadus|Dark\n|move|p1b: Duncan|Expanding Force|p2a: Tornadus|[spread] p2b\n|-immune|p2a: Tornadus\n|-damage|p2b: Flutter Mane|1\/100\n|-damage|p1b: Duncan|91\/100|[from] item: Life Orb\n|move|p2b: Flutter Mane|Dazzling Gleam|p1a: Mr. Gassy|[spread] p1a,p1b\n|-resisted|p1a: Mr. Gassy\n|-crit|p1b: Duncan\n|-damage|p1a: Mr. Gassy|83\/100\n|-damage|p1b: Duncan|38\/100\n|move|p2a: Tornadus|Tailwind|p2a: Tornadus\n|-sidestart|p2: KD-Alt-711|move: Tailwind\n|\n|upkeep\n|turn|2\n|\n|t:|1737658185\n|switch|p1b: Suthen|Indeedee-F, L50, F|100\/100\n|move|p2b: Flutter Mane|Shadow Ball|p1a: Mr. Gassy\n|-damage|p1a: Mr. Gassy|34\/100\n|-enditem|p1a: Mr. Gassy|Sitrus Berry|[eat]\n|-heal|p1a: Mr. Gassy|58\/100|[from] item: Sitrus Berry\n|move|p2a: Tornadus|Bleakwind Storm|p1a: Mr. Gassy|[spread] p1b\n|-miss|p2a: Tornadus|p1a: Mr. Gassy\n|-damage|p1b: Suthen|75\/100\n|move|p1a: Mr. Gassy|Sludge Bomb|p2a: Tornadus\n|-damage|p2a: Tornadus|69\/100\n|\n|upkeep\n|turn|3\n|\n|t:|1737658199\n|move|p2b: Flutter Mane|Moonblast|p1b: Suthen\n|-damage|p1b: Suthen|26\/100\n|move|p2a: Tornadus|Bleakwind Storm|p1b: Suthen|[spread] p1a\n|-miss|p2a: Tornadus|p1b: Suthen\n|-damage|p1a: Mr. Gassy|24\/100\n|move|p1b: Suthen|Dazzling Gleam|p2b: Flutter Mane|[spread] p2a,p2b\n|-supereffective|p2a: Tornadus\n|-damage|p2a: Tornadus|36\/100\n|-damage|p2b: Flutter Mane|0 fnt\n|faint|p2b: Flutter Mane\n|-end|p2b: Flutter Mane|Protosynthesis|[silent]\n|move|p1a: Mr. Gassy|Sludge Bomb|p2a: Tornadus\n|-damage|p2a: Tornadus|5\/100\n|\n|upkeep\n|\n|t:|1737658203\n|switch|p2b: Kyogre|Kyogre, L50, shiny|100\/100\n|turn|4\n|\n|t:|1737658215\n|move|p1a: Mr. Gassy|Protect|p1a: Mr. Gassy\n|-singleturn|p1a: Mr. Gassy|Protect\n|move|p2a: Tornadus|Bleakwind Storm|p1b: Suthen|[spread] p1b\n|-activate|p1a: Mr. Gassy|move: Protect\n|-damage|p1b: Suthen|0 fnt\n|faint|p1b: Suthen\n|move|p2b: Kyogre|Water Spout|p1a: Mr. Gassy\n|-activate|p1a: Mr. Gassy|move: Protect\n|\n|-sideend|p2: KD-Alt-711|move: Tailwind\n|upkeep\n|\n|t:|1737658230\n|switch|p1b: Duncan|Calyrex-Shadow, L50|38\/100\n|-ability|p1b: Duncan|As One\n|-ability|p1b: Duncan|Unnerve\n|turn|5\n|\n|t:|1737658239\n|switch|p2a: Rillaboom|Rillaboom, L50, M, shiny|100\/100\n|move|p1b: Duncan|Astral Barrage|p2a: Rillaboom|[spread] p2a,p2b\n|-damage|p2a: Rillaboom|48\/100\n|-damage|p2b: Kyogre|53\/100\n|-damage|p1b: Duncan|28\/100|[from] item: Life Orb\n|move|p2b: Kyogre|Origin Pulse|p1a: Mr. Gassy|[spread] p1a,p1b\n|-damage|p1a: Mr. Gassy|0 fnt\n|-damage|p1b: Duncan|0 fnt\n|faint|p1a: Mr. Gassy\n|-end|p1a: Mr. Gassy|ability: Neutralizing Gas\n|-weather|RainDance|[from] ability: Drizzle|[of] p2b: Kyogre\n|-fieldstart|move: Grassy Terrain|[from] ability: Grassy Surge|[of] p2a: Rillaboom\n|faint|p1b: Duncan\n|\n|-weather|RainDance|[upkeep]\n|-heal|p2b: Kyogre|58\/100|[from] Grassy Terrain\n|-heal|p2b: Kyogre|64\/100|[from] item: Leftovers\n|-heal|p2a: Rillaboom|54\/100|[from] Grassy Terrain\n|upkeep\n|\n|t:|1737658248\n|switch|p1b: Charming|Iron Valiant, L50, shiny|100\/100\n|-enditem|p1b: Charming|Booster Energy\n|-activate|p1b: Charming|ability: Quark Drive|[fromitem]\n|-start|p1b: Charming|quarkdrivespe\n|turn|6\n|\n|t:|1737658254\n|move|p1b: Charming|Protect|p1b: Charming\n|-singleturn|p1b: Charming|Protect\n|move|p2a: Rillaboom|Fake Out|p1b: Charming\n|-activate|p1b: Charming|move: Protect\n|move|p2b: Kyogre|Water Spout|p1b: Charming\n|-activate|p1b: Charming|move: Protect\n|\n|-weather|RainDance|[upkeep]\n|-heal|p2b: Kyogre|70\/100|[from] Grassy Terrain\n|-heal|p2b: Kyogre|76\/100|[from] item: Leftovers\n|-heal|p2a: Rillaboom|60\/100|[from] Grassy Terrain\n|upkeep\n|turn|7\n|j| youhavemom\n|\n|t:|1737658264\n|-terastallize|p1b: Charming|Fairy\n|move|p2b: Kyogre|Protect|p2b: Kyogre\n|-singleturn|p2b: Kyogre|Protect\n|move|p1b: Charming|Spirit Break|p2b: Kyogre\n|-activate|p2b: Kyogre|move: Protect\n|move|p2a: Rillaboom|U-turn|p1b: Charming\n|-resisted|p1b: Charming\n|-crit|p1b: Charming\n|-damage|p1b: Charming|79\/100\n|\n|t:|1737658269\n|switch|p2a: Tornadus|Tornadus, L50, M, shiny, tera:Dark|5\/100|[from] U-turn\n|\n|-weather|RainDance|[upkeep]\n|-heal|p1b: Charming|85\/100|[from] Grassy Terrain\n|-heal|p2a: Tornadus|11\/100|[from] Grassy Terrain\n|-heal|p2b: Kyogre|82\/100|[from] Grassy Terrain\n|-heal|p2b: Kyogre|87\/100|[from] item: Leftovers\n|upkeep\n|turn|8\n|\n|t:|1737658274\n|move|p1b: Charming|Shadow Sneak|p2a: Tornadus\n|-resisted|p2a: Tornadus\n|-damage|p2a: Tornadus|2\/100\n|move|p2a: Tornadus|Tailwind|p2a: Tornadus\n|-sidestart|p2: KD-Alt-711|move: Tailwind\n|move|p2b: Kyogre|Water Spout|p1b: Charming\n|-damage|p1b: Charming|0 fnt\n|faint|p1b: Charming\n|-end|p1b: Charming|Quark Drive|[silent]\n|\n|win|KD-Alt-711\n|raw|infinitygroudon's rating: 1781 &rarr; <strong>1751<\/strong><br \/>(-30 for losing)\n|raw|KD-Alt-711's rating: 1599 &rarr; <strong>1629<\/strong><br \/>(+30 for winning)\n|l|\u2606infinitygroudon\n|player|p1|\n|l|\u2606KD-Alt-711\n|player|p2|\n|l| youhavemom\n","uploadtime":1737658516,"views":3,"formatid":"gen9vgc2025regg","rating":1629,"private":0,"password":null}