{"id":"gen9vgc2025regg-2286253746","format":"[Gen 9] VGC 2025 Reg G","players":["zhanlinxie","Vianex"],"log":"|j|\u2606zhanlinxie\n|j|\u2606Vianex\n|t:|1737583229\n|gametype|doubles\n|player|p1|zhanlinxie|marley|1633\n|player|p2|Vianex|pokemaniac|1548\n|teamsize|p1|6\n|teamsize|p2|6\n|gen|9\n|tier|[Gen 9] VGC 2025 Reg G\n|rated|\n|rule|Species Clause: Limit one of each Pok\u00e9mon\n|rule|Item Clause: Limit 1 of each item\n|clearpoke\n|poke|p1|Miraidon, L50|\n|poke|p1|Ogerpon-Hearthflame, L50, F|\n|poke|p1|Urshifu-*, L50, F|\n|poke|p1|Iron Hands, L50|\n|poke|p1|Farigiraf, L50, F|\n|poke|p1|Whimsicott, L50, F|\n|poke|p2|Kingambit, L50, M|\n|poke|p2|Tinkaton, L50, F|\n|poke|p2|Eternatus, L50|\n|poke|p2|Urshifu-*, L50, F|\n|poke|p2|Tornadus, L50, M|\n|poke|p2|Amoonguss, L50, F|\n|teampreview|4\n|\n|t:|1737583271\n|start\n|switch|p1a: Miraidon|Miraidon, L50|100\/100\n|switch|p1b: Farigiraf|Farigiraf, L50, F|100\/100\n|switch|p2a: Tinkaton|Tinkaton, L50, F|100\/100\n|switch|p2b: Eternatus|Eternatus, L50|100\/100\n|-fieldstart|move: Electric Terrain|[from] ability: Hadron Engine|[of] p1a: Miraidon\n|-enditem|p1b: Farigiraf|Electric Seed\n|-boost|p1b: Farigiraf|def|1|[from] item: Electric Seed\n|-ability|p2b: Eternatus|Pressure\n|-ability|p2a: Tinkaton|Mold Breaker\n|turn|1\n|\n|t:|1737583284\n|switch|p1a: Iron Hands|Iron Hands, L50|100\/100\n|-activate|p1a: Iron Hands|ability: Quark Drive\n|-start|p1a: Iron Hands|quarkdriveatk\n|move|p2a: Tinkaton|Fake Out|p1b: Farigiraf\n|-damage|p1b: Farigiraf|96\/100\n|move|p2b: Eternatus|Sludge Wave|p1a: Iron Hands|[spread] p1a,p1b\n|-immune|p2a: Tinkaton\n|-damage|p1a: Iron Hands|66\/100\n|-damage|p1b: Farigiraf|25\/100\n|cant|p1b: Farigiraf|flinch\n|\n|upkeep\n|turn|2\n|\n|t:|1737583302\n|move|p1a: Iron Hands|Fake Out|p2b: Eternatus\n|-damage|p2b: Eternatus|85\/100\n|move|p2a: Tinkaton|Gigaton Hammer|p1b: Farigiraf\n|-damage|p1b: Farigiraf|2\/100\n|cant|p2b: Eternatus|flinch\n|move|p1b: Farigiraf|Psychic Noise|p2b: Eternatus\n|-supereffective|p2b: Eternatus\n|-damage|p2b: Eternatus|41\/100\n|-start|p2b: Eternatus|move: Heal Block\n|\n|upkeep\n|turn|3\n|\n|t:|1737583326\n|move|p2a: Tinkaton|Foul Play|p1a: Iron Hands\n|-resisted|p1a: Iron Hands\n|-damage|p1a: Iron Hands|52\/100\n|move|p2b: Eternatus|Sludge Wave|p1a: Iron Hands|[spread] p1a,p1b\n|-immune|p2a: Tinkaton\n|-damage|p1a: Iron Hands|21\/100\n|-damage|p1b: Farigiraf|0 fnt\n|faint|p1b: Farigiraf\n|move|p1a: Iron Hands|Drain Punch|p2a: Tinkaton\n|-damage|p2a: Tinkaton|44\/100\n|-heal|p1a: Iron Hands|40\/100|[from] drain|[of] p2a: Tinkaton\n|\n|-end|p2b: Eternatus|move: Heal Block\n|upkeep\n|\n|t:|1737583337\n|switch|p1b: Miraidon|Miraidon, L50|100\/100\n|-activate|p1b: Miraidon|ability: Hadron Engine\n|turn|4\n|inactive|Battle timer is ON: inactive players will automatically lose when time's up. (requested by zhanlinxie)\n|\n|t:|1737583376\n|switch|p2a: Amoonguss|Amoonguss, L50, F|100\/100\n|move|p1b: Miraidon|Draco Meteor|p2b: Eternatus\n|-supereffective|p2b: Eternatus\n|-damage|p2b: Eternatus|0 fnt\n|-unboost|p1b: Miraidon|spa|2\n|faint|p2b: Eternatus\n|move|p1a: Iron Hands|Drain Punch|p2a: Amoonguss\n|-resisted|p2a: Amoonguss\n|-damage|p2a: Amoonguss|77\/100\n|-heal|p1a: Iron Hands|51\/100|[from] drain|[of] p2a: Amoonguss\n|-damage|p1a: Iron Hands|34\/100|[from] item: Rocky Helmet|[of] p2a: Amoonguss\n|\n|upkeep\n|\n|t:|1737583384\n|switch|p2b: Kingambit|Kingambit, L50, M|100\/100\n|turn|5\n|\n|t:|1737583396\n|switch|p1b: Ogerpon|Ogerpon-Hearthflame, L50, F|100\/100\n|-ability|p1b: Ogerpon|Mold Breaker\n|move|p2a: Amoonguss|Rage Powder|p2a: Amoonguss\n|-singleturn|p2a: Amoonguss|move: Rage Powder\n|move|p1a: Iron Hands|Drain Punch|p2a: Amoonguss\n|-resisted|p2a: Amoonguss\n|-damage|p2a: Amoonguss|54\/100\n|-heal|p1a: Iron Hands|45\/100|[from] drain|[of] p2a: Amoonguss\n|-damage|p1a: Iron Hands|29\/100|[from] item: Rocky Helmet|[of] p2a: Amoonguss\n|move|p2b: Kingambit|Iron Head|p1a: Iron Hands\n|-resisted|p1a: Iron Hands\n|-damage|p1a: Iron Hands|13\/100\n|\n|-fieldend|move: Electric Terrain\n|-end|p1a: Iron Hands|Quark Drive\n|upkeep\n|turn|6\n|inactive|zhanlinxie has 30 seconds left.\n|\n|t:|1737583423\n|-terastallize|p1b: Ogerpon|Fire\n|detailschange|p1b: Ogerpon|Ogerpon-Hearthflame-Tera, L50, F, tera:Fire\n|-ability|p1b: Ogerpon|Embody Aspect (Hearthflame)|boost\n|-boost|p1b: Ogerpon|atk|1\n|-terastallize|p2a: Amoonguss|Water\n|move|p2a: Amoonguss|Rage Powder|p2a: Amoonguss\n|-singleturn|p2a: Amoonguss|move: Rage Powder\n|move|p1b: Ogerpon|Ivy Cudgel|p2a: Amoonguss|[anim] Ivy Cudgel Fire\n|-resisted|p2a: Amoonguss\n|-damage|p2a: Amoonguss|12\/100\n|move|p1a: Iron Hands|Drain Punch|p2a: Amoonguss\n|-damage|p2a: Amoonguss|0 fnt\n|-heal|p1a: Iron Hands|19\/100|[from] drain|[of] p2a: Amoonguss\n|-damage|p1a: Iron Hands|3\/100|[from] item: Rocky Helmet|[of] p2a: Amoonguss\n|faint|p2a: Amoonguss\n|move|p2b: Kingambit|Kowtow Cleave|p1b: Ogerpon\n|-damage|p1b: Ogerpon|56\/100\n|\n|upkeep\n|\n|t:|1737583442\n|switch|p2a: Tinkaton|Tinkaton, L50, F|44\/100\n|-ability|p2a: Tinkaton|Mold Breaker\n|turn|7\n|-message|Vianex forfeited.\n|\n|win|zhanlinxie\n|raw|zhanlinxie's rating: 1633 &rarr; <strong>1648<\/strong><br \/>(+15 for winning)\n|raw|Vianex's rating: 1548 &rarr; <strong>1533<\/strong><br \/>(-15 for losing)\n|l|\u2606Vianex\n|player|p2|\n|l|\u2606zhanlinxie\n|player|p1|\n","uploadtime":1737583671,"views":3,"formatid":"gen9vgc2025regg","rating":1533,"private":0,"password":null}