{"id":"gen9vgc2025regg-2286110819","format":"[Gen 9] VGC 2025 Reg G","players":["Acblade","TCM Zaukepoo"],"log":"|j|\u2606Acblade\n|j|\u2606TCM Zaukepoo\n|t:|1737568978\n|gametype|doubles\n|player|p1|Acblade|lucas|1614\n|player|p2|TCM Zaukepoo|102|1655\n|teamsize|p1|6\n|teamsize|p2|6\n|gen|9\n|tier|[Gen 9] VGC 2025 Reg G\n|rated|\n|rule|Species Clause: Limit one of each Pok\u00e9mon\n|rule|Item Clause: Limit 1 of each item\n|clearpoke\n|poke|p1|Tornadus, L50, M|\n|poke|p1|Chi-Yu, L50|\n|poke|p1|Flutter Mane, L50|\n|poke|p1|Koraidon, L50|\n|poke|p1|Raging Bolt, L50|\n|poke|p1|Farigiraf, L50, M|\n|poke|p2|Kyogre, L50|\n|poke|p2|Indeedee-F, L50, F|\n|poke|p2|Ditto, L50|\n|poke|p2|Tornadus, L50, M|\n|poke|p2|Smeargle, L50, F|\n|poke|p2|Araquanid, L50, F|\n|teampreview|4\n|inactive|Battle timer is ON: inactive players will automatically lose when time's up. (requested by TCM Zaukepoo)\n|inactive|Acblade also wants the timer to be on.\n|inactive|TCM Zaukepoo has 60 seconds left.\n|\n|t:|1737569016\n|start\n|switch|p1a: Tornadus|Tornadus, L50, M|100\/100\n|switch|p1b: Raging Bolt|Raging Bolt, L50|100\/100\n|switch|p2a: Kyogre|Kyogre, L50|100\/100\n|switch|p2b: Indeedee|Indeedee-F, L50, F|100\/100\n|-weather|RainDance|[from] ability: Drizzle|[of] p2a: Kyogre\n|-fieldstart|move: Psychic Terrain|[from] ability: Psychic Surge|[of] p2b: Indeedee\n|turn|1\n|\n|t:|1737569024\n|-terastallize|p2a: Kyogre|Water\n|move|p2b: Indeedee|Follow Me|p2b: Indeedee\n|-singleturn|p2b: Indeedee|move: Follow Me\n|move|p1a: Tornadus|Sunny Day|p1a: Tornadus\n|-weather|SunnyDay\n|-activate|p1b: Raging Bolt|ability: Protosynthesis\n|-start|p1b: Raging Bolt|protosynthesisspa\n|move|p2a: Kyogre|Water Spout|p1a: Tornadus|[spread] p1a,p1b\n|-resisted|p1b: Raging Bolt\n|-damage|p1a: Tornadus|10\/100\n|-damage|p1b: Raging Bolt|76\/100\n|move|p1b: Raging Bolt|Draco Meteor|p2b: Indeedee\n|-damage|p2b: Indeedee|0 fnt\n|-unboost|p1b: Raging Bolt|spa|2\n|faint|p2b: Indeedee\n|-damage|p1b: Raging Bolt|67\/100|[from] item: Life Orb\n|\n|-weather|SunnyDay|[upkeep]\n|upkeep\n|\n|t:|1737569038\n|switch|p2b: Tornadus|Tornadus, L50, M|100\/100\n|turn|2\n|j| imstuckat1300\n|\n|t:|1737569047\n|move|p1a: Tornadus|Tailwind|p1a: Tornadus\n|-sidestart|p1: Acblade|move: Tailwind\n|move|p2b: Tornadus|Tailwind|p2b: Tornadus\n|-sidestart|p2: TCM Zaukepoo|move: Tailwind\n|move|p2a: Kyogre|Water Spout|p1a: Tornadus|[spread] p1a,p1b\n|-resisted|p1b: Raging Bolt\n|-damage|p1a: Tornadus|0 fnt\n|-damage|p1b: Raging Bolt|40\/100\n|faint|p1a: Tornadus\n|move|p1b: Raging Bolt|Volt Switch|p2a: Kyogre\n|-supereffective|p2a: Kyogre\n|-damage|p2a: Kyogre|47\/100\n|-damage|p1b: Raging Bolt|31\/100|[from] item: Life Orb\n|l| imstuckat1300\n|\n|t:|1737569062\n|-end|p1b: Raging Bolt|Protosynthesis|[silent]\n|switch|p1b: Flutter Mane|Flutter Mane, L50|100\/100|[from] Volt Switch\n|-activate|p1b: Flutter Mane|ability: Protosynthesis\n|-start|p1b: Flutter Mane|protosynthesisspe\n|\n|-weather|SunnyDay|[upkeep]\n|upkeep\n|\n|t:|1737569068\n|switch|p1a: Raging Bolt|Raging Bolt, L50|31\/100\n|-activate|p1a: Raging Bolt|ability: Protosynthesis\n|-start|p1a: Raging Bolt|protosynthesisspa\n|turn|3\n|\n|t:|1737569083\n|switch|p2a: Smeargle|Smeargle, L50, F|100\/100\n|-terastallize|p1b: Flutter Mane|Fairy\n|move|p1a: Raging Bolt|Thunderclap|p2b: Tornadus\n|-hint|Psychic Terrain doesn't affect Pok\u00e9mon immune to Ground.\n|-supereffective|p2b: Tornadus\n|-damage|p2b: Tornadus|0 fnt\n|faint|p2b: Tornadus\n|-damage|p1a: Raging Bolt|21\/100|[from] item: Life Orb\n|move|p1b: Flutter Mane|Moonblast|p2a: Smeargle\n|-enditem|p2a: Smeargle|Focus Sash\n|-damage|p2a: Smeargle|1\/100\n|-unboost|p2a: Smeargle|spa|1\n|\n|-weather|SunnyDay|[upkeep]\n|-ability|p2a: Smeargle|Moody|boost\n|-boost|p2a: Smeargle|def|2\n|-unboost|p2a: Smeargle|spa|1\n|upkeep\n|\n|t:|1737569087\n|switch|p2b: Kyogre|Kyogre, L50, tera:Water|47\/100\n|-weather|RainDance|[from] ability: Drizzle|[of] p2b: Kyogre\n|-end|p1b: Flutter Mane|Protosynthesis\n|-end|p1a: Raging Bolt|Protosynthesis\n|turn|4\n|\n|t:|1737569103\n|move|p1a: Raging Bolt|Protect|p1a: Raging Bolt\n|-singleturn|p1a: Raging Bolt|Protect\n|move|p2a: Smeargle|Follow Me|p2a: Smeargle\n|-singleturn|p2a: Smeargle|move: Follow Me\n|move|p1b: Flutter Mane|Moonblast|p2a: Smeargle\n|-damage|p2a: Smeargle|0 fnt\n|faint|p2a: Smeargle\n|move|p2b: Kyogre|Water Spout|p1a: Raging Bolt|[spread] p1b\n|-activate|p1a: Raging Bolt|move: Protect\n|-damage|p1b: Flutter Mane|0 fnt\n|faint|p1b: Flutter Mane\n|-end|p1b: Flutter Mane|Protosynthesis|[silent]\n|\n|-weather|RainDance|[upkeep]\n|upkeep\n|c|\u2606TCM Zaukepoo|Gg\n|\n|t:|1737569115\n|switch|p1b: Koraidon|Koraidon, L50|100\/100\n|-weather|SunnyDay|[from] ability: Orichalcum Pulse|[of] p1b: Koraidon\n|-activate|p1a: Raging Bolt|ability: Protosynthesis\n|-start|p1a: Raging Bolt|protosynthesisspa\n|-activate|p1b: Koraidon|Orichalcum Pulse|[source]\n|turn|5\n|\n|t:|1737569121\n|move|p1b: Koraidon|Collision Course|p2b: Kyogre\n|-damage|p2b: Kyogre|0 fnt\n|faint|p2b: Kyogre\n|\n|win|Acblade\n|raw|Acblade's rating: 1614 &rarr; <strong>1636<\/strong><br \/>(+22 for winning)\n|raw|TCM Zaukepoo's rating: 1655 &rarr; <strong>1633<\/strong><br \/>(-22 for losing)\n|l|\u2606Acblade\n|player|p1|\n|l|\u2606TCM Zaukepoo\n|player|p2|\n","uploadtime":1737569350,"views":12,"formatid":"gen9vgc2025regg","rating":1633,"private":0,"password":null}