{"id":"gen9vgc2025regg-2286474888","format":"[Gen 9] VGC 2025 Reg G","players":["sheepie_sheep1","Hang-jama"],"log":"|j|\u2606sheepie_sheep1\n|j|\u2606Hang-jama\n|t:|1737612416\n|gametype|doubles\n|player|p1|sheepie_sheep1|scientist-gen4dp|1579\n|player|p2|Hang-jama|266|1503\n|teamsize|p1|6\n|teamsize|p2|6\n|gen|9\n|tier|[Gen 9] VGC 2025 Reg G\n|rated|\n|rule|Species Clause: Limit one of each Pok\u00e9mon\n|rule|Item Clause: Limit 1 of each item\n|clearpoke\n|poke|p1|Zacian-*, L50|\n|poke|p1|Tornadus, L50, M|\n|poke|p1|Urshifu-*, L50, F|\n|poke|p1|Ogerpon, L50, F|\n|poke|p1|Entei, L50|\n|poke|p1|Chien-Pao, L50|\n|poke|p2|Kyogre, L50|\n|poke|p2|Tornadus, L50, M|\n|poke|p2|Urshifu-*, L50, M|\n|poke|p2|Rillaboom, L50, M|\n|poke|p2|Iron Hands, L50|\n|poke|p2|Flutter Mane, L50|\n|teampreview|4\n|\n|t:|1737612433\n|start\n|switch|p1a: Tornadus|Tornadus, L50, M|100\/100\n|switch|p1b: Urshifu|Urshifu-Rapid-Strike, L50, F|100\/100\n|switch|p2a: Kyogre|Kyogre, L50|100\/100\n|switch|p2b: Tornadus|Tornadus, L50, M|100\/100\n|-weather|RainDance|[from] ability: Drizzle|[of] p2a: Kyogre\n|turn|1\n|\n|t:|1737612455\n|move|p1a: Tornadus|Tailwind|p1a: Tornadus\n|-sidestart|p1: sheepie_sheep1|move: Tailwind\n|move|p2b: Tornadus|Tailwind|p2b: Tornadus\n|-sidestart|p2: Hang-jama|move: Tailwind\n|move|p1b: Urshifu|Close Combat|p2a: Kyogre\n|-damage|p2a: Kyogre|18\/100\n|-unboost|p1b: Urshifu|def|1\n|-unboost|p1b: Urshifu|spd|1\n|move|p2a: Kyogre|Origin Pulse|p1b: Urshifu|[spread] p1a,p1b\n|-resisted|p1b: Urshifu\n|-damage|p1a: Tornadus|0 fnt\n|-damage|p1b: Urshifu|0 fnt\n|faint|p1a: Tornadus\n|faint|p1b: Urshifu\n|\n|-weather|RainDance|[upkeep]\n|upkeep\n|\n|t:|1737612461\n|switch|p1a: Zacian|Zacian-Crowned, L50|100\/100\n|switch|p1b: Chien-Pao|Chien-Pao, L50|100\/100\n|-ability|p1a: Zacian|Intrepid Sword|boost\n|-boost|p1a: Zacian|atk|1\n|-ability|p1b: Chien-Pao|Sword of Ruin\n|turn|2\n|\n|t:|1737612483\n|switch|p2a: Iron Hands|Iron Hands, L50|100\/100\n|move|p1b: Chien-Pao|Sucker Punch||[still]\n|-fail|p1b: Chien-Pao\n|move|p1a: Zacian|Behemoth Blade|p2b: Tornadus\n|-damage|p2b: Tornadus|0 fnt\n|faint|p2b: Tornadus\n|\n|-weather|RainDance|[upkeep]\n|upkeep\n|\n|t:|1737612501\n|switch|p2b: Kyogre|Kyogre, L50|18\/100\n|turn|3\n|\n|t:|1737612520\n|switch|p2b: Flutter Mane|Flutter Mane, L50|100\/100\n|-enditem|p2b: Flutter Mane|Booster Energy\n|-activate|p2b: Flutter Mane|ability: Protosynthesis|[fromitem]\n|-start|p2b: Flutter Mane|protosynthesisspe\n|-terastallize|p1b: Chien-Pao|Ghost\n|-terastallize|p2a: Iron Hands|Fire\n|move|p1b: Chien-Pao|Sucker Punch||[still]\n|-fail|p1b: Chien-Pao\n|move|p1a: Zacian|Play Rough|p2a: Iron Hands|[miss]\n|-miss|p1a: Zacian|p2a: Iron Hands\n|move|p2a: Iron Hands|Drain Punch|p1a: Zacian\n|-damage|p1a: Zacian|47\/100\n|\n|-weather|RainDance|[upkeep]\n|upkeep\n|turn|4\n|\n|t:|1737612544\n|move|p2b: Flutter Mane|Icy Wind|p1a: Zacian|[spread] p1a,p1b\n|-resisted|p1a: Zacian\n|-damage|p1a: Zacian|41\/100\n|-damage|p1b: Chien-Pao|80\/100\n|-unboost|p1a: Zacian|spe|1\n|-unboost|p1b: Chien-Pao|spe|1\n|move|p1a: Zacian|Sacred Sword|p2a: Iron Hands\n|-damage|p2a: Iron Hands|59\/100\n|move|p1b: Chien-Pao|Throat Chop|p2a: Iron Hands\n|-damage|p2a: Iron Hands|27\/100\n|-start|p2a: Iron Hands|Throat Chop|[silent]\n|move|p2a: Iron Hands|Drain Punch|p1a: Zacian\n|-damage|p1a: Zacian|0 fnt\n|-heal|p2a: Iron Hands|43\/100|[from] drain|[of] p1a: Zacian\n|faint|p1a: Zacian\n|\n|-weather|RainDance|[upkeep]\n|-sideend|p2: Hang-jama|move: Tailwind\n|-sideend|p1: sheepie_sheep1|move: Tailwind\n|upkeep\n|turn|5\n|-message|sheepie_sheep1 forfeited.\n|\n|win|Hang-jama\n|raw|sheepie_sheep1's rating: 1601 &rarr; <strong>1576<\/strong><br \/>(-25 for losing)\n|raw|Hang-jama's rating: 1503 &rarr; <strong>1528<\/strong><br \/>(+25 for winning)\n|l|\u2606sheepie_sheep1\n|player|p1|\n|l|\u2606Hang-jama\n|player|p2|\n","uploadtime":1737612817,"views":5,"formatid":"gen9vgc2025regg","rating":1528,"private":0,"password":null}