{"id":"gen9vgc2025regg-2286973719","format":"[Gen 9] VGC 2025 Reg G","players":["Ilovecatgirlsmeow","Cammyrupt13"],"log":"|j|\u2606Ilovecatgirlsmeow\n|j|\u2606Cammyrupt13\n|t:|1737674262\n|gametype|doubles\n|player|p1|Ilovecatgirlsmeow|waitress-gen4|1609\n|player|p2|Cammyrupt13|ballguy|1560\n|teamsize|p1|6\n|teamsize|p2|6\n|gen|9\n|tier|[Gen 9] VGC 2025 Reg G\n|rated|\n|rule|Species Clause: Limit one of each Pok\u00e9mon\n|rule|Item Clause: Limit 1 of each item\n|clearpoke\n|poke|p1|Calyrex-Ice, L50|\n|poke|p1|Indeedee-F, L50, F|\n|poke|p1|Torkoal, L50, F|\n|poke|p1|Smeargle, L50, F|\n|poke|p1|Ursaluna, L50, M|\n|poke|p1|Iron Valiant, L50|\n|poke|p2|Terapagos, L50, M|\n|poke|p2|Flutter Mane, L50|\n|poke|p2|Tornadus, L50, M|\n|poke|p2|Incineroar, L50, F|\n|poke|p2|Rillaboom, L50, F|\n|poke|p2|Walking Wake, L50|\n|teampreview|4\n|\n|t:|1737674303\n|start\n|switch|p1a: Calyrex|Calyrex-Ice, L50|100\/100\n|switch|p1b: Smeargle|Smeargle, L50, F, shiny|100\/100\n|switch|p2a: Terapagos|Terapagos, L50, M|100\/100\n|switch|p2b: Rillaboom|Rillaboom, L50, F|100\/100\n|-ability|p1a: Calyrex|As One\n|-ability|p1a: Calyrex|Unnerve\n|-activate|p2a: Terapagos|ability: Tera Shift\n|detailschange|p2a: Terapagos|Terapagos-Terastal, L50, M\n|-heal|p2a: Terapagos|100\/100|[silent]\n|-fieldstart|move: Grassy Terrain|[from] ability: Grassy Surge|[of] p2b: Rillaboom\n|turn|1\n|inactive|Battle timer is ON: inactive players will automatically lose when time's up. (requested by Ilovecatgirlsmeow)\n|\n|t:|1737674317\n|switch|p2b: Incineroar|Incineroar, L50, F|100\/100\n|-ability|p2b: Incineroar|Intimidate|boost\n|-fail|p1a: Calyrex|unboost|[from] item: Clear Amulet|[of] p1a: Calyrex\n|-unboost|p1b: Smeargle|atk|1\n|move|p1b: Smeargle|Fake Out|p2a: Terapagos\n|-activate|p2a: Terapagos|ability: Tera Shell\n|-resisted|p2a: Terapagos\n|-damage|p2a: Terapagos|99\/100\n|cant|p2a: Terapagos|flinch\n|move|p1a: Calyrex|Glacial Lance|p2a: Terapagos|[spread] p2a,p2b\n|-resisted|p2b: Incineroar\n|-damage|p2a: Terapagos|46\/100\n|-damage|p2b: Incineroar|77\/100\n|\n|-heal|p2a: Terapagos|52\/100|[from] Grassy Terrain\n|-heal|p2b: Incineroar|83\/100|[from] Grassy Terrain\n|-ability|p1b: Smeargle|Moody|boost\n|-boost|p1b: Smeargle|spa|2\n|-unboost|p1b: Smeargle|atk|1\n|upkeep\n|turn|2\n|\n|t:|1737674338\n|move|p2b: Incineroar|Fake Out|p1a: Calyrex\n|-damage|p1a: Calyrex|92\/100\n|move|p1b: Smeargle|Spore|p2a: Terapagos\n|-status|p2a: Terapagos|slp|[from] move: Spore\n|cant|p2a: Terapagos|slp\n|cant|p1a: Calyrex|flinch\n|\n|-heal|p2a: Terapagos|58\/100 slp|[from] Grassy Terrain\n|-heal|p1a: Calyrex|98\/100|[from] Grassy Terrain\n|-heal|p2b: Incineroar|89\/100|[from] Grassy Terrain\n|-ability|p1b: Smeargle|Moody|boost\n|-boost|p1b: Smeargle|spa|2\n|-unboost|p1b: Smeargle|def|1\n|upkeep\n|turn|3\n|\n|t:|1737674352\n|move|p1b: Smeargle|Follow Me|p1b: Smeargle\n|-singleturn|p1b: Smeargle|move: Follow Me\n|cant|p2a: Terapagos|slp\n|move|p1a: Calyrex|High Horsepower|p2b: Incineroar\n|-supereffective|p2b: Incineroar\n|-damage|p2b: Incineroar|27\/100\n|-damage|p1a: Calyrex|82\/100|[from] item: Rocky Helmet|[of] p2b: Incineroar\n|move|p2b: Incineroar|Knock Off|p1b: Smeargle\n|-enditem|p1b: Smeargle|Focus Sash\n|-damage|p1b: Smeargle|1\/100\n|\n|-heal|p1b: Smeargle|7\/100|[from] Grassy Terrain\n|-heal|p2a: Terapagos|64\/100 slp|[from] Grassy Terrain\n|-heal|p1a: Calyrex|87\/100|[from] Grassy Terrain\n|-heal|p2b: Incineroar|33\/100|[from] Grassy Terrain\n|-ability|p1b: Smeargle|Moody|boost\n|-boost|p1b: Smeargle|spe|2\n|-unboost|p1b: Smeargle|def|1\n|upkeep\n|turn|4\n|\n|t:|1737674364\n|-curestatus|p2a: Terapagos|slp|[msg]\n|move|p2a: Terapagos|Protect|p2a: Terapagos\n|-singleturn|p2a: Terapagos|Protect\n|move|p1b: Smeargle|Spore|p2b: Incineroar\n|-status|p2b: Incineroar|slp|[from] move: Spore\n|move|p1a: Calyrex|Glacial Lance|p2a: Terapagos|[spread] p2b\n|-activate|p2a: Terapagos|move: Protect\n|-resisted|p2b: Incineroar\n|-damage|p2b: Incineroar|12\/100 slp\n|cant|p2b: Incineroar|slp\n|\n|-heal|p1b: Smeargle|13\/100|[from] Grassy Terrain\n|-heal|p2a: Terapagos|70\/100|[from] Grassy Terrain\n|-heal|p1a: Calyrex|93\/100|[from] Grassy Terrain\n|-heal|p2b: Incineroar|18\/100 slp|[from] Grassy Terrain\n|-ability|p1b: Smeargle|Moody|boost\n|-boost|p1b: Smeargle|atk|2\n|-unboost|p1b: Smeargle|spd|1\n|upkeep\n|turn|5\n|\n|t:|1737674377\n|-terastallize|p2a: Terapagos|Stellar\n|detailschange|p2a: Terapagos|Terapagos-Stellar, L50, M, tera:Stellar\n|-heal|p2a: Terapagos|78\/100|[silent]\n|-ability|p2a: Terapagos|Teraform Zero\n|-fieldend|move: Grassy Terrain\n|move|p1b: Smeargle|Spore|p2a: Terapagos\n|-status|p2a: Terapagos|slp|[from] move: Spore\n|cant|p2a: Terapagos|slp\n|move|p1a: Calyrex|Glacial Lance|p2a: Terapagos|[spread] p2a,p2b\n|-resisted|p2b: Incineroar\n|-damage|p2a: Terapagos|41\/100 slp\n|-damage|p2b: Incineroar|0 fnt\n|faint|p2b: Incineroar\n|-ability|p1a: Calyrex|Chilling Neigh|boost\n|-boost|p1a: Calyrex|atk|1\n|\n|-ability|p1b: Smeargle|Moody|boost\n|-boost|p1b: Smeargle|spd|2\n|-unboost|p1b: Smeargle|atk|1\n|upkeep\n|-message|Cammyrupt13 forfeited.\n|\n|win|Ilovecatgirlsmeow\n|raw|Ilovecatgirlsmeow's rating: 1609 &rarr; <strong>1626<\/strong><br \/>(+17 for winning)\n|raw|Cammyrupt13's rating: 1560 &rarr; <strong>1543<\/strong><br \/>(-17 for losing)\n|l|\u2606Cammyrupt13\n|player|p2|\n","uploadtime":1737674389,"views":10,"formatid":"gen9vgc2025regg","rating":1543,"private":0,"password":null}