{"id":"gen9vgc2025regg-2286127785","format":"[Gen 9] VGC 2025 Reg G","players":["BLiiNDProdiigy","Acblade"],"log":"|j|\u2606BLiiNDProdiigy\n|j|\u2606Acblade\n|t:|1737570628\n|gametype|doubles\n|player|p1|BLiiNDProdiigy|rocketgrunt|1615\n|player|p2|Acblade|lucas|1606\n|teamsize|p1|6\n|teamsize|p2|6\n|gen|9\n|tier|[Gen 9] VGC 2025 Reg G\n|rated|\n|rule|Species Clause: Limit one of each Pok\u00e9mon\n|rule|Item Clause: Limit 1 of each item\n|clearpoke\n|poke|p1|Terapagos, L50, M|\n|poke|p1|Incineroar, L50, F|\n|poke|p1|Rillaboom, L50, F|\n|poke|p1|Urshifu-*, L50, M|\n|poke|p1|Flutter Mane, L50|\n|poke|p1|Ogerpon-Hearthflame, L50, F|\n|poke|p2|Tornadus, L50, M|\n|poke|p2|Chi-Yu, L50|\n|poke|p2|Flutter Mane, L50|\n|poke|p2|Koraidon, L50|\n|poke|p2|Raging Bolt, L50|\n|poke|p2|Farigiraf, L50, F|\n|teampreview|4\n|inactive|Battle timer is ON: inactive players will automatically lose when time's up. (requested by Acblade)\n|j| weezingiguess\n|l| weezingiguess\n|inactive|Acblade has 60 seconds left.\n|\n|t:|1737570670\n|start\n|switch|p1a: Terapagos|Terapagos, L50, M|100\/100\n|switch|p1b: Incineroar|Incineroar, L50, F|100\/100\n|switch|p2a: Koraidon|Koraidon, L50|100\/100\n|switch|p2b: Flutter Mane|Flutter Mane, L50|100\/100\n|-activate|p1a: Terapagos|ability: Tera Shift\n|detailschange|p1a: Terapagos|Terapagos-Terastal, L50, M\n|-heal|p1a: Terapagos|100\/100|[silent]\n|-weather|SunnyDay|[from] ability: Orichalcum Pulse|[of] p2a: Koraidon\n|-activate|p2b: Flutter Mane|ability: Protosynthesis\n|-start|p2b: Flutter Mane|protosynthesisspe\n|-activate|p2a: Koraidon|Orichalcum Pulse|[source]\n|-ability|p1b: Incineroar|Intimidate|boost\n|-unboost|p2a: Koraidon|atk|1\n|-unboost|p2b: Flutter Mane|atk|1\n|turn|1\n|inactive|BLiiNDProdiigy has 30 seconds left.\n|\n|t:|1737570700\n|move|p1b: Incineroar|Fake Out|p2a: Koraidon\n|-damage|p2a: Koraidon|90\/100\n|move|p2b: Flutter Mane|Moonblast|p1b: Incineroar\n|-damage|p1b: Incineroar|27\/100\n|cant|p2a: Koraidon|flinch\n|move|p1a: Terapagos|Calm Mind|p1a: Terapagos\n|-boost|p1a: Terapagos|spa|1\n|-boost|p1a: Terapagos|spd|1\n|\n|-weather|SunnyDay|[upkeep]\n|upkeep\n|turn|2\n|\n|t:|1737570724\n|switch|p2a: Chi-Yu|Chi-Yu, L50|100\/100\n|-ability|p2a: Chi-Yu|Beads of Ruin\n|move|p1a: Terapagos|Protect|p1a: Terapagos\n|-singleturn|p1a: Terapagos|Protect\n|move|p2b: Flutter Mane|Moonblast|p1b: Incineroar\n|-damage|p1b: Incineroar|0 fnt\n|faint|p1b: Incineroar\n|\n|-weather|SunnyDay|[upkeep]\n|upkeep\n|\n|t:|1737570734\n|switch|p1b: Flutter Mane|Flutter Mane, L50|100\/100\n|-activate|p1b: Flutter Mane|ability: Protosynthesis\n|-start|p1b: Flutter Mane|protosynthesisspe\n|turn|3\n|j| meklae\n|\n|t:|1737570749\n|move|p2b: Flutter Mane|Moonblast|p1b: Flutter Mane\n|-damage|p1b: Flutter Mane|16\/100\n|-unboost|p1b: Flutter Mane|spa|1\n|move|p1b: Flutter Mane|Thunder Wave|p2a: Chi-Yu|[miss]\n|-miss|p1b: Flutter Mane|p2a: Chi-Yu\n|move|p2a: Chi-Yu|Heat Wave|p1a: Terapagos|[spread] p1a,p1b\n|-activate|p1a: Terapagos|ability: Tera Shell\n|-resisted|p1a: Terapagos\n|-damage|p1a: Terapagos|81\/100\n|-damage|p1b: Flutter Mane|0 fnt\n|faint|p1b: Flutter Mane\n|-end|p1b: Flutter Mane|Protosynthesis|[silent]\n|move|p1a: Terapagos|Calm Mind|p1a: Terapagos\n|-boost|p1a: Terapagos|spa|1\n|-boost|p1a: Terapagos|spd|1\n|\n|-weather|SunnyDay|[upkeep]\n|-heal|p1a: Terapagos|86\/100|[from] item: Leftovers\n|upkeep\n|\n|t:|1737570760\n|switch|p1b: Ogerpon|Ogerpon-Hearthflame, L50, F|100\/100\n|-ability|p1b: Ogerpon|Mold Breaker\n|turn|4\n|\n|t:|1737570781\n|-terastallize|p2a: Chi-Yu|Fire\n|-terastallize|p1a: Terapagos|Stellar\n|detailschange|p1a: Terapagos|Terapagos-Stellar, L50, M, tera:Stellar\n|-heal|p1a: Terapagos|90\/100|[silent]\n|-ability|p1a: Terapagos|Teraform Zero\n|-weather|none\n|-end|p2b: Flutter Mane|Protosynthesis\n|move|p1b: Ogerpon|Spiky Shield|p1b: Ogerpon\n|-singleturn|p1b: Ogerpon|move: Protect\n|move|p2a: Chi-Yu|Heat Wave|p1a: Terapagos|[spread] p1a\n|-activate|p1b: Ogerpon|move: Protect\n|-damage|p1a: Terapagos|70\/100\n|move|p2b: Flutter Mane|Moonblast|p1b: Ogerpon\n|-activate|p1b: Ogerpon|move: Protect\n|move|p1a: Terapagos|Tera Starstorm|p2b: Flutter Mane|[spread] p2a,p2b\n|-supereffective|p2a: Chi-Yu\n|-damage|p2a: Chi-Yu|0 fnt\n|-damage|p2b: Flutter Mane|0 fnt\n|faint|p2a: Chi-Yu\n|faint|p2b: Flutter Mane\n|-end|p2b: Flutter Mane|Protosynthesis|[silent]\n|\n|-heal|p1a: Terapagos|76\/100|[from] item: Leftovers\n|upkeep\n|\n|t:|1737570798\n|switch|p2b: Raging Bolt|Raging Bolt, L50|100\/100\n|switch|p2a: Koraidon|Koraidon, L50|90\/100\n|-weather|SunnyDay|[from] ability: Orichalcum Pulse|[of] p2a: Koraidon\n|-activate|p2b: Raging Bolt|ability: Protosynthesis\n|-start|p2b: Raging Bolt|protosynthesisspa\n|-activate|p2a: Koraidon|Orichalcum Pulse|[source]\n|turn|5\n|\n|t:|1737570822\n|move|p2b: Raging Bolt|Protect|p2b: Raging Bolt\n|-singleturn|p2b: Raging Bolt|Protect\n|move|p1b: Ogerpon|Follow Me|p1b: Ogerpon\n|-singleturn|p1b: Ogerpon|move: Follow Me\n|move|p2a: Koraidon|Breaking Swipe|p1b: Ogerpon|[spread] p1a,p1b\n|-damage|p1a: Terapagos|47\/100\n|-damage|p1b: Ogerpon|49\/100\n|-unboost|p1a: Terapagos|atk|1\n|-unboost|p1b: Ogerpon|atk|1\n|move|p1a: Terapagos|Tera Starstorm|p2b: Raging Bolt|[spread] p2a\n|-activate|p2b: Raging Bolt|move: Protect\n|-damage|p2a: Koraidon|8\/100\n|\n|-weather|SunnyDay|[upkeep]\n|-heal|p1a: Terapagos|54\/100|[from] item: Leftovers\n|upkeep\n|turn|6\n|\n|t:|1737570840\n|move|p1b: Ogerpon|Spiky Shield|p1b: Ogerpon\n|-singleturn|p1b: Ogerpon|move: Protect\n|move|p1a: Terapagos|Protect|p1a: Terapagos\n|-singleturn|p1a: Terapagos|Protect\n|move|p2a: Koraidon|Breaking Swipe|p1b: Ogerpon|[spread] \n|-activate|p1a: Terapagos|move: Protect\n|-activate|p1b: Ogerpon|move: Protect\n|-damage|p2a: Koraidon|0 fnt|[from] Spiky Shield|[of] p1b: Ogerpon\n|faint|p2a: Koraidon\n|move|p2b: Raging Bolt|Draco Meteor|p1a: Terapagos\n|-activate|p1a: Terapagos|move: Protect\n|\n|-weather|SunnyDay|[upkeep]\n|-heal|p1a: Terapagos|60\/100|[from] item: Leftovers\n|upkeep\n|turn|7\n|-message|Acblade forfeited.\n|\n|win|BLiiNDProdiigy\n|raw|BLiiNDProdiigy's rating: 1615 &rarr; <strong>1634<\/strong><br \/>(+19 for winning)\n|raw|Acblade's rating: 1606 &rarr; <strong>1587<\/strong><br \/>(-19 for losing)\n|l|\u2606Acblade\n|player|p2|\n|l|\u2606BLiiNDProdiigy\n|player|p1|\n|l| meklae\n","uploadtime":1737571009,"views":13,"formatid":"gen9vgc2025regg","rating":1587,"private":0,"password":null}