{"id":"gen9vgc2025regg-2286519058","format":"[Gen 9] VGC 2025 Reg G","players":["SERENA2024","something123"],"log":"|j|\u2606SERENA2024\n|j|\u2606something123\n|t:|1737620725\n|gametype|doubles\n|player|p1|SERENA2024|265|1597\n|player|p2|something123|265|1731\n|teamsize|p1|6\n|teamsize|p2|6\n|gen|9\n|tier|[Gen 9] VGC 2025 Reg G\n|rated|\n|rule|Species Clause: Limit one of each Pok\u00e9mon\n|rule|Item Clause: Limit 1 of each item\n|clearpoke\n|poke|p1|Calyrex-Ice, L50|\n|poke|p1|Pelipper, L50, M|\n|poke|p1|Incineroar, L50, F|\n|poke|p1|Rillaboom, L50, F|\n|poke|p1|Urshifu-*, L50, M|\n|poke|p1|Raging Bolt, L50|\n|poke|p2|Farigiraf, L50, F|\n|poke|p2|Landorus, L50, M|\n|poke|p2|Calyrex-Ice, L50|\n|poke|p2|Ogerpon-Cornerstone, L50, F|\n|poke|p2|Urshifu-*, L50, F|\n|poke|p2|Regieleki, L50|\n|teampreview|4\n|j| summerdog\n|inactive|Battle timer is ON: inactive players will automatically lose when time's up. (requested by something123)\n|\n|t:|1737620767\n|start\n|switch|p1a: Calyrex|Calyrex-Ice, L50|100\/100\n|switch|p1b: Urshifu|Urshifu-Rapid-Strike, L50, M|100\/100\n|switch|p2a: Landorus|Landorus, L50, M|100\/100\n|switch|p2b: Calyrex|Calyrex-Ice, L50|100\/100\n|-ability|p2b: Calyrex|As One\n|-ability|p2b: Calyrex|Unnerve\n|-ability|p1a: Calyrex|As One\n|-ability|p1a: Calyrex|Unnerve\n|turn|1\n|inactive|SERENA2024 has 30 seconds left.\n|\n|t:|1737620802\n|-terastallize|p1b: Urshifu|Water\n|-terastallize|p2a: Landorus|Water\n|move|p1b: Urshifu|Surging Strikes|p2a: Landorus\n|-resisted|p2a: Landorus\n|-crit|p2a: Landorus\n|-damage|p2a: Landorus|84\/100\n|-resisted|p2a: Landorus\n|-crit|p2a: Landorus\n|-damage|p2a: Landorus|70\/100\n|-resisted|p2a: Landorus\n|-crit|p2a: Landorus\n|-damage|p2a: Landorus|55\/100\n|-hitcount|p2a: Landorus|3\n|move|p2a: Landorus|Sandsear Storm|p1a: Calyrex|[spread] p1b\n|-miss|p2a: Landorus|p1a: Calyrex\n|-damage|p1b: Urshifu|8\/100\n|move|p2b: Calyrex|Glacial Lance|p1a: Calyrex|[spread] p1a,p1b\n|-resisted|p1a: Calyrex\n|-resisted|p1b: Urshifu\n|-damage|p1a: Calyrex|79\/100\n|-damage|p1b: Urshifu|0 fnt\n|faint|p1b: Urshifu\n|-ability|p2b: Calyrex|Chilling Neigh|boost\n|-boost|p2b: Calyrex|atk|1\n|move|p1a: Calyrex|Glacial Lance|p2b: Calyrex|[spread] p2a,p2b\n|-resisted|p2a: Landorus\n|-resisted|p2b: Calyrex\n|-damage|p2a: Landorus|23\/100\n|-damage|p2b: Calyrex|83\/100\n|\n|upkeep\n|\n|t:|1737620816\n|switch|p1b: Incineroar|Incineroar, L50, F|100\/100\n|-ability|p1b: Incineroar|Intimidate|boost\n|-unboost|p2a: Landorus|atk|1\n|-unboost|p2b: Calyrex|atk|1\n|turn|2\n|\n|t:|1737620825\n|switch|p2b: Farigiraf|Farigiraf, L50, F|100\/100\n|move|p1b: Incineroar|Fake Out||[still]\n|cant|p2b: Farigiraf|ability: Armor Tail|Fake Out|[of] p1b: Incineroar\n|move|p2a: Landorus|Sandsear Storm|p1a: Calyrex|[spread] p1b\n|-miss|p2a: Landorus|p1a: Calyrex\n|-supereffective|p1b: Incineroar\n|-damage|p1b: Incineroar|0 fnt\n|faint|p1b: Incineroar\n|move|p1a: Calyrex|Trick Room|p1a: Calyrex\n|-fieldstart|move: Trick Room|[of] p1a: Calyrex\n|\n|upkeep\n|\n|t:|1737620828\n|switch|p1b: Raging Bolt|Raging Bolt, L50|100\/100\n|turn|3\n|inactive|something123 has 30 seconds left.\n|inactive|something123 has 20 seconds left.\n|inactive|something123 has 15 seconds left.\n|j| burbnator10000\n|inactive|something123 has 10 seconds left.\n|\n|t:|1737620877\n|switch|p2b: Urshifu|Urshifu-Rapid-Strike, L50, F|100\/100\n|switch|p2a: Calyrex|Calyrex-Ice, L50|83\/100\n|-ability|p2a: Calyrex|As One\n|-ability|p2a: Calyrex|Unnerve\n|move|p1a: Calyrex|Glacial Lance|p2b: Urshifu|[spread] p2a,p2b\n|-resisted|p2a: Calyrex\n|-resisted|p2b: Urshifu\n|-damage|p2a: Calyrex|65\/100\n|-damage|p2b: Urshifu|70\/100\n|move|p1b: Raging Bolt|Thunderbolt|p2b: Urshifu\n|-supereffective|p2b: Urshifu\n|-damage|p2b: Urshifu|0 fnt\n|faint|p2b: Urshifu\n|-damage|p1b: Raging Bolt|91\/100|[from] item: Life Orb\n|\n|upkeep\n|\n|t:|1737620893\n|switch|p2b: Farigiraf|Farigiraf, L50, F|100\/100\n|turn|4\n|\n|t:|1737620905\n|move|p1b: Raging Bolt|Protect|p1b: Raging Bolt\n|-singleturn|p1b: Raging Bolt|Protect\n|move|p1a: Calyrex|Glacial Lance|p2b: Farigiraf|[spread] p2a,p2b\n|-resisted|p2a: Calyrex\n|-damage|p2a: Calyrex|45\/100\n|-damage|p2b: Farigiraf|44\/100\n|move|p2b: Farigiraf|Foul Play|p1a: Calyrex\n|-supereffective|p1a: Calyrex\n|-damage|p1a: Calyrex|28\/100\n|move|p2a: Calyrex|Glacial Lance|p1b: Raging Bolt|[spread] p1a\n|-activate|p1b: Raging Bolt|move: Protect\n|-resisted|p1a: Calyrex\n|-damage|p1a: Calyrex|9\/100\n|\n|upkeep\n|turn|5\n|\n|t:|1737620920\n|move|p2b: Farigiraf|Helping Hand|p2a: Calyrex\n|-singleturn|p2a: Calyrex|Helping Hand|[of] p2b: Farigiraf\n|move|p1b: Raging Bolt|Protect||[still]\n|-fail|p1b: Raging Bolt\n|move|p1a: Calyrex|Glacial Lance|p2b: Farigiraf|[spread] p2a,p2b\n|-resisted|p2a: Calyrex\n|-damage|p2a: Calyrex|27\/100\n|-damage|p2b: Farigiraf|0 fnt\n|faint|p2b: Farigiraf\n|-ability|p1a: Calyrex|Chilling Neigh|boost\n|-boost|p1a: Calyrex|atk|1\n|move|p2a: Calyrex|Glacial Lance|p1b: Raging Bolt|[spread] p1a,p1b\n|-resisted|p1a: Calyrex\n|-supereffective|p1b: Raging Bolt\n|-damage|p1a: Calyrex|0 fnt\n|-damage|p1b: Raging Bolt|0 fnt\n|faint|p1a: Calyrex\n|faint|p1b: Raging Bolt\n|-end|p1b: Raging Bolt|Protosynthesis|[silent]\n|\n|win|something123\n|raw|SERENA2024's rating: 1574 &rarr; <strong>1562<\/strong><br \/>(-12 for losing)\n|raw|something123's rating: 1731 &rarr; <strong>1743<\/strong><br \/>(+12 for winning)\n|l|\u2606SERENA2024\n|player|p1|\n|l|\u2606something123\n|player|p2|\n","uploadtime":1737621100,"views":32,"formatid":"gen9vgc2025regg","rating":1562,"private":0,"password":null}