{"id":"gen9vgc2025regg-2286971964","format":"[Gen 9] VGC 2025 Reg G","players":["Iamsliverfish","Grissin Bon"],"log":"|j|\u2606Iamsliverfish\n|j|\u2606Grissin Bon\n|t:|1737674051\n|gametype|doubles\n|player|p1|Iamsliverfish|hiker-gen4|1656\n|player|p2|Grissin Bon|proton|1688\n|teamsize|p1|6\n|teamsize|p2|6\n|gen|9\n|tier|[Gen 9] VGC 2025 Reg G\n|rated|\n|rule|Species Clause: Limit one of each Pok\u00e9mon\n|rule|Item Clause: Limit 1 of each item\n|clearpoke\n|poke|p1|Calyrex-Shadow, L50|\n|poke|p1|Ursaluna, L50, M|\n|poke|p1|Indeedee-F, L50, F|\n|poke|p1|Ogerpon-Wellspring, L50, F|\n|poke|p1|Tornadus, L50, M|\n|poke|p1|Chi-Yu, L50|\n|poke|p2|Ursaluna, L50, F|\n|poke|p2|Lunala, L50|\n|poke|p2|Indeedee-F, L50, F|\n|poke|p2|Whimsicott, L50, F|\n|poke|p2|Urshifu-*, L50, F|\n|poke|p2|Chi-Yu, L50|\n|teampreview|4\n|inactive|Battle timer is ON: inactive players will automatically lose when time's up. (requested by Grissin Bon)\n|inactive|Iamsliverfish has 60 seconds left.\n|inactive|Grissin Bon has 60 seconds left.\n|\n|t:|1737674092\n|start\n|switch|p1a: Tornadus|Tornadus, L50, M|100\/100\n|switch|p1b: Ogerpon|Ogerpon-Wellspring, L50, F|100\/100\n|switch|p2a: Lunala|Lunala, L50|100\/100\n|switch|p2b: Whimsicott|Whimsicott, L50, F|100\/100\n|turn|1\n|\n|t:|1737674111\n|move|p1b: Ogerpon|Follow Me|p1b: Ogerpon\n|-singleturn|p1b: Ogerpon|move: Follow Me\n|move|p1a: Tornadus|Bleakwind Storm|p2a: Lunala|[spread] \n|-miss|p1a: Tornadus|p2a: Lunala\n|-miss|p1a: Tornadus|p2b: Whimsicott\n|move|p2b: Whimsicott|Moonblast|p1b: Ogerpon\n|-damage|p1b: Ogerpon|59\/100\n|move|p2a: Lunala|Meteor Beam||[still]\n|-prepare|p2a: Lunala|Meteor Beam\n|-boost|p2a: Lunala|spa|1\n|-enditem|p2a: Lunala|Power Herb\n|-anim|p2a: Lunala|Meteor Beam|p1b: Ogerpon|[miss]\n|-miss|p2a: Lunala|p1b: Ogerpon\n|\n|upkeep\n|turn|2\n|inactive|Iamsliverfish has 30 seconds left.\n|\n|t:|1737674145\n|move|p1b: Ogerpon|Spiky Shield|p1b: Ogerpon\n|-singleturn|p1b: Ogerpon|move: Protect\n|move|p2b: Whimsicott|Light Screen|p2b: Whimsicott\n|-sidestart|p2: Grissin Bon|move: Light Screen\n|move|p1a: Tornadus|Bleakwind Storm|p2a: Lunala|[spread] p2a\n|-miss|p1a: Tornadus|p2b: Whimsicott\n|-damage|p2a: Lunala|92\/100\n|-unboost|p2a: Lunala|spe|1\n|move|p2a: Lunala|Moongeist Beam|p1b: Ogerpon\n|-activate|p1b: Ogerpon|move: Protect\n|\n|upkeep\n|turn|3\n|inactive|Grissin Bon has 30 seconds left.\n|\n|t:|1737674171\n|switch|p1b: Chi-Yu|Chi-Yu, L50|100\/100\n|-ability|p1b: Chi-Yu|Beads of Ruin\n|switch|p2b: Ursaluna|Ursaluna, L50, F|100\/100\n|move|p1a: Tornadus|Bleakwind Storm|p2b: Ursaluna|[spread] p2b\n|-miss|p1a: Tornadus|p2a: Lunala\n|-damage|p2b: Ursaluna|71\/100\n|move|p2a: Lunala|Trick Room|p2a: Lunala\n|-fieldstart|move: Trick Room|[of] p2a: Lunala\n|\n|-status|p2b: Ursaluna|brn|[from] item: Flame Orb\n|upkeep\n|turn|4\n|\n|t:|1737674194\n|-terastallize|p1a: Tornadus|Steel\n|move|p2b: Ursaluna|Headlong Rush|p1b: Chi-Yu\n|-supereffective|p1b: Chi-Yu\n|-damage|p1b: Chi-Yu|0 fnt\n|-unboost|p2b: Ursaluna|def|1\n|-unboost|p2b: Ursaluna|spd|1\n|faint|p1b: Chi-Yu\n|move|p2a: Lunala|Moongeist Beam|p1a: Tornadus\n|-damage|p1a: Tornadus|2\/100\n|move|p1a: Tornadus|Bleakwind Storm|p2b: Ursaluna|[spread] p2a,p2b\n|-damage|p2a: Lunala|75\/100\n|-damage|p2b: Ursaluna|34\/100 brn\n|-unboost|p2a: Lunala|spe|1\n|\n|-damage|p2b: Ursaluna|28\/100 brn|[from] brn\n|upkeep\n|\n|t:|1737674200\n|switch|p1b: Ogerpon|Ogerpon-Wellspring, L50, F|59\/100\n|turn|5\n|\n|t:|1737674212\n|move|p1b: Ogerpon|Follow Me|p1b: Ogerpon\n|-singleturn|p1b: Ogerpon|move: Follow Me\n|move|p2b: Ursaluna|Facade|p1b: Ogerpon\n|-damage|p1b: Ogerpon|0 fnt\n|faint|p1b: Ogerpon\n|move|p2a: Lunala|Moongeist Beam|p1a: Tornadus\n|-damage|p1a: Tornadus|0 fnt\n|faint|p1a: Tornadus\n|\n|-damage|p2b: Ursaluna|22\/100 brn|[from] brn\n|upkeep\n|-message|Iamsliverfish forfeited.\n|\n|win|Grissin Bon\n|raw|Iamsliverfish's rating: 1641 &rarr; <strong>1624<\/strong><br \/>(-17 for losing)\n|raw|Grissin Bon's rating: 1688 &rarr; <strong>1705<\/strong><br \/>(+17 for winning)\n|l|\u2606Iamsliverfish\n|player|p1|\n","uploadtime":1737674463,"views":37,"formatid":"gen9vgc2025regg","rating":1624,"private":0,"password":null}