{"id":"gen9vgc2025regg-2286216471","format":"[Gen 9] VGC 2025 Reg G","players":["Jojocup","juacox300"],"log":"|j|\u2606Jojocup\n|j|\u2606juacox300\n|t:|1737579314\n|gametype|doubles\n|player|p1|Jojocup|265|1525\n|player|p2|juacox300|unknown|1561\n|teamsize|p1|6\n|teamsize|p2|6\n|gen|9\n|tier|[Gen 9] VGC 2025 Reg G\n|rated|\n|rule|Species Clause: Limit one of each Pok\u00e9mon\n|rule|Item Clause: Limit 1 of each item\n|clearpoke\n|poke|p1|Kyogre, L50|\n|poke|p1|Tornadus, L50, M|\n|poke|p1|Chien-Pao, L50|\n|poke|p1|Rillaboom, L50, M|\n|poke|p1|Grimmsnarl, L50, M|\n|poke|p1|Incineroar, L50, M|\n|poke|p2|Iron Hands, L50|\n|poke|p2|Alcremie, L50, F|\n|poke|p2|Miraidon, L50|\n|poke|p2|Murkrow, L50, M|\n|poke|p2|Chi-Yu, L50|\n|poke|p2|Vikavolt, L50, F|\n|teampreview|4\n|j| WeGoVrooooom\nJojocup has agreed to open team sheets.\n|\n|t:|1737579367\n|start\n|switch|p1a: Grimmsnarl|Grimmsnarl, L50, M|100\/100\n|switch|p1b: Rillaboom|Rillaboom, L50, M|100\/100\n|switch|p2a: Miraidon|Miraidon, L50|100\/100\n|switch|p2b: Murkrow|Murkrow, L50, M|100\/100\n|-fieldstart|move: Electric Terrain|[from] ability: Hadron Engine|[of] p2a: Miraidon\n|-fieldstart|move: Grassy Terrain|[from] ability: Grassy Surge|[of] p1b: Rillaboom\n|turn|1\n|\n|t:|1737579384\n|switch|p2a: Iron Hands|Iron Hands, L50|100\/100\n|move|p1b: Rillaboom|Fake Out|p2a: Iron Hands\n|-damage|p2a: Iron Hands|91\/100\n|move|p1a: Grimmsnarl|Light Screen|p1a: Grimmsnarl\n|-sidestart|p1: Jojocup|move: Light Screen\n|move|p2b: Murkrow|Foul Play|p1b: Rillaboom\n|-damage|p1b: Rillaboom|57\/100\n|\n|-heal|p1b: Rillaboom|63\/100|[from] Grassy Terrain\n|-heal|p2a: Iron Hands|97\/100|[from] Grassy Terrain\n|upkeep\n|turn|2\n|\n|t:|1737579394\n|move|p1a: Grimmsnarl|Reflect|p1a: Grimmsnarl\n|-sidestart|p1: Jojocup|Reflect\n|move|p2b: Murkrow|Foul Play|p1b: Rillaboom\n|-damage|p1b: Rillaboom|34\/100\n|move|p1b: Rillaboom|U-turn|p2b: Murkrow\n|-damage|p2b: Murkrow|70\/100\n|\n|t:|1737579401\n|switch|p1b: Kyogre|Kyogre, L50|100\/100|[from] U-turn\n|-weather|RainDance|[from] ability: Drizzle|[of] p1b: Kyogre\n|move|p2a: Iron Hands|Drain Punch|p1b: Kyogre\n|-damage|p1b: Kyogre|75\/100\n|-heal|p2a: Iron Hands|100\/100|[from] drain|[of] p1b: Kyogre\n|\n|-weather|RainDance|[upkeep]\n|-heal|p1b: Kyogre|81\/100|[from] Grassy Terrain\n|-heal|p1b: Kyogre|87\/100|[from] item: Leftovers\n|upkeep\n|turn|3\n|\n|t:|1737579409\n|-terastallize|p1b: Kyogre|Grass\n|move|p2b: Murkrow|Sunny Day|p2b: Murkrow\n|-weather|SunnyDay\n|move|p1b: Kyogre|Calm Mind|p1b: Kyogre\n|-boost|p1b: Kyogre|spa|1\n|-boost|p1b: Kyogre|spd|1\n|move|p1a: Grimmsnarl|Spirit Break|p2b: Murkrow\n|-supereffective|p2b: Murkrow\n|-damage|p2b: Murkrow|0 fnt\n|faint|p2b: Murkrow\n|move|p2a: Iron Hands|Heavy Slam|p1a: Grimmsnarl\n|-supereffective|p1a: Grimmsnarl\n|-damage|p1a: Grimmsnarl|40\/100\n|\n|-weather|SunnyDay|[upkeep]\n|-heal|p1b: Kyogre|93\/100|[from] Grassy Terrain\n|-heal|p1b: Kyogre|99\/100|[from] item: Leftovers\n|-heal|p1a: Grimmsnarl|46\/100|[from] Grassy Terrain\n|upkeep\n|\n|t:|1737579414\n|switch|p2b: Vikavolt|Vikavolt, L50, F, shiny|100\/100\n|turn|4\n|\n|t:|1737579425\n|move|p1b: Kyogre|Protect|p1b: Kyogre\n|-singleturn|p1b: Kyogre|Protect\n|move|p1a: Grimmsnarl|Spirit Break|p2a: Iron Hands\n|-supereffective|p2a: Iron Hands\n|-damage|p2a: Iron Hands|58\/100\n|-unboost|p2a: Iron Hands|spa|1\n|move|p2a: Iron Hands|Heavy Slam|p1a: Grimmsnarl\n|-supereffective|p1a: Grimmsnarl\n|-damage|p1a: Grimmsnarl|0 fnt\n|faint|p1a: Grimmsnarl\n|move|p2b: Vikavolt|Bug Buzz|p1b: Kyogre\n|-activate|p1b: Kyogre|move: Protect\n|\n|-weather|SunnyDay|[upkeep]\n|-heal|p1b: Kyogre|100\/100|[from] Grassy Terrain\n|-heal|p2a: Iron Hands|65\/100|[from] Grassy Terrain\n|upkeep\n|\n|t:|1737579437\n|switch|p1a: Chien-Pao|Chien-Pao, L50|100\/100\n|-ability|p1a: Chien-Pao|Sword of Ruin\n|turn|5\n|\n|t:|1737579460\n|move|p1a: Chien-Pao|Icicle Crash|p2b: Vikavolt\n|-damage|p2b: Vikavolt|39\/100\n|move|p1b: Kyogre|Ice Beam|p2b: Vikavolt\n|-damage|p2b: Vikavolt|0 fnt\n|faint|p2b: Vikavolt\n|move|p2a: Iron Hands|Drain Punch|p1b: Kyogre\n|-damage|p1b: Kyogre|66\/100\n|-heal|p2a: Iron Hands|78\/100|[from] drain|[of] p1b: Kyogre\n|\n|-weather|SunnyDay|[upkeep]\n|-heal|p1b: Kyogre|72\/100|[from] Grassy Terrain\n|-heal|p1b: Kyogre|78\/100|[from] item: Leftovers\n|-heal|p2a: Iron Hands|85\/100|[from] Grassy Terrain\n|-fieldend|move: Grassy Terrain\n|upkeep\n|\n|t:|1737579465\n|switch|p2b: Miraidon|Miraidon, L50|100\/100\n|-fieldstart|move: Electric Terrain|[from] ability: Hadron Engine|[of] p2b: Miraidon\n|-activate|p2a: Iron Hands|ability: Quark Drive\n|-start|p2a: Iron Hands|quarkdriveatk\n|turn|6\n|\n|t:|1737579476\n|-terastallize|p2b: Miraidon|Fairy\n|move|p1b: Kyogre|Protect|p1b: Kyogre\n|-singleturn|p1b: Kyogre|Protect\n|move|p2b: Miraidon|Dazzling Gleam|p1a: Chien-Pao|[spread] p1a\n|-activate|p1b: Kyogre|move: Protect\n|-supereffective|p1a: Chien-Pao\n|-enditem|p1a: Chien-Pao|Focus Sash\n|-damage|p1a: Chien-Pao|1\/100\n|-damage|p2b: Miraidon|91\/100|[from] item: Life Orb\n|move|p1a: Chien-Pao|Icicle Crash|p2b: Miraidon\n|-damage|p2b: Miraidon|29\/100\n|move|p2a: Iron Hands|Drain Punch|p1a: Chien-Pao\n|-supereffective|p1a: Chien-Pao\n|-damage|p1a: Chien-Pao|0 fnt\n|-heal|p2a: Iron Hands|85\/100|[from] drain|[of] p1a: Chien-Pao\n|faint|p1a: Chien-Pao\n|\n|-weather|SunnyDay|[upkeep]\n|-heal|p1b: Kyogre|84\/100|[from] item: Leftovers\n|upkeep\n|\n|t:|1737579479\n|switch|p1a: Rillaboom|Rillaboom, L50, M|34\/100\n|-fieldstart|move: Grassy Terrain|[from] ability: Grassy Surge|[of] p1a: Rillaboom\n|-end|p2a: Iron Hands|Quark Drive\n|turn|7\n|\n|t:|1737579489\n|move|p2b: Miraidon|Protect|p2b: Miraidon\n|-singleturn|p2b: Miraidon|Protect\n|move|p1a: Rillaboom|Grassy Glide|p2b: Miraidon\n|-activate|p2b: Miraidon|move: Protect\n|move|p1b: Kyogre|Calm Mind|p1b: Kyogre\n|-boost|p1b: Kyogre|spa|1\n|-boost|p1b: Kyogre|spd|1\n|move|p2a: Iron Hands|Drain Punch|p1a: Rillaboom\n|-damage|p1a: Rillaboom|10\/100\n|-heal|p2a: Iron Hands|95\/100|[from] drain|[of] p1a: Rillaboom\n|\n|-weather|none\n|-heal|p2b: Miraidon|35\/100|[from] Grassy Terrain\n|-heal|p1b: Kyogre|90\/100|[from] Grassy Terrain\n|-heal|p1b: Kyogre|96\/100|[from] item: Leftovers\n|-heal|p1a: Rillaboom|16\/100|[from] Grassy Terrain\n|-heal|p2a: Iron Hands|100\/100|[from] Grassy Terrain\n|upkeep\n|turn|8\n|\n|t:|1737579498\n|move|p1a: Rillaboom|Grassy Glide|p2b: Miraidon\n|-damage|p2b: Miraidon|0 fnt\n|faint|p2b: Miraidon\n|move|p1b: Kyogre|Origin Pulse|p2a: Iron Hands\n|-damage|p2a: Iron Hands|32\/100\n|move|p2a: Iron Hands|Drain Punch|p1b: Kyogre\n|-damage|p1b: Kyogre|71\/100\n|-heal|p2a: Iron Hands|41\/100|[from] drain|[of] p1b: Kyogre\n|\n|-heal|p1b: Kyogre|77\/100|[from] Grassy Terrain\n|-heal|p1b: Kyogre|83\/100|[from] item: Leftovers\n|-heal|p1a: Rillaboom|22\/100|[from] Grassy Terrain\n|-heal|p2a: Iron Hands|48\/100|[from] Grassy Terrain\n|-sideend|p1: Jojocup|move: Light Screen\n|upkeep\n|turn|9\n|-message|juacox300 forfeited.\n|\n|win|Jojocup\n|raw|Jojocup's rating: 1525 &rarr; <strong>1547<\/strong><br \/>(+22 for winning)\n|raw|juacox300's rating: 1561 &rarr; <strong>1539<\/strong><br \/>(-22 for losing)\n","uploadtime":1737579505,"views":41,"formatid":"gen9vgc2025regg","rating":1539,"private":0,"password":null}