{"id":"gen9vgc2025regg-2286284547","format":"[Gen 9] VGC 2025 Reg G","players":["bertscai","become unbearable"],"log":"|j|\u2606bertscai\n|j|\u2606become unbearable\n|t:|1737586687\n|gametype|doubles\n|player|p1|bertscai|zinzolin|1636\n|player|p2|become unbearable|beauty|1628\n|teamsize|p1|6\n|teamsize|p2|6\n|gen|9\n|tier|[Gen 9] VGC 2025 Reg G\n|rated|\n|rule|Species Clause: Limit one of each Pok\u00e9mon\n|rule|Item Clause: Limit 1 of each item\n|clearpoke\n|poke|p1|Regidrago, L50|\n|poke|p1|Chi-Yu, L50|\n|poke|p1|Whimsicott, L50, F|\n|poke|p1|Ditto, L50|\n|poke|p1|Zacian-*, L50|\n|poke|p1|Amoonguss, L50, M|\n|poke|p2|Farigiraf, L50, M|\n|poke|p2|Regieleki, L50|\n|poke|p2|Landorus, L50, M|\n|poke|p2|Ogerpon-Cornerstone, L50, F|\n|poke|p2|Urshifu-*, L50, M|\n|poke|p2|Calyrex-Ice, L50|\n|teampreview|4\n|inactive|Battle timer is ON: inactive players will automatically lose when time's up. (requested by become unbearable)\n|inactive|become unbearable has 60 seconds left.\n|\n|t:|1737586727\n|start\n|switch|p1a: Whimsicott|Whimsicott, L50, F, shiny|100\/100\n|switch|p1b: Chi-Yu|Chi-Yu, L50|100\/100\n|switch|p2a: Regieleki|Regieleki, L50|100\/100\n|switch|p2b: Ogerpon|Ogerpon-Cornerstone, L50, F|100\/100\n|-ability|p1b: Chi-Yu|Beads of Ruin\n|turn|1\n|\n|t:|1737586744\n|move|p1a: Whimsicott|Tailwind|p1a: Whimsicott\n|-sidestart|p1: bertscai|move: Tailwind\n|move|p1b: Chi-Yu|Heat Wave|p2b: Ogerpon|[spread] p2a,p2b\n|-enditem|p2a: Regieleki|Focus Sash\n|-damage|p2a: Regieleki|1\/100\n|-damage|p2b: Ogerpon|18\/100\n|move|p2a: Regieleki|Volt Switch|p1a: Whimsicott\n|-resisted|p1a: Whimsicott\n|-damage|p1a: Whimsicott|67\/100\n|\n|t:|1737586752\n|switch|p2a: Calyrex|Calyrex-Ice, L50|100\/100|[from] Volt Switch\n|-ability|p2a: Calyrex|As One\n|-ability|p2a: Calyrex|Unnerve\n|move|p2b: Ogerpon|Ivy Cudgel|p1b: Chi-Yu|[anim] Ivy Cudgel Rock\n|-supereffective|p1b: Chi-Yu\n|-damage|p1b: Chi-Yu|0 fnt\n|faint|p1b: Chi-Yu\n|\n|upkeep\n|\n|t:|1737586756\n|switch|p1b: Ditto|Ditto, L50, shiny|100\/100\n|-transform|p1b: Ditto|p2a: Calyrex|[from] ability: Imposter\n|-ability|p1b: Ditto|As One\n|-ability|p1b: Ditto|Unnerve\n|turn|2\n|\n|t:|1737586768\n|move|p2b: Ogerpon|Spiky Shield|p2b: Ogerpon\n|-singleturn|p2b: Ogerpon|move: Protect\n|move|p1a: Whimsicott|Moonblast|p2a: Calyrex\n|-damage|p2a: Calyrex|83\/100\n|move|p1b: Ditto|Glacial Lance|p2a: Calyrex|[spread] p2a\n|-activate|p2b: Ogerpon|move: Protect\n|-resisted|p2a: Calyrex\n|-damage|p2a: Calyrex|65\/100\n|move|p2a: Calyrex|Glacial Lance|p1a: Whimsicott|[spread] p1a,p1b\n|-supereffective|p1a: Whimsicott\n|-resisted|p1b: Ditto\n|-damage|p1a: Whimsicott|0 fnt\n|-damage|p1b: Ditto|77\/100\n|faint|p1a: Whimsicott\n|-ability|p2a: Calyrex|Chilling Neigh|boost\n|-boost|p2a: Calyrex|atk|1\n|\n|upkeep\n|\n|t:|1737586778\n|switch|p1a: Zacian|Zacian-Crowned, L50, shiny|100\/100\n|-ability|p1a: Zacian|Intrepid Sword|boost\n|-boost|p1a: Zacian|atk|1\n|turn|3\n|inactive|become unbearable has 30 seconds left.\n|\n|t:|1737586807\n|-terastallize|p2a: Calyrex|Water\n|move|p1a: Zacian|Protect|p1a: Zacian\n|-singleturn|p1a: Zacian|Protect\n|move|p1b: Ditto|Glacial Lance|p2a: Calyrex|[spread] p2a,p2b\n|-resisted|p2a: Calyrex\n|-crit|p2a: Calyrex\n|-supereffective|p2b: Ogerpon\n|-damage|p2a: Calyrex|39\/100\n|-damage|p2b: Ogerpon|0 fnt\n|faint|p2b: Ogerpon\n|-ability|p1b: Ditto|Chilling Neigh|boost\n|-boost|p1b: Ditto|atk|1\n|move|p2a: Calyrex|High Horsepower|p1a: Zacian\n|-activate|p1a: Zacian|move: Protect\n|\n|upkeep\n|\n|t:|1737586819\n|switch|p2b: Regieleki|Regieleki, L50|1\/100\n|turn|4\n|\n|t:|1737586831\n|move|p2b: Regieleki|Protect|p2b: Regieleki\n|-singleturn|p2b: Regieleki|Protect\n|move|p2a: Calyrex|Protect|p2a: Calyrex\n|-singleturn|p2a: Calyrex|Protect\n|move|p1a: Zacian|Play Rough|p2a: Calyrex\n|-activate|p2a: Calyrex|move: Protect\n|move|p1b: Ditto|Glacial Lance|p2a: Calyrex|[spread] \n|-activate|p2a: Calyrex|move: Protect\n|-activate|p2b: Regieleki|move: Protect\n|\n|-sideend|p1: bertscai|move: Tailwind\n|upkeep\n|turn|5\n|inactive|become unbearable has 30 seconds left.\n|\n|t:|1737586861\n|-terastallize|p1a: Zacian|Ground\n|move|p2b: Regieleki|Electroweb|p1b: Ditto|[spread] p1b\n|-immune|p1a: Zacian\n|-damage|p1b: Ditto|52\/100\n|-unboost|p1b: Ditto|spe|1\n|move|p1a: Zacian|Play Rough|p2a: Calyrex\n|-damage|p2a: Calyrex|0 fnt\n|faint|p2a: Calyrex\n|move|p1b: Ditto|Glacial Lance|p2b: Regieleki\n|-damage|p2b: Regieleki|0 fnt\n|faint|p2b: Regieleki\n|-ability|p1b: Ditto|Chilling Neigh|boost\n|-boost|p1b: Ditto|atk|1\n|\n|upkeep\n|\n|t:|1737586869\n|switch|p2b: Landorus|Landorus, L50, M|100\/100\n|turn|6\n|\n|t:|1737586885\n|move|p1a: Zacian|Play Rough|p2b: Landorus\n|-crit|p2b: Landorus\n|-damage|p2b: Landorus|0 fnt\n|faint|p2b: Landorus\n|\n|win|bertscai\n|raw|bertscai's rating: 1636 &rarr; <strong>1656<\/strong><br \/>(+20 for winning)\n|raw|become unbearable's rating: 1628 &rarr; <strong>1608<\/strong><br \/>(-20 for losing)\n|l|\u2606become unbearable\n|player|p2|\n","uploadtime":1737587022,"views":3,"formatid":"gen9vgc2025regg","rating":1608,"private":0,"password":null}