{"id":"gen9vgc2025regg-2286131607","format":"[Gen 9] VGC 2025 Reg G","players":["imstuckat1300","simReaper"],"log":"|j|\u2606imstuckat1300\n|j|\u2606simReaper\n|t:|1737570996\n|gametype|doubles\n|player|p1|imstuckat1300|blue|1562\n|player|p2|simReaper|shadowtriad|1563\n|teamsize|p1|6\n|teamsize|p2|6\n|gen|9\n|tier|[Gen 9] VGC 2025 Reg G\n|rated|\n|rule|Species Clause: Limit one of each Pok\u00e9mon\n|rule|Item Clause: Limit 1 of each item\n|clearpoke\n|poke|p1|Tornadus, L50, M|\n|poke|p1|Farigiraf, L50, M|\n|poke|p1|Calyrex-Shadow, L50|\n|poke|p1|Rillaboom, L50, F|\n|poke|p1|Urshifu-*, L50, F|\n|poke|p1|Chi-Yu, L50|\n|poke|p2|Annihilape, L50, M|\n|poke|p2|Whimsicott, L50, F|\n|poke|p2|Archaludon, L50, F|\n|poke|p2|Amoonguss, L50, F|\n|poke|p2|Kyogre, L50|\n|poke|p2|Grimmsnarl, L50, M|\n|teampreview|4\n|\n|t:|1737571019\n|start\n|switch|p1a: Urshifu|Urshifu-Rapid-Strike, L50, F|100\/100\n|switch|p1b: Farigiraf|Farigiraf, L50, M|100\/100\n|switch|p2a: Grimmsnarl|Grimmsnarl, L50, M, shiny|100\/100\n|switch|p2b: Archaludon|Archaludon, L50, F, shiny|100\/100\n|turn|1\n|inactive|Battle timer is ON: inactive players will automatically lose when time's up. (requested by simReaper)\n|\n|t:|1737571032\n|switch|p2b: Whimsicott|Whimsicott, L50, F, shiny|100\/100\n|move|p1b: Farigiraf|Helping Hand|p1a: Urshifu\n|-singleturn|p1a: Urshifu|Helping Hand|[of] p1b: Farigiraf\n|move|p2a: Grimmsnarl|Light Screen|p2a: Grimmsnarl\n|-sidestart|p2: simReaper|move: Light Screen\n|move|p1a: Urshifu|Surging Strikes|p2a: Grimmsnarl\n|-crit|p2a: Grimmsnarl\n|-damage|p2a: Grimmsnarl|69\/100\n|-crit|p2a: Grimmsnarl\n|-damage|p2a: Grimmsnarl|37\/100\n|-crit|p2a: Grimmsnarl\n|-damage|p2a: Grimmsnarl|8\/100\n|-hitcount|p2a: Grimmsnarl|3\n|\n|upkeep\n|turn|2\n|\n|t:|1737571050\n|switch|p2a: Archaludon|Archaludon, L50, F, shiny|100\/100\n|move|p1a: Urshifu|Aqua Jet|p2a: Archaludon\n|-resisted|p2a: Archaludon\n|-damage|p2a: Archaludon|92\/100\n|-ability|p2a: Archaludon|Stamina|boost\n|-boost|p2a: Archaludon|def|1\n|move|p2b: Whimsicott|Moonblast|p1a: Urshifu\n|-supereffective|p1a: Urshifu\n|-enditem|p1a: Urshifu|Focus Sash\n|-damage|p1a: Urshifu|1\/100\n|move|p1b: Farigiraf|Psychic Noise|p2b: Whimsicott\n|-damage|p2b: Whimsicott|66\/100\n|-start|p2b: Whimsicott|move: Heal Block\n|\n|upkeep\n|turn|3\n|j| meklae\n|\n|t:|1737571070\n|move|p2b: Whimsicott|Tailwind|p2b: Whimsicott\n|-sidestart|p2: simReaper|move: Tailwind\n|move|p1a: Urshifu|Aqua Jet|p2b: Whimsicott\n|-resisted|p2b: Whimsicott\n|-damage|p2b: Whimsicott|50\/100\n|move|p2a: Archaludon|Snarl|p1b: Farigiraf|[spread] p1a,p1b\n|-resisted|p1a: Urshifu\n|-supereffective|p1b: Farigiraf\n|-damage|p1a: Urshifu|0 fnt\n|-damage|p1b: Farigiraf|77\/100\n|-unboost|p1b: Farigiraf|spa|1\n|faint|p1a: Urshifu\n|move|p1b: Farigiraf|Foul Play|p2a: Archaludon\n|-damage|p2a: Archaludon|83\/100\n|-ability|p2a: Archaludon|Stamina|boost\n|-boost|p2a: Archaludon|def|1\n|\n|-heal|p1b: Farigiraf|84\/100|[from] item: Leftovers\n|-end|p2b: Whimsicott|move: Heal Block\n|upkeep\n|\n|t:|1737571073\n|switch|p1a: Weather Report|Tornadus, L50, M|100\/100\n|turn|4\n|inactive|simReaper has 30 seconds left.\n|\n|t:|1737571104\n|move|p1a: Weather Report|Tailwind|p1a: Weather Report\n|-sidestart|p1: imstuckat1300|move: Tailwind\n|move|p2b: Whimsicott|Moonblast|p1b: Farigiraf\n|-damage|p1b: Farigiraf|47\/100\n|move|p2a: Archaludon|Snarl|p1b: Farigiraf|[spread] p1a,p1b\n|-supereffective|p1b: Farigiraf\n|-damage|p1a: Weather Report|85\/100\n|-damage|p1b: Farigiraf|22\/100\n|-unboost|p1b: Farigiraf|spa|1\n|move|p1b: Farigiraf|Foul Play|p2a: Archaludon\n|-damage|p2a: Archaludon|76\/100\n|-ability|p2a: Archaludon|Stamina|boost\n|-boost|p2a: Archaludon|def|1\n|\n|-heal|p1b: Farigiraf|29\/100|[from] item: Leftovers\n|upkeep\n|turn|5\n|l| meklae\n|\n|t:|1737571115\n|move|p2b: Whimsicott|Encore||[still]\n|cant|p1b: Farigiraf|ability: Armor Tail|Encore|[of] p2b: Whimsicott\n|move|p1a: Weather Report|Bleakwind Storm|p2b: Whimsicott|[spread] p2a,p2b\n|-resisted|p2a: Archaludon\n|-supereffective|p2b: Whimsicott\n|-damage|p2a: Archaludon|69\/100\n|-damage|p2b: Whimsicott|0 fnt\n|-ability|p2a: Archaludon|Stamina|boost\n|-boost|p2a: Archaludon|def|1\n|faint|p2b: Whimsicott\n|move|p2a: Archaludon|Snarl|p1b: Farigiraf|[spread] p1a,p1b\n|-supereffective|p1b: Farigiraf\n|-damage|p1a: Weather Report|71\/100\n|-damage|p1b: Farigiraf|3\/100\n|-unboost|p1b: Farigiraf|spa|1\n|move|p1b: Farigiraf|Foul Play|p2a: Archaludon\n|-damage|p2a: Archaludon|64\/100\n|-ability|p2a: Archaludon|Stamina|boost\n|-boost|p2a: Archaludon|def|1\n|\n|-heal|p1b: Farigiraf|9\/100|[from] item: Leftovers\n|upkeep\n|c|\u2606simReaper|dammit every time\n|inactive|simReaper has 30 seconds left.\n|\n|t:|1737571146\n|switch|p2b: Kyogre|Kyogre, L50, shiny|100\/100\n|-weather|RainDance|[from] ability: Drizzle|[of] p2b: Kyogre\n|turn|6\n|\n|t:|1737571164\n|move|p1a: Weather Report|Bleakwind Storm|p2b: Kyogre|[spread] p2a,p2b\n|-resisted|p2a: Archaludon\n|-crit|p2a: Archaludon\n|-damage|p2a: Archaludon|48\/100\n|-damage|p2b: Kyogre|86\/100\n|-unboost|p2a: Archaludon|spe|1\n|-ability|p2a: Archaludon|Stamina|boost\n|-boost|p2a: Archaludon|def|1\n|move|p2b: Kyogre|Water Spout|p1a: Weather Report|[spread] p1a,p1b\n|-crit|p1b: Farigiraf\n|-damage|p1a: Weather Report|0 fnt\n|-damage|p1b: Farigiraf|0 fnt\n|faint|p1a: Weather Report\n|faint|p1b: Farigiraf\n|move|p2a: Archaludon|Electro Shot||[still]\n|-prepare|p2a: Archaludon|Electro Shot\n|-boost|p2a: Archaludon|spa|1\n|-anim|p2a: Archaludon|Electro Shot|p1: Weather Report|[notarget]\n|-fail|p2a: Archaludon\n|\n|-weather|RainDance|[upkeep]\n|-sideend|p2: simReaper|move: Tailwind\n|upkeep\n|\n|t:|1737571167\n|switch|p1b: Made In Heaven|Calyrex-Shadow, L50|100\/100\n|-ability|p1b: Made In Heaven|As One\n|-ability|p1b: Made In Heaven|Unnerve\n|turn|7\n|\n|t:|1737571191\n|-terastallize|p1b: Made In Heaven|Water\n|move|p1b: Made In Heaven|Astral Barrage|p2b: Kyogre|[spread] p2a,p2b\n|-damage|p2a: Archaludon|18\/100\n|-damage|p2b: Kyogre|48\/100\n|-damage|p1b: Made In Heaven|91\/100|[from] item: Life Orb\n|move|p2b: Kyogre|Origin Pulse|p1b: Made In Heaven\n|-resisted|p1b: Made In Heaven\n|-damage|p1b: Made In Heaven|33\/100\n|move|p2a: Archaludon|Electro Shot||[still]\n|-prepare|p2a: Archaludon|Electro Shot\n|-boost|p2a: Archaludon|spa|1\n|-anim|p2a: Archaludon|Electro Shot|p1b: Made In Heaven\n|-supereffective|p1b: Made In Heaven\n|-damage|p1b: Made In Heaven|0 fnt\n|faint|p1b: Made In Heaven\n|\n|win|simReaper\n|raw|imstuckat1300's rating: 1562 &rarr; <strong>1542<\/strong><br \/>(-20 for losing)\n|raw|simReaper's rating: 1563 &rarr; <strong>1583<\/strong><br \/>(+20 for winning)\n|l|\u2606imstuckat1300\n|player|p1|\n|c|\u2606simReaper|gg\n|l|\u2606simReaper\n|player|p2|\n","uploadtime":1737571424,"views":21,"formatid":"gen9vgc2025regg","rating":1542,"private":0,"password":null}