{"id":"gen9vgc2025regg-2286847132","format":"[Gen 9] VGC 2025 Reg G","players":["DavidElGafe","KD-Alt-711"],"log":"|j|\u2606DavidElGafe\n|j|\u2606KD-Alt-711\n|t:|1737660845\n|gametype|doubles\n|player|p1|DavidElGafe|blue|1572\n|player|p2|KD-Alt-711|2|1618\n|teamsize|p1|6\n|teamsize|p2|6\n|gen|9\n|tier|[Gen 9] VGC 2025 Reg G\n|rated|\n|rule|Species Clause: Limit one of each Pok\u00e9mon\n|rule|Item Clause: Limit 1 of each item\n|clearpoke\n|poke|p1|Chien-Pao, L50|\n|poke|p1|Urshifu-*, L50, M|\n|poke|p1|Landorus, L50, M|\n|poke|p1|Pelipper, L50, M|\n|poke|p1|Zamazenta-*, L50|\n|poke|p1|Ogerpon-Cornerstone, L50, F|\n|poke|p2|Kyogre, L50|\n|poke|p2|Tornadus, L50, M|\n|poke|p2|Entei, L50|\n|poke|p2|Flutter Mane, L50|\n|poke|p2|Raging Bolt, L50|\n|poke|p2|Rillaboom, L50, M|\n|teampreview|4\n|\n|t:|1737660866\n|start\n|switch|p1a: Ogerpon|Ogerpon-Cornerstone, L50, F|100\/100\n|switch|p1b: Pelipper|Pelipper, L50, M|100\/100\n|switch|p2a: Tornadus|Tornadus, L50, M, shiny|100\/100\n|switch|p2b: Entei|Entei, L50, shiny|100\/100\n|-weather|RainDance|[from] ability: Drizzle|[of] p1b: Pelipper\n|turn|1\n|inactive|Battle timer is ON: inactive players will automatically lose when time's up. (requested by KD-Alt-711)\n|\n|t:|1737660881\n|-terastallize|p2a: Tornadus|Dark\n|move|p1b: Pelipper|Wide Guard|p1b: Pelipper\n|-singleturn|p1b: Pelipper|Wide Guard\n|move|p2a: Tornadus|Sunny Day|p2a: Tornadus\n|-weather|SunnyDay\n|move|p1a: Ogerpon|Ivy Cudgel|p2a: Tornadus|[anim] Ivy Cudgel Rock\n|-damage|p2a: Tornadus|21\/100\n|move|p2b: Entei|Sacred Fire|p1a: Ogerpon\n|-ability|p1a: Ogerpon|Sturdy\n|-damage|p1a: Ogerpon|1\/100\n|-status|p1a: Ogerpon|brn\n|\n|-weather|SunnyDay|[upkeep]\n|-damage|p1a: Ogerpon|0 fnt|[from] brn\n|faint|p1a: Ogerpon\n|upkeep\n|\n|t:|1737660903\n|switch|p1a: Chien-Pao|Chien-Pao, L50|100\/100\n|-ability|p1a: Chien-Pao|Sword of Ruin\n|turn|2\n|\n|t:|1737660915\n|move|p2a: Tornadus|Tailwind|p2a: Tornadus\n|-sidestart|p2: KD-Alt-711|move: Tailwind\n|move|p2b: Entei|Sacred Fire|p1b: Pelipper\n|-resisted|p1b: Pelipper\n|-damage|p1b: Pelipper|36\/100\n|move|p1a: Chien-Pao|Ice Spinner|p2a: Tornadus\n|-damage|p2a: Tornadus|0 fnt\n|faint|p2a: Tornadus\n|move|p1b: Pelipper|Tailwind|p1b: Pelipper\n|-sidestart|p1: DavidElGafe|move: Tailwind\n|\n|-weather|SunnyDay|[upkeep]\n|upkeep\n|\n|t:|1737660926\n|switch|p2a: Raging Bolt|Raging Bolt, L50|100\/100\n|-activate|p2a: Raging Bolt|ability: Protosynthesis\n|-start|p2a: Raging Bolt|protosynthesisspa\n|turn|3\n|inactive|DavidElGafe has 30 seconds left.\n|\n|t:|1737660954\n|-terastallize|p1a: Chien-Pao|Grass\n|move|p1b: Pelipper|Helping Hand|p1a: Chien-Pao\n|-singleturn|p1a: Chien-Pao|Helping Hand|[of] p1b: Pelipper\n|move|p2a: Raging Bolt|Protect|p2a: Raging Bolt\n|-singleturn|p2a: Raging Bolt|Protect\n|move|p1a: Chien-Pao|Ice Spinner|p2a: Raging Bolt\n|-activate|p2a: Raging Bolt|move: Protect\n|move|p2b: Entei|Sacred Fire|p1a: Chien-Pao\n|-supereffective|p1a: Chien-Pao\n|-enditem|p1a: Chien-Pao|Focus Sash\n|-damage|p1a: Chien-Pao|1\/100\n|-status|p1a: Chien-Pao|brn\n|\n|-weather|SunnyDay|[upkeep]\n|-damage|p1a: Chien-Pao|0 fnt|[from] brn\n|faint|p1a: Chien-Pao\n|upkeep\n|\n|t:|1737660961\n|switch|p1a: Zamazenta|Zamazenta-Crowned, L50|100\/100\n|-ability|p1a: Zamazenta|Dauntless Shield|boost\n|-boost|p1a: Zamazenta|def|1\n|turn|4\n|\n|t:|1737660971\n|move|p1b: Pelipper|Helping Hand|p1a: Zamazenta\n|-singleturn|p1a: Zamazenta|Helping Hand|[of] p1b: Pelipper\n|move|p1a: Zamazenta|Body Press|p2b: Entei\n|-damage|p2b: Entei|0 fnt\n|faint|p2b: Entei\n|move|p2a: Raging Bolt|Thunderbolt|p1b: Pelipper\n|-supereffective|p1b: Pelipper\n|-damage|p1b: Pelipper|0 fnt\n|faint|p1b: Pelipper\n|-damage|p2a: Raging Bolt|91\/100|[from] item: Life Orb\n|\n|-weather|SunnyDay|[upkeep]\n|upkeep\n|\n|t:|1737660976\n|switch|p2b: Kyogre|Kyogre, L50, shiny|100\/100\n|-weather|RainDance|[from] ability: Drizzle|[of] p2b: Kyogre\n|-end|p2a: Raging Bolt|Protosynthesis\n|turn|5\n|\n|t:|1737660992\n|move|p1a: Zamazenta|Body Press|p2b: Kyogre\n|-damage|p2b: Kyogre|31\/100\n|move|p2b: Kyogre|Origin Pulse|p1a: Zamazenta\n|-damage|p1a: Zamazenta|22\/100\n|move|p2a: Raging Bolt|Thunderbolt|p1a: Zamazenta\n|-damage|p1a: Zamazenta|0 fnt\n|faint|p1a: Zamazenta\n|-damage|p2a: Raging Bolt|81\/100|[from] item: Life Orb\n|\n|win|KD-Alt-711\n|raw|DavidElGafe's rating: 1572 &rarr; <strong>1555<\/strong><br \/>(-17 for losing)\n|raw|KD-Alt-711's rating: 1618 &rarr; <strong>1635<\/strong><br \/>(+17 for winning)\n|l|\u2606DavidElGafe\n|player|p1|\n|j|\u2606DavidElGafe\n|player|p1|DavidElGafe|blue|\n|l|\u2606KD-Alt-711\n|player|p2|\n","uploadtime":1737661000,"views":17,"formatid":"gen9vgc2025regg","rating":1555,"private":0,"password":null}