{"id":"gen9vgc2025regg-2286272559","format":"[Gen 9] VGC 2025 Reg G","players":["TonyPajamas16","Spottedwoot"],"log":"|j|\u2606TonyPajamas16\n|j|\u2606Spottedwoot\n|t:|1737585320\n|gametype|doubles\n|player|p1|TonyPajamas16|170|1766\n|player|p2|Spottedwoot|2|1629\n|teamsize|p1|6\n|teamsize|p2|6\n|gen|9\n|tier|[Gen 9] VGC 2025 Reg G\n|rated|\n|rule|Species Clause: Limit one of each Pok\u00e9mon\n|rule|Item Clause: Limit 1 of each item\n|clearpoke\n|poke|p1|Groudon, L50|\n|poke|p1|Sableye, L50, F|\n|poke|p1|Rillaboom, L50, M|\n|poke|p1|Gouging Fire, L50|\n|poke|p1|Raging Bolt, L50|\n|poke|p1|Scream Tail, L50|\n|poke|p2|Calyrex-Shadow, L50|\n|poke|p2|Rillaboom, L50, M|\n|poke|p2|Urshifu-*, L50, F|\n|poke|p2|Incineroar, L50, F|\n|poke|p2|Clefairy, L50, F|\n|poke|p2|Raging Bolt, L50|\n|teampreview|4\n|\n|t:|1737585342\n|start\n|switch|p1a: Scream Tail|Scream Tail, L50, shiny|100\/100\n|switch|p1b: Sableye|Sableye, L50, F, shiny|100\/100\n|switch|p2a: Calyrex|Calyrex-Shadow, L50|100\/100\n|switch|p2b: Clefairy|Clefairy, L50, F|100\/100\n|-ability|p2a: Calyrex|As One\n|-ability|p2a: Calyrex|Unnerve\n|-enditem|p1a: Scream Tail|Booster Energy\n|-activate|p1a: Scream Tail|ability: Protosynthesis|[fromitem]\n|-start|p1a: Scream Tail|protosynthesisspe\n|turn|1\n|\n|t:|1737585355\n|-terastallize|p1a: Scream Tail|Dark\n|move|p2b: Clefairy|Follow Me|p2b: Clefairy\n|-singleturn|p2b: Clefairy|move: Follow Me\n|move|p1b: Sableye|Gravity|p1b: Sableye\n|-fieldstart|move: Gravity\n|move|p1a: Scream Tail|Sing|p2b: Clefairy\n|-status|p2b: Clefairy|slp|[from] move: Sing\n|move|p2a: Calyrex|Nasty Plot|p2a: Calyrex\n|-boost|p2a: Calyrex|spa|2\n|\n|upkeep\n|turn|2\n|\n|t:|1737585371\n|-end|p1a: Scream Tail|Protosynthesis|[silent]\n|switch|p1a: Groudon|Groudon, L50|100\/100\n|-weather|SunnyDay|[from] ability: Drought|[of] p1a: Groudon\n|switch|p2b: Incineroar|Incineroar, L50, F|100\/100\n|-ability|p2b: Incineroar|Intimidate|boost\n|-unboost|p1a: Groudon|atk|1\n|-unboost|p1b: Sableye|atk|1\n|move|p2a: Calyrex|Protect|p2a: Calyrex\n|-singleturn|p2a: Calyrex|Protect\n|move|p1b: Sableye|Encore|p2a: Calyrex\n|-activate|p2a: Calyrex|move: Protect\n|\n|-weather|SunnyDay|[upkeep]\n|upkeep\n|turn|3\n|\n|t:|1737585388\n|switch|p2a: Clefairy|Clefairy, L50, F|100\/100 slp\n|move|p1b: Sableye|Encore||[still]\n|-fail|p1b: Sableye\n|move|p1a: Groudon|Precipice Blades|p2a: Clefairy|[spread] p2a,p2b\n|-supereffective|p2b: Incineroar\n|-damage|p2a: Clefairy|56\/100 slp\n|-damage|p2b: Incineroar|41\/100\n|move|p2b: Incineroar|Will-O-Wisp|p1a: Groudon\n|-status|p1a: Groudon|brn\n|\n|-weather|SunnyDay|[upkeep]\n|-damage|p1a: Groudon|95\/100 brn|[from] brn\n|upkeep\n|turn|4\n|\n|t:|1737585410\n|switch|p1b: Scream Tail|Scream Tail, L50, shiny, tera:Dark|100\/100\n|-activate|p1b: Scream Tail|ability: Protosynthesis\n|-start|p1b: Scream Tail|protosynthesisspe\n|move|p1a: Groudon|Precipice Blades|p2a: Clefairy|[spread] p2a,p2b\n|-supereffective|p2b: Incineroar\n|-damage|p2a: Clefairy|34\/100 slp\n|-damage|p2b: Incineroar|12\/100\n|move|p2b: Incineroar|Knock Off|p1a: Groudon\n|-damage|p1a: Groudon|66\/100 brn\n|-enditem|p1a: Groudon|Assault Vest|[from] move: Knock Off|[of] p2b: Incineroar\n|cant|p2a: Clefairy|slp\n|\n|-weather|SunnyDay|[upkeep]\n|-damage|p1a: Groudon|60\/100 brn|[from] brn\n|upkeep\n|turn|5\n|\n|t:|1737585430\n|move|p1b: Scream Tail|Howl|p1b: Scream Tail|[spread] p1a,p1b\n|-boost|p1a: Groudon|atk|1\n|-boost|p1b: Scream Tail|atk|1\n|move|p1a: Groudon|Precipice Blades|p2b: Incineroar|[spread] p2a,p2b\n|-supereffective|p2b: Incineroar\n|-damage|p2a: Clefairy|3\/100 slp\n|-damage|p2b: Incineroar|0 fnt\n|faint|p2b: Incineroar\n|cant|p2a: Clefairy|slp\n|\n|-weather|SunnyDay|[upkeep]\n|-damage|p1a: Groudon|54\/100 brn|[from] brn\n|-fieldend|move: Gravity\n|upkeep\n|\n|t:|1737585437\n|switch|p2b: Calyrex|Calyrex-Shadow, L50|100\/100\n|-ability|p2b: Calyrex|As One\n|-ability|p2b: Calyrex|Unnerve\n|turn|6\n|\n|t:|1737585449\n|-curestatus|p2a: Clefairy|slp|[msg]\n|move|p2a: Clefairy|Helping Hand|p2b: Calyrex\n|-singleturn|p2b: Calyrex|Helping Hand|[of] p2a: Clefairy\n|move|p1b: Scream Tail|Crunch|p2b: Calyrex\n|-supereffective|p2b: Calyrex\n|-damage|p2b: Calyrex|11\/100\n|move|p2b: Calyrex|Astral Barrage|p1b: Scream Tail|[spread] p1a,p1b\n|-resisted|p1b: Scream Tail\n|-damage|p1a: Groudon|0 fnt\n|-damage|p1b: Scream Tail|64\/100\n|faint|p1a: Groudon\n|-ability|p2b: Calyrex|Grim Neigh|boost\n|-boost|p2b: Calyrex|spa|1\n|-damage|p2b: Calyrex|2\/100|[from] item: Life Orb\n|\n|-weather|none\n|-end|p1b: Scream Tail|Protosynthesis\n|upkeep\n|\n|t:|1737585462\n|switch|p1a: Sableye|Sableye, L50, F, shiny|100\/100\n|turn|7\n|\n|t:|1737585484\n|move|p2a: Clefairy|Helping Hand|p2b: Calyrex\n|-singleturn|p2b: Calyrex|Helping Hand|[of] p2a: Clefairy\n|move|p1a: Sableye|Sunny Day|p1a: Sableye\n|-weather|SunnyDay\n|-activate|p1b: Scream Tail|ability: Protosynthesis\n|-start|p1b: Scream Tail|protosynthesisspe\n|move|p1b: Scream Tail|Crunch|p2b: Calyrex\n|-supereffective|p2b: Calyrex\n|-damage|p2b: Calyrex|0 fnt\n|faint|p2b: Calyrex\n|\n|-weather|SunnyDay|[upkeep]\n|upkeep\n|-message|Spottedwoot forfeited.\n|\n|win|TonyPajamas16\n|raw|TonyPajamas16's rating: 1766 &rarr; <strong>1778<\/strong><br \/>(+12 for winning)\n|raw|Spottedwoot's rating: 1629 &rarr; <strong>1617<\/strong><br \/>(-12 for losing)\n|l|\u2606Spottedwoot\n|player|p2|\n|l|\u2606TonyPajamas16\n|player|p1|\n","uploadtime":1737585763,"views":4,"formatid":"gen9vgc2025regg","rating":1617,"private":0,"password":null}