{"id":"gen9vgc2025regg-2286164920","format":"[Gen 9] VGC 2025 Reg G","players":["nicouser","Fra5670"],"log":"|j|\u2606nicouser\n|j|\u2606Fra5670\n|t:|1737574143\n|gametype|doubles\n|player|p1|nicouser|2|1546\n|player|p2|Fra5670|n|1685\n|teamsize|p1|6\n|teamsize|p2|6\n|gen|9\n|tier|[Gen 9] VGC 2025 Reg G\n|rated|\n|rule|Species Clause: Limit one of each Pok\u00e9mon\n|rule|Item Clause: Limit 1 of each item\n|clearpoke\n|poke|p1|Incineroar, L50, M|\n|poke|p1|Calyrex-Shadow, L50|\n|poke|p1|Ogerpon-Wellspring, L50, F|\n|poke|p1|Urshifu-*, L50, F|\n|poke|p1|Weezing, L50, M|\n|poke|p1|Regieleki, L50|\n|poke|p2|Groudon, L50|\n|poke|p2|Gouging Fire, L50|\n|poke|p2|Chien-Pao, L50|\n|poke|p2|Urshifu-*, L50, M|\n|poke|p2|Volcarona, L50, M|\n|poke|p2|Raging Bolt, L50|\n|teampreview|4\n|inactive|Battle timer is ON: inactive players will automatically lose when time's up. (requested by Fra5670)\n|inactive|nicouser has 60 seconds left.\n|\n|t:|1737574200\n|start\n|switch|p1a: Calyrex|Calyrex-Shadow, L50|100\/100\n|switch|p1b: Incineroar|Incineroar, L50, M, shiny|100\/100\n|switch|p2a: Gouging Fire|Gouging Fire, L50|100\/100\n|switch|p2b: Volcarona|Volcarona, L50, M, shiny|100\/100\n|-ability|p1a: Calyrex|As One\n|-ability|p1a: Calyrex|Unnerve\n|-ability|p1b: Incineroar|Intimidate|boost\n|-fail|p2a: Gouging Fire|unboost|[from] item: Clear Amulet|[of] p2a: Gouging Fire\n|-unboost|p2b: Volcarona|atk|1\n|turn|1\n|\n|t:|1737574214\n|move|p1b: Incineroar|Fake Out|p2b: Volcarona\n|-damage|p2b: Volcarona|88\/100\n|-damage|p1b: Incineroar|84\/100|[from] item: Rocky Helmet|[of] p2b: Volcarona\n|move|p1a: Calyrex|Nasty Plot|p1a: Calyrex\n|-boost|p1a: Calyrex|spa|2\n|move|p2a: Gouging Fire|Flare Blitz|p1a: Calyrex\n|-damage|p1a: Calyrex|35\/100\n|-status|p1a: Calyrex|brn\n|-damage|p2a: Gouging Fire|81\/100|[from] Recoil\n|cant|p2b: Volcarona|flinch\n|\n|-damage|p1a: Calyrex|29\/100 brn|[from] brn\n|upkeep\n|turn|2\n|\n|t:|1737574233\n|switch|p1b: Weezing|Weezing, L50, M, shiny|100\/100\n|-ability|p1b: Weezing|Neutralizing Gas\n|-terastallize|p1a: Calyrex|Ghost\n|-terastallize|p2a: Gouging Fire|Normal\n|move|p1a: Calyrex|Astral Barrage|p2b: Volcarona|[spread] p2b\n|-immune|p2a: Gouging Fire\n|-damage|p2b: Volcarona|0 fnt\n|faint|p2b: Volcarona\n|-ability|p1a: Calyrex|Grim Neigh|boost\n|-boost|p1a: Calyrex|spa|1\n|move|p2a: Gouging Fire|Flare Blitz|p1a: Calyrex\n|-damage|p1a: Calyrex|0 fnt\n|faint|p1a: Calyrex\n|-damage|p2a: Gouging Fire|72\/100|[from] Recoil\n|\n|upkeep\n|\n|t:|1737574251\n|switch|p1a: Urshifu|Urshifu, L50, F|100\/100\n|switch|p2b: Groudon|Groudon, L50|100\/100\n|turn|3\n|\n|t:|1737574261\n|move|p1a: Urshifu|Close Combat|p2a: Gouging Fire\n|-supereffective|p2a: Gouging Fire\n|-damage|p2a: Gouging Fire|0 fnt\n|-unboost|p1a: Urshifu|def|1\n|-unboost|p1a: Urshifu|spd|1\n|faint|p2a: Gouging Fire\n|-end|p2a: Gouging Fire|Protosynthesis|[silent]\n|move|p2b: Groudon|Precipice Blades|p1b: Weezing|[spread] p1a,p1b\n|-crit|p1a: Urshifu\n|-supereffective|p1b: Weezing\n|-damage|p1a: Urshifu|0 fnt\n|-damage|p1b: Weezing|9\/100\n|faint|p1a: Urshifu\n|move|p1b: Weezing|Will-O-Wisp|p2b: Groudon\n|-status|p2b: Groudon|brn\n|\n|-damage|p2b: Groudon|95\/100 brn|[from] brn\n|upkeep\n|inactive|Fra5670 has 30 seconds left.\n|\n|t:|1737574286\n|switch|p1a: Incineroar|Incineroar, L50, M, shiny|84\/100\n|switch|p2a: Urshifu|Urshifu, L50, M|100\/100\n|turn|4\n|\n|t:|1737574297\n|move|p1a: Incineroar|Fake Out|p2a: Urshifu\n|-damage|p2a: Urshifu|87\/100\n|cant|p2a: Urshifu|flinch\n|move|p2b: Groudon|Precipice Blades|p1a: Incineroar|[spread] p1a,p1b\n|-supereffective|p1a: Incineroar\n|-supereffective|p1b: Weezing\n|-damage|p1a: Incineroar|25\/100\n|-damage|p1b: Weezing|0 fnt\n|-enditem|p1a: Incineroar|Sitrus Berry|[eat]\n|-heal|p1a: Incineroar|50\/100|[from] item: Sitrus Berry\n|faint|p1b: Weezing\n|-end|p1b: Weezing|ability: Neutralizing Gas\n|-weather|SunnyDay|[from] ability: Drought|[of] p2b: Groudon\n|-ability|p1a: Incineroar|Intimidate|boost\n|-unboost|p2a: Urshifu|atk|1\n|-unboost|p2b: Groudon|atk|1\n|\n|-weather|SunnyDay|[upkeep]\n|-damage|p2b: Groudon|89\/100 brn|[from] brn\n|upkeep\n|turn|5\n|inactive|nicouser has 30 seconds left.\n|inactive|nicouser has 20 seconds left.\n|inactive|nicouser has 15 seconds left.\n|inactive|nicouser has 10 seconds left.\n|inactive|nicouser has 5 seconds left.\n|\n|t:|1737574352\n|move|p1a: Incineroar|Fake Out||[still]\n|-hint|Fake Out only works on your first turn out.\n|-fail|p1a: Incineroar\n|move|p2a: Urshifu|Close Combat|p1a: Incineroar\n|-supereffective|p1a: Incineroar\n|-damage|p1a: Incineroar|0 fnt\n|-unboost|p2a: Urshifu|def|1\n|-unboost|p2a: Urshifu|spd|1\n|faint|p1a: Incineroar\n|\n|win|Fra5670\n|raw|nicouser's rating: 1546 &rarr; <strong>1534<\/strong><br \/>(-12 for losing)\n|raw|Fra5670's rating: 1685 &rarr; <strong>1697<\/strong><br \/>(+12 for winning)\n|l|\u2606Fra5670\n|player|p2|\n","uploadtime":1737574605,"views":13,"formatid":"gen9vgc2025regg","rating":1534,"private":0,"password":null}