{"id":"gen9vgc2025regg-2286122651","format":"[Gen 9] VGC 2025 Reg G","players":["Crysantimo","BLiiNDProdiigy"],"log":"|j|\u2606Crysantimo\n|j|\u2606BLiiNDProdiigy\n|t:|1737570128\n|gametype|doubles\n|player|p1|Crysantimo|madame-gen4dp|1589\n|player|p2|BLiiNDProdiigy|rocketgrunt|1654\n|teamsize|p1|6\n|teamsize|p2|6\n|gen|9\n|tier|[Gen 9] VGC 2025 Reg G\n|rated|\n|rule|Species Clause: Limit one of each Pok\u00e9mon\n|rule|Item Clause: Limit 1 of each item\n|clearpoke\n|poke|p1|Calyrex-Shadow, L50|\n|poke|p1|Clefairy, L50, F|\n|poke|p1|Chi-Yu, L50|\n|poke|p1|Weezing-Galar, L50, F|\n|poke|p1|Pawmot, L50, F|\n|poke|p1|Dragonite, L50, F|\n|poke|p2|Terapagos, L50, M|\n|poke|p2|Incineroar, L50, F|\n|poke|p2|Rillaboom, L50, M|\n|poke|p2|Urshifu-*, L50, M|\n|poke|p2|Flutter Mane, L50|\n|poke|p2|Ogerpon-Hearthflame, L50, F|\n|teampreview|4\n|j| UI Rain\n|inactive|Battle timer is ON: inactive players will automatically lose when time's up. (requested by Crysantimo)\n|inactive|Crysantimo has 60 seconds left.\n|\n|t:|1737570176\n|start\n|switch|p1a: Calyrex|Calyrex-Shadow, L50|100\/100\n|switch|p1b: Pawmot|Pawmot, L50, F|100\/100\n|switch|p2a: Terapagos|Terapagos, L50, M|100\/100\n|switch|p2b: Incineroar|Incineroar, L50, F|100\/100\n|-ability|p1a: Calyrex|As One\n|-ability|p1a: Calyrex|Unnerve\n|-activate|p2a: Terapagos|ability: Tera Shift\n|detailschange|p2a: Terapagos|Terapagos-Terastal, L50, M\n|-heal|p2a: Terapagos|100\/100|[silent]\n|-ability|p2b: Incineroar|Intimidate|boost\n|-unboost|p1a: Calyrex|atk|1\n|-unboost|p1b: Pawmot|atk|1\n|turn|1\n|\n|t:|1737570192\n|move|p2a: Terapagos|Protect|p2a: Terapagos\n|-singleturn|p2a: Terapagos|Protect\n|move|p1b: Pawmot|Fake Out|p2b: Incineroar\n|-damage|p2b: Incineroar|94\/100\n|-damage|p1b: Pawmot|84\/100|[from] item: Rocky Helmet|[of] p2b: Incineroar\n|move|p1a: Calyrex|Pollen Puff|p2b: Incineroar\n|-damage|p2b: Incineroar|47\/100\n|cant|p2b: Incineroar|flinch\n|\n|upkeep\n|turn|2\n|inactive|BLiiNDProdiigy has 30 seconds left.\n|\n|t:|1737570223\n|switch|p2a: Flutter Mane|Flutter Mane, L50|100\/100\n|-enditem|p2a: Flutter Mane|Booster Energy\n|-activate|p2a: Flutter Mane|ability: Protosynthesis|[fromitem]\n|-start|p2a: Flutter Mane|protosynthesisspe\n|move|p1a: Calyrex|Pollen Puff|p2b: Incineroar\n|-damage|p2b: Incineroar|0 fnt\n|faint|p2b: Incineroar\n|-ability|p1a: Calyrex|Grim Neigh|boost\n|-boost|p1a: Calyrex|spa|1\n|move|p1b: Pawmot|Encore||[still]\n|-fail|p1b: Pawmot\n|\n|upkeep\n|\n|t:|1737570231\n|switch|p2b: Terapagos|Terapagos-Terastal, L50, M|100\/100\n|turn|3\n|inactive|Crysantimo has 30 seconds left.\n|inactive|Crysantimo has 20 seconds left.\n|inactive|Crysantimo has 15 seconds left.\n|j| meklae\n|\n|t:|1737570273\n|switch|p1a: Dragonite|Dragonite, L50, F|100\/100\n|switch|p1b: Chi-Yu|Chi-Yu, L50|100\/100\n|-ability|p1b: Chi-Yu|Beads of Ruin\n|-terastallize|p2b: Terapagos|Stellar\n|detailschange|p2b: Terapagos|Terapagos-Stellar, L50, M, tera:Stellar\n|-heal|p2b: Terapagos|100\/100|[silent]\n|move|p2a: Flutter Mane|Thunder Wave|p1a: Dragonite\n|-status|p1a: Dragonite|par\n|move|p2b: Terapagos|Tera Starstorm|p1b: Chi-Yu|[spread] p1a,p1b\n|-damage|p1a: Dragonite|72\/100 par\n|-damage|p1b: Chi-Yu|60\/100\n|\n|upkeep\n|turn|4\n|l| meklae\n|inactive|BLiiNDProdiigy has 30 seconds left.\n|\n|t:|1737570306\n|move|p2a: Flutter Mane|Thunder Wave|p1b: Chi-Yu\n|-status|p1b: Chi-Yu|par\n|move|p2b: Terapagos|Tera Starstorm|p1a: Dragonite|[spread] p1a,p1b\n|-crit|p1a: Dragonite\n|-damage|p1a: Dragonite|25\/100 par\n|-damage|p1b: Chi-Yu|19\/100 par\n|move|p1b: Chi-Yu|Snarl|p2a: Flutter Mane|[spread] p2a,p2b\n|-crit|p2a: Flutter Mane\n|-damage|p2a: Flutter Mane|65\/100\n|-damage|p2b: Terapagos|85\/100\n|-unboost|p2a: Flutter Mane|spa|1\n|-unboost|p2b: Terapagos|spa|1\n|cant|p1a: Dragonite|par\n|\n|-heal|p2b: Terapagos|91\/100|[from] item: Leftovers\n|upkeep\n|turn|5\n|inactive|BLiiNDProdiigy has 30 seconds left.\n|inactive|BLiiNDProdiigy has 20 seconds left.\n|\n|t:|1737570343\n|move|p2a: Flutter Mane|Icy Wind|p1b: Chi-Yu|[spread] p1a,p1b\n|-supereffective|p1a: Dragonite\n|-resisted|p1b: Chi-Yu\n|-damage|p1a: Dragonite|0 fnt\n|-damage|p1b: Chi-Yu|16\/100 par\n|-unboost|p1b: Chi-Yu|spe|1\n|faint|p1a: Dragonite\n|move|p2b: Terapagos|Calm Mind|p2b: Terapagos\n|-boost|p2b: Terapagos|spa|1\n|-boost|p2b: Terapagos|spd|1\n|move|p1b: Chi-Yu|Snarl|p2b: Terapagos|[spread] p2a,p2b\n|-damage|p2a: Flutter Mane|42\/100\n|-damage|p2b: Terapagos|79\/100\n|-unboost|p2a: Flutter Mane|spa|1\n|-unboost|p2b: Terapagos|spa|1\n|\n|-heal|p2b: Terapagos|85\/100|[from] item: Leftovers\n|upkeep\n|\n|t:|1737570359\n|switch|p1a: Calyrex|Calyrex-Shadow, L50|100\/100\n|-ability|p1a: Calyrex|As One\n|-ability|p1a: Calyrex|Unnerve\n|turn|6\n|inactive|Crysantimo has 30 seconds left.\n|\n|t:|1737570388\n|switch|p1a: Pawmot|Pawmot, L50, F|84\/100\n|move|p2a: Flutter Mane|Thunder Wave|p1a: Pawmot\n|-heal|p1a: Pawmot|100\/100|[from] ability: Volt Absorb|[of] p2a: Flutter Mane\n|move|p2b: Terapagos|Tera Starstorm|p1b: Chi-Yu|[spread] p1a,p1b\n|-damage|p1a: Pawmot|44\/100\n|-damage|p1b: Chi-Yu|0 fnt\n|faint|p1b: Chi-Yu\n|\n|-heal|p2b: Terapagos|92\/100|[from] item: Leftovers\n|upkeep\n|\n|t:|1737570390\n|switch|p1b: Calyrex|Calyrex-Shadow, L50|100\/100\n|-ability|p1b: Calyrex|As One\n|-ability|p1b: Calyrex|Unnerve\n|turn|7\n|\n|t:|1737570399\n|move|p2a: Flutter Mane|Protect|p2a: Flutter Mane\n|-singleturn|p2a: Flutter Mane|Protect\n|move|p2b: Terapagos|Protect|p2b: Terapagos\n|-singleturn|p2b: Terapagos|Protect\n|move|p1b: Calyrex|Psyshock|p2a: Flutter Mane\n|-activate|p2a: Flutter Mane|move: Protect\n|move|p1a: Pawmot|Revival Blessing|p1a: Pawmot\n|\n|t:|1737570403\n|-heal|p1: Chi-Yu|50\/100|[from] move: Revival Blessing\n|\n|-heal|p2b: Terapagos|98\/100|[from] item: Leftovers\n|upkeep\n|turn|8\n|\n|t:|1737570415\n|move|p2a: Flutter Mane|Moonblast|p1a: Pawmot\n|-supereffective|p1a: Pawmot\n|-damage|p1a: Pawmot|0 fnt\n|faint|p1a: Pawmot\n|move|p1b: Calyrex|Psyshock|p2a: Flutter Mane\n|-damage|p2a: Flutter Mane|0 fnt\n|faint|p2a: Flutter Mane\n|-end|p2a: Flutter Mane|Protosynthesis|[silent]\n|-ability|p1b: Calyrex|Grim Neigh|boost\n|-boost|p1b: Calyrex|spa|1\n|move|p2b: Terapagos|Tera Starstorm|p1b: Calyrex\n|-damage|p1b: Calyrex|65\/100\n|\n|-heal|p2b: Terapagos|100\/100|[from] item: Leftovers\n|upkeep\n|\n|t:|1737570418\n|switch|p2a: Ogerpon|Ogerpon-Hearthflame, L50, F|100\/100\n|switch|p1a: Chi-Yu|Chi-Yu, L50|50\/100\n|-ability|p1a: Chi-Yu|Beads of Ruin\n|-ability|p2a: Ogerpon|Mold Breaker\n|turn|9\n|\n|t:|1737570432\n|move|p2a: Ogerpon|Spiky Shield|p2a: Ogerpon\n|-singleturn|p2a: Ogerpon|move: Protect\n|move|p2b: Terapagos|Protect|p2b: Terapagos\n|-singleturn|p2b: Terapagos|Protect\n|move|p1a: Chi-Yu|Snarl|p2b: Terapagos|[spread] \n|-activate|p2a: Ogerpon|move: Protect\n|-activate|p2b: Terapagos|move: Protect\n|move|p1b: Calyrex|Psyshock|p2a: Ogerpon\n|-activate|p2a: Ogerpon|move: Protect\n|\n|upkeep\n|turn|10\n|\n|t:|1737570442\n|move|p1a: Chi-Yu|Snarl|p2a: Ogerpon|[spread] p2a,p2b\n|-damage|p2a: Ogerpon|72\/100\n|-damage|p2b: Terapagos|89\/100\n|-unboost|p2a: Ogerpon|spa|1\n|-unboost|p2b: Terapagos|spa|1\n|move|p1b: Calyrex|Psyshock|p2a: Ogerpon\n|-damage|p2a: Ogerpon|0 fnt\n|faint|p2a: Ogerpon\n|-ability|p1b: Calyrex|Grim Neigh|boost\n|-boost|p1b: Calyrex|spa|1\n|move|p2b: Terapagos|Tera Starstorm|p1a: Chi-Yu|[spread] p1a,p1b\n|-damage|p1a: Chi-Yu|20\/100\n|-damage|p1b: Calyrex|38\/100\n|\n|-heal|p2b: Terapagos|95\/100|[from] item: Leftovers\n|upkeep\n|turn|11\n|\n|t:|1737570451\n|move|p2b: Terapagos|Protect|p2b: Terapagos\n|-singleturn|p2b: Terapagos|Protect\n|move|p1a: Chi-Yu|Snarl|p2b: Terapagos\n|-activate|p2b: Terapagos|move: Protect\n|move|p1b: Calyrex|Psyshock|p2b: Terapagos\n|-activate|p2b: Terapagos|move: Protect\n|\n|-heal|p2b: Terapagos|100\/100|[from] item: Leftovers\n|upkeep\n|turn|12\n|\n|t:|1737570456\n|move|p1a: Chi-Yu|Snarl|p2b: Terapagos\n|-damage|p2b: Terapagos|84\/100\n|-unboost|p2b: Terapagos|spa|1\n|move|p1b: Calyrex|Psyshock|p2b: Terapagos\n|-damage|p2b: Terapagos|2\/100\n|move|p2b: Terapagos|Tera Starstorm|p1a: Chi-Yu|[spread] p1a,p1b\n|-damage|p1a: Chi-Yu|0 fnt\n|-damage|p1b: Calyrex|15\/100\n|faint|p1a: Chi-Yu\n|\n|-heal|p2b: Terapagos|8\/100|[from] item: Leftovers\n|upkeep\n|turn|13\n|l| UI Rain\n|\n|t:|1737570464\n|move|p1b: Calyrex|Psyshock|p2b: Terapagos\n|-damage|p2b: Terapagos|0 fnt\n|faint|p2b: Terapagos\n|\n|win|Crysantimo\n|raw|Crysantimo's rating: 1589 &rarr; <strong>1613<\/strong><br \/>(+24 for winning)\n|raw|BLiiNDProdiigy's rating: 1654 &rarr; <strong>1630<\/strong><br \/>(-24 for losing)\n|l|\u2606BLiiNDProdiigy\n|player|p2|\n|l|\u2606Crysantimo\n|player|p1|\n","uploadtime":1737570733,"views":11,"formatid":"gen9vgc2025regg","rating":1613,"private":0,"password":null}