{"id":"gen9vgc2025regg-2286619323","format":"[Gen 9] VGC 2025 Reg G","players":["bobonov","pig duck eater"],"log":"|j|\u2606bobonov\n|j|\u2606pig duck eater\n|t:|1737637307\n|gametype|doubles\n|player|p1|bobonov|265|1622\n|player|p2|pig duck eater|266|1639\n|teamsize|p1|6\n|teamsize|p2|6\n|gen|9\n|tier|[Gen 9] VGC 2025 Reg G\n|rated|\n|rule|Species Clause: Limit one of each Pok\u00e9mon\n|rule|Item Clause: Limit 1 of each item\n|clearpoke\n|poke|p1|Kyogre, L50|\n|poke|p1|Tsareena, L50, F|\n|poke|p1|Whimsicott, L50, F|\n|poke|p1|Terrakion, L50|\n|poke|p1|Urshifu-*, L50, M|\n|poke|p1|Archaludon, L50, F|\n|poke|p2|Wyrdeer, L50, M|\n|poke|p2|Weezing-Galar, L50, F|\n|poke|p2|Baxcalibur, L50, M|\n|poke|p2|Kyogre, L50|\n|poke|p2|Indeedee-F, L50, F|\n|poke|p2|Garganacl, L50, F|\n|teampreview|4\n|inactive|Battle timer is ON: inactive players will automatically lose when time's up. (requested by bobonov)\n|j| sushi rider\n|inactive|pig duck eater has 60 seconds left.\n|\n|t:|1737637365\n|start\n|switch|p1a: Whimsicott|Whimsicott, L50, F|100\/100\n|switch|p1b: Archaludon|Archaludon, L50, F|100\/100\n|switch|p2a: Garganacl|Garganacl, L50, F|100\/100\n|switch|p2b: Indeedee|Indeedee-F, L50, F|100\/100\n|-fieldstart|move: Psychic Terrain|[from] ability: Psychic Surge|[of] p2b: Indeedee\n|turn|1\n|inactive|bobonov has 30 seconds left.\n|\n|t:|1737637392\n|-terastallize|p2a: Garganacl|Poison\n|move|p1a: Whimsicott|Moonblast|p2b: Indeedee\n|-damage|p2b: Indeedee|75\/100\n|-unboost|p2b: Indeedee|spa|1\n|move|p1b: Archaludon|Electro Shot||[still]\n|-prepare|p1b: Archaludon|Electro Shot\n|-boost|p1b: Archaludon|spa|1\n|-enditem|p1b: Archaludon|Power Herb\n|-anim|p1b: Archaludon|Electro Shot|p2b: Indeedee\n|-damage|p2b: Indeedee|12\/100\n|move|p2a: Garganacl|Salt Cure|p1b: Archaludon\n|-resisted|p1b: Archaludon\n|-damage|p1b: Archaludon|95\/100\n|-start|p1b: Archaludon|Salt Cure\n|move|p2b: Indeedee|Trick Room|p2b: Indeedee\n|-fieldstart|move: Trick Room|[of] p2b: Indeedee\n|\n|-damage|p1b: Archaludon|70\/100|[from] Salt Cure\n|upkeep\n|turn|2\n|inactive|bobonov has 30 seconds left.\n|\n|t:|1737637418\n|switch|p2b: Weezing|Weezing-Galar, L50, F|100\/100\n|-ability|p2b: Weezing|Neutralizing Gas\n|move|p2a: Garganacl|Salt Cure|p1a: Whimsicott\n|-damage|p1a: Whimsicott|84\/100\n|move|p1b: Archaludon|Draco Meteor|p2a: Garganacl\n|-damage|p2a: Garganacl|4\/100\n|-unboost|p1b: Archaludon|spa|2\n|move|p1a: Whimsicott|Moonblast|p2b: Weezing\n|-resisted|p2b: Weezing\n|-damage|p2b: Weezing|90\/100\n|\n|-heal|p2a: Garganacl|10\/100|[from] item: Leftovers\n|-damage|p1b: Archaludon|46\/100|[from] Salt Cure\n|upkeep\n|turn|3\n|j| summerdog\n|\n|t:|1737637438\n|switch|p1a: Urshifu|Urshifu, L50, M|100\/100\n|move|p2a: Garganacl|Recover|p2a: Garganacl\n|-heal|p2a: Garganacl|60\/100\n|move|p2b: Weezing|Gunk Shot|p1a: Urshifu\n|-damage|p1a: Urshifu|43\/100\n|-status|p1a: Urshifu|psn\n|move|p1b: Archaludon|Steel Beam|p2b: Weezing\n|-supereffective|p2b: Weezing\n|-damage|p2b: Weezing|5\/100\n|-damage|p1b: Archaludon|0 fnt|[from] steelbeam\n|faint|p1b: Archaludon\n|\n|-heal|p2a: Garganacl|66\/100|[from] item: Leftovers\n|-damage|p1a: Urshifu|31\/100 psn|[from] psn\n|upkeep\n|\n|t:|1737637462\n|switch|p1b: Kyogre|Kyogre, L50|100\/100\n|turn|4\n|\n|t:|1737637476\n|switch|p1a: Whimsicott|Whimsicott, L50, F|84\/100\n|move|p2a: Garganacl|Salt Cure|p1b: Kyogre\n|-damage|p1b: Kyogre|86\/100\n|-start|p1b: Kyogre|Salt Cure\n|move|p2b: Weezing|Play Rough|p1a: Whimsicott\n|-damage|p1a: Whimsicott|35\/100\n|move|p1b: Kyogre|Origin Pulse|p2a: Garganacl|[spread] p2a,p2b\n|-damage|p2a: Garganacl|21\/100\n|-damage|p2b: Weezing|0 fnt\n|faint|p2b: Weezing\n|-end|p2b: Weezing|ability: Neutralizing Gas\n|-weather|RainDance|[from] ability: Drizzle|[of] p1b: Kyogre\n|\n|-weather|RainDance|[upkeep]\n|-heal|p2a: Garganacl|27\/100|[from] item: Leftovers\n|-damage|p1b: Kyogre|62\/100|[from] Salt Cure\n|upkeep\n|\n|t:|1737637482\n|switch|p2b: Kyogre|Kyogre, L50|100\/100\n|turn|5\n|\n|t:|1737637497\n|switch|p1b: Urshifu|Urshifu, L50, M|31\/100 psn\n|move|p1a: Whimsicott|Tailwind|p1a: Whimsicott\n|-sidestart|p1: bobonov|move: Tailwind\n|move|p2a: Garganacl|Recover|p2a: Garganacl\n|-heal|p2a: Garganacl|77\/100\n|move|p2b: Kyogre|Origin Pulse|p1a: Whimsicott|[spread] p1a,p1b\n|-resisted|p1a: Whimsicott\n|-crit|p1b: Urshifu\n|-damage|p1a: Whimsicott|0 fnt\n|-damage|p1b: Urshifu|0 fnt\n|faint|p1a: Whimsicott\n|faint|p1b: Urshifu\n|\n|-weather|RainDance|[upkeep]\n|-heal|p2a: Garganacl|83\/100|[from] item: Leftovers\n|-fieldend|move: Trick Room\n|-fieldend|move: Psychic Terrain\n|upkeep\n|-message|bobonov forfeited.\n|\n|win|pig duck eater\n|raw|bobonov's rating: 1622 &rarr; <strong>1603<\/strong><br \/>(-19 for losing)\n|raw|pig duck eater's rating: 1639 &rarr; <strong>1658<\/strong><br \/>(+19 for winning)\n|l|\u2606bobonov\n|player|p1|\n|l|\u2606pig duck eater\n|player|p2|\n","uploadtime":1737637747,"views":18,"formatid":"gen9vgc2025regg","rating":1603,"private":0,"password":null}