{"id":"gen9vgc2025regg-2286520744","format":"[Gen 9] VGC 2025 Reg G","players":["anyaforger21","something123"],"log":"|j|\u203danyaforger21\n|j|\u2606something123\n|t:|1737621034\n|gametype|doubles\n|player|p1|anyaforger21|caitlin|1589\n|player|p2|something123|265|1743\n|teamsize|p1|6\n|teamsize|p2|6\n|gen|9\n|tier|[Gen 9] VGC 2025 Reg G\n|rated|\n|rule|Species Clause: Limit one of each Pok\u00e9mon\n|rule|Item Clause: Limit 1 of each item\n|clearpoke\n|poke|p1|Ogerpon-Wellspring, L50, F|\n|poke|p1|Calyrex-Ice, L50|\n|poke|p1|Annihilape, L50, M|\n|poke|p1|Smeargle, L50, M|\n|poke|p1|Urshifu-*, L50, M|\n|poke|p1|Ursaluna-Bloodmoon, L50, M|\n|poke|p2|Farigiraf, L50, F|\n|poke|p2|Landorus, L50, M|\n|poke|p2|Calyrex-Ice, L50|\n|poke|p2|Ogerpon-Cornerstone, L50, F|\n|poke|p2|Urshifu-*, L50, F|\n|poke|p2|Regieleki, L50|\n|teampreview|4\n|\n|t:|1737621111\n|start\n|switch|p1a: Calyrex|Calyrex-Ice, L50|100\/100\n|switch|p1b: Annihilape|Annihilape, L50, M|100\/100\n|switch|p2a: Ogerpon|Ogerpon-Cornerstone, L50, F|100\/100\n|switch|p2b: Farigiraf|Farigiraf, L50, F|100\/100\n|-ability|p1a: Calyrex|As One\n|-ability|p1a: Calyrex|Unnerve\n|turn|1\n|\n|t:|1737621129\n|move|p1a: Calyrex|Protect|p1a: Calyrex\n|-singleturn|p1a: Calyrex|Protect\n|move|p2a: Ogerpon|Taunt|p1a: Calyrex\n|-activate|p1a: Calyrex|move: Protect\n|move|p1b: Annihilape|Coaching|p1a: Calyrex\n|-boost|p1a: Calyrex|atk|1\n|-boost|p1a: Calyrex|def|1\n|move|p2b: Farigiraf|Foul Play|p1a: Calyrex\n|-activate|p1a: Calyrex|move: Protect\n|\n|upkeep\n|turn|2\n|\n|t:|1737621157\n|-terastallize|p1a: Calyrex|Water\n|move|p2a: Ogerpon|Taunt|p1a: Calyrex\n|-start|p1a: Calyrex|move: Taunt\n|move|p1b: Annihilape|Close Combat|p2a: Ogerpon\n|-supereffective|p2a: Ogerpon\n|-ability|p2a: Ogerpon|Sturdy\n|-damage|p2a: Ogerpon|1\/100\n|-unboost|p1b: Annihilape|def|1\n|-unboost|p1b: Annihilape|spd|1\n|move|p2b: Farigiraf|Foul Play|p1a: Calyrex\n|-damage|p1a: Calyrex|76\/100\n|cant|p1a: Calyrex|move: Taunt|Trick Room\n|\n|upkeep\n|turn|3\n|\n|t:|1737621195\n|switch|p1a: Ogerpon|Ogerpon-Wellspring, L50, F|100\/100\n|move|p2a: Ogerpon|Spiky Shield|p2a: Ogerpon\n|-singleturn|p2a: Ogerpon|move: Protect\n|move|p1b: Annihilape|Coaching|p1a: Ogerpon\n|-boost|p1a: Ogerpon|atk|1\n|-boost|p1a: Ogerpon|def|1\n|move|p2b: Farigiraf|Psychic|p1a: Ogerpon\n|-damage|p1a: Ogerpon|61\/100\n|\n|upkeep\n|turn|4\n|\n|t:|1737621260\n|move|p2b: Farigiraf|Helping Hand|p2a: Ogerpon\n|-singleturn|p2a: Ogerpon|Helping Hand|[of] p2b: Farigiraf\n|move|p2a: Ogerpon|Ivy Cudgel|p1a: Ogerpon|[anim] Ivy Cudgel Rock\n|-damage|p1a: Ogerpon|2\/100\n|move|p1b: Annihilape|Rage Fist|p2a: Ogerpon\n|-damage|p2a: Ogerpon|0 fnt\n|faint|p2a: Ogerpon\n|move|p1a: Ogerpon|Ivy Cudgel|p2b: Farigiraf|[anim] Ivy Cudgel Water\n|-damage|p2b: Farigiraf|30\/100\n|\n|upkeep\n|\n|t:|1737621274\n|switch|p2a: Landorus|Landorus, L50, M|100\/100\n|turn|5\n|\n|t:|1737621303\n|-terastallize|p2a: Landorus|Water\n|move|p1b: Annihilape|Rage Fist|p2a: Landorus\n|-damage|p2a: Landorus|77\/100\n|move|p1a: Ogerpon|Ivy Cudgel|p2a: Landorus|[anim] Ivy Cudgel Water\n|-resisted|p2a: Landorus\n|-damage|p2a: Landorus|37\/100\n|move|p2a: Landorus|Sandsear Storm|p1a: Ogerpon|[spread] p1b\n|-miss|p2a: Landorus|p1a: Ogerpon\n|-damage|p1b: Annihilape|14\/100\n|move|p2b: Farigiraf|Psychic|p1b: Annihilape\n|-supereffective|p1b: Annihilape\n|-damage|p1b: Annihilape|0 fnt\n|faint|p1b: Annihilape\n|\n|upkeep\n|\n|t:|1737621319\n|switch|p1b: Calyrex|Calyrex-Ice, L50, tera:Water|76\/100\n|-ability|p1b: Calyrex|As One\n|-ability|p1b: Calyrex|Unnerve\n|turn|6\n|\n|t:|1737621348\n|switch|p2b: Calyrex|Calyrex-Ice, L50|100\/100\n|-ability|p2b: Calyrex|As One\n|-ability|p2b: Calyrex|Unnerve\n|move|p2a: Landorus|Protect|p2a: Landorus\n|-singleturn|p2a: Landorus|Protect\n|move|p1a: Ogerpon|Ivy Cudgel|p2b: Calyrex|[anim] Ivy Cudgel Water\n|-damage|p2b: Calyrex|55\/100\n|move|p1b: Calyrex|High Horsepower|p2a: Landorus\n|-activate|p2a: Landorus|move: Protect\n|\n|upkeep\n|turn|7\n|\n|t:|1737621397\n|move|p1a: Ogerpon|Encore|p2a: Landorus\n|-start|p2a: Landorus|Encore\n|move|p2a: Landorus|Protect||[still]\n|-fail|p2a: Landorus\n|move|p2b: Calyrex|Glacial Lance|p1b: Calyrex|[spread] p1a,p1b\n|-resisted|p1b: Calyrex\n|-damage|p1a: Ogerpon|0 fnt\n|-damage|p1b: Calyrex|56\/100\n|faint|p1a: Ogerpon\n|-ability|p2b: Calyrex|Chilling Neigh|boost\n|-boost|p2b: Calyrex|atk|1\n|move|p1b: Calyrex|Glacial Lance|p2a: Landorus|[spread] p2a,p2b\n|-resisted|p2a: Landorus\n|-resisted|p2b: Calyrex\n|-damage|p2a: Landorus|5\/100\n|-damage|p2b: Calyrex|36\/100\n|\n|upkeep\n|\n|t:|1737621405\n|switch|p1a: Urshifu|Urshifu, L50, M|100\/100\n|turn|8\n|\n|t:|1737621425\n|switch|p2a: Farigiraf|Farigiraf, L50, F|30\/100\n|move|p2b: Calyrex|Glacial Lance|p1a: Urshifu|[spread] p1a,p1b\n|-resisted|p1b: Calyrex\n|-damage|p1a: Urshifu|3\/100\n|-damage|p1b: Calyrex|25\/100\n|move|p1a: Urshifu|Wicked Blow|p2b: Calyrex\n|-supereffective|p2b: Calyrex\n|-crit|p2b: Calyrex\n|-damage|p2b: Calyrex|0 fnt\n|-enditem|p1b: Calyrex|Sitrus Berry|[eat]\n|-heal|p1b: Calyrex|50\/100|[from] item: Sitrus Berry\n|faint|p2b: Calyrex\n|move|p1b: Calyrex|Glacial Lance|p2a: Farigiraf\n|-damage|p2a: Farigiraf|0 fnt\n|faint|p2a: Farigiraf\n|-ability|p1b: Calyrex|Chilling Neigh|boost\n|-boost|p1b: Calyrex|atk|1\n|\n|upkeep\n|\n|t:|1737621435\n|switch|p2b: Landorus|Landorus, L50, M, tera:Water|5\/100\n|turn|9\n|\n|t:|1737621441\n|move|p2b: Landorus|Sandsear Storm|p1b: Calyrex|[spread] p1a\n|-miss|p2b: Landorus|p1b: Calyrex\n|-damage|p1a: Urshifu|0 fnt\n|faint|p1a: Urshifu\n|move|p1b: Calyrex|Glacial Lance|p2b: Landorus\n|-resisted|p2b: Landorus\n|-damage|p2b: Landorus|0 fnt\n|faint|p2b: Landorus\n|\n|win|anyaforger21\n|raw|anyaforger21's rating: 1589 &rarr; <strong>1617<\/strong><br \/>(+28 for winning)\n|raw|something123's rating: 1743 &rarr; <strong>1715<\/strong><br \/>(-28 for losing)\n|l|\u203danyaforger21\n|player|p1|\n|l|\u2606something123\n|player|p2|\n","uploadtime":1737621653,"views":51,"formatid":"gen9vgc2025regg","rating":1617,"private":0,"password":null}