{"id":"gen9vgc2025regg-2286655865","format":"[Gen 9] VGC 2025 Reg G","players":["KD-Alt-711","chin8"],"log":"|j|\u2606KD-Alt-711\n|j|\u2606chin8\n|t:|1737641951\n|gametype|doubles\n|player|p1|KD-Alt-711|265|1581\n|player|p2|chin8|gentleman-gen4dp|1561\n|teamsize|p1|6\n|teamsize|p2|6\n|gen|9\n|tier|[Gen 9] VGC 2025 Reg G\n|rated|\n|rule|Species Clause: Limit one of each Pok\u00e9mon\n|rule|Item Clause: Limit 1 of each item\n|clearpoke\n|poke|p1|Calyrex-Ice, L50|\n|poke|p1|Torkoal, L50, F|\n|poke|p1|Lilligant-Hisui, L50, F|\n|poke|p1|Kingambit, L50, F|\n|poke|p1|Flutter Mane, L50|\n|poke|p1|Indeedee-F, L50, F|\n|poke|p2|Calyrex-Shadow, L50|\n|poke|p2|Incineroar, L50, M|\n|poke|p2|Rillaboom, L50, M|\n|poke|p2|Gastrodon-East, L50, M|\n|poke|p2|Hitmonchan, L50, M|\n|poke|p2|Tropius, L50, F|\n|teampreview|4\n|inactive|Battle timer is ON: inactive players will automatically lose when time's up. (requested by chin8)\n|\n|t:|1737641977\n|start\n|switch|p1a: Flutter Mane|Flutter Mane, L50, shiny|100\/100\n|switch|p1b: Indeedee|Indeedee-F, L50, F, shiny|100\/100\n|switch|p2a: Calyrex|Calyrex-Shadow, L50|100\/100\n|switch|p2b: Hitmonchan|Hitmonchan, L50, M|100\/100\n|-ability|p2a: Calyrex|As One\n|-ability|p2a: Calyrex|Unnerve\n|-fieldstart|move: Psychic Terrain|[from] ability: Psychic Surge|[of] p1b: Indeedee\n|-enditem|p1b: Indeedee|Psychic Seed\n|-boost|p1b: Indeedee|spd|1|[from] item: Psychic Seed\n|turn|1\n|\n|t:|1737641990\n|-terastallize|p2a: Calyrex|Fairy\n|-terastallize|p1a: Flutter Mane|Fairy\n|move|p2a: Calyrex|Calm Mind|p2a: Calyrex\n|-boost|p2a: Calyrex|spa|1\n|-boost|p2a: Calyrex|spd|1\n|move|p1a: Flutter Mane|Dazzling Gleam|p2b: Hitmonchan|[spread] p2a,p2b\n|-supereffective|p2b: Hitmonchan\n|-damage|p2a: Calyrex|60\/100\n|-enditem|p2b: Hitmonchan|Focus Sash\n|-damage|p2b: Hitmonchan|1\/100\n|move|p2b: Hitmonchan|Taunt|p1b: Indeedee\n|-start|p1b: Indeedee|move: Taunt\n|cant|p1b: Indeedee|move: Taunt|Trick Room\n|\n|upkeep\n|turn|2\n|\n|t:|1737642001\n|switch|p2b: Rillaboom|Rillaboom, L50, M|100\/100\n|-fieldstart|move: Grassy Terrain|[from] ability: Grassy Surge|[of] p2b: Rillaboom\n|move|p2a: Calyrex|Draining Kiss|p1a: Flutter Mane\n|-damage|p1a: Flutter Mane|48\/100\n|-heal|p2a: Calyrex|90\/100|[from] drain|[of] p1a: Flutter Mane\n|move|p1a: Flutter Mane|Dazzling Gleam|p2a: Calyrex|[spread] p2a,p2b\n|-damage|p2a: Calyrex|54\/100\n|-damage|p2b: Rillaboom|56\/100\n|move|p1b: Indeedee|Psychic|p2a: Calyrex\n|-damage|p2a: Calyrex|36\/100\n|\n|-heal|p2a: Calyrex|42\/100|[from] Grassy Terrain\n|-heal|p1a: Flutter Mane|54\/100|[from] Grassy Terrain\n|-heal|p2b: Rillaboom|62\/100|[from] Grassy Terrain\n|upkeep\n|turn|3\n|\n|t:|1737642025\n|-end|p1a: Flutter Mane|Protosynthesis|[silent]\n|switch|p1a: Torkoal|Torkoal, L50, F, shiny|100\/100\n|-weather|SunnyDay|[from] ability: Drought|[of] p1a: Torkoal\n|move|p2b: Rillaboom|Grassy Glide|p1a: Torkoal\n|-resisted|p1a: Torkoal\n|-damage|p1a: Torkoal|87\/100\n|move|p2a: Calyrex|Draining Kiss|p1b: Indeedee\n|-damage|p1b: Indeedee|63\/100\n|-heal|p2a: Calyrex|69\/100|[from] drain|[of] p1b: Indeedee\n|move|p1b: Indeedee|Psychic|p2a: Calyrex\n|-damage|p2a: Calyrex|49\/100\n|\n|-weather|SunnyDay|[upkeep]\n|-heal|p2a: Calyrex|55\/100|[from] Grassy Terrain\n|-heal|p2b: Rillaboom|68\/100|[from] Grassy Terrain\n|-heal|p1b: Indeedee|69\/100|[from] Grassy Terrain\n|-heal|p1a: Torkoal|93\/100|[from] Grassy Terrain\n|-end|p1b: Indeedee|move: Taunt\n|upkeep\n|turn|4\n|\n|t:|1737642039\n|move|p1a: Torkoal|Protect|p1a: Torkoal\n|-singleturn|p1a: Torkoal|Protect\n|move|p2a: Calyrex|Draining Kiss|p1b: Indeedee\n|-damage|p1b: Indeedee|32\/100\n|-heal|p2a: Calyrex|82\/100|[from] drain|[of] p1b: Indeedee\n|move|p2b: Rillaboom|Wood Hammer|p1b: Indeedee\n|-damage|p1b: Indeedee|0 fnt\n|faint|p1b: Indeedee\n|-damage|p2b: Rillaboom|59\/100|[from] Recoil\n|\n|-weather|SunnyDay|[upkeep]\n|-heal|p2a: Calyrex|88\/100|[from] Grassy Terrain\n|-heal|p2b: Rillaboom|65\/100|[from] Grassy Terrain\n|-heal|p1a: Torkoal|99\/100|[from] Grassy Terrain\n|upkeep\n|\n|t:|1737642043\n|switch|p1b: Flutter Mane|Flutter Mane, L50, shiny, tera:Fairy|54\/100\n|-activate|p1b: Flutter Mane|ability: Protosynthesis\n|-start|p1b: Flutter Mane|protosynthesisspe\n|turn|5\n|\n|t:|1737642053\n|switch|p2b: Incineroar|Incineroar, L50, M|100\/100\n|-ability|p2b: Incineroar|Intimidate|boost\n|-unboost|p1a: Torkoal|atk|1\n|-unboost|p1b: Flutter Mane|atk|1\n|move|p2a: Calyrex|Protect|p2a: Calyrex\n|-singleturn|p2a: Calyrex|Protect\n|move|p1b: Flutter Mane|Moonblast|p2a: Calyrex\n|-activate|p2a: Calyrex|move: Protect\n|move|p1a: Torkoal|Flamethrower|p2b: Incineroar\n|-resisted|p2b: Incineroar\n|-damage|p2b: Incineroar|74\/100\n|\n|-weather|SunnyDay|[upkeep]\n|-heal|p1b: Flutter Mane|59\/100|[from] Grassy Terrain\n|-heal|p2a: Calyrex|94\/100|[from] Grassy Terrain\n|-heal|p2b: Incineroar|80\/100|[from] Grassy Terrain\n|-heal|p1a: Torkoal|100\/100|[from] Grassy Terrain\n|upkeep\n|turn|6\n|-message|KD-Alt-711 forfeited.\n|\n|win|chin8\n|raw|KD-Alt-711's rating: 1581 &rarr; <strong>1560<\/strong><br \/>(-21 for losing)\n|raw|chin8's rating: 1561 &rarr; <strong>1582<\/strong><br \/>(+21 for winning)\n|l|\u2606KD-Alt-711\n|player|p1|\n|l|\u2606chin8\n|player|p2|\n","uploadtime":1737642310,"views":4,"formatid":"gen9vgc2025regg","rating":1560,"private":0,"password":null}