{"id":"gen9vgc2025regg-2286099251","format":"[Gen 9] VGC 2025 Reg G","players":["Yung Trav","kattikaaa"],"log":"|j|\u203dYung Trav\n|j|\u2606kattikaaa\n|t:|1737567870\n|gametype|doubles\n|player|p1|Yung Trav|266|1594\n|player|p2|kattikaaa|169|1554\n|teamsize|p1|6\n|teamsize|p2|6\n|gen|9\n|tier|[Gen 9] VGC 2025 Reg G\n|rated|\n|rule|Species Clause: Limit one of each Pok\u00e9mon\n|rule|Item Clause: Limit 1 of each item\n|clearpoke\n|poke|p1|Calyrex-Ice, L50|\n|poke|p1|Regidrago, L50|\n|poke|p1|Smeargle, L50, M|\n|poke|p1|Farigiraf, L50, M|\n|poke|p1|Urshifu-*, L50, M|\n|poke|p1|Ogerpon-Cornerstone, L50, F|\n|poke|p2|Miraidon, L50|\n|poke|p2|Grimmsnarl, L50, M|\n|poke|p2|Iron Moth, L50|\n|poke|p2|Ogerpon-Cornerstone, L50, F|\n|poke|p2|Iron Hands, L50|\n|poke|p2|Pelipper, L50, M|\n|teampreview|4\n|inactive|Battle timer is ON: inactive players will automatically lose when time's up. (requested by kattikaaa)\n|j| UI Rain\nkattikaaa rejected open team sheets.\n|inactive|Yung Trav has 60 seconds left.\n|\n|t:|1737567918\n|start\n|switch|p1a: Calyrex|Calyrex-Ice, L50|100\/100\n|switch|p1b: Smeargle|Smeargle, L50, M, shiny|100\/100\n|switch|p2a: Miraidon|Miraidon, L50|100\/100\n|switch|p2b: Grimmsnarl|Grimmsnarl, L50, M|100\/100\n|-ability|p1a: Calyrex|As One\n|-ability|p1a: Calyrex|Unnerve\n|-fieldstart|move: Electric Terrain|[from] ability: Hadron Engine|[of] p2a: Miraidon\n|-enditem|p2a: Miraidon|Electric Seed\n|-boost|p2a: Miraidon|def|1|[from] item: Electric Seed\n|turn|1\n|j| Avocado88\n|inactive|Yung Trav has 30 seconds left.\n|\n|t:|1737567945\n|-terastallize|p2a: Miraidon|Fairy\n|move|p2b: Grimmsnarl|Fake Out|p1a: Calyrex\n|-damage|p1a: Calyrex|93\/100\n|move|p1b: Smeargle|Fake Out|p2a: Miraidon\n|-damage|p2a: Miraidon|98\/100\n|cant|p2a: Miraidon|flinch\n|cant|p1a: Calyrex|flinch\n|\n|upkeep\n|turn|2\n|l| Avocado88\n|\n|t:|1737567967\n|move|p1b: Smeargle|Follow Me|p1b: Smeargle\n|-singleturn|p1b: Smeargle|move: Follow Me\n|move|p2b: Grimmsnarl|Reflect|p2b: Grimmsnarl\n|-sidestart|p2: kattikaaa|Reflect\n|move|p2a: Miraidon|Calm Mind|p2a: Miraidon\n|-boost|p2a: Miraidon|spa|1\n|-boost|p2a: Miraidon|spd|1\n|move|p1a: Calyrex|Trick Room|p1a: Calyrex\n|-fieldstart|move: Trick Room|[of] p1a: Calyrex\n|\n|upkeep\n|turn|3\n|j| Avocado88\n|\n|t:|1737567988\n|move|p2b: Grimmsnarl|Light Screen|p2b: Grimmsnarl\n|-sidestart|p2: kattikaaa|move: Light Screen\n|move|p1b: Smeargle|Decorate|p1a: Calyrex\n|-boost|p1a: Calyrex|atk|2\n|-boost|p1a: Calyrex|spa|2\n|move|p1a: Calyrex|Glacial Lance|p2a: Miraidon|[spread] p2a,p2b\n|-damage|p2a: Miraidon|53\/100\n|-damage|p2b: Grimmsnarl|15\/100\n|move|p2a: Miraidon|Calm Mind|p2a: Miraidon\n|-boost|p2a: Miraidon|spa|1\n|-boost|p2a: Miraidon|spd|1\n|\n|upkeep\n|turn|4\n|l| Avocado88\n|inactive|Yung Trav has 30 seconds left.\n|inactive|kattikaaa has 30 seconds left.\n|inactive|kattikaaa has 20 seconds left.\n|inactive|kattikaaa has 15 seconds left.\n|inactive|kattikaaa has 10 seconds left.\n|\n|t:|1737568036\n|switch|p2b: Iron Moth|Iron Moth, L50|100\/100\n|-activate|p2b: Iron Moth|ability: Quark Drive\n|-start|p2b: Iron Moth|quarkdrivespa\n|move|p2a: Miraidon|Protect|p2a: Miraidon\n|-singleturn|p2a: Miraidon|Protect\n|move|p1b: Smeargle|Decorate|p1a: Calyrex\n|-boost|p1a: Calyrex|atk|2\n|-boost|p1a: Calyrex|spa|2\n|move|p1a: Calyrex|Glacial Lance|p2b: Iron Moth|[spread] p2b\n|-activate|p2a: Miraidon|move: Protect\n|-resisted|p2b: Iron Moth\n|-damage|p2b: Iron Moth|0 fnt\n|faint|p2b: Iron Moth\n|-end|p2b: Iron Moth|Quark Drive|[silent]\n|-ability|p1a: Calyrex|Chilling Neigh|boost\n|-boost|p1a: Calyrex|atk|1\n|\n|upkeep\n|\n|t:|1737568053\n|switch|p2b: Grimmsnarl|Grimmsnarl, L50, M|15\/100\n|turn|5\n|inactive|Yung Trav has 30 seconds left.\n|inactive|kattikaaa has 30 seconds left.\n|inactive|Yung Trav has 20 seconds left.\n|inactive|Yung Trav has 15 seconds left.\n|\n|t:|1737568098\n|move|p2b: Grimmsnarl|Fake Out|p1a: Calyrex\n|-damage|p1a: Calyrex|86\/100\n|move|p1b: Smeargle|Follow Me|p1b: Smeargle\n|-singleturn|p1b: Smeargle|move: Follow Me\n|cant|p1a: Calyrex|flinch\n|move|p2a: Miraidon|Parabolic Charge|p1b: Smeargle|[spread] p2b,p1a,p1b\n|-damage|p2b: Grimmsnarl|0 fnt\n|-heal|p2a: Miraidon|60\/100|[from] drain|[of] p2b: Grimmsnarl\n|-damage|p1a: Calyrex|25\/100\n|-heal|p2a: Miraidon|90\/100|[from] drain|[of] p1a: Calyrex\n|-enditem|p1b: Smeargle|Focus Sash\n|-damage|p1b: Smeargle|1\/100\n|-heal|p2a: Miraidon|100\/100|[from] drain|[of] p1b: Smeargle\n|faint|p2b: Grimmsnarl\n|\n|-fieldend|move: Electric Terrain\n|upkeep\n|\n|t:|1737568117\n|switch|p2b: Ogerpon|Ogerpon-Cornerstone, L50, F|100\/100\n|turn|6\n|j| ChilledLotusA\n|\n|t:|1737568137\n|switch|p1b: Ogerpon|Ogerpon-Cornerstone, L50, F|100\/100\n|move|p2a: Miraidon|Protect|p2a: Miraidon\n|-singleturn|p2a: Miraidon|Protect\n|move|p2b: Ogerpon|Spiky Shield|p2b: Ogerpon\n|-singleturn|p2b: Ogerpon|move: Protect\n|move|p1a: Calyrex|Glacial Lance|p2a: Miraidon|[spread] \n|-activate|p2a: Miraidon|move: Protect\n|-activate|p2b: Ogerpon|move: Protect\n|\n|-fieldend|move: Trick Room\n|upkeep\n|turn|7\n|l| ChilledLotusA\n|inactive|Yung Trav has 30 seconds left.\n|inactive|kattikaaa has 30 seconds left.\n|inactive|kattikaaa has 20 seconds left.\n|inactive|kattikaaa has 15 seconds left.\n|inactive|kattikaaa has 10 seconds left.\n|\n|t:|1737568183\n|move|p1a: Calyrex|Protect|p1a: Calyrex\n|-singleturn|p1a: Calyrex|Protect\n|move|p1b: Ogerpon|Ivy Cudgel|p2b: Ogerpon|[anim] Ivy Cudgel Rock\n|-damage|p2b: Ogerpon|48\/100\n|move|p2b: Ogerpon|Ivy Cudgel|p1b: Ogerpon|[anim] Ivy Cudgel Rock\n|-damage|p1b: Ogerpon|11\/100\n|move|p2a: Miraidon|Dazzling Gleam|p1a: Calyrex|[spread] p1b\n|-activate|p1a: Calyrex|move: Protect\n|-damage|p1b: Ogerpon|0 fnt\n|faint|p1b: Ogerpon\n|\n|upkeep\n|\n|t:|1737568201\n|switch|p1b: Regidrago|Regidrago, L50, shiny|100\/100\n|turn|8\n|-message|Yung Trav forfeited.\n|\n|win|kattikaaa\n|raw|Yung Trav's rating: 1594 &rarr; <strong>1572<\/strong><br \/>(-22 for losing)\n|raw|kattikaaa's rating: 1554 &rarr; <strong>1576<\/strong><br \/>(+22 for winning)\n|l|\u203dYung Trav\n|player|p1|\n|l|\u2606kattikaaa\n|player|p2|\n|l| UI Rain\n","uploadtime":1737568382,"views":22,"formatid":"gen9vgc2025regg","rating":1572,"private":0,"password":null}