{"id":"gen9vgc2025regg-2286022166","format":"[Gen 9] VGC 2025 Reg G","players":["tz999","Yung Trav"],"log":"|j|\u2606tz999\n|j|\u203dYung Trav\n|t:|1737560216\n|gametype|doubles\n|player|p1|tz999|169|1540\n|player|p2|Yung Trav|266|1651\n|teamsize|p1|6\n|teamsize|p2|6\n|gen|9\n|tier|[Gen 9] VGC 2025 Reg G\n|rated|\n|rule|Species Clause: Limit one of each Pok\u00e9mon\n|rule|Item Clause: Limit 1 of each item\n|clearpoke\n|poke|p1|Calyrex-Ice, L50|\n|poke|p1|Ogerpon-Hearthflame, L50, F|\n|poke|p1|Chandelure, L50, M|\n|poke|p1|Landorus, L50, M|\n|poke|p1|Farigiraf, L50, F|\n|poke|p1|Urshifu-*, L50, M|\n|poke|p2|Calyrex-Ice, L50|\n|poke|p2|Regidrago, L50|\n|poke|p2|Smeargle, L50, M|\n|poke|p2|Farigiraf, L50, M|\n|poke|p2|Urshifu-*, L50, M|\n|poke|p2|Ogerpon-Cornerstone, L50, F|\n|teampreview|4\n|\n|t:|1737560242\n|start\n|switch|p1a: Urshifu|Urshifu-Rapid-Strike, L50, M|100\/100\n|switch|p1b: Farigiraf|Farigiraf, L50, F|100\/100\n|switch|p2a: Calyrex|Calyrex-Ice, L50|100\/100\n|switch|p2b: Urshifu|Urshifu, L50, M|100\/100\n|-ability|p2a: Calyrex|As One\n|-ability|p2a: Calyrex|Unnerve\n|turn|1\n|\n|t:|1737560276\n|-terastallize|p2a: Calyrex|Water\n|move|p2b: Urshifu|Wicked Blow|p1b: Farigiraf\n|-supereffective|p1b: Farigiraf\n|-crit|p1b: Farigiraf\n|-damage|p1b: Farigiraf|0 fnt\n|-damage|p2b: Urshifu|84\/100|[from] item: Rocky Helmet|[of] p1b: Farigiraf\n|faint|p1b: Farigiraf\n|move|p1a: Urshifu|Surging Strikes|p2a: Calyrex\n|-resisted|p2a: Calyrex\n|-crit|p2a: Calyrex\n|-damage|p2a: Calyrex|94\/100\n|-resisted|p2a: Calyrex\n|-crit|p2a: Calyrex\n|-damage|p2a: Calyrex|87\/100\n|-resisted|p2a: Calyrex\n|-crit|p2a: Calyrex\n|-damage|p2a: Calyrex|79\/100\n|-hitcount|p2a: Calyrex|3\n|move|p2a: Calyrex|Glacial Lance|p1a: Urshifu\n|-resisted|p1a: Urshifu\n|-damage|p1a: Urshifu|59\/100\n|\n|upkeep\n|\n|t:|1737560293\n|switch|p1b: Landorus|Landorus, L50, M|100\/100\n|turn|2\n|\n|t:|1737560308\n|-terastallize|p1a: Urshifu|Stellar\n|move|p1b: Landorus|Sandsear Storm|p2a: Calyrex|[spread] p2a,p2b\n|-damage|p2a: Calyrex|43\/100\n|-damage|p2b: Urshifu|12\/100\n|move|p2b: Urshifu|Wicked Blow|p1a: Urshifu\n|-resisted|p1a: Urshifu\n|-crit|p1a: Urshifu\n|-damage|p1a: Urshifu|29\/100\n|move|p1a: Urshifu|Close Combat|p2a: Calyrex\n|-damage|p2a: Calyrex|0 fnt\n|-unboost|p1a: Urshifu|def|1\n|-unboost|p1a: Urshifu|spd|1\n|faint|p2a: Calyrex\n|\n|upkeep\n|\n|t:|1737560339\n|switch|p2a: Smeargle|Smeargle, L50, M, shiny|100\/100\n|turn|3\n|\n|t:|1737560348\n|move|p2a: Smeargle|Fake Out|p1b: Landorus\n|-damage|p1b: Landorus|95\/100\n|move|p1a: Urshifu|Aqua Jet|p2b: Urshifu\n|-damage|p2b: Urshifu|0 fnt\n|faint|p2b: Urshifu\n|cant|p1b: Landorus|flinch\n|\n|upkeep\n|\n|t:|1737560356\n|switch|p2b: Ogerpon|Ogerpon-Cornerstone, L50, F|100\/100\n|turn|4\n|\n|t:|1737560369\n|switch|p1b: Calyrex|Calyrex-Ice, L50|100\/100\n|-ability|p1b: Calyrex|As One\n|-ability|p1b: Calyrex|Unnerve\n|move|p1a: Urshifu|Detect|p1a: Urshifu\n|-singleturn|p1a: Urshifu|Protect\n|move|p2b: Ogerpon|Power Whip|p1b: Calyrex\n|-damage|p1b: Calyrex|58\/100\n|move|p2a: Smeargle|Spore|p1a: Urshifu\n|-activate|p1a: Urshifu|move: Protect\n|\n|upkeep\n|turn|5\n|\n|t:|1737560404\n|move|p2a: Smeargle|Follow Me|p2a: Smeargle\n|-singleturn|p2a: Smeargle|move: Follow Me\n|move|p1a: Urshifu|Aqua Jet|p2a: Smeargle\n|-damage|p2a: Smeargle|68\/100\n|move|p2b: Ogerpon|Ivy Cudgel|p1b: Calyrex|[anim] Ivy Cudgel Rock\n|-supereffective|p1b: Calyrex\n|-damage|p1b: Calyrex|0 fnt\n|faint|p1b: Calyrex\n|\n|upkeep\n|\n|t:|1737560412\n|switch|p1b: Landorus|Landorus, L50, M|95\/100\n|turn|6\n|\n|t:|1737560437\n|move|p1a: Urshifu|Detect|p1a: Urshifu\n|-singleturn|p1a: Urshifu|Protect\n|move|p2a: Smeargle|Follow Me|p2a: Smeargle\n|-singleturn|p2a: Smeargle|move: Follow Me\n|move|p1b: Landorus|Sludge Bomb|p2a: Smeargle\n|-damage|p2a: Smeargle|0 fnt\n|faint|p2a: Smeargle\n|move|p2b: Ogerpon|Power Whip|p1b: Landorus\n|-damage|p1b: Landorus|7\/100\n|\n|upkeep\n|turn|7\n|\n|t:|1737560456\n|move|p1a: Urshifu|Aqua Jet|p2b: Ogerpon\n|-damage|p2b: Ogerpon|68\/100\n|move|p1b: Landorus|Sludge Bomb|p2b: Ogerpon\n|-damage|p2b: Ogerpon|15\/100\n|move|p2b: Ogerpon|Ivy Cudgel|p1b: Landorus|[anim] Ivy Cudgel Rock\n|-damage|p1b: Landorus|0 fnt\n|faint|p1b: Landorus\n|\n|upkeep\n|turn|8\n|\n|t:|1737560473\n|move|p1a: Urshifu|Aqua Jet|p2b: Ogerpon\n|-damage|p2b: Ogerpon|0 fnt\n|faint|p2b: Ogerpon\n|\n|win|tz999\n|raw|tz999's rating: 1540 &rarr; <strong>1566<\/strong><br \/>(+26 for winning)\n|raw|Yung Trav's rating: 1651 &rarr; <strong>1625<\/strong><br \/>(-26 for losing)\n|l|\u2606tz999\n|player|p1|\n|l|\u203dYung Trav\n|player|p2|\n","uploadtime":1737560688,"views":11,"formatid":"gen9vgc2025regg","rating":1566,"private":0,"password":null}