{"id":"gen9vgc2025regg-2286870497","format":"[Gen 9] VGC 2025 Reg G","players":["DrRadicalWHY","Acblade"],"log":"|j|\u2606DrRadicalWHY\n|j|\u2606Acblade\n|t:|1737663161\n|gametype|doubles\n|player|p1|DrRadicalWHY|rocketgrunt|1589\n|player|p2|Acblade|lucas|1582\n|teamsize|p1|6\n|teamsize|p2|6\n|gen|9\n|tier|[Gen 9] VGC 2025 Reg G\n|rated|\n|rule|Species Clause: Limit one of each Pok\u00e9mon\n|rule|Item Clause: Limit 1 of each item\n|clearpoke\n|poke|p1|Landorus, L50, M|\n|poke|p1|Sylveon, L50, M|\n|poke|p1|Kyogre, L50|\n|poke|p1|Regieleki, L50|\n|poke|p1|Indeedee-F, L50, F|\n|poke|p1|Tornadus, L50, M|\n|poke|p2|Tornadus, L50, M|\n|poke|p2|Chi-Yu, L50|\n|poke|p2|Flutter Mane, L50|\n|poke|p2|Koraidon, L50|\n|poke|p2|Raging Bolt, L50|\n|poke|p2|Farigiraf, L50, M|\n|teampreview|4\n|inactive|Battle timer is ON: inactive players will automatically lose when time's up. (requested by Acblade)\n|\n|t:|1737663182\n|start\n|switch|p1a: Sylveon|Sylveon, L50, M|100\/100\n|switch|p1b: Indeedee|Indeedee-F, L50, F|100\/100\n|switch|p2a: Tornadus|Tornadus, L50, M|100\/100\n|switch|p2b: Koraidon|Koraidon, L50|100\/100\n|-weather|SunnyDay|[from] ability: Orichalcum Pulse|[of] p2b: Koraidon\n|-activate|p2b: Koraidon|Orichalcum Pulse|[source]\n|-fieldstart|move: Psychic Terrain|[from] ability: Psychic Surge|[of] p1b: Indeedee\n|-enditem|p1b: Indeedee|Psychic Seed\n|-boost|p1b: Indeedee|spd|1|[from] item: Psychic Seed\n|turn|1\n|inactive|DrRadicalWHY has 30 seconds left.\n|\n|t:|1737663214\n|switch|p1a: Kyogre|Kyogre, L50|100\/100\n|-weather|RainDance|[from] ability: Drizzle|[of] p1a: Kyogre\n|move|p2b: Koraidon|U-turn|p1b: Indeedee\n|-supereffective|p1b: Indeedee\n|-damage|p1b: Indeedee|12\/100\n|\n|t:|1737663222\n|switch|p2b: Chi-Yu|Chi-Yu, L50|100\/100|[from] U-turn\n|-ability|p2b: Chi-Yu|Beads of Ruin\n|move|p2a: Tornadus|Weather Ball|p1b: Indeedee\n|-damage|p1b: Indeedee|0 fnt\n|faint|p1b: Indeedee\n|\n|-weather|RainDance|[upkeep]\n|upkeep\n|\n|t:|1737663234\n|switch|p1b: Sylveon|Sylveon, L50, M|100\/100\n|turn|2\n|\n|t:|1737663251\n|switch|p1a: Landorus|Landorus, L50, M|100\/100\n|move|p2a: Tornadus|Sunny Day|p2a: Tornadus\n|-weather|SunnyDay\n|move|p2b: Chi-Yu|Overheat|p1b: Sylveon\n|-damage|p1b: Sylveon|0 fnt\n|-unboost|p2b: Chi-Yu|spa|2\n|faint|p1b: Sylveon\n|\n|-weather|SunnyDay|[upkeep]\n|upkeep\n|\n|t:|1737663262\n|switch|p1b: Kyogre|Kyogre, L50|100\/100\n|-weather|RainDance|[from] ability: Drizzle|[of] p1b: Kyogre\n|turn|3\n|\n|t:|1737663271\n|move|p2a: Tornadus|Tailwind|p2a: Tornadus\n|-sidestart|p2: Acblade|move: Tailwind\n|move|p2b: Chi-Yu|Overheat|p1a: Landorus\n|-damage|p1a: Landorus|72\/100\n|-unboost|p2b: Chi-Yu|spa|2\n|move|p1a: Landorus|Sludge Bomb|p2a: Tornadus\n|-enditem|p2a: Tornadus|Focus Sash\n|-damage|p2a: Tornadus|1\/100\n|move|p1b: Kyogre|Water Spout|p2a: Tornadus|[spread] p2a,p2b\n|-supereffective|p2b: Chi-Yu\n|-crit|p2b: Chi-Yu\n|-damage|p2a: Tornadus|0 fnt\n|-damage|p2b: Chi-Yu|0 fnt\n|faint|p2a: Tornadus\n|faint|p2b: Chi-Yu\n|\n|-weather|RainDance|[upkeep]\n|upkeep\n|\n|t:|1737663283\n|switch|p2a: Flutter Mane|Flutter Mane, L50|100\/100\n|switch|p2b: Koraidon|Koraidon, L50|100\/100\n|-weather|SunnyDay|[from] ability: Orichalcum Pulse|[of] p2b: Koraidon\n|-activate|p2a: Flutter Mane|ability: Protosynthesis\n|-start|p2a: Flutter Mane|protosynthesisspe\n|-activate|p2b: Koraidon|Orichalcum Pulse|[source]\n|turn|4\n|\n|t:|1737663301\n|-terastallize|p2a: Flutter Mane|Fairy\n|move|p1a: Landorus|Protect|p1a: Landorus\n|-singleturn|p1a: Landorus|Protect\n|move|p2a: Flutter Mane|Dazzling Gleam|p1b: Kyogre|[spread] p1b\n|-activate|p1a: Landorus|move: Protect\n|-damage|p1b: Kyogre|67\/100\n|move|p2b: Koraidon|Collision Course|p1a: Landorus\n|-activate|p1a: Landorus|move: Protect\n|move|p1b: Kyogre|Ice Beam|p2b: Koraidon\n|-supereffective|p2b: Koraidon\n|-damage|p2b: Koraidon|17\/100\n|\n|-weather|SunnyDay|[upkeep]\n|upkeep\n|turn|5\n|\n|t:|1737663323\n|move|p2a: Flutter Mane|Dazzling Gleam|p1b: Kyogre|[spread] p1a,p1b\n|-damage|p1a: Landorus|0 fnt\n|-damage|p1b: Kyogre|36\/100\n|faint|p1a: Landorus\n|move|p2b: Koraidon|Collision Course|p1b: Kyogre\n|-damage|p1b: Kyogre|0 fnt\n|faint|p1b: Kyogre\n|\n|win|Acblade\n|raw|DrRadicalWHY's rating: 1589 &rarr; <strong>1569<\/strong><br \/>(-20 for losing)\n|raw|Acblade's rating: 1582 &rarr; <strong>1602<\/strong><br \/>(+20 for winning)\n|l|\u2606Acblade\n|player|p2|\n|l|\u2606DrRadicalWHY\n|player|p1|\n","uploadtime":1737663506,"views":7,"formatid":"gen9vgc2025regg","rating":1569,"private":0,"password":null}