{"id":"gen9vgc2025regg-2286552474","format":"[Gen 9] VGC 2025 Reg G","players":["fuleya","ssbutan"],"log":"|j|\u2606fuleya\n|j|\u2606ssbutan\n|t:|1737626719\n|gametype|doubles\n|player|p1|fuleya|101|1607\n|player|p2|ssbutan|camper|1649\n|teamsize|p1|6\n|teamsize|p2|6\n|gen|9\n|tier|[Gen 9] VGC 2025 Reg G\n|rated|\n|rule|Species Clause: Limit one of each Pok\u00e9mon\n|rule|Item Clause: Limit 1 of each item\n|clearpoke\n|poke|p1|Incineroar, L50, F|\n|poke|p1|Rillaboom, L50, M|\n|poke|p1|Urshifu-*, L50, F|\n|poke|p1|Calyrex-Ice, L50|\n|poke|p1|Pelipper, L50, F|\n|poke|p1|Raging Bolt, L50|\n|poke|p2|Calyrex-Ice, L50|\n|poke|p2|Cresselia, L50, F|\n|poke|p2|Rillaboom, L50, M|\n|poke|p2|Urshifu-*, L50, M|\n|poke|p2|Ting-Lu, L50|\n|poke|p2|Goodra-Hisui, L50, M|\n|teampreview|4\n|inactive|Battle timer is ON: inactive players will automatically lose when time's up. (requested by ssbutan)\n|inactive|fuleya has 60 seconds left.\nssbutan rejected open team sheets.\n|\n|t:|1737626753\n|start\n|switch|p1a: Incineroar|Incineroar, L50, F|100\/100\n|switch|p1b: Calyrex|Calyrex-Ice, L50|100\/100\n|switch|p2a: Calyrex|Calyrex-Ice, L50|100\/100\n|switch|p2b: Cresselia|Cresselia, L50, F|100\/100\n|-ability|p1b: Calyrex|As One\n|-ability|p1b: Calyrex|Unnerve\n|-ability|p2a: Calyrex|As One\n|-ability|p2a: Calyrex|Unnerve\n|-ability|p1a: Incineroar|Intimidate|boost\n|-unboost|p2a: Calyrex|atk|1\n|-unboost|p2b: Cresselia|atk|1\n|turn|1\n|\n|t:|1737626765\n|move|p1a: Incineroar|Fake Out|p2a: Calyrex\n|-damage|p2a: Calyrex|94\/100\n|move|p2b: Cresselia|Thunder Wave|p1b: Calyrex\n|-status|p1b: Calyrex|par\n|cant|p2a: Calyrex|flinch\n|move|p1b: Calyrex|Glacial Lance|p2a: Calyrex|[spread] p2a,p2b\n|-resisted|p2a: Calyrex\n|-damage|p2a: Calyrex|80\/100\n|-damage|p2b: Cresselia|71\/100\n|\n|-heal|p2a: Calyrex|86\/100|[from] item: Leftovers\n|upkeep\n|turn|2\n|inactive|ssbutan has 30 seconds left.\n|\n|t:|1737626793\n|move|p2b: Cresselia|Thunder Wave|p1a: Incineroar\n|-status|p1a: Incineroar|par\n|move|p2a: Calyrex|Leech Seed|p1b: Calyrex\n|-start|p1b: Calyrex|move: Leech Seed\n|move|p1a: Incineroar|Will-O-Wisp|p2a: Calyrex\n|-status|p2a: Calyrex|brn\n|move|p1b: Calyrex|Glacial Lance|p2a: Calyrex|[spread] p2a,p2b\n|-resisted|p2a: Calyrex\n|-damage|p2a: Calyrex|71\/100 brn\n|-damage|p2b: Cresselia|42\/100\n|\n|-heal|p2a: Calyrex|76\/100 brn|[from] item: Leftovers\n|-damage|p1b: Calyrex|88\/100 par|[from] Leech Seed|[of] p2a: Calyrex\n|-heal|p2a: Calyrex|88\/100 brn|[silent]\n|-damage|p2a: Calyrex|83\/100 brn|[from] brn\n|upkeep\n|turn|3\n|j| aimyon36\n|l| aimyon36\n|inactive|fuleya has 30 seconds left.\n|\n|t:|1737626821\n|move|p2b: Cresselia|Lunar Blessing|p2b: Cresselia|[spread] p2a,p2b\n|-heal|p2a: Calyrex|100\/100 brn\n|-curestatus|p2a: Calyrex|brn|[msg]\n|-heal|p2b: Cresselia|67\/100\n|move|p2a: Calyrex|Body Press|p1a: Incineroar\n|-supereffective|p1a: Incineroar\n|-damage|p1a: Incineroar|47\/100 par\n|move|p1a: Incineroar|Parting Shot|p2a: Calyrex\n|-unboost|p2a: Calyrex|atk|1\n|-unboost|p2a: Calyrex|spa|1\n|\n|t:|1737626832\n|switch|p1a: Urshifu|Urshifu-Rapid-Strike, L50, F|100\/100|[from] Parting Shot\n|move|p1b: Calyrex|Glacial Lance|p2a: Calyrex|[spread] p2a,p2b\n|-resisted|p2a: Calyrex\n|-damage|p2a: Calyrex|86\/100\n|-damage|p2b: Cresselia|37\/100\n|\n|-heal|p2a: Calyrex|92\/100|[from] item: Leftovers\n|-damage|p1b: Calyrex|76\/100 par|[from] Leech Seed|[of] p2a: Calyrex\n|-heal|p2a: Calyrex|100\/100|[silent]\n|upkeep\n|turn|4\n|inactive|ssbutan has 30 seconds left.\n|\n|t:|1737626859\n|switch|p2b: Goodra|Goodra-Hisui, L50, M|100\/100\n|-terastallize|p1a: Urshifu|Water\n|move|p1a: Urshifu|Surging Strikes|p2a: Calyrex\n|-crit|p2a: Calyrex\n|-damage|p2a: Calyrex|85\/100\n|-crit|p2a: Calyrex\n|-damage|p2a: Calyrex|70\/100\n|-crit|p2a: Calyrex\n|-damage|p2a: Calyrex|53\/100\n|-hitcount|p2a: Calyrex|3\n|move|p2a: Calyrex|Leech Seed|p1a: Urshifu|[miss]\n|-miss|p2a: Calyrex|p1a: Urshifu\n|cant|p1b: Calyrex|par\n|\n|-heal|p2a: Calyrex|59\/100|[from] item: Leftovers\n|-damage|p1b: Calyrex|64\/100 par|[from] Leech Seed|[of] p2a: Calyrex\n|-heal|p2a: Calyrex|71\/100|[silent]\n|upkeep\n|turn|5\n|inactive|fuleya has 30 seconds left.\n|inactive|ssbutan has 30 seconds left.\n|\n|t:|1737626890\n|switch|p2a: Urshifu|Urshifu-Rapid-Strike, L50, M|100\/100\n|move|p1a: Urshifu|Surging Strikes|p2a: Urshifu\n|-resisted|p2a: Urshifu\n|-crit|p2a: Urshifu\n|-damage|p2a: Urshifu|84\/100\n|-resisted|p2a: Urshifu\n|-crit|p2a: Urshifu\n|-damage|p2a: Urshifu|69\/100\n|-resisted|p2a: Urshifu\n|-crit|p2a: Urshifu\n|-damage|p2a: Urshifu|54\/100\n|-hitcount|p2a: Urshifu|3\n|move|p2b: Goodra|Thunderbolt|p1a: Urshifu\n|-supereffective|p1a: Urshifu\n|-damage|p1a: Urshifu|30\/100\n|move|p1b: Calyrex|Glacial Lance|p2b: Goodra|[spread] p2a,p2b\n|-resisted|p2a: Urshifu\n|-damage|p2a: Urshifu|24\/100\n|-damage|p2b: Goodra|59\/100\n|\n|-damage|p1b: Calyrex|52\/100 par|[from] Leech Seed|[of] p2a: Urshifu\n|-heal|p2a: Urshifu|38\/100|[silent]\n|upkeep\n|turn|6\n|inactive|ssbutan has 30 seconds left.\n|inactive|ssbutan has 20 seconds left.\n|\n|t:|1737626927\n|switch|p1a: Incineroar|Incineroar, L50, F|47\/100 par\n|-ability|p1a: Incineroar|Intimidate|boost\n|-unboost|p2a: Urshifu|atk|1\n|-unboost|p2b: Goodra|atk|1\n|move|p2a: Urshifu|Close Combat|p1a: Incineroar\n|-supereffective|p1a: Incineroar\n|-damage|p1a: Incineroar|0 fnt\n|-unboost|p2a: Urshifu|def|1\n|-unboost|p2a: Urshifu|spd|1\n|faint|p1a: Incineroar\n|move|p2b: Goodra|Life Dew|p2b: Goodra|[spread] p2a,p2b\n|-heal|p2a: Urshifu|63\/100\n|-heal|p2b: Goodra|84\/100\n|move|p1b: Calyrex|Trick Room|p1b: Calyrex\n|-fieldstart|move: Trick Room|[of] p1b: Calyrex\n|\n|-damage|p1b: Calyrex|40\/100 par|[from] Leech Seed|[of] p2a: Urshifu\n|-heal|p2a: Urshifu|77\/100|[silent]\n|upkeep\n|\n|t:|1737626940\n|switch|p1a: Pelipper|Pelipper, L50, F|100\/100\n|-weather|RainDance|[from] ability: Drizzle|[of] p1a: Pelipper\n|turn|7\n|inactive|ssbutan has 30 seconds left.\n|\n|t:|1737626965\n|switch|p2a: Calyrex|Calyrex-Ice, L50|71\/100\n|-ability|p2a: Calyrex|As One\n|-ability|p2a: Calyrex|Unnerve\n|move|p1b: Calyrex|High Horsepower|p2b: Goodra\n|-supereffective|p2b: Goodra\n|-damage|p2b: Goodra|26\/100\n|-damage|p1b: Calyrex|24\/100 par|[from] item: Rocky Helmet|[of] p2b: Goodra\n|-ability|p2b: Goodra|Gooey\n|-fail|p1b: Calyrex|unboost|[from] item: Clear Amulet|[of] p1b: Calyrex\n|move|p2b: Goodra|Thunderbolt|p1a: Pelipper\n|-supereffective|p1a: Pelipper\n|-enditem|p1a: Pelipper|Focus Sash\n|-damage|p1a: Pelipper|1\/100\n|move|p1a: Pelipper|Hurricane|p2a: Calyrex\n|-damage|p2a: Calyrex|43\/100\n|\n|-weather|RainDance|[upkeep]\n|-heal|p2a: Calyrex|49\/100|[from] item: Leftovers\n|-damage|p1b: Calyrex|12\/100 par|[from] Leech Seed|[of] p2a: Calyrex\n|-heal|p2a: Calyrex|61\/100|[silent]\n|upkeep\n|turn|8\n|inactive|ssbutan has 30 seconds left.\n|inactive|ssbutan has 20 seconds left.\n|inactive|ssbutan has 15 seconds left.\n|\n|t:|1737627006\n|cant|p1b: Calyrex|par\n|move|p2a: Calyrex|Glacial Lance|p1b: Calyrex|[spread] p1a,p1b\n|-resisted|p1b: Calyrex\n|-damage|p1a: Pelipper|0 fnt\n|-damage|p1b: Calyrex|0 fnt\n|faint|p1a: Pelipper\n|faint|p1b: Calyrex\n|-ability|p2a: Calyrex|Chilling Neigh|boost\n|-boost|p2a: Calyrex|atk|2\n|move|p2b: Goodra|Thunderbolt|p1: Pelipper|[notarget]\n|-fail|p2b: Goodra\n|\n|-weather|RainDance|[upkeep]\n|-heal|p2a: Calyrex|67\/100|[from] item: Leftovers\n|upkeep\n|-message|fuleya forfeited.\n|\n|win|ssbutan\n|raw|fuleya's rating: 1607 &rarr; <strong>1589<\/strong><br \/>(-18 for losing)\n|raw|ssbutan's rating: 1649 &rarr; <strong>1667<\/strong><br \/>(+18 for winning)\n|l|\u2606fuleya\n|player|p1|\n|l|\u2606ssbutan\n|player|p2|\n|j| Kal0stest\n","uploadtime":1737627230,"views":12,"formatid":"gen9vgc2025regg","rating":1589,"private":0,"password":null}