{"id":"gen9vgc2025regg-2286668478","format":"[Gen 9] VGC 2025 Reg G","players":["oyo wow","Geezerlad45"],"log":"|j|\u2606oyo wow\n|j|\u2606Geezerlad45\n|t:|1737643354\n|gametype|doubles\n|player|p1|oyo wow|rosa|1555\n|player|p2|Geezerlad45|cynthia-gen4|1578\n|teamsize|p1|6\n|teamsize|p2|6\n|gen|9\n|tier|[Gen 9] VGC 2025 Reg G\n|rated|\n|rule|Species Clause: Limit one of each Pok\u00e9mon\n|rule|Item Clause: Limit 1 of each item\n|clearpoke\n|poke|p1|Kyurem-Black, L50|\n|poke|p1|Flutter Mane, L50|\n|poke|p1|Moltres, L50|\n|poke|p1|Iron Valiant, L50|\n|poke|p1|Raging Bolt, L50|\n|poke|p1|Ogerpon-Wellspring, L50, F|\n|poke|p2|Zamazenta-*, L50|\n|poke|p2|Chien-Pao, L50|\n|poke|p2|Flutter Mane, L50|\n|poke|p2|Raging Bolt, L50|\n|poke|p2|Amoonguss, L50, F|\n|poke|p2|Chi-Yu, L50|\n|teampreview|4\n|inactive|Battle timer is ON: inactive players will automatically lose when time's up. (requested by Geezerlad45)\n|inactive|oyo wow also wants the timer to be on.\n|\n|t:|1737643379\n|start\n|switch|p1a: Flutter Mane|Flutter Mane, L50, shiny|100\/100\n|switch|p1b: Raging Bolt|Raging Bolt, L50|100\/100\n|switch|p2a: Chi-Yu|Chi-Yu, L50|100\/100\n|switch|p2b: Flutter Mane|Flutter Mane, L50|100\/100\n|-ability|p2a: Chi-Yu|Beads of Ruin\n|-enditem|p2b: Flutter Mane|Booster Energy\n|-activate|p2b: Flutter Mane|ability: Protosynthesis|[fromitem]\n|-start|p2b: Flutter Mane|protosynthesisspe\n|turn|1\n|\n|t:|1737643398\n|move|p1a: Flutter Mane|Protect|p1a: Flutter Mane\n|-singleturn|p1a: Flutter Mane|Protect\n|move|p2b: Flutter Mane|Moonblast|p1b: Raging Bolt\n|-supereffective|p1b: Raging Bolt\n|-damage|p1b: Raging Bolt|41\/100\n|move|p2a: Chi-Yu|Dark Pulse|p1b: Raging Bolt\n|-damage|p1b: Raging Bolt|11\/100\n|move|p1b: Raging Bolt|Electroweb|p2a: Chi-Yu|[spread] p2a,p2b\n|-damage|p2a: Chi-Yu|77\/100\n|-damage|p2b: Flutter Mane|74\/100\n|-unboost|p2a: Chi-Yu|spe|1\n|-unboost|p2b: Flutter Mane|spe|1\n|\n|upkeep\n|turn|2\n|\n|t:|1737643418\n|-terastallize|p2b: Flutter Mane|Grass\n|move|p1b: Raging Bolt|Thunderclap|p2b: Flutter Mane\n|-resisted|p2b: Flutter Mane\n|-damage|p2b: Flutter Mane|50\/100\n|move|p1a: Flutter Mane|Shadow Ball|p2b: Flutter Mane\n|-damage|p2b: Flutter Mane|0 fnt\n|faint|p2b: Flutter Mane\n|-end|p2b: Flutter Mane|Protosynthesis|[silent]\n|move|p2a: Chi-Yu|Dark Pulse|p1b: Raging Bolt\n|-damage|p1b: Raging Bolt|0 fnt\n|faint|p1b: Raging Bolt\n|-end|p1b: Raging Bolt|Protosynthesis|[silent]\n|\n|upkeep\n|\n|t:|1737643433\n|switch|p2b: Zamazenta|Zamazenta-Crowned, L50|100\/100\n|switch|p1b: Kyurem|Kyurem-Black, L50, shiny|100\/100\n|-ability|p2b: Zamazenta|Dauntless Shield|boost\n|-boost|p2b: Zamazenta|def|1\n|-ability|p1b: Kyurem|Teravolt\n|turn|3\n|\n|t:|1737643445\n|-end|p1a: Flutter Mane|Protosynthesis|[silent]\n|switch|p1a: Moltres|Moltres, L50, shiny|100\/100\n|-terastallize|p1b: Kyurem|Fairy\n|move|p2b: Zamazenta|Body Press|p1b: Kyurem\n|-resisted|p1b: Kyurem\n|-damage|p1b: Kyurem|72\/100\n|move|p2a: Chi-Yu|Dark Pulse|p1a: Moltres\n|-damage|p1a: Moltres|36\/100\n|move|p1b: Kyurem|Scale Shot|p2a: Chi-Yu\n|-damage|p2a: Chi-Yu|52\/100\n|-crit|p2a: Chi-Yu\n|-damage|p2a: Chi-Yu|18\/100\n|-damage|p2a: Chi-Yu|0 fnt\n|faint|p2a: Chi-Yu\n|-hitcount|p2: Chi-Yu|3\n|-unboost|p1b: Kyurem|def|1\n|-boost|p1b: Kyurem|spe|1\n|\n|upkeep\n|\n|t:|1737643464\n|switch|p2a: Chien-Pao|Chien-Pao, L50|100\/100\n|-ability|p2a: Chien-Pao|Sword of Ruin\n|turn|4\n|inactive|Geezerlad45 has 30 seconds left.\n|\n|t:|1737643490\n|move|p2a: Chien-Pao|Ice Spinner|p1b: Kyurem\n|-damage|p1b: Kyurem|2\/100\n|move|p1b: Kyurem|Scale Shot|p2a: Chien-Pao\n|-damage|p2a: Chien-Pao|77\/100\n|-damage|p2a: Chien-Pao|53\/100\n|-damage|p2a: Chien-Pao|28\/100\n|-damage|p2a: Chien-Pao|6\/100\n|-damage|p2a: Chien-Pao|0 fnt\n|faint|p2a: Chien-Pao\n|-hitcount|p2: Chien-Pao|5\n|-unboost|p1b: Kyurem|def|1\n|-boost|p1b: Kyurem|spe|1\n|move|p2b: Zamazenta|Heavy Slam|p1b: Kyurem\n|-supereffective|p1b: Kyurem\n|-damage|p1b: Kyurem|0 fnt\n|faint|p1b: Kyurem\n|move|p1a: Moltres|Tailwind|p1a: Moltres\n|-sidestart|p1: oyo wow|move: Tailwind\n|\n|upkeep\n|\n|t:|1737643494\n|switch|p1b: Flutter Mane|Flutter Mane, L50, shiny|100\/100\n|turn|5\n|\n|t:|1737643512\n|move|p1b: Flutter Mane|Moonblast|p2b: Zamazenta\n|-damage|p2b: Zamazenta|67\/100\n|-unboost|p2b: Zamazenta|spa|1\n|move|p1a: Moltres|Burning Jealousy|p2b: Zamazenta\n|-supereffective|p2b: Zamazenta\n|-damage|p2b: Zamazenta|27\/100\n|move|p2b: Zamazenta|Heavy Slam|p1b: Flutter Mane\n|-supereffective|p1b: Flutter Mane\n|-enditem|p1b: Flutter Mane|Focus Sash\n|-damage|p1b: Flutter Mane|1\/100\n|\n|upkeep\n|turn|6\n|-message|Geezerlad45 forfeited.\n|\n|win|oyo wow\n|raw|oyo wow's rating: 1555 &rarr; <strong>1576<\/strong><br \/>(+21 for winning)\n|raw|Geezerlad45's rating: 1578 &rarr; <strong>1557<\/strong><br \/>(-21 for losing)\n|l|\u2606Geezerlad45\n|player|p2|\n|l|\u2606oyo wow\n|player|p1|\n","uploadtime":1737643694,"views":31,"formatid":"gen9vgc2025regg","rating":1557,"private":0,"password":null}