{"id":"gen9vgc2025regg-2286896773","format":"[Gen 9] VGC 2025 Reg G","players":["Spottedwoot","nicouser"],"log":"|j|\u2606Spottedwoot\n|j|\u2606nicouser\n|t:|1737665823\n|gametype|doubles\n|player|p1|Spottedwoot|265|1571\n|player|p2|nicouser|1|1598\n|teamsize|p1|6\n|teamsize|p2|6\n|gen|9\n|tier|[Gen 9] VGC 2025 Reg G\n|rated|\n|rule|Species Clause: Limit one of each Pok\u00e9mon\n|rule|Item Clause: Limit 1 of each item\n|clearpoke\n|poke|p1|Calyrex-Shadow, L50|\n|poke|p1|Rillaboom, L50, F|\n|poke|p1|Urshifu-*, L50, F|\n|poke|p1|Incineroar, L50, F|\n|poke|p1|Clefairy, L50, F|\n|poke|p1|Raging Bolt, L50|\n|poke|p2|Incineroar, L50, F|\n|poke|p2|Calyrex-Shadow, L50|\n|poke|p2|Ogerpon-Wellspring, L50, F|\n|poke|p2|Urshifu-*, L50, M|\n|poke|p2|Weezing, L50, M|\n|poke|p2|Regieleki, L50|\n|teampreview|4\n|j| Andy8105\n|\n|t:|1737665886\n|start\n|switch|p1a: Calyrex|Calyrex-Shadow, L50|100\/100\n|switch|p1b: Rillaboom|Rillaboom, L50, F|100\/100\n|switch|p2a: Calyrex|Calyrex-Shadow, L50|100\/100\n|switch|p2b: Incineroar|Incineroar, L50, F, shiny|100\/100\n|-ability|p2a: Calyrex|As One\n|-ability|p2a: Calyrex|Unnerve\n|-ability|p1a: Calyrex|As One\n|-ability|p1a: Calyrex|Unnerve\n|-fieldstart|move: Grassy Terrain|[from] ability: Grassy Surge|[of] p1b: Rillaboom\n|-ability|p2b: Incineroar|Intimidate|boost\n|-unboost|p1a: Calyrex|atk|1\n|-unboost|p1b: Rillaboom|atk|1\n|turn|1\n|inactive|Battle timer is ON: inactive players will automatically lose when time's up. (requested by Spottedwoot)\n|\n|t:|1737665900\n|-terastallize|p1a: Calyrex|Fairy\n|-terastallize|p2a: Calyrex|Ghost\n|move|p1b: Rillaboom|Fake Out|p2b: Incineroar\n|-damage|p2b: Incineroar|90\/100\n|move|p1a: Calyrex|Astral Barrage|p2b: Incineroar|[spread] p2a,p2b\n|-supereffective|p2a: Calyrex\n|-resisted|p2b: Incineroar\n|-enditem|p2a: Calyrex|Focus Sash\n|-damage|p2a: Calyrex|1\/100\n|-damage|p2b: Incineroar|60\/100\n|-damage|p1a: Calyrex|91\/100|[from] item: Life Orb\n|move|p2a: Calyrex|Astral Barrage|p1a: Calyrex|[spread] p1a,p1b\n|-damage|p1a: Calyrex|23\/100\n|-damage|p1b: Rillaboom|52\/100\n|cant|p2b: Incineroar|flinch\n|\n|-heal|p1a: Calyrex|29\/100|[from] Grassy Terrain\n|-heal|p2a: Calyrex|7\/100|[from] Grassy Terrain\n|-heal|p1b: Rillaboom|58\/100|[from] Grassy Terrain\n|-heal|p2b: Incineroar|66\/100|[from] Grassy Terrain\n|upkeep\n|turn|2\n|j| ciaosonoita\n|\n|t:|1737665924\n|move|p2a: Calyrex|Protect|p2a: Calyrex\n|-singleturn|p2a: Calyrex|Protect\n|move|p1b: Rillaboom|Grassy Glide|p2a: Calyrex\n|-activate|p2a: Calyrex|move: Protect\n|move|p1a: Calyrex|Nasty Plot|p1a: Calyrex\n|-boost|p1a: Calyrex|spa|2\n|move|p2b: Incineroar|Parting Shot|p1b: Rillaboom\n|-unboost|p1b: Rillaboom|atk|1\n|-unboost|p1b: Rillaboom|spa|1\n|\n|t:|1737665939\n|switch|p2b: Urshifu|Urshifu, L50, M|100\/100|[from] Parting Shot\n|\n|-heal|p2a: Calyrex|14\/100|[from] Grassy Terrain\n|-heal|p1a: Calyrex|35\/100|[from] Grassy Terrain\n|-heal|p1b: Rillaboom|63\/100|[from] Grassy Terrain\n|upkeep\n|turn|3\n|\n|t:|1737665949\n|switch|p2a: Incineroar|Incineroar, L50, F, shiny|66\/100\n|-ability|p2a: Incineroar|Intimidate|boost\n|-unboost|p1a: Calyrex|atk|1\n|-unboost|p1b: Rillaboom|atk|1\n|move|p1b: Rillaboom|Grassy Glide|p2a: Incineroar\n|-resisted|p2a: Incineroar\n|-damage|p2a: Incineroar|58\/100\n|move|p1a: Calyrex|Astral Barrage|p2a: Incineroar|[spread] p2a,p2b\n|-resisted|p2a: Incineroar\n|-resisted|p2b: Urshifu\n|-damage|p2a: Incineroar|4\/100\n|-damage|p2b: Urshifu|0 fnt\n|faint|p2b: Urshifu\n|-ability|p1a: Calyrex|Grim Neigh|boost\n|-boost|p1a: Calyrex|spa|1\n|-damage|p1a: Calyrex|26\/100|[from] item: Life Orb\n|\n|-heal|p1a: Calyrex|32\/100|[from] Grassy Terrain\n|-heal|p1b: Rillaboom|69\/100|[from] Grassy Terrain\n|-heal|p2a: Incineroar|10\/100|[from] Grassy Terrain\n|upkeep\n|inactive|nicouser has 30 seconds left.\n|inactive|nicouser has 20 seconds left.\n|inactive|nicouser has 15 seconds left.\n|inactive|nicouser has 10 seconds left.\n|inactive|nicouser has 5 seconds left.\n|\n|t:|1737666004\n|switch|p2b: Calyrex|Calyrex-Shadow, L50, tera:Ghost|14\/100\n|-ability|p2b: Calyrex|As One\n|-ability|p2b: Calyrex|Unnerve\n|turn|4\n|inactive|nicouser has 30 seconds left.\n|inactive|nicouser has 20 seconds left.\n|inactive|nicouser has 15 seconds left.\n|inactive|nicouser has 10 seconds left.\n|inactive|nicouser has 5 seconds left.\n|\n|t:|1737666059\n|move|p1a: Calyrex|Protect|p1a: Calyrex\n|-singleturn|p1a: Calyrex|Protect\n|move|p2b: Calyrex|Protect|p2b: Calyrex\n|-singleturn|p2b: Calyrex|Protect\n|move|p2a: Incineroar|Fake Out|p1a: Calyrex\n|-activate|p1a: Calyrex|move: Protect\n|move|p1b: Rillaboom|Wood Hammer|p2b: Calyrex\n|-activate|p2b: Calyrex|move: Protect\n|\n|-heal|p1a: Calyrex|38\/100|[from] Grassy Terrain\n|-heal|p2b: Calyrex|20\/100|[from] Grassy Terrain\n|-heal|p1b: Rillaboom|75\/100|[from] Grassy Terrain\n|-heal|p2a: Incineroar|16\/100|[from] Grassy Terrain\n|upkeep\n|turn|5\n|\n|t:|1737666073\n|move|p2b: Calyrex|Protect|p2b: Calyrex\n|-singleturn|p2b: Calyrex|Protect\n|move|p1a: Calyrex|Astral Barrage|p2b: Calyrex|[spread] p2a\n|-activate|p2b: Calyrex|move: Protect\n|-resisted|p2a: Incineroar\n|-damage|p2a: Incineroar|0 fnt\n|faint|p2a: Incineroar\n|-ability|p1a: Calyrex|Grim Neigh|boost\n|-boost|p1a: Calyrex|spa|1\n|-damage|p1a: Calyrex|28\/100|[from] item: Life Orb\n|move|p1b: Rillaboom|Wood Hammer|p2b: Calyrex\n|-activate|p2b: Calyrex|move: Protect\n|\n|-heal|p1a: Calyrex|34\/100|[from] Grassy Terrain\n|-heal|p2b: Calyrex|26\/100|[from] Grassy Terrain\n|-heal|p1b: Rillaboom|81\/100|[from] Grassy Terrain\n|-fieldend|move: Grassy Terrain\n|upkeep\n|\n|t:|1737666076\n|switch|p2a: Ogerpon|Ogerpon-Wellspring, L50, F|100\/100\n|turn|6\n|\n|t:|1737666081\n|switch|p1b: Raging Bolt|Raging Bolt, L50|100\/100\n|-enditem|p1b: Raging Bolt|Booster Energy\n|-activate|p1b: Raging Bolt|ability: Protosynthesis|[fromitem]\n|-start|p1b: Raging Bolt|protosynthesisspa\n|move|p2a: Ogerpon|Follow Me|p2a: Ogerpon\n|-singleturn|p2a: Ogerpon|move: Follow Me\n|move|p2b: Calyrex|Astral Barrage|p1b: Raging Bolt|[spread] p1a,p1b\n|-damage|p1a: Calyrex|0 fnt\n|-damage|p1b: Raging Bolt|42\/100\n|faint|p1a: Calyrex\n|-ability|p2b: Calyrex|Grim Neigh|boost\n|-boost|p2b: Calyrex|spa|1\n|\n|upkeep\n|\n|t:|1737666093\n|switch|p1a: Rillaboom|Rillaboom, L50, F|81\/100\n|-fieldstart|move: Grassy Terrain|[from] ability: Grassy Surge|[of] p1a: Rillaboom\n|turn|7\n|\n|t:|1737666100\n|move|p2b: Calyrex|Protect|p2b: Calyrex\n|-singleturn|p2b: Calyrex|Protect\n|move|p2a: Ogerpon|Spiky Shield|p2a: Ogerpon\n|-singleturn|p2a: Ogerpon|move: Protect\n|move|p1a: Rillaboom|Fake Out|p2a: Ogerpon\n|-activate|p2a: Ogerpon|move: Protect\n|-damage|p1a: Rillaboom|69\/100|[from] Spiky Shield|[of] p2a: Ogerpon\n|move|p1b: Raging Bolt|Thunderclap||[still]\n|-fail|p1b: Raging Bolt\n|\n|-heal|p2b: Calyrex|32\/100|[from] Grassy Terrain\n|-heal|p1a: Rillaboom|75\/100|[from] Grassy Terrain\n|-heal|p1b: Raging Bolt|49\/100|[from] Grassy Terrain\n|upkeep\n|turn|8\n|l| ciaosonoita\n|inactive|nicouser has 30 seconds left.\n|\n|t:|1737666133\n|move|p1b: Raging Bolt|Protect|p1b: Raging Bolt\n|-singleturn|p1b: Raging Bolt|Protect\n|move|p2a: Ogerpon|Follow Me|p2a: Ogerpon\n|-singleturn|p2a: Ogerpon|move: Follow Me\n|move|p2b: Calyrex|Astral Barrage|p1a: Rillaboom|[spread] p1a\n|-activate|p1b: Raging Bolt|move: Protect\n|-damage|p1a: Rillaboom|0 fnt\n|faint|p1a: Rillaboom\n|-ability|p2b: Calyrex|Grim Neigh|boost\n|-boost|p2b: Calyrex|spa|1\n|\n|-heal|p2b: Calyrex|39\/100|[from] Grassy Terrain\n|-heal|p1b: Raging Bolt|55\/100|[from] Grassy Terrain\n|upkeep\n|j| ciaosonoita\n|\n|t:|1737666142\n|switch|p1a: Urshifu|Urshifu-Rapid-Strike, L50, F|100\/100\n|turn|9\n|-message|Spottedwoot forfeited.\n|\n|win|nicouser\n|raw|Spottedwoot's rating: 1571 &rarr; <strong>1553<\/strong><br \/>(-18 for losing)\n|raw|nicouser's rating: 1598 &rarr; <strong>1616<\/strong><br \/>(+18 for winning)\n","uploadtime":1737666147,"views":89,"formatid":"gen9vgc2025regg","rating":1553,"private":0,"password":null}