{"id":"gen9vgc2025regg-2286529827","format":"[Gen 9] VGC 2025 Reg G","players":["meanrook","SPADE61"],"log":"|j|\u2606meanrook\n|j|\u2606SPADE61\n|t:|1737622709\n|gametype|doubles\n|player|p1|meanrook|aetherfoundation|1632\n|player|p2|SPADE61|266|1623\n|teamsize|p1|6\n|teamsize|p2|6\n|gen|9\n|tier|[Gen 9] VGC 2025 Reg G\n|rated|\n|rule|Species Clause: Limit one of each Pok\u00e9mon\n|rule|Item Clause: Limit 1 of each item\n|clearpoke\n|poke|p1|Miraidon, L50|\n|poke|p1|Farigiraf, L50, F|\n|poke|p1|Whimsicott, L50, F|\n|poke|p1|Urshifu-*, L50, M|\n|poke|p1|Iron Hands, L50|\n|poke|p1|Entei, L50|\n|poke|p2|Iron Valiant, L50|\n|poke|p2|Lunala, L50|\n|poke|p2|Ursaluna, L50, M|\n|poke|p2|Incineroar, L50, F|\n|poke|p2|Urshifu-*, L50, M|\n|poke|p2|Indeedee-F, L50, F|\n|teampreview|4\n|inactive|Battle timer is ON: inactive players will automatically lose when time's up. (requested by meanrook)\n|\n|t:|1737622745\n|start\n|switch|p1a: Urshifu|Urshifu, L50, M|100\/100\n|switch|p1b: Farigiraf|Farigiraf, L50, F|100\/100\n|switch|p2a: Lunala|Lunala, L50|100\/100\n|switch|p2b: Indeedee|Indeedee-F, L50, F|100\/100\n|-fieldstart|move: Psychic Terrain|[from] ability: Psychic Surge|[of] p2b: Indeedee\n|turn|1\n|\n|t:|1737622768\n|switch|p2b: Iron Valiant|Iron Valiant, L50|100\/100\n|-enditem|p2b: Iron Valiant|Booster Energy\n|-activate|p2b: Iron Valiant|ability: Quark Drive|[fromitem]\n|-start|p2b: Iron Valiant|quarkdrivespe\n|-terastallize|p2a: Lunala|Fairy\n|move|p1a: Urshifu|Wicked Blow|p2b: Iron Valiant\n|-resisted|p2b: Iron Valiant\n|-crit|p2b: Iron Valiant\n|-damage|p2b: Iron Valiant|84\/100\n|move|p2a: Lunala|Meteor Beam||[still]\n|-prepare|p2a: Lunala|Meteor Beam\n|-boost|p2a: Lunala|spa|1\n|-enditem|p2a: Lunala|Power Herb\n|-anim|p2a: Lunala|Meteor Beam|p1a: Urshifu\n|-resisted|p1a: Urshifu\n|-damage|p1a: Urshifu|48\/100\n|move|p1b: Farigiraf|Foul Play|p2a: Lunala\n|-resisted|p2a: Lunala\n|-damage|p2a: Lunala|97\/100\n|\n|upkeep\n|turn|2\n|\n|t:|1737622792\n|move|p1a: Urshifu|Detect|p1a: Urshifu\n|-singleturn|p1a: Urshifu|Protect\n|move|p2b: Iron Valiant|Moonblast|p1a: Urshifu\n|-activate|p1a: Urshifu|move: Protect\n|move|p2a: Lunala|Expanding Force|p1b: Farigiraf|[spread] p1b\n|-activate|p1a: Urshifu|move: Protect\n|-resisted|p1b: Farigiraf\n|-damage|p1b: Farigiraf|50\/100\n|move|p1b: Farigiraf|Psychic|p2b: Iron Valiant\n|-supereffective|p2b: Iron Valiant\n|-damage|p2b: Iron Valiant|0 fnt\n|faint|p2b: Iron Valiant\n|-end|p2b: Iron Valiant|Quark Drive|[silent]\n|\n|upkeep\n|inactive|SPADE61 has 30 seconds left.\n|\n|t:|1737622819\n|switch|p2b: Indeedee|Indeedee-F, L50, F|100\/100\n|turn|3\n|\n|t:|1737622831\n|switch|p2b: Ursaluna|Ursaluna, L50, M|100\/100\n|switch|p1b: Miraidon|Miraidon, L50|100\/100\n|-fieldstart|move: Electric Terrain|[from] ability: Hadron Engine|[of] p1b: Miraidon\n|move|p1a: Urshifu|Wicked Blow|p2b: Ursaluna\n|-crit|p2b: Ursaluna\n|-damage|p2b: Ursaluna|48\/100\n|move|p2a: Lunala|Trick Room|p2a: Lunala\n|-fieldstart|move: Trick Room|[of] p2a: Lunala\n|\n|-status|p2b: Ursaluna|brn|[from] item: Flame Orb\n|upkeep\n|turn|4\n|inactive|SPADE61 has 30 seconds left.\n|\n|t:|1737622857\n|switch|p2a: Indeedee|Indeedee-F, L50, F|100\/100\n|-fieldstart|move: Psychic Terrain|[from] ability: Psychic Surge|[of] p2a: Indeedee\n|switch|p1b: Iron Hands|Iron Hands, L50|100\/100\n|move|p1a: Urshifu|Detect|p1a: Urshifu\n|-singleturn|p1a: Urshifu|Protect\n|move|p2b: Ursaluna|Earthquake|p1a: Urshifu|[spread] p2a,p1b\n|-activate|p1a: Urshifu|move: Protect\n|-supereffective|p1b: Iron Hands\n|-damage|p2a: Indeedee|39\/100\n|-damage|p1b: Iron Hands|18\/100\n|\n|-damage|p2b: Ursaluna|42\/100 brn|[from] brn\n|upkeep\n|turn|5\n|inactive|meanrook has 30 seconds left.\n|inactive|SPADE61 has 30 seconds left.\n|inactive|SPADE61 has 20 seconds left.\n|inactive|SPADE61 has 15 seconds left.\n|inactive|SPADE61 has 10 seconds left.\n|inactive|SPADE61 has 5 seconds left.\n|\n|t:|1737622908\n|switch|p1a: Farigiraf|Farigiraf, L50, F|50\/100\n|move|p2a: Indeedee|Follow Me|p2a: Indeedee\n|-singleturn|p2a: Indeedee|move: Follow Me\n|move|p2b: Ursaluna|Earthquake|p1b: Iron Hands|[spread] p2a,p1a,p1b\n|-supereffective|p1b: Iron Hands\n|-damage|p2a: Indeedee|0 fnt\n|-damage|p1a: Farigiraf|0 fnt\n|-damage|p1b: Iron Hands|0 fnt\n|faint|p2a: Indeedee\n|faint|p1a: Farigiraf\n|faint|p1b: Iron Hands\n|-end|p1b: Iron Hands|Quark Drive|[silent]\n|\n|-damage|p2b: Ursaluna|36\/100 brn|[from] brn\n|upkeep\n|\n|t:|1737622932\n|switch|p1b: Miraidon|Miraidon, L50|100\/100\n|switch|p1a: Urshifu|Urshifu, L50, M|48\/100\n|switch|p2a: Lunala|Lunala, L50, tera:Fairy|97\/100\n|-fieldstart|move: Electric Terrain|[from] ability: Hadron Engine|[of] p1b: Miraidon\n|turn|6\n|inactive|SPADE61 has 30 seconds left.\n|inactive|SPADE61 has 20 seconds left.\n|inactive|SPADE61 has 15 seconds left.\n|inactive|SPADE61 has 10 seconds left.\n|inactive|SPADE61 has 5 seconds left.\n|\n|t:|1737622985\n|-terastallize|p1b: Miraidon|Fairy\n|move|p2b: Ursaluna|Protect|p2b: Ursaluna\n|-singleturn|p2b: Ursaluna|Protect\n|move|p1a: Urshifu|Sucker Punch||[still]\n|-fail|p1a: Urshifu\n|move|p2a: Lunala|Meteor Beam||[still]\n|-prepare|p2a: Lunala|Meteor Beam\n|-boost|p2a: Lunala|spa|1\n|move|p1b: Miraidon|Electro Drift|p2a: Lunala\n|-damage|p2a: Lunala|0 fnt\n|faint|p2a: Lunala\n|\n|-damage|p2b: Ursaluna|31\/100 brn|[from] brn\n|upkeep\n|turn|7\n|\n|t:|1737623003\n|move|p1a: Urshifu|Detect|p1a: Urshifu\n|-singleturn|p1a: Urshifu|Protect\n|move|p2b: Ursaluna|Earthquake|p1b: Miraidon|[spread] p1b\n|-activate|p1a: Urshifu|move: Protect\n|-damage|p1b: Miraidon|37\/100\n|move|p1b: Miraidon|Electro Drift|p2b: Ursaluna\n|-immune|p2b: Ursaluna\n|\n|-damage|p2b: Ursaluna|25\/100 brn|[from] brn\n|-fieldend|move: Trick Room\n|upkeep\n|turn|8\n|inactive|SPADE61 has 30 seconds left.\n|\n|t:|1737623030\n|move|p1b: Miraidon|Electro Drift|p2b: Ursaluna\n|-immune|p2b: Ursaluna\n|move|p1a: Urshifu|Wicked Blow|p2b: Ursaluna\n|-crit|p2b: Ursaluna\n|-damage|p2b: Ursaluna|0 fnt\n|faint|p2b: Ursaluna\n|\n|win|meanrook\n|raw|meanrook's rating: 1632 &rarr; <strong>1651<\/strong><br \/>(+19 for winning)\n|raw|SPADE61's rating: 1623 &rarr; <strong>1604<\/strong><br \/>(-19 for losing)\n|l|\u2606meanrook\n|player|p1|\n|l|\u2606SPADE61\n|player|p2|\n","uploadtime":1737623221,"views":22,"formatid":"gen9vgc2025regg","rating":1604,"private":0,"password":null}