{"id":"gen9vgc2025regg-2286076737","format":"[Gen 9] VGC 2025 Reg G","players":["ice spice rider","TonyPajamas16"],"log":"|j|\u2606ice spice rider\n|j|\u2606TonyPajamas16\n|t:|1737565690\n|gametype|doubles\n|player|p1|ice spice rider|ethan|1542\n|player|p2|TonyPajamas16|170|1633\n|teamsize|p1|6\n|teamsize|p2|6\n|gen|9\n|tier|[Gen 9] VGC 2025 Reg G\n|rated|\n|rule|Species Clause: Limit one of each Pok\u00e9mon\n|rule|Item Clause: Limit 1 of each item\n|clearpoke\n|poke|p1|Calyrex-Ice, L50|\n|poke|p1|Incineroar, L50, F|\n|poke|p1|Amoonguss, L50, F|\n|poke|p1|Ursaluna-Bloodmoon, L50, M|\n|poke|p1|Farigiraf, L50, F|\n|poke|p1|Urshifu-*, L50, F|\n|poke|p2|Groudon, L50|\n|poke|p2|Sableye, L50, M|\n|poke|p2|Rillaboom, L50, M|\n|poke|p2|Gouging Fire, L50|\n|poke|p2|Raging Bolt, L50|\n|poke|p2|Scream Tail, L50|\n|teampreview|4\n|inactive|Battle timer is ON: inactive players will automatically lose when time's up. (requested by ice spice rider)\n|\n|t:|1737565716\n|start\n|switch|p1a: Calyrex-Ice Spice|Calyrex-Ice, L50|100\/100\n|switch|p1b: Wicked WHACK!!|Urshifu, L50, F|100\/100\n|switch|p2a: Scream Tail|Scream Tail, L50, shiny|100\/100\n|switch|p2b: Sableye|Sableye, L50, M, shiny|100\/100\n|-ability|p1a: Calyrex-Ice Spice|As One\n|-ability|p1a: Calyrex-Ice Spice|Unnerve\n|-enditem|p2a: Scream Tail|Booster Energy\n|-activate|p2a: Scream Tail|ability: Protosynthesis|[fromitem]\n|-start|p2a: Scream Tail|protosynthesisspe\n|turn|1\n|\n|t:|1737565734\n|move|p2b: Sableye|Gravity|p2b: Sableye\n|-fieldstart|move: Gravity\n|move|p2a: Scream Tail|Sing|p1b: Wicked WHACK!!\n|-status|p1b: Wicked WHACK!!|slp|[from] move: Sing\n|cant|p1b: Wicked WHACK!!|slp\n|move|p1a: Calyrex-Ice Spice|Glacial Lance|p2a: Scream Tail|[spread] p2a,p2b\n|-damage|p2a: Scream Tail|49\/100\n|-damage|p2b: Sableye|37\/100\n|-enditem|p2b: Sableye|Eject Button\n|\n|t:|1737565747\n|switch|p2b: Groudon|Groudon, L50|100\/100\n|-weather|SunnyDay|[from] ability: Drought|[of] p2b: Groudon\n|\n|-weather|SunnyDay|[upkeep]\n|upkeep\n|turn|2\n|\n|t:|1737565759\n|-terastallize|p2b: Groudon|Fire\n|-terastallize|p1a: Calyrex-Ice Spice|Water\n|move|p2a: Scream Tail|Sing|p1a: Calyrex-Ice Spice\n|-status|p1a: Calyrex-Ice Spice|slp|[from] move: Sing\n|-curestatus|p1b: Wicked WHACK!!|slp|[msg]\n|move|p1b: Wicked WHACK!!|Wicked Blow|p2a: Scream Tail\n|-crit|p2a: Scream Tail\n|-damage|p2a: Scream Tail|0 fnt\n|faint|p2a: Scream Tail\n|-end|p2a: Scream Tail|Protosynthesis|[silent]\n|move|p2b: Groudon|Precipice Blades|p1a: Calyrex-Ice Spice|[spread] p1a,p1b\n|-damage|p1a: Calyrex-Ice Spice|67\/100 slp\n|-damage|p1b: Wicked WHACK!!|55\/100\n|cant|p1a: Calyrex-Ice Spice|slp\n|\n|-weather|SunnyDay|[upkeep]\n|upkeep\n|\n|t:|1737565772\n|switch|p2a: Curveball|Rillaboom, L50, M|100\/100\n|-fieldstart|move: Grassy Terrain|[from] ability: Grassy Surge|[of] p2a: Curveball\n|turn|3\n|\n|t:|1737565778\n|switch|p1a: Amoonguss|Amoonguss, L50, F|100\/100\n|move|p2a: Curveball|Wood Hammer|p1a: Amoonguss\n|-resisted|p1a: Amoonguss\n|-damage|p1a: Amoonguss|84\/100\n|-damage|p2a: Curveball|94\/100|[from] Recoil\n|move|p1b: Wicked WHACK!!|Wicked Blow|p2a: Curveball\n|-crit|p2a: Curveball\n|-damage|p2a: Curveball|23\/100\n|move|p2b: Groudon|Precipice Blades|p1a: Amoonguss|[spread] p1a,p1b\n|-damage|p1a: Amoonguss|42\/100\n|-damage|p1b: Wicked WHACK!!|2\/100\n|-enditem|p1a: Amoonguss|Sitrus Berry|[eat]\n|-heal|p1a: Amoonguss|67\/100|[from] item: Sitrus Berry\n|\n|-weather|SunnyDay|[upkeep]\n|-heal|p2a: Curveball|29\/100|[from] Grassy Terrain\n|-heal|p1b: Wicked WHACK!!|8\/100|[from] Grassy Terrain\n|-heal|p1a: Amoonguss|73\/100|[from] Grassy Terrain\n|upkeep\n|turn|4\n|inactive|TonyPajamas16 has 30 seconds left.\n|\n|t:|1737565806\n|switch|p1b: Calyrex-Ice Spice|Calyrex-Ice, L50, tera:Water|67\/100 slp\n|-ability|p1b: Calyrex-Ice Spice|As One\n|-ability|p1b: Calyrex-Ice Spice|Unnerve\n|move|p2a: Curveball|Grassy Glide|p1b: Calyrex-Ice Spice\n|-supereffective|p1b: Calyrex-Ice Spice\n|-damage|p1b: Calyrex-Ice Spice|9\/100 slp\n|move|p2b: Groudon|Fire Punch|p1a: Amoonguss\n|-supereffective|p1a: Amoonguss\n|-damage|p1a: Amoonguss|0 fnt\n|faint|p1a: Amoonguss\n|\n|-weather|SunnyDay|[upkeep]\n|-heal|p2a: Curveball|36\/100|[from] Grassy Terrain\n|-heal|p1b: Calyrex-Ice Spice|15\/100 slp|[from] Grassy Terrain\n|upkeep\n|\n|t:|1737565821\n|switch|p1a: Ursaluna|Ursaluna-Bloodmoon, L50, M|100\/100\n|turn|5\n|-message|ice spice rider forfeited.\n|\n|win|TonyPajamas16\n|raw|ice spice rider's rating: 1542 &rarr; <strong>1527<\/strong><br \/>(-15 for losing)\n|raw|TonyPajamas16's rating: 1633 &rarr; <strong>1648<\/strong><br \/>(+15 for winning)\n|l|\u2606ice spice rider\n|player|p1|\n|l|\u2606TonyPajamas16\n|player|p2|\n","uploadtime":1737566031,"views":8,"formatid":"gen9vgc2025regg","rating":1527,"private":0,"password":null}