{"id":"gen9vgc2025regg-2286115181","format":"[Gen 9] VGC 2025 Reg G","players":["Mildly Displeased","Crysantimo"],"log":"|j|\u2606Mildly Displeased\n|j|\u2606Crysantimo\n|t:|1737569401\n|gametype|doubles\n|player|p1|Mildly Displeased|lillie|1535\n|player|p2|Crysantimo|madame-gen4dp|1645\n|teamsize|p1|6\n|teamsize|p2|6\n|gen|9\n|tier|[Gen 9] VGC 2025 Reg G\n|rated|\n|rule|Species Clause: Limit one of each Pok\u00e9mon\n|rule|Item Clause: Limit 1 of each item\n|clearpoke\n|poke|p1|Primarina, L50, M|\n|poke|p1|Talonflame, L50, F|\n|poke|p1|Zamazenta-*, L50|\n|poke|p1|Rillaboom, L50, M|\n|poke|p1|Iron Treads, L50|\n|poke|p1|Entei, L50|\n|poke|p2|Calyrex-Shadow, L50|\n|poke|p2|Clefairy, L50, M|\n|poke|p2|Chi-Yu, L50|\n|poke|p2|Weezing-Galar, L50, F|\n|poke|p2|Pawmot, L50, M|\n|poke|p2|Dragonite, L50, F|\n|teampreview|4\n|inactive|Battle timer is ON: inactive players will automatically lose when time's up. (requested by Crysantimo)\n|\n|t:|1737569444\n|start\n|switch|p1a: Mullet Mania|Entei, L50|100\/100\n|switch|p1b: Phoenix|Talonflame, L50, F, shiny|100\/100\n|switch|p2a: Calyrex|Calyrex-Shadow, L50|100\/100\n|switch|p2b: Pawmot|Pawmot, L50, M|100\/100\n|-ability|p2a: Calyrex|As One\n|-ability|p2a: Calyrex|Unnerve\n|turn|1\n|\n|t:|1737569464\n|switch|p2b: Weezing|Weezing-Galar, L50, F|100\/100\n|-ability|p2b: Weezing|Neutralizing Gas\n|-terastallize|p2a: Calyrex|Normal\n|-terastallize|p1a: Mullet Mania|Normal\n|move|p2a: Calyrex|Astral Barrage|p1b: Phoenix|[spread] p1b\n|-immune|p1a: Mullet Mania\n|-damage|p1b: Phoenix|0 fnt\n|faint|p1b: Phoenix\n|-ability|p2a: Calyrex|Grim Neigh|boost\n|-boost|p2a: Calyrex|spa|1\n|move|p1a: Mullet Mania|Crunch|p2a: Calyrex\n|-damage|p2a: Calyrex|63\/100\n|-damage|p1a: Mullet Mania|91\/100|[from] item: Life Orb\n|\n|upkeep\n|inactive|Mildly Displeased has 30 seconds left.\n|\n|t:|1737569492\n|switch|p1b: Pippin|Zamazenta-Crowned, L50|100\/100\n|turn|2\n|\n|t:|1737569498\n|move|p1b: Pippin|Wide Guard|p1b: Pippin\n|-singleturn|p1b: Pippin|Wide Guard\n|move|p2a: Calyrex|Astral Barrage|p1a: Mullet Mania|[spread] \n|-activate|p1a: Mullet Mania|move: Wide Guard\n|-activate|p1b: Pippin|move: Wide Guard\n|move|p1a: Mullet Mania|Sacred Fire|p2b: Weezing\n|-damage|p2b: Weezing|35\/100\n|-status|p2b: Weezing|brn\n|-enditem|p2b: Weezing|Sitrus Berry|[eat]\n|-heal|p2b: Weezing|59\/100 brn|[from] item: Sitrus Berry\n|-damage|p1a: Mullet Mania|81\/100|[from] item: Life Orb\n|move|p2b: Weezing|Will-O-Wisp|p1a: Mullet Mania\n|-status|p1a: Mullet Mania|brn\n|\n|-damage|p1a: Mullet Mania|75\/100 brn|[from] brn\n|-damage|p2b: Weezing|53\/100 brn|[from] brn\n|upkeep\n|turn|3\n|\n|t:|1737569506\n|-end|p2b: Weezing|ability: Neutralizing Gas\n|-ability|p1b: Pippin|Dauntless Shield|boost\n|-boost|p1b: Pippin|def|1\n|switch|p2b: Pawmot|Pawmot, L50, M|100\/100\n|move|p1b: Pippin|Wide Guard|p1b: Pippin\n|-singleturn|p1b: Pippin|Wide Guard\n|move|p2a: Calyrex|Astral Barrage|p1b: Pippin|[spread] \n|-activate|p1a: Mullet Mania|move: Wide Guard\n|-activate|p1b: Pippin|move: Wide Guard\n|move|p1a: Mullet Mania|Sacred Fire|p2b: Pawmot\n|-damage|p2b: Pawmot|48\/100\n|-status|p2b: Pawmot|brn\n|-damage|p1a: Mullet Mania|65\/100 brn|[from] item: Life Orb\n|\n|-damage|p2b: Pawmot|42\/100 brn|[from] brn\n|-damage|p1a: Mullet Mania|59\/100 brn|[from] brn\n|upkeep\n|turn|4\n|\n|t:|1737569527\n|move|p1b: Pippin|Wide Guard|p1b: Pippin\n|-singleturn|p1b: Pippin|Wide Guard\n|move|p2a: Calyrex|Astral Barrage|p1a: Mullet Mania|[spread] \n|-activate|p1a: Mullet Mania|move: Wide Guard\n|-activate|p1b: Pippin|move: Wide Guard\n|move|p2b: Pawmot|Close Combat|p1a: Mullet Mania\n|-supereffective|p1a: Mullet Mania\n|-damage|p1a: Mullet Mania|10\/100 brn\n|-unboost|p2b: Pawmot|def|1\n|-unboost|p2b: Pawmot|spd|1\n|move|p1a: Mullet Mania|Sacred Fire|p2a: Calyrex\n|-damage|p2a: Calyrex|28\/100\n|-damage|p1a: Mullet Mania|0 fnt|[from] item: Life Orb\n|faint|p1a: Mullet Mania\n|\n|-damage|p2b: Pawmot|36\/100 brn|[from] brn\n|upkeep\n|\n|t:|1737569542\n|switch|p1a: Tankie|Iron Treads, L50|100\/100\n|-enditem|p1a: Tankie|Booster Energy\n|-activate|p1a: Tankie|ability: Quark Drive|[fromitem]\n|-start|p1a: Tankie|quarkdrivespe\n|turn|5\n|\n|t:|1737569557\n|switch|p2b: Weezing|Weezing-Galar, L50, F|53\/100 brn\n|-ability|p2b: Weezing|Neutralizing Gas\n|move|p1b: Pippin|Wide Guard|p1b: Pippin\n|-singleturn|p1b: Pippin|Wide Guard\n|move|p2a: Calyrex|Astral Barrage|p1a: Tankie|[spread] \n|-activate|p1a: Tankie|move: Wide Guard\n|-activate|p1b: Pippin|move: Wide Guard\n|move|p1a: Tankie|High Horsepower|p2b: Weezing\n|-supereffective|p2b: Weezing\n|-damage|p2b: Weezing|0 fnt\n|faint|p2b: Weezing\n|-end|p2b: Weezing|ability: Neutralizing Gas\n|\n|upkeep\n|\n|t:|1737569564\n|switch|p2b: Chi-Yu|Chi-Yu, L50|100\/100\n|-ability|p2b: Chi-Yu|Beads of Ruin\n|turn|6\n|\n|t:|1737569569\n|move|p1b: Pippin|Wide Guard|p1b: Pippin\n|-singleturn|p1b: Pippin|Wide Guard\n|move|p1a: Tankie|High Horsepower|p2b: Chi-Yu\n|-supereffective|p2b: Chi-Yu\n|-damage|p2b: Chi-Yu|0 fnt\n|faint|p2b: Chi-Yu\n|move|p2a: Calyrex|Astral Barrage|p1b: Pippin|[spread] \n|-activate|p1a: Tankie|move: Wide Guard\n|-activate|p1b: Pippin|move: Wide Guard\n|\n|upkeep\n|\n|t:|1737569570\n|switch|p2b: Pawmot|Pawmot, L50, M|36\/100 brn\n|turn|7\n|j| Therazer456\n|\n|t:|1737569580\n|move|p1b: Pippin|Wide Guard|p1b: Pippin\n|-singleturn|p1b: Pippin|Wide Guard\n|move|p1a: Tankie|High Horsepower|p2b: Pawmot\n|-supereffective|p2b: Pawmot\n|-crit|p2b: Pawmot\n|-damage|p2b: Pawmot|0 fnt\n|faint|p2b: Pawmot\n|move|p2a: Calyrex|Astral Barrage|p1b: Pippin|[spread] \n|-activate|p1a: Tankie|move: Wide Guard\n|-activate|p1b: Pippin|move: Wide Guard\n|\n|upkeep\n|turn|8\n|\n|t:|1737569588\n|move|p1b: Pippin|Wide Guard|p1b: Pippin\n|-singleturn|p1b: Pippin|Wide Guard\n|move|p1a: Tankie|Iron Head|p2a: Calyrex\n|-damage|p2a: Calyrex|0 fnt\n|faint|p2a: Calyrex\n|\n|win|Mildly Displeased\n|raw|Mildly Displeased's rating: 1535 &rarr; <strong>1561<\/strong><br \/>(+26 for winning)\n|raw|Crysantimo's rating: 1645 &rarr; <strong>1619<\/strong><br \/>(-26 for losing)\n|l|\u2606Mildly Displeased\n|player|p1|\n|l| Therazer456\n","uploadtime":1737569765,"views":19,"formatid":"gen9vgc2025regg","rating":1561,"private":0,"password":null}