{"id":"gen9vgc2025regg-2286793034","format":"[Gen 9] VGC 2025 Reg G","players":["elgervax","TonyPajamas16"],"log":"|j|\u2606elgervax\n|j|\u2606TonyPajamas16\n|t:|1737655701\n|gametype|doubles\n|player|p1|elgervax|169|1534\n|player|p2|TonyPajamas16|2|1626\n|teamsize|p1|6\n|teamsize|p2|6\n|gen|9\n|tier|[Gen 9] VGC 2025 Reg G\n|rated|\n|rule|Species Clause: Limit one of each Pok\u00e9mon\n|rule|Item Clause: Limit 1 of each item\n|clearpoke\n|poke|p1|Miraidon, L50|\n|poke|p1|Ogerpon-Hearthflame, L50, F|\n|poke|p1|Farigiraf, L50, M|\n|poke|p1|Whimsicott, L50, F|\n|poke|p1|Iron Hands, L50|\n|poke|p1|Urshifu-*, L50, F|\n|poke|p2|Groudon, L50|\n|poke|p2|Sableye, L50, F|\n|poke|p2|Rillaboom, L50, F|\n|poke|p2|Gouging Fire, L50|\n|poke|p2|Raging Bolt, L50|\n|poke|p2|Scream Tail, L50|\n|teampreview|4\n|inactive|Battle timer is ON: inactive players will automatically lose when time's up. (requested by elgervax)\n|inactive|elgervax has 60 seconds left.\n|inactive|TonyPajamas16 has 60 seconds left.\n|\n|t:|1737655741\n|start\n|switch|p1a: Ogerpon|Ogerpon-Hearthflame, L50, F|100\/100\n|switch|p1b: Miraidon|Miraidon, L50|100\/100\n|switch|p2a: Gouging Fire|Gouging Fire, L50|100\/100\n|switch|p2b: Groudon|Groudon, L50|100\/100\n|-fieldstart|move: Electric Terrain|[from] ability: Hadron Engine|[of] p1b: Miraidon\n|-ability|p1a: Ogerpon|Mold Breaker\n|-weather|SunnyDay|[from] ability: Drought|[of] p2b: Groudon\n|-activate|p2a: Gouging Fire|ability: Protosynthesis\n|-start|p2a: Gouging Fire|protosynthesisspe\n|turn|1\n|\n|t:|1737655765\n|-terastallize|p1a: Ogerpon|Fire\n|detailschange|p1a: Ogerpon|Ogerpon-Hearthflame-Tera, L50, F, tera:Fire\n|-ability|p1a: Ogerpon|Embody Aspect (Hearthflame)|boost\n|-boost|p1a: Ogerpon|atk|1\n|-terastallize|p2b: Groudon|Fire\n|move|p2a: Gouging Fire|Protect|p2a: Gouging Fire\n|-singleturn|p2a: Gouging Fire|Protect\n|move|p1b: Miraidon|Volt Switch|p2a: Gouging Fire\n|-activate|p2a: Gouging Fire|move: Protect\n|move|p1a: Ogerpon|Ivy Cudgel|p2b: Groudon|[anim] Ivy Cudgel Fire\n|-resisted|p2b: Groudon\n|-damage|p2b: Groudon|45\/100\n|move|p2b: Groudon|Precipice Blades|p1b: Miraidon|[spread] p1b\n|-miss|p2b: Groudon|p1a: Ogerpon\n|-supereffective|p1b: Miraidon\n|-damage|p1b: Miraidon|0 fnt\n|faint|p1b: Miraidon\n|\n|-weather|SunnyDay|[upkeep]\n|upkeep\n|\n|t:|1737655785\n|switch|p1b: Whimsicott|Whimsicott, L50, F|100\/100\n|turn|2\n|\n|t:|1737655796\n|switch|p2b: Curveball|Rillaboom, L50, F|100\/100\n|-fieldstart|move: Grassy Terrain|[from] ability: Grassy Surge|[of] p2b: Curveball\n|move|p1b: Whimsicott|Encore|p2a: Gouging Fire\n|-start|p2a: Gouging Fire|Encore\n|move|p2a: Gouging Fire|Protect||[still]\n|-fail|p2a: Gouging Fire\n|move|p1a: Ogerpon|Ivy Cudgel|p2b: Curveball|[anim] Ivy Cudgel Fire\n|-supereffective|p2b: Curveball\n|-damage|p2b: Curveball|0 fnt\n|faint|p2b: Curveball\n|\n|-weather|SunnyDay|[upkeep]\n|upkeep\n|\n|t:|1737655812\n|switch|p2b: Raging Bolt|Raging Bolt, L50|100\/100\n|-activate|p2b: Raging Bolt|ability: Protosynthesis\n|-start|p2b: Raging Bolt|protosynthesisspa\n|turn|3\n|\n|t:|1737655825\n|move|p2a: Gouging Fire|Protect|p2a: Gouging Fire\n|-singleturn|p2a: Gouging Fire|Protect\n|move|p2b: Raging Bolt|Thunderclap|p1a: Ogerpon\n|-damage|p1a: Ogerpon|55\/100\n|move|p1b: Whimsicott|Moonblast|p2b: Raging Bolt\n|-supereffective|p2b: Raging Bolt\n|-damage|p2b: Raging Bolt|58\/100\n|move|p1a: Ogerpon|Ivy Cudgel|p2b: Raging Bolt|[anim] Ivy Cudgel Fire\n|-resisted|p2b: Raging Bolt\n|-damage|p2b: Raging Bolt|0 fnt\n|faint|p2b: Raging Bolt\n|-end|p2b: Raging Bolt|Protosynthesis|[silent]\n|\n|-weather|SunnyDay|[upkeep]\n|-heal|p1a: Ogerpon|61\/100|[from] Grassy Terrain\n|upkeep\n|\n|t:|1737655837\n|switch|p2b: Groudon|Groudon, L50, tera:Fire|45\/100\n|turn|4\n|\n|t:|1737655851\n|move|p2a: Gouging Fire|Protect||[still]\n|-fail|p2a: Gouging Fire\n|move|p1b: Whimsicott|Tailwind|p1b: Whimsicott\n|-sidestart|p1: elgervax|move: Tailwind\n|move|p1a: Ogerpon|Ivy Cudgel|p2b: Groudon|[anim] Ivy Cudgel Fire\n|-resisted|p2b: Groudon\n|-damage|p2b: Groudon|0 fnt\n|faint|p2b: Groudon\n|\n|-weather|SunnyDay|[upkeep]\n|-heal|p1a: Ogerpon|67\/100|[from] Grassy Terrain\n|-end|p2a: Gouging Fire|Encore\n|upkeep\n|turn|5\n|\n|t:|1737655868\n|switch|p1a: Urshifu|Urshifu, L50, F|100\/100\n|move|p1b: Whimsicott|Encore|p2a: Gouging Fire\n|-start|p2a: Gouging Fire|Encore\n|move|p2a: Gouging Fire|Protect||[still]\n|-fail|p2a: Gouging Fire\n|\n|-weather|none\n|-end|p2a: Gouging Fire|Protosynthesis\n|upkeep\n|turn|6\n|\n|t:|1737655879\n|move|p2a: Gouging Fire|Protect|p2a: Gouging Fire\n|-singleturn|p2a: Gouging Fire|Protect\n|move|p1b: Whimsicott|Moonblast|p2a: Gouging Fire\n|-activate|p2a: Gouging Fire|move: Protect\n|move|p1a: Urshifu|Wicked Blow|p2a: Gouging Fire\n|-crit|p2a: Gouging Fire\n|-damage|p2a: Gouging Fire|49\/100\n|\n|-heal|p2a: Gouging Fire|54\/100|[from] Grassy Terrain\n|-fieldend|move: Grassy Terrain\n|upkeep\n|turn|7\n|\n|t:|1737655889\n|move|p2a: Gouging Fire|Protect||[still]\n|-fail|p2a: Gouging Fire\n|move|p1b: Whimsicott|Moonblast|p2a: Gouging Fire\n|-damage|p2a: Gouging Fire|27\/100\n|move|p1a: Urshifu|Wicked Blow|p2a: Gouging Fire\n|-crit|p2a: Gouging Fire\n|-damage|p2a: Gouging Fire|0 fnt\n|faint|p2a: Gouging Fire\n|-end|p2a: Gouging Fire|Protosynthesis|[silent]\n|\n|win|elgervax\n|raw|elgervax's rating: 1534 &rarr; <strong>1559<\/strong><br \/>(+25 for winning)\n|raw|TonyPajamas16's rating: 1626 &rarr; <strong>1601<\/strong><br \/>(-25 for losing)\n|l|\u2606TonyPajamas16\n|player|p2|\n|l|\u2606elgervax\n|player|p1|\n","uploadtime":1737656159,"views":3,"formatid":"gen9vgc2025regg","rating":1559,"private":0,"password":null}