{"id":"gen9vgc2025regg-2286086666","format":"[Gen 9] VGC 2025 Reg G","players":["Angelo Neres","juacox300"],"log":"|j|\u2606Angelo Neres\n|j|\u2606juacox300\n|t:|1737566651\n|gametype|doubles\n|player|p1|Angelo Neres|2|1556\n|player|p2|juacox300|unknown|1605\n|teamsize|p1|6\n|teamsize|p2|6\n|gen|9\n|tier|[Gen 9] VGC 2025 Reg G\n|rated|\n|rule|Species Clause: Limit one of each Pok\u00e9mon\n|rule|Item Clause: Limit 1 of each item\n|clearpoke\n|poke|p1|Groudon, L50|\n|poke|p1|Moltres-Galar, L50|\n|poke|p1|Scream Tail, L50|\n|poke|p1|Grimmsnarl, L50, M|\n|poke|p1|Cobalion, L50|\n|poke|p1|Amoonguss, L50, M|\n|poke|p2|Iron Hands, L50|\n|poke|p2|Alcremie, L50, F|\n|poke|p2|Miraidon, L50|\n|poke|p2|Murkrow, L50, M|\n|poke|p2|Chi-Yu, L50|\n|poke|p2|Vikavolt, L50, F|\n|teampreview|4\n|inactive|Battle timer is ON: inactive players will automatically lose when time's up. (requested by Angelo Neres)\n|inactive|juacox300 has 60 seconds left.\n|\n|t:|1737566718\n|start\n|switch|p1a: Grimmsnarl|Grimmsnarl, L50, M, shiny|100\/100\n|switch|p1b: Groudon|Groudon, L50, shiny|100\/100\n|switch|p2a: Chi-Yu|Chi-Yu, L50|100\/100\n|switch|p2b: Murkrow|Murkrow, L50, M|100\/100\n|-ability|p2a: Chi-Yu|Beads of Ruin\n|-weather|SunnyDay|[from] ability: Drought|[of] p1b: Groudon\n|turn|1\n|\n|t:|1737566738\n|-terastallize|p2a: Chi-Yu|Ghost\n|-terastallize|p1b: Groudon|Fire\n|move|p1a: Grimmsnarl|Light Screen|p1a: Grimmsnarl\n|-sidestart|p1: Angelo Neres|move: Light Screen\n|move|p2a: Chi-Yu|Heat Wave|p1a: Grimmsnarl|[spread] p1a,p1b\n|-resisted|p1b: Groudon\n|-damage|p1a: Grimmsnarl|46\/100\n|-damage|p1b: Groudon|82\/100\n|move|p1b: Groudon|Heat Crash|p2b: Murkrow\n|-damage|p2b: Murkrow|0 fnt\n|faint|p2b: Murkrow\n|\n|-weather|SunnyDay|[upkeep]\n|upkeep\n|\n|t:|1737566749\n|switch|p2b: Miraidon|Miraidon, L50|100\/100\n|-fieldstart|move: Electric Terrain|[from] ability: Hadron Engine|[of] p2b: Miraidon\n|turn|2\n|\n|t:|1737566764\n|move|p1a: Grimmsnarl|Parting Shot|p2b: Miraidon\n|-unboost|p2b: Miraidon|atk|1\n|-unboost|p2b: Miraidon|spa|1\n|\n|t:|1737566770\n|switch|p1a: Scream Tail|Scream Tail, L50, shiny|100\/100|[from] Parting Shot\n|-activate|p1a: Scream Tail|ability: Protosynthesis\n|-start|p1a: Scream Tail|protosynthesisspe\n|move|p2a: Chi-Yu|Heat Wave|p1b: Groudon|[spread] p1a,p1b\n|-resisted|p1b: Groudon\n|-damage|p1a: Scream Tail|56\/100\n|-damage|p1b: Groudon|64\/100\n|move|p2b: Miraidon|Electro Drift|p1b: Groudon\n|-damage|p1b: Groudon|20\/100\n|-damage|p2b: Miraidon|91\/100|[from] item: Life Orb\n|move|p1b: Groudon|Precipice Blades|p2b: Miraidon|[spread] p2a,p2b\n|-supereffective|p2b: Miraidon\n|-damage|p2a: Chi-Yu|10\/100\n|-damage|p2b: Miraidon|0 fnt\n|faint|p2b: Miraidon\n|\n|-weather|SunnyDay|[upkeep]\n|upkeep\n|\n|t:|1737566778\n|switch|p2b: Iron Hands|Iron Hands, L50|100\/100\n|-activate|p2b: Iron Hands|ability: Quark Drive\n|-start|p2b: Iron Hands|quarkdriveatk\n|turn|3\n|\n|t:|1737566800\n|-end|p1a: Scream Tail|Protosynthesis|[silent]\n|switch|p1a: Grimmsnarl|Grimmsnarl, L50, M, shiny|46\/100\n|move|p2a: Chi-Yu|Heat Wave|p1a: Grimmsnarl|[spread] p1a,p1b\n|-resisted|p1b: Groudon\n|-damage|p1a: Grimmsnarl|0 fnt\n|-damage|p1b: Groudon|3\/100\n|faint|p1a: Grimmsnarl\n|move|p1b: Groudon|Precipice Blades|p2a: Chi-Yu|[spread] p2a\n|-miss|p1b: Groudon|p2b: Iron Hands\n|-damage|p2a: Chi-Yu|0 fnt\n|faint|p2a: Chi-Yu\n|move|p2b: Iron Hands|Heavy Slam|p1b: Groudon\n|-resisted|p1b: Groudon\n|-damage|p1b: Groudon|0 fnt\n|faint|p1b: Groudon\n|\n|-weather|SunnyDay|[upkeep]\n|upkeep\n|\n|t:|1737566812\n|switch|p1b: Moltres|Moltres-Galar, L50, shiny|100\/100\n|switch|p1a: Scream Tail|Scream Tail, L50, shiny|56\/100\n|-activate|p1a: Scream Tail|ability: Protosynthesis\n|-start|p1a: Scream Tail|protosynthesisspe\n|turn|4\n|\n|t:|1737566827\n|move|p1a: Scream Tail|Encore|p2b: Iron Hands\n|-start|p2b: Iron Hands|Encore\n|move|p1b: Moltres|Air Slash|p2b: Iron Hands\n|-damage|p2b: Iron Hands|82\/100\n|move|p2b: Iron Hands|Heavy Slam|p1a: Scream Tail\n|-supereffective|p1a: Scream Tail\n|-damage|p1a: Scream Tail|0 fnt\n|faint|p1a: Scream Tail\n|-end|p1a: Scream Tail|Protosynthesis|[silent]\n|\n|-weather|SunnyDay|[upkeep]\n|upkeep\n|turn|5\n|\n|t:|1737566841\n|move|p1b: Moltres|Protect|p1b: Moltres\n|-singleturn|p1b: Moltres|Protect\n|move|p2b: Iron Hands|Heavy Slam|p1b: Moltres\n|-activate|p1b: Moltres|move: Protect\n|\n|-weather|none\n|-sideend|p1: Angelo Neres|move: Light Screen\n|upkeep\n|turn|6\n|\n|t:|1737566845\n|move|p1b: Moltres|Air Slash|p2b: Iron Hands\n|-damage|p2b: Iron Hands|63\/100\n|cant|p2b: Iron Hands|flinch\n|\n|-end|p2b: Iron Hands|Encore\n|-fieldend|move: Electric Terrain\n|-end|p2b: Iron Hands|Quark Drive\n|upkeep\n|turn|7\n|\n|t:|1737566851\n|move|p1b: Moltres|Air Slash|p2b: Iron Hands\n|-damage|p2b: Iron Hands|46\/100\n|move|p2b: Iron Hands|Drain Punch|p1b: Moltres\n|-damage|p1b: Moltres|62\/100\n|-heal|p2b: Iron Hands|60\/100|[from] drain|[of] p1b: Moltres\n|\n|upkeep\n|turn|8\n|\n|t:|1737566858\n|move|p1b: Moltres|Air Slash|p2b: Iron Hands\n|-damage|p2b: Iron Hands|40\/100\n|move|p2b: Iron Hands|Wild Charge|p1b: Moltres\n|-supereffective|p1b: Moltres\n|-damage|p1b: Moltres|0 fnt\n|faint|p1b: Moltres\n|-damage|p2b: Iron Hands|29\/100|[from] Recoil\n|\n|win|juacox300\n|raw|Angelo Neres's rating: 1556 &rarr; <strong>1539<\/strong><br \/>(-17 for losing)\n|raw|juacox300's rating: 1605 &rarr; <strong>1622<\/strong><br \/>(+17 for winning)\n|l|\u2606Angelo Neres\n|player|p1|\n|l|\u2606juacox300\n|player|p2|\n","uploadtime":1737566862,"views":51,"formatid":"gen9vgc2025regg","rating":1539,"private":0,"password":null}