{"id":"gen9vgc2025regg-2286936736","format":"[Gen 9] VGC 2025 Reg G","players":["Roxie_Stardust","no1torterrafan"],"log":"|j|\u2606Roxie_Stardust\n|j|\u2606no1torterrafan\n|t:|1737670032\n|gametype|doubles\n|player|p1|Roxie_Stardust|carmine|1510\n|player|p2|no1torterrafan|nurse|1573\n|teamsize|p1|6\n|teamsize|p2|6\n|gen|9\n|tier|[Gen 9] VGC 2025 Reg G\n|rated|\n|rule|Species Clause: Limit one of each Pok\u00e9mon\n|rule|Item Clause: Limit 1 of each item\n|clearpoke\n|poke|p1|Kyogre, L50|\n|poke|p1|Amoonguss, L50, F|\n|poke|p1|Rillaboom, L50, F|\n|poke|p1|Incineroar, L50, M|\n|poke|p1|Urshifu-*, L50, F|\n|poke|p1|Roaring Moon, L50|\n|poke|p2|Koraidon, L50|\n|poke|p2|Raging Bolt, L50|\n|poke|p2|Flutter Mane, L50|\n|poke|p2|Brute Bonnet, L50|\n|poke|p2|Arcanine-Hisui, L50, M|\n|poke|p2|Torterra, L50, M|\n|teampreview|4\n|\n|t:|1737670064\n|start\n|switch|p1a: Roaring Moon|Roaring Moon, L50|100\/100\n|switch|p1b: Kyogre|Kyogre, L50|100\/100\n|switch|p2a: Flutter Mane|Flutter Mane, L50|100\/100\n|switch|p2b: Raging Bolt|Raging Bolt, L50|100\/100\n|-weather|RainDance|[from] ability: Drizzle|[of] p1b: Kyogre\n|-enditem|p1a: Roaring Moon|Booster Energy\n|-activate|p1a: Roaring Moon|ability: Protosynthesis|[fromitem]\n|-start|p1a: Roaring Moon|protosynthesisspe\n|turn|1\n|\n|t:|1737670085\n|switch|p1b: Rillaboom|Rillaboom, L50, F|100\/100\n|-fieldstart|move: Grassy Terrain|[from] ability: Grassy Surge|[of] p1b: Rillaboom\n|-terastallize|p1a: Roaring Moon|Flying\n|move|p1a: Roaring Moon|Acrobatics|p2a: Flutter Mane\n|-enditem|p2a: Flutter Mane|Focus Sash\n|-damage|p2a: Flutter Mane|1\/100\n|move|p2a: Flutter Mane|Moonblast|p1a: Roaring Moon\n|-damage|p1a: Roaring Moon|56\/100\n|move|p2b: Raging Bolt|Thunderbolt|p1b: Rillaboom\n|-resisted|p1b: Rillaboom\n|-damage|p1b: Rillaboom|83\/100\n|\n|-weather|RainDance|[upkeep]\n|-heal|p2a: Flutter Mane|7\/100|[from] Grassy Terrain\n|-heal|p1b: Rillaboom|89\/100|[from] Grassy Terrain\n|upkeep\n|turn|2\n|\n|t:|1737670101\n|move|p2a: Flutter Mane|Protect|p2a: Flutter Mane\n|-singleturn|p2a: Flutter Mane|Protect\n|move|p1b: Rillaboom|Fake Out|p2b: Raging Bolt\n|-damage|p2b: Raging Bolt|90\/100\n|move|p1a: Roaring Moon|Knock Off|p2b: Raging Bolt\n|-damage|p2b: Raging Bolt|51\/100\n|-enditem|p2b: Raging Bolt|Assault Vest|[from] move: Knock Off|[of] p1a: Roaring Moon\n|cant|p2b: Raging Bolt|flinch\n|\n|-weather|RainDance|[upkeep]\n|-heal|p2a: Flutter Mane|13\/100|[from] Grassy Terrain\n|-heal|p1b: Rillaboom|95\/100|[from] Grassy Terrain\n|-heal|p2b: Raging Bolt|57\/100|[from] Grassy Terrain\n|upkeep\n|turn|3\n|\n|t:|1737670119\n|move|p1a: Roaring Moon|Protect|p1a: Roaring Moon\n|-singleturn|p1a: Roaring Moon|Protect\n|move|p2a: Flutter Mane|Icy Wind|p1b: Rillaboom|[spread] p1b\n|-activate|p1a: Roaring Moon|move: Protect\n|-supereffective|p1b: Rillaboom\n|-damage|p1b: Rillaboom|71\/100\n|-unboost|p1b: Rillaboom|spe|1\n|move|p2b: Raging Bolt|Thunderbolt|p1a: Roaring Moon\n|-activate|p1a: Roaring Moon|move: Protect\n|move|p1b: Rillaboom|Drum Beating|p2a: Flutter Mane\n|-damage|p2a: Flutter Mane|0 fnt\n|faint|p2a: Flutter Mane\n|-end|p2a: Flutter Mane|Protosynthesis|[silent]\n|\n|-weather|RainDance|[upkeep]\n|-heal|p2b: Raging Bolt|63\/100|[from] Grassy Terrain\n|-heal|p1b: Rillaboom|78\/100|[from] Grassy Terrain\n|upkeep\n|\n|t:|1737670128\n|switch|p2a: Koraidon|Koraidon, L50|100\/100\n|-weather|SunnyDay|[from] ability: Orichalcum Pulse|[of] p2a: Koraidon\n|-activate|p2b: Raging Bolt|ability: Protosynthesis\n|-start|p2b: Raging Bolt|protosynthesisspa\n|-activate|p2a: Koraidon|Orichalcum Pulse|[source]\n|turn|4\n|j| ogaroa\n|\n|t:|1737670154\n|switch|p2a: Brute Bonnet|Brute Bonnet, L50|100\/100\n|-activate|p2a: Brute Bonnet|ability: Protosynthesis\n|-start|p2a: Brute Bonnet|protosynthesisspd\n|move|p1a: Roaring Moon|Tailwind|p1a: Roaring Moon\n|-sidestart|p1: Roxie_Stardust|move: Tailwind\n|move|p1b: Rillaboom|U-turn|p2b: Raging Bolt\n|-damage|p2b: Raging Bolt|46\/100\n|\n|t:|1737670187\n|switch|p1b: Kyogre|Kyogre, L50|100\/100|[from] U-turn\n|-weather|RainDance|[from] ability: Drizzle|[of] p1b: Kyogre\n|-end|p2b: Raging Bolt|Protosynthesis\n|-end|p2a: Brute Bonnet|Protosynthesis\n|move|p2b: Raging Bolt|Thunderbolt|p1a: Roaring Moon\n|-supereffective|p1a: Roaring Moon\n|-damage|p1a: Roaring Moon|0 fnt\n|faint|p1a: Roaring Moon\n|-end|p1a: Roaring Moon|Protosynthesis|[silent]\n|\n|-weather|RainDance|[upkeep]\n|-heal|p2b: Raging Bolt|52\/100|[from] Grassy Terrain\n|upkeep\n|\n|t:|1737670205\n|switch|p1a: Rillaboom|Rillaboom, L50, F|78\/100\n|turn|5\n|\n|t:|1737670230\n|move|p1a: Rillaboom|U-turn|p2a: Brute Bonnet\n|-supereffective|p2a: Brute Bonnet\n|-damage|p2a: Brute Bonnet|25\/100\n|-damage|p1a: Rillaboom|61\/100|[from] item: Rocky Helmet|[of] p2a: Brute Bonnet\n|\n|t:|1737670234\n|switch|p1a: Urshifu|Urshifu-Rapid-Strike, L50, F|100\/100|[from] U-turn\n|move|p1b: Kyogre|Ice Beam|p2b: Raging Bolt\n|-supereffective|p2b: Raging Bolt\n|-damage|p2b: Raging Bolt|0 fnt\n|faint|p2b: Raging Bolt\n|-end|p2b: Raging Bolt|Protosynthesis|[silent]\n|move|p2a: Brute Bonnet|Spore|p1b: Kyogre\n|-status|p1b: Kyogre|slp|[from] move: Spore\n|\n|-weather|RainDance|[upkeep]\n|-heal|p2a: Brute Bonnet|32\/100|[from] Grassy Terrain\n|-fieldend|move: Grassy Terrain\n|upkeep\n|\n|t:|1737670244\n|switch|p2b: Koraidon|Koraidon, L50|100\/100\n|-weather|SunnyDay|[from] ability: Orichalcum Pulse|[of] p2b: Koraidon\n|-activate|p2a: Brute Bonnet|ability: Protosynthesis\n|-start|p2a: Brute Bonnet|protosynthesisspd\n|-activate|p2b: Koraidon|Orichalcum Pulse|[source]\n|turn|6\n|\n|t:|1737670252\n|switch|p1b: Rillaboom|Rillaboom, L50, F|61\/100\n|-fieldstart|move: Grassy Terrain|[from] ability: Grassy Surge|[of] p1b: Rillaboom\n|-terastallize|p2a: Brute Bonnet|Poison\n|move|p1a: Urshifu|U-turn|p2a: Brute Bonnet\n|-resisted|p2a: Brute Bonnet\n|-damage|p2a: Brute Bonnet|22\/100\n|-damage|p1a: Urshifu|84\/100|[from] item: Rocky Helmet|[of] p2a: Brute Bonnet\n|\n|t:|1737670257\n|switch|p1a: Kyogre|Kyogre, L50|100\/100 slp|[from] U-turn\n|-weather|RainDance|[from] ability: Drizzle|[of] p1a: Kyogre\n|-end|p2a: Brute Bonnet|Protosynthesis\n|move|p2b: Koraidon|Collision Course|p1b: Rillaboom\n|-damage|p1b: Rillaboom|6\/100\n|move|p2a: Brute Bonnet|Spore|p1a: Kyogre\n|-fail|p1a: Kyogre|slp\n|\n|-weather|RainDance|[upkeep]\n|-heal|p1b: Rillaboom|12\/100|[from] Grassy Terrain\n|-heal|p2a: Brute Bonnet|28\/100|[from] Grassy Terrain\n|upkeep\n|turn|7\n|\n|t:|1737670280\n|cant|p1a: Kyogre|slp\n|move|p1b: Rillaboom|Fake Out|p2a: Brute Bonnet\n|-damage|p2a: Brute Bonnet|17\/100\n|-damage|p1b: Rillaboom|0 fnt|[from] item: Rocky Helmet|[of] p2a: Brute Bonnet\n|faint|p1b: Rillaboom\n|move|p2b: Koraidon|Flame Charge|p1a: Kyogre\n|-resisted|p1a: Kyogre\n|-damage|p1a: Kyogre|97\/100 slp\n|-boost|p2b: Koraidon|spe|1\n|cant|p2a: Brute Bonnet|flinch\n|\n|-weather|RainDance|[upkeep]\n|-heal|p1a: Kyogre|100\/100 slp|[from] Grassy Terrain\n|-heal|p2a: Brute Bonnet|23\/100|[from] Grassy Terrain\n|-sideend|p1: Roxie_Stardust|move: Tailwind\n|upkeep\n|\n|t:|1737670288\n|switch|p1b: Urshifu|Urshifu-Rapid-Strike, L50, F|84\/100\n|turn|8\n|\n|t:|1737670306\n|move|p2a: Brute Bonnet|Rage Powder|p2a: Brute Bonnet\n|-singleturn|p2a: Brute Bonnet|move: Rage Powder\n|move|p2b: Koraidon|Collision Course|p1a: Kyogre\n|-damage|p1a: Kyogre|50\/100 slp\n|move|p1b: Urshifu|Surging Strikes|p2a: Brute Bonnet\n|-crit|p2a: Brute Bonnet\n|-damage|p2a: Brute Bonnet|0 fnt\n|-damage|p1b: Urshifu|68\/100|[from] item: Rocky Helmet|[of] p2a: Brute Bonnet\n|faint|p2a: Brute Bonnet\n|-end|p2a: Brute Bonnet|Protosynthesis|[silent]\n|-hitcount|p2: Brute Bonnet|1\n|-curestatus|p1a: Kyogre|slp|[msg]\n|move|p1a: Kyogre|Ice Beam|p2b: Koraidon\n|-supereffective|p2b: Koraidon\n|-damage|p2b: Koraidon|31\/100\n|\n|-weather|RainDance|[upkeep]\n|-heal|p2b: Koraidon|38\/100|[from] Grassy Terrain\n|-heal|p1b: Urshifu|74\/100|[from] Grassy Terrain\n|-heal|p1a: Kyogre|57\/100|[from] Grassy Terrain\n|-heal|p1a: Kyogre|63\/100|[from] item: Leftovers\n|upkeep\n|turn|9\n|\n|t:|1737670323\n|move|p2b: Koraidon|Collision Course|p1b: Urshifu\n|-damage|p1b: Urshifu|18\/100\n|move|p1b: Urshifu|Surging Strikes|p2b: Koraidon\n|-resisted|p2b: Koraidon\n|-crit|p2b: Koraidon\n|-damage|p2b: Koraidon|25\/100\n|-resisted|p2b: Koraidon\n|-crit|p2b: Koraidon\n|-damage|p2b: Koraidon|12\/100\n|-resisted|p2b: Koraidon\n|-crit|p2b: Koraidon\n|-damage|p2b: Koraidon|0 fnt\n|faint|p2b: Koraidon\n|-hitcount|p2: Koraidon|3\n|\n|win|Roxie_Stardust\n|raw|Roxie_Stardust's rating: 1510 &rarr; <strong>1534<\/strong><br \/>(+24 for winning)\n|raw|no1torterrafan's rating: 1573 &rarr; <strong>1549<\/strong><br \/>(-24 for losing)\n|l|\u2606Roxie_Stardust\n|player|p1|\n|l|\u2606no1torterrafan\n|player|p2|\n","uploadtime":1737670574,"views":3,"formatid":"gen9vgc2025regg","rating":1534,"private":0,"password":null}