{"id":"gen9vgc2025regg-2286228089","format":"[Gen 9] VGC 2025 Reg G","players":["Duryodhan","infinitygroudon"],"log":"|j|\u2606Duryodhan\n|j|\u2606infinitygroudon\n|t:|1737580500\n|gametype|doubles\n|player|p1|Duryodhan|170|1621\n|player|p2|infinitygroudon|101|1747\n|teamsize|p1|6\n|teamsize|p2|6\n|gen|9\n|tier|[Gen 9] VGC 2025 Reg G\n|rated|\n|rule|Species Clause: Limit one of each Pok\u00e9mon\n|rule|Item Clause: Limit 1 of each item\n|clearpoke\n|poke|p1|Calyrex-Ice, L50|\n|poke|p1|Indeedee-F, L50, F|\n|poke|p1|Gallade, L50, M|\n|poke|p1|Raging Bolt, L50|\n|poke|p1|Amoonguss, L50, M|\n|poke|p1|Ursaluna, L50, M|\n|poke|p2|Calyrex-Shadow, L50|\n|poke|p2|Incineroar, L50, M|\n|poke|p2|Weezing-Galar, L50, M|\n|poke|p2|Indeedee-F, L50, F|\n|poke|p2|Iron Valiant, L50|\n|poke|p2|Ursaluna-Bloodmoon, L50, M|\n|teampreview|4\n|j| mr pogostick\n|\n|t:|1737580538\n|start\n|switch|p1a: Indeedee|Indeedee-F, L50, F|100\/100\n|switch|p1b: Ursaluna|Ursaluna, L50, M|100\/100\n|switch|p2a: Mr. Gassy|Weezing-Galar, L50, M|100\/100\n|switch|p2b: Duncan|Calyrex-Shadow, L50|100\/100\n|-ability|p2b: Duncan|As One\n|-ability|p2b: Duncan|Unnerve\n|-ability|p2a: Mr. Gassy|Neutralizing Gas\n|turn|1\n|\n|t:|1737580557\n|move|p2b: Duncan|Protect|p2b: Duncan\n|-singleturn|p2b: Duncan|Protect\n|move|p2a: Mr. Gassy|Taunt|p1a: Indeedee\n|-start|p1a: Indeedee|move: Taunt\n|-enditem|p1a: Indeedee|Mental Herb\n|-end|p1a: Indeedee|move: Taunt\n|move|p1b: Ursaluna|Headlong Rush|p2a: Mr. Gassy\n|-supereffective|p2a: Mr. Gassy\n|-damage|p2a: Mr. Gassy|0 fnt\n|-unboost|p1b: Ursaluna|def|1\n|-unboost|p1b: Ursaluna|spd|1\n|faint|p2a: Mr. Gassy\n|-end|p2a: Mr. Gassy|ability: Neutralizing Gas\n|-fieldstart|move: Psychic Terrain|[from] ability: Psychic Surge|[of] p1a: Indeedee\n|move|p1a: Indeedee|Trick Room|p1a: Indeedee\n|-fieldstart|move: Trick Room|[of] p1a: Indeedee\n|\n|-status|p1b: Ursaluna|brn|[from] item: Flame Orb\n|upkeep\n|\n|t:|1737580568\n|switch|p2a: Banderilla|Incineroar, L50, M|100\/100\n|-ability|p2a: Banderilla|Intimidate|boost\n|-unboost|p1a: Indeedee|atk|1\n|-unboost|p1b: Ursaluna|atk|1\n|turn|2\n|\n|t:|1737580603\n|switch|p2b: Charming|Iron Valiant, L50, shiny|100\/100\n|-enditem|p2b: Charming|Booster Energy\n|-activate|p2b: Charming|ability: Quark Drive|[fromitem]\n|-start|p2b: Charming|quarkdrivespe\n|-terastallize|p2a: Banderilla|Ghost\n|move|p1a: Indeedee|Follow Me|p1a: Indeedee\n|-singleturn|p1a: Indeedee|move: Follow Me\n|move|p1b: Ursaluna|Headlong Rush|p2a: Banderilla\n|-crit|p2a: Banderilla\n|-damage|p2a: Banderilla|0 fnt\n|-unboost|p1b: Ursaluna|def|1\n|-unboost|p1b: Ursaluna|spd|1\n|faint|p2a: Banderilla\n|\n|-damage|p1b: Ursaluna|95\/100 brn|[from] brn\n|upkeep\n|\n|t:|1737580613\n|switch|p2a: Duncan|Calyrex-Shadow, L50|100\/100\n|-ability|p2a: Duncan|As One\n|-ability|p2a: Duncan|Unnerve\n|turn|3\n|\n|t:|1737580628\n|move|p2a: Duncan|Protect|p2a: Duncan\n|-singleturn|p2a: Duncan|Protect\n|move|p2b: Charming|Protect|p2b: Charming\n|-singleturn|p2b: Charming|Protect\n|move|p1a: Indeedee|Follow Me|p1a: Indeedee\n|-singleturn|p1a: Indeedee|move: Follow Me\n|move|p1b: Ursaluna|Facade|p2b: Charming\n|-activate|p2b: Charming|move: Protect\n|\n|-damage|p1b: Ursaluna|89\/100 brn|[from] brn\n|upkeep\n|turn|4\n|\n|t:|1737580640\n|move|p1a: Indeedee|Follow Me|p1a: Indeedee\n|-singleturn|p1a: Indeedee|move: Follow Me\n|move|p1b: Ursaluna|Facade|p2b: Charming\n|-damage|p2b: Charming|0 fnt\n|faint|p2b: Charming\n|-end|p2b: Charming|Quark Drive|[silent]\n|move|p2a: Duncan|Expanding Force|p1b: Ursaluna|[spread] p1a,p1b\n|-resisted|p1a: Indeedee\n|-damage|p1a: Indeedee|59\/100\n|-damage|p1b: Ursaluna|0 fnt\n|faint|p1b: Ursaluna\n|-ability|p2a: Duncan|Grim Neigh|boost\n|-boost|p2a: Duncan|spa|1\n|-damage|p2a: Duncan|91\/100|[from] item: Life Orb\n|\n|upkeep\n|\n|t:|1737580656\n|switch|p1b: Calyrex|Calyrex-Ice, L50|100\/100\n|-ability|p1b: Calyrex|As One\n|-ability|p1b: Calyrex|Unnerve\n|turn|5\n|\n|t:|1737580681\n|-terastallize|p1b: Calyrex|Dark\n|move|p1a: Indeedee|Helping Hand|p1b: Calyrex\n|-singleturn|p1b: Calyrex|Helping Hand|[of] p1a: Indeedee\n|move|p1b: Calyrex|Crunch|p2a: Duncan\n|-supereffective|p2a: Duncan\n|-damage|p2a: Duncan|0 fnt\n|faint|p2a: Duncan\n|\n|win|Duryodhan\n|raw|Duryodhan's rating: 1621 &rarr; <strong>1648<\/strong><br \/>(+27 for winning)\n|raw|infinitygroudon's rating: 1747 &rarr; <strong>1720<\/strong><br \/>(-27 for losing)\n|l|\u2606infinitygroudon\n|player|p2|\n|l| mr pogostick\n|l|\u2606Duryodhan\n|player|p1|\n","uploadtime":1737580877,"views":15,"formatid":"gen9vgc2025regg","rating":1648,"private":0,"password":null}