{"id":"gen9vgc2025regg-2286132684","format":"[Gen 9] VGC 2025 Reg G","players":["Yung Trav","chappell murkroan"],"log":"|j|\u203dYung Trav\n|j|\u2606chappell murkroan\n|t:|1737571097\n|gametype|doubles\n|player|p1|Yung Trav|266|1635\n|player|p2|chappell murkroan|caitlin|1698\n|teamsize|p1|6\n|teamsize|p2|6\n|gen|9\n|tier|[Gen 9] VGC 2025 Reg G\n|rated|\n|rule|Species Clause: Limit one of each Pok\u00e9mon\n|rule|Item Clause: Limit 1 of each item\n|clearpoke\n|poke|p1|Calyrex-Ice, L50|\n|poke|p1|Regidrago, L50|\n|poke|p1|Smeargle, L50, M|\n|poke|p1|Farigiraf, L50, M|\n|poke|p1|Urshifu-*, L50, M|\n|poke|p1|Ogerpon-Cornerstone, L50, F|\n|poke|p2|Miraidon, L50|\n|poke|p2|Chi-Yu, L50|\n|poke|p2|Whimsicott, L50, M|\n|poke|p2|Urshifu-*, L50, M|\n|poke|p2|Gothitelle, L50, M|\n|poke|p2|Kingambit, L50, F|\n|teampreview|4\n|inactive|Battle timer is ON: inactive players will automatically lose when time's up. (requested by chappell murkroan)\n|inactive|Yung Trav has 60 seconds left.\n|inactive|chappell murkroan has 60 seconds left.\n|\n|t:|1737571139\n|start\n|switch|p1a: Calyrex|Calyrex-Ice, L50|100\/100\n|switch|p1b: Ogerpon|Ogerpon-Cornerstone, L50, F|100\/100\n|switch|p2a: Miraidon|Miraidon, L50|100\/100\n|switch|p2b: Gothitelle|Gothitelle, L50, M|100\/100\n|-ability|p1a: Calyrex|As One\n|-ability|p1a: Calyrex|Unnerve\n|-fieldstart|move: Electric Terrain|[from] ability: Hadron Engine|[of] p2a: Miraidon\n|turn|1\n|\n|t:|1737571160\n|move|p1a: Calyrex|Protect|p1a: Calyrex\n|-singleturn|p1a: Calyrex|Protect\n|move|p2a: Miraidon|Volt Switch|p1b: Ogerpon\n|-resisted|p1b: Ogerpon\n|-damage|p1b: Ogerpon|63\/100\n|\n|t:|1737571166\n|switch|p2a: Kingambit|Kingambit, L50, F|100\/100|[from] Volt Switch\n|move|p1b: Ogerpon|Taunt|p2b: Gothitelle\n|-start|p2b: Gothitelle|move: Taunt\n|cant|p2b: Gothitelle|move: Taunt|Trick Room\n|\n|upkeep\n|turn|2\n|j| Sorry Im Trapped\n|inactive|chappell murkroan has 30 seconds left.\n|\n|t:|1737571199\n|switch|p2b: Miraidon|Miraidon, L50|100\/100\n|-activate|p2b: Miraidon|ability: Hadron Engine\n|move|p1b: Ogerpon|Follow Me|p1b: Ogerpon\n|-singleturn|p1b: Ogerpon|move: Follow Me\n|move|p1a: Calyrex|Glacial Lance|p2b: Miraidon|[spread] p2a,p2b\n|-resisted|p2a: Kingambit\n|-supereffective|p2b: Miraidon\n|-damage|p2a: Kingambit|79\/100\n|-damage|p2b: Miraidon|0 fnt\n|faint|p2b: Miraidon\n|-ability|p1a: Calyrex|Chilling Neigh|boost\n|-boost|p1a: Calyrex|atk|1\n|move|p2a: Kingambit|Iron Head|p1b: Ogerpon\n|-supereffective|p1b: Ogerpon\n|-damage|p1b: Ogerpon|0 fnt\n|faint|p1b: Ogerpon\n|\n|upkeep\n|\n|t:|1737571218\n|switch|p2b: Chi-Yu|Chi-Yu, L50|100\/100\n|switch|p1b: Smeargle|Smeargle, L50, M, shiny|100\/100\n|-ability|p2b: Chi-Yu|Beads of Ruin\n|turn|3\n|j| kiabu233\n|\n|t:|1737571237\n|-terastallize|p2b: Chi-Yu|Ghost\n|-terastallize|p1a: Calyrex|Water\n|move|p1b: Smeargle|Fake Out|p2a: Kingambit\n|-resisted|p2a: Kingambit\n|-damage|p2a: Kingambit|77\/100\n|move|p2b: Chi-Yu|Heat Wave|p1b: Smeargle|[spread] p1a,p1b\n|-resisted|p1a: Calyrex\n|-damage|p1a: Calyrex|73\/100\n|-enditem|p1b: Smeargle|Focus Sash\n|-damage|p1b: Smeargle|1\/100\n|-status|p1a: Calyrex|brn\n|move|p1a: Calyrex|High Horsepower|p2b: Chi-Yu\n|-damage|p2b: Chi-Yu|64\/100\n|cant|p2a: Kingambit|flinch\n|\n|-damage|p1a: Calyrex|67\/100 brn|[from] brn\n|upkeep\n|turn|4\n|\n|t:|1737571260\n|move|p1b: Smeargle|Follow Me|p1b: Smeargle\n|-singleturn|p1b: Smeargle|move: Follow Me\n|move|p2b: Chi-Yu|Heat Wave|p1a: Calyrex|[spread] p1a,p1b\n|-resisted|p1a: Calyrex\n|-damage|p1a: Calyrex|42\/100 brn\n|-damage|p1b: Smeargle|0 fnt\n|faint|p1b: Smeargle\n|move|p2a: Kingambit|Kowtow Cleave|p1a: Calyrex\n|-damage|p1a: Calyrex|12\/100 brn\n|move|p1a: Calyrex|Trick Room|p1a: Calyrex\n|-fieldstart|move: Trick Room|[of] p1a: Calyrex\n|\n|-damage|p1a: Calyrex|6\/100 brn|[from] brn\n|upkeep\n|\n|t:|1737571273\n|switch|p1b: Regidrago|Regidrago, L50, shiny|100\/100\n|turn|5\n|\n|t:|1737571279\n|move|p2a: Kingambit|Sucker Punch|p1b: Regidrago\n|-damage|p1b: Regidrago|70\/100\n|move|p1b: Regidrago|Dragon Energy|p2a: Kingambit|[spread] p2a,p2b\n|-resisted|p2a: Kingambit\n|-damage|p2a: Kingambit|53\/100\n|-damage|p2b: Chi-Yu|11\/100\n|move|p1a: Calyrex|High Horsepower|p2a: Kingambit\n|-supereffective|p2a: Kingambit\n|-damage|p2a: Kingambit|4\/100\n|move|p2b: Chi-Yu|Heat Wave|p1a: Calyrex|[spread] p1a,p1b\n|-resisted|p1a: Calyrex\n|-resisted|p1b: Regidrago\n|-damage|p1a: Calyrex|0 fnt\n|-damage|p1b: Regidrago|27\/100\n|faint|p1a: Calyrex\n|\n|-fieldend|move: Electric Terrain\n|upkeep\n|turn|6\n|-message|Yung Trav forfeited.\n|\n|win|chappell murkroan\n|raw|Yung Trav's rating: 1635 &rarr; <strong>1619<\/strong><br \/>(-16 for losing)\n|raw|chappell murkroan's rating: 1698 &rarr; <strong>1714<\/strong><br \/>(+16 for winning)\n|l|\u203dYung Trav\n|player|p1|\n|j|\u203dYung Trav\n|player|p1|Yung Trav|266|\n|l|\u2606chappell murkroan\n|player|p2|\n|l|\u203dYung Trav\n|player|p1|\n|l| kiabu233\n|l| Sorry Im Trapped\n","uploadtime":1737571563,"views":24,"formatid":"gen9vgc2025regg","rating":1619,"private":0,"password":null}