{"id":"gen9vgc2025regg-2286822185","format":"[Gen 9] VGC 2025 Reg G","players":["kattikaaa","infinitygroudon"],"log":"|j|\u2606kattikaaa\n|j|\u2606infinitygroudon\n|t:|1737658479\n|gametype|doubles\n|player|p1|kattikaaa|101|1558\n|player|p2|infinitygroudon|266|1704\n|teamsize|p1|6\n|teamsize|p2|6\n|gen|9\n|tier|[Gen 9] VGC 2025 Reg G\n|rated|\n|rule|Species Clause: Limit one of each Pok\u00e9mon\n|rule|Item Clause: Limit 1 of each item\n|clearpoke\n|poke|p1|Calyrex-Ice, L50|\n|poke|p1|Torkoal, L50, M|\n|poke|p1|Indeedee-F, L50, F|\n|poke|p1|Hatterene, L50, F|\n|poke|p1|Iron Hands, L50|\n|poke|p1|Ursaluna-Bloodmoon, L50, M|\n|poke|p2|Calyrex-Shadow, L50|\n|poke|p2|Incineroar, L50, M|\n|poke|p2|Weezing-Galar, L50, M|\n|poke|p2|Indeedee-F, L50, F|\n|poke|p2|Iron Valiant, L50|\n|poke|p2|Ursaluna-Bloodmoon, L50, M|\n|teampreview|4\n|inactive|Battle timer is ON: inactive players will automatically lose when time's up. (requested by kattikaaa)\n|\n|t:|1737658502\n|start\n|switch|p1a: Indeedee|Indeedee-F, L50, F|100\/100\n|switch|p1b: Calyrex|Calyrex-Ice, L50|100\/100\n|switch|p2a: Banderilla|Incineroar, L50, M|100\/100\n|switch|p2b: Duncan|Calyrex-Shadow, L50|100\/100\n|-ability|p2b: Duncan|As One\n|-ability|p2b: Duncan|Unnerve\n|-ability|p1b: Calyrex|As One\n|-ability|p1b: Calyrex|Unnerve\n|-fieldstart|move: Psychic Terrain|[from] ability: Psychic Surge|[of] p1a: Indeedee\n|-ability|p2a: Banderilla|Intimidate|boost\n|-unboost|p1a: Indeedee|atk|1\n|-fail|p1b: Calyrex|unboost|[from] item: Clear Amulet|[of] p1b: Calyrex\n|turn|1\n|inactive|kattikaaa has 30 seconds left.\n|\n|t:|1737658529\n|-terastallize|p1b: Calyrex|Grass\n|move|p1a: Indeedee|Follow Me|p1a: Indeedee\n|-singleturn|p1a: Indeedee|move: Follow Me\n|move|p2b: Duncan|Astral Barrage|p1b: Calyrex|[spread] p1b\n|-immune|p1a: Indeedee\n|-damage|p1b: Calyrex|57\/100\n|-damage|p2b: Duncan|91\/100|[from] item: Life Orb\n|move|p2a: Banderilla|Knock Off|p1a: Indeedee\n|-supereffective|p1a: Indeedee\n|-damage|p1a: Indeedee|18\/100\n|-enditem|p1a: Indeedee|Safety Goggles|[from] move: Knock Off|[of] p2a: Banderilla\n|move|p1b: Calyrex|Trick Room|p1b: Calyrex\n|-fieldstart|move: Trick Room|[of] p1b: Calyrex\n|\n|upkeep\n|turn|2\n|\n|t:|1737658551\n|move|p1a: Indeedee|Helping Hand|p1b: Calyrex\n|-singleturn|p1b: Calyrex|Helping Hand|[of] p1a: Indeedee\n|move|p1b: Calyrex|Heavy Slam|p2b: Duncan\n|-damage|p2b: Duncan|6\/100\n|move|p2a: Banderilla|Knock Off|p1b: Calyrex\n|-damage|p1b: Calyrex|33\/100\n|-enditem|p1b: Calyrex|Clear Amulet|[from] move: Knock Off|[of] p2a: Banderilla\n|move|p2b: Duncan|Expanding Force|p1a: Indeedee|[spread] p1a,p1b\n|-resisted|p1a: Indeedee\n|-damage|p1a: Indeedee|0 fnt\n|-damage|p1b: Calyrex|0 fnt\n|faint|p1a: Indeedee\n|faint|p1b: Calyrex\n|-ability|p2b: Duncan|Grim Neigh|boost\n|-boost|p2b: Duncan|spa|2\n|-damage|p2b: Duncan|0 fnt|[from] item: Life Orb\n|faint|p2b: Duncan\n|\n|upkeep\n|\n|t:|1737658570\n|switch|p1b: Iron Hands|Iron Hands, L50|100\/100\n|switch|p1a: Torkoal|Torkoal, L50, M|100\/100\n|switch|p2b: Charming|Iron Valiant, L50, shiny|100\/100\n|-weather|SunnyDay|[from] ability: Drought|[of] p1a: Torkoal\n|-enditem|p2b: Charming|Booster Energy\n|-activate|p2b: Charming|ability: Quark Drive|[fromitem]\n|-start|p2b: Charming|quarkdrivespe\n|turn|3\n|\n|t:|1737658586\n|-terastallize|p2a: Banderilla|Ghost\n|move|p2b: Charming|Protect|p2b: Charming\n|-singleturn|p2b: Charming|Protect\n|move|p1a: Torkoal|Weather Ball|p2b: Charming\n|-activate|p2b: Charming|move: Protect\n|move|p1b: Iron Hands|Drain Punch|p2a: Banderilla\n|-immune|p2a: Banderilla\n|move|p2a: Banderilla|Parting Shot|p1b: Iron Hands\n|-unboost|p1b: Iron Hands|atk|1\n|-unboost|p1b: Iron Hands|spa|1\n|\n|t:|1737658594\n|switch|p2a: Mr. Grizz|Ursaluna-Bloodmoon, L50, M|100\/100|[from] Parting Shot\n|\n|-weather|SunnyDay|[upkeep]\n|upkeep\n|turn|4\n|\n|t:|1737658612\n|-end|p2b: Charming|Quark Drive|[silent]\n|switch|p2b: Banderilla|Incineroar, L50, M, tera:Ghost|100\/100\n|-ability|p2b: Banderilla|Intimidate|boost\n|-unboost|p1a: Torkoal|atk|1\n|-unboost|p1b: Iron Hands|atk|1\n|move|p1a: Torkoal|Weather Ball|p2a: Mr. Grizz\n|-damage|p2a: Mr. Grizz|40\/100\n|move|p1b: Iron Hands|Wild Charge|p2b: Banderilla\n|-damage|p2b: Banderilla|74\/100\n|-damage|p1b: Iron Hands|95\/100|[from] Recoil\n|move|p2a: Mr. Grizz|Earth Power|p1a: Torkoal\n|-supereffective|p1a: Torkoal\n|-damage|p1a: Torkoal|0 fnt\n|faint|p1a: Torkoal\n|\n|-weather|SunnyDay|[upkeep]\n|upkeep\n|turn|5\n|-message|kattikaaa forfeited.\n|\n|win|infinitygroudon\n|raw|kattikaaa's rating: 1558 &rarr; <strong>1546<\/strong><br \/>(-12 for losing)\n|raw|infinitygroudon's rating: 1704 &rarr; <strong>1716<\/strong><br \/>(+12 for winning)\n|l|\u2606infinitygroudon\n|player|p2|\n|l|\u2606kattikaaa\n|player|p1|\n","uploadtime":1737658793,"views":6,"formatid":"gen9vgc2025regg","rating":1546,"private":0,"password":null}