{"id":"gen9vgc2025regg-2286812397","format":"[Gen 9] VGC 2025 Reg G","players":["Woke archaludon","Ou5000000"],"log":"|j|\u203dWoke archaludon\n|j|\u2606Ou5000000\n|t:|1737657556\n|gametype|doubles\n|player|p1|Woke archaludon|beauty-gen5bw2|1574\n|player|p2|Ou5000000|169|1526\n|teamsize|p1|6\n|teamsize|p2|6\n|gen|9\n|tier|[Gen 9] VGC 2025 Reg G\n|rated|\n|rule|Species Clause: Limit one of each Pok\u00e9mon\n|rule|Item Clause: Limit 1 of each item\n|clearpoke\n|poke|p1|Terapagos, L50, M|\n|poke|p1|Flutter Mane, L50|\n|poke|p1|Tornadus, L50, M|\n|poke|p1|Incineroar, L50, M|\n|poke|p1|Rillaboom, L50, F|\n|poke|p1|Walking Wake, L50|\n|poke|p2|Regidrago, L50|\n|poke|p2|Urshifu-*, L50, M|\n|poke|p2|Tornadus, L50, M|\n|poke|p2|Zamazenta-*, L50|\n|poke|p2|Rillaboom, L50, M|\n|poke|p2|Chien-Pao, L50|\n|teampreview|4\n|inactive|Battle timer is ON: inactive players will automatically lose when time's up. (requested by Woke archaludon)\n|inactive|Ou5000000 has 60 seconds left.\n|\n|t:|1737657601\n|start\n|switch|p1a: Flutter Mane|Flutter Mane, L50|100\/100\n|switch|p1b: Tornadus|Tornadus, L50, M|100\/100\n|switch|p2a: Urshifu|Urshifu-Rapid-Strike, L50, M|100\/100\n|switch|p2b: Zamazenta|Zamazenta-Crowned, L50|100\/100\n|-ability|p2b: Zamazenta|Dauntless Shield|boost\n|-boost|p2b: Zamazenta|def|1\n|-enditem|p1a: Flutter Mane|Booster Energy\n|-activate|p1a: Flutter Mane|ability: Protosynthesis|[fromitem]\n|-start|p1a: Flutter Mane|protosynthesisspe\n|turn|1\n|inactive|Ou5000000 has 30 seconds left.\n|inactive|Woke archaludon has 30 seconds left.\n|inactive|Ou5000000 has 20 seconds left.\n|inactive|Ou5000000 has 15 seconds left.\n|\n|t:|1737657643\n|-terastallize|p2a: Urshifu|Water\n|move|p1a: Flutter Mane|Moonblast|p2a: Urshifu\n|-damage|p2a: Urshifu|56\/100\n|-unboost|p2a: Urshifu|spa|1\n|move|p2b: Zamazenta|Heavy Slam|p1b: Tornadus\n|-damage|p1b: Tornadus|44\/100\n|move|p1b: Tornadus|Bleakwind Storm|p2a: Urshifu|[spread] p2a,p2b\n|-damage|p2a: Urshifu|17\/100\n|-damage|p2b: Zamazenta|76\/100\n|-unboost|p2b: Zamazenta|spe|1\n|move|p2a: Urshifu|Surging Strikes|p1a: Flutter Mane\n|-crit|p1a: Flutter Mane\n|-damage|p1a: Flutter Mane|64\/100\n|-crit|p1a: Flutter Mane\n|-damage|p1a: Flutter Mane|23\/100\n|-crit|p1a: Flutter Mane\n|-damage|p1a: Flutter Mane|0 fnt\n|faint|p1a: Flutter Mane\n|-end|p1a: Flutter Mane|Protosynthesis|[silent]\n|-hitcount|p1: Flutter Mane|3\n|\n|upkeep\n|\n|t:|1737657655\n|switch|p1a: Walking Wake|Walking Wake, L50|100\/100\n|turn|2\n|inactive|Woke archaludon has 30 seconds left.\n|\n|t:|1737657680\n|-terastallize|p1a: Walking Wake|Fire\n|move|p1b: Tornadus|Sunny Day|p1b: Tornadus\n|-weather|SunnyDay\n|-activate|p1a: Walking Wake|ability: Protosynthesis\n|-start|p1a: Walking Wake|protosynthesisspe\n|move|p1a: Walking Wake|Flamethrower|p2b: Zamazenta\n|-supereffective|p2b: Zamazenta\n|-damage|p2b: Zamazenta|0 fnt\n|faint|p2b: Zamazenta\n|-damage|p1a: Walking Wake|91\/100|[from] item: Life Orb\n|move|p2a: Urshifu|Close Combat|p1a: Walking Wake\n|-damage|p1a: Walking Wake|29\/100\n|-unboost|p2a: Urshifu|def|1\n|-unboost|p2a: Urshifu|spd|1\n|\n|-weather|SunnyDay|[upkeep]\n|upkeep\n|\n|t:|1737657700\n|switch|p2b: Tornadus|Tornadus, L50, M|100\/100\n|turn|3\n|\n|t:|1737657713\n|-end|p1a: Walking Wake|Protosynthesis|[silent]\n|switch|p1a: Incineroar|Incineroar, L50, M|100\/100\n|-ability|p1a: Incineroar|Intimidate|boost\n|-unboost|p2a: Urshifu|atk|1\n|-unboost|p2b: Tornadus|atk|1\n|move|p2a: Urshifu|Aqua Jet|p1a: Incineroar\n|-supereffective|p1a: Incineroar\n|-damage|p1a: Incineroar|87\/100\n|-damage|p2a: Urshifu|1\/100|[from] item: Rocky Helmet|[of] p1a: Incineroar\n|move|p2b: Tornadus|Rain Dance|p2b: Tornadus\n|-weather|RainDance\n|move|p1b: Tornadus|Bleakwind Storm|p2b: Tornadus|[spread] p2a,p2b\n|-damage|p2a: Urshifu|0 fnt\n|-damage|p2b: Tornadus|63\/100\n|faint|p2a: Urshifu\n|\n|-weather|RainDance|[upkeep]\n|upkeep\n|\n|t:|1737657728\n|switch|p2a: Regidrago|Regidrago, L50|100\/100\n|turn|4\n|\n|t:|1737657746\n|move|p2b: Tornadus|Tailwind|p2b: Tornadus\n|-sidestart|p2: Ou5000000|move: Tailwind\n|move|p2a: Regidrago|Dragon Energy|p1b: Tornadus|[spread] p1a,p1b\n|-damage|p1a: Incineroar|0 fnt\n|-damage|p1b: Tornadus|0 fnt\n|faint|p1a: Incineroar\n|faint|p1b: Tornadus\n|-damage|p2a: Regidrago|91\/100|[from] item: Life Orb\n|\n|-weather|RainDance|[upkeep]\n|upkeep\n|\n|t:|1737657751\n|switch|p1b: Walking Wake|Walking Wake, L50, tera:Fire|29\/100\n|turn|5\n|-message|Woke archaludon forfeited.\n|\n|win|Ou5000000\n|raw|Woke archaludon's rating: 1574 &rarr; <strong>1551<\/strong><br \/>(-23 for losing)\n|raw|Ou5000000's rating: 1526 &rarr; <strong>1549<\/strong><br \/>(+23 for winning)\n|l|\u203dWoke archaludon\n|player|p1|\n|l|\u2606Ou5000000\n|player|p2|\n","uploadtime":1737657961,"views":4,"formatid":"gen9vgc2025regg","rating":1549,"private":0,"password":null}