{"id":"gen9vgc2025regg-2286945628","format":"[Gen 9] VGC 2025 Reg G","players":["no1torterrafan","Acblade"],"log":"|j|\u2606no1torterrafan\n|j|\u2606Acblade\n|t:|1737671006\n|gametype|doubles\n|player|p1|no1torterrafan|nurse|1608\n|player|p2|Acblade|lucas|1597\n|teamsize|p1|6\n|teamsize|p2|6\n|gen|9\n|tier|[Gen 9] VGC 2025 Reg G\n|rated|\n|rule|Species Clause: Limit one of each Pok\u00e9mon\n|rule|Item Clause: Limit 1 of each item\n|clearpoke\n|poke|p1|Koraidon, L50|\n|poke|p1|Raging Bolt, L50|\n|poke|p1|Flutter Mane, L50|\n|poke|p1|Brute Bonnet, L50|\n|poke|p1|Arcanine-Hisui, L50, M|\n|poke|p1|Torterra, L50, F|\n|poke|p2|Calyrex-Ice, L50|\n|poke|p2|Ogerpon-Cornerstone, L50, F|\n|poke|p2|Iron Valiant, L50|\n|poke|p2|Urshifu-*, L50, M|\n|poke|p2|Sinistcha-Masterpiece, L50|\n|poke|p2|Pelipper, L50, M|\n|teampreview|4\n|inactive|Battle timer is ON: inactive players will automatically lose when time's up. (requested by Acblade)\n|\n|t:|1737671036\n|start\n|switch|p1a: Torterra|Torterra, L50, F|100\/100\n|switch|p1b: Raging Bolt|Raging Bolt, L50|100\/100\n|switch|p2a: Calyrex|Calyrex-Ice, L50|100\/100\n|switch|p2b: Ogerpon|Ogerpon-Cornerstone, L50, F|100\/100\n|-ability|p2a: Calyrex|As One\n|-ability|p2a: Calyrex|Unnerve\n|turn|1\n|inactive|Acblade has 30 seconds left.\n|\n|t:|1737671062\n|move|p1a: Torterra|Wide Guard|p1a: Torterra\n|-singleturn|p1a: Torterra|Wide Guard\n|move|p2b: Ogerpon|Follow Me|p2b: Ogerpon\n|-singleturn|p2b: Ogerpon|move: Follow Me\n|move|p1b: Raging Bolt|Draco Meteor|p2b: Ogerpon\n|-damage|p2b: Ogerpon|22\/100\n|-unboost|p1b: Raging Bolt|spa|2\n|move|p2a: Calyrex|Glacial Lance|p1b: Raging Bolt|[spread] \n|-activate|p1a: Torterra|move: Wide Guard\n|-activate|p1b: Raging Bolt|move: Wide Guard\n|\n|upkeep\n|turn|2\n|inactive|no1torterrafan has 30 seconds left.\n|inactive|no1torterrafan has 20 seconds left.\n|inactive|Acblade has 30 seconds left.\n|\n|t:|1737671099\n|move|p1a: Torterra|Wide Guard|p1a: Torterra\n|-singleturn|p1a: Torterra|Wide Guard\n|move|p2b: Ogerpon|Wood Hammer|p1a: Torterra\n|-damage|p1a: Torterra|44\/100\n|-damage|p2b: Ogerpon|0 fnt|[from] Recoil\n|faint|p2b: Ogerpon\n|move|p1b: Raging Bolt|Thunderbolt|p2a: Calyrex\n|-damage|p2a: Calyrex|85\/100\n|move|p2a: Calyrex|Glacial Lance|p1a: Torterra|[spread] \n|-activate|p1a: Torterra|move: Wide Guard\n|-activate|p1b: Raging Bolt|move: Wide Guard\n|\n|-heal|p1a: Torterra|50\/100|[from] item: Leftovers\n|upkeep\n|\n|t:|1737671111\n|switch|p2b: Sinistcha|Sinistcha-Masterpiece, L50|100\/100\n|-heal|p2a: Calyrex|100\/100|[from] ability: Hospitality|[of] p2b: Sinistcha\n|turn|3\n|\n|t:|1737671127\n|-end|p1b: Raging Bolt|Protosynthesis|[silent]\n|switch|p1b: Koraidon|Koraidon, L50|100\/100\n|-weather|SunnyDay|[from] ability: Orichalcum Pulse|[of] p1b: Koraidon\n|-activate|p1b: Koraidon|Orichalcum Pulse|[source]\n|move|p1a: Torterra|Wide Guard|p1a: Torterra\n|-singleturn|p1a: Torterra|Wide Guard\n|move|p2a: Calyrex|High Horsepower|p1b: Koraidon\n|-damage|p1b: Koraidon|65\/100\n|move|p2b: Sinistcha|Trick Room|p2b: Sinistcha\n|-fieldstart|move: Trick Room|[of] p2b: Sinistcha\n|\n|-weather|SunnyDay|[upkeep]\n|-heal|p1a: Torterra|56\/100|[from] item: Leftovers\n|upkeep\n|turn|4\n|\n|t:|1737671152\n|switch|p2b: Pelipper|Pelipper, L50, M|100\/100\n|-weather|RainDance|[from] ability: Drizzle|[of] p2b: Pelipper\n|switch|p1b: Raging Bolt|Raging Bolt, L50|100\/100\n|move|p1a: Torterra|Wide Guard|p1a: Torterra\n|-singleturn|p1a: Torterra|Wide Guard\n|move|p2a: Calyrex|High Horsepower|p1b: Raging Bolt\n|-supereffective|p1b: Raging Bolt\n|-damage|p1b: Raging Bolt|34\/100\n|\n|-weather|RainDance|[upkeep]\n|-heal|p1a: Torterra|62\/100|[from] item: Leftovers\n|upkeep\n|turn|5\n|\n|t:|1737671167\n|move|p1a: Torterra|Wide Guard|p1a: Torterra\n|-singleturn|p1a: Torterra|Wide Guard\n|move|p1b: Raging Bolt|Thunderclap|p2b: Pelipper\n|-supereffective|p2b: Pelipper\n|-enditem|p2b: Pelipper|Focus Sash\n|-damage|p2b: Pelipper|1\/100\n|move|p2a: Calyrex|High Horsepower|p1b: Raging Bolt\n|-supereffective|p1b: Raging Bolt\n|-damage|p1b: Raging Bolt|0 fnt\n|faint|p1b: Raging Bolt\n|-end|p1b: Raging Bolt|Protosynthesis|[silent]\n|-ability|p2a: Calyrex|Chilling Neigh|boost\n|-boost|p2a: Calyrex|atk|1\n|move|p2b: Pelipper|Hurricane|p1a: Torterra\n|-supereffective|p1a: Torterra\n|-damage|p1a: Torterra|0 fnt\n|faint|p1a: Torterra\n|\n|-weather|RainDance|[upkeep]\n|upkeep\n|\n|t:|1737671174\n|switch|p1a: Arcanine|Arcanine-Hisui, L50, M|100\/100\n|switch|p1b: Koraidon|Koraidon, L50|65\/100\n|-ability|p1a: Arcanine|Intimidate|boost\n|-fail|p2a: Calyrex|unboost|[from] item: Clear Amulet|[of] p2a: Calyrex\n|-unboost|p2b: Pelipper|atk|1\n|-weather|SunnyDay|[from] ability: Orichalcum Pulse|[of] p1b: Koraidon\n|-activate|p1b: Koraidon|Orichalcum Pulse|[source]\n|turn|6\n|inactive|no1torterrafan has 30 seconds left.\n|inactive|Acblade has 30 seconds left.\n|\n|t:|1737671206\n|switch|p2b: Sinistcha|Sinistcha-Masterpiece, L50|100\/100\n|-terastallize|p2a: Calyrex|Fairy\n|-terastallize|p1b: Koraidon|Fire\n|move|p2a: Calyrex|High Horsepower|p1a: Arcanine\n|-supereffective|p1a: Arcanine\n|-damage|p1a: Arcanine|0 fnt\n|faint|p1a: Arcanine\n|-ability|p2a: Calyrex|Chilling Neigh|boost\n|-boost|p2a: Calyrex|atk|1\n|move|p1b: Koraidon|Flame Charge|p2b: Sinistcha\n|-supereffective|p2b: Sinistcha\n|-damage|p2b: Sinistcha|0 fnt\n|-boost|p1b: Koraidon|spe|1\n|faint|p2b: Sinistcha\n|\n|-weather|SunnyDay|[upkeep]\n|upkeep\n|-message|no1torterrafan forfeited.\n|\n|win|Acblade\n|raw|no1torterrafan's rating: 1608 &rarr; <strong>1586<\/strong><br \/>(-22 for losing)\n|raw|Acblade's rating: 1580 &rarr; <strong>1602<\/strong><br \/>(+22 for winning)\n|l|\u2606no1torterrafan\n|player|p1|\n|l|\u2606Acblade\n|player|p2|\n","uploadtime":1737671408,"views":12,"formatid":"gen9vgc2025regg","rating":1586,"private":0,"password":null}