{"id":"gen9vgc2025regg-2286856492","format":"[Gen 9] VGC 2025 Reg G","players":["imstuckat1300","KD-Alt-711"],"log":"|j|\u2606imstuckat1300\n|j|\u2606KD-Alt-711\n|t:|1737661750\n|gametype|doubles\n|player|p1|imstuckat1300|blue|1562\n|player|p2|KD-Alt-711|2|1653\n|teamsize|p1|6\n|teamsize|p2|6\n|gen|9\n|tier|[Gen 9] VGC 2025 Reg G\n|rated|\n|rule|Species Clause: Limit one of each Pok\u00e9mon\n|rule|Item Clause: Limit 1 of each item\n|clearpoke\n|poke|p1|Tornadus, L50, M|\n|poke|p1|Tsareena, L50, F|\n|poke|p1|Calyrex-Shadow, L50|\n|poke|p1|Urshifu-*, L50, F|\n|poke|p1|Chi-Yu, L50|\n|poke|p1|Clefairy, L50, F|\n|poke|p2|Kyogre, L50|\n|poke|p2|Tornadus, L50, M|\n|poke|p2|Entei, L50|\n|poke|p2|Flutter Mane, L50|\n|poke|p2|Raging Bolt, L50|\n|poke|p2|Rillaboom, L50, F|\n|teampreview|4\n|\n|t:|1737661776\n|start\n|switch|p1a: Urshifu|Urshifu-Rapid-Strike, L50, F|100\/100\n|switch|p1b: Weather Report|Tornadus, L50, M|100\/100\n|switch|p2a: Tornadus|Tornadus, L50, M, shiny|100\/100\n|switch|p2b: Flutter Mane|Flutter Mane, L50, shiny|100\/100\n|turn|1\n|inactive|Battle timer is ON: inactive players will automatically lose when time's up. (requested by KD-Alt-711)\n|\n|t:|1737661796\n|move|p1b: Weather Report|Tailwind|p1b: Weather Report\n|-sidestart|p1: imstuckat1300|move: Tailwind\n|move|p2a: Tornadus|Sunny Day|p2a: Tornadus\n|-weather|SunnyDay\n|-activate|p2b: Flutter Mane|ability: Protosynthesis\n|-start|p2b: Flutter Mane|protosynthesisspa\n|move|p1a: Urshifu|Surging Strikes|p2b: Flutter Mane\n|-crit|p2b: Flutter Mane\n|-damage|p2b: Flutter Mane|80\/100\n|-crit|p2b: Flutter Mane\n|-damage|p2b: Flutter Mane|57\/100\n|-crit|p2b: Flutter Mane\n|-damage|p2b: Flutter Mane|32\/100\n|-hitcount|p2b: Flutter Mane|3\n|move|p2b: Flutter Mane|Dazzling Gleam|p1b: Weather Report|[spread] p1a,p1b\n|-supereffective|p1a: Urshifu\n|-enditem|p1a: Urshifu|Focus Sash\n|-damage|p1a: Urshifu|1\/100\n|-damage|p1b: Weather Report|49\/100\n|\n|-weather|SunnyDay|[upkeep]\n|upkeep\n|turn|2\n|\n|t:|1737661811\n|move|p1b: Weather Report|Taunt|p2a: Tornadus\n|-start|p2a: Tornadus|move: Taunt\n|cant|p2a: Tornadus|move: Taunt|Tailwind\n|move|p1a: Urshifu|Surging Strikes|p2b: Flutter Mane\n|-crit|p2b: Flutter Mane\n|-damage|p2b: Flutter Mane|10\/100\n|-crit|p2b: Flutter Mane\n|-damage|p2b: Flutter Mane|0 fnt\n|faint|p2b: Flutter Mane\n|-end|p2b: Flutter Mane|Protosynthesis|[silent]\n|-hitcount|p2: Flutter Mane|2\n|\n|-weather|SunnyDay|[upkeep]\n|upkeep\n|\n|t:|1737661824\n|switch|p2b: Rillaboom|Rillaboom, L50, F, shiny|100\/100\n|-fieldstart|move: Grassy Terrain|[from] ability: Grassy Surge|[of] p2b: Rillaboom\n|turn|3\n|\n|t:|1737661840\n|switch|p2a: Kyogre|Kyogre, L50, shiny|100\/100\n|-weather|RainDance|[from] ability: Drizzle|[of] p2a: Kyogre\n|move|p1a: Urshifu|Detect|p1a: Urshifu\n|-singleturn|p1a: Urshifu|Protect\n|move|p1b: Weather Report|Bleakwind Storm|p2a: Kyogre|[spread] p2a,p2b\n|-supereffective|p2b: Rillaboom\n|-damage|p2a: Kyogre|82\/100\n|-damage|p2b: Rillaboom|54\/100\n|-unboost|p2a: Kyogre|spe|1\n|-unboost|p2b: Rillaboom|spe|1\n|move|p2b: Rillaboom|Wood Hammer|p1b: Weather Report\n|-resisted|p1b: Weather Report\n|-damage|p1b: Weather Report|0 fnt\n|faint|p1b: Weather Report\n|-damage|p2b: Rillaboom|39\/100|[from] Recoil\n|\n|-weather|RainDance|[upkeep]\n|-heal|p1a: Urshifu|7\/100|[from] Grassy Terrain\n|-heal|p2a: Kyogre|87\/100|[from] Grassy Terrain\n|-heal|p2a: Kyogre|93\/100|[from] item: Leftovers\n|-heal|p2b: Rillaboom|45\/100|[from] Grassy Terrain\n|upkeep\n|\n|t:|1737661847\n|switch|p1b: Tsareena|Tsareena, L50, F|100\/100\n|turn|4\n|\n|t:|1737661864\n|switch|p2b: Tornadus|Tornadus, L50, M, shiny|100\/100\n|-terastallize|p1b: Tsareena|Water\n|move|p1a: Urshifu|Close Combat|p2a: Kyogre\n|-damage|p2a: Kyogre|35\/100\n|-unboost|p1a: Urshifu|def|1\n|-unboost|p1a: Urshifu|spd|1\n|move|p1b: Tsareena|Triple Axel|p2b: Tornadus\n|-supereffective|p2b: Tornadus\n|-damage|p2b: Tornadus|83\/100\n|-supereffective|p2b: Tornadus\n|-damage|p2b: Tornadus|49\/100\n|-supereffective|p2b: Tornadus\n|-damage|p2b: Tornadus|0 fnt\n|faint|p2b: Tornadus\n|-hitcount|p2: Tornadus|3\n|move|p2a: Kyogre|Origin Pulse|p1a: Urshifu|[spread] p1a\n|-miss|p2a: Kyogre|p1b: Tsareena\n|-resisted|p1a: Urshifu\n|-damage|p1a: Urshifu|0 fnt\n|faint|p1a: Urshifu\n|\n|-weather|RainDance|[upkeep]\n|-heal|p2a: Kyogre|41\/100|[from] Grassy Terrain\n|-heal|p2a: Kyogre|47\/100|[from] item: Leftovers\n|-sideend|p1: imstuckat1300|move: Tailwind\n|upkeep\n|\n|t:|1737661881\n|switch|p2b: Rillaboom|Rillaboom, L50, F, shiny|45\/100\n|switch|p1a: Made In Heaven|Calyrex-Shadow, L50|100\/100\n|-ability|p1a: Made In Heaven|As One\n|-ability|p1a: Made In Heaven|Unnerve\n|turn|5\n|\n|t:|1737661891\n|move|p1a: Made In Heaven|Psyshock|p2b: Rillaboom\n|-damage|p2b: Rillaboom|0 fnt\n|faint|p2b: Rillaboom\n|-ability|p1a: Made In Heaven|Grim Neigh|boost\n|-boost|p1a: Made In Heaven|spa|1\n|-damage|p1a: Made In Heaven|91\/100|[from] item: Life Orb\n|move|p1b: Tsareena|Power Whip|p2a: Kyogre\n|-supereffective|p2a: Kyogre\n|-damage|p2a: Kyogre|0 fnt\n|faint|p2a: Kyogre\n|\n|win|imstuckat1300\n|raw|imstuckat1300's rating: 1562 &rarr; <strong>1587<\/strong><br \/>(+25 for winning)\n|raw|KD-Alt-711's rating: 1653 &rarr; <strong>1628<\/strong><br \/>(-25 for losing)\n|l|\u2606KD-Alt-711\n|player|p2|\n|l|\u2606imstuckat1300\n|player|p1|\n","uploadtime":1737662119,"views":4,"formatid":"gen9vgc2025regg","rating":1587,"private":0,"password":null}