{"id":"gen9vgc2025regg-2286901364","format":"[Gen 9] VGC 2025 Reg G","players":["Hikawari","RustyChair13"],"log":"|j|\u2606Hikawari\n|j|\u2606RustyChair13\n|t:|1737666303\n|gametype|doubles\n|player|p1|Hikawari|265|1590\n|player|p2|RustyChair13|scientist-gen4|1694\n|teamsize|p1|6\n|teamsize|p2|6\n|gen|9\n|tier|[Gen 9] VGC 2025 Reg G\n|rated|\n|rule|Species Clause: Limit one of each Pok\u00e9mon\n|rule|Item Clause: Limit 1 of each item\n|clearpoke\n|poke|p1|Zamazenta-*, L50|\n|poke|p1|Chi-Yu, L50|\n|poke|p1|Rillaboom, L50, F|\n|poke|p1|Flutter Mane, L50|\n|poke|p1|Chien-Pao, L50|\n|poke|p1|Amoonguss, L50, M|\n|poke|p2|Zamazenta-*, L50|\n|poke|p2|Rillaboom, L50, M|\n|poke|p2|Chien-Pao, L50|\n|poke|p2|Flutter Mane, L50|\n|poke|p2|Chandelure, L50, F|\n|poke|p2|Moltres-Galar, L50|\n|teampreview|4\n|inactive|Battle timer is ON: inactive players will automatically lose when time's up. (requested by Hikawari)\n|\n|t:|1737666334\n|start\n|switch|p1a: Chien-Pao|Chien-Pao, L50|100\/100\n|switch|p1b: Chi-Yu|Chi-Yu, L50|100\/100\n|switch|p2a: Chien-Pao|Chien-Pao, L50|100\/100\n|switch|p2b: Flutter Mane|Flutter Mane, L50, shiny|100\/100\n|-ability|p1b: Chi-Yu|Beads of Ruin\n|-ability|p2a: Chien-Pao|Sword of Ruin\n|-ability|p1a: Chien-Pao|Sword of Ruin\n|-enditem|p2b: Flutter Mane|Booster Energy\n|-activate|p2b: Flutter Mane|ability: Protosynthesis|[fromitem]\n|-start|p2b: Flutter Mane|protosynthesisspe\n|turn|1\n|\n|t:|1737666348\n|move|p2b: Flutter Mane|Icy Wind|p1a: Chien-Pao|[spread] p1a,p1b\n|-resisted|p1a: Chien-Pao\n|-resisted|p1b: Chi-Yu\n|-damage|p1a: Chien-Pao|87\/100\n|-damage|p1b: Chi-Yu|94\/100\n|-unboost|p1a: Chien-Pao|spe|1\n|-unboost|p1b: Chi-Yu|spe|1\n|move|p2a: Chien-Pao|Sacred Sword|p1b: Chi-Yu\n|-supereffective|p1b: Chi-Yu\n|-damage|p1b: Chi-Yu|0 fnt\n|faint|p1b: Chi-Yu\n|move|p1a: Chien-Pao|Icicle Crash|p2b: Flutter Mane|[miss]\n|-miss|p1a: Chien-Pao|p2b: Flutter Mane\n|\n|upkeep\n|\n|t:|1737666353\n|switch|p1b: Zamazenta|Zamazenta-Crowned, L50|100\/100\n|-ability|p1b: Zamazenta|Dauntless Shield|boost\n|-boost|p1b: Zamazenta|def|1\n|turn|2\n|\n|t:|1737666365\n|move|p1a: Chien-Pao|Protect|p1a: Chien-Pao\n|-singleturn|p1a: Chien-Pao|Protect\n|move|p2b: Flutter Mane|Thunder Wave|p1b: Zamazenta\n|-status|p1b: Zamazenta|par\n|move|p2a: Chien-Pao|Sacred Sword|p1a: Chien-Pao\n|-activate|p1a: Chien-Pao|move: Protect\n|cant|p1b: Zamazenta|par\n|\n|upkeep\n|turn|3\n|\n|t:|1737666382\n|switch|p1a: Rillaboom|Rillaboom, L50, F|100\/100\n|-fieldstart|move: Grassy Terrain|[from] ability: Grassy Surge|[of] p1a: Rillaboom\n|move|p2b: Flutter Mane|Moonblast|p1a: Rillaboom\n|-damage|p1a: Rillaboom|71\/100\n|-unboost|p1a: Rillaboom|spa|1\n|move|p2a: Chien-Pao|Sacred Sword|p1b: Zamazenta\n|-supereffective|p1b: Zamazenta\n|-damage|p1b: Zamazenta|57\/100 par\n|move|p1b: Zamazenta|Heavy Slam|p2b: Flutter Mane\n|-supereffective|p2b: Flutter Mane\n|-damage|p2b: Flutter Mane|0 fnt\n|faint|p2b: Flutter Mane\n|-end|p2b: Flutter Mane|Protosynthesis|[silent]\n|\n|-heal|p1a: Rillaboom|77\/100|[from] Grassy Terrain\n|-heal|p1b: Zamazenta|63\/100 par|[from] Grassy Terrain\n|upkeep\n|\n|t:|1737666393\n|switch|p2b: Zamazenta|Zamazenta-Crowned, L50, shiny|100\/100\n|-ability|p2b: Zamazenta|Dauntless Shield|boost\n|-boost|p2b: Zamazenta|def|1\n|turn|4\n|\n|t:|1737666398\n|move|p2a: Chien-Pao|Protect|p2a: Chien-Pao\n|-singleturn|p2a: Chien-Pao|Protect\n|move|p2b: Zamazenta|Protect|p2b: Zamazenta\n|-singleturn|p2b: Zamazenta|Protect\n|move|p1a: Rillaboom|Fake Out|p2b: Zamazenta\n|-activate|p2b: Zamazenta|move: Protect\n|move|p1b: Zamazenta|Body Press|p2b: Zamazenta\n|-activate|p2b: Zamazenta|move: Protect\n|\n|-heal|p1a: Rillaboom|83\/100|[from] Grassy Terrain\n|-heal|p1b: Zamazenta|69\/100 par|[from] Grassy Terrain\n|upkeep\n|turn|5\n|\n|t:|1737666411\n|-terastallize|p2b: Zamazenta|Grass\n|-terastallize|p1b: Zamazenta|Dragon\n|move|p1a: Rillaboom|Grassy Glide|p2a: Chien-Pao\n|-crit|p2a: Chien-Pao\n|-damage|p2a: Chien-Pao|22\/100\n|move|p2a: Chien-Pao|Icicle Crash|p1a: Rillaboom\n|-supereffective|p1a: Rillaboom\n|-damage|p1a: Rillaboom|0 fnt\n|faint|p1a: Rillaboom\n|move|p2b: Zamazenta|Body Press|p1b: Zamazenta\n|-damage|p1b: Zamazenta|32\/100 par\n|move|p1b: Zamazenta|Body Press|p2b: Zamazenta\n|-damage|p2b: Zamazenta|62\/100\n|\n|-heal|p2a: Chien-Pao|28\/100|[from] Grassy Terrain\n|-heal|p2b: Zamazenta|68\/100|[from] Grassy Terrain\n|-heal|p1b: Zamazenta|38\/100 par|[from] Grassy Terrain\n|upkeep\n|\n|t:|1737666417\n|switch|p1a: Chien-Pao|Chien-Pao, L50|87\/100\n|-ability|p1a: Chien-Pao|Sword of Ruin\n|turn|6\n|\n|t:|1737666430\n|move|p2a: Chien-Pao|Protect|p2a: Chien-Pao\n|-singleturn|p2a: Chien-Pao|Protect\n|move|p2b: Zamazenta|Protect|p2b: Zamazenta\n|-singleturn|p2b: Zamazenta|Protect\n|move|p1a: Chien-Pao|Icicle Crash|p2b: Zamazenta\n|-activate|p2b: Zamazenta|move: Protect\n|cant|p1b: Zamazenta|par\n|\n|-heal|p2a: Chien-Pao|34\/100|[from] Grassy Terrain\n|-heal|p1a: Chien-Pao|93\/100|[from] Grassy Terrain\n|-heal|p2b: Zamazenta|74\/100|[from] Grassy Terrain\n|-heal|p1b: Zamazenta|44\/100 par|[from] Grassy Terrain\n|upkeep\n|turn|7\n|\n|t:|1737666445\n|move|p2a: Chien-Pao|Sacred Sword|p1a: Chien-Pao\n|-supereffective|p1a: Chien-Pao\n|-damage|p1a: Chien-Pao|0 fnt\n|faint|p1a: Chien-Pao\n|move|p2b: Zamazenta|Body Press|p1b: Zamazenta\n|-damage|p1b: Zamazenta|9\/100 par\n|move|p1b: Zamazenta|Body Press|p2a: Chien-Pao\n|-supereffective|p2a: Chien-Pao\n|-damage|p2a: Chien-Pao|0 fnt\n|faint|p2a: Chien-Pao\n|\n|-heal|p2b: Zamazenta|80\/100|[from] Grassy Terrain\n|-heal|p1b: Zamazenta|15\/100 par|[from] Grassy Terrain\n|-fieldend|move: Grassy Terrain\n|upkeep\n|\n|t:|1737666448\n|switch|p2a: Chandelure|Chandelure, L50, F, shiny|100\/100\n|turn|8\n|-message|Hikawari forfeited.\n|\n|win|RustyChair13\n|raw|Hikawari's rating: 1590 &rarr; <strong>1576<\/strong><br \/>(-14 for losing)\n|raw|RustyChair13's rating: 1694 &rarr; <strong>1708<\/strong><br \/>(+14 for winning)\n|l|\u2606Hikawari\n|player|p1|\n|l|\u2606RustyChair13\n|player|p2|\n","uploadtime":1737666686,"views":14,"formatid":"gen9vgc2025regg","rating":1576,"private":0,"password":null}