{"id":"gen9vgc2025regg-2286481427","format":"[Gen 9] VGC 2025 Reg G","players":["sheepie_sheep1","GengarNight_07"],"log":"|j|\u2606sheepie_sheep1\n|j|\u2606GengarNight_07\n|t:|1737613632\n|gametype|doubles\n|player|p1|sheepie_sheep1|scientist-gen4dp|1570\n|player|p2|GengarNight_07|265|1524\n|teamsize|p1|6\n|teamsize|p2|6\n|gen|9\n|tier|[Gen 9] VGC 2025 Reg G\n|rated|\n|rule|Species Clause: Limit one of each Pok\u00e9mon\n|rule|Item Clause: Limit 1 of each item\n|clearpoke\n|poke|p1|Terapagos, L50, M|\n|poke|p1|Regidrago, L50|\n|poke|p1|Whimsicott, L50, M|\n|poke|p1|Urshifu-*, L50, M|\n|poke|p1|Tsareena, L50, F|\n|poke|p1|Chi-Yu, L50|\n|poke|p2|Groudon, L50|\n|poke|p2|Gouging Fire, L50|\n|poke|p2|Incineroar, L50, M|\n|poke|p2|Whimsicott, L50, F|\n|poke|p2|Raging Bolt, L50|\n|poke|p2|Flutter Mane, L50|\n|teampreview|4\n|\n|t:|1737613674\n|start\n|switch|p1a: Whimsicott|Whimsicott, L50, M|100\/100\n|switch|p1b: Regidrago|Regidrago, L50|100\/100\n|switch|p2a: Groudon|Groudon, L50|100\/100\n|switch|p2b: Flutter Mane|Flutter Mane, L50|100\/100\n|-weather|SunnyDay|[from] ability: Drought|[of] p2a: Groudon\n|-activate|p2b: Flutter Mane|ability: Protosynthesis\n|-start|p2b: Flutter Mane|protosynthesisspe\n|turn|1\n|j| pawmotsblessing\n|\n|t:|1737613689\n|switch|p2a: Whimsicott|Whimsicott, L50, F|100\/100\n|move|p1b: Regidrago|Protect|p1b: Regidrago\n|-singleturn|p1b: Regidrago|Protect\n|move|p1a: Whimsicott|Tailwind|p1a: Whimsicott\n|-sidestart|p1: sheepie_sheep1|move: Tailwind\n|move|p2b: Flutter Mane|Moonblast|p1b: Regidrago\n|-activate|p1b: Regidrago|move: Protect\n|\n|-weather|SunnyDay|[upkeep]\n|upkeep\n|turn|2\n|\n|t:|1737613712\n|switch|p1a: Chi-Yu|Chi-Yu, L50|100\/100\n|-ability|p1a: Chi-Yu|Beads of Ruin\n|-terastallize|p2b: Flutter Mane|Fairy\n|-terastallize|p1b: Regidrago|Ghost\n|move|p2a: Whimsicott|Light Screen|p2a: Whimsicott\n|-sidestart|p2: GengarNight_07|move: Light Screen\n|move|p2b: Flutter Mane|Dazzling Gleam|p1b: Regidrago|[spread] p1a,p1b\n|-damage|p1a: Chi-Yu|46\/100\n|-damage|p1b: Regidrago|29\/100\n|move|p1b: Regidrago|Tera Blast|p2b: Flutter Mane|[anim] Tera Blast Ghost\n|-damage|p2b: Flutter Mane|66\/100\n|\n|-weather|SunnyDay|[upkeep]\n|upkeep\n|turn|3\n|\n|t:|1737613738\n|move|p1a: Chi-Yu|Overheat|p2b: Flutter Mane\n|-damage|p2b: Flutter Mane|0 fnt\n|-unboost|p1a: Chi-Yu|spa|2\n|faint|p2b: Flutter Mane\n|-end|p2b: Flutter Mane|Protosynthesis|[silent]\n|-damage|p1a: Chi-Yu|36\/100|[from] item: Life Orb\n|move|p1b: Regidrago|Tera Blast|p2a: Whimsicott|[anim] Tera Blast Ghost\n|-damage|p2a: Whimsicott|56\/100\n|move|p2a: Whimsicott|Moonblast|p1a: Chi-Yu\n|-damage|p1a: Chi-Yu|5\/100\n|-unboost|p1a: Chi-Yu|spa|1\n|\n|-weather|SunnyDay|[upkeep]\n|upkeep\n|\n|t:|1737613752\n|switch|p2b: Gouging Fire|Gouging Fire, L50|100\/100\n|-activate|p2b: Gouging Fire|ability: Protosynthesis\n|-start|p2b: Gouging Fire|protosynthesisspe\n|turn|4\n|\n|t:|1737613766\n|move|p1a: Chi-Yu|Snarl|p2b: Gouging Fire|[spread] p2a,p2b\n|-resisted|p2a: Whimsicott\n|-crit|p2b: Gouging Fire\n|-damage|p2a: Whimsicott|49\/100\n|-damage|p2b: Gouging Fire|48\/100\n|-damage|p1a: Chi-Yu|0 fnt|[from] item: Life Orb\n|faint|p1a: Chi-Yu\n|move|p1b: Regidrago|Draco Meteor|p2b: Gouging Fire\n|-supereffective|p2b: Gouging Fire\n|-damage|p2b: Gouging Fire|0 fnt\n|-unboost|p1b: Regidrago|spa|2\n|faint|p2b: Gouging Fire\n|-end|p2b: Gouging Fire|Protosynthesis|[silent]\n|move|p2a: Whimsicott|Moonblast|p1b: Regidrago\n|-damage|p1b: Regidrago|2\/100\n|-unboost|p1b: Regidrago|spa|1\n|\n|-weather|SunnyDay|[upkeep]\n|-sideend|p1: sheepie_sheep1|move: Tailwind\n|upkeep\n|\n|t:|1737613774\n|switch|p1a: Whimsicott|Whimsicott, L50, M|100\/100\n|switch|p2b: Groudon|Groudon, L50|100\/100\n|turn|5\n|\n|t:|1737613779\n|move|p1a: Whimsicott|Tailwind|p1a: Whimsicott\n|-sidestart|p1: sheepie_sheep1|move: Tailwind\n|move|p1b: Regidrago|Draco Meteor|p2b: Groudon\n|-damage|p2b: Groudon|85\/100\n|-unboost|p1b: Regidrago|spa|2\n|move|p2a: Whimsicott|Moonblast|p1b: Regidrago\n|-damage|p1b: Regidrago|0 fnt\n|faint|p1b: Regidrago\n|move|p2b: Groudon|Heat Crash|p1a: Whimsicott\n|-supereffective|p1a: Whimsicott\n|-crit|p1a: Whimsicott\n|-damage|p1a: Whimsicott|0 fnt\n|faint|p1a: Whimsicott\n|\n|-weather|none\n|upkeep\n|\n|t:|1737613784\n|switch|p1b: Terapagos|Terapagos, L50, M|100\/100\n|-activate|p1b: Terapagos|ability: Tera Shift\n|detailschange|p1b: Terapagos|Terapagos-Terastal, L50, M\n|-heal|p1b: Terapagos|100\/100|[silent]\n|turn|6\n|\n|t:|1737613800\n|move|p1b: Terapagos|Tera Starstorm|p2b: Groudon\n|-damage|p2b: Groudon|54\/100\n|move|p2a: Whimsicott|Moonblast|p1b: Terapagos\n|-activate|p1b: Terapagos|ability: Tera Shell\n|-resisted|p1b: Terapagos\n|-damage|p1b: Terapagos|89\/100\n|move|p2b: Groudon|Precipice Blades|p1b: Terapagos|[miss]\n|-miss|p2b: Groudon|p1b: Terapagos\n|\n|-sideend|p2: GengarNight_07|move: Light Screen\n|upkeep\n|turn|7\n|\n|t:|1737613813\n|move|p2a: Whimsicott|Light Screen|p2a: Whimsicott\n|-sidestart|p2: GengarNight_07|move: Light Screen\n|move|p1b: Terapagos|Tera Starstorm|p2b: Groudon\n|-damage|p2b: Groudon|25\/100\n|move|p2b: Groudon|Stomping Tantrum|p1b: Terapagos\n|-damage|p1b: Terapagos|4\/100\n|\n|upkeep\n|turn|8\n|\n|t:|1737613822\n|move|p1b: Terapagos|Tera Starstorm|p2b: Groudon\n|-damage|p2b: Groudon|0 fnt\n|faint|p2b: Groudon\n|move|p2a: Whimsicott|Moonblast|p1b: Terapagos\n|-crit|p1b: Terapagos\n|-damage|p1b: Terapagos|0 fnt\n|faint|p1b: Terapagos\n|\n|win|GengarNight_07\n|raw|sheepie_sheep1's rating: 1570 &rarr; <strong>1547<\/strong><br \/>(-23 for losing)\n|raw|GengarNight_07's rating: 1524 &rarr; <strong>1547<\/strong><br \/>(+23 for winning)\n|l|\u2606sheepie_sheep1\n|player|p1|\n|l|\u2606GengarNight_07\n|player|p2|\n|l| pawmotsblessing\n|j|\u2606GengarNight_07\n|player|p2|GengarNight_07|265|\n","uploadtime":1737614060,"views":9,"formatid":"gen9vgc2025regg","rating":1547,"private":0,"password":null}