{"id":"gen9vgc2025regg-2286276928","format":"[Gen 9] VGC 2025 Reg G","players":["Gholdengoatt","mejian poke poke"],"log":"|j|\u2606Gholdengoatt\n|j|\u2606mejian poke poke\n|t:|1737585808\n|gametype|doubles\n|player|p1|Gholdengoatt|pokemaniac|1564\n|player|p2|mejian poke poke|2|1601\n|teamsize|p1|6\n|teamsize|p2|6\n|gen|9\n|tier|[Gen 9] VGC 2025 Reg G\n|rated|\n|rule|Species Clause: Limit one of each Pok\u00e9mon\n|rule|Item Clause: Limit 1 of each item\n|clearpoke\n|poke|p1|Groudon, L50|\n|poke|p1|Incineroar, L50, M|\n|poke|p1|Rillaboom, L50, M|\n|poke|p1|Ogerpon-Hearthflame, L50, F|\n|poke|p1|Raging Bolt, L50|\n|poke|p1|Flutter Mane, L50|\n|poke|p2|Lunala, L50|\n|poke|p2|Maushold, L50|\n|poke|p2|Tornadus, L50, M|\n|poke|p2|Urshifu-*, L50, M|\n|poke|p2|Rillaboom, L50, M|\n|poke|p2|Landorus, L50, M|\n|teampreview|4\n|\n|t:|1737585837\n|start\n|switch|p1a: Incineroar|Incineroar, L50, M|100\/100\n|switch|p1b: Ogerpon|Ogerpon-Hearthflame, L50, F|100\/100\n|switch|p2a: Tornadus|Tornadus, L50, M|100\/100\n|switch|p2b: Landorus|Landorus, L50, M|100\/100\n|-ability|p1b: Ogerpon|Mold Breaker\n|-ability|p1a: Incineroar|Intimidate|boost\n|-unboost|p2a: Tornadus|atk|1\n|-unboost|p2b: Landorus|atk|1\n|turn|1\n|j| ferdomgar97\n|\n|t:|1737585864\n|move|p1a: Incineroar|Fake Out|p2b: Landorus\n|-damage|p2b: Landorus|88\/100\n|move|p2a: Tornadus|Rain Dance|p2a: Tornadus\n|-weather|RainDance\n|cant|p2b: Landorus|flinch\n|move|p1b: Ogerpon|Swords Dance|p1b: Ogerpon\n|-boost|p1b: Ogerpon|atk|2\n|\n|-weather|RainDance|[upkeep]\n|upkeep\n|turn|2\n|\n|t:|1737585873\n|switch|p1a: Rillaboom|Rillaboom, L50, M|100\/100\n|-fieldstart|move: Grassy Terrain|[from] ability: Grassy Surge|[of] p1a: Rillaboom\n|-terastallize|p1b: Ogerpon|Fire\n|detailschange|p1b: Ogerpon|Ogerpon-Hearthflame-Tera, L50, F, tera:Fire\n|-ability|p1b: Ogerpon|Embody Aspect (Hearthflame)|boost\n|-boost|p1b: Ogerpon|atk|1\n|move|p1b: Ogerpon|Grassy Glide|p2b: Landorus\n|-damage|p2b: Landorus|0 fnt\n|faint|p2b: Landorus\n|move|p2a: Tornadus|Bleakwind Storm|p1a: Rillaboom|[spread] p1a,p1b\n|-supereffective|p1a: Rillaboom\n|-damage|p1a: Rillaboom|63\/100\n|-damage|p1b: Ogerpon|67\/100\n|\n|-weather|RainDance|[upkeep]\n|-heal|p1b: Ogerpon|73\/100|[from] Grassy Terrain\n|-heal|p1a: Rillaboom|69\/100|[from] Grassy Terrain\n|upkeep\n|\n|t:|1737585885\n|switch|p2b: Lunala|Lunala, L50|100\/100\n|turn|3\n|\n|t:|1737585898\n|move|p1b: Ogerpon|Spiky Shield|p1b: Ogerpon\n|-singleturn|p1b: Ogerpon|move: Protect\n|move|p2a: Tornadus|Tailwind|p2a: Tornadus\n|-sidestart|p2: mejian poke poke|move: Tailwind\n|move|p2b: Lunala|Meteor Beam||[still]\n|-prepare|p2b: Lunala|Meteor Beam\n|-boost|p2b: Lunala|spa|1\n|-enditem|p2b: Lunala|Power Herb\n|-anim|p2b: Lunala|Meteor Beam|p1b: Ogerpon\n|-activate|p1b: Ogerpon|move: Protect\n|move|p1a: Rillaboom|U-turn|p2b: Lunala\n|-damage|p2b: Lunala|92\/100\n|\n|t:|1737585905\n|switch|p1a: Groudon|Groudon, L50|100\/100|[from] U-turn\n|-weather|SunnyDay|[from] ability: Drought|[of] p1a: Groudon\n|\n|-weather|SunnyDay|[upkeep]\n|-heal|p2b: Lunala|99\/100|[from] Grassy Terrain\n|-heal|p1b: Ogerpon|79\/100|[from] Grassy Terrain\n|upkeep\n|turn|4\n|\n|t:|1737585927\n|move|p2a: Tornadus|Rain Dance|p2a: Tornadus\n|-weather|RainDance\n|move|p1b: Ogerpon|Grassy Glide|p2b: Lunala\n|-damage|p2b: Lunala|21\/100\n|move|p2b: Lunala|Moongeist Beam|p1b: Ogerpon\n|-damage|p1b: Ogerpon|0 fnt\n|faint|p1b: Ogerpon\n|move|p1a: Groudon|Heat Crash|p2a: Tornadus\n|-damage|p2a: Tornadus|77\/100\n|\n|-weather|RainDance|[upkeep]\n|-heal|p2b: Lunala|27\/100|[from] Grassy Terrain\n|upkeep\n|\n|t:|1737585935\n|switch|p1b: Rillaboom|Rillaboom, L50, M|69\/100\n|turn|5\n|\n|t:|1737585964\n|move|p1b: Rillaboom|Grassy Glide|p2b: Lunala\n|-damage|p2b: Lunala|0 fnt\n|faint|p2b: Lunala\n|move|p2a: Tornadus|Bleakwind Storm|p1a: Groudon|[spread] p1a,p1b\n|-supereffective|p1b: Rillaboom\n|-damage|p1a: Groudon|70\/100\n|-damage|p1b: Rillaboom|31\/100\n|-unboost|p1b: Rillaboom|spe|1\n|move|p1a: Groudon|Bulk Up|p1a: Groudon\n|-boost|p1a: Groudon|atk|1\n|-boost|p1a: Groudon|def|1\n|\n|-weather|RainDance|[upkeep]\n|-heal|p1a: Groudon|76\/100|[from] Grassy Terrain\n|-heal|p1b: Rillaboom|37\/100|[from] Grassy Terrain\n|upkeep\n|\n|t:|1737585968\n|switch|p2b: Urshifu|Urshifu-Rapid-Strike, L50, M|100\/100\n|turn|6\n|\n|t:|1737585994\n|switch|p1a: Incineroar|Incineroar, L50, M|100\/100\n|-ability|p1a: Incineroar|Intimidate|boost\n|-unboost|p2a: Tornadus|atk|1\n|-unboost|p2b: Urshifu|atk|1\n|move|p1b: Rillaboom|Grassy Glide|p2b: Urshifu\n|-supereffective|p2b: Urshifu\n|-damage|p2b: Urshifu|34\/100\n|move|p2a: Tornadus|Bleakwind Storm|p1a: Incineroar|[spread] p1a,p1b\n|-crit|p1a: Incineroar\n|-supereffective|p1b: Rillaboom\n|-damage|p1a: Incineroar|57\/100\n|-damage|p1b: Rillaboom|1\/100\n|-unboost|p1b: Rillaboom|spe|1\n|move|p2b: Urshifu|Surging Strikes|p1a: Incineroar\n|-supereffective|p1a: Incineroar\n|-crit|p1a: Incineroar\n|-damage|p1a: Incineroar|0 fnt\n|faint|p1a: Incineroar\n|-hitcount|p1: Incineroar|1\n|\n|-weather|RainDance|[upkeep]\n|-heal|p2b: Urshifu|40\/100|[from] Grassy Terrain\n|-heal|p1b: Rillaboom|7\/100|[from] Grassy Terrain\n|-sideend|p2: mejian poke poke|move: Tailwind\n|-fieldend|move: Grassy Terrain\n|upkeep\n|\n|t:|1737586000\n|switch|p1a: Groudon|Groudon, L50|76\/100\n|-weather|SunnyDay|[from] ability: Drought|[of] p1a: Groudon\n|turn|7\n|\n|t:|1737586024\n|move|p2b: Urshifu|Detect|p2b: Urshifu\n|-singleturn|p2b: Urshifu|Protect\n|move|p2a: Tornadus|Bleakwind Storm|p1a: Groudon|[spread] p1a,p1b\n|-supereffective|p1b: Rillaboom\n|-damage|p1a: Groudon|43\/100\n|-damage|p1b: Rillaboom|0 fnt\n|faint|p1b: Rillaboom\n|move|p1a: Groudon|Precipice Blades|p2a: Tornadus|[spread] \n|-activate|p2b: Urshifu|move: Protect\n|-immune|p2a: Tornadus\n|\n|-weather|SunnyDay|[upkeep]\n|upkeep\n|turn|8\n|l| ferdomgar97\n|-message|Gholdengoatt forfeited.\n|\n|win|mejian poke poke\n|raw|Gholdengoatt's rating: 1548 &rarr; <strong>1531<\/strong><br \/>(-17 for losing)\n|raw|mejian poke poke's rating: 1601 &rarr; <strong>1618<\/strong><br \/>(+17 for winning)\n|l|\u2606Gholdengoatt\n|player|p1|\n|l|\u2606mejian poke poke\n|player|p2|\n","uploadtime":1737586323,"views":6,"formatid":"gen9vgc2025regg","rating":1531,"private":0,"password":null}