{"id":"gen9vgc2025regg-2286049769","format":"[Gen 9] VGC 2025 Reg G","players":["Yung Trav","MadMat48"],"log":"|j|\u203dYung Trav\n|j|\u2606MadMat48\n|t:|1737563033\n|gametype|doubles\n|player|p1|Yung Trav|266|1611\n|player|p2|MadMat48|1|1544\n|teamsize|p1|6\n|teamsize|p2|6\n|gen|9\n|tier|[Gen 9] VGC 2025 Reg G\n|rated|\n|rule|Species Clause: Limit one of each Pok\u00e9mon\n|rule|Item Clause: Limit 1 of each item\n|clearpoke\n|poke|p1|Calyrex-Ice, L50|\n|poke|p1|Regidrago, L50|\n|poke|p1|Smeargle, L50, M|\n|poke|p1|Farigiraf, L50, M|\n|poke|p1|Urshifu-*, L50, M|\n|poke|p1|Ogerpon-Cornerstone, L50, F|\n|poke|p2|Groudon, L50|\n|poke|p2|Jumpluff, L50, F|\n|poke|p2|Raging Bolt, L50|\n|poke|p2|Chien-Pao, L50|\n|poke|p2|Bronzong, L50|\n|poke|p2|Chi-Yu, L50|\n|teampreview|4\n|inactive|Battle timer is ON: inactive players will automatically lose when time's up. (requested by MadMat48)\n|inactive|Yung Trav has 60 seconds left.\n|inactive|MadMat48 has 60 seconds left.\n|\n|t:|1737563080\n|start\n|switch|p1a: Calyrex|Calyrex-Ice, L50|100\/100\n|switch|p1b: Ogerpon|Ogerpon-Cornerstone, L50, F|100\/100\n|switch|p2a: Bronzong|Bronzong, L50|100\/100\n|switch|p2b: Groudon|Groudon, L50|100\/100\n|-ability|p1a: Calyrex|As One\n|-ability|p1a: Calyrex|Unnerve\n|-weather|SunnyDay|[from] ability: Drought|[of] p2b: Groudon\n|turn|1\n|\n|t:|1737563096\n|-terastallize|p1a: Calyrex|Water\n|move|p1b: Ogerpon|Taunt|p2a: Bronzong\n|-start|p2a: Bronzong|move: Taunt\n|move|p2b: Groudon|Precipice Blades|p1a: Calyrex|[spread] p1a,p1b\n|-damage|p1a: Calyrex|51\/100\n|-ability|p1b: Ogerpon|Sturdy\n|-damage|p1b: Ogerpon|1\/100\n|cant|p2a: Bronzong|move: Taunt|Iron Defense\n|move|p1a: Calyrex|Trick Room|p1a: Calyrex\n|-fieldstart|move: Trick Room|[of] p1a: Calyrex\n|\n|-weather|SunnyDay|[upkeep]\n|upkeep\n|turn|2\n|j| Therazer456\n|\n|t:|1737563116\n|switch|p1b: Smeargle|Smeargle, L50, M, shiny|100\/100\n|-terastallize|p2b: Groudon|Ghost\n|move|p2a: Bronzong|Body Press|p1a: Calyrex\n|-damage|p1a: Calyrex|35\/100\n|move|p1a: Calyrex|Glacial Lance|p2a: Bronzong|[spread] p2a,p2b\n|-resisted|p2a: Bronzong\n|-damage|p2a: Bronzong|77\/100\n|-damage|p2b: Groudon|60\/100\n|move|p2b: Groudon|Precipice Blades|p1b: Smeargle|[spread] p1a,p1b\n|-damage|p1a: Calyrex|0 fnt\n|-enditem|p1b: Smeargle|Focus Sash\n|-damage|p1b: Smeargle|1\/100\n|faint|p1a: Calyrex\n|\n|-weather|SunnyDay|[upkeep]\n|-heal|p2a: Bronzong|83\/100|[from] item: Leftovers\n|upkeep\n|\n|t:|1737563136\n|switch|p1a: Regidrago|Regidrago, L50, shiny|100\/100\n|turn|3\n|\n|t:|1737563146\n|move|p1a: Regidrago|Dragon Energy|p2a: Bronzong|[spread] p2a,p2b\n|-resisted|p2a: Bronzong\n|-damage|p2a: Bronzong|50\/100\n|-damage|p2b: Groudon|0 fnt\n|faint|p2b: Groudon\n|move|p2a: Bronzong|Body Press|p1a: Regidrago\n|-damage|p1a: Regidrago|80\/100\n|move|p1b: Smeargle|Decorate|p1a: Regidrago\n|-boost|p1a: Regidrago|atk|2\n|-boost|p1a: Regidrago|spa|2\n|\n|-weather|SunnyDay|[upkeep]\n|-heal|p2a: Bronzong|56\/100|[from] item: Leftovers\n|-end|p2a: Bronzong|move: Taunt\n|upkeep\n|\n|t:|1737563153\n|switch|p2b: Chien-Pao|Chien-Pao, L50|100\/100\n|-ability|p2b: Chien-Pao|Sword of Ruin\n|turn|4\n|inactive|Yung Trav has 30 seconds left.\n|\n|t:|1737563179\n|move|p2b: Chien-Pao|Ice Shard|p1a: Regidrago\n|-supereffective|p1a: Regidrago\n|-damage|p1a: Regidrago|39\/100\n|move|p1a: Regidrago|Dragon Energy|p2a: Bronzong|[spread] p2a,p2b\n|-resisted|p2a: Bronzong\n|-damage|p2a: Bronzong|33\/100\n|-damage|p2b: Chien-Pao|6\/100\n|move|p2a: Bronzong|Body Press|p1b: Smeargle\n|-supereffective|p1b: Smeargle\n|-damage|p1b: Smeargle|0 fnt\n|faint|p1b: Smeargle\n|\n|-weather|SunnyDay|[upkeep]\n|-heal|p2a: Bronzong|39\/100|[from] item: Leftovers\n|upkeep\n|\n|t:|1737563193\n|switch|p1b: Ogerpon|Ogerpon-Cornerstone, L50, F|1\/100\n|turn|5\n|\n|t:|1737563204\n|move|p2a: Bronzong|Protect|p2a: Bronzong\n|-singleturn|p2a: Bronzong|Protect\n|move|p2b: Chien-Pao|Protect|p2b: Chien-Pao\n|-singleturn|p2b: Chien-Pao|Protect\n|move|p1b: Ogerpon|Follow Me|p1b: Ogerpon\n|-singleturn|p1b: Ogerpon|move: Follow Me\n|move|p1a: Regidrago|Dragon Energy|p2b: Chien-Pao|[spread] \n|-activate|p2a: Bronzong|move: Protect\n|-activate|p2b: Chien-Pao|move: Protect\n|\n|-weather|none\n|-heal|p2a: Bronzong|45\/100|[from] item: Leftovers\n|-fieldend|move: Trick Room\n|upkeep\n|turn|6\n|\n|t:|1737563218\n|move|p1b: Ogerpon|Follow Me|p1b: Ogerpon\n|-singleturn|p1b: Ogerpon|move: Follow Me\n|move|p2b: Chien-Pao|Ice Shard|p1b: Ogerpon\n|-supereffective|p1b: Ogerpon\n|-damage|p1b: Ogerpon|0 fnt\n|faint|p1b: Ogerpon\n|move|p2a: Bronzong|Gravity|p2a: Bronzong\n|-fieldstart|move: Gravity\n|move|p1a: Regidrago|Dragon Energy|p2a: Bronzong|[spread] p2a,p2b\n|-resisted|p2a: Bronzong\n|-damage|p2a: Bronzong|21\/100\n|-damage|p2b: Chien-Pao|0 fnt\n|faint|p2b: Chien-Pao\n|\n|-heal|p2a: Bronzong|26\/100|[from] item: Leftovers\n|upkeep\n|\n|t:|1737563226\n|switch|p2b: Chi-Yu|Chi-Yu, L50|100\/100\n|-ability|p2b: Chi-Yu|Beads of Ruin\n|turn|7\n|\n|t:|1737563239\n|move|p2b: Chi-Yu|Snarl|p1a: Regidrago\n|-damage|p1a: Regidrago|0 fnt\n|faint|p1a: Regidrago\n|\n|win|MadMat48\n|raw|Yung Trav's rating: 1611 &rarr; <strong>1587<\/strong><br \/>(-24 for losing)\n|raw|MadMat48's rating: 1544 &rarr; <strong>1568<\/strong><br \/>(+24 for winning)\n|l|\u2606MadMat48\n|player|p2|\n|l|\u203dYung Trav\n|player|p1|\n","uploadtime":1737563478,"views":14,"formatid":"gen9vgc2025regg","rating":1568,"private":0,"password":null}