{"id":"gen9vgc2025regg-2286092747","format":"[Gen 9] VGC 2025 Reg G","players":["William_Guidi_98","juacox300"],"log":"|j|\u2606William_Guidi_98\n|j|\u2606juacox300\n|t:|1737567242\n|gametype|doubles\n|player|p1|William_Guidi_98|169|1539\n|player|p2|juacox300|unknown|1646\n|teamsize|p1|6\n|teamsize|p2|6\n|gen|9\n|tier|[Gen 9] VGC 2025 Reg G\n|rated|\n|rule|Species Clause: Limit one of each Pok\u00e9mon\n|rule|Item Clause: Limit 1 of each item\n|clearpoke\n|poke|p1|Miraidon, L50|\n|poke|p1|Farigiraf, L50, M|\n|poke|p1|Iron Hands, L50|\n|poke|p1|Urshifu-*, L50, M|\n|poke|p1|Ogerpon-Hearthflame, L50, F|\n|poke|p1|Whimsicott, L50, M|\n|poke|p2|Iron Hands, L50|\n|poke|p2|Alcremie, L50, F|\n|poke|p2|Miraidon, L50|\n|poke|p2|Murkrow, L50, M|\n|poke|p2|Chi-Yu, L50|\n|poke|p2|Vikavolt, L50, F|\n|teampreview|4\n|inactive|Battle timer is ON: inactive players will automatically lose when time's up. (requested by William_Guidi_98)\n|\n|t:|1737567284\n|start\n|switch|p1a: Iron Hands|Iron Hands, L50|100\/100\n|switch|p1b: Miraidon|Miraidon, L50|100\/100\n|switch|p2a: Chi-Yu|Chi-Yu, L50|100\/100\n|switch|p2b: Iron Hands|Iron Hands, L50|100\/100\n|-ability|p2a: Chi-Yu|Beads of Ruin\n|-fieldstart|move: Electric Terrain|[from] ability: Hadron Engine|[of] p1b: Miraidon\n|-activate|p2b: Iron Hands|ability: Quark Drive\n|-start|p2b: Iron Hands|quarkdriveatk\n|-activate|p1a: Iron Hands|ability: Quark Drive\n|-start|p1a: Iron Hands|quarkdriveatk\n|turn|1\n|\n|t:|1737567305\n|-terastallize|p1b: Miraidon|Fairy\n|move|p2b: Iron Hands|Fake Out|p1b: Miraidon\n|-damage|p1b: Miraidon|79\/100\n|move|p2a: Chi-Yu|Snarl|p1b: Miraidon|[spread] p1a,p1b\n|-resisted|p1a: Iron Hands\n|-resisted|p1b: Miraidon\n|-damage|p1a: Iron Hands|93\/100\n|-damage|p1b: Miraidon|65\/100\n|-unboost|p1a: Iron Hands|spa|1\n|-unboost|p1b: Miraidon|spa|1\n|cant|p1b: Miraidon|flinch\n|move|p1a: Iron Hands|Wild Charge|p2a: Chi-Yu\n|-damage|p2a: Chi-Yu|0 fnt\n|faint|p2a: Chi-Yu\n|-damage|p1a: Iron Hands|79\/100|[from] Recoil\n|\n|upkeep\n|\n|t:|1737567320\n|switch|p2a: Alcremie|Alcremie, L50, F|100\/100\n|turn|2\n|\n|t:|1737567334\n|switch|p1b: Ogerpon|Ogerpon-Hearthflame, L50, F|100\/100\n|-ability|p1b: Ogerpon|Mold Breaker\n|-terastallize|p2b: Iron Hands|Fire\n|move|p2a: Alcremie|Decorate|p2b: Iron Hands\n|-boost|p2b: Iron Hands|atk|2\n|-boost|p2b: Iron Hands|spa|2\n|move|p2b: Iron Hands|Drain Punch|p1a: Iron Hands\n|-damage|p1a: Iron Hands|5\/100\n|move|p1a: Iron Hands|Wild Charge|p2a: Alcremie\n|-damage|p2a: Alcremie|12\/100\n|-damage|p1a: Iron Hands|0 fnt|[from] Recoil\n|faint|p1a: Iron Hands\n|-end|p1a: Iron Hands|Quark Drive|[silent]\n|\n|upkeep\n|\n|t:|1737567342\n|switch|p1a: Urshifu|Urshifu-Rapid-Strike, L50, M|100\/100\n|turn|3\n|\n|t:|1737567360\n|move|p1b: Ogerpon|Ivy Cudgel|p2a: Alcremie|[anim] Ivy Cudgel Fire\n|-damage|p2a: Alcremie|0 fnt\n|faint|p2a: Alcremie\n|move|p1a: Urshifu|Surging Strikes|p2b: Iron Hands\n|-supereffective|p2b: Iron Hands\n|-crit|p2b: Iron Hands\n|-damage|p2b: Iron Hands|72\/100\n|-supereffective|p2b: Iron Hands\n|-crit|p2b: Iron Hands\n|-damage|p2b: Iron Hands|41\/100\n|-supereffective|p2b: Iron Hands\n|-crit|p2b: Iron Hands\n|-damage|p2b: Iron Hands|13\/100\n|-hitcount|p2b: Iron Hands|3\n|move|p2b: Iron Hands|Drain Punch|p1b: Ogerpon\n|-damage|p1b: Ogerpon|0 fnt\n|-heal|p2b: Iron Hands|48\/100|[from] drain|[of] p1b: Ogerpon\n|faint|p1b: Ogerpon\n|\n|upkeep\n|\n|t:|1737567369\n|switch|p1b: Miraidon|Miraidon, L50, tera:Fairy|65\/100\n|switch|p2a: Miraidon|Miraidon, L50|100\/100\n|-activate|p2a: Miraidon|ability: Hadron Engine\n|-activate|p1b: Miraidon|ability: Hadron Engine\n|turn|4\n|inactive|William_Guidi_98 has 30 seconds left.\n|\n|t:|1737567394\n|move|p2a: Miraidon|Electro Drift|p1b: Miraidon\n|-damage|p1b: Miraidon|0 fnt\n|faint|p1b: Miraidon\n|-damage|p2a: Miraidon|91\/100|[from] item: Life Orb\n|move|p1a: Urshifu|Surging Strikes|p2b: Iron Hands\n|-supereffective|p2b: Iron Hands\n|-crit|p2b: Iron Hands\n|-damage|p2b: Iron Hands|17\/100\n|-supereffective|p2b: Iron Hands\n|-crit|p2b: Iron Hands\n|-damage|p2b: Iron Hands|0 fnt\n|faint|p2b: Iron Hands\n|-end|p2b: Iron Hands|Quark Drive|[silent]\n|-hitcount|p2: Iron Hands|2\n|\n|upkeep\n|turn|5\n|\n|t:|1737567406\n|move|p2a: Miraidon|Electro Drift|p1a: Urshifu\n|-supereffective|p1a: Urshifu\n|-enditem|p1a: Urshifu|Focus Sash\n|-damage|p1a: Urshifu|1\/100\n|-damage|p2a: Miraidon|81\/100|[from] item: Life Orb\n|move|p1a: Urshifu|Close Combat|p2a: Miraidon\n|-damage|p2a: Miraidon|7\/100\n|-unboost|p1a: Urshifu|def|1\n|-unboost|p1a: Urshifu|spd|1\n|\n|-fieldend|move: Electric Terrain\n|upkeep\n|turn|6\n|\n|t:|1737567420\n|move|p1a: Urshifu|Aqua Jet|p2a: Miraidon\n|-resisted|p2a: Miraidon\n|-damage|p2a: Miraidon|0 fnt\n|faint|p2a: Miraidon\n|\n|win|William_Guidi_98\n|raw|William_Guidi_98's rating: 1539 &rarr; <strong>1565<\/strong><br \/>(+26 for winning)\n|raw|juacox300's rating: 1646 &rarr; <strong>1620<\/strong><br \/>(-26 for losing)\n|j| Avocado88\n|l|\u2606juacox300\n|player|p2|\n|l|\u2606William_Guidi_98\n|player|p1|\n|l| Avocado88\n","uploadtime":1737567425,"views":47,"formatid":"gen9vgc2025regg","rating":1565,"private":0,"password":null}