{"id":"gen9vgc2025regg-2286052746","format":"[Gen 9] VGC 2025 Reg G","players":["Acblade","11DiamondsaurVGC"],"log":"|j|\u2606Acblade\n|j|\u260611DiamondsaurVGC\n|t:|1737563332\n|gametype|doubles\n|player|p1|Acblade|lucas|1511\n|player|p2|11DiamondsaurVGC|skier|1590\n|teamsize|p1|6\n|teamsize|p2|6\n|gen|9\n|tier|[Gen 9] VGC 2025 Reg G\n|rated|\n|rule|Species Clause: Limit one of each Pok\u00e9mon\n|rule|Item Clause: Limit 1 of each item\n|clearpoke\n|poke|p1|Calyrex-Ice, L50|\n|poke|p1|Ogerpon-Cornerstone, L50, F|\n|poke|p1|Iron Valiant, L50|\n|poke|p1|Urshifu-*, L50, F|\n|poke|p1|Sinistcha-Masterpiece, L50|\n|poke|p1|Pelipper, L50, F|\n|poke|p2|Zacian-*, L50|\n|poke|p2|Chien-Pao, L50|\n|poke|p2|Whimsicott, L50, M|\n|poke|p2|Raging Bolt, L50|\n|poke|p2|Ogerpon-Wellspring, L50, F|\n|poke|p2|Entei, L50|\n|teampreview|4\n|inactive|Battle timer is ON: inactive players will automatically lose when time's up. (requested by 11DiamondsaurVGC)\n|inactive|Acblade also wants the timer to be on.\n|\n|t:|1737563348\n|start\n|switch|p1a: Calyrex|Calyrex-Ice, L50|100\/100\n|switch|p1b: Ogerpon|Ogerpon-Cornerstone, L50, F|100\/100\n|switch|p2a: Zacian|Zacian-Crowned, L50|100\/100\n|switch|p2b: Chien-Pao|Chien-Pao, L50|100\/100\n|-ability|p1a: Calyrex|As One\n|-ability|p1a: Calyrex|Unnerve\n|-ability|p2a: Zacian|Intrepid Sword|boost\n|-boost|p2a: Zacian|atk|1\n|-ability|p2b: Chien-Pao|Sword of Ruin\n|turn|1\n|inactive|Acblade has 30 seconds left.\n|\n|t:|1737563374\n|-terastallize|p1a: Calyrex|Water\n|move|p1b: Ogerpon|Follow Me|p1b: Ogerpon\n|-singleturn|p1b: Ogerpon|move: Follow Me\n|move|p2a: Zacian|Behemoth Blade|p1b: Ogerpon\n|-supereffective|p1b: Ogerpon\n|-ability|p1b: Ogerpon|Sturdy\n|-damage|p1b: Ogerpon|1\/100\n|move|p2b: Chien-Pao|Taunt|p1b: Ogerpon\n|-start|p1b: Ogerpon|move: Taunt\n|move|p1a: Calyrex|Trick Room|p1a: Calyrex\n|-fieldstart|move: Trick Room|[of] p1a: Calyrex\n|\n|upkeep\n|turn|2\n|inactive|11DiamondsaurVGC has 30 seconds left.\n|\n|t:|1737563404\n|move|p1b: Ogerpon|Quick Attack|p2b: Chien-Pao\n|-damage|p2b: Chien-Pao|76\/100\n|move|p2b: Chien-Pao|Sucker Punch|p1a: Calyrex\n|-damage|p1a: Calyrex|70\/100\n|move|p1a: Calyrex|Glacial Lance|p2a: Zacian|[spread] p2a,p2b\n|-resisted|p2a: Zacian\n|-resisted|p2b: Chien-Pao\n|-damage|p2a: Zacian|66\/100\n|-damage|p2b: Chien-Pao|34\/100\n|move|p2a: Zacian|Sacred Sword|p1a: Calyrex\n|-damage|p1a: Calyrex|26\/100\n|\n|upkeep\n|turn|3\n|\n|t:|1737563418\n|switch|p1b: Sinistcha|Sinistcha-Masterpiece, L50|100\/100\n|-heal|p1a: Calyrex|50\/100|[from] ability: Hospitality|[of] p1b: Sinistcha\n|move|p1a: Calyrex|Protect|p1a: Calyrex\n|-singleturn|p1a: Calyrex|Protect\n|move|p2b: Chien-Pao|Protect|p2b: Chien-Pao\n|-singleturn|p2b: Chien-Pao|Protect\n|move|p2a: Zacian|Protect||[still]\n|-fail|p2a: Zacian\n|\n|upkeep\n|turn|4\n|inactive|11DiamondsaurVGC has 30 seconds left.\n|\n|t:|1737563445\n|-terastallize|p2a: Zacian|Fairy\n|move|p2b: Chien-Pao|Sucker Punch|p1a: Calyrex\n|-damage|p1a: Calyrex|23\/100\n|move|p1a: Calyrex|Glacial Lance|p2a: Zacian|[spread] p2a,p2b\n|-resisted|p2b: Chien-Pao\n|-damage|p2a: Zacian|0 fnt\n|-damage|p2b: Chien-Pao|0 fnt\n|faint|p2a: Zacian\n|faint|p2b: Chien-Pao\n|-ability|p1a: Calyrex|Chilling Neigh|boost\n|-boost|p1a: Calyrex|atk|2\n|move|p1b: Sinistcha|Life Dew||[still]|[spread] p1a,p1b\n|-heal|p1a: Calyrex|48\/100\n|-fail|p1b: Sinistcha|heal\n|\n|upkeep\n|\n|t:|1737563451\n|switch|p2b: Entei|Entei, L50|100\/100\n|switch|p2a: Ogerpon|Ogerpon-Wellspring, L50, F|100\/100\n|turn|5\n|\n|t:|1737563463\n|move|p1b: Sinistcha|Rage Powder|p1b: Sinistcha\n|-singleturn|p1b: Sinistcha|move: Rage Powder\n|move|p1a: Calyrex|Glacial Lance|p2b: Entei|[spread] p2a,p2b\n|-resisted|p2b: Entei\n|-damage|p2a: Ogerpon|0 fnt\n|-damage|p2b: Entei|36\/100\n|faint|p2a: Ogerpon\n|-ability|p1a: Calyrex|Chilling Neigh|boost\n|-boost|p1a: Calyrex|atk|1\n|move|p2b: Entei|Sacred Fire|p1b: Sinistcha\n|-supereffective|p1b: Sinistcha\n|-damage|p1b: Sinistcha|0 fnt\n|faint|p1b: Sinistcha\n|\n|-fieldend|move: Trick Room\n|upkeep\n|\n|t:|1737563473\n|switch|p1b: Ogerpon|Ogerpon-Cornerstone, L50, F|1\/100\n|turn|6\n|\n|t:|1737563481\n|move|p1b: Ogerpon|Follow Me|p1b: Ogerpon\n|-singleturn|p1b: Ogerpon|move: Follow Me\n|move|p2b: Entei|Sacred Fire|p1b: Ogerpon\n|-damage|p1b: Ogerpon|0 fnt\n|faint|p1b: Ogerpon\n|move|p1a: Calyrex|Glacial Lance|p2b: Entei\n|-resisted|p2b: Entei\n|-damage|p2b: Entei|0 fnt\n|faint|p2b: Entei\n|\n|win|Acblade\n|raw|Acblade's rating: 1511 &rarr; <strong>1535<\/strong><br \/>(+24 for winning)\n|raw|11DiamondsaurVGC's rating: 1590 &rarr; <strong>1566<\/strong><br \/>(-24 for losing)\n|l|\u2606Acblade\n|player|p1|\n|l|\u260611DiamondsaurVGC\n|player|p2|\n","uploadtime":1737563757,"views":8,"formatid":"gen9vgc2025regg","rating":1535,"private":0,"password":null}