{"id":"gen9vgc2025regg-2286026821","format":"[Gen 9] VGC 2025 Reg G","players":["Angelo Neres","Yung Trav"],"log":"|j|\u2606Angelo Neres\n|j|\u203dYung Trav\n|t:|1737560697\n|gametype|doubles\n|player|p1|Angelo Neres|2|1579\n|player|p2|Yung Trav|266|1596\n|teamsize|p1|6\n|teamsize|p2|6\n|gen|9\n|tier|[Gen 9] VGC 2025 Reg G\n|rated|\n|rule|Species Clause: Limit one of each Pok\u00e9mon\n|rule|Item Clause: Limit 1 of each item\n|clearpoke\n|poke|p1|Groudon, L50|\n|poke|p1|Moltres-Galar, L50|\n|poke|p1|Scream Tail, L50|\n|poke|p1|Grimmsnarl, L50, M|\n|poke|p1|Cobalion, L50|\n|poke|p1|Amoonguss, L50, F|\n|poke|p2|Calyrex-Ice, L50|\n|poke|p2|Regidrago, L50|\n|poke|p2|Smeargle, L50, M|\n|poke|p2|Farigiraf, L50, M|\n|poke|p2|Urshifu-*, L50, M|\n|poke|p2|Ogerpon-Cornerstone, L50, F|\n|teampreview|4\n|inactive|Battle timer is ON: inactive players will automatically lose when time's up. (requested by Angelo Neres)\n|inactive|Angelo Neres has 60 seconds left.\n|\n|t:|1737560750\n|start\n|switch|p1a: Cobalion|Cobalion, L50, shiny|100\/100\n|switch|p1b: Grimmsnarl|Grimmsnarl, L50, M, shiny|100\/100\n|switch|p2a: Calyrex|Calyrex-Ice, L50|100\/100\n|switch|p2b: Smeargle|Smeargle, L50, M, shiny|100\/100\n|-ability|p2a: Calyrex|As One\n|-ability|p2a: Calyrex|Unnerve\n|turn|1\n|j| Landovoir\n|inactive|Yung Trav has 30 seconds left.\n|inactive|Yung Trav has 20 seconds left.\n|\n|t:|1737560788\n|move|p2b: Smeargle|Fake Out|p1a: Cobalion\n|-resisted|p1a: Cobalion\n|-damage|p1a: Cobalion|99\/100\n|move|p1b: Grimmsnarl|Reflect|p1b: Grimmsnarl\n|-sidestart|p1: Angelo Neres|Reflect\n|cant|p1a: Cobalion|flinch\n|move|p2a: Calyrex|Trick Room|p2a: Calyrex\n|-fieldstart|move: Trick Room|[of] p2a: Calyrex\n|\n|upkeep\n|turn|2\n|\n|t:|1737560812\n|move|p2b: Smeargle|Decorate|p2a: Calyrex\n|-boost|p2a: Calyrex|atk|2\n|-boost|p2a: Calyrex|spa|2\n|move|p2a: Calyrex|Glacial Lance|p1a: Cobalion|[spread] p1a,p1b\n|-resisted|p1a: Cobalion\n|-damage|p1a: Cobalion|75\/100\n|-damage|p1b: Grimmsnarl|23\/100\n|move|p1b: Grimmsnarl|Spirit Break|p2b: Smeargle\n|-damage|p2b: Smeargle|61\/100\n|-unboost|p2b: Smeargle|spa|1\n|move|p1a: Cobalion|Iron Defense|p1a: Cobalion\n|-boost|p1a: Cobalion|def|2\n|\n|upkeep\n|turn|3\n|inactive|Angelo Neres has 30 seconds left.\n|inactive|Angelo Neres has 20 seconds left.\n|\n|t:|1737560849\n|move|p1b: Grimmsnarl|Parting Shot|p2b: Smeargle\n|-unboost|p2b: Smeargle|atk|1\n|-unboost|p2b: Smeargle|spa|1\n|\n|t:|1737560853\n|switch|p1b: Scream Tail|Scream Tail, L50, shiny|100\/100|[from] Parting Shot\n|move|p2b: Smeargle|Spore|p1a: Cobalion\n|-activate|p1a: Cobalion|item: Safety Goggles|Spore\n|move|p2a: Calyrex|Glacial Lance|p1a: Cobalion|[spread] p1a,p1b\n|-resisted|p1a: Cobalion\n|-damage|p1a: Cobalion|65\/100\n|-damage|p1b: Scream Tail|37\/100\n|move|p1a: Cobalion|Iron Defense|p1a: Cobalion\n|-boost|p1a: Cobalion|def|2\n|\n|upkeep\n|turn|4\n|\n|t:|1737560877\n|-end|p1b: Scream Tail|Protosynthesis|[silent]\n|switch|p1b: Grimmsnarl|Grimmsnarl, L50, M, shiny|23\/100\n|move|p2b: Smeargle|Decorate|p2a: Calyrex\n|-boost|p2a: Calyrex|atk|2\n|-boost|p2a: Calyrex|spa|2\n|move|p2a: Calyrex|Glacial Lance|p1b: Grimmsnarl|[spread] p1a,p1b\n|-resisted|p1a: Cobalion\n|-damage|p1a: Cobalion|52\/100\n|-damage|p1b: Grimmsnarl|0 fnt\n|faint|p1b: Grimmsnarl\n|-ability|p2a: Calyrex|Chilling Neigh|boost\n|-boost|p2a: Calyrex|atk|1\n|move|p1a: Cobalion|Body Press|p2a: Calyrex\n|-damage|p2a: Calyrex|21\/100\n|\n|upkeep\n|inactive|Angelo Neres has 30 seconds left.\n|\n|t:|1737560903\n|switch|p1b: Scream Tail|Scream Tail, L50, shiny|37\/100\n|turn|5\n|\n|t:|1737560926\n|switch|p2b: Ogerpon|Ogerpon-Cornerstone, L50, F|100\/100\n|move|p2a: Calyrex|Glacial Lance|p1b: Scream Tail|[spread] p1a,p1b\n|-resisted|p1a: Cobalion\n|-damage|p1a: Cobalion|38\/100\n|-damage|p1b: Scream Tail|0 fnt\n|faint|p1b: Scream Tail\n|-end|p1b: Scream Tail|Protosynthesis|[silent]\n|-ability|p2a: Calyrex|Chilling Neigh|boost\n|-boost|p2a: Calyrex|atk|1\n|move|p1a: Cobalion|Body Press|p2b: Ogerpon\n|-supereffective|p2b: Ogerpon\n|-ability|p2b: Ogerpon|Sturdy\n|-damage|p2b: Ogerpon|1\/100\n|\n|-sideend|p1: Angelo Neres|Reflect\n|-fieldend|move: Trick Room\n|upkeep\n|\n|t:|1737560932\n|switch|p1b: Groudon|Groudon, L50, shiny|100\/100\n|-weather|SunnyDay|[from] ability: Drought|[of] p1b: Groudon\n|turn|6\n|j| WeGoVrooooom\n|inactive|Angelo Neres has 30 seconds left.\n|\n|t:|1737560958\n|-terastallize|p1b: Groudon|Fire\n|move|p2a: Calyrex|Protect|p2a: Calyrex\n|-singleturn|p2a: Calyrex|Protect\n|move|p2b: Ogerpon|Power Whip|p1b: Groudon\n|-resisted|p1b: Groudon\n|-crit|p1b: Groudon\n|-damage|p1b: Groudon|64\/100\n|move|p1a: Cobalion|Body Press|p2a: Calyrex\n|-activate|p2a: Calyrex|move: Protect\n|move|p1b: Groudon|Precipice Blades|p2b: Ogerpon|[spread] \n|-activate|p2a: Calyrex|move: Protect\n|-miss|p1b: Groudon|p2b: Ogerpon\n|\n|-weather|SunnyDay|[upkeep]\n|upkeep\n|turn|7\n|inactive|Angelo Neres has 30 seconds left.\n|inactive|Yung Trav has 30 seconds left.\n|\n|t:|1737560993\n|move|p2b: Ogerpon|Ivy Cudgel|p1b: Groudon|[anim] Ivy Cudgel Rock\n|-supereffective|p1b: Groudon\n|-damage|p1b: Groudon|0 fnt\n|faint|p1b: Groudon\n|move|p1a: Cobalion|Body Press|p2a: Calyrex\n|-damage|p2a: Calyrex|0 fnt\n|faint|p2a: Calyrex\n|\n|-weather|SunnyDay|[upkeep]\n|upkeep\n|\n|t:|1737561007\n|switch|p2a: Smeargle|Smeargle, L50, M, shiny|61\/100\n|turn|8\n|\n|t:|1737561018\n|move|p1a: Cobalion|Protect|p1a: Cobalion\n|-singleturn|p1a: Cobalion|Protect\n|move|p2a: Smeargle|Fake Out|p1a: Cobalion\n|-activate|p1a: Cobalion|move: Protect\n|move|p2b: Ogerpon|Ivy Cudgel|p1a: Cobalion|[anim] Ivy Cudgel Rock\n|-activate|p1a: Cobalion|move: Protect\n|\n|-weather|SunnyDay|[upkeep]\n|upkeep\n|turn|9\n|\n|t:|1737561037\n|move|p2b: Ogerpon|Ivy Cudgel|p1a: Cobalion|[anim] Ivy Cudgel Rock\n|-resisted|p1a: Cobalion\n|-damage|p1a: Cobalion|36\/100\n|move|p1a: Cobalion|Body Press|p2b: Ogerpon\n|-supereffective|p2b: Ogerpon\n|-damage|p2b: Ogerpon|0 fnt\n|faint|p2b: Ogerpon\n|move|p2a: Smeargle|Spore|p1a: Cobalion\n|-activate|p1a: Cobalion|item: Safety Goggles|Spore\n|\n|-weather|SunnyDay|[upkeep]\n|upkeep\n|\n|t:|1737561048\n|switch|p2b: Regidrago|Regidrago, L50, shiny|100\/100\n|turn|10\n|\n|t:|1737561061\n|move|p2a: Smeargle|Follow Me|p2a: Smeargle\n|-singleturn|p2a: Smeargle|move: Follow Me\n|move|p1a: Cobalion|Body Press|p2a: Smeargle\n|-supereffective|p2a: Smeargle\n|-damage|p2a: Smeargle|0 fnt\n|faint|p2a: Smeargle\n|move|p2b: Regidrago|Earth Power|p1a: Cobalion\n|-supereffective|p1a: Cobalion\n|-damage|p1a: Cobalion|0 fnt\n|faint|p1a: Cobalion\n|\n|win|Yung Trav\n|raw|Angelo Neres's rating: 1579 &rarr; <strong>1560<\/strong><br \/>(-19 for losing)\n|raw|Yung Trav's rating: 1596 &rarr; <strong>1615<\/strong><br \/>(+19 for winning)\n|l|\u2606Angelo Neres\n|player|p1|\n|l| Landovoir\n|l|\u203dYung Trav\n|player|p2|\n|l| WeGoVrooooom\n","uploadtime":1737561246,"views":22,"formatid":"gen9vgc2025regg","rating":1560,"private":0,"password":null}