{"id":"gen9vgc2025regg-2286673410","format":"[Gen 9] VGC 2025 Reg G","players":["chin8","imstuckat1300"],"log":"|j|\u2606chin8\n|j|\u2606imstuckat1300\n|t:|1737643872\n|gametype|doubles\n|player|p1|chin8|gentleman-gen4dp|1545\n|player|p2|imstuckat1300|blue|1584\n|teamsize|p1|6\n|teamsize|p2|6\n|gen|9\n|tier|[Gen 9] VGC 2025 Reg G\n|rated|\n|rule|Species Clause: Limit one of each Pok\u00e9mon\n|rule|Item Clause: Limit 1 of each item\n|clearpoke\n|poke|p1|Calyrex-Shadow, L50|\n|poke|p1|Incineroar, L50, F|\n|poke|p1|Rillaboom, L50, M|\n|poke|p1|Gastrodon-East, L50, M|\n|poke|p1|Hitmonchan, L50, M|\n|poke|p1|Tropius, L50, M|\n|poke|p2|Tornadus, L50, M|\n|poke|p2|Tsareena, L50, F|\n|poke|p2|Calyrex-Shadow, L50|\n|poke|p2|Urshifu-*, L50, M|\n|poke|p2|Chi-Yu, L50|\n|poke|p2|Clefairy, L50, M|\n|teampreview|4\n|j| MaomaoTanqi\n|l| MaomaoTanqi\n|\n|t:|1737643916\n|start\n|switch|p1a: Calyrex|Calyrex-Shadow, L50|100\/100\n|switch|p1b: Hitmonchan|Hitmonchan, L50, M|100\/100\n|switch|p2a: Chi-Yu|Chi-Yu, L50|100\/100\n|switch|p2b: Weather Report|Tornadus, L50, M|100\/100\n|-ability|p1a: Calyrex|As One\n|-ability|p1a: Calyrex|Unnerve\n|-ability|p2a: Chi-Yu|Beads of Ruin\n|turn|1\n|inactive|Battle timer is ON: inactive players will automatically lose when time's up. (requested by chin8)\n|\n|t:|1737643944\n|-terastallize|p1a: Calyrex|Fairy\n|move|p1b: Hitmonchan|Fake Out|p2a: Chi-Yu\n|-damage|p2a: Chi-Yu|81\/100\n|move|p2b: Weather Report|Tailwind|p2b: Weather Report\n|-sidestart|p2: imstuckat1300|move: Tailwind\n|cant|p2a: Chi-Yu|flinch\n|move|p1a: Calyrex|Calm Mind|p1a: Calyrex\n|-boost|p1a: Calyrex|spa|1\n|-boost|p1a: Calyrex|spd|1\n|\n|upkeep\n|turn|2\n|\n|t:|1737643953\n|move|p2a: Chi-Yu|Heat Wave|p1b: Hitmonchan|[spread] p1a,p1b\n|-damage|p1a: Calyrex|63\/100\n|-damage|p1b: Hitmonchan|29\/100\n|move|p2b: Weather Report|Bleakwind Storm|p1a: Calyrex|[spread] p1a,p1b\n|-supereffective|p1b: Hitmonchan\n|-damage|p1a: Calyrex|39\/100\n|-damage|p1b: Hitmonchan|0 fnt\n|faint|p1b: Hitmonchan\n|move|p1a: Calyrex|Draining Kiss|p2b: Weather Report\n|-damage|p2b: Weather Report|18\/100\n|-heal|p1a: Calyrex|99\/100|[from] drain|[of] p2b: Weather Report\n|\n|upkeep\n|\n|t:|1737643960\n|switch|p1b: Tropius|Tropius, L50, M|100\/100\n|turn|3\n|\n|t:|1737643971\n|move|p1b: Tropius|Wide Guard|p1b: Tropius\n|-singleturn|p1b: Tropius|Wide Guard\n|move|p2b: Weather Report|Taunt|p1b: Tropius\n|-start|p1b: Tropius|move: Taunt\n|move|p2a: Chi-Yu|Heat Wave|p1a: Calyrex|[spread] \n|-activate|p1a: Calyrex|move: Wide Guard\n|-activate|p1b: Tropius|move: Wide Guard\n|move|p1a: Calyrex|Calm Mind|p1a: Calyrex\n|-boost|p1a: Calyrex|spa|1\n|-boost|p1a: Calyrex|spd|1\n|\n|upkeep\n|turn|4\n|\n|t:|1737643987\n|switch|p1b: Rillaboom|Rillaboom, L50, M|100\/100\n|-fieldstart|move: Grassy Terrain|[from] ability: Grassy Surge|[of] p1b: Rillaboom\n|move|p2a: Chi-Yu|Heat Wave|p1a: Calyrex|[spread] p1a,p1b\n|-supereffective|p1b: Rillaboom\n|-damage|p1a: Calyrex|73\/100\n|-damage|p1b: Rillaboom|27\/100\n|move|p2b: Weather Report|Bleakwind Storm|p1b: Rillaboom|[spread] p1a,p1b\n|-supereffective|p1b: Rillaboom\n|-damage|p1a: Calyrex|52\/100\n|-damage|p1b: Rillaboom|0 fnt\n|faint|p1b: Rillaboom\n|move|p1a: Calyrex|Draining Kiss|p2a: Chi-Yu\n|-damage|p2a: Chi-Yu|0 fnt\n|-heal|p1a: Calyrex|94\/100|[from] drain|[of] p2a: Chi-Yu\n|faint|p2a: Chi-Yu\n|-ability|p1a: Calyrex|Grim Neigh|boost\n|-boost|p1a: Calyrex|spa|1\n|\n|-heal|p1a: Calyrex|99\/100|[from] Grassy Terrain\n|-sideend|p2: imstuckat1300|move: Tailwind\n|upkeep\n|\n|t:|1737644000\n|switch|p2a: Tsareena|Tsareena, L50, F|100\/100\n|switch|p1b: Tropius|Tropius, L50, M|100\/100\n|turn|5\n|\n|t:|1737644015\n|-terastallize|p2a: Tsareena|Water\n|move|p2b: Weather Report|Tailwind|p2b: Weather Report\n|-sidestart|p2: imstuckat1300|move: Tailwind\n|move|p2a: Tsareena|Triple Axel|p1b: Tropius|[miss]\n|-miss|p2a: Tsareena|p1b: Tropius\n|move|p1a: Calyrex|Astral Barrage|p2a: Tsareena|[spread] p2a,p2b\n|-damage|p2a: Tsareena|18\/100\n|-damage|p2b: Weather Report|0 fnt\n|faint|p2b: Weather Report\n|-ability|p1a: Calyrex|Grim Neigh|boost\n|-boost|p1a: Calyrex|spa|1\n|move|p1b: Tropius|Hurricane|p2a: Tsareena\n|-damage|p2a: Tsareena|0 fnt\n|faint|p2a: Tsareena\n|\n|-heal|p1a: Calyrex|100\/100|[from] Grassy Terrain\n|upkeep\n|-message|imstuckat1300 forfeited.\n|\n|win|chin8\n|raw|chin8's rating: 1545 &rarr; <strong>1567<\/strong><br \/>(+22 for winning)\n|raw|imstuckat1300's rating: 1584 &rarr; <strong>1562<\/strong><br \/>(-22 for losing)\n|l|\u2606imstuckat1300\n|player|p2|\n|l|\u2606chin8\n|player|p1|\n","uploadtime":1737644248,"views":17,"formatid":"gen9vgc2025regg","rating":1562,"private":0,"password":null}