{"id":"gen9vgc2025regg-2286095245","format":"[Gen 9] VGC 2025 Reg G","players":["kattikaaa","William_Guidi_98"],"log":"|j|\u2606kattikaaa\n|j|\u2606William_Guidi_98\n|t:|1737567486\n|gametype|doubles\n|player|p1|kattikaaa|169|1575\n|player|p2|William_Guidi_98|169|1565\n|teamsize|p1|6\n|teamsize|p2|6\n|gen|9\n|tier|[Gen 9] VGC 2025 Reg G\n|rated|\n|rule|Species Clause: Limit one of each Pok\u00e9mon\n|rule|Item Clause: Limit 1 of each item\n|clearpoke\n|poke|p1|Miraidon, L50|\n|poke|p1|Grimmsnarl, L50, M|\n|poke|p1|Iron Moth, L50|\n|poke|p1|Ogerpon-Cornerstone, L50, F|\n|poke|p1|Iron Hands, L50|\n|poke|p1|Pelipper, L50, F|\n|poke|p2|Miraidon, L50|\n|poke|p2|Farigiraf, L50, M|\n|poke|p2|Iron Hands, L50|\n|poke|p2|Urshifu-*, L50, M|\n|poke|p2|Ogerpon-Hearthflame, L50, F|\n|poke|p2|Whimsicott, L50, M|\n|teampreview|4\n|inactive|Battle timer is ON: inactive players will automatically lose when time's up. (requested by kattikaaa)\n|j| EL CULEA GALLINAS\n|j| Avocado88\n|inactive|kattikaaa has 60 seconds left.\n|inactive|William_Guidi_98 has 60 seconds left.\n|inactive|William_Guidi_98 has 30 seconds left.\n|\n|t:|1737567548\n|start\n|switch|p1a: Miraidon|Miraidon, L50|100\/100\n|switch|p1b: Grimmsnarl|Grimmsnarl, L50, M|100\/100\n|switch|p2a: Whimsicott|Whimsicott, L50, M|100\/100\n|switch|p2b: Miraidon|Miraidon, L50|100\/100\n|-fieldstart|move: Electric Terrain|[from] ability: Hadron Engine|[of] p2b: Miraidon\n|-enditem|p1a: Miraidon|Electric Seed\n|-boost|p1a: Miraidon|def|1|[from] item: Electric Seed\n|-activate|p1a: Miraidon|ability: Hadron Engine\n|turn|1\n|\n|t:|1737567571\n|-terastallize|p2b: Miraidon|Fairy\n|-terastallize|p1a: Miraidon|Fairy\n|move|p1b: Grimmsnarl|Fake Out|p2b: Miraidon\n|-damage|p2b: Miraidon|89\/100\n|move|p2a: Whimsicott|Light Screen|p2a: Whimsicott\n|-sidestart|p2: William_Guidi_98|move: Light Screen\n|cant|p2b: Miraidon|flinch\n|move|p1a: Miraidon|Calm Mind|p1a: Miraidon\n|-boost|p1a: Miraidon|spa|1\n|-boost|p1a: Miraidon|spd|1\n|\n|upkeep\n|turn|2\n|\n|t:|1737567594\n|move|p2a: Whimsicott|Encore|p1a: Miraidon\n|-start|p1a: Miraidon|Encore\n|move|p1b: Grimmsnarl|Light Screen|p1b: Grimmsnarl\n|-sidestart|p1: kattikaaa|move: Light Screen\n|move|p2b: Miraidon|Electro Drift|p1a: Miraidon\n|-damage|p1a: Miraidon|56\/100\n|move|p1a: Miraidon|Calm Mind|p1a: Miraidon\n|-boost|p1a: Miraidon|spa|1\n|-boost|p1a: Miraidon|spd|1\n|\n|upkeep\n|turn|3\n|\n|t:|1737567611\n|move|p1b: Grimmsnarl|Parting Shot|p2b: Miraidon\n|-unboost|p2b: Miraidon|atk|1\n|-unboost|p2b: Miraidon|spa|1\n|\n|t:|1737567616\n|switch|p1b: Iron Moth|Iron Moth, L50|100\/100|[from] Parting Shot\n|-activate|p1b: Iron Moth|ability: Quark Drive\n|-start|p1b: Iron Moth|quarkdrivespa\n|move|p2b: Miraidon|Electro Drift|p1a: Miraidon\n|-damage|p1a: Miraidon|34\/100\n|move|p2a: Whimsicott|Moonblast|p1a: Miraidon\n|-damage|p1a: Miraidon|27\/100\n|move|p1a: Miraidon|Calm Mind|p1a: Miraidon\n|-boost|p1a: Miraidon|spa|1\n|-boost|p1a: Miraidon|spd|1\n|\n|upkeep\n|turn|4\n|inactive|kattikaaa has 30 seconds left.\n|inactive|William_Guidi_98 has 30 seconds left.\n|\n|t:|1737567645\n|move|p2a: Whimsicott|Tailwind|p2a: Whimsicott\n|-sidestart|p2: William_Guidi_98|move: Tailwind\n|move|p2b: Miraidon|Electro Drift|p1b: Iron Moth\n|-damage|p1b: Iron Moth|24\/100\n|move|p1b: Iron Moth|Heat Wave|p2a: Whimsicott|[spread] p2a,p2b\n|-supereffective|p2a: Whimsicott\n|-damage|p2a: Whimsicott|17\/100\n|-damage|p2b: Miraidon|57\/100\n|move|p1a: Miraidon|Calm Mind|p1a: Miraidon\n|-boost|p1a: Miraidon|spa|1\n|-boost|p1a: Miraidon|spd|1\n|\n|-end|p1a: Miraidon|Encore\n|upkeep\n|turn|5\n|inactive|kattikaaa has 30 seconds left.\n|\n|t:|1737567671\n|switch|p2b: Iron Hands|Iron Hands, L50|100\/100\n|-activate|p2b: Iron Hands|ability: Quark Drive\n|-start|p2b: Iron Hands|quarkdriveatk\n|move|p1a: Miraidon|Protect|p1a: Miraidon\n|-singleturn|p1a: Miraidon|Protect\n|move|p2a: Whimsicott|Encore|p1a: Miraidon\n|-activate|p1a: Miraidon|move: Protect\n|move|p1b: Iron Moth|Heat Wave|p2a: Whimsicott|[spread] p2a,p2b\n|-supereffective|p2a: Whimsicott\n|-damage|p2a: Whimsicott|0 fnt\n|-damage|p2b: Iron Hands|80\/100\n|faint|p2a: Whimsicott\n|\n|-sideend|p2: William_Guidi_98|move: Light Screen\n|-fieldend|move: Electric Terrain\n|-end|p1b: Iron Moth|Quark Drive\n|-end|p2b: Iron Hands|Quark Drive\n|upkeep\n|\n|t:|1737567680\n|switch|p2a: Miraidon|Miraidon, L50, tera:Fairy|57\/100\n|-fieldstart|move: Electric Terrain|[from] ability: Hadron Engine|[of] p2a: Miraidon\n|-activate|p1b: Iron Moth|ability: Quark Drive\n|-start|p1b: Iron Moth|quarkdrivespa\n|-activate|p2b: Iron Hands|ability: Quark Drive\n|-start|p2b: Iron Hands|quarkdriveatk\n|turn|6\n|inactive|kattikaaa has 30 seconds left.\n|\n|t:|1737567708\n|move|p2b: Iron Hands|Fake Out|p1a: Miraidon\n|-damage|p1a: Miraidon|17\/100\n|move|p2a: Miraidon|Dazzling Gleam|p1b: Iron Moth|[spread] p1a,p1b\n|-resisted|p1b: Iron Moth\n|-damage|p1a: Miraidon|6\/100\n|-damage|p1b: Iron Moth|12\/100\n|move|p1b: Iron Moth|Heat Wave|p2a: Miraidon|[spread] p2a,p2b\n|-damage|p2a: Miraidon|7\/100\n|-damage|p2b: Iron Hands|51\/100\n|cant|p1a: Miraidon|flinch\n|\n|upkeep\n|turn|7\n|\n|t:|1737567728\n|-end|p2b: Iron Hands|Quark Drive|[silent]\n|switch|p2b: Urshifu|Urshifu-Rapid-Strike, L50, M|100\/100\n|move|p1a: Miraidon|Protect|p1a: Miraidon\n|-singleturn|p1a: Miraidon|Protect\n|move|p2a: Miraidon|Dazzling Gleam|p1b: Iron Moth|[spread] p1b\n|-activate|p1a: Miraidon|move: Protect\n|-resisted|p1b: Iron Moth\n|-damage|p1b: Iron Moth|0 fnt\n|faint|p1b: Iron Moth\n|-end|p1b: Iron Moth|Quark Drive|[silent]\n|\n|-sideend|p2: William_Guidi_98|move: Tailwind\n|upkeep\n|\n|t:|1737567750\n|switch|p1b: Grimmsnarl|Grimmsnarl, L50, M|100\/100\n|turn|8\n|\n|t:|1737567765\n|switch|p2a: Iron Hands|Iron Hands, L50|51\/100\n|-activate|p2a: Iron Hands|ability: Quark Drive\n|-start|p2a: Iron Hands|quarkdriveatk\n|move|p2b: Urshifu|Protect|p2b: Urshifu\n|-singleturn|p2b: Urshifu|Protect\n|move|p1b: Grimmsnarl|Fake Out|p2b: Urshifu\n|-activate|p2b: Urshifu|move: Protect\n|move|p1a: Miraidon|Parabolic Charge|p2b: Urshifu|[spread] p1b,p2a\n|-activate|p2b: Urshifu|move: Protect\n|-resisted|p2a: Iron Hands\n|-damage|p1b: Grimmsnarl|28\/100\n|-heal|p1a: Miraidon|41\/100|[from] drain|[of] p1b: Grimmsnarl\n|-damage|p2a: Iron Hands|21\/100\n|-heal|p1a: Miraidon|58\/100|[from] drain|[of] p2a: Iron Hands\n|\n|upkeep\n|turn|9\n|inactive|kattikaaa has 30 seconds left.\n|\n|t:|1737567796\n|move|p2a: Iron Hands|Fake Out|p1a: Miraidon\n|-damage|p1a: Miraidon|47\/100\n|move|p1b: Grimmsnarl|Reflect|p1b: Grimmsnarl\n|-sidestart|p1: kattikaaa|Reflect\n|cant|p1a: Miraidon|flinch\n|move|p2b: Urshifu|Surging Strikes|p1a: Miraidon\n|-crit|p1a: Miraidon\n|-damage|p1a: Miraidon|30\/100\n|-crit|p1a: Miraidon\n|-damage|p1a: Miraidon|12\/100\n|-crit|p1a: Miraidon\n|-damage|p1a: Miraidon|0 fnt\n|faint|p1a: Miraidon\n|-hitcount|p1: Miraidon|3\n|\n|-sideend|p1: kattikaaa|move: Light Screen\n|upkeep\n|\n|t:|1737567812\n|switch|p1a: Pelipper|Pelipper, L50, F, shiny|100\/100\n|-weather|RainDance|[from] ability: Drizzle|[of] p1a: Pelipper\n|turn|10\n|\n|t:|1737567835\n|move|p1b: Grimmsnarl|Parting Shot|p2a: Iron Hands\n|-unboost|p2a: Iron Hands|atk|1\n|-unboost|p2a: Iron Hands|spa|1\n|move|p2b: Urshifu|Surging Strikes|p1b: Grimmsnarl\n|-crit|p1b: Grimmsnarl\n|-damage|p1b: Grimmsnarl|0 fnt\n|faint|p1b: Grimmsnarl\n|-hitcount|p1: Grimmsnarl|1\n|move|p1a: Pelipper|Hurricane|p2b: Urshifu\n|-supereffective|p2b: Urshifu\n|-enditem|p2b: Urshifu|Focus Sash\n|-damage|p2b: Urshifu|1\/100\n|move|p2a: Iron Hands|Wild Charge|p1a: Pelipper\n|-supereffective|p1a: Pelipper\n|-enditem|p1a: Pelipper|Focus Sash\n|-damage|p1a: Pelipper|1\/100\n|-damage|p2a: Iron Hands|3\/100|[from] Recoil\n|\n|-weather|RainDance|[upkeep]\n|-fieldend|move: Electric Terrain\n|-end|p2a: Iron Hands|Quark Drive\n|upkeep\n|turn|11\n|-message|kattikaaa forfeited.\n|\n|win|William_Guidi_98\n|raw|kattikaaa's rating: 1575 &rarr; <strong>1554<\/strong><br \/>(-21 for losing)\n|raw|William_Guidi_98's rating: 1565 &rarr; <strong>1586<\/strong><br \/>(+21 for winning)\n|l|\u2606kattikaaa\n|player|p1|\n|l| EL CULEA GALLINAS\n|l|\u2606William_Guidi_98\n|player|p2|\n|l| Avocado88\n","uploadtime":1737568105,"views":23,"formatid":"gen9vgc2025regg","rating":1554,"private":0,"password":null}