{"id":"gen9vgc2025regg-2286002155","format":"[Gen 9] VGC 2025 Reg G","players":["zxc123zxc","head0fthetable"],"log":"|j|\u2606zxc123zxc\n|j|\u2606head0fthetable\n|t:|1737558082\n|gametype|doubles\n|player|p1|zxc123zxc|hiker-gen4|1605\n|player|p2|head0fthetable|leon-masters|1561\n|teamsize|p1|6\n|teamsize|p2|6\n|gen|9\n|tier|[Gen 9] VGC 2025 Reg G\n|rated|\n|rule|Species Clause: Limit one of each Pok\u00e9mon\n|rule|Item Clause: Limit 1 of each item\n|clearpoke\n|poke|p1|Calyrex-Ice, L50|\n|poke|p1|Urshifu-*, L50, M|\n|poke|p1|Pelipper, L50, F|\n|poke|p1|Incineroar, L50, F|\n|poke|p1|Raging Bolt, L50|\n|poke|p1|Amoonguss, L50, M|\n|poke|p2|Miraidon, L50|\n|poke|p2|Chi-Yu, L50|\n|poke|p2|Iron Treads, L50|\n|poke|p2|Farigiraf, L50, F|\n|poke|p2|Tornadus, L50, M|\n|poke|p2|Urshifu-*, L50, F|\n|teampreview|4\n|inactive|Battle timer is ON: inactive players will automatically lose when time's up. (requested by head0fthetable)\n|inactive|zxc123zxc has 60 seconds left.\n|inactive|zxc123zxc has 30 seconds left.\n|inactive|zxc123zxc has 20 seconds left.\n|inactive|zxc123zxc has 15 seconds left.\n|\n|t:|1737558165\n|start\n|switch|p1a: Amoonguss|Amoonguss, L50, M|100\/100\n|switch|p1b: Calyrex|Calyrex-Ice, L50|100\/100\n|switch|p2a: Miraidon|Miraidon, L50|100\/100\n|switch|p2b: Farigiraf|Farigiraf, L50, F|100\/100\n|-ability|p1b: Calyrex|As One\n|-ability|p1b: Calyrex|Unnerve\n|-fieldstart|move: Electric Terrain|[from] ability: Hadron Engine|[of] p2a: Miraidon\n|-enditem|p2b: Farigiraf|Electric Seed\n|-boost|p2b: Farigiraf|def|1|[from] item: Electric Seed\n|turn|1\n|\n|t:|1737558184\n|move|p1a: Amoonguss|Rage Powder|p1a: Amoonguss\n|-singleturn|p1a: Amoonguss|move: Rage Powder\n|move|p2a: Miraidon|Volt Switch|p1a: Amoonguss\n|-resisted|p1a: Amoonguss\n|-damage|p1a: Amoonguss|56\/100\n|\n|t:|1737558189\n|switch|p2a: Chi-Yu|Chi-Yu, L50|100\/100|[from] Volt Switch\n|-ability|p2a: Chi-Yu|Beads of Ruin\n|move|p1b: Calyrex|Glacial Lance|p2a: Chi-Yu|[spread] p2a,p2b\n|-resisted|p2a: Chi-Yu\n|-damage|p2a: Chi-Yu|60\/100\n|-damage|p2b: Farigiraf|66\/100\n|move|p2b: Farigiraf|Psychic|p1a: Amoonguss\n|-supereffective|p1a: Amoonguss\n|-damage|p1a: Amoonguss|0 fnt\n|faint|p1a: Amoonguss\n|\n|upkeep\n|\n|t:|1737558199\n|switch|p1a: Pelipper|Pelipper, L50, F|100\/100\n|-weather|RainDance|[from] ability: Drizzle|[of] p1a: Pelipper\n|turn|2\n|\n|t:|1737558223\n|-terastallize|p1b: Calyrex|Grass\n|move|p2a: Chi-Yu|Dark Pulse|p1b: Calyrex\n|-damage|p1b: Calyrex|62\/100\n|move|p1a: Pelipper|Weather Ball|p2a: Chi-Yu\n|-supereffective|p2a: Chi-Yu\n|-damage|p2a: Chi-Yu|0 fnt\n|faint|p2a: Chi-Yu\n|move|p2b: Farigiraf|Foul Play|p1b: Calyrex\n|-damage|p1b: Calyrex|39\/100\n|cant|p1b: Calyrex|flinch\n|\n|-weather|RainDance|[upkeep]\n|upkeep\n|\n|t:|1737558236\n|switch|p2a: Miraidon|Miraidon, L50|100\/100\n|-activate|p2a: Miraidon|ability: Hadron Engine\n|turn|3\n|\n|t:|1737558250\n|switch|p1a: Raging Bolt|Raging Bolt, L50|100\/100\n|move|p2a: Miraidon|Volt Switch|p1b: Calyrex\n|-resisted|p1b: Calyrex\n|-damage|p1b: Calyrex|7\/100\n|\n|t:|1737558255\n|switch|p2a: Urshifu|Urshifu-Rapid-Strike, L50, F|100\/100|[from] Volt Switch\n|move|p2b: Farigiraf|Foul Play|p1b: Calyrex\n|-damage|p1b: Calyrex|0 fnt\n|faint|p1b: Calyrex\n|\n|-weather|RainDance|[upkeep]\n|upkeep\n|\n|t:|1737558262\n|switch|p1b: Pelipper|Pelipper, L50, F|100\/100\n|turn|4\n|\n|t:|1737558271\n|move|p2a: Urshifu|Surging Strikes|p1b: Pelipper\n|-resisted|p1b: Pelipper\n|-crit|p1b: Pelipper\n|-damage|p1b: Pelipper|74\/100\n|-resisted|p1b: Pelipper\n|-crit|p1b: Pelipper\n|-damage|p1b: Pelipper|49\/100\n|-resisted|p1b: Pelipper\n|-crit|p1b: Pelipper\n|-damage|p1b: Pelipper|22\/100\n|-hitcount|p1b: Pelipper|3\n|move|p1a: Raging Bolt|Electroweb|p2a: Urshifu|[spread] p2a,p2b\n|-supereffective|p2a: Urshifu\n|-damage|p2a: Urshifu|7\/100\n|-damage|p2b: Farigiraf|40\/100\n|-unboost|p2a: Urshifu|spe|1\n|-unboost|p2b: Farigiraf|spe|1\n|move|p1b: Pelipper|Tailwind|p1b: Pelipper\n|-sidestart|p1: zxc123zxc|move: Tailwind\n|move|p2b: Farigiraf|Psychic|p1b: Pelipper\n|-damage|p1b: Pelipper|0 fnt\n|faint|p1b: Pelipper\n|\n|-weather|RainDance|[upkeep]\n|upkeep\n|turn|5\n|\n|t:|1737558298\n|move|p1a: Raging Bolt|Volt Switch|p2b: Farigiraf\n|-damage|p2b: Farigiraf|1\/100\n|move|p2a: Urshifu|Surging Strikes|p1a: Raging Bolt\n|-resisted|p1a: Raging Bolt\n|-crit|p1a: Raging Bolt\n|-damage|p1a: Raging Bolt|80\/100\n|-resisted|p1a: Raging Bolt\n|-crit|p1a: Raging Bolt\n|-damage|p1a: Raging Bolt|60\/100\n|-resisted|p1a: Raging Bolt\n|-crit|p1a: Raging Bolt\n|-damage|p1a: Raging Bolt|39\/100\n|-hitcount|p1a: Raging Bolt|3\n|move|p2b: Farigiraf|Trick Room|p2b: Farigiraf\n|-fieldstart|move: Trick Room|[of] p2b: Farigiraf\n|\n|-weather|RainDance|[upkeep]\n|-fieldend|move: Electric Terrain\n|upkeep\n|turn|6\n|\n|t:|1737558308\n|move|p2b: Farigiraf|Psychic|p1a: Raging Bolt\n|-damage|p1a: Raging Bolt|18\/100\n|move|p2a: Urshifu|Surging Strikes|p1a: Raging Bolt\n|-resisted|p1a: Raging Bolt\n|-crit|p1a: Raging Bolt\n|-damage|p1a: Raging Bolt|0 fnt\n|faint|p1a: Raging Bolt\n|-end|p1a: Raging Bolt|Protosynthesis|[silent]\n|-hitcount|p1: Raging Bolt|1\n|\n|win|head0fthetable\n|raw|zxc123zxc's rating: 1605 &rarr; <strong>1582<\/strong><br \/>(-23 for losing)\n|raw|head0fthetable's rating: 1561 &rarr; <strong>1584<\/strong><br \/>(+23 for winning)\n|l|\u2606zxc123zxc\n|player|p1|\n|l|\u2606head0fthetable\n|player|p2|\n","uploadtime":1737558456,"views":7,"formatid":"gen9vgc2025regg","rating":1582,"private":0,"password":null}