{"id":"gen9vgc2025regg-2286810071","format":"[Gen 9] VGC 2025 Reg G","players":["The Grougooner","googer315"],"log":"|j|\u2606The Grougooner\n|j|\u2606googer315\n|t:|1737657336\n|gametype|doubles\n|player|p1|The Grougooner|bodybuilder-gen9|1551\n|player|p2|googer315|1|1634\n|teamsize|p1|6\n|teamsize|p2|6\n|gen|9\n|tier|[Gen 9] VGC 2025 Reg G\n|rated|\n|rule|Species Clause: Limit one of each Pok\u00e9mon\n|rule|Item Clause: Limit 1 of each item\n|clearpoke\n|poke|p1|Groudon, L50|\n|poke|p1|Farigiraf, L50, F|\n|poke|p1|Flutter Mane, L50|\n|poke|p1|Raging Bolt, L50|\n|poke|p1|Incineroar, L50, M|\n|poke|p1|Rillaboom, L50, F|\n|poke|p2|Calyrex-Ice, L50|\n|poke|p2|Ting-Lu, L50|\n|poke|p2|Dondozo, L50, M|\n|poke|p2|Urshifu-*, L50, M|\n|poke|p2|Ogerpon-Hearthflame, L50, F|\n|poke|p2|Rillaboom, L50, M|\n|teampreview|4\n|inactive|Battle timer is ON: inactive players will automatically lose when time's up. (requested by The Grougooner)\n|\n|t:|1737657356\n|start\n|switch|p1a: Farigiraf|Farigiraf, L50, F|100\/100\n|switch|p1b: Rillaboom|Rillaboom, L50, F|100\/100\n|switch|p2a: Ting-Lu|Ting-Lu, L50|100\/100\n|switch|p2b: Dondozo|Dondozo, L50, M|100\/100\n|-fieldstart|move: Grassy Terrain|[from] ability: Grassy Surge|[of] p1b: Rillaboom\n|-ability|p2a: Ting-Lu|Vessel of Ruin\n|turn|1\n|inactive|googer315 has 30 seconds left.\n|inactive|googer315 has 20 seconds left.\n|inactive|googer315 has 15 seconds left.\n|inactive|googer315 has 10 seconds left.\n|\n|t:|1737657404\n|switch|p2a: Ogerpon|Ogerpon-Hearthflame, L50, F|100\/100\n|-ability|p2a: Ogerpon|Mold Breaker\n|move|p1a: Farigiraf|Helping Hand|p1b: Rillaboom\n|-singleturn|p1b: Rillaboom|Helping Hand|[of] p1a: Farigiraf\n|move|p2b: Dondozo|Protect|p2b: Dondozo\n|-singleturn|p2b: Dondozo|Protect\n|move|p1b: Rillaboom|Wood Hammer|p2a: Ogerpon\n|-resisted|p2a: Ogerpon\n|-damage|p2a: Ogerpon|43\/100\n|-damage|p1b: Rillaboom|83\/100|[from] Recoil\n|\n|-heal|p2a: Ogerpon|49\/100|[from] Grassy Terrain\n|-heal|p1b: Rillaboom|89\/100|[from] Grassy Terrain\n|upkeep\n|turn|2\n|\n|t:|1737657426\n|switch|p1a: Incineroar|Incineroar, L50, M|100\/100\n|-ability|p1a: Incineroar|Intimidate|boost\n|-unboost|p2a: Ogerpon|atk|1\n|-fail|p2b: Dondozo|unboost|Attack|[from] ability: Oblivious|[of] p2b: Dondozo\n|move|p2a: Ogerpon|Ivy Cudgel|p1b: Rillaboom|[anim] Ivy Cudgel Fire\n|-supereffective|p1b: Rillaboom\n|-damage|p1b: Rillaboom|0 fnt\n|faint|p1b: Rillaboom\n|move|p2b: Dondozo|Yawn|p1a: Incineroar\n|-start|p1a: Incineroar|move: Yawn|[of] p2b: Dondozo\n|\n|-heal|p2a: Ogerpon|54\/100|[from] Grassy Terrain\n|upkeep\n|c|\u2606googer315|wow band?\n|\n|t:|1737657441\n|switch|p1b: The Grougooner|Groudon, L50|100\/100\n|-weather|SunnyDay|[from] ability: Drought|[of] p1b: The Grougooner\n|turn|3\n|\n|t:|1737657453\n|switch|p2a: Ting-Lu|Ting-Lu, L50|100\/100\n|-ability|p2a: Ting-Lu|Vessel of Ruin\n|switch|p1a: Farigiraf|Farigiraf, L50, F|100\/100\n|-terastallize|p1b: The Grougooner|Ground\n|move|p2b: Dondozo|Yawn|p1b: The Grougooner\n|-start|p1b: The Grougooner|move: Yawn|[of] p2b: Dondozo\n|move|p1b: The Grougooner|Precipice Blades|p2a: Ting-Lu|[spread] p2a,p2b\n|-damage|p2a: Ting-Lu|65\/100\n|-damage|p2b: Dondozo|60\/100\n|\n|-weather|SunnyDay|[upkeep]\n|-heal|p2a: Ting-Lu|71\/100|[from] Grassy Terrain\n|-heal|p2a: Ting-Lu|77\/100|[from] item: Leftovers\n|-heal|p2b: Dondozo|66\/100|[from] Grassy Terrain\n|upkeep\n|turn|4\n|\n|t:|1737657475\n|move|p1a: Farigiraf|Helping Hand|p1b: The Grougooner\n|-singleturn|p1b: The Grougooner|Helping Hand|[of] p1a: Farigiraf\n|move|p2a: Ting-Lu|Sand Tomb|p1a: Farigiraf\n|-damage|p1a: Farigiraf|90\/100\n|-activate|p1a: Farigiraf|move: Sand Tomb|[of] p2a: Ting-Lu\n|move|p2b: Dondozo|Yawn|p1a: Farigiraf\n|-start|p1a: Farigiraf|move: Yawn|[of] p2b: Dondozo\n|move|p1b: The Grougooner|Precipice Blades|p2a: Ting-Lu|[spread] p2a,p2b\n|-damage|p2a: Ting-Lu|20\/100\n|-damage|p2b: Dondozo|8\/100\n|-enditem|p2b: Dondozo|Sitrus Berry|[eat]\n|-heal|p2b: Dondozo|33\/100|[from] item: Sitrus Berry\n|\n|-weather|SunnyDay|[upkeep]\n|-heal|p2a: Ting-Lu|27\/100|[from] Grassy Terrain\n|-heal|p2a: Ting-Lu|33\/100|[from] item: Leftovers\n|-heal|p1a: Farigiraf|96\/100|[from] Grassy Terrain\n|-heal|p2b: Dondozo|39\/100|[from] Grassy Terrain\n|-damage|p1a: Farigiraf|84\/100|[from] move: Sand Tomb|[partiallytrapped]\n|-end|p1b: The Grougooner|move: Yawn|[silent]\n|-status|p1b: The Grougooner|slp\n|upkeep\n|turn|5\n|inactive|The Grougooner has 30 seconds left.\n|inactive|googer315 has 30 seconds left.\n|\n|t:|1737657505\n|switch|p2b: Calyrex|Calyrex-Ice, L50|100\/100\n|-ability|p2b: Calyrex|As One\n|-ability|p2b: Calyrex|Unnerve\n|move|p2a: Ting-Lu|Ruination|p1a: Farigiraf\n|-damage|p1a: Farigiraf|42\/100\n|move|p1a: Farigiraf|Foul Play|p2b: Calyrex\n|-supereffective|p2b: Calyrex\n|-damage|p2b: Calyrex|52\/100\n|cant|p1b: The Grougooner|slp\n|\n|-weather|SunnyDay|[upkeep]\n|-heal|p2b: Calyrex|58\/100|[from] Grassy Terrain\n|-heal|p2a: Ting-Lu|39\/100|[from] Grassy Terrain\n|-heal|p2a: Ting-Lu|45\/100|[from] item: Leftovers\n|-heal|p1a: Farigiraf|49\/100|[from] Grassy Terrain\n|-damage|p1a: Farigiraf|36\/100|[from] move: Sand Tomb|[partiallytrapped]\n|-end|p1a: Farigiraf|move: Yawn|[silent]\n|-status|p1a: Farigiraf|slp\n|-fieldend|move: Grassy Terrain\n|upkeep\n|turn|6\n|\n|t:|1737657525\n|cant|p1b: The Grougooner|slp\n|move|p2a: Ting-Lu|Ruination|p1b: The Grougooner\n|-damage|p1b: The Grougooner|51\/100 slp\n|cant|p1a: Farigiraf|slp\n|move|p2b: Calyrex|Trick Room|p2b: Calyrex\n|-fieldstart|move: Trick Room|[of] p2b: Calyrex\n|\n|-weather|SunnyDay|[upkeep]\n|-heal|p2a: Ting-Lu|51\/100|[from] item: Leftovers\n|-damage|p1a: Farigiraf|24\/100 slp|[from] move: Sand Tomb|[partiallytrapped]\n|upkeep\n|turn|7\n|\n|t:|1737657544\n|cant|p1b: The Grougooner|slp\n|-curestatus|p1a: Farigiraf|slp|[msg]\n|move|p1a: Farigiraf|Foul Play|p2b: Calyrex\n|-supereffective|p2b: Calyrex\n|-damage|p2b: Calyrex|12\/100\n|move|p2a: Ting-Lu|Ruination|p1b: The Grougooner\n|-damage|p1b: The Grougooner|26\/100 slp\n|move|p2b: Calyrex|Glacial Lance|p1a: Farigiraf|[spread] p1a,p1b\n|-supereffective|p1b: The Grougooner\n|-damage|p1a: Farigiraf|0 fnt\n|-damage|p1b: The Grougooner|0 fnt\n|faint|p1a: Farigiraf\n|faint|p1b: The Grougooner\n|-ability|p2b: Calyrex|Chilling Neigh|boost\n|-boost|p2b: Calyrex|atk|2\n|\n|-weather|none\n|-heal|p2a: Ting-Lu|58\/100|[from] item: Leftovers\n|upkeep\n|\n|t:|1737657546\n|switch|p1b: Incineroar|Incineroar, L50, M|100\/100\n|-ability|p1b: Incineroar|Intimidate|boost\n|-unboost|p2a: Ting-Lu|atk|1\n|-fail|p2b: Calyrex|unboost|[from] item: Clear Amulet|[of] p2b: Calyrex\n|-enditem|p1b: Incineroar|Room Service\n|-unboost|p1b: Incineroar|spe|1|[from] item: Room Service\n|turn|8\n|\n|t:|1737657562\n|move|p2a: Ting-Lu|Protect|p2a: Ting-Lu\n|-singleturn|p2a: Ting-Lu|Protect\n|move|p2b: Calyrex|Protect|p2b: Calyrex\n|-singleturn|p2b: Calyrex|Protect\n|move|p1b: Incineroar|Heat Wave|p2a: Ting-Lu|[spread] \n|-activate|p2a: Ting-Lu|move: Protect\n|-activate|p2b: Calyrex|move: Protect\n|\n|-heal|p2a: Ting-Lu|64\/100|[from] item: Leftovers\n|upkeep\n|turn|9\n|c|\u2606googer315|huh?\n|c|\u2606googer315|wtf\n|\n|t:|1737657584\n|move|p1b: Incineroar|Heat Wave|p2b: Calyrex|[spread] p2a,p2b\n|-supereffective|p2b: Calyrex\n|-damage|p2a: Ting-Lu|48\/100\n|-damage|p2b: Calyrex|0 fnt\n|faint|p2b: Calyrex\n|move|p2a: Ting-Lu|Ruination|p1b: Incineroar\n|-damage|p1b: Incineroar|50\/100\n|\n|-heal|p2a: Ting-Lu|55\/100|[from] item: Leftovers\n|upkeep\n|-message|The Grougooner forfeited.\n|\n|win|googer315\n|raw|The Grougooner's rating: 1551 &rarr; <strong>1536<\/strong><br \/>(-15 for losing)\n|raw|googer315's rating: 1634 &rarr; <strong>1649<\/strong><br \/>(+15 for winning)\n|l|\u2606The Grougooner\n|player|p1|\n|l|\u2606googer315\n|player|p2|\n","uploadtime":1737657822,"views":3,"formatid":"gen9vgc2025regg","rating":1536,"private":0,"password":null}