{"id":"gen9vgc2025regg-2286162739","format":"[Gen 9] VGC 2025 Reg G","players":["Mojoe93","TCM Zaukepoo"],"log":"|j|\u2606Mojoe93\n|j|\u2606TCM Zaukepoo\n|t:|1737573935\n|gametype|doubles\n|player|p1|Mojoe93|101|1521\n|player|p2|TCM Zaukepoo|102|1611\n|teamsize|p1|6\n|teamsize|p2|6\n|gen|9\n|tier|[Gen 9] VGC 2025 Reg G\n|rated|\n|rule|Species Clause: Limit one of each Pok\u00e9mon\n|rule|Item Clause: Limit 1 of each item\n|clearpoke\n|poke|p1|Grimmsnarl, L50, M|\n|poke|p1|Iron Hands, L50|\n|poke|p1|Calyrex-Ice, L50|\n|poke|p1|Amoonguss, L50, M|\n|poke|p1|Urshifu-*, L50, M|\n|poke|p1|Primarina, L50, F|\n|poke|p2|Kyogre, L50|\n|poke|p2|Indeedee-F, L50, F|\n|poke|p2|Ditto, L50|\n|poke|p2|Tornadus, L50, M|\n|poke|p2|Smeargle, L50, F|\n|poke|p2|Araquanid, L50, M|\n|teampreview|4\n|inactive|Battle timer is ON: inactive players will automatically lose when time's up. (requested by TCM Zaukepoo)\nTCM Zaukepoo has agreed to open team sheets.\n|\n|t:|1737573961\n|start\n|switch|p1a: Grimmsnarl|Grimmsnarl, L50, M|100\/100\n|switch|p1b: Primarina|Primarina, L50, F|100\/100\n|switch|p2a: Kyogre|Kyogre, L50|100\/100\n|switch|p2b: Indeedee|Indeedee-F, L50, F|100\/100\n|-weather|RainDance|[from] ability: Drizzle|[of] p2a: Kyogre\n|-fieldstart|move: Psychic Terrain|[from] ability: Psychic Surge|[of] p2b: Indeedee\n|turn|1\n|inactive|Mojoe93 has 30 seconds left.\n|\n|t:|1737573989\n|-terastallize|p2a: Kyogre|Water\n|move|p2b: Indeedee|Follow Me|p2b: Indeedee\n|-singleturn|p2b: Indeedee|move: Follow Me\n|move|p1a: Grimmsnarl|Light Screen|p1a: Grimmsnarl\n|-sidestart|p1: Mojoe93|move: Light Screen\n|move|p2a: Kyogre|Water Spout|p1a: Grimmsnarl|[spread] p1a,p1b\n|-resisted|p1b: Primarina\n|-damage|p1a: Grimmsnarl|0 fnt\n|-damage|p1b: Primarina|44\/100\n|faint|p1a: Grimmsnarl\n|move|p1b: Primarina|Hyper Voice|p2a: Kyogre|[spread] p2a,p2b\n|-resisted|p2a: Kyogre\n|-damage|p2a: Kyogre|72\/100\n|-damage|p2b: Indeedee|37\/100\n|-damage|p1b: Primarina|35\/100|[from] item: Life Orb\n|\n|-weather|RainDance|[upkeep]\n|upkeep\n|\n|t:|1737574003\n|switch|p1a: Iron Hands|Iron Hands, L50|100\/100\n|turn|2\n|\n|t:|1737574011\n|-terastallize|p1a: Iron Hands|Grass\n|move|p1b: Primarina|Protect|p1b: Primarina\n|-singleturn|p1b: Primarina|Protect\n|move|p2b: Indeedee|Follow Me|p2b: Indeedee\n|-singleturn|p2b: Indeedee|move: Follow Me\n|move|p2a: Kyogre|Water Spout|p1b: Primarina|[spread] p1a\n|-activate|p1b: Primarina|move: Protect\n|-resisted|p1a: Iron Hands\n|-damage|p1a: Iron Hands|64\/100\n|move|p1a: Iron Hands|Wild Charge|p2b: Indeedee\n|-damage|p2b: Indeedee|0 fnt\n|faint|p2b: Indeedee\n|-damage|p1a: Iron Hands|58\/100|[from] Recoil\n|\n|-weather|RainDance|[upkeep]\n|-heal|p1a: Iron Hands|64\/100|[from] item: Leftovers\n|upkeep\n|\n|t:|1737574021\n|switch|p2b: Smeargle|Smeargle, L50, F|100\/100\n|turn|3\n|\n|t:|1737574030\n|move|p1a: Iron Hands|Protect|p1a: Iron Hands\n|-singleturn|p1a: Iron Hands|Protect\n|move|p2b: Smeargle|Follow Me|p2b: Smeargle\n|-singleturn|p2b: Smeargle|move: Follow Me\n|move|p2a: Kyogre|Water Spout|p1b: Primarina|[spread] p1b\n|-activate|p1a: Iron Hands|move: Protect\n|-resisted|p1b: Primarina\n|-damage|p1b: Primarina|0 fnt\n|faint|p1b: Primarina\n|\n|-weather|RainDance|[upkeep]\n|-heal|p1a: Iron Hands|70\/100|[from] item: Leftovers\n|-ability|p2b: Smeargle|Moody|boost\n|-boost|p2b: Smeargle|spe|2\n|-unboost|p2b: Smeargle|spd|1\n|upkeep\n|\n|t:|1737574043\n|switch|p1b: Amoonguss|Amoonguss, L50, M|100\/100\n|turn|4\n|\n|t:|1737574051\n|move|p2b: Smeargle|Follow Me|p2b: Smeargle\n|-singleturn|p2b: Smeargle|move: Follow Me\n|move|p2a: Kyogre|Water Spout|p1a: Iron Hands|[spread] p1a,p1b\n|-resisted|p1a: Iron Hands\n|-resisted|p1b: Amoonguss\n|-damage|p1a: Iron Hands|37\/100\n|-damage|p1b: Amoonguss|64\/100\n|move|p1a: Iron Hands|Drain Punch|p2b: Smeargle\n|-supereffective|p2b: Smeargle\n|-enditem|p2b: Smeargle|Focus Sash\n|-damage|p2b: Smeargle|1\/100\n|-heal|p1a: Iron Hands|68\/100|[from] drain|[of] p2b: Smeargle\n|move|p1b: Amoonguss|Spore|p2b: Smeargle\n|-status|p2b: Smeargle|slp|[from] move: Spore\n|\n|-weather|RainDance|[upkeep]\n|-heal|p1a: Iron Hands|74\/100|[from] item: Leftovers\n|-ability|p2b: Smeargle|Moody|boost\n|-boost|p2b: Smeargle|spa|2\n|-unboost|p2b: Smeargle|spe|1\n|upkeep\n|turn|5\n|\n|t:|1737574071\n|switch|p2a: Araquanid|Araquanid, L50, M|100\/100\n|move|p1b: Amoonguss|Protect|p1b: Amoonguss\n|-singleturn|p1b: Amoonguss|Protect\n|cant|p2b: Smeargle|slp\n|move|p1a: Iron Hands|Wild Charge|p2a: Araquanid\n|-supereffective|p2a: Araquanid\n|-damage|p2a: Araquanid|0 fnt\n|faint|p2a: Araquanid\n|-damage|p1a: Iron Hands|57\/100|[from] Recoil\n|\n|-weather|none\n|-heal|p1a: Iron Hands|63\/100|[from] item: Leftovers\n|-fieldend|move: Psychic Terrain\n|-ability|p2b: Smeargle|Moody|boost\n|-boost|p2b: Smeargle|spd|2\n|-unboost|p2b: Smeargle|def|1\n|upkeep\n|j| cccue6tu\n|\n|t:|1737574075\n|switch|p2a: Kyogre|Kyogre, L50, tera:Water|72\/100\n|-weather|RainDance|[from] ability: Drizzle|[of] p2a: Kyogre\n|turn|6\n|\n|t:|1737574094\n|move|p1a: Iron Hands|Protect|p1a: Iron Hands\n|-singleturn|p1a: Iron Hands|Protect\n|cant|p2b: Smeargle|slp\n|move|p2a: Kyogre|Water Spout|p1a: Iron Hands|[spread] p1b\n|-activate|p1a: Iron Hands|move: Protect\n|-resisted|p1b: Amoonguss\n|-damage|p1b: Amoonguss|28\/100\n|move|p1b: Amoonguss|Spore|p2a: Kyogre\n|-status|p2a: Kyogre|slp|[from] move: Spore\n|\n|-weather|RainDance|[upkeep]\n|-heal|p1a: Iron Hands|69\/100|[from] item: Leftovers\n|-ability|p2b: Smeargle|Moody|boost\n|-boost|p2b: Smeargle|spa|2\n|-unboost|p2b: Smeargle|atk|1\n|upkeep\n|turn|7\n|\n|t:|1737574113\n|-curestatus|p2b: Smeargle|slp|[msg]\n|move|p2b: Smeargle|Follow Me|p2b: Smeargle\n|-singleturn|p2b: Smeargle|move: Follow Me\n|cant|p2a: Kyogre|slp\n|move|p1a: Iron Hands|Wild Charge|p2b: Smeargle\n|-damage|p2b: Smeargle|0 fnt\n|faint|p2b: Smeargle\n|-damage|p1a: Iron Hands|69\/100|[from] Recoil\n|move|p1b: Amoonguss|Pollen Puff|p1a: Iron Hands\n|-heal|p1a: Iron Hands|100\/100\n|\n|-weather|RainDance|[upkeep]\n|upkeep\n|turn|8\n|\n|t:|1737574132\n|cant|p2a: Kyogre|slp\n|move|p1a: Iron Hands|Wild Charge|p2a: Kyogre\n|-supereffective|p2a: Kyogre\n|-damage|p2a: Kyogre|0 fnt\n|faint|p2a: Kyogre\n|-damage|p1a: Iron Hands|88\/100|[from] Recoil\n|\n|win|Mojoe93\n|raw|Mojoe93's rating: 1521 &rarr; <strong>1546<\/strong><br \/>(+25 for winning)\n|raw|TCM Zaukepoo's rating: 1611 &rarr; <strong>1586<\/strong><br \/>(-25 for losing)\n|l|\u2606TCM Zaukepoo\n|player|p2|\n|l|\u2606Mojoe93\n|player|p1|\n","uploadtime":1737574329,"views":26,"formatid":"gen9vgc2025regg","rating":1546,"private":0,"password":null}