{"id":"gen9vgc2025regg-2286733563","format":"[Gen 9] VGC 2025 Reg G","players":["Hikawari","Yung Trav"],"log":"|j|\u2606Hikawari\n|j|\u203dYung Trav\n|t:|1737650031\n|gametype|doubles\n|player|p1|Hikawari|2|1569\n|player|p2|Yung Trav|170|1619\n|teamsize|p1|6\n|teamsize|p2|6\n|gen|9\n|tier|[Gen 9] VGC 2025 Reg G\n|rated|\n|rule|Species Clause: Limit one of each Pok\u00e9mon\n|rule|Item Clause: Limit 1 of each item\n|clearpoke\n|poke|p1|Zamazenta-*, L50|\n|poke|p1|Chi-Yu, L50|\n|poke|p1|Rillaboom, L50, F|\n|poke|p1|Flutter Mane, L50|\n|poke|p1|Chien-Pao, L50|\n|poke|p1|Amoonguss, L50, M|\n|poke|p2|Calyrex-Ice, L50|\n|poke|p2|Regidrago, L50|\n|poke|p2|Smeargle, L50, M|\n|poke|p2|Farigiraf, L50, M|\n|poke|p2|Urshifu-*, L50, M|\n|poke|p2|Ogerpon-Cornerstone, L50, F|\n|teampreview|4\n|inactive|Battle timer is ON: inactive players will automatically lose when time's up. (requested by Hikawari)\n|\n|t:|1737650056\n|start\n|switch|p1a: Chien-Pao|Chien-Pao, L50|100\/100\n|switch|p1b: Zamazenta|Zamazenta-Crowned, L50|100\/100\n|switch|p2a: Calyrex|Calyrex-Ice, L50|100\/100\n|switch|p2b: Smeargle|Smeargle, L50, M, shiny|100\/100\n|-ability|p2a: Calyrex|As One\n|-ability|p2a: Calyrex|Unnerve\n|-ability|p1a: Chien-Pao|Sword of Ruin\n|-ability|p1b: Zamazenta|Dauntless Shield|boost\n|-boost|p1b: Zamazenta|def|1\n|turn|1\n|inactive|Hikawari has 30 seconds left.\n|inactive|Yung Trav has 30 seconds left.\n|\n|t:|1737650081\n|-terastallize|p2a: Calyrex|Water\n|move|p2b: Smeargle|Fake Out|p1b: Zamazenta\n|-resisted|p1b: Zamazenta\n|-damage|p1b: Zamazenta|99\/100\n|move|p1a: Chien-Pao|Icicle Crash|p2b: Smeargle\n|-damage|p2b: Smeargle|18\/100\n|cant|p1b: Zamazenta|flinch\n|move|p2a: Calyrex|Trick Room|p2a: Calyrex\n|-fieldstart|move: Trick Room|[of] p2a: Calyrex\n|\n|upkeep\n|turn|2\n|\n|t:|1737650102\n|move|p2b: Smeargle|Decorate|p2a: Calyrex\n|-boost|p2a: Calyrex|atk|2\n|-boost|p2a: Calyrex|spa|2\n|move|p2a: Calyrex|High Horsepower|p1b: Zamazenta|[miss]\n|-miss|p2a: Calyrex|p1b: Zamazenta\n|move|p1b: Zamazenta|Body Press|p2a: Calyrex\n|-damage|p2a: Calyrex|39\/100\n|move|p1a: Chien-Pao|Throat Chop|p2b: Smeargle\n|-damage|p2b: Smeargle|0 fnt\n|faint|p2b: Smeargle\n|\n|upkeep\n|inactive|Yung Trav has 30 seconds left.\n|\n|t:|1737650131\n|switch|p2b: Ogerpon|Ogerpon-Cornerstone, L50, F|100\/100\n|turn|3\n|\n|t:|1737650144\n|switch|p1a: Amoonguss|Amoonguss, L50, M|100\/100\n|move|p1b: Zamazenta|Wide Guard|p1b: Zamazenta\n|-singleturn|p1b: Zamazenta|Wide Guard\n|move|p2a: Calyrex|High Horsepower|p1b: Zamazenta\n|-supereffective|p1b: Zamazenta\n|-damage|p1b: Zamazenta|36\/100\n|move|p2b: Ogerpon|Taunt|p1b: Zamazenta\n|-start|p1b: Zamazenta|move: Taunt\n|\n|upkeep\n|turn|4\n|\n|t:|1737650159\n|switch|p1b: Chien-Pao|Chien-Pao, L50|100\/100\n|-ability|p1b: Chien-Pao|Sword of Ruin\n|move|p1a: Amoonguss|Protect|p1a: Amoonguss\n|-singleturn|p1a: Amoonguss|Protect\n|move|p2b: Ogerpon|Follow Me|p2b: Ogerpon\n|-singleturn|p2b: Ogerpon|move: Follow Me\n|move|p2a: Calyrex|Glacial Lance|p1b: Chien-Pao|[spread] p1b\n|-activate|p1a: Amoonguss|move: Protect\n|-resisted|p1b: Chien-Pao\n|-damage|p1b: Chien-Pao|14\/100\n|\n|upkeep\n|turn|5\n|\n|t:|1737650176\n|move|p1b: Chien-Pao|Protect|p1b: Chien-Pao\n|-singleturn|p1b: Chien-Pao|Protect\n|move|p2b: Ogerpon|Follow Me|p2b: Ogerpon\n|-singleturn|p2b: Ogerpon|move: Follow Me\n|move|p1a: Amoonguss|Sludge Bomb|p2b: Ogerpon\n|-damage|p2b: Ogerpon|66\/100\n|move|p2a: Calyrex|Glacial Lance|p1a: Amoonguss|[spread] p1a\n|-activate|p1b: Chien-Pao|move: Protect\n|-supereffective|p1a: Amoonguss\n|-damage|p1a: Amoonguss|0 fnt\n|faint|p1a: Amoonguss\n|-ability|p2a: Calyrex|Chilling Neigh|boost\n|-boost|p2a: Calyrex|atk|1\n|\n|-fieldend|move: Trick Room\n|upkeep\n|\n|t:|1737650195\n|switch|p1a: Rillaboom|Rillaboom, L50, F|100\/100\n|-fieldstart|move: Grassy Terrain|[from] ability: Grassy Surge|[of] p1a: Rillaboom\n|turn|6\n|j| 413XP\n|inactive|Yung Trav has 30 seconds left.\n|\n|t:|1737650224\n|-terastallize|p1a: Rillaboom|Fire\n|move|p2a: Calyrex|Protect|p2a: Calyrex\n|-singleturn|p2a: Calyrex|Protect\n|move|p1b: Chien-Pao|Icicle Crash|p2b: Ogerpon\n|-supereffective|p2b: Ogerpon\n|-damage|p2b: Ogerpon|0 fnt\n|faint|p2b: Ogerpon\n|move|p1a: Rillaboom|Wood Hammer|p2a: Calyrex\n|-activate|p2a: Calyrex|move: Protect\n|\n|-heal|p1b: Chien-Pao|20\/100|[from] Grassy Terrain\n|-heal|p2a: Calyrex|45\/100|[from] Grassy Terrain\n|upkeep\n|\n|t:|1737650238\n|switch|p2b: Regidrago|Regidrago, L50, shiny|100\/100\n|turn|7\n|\n|t:|1737650246\n|move|p2b: Regidrago|Protect|p2b: Regidrago\n|-singleturn|p2b: Regidrago|Protect\n|move|p1b: Chien-Pao|Sucker Punch||[still]\n|-fail|p1b: Chien-Pao\n|move|p1a: Rillaboom|Grassy Glide|p2a: Calyrex\n|-supereffective|p2a: Calyrex\n|-damage|p2a: Calyrex|0 fnt\n|faint|p2a: Calyrex\n|\n|-heal|p1b: Chien-Pao|26\/100|[from] Grassy Terrain\n|upkeep\n|turn|8\n|\n|t:|1737650260\n|move|p1b: Chien-Pao|Icicle Crash|p2b: Regidrago\n|-supereffective|p2b: Regidrago\n|-crit|p2b: Regidrago\n|-damage|p2b: Regidrago|0 fnt\n|faint|p2b: Regidrago\n|\n|win|Hikawari\n|raw|Hikawari's rating: 1569 &rarr; <strong>1592<\/strong><br \/>(+23 for winning)\n|raw|Yung Trav's rating: 1619 &rarr; <strong>1596<\/strong><br \/>(-23 for losing)\n|l|\u2606Hikawari\n|player|p1|\n|l|\u203dYung Trav\n|player|p2|\n","uploadtime":1737650472,"views":4,"formatid":"gen9vgc2025regg","rating":1592,"private":0,"password":null}