{"id":"gen9vgc2025regg-2286961090","format":"[Gen 9] VGC 2025 Reg G","players":["Iamsliverfish","tyuiop112"],"log":"|j|\u2606Iamsliverfish\n|j|\u2606tyuiop112\n|t:|1737672773\n|gametype|doubles\n|player|p1|Iamsliverfish|hiker-gen4|1752\n|player|p2|tyuiop112|102|1619\n|teamsize|p1|6\n|teamsize|p2|6\n|gen|9\n|tier|[Gen 9] VGC 2025 Reg G\n|rated|\n|rule|Species Clause: Limit one of each Pok\u00e9mon\n|rule|Item Clause: Limit 1 of each item\n|clearpoke\n|poke|p1|Calyrex-Shadow, L50|\n|poke|p1|Ursaluna, L50, M|\n|poke|p1|Indeedee-F, L50, F|\n|poke|p1|Ogerpon-Wellspring, L50, F|\n|poke|p1|Tornadus, L50, M|\n|poke|p1|Chi-Yu, L50|\n|poke|p2|Flutter Mane, L50|\n|poke|p2|Chi-Yu, L50|\n|poke|p2|Chien-Pao, L50|\n|poke|p2|Zamazenta-*, L50|\n|poke|p2|Raging Bolt, L50|\n|poke|p2|Amoonguss, L50, F|\n|teampreview|4\n|\n|t:|1737672794\n|start\n|switch|p1a: Tornadus|Tornadus, L50, M|100\/100\n|switch|p1b: Ogerpon|Ogerpon-Wellspring, L50, F|100\/100\n|switch|p2a: Flutter Mane|Flutter Mane, L50|100\/100\n|switch|p2b: Chi-Yu|Chi-Yu, L50|100\/100\n|-ability|p2b: Chi-Yu|Beads of Ruin\n|-enditem|p2a: Flutter Mane|Booster Energy\n|-activate|p2a: Flutter Mane|ability: Protosynthesis|[fromitem]\n|-start|p2a: Flutter Mane|protosynthesisspe\n|turn|1\n|\n|t:|1737672816\n|switch|p2b: Zamazenta|Zamazenta-Crowned, L50|100\/100\n|-ability|p2b: Zamazenta|Dauntless Shield|boost\n|-boost|p2b: Zamazenta|def|1\n|move|p1a: Tornadus|Tailwind|p1a: Tornadus\n|-sidestart|p1: Iamsliverfish|move: Tailwind\n|move|p1b: Ogerpon|Ivy Cudgel|p2b: Zamazenta|[anim] Ivy Cudgel Water\n|-damage|p2b: Zamazenta|79\/100\n|move|p2a: Flutter Mane|Thunder Wave|p1b: Ogerpon\n|-status|p1b: Ogerpon|par\n|\n|upkeep\n|turn|2\n|\n|t:|1737672838\n|move|p2a: Flutter Mane|Protect|p2a: Flutter Mane\n|-singleturn|p2a: Flutter Mane|Protect\n|move|p1b: Ogerpon|Spiky Shield|p1b: Ogerpon\n|-singleturn|p1b: Ogerpon|move: Protect\n|move|p1a: Tornadus|Bleakwind Storm|p2a: Flutter Mane|[spread] p2b\n|-activate|p2a: Flutter Mane|move: Protect\n|-damage|p2b: Zamazenta|53\/100\n|move|p2b: Zamazenta|Body Press|p1b: Ogerpon\n|-activate|p1b: Ogerpon|move: Protect\n|-damage|p2b: Zamazenta|41\/100|[from] Spiky Shield|[of] p1b: Ogerpon\n|\n|upkeep\n|turn|3\n|\n|t:|1737672850\n|move|p2a: Flutter Mane|Icy Wind|p1a: Tornadus|[spread] p1a,p1b\n|-supereffective|p1a: Tornadus\n|-damage|p1a: Tornadus|69\/100\n|-damage|p1b: Ogerpon|87\/100 par\n|-unboost|p1a: Tornadus|spe|1\n|-unboost|p1b: Ogerpon|spe|1\n|move|p1a: Tornadus|Bleakwind Storm|p2b: Zamazenta|[spread] p2a,p2b\n|-damage|p2a: Flutter Mane|68\/100\n|-damage|p2b: Zamazenta|13\/100\n|-unboost|p2b: Zamazenta|spe|1\n|move|p2b: Zamazenta|Body Press|p1b: Ogerpon\n|-damage|p1b: Ogerpon|2\/100 par\n|cant|p1b: Ogerpon|par\n|\n|upkeep\n|turn|4\n|l|\u2606tyuiop112\n|player|p2|\n|j|\u2606tyuiop112\n|player|p2|tyuiop112|102|\n|inactive|Battle timer is ON: inactive players will automatically lose when time's up. (requested by Iamsliverfish)\n|\n|t:|1737672890\n|move|p1b: Ogerpon|Spiky Shield|p1b: Ogerpon\n|-singleturn|p1b: Ogerpon|move: Protect\n|move|p2b: Zamazenta|Wide Guard|p2b: Zamazenta\n|-singleturn|p2b: Zamazenta|Wide Guard\n|move|p2a: Flutter Mane|Icy Wind|p1b: Ogerpon|[spread] \n|-activate|p1b: Ogerpon|move: Protect\n|-miss|p2a: Flutter Mane|p1a: Tornadus\n|move|p1a: Tornadus|Bleakwind Storm|p2a: Flutter Mane|[spread] \n|-activate|p2a: Flutter Mane|move: Wide Guard\n|-activate|p2b: Zamazenta|move: Wide Guard\n|\n|-sideend|p1: Iamsliverfish|move: Tailwind\n|upkeep\n|turn|5\n|\n|t:|1737672907\n|move|p1a: Tornadus|Taunt|p2b: Zamazenta\n|-start|p2b: Zamazenta|move: Taunt\n|move|p2a: Flutter Mane|Icy Wind|p1a: Tornadus|[spread] p1a,p1b\n|-supereffective|p1a: Tornadus\n|-damage|p1a: Tornadus|39\/100\n|-damage|p1b: Ogerpon|0 fnt\n|-unboost|p1a: Tornadus|spe|1\n|faint|p1b: Ogerpon\n|move|p2b: Zamazenta|Heavy Slam|p1a: Tornadus\n|-damage|p1a: Tornadus|0 fnt\n|faint|p1a: Tornadus\n|\n|upkeep\n|\n|t:|1737672910\n|switch|p1b: Calyrex|Calyrex-Shadow, L50|100\/100\n|switch|p1a: Indeedee|Indeedee-F, L50, F|100\/100\n|-ability|p1b: Calyrex|As One\n|-ability|p1b: Calyrex|Unnerve\n|-fieldstart|move: Psychic Terrain|[from] ability: Psychic Surge|[of] p1a: Indeedee\n|turn|6\n|inactive|tyuiop112 has 30 seconds left.\n|inactive|tyuiop112 has 20 seconds left.\n|\n|t:|1737672950\n|-terastallize|p2a: Flutter Mane|Normal\n|move|p2a: Flutter Mane|Icy Wind|p1a: Indeedee|[spread] p1a,p1b\n|-crit|p1b: Calyrex\n|-damage|p1a: Indeedee|89\/100\n|-damage|p1b: Calyrex|82\/100\n|-unboost|p1a: Indeedee|spe|1\n|-unboost|p1b: Calyrex|spe|1\n|move|p1b: Calyrex|Astral Barrage|p2b: Zamazenta|[spread] p2b\n|-immune|p2a: Flutter Mane\n|-damage|p2b: Zamazenta|0 fnt\n|faint|p2b: Zamazenta\n|-ability|p1b: Calyrex|Grim Neigh|boost\n|-boost|p1b: Calyrex|spa|1\n|-damage|p1b: Calyrex|72\/100|[from] item: Life Orb\n|move|p1a: Indeedee|Trick Room|p1a: Indeedee\n|-fieldstart|move: Trick Room|[of] p1a: Indeedee\n|\n|upkeep\n|\n|t:|1737672973\n|switch|p2b: Chi-Yu|Chi-Yu, L50|100\/100\n|-ability|p2b: Chi-Yu|Beads of Ruin\n|turn|7\n|\n|t:|1737672980\n|-terastallize|p1b: Calyrex|Ground\n|move|p2a: Flutter Mane|Protect|p2a: Flutter Mane\n|-singleturn|p2a: Flutter Mane|Protect\n|move|p1a: Indeedee|Follow Me|p1a: Indeedee\n|-singleturn|p1a: Indeedee|move: Follow Me\n|move|p1b: Calyrex|Tera Blast|p2b: Chi-Yu|[anim] Tera Blast Ground\n|-supereffective|p2b: Chi-Yu\n|-damage|p2b: Chi-Yu|0 fnt\n|faint|p2b: Chi-Yu\n|-ability|p1b: Calyrex|Grim Neigh|boost\n|-boost|p1b: Calyrex|spa|1\n|-damage|p1b: Calyrex|63\/100|[from] item: Life Orb\n|\n|upkeep\n|\n|t:|1737672985\n|switch|p2b: Chien-Pao|Chien-Pao, L50|100\/100\n|-ability|p2b: Chien-Pao|Sword of Ruin\n|turn|8\n|\n|t:|1737672999\n|move|p1a: Indeedee|Alluring Voice|p2b: Chien-Pao\n|-supereffective|p2b: Chien-Pao\n|-damage|p2b: Chien-Pao|41\/100\n|move|p1b: Calyrex|Expanding Force|p2b: Chien-Pao|[spread] p2a\n|-immune|p2b: Chien-Pao\n|-damage|p2a: Flutter Mane|0 fnt\n|faint|p2a: Flutter Mane\n|-end|p2a: Flutter Mane|Protosynthesis|[silent]\n|-ability|p1b: Calyrex|Grim Neigh|boost\n|-boost|p1b: Calyrex|spa|1\n|-damage|p1b: Calyrex|53\/100|[from] item: Life Orb\n|move|p2b: Chien-Pao|Throat Chop|p1b: Calyrex\n|-damage|p1b: Calyrex|0 fnt\n|faint|p1b: Calyrex\n|\n|upkeep\n|turn|9\n|j| AriehA1995\n|\n|t:|1737673005\n|move|p2b: Chien-Pao|Protect|p2b: Chien-Pao\n|-singleturn|p2b: Chien-Pao|Protect\n|move|p1a: Indeedee|Alluring Voice|p2b: Chien-Pao\n|-activate|p2b: Chien-Pao|move: Protect\n|\n|upkeep\n|turn|10\n|\n|t:|1737673008\n|move|p2b: Chien-Pao|Protect|p2b: Chien-Pao\n|-singleturn|p2b: Chien-Pao|Protect\n|move|p1a: Indeedee|Alluring Voice|p2b: Chien-Pao\n|-activate|p2b: Chien-Pao|move: Protect\n|\n|-fieldend|move: Trick Room\n|-fieldend|move: Psychic Terrain\n|upkeep\n|turn|11\n|\n|t:|1737673014\n|move|p2b: Chien-Pao|Throat Chop|p1a: Indeedee\n|-supereffective|p1a: Indeedee\n|-damage|p1a: Indeedee|0 fnt\n|faint|p1a: Indeedee\n|\n|win|tyuiop112\n|raw|Iamsliverfish's rating: 1752 &rarr; <strong>1725<\/strong><br \/>(-27 for losing)\n|raw|tyuiop112's rating: 1619 &rarr; <strong>1646<\/strong><br \/>(+27 for winning)\n|l|\u2606Iamsliverfish\n|player|p1|\n|l|\u2606tyuiop112\n|player|p2|\n|l| AriehA1995\n","uploadtime":1737673213,"views":5,"formatid":"gen9vgc2025regg","rating":1646,"private":0,"password":null}