{"id":"gen9vgc2025regg-2286264176","format":"[Gen 9] VGC 2025 Reg G","players":["chappell murkroan","infinitygroudon"],"log":"|j|\u2606chappell murkroan\n|j|\u2606infinitygroudon\n|t:|1737584366\n|gametype|doubles\n|player|p1|chappell murkroan|caitlin|1760\n|player|p2|infinitygroudon|101|1650\n|teamsize|p1|6\n|teamsize|p2|6\n|gen|9\n|tier|[Gen 9] VGC 2025 Reg G\n|rated|\n|rule|Species Clause: Limit one of each Pok\u00e9mon\n|rule|Item Clause: Limit 1 of each item\n|clearpoke\n|poke|p1|Miraidon, L50|\n|poke|p1|Chi-Yu, L50|\n|poke|p1|Whimsicott, L50, M|\n|poke|p1|Iron Crown, L50|\n|poke|p1|Urshifu-*, L50, F|\n|poke|p1|Gastrodon, L50, M|\n|poke|p2|Calyrex-Shadow, L50|\n|poke|p2|Incineroar, L50, M|\n|poke|p2|Weezing-Galar, L50, M|\n|poke|p2|Indeedee-F, L50, F|\n|poke|p2|Iron Valiant, L50|\n|poke|p2|Ursaluna-Bloodmoon, L50, M|\n|teampreview|4\n|inactive|Battle timer is ON: inactive players will automatically lose when time's up. (requested by chappell murkroan)\n|\n|t:|1737584389\n|start\n|switch|p1a: Whimsicott|Whimsicott, L50, M|100\/100\n|switch|p1b: Urshifu|Urshifu, L50, F|100\/100\n|switch|p2a: Charming|Iron Valiant, L50, shiny|100\/100\n|switch|p2b: Duncan|Calyrex-Shadow, L50|100\/100\n|-ability|p2b: Duncan|As One\n|-ability|p2b: Duncan|Unnerve\n|-enditem|p2a: Charming|Booster Energy\n|-activate|p2a: Charming|ability: Quark Drive|[fromitem]\n|-start|p2a: Charming|quarkdrivespe\n|turn|1\n|\n|t:|1737584408\n|switch|p2b: Mr. Gassy|Weezing-Galar, L50, M|100\/100\n|-ability|p2b: Mr. Gassy|Neutralizing Gas\n|-terastallize|p1b: Urshifu|Poison\n|move|p1a: Whimsicott|Tailwind|p1a: Whimsicott\n|-sidestart|p1: chappell murkroan|move: Tailwind\n|move|p1b: Urshifu|Wicked Blow|p2b: Mr. Gassy\n|-resisted|p2b: Mr. Gassy\n|-crit|p2b: Mr. Gassy\n|-damage|p2b: Mr. Gassy|73\/100\n|move|p2a: Charming|Spirit Break|p1b: Urshifu\n|-resisted|p1b: Urshifu\n|-damage|p1b: Urshifu|82\/100\n|-unboost|p1b: Urshifu|spa|1\n|\n|upkeep\n|turn|2\n|\n|t:|1737584421\n|move|p2a: Charming|Protect|p2a: Charming\n|-singleturn|p2a: Charming|Protect\n|move|p1a: Whimsicott|Moonblast|p2a: Charming\n|-activate|p2a: Charming|move: Protect\n|move|p1b: Urshifu|Poison Jab|p2a: Charming\n|-activate|p2a: Charming|move: Protect\n|move|p2b: Mr. Gassy|Sludge Bomb|p1a: Whimsicott\n|-supereffective|p1a: Whimsicott\n|-enditem|p1a: Whimsicott|Focus Sash\n|-damage|p1a: Whimsicott|1\/100\n|\n|upkeep\n|turn|3\n|\n|t:|1737584435\n|move|p2a: Charming|Shadow Sneak|p1a: Whimsicott\n|-damage|p1a: Whimsicott|0 fnt\n|faint|p1a: Whimsicott\n|move|p1b: Urshifu|Wicked Blow|p2a: Charming\n|-resisted|p2a: Charming\n|-crit|p2a: Charming\n|-damage|p2a: Charming|79\/100\n|move|p2b: Mr. Gassy|Will-O-Wisp|p1b: Urshifu|[miss]\n|-miss|p2b: Mr. Gassy|p1b: Urshifu\n|\n|upkeep\n|\n|t:|1737584447\n|switch|p1a: Miraidon|Miraidon, L50|100\/100\n|turn|4\n|\n|t:|1737584454\n|move|p2a: Charming|Protect|p2a: Charming\n|-singleturn|p2a: Charming|Protect\n|move|p2b: Mr. Gassy|Protect|p2b: Mr. Gassy\n|-singleturn|p2b: Mr. Gassy|Protect\n|move|p1a: Miraidon|Electro Drift|p2b: Mr. Gassy\n|-activate|p2b: Mr. Gassy|move: Protect\n|move|p1b: Urshifu|Poison Jab|p2a: Charming\n|-activate|p2a: Charming|move: Protect\n|\n|-sideend|p1: chappell murkroan|move: Tailwind\n|upkeep\n|turn|5\n|\n|t:|1737584463\n|-end|p2b: Mr. Gassy|ability: Neutralizing Gas\n|-fieldstart|move: Electric Terrain|[from] ability: Hadron Engine|[of] p1a: Miraidon\n|switch|p2b: Suthen|Indeedee-F, L50, F|100\/100\n|-fieldstart|move: Psychic Terrain|[from] ability: Psychic Surge|[of] p2b: Suthen\n|-terastallize|p2a: Charming|Fairy\n|move|p2a: Charming|Spirit Break|p1a: Miraidon\n|-supereffective|p1a: Miraidon\n|-damage|p1a: Miraidon|0 fnt\n|faint|p1a: Miraidon\n|move|p1b: Urshifu|Poison Jab|p2a: Charming\n|-supereffective|p2a: Charming\n|-damage|p2a: Charming|0 fnt\n|faint|p2a: Charming\n|-end|p2a: Charming|Quark Drive|[silent]\n|\n|upkeep\n|\n|t:|1737584476\n|switch|p1a: Chi-Yu|Chi-Yu, L50|100\/100\n|switch|p2a: Duncan|Calyrex-Shadow, L50|100\/100\n|-ability|p2a: Duncan|As One\n|-ability|p2a: Duncan|Unnerve\n|-ability|p1a: Chi-Yu|Beads of Ruin\n|turn|6\n|\n|t:|1737584486\n|move|p2b: Suthen|Follow Me|p2b: Suthen\n|-singleturn|p2b: Suthen|move: Follow Me\n|move|p2a: Duncan|Expanding Force|p1a: Chi-Yu|[spread] p1b\n|-immune|p1a: Chi-Yu\n|-supereffective|p1b: Urshifu\n|-damage|p1b: Urshifu|0 fnt\n|faint|p1b: Urshifu\n|-ability|p2a: Duncan|Grim Neigh|boost\n|-boost|p2a: Duncan|spa|1\n|-damage|p2a: Duncan|91\/100|[from] item: Life Orb\n|move|p1a: Chi-Yu|Snarl|p2b: Suthen|[spread] p2a,p2b\n|-supereffective|p2a: Duncan\n|-supereffective|p2b: Suthen\n|-damage|p2a: Duncan|0 fnt\n|-damage|p2b: Suthen|23\/100\n|-unboost|p2b: Suthen|spa|1\n|faint|p2a: Duncan\n|\n|upkeep\n|\n|t:|1737584489\n|switch|p2a: Mr. Gassy|Weezing-Galar, L50, M|73\/100\n|-ability|p2a: Mr. Gassy|Neutralizing Gas\n|turn|7\n|\n|t:|1737584498\n|move|p2b: Suthen|Helping Hand|p2a: Mr. Gassy\n|-singleturn|p2a: Mr. Gassy|Helping Hand|[of] p2b: Suthen\n|move|p1a: Chi-Yu|Snarl|p2b: Suthen|[spread] p2a,p2b\n|-resisted|p2a: Mr. Gassy\n|-supereffective|p2b: Suthen\n|-damage|p2a: Mr. Gassy|55\/100\n|-damage|p2b: Suthen|0 fnt\n|-unboost|p2a: Mr. Gassy|spa|1\n|faint|p2b: Suthen\n|move|p2a: Mr. Gassy|Sludge Bomb|p1a: Chi-Yu\n|-damage|p1a: Chi-Yu|73\/100\n|-status|p1a: Chi-Yu|psn\n|\n|-damage|p1a: Chi-Yu|62\/100 psn|[from] psn\n|upkeep\n|turn|8\n|\n|t:|1737584504\n|move|p2a: Mr. Gassy|Protect|p2a: Mr. Gassy\n|-singleturn|p2a: Mr. Gassy|Protect\n|move|p1a: Chi-Yu|Snarl|p2a: Mr. Gassy\n|-activate|p2a: Mr. Gassy|move: Protect\n|\n|-damage|p1a: Chi-Yu|50\/100 psn|[from] psn\n|upkeep\n|turn|9\n|\n|t:|1737584508\n|move|p1a: Chi-Yu|Snarl|p2a: Mr. Gassy\n|-resisted|p2a: Mr. Gassy\n|-damage|p2a: Mr. Gassy|29\/100\n|-unboost|p2a: Mr. Gassy|spa|1\n|-enditem|p2a: Mr. Gassy|Sitrus Berry|[eat]\n|-heal|p2a: Mr. Gassy|54\/100|[from] item: Sitrus Berry\n|move|p2a: Mr. Gassy|Sludge Bomb|p1a: Chi-Yu\n|-damage|p1a: Chi-Yu|36\/100 psn\n|\n|-damage|p1a: Chi-Yu|24\/100 psn|[from] psn\n|-fieldend|move: Psychic Terrain\n|upkeep\n|turn|10\n|\n|t:|1737584514\n|move|p1a: Chi-Yu|Snarl|p2a: Mr. Gassy\n|-resisted|p2a: Mr. Gassy\n|-damage|p2a: Mr. Gassy|28\/100\n|-unboost|p2a: Mr. Gassy|spa|1\n|move|p2a: Mr. Gassy|Sludge Bomb|p1a: Chi-Yu\n|-damage|p1a: Chi-Yu|12\/100 psn\n|\n|-damage|p1a: Chi-Yu|0 fnt|[from] psn\n|faint|p1a: Chi-Yu\n|\n|win|infinitygroudon\n|upkeep\n|raw|chappell murkroan's rating: 1760 &rarr; <strong>1735<\/strong><br \/>(-25 for losing)\n|raw|infinitygroudon's rating: 1663 &rarr; <strong>1688<\/strong><br \/>(+25 for winning)\n|l|\u2606chappell murkroan\n|player|p1|\n|l|\u2606infinitygroudon\n|player|p2|\n","uploadtime":1737584787,"views":53,"formatid":"gen9vgc2025regg","rating":1688,"private":0,"password":null}