{"id":"gen9vgc2025regg-2286199538","format":"[Gen 9] VGC 2025 Reg G","players":["Grimmjane","BLiiNDProdiigy"],"log":"|j|\u2606Grimmjane\n|j|\u2606BLiiNDProdiigy\n|t:|1737577589\n|gametype|doubles\n|player|p1|Grimmjane|102|1556\n|player|p2|BLiiNDProdiigy|rocketgrunt|1656\n|teamsize|p1|6\n|teamsize|p2|6\n|gen|9\n|tier|[Gen 9] VGC 2025 Reg G\n|rated|\n|rule|Species Clause: Limit one of each Pok\u00e9mon\n|rule|Item Clause: Limit 1 of each item\n|clearpoke\n|poke|p1|Zacian-*, L50|\n|poke|p1|Entei, L50|\n|poke|p1|Araquanid, L50, F|\n|poke|p1|Brute Bonnet, L50|\n|poke|p1|Tornadus, L50, M|\n|poke|p1|Ditto, L50|\n|poke|p2|Terapagos, L50, M|\n|poke|p2|Incineroar, L50, M|\n|poke|p2|Rillaboom, L50, M|\n|poke|p2|Urshifu-*, L50, F|\n|poke|p2|Flutter Mane, L50|\n|poke|p2|Ogerpon-Hearthflame, L50, F|\n|teampreview|4\n|inactive|Battle timer is ON: inactive players will automatically lose when time's up. (requested by Grimmjane)\n|inactive|BLiiNDProdiigy has 60 seconds left.\n|j| mr pogostick\n|\n|t:|1737577657\n|start\n|switch|p1a: Tornadus|Tornadus, L50, M|100\/100\n|switch|p1b: Brute Bonnet|Brute Bonnet, L50|100\/100\n|switch|p2a: Terapagos|Terapagos, L50, M|100\/100\n|switch|p2b: Incineroar|Incineroar, L50, M|100\/100\n|-activate|p2a: Terapagos|ability: Tera Shift\n|detailschange|p2a: Terapagos|Terapagos-Terastal, L50, M\n|-heal|p2a: Terapagos|100\/100|[silent]\n|-ability|p2b: Incineroar|Intimidate|boost\n|-unboost|p1a: Tornadus|atk|1\n|-unboost|p1b: Brute Bonnet|atk|1\n|turn|1\n|\n|t:|1737577677\n|move|p2a: Terapagos|Protect|p2a: Terapagos\n|-singleturn|p2a: Terapagos|Protect\n|move|p1a: Tornadus|Rain Dance|p1a: Tornadus\n|-weather|RainDance\n|move|p1b: Brute Bonnet|Spore|p2a: Terapagos\n|-activate|p2a: Terapagos|move: Protect\n|move|p2b: Incineroar|Parting Shot|p1b: Brute Bonnet\n|-unboost|p1b: Brute Bonnet|atk|1\n|-unboost|p1b: Brute Bonnet|spa|1\n|\n|t:|1737577684\n|switch|p2b: Ogerpon|Ogerpon-Hearthflame, L50, F|100\/100|[from] Parting Shot\n|-ability|p2b: Ogerpon|Mold Breaker\n|\n|-weather|RainDance|[upkeep]\n|upkeep\n|turn|2\n|\n|t:|1737577696\n|-terastallize|p2a: Terapagos|Stellar\n|detailschange|p2a: Terapagos|Terapagos-Stellar, L50, M, tera:Stellar\n|-heal|p2a: Terapagos|100\/100|[silent]\n|-ability|p2a: Terapagos|Teraform Zero\n|-weather|none\n|move|p2b: Ogerpon|Follow Me|p2b: Ogerpon\n|-singleturn|p2b: Ogerpon|move: Follow Me\n|move|p1a: Tornadus|Bleakwind Storm|p2a: Terapagos|[spread] \n|-miss|p1a: Tornadus|p2a: Terapagos\n|-miss|p1a: Tornadus|p2b: Ogerpon\n|move|p2a: Terapagos|Tera Starstorm|p1b: Brute Bonnet|[spread] p1a,p1b\n|-damage|p1a: Tornadus|53\/100\n|-damage|p1b: Brute Bonnet|70\/100\n|move|p1b: Brute Bonnet|Spore|p2b: Ogerpon\n|-immune|p2b: Ogerpon\n|\n|upkeep\n|turn|3\n|\n|t:|1737577716\n|move|p1a: Tornadus|Bleakwind Storm|p2a: Terapagos|[spread] p2a,p2b\n|-supereffective|p2b: Ogerpon\n|-damage|p2a: Terapagos|77\/100\n|-damage|p2b: Ogerpon|24\/100\n|move|p2b: Ogerpon|Ivy Cudgel|p1b: Brute Bonnet|[anim] Ivy Cudgel Fire\n|-supereffective|p1b: Brute Bonnet\n|-damage|p1b: Brute Bonnet|0 fnt\n|faint|p1b: Brute Bonnet\n|-end|p1b: Brute Bonnet|Protosynthesis|[silent]\n|move|p2a: Terapagos|Calm Mind|p2a: Terapagos\n|-boost|p2a: Terapagos|spa|1\n|-boost|p2a: Terapagos|spd|1\n|\n|-heal|p2a: Terapagos|83\/100|[from] item: Leftovers\n|upkeep\n|\n|t:|1737577724\n|switch|p1b: Entei|Entei, L50|100\/100\n|turn|4\n|\n|t:|1737577734\n|switch|p2b: Incineroar|Incineroar, L50, M|100\/100\n|-ability|p2b: Incineroar|Intimidate|boost\n|-unboost|p1a: Tornadus|atk|1\n|-fail|p1b: Entei|unboost|Attack|[from] ability: Inner Focus|[of] p1b: Entei\n|move|p2a: Terapagos|Protect|p2a: Terapagos\n|-singleturn|p2a: Terapagos|Protect\n|move|p1a: Tornadus|Bleakwind Storm|p2b: Incineroar|[spread] p2b\n|-activate|p2a: Terapagos|move: Protect\n|-damage|p2b: Incineroar|66\/100\n|move|p1b: Entei|Roar|p2a: Terapagos\n|drag|p2a: Flutter Mane|Flutter Mane, L50|100\/100\n|-enditem|p2a: Flutter Mane|Booster Energy\n|-activate|p2a: Flutter Mane|ability: Protosynthesis|[fromitem]\n|-start|p2a: Flutter Mane|protosynthesisspe\n|\n|upkeep\n|turn|5\n|c|\u2606BLiiNDProdiigy|Never knew roar went through protect. Learn something new everyday\n|inactive|BLiiNDProdiigy has 30 seconds left.\n|\n|t:|1737577760\n|move|p2a: Flutter Mane|Protect|p2a: Flutter Mane\n|-singleturn|p2a: Flutter Mane|Protect\n|move|p1a: Tornadus|Tailwind|p1a: Tornadus\n|-sidestart|p1: Grimmjane|move: Tailwind\n|move|p1b: Entei|Sacred Fire|p2a: Flutter Mane\n|-activate|p2a: Flutter Mane|move: Protect\n|move|p2b: Incineroar|Knock Off|p1b: Entei\n|-damage|p1b: Entei|65\/100\n|-enditem|p1b: Entei|Safety Goggles|[from] move: Knock Off|[of] p2b: Incineroar\n|\n|upkeep\n|turn|6\n|\n|t:|1737577770\n|-end|p2a: Flutter Mane|Protosynthesis|[silent]\n|switch|p2a: Ogerpon|Ogerpon-Hearthflame, L50, F|24\/100\n|-ability|p2a: Ogerpon|Mold Breaker\n|move|p1a: Tornadus|Sunny Day|p1a: Tornadus\n|-weather|SunnyDay\n|move|p1b: Entei|Sacred Fire|p2a: Ogerpon\n|-damage|p2a: Ogerpon|0 fnt\n|faint|p2a: Ogerpon\n|move|p2b: Incineroar|Parting Shot|p1b: Entei\n|-unboost|p1b: Entei|atk|1\n|-unboost|p1b: Entei|spa|1\n|j| RPGman1627\n|\n|t:|1737577778\n|switch|p2b: Flutter Mane|Flutter Mane, L50|100\/100|[from] Parting Shot\n|-activate|p2b: Flutter Mane|ability: Protosynthesis\n|-start|p2b: Flutter Mane|protosynthesisspe\n|\n|-weather|SunnyDay|[upkeep]\n|upkeep\n|\n|t:|1737577779\n|switch|p2a: Incineroar|Incineroar, L50, M|66\/100\n|-ability|p2a: Incineroar|Intimidate|boost\n|-unboost|p1a: Tornadus|atk|1\n|-fail|p1b: Entei|unboost|Attack|[from] ability: Inner Focus|[of] p1b: Entei\n|turn|7\n|\n|t:|1737577798\n|move|p1b: Entei|Sacred Fire|p2a: Incineroar\n|-resisted|p2a: Incineroar\n|-damage|p2a: Incineroar|51\/100\n|move|p1a: Tornadus|Bleakwind Storm|p2a: Incineroar|[spread] p2a,p2b\n|-damage|p2a: Incineroar|15\/100\n|-damage|p2b: Flutter Mane|69\/100\n|-unboost|p2b: Flutter Mane|spe|1\n|move|p2b: Flutter Mane|Thunder Wave|p1b: Entei\n|-status|p1b: Entei|par\n|move|p2a: Incineroar|Parting Shot|p1b: Entei\n|-unboost|p1b: Entei|atk|1\n|-unboost|p1b: Entei|spa|1\n|\n|t:|1737577801\n|switch|p2a: Terapagos|Terapagos-Stellar, L50, M, tera:Stellar|83\/100|[from] Parting Shot\n|\n|-weather|SunnyDay|[upkeep]\n|-heal|p2a: Terapagos|90\/100|[from] item: Leftovers\n|upkeep\n|turn|8\n|\n|t:|1737577816\n|move|p1a: Tornadus|Bleakwind Storm|p2b: Flutter Mane|[spread] p2a,p2b\n|-damage|p2a: Terapagos|63\/100\n|-damage|p2b: Flutter Mane|39\/100\n|-unboost|p2b: Flutter Mane|spe|1\n|move|p1b: Entei|Snarl|p2a: Terapagos|[spread] p2a,p2b\n|-crit|p2b: Flutter Mane\n|-damage|p2a: Terapagos|61\/100\n|-damage|p2b: Flutter Mane|27\/100\n|-unboost|p2a: Terapagos|spa|1\n|-unboost|p2b: Flutter Mane|spa|1\n|move|p2b: Flutter Mane|Icy Wind|p1a: Tornadus|[spread] p1a\n|-miss|p2b: Flutter Mane|p1b: Entei\n|-supereffective|p1a: Tornadus\n|-damage|p1a: Tornadus|33\/100\n|-unboost|p1a: Tornadus|spe|1\n|move|p2a: Terapagos|Tera Starstorm|p1b: Entei|[spread] p1a,p1b\n|-damage|p1a: Tornadus|0 fnt\n|-damage|p1b: Entei|40\/100 par\n|faint|p1a: Tornadus\n|\n|-weather|SunnyDay|[upkeep]\n|-heal|p2a: Terapagos|67\/100|[from] item: Leftovers\n|-sideend|p1: Grimmjane|move: Tailwind\n|upkeep\n|\n|t:|1737577832\n|switch|p1a: Khairo|Zacian-Crowned, L50|100\/100\n|-ability|p1a: Khairo|Intrepid Sword|boost\n|-boost|p1a: Khairo|atk|1\n|turn|9\n|\n|t:|1737577841\n|switch|p2a: Incineroar|Incineroar, L50, M|15\/100\n|-ability|p2a: Incineroar|Intimidate|boost\n|-unboost|p1a: Khairo|atk|1\n|-fail|p1b: Entei|unboost|Attack|[from] ability: Inner Focus|[of] p1b: Entei\n|move|p1a: Khairo|Behemoth Blade|p2a: Incineroar\n|-resisted|p2a: Incineroar\n|-damage|p2a: Incineroar|0 fnt\n|-damage|p1a: Khairo|84\/100|[from] item: Rocky Helmet|[of] p2a: Incineroar\n|faint|p2a: Incineroar\n|move|p2b: Flutter Mane|Thunder Wave|p1a: Khairo\n|-status|p1a: Khairo|par\n|move|p1b: Entei|Sacred Fire|p2b: Flutter Mane\n|-damage|p2b: Flutter Mane|0 fnt\n|faint|p2b: Flutter Mane\n|-end|p2b: Flutter Mane|Protosynthesis|[silent]\n|\n|-weather|SunnyDay|[upkeep]\n|upkeep\n|\n|t:|1737577846\n|switch|p2b: Terapagos|Terapagos-Stellar, L50, M, tera:Stellar|67\/100\n|turn|10\n|\n|t:|1737577861\n|move|p2b: Terapagos|Protect|p2b: Terapagos\n|-singleturn|p2b: Terapagos|Protect\n|cant|p1a: Khairo|par\n|move|p1b: Entei|Sacred Fire|p2b: Terapagos\n|-activate|p2b: Terapagos|move: Protect\n|\n|-weather|none\n|-heal|p2b: Terapagos|74\/100|[from] item: Leftovers\n|upkeep\n|turn|11\n|\n|t:|1737577870\n|cant|p1a: Khairo|par\n|move|p2b: Terapagos|Tera Starstorm|p1a: Khairo|[spread] p1a,p1b\n|-crit|p1b: Entei\n|-damage|p1a: Khairo|47\/100 par\n|-damage|p1b: Entei|0 fnt\n|faint|p1b: Entei\n|\n|-heal|p2b: Terapagos|80\/100|[from] item: Leftovers\n|upkeep\n|turn|12\n|\n|t:|1737577877\n|move|p2b: Terapagos|Protect|p2b: Terapagos\n|-singleturn|p2b: Terapagos|Protect\n|move|p1a: Khairo|Behemoth Blade|p2b: Terapagos\n|-activate|p2b: Terapagos|move: Protect\n|\n|-heal|p2b: Terapagos|86\/100|[from] item: Leftovers\n|upkeep\n|turn|13\n|\n|t:|1737577884\n|move|p2b: Terapagos|Tera Starstorm|p1a: Khairo\n|-damage|p1a: Khairo|2\/100 par\n|move|p1a: Khairo|Behemoth Blade|p2b: Terapagos\n|-damage|p2b: Terapagos|49\/100\n|\n|-heal|p2b: Terapagos|56\/100|[from] item: Leftovers\n|upkeep\n|turn|14\n|l| mr pogostick\n|-message|Grimmjane forfeited.\n|\n|win|BLiiNDProdiigy\n|raw|Grimmjane's rating: 1556 &rarr; <strong>1542<\/strong><br \/>(-14 for losing)\n|raw|BLiiNDProdiigy's rating: 1656 &rarr; <strong>1670<\/strong><br \/>(+14 for winning)\n|l|\u2606Grimmjane\n|player|p1|\n|l|\u2606BLiiNDProdiigy\n|player|p2|\n|j| oherrodersir\n|l| RPGman1627\n","uploadtime":1737578062,"views":8,"formatid":"gen9vgc2025regg","rating":1542,"private":0,"password":null}