{"id":"gen9vgc2025regg-2286870290","format":"[Gen 9] VGC 2025 Reg G","players":["RustyChair13","infinitygroudon"],"log":"|j|\u2606RustyChair13\n|j|\u2606infinitygroudon\n|t:|1737663140\n|gametype|doubles\n|player|p1|RustyChair13|scientist-gen4|1673\n|player|p2|infinitygroudon|266|1699\n|teamsize|p1|6\n|teamsize|p2|6\n|gen|9\n|tier|[Gen 9] VGC 2025 Reg G\n|rated|\n|rule|Species Clause: Limit one of each Pok\u00e9mon\n|rule|Item Clause: Limit 1 of each item\n|clearpoke\n|poke|p1|Zamazenta-*, L50|\n|poke|p1|Rillaboom, L50, M|\n|poke|p1|Chien-Pao, L50|\n|poke|p1|Flutter Mane, L50|\n|poke|p1|Chandelure, L50, F|\n|poke|p1|Moltres-Galar, L50|\n|poke|p2|Calyrex-Shadow, L50|\n|poke|p2|Incineroar, L50, M|\n|poke|p2|Weezing-Galar, L50, M|\n|poke|p2|Indeedee-F, L50, F|\n|poke|p2|Iron Valiant, L50|\n|poke|p2|Ursaluna-Bloodmoon, L50, M|\n|teampreview|4\n|j| The_Beast1440\n|\n|t:|1737663166\n|start\n|switch|p1a: Zamazenta|Zamazenta-Crowned, L50, shiny|100\/100\n|switch|p1b: Chien-Pao|Chien-Pao, L50|100\/100\n|switch|p2a: Mr. Gassy|Weezing-Galar, L50, M|100\/100\n|switch|p2b: Charming|Iron Valiant, L50, shiny|100\/100\n|-ability|p2a: Mr. Gassy|Neutralizing Gas\n|turn|1\n|\n|t:|1737663180\n|-terastallize|p2a: Mr. Gassy|Steel\n|move|p1b: Chien-Pao|Protect|p1b: Chien-Pao\n|-singleturn|p1b: Chien-Pao|Protect\n|move|p2b: Charming|Protect|p2b: Charming\n|-singleturn|p2b: Charming|Protect\n|move|p1a: Zamazenta|Heavy Slam|p2b: Charming\n|-activate|p2b: Charming|move: Protect\n|move|p2a: Mr. Gassy|Will-O-Wisp|p1a: Zamazenta\n|-status|p1a: Zamazenta|brn\n|\n|-damage|p1a: Zamazenta|94\/100 brn|[from] brn\n|upkeep\n|turn|2\n|\n|t:|1737663222\n|move|p1b: Chien-Pao|Icicle Crash|p2b: Charming\n|-damage|p2b: Charming|45\/100\n|move|p2b: Charming|Spirit Break|p1b: Chien-Pao\n|-supereffective|p1b: Chien-Pao\n|-enditem|p1b: Chien-Pao|Focus Sash\n|-damage|p1b: Chien-Pao|1\/100\n|-unboost|p1b: Chien-Pao|spa|1\n|move|p1a: Zamazenta|Heavy Slam|p2b: Charming\n|-supereffective|p2b: Charming\n|-damage|p2b: Charming|0 fnt\n|faint|p2b: Charming\n|-end|p2b: Charming|Quark Drive|[silent]\n|move|p2a: Mr. Gassy|Taunt|p1a: Zamazenta\n|-start|p1a: Zamazenta|move: Taunt\n|\n|-damage|p1a: Zamazenta|88\/100 brn|[from] brn\n|upkeep\n|\n|t:|1737663235\n|switch|p2b: Duncan|Calyrex-Shadow, L50|100\/100\n|-ability|p2b: Duncan|As One\n|-ability|p2b: Duncan|Unnerve\n|turn|3\n|\n|t:|1737663255\n|switch|p1a: Moltres|Moltres-Galar, L50, shiny|100\/100\n|-end|p2a: Mr. Gassy|ability: Neutralizing Gas\n|-ability|p1b: Chien-Pao|Sword of Ruin\n|switch|p2a: Suthen|Indeedee-F, L50, F|100\/100\n|-fieldstart|move: Psychic Terrain|[from] ability: Psychic Surge|[of] p2a: Suthen\n|move|p2b: Duncan|Astral Barrage|p1a: Moltres|[spread] p1a,p1b\n|-resisted|p1a: Moltres\n|-resisted|p1b: Chien-Pao\n|-damage|p1a: Moltres|76\/100\n|-damage|p1b: Chien-Pao|0 fnt\n|faint|p1b: Chien-Pao\n|-ability|p2b: Duncan|Grim Neigh|boost\n|-boost|p2b: Duncan|spa|1\n|-damage|p2b: Duncan|91\/100|[from] item: Life Orb\n|\n|upkeep\n|\n|t:|1737663267\n|switch|p1b: Rillaboom|Rillaboom, L50, M, shiny|100\/100\n|-fieldstart|move: Grassy Terrain|[from] ability: Grassy Surge|[of] p1b: Rillaboom\n|turn|4\n|inactive|Battle timer is ON: inactive players will automatically lose when time's up. (requested by RustyChair13)\n|\n|t:|1737663280\n|move|p2a: Suthen|Helping Hand|p2b: Duncan\n|-singleturn|p2b: Duncan|Helping Hand|[of] p2a: Suthen\n|move|p2b: Duncan|Hyper Beam|p1a: Moltres\n|-damage|p1a: Moltres|0 fnt\n|-mustrecharge|p2b: Duncan\n|faint|p1a: Moltres\n|-ability|p2b: Duncan|Grim Neigh|boost\n|-boost|p2b: Duncan|spa|1\n|-damage|p2b: Duncan|81\/100|[from] item: Life Orb\n|move|p1b: Rillaboom|U-turn|p2a: Suthen\n|-supereffective|p2a: Suthen\n|-damage|p2a: Suthen|13\/100\n|-damage|p1b: Rillaboom|84\/100|[from] item: Rocky Helmet|[of] p2a: Suthen\n|\n|t:|1737663291\n|switch|p1b: Zamazenta|Zamazenta-Crowned, L50, shiny|88\/100 brn|[from] U-turn\n|-ability|p1b: Zamazenta|Dauntless Shield|boost\n|-boost|p1b: Zamazenta|def|1\n|\n|-heal|p2b: Duncan|87\/100|[from] Grassy Terrain\n|-heal|p1b: Zamazenta|94\/100 brn|[from] Grassy Terrain\n|-heal|p2a: Suthen|20\/100|[from] Grassy Terrain\n|-damage|p1b: Zamazenta|88\/100 brn|[from] brn\n|upkeep\n|\n|t:|1737663293\n|switch|p1a: Rillaboom|Rillaboom, L50, M, shiny|84\/100\n|turn|5\n|\n|t:|1737663301\n|move|p2a: Suthen|Follow Me|p2a: Suthen\n|-singleturn|p2a: Suthen|move: Follow Me\n|cant|p2b: Duncan|recharge\n|move|p1b: Zamazenta|Body Press|p2a: Suthen\n|-damage|p2a: Suthen|0 fnt\n|-damage|p1b: Zamazenta|72\/100 brn|[from] item: Rocky Helmet|[of] p2a: Suthen\n|faint|p2a: Suthen\n|move|p1a: Rillaboom|Wood Hammer|p2b: Duncan\n|-damage|p2b: Duncan|0 fnt\n|faint|p2b: Duncan\n|-damage|p1a: Rillaboom|58\/100|[from] Recoil\n|\n|-heal|p1b: Zamazenta|78\/100 brn|[from] Grassy Terrain\n|-heal|p1a: Rillaboom|63\/100|[from] Grassy Terrain\n|-damage|p1b: Zamazenta|72\/100 brn|[from] brn\n|upkeep\n|\n|t:|1737663305\n|switch|p2b: Mr. Gassy|Weezing-Galar, L50, M, tera:Steel|100\/100\n|-ability|p2b: Mr. Gassy|Neutralizing Gas\n|turn|6\n|\n|t:|1737663310\n|-terastallize|p1a: Rillaboom|Grass\n|move|p1b: Zamazenta|Body Press|p2b: Mr. Gassy\n|-supereffective|p2b: Mr. Gassy\n|-damage|p2b: Mr. Gassy|41\/100\n|-enditem|p2b: Mr. Gassy|Sitrus Berry|[eat]\n|-heal|p2b: Mr. Gassy|65\/100|[from] item: Sitrus Berry\n|move|p1a: Rillaboom|Wood Hammer|p2b: Mr. Gassy\n|-resisted|p2b: Mr. Gassy\n|-damage|p2b: Mr. Gassy|0 fnt\n|faint|p2b: Mr. Gassy\n|-end|p2b: Mr. Gassy|ability: Neutralizing Gas\n|-damage|p1a: Rillaboom|47\/100|[from] Recoil\n|\n|win|RustyChair13\n|raw|RustyChair13's rating: 1673 &rarr; <strong>1694<\/strong><br \/>(+21 for winning)\n|raw|infinitygroudon's rating: 1699 &rarr; <strong>1678<\/strong><br \/>(-21 for losing)\n|l|\u2606infinitygroudon\n|player|p2|\n|c|\u2606RustyChair13|gg\n|l|\u2606RustyChair13\n|player|p1|\n|l| The_Beast1440\n","uploadtime":1737663506,"views":73,"formatid":"gen9vgc2025regg","rating":1678,"private":0,"password":null}