{"id":"gen9vgc2025regg-2286554883","format":"[Gen 9] VGC 2025 Reg G","players":["zhanlinxie","Hang-jama"],"log":"|j|\u2606zhanlinxie\n|j|\u2606Hang-jama\n|t:|1737627139\n|gametype|doubles\n|player|p1|zhanlinxie|marley|1627\n|player|p2|Hang-jama|101|1543\n|teamsize|p1|6\n|teamsize|p2|6\n|gen|9\n|tier|[Gen 9] VGC 2025 Reg G\n|rated|\n|rule|Species Clause: Limit one of each Pok\u00e9mon\n|rule|Item Clause: Limit 1 of each item\n|clearpoke\n|poke|p1|Miraidon, L50|\n|poke|p1|Ogerpon-Hearthflame, L50, F|\n|poke|p1|Urshifu-*, L50, F|\n|poke|p1|Iron Hands, L50|\n|poke|p1|Farigiraf, L50, F|\n|poke|p1|Whimsicott, L50, F|\n|poke|p2|Calyrex-Ice, L50|\n|poke|p2|Incineroar, L50, M|\n|poke|p2|Indeedee-F, L50, F|\n|poke|p2|Grimmsnarl, L50, M|\n|poke|p2|Amoonguss, L50, F|\n|poke|p2|Flutter Mane, L50|\n|teampreview|4\n|j| K0D1\n|inactive|Battle timer is ON: inactive players will automatically lose when time's up. (requested by Hang-jama)\n|l| K0D1\n|l|\u2606zhanlinxie\n|inactive|zhanlinxie disconnected and has a minute to reconnect!\n|player|p1|\n|j| Pl4sma Frost\n|inactive|zhanlinxie has 30 seconds to reconnect!\n|j|\u2606zhanlinxie\n|inactive|zhanlinxie reconnected and has 45 seconds left.\n|player|p1|zhanlinxie|marley|\n|\n|t:|1737627208\n|start\n|switch|p1a: Miraidon|Miraidon, L50|100\/100\n|switch|p1b: Farigiraf|Farigiraf, L50, F|100\/100\n|switch|p2a: Incineroar|Incineroar, L50, M|100\/100\n|switch|p2b: Grimmsnarl|Grimmsnarl, L50, M|100\/100\n|-fieldstart|move: Electric Terrain|[from] ability: Hadron Engine|[of] p1a: Miraidon\n|-enditem|p1b: Farigiraf|Electric Seed\n|-boost|p1b: Farigiraf|def|1|[from] item: Electric Seed\n|-ability|p2a: Incineroar|Intimidate|boost\n|-unboost|p1a: Miraidon|atk|1\n|-unboost|p1b: Farigiraf|atk|1\n|turn|1\n|j| aimyon36\n|\n|t:|1737627232\n|-terastallize|p1a: Miraidon|Fairy\n|move|p1b: Farigiraf|Helping Hand|p1a: Miraidon\n|-singleturn|p1a: Miraidon|Helping Hand|[of] p1b: Farigiraf\n|move|p2b: Grimmsnarl|Light Screen|p2b: Grimmsnarl\n|-sidestart|p2: Hang-jama|move: Light Screen\n|move|p1a: Miraidon|Dazzling Gleam|p2b: Grimmsnarl|[spread] p2a,p2b\n|-supereffective|p2b: Grimmsnarl\n|-damage|p2a: Incineroar|44\/100\n|-damage|p2b: Grimmsnarl|0 fnt\n|faint|p2b: Grimmsnarl\n|move|p2a: Incineroar|Will-O-Wisp|p1b: Farigiraf\n|-status|p1b: Farigiraf|brn\n|\n|-damage|p1b: Farigiraf|95\/100 brn|[from] brn\n|upkeep\n|\n|t:|1737627248\n|switch|p2b: Indeedee|Indeedee-F, L50, F|100\/100\n|-fieldstart|move: Psychic Terrain|[from] ability: Psychic Surge|[of] p2b: Indeedee\n|-enditem|p2b: Indeedee|Psychic Seed\n|-boost|p2b: Indeedee|spd|1|[from] item: Psychic Seed\n|turn|2\n|\n|t:|1737627257\n|move|p1b: Farigiraf|Helping Hand|p1a: Miraidon\n|-singleturn|p1a: Miraidon|Helping Hand|[of] p1b: Farigiraf\n|move|p1a: Miraidon|Dazzling Gleam|p2b: Indeedee|[spread] p2a,p2b\n|-damage|p2a: Incineroar|6\/100\n|-damage|p2b: Indeedee|69\/100\n|move|p2a: Incineroar|Parting Shot|p1a: Miraidon\n|-unboost|p1a: Miraidon|atk|1\n|-unboost|p1a: Miraidon|spa|1\n|\n|t:|1737627268\n|switch|p2a: Calyrex|Calyrex-Ice, L50|100\/100|[from] Parting Shot\n|-ability|p2a: Calyrex|As One\n|-ability|p2a: Calyrex|Unnerve\n|move|p2b: Indeedee|Trick Room|p2b: Indeedee\n|-fieldstart|move: Trick Room|[of] p2b: Indeedee\n|\n|-damage|p1b: Farigiraf|89\/100 brn|[from] brn\n|upkeep\n|turn|3\n|inactive|Hang-jama has 30 seconds left.\n|inactive|Hang-jama has 20 seconds left.\n|\n|t:|1737627306\n|switch|p2b: Incineroar|Incineroar, L50, M|6\/100\n|-ability|p2b: Incineroar|Intimidate|boost\n|-unboost|p1a: Miraidon|atk|1\n|-unboost|p1b: Farigiraf|atk|1\n|switch|p1a: Ogerpon|Ogerpon-Hearthflame, L50, F|100\/100\n|-ability|p1a: Ogerpon|Mold Breaker\n|-terastallize|p2a: Calyrex|Water\n|move|p2a: Calyrex|Swords Dance|p2a: Calyrex\n|-boost|p2a: Calyrex|atk|2\n|move|p1b: Farigiraf|Trick Room|p1b: Farigiraf\n|-fieldend|move: Trick Room\n|\n|-damage|p1b: Farigiraf|83\/100 brn|[from] brn\n|upkeep\n|turn|4\n|inactive|zhanlinxie has 30 seconds left.\n|inactive|Hang-jama has 30 seconds left.\n|\n|t:|1737627336\n|move|p1a: Ogerpon|Ivy Cudgel|p2b: Incineroar|[anim] Ivy Cudgel Fire\n|-resisted|p2b: Incineroar\n|-damage|p2b: Incineroar|0 fnt\n|faint|p2b: Incineroar\n|move|p1b: Farigiraf|Foul Play|p2a: Calyrex\n|-damage|p2a: Calyrex|74\/100\n|move|p2a: Calyrex|Glacial Lance|p1b: Farigiraf|[spread] p1a,p1b\n|-damage|p1a: Ogerpon|0 fnt\n|-damage|p1b: Farigiraf|29\/100 brn\n|faint|p1a: Ogerpon\n|-ability|p2a: Calyrex|Chilling Neigh|boost\n|-boost|p2a: Calyrex|atk|1\n|\n|-damage|p1b: Farigiraf|24\/100 brn|[from] brn\n|upkeep\n|\n|t:|1737627352\n|switch|p1a: Iron Hands|Iron Hands, L50|100\/100\n|switch|p2b: Indeedee|Indeedee-F, L50, F|69\/100\n|turn|5\n|inactive|zhanlinxie has 30 seconds left.\n|inactive|Hang-jama has 30 seconds left.\n|inactive|zhanlinxie has 20 seconds left.\n|inactive|Hang-jama has 20 seconds left.\n|\n|t:|1737627395\n|switch|p1b: Miraidon|Miraidon, L50, tera:Fairy|100\/100\n|-fieldstart|move: Electric Terrain|[from] ability: Hadron Engine|[of] p1b: Miraidon\n|-activate|p1a: Iron Hands|ability: Quark Drive\n|-start|p1a: Iron Hands|quarkdriveatk\n|move|p1a: Iron Hands|Fake Out|p2a: Calyrex\n|-damage|p2a: Calyrex|61\/100\n|cant|p2a: Calyrex|flinch\n|move|p2b: Indeedee|Trick Room|p2b: Indeedee\n|-fieldstart|move: Trick Room|[of] p2b: Indeedee\n|\n|upkeep\n|turn|6\n|inactive|Hang-jama has 30 seconds left.\n|inactive|Hang-jama has 20 seconds left.\n|inactive|Hang-jama has 15 seconds left.\n|\n|t:|1737627437\n|move|p2b: Indeedee|Follow Me|p2b: Indeedee\n|-singleturn|p2b: Indeedee|move: Follow Me\n|move|p1a: Iron Hands|Wild Charge|p2b: Indeedee\n|-damage|p2b: Indeedee|0 fnt\n|faint|p2b: Indeedee\n|-damage|p1a: Iron Hands|88\/100|[from] Recoil\n|move|p2a: Calyrex|High Horsepower|p1a: Iron Hands\n|-supereffective|p1a: Iron Hands\n|-damage|p1a: Iron Hands|0 fnt\n|faint|p1a: Iron Hands\n|-end|p1a: Iron Hands|Quark Drive|[silent]\n|-ability|p2a: Calyrex|Chilling Neigh|boost\n|-boost|p2a: Calyrex|atk|1\n|move|p1b: Miraidon|Dazzling Gleam|p2a: Calyrex\n|-damage|p2a: Calyrex|21\/100\n|\n|upkeep\n|\n|t:|1737627445\n|switch|p1a: Farigiraf|Farigiraf, L50, F|24\/100 brn\n|turn|7\n|\n|t:|1737627455\n|move|p2a: Calyrex|Glacial Lance|p1a: Farigiraf|[spread] p1a,p1b\n|-damage|p1a: Farigiraf|0 fnt\n|-damage|p1b: Miraidon|0 fnt\n|faint|p1a: Farigiraf\n|faint|p1b: Miraidon\n|\n|win|Hang-jama\n|raw|zhanlinxie's rating: 1627 &rarr; <strong>1602<\/strong><br \/>(-25 for losing)\n|raw|Hang-jama's rating: 1543 &rarr; <strong>1568<\/strong><br \/>(+25 for winning)\n|l|\u2606zhanlinxie\n|player|p1|\n|l| Pl4sma Frost\n|l|\u2606Hang-jama\n|player|p2|\n|l| aimyon36\n","uploadtime":1737627644,"views":8,"formatid":"gen9vgc2025regg","rating":1568,"private":0,"password":null}