{"id":"gen9vgc2025regg-2286083563","format":"[Gen 9] VGC 2025 Reg G","players":["Diestoise","juacox300"],"log":"|j|\u2606Diestoise\n|j|\u2606juacox300\n|t:|1737566348\n|gametype|doubles\n|player|p1|Diestoise|blue|1602\n|player|p2|juacox300|unknown|1584\n|teamsize|p1|6\n|teamsize|p2|6\n|gen|9\n|tier|[Gen 9] VGC 2025 Reg G\n|rated|\n|rule|Species Clause: Limit one of each Pok\u00e9mon\n|rule|Item Clause: Limit 1 of each item\n|clearpoke\n|poke|p1|Koraidon, L50|\n|poke|p1|Raging Bolt, L50|\n|poke|p1|Entei, L50|\n|poke|p1|Flutter Mane, L50|\n|poke|p1|Venusaur, L50, F|\n|poke|p1|Ditto, L50|\n|poke|p2|Iron Hands, L50|\n|poke|p2|Alcremie, L50, F|\n|poke|p2|Miraidon, L50|\n|poke|p2|Murkrow, L50, M|\n|poke|p2|Chi-Yu, L50|\n|poke|p2|Vikavolt, L50, F|\n|teampreview|4\n|\n|t:|1737566384\n|start\n|switch|p1a: Flutter Mane|Flutter Mane, L50, shiny|100\/100\n|switch|p1b: Koraidon|Koraidon, L50|100\/100\n|switch|p2a: Iron Hands|Iron Hands, L50|100\/100\n|switch|p2b: Alcremie|Alcremie, L50, F|100\/100\n|-weather|SunnyDay|[from] ability: Orichalcum Pulse|[of] p1b: Koraidon\n|-activate|p1a: Flutter Mane|ability: Protosynthesis\n|-start|p1a: Flutter Mane|protosynthesisspe\n|-activate|p1b: Koraidon|Orichalcum Pulse|[source]\n|turn|1\n|\n|t:|1737566416\n|switch|p1b: Entei|Entei, L50|100\/100\n|-terastallize|p2a: Iron Hands|Fire\n|move|p1a: Flutter Mane|Moonblast|p2a: Iron Hands\n|-resisted|p2a: Iron Hands\n|-damage|p2a: Iron Hands|86\/100\n|move|p2b: Alcremie|Alluring Voice|p1b: Entei\n|-resisted|p1b: Entei\n|-damage|p1b: Entei|90\/100\n|move|p2a: Iron Hands|Heavy Slam|p1a: Flutter Mane\n|-supereffective|p1a: Flutter Mane\n|-enditem|p1a: Flutter Mane|Focus Sash\n|-damage|p1a: Flutter Mane|1\/100\n|\n|-weather|SunnyDay|[upkeep]\n|upkeep\n|turn|2\n|j| ChilledLotusA\n|\n|t:|1737566445\n|move|p1a: Flutter Mane|Protect|p1a: Flutter Mane\n|-singleturn|p1a: Flutter Mane|Protect\n|move|p1b: Entei|Stomping Tantrum|p2a: Iron Hands\n|-supereffective|p2a: Iron Hands\n|-damage|p2a: Iron Hands|52\/100\n|move|p2b: Alcremie|Decorate|p2a: Iron Hands\n|-boost|p2a: Iron Hands|atk|2\n|-boost|p2a: Iron Hands|spa|2\n|move|p2a: Iron Hands|Drain Punch|p1b: Entei\n|-damage|p1b: Entei|12\/100\n|-heal|p2a: Iron Hands|86\/100|[from] drain|[of] p1b: Entei\n|\n|-weather|SunnyDay|[upkeep]\n|upkeep\n|turn|3\n|\n|t:|1737566460\n|move|p1a: Flutter Mane|Shadow Ball|p2a: Iron Hands\n|-damage|p2a: Iron Hands|62\/100\n|move|p1b: Entei|Stomping Tantrum|p2a: Iron Hands\n|-supereffective|p2a: Iron Hands\n|-damage|p2a: Iron Hands|29\/100\n|move|p2b: Alcremie|Alluring Voice|p1a: Flutter Mane\n|-damage|p1a: Flutter Mane|0 fnt\n|faint|p1a: Flutter Mane\n|-end|p1a: Flutter Mane|Protosynthesis|[silent]\n|move|p2a: Iron Hands|Drain Punch|p1b: Entei\n|-damage|p1b: Entei|0 fnt\n|-heal|p2a: Iron Hands|34\/100|[from] drain|[of] p1b: Entei\n|faint|p1b: Entei\n|\n|-weather|SunnyDay|[upkeep]\n|upkeep\n|\n|t:|1737566483\n|switch|p1a: Ditto|Ditto, L50|100\/100\n|switch|p1b: Koraidon|Koraidon, L50|100\/100\n|-activate|p1b: Koraidon|ability: Orichalcum Pulse\n|-transform|p1a: Ditto|p2b: Alcremie|[from] ability: Imposter\n|turn|4\n|\n|t:|1737566509\n|-terastallize|p1b: Koraidon|Fire\n|move|p1b: Koraidon|Scale Shot|p2a: Iron Hands\n|-damage|p2a: Iron Hands|21\/100\n|-damage|p2a: Iron Hands|9\/100\n|-damage|p2a: Iron Hands|0 fnt\n|faint|p2a: Iron Hands\n|-end|p2a: Iron Hands|Quark Drive|[silent]\n|-hitcount|p2: Iron Hands|3\n|-unboost|p1b: Koraidon|def|1\n|-boost|p1b: Koraidon|spe|1\n|move|p2b: Alcremie|Alluring Voice|p1b: Koraidon\n|-resisted|p1b: Koraidon\n|-damage|p1b: Koraidon|83\/100\n|-start|p1b: Koraidon|confusion\n|move|p1a: Ditto|Decorate|p1b: Koraidon\n|-boost|p1b: Koraidon|atk|2\n|-boost|p1b: Koraidon|spa|2\n|\n|-weather|SunnyDay|[upkeep]\n|upkeep\n|\n|t:|1737566519\n|switch|p2a: Murkrow|Murkrow, L50, M|100\/100\n|turn|5\n|-activate|p1a: Ditto|item: Quick Claw\n|\n|t:|1737566553\n|-activate|p1b: Koraidon|confusion\n|move|p1b: Koraidon|Protect|p1b: Koraidon\n|-singleturn|p1b: Koraidon|Protect\n|move|p2a: Murkrow|Tailwind|p2a: Murkrow\n|-sidestart|p2: juacox300|move: Tailwind\n|move|p1a: Ditto|Encore|p2a: Murkrow\n|-block|p2a: Murkrow|ability: Aroma Veil|[of] p2b: Alcremie\n|move|p2b: Alcremie|Alluring Voice|p1b: Koraidon\n|-activate|p1b: Koraidon|move: Protect\n|\n|-weather|none\n|upkeep\n|turn|6\n|\n|t:|1737566577\n|-end|p1b: Koraidon|confusion\n|move|p1b: Koraidon|Scale Shot|p2a: Murkrow\n|-damage|p2a: Murkrow|69\/100\n|-damage|p2a: Murkrow|37\/100\n|-damage|p2a: Murkrow|2\/100\n|-damage|p2a: Murkrow|0 fnt\n|faint|p2a: Murkrow\n|-hitcount|p2: Murkrow|4\n|-unboost|p1b: Koraidon|def|1\n|-boost|p1b: Koraidon|spe|1\n|move|p2b: Alcremie|Alluring Voice|p1b: Koraidon\n|-resisted|p1b: Koraidon\n|-damage|p1b: Koraidon|69\/100\n|-start|p1b: Koraidon|confusion\n|move|p1a: Ditto|Decorate|p1b: Koraidon\n|-boost|p1b: Koraidon|atk|2\n|-boost|p1b: Koraidon|spa|2\n|\n|upkeep\n|\n|t:|1737566583\n|switch|p2a: Miraidon|Miraidon, L50|100\/100\n|-fieldstart|move: Electric Terrain|[from] ability: Hadron Engine|[of] p2a: Miraidon\n|turn|7\n|\n|t:|1737566601\n|move|p2a: Miraidon|Electro Drift|p1b: Koraidon\n|-damage|p1b: Koraidon|0 fnt\n|faint|p1b: Koraidon\n|-damage|p2a: Miraidon|91\/100|[from] item: Life Orb\n|move|p2b: Alcremie|Alluring Voice|p1a: Ditto\n|-damage|p1a: Ditto|75\/100\n|move|p1a: Ditto|Alluring Voice|p2a: Miraidon\n|-supereffective|p2a: Miraidon\n|-damage|p2a: Miraidon|38\/100\n|\n|upkeep\n|turn|8\n|\n|t:|1737566614\n|move|p2a: Miraidon|Electro Drift|p1a: Ditto\n|-damage|p1a: Ditto|0 fnt\n|faint|p1a: Ditto\n|-damage|p2a: Miraidon|29\/100|[from] item: Life Orb\n|\n|win|juacox300\n|raw|Diestoise's rating: 1602 &rarr; <strong>1581<\/strong><br \/>(-21 for losing)\n|raw|juacox300's rating: 1584 &rarr; <strong>1605<\/strong><br \/>(+21 for winning)\n|l|\u2606Diestoise\n|player|p1|\n|l|\u2606juacox300\n|player|p2|\n","uploadtime":1737566617,"views":52,"formatid":"gen9vgc2025regg","rating":1581,"private":0,"password":null}