{"id":"gen9vgc2025regg-2286172991","format":"[Gen 9] VGC 2025 Reg G","players":["Irishtesting4","DimensionalFool"],"log":"|j|\u2606Irishtesting4\n|j|\u203dDimensionalFool\n|t:|1737574924\n|gametype|doubles\n|player|p1|Irishtesting4|266|1581\n|player|p2|DimensionalFool|steven|1606\n|teamsize|p1|6\n|teamsize|p2|6\n|gen|9\n|tier|[Gen 9] VGC 2025 Reg G\n|rated|\n|rule|Species Clause: Limit one of each Pok\u00e9mon\n|rule|Item Clause: Limit 1 of each item\n|clearpoke\n|poke|p1|Calyrex-Ice, L50|\n|poke|p1|Raging Bolt, L50|\n|poke|p1|Flutter Mane, L50|\n|poke|p1|Urshifu-*, L50, M|\n|poke|p1|Chi-Yu, L50|\n|poke|p1|Ogerpon-Cornerstone, L50, F|\n|poke|p2|Grimmsnarl, L50, M|\n|poke|p2|Landorus, L50, M|\n|poke|p2|Calyrex-Ice, L50|\n|poke|p2|Pelipper, L50, F|\n|poke|p2|Urshifu-*, L50, F|\n|poke|p2|Rillaboom, L50, M|\n|teampreview|4\n|inactive|Battle timer is ON: inactive players will automatically lose when time's up. (requested by DimensionalFool)\n|inactive|Irishtesting4 has 60 seconds left.\n|inactive|Irishtesting4 has 30 seconds left.\n|\n|t:|1737574992\n|start\n|switch|p1a: Flutter Mane|Flutter Mane, L50|100\/100\n|switch|p1b: Calyrex|Calyrex-Ice, L50|100\/100\n|switch|p2a: Pelipper|Pelipper, L50, F|100\/100\n|switch|p2b: Urshifu|Urshifu-Rapid-Strike, L50, F|100\/100\n|-ability|p1b: Calyrex|As One\n|-ability|p1b: Calyrex|Unnerve\n|-weather|RainDance|[from] ability: Drizzle|[of] p2a: Pelipper\n|-enditem|p1a: Flutter Mane|Booster Energy\n|-activate|p1a: Flutter Mane|ability: Protosynthesis|[fromitem]\n|-start|p1a: Flutter Mane|protosynthesisspe\n|turn|1\n|\n|t:|1737575010\n|-terastallize|p2b: Urshifu|Ghost\n|move|p1a: Flutter Mane|Moonblast|p2b: Urshifu\n|-damage|p2b: Urshifu|33\/100\n|move|p2b: Urshifu|Surging Strikes|p1a: Flutter Mane\n|-crit|p1a: Flutter Mane\n|-damage|p1a: Flutter Mane|49\/100\n|-crit|p1a: Flutter Mane\n|-damage|p1a: Flutter Mane|2\/100\n|-crit|p1a: Flutter Mane\n|-damage|p1a: Flutter Mane|0 fnt\n|faint|p1a: Flutter Mane\n|-end|p1a: Flutter Mane|Protosynthesis|[silent]\n|-hitcount|p1: Flutter Mane|3\n|move|p2a: Pelipper|Weather Ball|p1b: Calyrex\n|-damage|p1b: Calyrex|53\/100\n|move|p1b: Calyrex|Glacial Lance|p2a: Pelipper|[spread] p2a,p2b\n|-damage|p2a: Pelipper|19\/100\n|-damage|p2b: Urshifu|0 fnt\n|faint|p2b: Urshifu\n|-ability|p1b: Calyrex|Chilling Neigh|boost\n|-boost|p1b: Calyrex|atk|1\n|\n|-weather|RainDance|[upkeep]\n|upkeep\n|inactive|DimensionalFool has 30 seconds left.\n|\n|t:|1737575037\n|switch|p1a: Urshifu|Urshifu, L50, M|100\/100\n|switch|p2b: Calyrex|Calyrex-Ice, L50|100\/100\n|-ability|p2b: Calyrex|As One\n|-ability|p2b: Calyrex|Unnerve\n|turn|2\n|\n|t:|1737575053\n|move|p1a: Urshifu|Wicked Blow|p2a: Pelipper\n|-crit|p2a: Pelipper\n|-damage|p2a: Pelipper|0 fnt\n|faint|p2a: Pelipper\n|move|p2b: Calyrex|Throat Chop|p1b: Calyrex\n|-supereffective|p1b: Calyrex\n|-damage|p1b: Calyrex|9\/100\n|-start|p1b: Calyrex|Throat Chop|[silent]\n|move|p1b: Calyrex|Glacial Lance|p2b: Calyrex\n|-resisted|p2b: Calyrex\n|-damage|p2b: Calyrex|68\/100\n|\n|-weather|RainDance|[upkeep]\n|upkeep\n|\n|t:|1737575057\n|switch|p2a: Rillaboom|Rillaboom, L50, M|100\/100\n|-fieldstart|move: Grassy Terrain|[from] ability: Grassy Surge|[of] p2a: Rillaboom\n|turn|3\n|\n|t:|1737575077\n|move|p1a: Urshifu|Detect|p1a: Urshifu\n|-singleturn|p1a: Urshifu|Protect\n|move|p2a: Rillaboom|Fake Out|p1a: Urshifu\n|-activate|p1a: Urshifu|move: Protect\n|move|p2b: Calyrex|Glacial Lance|p1a: Urshifu|[spread] p1b\n|-activate|p1a: Urshifu|move: Protect\n|-resisted|p1b: Calyrex\n|-damage|p1b: Calyrex|0 fnt\n|faint|p1b: Calyrex\n|-ability|p2b: Calyrex|Chilling Neigh|boost\n|-boost|p2b: Calyrex|atk|1\n|\n|-weather|RainDance|[upkeep]\n|-heal|p2b: Calyrex|73\/100|[from] Grassy Terrain\n|upkeep\n|\n|t:|1737575079\n|switch|p1b: Raging Bolt|Raging Bolt, L50|100\/100\n|turn|4\n|\n|t:|1737575091\n|-terastallize|p1a: Urshifu|Stellar\n|move|p2a: Rillaboom|Grassy Glide|p1a: Urshifu\n|-damage|p1a: Urshifu|57\/100\n|move|p1a: Urshifu|Wicked Blow|p2b: Calyrex\n|-supereffective|p2b: Calyrex\n|-crit|p2b: Calyrex\n|-damage|p2b: Calyrex|0 fnt\n|faint|p2b: Calyrex\n|move|p1b: Raging Bolt|Draco Meteor|p2a: Rillaboom\n|-damage|p2a: Rillaboom|5\/100\n|-unboost|p1b: Raging Bolt|spa|2\n|-damage|p1b: Raging Bolt|91\/100|[from] item: Life Orb\n|\n|-weather|RainDance|[upkeep]\n|-heal|p1a: Urshifu|63\/100|[from] Grassy Terrain\n|-heal|p2a: Rillaboom|11\/100|[from] Grassy Terrain\n|-heal|p1b: Raging Bolt|97\/100|[from] Grassy Terrain\n|upkeep\n|turn|5\n|\n|t:|1737575103\n|move|p2a: Rillaboom|Grassy Glide|p1a: Urshifu\n|-damage|p1a: Urshifu|22\/100\n|move|p1a: Urshifu|Wicked Blow|p2a: Rillaboom\n|-crit|p2a: Rillaboom\n|-damage|p2a: Rillaboom|0 fnt\n|-damage|p1a: Urshifu|5\/100|[from] item: Rocky Helmet|[of] p2a: Rillaboom\n|faint|p2a: Rillaboom\n|\n|win|Irishtesting4\n|raw|Irishtesting4's rating: 1581 &rarr; <strong>1602<\/strong><br \/>(+21 for winning)\n|raw|DimensionalFool's rating: 1606 &rarr; <strong>1585<\/strong><br \/>(-21 for losing)\n|l|\u203dDimensionalFool\n|player|p2|\n|l|\u2606Irishtesting4\n|player|p1|\n","uploadtime":1737575297,"views":4,"formatid":"gen9vgc2025regg","rating":1585,"private":0,"password":null}