{"id":"gen9vgc2025regg-2286720716","format":"[Gen 9] VGC 2025 Reg G","players":["RomanTogepi","Cyberhex"],"log":"|j|\u2606RomanTogepi\n|j|\u2606Cyberhex\n|t:|1737648768\n|gametype|doubles\n|player|p1|RomanTogepi|169|1582\n|player|p2|Cyberhex|unknown|1542\n|teamsize|p1|6\n|teamsize|p2|6\n|gen|9\n|tier|[Gen 9] VGC 2025 Reg G\n|rated|\n|rule|Species Clause: Limit one of each Pok\u00e9mon\n|rule|Item Clause: Limit 1 of each item\n|clearpoke\n|poke|p1|Scream Tail, L50|\n|poke|p1|Terapagos, L50, M|\n|poke|p1|Urshifu-*, L50, F|\n|poke|p1|Rillaboom, L50, M|\n|poke|p1|Grimmsnarl, L50, M|\n|poke|p1|Ogerpon-Wellspring, L50, F|\n|poke|p2|Miraidon, L50|\n|poke|p2|Whimsicott, L50, M|\n|poke|p2|Urshifu-*, L50, M|\n|poke|p2|Ogerpon-Hearthflame, L50, F|\n|poke|p2|Farigiraf, L50, M|\n|poke|p2|Iron Hands, L50|\n|teampreview|4\n|inactive|Battle timer is ON: inactive players will automatically lose when time's up. (requested by Cyberhex)\n|j| aimyon36\n|l| aimyon36\n|inactive|RomanTogepi has 60 seconds left.\n|j| 413XP\n|\n|t:|1737648805\n|start\n|switch|p1a: Grimmsnarl|Grimmsnarl, L50, M, shiny|100\/100\n|switch|p1b: Terapagos|Terapagos, L50, M|100\/100\n|switch|p2a: Miraidon|Miraidon, L50|100\/100\n|switch|p2b: Ogerpon|Ogerpon-Hearthflame, L50, F|100\/100\n|-activate|p1b: Terapagos|ability: Tera Shift\n|detailschange|p1b: Terapagos|Terapagos-Terastal, L50, M\n|-heal|p1b: Terapagos|100\/100|[silent]\n|-fieldstart|move: Electric Terrain|[from] ability: Hadron Engine|[of] p2a: Miraidon\n|-ability|p2b: Ogerpon|Mold Breaker\n|turn|1\n|\n|t:|1737648818\n|move|p1b: Terapagos|Protect|p1b: Terapagos\n|-singleturn|p1b: Terapagos|Protect\n|move|p1a: Grimmsnarl|Reflect|p1a: Grimmsnarl\n|-sidestart|p1: RomanTogepi|Reflect\n|move|p2a: Miraidon|Volt Switch|p1b: Terapagos\n|-activate|p1b: Terapagos|move: Protect\n|move|p2b: Ogerpon|Ivy Cudgel|p1b: Terapagos|[anim] Ivy Cudgel Fire\n|-activate|p1b: Terapagos|move: Protect\n|\n|upkeep\n|turn|2\n|\n|t:|1737648842\n|move|p1a: Grimmsnarl|Thunder Wave|p2b: Ogerpon\n|-status|p2b: Ogerpon|par\n|move|p2a: Miraidon|Volt Switch|p1b: Terapagos\n|-activate|p1b: Terapagos|ability: Tera Shell\n|-resisted|p1b: Terapagos\n|-damage|p1b: Terapagos|61\/100\n|\n|t:|1737648850\n|switch|p2a: Iron Hands|Iron Hands, L50|100\/100|[from] Volt Switch\n|-activate|p2a: Iron Hands|ability: Quark Drive\n|-start|p2a: Iron Hands|quarkdriveatk\n|move|p1b: Terapagos|Tera Starstorm|p2b: Ogerpon\n|-damage|p2b: Ogerpon|45\/100 par\n|move|p2b: Ogerpon|Ivy Cudgel|p1b: Terapagos|[anim] Ivy Cudgel Fire\n|-crit|p1b: Terapagos\n|-damage|p1b: Terapagos|0 fnt\n|faint|p1b: Terapagos\n|\n|upkeep\n|\n|t:|1737648859\n|switch|p1b: QUEEN|Ogerpon-Wellspring, L50, F|100\/100\n|turn|3\n|\n|t:|1737648874\n|switch|p1a: Scream Tail|Scream Tail, L50, shiny|100\/100\n|-enditem|p1a: Scream Tail|Booster Energy\n|-activate|p1a: Scream Tail|ability: Protosynthesis|[fromitem]\n|-start|p1a: Scream Tail|protosynthesisspe\n|move|p2b: Ogerpon|Spiky Shield|p2b: Ogerpon\n|-singleturn|p2b: Ogerpon|move: Protect\n|move|p1b: QUEEN|Ivy Cudgel|p2b: Ogerpon|[anim] Ivy Cudgel Water\n|-activate|p2b: Ogerpon|move: Protect\n|move|p2a: Iron Hands|Drain Punch|p1b: QUEEN\n|-damage|p1b: QUEEN|53\/100\n|\n|upkeep\n|turn|4\n|\n|t:|1737648895\n|-terastallize|p2a: Iron Hands|Poison\n|move|p2b: Ogerpon|Follow Me|p2b: Ogerpon\n|-singleturn|p2b: Ogerpon|move: Follow Me\n|move|p1a: Scream Tail|Encore|p2b: Ogerpon\n|-start|p2b: Ogerpon|Encore\n|move|p1b: QUEEN|Ivy Cudgel|p2b: Ogerpon|[anim] Ivy Cudgel Water\n|-damage|p2b: Ogerpon|0 fnt\n|faint|p2b: Ogerpon\n|move|p2a: Iron Hands|Heavy Slam|p1a: Scream Tail\n|-supereffective|p1a: Scream Tail\n|-damage|p1a: Scream Tail|37\/100\n|\n|upkeep\n|\n|t:|1737648908\n|switch|p2b: Farigiraf|Farigiraf, L50, M|100\/100\n|-enditem|p2b: Farigiraf|Electric Seed\n|-boost|p2b: Farigiraf|def|1|[from] item: Electric Seed\n|turn|5\n|inactive|RomanTogepi has 30 seconds left.\n|inactive|RomanTogepi has 20 seconds left.\n|j| cermod\n|inactive|RomanTogepi has 15 seconds left.\n|inactive|RomanTogepi has 10 seconds left.\n|inactive|Cyberhex has 30 seconds left.\n|inactive|RomanTogepi has 5 seconds left.\n|\n|t:|1737648961\n|move|p1b: QUEEN|Follow Me|p1b: QUEEN\n|-singleturn|p1b: QUEEN|move: Follow Me\n|move|p1a: Scream Tail|Encore|p2a: Iron Hands\n|-start|p2a: Iron Hands|Encore\n|move|p2b: Farigiraf|Foul Play|p1b: QUEEN\n|-damage|p1b: QUEEN|28\/100\n|move|p2a: Iron Hands|Heavy Slam|p1b: QUEEN\n|-resisted|p1b: QUEEN\n|-damage|p1b: QUEEN|6\/100\n|\n|-fieldend|move: Electric Terrain\n|-end|p2a: Iron Hands|Quark Drive\n|upkeep\n|turn|6\n|inactive|Cyberhex has 30 seconds left.\n|\n|t:|1737648988\n|-end|p2a: Iron Hands|Quark Drive|[silent]\n|switch|p2a: Miraidon|Miraidon, L50|100\/100\n|-fieldstart|move: Electric Terrain|[from] ability: Hadron Engine|[of] p2a: Miraidon\n|move|p1a: Scream Tail|Disable||[still]\n|-fail|p1a: Scream Tail\n|move|p1b: QUEEN|Horn Leech|p2b: Farigiraf\n|-damage|p2b: Farigiraf|77\/100\n|-heal|p1b: QUEEN|21\/100|[from] drain|[of] p2b: Farigiraf\n|move|p2b: Farigiraf|Foul Play|p1a: Scream Tail\n|-damage|p1a: Scream Tail|30\/100\n|\n|upkeep\n|turn|7\n|\n|t:|1737649001\n|move|p2b: Farigiraf|Helping Hand|p2a: Miraidon\n|-singleturn|p2a: Miraidon|Helping Hand|[of] p2b: Farigiraf\n|move|p1a: Scream Tail|Protect|p1a: Scream Tail\n|-singleturn|p1a: Scream Tail|Protect\n|move|p1b: QUEEN|Spiky Shield|p1b: QUEEN\n|-singleturn|p1b: QUEEN|move: Protect\n|move|p2a: Miraidon|Dazzling Gleam|p1a: Scream Tail|[spread] \n|-activate|p1a: Scream Tail|move: Protect\n|-activate|p1b: QUEEN|move: Protect\n|\n|upkeep\n|turn|8\n|inactive|RomanTogepi has 30 seconds left.\n|j| YURINtossLove\n|\n|t:|1737649030\n|switch|p2a: Iron Hands|Iron Hands, L50, tera:Poison|100\/100\n|-activate|p2a: Iron Hands|ability: Quark Drive\n|-start|p2a: Iron Hands|quarkdriveatk\n|-terastallize|p1b: QUEEN|Water\n|detailschange|p1b: QUEEN|Ogerpon-Wellspring-Tera, L50, F, tera:Water\n|-ability|p1b: QUEEN|Embody Aspect (Wellspring)|boost\n|-boost|p1b: QUEEN|spd|1\n|move|p1a: Scream Tail|Disable||[still]\n|-fail|p1a: Scream Tail\n|move|p1b: QUEEN|Ivy Cudgel|p2b: Farigiraf|[anim] Ivy Cudgel Water\n|-damage|p2b: Farigiraf|40\/100\n|move|p2b: Farigiraf|Trick Room|p2b: Farigiraf\n|-fieldstart|move: Trick Room|[of] p2b: Farigiraf\n|\n|-sideend|p1: RomanTogepi|Reflect\n|upkeep\n|turn|9\n|l| cermod\n|j| Baguettezzz\n|-message|RomanTogepi forfeited.\n|\n|win|Cyberhex\n|raw|RomanTogepi's rating: 1582 &rarr; <strong>1560<\/strong><br \/>(-22 for losing)\n|raw|Cyberhex's rating: 1542 &rarr; <strong>1564<\/strong><br \/>(+22 for winning)\n|l|\u2606RomanTogepi\n|player|p1|\n|l|\u2606Cyberhex\n|player|p2|\n|l| YURINtossLove\n|l| Baguettezzz\n","uploadtime":1737649228,"views":6,"formatid":"gen9vgc2025regg","rating":1560,"private":0,"password":null}