{"id":"gen9vgc2025regg-2286866671","format":"[Gen 9] VGC 2025 Reg G","players":["simReaper","Gene10"],"log":"|j|\u2606simReaper\n|j|\u2606Gene10\n|t:|1737662774\n|gametype|doubles\n|player|p1|simReaper|shadowtriad|1552\n|player|p2|Gene10|2|1560\n|teamsize|p1|6\n|teamsize|p2|6\n|gen|9\n|tier|[Gen 9] VGC 2025 Reg G\n|rated|\n|rule|Species Clause: Limit one of each Pok\u00e9mon\n|rule|Item Clause: Limit 1 of each item\n|clearpoke\n|poke|p1|Annihilape, L50, M|\n|poke|p1|Whimsicott, L50, F|\n|poke|p1|Archaludon, L50, F|\n|poke|p1|Amoonguss, L50, F|\n|poke|p1|Kyogre, L50|\n|poke|p1|Grimmsnarl, L50, M|\n|poke|p2|Calyrex-Ice, L50|\n|poke|p2|Urshifu-*, L50, M|\n|poke|p2|Raging Bolt, L50|\n|poke|p2|Rillaboom, L50, F|\n|poke|p2|Pelipper, L50, F|\n|poke|p2|Farigiraf, L50, F|\n|teampreview|4\n|inactive|Battle timer is ON: inactive players will automatically lose when time's up. (requested by Gene10)\n|\n|t:|1737662803\n|start\n|switch|p1a: Kyogre|Kyogre, L50, shiny|100\/100\n|switch|p1b: Archaludon|Archaludon, L50, F, shiny|100\/100\n|switch|p2a: Urshifu|Urshifu-Rapid-Strike, L50, M|100\/100\n|switch|p2b: Farigiraf|Farigiraf, L50, F|100\/100\n|-weather|RainDance|[from] ability: Drizzle|[of] p1a: Kyogre\n|turn|1\n|inactive|simReaper has 30 seconds left.\n|\n|t:|1737662833\n|switch|p1a: Amoonguss|Amoonguss, L50, F, shiny|100\/100\n|-terastallize|p2b: Farigiraf|Water\n|move|p2a: Urshifu|Close Combat|p1b: Archaludon\n|-supereffective|p1b: Archaludon\n|-damage|p1b: Archaludon|6\/100\n|-unboost|p2a: Urshifu|def|1\n|-unboost|p2a: Urshifu|spd|1\n|-ability|p1b: Archaludon|Stamina|boost\n|-boost|p1b: Archaludon|def|1\n|move|p1b: Archaludon|Electro Shot||[still]\n|-prepare|p1b: Archaludon|Electro Shot\n|-boost|p1b: Archaludon|spa|1\n|-anim|p1b: Archaludon|Electro Shot|p2a: Urshifu\n|-supereffective|p2a: Urshifu\n|-damage|p2a: Urshifu|0 fnt\n|faint|p2a: Urshifu\n|move|p2b: Farigiraf|Trick Room|p2b: Farigiraf\n|-fieldstart|move: Trick Room|[of] p2b: Farigiraf\n|\n|-weather|RainDance|[upkeep]\n|upkeep\n|\n|t:|1737662848\n|switch|p2a: Calyrex|Calyrex-Ice, L50|100\/100\n|-ability|p2a: Calyrex|As One\n|-ability|p2a: Calyrex|Unnerve\n|turn|2\n|\n|t:|1737662860\n|-terastallize|p1a: Amoonguss|Dark\n|move|p1a: Amoonguss|Spore|p2a: Calyrex\n|-status|p2a: Calyrex|slp|[from] move: Spore\n|cant|p2a: Calyrex|slp\n|move|p2b: Farigiraf|Psychic|p1b: Archaludon\n|-resisted|p1b: Archaludon\n|-damage|p1b: Archaludon|0 fnt\n|faint|p1b: Archaludon\n|\n|-weather|RainDance|[upkeep]\n|upkeep\n|\n|t:|1737662871\n|switch|p1b: Annihilape|Annihilape, L50, M, shiny|100\/100\n|turn|3\n|\n|t:|1737662879\n|move|p2b: Farigiraf|Helping Hand|p2a: Calyrex\n|-singleturn|p2a: Calyrex|Helping Hand|[of] p2b: Farigiraf\n|move|p1a: Amoonguss|Spore|p2b: Farigiraf\n|-status|p2b: Farigiraf|slp|[from] move: Spore\n|-curestatus|p2a: Calyrex|slp|[msg]\n|move|p2a: Calyrex|Glacial Lance|p1a: Amoonguss|[spread] p1a,p1b\n|-damage|p1a: Amoonguss|26\/100\n|-damage|p1b: Annihilape|8\/100\n|move|p1b: Annihilape|Bulk Up|p1b: Annihilape\n|-boost|p1b: Annihilape|atk|1\n|-boost|p1b: Annihilape|def|1\n|\n|-weather|RainDance|[upkeep]\n|-heal|p1b: Annihilape|14\/100|[from] item: Leftovers\n|upkeep\n|turn|4\n|c|\u2606simReaper|sure\n|inactive|Gene10 has 30 seconds left.\n|\n|t:|1737662912\n|move|p1a: Amoonguss|Spore|p2a: Calyrex\n|-status|p2a: Calyrex|slp|[from] move: Spore\n|cant|p2a: Calyrex|slp\n|cant|p2b: Farigiraf|slp\n|move|p1b: Annihilape|Drain Punch|p2b: Farigiraf\n|-damage|p2b: Farigiraf|56\/100 slp\n|-heal|p1b: Annihilape|38\/100|[from] drain|[of] p2b: Farigiraf\n|\n|-weather|RainDance|[upkeep]\n|-heal|p1b: Annihilape|44\/100|[from] item: Leftovers\n|upkeep\n|turn|5\n|\n|t:|1737662925\n|move|p1a: Amoonguss|Pollen Puff|p1b: Annihilape\n|-heal|p1b: Annihilape|94\/100\n|-curestatus|p2a: Calyrex|slp|[msg]\n|move|p2a: Calyrex|Glacial Lance|p1b: Annihilape|[spread] p1a,p1b\n|-damage|p1a: Amoonguss|0 fnt\n|-damage|p1b: Annihilape|56\/100\n|faint|p1a: Amoonguss\n|-ability|p2a: Calyrex|Chilling Neigh|boost\n|-boost|p2a: Calyrex|atk|1\n|-curestatus|p2b: Farigiraf|slp|[msg]\n|move|p2b: Farigiraf|Psychic|p1b: Annihilape\n|-supereffective|p1b: Annihilape\n|-damage|p1b: Annihilape|0 fnt\n|faint|p1b: Annihilape\n|\n|-weather|none\n|-fieldend|move: Trick Room\n|upkeep\n|n|!simReaper|simreaper\n|-message|simReaper forfeited.\n|\n|win|Gene10\n|raw|simReaper's rating: 1552 &rarr; <strong>1532<\/strong><br \/>(-20 for losing)\n|raw|Gene10's rating: 1560 &rarr; <strong>1580<\/strong><br \/>(+20 for winning)\n|l|!simReaper\n|player|p1|\n|l|\u2606Gene10\n|player|p2|\n","uploadtime":1737662935,"views":11,"formatid":"gen9vgc2025regg","rating":1532,"private":0,"password":null}