{"id":"gen9vgc2025regg-2286874098","format":"[Gen 9] VGC 2025 Reg G","players":["7ammy","DrRadicalWHY"],"log":"|j|\u26067ammy\n|j|\u2606DrRadicalWHY\n|t:|1737663518\n|gametype|doubles\n|player|p1|7ammy|interviewers|1608\n|player|p2|DrRadicalWHY|rocketgrunt|1548\n|teamsize|p1|6\n|teamsize|p2|6\n|gen|9\n|tier|[Gen 9] VGC 2025 Reg G\n|rated|\n|rule|Species Clause: Limit one of each Pok\u00e9mon\n|rule|Item Clause: Limit 1 of each item\n|clearpoke\n|poke|p1|Kyogre, L50|\n|poke|p1|Tornadus, L50, M|\n|poke|p1|Tsareena, L50, F|\n|poke|p1|Urshifu-*, L50, M|\n|poke|p1|Basculegion, L50, M|\n|poke|p1|Landorus, L50, M|\n|poke|p2|Landorus, L50, M|\n|poke|p2|Sylveon, L50, M|\n|poke|p2|Kyogre, L50|\n|poke|p2|Regieleki, L50|\n|poke|p2|Indeedee-F, L50, F|\n|poke|p2|Tornadus, L50, M|\n|teampreview|4\n|inactive|Battle timer is ON: inactive players will automatically lose when time's up. (requested by 7ammy)\n|\n|t:|1737663544\n|start\n|switch|p1a: Landorus|Landorus, L50, M|100\/100\n|switch|p1b: Tornadus|Tornadus, L50, M|100\/100\n|switch|p2a: Sylveon|Sylveon, L50, M|100\/100\n|switch|p2b: Indeedee|Indeedee-F, L50, F|100\/100\n|-fieldstart|move: Psychic Terrain|[from] ability: Psychic Surge|[of] p2b: Indeedee\n|-enditem|p2b: Indeedee|Psychic Seed\n|-boost|p2b: Indeedee|spd|1|[from] item: Psychic Seed\n|turn|1\n|\n|t:|1737663562\n|move|p1b: Tornadus|Bleakwind Storm|p2b: Indeedee|[spread] p2a,p2b\n|-damage|p2a: Sylveon|75\/100\n|-damage|p2b: Indeedee|82\/100\n|-unboost|p2b: Indeedee|spe|1\n|move|p1a: Landorus|Sludge Bomb|p2a: Sylveon\n|-supereffective|p2a: Sylveon\n|-damage|p2a: Sylveon|0 fnt\n|faint|p2a: Sylveon\n|move|p2b: Indeedee|Trick Room|p2b: Indeedee\n|-fieldstart|move: Trick Room|[of] p2b: Indeedee\n|\n|upkeep\n|\n|t:|1737663572\n|switch|p2a: Kyogre|Kyogre, L50|100\/100\n|-weather|RainDance|[from] ability: Drizzle|[of] p2a: Kyogre\n|turn|2\n|\n|t:|1737663592\n|-terastallize|p1a: Landorus|Water\n|move|p2b: Indeedee|Psychic|p1b: Tornadus\n|-damage|p1b: Tornadus|59\/100\n|move|p2a: Kyogre|Water Spout|p1a: Landorus|[spread] p1a,p1b\n|-resisted|p1a: Landorus\n|-damage|p1a: Landorus|34\/100\n|-damage|p1b: Tornadus|0 fnt\n|faint|p1b: Tornadus\n|move|p1a: Landorus|Sandsear Storm|p2a: Kyogre|[spread] p2a,p2b\n|-damage|p2a: Kyogre|66\/100\n|-damage|p2b: Indeedee|50\/100\n|\n|-weather|RainDance|[upkeep]\n|upkeep\n|\n|t:|1737663607\n|switch|p1b: Kyogre|Kyogre, L50|100\/100\n|turn|3\n|\n|t:|1737663628\n|move|p1a: Landorus|Protect|p1a: Landorus\n|-singleturn|p1a: Landorus|Protect\n|move|p2b: Indeedee|Psychic|p1a: Landorus\n|-activate|p1a: Landorus|move: Protect\n|move|p2a: Kyogre|Thunder|p1b: Kyogre\n|-supereffective|p1b: Kyogre\n|-damage|p1b: Kyogre|29\/100\n|-status|p1b: Kyogre|par\n|move|p1b: Kyogre|Thunder|p2a: Kyogre\n|-supereffective|p2a: Kyogre\n|-damage|p2a: Kyogre|25\/100\n|\n|-weather|RainDance|[upkeep]\n|upkeep\n|turn|4\n|inactive|7ammy has 30 seconds left.\n|\n|t:|1737663655\n|switch|p1a: Basculegion|Basculegion, L50, M|100\/100\n|move|p2b: Indeedee|Psychic|p1a: Basculegion\n|-damage|p1a: Basculegion|57\/100\n|move|p1b: Kyogre|Thunder|p2a: Kyogre\n|-supereffective|p2a: Kyogre\n|-damage|p2a: Kyogre|0 fnt\n|faint|p2a: Kyogre\n|\n|-weather|RainDance|[upkeep]\n|upkeep\n|\n|t:|1737663667\n|switch|p2a: Landorus|Landorus, L50, M|100\/100\n|turn|5\n|inactive|7ammy has 30 seconds left.\n|inactive|DrRadicalWHY has 30 seconds left.\n|\n|t:|1737663694\n|move|p2a: Landorus|Protect|p2a: Landorus\n|-singleturn|p2a: Landorus|Protect\n|move|p1a: Basculegion|Protect|p1a: Basculegion\n|-singleturn|p1a: Basculegion|Protect\n|move|p2b: Indeedee|Psychic|p1a: Basculegion\n|-activate|p1a: Basculegion|move: Protect\n|cant|p1b: Kyogre|par\n|\n|-weather|RainDance|[upkeep]\n|-fieldend|move: Trick Room\n|-fieldend|move: Psychic Terrain\n|upkeep\n|turn|6\n|\n|t:|1737663717\n|move|p2b: Indeedee|Follow Me|p2b: Indeedee\n|-singleturn|p2b: Indeedee|move: Follow Me\n|move|p1a: Basculegion|Wave Crash|p2b: Indeedee\n|-damage|p2b: Indeedee|0 fnt\n|faint|p2b: Indeedee\n|-damage|p1a: Basculegion|42\/100|[from] Recoil\n|move|p2a: Landorus|Sandsear Storm|p1a: Basculegion|[spread] p1a,p1b\n|-damage|p1a: Basculegion|0 fnt\n|-damage|p1b: Kyogre|0 fnt\n|faint|p1a: Basculegion\n|faint|p1b: Kyogre\n|\n|-weather|none\n|upkeep\n|j| SparkySign\n|\n|t:|1737663720\n|switch|p1b: Landorus|Landorus, L50, M, tera:Water|34\/100\n|turn|7\n|c|\u26067ammy|GG\n|\n|t:|1737663732\n|move|p1b: Landorus|Sludge Bomb|p2a: Landorus\n|-resisted|p2a: Landorus\n|-damage|p2a: Landorus|65\/100\n|move|p2a: Landorus|Earth Power|p1b: Landorus\n|-damage|p1b: Landorus|0 fnt\n|faint|p1b: Landorus\n|\n|win|DrRadicalWHY\n|raw|7ammy's rating: 1608 &rarr; <strong>1585<\/strong><br \/>(-23 for losing)\n|raw|DrRadicalWHY's rating: 1548 &rarr; <strong>1571<\/strong><br \/>(+23 for winning)\n|l|\u2606DrRadicalWHY\n|player|p2|\n|l| SparkySign\n","uploadtime":1737663922,"views":10,"formatid":"gen9vgc2025regg","rating":1571,"private":0,"password":null}