{"id":"gen9vgc2025regg-2286236701","format":"[Gen 9] VGC 2025 Reg G","players":["Spottedwoot","infinitygroudon"],"log":"|j|\u2606Spottedwoot\n|j|\u2606infinitygroudon\n|t:|1737581397\n|gametype|doubles\n|player|p1|Spottedwoot|2|1609\n|player|p2|infinitygroudon|101|1684\n|teamsize|p1|6\n|teamsize|p2|6\n|gen|9\n|tier|[Gen 9] VGC 2025 Reg G\n|rated|\n|rule|Species Clause: Limit one of each Pok\u00e9mon\n|rule|Item Clause: Limit 1 of each item\n|clearpoke\n|poke|p1|Calyrex-Shadow, L50|\n|poke|p1|Rillaboom, L50, M|\n|poke|p1|Urshifu-*, L50, M|\n|poke|p1|Incineroar, L50, M|\n|poke|p1|Clefairy, L50, M|\n|poke|p1|Raging Bolt, L50|\n|poke|p2|Calyrex-Shadow, L50|\n|poke|p2|Incineroar, L50, M|\n|poke|p2|Weezing-Galar, L50, M|\n|poke|p2|Indeedee-F, L50, F|\n|poke|p2|Iron Valiant, L50|\n|poke|p2|Ursaluna-Bloodmoon, L50, M|\n|teampreview|4\n|\n|t:|1737581413\n|start\n|switch|p1a: Calyrex|Calyrex-Shadow, L50|100\/100\n|switch|p1b: Urshifu|Urshifu-Rapid-Strike, L50, M|100\/100\n|switch|p2a: Suthen|Indeedee-F, L50, F|100\/100\n|switch|p2b: Duncan|Calyrex-Shadow, L50|100\/100\n|-ability|p2b: Duncan|As One\n|-ability|p2b: Duncan|Unnerve\n|-ability|p1a: Calyrex|As One\n|-ability|p1a: Calyrex|Unnerve\n|-fieldstart|move: Psychic Terrain|[from] ability: Psychic Surge|[of] p2a: Suthen\n|turn|1\n|\n|t:|1737581425\n|switch|p1b: Rillaboom|Rillaboom, L50, M|100\/100\n|-fieldstart|move: Grassy Terrain|[from] ability: Grassy Surge|[of] p1b: Rillaboom\n|-terastallize|p1a: Calyrex|Fairy\n|-terastallize|p2b: Duncan|Normal\n|move|p2a: Suthen|Follow Me|p2a: Suthen\n|-singleturn|p2a: Suthen|move: Follow Me\n|move|p1a: Calyrex|Psyshock|p2a: Suthen\n|-resisted|p2a: Suthen\n|-crit|p2a: Suthen\n|-damage|p2a: Suthen|56\/100\n|-damage|p1a: Calyrex|91\/100|[from] item: Life Orb\n|move|p2b: Duncan|Astral Barrage|p1b: Rillaboom|[spread] p1a,p1b\n|-damage|p1a: Calyrex|19\/100\n|-damage|p1b: Rillaboom|46\/100\n|-damage|p2b: Duncan|91\/100|[from] item: Life Orb\n|\n|-heal|p2b: Duncan|97\/100|[from] Grassy Terrain\n|-heal|p1a: Calyrex|25\/100|[from] Grassy Terrain\n|-heal|p2a: Suthen|62\/100|[from] Grassy Terrain\n|-heal|p1b: Rillaboom|52\/100|[from] Grassy Terrain\n|upkeep\n|turn|2\n|\n|t:|1737581444\n|switch|p2a: Mr. Gassy|Weezing-Galar, L50, M|100\/100\n|-ability|p2a: Mr. Gassy|Neutralizing Gas\n|move|p2b: Duncan|Protect|p2b: Duncan\n|-singleturn|p2b: Duncan|Protect\n|move|p1b: Rillaboom|Fake Out|p2b: Duncan\n|-activate|p2b: Duncan|move: Protect\n|move|p1a: Calyrex|Nasty Plot|p1a: Calyrex\n|-boost|p1a: Calyrex|spa|2\n|\n|-heal|p1a: Calyrex|31\/100|[from] Grassy Terrain\n|-heal|p2b: Duncan|100\/100|[from] Grassy Terrain\n|-heal|p1b: Rillaboom|58\/100|[from] Grassy Terrain\n|upkeep\n|turn|3\n|\n|t:|1737581462\n|switch|p2b: Suthen|Indeedee-F, L50, F|62\/100\n|move|p1a: Calyrex|Psyshock|p2a: Mr. Gassy\n|-supereffective|p2a: Mr. Gassy\n|-damage|p2a: Mr. Gassy|0 fnt\n|faint|p2a: Mr. Gassy\n|-end|p2a: Mr. Gassy|ability: Neutralizing Gas\n|-fieldstart|move: Psychic Terrain|[from] ability: Psychic Surge|[of] p2b: Suthen\n|-ability|p1a: Calyrex|Grim Neigh|boost\n|-boost|p1a: Calyrex|spa|1\n|-damage|p1a: Calyrex|22\/100|[from] item: Life Orb\n|move|p1b: Rillaboom|Wood Hammer|p2b: Suthen\n|-damage|p2b: Suthen|0 fnt\n|-damage|p1b: Rillaboom|41\/100|[from] item: Rocky Helmet|[of] p2b: Suthen\n|faint|p2b: Suthen\n|-damage|p1b: Rillaboom|22\/100|[from] Recoil\n|\n|upkeep\n|\n|t:|1737581467\n|switch|p2b: Duncan|Calyrex-Shadow, L50, tera:Normal|100\/100\n|switch|p2a: Charming|Iron Valiant, L50, shiny|100\/100\n|-ability|p2b: Duncan|As One\n|-ability|p2b: Duncan|Unnerve\n|-enditem|p2a: Charming|Booster Energy\n|-activate|p2a: Charming|ability: Quark Drive|[fromitem]\n|-start|p2a: Charming|quarkdrivespe\n|turn|4\n|\n|t:|1737581480\n|switch|p1b: Urshifu|Urshifu-Rapid-Strike, L50, M|100\/100\n|move|p1a: Calyrex|Protect|p1a: Calyrex\n|-singleturn|p1a: Calyrex|Protect\n|move|p2a: Charming|Spirit Break|p1a: Calyrex\n|-activate|p1a: Calyrex|move: Protect\n|move|p2b: Duncan|Astral Barrage|p1a: Calyrex|[spread] p1b\n|-activate|p1a: Calyrex|move: Protect\n|-damage|p1b: Urshifu|0 fnt\n|faint|p1b: Urshifu\n|-ability|p2b: Duncan|Grim Neigh|boost\n|-boost|p2b: Duncan|spa|1\n|-damage|p2b: Duncan|91\/100|[from] item: Life Orb\n|\n|upkeep\n|\n|t:|1737581486\n|switch|p1b: Rillaboom|Rillaboom, L50, M|22\/100\n|-fieldstart|move: Grassy Terrain|[from] ability: Grassy Surge|[of] p1b: Rillaboom\n|turn|5\n|\n|t:|1737581506\n|switch|p1b: Incineroar|Incineroar, L50, M|100\/100\n|-ability|p1b: Incineroar|Intimidate|boost\n|-unboost|p2a: Charming|atk|1\n|-unboost|p2b: Duncan|atk|1\n|move|p2a: Charming|Spirit Break|p1a: Calyrex\n|-damage|p1a: Calyrex|0 fnt\n|faint|p1a: Calyrex\n|move|p2b: Duncan|Astral Barrage|p1b: Incineroar\n|-resisted|p1b: Incineroar\n|-damage|p1b: Incineroar|45\/100\n|-damage|p2b: Duncan|81\/100|[from] item: Life Orb\n|\n|-heal|p2b: Duncan|87\/100|[from] Grassy Terrain\n|-heal|p1b: Incineroar|50\/100|[from] Grassy Terrain\n|upkeep\n|\n|t:|1737581512\n|switch|p1a: Rillaboom|Rillaboom, L50, M|22\/100\n|turn|6\n|\n|t:|1737581521\n|move|p2a: Charming|Protect|p2a: Charming\n|-singleturn|p2a: Charming|Protect\n|move|p2b: Duncan|Protect|p2b: Duncan\n|-singleturn|p2b: Duncan|Protect\n|move|p1a: Rillaboom|Fake Out|p2b: Duncan\n|-activate|p2b: Duncan|move: Protect\n|move|p1b: Incineroar|Knock Off|p2b: Duncan\n|-activate|p2b: Duncan|move: Protect\n|\n|-heal|p2b: Duncan|94\/100|[from] Grassy Terrain\n|-heal|p1a: Rillaboom|28\/100|[from] Grassy Terrain\n|-heal|p1b: Incineroar|56\/100|[from] Grassy Terrain\n|upkeep\n|turn|7\n|\n|t:|1737581526\n|move|p1a: Rillaboom|Grassy Glide|p2b: Duncan\n|-damage|p2b: Duncan|46\/100\n|move|p2a: Charming|Close Combat|p1b: Incineroar\n|-supereffective|p1b: Incineroar\n|-damage|p1b: Incineroar|0 fnt\n|-unboost|p2a: Charming|def|1\n|-unboost|p2a: Charming|spd|1\n|faint|p1b: Incineroar\n|move|p2b: Duncan|Astral Barrage|p1a: Rillaboom\n|-damage|p1a: Rillaboom|0 fnt\n|faint|p1a: Rillaboom\n|-damage|p2b: Duncan|36\/100|[from] item: Life Orb\n|\n|win|infinitygroudon\n|raw|Spottedwoot's rating: 1609 &rarr; <strong>1594<\/strong><br \/>(-15 for losing)\n|raw|infinitygroudon's rating: 1697 &rarr; <strong>1712<\/strong><br \/>(+15 for winning)\n|l|\u2606infinitygroudon\n|player|p2|\n|l|\u2606Spottedwoot\n|player|p1|\n","uploadtime":1737581715,"views":3,"formatid":"gen9vgc2025regg","rating":1594,"private":0,"password":null}