{"id":"gen9vgc2025regg-2286095613","format":"[Gen 9] VGC 2025 Reg G","players":["Yung Trav","BLiiNDProdiigy"],"log":"|j|\u203dYung Trav\n|j|\u2606BLiiNDProdiigy\n|t:|1737567522\n|gametype|doubles\n|player|p1|Yung Trav|266|1571\n|player|p2|BLiiNDProdiigy|rocketgrunt|1628\n|teamsize|p1|6\n|teamsize|p2|6\n|gen|9\n|tier|[Gen 9] VGC 2025 Reg G\n|rated|\n|rule|Species Clause: Limit one of each Pok\u00e9mon\n|rule|Item Clause: Limit 1 of each item\n|clearpoke\n|poke|p1|Calyrex-Ice, L50|\n|poke|p1|Regidrago, L50|\n|poke|p1|Smeargle, L50, M|\n|poke|p1|Farigiraf, L50, M|\n|poke|p1|Urshifu-*, L50, M|\n|poke|p1|Ogerpon-Cornerstone, L50, F|\n|poke|p2|Terapagos, L50, M|\n|poke|p2|Incineroar, L50, F|\n|poke|p2|Rillaboom, L50, F|\n|poke|p2|Urshifu-*, L50, M|\n|poke|p2|Flutter Mane, L50|\n|poke|p2|Ogerpon-Hearthflame, L50, F|\n|teampreview|4\n|j| Therazer456\n|\n|t:|1737567582\n|start\n|switch|p1a: Calyrex|Calyrex-Ice, L50|100\/100\n|switch|p1b: Smeargle|Smeargle, L50, M, shiny|100\/100\n|switch|p2a: Terapagos|Terapagos, L50, M|100\/100\n|switch|p2b: Ogerpon|Ogerpon-Hearthflame, L50, F|100\/100\n|-activate|p2a: Terapagos|ability: Tera Shift\n|detailschange|p2a: Terapagos|Terapagos-Terastal, L50, M\n|-heal|p2a: Terapagos|100\/100|[silent]\n|-ability|p1a: Calyrex|As One\n|-ability|p1a: Calyrex|Unnerve\n|-ability|p2b: Ogerpon|Mold Breaker\n|turn|1\n|inactive|Battle timer is ON: inactive players will automatically lose when time's up. (requested by BLiiNDProdiigy)\n|\n|t:|1737567608\n|move|p1b: Smeargle|Fake Out|p2b: Ogerpon\n|-damage|p2b: Ogerpon|95\/100\n|cant|p2b: Ogerpon|flinch\n|move|p2a: Terapagos|Substitute|p2a: Terapagos\n|-start|p2a: Terapagos|Substitute\n|-damage|p2a: Terapagos|76\/100\n|move|p1a: Calyrex|Trick Room|p1a: Calyrex\n|-fieldstart|move: Trick Room|[of] p1a: Calyrex\n|\n|-heal|p2a: Terapagos|82\/100|[from] item: Leftovers\n|upkeep\n|turn|2\n|\n|t:|1737567623\n|switch|p2b: Incineroar|Incineroar, L50, F|100\/100\n|-ability|p2b: Incineroar|Intimidate|boost\n|-fail|p1a: Calyrex|unboost|[from] item: Clear Amulet|[of] p1a: Calyrex\n|-fail|p1b: Smeargle|unboost|Attack|[from] ability: Own Tempo|[of] p1b: Smeargle\n|move|p2a: Terapagos|Protect|p2a: Terapagos\n|-singleturn|p2a: Terapagos|Protect\n|move|p1b: Smeargle|Decorate|p1a: Calyrex\n|-boost|p1a: Calyrex|atk|2\n|-boost|p1a: Calyrex|spa|2\n|move|p1a: Calyrex|Glacial Lance|p2a: Terapagos|[spread] p2b\n|-activate|p2a: Terapagos|move: Protect\n|-resisted|p2b: Incineroar\n|-damage|p2b: Incineroar|55\/100\n|\n|-heal|p2a: Terapagos|87\/100|[from] item: Leftovers\n|upkeep\n|turn|3\n|inactive|Yung Trav has 30 seconds left.\n|\n|t:|1737567655\n|switch|p1b: Farigiraf|Farigiraf, L50, M, shiny|100\/100\n|-terastallize|p2a: Terapagos|Stellar\n|detailschange|p2a: Terapagos|Terapagos-Stellar, L50, M, tera:Stellar\n|-heal|p2a: Terapagos|91\/100|[silent]\n|move|p2b: Incineroar|Fake Out||[still]\n|cant|p1b: Farigiraf|ability: Armor Tail|Fake Out|[of] p2b: Incineroar\n|move|p1a: Calyrex|High Horsepower|p2b: Incineroar\n|-supereffective|p2b: Incineroar\n|-damage|p2b: Incineroar|0 fnt\n|-damage|p1a: Calyrex|84\/100|[from] item: Rocky Helmet|[of] p2b: Incineroar\n|faint|p2b: Incineroar\n|-ability|p1a: Calyrex|Chilling Neigh|boost\n|-boost|p1a: Calyrex|atk|1\n|move|p2a: Terapagos|Tera Starstorm|p1a: Calyrex|[spread] p1a,p1b\n|-damage|p1a: Calyrex|55\/100\n|-damage|p1b: Farigiraf|65\/100\n|\n|-heal|p2a: Terapagos|97\/100|[from] item: Leftovers\n|upkeep\n|\n|t:|1737567672\n|switch|p2b: Ogerpon|Ogerpon-Hearthflame, L50, F|95\/100\n|-ability|p2b: Ogerpon|Mold Breaker\n|turn|4\n|\n|t:|1737567696\n|move|p1b: Farigiraf|Helping Hand|p1a: Calyrex\n|-singleturn|p1a: Calyrex|Helping Hand|[of] p1b: Farigiraf\n|move|p2a: Terapagos|Protect|p2a: Terapagos\n|-singleturn|p2a: Terapagos|Protect\n|move|p2b: Ogerpon|Spiky Shield|p2b: Ogerpon\n|-singleturn|p2b: Ogerpon|move: Protect\n|move|p1a: Calyrex|Glacial Lance|p2a: Terapagos|[spread] \n|-activate|p2a: Terapagos|move: Protect\n|-activate|p2b: Ogerpon|move: Protect\n|\n|-heal|p2a: Terapagos|100\/100|[from] item: Leftovers\n|upkeep\n|turn|5\n|\n|t:|1737567713\n|move|p1b: Farigiraf|Helping Hand|p1a: Calyrex\n|-singleturn|p1a: Calyrex|Helping Hand|[of] p1b: Farigiraf\n|move|p2b: Ogerpon|Spiky Shield|p2b: Ogerpon\n|-singleturn|p2b: Ogerpon|move: Protect\n|move|p1a: Calyrex|Glacial Lance|p2a: Terapagos|[spread] p2a\n|-activate|p2b: Ogerpon|move: Protect\n|-end|p2a: Terapagos|Substitute\n|move|p2a: Terapagos|Tera Starstorm|p1b: Farigiraf|[spread] p1a,p1b\n|-damage|p1a: Calyrex|27\/100\n|-damage|p1b: Farigiraf|31\/100\n|\n|-fieldend|move: Trick Room\n|upkeep\n|turn|6\n|\n|t:|1737567737\n|move|p1a: Calyrex|Protect|p1a: Calyrex\n|-singleturn|p1a: Calyrex|Protect\n|move|p2b: Ogerpon|Ivy Cudgel|p1a: Calyrex|[anim] Ivy Cudgel Fire\n|-activate|p1a: Calyrex|move: Protect\n|move|p2a: Terapagos|Substitute|p2a: Terapagos\n|-start|p2a: Terapagos|Substitute\n|-damage|p2a: Terapagos|75\/100\n|move|p1b: Farigiraf|Trick Room|p1b: Farigiraf\n|-fieldstart|move: Trick Room|[of] p1b: Farigiraf\n|\n|-heal|p2a: Terapagos|82\/100|[from] item: Leftovers\n|upkeep\n|turn|7\n|\n|t:|1737567755\n|move|p1b: Farigiraf|Helping Hand|p1a: Calyrex\n|-singleturn|p1a: Calyrex|Helping Hand|[of] p1b: Farigiraf\n|move|p2b: Ogerpon|Spiky Shield|p2b: Ogerpon\n|-singleturn|p2b: Ogerpon|move: Protect\n|move|p1a: Calyrex|Glacial Lance|p2b: Ogerpon|[spread] p2a\n|-activate|p2b: Ogerpon|move: Protect\n|-crit|p2a: Terapagos\n|-end|p2a: Terapagos|Substitute\n|move|p2a: Terapagos|Tera Starstorm|p1a: Calyrex|[spread] p1a,p1b\n|-damage|p1a: Calyrex|0 fnt\n|-damage|p1b: Farigiraf|0 fnt\n|faint|p1a: Calyrex\n|faint|p1b: Farigiraf\n|\n|-heal|p2a: Terapagos|88\/100|[from] item: Leftovers\n|upkeep\n|\n|t:|1737567772\n|switch|p1a: Regidrago|Regidrago, L50, shiny|100\/100\n|switch|p1b: Smeargle|Smeargle, L50, M, shiny|100\/100\n|turn|8\n|inactive|BLiiNDProdiigy has 30 seconds left.\n|\n|t:|1737567801\n|switch|p2b: Urshifu|Urshifu-Rapid-Strike, L50, M|100\/100\n|move|p2a: Terapagos|Protect|p2a: Terapagos\n|-singleturn|p2a: Terapagos|Protect\n|move|p1b: Smeargle|Fake Out|p2b: Urshifu\n|-damage|p2b: Urshifu|95\/100\n|move|p1a: Regidrago|Dragon Energy|p2b: Urshifu|[spread] p2b\n|-activate|p2a: Terapagos|move: Protect\n|-damage|p2b: Urshifu|0 fnt\n|faint|p2b: Urshifu\n|\n|-heal|p2a: Terapagos|94\/100|[from] item: Leftovers\n|upkeep\n|\n|t:|1737567802\n|switch|p2b: Ogerpon|Ogerpon-Hearthflame, L50, F|95\/100\n|-ability|p2b: Ogerpon|Mold Breaker\n|turn|9\n|inactive|Yung Trav has 30 seconds left.\n|\n|t:|1737567830\n|-terastallize|p1a: Regidrago|Dragon\n|move|p2b: Ogerpon|Follow Me|p2b: Ogerpon\n|-singleturn|p2b: Ogerpon|move: Follow Me\n|move|p1a: Regidrago|Dragon Energy|p2a: Terapagos|[spread] p2a,p2b\n|-damage|p2a: Terapagos|29\/100\n|-damage|p2b: Ogerpon|0 fnt\n|faint|p2b: Ogerpon\n|move|p1b: Smeargle|Spore|p2a: Terapagos\n|-status|p2a: Terapagos|slp|[from] move: Spore\n|cant|p2a: Terapagos|slp\n|\n|-heal|p2a: Terapagos|36\/100 slp|[from] item: Leftovers\n|upkeep\n|turn|10\n|\n|t:|1737567850\n|cant|p2a: Terapagos|slp\n|move|p1a: Regidrago|Dragon Energy|p2a: Terapagos\n|-damage|p2a: Terapagos|0 fnt\n|faint|p2a: Terapagos\n|\n|win|Yung Trav\n|raw|Yung Trav's rating: 1571 &rarr; <strong>1594<\/strong><br \/>(+23 for winning)\n|raw|BLiiNDProdiigy's rating: 1628 &rarr; <strong>1605<\/strong><br \/>(-23 for losing)\n|l|\u2606BLiiNDProdiigy\n|player|p2|\n|l| Therazer456\n|l|\u203dYung Trav\n|player|p1|\n","uploadtime":1737568105,"views":7,"formatid":"gen9vgc2025regg","rating":1594,"private":0,"password":null}