{"id":"gen9vgc2025regg-2286594574","format":"[Gen 9] VGC 2025 Reg G","players":["Geezerlad45","jecheonjo"],"log":"|j|\u2606Geezerlad45\n|j|\u2606jecheonjo\n|t:|1737633707\n|gametype|doubles\n|player|p1|Geezerlad45|cynthia-gen4|1585\n|player|p2|jecheonjo|steven|1557\n|teamsize|p1|6\n|teamsize|p2|6\n|gen|9\n|tier|[Gen 9] VGC 2025 Reg G\n|rated|\n|rule|Species Clause: Limit one of each Pok\u00e9mon\n|rule|Item Clause: Limit 1 of each item\n|clearpoke\n|poke|p1|Zamazenta-*, L50|\n|poke|p1|Chien-Pao, L50|\n|poke|p1|Flutter Mane, L50|\n|poke|p1|Raging Bolt, L50|\n|poke|p1|Amoonguss, L50, F|\n|poke|p1|Chi-Yu, L50|\n|poke|p2|Calyrex-Shadow, L50|\n|poke|p2|Landorus, L50, M|\n|poke|p2|Tornadus, L50, M|\n|poke|p2|Urshifu-*, L50, F|\n|poke|p2|Amoonguss, L50, F|\n|poke|p2|Incineroar, L50, F|\n|teampreview|4\n|inactive|Battle timer is ON: inactive players will automatically lose when time's up. (requested by Geezerlad45)\n|inactive|Geezerlad45 has 60 seconds left.\n|inactive|jecheonjo has 60 seconds left.\n|inactive|jecheonjo has 30 seconds left.\n|inactive|jecheonjo has 20 seconds left.\n|\n|t:|1737633783\n|start\n|switch|p1a: Raging Bolt|Raging Bolt, L50|100\/100\n|switch|p1b: Zamazenta|Zamazenta-Crowned, L50|100\/100\n|switch|p2a: Urshifu|Urshifu-Rapid-Strike, L50, F|100\/100\n|switch|p2b: Tornadus|Tornadus, L50, M|100\/100\n|-ability|p1b: Zamazenta|Dauntless Shield|boost\n|-boost|p1b: Zamazenta|def|1\n|turn|1\n|\n|t:|1737633805\n|switch|p2b: Landorus|Landorus, L50, M|100\/100\n|move|p2a: Urshifu|Detect|p2a: Urshifu\n|-singleturn|p2a: Urshifu|Protect\n|move|p1b: Zamazenta|Body Press|p2a: Urshifu\n|-activate|p2a: Urshifu|move: Protect\n|move|p1a: Raging Bolt|Thunderbolt|p2a: Urshifu\n|-activate|p2a: Urshifu|move: Protect\n|\n|upkeep\n|turn|2\n|j| Kal0stest\n|inactive|jecheonjo has 30 seconds left.\n|inactive|Geezerlad45 has 30 seconds left.\n|\n|t:|1737633840\n|-terastallize|p1b: Zamazenta|Dragon\n|move|p1b: Zamazenta|Body Press|p2b: Landorus\n|-resisted|p2b: Landorus\n|-damage|p2b: Landorus|62\/100\n|move|p2b: Landorus|Substitute|p2b: Landorus\n|-start|p2b: Landorus|Substitute\n|-damage|p2b: Landorus|37\/100\n|move|p2a: Urshifu|Close Combat|p1a: Raging Bolt\n|-damage|p1a: Raging Bolt|51\/100\n|-unboost|p2a: Urshifu|def|1\n|-unboost|p2a: Urshifu|spd|1\n|move|p1a: Raging Bolt|Draco Meteor|p2b: Landorus\n|-end|p2b: Landorus|Substitute\n|-unboost|p1a: Raging Bolt|spa|2\n|\n|upkeep\n|turn|3\n|inactive|Geezerlad45 has 30 seconds left.\n|\n|t:|1737633866\n|switch|p2a: Tornadus|Tornadus, L50, M|100\/100\n|move|p2b: Landorus|Protect|p2b: Landorus\n|-singleturn|p2b: Landorus|Protect\n|move|p1a: Raging Bolt|Thunderclap||[still]\n|-fail|p1a: Raging Bolt\n|move|p1b: Zamazenta|Body Press|p2b: Landorus\n|-activate|p2b: Landorus|move: Protect\n|\n|upkeep\n|turn|4\n|\n|t:|1737633886\n|move|p2a: Tornadus|Tailwind|p2a: Tornadus\n|-sidestart|p2: jecheonjo|move: Tailwind\n|move|p2b: Landorus|Substitute|p2b: Landorus\n|-start|p2b: Landorus|Substitute\n|-damage|p2b: Landorus|12\/100\n|move|p1b: Zamazenta|Body Press|p2b: Landorus\n|-resisted|p2b: Landorus\n|-end|p2b: Landorus|Substitute\n|move|p1a: Raging Bolt|Thunderbolt|p2a: Tornadus\n|-supereffective|p2a: Tornadus\n|-damage|p2a: Tornadus|46\/100\n|\n|upkeep\n|turn|5\n|\n|t:|1737633902\n|move|p1a: Raging Bolt|Thunderclap|p2a: Tornadus\n|-supereffective|p2a: Tornadus\n|-damage|p2a: Tornadus|3\/100\n|move|p2b: Landorus|Earth Power|p1a: Raging Bolt\n|-supereffective|p1a: Raging Bolt\n|-damage|p1a: Raging Bolt|0 fnt\n|faint|p1a: Raging Bolt\n|-end|p1a: Raging Bolt|Protosynthesis|[silent]\n|move|p2a: Tornadus|Bleakwind Storm|p1b: Zamazenta\n|-damage|p1b: Zamazenta|61\/100\n|move|p1b: Zamazenta|Body Press|p2b: Landorus\n|-resisted|p2b: Landorus\n|-damage|p2b: Landorus|0 fnt\n|faint|p2b: Landorus\n|\n|upkeep\n|\n|t:|1737633918\n|switch|p2b: Calyrex|Calyrex-Shadow, L50|100\/100\n|switch|p1a: Flutter Mane|Flutter Mane, L50|100\/100\n|-ability|p2b: Calyrex|As One\n|-ability|p2b: Calyrex|Unnerve\n|-enditem|p1a: Flutter Mane|Booster Energy\n|-activate|p1a: Flutter Mane|ability: Protosynthesis|[fromitem]\n|-start|p1a: Flutter Mane|protosynthesisspe\n|turn|6\n|\n|t:|1737633938\n|move|p2b: Calyrex|Protect|p2b: Calyrex\n|-singleturn|p2b: Calyrex|Protect\n|move|p1a: Flutter Mane|Protect|p1a: Flutter Mane\n|-singleturn|p1a: Flutter Mane|Protect\n|move|p1b: Zamazenta|Protect|p1b: Zamazenta\n|-singleturn|p1b: Zamazenta|Protect\n|move|p2a: Tornadus|Taunt|p1b: Zamazenta\n|-activate|p1b: Zamazenta|move: Protect\n|\n|upkeep\n|turn|7\n|inactive|jecheonjo has 30 seconds left.\n|\n|t:|1737633963\n|move|p2a: Tornadus|Protect|p2a: Tornadus\n|-singleturn|p2a: Tornadus|Protect\n|move|p2b: Calyrex|Astral Barrage|p1a: Flutter Mane|[spread] p1a,p1b\n|-supereffective|p1a: Flutter Mane\n|-damage|p1a: Flutter Mane|0 fnt\n|-damage|p1b: Zamazenta|16\/100\n|faint|p1a: Flutter Mane\n|-end|p1a: Flutter Mane|Protosynthesis|[silent]\n|-ability|p2b: Calyrex|Grim Neigh|boost\n|-boost|p2b: Calyrex|spa|1\n|move|p1b: Zamazenta|Heavy Slam|p2b: Calyrex\n|-damage|p2b: Calyrex|42\/100\n|\n|-sideend|p2: jecheonjo|move: Tailwind\n|upkeep\n|\n|t:|1737633977\n|switch|p1a: Chi-Yu|Chi-Yu, L50|100\/100\n|-ability|p1a: Chi-Yu|Beads of Ruin\n|turn|8\n|\n|t:|1737633995\n|move|p2b: Calyrex|Protect|p2b: Calyrex\n|-singleturn|p2b: Calyrex|Protect\n|move|p1b: Zamazenta|Wide Guard|p1b: Zamazenta\n|-singleturn|p1b: Zamazenta|Wide Guard\n|move|p2a: Tornadus|Tailwind|p2a: Tornadus\n|-sidestart|p2: jecheonjo|move: Tailwind\n|move|p1a: Chi-Yu|Heat Wave|p2a: Tornadus|[spread] p2a\n|-activate|p2b: Calyrex|move: Protect\n|-damage|p2a: Tornadus|0 fnt\n|faint|p2a: Tornadus\n|\n|upkeep\n|\n|t:|1737634003\n|switch|p2a: Urshifu|Urshifu-Rapid-Strike, L50, F|100\/100\n|turn|9\n|-message|Geezerlad45 forfeited.\n|\n|win|jecheonjo\n|raw|Geezerlad45's rating: 1585 &rarr; <strong>1563<\/strong><br \/>(-22 for losing)\n|raw|jecheonjo's rating: 1557 &rarr; <strong>1579<\/strong><br \/>(+22 for winning)\n|l|\u2606Geezerlad45\n|player|p1|\n|l|\u2606jecheonjo\n|player|p2|\n|l| Kal0stest\n","uploadtime":1737634278,"views":3,"formatid":"gen9vgc2025regg","rating":1563,"private":0,"password":null}