{"id":"gen9vgc2025regg-2286121313","format":"[Gen 9] VGC 2025 Reg G","players":["StoopyLoopy","tommy2436"],"log":"|j|\u2606StoopyLoopy\n|j|\u2606tommy2436\n|t:|1737569997\n|gametype|doubles\n|player|p1|StoopyLoopy|piers|1533\n|player|p2|tommy2436|169|1598\n|teamsize|p1|6\n|teamsize|p2|6\n|gen|9\n|tier|[Gen 9] VGC 2025 Reg G\n|rated|\n|rule|Species Clause: Limit one of each Pok\u00e9mon\n|rule|Item Clause: Limit 1 of each item\n|clearpoke\n|poke|p1|Calyrex-Ice, L50|\n|poke|p1|Iron Hands, L50|\n|poke|p1|Amoonguss, L50, M|\n|poke|p1|Landorus, L50, M|\n|poke|p1|Regieleki, L50|\n|poke|p1|Iron Jugulis, L50|\n|poke|p2|Calyrex-Ice, L50|\n|poke|p2|Urshifu-*, L50, F|\n|poke|p2|Raging Bolt, L50|\n|poke|p2|Pelipper, L50, F|\n|poke|p2|Iron Valiant, L50|\n|poke|p2|Landorus, L50, M|\n|teampreview|4\n|\n|t:|1737570051\n|start\n|switch|p1a: Calyrex|Calyrex-Ice, L50|100\/100\n|switch|p1b: Iron Jugulis|Iron Jugulis, L50|100\/100\n|switch|p2a: Urshifu|Urshifu-Rapid-Strike, L50, F|100\/100\n|switch|p2b: Raging Bolt|Raging Bolt, L50|100\/100\n|-ability|p1a: Calyrex|As One\n|-ability|p1a: Calyrex|Unnerve\n|-enditem|p1b: Iron Jugulis|Booster Energy\n|-activate|p1b: Iron Jugulis|ability: Quark Drive|[fromitem]\n|-start|p1b: Iron Jugulis|quarkdrivespe\n|turn|1\n|j| meklae\n|\n|t:|1737570122\n|-terastallize|p2b: Raging Bolt|Electric\n|move|p1b: Iron Jugulis|Tailwind|p1b: Iron Jugulis\n|-sidestart|p1: StoopyLoopy|move: Tailwind\n|move|p1a: Calyrex|Glacial Lance|p2a: Urshifu|[spread] p2a,p2b\n|-resisted|p2a: Urshifu\n|-damage|p2a: Urshifu|71\/100\n|-damage|p2b: Raging Bolt|46\/100\n|move|p2a: Urshifu|Surging Strikes|p1a: Calyrex\n|-crit|p1a: Calyrex\n|-damage|p1a: Calyrex|87\/100\n|-crit|p1a: Calyrex\n|-damage|p1a: Calyrex|75\/100\n|-crit|p1a: Calyrex\n|-damage|p1a: Calyrex|62\/100\n|-hitcount|p1a: Calyrex|3\n|move|p2b: Raging Bolt|Thunderbolt|p1b: Iron Jugulis\n|-supereffective|p1b: Iron Jugulis\n|-damage|p1b: Iron Jugulis|0 fnt\n|faint|p1b: Iron Jugulis\n|-end|p1b: Iron Jugulis|Quark Drive|[silent]\n|\n|upkeep\n|\n|t:|1737570132\n|switch|p1b: Amoonguss|Amoonguss, L50, M, shiny|100\/100\n|turn|2\n|\n|t:|1737570185\n|move|p2a: Urshifu|Detect|p2a: Urshifu\n|-singleturn|p2a: Urshifu|Protect\n|move|p2b: Raging Bolt|Protect|p2b: Raging Bolt\n|-singleturn|p2b: Raging Bolt|Protect\n|move|p1a: Calyrex|Glacial Lance|p2a: Urshifu|[spread] \n|-activate|p2a: Urshifu|move: Protect\n|-activate|p2b: Raging Bolt|move: Protect\n|move|p1b: Amoonguss|Pollen Puff|p1a: Calyrex\n|-heal|p1a: Calyrex|100\/100\n|\n|upkeep\n|turn|3\n|\n|t:|1737570208\n|move|p1b: Amoonguss|Rage Powder|p1b: Amoonguss\n|-singleturn|p1b: Amoonguss|move: Rage Powder\n|move|p2b: Raging Bolt|Thunderclap|p1a: Calyrex\n|-damage|p1a: Calyrex|65\/100\n|move|p1a: Calyrex|Glacial Lance|p2b: Raging Bolt|[spread] p2a,p2b\n|-resisted|p2a: Urshifu\n|-damage|p2a: Urshifu|41\/100\n|-damage|p2b: Raging Bolt|0 fnt\n|faint|p2b: Raging Bolt\n|-end|p2b: Raging Bolt|Protosynthesis|[silent]\n|-ability|p1a: Calyrex|Chilling Neigh|boost\n|-boost|p1a: Calyrex|atk|1\n|move|p2a: Urshifu|Close Combat|p1b: Amoonguss\n|-resisted|p1b: Amoonguss\n|-damage|p1b: Amoonguss|75\/100\n|-unboost|p2a: Urshifu|def|1\n|-unboost|p2a: Urshifu|spd|1\n|-damage|p2a: Urshifu|24\/100|[from] item: Rocky Helmet|[of] p1b: Amoonguss\n|\n|upkeep\n|\n|t:|1737570230\n|switch|p2b: Calyrex|Calyrex-Ice, L50|100\/100\n|-ability|p2b: Calyrex|As One\n|-ability|p2b: Calyrex|Unnerve\n|turn|4\n|\n|t:|1737570239\n|-terastallize|p1b: Amoonguss|Water\n|move|p2a: Urshifu|Detect|p2a: Urshifu\n|-singleturn|p2a: Urshifu|Protect\n|move|p2b: Calyrex|Glacial Lance|p1a: Calyrex|[spread] p1a,p1b\n|-resisted|p1a: Calyrex\n|-resisted|p1b: Amoonguss\n|-damage|p1a: Calyrex|47\/100\n|-damage|p1b: Amoonguss|51\/100\n|move|p1b: Amoonguss|Pollen Puff|p1a: Calyrex\n|-heal|p1a: Calyrex|97\/100\n|move|p1a: Calyrex|Trick Room|p1a: Calyrex\n|-fieldstart|move: Trick Room|[of] p1a: Calyrex\n|\n|-sideend|p1: StoopyLoopy|move: Tailwind\n|upkeep\n|turn|5\n|-message|tommy2436 forfeited.\n|\n|win|StoopyLoopy\n|raw|StoopyLoopy's rating: 1533 &rarr; <strong>1557<\/strong><br \/>(+24 for winning)\n|raw|tommy2436's rating: 1598 &rarr; <strong>1574<\/strong><br \/>(-24 for losing)\n|l| meklae\n|c|\u2606StoopyLoopy|safety goggles bolt\n|l|\u2606tommy2436\n|player|p2|\n|c|\u2606StoopyLoopy|nice tech\n|l|\u2606StoopyLoopy\n|player|p1|\n","uploadtime":1737570456,"views":18,"formatid":"gen9vgc2025regg","rating":1557,"private":0,"password":null}