{"id":"gen9vgc2025regg-2286793792","format":"[Gen 9] VGC 2025 Reg G","players":["tommy2436","Mildly Displeased"],"log":"|j|\u2606tommy2436\n|j|\u2606Mildly Displeased\n|t:|1737655777\n|gametype|doubles\n|player|p1|tommy2436|265|1600\n|player|p2|Mildly Displeased|lillie|1574\n|teamsize|p1|6\n|teamsize|p2|6\n|gen|9\n|tier|[Gen 9] VGC 2025 Reg G\n|rated|\n|rule|Species Clause: Limit one of each Pok\u00e9mon\n|rule|Item Clause: Limit 1 of each item\n|clearpoke\n|poke|p1|Calyrex-Ice, L50|\n|poke|p1|Urshifu-*, L50, M|\n|poke|p1|Raging Bolt, L50|\n|poke|p1|Pelipper, L50, F|\n|poke|p1|Iron Valiant, L50|\n|poke|p1|Landorus, L50, M|\n|poke|p2|Primarina, L50, M|\n|poke|p2|Talonflame, L50, F|\n|poke|p2|Zamazenta-*, L50|\n|poke|p2|Rillaboom, L50, F|\n|poke|p2|Iron Treads, L50|\n|poke|p2|Entei, L50|\n|teampreview|4\n|inactive|Battle timer is ON: inactive players will automatically lose when time's up. (requested by Mildly Displeased)\n|inactive|tommy2436 has 60 seconds left.\n|j| darkbanana49\n|\n|t:|1737655831\n|start\n|switch|p1a: Landorus|Landorus, L50, M|100\/100\n|switch|p1b: Iron Valiant|Iron Valiant, L50|100\/100\n|switch|p2a: Phoenix|Talonflame, L50, F, shiny|100\/100\n|switch|p2b: Tankie|Iron Treads, L50|100\/100\n|-enditem|p2b: Tankie|Booster Energy\n|-activate|p2b: Tankie|ability: Quark Drive|[fromitem]\n|-start|p2b: Tankie|quarkdrivespe\n|-enditem|p1b: Iron Valiant|Booster Energy\n|-activate|p1b: Iron Valiant|ability: Quark Drive|[fromitem]\n|-start|p1b: Iron Valiant|quarkdrivespe\n|turn|1\n|j| Sorry Im Trapped\n|inactive|tommy2436 has 30 seconds left.\n|l| Sorry Im Trapped\n|inactive|tommy2436 has 20 seconds left.\n|inactive|tommy2436 has 15 seconds left.\n|inactive|tommy2436 has 10 seconds left.\n|\n|t:|1737655876\n|-terastallize|p1b: Iron Valiant|Steel\n|move|p2a: Phoenix|Brave Bird|p1b: Iron Valiant\n|-resisted|p1b: Iron Valiant\n|-damage|p1b: Iron Valiant|74\/100\n|-damage|p2a: Phoenix|90\/100|[from] Recoil\n|move|p2b: Tankie|Ice Spinner|p1a: Landorus\n|-supereffective|p1a: Landorus\n|-crit|p1a: Landorus\n|-damage|p1a: Landorus|0 fnt\n|faint|p1a: Landorus\n|move|p1b: Iron Valiant|Icy Wind|p2b: Tankie|[spread] p2a,p2b\n|-damage|p2a: Phoenix|73\/100\n|-damage|p2b: Tankie|82\/100\n|-unboost|p2a: Phoenix|spe|1\n|-unboost|p2b: Tankie|spe|1\n|\n|upkeep\n|inactive|tommy2436 has 30 seconds left.\n|j| Sorry Im Trapped\n|\n|t:|1737655910\n|switch|p1a: Urshifu|Urshifu-Rapid-Strike, L50, M|100\/100\n|turn|2\n|\n|t:|1737655934\n|move|p1b: Iron Valiant|Encore|p2b: Tankie\n|-start|p2b: Tankie|Encore\n|move|p2b: Tankie|Ice Spinner|p1b: Iron Valiant\n|-resisted|p1b: Iron Valiant\n|-damage|p1b: Iron Valiant|62\/100\n|move|p1a: Urshifu|Surging Strikes|p2a: Phoenix\n|-supereffective|p2a: Phoenix\n|-crit|p2a: Phoenix\n|-damage|p2a: Phoenix|0 fnt\n|faint|p2a: Phoenix\n|-hitcount|p2: Phoenix|1\n|\n|upkeep\n|\n|t:|1737655943\n|switch|p2a: Best mon|Primarina, L50, M, shiny|100\/100\n|turn|3\n|l| darkbanana49\n|\n|t:|1737655961\n|move|p1b: Iron Valiant|Moonblast|p2a: Best mon\n|-damage|p2a: Best mon|68\/100\n|move|p2b: Tankie|Ice Spinner|p1a: Urshifu\n|-resisted|p1a: Urshifu\n|-damage|p1a: Urshifu|87\/100\n|move|p1a: Urshifu|Surging Strikes|p2b: Tankie\n|-supereffective|p2b: Tankie\n|-crit|p2b: Tankie\n|-damage|p2b: Tankie|45\/100\n|-supereffective|p2b: Tankie\n|-crit|p2b: Tankie\n|-damage|p2b: Tankie|5\/100\n|-supereffective|p2b: Tankie\n|-crit|p2b: Tankie\n|-damage|p2b: Tankie|0 fnt\n|faint|p2b: Tankie\n|-end|p2b: Tankie|Quark Drive|[silent]\n|-hitcount|p2: Tankie|3\n|move|p2a: Best mon|Moonblast|p1a: Urshifu\n|-supereffective|p1a: Urshifu\n|-damage|p1a: Urshifu|0 fnt\n|faint|p1a: Urshifu\n|\n|upkeep\n|\n|t:|1737655978\n|switch|p2b: Pippin|Zamazenta-Crowned, L50|100\/100\n|switch|p1a: Calyrex|Calyrex-Ice, L50|100\/100\n|-ability|p1a: Calyrex|As One\n|-ability|p1a: Calyrex|Unnerve\n|-ability|p2b: Pippin|Dauntless Shield|boost\n|-boost|p2b: Pippin|def|1\n|turn|4\n|\n|t:|1737655998\n|move|p1b: Iron Valiant|Icy Wind|p2a: Best mon|[spread] p2a,p2b\n|-resisted|p2a: Best mon\n|-resisted|p2b: Pippin\n|-damage|p2a: Best mon|64\/100\n|-damage|p2b: Pippin|96\/100\n|-unboost|p2a: Best mon|spe|1\n|-unboost|p2b: Pippin|spe|1\n|move|p2b: Pippin|Iron Defense|p2b: Pippin\n|-boost|p2b: Pippin|def|2\n|move|p1a: Calyrex|Seed Bomb|p2a: Best mon\n|-supereffective|p2a: Best mon\n|-damage|p2a: Best mon|0 fnt\n|faint|p2a: Best mon\n|-ability|p1a: Calyrex|Chilling Neigh|boost\n|-boost|p1a: Calyrex|atk|1\n|\n|upkeep\n|turn|5\n|\n|t:|1737656016\n|-terastallize|p2b: Pippin|Ghost\n|move|p1b: Iron Valiant|Encore|p2b: Pippin\n|-start|p2b: Pippin|Encore\n|move|p2b: Pippin|Iron Defense|p2b: Pippin\n|-boost|p2b: Pippin|def|2\n|move|p1a: Calyrex|High Horsepower|p2b: Pippin|[miss]\n|-miss|p1a: Calyrex|p2b: Pippin\n|\n|upkeep\n|turn|6\n|\n|t:|1737656028\n|move|p1b: Iron Valiant|Moonblast|p2b: Pippin\n|-damage|p2b: Pippin|68\/100\n|move|p2b: Pippin|Iron Defense|p2b: Pippin\n|-boost|p2b: Pippin|def|1\n|move|p1a: Calyrex|Lash Out|p2b: Pippin\n|-supereffective|p2b: Pippin\n|-damage|p2b: Pippin|55\/100\n|\n|upkeep\n|turn|7\n|inactive|tommy2436 has 30 seconds left.\n|\n|t:|1737656057\n|move|p1b: Iron Valiant|Moonblast|p2b: Pippin\n|-damage|p2b: Pippin|23\/100\n|move|p2b: Pippin|Iron Defense|p2b: Pippin\n|-boost|p2b: Pippin|def|0\n|move|p1a: Calyrex|Glacial Lance|p2b: Pippin\n|-damage|p2b: Pippin|6\/100\n|\n|-end|p2b: Pippin|Encore\n|upkeep\n|turn|8\n|\n|t:|1737656069\n|move|p1b: Iron Valiant|Moonblast|p2b: Pippin\n|-damage|p2b: Pippin|0 fnt\n|faint|p2b: Pippin\n|\n|win|tommy2436\n|raw|tommy2436's rating: 1600 &rarr; <strong>1619<\/strong><br \/>(+19 for winning)\n|raw|Mildly Displeased's rating: 1574 &rarr; <strong>1555<\/strong><br \/>(-19 for losing)\n|l|\u2606tommy2436\n|player|p1|\n|l| Sorry Im Trapped\n|l|\u2606Mildly Displeased\n|player|p2|\n","uploadtime":1737656298,"views":8,"formatid":"gen9vgc2025regg","rating":1555,"private":0,"password":null}