{"id":"gen9vgc2025regg-2286926392","format":"[Gen 9] VGC 2025 Reg G","players":["stbai","no1torterrafan"],"log":"|j|\u2606stbai\n|j|\u2606no1torterrafan\n|t:|1737668903\n|gametype|doubles\n|player|p1|stbai|janitor|1517\n|player|p2|no1torterrafan|nurse|1573\n|teamsize|p1|6\n|teamsize|p2|6\n|gen|9\n|tier|[Gen 9] VGC 2025 Reg G\n|rated|\n|rule|Species Clause: Limit one of each Pok\u00e9mon\n|rule|Item Clause: Limit 1 of each item\n|clearpoke\n|poke|p1|Tatsugiri, L50, F|\n|poke|p1|Terapagos, L50, M|\n|poke|p1|Latios, L50, M|\n|poke|p1|Dondozo, L50, F|\n|poke|p1|Ninetales-Alola, L50, F|\n|poke|p1|Salazzle, L50, F|\n|poke|p2|Koraidon, L50|\n|poke|p2|Raging Bolt, L50|\n|poke|p2|Flutter Mane, L50|\n|poke|p2|Brute Bonnet, L50|\n|poke|p2|Arcanine-Hisui, L50, M|\n|poke|p2|Torterra, L50, F|\n|teampreview|4\n|inactive|Battle timer is ON: inactive players will automatically lose when time's up. (requested by stbai)\n|inactive|no1torterrafan has 60 seconds left.\n|\n|t:|1737668949\n|start\n|switch|p1a: Latios|Latios, L50, M|100\/100\n|switch|p1b: Terapagos|Terapagos, L50, M|100\/100\n|switch|p2a: Flutter Mane|Flutter Mane, L50|100\/100\n|switch|p2b: Koraidon|Koraidon, L50|100\/100\n|-activate|p1b: Terapagos|ability: Tera Shift\n|detailschange|p1b: Terapagos|Terapagos-Terastal, L50, M\n|-heal|p1b: Terapagos|100\/100|[silent]\n|-weather|SunnyDay|[from] ability: Orichalcum Pulse|[of] p2b: Koraidon\n|-activate|p2a: Flutter Mane|ability: Protosynthesis\n|-start|p2a: Flutter Mane|protosynthesisspe\n|-activate|p2b: Koraidon|Orichalcum Pulse|[source]\n|turn|1\n|\n|t:|1737668971\n|-terastallize|p1b: Terapagos|Stellar\n|detailschange|p1b: Terapagos|Terapagos-Stellar, L50, M, tera:Stellar\n|-heal|p1b: Terapagos|100\/100|[silent]\n|-ability|p1b: Terapagos|Teraform Zero\n|-weather|none\n|-end|p2a: Flutter Mane|Protosynthesis\n|move|p2b: Koraidon|Protect|p2b: Koraidon\n|-singleturn|p2b: Koraidon|Protect\n|move|p2a: Flutter Mane|Moonblast|p1a: Latios\n|-supereffective|p1a: Latios\n|-damage|p1a: Latios|15\/100\n|move|p1a: Latios|Tailwind|p1a: Latios\n|-sidestart|p1: stbai|move: Tailwind\n|move|p1b: Terapagos|Tera Starstorm|p2a: Flutter Mane|[spread] p2a\n|-activate|p2b: Koraidon|move: Protect\n|-damage|p2a: Flutter Mane|34\/100\n|\n|upkeep\n|turn|2\n|inactive|no1torterrafan has 30 seconds left.\n|inactive|no1torterrafan has 20 seconds left.\n|\n|t:|1737669009\n|switch|p2b: Torterra|Torterra, L50, F|100\/100\n|move|p1a: Latios|Luster Purge|p2b: Torterra\n|-damage|p2b: Torterra|63\/100\n|-unboost|p2b: Torterra|spd|1\n|move|p1b: Terapagos|Tera Starstorm|p2b: Torterra|[spread] p2a,p2b\n|-damage|p2a: Flutter Mane|0 fnt\n|-damage|p2b: Torterra|0 fnt\n|faint|p2a: Flutter Mane\n|-end|p2a: Flutter Mane|Protosynthesis|[silent]\n|faint|p2b: Torterra\n|\n|upkeep\n|\n|t:|1737669017\n|switch|p2a: Brute Bonnet|Brute Bonnet, L50|100\/100\n|switch|p2b: Koraidon|Koraidon, L50|100\/100\n|-weather|SunnyDay|[from] ability: Orichalcum Pulse|[of] p2b: Koraidon\n|-activate|p2a: Brute Bonnet|ability: Protosynthesis\n|-start|p2a: Brute Bonnet|protosynthesisspd\n|-activate|p2b: Koraidon|Orichalcum Pulse|[source]\n|turn|3\n|\n|t:|1737669040\n|move|p2b: Koraidon|Protect|p2b: Koraidon\n|-singleturn|p2b: Koraidon|Protect\n|move|p1a: Latios|Luster Purge|p2b: Koraidon\n|-activate|p2b: Koraidon|move: Protect\n|move|p1b: Terapagos|Tera Starstorm|p2a: Brute Bonnet|[spread] p2a\n|-activate|p2b: Koraidon|move: Protect\n|-damage|p2a: Brute Bonnet|67\/100\n|move|p2a: Brute Bonnet|Spore|p1b: Terapagos\n|-status|p1b: Terapagos|slp|[from] move: Spore\n|\n|-weather|SunnyDay|[upkeep]\n|upkeep\n|turn|4\n|\n|t:|1737669049\n|switch|p1b: Dondozo|Dondozo, L50, F|100\/100\n|move|p2a: Brute Bonnet|Rage Powder|p2a: Brute Bonnet\n|-singleturn|p2a: Brute Bonnet|move: Rage Powder\n|move|p1a: Latios|Simple Beam|p2a: Brute Bonnet\n|-end|p2a: Brute Bonnet|Protosynthesis|[silent]\n|-endability|p2a: Brute Bonnet|Protosynthesis|[from] move: Simple Beam\n|-ability|p2a: Brute Bonnet|Simple|[from] move: Simple Beam\n|move|p2b: Koraidon|Flame Charge|p1a: Latios\n|-resisted|p1a: Latios\n|-damage|p1a: Latios|0 fnt\n|-boost|p2b: Koraidon|spe|1\n|faint|p1a: Latios\n|\n|-weather|SunnyDay|[upkeep]\n|-sideend|p1: stbai|move: Tailwind\n|upkeep\n|\n|t:|1737669058\n|switch|p1a: Terapagos|Terapagos-Stellar, L50, M, tera:Stellar|100\/100 slp\n|turn|5\n|\n|t:|1737669066\n|move|p1b: Dondozo|Protect|p1b: Dondozo\n|-singleturn|p1b: Dondozo|Protect\n|move|p2b: Koraidon|Collision Course|p1a: Terapagos\n|-supereffective|p1a: Terapagos\n|-damage|p1a: Terapagos|0 fnt\n|faint|p1a: Terapagos\n|move|p2a: Brute Bonnet|Spore|p1b: Dondozo\n|-activate|p1b: Dondozo|move: Protect\n|\n|-weather|SunnyDay|[upkeep]\n|upkeep\n|\n|t:|1737669072\n|switch|p1a: Tatsugiri|Tatsugiri, L50, F|100\/100\n|-activate|p1a: Tatsugiri|ability: Commander|[of] p1b: Dondozo\n|-boost|p1b: Dondozo|atk|2\n|-boost|p1b: Dondozo|spa|2\n|-boost|p1b: Dondozo|spe|2\n|-boost|p1b: Dondozo|def|2\n|-boost|p1b: Dondozo|spd|2\n|turn|6\n|\n|t:|1737669076\n|move|p2b: Koraidon|Protect|p2b: Koraidon\n|-singleturn|p2b: Koraidon|Protect\n|move|p1b: Dondozo|Substitute|p1b: Dondozo\n|-start|p1b: Dondozo|Substitute\n|-damage|p1b: Dondozo|75\/100\n|move|p2a: Brute Bonnet|Clear Smog|p1b: Dondozo\n|-activate|p1b: Dondozo|move: Substitute|[damage]\n|\n|-weather|SunnyDay|[upkeep]\n|-heal|p1b: Dondozo|82\/100|[from] item: Leftovers\n|upkeep\n|turn|7\n|\n|t:|1737669083\n|move|p2b: Koraidon|Collision Course|p1b: Dondozo\n|-end|p1b: Dondozo|Substitute\n|move|p1b: Dondozo|Order Up|p2b: Koraidon\n|-supereffective|p2b: Koraidon\n|-crit|p2b: Koraidon\n|-damage|p2b: Koraidon|0 fnt\n|faint|p2b: Koraidon\n|-boost|p1b: Dondozo|atk|1\n|move|p2a: Brute Bonnet|Clear Smog|p1b: Dondozo\n|-damage|p1b: Dondozo|78\/100\n|-clearboost|p1b: Dondozo\n|\n|-weather|none\n|-heal|p1b: Dondozo|84\/100|[from] item: Leftovers\n|upkeep\n|turn|8\n|c|\u2606no1torterrafan|Ffs\n|c|\u2606no1torterrafan|Seriously\n|\n|t:|1737669101\n|move|p2a: Brute Bonnet|Lash Out|p1b: Dondozo\n|-damage|p1b: Dondozo|63\/100\n|move|p1b: Dondozo|Order Up|p2a: Brute Bonnet\n|-damage|p2a: Brute Bonnet|48\/100\n|-boost|p1b: Dondozo|atk|1\n|\n|-heal|p1b: Dondozo|69\/100|[from] item: Leftovers\n|upkeep\n|turn|9\n|-message|no1torterrafan forfeited.\n|\n|win|stbai\n|raw|stbai's rating: 1517 &rarr; <strong>1540<\/strong><br \/>(+23 for winning)\n|raw|no1torterrafan's rating: 1573 &rarr; <strong>1550<\/strong><br \/>(-23 for losing)\n|l|\u2606no1torterrafan\n|player|p2|\n|l|\u2606stbai\n|player|p1|\n","uploadtime":1737669325,"views":7,"formatid":"gen9vgc2025regg","rating":1540,"private":0,"password":null}