{"id":"gen9vgc2025regg-2286292803","format":"[Gen 9] VGC 2025 Reg G","players":["TonyPajamas16","chappell murkroan"],"log":"|j|\u2606TonyPajamas16\n|j|\u2606chappell murkroan\n|t:|1737587656\n|gametype|doubles\n|player|p1|TonyPajamas16|170|1733\n|player|p2|chappell murkroan|caitlin|1685\n|teamsize|p1|6\n|teamsize|p2|6\n|gen|9\n|tier|[Gen 9] VGC 2025 Reg G\n|rated|\n|rule|Species Clause: Limit one of each Pok\u00e9mon\n|rule|Item Clause: Limit 1 of each item\n|clearpoke\n|poke|p1|Groudon, L50|\n|poke|p1|Sableye, L50, F|\n|poke|p1|Rillaboom, L50, F|\n|poke|p1|Gouging Fire, L50|\n|poke|p1|Raging Bolt, L50|\n|poke|p1|Scream Tail, L50|\n|poke|p2|Terapagos, L50, M|\n|poke|p2|Flutter Mane, L50|\n|poke|p2|Chi-Yu, L50|\n|poke|p2|Ogerpon-Wellspring, L50, F|\n|poke|p2|Landorus, L50, M|\n|poke|p2|Iron Hands, L50|\n|teampreview|4\n|inactive|Battle timer is ON: inactive players will automatically lose when time's up. (requested by chappell murkroan)\n|\n|t:|1737587685\n|start\n|switch|p1a: Scream Tail|Scream Tail, L50, shiny|100\/100\n|switch|p1b: Sableye|Sableye, L50, F, shiny|100\/100\n|switch|p2a: Terapagos|Terapagos, L50, M|100\/100\n|switch|p2b: Flutter Mane|Flutter Mane, L50|100\/100\n|-activate|p2a: Terapagos|ability: Tera Shift\n|detailschange|p2a: Terapagos|Terapagos-Terastal, L50, M\n|-heal|p2a: Terapagos|100\/100|[silent]\n|-enditem|p2b: Flutter Mane|Booster Energy\n|-activate|p2b: Flutter Mane|ability: Protosynthesis|[fromitem]\n|-start|p2b: Flutter Mane|protosynthesisspe\n|-enditem|p1a: Scream Tail|Booster Energy\n|-activate|p1a: Scream Tail|ability: Protosynthesis|[fromitem]\n|-start|p1a: Scream Tail|protosynthesisspe\n|turn|1\n|inactive|TonyPajamas16 has 30 seconds left.\n|\n|t:|1737587713\n|move|p1b: Sableye|Gravity|p1b: Sableye\n|-fieldstart|move: Gravity\n|move|p2b: Flutter Mane|Thunder Wave|p1a: Scream Tail\n|-status|p1a: Scream Tail|par\n|move|p2a: Terapagos|Meteor Beam||[still]\n|-prepare|p2a: Terapagos|Meteor Beam\n|-boost|p2a: Terapagos|spa|1\n|-enditem|p2a: Terapagos|Power Herb\n|-anim|p2a: Terapagos|Meteor Beam|p1a: Scream Tail\n|-damage|p1a: Scream Tail|59\/100 par\n|move|p1a: Scream Tail|Sing|p2b: Flutter Mane\n|-status|p2b: Flutter Mane|slp|[from] move: Sing\n|\n|upkeep\n|turn|2\n|\n|t:|1737587736\n|-end|p1a: Scream Tail|Protosynthesis|[silent]\n|switch|p1a: Groudon|Groudon, L50|100\/100\n|-weather|SunnyDay|[from] ability: Drought|[of] p1a: Groudon\n|-terastallize|p2a: Terapagos|Stellar\n|detailschange|p2a: Terapagos|Terapagos-Stellar, L50, M, tera:Stellar\n|-heal|p2a: Terapagos|100\/100|[silent]\n|-ability|p2a: Terapagos|Teraform Zero\n|-weather|none\n|move|p1b: Sableye|Encore|p2a: Terapagos\n|-start|p2a: Terapagos|Encore\n|cant|p2b: Flutter Mane|slp\n|move|p2a: Terapagos|Meteor Beam||[still]\n|-prepare|p2a: Terapagos|Meteor Beam\n|-boost|p2a: Terapagos|spa|1\n|\n|upkeep\n|turn|3\n|\n|t:|1737587753\n|move|p1b: Sableye|Disable|p2a: Terapagos\n|-start|p2a: Terapagos|Disable|Meteor Beam\n|cant|p2b: Flutter Mane|slp\n|cant|p2a: Terapagos|Disable|Meteor Beam\n|move|p1a: Groudon|Precipice Blades|p2b: Flutter Mane|[spread] p2a,p2b\n|-damage|p2a: Terapagos|64\/100\n|-damage|p2b: Flutter Mane|23\/100 slp\n|\n|upkeep\n|turn|4\n|\n|t:|1737587771\n|switch|p2a: Landorus|Landorus, L50, M|100\/100\n|move|p1b: Sableye|Disable|p2b: Flutter Mane\n|-start|p2b: Flutter Mane|Disable|Thunder Wave\n|cant|p2b: Flutter Mane|slp\n|move|p1a: Groudon|Precipice Blades|p2b: Flutter Mane|[spread] p2a,p2b\n|-damage|p2a: Landorus|33\/100\n|-damage|p2b: Flutter Mane|0 fnt\n|faint|p2b: Flutter Mane\n|-end|p2b: Flutter Mane|Protosynthesis|[silent]\n|\n|upkeep\n|\n|t:|1737587782\n|switch|p2b: Terapagos|Terapagos-Stellar, L50, M, tera:Stellar|64\/100\n|turn|5\n|inactive|TonyPajamas16 has 30 seconds left.\n|inactive|TonyPajamas16 has 20 seconds left.\n|\n|t:|1737587817\n|switch|p1a: Scream Tail|Scream Tail, L50, shiny|59\/100 par\n|move|p1b: Sableye|Sunny Day|p1b: Sableye\n|-weather|SunnyDay\n|-activate|p1a: Scream Tail|ability: Protosynthesis\n|-start|p1a: Scream Tail|protosynthesisspe\n|move|p2a: Landorus|Earth Power|p1a: Scream Tail\n|-damage|p1a: Scream Tail|10\/100 par\n|move|p2b: Terapagos|Tera Starstorm|p1a: Scream Tail|[spread] p1a,p1b\n|-damage|p1a: Scream Tail|0 fnt\n|-damage|p1b: Sableye|39\/100\n|faint|p1a: Scream Tail\n|-end|p1a: Scream Tail|Protosynthesis|[silent]\n|-enditem|p1b: Sableye|Eject Button\n|\n|t:|1737587839\n|switch|p1b: Groudon|Groudon, L50|100\/100\n|\n|-weather|SunnyDay|[upkeep]\n|-fieldend|move: Gravity\n|upkeep\n|\n|t:|1737587843\n|switch|p1a: Sableye|Sableye, L50, F, shiny|39\/100\n|turn|6\n|\n|t:|1737587851\n|move|p1a: Sableye|Disable|p2b: Terapagos\n|-start|p2b: Terapagos|Disable|Tera Starstorm\n|move|p2a: Landorus|Sandsear Storm|p1a: Sableye|[spread] p1a,p1b\n|-damage|p1a: Sableye|0 fnt\n|-damage|p1b: Groudon|63\/100\n|faint|p1a: Sableye\n|cant|p2b: Terapagos|Disable|Tera Starstorm\n|move|p1b: Groudon|Fire Punch|p2a: Landorus\n|-damage|p2a: Landorus|0 fnt\n|faint|p2a: Landorus\n|\n|-weather|SunnyDay|[upkeep]\n|upkeep\n|\n|t:|1737587862\n|switch|p2a: Chi-Yu|Chi-Yu, L50|100\/100\n|switch|p1a: Gouging Fire|Gouging Fire, L50|100\/100\n|-activate|p1a: Gouging Fire|ability: Protosynthesis\n|-start|p1a: Gouging Fire|protosynthesisspe\n|-ability|p2a: Chi-Yu|Beads of Ruin\n|turn|7\n|\n|t:|1737587881\n|-terastallize|p1b: Groudon|Fire\n|move|p1a: Gouging Fire|Flare Blitz|p2b: Terapagos\n|-damage|p2b: Terapagos|6\/100\n|-damage|p1a: Gouging Fire|77\/100|[from] Recoil\n|move|p2a: Chi-Yu|Snarl|p1b: Groudon|[spread] p1a\n|-miss|p2a: Chi-Yu|p1b: Groudon\n|-damage|p1a: Gouging Fire|43\/100\n|move|p2b: Terapagos|Flamethrower|p1b: Groudon\n|-resisted|p1b: Groudon\n|-damage|p1b: Groudon|35\/100\n|move|p1b: Groudon|High Horsepower|p2a: Chi-Yu\n|-supereffective|p2a: Chi-Yu\n|-damage|p2a: Chi-Yu|0 fnt\n|faint|p2a: Chi-Yu\n|\n|-weather|SunnyDay|[upkeep]\n|upkeep\n|turn|8\n|-message|chappell murkroan forfeited.\n|\n|win|TonyPajamas16\n|raw|TonyPajamas16's rating: 1733 &rarr; <strong>1750<\/strong><br \/>(+17 for winning)\n|raw|chappell murkroan's rating: 1685 &rarr; <strong>1668<\/strong><br \/>(-17 for losing)\n|l|\u2606chappell murkroan\n|player|p2|\n|l|\u2606TonyPajamas16\n|player|p1|\n","uploadtime":1737588138,"views":19,"formatid":"gen9vgc2025regg","rating":1668,"private":0,"password":null}