{"id":"gen9vgc2025regg-2286104077","format":"[Gen 9] VGC 2025 Reg G","players":["koji muranishi","juacox300"],"log":"|j|\u2606koji muranishi\n|j|\u2606juacox300\n|t:|1737568328\n|gametype|doubles\n|player|p1|koji muranishi|101|1594\n|player|p2|juacox300|unknown|1634\n|teamsize|p1|6\n|teamsize|p2|6\n|gen|9\n|tier|[Gen 9] VGC 2025 Reg G\n|rated|\n|rule|Species Clause: Limit one of each Pok\u00e9mon\n|rule|Item Clause: Limit 1 of each item\n|clearpoke\n|poke|p1|Whimsicott, L50, F|\n|poke|p1|Calyrex-Ice, L50|\n|poke|p1|Urshifu-*, L50, F|\n|poke|p1|Entei, L50|\n|poke|p1|Raging Bolt, L50|\n|poke|p1|Archaludon, L50, M|\n|poke|p2|Iron Hands, L50|\n|poke|p2|Alcremie, L50, F|\n|poke|p2|Miraidon, L50|\n|poke|p2|Murkrow, L50, M|\n|poke|p2|Chi-Yu, L50|\n|poke|p2|Vikavolt, L50, F|\n|teampreview|4\n|inactive|Battle timer is ON: inactive players will automatically lose when time's up. (requested by koji muranishi)\n|inactive|koji muranishi has 60 seconds left.\n|inactive|juacox300 has 60 seconds left.\n|inactive|juacox300 has 30 seconds left.\n|\n|t:|1737568403\n|start\n|switch|p1a: Whimsicott|Whimsicott, L50, F|100\/100\n|switch|p1b: Urshifu|Urshifu-Rapid-Strike, L50, F|100\/100\n|switch|p2a: Vikavolt|Vikavolt, L50, F, shiny|100\/100\n|switch|p2b: Alcremie|Alcremie, L50, F|100\/100\n|turn|1\n|inactive|koji muranishi has 30 seconds left.\n|\n|t:|1737568437\n|-terastallize|p2a: Vikavolt|Water\n|move|p1b: Urshifu|Surging Strikes|p2a: Vikavolt\n|-resisted|p2a: Vikavolt\n|-crit|p2a: Vikavolt\n|-damage|p2a: Vikavolt|88\/100\n|-resisted|p2a: Vikavolt\n|-crit|p2a: Vikavolt\n|-damage|p2a: Vikavolt|78\/100\n|-resisted|p2a: Vikavolt\n|-crit|p2a: Vikavolt\n|-damage|p2a: Vikavolt|66\/100\n|-hitcount|p2a: Vikavolt|3\n|move|p1a: Whimsicott|Moonblast|p2a: Vikavolt\n|-damage|p2a: Vikavolt|18\/100\n|-unboost|p2a: Vikavolt|spa|1\n|move|p2b: Alcremie|Encore|p1a: Whimsicott\n|-start|p1a: Whimsicott|Encore\n|move|p2a: Vikavolt|Thunderbolt|p1b: Urshifu\n|-supereffective|p1b: Urshifu\n|-damage|p1b: Urshifu|0 fnt\n|faint|p1b: Urshifu\n|\n|upkeep\n|\n|t:|1737568457\n|switch|p1b: Calyrex|Calyrex-Ice, L50|100\/100\n|-ability|p1b: Calyrex|As One\n|-ability|p1b: Calyrex|Unnerve\n|turn|2\n|\n|t:|1737568464\n|switch|p1a: Entei|Entei, L50|100\/100\n|move|p1b: Calyrex|Glacial Lance|p2a: Vikavolt|[spread] p2a,p2b\n|-resisted|p2a: Vikavolt\n|-damage|p2a: Vikavolt|0 fnt\n|-damage|p2b: Alcremie|8\/100\n|faint|p2a: Vikavolt\n|-ability|p1b: Calyrex|Chilling Neigh|boost\n|-boost|p1b: Calyrex|atk|1\n|move|p2b: Alcremie|Alluring Voice|p1b: Calyrex\n|-damage|p1b: Calyrex|77\/100\n|-start|p1b: Calyrex|confusion\n|\n|upkeep\n|\n|t:|1737568471\n|switch|p2a: Miraidon|Miraidon, L50|100\/100\n|-fieldstart|move: Electric Terrain|[from] ability: Hadron Engine|[of] p2a: Miraidon\n|turn|3\n|\n|t:|1737568493\n|switch|p1b: Whimsicott|Whimsicott, L50, F|100\/100\n|move|p1a: Entei|Extreme Speed|p2b: Alcremie\n|-damage|p2b: Alcremie|0 fnt\n|faint|p2b: Alcremie\n|-damage|p1a: Entei|91\/100|[from] item: Life Orb\n|move|p2a: Miraidon|Electro Drift|p1a: Entei\n|-damage|p1a: Entei|0 fnt\n|faint|p1a: Entei\n|-damage|p2a: Miraidon|91\/100|[from] item: Life Orb\n|\n|upkeep\n|\n|t:|1737568507\n|switch|p1a: Calyrex|Calyrex-Ice, L50|77\/100\n|switch|p2b: Iron Hands|Iron Hands, L50|100\/100\n|-ability|p1a: Calyrex|As One\n|-ability|p1a: Calyrex|Unnerve\n|-activate|p2b: Iron Hands|ability: Quark Drive\n|-start|p2b: Iron Hands|quarkdriveatk\n|turn|4\n|\n|t:|1737568519\n|-terastallize|p1a: Calyrex|Ice\n|move|p2b: Iron Hands|Fake Out|p1b: Whimsicott\n|-damage|p1b: Whimsicott|71\/100\n|cant|p1b: Whimsicott|flinch\n|move|p2a: Miraidon|Electro Drift|p1b: Whimsicott\n|-resisted|p1b: Whimsicott\n|-damage|p1b: Whimsicott|0 fnt\n|faint|p1b: Whimsicott\n|-damage|p2a: Miraidon|81\/100|[from] item: Life Orb\n|move|p1a: Calyrex|Glacial Lance|p2a: Miraidon|[spread] p2a,p2b\n|-supereffective|p2a: Miraidon\n|-damage|p2a: Miraidon|0 fnt\n|-damage|p2b: Iron Hands|27\/100\n|faint|p2a: Miraidon\n|-ability|p1a: Calyrex|Chilling Neigh|boost\n|-boost|p1a: Calyrex|atk|1\n|\n|upkeep\n|turn|5\n|\n|t:|1737568539\n|move|p1a: Calyrex|Glacial Lance|p2b: Iron Hands\n|-damage|p2b: Iron Hands|0 fnt\n|faint|p2b: Iron Hands\n|-end|p2b: Iron Hands|Quark Drive|[silent]\n|\n|win|koji muranishi\n|raw|koji muranishi's rating: 1594 &rarr; <strong>1616<\/strong><br \/>(+22 for winning)\n|raw|juacox300's rating: 1634 &rarr; <strong>1612<\/strong><br \/>(-22 for losing)\n|l|\u2606juacox300\n|player|p2|\n|l|\u2606koji muranishi\n|player|p1|\n","uploadtime":1737568541,"views":60,"formatid":"gen9vgc2025regg","rating":1612,"private":0,"password":null}