{"id":"gen9vgc2025regg-2286859722","format":"[Gen 9] VGC 2025 Reg G","players":["PierreDaSlick","Mildly Displeased"],"log":"|j|\u2606PierreDaSlick\n|j|\u2606Mildly Displeased\n|t:|1737662072\n|gametype|doubles\n|player|p1|PierreDaSlick|gentleman-gen4|1570\n|player|p2|Mildly Displeased|lillie|1598\n|teamsize|p1|6\n|teamsize|p2|6\n|gen|9\n|tier|[Gen 9] VGC 2025 Reg G\n|rated|\n|rule|Species Clause: Limit one of each Pok\u00e9mon\n|rule|Item Clause: Limit 1 of each item\n|clearpoke\n|poke|p1|Kyogre, L50|\n|poke|p1|Murkrow, L50, M|\n|poke|p1|Entei, L50|\n|poke|p1|Dragonite, L50, F|\n|poke|p1|Hitmontop, L50, M|\n|poke|p1|Raikou, L50|\n|poke|p2|Primarina, L50, M|\n|poke|p2|Talonflame, L50, F|\n|poke|p2|Zamazenta-*, L50|\n|poke|p2|Rillaboom, L50, F|\n|poke|p2|Iron Treads, L50|\n|poke|p2|Entei, L50|\n|teampreview|4\n|inactive|Battle timer is ON: inactive players will automatically lose when time's up. (requested by PierreDaSlick)\n|j| ido1234567890\n|l| ido1234567890\n|inactive|PierreDaSlick has 60 seconds left.\n|inactive|Mildly Displeased has 60 seconds left.\n|\n|t:|1737662118\n|start\n|switch|p1a: Murkrow|Murkrow, L50, M|100\/100\n|switch|p1b: Entei|Entei, L50|100\/100\n|switch|p2a: Tankie|Iron Treads, L50|100\/100\n|switch|p2b: Pippin|Zamazenta-Crowned, L50|100\/100\n|-ability|p2b: Pippin|Dauntless Shield|boost\n|-boost|p2b: Pippin|def|1\n|-enditem|p2a: Tankie|Booster Energy\n|-activate|p2a: Tankie|ability: Quark Drive|[fromitem]\n|-start|p2a: Tankie|quarkdrivespe\n|turn|1\n|\n|t:|1737662135\n|-terastallize|p2b: Pippin|Ghost\n|move|p1b: Entei|Protect|p1b: Entei\n|-singleturn|p1b: Entei|Protect\n|move|p1a: Murkrow|Thunder Wave|p2b: Pippin|[miss]\n|-miss|p1a: Murkrow|p2b: Pippin\n|move|p2a: Tankie|High Horsepower|p1b: Entei\n|-activate|p1b: Entei|move: Protect\n|move|p2b: Pippin|Iron Defense|p2b: Pippin\n|-boost|p2b: Pippin|def|2\n|\n|upkeep\n|turn|2\n|inactive|PierreDaSlick has 30 seconds left.\n|inactive|Mildly Displeased has 30 seconds left.\n|\n|t:|1737662161\n|move|p1a: Murkrow|Tailwind|p1a: Murkrow\n|-sidestart|p1: PierreDaSlick|move: Tailwind\n|move|p1b: Entei|Sacred Fire|p2a: Tankie\n|-supereffective|p2a: Tankie\n|-damage|p2a: Tankie|0 fnt\n|faint|p2a: Tankie\n|-end|p2a: Tankie|Quark Drive|[silent]\n|-damage|p1b: Entei|91\/100|[from] item: Life Orb\n|move|p2b: Pippin|Body Press|p1b: Entei\n|-damage|p1b: Entei|0 fnt\n|faint|p1b: Entei\n|\n|upkeep\n|\n|t:|1737662168\n|switch|p2a: Phoenix|Talonflame, L50, F, shiny|100\/100\n|switch|p1b: Kyogre|Kyogre, L50|100\/100\n|-weather|RainDance|[from] ability: Drizzle|[of] p1b: Kyogre\n|turn|3\n|\n|t:|1737662180\n|move|p2b: Pippin|Wide Guard|p2b: Pippin\n|-singleturn|p2b: Pippin|Wide Guard\n|move|p1a: Murkrow|Thunder Wave|p2b: Pippin\n|-status|p2b: Pippin|par\n|move|p2a: Phoenix|Tailwind|p2a: Phoenix\n|-sidestart|p2: Mildly Displeased|move: Tailwind\n|move|p1b: Kyogre|Origin Pulse|p2a: Phoenix|[spread] \n|-activate|p2a: Phoenix|move: Wide Guard\n|-activate|p2b: Pippin|move: Wide Guard\n|\n|-weather|RainDance|[upkeep]\n|upkeep\n|turn|4\n|\n|t:|1737662198\n|move|p2b: Pippin|Wide Guard|p2b: Pippin\n|-singleturn|p2b: Pippin|Wide Guard\n|move|p1a: Murkrow|Thunder Wave|p2a: Phoenix\n|-status|p2a: Phoenix|par\n|move|p1b: Kyogre|Origin Pulse|p2b: Pippin|[spread] \n|-activate|p2a: Phoenix|move: Wide Guard\n|-activate|p2b: Pippin|move: Wide Guard\n|move|p2a: Phoenix|Taunt|p1a: Murkrow\n|-start|p1a: Murkrow|move: Taunt\n|\n|-weather|RainDance|[upkeep]\n|upkeep\n|turn|5\n|\n|t:|1737662212\n|move|p2b: Pippin|Wide Guard|p2b: Pippin\n|-singleturn|p2b: Pippin|Wide Guard\n|move|p2a: Phoenix|Brave Bird|p1b: Kyogre\n|-damage|p1b: Kyogre|44\/100\n|-damage|p2a: Phoenix|79\/100 par|[from] Recoil\n|move|p1b: Kyogre|Water Spout|p2b: Pippin|[spread] \n|-activate|p2a: Phoenix|move: Wide Guard\n|-activate|p2b: Pippin|move: Wide Guard\n|move|p1a: Murkrow|Air Slash|p2a: Phoenix\n|-damage|p2a: Phoenix|44\/100 par\n|\n|-weather|RainDance|[upkeep]\n|-sideend|p1: PierreDaSlick|move: Tailwind\n|upkeep\n|turn|6\n|\n|t:|1737662224\n|switch|p1b: Raikou|Raikou, L50|100\/100\n|cant|p2a: Phoenix|par\n|move|p2b: Pippin|Body Press|p1b: Raikou\n|-enditem|p1b: Raikou|Focus Sash\n|-damage|p1b: Raikou|1\/100\n|move|p1a: Murkrow|Air Slash|p2a: Phoenix\n|-damage|p2a: Phoenix|5\/100 par\n|\n|-weather|RainDance|[upkeep]\n|-sideend|p2: Mildly Displeased|move: Tailwind\n|upkeep\n|turn|7\n|\n|t:|1737662237\n|move|p1b: Raikou|Electroweb|p2a: Phoenix|[spread] p2a,p2b\n|-supereffective|p2a: Phoenix\n|-damage|p2a: Phoenix|0 fnt\n|-damage|p2b: Pippin|87\/100 par\n|-unboost|p2b: Pippin|spe|1\n|faint|p2a: Phoenix\n|move|p1a: Murkrow|Air Slash|p2b: Pippin\n|-damage|p2b: Pippin|70\/100 par\n|move|p2b: Pippin|Body Press|p1b: Raikou\n|-crit|p1b: Raikou\n|-damage|p1b: Raikou|0 fnt\n|faint|p1b: Raikou\n|\n|-weather|none\n|-end|p1a: Murkrow|move: Taunt\n|upkeep\n|\n|t:|1737662246\n|switch|p2a: Best mon|Primarina, L50, M, shiny|100\/100\n|switch|p1b: Kyogre|Kyogre, L50|44\/100\n|-weather|RainDance|[from] ability: Drizzle|[of] p1b: Kyogre\n|turn|8\n|\n|t:|1737662263\n|move|p1b: Kyogre|Ice Beam|p2b: Pippin\n|-damage|p2b: Pippin|44\/100 par\n|move|p1a: Murkrow|Air Slash|p2b: Pippin\n|-damage|p2b: Pippin|27\/100 par\n|move|p2a: Best mon|Moonblast|p1b: Kyogre\n|-damage|p1b: Kyogre|2\/100\n|move|p2b: Pippin|Body Press|p1b: Kyogre\n|-damage|p1b: Kyogre|0 fnt\n|faint|p1b: Kyogre\n|\n|-weather|RainDance|[upkeep]\n|upkeep\n|turn|9\n|-message|PierreDaSlick forfeited.\n|\n|win|Mildly Displeased\n|raw|PierreDaSlick's rating: 1570 &rarr; <strong>1552<\/strong><br \/>(-18 for losing)\n|raw|Mildly Displeased's rating: 1598 &rarr; <strong>1616<\/strong><br \/>(+18 for winning)\n|l|\u2606PierreDaSlick\n|player|p1|\n|l|\u2606Mildly Displeased\n|player|p2|\n","uploadtime":1737662535,"views":15,"formatid":"gen9vgc2025regg","rating":1552,"private":0,"password":null}