{"id":"gen9vgc2025regg-2286587112","format":"[Gen 9] VGC 2025 Reg G","players":["Fish112233","pig duck eater"],"log":"|j|\u2606Fish112233\n|j|\u2606pig duck eater\n|t:|1737632542\n|gametype|doubles\n|player|p1|Fish112233|1|1548\n|player|p2|pig duck eater|266|1573\n|teamsize|p1|6\n|teamsize|p2|6\n|gen|9\n|tier|[Gen 9] VGC 2025 Reg G\n|rated|\n|rule|Species Clause: Limit one of each Pok\u00e9mon\n|rule|Item Clause: Limit 1 of each item\n|clearpoke\n|poke|p1|Iron Valiant, L50|\n|poke|p1|Incineroar, L50, F|\n|poke|p1|Tornadus, L50, M|\n|poke|p1|Urshifu-*, L50, F|\n|poke|p1|Calyrex-Ice, L50|\n|poke|p1|Chandelure, L50, M|\n|poke|p2|Wyrdeer, L50, F|\n|poke|p2|Weezing-Galar, L50, F|\n|poke|p2|Kommo-o, L50, M|\n|poke|p2|Kyogre, L50|\n|poke|p2|Indeedee-F, L50, F|\n|poke|p2|Garganacl, L50, M|\n|teampreview|4\n|inactive|Battle timer is ON: inactive players will automatically lose when time's up. (requested by Fish112233)\n|inactive|Fish112233 has 60 seconds left.\n|inactive|pig duck eater has 60 seconds left.\n|inactive|pig duck eater has 30 seconds left.\n|inactive|pig duck eater has 20 seconds left.\n|inactive|pig duck eater has 15 seconds left.\n|inactive|pig duck eater has 10 seconds left.\n|\n|t:|1737632625\n|start\n|switch|p1a: Iron Valiant|Iron Valiant, L50|100\/100\n|switch|p1b: Calyrex|Calyrex-Ice, L50|100\/100\n|switch|p2a: Kyogre|Kyogre, L50|100\/100\n|switch|p2b: Indeedee|Indeedee-F, L50, F|100\/100\n|-ability|p1b: Calyrex|As One\n|-ability|p1b: Calyrex|Unnerve\n|-weather|RainDance|[from] ability: Drizzle|[of] p2a: Kyogre\n|-fieldstart|move: Psychic Terrain|[from] ability: Psychic Surge|[of] p2b: Indeedee\n|-enditem|p1a: Iron Valiant|Booster Energy\n|-activate|p1a: Iron Valiant|ability: Quark Drive|[fromitem]\n|-start|p1a: Iron Valiant|quarkdrivespe\n|turn|1\n|\n|t:|1737632647\n|switch|p2b: Garganacl|Garganacl, L50, M|100\/100\n|move|p1a: Iron Valiant|Protect|p1a: Iron Valiant\n|-singleturn|p1a: Iron Valiant|Protect\n|move|p1b: Calyrex|Protect|p1b: Calyrex\n|-singleturn|p1b: Calyrex|Protect\n|move|p2a: Kyogre|Hydro Pump|p1a: Iron Valiant\n|-activate|p1a: Iron Valiant|move: Protect\n|\n|-weather|RainDance|[upkeep]\n|upkeep\n|turn|2\n|j| Kal0stest\n|inactive|Fish112233 has 30 seconds left.\n|\n|t:|1737632674\n|-terastallize|p1b: Calyrex|Grass\n|move|p1a: Iron Valiant|Disable|p2a: Kyogre\n|-start|p2a: Kyogre|Disable|Hydro Pump\n|cant|p2a: Kyogre|Disable|Hydro Pump\n|move|p2b: Garganacl|Salt Cure|p1b: Calyrex\n|-damage|p1b: Calyrex|90\/100\n|-start|p1b: Calyrex|Salt Cure\n|move|p1b: Calyrex|Trick Room|p1b: Calyrex\n|-fieldstart|move: Trick Room|[of] p1b: Calyrex\n|\n|-weather|RainDance|[upkeep]\n|-damage|p1b: Calyrex|78\/100|[from] Salt Cure\n|upkeep\n|turn|3\n|\n|t:|1737632696\n|switch|p2a: Wyrdeer|Wyrdeer, L50, F|100\/100\n|-ability|p2a: Wyrdeer|Intimidate|boost\n|-unboost|p1a: Iron Valiant|atk|1\n|-fail|p1b: Calyrex|unboost|[from] item: Clear Amulet|[of] p1b: Calyrex\n|-enditem|p2a: Wyrdeer|Psychic Seed\n|-boost|p2a: Wyrdeer|spd|1|[from] item: Psychic Seed\n|move|p2b: Garganacl|Salt Cure|p1a: Iron Valiant\n|-resisted|p1a: Iron Valiant\n|-damage|p1a: Iron Valiant|94\/100\n|-start|p1a: Iron Valiant|Salt Cure\n|move|p1b: Calyrex|Glacial Lance|p2b: Garganacl|[spread] p2a,p2b\n|-damage|p2a: Wyrdeer|54\/100\n|-damage|p2b: Garganacl|70\/100\n|move|p1a: Iron Valiant|Coaching|p1b: Calyrex\n|-boost|p1b: Calyrex|atk|1\n|-boost|p1b: Calyrex|def|1\n|\n|-weather|RainDance|[upkeep]\n|-heal|p2b: Garganacl|76\/100|[from] item: Leftovers\n|-damage|p1b: Calyrex|65\/100|[from] Salt Cure\n|-damage|p1a: Iron Valiant|82\/100|[from] Salt Cure\n|upkeep\n|turn|4\n|\n|t:|1737632719\n|move|p2b: Garganacl|Wide Guard|p2b: Garganacl\n|-singleturn|p2b: Garganacl|Wide Guard\n|move|p2a: Wyrdeer|Gravity|p2a: Wyrdeer\n|-fieldstart|move: Gravity\n|move|p1b: Calyrex|Glacial Lance|p2a: Wyrdeer|[spread] \n|-activate|p2a: Wyrdeer|move: Wide Guard\n|-activate|p2b: Garganacl|move: Wide Guard\n|move|p1a: Iron Valiant|Coaching|p1b: Calyrex\n|-boost|p1b: Calyrex|atk|1\n|-boost|p1b: Calyrex|def|1\n|\n|-weather|RainDance|[upkeep]\n|-heal|p2b: Garganacl|82\/100|[from] item: Leftovers\n|-damage|p1b: Calyrex|53\/100|[from] Salt Cure\n|-damage|p1a: Iron Valiant|70\/100|[from] Salt Cure\n|upkeep\n|turn|5\n|\n|t:|1737632737\n|-terastallize|p2a: Wyrdeer|Grass\n|move|p1a: Iron Valiant|Protect|p1a: Iron Valiant\n|-singleturn|p1a: Iron Valiant|Protect\n|move|p2b: Garganacl|Wide Guard|p2b: Garganacl\n|-singleturn|p2b: Garganacl|Wide Guard\n|move|p2a: Wyrdeer|Hypnosis|p1b: Calyrex\n|-status|p1b: Calyrex|slp|[from] move: Hypnosis\n|cant|p1b: Calyrex|slp\n|\n|-weather|none\n|-heal|p2b: Garganacl|87\/100|[from] item: Leftovers\n|-damage|p1b: Calyrex|40\/100 slp|[from] Salt Cure\n|-damage|p1a: Iron Valiant|57\/100|[from] Salt Cure\n|-fieldend|move: Psychic Terrain\n|upkeep\n|turn|6\n|-message|Fish112233 forfeited.\n|\n|win|pig duck eater\n|raw|Fish112233's rating: 1548 &rarr; <strong>1529<\/strong><br \/>(-19 for losing)\n|raw|pig duck eater's rating: 1573 &rarr; <strong>1592<\/strong><br \/>(+19 for winning)\n|l|\u2606Fish112233\n|player|p1|\n|l|\u2606pig duck eater\n|player|p2|\n|l| Kal0stest\n","uploadtime":1737632897,"views":6,"formatid":"gen9vgc2025regg","rating":1529,"private":0,"password":null}