{"id":"gen9vgc2025regg-2286638492","format":"[Gen 9] VGC 2025 Reg G","players":["Doc_MrMega","buriburiunko"],"log":"|j|\u2606Doc_MrMega\n|j|\u2606buriburiunko\n|t:|1737639852\n|gametype|doubles\n|player|p1|Doc_MrMega|lucas|1680\n|player|p2|buriburiunko|101|1709\n|teamsize|p1|6\n|teamsize|p2|4\n|gen|9\n|tier|[Gen 9] VGC 2025 Reg G\n|rated|\n|rule|Species Clause: Limit one of each Pok\u00e9mon\n|rule|Item Clause: Limit 1 of each item\n|clearpoke\n|poke|p1|Kyogre, L50|\n|poke|p1|Tornadus, L50, M|\n|poke|p1|Urshifu-*, L50, F|\n|poke|p1|Basculegion, L50, M|\n|poke|p1|Tsareena, L50, F|\n|poke|p1|Landorus, L50, M|\n|poke|p2|Calyrex-Shadow, L50|\n|poke|p2|Tornadus, L50, M|\n|poke|p2|Urshifu-*, L50, F|\n|poke|p2|Indeedee-F, L50, F|\n|teampreview|4\n|inactive|Battle timer is ON: inactive players will automatically lose when time's up. (requested by buriburiunko)\n|j| sushi rider\n|\n|t:|1737639872\n|start\n|switch|p1a: Tornadus|Tornadus, L50, M|100\/100\n|switch|p1b: Urshifu|Urshifu-Rapid-Strike, L50, F|100\/100\n|switch|p2a: Calyrex|Calyrex-Shadow, L50|100\/100\n|switch|p2b: Indeedee|Indeedee-F, L50, F|100\/100\n|-ability|p2a: Calyrex|As One\n|-ability|p2a: Calyrex|Unnerve\n|-fieldstart|move: Psychic Terrain|[from] ability: Psychic Surge|[of] p2b: Indeedee\n|turn|1\n|\n|t:|1737639885\n|move|p2b: Indeedee|Follow Me|p2b: Indeedee\n|-singleturn|p2b: Indeedee|move: Follow Me\n|move|p1a: Tornadus|Tailwind|p1a: Tornadus\n|-sidestart|p1: Doc_MrMega|move: Tailwind\n|move|p1b: Urshifu|Surging Strikes|p2b: Indeedee\n|-crit|p2b: Indeedee\n|-damage|p2b: Indeedee|68\/100\n|-crit|p2b: Indeedee\n|-damage|p2b: Indeedee|41\/100\n|-crit|p2b: Indeedee\n|-damage|p2b: Indeedee|12\/100\n|-hitcount|p2b: Indeedee|3\n|-enditem|p2b: Indeedee|Eject Button\n|\n|t:|1737639899\n|switch|p2b: Tornadus|Tornadus, L50, M|100\/100\n|move|p2a: Calyrex|Nasty Plot|p2a: Calyrex\n|-boost|p2a: Calyrex|spa|2\n|\n|upkeep\n|turn|2\n|\n|t:|1737639920\n|-terastallize|p2b: Tornadus|Ground\n|move|p2b: Tornadus|Tailwind|p2b: Tornadus\n|-sidestart|p2: buriburiunko|move: Tailwind\n|move|p2a: Calyrex|Astral Barrage|p1b: Urshifu|[spread] p1a,p1b\n|-damage|p1a: Tornadus|0 fnt\n|-damage|p1b: Urshifu|0 fnt\n|faint|p1a: Tornadus\n|faint|p1b: Urshifu\n|-ability|p2a: Calyrex|Grim Neigh|boost\n|-boost|p2a: Calyrex|spa|2\n|\n|upkeep\n|\n|t:|1737639928\n|switch|p1a: Kyogre|Kyogre, L50|100\/100\n|switch|p1b: Basculegion|Basculegion, L50, M|100\/100\n|-weather|RainDance|[from] ability: Drizzle|[of] p1a: Kyogre\n|turn|3\n|\n|t:|1737639939\n|move|p2a: Calyrex|Protect|p2a: Calyrex\n|-singleturn|p2a: Calyrex|Protect\n|move|p1b: Basculegion|Wave Crash|p2a: Calyrex\n|-activate|p2a: Calyrex|move: Protect\n|move|p2b: Tornadus|Bleakwind Storm|p1a: Kyogre|[spread] p1a,p1b\n|-damage|p1a: Kyogre|84\/100\n|-damage|p1b: Basculegion|67\/100\n|-unboost|p1b: Basculegion|spe|1\n|move|p1a: Kyogre|Water Spout|p2a: Calyrex|[spread] p2b\n|-activate|p2a: Calyrex|move: Protect\n|-supereffective|p2b: Tornadus\n|-damage|p2b: Tornadus|0 fnt\n|faint|p2b: Tornadus\n|\n|-weather|RainDance|[upkeep]\n|upkeep\n|\n|t:|1737639954\n|switch|p2b: Indeedee|Indeedee-F, L50, F|12\/100\n|turn|4\n|\n|t:|1737639966\n|move|p1b: Basculegion|Protect|p1b: Basculegion\n|-singleturn|p1b: Basculegion|Protect\n|move|p2b: Indeedee|Follow Me|p2b: Indeedee\n|-singleturn|p2b: Indeedee|move: Follow Me\n|move|p2a: Calyrex|Expanding Force|p1b: Basculegion|[spread] p1a\n|-activate|p1b: Basculegion|move: Protect\n|-damage|p1a: Kyogre|0 fnt\n|faint|p1a: Kyogre\n|-ability|p2a: Calyrex|Grim Neigh|boost\n|-boost|p2a: Calyrex|spa|1\n|\n|-weather|RainDance|[upkeep]\n|-sideend|p1: Doc_MrMega|move: Tailwind\n|upkeep\n|turn|5\n|inactive|Doc_MrMega has 30 seconds left.\n|inactive|Doc_MrMega has 20 seconds left.\n|\n|t:|1737640004\n|move|p1b: Basculegion|Protect||[still]\n|-fail|p1b: Basculegion\n|move|p2b: Indeedee|Follow Me|p2b: Indeedee\n|-singleturn|p2b: Indeedee|move: Follow Me\n|move|p2a: Calyrex|Expanding Force|p1b: Basculegion\n|-damage|p1b: Basculegion|0 fnt\n|faint|p1b: Basculegion\n|\n|win|buriburiunko\n|raw|Doc_MrMega's rating: 1680 &rarr; <strong>1662<\/strong><br \/>(-18 for losing)\n|raw|buriburiunko's rating: 1709 &rarr; <strong>1727<\/strong><br \/>(+18 for winning)\n|l|\u2606buriburiunko\n|player|p2|\n|l|\u2606Doc_MrMega\n|player|p1|\n","uploadtime":1737640235,"views":29,"formatid":"gen9vgc2025regg","rating":1662,"private":0,"password":null}