{"id":"gen9vgc2025regg-2286463327","format":"[Gen 9] VGC 2025 Reg G","players":["zhualn0804","badpiplupvgc"],"log":"|j|\u2606zhualn0804\n|j|\u2606badpiplupvgc\n|t:|1737610333\n|gametype|doubles\n|player|p1|zhualn0804|rosa|1517\n|player|p2|badpiplupvgc|266|1736\n|teamsize|p1|6\n|teamsize|p2|6\n|gen|9\n|tier|[Gen 9] VGC 2025 Reg G\n|rated|\n|rule|Species Clause: Limit one of each Pok\u00e9mon\n|rule|Item Clause: Limit 1 of each item\n|clearpoke\n|poke|p1|Calyrex-Ice, L50|\n|poke|p1|Urshifu-*, L50, F|\n|poke|p1|Raging Bolt, L50|\n|poke|p1|Amoonguss, L50, F|\n|poke|p1|Incineroar, L50, F|\n|poke|p1|Gholdengo, L50|\n|poke|p2|Calyrex-Ice, L50|\n|poke|p2|Amoonguss, L50, M|\n|poke|p2|Raging Bolt, L50|\n|poke|p2|Chi-Yu, L50|\n|poke|p2|Rillaboom, L50, F|\n|poke|p2|Urshifu-*, L50, F|\n|teampreview|4\n|\n|t:|1737610398\n|start\n|switch|p1a: Calyrex|Calyrex-Ice, L50|100\/100\n|switch|p1b: Incineroar|Incineroar, L50, F, shiny|100\/100\n|switch|p2a: Calyrex|Calyrex-Ice, L50|100\/100\n|switch|p2b: Urshifu|Urshifu, L50, F|100\/100\n|-ability|p1a: Calyrex|As One\n|-ability|p1a: Calyrex|Unnerve\n|-ability|p2a: Calyrex|As One\n|-ability|p2a: Calyrex|Unnerve\n|-ability|p1b: Incineroar|Intimidate|boost\n|-fail|p2a: Calyrex|unboost|[from] item: Clear Amulet|[of] p2a: Calyrex\n|-unboost|p2b: Urshifu|atk|1\n|turn|1\n|\n|t:|1737610431\n|move|p2b: Urshifu|Detect|p2b: Urshifu\n|-singleturn|p2b: Urshifu|Protect\n|move|p1b: Incineroar|Fake Out|p2b: Urshifu\n|-activate|p2b: Urshifu|move: Protect\n|move|p1a: Calyrex|Glacial Lance|p2a: Calyrex|[spread] p2a\n|-activate|p2b: Urshifu|move: Protect\n|-resisted|p2a: Calyrex\n|-crit|p2a: Calyrex\n|-damage|p2a: Calyrex|76\/100\n|move|p2a: Calyrex|Glacial Lance|p1a: Calyrex|[spread] p1a,p1b\n|-resisted|p1a: Calyrex\n|-resisted|p1b: Incineroar\n|-damage|p1a: Calyrex|84\/100\n|-damage|p1b: Incineroar|74\/100\n|\n|upkeep\n|turn|2\n|\n|t:|1737610451\n|switch|p1b: Amoonguss|Amoonguss, L50, F, shiny|100\/100\n|-terastallize|p1a: Calyrex|Water\n|move|p2b: Urshifu|Close Combat|p1b: Amoonguss\n|-resisted|p1b: Amoonguss\n|-damage|p1b: Amoonguss|85\/100\n|-unboost|p2b: Urshifu|def|1\n|-unboost|p2b: Urshifu|spd|1\n|-damage|p2b: Urshifu|84\/100|[from] item: Rocky Helmet|[of] p1b: Amoonguss\n|move|p1a: Calyrex|Glacial Lance|p2a: Calyrex|[spread] p2a,p2b\n|-resisted|p2a: Calyrex\n|-crit|p2b: Urshifu\n|-damage|p2a: Calyrex|60\/100\n|-damage|p2b: Urshifu|0 fnt\n|faint|p2b: Urshifu\n|-ability|p1a: Calyrex|Chilling Neigh|boost\n|-boost|p1a: Calyrex|atk|1\n|move|p2a: Calyrex|High Horsepower|p1a: Calyrex\n|-damage|p1a: Calyrex|58\/100\n|\n|upkeep\n|\n|t:|1737610479\n|switch|p2b: Raging Bolt|Raging Bolt, L50|100\/100\n|-enditem|p2b: Raging Bolt|Booster Energy\n|-activate|p2b: Raging Bolt|ability: Protosynthesis|[fromitem]\n|-start|p2b: Raging Bolt|protosynthesisspa\n|turn|3\n|\n|t:|1737610498\n|switch|p1b: Incineroar|Incineroar, L50, F, shiny|74\/100\n|-ability|p1b: Incineroar|Intimidate|boost\n|-fail|p2a: Calyrex|unboost|[from] item: Clear Amulet|[of] p2a: Calyrex\n|-unboost|p2b: Raging Bolt|atk|1\n|-terastallize|p2b: Raging Bolt|Electric\n|move|p1a: Calyrex|Protect|p1a: Calyrex\n|-singleturn|p1a: Calyrex|Protect\n|move|p2b: Raging Bolt|Thunderbolt|p1a: Calyrex\n|-activate|p1a: Calyrex|move: Protect\n|move|p2a: Calyrex|Glacial Lance|p1b: Incineroar|[spread] p1b\n|-activate|p1a: Calyrex|move: Protect\n|-resisted|p1b: Incineroar\n|-damage|p1b: Incineroar|50\/100\n|\n|upkeep\n|turn|4\n|\n|t:|1737610559\n|move|p2b: Raging Bolt|Protect|p2b: Raging Bolt\n|-singleturn|p2b: Raging Bolt|Protect\n|move|p1b: Incineroar|Fake Out|p2b: Raging Bolt\n|-activate|p2b: Raging Bolt|move: Protect\n|move|p1a: Calyrex|Glacial Lance|p2b: Raging Bolt|[spread] p2a\n|-activate|p2b: Raging Bolt|move: Protect\n|-resisted|p2a: Calyrex\n|-damage|p2a: Calyrex|33\/100\n|move|p2a: Calyrex|Trick Room|p2a: Calyrex\n|-fieldstart|move: Trick Room|[of] p2a: Calyrex\n|\n|upkeep\n|turn|5\n|\n|t:|1737610590\n|move|p1a: Calyrex|Protect|p1a: Calyrex\n|-singleturn|p1a: Calyrex|Protect\n|move|p2b: Raging Bolt|Thunderclap||[still]\n|-fail|p2b: Raging Bolt\n|move|p1b: Incineroar|Knock Off|p2a: Calyrex\n|-supereffective|p2a: Calyrex\n|-crit|p2a: Calyrex\n|-damage|p2a: Calyrex|0 fnt\n|-enditem|p2a: Calyrex|Clear Amulet|[from] move: Knock Off|[of] p1b: Incineroar\n|-enditem|p1b: Incineroar|Sitrus Berry|[eat]\n|-heal|p1b: Incineroar|75\/100|[from] item: Sitrus Berry\n|faint|p2a: Calyrex\n|\n|upkeep\n|\n|t:|1737610600\n|switch|p2a: Chi-Yu|Chi-Yu, L50|100\/100\n|-ability|p2a: Chi-Yu|Beads of Ruin\n|turn|6\n|\n|t:|1737610636\n|switch|p1a: Raging Bolt|Raging Bolt, L50|100\/100\n|move|p1b: Incineroar|Parting Shot|p2b: Raging Bolt\n|-unboost|p2b: Raging Bolt|atk|1\n|-unboost|p2b: Raging Bolt|spa|1\n|\n|t:|1737610648\n|switch|p1b: Calyrex|Calyrex-Ice, L50, tera:Water|58\/100|[from] Parting Shot\n|-ability|p1b: Calyrex|As One\n|-ability|p1b: Calyrex|Unnerve\n|move|p2b: Raging Bolt|Thunderbolt|p1b: Calyrex\n|-supereffective|p1b: Calyrex\n|-damage|p1b: Calyrex|0 fnt\n|faint|p1b: Calyrex\n|move|p2a: Chi-Yu|Heat Wave|p1a: Raging Bolt\n|-resisted|p1a: Raging Bolt\n|-damage|p1a: Raging Bolt|80\/100\n|\n|upkeep\n|\n|t:|1737610660\n|switch|p1b: Amoonguss|Amoonguss, L50, F, shiny|100\/100\n|turn|7\n|-message|badpiplupvgc forfeited.\n|\n|win|zhualn0804\n|raw|zhualn0804's rating: 1517 &rarr; <strong>1548<\/strong><br \/>(+31 for winning)\n|raw|badpiplupvgc's rating: 1736 &rarr; <strong>1705<\/strong><br \/>(-31 for losing)\n|l|\u2606badpiplupvgc\n|player|p2|\n","uploadtime":1737610884,"views":2,"formatid":"gen9vgc2025regg","rating":1548,"private":0,"password":null}