{"id":"gen9vgc2025regg-2286692503","format":"[Gen 9] VGC 2025 Reg G","players":["Irishtesting4","pigs2fly"],"log":"|j|\u2606Irishtesting4\n|j|\u2606pigs2fly\n|t:|1737645891\n|gametype|doubles\n|player|p1|Irishtesting4|170|1586\n|player|p2|pigs2fly|lian|1525\n|teamsize|p1|6\n|teamsize|p2|6\n|gen|9\n|tier|[Gen 9] VGC 2025 Reg G\n|rated|\n|rule|Species Clause: Limit one of each Pok\u00e9mon\n|rule|Item Clause: Limit 1 of each item\n|clearpoke\n|poke|p1|Calyrex-Ice, L50|\n|poke|p1|Raging Bolt, L50|\n|poke|p1|Flutter Mane, L50|\n|poke|p1|Urshifu-*, L50, M|\n|poke|p1|Chi-Yu, L50|\n|poke|p1|Ogerpon-Cornerstone, L50, F|\n|poke|p2|Kyogre, L50|\n|poke|p2|Tornadus, L50, M|\n|poke|p2|Dondozo, L50, M|\n|poke|p2|Tatsugiri, L50, M|\n|poke|p2|Ogerpon, L50, F|\n|poke|p2|Flutter Mane, L50|\n|teampreview|4\n|\n|t:|1737645900\n|start\n|switch|p1a: Flutter Mane|Flutter Mane, L50|100\/100\n|switch|p1b: Chi-Yu|Chi-Yu, L50|100\/100\n|switch|p2a: Kyogre|Kyogre, L50|100\/100\n|switch|p2b: Flutter Mane|Flutter Mane, L50|100\/100\n|-ability|p1b: Chi-Yu|Beads of Ruin\n|-weather|RainDance|[from] ability: Drizzle|[of] p2a: Kyogre\n|-enditem|p2b: Flutter Mane|Booster Energy\n|-activate|p2b: Flutter Mane|ability: Protosynthesis|[fromitem]\n|-start|p2b: Flutter Mane|protosynthesisspe\n|-enditem|p1a: Flutter Mane|Booster Energy\n|-activate|p1a: Flutter Mane|ability: Protosynthesis|[fromitem]\n|-start|p1a: Flutter Mane|protosynthesisspe\n|turn|1\n|\n|t:|1737645910\n|-terastallize|p1b: Chi-Yu|Grass\n|move|p2b: Flutter Mane|Icy Wind|p1b: Chi-Yu|[spread] p1a,p1b\n|-supereffective|p1b: Chi-Yu\n|-damage|p1a: Flutter Mane|85\/100\n|-damage|p1b: Chi-Yu|78\/100\n|-unboost|p1a: Flutter Mane|spe|1\n|move|p1a: Flutter Mane|Icy Wind|p2a: Kyogre|[spread] p2a\n|-miss|p1a: Flutter Mane|p2b: Flutter Mane\n|-resisted|p2a: Kyogre\n|-damage|p2a: Kyogre|94\/100\n|-unboost|p2a: Kyogre|spe|1\n|move|p1b: Chi-Yu|Snarl|p2a: Kyogre|[spread] p2a,p2b\n|-damage|p2a: Kyogre|73\/100\n|-damage|p2b: Flutter Mane|79\/100\n|-unboost|p2a: Kyogre|spa|1\n|-unboost|p2b: Flutter Mane|spa|1\n|move|p2a: Kyogre|Origin Pulse|p1b: Chi-Yu|[spread] p1b\n|-miss|p2a: Kyogre|p1a: Flutter Mane\n|-resisted|p1b: Chi-Yu\n|-damage|p1b: Chi-Yu|42\/100\n|\n|-weather|RainDance|[upkeep]\n|upkeep\n|turn|2\n|\n|t:|1737645937\n|switch|p1b: Raging Bolt|Raging Bolt, L50|100\/100\n|move|p1a: Flutter Mane|Protect|p1a: Flutter Mane\n|-singleturn|p1a: Flutter Mane|Protect\n|move|p2b: Flutter Mane|Moonblast|p1b: Raging Bolt\n|-supereffective|p1b: Raging Bolt\n|-damage|p1b: Raging Bolt|55\/100\n|move|p2a: Kyogre|Origin Pulse|p1a: Flutter Mane|[spread] p1b\n|-activate|p1a: Flutter Mane|move: Protect\n|-resisted|p1b: Raging Bolt\n|-damage|p1b: Raging Bolt|27\/100\n|\n|-weather|RainDance|[upkeep]\n|upkeep\n|turn|3\n|j| Mega Delibird X\n|\n|t:|1737645951\n|-end|p1a: Flutter Mane|Protosynthesis|[silent]\n|switch|p1a: Chi-Yu|Chi-Yu, L50, tera:Grass|42\/100\n|-ability|p1a: Chi-Yu|Beads of Ruin\n|move|p1b: Raging Bolt|Thunderclap|p2b: Flutter Mane\n|-damage|p2b: Flutter Mane|12\/100\n|-damage|p1b: Raging Bolt|18\/100|[from] item: Life Orb\n|move|p2b: Flutter Mane|Moonblast|p1b: Raging Bolt\n|-supereffective|p1b: Raging Bolt\n|-damage|p1b: Raging Bolt|0 fnt\n|faint|p1b: Raging Bolt\n|-end|p1b: Raging Bolt|Protosynthesis|[silent]\n|move|p2a: Kyogre|Origin Pulse|p1a: Chi-Yu\n|-resisted|p1a: Chi-Yu\n|-damage|p1a: Chi-Yu|0 fnt\n|faint|p1a: Chi-Yu\n|\n|-weather|RainDance|[upkeep]\n|upkeep\n|\n|t:|1737645958\n|switch|p1a: Urshifu|Urshifu, L50, M|100\/100\n|switch|p1b: Flutter Mane|Flutter Mane, L50|85\/100\n|turn|4\n|\n|t:|1737645969\n|move|p2b: Flutter Mane|Icy Wind|p1a: Urshifu|[spread] p1a,p1b\n|-damage|p1a: Urshifu|88\/100\n|-damage|p1b: Flutter Mane|77\/100\n|-unboost|p1a: Urshifu|spe|1\n|-unboost|p1b: Flutter Mane|spe|1\n|move|p1b: Flutter Mane|Icy Wind|p2b: Flutter Mane|[spread] p2a,p2b\n|-resisted|p2a: Kyogre\n|-damage|p2a: Kyogre|69\/100\n|-damage|p2b: Flutter Mane|0 fnt\n|-unboost|p2a: Kyogre|spe|1\n|faint|p2b: Flutter Mane\n|-end|p2b: Flutter Mane|Protosynthesis|[silent]\n|move|p1a: Urshifu|Wicked Blow|p2a: Kyogre\n|-crit|p2a: Kyogre\n|-damage|p2a: Kyogre|2\/100\n|move|p2a: Kyogre|Origin Pulse|p1b: Flutter Mane|[spread] p1a\n|-miss|p2a: Kyogre|p1b: Flutter Mane\n|-damage|p1a: Urshifu|0 fnt\n|faint|p1a: Urshifu\n|\n|-weather|RainDance|[upkeep]\n|upkeep\n|\n|t:|1737645972\n|switch|p2b: Dondozo|Dondozo, L50, M|100\/100\n|turn|5\n|\n|t:|1737645977\n|switch|p2a: Tatsugiri|Tatsugiri, L50, M|100\/100\n|-activate|p2a: Tatsugiri|ability: Commander|[of] p2b: Dondozo\n|-boost|p2b: Dondozo|atk|2\n|-boost|p2b: Dondozo|spa|2\n|-boost|p2b: Dondozo|spe|2\n|-boost|p2b: Dondozo|def|2\n|-boost|p2b: Dondozo|spd|2\n|move|p2b: Dondozo|Wave Crash|p1b: Flutter Mane\n|-damage|p1b: Flutter Mane|0 fnt\n|faint|p1b: Flutter Mane\n|-end|p1b: Flutter Mane|Protosynthesis|[silent]\n|-damage|p2b: Dondozo|83\/100|[from] Recoil\n|\n|win|pigs2fly\n|raw|Irishtesting4's rating: 1586 &rarr; <strong>1563<\/strong><br \/>(-23 for losing)\n|raw|pigs2fly's rating: 1525 &rarr; <strong>1548<\/strong><br \/>(+23 for winning)\n|l|\u2606Irishtesting4\n|player|p1|\n|l|\u2606pigs2fly\n|player|p2|\n|l| Mega Delibird X\n","uploadtime":1737646182,"views":3,"formatid":"gen9vgc2025regg","rating":1548,"private":0,"password":null}