{"id":"gen9vgc2025regg-2286088902","format":"[Gen 9] VGC 2025 Reg G","players":["Crysantimo","Diestoise"],"log":"|j|\u2606Crysantimo\n|j|\u2606Diestoise\n|t:|1737566871\n|gametype|doubles\n|player|p1|Crysantimo|madame-gen4dp|1542\n|player|p2|Diestoise|blue|1563\n|teamsize|p1|6\n|teamsize|p2|6\n|gen|9\n|tier|[Gen 9] VGC 2025 Reg G\n|rated|\n|rule|Species Clause: Limit one of each Pok\u00e9mon\n|rule|Item Clause: Limit 1 of each item\n|clearpoke\n|poke|p1|Calyrex-Shadow, L50|\n|poke|p1|Clefairy, L50, F|\n|poke|p1|Chi-Yu, L50|\n|poke|p1|Weezing-Galar, L50, M|\n|poke|p1|Pawmot, L50, F|\n|poke|p1|Dragonite, L50, M|\n|poke|p2|Koraidon, L50|\n|poke|p2|Raging Bolt, L50|\n|poke|p2|Entei, L50|\n|poke|p2|Flutter Mane, L50|\n|poke|p2|Venusaur, L50, F|\n|poke|p2|Ditto, L50|\n|teampreview|4\n|\n|t:|1737566915\n|start\n|switch|p1a: Calyrex|Calyrex-Shadow, L50|100\/100\n|switch|p1b: Clefairy|Clefairy, L50, F|100\/100\n|switch|p2a: Entei|Entei, L50|100\/100\n|switch|p2b: Flutter Mane|Flutter Mane, L50, shiny|100\/100\n|-ability|p1a: Calyrex|As One\n|-ability|p1a: Calyrex|Unnerve\n|turn|1\n|inactive|Battle timer is ON: inactive players will automatically lose when time's up. (requested by Crysantimo)\n|\n|t:|1737566928\n|move|p1b: Clefairy|Follow Me|p1b: Clefairy\n|-singleturn|p1b: Clefairy|move: Follow Me\n|move|p1a: Calyrex|Astral Barrage|p2b: Flutter Mane|[spread] p2a,p2b\n|-supereffective|p2b: Flutter Mane\n|-damage|p2a: Entei|50\/100\n|-enditem|p2b: Flutter Mane|Focus Sash\n|-damage|p2b: Flutter Mane|1\/100\n|move|p2b: Flutter Mane|Moonblast|p1b: Clefairy\n|-damage|p1b: Clefairy|59\/100\n|move|p2a: Entei|Sacred Fire|p1b: Clefairy\n|-damage|p1b: Clefairy|8\/100\n|-status|p1b: Clefairy|brn\n|\n|-damage|p1b: Clefairy|2\/100 brn|[from] brn\n|upkeep\n|turn|2\n|inactive|Diestoise has 30 seconds left.\n|inactive|Diestoise has 20 seconds left.\n|inactive|Diestoise has 15 seconds left.\n|inactive|Diestoise has 10 seconds left.\n|\n|t:|1737566975\n|switch|p1b: Weezing|Weezing-Galar, L50, M|100\/100\n|-ability|p1b: Weezing|Neutralizing Gas\n|-terastallize|p2a: Entei|Normal\n|move|p2b: Flutter Mane|Protect|p2b: Flutter Mane\n|-singleturn|p2b: Flutter Mane|Protect\n|move|p1a: Calyrex|Astral Barrage|p2b: Flutter Mane|[spread] \n|-activate|p2b: Flutter Mane|move: Protect\n|-immune|p2a: Entei\n|move|p2a: Entei|Sacred Fire|p1b: Weezing\n|-damage|p1b: Weezing|56\/100\n|-status|p1b: Weezing|brn\n|\n|-damage|p1b: Weezing|50\/100 brn|[from] brn\n|upkeep\n|-enditem|p1b: Weezing|Sitrus Berry|[eat]\n|-heal|p1b: Weezing|74\/100 brn|[from] item: Sitrus Berry\n|turn|3\n|inactive|Diestoise has 30 seconds left.\n|inactive|Crysantimo has 30 seconds left.\n|\n|t:|1737567006\n|switch|p1a: Clefairy|Clefairy, L50, F|2\/100 brn\n|move|p2b: Flutter Mane|Shadow Ball|p1a: Clefairy\n|-damage|p1a: Clefairy|0 fnt\n|faint|p1a: Clefairy\n|move|p2a: Entei|Crunch|p1b: Weezing\n|-resisted|p1b: Weezing\n|-damage|p1b: Weezing|62\/100 brn\n|move|p1b: Weezing|Will-O-Wisp|p2a: Entei\n|-status|p2a: Entei|brn\n|\n|-damage|p2a: Entei|45\/100 brn|[from] brn\n|-damage|p1b: Weezing|56\/100 brn|[from] brn\n|upkeep\n|\n|t:|1737567009\n|switch|p1a: Calyrex|Calyrex-Shadow, L50|100\/100\n|-ability|p1a: Calyrex|As One\n|-ability|p1a: Calyrex|Unnerve\n|turn|4\n|inactive|Diestoise has 30 seconds left.\n|\n|t:|1737567043\n|-terastallize|p1a: Calyrex|Normal\n|move|p1a: Calyrex|Psyshock|p2b: Flutter Mane\n|-damage|p2b: Flutter Mane|0 fnt\n|faint|p2b: Flutter Mane\n|-end|p2b: Flutter Mane|Protosynthesis|[silent]\n|-ability|p1a: Calyrex|Grim Neigh|boost\n|-boost|p1a: Calyrex|spa|1\n|move|p2a: Entei|Crunch|p1a: Calyrex\n|-damage|p1a: Calyrex|84\/100\n|move|p1b: Weezing|Play Rough|p2a: Entei\n|-damage|p2a: Entei|30\/100 brn\n|-unboost|p2a: Entei|atk|1\n|\n|-damage|p2a: Entei|24\/100 brn|[from] brn\n|-damage|p1b: Weezing|50\/100 brn|[from] brn\n|upkeep\n|\n|t:|1737567064\n|switch|p2b: Raging Bolt|Raging Bolt, L50|100\/100\n|turn|5\n|\n|t:|1737567076\n|move|p2a: Entei|Extreme Speed|p1a: Calyrex\n|-damage|p1a: Calyrex|69\/100\n|move|p2b: Raging Bolt|Thunderclap|p1a: Calyrex\n|-damage|p1a: Calyrex|17\/100\n|-damage|p2b: Raging Bolt|91\/100|[from] item: Life Orb\n|move|p1a: Calyrex|Psyshock|p2b: Raging Bolt\n|-damage|p2b: Raging Bolt|0 fnt\n|faint|p2b: Raging Bolt\n|-end|p2b: Raging Bolt|Protosynthesis|[silent]\n|-ability|p1a: Calyrex|Grim Neigh|boost\n|-boost|p1a: Calyrex|spa|1\n|move|p1b: Weezing|Play Rough|p2a: Entei\n|-damage|p2a: Entei|11\/100 brn\n|\n|-damage|p2a: Entei|5\/100 brn|[from] brn\n|-damage|p1b: Weezing|44\/100 brn|[from] brn\n|upkeep\n|\n|t:|1737567085\n|switch|p2b: Koraidon|Koraidon, L50|100\/100\n|turn|6\n|inactive|Diestoise has 30 seconds left.\n|inactive|Diestoise has 20 seconds left.\n|\n|t:|1737567123\n|move|p2a: Entei|Extreme Speed|p1a: Calyrex\n|-damage|p1a: Calyrex|2\/100\n|move|p1a: Calyrex|Psyshock|p2b: Koraidon\n|-supereffective|p2b: Koraidon\n|-damage|p2b: Koraidon|0 fnt\n|faint|p2b: Koraidon\n|-ability|p1a: Calyrex|Grim Neigh|boost\n|-boost|p1a: Calyrex|spa|1\n|move|p1b: Weezing|Will-O-Wisp|p2a: Entei\n|-fail|p2a: Entei|brn\n|\n|-damage|p2a: Entei|0 fnt|[from] brn\n|faint|p2a: Entei\n|\n|win|Crysantimo\n|upkeep\n|raw|Crysantimo's rating: 1542 &rarr; <strong>1563<\/strong><br \/>(+21 for winning)\n|raw|Diestoise's rating: 1563 &rarr; <strong>1542<\/strong><br \/>(-21 for losing)\n|l|\u2606Diestoise\n|player|p2|\n","uploadtime":1737567276,"views":16,"formatid":"gen9vgc2025regg","rating":1542,"private":0,"password":null}