{"id":"gen9vgc2025regg-2286235570","format":"[Gen 9] VGC 2025 Reg G","players":["dnut1","googer315"],"log":"|j|\u2606dnut1\n|j|\u2606googer315\n|t:|1737581277\n|gametype|doubles\n|player|p1|dnut1|scientist-gen4|1563\n|player|p2|googer315|1|1611\n|teamsize|p1|6\n|teamsize|p2|6\n|gen|9\n|tier|[Gen 9] VGC 2025 Reg G\n|rated|\n|rule|Species Clause: Limit one of each Pok\u00e9mon\n|rule|Item Clause: Limit 1 of each item\n|clearpoke\n|poke|p1|Calyrex-Shadow, L50|\n|poke|p1|Incineroar, L50, M|\n|poke|p1|Farigiraf, L50, F|\n|poke|p1|Raging Bolt, L50|\n|poke|p1|Urshifu-*, L50, F|\n|poke|p1|Rillaboom, L50, M|\n|poke|p2|Calyrex-Ice, L50|\n|poke|p2|Ting-Lu, L50|\n|poke|p2|Dondozo, L50, M|\n|poke|p2|Urshifu-*, L50, M|\n|poke|p2|Ogerpon-Hearthflame, L50, F|\n|poke|p2|Rillaboom, L50, F|\n|teampreview|4\n|j| brrkz\n|inactive|Battle timer is ON: inactive players will automatically lose when time's up. (requested by googer315)\n|j| surgevgc\n|\n|t:|1737581318\n|start\n|switch|p1a: Incineroar|Incineroar, L50, M|100\/100\n|switch|p1b: HONSE|Calyrex-Shadow, L50|100\/100\n|switch|p2a: Dondozo|Dondozo, L50, M|100\/100\n|switch|p2b: Ting-Lu|Ting-Lu, L50|100\/100\n|-ability|p1b: HONSE|As One\n|-ability|p1b: HONSE|Unnerve\n|-ability|p2b: Ting-Lu|Vessel of Ruin\n|-ability|p1a: Incineroar|Intimidate|boost\n|-fail|p2a: Dondozo|unboost|Attack|[from] ability: Oblivious|[of] p2a: Dondozo\n|-unboost|p2b: Ting-Lu|atk|1\n|turn|1\n|j| WeGoVrooooom\n|\n|t:|1737581340\n|move|p1a: Incineroar|Fake Out|p2a: Dondozo\n|-damage|p2a: Dondozo|95\/100\n|move|p1b: HONSE|Nasty Plot|p1b: HONSE\n|-boost|p1b: HONSE|spa|2\n|move|p2b: Ting-Lu|Sand Tomb|p1b: HONSE|[miss]\n|-miss|p2b: Ting-Lu|p1b: HONSE\n|cant|p2a: Dondozo|flinch\n|\n|upkeep\n|turn|2\n|inactive|dnut1 has 30 seconds left.\n|inactive|dnut1 has 20 seconds left.\n|\n|t:|1737581375\n|switch|p1a: Urshifu|Urshifu-Rapid-Strike, L50, F|100\/100\n|move|p1b: HONSE|Astral Barrage|p2a: Dondozo|[spread] p2a,p2b\n|-resisted|p2b: Ting-Lu\n|-damage|p2a: Dondozo|33\/100\n|-damage|p2b: Ting-Lu|74\/100\n|move|p2b: Ting-Lu|Sand Tomb|p1b: HONSE\n|-damage|p1b: HONSE|91\/100\n|-activate|p1b: HONSE|move: Sand Tomb|[of] p2b: Ting-Lu\n|move|p2a: Dondozo|Yawn|p1b: HONSE\n|-start|p1b: HONSE|move: Yawn|[of] p2a: Dondozo\n|\n|-heal|p2b: Ting-Lu|80\/100|[from] item: Leftovers\n|-damage|p1b: HONSE|79\/100|[from] move: Sand Tomb|[partiallytrapped]\n|upkeep\n|turn|3\n|inactive|googer315 has 30 seconds left.\n|inactive|googer315 has 20 seconds left.\n|\n|t:|1737581410\n|move|p2a: Dondozo|Protect|p2a: Dondozo\n|-singleturn|p2a: Dondozo|Protect\n|move|p1b: HONSE|Nasty Plot|p1b: HONSE\n|-boost|p1b: HONSE|spa|2\n|move|p1a: Urshifu|Surging Strikes|p2b: Ting-Lu\n|-supereffective|p2b: Ting-Lu\n|-crit|p2b: Ting-Lu\n|-damage|p2b: Ting-Lu|58\/100\n|-supereffective|p2b: Ting-Lu\n|-crit|p2b: Ting-Lu\n|-damage|p2b: Ting-Lu|35\/100\n|-supereffective|p2b: Ting-Lu\n|-crit|p2b: Ting-Lu\n|-damage|p2b: Ting-Lu|14\/100\n|-hitcount|p2b: Ting-Lu|3\n|move|p2b: Ting-Lu|Ruination|p1a: Urshifu\n|-damage|p1a: Urshifu|50\/100\n|\n|-heal|p2b: Ting-Lu|20\/100|[from] item: Leftovers\n|-damage|p1b: HONSE|66\/100|[from] move: Sand Tomb|[partiallytrapped]\n|-end|p1b: HONSE|move: Yawn|[silent]\n|-status|p1b: HONSE|slp\n|upkeep\n|turn|4\n|inactive|dnut1 has 30 seconds left.\n|inactive|googer315 has 30 seconds left.\n|\n|t:|1737581438\n|-terastallize|p1a: Urshifu|Stellar\n|cant|p1b: HONSE|slp\n|move|p1a: Urshifu|Surging Strikes|p2b: Ting-Lu\n|-supereffective|p2b: Ting-Lu\n|-crit|p2b: Ting-Lu\n|-damage|p2b: Ting-Lu|0 fnt\n|faint|p2b: Ting-Lu\n|-hitcount|p2: Ting-Lu|1\n|move|p2a: Dondozo|Yawn|p1a: Urshifu\n|-start|p1a: Urshifu|move: Yawn|[of] p2a: Dondozo\n|\n|-end|p1b: HONSE|Sand Tomb|[partiallytrapped]|[silent]\n|upkeep\n|\n|t:|1737581449\n|switch|p2b: Calyrex|Calyrex-Ice, L50|100\/100\n|-ability|p2b: Calyrex|As One\n|-ability|p2b: Calyrex|Unnerve\n|turn|5\n|\n|t:|1737581458\n|switch|p1a: Incineroar|Incineroar, L50, M|100\/100\n|-ability|p1a: Incineroar|Intimidate|boost\n|-fail|p2a: Dondozo|unboost|Attack|[from] ability: Oblivious|[of] p2a: Dondozo\n|-fail|p2b: Calyrex|unboost|[from] item: Clear Amulet|[of] p2b: Calyrex\n|cant|p1b: HONSE|slp\n|move|p2a: Dondozo|Wave Crash|p1a: Incineroar\n|-supereffective|p1a: Incineroar\n|-damage|p1a: Incineroar|40\/100\n|-damage|p2a: Dondozo|17\/100|[from] Recoil\n|move|p2b: Calyrex|Trick Room|p2b: Calyrex\n|-fieldstart|move: Trick Room|[of] p2b: Calyrex\n|\n|upkeep\n|turn|6\n|\n|t:|1737581475\n|switch|p2a: Urshifu|Urshifu-Rapid-Strike, L50, M|100\/100\n|move|p2b: Calyrex|Protect|p2b: Calyrex\n|-singleturn|p2b: Calyrex|Protect\n|move|p1a: Incineroar|Fake Out|p2b: Calyrex\n|-activate|p2b: Calyrex|move: Protect\n|-curestatus|p1b: HONSE|slp|[msg]\n|move|p1b: HONSE|Astral Barrage|p2b: Calyrex|[spread] p2a\n|-activate|p2b: Calyrex|move: Protect\n|-enditem|p2a: Urshifu|Focus Sash\n|-damage|p2a: Urshifu|1\/100\n|\n|upkeep\n|turn|7\n|inactive|dnut1 has 30 seconds left.\n|\n|t:|1737581501\n|-terastallize|p2a: Urshifu|Water\n|move|p1a: Incineroar|Knock Off|p2b: Calyrex\n|-supereffective|p2b: Calyrex\n|-damage|p2b: Calyrex|57\/100\n|-enditem|p2b: Calyrex|Clear Amulet|[from] move: Knock Off|[of] p1a: Incineroar\n|move|p2b: Calyrex|High Horsepower|p1a: Incineroar\n|-supereffective|p1a: Incineroar\n|-damage|p1a: Incineroar|0 fnt\n|faint|p1a: Incineroar\n|-ability|p2b: Calyrex|Chilling Neigh|boost\n|-boost|p2b: Calyrex|atk|1\n|move|p2a: Urshifu|Surging Strikes|p1b: HONSE\n|-crit|p1b: HONSE\n|-damage|p1b: HONSE|33\/100\n|-crit|p1b: HONSE\n|-damage|p1b: HONSE|0 fnt\n|faint|p1b: HONSE\n|-hitcount|p1: HONSE|2\n|\n|upkeep\n|\n|t:|1737581512\n|switch|p1a: Rillaboom|Rillaboom, L50, M|100\/100\n|switch|p1b: Urshifu|Urshifu-Rapid-Strike, L50, F, tera:Stellar|50\/100\n|-fieldstart|move: Grassy Terrain|[from] ability: Grassy Surge|[of] p1a: Rillaboom\n|turn|8\n|\n|t:|1737581527\n|move|p2b: Calyrex|Glacial Lance|p1a: Rillaboom|[spread] p1a,p1b\n|-supereffective|p1a: Rillaboom\n|-resisted|p1b: Urshifu\n|-damage|p1a: Rillaboom|0 fnt\n|-damage|p1b: Urshifu|4\/100\n|faint|p1a: Rillaboom\n|-ability|p2b: Calyrex|Chilling Neigh|boost\n|-boost|p2b: Calyrex|atk|1\n|move|p2a: Urshifu|Close Combat|p1b: Urshifu\n|-damage|p1b: Urshifu|0 fnt\n|-unboost|p2a: Urshifu|def|1\n|-unboost|p2a: Urshifu|spd|1\n|faint|p1b: Urshifu\n|\n|win|googer315\n|raw|dnut1's rating: 1563 &rarr; <strong>1546<\/strong><br \/>(-17 for losing)\n|raw|googer315's rating: 1611 &rarr; <strong>1628<\/strong><br \/>(+17 for winning)\n|l|\u2606dnut1\n|player|p1|\n|l|\u2606googer315\n|player|p2|\n|l| brrkz\n|l| surgevgc\n","uploadtime":1737581715,"views":4,"formatid":"gen9vgc2025regg","rating":1546,"private":0,"password":null}