{"id":"gen9vgc2025regg-2286282921","format":"[Gen 9] VGC 2025 Reg G","players":["mejian poke poke","chappell murkroan"],"log":"|j|\u2606mejian poke poke\n|j|\u2606chappell murkroan\n|t:|1737586494\n|gametype|doubles\n|player|p1|mejian poke poke|2|1621\n|player|p2|chappell murkroan|caitlin|1651\n|teamsize|p1|6\n|teamsize|p2|6\n|gen|9\n|tier|[Gen 9] VGC 2025 Reg G\n|rated|\n|rule|Species Clause: Limit one of each Pok\u00e9mon\n|rule|Item Clause: Limit 1 of each item\n|clearpoke\n|poke|p1|Lunala, L50|\n|poke|p1|Maushold, L50|\n|poke|p1|Tornadus, L50, M|\n|poke|p1|Urshifu-*, L50, M|\n|poke|p1|Rillaboom, L50, M|\n|poke|p1|Landorus, L50, M|\n|poke|p2|Terapagos, L50, M|\n|poke|p2|Flutter Mane, L50|\n|poke|p2|Chi-Yu, L50|\n|poke|p2|Ogerpon-Wellspring, L50, F|\n|poke|p2|Landorus, L50, M|\n|poke|p2|Iron Hands, L50|\n|teampreview|4\n|inactive|Battle timer is ON: inactive players will automatically lose when time's up. (requested by chappell murkroan)\n|j| max9713\n|inactive|mejian poke poke has 60 seconds left.\n|\n|t:|1737586533\n|start\n|switch|p1a: Lunala|Lunala, L50|100\/100\n|switch|p1b: Maushold|Maushold, L50|100\/100\n|switch|p2a: Flutter Mane|Flutter Mane, L50|100\/100\n|switch|p2b: Terapagos|Terapagos, L50, M|100\/100\n|-activate|p2b: Terapagos|ability: Tera Shift\n|detailschange|p2b: Terapagos|Terapagos-Terastal, L50, M\n|-heal|p2b: Terapagos|100\/100|[silent]\n|-enditem|p2a: Flutter Mane|Booster Energy\n|-activate|p2a: Flutter Mane|ability: Protosynthesis|[fromitem]\n|-start|p2a: Flutter Mane|protosynthesisspe\n|turn|1\n|\n|t:|1737586544\n|move|p1b: Maushold|Follow Me|p1b: Maushold\n|-singleturn|p1b: Maushold|move: Follow Me\n|move|p2a: Flutter Mane|Icy Wind|p1b: Maushold|[spread] p1a,p1b\n|-damage|p1a: Lunala|97\/100\n|-damage|p1b: Maushold|85\/100\n|-unboost|p1a: Lunala|spe|1\n|-unboost|p1b: Maushold|spe|1\n|move|p2b: Terapagos|Meteor Beam||[still]\n|-prepare|p2b: Terapagos|Meteor Beam\n|-boost|p2b: Terapagos|spa|1\n|-enditem|p2b: Terapagos|Power Herb\n|-anim|p2b: Terapagos|Meteor Beam|p1b: Maushold\n|-damage|p1b: Maushold|20\/100\n|move|p1a: Lunala|Moongeist Beam|p2a: Flutter Mane\n|-supereffective|p2a: Flutter Mane\n|-damage|p2a: Flutter Mane|0 fnt\n|faint|p2a: Flutter Mane\n|-end|p2a: Flutter Mane|Protosynthesis|[silent]\n|\n|upkeep\n|\n|t:|1737586562\n|switch|p2a: Chi-Yu|Chi-Yu, L50|100\/100\n|-ability|p2a: Chi-Yu|Beads of Ruin\n|turn|2\n|\n|t:|1737586574\n|-terastallize|p2b: Terapagos|Stellar\n|detailschange|p2b: Terapagos|Terapagos-Stellar, L50, M, tera:Stellar\n|-heal|p2b: Terapagos|100\/100|[silent]\n|move|p1a: Lunala|Protect|p1a: Lunala\n|-singleturn|p1a: Lunala|Protect\n|move|p2a: Chi-Yu|Snarl|p1b: Maushold|[spread] p1b\n|-activate|p1a: Lunala|move: Protect\n|-damage|p1b: Maushold|0 fnt\n|faint|p1b: Maushold\n|move|p2b: Terapagos|Tera Starstorm|p1a: Lunala\n|-activate|p1a: Lunala|move: Protect\n|\n|upkeep\n|\n|t:|1737586584\n|switch|p1b: Tornadus|Tornadus, L50, M|100\/100\n|turn|3\n|\n|t:|1737586601\n|move|p1b: Tornadus|Tailwind|p1b: Tornadus\n|-sidestart|p1: mejian poke poke|move: Tailwind\n|move|p1a: Lunala|Meteor Beam||[still]\n|-prepare|p1a: Lunala|Meteor Beam\n|-boost|p1a: Lunala|spa|1\n|-enditem|p1a: Lunala|Power Herb\n|-anim|p1a: Lunala|Meteor Beam|p2a: Chi-Yu\n|-supereffective|p2a: Chi-Yu\n|-damage|p2a: Chi-Yu|0 fnt\n|faint|p2a: Chi-Yu\n|move|p2b: Terapagos|Tera Starstorm|p1a: Lunala|[spread] p1a,p1b\n|-damage|p1a: Lunala|51\/100\n|-damage|p1b: Tornadus|36\/100\n|\n|upkeep\n|\n|t:|1737586613\n|switch|p2a: Iron Hands|Iron Hands, L50|100\/100\n|turn|4\n|\n|t:|1737586630\n|-terastallize|p1a: Lunala|Fairy\n|move|p1b: Tornadus|Bleakwind Storm|p2a: Iron Hands|[spread] p2a,p2b\n|-damage|p2a: Iron Hands|85\/100\n|-damage|p2b: Terapagos|77\/100\n|-unboost|p2b: Terapagos|spe|1\n|move|p1a: Lunala|Dazzling Gleam|p2a: Iron Hands|[spread] p2a,p2b\n|-supereffective|p2a: Iron Hands\n|-damage|p2a: Iron Hands|32\/100\n|-damage|p2b: Terapagos|43\/100\n|move|p2b: Terapagos|Flamethrower|p1b: Tornadus\n|-damage|p1b: Tornadus|0 fnt\n|faint|p1b: Tornadus\n|move|p2a: Iron Hands|Wild Charge|p1a: Lunala\n|-damage|p1a: Lunala|12\/100\n|-damage|p2a: Iron Hands|23\/100|[from] Recoil\n|\n|upkeep\n|\n|t:|1737586639\n|switch|p1b: Urshifu|Urshifu-Rapid-Strike, L50, M|100\/100\n|turn|5\n|\n|t:|1737586647\n|move|p1b: Urshifu|Close Combat|p2b: Terapagos\n|-supereffective|p2b: Terapagos\n|-damage|p2b: Terapagos|0 fnt\n|-unboost|p1b: Urshifu|def|1\n|-unboost|p1b: Urshifu|spd|1\n|faint|p2b: Terapagos\n|move|p1a: Lunala|Dazzling Gleam|p2a: Iron Hands\n|-supereffective|p2a: Iron Hands\n|-damage|p2a: Iron Hands|0 fnt\n|faint|p2a: Iron Hands\n|-end|p2a: Iron Hands|Quark Drive|[silent]\n|\n|win|mejian poke poke\n|raw|mejian poke poke's rating: 1621 &rarr; <strong>1643<\/strong><br \/>(+22 for winning)\n|raw|chappell murkroan's rating: 1651 &rarr; <strong>1629<\/strong><br \/>(-22 for losing)\n|l|\u2606chappell murkroan\n|player|p2|\n|l|\u2606mejian poke poke\n|player|p1|\n|l| max9713\n","uploadtime":1737586882,"views":6,"formatid":"gen9vgc2025regg","rating":1629,"private":0,"password":null}