{"id":"gen9vgc2025regg-2286858405","format":"[Gen 9] VGC 2025 Reg G","players":["imstuckat1300","7ammy"],"log":"|j|\u2606imstuckat1300\n|j|\u26067ammy\n|t:|1737661938\n|gametype|doubles\n|player|p1|imstuckat1300|blue|1563\n|player|p2|7ammy|interviewers|1633\n|teamsize|p1|6\n|teamsize|p2|6\n|gen|9\n|tier|[Gen 9] VGC 2025 Reg G\n|rated|\n|rule|Species Clause: Limit one of each Pok\u00e9mon\n|rule|Item Clause: Limit 1 of each item\n|clearpoke\n|poke|p1|Tornadus, L50, M|\n|poke|p1|Tsareena, L50, F|\n|poke|p1|Calyrex-Shadow, L50|\n|poke|p1|Urshifu-*, L50, F|\n|poke|p1|Chi-Yu, L50|\n|poke|p1|Clefairy, L50, M|\n|poke|p2|Kyogre, L50|\n|poke|p2|Tornadus, L50, M|\n|poke|p2|Tsareena, L50, F|\n|poke|p2|Urshifu-*, L50, M|\n|poke|p2|Basculegion, L50, M|\n|poke|p2|Landorus, L50, M|\n|teampreview|4\n|inactive|Battle timer is ON: inactive players will automatically lose when time's up. (requested by 7ammy)\n|\n|t:|1737661960\n|start\n|switch|p1a: Urshifu|Urshifu-Rapid-Strike, L50, F|100\/100\n|switch|p1b: Weather Report|Tornadus, L50, M|100\/100\n|switch|p2a: Kyogre|Kyogre, L50|100\/100\n|switch|p2b: Tornadus|Tornadus, L50, M|100\/100\n|-weather|RainDance|[from] ability: Drizzle|[of] p2a: Kyogre\n|turn|1\n|\n|t:|1737661971\n|move|p1b: Weather Report|Tailwind|p1b: Weather Report\n|-sidestart|p1: imstuckat1300|move: Tailwind\n|move|p2b: Tornadus|Tailwind|p2b: Tornadus\n|-sidestart|p2: 7ammy|move: Tailwind\n|move|p2a: Kyogre|Origin Pulse|p1a: Urshifu|[spread] p1a,p1b\n|-resisted|p1a: Urshifu\n|-damage|p1a: Urshifu|44\/100\n|-damage|p1b: Weather Report|20\/100\n|move|p1a: Urshifu|Close Combat|p2a: Kyogre\n|-damage|p2a: Kyogre|20\/100\n|-unboost|p1a: Urshifu|def|1\n|-unboost|p1a: Urshifu|spd|1\n|\n|-weather|RainDance|[upkeep]\n|upkeep\n|turn|2\n|\n|t:|1737661985\n|move|p1a: Urshifu|Aqua Jet|p2b: Tornadus\n|-damage|p2b: Tornadus|59\/100\n|move|p2a: Kyogre|Origin Pulse|p1a: Urshifu|[spread] p1a,p1b\n|-resisted|p1a: Urshifu\n|-damage|p1a: Urshifu|0 fnt\n|-damage|p1b: Weather Report|0 fnt\n|faint|p1a: Urshifu\n|faint|p1b: Weather Report\n|move|p2b: Tornadus|Bleakwind Storm|p1: Urshifu|[notarget]\n|-fail|p2b: Tornadus\n|\n|-weather|RainDance|[upkeep]\n|upkeep\n|\n|t:|1737661990\n|switch|p1b: Tsareena|Tsareena, L50, F|100\/100\n|switch|p1a: Made In Heaven|Calyrex-Shadow, L50|100\/100\n|-ability|p1a: Made In Heaven|As One\n|-ability|p1a: Made In Heaven|Unnerve\n|turn|3\n|\n|t:|1737662006\n|-terastallize|p1a: Made In Heaven|Water\n|move|p2a: Kyogre|Origin Pulse|p1b: Tsareena|[spread] p1a,p1b\n|-resisted|p1a: Made In Heaven\n|-resisted|p1b: Tsareena\n|-damage|p1a: Made In Heaven|63\/100\n|-damage|p1b: Tsareena|77\/100\n|move|p1a: Made In Heaven|Astral Barrage|p2a: Kyogre|[spread] p2a,p2b\n|-damage|p2a: Kyogre|0 fnt\n|-damage|p2b: Tornadus|0 fnt\n|faint|p2a: Kyogre\n|faint|p2b: Tornadus\n|-ability|p1a: Made In Heaven|Grim Neigh|boost\n|-boost|p1a: Made In Heaven|spa|2\n|-damage|p1a: Made In Heaven|54\/100|[from] item: Life Orb\n|move|p1b: Tsareena|Power Whip|p2: Kyogre|[notarget]\n|-fail|p1b: Tsareena\n|\n|-weather|RainDance|[upkeep]\n|upkeep\n|\n|t:|1737662011\n|switch|p2b: Landorus|Landorus, L50, M|100\/100\n|switch|p2a: Basculegion|Basculegion, L50, M|100\/100\n|turn|4\n|\n|t:|1737662022\n|-terastallize|p2a: Basculegion|Grass\n|move|p1a: Made In Heaven|Protect|p1a: Made In Heaven\n|-singleturn|p1a: Made In Heaven|Protect\n|move|p2a: Basculegion|Last Respects|p1a: Made In Heaven\n|-activate|p1a: Made In Heaven|move: Protect\n|move|p2b: Landorus|Sludge Bomb|p1b: Tsareena\n|-supereffective|p1b: Tsareena\n|-damage|p1b: Tsareena|0 fnt\n|faint|p1b: Tsareena\n|\n|-weather|RainDance|[upkeep]\n|-sideend|p1: imstuckat1300|move: Tailwind\n|-sideend|p2: 7ammy|move: Tailwind\n|upkeep\n|turn|5\n|-message|imstuckat1300 forfeited.\n|\n|win|7ammy\n|raw|imstuckat1300's rating: 1563 &rarr; <strong>1547<\/strong><br \/>(-16 for losing)\n|raw|7ammy's rating: 1633 &rarr; <strong>1649<\/strong><br \/>(+16 for winning)\n|l|\u2606imstuckat1300\n|player|p1|\n","uploadtime":1737662258,"views":6,"formatid":"gen9vgc2025regg","rating":1547,"private":0,"password":null}