{"id":"gen9vgc2025regg-2286531481","format":"[Gen 9] VGC 2025 Reg G","players":["amphy lighthouse","something123"],"log":"|j|\u2606amphy lighthouse\n|j|\u2606something123\n|t:|1737623001\n|gametype|doubles\n|player|p1|amphy lighthouse|102|1553\n|player|p2|something123|265|1714\n|teamsize|p1|6\n|teamsize|p2|6\n|gen|9\n|tier|[Gen 9] VGC 2025 Reg G\n|rated|\n|rule|Species Clause: Limit one of each Pok\u00e9mon\n|rule|Item Clause: Limit 1 of each item\n|clearpoke\n|poke|p1|Smeargle, L50, F|\n|poke|p1|Muk-Alola, L50, F|\n|poke|p1|Calyrex-Shadow, L50|\n|poke|p1|Flamigo, L50, M|\n|poke|p1|Rillaboom, L50, M|\n|poke|p1|Volcarona, L50, F|\n|poke|p2|Farigiraf, L50, F|\n|poke|p2|Landorus, L50, M|\n|poke|p2|Calyrex-Ice, L50|\n|poke|p2|Ogerpon-Cornerstone, L50, F|\n|poke|p2|Urshifu-*, L50, F|\n|poke|p2|Regieleki, L50|\n|teampreview|4\n|inactive|Battle timer is ON: inactive players will automatically lose when time's up. (requested by amphy lighthouse)\n|\n|t:|1737623087\n|start\n|switch|p1a: Smeargle|Smeargle, L50, F|100\/100\n|switch|p1b: Muk|Muk-Alola, L50, F|100\/100\n|switch|p2a: Farigiraf|Farigiraf, L50, F|100\/100\n|switch|p2b: Calyrex|Calyrex-Ice, L50|100\/100\n|-ability|p2b: Calyrex|As One\n|-ability|p2b: Calyrex|Unnerve\n|turn|1\n|j| Kal0stest\n|inactive|something123 has 30 seconds left.\n|\n|t:|1737623117\n|move|p1a: Smeargle|Spore|p2b: Calyrex\n|-status|p2b: Calyrex|slp|[from] move: Spore\n|cant|p2b: Calyrex|slp\n|move|p2a: Farigiraf|Psychic|p1a: Smeargle\n|-damage|p1a: Smeargle|9\/100\n|move|p1b: Muk|Minimize|p1b: Muk\n|-boost|p1b: Muk|evasion|2\n|\n|-ability|p1a: Smeargle|Moody|boost\n|-boost|p1a: Smeargle|spa|2\n|-unboost|p1a: Smeargle|def|1\n|upkeep\n|turn|2\n|\n|t:|1737623131\n|move|p1a: Smeargle|Spore|p2a: Farigiraf\n|-status|p2a: Farigiraf|slp|[from] move: Spore\n|cant|p2b: Calyrex|slp\n|move|p1b: Muk|Minimize|p1b: Muk\n|-boost|p1b: Muk|evasion|2\n|cant|p2a: Farigiraf|slp\n|\n|-ability|p1a: Smeargle|Moody|boost\n|-boost|p1a: Smeargle|spd|2\n|-unboost|p1a: Smeargle|atk|1\n|upkeep\n|turn|3\n|inactive|something123 has 30 seconds left.\n|inactive|something123 has 20 seconds left.\n|inactive|something123 has 15 seconds left.\n|inactive|something123 has 10 seconds left.\n|inactive|something123 has 5 seconds left.\n|\n|t:|1737623184\n|move|p1a: Smeargle|Wide Guard|p1a: Smeargle\n|-singleturn|p1a: Smeargle|Wide Guard\n|move|p1b: Muk|Minimize|p1b: Muk\n|-boost|p1b: Muk|evasion|2\n|-curestatus|p2b: Calyrex|slp|[msg]\n|move|p2b: Calyrex|Trick Room|p2b: Calyrex\n|-fieldstart|move: Trick Room|[of] p2b: Calyrex\n|-curestatus|p2a: Farigiraf|slp|[msg]\n|move|p2a: Farigiraf|Trick Room|p2a: Farigiraf\n|-fieldend|move: Trick Room\n|\n|-ability|p1a: Smeargle|Moody|boost\n|-boost|p1a: Smeargle|def|2\n|-unboost|p1a: Smeargle|spa|1\n|upkeep\n|turn|4\n|\n|t:|1737623204\n|move|p2b: Calyrex|Protect|p2b: Calyrex\n|-singleturn|p2b: Calyrex|Protect\n|move|p1a: Smeargle|Spore|p2b: Calyrex\n|-activate|p2b: Calyrex|move: Protect\n|move|p2a: Farigiraf|Psychic|p1a: Smeargle\n|-damage|p1a: Smeargle|0 fnt\n|faint|p1a: Smeargle\n|-ability|p1b: Muk|Moody|[from] ability: Power of Alchemy|[of] p1a: Smeargle\n|move|p1b: Muk|Knock Off|p2b: Calyrex\n|-activate|p2b: Calyrex|move: Protect\n|\n|-ability|p1b: Muk|Moody|boost\n|-boost|p1b: Muk|spd|2\n|-unboost|p1b: Muk|atk|1\n|upkeep\n|\n|t:|1737623210\n|switch|p1a: Volcarona|Volcarona, L50, F|100\/100\n|turn|5\n|\n|t:|1737623224\n|-terastallize|p2b: Calyrex|Water\n|move|p1a: Volcarona|Overheat|p2a: Farigiraf\n|-damage|p2a: Farigiraf|43\/100\n|-unboost|p1a: Volcarona|spa|2\n|move|p2b: Calyrex|Glacial Lance|p1a: Volcarona|[spread] p1a\n|-miss|p2b: Calyrex|p1b: Muk\n|-resisted|p1a: Volcarona\n|-damage|p1a: Volcarona|73\/100\n|move|p2a: Farigiraf|Psychic|p1a: Volcarona\n|-damage|p1a: Volcarona|35\/100\n|move|p1b: Muk|Knock Off|p2a: Farigiraf\n|-supereffective|p2a: Farigiraf\n|-damage|p2a: Farigiraf|2\/100\n|-damage|p1b: Muk|84\/100|[from] item: Rocky Helmet|[of] p2a: Farigiraf\n|-enditem|p2a: Farigiraf|Rocky Helmet|[from] move: Knock Off|[of] p1b: Muk\n|\n|-heal|p1b: Muk|90\/100|[from] item: Leftovers\n|-ability|p1b: Muk|Moody|boost\n|-boost|p1b: Muk|spe|2\n|-unboost|p1b: Muk|spd|1\n|upkeep\n|turn|6\n|inactive|something123 has 30 seconds left.\n|inactive|something123 has 20 seconds left.\n|\n|t:|1737623262\n|move|p2a: Farigiraf|Helping Hand|p2b: Calyrex\n|-singleturn|p2b: Calyrex|Helping Hand|[of] p2a: Farigiraf\n|move|p1b: Muk|Knock Off|p2a: Farigiraf\n|-supereffective|p2a: Farigiraf\n|-damage|p2a: Farigiraf|0 fnt\n|faint|p2a: Farigiraf\n|move|p1a: Volcarona|Will-O-Wisp|p2b: Calyrex\n|-status|p2b: Calyrex|brn\n|move|p2b: Calyrex|Glacial Lance|p1a: Volcarona|[spread] p1a\n|-miss|p2b: Calyrex|p1b: Muk\n|-resisted|p1a: Volcarona\n|-damage|p1a: Volcarona|14\/100\n|\n|-heal|p1b: Muk|96\/100|[from] item: Leftovers\n|-damage|p2b: Calyrex|95\/100 brn|[from] brn\n|-ability|p1b: Muk|Moody|boost\n|-boost|p1b: Muk|spe|2\n|-unboost|p1b: Muk|spd|1\n|upkeep\n|\n|t:|1737623277\n|switch|p2a: Regieleki|Regieleki, L50|100\/100\n|turn|7\n|\n|t:|1737623286\n|move|p2a: Regieleki|Protect|p2a: Regieleki\n|-singleturn|p2a: Regieleki|Protect\n|move|p1a: Volcarona|Protect|p1a: Volcarona\n|-singleturn|p1a: Volcarona|Protect\n|move|p1b: Muk|Knock Off|p2a: Regieleki\n|-activate|p2a: Regieleki|move: Protect\n|move|p2b: Calyrex|Glacial Lance|p1b: Muk|[spread] \n|-activate|p1a: Volcarona|move: Protect\n|-miss|p2b: Calyrex|p1b: Muk\n|\n|-heal|p1b: Muk|100\/100|[from] item: Leftovers\n|-damage|p2b: Calyrex|89\/100 brn|[from] brn\n|-ability|p1b: Muk|Moody|boost\n|-boost|p1b: Muk|def|2\n|-unboost|p1b: Muk|spe|1\n|upkeep\n|turn|8\n|\n|t:|1737623302\n|move|p2a: Regieleki|Electroweb|p1b: Muk|[spread] \n|-miss|p2a: Regieleki|p1a: Volcarona\n|-miss|p2a: Regieleki|p1b: Muk\n|move|p1b: Muk|Knock Off|p2a: Regieleki\n|-damage|p2a: Regieleki|57\/100\n|-enditem|p2a: Regieleki|Focus Sash|[from] move: Knock Off|[of] p1b: Muk\n|move|p1a: Volcarona|Overheat|p2b: Calyrex\n|-resisted|p2b: Calyrex\n|-damage|p2b: Calyrex|79\/100 brn\n|-unboost|p1a: Volcarona|spa|2\n|move|p2b: Calyrex|Glacial Lance|p1b: Muk|[spread] p1a,p1b\n|-resisted|p1a: Volcarona\n|-damage|p1a: Volcarona|0 fnt\n|-damage|p1b: Muk|85\/100\n|faint|p1a: Volcarona\n|-ability|p2b: Calyrex|Chilling Neigh|boost\n|-boost|p2b: Calyrex|atk|1\n|\n|-heal|p1b: Muk|91\/100|[from] item: Leftovers\n|-damage|p2b: Calyrex|73\/100 brn|[from] brn\n|-ability|p1b: Muk|Moody|boost\n|-boost|p1b: Muk|atk|2\n|-unboost|p1b: Muk|def|1\n|upkeep\n|\n|t:|1737623325\n|switch|p1a: Flamigo|Flamigo, L50, M|100\/100\n|-copyboost|p1a: Flamigo|p1b: Muk|[from] ability: Costar\n|turn|9\n|\n|t:|1737623343\n|move|p2a: Regieleki|Protect|p2a: Regieleki\n|-singleturn|p2a: Regieleki|Protect\n|move|p1a: Flamigo|Acrobatics|p2a: Regieleki\n|-activate|p2a: Regieleki|move: Protect\n|move|p1b: Muk|Knock Off|p2b: Calyrex\n|-damage|p2b: Calyrex|41\/100 brn\n|-enditem|p2b: Calyrex|Never-Melt Ice|[from] move: Knock Off|[of] p1b: Muk\n|move|p2b: Calyrex|Trick Room|p2b: Calyrex\n|-fieldstart|move: Trick Room|[of] p2b: Calyrex\n|\n|-heal|p1b: Muk|97\/100|[from] item: Leftovers\n|-damage|p2b: Calyrex|35\/100 brn|[from] brn\n|-ability|p1b: Muk|Moody|boost\n|-boost|p1b: Muk|spa|2\n|-unboost|p1b: Muk|def|1\n|upkeep\n|turn|10\n|\n|t:|1737623362\n|move|p1a: Flamigo|Protect|p1a: Flamigo\n|-singleturn|p1a: Flamigo|Protect\n|move|p2b: Calyrex|Glacial Lance|p1b: Muk|[spread] p1b\n|-activate|p1a: Flamigo|move: Protect\n|-damage|p1b: Muk|57\/100\n|move|p1b: Muk|Knock Off|p2a: Regieleki\n|-damage|p2a: Regieleki|0 fnt\n|faint|p2a: Regieleki\n|\n|-heal|p1b: Muk|63\/100|[from] item: Leftovers\n|-damage|p2b: Calyrex|29\/100 brn|[from] brn\n|-ability|p1b: Muk|Moody|boost\n|-boost|p1b: Muk|spd|2\n|-unboost|p1b: Muk|spa|1\n|upkeep\n|\n|t:|1737623372\n|switch|p2a: Urshifu|Urshifu-Rapid-Strike, L50, F|100\/100\n|turn|11\n|j| tpg0001\n|\n|t:|1737623389\n|-terastallize|p1a: Flamigo|Steel\n|move|p2b: Calyrex|Glacial Lance|p1a: Flamigo|[spread] p1b\n|-miss|p2b: Calyrex|p1a: Flamigo\n|-damage|p1b: Muk|24\/100\n|move|p1b: Muk|Poison Gas||[still]|[spread] p2a,p2b\n|-status|p2a: Urshifu|psn\n|-fail|p1b: Muk\n|move|p2a: Urshifu|Surging Strikes|p1a: Flamigo|[miss]\n|-miss|p2a: Urshifu|p1a: Flamigo\n|move|p1a: Flamigo|Substitute|p1a: Flamigo\n|-start|p1a: Flamigo|Substitute\n|-damage|p1a: Flamigo|76\/100\n|\n|-heal|p1b: Muk|30\/100|[from] item: Leftovers\n|-damage|p2a: Urshifu|88\/100 psn|[from] psn\n|-damage|p2b: Calyrex|23\/100 brn|[from] brn\n|-ability|p1b: Muk|Moody|boost\n|-boost|p1b: Muk|spa|2\n|-unboost|p1b: Muk|def|1\n|upkeep\n|turn|12\n|inactive|amphy lighthouse has 30 seconds left.\n|\n|t:|1737623415\n|move|p1b: Muk|Protect|p1b: Muk\n|-singleturn|p1b: Muk|Protect\n|move|p2b: Calyrex|Glacial Lance|p1b: Muk|[spread] \n|-activate|p1b: Muk|move: Protect\n|-miss|p2b: Calyrex|p1a: Flamigo\n|move|p2a: Urshifu|Surging Strikes|p1a: Flamigo|[miss]\n|-miss|p2a: Urshifu|p1a: Flamigo\n|move|p1a: Flamigo|Acrobatics|p2b: Calyrex\n|-damage|p2b: Calyrex|0 fnt\n|faint|p2b: Calyrex\n|\n|-heal|p1b: Muk|36\/100|[from] item: Leftovers\n|-damage|p2a: Urshifu|76\/100 psn|[from] psn\n|-ability|p1b: Muk|Moody|boost\n|-boost|p1b: Muk|spd|2\n|-unboost|p1b: Muk|def|1\n|upkeep\n|turn|13\n|\n|t:|1737623433\n|move|p1b: Muk|Knock Off|p2a: Urshifu\n|-resisted|p2a: Urshifu\n|-damage|p2a: Urshifu|52\/100 psn\n|-enditem|p2a: Urshifu|Choice Scarf|[from] move: Knock Off|[of] p1b: Muk\n|move|p2a: Urshifu|Surging Strikes|p1a: Flamigo|[miss]\n|-miss|p2a: Urshifu|p1a: Flamigo\n|move|p1a: Flamigo|Acrobatics|p2a: Urshifu\n|-supereffective|p2a: Urshifu\n|-damage|p2a: Urshifu|0 fnt\n|faint|p2a: Urshifu\n|\n|win|amphy lighthouse\n|raw|amphy lighthouse's rating: 1553 &rarr; <strong>1582<\/strong><br \/>(+29 for winning)\n|raw|something123's rating: 1714 &rarr; <strong>1685<\/strong><br \/>(-29 for losing)\n|l|\u2606something123\n|player|p2|\n|l| Kal0stest\n|l|\u2606amphy lighthouse\n|player|p1|\n","uploadtime":1737623636,"views":56,"formatid":"gen9vgc2025regg","rating":1582,"private":0,"password":null}