{"id":"gen9vgc2025regg-2286515026","format":"[Gen 9] VGC 2025 Reg G","players":["superpowerpoke","anyaforger21"],"log":"|j|\u2606superpowerpoke\n|j|\u203danyaforger21\n|t:|1737619984\n|gametype|doubles\n|player|p1|superpowerpoke|169|1550\n|player|p2|anyaforger21|caitlin|1599\n|teamsize|p1|6\n|teamsize|p2|6\n|gen|9\n|tier|[Gen 9] VGC 2025 Reg G\n|rated|\n|rule|Species Clause: Limit one of each Pok\u00e9mon\n|rule|Item Clause: Limit 1 of each item\n|clearpoke\n|poke|p1|Kyogre, L50|\n|poke|p1|Archaludon, L50, F|\n|poke|p1|Grimmsnarl, L50, M|\n|poke|p1|Amoonguss, L50, M|\n|poke|p1|Ditto, L50|\n|poke|p1|Iron Hands, L50|\n|poke|p2|Ogerpon-Wellspring, L50, F|\n|poke|p2|Calyrex-Ice, L50|\n|poke|p2|Annihilape, L50, M|\n|poke|p2|Smeargle, L50, M|\n|poke|p2|Urshifu-*, L50, M|\n|poke|p2|Ursaluna-Bloodmoon, L50, M|\n|teampreview|4\n|\n|t:|1737620013\n|start\n|switch|p1a: Kyogre|Kyogre, L50|100\/100\n|switch|p1b: Grimmsnarl|Grimmsnarl, L50, M|100\/100\n|switch|p2a: Ogerpon|Ogerpon-Wellspring, L50, F|100\/100\n|switch|p2b: Annihilape|Annihilape, L50, M|100\/100\n|-weather|RainDance|[from] ability: Drizzle|[of] p1a: Kyogre\n|turn|1\n|\n|t:|1737620035\n|switch|p1a: Amoonguss|Amoonguss, L50, M|100\/100\n|move|p2a: Ogerpon|Follow Me|p2a: Ogerpon\n|-singleturn|p2a: Ogerpon|move: Follow Me\n|move|p1b: Grimmsnarl|Reflect|p1b: Grimmsnarl\n|-sidestart|p1: superpowerpoke|Reflect\n|move|p2b: Annihilape|Final Gambit|p1a: Amoonguss\n|-damage|p1a: Amoonguss|5\/100\n|faint|p2b: Annihilape\n|\n|-weather|RainDance|[upkeep]\n|upkeep\n|\n|t:|1737620043\n|switch|p2b: Calyrex|Calyrex-Ice, L50|100\/100\n|-ability|p2b: Calyrex|As One\n|-ability|p2b: Calyrex|Unnerve\n|turn|2\n|\n|t:|1737620065\n|switch|p1a: Archaludon|Archaludon, L50, F|100\/100\n|move|p1b: Grimmsnarl|Light Screen|p1b: Grimmsnarl\n|-sidestart|p1: superpowerpoke|move: Light Screen\n|move|p2a: Ogerpon|Ivy Cudgel|p1b: Grimmsnarl|[anim] Ivy Cudgel Water\n|-damage|p1b: Grimmsnarl|59\/100\n|move|p2b: Calyrex|Glacial Lance|p1a: Archaludon|[spread] p1a,p1b\n|-damage|p1a: Archaludon|72\/100\n|-damage|p1b: Grimmsnarl|21\/100\n|-ability|p1a: Archaludon|Stamina|boost\n|-boost|p1a: Archaludon|def|1\n|\n|-weather|RainDance|[upkeep]\n|upkeep\n|turn|3\n|\n|t:|1737620096\n|move|p2a: Ogerpon|Follow Me|p2a: Ogerpon\n|-singleturn|p2a: Ogerpon|move: Follow Me\n|move|p1b: Grimmsnarl|Parting Shot|p2a: Ogerpon\n|-unboost|p2a: Ogerpon|atk|1\n|-unboost|p2a: Ogerpon|spa|1\n|\n|t:|1737620101\n|switch|p1b: Kyogre|Kyogre, L50|100\/100|[from] Parting Shot\n|move|p1a: Archaludon|Electro Shot||[still]\n|-prepare|p1a: Archaludon|Electro Shot\n|-boost|p1a: Archaludon|spa|1\n|-anim|p1a: Archaludon|Electro Shot|p2a: Ogerpon\n|-damage|p2a: Ogerpon|48\/100\n|move|p2b: Calyrex|Trick Room|p2b: Calyrex\n|-fieldstart|move: Trick Room|[of] p2b: Calyrex\n|\n|-weather|RainDance|[upkeep]\n|upkeep\n|turn|4\n|\n|t:|1737620124\n|-terastallize|p2b: Calyrex|Water\n|move|p2a: Ogerpon|Follow Me|p2a: Ogerpon\n|-singleturn|p2a: Ogerpon|move: Follow Me\n|move|p2b: Calyrex|Glacial Lance|p1a: Archaludon|[spread] p1a,p1b\n|-resisted|p1b: Kyogre\n|-crit|p1b: Kyogre\n|-damage|p1a: Archaludon|51\/100\n|-damage|p1b: Kyogre|57\/100\n|-ability|p1a: Archaludon|Stamina|boost\n|-boost|p1a: Archaludon|def|1\n|move|p1a: Archaludon|Electro Shot||[still]\n|-prepare|p1a: Archaludon|Electro Shot\n|-boost|p1a: Archaludon|spa|1\n|-anim|p1a: Archaludon|Electro Shot|p2a: Ogerpon\n|-damage|p2a: Ogerpon|0 fnt\n|faint|p2a: Ogerpon\n|move|p1b: Kyogre|Ice Beam|p2b: Calyrex\n|-resisted|p2b: Calyrex\n|-damage|p2b: Calyrex|88\/100\n|\n|-weather|RainDance|[upkeep]\n|-heal|p1b: Kyogre|63\/100|[from] item: Leftovers\n|upkeep\n|\n|t:|1737620137\n|switch|p2a: Urshifu|Urshifu, L50, M|100\/100\n|turn|5\n|\n|t:|1737620160\n|switch|p1b: Grimmsnarl|Grimmsnarl, L50, M|21\/100\n|-terastallize|p1a: Archaludon|Fairy\n|move|p2b: Calyrex|Glacial Lance|p1b: Grimmsnarl|[spread] p1a,p1b\n|-damage|p1a: Archaludon|36\/100\n|-damage|p1b: Grimmsnarl|0 fnt\n|-ability|p1a: Archaludon|Stamina|boost\n|-boost|p1a: Archaludon|def|1\n|faint|p1b: Grimmsnarl\n|-ability|p2b: Calyrex|Chilling Neigh|boost\n|-boost|p2b: Calyrex|atk|1\n|move|p2a: Urshifu|Wicked Blow|p1a: Archaludon\n|-resisted|p1a: Archaludon\n|-crit|p1a: Archaludon\n|-damage|p1a: Archaludon|0 fnt\n|faint|p1a: Archaludon\n|\n|-weather|none\n|upkeep\n|\n|t:|1737620179\n|switch|p1b: Kyogre|Kyogre, L50|63\/100\n|switch|p1a: Amoonguss|Amoonguss, L50, M|38\/100\n|-weather|RainDance|[from] ability: Drizzle|[of] p1b: Kyogre\n|turn|6\n|-message|superpowerpoke forfeited.\n|\n|win|anyaforger21\n|raw|superpowerpoke's rating: 1550 &rarr; <strong>1533<\/strong><br \/>(-17 for losing)\n|raw|anyaforger21's rating: 1599 &rarr; <strong>1616<\/strong><br \/>(+17 for winning)\n|l|\u203danyaforger21\n|player|p2|\n|l|\u2606superpowerpoke\n|player|p1|\n","uploadtime":1737620410,"views":6,"formatid":"gen9vgc2025regg","rating":1533,"private":0,"password":null}