{"id":"gen9vgc2025regg-2286035987","format":"[Gen 9] VGC 2025 Reg G","players":["AntonioTuercas","tz999"],"log":"|j|\u2606AntonioTuercas\n|j|\u2606tz999\n|t:|1737561650\n|gametype|doubles\n|player|p1|AntonioTuercas|265|1556\n|player|p2|tz999|169|1538\n|teamsize|p1|6\n|teamsize|p2|6\n|gen|9\n|tier|[Gen 9] VGC 2025 Reg G\n|rated|\n|rule|Species Clause: Limit one of each Pok\u00e9mon\n|rule|Item Clause: Limit 1 of each item\n|clearpoke\n|poke|p1|Regidrago, L50|\n|poke|p1|Chi-Yu, L50|\n|poke|p1|Farigiraf, L50, M|\n|poke|p1|Groudon, L50|\n|poke|p1|Hitmontop, L50, M|\n|poke|p1|Jumpluff, L50, M|\n|poke|p2|Calyrex-Ice, L50|\n|poke|p2|Ogerpon-Hearthflame, L50, F|\n|poke|p2|Chandelure, L50, F|\n|poke|p2|Landorus, L50, M|\n|poke|p2|Farigiraf, L50, F|\n|poke|p2|Urshifu-*, L50, M|\n|teampreview|4\n|\n|t:|1737561678\n|start\n|switch|p1a: Regidrago|Regidrago, L50|100\/100\n|switch|p1b: Chi-Yu|Chi-Yu, L50|100\/100\n|switch|p2a: Calyrex|Calyrex-Ice, L50|100\/100\n|switch|p2b: Ogerpon|Ogerpon-Hearthflame, L50, F|100\/100\n|-ability|p2a: Calyrex|As One\n|-ability|p2a: Calyrex|Unnerve\n|-ability|p1b: Chi-Yu|Beads of Ruin\n|-ability|p2b: Ogerpon|Mold Breaker\n|turn|1\n|inactive|Battle timer is ON: inactive players will automatically lose when time's up. (requested by AntonioTuercas)\n|\n|t:|1737561693\n|-terastallize|p1a: Regidrago|Dragon\n|-terastallize|p2a: Calyrex|Water\n|move|p2b: Ogerpon|Spiky Shield|p2b: Ogerpon\n|-singleturn|p2b: Ogerpon|move: Protect\n|move|p1a: Regidrago|Dragon Energy|p2a: Calyrex|[spread] p2a\n|-activate|p2b: Ogerpon|move: Protect\n|-damage|p2a: Calyrex|15\/100\n|-enditem|p2a: Calyrex|Sitrus Berry|[eat]\n|-heal|p2a: Calyrex|40\/100|[from] item: Sitrus Berry\n|move|p1b: Chi-Yu|Heat Wave|p2a: Calyrex|[spread] p2a\n|-activate|p2b: Ogerpon|move: Protect\n|-resisted|p2a: Calyrex\n|-damage|p2a: Calyrex|24\/100\n|move|p2a: Calyrex|Glacial Lance|p1a: Regidrago|[spread] p1a,p1b\n|-supereffective|p1a: Regidrago\n|-resisted|p1b: Chi-Yu\n|-damage|p1a: Regidrago|0 fnt\n|-damage|p1b: Chi-Yu|50\/100\n|faint|p1a: Regidrago\n|-ability|p2a: Calyrex|Chilling Neigh|boost\n|-boost|p2a: Calyrex|atk|1\n|\n|upkeep\n|\n|t:|1737561716\n|switch|p1a: Hitmontop|Hitmontop, L50, M|100\/100\n|-ability|p1a: Hitmontop|Intimidate|boost\n|-unboost|p2a: Calyrex|atk|1\n|-unboost|p2b: Ogerpon|atk|1\n|turn|2\n|\n|t:|1737561734\n|switch|p2a: Farigiraf|Farigiraf, L50, F|100\/100\n|move|p1a: Hitmontop|Feint||[still]\n|cant|p2a: Farigiraf|ability: Armor Tail|Feint|[of] p1a: Hitmontop\n|move|p1b: Chi-Yu|Dark Pulse|p2a: Farigiraf\n|-supereffective|p2a: Farigiraf\n|-damage|p2a: Farigiraf|0 fnt\n|faint|p2a: Farigiraf\n|move|p2b: Ogerpon|Ivy Cudgel|p1a: Hitmontop|[anim] Ivy Cudgel Fire\n|-damage|p1a: Hitmontop|64\/100\n|\n|-heal|p1a: Hitmontop|70\/100|[from] item: Leftovers\n|upkeep\n|\n|t:|1737561747\n|switch|p2a: Landorus|Landorus, L50, M|100\/100\n|turn|3\n|\n|t:|1737561763\n|move|p2a: Landorus|Earth Power|p1a: Hitmontop\n|-damage|p1a: Hitmontop|0 fnt\n|faint|p1a: Hitmontop\n|move|p1b: Chi-Yu|Heat Wave|p2a: Landorus|[spread] p2b\n|-miss|p1b: Chi-Yu|p2a: Landorus\n|-damage|p2b: Ogerpon|52\/100\n|move|p2b: Ogerpon|Ivy Cudgel|p1b: Chi-Yu|[anim] Ivy Cudgel Fire\n|-resisted|p1b: Chi-Yu\n|-damage|p1b: Chi-Yu|15\/100\n|\n|upkeep\n|\n|t:|1737561771\n|switch|p1a: Groudon|Groudon, L50|100\/100\n|-weather|SunnyDay|[from] ability: Drought|[of] p1a: Groudon\n|turn|4\n|\n|t:|1737561783\n|switch|p2b: Calyrex|Calyrex-Ice, L50, tera:Water|24\/100\n|-ability|p2b: Calyrex|As One\n|-ability|p2b: Calyrex|Unnerve\n|move|p1b: Chi-Yu|Protect|p1b: Chi-Yu\n|-singleturn|p1b: Chi-Yu|Protect\n|move|p2a: Landorus|Earth Power|p1b: Chi-Yu\n|-activate|p1b: Chi-Yu|move: Protect\n|move|p1a: Groudon|Heat Crash|p2a: Landorus\n|-damage|p2a: Landorus|11\/100\n|\n|-weather|SunnyDay|[upkeep]\n|upkeep\n|turn|5\n|\n|t:|1737561801\n|move|p2a: Landorus|Earth Power|p1b: Chi-Yu\n|-supereffective|p1b: Chi-Yu\n|-damage|p1b: Chi-Yu|0 fnt\n|faint|p1b: Chi-Yu\n|move|p1a: Groudon|Precipice Blades|p2b: Calyrex|[spread] p2b\n|-immune|p2a: Landorus\n|-damage|p2b: Calyrex|0 fnt\n|faint|p2b: Calyrex\n|\n|-weather|SunnyDay|[upkeep]\n|upkeep\n|\n|t:|1737561810\n|switch|p2b: Ogerpon|Ogerpon-Hearthflame, L50, F|52\/100\n|-ability|p2b: Ogerpon|Mold Breaker\n|turn|6\n|\n|t:|1737561819\n|move|p2b: Ogerpon|Spiky Shield|p2b: Ogerpon\n|-singleturn|p2b: Ogerpon|move: Protect\n|move|p2a: Landorus|Earth Power|p1a: Groudon\n|-damage|p1a: Groudon|50\/100\n|move|p1a: Groudon|Heat Crash|p2a: Landorus\n|-damage|p2a: Landorus|0 fnt\n|faint|p2a: Landorus\n|\n|-weather|SunnyDay|[upkeep]\n|upkeep\n|turn|7\n|\n|t:|1737561832\n|move|p2b: Ogerpon|Wood Hammer|p1a: Groudon\n|-supereffective|p1a: Groudon\n|-damage|p1a: Groudon|0 fnt\n|faint|p1a: Groudon\n|-damage|p2b: Ogerpon|35\/100|[from] Recoil\n|\n|win|tz999\n|raw|AntonioTuercas's rating: 1556 &rarr; <strong>1535<\/strong><br \/>(-21 for losing)\n|raw|tz999's rating: 1538 &rarr; <strong>1559<\/strong><br \/>(+21 for winning)\n|l|\u2606AntonioTuercas\n|player|p1|\n|l|\u2606tz999\n|player|p2|\n","uploadtime":1737562083,"views":24,"formatid":"gen9vgc2025regg","rating":1535,"private":0,"password":null}