{"id":"gen9vgc2025regg-2286941513","format":"[Gen 9] VGC 2025 Reg G","players":["Grissin Bon","Hikawari"],"log":"|j|\u2606Grissin Bon\n|j|\u2606Hikawari\n|t:|1737670556\n|gametype|doubles\n|player|p1|Grissin Bon|proton|1717\n|player|p2|Hikawari|265|1615\n|teamsize|p1|6\n|teamsize|p2|6\n|gen|9\n|tier|[Gen 9] VGC 2025 Reg G\n|rated|\n|rule|Species Clause: Limit one of each Pok\u00e9mon\n|rule|Item Clause: Limit 1 of each item\n|clearpoke\n|poke|p1|Ursaluna, L50, F|\n|poke|p1|Lunala, L50|\n|poke|p1|Indeedee-F, L50, F|\n|poke|p1|Whimsicott, L50, F|\n|poke|p1|Urshifu-*, L50, F|\n|poke|p1|Chi-Yu, L50|\n|poke|p2|Zamazenta-*, L50|\n|poke|p2|Chi-Yu, L50|\n|poke|p2|Rillaboom, L50, F|\n|poke|p2|Flutter Mane, L50|\n|poke|p2|Chien-Pao, L50|\n|poke|p2|Amoonguss, L50, M|\n|teampreview|4\n|inactive|Battle timer is ON: inactive players will automatically lose when time's up. (requested by Hikawari)\n|inactive|Hikawari has 60 seconds left.\n|\n|t:|1737670594\n|start\n|switch|p1a: Lunala|Lunala, L50|100\/100\n|switch|p1b: Whimsicott|Whimsicott, L50, F|100\/100\n|switch|p2a: Chi-Yu|Chi-Yu, L50|100\/100\n|switch|p2b: Amoonguss|Amoonguss, L50, M|100\/100\n|-ability|p2a: Chi-Yu|Beads of Ruin\n|turn|1\n|inactive|Grissin Bon has 30 seconds left.\n|inactive|Grissin Bon has 20 seconds left.\n|\n|t:|1737670630\n|move|p1b: Whimsicott|Tailwind|p1b: Whimsicott\n|-sidestart|p1: Grissin Bon|move: Tailwind\n|move|p1a: Lunala|Expanding Force|p2b: Amoonguss\n|-supereffective|p2b: Amoonguss\n|-damage|p2b: Amoonguss|0 fnt\n|faint|p2b: Amoonguss\n|move|p2a: Chi-Yu|Snarl|p1b: Whimsicott|[spread] p1a,p1b\n|-supereffective|p1a: Lunala\n|-resisted|p1b: Whimsicott\n|-damage|p1a: Lunala|62\/100\n|-damage|p1b: Whimsicott|81\/100\n|-unboost|p1a: Lunala|spa|1\n|\n|upkeep\n|\n|t:|1737670639\n|switch|p2b: Zamazenta|Zamazenta-Crowned, L50|100\/100\n|-ability|p2b: Zamazenta|Dauntless Shield|boost\n|-boost|p2b: Zamazenta|def|1\n|turn|2\n|\n|t:|1737670646\n|move|p1b: Whimsicott|Moonblast|p2a: Chi-Yu\n|-damage|p2a: Chi-Yu|61\/100\n|move|p1a: Lunala|Meteor Beam||[still]\n|-prepare|p1a: Lunala|Meteor Beam\n|-boost|p1a: Lunala|spa|1\n|-enditem|p1a: Lunala|Power Herb\n|-anim|p1a: Lunala|Meteor Beam|p2a: Chi-Yu\n|-supereffective|p2a: Chi-Yu\n|-damage|p2a: Chi-Yu|0 fnt\n|faint|p2a: Chi-Yu\n|move|p2b: Zamazenta|Heavy Slam|p1b: Whimsicott\n|-supereffective|p1b: Whimsicott\n|-damage|p1b: Whimsicott|0 fnt\n|faint|p1b: Whimsicott\n|\n|upkeep\n|j| ogaroa\n|\n|t:|1737670663\n|switch|p2a: Rillaboom|Rillaboom, L50, F|100\/100\n|switch|p1b: Chi-Yu|Chi-Yu, L50|100\/100\n|-ability|p1b: Chi-Yu|Beads of Ruin\n|-fieldstart|move: Grassy Terrain|[from] ability: Grassy Surge|[of] p2a: Rillaboom\n|turn|3\n|\n|t:|1737670677\n|switch|p1b: Indeedee|Indeedee-F, L50, F|100\/100\n|-fieldstart|move: Psychic Terrain|[from] ability: Psychic Surge|[of] p1b: Indeedee\n|-terastallize|p2b: Zamazenta|Dragon\n|move|p2b: Zamazenta|Wide Guard|p2b: Zamazenta\n|-singleturn|p2b: Zamazenta|Wide Guard\n|move|p1a: Lunala|Expanding Force|p2a: Rillaboom|[spread] \n|-activate|p2a: Rillaboom|move: Wide Guard\n|-activate|p2b: Zamazenta|move: Wide Guard\n|move|p2a: Rillaboom|Wood Hammer|p1a: Lunala\n|-damage|p1a: Lunala|13\/100\n|-damage|p2a: Rillaboom|81\/100|[from] Recoil\n|\n|upkeep\n|turn|4\n|inactive|Grissin Bon has 30 seconds left.\n|inactive|Grissin Bon has 20 seconds left.\n|\n|t:|1737670714\n|move|p1b: Indeedee|Helping Hand|p1a: Lunala\n|-singleturn|p1a: Lunala|Helping Hand|[of] p1b: Indeedee\n|move|p1a: Lunala|Moongeist Beam|p2a: Rillaboom\n|-damage|p2a: Rillaboom|20\/100\n|move|p2b: Zamazenta|Body Press|p1b: Indeedee\n|-damage|p1b: Indeedee|28\/100\n|-damage|p2b: Zamazenta|84\/100|[from] item: Rocky Helmet|[of] p1b: Indeedee\n|move|p2a: Rillaboom|Wood Hammer|p1b: Indeedee\n|-damage|p1b: Indeedee|0 fnt\n|-damage|p2a: Rillaboom|4\/100|[from] item: Rocky Helmet|[of] p1b: Indeedee\n|faint|p1b: Indeedee\n|-damage|p2a: Rillaboom|0 fnt|[from] Recoil\n|faint|p2a: Rillaboom\n|\n|-sideend|p1: Grissin Bon|move: Tailwind\n|upkeep\n|\n|t:|1737670725\n|switch|p1b: Chi-Yu|Chi-Yu, L50|100\/100\n|-ability|p1b: Chi-Yu|Beads of Ruin\n|turn|5\n|\n|t:|1737670739\n|move|p1b: Chi-Yu|Dark Pulse|p2b: Zamazenta\n|-damage|p2b: Zamazenta|39\/100\n|move|p2b: Zamazenta|Heavy Slam|p1a: Lunala\n|-damage|p1a: Lunala|0 fnt\n|faint|p1a: Lunala\n|\n|upkeep\n|turn|6\n|\n|t:|1737670748\n|move|p1b: Chi-Yu|Dark Pulse|p2b: Zamazenta\n|-damage|p2b: Zamazenta|0 fnt\n|faint|p2b: Zamazenta\n|\n|win|Grissin Bon\n|raw|Grissin Bon's rating: 1717 &rarr; <strong>1731<\/strong><br \/>(+14 for winning)\n|raw|Hikawari's rating: 1615 &rarr; <strong>1601<\/strong><br \/>(-14 for losing)\n|l|\u2606Hikawari\n|player|p2|\n|l|\u2606Grissin Bon\n|player|p1|\n","uploadtime":1737670763,"views":29,"formatid":"gen9vgc2025regg","rating":1601,"private":0,"password":null}