{"id":"gen9vgc2025regg-2286477870","format":"[Gen 9] VGC 2025 Reg G","players":["jibaobao","Playeroo7"],"log":"|j|\u2606jibaobao\n|j|\u2606Playeroo7\n|t:|1737612974\n|gametype|doubles\n|player|p1|jibaobao|crasherwake|1518\n|player|p2|Playeroo7|102|1554\n|teamsize|p1|6\n|teamsize|p2|6\n|gen|9\n|tier|[Gen 9] VGC 2025 Reg G\n|rated|\n|rule|Species Clause: Limit one of each Pok\u00e9mon\n|rule|Item Clause: Limit 1 of each item\n|clearpoke\n|poke|p1|Calyrex-Shadow, L50|\n|poke|p1|Dondozo, L50, M|\n|poke|p1|Whimsicott, L50, F|\n|poke|p1|Ting-Lu, L50|\n|poke|p1|Ogerpon-Hearthflame, L50, F|\n|poke|p1|Raging Bolt, L50|\n|poke|p2|Calyrex-Ice, L50|\n|poke|p2|Urshifu-*, L50, F|\n|poke|p2|Incineroar, L50, M|\n|poke|p2|Amoonguss, L50, F|\n|poke|p2|Raging Bolt, L50|\n|poke|p2|Indeedee-F, L50, F|\n|teampreview|4\n|inactive|Battle timer is ON: inactive players will automatically lose when time's up. (requested by Playeroo7)\n|inactive|Playeroo7 has 60 seconds left.\n|\n|t:|1737613006\n|start\n|switch|p1a: Ting-Lu|Ting-Lu, L50|100\/100\n|switch|p1b: Dondozo|Dondozo, L50, M|100\/100\n|switch|p2a: Calyrex|Calyrex-Ice, L50|100\/100\n|switch|p2b: Indeedee|Indeedee-F, L50, F|100\/100\n|-ability|p2a: Calyrex|As One\n|-ability|p2a: Calyrex|Unnerve\n|-fieldstart|move: Psychic Terrain|[from] ability: Psychic Surge|[of] p2b: Indeedee\n|-enditem|p2b: Indeedee|Psychic Seed\n|-boost|p2b: Indeedee|spd|1|[from] item: Psychic Seed\n|-ability|p1a: Ting-Lu|Vessel of Ruin\n|turn|1\n|j| glowsea2020\n|\n|t:|1737613025\n|-terastallize|p1a: Ting-Lu|Water\n|move|p2b: Indeedee|Follow Me|p2b: Indeedee\n|-singleturn|p2b: Indeedee|move: Follow Me\n|move|p1a: Ting-Lu|Stealth Rock|p2a: Calyrex\n|-sidestart|p2: Playeroo7|move: Stealth Rock\n|move|p1b: Dondozo|Yawn|p2b: Indeedee\n|-start|p2b: Indeedee|move: Yawn|[of] p1b: Dondozo\n|move|p2a: Calyrex|Trick Room|p2a: Calyrex\n|-fieldstart|move: Trick Room|[of] p2a: Calyrex\n|\n|upkeep\n|turn|2\n|\n|t:|1737613041\n|switch|p2b: Raging Bolt|Raging Bolt, L50|100\/100\n|-damage|p2b: Raging Bolt|88\/100|[from] Stealth Rock\n|move|p2a: Calyrex|Protect|p2a: Calyrex\n|-singleturn|p2a: Calyrex|Protect\n|move|p1b: Dondozo|Wave Crash|p2a: Calyrex\n|-activate|p2a: Calyrex|move: Protect\n|move|p1a: Ting-Lu|Ruination|p2a: Calyrex\n|-activate|p2a: Calyrex|move: Protect\n|\n|upkeep\n|turn|3\n|l| glowsea2020\n|inactive|Playeroo7 has 30 seconds left.\n|\n|t:|1737613067\n|switch|p2a: Incineroar|Incineroar, L50, M|100\/100\n|-damage|p2a: Incineroar|76\/100|[from] Stealth Rock\n|-ability|p2a: Incineroar|Intimidate|boost\n|-unboost|p1a: Ting-Lu|atk|1\n|-unboost|p1b: Dondozo|atk|1\n|move|p1b: Dondozo|Bulldoze|p2a: Incineroar|[spread] p1a,p2a,p2b\n|-supereffective|p2a: Incineroar\n|-supereffective|p2b: Raging Bolt\n|-damage|p1a: Ting-Lu|97\/100\n|-damage|p2a: Incineroar|63\/100\n|-damage|p2b: Raging Bolt|75\/100\n|-unboost|p1a: Ting-Lu|spe|1\n|-unboost|p2a: Incineroar|spe|1\n|-unboost|p2b: Raging Bolt|spe|1\n|move|p1a: Ting-Lu|Ruination|p2b: Raging Bolt\n|-damage|p2b: Raging Bolt|38\/100\n|move|p2b: Raging Bolt|Thunderbolt|p1a: Ting-Lu\n|-supereffective|p1a: Ting-Lu\n|-damage|p1a: Ting-Lu|44\/100\n|\n|upkeep\n|turn|4\n|inactive|Playeroo7 has 30 seconds left.\n|inactive|Playeroo7 has 20 seconds left.\n|j| stewpeed\n|inactive|Playeroo7 has 15 seconds left.\n|inactive|Playeroo7 has 10 seconds left.\n|\n|t:|1737613113\n|-end|p2b: Raging Bolt|Protosynthesis|[silent]\n|switch|p2b: Indeedee|Indeedee-F, L50, F|100\/100\n|-damage|p2b: Indeedee|88\/100|[from] Stealth Rock\n|move|p2a: Incineroar|Fake Out|p1b: Dondozo\n|-activate|p1b: Dondozo|move: Psychic Terrain\n|move|p1a: Ting-Lu|Ruination|p2a: Incineroar\n|-damage|p2a: Incineroar|32\/100\n|move|p1b: Dondozo|Wave Crash|p2a: Incineroar\n|-supereffective|p2a: Incineroar\n|-damage|p2a: Incineroar|0 fnt\n|faint|p2a: Incineroar\n|-damage|p1b: Dondozo|92\/100|[from] Recoil\n|\n|-heal|p1b: Dondozo|99\/100|[from] item: Leftovers\n|upkeep\n|\n|t:|1737613121\n|switch|p2a: Calyrex|Calyrex-Ice, L50|100\/100\n|-ability|p2a: Calyrex|As One\n|-ability|p2a: Calyrex|Unnerve\n|-damage|p2a: Calyrex|76\/100|[from] Stealth Rock\n|turn|5\n|\n|t:|1737613141\n|move|p2b: Indeedee|Helping Hand|p2a: Calyrex\n|-singleturn|p2a: Calyrex|Helping Hand|[of] p2b: Indeedee\n|move|p1a: Ting-Lu|Taunt|p2b: Indeedee\n|-start|p2b: Indeedee|move: Taunt\n|move|p1b: Dondozo|Yawn|p2a: Calyrex\n|-start|p2a: Calyrex|move: Yawn|[of] p1b: Dondozo\n|move|p2a: Calyrex|High Horsepower|p1a: Ting-Lu\n|-damage|p1a: Ting-Lu|10\/100\n|-damage|p2a: Calyrex|59\/100|[from] item: Rocky Helmet|[of] p1a: Ting-Lu\n|\n|-heal|p1b: Dondozo|100\/100|[from] item: Leftovers\n|-fieldend|move: Trick Room\n|-fieldend|move: Psychic Terrain\n|upkeep\n|turn|6\n|\n|t:|1737613158\n|switch|p2a: Raging Bolt|Raging Bolt, L50|38\/100\n|-damage|p2a: Raging Bolt|25\/100|[from] Stealth Rock\n|move|p2b: Indeedee|Alluring Voice|p1a: Ting-Lu\n|-damage|p1a: Ting-Lu|1\/100\n|move|p1b: Dondozo|Wave Crash|p2b: Indeedee\n|-crit|p2b: Indeedee\n|-damage|p2b: Indeedee|32\/100\n|-damage|p1b: Dondozo|88\/100|[from] Recoil\n|move|p1a: Ting-Lu|Ruination|p2b: Indeedee\n|-damage|p2b: Indeedee|16\/100\n|\n|-heal|p1b: Dondozo|94\/100|[from] item: Leftovers\n|upkeep\n|turn|7\n|\n|t:|1737613177\n|-terastallize|p2a: Raging Bolt|Electric\n|move|p2b: Indeedee|Alluring Voice|p1a: Ting-Lu\n|-damage|p1a: Ting-Lu|0 fnt\n|faint|p1a: Ting-Lu\n|move|p2a: Raging Bolt|Volt Switch|p1b: Dondozo\n|-supereffective|p1b: Dondozo\n|-damage|p1b: Dondozo|11\/100\n|\n|t:|1737613184\n|-end|p2a: Raging Bolt|Protosynthesis|[silent]\n|switch|p2a: Calyrex|Calyrex-Ice, L50|59\/100|[from] Volt Switch\n|-ability|p2a: Calyrex|As One\n|-ability|p2a: Calyrex|Unnerve\n|-damage|p2a: Calyrex|35\/100|[from] Stealth Rock\n|move|p1b: Dondozo|Bulldoze|p2b: Indeedee|[spread] p2a,p2b\n|-damage|p2a: Calyrex|30\/100\n|-damage|p2b: Indeedee|10\/100\n|-unboost|p2b: Indeedee|spe|1\n|\n|-heal|p1b: Dondozo|18\/100|[from] item: Leftovers\n|upkeep\n|\n|t:|1737613196\n|switch|p1a: Calyrex|Calyrex-Shadow, L50|100\/100\n|-ability|p1a: Calyrex|As One\n|-ability|p1a: Calyrex|Unnerve\n|turn|8\n|\n|t:|1737613205\n|switch|p2a: Raging Bolt|Raging Bolt, L50, tera:Electric|25\/100\n|-damage|p2a: Raging Bolt|13\/100|[from] Stealth Rock\n|switch|p1b: Ogerpon|Ogerpon-Hearthflame, L50, F|100\/100\n|-ability|p1b: Ogerpon|Mold Breaker\n|move|p1a: Calyrex|Astral Barrage|p2a: Raging Bolt|[spread] p2a\n|-immune|p2b: Indeedee\n|-damage|p2a: Raging Bolt|0 fnt\n|faint|p2a: Raging Bolt\n|-end|p2a: Raging Bolt|Protosynthesis|[silent]\n|-ability|p1a: Calyrex|Grim Neigh|boost\n|-boost|p1a: Calyrex|spa|1\n|move|p2b: Indeedee|Alluring Voice|p1b: Ogerpon\n|-resisted|p1b: Ogerpon\n|-damage|p1b: Ogerpon|92\/100\n|\n|-end|p2b: Indeedee|move: Taunt\n|upkeep\n|\n|t:|1737613211\n|switch|p2a: Calyrex|Calyrex-Ice, L50|30\/100\n|-ability|p2a: Calyrex|As One\n|-ability|p2a: Calyrex|Unnerve\n|-damage|p2a: Calyrex|6\/100|[from] Stealth Rock\n|turn|9\n|\n|t:|1737613231\n|move|p2a: Calyrex|Protect|p2a: Calyrex\n|-singleturn|p2a: Calyrex|Protect\n|move|p1a: Calyrex|Pollen Puff|p2b: Indeedee\n|-supereffective|p2b: Indeedee\n|-damage|p2b: Indeedee|0 fnt\n|faint|p2b: Indeedee\n|-ability|p1a: Calyrex|Grim Neigh|boost\n|-boost|p1a: Calyrex|spa|1\n|move|p1b: Ogerpon|Ivy Cudgel|p2a: Calyrex|[anim] Ivy Cudgel Fire\n|-activate|p2a: Calyrex|move: Protect\n|\n|upkeep\n|turn|10\n|\n|t:|1737613245\n|move|p1a: Calyrex|Psychic|p2a: Calyrex\n|-resisted|p2a: Calyrex\n|-damage|p2a: Calyrex|0 fnt\n|faint|p2a: Calyrex\n|\n|win|jibaobao\n|raw|jibaobao's rating: 1518 &rarr; <strong>1540<\/strong><br \/>(+22 for winning)\n|raw|Playeroo7's rating: 1554 &rarr; <strong>1532<\/strong><br \/>(-22 for losing)\n|l|\u2606Playeroo7\n|player|p2|\n","uploadtime":1737613252,"views":15,"formatid":"gen9vgc2025regg","rating":1532,"private":0,"password":null}