{"id":"gen9vgc2025regg-2286127156","format":"[Gen 9] VGC 2025 Reg G","players":["tommy2436","Meiose"],"log":"|j|\u2606tommy2436\n|j|\u2606Meiose\n|t:|1737570570\n|gametype|doubles\n|player|p1|tommy2436|169|1561\n|player|p2|Meiose|schoolkid-gen4|1646\n|teamsize|p1|6\n|teamsize|p2|6\n|gen|9\n|tier|[Gen 9] VGC 2025 Reg G\n|rated|\n|rule|Species Clause: Limit one of each Pok\u00e9mon\n|rule|Item Clause: Limit 1 of each item\n|clearpoke\n|poke|p1|Calyrex-Ice, L50|\n|poke|p1|Urshifu-*, L50, M|\n|poke|p1|Raging Bolt, L50|\n|poke|p1|Pelipper, L50, F|\n|poke|p1|Iron Valiant, L50|\n|poke|p1|Landorus, L50, M|\n|poke|p2|Zamazenta-*, L50|\n|poke|p2|Chien-Pao, L50|\n|poke|p2|Urshifu-*, L50, F|\n|poke|p2|Tornadus, L50, M|\n|poke|p2|Raging Bolt, L50|\n|poke|p2|Landorus, L50, M|\n|teampreview|4\n|j| UI Rain\n|j| Solringturn1\n|l| UI Rain\ntommy2436 rejected open team sheets.\n|inactive|Battle timer is ON: inactive players will automatically lose when time's up. (requested by tommy2436)\n|\n|t:|1737570671\n|start\n|switch|p1a: Iron Valiant|Iron Valiant, L50|100\/100\n|switch|p1b: Landorus|Landorus, L50, M|100\/100\n|switch|p2a: Urshifu|Urshifu, L50, F|100\/100\n|switch|p2b: Chien-Pao|Chien-Pao, L50|100\/100\n|-ability|p2b: Chien-Pao|Sword of Ruin\n|-enditem|p1a: Iron Valiant|Booster Energy\n|-activate|p1a: Iron Valiant|ability: Quark Drive|[fromitem]\n|-start|p1a: Iron Valiant|quarkdrivespe\n|turn|1\n|inactive|tommy2436 has 30 seconds left.\n|inactive|Meiose has 30 seconds left.\n|inactive|tommy2436 has 20 seconds left.\n|inactive|tommy2436 has 15 seconds left.\n|inactive|tommy2436 has 10 seconds left.\n|\n|t:|1737570718\n|-terastallize|p1b: Landorus|Poison\n|move|p2a: Urshifu|Detect|p2a: Urshifu\n|-singleturn|p2a: Urshifu|Protect\n|move|p1a: Iron Valiant|Icy Wind|p2a: Urshifu|[spread] p2b\n|-activate|p2a: Urshifu|move: Protect\n|-resisted|p2b: Chien-Pao\n|-damage|p2b: Chien-Pao|91\/100\n|-unboost|p2b: Chien-Pao|spe|1\n|move|p1b: Landorus|Earth Power|p2a: Urshifu\n|-activate|p2a: Urshifu|move: Protect\n|move|p2b: Chien-Pao|Ice Spinner|p1b: Landorus\n|-damage|p1b: Landorus|50\/100\n|\n|upkeep\n|turn|2\n|inactive|tommy2436 has 30 seconds left.\n|inactive|Meiose has 30 seconds left.\n|inactive|tommy2436 has 20 seconds left.\n|inactive|Meiose has 20 seconds left.\n|\n|t:|1737570761\n|move|p1b: Landorus|Protect|p1b: Landorus\n|-singleturn|p1b: Landorus|Protect\n|move|p2a: Urshifu|Sucker Punch||[still]\n|-fail|p2a: Urshifu\n|move|p2b: Chien-Pao|Sucker Punch||[still]\n|-fail|p2b: Chien-Pao\n|move|p1a: Iron Valiant|Encore|p2a: Urshifu\n|-start|p2a: Urshifu|Encore\n|\n|upkeep\n|turn|3\n|inactive|tommy2436 has 30 seconds left.\n|\n|t:|1737570793\n|switch|p2a: Zamazenta|Zamazenta-Crowned, L50|100\/100\n|-ability|p2a: Zamazenta|Dauntless Shield|boost\n|-boost|p2a: Zamazenta|def|1\n|switch|p1b: Urshifu|Urshifu-Rapid-Strike, L50, M|100\/100\n|move|p1a: Iron Valiant|Moonblast|p2b: Chien-Pao\n|-supereffective|p2b: Chien-Pao\n|-crit|p2b: Chien-Pao\n|-damage|p2b: Chien-Pao|0 fnt\n|faint|p2b: Chien-Pao\n|\n|upkeep\n|\n|t:|1737570801\n|switch|p2b: Raging Bolt|Raging Bolt, L50|100\/100\n|turn|4\n|inactive|tommy2436 has 30 seconds left.\n|inactive|Meiose has 30 seconds left.\n|inactive|tommy2436 has 20 seconds left.\n|\n|t:|1737570837\n|move|p1a: Iron Valiant|Protect|p1a: Iron Valiant\n|-singleturn|p1a: Iron Valiant|Protect\n|move|p2a: Zamazenta|Heavy Slam|p1a: Iron Valiant\n|-activate|p1a: Iron Valiant|move: Protect\n|move|p1b: Urshifu|Surging Strikes|p2a: Zamazenta\n|-crit|p2a: Zamazenta\n|-damage|p2a: Zamazenta|87\/100\n|-crit|p2a: Zamazenta\n|-damage|p2a: Zamazenta|74\/100\n|-crit|p2a: Zamazenta\n|-damage|p2a: Zamazenta|61\/100\n|-hitcount|p2a: Zamazenta|3\n|move|p2b: Raging Bolt|Draco Meteor|p1b: Urshifu\n|-damage|p1b: Urshifu|3\/100\n|-unboost|p2b: Raging Bolt|spa|2\n|\n|upkeep\n|turn|5\n|inactive|tommy2436 has 30 seconds left.\n|inactive|tommy2436 has 20 seconds left.\n|j| meklae\n|inactive|tommy2436 has 15 seconds left.\n|\n|t:|1737570882\n|move|p2b: Raging Bolt|Thunderclap|p1b: Urshifu\n|-supereffective|p1b: Urshifu\n|-damage|p1b: Urshifu|0 fnt\n|faint|p1b: Urshifu\n|move|p1a: Iron Valiant|Icy Wind|p2b: Raging Bolt|[spread] p2a,p2b\n|-resisted|p2a: Zamazenta\n|-supereffective|p2b: Raging Bolt\n|-damage|p2a: Zamazenta|57\/100\n|-damage|p2b: Raging Bolt|87\/100\n|-unboost|p2a: Zamazenta|spe|1\n|-unboost|p2b: Raging Bolt|spe|1\n|move|p2a: Zamazenta|Heavy Slam|p1a: Iron Valiant\n|-supereffective|p1a: Iron Valiant\n|-damage|p1a: Iron Valiant|10\/100\n|\n|upkeep\n|j| EllAkuro\n|l| meklae\n|\n|t:|1737570903\n|switch|p1b: Landorus|Landorus, L50, M, tera:Poison|50\/100\n|turn|6\n|j| Sorry Im Trapped\n|inactive|tommy2436 has 30 seconds left.\n|inactive|Meiose has 30 seconds left.\n|inactive|tommy2436 has 20 seconds left.\n|inactive|Meiose has 20 seconds left.\n|inactive|tommy2436 has 15 seconds left.\n|inactive|Meiose has 15 seconds left.\n|l| EllAkuro\n|inactive|tommy2436 has 10 seconds left.\n|\n|t:|1737570949\n|-terastallize|p2a: Zamazenta|Grass\n|move|p1a: Iron Valiant|Moonblast|p2a: Zamazenta\n|-damage|p2a: Zamazenta|27\/100\n|move|p1b: Landorus|Earth Power|p2b: Raging Bolt\n|-supereffective|p2b: Raging Bolt\n|-damage|p2b: Raging Bolt|2\/100\n|move|p2a: Zamazenta|Heavy Slam|p1a: Iron Valiant\n|-supereffective|p1a: Iron Valiant\n|-damage|p1a: Iron Valiant|0 fnt\n|faint|p1a: Iron Valiant\n|-end|p1a: Iron Valiant|Quark Drive|[silent]\n|move|p2b: Raging Bolt|Draco Meteor|p1b: Landorus\n|-damage|p1b: Landorus|10\/100\n|-unboost|p2b: Raging Bolt|spa|2\n|\n|upkeep\n|\n|t:|1737570964\n|switch|p1a: Calyrex|Calyrex-Ice, L50|100\/100\n|-ability|p1a: Calyrex|As One\n|-ability|p1a: Calyrex|Unnerve\n|turn|7\n|inactive|Meiose has 30 seconds left.\n|inactive|Meiose has 20 seconds left.\n|\n|t:|1737570999\n|move|p1b: Landorus|Protect|p1b: Landorus\n|-singleturn|p1b: Landorus|Protect\n|move|p2a: Zamazenta|Wide Guard|p2a: Zamazenta\n|-singleturn|p2a: Zamazenta|Wide Guard\n|move|p2b: Raging Bolt|Thunderclap||[still]\n|-fail|p2b: Raging Bolt\n|move|p1a: Calyrex|Glacial Lance|p2a: Zamazenta|[spread] \n|-activate|p2a: Zamazenta|move: Wide Guard\n|-activate|p2b: Raging Bolt|move: Wide Guard\n|\n|upkeep\n|turn|8\n|inactive|tommy2436 has 30 seconds left.\n|\n|t:|1737571034\n|move|p1b: Landorus|Protect||[still]\n|-fail|p1b: Landorus\n|move|p2b: Raging Bolt|Thunderclap||[still]\n|-fail|p2b: Raging Bolt\n|move|p2a: Zamazenta|Body Press|p1a: Calyrex\n|-damage|p1a: Calyrex|50\/100\n|move|p1a: Calyrex|Glacial Lance|p2a: Zamazenta|[spread] p2a,p2b\n|-supereffective|p2a: Zamazenta\n|-supereffective|p2b: Raging Bolt\n|-damage|p2a: Zamazenta|0 fnt\n|-damage|p2b: Raging Bolt|0 fnt\n|faint|p2a: Zamazenta\n|faint|p2b: Raging Bolt\n|-end|p2b: Raging Bolt|Protosynthesis|[silent]\n|-ability|p1a: Calyrex|Chilling Neigh|boost\n|-boost|p1a: Calyrex|atk|2\n|\n|upkeep\n|\n|t:|1737571037\n|switch|p2b: Urshifu|Urshifu, L50, F|100\/100\n|turn|9\n|inactive|tommy2436 has 30 seconds left.\n|\n|t:|1737571064\n|move|p2b: Urshifu|Wicked Blow|p1a: Calyrex\n|-supereffective|p1a: Calyrex\n|-crit|p1a: Calyrex\n|-damage|p1a: Calyrex|0 fnt\n|faint|p1a: Calyrex\n|move|p1b: Landorus|Earth Power|p2b: Urshifu\n|-damage|p2b: Urshifu|0 fnt\n|faint|p2b: Urshifu\n|\n|win|tommy2436\n|raw|tommy2436's rating: 1561 &rarr; <strong>1586<\/strong><br \/>(+25 for winning)\n|raw|Meiose's rating: 1646 &rarr; <strong>1621<\/strong><br \/>(-25 for losing)\n|l|\u2606tommy2436\n|player|p1|\n","uploadtime":1737571079,"views":33,"formatid":"gen9vgc2025regg","rating":1586,"private":0,"password":null}