{"id":"gen9vgc2025regg-2286050663","format":"[Gen 9] VGC 2025 Reg G","players":["infinitygroudon","SuperOinge22"],"log":"|j|\u2606infinitygroudon\n|j|\u2606SuperOinge22\n|t:|1737563120\n|gametype|doubles\n|player|p1|infinitygroudon|1|1576\n|player|p2|SuperOinge22|mars|1682\n|teamsize|p1|6\n|teamsize|p2|6\n|gen|9\n|tier|[Gen 9] VGC 2025 Reg G\n|rated|\n|rule|Species Clause: Limit one of each Pok\u00e9mon\n|rule|Item Clause: Limit 1 of each item\n|clearpoke\n|poke|p1|Calyrex-Shadow, L50|\n|poke|p1|Incineroar, L50, M|\n|poke|p1|Weezing-Galar, L50, M|\n|poke|p1|Indeedee-F, L50, F|\n|poke|p1|Iron Valiant, L50|\n|poke|p1|Ursaluna-Bloodmoon, L50, M|\n|poke|p2|Rayquaza, L50|\n|poke|p2|Chien-Pao, L50|\n|poke|p2|Incineroar, L50, M|\n|poke|p2|Amoonguss, L50, F|\n|poke|p2|Urshifu-*, L50, F|\n|poke|p2|Iron Crown, L50|\n|teampreview|4\n|j| TenderFlame\n|l| TenderFlame\n|j| jasonrfry6\n|l| jasonrfry6\n|\n|t:|1737563172\n|start\n|switch|p1a: Mr. Gassy|Weezing-Galar, L50, M|100\/100\n|switch|p1b: Charming|Iron Valiant, L50, shiny|100\/100\n|switch|p2a: Iron Crown|Iron Crown, L50|100\/100\n|switch|p2b: Chien-Pao|Chien-Pao, L50|100\/100\n|-ability|p1a: Mr. Gassy|Neutralizing Gas\n|turn|1\n|\n|t:|1737563203\n|-end|p1a: Mr. Gassy|ability: Neutralizing Gas\n|-ability|p2b: Chien-Pao|Sword of Ruin\n|switch|p1a: Suthen|Indeedee-F, L50, F|100\/100\n|-enditem|p1b: Charming|Booster Energy\n|-activate|p1b: Charming|ability: Quark Drive|[fromitem]\n|-start|p1b: Charming|quarkdrivespe\n|-enditem|p2a: Iron Crown|Booster Energy\n|-activate|p2a: Iron Crown|ability: Quark Drive|[fromitem]\n|-start|p2a: Iron Crown|quarkdrivespa\n|-fieldstart|move: Psychic Terrain|[from] ability: Psychic Surge|[of] p1a: Suthen\n|move|p1b: Charming|Protect|p1b: Charming\n|-singleturn|p1b: Charming|Protect\n|move|p2b: Chien-Pao|Protect|p2b: Chien-Pao\n|-singleturn|p2b: Chien-Pao|Protect\n|move|p2a: Iron Crown|Agility|p2a: Iron Crown\n|-boost|p2a: Iron Crown|spe|2\n|\n|upkeep\n|turn|2\n|\n|t:|1737563226\n|move|p1a: Suthen|Follow Me|p1a: Suthen\n|-singleturn|p1a: Suthen|move: Follow Me\n|move|p2a: Iron Crown|Tachyon Cutter|p1a: Suthen\n|-damage|p1a: Suthen|75\/100\n|-damage|p1a: Suthen|49\/100\n|-hitcount|p1a: Suthen|2\n|move|p1b: Charming|Close Combat|p2a: Iron Crown\n|-damage|p2a: Iron Crown|29\/100\n|-unboost|p1b: Charming|def|1\n|-unboost|p1b: Charming|spd|1\n|move|p2b: Chien-Pao|Throat Chop|p1a: Suthen\n|-supereffective|p1a: Suthen\n|-damage|p1a: Suthen|0 fnt\n|-damage|p2b: Chien-Pao|84\/100|[from] item: Rocky Helmet|[of] p1a: Suthen\n|faint|p1a: Suthen\n|\n|upkeep\n|\n|t:|1737563240\n|switch|p1a: Duncan|Calyrex-Shadow, L50|100\/100\n|-ability|p1a: Duncan|As One\n|-ability|p1a: Duncan|Unnerve\n|turn|3\n|\n|t:|1737563251\n|-terastallize|p1a: Duncan|Normal\n|move|p1b: Charming|Protect|p1b: Charming\n|-singleturn|p1b: Charming|Protect\n|move|p2b: Chien-Pao|Protect|p2b: Chien-Pao\n|-singleturn|p2b: Chien-Pao|Protect\n|move|p2a: Iron Crown|Bulldoze|p1a: Duncan|[spread] p1a\n|-activate|p2b: Chien-Pao|move: Protect\n|-activate|p1b: Charming|move: Protect\n|-damage|p1a: Duncan|89\/100\n|-unboost|p1a: Duncan|spe|1\n|move|p1a: Duncan|Astral Barrage|p2b: Chien-Pao|[spread] p2a\n|-activate|p2b: Chien-Pao|move: Protect\n|-supereffective|p2a: Iron Crown\n|-damage|p2a: Iron Crown|0 fnt\n|faint|p2a: Iron Crown\n|-end|p2a: Iron Crown|Quark Drive|[silent]\n|-ability|p1a: Duncan|Grim Neigh|boost\n|-boost|p1a: Duncan|spa|1\n|-damage|p1a: Duncan|79\/100|[from] item: Life Orb\n|\n|upkeep\n|\n|t:|1737563272\n|switch|p2a: Urshifu|Urshifu-Rapid-Strike, L50, F|100\/100\n|turn|4\n|\n|t:|1737563311\n|-terastallize|p2a: Urshifu|Water\n|move|p1b: Charming|Spirit Break|p2b: Chien-Pao\n|-supereffective|p2b: Chien-Pao\n|-crit|p2b: Chien-Pao\n|-damage|p2b: Chien-Pao|0 fnt\n|faint|p2b: Chien-Pao\n|move|p2a: Urshifu|Surging Strikes|p1a: Duncan\n|-crit|p1a: Duncan\n|-damage|p1a: Duncan|42\/100\n|-crit|p1a: Duncan\n|-damage|p1a: Duncan|2\/100\n|-crit|p1a: Duncan\n|-damage|p1a: Duncan|0 fnt\n|faint|p1a: Duncan\n|-hitcount|p1: Duncan|3\n|\n|upkeep\n|\n|t:|1737563320\n|switch|p1a: Mr. Gassy|Weezing-Galar, L50, M|100\/100\n|switch|p2b: Ray Buaza|Rayquaza, L50|100\/100\n|-ability|p1a: Mr. Gassy|Neutralizing Gas\n|turn|5\n|\n|t:|1737563327\n|move|p1b: Charming|Protect|p1b: Charming\n|-singleturn|p1b: Charming|Protect\n|move|p2a: Urshifu|Surging Strikes|p1b: Charming\n|-activate|p1b: Charming|move: Protect\n|move|p2b: Ray Buaza|Dragon Ascent|p1a: Mr. Gassy\n|-damage|p1a: Mr. Gassy|15\/100\n|-unboost|p2b: Ray Buaza|def|1\n|-unboost|p2b: Ray Buaza|spd|1\n|-enditem|p1a: Mr. Gassy|Sitrus Berry|[eat]\n|-heal|p1a: Mr. Gassy|40\/100|[from] item: Sitrus Berry\n|-damage|p2b: Ray Buaza|91\/100|[from] item: Life Orb\n|move|p1a: Mr. Gassy|Will-O-Wisp|p2a: Urshifu\n|-status|p2a: Urshifu|brn\n|\n|-damage|p2a: Urshifu|94\/100 brn|[from] brn\n|-fieldend|move: Psychic Terrain\n|upkeep\n|turn|6\n|\n|t:|1737563345\n|move|p1a: Mr. Gassy|Protect|p1a: Mr. Gassy\n|-singleturn|p1a: Mr. Gassy|Protect\n|move|p2b: Ray Buaza|Extreme Speed|p1b: Charming\n|-damage|p1b: Charming|31\/100\n|-damage|p2b: Ray Buaza|81\/100|[from] item: Life Orb\n|move|p2a: Urshifu|Surging Strikes|p1b: Charming\n|-crit|p1b: Charming\n|-damage|p1b: Charming|2\/100\n|-crit|p1b: Charming\n|-damage|p1b: Charming|0 fnt\n|faint|p1b: Charming\n|-end|p1b: Charming|Quark Drive|[silent]\n|-hitcount|p1: Charming|2\n|\n|-damage|p2a: Urshifu|88\/100 brn|[from] brn\n|upkeep\n|turn|7\n|-message|infinitygroudon forfeited.\n|\n|win|SuperOinge22\n|raw|infinitygroudon's rating: 1576 &rarr; <strong>1562<\/strong><br \/>(-14 for losing)\n|raw|SuperOinge22's rating: 1682 &rarr; <strong>1696<\/strong><br \/>(+14 for winning)\n|l|\u2606infinitygroudon\n|player|p1|\n|l|\u2606SuperOinge22\n|player|p2|\n","uploadtime":1737563617,"views":27,"formatid":"gen9vgc2025regg","rating":1562,"private":0,"password":null}