{"id":"gen9vgc2025regg-2286166303","format":"[Gen 9] VGC 2025 Reg G","players":["nicouser","Gene10"],"log":"|j|\u2606nicouser\n|j|\u2606Gene10\n|t:|1737574272\n|gametype|doubles\n|player|p1|nicouser|2|1546\n|player|p2|Gene10|266|1613\n|teamsize|p1|6\n|teamsize|p2|6\n|gen|9\n|tier|[Gen 9] VGC 2025 Reg G\n|rated|\n|rule|Species Clause: Limit one of each Pok\u00e9mon\n|rule|Item Clause: Limit 1 of each item\n|clearpoke\n|poke|p1|Incineroar, L50, M|\n|poke|p1|Calyrex-Shadow, L50|\n|poke|p1|Ogerpon-Wellspring, L50, F|\n|poke|p1|Urshifu-*, L50, M|\n|poke|p1|Weezing, L50, F|\n|poke|p1|Regieleki, L50|\n|poke|p2|Calyrex-Ice, L50|\n|poke|p2|Urshifu-*, L50, M|\n|poke|p2|Raging Bolt, L50|\n|poke|p2|Rillaboom, L50, F|\n|poke|p2|Pelipper, L50, F|\n|poke|p2|Farigiraf, L50, F|\n|teampreview|4\n|inactive|Battle timer is ON: inactive players will automatically lose when time's up. (requested by Gene10)\n|j| mr pogostick\n|\n|t:|1737574293\n|start\n|switch|p1a: Calyrex|Calyrex-Shadow, L50|100\/100\n|switch|p1b: Incineroar|Incineroar, L50, M, shiny|100\/100\n|switch|p2a: Calyrex|Calyrex-Ice, L50|100\/100\n|switch|p2b: Rillaboom|Rillaboom, L50, F|100\/100\n|-ability|p1a: Calyrex|As One\n|-ability|p1a: Calyrex|Unnerve\n|-ability|p2a: Calyrex|As One\n|-ability|p2a: Calyrex|Unnerve\n|-fieldstart|move: Grassy Terrain|[from] ability: Grassy Surge|[of] p2b: Rillaboom\n|-ability|p1b: Incineroar|Intimidate|boost\n|-fail|p2a: Calyrex|unboost|[from] item: Clear Amulet|[of] p2a: Calyrex\n|-unboost|p2b: Rillaboom|atk|1\n|turn|1\n|\n|t:|1737574322\n|-terastallize|p2a: Calyrex|Normal\n|-terastallize|p1b: Incineroar|Ghost\n|move|p2b: Rillaboom|Fake Out|p1b: Incineroar\n|-immune|p1b: Incineroar\n|move|p1b: Incineroar|Fake Out|p2a: Calyrex\n|-damage|p2a: Calyrex|91\/100\n|move|p1a: Calyrex|Nasty Plot|p1a: Calyrex\n|-boost|p1a: Calyrex|spa|2\n|cant|p2a: Calyrex|flinch\n|\n|-heal|p2a: Calyrex|97\/100|[from] Grassy Terrain\n|upkeep\n|turn|2\n|\n|t:|1737574338\n|move|p1a: Calyrex|Astral Barrage|p2a: Calyrex|[spread] p2b\n|-immune|p2a: Calyrex\n|-damage|p2b: Rillaboom|25\/100\n|move|p2b: Rillaboom|Wood Hammer|p1b: Incineroar\n|-damage|p1b: Incineroar|52\/100\n|-damage|p2b: Rillaboom|9\/100|[from] Recoil\n|move|p2a: Calyrex|Glacial Lance|p1b: Incineroar|[spread] p1a,p1b\n|-damage|p1a: Calyrex|23\/100\n|-damage|p1b: Incineroar|0 fnt\n|faint|p1b: Incineroar\n|-ability|p2a: Calyrex|Chilling Neigh|boost\n|-boost|p2a: Calyrex|atk|1\n|\n|-heal|p1a: Calyrex|29\/100|[from] Grassy Terrain\n|-heal|p2b: Rillaboom|15\/100|[from] Grassy Terrain\n|-heal|p2a: Calyrex|100\/100|[from] Grassy Terrain\n|upkeep\n|\n|t:|1737574346\n|switch|p1b: Ogerpon|Ogerpon-Wellspring, L50, F|100\/100\n|turn|3\n|\n|t:|1737574364\n|move|p2b: Rillaboom|Grassy Glide|p1a: Calyrex\n|-damage|p1a: Calyrex|2\/100\n|move|p1a: Calyrex|Psyshock|p2a: Calyrex\n|-damage|p2a: Calyrex|34\/100\n|move|p1b: Ogerpon|Wood Hammer|p2a: Calyrex\n|-damage|p2a: Calyrex|0 fnt\n|faint|p2a: Calyrex\n|-damage|p1b: Ogerpon|89\/100|[from] Recoil\n|\n|-heal|p1a: Calyrex|8\/100|[from] Grassy Terrain\n|-heal|p1b: Ogerpon|95\/100|[from] Grassy Terrain\n|-heal|p2b: Rillaboom|21\/100|[from] Grassy Terrain\n|upkeep\n|\n|t:|1737574373\n|switch|p2a: Raging Bolt|Raging Bolt, L50|100\/100\n|-enditem|p2a: Raging Bolt|Booster Energy\n|-activate|p2a: Raging Bolt|ability: Protosynthesis|[fromitem]\n|-start|p2a: Raging Bolt|protosynthesisspa\n|turn|4\n|\n|t:|1737574378\n|move|p1b: Ogerpon|Follow Me|p1b: Ogerpon\n|-singleturn|p1b: Ogerpon|move: Follow Me\n|move|p2b: Rillaboom|Grassy Glide|p1b: Ogerpon\n|-crit|p1b: Ogerpon\n|-damage|p1b: Ogerpon|45\/100\n|move|p1a: Calyrex|Astral Barrage|p2a: Raging Bolt|[spread] p2a,p2b\n|-damage|p2a: Raging Bolt|0 fnt\n|-damage|p2b: Rillaboom|0 fnt\n|faint|p2a: Raging Bolt\n|-end|p2a: Raging Bolt|Protosynthesis|[silent]\n|faint|p2b: Rillaboom\n|-ability|p1a: Calyrex|Grim Neigh|boost\n|-boost|p1a: Calyrex|spa|2\n|\n|-heal|p1a: Calyrex|15\/100|[from] Grassy Terrain\n|-heal|p1b: Ogerpon|51\/100|[from] Grassy Terrain\n|upkeep\n|\n|t:|1737574385\n|switch|p2b: Urshifu|Urshifu-Rapid-Strike, L50, M|100\/100\n|turn|5\n|\n|t:|1737574389\n|move|p1b: Ogerpon|Follow Me|p1b: Ogerpon\n|-singleturn|p1b: Ogerpon|move: Follow Me\n|move|p2b: Urshifu|Surging Strikes|p1b: Ogerpon\n|-heal|p1b: Ogerpon|75\/100|[from] ability: Water Absorb|[of] p2b: Urshifu\n|move|p1a: Calyrex|Astral Barrage|p2b: Urshifu\n|-damage|p2b: Urshifu|0 fnt\n|faint|p2b: Urshifu\n|\n|win|nicouser\n|raw|nicouser's rating: 1534 &rarr; <strong>1558<\/strong><br \/>(+24 for winning)\n|raw|Gene10's rating: 1613 &rarr; <strong>1589<\/strong><br \/>(-24 for losing)\n|l|\u2606Gene10\n|player|p2|\n|l| mr pogostick\n","uploadtime":1737574605,"views":4,"formatid":"gen9vgc2025regg","rating":1558,"private":0,"password":null}