{"id":"gen9vgc2025regg-2286137601","format":"[Gen 9] VGC 2025 Reg G","players":["TogoVGC","decay4"],"log":"|j|\u2606TogoVGC\n|j|\u2606decay4\n|t:|1737571556\n|gametype|doubles\n|player|p1|TogoVGC|petrel|1551\n|player|p2|decay4|skyla|1624\n|teamsize|p1|6\n|teamsize|p2|6\n|gen|9\n|tier|[Gen 9] VGC 2025 Reg G\n|rated|\n|rule|Species Clause: Limit one of each Pok\u00e9mon\n|rule|Item Clause: Limit 1 of each item\n|clearpoke\n|poke|p1|Mienshao, L50, M|\n|poke|p1|Miraidon, L50|\n|poke|p1|Whimsicott, L50, M|\n|poke|p1|Chi-Yu, L50|\n|poke|p1|Iron Bundle, L50|\n|poke|p1|Ursaluna-Bloodmoon, L50, M|\n|poke|p2|Necrozma-Dawn-Wings, L50|\n|poke|p2|Indeedee-F, L50, F|\n|poke|p2|Ursaluna-Bloodmoon, L50, M|\n|poke|p2|Grimmsnarl, L50, M|\n|poke|p2|Incineroar, L50, F|\n|poke|p2|Urshifu-*, L50, F|\n|teampreview|4\n|\n|t:|1737571657\n|start\n|switch|p1a: Chi-Yu|Chi-Yu, L50|100\/100\n|switch|p1b: Whimsicott|Whimsicott, L50, M|100\/100\n|switch|p2a: Grimmsnarl|Grimmsnarl, L50, M|100\/100\n|switch|p2b: Necrozma|Necrozma-Dawn-Wings, L50, shiny|100\/100\n|-ability|p1a: Chi-Yu|Beads of Ruin\n|turn|1\n|\n|t:|1737571712\n|-terastallize|p2b: Necrozma|Dragon\n|move|p1a: Chi-Yu|Protect|p1a: Chi-Yu\n|-singleturn|p1a: Chi-Yu|Protect\n|move|p1b: Whimsicott|Light Screen|p1b: Whimsicott\n|-sidestart|p1: TogoVGC|move: Light Screen\n|move|p2a: Grimmsnarl|Light Screen|p2a: Grimmsnarl\n|-sidestart|p2: decay4|move: Light Screen\n|move|p2b: Necrozma|Calm Mind|p2b: Necrozma\n|-boost|p2b: Necrozma|spa|1\n|-boost|p2b: Necrozma|spd|1\n|\n|upkeep\n|turn|2\n|j| kiabu233\n|\n|t:|1737571760\n|switch|p1b: Miraidon|Miraidon, L50|100\/100\n|-fieldstart|move: Electric Terrain|[from] ability: Hadron Engine|[of] p1b: Miraidon\n|move|p2a: Grimmsnarl|Parting Shot|p1a: Chi-Yu\n|-hint|Since gen 7, Dark is immune to Prankster moves.\n|-immune|p1a: Chi-Yu\n|move|p1a: Chi-Yu|Taunt|p2b: Necrozma\n|-start|p2b: Necrozma|move: Taunt\n|move|p2b: Necrozma|Moongeist Beam|p1a: Chi-Yu\n|-resisted|p1a: Chi-Yu\n|-damage|p1a: Chi-Yu|68\/100\n|\n|upkeep\n|turn|3\n|\n|t:|1737571776\n|-terastallize|p1b: Miraidon|Fairy\n|move|p2a: Grimmsnarl|Parting Shot|p1b: Miraidon\n|-unboost|p1b: Miraidon|atk|1\n|-unboost|p1b: Miraidon|spa|1\n|\n|t:|1737571781\n|switch|p2a: Ursaluna|Ursaluna-Bloodmoon, L50, M|100\/100|[from] Parting Shot\n|move|p1b: Miraidon|Dazzling Gleam|p2b: Necrozma|[spread] p2a,p2b\n|-supereffective|p2b: Necrozma\n|-damage|p2a: Ursaluna|53\/100\n|-damage|p2b: Necrozma|68\/100\n|move|p1a: Chi-Yu|Heat Wave|p2b: Necrozma|[spread] p2a,p2b\n|-resisted|p2b: Necrozma\n|-damage|p2a: Ursaluna|17\/100\n|-damage|p2b: Necrozma|60\/100\n|move|p2b: Necrozma|Moongeist Beam|p1b: Miraidon\n|-damage|p1b: Miraidon|30\/100\n|\n|-heal|p2b: Necrozma|66\/100|[from] item: Leftovers\n|upkeep\n|turn|4\n|\n|t:|1737571813\n|switch|p1b: Mienshao|Mienshao, L50, M|100\/100\n|move|p1a: Chi-Yu|Heat Wave|p2a: Ursaluna|[spread] p2a,p2b\n|-resisted|p2b: Necrozma\n|-damage|p2a: Ursaluna|0 fnt\n|-damage|p2b: Necrozma|57\/100\n|faint|p2a: Ursaluna\n|move|p2b: Necrozma|Moongeist Beam|p1b: Mienshao\n|-enditem|p1b: Mienshao|Focus Sash\n|-damage|p1b: Mienshao|1\/100\n|\n|-heal|p2b: Necrozma|63\/100|[from] item: Leftovers\n|-end|p2b: Necrozma|move: Taunt\n|upkeep\n|\n|t:|1737571824\n|switch|p2a: Urshifu|Urshifu, L50, F|100\/100\n|turn|5\n|\n|t:|1737571833\n|move|p1b: Mienshao|Fake Out|p2a: Urshifu\n|-damage|p2a: Urshifu|87\/100\n|move|p1a: Chi-Yu|Taunt|p2b: Necrozma\n|-start|p2b: Necrozma|move: Taunt\n|cant|p2a: Urshifu|flinch\n|move|p2b: Necrozma|Moongeist Beam|p1b: Mienshao\n|-crit|p1b: Mienshao\n|-damage|p1b: Mienshao|0 fnt\n|faint|p1b: Mienshao\n|\n|-heal|p2b: Necrozma|69\/100|[from] item: Leftovers\n|upkeep\n|\n|t:|1737571849\n|switch|p1b: Whimsicott|Whimsicott, L50, M|100\/100\n|turn|6\n|\n|t:|1737571866\n|move|p1b: Whimsicott|Tailwind|p1b: Whimsicott\n|-sidestart|p1: TogoVGC|move: Tailwind\n|move|p1a: Chi-Yu|Heat Wave|p2b: Necrozma|[spread] p2a,p2b\n|-crit|p2a: Urshifu\n|-resisted|p2b: Necrozma\n|-damage|p2a: Urshifu|0 fnt\n|-damage|p2b: Necrozma|61\/100\n|faint|p2a: Urshifu\n|move|p2b: Necrozma|Moongeist Beam|p1b: Whimsicott\n|-damage|p1b: Whimsicott|0 fnt\n|faint|p1b: Whimsicott\n|\n|-heal|p2b: Necrozma|67\/100|[from] item: Leftovers\n|-fieldend|move: Electric Terrain\n|upkeep\n|\n|t:|1737571875\n|switch|p1b: Miraidon|Miraidon, L50, tera:Fairy|30\/100\n|switch|p2a: Grimmsnarl|Grimmsnarl, L50, M|100\/100\n|-fieldstart|move: Electric Terrain|[from] ability: Hadron Engine|[of] p1b: Miraidon\n|turn|7\n|\n|t:|1737571887\n|move|p2a: Grimmsnarl|Parting Shot|p1b: Miraidon\n|-unboost|p1b: Miraidon|atk|1\n|-unboost|p1b: Miraidon|spa|1\n|move|p1b: Miraidon|Draco Meteor|p2b: Necrozma\n|-supereffective|p2b: Necrozma\n|-damage|p2b: Necrozma|0 fnt\n|-unboost|p1b: Miraidon|spa|2\n|faint|p2b: Necrozma\n|move|p1a: Chi-Yu|Heat Wave|p2a: Grimmsnarl\n|-damage|p2a: Grimmsnarl|58\/100\n|-status|p2a: Grimmsnarl|brn\n|\n|-damage|p2a: Grimmsnarl|52\/100 brn|[from] brn\n|upkeep\n|turn|8\n|-message|decay4 forfeited.\n|\n|win|TogoVGC\n|raw|TogoVGC's rating: 1551 &rarr; <strong>1575<\/strong><br \/>(+24 for winning)\n|raw|decay4's rating: 1624 &rarr; <strong>1600<\/strong><br \/>(-24 for losing)\n|l|\u2606decay4\n|player|p2|\n|l| kiabu233\n","uploadtime":1737572116,"views":16,"formatid":"gen9vgc2025regg","rating":1575,"private":0,"password":null}