{"id":"gen9vgc2025regg-2286249824","format":"[Gen 9] VGC 2025 Reg G","players":["Spottedwoot","Farhaz_VGC"],"log":"|j|\u2606Spottedwoot\n|j|\u2606Farhaz_VGC\n|t:|1737582808\n|gametype|doubles\n|player|p1|Spottedwoot|2|1577\n|player|p2|Farhaz_VGC|rosa|1569\n|teamsize|p1|6\n|teamsize|p2|6\n|gen|9\n|tier|[Gen 9] VGC 2025 Reg G\n|rated|\n|rule|Species Clause: Limit one of each Pok\u00e9mon\n|rule|Item Clause: Limit 1 of each item\n|clearpoke\n|poke|p1|Calyrex-Shadow, L50|\n|poke|p1|Rillaboom, L50, F|\n|poke|p1|Urshifu-*, L50, M|\n|poke|p1|Incineroar, L50, M|\n|poke|p1|Clefairy, L50, M|\n|poke|p1|Raging Bolt, L50|\n|poke|p2|Tornadus, L50, M|\n|poke|p2|Urshifu-*, L50, F|\n|poke|p2|Incineroar, L50, M|\n|poke|p2|Landorus-Therian, L50, M|\n|poke|p2|Calyrex-Shadow, L50|\n|poke|p2|Farigiraf, L50, F|\n|teampreview|4\n|j| LesPaul14\n|inactive|Battle timer is ON: inactive players will automatically lose when time's up. (requested by Spottedwoot)\n|\n|t:|1737582837\n|start\n|switch|p1a: Calyrex|Calyrex-Shadow, L50|100\/100\n|switch|p1b: Urshifu|Urshifu-Rapid-Strike, L50, M|100\/100\n|switch|p2a: Tornadus|Tornadus, L50, M|100\/100\n|switch|p2b: Landorus|Landorus-Therian, L50, M|100\/100\n|-ability|p1a: Calyrex|As One\n|-ability|p1a: Calyrex|Unnerve\n|-ability|p2b: Landorus|Intimidate|boost\n|-unboost|p1a: Calyrex|atk|1\n|-unboost|p1b: Urshifu|atk|1\n|turn|1\n|\n|t:|1737582861\n|move|p2a: Tornadus|Tailwind|p2a: Tornadus\n|-sidestart|p2: Farhaz_VGC|move: Tailwind\n|move|p2b: Landorus|Earthquake|p1b: Urshifu|[spread] p1a,p1b\n|-immune|p2a: Tornadus\n|-damage|p1a: Calyrex|49\/100\n|-damage|p1b: Urshifu|54\/100\n|move|p1b: Urshifu|Surging Strikes|p2b: Landorus\n|-supereffective|p2b: Landorus\n|-crit|p2b: Landorus\n|-damage|p2b: Landorus|56\/100\n|-supereffective|p2b: Landorus\n|-crit|p2b: Landorus\n|-damage|p2b: Landorus|9\/100\n|-supereffective|p2b: Landorus\n|-crit|p2b: Landorus\n|-damage|p2b: Landorus|0 fnt\n|faint|p2b: Landorus\n|-hitcount|p2: Landorus|3\n|move|p1a: Calyrex|Astral Barrage|p2a: Tornadus\n|-damage|p2a: Tornadus|17\/100\n|-damage|p1a: Calyrex|39\/100|[from] item: Life Orb\n|\n|upkeep\n|\n|t:|1737582879\n|switch|p2b: Calyrex|Calyrex-Shadow, L50|100\/100\n|-ability|p2b: Calyrex|As One\n|-ability|p2b: Calyrex|Unnerve\n|turn|2\n|\n|t:|1737582886\n|switch|p1b: Incineroar|Incineroar, L50, M|100\/100\n|-ability|p1b: Incineroar|Intimidate|boost\n|-unboost|p2a: Tornadus|atk|1\n|-unboost|p2b: Calyrex|atk|1\n|-terastallize|p2b: Calyrex|Normal\n|move|p1a: Calyrex|Protect|p1a: Calyrex\n|-singleturn|p1a: Calyrex|Protect\n|move|p2b: Calyrex|Astral Barrage|p1a: Calyrex|[spread] p1b\n|-activate|p1a: Calyrex|move: Protect\n|-resisted|p1b: Incineroar\n|-damage|p1b: Incineroar|68\/100\n|move|p2a: Tornadus|Bleakwind Storm|p1a: Calyrex|[spread] p1b\n|-activate|p1a: Calyrex|move: Protect\n|-damage|p1b: Incineroar|41\/100\n|\n|upkeep\n|turn|3\n|inactive|Farhaz_VGC has 30 seconds left.\n|\n|t:|1737582914\n|switch|p2b: Urshifu|Urshifu, L50, F|100\/100\n|move|p1b: Incineroar|Fake Out|p2b: Urshifu\n|-crit|p2b: Urshifu\n|-damage|p2b: Urshifu|81\/100\n|move|p2a: Tornadus|Bleakwind Storm|p1a: Calyrex|[spread] p1a,p1b\n|-damage|p1a: Calyrex|13\/100\n|-damage|p1b: Incineroar|16\/100\n|move|p1a: Calyrex|Astral Barrage|p2a: Tornadus|[spread] p2a,p2b\n|-resisted|p2b: Urshifu\n|-damage|p2a: Tornadus|0 fnt\n|-damage|p2b: Urshifu|29\/100\n|faint|p2a: Tornadus\n|-ability|p1a: Calyrex|Grim Neigh|boost\n|-boost|p1a: Calyrex|spa|1\n|-damage|p1a: Calyrex|3\/100|[from] item: Life Orb\n|\n|upkeep\n|\n|t:|1737582929\n|switch|p2a: Calyrex|Calyrex-Shadow, L50, tera:Normal|100\/100\n|-ability|p2a: Calyrex|As One\n|-ability|p2a: Calyrex|Unnerve\n|turn|4\n|\n|t:|1737582938\n|move|p1a: Calyrex|Protect|p1a: Calyrex\n|-singleturn|p1a: Calyrex|Protect\n|move|p2a: Calyrex|Astral Barrage|p1b: Incineroar|[spread] p1b\n|-activate|p1a: Calyrex|move: Protect\n|-resisted|p1b: Incineroar\n|-damage|p1b: Incineroar|0 fnt\n|faint|p1b: Incineroar\n|-ability|p2a: Calyrex|Grim Neigh|boost\n|-boost|p2a: Calyrex|spa|1\n|move|p2b: Urshifu|Wicked Blow|p1a: Calyrex\n|-supereffective|p1a: Calyrex\n|-crit|p1a: Calyrex\n|-damage|p1a: Calyrex|0 fnt\n|faint|p1a: Calyrex\n|\n|-sideend|p2: Farhaz_VGC|move: Tailwind\n|upkeep\n|\n|t:|1737582943\n|switch|p1a: Urshifu|Urshifu-Rapid-Strike, L50, M|54\/100\n|switch|p1b: Rillaboom|Rillaboom, L50, F|100\/100\n|-fieldstart|move: Grassy Terrain|[from] ability: Grassy Surge|[of] p1b: Rillaboom\n|turn|5\n|inactive|Farhaz_VGC has 30 seconds left.\n|\n|t:|1737582973\n|move|p1b: Rillaboom|Grassy Glide|p2b: Urshifu\n|-damage|p2b: Urshifu|0 fnt\n|faint|p2b: Urshifu\n|move|p1a: Urshifu|Close Combat|p2a: Calyrex\n|-supereffective|p2a: Calyrex\n|-damage|p2a: Calyrex|0 fnt\n|-unboost|p1a: Urshifu|def|1\n|-unboost|p1a: Urshifu|spd|1\n|faint|p2a: Calyrex\n|\n|win|Spottedwoot\n|raw|Spottedwoot's rating: 1577 &rarr; <strong>1597<\/strong><br \/>(+20 for winning)\n|raw|Farhaz_VGC's rating: 1569 &rarr; <strong>1549<\/strong><br \/>(-20 for losing)\n|l|\u2606Spottedwoot\n|player|p1|\n|l|\u2606Farhaz_VGC\n|player|p2|\n|l| LesPaul14\n","uploadtime":1737583112,"views":3,"formatid":"gen9vgc2025regg","rating":1549,"private":0,"password":null}