{"id":"gen9vgc2025regg-2286078203","format":"[Gen 9] VGC 2025 Reg G","players":["ice spice rider","mtshushushushu"],"log":"|j|\u2606ice spice rider\n|j|\u2606mtshushushushu\n|t:|1737565831\n|gametype|doubles\n|player|p1|ice spice rider|ethan|1527\n|player|p2|mtshushushushu|101|1542\n|teamsize|p1|6\n|teamsize|p2|6\n|gen|9\n|tier|[Gen 9] VGC 2025 Reg G\n|rated|\n|rule|Species Clause: Limit one of each Pok\u00e9mon\n|rule|Item Clause: Limit 1 of each item\n|clearpoke\n|poke|p1|Calyrex-Ice, L50|\n|poke|p1|Incineroar, L50, M|\n|poke|p1|Amoonguss, L50, M|\n|poke|p1|Ursaluna-Bloodmoon, L50, M|\n|poke|p1|Farigiraf, L50, M|\n|poke|p1|Urshifu-*, L50, M|\n|poke|p2|Zamazenta-*, L50|\n|poke|p2|Chien-Pao, L50|\n|poke|p2|Cresselia, L50, F|\n|poke|p2|Ursaluna, L50, M|\n|poke|p2|Dragonite, L50, F|\n|poke|p2|Brute Bonnet, L50|\n|teampreview|4\n|inactive|Battle timer is ON: inactive players will automatically lose when time's up. (requested by ice spice rider)\n|\n|t:|1737565860\n|start\n|switch|p1a: Calyrex-Ice Spice|Calyrex-Ice, L50|100\/100\n|switch|p1b: Wicked WHACK!!|Urshifu, L50, M|100\/100\n|switch|p2a: Zamazenta|Zamazenta-Crowned, L50|100\/100\n|switch|p2b: Chien-Pao|Chien-Pao, L50|100\/100\n|-ability|p1a: Calyrex-Ice Spice|As One\n|-ability|p1a: Calyrex-Ice Spice|Unnerve\n|-ability|p2b: Chien-Pao|Sword of Ruin\n|-ability|p2a: Zamazenta|Dauntless Shield|boost\n|-boost|p2a: Zamazenta|def|1\n|turn|1\n|\n|t:|1737565881\n|-terastallize|p1a: Calyrex-Ice Spice|Water\n|move|p2b: Chien-Pao|Crunch|p1b: Wicked WHACK!!\n|-resisted|p1b: Wicked WHACK!!\n|-damage|p1b: Wicked WHACK!!|89\/100\n|-unboost|p1b: Wicked WHACK!!|def|1\n|move|p2a: Zamazenta|Body Press|p1b: Wicked WHACK!!\n|-supereffective|p1b: Wicked WHACK!!\n|-damage|p1b: Wicked WHACK!!|0 fnt\n|faint|p1b: Wicked WHACK!!\n|move|p1a: Calyrex-Ice Spice|Trick Room|p1a: Calyrex-Ice Spice\n|-fieldstart|move: Trick Room|[of] p1a: Calyrex-Ice Spice\n|\n|upkeep\n|\n|t:|1737565896\n|switch|p1b: Ursaluna|Ursaluna-Bloodmoon, L50, M|100\/100\n|turn|2\n|\n|t:|1737565909\n|-terastallize|p2a: Zamazenta|Dragon\n|move|p2a: Zamazenta|Wide Guard|p2a: Zamazenta\n|-singleturn|p2a: Zamazenta|Wide Guard\n|move|p1a: Calyrex-Ice Spice|High Horsepower|p2a: Zamazenta\n|-damage|p2a: Zamazenta|79\/100\n|move|p1b: Ursaluna|Earth Power|p2a: Zamazenta\n|-damage|p2a: Zamazenta|28\/100\n|-damage|p1b: Ursaluna|90\/100|[from] item: Life Orb\n|move|p2b: Chien-Pao|Icicle Crash|p1b: Ursaluna\n|-supereffective|p1b: Ursaluna\n|-damage|p1b: Ursaluna|10\/100\n|\n|upkeep\n|turn|3\n|\n|t:|1737565929\n|switch|p1b: Incineroar|Incineroar, L50, M|100\/100\n|-ability|p1b: Incineroar|Intimidate|boost\n|-unboost|p2a: Zamazenta|atk|1\n|-unboost|p2b: Chien-Pao|atk|1\n|move|p2a: Zamazenta|Wide Guard|p2a: Zamazenta\n|-singleturn|p2a: Zamazenta|Wide Guard\n|move|p2b: Chien-Pao|Ice Shard|p1b: Incineroar\n|-resisted|p1b: Incineroar\n|-damage|p1b: Incineroar|93\/100\n|move|p1a: Calyrex-Ice Spice|Glacial Lance|p2a: Zamazenta|[spread] \n|-activate|p2a: Zamazenta|move: Wide Guard\n|-activate|p2b: Chien-Pao|move: Wide Guard\n|\n|upkeep\n|turn|4\n|\n|t:|1737565947\n|move|p2b: Chien-Pao|Protect|p2b: Chien-Pao\n|-singleturn|p2b: Chien-Pao|Protect\n|move|p1b: Incineroar|Fake Out|p2a: Zamazenta\n|-damage|p2a: Zamazenta|22\/100\n|cant|p2a: Zamazenta|flinch\n|move|p1a: Calyrex-Ice Spice|Glacial Lance|p2a: Zamazenta|[spread] p2a\n|-activate|p2b: Chien-Pao|move: Protect\n|-supereffective|p2a: Zamazenta\n|-damage|p2a: Zamazenta|0 fnt\n|faint|p2a: Zamazenta\n|-ability|p1a: Calyrex-Ice Spice|Chilling Neigh|boost\n|-boost|p1a: Calyrex-Ice Spice|atk|1\n|\n|upkeep\n|\n|t:|1737565959\n|switch|p2a: Brute Bonnet|Brute Bonnet, L50|100\/100\n|turn|5\n|inactive|ice spice rider has 30 seconds left.\n|inactive|ice spice rider has 20 seconds left.\n|inactive|ice spice rider has 15 seconds left.\n|inactive|ice spice rider has 10 seconds left.\n|inactive|ice spice rider has 5 seconds left.\n|\n|t:|1737566014\n|switch|p2b: Dragonite|Dragonite, L50, F|100\/100\n|move|p1a: Calyrex-Ice Spice|Protect|p1a: Calyrex-Ice Spice\n|-singleturn|p1a: Calyrex-Ice Spice|Protect\n|move|p1b: Incineroar|Fake Out||[still]\n|-hint|Fake Out only works on your first turn out.\n|-fail|p1b: Incineroar\n|move|p2a: Brute Bonnet|Spore|p1a: Calyrex-Ice Spice\n|-activate|p1a: Calyrex-Ice Spice|move: Protect\n|\n|-fieldend|move: Trick Room\n|upkeep\n|turn|6\n|inactive|ice spice rider has 30 seconds left.\n|inactive|mtshushushushu has 30 seconds left.\n|inactive|ice spice rider has 20 seconds left.\n|inactive|ice spice rider has 15 seconds left.\n|inactive|mtshushushushu has 20 seconds left.\n|inactive|ice spice rider has 10 seconds left.\n|inactive|ice spice rider has 5 seconds left.\n|\n|t:|1737566069\n|-end|p2a: Brute Bonnet|Protosynthesis|[silent]\n|switch|p2a: Chien-Pao|Chien-Pao, L50|100\/100\n|-ability|p2a: Chien-Pao|Sword of Ruin\n|move|p1a: Calyrex-Ice Spice|Protect||[still]\n|-fail|p1a: Calyrex-Ice Spice\n|move|p1b: Incineroar|Fake Out||[still]\n|-hint|Fake Out only works on your first turn out.\n|-fail|p1b: Incineroar\n|move|p2b: Dragonite|Outrage|p1b: Incineroar\n|-damage|p1b: Incineroar|0 fnt\n|faint|p1b: Incineroar\n|\n|upkeep\n|inactive|ice spice rider has 30 seconds left.\n|\n|t:|1737566095\n|switch|p1b: Ursaluna|Ursaluna-Bloodmoon, L50, M|10\/100\n|turn|7\n|\n|t:|1737566100\n|move|p2a: Chien-Pao|Ice Shard|p1b: Ursaluna\n|-supereffective|p1b: Ursaluna\n|-damage|p1b: Ursaluna|0 fnt\n|faint|p1b: Ursaluna\n|move|p2b: Dragonite|Outrage|p1a: Calyrex-Ice Spice|[from] lockedmove\n|-damage|p1a: Calyrex-Ice Spice|22\/100\n|-start|p2b: Dragonite|confusion|[fatigue]\n|move|p1a: Calyrex-Ice Spice|Glacial Lance|p2a: Chien-Pao|[spread] p2a,p2b\n|-resisted|p2a: Chien-Pao\n|-supereffective|p2b: Dragonite\n|-damage|p2a: Chien-Pao|43\/100\n|-damage|p2b: Dragonite|0 fnt\n|faint|p2b: Dragonite\n|-ability|p1a: Calyrex-Ice Spice|Chilling Neigh|boost\n|-boost|p1a: Calyrex-Ice Spice|atk|1\n|\n|upkeep\n|\n|t:|1737566113\n|switch|p2b: Brute Bonnet|Brute Bonnet, L50|100\/100\n|turn|8\n|\n|t:|1737566127\n|move|p2b: Brute Bonnet|Sucker Punch|p1a: Calyrex-Ice Spice\n|-damage|p1a: Calyrex-Ice Spice|0 fnt\n|faint|p1a: Calyrex-Ice Spice\n|\n|win|mtshushushushu\n|raw|ice spice rider's rating: 1550 &rarr; <strong>1530<\/strong><br \/>(-20 for losing)\n|raw|mtshushushushu's rating: 1542 &rarr; <strong>1562<\/strong><br \/>(+20 for winning)\n|l|\u2606mtshushushushu\n|player|p2|\n|l|\u2606ice spice rider\n|player|p1|\n","uploadtime":1737566308,"views":8,"formatid":"gen9vgc2025regg","rating":1530,"private":0,"password":null}