{"id":"gen9vgc2025regg-2286786254","format":"[Gen 9] VGC 2025 Reg G","players":["girl latias","TonyPajamas16"],"log":"|j|\u2606girl latias\n|j|\u2606TonyPajamas16\n|t:|1737655049\n|gametype|doubles\n|player|p1|girl latias|yancy|1589\n|player|p2|TonyPajamas16|2|1622\n|teamsize|p1|6\n|teamsize|p2|6\n|gen|9\n|tier|[Gen 9] VGC 2025 Reg G\n|rated|\n|rule|Species Clause: Limit one of each Pok\u00e9mon\n|rule|Item Clause: Limit 1 of each item\n|clearpoke\n|poke|p1|Gholdengo, L50|\n|poke|p1|Miraidon, L50|\n|poke|p1|Dragonite, L50, M|\n|poke|p1|Chi-Yu, L50|\n|poke|p1|Tatsugiri-Droopy, L50, M|\n|poke|p1|Dondozo, L50, F|\n|poke|p2|Groudon, L50|\n|poke|p2|Sableye, L50, M|\n|poke|p2|Rillaboom, L50, M|\n|poke|p2|Gouging Fire, L50|\n|poke|p2|Raging Bolt, L50|\n|poke|p2|Scream Tail, L50|\n|teampreview|4\n|inactive|Battle timer is ON: inactive players will automatically lose when time's up. (requested by girl latias)\n|j| Alniltaka\n|inactive|TonyPajamas16 has 60 seconds left.\n|\n|t:|1737655102\n|start\n|switch|p1a: Stiyl|Chi-Yu, L50|100\/100\n|switch|p1b: Accelerator|Dragonite, L50, M|100\/100\n|switch|p2a: Curveball|Rillaboom, L50, M|100\/100\n|switch|p2b: Sableye|Sableye, L50, M, shiny|100\/100\n|-ability|p1a: Stiyl|Beads of Ruin\n|-fieldstart|move: Grassy Terrain|[from] ability: Grassy Surge|[of] p2a: Curveball\n|turn|1\n|\n|t:|1737655120\n|switch|p2a: Raging Bolt|Raging Bolt, L50|100\/100\n|move|p2b: Sableye|Gravity|p2b: Sableye\n|-fieldstart|move: Gravity\n|move|p1a: Stiyl|Heat Wave|p2a: Raging Bolt|[spread] p2a,p2b\n|-resisted|p2a: Raging Bolt\n|-damage|p2a: Raging Bolt|83\/100\n|-damage|p2b: Sableye|34\/100\n|-enditem|p2b: Sableye|Eject Button\n|\n|t:|1737655131\n|switch|p2b: Curveball|Rillaboom, L50, M|100\/100\n|move|p1b: Accelerator|Aerial Ace|p2a: Raging Bolt\n|-resisted|p2a: Raging Bolt\n|-crit|p2a: Raging Bolt\n|-damage|p2a: Raging Bolt|54\/100\n|\n|-heal|p2a: Raging Bolt|60\/100|[from] Grassy Terrain\n|upkeep\n|turn|2\n|\n|t:|1737655145\n|switch|p2b: Sableye|Sableye, L50, M, shiny|34\/100\n|move|p1a: Stiyl|Heat Wave|p2a: Raging Bolt|[spread] p2a,p2b\n|-resisted|p2a: Raging Bolt\n|-damage|p2a: Raging Bolt|44\/100\n|-damage|p2b: Sableye|0 fnt\n|-status|p2a: Raging Bolt|brn\n|faint|p2b: Sableye\n|move|p1b: Accelerator|Aerial Ace|p2a: Raging Bolt\n|-resisted|p2a: Raging Bolt\n|-damage|p2a: Raging Bolt|24\/100 brn\n|move|p2a: Raging Bolt|Thunderbolt|p1a: Stiyl\n|-damage|p1a: Stiyl|54\/100\n|\n|-heal|p1a: Stiyl|60\/100|[from] Grassy Terrain\n|-heal|p2a: Raging Bolt|30\/100 brn|[from] Grassy Terrain\n|-damage|p2a: Raging Bolt|24\/100 brn|[from] brn\n|upkeep\n|\n|t:|1737655161\n|switch|p2b: Groudon|Groudon, L50|100\/100\n|-weather|SunnyDay|[from] ability: Drought|[of] p2b: Groudon\n|-activate|p2a: Raging Bolt|ability: Protosynthesis\n|-start|p2a: Raging Bolt|protosynthesisspa\n|turn|3\n|\n|t:|1737655177\n|switch|p1b: Touma|Tatsugiri-Droopy, L50, M|100\/100\n|move|p2a: Raging Bolt|Protect|p2a: Raging Bolt\n|-singleturn|p2a: Raging Bolt|Protect\n|move|p1a: Stiyl|Heat Wave|p2a: Raging Bolt|[spread] p2b\n|-activate|p2a: Raging Bolt|move: Protect\n|-damage|p2b: Groudon|58\/100\n|move|p2b: Groudon|Precipice Blades|p1a: Stiyl|[spread] p1a,p1b\n|-supereffective|p1a: Stiyl\n|-damage|p1a: Stiyl|0 fnt\n|-enditem|p1b: Touma|Focus Sash\n|-damage|p1b: Touma|1\/100\n|faint|p1a: Stiyl\n|\n|-weather|SunnyDay|[upkeep]\n|-heal|p1b: Touma|7\/100|[from] Grassy Terrain\n|-heal|p2b: Groudon|64\/100|[from] Grassy Terrain\n|-heal|p2a: Raging Bolt|30\/100 brn|[from] Grassy Terrain\n|-damage|p2a: Raging Bolt|24\/100 brn|[from] brn\n|upkeep\n|\n|t:|1737655195\n|switch|p1a: Accelerator|Dragonite, L50, M|100\/100\n|turn|4\n|\n|t:|1737655210\n|move|p1b: Touma|Protect|p1b: Touma\n|-singleturn|p1b: Touma|Protect\n|move|p1a: Accelerator|Extreme Speed|p2a: Raging Bolt\n|-crit|p2a: Raging Bolt\n|-damage|p2a: Raging Bolt|0 fnt\n|faint|p2a: Raging Bolt\n|-end|p2a: Raging Bolt|Protosynthesis|[silent]\n|move|p2b: Groudon|Precipice Blades|p1b: Touma|[spread] p1a\n|-activate|p1b: Touma|move: Protect\n|-damage|p1a: Accelerator|68\/100\n|\n|-weather|SunnyDay|[upkeep]\n|-heal|p1b: Touma|12\/100|[from] Grassy Terrain\n|-heal|p1a: Accelerator|74\/100|[from] Grassy Terrain\n|-heal|p2b: Groudon|70\/100|[from] Grassy Terrain\n|upkeep\n|\n|t:|1737655218\n|switch|p2a: Curveball|Rillaboom, L50, M|100\/100\n|turn|5\n|\n|t:|1737655229\n|switch|p1a: Index|Dondozo, L50, F|100\/100\n|-activate|p1b: Touma|ability: Commander|[of] p1a: Index\n|-boost|p1a: Index|atk|2\n|-boost|p1a: Index|spa|2\n|-boost|p1a: Index|spe|2\n|-boost|p1a: Index|def|2\n|-boost|p1a: Index|spd|2\n|move|p2a: Curveball|Wood Hammer|p1a: Index\n|-supereffective|p1a: Index\n|-damage|p1a: Index|46\/100\n|-damage|p2a: Curveball|77\/100|[from] Recoil\n|move|p2b: Groudon|Precipice Blades|p1b: Touma|[spread] p1a\n|-miss|p2b: Groudon|p1b: Touma\n|-damage|p1a: Index|30\/100\n|\n|-weather|SunnyDay|[upkeep]\n|-heal|p1b: Touma|18\/100|[from] Grassy Terrain\n|-heal|p1a: Index|36\/100|[from] Grassy Terrain\n|-heal|p1a: Index|42\/100|[from] item: Leftovers\n|-heal|p2a: Curveball|83\/100|[from] Grassy Terrain\n|-heal|p2b: Groudon|76\/100|[from] Grassy Terrain\n|-fieldend|move: Gravity\n|-fieldend|move: Grassy Terrain\n|upkeep\n|turn|6\n|inactive|TonyPajamas16 has 30 seconds left.\n|\n|t:|1737655254\n|move|p1a: Index|Protect|p1a: Index\n|-singleturn|p1a: Index|Protect\n|move|p2a: Curveball|Wood Hammer|p1a: Index\n|-activate|p1a: Index|move: Protect\n|move|p2b: Groudon|Fire Punch|p1a: Index\n|-activate|p1a: Index|move: Protect\n|\n|-weather|SunnyDay|[upkeep]\n|-heal|p1a: Index|48\/100|[from] item: Leftovers\n|upkeep\n|turn|7\n|inactive|girl latias has 30 seconds left.\n|inactive|girl latias has 20 seconds left.\n|inactive|girl latias has 15 seconds left.\n|inactive|girl latias has 10 seconds left.\n|\n|t:|1737655302\n|-terastallize|p1a: Index|Grass\n|move|p1a: Index|Order Up|p2b: Groudon\n|-damage|p2b: Groudon|51\/100\n|-boost|p1a: Index|def|1\n|move|p2a: Curveball|Wood Hammer|p1a: Index\n|-resisted|p1a: Index\n|-damage|p1a: Index|39\/100\n|-damage|p2a: Curveball|79\/100|[from] Recoil\n|move|p2b: Groudon|Precipice Blades|p1a: Index|[spread] p1a\n|-miss|p2b: Groudon|p1b: Touma\n|-resisted|p1a: Index\n|-damage|p1a: Index|33\/100\n|\n|-weather|none\n|-heal|p1a: Index|39\/100|[from] item: Leftovers\n|upkeep\n|turn|8\n|\n|t:|1737655326\n|-terastallize|p2b: Groudon|Fire\n|move|p1a: Index|Protect|p1a: Index\n|-singleturn|p1a: Index|Protect\n|move|p2a: Curveball|U-turn|p1a: Index\n|-activate|p1a: Index|move: Protect\n|move|p2b: Groudon|Fire Punch|p1a: Index\n|-activate|p1a: Index|move: Protect\n|\n|-heal|p1a: Index|45\/100|[from] item: Leftovers\n|upkeep\n|turn|9\n|\n|t:|1737655339\n|move|p1a: Index|Wave Crash|p2b: Groudon\n|-supereffective|p2b: Groudon\n|-damage|p2b: Groudon|0 fnt\n|faint|p2b: Groudon\n|-damage|p1a: Index|30\/100|[from] Recoil\n|move|p2a: Curveball|U-turn|p1a: Index\n|-supereffective|p1a: Index\n|-damage|p1a: Index|19\/100\n|\n|-heal|p1a: Index|25\/100|[from] item: Leftovers\n|upkeep\n|turn|10\n|\n|t:|1737655348\n|move|p1a: Index|Protect|p1a: Index\n|-singleturn|p1a: Index|Protect\n|move|p2a: Curveball|U-turn|p1a: Index\n|-activate|p1a: Index|move: Protect\n|\n|-heal|p1a: Index|31\/100|[from] item: Leftovers\n|upkeep\n|turn|11\n|\n|t:|1737655354\n|move|p1a: Index|Order Up|p2a: Curveball\n|-damage|p2a: Curveball|39\/100\n|-boost|p1a: Index|def|1\n|move|p2a: Curveball|U-turn|p1a: Index\n|-supereffective|p1a: Index\n|-damage|p1a: Index|21\/100\n|\n|-heal|p1a: Index|27\/100|[from] item: Leftovers\n|upkeep\n|turn|12\n|\n|t:|1737655364\n|move|p1a: Index|Protect|p1a: Index\n|-singleturn|p1a: Index|Protect\n|move|p2a: Curveball|U-turn|p1a: Index\n|-activate|p1a: Index|move: Protect\n|\n|-heal|p1a: Index|33\/100|[from] item: Leftovers\n|upkeep\n|turn|13\n|\n|t:|1737655371\n|move|p1a: Index|Body Press|p2a: Curveball\n|-damage|p2a: Curveball|0 fnt\n|faint|p2a: Curveball\n|\n|win|girl latias\n|raw|girl latias's rating: 1589 &rarr; <strong>1611<\/strong><br \/>(+22 for winning)\n|raw|TonyPajamas16's rating: 1622 &rarr; <strong>1600<\/strong><br \/>(-22 for losing)\n|c|\u2606girl latias|gg\n|l|\u2606TonyPajamas16\n|player|p2|\n|l|\u2606girl latias\n|player|p1|\n|l| Alniltaka\n","uploadtime":1737655386,"views":14,"formatid":"gen9vgc2025regg","rating":1600,"private":0,"password":null}