{"id":"gen9vgc2025regg-2286969070","format":"[Gen 9] VGC 2025 Reg G","players":["Iamsliverfish","no1torterrafan"],"log":"|j|\u2606Iamsliverfish\n|j|\u2606no1torterrafan\n|t:|1737673698\n|gametype|doubles\n|player|p1|Iamsliverfish|hiker-gen4|1647\n|player|p2|no1torterrafan|nurse|1605\n|teamsize|p1|6\n|teamsize|p2|6\n|gen|9\n|tier|[Gen 9] VGC 2025 Reg G\n|rated|\n|rule|Species Clause: Limit one of each Pok\u00e9mon\n|rule|Item Clause: Limit 1 of each item\n|clearpoke\n|poke|p1|Calyrex-Shadow, L50|\n|poke|p1|Ursaluna, L50, M|\n|poke|p1|Indeedee-F, L50, F|\n|poke|p1|Ogerpon-Wellspring, L50, F|\n|poke|p1|Tornadus, L50, M|\n|poke|p1|Chi-Yu, L50|\n|poke|p2|Koraidon, L50|\n|poke|p2|Raging Bolt, L50|\n|poke|p2|Flutter Mane, L50|\n|poke|p2|Ogerpon-Cornerstone, L50, F|\n|poke|p2|Chien-Pao, L50|\n|poke|p2|Torterra, L50, F|\n|teampreview|4\n|\n|t:|1737673748\n|start\n|switch|p1a: Tornadus|Tornadus, L50, M|100\/100\n|switch|p1b: Chi-Yu|Chi-Yu, L50|100\/100\n|switch|p2a: Chien-Pao|Chien-Pao, L50|100\/100\n|switch|p2b: Koraidon|Koraidon, L50|100\/100\n|-ability|p1b: Chi-Yu|Beads of Ruin\n|-ability|p2a: Chien-Pao|Sword of Ruin\n|-weather|SunnyDay|[from] ability: Orichalcum Pulse|[of] p2b: Koraidon\n|-activate|p2b: Koraidon|Orichalcum Pulse|[source]\n|turn|1\n|j| Kaiju Krush\n|\n|t:|1737673789\n|-terastallize|p2b: Koraidon|Fire\n|move|p1a: Tornadus|Tailwind|p1a: Tornadus\n|-sidestart|p1: Iamsliverfish|move: Tailwind\n|move|p1b: Chi-Yu|Heat Wave|p2a: Chien-Pao|[spread] p2a,p2b\n|-supereffective|p2a: Chien-Pao\n|-resisted|p2b: Koraidon\n|-enditem|p2a: Chien-Pao|Focus Sash\n|-damage|p2a: Chien-Pao|1\/100\n|-damage|p2b: Koraidon|67\/100\n|move|p2a: Chien-Pao|Ice Spinner|p1a: Tornadus\n|-supereffective|p1a: Tornadus\n|-damage|p1a: Tornadus|0 fnt\n|faint|p1a: Tornadus\n|move|p2b: Koraidon|Flame Charge|p1b: Chi-Yu\n|-resisted|p1b: Chi-Yu\n|-damage|p1b: Chi-Yu|36\/100\n|-boost|p2b: Koraidon|spe|1\n|\n|-weather|SunnyDay|[upkeep]\n|upkeep\n|\n|t:|1737673811\n|switch|p1a: Calyrex|Calyrex-Shadow, L50|100\/100\n|-ability|p1a: Calyrex|As One\n|-ability|p1a: Calyrex|Unnerve\n|turn|2\n|\n|t:|1737673827\n|-terastallize|p1a: Calyrex|Ground\n|move|p2b: Koraidon|Protect|p2b: Koraidon\n|-singleturn|p2b: Koraidon|Protect\n|move|p1b: Chi-Yu|Heat Wave|p2a: Chien-Pao|[spread] p2a\n|-activate|p2b: Koraidon|move: Protect\n|-supereffective|p2a: Chien-Pao\n|-damage|p2a: Chien-Pao|0 fnt\n|faint|p2a: Chien-Pao\n|move|p1a: Calyrex|Tera Blast|p2b: Koraidon|[anim] Tera Blast Ground\n|-activate|p2b: Koraidon|move: Protect\n|\n|-weather|SunnyDay|[upkeep]\n|upkeep\n|\n|t:|1737673840\n|switch|p2a: Ogerpon|Ogerpon-Cornerstone, L50, F|100\/100\n|turn|3\n|\n|t:|1737673870\n|move|p2a: Ogerpon|Spiky Shield|p2a: Ogerpon\n|-singleturn|p2a: Ogerpon|move: Protect\n|move|p1b: Chi-Yu|Heat Wave|p2b: Koraidon|[spread] p2b\n|-activate|p2a: Ogerpon|move: Protect\n|-resisted|p2b: Koraidon\n|-damage|p2b: Koraidon|33\/100\n|move|p1a: Calyrex|Astral Barrage|p2a: Ogerpon|[spread] p2b\n|-activate|p2a: Ogerpon|move: Protect\n|-damage|p2b: Koraidon|0 fnt\n|faint|p2b: Koraidon\n|-ability|p1a: Calyrex|Grim Neigh|boost\n|-boost|p1a: Calyrex|spa|1\n|-damage|p1a: Calyrex|91\/100|[from] item: Life Orb\n|\n|-weather|SunnyDay|[upkeep]\n|upkeep\n|\n|t:|1737673872\n|switch|p2b: Torterra|Torterra, L50, F|100\/100\n|turn|4\n|j| ogaroa\n|\n|t:|1737673881\n|switch|p1b: Ogerpon|Ogerpon-Wellspring, L50, F|100\/100\n|move|p1a: Calyrex|Protect|p1a: Calyrex\n|-singleturn|p1a: Calyrex|Protect\n|move|p2b: Torterra|Wide Guard|p2b: Torterra\n|-singleturn|p2b: Torterra|Wide Guard\n|move|p2a: Ogerpon|Solar Blade||[still]\n|-prepare|p2a: Ogerpon|Solar Blade\n|-anim|p2a: Ogerpon|Solar Blade|p1a: Calyrex\n|-activate|p1a: Calyrex|move: Protect\n|\n|-weather|SunnyDay|[upkeep]\n|-sideend|p1: Iamsliverfish|move: Tailwind\n|upkeep\n|turn|5\n|\n|t:|1737673906\n|move|p1b: Ogerpon|Follow Me|p1b: Ogerpon\n|-singleturn|p1b: Ogerpon|move: Follow Me\n|move|p1a: Calyrex|Expanding Force|p2b: Torterra\n|-damage|p2b: Torterra|11\/100\n|-damage|p1a: Calyrex|81\/100|[from] item: Life Orb\n|move|p2a: Ogerpon|Solar Blade||[still]\n|-prepare|p2a: Ogerpon|Solar Blade\n|-anim|p2a: Ogerpon|Solar Blade|p1b: Ogerpon\n|-damage|p1b: Ogerpon|13\/100\n|move|p2b: Torterra|Wood Hammer|p1b: Ogerpon\n|-damage|p1b: Ogerpon|0 fnt\n|faint|p1b: Ogerpon\n|-damage|p2b: Torterra|8\/100|[from] Recoil\n|\n|-weather|none\n|-heal|p2b: Torterra|14\/100|[from] item: Leftovers\n|upkeep\n|\n|t:|1737673909\n|switch|p1b: Chi-Yu|Chi-Yu, L50|36\/100\n|-ability|p1b: Chi-Yu|Beads of Ruin\n|turn|6\n|\n|t:|1737673918\n|move|p2a: Ogerpon|Spiky Shield|p2a: Ogerpon\n|-singleturn|p2a: Ogerpon|move: Protect\n|move|p2b: Torterra|Protect|p2b: Torterra\n|-singleturn|p2b: Torterra|Protect\n|move|p1b: Chi-Yu|Psychic|p2b: Torterra\n|-activate|p2b: Torterra|move: Protect\n|move|p1a: Calyrex|Expanding Force|p2a: Ogerpon\n|-activate|p2a: Ogerpon|move: Protect\n|\n|-heal|p2b: Torterra|20\/100|[from] item: Leftovers\n|upkeep\n|turn|7\n|j| 123ffewq\n|\n|t:|1737673945\n|move|p2a: Ogerpon|Follow Me|p2a: Ogerpon\n|-singleturn|p2a: Ogerpon|move: Follow Me\n|move|p1b: Chi-Yu|Psychic|p2a: Ogerpon\n|-damage|p2a: Ogerpon|50\/100\n|move|p1a: Calyrex|Expanding Force|p2a: Ogerpon\n|-damage|p2a: Ogerpon|0 fnt\n|faint|p2a: Ogerpon\n|-ability|p1a: Calyrex|Grim Neigh|boost\n|-boost|p1a: Calyrex|spa|1\n|-damage|p1a: Calyrex|71\/100|[from] item: Life Orb\n|move|p2b: Torterra|Wood Hammer|p1a: Calyrex\n|-supereffective|p1a: Calyrex\n|-damage|p1a: Calyrex|0 fnt\n|faint|p1a: Calyrex\n|-damage|p2b: Torterra|0 fnt|[from] Recoil\n|faint|p2b: Torterra\n|\n|win|Iamsliverfish\n|raw|Iamsliverfish's rating: 1622 &rarr; <strong>1641<\/strong><br \/>(+19 for winning)\n|raw|no1torterrafan's rating: 1605 &rarr; <strong>1586<\/strong><br \/>(-19 for losing)\n|l|\u2606no1torterrafan\n|player|p2|\n|l|\u2606Iamsliverfish\n|player|p1|\n|l| 123ffewq\n","uploadtime":1737674186,"views":23,"formatid":"gen9vgc2025regg","rating":1586,"private":0,"password":null}