{"id":"gen9vgc2025regg-2286693274","format":"[Gen 9] VGC 2025 Reg G","players":["Diestoise","Grimmjane"],"log":"|j|\u2606Diestoise\n|j|\u2606Grimmjane\n|t:|1737645971\n|gametype|doubles\n|player|p1|Diestoise|blue|1514\n|player|p2|Grimmjane|101|1561\n|teamsize|p1|6\n|teamsize|p2|6\n|gen|9\n|tier|[Gen 9] VGC 2025 Reg G\n|rated|\n|rule|Species Clause: Limit one of each Pok\u00e9mon\n|rule|Item Clause: Limit 1 of each item\n|clearpoke\n|poke|p1|Koraidon, L50|\n|poke|p1|Raging Bolt, L50|\n|poke|p1|Entei, L50|\n|poke|p1|Flutter Mane, L50|\n|poke|p1|Venusaur, L50, F|\n|poke|p1|Ditto, L50|\n|poke|p2|Zacian-*, L50|\n|poke|p2|Entei, L50|\n|poke|p2|Araquanid, L50, F|\n|poke|p2|Brute Bonnet, L50|\n|poke|p2|Tornadus, L50, M|\n|poke|p2|Ditto, L50|\n|teampreview|4\n|inactive|Battle timer is ON: inactive players will automatically lose when time's up. (requested by Grimmjane)\n|\n|t:|1737646006\n|start\n|switch|p1a: Raging Bolt|Raging Bolt, L50|100\/100\n|switch|p1b: Entei|Entei, L50|100\/100\n|switch|p2a: Tornadus|Tornadus, L50, M|100\/100\n|switch|p2b: Brute Bonnet|Brute Bonnet, L50|100\/100\n|turn|1\n|j| Mega Delibird X\n|\n|t:|1737646020\n|move|p2a: Tornadus|Rain Dance|p2a: Tornadus\n|-weather|RainDance\n|move|p1b: Entei|Sacred Fire|p2b: Brute Bonnet\n|-supereffective|p2b: Brute Bonnet\n|-damage|p2b: Brute Bonnet|57\/100\n|move|p2b: Brute Bonnet|Spore|p1a: Raging Bolt\n|-status|p1a: Raging Bolt|slp|[from] move: Spore\n|cant|p1a: Raging Bolt|slp\n|\n|-weather|RainDance|[upkeep]\n|upkeep\n|turn|2\n|\n|t:|1737646037\n|move|p2a: Tornadus|Tailwind|p2a: Tornadus\n|-sidestart|p2: Grimmjane|move: Tailwind\n|move|p2b: Brute Bonnet|Spore|p1b: Entei\n|-status|p1b: Entei|slp|[from] move: Spore\n|cant|p1b: Entei|slp\n|cant|p1a: Raging Bolt|slp\n|\n|-weather|RainDance|[upkeep]\n|upkeep\n|turn|3\n|\n|t:|1737646046\n|-end|p2b: Brute Bonnet|Protosynthesis|[silent]\n|switch|p2b: Khairo|Zacian-Crowned, L50|100\/100\n|-ability|p2b: Khairo|Intrepid Sword|boost\n|-boost|p2b: Khairo|atk|1\n|move|p2a: Tornadus|Bleakwind Storm|p1a: Raging Bolt|[spread] p1a,p1b\n|-resisted|p1a: Raging Bolt\n|-damage|p1a: Raging Bolt|85\/100 slp\n|-damage|p1b: Entei|74\/100 slp\n|-unboost|p1a: Raging Bolt|spe|1\n|-unboost|p1b: Entei|spe|1\n|cant|p1b: Entei|slp\n|-curestatus|p1a: Raging Bolt|slp|[msg]\n|move|p1a: Raging Bolt|Thunderbolt|p2a: Tornadus\n|-supereffective|p2a: Tornadus\n|-enditem|p2a: Tornadus|Focus Sash\n|-damage|p2a: Tornadus|1\/100\n|-damage|p1a: Raging Bolt|75\/100|[from] item: Life Orb\n|\n|-weather|RainDance|[upkeep]\n|upkeep\n|turn|4\n|inactive|Diestoise has 30 seconds left.\n|\n|t:|1737646073\n|switch|p2a: Brute Bonnet|Brute Bonnet, L50|57\/100\n|-terastallize|p2b: Khairo|Ground\n|move|p1a: Raging Bolt|Protect|p1a: Raging Bolt\n|-singleturn|p1a: Raging Bolt|Protect\n|-curestatus|p1b: Entei|slp|[msg]\n|move|p1b: Entei|Extreme Speed|p2a: Brute Bonnet\n|-damage|p2a: Brute Bonnet|34\/100\n|move|p2b: Khairo|Tera Blast|p1b: Entei|[anim] Tera Blast Ground\n|-supereffective|p1b: Entei\n|-damage|p1b: Entei|0 fnt\n|faint|p1b: Entei\n|\n|-weather|RainDance|[upkeep]\n|upkeep\n|\n|t:|1737646095\n|switch|p1b: Koraidon|Koraidon, L50|100\/100\n|-weather|SunnyDay|[from] ability: Orichalcum Pulse|[of] p1b: Koraidon\n|-activate|p2a: Brute Bonnet|ability: Protosynthesis\n|-start|p2a: Brute Bonnet|protosynthesisatk\n|-activate|p1a: Raging Bolt|ability: Protosynthesis\n|-start|p1a: Raging Bolt|protosynthesisspa\n|-activate|p1b: Koraidon|Orichalcum Pulse|[source]\n|turn|5\n|\n|t:|1737646109\n|move|p1a: Raging Bolt|Thunderclap||[still]\n|-fail|p1a: Raging Bolt\n|move|p2b: Khairo|Tera Blast|p1a: Raging Bolt|[anim] Tera Blast Ground\n|-supereffective|p1a: Raging Bolt\n|-damage|p1a: Raging Bolt|0 fnt\n|faint|p1a: Raging Bolt\n|-end|p1a: Raging Bolt|Protosynthesis|[silent]\n|move|p2a: Brute Bonnet|Spore|p1b: Koraidon\n|-status|p1b: Koraidon|slp|[from] move: Spore\n|cant|p1b: Koraidon|slp\n|\n|-weather|SunnyDay|[upkeep]\n|-sideend|p2: Grimmjane|move: Tailwind\n|upkeep\n|\n|t:|1737646118\n|switch|p1a: Ditto|Ditto, L50|100\/100\n|-transform|p1a: Ditto|p2b: Khairo|[from] ability: Imposter\n|-ability|p1a: Ditto|Intrepid Sword|boost\n|-boost|p1a: Ditto|atk|1\n|-start|p1a: Ditto|typechange|Fairy\/Steel|[silent]\n|turn|6\n|inactive|Diestoise has 30 seconds left.\n|-activate|p1a: Ditto|item: Quick Claw\n|\n|t:|1737646143\n|-terastallize|p1a: Ditto|Ghost\n|move|p2b: Khairo|Protect|p2b: Khairo\n|-singleturn|p2b: Khairo|Protect\n|move|p1a: Ditto|Behemoth Blade|p2a: Brute Bonnet\n|-crit|p2a: Brute Bonnet\n|-damage|p2a: Brute Bonnet|0 fnt\n|faint|p2a: Brute Bonnet\n|-end|p2a: Brute Bonnet|Protosynthesis|[silent]\n|cant|p1b: Koraidon|slp\n|\n|-weather|SunnyDay|[upkeep]\n|upkeep\n|\n|t:|1737646153\n|switch|p2a: Tornadus|Tornadus, L50, M|1\/100\n|turn|7\n|-activate|p1a: Ditto|item: Quick Claw\n|\n|t:|1737646165\n|move|p2a: Tornadus|Tailwind|p2a: Tornadus\n|-sidestart|p2: Grimmjane|move: Tailwind\n|move|p1a: Ditto|Behemoth Blade|p2b: Khairo\n|-damage|p2b: Khairo|0 fnt\n|faint|p2b: Khairo\n|cant|p1b: Koraidon|slp\n|\n|-weather|SunnyDay|[upkeep]\n|upkeep\n|\n|t:|1737646171\n|switch|p2b: Araquanid|Araquanid, L50, F|100\/100\n|turn|8\n|l| Mega Delibird X\n|inactive|Diestoise has 30 seconds left.\n|inactive|Diestoise has 20 seconds left.\n|inactive|Diestoise has 15 seconds left.\n|inactive|Diestoise has 10 seconds left.\n|\n|t:|1737646218\n|move|p2a: Tornadus|Rain Dance|p2a: Tornadus\n|-weather|RainDance\n|move|p1a: Ditto|Play Rough|p2b: Araquanid\n|-crit|p2b: Araquanid\n|-damage|p2b: Araquanid|0 fnt\n|faint|p2b: Araquanid\n|-curestatus|p1b: Koraidon|slp|[msg]\n|move|p1b: Koraidon|Scale Shot|p2a: Tornadus\n|-damage|p2a: Tornadus|0 fnt\n|faint|p2a: Tornadus\n|-hitcount|p2: Tornadus|1\n|\n|win|Diestoise\n|raw|Diestoise's rating: 1514 &rarr; <strong>1537<\/strong><br \/>(+23 for winning)\n|raw|Grimmjane's rating: 1561 &rarr; <strong>1538<\/strong><br \/>(-23 for losing)\n|l|\u2606Grimmjane\n|player|p2|\n|l|\u2606Diestoise\n|player|p1|\n","uploadtime":1737646463,"views":8,"formatid":"gen9vgc2025regg","rating":1537,"private":0,"password":null}