{"id":"gen9vgc2025regg-2286012812","format":"[Gen 9] VGC 2025 Reg G","players":["Crysantimo","zxc123zxc"],"log":"|j|\u2606Crysantimo\n|j|\u2606zxc123zxc\n|t:|1737559238\n|gametype|doubles\n|player|p1|Crysantimo|madame-gen4dp|1537\n|player|p2|zxc123zxc|hiker-gen4|1596\n|teamsize|p1|6\n|teamsize|p2|6\n|gen|9\n|tier|[Gen 9] VGC 2025 Reg G\n|rated|\n|rule|Species Clause: Limit one of each Pok\u00e9mon\n|rule|Item Clause: Limit 1 of each item\n|clearpoke\n|poke|p1|Calyrex-Shadow, L50|\n|poke|p1|Clefairy, L50, F|\n|poke|p1|Chi-Yu, L50|\n|poke|p1|Pawmot, L50, M|\n|poke|p1|Weezing-Galar, L50, F|\n|poke|p1|Dragonite, L50, M|\n|poke|p2|Calyrex-Ice, L50|\n|poke|p2|Urshifu-*, L50, F|\n|poke|p2|Pelipper, L50, F|\n|poke|p2|Incineroar, L50, F|\n|poke|p2|Raging Bolt, L50|\n|poke|p2|Amoonguss, L50, M|\n|teampreview|4\n|inactive|Battle timer is ON: inactive players will automatically lose when time's up. (requested by Crysantimo)\n|inactive|zxc123zxc has 60 seconds left.\n|\n|t:|1737559305\n|start\n|switch|p1a: Calyrex|Calyrex-Shadow, L50|100\/100\n|switch|p1b: Pawmot|Pawmot, L50, M|100\/100\n|switch|p2a: Pelipper|Pelipper, L50, F|100\/100\n|switch|p2b: Calyrex|Calyrex-Ice, L50|100\/100\n|-ability|p1a: Calyrex|As One\n|-ability|p1a: Calyrex|Unnerve\n|-ability|p2b: Calyrex|As One\n|-ability|p2b: Calyrex|Unnerve\n|-weather|RainDance|[from] ability: Drizzle|[of] p2a: Pelipper\n|turn|1\n|inactive|Crysantimo has 30 seconds left.\n|inactive|zxc123zxc has 30 seconds left.\n|inactive|zxc123zxc has 20 seconds left.\n|inactive|Crysantimo has 20 seconds left.\n|inactive|zxc123zxc has 15 seconds left.\n|\n|t:|1737559348\n|-terastallize|p2a: Pelipper|Ground\n|move|p1b: Pawmot|Fake Out|p2a: Pelipper\n|-damage|p2a: Pelipper|88\/100\n|cant|p2a: Pelipper|flinch\n|move|p1a: Calyrex|Shadow Ball|p2b: Calyrex\n|-supereffective|p2b: Calyrex\n|-damage|p2b: Calyrex|10\/100\n|move|p2b: Calyrex|Glacial Lance|p1b: Pawmot|[spread] p1a,p1b\n|-damage|p1a: Calyrex|42\/100\n|-damage|p1b: Pawmot|23\/100\n|\n|-weather|RainDance|[upkeep]\n|upkeep\n|turn|2\n|\n|t:|1737559365\n|move|p1a: Calyrex|Shadow Ball|p2a: Pelipper\n|-damage|p2a: Pelipper|0 fnt\n|faint|p2a: Pelipper\n|-ability|p1a: Calyrex|Grim Neigh|boost\n|-boost|p1a: Calyrex|spa|1\n|move|p1b: Pawmot|Close Combat|p2b: Calyrex\n|-damage|p2b: Calyrex|0 fnt\n|-unboost|p1b: Pawmot|def|1\n|-unboost|p1b: Pawmot|spd|1\n|faint|p2b: Calyrex\n|\n|-weather|RainDance|[upkeep]\n|upkeep\n|\n|t:|1737559372\n|switch|p2a: Urshifu|Urshifu-Rapid-Strike, L50, F|100\/100\n|switch|p2b: Raging Bolt|Raging Bolt, L50|100\/100\n|turn|3\n|j| Rigox507\n|\n|t:|1737559406\n|switch|p1a: Dragonite|Dragonite, L50, M|100\/100\n|switch|p1b: Clefairy|Clefairy, L50, F|100\/100\n|move|p2a: Urshifu|Aqua Jet|p1b: Clefairy\n|-damage|p1b: Clefairy|65\/100\n|move|p2b: Raging Bolt|Thunderclap||[still]\n|-fail|p2b: Raging Bolt\n|\n|-weather|RainDance|[upkeep]\n|upkeep\n|turn|4\n|inactive|Crysantimo has 30 seconds left.\n|\n|t:|1737559437\n|-terastallize|p1b: Clefairy|Grass\n|move|p1b: Clefairy|Helping Hand|p1a: Dragonite\n|-singleturn|p1a: Dragonite|Helping Hand|[of] p1b: Clefairy\n|move|p2a: Urshifu|Surging Strikes|p1b: Clefairy\n|-resisted|p1b: Clefairy\n|-crit|p1b: Clefairy\n|-damage|p1b: Clefairy|49\/100\n|-resisted|p1b: Clefairy\n|-crit|p1b: Clefairy\n|-damage|p1b: Clefairy|32\/100\n|-resisted|p1b: Clefairy\n|-crit|p1b: Clefairy\n|-damage|p1b: Clefairy|15\/100\n|-hitcount|p1b: Clefairy|3\n|move|p1a: Dragonite|Aerial Ace|p2a: Urshifu\n|-supereffective|p2a: Urshifu\n|-enditem|p2a: Urshifu|Focus Sash\n|-damage|p2a: Urshifu|1\/100\n|move|p2b: Raging Bolt|Draco Meteor|p1a: Dragonite\n|-supereffective|p1a: Dragonite\n|-damage|p1a: Dragonite|31\/100\n|-unboost|p2b: Raging Bolt|spa|2\n|\n|-weather|RainDance|[upkeep]\n|upkeep\n|turn|5\n|\n|t:|1737559454\n|move|p1a: Dragonite|Extreme Speed|p2a: Urshifu\n|-damage|p2a: Urshifu|0 fnt\n|faint|p2a: Urshifu\n|move|p1b: Clefairy|Follow Me|p1b: Clefairy\n|-singleturn|p1b: Clefairy|move: Follow Me\n|move|p2b: Raging Bolt|Thunderclap||[still]\n|-fail|p2b: Raging Bolt\n|\n|-weather|none\n|upkeep\n|turn|6\n|\n|t:|1737559463\n|move|p1b: Clefairy|Protect|p1b: Clefairy\n|-singleturn|p1b: Clefairy|Protect\n|move|p1a: Dragonite|Stomping Tantrum|p2b: Raging Bolt\n|-supereffective|p2b: Raging Bolt\n|-damage|p2b: Raging Bolt|51\/100\n|move|p2b: Raging Bolt|Electroweb|p1b: Clefairy|[spread] p1a\n|-activate|p1b: Clefairy|move: Protect\n|-damage|p1a: Dragonite|26\/100\n|-unboost|p1a: Dragonite|spe|1\n|\n|upkeep\n|turn|7\n|-message|zxc123zxc forfeited.\n|\n|win|Crysantimo\n|raw|Crysantimo's rating: 1537 &rarr; <strong>1560<\/strong><br \/>(+23 for winning)\n|raw|zxc123zxc's rating: 1596 &rarr; <strong>1573<\/strong><br \/>(-23 for losing)\n|l|\u2606zxc123zxc\n|player|p2|\n|l| Rigox507\n|l|\u2606Crysantimo\n|player|p1|\n|j| Rigox507\n|l| Rigox507\n","uploadtime":1737559711,"views":7,"formatid":"gen9vgc2025regg","rating":1560,"private":0,"password":null}