{"id":"gen9vgc2025regg-2286015134","format":"[Gen 9] VGC 2025 Reg G","players":["zxc123zxc","i\u2764\u5a1c\u7984forever"],"log":"|j|\u2606zxc123zxc\n|j|\u2606i\u2764\u5a1c\u7984forever\n|t:|1737559484\n|gametype|doubles\n|player|p1|zxc123zxc|hiker-gen4|1573\n|player|p2|i\u2764\u5a1c\u7984forever|youngcouple-gen4dp|1554\n|teamsize|p1|6\n|teamsize|p2|6\n|gen|9\n|tier|[Gen 9] VGC 2025 Reg G\n|rated|\n|rule|Species Clause: Limit one of each Pok\u00e9mon\n|rule|Item Clause: Limit 1 of each item\n|clearpoke\n|poke|p1|Calyrex-Ice, L50|\n|poke|p1|Urshifu-*, L50, F|\n|poke|p1|Pelipper, L50, M|\n|poke|p1|Incineroar, L50, F|\n|poke|p1|Raging Bolt, L50|\n|poke|p1|Amoonguss, L50, F|\n|poke|p2|Farigiraf, L50, F|\n|poke|p2|Groudon, L50|\n|poke|p2|Flutter Mane, L50|\n|poke|p2|Torkoal, L50, M|\n|poke|p2|Urshifu-*, L50, M|\n|poke|p2|Dragonite, L50, M|\n|teampreview|4\n|\n|t:|1737559538\n|start\n|switch|p1a: Incineroar|Incineroar, L50, F|100\/100\n|switch|p1b: Raging Bolt|Raging Bolt, L50|100\/100\n|switch|p2a: Flutter Mane|Flutter Mane, L50|100\/100\n|switch|p2b: Urshifu|Urshifu, L50, M|100\/100\n|-ability|p1a: Incineroar|Intimidate|boost\n|-unboost|p2a: Flutter Mane|atk|1\n|-unboost|p2b: Urshifu|atk|1\n|turn|1\n|\n|t:|1737559566\n|-terastallize|p2b: Urshifu|Ghost\n|move|p2b: Urshifu|Close Combat|p1a: Incineroar\n|-supereffective|p1a: Incineroar\n|-damage|p1a: Incineroar|33\/100\n|-unboost|p2b: Urshifu|def|1\n|-unboost|p2b: Urshifu|spd|1\n|-damage|p2b: Urshifu|84\/100|[from] item: Rocky Helmet|[of] p1a: Incineroar\n|move|p2a: Flutter Mane|Dazzling Gleam|p1b: Raging Bolt|[spread] p1a,p1b\n|-supereffective|p1b: Raging Bolt\n|-damage|p1a: Incineroar|0 fnt\n|-damage|p1b: Raging Bolt|44\/100\n|faint|p1a: Incineroar\n|move|p1b: Raging Bolt|Volt Switch|p2a: Flutter Mane\n|-damage|p2a: Flutter Mane|67\/100\n|\n|t:|1737559580\n|-end|p1b: Raging Bolt|Protosynthesis|[silent]\n|switch|p1b: Calyrex|Calyrex-Ice, L50|100\/100|[from] Volt Switch\n|-ability|p1b: Calyrex|As One\n|-ability|p1b: Calyrex|Unnerve\n|\n|upkeep\n|\n|t:|1737559586\n|switch|p1a: Amoonguss|Amoonguss, L50, F|100\/100\n|turn|2\n|\n|t:|1737559593\n|switch|p2b: Torkoal|Torkoal, L50, M|100\/100\n|-weather|SunnyDay|[from] ability: Drought|[of] p2b: Torkoal\n|-activate|p2a: Flutter Mane|ability: Protosynthesis\n|-start|p2a: Flutter Mane|protosynthesisspa\n|move|p1a: Amoonguss|Rage Powder|p1a: Amoonguss\n|-singleturn|p1a: Amoonguss|move: Rage Powder\n|move|p2a: Flutter Mane|Dazzling Gleam|p1b: Calyrex|[spread] p1a,p1b\n|-resisted|p1a: Amoonguss\n|-damage|p1a: Amoonguss|68\/100\n|-damage|p1b: Calyrex|62\/100\n|move|p1b: Calyrex|Trick Room|p1b: Calyrex\n|-fieldstart|move: Trick Room|[of] p1b: Calyrex\n|\n|-weather|SunnyDay|[upkeep]\n|upkeep\n|turn|3\n|\n|t:|1737559626\n|-terastallize|p1a: Amoonguss|Water\n|move|p1b: Calyrex|Protect|p1b: Calyrex\n|-singleturn|p1b: Calyrex|Protect\n|move|p2b: Torkoal|Eruption|p1b: Calyrex|[spread] p1a\n|-activate|p1b: Calyrex|move: Protect\n|-resisted|p1a: Amoonguss\n|-damage|p1a: Amoonguss|24\/100\n|-damage|p2b: Torkoal|91\/100|[from] item: Life Orb\n|move|p1a: Amoonguss|Spore|p2b: Torkoal\n|-status|p2b: Torkoal|slp|[from] move: Spore\n|move|p2a: Flutter Mane|Dazzling Gleam|p1b: Calyrex|[spread] p1a\n|-activate|p1b: Calyrex|move: Protect\n|-damage|p1a: Amoonguss|0 fnt\n|faint|p1a: Amoonguss\n|\n|-weather|SunnyDay|[upkeep]\n|upkeep\n|\n|t:|1737559635\n|switch|p1a: Raging Bolt|Raging Bolt, L50|44\/100\n|-activate|p1a: Raging Bolt|ability: Protosynthesis\n|-start|p1a: Raging Bolt|protosynthesisspa\n|turn|4\n|\n|t:|1737559646\n|switch|p2b: Dragonite|Dragonite, L50, M|100\/100\n|move|p1b: Calyrex|Glacial Lance|p2b: Dragonite|[spread] p2a,p2b\n|-supereffective|p2b: Dragonite\n|-damage|p2a: Flutter Mane|0 fnt\n|-damage|p2b: Dragonite|2\/100\n|faint|p2a: Flutter Mane\n|-end|p2a: Flutter Mane|Protosynthesis|[silent]\n|-ability|p1b: Calyrex|Chilling Neigh|boost\n|-boost|p1b: Calyrex|atk|1\n|move|p1a: Raging Bolt|Volt Switch|p2b: Dragonite\n|-damage|p2b: Dragonite|0 fnt\n|faint|p2b: Dragonite\n|\n|-weather|SunnyDay|[upkeep]\n|upkeep\n|\n|t:|1737559657\n|switch|p2b: Torkoal|Torkoal, L50, M|91\/100 slp\n|switch|p2a: Urshifu|Urshifu, L50, M, tera:Ghost|84\/100\n|turn|5\n|\n|t:|1737559676\n|move|p1a: Raging Bolt|Thunderclap|p2a: Urshifu\n|-crit|p2a: Urshifu\n|-damage|p2a: Urshifu|0 fnt\n|faint|p2a: Urshifu\n|cant|p2b: Torkoal|slp\n|move|p1b: Calyrex|Glacial Lance|p2b: Torkoal\n|-resisted|p2b: Torkoal\n|-damage|p2b: Torkoal|47\/100 slp\n|\n|-weather|SunnyDay|[upkeep]\n|upkeep\n|turn|6\n|\n|t:|1737559684\n|move|p1a: Raging Bolt|Thunderclap|p2b: Torkoal\n|-damage|p2b: Torkoal|0 fnt\n|faint|p2b: Torkoal\n|\n|win|zxc123zxc\n|raw|zxc123zxc's rating: 1573 &rarr; <strong>1592<\/strong><br \/>(+19 for winning)\n|raw|i\u2764\u5a1c\u7984forever's rating: 1554 &rarr; <strong>1535<\/strong><br \/>(-19 for losing)\n|l|\u2606i\u2764\u5a1c\u7984forever\n|player|p2|\n|l|\u2606zxc123zxc\n|player|p1|\n","uploadtime":1737559851,"views":9,"formatid":"gen9vgc2025regg","rating":1535,"private":0,"password":null}