{"id":"gen9vgc2025regg-2286442484","format":"[Gen 9] VGC 2025 Reg G","players":["superpowerpoke","Freischieb"],"log":"|j|\u2606superpowerpoke\n|j|\u2606Freischieb\n|t:|1737606977\n|gametype|doubles\n|player|p1|superpowerpoke|1|1518\n|player|p2|Freischieb|2|1576\n|teamsize|p1|6\n|teamsize|p2|6\n|gen|9\n|tier|[Gen 9] VGC 2025 Reg G\n|rated|\n|rule|Species Clause: Limit one of each Pok\u00e9mon\n|rule|Item Clause: Limit 1 of each item\n|clearpoke\n|poke|p1|Kyogre, L50|\n|poke|p1|Archaludon, L50, M|\n|poke|p1|Grimmsnarl, L50, M|\n|poke|p1|Amoonguss, L50, M|\n|poke|p1|Ditto, L50|\n|poke|p1|Basculegion, L50, M|\n|poke|p2|Gastrodon-East, L50, M|\n|poke|p2|Ogerpon-Cornerstone, L50, F|\n|poke|p2|Urshifu-*, L50, F|\n|poke|p2|Calyrex-Ice, L50|\n|poke|p2|Farigiraf, L50, F|\n|poke|p2|Chi-Yu, L50|\n|teampreview|4\nFreischieb has agreed to open team sheets.\n|inactive|Battle timer is ON: inactive players will automatically lose when time's up. (requested by Freischieb)\n|inactive|superpowerpoke has 60 seconds left.\n|\n|t:|1737607051\n|start\n|switch|p1a: Archaludon|Archaludon, L50, M|100\/100\n|switch|p1b: Grimmsnarl|Grimmsnarl, L50, M|100\/100\n|switch|p2a: Ogerpon|Ogerpon-Cornerstone, L50, F|100\/100\n|switch|p2b: Gastrodon|Gastrodon-East, L50, M, shiny|100\/100\n|turn|1\n|\n|t:|1737607071\n|move|p2a: Ogerpon|Spiky Shield|p2a: Ogerpon\n|-singleturn|p2a: Ogerpon|move: Protect\n|move|p1b: Grimmsnarl|Parting Shot|p2b: Gastrodon\n|-unboost|p2b: Gastrodon|atk|1\n|-unboost|p2b: Gastrodon|spa|1\n|\n|t:|1737607077\n|switch|p1b: Ditto|Ditto, L50|100\/100|[from] Parting Shot\n|-transform|p1b: Ditto|p2a: Ogerpon|[from] ability: Imposter\n|move|p1a: Archaludon|Draco Meteor|p2a: Ogerpon\n|-activate|p2a: Ogerpon|move: Protect\n|move|p2b: Gastrodon|Muddy Water|p1b: Ditto|[spread] p1a,p1b\n|-resisted|p1a: Archaludon\n|-damage|p1a: Archaludon|96\/100\n|-damage|p1b: Ditto|81\/100\n|-unboost|p1a: Archaludon|accuracy|1\n|-ability|p1a: Archaludon|Stamina|boost\n|-boost|p1a: Archaludon|def|1\n|\n|upkeep\n|turn|2\n|inactive|Freischieb has 30 seconds left.\n|\n|t:|1737607110\n|switch|p1b: Grimmsnarl|Grimmsnarl, L50, M|100\/100\n|move|p2b: Gastrodon|Protect|p2b: Gastrodon\n|-singleturn|p2b: Gastrodon|Protect\n|move|p2a: Ogerpon|Horn Leech|p1b: Grimmsnarl\n|-damage|p1b: Grimmsnarl|61\/100\n|move|p1a: Archaludon|Body Press|p2a: Ogerpon\n|-supereffective|p2a: Ogerpon\n|-damage|p2a: Ogerpon|9\/100\n|\n|upkeep\n|turn|3\n|inactive|superpowerpoke has 30 seconds left.\n|inactive|superpowerpoke has 20 seconds left.\n|inactive|superpowerpoke has 15 seconds left.\n|\n|t:|1737607154\n|move|p1b: Grimmsnarl|Reflect|p1b: Grimmsnarl\n|-sidestart|p1: superpowerpoke|Reflect\n|move|p2a: Ogerpon|Horn Leech|p1b: Grimmsnarl\n|-damage|p1b: Grimmsnarl|34\/100\n|-heal|p2a: Ogerpon|27\/100|[from] drain|[of] p1b: Grimmsnarl\n|move|p1a: Archaludon|Draco Meteor|p2b: Gastrodon\n|-damage|p2b: Gastrodon|58\/100\n|-unboost|p1a: Archaludon|spa|2\n|move|p2b: Gastrodon|Muddy Water|p1b: Grimmsnarl|[spread] p1a,p1b\n|-resisted|p1a: Archaludon\n|-damage|p1a: Archaludon|92\/100\n|-damage|p1b: Grimmsnarl|19\/100\n|-unboost|p1a: Archaludon|accuracy|1\n|-unboost|p1b: Grimmsnarl|accuracy|1\n|-ability|p1a: Archaludon|Stamina|boost\n|-boost|p1a: Archaludon|def|1\n|\n|upkeep\n|turn|4\n|inactive|superpowerpoke has 30 seconds left.\n|inactive|superpowerpoke has 20 seconds left.\n|inactive|Freischieb has 30 seconds left.\n|inactive|superpowerpoke has 15 seconds left.\n|\n|t:|1737607196\n|move|p1b: Grimmsnarl|Parting Shot|p2b: Gastrodon\n|-unboost|p2b: Gastrodon|atk|1\n|-unboost|p2b: Gastrodon|spa|1\n|\n|t:|1737607200\n|switch|p1b: Ditto|Ditto, L50|81\/100|[from] Parting Shot\n|-transform|p1b: Ditto|p2a: Ogerpon|[from] ability: Imposter\n|move|p2a: Ogerpon|Horn Leech|p1a: Archaludon\n|-resisted|p1a: Archaludon\n|-damage|p1a: Archaludon|90\/100\n|-heal|p2a: Ogerpon|29\/100|[from] drain|[of] p1a: Archaludon\n|-ability|p1a: Archaludon|Stamina|boost\n|-boost|p1a: Archaludon|def|1\n|move|p1a: Archaludon|Body Press|p2b: Gastrodon|[miss]\n|-miss|p1a: Archaludon|p2b: Gastrodon\n|move|p2b: Gastrodon|Muddy Water|p1a: Archaludon|[spread] p1a,p1b\n|-resisted|p1a: Archaludon\n|-damage|p1a: Archaludon|87\/100\n|-damage|p1b: Ditto|69\/100\n|-unboost|p1b: Ditto|accuracy|1\n|-ability|p1a: Archaludon|Stamina|boost\n|-boost|p1a: Archaludon|def|1\n|\n|upkeep\n|turn|5\n|inactive|superpowerpoke has 30 seconds left.\n|inactive|Freischieb has 30 seconds left.\n|\n|t:|1737607234\n|move|p1b: Ditto|Ivy Cudgel|p2a: Ogerpon|[anim] Ivy Cudgel Rock\n|-damage|p2a: Ogerpon|0 fnt\n|faint|p2a: Ogerpon\n|move|p1a: Archaludon|Body Press|p2b: Gastrodon\n|-damage|p2b: Gastrodon|0 fnt\n|faint|p2b: Gastrodon\n|\n|upkeep\n|\n|t:|1737607238\n|switch|p2a: Calyrex|Calyrex-Ice, L50|100\/100\n|switch|p2b: Urshifu|Urshifu, L50, F|100\/100\n|-ability|p2a: Calyrex|As One\n|-ability|p2a: Calyrex|Unnerve\n|turn|6\n|inactive|Freischieb has 30 seconds left.\n|\n|t:|1737607268\n|-terastallize|p2b: Urshifu|Stellar\n|-terastallize|p1a: Archaludon|Fairy\n|move|p2a: Calyrex|Protect|p2a: Calyrex\n|-singleturn|p2a: Calyrex|Protect\n|move|p1b: Ditto|Ivy Cudgel|p2a: Calyrex|[anim] Ivy Cudgel Rock\n|-activate|p2a: Calyrex|move: Protect\n|move|p2b: Urshifu|Wicked Blow|p1b: Ditto\n|-crit|p1b: Ditto\n|-damage|p1b: Ditto|0 fnt\n|faint|p1b: Ditto\n|move|p1a: Archaludon|Body Press|p2b: Urshifu|[miss]\n|-miss|p1a: Archaludon|p2b: Urshifu\n|\n|upkeep\n|c|\u2606superpowerpoke|\u904b\u826f\u3059\u304e\u308f\u308d\u305f\n|\n|t:|1737607285\n|switch|p1b: Kyogre|Kyogre, L50|100\/100\n|-weather|RainDance|[from] ability: Drizzle|[of] p1b: Kyogre\n|turn|7\n|inactive|Freischieb has 30 seconds left.\n|\n|t:|1737607312\n|move|p2b: Urshifu|Wicked Blow|p1b: Kyogre\n|-crit|p1b: Kyogre\n|-damage|p1b: Kyogre|32\/100\n|move|p1b: Kyogre|Origin Pulse|p2a: Calyrex|[spread] p2a\n|-miss|p1b: Kyogre|p2b: Urshifu\n|-damage|p2a: Calyrex|44\/100\n|move|p1a: Archaludon|Body Press|p2b: Urshifu\n|-supereffective|p2b: Urshifu\n|-enditem|p2b: Urshifu|Focus Sash\n|-damage|p2b: Urshifu|1\/100\n|move|p2a: Calyrex|Trick Room|p2a: Calyrex\n|-fieldstart|move: Trick Room|[of] p2a: Calyrex\n|\n|-weather|RainDance|[upkeep]\n|-heal|p1b: Kyogre|38\/100|[from] item: Leftovers\n|upkeep\n|turn|8\n|\n|t:|1737607336\n|move|p2b: Urshifu|Detect|p2b: Urshifu\n|-singleturn|p2b: Urshifu|Protect\n|move|p2a: Calyrex|High Horsepower|p1b: Kyogre\n|-damage|p1b: Kyogre|12\/100\n|move|p1a: Archaludon|Body Press|p2a: Calyrex\n|-damage|p2a: Calyrex|1\/100\n|move|p1b: Kyogre|Ice Beam|p2b: Urshifu\n|-activate|p2b: Urshifu|move: Protect\n|\n|-weather|RainDance|[upkeep]\n|-heal|p1b: Kyogre|19\/100|[from] item: Leftovers\n|upkeep\n|turn|9\n|inactive|Freischieb has 30 seconds left.\n|inactive|Freischieb has 20 seconds left.\n|\n|t:|1737607371\n|move|p1b: Kyogre|Protect|p1b: Kyogre\n|-singleturn|p1b: Kyogre|Protect\n|move|p2a: Calyrex|High Horsepower|p1b: Kyogre\n|-activate|p1b: Kyogre|move: Protect\n|move|p1a: Archaludon|Snarl|p2a: Calyrex|[spread] \n|-miss|p1a: Archaludon|p2a: Calyrex\n|-miss|p1a: Archaludon|p2b: Urshifu\n|move|p2b: Urshifu|Wicked Blow|p1a: Archaludon\n|-resisted|p1a: Archaludon\n|-crit|p1a: Archaludon\n|-damage|p1a: Archaludon|62\/100\n|-ability|p1a: Archaludon|Stamina|boost\n|-boost|p1a: Archaludon|def|1\n|\n|-weather|RainDance|[upkeep]\n|-heal|p1b: Kyogre|25\/100|[from] item: Leftovers\n|upkeep\n|turn|10\n|\n|t:|1737607390\n|move|p2a: Calyrex|High Horsepower|p1b: Kyogre\n|-damage|p1b: Kyogre|0 fnt\n|faint|p1b: Kyogre\n|-ability|p2a: Calyrex|Chilling Neigh|boost\n|-boost|p2a: Calyrex|atk|1\n|move|p1a: Archaludon|Snarl|p2b: Urshifu|[spread] \n|-miss|p1a: Archaludon|p2a: Calyrex\n|-miss|p1a: Archaludon|p2b: Urshifu\n|move|p2b: Urshifu|Wicked Blow|p1a: Archaludon\n|-resisted|p1a: Archaludon\n|-crit|p1a: Archaludon\n|-damage|p1a: Archaludon|39\/100\n|-ability|p1a: Archaludon|Stamina|boost\n|-boost|p1a: Archaludon|def|1\n|\n|-weather|RainDance|[upkeep]\n|-sideend|p1: superpowerpoke|Reflect\n|upkeep\n|\n|t:|1737607406\n|switch|p1b: Grimmsnarl|Grimmsnarl, L50, M|19\/100\n|turn|11\n|\n|t:|1737607415\n|move|p1b: Grimmsnarl|Reflect|p1b: Grimmsnarl\n|-sidestart|p1: superpowerpoke|Reflect\n|move|p2a: Calyrex|Glacial Lance|p1a: Archaludon|[spread] p1a,p1b\n|-damage|p1a: Archaludon|28\/100\n|-damage|p1b: Grimmsnarl|0 fnt\n|faint|p1b: Grimmsnarl\n|-ability|p2a: Calyrex|Chilling Neigh|boost\n|-boost|p2a: Calyrex|atk|1\n|move|p1a: Archaludon|Snarl|p2b: Urshifu|[spread] p2a,p2b\n|-supereffective|p2a: Calyrex\n|-resisted|p2b: Urshifu\n|-damage|p2a: Calyrex|0 fnt\n|-damage|p2b: Urshifu|0 fnt\n|faint|p2a: Calyrex\n|faint|p2b: Urshifu\n|\n|win|superpowerpoke\n|raw|superpowerpoke's rating: 1518 &rarr; <strong>1541<\/strong><br \/>(+23 for winning)\n|raw|Freischieb's rating: 1576 &rarr; <strong>1553<\/strong><br \/>(-23 for losing)\n","uploadtime":1737607423,"views":21,"formatid":"gen9vgc2025regg","rating":1541,"private":0,"password":null}