{"id":"gen9vgc2025regg-2286814879","format":"[Gen 9] VGC 2025 Reg G","players":["googer315","tommy2436"],"log":"|j|\u2606googer315\n|j|\u2606tommy2436\n|t:|1737657787\n|gametype|doubles\n|player|p1|googer315|1|1649\n|player|p2|tommy2436|265|1560\n|teamsize|p1|6\n|teamsize|p2|6\n|gen|9\n|tier|[Gen 9] VGC 2025 Reg G\n|rated|\n|rule|Species Clause: Limit one of each Pok\u00e9mon\n|rule|Item Clause: Limit 1 of each item\n|clearpoke\n|poke|p1|Calyrex-Ice, L50|\n|poke|p1|Ting-Lu, L50|\n|poke|p1|Dondozo, L50, F|\n|poke|p1|Urshifu-*, L50, F|\n|poke|p1|Ogerpon-Hearthflame, L50, F|\n|poke|p1|Rillaboom, L50, M|\n|poke|p2|Calyrex-Ice, L50|\n|poke|p2|Urshifu-*, L50, M|\n|poke|p2|Raging Bolt, L50|\n|poke|p2|Pelipper, L50, M|\n|poke|p2|Iron Valiant, L50|\n|poke|p2|Landorus, L50, M|\n|teampreview|4\n|inactive|Battle timer is ON: inactive players will automatically lose when time's up. (requested by googer315)\n|inactive|tommy2436 has 60 seconds left.\n|\n|t:|1737657846\n|start\n|switch|p1a: Ting-Lu|Ting-Lu, L50|100\/100\n|switch|p1b: Dondozo|Dondozo, L50, F|100\/100\n|switch|p2a: Urshifu|Urshifu-Rapid-Strike, L50, M|100\/100\n|switch|p2b: Raging Bolt|Raging Bolt, L50|100\/100\n|-ability|p1a: Ting-Lu|Vessel of Ruin\n|turn|1\n|inactive|googer315 has 30 seconds left.\n|inactive|tommy2436 has 30 seconds left.\n|inactive|tommy2436 has 20 seconds left.\n|inactive|tommy2436 has 15 seconds left.\n|inactive|tommy2436 has 10 seconds left.\n|\n|t:|1737657894\n|-terastallize|p1a: Ting-Lu|Poison\n|move|p2a: Urshifu|Surging Strikes|p1a: Ting-Lu\n|-crit|p1a: Ting-Lu\n|-damage|p1a: Ting-Lu|90\/100\n|-crit|p1a: Ting-Lu\n|-damage|p1a: Ting-Lu|79\/100\n|-crit|p1a: Ting-Lu\n|-damage|p1a: Ting-Lu|69\/100\n|-hitcount|p1a: Ting-Lu|3\n|move|p2b: Raging Bolt|Draco Meteor|p1a: Ting-Lu\n|-damage|p1a: Ting-Lu|29\/100\n|-unboost|p2b: Raging Bolt|spa|2\n|move|p1a: Ting-Lu|Sand Tomb|p2b: Raging Bolt\n|-supereffective|p2b: Raging Bolt\n|-damage|p2b: Raging Bolt|74\/100\n|-activate|p2b: Raging Bolt|move: Sand Tomb|[of] p1a: Ting-Lu\n|move|p1b: Dondozo|Yawn|p2b: Raging Bolt\n|-start|p2b: Raging Bolt|move: Yawn|[of] p1b: Dondozo\n|\n|-heal|p1a: Ting-Lu|35\/100|[from] item: Leftovers\n|-damage|p2b: Raging Bolt|61\/100|[from] move: Sand Tomb|[partiallytrapped]\n|upkeep\n|turn|2\n|inactive|tommy2436 has 30 seconds left.\n|\n|t:|1737657927\n|move|p2a: Urshifu|Surging Strikes|p1a: Ting-Lu\n|-crit|p1a: Ting-Lu\n|-damage|p1a: Ting-Lu|23\/100\n|-crit|p1a: Ting-Lu\n|-damage|p1a: Ting-Lu|13\/100\n|-crit|p1a: Ting-Lu\n|-damage|p1a: Ting-Lu|2\/100\n|-hitcount|p1a: Ting-Lu|3\n|move|p2b: Raging Bolt|Thunderbolt|p1a: Ting-Lu\n|-damage|p1a: Ting-Lu|0 fnt\n|faint|p1a: Ting-Lu\n|move|p1b: Dondozo|Yawn|p2a: Urshifu\n|-start|p2a: Urshifu|move: Yawn|[of] p1b: Dondozo\n|\n|-end|p2b: Raging Bolt|Sand Tomb|[partiallytrapped]|[silent]\n|-end|p2b: Raging Bolt|move: Yawn|[silent]\n|-status|p2b: Raging Bolt|slp\n|upkeep\n|\n|t:|1737657931\n|switch|p1a: Calyrex|Calyrex-Ice, L50|100\/100\n|-ability|p1a: Calyrex|As One\n|-ability|p1a: Calyrex|Unnerve\n|turn|3\n|inactive|tommy2436 has 30 seconds left.\n|inactive|tommy2436 has 20 seconds left.\n|inactive|tommy2436 has 15 seconds left.\n|inactive|tommy2436 has 10 seconds left.\n|\n|t:|1737657980\n|switch|p2a: Pelipper|Pelipper, L50, M|100\/100\n|-weather|RainDance|[from] ability: Drizzle|[of] p2a: Pelipper\n|cant|p2b: Raging Bolt|slp\n|move|p1a: Calyrex|Glacial Lance|p2b: Raging Bolt|[spread] p2a,p2b\n|-supereffective|p2b: Raging Bolt\n|-damage|p2a: Pelipper|43\/100\n|-damage|p2b: Raging Bolt|0 fnt\n|faint|p2b: Raging Bolt\n|-end|p2b: Raging Bolt|Protosynthesis|[silent]\n|-ability|p1a: Calyrex|Chilling Neigh|boost\n|-boost|p1a: Calyrex|atk|1\n|move|p1b: Dondozo|Yawn|p2a: Pelipper\n|-start|p2a: Pelipper|move: Yawn|[of] p1b: Dondozo\n|\n|-weather|RainDance|[upkeep]\n|upkeep\n|inactive|tommy2436 has 30 seconds left.\n|\n|t:|1737658005\n|switch|p2b: Urshifu|Urshifu-Rapid-Strike, L50, M|100\/100\n|turn|4\n|\n|t:|1737658014\n|move|p2a: Pelipper|Wide Guard|p2a: Pelipper\n|-singleturn|p2a: Pelipper|Wide Guard\n|move|p2b: Urshifu|Surging Strikes|p1a: Calyrex\n|-crit|p1a: Calyrex\n|-damage|p1a: Calyrex|82\/100\n|-crit|p1a: Calyrex\n|-damage|p1a: Calyrex|61\/100\n|-crit|p1a: Calyrex\n|-damage|p1a: Calyrex|41\/100\n|-hitcount|p1a: Calyrex|3\n|move|p1a: Calyrex|Glacial Lance|p2a: Pelipper|[spread] \n|-activate|p2a: Pelipper|move: Wide Guard\n|-activate|p2b: Urshifu|move: Wide Guard\n|move|p1b: Dondozo|Yawn|p2b: Urshifu\n|-start|p2b: Urshifu|move: Yawn|[of] p1b: Dondozo\n|\n|-weather|RainDance|[upkeep]\n|-end|p2a: Pelipper|move: Yawn|[silent]\n|-status|p2a: Pelipper|slp\n|upkeep\n|turn|5\n|inactive|tommy2436 has 30 seconds left.\n|inactive|tommy2436 has 20 seconds left.\n|\n|t:|1737658052\n|switch|p2b: Calyrex|Calyrex-Ice, L50|100\/100\n|-ability|p2b: Calyrex|As One\n|-ability|p2b: Calyrex|Unnerve\n|cant|p2a: Pelipper|slp\n|move|p1a: Calyrex|Glacial Lance|p2a: Pelipper|[spread] p2a,p2b\n|-resisted|p2b: Calyrex\n|-damage|p2a: Pelipper|0 fnt\n|-damage|p2b: Calyrex|72\/100\n|faint|p2a: Pelipper\n|-ability|p1a: Calyrex|Chilling Neigh|boost\n|-boost|p1a: Calyrex|atk|1\n|move|p1b: Dondozo|Yawn|p2b: Calyrex\n|-start|p2b: Calyrex|move: Yawn|[of] p1b: Dondozo\n|\n|-weather|RainDance|[upkeep]\n|upkeep\n|\n|t:|1737658067\n|switch|p2a: Urshifu|Urshifu-Rapid-Strike, L50, M|100\/100\n|turn|6\n|\n|t:|1737658078\n|move|p2a: Urshifu|Surging Strikes|p1a: Calyrex\n|-crit|p1a: Calyrex\n|-damage|p1a: Calyrex|20\/100\n|-crit|p1a: Calyrex\n|-damage|p1a: Calyrex|0 fnt\n|faint|p1a: Calyrex\n|-hitcount|p1: Calyrex|2\n|move|p2b: Calyrex|Seed Bomb|p1b: Dondozo\n|-supereffective|p1b: Dondozo\n|-damage|p1b: Dondozo|68\/100\n|move|p1b: Dondozo|Yawn|p2a: Urshifu\n|-start|p2a: Urshifu|move: Yawn|[of] p1b: Dondozo\n|\n|-weather|RainDance|[upkeep]\n|-end|p2b: Calyrex|move: Yawn|[silent]\n|-status|p2b: Calyrex|slp\n|upkeep\n|\n|t:|1737658082\n|switch|p1a: Urshifu|Urshifu-Rapid-Strike, L50, F|100\/100\n|turn|7\n|inactive|tommy2436 has 30 seconds left.\n|\n|t:|1737658116\n|-terastallize|p2a: Urshifu|Grass\n|move|p2a: Urshifu|Surging Strikes|p1a: Urshifu\n|-resisted|p1a: Urshifu\n|-crit|p1a: Urshifu\n|-damage|p1a: Urshifu|83\/100\n|-resisted|p1a: Urshifu\n|-crit|p1a: Urshifu\n|-damage|p1a: Urshifu|66\/100\n|-resisted|p1a: Urshifu\n|-crit|p1a: Urshifu\n|-damage|p1a: Urshifu|49\/100\n|-hitcount|p1a: Urshifu|3\n|move|p1a: Urshifu|Surging Strikes|p2b: Calyrex\n|-crit|p2b: Calyrex\n|-damage|p2b: Calyrex|50\/100 slp\n|-crit|p2b: Calyrex\n|-damage|p2b: Calyrex|26\/100 slp\n|-crit|p2b: Calyrex\n|-damage|p2b: Calyrex|6\/100 slp\n|-hitcount|p2b: Calyrex|3\n|cant|p2b: Calyrex|slp\n|move|p1b: Dondozo|Wave Crash|p2a: Urshifu\n|-resisted|p2a: Urshifu\n|-damage|p2a: Urshifu|72\/100\n|-damage|p1b: Dondozo|62\/100|[from] Recoil\n|\n|-weather|none\n|-end|p2a: Urshifu|move: Yawn|[silent]\n|-status|p2a: Urshifu|slp\n|upkeep\n|turn|8\n|\n|t:|1737658140\n|cant|p2a: Urshifu|slp\n|move|p1a: Urshifu|Surging Strikes|p2b: Calyrex\n|-crit|p2b: Calyrex\n|-damage|p2b: Calyrex|0 fnt\n|faint|p2b: Calyrex\n|-hitcount|p2: Calyrex|1\n|move|p1b: Dondozo|Heavy Slam|p2a: Urshifu\n|-damage|p2a: Urshifu|56\/100 slp\n|\n|upkeep\n|turn|9\n|\n|t:|1737658156\n|move|p1a: Urshifu|Close Combat|p2a: Urshifu\n|-damage|p2a: Urshifu|0 fnt\n|-unboost|p1a: Urshifu|def|1\n|-unboost|p1a: Urshifu|spd|1\n|faint|p2a: Urshifu\n|\n|win|googer315\n|raw|googer315's rating: 1649 &rarr; <strong>1664<\/strong><br \/>(+15 for winning)\n|raw|tommy2436's rating: 1560 &rarr; <strong>1545<\/strong><br \/>(-15 for losing)\n|l|\u2606tommy2436\n|player|p2|\n|l|\u2606googer315\n|player|p1|\n","uploadtime":1737658377,"views":11,"formatid":"gen9vgc2025regg","rating":1545,"private":0,"password":null}