{"id":"gen9vgc2025regg-2286987965","format":"[Gen 9] VGC 2025 Reg G","players":["firepatriley","Crysantimo"],"log":"|j|\u2606firepatriley\n|j|\u2606Crysantimo\n|t:|1737676031\n|gametype|doubles\n|player|p1|firepatriley|102|1542\n|player|p2|Crysantimo|madame-gen4dp|1626\n|teamsize|p1|6\n|teamsize|p2|6\n|gen|9\n|tier|[Gen 9] VGC 2025 Reg G\n|rated|\n|rule|Species Clause: Limit one of each Pok\u00e9mon\n|rule|Item Clause: Limit 1 of each item\n|clearpoke\n|poke|p1|Lunala, L50|\n|poke|p1|Ursaluna, L50, M|\n|poke|p1|Urshifu-*, L50, F|\n|poke|p1|Rillaboom, L50, M|\n|poke|p1|Umbreon, L50, F|\n|poke|p1|Incineroar, L50, F|\n|poke|p2|Calyrex-Shadow, L50|\n|poke|p2|Clefairy, L50, M|\n|poke|p2|Chi-Yu, L50|\n|poke|p2|Weezing-Galar, L50, M|\n|poke|p2|Pawmot, L50, F|\n|poke|p2|Dragonite, L50, M|\n|teampreview|4\n|inactive|Battle timer is ON: inactive players will automatically lose when time's up. (requested by firepatriley)\nfirepatriley rejected open team sheets.\n|inactive|firepatriley has 60 seconds left.\n|inactive|Crysantimo has 60 seconds left.\n|\n|t:|1737676084\n|start\n|switch|p1a: Urshifu|Urshifu-Rapid-Strike, L50, F|100\/100\n|switch|p1b: Lunala|Lunala, L50|100\/100\n|switch|p2a: Calyrex|Calyrex-Shadow, L50|100\/100\n|switch|p2b: Pawmot|Pawmot, L50, F|100\/100\n|-ability|p2a: Calyrex|As One\n|-ability|p2a: Calyrex|Unnerve\n|turn|1\n|\n|t:|1737676101\n|-terastallize|p1b: Lunala|Fairy\n|move|p1a: Urshifu|Protect|p1a: Urshifu\n|-singleturn|p1a: Urshifu|Protect\n|move|p2b: Pawmot|Fake Out|p1a: Urshifu\n|-activate|p1a: Urshifu|move: Protect\n|move|p2a: Calyrex|Astral Barrage|p1a: Urshifu|[spread] p1b\n|-activate|p1a: Urshifu|move: Protect\n|-damage|p1b: Lunala|73\/100\n|move|p1b: Lunala|Trick Room|p1b: Lunala\n|-fieldstart|move: Trick Room|[of] p1b: Lunala\n|\n|-heal|p1b: Lunala|79\/100|[from] item: Leftovers\n|upkeep\n|turn|2\n|inactive|firepatriley has 30 seconds left.\n|j| Moon7777\n|inactive|firepatriley has 20 seconds left.\n|\n|t:|1737676140\n|switch|p2a: Clefairy|Clefairy, L50, M|100\/100\n|move|p1b: Lunala|Moonblast|p2b: Pawmot\n|-supereffective|p2b: Pawmot\n|-enditem|p2b: Pawmot|Focus Sash\n|-damage|p2b: Pawmot|1\/100\n|move|p1a: Urshifu|Surging Strikes|p2b: Pawmot\n|-crit|p2b: Pawmot\n|-damage|p2b: Pawmot|0 fnt\n|faint|p2b: Pawmot\n|-hitcount|p2: Pawmot|1\n|\n|-heal|p1b: Lunala|85\/100|[from] item: Leftovers\n|upkeep\n|\n|t:|1737676146\n|switch|p2b: Calyrex|Calyrex-Shadow, L50|100\/100\n|-ability|p2b: Calyrex|As One\n|-ability|p2b: Calyrex|Unnerve\n|turn|3\n|\n|t:|1737676165\n|switch|p1b: Ursaluna|Ursaluna, L50, M|100\/100\n|move|p1a: Urshifu|Protect|p1a: Urshifu\n|-singleturn|p1a: Urshifu|Protect\n|move|p2a: Clefairy|Follow Me|p2a: Clefairy\n|-singleturn|p2a: Clefairy|move: Follow Me\n|move|p2b: Calyrex|Astral Barrage|p1b: Ursaluna|[spread] \n|-activate|p1a: Urshifu|move: Protect\n|-immune|p1b: Ursaluna\n|\n|-status|p1b: Ursaluna|brn|[from] item: Flame Orb\n|upkeep\n|turn|4\n|\n|t:|1737676177\n|move|p2a: Clefairy|Follow Me|p2a: Clefairy\n|-singleturn|p2a: Clefairy|move: Follow Me\n|move|p1b: Ursaluna|Facade|p2a: Clefairy\n|-damage|p2a: Clefairy|0 fnt\n|faint|p2a: Clefairy\n|move|p1a: Urshifu|Surging Strikes|p2b: Calyrex\n|-crit|p2b: Calyrex\n|-damage|p2b: Calyrex|79\/100\n|-crit|p2b: Calyrex\n|-damage|p2b: Calyrex|57\/100\n|-crit|p2b: Calyrex\n|-damage|p2b: Calyrex|36\/100\n|-hitcount|p2b: Calyrex|3\n|move|p2b: Calyrex|Astral Barrage|p1a: Urshifu|[spread] p1a\n|-immune|p1b: Ursaluna\n|-enditem|p1a: Urshifu|Focus Sash\n|-damage|p1a: Urshifu|1\/100\n|\n|-damage|p1b: Ursaluna|95\/100 brn|[from] brn\n|upkeep\n|\n|t:|1737676179\n|switch|p2a: Weezing|Weezing-Galar, L50, M|100\/100\n|-ability|p2a: Weezing|Neutralizing Gas\n|turn|5\n|\n|t:|1737676196\n|move|p1b: Ursaluna|Headlong Rush|p2a: Weezing\n|-supereffective|p2a: Weezing\n|-damage|p2a: Weezing|30\/100\n|-unboost|p1b: Ursaluna|def|1\n|-unboost|p1b: Ursaluna|spd|1\n|-enditem|p2a: Weezing|Sitrus Berry|[eat]\n|-heal|p2a: Weezing|55\/100|[from] item: Sitrus Berry\n|move|p2a: Weezing|Play Rough|p1b: Ursaluna|[miss]\n|-miss|p2a: Weezing|p1b: Ursaluna\n|move|p1a: Urshifu|Surging Strikes|p2b: Calyrex\n|-crit|p2b: Calyrex\n|-damage|p2b: Calyrex|14\/100\n|-crit|p2b: Calyrex\n|-damage|p2b: Calyrex|0 fnt\n|faint|p2b: Calyrex\n|-hitcount|p2: Calyrex|2\n|\n|-damage|p1b: Ursaluna|89\/100 brn|[from] brn\n|-fieldend|move: Trick Room\n|upkeep\n|turn|6\n|\n|t:|1737676201\n|move|p1a: Urshifu|Surging Strikes|p2a: Weezing\n|-crit|p2a: Weezing\n|-damage|p2a: Weezing|36\/100\n|-crit|p2a: Weezing\n|-damage|p2a: Weezing|16\/100\n|-crit|p2a: Weezing\n|-damage|p2a: Weezing|0 fnt\n|faint|p2a: Weezing\n|-end|p2a: Weezing|ability: Neutralizing Gas\n|-hitcount|p2: Weezing|3\n|\n|win|firepatriley\n|raw|firepatriley's rating: 1542 &rarr; <strong>1567<\/strong><br \/>(+25 for winning)\n|raw|Crysantimo's rating: 1626 &rarr; <strong>1601<\/strong><br \/>(-25 for losing)\n|l|\u2606firepatriley\n|player|p1|\n|c|\u2606Crysantimo|Gg\n","uploadtime":1737676407,"views":11,"formatid":"gen9vgc2025regg","rating":1567,"private":0,"password":null}