{"id":"gen9vgc2025regg-2286834194","format":"[Gen 9] VGC 2025 Reg G","players":["infinitygroudon","tommy2436"],"log":"|j|\u2606infinitygroudon\n|j|\u2606tommy2436\n|t:|1737659617\n|gametype|doubles\n|player|p1|infinitygroudon|266|1666\n|player|p2|tommy2436|265|1569\n|teamsize|p1|6\n|teamsize|p2|6\n|gen|9\n|tier|[Gen 9] VGC 2025 Reg G\n|rated|\n|rule|Species Clause: Limit one of each Pok\u00e9mon\n|rule|Item Clause: Limit 1 of each item\n|clearpoke\n|poke|p1|Calyrex-Shadow, L50|\n|poke|p1|Incineroar, L50, M|\n|poke|p1|Weezing-Galar, L50, M|\n|poke|p1|Indeedee-F, L50, F|\n|poke|p1|Iron Valiant, L50|\n|poke|p1|Ursaluna-Bloodmoon, L50, M|\n|poke|p2|Calyrex-Ice, L50|\n|poke|p2|Urshifu-*, L50, F|\n|poke|p2|Raging Bolt, L50|\n|poke|p2|Pelipper, L50, M|\n|poke|p2|Iron Valiant, L50|\n|poke|p2|Landorus, L50, M|\n|teampreview|4\n|\n|t:|1737659648\n|start\n|switch|p1a: Banderilla|Incineroar, L50, M|100\/100\n|switch|p1b: Duncan|Calyrex-Shadow, L50|100\/100\n|switch|p2a: Calyrex|Calyrex-Ice, L50|100\/100\n|switch|p2b: Pelipper|Pelipper, L50, M|100\/100\n|-ability|p1b: Duncan|As One\n|-ability|p1b: Duncan|Unnerve\n|-ability|p2a: Calyrex|As One\n|-ability|p2a: Calyrex|Unnerve\n|-weather|RainDance|[from] ability: Drizzle|[of] p2b: Pelipper\n|-ability|p1a: Banderilla|Intimidate|boost\n|-unboost|p2a: Calyrex|atk|1\n|-unboost|p2b: Pelipper|atk|1\n|turn|1\n|\n|t:|1737659671\n|-terastallize|p2a: Calyrex|Fire\n|move|p1a: Banderilla|Fake Out|p2a: Calyrex\n|-damage|p2a: Calyrex|93\/100\n|move|p1b: Duncan|Expanding Force|p2b: Pelipper\n|-damage|p2b: Pelipper|11\/100\n|-damage|p1b: Duncan|91\/100|[from] item: Life Orb\n|move|p2b: Pelipper|Tailwind|p2b: Pelipper\n|-sidestart|p2: tommy2436|move: Tailwind\n|cant|p2a: Calyrex|flinch\n|\n|-weather|RainDance|[upkeep]\n|upkeep\n|turn|2\n|\n|t:|1737659692\n|-terastallize|p1a: Banderilla|Ghost\n|move|p1b: Duncan|Protect|p1b: Duncan\n|-singleturn|p1b: Duncan|Protect\n|move|p2b: Pelipper|Weather Ball|p1a: Banderilla\n|-damage|p1a: Banderilla|57\/100\n|move|p2a: Calyrex|Lash Out|p1b: Duncan\n|-activate|p1b: Duncan|move: Protect\n|move|p1a: Banderilla|Parting Shot|p2a: Calyrex\n|-unboost|p2a: Calyrex|atk|1\n|-unboost|p2a: Calyrex|spa|1\n|\n|t:|1737659703\n|switch|p1a: Charming|Iron Valiant, L50, shiny|100\/100|[from] Parting Shot\n|-enditem|p1a: Charming|Booster Energy\n|-activate|p1a: Charming|ability: Quark Drive|[fromitem]\n|-start|p1a: Charming|quarkdrivespe\n|\n|-weather|RainDance|[upkeep]\n|upkeep\n|turn|3\n|\n|t:|1737659719\n|switch|p1b: Banderilla|Incineroar, L50, M, tera:Ghost|57\/100\n|-ability|p1b: Banderilla|Intimidate|boost\n|-unboost|p2a: Calyrex|atk|1\n|-unboost|p2b: Pelipper|atk|1\n|move|p1a: Charming|Spirit Break|p2b: Pelipper\n|-damage|p2b: Pelipper|0 fnt\n|faint|p2b: Pelipper\n|move|p2a: Calyrex|Lash Out|p1b: Banderilla\n|-supereffective|p1b: Banderilla\n|-crit|p1b: Banderilla\n|-damage|p1b: Banderilla|0 fnt\n|faint|p1b: Banderilla\n|-ability|p2a: Calyrex|Chilling Neigh|boost\n|-boost|p2a: Calyrex|atk|1\n|\n|-weather|RainDance|[upkeep]\n|upkeep\n|\n|t:|1737659742\n|switch|p2b: Urshifu|Urshifu-Rapid-Strike, L50, F|100\/100\n|switch|p1b: Suthen|Indeedee-F, L50, F|100\/100\n|-fieldstart|move: Psychic Terrain|[from] ability: Psychic Surge|[of] p1b: Suthen\n|turn|4\n|\n|t:|1737659769\n|move|p2b: Urshifu|Detect|p2b: Urshifu\n|-singleturn|p2b: Urshifu|Protect\n|move|p1b: Suthen|Follow Me|p1b: Suthen\n|-singleturn|p1b: Suthen|move: Follow Me\n|move|p1a: Charming|Spirit Break|p2b: Urshifu\n|-activate|p2b: Urshifu|move: Protect\n|move|p2a: Calyrex|Glacial Lance|p1a: Charming|[spread] p1a,p1b\n|-damage|p1a: Charming|68\/100\n|-damage|p1b: Suthen|71\/100\n|\n|-weather|RainDance|[upkeep]\n|-sideend|p2: tommy2436|move: Tailwind\n|upkeep\n|turn|5\n|\n|t:|1737659802\n|move|p1b: Suthen|Follow Me|p1b: Suthen\n|-singleturn|p1b: Suthen|move: Follow Me\n|move|p1a: Charming|Spirit Break|p2b: Urshifu\n|-supereffective|p2b: Urshifu\n|-damage|p2b: Urshifu|22\/100\n|-unboost|p2b: Urshifu|spa|1\n|move|p2b: Urshifu|Surging Strikes|p1b: Suthen\n|-crit|p1b: Suthen\n|-damage|p1b: Suthen|32\/100\n|-damage|p2b: Urshifu|6\/100|[from] item: Rocky Helmet|[of] p1b: Suthen\n|-crit|p1b: Suthen\n|-damage|p1b: Suthen|0 fnt\n|-damage|p2b: Urshifu|0 fnt|[from] item: Rocky Helmet|[of] p1b: Suthen\n|faint|p1b: Suthen\n|faint|p2b: Urshifu\n|-hitcount|p1: Suthen|2\n|move|p2a: Calyrex|Glacial Lance|p1a: Charming\n|-damage|p1a: Charming|23\/100\n|\n|-weather|none\n|upkeep\n|\n|t:|1737659819\n|switch|p2b: Raging Bolt|Raging Bolt, L50|100\/100\n|switch|p1b: Duncan|Calyrex-Shadow, L50|91\/100\n|-ability|p1b: Duncan|As One\n|-ability|p1b: Duncan|Unnerve\n|turn|6\n|\n|t:|1737659827\n|move|p2b: Raging Bolt|Protect|p2b: Raging Bolt\n|-singleturn|p2b: Raging Bolt|Protect\n|move|p1a: Charming|Spirit Break|p2b: Raging Bolt\n|-activate|p2b: Raging Bolt|move: Protect\n|move|p1b: Duncan|Expanding Force|p2a: Calyrex|[spread] p2a\n|-activate|p2b: Raging Bolt|move: Protect\n|-damage|p2a: Calyrex|43\/100\n|-damage|p1b: Duncan|81\/100|[from] item: Life Orb\n|move|p2a: Calyrex|Glacial Lance|p1a: Charming|[spread] p1a,p1b\n|-damage|p1a: Charming|0 fnt\n|-damage|p1b: Duncan|52\/100\n|faint|p1a: Charming\n|-end|p1a: Charming|Quark Drive|[silent]\n|-ability|p2a: Calyrex|Chilling Neigh|boost\n|-boost|p2a: Calyrex|atk|1\n|\n|upkeep\n|turn|7\n|\n|t:|1737659859\n|move|p1b: Duncan|Expanding Force|p2a: Calyrex|[spread] p2a,p2b\n|-damage|p2a: Calyrex|0 fnt\n|-damage|p2b: Raging Bolt|8\/100\n|faint|p2a: Calyrex\n|-ability|p1b: Duncan|Grim Neigh|boost\n|-boost|p1b: Duncan|spa|1\n|-damage|p1b: Duncan|43\/100|[from] item: Life Orb\n|move|p2b: Raging Bolt|Thunderbolt|p1b: Duncan\n|-damage|p1b: Duncan|0 fnt\n|faint|p1b: Duncan\n|\n|win|tommy2436\n|raw|infinitygroudon's rating: 1666 &rarr; <strong>1641<\/strong><br \/>(-25 for losing)\n|raw|tommy2436's rating: 1569 &rarr; <strong>1594<\/strong><br \/>(+25 for winning)\n|l|\u2606infinitygroudon\n|player|p1|\n|l|\u2606tommy2436\n|player|p2|\n","uploadtime":1737660040,"views":13,"formatid":"gen9vgc2025regg","rating":1594,"private":0,"password":null}