{"id":"gen9vgc2025regg-2286933060","format":"[Gen 9] VGC 2025 Reg G","players":["stbai","Acblade"],"log":"|j|\u2606stbai\n|j|\u2606Acblade\n|t:|1737669628\n|gametype|doubles\n|player|p1|stbai|janitor|1578\n|player|p2|Acblade|lucas|1577\n|teamsize|p1|6\n|teamsize|p2|6\n|gen|9\n|tier|[Gen 9] VGC 2025 Reg G\n|rated|\n|rule|Species Clause: Limit one of each Pok\u00e9mon\n|rule|Item Clause: Limit 1 of each item\n|clearpoke\n|poke|p1|Tatsugiri, L50, F|\n|poke|p1|Terapagos, L50, M|\n|poke|p1|Latios, L50, M|\n|poke|p1|Dondozo, L50, M|\n|poke|p1|Ninetales-Alola, L50, F|\n|poke|p1|Salazzle, L50, F|\n|poke|p2|Tornadus, L50, M|\n|poke|p2|Chi-Yu, L50|\n|poke|p2|Flutter Mane, L50|\n|poke|p2|Koraidon, L50|\n|poke|p2|Raging Bolt, L50|\n|poke|p2|Farigiraf, L50, M|\n|teampreview|4\n|inactive|Battle timer is ON: inactive players will automatically lose when time's up. (requested by Acblade)\n|inactive|stbai also wants the timer to be on.\n|inactive|stbai has 60 seconds left.\n|inactive|Acblade has 60 seconds left.\n|\n|t:|1737669680\n|start\n|switch|p1a: Salazzle|Salazzle, L50, F|100\/100\n|switch|p1b: Ninetales|Ninetales-Alola, L50, F|100\/100\n|switch|p2a: Flutter Mane|Flutter Mane, L50|100\/100\n|switch|p2b: Chi-Yu|Chi-Yu, L50|100\/100\n|-ability|p2b: Chi-Yu|Beads of Ruin\n|-weather|Snow|[from] ability: Snow Warning|[of] p1b: Ninetales\n|turn|1\n|\n|t:|1737669693\n|move|p1a: Salazzle|Fake Out|p2b: Chi-Yu\n|-damage|p2b: Chi-Yu|92\/100\n|cant|p2b: Chi-Yu|flinch\n|move|p2a: Flutter Mane|Shadow Ball|p1a: Salazzle\n|-enditem|p1a: Salazzle|Focus Sash\n|-damage|p1a: Salazzle|1\/100\n|-unboost|p1a: Salazzle|spd|1\n|move|p1b: Ninetales|Aurora Veil|p1b: Ninetales\n|-sidestart|p1: stbai|move: Aurora Veil\n|\n|-weather|Snow|[upkeep]\n|upkeep\n|turn|2\n|\n|t:|1737669717\n|-end|p2a: Flutter Mane|Protosynthesis|[silent]\n|switch|p2a: Koraidon|Koraidon, L50|100\/100\n|-weather|SunnyDay|[from] ability: Orichalcum Pulse|[of] p2a: Koraidon\n|-activate|p2a: Koraidon|Orichalcum Pulse|[source]\n|move|p2b: Chi-Yu|Heat Wave|p1b: Ninetales|[spread] p1a,p1b\n|-resisted|p1a: Salazzle\n|-supereffective|p1b: Ninetales\n|-damage|p1a: Salazzle|0 fnt\n|-damage|p1b: Ninetales|0 fnt\n|faint|p1a: Salazzle\n|faint|p1b: Ninetales\n|\n|-weather|SunnyDay|[upkeep]\n|upkeep\n|inactive|stbai has 30 seconds left.\n|\n|t:|1737669750\n|switch|p1a: Latios|Latios, L50, M|100\/100\n|switch|p1b: Terapagos|Terapagos, L50, M|100\/100\n|-activate|p1b: Terapagos|ability: Tera Shift\n|detailschange|p1b: Terapagos|Terapagos-Terastal, L50, M\n|-heal|p1b: Terapagos|100\/100|[silent]\n|turn|3\n|\n|t:|1737669760\n|switch|p2a: Raging Bolt|Raging Bolt, L50|100\/100\n|-activate|p2a: Raging Bolt|ability: Protosynthesis\n|-start|p2a: Raging Bolt|protosynthesisspa\n|-terastallize|p1b: Terapagos|Stellar\n|detailschange|p1b: Terapagos|Terapagos-Stellar, L50, M, tera:Stellar\n|-heal|p1b: Terapagos|100\/100|[silent]\n|-ability|p1b: Terapagos|Teraform Zero\n|-weather|none\n|-end|p2a: Raging Bolt|Protosynthesis\n|move|p2b: Chi-Yu|Heat Wave|p1a: Latios|[spread] p1b\n|-miss|p2b: Chi-Yu|p1a: Latios\n|-damage|p1b: Terapagos|79\/100\n|move|p1a: Latios|Tailwind|p1a: Latios\n|-sidestart|p1: stbai|move: Tailwind\n|move|p1b: Terapagos|Tera Starstorm|p2b: Chi-Yu|[spread] p2a,p2b\n|-damage|p2a: Raging Bolt|35\/100\n|-damage|p2b: Chi-Yu|25\/100\n|\n|upkeep\n|turn|4\n|inactive|stbai has 30 seconds left.\n|inactive|Acblade has 30 seconds left.\n|j| ogaroa\n|inactive|stbai has 20 seconds left.\n|inactive|stbai has 15 seconds left.\n|inactive|stbai has 10 seconds left.\n|\n|t:|1737669806\n|-terastallize|p2a: Raging Bolt|Electric\n|move|p2a: Raging Bolt|Thunderclap|p1b: Terapagos\n|-damage|p1b: Terapagos|39\/100\n|-damage|p2a: Raging Bolt|25\/100|[from] item: Life Orb\n|move|p1a: Latios|Luster Purge|p2a: Raging Bolt\n|-damage|p2a: Raging Bolt|0 fnt\n|faint|p2a: Raging Bolt\n|-end|p2a: Raging Bolt|Protosynthesis|[silent]\n|move|p1b: Terapagos|Tera Starstorm|p2b: Chi-Yu\n|-damage|p2b: Chi-Yu|0 fnt\n|faint|p2b: Chi-Yu\n|\n|upkeep\n|\n|t:|1737669818\n|switch|p2b: Flutter Mane|Flutter Mane, L50|100\/100\n|switch|p2a: Koraidon|Koraidon, L50|100\/100\n|-weather|SunnyDay|[from] ability: Orichalcum Pulse|[of] p2a: Koraidon\n|-activate|p2b: Flutter Mane|ability: Protosynthesis\n|-start|p2b: Flutter Mane|protosynthesisspe\n|-activate|p2a: Koraidon|Orichalcum Pulse|[source]\n|turn|5\n|inactive|Acblade has 30 seconds left.\n|inactive|Acblade has 20 seconds left.\n|\n|t:|1737669857\n|move|p1a: Latios|Luster Purge|p2a: Koraidon\n|-supereffective|p2a: Koraidon\n|-damage|p2a: Koraidon|22\/100\n|move|p2b: Flutter Mane|Dazzling Gleam|p1b: Terapagos|[spread] p1a,p1b\n|-supereffective|p1a: Latios\n|-crit|p1a: Latios\n|-damage|p1a: Latios|0 fnt\n|-damage|p1b: Terapagos|20\/100\n|faint|p1a: Latios\n|move|p1b: Terapagos|Tera Starstorm|p2b: Flutter Mane|[spread] p2a,p2b\n|-damage|p2a: Koraidon|0 fnt\n|-damage|p2b: Flutter Mane|28\/100\n|faint|p2a: Koraidon\n|\n|-weather|SunnyDay|[upkeep]\n|upkeep\n|turn|6\n|\n|t:|1737669867\n|move|p2b: Flutter Mane|Dazzling Gleam|p1b: Terapagos\n|-damage|p1b: Terapagos|0 fnt\n|faint|p1b: Terapagos\n|\n|win|Acblade\n|raw|stbai's rating: 1578 &rarr; <strong>1558<\/strong><br \/>(-20 for losing)\n|raw|Acblade's rating: 1577 &rarr; <strong>1597<\/strong><br \/>(+20 for winning)\n|l|\u2606stbai\n|player|p1|\n|l|\u2606Acblade\n|player|p2|\n","uploadtime":1737670019,"views":16,"formatid":"gen9vgc2025regg","rating":1558,"private":0,"password":null}