{"id":"gen9vgc2025regg-2287910464","format":"[Gen 9] VGC 2025 Reg G","players":["onsoni","crowz000"],"log":"|j|\u2606onsoni\n|j|\u2606crowz000\n|t:|1737806929\n|gametype|doubles\n|player|p1|onsoni|hilda-wonderlauncher|1747\n|player|p2|crowz000|102|1606\n|teamsize|p1|6\n|teamsize|p2|6\n|gen|9\n|tier|[Gen 9] VGC 2025 Reg G\n|rated|\n|rule|Species Clause: Limit one of each Pok\u00e9mon\n|rule|Item Clause: Limit 1 of each item\n|clearpoke\n|poke|p1|Koraidon, L50|\n|poke|p1|Iron Hands, L50|\n|poke|p1|Flutter Mane, L50|\n|poke|p1|Chi-Yu, L50|\n|poke|p1|Whimsicott, L50, M|\n|poke|p1|Raging Bolt, L50|\n|poke|p2|Terapagos, L50, M|\n|poke|p2|Clefairy, L50, M|\n|poke|p2|Rillaboom, L50, F|\n|poke|p2|Volcarona, L50, M|\n|poke|p2|Incineroar, L50, M|\n|poke|p2|Urshifu-*, L50, F|\n|teampreview|4\n|j| I love pumpkin\n|\n|t:|1737807008\n|start\n|switch|p1a: Chi-Yu|Chi-Yu, L50|100\/100\n|switch|p1b: Flutter Mane|Flutter Mane, L50|100\/100\n|switch|p2a: Terapagos|Terapagos, L50, M|100\/100\n|switch|p2b: Incineroar|Incineroar, L50, M|100\/100\n|-activate|p2a: Terapagos|ability: Tera Shift\n|detailschange|p2a: Terapagos|Terapagos-Terastal, L50, M\n|-heal|p2a: Terapagos|100\/100|[silent]\n|-ability|p1a: Chi-Yu|Beads of Ruin\n|-ability|p2b: Incineroar|Intimidate|boost\n|-unboost|p1a: Chi-Yu|atk|1\n|-unboost|p1b: Flutter Mane|atk|1\n|turn|1\n|inactive|Battle timer is ON: inactive players will automatically lose when time's up. (requested by crowz000)\n|\n|t:|1737807025\n|-terastallize|p1a: Chi-Yu|Grass\n|move|p2a: Terapagos|Protect|p2a: Terapagos\n|-singleturn|p2a: Terapagos|Protect\n|move|p1b: Flutter Mane|Dazzling Gleam|p2a: Terapagos|[spread] p2b\n|-activate|p2a: Terapagos|move: Protect\n|-damage|p2b: Incineroar|56\/100\n|move|p1a: Chi-Yu|Nasty Plot|p1a: Chi-Yu\n|-boost|p1a: Chi-Yu|spa|2\n|move|p2b: Incineroar|Snarl|p1a: Chi-Yu|[spread] p1a,p1b\n|-damage|p1a: Chi-Yu|89\/100\n|-damage|p1b: Flutter Mane|87\/100\n|-unboost|p1b: Flutter Mane|spa|1\n|\n|upkeep\n|turn|2\n|inactive|onsoni has 30 seconds left.\n|\n|t:|1737807056\n|switch|p2b: Clefairy|Clefairy, L50, M|100\/100\n|-terastallize|p2a: Terapagos|Stellar\n|detailschange|p2a: Terapagos|Terapagos-Stellar, L50, M, tera:Stellar\n|-heal|p2a: Terapagos|100\/100|[silent]\n|move|p1b: Flutter Mane|Dazzling Gleam|p2b: Clefairy|[spread] p2a,p2b\n|-damage|p2a: Terapagos|84\/100\n|-damage|p2b: Clefairy|67\/100\n|move|p1a: Chi-Yu|Heat Wave|p2b: Clefairy|[spread] p2a,p2b\n|-damage|p2a: Terapagos|31\/100\n|-damage|p2b: Clefairy|0 fnt\n|faint|p2b: Clefairy\n|move|p2a: Terapagos|Tera Starstorm|p1b: Flutter Mane|[spread] p1a,p1b\n|-supereffective|p1a: Chi-Yu\n|-damage|p1a: Chi-Yu|17\/100\n|-damage|p1b: Flutter Mane|43\/100\n|\n|-heal|p2a: Terapagos|38\/100|[from] item: Leftovers\n|upkeep\n|inactive|crowz000 has 30 seconds left.\n|inactive|crowz000 has 20 seconds left.\n|inactive|crowz000 has 15 seconds left.\n|\n|t:|1737807096\n|switch|p2b: Volcarona|Volcarona, L50, M|100\/100\n|turn|3\n|inactive|onsoni has 30 seconds left.\n|\n|t:|1737807126\n|move|p1b: Flutter Mane|Protect|p1b: Flutter Mane\n|-singleturn|p1b: Flutter Mane|Protect\n|move|p2a: Terapagos|Protect|p2a: Terapagos\n|-singleturn|p2a: Terapagos|Protect\n|move|p2b: Volcarona|Quiver Dance|p2b: Volcarona\n|-boost|p2b: Volcarona|spa|1\n|-boost|p2b: Volcarona|spd|1\n|-boost|p2b: Volcarona|spe|1\n|move|p1a: Chi-Yu|Heat Wave|p2a: Terapagos|[spread] p2b\n|-activate|p2a: Terapagos|move: Protect\n|-damage|p2b: Volcarona|36\/100\n|\n|-heal|p2a: Terapagos|44\/100|[from] item: Leftovers\n|upkeep\n|turn|4\n|\n|t:|1737807146\n|move|p2b: Volcarona|Fiery Dance|p1a: Chi-Yu\n|-supereffective|p1a: Chi-Yu\n|-damage|p1a: Chi-Yu|0 fnt\n|faint|p1a: Chi-Yu\n|move|p1b: Flutter Mane|Shadow Ball|p2b: Volcarona\n|-damage|p2b: Volcarona|15\/100\n|move|p2a: Terapagos|Tera Starstorm|p1b: Flutter Mane\n|-damage|p1b: Flutter Mane|0 fnt\n|faint|p1b: Flutter Mane\n|-end|p1b: Flutter Mane|Protosynthesis|[silent]\n|\n|-heal|p2a: Terapagos|50\/100|[from] item: Leftovers\n|upkeep\n|\n|t:|1737807157\n|switch|p1b: Koraidon|Koraidon, L50|100\/100\n|switch|p1a: Whimsicott|Whimsicott, L50, M, shiny|100\/100\n|-weather|SunnyDay|[from] ability: Orichalcum Pulse|[of] p1b: Koraidon\n|-activate|p1b: Koraidon|Orichalcum Pulse|[source]\n|turn|5\n|inactive|onsoni has 30 seconds left.\n|inactive|crowz000 has 30 seconds left.\n|inactive|onsoni has 20 seconds left.\n|inactive|onsoni has 15 seconds left.\n|\n|t:|1737807199\n|switch|p2a: Incineroar|Incineroar, L50, M|56\/100\n|-ability|p2a: Incineroar|Intimidate|boost\n|-unboost|p1a: Whimsicott|atk|1\n|-unboost|p1b: Koraidon|atk|1\n|move|p1a: Whimsicott|Tailwind|p1a: Whimsicott\n|-sidestart|p1: onsoni|move: Tailwind\n|move|p1b: Koraidon|Collision Course|p2a: Incineroar\n|-supereffective|p2a: Incineroar\n|-damage|p2a: Incineroar|0 fnt\n|-damage|p1b: Koraidon|84\/100|[from] item: Rocky Helmet|[of] p2a: Incineroar\n|faint|p2a: Incineroar\n|move|p2b: Volcarona|Fiery Dance|p1a: Whimsicott\n|-supereffective|p1a: Whimsicott\n|-enditem|p1a: Whimsicott|Focus Sash\n|-damage|p1a: Whimsicott|1\/100\n|-boost|p2b: Volcarona|spa|1\n|\n|-weather|SunnyDay|[upkeep]\n|upkeep\n|\n|t:|1737807215\n|switch|p2a: Terapagos|Terapagos-Stellar, L50, M, tera:Stellar|50\/100\n|turn|6\n|inactive|crowz000 has 30 seconds left.\n|\n|t:|1737807241\n|move|p1b: Koraidon|Flare Blitz|p2b: Volcarona\n|-damage|p2b: Volcarona|0 fnt\n|faint|p2b: Volcarona\n|-damage|p1b: Koraidon|80\/100|[from] Recoil\n|move|p1a: Whimsicott|Moonblast|p2a: Terapagos\n|-damage|p2a: Terapagos|26\/100\n|move|p2a: Terapagos|Toxic|p1b: Koraidon\n|-status|p1b: Koraidon|tox\n|\n|-weather|SunnyDay|[upkeep]\n|-heal|p2a: Terapagos|33\/100|[from] item: Leftovers\n|-damage|p1b: Koraidon|74\/100 tox|[from] psn\n|upkeep\n|turn|7\n|-message|crowz000 forfeited.\n|\n|win|onsoni\n|raw|onsoni's rating: 1747 &rarr; <strong>1759<\/strong><br \/>(+12 for winning)\n|raw|crowz000's rating: 1606 &rarr; <strong>1594<\/strong><br \/>(-12 for losing)\n|l|\u2606crowz000\n|player|p2|\n|l|\u2606onsoni\n|player|p1|\n","uploadtime":1737807452,"views":14,"formatid":"gen9vgc2025regg","rating":1594,"private":0,"password":null}