{"id":"gen9vgc2025regg-2287967829","format":"[Gen 9] VGC 2025 Reg G","players":["bluestraggler01","501JFW"],"log":"|j|\u203dbluestraggler01\n|j|\u203d501JFW\n|t:|1737816321\n|gametype|doubles\n|player|p1|bluestraggler01|102|1606\n|player|p2|501JFW|265|1619\n|teamsize|p1|6\n|teamsize|p2|6\n|gen|9\n|tier|[Gen 9] VGC 2025 Reg G\n|rated|\n|rule|Species Clause: Limit one of each Pok\u00e9mon\n|rule|Item Clause: Limit 1 of each item\n|clearpoke\n|poke|p1|Koraidon, L50|\n|poke|p1|Lilligant-Hisui, L50, F|\n|poke|p1|Walking Wake, L50|\n|poke|p1|Raging Bolt, L50|\n|poke|p1|Kingambit, L50, M|\n|poke|p1|Volcarona, L50, F|\n|poke|p2|Kyogre, L50|\n|poke|p2|Grimmsnarl, L50, M|\n|poke|p2|Rillaboom, L50, F|\n|poke|p2|Incineroar, L50, F|\n|poke|p2|Amoonguss, L50, M|\n|poke|p2|Raging Bolt, L50|\n|teampreview|4\n|inactive|Battle timer is ON: inactive players will automatically lose when time's up. (requested by 501JFW)\nbluestraggler01 rejected open team sheets.\n|\n|t:|1737816367\n|start\n|switch|p1a: Kingambit|Kingambit, L50, M|100\/100\n|switch|p1b: Lilligant|Lilligant-Hisui, L50, F|100\/100\n|switch|p2a: Grimmsnarl|Grimmsnarl, L50, M, shiny|100\/100\n|switch|p2b: Raging Bolt|Raging Bolt, L50|100\/100\n|-enditem|p2b: Raging Bolt|Booster Energy\n|-activate|p2b: Raging Bolt|ability: Protosynthesis|[fromitem]\n|-start|p2b: Raging Bolt|protosynthesisspa\n|turn|1\n|j| Lavenderawa\n|\n|t:|1737816382\n|switch|p1a: Raging Bolt|Raging Bolt, L50|100\/100\n|move|p2a: Grimmsnarl|Reflect|p2a: Grimmsnarl\n|-sidestart|p2: 501JFW|Reflect\n|move|p1b: Lilligant|Encore|p2a: Grimmsnarl\n|-start|p2a: Grimmsnarl|Encore\n|move|p2b: Raging Bolt|Thunderbolt|p1a: Raging Bolt\n|-resisted|p1a: Raging Bolt\n|-damage|p1a: Raging Bolt|83\/100\n|\n|upkeep\n|turn|2\n|\n|t:|1737816405\n|switch|p2a: Incineroar|Incineroar, L50, F, shiny|100\/100\n|-ability|p2a: Incineroar|Intimidate|boost\n|-unboost|p1a: Raging Bolt|atk|1\n|-unboost|p1b: Lilligant|atk|1\n|move|p2b: Raging Bolt|Protect|p2b: Raging Bolt\n|-singleturn|p2b: Raging Bolt|Protect\n|move|p1b: Lilligant|Encore|p2b: Raging Bolt\n|-activate|p2b: Raging Bolt|move: Protect\n|move|p1a: Raging Bolt|Thunderbolt|p2a: Incineroar\n|-damage|p2a: Incineroar|36\/100\n|-damage|p1a: Raging Bolt|73\/100|[from] item: Life Orb\n|\n|upkeep\n|turn|3\n|inactive|bluestraggler01 has 30 seconds left.\n|\n|t:|1737816431\n|switch|p2a: Grimmsnarl|Grimmsnarl, L50, M, shiny|100\/100\n|-terastallize|p1b: Lilligant|Ghost\n|move|p1a: Raging Bolt|Protect|p1a: Raging Bolt\n|-singleturn|p1a: Raging Bolt|Protect\n|move|p1b: Lilligant|Encore|p2b: Raging Bolt\n|-start|p2b: Raging Bolt|Encore\n|move|p2b: Raging Bolt|Protect||[still]\n|-fail|p2b: Raging Bolt\n|\n|upkeep\n|turn|4\n|\n|t:|1737816456\n|-end|p2b: Raging Bolt|Protosynthesis|[silent]\n|switch|p2b: Kyogre|Kyogre, L50, shiny|100\/100\n|-weather|RainDance|[from] ability: Drizzle|[of] p2b: Kyogre\n|move|p1b: Lilligant|Sleep Powder|p2a: Grimmsnarl|[miss]\n|-miss|p1b: Lilligant|p2a: Grimmsnarl\n|move|p1a: Raging Bolt|Thunderbolt|p2a: Grimmsnarl\n|-damage|p2a: Grimmsnarl|40\/100\n|-damage|p1a: Raging Bolt|63\/100|[from] item: Life Orb\n|move|p2a: Grimmsnarl|Spirit Break|p1a: Raging Bolt\n|-supereffective|p1a: Raging Bolt\n|-damage|p1a: Raging Bolt|8\/100\n|-unboost|p1a: Raging Bolt|spa|1\n|\n|-weather|RainDance|[upkeep]\n|upkeep\n|turn|5\n|inactive|501JFW has 30 seconds left.\n|\n|t:|1737816485\n|switch|p1b: Koraidon|Koraidon, L50|100\/100\n|-weather|SunnyDay|[from] ability: Orichalcum Pulse|[of] p1b: Koraidon\n|-activate|p1a: Raging Bolt|ability: Protosynthesis\n|-start|p1a: Raging Bolt|protosynthesisspa\n|-activate|p1b: Koraidon|Orichalcum Pulse|[source]\n|move|p2a: Grimmsnarl|Thunder Wave|p1b: Koraidon\n|-status|p1b: Koraidon|par\n|move|p1a: Raging Bolt|Thunderbolt|p2a: Grimmsnarl\n|-damage|p2a: Grimmsnarl|0 fnt\n|faint|p2a: Grimmsnarl\n|-damage|p1a: Raging Bolt|0 fnt|[from] item: Life Orb\n|faint|p1a: Raging Bolt\n|-end|p1a: Raging Bolt|Protosynthesis|[silent]\n|move|p2b: Kyogre|Origin Pulse|p1b: Koraidon\n|-resisted|p1b: Koraidon\n|-crit|p1b: Koraidon\n|-damage|p1b: Koraidon|87\/100 par\n|\n|-weather|SunnyDay|[upkeep]\n|upkeep\n|\n|t:|1737816498\n|switch|p1a: Kingambit|Kingambit, L50, M|100\/100\n|switch|p2a: Raging Bolt|Raging Bolt, L50|100\/100\n|-activate|p2a: Raging Bolt|ability: Protosynthesis\n|-start|p2a: Raging Bolt|protosynthesisspa\n|turn|6\n|\n|t:|1737816521\n|switch|p2b: Incineroar|Incineroar, L50, F, shiny|36\/100\n|-ability|p2b: Incineroar|Intimidate|boost\n|-unboost|p1a: Kingambit|atk|1\n|-ability|p1a: Kingambit|Defiant|boost\n|-boost|p1a: Kingambit|atk|2\n|-unboost|p1b: Koraidon|atk|1\n|-terastallize|p2a: Raging Bolt|Electric\n|move|p2a: Raging Bolt|Thunderbolt|p1a: Kingambit\n|-damage|p1a: Kingambit|9\/100\n|move|p1b: Koraidon|Collision Course|p2a: Raging Bolt\n|-damage|p2a: Raging Bolt|68\/100\n|move|p1a: Kingambit|Kowtow Cleave|p2a: Raging Bolt\n|-damage|p2a: Raging Bolt|24\/100\n|\n|-weather|SunnyDay|[upkeep]\n|upkeep\n|turn|7\n|inactive|501JFW has 30 seconds left.\n|\n|t:|1737816547\n|switch|p1a: Lilligant|Lilligant-Hisui, L50, F, tera:Ghost|100\/100\n|move|p2b: Incineroar|Fake Out|p1a: Lilligant\n|-immune|p1a: Lilligant\n|move|p2a: Raging Bolt|Draco Meteor|p1b: Koraidon\n|-supereffective|p1b: Koraidon\n|-damage|p1b: Koraidon|0 fnt\n|-unboost|p2a: Raging Bolt|spa|2\n|faint|p1b: Koraidon\n|\n|-weather|SunnyDay|[upkeep]\n|upkeep\n|\n|t:|1737816555\n|switch|p1b: Kingambit|Kingambit, L50, M|9\/100\n|turn|8\n|inactive|bluestraggler01 has 30 seconds left.\n|\n|t:|1737816582\n|switch|p2b: Kyogre|Kyogre, L50, shiny|100\/100\n|-weather|RainDance|[from] ability: Drizzle|[of] p2b: Kyogre\n|-end|p2a: Raging Bolt|Protosynthesis\n|move|p2a: Raging Bolt|Protect|p2a: Raging Bolt\n|-singleturn|p2a: Raging Bolt|Protect\n|move|p1b: Kingambit|Protect|p1b: Kingambit\n|-singleturn|p1b: Kingambit|Protect\n|move|p1a: Lilligant|Encore||[still]\n|-fail|p1a: Lilligant\n|\n|-weather|RainDance|[upkeep]\n|-sideend|p2: 501JFW|Reflect\n|upkeep\n|turn|9\n|-message|bluestraggler01 forfeited.\n|\n|win|501JFW\n|raw|bluestraggler01's rating: 1606 &rarr; <strong>1587<\/strong><br \/>(-19 for losing)\n|raw|501JFW's rating: 1619 &rarr; <strong>1638<\/strong><br \/>(+19 for winning)\n|l|\u203dbluestraggler01\n|player|p1|\n|l|\u203d501JFW\n|player|p2|\n|l| Lavenderawa\n","uploadtime":1737816856,"views":14,"formatid":"gen9vgc2025regg","rating":1587,"private":0,"password":null}