{"id":"gen9vgc2025regg-2287365501","format":"[Gen 9] VGC 2025 Reg G","players":["yudeshuang","epigrlozvgc"],"log":"|j|\u2606yudeshuang\n|j|\u2606epigrlozvgc\n|t:|1737732243\n|gametype|doubles\n|player|p1|yudeshuang|1|1602\n|player|p2|epigrlozvgc|alder|1673\n|teamsize|p1|6\n|teamsize|p2|6\n|gen|9\n|tier|[Gen 9] VGC 2025 Reg G\n|rated|\n|rule|Species Clause: Limit one of each Pok\u00e9mon\n|rule|Item Clause: Limit 1 of each item\n|clearpoke\n|poke|p1|Lunala, L50|\n|poke|p1|Incineroar, L50, F|\n|poke|p1|Rillaboom, L50, M|\n|poke|p1|Ogerpon-Hearthflame, L50, F|\n|poke|p1|Sandy Shocks, L50|\n|poke|p1|Urshifu-*, L50, F|\n|poke|p2|Tornadus, L50, M|\n|poke|p2|Chi-Yu, L50|\n|poke|p2|Calyrex-Shadow, L50|\n|poke|p2|Indeedee-F, L50, F|\n|poke|p2|Urshifu-*, L50, M|\n|poke|p2|Ditto, L50|\n|teampreview|4\n|inactive|Battle timer is ON: inactive players will automatically lose when time's up. (requested by epigrlozvgc)\n|j| readabooks\n|\n|t:|1737732268\n|start\n|switch|p1a: Lunala|Lunala, L50|100\/100\n|switch|p1b: Incineroar|Incineroar, L50, F|100\/100\n|switch|p2a: Tornadus|Tornadus, L50, M|100\/100\n|switch|p2b: Chi-Yu|Chi-Yu, L50|100\/100\n|-ability|p2b: Chi-Yu|Beads of Ruin\n|-ability|p1b: Incineroar|Intimidate|boost\n|-unboost|p2a: Tornadus|atk|1\n|-unboost|p2b: Chi-Yu|atk|1\n|turn|1\n|\n|t:|1737732289\n|-terastallize|p2b: Chi-Yu|Ghost\n|-terastallize|p1a: Lunala|Fairy\n|move|p1b: Incineroar|Fake Out|p2b: Chi-Yu\n|-immune|p2b: Chi-Yu\n|move|p2b: Chi-Yu|Overheat|p1a: Lunala|[miss]\n|-miss|p2b: Chi-Yu|p1a: Lunala\n|move|p2a: Tornadus|Bleakwind Storm|p1b: Incineroar|[spread] p1a,p1b\n|-damage|p1a: Lunala|85\/100\n|-damage|p1b: Incineroar|62\/100\n|move|p1a: Lunala|Calm Mind|p1a: Lunala\n|-boost|p1a: Lunala|spa|1\n|-boost|p1a: Lunala|spd|1\n|\n|-heal|p1a: Lunala|91\/100|[from] item: Leftovers\n|upkeep\n|turn|2\n|\n|t:|1737732313\n|move|p1a: Lunala|Protect|p1a: Lunala\n|-singleturn|p1a: Lunala|Protect\n|move|p2b: Chi-Yu|Overheat|p1a: Lunala\n|-activate|p1a: Lunala|move: Protect\n|move|p2a: Tornadus|Bleakwind Storm|p1a: Lunala|[spread] p1b\n|-activate|p1a: Lunala|move: Protect\n|-crit|p1b: Incineroar\n|-damage|p1b: Incineroar|2\/100\n|move|p1b: Incineroar|Knock Off|p2b: Chi-Yu\n|-supereffective|p2b: Chi-Yu\n|-damage|p2b: Chi-Yu|0 fnt\n|-enditem|p2b: Chi-Yu|Choice Specs|[from] move: Knock Off|[of] p1b: Incineroar\n|faint|p2b: Chi-Yu\n|\n|-heal|p1a: Lunala|97\/100|[from] item: Leftovers\n|upkeep\n|\n|t:|1737732319\n|switch|p2b: Calyrex|Calyrex-Shadow, L50|100\/100\n|-ability|p2b: Calyrex|As One\n|-ability|p2b: Calyrex|Unnerve\n|turn|3\n|j| sbld\n|inactive|yudeshuang has 30 seconds left.\n|\n|t:|1737732345\n|switch|p1b: Rillaboom|Rillaboom, L50, M|100\/100\n|-fieldstart|move: Grassy Terrain|[from] ability: Grassy Surge|[of] p1b: Rillaboom\n|move|p2a: Tornadus|Taunt|p1a: Lunala\n|-start|p1a: Lunala|move: Taunt\n|move|p2b: Calyrex|Astral Barrage|p1a: Lunala|[spread] p1a,p1b\n|-crit|p1b: Rillaboom\n|-damage|p1a: Lunala|69\/100\n|-damage|p1b: Rillaboom|57\/100\n|cant|p1a: Lunala|move: Taunt|Calm Mind\n|\n|-heal|p1a: Lunala|75\/100|[from] Grassy Terrain\n|-heal|p1a: Lunala|82\/100|[from] item: Leftovers\n|-heal|p1b: Rillaboom|62\/100|[from] Grassy Terrain\n|upkeep\n|turn|4\n|inactive|yudeshuang has 30 seconds left.\n|inactive|yudeshuang has 20 seconds left.\n|inactive|yudeshuang has 15 seconds left.\n|\n|t:|1737732388\n|switch|p2a: Indeedee|Indeedee-F, L50, F|100\/100\n|-fieldstart|move: Psychic Terrain|[from] ability: Psychic Surge|[of] p2a: Indeedee\n|move|p2b: Calyrex|Expanding Force|p1a: Lunala|[spread] p1a,p1b\n|-damage|p1a: Lunala|48\/100\n|-damage|p1b: Rillaboom|23\/100\n|move|p1a: Lunala|Moongeist Beam|p2b: Calyrex\n|-supereffective|p2b: Calyrex\n|-enditem|p2b: Calyrex|Focus Sash\n|-damage|p2b: Calyrex|1\/100\n|move|p1b: Rillaboom|U-turn|p2b: Calyrex\n|-damage|p2b: Calyrex|0 fnt\n|faint|p2b: Calyrex\n|\n|t:|1737732408\n|switch|p1b: Sandy Shocks|Sandy Shocks, L50|100\/100|[from] U-turn\n|-enditem|p1b: Sandy Shocks|Booster Energy\n|-activate|p1b: Sandy Shocks|ability: Protosynthesis|[fromitem]\n|-start|p1b: Sandy Shocks|protosynthesisspe\n|\n|-heal|p1a: Lunala|55\/100|[from] item: Leftovers\n|upkeep\n|\n|t:|1737732411\n|switch|p2b: Tornadus|Tornadus, L50, M|100\/100\n|turn|5\n|\n|t:|1737732424\n|move|p1b: Sandy Shocks|Electroweb|p2a: Indeedee|[spread] p2a,p2b\n|-supereffective|p2b: Tornadus\n|-damage|p2a: Indeedee|85\/100\n|-damage|p2b: Tornadus|62\/100\n|-unboost|p2a: Indeedee|spe|1\n|move|p2b: Tornadus|Bleakwind Storm|p1a: Lunala|[spread] p1b\n|-miss|p2b: Tornadus|p1a: Lunala\n|-resisted|p1b: Sandy Shocks\n|-damage|p1b: Sandy Shocks|81\/100\n|move|p1a: Lunala|Dazzling Gleam|p2a: Indeedee|[spread] p2a,p2b\n|-damage|p2a: Indeedee|46\/100\n|-damage|p2b: Tornadus|11\/100\n|move|p2a: Indeedee|Psychic|p1a: Lunala\n|-damage|p1a: Lunala|36\/100\n|\n|-heal|p1a: Lunala|42\/100|[from] item: Leftovers\n|-end|p1a: Lunala|move: Taunt\n|upkeep\n|turn|6\n|\n|t:|1737732444\n|move|p1b: Sandy Shocks|Electroweb|p2a: Indeedee|[spread] p2a,p2b\n|-supereffective|p2b: Tornadus\n|-damage|p2a: Indeedee|29\/100\n|-damage|p2b: Tornadus|0 fnt\n|-unboost|p2a: Indeedee|spe|1\n|faint|p2b: Tornadus\n|move|p1a: Lunala|Dazzling Gleam|p2a: Indeedee\n|-damage|p2a: Indeedee|0 fnt\n|faint|p2a: Indeedee\n|\n|win|yudeshuang\n|raw|yudeshuang's rating: 1602 &rarr; <strong>1626<\/strong><br \/>(+24 for winning)\n|raw|epigrlozvgc's rating: 1673 &rarr; <strong>1649<\/strong><br \/>(-24 for losing)\n|l|\u2606epigrlozvgc\n|player|p2|\n|l| readabooks\n|l| sbld\n","uploadtime":1737732590,"views":13,"formatid":"gen9vgc2025regg","rating":1626,"private":0,"password":null}