{"id":"gen9vgc2025regg-2287801737","format":"[Gen 9] VGC 2025 Reg G","players":["bluestraggler01","something123"],"log":"|j|\u203dbluestraggler01\n|j|\u2606something123\n|t:|1737784032\n|gametype|doubles\n|player|p1|bluestraggler01|2|1622\n|player|p2|something123|101|1667\n|teamsize|p1|6\n|teamsize|p2|6\n|gen|9\n|tier|[Gen 9] VGC 2025 Reg G\n|rated|\n|rule|Species Clause: Limit one of each Pok\u00e9mon\n|rule|Item Clause: Limit 1 of each item\n|clearpoke\n|poke|p1|Koraidon, L50|\n|poke|p1|Lilligant-Hisui, L50, F|\n|poke|p1|Walking Wake, L50|\n|poke|p1|Raging Bolt, L50|\n|poke|p1|Kingambit, L50, F|\n|poke|p1|Volcarona, L50, F|\n|poke|p2|Farigiraf, L50, M|\n|poke|p2|Landorus, L50, M|\n|poke|p2|Calyrex-Ice, L50|\n|poke|p2|Ogerpon-Cornerstone, L50, F|\n|poke|p2|Urshifu-*, L50, M|\n|poke|p2|Regieleki, L50|\n|teampreview|4\n|j| Tormentador\n|inactive|Battle timer is ON: inactive players will automatically lose when time's up. (requested by bluestraggler01)\nbluestraggler01 rejected open team sheets.\n|\n|t:|1737784079\n|start\n|switch|p1a: Koraidon|Koraidon, L50|100\/100\n|switch|p1b: Lilligant|Lilligant-Hisui, L50, F|100\/100\n|switch|p2a: Ogerpon|Ogerpon-Cornerstone, L50, F|100\/100\n|switch|p2b: Calyrex|Calyrex-Ice, L50|100\/100\n|-ability|p2b: Calyrex|As One\n|-ability|p2b: Calyrex|Unnerve\n|-weather|SunnyDay|[from] ability: Orichalcum Pulse|[of] p1a: Koraidon\n|-activate|p1a: Koraidon|Orichalcum Pulse|[source]\n|turn|1\n|\n|t:|1737784099\n|-terastallize|p1a: Koraidon|Fire\n|move|p2a: Ogerpon|Spiky Shield|p2a: Ogerpon\n|-singleturn|p2a: Ogerpon|move: Protect\n|move|p2b: Calyrex|Protect|p2b: Calyrex\n|-singleturn|p2b: Calyrex|Protect\n|move|p1b: Lilligant|Coaching|p1a: Koraidon\n|-boost|p1a: Koraidon|atk|1\n|-boost|p1a: Koraidon|def|1\n|move|p1a: Koraidon|Collision Course|p2b: Calyrex\n|-activate|p2b: Calyrex|move: Protect\n|\n|-weather|SunnyDay|[upkeep]\n|upkeep\n|turn|2\n|\n|t:|1737784117\n|move|p2a: Ogerpon|Follow Me|p2a: Ogerpon\n|-singleturn|p2a: Ogerpon|move: Follow Me\n|move|p1b: Lilligant|Coaching|p1a: Koraidon\n|-boost|p1a: Koraidon|atk|1\n|-boost|p1a: Koraidon|def|1\n|move|p1a: Koraidon|Collision Course|p2a: Ogerpon\n|-supereffective|p2a: Ogerpon\n|-ability|p2a: Ogerpon|Sturdy\n|-damage|p2a: Ogerpon|1\/100\n|move|p2b: Calyrex|Trick Room|p2b: Calyrex\n|-fieldstart|move: Trick Room|[of] p2b: Calyrex\n|\n|-weather|SunnyDay|[upkeep]\n|upkeep\n|turn|3\n|\n|t:|1737784135\n|move|p2b: Calyrex|Glacial Lance|p1a: Koraidon|[spread] p1a,p1b\n|-resisted|p1a: Koraidon\n|-supereffective|p1b: Lilligant\n|-damage|p1a: Koraidon|87\/100\n|-enditem|p1b: Lilligant|Focus Sash\n|-damage|p1b: Lilligant|1\/100\n|move|p1a: Koraidon|Drain Punch|p2a: Ogerpon\n|-supereffective|p2a: Ogerpon\n|-damage|p2a: Ogerpon|0 fnt\n|-heal|p1a: Koraidon|87\/100|[from] drain|[of] p2a: Ogerpon\n|faint|p2a: Ogerpon\n|move|p1b: Lilligant|Sleep Powder|p2b: Calyrex\n|-status|p2b: Calyrex|slp|[from] move: Sleep Powder\n|\n|-weather|SunnyDay|[upkeep]\n|upkeep\n|\n|t:|1737784149\n|switch|p2a: Landorus|Landorus, L50, M|100\/100\n|turn|4\n|\n|t:|1737784166\n|switch|p1b: Volcarona|Volcarona, L50, F|100\/100\n|cant|p2b: Calyrex|slp\n|move|p2a: Landorus|Sandsear Storm|p1a: Koraidon|[spread] p1a,p1b\n|-supereffective|p1a: Koraidon\n|-damage|p1a: Koraidon|20\/100\n|-damage|p1b: Volcarona|52\/100\n|move|p1a: Koraidon|Flare Blitz|p2a: Landorus\n|-damage|p2a: Landorus|0 fnt\n|faint|p2a: Landorus\n|-damage|p1a: Koraidon|0 fnt|[from] Recoil\n|faint|p1a: Koraidon\n|\n|-weather|SunnyDay|[upkeep]\n|upkeep\n|\n|t:|1737784178\n|switch|p2a: Farigiraf|Farigiraf, L50, M|100\/100\n|switch|p1a: Walking Wake|Walking Wake, L50|100\/100\n|-activate|p1a: Walking Wake|ability: Protosynthesis\n|-start|p1a: Walking Wake|protosynthesisspe\n|turn|5\n|\n|t:|1737784190\n|-terastallize|p2b: Calyrex|Water\n|move|p2a: Farigiraf|Helping Hand|p2b: Calyrex\n|-singleturn|p2b: Calyrex|Helping Hand|[of] p2a: Farigiraf\n|move|p1b: Volcarona|Rage Powder|p1b: Volcarona\n|-singleturn|p1b: Volcarona|move: Rage Powder\n|cant|p2b: Calyrex|slp\n|move|p1a: Walking Wake|Weather Ball|p2b: Calyrex\n|-resisted|p2b: Calyrex\n|-damage|p2b: Calyrex|84\/100 slp\n|\n|-weather|none\n|-end|p1a: Walking Wake|Protosynthesis\n|upkeep\n|turn|6\n|\n|t:|1737784205\n|-end|p1a: Walking Wake|Protosynthesis|[silent]\n|switch|p1a: Lilligant|Lilligant-Hisui, L50, F|1\/100\n|move|p1b: Volcarona|Will-O-Wisp||[still]\n|-fail|p1b: Volcarona\n|move|p2a: Farigiraf|Trick Room|p2a: Farigiraf\n|-fieldend|move: Trick Room\n|cant|p2b: Calyrex|slp\n|\n|upkeep\n|turn|7\n|\n|t:|1737784230\n|switch|p1b: Walking Wake|Walking Wake, L50|100\/100\n|-curestatus|p2b: Calyrex|slp|[msg]\n|move|p2b: Calyrex|Protect|p2b: Calyrex\n|-singleturn|p2b: Calyrex|Protect\n|move|p1a: Lilligant|Sleep Powder|p2a: Farigiraf\n|-status|p2a: Farigiraf|slp|[from] move: Sleep Powder\n|cant|p2a: Farigiraf|slp\n|\n|upkeep\n|turn|8\n|\n|t:|1737784248\n|move|p1b: Walking Wake|Draco Meteor|p2a: Farigiraf\n|-damage|p2a: Farigiraf|36\/100 slp\n|-unboost|p1b: Walking Wake|spa|2\n|move|p1a: Lilligant|Sleep Powder|p2b: Calyrex|[miss]\n|-miss|p1a: Lilligant|p2b: Calyrex\n|move|p2b: Calyrex|Trick Room|p2b: Calyrex\n|-fieldstart|move: Trick Room|[of] p2b: Calyrex\n|cant|p2a: Farigiraf|slp\n|\n|upkeep\n|turn|9\n|-message|bluestraggler01 forfeited.\n|\n|win|something123\n|raw|bluestraggler01's rating: 1622 &rarr; <strong>1605<\/strong><br \/>(-17 for losing)\n|raw|something123's rating: 1667 &rarr; <strong>1684<\/strong><br \/>(+17 for winning)\n|l|\u203dbluestraggler01\n|player|p1|\n|l|\u2606something123\n|player|p2|\n","uploadtime":1737784445,"views":44,"formatid":"gen9vgc2025regg","rating":1605,"private":0,"password":null}