{"id":"gen9vgc2025regg-2287590277","format":"[Gen 9] VGC 2025 Reg G","players":["Zakmancho","tritan11"],"log":"|j|\u2606Zakmancho\n|j|\u203dtritan11\n|t:|1737754895\n|gametype|doubles\n|player|p1|Zakmancho|2|1632\n|player|p2|tritan11|265|1550\n|teamsize|p1|6\n|teamsize|p2|6\n|gen|9\n|tier|[Gen 9] VGC 2025 Reg G\n|rated|\n|rule|Species Clause: Limit one of each Pok\u00e9mon\n|rule|Item Clause: Limit 1 of each item\n|clearpoke\n|poke|p1|Calyrex-Ice, L50|\n|poke|p1|Raging Bolt, L50|\n|poke|p1|Flutter Mane, L50|\n|poke|p1|Urshifu-*, L50, M|\n|poke|p1|Murkrow, L50, F|\n|poke|p1|Ogerpon-Cornerstone, L50, F|\n|poke|p2|Lunala, L50|\n|poke|p2|Indeedee-F, L50, F|\n|poke|p2|Incineroar, L50, F|\n|poke|p2|Urshifu-*, L50, F|\n|poke|p2|Roaring Moon, L50|\n|poke|p2|Ogerpon-Cornerstone, L50, F|\n|teampreview|4\n|inactive|Battle timer is ON: inactive players will automatically lose when time's up. (requested by tritan11)\n|inactive|Zakmancho also wants the timer to be on.\n|j| PoggibonsiCity\n|inactive|Zakmancho has 60 seconds left.\n|inactive|tritan11 has 60 seconds left.\n|\n|t:|1737754946\n|start\n|switch|p1a: Murkrow|Murkrow, L50, F|100\/100\n|switch|p1b: Calyrex|Calyrex-Ice, L50|100\/100\n|switch|p2a: Lunala|Lunala, L50|100\/100\n|switch|p2b: Roaring Moon|Roaring Moon, L50|100\/100\n|-ability|p1b: Calyrex|As One\n|-ability|p1b: Calyrex|Unnerve\n|-enditem|p2b: Roaring Moon|Booster Energy\n|-activate|p2b: Roaring Moon|ability: Protosynthesis|[fromitem]\n|-start|p2b: Roaring Moon|protosynthesisspe\n|turn|1\n|\n|t:|1737754970\n|move|p1b: Calyrex|Protect|p1b: Calyrex\n|-singleturn|p1b: Calyrex|Protect\n|move|p1a: Murkrow|Thunder Wave|p2b: Roaring Moon\n|-hint|Since gen 7, Dark is immune to Prankster moves.\n|-immune|p2b: Roaring Moon\n|move|p2b: Roaring Moon|Tailwind|p2b: Roaring Moon\n|-sidestart|p2: tritan11|move: Tailwind\n|move|p2a: Lunala|Meteor Beam||[still]\n|-prepare|p2a: Lunala|Meteor Beam\n|-boost|p2a: Lunala|spa|1\n|-enditem|p2a: Lunala|Power Herb\n|-anim|p2a: Lunala|Meteor Beam|p1b: Calyrex\n|-activate|p1b: Calyrex|move: Protect\n|\n|upkeep\n|turn|2\n|inactive|Zakmancho has 30 seconds left.\n|inactive|tritan11 has 30 seconds left.\n|\n|t:|1737755000\n|-terastallize|p1b: Calyrex|Poison\n|move|p1a: Murkrow|Haze|p1a: Murkrow\n|-clearallboost\n|move|p2b: Roaring Moon|Knock Off|p1a: Murkrow\n|-resisted|p1a: Murkrow\n|-damage|p1a: Murkrow|68\/100\n|-enditem|p1a: Murkrow|Eviolite|[from] move: Knock Off|[of] p2b: Roaring Moon\n|move|p2a: Lunala|Moongeist Beam|p1b: Calyrex\n|-damage|p1b: Calyrex|59\/100\n|move|p1b: Calyrex|Glacial Lance|p2a: Lunala|[spread] p2a,p2b\n|-supereffective|p2b: Roaring Moon\n|-damage|p2a: Lunala|78\/100\n|-damage|p2b: Roaring Moon|0 fnt\n|faint|p2b: Roaring Moon\n|-end|p2b: Roaring Moon|Protosynthesis|[silent]\n|-ability|p1b: Calyrex|Chilling Neigh|boost\n|-boost|p1b: Calyrex|atk|1\n|\n|upkeep\n|\n|t:|1737755014\n|switch|p2b: Indeedee|Indeedee-F, L50, F|100\/100\n|-fieldstart|move: Psychic Terrain|[from] ability: Psychic Surge|[of] p2b: Indeedee\n|turn|3\n|\n|t:|1737755026\n|move|p1b: Calyrex|Protect|p1b: Calyrex\n|-singleturn|p1b: Calyrex|Protect\n|move|p1a: Murkrow|Tailwind|p1a: Murkrow\n|-sidestart|p1: Zakmancho|move: Tailwind\n|move|p2a: Lunala|Moongeist Beam|p1a: Murkrow\n|-resisted|p1a: Murkrow\n|-damage|p1a: Murkrow|24\/100\n|move|p2b: Indeedee|Dazzling Gleam|p1a: Murkrow|[spread] p1a\n|-activate|p1b: Calyrex|move: Protect\n|-supereffective|p1a: Murkrow\n|-damage|p1a: Murkrow|0 fnt\n|faint|p1a: Murkrow\n|\n|upkeep\n|\n|t:|1737755045\n|switch|p1a: Ogerpon|Ogerpon-Cornerstone, L50, F|100\/100\n|turn|4\n|\n|t:|1737755057\n|move|p1a: Ogerpon|Follow Me|p1a: Ogerpon\n|-singleturn|p1a: Ogerpon|move: Follow Me\n|move|p2a: Lunala|Expanding Force|p1a: Ogerpon|[spread] p1a,p1b\n|-supereffective|p1b: Calyrex\n|-damage|p1a: Ogerpon|33\/100\n|-damage|p1b: Calyrex|0 fnt\n|faint|p1b: Calyrex\n|move|p2b: Indeedee|Trick Room|p2b: Indeedee\n|-fieldstart|move: Trick Room|[of] p2b: Indeedee\n|\n|-sideend|p2: tritan11|move: Tailwind\n|upkeep\n|\n|t:|1737755064\n|switch|p1b: Urshifu|Urshifu-Rapid-Strike, L50, M|100\/100\n|turn|5\n|inactive|tritan11 has 30 seconds left.\n|inactive|tritan11 has 20 seconds left.\n|\n|t:|1737755099\n|move|p1a: Ogerpon|Spiky Shield|p1a: Ogerpon\n|-singleturn|p1a: Ogerpon|move: Protect\n|move|p2b: Indeedee|Follow Me|p2b: Indeedee\n|-singleturn|p2b: Indeedee|move: Follow Me\n|move|p2a: Lunala|Expanding Force|p1b: Urshifu|[spread] p1b\n|-activate|p1a: Ogerpon|move: Protect\n|-supereffective|p1b: Urshifu\n|-enditem|p1b: Urshifu|Focus Sash\n|-damage|p1b: Urshifu|1\/100\n|move|p1b: Urshifu|Surging Strikes|p2b: Indeedee\n|-crit|p2b: Indeedee\n|-damage|p2b: Indeedee|73\/100\n|-damage|p1b: Urshifu|0 fnt|[from] item: Rocky Helmet|[of] p2b: Indeedee\n|faint|p1b: Urshifu\n|-hitcount|p2b: Indeedee|1\n|\n|upkeep\n|turn|6\n|-message|Zakmancho forfeited.\n|\n|win|tritan11\n|raw|Zakmancho's rating: 1632 &rarr; <strong>1607<\/strong><br \/>(-25 for losing)\n|raw|tritan11's rating: 1550 &rarr; <strong>1575<\/strong><br \/>(+25 for winning)\n|l|\u2606Zakmancho\n|player|p1|\n|l|\u203dtritan11\n|player|p2|\n","uploadtime":1737755287,"views":9,"formatid":"gen9vgc2025regg","rating":1575,"private":0,"password":null}