{"id":"gen9vgc2025regg-2287790984","format":"[Gen 9] VGC 2025 Reg G","players":["Michael Glick","bluestraggler01"],"log":"|j|\u2606Michael Glick\n|j|\u203dbluestraggler01\n|t:|1737782097\n|gametype|doubles\n|player|p1|Michael Glick|birdkeeper|1570\n|player|p2|bluestraggler01|2|1656\n|teamsize|p1|6\n|teamsize|p2|6\n|gen|9\n|tier|[Gen 9] VGC 2025 Reg G\n|rated|\n|rule|Species Clause: Limit one of each Pok\u00e9mon\n|rule|Item Clause: Limit 1 of each item\n|clearpoke\n|poke|p1|Terapagos, L50, M|\n|poke|p1|Landorus, L50, M|\n|poke|p1|Basculegion, L50, M|\n|poke|p1|Pelipper, L50, F|\n|poke|p1|Tinkaton, L50, F|\n|poke|p1|Amoonguss, L50, F|\n|poke|p2|Koraidon, L50|\n|poke|p2|Lilligant-Hisui, L50, F|\n|poke|p2|Walking Wake, L50|\n|poke|p2|Raging Bolt, L50|\n|poke|p2|Kingambit, L50, M|\n|poke|p2|Volcarona, L50, F|\n|teampreview|4\n|inactive|Battle timer is ON: inactive players will automatically lose when time's up. (requested by Michael Glick)\n|j| shengning2\n|inactive|Michael Glick has 60 seconds left.\n|inactive|bluestraggler01 has 60 seconds left.\n|\n|t:|1737782154\n|start\n|switch|p1a: Landorus|Landorus, L50, M|100\/100\n|switch|p1b: Basculegion|Basculegion, L50, M|100\/100\n|switch|p2a: Walking Wake|Walking Wake, L50|100\/100\n|switch|p2b: Volcarona|Volcarona, L50, F|100\/100\n|turn|1\n|inactive|Michael Glick has 30 seconds left.\n|\n|t:|1737782180\n|switch|p1a: Amoonguss|Amoonguss, L50, F|100\/100\n|move|p2a: Walking Wake|Draco Meteor|p1b: Basculegion\n|-damage|p1b: Basculegion|25\/100\n|-unboost|p2a: Walking Wake|spa|2\n|move|p1b: Basculegion|Wave Crash|p2b: Volcarona\n|-supereffective|p2b: Volcarona\n|-damage|p2b: Volcarona|0 fnt\n|-damage|p1b: Basculegion|9\/100|[from] item: Rocky Helmet|[of] p2b: Volcarona\n|faint|p2b: Volcarona\n|-damage|p1b: Basculegion|0 fnt|[from] Recoil\n|faint|p1b: Basculegion\n|\n|upkeep\n|\n|t:|1737782192\n|switch|p1b: Landorus|Landorus, L50, M|100\/100\n|switch|p2b: Raging Bolt|Raging Bolt, L50|100\/100\n|turn|2\n|\n|t:|1737782204\n|move|p2b: Raging Bolt|Protect|p2b: Raging Bolt\n|-singleturn|p2b: Raging Bolt|Protect\n|move|p1a: Amoonguss|Rage Powder|p1a: Amoonguss\n|-singleturn|p1a: Amoonguss|move: Rage Powder\n|move|p1b: Landorus|Earth Power|p2b: Raging Bolt\n|-activate|p2b: Raging Bolt|move: Protect\n|move|p2a: Walking Wake|Snarl|p1b: Landorus|[spread] p1a,p1b\n|-damage|p1a: Amoonguss|94\/100\n|-damage|p1b: Landorus|91\/100\n|-unboost|p1a: Amoonguss|spa|1\n|-unboost|p1b: Landorus|spa|1\n|\n|upkeep\n|turn|3\n|\n|t:|1737782228\n|-end|p2b: Raging Bolt|Protosynthesis|[silent]\n|switch|p2b: Koraidon|Koraidon, L50|100\/100\n|-weather|SunnyDay|[from] ability: Orichalcum Pulse|[of] p2b: Koraidon\n|-activate|p2a: Walking Wake|ability: Protosynthesis\n|-start|p2a: Walking Wake|protosynthesisspe\n|-activate|p2b: Koraidon|Orichalcum Pulse|[source]\n|move|p2a: Walking Wake|Snarl|p1a: Amoonguss|[spread] p1a,p1b\n|-damage|p1a: Amoonguss|89\/100\n|-damage|p1b: Landorus|83\/100\n|-unboost|p1a: Amoonguss|spa|1\n|-unboost|p1b: Landorus|spa|1\n|move|p1b: Landorus|Earth Power|p2b: Koraidon\n|-damage|p2b: Koraidon|80\/100\n|move|p1a: Amoonguss|Clear Smog|p1b: Landorus\n|-resisted|p1b: Landorus\n|-damage|p1b: Landorus|77\/100\n|-clearboost|p1b: Landorus\n|\n|-weather|SunnyDay|[upkeep]\n|upkeep\n|turn|4\n|inactive|Michael Glick has 30 seconds left.\n|\n|t:|1737782260\n|switch|p1b: Pelipper|Pelipper, L50, F|100\/100\n|-weather|RainDance|[from] ability: Drizzle|[of] p1b: Pelipper\n|-end|p2a: Walking Wake|Protosynthesis\n|move|p2b: Koraidon|Flare Blitz|p1b: Pelipper\n|-resisted|p1b: Pelipper\n|-damage|p1b: Pelipper|87\/100\n|-damage|p2b: Koraidon|77\/100|[from] Recoil\n|move|p2a: Walking Wake|Snarl|p1b: Pelipper|[spread] p1a,p1b\n|-damage|p1a: Amoonguss|83\/100\n|-damage|p1b: Pelipper|74\/100\n|-unboost|p1a: Amoonguss|spa|1\n|-unboost|p1b: Pelipper|spa|1\n|move|p1a: Amoonguss|Spore|p2a: Walking Wake\n|-status|p2a: Walking Wake|slp|[from] move: Spore\n|\n|-weather|RainDance|[upkeep]\n|upkeep\n|turn|5\n|inactive|Michael Glick has 30 seconds left.\n|\n|t:|1737782286\n|switch|p2b: Raging Bolt|Raging Bolt, L50|100\/100\n|switch|p1a: Landorus|Landorus, L50, M|77\/100\n|cant|p2a: Walking Wake|slp\n|move|p1b: Pelipper|Tailwind|p1b: Pelipper\n|-sidestart|p1: Michael Glick|move: Tailwind\n|\n|-weather|RainDance|[upkeep]\n|upkeep\n|turn|6\n|\n|t:|1737782300\n|switch|p1b: Amoonguss|Amoonguss, L50, F|100\/100\n|move|p2b: Raging Bolt|Protect|p2b: Raging Bolt\n|-singleturn|p2b: Raging Bolt|Protect\n|move|p1a: Landorus|Sandsear Storm|p2b: Raging Bolt|[spread] p2a\n|-activate|p2b: Raging Bolt|move: Protect\n|-damage|p2a: Walking Wake|42\/100 slp\n|-curestatus|p2a: Walking Wake|slp|[msg]\n|move|p2a: Walking Wake|Snarl|p1b: Amoonguss|[spread] p1a,p1b\n|-damage|p1a: Landorus|68\/100\n|-damage|p1b: Amoonguss|95\/100\n|-unboost|p1a: Landorus|spa|1\n|-unboost|p1b: Amoonguss|spa|1\n|\n|-weather|RainDance|[upkeep]\n|upkeep\n|turn|7\n|inactive|Michael Glick has 30 seconds left.\n|\n|t:|1737782327\n|-end|p2a: Walking Wake|Protosynthesis|[silent]\n|switch|p2a: Koraidon|Koraidon, L50|77\/100\n|-weather|SunnyDay|[from] ability: Orichalcum Pulse|[of] p2a: Koraidon\n|-activate|p2b: Raging Bolt|ability: Protosynthesis\n|-start|p2b: Raging Bolt|protosynthesisspa\n|-activate|p2a: Koraidon|Orichalcum Pulse|[source]\n|switch|p1b: Pelipper|Pelipper, L50, F|74\/100\n|-weather|RainDance|[from] ability: Drizzle|[of] p1b: Pelipper\n|-end|p2b: Raging Bolt|Protosynthesis\n|move|p1a: Landorus|Sandsear Storm|p2b: Raging Bolt|[spread] p2a,p2b\n|-supereffective|p2b: Raging Bolt\n|-damage|p2a: Koraidon|55\/100\n|-damage|p2b: Raging Bolt|37\/100\n|move|p2b: Raging Bolt|Draco Meteor|p1a: Landorus|[miss]\n|-miss|p2b: Raging Bolt|p1a: Landorus\n|\n|-weather|RainDance|[upkeep]\n|upkeep\n|turn|8\n|inactive|Michael Glick has 30 seconds left.\n|inactive|bluestraggler01 has 30 seconds left.\n|\n|t:|1737782359\n|switch|p1b: Amoonguss|Amoonguss, L50, F|100\/100\n|switch|p2a: Walking Wake|Walking Wake, L50|42\/100\n|move|p2b: Raging Bolt|Protect|p2b: Raging Bolt\n|-singleturn|p2b: Raging Bolt|Protect\n|move|p1a: Landorus|Sandsear Storm|p2b: Raging Bolt|[spread] p2a\n|-activate|p2b: Raging Bolt|move: Protect\n|-damage|p2a: Walking Wake|3\/100\n|\n|-weather|RainDance|[upkeep]\n|-sideend|p1: Michael Glick|move: Tailwind\n|upkeep\n|turn|9\n|\n|t:|1737782377\n|-end|p2b: Raging Bolt|Protosynthesis|[silent]\n|switch|p2b: Koraidon|Koraidon, L50|55\/100\n|-weather|SunnyDay|[from] ability: Orichalcum Pulse|[of] p2b: Koraidon\n|-activate|p2a: Walking Wake|ability: Protosynthesis\n|-start|p2a: Walking Wake|protosynthesisspe\n|-activate|p2b: Koraidon|Orichalcum Pulse|[source]\n|move|p1b: Amoonguss|Rage Powder|p1b: Amoonguss\n|-singleturn|p1b: Amoonguss|move: Rage Powder\n|move|p2a: Walking Wake|Draco Meteor|p1b: Amoonguss|[miss]\n|-miss|p2a: Walking Wake|p1b: Amoonguss\n|move|p1a: Landorus|Sandsear Storm|p2b: Koraidon|[spread] p2a,p2b\n|-damage|p2a: Walking Wake|0 fnt\n|-damage|p2b: Koraidon|35\/100\n|faint|p2a: Walking Wake\n|-end|p2a: Walking Wake|Protosynthesis|[silent]\n|\n|-weather|SunnyDay|[upkeep]\n|upkeep\n|-message|bluestraggler01 forfeited.\n|\n|win|Michael Glick\n|raw|Michael Glick's rating: 1570 &rarr; <strong>1595<\/strong><br \/>(+25 for winning)\n|raw|bluestraggler01's rating: 1656 &rarr; <strong>1631<\/strong><br \/>(-25 for losing)\n|l|\u203dbluestraggler01\n|player|p2|\n|l|\u2606Michael Glick\n|player|p1|\n|l| shengning2\n","uploadtime":1737782623,"views":12,"formatid":"gen9vgc2025regg","rating":1595,"private":0,"password":null}