{"id":"gen9vgc2025regg-2287099474","format":"[Gen 9] VGC 2025 Reg G","players":["Crysantimo","ssbutan"],"log":"|j|\u2606Crysantimo\n|j|\u2606ssbutan\n|t:|1737690517\n|gametype|doubles\n|player|p1|Crysantimo|madame-gen4dp|1570\n|player|p2|ssbutan|camper|1682\n|teamsize|p1|6\n|teamsize|p2|6\n|gen|9\n|tier|[Gen 9] VGC 2025 Reg G\n|rated|\n|rule|Species Clause: Limit one of each Pok\u00e9mon\n|rule|Item Clause: Limit 1 of each item\n|clearpoke\n|poke|p1|Eternatus, L50|\n|poke|p1|Tinkaton, L50, F|\n|poke|p1|Chi-Yu, L50|\n|poke|p1|Farigiraf, L50, F|\n|poke|p1|Regieleki, L50|\n|poke|p1|Rillaboom, L50, F|\n|poke|p2|Calyrex-Ice, L50|\n|poke|p2|Cresselia, L50, F|\n|poke|p2|Rillaboom, L50, M|\n|poke|p2|Urshifu-*, L50, M|\n|poke|p2|Ting-Lu, L50|\n|poke|p2|Goodra-Hisui, L50, M|\n|teampreview|4\n|inactive|Battle timer is ON: inactive players will automatically lose when time's up. (requested by ssbutan)\n|inactive|Crysantimo has 60 seconds left.\n|inactive|ssbutan has 60 seconds left.\n|\n|t:|1737690576\n|start\n|switch|p1a: Eternatus|Eternatus, L50|100\/100\n|switch|p1b: Tinkaton|Tinkaton, L50, F|100\/100\n|switch|p2a: Calyrex|Calyrex-Ice, L50|100\/100\n|switch|p2b: Ting-Lu|Ting-Lu, L50|100\/100\n|-ability|p2a: Calyrex|As One\n|-ability|p2a: Calyrex|Unnerve\n|-ability|p1a: Eternatus|Pressure\n|-ability|p1b: Tinkaton|Mold Breaker\n|-ability|p2b: Ting-Lu|Vessel of Ruin\n|turn|1\n|j| killerLudicolo427\n|inactive|ssbutan has 30 seconds left.\n|\n|t:|1737690603\n|-terastallize|p2a: Calyrex|Fairy\n|move|p1b: Tinkaton|Fake Out|p2a: Calyrex\n|-damage|p2a: Calyrex|96\/100\n|move|p1a: Eternatus|Dynamax Cannon|p2b: Ting-Lu\n|-damage|p2b: Ting-Lu|54\/100\n|cant|p2a: Calyrex|flinch\n|move|p2b: Ting-Lu|Stomping Tantrum|p1b: Tinkaton\n|-supereffective|p1b: Tinkaton\n|-damage|p1b: Tinkaton|46\/100\n|\n|-heal|p2a: Calyrex|100\/100|[from] item: Leftovers\n|upkeep\n|turn|2\n|l| killerLudicolo427\n|j| Kaidonix Real\n|inactive|Crysantimo has 30 seconds left.\n|l| Kaidonix Real\n|\n|t:|1737690635\n|move|p1a: Eternatus|Dynamax Cannon|p2b: Ting-Lu\n|-damage|p2b: Ting-Lu|7\/100\n|-enditem|p2b: Ting-Lu|Sitrus Berry|[eat]\n|-heal|p2b: Ting-Lu|32\/100|[from] item: Sitrus Berry\n|move|p1b: Tinkaton|Play Rough|p2b: Ting-Lu\n|-supereffective|p2b: Ting-Lu\n|-damage|p2b: Ting-Lu|4\/100\n|-unboost|p2b: Ting-Lu|atk|1\n|move|p2a: Calyrex|Glacial Lance|p1b: Tinkaton|[spread] p1a,p1b\n|-supereffective|p1a: Eternatus\n|-resisted|p1b: Tinkaton\n|-damage|p1a: Eternatus|19\/100\n|-damage|p1b: Tinkaton|23\/100\n|move|p2b: Ting-Lu|Stomping Tantrum|p1b: Tinkaton\n|-supereffective|p1b: Tinkaton\n|-damage|p1b: Tinkaton|0 fnt\n|faint|p1b: Tinkaton\n|\n|upkeep\n|\n|t:|1737690641\n|switch|p1b: Chi-Yu|Chi-Yu, L50|100\/100\n|-ability|p1b: Chi-Yu|Beads of Ruin\n|turn|3\n|\n|t:|1737690660\n|switch|p1a: Rillaboom|Rillaboom, L50, F|100\/100\n|-fieldstart|move: Grassy Terrain|[from] ability: Grassy Surge|[of] p1a: Rillaboom\n|move|p2b: Ting-Lu|Protect|p2b: Ting-Lu\n|-singleturn|p2b: Ting-Lu|Protect\n|move|p1b: Chi-Yu|Heat Wave|p2b: Ting-Lu|[spread] p2a\n|-activate|p2b: Ting-Lu|move: Protect\n|-damage|p2a: Calyrex|74\/100\n|move|p2a: Calyrex|Body Press|p1b: Chi-Yu\n|-supereffective|p1b: Chi-Yu\n|-damage|p1b: Chi-Yu|17\/100\n|\n|-heal|p1b: Chi-Yu|23\/100|[from] Grassy Terrain\n|-heal|p2a: Calyrex|80\/100|[from] Grassy Terrain\n|-heal|p2a: Calyrex|86\/100|[from] item: Leftovers\n|-heal|p2b: Ting-Lu|10\/100|[from] Grassy Terrain\n|upkeep\n|turn|4\n|\n|t:|1737690681\n|move|p2a: Calyrex|Protect|p2a: Calyrex\n|-singleturn|p2a: Calyrex|Protect\n|move|p2b: Ting-Lu|Protect|p2b: Ting-Lu\n|-singleturn|p2b: Ting-Lu|Protect\n|move|p1a: Rillaboom|Fake Out|p2a: Calyrex\n|-activate|p2a: Calyrex|move: Protect\n|move|p1b: Chi-Yu|Heat Wave|p2a: Calyrex|[spread] \n|-activate|p2a: Calyrex|move: Protect\n|-activate|p2b: Ting-Lu|move: Protect\n|\n|-heal|p1b: Chi-Yu|29\/100|[from] Grassy Terrain\n|-heal|p2a: Calyrex|92\/100|[from] Grassy Terrain\n|-heal|p2a: Calyrex|98\/100|[from] item: Leftovers\n|-heal|p2b: Ting-Lu|16\/100|[from] Grassy Terrain\n|upkeep\n|turn|5\n|\n|t:|1737690695\n|move|p1b: Chi-Yu|Heat Wave|p2a: Calyrex|[spread] p2a,p2b\n|-damage|p2a: Calyrex|74\/100\n|-damage|p2b: Ting-Lu|0 fnt\n|faint|p2b: Ting-Lu\n|move|p1a: Rillaboom|Wood Hammer|p2a: Calyrex\n|-damage|p2a: Calyrex|34\/100\n|-damage|p1a: Rillaboom|87\/100|[from] Recoil\n|move|p2a: Calyrex|Glacial Lance|p1b: Chi-Yu|[spread] p1a,p1b\n|-supereffective|p1a: Rillaboom\n|-resisted|p1b: Chi-Yu\n|-damage|p1a: Rillaboom|0 fnt\n|-damage|p1b: Chi-Yu|0 fnt\n|faint|p1a: Rillaboom\n|faint|p1b: Chi-Yu\n|-ability|p2a: Calyrex|Chilling Neigh|boost\n|-boost|p2a: Calyrex|atk|2\n|\n|-heal|p2a: Calyrex|40\/100|[from] Grassy Terrain\n|-heal|p2a: Calyrex|45\/100|[from] item: Leftovers\n|upkeep\n|\n|t:|1737690713\n|switch|p1b: Eternatus|Eternatus, L50|19\/100\n|switch|p2b: Urshifu|Urshifu-Rapid-Strike, L50, M|100\/100\n|-ability|p1b: Eternatus|Pressure\n|turn|6\n|\n|t:|1737690723\n|-terastallize|p1b: Eternatus|Poison\n|move|p2b: Urshifu|Close Combat|p1b: Eternatus\n|-resisted|p1b: Eternatus\n|-damage|p1b: Eternatus|0 fnt\n|-unboost|p2b: Urshifu|def|1\n|-unboost|p2b: Urshifu|spd|1\n|faint|p1b: Eternatus\n|\n|win|ssbutan\n|raw|Crysantimo's rating: 1570 &rarr; <strong>1556<\/strong><br \/>(-14 for losing)\n|raw|ssbutan's rating: 1682 &rarr; <strong>1696<\/strong><br \/>(+14 for winning)\n|l|\u2606ssbutan\n|player|p2|\n","uploadtime":1737690936,"views":11,"formatid":"gen9vgc2025regg","rating":1556,"private":0,"password":null}