{"id":"gen9vgc2025regg-2287822803","format":"[Gen 9] VGC 2025 Reg G","players":["igarettka","Fehuo"],"log":"|j|\u2606igarettka\n|j|\u2606Fehuo\n|t:|1737788152\n|gametype|doubles\n|player|p1|igarettka|169|1562\n|player|p2|Fehuo|cynthia-gen4|1701\n|teamsize|p1|6\n|teamsize|p2|6\n|gen|9\n|tier|[Gen 9] VGC 2025 Reg G\n|rated|\n|rule|Species Clause: Limit one of each Pok\u00e9mon\n|rule|Item Clause: Limit 1 of each item\n|clearpoke\n|poke|p1|Zamazenta-*, L50|\n|poke|p1|Iron Jugulis, L50|\n|poke|p1|Flutter Mane, L50|\n|poke|p1|Raging Bolt, L50|\n|poke|p1|Incineroar, L50, F|\n|poke|p1|Amoonguss, L50, F|\n|poke|p2|Calyrex-Ice, L50|\n|poke|p2|Raging Bolt, L50|\n|poke|p2|Urshifu-*, L50, F|\n|poke|p2|Ogerpon-Hearthflame, L50, F|\n|poke|p2|Rillaboom, L50, M|\n|poke|p2|Indeedee-F, L50, F|\n|teampreview|4\n|inactive|Battle timer is ON: inactive players will automatically lose when time's up. (requested by Fehuo)\n|inactive|igarettka has 60 seconds left.\n|\n|t:|1737788186\n|start\n|switch|p1a: Zamazenta|Zamazenta-Crowned, L50|100\/100\n|switch|p1b: Raging Bolt|Raging Bolt, L50|100\/100\n|switch|p2a: Raging Bolt|Raging Bolt, L50|100\/100\n|switch|p2b: Urshifu|Urshifu-Rapid-Strike, L50, F|100\/100\n|-ability|p1a: Zamazenta|Dauntless Shield|boost\n|-boost|p1a: Zamazenta|def|1\n|-enditem|p2a: Raging Bolt|Booster Energy\n|-activate|p2a: Raging Bolt|ability: Protosynthesis|[fromitem]\n|-start|p2a: Raging Bolt|protosynthesisspa\n|turn|1\n|\n|t:|1737788207\n|-terastallize|p2b: Urshifu|Stellar\n|-terastallize|p1b: Raging Bolt|Electric\n|move|p1a: Zamazenta|Body Press|p2a: Raging Bolt\n|-damage|p2a: Raging Bolt|55\/100\n|move|p2b: Urshifu|Surging Strikes|p1a: Zamazenta\n|-crit|p1a: Zamazenta\n|-damage|p1a: Zamazenta|81\/100\n|-crit|p1a: Zamazenta\n|-damage|p1a: Zamazenta|63\/100\n|-crit|p1a: Zamazenta\n|-damage|p1a: Zamazenta|47\/100\n|-hitcount|p1a: Zamazenta|3\n|move|p2a: Raging Bolt|Electroweb|p1b: Raging Bolt|[spread] p1a,p1b\n|-resisted|p1b: Raging Bolt\n|-damage|p1a: Zamazenta|28\/100\n|-damage|p1b: Raging Bolt|92\/100\n|-unboost|p1a: Zamazenta|spe|1\n|-unboost|p1b: Raging Bolt|spe|1\n|move|p1b: Raging Bolt|Volt Switch|p2b: Urshifu\n|-supereffective|p2b: Urshifu\n|-enditem|p2b: Urshifu|Focus Sash\n|-damage|p2b: Urshifu|1\/100\n|\n|t:|1737788228\n|-end|p1b: Raging Bolt|Protosynthesis|[silent]\n|switch|p1b: Flutter Mane|Flutter Mane, L50|100\/100|[from] Volt Switch\n|\n|upkeep\n|turn|2\n|inactive|Fehuo has 30 seconds left.\n|\n|t:|1737788259\n|move|p2b: Urshifu|Detect|p2b: Urshifu\n|-singleturn|p2b: Urshifu|Protect\n|move|p1a: Zamazenta|Wide Guard|p1a: Zamazenta\n|-singleturn|p1a: Zamazenta|Wide Guard\n|move|p2a: Raging Bolt|Thunderclap||[still]\n|-fail|p2a: Raging Bolt\n|move|p1b: Flutter Mane|Dazzling Gleam|p2a: Raging Bolt|[spread] p2a\n|-activate|p2b: Urshifu|move: Protect\n|-supereffective|p2a: Raging Bolt\n|-damage|p2a: Raging Bolt|0 fnt\n|faint|p2a: Raging Bolt\n|-end|p2a: Raging Bolt|Protosynthesis|[silent]\n|\n|upkeep\n|\n|t:|1737788266\n|switch|p2a: Ogerpon|Ogerpon-Hearthflame, L50, F|100\/100\n|-ability|p2a: Ogerpon|Mold Breaker\n|turn|3\n|\n|t:|1737788286\n|move|p2b: Urshifu|Aqua Jet|p1b: Flutter Mane\n|-damage|p1b: Flutter Mane|71\/100\n|move|p1b: Flutter Mane|Dazzling Gleam|p2a: Ogerpon|[spread] p2a,p2b\n|-resisted|p2a: Ogerpon\n|-supereffective|p2b: Urshifu\n|-damage|p2a: Ogerpon|78\/100\n|-damage|p2b: Urshifu|0 fnt\n|faint|p2b: Urshifu\n|move|p2a: Ogerpon|Ivy Cudgel|p1a: Zamazenta|[anim] Ivy Cudgel Fire\n|-supereffective|p1a: Zamazenta\n|-damage|p1a: Zamazenta|0 fnt\n|faint|p1a: Zamazenta\n|\n|upkeep\n|\n|t:|1737788299\n|switch|p1a: Raging Bolt|Raging Bolt, L50, tera:Electric|92\/100\n|switch|p2b: Calyrex|Calyrex-Ice, L50|100\/100\n|-ability|p2b: Calyrex|As One\n|-ability|p2b: Calyrex|Unnerve\n|turn|4\n|inactive|igarettka has 30 seconds left.\n|\n|t:|1737788326\n|-end|p1b: Flutter Mane|Protosynthesis|[silent]\n|switch|p1b: Incineroar|Incineroar, L50, F|100\/100\n|-ability|p1b: Incineroar|Intimidate|boost\n|-unboost|p2a: Ogerpon|atk|1\n|-fail|p2b: Calyrex|unboost|[from] item: Clear Amulet|[of] p2b: Calyrex\n|move|p2a: Ogerpon|Ivy Cudgel|p1a: Raging Bolt|[anim] Ivy Cudgel Fire\n|-damage|p1a: Raging Bolt|67\/100\n|move|p1a: Raging Bolt|Draco Meteor|p2a: Ogerpon\n|-damage|p2a: Ogerpon|0 fnt\n|-unboost|p1a: Raging Bolt|spa|2\n|faint|p2a: Ogerpon\n|move|p2b: Calyrex|Glacial Lance|p1a: Raging Bolt|[spread] p1a,p1b\n|-resisted|p1b: Incineroar\n|-damage|p1a: Raging Bolt|23\/100\n|-damage|p1b: Incineroar|77\/100\n|\n|upkeep\n|turn|5\n|\n|t:|1737788344\n|-end|p1a: Raging Bolt|Protosynthesis|[silent]\n|switch|p1a: Flutter Mane|Flutter Mane, L50|71\/100\n|move|p2b: Calyrex|Protect|p2b: Calyrex\n|-singleturn|p2b: Calyrex|Protect\n|move|p1b: Incineroar|Fake Out|p2b: Calyrex\n|-activate|p2b: Calyrex|move: Protect\n|\n|upkeep\n|turn|6\n|\n|t:|1737788356\n|move|p1a: Flutter Mane|Shadow Ball|p2b: Calyrex\n|-supereffective|p2b: Calyrex\n|-damage|p2b: Calyrex|11\/100\n|move|p1b: Incineroar|Flare Blitz|p2b: Calyrex\n|-supereffective|p2b: Calyrex\n|-damage|p2b: Calyrex|0 fnt\n|faint|p2b: Calyrex\n|-damage|p1b: Incineroar|74\/100|[from] Recoil\n|\n|win|igarettka\n|raw|igarettka's rating: 1562 &rarr; <strong>1590<\/strong><br \/>(+28 for winning)\n|raw|Fehuo's rating: 1701 &rarr; <strong>1673<\/strong><br \/>(-28 for losing)\n|l|\u2606Fehuo\n|player|p2|\n|l|\u2606igarettka\n|player|p1|\n","uploadtime":1737788508,"views":7,"formatid":"gen9vgc2025regg","rating":1590,"private":0,"password":null}