{"id":"gen9vgc2025regg-2287795197","format":"[Gen 9] VGC 2025 Reg G","players":["Areestoo","infinitygroudon"],"log":"|j|\u2606Areestoo\n|j|\u2606infinitygroudon\n|t:|1737782841\n|gametype|doubles\n|player|p1|Areestoo|2|1580\n|player|p2|infinitygroudon|1|1664\n|teamsize|p1|6\n|teamsize|p2|6\n|gen|9\n|tier|[Gen 9] VGC 2025 Reg G\n|rated|\n|rule|Species Clause: Limit one of each Pok\u00e9mon\n|rule|Item Clause: Limit 1 of each item\n|clearpoke\n|poke|p1|Necrozma-Dawn-Wings, L50|\n|poke|p1|Indeedee-F, L50, F|\n|poke|p1|Ursaluna, L50, M|\n|poke|p1|Gallade, L50, M|\n|poke|p1|Torkoal, L50, M|\n|poke|p1|Lilligant-Hisui, L50, F|\n|poke|p2|Calyrex-Shadow, L50|\n|poke|p2|Incineroar, L50, M|\n|poke|p2|Weezing-Galar, L50, M|\n|poke|p2|Indeedee-F, L50, F|\n|poke|p2|Iron Valiant, L50|\n|poke|p2|Ursaluna-Bloodmoon, L50, M|\n|teampreview|4\n|inactive|Battle timer is ON: inactive players will automatically lose when time's up. (requested by Areestoo)\n|j| Igrees\n|\n|t:|1737782867\n|start\n|switch|p1a: Lilligant|Lilligant-Hisui, L50, F|100\/100\n|switch|p1b: Torkoal|Torkoal, L50, M|100\/100\n|switch|p2a: Banderilla|Incineroar, L50, M|100\/100\n|switch|p2b: Mr. Gassy|Weezing-Galar, L50, M|100\/100\n|-ability|p2b: Mr. Gassy|Neutralizing Gas\n|-block|p2a: Banderilla|item: Ability Shield\n|-ability|p2a: Banderilla|Intimidate|boost\n|-unboost|p1a: Lilligant|atk|1\n|-unboost|p1b: Torkoal|atk|1\n|turn|1\n|inactive|Areestoo has 30 seconds left.\n|inactive|Areestoo has 20 seconds left.\n|inactive|Areestoo has 15 seconds left.\n|inactive|Areestoo has 10 seconds left.\n|\n|t:|1737782913\n|move|p2a: Banderilla|Fake Out|p1a: Lilligant\n|-damage|p1a: Lilligant|84\/100\n|cant|p1a: Lilligant|flinch\n|move|p2b: Mr. Gassy|Sludge Bomb|p1a: Lilligant\n|-supereffective|p1a: Lilligant\n|-damage|p1a: Lilligant|2\/100\n|move|p1b: Torkoal|Heat Wave|p2a: Banderilla|[spread] p2a,p2b\n|-resisted|p2a: Banderilla\n|-damage|p2a: Banderilla|84\/100\n|-damage|p2b: Mr. Gassy|49\/100\n|-enditem|p2b: Mr. Gassy|Sitrus Berry|[eat]\n|-heal|p2b: Mr. Gassy|73\/100|[from] item: Sitrus Berry\n|\n|upkeep\n|turn|2\n|inactive|Areestoo has 30 seconds left.\n|\n|t:|1737782947\n|move|p1a: Lilligant|Sleep Powder|p2a: Banderilla|[miss]\n|-miss|p1a: Lilligant|p2a: Banderilla\n|move|p2b: Mr. Gassy|Sludge Bomb|p1b: Torkoal\n|-damage|p1b: Torkoal|60\/100\n|-status|p1b: Torkoal|psn\n|move|p2a: Banderilla|Knock Off|p1a: Lilligant\n|-resisted|p1a: Lilligant\n|-damage|p1a: Lilligant|0 fnt\n|-enditem|p1a: Lilligant|Focus Sash|[from] move: Knock Off|[of] p2a: Banderilla\n|faint|p1a: Lilligant\n|move|p1b: Torkoal|Heat Wave|p2a: Banderilla|[spread] p2a,p2b\n|-resisted|p2a: Banderilla\n|-damage|p2a: Banderilla|68\/100\n|-damage|p2b: Mr. Gassy|22\/100\n|\n|-damage|p1b: Torkoal|47\/100 psn|[from] psn\n|upkeep\n|\n|t:|1737782958\n|switch|p1a: Necrozma|Necrozma-Dawn-Wings, L50|100\/100\n|turn|3\n|\n|t:|1737782980\n|-terastallize|p1a: Necrozma|Water\n|move|p2b: Mr. Gassy|Taunt|p1a: Necrozma\n|-start|p1a: Necrozma|move: Taunt\n|move|p2a: Banderilla|Knock Off|p1a: Necrozma\n|-damage|p1a: Necrozma|66\/100\n|-enditem|p1a: Necrozma|Power Herb|[from] move: Knock Off|[of] p2a: Banderilla\n|move|p1b: Torkoal|Heat Wave|p2a: Banderilla|[spread] p2a\n|-miss|p1b: Torkoal|p2b: Mr. Gassy\n|-resisted|p2a: Banderilla\n|-damage|p2a: Banderilla|51\/100\n|cant|p1a: Necrozma|move: Taunt|Trick Room\n|\n|-damage|p1b: Torkoal|35\/100 psn|[from] psn\n|upkeep\n|turn|4\n|j| Baguettezzz\n|\n|t:|1737782998\n|move|p2b: Mr. Gassy|Sludge Bomb|p1b: Torkoal\n|-damage|p1b: Torkoal|0 fnt\n|faint|p1b: Torkoal\n|move|p2a: Banderilla|Knock Off|p1a: Necrozma\n|-damage|p1a: Necrozma|44\/100\n|move|p1a: Necrozma|Moongeist Beam|p2a: Banderilla\n|-resisted|p2a: Banderilla\n|-damage|p2a: Banderilla|28\/100\n|\n|upkeep\n|\n|t:|1737783003\n|switch|p1b: Indeedee|Indeedee-F, L50, F|100\/100\n|turn|5\n|\n|t:|1737783012\n|move|p2b: Mr. Gassy|Sludge Bomb|p1b: Indeedee\n|-damage|p1b: Indeedee|75\/100\n|-status|p1b: Indeedee|psn\n|move|p2a: Banderilla|Knock Off|p1b: Indeedee\n|-supereffective|p1b: Indeedee\n|-damage|p1b: Indeedee|2\/100 psn\n|-enditem|p1b: Indeedee|Psychic Seed|[from] move: Knock Off|[of] p2a: Banderilla\n|move|p1a: Necrozma|Moongeist Beam|p2b: Mr. Gassy\n|-damage|p2b: Mr. Gassy|0 fnt\n|faint|p2b: Mr. Gassy\n|-end|p2b: Mr. Gassy|ability: Neutralizing Gas\n|-fieldstart|move: Psychic Terrain|[from] ability: Psychic Surge|[of] p1b: Indeedee\n|move|p1b: Indeedee|Trick Room|p1b: Indeedee\n|-fieldstart|move: Trick Room|[of] p1b: Indeedee\n|\n|-damage|p1b: Indeedee|0 fnt|[from] psn\n|faint|p1b: Indeedee\n|-end|p1a: Necrozma|move: Taunt\n|upkeep\n|\n|t:|1737783022\n|switch|p2b: Mr. Grizz|Ursaluna-Bloodmoon, L50, M|100\/100\n|turn|6\n|\n|t:|1737783029\n|move|p2b: Mr. Grizz|Blood Moon|p1a: Necrozma\n|-damage|p1a: Necrozma|0 fnt\n|faint|p1a: Necrozma\n|\n|win|infinitygroudon\n|raw|Areestoo's rating: 1580 &rarr; <strong>1565<\/strong><br \/>(-15 for losing)\n|raw|infinitygroudon's rating: 1676 &rarr; <strong>1691<\/strong><br \/>(+15 for winning)\n|c|\u2606Areestoo|gg\n|l|\u2606infinitygroudon\n|player|p2|\n|l|\u2606Areestoo\n|player|p1|\n|l| Baguettezzz\n","uploadtime":1737783184,"views":16,"formatid":"gen9vgc2025regg","rating":1565,"private":0,"password":null}