{"id":"gen9vgc2025regg-2287627202","format":"[Gen 9] VGC 2025 Reg G","players":["mejian poke poke","RustyChair13"],"log":"|j|\u2606mejian poke poke\n|j|\u2606RustyChair13\n|t:|1737759210\n|gametype|doubles\n|player|p1|mejian poke poke|266|1595\n|player|p2|RustyChair13|scientist-gen4|1732\n|teamsize|p1|6\n|teamsize|p2|6\n|gen|9\n|tier|[Gen 9] VGC 2025 Reg G\n|rated|\n|rule|Species Clause: Limit one of each Pok\u00e9mon\n|rule|Item Clause: Limit 1 of each item\n|clearpoke\n|poke|p1|Lunala, L50|\n|poke|p1|Maushold, L50|\n|poke|p1|Tornadus, L50, M|\n|poke|p1|Urshifu-*, L50, M|\n|poke|p1|Rillaboom, L50, M|\n|poke|p1|Landorus, L50, M|\n|poke|p2|Zamazenta-*, L50|\n|poke|p2|Rillaboom, L50, M|\n|poke|p2|Chien-Pao, L50|\n|poke|p2|Flutter Mane, L50|\n|poke|p2|Chandelure, L50, F|\n|poke|p2|Moltres-Galar, L50|\n|teampreview|4\n|\n|t:|1737759241\n|start\n|switch|p1a: Tornadus|Tornadus, L50, M|100\/100\n|switch|p1b: Urshifu|Urshifu-Rapid-Strike, L50, M|100\/100\n|switch|p2a: Rillaboom|Rillaboom, L50, M, shiny|100\/100\n|switch|p2b: Chien-Pao|Chien-Pao, L50|100\/100\n|-ability|p2b: Chien-Pao|Sword of Ruin\n|-fieldstart|move: Grassy Terrain|[from] ability: Grassy Surge|[of] p2a: Rillaboom\n|turn|1\n|\n|t:|1737759268\n|move|p1b: Urshifu|Detect|p1b: Urshifu\n|-singleturn|p1b: Urshifu|Protect\n|move|p1a: Tornadus|Tailwind|p1a: Tornadus\n|-sidestart|p1: mejian poke poke|move: Tailwind\n|move|p2a: Rillaboom|Grassy Glide|p1b: Urshifu\n|-activate|p1b: Urshifu|move: Protect\n|move|p2b: Chien-Pao|Icicle Crash|p1a: Tornadus\n|-supereffective|p1a: Tornadus\n|-damage|p1a: Tornadus|0 fnt\n|faint|p1a: Tornadus\n|\n|upkeep\n|\n|t:|1737759272\n|switch|p1a: Lunala|Lunala, L50|100\/100\n|turn|2\n|\n|t:|1737759286\n|-terastallize|p1a: Lunala|Fairy\n|move|p2b: Chien-Pao|Sucker Punch|p1a: Lunala\n|-resisted|p1a: Lunala\n|-damage|p1a: Lunala|92\/100\n|move|p2a: Rillaboom|Grassy Glide|p1b: Urshifu\n|-supereffective|p1b: Urshifu\n|-enditem|p1b: Urshifu|Focus Sash\n|-damage|p1b: Urshifu|1\/100\n|move|p1b: Urshifu|Close Combat|p2a: Rillaboom\n|-damage|p2a: Rillaboom|11\/100\n|-unboost|p1b: Urshifu|def|1\n|-unboost|p1b: Urshifu|spd|1\n|move|p1a: Lunala|Meteor Beam||[still]\n|-prepare|p1a: Lunala|Meteor Beam\n|-boost|p1a: Lunala|spa|1\n|-enditem|p1a: Lunala|Power Herb\n|-anim|p1a: Lunala|Meteor Beam|p2b: Chien-Pao\n|-supereffective|p2b: Chien-Pao\n|-enditem|p2b: Chien-Pao|Focus Sash\n|-damage|p2b: Chien-Pao|1\/100\n|\n|-heal|p1b: Urshifu|7\/100|[from] Grassy Terrain\n|-heal|p1a: Lunala|98\/100|[from] Grassy Terrain\n|-heal|p2b: Chien-Pao|7\/100|[from] Grassy Terrain\n|-heal|p2a: Rillaboom|17\/100|[from] Grassy Terrain\n|upkeep\n|turn|3\n|\n|t:|1737759297\n|move|p1b: Urshifu|Detect|p1b: Urshifu\n|-singleturn|p1b: Urshifu|Protect\n|move|p2b: Chien-Pao|Sucker Punch||[still]\n|-fail|p2b: Chien-Pao\n|move|p2a: Rillaboom|Grassy Glide|p1a: Lunala\n|-damage|p1a: Lunala|36\/100\n|move|p1a: Lunala|Dazzling Gleam|p2a: Rillaboom|[spread] p2a,p2b\n|-supereffective|p2b: Chien-Pao\n|-damage|p2a: Rillaboom|0 fnt\n|-damage|p2b: Chien-Pao|0 fnt\n|faint|p2a: Rillaboom\n|faint|p2b: Chien-Pao\n|\n|-heal|p1b: Urshifu|12\/100|[from] Grassy Terrain\n|-heal|p1a: Lunala|42\/100|[from] Grassy Terrain\n|upkeep\n|\n|t:|1737759306\n|switch|p2b: Moltres|Moltres-Galar, L50, shiny|100\/100\n|switch|p2a: Zamazenta|Zamazenta-Crowned, L50, shiny|100\/100\n|-ability|p2a: Zamazenta|Dauntless Shield|boost\n|-boost|p2a: Zamazenta|def|1\n|turn|4\n|j| brrkz\n|j| Areestoo\n|j| sqwrlyd00d\n|\n|t:|1737759341\n|-terastallize|p2a: Zamazenta|Grass\n|move|p2a: Zamazenta|Protect|p2a: Zamazenta\n|-singleturn|p2a: Zamazenta|Protect\n|move|p2b: Moltres|Protect|p2b: Moltres\n|-singleturn|p2b: Moltres|Protect\n|move|p1b: Urshifu|Close Combat|p2b: Moltres\n|-damage|p2b: Moltres|50\/100\n|-unboost|p1b: Urshifu|def|1\n|-unboost|p1b: Urshifu|spd|1\n|-ability|p2b: Moltres|Berserk|boost\n|-boost|p2b: Moltres|spa|1\n|move|p1a: Lunala|Moongeist Beam|p2a: Zamazenta\n|-activate|p2a: Zamazenta|move: Protect\n|\n|-heal|p1b: Urshifu|18\/100|[from] Grassy Terrain\n|-heal|p1a: Lunala|49\/100|[from] Grassy Terrain\n|-sideend|p1: mejian poke poke|move: Tailwind\n|upkeep\n|turn|5\n|\n|t:|1737759364\n|move|p1a: Lunala|Protect|p1a: Lunala\n|-singleturn|p1a: Lunala|Protect\n|move|p2a: Zamazenta|Heavy Slam|p1a: Lunala\n|-activate|p1a: Lunala|move: Protect\n|move|p1b: Urshifu|Close Combat|p2b: Moltres\n|-damage|p2b: Moltres|2\/100\n|-unboost|p1b: Urshifu|def|1\n|-unboost|p1b: Urshifu|spd|1\n|move|p2b: Moltres|Foul Play|p1b: Urshifu\n|-resisted|p1b: Urshifu\n|-damage|p1b: Urshifu|0 fnt\n|faint|p1b: Urshifu\n|\n|-heal|p1a: Lunala|55\/100|[from] Grassy Terrain\n|-fieldend|move: Grassy Terrain\n|upkeep\n|\n|t:|1737759373\n|switch|p1b: Landorus|Landorus, L50, M|100\/100\n|turn|6\n|\n|t:|1737759388\n|move|p1b: Landorus|Sludge Bomb|p2b: Moltres\n|-damage|p2b: Moltres|0 fnt\n|faint|p2b: Moltres\n|move|p2a: Zamazenta|Heavy Slam|p1a: Lunala\n|-supereffective|p1a: Lunala\n|-damage|p1a: Lunala|0 fnt\n|faint|p1a: Lunala\n|\n|upkeep\n|turn|7\n|\n|t:|1737759395\n|move|p2a: Zamazenta|Protect|p2a: Zamazenta\n|-singleturn|p2a: Zamazenta|Protect\n|move|p1b: Landorus|Sludge Bomb|p2a: Zamazenta\n|-activate|p2a: Zamazenta|move: Protect\n|\n|upkeep\n|turn|8\n|inactive|Battle timer is ON: inactive players will automatically lose when time's up. (requested by RustyChair13)\n|\n|t:|1737759404\n|move|p1b: Landorus|Sludge Bomb|p2a: Zamazenta\n|-supereffective|p2a: Zamazenta\n|-damage|p2a: Zamazenta|40\/100\n|move|p2a: Zamazenta|Heavy Slam|p1b: Landorus\n|-crit|p1b: Landorus\n|-damage|p1b: Landorus|22\/100\n|\n|upkeep\n|turn|9\n|\n|t:|1737759410\n|move|p1b: Landorus|Sludge Bomb|p2a: Zamazenta\n|-supereffective|p2a: Zamazenta\n|-damage|p2a: Zamazenta|0 fnt\n|faint|p2a: Zamazenta\n|\n|win|mejian poke poke\n|raw|mejian poke poke's rating: 1595 &rarr; <strong>1623<\/strong><br \/>(+28 for winning)\n|raw|RustyChair13's rating: 1732 &rarr; <strong>1704<\/strong><br \/>(-28 for losing)\n|l|\u2606RustyChair13\n|player|p2|\n|l|\u2606mejian poke poke\n|player|p1|\n|l| brrkz\n|l| sqwrlyd00d\n","uploadtime":1737759681,"views":11,"formatid":"gen9vgc2025regg","rating":1623,"private":0,"password":null}