{"id":"gen9vgc2025regg-2287874764","format":"[Gen 9] VGC 2025 Reg G","players":["Moosewii7","xiaoliyun.official"],"log":"|j|\u2606Moosewii7\n|j|\u2606xiaoliyun.official\n|t:|1737799684\n|gametype|doubles\n|player|p1|Moosewii7|170|1545\n|player|p2|xiaoliyun.official|gloria-league|1615\n|teamsize|p1|6\n|teamsize|p2|6\n|gen|9\n|tier|[Gen 9] VGC 2025 Reg G\n|rated|\n|rule|Species Clause: Limit one of each Pok\u00e9mon\n|rule|Item Clause: Limit 1 of each item\n|clearpoke\n|poke|p1|Garganacl, L50, M|\n|poke|p1|Amoonguss, L50, M|\n|poke|p1|Flutter Mane, L50|\n|poke|p1|Chi-Yu, L50|\n|poke|p1|Dragonite, L50, F|\n|poke|p1|Iron Hands, L50|\n|poke|p2|Terapagos, L50, M|\n|poke|p2|Urshifu-*, L50, M|\n|poke|p2|Iron Hands, L50|\n|poke|p2|Amoonguss, L50, F|\n|poke|p2|Incineroar, L50, F|\n|poke|p2|Flutter Mane, L50|\n|teampreview|4\n|inactive|Battle timer is ON: inactive players will automatically lose when time's up. (requested by xiaoliyun.official)\nMoosewii7 rejected open team sheets.\n|\n|t:|1737799710\n|start\n|switch|p1a: Garganacl|Garganacl, L50, M|100\/100\n|switch|p1b: Dragonite|Dragonite, L50, F|100\/100\n|switch|p2a: Terapagos|Terapagos, L50, M|100\/100\n|switch|p2b: Incineroar|Incineroar, L50, F, shiny|100\/100\n|-activate|p2a: Terapagos|ability: Tera Shift\n|detailschange|p2a: Terapagos|Terapagos-Terastal, L50, M\n|-heal|p2a: Terapagos|100\/100|[silent]\n|-ability|p2b: Incineroar|Intimidate|boost\n|-unboost|p1a: Garganacl|atk|1\n|-unboost|p1b: Dragonite|atk|1\n|turn|1\n|\n|t:|1737799734\n|switch|p1b: Iron Hands|Iron Hands, L50|100\/100\n|move|p2b: Incineroar|Fake Out|p1a: Garganacl\n|-resisted|p1a: Garganacl\n|-damage|p1a: Garganacl|97\/100\n|move|p2a: Terapagos|Meteor Beam||[still]\n|-prepare|p2a: Terapagos|Meteor Beam\n|-boost|p2a: Terapagos|spa|1\n|-enditem|p2a: Terapagos|Power Herb\n|-anim|p2a: Terapagos|Meteor Beam|p1b: Iron Hands|[miss]\n|-miss|p2a: Terapagos|p1b: Iron Hands\n|cant|p1a: Garganacl|flinch\n|\n|-heal|p1a: Garganacl|100\/100|[from] item: Leftovers\n|upkeep\n|turn|2\n|\n|t:|1737799751\n|move|p2a: Terapagos|Protect|p2a: Terapagos\n|-singleturn|p2a: Terapagos|Protect\n|move|p2b: Incineroar|Will-O-Wisp|p1b: Iron Hands\n|-status|p1b: Iron Hands|brn\n|-enditem|p1b: Iron Hands|Lum Berry|[eat]\n|-curestatus|p1b: Iron Hands|brn|[msg]\n|move|p1b: Iron Hands|Swords Dance|p1b: Iron Hands\n|-boost|p1b: Iron Hands|atk|2\n|move|p1a: Garganacl|Salt Cure|p2a: Terapagos\n|-activate|p2a: Terapagos|move: Protect\n|\n|upkeep\n|turn|3\n|\n|t:|1737799769\n|move|p1b: Iron Hands|Protect|p1b: Iron Hands\n|-singleturn|p1b: Iron Hands|Protect\n|move|p2a: Terapagos|Tera Starstorm|p1b: Iron Hands\n|-activate|p1b: Iron Hands|move: Protect\n|move|p2b: Incineroar|Will-O-Wisp|p1b: Iron Hands\n|-activate|p1b: Iron Hands|move: Protect\n|move|p1a: Garganacl|Salt Cure|p2a: Terapagos\n|-activate|p2a: Terapagos|ability: Tera Shell\n|-resisted|p2a: Terapagos\n|-damage|p2a: Terapagos|96\/100\n|-start|p2a: Terapagos|Salt Cure\n|\n|-damage|p2a: Terapagos|84\/100|[from] Salt Cure\n|upkeep\n|turn|4\n|\n|t:|1737799788\n|-terastallize|p2a: Terapagos|Stellar\n|detailschange|p2a: Terapagos|Terapagos-Stellar, L50, M, tera:Stellar\n|-heal|p2a: Terapagos|88\/100|[silent]\n|move|p2a: Terapagos|Tera Starstorm|p1a: Garganacl|[spread] p1a,p1b\n|-damage|p1a: Garganacl|59\/100\n|-damage|p1b: Iron Hands|39\/100\n|move|p2b: Incineroar|Will-O-Wisp|p1b: Iron Hands\n|-status|p1b: Iron Hands|brn\n|move|p1b: Iron Hands|Drain Punch|p2a: Terapagos\n|-supereffective|p2a: Terapagos\n|-damage|p2a: Terapagos|28\/100\n|-heal|p1b: Iron Hands|69\/100 brn|[from] drain|[of] p2a: Terapagos\n|move|p1a: Garganacl|Salt Cure|p2b: Incineroar\n|-supereffective|p2b: Incineroar\n|-damage|p2b: Incineroar|85\/100\n|-start|p2b: Incineroar|Salt Cure\n|\n|-heal|p1a: Garganacl|65\/100|[from] item: Leftovers\n|-damage|p1b: Iron Hands|63\/100 brn|[from] brn\n|-damage|p2a: Terapagos|15\/100|[from] Salt Cure\n|-damage|p2b: Incineroar|72\/100|[from] Salt Cure\n|upkeep\n|turn|5\n|\n|t:|1737799812\n|switch|p2a: Urshifu|Urshifu-Rapid-Strike, L50, M|100\/100\n|move|p1a: Garganacl|Wide Guard|p1a: Garganacl\n|-singleturn|p1a: Garganacl|Wide Guard\n|move|p2b: Incineroar|Parting Shot|p1b: Iron Hands\n|-unboost|p1b: Iron Hands|atk|1\n|-unboost|p1b: Iron Hands|spa|1\n|\n|t:|1737799820\n|switch|p2b: Flutter Mane|Flutter Mane, L50, shiny|100\/100|[from] Parting Shot\n|-enditem|p2b: Flutter Mane|Booster Energy\n|-activate|p2b: Flutter Mane|ability: Protosynthesis|[fromitem]\n|-start|p2b: Flutter Mane|protosynthesisspe\n|move|p1b: Iron Hands|Drain Punch|p2b: Flutter Mane\n|-immune|p2b: Flutter Mane\n|\n|-heal|p1a: Garganacl|71\/100|[from] item: Leftovers\n|-damage|p1b: Iron Hands|57\/100 brn|[from] brn\n|upkeep\n|turn|6\n|\n|t:|1737799842\n|-end|p1b: Iron Hands|Quark Drive|[silent]\n|switch|p1b: Amoonguss|Amoonguss, L50, M|100\/100\n|-terastallize|p1a: Garganacl|Fairy\n|move|p2b: Flutter Mane|Moonblast|p1b: Amoonguss\n|-resisted|p1b: Amoonguss\n|-damage|p1b: Amoonguss|78\/100\n|-unboost|p1b: Amoonguss|spa|1\n|move|p2a: Urshifu|Surging Strikes|p1a: Garganacl\n|-crit|p1a: Garganacl\n|-damage|p1a: Garganacl|57\/100\n|-crit|p1a: Garganacl\n|-damage|p1a: Garganacl|42\/100\n|-crit|p1a: Garganacl\n|-damage|p1a: Garganacl|27\/100\n|-hitcount|p1a: Garganacl|3\n|move|p1a: Garganacl|Salt Cure|p2a: Urshifu\n|-resisted|p2a: Urshifu\n|-damage|p2a: Urshifu|96\/100\n|-start|p2a: Urshifu|Salt Cure\n|\n|-heal|p1a: Garganacl|32\/100|[from] item: Leftovers\n|-damage|p2a: Urshifu|71\/100|[from] Salt Cure\n|upkeep\n|turn|7\n|\n|t:|1737799865\n|switch|p2a: Incineroar|Incineroar, L50, F, shiny|72\/100\n|-ability|p2a: Incineroar|Intimidate|boost\n|-unboost|p1a: Garganacl|atk|1\n|-unboost|p1b: Amoonguss|atk|1\n|move|p1b: Amoonguss|Rage Powder|p1b: Amoonguss\n|-singleturn|p1b: Amoonguss|move: Rage Powder\n|move|p2b: Flutter Mane|Taunt|p1b: Amoonguss\n|-start|p1b: Amoonguss|move: Taunt\n|move|p1a: Garganacl|Recover|p1a: Garganacl\n|-heal|p1a: Garganacl|83\/100\n|\n|-heal|p1a: Garganacl|88\/100|[from] item: Leftovers\n|upkeep\n|turn|8\n|\n|t:|1737799883\n|switch|p1b: Dragonite|Dragonite, L50, F|100\/100\n|move|p2b: Flutter Mane|Taunt|p1a: Garganacl\n|-start|p1a: Garganacl|move: Taunt\n|move|p2a: Incineroar|Parting Shot|p1a: Garganacl\n|-unboost|p1a: Garganacl|atk|1\n|-unboost|p1a: Garganacl|spa|1\n|\n|t:|1737799891\n|switch|p2a: Terapagos|Terapagos-Stellar, L50, M, tera:Stellar|15\/100|[from] Parting Shot\n|move|p1a: Garganacl|Salt Cure|p2b: Flutter Mane\n|-damage|p2b: Flutter Mane|91\/100\n|-start|p2b: Flutter Mane|Salt Cure\n|\n|-heal|p1a: Garganacl|94\/100|[from] item: Leftovers\n|-damage|p2b: Flutter Mane|78\/100|[from] Salt Cure\n|upkeep\n|turn|9\n|\n|t:|1737799904\n|switch|p1a: Amoonguss|Amoonguss, L50, M|100\/100\n|move|p2a: Terapagos|Protect|p2a: Terapagos\n|-singleturn|p2a: Terapagos|Protect\n|move|p1b: Dragonite|Extreme Speed|p2a: Terapagos\n|-activate|p2a: Terapagos|move: Protect\n|move|p2b: Flutter Mane|Moonblast|p1b: Dragonite\n|-supereffective|p1b: Dragonite\n|-damage|p1b: Dragonite|52\/100\n|-enditem|p1b: Dragonite|Weakness Policy\n|-boost|p1b: Dragonite|atk|2|[from] item: Weakness Policy\n|-boost|p1b: Dragonite|spa|2|[from] item: Weakness Policy\n|\n|-damage|p2b: Flutter Mane|66\/100|[from] Salt Cure\n|upkeep\n|turn|10\n|\n|t:|1737799926\n|switch|p2a: Incineroar|Incineroar, L50, F, shiny|72\/100\n|-ability|p2a: Incineroar|Intimidate|boost\n|-unboost|p1a: Amoonguss|atk|1\n|-unboost|p1b: Dragonite|atk|1\n|move|p1b: Dragonite|Extreme Speed|p2a: Incineroar\n|-damage|p2a: Incineroar|33\/100\n|move|p1a: Amoonguss|Rage Powder|p1a: Amoonguss\n|-singleturn|p1a: Amoonguss|move: Rage Powder\n|move|p2b: Flutter Mane|Taunt|p1a: Amoonguss\n|-start|p1a: Amoonguss|move: Taunt\n|\n|-damage|p2b: Flutter Mane|54\/100|[from] Salt Cure\n|upkeep\n|turn|11\n|inactive|Moosewii7 has 30 seconds left.\n|\n|t:|1737799955\n|switch|p1a: Garganacl|Garganacl, L50, M, tera:Fairy|94\/100\n|move|p1b: Dragonite|Protect|p1b: Dragonite\n|-singleturn|p1b: Dragonite|Protect\n|move|p2a: Incineroar|Fake Out|p1b: Dragonite\n|-activate|p1b: Dragonite|move: Protect\n|move|p2b: Flutter Mane|Moonblast|p1b: Dragonite\n|-activate|p1b: Dragonite|move: Protect\n|\n|-heal|p1a: Garganacl|99\/100|[from] item: Leftovers\n|-damage|p2b: Flutter Mane|41\/100|[from] Salt Cure\n|upkeep\n|turn|12\n|\n|t:|1737799971\n|move|p1b: Dragonite|Extreme Speed|p2a: Incineroar\n|-damage|p2a: Incineroar|0 fnt\n|faint|p2a: Incineroar\n|move|p2b: Flutter Mane|Taunt|p1a: Garganacl\n|-start|p1a: Garganacl|move: Taunt\n|move|p1a: Garganacl|Salt Cure|p2b: Flutter Mane\n|-damage|p2b: Flutter Mane|17\/100\n|\n|-heal|p1a: Garganacl|100\/100|[from] item: Leftovers\n|-damage|p2b: Flutter Mane|4\/100|[from] Salt Cure\n|upkeep\n|-message|xiaoliyun.official forfeited.\n|\n|win|Moosewii7\n|raw|Moosewii7's rating: 1545 &rarr; <strong>1569<\/strong><br \/>(+24 for winning)\n|raw|xiaoliyun.official's rating: 1615 &rarr; <strong>1591<\/strong><br \/>(-24 for losing)\n|l|\u2606xiaoliyun.official\n|player|p2|\n|l|\u2606Moosewii7\n|player|p1|\n|j|\u2606Moosewii7\n|player|p1|Moosewii7|170|\n","uploadtime":1737800136,"views":16,"formatid":"gen9vgc2025regg","rating":1569,"private":0,"password":null}