{"id":"gen9vgc2025regg-2287865643","format":"[Gen 9] VGC 2025 Reg G","players":["Cammyrupt13","maggeprutten7"],"log":"|j|\u2606Cammyrupt13\n|j|\u2606maggeprutten7\n|t:|1737797665\n|gametype|doubles\n|player|p1|Cammyrupt13|ballguy|1510\n|player|p2|maggeprutten7|unknown|1573\n|teamsize|p1|6\n|teamsize|p2|6\n|gen|9\n|tier|[Gen 9] VGC 2025 Reg G\n|rated|\n|rule|Species Clause: Limit one of each Pok\u00e9mon\n|rule|Item Clause: Limit 1 of each item\n|clearpoke\n|poke|p1|Kyurem-White, L50|\n|poke|p1|Tornadus, L50, M|\n|poke|p1|Iron Hands, L50|\n|poke|p1|Farigiraf, L50, M|\n|poke|p1|Landorus, L50, M|\n|poke|p1|Chi-Yu, L50|\n|poke|p2|Calyrex-Shadow, L50|\n|poke|p2|Weezing-Galar, L50, M|\n|poke|p2|Dondozo, L50, M|\n|poke|p2|Tatsugiri-Droopy, L50, M|\n|poke|p2|Indeedee-F, L50, F|\n|poke|p2|Urshifu-*, L50, F|\n|teampreview|4\n|inactive|Battle timer is ON: inactive players will automatically lose when time's up. (requested by maggeprutten7)\nmaggeprutten7 has agreed to open team sheets.\nCammyrupt13 rejected open team sheets.\n|\n|t:|1737797704\n|start\n|switch|p1a: Chi-Yu|Chi-Yu, L50|100\/100\n|switch|p1b: Landorus|Landorus, L50, M|100\/100\n|switch|p2a: Calyrex|Calyrex-Shadow, L50|100\/100\n|switch|p2b: Weezing|Weezing-Galar, L50, M|100\/100\n|-ability|p2a: Calyrex|As One\n|-ability|p2a: Calyrex|Unnerve\n|-ability|p2b: Weezing|Neutralizing Gas\n|turn|1\n|inactive|maggeprutten7 has 30 seconds left.\n|\n|t:|1737797733\n|-terastallize|p2a: Calyrex|Normal\n|move|p1a: Chi-Yu|Snarl|p2b: Weezing|[spread] p2a,p2b\n|-resisted|p2b: Weezing\n|-crit|p2b: Weezing\n|-damage|p2a: Calyrex|79\/100\n|-damage|p2b: Weezing|83\/100\n|-unboost|p2a: Calyrex|spa|1\n|-unboost|p2b: Weezing|spa|1\n|move|p2a: Calyrex|Astral Barrage|p1a: Chi-Yu|[spread] p1a,p1b\n|-resisted|p1a: Chi-Yu\n|-damage|p1a: Chi-Yu|75\/100\n|-damage|p1b: Landorus|49\/100\n|-damage|p2a: Calyrex|69\/100|[from] item: Life Orb\n|move|p1b: Landorus|Earth Power|p2b: Weezing\n|-supereffective|p2b: Weezing\n|-damage|p2b: Weezing|0 fnt\n|faint|p2b: Weezing\n|-end|p2b: Weezing|ability: Neutralizing Gas\n|-ability|p1a: Chi-Yu|Beads of Ruin\n|-damage|p1b: Landorus|39\/100|[from] item: Life Orb\n|\n|upkeep\n|\n|t:|1737797753\n|switch|p2b: Dondozo|Dondozo, L50, M|100\/100\n|turn|2\n|\n|t:|1737797772\n|move|p1b: Landorus|Protect|p1b: Landorus\n|-singleturn|p1b: Landorus|Protect\n|move|p1a: Chi-Yu|Snarl|p2b: Dondozo|[spread] p2a,p2b\n|-damage|p2a: Calyrex|40\/100\n|-damage|p2b: Dondozo|74\/100\n|-unboost|p2a: Calyrex|spa|1\n|-unboost|p2b: Dondozo|spa|1\n|move|p2a: Calyrex|Astral Barrage|p1a: Chi-Yu|[spread] p1a\n|-activate|p1b: Landorus|move: Protect\n|-resisted|p1a: Chi-Yu\n|-damage|p1a: Chi-Yu|54\/100\n|-damage|p2a: Calyrex|31\/100|[from] item: Life Orb\n|move|p2b: Dondozo|Body Press|p1a: Chi-Yu\n|-supereffective|p1a: Chi-Yu\n|-damage|p1a: Chi-Yu|0 fnt\n|faint|p1a: Chi-Yu\n|\n|-heal|p2b: Dondozo|80\/100|[from] item: Leftovers\n|upkeep\n|\n|t:|1737797787\n|switch|p1a: Tornadus|Tornadus, L50, M|100\/100\n|turn|3\n|\n|t:|1737797797\n|move|p2b: Dondozo|Protect|p2b: Dondozo\n|-singleturn|p2b: Dondozo|Protect\n|move|p1a: Tornadus|Tailwind|p1a: Tornadus\n|-sidestart|p1: Cammyrupt13|move: Tailwind\n|move|p1b: Landorus|Earth Power|p2a: Calyrex\n|-damage|p2a: Calyrex|0 fnt\n|faint|p2a: Calyrex\n|\n|-heal|p2b: Dondozo|86\/100|[from] item: Leftovers\n|upkeep\n|\n|t:|1737797805\n|switch|p2a: Tatsugiri|Tatsugiri-Droopy, L50, M|100\/100\n|-activate|p2a: Tatsugiri|ability: Commander|[of] p2b: Dondozo\n|-boost|p2b: Dondozo|atk|2\n|-boost|p2b: Dondozo|spa|2\n|-boost|p2b: Dondozo|spe|2\n|-boost|p2b: Dondozo|def|2\n|-boost|p2b: Dondozo|spd|2\n|turn|4\n|\n|t:|1737797816\n|move|p1b: Landorus|Earth Power|p2b: Dondozo\n|-damage|p2b: Dondozo|54\/100\n|move|p1a: Tornadus|Icy Wind|p2a: Tatsugiri|[spread] p2b\n|-miss|p1a: Tornadus|p2a: Tatsugiri\n|-resisted|p2b: Dondozo\n|-damage|p2b: Dondozo|51\/100\n|-unboost|p2b: Dondozo|spe|1\n|move|p2b: Dondozo|Wave Crash|p1b: Landorus\n|-supereffective|p1b: Landorus\n|-damage|p1b: Landorus|0 fnt\n|faint|p1b: Landorus\n|-damage|p2b: Dondozo|41\/100|[from] Recoil\n|\n|-heal|p2b: Dondozo|47\/100|[from] item: Leftovers\n|upkeep\n|\n|t:|1737797820\n|switch|p1b: Kyurem|Kyurem-White, L50|100\/100\n|-ability|p1b: Kyurem|Turboblaze\n|turn|5\n|\n|t:|1737797841\n|-terastallize|p1b: Kyurem|Fairy\n|move|p2b: Dondozo|Protect|p2b: Dondozo\n|-singleturn|p2b: Dondozo|Protect\n|move|p1a: Tornadus|Icy Wind|p2b: Dondozo|[spread] \n|-miss|p1a: Tornadus|p2a: Tatsugiri\n|-activate|p2b: Dondozo|move: Protect\n|move|p1b: Kyurem|Freeze-Dry|p2b: Dondozo\n|-activate|p2b: Dondozo|move: Protect\n|\n|-heal|p2b: Dondozo|53\/100|[from] item: Leftovers\n|upkeep\n|turn|6\n|\n|t:|1737797859\n|move|p1a: Tornadus|Icy Wind|p2a: Tatsugiri|[spread] p2b\n|-miss|p1a: Tornadus|p2a: Tatsugiri\n|-resisted|p2b: Dondozo\n|-damage|p2b: Dondozo|51\/100\n|-unboost|p2b: Dondozo|spe|1\n|move|p1b: Kyurem|Freeze-Dry|p2b: Dondozo\n|-supereffective|p2b: Dondozo\n|-damage|p2b: Dondozo|0 fnt\n|faint|p2b: Dondozo\n|\n|-sideend|p1: Cammyrupt13|move: Tailwind\n|upkeep\n|turn|7\n|\n|t:|1737797869\n|move|p1a: Tornadus|Tailwind|p1a: Tornadus\n|-sidestart|p1: Cammyrupt13|move: Tailwind\n|move|p1b: Kyurem|Freeze-Dry|p2a: Tatsugiri\n|-supereffective|p2a: Tatsugiri\n|-enditem|p2a: Tatsugiri|Focus Sash\n|-damage|p2a: Tatsugiri|1\/100\n|move|p2a: Tatsugiri|Muddy Water|p1b: Kyurem|[spread] p1a,p1b\n|-damage|p1a: Tornadus|56\/100\n|-damage|p1b: Kyurem|68\/100\n|-unboost|p1b: Kyurem|accuracy|1\n|\n|upkeep\n|turn|8\n|\n|t:|1737797880\n|move|p1a: Tornadus|Icy Wind|p2a: Tatsugiri\n|-damage|p2a: Tatsugiri|0 fnt\n|faint|p2a: Tatsugiri\n|\n|win|Cammyrupt13\n|raw|Cammyrupt13's rating: 1510 &rarr; <strong>1534<\/strong><br \/>(+24 for winning)\n|raw|maggeprutten7's rating: 1573 &rarr; <strong>1549<\/strong><br \/>(-24 for losing)\n|l|\u2606maggeprutten7\n|player|p2|\n","uploadtime":1737798064,"views":8,"formatid":"gen9vgc2025regg","rating":1534,"private":0,"password":null}