{"id":"gen9vgc2025regg-2287716397","format":"[Gen 9] VGC 2025 Reg G","players":["roykeenkennedy","something123"],"log":"|j|\u2606roykeenkennedy\n|j|\u2606something123\n|t:|1737770990\n|gametype|doubles\n|player|p1|roykeenkennedy|alder|1585\n|player|p2|something123|101|1721\n|teamsize|p1|6\n|teamsize|p2|6\n|gen|9\n|tier|[Gen 9] VGC 2025 Reg G\n|rated|\n|rule|Species Clause: Limit one of each Pok\u00e9mon\n|rule|Item Clause: Limit 1 of each item\n|clearpoke\n|poke|p1|Calyrex-Shadow, L50|\n|poke|p1|Weezing, L50, F|\n|poke|p1|Indeedee-F, L50, F|\n|poke|p1|Incineroar, L50, M|\n|poke|p1|Urshifu-*, L50, F|\n|poke|p1|Regieleki, L50|\n|poke|p2|Farigiraf, L50, M|\n|poke|p2|Landorus, L50, M|\n|poke|p2|Calyrex-Ice, L50|\n|poke|p2|Ogerpon-Cornerstone, L50, F|\n|poke|p2|Urshifu-*, L50, M|\n|poke|p2|Regieleki, L50|\n|teampreview|4\n|inactive|Battle timer is ON: inactive players will automatically lose when time's up. (requested by roykeenkennedy)\n|\n|t:|1737771052\n|start\n|switch|p1a: Weezing|Weezing, L50, F|100\/100\n|switch|p1b: Regieleki|Regieleki, L50|100\/100\n|switch|p2a: Farigiraf|Farigiraf, L50, M|100\/100\n|switch|p2b: Regieleki|Regieleki, L50|100\/100\n|-ability|p1a: Weezing|Neutralizing Gas\n|turn|1\n|\n|t:|1737771067\n|switch|p2a: Landorus|Landorus, L50, M|100\/100\n|-terastallize|p1a: Weezing|Ghost\n|move|p2b: Regieleki|Protect|p2b: Regieleki\n|-singleturn|p2b: Regieleki|Protect\n|move|p1b: Regieleki|Thunder Cage|p2a: Landorus\n|-immune|p2a: Landorus\n|move|p1a: Weezing|Taunt|p2a: Landorus\n|-start|p2a: Landorus|move: Taunt\n|\n|upkeep\n|turn|2\n|inactive|something123 has 30 seconds left.\n|\n|t:|1737771095\n|move|p1b: Regieleki|Electroweb|p2a: Landorus|[spread] p2b\n|-immune|p2a: Landorus\n|-resisted|p2b: Regieleki\n|-damage|p2b: Regieleki|83\/100\n|-unboost|p2b: Regieleki|spe|1\n|move|p2b: Regieleki|Electroweb|p1a: Weezing|[spread] p1a,p1b\n|-resisted|p1b: Regieleki\n|-damage|p1a: Weezing|78\/100\n|-damage|p1b: Regieleki|81\/100\n|-unboost|p1a: Weezing|spe|1\n|-unboost|p1b: Regieleki|spe|1\n|move|p2a: Landorus|Sandsear Storm|p1b: Regieleki|[spread] p1a,p1b\n|-supereffective|p1b: Regieleki\n|-damage|p1a: Weezing|24\/100\n|-damage|p1b: Regieleki|0 fnt\n|faint|p1b: Regieleki\n|-damage|p2a: Landorus|91\/100|[from] item: Life Orb\n|move|p1a: Weezing|Sludge Bomb|p2a: Landorus\n|-resisted|p2a: Landorus\n|-damage|p2a: Landorus|74\/100\n|\n|-heal|p1a: Weezing|30\/100|[from] item: Leftovers\n|upkeep\n|\n|t:|1737771117\n|switch|p1b: Calyrex|Calyrex-Shadow, L50|100\/100\n|-ability|p1b: Calyrex|As One\n|-ability|p1b: Calyrex|Unnerve\n|turn|3\n|inactive|something123 has 30 seconds left.\n|inactive|something123 has 20 seconds left.\n|inactive|something123 has 15 seconds left.\n|inactive|something123 has 10 seconds left.\n|inactive|something123 has 5 seconds left.\n|\n|t:|1737771168\n|switch|p2b: Farigiraf|Farigiraf, L50, M|100\/100\n|move|p1a: Weezing|Protect|p1a: Weezing\n|-singleturn|p1a: Weezing|Protect\n|move|p1b: Calyrex|Astral Barrage|p2b: Farigiraf|[spread] p2a\n|-immune|p2b: Farigiraf\n|-damage|p2a: Landorus|0 fnt\n|faint|p2a: Landorus\n|-ability|p1b: Calyrex|Grim Neigh|boost\n|-boost|p1b: Calyrex|spa|1\n|-damage|p1b: Calyrex|91\/100|[from] item: Life Orb\n|\n|-heal|p1a: Weezing|37\/100|[from] item: Leftovers\n|upkeep\n|\n|t:|1737771176\n|switch|p2a: Regieleki|Regieleki, L50|83\/100\n|turn|4\n|inactive|something123 has 30 seconds left.\n|inactive|roykeenkennedy has 30 seconds left.\n|\n|t:|1737771217\n|-terastallize|p2a: Regieleki|Electric\n|move|p2b: Farigiraf|Helping Hand|p2a: Regieleki\n|-singleturn|p2a: Regieleki|Helping Hand|[of] p2b: Farigiraf\n|move|p2a: Regieleki|Thunderbolt|p1b: Calyrex\n|-damage|p1b: Calyrex|4\/100\n|move|p1b: Calyrex|Astral Barrage|p2a: Regieleki|[spread] p2a\n|-immune|p2b: Farigiraf\n|-damage|p2a: Regieleki|0 fnt\n|faint|p2a: Regieleki\n|-ability|p1b: Calyrex|Grim Neigh|boost\n|-boost|p1b: Calyrex|spa|1\n|-damage|p1b: Calyrex|0 fnt|[from] item: Life Orb\n|faint|p1b: Calyrex\n|move|p1a: Weezing|Taunt|p2b: Farigiraf\n|-start|p2b: Farigiraf|move: Taunt\n|\n|-heal|p1a: Weezing|43\/100|[from] item: Leftovers\n|upkeep\n|j| GexkaXXV\n|\n|t:|1737771239\n|switch|p2a: Calyrex|Calyrex-Ice, L50|100\/100\n|switch|p1b: Urshifu|Urshifu-Rapid-Strike, L50, F|100\/100\n|-ability|p2a: Calyrex|As One\n|-ability|p2a: Calyrex|Unnerve\n|turn|5\n|\n|t:|1737771250\n|move|p1b: Urshifu|Surging Strikes|p2a: Calyrex\n|-crit|p2a: Calyrex\n|-damage|p2a: Calyrex|87\/100\n|-crit|p2a: Calyrex\n|-damage|p2a: Calyrex|72\/100\n|-crit|p2a: Calyrex\n|-damage|p2a: Calyrex|60\/100\n|-hitcount|p2a: Calyrex|3\n|move|p2a: Calyrex|Glacial Lance|p1b: Urshifu|[spread] p1a,p1b\n|-crit|p1a: Weezing\n|-resisted|p1b: Urshifu\n|-damage|p1a: Weezing|0 fnt\n|-damage|p1b: Urshifu|66\/100\n|faint|p1a: Weezing\n|-end|p1a: Weezing|ability: Neutralizing Gas\n|-ability|p2a: Calyrex|Chilling Neigh|boost\n|-boost|p2a: Calyrex|atk|1\n|move|p2b: Farigiraf|Psychic|p1b: Urshifu\n|-supereffective|p1b: Urshifu\n|-damage|p1b: Urshifu|0 fnt\n|faint|p1b: Urshifu\n|\n|win|something123\n|raw|roykeenkennedy's rating: 1585 &rarr; <strong>1572<\/strong><br \/>(-13 for losing)\n|raw|something123's rating: 1721 &rarr; <strong>1734<\/strong><br \/>(+13 for winning)\n|l|\u2606something123\n|player|p2|\n|l|\u2606roykeenkennedy\n|player|p1|\n|l| GexkaXXV\n","uploadtime":1737771516,"views":42,"formatid":"gen9vgc2025regg","rating":1572,"private":0,"password":null}