{"id":"gen9vgc2025regg-2287206575","format":"[Gen 9] VGC 2025 Reg G","players":["blobbymcgee","badpiplupvgc"],"log":"|j|\u2606blobbymcgee\n|j|\u2606badpiplupvgc\n|t:|1737709543\n|gametype|doubles\n|player|p1|blobbymcgee|depotagent|1529\n|player|p2|badpiplupvgc|170|1607\n|teamsize|p1|6\n|teamsize|p2|6\n|gen|9\n|tier|[Gen 9] VGC 2025 Reg G\n|rated|\n|rule|Species Clause: Limit one of each Pok\u00e9mon\n|rule|Item Clause: Limit 1 of each item\n|clearpoke\n|poke|p1|Incineroar, L50, M|\n|poke|p1|Amoonguss, L50, F|\n|poke|p1|Farigiraf, L50, M|\n|poke|p1|Terapagos, L50, M|\n|poke|p1|Rillaboom, L50, M|\n|poke|p1|Urshifu-*, L50, F|\n|poke|p2|Calyrex-Ice, L50|\n|poke|p2|Amoonguss, L50, F|\n|poke|p2|Raging Bolt, L50|\n|poke|p2|Chi-Yu, L50|\n|poke|p2|Rillaboom, L50, M|\n|poke|p2|Urshifu-*, L50, M|\n|teampreview|4\n|\n|t:|1737709558\n|start\n|switch|p1a: Terapagos|Terapagos, L50, M|100\/100\n|switch|p1b: Incineroar|Incineroar, L50, M|100\/100\n|switch|p2a: Chi-Yu|Chi-Yu, L50|100\/100\n|switch|p2b: Raging Bolt|Raging Bolt, L50|100\/100\n|-activate|p1a: Terapagos|ability: Tera Shift\n|detailschange|p1a: Terapagos|Terapagos-Terastal, L50, M\n|-heal|p1a: Terapagos|100\/100|[silent]\n|-ability|p2a: Chi-Yu|Beads of Ruin\n|-ability|p1b: Incineroar|Intimidate|boost\n|-unboost|p2a: Chi-Yu|atk|1\n|-unboost|p2b: Raging Bolt|atk|1\n|-enditem|p2b: Raging Bolt|Booster Energy\n|-activate|p2b: Raging Bolt|ability: Protosynthesis|[fromitem]\n|-start|p2b: Raging Bolt|protosynthesisspa\n|turn|1\n|\n|t:|1737709578\n|move|p1b: Incineroar|Fake Out|p2b: Raging Bolt\n|-damage|p2b: Raging Bolt|90\/100\n|move|p2a: Chi-Yu|Snarl|p1b: Incineroar|[spread] p1b\n|-miss|p2a: Chi-Yu|p1a: Terapagos\n|-resisted|p1b: Incineroar\n|-damage|p1b: Incineroar|87\/100\n|-unboost|p1b: Incineroar|spa|1\n|cant|p2b: Raging Bolt|flinch\n|move|p1a: Terapagos|Calm Mind|p1a: Terapagos\n|-boost|p1a: Terapagos|spa|1\n|-boost|p1a: Terapagos|spd|1\n|\n|upkeep\n|turn|2\n|j| aimyon36\n|\n|t:|1737709611\n|switch|p1b: Rillaboom|Rillaboom, L50, M|100\/100\n|-fieldstart|move: Grassy Terrain|[from] ability: Grassy Surge|[of] p1b: Rillaboom\n|move|p2a: Chi-Yu|Snarl|p1a: Terapagos|[spread] p1a,p1b\n|-activate|p1a: Terapagos|ability: Tera Shell\n|-resisted|p1a: Terapagos\n|-damage|p1a: Terapagos|92\/100\n|-damage|p1b: Rillaboom|77\/100\n|-unboost|p1a: Terapagos|spa|1\n|-unboost|p1b: Rillaboom|spa|1\n|move|p2b: Raging Bolt|Thunderbolt|p1b: Rillaboom\n|-resisted|p1b: Rillaboom\n|-damage|p1b: Rillaboom|48\/100\n|-status|p1b: Rillaboom|par\n|move|p1a: Terapagos|Calm Mind|p1a: Terapagos\n|-boost|p1a: Terapagos|spa|1\n|-boost|p1a: Terapagos|spd|1\n|\n|-heal|p2b: Raging Bolt|96\/100|[from] Grassy Terrain\n|-heal|p1a: Terapagos|98\/100|[from] Grassy Terrain\n|-heal|p1a: Terapagos|100\/100|[from] item: Leftovers\n|-heal|p1b: Rillaboom|54\/100 par|[from] Grassy Terrain\n|upkeep\n|turn|3\n|\n|t:|1737709644\n|move|p1b: Rillaboom|Fake Out|p2a: Chi-Yu\n|-damage|p2a: Chi-Yu|80\/100\n|cant|p2a: Chi-Yu|flinch\n|move|p2b: Raging Bolt|Thunderbolt|p1a: Terapagos\n|-activate|p1a: Terapagos|ability: Tera Shell\n|-resisted|p1a: Terapagos\n|-damage|p1a: Terapagos|81\/100\n|move|p1a: Terapagos|Calm Mind|p1a: Terapagos\n|-boost|p1a: Terapagos|spa|1\n|-boost|p1a: Terapagos|spd|1\n|\n|-heal|p2a: Chi-Yu|87\/100|[from] Grassy Terrain\n|-heal|p2b: Raging Bolt|100\/100|[from] Grassy Terrain\n|-heal|p1a: Terapagos|87\/100|[from] Grassy Terrain\n|-heal|p1a: Terapagos|93\/100|[from] item: Leftovers\n|-heal|p1b: Rillaboom|59\/100 par|[from] Grassy Terrain\n|upkeep\n|turn|4\n|l| aimyon36\n|\n|t:|1737709680\n|switch|p1b: Incineroar|Incineroar, L50, M|87\/100\n|-ability|p1b: Incineroar|Intimidate|boost\n|-unboost|p2a: Chi-Yu|atk|1\n|-unboost|p2b: Raging Bolt|atk|1\n|move|p2a: Chi-Yu|Snarl|p1b: Incineroar|[spread] \n|-miss|p2a: Chi-Yu|p1a: Terapagos\n|-miss|p2a: Chi-Yu|p1b: Incineroar\n|move|p2b: Raging Bolt|Thunderbolt|p1b: Incineroar\n|-damage|p1b: Incineroar|0 fnt\n|faint|p1b: Incineroar\n|move|p1a: Terapagos|Earth Power|p2a: Chi-Yu\n|-supereffective|p2a: Chi-Yu\n|-damage|p2a: Chi-Yu|0 fnt\n|faint|p2a: Chi-Yu\n|\n|-heal|p1a: Terapagos|99\/100|[from] Grassy Terrain\n|-heal|p1a: Terapagos|100\/100|[from] item: Leftovers\n|upkeep\n|c|\u2606badpiplupvgc|?\n|\n|t:|1737709698\n|switch|p2a: Urshifu|Urshifu, L50, M|100\/100\n|switch|p1b: Amoonguss|Amoonguss, L50, F|100\/100\n|turn|5\n|inactive|Battle timer is ON: inactive players will automatically lose when time's up. (requested by blobbymcgee)\n|\n|t:|1737709734\n|-terastallize|p1a: Terapagos|Stellar\n|detailschange|p1a: Terapagos|Terapagos-Stellar, L50, M, tera:Stellar\n|-heal|p1a: Terapagos|100\/100|[silent]\n|-ability|p1a: Terapagos|Teraform Zero\n|-fieldend|move: Grassy Terrain\n|move|p2a: Urshifu|Detect|p2a: Urshifu\n|-singleturn|p2a: Urshifu|Protect\n|move|p1b: Amoonguss|Rage Powder|p1b: Amoonguss\n|-singleturn|p1b: Amoonguss|move: Rage Powder\n|move|p2b: Raging Bolt|Draco Meteor|p1b: Amoonguss\n|-damage|p1b: Amoonguss|16\/100\n|-unboost|p2b: Raging Bolt|spa|2\n|-enditem|p1b: Amoonguss|Sitrus Berry|[eat]\n|-heal|p1b: Amoonguss|41\/100|[from] item: Sitrus Berry\n|move|p1a: Terapagos|Tera Starstorm|p2b: Raging Bolt|[spread] p2b\n|-activate|p2a: Urshifu|move: Protect\n|-damage|p2b: Raging Bolt|27\/100\n|\n|upkeep\n|turn|6\n|j| Yagamoth\n|inactive|badpiplupvgc has 30 seconds left.\n|inactive|badpiplupvgc has 20 seconds left.\n|inactive|badpiplupvgc has 15 seconds left.\n|\n|t:|1737709776\n|switch|p2a: Calyrex|Calyrex-Ice, L50|100\/100\n|-ability|p2a: Calyrex|As One\n|-ability|p2a: Calyrex|Unnerve\n|move|p1b: Amoonguss|Rage Powder|p1b: Amoonguss\n|-singleturn|p1b: Amoonguss|move: Rage Powder\n|move|p2b: Raging Bolt|Draco Meteor|p1b: Amoonguss|[miss]\n|-miss|p2b: Raging Bolt|p1b: Amoonguss\n|move|p1a: Terapagos|Tera Starstorm|p2a: Calyrex|[spread] p2a,p2b\n|-damage|p2a: Calyrex|51\/100\n|-damage|p2b: Raging Bolt|0 fnt\n|faint|p2b: Raging Bolt\n|-end|p2b: Raging Bolt|Protosynthesis|[silent]\n|\n|upkeep\n|\n|t:|1737709790\n|switch|p2b: Urshifu|Urshifu, L50, M|100\/100\n|turn|7\n|\n|t:|1737709804\n|-terastallize|p2b: Urshifu|Dark\n|move|p1b: Amoonguss|Rage Powder|p1b: Amoonguss\n|-singleturn|p1b: Amoonguss|move: Rage Powder\n|move|p2b: Urshifu|Close Combat|p1b: Amoonguss\n|-resisted|p1b: Amoonguss\n|-damage|p1b: Amoonguss|15\/100\n|-unboost|p2b: Urshifu|def|1\n|-unboost|p2b: Urshifu|spd|1\n|move|p1a: Terapagos|Tera Starstorm|p2a: Calyrex|[spread] p2a,p2b\n|-supereffective|p2b: Urshifu\n|-damage|p2a: Calyrex|0 fnt\n|-enditem|p2b: Urshifu|Focus Sash\n|-damage|p2b: Urshifu|1\/100\n|faint|p2a: Calyrex\n|\n|upkeep\n|turn|8\n|-message|badpiplupvgc forfeited.\n|\n|win|blobbymcgee\n|raw|blobbymcgee's rating: 1529 &rarr; <strong>1553<\/strong><br \/>(+24 for winning)\n|raw|badpiplupvgc's rating: 1607 &rarr; <strong>1583<\/strong><br \/>(-24 for losing)\n|l|\u2606badpiplupvgc\n|player|p2|\n|l| Yagamoth\n","uploadtime":1737710049,"views":10,"formatid":"gen9vgc2025regg","rating":1553,"private":0,"password":null}