{"id":"gen9vgc2025regg-2287747767","format":"[Gen 9] VGC 2025 Reg G","players":["Rabble!","shadowninja0308"],"log":"|j|\u2606Rabble!\n|j|\u2606shadowninja0308\n|t:|1737775384\n|gametype|doubles\n|player|p1|Rabble!|265|1617\n|player|p2|shadowninja0308|hilbert-wonderlauncher|1556\n|teamsize|p1|6\n|teamsize|p2|6\n|gen|9\n|tier|[Gen 9] VGC 2025 Reg G\n|rated|\n|rule|Species Clause: Limit one of each Pok\u00e9mon\n|rule|Item Clause: Limit 1 of each item\n|clearpoke\n|poke|p1|Terapagos, L50, M|\n|poke|p1|Thundurus, L50, M|\n|poke|p1|Comfey, L50, F|\n|poke|p1|Rillaboom, L50, F|\n|poke|p1|Glimmora, L50, M|\n|poke|p1|Chi-Yu, L50|\n|poke|p2|Kyogre, L50|\n|poke|p2|Landorus, L50, M|\n|poke|p2|Farigiraf, L50, F|\n|poke|p2|Tornadus, L50, M|\n|poke|p2|Rillaboom, L50, F|\n|poke|p2|Urshifu-*, L50, F|\n|teampreview|4\n|j| takuchyan\nshadowninja0308 has agreed to open team sheets.\n|c|\u2606shadowninja0308|pretty please pooky bear? :)\n|\n|t:|1737775464\n|start\n|switch|p1a: Terapagos|Terapagos, L50, M|100\/100\n|switch|p1b: Thundurus|Thundurus, L50, M|100\/100\n|switch|p2a: My King|Kyogre, L50|100\/100\n|switch|p2b: Po|Urshifu-Rapid-Strike, L50, F|100\/100\n|-activate|p1a: Terapagos|ability: Tera Shift\n|detailschange|p1a: Terapagos|Terapagos-Terastal, L50, M\n|-heal|p1a: Terapagos|100\/100|[silent]\n|-weather|RainDance|[from] ability: Drizzle|[of] p2a: My King\n|turn|1\n|c|\u2606Rabble!|oh sorry I was tabbed out after I selected my 4\n|\n|t:|1737775551\n|switch|p2a: Octo Dad|Landorus, L50, M|100\/100\n|-terastallize|p2b: Po|Water\n|-terastallize|p1a: Terapagos|Stellar\n|detailschange|p1a: Terapagos|Terapagos-Stellar, L50, M, tera:Stellar\n|-heal|p1a: Terapagos|100\/100|[silent]\n|-ability|p1a: Terapagos|Teraform Zero\n|-weather|none\n|move|p2b: Po|Surging Strikes|p1b: Thundurus\n|-crit|p1b: Thundurus\n|-damage|p1b: Thundurus|71\/100\n|-crit|p1b: Thundurus\n|-damage|p1b: Thundurus|44\/100\n|-crit|p1b: Thundurus\n|-damage|p1b: Thundurus|15\/100\n|-hitcount|p1b: Thundurus|3\n|move|p1b: Thundurus|Wildbolt Storm|p2b: Po|[spread] p2b\n|-immune|p2a: Octo Dad\n|-supereffective|p2b: Po\n|-damage|p2b: Po|11\/100\n|move|p1a: Terapagos|Tera Starstorm|p2a: Octo Dad|[spread] p2a,p2b\n|-supereffective|p2b: Po\n|-damage|p2a: Octo Dad|58\/100\n|-damage|p2b: Po|0 fnt\n|faint|p2b: Po\n|\n|upkeep\n|j| egirlgamer69420\n|l| egirlgamer69420\n|l| takuchyan\n|\n|t:|1737775608\n|switch|p2b: My King|Kyogre, L50|100\/100\n|-weather|RainDance|[from] ability: Drizzle|[of] p2b: My King\n|turn|2\n|\n|t:|1737775620\n|switch|p2b: Octo Mom|Tornadus, L50, M|100\/100\n|move|p1b: Thundurus|Eerie Impulse|p2b: Octo Mom\n|-unboost|p2b: Octo Mom|spa|2\n|move|p2a: Octo Dad|Sandsear Storm|p1a: Terapagos|[spread] p1a\n|-immune|p1b: Thundurus\n|-damage|p1a: Terapagos|65\/100\n|move|p1a: Terapagos|Calm Mind|p1a: Terapagos\n|-boost|p1a: Terapagos|spa|1\n|-boost|p1a: Terapagos|spd|1\n|\n|-weather|RainDance|[upkeep]\n|-heal|p1a: Terapagos|71\/100|[from] item: Leftovers\n|upkeep\n|turn|3\n|\n|t:|1737775653\n|move|p1b: Thundurus|Eerie Impulse|p2a: Octo Dad\n|-unboost|p2a: Octo Dad|spa|2\n|move|p2a: Octo Dad|Sandsear Storm|p1a: Terapagos|[spread] p1a\n|-immune|p1b: Thundurus\n|-damage|p1a: Terapagos|61\/100\n|move|p2b: Octo Mom|Bleakwind Storm|p1a: Terapagos|[spread] p1a,p1b\n|-resisted|p1b: Thundurus\n|-damage|p1a: Terapagos|54\/100\n|-damage|p1b: Thundurus|7\/100\n|-unboost|p1a: Terapagos|spe|1\n|move|p1a: Terapagos|Tera Starstorm|p2a: Octo Dad|[spread] p2a,p2b\n|-damage|p2a: Octo Dad|2\/100\n|-damage|p2b: Octo Mom|47\/100\n|\n|-weather|RainDance|[upkeep]\n|-heal|p1a: Terapagos|60\/100|[from] item: Leftovers\n|upkeep\n|turn|4\n|\n|t:|1737775692\n|move|p1b: Thundurus|Thunder Wave|p2b: Octo Mom\n|-status|p2b: Octo Mom|par\n|move|p2a: Octo Dad|Earth Power|p1a: Terapagos\n|-damage|p1a: Terapagos|47\/100\n|move|p2b: Octo Mom|Bleakwind Storm|p1b: Thundurus|[spread] p1a,p1b\n|-resisted|p1b: Thundurus\n|-damage|p1a: Terapagos|40\/100\n|-damage|p1b: Thundurus|0 fnt\n|faint|p1b: Thundurus\n|move|p1a: Terapagos|Tera Starstorm|p2a: Octo Dad|[spread] p2a,p2b\n|-damage|p2a: Octo Dad|0 fnt\n|-damage|p2b: Octo Mom|0 fnt\n|faint|p2a: Octo Dad\n|faint|p2b: Octo Mom\n|\n|-weather|RainDance|[upkeep]\n|-heal|p1a: Terapagos|46\/100|[from] item: Leftovers\n|upkeep\n|\n|t:|1737775713\n|switch|p2b: My King|Kyogre, L50|100\/100\n|switch|p1b: Rillaboom|Rillaboom, L50, F|100\/100\n|-fieldstart|move: Grassy Terrain|[from] ability: Grassy Surge|[of] p1b: Rillaboom\n|turn|5\n|\n|t:|1737775724\n|move|p1b: Rillaboom|Fake Out|p2b: My King\n|-damage|p2b: My King|88\/100\n|cant|p2b: My King|flinch\n|move|p1a: Terapagos|Calm Mind|p1a: Terapagos\n|-boost|p1a: Terapagos|spa|1\n|-boost|p1a: Terapagos|spd|1\n|\n|-weather|RainDance|[upkeep]\n|-heal|p2b: My King|94\/100|[from] Grassy Terrain\n|-heal|p1a: Terapagos|52\/100|[from] Grassy Terrain\n|-heal|p1a: Terapagos|58\/100|[from] item: Leftovers\n|upkeep\n|turn|6\n|\n|t:|1737775737\n|move|p1a: Terapagos|Protect|p1a: Terapagos\n|-singleturn|p1a: Terapagos|Protect\n|move|p2b: My King|Origin Pulse|p1b: Rillaboom|[spread] p1b\n|-activate|p1a: Terapagos|move: Protect\n|-resisted|p1b: Rillaboom\n|-damage|p1b: Rillaboom|78\/100\n|move|p1b: Rillaboom|Wood Hammer|p2b: My King\n|-supereffective|p2b: My King\n|-damage|p2b: My King|0 fnt\n|faint|p2b: My King\n|-damage|p1b: Rillaboom|49\/100|[from] Recoil\n|\n|win|Rabble!\n|raw|Rabble!'s rating: 1617 &rarr; <strong>1634<\/strong><br \/>(+17 for winning)\n|raw|shadowninja0308's rating: 1556 &rarr; <strong>1539<\/strong><br \/>(-17 for losing)\n|c|\u2606Rabble!|gg\n|l|\u2606shadowninja0308\n|player|p2|\n|j| takuchyan\n|l|\u2606Rabble!\n|player|p1|\n","uploadtime":1737775889,"views":25,"formatid":"gen9vgc2025regg","rating":1539,"private":0,"password":null}