{"id":"gen9vgc2025regg-2287483849","format":"[Gen 9] VGC 2025 Reg G","players":["dinglustan","Zoenna55"],"log":"|j|\u2606dinglustan\n|j|\u2606Zoenna55\n|t:|1737743889\n|gametype|doubles\n|player|p1|dinglustan|101|1505\n|player|p2|Zoenna55|marley|1698\n|teamsize|p1|6\n|teamsize|p2|6\n|gen|9\n|tier|[Gen 9] VGC 2025 Reg G\n|rated|\n|rule|Species Clause: Limit one of each Pok\u00e9mon\n|rule|Item Clause: Limit 1 of each item\n|clearpoke\n|poke|p1|Groudon, L50|\n|poke|p1|Rillaboom, L50, M|\n|poke|p1|Walking Wake, L50|\n|poke|p1|Gouging Fire, L50|\n|poke|p1|Grimmsnarl, L50, M|\n|poke|p1|Spectrier, L50|\n|poke|p2|Tornadus, L50, M|\n|poke|p2|Urshifu-*, L50, F|\n|poke|p2|Incineroar, L50, F|\n|poke|p2|Kyogre, L50|\n|poke|p2|Tsareena, L50, F|\n|poke|p2|Raging Bolt, L50|\n|teampreview|4\n|inactive|Battle timer is ON: inactive players will automatically lose when time's up. (requested by dinglustan)\n|\n|t:|1737743917\n|start\n|switch|p1a: Grimmsnarl|Grimmsnarl, L50, M|100\/100\n|switch|p1b: Spectrier|Spectrier, L50|100\/100\n|switch|p2a: Raging Bolt|Raging Bolt, L50|100\/100\n|switch|p2b: Incineroar|Incineroar, L50, F|100\/100\n|-ability|p2b: Incineroar|Intimidate|boost\n|-unboost|p1a: Grimmsnarl|atk|1\n|-unboost|p1b: Spectrier|atk|1\n|turn|1\n|inactive|dinglustan has 30 seconds left.\n|\n|t:|1737743944\n|-terastallize|p1b: Spectrier|Fairy\n|move|p2b: Incineroar|Fake Out|p1a: Grimmsnarl\n|-damage|p1a: Grimmsnarl|90\/100\n|cant|p1a: Grimmsnarl|flinch\n|move|p1b: Spectrier|Snarl|p2a: Raging Bolt|[spread] p2a,p2b\n|-resisted|p2b: Incineroar\n|-damage|p2a: Raging Bolt|93\/100\n|-damage|p2b: Incineroar|96\/100\n|-unboost|p2a: Raging Bolt|spa|1\n|-unboost|p2b: Incineroar|spa|1\n|-enditem|p1b: Spectrier|Throat Spray\n|-boost|p1b: Spectrier|spa|1|[from] item: Throat Spray\n|move|p2a: Raging Bolt|Snarl|p1a: Grimmsnarl|[spread] p1a,p1b\n|-resisted|p1a: Grimmsnarl\n|-resisted|p1b: Spectrier\n|-damage|p1a: Grimmsnarl|88\/100\n|-damage|p1b: Spectrier|95\/100\n|-unboost|p1a: Grimmsnarl|spa|1\n|-unboost|p1b: Spectrier|spa|1\n|\n|upkeep\n|turn|2\n|\n|t:|1737743963\n|-end|p2a: Raging Bolt|Protosynthesis|[silent]\n|switch|p2a: Tornadus|Tornadus, L50, M|100\/100\n|move|p1a: Grimmsnarl|Reflect|p1a: Grimmsnarl\n|-sidestart|p1: dinglustan|Reflect\n|move|p1b: Spectrier|Draining Kiss|p2a: Tornadus\n|-damage|p2a: Tornadus|70\/100\n|-heal|p1b: Spectrier|100\/100|[from] drain|[of] p2a: Tornadus\n|move|p2b: Incineroar|Parting Shot|p1b: Spectrier\n|-unboost|p1b: Spectrier|atk|1\n|-unboost|p1b: Spectrier|spa|1\n|\n|t:|1737743977\n|switch|p2b: Raging Bolt|Raging Bolt, L50|93\/100|[from] Parting Shot\n|\n|upkeep\n|turn|3\n|inactive|Zoenna55 has 30 seconds left.\n|inactive|Zoenna55 has 20 seconds left.\n|\n|t:|1737744012\n|move|p1a: Grimmsnarl|Light Screen|p1a: Grimmsnarl\n|-sidestart|p1: dinglustan|move: Light Screen\n|move|p1b: Spectrier|Draining Kiss|p2b: Raging Bolt\n|-supereffective|p2b: Raging Bolt\n|-damage|p2b: Raging Bolt|69\/100\n|move|p2a: Tornadus|Bleakwind Storm|p1b: Spectrier|[spread] p1b\n|-miss|p2a: Tornadus|p1a: Grimmsnarl\n|-damage|p1b: Spectrier|78\/100\n|move|p2b: Raging Bolt|Thunderbolt|p1a: Grimmsnarl\n|-damage|p1a: Grimmsnarl|57\/100\n|\n|upkeep\n|turn|4\n|\n|t:|1737744037\n|-end|p2b: Raging Bolt|Protosynthesis|[silent]\n|switch|p2b: Incineroar|Incineroar, L50, F|96\/100\n|-ability|p2b: Incineroar|Intimidate|boost\n|-unboost|p1a: Grimmsnarl|atk|1\n|-unboost|p1b: Spectrier|atk|1\n|move|p2a: Tornadus|Protect|p2a: Tornadus\n|-singleturn|p2a: Tornadus|Protect\n|move|p1a: Grimmsnarl|Thunder Wave|p2a: Tornadus\n|-activate|p2a: Tornadus|move: Protect\n|move|p1b: Spectrier|Hex|p2a: Tornadus\n|-activate|p2a: Tornadus|move: Protect\n|\n|upkeep\n|turn|5\n|\n|t:|1737744047\n|move|p2b: Incineroar|Fake Out|p1b: Spectrier\n|-damage|p1b: Spectrier|70\/100\n|move|p1a: Grimmsnarl|Thunder Wave|p2a: Tornadus\n|-status|p2a: Tornadus|par\n|cant|p1b: Spectrier|flinch\n|move|p2a: Tornadus|Bleakwind Storm|p1b: Spectrier|[spread] p1a,p1b\n|-damage|p1a: Grimmsnarl|36\/100\n|-damage|p1b: Spectrier|48\/100\n|-unboost|p1a: Grimmsnarl|spe|1\n|-unboost|p1b: Spectrier|spe|1\n|\n|upkeep\n|turn|6\n|\n|t:|1737744060\n|move|p2a: Tornadus|Protect|p2a: Tornadus\n|-singleturn|p2a: Tornadus|Protect\n|move|p1b: Spectrier|Draining Kiss|p2a: Tornadus\n|-activate|p2a: Tornadus|move: Protect\n|move|p2b: Incineroar|Will-O-Wisp|p1a: Grimmsnarl\n|-status|p1a: Grimmsnarl|brn\n|move|p1a: Grimmsnarl|Spirit Break|p2b: Incineroar\n|-damage|p2b: Incineroar|89\/100\n|-unboost|p2b: Incineroar|spa|1\n|\n|-damage|p1a: Grimmsnarl|30\/100 brn|[from] brn\n|upkeep\n|turn|7\n|\n|t:|1737744083\n|move|p1b: Spectrier|Hex|p2a: Tornadus\n|-damage|p2a: Tornadus|23\/100 par\n|move|p2b: Incineroar|Knock Off|p1a: Grimmsnarl\n|-resisted|p1a: Grimmsnarl\n|-damage|p1a: Grimmsnarl|24\/100 brn\n|-enditem|p1a: Grimmsnarl|Light Clay|[from] move: Knock Off|[of] p2b: Incineroar\n|move|p2a: Tornadus|Bleakwind Storm|p1a: Grimmsnarl|[spread] p1a\n|-miss|p2a: Tornadus|p1b: Spectrier\n|-damage|p1a: Grimmsnarl|5\/100 brn\n|-unboost|p1a: Grimmsnarl|spe|1\n|move|p1a: Grimmsnarl|Spirit Break|p2b: Incineroar\n|-damage|p2b: Incineroar|82\/100\n|-unboost|p2b: Incineroar|spa|1\n|\n|-damage|p1a: Grimmsnarl|0 fnt|[from] brn\n|faint|p1a: Grimmsnarl\n|upkeep\n|\n|t:|1737744092\n|switch|p1a: Gouging Fire|Gouging Fire, L50|100\/100\n|turn|8\n|\n|t:|1737744108\n|cant|p2a: Tornadus|par\n|move|p1a: Gouging Fire|Breaking Swipe|p2b: Incineroar|[spread] p2a,p2b\n|-damage|p2a: Tornadus|6\/100 par\n|-damage|p2b: Incineroar|67\/100\n|-unboost|p2b: Incineroar|atk|1\n|move|p1b: Spectrier|Hex|p2a: Tornadus\n|-damage|p2a: Tornadus|0 fnt\n|faint|p2a: Tornadus\n|-ability|p1b: Spectrier|Grim Neigh|boost\n|-boost|p1b: Spectrier|spa|1\n|move|p2b: Incineroar|Knock Off|p1a: Gouging Fire\n|-damage|p1a: Gouging Fire|88\/100\n|-enditem|p1a: Gouging Fire|Covert Cloak|[from] move: Knock Off|[of] p2b: Incineroar\n|\n|upkeep\n|\n|t:|1737744121\n|switch|p2a: Raging Bolt|Raging Bolt, L50|69\/100\n|turn|9\n|\n|t:|1737744144\n|move|p1a: Gouging Fire|Breaking Swipe|p2a: Raging Bolt|[spread] p2a,p2b\n|-supereffective|p2a: Raging Bolt\n|-damage|p2a: Raging Bolt|41\/100\n|-damage|p2b: Incineroar|53\/100\n|-unboost|p2a: Raging Bolt|atk|1\n|-unboost|p2b: Incineroar|atk|1\n|move|p1b: Spectrier|Draining Kiss|p2a: Raging Bolt\n|-supereffective|p2a: Raging Bolt\n|-damage|p2a: Raging Bolt|5\/100\n|-heal|p1b: Spectrier|77\/100|[from] drain|[of] p2a: Raging Bolt\n|move|p2a: Raging Bolt|Draco Meteor|p1a: Gouging Fire\n|-supereffective|p1a: Gouging Fire\n|-damage|p1a: Gouging Fire|8\/100\n|-unboost|p2a: Raging Bolt|spa|2\n|move|p2b: Incineroar|Parting Shot|p1a: Gouging Fire\n|-unboost|p1a: Gouging Fire|atk|1\n|-unboost|p1a: Gouging Fire|spa|1\n|\n|t:|1737744160\n|switch|p2b: Kyogre|Kyogre, L50|100\/100|[from] Parting Shot\n|-weather|RainDance|[from] ability: Drizzle|[of] p2b: Kyogre\n|\n|-weather|RainDance|[upkeep]\n|-sideend|p1: dinglustan|Reflect\n|upkeep\n|turn|10\n|\n|t:|1737744170\n|-end|p1a: Gouging Fire|Protosynthesis|[silent]\n|switch|p1a: Groudon|Groudon, L50|100\/100\n|-weather|SunnyDay|[from] ability: Drought|[of] p1a: Groudon\n|-activate|p2a: Raging Bolt|ability: Protosynthesis\n|-start|p2a: Raging Bolt|protosynthesisdef\n|-end|p2a: Raging Bolt|Protosynthesis|[silent]\n|switch|p2a: Incineroar|Incineroar, L50, F|53\/100\n|-ability|p2a: Incineroar|Intimidate|boost\n|-fail|p1a: Groudon|unboost|[from] item: Clear Amulet|[of] p1a: Groudon\n|-unboost|p1b: Spectrier|atk|1\n|move|p2b: Kyogre|Protect|p2b: Kyogre\n|-singleturn|p2b: Kyogre|Protect\n|move|p1b: Spectrier|Snarl|p2b: Kyogre|[spread] p2a\n|-activate|p2b: Kyogre|move: Protect\n|-resisted|p2a: Incineroar\n|-damage|p2a: Incineroar|49\/100\n|-unboost|p2a: Incineroar|spa|1\n|\n|-weather|SunnyDay|[upkeep]\n|-sideend|p1: dinglustan|move: Light Screen\n|upkeep\n|turn|11\n|inactive|Zoenna55 has 30 seconds left.\n|\n|t:|1737744205\n|move|p1a: Groudon|Protect|p1a: Groudon\n|-singleturn|p1a: Groudon|Protect\n|move|p2a: Incineroar|Fake Out|p1b: Spectrier\n|-damage|p1b: Spectrier|66\/100\n|move|p2b: Kyogre|Water Spout|p1b: Spectrier|[spread] p1b\n|-activate|p1a: Groudon|move: Protect\n|-damage|p1b: Spectrier|25\/100\n|cant|p1b: Spectrier|flinch\n|\n|-weather|SunnyDay|[upkeep]\n|upkeep\n|turn|12\n|inactive|Zoenna55 has 30 seconds left.\n|\n|t:|1737744231\n|-terastallize|p2a: Incineroar|Ghost\n|move|p2b: Kyogre|Protect|p2b: Kyogre\n|-singleturn|p2b: Kyogre|Protect\n|move|p1b: Spectrier|Snarl|p2a: Incineroar|[spread] p2a\n|-activate|p2b: Kyogre|move: Protect\n|-supereffective|p2a: Incineroar\n|-damage|p2a: Incineroar|26\/100\n|-unboost|p2a: Incineroar|spa|1\n|move|p1a: Groudon|Precipice Blades|p2b: Kyogre|[spread] p2a\n|-activate|p2b: Kyogre|move: Protect\n|-damage|p2a: Incineroar|0 fnt\n|faint|p2a: Incineroar\n|\n|-weather|SunnyDay|[upkeep]\n|upkeep\n|\n|t:|1737744245\n|switch|p2a: Raging Bolt|Raging Bolt, L50|5\/100\n|-activate|p2a: Raging Bolt|ability: Protosynthesis\n|-start|p2a: Raging Bolt|protosynthesisspa\n|turn|13\n|j| 2-2-2 Ape\n|\n|t:|1737744254\n|move|p2a: Raging Bolt|Thunderclap||[still]\n|-fail|p2a: Raging Bolt\n|move|p2b: Kyogre|Water Spout|p1b: Spectrier|[spread] p1a,p1b\n|-supereffective|p1a: Groudon\n|-damage|p1a: Groudon|41\/100\n|-damage|p1b: Spectrier|0 fnt\n|faint|p1b: Spectrier\n|move|p1a: Groudon|Precipice Blades|p2b: Kyogre|[spread] p2a,p2b\n|-supereffective|p2a: Raging Bolt\n|-damage|p2a: Raging Bolt|0 fnt\n|-damage|p2b: Kyogre|45\/100\n|faint|p2a: Raging Bolt\n|-end|p2a: Raging Bolt|Protosynthesis|[silent]\n|\n|-weather|SunnyDay|[upkeep]\n|upkeep\n|\n|t:|1737744261\n|switch|p1b: Gouging Fire|Gouging Fire, L50|8\/100\n|-activate|p1b: Gouging Fire|ability: Protosynthesis\n|-start|p1b: Gouging Fire|protosynthesisspe\n|turn|14\n|\n|t:|1737744267\n|move|p2b: Kyogre|Protect|p2b: Kyogre\n|-singleturn|p2b: Kyogre|Protect\n|move|p1a: Groudon|Protect|p1a: Groudon\n|-singleturn|p1a: Groudon|Protect\n|move|p1b: Gouging Fire|Morning Sun|p1b: Gouging Fire\n|-heal|p1b: Gouging Fire|74\/100\n|\n|-weather|none\n|-end|p1b: Gouging Fire|Protosynthesis\n|upkeep\n|turn|15\n|\n|t:|1737744280\n|move|p2b: Kyogre|Origin Pulse|p1b: Gouging Fire|[spread] p1a\n|-miss|p2b: Kyogre|p1b: Gouging Fire\n|-supereffective|p1a: Groudon\n|-damage|p1a: Groudon|0 fnt\n|faint|p1a: Groudon\n|move|p1b: Gouging Fire|Breaking Swipe|p2b: Kyogre\n|-damage|p2b: Kyogre|21\/100\n|-unboost|p2b: Kyogre|atk|1\n|\n|upkeep\n|turn|16\n|\n|t:|1737744293\n|move|p2b: Kyogre|Ice Beam|p1b: Gouging Fire\n|-damage|p1b: Gouging Fire|48\/100\n|move|p1b: Gouging Fire|Breaking Swipe|p2b: Kyogre\n|-damage|p2b: Kyogre|0 fnt\n|faint|p2b: Kyogre\n|\n|win|dinglustan\n|raw|dinglustan's rating: 1505 &rarr; <strong>1535<\/strong><br \/>(+30 for winning)\n|raw|Zoenna55's rating: 1698 &rarr; <strong>1668<\/strong><br \/>(-30 for losing)\n|l|\u2606Zoenna55\n|player|p2|\n|l|\u2606dinglustan\n|player|p1|\n|l| 2-2-2 Ape\n","uploadtime":1737744438,"views":3,"formatid":"gen9vgc2025regg","rating":1535,"private":0,"password":null}