{"id":"gen9vgc2025regg-2287639830","format":"[Gen 9] VGC 2025 Reg G","players":["Emirnent","Iamsliverfish"],"log":"|j|\u2606Emirnent\n|j|\u2606Iamsliverfish\n|t:|1737760774\n|gametype|doubles\n|player|p1|Emirnent|102|1592\n|player|p2|Iamsliverfish|hiker-gen4|1724\n|teamsize|p1|6\n|teamsize|p2|6\n|gen|9\n|tier|[Gen 9] VGC 2025 Reg G\n|rated|\n|rule|Species Clause: Limit one of each Pok\u00e9mon\n|rule|Item Clause: Limit 1 of each item\n|clearpoke\n|poke|p1|Calyrex-Ice, L50|\n|poke|p1|Ting-Lu, L50|\n|poke|p1|Tornadus, L50, M|\n|poke|p1|Urshifu-*, L50, M|\n|poke|p1|Volcarona, L50, M|\n|poke|p1|Raging Bolt, L50|\n|poke|p2|Calyrex-Shadow, L50|\n|poke|p2|Ursaluna, L50, F|\n|poke|p2|Indeedee-F, L50, F|\n|poke|p2|Ogerpon-Wellspring, L50, F|\n|poke|p2|Tornadus, L50, M|\n|poke|p2|Chi-Yu, L50|\n|teampreview|4\n|inactive|Battle timer is ON: inactive players will automatically lose when time's up. (requested by Emirnent)\n|inactive|Emirnent has 60 seconds left.\n|\n|t:|1737760814\n|start\n|switch|p1a: Calyrex|Calyrex-Ice, L50|100\/100\n|switch|p1b: Tornadus|Tornadus, L50, M|100\/100\n|switch|p2a: Tornadus|Tornadus, L50, M|100\/100\n|switch|p2b: Ogerpon|Ogerpon-Wellspring, L50, F|100\/100\n|-ability|p1a: Calyrex|As One\n|-ability|p1a: Calyrex|Unnerve\n|turn|1\n|inactive|Iamsliverfish has 30 seconds left.\n|\n|t:|1737760842\n|-terastallize|p2a: Tornadus|Steel\n|move|p1b: Tornadus|Tailwind|p1b: Tornadus\n|-sidestart|p1: Emirnent|move: Tailwind\n|move|p1a: Calyrex|Glacial Lance|p2b: Ogerpon|[spread] p2a,p2b\n|-resisted|p2a: Tornadus\n|-damage|p2a: Tornadus|67\/100\n|-damage|p2b: Ogerpon|37\/100\n|move|p2b: Ogerpon|Ivy Cudgel|p1a: Calyrex|[anim] Ivy Cudgel Water\n|-crit|p1a: Calyrex\n|-damage|p1a: Calyrex|37\/100\n|move|p2a: Tornadus|Bleakwind Storm|p1b: Tornadus|[spread] p1a\n|-miss|p2a: Tornadus|p1b: Tornadus\n|-damage|p1a: Calyrex|18\/100\n|\n|upkeep\n|turn|2\n|\n|t:|1737760861\n|move|p2a: Tornadus|Tailwind|p2a: Tornadus\n|-sidestart|p2: Iamsliverfish|move: Tailwind\n|move|p1b: Tornadus|Air Slash|p2b: Ogerpon\n|-supereffective|p2b: Ogerpon\n|-damage|p2b: Ogerpon|0 fnt\n|faint|p2b: Ogerpon\n|move|p1a: Calyrex|High Horsepower|p2a: Tornadus\n|-supereffective|p2a: Tornadus\n|-damage|p2a: Tornadus|0 fnt\n|faint|p2a: Tornadus\n|-ability|p1a: Calyrex|Chilling Neigh|boost\n|-boost|p1a: Calyrex|atk|1\n|\n|upkeep\n|\n|t:|1737760864\n|switch|p2b: Calyrex|Calyrex-Shadow, L50|100\/100\n|switch|p2a: Chi-Yu|Chi-Yu, L50|100\/100\n|-ability|p2b: Calyrex|As One\n|-ability|p2b: Calyrex|Unnerve\n|-ability|p2a: Chi-Yu|Beads of Ruin\n|turn|3\n|j| Peepshen\n|\n|t:|1737760881\n|switch|p1a: Ting-Lu|Ting-Lu, L50|100\/100\n|-ability|p1a: Ting-Lu|Vessel of Ruin\n|-terastallize|p1b: Tornadus|Dark\n|move|p1b: Tornadus|Rain Dance|p1b: Tornadus\n|-weather|RainDance\n|move|p2a: Chi-Yu|Heat Wave|p1b: Tornadus|[spread] p1a,p1b\n|-damage|p1a: Ting-Lu|86\/100\n|-damage|p1b: Tornadus|77\/100\n|move|p2b: Calyrex|Astral Barrage|p1a: Ting-Lu|[spread] p1a,p1b\n|-resisted|p1a: Ting-Lu\n|-resisted|p1b: Tornadus\n|-damage|p1a: Ting-Lu|60\/100\n|-damage|p1b: Tornadus|31\/100\n|-damage|p2b: Calyrex|91\/100|[from] item: Life Orb\n|\n|-weather|RainDance|[upkeep]\n|upkeep\n|turn|4\n|\n|t:|1737760898\n|move|p2b: Calyrex|Protect|p2b: Calyrex\n|-singleturn|p2b: Calyrex|Protect\n|move|p2a: Chi-Yu|Heat Wave|p1a: Ting-Lu|[spread] p1a,p1b\n|-damage|p1a: Ting-Lu|47\/100\n|-damage|p1b: Tornadus|5\/100\n|move|p1b: Tornadus|Air Slash|p2a: Chi-Yu|[miss]\n|-miss|p1b: Tornadus|p2a: Chi-Yu\n|move|p1a: Ting-Lu|Lash Out|p2b: Calyrex\n|-activate|p2b: Calyrex|move: Protect\n|\n|-weather|RainDance|[upkeep]\n|-sideend|p1: Emirnent|move: Tailwind\n|upkeep\n|turn|5\n|\n|t:|1737760903\n|move|p1b: Tornadus|Tailwind|p1b: Tornadus\n|-sidestart|p1: Emirnent|move: Tailwind\n|move|p2a: Chi-Yu|Heat Wave|p1a: Ting-Lu|[spread] p1a,p1b\n|-damage|p1a: Ting-Lu|33\/100\n|-damage|p1b: Tornadus|0 fnt\n|faint|p1b: Tornadus\n|move|p2b: Calyrex|Astral Barrage|p1a: Ting-Lu\n|-resisted|p1a: Ting-Lu\n|-damage|p1a: Ting-Lu|0 fnt\n|faint|p1a: Ting-Lu\n|-ability|p2b: Calyrex|Grim Neigh|boost\n|-boost|p2b: Calyrex|spa|1\n|-damage|p2b: Calyrex|81\/100|[from] item: Life Orb\n|\n|-weather|RainDance|[upkeep]\n|-sideend|p2: Iamsliverfish|move: Tailwind\n|upkeep\n|\n|t:|1737760911\n|switch|p1b: Raging Bolt|Raging Bolt, L50|100\/100\n|switch|p1a: Calyrex|Calyrex-Ice, L50|18\/100\n|-ability|p1a: Calyrex|As One\n|-ability|p1a: Calyrex|Unnerve\n|turn|6\n|\n|t:|1737760918\n|move|p2a: Chi-Yu|Heat Wave|p1b: Raging Bolt|[spread] p1a,p1b\n|-supereffective|p1a: Calyrex\n|-resisted|p1b: Raging Bolt\n|-damage|p1a: Calyrex|0 fnt\n|-damage|p1b: Raging Bolt|89\/100\n|faint|p1a: Calyrex\n|move|p1b: Raging Bolt|Draco Meteor|p2a: Chi-Yu\n|-damage|p2a: Chi-Yu|0 fnt\n|-unboost|p1b: Raging Bolt|spa|2\n|faint|p2a: Chi-Yu\n|move|p2b: Calyrex|Astral Barrage|p1b: Raging Bolt\n|-damage|p1b: Raging Bolt|0 fnt\n|faint|p1b: Raging Bolt\n|-end|p1b: Raging Bolt|Protosynthesis|[silent]\n|-damage|p2b: Calyrex|71\/100|[from] item: Life Orb\n|\n|win|Iamsliverfish\n|raw|Emirnent's rating: 1592 &rarr; <strong>1579<\/strong><br \/>(-13 for losing)\n|raw|Iamsliverfish's rating: 1724 &rarr; <strong>1737<\/strong><br \/>(+13 for winning)\n|l|\u2606Emirnent\n|player|p1|\n|l|\u2606Iamsliverfish\n|player|p2|\n|l| Peepshen\n","uploadtime":1737761063,"views":11,"formatid":"gen9vgc2025regg","rating":1579,"private":0,"password":null}