{"id":"gen9vgc2025regg-2287619391","format":"[Gen 9] VGC 2025 Reg G","players":["Doomguy1016","BelinVGC"],"log":"|j|\u2606Doomguy1016\n|j|\u2606BelinVGC\n|t:|1737758269\n|gametype|doubles\n|player|p1|Doomguy1016|red|1594\n|player|p2|BelinVGC|101|1545\n|teamsize|p1|6\n|teamsize|p2|6\n|gen|9\n|tier|[Gen 9] VGC 2025 Reg G\n|rated|\n|rule|Species Clause: Limit one of each Pok\u00e9mon\n|rule|Item Clause: Limit 1 of each item\n|clearpoke\n|poke|p1|Gouging Fire, L50|\n|poke|p1|Dragonite, L50, F|\n|poke|p1|Tornadus, L50, M|\n|poke|p1|Zacian-*, L50|\n|poke|p1|Flutter Mane, L50|\n|poke|p1|Cresselia, L50, F|\n|poke|p2|Miraidon, L50|\n|poke|p2|Whimsicott, L50, F|\n|poke|p2|Chi-Yu, L50|\n|poke|p2|Iron Hands, L50|\n|poke|p2|Urshifu-*, L50, F|\n|poke|p2|Farigiraf, L50, F|\n|teampreview|4\n|inactive|Battle timer is ON: inactive players will automatically lose when time's up. (requested by Doomguy1016)\n|inactive|Doomguy1016 has 60 seconds left.\n|\n|t:|1737758353\n|start\n|switch|p1a: Gouging Fire|Gouging Fire, L50|100\/100\n|switch|p1b: Zacian|Zacian-Crowned, L50|100\/100\n|switch|p2a: Urshifu|Urshifu-Rapid-Strike, L50, F|100\/100\n|switch|p2b: Whimsicott|Whimsicott, L50, F|100\/100\n|-ability|p1b: Zacian|Intrepid Sword|boost\n|-boost|p1b: Zacian|atk|1\n|-enditem|p1a: Gouging Fire|Booster Energy\n|-activate|p1a: Gouging Fire|ability: Protosynthesis|[fromitem]\n|-start|p1a: Gouging Fire|protosynthesisspe\n|turn|1\n|inactive|BelinVGC has 30 seconds left.\n|inactive|Doomguy1016 has 30 seconds left.\n|inactive|Doomguy1016 has 20 seconds left.\n|inactive|Doomguy1016 has 15 seconds left.\n|inactive|Doomguy1016 has 10 seconds left.\n|inactive|Doomguy1016 has 5 seconds left.\n|\n|t:|1737758414\n|-terastallize|p2a: Urshifu|Grass\n|move|p2b: Whimsicott|Tailwind|p2b: Whimsicott\n|-sidestart|p2: BelinVGC|move: Tailwind\n|move|p2a: Urshifu|Surging Strikes|p1a: Gouging Fire\n|-crit|p1a: Gouging Fire\n|-damage|p1a: Gouging Fire|77\/100\n|-crit|p1a: Gouging Fire\n|-damage|p1a: Gouging Fire|53\/100\n|-crit|p1a: Gouging Fire\n|-damage|p1a: Gouging Fire|30\/100\n|-hitcount|p1a: Gouging Fire|3\n|move|p1a: Gouging Fire|Breaking Swipe|p2a: Urshifu|[spread] p2a\n|-immune|p2b: Whimsicott\n|-damage|p2a: Urshifu|81\/100\n|-unboost|p2a: Urshifu|atk|1\n|move|p1b: Zacian|Behemoth Blade|p2b: Whimsicott\n|-supereffective|p2b: Whimsicott\n|-enditem|p2b: Whimsicott|Focus Sash\n|-damage|p2b: Whimsicott|1\/100\n|\n|upkeep\n|turn|2\n|inactive|Doomguy1016 has 30 seconds left.\n|inactive|BelinVGC has 30 seconds left.\n|inactive|BelinVGC has 20 seconds left.\n|inactive|Doomguy1016 has 20 seconds left.\n|inactive|Doomguy1016 has 15 seconds left.\n|\n|t:|1737758463\n|move|p2b: Whimsicott|Endeavor|p1b: Zacian\n|-damage|p1b: Zacian|1\/100\n|move|p2a: Urshifu|Surging Strikes|p1a: Gouging Fire\n|-crit|p1a: Gouging Fire\n|-damage|p1a: Gouging Fire|7\/100\n|-crit|p1a: Gouging Fire\n|-damage|p1a: Gouging Fire|0 fnt\n|faint|p1a: Gouging Fire\n|-end|p1a: Gouging Fire|Protosynthesis|[silent]\n|-hitcount|p1: Gouging Fire|2\n|move|p1b: Zacian|Behemoth Blade|p2a: Urshifu\n|-damage|p2a: Urshifu|0 fnt\n|faint|p2a: Urshifu\n|\n|upkeep\n|\n|t:|1737758477\n|switch|p1a: Dragonite|Dragonite, L50, F|100\/100\n|switch|p2a: Miraidon|Miraidon, L50|100\/100\n|-fieldstart|move: Electric Terrain|[from] ability: Hadron Engine|[of] p2a: Miraidon\n|turn|3\n|\n|t:|1737758489\n|switch|p2b: Chi-Yu|Chi-Yu, L50|100\/100\n|-ability|p2b: Chi-Yu|Beads of Ruin\n|move|p1b: Zacian|Protect|p1b: Zacian\n|-singleturn|p1b: Zacian|Protect\n|move|p1a: Dragonite|Protect|p1a: Dragonite\n|-singleturn|p1a: Dragonite|Protect\n|move|p2a: Miraidon|Dazzling Gleam|p1a: Dragonite|[spread] \n|-activate|p1a: Dragonite|move: Protect\n|-activate|p1b: Zacian|move: Protect\n|\n|upkeep\n|turn|4\n|inactive|Doomguy1016 has 30 seconds left.\n|inactive|Doomguy1016 has 20 seconds left.\n|\n|t:|1737758528\n|switch|p1b: Flutter Mane|Flutter Mane, L50|100\/100\n|move|p1a: Dragonite|Extreme Speed|p2b: Chi-Yu\n|-damage|p2b: Chi-Yu|45\/100\n|-damage|p1a: Dragonite|91\/100|[from] item: Life Orb\n|move|p2a: Miraidon|Dazzling Gleam|p1a: Dragonite|[spread] p1a,p1b\n|-supereffective|p1a: Dragonite\n|-damage|p1a: Dragonite|18\/100\n|-damage|p1b: Flutter Mane|54\/100\n|move|p2b: Chi-Yu|Heat Wave|p1a: Dragonite|[spread] p1a\n|-miss|p2b: Chi-Yu|p1b: Flutter Mane\n|-resisted|p1a: Dragonite\n|-damage|p1a: Dragonite|0 fnt\n|faint|p1a: Dragonite\n|\n|-sideend|p2: BelinVGC|move: Tailwind\n|upkeep\n|\n|t:|1737758530\n|switch|p1a: Zacian|Zacian-Crowned, L50|1\/100\n|turn|5\n|\n|t:|1737758553\n|-terastallize|p1b: Flutter Mane|Water\n|move|p1a: Zacian|Protect|p1a: Zacian\n|-singleturn|p1a: Zacian|Protect\n|move|p2a: Miraidon|Dazzling Gleam|p1a: Zacian|[spread] p1b\n|-activate|p1a: Zacian|move: Protect\n|-damage|p1b: Flutter Mane|14\/100\n|move|p1b: Flutter Mane|Dazzling Gleam|p2b: Chi-Yu|[spread] p2a,p2b\n|-supereffective|p2a: Miraidon\n|-damage|p2a: Miraidon|0 fnt\n|-damage|p2b: Chi-Yu|0 fnt\n|faint|p2a: Miraidon\n|faint|p2b: Chi-Yu\n|\n|upkeep\n|-message|BelinVGC forfeited.\n|\n|win|Doomguy1016\n|raw|Doomguy1016's rating: 1594 &rarr; <strong>1611<\/strong><br \/>(+17 for winning)\n|raw|BelinVGC's rating: 1545 &rarr; <strong>1528<\/strong><br \/>(-17 for losing)\n|l|\u2606Doomguy1016\n|player|p1|\n|l|\u2606BelinVGC\n|player|p2|\n","uploadtime":1737758720,"views":10,"formatid":"gen9vgc2025regg","rating":1528,"private":0,"password":null}