{"id":"gen9vgc2025regg-2287618148","format":"[Gen 9] VGC 2025 Reg G","players":["mejian poke poke","Cammyrupt13"],"log":"|j|\u2606mejian poke poke\n|j|\u2606Cammyrupt13\n|t:|1737758121\n|gametype|doubles\n|player|p1|mejian poke poke|266|1650\n|player|p2|Cammyrupt13|ballguy|1576\n|teamsize|p1|6\n|teamsize|p2|6\n|gen|9\n|tier|[Gen 9] VGC 2025 Reg G\n|rated|\n|rule|Species Clause: Limit one of each Pok\u00e9mon\n|rule|Item Clause: Limit 1 of each item\n|clearpoke\n|poke|p1|Lunala, L50|\n|poke|p1|Maushold, L50|\n|poke|p1|Tornadus, L50, M|\n|poke|p1|Urshifu-*, L50, F|\n|poke|p1|Rillaboom, L50, M|\n|poke|p1|Landorus, L50, M|\n|poke|p2|Kyogre, L50|\n|poke|p2|Amoonguss, L50, M|\n|poke|p2|Rillaboom, L50, F|\n|poke|p2|Incineroar, L50, F|\n|poke|p2|Raging Bolt, L50|\n|poke|p2|Roaring Moon, L50|\n|teampreview|4\n|\n|t:|1737758147\n|start\n|switch|p1a: Lunala|Lunala, L50|100\/100\n|switch|p1b: Maushold|Maushold, L50|100\/100\n|switch|p2a: Raging Bolt|Raging Bolt, L50|100\/100\n|switch|p2b: Roaring Moon|Roaring Moon, L50|100\/100\n|-enditem|p2b: Roaring Moon|Booster Energy\n|-activate|p2b: Roaring Moon|ability: Protosynthesis|[fromitem]\n|-start|p2b: Roaring Moon|protosynthesisspe\n|turn|1\n|\n|t:|1737758171\n|move|p1b: Maushold|Follow Me|p1b: Maushold\n|-singleturn|p1b: Maushold|move: Follow Me\n|move|p2a: Raging Bolt|Thunderclap||[still]\n|-fail|p2a: Raging Bolt\n|move|p2b: Roaring Moon|Knock Off|p1b: Maushold\n|-damage|p1b: Maushold|47\/100\n|-damage|p2b: Roaring Moon|84\/100|[from] item: Rocky Helmet|[of] p1b: Maushold\n|-enditem|p1b: Maushold|Rocky Helmet|[from] move: Knock Off|[of] p2b: Roaring Moon\n|move|p1a: Lunala|Meteor Beam||[still]\n|-prepare|p1a: Lunala|Meteor Beam\n|-boost|p1a: Lunala|spa|1\n|-enditem|p1a: Lunala|Power Herb\n|-anim|p1a: Lunala|Meteor Beam|p2b: Roaring Moon\n|-damage|p2b: Roaring Moon|16\/100\n|\n|upkeep\n|turn|2\n|\n|t:|1737758183\n|-terastallize|p1a: Lunala|Fairy\n|move|p2b: Roaring Moon|Tailwind|p2b: Roaring Moon\n|-sidestart|p2: Cammyrupt13|move: Tailwind\n|move|p2a: Raging Bolt|Thunderbolt|p1b: Maushold\n|-damage|p1b: Maushold|0 fnt\n|faint|p1b: Maushold\n|-damage|p2a: Raging Bolt|91\/100|[from] item: Life Orb\n|move|p1a: Lunala|Dazzling Gleam|p2a: Raging Bolt|[spread] p2a,p2b\n|-supereffective|p2a: Raging Bolt\n|-supereffective|p2b: Roaring Moon\n|-damage|p2a: Raging Bolt|0 fnt\n|-damage|p2b: Roaring Moon|0 fnt\n|faint|p2a: Raging Bolt\n|-end|p2a: Raging Bolt|Protosynthesis|[silent]\n|faint|p2b: Roaring Moon\n|-end|p2b: Roaring Moon|Protosynthesis|[silent]\n|\n|upkeep\n|\n|t:|1737758197\n|switch|p2b: Rillaboom|Rillaboom, L50, F, shiny|100\/100\n|switch|p1b: Rillaboom|Rillaboom, L50, M|100\/100\n|switch|p2a: Kyogre|Kyogre, L50|100\/100\n|-weather|RainDance|[from] ability: Drizzle|[of] p2a: Kyogre\n|-fieldstart|move: Grassy Terrain|[from] ability: Grassy Surge|[of] p2b: Rillaboom\n|turn|3\n|\n|t:|1737758219\n|-terastallize|p2a: Kyogre|Ghost\n|move|p2b: Rillaboom|Fake Out|p1a: Lunala\n|-damage|p1a: Lunala|95\/100\n|move|p1b: Rillaboom|Fake Out|p2b: Rillaboom\n|-damage|p2b: Rillaboom|87\/100\n|move|p2a: Kyogre|Water Spout|p1b: Rillaboom|[spread] p1a,p1b\n|-resisted|p1b: Rillaboom\n|-damage|p1a: Lunala|0 fnt\n|-damage|p1b: Rillaboom|47\/100\n|faint|p1a: Lunala\n|\n|-weather|RainDance|[upkeep]\n|-heal|p2b: Rillaboom|93\/100|[from] Grassy Terrain\n|-heal|p1b: Rillaboom|53\/100|[from] Grassy Terrain\n|upkeep\n|\n|t:|1737758225\n|switch|p1a: Urshifu|Urshifu-Rapid-Strike, L50, F|100\/100\n|turn|4\n|\n|t:|1737758234\n|move|p1a: Urshifu|Detect|p1a: Urshifu\n|-singleturn|p1a: Urshifu|Protect\n|move|p2a: Kyogre|Water Spout|p1b: Rillaboom|[spread] p1b\n|-activate|p1a: Urshifu|move: Protect\n|-resisted|p1b: Rillaboom\n|-damage|p1b: Rillaboom|0 fnt\n|faint|p1b: Rillaboom\n|move|p2b: Rillaboom|U-turn|p1a: Urshifu\n|-activate|p1a: Urshifu|move: Protect\n|\n|-weather|RainDance|[upkeep]\n|-heal|p2b: Rillaboom|99\/100|[from] Grassy Terrain\n|upkeep\n|turn|5\n|-message|mejian poke poke forfeited.\n|\n|win|Cammyrupt13\n|raw|mejian poke poke's rating: 1650 &rarr; <strong>1626<\/strong><br \/>(-24 for losing)\n|raw|Cammyrupt13's rating: 1576 &rarr; <strong>1600<\/strong><br \/>(+24 for winning)\n|l|\u2606mejian poke poke\n|player|p1|\n|l|\u2606Cammyrupt13\n|player|p2|\n","uploadtime":1737758445,"views":6,"formatid":"gen9vgc2025regg","rating":1600,"private":0,"password":null}