{"id":"gen9vgc2025regg-2287798125","format":"[Gen 9] VGC 2025 Reg G","players":["Kwiper","something123"],"log":"|j|\u2606Kwiper\n|j|\u2606something123\n|t:|1737783368\n|gametype|doubles\n|player|p1|Kwiper|sycamore|1576\n|player|p2|something123|101|1694\n|teamsize|p1|6\n|teamsize|p2|6\n|gen|9\n|tier|[Gen 9] VGC 2025 Reg G\n|rated|\n|rule|Species Clause: Limit one of each Pok\u00e9mon\n|rule|Item Clause: Limit 1 of each item\n|clearpoke\n|poke|p1|Koraidon, L50|\n|poke|p1|Flutter Mane, L50|\n|poke|p1|Raging Bolt, L50|\n|poke|p1|Tornadus, L50, M|\n|poke|p1|Chi-Yu, L50|\n|poke|p1|Bastiodon, L50, F|\n|poke|p2|Farigiraf, L50, F|\n|poke|p2|Landorus, L50, M|\n|poke|p2|Calyrex-Ice, L50|\n|poke|p2|Ogerpon-Cornerstone, L50, F|\n|poke|p2|Urshifu-*, L50, F|\n|poke|p2|Regieleki, L50|\n|teampreview|4\n|inactive|Battle timer is ON: inactive players will automatically lose when time's up. (requested by Kwiper)\n|inactive|something123 has 60 seconds left.\n|\n|t:|1737783411\n|start\n|switch|p1a: Flutter Mane|Flutter Mane, L50|100\/100\n|switch|p1b: Chi-Yu|Chi-Yu, L50|100\/100\n|switch|p2a: Calyrex|Calyrex-Ice, L50|100\/100\n|switch|p2b: Landorus|Landorus, L50, M|100\/100\n|-ability|p2a: Calyrex|As One\n|-ability|p2a: Calyrex|Unnerve\n|-ability|p1b: Chi-Yu|Beads of Ruin\n|turn|1\n|\n|t:|1737783425\n|-terastallize|p2a: Calyrex|Water\n|move|p2b: Landorus|Protect|p2b: Landorus\n|-singleturn|p2b: Landorus|Protect\n|move|p1a: Flutter Mane|Taunt|p2a: Calyrex\n|-start|p2a: Calyrex|move: Taunt\n|move|p1b: Chi-Yu|Heat Wave|p2a: Calyrex|[spread] p2a\n|-activate|p2b: Landorus|move: Protect\n|-resisted|p2a: Calyrex\n|-damage|p2a: Calyrex|73\/100\n|move|p2a: Calyrex|Glacial Lance|p1a: Flutter Mane|[spread] p1a,p1b\n|-resisted|p1b: Chi-Yu\n|-enditem|p1a: Flutter Mane|Focus Sash\n|-damage|p1a: Flutter Mane|1\/100\n|-damage|p1b: Chi-Yu|41\/100\n|\n|upkeep\n|turn|2\n|inactive|something123 has 30 seconds left.\n|inactive|something123 has 20 seconds left.\n|\n|t:|1737783460\n|switch|p2b: Farigiraf|Farigiraf, L50, F|100\/100\n|move|p1a: Flutter Mane|Icy Wind|p2a: Calyrex|[spread] p2a,p2b\n|-resisted|p2a: Calyrex\n|-damage|p2a: Calyrex|66\/100\n|-damage|p2b: Farigiraf|81\/100\n|-unboost|p2a: Calyrex|spe|1\n|-unboost|p2b: Farigiraf|spe|1\n|move|p1b: Chi-Yu|Heat Wave|p2a: Calyrex|[spread] p2a,p2b\n|-resisted|p2a: Calyrex\n|-damage|p2a: Calyrex|41\/100\n|-damage|p2b: Farigiraf|0 fnt\n|faint|p2b: Farigiraf\n|move|p2a: Calyrex|Glacial Lance|p1b: Chi-Yu|[spread] p1a,p1b\n|-resisted|p1b: Chi-Yu\n|-damage|p1a: Flutter Mane|0 fnt\n|-damage|p1b: Chi-Yu|0 fnt\n|faint|p1a: Flutter Mane\n|-end|p1a: Flutter Mane|Protosynthesis|[silent]\n|faint|p1b: Chi-Yu\n|-ability|p2a: Calyrex|Chilling Neigh|boost\n|-boost|p2a: Calyrex|atk|2\n|\n|upkeep\n|\n|t:|1737783479\n|switch|p1a: Koraidon|Koraidon, L50|100\/100\n|switch|p1b: Bastiodon|Bastiodon, L50, F|100\/100\n|switch|p2b: Landorus|Landorus, L50, M|100\/100\n|-weather|SunnyDay|[from] ability: Orichalcum Pulse|[of] p1a: Koraidon\n|-activate|p1a: Koraidon|Orichalcum Pulse|[source]\n|turn|3\n|inactive|something123 has 30 seconds left.\n|\n|t:|1737783505\n|-terastallize|p1a: Koraidon|Fire\n|move|p1a: Koraidon|Flare Blitz|p2b: Landorus\n|-damage|p2b: Landorus|0 fnt\n|faint|p2b: Landorus\n|-damage|p1a: Koraidon|68\/100|[from] Recoil\n|move|p2a: Calyrex|High Horsepower|p1a: Koraidon\n|-supereffective|p1a: Koraidon\n|-damage|p1a: Koraidon|0 fnt\n|faint|p1a: Koraidon\n|-ability|p2a: Calyrex|Chilling Neigh|boost\n|-boost|p2a: Calyrex|atk|1\n|move|p1b: Bastiodon|Foul Play|p2a: Calyrex\n|-damage|p2a: Calyrex|0 fnt\n|faint|p2a: Calyrex\n|\n|-weather|SunnyDay|[upkeep]\n|upkeep\n|\n|t:|1737783514\n|switch|p2b: Regieleki|Regieleki, L50|100\/100\n|turn|4\n|\n|t:|1737783519\n|move|p2b: Regieleki|Thunderbolt|p1b: Bastiodon\n|-damage|p1b: Bastiodon|62\/100\n|move|p1b: Bastiodon|Body Press|p2b: Regieleki\n|-damage|p2b: Regieleki|42\/100\n|\n|-weather|SunnyDay|[upkeep]\n|upkeep\n|turn|5\n|\n|t:|1737783525\n|move|p2b: Regieleki|Thunderbolt|p1b: Bastiodon\n|-damage|p1b: Bastiodon|27\/100\n|move|p1b: Bastiodon|Body Press|p2b: Regieleki\n|-damage|p2b: Regieleki|0 fnt\n|faint|p2b: Regieleki\n|\n|win|Kwiper\n|raw|Kwiper's rating: 1576 &rarr; <strong>1603<\/strong><br \/>(+27 for winning)\n|raw|something123's rating: 1694 &rarr; <strong>1667<\/strong><br \/>(-27 for losing)\n|l|\u2606Kwiper\n|player|p1|\n","uploadtime":1737783533,"views":34,"formatid":"gen9vgc2025regg","rating":1603,"private":0,"password":null}