{"id":"gen9vgc2025regg-2287650475","format":"[Gen 9] VGC 2025 Reg G","players":["Angelo Neres","tritan11"],"log":"|j|\u2606Angelo Neres\n|j|\u203dtritan11\n|t:|1737762137\n|gametype|doubles\n|player|p1|Angelo Neres|169|1572\n|player|p2|tritan11|266|1607\n|teamsize|p1|6\n|teamsize|p2|6\n|gen|9\n|tier|[Gen 9] VGC 2025 Reg G\n|rated|\n|rule|Species Clause: Limit one of each Pok\u00e9mon\n|rule|Item Clause: Limit 1 of each item\n|clearpoke\n|poke|p1|Groudon, L50|\n|poke|p1|Moltres-Galar, L50|\n|poke|p1|Scream Tail, L50|\n|poke|p1|Grimmsnarl, L50, M|\n|poke|p1|Cobalion, L50|\n|poke|p1|Amoonguss, L50, M|\n|poke|p2|Lunala, L50|\n|poke|p2|Indeedee-F, L50, F|\n|poke|p2|Incineroar, L50, M|\n|poke|p2|Urshifu-*, L50, F|\n|poke|p2|Roaring Moon, L50|\n|poke|p2|Ogerpon-Cornerstone, L50, F|\n|teampreview|4\n|inactive|Battle timer is ON: inactive players will automatically lose when time's up. (requested by tritan11)\n|inactive|Angelo Neres has 60 seconds left.\n|inactive|tritan11 has 60 seconds left.\n|inactive|tritan11 has 30 seconds left.\n|\n|t:|1737762202\n|start\n|switch|p1a: Cobalion|Cobalion, L50, shiny|100\/100\n|switch|p1b: Grimmsnarl|Grimmsnarl, L50, M, shiny|100\/100\n|switch|p2a: Roaring Moon|Roaring Moon, L50|100\/100\n|switch|p2b: Lunala|Lunala, L50|100\/100\n|-enditem|p2a: Roaring Moon|Booster Energy\n|-activate|p2a: Roaring Moon|ability: Protosynthesis|[fromitem]\n|-start|p2a: Roaring Moon|protosynthesisspe\n|turn|1\n|\n|t:|1737762219\n|move|p1b: Grimmsnarl|Light Screen|p1b: Grimmsnarl\n|-sidestart|p1: Angelo Neres|move: Light Screen\n|move|p2a: Roaring Moon|Tailwind|p2a: Roaring Moon\n|-sidestart|p2: tritan11|move: Tailwind\n|move|p2b: Lunala|Meteor Beam||[still]\n|-prepare|p2b: Lunala|Meteor Beam\n|-boost|p2b: Lunala|spa|1\n|-enditem|p2b: Lunala|Power Herb\n|-anim|p2b: Lunala|Meteor Beam|p1b: Grimmsnarl\n|-damage|p1b: Grimmsnarl|57\/100\n|move|p1a: Cobalion|Iron Defense|p1a: Cobalion\n|-boost|p1a: Cobalion|def|2\n|\n|upkeep\n|turn|2\n|\n|t:|1737762238\n|switch|p1b: Scream Tail|Scream Tail, L50, shiny|100\/100\n|move|p2a: Roaring Moon|Acrobatics|p1b: Scream Tail\n|-damage|p1b: Scream Tail|73\/100\n|move|p2b: Lunala|Moongeist Beam|p1a: Cobalion\n|-damage|p1a: Cobalion|34\/100\n|move|p1a: Cobalion|Body Press|p2a: Roaring Moon\n|-supereffective|p2a: Roaring Moon\n|-damage|p2a: Roaring Moon|0 fnt\n|faint|p2a: Roaring Moon\n|-end|p2a: Roaring Moon|Protosynthesis|[silent]\n|\n|upkeep\n|\n|t:|1737762255\n|switch|p2a: Urshifu|Urshifu-Rapid-Strike, L50, F|100\/100\n|turn|3\n|\n|t:|1737762269\n|-terastallize|p1b: Scream Tail|Grass\n|move|p2a: Urshifu|Surging Strikes|p1a: Cobalion\n|-crit|p1a: Cobalion\n|-damage|p1a: Cobalion|22\/100\n|-crit|p1a: Cobalion\n|-damage|p1a: Cobalion|9\/100\n|-crit|p1a: Cobalion\n|-damage|p1a: Cobalion|0 fnt\n|faint|p1a: Cobalion\n|-hitcount|p1: Cobalion|3\n|move|p2b: Lunala|Moongeist Beam|p1b: Scream Tail\n|-damage|p1b: Scream Tail|25\/100\n|move|p1b: Scream Tail|Thunder Wave|p2a: Urshifu\n|-status|p2a: Urshifu|par\n|\n|upkeep\n|\n|t:|1737762280\n|switch|p1a: Grimmsnarl|Grimmsnarl, L50, M, shiny|57\/100\n|turn|4\n|\n|t:|1737762293\n|-end|p1b: Scream Tail|Protosynthesis|[silent]\n|switch|p1b: Moltres|Moltres-Galar, L50, shiny|100\/100\n|move|p1a: Grimmsnarl|Parting Shot|p2b: Lunala\n|-unboost|p2b: Lunala|atk|1\n|-unboost|p2b: Lunala|spa|1\n|\n|t:|1737762298\n|switch|p1a: Scream Tail|Scream Tail, L50, shiny, tera:Grass|25\/100|[from] Parting Shot\n|move|p2b: Lunala|Moongeist Beam|p1b: Moltres\n|-resisted|p1b: Moltres\n|-damage|p1b: Moltres|85\/100\n|move|p2a: Urshifu|Surging Strikes|p1a: Scream Tail\n|-resisted|p1a: Scream Tail\n|-crit|p1a: Scream Tail\n|-damage|p1a: Scream Tail|17\/100\n|-resisted|p1a: Scream Tail\n|-crit|p1a: Scream Tail\n|-damage|p1a: Scream Tail|8\/100\n|-resisted|p1a: Scream Tail\n|-crit|p1a: Scream Tail\n|-damage|p1a: Scream Tail|0 fnt\n|faint|p1a: Scream Tail\n|-end|p1a: Scream Tail|Protosynthesis|[silent]\n|-hitcount|p1: Scream Tail|3\n|\n|-sideend|p2: tritan11|move: Tailwind\n|upkeep\n|\n|t:|1737762308\n|switch|p1a: Grimmsnarl|Grimmsnarl, L50, M, shiny|57\/100\n|turn|5\n|inactive|Angelo Neres has 30 seconds left.\n|inactive|Angelo Neres has 20 seconds left.\n|\n|t:|1737762345\n|move|p2b: Lunala|Moongeist Beam|p1a: Grimmsnarl\n|-resisted|p1a: Grimmsnarl\n|-damage|p1a: Grimmsnarl|37\/100\n|move|p1b: Moltres|Air Slash|p2a: Urshifu\n|-supereffective|p2a: Urshifu\n|-damage|p2a: Urshifu|4\/100 par\n|move|p1a: Grimmsnarl|Spirit Break|p2a: Urshifu\n|-supereffective|p2a: Urshifu\n|-damage|p2a: Urshifu|0 fnt\n|faint|p2a: Urshifu\n|\n|-sideend|p1: Angelo Neres|move: Light Screen\n|upkeep\n|\n|t:|1737762353\n|switch|p2a: Ogerpon|Ogerpon-Cornerstone, L50, F|100\/100\n|turn|6\n|inactive|tritan11 has 30 seconds left.\n|\n|t:|1737762384\n|move|p2a: Ogerpon|Protect|p2a: Ogerpon\n|-singleturn|p2a: Ogerpon|Protect\n|move|p2b: Lunala|Protect|p2b: Lunala\n|-singleturn|p2b: Lunala|Protect\n|move|p1a: Grimmsnarl|Reflect|p1a: Grimmsnarl\n|-sidestart|p1: Angelo Neres|Reflect\n|move|p1b: Moltres|Tailwind|p1b: Moltres\n|-sidestart|p1: Angelo Neres|move: Tailwind\n|\n|upkeep\n|turn|7\n|j| heybetch\n|\n|t:|1737762407\n|-terastallize|p2a: Ogerpon|Rock\n|detailschange|p2a: Ogerpon|Ogerpon-Cornerstone-Tera, L50, F, tera:Rock\n|-ability|p2a: Ogerpon|Embody Aspect (Cornerstone)|boost\n|-boost|p2a: Ogerpon|def|1\n|move|p1b: Moltres|Fiery Wrath|p2b: Lunala|[spread] p2a,p2b\n|-supereffective|p2b: Lunala\n|-damage|p2a: Ogerpon|69\/100\n|-damage|p2b: Lunala|58\/100\n|move|p1a: Grimmsnarl|Spirit Break|p2a: Ogerpon\n|-damage|p2a: Ogerpon|45\/100\n|-unboost|p2a: Ogerpon|spa|1\n|move|p2a: Ogerpon|Ivy Cudgel|p1b: Moltres|[anim] Ivy Cudgel Rock\n|-supereffective|p1b: Moltres\n|-damage|p1b: Moltres|0 fnt\n|faint|p1b: Moltres\n|move|p2b: Lunala|Moongeist Beam|p1a: Grimmsnarl\n|-resisted|p1a: Grimmsnarl\n|-damage|p1a: Grimmsnarl|7\/100\n|\n|upkeep\n|turn|8\n|-message|Angelo Neres forfeited.\n|\n|win|tritan11\n|raw|Angelo Neres's rating: 1572 &rarr; <strong>1554<\/strong><br \/>(-18 for losing)\n|raw|tritan11's rating: 1607 &rarr; <strong>1625<\/strong><br \/>(+18 for winning)\n|l|\u2606Angelo Neres\n|player|p1|\n|l| heybetch\n|l|\u203dtritan11\n|player|p2|\n","uploadtime":1737762573,"views":9,"formatid":"gen9vgc2025regg","rating":1554,"private":0,"password":null}