{"id":"gen9vgc2025regg-2287150017","format":"[Gen 9] VGC 2025 Reg G","players":["badpiplupvgc","Doomguy1016"],"log":"|j|\u2606badpiplupvgc\n|j|\u2606Doomguy1016\n|t:|1737698706\n|gametype|doubles\n|player|p1|badpiplupvgc|170|1583\n|player|p2|Doomguy1016|red|1506\n|teamsize|p1|6\n|teamsize|p2|6\n|gen|9\n|tier|[Gen 9] VGC 2025 Reg G\n|rated|\n|rule|Species Clause: Limit one of each Pok\u00e9mon\n|rule|Item Clause: Limit 1 of each item\n|clearpoke\n|poke|p1|Calyrex-Ice, L50|\n|poke|p1|Amoonguss, L50, F|\n|poke|p1|Raging Bolt, L50|\n|poke|p1|Chi-Yu, L50|\n|poke|p1|Rillaboom, L50, M|\n|poke|p1|Urshifu-*, L50, F|\n|poke|p2|Groudon, L50|\n|poke|p2|Gouging Fire, L50|\n|poke|p2|Dragonite, L50, F|\n|poke|p2|Chien-Pao, L50|\n|poke|p2|Raging Bolt, L50|\n|poke|p2|Volcarona, L50, M|\n|teampreview|4\n|inactive|Battle timer is ON: inactive players will automatically lose when time's up. (requested by Doomguy1016)\n|\n|t:|1737698748\n|start\n|switch|p1a: Calyrex|Calyrex-Ice, L50|100\/100\n|switch|p1b: Amoonguss|Amoonguss, L50, F|100\/100\n|switch|p2a: Gouging Fire|Gouging Fire, L50|100\/100\n|switch|p2b: Chien-Pao|Chien-Pao, L50|100\/100\n|-ability|p1a: Calyrex|As One\n|-ability|p1a: Calyrex|Unnerve\n|-ability|p2b: Chien-Pao|Sword of Ruin\n|turn|1\n|\n|t:|1737698766\n|-terastallize|p1b: Amoonguss|Water\n|move|p1a: Calyrex|Protect|p1a: Calyrex\n|-singleturn|p1a: Calyrex|Protect\n|move|p2b: Chien-Pao|Throat Chop|p1a: Calyrex\n|-activate|p1a: Calyrex|move: Protect\n|move|p2a: Gouging Fire|Howl|p2a: Gouging Fire|[spread] p2a,p2b\n|-boost|p2a: Gouging Fire|atk|1\n|-boost|p2b: Chien-Pao|atk|1\n|move|p1b: Amoonguss|Spore|p2a: Gouging Fire\n|-status|p2a: Gouging Fire|slp|[from] move: Spore\n|\n|upkeep\n|turn|2\n|\n|t:|1737698781\n|move|p1b: Amoonguss|Rage Powder|p1b: Amoonguss\n|-singleturn|p1b: Amoonguss|move: Rage Powder\n|move|p2b: Chien-Pao|Throat Chop|p1b: Amoonguss\n|-damage|p1b: Amoonguss|37\/100\n|-start|p1b: Amoonguss|Throat Chop|[silent]\n|-damage|p2b: Chien-Pao|84\/100|[from] item: Rocky Helmet|[of] p1b: Amoonguss\n|cant|p2a: Gouging Fire|slp\n|move|p1a: Calyrex|Trick Room|p1a: Calyrex\n|-fieldstart|move: Trick Room|[of] p1a: Calyrex\n|\n|upkeep\n|turn|3\n|\n|t:|1737698797\n|move|p2b: Chien-Pao|Protect|p2b: Chien-Pao\n|-singleturn|p2b: Chien-Pao|Protect\n|move|p1b: Amoonguss|Rage Powder|p1b: Amoonguss\n|-singleturn|p1b: Amoonguss|move: Rage Powder\n|move|p1a: Calyrex|Glacial Lance|p2b: Chien-Pao|[spread] p2a\n|-activate|p2b: Chien-Pao|move: Protect\n|-damage|p2a: Gouging Fire|39\/100 slp\n|-curestatus|p2a: Gouging Fire|slp|[msg]\n|move|p2a: Gouging Fire|Flare Blitz|p1b: Amoonguss\n|-resisted|p1b: Amoonguss\n|-damage|p1b: Amoonguss|0 fnt\n|-damage|p2a: Gouging Fire|22\/100|[from] item: Rocky Helmet|[of] p1b: Amoonguss\n|faint|p1b: Amoonguss\n|-damage|p2a: Gouging Fire|8\/100|[from] Recoil\n|\n|upkeep\n|\n|t:|1737698814\n|switch|p1b: Urshifu|Urshifu, L50, F|100\/100\n|turn|4\n|\n|t:|1737698828\n|switch|p2b: Volcarona|Volcarona, L50, M|100\/100\n|move|p1a: Calyrex|Protect|p1a: Calyrex\n|-singleturn|p1a: Calyrex|Protect\n|move|p1b: Urshifu|Close Combat|p2b: Volcarona\n|-resisted|p2b: Volcarona\n|-damage|p2b: Volcarona|63\/100\n|-unboost|p1b: Urshifu|def|1\n|-unboost|p1b: Urshifu|spd|1\n|-damage|p1b: Urshifu|84\/100|[from] item: Rocky Helmet|[of] p2b: Volcarona\n|-status|p1b: Urshifu|brn|[from] ability: Flame Body|[of] p2b: Volcarona\n|move|p2a: Gouging Fire|Breaking Swipe|p1a: Calyrex|[spread] p1b\n|-activate|p1a: Calyrex|move: Protect\n|-damage|p1b: Urshifu|37\/100 brn\n|-unboost|p1b: Urshifu|atk|1\n|\n|-damage|p1b: Urshifu|31\/100 brn|[from] brn\n|upkeep\n|turn|5\n|\n|t:|1737698848\n|move|p2a: Gouging Fire|Protect|p2a: Gouging Fire\n|-singleturn|p2a: Gouging Fire|Protect\n|move|p1a: Calyrex|Glacial Lance|p2b: Volcarona|[spread] p2b\n|-activate|p2a: Gouging Fire|move: Protect\n|-resisted|p2b: Volcarona\n|-damage|p2b: Volcarona|35\/100\n|move|p2b: Volcarona|Heat Wave|p1a: Calyrex|[spread] p1a,p1b\n|-supereffective|p1a: Calyrex\n|-damage|p1a: Calyrex|60\/100\n|-damage|p1b: Urshifu|0 fnt\n|faint|p1b: Urshifu\n|\n|upkeep\n|\n|t:|1737698859\n|switch|p1b: Chi-Yu|Chi-Yu, L50|100\/100\n|-ability|p1b: Chi-Yu|Beads of Ruin\n|turn|6\n|\n|t:|1737698871\n|move|p1a: Calyrex|Glacial Lance|p2b: Volcarona|[spread] p2a,p2b\n|-resisted|p2b: Volcarona\n|-crit|p2b: Volcarona\n|-damage|p2a: Gouging Fire|0 fnt\n|-damage|p2b: Volcarona|0 fnt\n|faint|p2a: Gouging Fire\n|-end|p2a: Gouging Fire|Protosynthesis|[silent]\n|faint|p2b: Volcarona\n|-ability|p1a: Calyrex|Chilling Neigh|boost\n|-boost|p1a: Calyrex|atk|2\n|move|p1b: Chi-Yu|Heat Wave|p2: Gouging Fire|[notarget]\n|-fail|p1b: Chi-Yu\n|\n|-fieldend|move: Trick Room\n|upkeep\n|\n|t:|1737698874\n|switch|p2a: Chien-Pao|Chien-Pao, L50|84\/100\n|switch|p2b: Groudon|Groudon, L50|100\/100\n|-ability|p2a: Chien-Pao|Sword of Ruin\n|-weather|SunnyDay|[from] ability: Drought|[of] p2b: Groudon\n|turn|7\n|\n|t:|1737698888\n|-terastallize|p2b: Groudon|Fire\n|move|p2a: Chien-Pao|Protect|p2a: Chien-Pao\n|-singleturn|p2a: Chien-Pao|Protect\n|move|p1a: Calyrex|Protect|p1a: Calyrex\n|-singleturn|p1a: Calyrex|Protect\n|move|p1b: Chi-Yu|Heat Wave|p2b: Groudon|[spread] p2b\n|-activate|p2a: Chien-Pao|move: Protect\n|-resisted|p2b: Groudon\n|-damage|p2b: Groudon|76\/100\n|move|p2b: Groudon|Precipice Blades|p1a: Calyrex|[spread] \n|-activate|p1a: Calyrex|move: Protect\n|-miss|p2b: Groudon|p1b: Chi-Yu\n|\n|-weather|SunnyDay|[upkeep]\n|upkeep\n|turn|8\n|inactive|Doomguy1016 has 30 seconds left.\n|\n|t:|1737698913\n|move|p1b: Chi-Yu|Heat Wave|p2a: Chien-Pao|[spread] p2a,p2b\n|-supereffective|p2a: Chien-Pao\n|-resisted|p2b: Groudon\n|-damage|p2a: Chien-Pao|0 fnt\n|-damage|p2b: Groudon|51\/100\n|faint|p2a: Chien-Pao\n|move|p2b: Groudon|Precipice Blades|p1b: Chi-Yu|[spread] p1a,p1b\n|-supereffective|p1b: Chi-Yu\n|-damage|p1a: Calyrex|27\/100\n|-damage|p1b: Chi-Yu|0 fnt\n|faint|p1b: Chi-Yu\n|move|p1a: Calyrex|Trick Room|p1a: Calyrex\n|-fieldstart|move: Trick Room|[of] p1a: Calyrex\n|\n|-weather|SunnyDay|[upkeep]\n|upkeep\n|turn|9\n|\n|t:|1737698925\n|move|p1a: Calyrex|High Horsepower|p2b: Groudon|[miss]\n|-miss|p1a: Calyrex|p2b: Groudon\n|move|p2b: Groudon|Heat Crash|p1a: Calyrex\n|-supereffective|p1a: Calyrex\n|-damage|p1a: Calyrex|0 fnt\n|faint|p1a: Calyrex\n|\n|win|Doomguy1016\n|raw|badpiplupvgc's rating: 1583 &rarr; <strong>1559<\/strong><br \/>(-24 for losing)\n|raw|Doomguy1016's rating: 1506 &rarr; <strong>1530<\/strong><br \/>(+24 for winning)\n|c|\u2606Doomguy1016|Haha\n|c|\u2606badpiplupvgc|hah\n|c|\u2606Doomguy1016|Luck evened out\n|c|\u2606badpiplupvgc|yeah\n|c|\u2606Doomguy1016|Gg\n|l|\u2606Doomguy1016\n|player|p2|\n|l|\u2606badpiplupvgc\n|player|p1|\n","uploadtime":1737698948,"views":14,"formatid":"gen9vgc2025regg","rating":1530,"private":0,"password":null}