{"id":"gen9vgc2025regg-2287292101","format":"[Gen 9] VGC 2025 Reg G","players":["Hoshinaaa","simReaper"],"log":"|j|\u2606Hoshinaaa\n|j|\u2606simReaper\n|t:|1737723672\n|gametype|doubles\n|player|p1|Hoshinaaa|rosa|1586\n|player|p2|simReaper|shadowtriad|1566\n|teamsize|p1|6\n|teamsize|p2|6\n|gen|9\n|tier|[Gen 9] VGC 2025 Reg G\n|rated|\n|rule|Species Clause: Limit one of each Pok\u00e9mon\n|rule|Item Clause: Limit 1 of each item\n|clearpoke\n|poke|p1|Groudon, L50|\n|poke|p1|Flutter Mane, L50|\n|poke|p1|Incineroar, L50, F|\n|poke|p1|Raging Bolt, L50|\n|poke|p1|Indeedee, L50, M|\n|poke|p1|Amoonguss, L50, M|\n|poke|p2|Annihilape, L50, M|\n|poke|p2|Whimsicott, L50, F|\n|poke|p2|Archaludon, L50, M|\n|poke|p2|Amoonguss, L50, M|\n|poke|p2|Kyogre, L50|\n|poke|p2|Grimmsnarl, L50, M|\n|teampreview|4\n|inactive|Battle timer is ON: inactive players will automatically lose when time's up. (requested by Hoshinaaa)\n|inactive|simReaper has 60 seconds left.\n|\n|t:|1737723703\n|start\n|switch|p1a: Flutter Mane|Flutter Mane, L50|100\/100\n|switch|p1b: Groudon|Groudon, L50|100\/100\n|switch|p2a: Grimmsnarl|Grimmsnarl, L50, M, shiny|100\/100\n|switch|p2b: Whimsicott|Whimsicott, L50, F, shiny|100\/100\n|-weather|SunnyDay|[from] ability: Drought|[of] p1b: Groudon\n|-activate|p1a: Flutter Mane|ability: Protosynthesis\n|-start|p1a: Flutter Mane|protosynthesisspe\n|turn|1\n|\n|t:|1737723722\n|switch|p1b: Raging Bolt|Raging Bolt, L50|100\/100\n|-activate|p1b: Raging Bolt|ability: Protosynthesis\n|-start|p1b: Raging Bolt|protosynthesisspa\n|move|p2b: Whimsicott|Tailwind|p2b: Whimsicott\n|-sidestart|p2: simReaper|move: Tailwind\n|move|p2a: Grimmsnarl|Thunder Wave|p1a: Flutter Mane\n|-status|p1a: Flutter Mane|par\n|move|p1a: Flutter Mane|Dazzling Gleam|p2a: Grimmsnarl|[spread] p2a,p2b\n|-supereffective|p2a: Grimmsnarl\n|-damage|p2a: Grimmsnarl|20\/100\n|-damage|p2b: Whimsicott|32\/100\n|\n|-weather|SunnyDay|[upkeep]\n|upkeep\n|turn|2\n|\n|t:|1737723744\n|switch|p2b: Archaludon|Archaludon, L50, M, shiny|100\/100\n|move|p2a: Grimmsnarl|Light Screen|p2a: Grimmsnarl\n|-sidestart|p2: simReaper|move: Light Screen\n|move|p1a: Flutter Mane|Dazzling Gleam|p2a: Grimmsnarl|[spread] p2a,p2b\n|-supereffective|p2a: Grimmsnarl\n|-crit|p2a: Grimmsnarl\n|-damage|p2a: Grimmsnarl|0 fnt\n|-damage|p2b: Archaludon|81\/100\n|-ability|p2b: Archaludon|Stamina|boost\n|-boost|p2b: Archaludon|def|1\n|faint|p2a: Grimmsnarl\n|move|p1b: Raging Bolt|Volt Switch|p2b: Archaludon\n|-resisted|p2b: Archaludon\n|-damage|p2b: Archaludon|67\/100\n|-ability|p2b: Archaludon|Stamina|boost\n|-boost|p2b: Archaludon|def|1\n|-damage|p1b: Raging Bolt|91\/100|[from] item: Life Orb\n|\n|t:|1737723759\n|-end|p1b: Raging Bolt|Protosynthesis|[silent]\n|switch|p1b: Amoonguss|Amoonguss, L50, M|100\/100|[from] Volt Switch\n|\n|-weather|SunnyDay|[upkeep]\n|upkeep\n|\n|t:|1737723765\n|switch|p2a: Kyogre|Kyogre, L50, shiny|100\/100\n|-weather|RainDance|[from] ability: Drizzle|[of] p2a: Kyogre\n|-end|p1a: Flutter Mane|Protosynthesis\n|turn|3\n|j| stewpeed\n|\n|t:|1737723783\n|-terastallize|p2a: Kyogre|Grass\n|move|p2a: Kyogre|Water Spout|p1b: Amoonguss|[spread] p1a,p1b\n|-resisted|p1b: Amoonguss\n|-damage|p1a: Flutter Mane|0 fnt\n|-damage|p1b: Amoonguss|57\/100\n|faint|p1a: Flutter Mane\n|-end|p1a: Flutter Mane|Protosynthesis|[silent]\n|move|p2b: Archaludon|Electro Shot||[still]\n|-prepare|p2b: Archaludon|Electro Shot\n|-boost|p2b: Archaludon|spa|1\n|-anim|p2b: Archaludon|Electro Shot|p1b: Amoonguss\n|-resisted|p1b: Amoonguss\n|-damage|p1b: Amoonguss|36\/100\n|move|p1b: Amoonguss|Spore|p2b: Archaludon\n|-status|p2b: Archaludon|slp|[from] move: Spore\n|\n|-weather|RainDance|[upkeep]\n|upkeep\n|\n|t:|1737723804\n|switch|p1a: Raging Bolt|Raging Bolt, L50|91\/100\n|turn|4\n|\n|t:|1737723809\n|switch|p2a: Whimsicott|Whimsicott, L50, F, shiny|32\/100\n|switch|p1b: Groudon|Groudon, L50|100\/100\n|-weather|SunnyDay|[from] ability: Drought|[of] p1b: Groudon\n|-activate|p1a: Raging Bolt|ability: Protosynthesis\n|-start|p1a: Raging Bolt|protosynthesisspa\n|cant|p2b: Archaludon|slp\n|move|p1a: Raging Bolt|Weather Ball|p2a: Whimsicott\n|-supereffective|p2a: Whimsicott\n|-damage|p2a: Whimsicott|0 fnt\n|faint|p2a: Whimsicott\n|-damage|p1a: Raging Bolt|81\/100|[from] item: Life Orb\n|\n|-weather|SunnyDay|[upkeep]\n|-sideend|p2: simReaper|move: Tailwind\n|upkeep\n|\n|t:|1737723821\n|switch|p2a: Kyogre|Kyogre, L50, shiny, tera:Grass|100\/100\n|-weather|RainDance|[from] ability: Drizzle|[of] p2a: Kyogre\n|-end|p1a: Raging Bolt|Protosynthesis\n|turn|5\n|\n|t:|1737723833\n|switch|p1b: Amoonguss|Amoonguss, L50, M|69\/100\n|move|p1a: Raging Bolt|Protect|p1a: Raging Bolt\n|-singleturn|p1a: Raging Bolt|Protect\n|move|p2a: Kyogre|Water Spout|p1a: Raging Bolt|[spread] p1b\n|-activate|p1a: Raging Bolt|move: Protect\n|-resisted|p1b: Amoonguss\n|-damage|p1b: Amoonguss|27\/100\n|cant|p2b: Archaludon|slp\n|\n|-weather|RainDance|[upkeep]\n|upkeep\n|turn|6\n|inactive|Hoshinaaa has 30 seconds left.\n|\n|t:|1737723862\n|switch|p1b: Groudon|Groudon, L50|100\/100\n|-weather|SunnyDay|[from] ability: Drought|[of] p1b: Groudon\n|-activate|p1a: Raging Bolt|ability: Protosynthesis\n|-start|p1a: Raging Bolt|protosynthesisspa\n|move|p2a: Kyogre|Water Spout|p1a: Raging Bolt|[spread] p1a,p1b\n|-resisted|p1a: Raging Bolt\n|-supereffective|p1b: Groudon\n|-damage|p1a: Raging Bolt|66\/100\n|-damage|p1b: Groudon|51\/100\n|cant|p2b: Archaludon|slp\n|move|p1a: Raging Bolt|Weather Ball|p2b: Archaludon\n|-damage|p2b: Archaludon|22\/100 slp\n|-ability|p2b: Archaludon|Stamina|boost\n|-boost|p2b: Archaludon|def|1\n|-damage|p1a: Raging Bolt|56\/100|[from] item: Life Orb\n|\n|-weather|SunnyDay|[upkeep]\n|upkeep\n|turn|7\n|inactive|Hoshinaaa has 30 seconds left.\n|inactive|simReaper has 30 seconds left.\n|\n|t:|1737723890\n|move|p2a: Kyogre|Water Spout|p1b: Groudon|[spread] p1a,p1b\n|-resisted|p1a: Raging Bolt\n|-supereffective|p1b: Groudon\n|-damage|p1a: Raging Bolt|41\/100\n|-damage|p1b: Groudon|0 fnt\n|faint|p1b: Groudon\n|-curestatus|p2b: Archaludon|slp|[msg]\n|move|p2b: Archaludon|Body Press|p1a: Raging Bolt\n|-damage|p1a: Raging Bolt|0 fnt\n|faint|p1a: Raging Bolt\n|-end|p1a: Raging Bolt|Protosynthesis|[silent]\n|\n|-weather|SunnyDay|[upkeep]\n|upkeep\n|-message|Hoshinaaa forfeited.\n|\n|win|simReaper\n|raw|Hoshinaaa's rating: 1586 &rarr; <strong>1565<\/strong><br \/>(-21 for losing)\n|raw|simReaper's rating: 1566 &rarr; <strong>1587<\/strong><br \/>(+21 for winning)\n|l|\u2606Hoshinaaa\n|player|p1|\n|l|\u2606simReaper\n|player|p2|\n|l| stewpeed\n","uploadtime":1737724045,"views":35,"formatid":"gen9vgc2025regg","rating":1565,"private":0,"password":null}