{"id":"gen9vgc2025regg-2287619287","format":"[Gen 9] VGC 2025 Reg G","players":["Ilovecatgirlsmeow","mejian poke poke"],"log":"|j|\u2606Ilovecatgirlsmeow\n|j|\u2606mejian poke poke\n|t:|1737758256\n|gametype|doubles\n|player|p1|Ilovecatgirlsmeow|waitress-gen4|1598\n|player|p2|mejian poke poke|266|1626\n|teamsize|p1|6\n|teamsize|p2|6\n|gen|9\n|tier|[Gen 9] VGC 2025 Reg G\n|rated|\n|rule|Species Clause: Limit one of each Pok\u00e9mon\n|rule|Item Clause: Limit 1 of each item\n|clearpoke\n|poke|p1|Palkia, L50|\n|poke|p1|Ursaluna, L50, M|\n|poke|p1|Incineroar, L50, F|\n|poke|p1|Amoonguss, L50, F|\n|poke|p1|Flutter Mane, L50|\n|poke|p1|Iron Hands, L50|\n|poke|p2|Lunala, L50|\n|poke|p2|Maushold, L50|\n|poke|p2|Tornadus, L50, M|\n|poke|p2|Urshifu-*, L50, F|\n|poke|p2|Rillaboom, L50, M|\n|poke|p2|Landorus, L50, M|\n|teampreview|4\n|j| brrkz\n|\n|t:|1737758283\n|start\n|switch|p1a: Palkia|Palkia, L50|100\/100\n|switch|p1b: Flutter Mane|Flutter Mane, L50|100\/100\n|switch|p2a: Lunala|Lunala, L50|100\/100\n|switch|p2b: Maushold|Maushold, L50|100\/100\n|turn|1\n|inactive|Battle timer is ON: inactive players will automatically lose when time's up. (requested by Ilovecatgirlsmeow)\n|j| dialgasucksnow\n|\n|t:|1737758295\n|-terastallize|p2a: Lunala|Fairy\n|move|p1b: Flutter Mane|Shadow Ball|p2a: Lunala\n|-damage|p2a: Lunala|88\/100\n|move|p2b: Maushold|Taunt|p1a: Palkia\n|-start|p1a: Palkia|move: Taunt\n|move|p1a: Palkia|Hydro Pump|p2a: Lunala\n|-damage|p2a: Lunala|49\/100\n|move|p2a: Lunala|Meteor Beam||[still]\n|-prepare|p2a: Lunala|Meteor Beam\n|-boost|p2a: Lunala|spa|1\n|-enditem|p2a: Lunala|Power Herb\n|-anim|p2a: Lunala|Meteor Beam|p1a: Palkia\n|-damage|p1a: Palkia|47\/100\n|\n|upkeep\n|turn|2\n|c| dialgasucksnow|palkia is wild\n|\n|t:|1737758312\n|move|p2b: Maushold|Follow Me|p2b: Maushold\n|-singleturn|p2b: Maushold|move: Follow Me\n|move|p1a: Palkia|Hydro Pump|p2b: Maushold\n|-damage|p2b: Maushold|20\/100\n|move|p2a: Lunala|Dazzling Gleam|p1b: Flutter Mane|[spread] p1a,p1b\n|-supereffective|p1a: Palkia\n|-damage|p1a: Palkia|0 fnt\n|-damage|p1b: Flutter Mane|48\/100\n|faint|p1a: Palkia\n|move|p1b: Flutter Mane|Trick Room|p1b: Flutter Mane\n|-fieldstart|move: Trick Room|[of] p1b: Flutter Mane\n|\n|upkeep\n|\n|t:|1737758319\n|switch|p1a: Ursaluna|Ursaluna, L50, M|100\/100\n|turn|3\n|\n|t:|1737758335\n|switch|p2b: Rillaboom|Rillaboom, L50, M|100\/100\n|-fieldstart|move: Grassy Terrain|[from] ability: Grassy Surge|[of] p2b: Rillaboom\n|-end|p1b: Flutter Mane|Protosynthesis|[silent]\n|switch|p1b: Amoonguss|Amoonguss, L50, F|100\/100\n|move|p1a: Ursaluna|Protect|p1a: Ursaluna\n|-singleturn|p1a: Ursaluna|Protect\n|move|p2a: Lunala|Dazzling Gleam|p1a: Ursaluna|[spread] p1b\n|-activate|p1a: Ursaluna|move: Protect\n|-resisted|p1b: Amoonguss\n|-damage|p1b: Amoonguss|76\/100\n|\n|-heal|p1b: Amoonguss|82\/100|[from] Grassy Terrain\n|-heal|p2a: Lunala|55\/100|[from] Grassy Terrain\n|-status|p1a: Ursaluna|brn|[from] item: Flame Orb\n|upkeep\n|turn|4\n|c|\u2606Ilovecatgirlsmeow|LOL\n|c|\u2606Ilovecatgirlsmeow|brother\n|c|\u2606Ilovecatgirlsmeow|the acc name\n|inactive|mejian poke poke has 30 seconds left.\n|c|\u2606Ilovecatgirlsmeow|is so funny\n|inactive|mejian poke poke has 20 seconds left.\n|c| dialgasucksnow|he does tho\n|\n|t:|1737758375\n|-terastallize|p1a: Ursaluna|Ghost\n|move|p2a: Lunala|Protect|p2a: Lunala\n|-singleturn|p2a: Lunala|Protect\n|move|p1b: Amoonguss|Sludge Bomb|p2b: Rillaboom\n|-supereffective|p2b: Rillaboom\n|-damage|p2b: Rillaboom|60\/100\n|-status|p2b: Rillaboom|psn\n|move|p1a: Ursaluna|Facade|p2a: Lunala\n|-activate|p2a: Lunala|move: Protect\n|move|p2b: Rillaboom|Wood Hammer|p1a: Ursaluna\n|-damage|p1a: Ursaluna|37\/100 brn\n|-damage|p2b: Rillaboom|36\/100 psn|[from] Recoil\n|\n|-heal|p1b: Amoonguss|88\/100|[from] Grassy Terrain\n|-heal|p1a: Ursaluna|43\/100 brn|[from] Grassy Terrain\n|-heal|p2b: Rillaboom|42\/100 psn|[from] Grassy Terrain\n|-heal|p2a: Lunala|61\/100|[from] Grassy Terrain\n|-damage|p2b: Rillaboom|29\/100 psn|[from] psn\n|-damage|p1a: Ursaluna|37\/100 brn|[from] brn\n|upkeep\n|turn|5\n|c| dialgasucksnow|thanks btw\n|\n|t:|1737758392\n|move|p2b: Rillaboom|Grassy Glide|p1a: Ursaluna\n|-crit|p1a: Ursaluna\n|-damage|p1a: Ursaluna|0 fnt\n|faint|p1a: Ursaluna\n|move|p1b: Amoonguss|Sludge Bomb|p2b: Rillaboom\n|-supereffective|p2b: Rillaboom\n|-damage|p2b: Rillaboom|0 fnt\n|faint|p2b: Rillaboom\n|move|p2a: Lunala|Dazzling Gleam|p1b: Amoonguss\n|-resisted|p1b: Amoonguss\n|-damage|p1b: Amoonguss|56\/100\n|\n|-heal|p1b: Amoonguss|62\/100|[from] Grassy Terrain\n|-heal|p2a: Lunala|67\/100|[from] Grassy Terrain\n|upkeep\n|c|\u2606Ilovecatgirlsmeow|insane\n|\n|t:|1737758404\n|switch|p1a: Flutter Mane|Flutter Mane, L50|48\/100\n|switch|p2b: Maushold|Maushold, L50|20\/100\n|turn|6\n|\n|t:|1737758413\n|move|p2a: Lunala|Protect|p2a: Lunala\n|-singleturn|p2a: Lunala|Protect\n|move|p1a: Flutter Mane|Protect|p1a: Flutter Mane\n|-singleturn|p1a: Flutter Mane|Protect\n|move|p1b: Amoonguss|Sludge Bomb|p2b: Maushold\n|-damage|p2b: Maushold|0 fnt\n|faint|p2b: Maushold\n|\n|-heal|p1b: Amoonguss|67\/100|[from] Grassy Terrain\n|-heal|p2a: Lunala|74\/100|[from] Grassy Terrain\n|-heal|p1a: Flutter Mane|54\/100|[from] Grassy Terrain\n|-fieldend|move: Trick Room\n|upkeep\n|\n|t:|1737758420\n|switch|p2b: Urshifu|Urshifu-Rapid-Strike, L50, F|100\/100\n|turn|7\n|c|\u2606Ilovecatgirlsmeow|i win this if you dont crit lol\n|c| dialgasucksnow|yeah thats unlucky\n|\n|t:|1737758441\n|move|p2b: Urshifu|Detect|p2b: Urshifu\n|-singleturn|p2b: Urshifu|Protect\n|move|p1a: Flutter Mane|Moonblast|p2b: Urshifu\n|-activate|p2b: Urshifu|move: Protect\n|move|p2a: Lunala|Moongeist Beam|p1b: Amoonguss\n|-damage|p1b: Amoonguss|0 fnt\n|faint|p1b: Amoonguss\n|\n|-heal|p1a: Flutter Mane|60\/100|[from] Grassy Terrain\n|-heal|p2a: Lunala|80\/100|[from] Grassy Terrain\n|-fieldend|move: Grassy Terrain\n|upkeep\n|turn|8\n|c| dialgasucksnow|although...\n|-message|Ilovecatgirlsmeow forfeited.\n|\n|win|mejian poke poke\n|raw|Ilovecatgirlsmeow's rating: 1598 &rarr; <strong>1580<\/strong><br \/>(-18 for losing)\n|raw|mejian poke poke's rating: 1626 &rarr; <strong>1644<\/strong><br \/>(+18 for winning)\n|l|\u2606Ilovecatgirlsmeow\n|player|p1|\n|c| dialgasucksnow|nvm\n|l|\u2606mejian poke poke\n|player|p2|\n|c| dialgasucksnow|lol\n|l| dialgasucksnow\n|c| brrkz|Lol\n|l| brrkz\n","uploadtime":1737758582,"views":17,"formatid":"gen9vgc2025regg","rating":1580,"private":0,"password":null}