{"id":"gen9vgc2025regg-2287642064","format":"[Gen 9] VGC 2025 Reg G","players":["Emirnent","Angelo Neres"],"log":"|j|\u2606Emirnent\n|j|\u2606Angelo Neres\n|t:|1737761054\n|gametype|doubles\n|player|p1|Emirnent|102|1596\n|player|p2|Angelo Neres|169|1653\n|teamsize|p1|6\n|teamsize|p2|6\n|gen|9\n|tier|[Gen 9] VGC 2025 Reg G\n|rated|\n|rule|Species Clause: Limit one of each Pok\u00e9mon\n|rule|Item Clause: Limit 1 of each item\n|clearpoke\n|poke|p1|Calyrex-Ice, L50|\n|poke|p1|Ting-Lu, L50|\n|poke|p1|Tornadus, L50, M|\n|poke|p1|Urshifu-*, L50, F|\n|poke|p1|Volcarona, L50, F|\n|poke|p1|Raging Bolt, L50|\n|poke|p2|Groudon, L50|\n|poke|p2|Moltres-Galar, L50|\n|poke|p2|Scream Tail, L50|\n|poke|p2|Grimmsnarl, L50, M|\n|poke|p2|Cobalion, L50|\n|poke|p2|Amoonguss, L50, F|\n|teampreview|4\n|inactive|Battle timer is ON: inactive players will automatically lose when time's up. (requested by Angelo Neres)\n|inactive|Emirnent has 60 seconds left.\n|inactive|Angelo Neres has 60 seconds left.\n|\n|t:|1737761108\n|start\n|switch|p1a: Ting-Lu|Ting-Lu, L50|100\/100\n|switch|p1b: Calyrex|Calyrex-Ice, L50|100\/100\n|switch|p2a: Scream Tail|Scream Tail, L50, shiny|100\/100\n|switch|p2b: Grimmsnarl|Grimmsnarl, L50, M, shiny|100\/100\n|-ability|p1b: Calyrex|As One\n|-ability|p1b: Calyrex|Unnerve\n|-ability|p1a: Ting-Lu|Vessel of Ruin\n|turn|1\n|\n|t:|1737761121\n|move|p2b: Grimmsnarl|Reflect|p2b: Grimmsnarl\n|-sidestart|p2: Angelo Neres|Reflect\n|move|p2a: Scream Tail|Thunder Wave|p1b: Calyrex\n|-status|p1b: Calyrex|par\n|move|p1a: Ting-Lu|Taunt|p2b: Grimmsnarl\n|-start|p2b: Grimmsnarl|move: Taunt\n|move|p1b: Calyrex|Glacial Lance|p2b: Grimmsnarl|[spread] p2a,p2b\n|-damage|p2a: Scream Tail|73\/100\n|-damage|p2b: Grimmsnarl|66\/100\n|\n|upkeep\n|turn|2\n|inactive|Angelo Neres has 30 seconds left.\n|\n|t:|1737761153\n|switch|p2b: Amoonguss|Amoonguss, L50, F, shiny|100\/100\n|move|p2a: Scream Tail|Disable|p1b: Calyrex\n|-start|p1b: Calyrex|Disable|Glacial Lance\n|move|p1a: Ting-Lu|Taunt|p2a: Scream Tail\n|-start|p2a: Scream Tail|move: Taunt\n|-enditem|p2a: Scream Tail|Mental Herb\n|-end|p2a: Scream Tail|move: Taunt\n|cant|p1b: Calyrex|Disable|Glacial Lance\n|\n|upkeep\n|turn|3\n|inactive|Emirnent has 30 seconds left.\n|inactive|Angelo Neres has 30 seconds left.\n|inactive|Angelo Neres has 20 seconds left.\n|\n|t:|1737761191\n|switch|p1b: Raging Bolt|Raging Bolt, L50|100\/100\n|move|p2a: Scream Tail|Disable|p1a: Ting-Lu\n|-start|p1a: Ting-Lu|Disable|Taunt\n|move|p1a: Ting-Lu|Heavy Slam|p2a: Scream Tail\n|-supereffective|p2a: Scream Tail\n|-crit|p2a: Scream Tail\n|-damage|p2a: Scream Tail|0 fnt\n|faint|p2a: Scream Tail\n|-end|p2a: Scream Tail|Protosynthesis|[silent]\n|move|p2b: Amoonguss|Spore|p1a: Ting-Lu\n|-status|p1a: Ting-Lu|slp|[from] move: Spore\n|\n|upkeep\n|\n|t:|1737761205\n|switch|p2a: Groudon|Groudon, L50, shiny|100\/100\n|-weather|SunnyDay|[from] ability: Drought|[of] p2a: Groudon\n|-activate|p1b: Raging Bolt|ability: Protosynthesis\n|-start|p1b: Raging Bolt|protosynthesisspa\n|turn|4\n|\n|t:|1737761218\n|switch|p2b: Grimmsnarl|Grimmsnarl, L50, M, shiny|66\/100\n|move|p2a: Groudon|Precipice Blades|p1b: Raging Bolt|[spread] p1a,p1b\n|-supereffective|p1b: Raging Bolt\n|-damage|p1a: Ting-Lu|62\/100 slp\n|-damage|p1b: Raging Bolt|0 fnt\n|faint|p1b: Raging Bolt\n|-end|p1b: Raging Bolt|Protosynthesis|[silent]\n|cant|p1a: Ting-Lu|slp\n|\n|-weather|SunnyDay|[upkeep]\n|upkeep\n|\n|t:|1737761226\n|switch|p1b: Calyrex|Calyrex-Ice, L50|100\/100 par\n|-ability|p1b: Calyrex|As One\n|-ability|p1b: Calyrex|Unnerve\n|turn|5\n|j| JV08\n|j| brrkz\n|inactive|Angelo Neres has 30 seconds left.\n|\n|t:|1737761252\n|-terastallize|p2a: Groudon|Fire\n|move|p2a: Groudon|Precipice Blades|p1a: Ting-Lu|[spread] p1a,p1b\n|-damage|p1a: Ting-Lu|24\/100 slp\n|-damage|p1b: Calyrex|57\/100 par\n|-enditem|p1a: Ting-Lu|Sitrus Berry|[eat]\n|-heal|p1a: Ting-Lu|49\/100 slp|[from] item: Sitrus Berry\n|move|p2b: Grimmsnarl|Spirit Break|p1a: Ting-Lu\n|-supereffective|p1a: Ting-Lu\n|-damage|p1a: Ting-Lu|8\/100 slp\n|-unboost|p1a: Ting-Lu|spa|1\n|-curestatus|p1a: Ting-Lu|slp|[msg]\n|move|p1a: Ting-Lu|Stomping Tantrum|p2a: Groudon\n|-supereffective|p2a: Groudon\n|-damage|p2a: Groudon|36\/100\n|move|p1b: Calyrex|Glacial Lance|p2a: Groudon|[spread] p2a,p2b\n|-resisted|p2a: Groudon\n|-damage|p2a: Groudon|25\/100\n|-damage|p2b: Grimmsnarl|31\/100\n|\n|-weather|SunnyDay|[upkeep]\n|-sideend|p2: Angelo Neres|Reflect\n|upkeep\n|turn|6\n|inactive|Emirnent has 30 seconds left.\n|\n|t:|1737761279\n|move|p2a: Groudon|Precipice Blades|p1b: Calyrex|[spread] p1a\n|-miss|p2a: Groudon|p1b: Calyrex\n|-damage|p1a: Ting-Lu|0 fnt\n|faint|p1a: Ting-Lu\n|move|p2b: Grimmsnarl|Spirit Break|p1b: Calyrex\n|-damage|p1b: Calyrex|33\/100 par\n|-unboost|p1b: Calyrex|spa|1\n|move|p1b: Calyrex|High Horsepower|p2a: Groudon\n|-supereffective|p2a: Groudon\n|-damage|p2a: Groudon|0 fnt\n|faint|p2a: Groudon\n|-ability|p1b: Calyrex|Chilling Neigh|boost\n|-boost|p1b: Calyrex|atk|1\n|\n|-weather|SunnyDay|[upkeep]\n|upkeep\n|\n|t:|1737761290\n|switch|p2a: Amoonguss|Amoonguss, L50, F, shiny|100\/100\n|switch|p1a: Urshifu|Urshifu-Rapid-Strike, L50, F|100\/100\n|turn|7\n|\n|t:|1737761310\n|move|p2a: Amoonguss|Rage Powder|p2a: Amoonguss\n|-singleturn|p2a: Amoonguss|move: Rage Powder\n|move|p1a: Urshifu|Close Combat|p2a: Amoonguss\n|-resisted|p2a: Amoonguss\n|-damage|p2a: Amoonguss|64\/100\n|-unboost|p1a: Urshifu|def|1\n|-unboost|p1a: Urshifu|spd|1\n|-damage|p1a: Urshifu|84\/100|[from] item: Rocky Helmet|[of] p2a: Amoonguss\n|move|p2b: Grimmsnarl|Spirit Break|p1b: Calyrex\n|-damage|p1b: Calyrex|11\/100 par\n|-unboost|p1b: Calyrex|spa|1\n|move|p1b: Calyrex|Glacial Lance|p2b: Grimmsnarl|[spread] p2a,p2b\n|-supereffective|p2a: Amoonguss\n|-damage|p2a: Amoonguss|0 fnt\n|-damage|p2b: Grimmsnarl|0 fnt\n|faint|p2a: Amoonguss\n|faint|p2b: Grimmsnarl\n|\n|win|Emirnent\n|raw|Emirnent's rating: 1596 &rarr; <strong>1619<\/strong><br \/>(+23 for winning)\n|raw|Angelo Neres's rating: 1653 &rarr; <strong>1630<\/strong><br \/>(-23 for losing)\n|l|\u2606Emirnent\n|player|p1|\n|l| brrkz\n|l|\u2606Angelo Neres\n|player|p2|\n","uploadtime":1737761474,"views":11,"formatid":"gen9vgc2025regg","rating":1619,"private":0,"password":null}