{"id":"gen9vgc2025regg-2287185162","format":"[Gen 9] VGC 2025 Reg G","players":["vincy18","Geezerlad45"],"log":"|j|\u2606vincy18\n|j|\u2606Geezerlad45\n|t:|1737705519\n|gametype|doubles\n|player|p1|vincy18|will|1586\n|player|p2|Geezerlad45|cynthia-gen4|1549\n|teamsize|p1|6\n|teamsize|p2|6\n|gen|9\n|tier|[Gen 9] VGC 2025 Reg G\n|rated|\n|rule|Species Clause: Limit one of each Pok\u00e9mon\n|rule|Item Clause: Limit 1 of each item\n|clearpoke\n|poke|p1|Zamazenta-*, L50|\n|poke|p1|Chien-Pao, L50|\n|poke|p1|Flutter Mane, L50|\n|poke|p1|Chi-Yu, L50|\n|poke|p1|Amoonguss, L50, M|\n|poke|p1|Raging Bolt, L50|\n|poke|p2|Zamazenta-*, L50|\n|poke|p2|Chien-Pao, L50|\n|poke|p2|Flutter Mane, L50|\n|poke|p2|Raging Bolt, L50|\n|poke|p2|Amoonguss, L50, M|\n|poke|p2|Chi-Yu, L50|\n|teampreview|4\n|inactive|Battle timer is ON: inactive players will automatically lose when time's up. (requested by Geezerlad45)\nvincy18 has agreed to open team sheets.\n|inactive|vincy18 has 60 seconds left.\n|c|\u2606Geezerlad45|Same team no ots\n|c|\u2606Geezerlad45|You know the team\nGeezerlad45 rejected open team sheets.\n|inactive|vincy18 has 30 seconds left.\n|inactive|vincy18 has 20 seconds left.\n|\n|t:|1737705594\n|start\n|switch|p1a: Flutter Mane|Flutter Mane, L50|100\/100\n|switch|p1b: Chi-Yu|Chi-Yu, L50|100\/100\n|switch|p2a: Chi-Yu|Chi-Yu, L50|100\/100\n|switch|p2b: Flutter Mane|Flutter Mane, L50|100\/100\n|-ability|p2a: Chi-Yu|Beads of Ruin\n|-ability|p1b: Chi-Yu|Beads of Ruin\n|-enditem|p1a: Flutter Mane|Booster Energy\n|-activate|p1a: Flutter Mane|ability: Protosynthesis|[fromitem]\n|-start|p1a: Flutter Mane|protosynthesisspe\n|-enditem|p2b: Flutter Mane|Booster Energy\n|-activate|p2b: Flutter Mane|ability: Protosynthesis|[fromitem]\n|-start|p2b: Flutter Mane|protosynthesisspe\n|turn|1\n|inactive|vincy18 has 30 seconds left.\n|\n|t:|1737705625\n|move|p1a: Flutter Mane|Shadow Ball|p2b: Flutter Mane\n|-supereffective|p2b: Flutter Mane\n|-damage|p2b: Flutter Mane|24\/100\n|move|p2b: Flutter Mane|Icy Wind|p1a: Flutter Mane|[spread] p1a,p1b\n|-resisted|p1b: Chi-Yu\n|-damage|p1a: Flutter Mane|85\/100\n|-damage|p1b: Chi-Yu|93\/100\n|-unboost|p1a: Flutter Mane|spe|1\n|-unboost|p1b: Chi-Yu|spe|1\n|move|p2a: Chi-Yu|Dark Pulse|p1a: Flutter Mane\n|-damage|p1a: Flutter Mane|34\/100\n|move|p1b: Chi-Yu|Snarl|p2a: Chi-Yu|[spread] p2a,p2b\n|-resisted|p2a: Chi-Yu\n|-damage|p2a: Chi-Yu|88\/100\n|-damage|p2b: Flutter Mane|0 fnt\n|-unboost|p2a: Chi-Yu|spa|1\n|faint|p2b: Flutter Mane\n|-end|p2b: Flutter Mane|Protosynthesis|[silent]\n|\n|upkeep\n|\n|t:|1737705650\n|switch|p2b: Zamazenta|Zamazenta-Crowned, L50|100\/100\n|-ability|p2b: Zamazenta|Dauntless Shield|boost\n|-boost|p2b: Zamazenta|def|1\n|turn|2\n|\n|t:|1737705664\n|switch|p1b: Amoonguss|Amoonguss, L50, M|100\/100\n|move|p2a: Chi-Yu|Dark Pulse|p1a: Flutter Mane\n|-damage|p1a: Flutter Mane|0 fnt\n|faint|p1a: Flutter Mane\n|-end|p1a: Flutter Mane|Protosynthesis|[silent]\n|move|p2b: Zamazenta|Body Press|p1b: Amoonguss\n|-resisted|p1b: Amoonguss\n|-damage|p1b: Amoonguss|74\/100\n|-damage|p2b: Zamazenta|84\/100|[from] item: Rocky Helmet|[of] p1b: Amoonguss\n|\n|upkeep\n|\n|t:|1737705683\n|switch|p1a: Zamazenta|Zamazenta-Crowned, L50|100\/100\n|-ability|p1a: Zamazenta|Dauntless Shield|boost\n|-boost|p1a: Zamazenta|def|1\n|turn|3\n|inactive|vincy18 has 30 seconds left.\n|inactive|Geezerlad45 has 30 seconds left.\n|inactive|Geezerlad45 has 20 seconds left.\n|inactive|Geezerlad45 has 15 seconds left.\n|\n|t:|1737705730\n|-terastallize|p1a: Zamazenta|Dragon\n|-terastallize|p2b: Zamazenta|Dragon\n|move|p2a: Chi-Yu|Dark Pulse|p1b: Amoonguss\n|-damage|p1b: Amoonguss|37\/100\n|move|p1a: Zamazenta|Body Press|p2b: Zamazenta\n|-damage|p2b: Zamazenta|59\/100\n|move|p2b: Zamazenta|Body Press|p1a: Zamazenta\n|-damage|p1a: Zamazenta|73\/100\n|move|p1b: Amoonguss|Spore|p2b: Zamazenta\n|-status|p2b: Zamazenta|slp|[from] move: Spore\n|\n|upkeep\n|turn|4\n|inactive|vincy18 has 30 seconds left.\n|inactive|vincy18 has 20 seconds left.\n|\n|t:|1737705768\n|switch|p1b: Chi-Yu|Chi-Yu, L50|93\/100\n|-ability|p1b: Chi-Yu|Beads of Ruin\n|move|p2a: Chi-Yu|Dark Pulse|p1a: Zamazenta\n|-damage|p1a: Zamazenta|47\/100\n|cant|p1a: Zamazenta|flinch\n|cant|p2b: Zamazenta|slp\n|\n|upkeep\n|turn|5\n|\n|t:|1737705791\n|move|p2a: Chi-Yu|Dark Pulse|p1a: Zamazenta\n|-damage|p1a: Zamazenta|17\/100\n|move|p1b: Chi-Yu|Dark Pulse|p2b: Zamazenta\n|-damage|p2b: Zamazenta|15\/100 slp\n|move|p1a: Zamazenta|Body Press|p2a: Chi-Yu\n|-supereffective|p2a: Chi-Yu\n|-damage|p2a: Chi-Yu|0 fnt\n|faint|p2a: Chi-Yu\n|cant|p2b: Zamazenta|slp\n|\n|upkeep\n|\n|t:|1737705809\n|switch|p2a: Chien-Pao|Chien-Pao, L50|100\/100\n|-ability|p2a: Chien-Pao|Sword of Ruin\n|turn|6\n|inactive|vincy18 has 30 seconds left.\n|\n|t:|1737705836\n|switch|p1b: Amoonguss|Amoonguss, L50, M|71\/100\n|move|p2a: Chien-Pao|Ice Spinner|p1a: Zamazenta\n|-supereffective|p1a: Zamazenta\n|-damage|p1a: Zamazenta|0 fnt\n|faint|p1a: Zamazenta\n|-curestatus|p2b: Zamazenta|slp|[msg]\n|move|p2b: Zamazenta|Body Press|p1b: Amoonguss\n|-resisted|p1b: Amoonguss\n|-damage|p1b: Amoonguss|33\/100\n|-damage|p2b: Zamazenta|0 fnt|[from] item: Rocky Helmet|[of] p1b: Amoonguss\n|faint|p2b: Zamazenta\n|\n|upkeep\n|\n|t:|1737705841\n|switch|p1a: Chi-Yu|Chi-Yu, L50|93\/100\n|-ability|p1a: Chi-Yu|Beads of Ruin\n|turn|7\n|c|\u2606Geezerlad45|Gg\n|\n|t:|1737705859\n|move|p2a: Chien-Pao|Protect|p2a: Chien-Pao\n|-singleturn|p2a: Chien-Pao|Protect\n|move|p1a: Chi-Yu|Heat Wave|p2a: Chien-Pao\n|-activate|p2a: Chien-Pao|move: Protect\n|move|p1b: Amoonguss|Spore|p2a: Chien-Pao\n|-activate|p2a: Chien-Pao|move: Protect\n|\n|upkeep\n|turn|8\n|\n|t:|1737705870\n|move|p1b: Amoonguss|Rage Powder|p1b: Amoonguss\n|-singleturn|p1b: Amoonguss|move: Rage Powder\n|move|p1a: Chi-Yu|Heat Wave|p2a: Chien-Pao|[miss]\n|-miss|p1a: Chi-Yu|p2a: Chien-Pao\n|move|p2a: Chien-Pao|Ice Spinner|p1b: Amoonguss\n|-supereffective|p1b: Amoonguss\n|-crit|p1b: Amoonguss\n|-damage|p1b: Amoonguss|0 fnt\n|-damage|p2a: Chien-Pao|84\/100|[from] item: Rocky Helmet|[of] p1b: Amoonguss\n|faint|p1b: Amoonguss\n|\n|upkeep\n|turn|9\n|\n|t:|1737705883\n|move|p2a: Chien-Pao|Sucker Punch|p1a: Chi-Yu\n|-resisted|p1a: Chi-Yu\n|-damage|p1a: Chi-Yu|51\/100\n|move|p1a: Chi-Yu|Heat Wave|p2a: Chien-Pao\n|-supereffective|p2a: Chien-Pao\n|-damage|p2a: Chien-Pao|0 fnt\n|faint|p2a: Chien-Pao\n|\n|win|vincy18\n|raw|vincy18's rating: 1586 &rarr; <strong>1604<\/strong><br \/>(+18 for winning)\n|raw|Geezerlad45's rating: 1549 &rarr; <strong>1531<\/strong><br \/>(-18 for losing)\n|c|\u2606vincy18|gg\n|l|\u2606Geezerlad45\n|player|p2|\n|l|\u2606vincy18\n|player|p1|\n","uploadtime":1737706136,"views":3,"formatid":"gen9vgc2025regg","rating":1531,"private":0,"password":null}