{"id":"gen9vgc2025regg-2287953907","format":"[Gen 9] VGC 2025 Reg G","players":["JB Fightemup","Doc_MrMega"],"log":"|j|\u2606JB Fightemup\n|j|\u2606Doc_MrMega\n|t:|1737814296\n|gametype|doubles\n|player|p1|JB Fightemup|roughneck-gen4|1558\n|player|p2|Doc_MrMega|lucas|1731\n|teamsize|p1|6\n|teamsize|p2|6\n|gen|9\n|tier|[Gen 9] VGC 2025 Reg G\n|rated|\n|rule|Species Clause: Limit one of each Pok\u00e9mon\n|rule|Item Clause: Limit 1 of each item\n|clearpoke\n|poke|p1|Miraidon, L50|\n|poke|p1|Sableye, L50, F|\n|poke|p1|Iron Treads, L50|\n|poke|p1|Incineroar, L50, F|\n|poke|p1|Ursaluna-Bloodmoon, L50, M|\n|poke|p1|Ditto, L50|\n|poke|p2|Kyogre, L50|\n|poke|p2|Tornadus, L50, M|\n|poke|p2|Urshifu-*, L50, M|\n|poke|p2|Basculegion, L50, M|\n|poke|p2|Tsareena, L50, F|\n|poke|p2|Landorus, L50, M|\n|teampreview|4\n|inactive|Battle timer is ON: inactive players will automatically lose when time's up. (requested by JB Fightemup)\n|inactive|JB Fightemup has 60 seconds left.\n|\n|t:|1737814335\n|start\n|switch|p1a: Miraidon|Miraidon, L50|100\/100\n|switch|p1b: Iron Treads|Iron Treads, L50|100\/100\n|switch|p2a: Kyogre|Kyogre, L50|100\/100\n|switch|p2b: Landorus|Landorus, L50, M|100\/100\n|-fieldstart|move: Electric Terrain|[from] ability: Hadron Engine|[of] p1a: Miraidon\n|-activate|p1b: Iron Treads|ability: Quark Drive\n|-start|p1b: Iron Treads|quarkdrivespe\n|-weather|RainDance|[from] ability: Drizzle|[of] p2a: Kyogre\n|turn|1\n|j| jdarcan\n|inactive|JB Fightemup has 30 seconds left.\n|inactive|JB Fightemup has 20 seconds left.\n|inactive|JB Fightemup has 15 seconds left.\n|j| vgdjfifIFFIGgcu\n|inactive|JB Fightemup has 10 seconds left.\n|inactive|JB Fightemup has 5 seconds left.\n|\n|t:|1737814387\n|-end|p1b: Iron Treads|Quark Drive|[silent]\n|switch|p1b: Ditto|Ditto, L50|100\/100\n|-transform|p1b: Ditto|p2a: Kyogre|[from] ability: Imposter\n|-terastallize|p1a: Miraidon|Fairy\n|-terastallize|p2a: Kyogre|Grass\n|move|p2b: Landorus|Sandsear Storm|p1b: Ditto|[spread] p1a,p1b\n|-damage|p1a: Miraidon|59\/100\n|-damage|p1b: Ditto|55\/100\n|move|p1a: Miraidon|Dazzling Gleam|p2a: Kyogre|[spread] p2a,p2b\n|-damage|p2a: Kyogre|63\/100\n|-damage|p2b: Landorus|13\/100\n|move|p2a: Kyogre|Origin Pulse|p1a: Miraidon|[spread] p1b\n|-miss|p2a: Kyogre|p1a: Miraidon\n|-resisted|p1b: Ditto\n|-damage|p1b: Ditto|20\/100\n|\n|-weather|RainDance|[upkeep]\n|upkeep\n|turn|2\n|j| Lavenderawa\n|inactive|JB Fightemup has 30 seconds left.\n|\n|t:|1737814417\n|move|p2b: Landorus|Sandsear Storm|p1a: Miraidon|[spread] p1a,p1b\n|-damage|p1a: Miraidon|14\/100\n|-damage|p1b: Ditto|0 fnt\n|faint|p1b: Ditto\n|move|p1a: Miraidon|Dazzling Gleam|p2b: Landorus|[spread] p2a,p2b\n|-damage|p2a: Kyogre|29\/100\n|-damage|p2b: Landorus|0 fnt\n|faint|p2b: Landorus\n|move|p2a: Kyogre|Ice Beam|p1a: Miraidon\n|-damage|p1a: Miraidon|0 fnt\n|faint|p1a: Miraidon\n|\n|-weather|RainDance|[upkeep]\n|upkeep\n|inactive|Doc_MrMega has 30 seconds left.\n|\n|t:|1737814447\n|switch|p1a: Iron Treads|Iron Treads, L50|100\/100\n|switch|p2b: Urshifu|Urshifu-Rapid-Strike, L50, M|100\/100\n|switch|p1b: Sableye|Sableye, L50, F, shiny|100\/100\n|-activate|p1a: Iron Treads|ability: Quark Drive\n|-start|p1a: Iron Treads|quarkdrivespe\n|turn|3\n|inactive|Doc_MrMega has 30 seconds left.\n|inactive|Doc_MrMega has 20 seconds left.\n|inactive|Doc_MrMega has 15 seconds left.\n|\n|t:|1737814491\n|move|p1b: Sableye|Fake Out|p2b: Urshifu\n|-damage|p2b: Urshifu|90\/100\n|move|p1a: Iron Treads|Megahorn|p2a: Kyogre\n|-supereffective|p2a: Kyogre\n|-damage|p2a: Kyogre|0 fnt\n|faint|p2a: Kyogre\n|-damage|p1a: Iron Treads|91\/100|[from] item: Life Orb\n|cant|p2b: Urshifu|flinch\n|\n|-weather|RainDance|[upkeep]\n|upkeep\n|\n|t:|1737814496\n|switch|p2a: Basculegion|Basculegion, L50, M|100\/100\n|turn|4\n|inactive|JB Fightemup has 30 seconds left.\n|inactive|Doc_MrMega has 30 seconds left.\n|inactive|JB Fightemup has 20 seconds left.\n|inactive|JB Fightemup has 15 seconds left.\n|inactive|JB Fightemup has 10 seconds left.\n|\n|t:|1737814546\n|move|p1a: Iron Treads|High Horsepower|p2b: Urshifu\n|-damage|p2b: Urshifu|28\/100\n|-damage|p1a: Iron Treads|81\/100|[from] item: Life Orb\n|move|p2a: Basculegion|Wave Crash|p1b: Sableye\n|-enditem|p1b: Sableye|Focus Sash\n|-damage|p1b: Sableye|1\/100\n|-damage|p2a: Basculegion|80\/100|[from] Recoil\n|-damage|p2a: Basculegion|70\/100|[from] item: Life Orb\n|move|p2b: Urshifu|Surging Strikes|p1a: Iron Treads\n|-supereffective|p1a: Iron Treads\n|-crit|p1a: Iron Treads\n|-damage|p1a: Iron Treads|0 fnt\n|faint|p1a: Iron Treads\n|-end|p1a: Iron Treads|Quark Drive|[silent]\n|-hitcount|p1: Iron Treads|1\n|move|p1b: Sableye|Knock Off|p2a: Basculegion\n|-supereffective|p2a: Basculegion\n|-damage|p2a: Basculegion|0 fnt\n|-enditem|p2a: Basculegion|Life Orb|[from] move: Knock Off|[of] p1b: Sableye\n|faint|p2a: Basculegion\n|\n|-weather|RainDance|[upkeep]\n|upkeep\n|turn|5\n|inactive|JB Fightemup has 30 seconds left.\n|\n|t:|1737814572\n|move|p2b: Urshifu|Surging Strikes|p1b: Sableye\n|-crit|p1b: Sableye\n|-damage|p1b: Sableye|0 fnt\n|faint|p1b: Sableye\n|-hitcount|p1: Sableye|1\n|\n|win|Doc_MrMega\n|raw|JB Fightemup's rating: 1558 &rarr; <strong>1547<\/strong><br \/>(-11 for losing)\n|raw|Doc_MrMega's rating: 1731 &rarr; <strong>1742<\/strong><br \/>(+11 for winning)\n|j| dialgasucksnow\n|l|\u2606Doc_MrMega\n|player|p2|\n|l| Lavenderawa\n|l| dialgasucksnow\n","uploadtime":1737814756,"views":12,"formatid":"gen9vgc2025regg","rating":1547,"private":0,"password":null}