{"id":"gen9vgc2025regg-2287912924","format":"[Gen 9] VGC 2025 Reg G","players":["Titanvgctesting","MadMat48"],"log":"|j|\u2606Titanvgctesting\n|j|\u2606MadMat48\n|t:|1737807382\n|gametype|doubles\n|player|p1|Titanvgctesting|265|1617\n|player|p2|MadMat48|169|1512\n|teamsize|p1|6\n|teamsize|p2|6\n|gen|9\n|tier|[Gen 9] VGC 2025 Reg G\n|rated|\n|rule|Species Clause: Limit one of each Pok\u00e9mon\n|rule|Item Clause: Limit 1 of each item\n|clearpoke\n|poke|p1|Calyrex-Ice, L50|\n|poke|p1|Roaring Moon, L50|\n|poke|p1|Iron Hands, L50|\n|poke|p1|Landorus, L50, M|\n|poke|p1|Ogerpon-Hearthflame, L50, F|\n|poke|p1|Urshifu-*, L50, M|\n|poke|p2|Groudon, L50|\n|poke|p2|Jumpluff, L50, M|\n|poke|p2|Raging Bolt, L50|\n|poke|p2|Chien-Pao, L50|\n|poke|p2|Entei, L50|\n|poke|p2|Flutter Mane, L50|\n|teampreview|4\n|inactive|Battle timer is ON: inactive players will automatically lose when time's up. (requested by MadMat48)\n|j| EvilLord123456789\n|l| EvilLord123456789\n|inactive|Titanvgctesting has 60 seconds left.\n|\n|t:|1737807421\n|start\n|switch|p1a: Ogerpon|Ogerpon-Hearthflame, L50, F|100\/100\n|switch|p1b: Landorus|Landorus, L50, M|100\/100\n|switch|p2a: Entei|Entei, L50|100\/100\n|switch|p2b: Jumpluff|Jumpluff, L50, M|100\/100\n|-ability|p1a: Ogerpon|Mold Breaker\n|turn|1\n|inactive|MadMat48 has 30 seconds left.\n|\n|t:|1737807448\n|-terastallize|p2a: Entei|Normal\n|-terastallize|p1a: Ogerpon|Fire\n|detailschange|p1a: Ogerpon|Ogerpon-Hearthflame-Tera, L50, F, tera:Fire\n|-ability|p1a: Ogerpon|Embody Aspect (Hearthflame)|boost\n|-boost|p1a: Ogerpon|atk|1\n|move|p2a: Entei|Extreme Speed|p1b: Landorus\n|-damage|p1b: Landorus|34\/100\n|-damage|p2a: Entei|91\/100|[from] item: Life Orb\n|move|p1a: Ogerpon|Follow Me|p1a: Ogerpon\n|-singleturn|p1a: Ogerpon|move: Follow Me\n|move|p1b: Landorus|Sludge Bomb|p2b: Jumpluff\n|-supereffective|p2b: Jumpluff\n|-damage|p2b: Jumpluff|0 fnt\n|faint|p2b: Jumpluff\n|\n|upkeep\n|\n|t:|1737807469\n|switch|p2b: Chien-Pao|Chien-Pao, L50|100\/100\n|-ability|p2b: Chien-Pao|Sword of Ruin\n|turn|2\n|j| I love pumpkin\n|\n|t:|1737807490\n|switch|p1b: Roaring Moon|Roaring Moon, L50|100\/100\n|-enditem|p1b: Roaring Moon|Booster Energy\n|-activate|p1b: Roaring Moon|ability: Protosynthesis|[fromitem]\n|-start|p1b: Roaring Moon|protosynthesisspe\n|move|p1a: Ogerpon|Spiky Shield|p1a: Ogerpon\n|-singleturn|p1a: Ogerpon|move: Protect\n|move|p2a: Entei|Extreme Speed|p1a: Ogerpon\n|-activate|p1a: Ogerpon|move: Protect\n|-damage|p2a: Entei|79\/100|[from] Spiky Shield|[of] p1a: Ogerpon\n|move|p2b: Chien-Pao|Ice Shard|p1b: Roaring Moon\n|-supereffective|p1b: Roaring Moon\n|-damage|p1b: Roaring Moon|36\/100\n|\n|upkeep\n|turn|3\n|l| I love pumpkin\n|\n|t:|1737807513\n|move|p2b: Chien-Pao|Protect|p2b: Chien-Pao\n|-singleturn|p2b: Chien-Pao|Protect\n|move|p2a: Entei|Extreme Speed|p1b: Roaring Moon\n|-damage|p1b: Roaring Moon|0 fnt\n|faint|p1b: Roaring Moon\n|-end|p1b: Roaring Moon|Protosynthesis|[silent]\n|-damage|p2a: Entei|69\/100|[from] item: Life Orb\n|move|p1a: Ogerpon|Ivy Cudgel|p2a: Entei|[anim] Ivy Cudgel Fire\n|-damage|p2a: Entei|0 fnt\n|faint|p2a: Entei\n|\n|upkeep\n|\n|t:|1737807525\n|switch|p1b: Landorus|Landorus, L50, M|34\/100\n|switch|p2a: Groudon|Groudon, L50|100\/100\n|-weather|SunnyDay|[from] ability: Drought|[of] p2a: Groudon\n|turn|4\n|\n|t:|1737807537\n|move|p1b: Landorus|Protect|p1b: Landorus\n|-singleturn|p1b: Landorus|Protect\n|move|p1a: Ogerpon|Spiky Shield|p1a: Ogerpon\n|-singleturn|p1a: Ogerpon|move: Protect\n|move|p2b: Chien-Pao|Ice Shard|p1b: Landorus\n|-activate|p1b: Landorus|move: Protect\n|move|p2a: Groudon|Precipice Blades|p1a: Ogerpon|[spread] \n|-activate|p1a: Ogerpon|move: Protect\n|-activate|p1b: Landorus|move: Protect\n|\n|-weather|SunnyDay|[upkeep]\n|upkeep\n|turn|5\n|\n|t:|1737807551\n|switch|p1b: Calyrex|Calyrex-Ice, L50|100\/100\n|-ability|p1b: Calyrex|As One\n|-ability|p1b: Calyrex|Unnerve\n|move|p2b: Chien-Pao|Ice Shard|p1b: Calyrex\n|-resisted|p1b: Calyrex\n|-damage|p1b: Calyrex|91\/100\n|move|p2a: Groudon|Precipice Blades|p1b: Calyrex|[spread] p1a,p1b\n|-supereffective|p1a: Ogerpon\n|-damage|p1a: Ogerpon|0 fnt\n|-damage|p1b: Calyrex|27\/100\n|faint|p1a: Ogerpon\n|\n|-weather|SunnyDay|[upkeep]\n|upkeep\n|-message|Titanvgctesting forfeited.\n|\n|win|MadMat48\n|raw|Titanvgctesting's rating: 1617 &rarr; <strong>1591<\/strong><br \/>(-26 for losing)\n|raw|MadMat48's rating: 1512 &rarr; <strong>1538<\/strong><br \/>(+26 for winning)\n|l|\u2606Titanvgctesting\n|player|p1|\n|l|\u2606MadMat48\n|player|p2|\n","uploadtime":1737807728,"views":22,"formatid":"gen9vgc2025regg","rating":1538,"private":0,"password":null}