{"id":"gen9vgc2025regg-2287819401","format":"[Gen 9] VGC 2025 Reg G","players":["bluestraggler01","Ilovecatgirlsmeow"],"log":"|j|\u203dbluestraggler01\n|j|\u2606Ilovecatgirlsmeow\n|t:|1737787443\n|gametype|doubles\n|player|p1|bluestraggler01|2|1597\n|player|p2|Ilovecatgirlsmeow|waitress-gen4|1560\n|teamsize|p1|6\n|teamsize|p2|6\n|gen|9\n|tier|[Gen 9] VGC 2025 Reg G\n|rated|\n|rule|Species Clause: Limit one of each Pok\u00e9mon\n|rule|Item Clause: Limit 1 of each item\n|clearpoke\n|poke|p1|Koraidon, L50|\n|poke|p1|Lilligant-Hisui, L50, F|\n|poke|p1|Walking Wake, L50|\n|poke|p1|Raging Bolt, L50|\n|poke|p1|Kingambit, L50, M|\n|poke|p1|Volcarona, L50, F|\n|poke|p2|Zacian-*, L50|\n|poke|p2|Urshifu-*, L50, M|\n|poke|p2|Ogerpon-Hearthflame, L50, F|\n|poke|p2|Zoroark-Hisui, L50, M|\n|poke|p2|Tornadus, L50, M|\n|poke|p2|Chien-Pao, L50|\n|teampreview|4\n|\n|t:|1737787486\n|start\n|switch|p1a: Volcarona|Volcarona, L50, F|100\/100\n|switch|p1b: Koraidon|Koraidon, L50|100\/100\n|switch|p2a: Tornadus|Tornadus, L50, M|100\/100\n|switch|p2b: Ogerpon|Ogerpon-Hearthflame, L50, F|100\/100\n|-weather|SunnyDay|[from] ability: Orichalcum Pulse|[of] p1b: Koraidon\n|-activate|p1b: Koraidon|Orichalcum Pulse|[source]\n|-ability|p2b: Ogerpon|Mold Breaker\n|turn|1\n|inactive|Battle timer is ON: inactive players will automatically lose when time's up. (requested by Ilovecatgirlsmeow)\n|\n|t:|1737787511\n|-terastallize|p2a: Tornadus|Normal\n|move|p2b: Ogerpon|Follow Me|p2b: Ogerpon\n|-singleturn|p2b: Ogerpon|move: Follow Me\n|move|p1b: Koraidon|Flare Blitz|p2b: Ogerpon\n|-damage|p2b: Ogerpon|0 fnt\n|faint|p2b: Ogerpon\n|-damage|p1b: Koraidon|71\/100|[from] Recoil\n|move|p2a: Tornadus|Hyper Voice|p1a: Volcarona|[spread] p1a,p1b\n|-damage|p1a: Volcarona|43\/100\n|-damage|p1b: Koraidon|29\/100\n|move|p1a: Volcarona|Tailwind|p1a: Volcarona\n|-sidestart|p1: bluestraggler01|move: Tailwind\n|\n|-weather|SunnyDay|[upkeep]\n|upkeep\n|j| tsrdytcf\n|\n|t:|1737787527\n|switch|p2b: Tornadus|Tornadus, L50, M|100\/100\n|turn|2\n|\n|t:|1737787551\n|switch|p1b: Lilligant|Lilligant-Hisui, L50, F|100\/100\n|move|p1a: Volcarona|Overheat|p2a: Tornadus\n|-damage|p2a: Tornadus|0 fnt\n|-unboost|p1a: Volcarona|spa|2\n|replace|p2a: Zoroark|Zoroark-Hisui, L50, M\n|-end|p2a: Zoroark|Illusion\n|faint|p2a: Zoroark\n|move|p2b: Tornadus|Bleakwind Storm|p1a: Volcarona|[spread] p1a\n|-miss|p2b: Tornadus|p1b: Lilligant\n|-supereffective|p1a: Volcarona\n|-damage|p1a: Volcarona|0 fnt\n|faint|p1a: Volcarona\n|\n|-weather|SunnyDay|[upkeep]\n|upkeep\n|\n|t:|1737787562\n|switch|p2a: Zacian|Zacian-Crowned, L50|100\/100\n|switch|p1a: Walking Wake|Walking Wake, L50|100\/100\n|-activate|p1a: Walking Wake|ability: Protosynthesis\n|-start|p1a: Walking Wake|protosynthesisspe\n|-ability|p2a: Zacian|Intrepid Sword|boost\n|-boost|p2a: Zacian|atk|1\n|turn|3\n|\n|t:|1737787574\n|-terastallize|p1a: Walking Wake|Steel\n|move|p2a: Zacian|Protect|p2a: Zacian\n|-singleturn|p2a: Zacian|Protect\n|move|p1b: Lilligant|Sleep Powder|p2b: Tornadus\n|-status|p2b: Tornadus|slp|[from] move: Sleep Powder\n|move|p1a: Walking Wake|Weather Ball|p2a: Zacian\n|-activate|p2a: Zacian|move: Protect\n|cant|p2b: Tornadus|slp\n|\n|-weather|SunnyDay|[upkeep]\n|upkeep\n|turn|4\n|j| Lavenderawa\n|\n|t:|1737787590\n|-curestatus|p2b: Tornadus|slp|[msg]\n|move|p2b: Tornadus|Tailwind|p2b: Tornadus\n|-sidestart|p2: Ilovecatgirlsmeow|move: Tailwind\n|move|p1b: Lilligant|Solar Blade||[still]\n|-prepare|p1b: Lilligant|Solar Blade\n|-anim|p1b: Lilligant|Solar Blade|p2a: Zacian\n|-resisted|p2a: Zacian\n|-damage|p2a: Zacian|74\/100\n|move|p1a: Walking Wake|Weather Ball|p2a: Zacian\n|-supereffective|p2a: Zacian\n|-crit|p2a: Zacian\n|-damage|p2a: Zacian|0 fnt\n|faint|p2a: Zacian\n|\n|-weather|SunnyDay|[upkeep]\n|-sideend|p1: bluestraggler01|move: Tailwind\n|upkeep\n|turn|5\n|\n|t:|1737787606\n|move|p2b: Tornadus|Bleakwind Storm|p1a: Walking Wake|[spread] p1a\n|-miss|p2b: Tornadus|p1b: Lilligant\n|-resisted|p1a: Walking Wake\n|-damage|p1a: Walking Wake|81\/100\n|move|p1b: Lilligant|Solar Blade||[still]\n|-prepare|p1b: Lilligant|Solar Blade\n|-anim|p1b: Lilligant|Solar Blade|p2b: Tornadus\n|-resisted|p2b: Tornadus\n|-damage|p2b: Tornadus|65\/100\n|move|p1a: Walking Wake|Hydro Steam|p2b: Tornadus\n|-damage|p2b: Tornadus|0 fnt\n|faint|p2b: Tornadus\n|\n|win|bluestraggler01\n|raw|bluestraggler01's rating: 1597 &rarr; <strong>1615<\/strong><br \/>(+18 for winning)\n|raw|Ilovecatgirlsmeow's rating: 1560 &rarr; <strong>1542<\/strong><br \/>(-18 for losing)\n|l|\u2606Ilovecatgirlsmeow\n|player|p2|\n|l|\u203dbluestraggler01\n|player|p1|\n|l| tsrdytcf\n|l| Lavenderawa\n","uploadtime":1737787807,"views":8,"formatid":"gen9vgc2025regg","rating":1542,"private":0,"password":null}