{"id":"gen9vgc2025regg-2287617496","format":"[Gen 9] VGC 2025 Reg G","players":["BelinVGC","Ilovecatgirlsmeow"],"log":"|j|\u2606BelinVGC\n|j|\u2606Ilovecatgirlsmeow\n|t:|1737758045\n|gametype|doubles\n|player|p1|BelinVGC|101|1519\n|player|p2|Ilovecatgirlsmeow|waitress-gen4|1624\n|teamsize|p1|6\n|teamsize|p2|6\n|gen|9\n|tier|[Gen 9] VGC 2025 Reg G\n|rated|\n|rule|Species Clause: Limit one of each Pok\u00e9mon\n|rule|Item Clause: Limit 1 of each item\n|clearpoke\n|poke|p1|Miraidon, L50|\n|poke|p1|Whimsicott, L50, F|\n|poke|p1|Chi-Yu, L50|\n|poke|p1|Iron Hands, L50|\n|poke|p1|Urshifu-*, L50, F|\n|poke|p1|Farigiraf, L50, F|\n|poke|p2|Palkia, L50|\n|poke|p2|Ursaluna, L50, F|\n|poke|p2|Incineroar, L50, M|\n|poke|p2|Amoonguss, L50, M|\n|poke|p2|Flutter Mane, L50|\n|poke|p2|Iron Hands, L50|\n|teampreview|4\n|inactive|Battle timer is ON: inactive players will automatically lose when time's up. (requested by Ilovecatgirlsmeow)\n|\n|t:|1737758115\n|start\n|switch|p1a: Chi-Yu|Chi-Yu, L50|100\/100\n|switch|p1b: Whimsicott|Whimsicott, L50, F|100\/100\n|switch|p2a: Amoonguss|Amoonguss, L50, M|100\/100\n|switch|p2b: Palkia|Palkia, L50|100\/100\n|-ability|p1a: Chi-Yu|Beads of Ruin\n|turn|1\n|inactive|BelinVGC has 30 seconds left.\n|inactive|Ilovecatgirlsmeow has 30 seconds left.\n|\n|t:|1737758145\n|switch|p2b: Iron Hands|Iron Hands, L50|100\/100\n|-terastallize|p1a: Chi-Yu|Water\n|-terastallize|p2a: Amoonguss|Water\n|move|p1b: Whimsicott|Light Screen|p1b: Whimsicott\n|-sidestart|p1: BelinVGC|move: Light Screen\n|move|p1a: Chi-Yu|Taunt|p2a: Amoonguss\n|-start|p2a: Amoonguss|move: Taunt\n|cant|p2a: Amoonguss|move: Taunt|Spore\n|\n|upkeep\n|turn|2\n|inactive|BelinVGC has 30 seconds left.\n|\n|t:|1737758176\n|move|p1b: Whimsicott|Fake Tears|p2b: Iron Hands\n|-unboost|p2b: Iron Hands|spd|2\n|move|p1a: Chi-Yu|Heat Wave|p2b: Iron Hands|[spread] p2a,p2b\n|-resisted|p2a: Amoonguss\n|-damage|p2a: Amoonguss|75\/100\n|-damage|p2b: Iron Hands|49\/100\n|move|p2b: Iron Hands|Wild Charge|p1a: Chi-Yu\n|-supereffective|p1a: Chi-Yu\n|-damage|p1a: Chi-Yu|0 fnt\n|faint|p1a: Chi-Yu\n|-damage|p2b: Iron Hands|34\/100|[from] Recoil\n|move|p2a: Amoonguss|Sludge Bomb|p1b: Whimsicott\n|-supereffective|p1b: Whimsicott\n|-enditem|p1b: Whimsicott|Focus Sash\n|-damage|p1b: Whimsicott|1\/100\n|-status|p1b: Whimsicott|psn\n|\n|-damage|p1b: Whimsicott|0 fnt|[from] psn\n|faint|p1b: Whimsicott\n|upkeep\n|\n|t:|1737758190\n|switch|p1b: Iron Hands|Iron Hands, L50|100\/100\n|switch|p1a: Miraidon|Miraidon, L50|100\/100\n|-fieldstart|move: Electric Terrain|[from] ability: Hadron Engine|[of] p1a: Miraidon\n|-activate|p1b: Iron Hands|ability: Quark Drive\n|-start|p1b: Iron Hands|quarkdriveatk\n|-activate|p2b: Iron Hands|ability: Quark Drive\n|-start|p2b: Iron Hands|quarkdriveatk\n|turn|3\n|\n|t:|1737758206\n|move|p1a: Miraidon|Dazzling Gleam|p2b: Iron Hands|[spread] p2a,p2b\n|-supereffective|p2b: Iron Hands\n|-crit|p2b: Iron Hands\n|-damage|p2a: Amoonguss|44\/100\n|-damage|p2b: Iron Hands|0 fnt\n|faint|p2b: Iron Hands\n|-end|p2b: Iron Hands|Quark Drive|[silent]\n|move|p1b: Iron Hands|Wild Charge|p2a: Amoonguss\n|-supereffective|p2a: Amoonguss\n|-damage|p2a: Amoonguss|0 fnt\n|-damage|p1b: Iron Hands|84\/100|[from] item: Rocky Helmet|[of] p2a: Amoonguss\n|faint|p2a: Amoonguss\n|-damage|p1b: Iron Hands|74\/100|[from] Recoil\n|\n|upkeep\n|\n|t:|1737758213\n|switch|p2b: Palkia|Palkia, L50|100\/100\n|switch|p2a: Ursaluna|Ursaluna, L50, F|100\/100\n|turn|4\n|\n|t:|1737758234\n|move|p1a: Miraidon|Dazzling Gleam|p2a: Ursaluna|[spread] p2a,p2b\n|-supereffective|p2b: Palkia\n|-damage|p2a: Ursaluna|73\/100\n|-damage|p2b: Palkia|54\/100\n|move|p2b: Palkia|Spacial Rend|p1a: Miraidon\n|-supereffective|p1a: Miraidon\n|-crit|p1a: Miraidon\n|-damage|p1a: Miraidon|0 fnt\n|faint|p1a: Miraidon\n|move|p1b: Iron Hands|Drain Punch|p2a: Ursaluna\n|-supereffective|p2a: Ursaluna\n|-damage|p2a: Ursaluna|0 fnt\n|-heal|p1b: Iron Hands|100\/100|[from] drain|[of] p2a: Ursaluna\n|faint|p2a: Ursaluna\n|\n|upkeep\n|turn|5\n|\n|t:|1737758250\n|move|p2b: Palkia|Spacial Rend|p1b: Iron Hands\n|-damage|p1b: Iron Hands|79\/100\n|move|p1b: Iron Hands|Low Kick|p2b: Palkia\n|-damage|p2b: Palkia|0 fnt\n|faint|p2b: Palkia\n|\n|win|BelinVGC\n|raw|BelinVGC's rating: 1519 &rarr; <strong>1545<\/strong><br \/>(+26 for winning)\n|raw|Ilovecatgirlsmeow's rating: 1624 &rarr; <strong>1598<\/strong><br \/>(-26 for losing)\n|l|\u2606Ilovecatgirlsmeow\n|player|p2|\n|l|\u2606BelinVGC\n|player|p1|\n","uploadtime":1737758445,"views":3,"formatid":"gen9vgc2025regg","rating":1545,"private":0,"password":null}