{"id":"gen9vgc2025regg-2287991779","format":"[Gen 9] VGC 2025 Reg G","players":["jecheonjo","NDkyAChuan666"],"log":"|j|\u2606jecheonjo\n|j|\u2606NDkyAChuan666\n|t:|1737819578\n|gametype|doubles\n|player|p1|jecheonjo|steven|1595\n|player|p2|NDkyAChuan666|backersf|1547\n|teamsize|p1|6\n|teamsize|p2|6\n|gen|9\n|tier|[Gen 9] VGC 2025 Reg G\n|rated|\n|rule|Species Clause: Limit one of each Pok\u00e9mon\n|rule|Item Clause: Limit 1 of each item\n|clearpoke\n|poke|p1|Terapagos, L50, M|\n|poke|p1|Incineroar, L50, M|\n|poke|p1|Amoonguss, L50, M|\n|poke|p1|Urshifu-*, L50, F|\n|poke|p1|Flutter Mane, L50|\n|poke|p1|Raging Bolt, L50|\n|poke|p2|Calyrex-Shadow, L50|\n|poke|p2|Indeedee-F, L50, F|\n|poke|p2|Regigigas, L50|\n|poke|p2|Whimsicott, L50, M|\n|poke|p2|Weezing, L50, F|\n|poke|p2|Chi-Yu, L50|\n|teampreview|4\n|inactive|Battle timer is ON: inactive players will automatically lose when time's up. (requested by NDkyAChuan666)\n|inactive|jecheonjo has 60 seconds left.\n|inactive|NDkyAChuan666 has 60 seconds left.\n|\n|t:|1737819613\n|start\n|switch|p1a: Urshifu|Urshifu-Rapid-Strike, L50, F|100\/100\n|switch|p1b: Flutter Mane|Flutter Mane, L50|100\/100\n|switch|p2a: Weezing|Weezing, L50, F, shiny|100\/100\n|switch|p2b: Regigigas|Regigigas, L50, shiny|100\/100\n|-ability|p2a: Weezing|Neutralizing Gas\n|turn|1\n|\n|t:|1737819630\n|move|p1b: Flutter Mane|Taunt|p2a: Weezing\n|-start|p2a: Weezing|move: Taunt\n|move|p2b: Regigigas|Crush Grip|p1a: Urshifu\n|-damage|p1a: Urshifu|13\/100\n|move|p1a: Urshifu|Close Combat|p2b: Regigigas\n|-supereffective|p2b: Regigigas\n|-damage|p2b: Regigigas|0 fnt\n|-unboost|p1a: Urshifu|def|1\n|-unboost|p1a: Urshifu|spd|1\n|faint|p2b: Regigigas\n|-end|p2b: Regigigas|Slow Start|[silent]\n|move|p2a: Weezing|Gunk Shot|p1b: Flutter Mane\n|-damage|p1b: Flutter Mane|42\/100\n|\n|upkeep\n|\n|t:|1737819638\n|switch|p2b: Calyrex|Calyrex-Shadow, L50|100\/100\n|-ability|p2b: Calyrex|As One\n|-ability|p2b: Calyrex|Unnerve\n|turn|2\n|inactive|jecheonjo has 30 seconds left.\n|inactive|NDkyAChuan666 has 30 seconds left.\n|inactive|NDkyAChuan666 has 20 seconds left.\n|\n|t:|1737819673\n|-end|p1b: Flutter Mane|Protosynthesis|[silent]\n|switch|p1b: Terapagos|Terapagos, L50, M|100\/100\n|-activate|p1b: Terapagos|ability: Tera Shift\n|detailschange|p1b: Terapagos|Terapagos-Terastal, L50, M\n|-heal|p1b: Terapagos|100\/100|[silent]\n|-end|p2a: Weezing|ability: Neutralizing Gas\n|switch|p2a: Whimsicott|Whimsicott, L50, M, shiny|100\/100\n|move|p1a: Urshifu|Detect|p1a: Urshifu\n|-singleturn|p1a: Urshifu|Protect\n|move|p2b: Calyrex|Astral Barrage|p1b: Terapagos|[spread] \n|-activate|p1a: Urshifu|move: Protect\n|-immune|p1b: Terapagos\n|\n|upkeep\n|turn|3\n|inactive|jecheonjo has 30 seconds left.\n|inactive|NDkyAChuan666 has 30 seconds left.\n|\n|t:|1737819704\n|switch|p1a: Raging Bolt|Raging Bolt, L50|100\/100\n|-terastallize|p1b: Terapagos|Stellar\n|detailschange|p1b: Terapagos|Terapagos-Stellar, L50, M, tera:Stellar\n|-heal|p1b: Terapagos|100\/100|[silent]\n|move|p2a: Whimsicott|Tailwind|p2a: Whimsicott\n|-sidestart|p2: NDkyAChuan666|move: Tailwind\n|move|p2b: Calyrex|Astral Barrage|p1b: Terapagos|[spread] p1a\n|-immune|p1b: Terapagos\n|-crit|p1a: Raging Bolt\n|-damage|p1a: Raging Bolt|25\/100\n|-damage|p2b: Calyrex|91\/100|[from] item: Life Orb\n|move|p1b: Terapagos|Tera Starstorm|p2b: Calyrex|[spread] p2a,p2b\n|-crit|p2a: Whimsicott\n|-damage|p2a: Whimsicott|31\/100\n|-damage|p2b: Calyrex|60\/100\n|\n|upkeep\n|turn|4\n|inactive|jecheonjo has 30 seconds left.\n|\n|t:|1737819730\n|move|p2b: Calyrex|Protect|p2b: Calyrex\n|-singleturn|p2b: Calyrex|Protect\n|move|p2a: Whimsicott|Fake Tears|p1b: Terapagos\n|-unboost|p1b: Terapagos|spd|2\n|move|p1a: Raging Bolt|Thunderclap||[still]\n|-fail|p1a: Raging Bolt\n|move|p1b: Terapagos|Tera Starstorm|p2a: Whimsicott|[spread] p2a\n|-activate|p2b: Calyrex|move: Protect\n|-damage|p2a: Whimsicott|0 fnt\n|faint|p2a: Whimsicott\n|\n|upkeep\n|\n|t:|1737819733\n|switch|p2a: Weezing|Weezing, L50, F, shiny|100\/100\n|-ability|p2a: Weezing|Neutralizing Gas\n|turn|5\n|\n|t:|1737819743\n|move|p1a: Raging Bolt|Thunderclap|p2b: Calyrex\n|-damage|p2b: Calyrex|21\/100\n|move|p2b: Calyrex|Expanding Force|p1b: Terapagos\n|-damage|p1b: Terapagos|9\/100\n|-damage|p2b: Calyrex|11\/100|[from] item: Life Orb\n|move|p2a: Weezing|Gunk Shot|p1a: Raging Bolt\n|-damage|p1a: Raging Bolt|0 fnt\n|faint|p1a: Raging Bolt\n|-end|p1a: Raging Bolt|Protosynthesis|[silent]\n|move|p1b: Terapagos|Tera Starstorm|p2b: Calyrex|[spread] p2a,p2b\n|-damage|p2a: Weezing|63\/100\n|-damage|p2b: Calyrex|0 fnt\n|faint|p2b: Calyrex\n|\n|-heal|p1b: Terapagos|16\/100|[from] item: Leftovers\n|upkeep\n|-message|NDkyAChuan666 forfeited.\n|\n|win|jecheonjo\n|raw|jecheonjo's rating: 1595 &rarr; <strong>1612<\/strong><br \/>(+17 for winning)\n|raw|NDkyAChuan666's rating: 1547 &rarr; <strong>1530<\/strong><br \/>(-17 for losing)\n|l|\u2606NDkyAChuan666\n|player|p2|\n|l|\u2606jecheonjo\n|player|p1|\n","uploadtime":1737819940,"views":17,"formatid":"gen9vgc2025regg","rating":1530,"private":0,"password":null}