{"id":"gen9vgc2025regg-2287437203","format":"[Gen 9] VGC 2025 Reg G","players":["googer315","Cellpab1"],"log":"|j|\u2606googer315\n|j|\u2606Cellpab1\n|t:|1737739343\n|gametype|doubles\n|player|p1|googer315|169|1644\n|player|p2|Cellpab1|169|1561\n|teamsize|p1|6\n|teamsize|p2|6\n|gen|9\n|tier|[Gen 9] VGC 2025 Reg G\n|rated|\n|rule|Species Clause: Limit one of each Pok\u00e9mon\n|rule|Item Clause: Limit 1 of each item\n|clearpoke\n|poke|p1|Incineroar, L50, M|\n|poke|p1|Rillaboom, L50, M|\n|poke|p1|Urshifu-*, L50, F|\n|poke|p1|Chien-Pao, L50|\n|poke|p1|Flutter Mane, L50|\n|poke|p1|Calyrex-Shadow, L50|\n|poke|p2|Chi-Yu, L50|\n|poke|p2|Raging Bolt, L50|\n|poke|p2|Rillaboom, L50, F|\n|poke|p2|Ogerpon-Cornerstone, L50, F|\n|poke|p2|Urshifu-*, L50, M|\n|poke|p2|Calyrex-Ice, L50|\n|teampreview|4\n|inactive|Battle timer is ON: inactive players will automatically lose when time's up. (requested by googer315)\n|inactive|Cellpab1 has 60 seconds left.\n|j| moon7777\n|inactive|Cellpab1 has 30 seconds left.\n|inactive|Cellpab1 has 20 seconds left.\n|\n|t:|1737739437\n|start\n|switch|p1a: Flutter Mane|Flutter Mane, L50|100\/100\n|switch|p1b: Urshifu|Urshifu-Rapid-Strike, L50, F|100\/100\n|switch|p2a: Urshifu|Urshifu-Rapid-Strike, L50, M|100\/100\n|switch|p2b: Calyrex|Calyrex-Ice, L50|100\/100\n|-ability|p2b: Calyrex|As One\n|-ability|p2b: Calyrex|Unnerve\n|-enditem|p1a: Flutter Mane|Booster Energy\n|-activate|p1a: Flutter Mane|ability: Protosynthesis|[fromitem]\n|-start|p1a: Flutter Mane|protosynthesisspe\n|turn|1\n|inactive|Cellpab1 has 30 seconds left.\n|inactive|Cellpab1 has 20 seconds left.\n|inactive|Cellpab1 has 15 seconds left.\n|\n|t:|1737739481\n|move|p1a: Flutter Mane|Taunt|p2b: Calyrex\n|-start|p2b: Calyrex|move: Taunt\n|move|p1b: Urshifu|Surging Strikes|p2b: Calyrex\n|-crit|p2b: Calyrex\n|-damage|p2b: Calyrex|87\/100\n|-crit|p2b: Calyrex\n|-damage|p2b: Calyrex|74\/100\n|-crit|p2b: Calyrex\n|-damage|p2b: Calyrex|60\/100\n|-hitcount|p2b: Calyrex|3\n|move|p2a: Urshifu|Surging Strikes|p1a: Flutter Mane\n|-crit|p1a: Flutter Mane\n|-damage|p1a: Flutter Mane|62\/100\n|-crit|p1a: Flutter Mane\n|-damage|p1a: Flutter Mane|29\/100\n|-crit|p1a: Flutter Mane\n|-damage|p1a: Flutter Mane|0 fnt\n|faint|p1a: Flutter Mane\n|-end|p1a: Flutter Mane|Protosynthesis|[silent]\n|-hitcount|p1: Flutter Mane|3\n|move|p2b: Calyrex|Glacial Lance|p1b: Urshifu\n|-resisted|p1b: Urshifu\n|-damage|p1b: Urshifu|61\/100\n|\n|upkeep\n|\n|t:|1737739489\n|switch|p1a: Calyrex|Calyrex-Shadow, L50|100\/100\n|-ability|p1a: Calyrex|As One\n|-ability|p1a: Calyrex|Unnerve\n|turn|2\n|inactive|Cellpab1 has 30 seconds left.\n|inactive|googer315 has 30 seconds left.\n|inactive|Cellpab1 has 20 seconds left.\n|j| I love pumpkin\n|inactive|Cellpab1 has 15 seconds left.\n|inactive|Cellpab1 has 10 seconds left.\n|\n|t:|1737739537\n|-terastallize|p2b: Calyrex|Fairy\n|move|p1a: Calyrex|Astral Barrage|p2b: Calyrex|[spread] p2a,p2b\n|-enditem|p2a: Urshifu|Focus Sash\n|-damage|p2a: Urshifu|1\/100\n|-damage|p2b: Calyrex|18\/100\n|-damage|p1a: Calyrex|91\/100|[from] item: Life Orb\n|move|p2a: Urshifu|Surging Strikes|p1a: Calyrex\n|-crit|p1a: Calyrex\n|-damage|p1a: Calyrex|60\/100\n|-crit|p1a: Calyrex\n|-damage|p1a: Calyrex|31\/100\n|-crit|p1a: Calyrex\n|-damage|p1a: Calyrex|2\/100\n|-hitcount|p1a: Calyrex|3\n|move|p1b: Urshifu|Close Combat|p2b: Calyrex\n|-resisted|p2b: Calyrex\n|-crit|p2b: Calyrex\n|-damage|p2b: Calyrex|0 fnt\n|-unboost|p1b: Urshifu|def|1\n|-unboost|p1b: Urshifu|spd|1\n|faint|p2b: Calyrex\n|\n|upkeep\n|inactive|Cellpab1 has 30 seconds left.\n|\n|t:|1737739566\n|switch|p2b: Chi-Yu|Chi-Yu, L50|100\/100\n|-ability|p2b: Chi-Yu|Beads of Ruin\n|turn|3\n|\n|t:|1737739578\n|move|p2a: Urshifu|Aqua Jet|p1b: Urshifu\n|-resisted|p1b: Urshifu\n|-crit|p1b: Urshifu\n|-damage|p1b: Urshifu|37\/100\n|move|p1b: Urshifu|Aqua Jet|p2b: Chi-Yu\n|-supereffective|p2b: Chi-Yu\n|-damage|p2b: Chi-Yu|35\/100\n|move|p2b: Chi-Yu|Heat Wave|p1a: Calyrex|[spread] p1a,p1b\n|-resisted|p1b: Urshifu\n|-crit|p1b: Urshifu\n|-damage|p1a: Calyrex|0 fnt\n|-damage|p1b: Urshifu|0 fnt\n|faint|p1a: Calyrex\n|faint|p1b: Urshifu\n|\n|upkeep\n|\n|t:|1737739591\n|switch|p1a: Chien-Pao|Chien-Pao, L50|100\/100\n|-ability|p1a: Chien-Pao|Sword of Ruin\n|turn|4\n|inactive|Cellpab1 has 30 seconds left.\n|\n|t:|1737739619\n|-terastallize|p1a: Chien-Pao|Ghost\n|move|p1a: Chien-Pao|Sucker Punch|p2b: Chi-Yu\n|-resisted|p2b: Chi-Yu\n|-damage|p2b: Chi-Yu|0 fnt\n|faint|p2b: Chi-Yu\n|move|p2a: Urshifu|Surging Strikes|p1a: Chien-Pao\n|-crit|p1a: Chien-Pao\n|-damage|p1a: Chien-Pao|72\/100\n|-crit|p1a: Chien-Pao\n|-damage|p1a: Chien-Pao|39\/100\n|-crit|p1a: Chien-Pao\n|-damage|p1a: Chien-Pao|4\/100\n|-hitcount|p1a: Chien-Pao|3\n|\n|upkeep\n|\n|t:|1737739624\n|switch|p2b: Raging Bolt|Raging Bolt, L50|100\/100\n|-enditem|p2b: Raging Bolt|Booster Energy\n|-activate|p2b: Raging Bolt|ability: Protosynthesis|[fromitem]\n|-start|p2b: Raging Bolt|protosynthesisspa\n|turn|5\n|-message|googer315 forfeited.\n|\n|win|Cellpab1\n|raw|googer315's rating: 1644 &rarr; <strong>1619<\/strong><br \/>(-25 for losing)\n|raw|Cellpab1's rating: 1561 &rarr; <strong>1586<\/strong><br \/>(+25 for winning)\n|l|\u2606googer315\n|player|p1|\n|l|\u2606Cellpab1\n|player|p2|\n","uploadtime":1737739702,"views":4,"formatid":"gen9vgc2025regg","rating":1586,"private":0,"password":null}