{"id":"gen9vgc2025regg-2287424395","format":"[Gen 9] VGC 2025 Reg G","players":["googer315","BuddyHolly-Galar"],"log":"|j|\u2606googer315\n|j|\u2606BuddyHolly-Galar\n|t:|1737738104\n|gametype|doubles\n|player|p1|googer315|169|1642\n|player|p2|BuddyHolly-Galar|wallace|1548\n|teamsize|p1|6\n|teamsize|p2|6\n|gen|9\n|tier|[Gen 9] VGC 2025 Reg G\n|rated|\n|rule|Species Clause: Limit one of each Pok\u00e9mon\n|rule|Item Clause: Limit 1 of each item\n|clearpoke\n|poke|p1|Calyrex-Ice, L50|\n|poke|p1|Iron Valiant, L50|\n|poke|p1|Urshifu-*, L50, F|\n|poke|p1|Ogerpon-Cornerstone, L50, F|\n|poke|p1|Raging Bolt, L50|\n|poke|p1|Clefairy, L50, F|\n|poke|p2|Iron Hands, L50|\n|poke|p2|Grimmsnarl, L50, M|\n|poke|p2|Urshifu-*, L50, F|\n|poke|p2|Terapagos, L50, M|\n|poke|p2|Flutter Mane, L50|\n|poke|p2|Chi-Yu, L50|\n|teampreview|4\n|inactive|Battle timer is ON: inactive players will automatically lose when time's up. (requested by BuddyHolly-Galar)\n|inactive|googer315 has 60 seconds left.\n|inactive|googer315 has 30 seconds left.\n|\n|t:|1737738171\n|start\n|switch|p1a: Iron Valiant|Iron Valiant, L50|100\/100\n|switch|p1b: Calyrex|Calyrex-Ice, L50|100\/100\n|switch|p2a: Grimmsnarl|Grimmsnarl, L50, M|100\/100\n|switch|p2b: Urshifu|Urshifu-Rapid-Strike, L50, F|100\/100\n|-ability|p1b: Calyrex|As One\n|-ability|p1b: Calyrex|Unnerve\n|-enditem|p1a: Iron Valiant|Booster Energy\n|-activate|p1a: Iron Valiant|ability: Quark Drive|[fromitem]\n|-start|p1a: Iron Valiant|quarkdrivespe\n|turn|1\n|\n|t:|1737738192\n|move|p2a: Grimmsnarl|Reflect|p2a: Grimmsnarl\n|-sidestart|p2: BuddyHolly-Galar|Reflect\n|move|p1a: Iron Valiant|Coaching|p1b: Calyrex\n|-boost|p1b: Calyrex|atk|1\n|-boost|p1b: Calyrex|def|1\n|move|p2b: Urshifu|Surging Strikes|p1b: Calyrex\n|-crit|p1b: Calyrex\n|-damage|p1b: Calyrex|87\/100\n|-crit|p1b: Calyrex\n|-damage|p1b: Calyrex|74\/100\n|-crit|p1b: Calyrex\n|-damage|p1b: Calyrex|59\/100\n|-hitcount|p1b: Calyrex|3\n|move|p1b: Calyrex|Glacial Lance|p2a: Grimmsnarl|[spread] p2a,p2b\n|-resisted|p2b: Urshifu\n|-damage|p2a: Grimmsnarl|50\/100\n|-damage|p2b: Urshifu|72\/100\n|\n|upkeep\n|turn|2\n|\n|t:|1737738204\n|move|p1a: Iron Valiant|Moonblast|p2b: Urshifu\n|-supereffective|p2b: Urshifu\n|-damage|p2b: Urshifu|0 fnt\n|faint|p2b: Urshifu\n|move|p2a: Grimmsnarl|Foul Play|p1b: Calyrex\n|-supereffective|p1b: Calyrex\n|-damage|p1b: Calyrex|0 fnt\n|faint|p1b: Calyrex\n|\n|upkeep\n|\n|t:|1737738213\n|switch|p2b: Iron Hands|Iron Hands, L50|100\/100\n|switch|p1b: Urshifu|Urshifu-Rapid-Strike, L50, F|100\/100\n|turn|3\n|\n|t:|1737738227\n|switch|p1b: Clefairy|Clefairy, L50, F|100\/100\n|move|p2b: Iron Hands|Fake Out|p1a: Iron Valiant\n|-damage|p1a: Iron Valiant|88\/100\n|move|p2a: Grimmsnarl|Thunder Wave|p1b: Clefairy\n|-status|p1b: Clefairy|par\n|cant|p1a: Iron Valiant|flinch\n|\n|upkeep\n|turn|4\n|\n|t:|1737738237\n|move|p1b: Clefairy|Follow Me|p1b: Clefairy\n|-singleturn|p1b: Clefairy|move: Follow Me\n|move|p2a: Grimmsnarl|Light Screen|p2a: Grimmsnarl\n|-sidestart|p2: BuddyHolly-Galar|move: Light Screen\n|move|p1a: Iron Valiant|Moonblast|p2a: Grimmsnarl\n|-supereffective|p2a: Grimmsnarl\n|-damage|p2a: Grimmsnarl|1\/100\n|move|p2b: Iron Hands|Wild Charge|p1b: Clefairy\n|-damage|p1b: Clefairy|58\/100 par\n|-damage|p2b: Iron Hands|92\/100|[from] Recoil\n|\n|upkeep\n|turn|5\n|\n|t:|1737738262\n|move|p1b: Clefairy|Follow Me|p1b: Clefairy\n|-singleturn|p1b: Clefairy|move: Follow Me\n|move|p2a: Grimmsnarl|Thunder Wave|p1b: Clefairy\n|-fail|p1b: Clefairy|par\n|move|p1a: Iron Valiant|Moonblast|p2a: Grimmsnarl\n|-supereffective|p2a: Grimmsnarl\n|-damage|p2a: Grimmsnarl|0 fnt\n|faint|p2a: Grimmsnarl\n|move|p2b: Iron Hands|Wild Charge|p1b: Clefairy\n|-damage|p1b: Clefairy|9\/100 par\n|-damage|p2b: Iron Hands|83\/100|[from] Recoil\n|\n|upkeep\n|\n|t:|1737738266\n|switch|p2a: Terapagos|Terapagos, L50, M|100\/100\n|-activate|p2a: Terapagos|ability: Tera Shift\n|detailschange|p2a: Terapagos|Terapagos-Terastal, L50, M\n|-heal|p2a: Terapagos|100\/100|[silent]\n|turn|6\n|\n|t:|1737738284\n|move|p1b: Clefairy|Helping Hand|p1a: Iron Valiant\n|-singleturn|p1a: Iron Valiant|Helping Hand|[of] p1b: Clefairy\n|move|p1a: Iron Valiant|Moonblast|p2b: Iron Hands\n|-supereffective|p2b: Iron Hands\n|-damage|p2b: Iron Hands|37\/100\n|move|p2a: Terapagos|Tera Starstorm|p1a: Iron Valiant\n|-damage|p1a: Iron Valiant|0 fnt\n|faint|p1a: Iron Valiant\n|-end|p1a: Iron Valiant|Quark Drive|[silent]\n|move|p2b: Iron Hands|Wild Charge|p1b: Clefairy\n|-damage|p1b: Clefairy|0 fnt\n|faint|p1b: Clefairy\n|-damage|p2b: Iron Hands|36\/100|[from] Recoil\n|\n|upkeep\n|\n|t:|1737738298\n|switch|p1a: Urshifu|Urshifu-Rapid-Strike, L50, F|100\/100\n|turn|7\n|\n|t:|1737738305\n|-terastallize|p1a: Urshifu|Stellar\n|move|p1a: Urshifu|Surging Strikes|p2b: Iron Hands\n|-crit|p2b: Iron Hands\n|-damage|p2b: Iron Hands|13\/100\n|-crit|p2b: Iron Hands\n|-damage|p2b: Iron Hands|0 fnt\n|faint|p2b: Iron Hands\n|-end|p2b: Iron Hands|Quark Drive|[silent]\n|-hitcount|p2: Iron Hands|2\n|move|p2a: Terapagos|Tera Starstorm|p1a: Urshifu\n|-crit|p1a: Urshifu\n|-enditem|p1a: Urshifu|Focus Sash\n|-damage|p1a: Urshifu|1\/100\n|\n|upkeep\n|turn|8\n|\n|t:|1737738316\n|move|p1a: Urshifu|Detect|p1a: Urshifu\n|-singleturn|p1a: Urshifu|Protect\n|move|p2a: Terapagos|Tera Starstorm|p1a: Urshifu\n|-activate|p1a: Urshifu|move: Protect\n|\n|-sideend|p2: BuddyHolly-Galar|Reflect\n|upkeep\n|turn|9\n|\n|t:|1737738323\n|move|p1a: Urshifu|Surging Strikes|p2a: Terapagos\n|-activate|p2a: Terapagos|ability: Tera Shell\n|-resisted|p2a: Terapagos\n|-crit|p2a: Terapagos\n|-damage|p2a: Terapagos|91\/100\n|-resisted|p2a: Terapagos\n|-crit|p2a: Terapagos\n|-damage|p2a: Terapagos|82\/100\n|-resisted|p2a: Terapagos\n|-crit|p2a: Terapagos\n|-damage|p2a: Terapagos|73\/100\n|-hitcount|p2a: Terapagos|3\n|move|p2a: Terapagos|Tera Starstorm|p1a: Urshifu\n|-damage|p1a: Urshifu|0 fnt\n|faint|p1a: Urshifu\n|\n|win|BuddyHolly-Galar\n|raw|googer315's rating: 1642 &rarr; <strong>1617<\/strong><br \/>(-25 for losing)\n|raw|BuddyHolly-Galar's rating: 1548 &rarr; <strong>1573<\/strong><br \/>(+25 for winning)\n|l|\u2606googer315\n|player|p1|\n|l|\u2606BuddyHolly-Galar\n|player|p2|\n","uploadtime":1737738327,"views":18,"formatid":"gen9vgc2025regg","rating":1573,"private":0,"password":null}