{"id":"gen9vgc2025regg-2287347778","format":"[Gen 9] VGC 2025 Reg G","players":["zonavideovigilada","hugaario"],"log":"|j|\u2606zonavideovigilada\n|j|\u2606hugaario\n|t:|1737730340\n|gametype|doubles\n|player|p1|zonavideovigilada|101|1557\n|player|p2|hugaario|lucas-gen4pt|1506\n|teamsize|p1|6\n|teamsize|p2|6\n|gen|9\n|tier|[Gen 9] VGC 2025 Reg G\n|rated|\n|rule|Species Clause: Limit one of each Pok\u00e9mon\n|rule|Item Clause: Limit 1 of each item\n|clearpoke\n|poke|p1|Gouging Fire, L50|\n|poke|p1|Groudon, L50|\n|poke|p1|Urshifu-*, L50, F|\n|poke|p1|Raging Bolt, L50|\n|poke|p1|Chien-Pao, L50|\n|poke|p1|Volcarona, L50, M|\n|poke|p2|Calyrex-Shadow, L50|\n|poke|p2|Incineroar, L50, F|\n|poke|p2|Rillaboom, L50, M|\n|poke|p2|Farigiraf, L50, M|\n|poke|p2|Raging Bolt, L50|\n|poke|p2|Urshifu-*, L50, M|\n|teampreview|4\n|inactive|Battle timer is ON: inactive players will automatically lose when time's up. (requested by hugaario)\n|\n|t:|1737730385\n|start\n|switch|p1a: Volcarona|Volcarona, L50, M|100\/100\n|switch|p1b: Groudon|Groudon, L50|100\/100\n|switch|p2a: Calyrex|Calyrex-Shadow, L50|100\/100\n|switch|p2b: Incineroar|Incineroar, L50, F|100\/100\n|-ability|p2a: Calyrex|As One\n|-ability|p2a: Calyrex|Unnerve\n|-weather|SunnyDay|[from] ability: Drought|[of] p1b: Groudon\n|-ability|p2b: Incineroar|Intimidate|boost\n|-unboost|p1a: Volcarona|atk|1\n|-unboost|p1b: Groudon|atk|1\n|turn|1\n|\n|t:|1737730402\n|move|p2b: Incineroar|Fake Out|p1a: Volcarona\n|-damage|p1a: Volcarona|90\/100\n|-damage|p2b: Incineroar|84\/100|[from] item: Rocky Helmet|[of] p1a: Volcarona\n|move|p2a: Calyrex|Nasty Plot|p2a: Calyrex\n|-boost|p2a: Calyrex|spa|2\n|cant|p1a: Volcarona|flinch\n|move|p1b: Groudon|Precipice Blades|p2a: Calyrex|[spread] p2b\n|-miss|p1b: Groudon|p2a: Calyrex\n|-supereffective|p2b: Incineroar\n|-damage|p2b: Incineroar|25\/100\n|\n|-weather|SunnyDay|[upkeep]\n|upkeep\n|turn|2\n|j| Rabbithorn05\n|\n|t:|1737730426\n|-terastallize|p1b: Groudon|Fire\n|move|p2b: Incineroar|Helping Hand|p2a: Calyrex\n|-singleturn|p2a: Calyrex|Helping Hand|[of] p2b: Incineroar\n|move|p2a: Calyrex|Astral Barrage|p1a: Volcarona|[spread] p1a,p1b\n|-damage|p1a: Volcarona|0 fnt\n|-damage|p1b: Groudon|5\/100\n|faint|p1a: Volcarona\n|-ability|p2a: Calyrex|Grim Neigh|boost\n|-boost|p2a: Calyrex|spa|1\n|move|p1b: Groudon|Heat Crash|p2a: Calyrex\n|-damage|p2a: Calyrex|18\/100\n|\n|-weather|SunnyDay|[upkeep]\n|upkeep\n|\n|t:|1737730442\n|switch|p1a: Gouging Fire|Gouging Fire, L50|100\/100\n|-activate|p1a: Gouging Fire|ability: Protosynthesis\n|-start|p1a: Gouging Fire|protosynthesisspe\n|turn|3\n|inactive|zonavideovigilada has 30 seconds left.\n|inactive|hugaario has 30 seconds left.\n|inactive|hugaario has 20 seconds left.\n|\n|t:|1737730479\n|switch|p1b: Urshifu|Urshifu, L50, F|100\/100\n|move|p2a: Calyrex|Protect|p2a: Calyrex\n|-singleturn|p2a: Calyrex|Protect\n|move|p1a: Gouging Fire|Howl|p1a: Gouging Fire|[spread] p1a,p1b\n|-boost|p1a: Gouging Fire|atk|1\n|-boost|p1b: Urshifu|atk|1\n|move|p2b: Incineroar|Knock Off|p1a: Gouging Fire\n|-damage|p1a: Gouging Fire|72\/100\n|-enditem|p1a: Gouging Fire|Clear Amulet|[from] move: Knock Off|[of] p2b: Incineroar\n|\n|-weather|SunnyDay|[upkeep]\n|upkeep\n|turn|4\n|inactive|zonavideovigilada has 30 seconds left.\n|\n|t:|1737730506\n|move|p1a: Gouging Fire|Flare Blitz|p2a: Calyrex\n|-damage|p2a: Calyrex|0 fnt\n|faint|p2a: Calyrex\n|-damage|p1a: Gouging Fire|67\/100|[from] Recoil\n|move|p1b: Urshifu|Wicked Blow|p2b: Incineroar\n|-resisted|p2b: Incineroar\n|-crit|p2b: Incineroar\n|-damage|p2b: Incineroar|0 fnt\n|faint|p2b: Incineroar\n|\n|-weather|SunnyDay|[upkeep]\n|upkeep\n|\n|t:|1737730513\n|switch|p2a: Raging Bolt|Raging Bolt, L50|100\/100\n|switch|p2b: Urshifu|Urshifu, L50, M|100\/100\n|-activate|p2a: Raging Bolt|ability: Protosynthesis\n|-start|p2a: Raging Bolt|protosynthesisspa\n|turn|5\n|\n|t:|1737730538\n|move|p2a: Raging Bolt|Thunderclap|p1b: Urshifu\n|-damage|p1b: Urshifu|33\/100\n|move|p1a: Gouging Fire|Breaking Swipe|p2a: Raging Bolt|[spread] p2a,p2b\n|-supereffective|p2a: Raging Bolt\n|-damage|p2a: Raging Bolt|54\/100\n|-damage|p2b: Urshifu|71\/100\n|-unboost|p2a: Raging Bolt|atk|1\n|-unboost|p2b: Urshifu|atk|1\n|move|p2b: Urshifu|Close Combat|p1b: Urshifu\n|-supereffective|p1b: Urshifu\n|-damage|p1b: Urshifu|0 fnt\n|-unboost|p2b: Urshifu|def|1\n|-unboost|p2b: Urshifu|spd|1\n|faint|p1b: Urshifu\n|\n|-weather|none\n|-end|p1a: Gouging Fire|Protosynthesis\n|-end|p2a: Raging Bolt|Protosynthesis\n|-heal|p2a: Raging Bolt|60\/100|[from] item: Leftovers\n|upkeep\n|\n|t:|1737730548\n|switch|p1b: Groudon|Groudon, L50, tera:Fire|5\/100\n|-weather|SunnyDay|[from] ability: Drought|[of] p1b: Groudon\n|-activate|p1a: Gouging Fire|ability: Protosynthesis\n|-start|p1a: Gouging Fire|protosynthesisatk\n|-activate|p2a: Raging Bolt|ability: Protosynthesis\n|-start|p2a: Raging Bolt|protosynthesisspa\n|turn|6\n|\n|t:|1737730562\n|-terastallize|p2b: Urshifu|Stellar\n|move|p2a: Raging Bolt|Thunderclap|p1b: Groudon\n|-damage|p1b: Groudon|0 fnt\n|faint|p1b: Groudon\n|move|p2b: Urshifu|Wicked Blow|p1a: Gouging Fire\n|-crit|p1a: Gouging Fire\n|-damage|p1a: Gouging Fire|8\/100\n|move|p1a: Gouging Fire|Flare Blitz|p2b: Urshifu\n|-damage|p2b: Urshifu|0 fnt\n|faint|p2b: Urshifu\n|-damage|p1a: Gouging Fire|0 fnt|[from] Recoil\n|faint|p1a: Gouging Fire\n|-end|p1a: Gouging Fire|Protosynthesis|[silent]\n|\n|win|hugaario\n|raw|zonavideovigilada's rating: 1557 &rarr; <strong>1534<\/strong><br \/>(-23 for losing)\n|raw|hugaario's rating: 1506 &rarr; <strong>1529<\/strong><br \/>(+23 for winning)\n|l|\u2606zonavideovigilada\n|player|p1|\n|l|\u2606hugaario\n|player|p2|\n","uploadtime":1737730739,"views":3,"formatid":"gen9vgc2025regg","rating":1529,"private":0,"password":null}