{"id":"gen9vgc2025regg-2287210419","format":"[Gen 9] VGC 2025 Reg G","players":["hjx","roykeenkennedy"],"log":"|j|\u2606hjx\n|j|\u2606roykeenkennedy\n|t:|1737710245\n|gametype|doubles\n|player|p1|hjx|2|1561\n|player|p2|roykeenkennedy|alder|1591\n|teamsize|p1|6\n|teamsize|p2|6\n|gen|9\n|tier|[Gen 9] VGC 2025 Reg G\n|rated|\n|rule|Species Clause: Limit one of each Pok\u00e9mon\n|rule|Item Clause: Limit 1 of each item\n|clearpoke\n|poke|p1|Archaludon, L50, M|\n|poke|p1|Ogerpon-Hearthflame, L50, F|\n|poke|p1|Dondozo, L50, M|\n|poke|p1|Tatsugiri-Droopy, L50, F|\n|poke|p1|Eternatus, L50|\n|poke|p1|Tyranitar, L50, F|\n|poke|p2|Calyrex-Shadow, L50|\n|poke|p2|Weezing, L50, F|\n|poke|p2|Indeedee-F, L50, F|\n|poke|p2|Incineroar, L50, M|\n|poke|p2|Urshifu-*, L50, F|\n|poke|p2|Regieleki, L50|\n|teampreview|4\n|j| Parvi\n|\n|t:|1737710281\n|start\n|switch|p1a: Tyranitar|Tyranitar, L50, F|100\/100\n|switch|p1b: Ogerpon|Ogerpon-Hearthflame, L50, F|100\/100\n|switch|p2a: Calyrex|Calyrex-Shadow, L50|100\/100\n|switch|p2b: Indeedee|Indeedee-F, L50, F|100\/100\n|-ability|p2a: Calyrex|As One\n|-ability|p2a: Calyrex|Unnerve\n|-ability|p1b: Ogerpon|Mold Breaker\n|-fieldstart|move: Psychic Terrain|[from] ability: Psychic Surge|[of] p2b: Indeedee\n|-weather|Sandstorm|[from] ability: Sand Stream|[of] p1a: Tyranitar\n|turn|1\n|inactive|Battle timer is ON: inactive players will automatically lose when time's up. (requested by roykeenkennedy)\n|inactive|roykeenkennedy has 60 seconds left.\n|\n|t:|1737710319\n|-terastallize|p2a: Calyrex|Fighting\n|move|p2b: Indeedee|Follow Me|p2b: Indeedee\n|-singleturn|p2b: Indeedee|move: Follow Me\n|move|p2a: Calyrex|Tera Blast|p1a: Tyranitar|[anim] Tera Blast Fighting\n|-supereffective|p1a: Tyranitar\n|-damage|p1a: Tyranitar|0 fnt\n|faint|p1a: Tyranitar\n|-ability|p2a: Calyrex|Grim Neigh|boost\n|-boost|p2a: Calyrex|spa|1\n|-damage|p2a: Calyrex|91\/100|[from] item: Life Orb\n|move|p1b: Ogerpon|U-turn|p2b: Indeedee\n|-supereffective|p2b: Indeedee\n|-damage|p2b: Indeedee|44\/100\n|-damage|p1b: Ogerpon|84\/100|[from] item: Rocky Helmet|[of] p2b: Indeedee\n|\n|t:|1737710329\n|switch|p1b: Dondozo|Dondozo, L50, M|100\/100|[from] U-turn\n|\n|-weather|Sandstorm|[upkeep]\n|-damage|p2a: Calyrex|85\/100|[from] Sandstorm\n|-damage|p2b: Indeedee|38\/100|[from] Sandstorm\n|-damage|p1b: Dondozo|94\/100|[from] Sandstorm\n|upkeep\n|\n|t:|1737710333\n|switch|p1a: Ogerpon|Ogerpon-Hearthflame, L50, F|84\/100\n|-ability|p1a: Ogerpon|Mold Breaker\n|turn|2\n|\n|t:|1737710346\n|switch|p1a: Tatsugiri|Tatsugiri-Droopy, L50, F|100\/100\n|-activate|p1a: Tatsugiri|ability: Commander|[of] p1b: Dondozo\n|-boost|p1b: Dondozo|atk|2\n|-boost|p1b: Dondozo|spa|2\n|-boost|p1b: Dondozo|spe|2\n|-boost|p1b: Dondozo|def|2\n|-boost|p1b: Dondozo|spd|2\n|move|p2b: Indeedee|Helping Hand|p2a: Calyrex\n|-singleturn|p2a: Calyrex|Helping Hand|[of] p2b: Indeedee\n|move|p2a: Calyrex|Expanding Force|p1a: Tatsugiri|[spread] p1b\n|-miss|p2a: Calyrex|p1a: Tatsugiri\n|-damage|p1b: Dondozo|50\/100\n|-damage|p2a: Calyrex|75\/100|[from] item: Life Orb\n|move|p1b: Dondozo|Earthquake|p2a: Calyrex|[spread] p2a,p2b\n|-miss|p1b: Dondozo|p1a: Tatsugiri\n|-crit|p2b: Indeedee\n|-damage|p2a: Calyrex|31\/100\n|-damage|p2b: Indeedee|0 fnt\n|faint|p2b: Indeedee\n|\n|-weather|Sandstorm|[upkeep]\n|-damage|p2a: Calyrex|24\/100|[from] Sandstorm\n|-damage|p1b: Dondozo|43\/100|[from] Sandstorm\n|-damage|p1a: Tatsugiri|95\/100|[from] Sandstorm\n|upkeep\n|\n|t:|1737710370\n|switch|p2b: Urshifu|Urshifu-Rapid-Strike, L50, F|100\/100\n|turn|3\n|\n|t:|1737710379\n|move|p2a: Calyrex|Protect|p2a: Calyrex\n|-singleturn|p2a: Calyrex|Protect\n|move|p2b: Urshifu|Surging Strikes|p1b: Dondozo\n|-resisted|p1b: Dondozo\n|-crit|p1b: Dondozo\n|-damage|p1b: Dondozo|38\/100\n|-resisted|p1b: Dondozo\n|-crit|p1b: Dondozo\n|-damage|p1b: Dondozo|31\/100\n|-resisted|p1b: Dondozo\n|-crit|p1b: Dondozo\n|-damage|p1b: Dondozo|25\/100\n|-hitcount|p1b: Dondozo|3\n|move|p1b: Dondozo|Earthquake|p2b: Urshifu|[spread] p2b\n|-miss|p1b: Dondozo|p1a: Tatsugiri\n|-activate|p2a: Calyrex|move: Protect\n|-damage|p2b: Urshifu|66\/100\n|\n|-weather|Sandstorm|[upkeep]\n|-damage|p2b: Urshifu|60\/100|[from] Sandstorm\n|-damage|p2a: Calyrex|18\/100|[from] Sandstorm\n|-damage|p1b: Dondozo|19\/100|[from] Sandstorm\n|-damage|p1a: Tatsugiri|89\/100|[from] Sandstorm\n|upkeep\n|turn|4\n|inactive|roykeenkennedy has 30 seconds left.\n|inactive|roykeenkennedy has 20 seconds left.\n|inactive|roykeenkennedy has 15 seconds left.\n|inactive|roykeenkennedy has 10 seconds left.\n|\n|t:|1737710426\n|switch|p2a: Weezing|Weezing, L50, F|100\/100\n|-ability|p2a: Weezing|Neutralizing Gas\n|move|p2b: Urshifu|Surging Strikes|p1b: Dondozo\n|-resisted|p1b: Dondozo\n|-crit|p1b: Dondozo\n|-damage|p1b: Dondozo|13\/100\n|-resisted|p1b: Dondozo\n|-crit|p1b: Dondozo\n|-damage|p1b: Dondozo|7\/100\n|-resisted|p1b: Dondozo\n|-crit|p1b: Dondozo\n|-damage|p1b: Dondozo|0 fnt\n|faint|p1b: Dondozo\n|-hitcount|p1: Dondozo|3\n|\n|-weather|Sandstorm|[upkeep]\n|-damage|p2b: Urshifu|53\/100|[from] Sandstorm\n|-damage|p1a: Tatsugiri|83\/100|[from] Sandstorm\n|-damage|p2a: Weezing|94\/100|[from] Sandstorm\n|-heal|p2a: Weezing|100\/100|[from] item: Leftovers\n|upkeep\n|\n|t:|1737710437\n|switch|p1b: Ogerpon|Ogerpon-Hearthflame, L50, F|84\/100\n|turn|5\n|\n|t:|1737710455\n|-end|p2a: Weezing|ability: Neutralizing Gas\n|-ability|p1b: Ogerpon|Mold Breaker\n|switch|p2a: Calyrex|Calyrex-Shadow, L50, tera:Fighting|18\/100\n|-ability|p2a: Calyrex|As One\n|-ability|p2a: Calyrex|Unnerve\n|move|p2b: Urshifu|Surging Strikes|p1b: Ogerpon\n|-crit|p1b: Ogerpon\n|-damage|p1b: Ogerpon|61\/100\n|-crit|p1b: Ogerpon\n|-damage|p1b: Ogerpon|37\/100\n|-crit|p1b: Ogerpon\n|-damage|p1b: Ogerpon|16\/100\n|-hitcount|p1b: Ogerpon|3\n|move|p1b: Ogerpon|Horn Leech|p2b: Urshifu\n|-supereffective|p2b: Urshifu\n|-damage|p2b: Urshifu|0 fnt\n|-heal|p1b: Ogerpon|41\/100|[from] drain|[of] p2b: Urshifu\n|faint|p2b: Urshifu\n|move|p1a: Tatsugiri|Muddy Water|p2a: Calyrex|[miss]\n|-miss|p1a: Tatsugiri|p2a: Calyrex\n|\n|-weather|none\n|-fieldend|move: Psychic Terrain\n|upkeep\n|\n|t:|1737710479\n|switch|p2b: Weezing|Weezing, L50, F|100\/100\n|-ability|p2b: Weezing|Neutralizing Gas\n|turn|6\n|\n|t:|1737710484\n|move|p2a: Calyrex|Astral Barrage|p1b: Ogerpon|[spread] p1a,p1b\n|-damage|p1a: Tatsugiri|10\/100\n|-damage|p1b: Ogerpon|0 fnt\n|faint|p1b: Ogerpon\n|-ability|p2a: Calyrex|Grim Neigh|boost\n|-boost|p2a: Calyrex|spa|1\n|-damage|p2a: Calyrex|8\/100|[from] item: Life Orb\n|move|p1a: Tatsugiri|Muddy Water|p2b: Weezing|[spread] p2a,p2b\n|-damage|p2a: Calyrex|0 fnt\n|-damage|p2b: Weezing|67\/100\n|-unboost|p2b: Weezing|accuracy|1\n|faint|p2a: Calyrex\n|move|p2b: Weezing|Sludge Bomb|p1a: Tatsugiri\n|-damage|p1a: Tatsugiri|0 fnt\n|faint|p1a: Tatsugiri\n|\n|win|roykeenkennedy\n|raw|hjx's rating: 1561 &rarr; <strong>1543<\/strong><br \/>(-18 for losing)\n|raw|roykeenkennedy's rating: 1591 &rarr; <strong>1609<\/strong><br \/>(+18 for winning)\n|l|\u2606hjx\n|player|p1|\n|l| Parvi\n|l|\u2606roykeenkennedy\n|player|p2|\n","uploadtime":1737710743,"views":3,"formatid":"gen9vgc2025regg","rating":1543,"private":0,"password":null}