{"id":"gen9vgc2025regg-2287972784","format":"[Gen 9] VGC 2025 Reg G","players":["zonavideovigilada","Doc_MrMega"],"log":"|j|\u2606zonavideovigilada\n|j|\u2606Doc_MrMega\n|t:|1737816999\n|gametype|doubles\n|player|p1|zonavideovigilada|102|1501\n|player|p2|Doc_MrMega|lucas|1668\n|teamsize|p1|6\n|teamsize|p2|6\n|gen|9\n|tier|[Gen 9] VGC 2025 Reg G\n|rated|\n|rule|Species Clause: Limit one of each Pok\u00e9mon\n|rule|Item Clause: Limit 1 of each item\n|clearpoke\n|poke|p1|Urshifu-*, L50, M|\n|poke|p1|Whimsicott, L50, M|\n|poke|p1|Miraidon, L50|\n|poke|p1|Iron Hands, L50|\n|poke|p1|Incineroar, L50, M|\n|poke|p1|Iron Leaves, L50|\n|poke|p2|Kyogre, L50|\n|poke|p2|Tornadus, L50, M|\n|poke|p2|Urshifu-*, L50, M|\n|poke|p2|Basculegion, L50, M|\n|poke|p2|Tsareena, L50, F|\n|poke|p2|Landorus, L50, M|\n|teampreview|4\n|inactive|Battle timer is ON: inactive players will automatically lose when time's up. (requested by Doc_MrMega)\n|\n|t:|1737817024\n|start\n|switch|p1a: Whimsicott|Whimsicott, L50, M|100\/100\n|switch|p1b: Urshifu|Urshifu-Rapid-Strike, L50, M|100\/100\n|switch|p2a: Kyogre|Kyogre, L50|100\/100\n|switch|p2b: Landorus|Landorus, L50, M|100\/100\n|-weather|RainDance|[from] ability: Drizzle|[of] p2a: Kyogre\n|turn|1\n|\n|t:|1737817046\n|switch|p2b: Basculegion|Basculegion, L50, M|100\/100\n|move|p1a: Whimsicott|Light Screen|p1a: Whimsicott\n|-sidestart|p1: zonavideovigilada|move: Light Screen\n|move|p1b: Urshifu|Surging Strikes|p2a: Kyogre\n|-resisted|p2a: Kyogre\n|-crit|p2a: Kyogre\n|-damage|p2a: Kyogre|85\/100\n|-resisted|p2a: Kyogre\n|-crit|p2a: Kyogre\n|-damage|p2a: Kyogre|70\/100\n|-resisted|p2a: Kyogre\n|-crit|p2a: Kyogre\n|-damage|p2a: Kyogre|54\/100\n|-hitcount|p2a: Kyogre|3\n|move|p2a: Kyogre|Thunder|p1b: Urshifu\n|-supereffective|p1b: Urshifu\n|-damage|p1b: Urshifu|2\/100\n|\n|-weather|RainDance|[upkeep]\n|upkeep\n|turn|2\n|inactive|zonavideovigilada has 30 seconds left.\n|\n|t:|1737817081\n|move|p2b: Basculegion|Aqua Jet|p1b: Urshifu\n|-resisted|p1b: Urshifu\n|-damage|p1b: Urshifu|0 fnt\n|faint|p1b: Urshifu\n|-damage|p2b: Basculegion|91\/100|[from] item: Life Orb\n|move|p1a: Whimsicott|Tailwind|p1a: Whimsicott\n|-sidestart|p1: zonavideovigilada|move: Tailwind\n|move|p2a: Kyogre|Ice Beam|p1a: Whimsicott\n|-supereffective|p1a: Whimsicott\n|-damage|p1a: Whimsicott|31\/100\n|\n|-weather|RainDance|[upkeep]\n|upkeep\n|\n|t:|1737817085\n|switch|p1b: Miraidon|Miraidon, L50|100\/100\n|-fieldstart|move: Electric Terrain|[from] ability: Hadron Engine|[of] p1b: Miraidon\n|turn|3\n|\n|t:|1737817107\n|-terastallize|p1b: Miraidon|Fairy\n|move|p2b: Basculegion|Protect|p2b: Basculegion\n|-singleturn|p2b: Basculegion|Protect\n|move|p1a: Whimsicott|Encore|p2b: Basculegion\n|-activate|p2b: Basculegion|move: Protect\n|move|p1b: Miraidon|Dazzling Gleam|p2b: Basculegion|[spread] p2a\n|-activate|p2b: Basculegion|move: Protect\n|-damage|p2a: Kyogre|19\/100\n|move|p2a: Kyogre|Ice Beam|p1b: Miraidon\n|-damage|p1b: Miraidon|78\/100\n|\n|-weather|RainDance|[upkeep]\n|upkeep\n|turn|4\n|inactive|Doc_MrMega has 30 seconds left.\n|\n|t:|1737817134\n|switch|p2b: Tornadus|Tornadus, L50, M|100\/100\n|move|p1b: Miraidon|Dazzling Gleam|p2b: Tornadus|[spread] p2a,p2b\n|-damage|p2a: Kyogre|0 fnt\n|-damage|p2b: Tornadus|14\/100\n|faint|p2a: Kyogre\n|move|p1a: Whimsicott|Moonblast|p2b: Tornadus\n|-damage|p2b: Tornadus|0 fnt\n|faint|p2b: Tornadus\n|\n|-weather|RainDance|[upkeep]\n|upkeep\n|\n|t:|1737817140\n|switch|p2b: Landorus|Landorus, L50, M|100\/100\n|switch|p2a: Basculegion|Basculegion, L50, M|91\/100\n|turn|5\n|\n|t:|1737817157\n|switch|p1a: Iron Leaves|Iron Leaves, L50|100\/100\n|-activate|p1a: Iron Leaves|ability: Quark Drive\n|-start|p1a: Iron Leaves|quarkdrivespe\n|move|p2a: Basculegion|Aqua Jet|p1a: Iron Leaves\n|-resisted|p1a: Iron Leaves\n|-damage|p1a: Iron Leaves|76\/100\n|-damage|p2a: Basculegion|81\/100|[from] item: Life Orb\n|move|p1b: Miraidon|Dazzling Gleam|p2b: Landorus|[spread] p2a,p2b\n|-damage|p2a: Basculegion|8\/100\n|-damage|p2b: Landorus|7\/100\n|move|p2b: Landorus|Sludge Bomb|p1b: Miraidon\n|-supereffective|p1b: Miraidon\n|-damage|p1b: Miraidon|33\/100\n|\n|-weather|none\n|-sideend|p1: zonavideovigilada|move: Light Screen\n|-sideend|p1: zonavideovigilada|move: Tailwind\n|upkeep\n|turn|6\n|\n|t:|1737817176\n|move|p1a: Iron Leaves|Leaf Blade|p2b: Landorus\n|-damage|p2b: Landorus|0 fnt\n|faint|p2b: Landorus\n|-damage|p1a: Iron Leaves|67\/100|[from] item: Life Orb\n|move|p1b: Miraidon|Dazzling Gleam|p2a: Basculegion\n|-damage|p2a: Basculegion|0 fnt\n|faint|p2a: Basculegion\n|\n|win|zonavideovigilada\n|raw|zonavideovigilada's rating: 1501 &rarr; <strong>1530<\/strong><br \/>(+29 for winning)\n|raw|Doc_MrMega's rating: 1668 &rarr; <strong>1639<\/strong><br \/>(-29 for losing)\n|l|\u2606Doc_MrMega\n|player|p2|\n|l|\u2606zonavideovigilada\n|player|p1|\n","uploadtime":1737817417,"views":10,"formatid":"gen9vgc2025regg","rating":1530,"private":0,"password":null}