{"id":"gen9vgc2025regg-2287518549","format":"[Gen 9] VGC 2025 Reg G","players":["tangarang27","Cyberhex"],"log":"|j|\u2606tangarang27\n|j|\u2606Cyberhex\n|t:|1737747300\n|gametype|doubles\n|player|p1|tangarang27|265|1533\n|player|p2|Cyberhex|unknown|1588\n|teamsize|p1|6\n|teamsize|p2|6\n|gen|9\n|tier|[Gen 9] VGC 2025 Reg G\n|rated|\n|rule|Species Clause: Limit one of each Pok\u00e9mon\n|rule|Item Clause: Limit 1 of each item\n|clearpoke\n|poke|p1|Rillaboom, L50, M|\n|poke|p1|Kyogre, L50|\n|poke|p1|Volcarona, L50, M|\n|poke|p1|Farigiraf, L50, F|\n|poke|p1|Urshifu-*, L50, M|\n|poke|p1|Raging Bolt, L50|\n|poke|p2|Miraidon, L50|\n|poke|p2|Whimsicott, L50, F|\n|poke|p2|Urshifu-*, L50, M|\n|poke|p2|Ogerpon-Hearthflame, L50, F|\n|poke|p2|Farigiraf, L50, F|\n|poke|p2|Iron Hands, L50|\n|teampreview|4\n|inactive|Battle timer is ON: inactive players will automatically lose when time's up. (requested by Cyberhex)\n|\n|t:|1737747327\n|start\n|switch|p1a: Raging Bolt|Raging Bolt, L50|100\/100\n|switch|p1b: Farigiraf|Farigiraf, L50, F|100\/100\n|switch|p2a: Miraidon|Miraidon, L50|100\/100\n|switch|p2b: Whimsicott|Whimsicott, L50, F|100\/100\n|-fieldstart|move: Electric Terrain|[from] ability: Hadron Engine|[of] p2a: Miraidon\n|-enditem|p1a: Raging Bolt|Booster Energy\n|-activate|p1a: Raging Bolt|ability: Protosynthesis|[fromitem]\n|-start|p1a: Raging Bolt|protosynthesisspa\n|turn|1\n|inactive|Cyberhex has 30 seconds left.\n|\n|t:|1737747358\n|-end|p1a: Raging Bolt|Protosynthesis|[silent]\n|switch|p1a: Rillaboom|Rillaboom, L50, M|100\/100\n|-fieldstart|move: Grassy Terrain|[from] ability: Grassy Surge|[of] p1a: Rillaboom\n|-terastallize|p2a: Miraidon|Fairy\n|-terastallize|p1b: Farigiraf|Fairy\n|move|p2a: Miraidon|Electro Drift|p1b: Farigiraf\n|-damage|p1b: Farigiraf|13\/100\n|move|p2b: Whimsicott|Moonblast|p1a: Rillaboom\n|-damage|p1a: Rillaboom|82\/100\n|move|p1b: Farigiraf|Trick Room|p1b: Farigiraf\n|-fieldstart|move: Trick Room|[of] p1b: Farigiraf\n|\n|-heal|p1b: Farigiraf|19\/100|[from] Grassy Terrain\n|-heal|p1a: Rillaboom|88\/100|[from] Grassy Terrain\n|upkeep\n|turn|2\n|inactive|tangarang27 has 30 seconds left.\n|inactive|tangarang27 has 20 seconds left.\n|inactive|tangarang27 has 15 seconds left.\n|\n|t:|1737747402\n|switch|p2b: Farigiraf|Farigiraf, L50, F|100\/100\n|move|p1b: Farigiraf|Psychic|p2a: Miraidon\n|-damage|p2a: Miraidon|63\/100\n|move|p1a: Rillaboom|Wood Hammer|p2a: Miraidon\n|-damage|p2a: Miraidon|0 fnt\n|faint|p2a: Miraidon\n|-damage|p1a: Rillaboom|69\/100|[from] Recoil\n|\n|-heal|p1b: Farigiraf|25\/100|[from] Grassy Terrain\n|-heal|p1a: Rillaboom|75\/100|[from] Grassy Terrain\n|upkeep\n|\n|t:|1737747409\n|switch|p2a: Iron Hands|Iron Hands, L50|100\/100\n|turn|3\n|\n|t:|1737747421\n|switch|p1a: Volcarona|Volcarona, L50, M|100\/100\n|move|p1b: Farigiraf|Protect|p1b: Farigiraf\n|-singleturn|p1b: Farigiraf|Protect\n|move|p2a: Iron Hands|Heavy Slam|p1b: Farigiraf\n|-activate|p1b: Farigiraf|move: Protect\n|move|p2b: Farigiraf|Psychic|p1a: Volcarona\n|-damage|p1a: Volcarona|68\/100\n|\n|-heal|p1b: Farigiraf|32\/100|[from] Grassy Terrain\n|-heal|p1a: Volcarona|74\/100|[from] Grassy Terrain\n|upkeep\n|turn|4\n|inactive|Cyberhex has 30 seconds left.\n|\n|t:|1737747456\n|move|p1a: Volcarona|Rage Powder|p1a: Volcarona\n|-singleturn|p1a: Volcarona|move: Rage Powder\n|move|p2a: Iron Hands|Heavy Slam|p1a: Volcarona\n|-resisted|p1a: Volcarona\n|-damage|p1a: Volcarona|52\/100\n|move|p1b: Farigiraf|Hyper Voice|p2a: Iron Hands|[spread] p2a,p2b\n|-damage|p2a: Iron Hands|86\/100\n|-damage|p2b: Farigiraf|69\/100\n|-enditem|p1b: Farigiraf|Throat Spray\n|-boost|p1b: Farigiraf|spa|1|[from] item: Throat Spray\n|move|p2b: Farigiraf|Psychic|p1a: Volcarona\n|-damage|p1a: Volcarona|20\/100\n|\n|-heal|p2a: Iron Hands|92\/100|[from] Grassy Terrain\n|-heal|p1b: Farigiraf|38\/100|[from] Grassy Terrain\n|-heal|p2b: Farigiraf|75\/100|[from] Grassy Terrain\n|-heal|p1a: Volcarona|26\/100|[from] Grassy Terrain\n|upkeep\n|turn|5\n|\n|t:|1737747470\n|-end|p2a: Iron Hands|Quark Drive|[silent]\n|switch|p2a: Whimsicott|Whimsicott, L50, F|100\/100\n|move|p1a: Volcarona|Rage Powder|p1a: Volcarona\n|-singleturn|p1a: Volcarona|move: Rage Powder\n|move|p1b: Farigiraf|Psychic|p2a: Whimsicott\n|-damage|p2a: Whimsicott|26\/100\n|move|p2b: Farigiraf|Psychic|p1a: Volcarona\n|-damage|p1a: Volcarona|0 fnt\n|faint|p1a: Volcarona\n|\n|-heal|p1b: Farigiraf|44\/100|[from] Grassy Terrain\n|-heal|p2b: Farigiraf|81\/100|[from] Grassy Terrain\n|-heal|p2a: Whimsicott|32\/100|[from] Grassy Terrain\n|-fieldend|move: Trick Room\n|-fieldend|move: Grassy Terrain\n|upkeep\n|\n|t:|1737747483\n|switch|p1a: Raging Bolt|Raging Bolt, L50|100\/100\n|turn|6\n|\n|t:|1737747497\n|move|p1b: Farigiraf|Protect|p1b: Farigiraf\n|-singleturn|p1b: Farigiraf|Protect\n|move|p2a: Whimsicott|Light Screen|p2a: Whimsicott\n|-sidestart|p2: Cyberhex|move: Light Screen\n|move|p1a: Raging Bolt|Thunderbolt|p2a: Whimsicott\n|-resisted|p2a: Whimsicott\n|-damage|p2a: Whimsicott|14\/100\n|move|p2b: Farigiraf|Psychic|p1b: Farigiraf\n|-activate|p1b: Farigiraf|move: Protect\n|\n|upkeep\n|turn|7\n|\n|t:|1737747515\n|switch|p1b: Rillaboom|Rillaboom, L50, M|75\/100\n|-fieldstart|move: Grassy Terrain|[from] ability: Grassy Surge|[of] p1b: Rillaboom\n|move|p2a: Whimsicott|Moonblast|p1a: Raging Bolt\n|-supereffective|p1a: Raging Bolt\n|-damage|p1a: Raging Bolt|50\/100\n|move|p1a: Raging Bolt|Thunderbolt|p2a: Whimsicott\n|-resisted|p2a: Whimsicott\n|-damage|p2a: Whimsicott|0 fnt\n|faint|p2a: Whimsicott\n|move|p2b: Farigiraf|Psychic|p1a: Raging Bolt\n|-damage|p1a: Raging Bolt|19\/100\n|\n|-heal|p1a: Raging Bolt|25\/100|[from] Grassy Terrain\n|-heal|p1b: Rillaboom|81\/100|[from] Grassy Terrain\n|-heal|p2b: Farigiraf|86\/100|[from] Grassy Terrain\n|upkeep\n|\n|t:|1737747524\n|switch|p2a: Iron Hands|Iron Hands, L50|92\/100\n|turn|8\n|inactive|tangarang27 has 30 seconds left.\n|\n|t:|1737747554\n|move|p1a: Raging Bolt|Dragon Pulse|p2b: Farigiraf\n|-damage|p2b: Farigiraf|58\/100\n|move|p1b: Rillaboom|High Horsepower|p2a: Iron Hands\n|-supereffective|p2a: Iron Hands\n|-damage|p2a: Iron Hands|46\/100\n|move|p2b: Farigiraf|Psychic|p1a: Raging Bolt\n|-damage|p1a: Raging Bolt|0 fnt\n|faint|p1a: Raging Bolt\n|-end|p1a: Raging Bolt|Protosynthesis|[silent]\n|move|p2a: Iron Hands|Low Kick|p1b: Rillaboom\n|-damage|p1b: Rillaboom|34\/100\n|\n|-heal|p1b: Rillaboom|40\/100|[from] Grassy Terrain\n|-heal|p2b: Farigiraf|64\/100|[from] Grassy Terrain\n|-heal|p2a: Iron Hands|52\/100|[from] Grassy Terrain\n|upkeep\n|\n|t:|1737747566\n|switch|p1a: Farigiraf|Farigiraf, L50, F, tera:Fairy|44\/100\n|turn|9\n|\n|t:|1737747585\n|move|p1b: Rillaboom|High Horsepower|p2a: Iron Hands\n|-supereffective|p2a: Iron Hands\n|-damage|p2a: Iron Hands|4\/100\n|move|p2b: Farigiraf|Psychic|p1b: Rillaboom\n|-damage|p1b: Rillaboom|16\/100\n|move|p1a: Farigiraf|Psychic|p2a: Iron Hands\n|-supereffective|p2a: Iron Hands\n|-crit|p2a: Iron Hands\n|-damage|p2a: Iron Hands|0 fnt\n|faint|p2a: Iron Hands\n|-end|p2a: Iron Hands|Quark Drive|[silent]\n|\n|-heal|p1b: Rillaboom|22\/100|[from] Grassy Terrain\n|-heal|p2b: Farigiraf|70\/100|[from] Grassy Terrain\n|-heal|p1a: Farigiraf|50\/100|[from] Grassy Terrain\n|upkeep\n|turn|10\n|\n|t:|1737747596\n|move|p1b: Rillaboom|Wood Hammer|p2b: Farigiraf\n|-damage|p2b: Farigiraf|0 fnt\n|faint|p2b: Farigiraf\n|-damage|p1b: Rillaboom|0 fnt|[from] Recoil\n|faint|p1b: Rillaboom\n|\n|win|tangarang27\n|raw|tangarang27's rating: 1533 &rarr; <strong>1556<\/strong><br \/>(+23 for winning)\n|raw|Cyberhex's rating: 1588 &rarr; <strong>1565<\/strong><br \/>(-23 for losing)\n|l|\u2606Cyberhex\n|player|p2|\n|l|\u2606tangarang27\n|player|p1|\n","uploadtime":1737747733,"views":3,"formatid":"gen9vgc2025regg","rating":1556,"private":0,"password":null}