{"id":"gen9vgc2025regg-2287800145","format":"[Gen 9] VGC 2025 Reg G","players":["infinitygroudon","UnluckyTogekissZ"],"log":"|j|\u2606infinitygroudon\n|j|\u2606UnluckyTogekissZ\n|t:|1737783739\n|gametype|doubles\n|player|p1|infinitygroudon|1|1736\n|player|p2|UnluckyTogekissZ|265|1598\n|teamsize|p1|6\n|teamsize|p2|6\n|gen|9\n|tier|[Gen 9] VGC 2025 Reg G\n|rated|\n|rule|Species Clause: Limit one of each Pok\u00e9mon\n|rule|Item Clause: Limit 1 of each item\n|clearpoke\n|poke|p1|Calyrex-Shadow, L50|\n|poke|p1|Incineroar, L50, M|\n|poke|p1|Weezing-Galar, L50, M|\n|poke|p1|Indeedee-F, L50, F|\n|poke|p1|Iron Valiant, L50|\n|poke|p1|Ursaluna-Bloodmoon, L50, M|\n|poke|p2|Calyrex-Shadow, L50|\n|poke|p2|Sandy Shocks, L50|\n|poke|p2|Clefairy, L50, M|\n|poke|p2|Urshifu-*, L50, M|\n|poke|p2|Incineroar, L50, F|\n|poke|p2|Rillaboom, L50, F|\n|teampreview|4\n|\n|t:|1737783767\n|start\n|switch|p1a: Charming|Iron Valiant, L50, shiny|100\/100\n|switch|p1b: Duncan|Calyrex-Shadow, L50|100\/100\n|switch|p2a: Urshifu|Urshifu-Rapid-Strike, L50, M|100\/100\n|switch|p2b: Incineroar|Incineroar, L50, F|100\/100\n|-ability|p1b: Duncan|As One\n|-ability|p1b: Duncan|Unnerve\n|-ability|p2b: Incineroar|Intimidate|boost\n|-unboost|p1a: Charming|atk|1\n|-unboost|p1b: Duncan|atk|1\n|-enditem|p1a: Charming|Booster Energy\n|-activate|p1a: Charming|ability: Quark Drive|[fromitem]\n|-start|p1a: Charming|quarkdrivespe\n|turn|1\n|\n|t:|1737783792\n|switch|p1b: Suthen|Indeedee-F, L50, F|100\/100\n|-fieldstart|move: Psychic Terrain|[from] ability: Psychic Surge|[of] p1b: Suthen\n|move|p2a: Urshifu|Detect|p2a: Urshifu\n|-singleturn|p2a: Urshifu|Protect\n|move|p1a: Charming|Close Combat|p2b: Incineroar\n|-supereffective|p2b: Incineroar\n|-damage|p2b: Incineroar|23\/100\n|-unboost|p1a: Charming|def|1\n|-unboost|p1a: Charming|spd|1\n|move|p2b: Incineroar|Parting Shot|p1b: Suthen\n|-unboost|p1b: Suthen|atk|1\n|-unboost|p1b: Suthen|spa|1\n|j| tsrdytcf\n|\n|t:|1737783802\n|switch|p2b: Calyrex|Calyrex-Shadow, L50|100\/100|[from] Parting Shot\n|-ability|p2b: Calyrex|As One\n|-ability|p2b: Calyrex|Unnerve\n|\n|upkeep\n|turn|2\n|\n|t:|1737783820\n|switch|p2a: Incineroar|Incineroar, L50, F|23\/100\n|-ability|p2a: Incineroar|Intimidate|boost\n|-unboost|p1a: Charming|atk|1\n|-unboost|p1b: Suthen|atk|1\n|move|p1b: Suthen|Helping Hand|p1a: Charming\n|-singleturn|p1a: Charming|Helping Hand|[of] p1b: Suthen\n|move|p1a: Charming|Spirit Break|p2b: Calyrex\n|-damage|p2b: Calyrex|73\/100\n|move|p2b: Calyrex|Calm Mind|p2b: Calyrex\n|-boost|p2b: Calyrex|spa|1\n|-boost|p2b: Calyrex|spd|1\n|\n|upkeep\n|turn|3\n|\n|t:|1737783839\n|switch|p2a: Clefairy|Clefairy, L50, M, shiny|100\/100\n|-terastallize|p2b: Calyrex|Fairy\n|move|p1b: Suthen|Follow Me|p1b: Suthen\n|-singleturn|p1b: Suthen|move: Follow Me\n|move|p1a: Charming|Close Combat|p2a: Clefairy\n|-resisted|p2a: Clefairy\n|-damage|p2a: Clefairy|90\/100\n|-unboost|p1a: Charming|def|1\n|-unboost|p1a: Charming|spd|1\n|move|p2b: Calyrex|Calm Mind|p2b: Calyrex\n|-boost|p2b: Calyrex|spa|1\n|-boost|p2b: Calyrex|spd|1\n|\n|upkeep\n|turn|4\n|\n|t:|1737783855\n|-end|p1a: Charming|Quark Drive|[silent]\n|switch|p1a: Mr. Gassy|Weezing-Galar, L50, M|100\/100\n|-ability|p1a: Mr. Gassy|Neutralizing Gas\n|move|p2b: Calyrex|Calm Mind|p2b: Calyrex\n|-boost|p2b: Calyrex|spa|1\n|-boost|p2b: Calyrex|spd|1\n|move|p1b: Suthen|Dazzling Gleam|p2b: Calyrex|[spread] p2a,p2b\n|-damage|p2a: Clefairy|81\/100\n|-damage|p2b: Calyrex|70\/100\n|move|p2a: Clefairy|Sing|p1a: Mr. Gassy\n|-status|p1a: Mr. Gassy|slp|[from] move: Sing\n|\n|upkeep\n|turn|5\n|\n|t:|1737783869\n|move|p2b: Calyrex|Calm Mind|p2b: Calyrex\n|-boost|p2b: Calyrex|spa|1\n|-boost|p2b: Calyrex|spd|1\n|move|p1b: Suthen|Dazzling Gleam|p2a: Clefairy|[spread] p2a,p2b\n|-damage|p2a: Clefairy|74\/100\n|-damage|p2b: Calyrex|67\/100\n|cant|p1a: Mr. Gassy|slp\n|move|p2a: Clefairy|Sing|p1b: Suthen\n|-status|p1b: Suthen|slp|[from] move: Sing\n|\n|-fieldend|move: Psychic Terrain\n|upkeep\n|turn|6\n|\n|t:|1737783890\n|switch|p1b: Charming|Iron Valiant, L50, shiny|100\/100\n|move|p2a: Clefairy|Follow Me|p2a: Clefairy\n|-singleturn|p2a: Clefairy|move: Follow Me\n|move|p2b: Calyrex|Astral Barrage|p1b: Charming|[spread] p1a,p1b\n|-damage|p1a: Mr. Gassy|0 fnt\n|-damage|p1b: Charming|0 fnt\n|faint|p1a: Mr. Gassy\n|-end|p1a: Mr. Gassy|ability: Neutralizing Gas\n|faint|p1b: Charming\n|-end|p1b: Charming|Quark Drive|[silent]\n|-ability|p2b: Calyrex|Grim Neigh|boost\n|-boost|p2b: Calyrex|spa|2\n|\n|upkeep\n|\n|t:|1737783896\n|switch|p1b: Suthen|Indeedee-F, L50, F|100\/100 slp\n|switch|p1a: Duncan|Calyrex-Shadow, L50|100\/100\n|-ability|p1a: Duncan|As One\n|-ability|p1a: Duncan|Unnerve\n|-fieldstart|move: Psychic Terrain|[from] ability: Psychic Surge|[of] p1b: Suthen\n|turn|7\n|\n|t:|1737783912\n|-terastallize|p1a: Duncan|Normal\n|move|p2a: Clefairy|Protect|p2a: Clefairy\n|-singleturn|p2a: Clefairy|Protect\n|cant|p1b: Suthen|slp\n|move|p1a: Duncan|Expanding Force|p2b: Calyrex|[spread] p2b\n|-activate|p2a: Clefairy|move: Protect\n|-damage|p2b: Calyrex|44\/100\n|-damage|p1a: Duncan|91\/100|[from] item: Life Orb\n|move|p2b: Calyrex|Draining Kiss|p1a: Duncan\n|-damage|p1a: Duncan|0 fnt\n|-heal|p2b: Calyrex|100\/100|[from] drain|[of] p1a: Duncan\n|faint|p1a: Duncan\n|\n|upkeep\n|turn|8\n|-message|infinitygroudon forfeited.\n|\n|win|UnluckyTogekissZ\n|raw|infinitygroudon's rating: 1736 &rarr; <strong>1708<\/strong><br \/>(-28 for losing)\n|raw|UnluckyTogekissZ's rating: 1598 &rarr; <strong>1626<\/strong><br \/>(+28 for winning)\n|l|\u2606infinitygroudon\n|player|p1|\n|l| tsrdytcf\n|l|\u2606UnluckyTogekissZ\n|player|p2|\n","uploadtime":1737784164,"views":11,"formatid":"gen9vgc2025regg","rating":1626,"private":0,"password":null}