{"id":"gen9vgc2025regg-2287541392","format":"[Gen 9] VGC 2025 Reg G","players":["TailwindMakeItRain","MistoGoon2430"],"log":"|j|\u2606TailwindMakeItRain\n|j|\u2606MistoGoon2430\n|t:|1737749634\n|gametype|doubles\n|player|p1|TailwindMakeItRain|iris|1573\n|player|p2|MistoGoon2430|bruno|1557\n|teamsize|p1|6\n|teamsize|p2|6\n|gen|9\n|tier|[Gen 9] VGC 2025 Reg G\n|rated|\n|rule|Species Clause: Limit one of each Pok\u00e9mon\n|rule|Item Clause: Limit 1 of each item\n|clearpoke\n|poke|p1|Groudon, L50|\n|poke|p1|Raging Bolt, L50|\n|poke|p1|Chien-Pao, L50|\n|poke|p1|Incineroar, L50, F|\n|poke|p1|Ogerpon-Hearthflame, L50, F|\n|poke|p1|Farigiraf, L50, F|\n|poke|p2|Calyrex-Ice, L50|\n|poke|p2|Ursaluna, L50, F|\n|poke|p2|Ogerpon-Cornerstone, L50, F|\n|poke|p2|Amoonguss, L50, M|\n|poke|p2|Farigiraf, L50, M|\n|poke|p2|Annihilape, L50, M|\n|teampreview|4\n|inactive|Battle timer is ON: inactive players will automatically lose when time's up. (requested by MistoGoon2430)\n|\n|t:|1737749672\n|start\n|switch|p1a: Farigiraf|Farigiraf, L50, F|100\/100\n|switch|p1b: Ogerpon|Ogerpon-Hearthflame, L50, F|100\/100\n|switch|p2a: Calyrex|Calyrex-Ice, L50|100\/100\n|switch|p2b: Annihilape|Annihilape, L50, M, shiny|100\/100\n|-ability|p2a: Calyrex|As One\n|-ability|p2a: Calyrex|Unnerve\n|-ability|p1b: Ogerpon|Mold Breaker\n|turn|1\n|\n|t:|1737749697\n|-terastallize|p2a: Calyrex|Fire\n|move|p1b: Ogerpon|Spiky Shield|p1b: Ogerpon\n|-singleturn|p1b: Ogerpon|move: Protect\n|move|p1a: Farigiraf|Protect|p1a: Farigiraf\n|-singleturn|p1a: Farigiraf|Protect\n|move|p2b: Annihilape|Coaching|p2a: Calyrex\n|-boost|p2a: Calyrex|atk|1\n|-boost|p2a: Calyrex|def|1\n|move|p2a: Calyrex|Trick Room|p2a: Calyrex\n|-fieldstart|move: Trick Room|[of] p2a: Calyrex\n|\n|upkeep\n|turn|2\n|\n|t:|1737749711\n|switch|p2b: Ursaluna|Ursaluna, L50, F|100\/100\n|-terastallize|p1a: Farigiraf|Water\n|move|p2a: Calyrex|Glacial Lance|p1b: Ogerpon|[spread] p1a,p1b\n|-resisted|p1a: Farigiraf\n|-damage|p1a: Farigiraf|55\/100\n|-damage|p1b: Ogerpon|0 fnt\n|faint|p1b: Ogerpon\n|-ability|p2a: Calyrex|Chilling Neigh|boost\n|-boost|p2a: Calyrex|atk|1\n|move|p1a: Farigiraf|Trick Room|p1a: Farigiraf\n|-fieldend|move: Trick Room\n|\n|-status|p2b: Ursaluna|brn|[from] item: Flame Orb\n|upkeep\n|j| chebelcorgi\n|j| JB Fightemup\n|\n|t:|1737749717\n|switch|p1b: Groudon|Groudon, L50|100\/100\n|-weather|SunnyDay|[from] ability: Drought|[of] p1b: Groudon\n|turn|3\n|\n|t:|1737749733\n|move|p2a: Calyrex|Protect|p2a: Calyrex\n|-singleturn|p2a: Calyrex|Protect\n|move|p1b: Groudon|Precipice Blades|p2b: Ursaluna|[spread] p2b\n|-activate|p2a: Calyrex|move: Protect\n|-damage|p2b: Ursaluna|56\/100 brn\n|move|p1a: Farigiraf|Hyper Voice|p2a: Calyrex|[spread] p2b\n|-activate|p2a: Calyrex|move: Protect\n|-damage|p2b: Ursaluna|26\/100 brn\n|-enditem|p1a: Farigiraf|Throat Spray\n|-boost|p1a: Farigiraf|spa|1|[from] item: Throat Spray\n|move|p2b: Ursaluna|Earthquake|p1a: Farigiraf|[spread] p1a,p1b\n|-activate|p2a: Calyrex|move: Protect\n|-damage|p1a: Farigiraf|0 fnt\n|-damage|p1b: Groudon|52\/100\n|faint|p1a: Farigiraf\n|\n|-weather|SunnyDay|[upkeep]\n|-damage|p2b: Ursaluna|20\/100 brn|[from] brn\n|upkeep\n|\n|t:|1737749735\n|switch|p1a: Chien-Pao|Chien-Pao, L50|100\/100\n|-ability|p1a: Chien-Pao|Sword of Ruin\n|turn|4\n|inactive|MistoGoon2430 has 30 seconds left.\n|\n|t:|1737749767\n|move|p2b: Ursaluna|Protect|p2b: Ursaluna\n|-singleturn|p2b: Ursaluna|Protect\n|move|p1a: Chien-Pao|Sacred Sword|p2a: Calyrex\n|-damage|p2a: Calyrex|75\/100\n|move|p1b: Groudon|Precipice Blades|p2a: Calyrex|[spread] p2a\n|-activate|p2b: Ursaluna|move: Protect\n|-supereffective|p2a: Calyrex\n|-damage|p2a: Calyrex|8\/100\n|move|p2a: Calyrex|Glacial Lance|p1b: Groudon|[spread] p1a,p1b\n|-resisted|p1a: Chien-Pao\n|-supereffective|p1b: Groudon\n|-damage|p1a: Chien-Pao|22\/100\n|-damage|p1b: Groudon|0 fnt\n|faint|p1b: Groudon\n|-ability|p2a: Calyrex|Chilling Neigh|boost\n|-boost|p2a: Calyrex|atk|1\n|\n|-weather|SunnyDay|[upkeep]\n|-damage|p2b: Ursaluna|14\/100 brn|[from] brn\n|upkeep\n|turn|5\n|-message|TailwindMakeItRain forfeited.\n|\n|win|MistoGoon2430\n|raw|TailwindMakeItRain's rating: 1573 &rarr; <strong>1552<\/strong><br \/>(-21 for losing)\n|raw|MistoGoon2430's rating: 1557 &rarr; <strong>1578<\/strong><br \/>(+21 for winning)\n|l|\u2606TailwindMakeItRain\n|player|p1|\n|l| chebelcorgi\n|l|\u2606MistoGoon2430\n|player|p2|\n","uploadtime":1737749930,"views":10,"formatid":"gen9vgc2025regg","rating":1552,"private":0,"password":null}