{"id":"gen9vgc2025regg-2287634878","format":"[Gen 9] VGC 2025 Reg G","players":["Iamsliverfish","Angelo Neres"],"log":"|j|\u2606Iamsliverfish\n|j|\u2606Angelo Neres\n|t:|1737760151\n|gametype|doubles\n|player|p1|Iamsliverfish|hiker-gen4|1750\n|player|p2|Angelo Neres|169|1639\n|teamsize|p1|6\n|teamsize|p2|6\n|gen|9\n|tier|[Gen 9] VGC 2025 Reg G\n|rated|\n|rule|Species Clause: Limit one of each Pok\u00e9mon\n|rule|Item Clause: Limit 1 of each item\n|clearpoke\n|poke|p1|Calyrex-Shadow, L50|\n|poke|p1|Ursaluna, L50, F|\n|poke|p1|Indeedee-F, L50, F|\n|poke|p1|Ogerpon-Wellspring, L50, F|\n|poke|p1|Tornadus, L50, M|\n|poke|p1|Chi-Yu, L50|\n|poke|p2|Groudon, L50|\n|poke|p2|Moltres-Galar, L50|\n|poke|p2|Scream Tail, L50|\n|poke|p2|Grimmsnarl, L50, M|\n|poke|p2|Cobalion, L50|\n|poke|p2|Amoonguss, L50, F|\n|teampreview|4\n|inactive|Battle timer is ON: inactive players will automatically lose when time's up. (requested by Angelo Neres)\n|\n|t:|1737760176\n|start\n|switch|p1a: Tornadus|Tornadus, L50, M|100\/100\n|switch|p1b: Chi-Yu|Chi-Yu, L50|100\/100\n|switch|p2a: Moltres|Moltres-Galar, L50, shiny|100\/100\n|switch|p2b: Grimmsnarl|Grimmsnarl, L50, M, shiny|100\/100\n|-ability|p1b: Chi-Yu|Beads of Ruin\n|turn|1\n|\n|t:|1737760186\n|move|p2b: Grimmsnarl|Light Screen|p2b: Grimmsnarl\n|-sidestart|p2: Angelo Neres|move: Light Screen\n|move|p1b: Chi-Yu|Heat Wave|p2a: Moltres|[spread] p2b\n|-miss|p1b: Chi-Yu|p2a: Moltres\n|-damage|p2b: Grimmsnarl|69\/100\n|move|p1a: Tornadus|Bleakwind Storm|p2b: Grimmsnarl|[spread] p2a,p2b\n|-damage|p2a: Moltres|76\/100\n|-damage|p2b: Grimmsnarl|34\/100\n|-unboost|p2a: Moltres|spe|1\n|move|p2a: Moltres|Tailwind|p2a: Moltres\n|-sidestart|p2: Angelo Neres|move: Tailwind\n|\n|upkeep\n|turn|2\n|\n|t:|1737760210\n|move|p2b: Grimmsnarl|Parting Shot|p1a: Tornadus\n|-unboost|p1a: Tornadus|atk|1\n|-unboost|p1a: Tornadus|spa|1\n|\n|t:|1737760215\n|switch|p2b: Scream Tail|Scream Tail, L50, shiny|100\/100|[from] Parting Shot\n|move|p1b: Chi-Yu|Heat Wave|p2b: Scream Tail|[spread] p2a\n|-miss|p1b: Chi-Yu|p2b: Scream Tail\n|-damage|p2a: Moltres|53\/100\n|move|p2a: Moltres|Fiery Wrath|p1a: Tornadus|[spread] p1a,p1b\n|-resisted|p1b: Chi-Yu\n|-damage|p1a: Tornadus|45\/100\n|-damage|p1b: Chi-Yu|82\/100\n|move|p1a: Tornadus|Bleakwind Storm|p2b: Scream Tail|[spread] \n|-miss|p1a: Tornadus|p2a: Moltres\n|-miss|p1a: Tornadus|p2b: Scream Tail\n|\n|upkeep\n|turn|3\n|\n|t:|1737760238\n|move|p1a: Tornadus|Tailwind|p1a: Tornadus\n|-sidestart|p1: Iamsliverfish|move: Tailwind\n|move|p1b: Chi-Yu|Heat Wave|p2a: Moltres|[spread] p2a,p2b\n|-damage|p2a: Moltres|27\/100\n|-damage|p2b: Scream Tail|74\/100\n|-ability|p2a: Moltres|Berserk|boost\n|-boost|p2a: Moltres|spa|1\n|-enditem|p2a: Moltres|Sitrus Berry|[eat]\n|-heal|p2a: Moltres|52\/100|[from] item: Sitrus Berry\n|move|p2b: Scream Tail|Disable|p1b: Chi-Yu\n|-start|p1b: Chi-Yu|Disable|Heat Wave\n|move|p2a: Moltres|Fiery Wrath|p1a: Tornadus|[spread] p1a,p1b\n|-resisted|p1b: Chi-Yu\n|-damage|p1a: Tornadus|0 fnt\n|-damage|p1b: Chi-Yu|57\/100\n|faint|p1a: Tornadus\n|\n|upkeep\n|\n|t:|1737760245\n|switch|p1a: Calyrex|Calyrex-Shadow, L50|100\/100\n|-ability|p1a: Calyrex|As One\n|-ability|p1a: Calyrex|Unnerve\n|turn|4\n|\n|t:|1737760256\n|switch|p1b: Ogerpon|Ogerpon-Wellspring, L50, F|100\/100\n|-end|p2b: Scream Tail|Protosynthesis|[silent]\n|switch|p2b: Grimmsnarl|Grimmsnarl, L50, M, shiny|34\/100\n|move|p1a: Calyrex|Protect|p1a: Calyrex\n|-singleturn|p1a: Calyrex|Protect\n|move|p2a: Moltres|Fiery Wrath|p1a: Calyrex|[spread] p1b\n|-activate|p1a: Calyrex|move: Protect\n|-damage|p1b: Ogerpon|50\/100\n|\n|-sideend|p2: Angelo Neres|move: Tailwind\n|upkeep\n|turn|5\n|j| JV08\n|\n|t:|1737760281\n|-terastallize|p1a: Calyrex|Ground\n|move|p2b: Grimmsnarl|Parting Shot|p1a: Calyrex\n|-unboost|p1a: Calyrex|atk|1\n|-unboost|p1a: Calyrex|spa|1\n|\n|t:|1737760290\n|switch|p2b: Scream Tail|Scream Tail, L50, shiny|74\/100|[from] Parting Shot\n|move|p1a: Calyrex|Astral Barrage|p2a: Moltres|[spread] p2a,p2b\n|-resisted|p2a: Moltres\n|-supereffective|p2b: Scream Tail\n|-damage|p2a: Moltres|40\/100\n|-damage|p2b: Scream Tail|29\/100\n|-ability|p2a: Moltres|Berserk|boost\n|-boost|p2a: Moltres|spa|1\n|-damage|p1a: Calyrex|91\/100|[from] item: Life Orb\n|move|p1b: Ogerpon|Ivy Cudgel|p2a: Moltres|[anim] Ivy Cudgel Water\n|-damage|p2a: Moltres|0 fnt\n|faint|p2a: Moltres\n|\n|-sideend|p2: Angelo Neres|move: Light Screen\n|upkeep\n|\n|t:|1737760305\n|switch|p2a: Groudon|Groudon, L50, shiny|100\/100\n|-weather|SunnyDay|[from] ability: Drought|[of] p2a: Groudon\n|-activate|p2b: Scream Tail|ability: Protosynthesis\n|-start|p2b: Scream Tail|protosynthesisspe\n|turn|6\n|\n|t:|1737760326\n|-end|p2b: Scream Tail|Protosynthesis|[silent]\n|switch|p2b: Grimmsnarl|Grimmsnarl, L50, M, shiny|34\/100\n|-terastallize|p2a: Groudon|Fire\n|move|p1a: Calyrex|Astral Barrage|p2b: Grimmsnarl|[spread] p2a,p2b\n|-resisted|p2b: Grimmsnarl\n|-damage|p2a: Groudon|71\/100\n|-damage|p2b: Grimmsnarl|11\/100\n|-damage|p1a: Calyrex|81\/100|[from] item: Life Orb\n|move|p1b: Ogerpon|Horn Leech|p2a: Groudon\n|-resisted|p2a: Groudon\n|-damage|p2a: Groudon|55\/100\n|-heal|p1b: Ogerpon|59\/100|[from] drain|[of] p2a: Groudon\n|move|p2a: Groudon|Heat Crash|p1a: Calyrex\n|-damage|p1a: Calyrex|0 fnt\n|faint|p1a: Calyrex\n|\n|-weather|SunnyDay|[upkeep]\n|-sideend|p1: Iamsliverfish|move: Tailwind\n|upkeep\n|\n|t:|1737760329\n|switch|p1a: Chi-Yu|Chi-Yu, L50|57\/100\n|-ability|p1a: Chi-Yu|Beads of Ruin\n|turn|7\n|\n|t:|1737760346\n|move|p2b: Grimmsnarl|Light Screen|p2b: Grimmsnarl\n|-sidestart|p2: Angelo Neres|move: Light Screen\n|move|p1a: Chi-Yu|Overheat|p2a: Groudon\n|-resisted|p2a: Groudon\n|-damage|p2a: Groudon|28\/100\n|-unboost|p1a: Chi-Yu|spa|2\n|move|p1b: Ogerpon|Ivy Cudgel|p2a: Groudon|[anim] Ivy Cudgel Water\n|-supereffective|p2a: Groudon\n|-damage|p2a: Groudon|0 fnt\n|faint|p2a: Groudon\n|\n|-weather|SunnyDay|[upkeep]\n|upkeep\n|\n|t:|1737760357\n|switch|p2a: Scream Tail|Scream Tail, L50, shiny|29\/100\n|-activate|p2a: Scream Tail|ability: Protosynthesis\n|-start|p2a: Scream Tail|protosynthesisspe\n|turn|8\n|\n|t:|1737760360\n|move|p2a: Scream Tail|Disable|p1a: Chi-Yu\n|-start|p1a: Chi-Yu|Disable|Overheat\n|cant|p1a: Chi-Yu|Disable|Overheat\n|move|p1b: Ogerpon|Horn Leech|p2b: Grimmsnarl\n|-damage|p2b: Grimmsnarl|0 fnt\n|-heal|p1b: Ogerpon|65\/100|[from] drain|[of] p2b: Grimmsnarl\n|faint|p2b: Grimmsnarl\n|\n|-weather|SunnyDay|[upkeep]\n|upkeep\n|turn|9\n|\n|t:|1737760370\n|move|p2a: Scream Tail|Encore|p1b: Ogerpon\n|-start|p1b: Ogerpon|Encore\n|-activate|p1a: Chi-Yu|move: Struggle\n|move|p1a: Chi-Yu|Struggle|p2a: Scream Tail\n|-damage|p2a: Scream Tail|23\/100\n|-damage|p1a: Chi-Yu|32\/100|[from] recoil\n|move|p1b: Ogerpon|Horn Leech|p2a: Scream Tail\n|-damage|p2a: Scream Tail|0 fnt\n|-heal|p1b: Ogerpon|79\/100|[from] drain|[of] p2a: Scream Tail\n|faint|p2a: Scream Tail\n|-end|p2a: Scream Tail|Protosynthesis|[silent]\n|\n|win|Iamsliverfish\n|raw|Iamsliverfish's rating: 1750 &rarr; <strong>1764<\/strong><br \/>(+14 for winning)\n|raw|Angelo Neres's rating: 1639 &rarr; <strong>1625<\/strong><br \/>(-14 for losing)\n|l|\u2606Iamsliverfish\n|player|p1|\n|l|\u2606Angelo Neres\n|player|p2|\n","uploadtime":1737760505,"views":20,"formatid":"gen9vgc2025regg","rating":1625,"private":0,"password":null}