{"id":"gen9vgc2025regg-2287108896","format":"[Gen 9] VGC 2025 Reg G","players":["bluestraggler01","firepatriley"],"log":"|j|\u203dbluestraggler01\n|j|\u2606firepatriley\n|t:|1737691885\n|gametype|doubles\n|player|p1|bluestraggler01|169|1651\n|player|p2|firepatriley|102|1623\n|teamsize|p1|6\n|teamsize|p2|6\n|gen|9\n|tier|[Gen 9] VGC 2025 Reg G\n|rated|\n|rule|Species Clause: Limit one of each Pok\u00e9mon\n|rule|Item Clause: Limit 1 of each item\n|clearpoke\n|poke|p1|Koraidon, L50|\n|poke|p1|Lilligant-Hisui, L50, F|\n|poke|p1|Walking Wake, L50|\n|poke|p1|Raging Bolt, L50|\n|poke|p1|Kingambit, L50, M|\n|poke|p1|Volcarona, L50, F|\n|poke|p2|Lunala, L50|\n|poke|p2|Ursaluna, L50, M|\n|poke|p2|Urshifu-*, L50, F|\n|poke|p2|Rillaboom, L50, F|\n|poke|p2|Umbreon, L50, F|\n|poke|p2|Incineroar, L50, M|\n|teampreview|4\n|inactive|Battle timer is ON: inactive players will automatically lose when time's up. (requested by firepatriley)\nfirepatriley rejected open team sheets.\n|j| testing_chue\n|inactive|bluestraggler01 has 60 seconds left.\n|\n|t:|1737691920\n|start\n|switch|p1a: Koraidon|Koraidon, L50|100\/100\n|switch|p1b: Lilligant|Lilligant-Hisui, L50, F|100\/100\n|switch|p2a: Urshifu|Urshifu-Rapid-Strike, L50, F|100\/100\n|switch|p2b: Lunala|Lunala, L50|100\/100\n|-weather|SunnyDay|[from] ability: Orichalcum Pulse|[of] p1a: Koraidon\n|-activate|p1a: Koraidon|Orichalcum Pulse|[source]\n|turn|1\n|\n|t:|1737691942\n|move|p2b: Lunala|Protect|p2b: Lunala\n|-singleturn|p2b: Lunala|Protect\n|move|p1b: Lilligant|Sleep Powder|p2a: Urshifu\n|-status|p2a: Urshifu|slp|[from] move: Sleep Powder\n|move|p1a: Koraidon|Flame Charge|p2a: Urshifu\n|-resisted|p2a: Urshifu\n|-damage|p2a: Urshifu|82\/100 slp\n|-boost|p1a: Koraidon|spe|1\n|cant|p2a: Urshifu|slp\n|\n|-weather|SunnyDay|[upkeep]\n|upkeep\n|turn|2\n|\n|t:|1737691961\n|switch|p2a: Ursaluna|Ursaluna, L50, M|100\/100\n|move|p1b: Lilligant|Solar Blade||[still]\n|-prepare|p1b: Lilligant|Solar Blade\n|-anim|p1b: Lilligant|Solar Blade|p2a: Ursaluna\n|-supereffective|p2a: Ursaluna\n|-damage|p2a: Ursaluna|17\/100\n|move|p1a: Koraidon|Flare Blitz|p2b: Lunala\n|-damage|p2b: Lunala|70\/100\n|-damage|p1a: Koraidon|87\/100|[from] Recoil\n|move|p2b: Lunala|Trick Room|p2b: Lunala\n|-fieldstart|move: Trick Room|[of] p2b: Lunala\n|\n|-weather|SunnyDay|[upkeep]\n|-heal|p2b: Lunala|76\/100|[from] item: Leftovers\n|-status|p2a: Ursaluna|brn|[from] item: Flame Orb\n|upkeep\n|turn|3\n|\n|t:|1737691986\n|move|p2a: Ursaluna|Facade|p1a: Koraidon\n|-damage|p1a: Koraidon|0 fnt\n|faint|p1a: Koraidon\n|move|p2b: Lunala|Moonblast|p1b: Lilligant\n|-supereffective|p1b: Lilligant\n|-enditem|p1b: Lilligant|Focus Sash\n|-damage|p1b: Lilligant|1\/100\n|move|p1b: Lilligant|Solar Blade||[still]\n|-prepare|p1b: Lilligant|Solar Blade\n|-anim|p1b: Lilligant|Solar Blade|p2a: Ursaluna\n|-supereffective|p2a: Ursaluna\n|-damage|p2a: Ursaluna|0 fnt\n|faint|p2a: Ursaluna\n|\n|-weather|SunnyDay|[upkeep]\n|-heal|p2b: Lunala|82\/100|[from] item: Leftovers\n|upkeep\n|\n|t:|1737691995\n|switch|p2a: Urshifu|Urshifu-Rapid-Strike, L50, F|82\/100 slp\n|switch|p1a: Kingambit|Kingambit, L50, M|100\/100\n|turn|4\n|j| xiaolongH\n|\n|t:|1737692021\n|switch|p1b: Walking Wake|Walking Wake, L50|100\/100\n|-activate|p1b: Walking Wake|ability: Protosynthesis\n|-start|p1b: Walking Wake|protosynthesisspe\n|-terastallize|p1a: Kingambit|Dark\n|-terastallize|p2b: Lunala|Fairy\n|move|p1a: Kingambit|Kowtow Cleave|p2a: Urshifu\n|-resisted|p2a: Urshifu\n|-damage|p2a: Urshifu|42\/100 slp\n|move|p2b: Lunala|Moonblast|p1b: Walking Wake\n|-supereffective|p1b: Walking Wake\n|-damage|p1b: Walking Wake|0 fnt\n|faint|p1b: Walking Wake\n|-end|p1b: Walking Wake|Protosynthesis|[silent]\n|cant|p2a: Urshifu|slp\n|\n|-weather|SunnyDay|[upkeep]\n|-heal|p2b: Lunala|88\/100|[from] item: Leftovers\n|upkeep\n|\n|t:|1737692036\n|switch|p1b: Lilligant|Lilligant-Hisui, L50, F|1\/100\n|turn|5\n|\n|t:|1737692045\n|move|p1a: Kingambit|Iron Head|p2b: Lunala\n|-supereffective|p2b: Lunala\n|-damage|p2b: Lunala|16\/100\n|move|p2b: Lunala|Moonblast|p1b: Lilligant\n|-supereffective|p1b: Lilligant\n|-damage|p1b: Lilligant|0 fnt\n|faint|p1b: Lilligant\n|cant|p2a: Urshifu|slp\n|\n|-weather|none\n|-heal|p2b: Lunala|22\/100|[from] item: Leftovers\n|upkeep\n|turn|6\n|-message|bluestraggler01 forfeited.\n|\n|win|firepatriley\n|raw|bluestraggler01's rating: 1651 &rarr; <strong>1629<\/strong><br \/>(-22 for losing)\n|raw|firepatriley's rating: 1623 &rarr; <strong>1645<\/strong><br \/>(+22 for winning)\n|l|\u203dbluestraggler01\n|player|p1|\n|l|\u2606firepatriley\n|player|p2|\n|l| testing_chue\n|l| xiaolongH\n","uploadtime":1737692306,"views":37,"formatid":"gen9vgc2025regg","rating":1629,"private":0,"password":null}