{"id":"gen9vgc2025regg-2287593061","format":"[Gen 9] VGC 2025 Reg G","players":["JB Fightemup","Diestoise"],"log":"|j|\u2606JB Fightemup\n|j|\u2606Diestoise\n|t:|1737755211\n|gametype|doubles\n|player|p1|JB Fightemup|roughneck-gen4|1562\n|player|p2|Diestoise|blue|1615\n|teamsize|p1|6\n|teamsize|p2|6\n|gen|9\n|tier|[Gen 9] VGC 2025 Reg G\n|rated|\n|rule|Species Clause: Limit one of each Pok\u00e9mon\n|rule|Item Clause: Limit 1 of each item\n|clearpoke\n|poke|p1|Miraidon, L50|\n|poke|p1|Sableye, L50, F|\n|poke|p1|Iron Treads, L50|\n|poke|p1|Incineroar, L50, F|\n|poke|p1|Ursaluna-Bloodmoon, L50, M|\n|poke|p1|Ditto, L50|\n|poke|p2|Koraidon, L50|\n|poke|p2|Raging Bolt, L50|\n|poke|p2|Entei, L50|\n|poke|p2|Flutter Mane, L50|\n|poke|p2|Venusaur, L50, F|\n|poke|p2|Ditto, L50|\n|teampreview|4\n|inactive|Battle timer is ON: inactive players will automatically lose when time's up. (requested by JB Fightemup)\n|c|\u2606JB Fightemup|Ditto mirror match incoming\n|j| zacattack110\n|inactive|JB Fightemup has 60 seconds left.\n|inactive|Diestoise has 60 seconds left.\n|j| Stempe\n|\n|t:|1737755257\n|start\n|switch|p1a: Sableye|Sableye, L50, F, shiny|100\/100\n|switch|p1b: Ursaluna|Ursaluna-Bloodmoon, L50, M|100\/100\n|switch|p2a: Entei|Entei, L50|100\/100\n|switch|p2b: Koraidon|Koraidon, L50|100\/100\n|-weather|SunnyDay|[from] ability: Orichalcum Pulse|[of] p2b: Koraidon\n|-activate|p2b: Koraidon|Orichalcum Pulse|[source]\n|turn|1\n|inactive|JB Fightemup has 30 seconds left.\n|inactive|Diestoise has 30 seconds left.\n|inactive|Diestoise has 20 seconds left.\n|inactive|Diestoise has 15 seconds left.\n|inactive|Diestoise has 10 seconds left.\n|\n|t:|1737755303\n|-terastallize|p2b: Koraidon|Fire\n|move|p1a: Sableye|Fake Out|p2b: Koraidon\n|-damage|p2b: Koraidon|91\/100\n|cant|p2b: Koraidon|flinch\n|move|p2a: Entei|Sacred Fire|p1a: Sableye|[miss]\n|-miss|p2a: Entei|p1a: Sableye\n|move|p1b: Ursaluna|Hyper Voice|p2b: Koraidon|[spread] p2a,p2b\n|-damage|p2a: Entei|75\/100\n|-damage|p2b: Koraidon|52\/100\n|-enditem|p1b: Ursaluna|Throat Spray\n|-boost|p1b: Ursaluna|spa|1|[from] item: Throat Spray\n|\n|-weather|SunnyDay|[upkeep]\n|upkeep\n|turn|2\n|inactive|JB Fightemup has 30 seconds left.\n|\n|t:|1737755338\n|move|p1a: Sableye|Quash|p2b: Koraidon\n|-activate|p2b: Koraidon|move: Quash\n|move|p2a: Entei|Sacred Fire|p1a: Sableye\n|-enditem|p1a: Sableye|Focus Sash\n|-damage|p1a: Sableye|1\/100\n|-status|p1a: Sableye|brn\n|move|p1b: Ursaluna|Hyper Voice|p2a: Entei|[spread] p2a,p2b\n|-damage|p2a: Entei|32\/100\n|-damage|p2b: Koraidon|0 fnt\n|faint|p2b: Koraidon\n|\n|-weather|SunnyDay|[upkeep]\n|-damage|p1a: Sableye|0 fnt|[from] brn\n|faint|p1a: Sableye\n|upkeep\n|\n|t:|1737755362\n|switch|p2b: Flutter Mane|Flutter Mane, L50, shiny|100\/100\n|switch|p1a: Incineroar|Incineroar, L50, F|100\/100\n|-activate|p2b: Flutter Mane|ability: Protosynthesis\n|-start|p2b: Flutter Mane|protosynthesisspe\n|-ability|p1a: Incineroar|Intimidate|boost\n|-fail|p2a: Entei|unboost|Attack|[from] ability: Inner Focus|[of] p2a: Entei\n|-unboost|p2b: Flutter Mane|atk|1\n|turn|3\n|\n|t:|1737755384\n|move|p2b: Flutter Mane|Dazzling Gleam|p1b: Ursaluna|[spread] p1a,p1b\n|-crit|p1b: Ursaluna\n|-damage|p1a: Incineroar|78\/100\n|-damage|p1b: Ursaluna|46\/100\n|move|p2a: Entei|Sacred Fire|p1b: Ursaluna\n|-damage|p1b: Ursaluna|0 fnt\n|faint|p1b: Ursaluna\n|move|p1a: Incineroar|Flare Blitz|p2b: Flutter Mane\n|-enditem|p2b: Flutter Mane|Focus Sash\n|-damage|p2b: Flutter Mane|1\/100\n|-status|p2b: Flutter Mane|brn\n|-damage|p1a: Incineroar|57\/100|[from] Recoil\n|\n|-weather|SunnyDay|[upkeep]\n|-damage|p2b: Flutter Mane|0 fnt|[from] brn\n|faint|p2b: Flutter Mane\n|-end|p2b: Flutter Mane|Protosynthesis|[silent]\n|upkeep\n|c|\u2606JB Fightemup|So lucky\n|\n|t:|1737755406\n|switch|p2b: Ditto|Ditto, L50|100\/100\n|switch|p1b: Miraidon|Miraidon, L50|100\/100\n|-fieldstart|move: Electric Terrain|[from] ability: Hadron Engine|[of] p1b: Miraidon\n|-transform|p2b: Ditto|p1a: Incineroar|[from] ability: Imposter\n|-ability|p2b: Ditto|Intimidate|boost\n|-unboost|p1a: Incineroar|atk|1\n|-unboost|p1b: Miraidon|atk|1\n|turn|4\n|c|\u2606Diestoise|Yes\n|inactive|JB Fightemup has 30 seconds left.\n|\n|t:|1737755437\n|move|p2b: Ditto|Fake Out|p1b: Miraidon\n|-damage|p1b: Miraidon|86\/100\n|cant|p1b: Miraidon|flinch\n|move|p2a: Entei|Stomping Tantrum|p1b: Miraidon\n|-supereffective|p1b: Miraidon\n|-damage|p1b: Miraidon|29\/100\n|move|p1a: Incineroar|Knock Off|p2a: Entei\n|-damage|p2a: Entei|2\/100\n|-enditem|p2a: Entei|Assault Vest|[from] move: Knock Off|[of] p1a: Incineroar\n|\n|-weather|SunnyDay|[upkeep]\n|upkeep\n|turn|5\n|inactive|JB Fightemup has 30 seconds left.\n|inactive|JB Fightemup has 20 seconds left.\n|inactive|JB Fightemup has 15 seconds left.\n|inactive|JB Fightemup has 10 seconds left.\n|inactive|JB Fightemup has 5 seconds left.\n|\n|t:|1737755492\n|move|p2a: Entei|Extreme Speed|p1b: Miraidon\n|-damage|p1b: Miraidon|1\/100\n|move|p1b: Miraidon|Electro Drift|p2b: Ditto\n|-damage|p2b: Ditto|0 fnt\n|faint|p2b: Ditto\n|move|p1a: Incineroar|Knock Off|p2a: Entei\n|-damage|p2a: Entei|0 fnt\n|faint|p2a: Entei\n|\n|win|JB Fightemup\n|raw|JB Fightemup's rating: 1562 &rarr; <strong>1585<\/strong><br \/>(+23 for winning)\n|raw|Diestoise's rating: 1615 &rarr; <strong>1592<\/strong><br \/>(-23 for losing)\n|l|\u2606Diestoise\n|player|p2|\n|l|\u2606JB Fightemup\n|player|p1|\n","uploadtime":1737755700,"views":12,"formatid":"gen9vgc2025regg","rating":1585,"private":0,"password":null}