{"id":"gen9vgc2025regg-2287793871","format":"[Gen 9] VGC 2025 Reg G","players":["UnluckyTogekissZ","ZTMY ENCORE"],"log":"|j|\u2606UnluckyTogekissZ\n|j|\u2606ZTMY ENCORE\n|t:|1737782598\n|gametype|doubles\n|player|p1|UnluckyTogekissZ|265|1616\n|player|p2|ZTMY ENCORE|169|1622\n|teamsize|p1|6\n|teamsize|p2|6\n|gen|9\n|tier|[Gen 9] VGC 2025 Reg G\n|rated|\n|rule|Species Clause: Limit one of each Pok\u00e9mon\n|rule|Item Clause: Limit 1 of each item\n|clearpoke\n|poke|p1|Calyrex-Shadow, L50|\n|poke|p1|Sandy Shocks, L50|\n|poke|p1|Clefairy, L50, M|\n|poke|p1|Urshifu-*, L50, F|\n|poke|p1|Incineroar, L50, M|\n|poke|p1|Rillaboom, L50, M|\n|poke|p2|Terapagos, L50, M|\n|poke|p2|Smeargle, L50, M|\n|poke|p2|Tornadus, L50, M|\n|poke|p2|Ogerpon-Hearthflame, L50, F|\n|poke|p2|Dondozo, L50, F|\n|poke|p2|Tatsugiri-Stretchy, L50, F|\n|teampreview|4\n|\n|t:|1737782634\n|start\n|switch|p1a: Calyrex|Calyrex-Shadow, L50|100\/100\n|switch|p1b: Sandy Shocks|Sandy Shocks, L50|100\/100\n|switch|p2a: Terapagos|Terapagos, L50, M|100\/100\n|switch|p2b: Smeargle|Smeargle, L50, M|100\/100\n|-ability|p1a: Calyrex|As One\n|-ability|p1a: Calyrex|Unnerve\n|-activate|p2a: Terapagos|ability: Tera Shift\n|detailschange|p2a: Terapagos|Terapagos-Terastal, L50, M\n|-heal|p2a: Terapagos|100\/100|[silent]\n|turn|1\n|\n|t:|1737782662\n|move|p2b: Smeargle|Fake Out|p1b: Sandy Shocks\n|-damage|p1b: Sandy Shocks|94\/100\n|move|p1a: Calyrex|Calm Mind|p1a: Calyrex\n|-boost|p1a: Calyrex|spa|1\n|-boost|p1a: Calyrex|spd|1\n|cant|p1b: Sandy Shocks|flinch\n|move|p2a: Terapagos|Dark Pulse|p1a: Calyrex\n|-supereffective|p1a: Calyrex\n|-damage|p1a: Calyrex|10\/100\n|\n|-ability|p2b: Smeargle|Moody|boost\n|-boost|p2b: Smeargle|spe|2\n|-unboost|p2b: Smeargle|spa|1\n|upkeep\n|turn|2\n|\n|t:|1737782677\n|switch|p2a: Ogerpon|Ogerpon-Hearthflame, L50, F|100\/100\n|-ability|p2a: Ogerpon|Mold Breaker\n|move|p1a: Calyrex|Protect|p1a: Calyrex\n|-singleturn|p1a: Calyrex|Protect\n|move|p2b: Smeargle|Spore|p1a: Calyrex\n|-activate|p1a: Calyrex|move: Protect\n|move|p1b: Sandy Shocks|Thunder Wave|p2a: Ogerpon\n|-status|p2a: Ogerpon|par\n|\n|-ability|p2b: Smeargle|Moody|boost\n|-boost|p2b: Smeargle|spa|2\n|-unboost|p2b: Smeargle|spd|1\n|upkeep\n|turn|3\n|\n|t:|1737782708\n|move|p2b: Smeargle|Spore|p1a: Calyrex\n|-status|p1a: Calyrex|slp|[from] move: Spore\n|cant|p1a: Calyrex|slp\n|move|p1b: Sandy Shocks|Earth Power|p2a: Ogerpon\n|-damage|p2a: Ogerpon|43\/100 par\n|-damage|p1b: Sandy Shocks|84\/100|[from] item: Life Orb\n|cant|p2a: Ogerpon|par\n|\n|-ability|p2b: Smeargle|Moody|boost\n|-boost|p2b: Smeargle|spe|2\n|-unboost|p2b: Smeargle|atk|1\n|upkeep\n|turn|4\n|\n|t:|1737782723\n|switch|p2a: Terapagos|Terapagos-Terastal, L50, M|100\/100\n|move|p2b: Smeargle|Spore|p1b: Sandy Shocks\n|-status|p1b: Sandy Shocks|slp|[from] move: Spore\n|cant|p1a: Calyrex|slp\n|cant|p1b: Sandy Shocks|slp\n|\n|-ability|p2b: Smeargle|Moody|boost\n|-boost|p2b: Smeargle|def|2\n|-unboost|p2b: Smeargle|spa|1\n|upkeep\n|turn|5\n|c|\u2606UnluckyTogekissZ|really\n|c|\u2606UnluckyTogekissZ|moody +speed\n|\n|t:|1737782743\n|-terastallize|p2a: Terapagos|Stellar\n|detailschange|p2a: Terapagos|Terapagos-Stellar, L50, M, tera:Stellar\n|-heal|p2a: Terapagos|100\/100|[silent]\n|move|p2b: Smeargle|Decorate|p2a: Terapagos\n|-boost|p2a: Terapagos|atk|2\n|-boost|p2a: Terapagos|spa|2\n|-curestatus|p1a: Calyrex|slp|[msg]\n|move|p1a: Calyrex|Draining Kiss|p2b: Smeargle\n|-enditem|p2b: Smeargle|Focus Sash\n|-damage|p2b: Smeargle|1\/100\n|-heal|p1a: Calyrex|59\/100|[from] drain|[of] p2b: Smeargle\n|-curestatus|p1b: Sandy Shocks|slp|[msg]\n|move|p1b: Sandy Shocks|Thunder Wave|p2a: Terapagos\n|-status|p2a: Terapagos|par\n|move|p2a: Terapagos|Tera Starstorm|p1a: Calyrex|[spread] p1a,p1b\n|-damage|p1a: Calyrex|0 fnt\n|-damage|p1b: Sandy Shocks|0 fnt\n|faint|p1a: Calyrex\n|faint|p1b: Sandy Shocks\n|-end|p1b: Sandy Shocks|Protosynthesis|[silent]\n|\n|-ability|p2b: Smeargle|Moody|boost\n|-boost|p2b: Smeargle|atk|2\n|-unboost|p2b: Smeargle|def|1\n|upkeep\n|\n|t:|1737782765\n|switch|p1a: Rillaboom|Rillaboom, L50, M|100\/100\n|switch|p1b: Urshifu|Urshifu-Rapid-Strike, L50, F|100\/100\n|-fieldstart|move: Grassy Terrain|[from] ability: Grassy Surge|[of] p1a: Rillaboom\n|turn|6\n|\n|t:|1737782782\n|switch|p2b: Ogerpon|Ogerpon-Hearthflame, L50, F|43\/100 par\n|-ability|p2b: Ogerpon|Mold Breaker\n|switch|p2a: Tornadus|Tornadus, L50, M|100\/100\n|-terastallize|p1b: Urshifu|Stellar\n|move|p1a: Rillaboom|Grassy Glide|p2b: Ogerpon\n|-resisted|p2b: Ogerpon\n|-damage|p2b: Ogerpon|27\/100 par\n|move|p1b: Urshifu|Close Combat|p2a: Tornadus\n|-resisted|p2a: Tornadus\n|-damage|p2a: Tornadus|50\/100\n|-unboost|p1b: Urshifu|def|1\n|-unboost|p1b: Urshifu|spd|1\n|-damage|p1b: Urshifu|84\/100|[from] item: Rocky Helmet|[of] p2a: Tornadus\n|\n|-heal|p1b: Urshifu|90\/100|[from] Grassy Terrain\n|-heal|p2b: Ogerpon|33\/100 par|[from] Grassy Terrain\n|upkeep\n|turn|7\n|c|\u2606UnluckyTogekissZ|aaaaaaaaaaaaaaaa\n|\n|t:|1737782803\n|move|p1a: Rillaboom|Grassy Glide|p2a: Tornadus\n|-resisted|p2a: Tornadus\n|-damage|p2a: Tornadus|18\/100\n|-damage|p1a: Rillaboom|84\/100|[from] item: Rocky Helmet|[of] p2a: Tornadus\n|move|p2a: Tornadus|Bleakwind Storm|p1b: Urshifu|[spread] p1a\n|-miss|p2a: Tornadus|p1b: Urshifu\n|-supereffective|p1a: Rillaboom\n|-damage|p1a: Rillaboom|10\/100\n|move|p1b: Urshifu|Surging Strikes|p2b: Ogerpon\n|-crit|p2b: Ogerpon\n|-damage|p2b: Ogerpon|3\/100 par\n|-crit|p2b: Ogerpon\n|-damage|p2b: Ogerpon|0 fnt\n|faint|p2b: Ogerpon\n|-hitcount|p2: Ogerpon|2\n|\n|-heal|p1b: Urshifu|97\/100|[from] Grassy Terrain\n|-heal|p1a: Rillaboom|16\/100|[from] Grassy Terrain\n|upkeep\n|j| Baguettezzz\n|\n|t:|1737782820\n|switch|p2b: Smeargle|Smeargle, L50, M|1\/100\n|turn|8\n|\n|t:|1737782838\n|move|p2b: Smeargle|Fake Out|p1b: Urshifu\n|-damage|p1b: Urshifu|90\/100\n|move|p2a: Tornadus|Tailwind|p2a: Tornadus\n|-sidestart|p2: ZTMY ENCORE|move: Tailwind\n|move|p1a: Rillaboom|Grassy Glide|p2a: Tornadus\n|-resisted|p2a: Tornadus\n|-damage|p2a: Tornadus|0 fnt\n|-damage|p1a: Rillaboom|0 fnt|[from] item: Rocky Helmet|[of] p2a: Tornadus\n|faint|p2a: Tornadus\n|faint|p1a: Rillaboom\n|cant|p1b: Urshifu|flinch\n|\n|-heal|p2b: Smeargle|7\/100|[from] Grassy Terrain\n|-heal|p1b: Urshifu|96\/100|[from] Grassy Terrain\n|-ability|p2b: Smeargle|Moody|boost\n|-boost|p2b: Smeargle|spa|2\n|-unboost|p2b: Smeargle|spd|1\n|upkeep\n|\n|t:|1737782846\n|switch|p2a: Terapagos|Terapagos-Stellar, L50, M, tera:Stellar|100\/100 par\n|turn|9\n|-message|UnluckyTogekissZ forfeited.\n|\n|win|ZTMY ENCORE\n|raw|UnluckyTogekissZ's rating: 1616 &rarr; <strong>1596<\/strong><br \/>(-20 for losing)\n|raw|ZTMY ENCORE's rating: 1622 &rarr; <strong>1642<\/strong><br \/>(+20 for winning)\n|l|\u2606UnluckyTogekissZ\n|player|p1|\n|l|\u2606ZTMY ENCORE\n|player|p2|\n|l| Baguettezzz\n","uploadtime":1737783044,"views":18,"formatid":"gen9vgc2025regg","rating":1596,"private":0,"password":null}