{"id":"gen9vgc2025regg-2287808053","format":"[Gen 9] VGC 2025 Reg G","players":["yamagoh18","anulmk"],"log":"|j|\u2606yamagoh18\n|j|\u2606anulmk\n|t:|1737785229\n|gametype|doubles\n|player|p1|yamagoh18|170|1554\n|player|p2|anulmk|cynthia|1563\n|teamsize|p1|6\n|teamsize|p2|6\n|gen|9\n|tier|[Gen 9] VGC 2025 Reg G\n|rated|\n|rule|Species Clause: Limit one of each Pok\u00e9mon\n|rule|Item Clause: Limit 1 of each item\n|clearpoke\n|poke|p1|Kyogre, L50|\n|poke|p1|Farigiraf, L50, F|\n|poke|p1|Amoonguss, L50, M|\n|poke|p1|Rotom-Wash, L50|\n|poke|p1|Mimikyu, L50, F|\n|poke|p1|Iron Hands, L50|\n|poke|p2|Farigiraf, L50, F|\n|poke|p2|Pelipper, L50, M|\n|poke|p2|Urshifu-*, L50, F|\n|poke|p2|Amoonguss, L50, F|\n|poke|p2|Calyrex-Ice, L50|\n|poke|p2|Chien-Pao, L50|\n|teampreview|4\n|\n|t:|1737785268\n|start\n|switch|p1a: Kyogre|Kyogre, L50|100\/100\n|switch|p1b: Rotom|Rotom-Wash, L50|100\/100\n|switch|p2a: Pelipper|Pelipper, L50, M, shiny|100\/100\n|switch|p2b: Calyrex|Calyrex-Ice, L50|100\/100\n|-ability|p2b: Calyrex|As One\n|-ability|p2b: Calyrex|Unnerve\n|-weather|RainDance|[from] ability: Drizzle|[of] p1a: Kyogre\n|turn|1\n|\n|t:|1737785307\n|switch|p2a: Amoonguss|Amoonguss, L50, F, shiny|100\/100\n|-terastallize|p2b: Calyrex|Grass\n|move|p1a: Kyogre|Origin Pulse|p2b: Calyrex|[spread] p2a,p2b\n|-resisted|p2a: Amoonguss\n|-crit|p2a: Amoonguss\n|-resisted|p2b: Calyrex\n|-damage|p2a: Amoonguss|60\/100\n|-damage|p2b: Calyrex|74\/100\n|move|p1b: Rotom|Will-O-Wisp|p2b: Calyrex\n|-status|p2b: Calyrex|brn\n|move|p2b: Calyrex|Glacial Lance|p1a: Kyogre|[spread] p1a,p1b\n|-resisted|p1a: Kyogre\n|-resisted|p1b: Rotom\n|-damage|p1a: Kyogre|76\/100\n|-damage|p1b: Rotom|79\/100\n|\n|-weather|RainDance|[upkeep]\n|-heal|p1b: Rotom|85\/100|[from] item: Leftovers\n|-damage|p2b: Calyrex|69\/100 brn|[from] brn\n|upkeep\n|turn|2\n|\n|t:|1737785337\n|move|p1a: Kyogre|Origin Pulse|p2a: Amoonguss|[spread] p2a\n|-miss|p1a: Kyogre|p2b: Calyrex\n|-resisted|p2a: Amoonguss\n|-damage|p2a: Amoonguss|32\/100\n|move|p1b: Rotom|Hydro Pump|p2a: Amoonguss\n|-resisted|p2a: Amoonguss\n|-damage|p2a: Amoonguss|8\/100\n|move|p2b: Calyrex|Glacial Lance|p1a: Kyogre|[spread] p1a,p1b\n|-resisted|p1a: Kyogre\n|-resisted|p1b: Rotom\n|-damage|p1a: Kyogre|49\/100\n|-damage|p1b: Rotom|65\/100\n|move|p2a: Amoonguss|Spore|p1a: Kyogre\n|-status|p1a: Kyogre|slp|[from] move: Spore\n|\n|-weather|RainDance|[upkeep]\n|-heal|p1b: Rotom|71\/100|[from] item: Leftovers\n|-damage|p2b: Calyrex|63\/100 brn|[from] brn\n|upkeep\n|turn|3\n|\n|t:|1737785397\n|switch|p2a: Pelipper|Pelipper, L50, M, shiny|100\/100\n|cant|p1a: Kyogre|slp\n|move|p1b: Rotom|Thunderbolt|p2a: Pelipper\n|-supereffective|p2a: Pelipper\n|-damage|p2a: Pelipper|0 fnt\n|faint|p2a: Pelipper\n|move|p2b: Calyrex|Glacial Lance|p1a: Kyogre|[spread] p1a,p1b\n|-resisted|p1a: Kyogre\n|-resisted|p1b: Rotom\n|-damage|p1a: Kyogre|25\/100 slp\n|-damage|p1b: Rotom|49\/100\n|\n|-weather|RainDance|[upkeep]\n|-heal|p1b: Rotom|55\/100|[from] item: Leftovers\n|-damage|p2b: Calyrex|57\/100 brn|[from] brn\n|upkeep\n|\n|t:|1737785410\n|switch|p2a: Amoonguss|Amoonguss, L50, F, shiny|41\/100\n|turn|4\n|\n|t:|1737785421\n|cant|p1a: Kyogre|slp\n|move|p1b: Rotom|Reflect|p1b: Rotom\n|-sidestart|p1: yamagoh18|Reflect\n|move|p2b: Calyrex|Glacial Lance|p1a: Kyogre|[spread] p1a,p1b\n|-resisted|p1a: Kyogre\n|-resisted|p1b: Rotom\n|-damage|p1a: Kyogre|7\/100 slp\n|-damage|p1b: Rotom|41\/100\n|move|p2a: Amoonguss|Pollen Puff|p2b: Calyrex\n|-heal|p2b: Calyrex|100\/100 brn\n|\n|-weather|RainDance|[upkeep]\n|-heal|p1b: Rotom|47\/100|[from] item: Leftovers\n|-damage|p2b: Calyrex|95\/100 brn|[from] brn\n|upkeep\n|turn|5\n|\n|t:|1737785453\n|switch|p1a: Iron Hands|Iron Hands, L50|100\/100\n|switch|p1b: Amoonguss|Amoonguss, L50, M|100\/100\n|switch|p2a: Urshifu|Urshifu-Rapid-Strike, L50, F|100\/100\n|move|p2b: Calyrex|Glacial Lance|p1a: Iron Hands|[spread] p1a,p1b\n|-supereffective|p1b: Amoonguss\n|-damage|p1a: Iron Hands|80\/100\n|-damage|p1b: Amoonguss|53\/100\n|\n|-weather|none\n|-damage|p2b: Calyrex|89\/100 brn|[from] brn\n|upkeep\n|turn|6\n|j| Mega Delibird X\n|j| goat77\n|l| Mega Delibird X\n|inactive|Battle timer is ON: inactive players will automatically lose when time's up. (requested by anulmk)\n|inactive|yamagoh18 has 60 seconds left.\n|inactive|yamagoh18 has 30 seconds left.\n|inactive|yamagoh18 has 20 seconds left.\n|inactive|yamagoh18 has 15 seconds left.\n|inactive|yamagoh18 has 10 seconds left.\n|inactive|yamagoh18 has 5 seconds left.\n|\n|t:|1737785699\n|switch|p2a: Amoonguss|Amoonguss, L50, F, shiny|74\/100\n|-terastallize|p1b: Amoonguss|Water\n|move|p1b: Amoonguss|Rage Powder|p1b: Amoonguss\n|-singleturn|p1b: Amoonguss|move: Rage Powder\n|move|p2b: Calyrex|Glacial Lance|p1a: Iron Hands|[spread] p1a,p1b\n|-resisted|p1b: Amoonguss\n|-damage|p1a: Iron Hands|61\/100\n|-damage|p1b: Amoonguss|40\/100\n|move|p1a: Iron Hands|Belly Drum|p1a: Iron Hands\n|-damage|p1a: Iron Hands|11\/100\n|-setboost|p1a: Iron Hands|atk|6|[from] move: Belly Drum\n|\n|-damage|p2b: Calyrex|83\/100 brn|[from] brn\n|upkeep\n|turn|7\n|inactive|yamagoh18 has 30 seconds left.\n|inactive|yamagoh18 has 20 seconds left.\n|inactive|yamagoh18 has 15 seconds left.\n|\n|t:|1737785740\n|move|p2a: Amoonguss|Rage Powder|p2a: Amoonguss\n|-singleturn|p2a: Amoonguss|move: Rage Powder\n|move|p2b: Calyrex|Glacial Lance|p1a: Iron Hands|[spread] p1a,p1b\n|-resisted|p1b: Amoonguss\n|-damage|p1a: Iron Hands|0 fnt\n|-damage|p1b: Amoonguss|27\/100\n|faint|p1a: Iron Hands\n|-end|p1a: Iron Hands|Quark Drive|[silent]\n|-ability|p2b: Calyrex|Chilling Neigh|boost\n|-boost|p2b: Calyrex|atk|1\n|move|p1b: Amoonguss|Worry Seed|p2a: Amoonguss\n|-endability|p2a: Amoonguss|Regenerator|[from] move: Worry Seed\n|-ability|p2a: Amoonguss|Insomnia|[from] move: Worry Seed\n|\n|-damage|p2b: Calyrex|77\/100 brn|[from] brn\n|upkeep\n|\n|t:|1737785757\n|switch|p1a: Kyogre|Kyogre, L50|7\/100 slp\n|-weather|RainDance|[from] ability: Drizzle|[of] p1a: Kyogre\n|turn|8\n|\n|t:|1737785767\n|-curestatus|p1a: Kyogre|slp|[msg]\n|move|p1a: Kyogre|Origin Pulse|p2b: Calyrex|[spread] p2a,p2b\n|-resisted|p2a: Amoonguss\n|-resisted|p2b: Calyrex\n|-damage|p2a: Amoonguss|47\/100\n|-damage|p2b: Calyrex|55\/100 brn\n|move|p2b: Calyrex|Glacial Lance|p1b: Amoonguss|[spread] p1a,p1b\n|-resisted|p1a: Kyogre\n|-resisted|p1b: Amoonguss\n|-damage|p1a: Kyogre|0 fnt\n|-damage|p1b: Amoonguss|9\/100\n|faint|p1a: Kyogre\n|-ability|p2b: Calyrex|Chilling Neigh|boost\n|-boost|p2b: Calyrex|atk|1\n|move|p2a: Amoonguss|Pollen Puff|p2b: Calyrex\n|-heal|p2b: Calyrex|100\/100 brn\n|move|p1b: Amoonguss|Pollen Puff|p1: Kyogre|[notarget]\n|-fail|p1b: Amoonguss\n|\n|-weather|RainDance|[upkeep]\n|-damage|p2b: Calyrex|95\/100 brn|[from] brn\n|-sideend|p1: yamagoh18|Reflect\n|upkeep\n|-message|yamagoh18 forfeited.\n|\n|win|anulmk\n|raw|yamagoh18's rating: 1554 &rarr; <strong>1535<\/strong><br \/>(-19 for losing)\n|raw|anulmk's rating: 1563 &rarr; <strong>1582<\/strong><br \/>(+19 for winning)\n|l|\u2606yamagoh18\n|player|p1|\n|l|\u2606anulmk\n|player|p2|\n","uploadtime":1737785986,"views":17,"formatid":"gen9vgc2025regg","rating":1535,"private":0,"password":null}