{"id":"gen9vgc2025regg-2287385627","format":"[Gen 9] VGC 2025 Reg G","players":["Diestoise","SL1D"],"log":"|j|\u2606Diestoise\n|j|\u2606SL1D\n|t:|1737734320\n|gametype|doubles\n|player|p1|Diestoise|blue|1594\n|player|p2|SL1D|cyrus-masters|1560\n|teamsize|p1|6\n|teamsize|p2|6\n|gen|9\n|tier|[Gen 9] VGC 2025 Reg G\n|rated|\n|rule|Species Clause: Limit one of each Pok\u00e9mon\n|rule|Item Clause: Limit 1 of each item\n|clearpoke\n|poke|p1|Koraidon, L50|\n|poke|p1|Raging Bolt, L50|\n|poke|p1|Entei, L50|\n|poke|p1|Flutter Mane, L50|\n|poke|p1|Venusaur, L50, M|\n|poke|p1|Ditto, L50|\n|poke|p2|Mewtwo, L50|\n|poke|p2|Moltres-Galar, L50|\n|poke|p2|Chien-Pao, L50|\n|poke|p2|Indeedee-F, L50, F|\n|poke|p2|Comfey, L50, M|\n|poke|p2|Whimsicott, L50, F|\n|teampreview|4\n|inactive|Battle timer is ON: inactive players will automatically lose when time's up. (requested by SL1D)\n|inactive|Diestoise has 60 seconds left.\n|\n|t:|1737734380\n|start\n|switch|p1a: Entei|Entei, L50|100\/100\n|switch|p1b: Koraidon|Koraidon, L50|100\/100\n|switch|p2a: Mewtwo|Mewtwo, L50|100\/100\n|switch|p2b: Indeedee|Indeedee-F, L50, F|100\/100\n|-ability|p2a: Mewtwo|Pressure\n|-weather|SunnyDay|[from] ability: Orichalcum Pulse|[of] p1b: Koraidon\n|-activate|p1b: Koraidon|Orichalcum Pulse|[source]\n|-fieldstart|move: Psychic Terrain|[from] ability: Psychic Surge|[of] p2b: Indeedee\n|-enditem|p2b: Indeedee|Psychic Seed\n|-boost|p2b: Indeedee|spd|1|[from] item: Psychic Seed\n|turn|1\n|j| SupernovaSZ8\n|\n|t:|1737734405\n|move|p2b: Indeedee|Helping Hand|p2a: Mewtwo\n|-singleturn|p2a: Mewtwo|Helping Hand|[of] p2b: Indeedee\n|move|p1b: Koraidon|Protect|p1b: Koraidon\n|-singleturn|p1b: Koraidon|Protect\n|move|p2a: Mewtwo|Expanding Force|p1b: Koraidon|[spread] p1a\n|-activate|p1b: Koraidon|move: Protect\n|-damage|p1a: Entei|35\/100\n|move|p1a: Entei|Sacred Fire|p2a: Mewtwo\n|-damage|p2a: Mewtwo|19\/100\n|\n|-weather|SunnyDay|[upkeep]\n|upkeep\n|turn|2\n|inactive|Diestoise has 30 seconds left.\n|inactive|Diestoise has 20 seconds left.\n|inactive|Diestoise has 15 seconds left.\n|inactive|Diestoise has 10 seconds left.\n|\n|t:|1737734452\n|-terastallize|p1b: Koraidon|Fire\n|move|p2b: Indeedee|Helping Hand|p2a: Mewtwo\n|-singleturn|p2a: Mewtwo|Helping Hand|[of] p2b: Indeedee\n|move|p2a: Mewtwo|Expanding Force|p1a: Entei|[spread] p1a,p1b\n|-damage|p1a: Entei|0 fnt\n|-damage|p1b: Koraidon|0 fnt\n|faint|p1a: Entei\n|faint|p1b: Koraidon\n|\n|-weather|SunnyDay|[upkeep]\n|upkeep\n|\n|t:|1737734461\n|switch|p1b: Ditto|Ditto, L50|100\/100\n|switch|p1a: Flutter Mane|Flutter Mane, L50, shiny|100\/100\n|-activate|p1a: Flutter Mane|ability: Protosynthesis\n|-start|p1a: Flutter Mane|protosynthesisspe\n|-transform|p1b: Ditto|p2a: Mewtwo|[from] ability: Imposter\n|-ability|p1b: Ditto|Pressure\n|turn|3\n|\n|t:|1737734482\n|-terastallize|p2a: Mewtwo|Dark\n|move|p2b: Indeedee|Helping Hand|p2a: Mewtwo\n|-singleturn|p2a: Mewtwo|Helping Hand|[of] p2b: Indeedee\n|move|p1a: Flutter Mane|Icy Wind|p2b: Indeedee|[spread] p2a,p2b\n|-damage|p2a: Mewtwo|3\/100\n|-damage|p2b: Indeedee|91\/100\n|-unboost|p2a: Mewtwo|spe|1\n|-unboost|p2b: Indeedee|spe|1\n|move|p1b: Ditto|Expanding Force|p2a: Mewtwo|[spread] p2b\n|-immune|p2a: Mewtwo\n|-resisted|p2b: Indeedee\n|-damage|p2b: Indeedee|69\/100\n|move|p2a: Mewtwo|Expanding Force|p1a: Flutter Mane|[spread] p1a,p1b\n|-resisted|p1b: Ditto\n|-damage|p1a: Flutter Mane|1\/100\n|-damage|p1b: Ditto|35\/100\n|\n|-weather|SunnyDay|[upkeep]\n|upkeep\n|turn|4\n|-activate|p1b: Ditto|item: Quick Claw\n|\n|t:|1737734501\n|move|p2b: Indeedee|Follow Me|p2b: Indeedee\n|-singleturn|p2b: Indeedee|move: Follow Me\n|move|p1b: Ditto|Dark Pulse|p2b: Indeedee\n|-supereffective|p2b: Indeedee\n|-damage|p2b: Indeedee|29\/100\n|move|p1a: Flutter Mane|Icy Wind|p2b: Indeedee|[spread] p2a,p2b\n|-damage|p2a: Mewtwo|0 fnt\n|-damage|p2b: Indeedee|20\/100\n|-unboost|p2b: Indeedee|spe|1\n|faint|p2a: Mewtwo\n|\n|-weather|SunnyDay|[upkeep]\n|upkeep\n|\n|t:|1737734508\n|switch|p2a: Whimsicott|Whimsicott, L50, F, shiny|100\/100\n|turn|5\n|\n|t:|1737734517\n|move|p2a: Whimsicott|Tailwind|p2a: Whimsicott\n|-sidestart|p2: SL1D|move: Tailwind\n|move|p1a: Flutter Mane|Icy Wind|p2a: Whimsicott|[spread] p2a,p2b\n|-supereffective|p2a: Whimsicott\n|-damage|p2a: Whimsicott|53\/100\n|-damage|p2b: Indeedee|11\/100\n|-unboost|p2b: Indeedee|spe|1\n|move|p1b: Ditto|Expanding Force|p2b: Indeedee|[spread] p2a,p2b\n|-resisted|p2b: Indeedee\n|-damage|p2a: Whimsicott|0 fnt\n|-damage|p2b: Indeedee|0 fnt\n|faint|p2a: Whimsicott\n|faint|p2b: Indeedee\n|\n|-weather|none\n|-end|p1a: Flutter Mane|Protosynthesis\n|-fieldend|move: Psychic Terrain\n|upkeep\n|\n|t:|1737734526\n|switch|p2b: Moltres|Moltres-Galar, L50|100\/100\n|turn|6\n|c|\u2606SL1D|Game over\n|c|\u2606SL1D|;)\n|\n|t:|1737734544\n|move|p2b: Moltres|Fiery Wrath|p1a: Flutter Mane|[spread] p1a,p1b\n|-supereffective|p1b: Ditto\n|-damage|p1a: Flutter Mane|0 fnt\n|-damage|p1b: Ditto|0 fnt\n|faint|p1a: Flutter Mane\n|-end|p1a: Flutter Mane|Protosynthesis|[silent]\n|faint|p1b: Ditto\n|\n|win|SL1D\n|raw|Diestoise's rating: 1594 &rarr; <strong>1572<\/strong><br \/>(-22 for losing)\n|raw|SL1D's rating: 1560 &rarr; <strong>1582<\/strong><br \/>(+22 for winning)\n|c|\u2606Diestoise|Gg\n|l|\u2606Diestoise\n|player|p1|\n|c|\u2606SL1D|I knew ditto was coming\n|l|\u2606SL1D\n|player|p2|\n|l| SupernovaSZ8\n","uploadtime":1737734725,"views":13,"formatid":"gen9vgc2025regg","rating":1572,"private":0,"password":null}