{"id":"gen9vgc2025regg-2287791298","format":"[Gen 9] VGC 2025 Reg G","players":["ZTMY ENCORE","something123"],"log":"|j|\u2606ZTMY ENCORE\n|j|\u2606something123\n|t:|1737782151\n|gametype|doubles\n|player|p1|ZTMY ENCORE|169|1622\n|player|p2|something123|101|1716\n|teamsize|p1|6\n|teamsize|p2|6\n|gen|9\n|tier|[Gen 9] VGC 2025 Reg G\n|rated|\n|rule|Species Clause: Limit one of each Pok\u00e9mon\n|rule|Item Clause: Limit 1 of each item\n|clearpoke\n|poke|p1|Terapagos, L50, M|\n|poke|p1|Smeargle, L50, M|\n|poke|p1|Tornadus, L50, M|\n|poke|p1|Ogerpon-Hearthflame, L50, F|\n|poke|p1|Dondozo, L50, F|\n|poke|p1|Tatsugiri-Stretchy, L50, M|\n|poke|p2|Farigiraf, L50, F|\n|poke|p2|Landorus, L50, M|\n|poke|p2|Calyrex-Ice, L50|\n|poke|p2|Ogerpon-Cornerstone, L50, F|\n|poke|p2|Urshifu-*, L50, M|\n|poke|p2|Regieleki, L50|\n|teampreview|4\n|\n|t:|1737782193\n|start\n|switch|p1a: Tornadus|Tornadus, L50, M|100\/100\n|switch|p1b: Ogerpon|Ogerpon-Hearthflame, L50, F|100\/100\n|switch|p2a: Calyrex|Calyrex-Ice, L50|100\/100\n|switch|p2b: Regieleki|Regieleki, L50|100\/100\n|-ability|p2a: Calyrex|As One\n|-ability|p2a: Calyrex|Unnerve\n|-ability|p1b: Ogerpon|Mold Breaker\n|turn|1\n|inactive|Battle timer is ON: inactive players will automatically lose when time's up. (requested by something123)\n|\n|t:|1737782224\n|-terastallize|p2a: Calyrex|Water\n|move|p1a: Tornadus|Protect|p1a: Tornadus\n|-singleturn|p1a: Tornadus|Protect\n|move|p1b: Ogerpon|Spiky Shield|p1b: Ogerpon\n|-singleturn|p1b: Ogerpon|move: Protect\n|move|p2b: Regieleki|Electroweb|p1b: Ogerpon|[spread] \n|-activate|p1a: Tornadus|move: Protect\n|-activate|p1b: Ogerpon|move: Protect\n|move|p2a: Calyrex|Glacial Lance|p1b: Ogerpon|[spread] \n|-activate|p1a: Tornadus|move: Protect\n|-activate|p1b: Ogerpon|move: Protect\n|\n|upkeep\n|turn|2\n|inactive|ZTMY ENCORE has 30 seconds left.\n|inactive|ZTMY ENCORE has 20 seconds left.\n|\n|t:|1737782264\n|-terastallize|p1b: Ogerpon|Fire\n|detailschange|p1b: Ogerpon|Ogerpon-Hearthflame-Tera, L50, F, tera:Fire\n|-ability|p1b: Ogerpon|Embody Aspect (Hearthflame)|boost\n|-boost|p1b: Ogerpon|atk|1\n|move|p1a: Tornadus|Tailwind|p1a: Tornadus\n|-sidestart|p1: ZTMY ENCORE|move: Tailwind\n|move|p1b: Ogerpon|Wood Hammer|p2a: Calyrex\n|-supereffective|p2a: Calyrex\n|-damage|p2a: Calyrex|0 fnt\n|faint|p2a: Calyrex\n|-damage|p1b: Ogerpon|63\/100|[from] Recoil\n|move|p2b: Regieleki|Volt Switch|p1a: Tornadus\n|-supereffective|p1a: Tornadus\n|-damage|p1a: Tornadus|0 fnt\n|faint|p1a: Tornadus\n|j| Baguettezzz\n|\n|t:|1737782275\n|switch|p2b: Ogerpon|Ogerpon-Cornerstone, L50, F|100\/100|[from] Volt Switch\n|\n|upkeep\n|\n|t:|1737782284\n|switch|p1a: Terapagos|Terapagos, L50, M|100\/100\n|switch|p2a: Regieleki|Regieleki, L50|100\/100\n|-activate|p1a: Terapagos|ability: Tera Shift\n|detailschange|p1a: Terapagos|Terapagos-Terastal, L50, M\n|-heal|p1a: Terapagos|100\/100|[silent]\n|turn|3\n|j| aimyon36\n|inactive|ZTMY ENCORE has 30 seconds left.\n|inactive|ZTMY ENCORE has 20 seconds left.\n|\n|t:|1737782322\n|move|p2b: Ogerpon|Spiky Shield|p2b: Ogerpon\n|-singleturn|p2b: Ogerpon|move: Protect\n|move|p1b: Ogerpon|Ivy Cudgel|p2b: Ogerpon|[anim] Ivy Cudgel Fire\n|-activate|p2b: Ogerpon|move: Protect\n|move|p1a: Terapagos|Tera Starstorm|p2b: Ogerpon\n|-activate|p2b: Ogerpon|move: Protect\n|move|p2a: Regieleki|Thunderbolt|p1b: Ogerpon\n|-damage|p1b: Ogerpon|4\/100\n|\n|upkeep\n|turn|4\n|\n|t:|1737782344\n|move|p2b: Ogerpon|Follow Me|p2b: Ogerpon\n|-singleturn|p2b: Ogerpon|move: Follow Me\n|move|p1b: Ogerpon|Ivy Cudgel|p2b: Ogerpon|[anim] Ivy Cudgel Fire\n|-ability|p2b: Ogerpon|Sturdy\n|-damage|p2b: Ogerpon|1\/100\n|move|p1a: Terapagos|Tera Starstorm|p2b: Ogerpon\n|-resisted|p2b: Ogerpon\n|-damage|p2b: Ogerpon|0 fnt\n|faint|p2b: Ogerpon\n|move|p2a: Regieleki|Electroweb|p1a: Terapagos|[spread] p1a,p1b\n|-activate|p1a: Terapagos|ability: Tera Shell\n|-resisted|p1a: Terapagos\n|-damage|p1a: Terapagos|89\/100\n|-damage|p1b: Ogerpon|0 fnt\n|-unboost|p1a: Terapagos|spe|1\n|faint|p1b: Ogerpon\n|\n|upkeep\n|\n|t:|1737782358\n|switch|p2b: Landorus|Landorus, L50, M|100\/100\n|switch|p1b: Smeargle|Smeargle, L50, M|100\/100\n|turn|5\n|\n|t:|1737782366\n|move|p2a: Regieleki|Protect|p2a: Regieleki\n|-singleturn|p2a: Regieleki|Protect\n|move|p2b: Landorus|Protect|p2b: Landorus\n|-singleturn|p2b: Landorus|Protect\n|move|p1b: Smeargle|Fake Out|p2a: Regieleki\n|-activate|p2a: Regieleki|move: Protect\n|move|p1a: Terapagos|Tera Starstorm|p2b: Landorus\n|-activate|p2b: Landorus|move: Protect\n|\n|-sideend|p1: ZTMY ENCORE|move: Tailwind\n|-ability|p1b: Smeargle|Moody|boost\n|-boost|p1b: Smeargle|spd|2\n|-unboost|p1b: Smeargle|spa|1\n|upkeep\n|turn|6\n|inactive|something123 has 30 seconds left.\n|\n|t:|1737782398\n|move|p2a: Regieleki|Thunderbolt|p1a: Terapagos\n|-damage|p1a: Terapagos|39\/100\n|move|p2b: Landorus|Earth Power|p1a: Terapagos\n|-damage|p1a: Terapagos|0 fnt\n|faint|p1a: Terapagos\n|move|p1b: Smeargle|Spore|p2a: Regieleki\n|-status|p2a: Regieleki|slp|[from] move: Spore\n|\n|-ability|p1b: Smeargle|Moody|boost\n|-boost|p1b: Smeargle|spa|2\n|-unboost|p1b: Smeargle|spd|1\n|upkeep\n|turn|7\n|l| Baguettezzz\n|-message|ZTMY ENCORE forfeited.\n|\n|win|something123\n|raw|ZTMY ENCORE's rating: 1622 &rarr; <strong>1607<\/strong><br \/>(-15 for losing)\n|raw|something123's rating: 1716 &rarr; <strong>1731<\/strong><br \/>(+15 for winning)\n|l|\u2606ZTMY ENCORE\n|player|p1|\n|l| aimyon36\n|l|\u2606something123\n|player|p2|\n","uploadtime":1737782623,"views":34,"formatid":"gen9vgc2025regg","rating":1607,"private":0,"password":null}