{"id":"gen9vgc2025regg-2287597885","format":"[Gen 9] VGC 2025 Reg G","players":["Kwiper","Ilovecatgirlsmeow"],"log":"|j|\u2606Kwiper\n|j|\u2606Ilovecatgirlsmeow\n|t:|1737755750\n|gametype|doubles\n|player|p1|Kwiper|sycamore|1625\n|player|p2|Ilovecatgirlsmeow|waitress-gen4|1638\n|teamsize|p1|6\n|teamsize|p2|6\n|gen|9\n|tier|[Gen 9] VGC 2025 Reg G\n|rated|\n|rule|Species Clause: Limit one of each Pok\u00e9mon\n|rule|Item Clause: Limit 1 of each item\n|clearpoke\n|poke|p1|Koraidon, L50|\n|poke|p1|Flutter Mane, L50|\n|poke|p1|Raging Bolt, L50|\n|poke|p1|Tornadus, L50, M|\n|poke|p1|Chi-Yu, L50|\n|poke|p1|Bastiodon, L50, F|\n|poke|p2|Calyrex-Ice, L50|\n|poke|p2|Indeedee-F, L50, F|\n|poke|p2|Torkoal, L50, F|\n|poke|p2|Smeargle, L50, M|\n|poke|p2|Ursaluna, L50, M|\n|poke|p2|Iron Valiant, L50|\n|teampreview|4\n|inactive|Battle timer is ON: inactive players will automatically lose when time's up. (requested by Kwiper)\n|inactive|Ilovecatgirlsmeow has 60 seconds left.\n|\n|t:|1737755782\n|start\n|switch|p1a: Flutter Mane|Flutter Mane, L50|100\/100\n|switch|p1b: Chi-Yu|Chi-Yu, L50|100\/100\n|switch|p2a: Calyrex|Calyrex-Ice, L50|100\/100\n|switch|p2b: Smeargle|Smeargle, L50, M, shiny|100\/100\n|-ability|p2a: Calyrex|As One\n|-ability|p2a: Calyrex|Unnerve\n|-ability|p1b: Chi-Yu|Beads of Ruin\n|turn|1\n|\n|t:|1737755794\n|-terastallize|p2a: Calyrex|Fire\n|move|p1a: Flutter Mane|Taunt|p2b: Smeargle\n|-start|p2b: Smeargle|move: Taunt\n|move|p1b: Chi-Yu|Heat Wave|p2b: Smeargle|[spread] p2a,p2b\n|-resisted|p2a: Calyrex\n|-damage|p2a: Calyrex|69\/100\n|-enditem|p2b: Smeargle|Focus Sash\n|-damage|p2b: Smeargle|1\/100\n|cant|p2b: Smeargle|move: Taunt|Spore\n|move|p2a: Calyrex|Trick Room|p2a: Calyrex\n|-fieldstart|move: Trick Room|[of] p2a: Calyrex\n|\n|-ability|p2b: Smeargle|Moody|boost\n|-boost|p2b: Smeargle|def|2\n|-unboost|p2b: Smeargle|spa|1\n|upkeep\n|turn|2\n|\n|t:|1737755813\n|switch|p2b: Ursaluna|Ursaluna, L50, M, shiny|100\/100\n|move|p2a: Calyrex|Glacial Lance|p1a: Flutter Mane|[spread] p1a,p1b\n|-resisted|p1b: Chi-Yu\n|-enditem|p1a: Flutter Mane|Focus Sash\n|-damage|p1a: Flutter Mane|1\/100\n|-damage|p1b: Chi-Yu|49\/100\n|move|p1b: Chi-Yu|Heat Wave|p2a: Calyrex|[spread] p2b\n|-miss|p1b: Chi-Yu|p2a: Calyrex\n|-damage|p2b: Ursaluna|39\/100\n|move|p1a: Flutter Mane|Moonblast|p2a: Calyrex\n|-resisted|p2a: Calyrex\n|-damage|p2a: Calyrex|43\/100\n|\n|-status|p2b: Ursaluna|brn|[from] item: Flame Orb\n|upkeep\n|turn|3\n|\n|t:|1737755828\n|move|p2b: Ursaluna|Facade|p1b: Chi-Yu\n|-damage|p1b: Chi-Yu|0 fnt\n|faint|p1b: Chi-Yu\n|move|p2a: Calyrex|Glacial Lance|p1a: Flutter Mane\n|-damage|p1a: Flutter Mane|0 fnt\n|faint|p1a: Flutter Mane\n|-end|p1a: Flutter Mane|Protosynthesis|[silent]\n|-ability|p2a: Calyrex|Chilling Neigh|boost\n|-boost|p2a: Calyrex|atk|1\n|\n|-damage|p2b: Ursaluna|33\/100 brn|[from] brn\n|upkeep\n|\n|t:|1737755831\n|switch|p1b: Bastiodon|Bastiodon, L50, F|100\/100\n|switch|p1a: Koraidon|Koraidon, L50|100\/100\n|-weather|SunnyDay|[from] ability: Orichalcum Pulse|[of] p1a: Koraidon\n|-activate|p1a: Koraidon|Orichalcum Pulse|[source]\n|turn|4\n|\n|t:|1737755839\n|-terastallize|p1b: Bastiodon|Grass\n|move|p1a: Koraidon|Protect|p1a: Koraidon\n|-singleturn|p1a: Koraidon|Protect\n|move|p1b: Bastiodon|Foul Play|p2a: Calyrex\n|-damage|p2a: Calyrex|0 fnt\n|faint|p2a: Calyrex\n|move|p2b: Ursaluna|Facade|p1a: Koraidon\n|-activate|p1a: Koraidon|move: Protect\n|\n|-weather|SunnyDay|[upkeep]\n|-damage|p2b: Ursaluna|27\/100 brn|[from] brn\n|upkeep\n|\n|t:|1737755847\n|switch|p2a: Smeargle|Smeargle, L50, M, shiny|1\/100\n|turn|5\n|\n|t:|1737755851\n|move|p1a: Koraidon|Protect|p1a: Koraidon\n|-singleturn|p1a: Koraidon|Protect\n|move|p2a: Smeargle|Fake Out|p1b: Bastiodon\n|-damage|p1b: Bastiodon|97\/100\n|-damage|p2a: Smeargle|0 fnt|[from] item: Rocky Helmet|[of] p1b: Bastiodon\n|faint|p2a: Smeargle\n|cant|p1b: Bastiodon|flinch\n|move|p2b: Ursaluna|Facade|p1a: Koraidon\n|-activate|p1a: Koraidon|move: Protect\n|\n|-weather|SunnyDay|[upkeep]\n|-damage|p2b: Ursaluna|21\/100 brn|[from] brn\n|-fieldend|move: Trick Room\n|upkeep\n|c|\u2606Ilovecatgirlsmeow|........\n|\n|t:|1737755859\n|switch|p2a: Indeedee|Indeedee-F, L50, F, shiny|100\/100\n|-fieldstart|move: Psychic Terrain|[from] ability: Psychic Surge|[of] p2a: Indeedee\n|-enditem|p2a: Indeedee|Psychic Seed\n|-boost|p2a: Indeedee|spd|1|[from] item: Psychic Seed\n|turn|6\n|\n|t:|1737755870\n|move|p2a: Indeedee|Follow Me|p2a: Indeedee\n|-singleturn|p2a: Indeedee|move: Follow Me\n|move|p1a: Koraidon|Breaking Swipe|p2b: Ursaluna|[spread] p2a,p2b\n|-damage|p2a: Indeedee|68\/100\n|-damage|p2b: Ursaluna|0 fnt\n|-unboost|p2a: Indeedee|atk|1\n|faint|p2b: Ursaluna\n|move|p1b: Bastiodon|Foul Play|p2a: Indeedee\n|-supereffective|p2a: Indeedee\n|-damage|p2a: Indeedee|51\/100\n|\n|-weather|SunnyDay|[upkeep]\n|upkeep\n|turn|7\n|c|\u2606Ilovecatgirlsmeow|yea\n|c|\u2606Ilovecatgirlsmeow|well played\n|c|\u2606Ilovecatgirlsmeow|fr fr\n|-message|Ilovecatgirlsmeow forfeited.\n|\n|win|Kwiper\n|raw|Kwiper's rating: 1625 &rarr; <strong>1646<\/strong><br \/>(+21 for winning)\n|raw|Ilovecatgirlsmeow's rating: 1638 &rarr; <strong>1617<\/strong><br \/>(-21 for losing)\n|l|\u2606Ilovecatgirlsmeow\n|player|p2|\n|l|\u2606Kwiper\n|player|p1|\n","uploadtime":1737756111,"views":13,"formatid":"gen9vgc2025regg","rating":1617,"private":0,"password":null}