{"id":"gen9vgc2025regg-2287136564","format":"[Gen 9] VGC 2025 Reg G","players":["hjx","badpiplupvgc"],"log":"|j|\u2606hjx\n|j|\u2606badpiplupvgc\n|t:|1737696321\n|gametype|doubles\n|player|p1|hjx|2|1579\n|player|p2|badpiplupvgc|170|1681\n|teamsize|p1|6\n|teamsize|p2|6\n|gen|9\n|tier|[Gen 9] VGC 2025 Reg G\n|rated|\n|rule|Species Clause: Limit one of each Pok\u00e9mon\n|rule|Item Clause: Limit 1 of each item\n|clearpoke\n|poke|p1|Chien-Pao, L50|\n|poke|p1|Gholdengo, L50|\n|poke|p1|Ogerpon-Hearthflame, L50, F|\n|poke|p1|Dondozo, L50, M|\n|poke|p1|Tatsugiri-Droopy, L50, M|\n|poke|p1|Eternatus, L50|\n|poke|p2|Calyrex-Ice, L50|\n|poke|p2|Amoonguss, L50, F|\n|poke|p2|Raging Bolt, L50|\n|poke|p2|Chi-Yu, L50|\n|poke|p2|Rillaboom, L50, F|\n|poke|p2|Urshifu-*, L50, F|\n|teampreview|4\n|inactive|Battle timer is ON: inactive players will automatically lose when time's up. (requested by hjx)\n|j| Therazer456\nhjx rejected open team sheets.\n|\n|t:|1737696346\n|start\n|switch|p1a: Eternatus|Eternatus, L50|100\/100\n|switch|p1b: Ogerpon|Ogerpon-Hearthflame, L50, F|100\/100\n|switch|p2a: Chi-Yu|Chi-Yu, L50|100\/100\n|switch|p2b: Raging Bolt|Raging Bolt, L50|100\/100\n|-ability|p2a: Chi-Yu|Beads of Ruin\n|-ability|p1a: Eternatus|Pressure\n|-ability|p1b: Ogerpon|Mold Breaker\n|-enditem|p2b: Raging Bolt|Booster Energy\n|-activate|p2b: Raging Bolt|ability: Protosynthesis|[fromitem]\n|-start|p2b: Raging Bolt|protosynthesisspa\n|turn|1\n|inactive|hjx has 30 seconds left.\n|inactive|badpiplupvgc has 30 seconds left.\n|\n|t:|1737696374\n|move|p2b: Raging Bolt|Thunderclap|p1b: Ogerpon\n|-resisted|p1b: Ogerpon\n|-damage|p1b: Ogerpon|67\/100\n|move|p2a: Chi-Yu|Snarl|p1a: Eternatus|[spread] p1a,p1b\n|-damage|p1a: Eternatus|73\/100\n|-damage|p1b: Ogerpon|38\/100\n|-unboost|p1a: Eternatus|spa|1\n|-unboost|p1b: Ogerpon|spa|1\n|move|p1a: Eternatus|Sludge Bomb|p2b: Raging Bolt\n|-damage|p2b: Raging Bolt|29\/100\n|-status|p2b: Raging Bolt|psn\n|move|p1b: Ogerpon|U-turn|p2a: Chi-Yu\n|-damage|p2a: Chi-Yu|51\/100\n|\n|t:|1737696388\n|switch|p1b: Dondozo|Dondozo, L50, M|100\/100|[from] U-turn\n|\n|-damage|p2b: Raging Bolt|16\/100 psn|[from] psn\n|upkeep\n|turn|2\n|\n|t:|1737696400\n|switch|p2a: Amoonguss|Amoonguss, L50, F|100\/100\n|switch|p1a: Tatsugiri|Tatsugiri-Droopy, L50, M|100\/100\n|-activate|p1a: Tatsugiri|ability: Commander|[of] p1b: Dondozo\n|-boost|p1b: Dondozo|atk|2\n|-boost|p1b: Dondozo|spa|2\n|-boost|p1b: Dondozo|spe|2\n|-boost|p1b: Dondozo|def|2\n|-boost|p1b: Dondozo|spd|2\n|move|p1b: Dondozo|Earthquake|p2a: Amoonguss|[spread] p2a,p2b\n|-miss|p1b: Dondozo|p1a: Tatsugiri\n|-supereffective|p2b: Raging Bolt\n|-damage|p2a: Amoonguss|76\/100\n|-damage|p2b: Raging Bolt|0 fnt\n|faint|p2b: Raging Bolt\n|-end|p2b: Raging Bolt|Protosynthesis|[silent]\n|\n|upkeep\n|\n|t:|1737696414\n|switch|p2b: Calyrex|Calyrex-Ice, L50|100\/100\n|-ability|p2b: Calyrex|As One\n|-ability|p2b: Calyrex|Unnerve\n|turn|3\n|\n|t:|1737696421\n|move|p1b: Dondozo|Heavy Slam|p2a: Amoonguss\n|-damage|p2a: Amoonguss|30\/100\n|-damage|p1b: Dondozo|84\/100|[from] item: Rocky Helmet|[of] p2a: Amoonguss\n|move|p2a: Amoonguss|Spore|p1b: Dondozo\n|-status|p1b: Dondozo|slp|[from] move: Spore\n|move|p2b: Calyrex|Trick Room|p2b: Calyrex\n|-fieldstart|move: Trick Room|[of] p2b: Calyrex\n|\n|upkeep\n|turn|4\n|\n|t:|1737696432\n|switch|p2a: Chi-Yu|Chi-Yu, L50|51\/100\n|-ability|p2a: Chi-Yu|Beads of Ruin\n|move|p2b: Calyrex|Glacial Lance|p1a: Tatsugiri|[spread] p1b\n|-miss|p2b: Calyrex|p1a: Tatsugiri\n|-resisted|p1b: Dondozo\n|-damage|p1b: Dondozo|77\/100 slp\n|cant|p1b: Dondozo|slp\n|\n|upkeep\n|turn|5\n|\n|t:|1737696450\n|move|p2b: Calyrex|Glacial Lance|p1a: Tatsugiri|[spread] p1b\n|-miss|p2b: Calyrex|p1a: Tatsugiri\n|-resisted|p1b: Dondozo\n|-damage|p1b: Dondozo|69\/100 slp\n|-curestatus|p1b: Dondozo|slp|[msg]\n|move|p1b: Dondozo|Body Press|p2a: Chi-Yu\n|-supereffective|p2a: Chi-Yu\n|-damage|p2a: Chi-Yu|0 fnt\n|faint|p2a: Chi-Yu\n|\n|upkeep\n|-message|badpiplupvgc forfeited.\n|\n|win|hjx\n|raw|hjx's rating: 1579 &rarr; <strong>1605<\/strong><br \/>(+26 for winning)\n|raw|badpiplupvgc's rating: 1681 &rarr; <strong>1655<\/strong><br \/>(-26 for losing)\n|l|\u2606badpiplupvgc\n|player|p2|\n|l| Therazer456\n|l|\u2606hjx\n|player|p1|\n","uploadtime":1737696632,"views":28,"formatid":"gen9vgc2025regg","rating":1605,"private":0,"password":null}