{"id":"gen9vgc2025regg-2287646560","format":"[Gen 9] VGC 2025 Reg G","players":["Ibrahimovicvgc","Dot1Q"],"log":"|j|\u2606Ibrahimovicvgc\n|j|\u2606Dot1Q\n|t:|1737761624\n|gametype|doubles\n|player|p1|Ibrahimovicvgc|101|1569\n|player|p2|Dot1Q|veteran|1596\n|teamsize|p1|6\n|teamsize|p2|6\n|gen|9\n|tier|[Gen 9] VGC 2025 Reg G\n|rated|\n|rule|Species Clause: Limit one of each Pok\u00e9mon\n|rule|Item Clause: Limit 1 of each item\n|clearpoke\n|poke|p1|Tatsugiri, L50, M|\n|poke|p1|Chi-Yu, L50|\n|poke|p1|Dondozo, L50, F|\n|poke|p1|Gholdengo, L50|\n|poke|p1|Miraidon, L50|\n|poke|p1|Talonflame, L50, F|\n|poke|p2|Calyrex-Ice, L50|\n|poke|p2|Ursaluna-Bloodmoon, L50, M|\n|poke|p2|Smeargle, L50, M|\n|poke|p2|Farigiraf, L50, M|\n|poke|p2|Annihilape, L50, M|\n|poke|p2|Electabuzz, L50, M|\n|teampreview|4\n|inactive|Battle timer is ON: inactive players will automatically lose when time's up. (requested by Ibrahimovicvgc)\n|\n|t:|1737761643\n|start\n|switch|p1a: Miraidon|Miraidon, L50|100\/100\n|switch|p1b: Chi-Yu|Chi-Yu, L50|100\/100\n|switch|p2a: Calyrex|Calyrex-Ice, L50|100\/100\n|switch|p2b: Farigiraf|Farigiraf, L50, M|100\/100\n|-ability|p2a: Calyrex|As One\n|-ability|p2a: Calyrex|Unnerve\n|-fieldstart|move: Electric Terrain|[from] ability: Hadron Engine|[of] p1a: Miraidon\n|-ability|p1b: Chi-Yu|Beads of Ruin\n|turn|1\n|inactive|Ibrahimovicvgc has 30 seconds left.\n|inactive|Dot1Q has 30 seconds left.\n|inactive|Ibrahimovicvgc has 20 seconds left.\n|inactive|Dot1Q has 20 seconds left.\n|\n|t:|1737761683\n|move|p1a: Miraidon|Electro Drift|p2a: Calyrex\n|-damage|p2a: Calyrex|11\/100\n|move|p1b: Chi-Yu|Heat Wave|p2b: Farigiraf|[spread] p2a,p2b\n|-supereffective|p2a: Calyrex\n|-crit|p2a: Calyrex\n|-damage|p2a: Calyrex|0 fnt\n|-damage|p2b: Farigiraf|49\/100\n|faint|p2a: Calyrex\n|move|p2b: Farigiraf|Trick Room|p2b: Farigiraf\n|-fieldstart|move: Trick Room|[of] p2b: Farigiraf\n|\n|upkeep\n|\n|t:|1737761695\n|switch|p2a: Ursaluna|Ursaluna-Bloodmoon, L50, M|100\/100\n|turn|2\n|inactive|Ibrahimovicvgc has 30 seconds left.\n|inactive|Ibrahimovicvgc has 20 seconds left.\n|\n|t:|1737761731\n|switch|p1b: Tatsugiri|Tatsugiri, L50, M|100\/100\n|switch|p1a: Dondozo|Dondozo, L50, F|100\/100\n|-activate|p1b: Tatsugiri|ability: Commander|[of] p1a: Dondozo\n|-boost|p1a: Dondozo|atk|2\n|-boost|p1a: Dondozo|spa|2\n|-boost|p1a: Dondozo|spe|2\n|-boost|p1a: Dondozo|def|2\n|-boost|p1a: Dondozo|spd|2\n|-terastallize|p2a: Ursaluna|Normal\n|move|p2b: Farigiraf|Helping Hand|p2a: Ursaluna\n|-singleturn|p2a: Ursaluna|Helping Hand|[of] p2b: Farigiraf\n|move|p2a: Ursaluna|Hyper Voice|p1a: Dondozo|[spread] p1a\n|-miss|p2a: Ursaluna|p1b: Tatsugiri\n|-damage|p1a: Dondozo|45\/100\n|-damage|p2a: Ursaluna|91\/100|[from] item: Life Orb\n|\n|-heal|p1a: Dondozo|51\/100|[from] item: Leftovers\n|upkeep\n|turn|3\n|inactive|Ibrahimovicvgc has 30 seconds left.\n|\n|t:|1737761757\n|move|p2b: Farigiraf|Helping Hand|p2a: Ursaluna\n|-singleturn|p2a: Ursaluna|Helping Hand|[of] p2b: Farigiraf\n|move|p1a: Dondozo|Protect|p1a: Dondozo\n|-singleturn|p1a: Dondozo|Protect\n|move|p2a: Ursaluna|Hyper Voice|p1b: Tatsugiri|[spread] \n|-miss|p2a: Ursaluna|p1b: Tatsugiri\n|-activate|p1a: Dondozo|move: Protect\n|\n|-heal|p1a: Dondozo|58\/100|[from] item: Leftovers\n|upkeep\n|turn|4\n|\n|t:|1737761775\n|move|p2b: Farigiraf|Helping Hand|p2a: Ursaluna\n|-singleturn|p2a: Ursaluna|Helping Hand|[of] p2b: Farigiraf\n|move|p2a: Ursaluna|Blood Moon|p1a: Dondozo\n|-crit|p1a: Dondozo\n|-damage|p1a: Dondozo|0 fnt\n|faint|p1a: Dondozo\n|-damage|p2a: Ursaluna|81\/100|[from] item: Life Orb\n|\n|upkeep\n|\n|t:|1737761784\n|switch|p1a: Chi-Yu|Chi-Yu, L50|100\/100\n|-ability|p1a: Chi-Yu|Beads of Ruin\n|turn|5\n|\n|t:|1737761792\n|move|p1a: Chi-Yu|Protect|p1a: Chi-Yu\n|-singleturn|p1a: Chi-Yu|Protect\n|move|p2b: Farigiraf|Psychic Noise|p1b: Tatsugiri\n|-damage|p1b: Tatsugiri|56\/100\n|-start|p1b: Tatsugiri|move: Heal Block\n|move|p2a: Ursaluna|Hyper Voice|p1b: Tatsugiri|[spread] p1b\n|-activate|p1a: Chi-Yu|move: Protect\n|-damage|p1b: Tatsugiri|0 fnt\n|faint|p1b: Tatsugiri\n|-damage|p2a: Ursaluna|72\/100|[from] item: Life Orb\n|\n|-fieldend|move: Trick Room\n|-fieldend|move: Electric Terrain\n|upkeep\n|\n|t:|1737761804\n|switch|p1b: Miraidon|Miraidon, L50|100\/100\n|-fieldstart|move: Electric Terrain|[from] ability: Hadron Engine|[of] p1b: Miraidon\n|turn|6\n|\n|t:|1737761813\n|move|p2a: Ursaluna|Protect|p2a: Ursaluna\n|-singleturn|p2a: Ursaluna|Protect\n|move|p1b: Miraidon|Electro Drift|p2a: Ursaluna\n|-activate|p2a: Ursaluna|move: Protect\n|move|p1a: Chi-Yu|Dark Pulse|p2b: Farigiraf\n|-supereffective|p2b: Farigiraf\n|-damage|p2b: Farigiraf|0 fnt\n|faint|p2b: Farigiraf\n|\n|upkeep\n|\n|t:|1737761822\n|switch|p2b: Annihilape|Annihilape, L50, M|100\/100\n|turn|7\n|\n|t:|1737761845\n|move|p2b: Annihilape|Final Gambit|p1b: Miraidon\n|-damage|p1b: Miraidon|0 fnt\n|faint|p2b: Annihilape\n|faint|p1b: Miraidon\n|move|p1a: Chi-Yu|Overheat|p2a: Ursaluna\n|-damage|p2a: Ursaluna|0 fnt\n|-unboost|p1a: Chi-Yu|spa|2\n|faint|p2a: Ursaluna\n|\n|win|Ibrahimovicvgc\n|raw|Ibrahimovicvgc's rating: 1569 &rarr; <strong>1591<\/strong><br \/>(+22 for winning)\n|raw|Dot1Q's rating: 1596 &rarr; <strong>1574<\/strong><br \/>(-22 for losing)\n|l|\u2606Dot1Q\n|player|p2|\n|l|\u2606Ibrahimovicvgc\n|player|p1|\n","uploadtime":1737762023,"views":12,"formatid":"gen9vgc2025regg","rating":1574,"private":0,"password":null}