{"id":"gen9vgc2025regg-2287810699","format":"[Gen 9] VGC 2025 Reg G","players":["ScaryQwQ","bluestraggler01"],"log":"|j|\u2606ScaryQwQ\n|j|\u203dbluestraggler01\n|t:|1737785738\n|gametype|doubles\n|player|p1|ScaryQwQ|argenta|1584\n|player|p2|bluestraggler01|2|1613\n|teamsize|p1|6\n|teamsize|p2|6\n|gen|9\n|tier|[Gen 9] VGC 2025 Reg G\n|rated|\n|rule|Species Clause: Limit one of each Pok\u00e9mon\n|rule|Item Clause: Limit 1 of each item\n|clearpoke\n|poke|p1|Zacian-*, L50|\n|poke|p1|Regidrago, L50|\n|poke|p1|Whimsicott, L50, M|\n|poke|p1|Chi-Yu, L50|\n|poke|p1|Amoonguss, L50, F|\n|poke|p1|Ditto, L50|\n|poke|p2|Koraidon, L50|\n|poke|p2|Lilligant-Hisui, L50, F|\n|poke|p2|Walking Wake, L50|\n|poke|p2|Raging Bolt, L50|\n|poke|p2|Kingambit, L50, F|\n|poke|p2|Volcarona, L50, F|\n|teampreview|4\n|inactive|Battle timer is ON: inactive players will automatically lose when time's up. (requested by bluestraggler01)\nbluestraggler01 rejected open team sheets.\n|\n|t:|1737785804\n|start\n|switch|p1a: Zacian|Zacian-Crowned, L50|100\/100\n|switch|p1b: Whimsicott|Whimsicott, L50, M|100\/100\n|switch|p2a: Kingambit|Kingambit, L50, F|100\/100\n|switch|p2b: Volcarona|Volcarona, L50, F|100\/100\n|-ability|p1a: Zacian|Intrepid Sword|boost\n|-boost|p1a: Zacian|atk|1\n|turn|1\n|\n|t:|1737785827\n|move|p2a: Kingambit|Protect|p2a: Kingambit\n|-singleturn|p2a: Kingambit|Protect\n|move|p1b: Whimsicott|Tailwind|p1b: Whimsicott\n|-sidestart|p1: ScaryQwQ|move: Tailwind\n|move|p1a: Zacian|Sacred Sword|p2a: Kingambit\n|-activate|p2a: Kingambit|move: Protect\n|move|p2b: Volcarona|Will-O-Wisp|p1a: Zacian|[miss]\n|-miss|p2b: Volcarona|p1a: Zacian\n|\n|upkeep\n|turn|2\n|inactive|ScaryQwQ has 30 seconds left.\n|inactive|bluestraggler01 has 30 seconds left.\n|inactive|ScaryQwQ has 20 seconds left.\n|inactive|ScaryQwQ has 15 seconds left.\n|inactive|ScaryQwQ has 10 seconds left.\n|\n|t:|1737785874\n|switch|p2a: Koraidon|Koraidon, L50|100\/100\n|-weather|SunnyDay|[from] ability: Orichalcum Pulse|[of] p2a: Koraidon\n|-activate|p2a: Koraidon|Orichalcum Pulse|[source]\n|move|p1a: Zacian|Protect|p1a: Zacian\n|-singleturn|p1a: Zacian|Protect\n|move|p1b: Whimsicott|Encore|p2b: Volcarona\n|-start|p2b: Volcarona|Encore\n|move|p2b: Volcarona|Will-O-Wisp|p1a: Zacian\n|-activate|p1a: Zacian|move: Protect\n|\n|-weather|SunnyDay|[upkeep]\n|upkeep\n|turn|3\n|inactive|ScaryQwQ has 30 seconds left.\n|\n|t:|1737785905\n|switch|p1a: Regidrago|Regidrago, L50|100\/100\n|switch|p2a: Kingambit|Kingambit, L50, F|100\/100\n|move|p1b: Whimsicott|Moonblast|p2a: Kingambit\n|-damage|p2a: Kingambit|76\/100\n|move|p2b: Volcarona|Will-O-Wisp|p1a: Regidrago\n|-status|p1a: Regidrago|brn\n|\n|-weather|SunnyDay|[upkeep]\n|-damage|p1a: Regidrago|94\/100 brn|[from] brn\n|upkeep\n|turn|4\n|\n|t:|1737785923\n|move|p2a: Kingambit|Sucker Punch|p1a: Regidrago\n|-damage|p1a: Regidrago|43\/100 brn\n|move|p1b: Whimsicott|Moonblast|p2a: Kingambit\n|-damage|p2a: Kingambit|51\/100\n|move|p1a: Regidrago|Draco Meteor|p2b: Volcarona\n|-damage|p2b: Volcarona|0 fnt\n|-unboost|p1a: Regidrago|spa|2\n|faint|p2b: Volcarona\n|-damage|p1a: Regidrago|33\/100 brn|[from] item: Life Orb\n|\n|-weather|SunnyDay|[upkeep]\n|-damage|p1a: Regidrago|27\/100 brn|[from] brn\n|-sideend|p1: ScaryQwQ|move: Tailwind\n|upkeep\n|\n|t:|1737785935\n|switch|p2b: Koraidon|Koraidon, L50|100\/100\n|-activate|p2b: Koraidon|ability: Orichalcum Pulse\n|turn|5\n|\n|t:|1737785958\n|switch|p1a: Zacian|Zacian-Crowned, L50|100\/100\n|-terastallize|p2b: Koraidon|Fire\n|move|p1b: Whimsicott|Tailwind|p1b: Whimsicott\n|-sidestart|p1: ScaryQwQ|move: Tailwind\n|move|p2b: Koraidon|Flame Charge|p1b: Whimsicott\n|-supereffective|p1b: Whimsicott\n|-damage|p1b: Whimsicott|0 fnt\n|-boost|p2b: Koraidon|spe|1\n|faint|p1b: Whimsicott\n|move|p2a: Kingambit|Iron Head|p1a: Zacian\n|-damage|p1a: Zacian|57\/100\n|\n|-weather|SunnyDay|[upkeep]\n|upkeep\n|\n|t:|1737785975\n|switch|p1b: Chi-Yu|Chi-Yu, L50|100\/100\n|-ability|p1b: Chi-Yu|Beads of Ruin\n|turn|6\n|\n|t:|1737785993\n|-terastallize|p1a: Zacian|Ground\n|move|p2a: Kingambit|Sucker Punch|p1b: Chi-Yu\n|-resisted|p1b: Chi-Yu\n|-damage|p1b: Chi-Yu|57\/100\n|move|p1a: Zacian|Tera Blast|p2b: Koraidon|[anim] Tera Blast Ground\n|-supereffective|p2b: Koraidon\n|-damage|p2b: Koraidon|27\/100\n|move|p1b: Chi-Yu|Heat Wave|p2a: Kingambit|[spread] p2a,p2b\n|-supereffective|p2a: Kingambit\n|-resisted|p2b: Koraidon\n|-damage|p2a: Kingambit|0 fnt\n|-damage|p2b: Koraidon|2\/100\n|faint|p2a: Kingambit\n|move|p2b: Koraidon|Flame Charge|p1a: Zacian\n|-damage|p1a: Zacian|0 fnt\n|-boost|p2b: Koraidon|spe|1\n|faint|p1a: Zacian\n|\n|-weather|none\n|upkeep\n|\n|t:|1737786004\n|switch|p1a: Regidrago|Regidrago, L50|27\/100 brn\n|switch|p2a: Walking Wake|Walking Wake, L50|100\/100\n|turn|7\n|inactive|ScaryQwQ has 30 seconds left.\n|inactive|bluestraggler01 has 30 seconds left.\n|inactive|ScaryQwQ has 20 seconds left.\n|j| Lavenderawa\n|inactive|ScaryQwQ has 15 seconds left.\n|\n|t:|1737786044\n|move|p1b: Chi-Yu|Protect|p1b: Chi-Yu\n|-singleturn|p1b: Chi-Yu|Protect\n|move|p2b: Koraidon|Drain Punch|p1b: Chi-Yu\n|-activate|p1b: Chi-Yu|move: Protect\n|move|p1a: Regidrago|Draco Meteor|p2a: Walking Wake\n|-supereffective|p2a: Walking Wake\n|-damage|p2a: Walking Wake|0 fnt\n|-unboost|p1a: Regidrago|spa|2\n|faint|p2a: Walking Wake\n|-end|p2a: Walking Wake|Protosynthesis|[silent]\n|-damage|p1a: Regidrago|17\/100 brn|[from] item: Life Orb\n|\n|-damage|p1a: Regidrago|11\/100 brn|[from] brn\n|upkeep\n|turn|8\n|\n|t:|1737786055\n|move|p2b: Koraidon|Drain Punch|p1b: Chi-Yu\n|-supereffective|p1b: Chi-Yu\n|-damage|p1b: Chi-Yu|0 fnt\n|-heal|p2b: Koraidon|21\/100|[from] drain|[of] p1b: Chi-Yu\n|faint|p1b: Chi-Yu\n|move|p1a: Regidrago|Dragon Energy|p2b: Koraidon\n|-damage|p2b: Koraidon|16\/100\n|-damage|p1a: Regidrago|1\/100 brn|[from] item: Life Orb\n|\n|-damage|p1a: Regidrago|0 fnt|[from] brn\n|faint|p1a: Regidrago\n|\n|win|bluestraggler01\n|upkeep\n|raw|ScaryQwQ's rating: 1584 &rarr; <strong>1566<\/strong><br \/>(-18 for losing)\n|raw|bluestraggler01's rating: 1613 &rarr; <strong>1631<\/strong><br \/>(+18 for winning)\n|l|\u203dbluestraggler01\n|player|p2|\n|l|\u2606ScaryQwQ\n|player|p1|\n|l| Lavenderawa\n","uploadtime":1737786266,"views":17,"formatid":"gen9vgc2025regg","rating":1566,"private":0,"password":null}