{"id":"gen9vgc2025regg-2287628948","format":"[Gen 9] VGC 2025 Reg G","players":["Zakmancho","mejian poke poke"],"log":"|j|\u2606Zakmancho\n|j|\u2606mejian poke poke\n|t:|1737759421\n|gametype|doubles\n|player|p1|Zakmancho|2|1594\n|player|p2|mejian poke poke|266|1623\n|teamsize|p1|6\n|teamsize|p2|6\n|gen|9\n|tier|[Gen 9] VGC 2025 Reg G\n|rated|\n|rule|Species Clause: Limit one of each Pok\u00e9mon\n|rule|Item Clause: Limit 1 of each item\n|clearpoke\n|poke|p1|Calyrex-Ice, L50|\n|poke|p1|Raging Bolt, L50|\n|poke|p1|Flutter Mane, L50|\n|poke|p1|Urshifu-*, L50, F|\n|poke|p1|Murkrow, L50, F|\n|poke|p1|Ogerpon-Cornerstone, L50, F|\n|poke|p2|Lunala, L50|\n|poke|p2|Maushold, L50|\n|poke|p2|Tornadus, L50, M|\n|poke|p2|Urshifu-*, L50, F|\n|poke|p2|Rillaboom, L50, M|\n|poke|p2|Landorus, L50, M|\n|teampreview|4\n|inactive|Battle timer is ON: inactive players will automatically lose when time's up. (requested by Zakmancho)\n|j| brrkz\n|\n|t:|1737759451\n|start\n|switch|p1a: Calyrex|Calyrex-Ice, L50|100\/100\n|switch|p1b: Murkrow|Murkrow, L50, F|100\/100\n|switch|p2a: Lunala|Lunala, L50|100\/100\n|switch|p2b: Maushold|Maushold, L50|100\/100\n|-ability|p1a: Calyrex|As One\n|-ability|p1a: Calyrex|Unnerve\n|turn|1\n|\n|t:|1737759462\n|move|p1a: Calyrex|Protect|p1a: Calyrex\n|-singleturn|p1a: Calyrex|Protect\n|move|p1b: Murkrow|Thunder Wave|p2a: Lunala\n|-status|p2a: Lunala|par\n|move|p2b: Maushold|Super Fang|p1a: Calyrex\n|-activate|p1a: Calyrex|move: Protect\n|cant|p2a: Lunala|par\n|\n|upkeep\n|turn|2\n|\n|t:|1737759483\n|-terastallize|p1a: Calyrex|Poison\n|-terastallize|p2a: Lunala|Fairy\n|move|p1b: Murkrow|Thunder Wave|p2b: Maushold\n|-status|p2b: Maushold|par\n|move|p1a: Calyrex|Glacial Lance|p2a: Lunala|[spread] p2a,p2b\n|-damage|p2a: Lunala|84\/100 par\n|-damage|p2b: Maushold|42\/100 par\n|cant|p2b: Maushold|par\n|move|p2a: Lunala|Moongeist Beam|p1a: Calyrex\n|-damage|p1a: Calyrex|59\/100\n|\n|upkeep\n|turn|3\n|inactive|Zakmancho has 30 seconds left.\n|\n|t:|1737759508\n|move|p2b: Maushold|Helping Hand|p2a: Lunala\n|-singleturn|p2a: Lunala|Helping Hand|[of] p2b: Maushold\n|move|p1b: Murkrow|Tailwind|p1b: Murkrow\n|-sidestart|p1: Zakmancho|move: Tailwind\n|move|p1a: Calyrex|Glacial Lance|p2a: Lunala|[spread] p2a,p2b\n|-damage|p2a: Lunala|51\/100 par\n|-damage|p2b: Maushold|0 fnt\n|faint|p2b: Maushold\n|-ability|p1a: Calyrex|Chilling Neigh|boost\n|-boost|p1a: Calyrex|atk|1\n|move|p2a: Lunala|Dazzling Gleam|p1a: Calyrex|[spread] p1a,p1b\n|-resisted|p1a: Calyrex\n|-supereffective|p1b: Murkrow\n|-damage|p1a: Calyrex|41\/100\n|-damage|p1b: Murkrow|2\/100\n|\n|upkeep\n|\n|t:|1737759525\n|switch|p2b: Urshifu|Urshifu-Rapid-Strike, L50, F|100\/100\n|turn|4\n|\n|t:|1737759541\n|move|p2b: Urshifu|Detect|p2b: Urshifu\n|-singleturn|p2b: Urshifu|Protect\n|move|p1b: Murkrow|Thunder Wave|p2b: Urshifu\n|-activate|p2b: Urshifu|move: Protect\n|move|p1a: Calyrex|Glacial Lance|p2b: Urshifu|[spread] p2a\n|-activate|p2b: Urshifu|move: Protect\n|-damage|p2a: Lunala|0 fnt\n|faint|p2a: Lunala\n|-ability|p1a: Calyrex|Chilling Neigh|boost\n|-boost|p1a: Calyrex|atk|1\n|\n|upkeep\n|\n|t:|1737759544\n|switch|p2a: Rillaboom|Rillaboom, L50, M|100\/100\n|-fieldstart|move: Grassy Terrain|[from] ability: Grassy Surge|[of] p2a: Rillaboom\n|turn|5\n|\n|t:|1737759557\n|move|p2a: Rillaboom|Fake Out|p1a: Calyrex\n|-damage|p1a: Calyrex|32\/100\n|move|p1b: Murkrow|Thunder Wave|p2b: Urshifu\n|-status|p2b: Urshifu|par\n|cant|p1a: Calyrex|flinch\n|move|p2b: Urshifu|Surging Strikes|p1a: Calyrex\n|-crit|p1a: Calyrex\n|-damage|p1a: Calyrex|18\/100\n|-crit|p1a: Calyrex\n|-damage|p1a: Calyrex|4\/100\n|-crit|p1a: Calyrex\n|-damage|p1a: Calyrex|0 fnt\n|faint|p1a: Calyrex\n|-hitcount|p1: Calyrex|3\n|\n|upkeep\n|\n|t:|1737759571\n|switch|p1a: Raging Bolt|Raging Bolt, L50|100\/100\n|turn|6\n|\n|t:|1737759581\n|move|p1b: Murkrow|Thunder Wave|p2a: Rillaboom\n|-status|p2a: Rillaboom|par\n|move|p2a: Rillaboom|Grassy Glide|p1b: Murkrow\n|-resisted|p1b: Murkrow\n|-damage|p1b: Murkrow|0 fnt\n|faint|p1b: Murkrow\n|move|p1a: Raging Bolt|Thunderbolt|p2b: Urshifu\n|-supereffective|p2b: Urshifu\n|-enditem|p2b: Urshifu|Focus Sash\n|-damage|p2b: Urshifu|1\/100 par\n|-damage|p1a: Raging Bolt|91\/100|[from] item: Life Orb\n|cant|p2b: Urshifu|par\n|\n|-heal|p1a: Raging Bolt|97\/100|[from] Grassy Terrain\n|-heal|p2b: Urshifu|7\/100 par|[from] Grassy Terrain\n|-sideend|p1: Zakmancho|move: Tailwind\n|upkeep\n|-message|mejian poke poke forfeited.\n|\n|win|Zakmancho\n|raw|Zakmancho's rating: 1594 &rarr; <strong>1616<\/strong><br \/>(+22 for winning)\n|raw|mejian poke poke's rating: 1623 &rarr; <strong>1601<\/strong><br \/>(-22 for losing)\n|l|\u2606mejian poke poke\n|player|p2|\n|l| brrkz\n|l|\u2606Zakmancho\n|player|p1|\n","uploadtime":1737759818,"views":11,"formatid":"gen9vgc2025regg","rating":1601,"private":0,"password":null}