{"id":"gen9vgc2025regg-2287402156","format":"[Gen 9] VGC 2025 Reg G","players":["Hikawari","Diestoise"],"log":"|j|\u2606Hikawari\n|j|\u2606Diestoise\n|t:|1737735974\n|gametype|doubles\n|player|p1|Hikawari|2|1559\n|player|p2|Diestoise|blue|1543\n|teamsize|p1|6\n|teamsize|p2|6\n|gen|9\n|tier|[Gen 9] VGC 2025 Reg G\n|rated|\n|rule|Species Clause: Limit one of each Pok\u00e9mon\n|rule|Item Clause: Limit 1 of each item\n|clearpoke\n|poke|p1|Zamazenta-*, L50|\n|poke|p1|Chi-Yu, L50|\n|poke|p1|Rillaboom, L50, F|\n|poke|p1|Flutter Mane, L50|\n|poke|p1|Chien-Pao, L50|\n|poke|p1|Amoonguss, L50, M|\n|poke|p2|Koraidon, L50|\n|poke|p2|Raging Bolt, L50|\n|poke|p2|Entei, L50|\n|poke|p2|Flutter Mane, L50|\n|poke|p2|Venusaur, L50, F|\n|poke|p2|Ditto, L50|\n|teampreview|4\n|inactive|Battle timer is ON: inactive players will automatically lose when time's up. (requested by Hikawari)\n|\n|t:|1737736005\n|start\n|switch|p1a: Chi-Yu|Chi-Yu, L50|100\/100\n|switch|p1b: Flutter Mane|Flutter Mane, L50|100\/100\n|switch|p2a: Entei|Entei, L50|100\/100\n|switch|p2b: Venusaur|Venusaur, L50, F, shiny|100\/100\n|-ability|p1a: Chi-Yu|Beads of Ruin\n|-enditem|p1b: Flutter Mane|Booster Energy\n|-activate|p1b: Flutter Mane|ability: Protosynthesis|[fromitem]\n|-start|p1b: Flutter Mane|protosynthesisspe\n|turn|1\n|\n|t:|1737736027\n|move|p2b: Venusaur|Protect|p2b: Venusaur\n|-singleturn|p2b: Venusaur|Protect\n|move|p1b: Flutter Mane|Icy Wind|p2a: Entei|[spread] p2a\n|-activate|p2b: Venusaur|move: Protect\n|-resisted|p2a: Entei\n|-crit|p2a: Entei\n|-damage|p2a: Entei|93\/100\n|-unboost|p2a: Entei|spe|1\n|move|p1a: Chi-Yu|Dark Pulse|p2b: Venusaur\n|-activate|p2b: Venusaur|move: Protect\n|move|p2a: Entei|Stomping Tantrum|p1a: Chi-Yu\n|-supereffective|p1a: Chi-Yu\n|-damage|p1a: Chi-Yu|32\/100\n|\n|upkeep\n|turn|2\n|inactive|Diestoise has 30 seconds left.\n|\n|t:|1737736052\n|move|p2a: Entei|Extreme Speed|p1a: Chi-Yu\n|-damage|p1a: Chi-Yu|0 fnt\n|faint|p1a: Chi-Yu\n|move|p1b: Flutter Mane|Shadow Ball|p2b: Venusaur\n|-damage|p2b: Venusaur|65\/100\n|move|p2b: Venusaur|Sleep Powder|p1b: Flutter Mane\n|-status|p1b: Flutter Mane|slp|[from] move: Sleep Powder\n|\n|upkeep\n|j| Mike2811\n|\n|t:|1737736059\n|switch|p1a: Chien-Pao|Chien-Pao, L50|100\/100\n|-ability|p1a: Chien-Pao|Sword of Ruin\n|turn|3\n|inactive|Diestoise has 30 seconds left.\n|\n|t:|1737736085\n|move|p1a: Chien-Pao|Protect|p1a: Chien-Pao\n|-singleturn|p1a: Chien-Pao|Protect\n|cant|p1b: Flutter Mane|slp\n|move|p2b: Venusaur|Sludge Bomb|p1a: Chien-Pao\n|-activate|p1a: Chien-Pao|move: Protect\n|move|p2a: Entei|Sacred Fire|p1a: Chien-Pao\n|-activate|p1a: Chien-Pao|move: Protect\n|\n|upkeep\n|turn|4\n|inactive|Diestoise has 30 seconds left.\n|\n|t:|1737736116\n|move|p2b: Venusaur|Protect|p2b: Venusaur\n|-singleturn|p2b: Venusaur|Protect\n|cant|p1b: Flutter Mane|slp\n|move|p1a: Chien-Pao|Icicle Crash|p2b: Venusaur\n|-activate|p2b: Venusaur|move: Protect\n|move|p2a: Entei|Sacred Fire|p1a: Chien-Pao\n|-supereffective|p1a: Chien-Pao\n|-enditem|p1a: Chien-Pao|Focus Sash\n|-damage|p1a: Chien-Pao|1\/100\n|-status|p1a: Chien-Pao|brn\n|\n|-damage|p1a: Chien-Pao|0 fnt|[from] brn\n|faint|p1a: Chien-Pao\n|upkeep\n|\n|t:|1737736133\n|switch|p1a: Zamazenta|Zamazenta-Crowned, L50|100\/100\n|-ability|p1a: Zamazenta|Dauntless Shield|boost\n|-boost|p1a: Zamazenta|def|1\n|turn|5\n|-message|Hikawari forfeited.\n|\n|win|Diestoise\n|raw|Hikawari's rating: 1559 &rarr; <strong>1538<\/strong><br \/>(-21 for losing)\n|raw|Diestoise's rating: 1543 &rarr; <strong>1564<\/strong><br \/>(+21 for winning)\n|l|\u2606Hikawari\n|player|p1|\n|l| Mike2811\n|l|\u2606Diestoise\n|player|p2|\n","uploadtime":1737736290,"views":20,"formatid":"gen9vgc2025regg","rating":1538,"private":0,"password":null}