{"id":"gen9vgc2025regg-2287449332","format":"[Gen 9] VGC 2025 Reg G","players":["UnluckyTogekissZ","Hikawari"],"log":"|j|\u2606UnluckyTogekissZ\n|j|\u2606Hikawari\n|t:|1737740512\n|gametype|doubles\n|player|p1|UnluckyTogekissZ|265|1564\n|player|p2|Hikawari|101|1557\n|teamsize|p1|6\n|teamsize|p2|6\n|gen|9\n|tier|[Gen 9] VGC 2025 Reg G\n|rated|\n|rule|Species Clause: Limit one of each Pok\u00e9mon\n|rule|Item Clause: Limit 1 of each item\n|clearpoke\n|poke|p1|Calyrex-Shadow, L50|\n|poke|p1|Sandy Shocks, L50|\n|poke|p1|Clefairy, L50, F|\n|poke|p1|Urshifu-*, L50, M|\n|poke|p1|Incineroar, L50, F|\n|poke|p1|Rillaboom, L50, M|\n|poke|p2|Zamazenta-*, L50|\n|poke|p2|Chi-Yu, L50|\n|poke|p2|Rillaboom, L50, M|\n|poke|p2|Flutter Mane, L50|\n|poke|p2|Chien-Pao, L50|\n|poke|p2|Amoonguss, L50, M|\n|teampreview|4\n|inactive|Battle timer is ON: inactive players will automatically lose when time's up. (requested by Hikawari)\n|inactive|UnluckyTogekissZ has 60 seconds left.\n|\n|t:|1737740546\n|start\n|switch|p1a: Calyrex|Calyrex-Shadow, L50|100\/100\n|switch|p1b: Incineroar|Incineroar, L50, F|100\/100\n|switch|p2a: Zamazenta|Zamazenta-Crowned, L50|100\/100\n|switch|p2b: Flutter Mane|Flutter Mane, L50|100\/100\n|-ability|p1a: Calyrex|As One\n|-ability|p1a: Calyrex|Unnerve\n|-ability|p2a: Zamazenta|Dauntless Shield|boost\n|-boost|p2a: Zamazenta|def|1\n|-ability|p1b: Incineroar|Intimidate|boost\n|-unboost|p2a: Zamazenta|atk|1\n|-unboost|p2b: Flutter Mane|atk|1\n|-enditem|p2b: Flutter Mane|Booster Energy\n|-activate|p2b: Flutter Mane|ability: Protosynthesis|[fromitem]\n|-start|p2b: Flutter Mane|protosynthesisspe\n|turn|1\n|j| nimainiak\n|inactive|UnluckyTogekissZ has 30 seconds left.\n|inactive|UnluckyTogekissZ has 20 seconds left.\n|\n|t:|1737740583\n|-terastallize|p1a: Calyrex|Fairy\n|move|p2b: Flutter Mane|Protect|p2b: Flutter Mane\n|-singleturn|p2b: Flutter Mane|Protect\n|move|p2a: Zamazenta|Protect|p2a: Zamazenta\n|-singleturn|p2a: Zamazenta|Protect\n|move|p1b: Incineroar|Fake Out|p2a: Zamazenta\n|-activate|p2a: Zamazenta|move: Protect\n|move|p1a: Calyrex|Astral Barrage|p2a: Zamazenta|[spread] \n|-activate|p2a: Zamazenta|move: Protect\n|-activate|p2b: Flutter Mane|move: Protect\n|\n|upkeep\n|turn|2\n|\n|t:|1737740605\n|switch|p1b: Clefairy|Clefairy, L50, F, shiny|100\/100\n|move|p2a: Zamazenta|Wide Guard|p2a: Zamazenta\n|-singleturn|p2a: Zamazenta|Wide Guard\n|move|p2b: Flutter Mane|Icy Wind|p1a: Calyrex|[spread] p1a,p1b\n|-damage|p1a: Calyrex|91\/100\n|-damage|p1b: Clefairy|90\/100\n|-unboost|p1b: Clefairy|spe|1\n|move|p1a: Calyrex|Astral Barrage|p2b: Flutter Mane|[spread] \n|-activate|p2a: Zamazenta|move: Wide Guard\n|-activate|p2b: Flutter Mane|move: Wide Guard\n|\n|upkeep\n|turn|3\n|\n|t:|1737740625\n|switch|p1b: Incineroar|Incineroar, L50, F|100\/100\n|-ability|p1b: Incineroar|Intimidate|boost\n|-unboost|p2a: Zamazenta|atk|1\n|-unboost|p2b: Flutter Mane|atk|1\n|move|p2b: Flutter Mane|Shadow Ball|p1a: Calyrex\n|-damage|p1a: Calyrex|60\/100\n|move|p1a: Calyrex|Calm Mind|p1a: Calyrex\n|-boost|p1a: Calyrex|spa|1\n|-boost|p1a: Calyrex|spd|1\n|move|p2a: Zamazenta|Heavy Slam|p1a: Calyrex\n|-supereffective|p1a: Calyrex\n|-damage|p1a: Calyrex|13\/100\n|\n|upkeep\n|turn|4\n|\n|t:|1737740643\n|switch|p1b: Clefairy|Clefairy, L50, F, shiny|90\/100\n|move|p1a: Calyrex|Protect|p1a: Calyrex\n|-singleturn|p1a: Calyrex|Protect\n|move|p2b: Flutter Mane|Shadow Ball|p1a: Calyrex\n|-activate|p1a: Calyrex|move: Protect\n|move|p2a: Zamazenta|Body Press|p1b: Clefairy\n|-resisted|p1b: Clefairy\n|-damage|p1b: Clefairy|64\/100\n|\n|upkeep\n|turn|5\n|\n|t:|1737740665\n|move|p2a: Zamazenta|Protect|p2a: Zamazenta\n|-singleturn|p2a: Zamazenta|Protect\n|move|p1b: Clefairy|Follow Me|p1b: Clefairy\n|-singleturn|p1b: Clefairy|move: Follow Me\n|move|p2b: Flutter Mane|Icy Wind|p1b: Clefairy|[spread] p1a,p1b\n|-damage|p1a: Calyrex|8\/100\n|-damage|p1b: Clefairy|51\/100\n|-unboost|p1b: Clefairy|spe|1\n|move|p1a: Calyrex|Draining Kiss|p2b: Flutter Mane\n|-damage|p2b: Flutter Mane|55\/100\n|-heal|p1a: Calyrex|35\/100|[from] drain|[of] p2b: Flutter Mane\n|\n|upkeep\n|turn|6\n|inactive|UnluckyTogekissZ has 30 seconds left.\n|inactive|Hikawari has 30 seconds left.\n|inactive|UnluckyTogekissZ has 20 seconds left.\n|inactive|UnluckyTogekissZ has 15 seconds left.\n|inactive|UnluckyTogekissZ has 10 seconds left.\n|\n|t:|1737740713\n|move|p2a: Zamazenta|Wide Guard|p2a: Zamazenta\n|-singleturn|p2a: Zamazenta|Wide Guard\n|move|p1b: Clefairy|Follow Me|p1b: Clefairy\n|-singleturn|p1b: Clefairy|move: Follow Me\n|move|p2b: Flutter Mane|Moonblast|p1b: Clefairy\n|-damage|p1b: Clefairy|13\/100\n|move|p1a: Calyrex|Draining Kiss|p2a: Zamazenta\n|-crit|p2a: Zamazenta\n|-damage|p2a: Zamazenta|40\/100\n|-heal|p1a: Calyrex|76\/100|[from] drain|[of] p2a: Zamazenta\n|\n|upkeep\n|turn|7\n|\n|t:|1737740730\n|move|p2a: Zamazenta|Wide Guard|p2a: Zamazenta\n|-singleturn|p2a: Zamazenta|Wide Guard\n|move|p1b: Clefairy|Follow Me|p1b: Clefairy\n|-singleturn|p1b: Clefairy|move: Follow Me\n|move|p2b: Flutter Mane|Moonblast|p1b: Clefairy\n|-damage|p1b: Clefairy|0 fnt\n|faint|p1b: Clefairy\n|move|p1a: Calyrex|Astral Barrage|p2a: Zamazenta|[spread] \n|-activate|p2a: Zamazenta|move: Wide Guard\n|-activate|p2b: Flutter Mane|move: Wide Guard\n|\n|upkeep\n|\n|t:|1737740734\n|switch|p1b: Incineroar|Incineroar, L50, F|100\/100\n|-ability|p1b: Incineroar|Intimidate|boost\n|-unboost|p2a: Zamazenta|atk|1\n|-unboost|p2b: Flutter Mane|atk|1\n|turn|8\n|\n|t:|1737740752\n|switch|p2a: Chi-Yu|Chi-Yu, L50|100\/100\n|-ability|p2a: Chi-Yu|Beads of Ruin\n|move|p2b: Flutter Mane|Protect|p2b: Flutter Mane\n|-singleturn|p2b: Flutter Mane|Protect\n|move|p1b: Incineroar|Fake Out|p2a: Chi-Yu\n|-damage|p2a: Chi-Yu|86\/100\n|move|p1a: Calyrex|Calm Mind|p1a: Calyrex\n|-boost|p1a: Calyrex|spa|1\n|-boost|p1a: Calyrex|spd|1\n|\n|upkeep\n|turn|9\n|inactive|UnluckyTogekissZ has 30 seconds left.\n|\n|t:|1737740779\n|move|p1a: Calyrex|Protect|p1a: Calyrex\n|-singleturn|p1a: Calyrex|Protect\n|move|p2b: Flutter Mane|Moonblast|p1a: Calyrex\n|-activate|p1a: Calyrex|move: Protect\n|move|p2a: Chi-Yu|Heat Wave|p1b: Incineroar|[spread] \n|-activate|p1a: Calyrex|move: Protect\n|-miss|p2a: Chi-Yu|p1b: Incineroar\n|move|p1b: Incineroar|Parting Shot|p2b: Flutter Mane\n|-unboost|p2b: Flutter Mane|atk|1\n|-unboost|p2b: Flutter Mane|spa|1\n|\n|t:|1737740790\n|switch|p1b: Sandy Shocks|Sandy Shocks, L50|100\/100|[from] Parting Shot\n|\n|upkeep\n|turn|10\n|\n|t:|1737740803\n|move|p1b: Sandy Shocks|Protect|p1b: Sandy Shocks\n|-singleturn|p1b: Sandy Shocks|Protect\n|move|p2b: Flutter Mane|Moonblast|p1a: Calyrex\n|-damage|p1a: Calyrex|60\/100\n|move|p2a: Chi-Yu|Heat Wave|p1b: Sandy Shocks|[spread] p1a\n|-activate|p1b: Sandy Shocks|move: Protect\n|-damage|p1a: Calyrex|35\/100\n|move|p1a: Calyrex|Draining Kiss|p2a: Chi-Yu\n|-damage|p2a: Chi-Yu|13\/100\n|-heal|p1a: Calyrex|76\/100|[from] drain|[of] p2a: Chi-Yu\n|\n|upkeep\n|turn|11\n|inactive|UnluckyTogekissZ has 30 seconds left.\n|inactive|UnluckyTogekissZ has 20 seconds left.\n|inactive|UnluckyTogekissZ has 15 seconds left.\n|\n|t:|1737740846\n|-end|p1b: Sandy Shocks|Protosynthesis|[silent]\n|switch|p1b: Incineroar|Incineroar, L50, F|100\/100\n|-ability|p1b: Incineroar|Intimidate|boost\n|-unboost|p2a: Chi-Yu|atk|1\n|-unboost|p2b: Flutter Mane|atk|1\n|move|p2b: Flutter Mane|Moonblast|p1b: Incineroar\n|-damage|p1b: Incineroar|71\/100\n|move|p2a: Chi-Yu|Heat Wave|p1a: Calyrex|[spread] p1a,p1b\n|-resisted|p1b: Incineroar\n|-damage|p1a: Calyrex|55\/100\n|-damage|p1b: Incineroar|51\/100\n|move|p1a: Calyrex|Astral Barrage|p2a: Chi-Yu|[spread] p2a,p2b\n|-resisted|p2a: Chi-Yu\n|-supereffective|p2b: Flutter Mane\n|-damage|p2a: Chi-Yu|0 fnt\n|-damage|p2b: Flutter Mane|0 fnt\n|faint|p2a: Chi-Yu\n|faint|p2b: Flutter Mane\n|-end|p2b: Flutter Mane|Protosynthesis|[silent]\n|-ability|p1a: Calyrex|Grim Neigh|boost\n|-boost|p1a: Calyrex|spa|2\n|\n|upkeep\n|\n|t:|1737740850\n|switch|p2b: Zamazenta|Zamazenta-Crowned, L50|40\/100\n|switch|p2a: Rillaboom|Rillaboom, L50, M|100\/100\n|-fieldstart|move: Grassy Terrain|[from] ability: Grassy Surge|[of] p2a: Rillaboom\n|turn|12\n|inactive|UnluckyTogekissZ has 30 seconds left.\n|inactive|UnluckyTogekissZ has 20 seconds left.\n|\n|t:|1737740889\n|switch|p1b: Sandy Shocks|Sandy Shocks, L50|100\/100\n|move|p2a: Rillaboom|Fake Out|p1a: Calyrex\n|-damage|p1a: Calyrex|38\/100\n|move|p1a: Calyrex|Draining Kiss|p2b: Zamazenta\n|-damage|p2b: Zamazenta|0 fnt\n|-heal|p1a: Calyrex|65\/100|[from] drain|[of] p2b: Zamazenta\n|faint|p2b: Zamazenta\n|-ability|p1a: Calyrex|Grim Neigh|boost\n|-boost|p1a: Calyrex|spa|1\n|\n|-heal|p1a: Calyrex|71\/100|[from] Grassy Terrain\n|upkeep\n|turn|13\n|-message|Hikawari forfeited.\n|\n|win|UnluckyTogekissZ\n|raw|UnluckyTogekissZ's rating: 1564 &rarr; <strong>1584<\/strong><br \/>(+20 for winning)\n|raw|Hikawari's rating: 1557 &rarr; <strong>1537<\/strong><br \/>(-20 for losing)\n|l|\u2606Hikawari\n|player|p2|\n|l|\u2606UnluckyTogekissZ\n|player|p1|\n|l| nimainiak\n","uploadtime":1737741145,"views":4,"formatid":"gen9vgc2025regg","rating":1537,"private":0,"password":null}