{"id":"gen9vgc2025regg-2287356676","format":"[Gen 9] VGC 2025 Reg G","players":["Chococroc","epigrlozvgc"],"log":"|badge|p1|silver|gen9lc|30-4\n|uhtml|medal-msg|<div class=\"broadcast-blue\">Curious what those medals under the avatar are? PS now has Ladder Seasons! For more information, check out the <a href=\"https:\/\/www.smogon.com\/forums\/threads\/3740067\/\">thread on Smogon.<\/a><\/div>\n|j|\u2606Chococroc\n|j|\u2606epigrlozvgc\n|t:|1737731302\n|gametype|doubles\n|player|p1|Chococroc|pokemaniac|1548\n|player|p2|epigrlozvgc|alder|1682\n|teamsize|p1|6\n|teamsize|p2|6\n|gen|9\n|tier|[Gen 9] VGC 2025 Reg G\n|rated|\n|rule|Species Clause: Limit one of each Pok\u00e9mon\n|rule|Item Clause: Limit 1 of each item\n|clearpoke\n|poke|p1|Whimsicott, L50, F|\n|poke|p1|Chi-Yu, L50|\n|poke|p1|Flutter Mane, L50|\n|poke|p1|Raging Bolt, L50|\n|poke|p1|Amoonguss, L50, M|\n|poke|p1|Zamazenta-*, L50|\n|poke|p2|Tornadus, L50, M|\n|poke|p2|Chi-Yu, L50|\n|poke|p2|Calyrex-Shadow, L50|\n|poke|p2|Indeedee-F, L50, F|\n|poke|p2|Urshifu-*, L50, F|\n|poke|p2|Ditto, L50|\n|teampreview|4\n|inactive|Battle timer is ON: inactive players will automatically lose when time's up. (requested by Chococroc)\n|inactive|Chococroc has 60 seconds left.\n|\n|t:|1737731349\n|start\n|switch|p1a: Whimsicott|Whimsicott, L50, F|100\/100\n|switch|p1b: Chi-Yu|Chi-Yu, L50|100\/100\n|switch|p2a: Tornadus|Tornadus, L50, M|100\/100\n|switch|p2b: Chi-Yu|Chi-Yu, L50|100\/100\n|-ability|p1b: Chi-Yu|Beads of Ruin\n|-ability|p2b: Chi-Yu|Beads of Ruin\n|turn|1\n|\n|t:|1737731360\n|move|p2a: Tornadus|Tailwind|p2a: Tornadus\n|-sidestart|p2: epigrlozvgc|move: Tailwind\n|move|p1a: Whimsicott|Tailwind|p1a: Whimsicott\n|-sidestart|p1: Chococroc|move: Tailwind\n|move|p1b: Chi-Yu|Nasty Plot|p1b: Chi-Yu\n|-boost|p1b: Chi-Yu|spa|2\n|move|p2b: Chi-Yu|Heat Wave|p1b: Chi-Yu|[spread] p1a,p1b\n|-supereffective|p1a: Whimsicott\n|-resisted|p1b: Chi-Yu\n|-damage|p1a: Whimsicott|0 fnt\n|-damage|p1b: Chi-Yu|65\/100\n|faint|p1a: Whimsicott\n|\n|upkeep\n|\n|t:|1737731365\n|switch|p1a: Raging Bolt|Raging Bolt, L50|100\/100\n|turn|2\n|j| Ultimate_Eclipsee\n|\n|t:|1737731383\n|move|p1b: Chi-Yu|Protect|p1b: Chi-Yu\n|-singleturn|p1b: Chi-Yu|Protect\n|move|p2b: Chi-Yu|Heat Wave|p1b: Chi-Yu|[spread] p1a\n|-activate|p1b: Chi-Yu|move: Protect\n|-resisted|p1a: Raging Bolt\n|-damage|p1a: Raging Bolt|78\/100\n|move|p2a: Tornadus|Bleakwind Storm|p1b: Chi-Yu|[spread] p1a\n|-activate|p1b: Chi-Yu|move: Protect\n|-resisted|p1a: Raging Bolt\n|-damage|p1a: Raging Bolt|65\/100\n|-unboost|p1a: Raging Bolt|spe|1\n|move|p1a: Raging Bolt|Snarl|p2a: Tornadus|[spread] p2a,p2b\n|-resisted|p2b: Chi-Yu\n|-damage|p2a: Tornadus|78\/100\n|-damage|p2b: Chi-Yu|91\/100\n|-unboost|p2b: Chi-Yu|spa|1\n|\n|upkeep\n|turn|3\n|l| Ultimate_Eclipsee\n|\n|t:|1737731406\n|move|p2a: Tornadus|Rain Dance|p2a: Tornadus\n|-weather|RainDance\n|move|p1a: Raging Bolt|Thunderclap||[still]\n|-fail|p1a: Raging Bolt\n|move|p1b: Chi-Yu|Heat Wave|p2b: Chi-Yu|[spread] p2b\n|-miss|p1b: Chi-Yu|p2a: Tornadus\n|-resisted|p2b: Chi-Yu\n|-damage|p2b: Chi-Yu|65\/100\n|move|p2b: Chi-Yu|Heat Wave|p1b: Chi-Yu|[spread] p1a,p1b\n|-resisted|p1a: Raging Bolt\n|-resisted|p1b: Chi-Yu\n|-damage|p1a: Raging Bolt|58\/100\n|-damage|p1b: Chi-Yu|53\/100\n|\n|-weather|RainDance|[upkeep]\n|upkeep\n|turn|4\n|inactive|Chococroc has 30 seconds left.\n|\n|t:|1737731436\n|switch|p2a: Indeedee|Indeedee-F, L50, F|100\/100\n|-fieldstart|move: Psychic Terrain|[from] ability: Psychic Surge|[of] p2a: Indeedee\n|move|p1b: Chi-Yu|Protect|p1b: Chi-Yu\n|-singleturn|p1b: Chi-Yu|Protect\n|move|p2b: Chi-Yu|Heat Wave|p1a: Raging Bolt|[spread] p1a\n|-activate|p1b: Chi-Yu|move: Protect\n|-resisted|p1a: Raging Bolt\n|-damage|p1a: Raging Bolt|51\/100\n|move|p1a: Raging Bolt|Thunderbolt|p2a: Indeedee\n|-damage|p2a: Indeedee|36\/100\n|\n|-weather|RainDance|[upkeep]\n|-sideend|p1: Chococroc|move: Tailwind\n|-sideend|p2: epigrlozvgc|move: Tailwind\n|upkeep\n|turn|5\n|\n|t:|1737731464\n|move|p1b: Chi-Yu|Dark Pulse|p2a: Indeedee\n|-supereffective|p2a: Indeedee\n|-damage|p2a: Indeedee|0 fnt\n|faint|p2a: Indeedee\n|move|p2b: Chi-Yu|Heat Wave|p1b: Chi-Yu|[spread] p1a,p1b\n|-resisted|p1a: Raging Bolt\n|-resisted|p1b: Chi-Yu\n|-damage|p1a: Raging Bolt|44\/100\n|-damage|p1b: Chi-Yu|40\/100\n|move|p1a: Raging Bolt|Thunderbolt|p2b: Chi-Yu\n|-damage|p2b: Chi-Yu|4\/100\n|\n|-weather|RainDance|[upkeep]\n|upkeep\n|\n|t:|1737731469\n|switch|p2a: Calyrex|Calyrex-Shadow, L50|100\/100\n|-ability|p2a: Calyrex|As One\n|-ability|p2a: Calyrex|Unnerve\n|turn|6\n|\n|t:|1737731478\n|move|p2a: Calyrex|Protect|p2a: Calyrex\n|-singleturn|p2a: Calyrex|Protect\n|move|p1b: Chi-Yu|Protect|p1b: Chi-Yu\n|-singleturn|p1b: Chi-Yu|Protect\n|move|p2b: Chi-Yu|Heat Wave|p1b: Chi-Yu|[spread] p1a\n|-activate|p1b: Chi-Yu|move: Protect\n|-resisted|p1a: Raging Bolt\n|-damage|p1a: Raging Bolt|38\/100\n|move|p1a: Raging Bolt|Snarl|p2a: Calyrex|[spread] p2b\n|-activate|p2a: Calyrex|move: Protect\n|-resisted|p2b: Chi-Yu\n|-damage|p2b: Chi-Yu|0 fnt\n|faint|p2b: Chi-Yu\n|\n|-weather|RainDance|[upkeep]\n|upkeep\n|\n|t:|1737731486\n|switch|p2b: Tornadus|Tornadus, L50, M|78\/100\n|turn|7\n|\n|t:|1737731505\n|-terastallize|p2a: Calyrex|Fighting\n|move|p2b: Tornadus|Tailwind|p2b: Tornadus\n|-sidestart|p2: epigrlozvgc|move: Tailwind\n|move|p2a: Calyrex|Tera Blast|p1b: Chi-Yu|[anim] Tera Blast Fighting\n|-supereffective|p1b: Chi-Yu\n|-damage|p1b: Chi-Yu|0 fnt\n|faint|p1b: Chi-Yu\n|-ability|p2a: Calyrex|Grim Neigh|boost\n|-boost|p2a: Calyrex|spa|1\n|move|p1a: Raging Bolt|Snarl|p2a: Calyrex|[spread] p2a,p2b\n|-resisted|p2a: Calyrex\n|-damage|p2a: Calyrex|93\/100\n|-damage|p2b: Tornadus|59\/100\n|-unboost|p2a: Calyrex|spa|1\n|\n|-weather|none\n|upkeep\n|\n|t:|1737731510\n|switch|p1b: Zamazenta|Zamazenta-Crowned, L50|100\/100\n|-ability|p1b: Zamazenta|Dauntless Shield|boost\n|-boost|p1b: Zamazenta|def|1\n|turn|8\n|inactive|Chococroc has 30 seconds left.\n|\n|t:|1737731535\n|-terastallize|p1b: Zamazenta|Water\n|move|p1b: Zamazenta|Wide Guard|p1b: Zamazenta\n|-singleturn|p1b: Zamazenta|Wide Guard\n|move|p2a: Calyrex|Tera Blast|p1a: Raging Bolt|[anim] Tera Blast Fighting\n|-damage|p1a: Raging Bolt|11\/100\n|move|p2b: Tornadus|Bleakwind Storm|p1a: Raging Bolt|[spread] \n|-activate|p1a: Raging Bolt|move: Wide Guard\n|-activate|p1b: Zamazenta|move: Wide Guard\n|move|p1a: Raging Bolt|Thunderbolt|p2b: Tornadus\n|-supereffective|p2b: Tornadus\n|-damage|p2b: Tornadus|0 fnt\n|faint|p2b: Tornadus\n|\n|-fieldend|move: Psychic Terrain\n|upkeep\n|turn|9\n|\n|t:|1737731551\n|move|p1a: Raging Bolt|Thunderclap|p2a: Calyrex\n|-damage|p2a: Calyrex|49\/100\n|move|p2a: Calyrex|Astral Barrage|p1a: Raging Bolt|[spread] p1a,p1b\n|-crit|p1b: Zamazenta\n|-damage|p1a: Raging Bolt|0 fnt\n|-damage|p1b: Zamazenta|33\/100\n|faint|p1a: Raging Bolt\n|-end|p1a: Raging Bolt|Protosynthesis|[silent]\n|-ability|p2a: Calyrex|Grim Neigh|boost\n|-boost|p2a: Calyrex|spa|1\n|move|p1b: Zamazenta|Body Press|p2a: Calyrex\n|-damage|p2a: Calyrex|0 fnt\n|faint|p2a: Calyrex\n|\n|win|Chococroc\n|raw|Chococroc's rating: 1548 &rarr; <strong>1575<\/strong><br \/>(+27 for winning)\n|raw|epigrlozvgc's rating: 1682 &rarr; <strong>1655<\/strong><br \/>(-27 for losing)\n|l|\u2606epigrlozvgc\n|player|p2|\n|l|\u2606Chococroc\n|player|p1|\n|j|\u2606Chococroc\n|player|p1|Chococroc|pokemaniac|\n|l|\u2606Chococroc\n|player|p1|\n","uploadtime":1737731736,"views":4,"formatid":"gen9vgc2025regg","rating":1575,"private":0,"password":null}