{"id":"gen9vgc2025regg-2287216838","format":"[Gen 9] VGC 2025 Reg G","players":["oyo wow","hjx"],"log":"|j|\u2606oyo wow\n|j|\u2606hjx\n|t:|1737711410\n|gametype|doubles\n|player|p1|oyo wow|rosa|1584\n|player|p2|hjx|2|1569\n|teamsize|p1|6\n|teamsize|p2|6\n|gen|9\n|tier|[Gen 9] VGC 2025 Reg G\n|rated|\n|rule|Species Clause: Limit one of each Pok\u00e9mon\n|rule|Item Clause: Limit 1 of each item\n|clearpoke\n|poke|p1|Kyurem-Black, L50|\n|poke|p1|Flutter Mane, L50|\n|poke|p1|Moltres, L50|\n|poke|p1|Iron Valiant, L50|\n|poke|p1|Raging Bolt, L50|\n|poke|p1|Ogerpon-Wellspring, L50, F|\n|poke|p2|Archaludon, L50, M|\n|poke|p2|Ogerpon-Hearthflame, L50, F|\n|poke|p2|Dondozo, L50, M|\n|poke|p2|Tatsugiri-Droopy, L50, M|\n|poke|p2|Eternatus, L50|\n|poke|p2|Tyranitar, L50, F|\n|teampreview|4\n|inactive|Battle timer is ON: inactive players will automatically lose when time's up. (requested by oyo wow)\n|j| Parvi\n|inactive|oyo wow has 60 seconds left.\n|inactive|hjx has 60 seconds left.\n|\n|t:|1737711443\n|start\n|switch|p1a: Ogerpon|Ogerpon-Wellspring, L50, F|100\/100\n|switch|p1b: Kyurem|Kyurem-Black, L50, shiny|100\/100\n|switch|p2a: Eternatus|Eternatus, L50|100\/100\n|switch|p2b: Ogerpon|Ogerpon-Hearthflame, L50, F|100\/100\n|-ability|p2a: Eternatus|Pressure\n|-ability|p2b: Ogerpon|Mold Breaker\n|-ability|p1b: Kyurem|Teravolt\n|turn|1\n|\n|t:|1737711460\n|move|p1a: Ogerpon|Follow Me|p1a: Ogerpon\n|-singleturn|p1a: Ogerpon|move: Follow Me\n|move|p2a: Eternatus|Meteor Beam||[still]\n|-prepare|p2a: Eternatus|Meteor Beam\n|-boost|p2a: Eternatus|spa|1\n|-enditem|p2a: Eternatus|Power Herb\n|-anim|p2a: Eternatus|Meteor Beam|p1a: Ogerpon\n|-damage|p1a: Ogerpon|29\/100\n|move|p2b: Ogerpon|Ivy Cudgel|p1a: Ogerpon|[anim] Ivy Cudgel Fire\n|-damage|p1a: Ogerpon|0 fnt\n|faint|p1a: Ogerpon\n|move|p1b: Kyurem|Substitute|p1b: Kyurem\n|-start|p1b: Kyurem|Substitute\n|-damage|p1b: Kyurem|75\/100\n|\n|upkeep\n|\n|t:|1737711465\n|switch|p1a: Iron Valiant|Iron Valiant, L50, shiny|100\/100\n|-enditem|p1a: Iron Valiant|Booster Energy\n|-activate|p1a: Iron Valiant|ability: Quark Drive|[fromitem]\n|-start|p1a: Iron Valiant|quarkdrivespe\n|turn|2\n|\n|t:|1737711485\n|switch|p2a: Tatsugiri|Tatsugiri-Droopy, L50, M|100\/100\n|switch|p2b: Dondozo|Dondozo, L50, M|100\/100\n|-activate|p2a: Tatsugiri|ability: Commander|[of] p2b: Dondozo\n|-boost|p2b: Dondozo|atk|2\n|-boost|p2b: Dondozo|spa|2\n|-boost|p2b: Dondozo|spe|2\n|-boost|p2b: Dondozo|def|2\n|-boost|p2b: Dondozo|spd|2\n|-terastallize|p1b: Kyurem|Fairy\n|move|p1a: Iron Valiant|Wide Guard|p1a: Iron Valiant\n|-singleturn|p1a: Iron Valiant|Wide Guard\n|move|p1b: Kyurem|Scale Shot|p2a: Tatsugiri|[miss]\n|-miss|p1b: Kyurem|p2a: Tatsugiri\n|\n|upkeep\n|turn|3\n|\n|t:|1737711497\n|move|p1a: Iron Valiant|Coaching|p1b: Kyurem\n|-boost|p1b: Kyurem|atk|1\n|-boost|p1b: Kyurem|def|1\n|move|p2b: Dondozo|Heavy Slam|p1b: Kyurem\n|-supereffective|p1b: Kyurem\n|-end|p1b: Kyurem|Substitute\n|move|p1b: Kyurem|Scale Shot|p2b: Dondozo\n|-damage|p2b: Dondozo|93\/100\n|-damage|p2b: Dondozo|87\/100\n|-damage|p2b: Dondozo|80\/100\n|-damage|p2b: Dondozo|73\/100\n|-hitcount|p2b: Dondozo|4\n|-unboost|p1b: Kyurem|def|1\n|-boost|p1b: Kyurem|spe|1\n|\n|-heal|p2b: Dondozo|79\/100|[from] item: Leftovers\n|upkeep\n|turn|4\n|\n|t:|1737711506\n|move|p1a: Iron Valiant|Coaching|p1b: Kyurem\n|-boost|p1b: Kyurem|atk|1\n|-boost|p1b: Kyurem|def|1\n|move|p1b: Kyurem|Substitute|p1b: Kyurem\n|-start|p1b: Kyurem|Substitute\n|-damage|p1b: Kyurem|50\/100\n|move|p2b: Dondozo|Heavy Slam|p1b: Kyurem\n|-supereffective|p1b: Kyurem\n|-end|p1b: Kyurem|Substitute\n|\n|-heal|p2b: Dondozo|85\/100|[from] item: Leftovers\n|upkeep\n|turn|5\n|\n|t:|1737711512\n|move|p1b: Kyurem|Protect|p1b: Kyurem\n|-singleturn|p1b: Kyurem|Protect\n|move|p1a: Iron Valiant|Coaching|p1b: Kyurem\n|-boost|p1b: Kyurem|atk|1\n|-boost|p1b: Kyurem|def|1\n|move|p2b: Dondozo|Heavy Slam|p1b: Kyurem\n|-activate|p1b: Kyurem|move: Protect\n|\n|-heal|p2b: Dondozo|92\/100|[from] item: Leftovers\n|upkeep\n|turn|6\n|\n|t:|1737711518\n|move|p1a: Iron Valiant|Coaching|p1b: Kyurem\n|-boost|p1b: Kyurem|atk|1\n|-boost|p1b: Kyurem|def|1\n|move|p1b: Kyurem|Scale Shot|p2b: Dondozo\n|-damage|p2b: Dondozo|78\/100\n|-damage|p2b: Dondozo|65\/100\n|-damage|p2b: Dondozo|51\/100\n|-damage|p2b: Dondozo|38\/100\n|-hitcount|p2b: Dondozo|4\n|-unboost|p1b: Kyurem|def|1\n|-boost|p1b: Kyurem|spe|1\n|move|p2b: Dondozo|Heavy Slam|p1b: Kyurem\n|-supereffective|p1b: Kyurem\n|-damage|p1b: Kyurem|18\/100\n|\n|-heal|p2b: Dondozo|44\/100|[from] item: Leftovers\n|upkeep\n|turn|7\n|\n|t:|1737711533\n|move|p1b: Kyurem|Scale Shot|p2b: Dondozo\n|-damage|p2b: Dondozo|31\/100\n|-damage|p2b: Dondozo|17\/100\n|-damage|p2b: Dondozo|4\/100\n|-damage|p2b: Dondozo|0 fnt\n|faint|p2b: Dondozo\n|-hitcount|p2: Dondozo|4\n|-unboost|p1b: Kyurem|def|1\n|-boost|p1b: Kyurem|spe|1\n|move|p1a: Iron Valiant|Close Combat|p2a: Tatsugiri\n|-damage|p2a: Tatsugiri|38\/100\n|-unboost|p1a: Iron Valiant|def|1\n|-unboost|p1a: Iron Valiant|spd|1\n|-damage|p1a: Iron Valiant|84\/100|[from] item: Rocky Helmet|[of] p2a: Tatsugiri\n|\n|upkeep\n|\n|t:|1737711543\n|switch|p2b: Ogerpon|Ogerpon-Hearthflame, L50, F|100\/100\n|-ability|p2b: Ogerpon|Mold Breaker\n|turn|8\n|\n|t:|1737711551\n|move|p1b: Kyurem|Icicle Spear|p2b: Ogerpon\n|-damage|p2b: Ogerpon|50\/100\n|-damage|p2b: Ogerpon|0 fnt\n|faint|p2b: Ogerpon\n|-hitcount|p2: Ogerpon|2\n|move|p1a: Iron Valiant|Close Combat|p2a: Tatsugiri\n|-damage|p2a: Tatsugiri|0 fnt\n|-unboost|p1a: Iron Valiant|def|1\n|-unboost|p1a: Iron Valiant|spd|1\n|-damage|p1a: Iron Valiant|68\/100|[from] item: Rocky Helmet|[of] p2a: Tatsugiri\n|faint|p2a: Tatsugiri\n|\n|upkeep\n|\n|t:|1737711554\n|switch|p2b: Eternatus|Eternatus, L50|100\/100\n|-ability|p2b: Eternatus|Pressure\n|turn|9\n|\n|t:|1737711559\n|-terastallize|p2b: Eternatus|Grass\n|move|p1a: Iron Valiant|Wide Guard|p1a: Iron Valiant\n|-singleturn|p1a: Iron Valiant|Wide Guard\n|move|p1b: Kyurem|Icicle Spear|p2b: Eternatus\n|-supereffective|p2b: Eternatus\n|-damage|p2b: Eternatus|17\/100\n|-supereffective|p2b: Eternatus\n|-damage|p2b: Eternatus|0 fnt\n|faint|p2b: Eternatus\n|-hitcount|p2: Eternatus|2\n|\n|win|oyo wow\n|raw|oyo wow's rating: 1584 &rarr; <strong>1603<\/strong><br \/>(+19 for winning)\n|raw|hjx's rating: 1569 &rarr; <strong>1550<\/strong><br \/>(-19 for losing)\n|l|\u2606oyo wow\n|player|p1|\n|l|\u2606hjx\n|player|p2|\n|l| Parvi\n","uploadtime":1737711716,"views":3,"formatid":"gen9vgc2025regg","rating":1550,"private":0,"password":null}