{"id":"gen9vgc2025regg-2287188597","format":"[Gen 9] VGC 2025 Reg G","players":["nexwlf5","Read Book"],"log":"|j|\u2606nexwlf5\n|j|\u203dRead Book\n|t:|1737706181\n|gametype|doubles\n|player|p1|nexwlf5|bugcatcher-gen4dp|1556\n|player|p2|Read Book|2|1565\n|teamsize|p1|6\n|teamsize|p2|6\n|gen|9\n|tier|[Gen 9] VGC 2025 Reg G\n|rated|\n|rule|Species Clause: Limit one of each Pok\u00e9mon\n|rule|Item Clause: Limit 1 of each item\n|clearpoke\n|poke|p1|Kyogre, L50|\n|poke|p1|Tornadus, L50, M|\n|poke|p1|Archaludon, L50, M|\n|poke|p1|Amoonguss, L50, M|\n|poke|p1|Urshifu-*, L50, F|\n|poke|p1|Chien-Pao, L50|\n|poke|p2|Kyogre, L50|\n|poke|p2|Archaludon, L50, M|\n|poke|p2|Urshifu-*, L50, F|\n|poke|p2|Chien-Pao, L50|\n|poke|p2|Tornadus, L50, M|\n|poke|p2|Amoonguss, L50, F|\n|teampreview|4\n|inactive|Battle timer is ON: inactive players will automatically lose when time's up. (requested by Read Book)\n|inactive|nexwlf5 has 60 seconds left.\n|inactive|Read Book has 60 seconds left.\n|\n|t:|1737706256\n|start\n|switch|p1a: Tornadus|Tornadus, L50, M|100\/100\n|switch|p1b: Urshifu|Urshifu-Rapid-Strike, L50, F|100\/100\n|switch|p2a: Archaludon|Archaludon, L50, M, shiny|100\/100\n|switch|p2b: Amoonguss|Amoonguss, L50, F, shiny|100\/100\n|turn|1\n|inactive|Read Book has 30 seconds left.\n|inactive|nexwlf5 has 30 seconds left.\n|inactive|nexwlf5 has 20 seconds left.\n|inactive|nexwlf5 has 15 seconds left.\n|inactive|nexwlf5 has 10 seconds left.\n|\n|t:|1737706309\n|switch|p2b: Kyogre|Kyogre, L50, shiny|100\/100\n|-weather|RainDance|[from] ability: Drizzle|[of] p2b: Kyogre\n|-terastallize|p1b: Urshifu|Grass\n|move|p1a: Tornadus|Taunt|p2b: Kyogre\n|-start|p2b: Kyogre|move: Taunt\n|move|p1b: Urshifu|Close Combat|p2a: Archaludon\n|-supereffective|p2a: Archaludon\n|-crit|p2a: Archaludon\n|-damage|p2a: Archaludon|0 fnt\n|-unboost|p1b: Urshifu|def|1\n|-unboost|p1b: Urshifu|spd|1\n|faint|p2a: Archaludon\n|\n|-weather|RainDance|[upkeep]\n|upkeep\n|\n|t:|1737706325\n|switch|p2a: Amoonguss|Amoonguss, L50, F, shiny|100\/100\n|turn|2\n|\n|t:|1737706344\n|switch|p1b: Archaludon|Archaludon, L50, M|100\/100\n|move|p1a: Tornadus|Bleakwind Storm|p2a: Amoonguss|[spread] p2a,p2b\n|-supereffective|p2a: Amoonguss\n|-damage|p2a: Amoonguss|37\/100\n|-damage|p2b: Kyogre|79\/100\n|-unboost|p2a: Amoonguss|spe|1\n|move|p2b: Kyogre|Origin Pulse|p1a: Tornadus|[spread] p1a,p1b\n|-resisted|p1b: Archaludon\n|-damage|p1a: Tornadus|10\/100\n|-damage|p1b: Archaludon|68\/100\n|-ability|p1b: Archaludon|Stamina|boost\n|-boost|p1b: Archaludon|def|1\n|move|p2a: Amoonguss|Pollen Puff|p2b: Kyogre\n|-heal|p2b: Kyogre|100\/100\n|\n|-weather|RainDance|[upkeep]\n|upkeep\n|turn|3\n|inactive|Read Book has 30 seconds left.\n|inactive|nexwlf5 has 30 seconds left.\n|inactive|Read Book has 20 seconds left.\n|\n|t:|1737706381\n|-terastallize|p2b: Kyogre|Grass\n|move|p1a: Tornadus|Tailwind|p1a: Tornadus\n|-sidestart|p1: nexwlf5|move: Tailwind\n|move|p1b: Archaludon|Electro Shot||[still]\n|-prepare|p1b: Archaludon|Electro Shot\n|-boost|p1b: Archaludon|spa|1\n|-anim|p1b: Archaludon|Electro Shot|p2b: Kyogre\n|-resisted|p2b: Kyogre\n|-damage|p2b: Kyogre|81\/100\n|move|p2b: Kyogre|Water Spout|p1a: Tornadus|[spread] p1a,p1b\n|-crit|p1a: Tornadus\n|-resisted|p1b: Archaludon\n|-damage|p1a: Tornadus|0 fnt\n|-damage|p1b: Archaludon|36\/100\n|-ability|p1b: Archaludon|Stamina|boost\n|-boost|p1b: Archaludon|def|1\n|faint|p1a: Tornadus\n|move|p2a: Amoonguss|Spore|p1b: Archaludon\n|-status|p1b: Archaludon|slp|[from] move: Spore\n|\n|-weather|RainDance|[upkeep]\n|-end|p2b: Kyogre|move: Taunt\n|upkeep\n|\n|t:|1737706389\n|switch|p1a: Kyogre|Kyogre, L50|100\/100\n|turn|4\n|\n|t:|1737706406\n|move|p1a: Kyogre|Water Spout|p2b: Kyogre|[spread] p2a,p2b\n|-resisted|p2a: Amoonguss\n|-resisted|p2b: Kyogre\n|-damage|p2a: Amoonguss|0 fnt\n|-damage|p2b: Kyogre|44\/100\n|faint|p2a: Amoonguss\n|cant|p1b: Archaludon|slp\n|move|p2b: Kyogre|Ice Beam|p1b: Archaludon\n|-damage|p1b: Archaludon|11\/100 slp\n|-ability|p1b: Archaludon|Stamina|boost\n|-boost|p1b: Archaludon|def|1\n|\n|-weather|RainDance|[upkeep]\n|upkeep\n|\n|t:|1737706410\n|switch|p2a: Urshifu|Urshifu-Rapid-Strike, L50, F|100\/100\n|turn|5\n|\n|t:|1737706426\n|switch|p1b: Urshifu|Urshifu-Rapid-Strike, L50, F, tera:Grass|100\/100\n|move|p1a: Kyogre|Ice Beam|p2b: Kyogre\n|-supereffective|p2b: Kyogre\n|-damage|p2b: Kyogre|0 fnt\n|faint|p2b: Kyogre\n|move|p2a: Urshifu|Close Combat|p1a: Kyogre\n|-damage|p1a: Kyogre|38\/100\n|-unboost|p2a: Urshifu|def|1\n|-unboost|p2a: Urshifu|spd|1\n|\n|-weather|none\n|upkeep\n|turn|6\n|-message|Read Book forfeited.\n|\n|win|nexwlf5\n|raw|nexwlf5's rating: 1556 &rarr; <strong>1577<\/strong><br \/>(+21 for winning)\n|raw|Read Book's rating: 1565 &rarr; <strong>1544<\/strong><br \/>(-21 for losing)\n|l|\u203dRead Book\n|player|p2|\n|l|\u2606nexwlf5\n|player|p1|\n","uploadtime":1737706703,"views":3,"formatid":"gen9vgc2025regg","rating":1544,"private":0,"password":null}