{"id":"gen9vgc2025regg-2287806767","format":"[Gen 9] VGC 2025 Reg G","players":["ZTMY ENCORE","something123"],"log":"|j|\u2606ZTMY ENCORE\n|j|\u2606something123\n|t:|1737784981\n|gametype|doubles\n|player|p1|ZTMY ENCORE|169|1626\n|player|p2|something123|101|1706\n|teamsize|p1|6\n|teamsize|p2|6\n|gen|9\n|tier|[Gen 9] VGC 2025 Reg G\n|rated|\n|rule|Species Clause: Limit one of each Pok\u00e9mon\n|rule|Item Clause: Limit 1 of each item\n|clearpoke\n|poke|p1|Terapagos, L50, M|\n|poke|p1|Smeargle, L50, M|\n|poke|p1|Tornadus, L50, M|\n|poke|p1|Ogerpon-Hearthflame, L50, F|\n|poke|p1|Dondozo, L50, F|\n|poke|p1|Tatsugiri-Stretchy, L50, F|\n|poke|p2|Farigiraf, L50, F|\n|poke|p2|Landorus, L50, M|\n|poke|p2|Calyrex-Ice, L50|\n|poke|p2|Ogerpon-Cornerstone, L50, F|\n|poke|p2|Urshifu-*, L50, M|\n|poke|p2|Regieleki, L50|\n|teampreview|4\n|inactive|Battle timer is ON: inactive players will automatically lose when time's up. (requested by something123)\n|\n|t:|1737785025\n|start\n|switch|p1a: Terapagos|Terapagos, L50, M|100\/100\n|switch|p1b: Tornadus|Tornadus, L50, M|100\/100\n|switch|p2a: Calyrex|Calyrex-Ice, L50|100\/100\n|switch|p2b: Regieleki|Regieleki, L50|100\/100\n|-activate|p1a: Terapagos|ability: Tera Shift\n|detailschange|p1a: Terapagos|Terapagos-Terastal, L50, M\n|-heal|p1a: Terapagos|100\/100|[silent]\n|-ability|p2a: Calyrex|As One\n|-ability|p2a: Calyrex|Unnerve\n|turn|1\n|inactive|ZTMY ENCORE has 30 seconds left.\n|\n|t:|1737785057\n|-terastallize|p1a: Terapagos|Stellar\n|detailschange|p1a: Terapagos|Terapagos-Stellar, L50, M, tera:Stellar\n|-heal|p1a: Terapagos|100\/100|[silent]\n|move|p1b: Tornadus|Tailwind|p1b: Tornadus\n|-sidestart|p1: ZTMY ENCORE|move: Tailwind\n|move|p1a: Terapagos|Tera Starstorm|p2a: Calyrex|[spread] p2a,p2b\n|-damage|p2a: Calyrex|58\/100\n|-enditem|p2b: Regieleki|Focus Sash\n|-damage|p2b: Regieleki|1\/100\n|move|p2b: Regieleki|Electroweb|p1b: Tornadus|[spread] p1a,p1b\n|-supereffective|p1b: Tornadus\n|-damage|p1a: Terapagos|82\/100\n|-damage|p1b: Tornadus|42\/100\n|-unboost|p1a: Terapagos|spe|1\n|-unboost|p1b: Tornadus|spe|1\n|move|p2a: Calyrex|Glacial Lance|p1b: Tornadus|[spread] p1a,p1b\n|-supereffective|p1b: Tornadus\n|-damage|p1a: Terapagos|36\/100\n|-damage|p1b: Tornadus|0 fnt\n|faint|p1b: Tornadus\n|-ability|p2a: Calyrex|Chilling Neigh|boost\n|-boost|p2a: Calyrex|atk|1\n|\n|upkeep\n|\n|t:|1737785081\n|switch|p1b: Smeargle|Smeargle, L50, M|100\/100\n|turn|2\n|inactive|something123 has 30 seconds left.\n|\n|t:|1737785109\n|move|p2a: Calyrex|Protect|p2a: Calyrex\n|-singleturn|p2a: Calyrex|Protect\n|move|p1b: Smeargle|Decorate|p1a: Terapagos\n|-boost|p1a: Terapagos|atk|2\n|-boost|p1a: Terapagos|spa|2\n|move|p2b: Regieleki|Volt Switch|p1b: Smeargle\n|-enditem|p1b: Smeargle|Focus Sash\n|-damage|p1b: Smeargle|1\/100\n|inactive|something123 has 30 seconds left.\n|\n|t:|1737785137\n|switch|p2b: Landorus|Landorus, L50, M|100\/100|[from] Volt Switch\n|move|p1a: Terapagos|Tera Starstorm|p2a: Calyrex|[spread] p2b\n|-activate|p2a: Calyrex|move: Protect\n|-damage|p2b: Landorus|0 fnt\n|faint|p2b: Landorus\n|\n|-ability|p1b: Smeargle|Moody|boost\n|-boost|p1b: Smeargle|spd|2\n|-unboost|p1b: Smeargle|def|1\n|upkeep\n|inactive|something123 has 30 seconds left.\n|\n|t:|1737785163\n|switch|p2b: Regieleki|Regieleki, L50|1\/100\n|turn|3\n|inactive|something123 has 30 seconds left.\n|inactive|something123 has 20 seconds left.\n|inactive|something123 has 15 seconds left.\n|inactive|something123 has 10 seconds left.\n|\n|t:|1737785209\n|-terastallize|p2b: Regieleki|Electric\n|move|p2a: Calyrex|Protect||[still]\n|-fail|p2a: Calyrex\n|move|p1b: Smeargle|Follow Me|p1b: Smeargle\n|-singleturn|p1b: Smeargle|move: Follow Me\n|move|p2b: Regieleki|Electroweb|p1b: Smeargle|[spread] p1a,p1b\n|-damage|p1a: Terapagos|12\/100\n|-damage|p1b: Smeargle|0 fnt\n|-unboost|p1a: Terapagos|spe|1\n|faint|p1b: Smeargle\n|move|p1a: Terapagos|Tera Starstorm|p2a: Calyrex|[spread] p2a,p2b\n|-supereffective|p2b: Regieleki\n|-damage|p2a: Calyrex|0 fnt\n|-damage|p2b: Regieleki|0 fnt\n|faint|p2a: Calyrex\n|faint|p2b: Regieleki\n|\n|upkeep\n|\n|t:|1737785225\n|switch|p2b: Ogerpon|Ogerpon-Cornerstone, L50, F|100\/100\n|switch|p1b: Ogerpon|Ogerpon-Hearthflame, L50, F|100\/100\n|-ability|p1b: Ogerpon|Mold Breaker\n|turn|4\n|\n|t:|1737785239\n|move|p2b: Ogerpon|Spiky Shield|p2b: Ogerpon\n|-singleturn|p2b: Ogerpon|move: Protect\n|move|p1b: Ogerpon|Ivy Cudgel|p2b: Ogerpon|[anim] Ivy Cudgel Fire\n|-activate|p2b: Ogerpon|move: Protect\n|move|p1a: Terapagos|Tera Starstorm|p2b: Ogerpon\n|-activate|p2b: Ogerpon|move: Protect\n|\n|-sideend|p1: ZTMY ENCORE|move: Tailwind\n|upkeep\n|turn|5\n|\n|t:|1737785251\n|move|p1b: Ogerpon|Spiky Shield|p1b: Ogerpon\n|-singleturn|p1b: Ogerpon|move: Protect\n|move|p2b: Ogerpon|Ivy Cudgel|p1a: Terapagos|[anim] Ivy Cudgel Rock\n|-damage|p1a: Terapagos|0 fnt\n|faint|p1a: Terapagos\n|\n|upkeep\n|turn|6\n|\n|t:|1737785258\n|move|p2b: Ogerpon|Ivy Cudgel|p1b: Ogerpon|[anim] Ivy Cudgel Rock\n|-supereffective|p1b: Ogerpon\n|-damage|p1b: Ogerpon|0 fnt\n|faint|p1b: Ogerpon\n|\n|win|something123\n|raw|ZTMY ENCORE's rating: 1626 &rarr; <strong>1611<\/strong><br \/>(-15 for losing)\n|raw|something123's rating: 1706 &rarr; <strong>1721<\/strong><br \/>(+15 for winning)\n|l|\u2606ZTMY ENCORE\n|player|p1|\n|l|\u2606something123\n|player|p2|\n","uploadtime":1737785426,"views":47,"formatid":"gen9vgc2025regg","rating":1611,"private":0,"password":null}