{"id":"gen9vgc2025regg-2287715821","format":"[Gen 9] VGC 2025 Reg G","players":["JB Fightemup","chorizogrande"],"log":"|j|\u2606JB Fightemup\n|j|\u2606chorizogrande\n|t:|1737770908\n|gametype|doubles\n|player|p1|JB Fightemup|roughneck-gen4|1585\n|player|p2|chorizogrande|n|1513\n|teamsize|p1|6\n|teamsize|p2|6\n|gen|9\n|tier|[Gen 9] VGC 2025 Reg G\n|rated|\n|rule|Species Clause: Limit one of each Pok\u00e9mon\n|rule|Item Clause: Limit 1 of each item\n|clearpoke\n|poke|p1|Miraidon, L50|\n|poke|p1|Sableye, L50, M|\n|poke|p1|Iron Treads, L50|\n|poke|p1|Incineroar, L50, M|\n|poke|p1|Ursaluna-Bloodmoon, L50, M|\n|poke|p1|Ditto, L50|\n|poke|p2|Lunala, L50|\n|poke|p2|Indeedee-F, L50, F|\n|poke|p2|Torkoal, L50, M|\n|poke|p2|Ursaluna, L50, M|\n|poke|p2|Gallade, L50, M|\n|poke|p2|Lilligant-Hisui, L50, F|\n|teampreview|4\n|inactive|Battle timer is ON: inactive players will automatically lose when time's up. (requested by JB Fightemup)\n|inactive|JB Fightemup has 60 seconds left.\n|inactive|JB Fightemup has 30 seconds left.\n|inactive|JB Fightemup has 20 seconds left.\n|\n|t:|1737770987\n|start\n|switch|p1a: Sableye|Sableye, L50, M, shiny|100\/100\n|switch|p1b: Iron Treads|Iron Treads, L50|100\/100\n|switch|p2a: Lilligant|Lilligant-Hisui, L50, F|100\/100\n|switch|p2b: Torkoal|Torkoal, L50, M|100\/100\n|-weather|SunnyDay|[from] ability: Drought|[of] p2b: Torkoal\n|turn|1\n|inactive|JB Fightemup has 30 seconds left.\n|inactive|JB Fightemup has 20 seconds left.\n|inactive|JB Fightemup has 15 seconds left.\n|inactive|JB Fightemup has 10 seconds left.\n|inactive|JB Fightemup has 5 seconds left.\n|\n|t:|1737771039\n|switch|p2b: Indeedee|Indeedee-F, L50, F|100\/100\n|-fieldstart|move: Psychic Terrain|[from] ability: Psychic Surge|[of] p2b: Indeedee\n|-enditem|p2b: Indeedee|Psychic Seed\n|-boost|p2b: Indeedee|spd|1|[from] item: Psychic Seed\n|move|p1b: Iron Treads|Protect|p1b: Iron Treads\n|-singleturn|p1b: Iron Treads|Protect\n|move|p1a: Sableye|Fake Out|p2b: Indeedee\n|-activate|p2b: Indeedee|move: Psychic Terrain\n|move|p2a: Lilligant|Solar Blade||[still]\n|-prepare|p2a: Lilligant|Solar Blade\n|-anim|p2a: Lilligant|Solar Blade|p1a: Sableye\n|-enditem|p1a: Sableye|Focus Sash\n|-damage|p1a: Sableye|1\/100\n|\n|-weather|SunnyDay|[upkeep]\n|upkeep\n|turn|2\n|inactive|chorizogrande has 30 seconds left.\n|\n|t:|1737771067\n|switch|p1a: Miraidon|Miraidon, L50|100\/100\n|-fieldstart|move: Electric Terrain|[from] ability: Hadron Engine|[of] p1a: Miraidon\n|-activate|p1b: Iron Treads|ability: Quark Drive\n|-start|p1b: Iron Treads|quarkdrivespe\n|move|p2a: Lilligant|Close Combat|p1b: Iron Treads\n|-supereffective|p1b: Iron Treads\n|-damage|p1b: Iron Treads|0 fnt\n|-unboost|p2a: Lilligant|def|1\n|-unboost|p2a: Lilligant|spd|1\n|faint|p1b: Iron Treads\n|-end|p1b: Iron Treads|Quark Drive|[silent]\n|move|p2b: Indeedee|Dazzling Gleam|p1a: Miraidon\n|-supereffective|p1a: Miraidon\n|-damage|p1a: Miraidon|66\/100\n|\n|-weather|SunnyDay|[upkeep]\n|upkeep\n|\n|t:|1737771089\n|switch|p1b: Sableye|Sableye, L50, M, shiny|1\/100\n|turn|3\n|\n|t:|1737771111\n|switch|p2a: Torkoal|Torkoal, L50, M|100\/100\n|move|p1b: Sableye|Fake Out|p2b: Indeedee\n|-damage|p2b: Indeedee|90\/100\n|move|p1a: Miraidon|Dazzling Gleam|p2a: Torkoal|[spread] p2a,p2b\n|-resisted|p2a: Torkoal\n|-damage|p2a: Torkoal|69\/100\n|-damage|p2b: Indeedee|62\/100\n|cant|p2b: Indeedee|flinch\n|\n|-weather|SunnyDay|[upkeep]\n|upkeep\n|turn|4\n|inactive|JB Fightemup has 30 seconds left.\n|\n|t:|1737771136\n|switch|p1b: Incineroar|Incineroar, L50, M|100\/100\n|-ability|p1b: Incineroar|Intimidate|boost\n|-unboost|p2a: Torkoal|atk|1\n|-unboost|p2b: Indeedee|atk|1\n|move|p1a: Miraidon|Dazzling Gleam|p2a: Torkoal|[spread] p2a,p2b\n|-resisted|p2a: Torkoal\n|-damage|p2a: Torkoal|39\/100\n|-damage|p2b: Indeedee|35\/100\n|move|p2b: Indeedee|Dazzling Gleam|p1b: Incineroar|[spread] p1a,p1b\n|-supereffective|p1a: Miraidon\n|-damage|p1a: Miraidon|39\/100\n|-damage|p1b: Incineroar|92\/100\n|move|p2a: Torkoal|Earth Power|p1a: Miraidon\n|-supereffective|p1a: Miraidon\n|-damage|p1a: Miraidon|0 fnt\n|faint|p1a: Miraidon\n|\n|-weather|SunnyDay|[upkeep]\n|upkeep\n|c|\u2606JB Fightemup|Cooking me\n|c|\u2606chorizogrande|yep\n|inactive|JB Fightemup has 30 seconds left.\n|\n|t:|1737771163\n|switch|p1a: Sableye|Sableye, L50, M, shiny|1\/100\n|turn|5\n|\n|t:|1737771183\n|switch|p2a: Lunala|Lunala, L50|100\/100\n|-terastallize|p2b: Indeedee|Fairy\n|move|p1a: Sableye|Knock Off|p2b: Indeedee\n|-resisted|p2b: Indeedee\n|-damage|p2b: Indeedee|21\/100\n|move|p2b: Indeedee|Dazzling Gleam|p1b: Incineroar|[spread] p1a,p1b\n|-supereffective|p1a: Sableye\n|-crit|p1b: Incineroar\n|-damage|p1a: Sableye|0 fnt\n|-damage|p1b: Incineroar|72\/100\n|faint|p1a: Sableye\n|move|p1b: Incineroar|Knock Off|p2a: Lunala\n|-supereffective|p2a: Lunala\n|-damage|p2a: Lunala|27\/100\n|-enditem|p2a: Lunala|Power Herb|[from] move: Knock Off|[of] p1b: Incineroar\n|\n|-weather|none\n|upkeep\n|turn|6\n|\n|t:|1737771206\n|-terastallize|p1b: Incineroar|Ghost\n|move|p2b: Indeedee|Follow Me|p2b: Indeedee\n|-singleturn|p2b: Indeedee|move: Follow Me\n|move|p2a: Lunala|Meteor Beam||[still]\n|-prepare|p2a: Lunala|Meteor Beam\n|-boost|p2a: Lunala|spa|1\n|move|p1b: Incineroar|Flare Blitz|p2b: Indeedee\n|-damage|p2b: Indeedee|0 fnt\n|faint|p2b: Indeedee\n|-damage|p1b: Incineroar|66\/100|[from] Recoil\n|\n|-fieldend|move: Electric Terrain\n|upkeep\n|\n|t:|1737771218\n|switch|p2b: Lilligant|Lilligant-Hisui, L50, F|100\/100\n|turn|7\n|c|\u2606JB Fightemup|Lol \u201cyep\u201d\n|\n|t:|1737771227\n|move|p2b: Lilligant|Sleep Powder|p1b: Incineroar\n|-status|p1b: Incineroar|slp|[from] move: Sleep Powder\n|move|p2a: Lunala|Meteor Beam|p1b: Incineroar|[from] lockedmove\n|-damage|p1b: Incineroar|18\/100 slp\n|cant|p1b: Incineroar|slp\n|\n|upkeep\n|turn|8\n|\n|t:|1737771242\n|switch|p2a: Torkoal|Torkoal, L50, M|39\/100\n|-weather|SunnyDay|[from] ability: Drought|[of] p2a: Torkoal\n|move|p2b: Lilligant|Solar Blade||[still]\n|-prepare|p2b: Lilligant|Solar Blade\n|-anim|p2b: Lilligant|Solar Blade|p1b: Incineroar\n|-damage|p1b: Incineroar|0 fnt\n|faint|p1b: Incineroar\n|\n|win|chorizogrande\n|raw|JB Fightemup's rating: 1585 &rarr; <strong>1561<\/strong><br \/>(-24 for losing)\n|raw|chorizogrande's rating: 1513 &rarr; <strong>1537<\/strong><br \/>(+24 for winning)\n|c|\u2606chorizogrande|ggs\n|l|\u2606JB Fightemup\n|player|p1|\n","uploadtime":1737771275,"views":41,"formatid":"gen9vgc2025regg","rating":1537,"private":0,"password":null}