{"id":"gen9vgc2025regg-2287785810","format":"[Gen 9] VGC 2025 Reg G","players":["CCC2023","Michael Glick"],"log":"|j|\u2606CCC2023\n|j|\u2606Michael Glick\n|t:|1737781190\n|gametype|doubles\n|player|p1|CCC2023|102|1504\n|player|p2|Michael Glick|birdkeeper|1553\n|teamsize|p1|6\n|teamsize|p2|6\n|gen|9\n|tier|[Gen 9] VGC 2025 Reg G\n|rated|\n|rule|Species Clause: Limit one of each Pok\u00e9mon\n|rule|Item Clause: Limit 1 of each item\n|clearpoke\n|poke|p1|Urshifu-*, L50, M|\n|poke|p1|Amoonguss, L50, M|\n|poke|p1|Pelipper, L50, M|\n|poke|p1|Incineroar, L50, M|\n|poke|p1|Raging Bolt, L50|\n|poke|p1|Calyrex-Ice, L50|\n|poke|p2|Terapagos, L50, M|\n|poke|p2|Landorus, L50, M|\n|poke|p2|Basculegion, L50, M|\n|poke|p2|Pelipper, L50, F|\n|poke|p2|Tinkaton, L50, F|\n|poke|p2|Amoonguss, L50, M|\n|teampreview|4\n|inactive|Battle timer is ON: inactive players will automatically lose when time's up. (requested by Michael Glick)\n|inactive|CCC2023 has 60 seconds left.\n|inactive|Michael Glick has 60 seconds left.\n|\n|t:|1737781245\n|start\n|switch|p1a: Calyrex|Calyrex-Ice, L50|100\/100\n|switch|p1b: Incineroar|Incineroar, L50, M, shiny|100\/100\n|switch|p2a: Terapagos|Terapagos, L50, M|100\/100\n|switch|p2b: Tinkaton|Tinkaton, L50, F|100\/100\n|-activate|p2a: Terapagos|ability: Tera Shift\n|detailschange|p2a: Terapagos|Terapagos-Terastal, L50, M\n|-heal|p2a: Terapagos|100\/100|[silent]\n|-ability|p1a: Calyrex|As One\n|-ability|p1a: Calyrex|Unnerve\n|-ability|p2b: Tinkaton|Mold Breaker\n|-ability|p1b: Incineroar|Intimidate|boost\n|-unboost|p2a: Terapagos|atk|1\n|-unboost|p2b: Tinkaton|atk|1\n|turn|1\n|inactive|CCC2023 has 30 seconds left.\n|\n|t:|1737781275\n|move|p2b: Tinkaton|Fake Out|p1b: Incineroar\n|-damage|p1b: Incineroar|96\/100\n|move|p2a: Terapagos|Substitute|p2a: Terapagos\n|-start|p2a: Terapagos|Substitute\n|-damage|p2a: Terapagos|75\/100\n|cant|p1b: Incineroar|flinch\n|move|p1a: Calyrex|Glacial Lance|p2b: Tinkaton|[spread] p2a,p2b\n|-end|p2a: Terapagos|Substitute\n|-resisted|p2b: Tinkaton\n|-damage|p2b: Tinkaton|62\/100\n|\n|-heal|p2a: Terapagos|82\/100|[from] item: Leftovers\n|upkeep\n|turn|2\n|\n|t:|1737781297\n|move|p2b: Tinkaton|Gigaton Hammer|p1a: Calyrex\n|-supereffective|p1a: Calyrex\n|-damage|p1a: Calyrex|53\/100\n|move|p2a: Terapagos|Tera Starstorm|p1a: Calyrex\n|-crit|p1a: Calyrex\n|-damage|p1a: Calyrex|9\/100\n|move|p1b: Incineroar|Knock Off|p2a: Terapagos\n|-damage|p2a: Terapagos|54\/100\n|-enditem|p2a: Terapagos|Leftovers|[from] move: Knock Off|[of] p1b: Incineroar\n|move|p1a: Calyrex|Glacial Lance|p2a: Terapagos|[spread] p2a,p2b\n|-resisted|p2b: Tinkaton\n|-damage|p2a: Terapagos|16\/100\n|-damage|p2b: Tinkaton|28\/100\n|\n|upkeep\n|turn|3\n|inactive|CCC2023 has 30 seconds left.\n|inactive|Michael Glick has 30 seconds left.\n|\n|t:|1737781326\n|move|p2b: Tinkaton|Play Rough|p1a: Calyrex\n|-damage|p1a: Calyrex|0 fnt\n|faint|p1a: Calyrex\n|move|p2a: Terapagos|Tera Starstorm|p1b: Incineroar\n|-damage|p1b: Incineroar|67\/100\n|move|p1b: Incineroar|U-turn|p2a: Terapagos\n|-damage|p2a: Terapagos|2\/100\n|inactive|CCC2023 has 30 seconds left.\n|\n|t:|1737781358\n|switch|p1b: Urshifu|Urshifu-Rapid-Strike, L50, M|100\/100|[from] U-turn\n|\n|upkeep\n|\n|t:|1737781367\n|switch|p1a: Raging Bolt|Raging Bolt, L50|100\/100\n|turn|4\n|\n|t:|1737781386\n|switch|p2b: Amoonguss|Amoonguss, L50, M|100\/100\n|move|p1a: Raging Bolt|Thunderclap||[still]\n|-fail|p1a: Raging Bolt\n|move|p1b: Urshifu|Surging Strikes|p2a: Terapagos\n|-crit|p2a: Terapagos\n|-damage|p2a: Terapagos|0 fnt\n|faint|p2a: Terapagos\n|-hitcount|p2: Terapagos|1\n|\n|upkeep\n|\n|t:|1737781409\n|switch|p2a: Tinkaton|Tinkaton, L50, F|28\/100\n|-ability|p2a: Tinkaton|Mold Breaker\n|turn|5\n|\n|t:|1737781423\n|move|p1a: Raging Bolt|Protect|p1a: Raging Bolt\n|-singleturn|p1a: Raging Bolt|Protect\n|move|p2a: Tinkaton|Feint|p1a: Raging Bolt\n|-activate|p1a: Raging Bolt|move: Feint\n|-damage|p1a: Raging Bolt|93\/100\n|move|p1b: Urshifu|Surging Strikes|p2a: Tinkaton\n|-crit|p2a: Tinkaton\n|-damage|p2a: Tinkaton|0 fnt\n|faint|p2a: Tinkaton\n|-hitcount|p2: Tinkaton|1\n|move|p2b: Amoonguss|Spore|p1a: Raging Bolt\n|-status|p1a: Raging Bolt|slp|[from] move: Spore\n|\n|upkeep\n|j| kiabu233\n|\n|t:|1737781430\n|switch|p2a: Pelipper|Pelipper, L50, F|100\/100\n|-weather|RainDance|[from] ability: Drizzle|[of] p2a: Pelipper\n|turn|6\n|\n|t:|1737781452\n|move|p1b: Urshifu|Surging Strikes|p2a: Pelipper\n|-resisted|p2a: Pelipper\n|-crit|p2a: Pelipper\n|-damage|p2a: Pelipper|76\/100\n|-resisted|p2a: Pelipper\n|-crit|p2a: Pelipper\n|-damage|p2a: Pelipper|53\/100\n|-resisted|p2a: Pelipper\n|-crit|p2a: Pelipper\n|-damage|p2a: Pelipper|31\/100\n|-hitcount|p2a: Pelipper|3\n|cant|p1a: Raging Bolt|slp\n|move|p2a: Pelipper|Hurricane|p1b: Urshifu\n|-supereffective|p1b: Urshifu\n|-damage|p1b: Urshifu|0 fnt\n|faint|p1b: Urshifu\n|move|p2b: Amoonguss|Spore|p1a: Raging Bolt\n|-fail|p1a: Raging Bolt|slp\n|\n|-weather|RainDance|[upkeep]\n|upkeep\n|\n|t:|1737781470\n|switch|p1b: Incineroar|Incineroar, L50, M, shiny|67\/100\n|-ability|p1b: Incineroar|Intimidate|boost\n|-unboost|p2a: Pelipper|atk|1\n|-unboost|p2b: Amoonguss|atk|1\n|turn|7\n|\n|t:|1737781498\n|move|p1b: Incineroar|Fake Out|p2a: Pelipper\n|-damage|p2a: Pelipper|17\/100\n|-curestatus|p1a: Raging Bolt|slp|[msg]\n|move|p1a: Raging Bolt|Draco Meteor|p2b: Amoonguss\n|-damage|p2b: Amoonguss|18\/100\n|-unboost|p1a: Raging Bolt|spa|2\n|-damage|p1a: Raging Bolt|84\/100|[from] item: Life Orb\n|cant|p2a: Pelipper|flinch\n|move|p2b: Amoonguss|Pollen Puff|p2a: Pelipper\n|-heal|p2a: Pelipper|67\/100\n|\n|-weather|RainDance|[upkeep]\n|upkeep\n|turn|8\n|inactive|CCC2023 has 30 seconds left.\n|inactive|Michael Glick has 30 seconds left.\n|inactive|Michael Glick has 20 seconds left.\n|\n|t:|1737781534\n|-terastallize|p2a: Pelipper|Stellar\n|-terastallize|p1b: Incineroar|Grass\n|move|p1a: Raging Bolt|Draco Meteor|p2a: Pelipper\n|-damage|p2a: Pelipper|0 fnt\n|-unboost|p1a: Raging Bolt|spa|2\n|faint|p2a: Pelipper\n|-damage|p1a: Raging Bolt|74\/100|[from] item: Life Orb\n|move|p1b: Incineroar|Knock Off|p2b: Amoonguss\n|-damage|p2b: Amoonguss|0 fnt\n|-damage|p1b: Incineroar|50\/100|[from] item: Rocky Helmet|[of] p2b: Amoonguss\n|-enditem|p2b: Amoonguss|Rocky Helmet|[from] move: Knock Off|[of] p1b: Incineroar\n|faint|p2b: Amoonguss\n|\n|win|CCC2023\n|raw|CCC2023's rating: 1504 &rarr; <strong>1527<\/strong><br \/>(+23 for winning)\n|raw|Michael Glick's rating: 1553 &rarr; <strong>1530<\/strong><br \/>(-23 for losing)\n|l|\u2606Michael Glick\n|player|p2|\n|l| kiabu233\n|l|\u2606CCC2023\n|player|p1|\n","uploadtime":1737781781,"views":4,"formatid":"gen9vgc2025regg","rating":1527,"private":0,"password":null}