{"id":"gen9vgc2025regg-2287912281","format":"[Gen 9] VGC 2025 Reg G","players":["crowz000","501JFW"],"log":"|j|\u2606crowz000\n|j|\u203d501JFW\n|t:|1737807260\n|gametype|doubles\n|player|p1|crowz000|102|1594\n|player|p2|501JFW|2|1550\n|teamsize|p1|6\n|teamsize|p2|6\n|gen|9\n|tier|[Gen 9] VGC 2025 Reg G\n|rated|\n|rule|Species Clause: Limit one of each Pok\u00e9mon\n|rule|Item Clause: Limit 1 of each item\n|clearpoke\n|poke|p1|Terapagos, L50, M|\n|poke|p1|Clefairy, L50, M|\n|poke|p1|Rillaboom, L50, M|\n|poke|p1|Volcarona, L50, F|\n|poke|p1|Incineroar, L50, F|\n|poke|p1|Urshifu-*, L50, F|\n|poke|p2|Kyogre, L50|\n|poke|p2|Grimmsnarl, L50, M|\n|poke|p2|Rillaboom, L50, M|\n|poke|p2|Incineroar, L50, F|\n|poke|p2|Amoonguss, L50, F|\n|poke|p2|Raging Bolt, L50|\n|teampreview|4\n|inactive|Battle timer is ON: inactive players will automatically lose when time's up. (requested by crowz000)\n|inactive|501JFW has 60 seconds left.\n|\n|t:|1737807339\n|start\n|switch|p1a: Terapagos|Terapagos, L50, M|100\/100\n|switch|p1b: Urshifu|Urshifu-Rapid-Strike, L50, F|100\/100\n|switch|p2a: Grimmsnarl|Grimmsnarl, L50, M, shiny|100\/100\n|switch|p2b: Amoonguss|Amoonguss, L50, F, shiny|100\/100\n|-activate|p1a: Terapagos|ability: Tera Shift\n|detailschange|p1a: Terapagos|Terapagos-Terastal, L50, M\n|-heal|p1a: Terapagos|100\/100|[silent]\n|turn|1\n|\n|t:|1737807352\n|switch|p1b: Rillaboom|Rillaboom, L50, M|100\/100\n|-fieldstart|move: Grassy Terrain|[from] ability: Grassy Surge|[of] p1b: Rillaboom\n|move|p2a: Grimmsnarl|Light Screen|p2a: Grimmsnarl\n|-sidestart|p2: 501JFW|move: Light Screen\n|move|p1a: Terapagos|Substitute|p1a: Terapagos\n|-start|p1a: Terapagos|Substitute\n|-damage|p1a: Terapagos|76\/100\n|move|p2b: Amoonguss|Spore||[still]\n|-fail|p2b: Amoonguss\n|\n|-heal|p1a: Terapagos|82\/100|[from] Grassy Terrain\n|-heal|p1a: Terapagos|88\/100|[from] item: Leftovers\n|upkeep\n|turn|2\n|\n|t:|1737807374\n|switch|p2b: Incineroar|Incineroar, L50, F, shiny|100\/100\n|-ability|p2b: Incineroar|Intimidate|boost\n|-immune|p1a: Terapagos\n|-unboost|p1b: Rillaboom|atk|1\n|move|p2a: Grimmsnarl|Reflect|p2a: Grimmsnarl\n|-sidestart|p2: 501JFW|Reflect\n|move|p1b: Rillaboom|Drum Beating|p2a: Grimmsnarl\n|-crit|p2a: Grimmsnarl\n|-damage|p2a: Grimmsnarl|16\/100\n|-unboost|p2a: Grimmsnarl|spe|1\n|move|p1a: Terapagos|Tera Starstorm|p2a: Grimmsnarl\n|-damage|p2a: Grimmsnarl|0 fnt\n|faint|p2a: Grimmsnarl\n|\n|-heal|p1a: Terapagos|94\/100|[from] Grassy Terrain\n|-heal|p1a: Terapagos|100\/100|[from] item: Leftovers\n|upkeep\n|\n|t:|1737807390\n|switch|p2a: Amoonguss|Amoonguss, L50, F, shiny|100\/100\n|turn|3\n|j| darkicy\n|inactive|501JFW has 30 seconds left.\n|inactive|501JFW has 20 seconds left.\n|\n|t:|1737807426\n|move|p1b: Rillaboom|U-turn|p2b: Incineroar\n|-damage|p2b: Incineroar|93\/100\n|\n|t:|1737807430\n|switch|p1b: Clefairy|Clefairy, L50, M|100\/100|[from] U-turn\n|move|p1a: Terapagos|Toxic|p2b: Incineroar\n|-status|p2b: Incineroar|tox\n|move|p2b: Incineroar|Parting Shot|p1a: Terapagos\n|-unboost|p1a: Terapagos|atk|1\n|-unboost|p1a: Terapagos|spa|1\n|\n|t:|1737807440\n|switch|p2b: Kyogre|Kyogre, L50, shiny|100\/100|[from] Parting Shot\n|-weather|RainDance|[from] ability: Drizzle|[of] p2b: Kyogre\n|move|p2a: Amoonguss|Spore|p1b: Clefairy\n|-status|p1b: Clefairy|slp|[from] move: Spore\n|\n|-weather|RainDance|[upkeep]\n|upkeep\n|turn|4\n|\n|t:|1737807453\n|switch|p1b: Rillaboom|Rillaboom, L50, M|100\/100\n|move|p2a: Amoonguss|Rage Powder|p2a: Amoonguss\n|-singleturn|p2a: Amoonguss|move: Rage Powder\n|move|p1a: Terapagos|Toxic|p2a: Amoonguss\n|-immune|p2a: Amoonguss\n|move|p2b: Kyogre|Calm Mind|p2b: Kyogre\n|-boost|p2b: Kyogre|spa|1\n|-boost|p2b: Kyogre|spd|1\n|\n|-weather|RainDance|[upkeep]\n|upkeep\n|turn|5\n|\n|t:|1737807472\n|move|p2b: Kyogre|Protect|p2b: Kyogre\n|-singleturn|p2b: Kyogre|Protect\n|move|p2a: Amoonguss|Protect|p2a: Amoonguss\n|-singleturn|p2a: Amoonguss|Protect\n|move|p1b: Rillaboom|Fake Out|p2a: Amoonguss\n|-activate|p2a: Amoonguss|move: Protect\n|move|p1a: Terapagos|Toxic|p2b: Kyogre\n|-activate|p2b: Kyogre|move: Protect\n|\n|-weather|RainDance|[upkeep]\n|-fieldend|move: Grassy Terrain\n|upkeep\n|turn|6\n|\n|t:|1737807501\n|-terastallize|p1a: Terapagos|Stellar\n|detailschange|p1a: Terapagos|Terapagos-Stellar, L50, M, tera:Stellar\n|-heal|p1a: Terapagos|100\/100|[silent]\n|-ability|p1a: Terapagos|Teraform Zero\n|-weather|none\n|-terastallize|p2b: Kyogre|Grass\n|move|p2a: Amoonguss|Rage Powder|p2a: Amoonguss\n|-singleturn|p2a: Amoonguss|move: Rage Powder\n|move|p1b: Rillaboom|Drum Beating|p2b: Kyogre\n|-resisted|p2b: Kyogre\n|-damage|p2b: Kyogre|90\/100\n|-unboost|p2b: Kyogre|spe|1\n|move|p1a: Terapagos|Tera Starstorm|p2a: Amoonguss|[spread] p2a,p2b\n|-supereffective|p2b: Kyogre\n|-damage|p2a: Amoonguss|86\/100\n|-damage|p2b: Kyogre|74\/100\n|move|p2b: Kyogre|Calm Mind|p2b: Kyogre\n|-boost|p2b: Kyogre|spa|1\n|-boost|p2b: Kyogre|spd|1\n|\n|-heal|p2b: Kyogre|80\/100|[from] item: Leftovers\n|upkeep\n|turn|7\n|inactive|crowz000 has 30 seconds left.\n|inactive|501JFW has 30 seconds left.\n|\n|t:|1737807536\n|switch|p1b: Clefairy|Clefairy, L50, M|100\/100 slp\n|move|p2a: Amoonguss|Rage Powder|p2a: Amoonguss\n|-singleturn|p2a: Amoonguss|move: Rage Powder\n|move|p1a: Terapagos|Toxic|p2a: Amoonguss\n|-immune|p2a: Amoonguss\n|move|p2b: Kyogre|Origin Pulse|p1b: Clefairy|[spread] p1a,p1b\n|-end|p1a: Terapagos|Substitute\n|-damage|p1b: Clefairy|19\/100 slp\n|\n|-heal|p2b: Kyogre|86\/100|[from] item: Leftovers\n|upkeep\n|turn|8\n|inactive|501JFW has 30 seconds left.\n|\n|t:|1737807567\n|switch|p1a: Rillaboom|Rillaboom, L50, M|100\/100\n|-fieldstart|move: Grassy Terrain|[from] ability: Grassy Surge|[of] p1a: Rillaboom\n|move|p2b: Kyogre|Protect|p2b: Kyogre\n|-singleturn|p2b: Kyogre|Protect\n|move|p2a: Amoonguss|Spore|p1a: Rillaboom\n|-immune|p1a: Rillaboom\n|cant|p1b: Clefairy|slp\n|\n|-heal|p2b: Kyogre|92\/100|[from] Grassy Terrain\n|-heal|p2b: Kyogre|98\/100|[from] item: Leftovers\n|-heal|p2a: Amoonguss|92\/100|[from] Grassy Terrain\n|-heal|p1b: Clefairy|25\/100 slp|[from] Grassy Terrain\n|-sideend|p2: 501JFW|move: Light Screen\n|upkeep\n|turn|9\n|inactive|crowz000 has 30 seconds left.\n|inactive|crowz000 has 20 seconds left.\n|\n|t:|1737807605\n|switch|p2a: Incineroar|Incineroar, L50, F, shiny|93\/100 tox\n|-ability|p2a: Incineroar|Intimidate|boost\n|-unboost|p1a: Rillaboom|atk|1\n|-unboost|p1b: Clefairy|atk|1\n|move|p1a: Rillaboom|U-turn|p2b: Kyogre\n|-supereffective|p2b: Kyogre\n|-damage|p2b: Kyogre|80\/100\n|\n|t:|1737807612\n|switch|p1a: Terapagos|Terapagos-Stellar, L50, M, tera:Stellar|100\/100|[from] U-turn\n|move|p2b: Kyogre|Ice Beam|p1a: Terapagos\n|-damage|p1a: Terapagos|67\/100\n|-curestatus|p1b: Clefairy|slp|[msg]\n|move|p1b: Clefairy|Encore|p2b: Kyogre\n|-start|p2b: Kyogre|Encore\n|\n|-heal|p1a: Terapagos|73\/100|[from] Grassy Terrain\n|-heal|p1a: Terapagos|79\/100|[from] item: Leftovers\n|-heal|p2a: Incineroar|99\/100 tox|[from] Grassy Terrain\n|-heal|p2b: Kyogre|86\/100|[from] Grassy Terrain\n|-heal|p2b: Kyogre|91\/100|[from] item: Leftovers\n|-heal|p1b: Clefairy|31\/100|[from] Grassy Terrain\n|-damage|p2a: Incineroar|93\/100 tox|[from] psn\n|-sideend|p2: 501JFW|Reflect\n|upkeep\n|turn|10\n|inactive|501JFW has 30 seconds left.\n|\n|t:|1737807638\n|switch|p2b: Amoonguss|Amoonguss, L50, F, shiny|100\/100\n|move|p1b: Clefairy|Follow Me|p1b: Clefairy\n|-singleturn|p1b: Clefairy|move: Follow Me\n|move|p1a: Terapagos|Substitute|p1a: Terapagos\n|-start|p1a: Terapagos|Substitute\n|-damage|p1a: Terapagos|54\/100\n|move|p2a: Incineroar|Knock Off|p1b: Clefairy\n|-resisted|p1b: Clefairy\n|-damage|p1b: Clefairy|17\/100\n|-enditem|p1b: Clefairy|Eviolite|[from] move: Knock Off|[of] p2a: Incineroar\n|\n|-heal|p1a: Terapagos|60\/100|[from] Grassy Terrain\n|-heal|p1a: Terapagos|67\/100|[from] item: Leftovers\n|-heal|p2a: Incineroar|99\/100 tox|[from] Grassy Terrain\n|-heal|p1b: Clefairy|23\/100|[from] Grassy Terrain\n|-damage|p2a: Incineroar|87\/100 tox|[from] psn\n|upkeep\n|turn|11\n|\n|t:|1737807656\n|move|p1b: Clefairy|Follow Me|p1b: Clefairy\n|-singleturn|p1b: Clefairy|move: Follow Me\n|move|p1a: Terapagos|Tera Starstorm|p2a: Incineroar|[spread] p2a,p2b\n|-damage|p2a: Incineroar|51\/100 tox\n|-damage|p2b: Amoonguss|71\/100\n|move|p2a: Incineroar|Knock Off|p1b: Clefairy\n|-resisted|p1b: Clefairy\n|-damage|p1b: Clefairy|9\/100\n|move|p2b: Amoonguss|Spore|p1b: Clefairy\n|-status|p1b: Clefairy|slp|[from] move: Spore\n|\n|-heal|p1a: Terapagos|73\/100|[from] Grassy Terrain\n|-heal|p1a: Terapagos|79\/100|[from] item: Leftovers\n|-heal|p2a: Incineroar|57\/100 tox|[from] Grassy Terrain\n|-heal|p2b: Amoonguss|77\/100|[from] Grassy Terrain\n|-heal|p1b: Clefairy|15\/100 slp|[from] Grassy Terrain\n|-damage|p2a: Incineroar|39\/100 tox|[from] psn\n|upkeep\n|turn|12\n|\n|t:|1737807676\n|move|p1a: Terapagos|Protect|p1a: Terapagos\n|-singleturn|p1a: Terapagos|Protect\n|move|p2a: Incineroar|Parting Shot|p1a: Terapagos\n|-activate|p1a: Terapagos|move: Protect\n|move|p2b: Amoonguss|Pollen Puff|p1a: Terapagos\n|-activate|p1a: Terapagos|move: Protect\n|cant|p1b: Clefairy|slp\n|\n|-heal|p1a: Terapagos|85\/100|[from] Grassy Terrain\n|-heal|p1a: Terapagos|91\/100|[from] item: Leftovers\n|-heal|p2a: Incineroar|45\/100 tox|[from] Grassy Terrain\n|-heal|p2b: Amoonguss|83\/100|[from] Grassy Terrain\n|-heal|p1b: Clefairy|21\/100 slp|[from] Grassy Terrain\n|-damage|p2a: Incineroar|21\/100 tox|[from] psn\n|-fieldend|move: Grassy Terrain\n|upkeep\n|turn|13\n|\n|t:|1737807696\n|switch|p2a: Kyogre|Kyogre, L50, shiny, tera:Grass|91\/100\n|-weather|RainDance|[from] ability: Drizzle|[of] p2a: Kyogre\n|move|p1a: Terapagos|Tera Starstorm|p2a: Kyogre|[spread] p2a,p2b\n|-supereffective|p2a: Kyogre\n|-damage|p2a: Kyogre|43\/100\n|-damage|p2b: Amoonguss|53\/100\n|move|p2b: Amoonguss|Pollen Puff|p2a: Kyogre\n|-heal|p2a: Kyogre|93\/100\n|-curestatus|p1b: Clefairy|slp|[msg]\n|move|p1b: Clefairy|Encore|p2b: Amoonguss\n|-start|p2b: Amoonguss|Encore\n|\n|-weather|RainDance|[upkeep]\n|-heal|p1a: Terapagos|97\/100|[from] item: Leftovers\n|-heal|p2a: Kyogre|99\/100|[from] item: Leftovers\n|upkeep\n|turn|14\n|\n|t:|1737807719\n|switch|p2a: Incineroar|Incineroar, L50, F, shiny|21\/100 tox\n|-ability|p2a: Incineroar|Intimidate|boost\n|-immune|p1a: Terapagos\n|-unboost|p1b: Clefairy|atk|1\n|switch|p1b: Rillaboom|Rillaboom, L50, M|100\/100\n|-fieldstart|move: Grassy Terrain|[from] ability: Grassy Surge|[of] p1b: Rillaboom\n|move|p1a: Terapagos|Toxic|p2a: Incineroar\n|-fail|p2a: Incineroar|tox\n|move|p2b: Amoonguss|Pollen Puff|p2a: Incineroar\n|-heal|p2a: Incineroar|71\/100 tox\n|\n|-weather|RainDance|[upkeep]\n|-heal|p1a: Terapagos|100\/100|[from] Grassy Terrain\n|-heal|p2a: Incineroar|77\/100 tox|[from] Grassy Terrain\n|-heal|p2b: Amoonguss|59\/100|[from] Grassy Terrain\n|-damage|p2a: Incineroar|71\/100 tox|[from] psn\n|upkeep\n|turn|15\n|\n|t:|1737807740\n|switch|p2b: Kyogre|Kyogre, L50, shiny, tera:Grass|99\/100\n|move|p1b: Rillaboom|Fake Out|p2a: Incineroar\n|-damage|p2a: Incineroar|61\/100 tox\n|move|p1a: Terapagos|Tera Starstorm|p2b: Kyogre|[spread] p2a,p2b\n|-supereffective|p2b: Kyogre\n|-crit|p2b: Kyogre\n|-damage|p2a: Incineroar|26\/100 tox\n|-damage|p2b: Kyogre|23\/100\n|cant|p2a: Incineroar|flinch\n|\n|-weather|RainDance|[upkeep]\n|-heal|p2b: Kyogre|29\/100|[from] Grassy Terrain\n|-heal|p2b: Kyogre|35\/100|[from] item: Leftovers\n|-heal|p2a: Incineroar|32\/100 tox|[from] Grassy Terrain\n|-damage|p2a: Incineroar|20\/100 tox|[from] psn\n|upkeep\n|turn|16\n|-message|501JFW forfeited.\n|\n|win|crowz000\n|raw|crowz000's rating: 1594 &rarr; <strong>1611<\/strong><br \/>(+17 for winning)\n|raw|501JFW's rating: 1550 &rarr; <strong>1533<\/strong><br \/>(-17 for losing)\n|l|\u203d501JFW\n|player|p2|\n|l|\u2606crowz000\n|player|p1|\n","uploadtime":1737808005,"views":13,"formatid":"gen9vgc2025regg","rating":1533,"private":0,"password":null}