{"id":"gen9vgc2025regg-2287452468","format":"[Gen 9] VGC 2025 Reg G","players":["Blueaquajet3","tangarang27"],"log":"|j|\u2606Blueaquajet3\n|j|\u2606tangarang27\n|t:|1737740814\n|gametype|doubles\n|player|p1|Blueaquajet3|2|1529\n|player|p2|tangarang27|265|1609\n|teamsize|p1|6\n|teamsize|p2|6\n|gen|9\n|tier|[Gen 9] VGC 2025 Reg G\n|rated|\n|rule|Species Clause: Limit one of each Pok\u00e9mon\n|rule|Item Clause: Limit 1 of each item\n|clearpoke\n|poke|p1|Calyrex-Shadow, L50|\n|poke|p1|Raging Bolt, L50|\n|poke|p1|Clefairy, L50, M|\n|poke|p1|Urshifu-*, L50, M|\n|poke|p1|Incineroar, L50, M|\n|poke|p1|Rillaboom, L50, M|\n|poke|p2|Rillaboom, L50, M|\n|poke|p2|Kyogre, L50|\n|poke|p2|Volcarona, L50, M|\n|poke|p2|Farigiraf, L50, M|\n|poke|p2|Urshifu-*, L50, M|\n|poke|p2|Grimmsnarl, L50, M|\n|teampreview|4\n|inactive|Battle timer is ON: inactive players will automatically lose when time's up. (requested by Blueaquajet3)\n|\n|t:|1737740837\n|start\n|switch|p1a: Raging Bolt|Raging Bolt, L50|100\/100\n|switch|p1b: Clefairy|Clefairy, L50, M|100\/100\n|switch|p2a: Urshifu|Urshifu, L50, M|100\/100\n|switch|p2b: Grimmsnarl|Grimmsnarl, L50, M|100\/100\n|turn|1\n|\n|t:|1737740860\n|move|p2a: Urshifu|Protect|p2a: Urshifu\n|-singleturn|p2a: Urshifu|Protect\n|move|p1b: Clefairy|Follow Me|p1b: Clefairy\n|-singleturn|p1b: Clefairy|move: Follow Me\n|move|p2b: Grimmsnarl|Light Screen|p2b: Grimmsnarl\n|-sidestart|p2: tangarang27|move: Light Screen\n|move|p1a: Raging Bolt|Thunderbolt|p2a: Urshifu\n|-activate|p2a: Urshifu|move: Protect\n|\n|upkeep\n|turn|2\n|\n|t:|1737740881\n|-terastallize|p2a: Urshifu|Dark\n|move|p1b: Clefairy|Helping Hand|p1a: Raging Bolt\n|-singleturn|p1a: Raging Bolt|Helping Hand|[of] p1b: Clefairy\n|move|p2a: Urshifu|Wicked Blow|p1a: Raging Bolt\n|-crit|p1a: Raging Bolt\n|-damage|p1a: Raging Bolt|40\/100\n|move|p1a: Raging Bolt|Thunderbolt|p2a: Urshifu\n|-damage|p2a: Urshifu|27\/100\n|move|p2b: Grimmsnarl|Spirit Break|p1a: Raging Bolt\n|-supereffective|p1a: Raging Bolt\n|-damage|p1a: Raging Bolt|0 fnt\n|faint|p1a: Raging Bolt\n|-end|p1a: Raging Bolt|Protosynthesis|[silent]\n|\n|upkeep\n|\n|t:|1737740891\n|switch|p1a: Calyrex|Calyrex-Shadow, L50|100\/100\n|-ability|p1a: Calyrex|As One\n|-ability|p1a: Calyrex|Unnerve\n|turn|3\n|\n|t:|1737740906\n|move|p2a: Urshifu|Protect|p2a: Urshifu\n|-singleturn|p2a: Urshifu|Protect\n|move|p1b: Clefairy|Follow Me|p1b: Clefairy\n|-singleturn|p1b: Clefairy|move: Follow Me\n|move|p1a: Calyrex|Calm Mind|p1a: Calyrex\n|-boost|p1a: Calyrex|spa|1\n|-boost|p1a: Calyrex|spd|1\n|move|p2b: Grimmsnarl|Spirit Break|p1b: Clefairy\n|-damage|p1b: Clefairy|76\/100\n|-unboost|p1b: Clefairy|spa|1\n|\n|upkeep\n|turn|4\n|\n|t:|1737740920\n|switch|p2a: Kyogre|Kyogre, L50|100\/100\n|-weather|RainDance|[from] ability: Drizzle|[of] p2a: Kyogre\n|move|p1b: Clefairy|Follow Me|p1b: Clefairy\n|-singleturn|p1b: Clefairy|move: Follow Me\n|move|p2b: Grimmsnarl|Thunder Wave|p1b: Clefairy\n|-status|p1b: Clefairy|par\n|move|p1a: Calyrex|Calm Mind|p1a: Calyrex\n|-boost|p1a: Calyrex|spa|1\n|-boost|p1a: Calyrex|spd|1\n|\n|-weather|RainDance|[upkeep]\n|upkeep\n|turn|5\n|\n|t:|1737740934\n|move|p1b: Clefairy|Follow Me|p1b: Clefairy\n|-singleturn|p1b: Clefairy|move: Follow Me\n|move|p2b: Grimmsnarl|Thunder Wave|p1b: Clefairy\n|-fail|p1b: Clefairy|par\n|move|p1a: Calyrex|Astral Barrage|p2a: Kyogre|[spread] p2a,p2b\n|-resisted|p2b: Grimmsnarl\n|-damage|p2a: Kyogre|52\/100\n|-damage|p2b: Grimmsnarl|69\/100\n|move|p2a: Kyogre|Origin Pulse|p1b: Clefairy|[spread] p1a,p1b\n|-damage|p1a: Calyrex|78\/100\n|-damage|p1b: Clefairy|10\/100 par\n|\n|-weather|RainDance|[upkeep]\n|upkeep\n|turn|6\n|j| yukako_poke\n|l| yukako_poke\n|inactive|Blueaquajet3 has 30 seconds left.\n|\n|t:|1737740961\n|switch|p2b: Farigiraf|Farigiraf, L50, M|100\/100\n|-terastallize|p1a: Calyrex|Fairy\n|move|p1b: Clefairy|Follow Me|p1b: Clefairy\n|-singleturn|p1b: Clefairy|move: Follow Me\n|move|p1a: Calyrex|Draining Kiss|p2b: Farigiraf\n|-damage|p2b: Farigiraf|52\/100\n|-heal|p1a: Calyrex|100\/100|[from] drain|[of] p2b: Farigiraf\n|move|p2a: Kyogre|Origin Pulse|p1a: Calyrex|[spread] p1a,p1b\n|-damage|p1a: Calyrex|77\/100\n|-damage|p1b: Clefairy|0 fnt\n|faint|p1b: Clefairy\n|\n|-weather|RainDance|[upkeep]\n|upkeep\n|\n|t:|1737740964\n|switch|p1b: Rillaboom|Rillaboom, L50, M|100\/100\n|-fieldstart|move: Grassy Terrain|[from] ability: Grassy Surge|[of] p1b: Rillaboom\n|turn|7\n|\n|t:|1737740985\n|move|p2b: Farigiraf|Protect|p2b: Farigiraf\n|-singleturn|p2b: Farigiraf|Protect\n|move|p1a: Calyrex|Astral Barrage|p2a: Kyogre|[spread] p2a\n|-activate|p2b: Farigiraf|move: Protect\n|-damage|p2a: Kyogre|8\/100\n|move|p2a: Kyogre|Ice Beam|p1b: Rillaboom\n|-supereffective|p1b: Rillaboom\n|-damage|p1b: Rillaboom|13\/100\n|move|p1b: Rillaboom|Wood Hammer|p2b: Farigiraf\n|-activate|p2b: Farigiraf|move: Protect\n|\n|-weather|RainDance|[upkeep]\n|-heal|p1a: Calyrex|83\/100|[from] Grassy Terrain\n|-heal|p2a: Kyogre|14\/100|[from] Grassy Terrain\n|-heal|p1b: Rillaboom|19\/100|[from] Grassy Terrain\n|-heal|p2b: Farigiraf|59\/100|[from] Grassy Terrain\n|upkeep\n|turn|8\n|l|\u2606Blueaquajet3\n|inactive|Blueaquajet3 disconnected and has a minute to reconnect!\n|player|p1|\n|inactive|Blueaquajet3 has 30 seconds left.\n|inactive|tangarang27 has 30 seconds left.\n|j|\u2606Blueaquajet3\n|inactive|Blueaquajet3 reconnected and has 30 seconds left.\n|player|p1|Blueaquajet3|2|\n|\n|t:|1737741016\n|switch|p2a: Grimmsnarl|Grimmsnarl, L50, M|69\/100\n|move|p1a: Calyrex|Draining Kiss|p2a: Grimmsnarl\n|-supereffective|p2a: Grimmsnarl\n|-damage|p2a: Grimmsnarl|0 fnt\n|-heal|p1a: Calyrex|100\/100|[from] drain|[of] p2a: Grimmsnarl\n|faint|p2a: Grimmsnarl\n|-ability|p1a: Calyrex|Grim Neigh|boost\n|-boost|p1a: Calyrex|spa|1\n|move|p1b: Rillaboom|Wood Hammer|p2b: Farigiraf\n|-damage|p2b: Farigiraf|0 fnt\n|faint|p2b: Farigiraf\n|-damage|p1b: Rillaboom|0 fnt|[from] Recoil\n|faint|p1b: Rillaboom\n|\n|-weather|none\n|-sideend|p2: tangarang27|move: Light Screen\n|upkeep\n|\n|t:|1737741027\n|switch|p2b: Kyogre|Kyogre, L50|14\/100\n|switch|p2a: Urshifu|Urshifu, L50, M, tera:Dark|27\/100\n|-weather|RainDance|[from] ability: Drizzle|[of] p2b: Kyogre\n|turn|9\n|\n|t:|1737741034\n|move|p2a: Urshifu|Sucker Punch|p1a: Calyrex\n|-resisted|p1a: Calyrex\n|-damage|p1a: Calyrex|75\/100\n|move|p1a: Calyrex|Astral Barrage|p2a: Urshifu|[spread] p2a,p2b\n|-resisted|p2a: Urshifu\n|-damage|p2a: Urshifu|0 fnt\n|-damage|p2b: Kyogre|0 fnt\n|faint|p2a: Urshifu\n|faint|p2b: Kyogre\n|\n|win|Blueaquajet3\n|raw|Blueaquajet3's rating: 1529 &rarr; <strong>1554<\/strong><br \/>(+25 for winning)\n|raw|tangarang27's rating: 1609 &rarr; <strong>1584<\/strong><br \/>(-25 for losing)\n|l|\u2606tangarang27\n|player|p2|\n|l|\u2606Blueaquajet3\n|player|p1|\n","uploadtime":1737741281,"views":3,"formatid":"gen9vgc2025regg","rating":1554,"private":0,"password":null}