{"id":"gen9vgc2025regg-2287521728","format":"[Gen 9] VGC 2025 Reg G","players":["tangarang27","bertscai"],"log":"|j|\u2606tangarang27\n|j|\u2606bertscai\n|t:|1737747622\n|gametype|doubles\n|player|p1|tangarang27|265|1556\n|player|p2|bertscai|zinzolin|1581\n|teamsize|p1|6\n|teamsize|p2|6\n|gen|9\n|tier|[Gen 9] VGC 2025 Reg G\n|rated|\n|rule|Species Clause: Limit one of each Pok\u00e9mon\n|rule|Item Clause: Limit 1 of each item\n|clearpoke\n|poke|p1|Rillaboom, L50, M|\n|poke|p1|Kyogre, L50|\n|poke|p1|Volcarona, L50, M|\n|poke|p1|Farigiraf, L50, F|\n|poke|p1|Urshifu-*, L50, M|\n|poke|p1|Raging Bolt, L50|\n|poke|p2|Regidrago, L50|\n|poke|p2|Chi-Yu, L50|\n|poke|p2|Whimsicott, L50, M|\n|poke|p2|Ditto, L50|\n|poke|p2|Zacian-*, L50|\n|poke|p2|Amoonguss, L50, F|\n|teampreview|4\n|inactive|Battle timer is ON: inactive players will automatically lose when time's up. (requested by bertscai)\n|\n|t:|1737747657\n|start\n|switch|p1a: Urshifu|Urshifu-Rapid-Strike, L50, M|100\/100\n|switch|p1b: Kyogre|Kyogre, L50|100\/100\n|switch|p2a: Whimsicott|Whimsicott, L50, M, shiny|100\/100\n|switch|p2b: Regidrago|Regidrago, L50|100\/100\n|-weather|RainDance|[from] ability: Drizzle|[of] p1b: Kyogre\n|turn|1\n|inactive|tangarang27 has 30 seconds left.\n|\n|t:|1737747685\n|switch|p1a: Rillaboom|Rillaboom, L50, M|100\/100\n|-fieldstart|move: Grassy Terrain|[from] ability: Grassy Surge|[of] p1a: Rillaboom\n|move|p2a: Whimsicott|Tailwind|p2a: Whimsicott\n|-sidestart|p2: bertscai|move: Tailwind\n|move|p2b: Regidrago|Dragon Energy|p1a: Rillaboom|[spread] p1a,p1b\n|-damage|p1a: Rillaboom|18\/100\n|-damage|p1b: Kyogre|38\/100\n|-damage|p2b: Regidrago|91\/100|[from] item: Life Orb\n|move|p1b: Kyogre|Ice Beam|p2b: Regidrago\n|-supereffective|p2b: Regidrago\n|-damage|p2b: Regidrago|14\/100\n|\n|-weather|RainDance|[upkeep]\n|-heal|p2b: Regidrago|20\/100|[from] Grassy Terrain\n|-heal|p1b: Kyogre|44\/100|[from] Grassy Terrain\n|-heal|p1a: Rillaboom|25\/100|[from] Grassy Terrain\n|upkeep\n|turn|2\n|j| Kpxbrothers\n|inactive|tangarang27 has 30 seconds left.\n|inactive|bertscai has 30 seconds left.\n|\n|t:|1737747719\n|move|p2b: Regidrago|Protect|p2b: Regidrago\n|-singleturn|p2b: Regidrago|Protect\n|move|p2a: Whimsicott|Moonblast|p1a: Rillaboom\n|-damage|p1a: Rillaboom|5\/100\n|move|p1b: Kyogre|Ice Beam|p2a: Whimsicott\n|-supereffective|p2a: Whimsicott\n|-damage|p2a: Whimsicott|22\/100\n|move|p1a: Rillaboom|High Horsepower|p2b: Regidrago\n|-activate|p2b: Regidrago|move: Protect\n|\n|-weather|RainDance|[upkeep]\n|-heal|p2a: Whimsicott|28\/100|[from] Grassy Terrain\n|-heal|p2b: Regidrago|26\/100|[from] Grassy Terrain\n|-heal|p1b: Kyogre|50\/100|[from] Grassy Terrain\n|-heal|p1a: Rillaboom|11\/100|[from] Grassy Terrain\n|upkeep\n|turn|3\n|\n|t:|1737747737\n|move|p2a: Whimsicott|Encore|p1a: Rillaboom\n|-start|p1a: Rillaboom|Encore\n|move|p1a: Rillaboom|High Horsepower|p2b: Regidrago\n|-damage|p2b: Regidrago|0 fnt\n|faint|p2b: Regidrago\n|move|p1b: Kyogre|Origin Pulse|p2a: Whimsicott|[miss]\n|-miss|p1b: Kyogre|p2a: Whimsicott\n|\n|-weather|RainDance|[upkeep]\n|-heal|p2a: Whimsicott|34\/100|[from] Grassy Terrain\n|-heal|p1b: Kyogre|55\/100|[from] Grassy Terrain\n|-heal|p1a: Rillaboom|17\/100|[from] Grassy Terrain\n|upkeep\n|\n|t:|1737747750\n|switch|p2b: Zacian|Zacian-Crowned, L50, shiny|100\/100\n|-ability|p2b: Zacian|Intrepid Sword|boost\n|-boost|p2b: Zacian|atk|1\n|turn|4\n|j| 2-2-2 Ape\n|\n|t:|1737747766\n|switch|p1a: Volcarona|Volcarona, L50, M|100\/100\n|move|p2b: Zacian|Play Rough|p1b: Kyogre\n|-damage|p1b: Kyogre|0 fnt\n|faint|p1b: Kyogre\n|move|p2a: Whimsicott|Moonblast|p1a: Volcarona\n|-resisted|p1a: Volcarona\n|-damage|p1a: Volcarona|89\/100\n|\n|-weather|RainDance|[upkeep]\n|-heal|p2a: Whimsicott|40\/100|[from] Grassy Terrain\n|-heal|p1a: Volcarona|95\/100|[from] Grassy Terrain\n|-sideend|p2: bertscai|move: Tailwind\n|upkeep\n|l| 2-2-2 Ape\n|\n|t:|1737747775\n|switch|p1b: Urshifu|Urshifu-Rapid-Strike, L50, M|100\/100\n|turn|5\n|\n|t:|1737747789\n|-terastallize|p1b: Urshifu|Stellar\n|move|p1a: Volcarona|Rage Powder|p1a: Volcarona\n|-singleturn|p1a: Volcarona|move: Rage Powder\n|move|p2a: Whimsicott|Tailwind|p2a: Whimsicott\n|-sidestart|p2: bertscai|move: Tailwind\n|move|p2b: Zacian|Play Rough|p1a: Volcarona\n|-resisted|p1a: Volcarona\n|-damage|p1a: Volcarona|58\/100\n|-unboost|p1a: Volcarona|atk|1\n|move|p1b: Urshifu|Surging Strikes|p2a: Whimsicott\n|-resisted|p2a: Whimsicott\n|-crit|p2a: Whimsicott\n|-damage|p2a: Whimsicott|16\/100\n|-resisted|p2a: Whimsicott\n|-crit|p2a: Whimsicott\n|-damage|p2a: Whimsicott|0 fnt\n|faint|p2a: Whimsicott\n|-hitcount|p2: Whimsicott|2\n|\n|-weather|none\n|-heal|p1a: Volcarona|64\/100|[from] Grassy Terrain\n|-fieldend|move: Grassy Terrain\n|upkeep\n|\n|t:|1737747799\n|switch|p2a: Ditto|Ditto, L50, shiny|100\/100\n|-transform|p2a: Ditto|p1b: Urshifu|[from] ability: Imposter\n|-start|p2a: Ditto|typechange|Fighting\/Water|[silent]\n|turn|6\n|\n|t:|1737747810\n|move|p1a: Volcarona|Rage Powder|p1a: Volcarona\n|-singleturn|p1a: Volcarona|move: Rage Powder\n|move|p2a: Ditto|Surging Strikes|p1a: Volcarona\n|-supereffective|p1a: Volcarona\n|-crit|p1a: Volcarona\n|-damage|p1a: Volcarona|24\/100\n|-supereffective|p1a: Volcarona\n|-crit|p1a: Volcarona\n|-damage|p1a: Volcarona|0 fnt\n|faint|p1a: Volcarona\n|-hitcount|p1: Volcarona|2\n|move|p2b: Zacian|Play Rough|p1b: Urshifu\n|-supereffective|p1b: Urshifu\n|-damage|p1b: Urshifu|0 fnt\n|faint|p1b: Urshifu\n|\n|upkeep\n|\n|t:|1737747815\n|switch|p1b: Rillaboom|Rillaboom, L50, M|17\/100\n|-fieldstart|move: Grassy Terrain|[from] ability: Grassy Surge|[of] p1b: Rillaboom\n|turn|7\n|-message|tangarang27 forfeited.\n|\n|win|bertscai\n|raw|tangarang27's rating: 1556 &rarr; <strong>1537<\/strong><br \/>(-19 for losing)\n|raw|bertscai's rating: 1581 &rarr; <strong>1600<\/strong><br \/>(+19 for winning)\n|l|\u2606tangarang27\n|player|p1|\n|l|\u2606bertscai\n|player|p2|\n","uploadtime":1737748009,"views":3,"formatid":"gen9vgc2025regg","rating":1537,"private":0,"password":null}