{"id":"gen9vgc2025regg-2287774039","format":"[Gen 9] VGC 2025 Reg G","players":["SERENA2024","infinitygroudon"],"log":"|j|\u2606SERENA2024\n|j|\u2606infinitygroudon\n|t:|1737779293\n|gametype|doubles\n|player|p1|SERENA2024|266|1577\n|player|p2|infinitygroudon|1|1731\n|teamsize|p1|6\n|teamsize|p2|6\n|gen|9\n|tier|[Gen 9] VGC 2025 Reg G\n|rated|\n|rule|Species Clause: Limit one of each Pok\u00e9mon\n|rule|Item Clause: Limit 1 of each item\n|clearpoke\n|poke|p1|Calyrex-Ice, L50|\n|poke|p1|Pelipper, L50, M|\n|poke|p1|Incineroar, L50, M|\n|poke|p1|Rillaboom, L50, M|\n|poke|p1|Urshifu-*, L50, F|\n|poke|p1|Raging Bolt, L50|\n|poke|p2|Calyrex-Shadow, L50|\n|poke|p2|Incineroar, L50, M|\n|poke|p2|Weezing-Galar, L50, M|\n|poke|p2|Indeedee-F, L50, F|\n|poke|p2|Iron Valiant, L50|\n|poke|p2|Ursaluna-Bloodmoon, L50, M|\n|teampreview|4\n|\n|t:|1737779311\n|start\n|switch|p1a: Calyrex|Calyrex-Ice, L50|100\/100\n|switch|p1b: Urshifu|Urshifu-Rapid-Strike, L50, F|100\/100\n|switch|p2a: Banderilla|Incineroar, L50, M|100\/100\n|switch|p2b: Duncan|Calyrex-Shadow, L50|100\/100\n|-ability|p2b: Duncan|As One\n|-ability|p2b: Duncan|Unnerve\n|-ability|p1a: Calyrex|As One\n|-ability|p1a: Calyrex|Unnerve\n|-ability|p2a: Banderilla|Intimidate|boost\n|-fail|p1a: Calyrex|unboost|[from] item: Clear Amulet|[of] p1a: Calyrex\n|-unboost|p1b: Urshifu|atk|1\n|turn|1\n|\n|t:|1737779337\n|switch|p1b: Rillaboom|Rillaboom, L50, M|100\/100\n|-fieldstart|move: Grassy Terrain|[from] ability: Grassy Surge|[of] p1b: Rillaboom\n|-terastallize|p1a: Calyrex|Water\n|move|p2a: Banderilla|Fake Out|p1b: Rillaboom\n|-damage|p1b: Rillaboom|90\/100\n|move|p2b: Duncan|Astral Barrage|p1b: Rillaboom|[spread] p1a,p1b\n|-crit|p1a: Calyrex\n|-damage|p1a: Calyrex|27\/100\n|-damage|p1b: Rillaboom|35\/100\n|-damage|p2b: Duncan|91\/100|[from] item: Life Orb\n|move|p1a: Calyrex|Glacial Lance|p2b: Duncan|[spread] p2a,p2b\n|-resisted|p2a: Banderilla\n|-damage|p2a: Banderilla|72\/100\n|-damage|p2b: Duncan|14\/100\n|\n|-heal|p2b: Duncan|20\/100|[from] Grassy Terrain\n|-heal|p1b: Rillaboom|41\/100|[from] Grassy Terrain\n|-heal|p2a: Banderilla|78\/100|[from] Grassy Terrain\n|-heal|p1a: Calyrex|32\/100|[from] Grassy Terrain\n|upkeep\n|turn|2\n|j| jdarcan\n|\n|t:|1737779351\n|switch|p2b: Mr. Gassy|Weezing-Galar, L50, M|100\/100\n|-ability|p2b: Mr. Gassy|Neutralizing Gas\n|-block|p2a: Banderilla|item: Ability Shield\n|move|p1b: Rillaboom|Grassy Glide|p2b: Mr. Gassy\n|-resisted|p2b: Mr. Gassy\n|-damage|p2b: Mr. Gassy|83\/100\n|move|p2a: Banderilla|Knock Off|p1a: Calyrex\n|-damage|p1a: Calyrex|8\/100\n|-enditem|p1a: Calyrex|Clear Amulet|[from] move: Knock Off|[of] p2a: Banderilla\n|move|p1a: Calyrex|Trick Room|p1a: Calyrex\n|-fieldstart|move: Trick Room|[of] p1a: Calyrex\n|\n|-heal|p1a: Calyrex|14\/100|[from] Grassy Terrain\n|-heal|p2a: Banderilla|84\/100|[from] Grassy Terrain\n|-heal|p2b: Mr. Gassy|89\/100|[from] Grassy Terrain\n|-heal|p1b: Rillaboom|47\/100|[from] Grassy Terrain\n|upkeep\n|turn|3\n|\n|t:|1737779371\n|move|p1a: Calyrex|Protect|p1a: Calyrex\n|-singleturn|p1a: Calyrex|Protect\n|move|p2a: Banderilla|Knock Off|p1a: Calyrex\n|-activate|p1a: Calyrex|move: Protect\n|move|p2b: Mr. Gassy|Sludge Bomb|p1b: Rillaboom\n|-supereffective|p1b: Rillaboom\n|-damage|p1b: Rillaboom|3\/100\n|move|p1b: Rillaboom|U-turn|p2a: Banderilla\n|-damage|p2a: Banderilla|59\/100\n|\n|t:|1737779377\n|switch|p1b: Pelipper|Pelipper, L50, M|100\/100|[from] U-turn\n|\n|-heal|p1a: Calyrex|19\/100|[from] Grassy Terrain\n|-heal|p2a: Banderilla|66\/100|[from] Grassy Terrain\n|-heal|p2b: Mr. Gassy|95\/100|[from] Grassy Terrain\n|upkeep\n|turn|4\n|\n|t:|1737779392\n|move|p1a: Calyrex|High Horsepower|p2a: Banderilla\n|-supereffective|p2a: Banderilla\n|-damage|p2a: Banderilla|0 fnt\n|faint|p2a: Banderilla\n|-ability|p1a: Calyrex|Chilling Neigh|boost\n|-boost|p1a: Calyrex|atk|1\n|move|p2b: Mr. Gassy|Sludge Bomb|p1a: Calyrex\n|-damage|p1a: Calyrex|0 fnt\n|faint|p1a: Calyrex\n|move|p1b: Pelipper|Hurricane|p2b: Mr. Gassy|[miss]\n|-miss|p1b: Pelipper|p2b: Mr. Gassy\n|\n|-heal|p2b: Mr. Gassy|100\/100|[from] Grassy Terrain\n|upkeep\n|\n|t:|1737779405\n|switch|p1a: Rillaboom|Rillaboom, L50, M|3\/100\n|switch|p2a: Charming|Iron Valiant, L50, shiny|100\/100\n|turn|5\n|\n|t:|1737779417\n|move|p2a: Charming|Protect|p2a: Charming\n|-singleturn|p2a: Charming|Protect\n|move|p1a: Rillaboom|Fake Out|p2b: Mr. Gassy\n|-damage|p2b: Mr. Gassy|86\/100\n|cant|p2b: Mr. Gassy|flinch\n|move|p1b: Pelipper|Hurricane|p2a: Charming\n|-activate|p2a: Charming|move: Protect\n|\n|-heal|p2b: Mr. Gassy|92\/100|[from] Grassy Terrain\n|-heal|p1a: Rillaboom|9\/100|[from] Grassy Terrain\n|-fieldend|move: Grassy Terrain\n|upkeep\n|turn|6\n|\n|t:|1737779428\n|-terastallize|p2a: Charming|Fairy\n|move|p2b: Mr. Gassy|Sludge Bomb|p1a: Rillaboom\n|-supereffective|p1a: Rillaboom\n|-damage|p1a: Rillaboom|0 fnt\n|faint|p1a: Rillaboom\n|move|p1b: Pelipper|Hurricane|p2a: Charming\n|-damage|p2a: Charming|35\/100\n|move|p2a: Charming|Spirit Break|p1b: Pelipper\n|-damage|p1b: Pelipper|54\/100\n|-unboost|p1b: Pelipper|spa|1\n|\n|-fieldend|move: Trick Room\n|upkeep\n|\n|t:|1737779432\n|switch|p1a: Urshifu|Urshifu-Rapid-Strike, L50, F|100\/100\n|turn|7\n|\n|t:|1737779451\n|move|p2a: Charming|Protect|p2a: Charming\n|-singleturn|p2a: Charming|Protect\n|move|p1a: Urshifu|Surging Strikes|p2a: Charming\n|-activate|p2a: Charming|move: Protect\n|move|p1b: Pelipper|Hurricane|p2b: Mr. Gassy\n|-damage|p2b: Mr. Gassy|62\/100\n|-start|p2b: Mr. Gassy|confusion\n|-activate|p2b: Mr. Gassy|confusion\n|move|p2b: Mr. Gassy|Sludge Bomb|p1a: Urshifu\n|-damage|p1a: Urshifu|59\/100\n|\n|upkeep\n|turn|8\n|\n|t:|1737779467\n|-end|p2b: Mr. Gassy|ability: Neutralizing Gas\n|-weather|RainDance|[from] ability: Drizzle|[of] p1b: Pelipper\n|switch|p2b: Duncan|Calyrex-Shadow, L50|20\/100\n|-enditem|p2a: Charming|Booster Energy\n|-activate|p2a: Charming|ability: Quark Drive|[fromitem]\n|-start|p2a: Charming|quarkdrivespe\n|-ability|p2b: Duncan|As One\n|-ability|p2b: Duncan|Unnerve\n|move|p2a: Charming|Spirit Break|p1a: Urshifu\n|-supereffective|p1a: Urshifu\n|-damage|p1a: Urshifu|0 fnt\n|faint|p1a: Urshifu\n|move|p1b: Pelipper|Hurricane|p2b: Duncan\n|-damage|p2b: Duncan|0 fnt\n|faint|p2b: Duncan\n|\n|-weather|RainDance|[upkeep]\n|upkeep\n|\n|t:|1737779481\n|switch|p2b: Mr. Gassy|Weezing-Galar, L50, M|62\/100\n|-ability|p2b: Mr. Gassy|Neutralizing Gas\n|turn|9\n|\n|t:|1737779484\n|move|p2a: Charming|Spirit Break|p1b: Pelipper\n|-damage|p1b: Pelipper|6\/100\n|-unboost|p1b: Pelipper|spa|1\n|-enditem|p1b: Pelipper|Sitrus Berry|[eat]\n|-heal|p1b: Pelipper|30\/100|[from] item: Sitrus Berry\n|move|p1b: Pelipper|Weather Ball|p2b: Mr. Gassy\n|-damage|p2b: Mr. Gassy|34\/100\n|-enditem|p2b: Mr. Gassy|Sitrus Berry|[eat]\n|-heal|p2b: Mr. Gassy|58\/100|[from] item: Sitrus Berry\n|move|p2b: Mr. Gassy|Sludge Bomb|p1b: Pelipper\n|-damage|p1b: Pelipper|0 fnt\n|faint|p1b: Pelipper\n|\n|win|infinitygroudon\n|raw|SERENA2024's rating: 1577 &rarr; <strong>1565<\/strong><br \/>(-12 for losing)\n|raw|infinitygroudon's rating: 1731 &rarr; <strong>1743<\/strong><br \/>(+12 for winning)\n|l|\u2606SERENA2024\n|player|p1|\n|l|\u2606infinitygroudon\n|player|p2|\n|l| jdarcan\n","uploadtime":1737779679,"views":7,"formatid":"gen9vgc2025regg","rating":1565,"private":0,"password":null}