{"id":"gen9vgc2025regg-2287797090","format":"[Gen 9] VGC 2025 Reg G","players":["something123","infinitygroudon"],"log":"|j|\u2606something123\n|j|\u2606infinitygroudon\n|t:|1737783181\n|gametype|doubles\n|player|p1|something123|101|1714\n|player|p2|infinitygroudon|1|1706\n|teamsize|p1|6\n|teamsize|p2|6\n|gen|9\n|tier|[Gen 9] VGC 2025 Reg G\n|rated|\n|rule|Species Clause: Limit one of each Pok\u00e9mon\n|rule|Item Clause: Limit 1 of each item\n|clearpoke\n|poke|p1|Farigiraf, L50, F|\n|poke|p1|Landorus, L50, M|\n|poke|p1|Calyrex-Ice, L50|\n|poke|p1|Ogerpon-Cornerstone, L50, F|\n|poke|p1|Urshifu-*, L50, M|\n|poke|p1|Regieleki, L50|\n|poke|p2|Calyrex-Shadow, L50|\n|poke|p2|Incineroar, L50, M|\n|poke|p2|Weezing-Galar, L50, M|\n|poke|p2|Indeedee-F, L50, F|\n|poke|p2|Iron Valiant, L50|\n|poke|p2|Ursaluna-Bloodmoon, L50, M|\n|teampreview|4\n|j| they34\n|inactive|Battle timer is ON: inactive players will automatically lose when time's up. (requested by something123)\n|\n|t:|1737783207\n|start\n|switch|p1a: Regieleki|Regieleki, L50|100\/100\n|switch|p1b: Landorus|Landorus, L50, M|100\/100\n|switch|p2a: Duncan|Calyrex-Shadow, L50|100\/100\n|switch|p2b: Mr. Grizz|Ursaluna-Bloodmoon, L50, M|100\/100\n|-ability|p2a: Duncan|As One\n|-ability|p2a: Duncan|Unnerve\n|turn|1\n|\n|t:|1737783219\n|move|p1a: Regieleki|Protect|p1a: Regieleki\n|-singleturn|p1a: Regieleki|Protect\n|move|p2a: Duncan|Protect|p2a: Duncan\n|-singleturn|p2a: Duncan|Protect\n|move|p1b: Landorus|Protect|p1b: Landorus\n|-singleturn|p1b: Landorus|Protect\n|move|p2b: Mr. Grizz|Blood Moon|p1b: Landorus\n|-activate|p1b: Landorus|move: Protect\n|\n|upkeep\n|turn|2\n|\n|t:|1737783235\n|switch|p2a: Suthen|Indeedee-F, L50, F|100\/100\n|-fieldstart|move: Psychic Terrain|[from] ability: Psychic Surge|[of] p2a: Suthen\n|move|p1a: Regieleki|Electroweb|p2a: Suthen|[spread] p2a\n|-immune|p2b: Mr. Grizz\n|-damage|p2a: Suthen|80\/100\n|-unboost|p2a: Suthen|spe|1\n|move|p1b: Landorus|Sandsear Storm|p2b: Mr. Grizz|[spread] p2a,p2b\n|-crit|p2b: Mr. Grizz\n|-damage|p2a: Suthen|26\/100\n|-damage|p2b: Mr. Grizz|47\/100\n|move|p2b: Mr. Grizz|Hyper Voice|p1b: Landorus|[spread] p1a,p1b\n|-damage|p1a: Regieleki|31\/100\n|-damage|p1b: Landorus|57\/100\n|\n|upkeep\n|turn|3\n|inactive|something123 has 30 seconds left.\n|\n|t:|1737783265\n|move|p2a: Suthen|Follow Me|p2a: Suthen\n|-singleturn|p2a: Suthen|move: Follow Me\n|move|p1a: Regieleki|Electroweb|p2b: Mr. Grizz|[spread] p2a\n|-immune|p2b: Mr. Grizz\n|-damage|p2a: Suthen|4\/100\n|-unboost|p2a: Suthen|spe|1\n|move|p1b: Landorus|Sandsear Storm|p2b: Mr. Grizz|[spread] p2a,p2b\n|-damage|p2a: Suthen|0 fnt\n|-damage|p2b: Mr. Grizz|9\/100\n|faint|p2a: Suthen\n|move|p2b: Mr. Grizz|Hyper Voice|p1b: Landorus|[spread] p1a,p1b\n|-damage|p1a: Regieleki|0 fnt\n|-damage|p1b: Landorus|18\/100\n|faint|p1a: Regieleki\n|\n|upkeep\n|c|\u2606something123|Oh I did not see crit\n|inactive|something123 has 30 seconds left.\n|\n|t:|1737783296\n|switch|p1a: Farigiraf|Farigiraf, L50, F|100\/100\n|switch|p2a: Duncan|Calyrex-Shadow, L50|100\/100\n|-ability|p2a: Duncan|As One\n|-ability|p2a: Duncan|Unnerve\n|turn|4\n|inactive|something123 has 30 seconds left.\n|\n|t:|1737783324\n|-terastallize|p2b: Mr. Grizz|Normal\n|move|p2a: Duncan|Expanding Force|p1b: Landorus|[spread] p1a,p1b\n|-resisted|p1a: Farigiraf\n|-damage|p1a: Farigiraf|48\/100\n|-damage|p1b: Landorus|0 fnt\n|faint|p1b: Landorus\n|-ability|p2a: Duncan|Grim Neigh|boost\n|-boost|p2a: Duncan|spa|1\n|-damage|p2a: Duncan|91\/100|[from] item: Life Orb\n|move|p2b: Mr. Grizz|Blood Moon|p1a: Farigiraf\n|-damage|p1a: Farigiraf|0 fnt\n|faint|p1a: Farigiraf\n|\n|upkeep\n|\n|t:|1737783335\n|switch|p1b: Calyrex|Calyrex-Ice, L50|100\/100\n|-ability|p1b: Calyrex|As One\n|-ability|p1b: Calyrex|Unnerve\n|turn|5\n|\n|t:|1737783340\n|-terastallize|p1b: Calyrex|Water\n|move|p2a: Duncan|Astral Barrage|p1b: Calyrex\n|-damage|p1b: Calyrex|0 fnt\n|faint|p1b: Calyrex\n|-damage|p2a: Duncan|81\/100|[from] item: Life Orb\n|\n|win|infinitygroudon\n|raw|something123's rating: 1714 &rarr; <strong>1694<\/strong><br \/>(-20 for losing)\n|raw|infinitygroudon's rating: 1706 &rarr; <strong>1726<\/strong><br \/>(+20 for winning)\n|l|\u2606something123\n|player|p1|\n|l|\u2606infinitygroudon\n|player|p2|\n|l| they34\n","uploadtime":1737783604,"views":61,"formatid":"gen9vgc2025regg","rating":1694,"private":0,"password":null}