{"id":"gen9vgc2025regg-2287148473","format":"[Gen 9] VGC 2025 Reg G","players":["Hang-jama","badpiplupvgc"],"log":"|j|\u2606Hang-jama\n|j|\u2606badpiplupvgc\n|t:|1737698420\n|gametype|doubles\n|player|p1|Hang-jama|1|1540\n|player|p2|badpiplupvgc|170|1607\n|teamsize|p1|6\n|teamsize|p2|6\n|gen|9\n|tier|[Gen 9] VGC 2025 Reg G\n|rated|\n|rule|Species Clause: Limit one of each Pok\u00e9mon\n|rule|Item Clause: Limit 1 of each item\n|clearpoke\n|poke|p1|Kyogre, L50|\n|poke|p1|Tornadus, L50, M|\n|poke|p1|Urshifu-*, L50, M|\n|poke|p1|Rillaboom, L50, F|\n|poke|p1|Iron Hands, L50|\n|poke|p1|Flutter Mane, L50|\n|poke|p2|Calyrex-Ice, L50|\n|poke|p2|Amoonguss, L50, M|\n|poke|p2|Raging Bolt, L50|\n|poke|p2|Chi-Yu, L50|\n|poke|p2|Rillaboom, L50, F|\n|poke|p2|Urshifu-*, L50, M|\n|teampreview|4\n|inactive|Battle timer is ON: inactive players will automatically lose when time's up. (requested by Hang-jama)\n|j| Ho-no you don't\n|inactive|badpiplupvgc has 60 seconds left.\n|\n|t:|1737698484\n|start\n|switch|p1a: Kyogre|Kyogre, L50|100\/100\n|switch|p1b: Flutter Mane|Flutter Mane, L50|100\/100\n|switch|p2a: Rillaboom|Rillaboom, L50, F|100\/100\n|switch|p2b: Urshifu|Urshifu, L50, M|100\/100\n|-weather|RainDance|[from] ability: Drizzle|[of] p1a: Kyogre\n|-fieldstart|move: Grassy Terrain|[from] ability: Grassy Surge|[of] p2a: Rillaboom\n|-enditem|p1b: Flutter Mane|Booster Energy\n|-activate|p1b: Flutter Mane|ability: Protosynthesis|[fromitem]\n|-start|p1b: Flutter Mane|protosynthesisspe\n|turn|1\n|inactive|Hang-jama has 30 seconds left.\n|\n|t:|1737698515\n|switch|p1a: Iron Hands|Iron Hands, L50|100\/100\n|move|p2b: Urshifu|Detect|p2b: Urshifu\n|-singleturn|p2b: Urshifu|Protect\n|move|p1b: Flutter Mane|Moonblast|p2b: Urshifu\n|-activate|p2b: Urshifu|move: Protect\n|move|p2a: Rillaboom|Wood Hammer|p1b: Flutter Mane\n|-damage|p1b: Flutter Mane|0 fnt\n|faint|p1b: Flutter Mane\n|-end|p1b: Flutter Mane|Protosynthesis|[silent]\n|-damage|p2a: Rillaboom|76\/100|[from] Recoil\n|\n|-weather|RainDance|[upkeep]\n|-heal|p2a: Rillaboom|82\/100|[from] Grassy Terrain\n|upkeep\n|\n|t:|1737698531\n|switch|p1b: Kyogre|Kyogre, L50|100\/100\n|turn|2\n|\n|t:|1737698554\n|switch|p2b: Amoonguss|Amoonguss, L50, M|100\/100\n|-terastallize|p1b: Kyogre|Grass\n|move|p1a: Iron Hands|Fake Out|p2b: Amoonguss\n|-damage|p2b: Amoonguss|90\/100\n|-damage|p1a: Iron Hands|84\/100|[from] item: Rocky Helmet|[of] p2b: Amoonguss\n|move|p1b: Kyogre|Water Spout|p2a: Rillaboom|[spread] p2a,p2b\n|-resisted|p2a: Rillaboom\n|-resisted|p2b: Amoonguss\n|-damage|p2a: Rillaboom|31\/100\n|-damage|p2b: Amoonguss|14\/100\n|move|p2a: Rillaboom|Wood Hammer|p1b: Kyogre\n|-resisted|p1b: Kyogre\n|-damage|p1b: Kyogre|57\/100\n|-damage|p2a: Rillaboom|19\/100|[from] Recoil\n|\n|-weather|RainDance|[upkeep]\n|-heal|p1b: Kyogre|62\/100|[from] Grassy Terrain\n|-heal|p2a: Rillaboom|25\/100|[from] Grassy Terrain\n|-heal|p1a: Iron Hands|90\/100|[from] Grassy Terrain\n|-heal|p2b: Amoonguss|20\/100|[from] Grassy Terrain\n|upkeep\n|turn|3\n|inactive|badpiplupvgc has 30 seconds left.\n|inactive|badpiplupvgc has 20 seconds left.\n|\n|t:|1737698591\n|-end|p1a: Iron Hands|Quark Drive|[silent]\n|switch|p1a: Urshifu|Urshifu-Rapid-Strike, L50, M|100\/100\n|move|p2b: Amoonguss|Protect|p2b: Amoonguss\n|-singleturn|p2b: Amoonguss|Protect\n|move|p2a: Rillaboom|Grassy Glide|p1a: Urshifu\n|-supereffective|p1a: Urshifu\n|-damage|p1a: Urshifu|17\/100\n|move|p1b: Kyogre|Water Spout|p2b: Amoonguss|[spread] p2a\n|-activate|p2b: Amoonguss|move: Protect\n|-resisted|p2a: Rillaboom\n|-damage|p2a: Rillaboom|0 fnt\n|faint|p2a: Rillaboom\n|\n|-weather|RainDance|[upkeep]\n|-heal|p1a: Urshifu|23\/100|[from] Grassy Terrain\n|-heal|p1b: Kyogre|68\/100|[from] Grassy Terrain\n|-heal|p2b: Amoonguss|26\/100|[from] Grassy Terrain\n|upkeep\n|\n|t:|1737698608\n|switch|p2a: Calyrex|Calyrex-Ice, L50|100\/100\n|-ability|p2a: Calyrex|As One\n|-ability|p2a: Calyrex|Unnerve\n|turn|4\n|\n|t:|1737698620\n|switch|p1a: Iron Hands|Iron Hands, L50|90\/100\n|move|p2b: Amoonguss|Rage Powder|p2b: Amoonguss\n|-singleturn|p2b: Amoonguss|move: Rage Powder\n|move|p1b: Kyogre|Water Spout|p2b: Amoonguss|[spread] p2a,p2b\n|-resisted|p2b: Amoonguss\n|-damage|p2a: Calyrex|34\/100\n|-damage|p2b: Amoonguss|0 fnt\n|faint|p2b: Amoonguss\n|move|p2a: Calyrex|Glacial Lance|p1a: Iron Hands|[spread] p1a,p1b\n|-supereffective|p1b: Kyogre\n|-damage|p1a: Iron Hands|54\/100\n|-damage|p1b: Kyogre|0 fnt\n|faint|p1b: Kyogre\n|-ability|p2a: Calyrex|Chilling Neigh|boost\n|-boost|p2a: Calyrex|atk|1\n|\n|-weather|RainDance|[upkeep]\n|-heal|p1a: Iron Hands|60\/100|[from] Grassy Terrain\n|-heal|p2a: Calyrex|40\/100|[from] Grassy Terrain\n|upkeep\n|\n|t:|1737698638\n|switch|p1b: Urshifu|Urshifu-Rapid-Strike, L50, M|23\/100\n|switch|p2b: Urshifu|Urshifu, L50, M|100\/100\n|turn|5\n|inactive|badpiplupvgc has 30 seconds left.\n|\n|t:|1737698672\n|move|p1a: Iron Hands|Fake Out|p2b: Urshifu\n|-damage|p2b: Urshifu|85\/100\n|move|p1b: Urshifu|Surging Strikes|p2a: Calyrex\n|-crit|p2a: Calyrex\n|-damage|p2a: Calyrex|20\/100\n|-crit|p2a: Calyrex\n|-damage|p2a: Calyrex|1\/100\n|-crit|p2a: Calyrex\n|-damage|p2a: Calyrex|0 fnt\n|faint|p2a: Calyrex\n|-hitcount|p2: Calyrex|3\n|cant|p2b: Urshifu|flinch\n|\n|-weather|none\n|-heal|p1b: Urshifu|29\/100|[from] Grassy Terrain\n|-heal|p2b: Urshifu|91\/100|[from] Grassy Terrain\n|-heal|p1a: Iron Hands|66\/100|[from] Grassy Terrain\n|-fieldend|move: Grassy Terrain\n|upkeep\n|turn|6\n|\n|t:|1737698692\n|move|p1b: Urshifu|Surging Strikes|p2b: Urshifu\n|-crit|p2b: Urshifu\n|-damage|p2b: Urshifu|68\/100\n|-crit|p2b: Urshifu\n|-damage|p2b: Urshifu|46\/100\n|-crit|p2b: Urshifu\n|-damage|p2b: Urshifu|26\/100\n|-hitcount|p2b: Urshifu|3\n|move|p2b: Urshifu|Close Combat|p1a: Iron Hands\n|-damage|p1a: Iron Hands|18\/100\n|-unboost|p2b: Urshifu|def|1\n|-unboost|p2b: Urshifu|spd|1\n|move|p1a: Iron Hands|Drain Punch|p2b: Urshifu\n|-supereffective|p2b: Urshifu\n|-damage|p2b: Urshifu|0 fnt\n|-heal|p1a: Iron Hands|28\/100|[from] drain|[of] p2b: Urshifu\n|faint|p2b: Urshifu\n|\n|win|Hang-jama\n|raw|Hang-jama's rating: 1540 &rarr; <strong>1564<\/strong><br \/>(+24 for winning)\n|raw|badpiplupvgc's rating: 1607 &rarr; <strong>1583<\/strong><br \/>(-24 for losing)\n|l|\u2606badpiplupvgc\n|player|p2|\n|l| Ho-no you don't\n|l|\u2606Hang-jama\n|player|p1|\n","uploadtime":1737698902,"views":6,"formatid":"gen9vgc2025regg","rating":1564,"private":0,"password":null}