{"id":"gen9vgc2025regg-2287634682","format":"[Gen 9] VGC 2025 Reg G","players":["Cammyrupt13","Zakmancho"],"log":"|j|\u2606Cammyrupt13\n|j|\u2606Zakmancho\n|t:|1737760128\n|gametype|doubles\n|player|p1|Cammyrupt13|ballguy|1575\n|player|p2|Zakmancho|2|1647\n|teamsize|p1|6\n|teamsize|p2|6\n|gen|9\n|tier|[Gen 9] VGC 2025 Reg G\n|rated|\n|rule|Species Clause: Limit one of each Pok\u00e9mon\n|rule|Item Clause: Limit 1 of each item\n|clearpoke\n|poke|p1|Kyogre, L50|\n|poke|p1|Rillaboom, L50, M|\n|poke|p1|Incineroar, L50, F|\n|poke|p1|Volcarona, L50, F|\n|poke|p1|Raging Bolt, L50|\n|poke|p1|Landorus, L50, M|\n|poke|p2|Calyrex-Ice, L50|\n|poke|p2|Raging Bolt, L50|\n|poke|p2|Flutter Mane, L50|\n|poke|p2|Urshifu-*, L50, M|\n|poke|p2|Murkrow, L50, M|\n|poke|p2|Ogerpon-Cornerstone, L50, F|\n|teampreview|4\n|inactive|Battle timer is ON: inactive players will automatically lose when time's up. (requested by Zakmancho)\n|\n|t:|1737760155\n|start\n|switch|p1a: Volcarona|Volcarona, L50, F|100\/100\n|switch|p1b: Incineroar|Incineroar, L50, F, shiny|100\/100\n|switch|p2a: Murkrow|Murkrow, L50, M|100\/100\n|switch|p2b: Raging Bolt|Raging Bolt, L50|100\/100\n|-ability|p1b: Incineroar|Intimidate|boost\n|-unboost|p2a: Murkrow|atk|1\n|-unboost|p2b: Raging Bolt|atk|1\n|turn|1\n|j| brrkz\n|\n|t:|1737760169\n|move|p2a: Murkrow|Thunder Wave|p1a: Volcarona\n|-status|p1a: Volcarona|par\n|move|p2b: Raging Bolt|Thunderbolt|p1b: Incineroar\n|-crit|p1b: Incineroar\n|-damage|p1b: Incineroar|16\/100\n|-damage|p2b: Raging Bolt|91\/100|[from] item: Life Orb\n|move|p1b: Incineroar|Knock Off|p2a: Murkrow\n|-resisted|p2a: Murkrow\n|-damage|p2a: Murkrow|77\/100\n|-enditem|p2a: Murkrow|Eviolite|[from] move: Knock Off|[of] p1b: Incineroar\n|move|p1a: Volcarona|Struggle Bug|p2b: Raging Bolt|[spread] p2a,p2b\n|-damage|p2a: Murkrow|53\/100\n|-damage|p2b: Raging Bolt|75\/100\n|-unboost|p2a: Murkrow|spa|1\n|-unboost|p2b: Raging Bolt|spa|1\n|\n|upkeep\n|turn|2\n|inactive|Zakmancho has 30 seconds left.\n|\n|t:|1737760200\n|move|p2b: Raging Bolt|Thunderbolt|p1a: Volcarona\n|-damage|p1a: Volcarona|66\/100 par\n|-damage|p2b: Raging Bolt|65\/100|[from] item: Life Orb\n|move|p2a: Murkrow|Foul Play|p1b: Incineroar\n|-resisted|p1b: Incineroar\n|-damage|p1b: Incineroar|0 fnt\n|faint|p1b: Incineroar\n|move|p1a: Volcarona|Struggle Bug|p2a: Murkrow|[spread] p2a,p2b\n|-damage|p2a: Murkrow|29\/100\n|-damage|p2b: Raging Bolt|49\/100\n|-unboost|p2a: Murkrow|spa|1\n|-unboost|p2b: Raging Bolt|spa|1\n|\n|upkeep\n|\n|t:|1737760217\n|switch|p1b: Rillaboom|Rillaboom, L50, M, shiny|100\/100\n|-fieldstart|move: Grassy Terrain|[from] ability: Grassy Surge|[of] p1b: Rillaboom\n|turn|3\n|\n|t:|1737760238\n|move|p1b: Rillaboom|Fake Out|p2a: Murkrow\n|-damage|p2a: Murkrow|2\/100\n|cant|p2a: Murkrow|flinch\n|move|p2b: Raging Bolt|Draco Meteor|p1b: Rillaboom\n|-damage|p1b: Rillaboom|64\/100\n|-unboost|p2b: Raging Bolt|spa|2\n|-damage|p2b: Raging Bolt|40\/100|[from] item: Life Orb\n|move|p1a: Volcarona|Struggle Bug|p2b: Raging Bolt|[spread] p2a,p2b\n|-damage|p2a: Murkrow|0 fnt\n|-damage|p2b: Raging Bolt|23\/100\n|-unboost|p2b: Raging Bolt|spa|1\n|faint|p2a: Murkrow\n|\n|-heal|p1b: Rillaboom|70\/100|[from] Grassy Terrain\n|-heal|p2b: Raging Bolt|29\/100|[from] Grassy Terrain\n|-heal|p1a: Volcarona|72\/100 par|[from] Grassy Terrain\n|upkeep\n|\n|t:|1737760251\n|switch|p2a: Calyrex|Calyrex-Ice, L50|100\/100\n|-ability|p2a: Calyrex|As One\n|-ability|p2a: Calyrex|Unnerve\n|turn|4\n|\n|t:|1737760272\n|-terastallize|p1b: Rillaboom|Water\n|move|p1b: Rillaboom|U-turn|p2b: Raging Bolt\n|-damage|p2b: Raging Bolt|6\/100\n|\n|t:|1737760275\n|switch|p1b: Kyogre|Kyogre, L50|100\/100|[from] U-turn\n|-weather|RainDance|[from] ability: Drizzle|[of] p1b: Kyogre\n|move|p2b: Raging Bolt|Draco Meteor|p1a: Volcarona\n|-damage|p1a: Volcarona|47\/100 par\n|-unboost|p2b: Raging Bolt|spa|1\n|-damage|p2b: Raging Bolt|0 fnt|[from] item: Life Orb\n|faint|p2b: Raging Bolt\n|-end|p2b: Raging Bolt|Protosynthesis|[silent]\n|move|p2a: Calyrex|Glacial Lance|p1a: Volcarona|[spread] p1a,p1b\n|-resisted|p1a: Volcarona\n|-resisted|p1b: Kyogre\n|-damage|p1a: Volcarona|15\/100 par\n|-damage|p1b: Kyogre|73\/100\n|move|p1a: Volcarona|Will-O-Wisp|p2a: Calyrex\n|-status|p2a: Calyrex|brn\n|\n|-weather|RainDance|[upkeep]\n|-heal|p1b: Kyogre|79\/100|[from] Grassy Terrain\n|-heal|p1a: Volcarona|21\/100 par|[from] Grassy Terrain\n|-damage|p2a: Calyrex|94\/100 brn|[from] brn\n|upkeep\n|\n|t:|1737760293\n|switch|p2b: Ogerpon|Ogerpon-Cornerstone, L50, F|100\/100\n|turn|5\n|\n|t:|1737760304\n|switch|p1b: Rillaboom|Rillaboom, L50, M, shiny, tera:Water|70\/100\n|move|p2b: Ogerpon|Power Whip|p1b: Rillaboom\n|-supereffective|p1b: Rillaboom\n|-damage|p1b: Rillaboom|0 fnt\n|faint|p1b: Rillaboom\n|move|p2a: Calyrex|High Horsepower|p1a: Volcarona\n|-damage|p1a: Volcarona|0 fnt\n|-damage|p2a: Calyrex|78\/100 brn|[from] item: Rocky Helmet|[of] p1a: Volcarona\n|faint|p1a: Volcarona\n|-ability|p2a: Calyrex|Chilling Neigh|boost\n|-boost|p2a: Calyrex|atk|1\n|\n|-weather|RainDance|[upkeep]\n|-heal|p2a: Calyrex|84\/100 brn|[from] Grassy Terrain\n|-damage|p2a: Calyrex|78\/100 brn|[from] brn\n|upkeep\n|\n|t:|1737760310\n|switch|p1a: Kyogre|Kyogre, L50|79\/100\n|turn|6\n|\n|t:|1737760322\n|move|p2b: Ogerpon|Power Whip|p1a: Kyogre|[miss]\n|-miss|p2b: Ogerpon|p1a: Kyogre\n|move|p1a: Kyogre|Origin Pulse|p2b: Ogerpon|[spread] p2a,p2b\n|-damage|p2a: Calyrex|3\/100 brn\n|-ability|p2b: Ogerpon|Sturdy\n|-damage|p2b: Ogerpon|1\/100\n|move|p2a: Calyrex|Crunch|p1a: Kyogre\n|-damage|p1a: Kyogre|57\/100\n|\n|-weather|RainDance|[upkeep]\n|-heal|p2b: Ogerpon|7\/100|[from] Grassy Terrain\n|-heal|p1a: Kyogre|63\/100|[from] Grassy Terrain\n|-heal|p2a: Calyrex|9\/100 brn|[from] Grassy Terrain\n|-damage|p2a: Calyrex|3\/100 brn|[from] brn\n|upkeep\n|turn|7\n|\n|t:|1737760332\n|move|p2b: Ogerpon|Power Whip|p1a: Kyogre\n|-supereffective|p1a: Kyogre\n|-damage|p1a: Kyogre|0 fnt\n|faint|p1a: Kyogre\n|\n|win|Zakmancho\n|raw|Cammyrupt13's rating: 1575 &rarr; <strong>1559<\/strong><br \/>(-16 for losing)\n|raw|Zakmancho's rating: 1647 &rarr; <strong>1663<\/strong><br \/>(+16 for winning)\n|l|\u2606Cammyrupt13\n|player|p1|\n|l|\u2606Zakmancho\n|player|p2|\n|l| brrkz\n","uploadtime":1737760505,"views":3,"formatid":"gen9vgc2025regg","rating":1559,"private":0,"password":null}