{"id":"gen9vgc2025regg-2287499524","format":"[Gen 9] VGC 2025 Reg G","players":["dinglustan","boby maltezer"],"log":"|j|\u2606dinglustan\n|j|\u2606boby maltezer\n|t:|1737745414\n|gametype|doubles\n|player|p1|dinglustan|101|1531\n|player|p2|boby maltezer|169|1589\n|teamsize|p1|6\n|teamsize|p2|6\n|gen|9\n|tier|[Gen 9] VGC 2025 Reg G\n|rated|\n|rule|Species Clause: Limit one of each Pok\u00e9mon\n|rule|Item Clause: Limit 1 of each item\n|clearpoke\n|poke|p1|Groudon, L50|\n|poke|p1|Rillaboom, L50, M|\n|poke|p1|Walking Wake, L50|\n|poke|p1|Gouging Fire, L50|\n|poke|p1|Grimmsnarl, L50, M|\n|poke|p1|Spectrier, L50|\n|poke|p2|Zamazenta-*, L50|\n|poke|p2|Flutter Mane, L50|\n|poke|p2|Rillaboom, L50, M|\n|poke|p2|Latios, L50, M|\n|poke|p2|Tyranitar, L50, M|\n|poke|p2|Landorus, L50, M|\n|teampreview|4\n|inactive|Battle timer is ON: inactive players will automatically lose when time's up. (requested by dinglustan)\n|inactive|boby maltezer has 60 seconds left.\n|\n|t:|1737745454\n|start\n|switch|p1a: Grimmsnarl|Grimmsnarl, L50, M|100\/100\n|switch|p1b: Spectrier|Spectrier, L50|100\/100\n|switch|p2a: Zamazenta|Zamazenta-Crowned, L50|100\/100\n|switch|p2b: Tyranitar|Tyranitar, L50, M|100\/100\n|-ability|p2a: Zamazenta|Dauntless Shield|boost\n|-boost|p2a: Zamazenta|def|1\n|-weather|Sandstorm|[from] ability: Sand Stream|[of] p2b: Tyranitar\n|turn|1\n|inactive|dinglustan has 30 seconds left.\n|\n|t:|1737745480\n|-terastallize|p1b: Spectrier|Fairy\n|move|p1a: Grimmsnarl|Reflect|p1a: Grimmsnarl\n|-sidestart|p1: dinglustan|Reflect\n|move|p1b: Spectrier|Will-O-Wisp|p2a: Zamazenta\n|-status|p2a: Zamazenta|brn\n|move|p2a: Zamazenta|Heavy Slam|p1a: Grimmsnarl\n|-supereffective|p1a: Grimmsnarl\n|-damage|p1a: Grimmsnarl|71\/100\n|move|p2b: Tyranitar|Knock Off|p1b: Spectrier\n|-resisted|p1b: Spectrier\n|-damage|p1b: Spectrier|79\/100\n|-enditem|p1b: Spectrier|Throat Spray|[from] move: Knock Off|[of] p2b: Tyranitar\n|\n|-weather|Sandstorm|[upkeep]\n|-damage|p1b: Spectrier|73\/100|[from] Sandstorm\n|-damage|p1a: Grimmsnarl|65\/100|[from] Sandstorm\n|-damage|p2a: Zamazenta|94\/100 brn|[from] brn\n|upkeep\n|turn|2\n|\n|t:|1737745497\n|move|p1a: Grimmsnarl|Light Screen|p1a: Grimmsnarl\n|-sidestart|p1: dinglustan|move: Light Screen\n|move|p1b: Spectrier|Will-O-Wisp|p2b: Tyranitar\n|-status|p2b: Tyranitar|brn\n|move|p2a: Zamazenta|Heavy Slam|p1a: Grimmsnarl\n|-supereffective|p1a: Grimmsnarl\n|-damage|p1a: Grimmsnarl|32\/100\n|move|p2b: Tyranitar|Rock Slide|p1a: Grimmsnarl|[spread] p1a,p1b\n|-damage|p1a: Grimmsnarl|22\/100\n|-damage|p1b: Spectrier|62\/100\n|\n|-weather|Sandstorm|[upkeep]\n|-damage|p1b: Spectrier|57\/100|[from] Sandstorm\n|-damage|p1a: Grimmsnarl|16\/100|[from] Sandstorm\n|-damage|p2a: Zamazenta|88\/100 brn|[from] brn\n|-damage|p2b: Tyranitar|94\/100 brn|[from] brn\n|upkeep\n|turn|3\n|\n|t:|1737745513\n|move|p1b: Spectrier|Draining Kiss|p2a: Zamazenta\n|-damage|p2a: Zamazenta|66\/100 brn\n|-heal|p1b: Spectrier|71\/100|[from] drain|[of] p2a: Zamazenta\n|move|p2a: Zamazenta|Heavy Slam|p1b: Spectrier\n|-supereffective|p1b: Spectrier\n|-damage|p1b: Spectrier|38\/100\n|move|p2b: Tyranitar|Rock Slide|p1b: Spectrier|[spread] p1a,p1b\n|-damage|p1a: Grimmsnarl|6\/100\n|-damage|p1b: Spectrier|27\/100\n|move|p1a: Grimmsnarl|Spirit Break|p2b: Tyranitar\n|-supereffective|p2b: Tyranitar\n|-damage|p2b: Tyranitar|36\/100 brn\n|-unboost|p2b: Tyranitar|spa|1\n|\n|-weather|Sandstorm|[upkeep]\n|-damage|p1b: Spectrier|21\/100|[from] Sandstorm\n|-damage|p1a: Grimmsnarl|0 fnt|[from] Sandstorm\n|faint|p1a: Grimmsnarl\n|-damage|p2a: Zamazenta|60\/100 brn|[from] brn\n|-damage|p2b: Tyranitar|30\/100 brn|[from] brn\n|upkeep\n|\n|t:|1737745522\n|switch|p1a: Groudon|Groudon, L50|100\/100\n|-weather|SunnyDay|[from] ability: Drought|[of] p1a: Groudon\n|turn|4\n|\n|t:|1737745540\n|switch|p2b: Rillaboom|Rillaboom, L50, M|100\/100\n|-fieldstart|move: Grassy Terrain|[from] ability: Grassy Surge|[of] p2b: Rillaboom\n|move|p1b: Spectrier|Draining Kiss|p2b: Rillaboom\n|-damage|p2b: Rillaboom|64\/100\n|-heal|p1b: Spectrier|46\/100|[from] drain|[of] p2b: Rillaboom\n|move|p2a: Zamazenta|Heavy Slam|p1b: Spectrier\n|-supereffective|p1b: Spectrier\n|-damage|p1b: Spectrier|13\/100\n|move|p1a: Groudon|Precipice Blades|p2a: Zamazenta|[spread] p2a,p2b\n|-supereffective|p2a: Zamazenta\n|-resisted|p2b: Rillaboom\n|-damage|p2a: Zamazenta|21\/100 brn\n|-damage|p2b: Rillaboom|38\/100\n|\n|-weather|SunnyDay|[upkeep]\n|-heal|p1b: Spectrier|19\/100|[from] Grassy Terrain\n|-heal|p2a: Zamazenta|27\/100 brn|[from] Grassy Terrain\n|-heal|p2b: Rillaboom|44\/100|[from] Grassy Terrain\n|-damage|p2a: Zamazenta|21\/100 brn|[from] brn\n|upkeep\n|turn|5\n|j| Hulk Leg Drop\n|inactive|boby maltezer has 30 seconds left.\n|\n|t:|1737745569\n|switch|p1a: Gouging Fire|Gouging Fire, L50|100\/100\n|-activate|p1a: Gouging Fire|ability: Protosynthesis\n|-start|p1a: Gouging Fire|protosynthesisspe\n|move|p2a: Zamazenta|Protect|p2a: Zamazenta\n|-singleturn|p2a: Zamazenta|Protect\n|move|p2b: Rillaboom|Protect|p2b: Rillaboom\n|-singleturn|p2b: Rillaboom|Protect\n|move|p1b: Spectrier|Draining Kiss|p2a: Zamazenta\n|-activate|p2a: Zamazenta|move: Protect\n|\n|-weather|SunnyDay|[upkeep]\n|-heal|p1b: Spectrier|24\/100|[from] Grassy Terrain\n|-heal|p2a: Zamazenta|27\/100 brn|[from] Grassy Terrain\n|-heal|p2b: Rillaboom|50\/100|[from] Grassy Terrain\n|-damage|p2a: Zamazenta|21\/100 brn|[from] brn\n|upkeep\n|turn|6\n|inactive|boby maltezer has 30 seconds left.\n|\n|t:|1737745600\n|move|p2b: Rillaboom|Grassy Glide|p1b: Spectrier\n|-damage|p1b: Spectrier|0 fnt\n|faint|p1b: Spectrier\n|move|p1a: Gouging Fire|Flame Charge|p2b: Rillaboom\n|-supereffective|p2b: Rillaboom\n|-damage|p2b: Rillaboom|0 fnt\n|-boost|p1a: Gouging Fire|spe|1\n|faint|p2b: Rillaboom\n|move|p2a: Zamazenta|Body Press|p1a: Gouging Fire\n|-damage|p1a: Gouging Fire|82\/100\n|\n|-weather|SunnyDay|[upkeep]\n|-heal|p1a: Gouging Fire|88\/100|[from] Grassy Terrain\n|-heal|p2a: Zamazenta|27\/100 brn|[from] Grassy Terrain\n|-damage|p2a: Zamazenta|21\/100 brn|[from] brn\n|upkeep\n|\n|t:|1737745623\n|switch|p1b: Groudon|Groudon, L50|100\/100\n|switch|p2b: Tyranitar|Tyranitar, L50, M|30\/100 brn\n|-weather|Sandstorm|[from] ability: Sand Stream|[of] p2b: Tyranitar\n|-end|p1a: Gouging Fire|Protosynthesis\n|-weather|SunnyDay|[from] ability: Drought|[of] p1b: Groudon\n|-activate|p1a: Gouging Fire|ability: Protosynthesis\n|-start|p1a: Gouging Fire|protosynthesisspe\n|turn|7\n|\n|t:|1737745648\n|move|p2a: Zamazenta|Wide Guard|p2a: Zamazenta\n|-singleturn|p2a: Zamazenta|Wide Guard\n|move|p1a: Gouging Fire|Howl|p1a: Gouging Fire|[spread] p1a,p1b\n|-boost|p1a: Gouging Fire|atk|1\n|-boost|p1b: Groudon|atk|1\n|move|p2b: Tyranitar|Rock Slide|p1b: Groudon|[spread] p1a,p1b\n|-supereffective|p1a: Gouging Fire\n|-resisted|p1b: Groudon\n|-damage|p1a: Gouging Fire|70\/100\n|-damage|p1b: Groudon|97\/100\n|move|p1b: Groudon|Precipice Blades|p2a: Zamazenta|[spread] \n|-activate|p2a: Zamazenta|move: Wide Guard\n|-activate|p2b: Tyranitar|move: Wide Guard\n|\n|-weather|SunnyDay|[upkeep]\n|-heal|p1a: Gouging Fire|76\/100|[from] Grassy Terrain\n|-heal|p2a: Zamazenta|27\/100 brn|[from] Grassy Terrain\n|-heal|p2b: Tyranitar|36\/100 brn|[from] Grassy Terrain\n|-heal|p1b: Groudon|100\/100|[from] Grassy Terrain\n|-damage|p2a: Zamazenta|21\/100 brn|[from] brn\n|-damage|p2b: Tyranitar|30\/100 brn|[from] brn\n|upkeep\n|turn|8\n|\n|t:|1737745672\n|move|p2a: Zamazenta|Protect|p2a: Zamazenta\n|-singleturn|p2a: Zamazenta|Protect\n|move|p2b: Tyranitar|Protect|p2b: Tyranitar\n|-singleturn|p2b: Tyranitar|Protect\n|move|p1a: Gouging Fire|Morning Sun|p1a: Gouging Fire\n|-heal|p1a: Gouging Fire|100\/100\n|move|p1b: Groudon|Fire Punch|p2a: Zamazenta\n|-activate|p2a: Zamazenta|move: Protect\n|\n|-weather|SunnyDay|[upkeep]\n|-heal|p2a: Zamazenta|27\/100 brn|[from] Grassy Terrain\n|-heal|p2b: Tyranitar|36\/100 brn|[from] Grassy Terrain\n|-damage|p2a: Zamazenta|21\/100 brn|[from] brn\n|-damage|p2b: Tyranitar|30\/100 brn|[from] brn\n|-sideend|p1: dinglustan|Reflect\n|-fieldend|move: Grassy Terrain\n|upkeep\n|turn|9\n|inactive|boby maltezer has 30 seconds left.\n|\n|t:|1737745701\n|move|p2a: Zamazenta|Wide Guard|p2a: Zamazenta\n|-singleturn|p2a: Zamazenta|Wide Guard\n|move|p1a: Gouging Fire|Flame Charge|p2a: Zamazenta\n|-supereffective|p2a: Zamazenta\n|-damage|p2a: Zamazenta|0 fnt\n|-boost|p1a: Gouging Fire|spe|1\n|faint|p2a: Zamazenta\n|move|p2b: Tyranitar|Rock Slide|p1a: Gouging Fire|[spread] p1a,p1b\n|-supereffective|p1a: Gouging Fire\n|-resisted|p1b: Groudon\n|-damage|p1a: Gouging Fire|76\/100\n|-damage|p1b: Groudon|95\/100\n|move|p1b: Groudon|Precipice Blades|p2b: Tyranitar\n|-activate|p2b: Tyranitar|move: Wide Guard\n|\n|-weather|SunnyDay|[upkeep]\n|-damage|p2b: Tyranitar|24\/100 brn|[from] brn\n|-sideend|p1: dinglustan|move: Light Screen\n|upkeep\n|\n|t:|1737745716\n|switch|p2a: Latios|Latios, L50, M|100\/100\n|turn|10\n|\n|t:|1737745731\n|move|p1a: Gouging Fire|Breaking Swipe|p2b: Tyranitar|[spread] p2a,p2b\n|-supereffective|p2a: Latios\n|-damage|p2a: Latios|23\/100\n|-damage|p2b: Tyranitar|0 fnt\n|-unboost|p2a: Latios|atk|1\n|faint|p2b: Tyranitar\n|move|p2a: Latios|Luster Purge|p1a: Gouging Fire\n|-damage|p1a: Gouging Fire|28\/100\n|move|p1b: Groudon|Rock Slide|p2a: Latios\n|-damage|p2a: Latios|0 fnt\n|faint|p2a: Latios\n|\n|win|dinglustan\n|raw|dinglustan's rating: 1531 &rarr; <strong>1554<\/strong><br \/>(+23 for winning)\n|raw|boby maltezer's rating: 1589 &rarr; <strong>1566<\/strong><br \/>(-23 for losing)\n|l|\u2606boby maltezer\n|player|p2|\n|l| Hulk Leg Drop\n|l|\u2606dinglustan\n|player|p1|\n","uploadtime":1737745949,"views":35,"formatid":"gen9vgc2025regg","rating":1554,"private":0,"password":null}