{"id":"gen9vgc2025regg-2287492434","format":"[Gen 9] VGC 2025 Reg G","players":["boby maltezer","Acblade"],"log":"|j|\u2606boby maltezer\n|j|\u2606Acblade\n|t:|1737744719\n|gametype|doubles\n|player|p1|boby maltezer|169|1531\n|player|p2|Acblade|lucas|1686\n|teamsize|p1|6\n|teamsize|p2|6\n|gen|9\n|tier|[Gen 9] VGC 2025 Reg G\n|rated|\n|rule|Species Clause: Limit one of each Pok\u00e9mon\n|rule|Item Clause: Limit 1 of each item\n|clearpoke\n|poke|p1|Zamazenta-*, L50|\n|poke|p1|Flutter Mane, L50|\n|poke|p1|Rillaboom, L50, M|\n|poke|p1|Latios, L50, M|\n|poke|p1|Tyranitar, L50, F|\n|poke|p1|Landorus, L50, M|\n|poke|p2|Tornadus, L50, M|\n|poke|p2|Chi-Yu, L50|\n|poke|p2|Flutter Mane, L50|\n|poke|p2|Koraidon, L50|\n|poke|p2|Raging Bolt, L50|\n|poke|p2|Farigiraf, L50, F|\n|teampreview|4\n|inactive|Battle timer is ON: inactive players will automatically lose when time's up. (requested by Acblade)\n|inactive|boby maltezer has 60 seconds left.\n|inactive|Acblade has 60 seconds left.\n|\n|t:|1737744758\n|start\n|switch|p1a: Tyranitar|Tyranitar, L50, F|100\/100\n|switch|p1b: Latios|Latios, L50, M|100\/100\n|switch|p2a: Raging Bolt|Raging Bolt, L50|100\/100\n|switch|p2b: Tornadus|Tornadus, L50, M|100\/100\n|-weather|Sandstorm|[from] ability: Sand Stream|[of] p1a: Tyranitar\n|turn|1\n|inactive|Acblade has 30 seconds left.\n|\n|t:|1737744786\n|-terastallize|p2a: Raging Bolt|Electric\n|move|p1b: Latios|Protect|p1b: Latios\n|-singleturn|p1b: Latios|Protect\n|move|p2b: Tornadus|Weather Ball|p1b: Latios\n|-activate|p1b: Latios|move: Protect\n|move|p1a: Tyranitar|Knock Off|p2a: Raging Bolt\n|-damage|p2a: Raging Bolt|48\/100\n|-enditem|p2a: Raging Bolt|Life Orb|[from] move: Knock Off|[of] p1a: Tyranitar\n|move|p2a: Raging Bolt|Volt Switch|p1a: Tyranitar\n|-crit|p1a: Tyranitar\n|-damage|p1a: Tyranitar|38\/100\n|\n|t:|1737744799\n|-end|p2a: Raging Bolt|Protosynthesis|[silent]\n|switch|p2a: Koraidon|Koraidon, L50|100\/100|[from] Volt Switch\n|-weather|SunnyDay|[from] ability: Orichalcum Pulse|[of] p2a: Koraidon\n|-activate|p2a: Koraidon|Orichalcum Pulse|[source]\n|\n|-weather|SunnyDay|[upkeep]\n|upkeep\n|turn|2\n|\n|t:|1737744824\n|-terastallize|p1b: Latios|Steel\n|move|p2a: Koraidon|U-turn|p1b: Latios\n|-resisted|p1b: Latios\n|-damage|p1b: Latios|65\/100\n|\n|t:|1737744828\n|switch|p2a: Raging Bolt|Raging Bolt, L50, tera:Electric|48\/100|[from] U-turn\n|-activate|p2a: Raging Bolt|ability: Protosynthesis\n|-start|p2a: Raging Bolt|protosynthesisspa\n|move|p1b: Latios|Luster Purge|p2a: Raging Bolt\n|-damage|p2a: Raging Bolt|1\/100\n|-unboost|p2a: Raging Bolt|spd|1\n|move|p2b: Tornadus|Bleakwind Storm|p1b: Latios|[spread] p1a\n|-miss|p2b: Tornadus|p1b: Latios\n|-resisted|p1a: Tyranitar\n|-damage|p1a: Tyranitar|18\/100\n|move|p1a: Tyranitar|Rock Slide|p2a: Raging Bolt|[spread] p2a,p2b\n|-supereffective|p2b: Tornadus\n|-damage|p2a: Raging Bolt|0 fnt\n|-damage|p2b: Tornadus|4\/100\n|faint|p2a: Raging Bolt\n|-end|p2a: Raging Bolt|Protosynthesis|[silent]\n|\n|-weather|SunnyDay|[upkeep]\n|upkeep\n|\n|t:|1737744848\n|switch|p2a: Koraidon|Koraidon, L50|100\/100\n|-activate|p2a: Koraidon|ability: Orichalcum Pulse\n|turn|3\n|inactive|boby maltezer has 30 seconds left.\n|\n|t:|1737744879\n|switch|p1a: Zamazenta|Zamazenta-Crowned, L50|100\/100\n|-ability|p1a: Zamazenta|Dauntless Shield|boost\n|-boost|p1a: Zamazenta|def|1\n|move|p1b: Latios|Protect|p1b: Latios\n|-singleturn|p1b: Latios|Protect\n|move|p2a: Koraidon|Collision Course|p1b: Latios\n|-activate|p1b: Latios|move: Protect\n|move|p2b: Tornadus|Weather Ball|p1a: Zamazenta\n|-supereffective|p1a: Zamazenta\n|-damage|p1a: Zamazenta|12\/100\n|\n|-weather|SunnyDay|[upkeep]\n|upkeep\n|turn|4\n|inactive|Acblade has 30 seconds left.\n|inactive|Acblade has 20 seconds left.\n|inactive|Acblade has 15 seconds left.\n|inactive|Acblade has 10 seconds left.\n|\n|t:|1737744928\n|switch|p1b: Tyranitar|Tyranitar, L50, F|18\/100\n|-weather|Sandstorm|[from] ability: Sand Stream|[of] p1b: Tyranitar\n|move|p1a: Zamazenta|Protect|p1a: Zamazenta\n|-singleturn|p1a: Zamazenta|Protect\n|move|p2a: Koraidon|Collision Course|p1a: Zamazenta\n|-activate|p1a: Zamazenta|move: Protect\n|move|p2b: Tornadus|Weather Ball|p1b: Tyranitar\n|-damage|p1b: Tyranitar|0 fnt\n|faint|p1b: Tyranitar\n|\n|-weather|Sandstorm|[upkeep]\n|-damage|p2a: Koraidon|95\/100|[from] Sandstorm\n|-damage|p2b: Tornadus|0 fnt|[from] Sandstorm\n|faint|p2b: Tornadus\n|upkeep\n|\n|t:|1737744944\n|switch|p2b: Flutter Mane|Flutter Mane, L50|100\/100\n|switch|p1b: Flutter Mane|Flutter Mane, L50|100\/100\n|-enditem|p1b: Flutter Mane|Booster Energy\n|-activate|p1b: Flutter Mane|ability: Protosynthesis|[fromitem]\n|-start|p1b: Flutter Mane|protosynthesisspe\n|turn|5\n|-message|Acblade forfeited.\n|\n|win|boby maltezer\n|raw|boby maltezer's rating: 1531 &rarr; <strong>1559<\/strong><br \/>(+28 for winning)\n|raw|Acblade's rating: 1686 &rarr; <strong>1658<\/strong><br \/>(-28 for losing)\n|l|\u2606Acblade\n|player|p2|\n|l|\u2606boby maltezer\n|player|p1|\n","uploadtime":1737745124,"views":13,"formatid":"gen9vgc2025regg","rating":1559,"private":0,"password":null}