{"id":"gen9vgc2025regg-2287631692","format":"[Gen 9] VGC 2025 Reg G","players":["RustyChair13","Angelo Neres"],"log":"|j|\u2606RustyChair13\n|j|\u2606Angelo Neres\n|t:|1737759760\n|gametype|doubles\n|player|p1|RustyChair13|scientist-gen4|1667\n|player|p2|Angelo Neres|169|1616\n|teamsize|p1|6\n|teamsize|p2|6\n|gen|9\n|tier|[Gen 9] VGC 2025 Reg G\n|rated|\n|rule|Species Clause: Limit one of each Pok\u00e9mon\n|rule|Item Clause: Limit 1 of each item\n|clearpoke\n|poke|p1|Zamazenta-*, L50|\n|poke|p1|Rillaboom, L50, M|\n|poke|p1|Chien-Pao, L50|\n|poke|p1|Flutter Mane, L50|\n|poke|p1|Chandelure, L50, F|\n|poke|p1|Moltres-Galar, L50|\n|poke|p2|Groudon, L50|\n|poke|p2|Moltres-Galar, L50|\n|poke|p2|Scream Tail, L50|\n|poke|p2|Grimmsnarl, L50, M|\n|poke|p2|Cobalion, L50|\n|poke|p2|Amoonguss, L50, M|\n|teampreview|4\n|inactive|Battle timer is ON: inactive players will automatically lose when time's up. (requested by RustyChair13)\n|inactive|Angelo Neres has 60 seconds left.\n|inactive|Angelo Neres has 30 seconds left.\n|inactive|Angelo Neres has 20 seconds left.\n|inactive|Angelo Neres has 15 seconds left.\n|inactive|Angelo Neres has 10 seconds left.\n|inactive|Angelo Neres has 5 seconds left.\n|\n|t:|1737759873\n|start\n|switch|p1a: Rillaboom|Rillaboom, L50, M, shiny|100\/100\n|switch|p1b: Chien-Pao|Chien-Pao, L50|100\/100\n|switch|p2a: Cobalion|Cobalion, L50, shiny|100\/100\n|switch|p2b: Grimmsnarl|Grimmsnarl, L50, M, shiny|100\/100\n|-ability|p1b: Chien-Pao|Sword of Ruin\n|-fieldstart|move: Grassy Terrain|[from] ability: Grassy Surge|[of] p1a: Rillaboom\n|turn|1\n|\n|t:|1737759883\n|-terastallize|p1a: Rillaboom|Grass\n|move|p1a: Rillaboom|Grassy Glide|p2b: Grimmsnarl\n|-damage|p2b: Grimmsnarl|5\/100\n|move|p2b: Grimmsnarl|Reflect|p2b: Grimmsnarl\n|-sidestart|p2: Angelo Neres|Reflect\n|move|p1b: Chien-Pao|Sacred Sword|p2a: Cobalion\n|-supereffective|p2a: Cobalion\n|-damage|p2a: Cobalion|69\/100\n|move|p2a: Cobalion|Stealth Rock|p1a: Rillaboom\n|-sidestart|p1: RustyChair13|move: Stealth Rock\n|\n|-heal|p2a: Cobalion|75\/100|[from] Grassy Terrain\n|-heal|p2b: Grimmsnarl|11\/100|[from] Grassy Terrain\n|upkeep\n|turn|2\n|j| brrkz\n|inactive|Angelo Neres has 30 seconds left.\n|inactive|Angelo Neres has 20 seconds left.\n|inactive|Angelo Neres has 15 seconds left.\n|inactive|Angelo Neres has 10 seconds left.\n|\n|t:|1737759932\n|move|p1a: Rillaboom|Grassy Glide|p2b: Grimmsnarl\n|-damage|p2b: Grimmsnarl|0 fnt\n|faint|p2b: Grimmsnarl\n|move|p1b: Chien-Pao|Sacred Sword|p2a: Cobalion\n|-supereffective|p2a: Cobalion\n|-damage|p2a: Cobalion|44\/100\n|move|p2a: Cobalion|Body Press|p1a: Rillaboom\n|-damage|p1a: Rillaboom|37\/100\n|\n|-heal|p2a: Cobalion|50\/100|[from] Grassy Terrain\n|-heal|p1a: Rillaboom|43\/100|[from] Grassy Terrain\n|upkeep\n|\n|t:|1737759936\n|switch|p2b: Groudon|Groudon, L50, shiny|100\/100\n|-weather|SunnyDay|[from] ability: Drought|[of] p2b: Groudon\n|turn|3\n|inactive|RustyChair13 has 30 seconds left.\n|inactive|Angelo Neres has 30 seconds left.\n|\n|t:|1737759971\n|-terastallize|p2b: Groudon|Fire\n|move|p1b: Chien-Pao|Protect|p1b: Chien-Pao\n|-singleturn|p1b: Chien-Pao|Protect\n|move|p1a: Rillaboom|Grassy Glide|p2b: Groudon\n|-resisted|p2b: Groudon\n|-damage|p2b: Groudon|75\/100\n|move|p2a: Cobalion|Body Press|p1b: Chien-Pao\n|-activate|p1b: Chien-Pao|move: Protect\n|move|p2b: Groudon|Precipice Blades|p1a: Rillaboom|[spread] \n|-activate|p1b: Chien-Pao|move: Protect\n|-miss|p2b: Groudon|p1a: Rillaboom\n|\n|-weather|SunnyDay|[upkeep]\n|-heal|p2a: Cobalion|56\/100|[from] Grassy Terrain\n|-heal|p1a: Rillaboom|49\/100|[from] Grassy Terrain\n|-heal|p2b: Groudon|82\/100|[from] Grassy Terrain\n|upkeep\n|turn|4\n|\n|t:|1737759985\n|move|p1a: Rillaboom|Grassy Glide|p2a: Cobalion\n|-resisted|p2a: Cobalion\n|-damage|p2a: Cobalion|36\/100\n|move|p1b: Chien-Pao|Sacred Sword|p2a: Cobalion\n|-supereffective|p2a: Cobalion\n|-damage|p2a: Cobalion|7\/100\n|move|p2a: Cobalion|Body Press|p1b: Chien-Pao\n|-supereffective|p1b: Chien-Pao\n|-enditem|p1b: Chien-Pao|Focus Sash\n|-damage|p1b: Chien-Pao|1\/100\n|move|p2b: Groudon|Precipice Blades|p1b: Chien-Pao|[spread] p1a,p1b\n|-resisted|p1a: Rillaboom\n|-damage|p1a: Rillaboom|11\/100\n|-damage|p1b: Chien-Pao|0 fnt\n|faint|p1b: Chien-Pao\n|\n|-weather|SunnyDay|[upkeep]\n|-heal|p2a: Cobalion|13\/100|[from] Grassy Terrain\n|-heal|p1a: Rillaboom|17\/100|[from] Grassy Terrain\n|-heal|p2b: Groudon|88\/100|[from] Grassy Terrain\n|upkeep\n|\n|t:|1737759995\n|switch|p1b: Zamazenta|Zamazenta-Crowned, L50, shiny|100\/100\n|-damage|p1b: Zamazenta|98\/100|[from] Stealth Rock\n|-ability|p1b: Zamazenta|Dauntless Shield|boost\n|-boost|p1b: Zamazenta|def|1\n|turn|5\n|inactive|Angelo Neres has 30 seconds left.\n|inactive|Angelo Neres has 20 seconds left.\n|inactive|Angelo Neres has 15 seconds left.\n|inactive|Angelo Neres has 10 seconds left.\n|inactive|Angelo Neres has 5 seconds left.\n|\n|t:|1737760047\n|move|p2a: Cobalion|Protect|p2a: Cobalion\n|-singleturn|p2a: Cobalion|Protect\n|move|p1b: Zamazenta|Wide Guard|p1b: Zamazenta\n|-singleturn|p1b: Zamazenta|Wide Guard\n|move|p1a: Rillaboom|Grassy Glide|p2a: Cobalion\n|-activate|p2a: Cobalion|move: Protect\n|move|p2b: Groudon|Precipice Blades|p1a: Rillaboom|[spread] \n|-activate|p1a: Rillaboom|move: Wide Guard\n|-activate|p1b: Zamazenta|move: Wide Guard\n|\n|-weather|SunnyDay|[upkeep]\n|-heal|p1b: Zamazenta|100\/100|[from] Grassy Terrain\n|-heal|p2a: Cobalion|19\/100|[from] Grassy Terrain\n|-heal|p1a: Rillaboom|23\/100|[from] Grassy Terrain\n|-heal|p2b: Groudon|94\/100|[from] Grassy Terrain\n|-sideend|p2: Angelo Neres|Reflect\n|-fieldend|move: Grassy Terrain\n|upkeep\n|turn|6\n|\n|t:|1737760067\n|switch|p1a: Flutter Mane|Flutter Mane, L50, shiny|100\/100\n|-damage|p1a: Flutter Mane|88\/100|[from] Stealth Rock\n|-activate|p1a: Flutter Mane|ability: Protosynthesis\n|-start|p1a: Flutter Mane|protosynthesisspe\n|move|p1b: Zamazenta|Body Press|p2a: Cobalion\n|-supereffective|p2a: Cobalion\n|-damage|p2a: Cobalion|0 fnt\n|faint|p2a: Cobalion\n|move|p2b: Groudon|Precipice Blades|p1b: Zamazenta|[spread] p1b\n|-miss|p2b: Groudon|p1a: Flutter Mane\n|-supereffective|p1b: Zamazenta\n|-crit|p1b: Zamazenta\n|-damage|p1b: Zamazenta|6\/100\n|\n|-weather|SunnyDay|[upkeep]\n|upkeep\n|\n|t:|1737760079\n|switch|p2a: Moltres|Moltres-Galar, L50, shiny|100\/100\n|turn|7\n|\n|t:|1737760103\n|move|p2a: Moltres|Protect|p2a: Moltres\n|-singleturn|p2a: Moltres|Protect\n|move|p1b: Zamazenta|Wide Guard|p1b: Zamazenta\n|-singleturn|p1b: Zamazenta|Wide Guard\n|move|p1a: Flutter Mane|Moonblast|p2a: Moltres\n|-activate|p2a: Moltres|move: Protect\n|move|p2b: Groudon|Heat Crash|p1a: Flutter Mane\n|-damage|p1a: Flutter Mane|0 fnt\n|faint|p1a: Flutter Mane\n|-end|p1a: Flutter Mane|Protosynthesis|[silent]\n|\n|-weather|none\n|upkeep\n|\n|t:|1737760110\n|switch|p1a: Rillaboom|Rillaboom, L50, M, shiny, tera:Grass|23\/100\n|-damage|p1a: Rillaboom|11\/100|[from] Stealth Rock\n|-fieldstart|move: Grassy Terrain|[from] ability: Grassy Surge|[of] p1a: Rillaboom\n|turn|8\n|\n|t:|1737760117\n|move|p1b: Zamazenta|Body Press|p2b: Groudon\n|-damage|p2b: Groudon|46\/100\n|move|p1a: Rillaboom|High Horsepower|p2b: Groudon\n|-supereffective|p2b: Groudon\n|-damage|p2b: Groudon|0 fnt\n|faint|p2b: Groudon\n|move|p2a: Moltres|Fiery Wrath|p1b: Zamazenta|[spread] p1a,p1b\n|-crit|p1a: Rillaboom\n|-resisted|p1b: Zamazenta\n|-damage|p1a: Rillaboom|0 fnt\n|-damage|p1b: Zamazenta|0 fnt\n|faint|p1a: Rillaboom\n|faint|p1b: Zamazenta\n|\n|win|Angelo Neres\n|raw|RustyChair13's rating: 1667 &rarr; <strong>1644<\/strong><br \/>(-23 for losing)\n|raw|Angelo Neres's rating: 1616 &rarr; <strong>1639<\/strong><br \/>(+23 for winning)\n|l|\u2606Angelo Neres\n|player|p2|\n|l| brrkz\n|l|\u2606RustyChair13\n|player|p1|\n","uploadtime":1737760367,"views":27,"formatid":"gen9vgc2025regg","rating":1639,"private":0,"password":null}