{"id":"gen9vgc2025regg-2287626136","format":"[Gen 9] VGC 2025 Reg G","players":["Ilovecatgirlsmeow","Doomguy1016"],"log":"|j|\u2606Ilovecatgirlsmeow\n|j|\u2606Doomguy1016\n|t:|1737759077\n|gametype|doubles\n|player|p1|Ilovecatgirlsmeow|waitress-gen4|1550\n|player|p2|Doomguy1016|red|1575\n|teamsize|p1|6\n|teamsize|p2|6\n|gen|9\n|tier|[Gen 9] VGC 2025 Reg G\n|rated|\n|rule|Species Clause: Limit one of each Pok\u00e9mon\n|rule|Item Clause: Limit 1 of each item\n|clearpoke\n|poke|p1|Palkia, L50|\n|poke|p1|Ursaluna, L50, F|\n|poke|p1|Incineroar, L50, M|\n|poke|p1|Amoonguss, L50, M|\n|poke|p1|Flutter Mane, L50|\n|poke|p1|Iron Hands, L50|\n|poke|p2|Gouging Fire, L50|\n|poke|p2|Dragonite, L50, F|\n|poke|p2|Tornadus, L50, M|\n|poke|p2|Zacian-*, L50|\n|poke|p2|Flutter Mane, L50|\n|poke|p2|Cresselia, L50, F|\n|teampreview|4\n|inactive|Battle timer is ON: inactive players will automatically lose when time's up. (requested by Ilovecatgirlsmeow)\n|\n|t:|1737759142\n|start\n|switch|p1a: Palkia|Palkia, L50|100\/100\n|switch|p1b: Incineroar|Incineroar, L50, M|100\/100\n|switch|p2a: Flutter Mane|Flutter Mane, L50|100\/100\n|switch|p2b: Dragonite|Dragonite, L50, F|100\/100\n|-ability|p1b: Incineroar|Intimidate|boost\n|-unboost|p2a: Flutter Mane|atk|1\n|-fail|p2b: Dragonite|unboost|Attack|[from] ability: Inner Focus|[of] p2b: Dragonite\n|turn|1\n|\n|t:|1737759166\n|switch|p1a: Iron Hands|Iron Hands, L50|100\/100\n|move|p2a: Flutter Mane|Dazzling Gleam|p1b: Incineroar|[spread] p1a,p1b\n|-supereffective|p1a: Iron Hands\n|-damage|p1a: Iron Hands|53\/100\n|-damage|p1b: Incineroar|54\/100\n|move|p1b: Incineroar|Will-O-Wisp|p2b: Dragonite\n|-status|p2b: Dragonite|brn\n|move|p2b: Dragonite|Dragon Dance|p2b: Dragonite\n|-boost|p2b: Dragonite|atk|1\n|-boost|p2b: Dragonite|spe|1\n|\n|-damage|p2b: Dragonite|94\/100 brn|[from] brn\n|upkeep\n|turn|2\n|\n|t:|1737759182\n|-end|p2a: Flutter Mane|Protosynthesis|[silent]\n|switch|p2a: Cresselia|Cresselia, L50, F|100\/100\n|-terastallize|p1a: Iron Hands|Grass\n|move|p2b: Dragonite|Earthquake|p1a: Iron Hands|[spread] p1a,p1b\n|-immune|p2a: Cresselia|[from] ability: Levitate\n|-resisted|p1a: Iron Hands\n|-supereffective|p1b: Incineroar\n|-damage|p1a: Iron Hands|43\/100\n|-damage|p1b: Incineroar|3\/100\n|-damage|p2b: Dragonite|85\/100 brn|[from] item: Life Orb\n|move|p1b: Incineroar|Parting Shot|p2b: Dragonite\n|-unboost|p2b: Dragonite|atk|1\n|-unboost|p2b: Dragonite|spa|1\n|\n|t:|1737759195\n|switch|p1b: Palkia|Palkia, L50|100\/100|[from] Parting Shot\n|move|p1a: Iron Hands|Heavy Slam|p2a: Cresselia\n|-damage|p2a: Cresselia|74\/100\n|-damage|p1a: Iron Hands|27\/100|[from] item: Rocky Helmet|[of] p2a: Cresselia\n|\n|-damage|p2b: Dragonite|79\/100 brn|[from] brn\n|upkeep\n|turn|3\n|\n|t:|1737759202\n|-end|p1a: Iron Hands|Quark Drive|[silent]\n|switch|p1a: Ursaluna|Ursaluna, L50, F|100\/100\n|move|p2b: Dragonite|Protect|p2b: Dragonite\n|-singleturn|p2b: Dragonite|Protect\n|move|p2a: Cresselia|Lunar Blessing|p2a: Cresselia|[spread] p2a,p2b\n|-heal|p2a: Cresselia|99\/100\n|-heal|p2b: Dragonite|100\/100 brn\n|-curestatus|p2b: Dragonite|brn|[msg]\n|move|p1b: Palkia|Trick Room|p1b: Palkia\n|-fieldstart|move: Trick Room|[of] p1b: Palkia\n|\n|-status|p1a: Ursaluna|brn|[from] item: Flame Orb\n|upkeep\n|turn|4\n|\n|t:|1737759222\n|switch|p2b: Zacian|Zacian-Crowned, L50|100\/100\n|-ability|p2b: Zacian|Intrepid Sword|boost\n|-boost|p2b: Zacian|atk|1\n|move|p1a: Ursaluna|Facade|p2a: Cresselia\n|-damage|p2a: Cresselia|12\/100\n|-damage|p1a: Ursaluna|84\/100 brn|[from] item: Rocky Helmet|[of] p2a: Cresselia\n|move|p1b: Palkia|Spacial Rend|p2a: Cresselia\n|-damage|p2a: Cresselia|0 fnt\n|faint|p2a: Cresselia\n|\n|-damage|p1a: Ursaluna|78\/100 brn|[from] brn\n|upkeep\n|\n|t:|1737759241\n|switch|p2a: Dragonite|Dragonite, L50, F|100\/100\n|turn|5\n|\n|t:|1737759253\n|move|p1a: Ursaluna|Headlong Rush|p2b: Zacian\n|-supereffective|p2b: Zacian\n|-damage|p2b: Zacian|0 fnt\n|-unboost|p1a: Ursaluna|def|1\n|-unboost|p1a: Ursaluna|spd|1\n|faint|p2b: Zacian\n|move|p2a: Dragonite|Dragon Dance|p2a: Dragonite\n|-boost|p2a: Dragonite|atk|1\n|-boost|p2a: Dragonite|spe|1\n|move|p1b: Palkia|Ice Beam|p2a: Dragonite\n|-supereffective|p2a: Dragonite\n|-damage|p2a: Dragonite|0 fnt\n|faint|p2a: Dragonite\n|\n|-damage|p1a: Ursaluna|72\/100 brn|[from] brn\n|upkeep\n|-message|Doomguy1016 forfeited.\n|\n|win|Ilovecatgirlsmeow\n|raw|Ilovecatgirlsmeow's rating: 1550 &rarr; <strong>1571<\/strong><br \/>(+21 for winning)\n|raw|Doomguy1016's rating: 1575 &rarr; <strong>1554<\/strong><br \/>(-21 for losing)\n|l|\u2606Doomguy1016\n|player|p2|\n|l|\u2606Ilovecatgirlsmeow\n|player|p1|\n","uploadtime":1737759407,"views":18,"formatid":"gen9vgc2025regg","rating":1554,"private":0,"password":null}