{"id":"gen9vgc2025regg-2287157960","format":"[Gen 9] VGC 2025 Reg G","players":["zhualn0804","Fehuo"],"log":"|j|\u2606zhualn0804\n|j|\u2606Fehuo\n|t:|1737700221\n|gametype|doubles\n|player|p1|zhualn0804|rosa|1550\n|player|p2|Fehuo|cynthia-gen4|1670\n|teamsize|p1|6\n|teamsize|p2|6\n|gen|9\n|tier|[Gen 9] VGC 2025 Reg G\n|rated|\n|rule|Species Clause: Limit one of each Pok\u00e9mon\n|rule|Item Clause: Limit 1 of each item\n|clearpoke\n|poke|p1|Calyrex-Ice, L50|\n|poke|p1|Urshifu-*, L50, F|\n|poke|p1|Raging Bolt, L50|\n|poke|p1|Amoonguss, L50, F|\n|poke|p1|Incineroar, L50, F|\n|poke|p1|Gholdengo, L50|\n|poke|p2|Calyrex-Ice, L50|\n|poke|p2|Raging Bolt, L50|\n|poke|p2|Urshifu-*, L50, M|\n|poke|p2|Ogerpon-Hearthflame, L50, F|\n|poke|p2|Rillaboom, L50, M|\n|poke|p2|Indeedee-F, L50, F|\n|teampreview|4\n|inactive|Battle timer is ON: inactive players will automatically lose when time's up. (requested by Fehuo)\n|inactive|zhualn0804 has 60 seconds left.\n|inactive|Fehuo has 60 seconds left.\n|inactive|Fehuo has 30 seconds left.\n|\n|t:|1737700284\n|start\n|switch|p1a: Calyrex|Calyrex-Ice, L50|100\/100\n|switch|p1b: Incineroar|Incineroar, L50, F, shiny|100\/100\n|switch|p2a: Urshifu|Urshifu-Rapid-Strike, L50, M|100\/100\n|switch|p2b: Calyrex|Calyrex-Ice, L50|100\/100\n|-ability|p2b: Calyrex|As One\n|-ability|p2b: Calyrex|Unnerve\n|-ability|p1a: Calyrex|As One\n|-ability|p1a: Calyrex|Unnerve\n|-ability|p1b: Incineroar|Intimidate|boost\n|-unboost|p2a: Urshifu|atk|1\n|-fail|p2b: Calyrex|unboost|[from] item: Clear Amulet|[of] p2b: Calyrex\n|turn|1\n|\n|t:|1737700309\n|move|p1b: Incineroar|Fake Out|p2a: Urshifu\n|-damage|p2a: Urshifu|90\/100\n|cant|p2a: Urshifu|flinch\n|move|p2b: Calyrex|High Horsepower|p1b: Incineroar\n|-supereffective|p1b: Incineroar\n|-damage|p1b: Incineroar|19\/100\n|move|p1a: Calyrex|Glacial Lance|p2b: Calyrex|[spread] p2a,p2b\n|-resisted|p2a: Urshifu\n|-resisted|p2b: Calyrex\n|-damage|p2a: Urshifu|61\/100\n|-damage|p2b: Calyrex|81\/100\n|\n|upkeep\n|turn|2\n|inactive|zhualn0804 has 30 seconds left.\n|inactive|zhualn0804 has 20 seconds left.\n|\n|t:|1737700345\n|switch|p1b: Amoonguss|Amoonguss, L50, F, shiny|100\/100\n|-terastallize|p2b: Calyrex|Dark\n|move|p2a: Urshifu|Surging Strikes|p1a: Calyrex\n|-crit|p1a: Calyrex\n|-damage|p1a: Calyrex|88\/100\n|-crit|p1a: Calyrex\n|-damage|p1a: Calyrex|75\/100\n|-crit|p1a: Calyrex\n|-damage|p1a: Calyrex|63\/100\n|-hitcount|p1a: Calyrex|3\n|move|p2b: Calyrex|Crunch|p1a: Calyrex\n|-supereffective|p1a: Calyrex\n|-damage|p1a: Calyrex|0 fnt\n|faint|p1a: Calyrex\n|-ability|p2b: Calyrex|Chilling Neigh|boost\n|-boost|p2b: Calyrex|atk|1\n|\n|upkeep\n|\n|t:|1737700361\n|switch|p1a: Urshifu|Urshifu, L50, F|100\/100\n|turn|3\n|c|\u2606Fehuo|gg\n|\n|t:|1737700374\n|switch|p2a: Ogerpon|Ogerpon-Hearthflame, L50, F|100\/100\n|-ability|p2a: Ogerpon|Mold Breaker\n|switch|p2b: Indeedee|Indeedee-F, L50, F|100\/100\n|-fieldstart|move: Psychic Terrain|[from] ability: Psychic Surge|[of] p2b: Indeedee\n|move|p1b: Amoonguss|Rage Powder|p1b: Amoonguss\n|-singleturn|p1b: Amoonguss|move: Rage Powder\n|move|p1a: Urshifu|Close Combat|p2b: Indeedee\n|-damage|p2b: Indeedee|34\/100\n|-unboost|p1a: Urshifu|def|1\n|-unboost|p1a: Urshifu|spd|1\n|-damage|p1a: Urshifu|84\/100|[from] item: Rocky Helmet|[of] p2b: Indeedee\n|\n|upkeep\n|turn|4\n|inactive|zhualn0804 has 30 seconds left.\n|inactive|zhualn0804 has 20 seconds left.\n|\n|t:|1737700410\n|-terastallize|p1b: Amoonguss|Fire\n|move|p1a: Urshifu|Protect|p1a: Urshifu\n|-singleturn|p1a: Urshifu|Protect\n|move|p2b: Indeedee|Follow Me|p2b: Indeedee\n|-singleturn|p2b: Indeedee|move: Follow Me\n|move|p2a: Ogerpon|Ivy Cudgel|p1b: Amoonguss|[anim] Ivy Cudgel Fire\n|-resisted|p1b: Amoonguss\n|-damage|p1b: Amoonguss|81\/100\n|move|p1b: Amoonguss|Spore|p2b: Indeedee\n|-status|p2b: Indeedee|slp|[from] move: Spore\n|\n|upkeep\n|turn|5\n|\n|t:|1737700434\n|switch|p2b: Calyrex|Calyrex-Ice, L50, tera:Dark|81\/100\n|-ability|p2b: Calyrex|As One\n|-ability|p2b: Calyrex|Unnerve\n|move|p2a: Ogerpon|Ivy Cudgel|p1a: Urshifu|[anim] Ivy Cudgel Fire\n|-damage|p1a: Urshifu|2\/100\n|move|p1a: Urshifu|Wicked Blow|p2a: Ogerpon\n|-crit|p2a: Ogerpon\n|-damage|p2a: Ogerpon|20\/100\n|move|p1b: Amoonguss|Pollen Puff|p1a: Urshifu\n|-heal|p1a: Urshifu|52\/100\n|\n|upkeep\n|turn|6\n|inactive|zhualn0804 has 30 seconds left.\n|inactive|Fehuo has 30 seconds left.\n|inactive|zhualn0804 has 20 seconds left.\n|inactive|zhualn0804 has 15 seconds left.\n|inactive|zhualn0804 has 10 seconds left.\n|\n|t:|1737700481\n|switch|p1a: Incineroar|Incineroar, L50, F, shiny|19\/100\n|-ability|p1a: Incineroar|Intimidate|boost\n|-unboost|p2a: Ogerpon|atk|1\n|-fail|p2b: Calyrex|unboost|[from] item: Clear Amulet|[of] p2b: Calyrex\n|switch|p2b: Indeedee|Indeedee-F, L50, F|34\/100 slp\n|-enditem|p1a: Incineroar|Sitrus Berry|[eat]\n|-heal|p1a: Incineroar|43\/100|[from] item: Sitrus Berry\n|move|p2a: Ogerpon|Ivy Cudgel|p1a: Incineroar|[anim] Ivy Cudgel Fire\n|-resisted|p1a: Incineroar\n|-damage|p1a: Incineroar|26\/100\n|move|p1b: Amoonguss|Pollen Puff|p2a: Ogerpon\n|-damage|p2a: Ogerpon|3\/100\n|\n|upkeep\n|turn|7\n|inactive|zhualn0804 has 30 seconds left.\n|inactive|Fehuo has 30 seconds left.\n|\n|t:|1737700515\n|switch|p2a: Urshifu|Urshifu-Rapid-Strike, L50, M|61\/100\n|move|p1a: Incineroar|Knock Off|p2b: Indeedee\n|-supereffective|p2b: Indeedee\n|-damage|p2b: Indeedee|0 fnt\n|-damage|p1a: Incineroar|10\/100|[from] item: Rocky Helmet|[of] p2b: Indeedee\n|-enditem|p2b: Indeedee|Rocky Helmet|[from] move: Knock Off|[of] p1a: Incineroar\n|faint|p2b: Indeedee\n|move|p1b: Amoonguss|Pollen Puff|p2a: Urshifu\n|-resisted|p2a: Urshifu\n|-damage|p2a: Urshifu|46\/100\n|\n|-fieldend|move: Psychic Terrain\n|upkeep\n|\n|t:|1737700528\n|switch|p2b: Calyrex|Calyrex-Ice, L50, tera:Dark|81\/100\n|-ability|p2b: Calyrex|As One\n|-ability|p2b: Calyrex|Unnerve\n|turn|8\n|inactive|zhualn0804 has 30 seconds left.\n|\n|t:|1737700558\n|switch|p1b: Urshifu|Urshifu, L50, F|52\/100\n|move|p2a: Urshifu|Surging Strikes|p1b: Urshifu\n|-crit|p1b: Urshifu\n|-damage|p1b: Urshifu|33\/100\n|-crit|p1b: Urshifu\n|-damage|p1b: Urshifu|12\/100\n|-crit|p1b: Urshifu\n|-damage|p1b: Urshifu|0 fnt\n|faint|p1b: Urshifu\n|-hitcount|p1: Urshifu|3\n|move|p1a: Incineroar|Parting Shot|p2a: Urshifu\n|-unboost|p2a: Urshifu|atk|1\n|-unboost|p2a: Urshifu|spa|1\n|\n|t:|1737700570\n|switch|p1a: Amoonguss|Amoonguss, L50, F, shiny, tera:Fire|100\/100|[from] Parting Shot\n|move|p2b: Calyrex|Glacial Lance|p1a: Amoonguss\n|-resisted|p1a: Amoonguss\n|-damage|p1a: Amoonguss|68\/100\n|\n|upkeep\n|\n|t:|1737700577\n|switch|p1b: Incineroar|Incineroar, L50, F, shiny|10\/100\n|-ability|p1b: Incineroar|Intimidate|boost\n|-unboost|p2a: Urshifu|atk|1\n|-fail|p2b: Calyrex|unboost|[from] item: Clear Amulet|[of] p2b: Calyrex\n|turn|9\n|\n|t:|1737700588\n|move|p2a: Urshifu|Detect|p2a: Urshifu\n|-singleturn|p2a: Urshifu|Protect\n|move|p2b: Calyrex|Protect|p2b: Calyrex\n|-singleturn|p2b: Calyrex|Protect\n|move|p1b: Incineroar|Fake Out|p2b: Calyrex\n|-activate|p2b: Calyrex|move: Protect\n|move|p1a: Amoonguss|Spore|p2a: Urshifu\n|-activate|p2a: Urshifu|move: Protect\n|\n|upkeep\n|turn|10\n|c|\u2606Fehuo|gg\n|-message|zhualn0804 forfeited.\n|\n|win|Fehuo\n|raw|zhualn0804's rating: 1550 &rarr; <strong>1537<\/strong><br \/>(-13 for losing)\n|raw|Fehuo's rating: 1670 &rarr; <strong>1683<\/strong><br \/>(+13 for winning)\n|l|\u2606Fehuo\n|player|p2|\n|l|\u2606zhualn0804\n|player|p1|\n","uploadtime":1737700746,"views":7,"formatid":"gen9vgc2025regg","rating":1537,"private":0,"password":null}