{"id":"gen9vgc2025regg-2287613614","format":"[Gen 9] VGC 2025 Reg G","players":["EncoreVGC","Hikawari"],"log":"|j|\u2606EncoreVGC\n|j|\u2606Hikawari\n|t:|1737757567\n|gametype|doubles\n|player|p1|EncoreVGC|tuber|1565\n|player|p2|Hikawari|1|1584\n|teamsize|p1|6\n|teamsize|p2|6\n|gen|9\n|tier|[Gen 9] VGC 2025 Reg G\n|rated|\n|rule|Species Clause: Limit one of each Pok\u00e9mon\n|rule|Item Clause: Limit 1 of each item\n|clearpoke\n|poke|p1|Kyogre, L50|\n|poke|p1|Roaring Moon, L50|\n|poke|p1|Iron Hands, L50|\n|poke|p1|Amoonguss, L50, F|\n|poke|p1|Gholdengo, L50|\n|poke|p1|Chien-Pao, L50|\n|poke|p2|Zamazenta-*, L50|\n|poke|p2|Chi-Yu, L50|\n|poke|p2|Rillaboom, L50, F|\n|poke|p2|Flutter Mane, L50|\n|poke|p2|Chien-Pao, L50|\n|poke|p2|Amoonguss, L50, M|\n|teampreview|4\n|inactive|Battle timer is ON: inactive players will automatically lose when time's up. (requested by Hikawari)\n|inactive|EncoreVGC has 60 seconds left.\n|inactive|Hikawari has 60 seconds left.\n|\n|t:|1737757615\n|start\n|switch|p1a: Roaring Moon|Roaring Moon, L50|100\/100\n|switch|p1b: Iron Hands|Iron Hands, L50|100\/100\n|switch|p2a: Zamazenta|Zamazenta-Crowned, L50|100\/100\n|switch|p2b: Flutter Mane|Flutter Mane, L50|100\/100\n|-ability|p2a: Zamazenta|Dauntless Shield|boost\n|-boost|p2a: Zamazenta|def|1\n|-enditem|p2b: Flutter Mane|Booster Energy\n|-activate|p2b: Flutter Mane|ability: Protosynthesis|[fromitem]\n|-start|p2b: Flutter Mane|protosynthesisspe\n|-enditem|p1a: Roaring Moon|Booster Energy\n|-activate|p1a: Roaring Moon|ability: Protosynthesis|[fromitem]\n|-start|p1a: Roaring Moon|protosynthesisspe\n|turn|1\n|\n|t:|1737757638\n|-terastallize|p1a: Roaring Moon|Flying\n|move|p1b: Iron Hands|Fake Out|p2a: Zamazenta\n|-resisted|p2a: Zamazenta\n|-damage|p2a: Zamazenta|98\/100\n|move|p2b: Flutter Mane|Icy Wind|p1b: Iron Hands|[spread] p1a,p1b\n|-supereffective|p1a: Roaring Moon\n|-damage|p1a: Roaring Moon|80\/100\n|-damage|p1b: Iron Hands|94\/100\n|-unboost|p1a: Roaring Moon|spe|1\n|-unboost|p1b: Iron Hands|spe|1\n|move|p1a: Roaring Moon|Tailwind|p1a: Roaring Moon\n|-sidestart|p1: EncoreVGC|move: Tailwind\n|cant|p2a: Zamazenta|flinch\n|\n|upkeep\n|turn|2\n|\n|t:|1737757655\n|move|p1a: Roaring Moon|Protect|p1a: Roaring Moon\n|-singleturn|p1a: Roaring Moon|Protect\n|move|p2b: Flutter Mane|Icy Wind|p1a: Roaring Moon|[spread] p1b\n|-activate|p1a: Roaring Moon|move: Protect\n|-damage|p1b: Iron Hands|87\/100\n|-unboost|p1b: Iron Hands|spe|1\n|move|p2a: Zamazenta|Body Press|p1b: Iron Hands\n|-damage|p1b: Iron Hands|33\/100\n|move|p1b: Iron Hands|Volt Switch|p2b: Flutter Mane\n|-damage|p2b: Flutter Mane|89\/100\n|\n|t:|1737757668\n|-end|p1b: Iron Hands|Quark Drive|[silent]\n|switch|p1b: Gholdengo|Gholdengo, L50|100\/100|[from] Volt Switch\n|\n|upkeep\n|turn|3\n|j| PoggibonsiCity\n|\n|t:|1737757686\n|move|p2b: Flutter Mane|Protect|p2b: Flutter Mane\n|-singleturn|p2b: Flutter Mane|Protect\n|move|p1a: Roaring Moon|Acrobatics|p2b: Flutter Mane\n|-activate|p2b: Flutter Mane|move: Protect\n|move|p1b: Gholdengo|Shadow Ball|p2a: Zamazenta\n|-damage|p2a: Zamazenta|56\/100\n|move|p2a: Zamazenta|Heavy Slam|p1a: Roaring Moon\n|-damage|p1a: Roaring Moon|54\/100\n|\n|upkeep\n|turn|4\n|inactive|Hikawari has 30 seconds left.\n|\n|t:|1737757714\n|move|p1a: Roaring Moon|Acrobatics|p2b: Flutter Mane\n|-damage|p2b: Flutter Mane|17\/100\n|move|p2b: Flutter Mane|Icy Wind|p1a: Roaring Moon|[spread] p1a,p1b\n|-supereffective|p1a: Roaring Moon\n|-resisted|p1b: Gholdengo\n|-damage|p1a: Roaring Moon|29\/100\n|-damage|p1b: Gholdengo|95\/100\n|-unboost|p1a: Roaring Moon|spe|1\n|-unboost|p1b: Gholdengo|spe|1\n|move|p2a: Zamazenta|Body Press|p1a: Roaring Moon\n|-resisted|p1a: Roaring Moon\n|-damage|p1a: Roaring Moon|0 fnt\n|faint|p1a: Roaring Moon\n|-end|p1a: Roaring Moon|Protosynthesis|[silent]\n|move|p1b: Gholdengo|Shadow Ball|p2b: Flutter Mane\n|-supereffective|p2b: Flutter Mane\n|-damage|p2b: Flutter Mane|0 fnt\n|faint|p2b: Flutter Mane\n|-end|p2b: Flutter Mane|Protosynthesis|[silent]\n|\n|-sideend|p1: EncoreVGC|move: Tailwind\n|upkeep\n|\n|t:|1737757731\n|switch|p2b: Chien-Pao|Chien-Pao, L50|100\/100\n|switch|p1a: Chien-Pao|Chien-Pao, L50|100\/100\n|-ability|p1a: Chien-Pao|Sword of Ruin\n|-ability|p2b: Chien-Pao|Sword of Ruin\n|turn|5\n|\n|t:|1737757746\n|switch|p1b: Iron Hands|Iron Hands, L50|33\/100\n|move|p1a: Chien-Pao|Protect|p1a: Chien-Pao\n|-singleturn|p1a: Chien-Pao|Protect\n|move|p2b: Chien-Pao|Throat Chop|p1a: Chien-Pao\n|-activate|p1a: Chien-Pao|move: Protect\n|move|p2a: Zamazenta|Body Press|p1a: Chien-Pao\n|-activate|p1a: Chien-Pao|move: Protect\n|\n|upkeep\n|turn|6\n|\n|t:|1737757759\n|move|p2b: Chien-Pao|Protect|p2b: Chien-Pao\n|-singleturn|p2b: Chien-Pao|Protect\n|move|p1b: Iron Hands|Fake Out|p2b: Chien-Pao\n|-activate|p2b: Chien-Pao|move: Protect\n|move|p1a: Chien-Pao|Sacred Sword|p2a: Zamazenta\n|-supereffective|p2a: Zamazenta\n|-damage|p2a: Zamazenta|12\/100\n|move|p2a: Zamazenta|Body Press|p1a: Chien-Pao\n|-supereffective|p1a: Chien-Pao\n|-enditem|p1a: Chien-Pao|Focus Sash\n|-damage|p1a: Chien-Pao|1\/100\n|\n|upkeep\n|turn|7\n|\n|t:|1737757775\n|move|p1a: Chien-Pao|Sucker Punch|p2a: Zamazenta\n|-resisted|p2a: Zamazenta\n|-damage|p2a: Zamazenta|2\/100\n|move|p2b: Chien-Pao|Sucker Punch||[still]\n|-fail|p2b: Chien-Pao\n|move|p2a: Zamazenta|Body Press|p1b: Iron Hands\n|-damage|p1b: Iron Hands|0 fnt\n|faint|p1b: Iron Hands\n|-end|p1b: Iron Hands|Quark Drive|[silent]\n|\n|upkeep\n|\n|t:|1737757784\n|switch|p1b: Gholdengo|Gholdengo, L50|95\/100\n|turn|8\n|\n|t:|1737757794\n|move|p2a: Zamazenta|Wide Guard|p2a: Zamazenta\n|-singleturn|p2a: Zamazenta|Wide Guard\n|move|p1a: Chien-Pao|Sucker Punch|p2b: Chien-Pao\n|-resisted|p2b: Chien-Pao\n|-damage|p2b: Chien-Pao|77\/100\n|move|p2b: Chien-Pao|Throat Chop|p1b: Gholdengo\n|-supereffective|p1b: Gholdengo\n|-damage|p1b: Gholdengo|0 fnt\n|faint|p1b: Gholdengo\n|\n|upkeep\n|turn|9\n|-message|EncoreVGC forfeited.\n|\n|win|Hikawari\n|raw|EncoreVGC's rating: 1565 &rarr; <strong>1546<\/strong><br \/>(-19 for losing)\n|raw|Hikawari's rating: 1584 &rarr; <strong>1603<\/strong><br \/>(+19 for winning)\n|l|\u2606EncoreVGC\n|player|p1|\n|l|\u2606Hikawari\n|player|p2|\n","uploadtime":1737758033,"views":10,"formatid":"gen9vgc2025regg","rating":1546,"private":0,"password":null}