{"id":"gen9vgc2025regg-2287624074","format":"[Gen 9] VGC 2025 Reg G","players":["BelinVGC","mejian poke poke"],"log":"|j|\u2606BelinVGC\n|j|\u2606mejian poke poke\n|t:|1737758830\n|gametype|doubles\n|player|p1|BelinVGC|101|1545\n|player|p2|mejian poke poke|266|1599\n|teamsize|p1|6\n|teamsize|p2|6\n|gen|9\n|tier|[Gen 9] VGC 2025 Reg G\n|rated|\n|rule|Species Clause: Limit one of each Pok\u00e9mon\n|rule|Item Clause: Limit 1 of each item\n|clearpoke\n|poke|p1|Miraidon, L50|\n|poke|p1|Whimsicott, L50, M|\n|poke|p1|Chi-Yu, L50|\n|poke|p1|Iron Hands, L50|\n|poke|p1|Urshifu-*, L50, F|\n|poke|p1|Farigiraf, L50, F|\n|poke|p2|Lunala, L50|\n|poke|p2|Maushold, L50|\n|poke|p2|Tornadus, L50, M|\n|poke|p2|Urshifu-*, L50, F|\n|poke|p2|Rillaboom, L50, M|\n|poke|p2|Landorus, L50, M|\n|teampreview|4\n|\n|t:|1737758905\n|start\n|switch|p1a: Chi-Yu|Chi-Yu, L50|100\/100\n|switch|p1b: Whimsicott|Whimsicott, L50, M|100\/100\n|switch|p2a: Lunala|Lunala, L50|100\/100\n|switch|p2b: Rillaboom|Rillaboom, L50, M|100\/100\n|-ability|p1a: Chi-Yu|Beads of Ruin\n|-fieldstart|move: Grassy Terrain|[from] ability: Grassy Surge|[of] p2b: Rillaboom\n|turn|1\n|\n|t:|1737758933\n|-terastallize|p2a: Lunala|Fairy\n|move|p2b: Rillaboom|Fake Out|p1a: Chi-Yu\n|-damage|p1a: Chi-Yu|80\/100\n|move|p1b: Whimsicott|Fake Tears|p2b: Rillaboom\n|-unboost|p2b: Rillaboom|spd|2\n|move|p1a: Chi-Yu|Heat Wave|p2a: Lunala|[spread] p2a,p2b\n|-supereffective|p2b: Rillaboom\n|-damage|p2a: Lunala|80\/100\n|-damage|p2b: Rillaboom|0 fnt\n|-status|p2a: Lunala|brn\n|faint|p2b: Rillaboom\n|move|p2a: Lunala|Meteor Beam||[still]\n|-prepare|p2a: Lunala|Meteor Beam\n|-boost|p2a: Lunala|spa|1\n|-enditem|p2a: Lunala|Power Herb\n|-anim|p2a: Lunala|Meteor Beam|p1a: Chi-Yu\n|-supereffective|p1a: Chi-Yu\n|-damage|p1a: Chi-Yu|0 fnt\n|faint|p1a: Chi-Yu\n|\n|-heal|p2a: Lunala|86\/100 brn|[from] Grassy Terrain\n|-damage|p2a: Lunala|80\/100 brn|[from] brn\n|upkeep\n|\n|t:|1737758963\n|switch|p1a: Urshifu|Urshifu-Rapid-Strike, L50, F|100\/100\n|switch|p2b: Urshifu|Urshifu-Rapid-Strike, L50, F|100\/100\n|turn|2\n|\n|t:|1737758984\n|move|p1b: Whimsicott|Tailwind|p1b: Whimsicott\n|-sidestart|p1: BelinVGC|move: Tailwind\n|move|p1a: Urshifu|Surging Strikes|p2a: Lunala\n|-crit|p2a: Lunala\n|-damage|p2a: Lunala|56\/100 brn\n|-crit|p2a: Lunala\n|-damage|p2a: Lunala|33\/100 brn\n|-crit|p2a: Lunala\n|-damage|p2a: Lunala|7\/100 brn\n|-hitcount|p2a: Lunala|3\n|move|p2b: Urshifu|Close Combat|p1a: Urshifu\n|-damage|p1a: Urshifu|33\/100\n|-unboost|p2b: Urshifu|def|1\n|-unboost|p2b: Urshifu|spd|1\n|move|p2a: Lunala|Dazzling Gleam|p1a: Urshifu|[spread] p1a,p1b\n|-supereffective|p1a: Urshifu\n|-damage|p1a: Urshifu|0 fnt\n|-damage|p1b: Whimsicott|11\/100\n|faint|p1a: Urshifu\n|\n|-heal|p1b: Whimsicott|17\/100|[from] Grassy Terrain\n|-heal|p2a: Lunala|13\/100 brn|[from] Grassy Terrain\n|-damage|p2a: Lunala|7\/100 brn|[from] brn\n|upkeep\n|\n|t:|1737758993\n|switch|p1a: Miraidon|Miraidon, L50|100\/100\n|-fieldstart|move: Electric Terrain|[from] ability: Hadron Engine|[of] p1a: Miraidon\n|turn|3\n|\n|t:|1737759001\n|-terastallize|p1a: Miraidon|Fairy\n|move|p2b: Urshifu|Detect|p2b: Urshifu\n|-singleturn|p2b: Urshifu|Protect\n|move|p1a: Miraidon|Dazzling Gleam|p2a: Lunala|[spread] p2a\n|-activate|p2b: Urshifu|move: Protect\n|-damage|p2a: Lunala|0 fnt\n|faint|p2a: Lunala\n|move|p1b: Whimsicott|Endeavor|p2b: Urshifu\n|-activate|p2b: Urshifu|move: Protect\n|\n|upkeep\n|\n|t:|1737759007\n|switch|p2a: Landorus|Landorus, L50, M|100\/100\n|turn|4\n|\n|t:|1737759017\n|move|p2b: Urshifu|Aqua Jet|p1a: Miraidon\n|-damage|p1a: Miraidon|78\/100\n|move|p1a: Miraidon|Dazzling Gleam|p2a: Landorus|[spread] p2a,p2b\n|-supereffective|p2b: Urshifu\n|-damage|p2a: Landorus|37\/100\n|-enditem|p2b: Urshifu|Focus Sash\n|-damage|p2b: Urshifu|1\/100\n|move|p1b: Whimsicott|Endeavor|p2a: Landorus\n|-damage|p2a: Landorus|14\/100\n|move|p2a: Landorus|Sludge Bomb|p1a: Miraidon\n|-supereffective|p1a: Miraidon\n|-crit|p1a: Miraidon\n|-damage|p1a: Miraidon|0 fnt\n|faint|p1a: Miraidon\n|\n|upkeep\n|turn|5\n|-message|BelinVGC forfeited.\n|\n|win|mejian poke poke\n|raw|BelinVGC's rating: 1545 &rarr; <strong>1528<\/strong><br \/>(-17 for losing)\n|raw|mejian poke poke's rating: 1599 &rarr; <strong>1616<\/strong><br \/>(+17 for winning)\n|l|\u2606mejian poke poke\n|player|p2|\n|l|\u2606BelinVGC\n|player|p1|\n","uploadtime":1737759269,"views":4,"formatid":"gen9vgc2025regg","rating":1528,"private":0,"password":null}