{"id":"gen9vgc2025regg-2287625743","format":"[Gen 9] VGC 2025 Reg G","players":["mejian poke poke","Angelo Neres"],"log":"|j|\u2606mejian poke poke\n|j|\u2606Angelo Neres\n|t:|1737759033\n|gametype|doubles\n|player|p1|mejian poke poke|266|1616\n|player|p2|Angelo Neres|169|1590\n|teamsize|p1|6\n|teamsize|p2|6\n|gen|9\n|tier|[Gen 9] VGC 2025 Reg G\n|rated|\n|rule|Species Clause: Limit one of each Pok\u00e9mon\n|rule|Item Clause: Limit 1 of each item\n|clearpoke\n|poke|p1|Lunala, L50|\n|poke|p1|Maushold, L50|\n|poke|p1|Tornadus, L50, M|\n|poke|p1|Urshifu-*, L50, F|\n|poke|p1|Rillaboom, L50, M|\n|poke|p1|Landorus, L50, M|\n|poke|p2|Groudon, L50|\n|poke|p2|Moltres-Galar, L50|\n|poke|p2|Scream Tail, L50|\n|poke|p2|Grimmsnarl, L50, M|\n|poke|p2|Cobalion, L50|\n|poke|p2|Amoonguss, L50, M|\n|teampreview|4\n|inactive|Battle timer is ON: inactive players will automatically lose when time's up. (requested by Angelo Neres)\n|\n|t:|1737759056\n|start\n|switch|p1a: Lunala|Lunala, L50|100\/100\n|switch|p1b: Maushold|Maushold, L50|100\/100\n|switch|p2a: Grimmsnarl|Grimmsnarl, L50, M, shiny|100\/100\n|switch|p2b: Scream Tail|Scream Tail, L50, shiny|100\/100\n|turn|1\n|\n|t:|1737759065\n|move|p1a: Lunala|Protect|p1a: Lunala\n|-singleturn|p1a: Lunala|Protect\n|move|p2a: Grimmsnarl|Light Screen|p2a: Grimmsnarl\n|-sidestart|p2: Angelo Neres|move: Light Screen\n|move|p2b: Scream Tail|Thunder Wave|p1a: Lunala\n|-activate|p1a: Lunala|move: Protect\n|move|p1b: Maushold|Taunt|p2b: Scream Tail\n|-start|p2b: Scream Tail|move: Taunt\n|-enditem|p2b: Scream Tail|Mental Herb\n|-end|p2b: Scream Tail|move: Taunt\n|\n|upkeep\n|turn|2\n|\n|t:|1737759083\n|move|p1b: Maushold|Follow Me|p1b: Maushold\n|-singleturn|p1b: Maushold|move: Follow Me\n|move|p2a: Grimmsnarl|Parting Shot|p1b: Maushold\n|-unboost|p1b: Maushold|atk|1\n|-unboost|p1b: Maushold|spa|1\n|\n|t:|1737759088\n|switch|p2a: Moltres|Moltres-Galar, L50, shiny|100\/100|[from] Parting Shot\n|move|p2b: Scream Tail|Disable|p1b: Maushold\n|-start|p1b: Maushold|Disable|Follow Me\n|move|p1a: Lunala|Meteor Beam||[still]\n|-prepare|p1a: Lunala|Meteor Beam\n|-boost|p1a: Lunala|spa|1\n|-enditem|p1a: Lunala|Power Herb\n|-anim|p1a: Lunala|Meteor Beam|p2b: Scream Tail|[miss]\n|-miss|p1a: Lunala|p2b: Scream Tail\n|\n|upkeep\n|turn|3\n|inactive|mejian poke poke has 30 seconds left.\n|inactive|mejian poke poke has 20 seconds left.\n|\n|t:|1737759126\n|-terastallize|p1a: Lunala|Fairy\n|move|p1b: Maushold|Helping Hand|p1a: Lunala\n|-singleturn|p1a: Lunala|Helping Hand|[of] p1b: Maushold\n|move|p2b: Scream Tail|Encore|p1a: Lunala\n|-start|p1a: Lunala|Encore\n|move|p1a: Lunala|Meteor Beam||[still]\n|-prepare|p1a: Lunala|Meteor Beam\n|-boost|p1a: Lunala|spa|1\n|move|p2a: Moltres|Fiery Wrath|p1b: Maushold|[spread] p1a,p1b\n|-resisted|p1a: Lunala\n|-damage|p1a: Lunala|96\/100\n|-damage|p1b: Maushold|67\/100\n|\n|upkeep\n|turn|4\n|\n|t:|1737759140\n|move|p2b: Scream Tail|Disable|p1a: Lunala\n|-start|p1a: Lunala|Disable|Meteor Beam\n|move|p1b: Maushold|Super Fang|p2b: Scream Tail\n|-damage|p2b: Scream Tail|50\/100\n|cant|p1a: Lunala|Disable|Meteor Beam\n|move|p2a: Moltres|Fiery Wrath|p1b: Maushold|[spread] p1a,p1b\n|-resisted|p1a: Lunala\n|-damage|p1a: Lunala|88\/100\n|-damage|p1b: Maushold|34\/100\n|\n|upkeep\n|turn|5\n|\n|t:|1737759159\n|move|p2a: Moltres|Protect|p2a: Moltres\n|-singleturn|p2a: Moltres|Protect\n|move|p2b: Scream Tail|Thunder Wave|p1b: Maushold\n|-status|p1b: Maushold|par\n|-activate|p1a: Lunala|move: Struggle\n|move|p1a: Lunala|Struggle|p2b: Scream Tail\n|-damage|p2b: Scream Tail|42\/100\n|-damage|p1a: Lunala|63\/100|[from] recoil\n|move|p1b: Maushold|Super Fang|p2a: Moltres\n|-activate|p2a: Moltres|move: Protect\n|\n|-end|p1a: Lunala|Encore\n|-sideend|p2: Angelo Neres|move: Light Screen\n|upkeep\n|turn|6\n|\n|t:|1737759182\n|switch|p1b: Tornadus|Tornadus, L50, M|100\/100\n|move|p1a: Lunala|Protect|p1a: Lunala\n|-singleturn|p1a: Lunala|Protect\n|move|p2b: Scream Tail|Thunder Wave|p1a: Lunala\n|-activate|p1a: Lunala|move: Protect\n|move|p2a: Moltres|Air Slash|p1a: Lunala\n|-activate|p1a: Lunala|move: Protect\n|\n|upkeep\n|turn|7\n|\n|t:|1737759190\n|switch|p2a: Groudon|Groudon, L50, shiny|100\/100\n|-weather|SunnyDay|[from] ability: Drought|[of] p2a: Groudon\n|-activate|p2b: Scream Tail|ability: Protosynthesis\n|-start|p2b: Scream Tail|protosynthesisspe\n|move|p1b: Tornadus|Tailwind|p1b: Tornadus\n|-sidestart|p1: mejian poke poke|move: Tailwind\n|move|p2b: Scream Tail|Encore|p1a: Lunala\n|-start|p1a: Lunala|Encore\n|move|p1a: Lunala|Protect||[still]\n|-fail|p1a: Lunala\n|\n|-weather|SunnyDay|[upkeep]\n|-end|p1a: Lunala|Disable\n|upkeep\n|turn|8\n|-message|mejian poke poke forfeited.\n|\n|win|Angelo Neres\n|raw|mejian poke poke's rating: 1616 &rarr; <strong>1595<\/strong><br \/>(-21 for losing)\n|raw|Angelo Neres's rating: 1590 &rarr; <strong>1611<\/strong><br \/>(+21 for winning)\n|l|\u2606mejian poke poke\n|player|p1|\n|l|\u2606Angelo Neres\n|player|p2|\n|j| Teroux\n","uploadtime":1737759407,"views":4,"formatid":"gen9vgc2025regg","rating":1595,"private":0,"password":null}