{"id":"gen9vgc2025regg-2287766565","format":"[Gen 9] VGC 2025 Reg G","players":["Moon7777","Zakmancho"],"log":"|j|\u2606Moon7777\n|j|\u2606Zakmancho\n|t:|1737778155\n|gametype|doubles\n|player|p1|Moon7777|265|1593\n|player|p2|Zakmancho|265|1672\n|teamsize|p1|6\n|teamsize|p2|6\n|gen|9\n|tier|[Gen 9] VGC 2025 Reg G\n|rated|\n|rule|Species Clause: Limit one of each Pok\u00e9mon\n|rule|Item Clause: Limit 1 of each item\n|clearpoke\n|poke|p1|Grimmsnarl, L50, M|\n|poke|p1|Landorus, L50, M|\n|poke|p1|Calyrex-Ice, L50|\n|poke|p1|Pelipper, L50, F|\n|poke|p1|Urshifu-*, L50, F|\n|poke|p1|Rillaboom, L50, F|\n|poke|p2|Calyrex-Ice, L50|\n|poke|p2|Raging Bolt, L50|\n|poke|p2|Flutter Mane, L50|\n|poke|p2|Urshifu-*, L50, F|\n|poke|p2|Murkrow, L50, M|\n|poke|p2|Ogerpon-Cornerstone, L50, F|\n|teampreview|4\n|inactive|Battle timer is ON: inactive players will automatically lose when time's up. (requested by Zakmancho)\n|inactive|Moon7777 has 60 seconds left.\n|inactive|Zakmancho has 60 seconds left.\n|\n|t:|1737778188\n|start\n|switch|p1a: Landorus|Landorus, L50, M|100\/100\n|switch|p1b: Urshifu|Urshifu-Rapid-Strike, L50, F|100\/100\n|switch|p2a: Calyrex|Calyrex-Ice, L50|100\/100\n|switch|p2b: Murkrow|Murkrow, L50, M|100\/100\n|-ability|p2a: Calyrex|As One\n|-ability|p2a: Calyrex|Unnerve\n|turn|1\n|\n|t:|1737778199\n|-terastallize|p1a: Landorus|Water\n|move|p2b: Murkrow|Tailwind|p2b: Murkrow\n|-sidestart|p2: Zakmancho|move: Tailwind\n|move|p1b: Urshifu|Surging Strikes|p2a: Calyrex\n|-crit|p2a: Calyrex\n|-damage|p2a: Calyrex|88\/100\n|-crit|p2a: Calyrex\n|-damage|p2a: Calyrex|73\/100\n|-crit|p2a: Calyrex\n|-damage|p2a: Calyrex|60\/100\n|-hitcount|p2a: Calyrex|3\n|move|p2a: Calyrex|Glacial Lance|p1b: Urshifu|[spread] p1a,p1b\n|-resisted|p1a: Landorus\n|-resisted|p1b: Urshifu\n|-crit|p1b: Urshifu\n|-damage|p1a: Landorus|66\/100\n|-damage|p1b: Urshifu|52\/100\n|move|p1a: Landorus|Earth Power|p2a: Calyrex\n|-damage|p2a: Calyrex|4\/100\n|\n|upkeep\n|turn|2\n|inactive|Moon7777 has 30 seconds left.\n|inactive|Moon7777 has 20 seconds left.\n|\n|t:|1737778236\n|switch|p1a: Grimmsnarl|Grimmsnarl, L50, M|100\/100\n|move|p2b: Murkrow|Thunder Wave|p1b: Urshifu\n|-status|p1b: Urshifu|par\n|move|p2a: Calyrex|Glacial Lance|p1b: Urshifu|[spread] p1a,p1b\n|-crit|p1a: Grimmsnarl\n|-resisted|p1b: Urshifu\n|-crit|p1b: Urshifu\n|-damage|p1a: Grimmsnarl|0 fnt\n|-damage|p1b: Urshifu|6\/100 par\n|faint|p1a: Grimmsnarl\n|-ability|p2a: Calyrex|Chilling Neigh|boost\n|-boost|p2a: Calyrex|atk|1\n|move|p1b: Urshifu|Surging Strikes|p2a: Calyrex\n|-crit|p2a: Calyrex\n|-damage|p2a: Calyrex|0 fnt\n|faint|p2a: Calyrex\n|-hitcount|p2: Calyrex|1\n|\n|upkeep\n|\n|t:|1737778254\n|switch|p2a: Raging Bolt|Raging Bolt, L50|100\/100\n|switch|p1a: Calyrex|Calyrex-Ice, L50|100\/100\n|-ability|p1a: Calyrex|As One\n|-ability|p1a: Calyrex|Unnerve\n|turn|3\n|\n|t:|1737778276\n|-terastallize|p2b: Murkrow|Water\n|move|p2a: Raging Bolt|Thunderbolt|p1a: Calyrex\n|-damage|p1a: Calyrex|68\/100\n|-damage|p2a: Raging Bolt|91\/100|[from] item: Life Orb\n|move|p2b: Murkrow|Foul Play|p1a: Calyrex\n|-supereffective|p1a: Calyrex\n|-damage|p1a: Calyrex|0 fnt\n|faint|p1a: Calyrex\n|move|p1b: Urshifu|Surging Strikes|p2a: Raging Bolt\n|-resisted|p2a: Raging Bolt\n|-crit|p2a: Raging Bolt\n|-damage|p2a: Raging Bolt|81\/100\n|-resisted|p2a: Raging Bolt\n|-crit|p2a: Raging Bolt\n|-damage|p2a: Raging Bolt|71\/100\n|-resisted|p2a: Raging Bolt\n|-crit|p2a: Raging Bolt\n|-damage|p2a: Raging Bolt|62\/100\n|-hitcount|p2a: Raging Bolt|3\n|\n|upkeep\n|\n|t:|1737778288\n|switch|p1a: Landorus|Landorus, L50, M, tera:Water|66\/100\n|turn|4\n|\n|t:|1737778300\n|move|p2b: Murkrow|Thunder Wave|p1a: Landorus|[miss]\n|-miss|p2b: Murkrow|p1a: Landorus\n|move|p2a: Raging Bolt|Thunderbolt|p1a: Landorus\n|-supereffective|p1a: Landorus\n|-damage|p1a: Landorus|0 fnt\n|faint|p1a: Landorus\n|-damage|p2a: Raging Bolt|52\/100|[from] item: Life Orb\n|move|p1b: Urshifu|Surging Strikes|p2b: Murkrow\n|-resisted|p2b: Murkrow\n|-crit|p2b: Murkrow\n|-damage|p2b: Murkrow|87\/100\n|-resisted|p2b: Murkrow\n|-crit|p2b: Murkrow\n|-damage|p2b: Murkrow|74\/100\n|-resisted|p2b: Murkrow\n|-crit|p2b: Murkrow\n|-damage|p2b: Murkrow|61\/100\n|-hitcount|p2b: Murkrow|3\n|\n|-sideend|p2: Zakmancho|move: Tailwind\n|upkeep\n|turn|5\n|\n|t:|1737778313\n|move|p2a: Raging Bolt|Thunderbolt|p1b: Urshifu\n|-supereffective|p1b: Urshifu\n|-damage|p1b: Urshifu|0 fnt\n|faint|p1b: Urshifu\n|-damage|p2a: Raging Bolt|43\/100|[from] item: Life Orb\n|\n|win|Zakmancho\n|raw|Moon7777's rating: 1593 &rarr; <strong>1577<\/strong><br \/>(-16 for losing)\n|raw|Zakmancho's rating: 1672 &rarr; <strong>1688<\/strong><br \/>(+16 for winning)\n|l|\u2606Zakmancho\n|player|p2|\n|l|\u2606Moon7777\n|player|p1|\n","uploadtime":1737778572,"views":3,"formatid":"gen9vgc2025regg","rating":1577,"private":0,"password":null}