{"id":"gen9vgc2025regg-2287986914","format":"[Gen 9] VGC 2025 Reg G","players":["Doc_MrMega","Angelo Neres"],"log":"|j|\u2606Doc_MrMega\n|j|\u2606Angelo Neres\n|t:|1737818932\n|gametype|doubles\n|player|p1|Doc_MrMega|lucas|1610\n|player|p2|Angelo Neres|101|1558\n|teamsize|p1|6\n|teamsize|p2|6\n|gen|9\n|tier|[Gen 9] VGC 2025 Reg G\n|rated|\n|rule|Species Clause: Limit one of each Pok\u00e9mon\n|rule|Item Clause: Limit 1 of each item\n|clearpoke\n|poke|p1|Kyogre, L50|\n|poke|p1|Tornadus, L50, M|\n|poke|p1|Urshifu-*, L50, F|\n|poke|p1|Basculegion, L50, M|\n|poke|p1|Tsareena, L50, F|\n|poke|p1|Landorus, L50, M|\n|poke|p2|Groudon, L50|\n|poke|p2|Moltres-Galar, L50|\n|poke|p2|Scream Tail, L50|\n|poke|p2|Grimmsnarl, L50, M|\n|poke|p2|Cobalion, L50|\n|poke|p2|Amoonguss, L50, M|\n|teampreview|4\n|inactive|Battle timer is ON: inactive players will automatically lose when time's up. (requested by Doc_MrMega)\n|j| sqwrlyd00d\n|inactive|Angelo Neres has 60 seconds left.\n|l| sqwrlyd00d\n|inactive|Angelo Neres has 30 seconds left.\n|inactive|Angelo Neres has 20 seconds left.\n|inactive|Angelo Neres has 15 seconds left.\n|inactive|Angelo Neres has 10 seconds left.\n|inactive|Angelo Neres has 5 seconds left.\n|\n|t:|1737819024\n|start\n|switch|p1a: Tornadus|Tornadus, L50, M|100\/100\n|switch|p1b: Kyogre|Kyogre, L50|100\/100\n|switch|p2a: Grimmsnarl|Grimmsnarl, L50, M, shiny|100\/100\n|switch|p2b: Scream Tail|Scream Tail, L50, shiny|100\/100\n|-weather|RainDance|[from] ability: Drizzle|[of] p1b: Kyogre\n|turn|1\n|\n|t:|1737819036\n|move|p2a: Grimmsnarl|Parting Shot|p1b: Kyogre\n|-unboost|p1b: Kyogre|atk|1\n|-unboost|p1b: Kyogre|spa|1\n|\n|t:|1737819038\n|switch|p2a: Groudon|Groudon, L50, shiny|100\/100|[from] Parting Shot\n|-weather|SunnyDay|[from] ability: Drought|[of] p2a: Groudon\n|-activate|p2b: Scream Tail|ability: Protosynthesis\n|-start|p2b: Scream Tail|protosynthesisspe\n|move|p2b: Scream Tail|Thunder Wave|p1b: Kyogre\n|-status|p1b: Kyogre|par\n|move|p1a: Tornadus|Bleakwind Storm|p2a: Groudon|[spread] p2a,p2b\n|-damage|p2a: Groudon|79\/100\n|-damage|p2b: Scream Tail|73\/100\n|move|p1b: Kyogre|Water Spout|p2b: Scream Tail|[spread] p2a,p2b\n|-supereffective|p2a: Groudon\n|-damage|p2a: Groudon|48\/100\n|-damage|p2b: Scream Tail|57\/100\n|\n|-weather|SunnyDay|[upkeep]\n|upkeep\n|turn|2\n|inactive|Angelo Neres has 30 seconds left.\n|j| Claarity\n|inactive|Angelo Neres has 20 seconds left.\n|\n|t:|1737819077\n|switch|p2a: Moltres|Moltres-Galar, L50, shiny|100\/100\n|move|p1a: Tornadus|Tailwind|p1a: Tornadus\n|-sidestart|p1: Doc_MrMega|move: Tailwind\n|move|p2b: Scream Tail|Disable|p1a: Tornadus\n|-start|p1a: Tornadus|Disable|Tailwind\n|move|p1b: Kyogre|Water Spout|p2a: Moltres|[spread] p2a,p2b\n|-damage|p2a: Moltres|84\/100\n|-damage|p2b: Scream Tail|41\/100\n|\n|-weather|SunnyDay|[upkeep]\n|upkeep\n|turn|3\n|\n|t:|1737819094\n|move|p1a: Tornadus|Rain Dance|p1a: Tornadus\n|-weather|RainDance\n|-end|p2b: Scream Tail|Protosynthesis\n|move|p2b: Scream Tail|Thunder Wave|p1a: Tornadus\n|-status|p1a: Tornadus|par\n|move|p1b: Kyogre|Water Spout|p2b: Scream Tail|[spread] p2a,p2b\n|-damage|p2a: Moltres|29\/100\n|-damage|p2b: Scream Tail|0 fnt\n|faint|p2b: Scream Tail\n|-end|p2b: Scream Tail|Protosynthesis|[silent]\n|-ability|p2a: Moltres|Berserk|boost\n|-boost|p2a: Moltres|spa|1\n|-enditem|p2a: Moltres|Sitrus Berry|[eat]\n|-heal|p2a: Moltres|54\/100|[from] item: Sitrus Berry\n|move|p2a: Moltres|Fiery Wrath|p1b: Kyogre|[spread] p1a,p1b\n|-damage|p1a: Tornadus|49\/100 par\n|-damage|p1b: Kyogre|79\/100 par\n|\n|-weather|RainDance|[upkeep]\n|upkeep\n|inactive|Angelo Neres has 30 seconds left.\n|inactive|Angelo Neres has 20 seconds left.\n|\n|t:|1737819133\n|switch|p2b: Grimmsnarl|Grimmsnarl, L50, M, shiny|100\/100\n|turn|4\n|\n|t:|1737819141\n|move|p2a: Moltres|Protect|p2a: Moltres\n|-singleturn|p2a: Moltres|Protect\n|move|p1a: Tornadus|Rain Dance||[still]\n|-fail|p1a: Tornadus\n|move|p2b: Grimmsnarl|Light Screen|p2b: Grimmsnarl\n|-sidestart|p2: Angelo Neres|move: Light Screen\n|move|p1b: Kyogre|Water Spout|p2b: Grimmsnarl|[spread] p2b\n|-activate|p2a: Moltres|move: Protect\n|-damage|p2b: Grimmsnarl|63\/100\n|\n|-weather|RainDance|[upkeep]\n|upkeep\n|turn|5\n|\n|t:|1737819154\n|move|p1a: Tornadus|Rain Dance||[still]\n|-fail|p1a: Tornadus\n|move|p2b: Grimmsnarl|Parting Shot|p1b: Kyogre\n|-unboost|p1b: Kyogre|atk|1\n|-unboost|p1b: Kyogre|spa|1\n|\n|t:|1737819159\n|switch|p2b: Groudon|Groudon, L50, shiny|48\/100|[from] Parting Shot\n|-weather|SunnyDay|[from] ability: Drought|[of] p2b: Groudon\n|move|p1b: Kyogre|Water Spout|p2b: Groudon|[spread] p2a,p2b\n|-supereffective|p2b: Groudon\n|-damage|p2a: Moltres|46\/100\n|-damage|p2b: Groudon|37\/100\n|-ability|p2a: Moltres|Berserk|boost\n|-boost|p2a: Moltres|spa|1\n|move|p2a: Moltres|Fiery Wrath|p1b: Kyogre|[spread] p1a,p1b\n|-damage|p1a: Tornadus|0 fnt\n|-damage|p1b: Kyogre|47\/100 par\n|faint|p1a: Tornadus\n|\n|-weather|SunnyDay|[upkeep]\n|-sideend|p1: Doc_MrMega|move: Tailwind\n|upkeep\n|\n|t:|1737819174\n|switch|p1a: Urshifu|Urshifu-Rapid-Strike, L50, F|100\/100\n|turn|6\n|\n|t:|1737819184\n|switch|p1b: Basculegion|Basculegion, L50, M|100\/100\n|move|p1a: Urshifu|Surging Strikes|p2b: Groudon\n|-supereffective|p2b: Groudon\n|-crit|p2b: Groudon\n|-damage|p2b: Groudon|16\/100\n|-supereffective|p2b: Groudon\n|-crit|p2b: Groudon\n|-damage|p2b: Groudon|0 fnt\n|faint|p2b: Groudon\n|-hitcount|p2: Groudon|2\n|move|p2a: Moltres|Tailwind|p2a: Moltres\n|-sidestart|p2: Angelo Neres|move: Tailwind\n|\n|-weather|SunnyDay|[upkeep]\n|upkeep\n|\n|t:|1737819190\n|switch|p2b: Grimmsnarl|Grimmsnarl, L50, M, shiny|63\/100\n|turn|7\n|\n|t:|1737819207\n|switch|p1b: Kyogre|Kyogre, L50|47\/100 par\n|-weather|RainDance|[from] ability: Drizzle|[of] p1b: Kyogre\n|-terastallize|p2a: Moltres|Grass\n|move|p2a: Moltres|Fiery Wrath|p1a: Urshifu|[spread] p1a,p1b\n|-resisted|p1a: Urshifu\n|-damage|p1a: Urshifu|60\/100\n|-damage|p1b: Kyogre|15\/100 par\n|move|p2b: Grimmsnarl|Spirit Break|p1a: Urshifu\n|-supereffective|p1a: Urshifu\n|-damage|p1a: Urshifu|0 fnt\n|faint|p1a: Urshifu\n|\n|-weather|RainDance|[upkeep]\n|upkeep\n|\n|t:|1737819221\n|switch|p1a: Basculegion|Basculegion, L50, M|100\/100\n|turn|8\n|\n|t:|1737819230\n|-terastallize|p1a: Basculegion|Grass\n|move|p2b: Grimmsnarl|Reflect|p2b: Grimmsnarl\n|-sidestart|p2: Angelo Neres|Reflect\n|move|p1a: Basculegion|Last Respects|p2a: Moltres\n|-damage|p2a: Moltres|0 fnt\n|faint|p2a: Moltres\n|-damage|p1a: Basculegion|91\/100|[from] item: Life Orb\n|move|p1b: Kyogre|Origin Pulse|p2b: Grimmsnarl|[miss]\n|-miss|p1b: Kyogre|p2b: Grimmsnarl\n|\n|-weather|RainDance|[upkeep]\n|-sideend|p2: Angelo Neres|move: Light Screen\n|upkeep\n|turn|9\n|-message|Angelo Neres forfeited.\n|\n|win|Doc_MrMega\n|raw|Doc_MrMega's rating: 1610 &rarr; <strong>1627<\/strong><br \/>(+17 for winning)\n|raw|Angelo Neres's rating: 1558 &rarr; <strong>1541<\/strong><br \/>(-17 for losing)\n|l|\u2606Angelo Neres\n|player|p2|\n|l|\u2606Doc_MrMega\n|player|p1|\n|l| Claarity\n","uploadtime":1737819520,"views":9,"formatid":"gen9vgc2025regg","rating":1541,"private":0,"password":null}