{"id":"gen9vgc2025regg-2287725176","format":"[Gen 9] VGC 2025 Reg G","players":["Ch.6 WeatherReport","something123"],"log":"|j|\u2606Ch.6 WeatherReport\n|j|\u2606something123\n|t:|1737772200\n|gametype|doubles\n|player|p1|Ch.6 WeatherReport|interviewers|1567\n|player|p2|something123|101|1773\n|teamsize|p1|6\n|teamsize|p2|6\n|gen|9\n|tier|[Gen 9] VGC 2025 Reg G\n|rated|\n|rule|Species Clause: Limit one of each Pok\u00e9mon\n|rule|Item Clause: Limit 1 of each item\n|clearpoke\n|poke|p1|Weezing-Galar, L50, F|\n|poke|p1|Dondozo, L50, M|\n|poke|p1|Calyrex-Shadow, L50|\n|poke|p1|Tatsugiri-Droopy, L50, F|\n|poke|p1|Indeedee-F, L50, F|\n|poke|p1|Chi-Yu, L50|\n|poke|p2|Farigiraf, L50, M|\n|poke|p2|Landorus, L50, M|\n|poke|p2|Calyrex-Ice, L50|\n|poke|p2|Ogerpon-Cornerstone, L50, F|\n|poke|p2|Urshifu-*, L50, F|\n|poke|p2|Regieleki, L50|\n|teampreview|4\n|inactive|Battle timer is ON: inactive players will automatically lose when time's up. (requested by Ch.6 WeatherReport)\n|\n|t:|1737772263\n|start\n|switch|p1a: Chi-Yu|Chi-Yu, L50|100\/100\n|switch|p1b: Calyrex|Calyrex-Shadow, L50|100\/100\n|switch|p2a: Landorus|Landorus, L50, M|100\/100\n|switch|p2b: Regieleki|Regieleki, L50|100\/100\n|-ability|p1b: Calyrex|As One\n|-ability|p1b: Calyrex|Unnerve\n|-ability|p1a: Chi-Yu|Beads of Ruin\n|turn|1\n|j| GexkaXXV\n|inactive|Ch.6 WeatherReport has 30 seconds left.\n|\n|t:|1737772292\n|-terastallize|p1a: Chi-Yu|Normal\n|move|p2b: Regieleki|Protect|p2b: Regieleki\n|-singleturn|p2b: Regieleki|Protect\n|move|p2a: Landorus|Protect|p2a: Landorus\n|-singleturn|p2a: Landorus|Protect\n|move|p1a: Chi-Yu|Snarl|p2b: Regieleki|[spread] \n|-activate|p2a: Landorus|move: Protect\n|-activate|p2b: Regieleki|move: Protect\n|move|p1b: Calyrex|Astral Barrage|p2b: Regieleki|[spread] \n|-activate|p2a: Landorus|move: Protect\n|-activate|p2b: Regieleki|move: Protect\n|\n|upkeep\n|turn|2\n|\n|t:|1737772312\n|-terastallize|p2b: Regieleki|Electric\n|move|p2b: Regieleki|Electroweb|p1b: Calyrex|[spread] p1a,p1b\n|-damage|p1a: Chi-Yu|59\/100\n|-damage|p1b: Calyrex|52\/100\n|-unboost|p1a: Chi-Yu|spe|1\n|-unboost|p1b: Calyrex|spe|1\n|move|p1a: Chi-Yu|Snarl|p2a: Landorus|[spread] p2a,p2b\n|-damage|p2a: Landorus|63\/100\n|-damage|p2b: Regieleki|48\/100\n|-unboost|p2a: Landorus|spa|1\n|-unboost|p2b: Regieleki|spa|1\n|move|p2a: Landorus|Sandsear Storm|p1a: Chi-Yu|[spread] p1a,p1b\n|-damage|p1a: Chi-Yu|17\/100\n|-damage|p1b: Calyrex|0 fnt\n|faint|p1b: Calyrex\n|\n|upkeep\n|\n|t:|1737772326\n|switch|p1b: Dondozo|Dondozo, L50, M|100\/100\n|turn|3\n|\n|t:|1737772342\n|switch|p1a: Tatsugiri|Tatsugiri-Droopy, L50, F, shiny|100\/100\n|-activate|p1a: Tatsugiri|ability: Commander|[of] p1b: Dondozo\n|-boost|p1b: Dondozo|atk|2\n|-boost|p1b: Dondozo|spa|2\n|-boost|p1b: Dondozo|spe|2\n|-boost|p1b: Dondozo|def|2\n|-boost|p1b: Dondozo|spd|2\n|move|p2b: Regieleki|Electroweb|p1b: Dondozo|[spread] p1b\n|-miss|p2b: Regieleki|p1a: Tatsugiri\n|-supereffective|p1b: Dondozo\n|-damage|p1b: Dondozo|65\/100\n|-unboost|p1b: Dondozo|spe|1\n|move|p2a: Landorus|Earth Power|p1b: Dondozo\n|-damage|p1b: Dondozo|32\/100\n|move|p1b: Dondozo|Order Up|p2b: Regieleki\n|-damage|p2b: Regieleki|0 fnt\n|faint|p2b: Regieleki\n|-boost|p1b: Dondozo|def|1\n|\n|-heal|p1b: Dondozo|39\/100|[from] item: Leftovers\n|upkeep\n|\n|t:|1737772359\n|switch|p2b: Farigiraf|Farigiraf, L50, M|100\/100\n|turn|4\n|\n|t:|1737772373\n|move|p2b: Farigiraf|Helping Hand|p2a: Landorus\n|-singleturn|p2a: Landorus|Helping Hand|[of] p2b: Farigiraf\n|move|p1b: Dondozo|Protect|p1b: Dondozo\n|-singleturn|p1b: Dondozo|Protect\n|move|p2a: Landorus|Earth Power|p1b: Dondozo\n|-activate|p1b: Dondozo|move: Protect\n|\n|-heal|p1b: Dondozo|45\/100|[from] item: Leftovers\n|upkeep\n|turn|5\n|j| JB Fightemup\n|\n|t:|1737772396\n|move|p2b: Farigiraf|Helping Hand|p2a: Landorus\n|-singleturn|p2a: Landorus|Helping Hand|[of] p2b: Farigiraf\n|move|p2a: Landorus|Earth Power|p1b: Dondozo\n|-damage|p1b: Dondozo|0 fnt\n|faint|p1b: Dondozo\n|\n|upkeep\n|\n|t:|1737772402\n|switch|p1b: Chi-Yu|Chi-Yu, L50, tera:Normal|17\/100\n|-ability|p1b: Chi-Yu|Beads of Ruin\n|turn|6\n|\n|t:|1737772425\n|move|p1a: Tatsugiri|Helping Hand|p1b: Chi-Yu\n|-singleturn|p1b: Chi-Yu|Helping Hand|[of] p1a: Tatsugiri\n|move|p1b: Chi-Yu|Heat Wave|p2a: Landorus|[spread] \n|-miss|p1b: Chi-Yu|p2a: Landorus\n|-miss|p1b: Chi-Yu|p2b: Farigiraf\n|move|p2a: Landorus|Earth Power|p1b: Chi-Yu\n|-damage|p1b: Chi-Yu|0 fnt\n|faint|p1b: Chi-Yu\n|move|p2b: Farigiraf|Trick Room|p2b: Farigiraf\n|-fieldstart|move: Trick Room|[of] p2b: Farigiraf\n|\n|upkeep\n|turn|7\n|-message|Ch.6 WeatherReport forfeited.\n|\n|win|something123\n|raw|Ch.6 WeatherReport's rating: 1567 &rarr; <strong>1558<\/strong><br \/>(-9 for losing)\n|raw|something123's rating: 1773 &rarr; <strong>1782<\/strong><br \/>(+9 for winning)\n|l|\u2606Ch.6 WeatherReport\n|player|p1|\n|c|\u2606something123|f\n|l|\u2606something123\n|player|p2|\n|l| JB Fightemup\n|l| GexkaXXV\n","uploadtime":1737772623,"views":26,"formatid":"gen9vgc2025regg","rating":1558,"private":0,"password":null}