{"id":"gen9vgc2025regg-2287150079","format":"[Gen 9] VGC 2025 Reg G","players":["Jasondddd","Hang-jama"],"log":"|j|\u2606Jasondddd\n|j|\u2606Hang-jama\n|t:|1737698717\n|gametype|doubles\n|player|p1|Jasondddd|lucas|1576\n|player|p2|Hang-jama|1|1564\n|teamsize|p1|6\n|teamsize|p2|6\n|gen|9\n|tier|[Gen 9] VGC 2025 Reg G\n|rated|\n|rule|Species Clause: Limit one of each Pok\u00e9mon\n|rule|Item Clause: Limit 1 of each item\n|clearpoke\n|poke|p1|Miraidon, L50|\n|poke|p1|Incineroar, L50, F|\n|poke|p1|Tinkaton, L50, F|\n|poke|p1|Whimsicott, L50, M|\n|poke|p1|Ogerpon-Cornerstone, L50, F|\n|poke|p1|Iron Valiant, L50|\n|poke|p2|Kyogre, L50|\n|poke|p2|Tornadus, L50, M|\n|poke|p2|Urshifu-*, L50, M|\n|poke|p2|Rillaboom, L50, M|\n|poke|p2|Iron Hands, L50|\n|poke|p2|Flutter Mane, L50|\n|teampreview|4\n|inactive|Battle timer is ON: inactive players will automatically lose when time's up. (requested by Hang-jama)\n|inactive|Jasondddd has 60 seconds left.\n|\n|t:|1737698784\n|start\n|switch|p1a: Iron Valiant|Iron Valiant, L50|100\/100\n|switch|p1b: Ogerpon|Ogerpon-Cornerstone, L50, F|100\/100\n|switch|p2a: Rillaboom|Rillaboom, L50, M|100\/100\n|switch|p2b: Iron Hands|Iron Hands, L50|100\/100\n|-fieldstart|move: Grassy Terrain|[from] ability: Grassy Surge|[of] p2a: Rillaboom\n|turn|1\n|\n|t:|1737698807\n|-terastallize|p1a: Iron Valiant|Ghost\n|move|p1a: Iron Valiant|Spirit Break|p2b: Iron Hands\n|-supereffective|p2b: Iron Hands\n|-damage|p2b: Iron Hands|43\/100\n|-unboost|p2b: Iron Hands|spa|1\n|move|p1b: Ogerpon|Power Whip|p2b: Iron Hands|[miss]\n|-miss|p1b: Ogerpon|p2b: Iron Hands\n|move|p2a: Rillaboom|U-turn|p1a: Iron Valiant\n|-resisted|p1a: Iron Valiant\n|-damage|p1a: Iron Valiant|86\/100\n|inactive|Hang-jama has 30 seconds left.\n|\n|t:|1737698832\n|switch|p2a: Tornadus|Tornadus, L50, M|100\/100|[from] U-turn\n|move|p2b: Iron Hands|Heavy Slam|p1a: Iron Valiant\n|-damage|p1a: Iron Valiant|23\/100\n|\n|-heal|p1a: Iron Valiant|29\/100|[from] Grassy Terrain\n|-heal|p2b: Iron Hands|49\/100|[from] Grassy Terrain\n|upkeep\n|turn|2\n|inactive|Hang-jama has 30 seconds left.\n|inactive|Hang-jama has 20 seconds left.\n|inactive|Hang-jama has 15 seconds left.\n|\n|t:|1737698873\n|-terastallize|p2b: Iron Hands|Fire\n|move|p2a: Tornadus|Tailwind|p2a: Tornadus\n|-sidestart|p2: Hang-jama|move: Tailwind\n|move|p1a: Iron Valiant|Spirit Break|p2b: Iron Hands\n|-resisted|p2b: Iron Hands\n|-damage|p2b: Iron Hands|35\/100\n|-unboost|p2b: Iron Hands|spa|1\n|move|p1b: Ogerpon|Ivy Cudgel|p2a: Tornadus|[anim] Ivy Cudgel Rock\n|-supereffective|p2a: Tornadus\n|-damage|p2a: Tornadus|0 fnt\n|faint|p2a: Tornadus\n|move|p2b: Iron Hands|Heavy Slam|p1a: Iron Valiant\n|-damage|p1a: Iron Valiant|0 fnt\n|faint|p1a: Iron Valiant\n|-end|p1a: Iron Valiant|Quark Drive|[silent]\n|\n|-heal|p2b: Iron Hands|41\/100|[from] Grassy Terrain\n|upkeep\n|\n|t:|1737698892\n|switch|p1a: Tinkaton|Tinkaton, L50, F|100\/100\n|switch|p2a: Kyogre|Kyogre, L50|100\/100\n|-weather|RainDance|[from] ability: Drizzle|[of] p2a: Kyogre\n|-ability|p1a: Tinkaton|Mold Breaker\n|turn|3\n|\n|t:|1737698909\n|switch|p2a: Rillaboom|Rillaboom, L50, M|100\/100\n|move|p1a: Tinkaton|Feint|p2a: Rillaboom\n|-damage|p2a: Rillaboom|94\/100\n|move|p1b: Ogerpon|Power Whip|p2a: Rillaboom\n|-resisted|p2a: Rillaboom\n|-damage|p2a: Rillaboom|52\/100\n|move|p2b: Iron Hands|Drain Punch|p1b: Ogerpon\n|-supereffective|p1b: Ogerpon\n|-ability|p1b: Ogerpon|Sturdy\n|-damage|p1b: Ogerpon|1\/100\n|-heal|p2b: Iron Hands|75\/100|[from] drain|[of] p1b: Ogerpon\n|\n|-weather|RainDance|[upkeep]\n|-heal|p2a: Rillaboom|58\/100|[from] Grassy Terrain\n|-heal|p1b: Ogerpon|7\/100|[from] Grassy Terrain\n|-heal|p2b: Iron Hands|81\/100|[from] Grassy Terrain\n|upkeep\n|turn|4\n|inactive|Hang-jama has 30 seconds left.\n|\n|t:|1737698939\n|-end|p2b: Iron Hands|Quark Drive|[silent]\n|switch|p2b: Kyogre|Kyogre, L50|100\/100\n|move|p1b: Ogerpon|Spiky Shield|p1b: Ogerpon\n|-singleturn|p1b: Ogerpon|move: Protect\n|move|p2a: Rillaboom|Grassy Glide|p1b: Ogerpon\n|-activate|p1b: Ogerpon|move: Protect\n|-damage|p2a: Rillaboom|46\/100|[from] Spiky Shield|[of] p1b: Ogerpon\n|move|p1a: Tinkaton|Gigaton Hammer|p2a: Rillaboom\n|-crit|p2a: Rillaboom\n|-damage|p2a: Rillaboom|0 fnt\n|faint|p2a: Rillaboom\n|\n|-weather|RainDance|[upkeep]\n|-heal|p1b: Ogerpon|13\/100|[from] Grassy Terrain\n|upkeep\n|\n|t:|1737698955\n|switch|p2a: Iron Hands|Iron Hands, L50, tera:Fire|81\/100\n|turn|5\n|j| yoshi pokemon nerd\n|\n|t:|1737698969\n|move|p2a: Iron Hands|Fake Out|p1a: Tinkaton\n|-resisted|p1a: Tinkaton\n|-damage|p1a: Tinkaton|93\/100\n|-enditem|p1a: Tinkaton|Eject Button\n|l| yoshi pokemon nerd\n|\n|t:|1737698974\n|switch|p1a: Miraidon|Miraidon, L50|100\/100\n|-fieldstart|move: Electric Terrain|[from] ability: Hadron Engine|[of] p1a: Miraidon\n|-activate|p2a: Iron Hands|ability: Quark Drive\n|-start|p2a: Iron Hands|quarkdriveatk\n|move|p2b: Kyogre|Water Spout|p1a: Miraidon|[spread] p1a,p1b\n|-resisted|p1a: Miraidon\n|-damage|p1a: Miraidon|38\/100\n|-damage|p1b: Ogerpon|0 fnt\n|faint|p1b: Ogerpon\n|\n|-weather|RainDance|[upkeep]\n|-sideend|p2: Hang-jama|move: Tailwind\n|upkeep\n|\n|t:|1737698988\n|switch|p1b: Tinkaton|Tinkaton, L50, F|93\/100\n|-ability|p1b: Tinkaton|Mold Breaker\n|turn|6\n|\n|t:|1737698995\n|move|p1b: Tinkaton|Fake Out|p2b: Kyogre\n|-damage|p2b: Kyogre|88\/100\n|move|p1a: Miraidon|Electro Drift|p2a: Iron Hands\n|-damage|p2a: Iron Hands|4\/100\n|cant|p2b: Kyogre|flinch\n|move|p2a: Iron Hands|Drain Punch|p1a: Miraidon\n|-damage|p1a: Miraidon|0 fnt\n|-heal|p2a: Iron Hands|19\/100|[from] drain|[of] p1a: Miraidon\n|faint|p1a: Miraidon\n|\n|-weather|RainDance|[upkeep]\n|upkeep\n|turn|7\n|\n|t:|1737699015\n|move|p2b: Kyogre|Water Spout|p1b: Tinkaton\n|-damage|p1b: Tinkaton|0 fnt\n|faint|p1b: Tinkaton\n|\n|win|Hang-jama\n|raw|Jasondddd's rating: 1576 &rarr; <strong>1555<\/strong><br \/>(-21 for losing)\n|raw|Hang-jama's rating: 1564 &rarr; <strong>1585<\/strong><br \/>(+21 for winning)\n|l|\u2606Jasondddd\n|player|p1|\n|l|\u2606Hang-jama\n|player|p2|\n","uploadtime":1737699186,"views":13,"formatid":"gen9vgc2025regg","rating":1555,"private":0,"password":null}