{"id":"gen9vgc2025regg-2287981987","format":"[Gen 9] VGC 2025 Reg G","players":["bluestraggler01","dman12352"],"log":"|j|\u203dbluestraggler01\n|j|\u2606dman12352\n|t:|1737818276\n|gametype|doubles\n|player|p1|bluestraggler01|102|1586\n|player|p2|dman12352|1|1518\n|teamsize|p1|6\n|teamsize|p2|6\n|gen|9\n|tier|[Gen 9] VGC 2025 Reg G\n|rated|\n|rule|Species Clause: Limit one of each Pok\u00e9mon\n|rule|Item Clause: Limit 1 of each item\n|clearpoke\n|poke|p1|Koraidon, L50|\n|poke|p1|Lilligant-Hisui, L50, F|\n|poke|p1|Walking Wake, L50|\n|poke|p1|Raging Bolt, L50|\n|poke|p1|Kingambit, L50, F|\n|poke|p1|Volcarona, L50, F|\n|poke|p2|Urshifu-*, L50, M|\n|poke|p2|Whimsicott, L50, M|\n|poke|p2|Ogerpon-Hearthflame, L50, F|\n|poke|p2|Miraidon, L50|\n|poke|p2|Farigiraf, L50, F|\n|poke|p2|Iron Hands, L50|\n|teampreview|4\n|inactive|Battle timer is ON: inactive players will automatically lose when time's up. (requested by dman12352)\n|\n|t:|1737818287\n|start\n|switch|p1a: Volcarona|Volcarona, L50, F|100\/100\n|switch|p1b: Koraidon|Koraidon, L50|100\/100\n|switch|p2a: Ogerpon|Ogerpon-Hearthflame, L50, F|100\/100\n|switch|p2b: Miraidon|Miraidon, L50|100\/100\n|-fieldstart|move: Electric Terrain|[from] ability: Hadron Engine|[of] p2b: Miraidon\n|-weather|SunnyDay|[from] ability: Orichalcum Pulse|[of] p1b: Koraidon\n|-activate|p1b: Koraidon|Orichalcum Pulse|[source]\n|-ability|p2a: Ogerpon|Mold Breaker\n|turn|1\n|j| wsnsssnnn\n|inactive|bluestraggler01 has 30 seconds left.\n|\n|t:|1737818313\n|-terastallize|p1b: Koraidon|Fire\n|move|p2b: Miraidon|Volt Switch|p1b: Koraidon\n|-damage|p1b: Koraidon|32\/100\n|\n|t:|1737818318\n|switch|p2b: Iron Hands|Iron Hands, L50, shiny|100\/100|[from] Volt Switch\n|-activate|p2b: Iron Hands|ability: Quark Drive\n|-start|p2b: Iron Hands|quarkdriveatk\n|move|p1b: Koraidon|Flare Blitz|p2a: Ogerpon\n|-damage|p2a: Ogerpon|0 fnt\n|faint|p2a: Ogerpon\n|-damage|p1b: Koraidon|6\/100|[from] Recoil\n|move|p1a: Volcarona|Tailwind|p1a: Volcarona\n|-sidestart|p1: bluestraggler01|move: Tailwind\n|\n|-weather|SunnyDay|[upkeep]\n|upkeep\n|\n|t:|1737818327\n|switch|p2a: Whimsicott|Whimsicott, L50, M|100\/100\n|turn|2\n|\n|t:|1737818349\n|switch|p1b: Raging Bolt|Raging Bolt, L50|100\/100\n|-activate|p1b: Raging Bolt|ability: Protosynthesis\n|-start|p1b: Raging Bolt|protosynthesisspa\n|move|p2b: Iron Hands|Fake Out|p1b: Raging Bolt\n|-damage|p1b: Raging Bolt|79\/100\n|move|p2a: Whimsicott|Encore|p1a: Volcarona\n|-start|p1a: Volcarona|Encore\n|move|p1a: Volcarona|Tailwind||[still]\n|-fail|p1a: Volcarona\n|\n|-weather|SunnyDay|[upkeep]\n|upkeep\n|turn|3\n|\n|t:|1737818370\n|switch|p1a: Walking Wake|Walking Wake, L50|100\/100\n|-activate|p1a: Walking Wake|ability: Protosynthesis\n|-start|p1a: Walking Wake|protosynthesisspe\n|move|p1b: Raging Bolt|Thunderbolt|p2a: Whimsicott\n|-resisted|p2a: Whimsicott\n|-damage|p2a: Whimsicott|8\/100\n|-damage|p1b: Raging Bolt|69\/100|[from] item: Life Orb\n|move|p2a: Whimsicott|Moonblast|p1a: Walking Wake\n|-supereffective|p1a: Walking Wake\n|-damage|p1a: Walking Wake|8\/100\n|move|p2b: Iron Hands|Low Kick|p1b: Raging Bolt\n|-damage|p1b: Raging Bolt|0 fnt\n|faint|p1b: Raging Bolt\n|-end|p1b: Raging Bolt|Protosynthesis|[silent]\n|\n|-weather|SunnyDay|[upkeep]\n|upkeep\n|\n|t:|1737818384\n|switch|p1b: Volcarona|Volcarona, L50, F|100\/100\n|turn|4\n|inactive|bluestraggler01 has 30 seconds left.\n|\n|t:|1737818412\n|move|p2a: Whimsicott|Protect|p2a: Whimsicott\n|-singleturn|p2a: Whimsicott|Protect\n|move|p1a: Walking Wake|Protect|p1a: Walking Wake\n|-singleturn|p1a: Walking Wake|Protect\n|move|p1b: Volcarona|Will-O-Wisp|p2b: Iron Hands\n|-status|p2b: Iron Hands|brn\n|move|p2b: Iron Hands|Wild Charge|p1b: Volcarona\n|-damage|p1b: Volcarona|59\/100\n|-damage|p2b: Iron Hands|84\/100 brn|[from] item: Rocky Helmet|[of] p1b: Volcarona\n|-damage|p2b: Iron Hands|76\/100 brn|[from] Recoil\n|\n|-weather|SunnyDay|[upkeep]\n|-damage|p2b: Iron Hands|70\/100 brn|[from] brn\n|-sideend|p1: bluestraggler01|move: Tailwind\n|upkeep\n|turn|5\n|\n|t:|1737818427\n|-end|p1a: Walking Wake|Protosynthesis|[silent]\n|switch|p1a: Koraidon|Koraidon, L50, tera:Fire|6\/100\n|-activate|p1a: Koraidon|ability: Orichalcum Pulse\n|move|p2a: Whimsicott|Encore||[still]\n|-fail|p2a: Whimsicott\n|move|p1b: Volcarona|Tailwind|p1b: Volcarona\n|-sidestart|p1: bluestraggler01|move: Tailwind\n|move|p2b: Iron Hands|Wild Charge|p1b: Volcarona\n|-damage|p1b: Volcarona|20\/100\n|-damage|p2b: Iron Hands|54\/100 brn|[from] item: Rocky Helmet|[of] p1b: Volcarona\n|-damage|p2b: Iron Hands|46\/100 brn|[from] Recoil\n|\n|-weather|none\n|-damage|p2b: Iron Hands|40\/100 brn|[from] brn\n|-fieldend|move: Electric Terrain\n|-end|p2b: Iron Hands|Quark Drive\n|upkeep\n|turn|6\n|inactive|bluestraggler01 has 30 seconds left.\n|\n|t:|1737818459\n|switch|p1a: Walking Wake|Walking Wake, L50|8\/100\n|move|p1b: Volcarona|Rage Powder|p1b: Volcarona\n|-singleturn|p1b: Volcarona|move: Rage Powder\n|move|p2a: Whimsicott|Tailwind|p2a: Whimsicott\n|-sidestart|p2: dman12352|move: Tailwind\n|move|p2b: Iron Hands|Drain Punch|p1b: Volcarona\n|-resisted|p1b: Volcarona\n|-damage|p1b: Volcarona|10\/100\n|-heal|p2b: Iron Hands|44\/100 brn|[from] drain|[of] p1b: Volcarona\n|-damage|p2b: Iron Hands|27\/100 brn|[from] item: Rocky Helmet|[of] p1b: Volcarona\n|\n|-damage|p2b: Iron Hands|21\/100 brn|[from] brn\n|upkeep\n|turn|7\n|\n|t:|1737818488\n|move|p1b: Volcarona|Rage Powder|p1b: Volcarona\n|-singleturn|p1b: Volcarona|move: Rage Powder\n|move|p1a: Walking Wake|Hydro Steam|p2a: Whimsicott\n|-resisted|p2a: Whimsicott\n|-damage|p2a: Whimsicott|0 fnt\n|faint|p2a: Whimsicott\n|move|p2b: Iron Hands|Wild Charge|p1b: Volcarona\n|-crit|p1b: Volcarona\n|-damage|p1b: Volcarona|0 fnt\n|-damage|p2b: Iron Hands|5\/100 brn|[from] item: Rocky Helmet|[of] p1b: Volcarona\n|faint|p1b: Volcarona\n|-damage|p2b: Iron Hands|3\/100 brn|[from] Recoil\n|\n|-damage|p2b: Iron Hands|0 fnt|[from] brn\n|faint|p2b: Iron Hands\n|-end|p2b: Iron Hands|Quark Drive|[silent]\n|upkeep\n|\n|t:|1737818503\n|switch|p1b: Koraidon|Koraidon, L50, tera:Fire|6\/100\n|switch|p2b: Miraidon|Miraidon, L50|100\/100\n|-fieldstart|move: Electric Terrain|[from] ability: Hadron Engine|[of] p2b: Miraidon\n|-weather|SunnyDay|[from] ability: Orichalcum Pulse|[of] p1b: Koraidon\n|-activate|p1a: Walking Wake|ability: Protosynthesis\n|-start|p1a: Walking Wake|protosynthesisspe\n|-activate|p1b: Koraidon|Orichalcum Pulse|[source]\n|turn|8\n|c|\u2606dman12352|gg\n|\n|t:|1737818523\n|-terastallize|p2b: Miraidon|Fairy\n|move|p1a: Walking Wake|Hydro Steam|p2b: Miraidon\n|-crit|p2b: Miraidon\n|-damage|p2b: Miraidon|27\/100\n|move|p2b: Miraidon|Dazzling Gleam|p1a: Walking Wake|[spread] p1a,p1b\n|-supereffective|p1a: Walking Wake\n|-resisted|p1b: Koraidon\n|-damage|p1a: Walking Wake|0 fnt\n|-damage|p1b: Koraidon|0 fnt\n|faint|p1a: Walking Wake\n|-end|p1a: Walking Wake|Protosynthesis|[silent]\n|faint|p1b: Koraidon\n|\n|win|dman12352\n|raw|bluestraggler01's rating: 1586 &rarr; <strong>1562<\/strong><br \/>(-24 for losing)\n|raw|dman12352's rating: 1518 &rarr; <strong>1542<\/strong><br \/>(+24 for winning)\n|l|\u203dbluestraggler01\n|player|p1|\n|l|\u2606dman12352\n|player|p2|\n|l| wsnsssnnn\n","uploadtime":1737818679,"views":7,"formatid":"gen9vgc2025regg","rating":1542,"private":0,"password":null}