{"id":"gen9vgc2025regg-2287494455","format":"[Gen 9] VGC 2025 Reg G","players":["Zoenna55","psych801"],"log":"|j|\u2606Zoenna55\n|j|\u2606psych801\n|t:|1737744910\n|gametype|doubles\n|player|p1|Zoenna55|marley|1638\n|player|p2|psych801|n|1554\n|teamsize|p1|6\n|teamsize|p2|6\n|gen|9\n|tier|[Gen 9] VGC 2025 Reg G\n|rated|\n|rule|Species Clause: Limit one of each Pok\u00e9mon\n|rule|Item Clause: Limit 1 of each item\n|clearpoke\n|poke|p1|Tornadus, L50, M|\n|poke|p1|Urshifu-*, L50, F|\n|poke|p1|Incineroar, L50, F|\n|poke|p1|Kyogre, L50|\n|poke|p1|Tsareena, L50, F|\n|poke|p1|Raging Bolt, L50|\n|poke|p2|Miraidon, L50|\n|poke|p2|Urshifu-*, L50, F|\n|poke|p2|Farigiraf, L50, F|\n|poke|p2|Iron Hands, L50|\n|poke|p2|Whimsicott, L50, M|\n|poke|p2|Ogerpon-Hearthflame, L50, F|\n|teampreview|4\n|inactive|Battle timer is ON: inactive players will automatically lose when time's up. (requested by psych801)\n|inactive|Zoenna55 has 60 seconds left.\n|inactive|psych801 has 60 seconds left.\n|c|\u2606psych801|Glhf\n|inactive|Zoenna55 has 30 seconds left.\n|\n|t:|1737744978\n|start\n|switch|p1a: Incineroar|Incineroar, L50, F|100\/100\n|switch|p1b: Kyogre|Kyogre, L50|100\/100\n|switch|p2a: Wont Stop|Whimsicott, L50, M|100\/100\n|switch|p2b: Nuke|Miraidon, L50|100\/100\n|-fieldstart|move: Electric Terrain|[from] ability: Hadron Engine|[of] p2b: Nuke\n|-weather|RainDance|[from] ability: Drizzle|[of] p1b: Kyogre\n|-ability|p1a: Incineroar|Intimidate|boost\n|-unboost|p2a: Wont Stop|atk|1\n|-unboost|p2b: Nuke|atk|1\n|turn|1\n|j| Jawonblue\n|l| Jawonblue\n|inactive|Zoenna55 has 30 seconds left.\n|inactive|psych801 has 30 seconds left.\n|inactive|Zoenna55 has 20 seconds left.\n|inactive|psych801 has 20 seconds left.\n|inactive|Zoenna55 has 15 seconds left.\n|\n|t:|1737745021\n|switch|p2a: Backwards|Farigiraf, L50, F|100\/100\n|-terastallize|p1b: Kyogre|Grass\n|move|p1a: Incineroar|Fake Out||[still]\n|cant|p2a: Backwards|ability: Armor Tail|Fake Out|[of] p1a: Incineroar\n|move|p2b: Nuke|Volt Switch|p1b: Kyogre\n|-resisted|p1b: Kyogre\n|-damage|p1b: Kyogre|60\/100\n|\n|t:|1737745032\n|switch|p2b: Hank|Iron Hands, L50|100\/100|[from] Volt Switch\n|-activate|p2b: Hank|ability: Quark Drive\n|-start|p2b: Hank|quarkdriveatk\n|move|p1b: Kyogre|Water Spout|p2a: Backwards|[spread] p2a,p2b\n|-damage|p2a: Backwards|38\/100\n|-damage|p2b: Hank|62\/100\n|\n|-weather|RainDance|[upkeep]\n|upkeep\n|turn|2\n|\n|t:|1737745056\n|move|p1b: Kyogre|Protect|p1b: Kyogre\n|-singleturn|p1b: Kyogre|Protect\n|move|p2b: Hank|Fake Out|p1b: Kyogre\n|-activate|p1b: Kyogre|move: Protect\n|move|p1a: Incineroar|Knock Off|p2a: Backwards\n|-supereffective|p2a: Backwards\n|-damage|p2a: Backwards|0 fnt\n|-enditem|p2a: Backwards|Throat Spray|[from] move: Knock Off|[of] p1a: Incineroar\n|faint|p2a: Backwards\n|\n|-weather|RainDance|[upkeep]\n|upkeep\n|j| hopgosh\n|inactive|psych801 has 30 seconds left.\n|\n|t:|1737745087\n|switch|p2a: Nuke|Miraidon, L50|100\/100\n|-activate|p2a: Nuke|ability: Hadron Engine\n|turn|3\n|\n|t:|1737745102\n|switch|p1b: Tsareena|Tsareena, L50, F|100\/100\n|switch|p1a: Raging Bolt|Raging Bolt, L50|100\/100\n|-terastallize|p2a: Nuke|Fairy\n|move|p2a: Nuke|Dazzling Gleam|p1a: Raging Bolt|[spread] p1a,p1b\n|-supereffective|p1a: Raging Bolt\n|-damage|p1a: Raging Bolt|19\/100\n|-damage|p1b: Tsareena|28\/100\n|move|p2b: Hank|Low Kick|p1b: Tsareena\n|-damage|p1b: Tsareena|0 fnt\n|-damage|p2b: Hank|46\/100|[from] item: Rocky Helmet|[of] p1b: Tsareena\n|faint|p1b: Tsareena\n|\n|-weather|RainDance|[upkeep]\n|upkeep\n|\n|t:|1737745121\n|switch|p1b: Incineroar|Incineroar, L50, F|100\/100\n|-ability|p1b: Incineroar|Intimidate|boost\n|-unboost|p2a: Nuke|atk|1\n|-unboost|p2b: Hank|atk|1\n|turn|4\n|inactive|Zoenna55 has 30 seconds left.\n|inactive|Zoenna55 has 20 seconds left.\n|inactive|Zoenna55 has 15 seconds left.\n|inactive|Zoenna55 has 10 seconds left.\n|\n|t:|1737745170\n|switch|p2a: Wont Stop|Whimsicott, L50, M|100\/100\n|move|p1b: Incineroar|Fake Out|p2a: Wont Stop\n|-damage|p2a: Wont Stop|88\/100\n|move|p1a: Raging Bolt|Thunderbolt|p2a: Wont Stop\n|-resisted|p2a: Wont Stop\n|-damage|p2a: Wont Stop|52\/100\n|move|p2b: Hank|Low Kick|p1a: Raging Bolt\n|-damage|p1a: Raging Bolt|0 fnt\n|faint|p1a: Raging Bolt\n|-end|p1a: Raging Bolt|Protosynthesis|[silent]\n|\n|-weather|RainDance|[upkeep]\n|upkeep\n|\n|t:|1737745174\n|switch|p1a: Kyogre|Kyogre, L50, tera:Grass|60\/100\n|turn|5\n|\n|t:|1737745197\n|move|p2a: Wont Stop|Light Screen|p2a: Wont Stop\n|-sidestart|p2: psych801|move: Light Screen\n|move|p1a: Kyogre|Origin Pulse|p2b: Hank|[spread] p2a\n|-miss|p1a: Kyogre|p2b: Hank\n|-resisted|p2a: Wont Stop\n|-damage|p2a: Wont Stop|21\/100\n|move|p1b: Incineroar|Knock Off|p2a: Wont Stop\n|-resisted|p2a: Wont Stop\n|-damage|p2a: Wont Stop|0 fnt\n|-enditem|p2a: Wont Stop|Covert Cloak|[from] move: Knock Off|[of] p1b: Incineroar\n|faint|p2a: Wont Stop\n|move|p2b: Hank|Low Kick|p1a: Kyogre\n|-damage|p1a: Kyogre|0 fnt\n|faint|p1a: Kyogre\n|\n|-weather|none\n|-fieldend|move: Electric Terrain\n|-end|p2b: Hank|Quark Drive\n|upkeep\n|\n|t:|1737745210\n|switch|p2a: Nuke|Miraidon, L50, tera:Fairy|100\/100\n|-fieldstart|move: Electric Terrain|[from] ability: Hadron Engine|[of] p2a: Nuke\n|-activate|p2b: Hank|ability: Quark Drive\n|-start|p2b: Hank|quarkdriveatk\n|turn|6\n|-message|Zoenna55 forfeited.\n|\n|win|psych801\n|raw|Zoenna55's rating: 1638 &rarr; <strong>1613<\/strong><br \/>(-25 for losing)\n|raw|psych801's rating: 1554 &rarr; <strong>1579<\/strong><br \/>(+25 for winning)\n|l|\u2606Zoenna55\n|player|p1|\n|l|\u2606psych801\n|player|p2|\n","uploadtime":1737745400,"views":15,"formatid":"gen9vgc2025regg","rating":1579,"private":0,"password":null}