{"id":"gen9vgc2025regg-2287611660","format":"[Gen 9] VGC 2025 Reg G","players":["Doomguy1016","SL1D"],"log":"|j|\u2606Doomguy1016\n|j|\u2606SL1D\n|t:|1737757334\n|gametype|doubles\n|player|p1|Doomguy1016|red|1563\n|player|p2|SL1D|cyrus-masters|1524\n|teamsize|p1|6\n|teamsize|p2|6\n|gen|9\n|tier|[Gen 9] VGC 2025 Reg G\n|rated|\n|rule|Species Clause: Limit one of each Pok\u00e9mon\n|rule|Item Clause: Limit 1 of each item\n|clearpoke\n|poke|p1|Gouging Fire, L50|\n|poke|p1|Dragonite, L50, M|\n|poke|p1|Tornadus, L50, M|\n|poke|p1|Zacian-*, L50|\n|poke|p1|Flutter Mane, L50|\n|poke|p1|Cresselia, L50, F|\n|poke|p2|Mewtwo, L50|\n|poke|p2|Moltres-Galar, L50|\n|poke|p2|Chien-Pao, L50|\n|poke|p2|Indeedee-F, L50, F|\n|poke|p2|Comfey, L50, M|\n|poke|p2|Whimsicott, L50, F|\n|teampreview|4\n|inactive|Battle timer is ON: inactive players will automatically lose when time's up. (requested by SL1D)\n|inactive|Doomguy1016 has 60 seconds left.\n|\n|t:|1737757388\n|start\n|switch|p1a: Flutter Mane|Flutter Mane, L50|100\/100\n|switch|p1b: Gouging Fire|Gouging Fire, L50|100\/100\n|switch|p2a: Chien-Pao|Chien-Pao, L50|100\/100\n|switch|p2b: Whimsicott|Whimsicott, L50, F, shiny|100\/100\n|-ability|p2a: Chien-Pao|Sword of Ruin\n|-enditem|p1b: Gouging Fire|Booster Energy\n|-activate|p1b: Gouging Fire|ability: Protosynthesis|[fromitem]\n|-start|p1b: Gouging Fire|protosynthesisspe\n|turn|1\n|\n|t:|1737757408\n|-end|p1a: Flutter Mane|Protosynthesis|[silent]\n|switch|p1a: Zacian|Zacian-Crowned, L50|100\/100\n|-ability|p1a: Zacian|Intrepid Sword|boost\n|-boost|p1a: Zacian|atk|1\n|move|p1b: Gouging Fire|Howl|p1b: Gouging Fire|[spread] p1a,p1b\n|-boost|p1a: Zacian|atk|1\n|-boost|p1b: Gouging Fire|atk|1\n|move|p2a: Chien-Pao|Ice Spinner|p1a: Zacian\n|-resisted|p1a: Zacian\n|-crit|p1a: Zacian\n|-damage|p1a: Zacian|65\/100\n|move|p2b: Whimsicott|Moonblast|p1a: Zacian\n|-resisted|p1a: Zacian\n|-damage|p1a: Zacian|50\/100\n|\n|upkeep\n|turn|2\n|j| mistball2\n|\n|t:|1737757431\n|move|p2b: Whimsicott|Encore|p1b: Gouging Fire\n|-start|p1b: Gouging Fire|Encore\n|move|p1b: Gouging Fire|Howl|p1b: Gouging Fire|[spread] p1a,p1b\n|-boost|p1a: Zacian|atk|1\n|-boost|p1b: Gouging Fire|atk|1\n|move|p1a: Zacian|Behemoth Blade|p2b: Whimsicott\n|-supereffective|p2b: Whimsicott\n|-crit|p2b: Whimsicott\n|-damage|p2b: Whimsicott|0 fnt\n|faint|p2b: Whimsicott\n|move|p2a: Chien-Pao|Sacred Sword|p1a: Zacian\n|-damage|p1a: Zacian|11\/100\n|\n|upkeep\n|\n|t:|1737757442\n|switch|p2b: Mewtwo|Mewtwo, L50|100\/100\n|-ability|p2b: Mewtwo|Pressure\n|turn|3\n|\n|t:|1737757450\n|move|p1a: Zacian|Protect|p1a: Zacian\n|-singleturn|p1a: Zacian|Protect\n|move|p2b: Mewtwo|Expanding Force|p1a: Zacian\n|-activate|p1a: Zacian|move: Protect\n|move|p1b: Gouging Fire|Howl|p1b: Gouging Fire|[spread] p1a,p1b\n|-boost|p1a: Zacian|atk|1\n|-boost|p1b: Gouging Fire|atk|1\n|move|p2a: Chien-Pao|Ice Spinner|p1b: Gouging Fire\n|-damage|p1b: Gouging Fire|52\/100\n|\n|upkeep\n|turn|4\n|\n|t:|1737757463\n|switch|p2a: Indeedee|Indeedee-F, L50, F|100\/100\n|-fieldstart|move: Psychic Terrain|[from] ability: Psychic Surge|[of] p2a: Indeedee\n|-enditem|p2a: Indeedee|Psychic Seed\n|-boost|p2a: Indeedee|spd|1|[from] item: Psychic Seed\n|move|p2b: Mewtwo|Expanding Force|p1a: Zacian|[spread] p1a,p1b\n|-resisted|p1a: Zacian\n|-damage|p1a: Zacian|0 fnt\n|-damage|p1b: Gouging Fire|0 fnt\n|faint|p1a: Zacian\n|faint|p1b: Gouging Fire\n|-end|p1b: Gouging Fire|Protosynthesis|[silent]\n|\n|upkeep\n|\n|t:|1737757471\n|switch|p1a: Flutter Mane|Flutter Mane, L50|100\/100\n|switch|p1b: Cresselia|Cresselia, L50, F|100\/100\n|turn|5\n|\n|t:|1737757482\n|move|p2a: Indeedee|Helping Hand|p2b: Mewtwo\n|-singleturn|p2b: Mewtwo|Helping Hand|[of] p2a: Indeedee\n|move|p1b: Cresselia|Helping Hand|p1a: Flutter Mane\n|-singleturn|p1a: Flutter Mane|Helping Hand|[of] p1b: Cresselia\n|move|p2b: Mewtwo|Expanding Force|p1b: Cresselia|[spread] p1a,p1b\n|-crit|p1a: Flutter Mane\n|-resisted|p1b: Cresselia\n|-damage|p1a: Flutter Mane|0 fnt\n|-damage|p1b: Cresselia|77\/100\n|faint|p1a: Flutter Mane\n|-end|p1a: Flutter Mane|Protosynthesis|[silent]\n|\n|upkeep\n|turn|6\n|-message|Doomguy1016 forfeited.\n|\n|win|SL1D\n|raw|Doomguy1016's rating: 1563 &rarr; <strong>1541<\/strong><br \/>(-22 for losing)\n|raw|SL1D's rating: 1524 &rarr; <strong>1546<\/strong><br \/>(+22 for winning)\n|l|\u2606Doomguy1016\n|player|p1|\n|l|\u2606SL1D\n|player|p2|\n","uploadtime":1737757759,"views":4,"formatid":"gen9vgc2025regg","rating":1541,"private":0,"password":null}