{"id":"gen9vgc2025regg-2287935335","format":"[Gen 9] VGC 2025 Reg G","players":["onsoni","Doc_MrMega"],"log":"|j|\u2606onsoni\n|j|\u2606Doc_MrMega\n|t:|1737811347\n|gametype|doubles\n|player|p1|onsoni|hilda-wonderlauncher|1649\n|player|p2|Doc_MrMega|lucas|1741\n|teamsize|p1|6\n|teamsize|p2|6\n|gen|9\n|tier|[Gen 9] VGC 2025 Reg G\n|rated|\n|rule|Species Clause: Limit one of each Pok\u00e9mon\n|rule|Item Clause: Limit 1 of each item\n|clearpoke\n|poke|p1|Koraidon, L50|\n|poke|p1|Iron Hands, L50|\n|poke|p1|Flutter Mane, L50|\n|poke|p1|Chi-Yu, L50|\n|poke|p1|Whimsicott, L50, M|\n|poke|p1|Raging Bolt, L50|\n|poke|p2|Kyogre, L50|\n|poke|p2|Tornadus, L50, M|\n|poke|p2|Urshifu-*, L50, F|\n|poke|p2|Basculegion, L50, M|\n|poke|p2|Tsareena, L50, F|\n|poke|p2|Landorus, L50, M|\n|teampreview|4\n|inactive|Battle timer is ON: inactive players will automatically lose when time's up. (requested by Doc_MrMega)\n|\n|t:|1737811371\n|start\n|switch|p1a: Chi-Yu|Chi-Yu, L50|100\/100\n|switch|p1b: Whimsicott|Whimsicott, L50, M, shiny|100\/100\n|switch|p2a: Tornadus|Tornadus, L50, M|100\/100\n|switch|p2b: Kyogre|Kyogre, L50|100\/100\n|-weather|RainDance|[from] ability: Drizzle|[of] p2b: Kyogre\n|-ability|p1a: Chi-Yu|Beads of Ruin\n|turn|1\n|\n|t:|1737811390\n|-terastallize|p1a: Chi-Yu|Grass\n|move|p2a: Tornadus|Rain Dance||[still]\n|-fail|p2a: Tornadus\n|move|p2b: Kyogre|Water Spout|p1a: Chi-Yu|[spread] p1a,p1b\n|-resisted|p1a: Chi-Yu\n|-resisted|p1b: Whimsicott\n|-crit|p1b: Whimsicott\n|-damage|p1a: Chi-Yu|49\/100\n|-enditem|p1b: Whimsicott|Focus Sash\n|-damage|p1b: Whimsicott|1\/100\n|move|p1a: Chi-Yu|Nasty Plot|p1a: Chi-Yu\n|-boost|p1a: Chi-Yu|spa|2\n|move|p1b: Whimsicott|Trick Room|p1b: Whimsicott\n|-fieldstart|move: Trick Room|[of] p1b: Whimsicott\n|\n|-weather|RainDance|[upkeep]\n|upkeep\n|turn|2\n|inactive|Doc_MrMega has 30 seconds left.\n|\n|t:|1737811422\n|move|p2a: Tornadus|Rain Dance||[still]\n|-fail|p2a: Tornadus\n|move|p1b: Whimsicott|Moonblast|p2a: Tornadus\n|-damage|p2a: Tornadus|39\/100\n|move|p1a: Chi-Yu|Snarl|p2b: Kyogre|[spread] p2a,p2b\n|-damage|p2a: Tornadus|0 fnt\n|-damage|p2b: Kyogre|67\/100\n|-unboost|p2b: Kyogre|spa|1\n|faint|p2a: Tornadus\n|move|p2b: Kyogre|Water Spout|p1a: Chi-Yu|[spread] p1a,p1b\n|-resisted|p1a: Chi-Yu\n|-resisted|p1b: Whimsicott\n|-damage|p1a: Chi-Yu|26\/100\n|-damage|p1b: Whimsicott|0 fnt\n|faint|p1b: Whimsicott\n|\n|-weather|RainDance|[upkeep]\n|upkeep\n|\n|t:|1737811441\n|switch|p1b: Iron Hands|Iron Hands, L50|100\/100\n|switch|p2a: Basculegion|Basculegion, L50, M|100\/100\n|turn|3\n|\n|t:|1737811465\n|-end|p1b: Iron Hands|Quark Drive|[silent]\n|switch|p1b: Koraidon|Koraidon, L50|100\/100\n|-weather|SunnyDay|[from] ability: Orichalcum Pulse|[of] p1b: Koraidon\n|-activate|p1b: Koraidon|Orichalcum Pulse|[source]\n|move|p2a: Basculegion|Aqua Jet|p1a: Chi-Yu\n|-resisted|p1a: Chi-Yu\n|-damage|p1a: Chi-Yu|18\/100\n|-damage|p2a: Basculegion|91\/100|[from] item: Life Orb\n|move|p1a: Chi-Yu|Snarl|p2b: Kyogre|[spread] p2a,p2b\n|-supereffective|p2a: Basculegion\n|-damage|p2a: Basculegion|0 fnt\n|-damage|p2b: Kyogre|37\/100\n|-unboost|p2b: Kyogre|spa|1\n|faint|p2a: Basculegion\n|move|p2b: Kyogre|Ice Beam|p1a: Chi-Yu\n|-supereffective|p1a: Chi-Yu\n|-damage|p1a: Chi-Yu|0 fnt\n|faint|p1a: Chi-Yu\n|\n|-weather|SunnyDay|[upkeep]\n|upkeep\n|\n|t:|1737811481\n|switch|p2a: Urshifu|Urshifu-Rapid-Strike, L50, F|100\/100\n|switch|p1a: Iron Hands|Iron Hands, L50|100\/100\n|turn|4\n|\n|t:|1737811497\n|-terastallize|p2a: Urshifu|Grass\n|move|p1a: Iron Hands|Low Kick|p2b: Kyogre\n|-damage|p2b: Kyogre|0 fnt\n|faint|p2b: Kyogre\n|move|p1b: Koraidon|Collision Course|p2a: Urshifu\n|-damage|p2a: Urshifu|22\/100\n|move|p2a: Urshifu|Close Combat|p1b: Koraidon\n|-damage|p1b: Koraidon|31\/100\n|-unboost|p2a: Urshifu|def|1\n|-unboost|p2a: Urshifu|spd|1\n|\n|-weather|SunnyDay|[upkeep]\n|upkeep\n|turn|5\n|\n|t:|1737811506\n|move|p1a: Iron Hands|Low Kick|p2a: Urshifu\n|-damage|p2a: Urshifu|0 fnt\n|faint|p2a: Urshifu\n|\n|win|onsoni\n|raw|onsoni's rating: 1649 &rarr; <strong>1674<\/strong><br \/>(+25 for winning)\n|raw|Doc_MrMega's rating: 1741 &rarr; <strong>1716<\/strong><br \/>(-25 for losing)\n|l|\u2606onsoni\n|player|p1|\n|l|\u2606Doc_MrMega\n|player|p2|\n","uploadtime":1737811676,"views":27,"formatid":"gen9vgc2025regg","rating":1674,"private":0,"password":null}