{"id":"gen9vgc2025regg-2287324956","format":"[Gen 9] VGC 2025 Reg G","players":["ZTMY ENCORE","Saltwater7"],"log":"|j|\u2606ZTMY ENCORE\n|j|\u2606Saltwater7\n|t:|1737727772\n|gametype|doubles\n|player|p1|ZTMY ENCORE|1|1602\n|player|p2|Saltwater7|170|1618\n|teamsize|p1|6\n|teamsize|p2|6\n|gen|9\n|tier|[Gen 9] VGC 2025 Reg G\n|rated|\n|rule|Species Clause: Limit one of each Pok\u00e9mon\n|rule|Item Clause: Limit 1 of each item\n|clearpoke\n|poke|p1|Terapagos, L50, M|\n|poke|p1|Smeargle, L50, M|\n|poke|p1|Tornadus, L50, M|\n|poke|p1|Ogerpon-Hearthflame, L50, F|\n|poke|p1|Dondozo, L50, F|\n|poke|p1|Tatsugiri-Stretchy, L50, F|\n|poke|p2|Zacian-*, L50|\n|poke|p2|Regidrago, L50|\n|poke|p2|Whimsicott, L50, F|\n|poke|p2|Urshifu-*, L50, F|\n|poke|p2|Farigiraf, L50, M|\n|poke|p2|Chi-Yu, L50|\n|teampreview|4\n|inactive|Battle timer is ON: inactive players will automatically lose when time's up. (requested by Saltwater7)\n|\n|t:|1737727796\n|start\n|switch|p1a: Terapagos|Terapagos, L50, M|100\/100\n|switch|p1b: Tornadus|Tornadus, L50, M|100\/100\n|switch|p2a: Urshifu|Urshifu-Rapid-Strike, L50, F|100\/100\n|switch|p2b: Whimsicott|Whimsicott, L50, F|100\/100\n|-activate|p1a: Terapagos|ability: Tera Shift\n|detailschange|p1a: Terapagos|Terapagos-Terastal, L50, M\n|-heal|p1a: Terapagos|100\/100|[silent]\n|turn|1\n|inactive|Saltwater7 has 30 seconds left.\n|\n|t:|1737727828\n|-terastallize|p2a: Urshifu|Water\n|move|p2b: Whimsicott|Moonblast|p1a: Terapagos\n|-activate|p1a: Terapagos|ability: Tera Shell\n|-resisted|p1a: Terapagos\n|-damage|p1a: Terapagos|83\/100\n|-unboost|p1a: Terapagos|spa|1\n|move|p1b: Tornadus|Bleakwind Storm|p2b: Whimsicott|[spread] p2a\n|-miss|p1b: Tornadus|p2b: Whimsicott\n|-damage|p2a: Urshifu|56\/100\n|-unboost|p2a: Urshifu|spe|1\n|move|p1a: Terapagos|Tera Starstorm|p2b: Whimsicott\n|-enditem|p2b: Whimsicott|Focus Sash\n|-damage|p2b: Whimsicott|1\/100\n|move|p2a: Urshifu|Close Combat|p1a: Terapagos\n|-supereffective|p1a: Terapagos\n|-damage|p1a: Terapagos|0 fnt\n|-unboost|p2a: Urshifu|def|1\n|-unboost|p2a: Urshifu|spd|1\n|faint|p1a: Terapagos\n|\n|upkeep\n|\n|t:|1737727849\n|switch|p1a: Dondozo|Dondozo, L50, F|100\/100\n|turn|2\n|\n|t:|1737727866\n|switch|p1b: Tatsugiri|Tatsugiri-Stretchy, L50, F|100\/100\n|-activate|p1b: Tatsugiri|ability: Commander|[of] p1a: Dondozo\n|-boost|p1a: Dondozo|atk|2\n|-boost|p1a: Dondozo|spa|2\n|-boost|p1a: Dondozo|spe|2\n|-boost|p1a: Dondozo|def|2\n|-boost|p1a: Dondozo|spd|2\n|switch|p2a: Regidrago|Regidrago, L50|100\/100\n|move|p2b: Whimsicott|Protect|p2b: Whimsicott\n|-singleturn|p2b: Whimsicott|Protect\n|move|p1a: Dondozo|Earthquake|p2a: Regidrago|[spread] p2a\n|-miss|p1a: Dondozo|p1b: Tatsugiri\n|-activate|p2b: Whimsicott|move: Protect\n|-damage|p2a: Regidrago|29\/100\n|-damage|p1a: Dondozo|91\/100|[from] item: Life Orb\n|\n|upkeep\n|turn|3\n|inactive|Saltwater7 has 30 seconds left.\n|\n|t:|1737727892\n|move|p2b: Whimsicott|Cotton Spore|p1a: Dondozo|[spread] p1a\n|-miss|p2b: Whimsicott|p1b: Tatsugiri\n|-unboost|p1a: Dondozo|spe|2\n|move|p2a: Regidrago|Draco Meteor|p1a: Dondozo\n|-damage|p1a: Dondozo|28\/100\n|-unboost|p2a: Regidrago|spa|2\n|-damage|p2a: Regidrago|19\/100|[from] item: Life Orb\n|move|p1a: Dondozo|Earthquake|p2a: Regidrago|[spread] p2a,p2b\n|-miss|p1a: Dondozo|p1b: Tatsugiri\n|-resisted|p2b: Whimsicott\n|-damage|p2a: Regidrago|0 fnt\n|-damage|p2b: Whimsicott|0 fnt\n|faint|p2a: Regidrago\n|faint|p2b: Whimsicott\n|-damage|p1a: Dondozo|18\/100|[from] item: Life Orb\n|\n|upkeep\n|\n|t:|1737727911\n|switch|p2b: Urshifu|Urshifu-Rapid-Strike, L50, F, tera:Water|56\/100\n|switch|p2a: Zacian|Zacian-Crowned, L50|100\/100\n|-ability|p2a: Zacian|Intrepid Sword|boost\n|-boost|p2a: Zacian|atk|1\n|turn|4\n|\n|t:|1737727925\n|move|p1a: Dondozo|Protect|p1a: Dondozo\n|-singleturn|p1a: Dondozo|Protect\n|move|p2a: Zacian|Sacred Sword|p1a: Dondozo\n|-activate|p1a: Dondozo|move: Protect\n|move|p2b: Urshifu|Close Combat|p1b: Tatsugiri|[miss]\n|-miss|p2b: Urshifu|p1b: Tatsugiri\n|\n|upkeep\n|turn|5\n|\n|t:|1737727936\n|move|p2a: Zacian|Sacred Sword|p1a: Dondozo\n|-damage|p1a: Dondozo|0 fnt\n|faint|p1a: Dondozo\n|move|p2b: Urshifu|Close Combat|p1b: Tatsugiri\n|-damage|p1b: Tatsugiri|0 fnt\n|-unboost|p2b: Urshifu|def|1\n|-unboost|p2b: Urshifu|spd|1\n|faint|p1b: Tatsugiri\n|\n|upkeep\n|\n|t:|1737727947\n|switch|p1b: Tornadus|Tornadus, L50, M|100\/100\n|turn|6\n|-message|ZTMY ENCORE forfeited.\n|\n|win|Saltwater7\n|raw|ZTMY ENCORE's rating: 1602 &rarr; <strong>1583<\/strong><br \/>(-19 for losing)\n|raw|Saltwater7's rating: 1618 &rarr; <strong>1637<\/strong><br \/>(+19 for winning)\n|l|\u2606ZTMY ENCORE\n|player|p1|\n|l|\u2606Saltwater7\n|player|p2|\n","uploadtime":1737728174,"views":14,"formatid":"gen9vgc2025regg","rating":1583,"private":0,"password":null}