{"id":"gen9vgc2025regg-2288273149","format":"[Gen 9] VGC 2025 Reg G","players":["infinitygroudon","Saltwater7"],"log":"|j|\u2606infinitygroudon\n|j|\u2606Saltwater7\n|t:|1737854972\n|gametype|doubles\n|player|p1|infinitygroudon|1|1711\n|player|p2|Saltwater7|265|1704\n|teamsize|p1|6\n|teamsize|p2|6\n|gen|9\n|tier|[Gen 9] VGC 2025 Reg G\n|rated|\n|rule|Species Clause: Limit one of each Pok\u00e9mon\n|rule|Item Clause: Limit 1 of each item\n|clearpoke\n|poke|p1|Calyrex-Shadow, L50|\n|poke|p1|Incineroar, L50, M|\n|poke|p1|Weezing-Galar, L50, M|\n|poke|p1|Indeedee-F, L50, F|\n|poke|p1|Iron Valiant, L50|\n|poke|p1|Ursaluna-Bloodmoon, L50, M|\n|poke|p2|Zacian-*, L50|\n|poke|p2|Regidrago, L50|\n|poke|p2|Whimsicott, L50, F|\n|poke|p2|Urshifu-*, L50, M|\n|poke|p2|Farigiraf, L50, M|\n|poke|p2|Chi-Yu, L50|\n|teampreview|4\n|inactive|Battle timer is ON: inactive players will automatically lose when time's up. (requested by Saltwater7)\n|j| mdabs\n|inactive|Saltwater7 has 60 seconds left.\n|\n|t:|1737855031\n|start\n|switch|p1a: Banderilla|Incineroar, L50, M|100\/100\n|switch|p1b: Charming|Iron Valiant, L50, shiny|100\/100\n|switch|p2a: Whimsicott|Whimsicott, L50, F|100\/100\n|switch|p2b: Regidrago|Regidrago, L50|100\/100\n|-ability|p1a: Banderilla|Intimidate|boost\n|-unboost|p2a: Whimsicott|atk|1\n|-unboost|p2b: Regidrago|atk|1\n|-enditem|p1b: Charming|Booster Energy\n|-activate|p1b: Charming|ability: Quark Drive|[fromitem]\n|-start|p1b: Charming|quarkdrivespe\n|turn|1\n|\n|t:|1737855047\n|-terastallize|p1b: Charming|Fairy\n|move|p2a: Whimsicott|Protect|p2a: Whimsicott\n|-singleturn|p2a: Whimsicott|Protect\n|move|p2b: Regidrago|Protect|p2b: Regidrago\n|-singleturn|p2b: Regidrago|Protect\n|move|p1a: Banderilla|Fake Out|p2a: Whimsicott\n|-activate|p2a: Whimsicott|move: Protect\n|move|p1b: Charming|Spirit Break|p2a: Whimsicott\n|-activate|p2a: Whimsicott|move: Protect\n|\n|upkeep\n|turn|2\n|j| Baguettezzz\n|inactive|Saltwater7 has 30 seconds left.\n|\n|t:|1737855072\n|move|p2a: Whimsicott|Tailwind|p2a: Whimsicott\n|-sidestart|p2: Saltwater7|move: Tailwind\n|move|p1b: Charming|Spirit Break|p2b: Regidrago\n|-supereffective|p2b: Regidrago\n|-damage|p2b: Regidrago|0 fnt\n|faint|p2b: Regidrago\n|move|p1a: Banderilla|Knock Off|p2a: Whimsicott\n|-resisted|p2a: Whimsicott\n|-damage|p2a: Whimsicott|69\/100\n|-enditem|p2a: Whimsicott|Focus Sash|[from] move: Knock Off|[of] p1a: Banderilla\n|\n|upkeep\n|\n|t:|1737855083\n|switch|p2b: Urshifu|Urshifu-Rapid-Strike, L50, M|100\/100\n|turn|3\n|\n|t:|1737855100\n|switch|p1a: Suthen|Indeedee-F, L50, F|100\/100\n|-fieldstart|move: Psychic Terrain|[from] ability: Psychic Surge|[of] p1a: Suthen\n|-terastallize|p2b: Urshifu|Water\n|move|p2a: Whimsicott|Moonblast|p1a: Suthen\n|-damage|p1a: Suthen|71\/100\n|-unboost|p1a: Suthen|spa|1\n|move|p2b: Urshifu|Surging Strikes|p1b: Charming\n|-crit|p1b: Charming\n|-damage|p1b: Charming|45\/100\n|-crit|p1b: Charming\n|-damage|p1b: Charming|0 fnt\n|faint|p1b: Charming\n|-end|p1b: Charming|Quark Drive|[silent]\n|-hitcount|p1: Charming|2\n|\n|upkeep\n|\n|t:|1737855111\n|switch|p1b: Duncan|Calyrex-Shadow, L50|100\/100\n|-ability|p1b: Duncan|As One\n|-ability|p1b: Duncan|Unnerve\n|turn|4\n|j| DaN00biest\n|j| framer josephina\n|inactive|Saltwater7 has 30 seconds left.\n|\n|t:|1737855140\n|switch|p2b: Zacian|Zacian-Crowned, L50|100\/100\n|-ability|p2b: Zacian|Intrepid Sword|boost\n|-boost|p2b: Zacian|atk|1\n|move|p1a: Suthen|Follow Me|p1a: Suthen\n|-singleturn|p1a: Suthen|move: Follow Me\n|move|p2a: Whimsicott|Moonblast|p1a: Suthen\n|-damage|p1a: Suthen|40\/100\n|move|p1b: Duncan|Expanding Force|p2a: Whimsicott|[spread] p2a,p2b\n|-resisted|p2b: Zacian\n|-damage|p2a: Whimsicott|0 fnt\n|-damage|p2b: Zacian|62\/100\n|faint|p2a: Whimsicott\n|-ability|p1b: Duncan|Grim Neigh|boost\n|-boost|p1b: Duncan|spa|1\n|-damage|p1b: Duncan|91\/100|[from] item: Life Orb\n|\n|upkeep\n|\n|t:|1737855155\n|switch|p2a: Urshifu|Urshifu-Rapid-Strike, L50, M, tera:Water|100\/100\n|turn|5\n|inactive|infinitygroudon has 30 seconds left.\n|inactive|infinitygroudon has 20 seconds left.\n|\n|t:|1737855192\n|switch|p1b: Banderilla|Incineroar, L50, M|100\/100\n|-ability|p1b: Banderilla|Intimidate|boost\n|-unboost|p2a: Urshifu|atk|1\n|-unboost|p2b: Zacian|atk|1\n|move|p1a: Suthen|Follow Me|p1a: Suthen\n|-singleturn|p1a: Suthen|move: Follow Me\n|move|p2b: Zacian|Behemoth Blade|p1a: Suthen\n|-crit|p1a: Suthen\n|-damage|p1a: Suthen|0 fnt\n|-damage|p2b: Zacian|46\/100|[from] item: Rocky Helmet|[of] p1a: Suthen\n|faint|p1a: Suthen\n|move|p2a: Urshifu|Surging Strikes|p1b: Banderilla\n|-supereffective|p1b: Banderilla\n|-crit|p1b: Banderilla\n|-damage|p1b: Banderilla|20\/100\n|-supereffective|p1b: Banderilla\n|-crit|p1b: Banderilla\n|-damage|p1b: Banderilla|0 fnt\n|faint|p1b: Banderilla\n|-hitcount|p1: Banderilla|2\n|\n|-sideend|p2: Saltwater7|move: Tailwind\n|upkeep\n|\n|t:|1737855206\n|switch|p1b: Duncan|Calyrex-Shadow, L50|91\/100\n|-ability|p1b: Duncan|As One\n|-ability|p1b: Duncan|Unnerve\n|turn|6\n|\n|t:|1737855221\n|move|p1b: Duncan|Expanding Force|p2b: Zacian|[spread] p2a,p2b\n|-resisted|p2b: Zacian\n|-damage|p2a: Urshifu|0 fnt\n|-damage|p2b: Zacian|7\/100\n|faint|p2a: Urshifu\n|-ability|p1b: Duncan|Grim Neigh|boost\n|-boost|p1b: Duncan|spa|1\n|-damage|p1b: Duncan|81\/100|[from] item: Life Orb\n|move|p2b: Zacian|Behemoth Blade|p1b: Duncan\n|-damage|p1b: Duncan|12\/100\n|\n|upkeep\n|turn|7\n|\n|t:|1737855235\n|move|p2b: Zacian|Protect|p2b: Zacian\n|-singleturn|p2b: Zacian|Protect\n|move|p1b: Duncan|Expanding Force|p2b: Zacian\n|-activate|p2b: Zacian|move: Protect\n|\n|-fieldend|move: Psychic Terrain\n|upkeep\n|turn|8\n|\n|t:|1737855243\n|move|p1b: Duncan|Expanding Force|p2b: Zacian\n|-resisted|p2b: Zacian\n|-crit|p2b: Zacian\n|-damage|p2b: Zacian|0 fnt\n|faint|p2b: Zacian\n|-damage|p1b: Duncan|3\/100|[from] item: Life Orb\n|\n|win|infinitygroudon\n|raw|infinitygroudon's rating: 1711 &rarr; <strong>1731<\/strong><br \/>(+20 for winning)\n|raw|Saltwater7's rating: 1704 &rarr; <strong>1684<\/strong><br \/>(-20 for losing)\n|l|\u2606Saltwater7\n|player|p2|\n|l| DaN00biest\n|l|\u2606infinitygroudon\n|player|p1|\n|l| Baguettezzz\n","uploadtime":1737855392,"views":34,"formatid":"gen9vgc2025regg","rating":1684,"private":0,"password":null}