{"id":"gen9vgc2025regg-2288969989","format":"[Gen 9] VGC 2025 Reg G","players":["Imnotagni","sibylla_system"],"log":"|j|\u2606Imnotagni\n|j|\u2606sibylla_system\n|t:|1737955788\n|gametype|doubles\n|player|p1|Imnotagni|policeman-gen4|1604\n|player|p2|sibylla_system|169|1545\n|teamsize|p1|6\n|teamsize|p2|6\n|gen|9\n|tier|[Gen 9] VGC 2025 Reg G\n|rated|\n|rule|Species Clause: Limit one of each Pok\u00e9mon\n|rule|Item Clause: Limit 1 of each item\n|clearpoke\n|poke|p1|Tornadus, L50, M|\n|poke|p1|Chien-Pao, L50|\n|poke|p1|Urshifu-*, L50, M|\n|poke|p1|Tsareena, L50, F|\n|poke|p1|Rillaboom, L50, F|\n|poke|p1|Kyogre, L50|\n|poke|p2|Maushold-Four, L50|\n|poke|p2|Calyrex-Shadow, L50|\n|poke|p2|Whimsicott, L50, F|\n|poke|p2|Urshifu-*, L50, F|\n|poke|p2|Iron Valiant, L50|\n|poke|p2|Araquanid, L50, M|\n|teampreview|4\n|inactive|Battle timer is ON: inactive players will automatically lose when time's up. (requested by Imnotagni)\n|\n|t:|1737955816\n|start\n|switch|p1a: Tornadus|Tornadus, L50, M|100\/100\n|switch|p1b: Urshifu|Urshifu-Rapid-Strike, L50, M|100\/100\n|switch|p2a: Maushold|Maushold-Four, L50|100\/100\n|switch|p2b: Calyrex|Calyrex-Shadow, L50|100\/100\n|-ability|p2b: Calyrex|As One\n|-ability|p2b: Calyrex|Unnerve\n|turn|1\n|inactive|sibylla_system has 30 seconds left.\n|\n|t:|1737955846\n|switch|p2a: Whimsicott|Whimsicott, L50, F|100\/100\n|move|p1a: Tornadus|Tailwind|p1a: Tornadus\n|-sidestart|p1: Imnotagni|move: Tailwind\n|move|p1b: Urshifu|Surging Strikes|p2b: Calyrex\n|-crit|p2b: Calyrex\n|-damage|p2b: Calyrex|66\/100\n|-crit|p2b: Calyrex\n|-damage|p2b: Calyrex|34\/100\n|-crit|p2b: Calyrex\n|-damage|p2b: Calyrex|2\/100\n|-hitcount|p2b: Calyrex|3\n|-damage|p1b: Urshifu|91\/100|[from] item: Life Orb\n|move|p2b: Calyrex|Astral Barrage|p1a: Tornadus|[spread] p1a,p1b\n|-damage|p1a: Tornadus|7\/100\n|-damage|p1b: Urshifu|0 fnt\n|faint|p1b: Urshifu\n|-ability|p2b: Calyrex|Grim Neigh|boost\n|-boost|p2b: Calyrex|spa|1\n|\n|upkeep\n|\n|t:|1737955867\n|switch|p1b: Chien-Pao|Chien-Pao, L50|100\/100\n|-ability|p1b: Chien-Pao|Sword of Ruin\n|turn|2\n|inactive|sibylla_system has 30 seconds left.\n|\n|t:|1737955898\n|-terastallize|p2a: Whimsicott|Water\n|move|p1b: Chien-Pao|Sucker Punch|p2b: Calyrex\n|-supereffective|p2b: Calyrex\n|-damage|p2b: Calyrex|0 fnt\n|faint|p2b: Calyrex\n|move|p1a: Tornadus|Hurricane|p2a: Whimsicott|[miss]\n|-miss|p1a: Tornadus|p2a: Whimsicott\n|move|p2a: Whimsicott|Moonblast|p1b: Chien-Pao\n|-supereffective|p1b: Chien-Pao\n|-damage|p1b: Chien-Pao|12\/100\n|\n|upkeep\n|\n|t:|1737955918\n|switch|p2b: Iron Valiant|Iron Valiant, L50|100\/100\n|-enditem|p2b: Iron Valiant|Booster Energy\n|-activate|p2b: Iron Valiant|ability: Quark Drive|[fromitem]\n|-start|p2b: Iron Valiant|quarkdrivespe\n|turn|3\n|\n|t:|1737955928\n|switch|p1b: Kyogre|Kyogre, L50, shiny|100\/100\n|-weather|RainDance|[from] ability: Drizzle|[of] p1b: Kyogre\n|move|p2a: Whimsicott|Tailwind|p2a: Whimsicott\n|-sidestart|p2: sibylla_system|move: Tailwind\n|move|p2b: Iron Valiant|Icy Wind|p1a: Tornadus|[spread] p1a,p1b\n|-supereffective|p1a: Tornadus\n|-resisted|p1b: Kyogre\n|-damage|p1a: Tornadus|0 fnt\n|-damage|p1b: Kyogre|97\/100\n|-unboost|p1b: Kyogre|spe|1\n|faint|p1a: Tornadus\n|\n|-weather|RainDance|[upkeep]\n|upkeep\n|\n|t:|1737955938\n|switch|p1a: Chien-Pao|Chien-Pao, L50|12\/100\n|-ability|p1a: Chien-Pao|Sword of Ruin\n|turn|4\n|\n|t:|1737955957\n|-terastallize|p1a: Chien-Pao|Stellar\n|move|p2b: Iron Valiant|Wide Guard|p2b: Iron Valiant\n|-singleturn|p2b: Iron Valiant|Wide Guard\n|move|p1a: Chien-Pao|Sucker Punch|p2a: Whimsicott\n|-damage|p2a: Whimsicott|30\/100\n|move|p2a: Whimsicott|Moonblast|p1a: Chien-Pao\n|-supereffective|p1a: Chien-Pao\n|-damage|p1a: Chien-Pao|0 fnt\n|faint|p1a: Chien-Pao\n|move|p1b: Kyogre|Origin Pulse|p2b: Iron Valiant|[spread] \n|-activate|p2a: Whimsicott|move: Wide Guard\n|-activate|p2b: Iron Valiant|move: Wide Guard\n|\n|-weather|RainDance|[upkeep]\n|-sideend|p1: Imnotagni|move: Tailwind\n|upkeep\n|turn|5\n|-message|Imnotagni forfeited.\n|\n|win|sibylla_system\n|raw|Imnotagni's rating: 1604 &rarr; <strong>1581<\/strong><br \/>(-23 for losing)\n|raw|sibylla_system's rating: 1545 &rarr; <strong>1568<\/strong><br \/>(+23 for winning)\n|l|\u2606Imnotagni\n|player|p1|\n","uploadtime":1737956224,"views":7,"formatid":"gen9vgc2025regg","rating":1568,"private":0,"password":null}