{"id":"gen9vgc2025regg-2288825341","format":"[Gen 9] VGC 2025 Reg G","players":["Waffles4breakfast","SeaWolfMikess"],"log":"|j|\u2606Waffles4breakfast\n|j|\u2606SeaWolfMikess\n|t:|1737935898\n|gametype|doubles\n|player|p1|Waffles4breakfast|juggler|1536\n|player|p2|SeaWolfMikess|hugh|1743\n|teamsize|p1|6\n|teamsize|p2|6\n|gen|9\n|tier|[Gen 9] VGC 2025 Reg G\n|rated|\n|rule|Species Clause: Limit one of each Pok\u00e9mon\n|rule|Item Clause: Limit 1 of each item\n|clearpoke\n|poke|p1|Kyogre, L50|\n|poke|p1|Tornadus, L50, M|\n|poke|p1|Annihilape, L50, M|\n|poke|p1|Flutter Mane, L50|\n|poke|p1|Dragonite, L50, F|\n|poke|p1|Indeedee-F, L50, F|\n|poke|p2|Calyrex-Ice, L50|\n|poke|p2|Urshifu-*, L50, F|\n|poke|p2|Ogerpon-Cornerstone, L50, F|\n|poke|p2|Rillaboom, L50, M|\n|poke|p2|Raging Bolt, L50|\n|poke|p2|Chi-Yu, L50|\n|teampreview|4\n|\n|t:|1737935913\n|start\n|switch|p1a: Annihilape|Annihilape, L50, M|100\/100\n|switch|p1b: Flutter Mane|Flutter Mane, L50|100\/100\n|switch|p2a: Ogerpon|Ogerpon-Cornerstone, L50, F|100\/100\n|switch|p2b: Calyrex|Calyrex-Ice, L50|100\/100\n|-ability|p2b: Calyrex|As One\n|-ability|p2b: Calyrex|Unnerve\n|turn|1\n|inactive|Battle timer is ON: inactive players will automatically lose when time's up. (requested by Waffles4breakfast)\n|\n|t:|1737935919\n|move|p2a: Ogerpon|Follow Me|p2a: Ogerpon\n|-singleturn|p2a: Ogerpon|move: Follow Me\n|move|p1a: Annihilape|Close Combat|p2a: Ogerpon\n|-supereffective|p2a: Ogerpon\n|-ability|p2a: Ogerpon|Sturdy\n|-damage|p2a: Ogerpon|1\/100\n|-unboost|p1a: Annihilape|def|1\n|-unboost|p1a: Annihilape|spd|1\n|move|p1b: Flutter Mane|Imprison|p1b: Flutter Mane\n|-start|p1b: Flutter Mane|move: Imprison\n|move|p2b: Calyrex|Glacial Lance|p1b: Flutter Mane|[spread] p1a,p1b\n|-damage|p1a: Annihilape|8\/100\n|-enditem|p1b: Flutter Mane|Focus Sash\n|-damage|p1b: Flutter Mane|1\/100\n|\n|upkeep\n|turn|2\n|\n|t:|1737935940\n|move|p2a: Ogerpon|Follow Me|p2a: Ogerpon\n|-singleturn|p2a: Ogerpon|move: Follow Me\n|move|p1a: Annihilape|Close Combat|p2a: Ogerpon\n|-supereffective|p2a: Ogerpon\n|-damage|p2a: Ogerpon|0 fnt\n|-unboost|p1a: Annihilape|def|1\n|-unboost|p1a: Annihilape|spd|1\n|faint|p2a: Ogerpon\n|move|p1b: Flutter Mane|Dazzling Gleam|p2b: Calyrex\n|-damage|p2b: Calyrex|71\/100\n|move|p2b: Calyrex|Glacial Lance|p1a: Annihilape|[spread] p1a,p1b\n|-crit|p1b: Flutter Mane\n|-damage|p1a: Annihilape|0 fnt\n|-damage|p1b: Flutter Mane|0 fnt\n|faint|p1a: Annihilape\n|faint|p1b: Flutter Mane\n|-end|p1b: Flutter Mane|Protosynthesis|[silent]\n|-ability|p2b: Calyrex|Chilling Neigh|boost\n|-boost|p2b: Calyrex|atk|2\n|\n|upkeep\n|\n|t:|1737935945\n|switch|p1b: Dragonite|Dragonite, L50, F|100\/100\n|switch|p2a: Rillaboom|Rillaboom, L50, M|100\/100\n|switch|p1a: Kyogre|Kyogre, L50|100\/100\n|-weather|RainDance|[from] ability: Drizzle|[of] p1a: Kyogre\n|-fieldstart|move: Grassy Terrain|[from] ability: Grassy Surge|[of] p2a: Rillaboom\n|turn|3\n|\n|t:|1737935955\n|-terastallize|p1a: Kyogre|Ghost\n|move|p2b: Calyrex|Protect|p2b: Calyrex\n|-singleturn|p2b: Calyrex|Protect\n|move|p1b: Dragonite|Extreme Speed|p2b: Calyrex\n|-activate|p2b: Calyrex|move: Protect\n|move|p2a: Rillaboom|Grassy Glide|p1a: Kyogre\n|-crit|p1a: Kyogre\n|-damage|p1a: Kyogre|47\/100\n|move|p1a: Kyogre|Origin Pulse|p2b: Calyrex|[spread] p2a\n|-activate|p2b: Calyrex|move: Protect\n|-resisted|p2a: Rillaboom\n|-damage|p2a: Rillaboom|63\/100\n|\n|-weather|RainDance|[upkeep]\n|-heal|p1a: Kyogre|53\/100|[from] Grassy Terrain\n|-heal|p2a: Rillaboom|69\/100|[from] Grassy Terrain\n|-heal|p2b: Calyrex|77\/100|[from] Grassy Terrain\n|upkeep\n|turn|4\n|\n|t:|1737935971\n|move|p1b: Dragonite|Extreme Speed|p2b: Calyrex\n|-damage|p2b: Calyrex|49\/100\n|move|p1a: Kyogre|Origin Pulse|p2b: Calyrex|[spread] p2a,p2b\n|-resisted|p2a: Rillaboom\n|-damage|p2a: Rillaboom|30\/100\n|-damage|p2b: Calyrex|0 fnt\n|faint|p2b: Calyrex\n|move|p2a: Rillaboom|Wood Hammer|p1a: Kyogre\n|-damage|p1a: Kyogre|0 fnt\n|faint|p1a: Kyogre\n|-damage|p2a: Rillaboom|14\/100|[from] Recoil\n|\n|-weather|RainDance|[upkeep]\n|-heal|p2a: Rillaboom|19\/100|[from] Grassy Terrain\n|upkeep\n|\n|t:|1737935976\n|switch|p2b: Raging Bolt|Raging Bolt, L50|100\/100\n|-enditem|p2b: Raging Bolt|Booster Energy\n|-activate|p2b: Raging Bolt|ability: Protosynthesis|[fromitem]\n|-start|p2b: Raging Bolt|protosynthesisspa\n|turn|5\n|\n|t:|1737935981\n|move|p1b: Dragonite|Extreme Speed|p2a: Rillaboom\n|-damage|p2a: Rillaboom|0 fnt\n|faint|p2a: Rillaboom\n|move|p2b: Raging Bolt|Thunderbolt|p1b: Dragonite\n|-damage|p1b: Dragonite|29\/100\n|\n|-weather|RainDance|[upkeep]\n|upkeep\n|turn|6\n|\n|t:|1737935983\n|move|p1b: Dragonite|Extreme Speed|p2b: Raging Bolt\n|-damage|p2b: Raging Bolt|63\/100\n|move|p2b: Raging Bolt|Thunderbolt|p1b: Dragonite\n|-damage|p1b: Dragonite|0 fnt\n|faint|p1b: Dragonite\n|\n|win|SeaWolfMikess\n|raw|Waffles4breakfast's rating: 1536 &rarr; <strong>1527<\/strong><br \/>(-9 for losing)\n|raw|SeaWolfMikess's rating: 1743 &rarr; <strong>1752<\/strong><br \/>(+9 for winning)\n|l|\u2606Waffles4breakfast\n|player|p1|\n|l|\u2606SeaWolfMikess\n|player|p2|\n","uploadtime":1737936235,"views":83,"formatid":"gen9vgc2025regg","rating":1527,"private":0,"password":null}