{"id":"gen9vgc2025regg-2288715566","format":"[Gen 9] VGC 2025 Reg G","players":["Pauliet456","RustyChair13"],"log":"|j|\u2606Pauliet456\n|j|\u2606RustyChair13\n|t:|1737922799\n|gametype|doubles\n|player|p1|Pauliet456|101|1560\n|player|p2|RustyChair13|scientist-gen4|1562\n|teamsize|p1|6\n|teamsize|p2|6\n|gen|9\n|tier|[Gen 9] VGC 2025 Reg G\n|rated|\n|rule|Species Clause: Limit one of each Pok\u00e9mon\n|rule|Item Clause: Limit 1 of each item\n|clearpoke\n|poke|p1|Weezing-Galar, L50, M|\n|poke|p1|Dondozo, L50, M|\n|poke|p1|Calyrex-Shadow, L50|\n|poke|p1|Tatsugiri, L50, F|\n|poke|p1|Indeedee-F, L50, F|\n|poke|p1|Iron Hands, L50|\n|poke|p2|Calyrex-Shadow, L50|\n|poke|p2|Incineroar, L50, M|\n|poke|p2|Urshifu-*, L50, M|\n|poke|p2|Rillaboom, L50, M|\n|poke|p2|Farigiraf, L50, M|\n|poke|p2|Raging Bolt, L50|\n|teampreview|4\n|j| gizzardvgc\n|\n|t:|1737922814\n|start\n|switch|p1a: Iron Hands|Iron Hands, L50|100\/100\n|switch|p1b: Weezing|Weezing-Galar, L50, M, shiny|100\/100\n|switch|p2a: Calyrex|Calyrex-Shadow, L50|100\/100\n|switch|p2b: Raging Bolt|Raging Bolt, L50|100\/100\n|-ability|p2a: Calyrex|As One\n|-ability|p2a: Calyrex|Unnerve\n|-ability|p1b: Weezing|Neutralizing Gas\n|turn|1\n|\n|t:|1737922841\n|move|p1a: Iron Hands|Fake Out|p2b: Raging Bolt\n|-damage|p2b: Raging Bolt|88\/100\n|move|p2a: Calyrex|Nasty Plot|p2a: Calyrex\n|-boost|p2a: Calyrex|spa|2\n|cant|p2b: Raging Bolt|flinch\n|move|p1b: Weezing|Poison Gas|p2b: Raging Bolt|[spread] p2a,p2b\n|-status|p2a: Calyrex|psn\n|-status|p2b: Raging Bolt|psn\n|\n|-damage|p2a: Calyrex|88\/100 psn|[from] psn\n|-damage|p2b: Raging Bolt|76\/100 psn|[from] psn\n|upkeep\n|turn|2\n|\n|t:|1737922849\n|move|p1b: Weezing|Protect|p1b: Weezing\n|-singleturn|p1b: Weezing|Protect\n|move|p2a: Calyrex|Psyshock|p1a: Iron Hands\n|-supereffective|p1a: Iron Hands\n|-damage|p1a: Iron Hands|0 fnt\n|faint|p1a: Iron Hands\n|-end|p1a: Iron Hands|Quark Drive|[silent]\n|-ability|p2a: Calyrex|Grim Neigh|boost\n|-boost|p2a: Calyrex|spa|1\n|move|p2b: Raging Bolt|Thunderbolt|p1b: Weezing\n|-activate|p1b: Weezing|move: Protect\n|\n|-damage|p2a: Calyrex|76\/100 psn|[from] psn\n|-damage|p2b: Raging Bolt|63\/100 psn|[from] psn\n|upkeep\n|inactive|Battle timer is ON: inactive players will automatically lose when time's up. (requested by RustyChair13)\n|\n|t:|1737922880\n|switch|p1a: Dondozo|Dondozo, L50, M|100\/100\n|turn|3\n|\n|t:|1737922891\n|-end|p1b: Weezing|ability: Neutralizing Gas\n|switch|p1b: Tatsugiri|Tatsugiri, L50, F, shiny|100\/100\n|-activate|p1b: Tatsugiri|ability: Commander|[of] p1a: Dondozo\n|-boost|p1a: Dondozo|atk|2\n|-boost|p1a: Dondozo|spa|2\n|-boost|p1a: Dondozo|spe|2\n|-boost|p1a: Dondozo|def|2\n|-boost|p1a: Dondozo|spd|2\n|-enditem|p2b: Raging Bolt|Booster Energy\n|-activate|p2b: Raging Bolt|ability: Protosynthesis|[fromitem]\n|-start|p2b: Raging Bolt|protosynthesisspa\n|-terastallize|p1a: Dondozo|Grass\n|move|p2a: Calyrex|Astral Barrage|p1a: Dondozo|[spread] p1a\n|-miss|p2a: Calyrex|p1b: Tatsugiri\n|-damage|p1a: Dondozo|77\/100\n|move|p1a: Dondozo|Order Up|p2b: Raging Bolt\n|-supereffective|p2b: Raging Bolt\n|-damage|p2b: Raging Bolt|10\/100 psn\n|-boost|p1a: Dondozo|atk|1\n|move|p2b: Raging Bolt|Thunderbolt|p1a: Dondozo\n|-resisted|p1a: Dondozo\n|-damage|p1a: Dondozo|62\/100\n|-status|p1a: Dondozo|par\n|\n|-heal|p1a: Dondozo|69\/100 par|[from] item: Leftovers\n|-damage|p2a: Calyrex|63\/100 psn|[from] psn\n|-damage|p2b: Raging Bolt|0 fnt|[from] psn\n|faint|p2b: Raging Bolt\n|-end|p2b: Raging Bolt|Protosynthesis|[silent]\n|upkeep\n|\n|t:|1737922914\n|switch|p2b: Rillaboom|Rillaboom, L50, M|100\/100\n|-fieldstart|move: Grassy Terrain|[from] ability: Grassy Surge|[of] p2b: Rillaboom\n|turn|4\n|\n|t:|1737922925\n|move|p1a: Dondozo|Protect|p1a: Dondozo\n|-singleturn|p1a: Dondozo|Protect\n|move|p2a: Calyrex|Astral Barrage|p1b: Tatsugiri|[spread] \n|-miss|p2a: Calyrex|p1b: Tatsugiri\n|-activate|p1a: Dondozo|move: Protect\n|move|p2b: Rillaboom|U-turn|p1a: Dondozo\n|-activate|p1a: Dondozo|move: Protect\n|\n|-heal|p2a: Calyrex|69\/100 psn|[from] Grassy Terrain\n|-heal|p1a: Dondozo|75\/100 par|[from] Grassy Terrain\n|-heal|p1a: Dondozo|81\/100 par|[from] item: Leftovers\n|-damage|p2a: Calyrex|57\/100 psn|[from] psn\n|upkeep\n|turn|5\n|\n|t:|1737922937\n|-terastallize|p2a: Calyrex|Water\n|move|p2a: Calyrex|Astral Barrage|p1a: Dondozo|[spread] p1a\n|-miss|p2a: Calyrex|p1b: Tatsugiri\n|-damage|p1a: Dondozo|57\/100 par\n|move|p2b: Rillaboom|U-turn|p1a: Dondozo\n|-supereffective|p1a: Dondozo\n|-damage|p1a: Dondozo|44\/100 par\n|\n|t:|1737922946\n|switch|p2b: Farigiraf|Farigiraf, L50, M|100\/100|[from] U-turn\n|move|p1a: Dondozo|Wave Crash|p2a: Calyrex\n|-resisted|p2a: Calyrex\n|-damage|p2a: Calyrex|0 fnt\n|faint|p2a: Calyrex\n|-damage|p1a: Dondozo|28\/100 par|[from] Recoil\n|\n|-heal|p1a: Dondozo|34\/100 par|[from] Grassy Terrain\n|-heal|p1a: Dondozo|40\/100 par|[from] item: Leftovers\n|upkeep\n|\n|t:|1737922956\n|switch|p2a: Rillaboom|Rillaboom, L50, M|100\/100\n|turn|6\n|\n|t:|1737922962\n|cant|p1a: Dondozo|par\n|move|p2a: Rillaboom|Fake Out|p1a: Dondozo\n|-damage|p1a: Dondozo|36\/100 par\n|move|p2b: Farigiraf|Hyper Voice|p1a: Dondozo|[spread] p1a\n|-miss|p2b: Farigiraf|p1b: Tatsugiri\n|-damage|p1a: Dondozo|21\/100 par\n|-enditem|p2b: Farigiraf|Throat Spray\n|-boost|p2b: Farigiraf|spa|1|[from] item: Throat Spray\n|\n|-heal|p1a: Dondozo|27\/100 par|[from] Grassy Terrain\n|-heal|p1a: Dondozo|33\/100 par|[from] item: Leftovers\n|upkeep\n|turn|7\n|\n|t:|1737922976\n|move|p2a: Rillaboom|U-turn|p1a: Dondozo\n|-supereffective|p1a: Dondozo\n|-damage|p1a: Dondozo|20\/100 par\n|move|p2b: Farigiraf|Psychic|p1a: Dondozo\n|-damage|p1a: Dondozo|1\/100 par\n|move|p1a: Dondozo|Order Up|p2b: Farigiraf\n|-damage|p2b: Farigiraf|55\/100\n|-boost|p1a: Dondozo|atk|1\n|\n|-heal|p2b: Farigiraf|61\/100|[from] Grassy Terrain\n|-heal|p1a: Dondozo|7\/100 par|[from] Grassy Terrain\n|-heal|p1a: Dondozo|13\/100 par|[from] item: Leftovers\n|upkeep\n|turn|8\n|\n|t:|1737922986\n|move|p1a: Dondozo|Protect|p1a: Dondozo\n|-singleturn|p1a: Dondozo|Protect\n|move|p2a: Rillaboom|U-turn|p1a: Dondozo\n|-activate|p1a: Dondozo|move: Protect\n|move|p2b: Farigiraf|Psychic|p1a: Dondozo\n|-activate|p1a: Dondozo|move: Protect\n|\n|-heal|p2b: Farigiraf|67\/100|[from] Grassy Terrain\n|-heal|p1a: Dondozo|20\/100 par|[from] Grassy Terrain\n|-heal|p1a: Dondozo|26\/100 par|[from] item: Leftovers\n|-fieldend|move: Grassy Terrain\n|upkeep\n|turn|9\n|\n|t:|1737922991\n|move|p2a: Rillaboom|U-turn|p1a: Dondozo\n|-supereffective|p1a: Dondozo\n|-damage|p1a: Dondozo|12\/100 par\n|move|p2b: Farigiraf|Psychic|p1a: Dondozo\n|-damage|p1a: Dondozo|0 fnt\n|faint|p1a: Dondozo\n|\n|upkeep\n|\n|t:|1737922996\n|switch|p1a: Weezing|Weezing-Galar, L50, M, shiny|100\/100\n|-ability|p1a: Weezing|Neutralizing Gas\n|turn|10\n|j| Flashy101\n|\n|t:|1737923009\n|move|p1b: Tatsugiri|Draco Meteor|p2b: Farigiraf\n|-damage|p2b: Farigiraf|4\/100\n|-unboost|p1b: Tatsugiri|spa|2\n|move|p2a: Rillaboom|Wood Hammer|p1b: Tatsugiri\n|-enditem|p1b: Tatsugiri|Focus Sash\n|-damage|p1b: Tatsugiri|1\/100\n|-damage|p2a: Rillaboom|78\/100|[from] Recoil\n|move|p1a: Weezing|Sludge Bomb|p2a: Rillaboom\n|-supereffective|p2a: Rillaboom\n|-damage|p2a: Rillaboom|43\/100\n|move|p2b: Farigiraf|Hyper Voice|p1b: Tatsugiri|[spread] p1a,p1b\n|-damage|p1a: Weezing|52\/100\n|-damage|p1b: Tatsugiri|0 fnt\n|faint|p1b: Tatsugiri\n|\n|upkeep\n|turn|11\n|\n|t:|1737923026\n|move|p2b: Farigiraf|Protect|p2b: Farigiraf\n|-singleturn|p2b: Farigiraf|Protect\n|move|p2a: Rillaboom|Wood Hammer|p1a: Weezing\n|-resisted|p1a: Weezing\n|-damage|p1a: Weezing|29\/100\n|-damage|p2a: Rillaboom|36\/100|[from] Recoil\n|move|p1a: Weezing|Sludge Bomb|p2b: Farigiraf\n|-activate|p2b: Farigiraf|move: Protect\n|\n|upkeep\n|turn|12\n|\n|t:|1737923035\n|move|p2a: Rillaboom|Wood Hammer|p1a: Weezing\n|-resisted|p1a: Weezing\n|-damage|p1a: Weezing|7\/100\n|-damage|p2a: Rillaboom|30\/100|[from] Recoil\n|move|p1a: Weezing|Poison Gas|p2b: Farigiraf|[spread] p2b\n|-miss|p1a: Weezing|p2a: Rillaboom\n|-status|p2b: Farigiraf|psn\n|move|p2b: Farigiraf|Psychic|p1a: Weezing\n|-supereffective|p1a: Weezing\n|-damage|p1a: Weezing|0 fnt\n|faint|p1a: Weezing\n|-end|p1a: Weezing|ability: Neutralizing Gas\n|-fieldstart|move: Grassy Terrain|[from] ability: Grassy Surge|[of] p2a: Rillaboom\n|\n|win|RustyChair13\n|raw|Pauliet456's rating: 1575 &rarr; <strong>1554<\/strong><br \/>(-21 for losing)\n|raw|RustyChair13's rating: 1562 &rarr; <strong>1583<\/strong><br \/>(+21 for winning)\n|l| gizzardvgc\n|l|\u2606RustyChair13\n|player|p2|\n|l|\u2606Pauliet456\n|player|p1|\n","uploadtime":1737923179,"views":9,"formatid":"gen9vgc2025regg","rating":1554,"private":0,"password":null}