{"id":"gen9vgc2025regg-2288072138","format":"[Gen 9] VGC 2025 Reg G","players":["Peckham","bluestraggler01"],"log":"|j|\u2606Peckham\n|j|\u2606bluestraggler01\n|t:|1737829570\n|gametype|doubles\n|player|p1|Peckham|170|1528\n|player|p2|bluestraggler01|102|1596\n|teamsize|p1|6\n|teamsize|p2|6\n|gen|9\n|tier|[Gen 9] VGC 2025 Reg G\n|rated|\n|rule|Species Clause: Limit one of each Pok\u00e9mon\n|rule|Item Clause: Limit 1 of each item\n|clearpoke\n|poke|p1|Tyranitar, L50, F|\n|poke|p1|Excadrill, L50, M|\n|poke|p1|Zamazenta-*, L50|\n|poke|p1|Incineroar, L50, F|\n|poke|p1|Amoonguss, L50, M|\n|poke|p1|Rillaboom, L50, F|\n|poke|p2|Koraidon, L50|\n|poke|p2|Lilligant-Hisui, L50, F|\n|poke|p2|Walking Wake, L50|\n|poke|p2|Raging Bolt, L50|\n|poke|p2|Kingambit, L50, M|\n|poke|p2|Volcarona, L50, M|\n|teampreview|4\n|inactive|Battle timer is ON: inactive players will automatically lose when time's up. (requested by bluestraggler01)\nbluestraggler01 rejected open team sheets.\n|\n|t:|1737829589\n|start\n|switch|p1a: Tyranitar|Tyranitar, L50, F|100\/100\n|switch|p1b: Excadrill|Excadrill, L50, M|100\/100\n|switch|p2a: Koraidon|Koraidon, L50|100\/100\n|switch|p2b: Lilligant|Lilligant-Hisui, L50, F|100\/100\n|-weather|SunnyDay|[from] ability: Orichalcum Pulse|[of] p2a: Koraidon\n|-activate|p2a: Koraidon|Orichalcum Pulse|[source]\n|-weather|Sandstorm|[from] ability: Sand Stream|[of] p1a: Tyranitar\n|turn|1\n|inactive|Peckham has 30 seconds left.\n|\n|t:|1737829616\n|switch|p2b: Volcarona|Volcarona, L50, M|100\/100\n|switch|p1a: Incineroar|Incineroar, L50, F|100\/100\n|-ability|p1a: Incineroar|Intimidate|boost\n|-unboost|p2a: Koraidon|atk|1\n|-unboost|p2b: Volcarona|atk|1\n|move|p1b: Excadrill|Iron Head|p2b: Volcarona\n|-resisted|p2b: Volcarona\n|-damage|p2b: Volcarona|79\/100\n|-damage|p1b: Excadrill|84\/100|[from] item: Rocky Helmet|[of] p2b: Volcarona\n|move|p2a: Koraidon|Flame Charge|p1b: Excadrill\n|-supereffective|p1b: Excadrill\n|-damage|p1b: Excadrill|46\/100\n|-boost|p2a: Koraidon|spe|1\n|\n|-weather|Sandstorm|[upkeep]\n|-damage|p2a: Koraidon|94\/100|[from] Sandstorm\n|-damage|p2b: Volcarona|72\/100|[from] Sandstorm\n|upkeep\n|turn|2\n|inactive|Peckham has 30 seconds left.\n|inactive|bluestraggler01 has 30 seconds left.\n|\n|t:|1737829645\n|switch|p2a: Walking Wake|Walking Wake, L50|100\/100\n|move|p1a: Incineroar|Fake Out|p2a: Walking Wake\n|-damage|p2a: Walking Wake|89\/100\n|move|p1b: Excadrill|Rock Slide|p2a: Walking Wake|[spread] p2a,p2b\n|-supereffective|p2b: Volcarona\n|-damage|p2a: Walking Wake|68\/100\n|-damage|p2b: Volcarona|0 fnt\n|faint|p2b: Volcarona\n|\n|-weather|Sandstorm|[upkeep]\n|-damage|p2a: Walking Wake|62\/100|[from] Sandstorm\n|upkeep\n|\n|t:|1737829656\n|switch|p2b: Koraidon|Koraidon, L50|94\/100\n|-weather|SunnyDay|[from] ability: Orichalcum Pulse|[of] p2b: Koraidon\n|-activate|p2a: Walking Wake|ability: Protosynthesis\n|-start|p2a: Walking Wake|protosynthesisspe\n|-activate|p2b: Koraidon|Orichalcum Pulse|[source]\n|turn|3\n|\n|t:|1737829673\n|-terastallize|p1a: Incineroar|Ghost\n|move|p1b: Excadrill|Protect|p1b: Excadrill\n|-singleturn|p1b: Excadrill|Protect\n|move|p2a: Walking Wake|Hydro Steam|p1b: Excadrill\n|-activate|p1b: Excadrill|move: Protect\n|move|p2b: Koraidon|Collision Course|p1a: Incineroar\n|-immune|p1a: Incineroar\n|move|p1a: Incineroar|Parting Shot|p2b: Koraidon\n|-unboost|p2b: Koraidon|atk|1\n|-unboost|p2b: Koraidon|spa|1\n|\n|t:|1737829687\n|switch|p1a: Tyranitar|Tyranitar, L50, F|100\/100|[from] Parting Shot\n|-weather|Sandstorm|[from] ability: Sand Stream|[of] p1a: Tyranitar\n|-end|p2a: Walking Wake|Protosynthesis\n|\n|-weather|Sandstorm|[upkeep]\n|-damage|p2a: Walking Wake|56\/100|[from] Sandstorm\n|-damage|p2b: Koraidon|88\/100|[from] Sandstorm\n|upkeep\n|turn|4\n|inactive|Peckham has 30 seconds left.\n|\n|t:|1737829721\n|-end|p2a: Walking Wake|Protosynthesis|[silent]\n|switch|p2a: Lilligant|Lilligant-Hisui, L50, F|100\/100\n|move|p1b: Excadrill|Rock Slide|p2a: Lilligant|[spread] p2a,p2b\n|-resisted|p2a: Lilligant\n|-resisted|p2b: Koraidon\n|-damage|p2a: Lilligant|84\/100\n|-damage|p2b: Koraidon|79\/100\n|cant|p2b: Koraidon|flinch\n|move|p1a: Tyranitar|Knock Off|p2a: Lilligant\n|-resisted|p2a: Lilligant\n|-damage|p2a: Lilligant|48\/100\n|-enditem|p2a: Lilligant|Focus Sash|[from] move: Knock Off|[of] p1a: Tyranitar\n|\n|-weather|Sandstorm|[upkeep]\n|-damage|p2a: Lilligant|42\/100|[from] Sandstorm\n|-damage|p2b: Koraidon|73\/100|[from] Sandstorm\n|upkeep\n|turn|5\n|inactive|Peckham has 30 seconds left.\n|\n|t:|1737829753\n|switch|p2a: Walking Wake|Walking Wake, L50|56\/100\n|move|p1b: Excadrill|Earthquake|p2b: Koraidon|[spread] p1a,p2a,p2b\n|-supereffective|p1a: Tyranitar\n|-crit|p2a: Walking Wake\n|-damage|p1a: Tyranitar|27\/100\n|-damage|p2a: Walking Wake|0 fnt\n|-damage|p2b: Koraidon|40\/100\n|faint|p2a: Walking Wake\n|-end|p2a: Walking Wake|Protosynthesis|[silent]\n|move|p2b: Koraidon|Drain Punch|p1b: Excadrill\n|-supereffective|p1b: Excadrill\n|-damage|p1b: Excadrill|0 fnt\n|-heal|p2b: Koraidon|62\/100|[from] drain|[of] p1b: Excadrill\n|faint|p1b: Excadrill\n|move|p1a: Tyranitar|Low Kick|p2b: Koraidon\n|-damage|p2b: Koraidon|26\/100\n|\n|-weather|Sandstorm|[upkeep]\n|-damage|p2b: Koraidon|20\/100|[from] Sandstorm\n|upkeep\n|inactive|Peckham has 30 seconds left.\n|\n|t:|1737829778\n|switch|p2a: Lilligant|Lilligant-Hisui, L50, F|42\/100\n|switch|p1b: Zamazenta|Zamazenta-Crowned, L50|100\/100\n|-ability|p1b: Zamazenta|Dauntless Shield|boost\n|-boost|p1b: Zamazenta|def|1\n|turn|6\n|\n|t:|1737829789\n|switch|p1a: Incineroar|Incineroar, L50, F, tera:Ghost|100\/100\n|-ability|p1a: Incineroar|Intimidate|boost\n|-unboost|p2a: Lilligant|atk|1\n|-unboost|p2b: Koraidon|atk|1\n|move|p1b: Zamazenta|Body Press|p2a: Lilligant\n|-damage|p2a: Lilligant|0 fnt\n|faint|p2a: Lilligant\n|move|p2b: Koraidon|Drain Punch|p1a: Incineroar\n|-immune|p1a: Incineroar\n|\n|-weather|Sandstorm|[upkeep]\n|-damage|p2b: Koraidon|14\/100|[from] Sandstorm\n|upkeep\n|turn|7\n|-message|bluestraggler01 forfeited.\n|\n|win|Peckham\n|raw|Peckham's rating: 1528 &rarr; <strong>1552<\/strong><br \/>(+24 for winning)\n|raw|bluestraggler01's rating: 1596 &rarr; <strong>1572<\/strong><br \/>(-24 for losing)\n|l|\u2606bluestraggler01\n|player|p2|\n","uploadtime":1737829979,"views":11,"formatid":"gen9vgc2025regg","rating":1552,"private":0,"password":null}