{"id":"gen9vgc2025regg-2288984955","format":"[Gen 9] VGC 2025 Reg G","players":["something123","Dearp"],"log":"|j|\u2606something123\n|j|\u2606Dearp\n|t:|1737958467\n|gametype|doubles\n|player|p1|something123|266|1763\n|player|p2|Dearp|battlegirl|1682\n|teamsize|p1|6\n|teamsize|p2|6\n|gen|9\n|tier|[Gen 9] VGC 2025 Reg G\n|rated|\n|rule|Species Clause: Limit one of each Pok\u00e9mon\n|rule|Item Clause: Limit 1 of each item\n|clearpoke\n|poke|p1|Farigiraf, L50, M|\n|poke|p1|Landorus, L50, M|\n|poke|p1|Calyrex-Ice, L50|\n|poke|p1|Ogerpon-Cornerstone, L50, F|\n|poke|p1|Urshifu-*, L50, F|\n|poke|p1|Roaring Moon, L50|\n|poke|p2|Torkoal, L50, F|\n|poke|p2|Ogerpon-Wellspring, L50, F|\n|poke|p2|Ting-Lu, L50|\n|poke|p2|Calyrex-Ice, L50|\n|poke|p2|Indeedee-F, L50, F|\n|poke|p2|Gallade, L50, M|\n|teampreview|4\n|\n|t:|1737958489\n|start\n|switch|p1a: Urshifu|Urshifu-Rapid-Strike, L50, F|100\/100\n|switch|p1b: Landorus|Landorus, L50, M|100\/100\n|switch|p2a: Calyrex|Calyrex-Ice, L50|100\/100\n|switch|p2b: Ogerpon|Ogerpon-Wellspring, L50, F|100\/100\n|-ability|p2a: Calyrex|As One\n|-ability|p2a: Calyrex|Unnerve\n|turn|1\n|\n|t:|1737958502\n|-terastallize|p1b: Landorus|Water\n|move|p2b: Ogerpon|Follow Me|p2b: Ogerpon\n|-singleturn|p2b: Ogerpon|move: Follow Me\n|move|p1a: Urshifu|Taunt|p2b: Ogerpon\n|-start|p2b: Ogerpon|move: Taunt\n|move|p1b: Landorus|Sandsear Storm|p2a: Calyrex|[spread] p2a\n|-miss|p1b: Landorus|p2b: Ogerpon\n|-damage|p2a: Calyrex|57\/100\n|move|p2a: Calyrex|Trick Room|p2a: Calyrex\n|-fieldstart|move: Trick Room|[of] p2a: Calyrex\n|\n|upkeep\n|turn|2\n|j| Lavenderawa\n|\n|t:|1737958526\n|move|p2a: Calyrex|Glacial Lance|p1a: Urshifu|[spread] p1a,p1b\n|-resisted|p1a: Urshifu\n|-resisted|p1b: Landorus\n|-damage|p1a: Urshifu|73\/100\n|-damage|p1b: Landorus|74\/100\n|move|p2b: Ogerpon|Wood Hammer|p1a: Urshifu\n|-supereffective|p1a: Urshifu\n|-damage|p1a: Urshifu|0 fnt\n|faint|p1a: Urshifu\n|-damage|p2b: Ogerpon|78\/100|[from] Recoil\n|move|p1b: Landorus|Sandsear Storm|p2b: Ogerpon|[spread] p2b\n|-miss|p1b: Landorus|p2a: Calyrex\n|-resisted|p2b: Ogerpon\n|-damage|p2b: Ogerpon|44\/100\n|\n|upkeep\n|\n|t:|1737958539\n|switch|p1a: Calyrex|Calyrex-Ice, L50|100\/100\n|-ability|p1a: Calyrex|As One\n|-ability|p1a: Calyrex|Unnerve\n|turn|3\n|\n|t:|1737958561\n|switch|p1a: Ogerpon|Ogerpon-Cornerstone, L50, F|100\/100\n|move|p1b: Landorus|Protect|p1b: Landorus\n|-singleturn|p1b: Landorus|Protect\n|move|p2a: Calyrex|Imprison|p2a: Calyrex\n|-start|p2a: Calyrex|move: Imprison\n|move|p2b: Ogerpon|Wood Hammer|p1b: Landorus\n|-activate|p1b: Landorus|move: Protect\n|\n|upkeep\n|turn|4\n|\n|t:|1737958574\n|move|p1a: Ogerpon|Follow Me|p1a: Ogerpon\n|-singleturn|p1a: Ogerpon|move: Follow Me\n|move|p2a: Calyrex|Glacial Lance|p1b: Landorus|[spread] p1a,p1b\n|-supereffective|p1a: Ogerpon\n|-resisted|p1b: Landorus\n|-ability|p1a: Ogerpon|Sturdy\n|-damage|p1a: Ogerpon|1\/100\n|-damage|p1b: Landorus|46\/100\n|move|p1b: Landorus|Earth Power|p2a: Calyrex\n|-damage|p2a: Calyrex|3\/100\n|move|p2b: Ogerpon|Wood Hammer|p1a: Ogerpon\n|-damage|p1a: Ogerpon|0 fnt\n|faint|p1a: Ogerpon\n|-damage|p2b: Ogerpon|43\/100|[from] Recoil\n|\n|-end|p2b: Ogerpon|move: Taunt\n|upkeep\n|\n|t:|1737958581\n|switch|p1a: Calyrex|Calyrex-Ice, L50|100\/100\n|-ability|p1a: Calyrex|As One\n|-ability|p1a: Calyrex|Unnerve\n|turn|5\n|\n|t:|1737958602\n|move|p1a: Calyrex|Protect|p1a: Calyrex\n|-singleturn|p1a: Calyrex|Protect\n|move|p1b: Landorus|Protect|p1b: Landorus\n|-singleturn|p1b: Landorus|Protect\n|move|p2a: Calyrex|High Horsepower|p1a: Calyrex\n|-activate|p1a: Calyrex|move: Protect\n|move|p2b: Ogerpon|Wood Hammer|p1b: Landorus\n|-activate|p1b: Landorus|move: Protect\n|\n|-fieldend|move: Trick Room\n|upkeep\n|turn|6\n|\n|t:|1737958617\n|move|p1a: Calyrex|Protect||[still]\n|-fail|p1a: Calyrex\n|move|p1b: Landorus|Sandsear Storm|p2a: Calyrex|[spread] p2a,p2b\n|-resisted|p2b: Ogerpon\n|-damage|p2a: Calyrex|0 fnt\n|-damage|p2b: Ogerpon|10\/100\n|faint|p2a: Calyrex\n|move|p2b: Ogerpon|Wood Hammer|p1b: Landorus\n|-supereffective|p1b: Landorus\n|-damage|p1b: Landorus|0 fnt\n|faint|p1b: Landorus\n|-damage|p2b: Ogerpon|0 fnt|[from] Recoil\n|faint|p2b: Ogerpon\n|\n|upkeep\n|\n|t:|1737958628\n|switch|p2b: Torkoal|Torkoal, L50, F|100\/100\n|switch|p2a: Gallade|Gallade, L50, M|100\/100\n|-weather|SunnyDay|[from] ability: Drought|[of] p2b: Torkoal\n|turn|7\n|inactive|Battle timer is ON: inactive players will automatically lose when time's up. (requested by something123)\n|\n|t:|1737958651\n|move|p1a: Calyrex|High Horsepower|p2b: Torkoal\n|-supereffective|p2b: Torkoal\n|-damage|p2b: Torkoal|37\/100\n|move|p2b: Torkoal|Weather Ball|p1a: Calyrex\n|-supereffective|p1a: Calyrex\n|-damage|p1a: Calyrex|0 fnt\n|faint|p1a: Calyrex\n|\n|win|Dearp\n|raw|something123's rating: 1763 &rarr; <strong>1738<\/strong><br \/>(-25 for losing)\n|raw|Dearp's rating: 1682 &rarr; <strong>1707<\/strong><br \/>(+25 for winning)\n|l| Lavenderawa\n|l|\u2606something123\n|player|p1|\n|l|\u2606Dearp\n|player|p2|\n","uploadtime":1737958845,"views":67,"formatid":"gen9vgc2025regg","rating":1707,"private":0,"password":null}