{"id":"gen9vgc2025regg-2288825556","format":"[Gen 9] VGC 2025 Reg G","players":["Notmarcosilva","actuary97"],"log":"|j|\u203dNotmarcosilva\n|j|\u2606actuary97\n|t:|1737935924\n|gametype|doubles\n|player|p1|Notmarcosilva|beauty-gen5bw2|1575\n|player|p2|actuary97|sabrina-frlg|1579\n|teamsize|p1|6\n|teamsize|p2|6\n|gen|9\n|tier|[Gen 9] VGC 2025 Reg G\n|rated|\n|rule|Species Clause: Limit one of each Pok\u00e9mon\n|rule|Item Clause: Limit 1 of each item\n|clearpoke\n|poke|p1|Terapagos, L50, M|\n|poke|p1|Flutter Mane, L50|\n|poke|p1|Tornadus, L50, M|\n|poke|p1|Incineroar, L50, F|\n|poke|p1|Rillaboom, L50, M|\n|poke|p1|Walking Wake, L50|\n|poke|p2|Amoonguss, L50, F|\n|poke|p2|Whimsicott, L50, M|\n|poke|p2|Armarouge, L50, F|\n|poke|p2|Kyogre, L50|\n|poke|p2|Archaludon, L50, M|\n|poke|p2|Indeedee-F, L50, F|\n|teampreview|4\n|inactive|Battle timer is ON: inactive players will automatically lose when time's up. (requested by Notmarcosilva)\nactuary97 has agreed to open team sheets.\n|j| ThatPelli\n|l| ThatPelli\n|inactive|actuary97 has 60 seconds left.\n|j| Sorry Im Trapped\n|\n|t:|1737935967\n|start\n|switch|p1a: Tornadus|Tornadus, L50, M|100\/100\n|switch|p1b: Walking Wake|Walking Wake, L50|100\/100\n|switch|p2a: Whimsicott|Whimsicott, L50, M, shiny|100\/100\n|switch|p2b: Archaludon|Archaludon, L50, M, shiny|100\/100\n|turn|1\n|\n|t:|1737935985\n|move|p1b: Walking Wake|Protect|p1b: Walking Wake\n|-singleturn|p1b: Walking Wake|Protect\n|move|p2a: Whimsicott|Tailwind|p2a: Whimsicott\n|-sidestart|p2: actuary97|move: Tailwind\n|move|p1a: Tornadus|Taunt|p2a: Whimsicott\n|-start|p2a: Whimsicott|move: Taunt\n|move|p2b: Archaludon|Snarl|p1b: Walking Wake|[spread] p1a\n|-activate|p1b: Walking Wake|move: Protect\n|-damage|p1a: Tornadus|85\/100\n|\n|upkeep\n|turn|2\n|inactive|Notmarcosilva has 30 seconds left.\n|inactive|Notmarcosilva has 20 seconds left.\n|inactive|Notmarcosilva has 15 seconds left.\n|inactive|Notmarcosilva has 10 seconds left.\n|\n|t:|1737936033\n|move|p1a: Tornadus|Sunny Day|p1a: Tornadus\n|-weather|SunnyDay\n|-activate|p1b: Walking Wake|ability: Protosynthesis\n|-start|p1b: Walking Wake|protosynthesisspe\n|move|p2a: Whimsicott|Beat Up|p2b: Archaludon\n|-damage|p2b: Archaludon|99\/100\n|-ability|p2b: Archaludon|Stamina|boost\n|-boost|p2b: Archaludon|def|1\n|-damage|p2b: Archaludon|97\/100\n|-ability|p2b: Archaludon|Stamina|boost\n|-boost|p2b: Archaludon|def|1\n|-damage|p2b: Archaludon|96\/100\n|-ability|p2b: Archaludon|Stamina|boost\n|-boost|p2b: Archaludon|def|1\n|-damage|p2b: Archaludon|96\/100\n|-ability|p2b: Archaludon|Stamina|boost\n|-boost|p2b: Archaludon|def|1\n|-hitcount|p2b: Archaludon|4\n|move|p1b: Walking Wake|Flamethrower|p2b: Archaludon\n|-damage|p2b: Archaludon|55\/100\n|-ability|p2b: Archaludon|Stamina|boost\n|-boost|p2b: Archaludon|def|1\n|-damage|p1b: Walking Wake|91\/100|[from] item: Life Orb\n|move|p2b: Archaludon|Body Press|p1b: Walking Wake\n|-damage|p1b: Walking Wake|0 fnt\n|faint|p1b: Walking Wake\n|-end|p1b: Walking Wake|Protosynthesis|[silent]\n|\n|-weather|SunnyDay|[upkeep]\n|upkeep\n|\n|t:|1737936045\n|switch|p1b: Rillaboom|Rillaboom, L50, M|100\/100\n|-fieldstart|move: Grassy Terrain|[from] ability: Grassy Surge|[of] p1b: Rillaboom\n|turn|3\n|\n|t:|1737936056\n|switch|p2a: Armarouge|Armarouge, L50, F|100\/100\n|move|p1b: Rillaboom|Fake Out|p2b: Archaludon\n|-resisted|p2b: Archaludon\n|-damage|p2b: Archaludon|53\/100\n|-ability|p2b: Archaludon|Stamina|boost\n|-boost|p2b: Archaludon|def|1\n|cant|p2b: Archaludon|flinch\n|move|p1a: Tornadus|Bleakwind Storm|p2a: Armarouge|[spread] p2a,p2b\n|-resisted|p2b: Archaludon\n|-damage|p2a: Armarouge|57\/100\n|-damage|p2b: Archaludon|42\/100\n|\n|-weather|SunnyDay|[upkeep]\n|-heal|p2a: Armarouge|63\/100|[from] Grassy Terrain\n|-heal|p2b: Archaludon|48\/100|[from] Grassy Terrain\n|upkeep\n|turn|4\n|inactive|Notmarcosilva has 30 seconds left.\n|\n|t:|1737936091\n|switch|p1b: Terapagos|Terapagos, L50, M|100\/100\n|-activate|p1b: Terapagos|ability: Tera Shift\n|detailschange|p1b: Terapagos|Terapagos-Terastal, L50, M\n|-heal|p1b: Terapagos|100\/100|[silent]\n|move|p1a: Tornadus|Tailwind|p1a: Tornadus\n|-sidestart|p1: Notmarcosilva|move: Tailwind\n|move|p2a: Armarouge|Meteor Beam||[still]\n|-prepare|p2a: Armarouge|Meteor Beam\n|-boost|p2a: Armarouge|spa|1\n|-enditem|p2a: Armarouge|Power Herb\n|-anim|p2a: Armarouge|Meteor Beam|p1a: Tornadus\n|-supereffective|p1a: Tornadus\n|-damage|p1a: Tornadus|0 fnt\n|faint|p1a: Tornadus\n|move|p2b: Archaludon|Body Press|p1b: Terapagos\n|-activate|p1b: Terapagos|ability: Tera Shell\n|-resisted|p1b: Terapagos\n|-damage|p1b: Terapagos|64\/100\n|\n|-weather|SunnyDay|[upkeep]\n|-heal|p1b: Terapagos|70\/100|[from] Grassy Terrain\n|-heal|p2a: Armarouge|69\/100|[from] Grassy Terrain\n|-heal|p2b: Archaludon|55\/100|[from] Grassy Terrain\n|-sideend|p2: actuary97|move: Tailwind\n|upkeep\n|\n|t:|1737936094\n|switch|p1a: Rillaboom|Rillaboom, L50, M|100\/100\n|turn|5\n|inactive|actuary97 has 30 seconds left.\n|\n|t:|1737936121\n|-terastallize|p1b: Terapagos|Stellar\n|detailschange|p1b: Terapagos|Terapagos-Stellar, L50, M, tera:Stellar\n|-heal|p1b: Terapagos|78\/100|[silent]\n|-ability|p1b: Terapagos|Teraform Zero\n|-weather|none\n|-fieldend|move: Grassy Terrain\n|move|p1a: Rillaboom|Fake Out|p2a: Armarouge\n|-damage|p2a: Armarouge|55\/100\n|cant|p2a: Armarouge|flinch\n|move|p1b: Terapagos|Earth Power|p2b: Archaludon\n|-supereffective|p2b: Archaludon\n|-damage|p2b: Archaludon|6\/100\n|-unboost|p2b: Archaludon|spd|1\n|move|p2b: Archaludon|Body Press|p1b: Terapagos\n|-supereffective|p1b: Terapagos\n|-crit|p1b: Terapagos\n|-damage|p1b: Terapagos|0 fnt\n|faint|p1b: Terapagos\n|\n|upkeep\n|turn|6\n|-message|Notmarcosilva forfeited.\n|\n|win|actuary97\n|raw|Notmarcosilva's rating: 1575 &rarr; <strong>1555<\/strong><br \/>(-20 for losing)\n|raw|actuary97's rating: 1579 &rarr; <strong>1599<\/strong><br \/>(+20 for winning)\n|l|\u203dNotmarcosilva\n|player|p1|\n|c|\u2606actuary97|gg\n|l| Sorry Im Trapped\n|l|\u2606actuary97\n|player|p2|\n","uploadtime":1737936379,"views":7,"formatid":"gen9vgc2025regg","rating":1555,"private":0,"password":null}