{"id":"gen9vgc2025regg-2288779881","format":"[Gen 9] VGC 2025 Reg G","players":["Areestoo","Emirnent"],"log":"|j|\u2606Areestoo\n|j|\u2606Emirnent\n|t:|1737930241\n|gametype|doubles\n|player|p1|Areestoo|266|1630\n|player|p2|Emirnent|170|1566\n|teamsize|p1|6\n|teamsize|p2|6\n|gen|9\n|tier|[Gen 9] VGC 2025 Reg G\n|rated|\n|rule|Species Clause: Limit one of each Pok\u00e9mon\n|rule|Item Clause: Limit 1 of each item\n|clearpoke\n|poke|p1|Necrozma-Dawn-Wings, L50|\n|poke|p1|Indeedee-F, L50, F|\n|poke|p1|Ursaluna, L50, F|\n|poke|p1|Gallade, L50, M|\n|poke|p1|Torkoal, L50, M|\n|poke|p1|Lilligant-Hisui, L50, F|\n|poke|p2|Calyrex-Ice, L50|\n|poke|p2|Ting-Lu, L50|\n|poke|p2|Tornadus, L50, M|\n|poke|p2|Urshifu-*, L50, M|\n|poke|p2|Volcarona, L50, M|\n|poke|p2|Raging Bolt, L50|\n|teampreview|4\n|inactive|Battle timer is ON: inactive players will automatically lose when time's up. (requested by Areestoo)\n|j| Domtar\n|inactive|Areestoo has 60 seconds left.\n|\n|t:|1737930295\n|start\n|switch|p1a: Indeedee|Indeedee-F, L50, F|100\/100\n|switch|p1b: Gallade|Gallade, L50, M|100\/100\n|switch|p2a: Ting-Lu|Ting-Lu, L50|100\/100\n|switch|p2b: Calyrex|Calyrex-Ice, L50|100\/100\n|-ability|p2b: Calyrex|As One\n|-ability|p2b: Calyrex|Unnerve\n|-fieldstart|move: Psychic Terrain|[from] ability: Psychic Surge|[of] p1a: Indeedee\n|-enditem|p1a: Indeedee|Psychic Seed\n|-boost|p1a: Indeedee|spd|1|[from] item: Psychic Seed\n|-ability|p2a: Ting-Lu|Vessel of Ruin\n|turn|1\n|inactive|Emirnent has 30 seconds left.\n|\n|t:|1737930325\n|switch|p1a: Necrozma|Necrozma-Dawn-Wings, L50|100\/100\n|move|p2b: Calyrex|Glacial Lance|p1b: Gallade|[spread] p1a,p1b\n|-damage|p1a: Necrozma|59\/100\n|-damage|p1b: Gallade|27\/100\n|move|p1b: Gallade|Sacred Sword|p2a: Ting-Lu\n|-supereffective|p2a: Ting-Lu\n|-damage|p2a: Ting-Lu|7\/100\n|-enditem|p2a: Ting-Lu|Sitrus Berry|[eat]\n|-heal|p2a: Ting-Lu|32\/100|[from] item: Sitrus Berry\n|move|p2a: Ting-Lu|Taunt|p1b: Gallade\n|-start|p1b: Gallade|move: Taunt\n|\n|upkeep\n|turn|2\n|inactive|Areestoo has 30 seconds left.\n|\n|t:|1737930359\n|-terastallize|p1a: Necrozma|Water\n|move|p2b: Calyrex|Glacial Lance|p1a: Necrozma|[spread] p1a,p1b\n|-resisted|p1a: Necrozma\n|-damage|p1a: Necrozma|36\/100\n|-damage|p1b: Gallade|0 fnt\n|faint|p1b: Gallade\n|-ability|p2b: Calyrex|Chilling Neigh|boost\n|-boost|p2b: Calyrex|atk|1\n|move|p1a: Necrozma|Meteor Beam||[still]\n|-prepare|p1a: Necrozma|Meteor Beam\n|-boost|p1a: Necrozma|spa|1\n|-enditem|p1a: Necrozma|Power Herb\n|-anim|p1a: Necrozma|Meteor Beam|p2b: Calyrex\n|-supereffective|p2b: Calyrex\n|-damage|p2b: Calyrex|41\/100\n|move|p2a: Ting-Lu|Taunt|p1a: Necrozma\n|-start|p1a: Necrozma|move: Taunt\n|\n|upkeep\n|\n|t:|1737930382\n|switch|p1b: Indeedee|Indeedee-F, L50, F|100\/100\n|turn|3\n|\n|t:|1737930397\n|move|p2b: Calyrex|Glacial Lance|p1a: Necrozma|[spread] p1a,p1b\n|-resisted|p1a: Necrozma\n|-damage|p1a: Necrozma|4\/100\n|-damage|p1b: Indeedee|27\/100\n|move|p1a: Necrozma|Moongeist Beam|p2b: Calyrex\n|-supereffective|p2b: Calyrex\n|-damage|p2b: Calyrex|0 fnt\n|faint|p2b: Calyrex\n|move|p2a: Ting-Lu|Taunt|p1b: Indeedee\n|-start|p1b: Indeedee|move: Taunt\n|cant|p1b: Indeedee|move: Taunt|Trick Room\n|\n|upkeep\n|\n|t:|1737930407\n|switch|p2b: Raging Bolt|Raging Bolt, L50|100\/100\n|turn|4\n|\n|t:|1737930416\n|switch|p1a: Ursaluna|Ursaluna, L50, F|100\/100\n|move|p2b: Raging Bolt|Volt Switch|p1a: Ursaluna\n|-immune|p1a: Ursaluna\n|move|p1b: Indeedee|Dazzling Gleam|p2a: Ting-Lu|[spread] p2a,p2b\n|-supereffective|p2a: Ting-Lu\n|-supereffective|p2b: Raging Bolt\n|-damage|p2a: Ting-Lu|18\/100\n|-damage|p2b: Raging Bolt|80\/100\n|move|p2a: Ting-Lu|Lash Out|p1b: Indeedee\n|-supereffective|p1b: Indeedee\n|-damage|p1b: Indeedee|0 fnt\n|faint|p1b: Indeedee\n|\n|-status|p1a: Ursaluna|brn|[from] item: Flame Orb\n|upkeep\n|\n|t:|1737930426\n|switch|p1b: Necrozma|Necrozma-Dawn-Wings, L50, tera:Water|4\/100\n|turn|5\n|\n|t:|1737930444\n|move|p2b: Raging Bolt|Volt Switch|p1b: Necrozma\n|-supereffective|p1b: Necrozma\n|-damage|p1b: Necrozma|0 fnt\n|faint|p1b: Necrozma\n|\n|t:|1737930446\n|-end|p2b: Raging Bolt|Protosynthesis|[silent]\n|switch|p2b: Volcarona|Volcarona, L50, M|100\/100|[from] Volt Switch\n|move|p2a: Ting-Lu|Lash Out|p1a: Ursaluna\n|-damage|p1a: Ursaluna|73\/100 brn\n|move|p1a: Ursaluna|Facade|p2b: Volcarona\n|-damage|p2b: Volcarona|0 fnt\n|faint|p2b: Volcarona\n|\n|-damage|p1a: Ursaluna|68\/100 brn|[from] brn\n|-fieldend|move: Psychic Terrain\n|upkeep\n|\n|t:|1737930447\n|switch|p2b: Raging Bolt|Raging Bolt, L50|80\/100\n|turn|6\n|\n|t:|1737930455\n|move|p2b: Raging Bolt|Draco Meteor|p1a: Ursaluna\n|-damage|p1a: Ursaluna|0 fnt\n|-unboost|p2b: Raging Bolt|spa|2\n|faint|p1a: Ursaluna\n|\n|win|Emirnent\n|raw|Areestoo's rating: 1630 &rarr; <strong>1606<\/strong><br \/>(-24 for losing)\n|raw|Emirnent's rating: 1566 &rarr; <strong>1590<\/strong><br \/>(+24 for winning)\n|l|\u2606Emirnent\n|player|p2|\n|l|\u2606Areestoo\n|player|p1|\n|l| Domtar\n","uploadtime":1737930630,"views":24,"formatid":"gen9vgc2025regg","rating":1590,"private":0,"password":null}