{"id":"gen9vgc2025regg-2288907854","format":"[Gen 9] VGC 2025 Reg G","players":["master 792","infinitygroudon"],"log":"|j|\u2606master 792\n|j|\u2606infinitygroudon\n|t:|1737946536\n|gametype|doubles\n|player|p1|master 792|lucas|1581\n|player|p2|infinitygroudon|1|1590\n|teamsize|p1|6\n|teamsize|p2|6\n|gen|9\n|tier|[Gen 9] VGC 2025 Reg G\n|rated|\n|rule|Species Clause: Limit one of each Pok\u00e9mon\n|rule|Item Clause: Limit 1 of each item\n|clearpoke\n|poke|p1|Necrozma-Dawn-Wings, L50|\n|poke|p1|Indeedee, L50, M|\n|poke|p1|Gallade, L50, M|\n|poke|p1|Ting-Lu, L50|\n|poke|p1|Ogerpon-Hearthflame, L50, F|\n|poke|p1|Flutter Mane, L50|\n|poke|p2|Calyrex-Shadow, L50|\n|poke|p2|Incineroar, L50, M|\n|poke|p2|Weezing-Galar, L50, M|\n|poke|p2|Indeedee-F, L50, F|\n|poke|p2|Iron Valiant, L50|\n|poke|p2|Ursaluna-Bloodmoon, L50, M|\n|teampreview|4\n|j| CNnnnn\n|l| CNnnnn\n|inactive|Battle timer is ON: inactive players will automatically lose when time's up. (requested by master 792)\n|\n|t:|1737946551\n|start\n|switch|p1a: Necrozma|Necrozma-Dawn-Wings, L50, shiny|100\/100\n|switch|p1b: Indeedee|Indeedee, L50, M, shiny|100\/100\n|switch|p2a: Charming|Iron Valiant, L50, shiny|100\/100\n|switch|p2b: Duncan|Calyrex-Shadow, L50|100\/100\n|-ability|p2b: Duncan|As One\n|-ability|p2b: Duncan|Unnerve\n|-fieldstart|move: Psychic Terrain|[from] ability: Psychic Surge|[of] p1b: Indeedee\n|-enditem|p2a: Charming|Booster Energy\n|-activate|p2a: Charming|ability: Quark Drive|[fromitem]\n|-start|p2a: Charming|quarkdrivespe\n|turn|1\n|j| CNnnnn\n|\n|t:|1737946567\n|-terastallize|p1a: Necrozma|Normal\n|move|p1b: Indeedee|Protect|p1b: Indeedee\n|-singleturn|p1b: Indeedee|Protect\n|move|p2a: Charming|Spirit Break|p1a: Necrozma\n|-damage|p1a: Necrozma|69\/100\n|-unboost|p1a: Necrozma|spa|1\n|move|p2b: Duncan|Expanding Force|p1a: Necrozma|[spread] p1a\n|-activate|p1b: Indeedee|move: Protect\n|-damage|p1a: Necrozma|5\/100\n|-damage|p2b: Duncan|91\/100|[from] item: Life Orb\n|move|p1a: Necrozma|Meteor Beam||[still]\n|-prepare|p1a: Necrozma|Meteor Beam\n|-boost|p1a: Necrozma|spa|1\n|-enditem|p1a: Necrozma|Power Herb\n|-anim|p1a: Necrozma|Meteor Beam|p2b: Duncan\n|-damage|p2b: Duncan|43\/100\n|\n|upkeep\n|turn|2\n|\n|t:|1737946584\n|switch|p1a: Ting-Lu|Ting-Lu, L50|100\/100\n|-ability|p1a: Ting-Lu|Vessel of Ruin\n|move|p2a: Charming|Close Combat|p1b: Indeedee\n|-damage|p1b: Indeedee|30\/100\n|-unboost|p2a: Charming|def|1\n|-unboost|p2a: Charming|spd|1\n|move|p2b: Duncan|Expanding Force|p1a: Ting-Lu|[spread] p1b\n|-immune|p1a: Ting-Lu\n|-resisted|p1b: Indeedee\n|-damage|p1b: Indeedee|0 fnt\n|faint|p1b: Indeedee\n|-ability|p2b: Duncan|Grim Neigh|boost\n|-boost|p2b: Duncan|spa|1\n|-damage|p2b: Duncan|33\/100|[from] item: Life Orb\n|\n|upkeep\n|\n|t:|1737946587\n|switch|p1b: Gallade|Gallade, L50, M, shiny|100\/100\n|turn|3\n|\n|t:|1737946598\n|-terastallize|p2a: Charming|Fairy\n|move|p2b: Duncan|Protect|p2b: Duncan\n|-singleturn|p2b: Duncan|Protect\n|move|p2a: Charming|Spirit Break|p1b: Gallade\n|-supereffective|p1b: Gallade\n|-damage|p1b: Gallade|0 fnt\n|faint|p1b: Gallade\n|move|p1a: Ting-Lu|Ruination|p2b: Duncan\n|-activate|p2b: Duncan|move: Protect\n|\n|upkeep\n|\n|t:|1737946602\n|switch|p1b: Necrozma|Necrozma-Dawn-Wings, L50, shiny, tera:Normal|5\/100\n|turn|4\n|c|\u2606master 792|Oye no se vale bueno gg\n|\n|t:|1737946615\n|move|p2a: Charming|Close Combat|p1a: Ting-Lu\n|-supereffective|p1a: Ting-Lu\n|-damage|p1a: Ting-Lu|37\/100\n|-unboost|p2a: Charming|def|1\n|-unboost|p2a: Charming|spd|1\n|-damage|p2a: Charming|84\/100|[from] item: Rocky Helmet|[of] p1a: Ting-Lu\n|move|p2b: Duncan|Astral Barrage|p1b: Necrozma|[spread] p1a\n|-immune|p1b: Necrozma\n|-resisted|p1a: Ting-Lu\n|-damage|p1a: Ting-Lu|9\/100\n|-damage|p2b: Duncan|23\/100|[from] item: Life Orb\n|move|p1b: Necrozma|Expanding Force|p2a: Charming|[spread] p2a,p2b\n|-resisted|p2b: Duncan\n|-crit|p2b: Duncan\n|-damage|p2a: Charming|0 fnt\n|-damage|p2b: Duncan|0 fnt\n|faint|p2a: Charming\n|-end|p2a: Charming|Quark Drive|[silent]\n|faint|p2b: Duncan\n|move|p1a: Ting-Lu|Sand Tomb|p2: Charming|[notarget]\n|-fail|p1a: Ting-Lu\n|\n|upkeep\n|\n|t:|1737946626\n|switch|p2b: Mr. Gassy|Weezing-Galar, L50, M|100\/100\n|switch|p2a: Suthen|Indeedee-F, L50, F|100\/100\n|-ability|p2b: Mr. Gassy|Neutralizing Gas\n|turn|5\n|c|\u2606infinitygroudon|gg\n|c|\u2606master 792|Ahora a volver a llegar a 1600\n|\n|t:|1737946644\n|move|p2a: Suthen|Dazzling Gleam|p1b: Necrozma|[spread] p1a,p1b\n|-supereffective|p1a: Ting-Lu\n|-damage|p1a: Ting-Lu|0 fnt\n|-damage|p1b: Necrozma|0 fnt\n|faint|p1a: Ting-Lu\n|faint|p1b: Necrozma\n|\n|win|infinitygroudon\n|raw|master 792's rating: 1581 &rarr; <strong>1562<\/strong><br \/>(-19 for losing)\n|raw|infinitygroudon's rating: 1590 &rarr; <strong>1609<\/strong><br \/>(+19 for winning)\n|l|\u2606master 792\n|player|p1|\n|l| CNnnnn\n|l|\u2606infinitygroudon\n|player|p2|\n","uploadtime":1737946861,"views":14,"formatid":"gen9vgc2025regg","rating":1562,"private":0,"password":null}