{"id":"gen9vgc2025regg-2288581621","format":"[Gen 9] VGC 2025 Reg G","players":["Tekuazor","Geodude3138"],"log":"|j|\u2606Tekuazor\n|j|\u2606Geodude3138\n|t:|1737907292\n|gametype|doubles\n|player|p1|Tekuazor|dawn|1538\n|player|p2|Geodude3138|lady-gen4|1564\n|teamsize|p1|6\n|teamsize|p2|6\n|gen|9\n|tier|[Gen 9] VGC 2025 Reg G\n|rated|\n|rule|Species Clause: Limit one of each Pok\u00e9mon\n|rule|Item Clause: Limit 1 of each item\n|clearpoke\n|poke|p1|Eternatus, L50|\n|poke|p1|Tinkaton, L50, F|\n|poke|p1|Ogerpon-Wellspring, L50, F|\n|poke|p1|Whimsicott, L50, M|\n|poke|p1|Chi-Yu, L50|\n|poke|p1|Stonjourner, L50, F|\n|poke|p2|Koraidon, L50|\n|poke|p2|Flutter Mane, L50|\n|poke|p2|Ogerpon-Cornerstone, L50, F|\n|poke|p2|Chi-Yu, L50|\n|poke|p2|Raging Bolt, L50|\n|poke|p2|Ditto, L50|\n|teampreview|4\n|\n|t:|1737907331\n|start\n|switch|p1a: Eternatus|Eternatus, L50|100\/100\n|switch|p1b: Whimsicott|Whimsicott, L50, M|100\/100\n|switch|p2a: Flutter Mane|Flutter Mane, L50|100\/100\n|switch|p2b: Chi-Yu|Chi-Yu, L50|100\/100\n|-ability|p1a: Eternatus|Pressure\n|-ability|p2b: Chi-Yu|Beads of Ruin\n|-enditem|p2a: Flutter Mane|Booster Energy\n|-activate|p2a: Flutter Mane|ability: Protosynthesis|[fromitem]\n|-start|p2a: Flutter Mane|protosynthesisspe\n|turn|1\n|\n|t:|1737907343\n|move|p1b: Whimsicott|Tailwind|p1b: Whimsicott\n|-sidestart|p1: Tekuazor|move: Tailwind\n|move|p1a: Eternatus|Meteor Beam||[still]\n|-prepare|p1a: Eternatus|Meteor Beam\n|-boost|p1a: Eternatus|spa|1\n|-enditem|p1a: Eternatus|Power Herb\n|-anim|p1a: Eternatus|Meteor Beam|p2b: Chi-Yu\n|-supereffective|p2b: Chi-Yu\n|-damage|p2b: Chi-Yu|0 fnt\n|faint|p2b: Chi-Yu\n|move|p2a: Flutter Mane|Icy Wind|p1a: Eternatus|[spread] p1a,p1b\n|-supereffective|p1a: Eternatus\n|-supereffective|p1b: Whimsicott\n|-damage|p1a: Eternatus|80\/100\n|-damage|p1b: Whimsicott|66\/100\n|-unboost|p1a: Eternatus|spe|1\n|\n|upkeep\n|\n|t:|1737907366\n|switch|p2b: Koraidon|Koraidon, L50|100\/100\n|-weather|SunnyDay|[from] ability: Orichalcum Pulse|[of] p2b: Koraidon\n|-activate|p2b: Koraidon|Orichalcum Pulse|[source]\n|turn|2\n|\n|t:|1737907376\n|-terastallize|p2b: Koraidon|Fire\n|move|p1a: Eternatus|Protect|p1a: Eternatus\n|-singleturn|p1a: Eternatus|Protect\n|move|p1b: Whimsicott|Moonblast|p2b: Koraidon\n|-resisted|p2b: Koraidon\n|-damage|p2b: Koraidon|89\/100\n|move|p2a: Flutter Mane|Icy Wind|p1b: Whimsicott|[spread] p1b\n|-activate|p1a: Eternatus|move: Protect\n|-supereffective|p1b: Whimsicott\n|-damage|p1b: Whimsicott|31\/100\n|move|p2b: Koraidon|Flame Charge|p1b: Whimsicott\n|-supereffective|p1b: Whimsicott\n|-damage|p1b: Whimsicott|0 fnt\n|-boost|p2b: Koraidon|spe|1\n|faint|p1b: Whimsicott\n|\n|-weather|SunnyDay|[upkeep]\n|upkeep\n|\n|t:|1737907392\n|switch|p1b: Stonjourner|Stonjourner, L50, F, shiny|100\/100\n|turn|3\n|\n|t:|1737907415\n|-terastallize|p1a: Eternatus|Ghost\n|move|p2b: Koraidon|Protect|p2b: Koraidon\n|-singleturn|p2b: Koraidon|Protect\n|move|p1b: Stonjourner|Wide Guard|p1b: Stonjourner\n|-singleturn|p1b: Stonjourner|Wide Guard\n|move|p2a: Flutter Mane|Icy Wind|p1b: Stonjourner|[spread] \n|-activate|p1a: Eternatus|move: Wide Guard\n|-activate|p1b: Stonjourner|move: Wide Guard\n|move|p1a: Eternatus|Sludge Bomb|p2b: Koraidon\n|-activate|p2b: Koraidon|move: Protect\n|\n|-weather|SunnyDay|[upkeep]\n|upkeep\n|turn|4\n|\n|t:|1737907439\n|move|p1b: Stonjourner|Wide Guard|p1b: Stonjourner\n|-singleturn|p1b: Stonjourner|Wide Guard\n|move|p2a: Flutter Mane|Icy Wind|p1a: Eternatus|[spread] \n|-activate|p1a: Eternatus|move: Wide Guard\n|-activate|p1b: Stonjourner|move: Wide Guard\n|move|p1a: Eternatus|Sludge Bomb|p2b: Koraidon\n|-damage|p2b: Koraidon|0 fnt\n|faint|p2b: Koraidon\n|\n|-weather|SunnyDay|[upkeep]\n|-sideend|p1: Tekuazor|move: Tailwind\n|upkeep\n|\n|t:|1737907449\n|switch|p2b: Ogerpon|Ogerpon-Cornerstone, L50, F|100\/100\n|turn|5\n|\n|t:|1737907462\n|move|p2a: Flutter Mane|Moonblast|p1b: Stonjourner\n|-crit|p1b: Stonjourner\n|-enditem|p1b: Stonjourner|Focus Sash\n|-damage|p1b: Stonjourner|1\/100\n|move|p2b: Ogerpon|Ivy Cudgel|p1b: Stonjourner|[anim] Ivy Cudgel Rock\n|-damage|p1b: Stonjourner|0 fnt\n|faint|p1b: Stonjourner\n|move|p1a: Eternatus|Flamethrower|p2b: Ogerpon\n|-damage|p2b: Ogerpon|1\/100\n|\n|-weather|SunnyDay|[upkeep]\n|upkeep\n|\n|t:|1737907473\n|switch|p1b: Chi-Yu|Chi-Yu, L50|100\/100\n|-ability|p1b: Chi-Yu|Beads of Ruin\n|turn|6\n|\n|t:|1737907486\n|move|p2a: Flutter Mane|Icy Wind|p1b: Chi-Yu|[spread] p1a,p1b\n|-resisted|p1b: Chi-Yu\n|-damage|p1a: Eternatus|66\/100\n|-damage|p1b: Chi-Yu|94\/100\n|-unboost|p1a: Eternatus|spe|1\n|-unboost|p1b: Chi-Yu|spe|1\n|move|p2b: Ogerpon|Ivy Cudgel|p1a: Eternatus|[anim] Ivy Cudgel Rock\n|-damage|p1a: Eternatus|14\/100\n|move|p1b: Chi-Yu|Heat Wave|p2b: Ogerpon|[spread] p2a,p2b\n|-crit|p2b: Ogerpon\n|-damage|p2a: Flutter Mane|0 fnt\n|-damage|p2b: Ogerpon|0 fnt\n|faint|p2a: Flutter Mane\n|-end|p2a: Flutter Mane|Protosynthesis|[silent]\n|faint|p2b: Ogerpon\n|\n|win|Tekuazor\n|raw|Tekuazor's rating: 1538 &rarr; <strong>1559<\/strong><br \/>(+21 for winning)\n|raw|Geodude3138's rating: 1564 &rarr; <strong>1543<\/strong><br \/>(-21 for losing)\n|l|\u2606Geodude3138\n|player|p2|\n|l|\u2606Tekuazor\n|player|p1|\n","uploadtime":1737907747,"views":12,"formatid":"gen9vgc2025regg","rating":1543,"private":0,"password":null}