{"id":"gen9vgc2025regg-2288621987","format":"[Gen 9] VGC 2025 Reg G","players":["decay4","infinitygroudon"],"log":"|j|\u2606decay4\n|j|\u2606infinitygroudon\n|t:|1737912136\n|gametype|doubles\n|player|p1|decay4|skyla|1566\n|player|p2|infinitygroudon|1|1652\n|teamsize|p1|6\n|teamsize|p2|6\n|gen|9\n|tier|[Gen 9] VGC 2025 Reg G\n|rated|\n|rule|Species Clause: Limit one of each Pok\u00e9mon\n|rule|Item Clause: Limit 1 of each item\n|clearpoke\n|poke|p1|Indeedee-F, L50, F|\n|poke|p1|Grimmsnarl, L50, M|\n|poke|p1|Incineroar, L50, F|\n|poke|p1|Urshifu-*, L50, M|\n|poke|p1|Lunala, L50|\n|poke|p1|Torkoal, L50, F|\n|poke|p2|Calyrex-Shadow, L50|\n|poke|p2|Incineroar, L50, M|\n|poke|p2|Weezing-Galar, L50, M|\n|poke|p2|Indeedee-F, L50, F|\n|poke|p2|Iron Valiant, L50|\n|poke|p2|Ursaluna-Bloodmoon, L50, M|\n|teampreview|4\n|j| dunsparce1458\n|j| Tobidog\n|\n|t:|1737912183\n|start\n|switch|p1a: Lunala|Lunala, L50|100\/100\n|switch|p1b: Indeedee|Indeedee-F, L50, F|100\/100\n|switch|p2a: Mr. Gassy|Weezing-Galar, L50, M|100\/100\n|switch|p2b: Charming|Iron Valiant, L50, shiny|100\/100\n|-ability|p2a: Mr. Gassy|Neutralizing Gas\n|turn|1\n|j| bloodcurseuk\n|\n|t:|1737912196\n|move|p2b: Charming|Spirit Break|p1a: Lunala\n|-damage|p1a: Lunala|71\/100\n|-unboost|p1a: Lunala|spa|1\n|move|p1a: Lunala|Calm Mind|p1a: Lunala\n|-boost|p1a: Lunala|spa|1\n|-boost|p1a: Lunala|spd|1\n|move|p2a: Mr. Gassy|Taunt|p1b: Indeedee\n|-start|p1b: Indeedee|move: Taunt\n|cant|p1b: Indeedee|move: Taunt|Trick Room\n|\n|-heal|p1a: Lunala|77\/100|[from] item: Leftovers\n|upkeep\n|turn|2\n|l| dunsparce1458\n|\n|t:|1737912231\n|move|p2b: Charming|Spirit Break|p1a: Lunala\n|-damage|p1a: Lunala|46\/100\n|-unboost|p1a: Lunala|spa|1\n|move|p1a: Lunala|Moonblast|p2b: Charming\n|-supereffective|p2b: Charming\n|-damage|p2b: Charming|15\/100\n|move|p1b: Indeedee|Dazzling Gleam|p2a: Mr. Gassy|[spread] p2a,p2b\n|-resisted|p2a: Mr. Gassy\n|-supereffective|p2b: Charming\n|-damage|p2a: Mr. Gassy|93\/100\n|-damage|p2b: Charming|0 fnt\n|faint|p2b: Charming\n|-end|p2b: Charming|Quark Drive|[silent]\n|move|p2a: Mr. Gassy|Sludge Bomb|p1b: Indeedee\n|-damage|p1b: Indeedee|73\/100\n|\n|-heal|p1a: Lunala|53\/100|[from] item: Leftovers\n|upkeep\n|\n|t:|1737912243\n|switch|p2b: Banderilla|Incineroar, L50, M|100\/100\n|-ability|p2b: Banderilla|Intimidate|boost\n|-unboost|p1a: Lunala|atk|1\n|-unboost|p1b: Indeedee|atk|1\n|turn|3\n|\n|t:|1737912288\n|switch|p1a: Urshifu|Urshifu, L50, M|100\/100\n|switch|p1b: Torkoal|Torkoal, L50, F, shiny|100\/100\n|move|p2a: Mr. Gassy|Sludge Bomb|p1a: Urshifu\n|-damage|p1a: Urshifu|59\/100\n|move|p2b: Banderilla|Knock Off|p1b: Torkoal\n|-damage|p1b: Torkoal|71\/100\n|-enditem|p1b: Torkoal|Choice Specs|[from] move: Knock Off|[of] p2b: Banderilla\n|\n|upkeep\n|turn|4\n|\n|t:|1737912311\n|move|p1a: Urshifu|Close Combat|p2b: Banderilla\n|-supereffective|p2b: Banderilla\n|-damage|p2b: Banderilla|0 fnt\n|-unboost|p1a: Urshifu|def|1\n|-unboost|p1a: Urshifu|spd|1\n|faint|p2b: Banderilla\n|move|p2a: Mr. Gassy|Sludge Bomb|p1a: Urshifu\n|-damage|p1a: Urshifu|2\/100\n|-status|p1a: Urshifu|psn\n|move|p1b: Torkoal|Heat Wave|p2a: Mr. Gassy\n|-damage|p2a: Mr. Gassy|50\/100\n|-enditem|p2a: Mr. Gassy|Sitrus Berry|[eat]\n|-heal|p2a: Mr. Gassy|75\/100|[from] item: Sitrus Berry\n|\n|-damage|p1a: Urshifu|0 fnt|[from] psn\n|faint|p1a: Urshifu\n|upkeep\n|\n|t:|1737912323\n|switch|p1a: Indeedee|Indeedee-F, L50, F|73\/100\n|switch|p2b: Duncan|Calyrex-Shadow, L50|100\/100\n|-ability|p2b: Duncan|As One\n|-ability|p2b: Duncan|Unnerve\n|turn|5\n|\n|t:|1737912369\n|move|p2b: Duncan|Astral Barrage|p1a: Indeedee|[spread] p1b\n|-immune|p1a: Indeedee\n|-damage|p1b: Torkoal|0 fnt\n|faint|p1b: Torkoal\n|-ability|p2b: Duncan|Grim Neigh|boost\n|-boost|p2b: Duncan|spa|1\n|-damage|p2b: Duncan|91\/100|[from] item: Life Orb\n|move|p1a: Indeedee|Heal Pulse|p1: Torkoal|[notarget]\n|-fail|p1a: Indeedee\n|move|p2a: Mr. Gassy|Taunt|p1a: Indeedee\n|-start|p1a: Indeedee|move: Taunt\n|\n|upkeep\n|\n|t:|1737912371\n|switch|p1b: Lunala|Lunala, L50|53\/100\n|turn|6\n|\n|t:|1737912381\n|move|p2b: Duncan|Protect|p2b: Duncan\n|-singleturn|p2b: Duncan|Protect\n|move|p1b: Lunala|Wide Guard|p1b: Lunala\n|-singleturn|p1b: Lunala|Wide Guard\n|move|p1a: Indeedee|Dazzling Gleam|p2b: Duncan|[spread] p2a\n|-activate|p2b: Duncan|move: Protect\n|-resisted|p2a: Mr. Gassy\n|-damage|p2a: Mr. Gassy|68\/100\n|move|p2a: Mr. Gassy|Sludge Bomb|p1b: Lunala\n|-resisted|p1b: Lunala\n|-damage|p1b: Lunala|42\/100\n|-status|p1b: Lunala|psn\n|\n|-heal|p1b: Lunala|48\/100 psn|[from] item: Leftovers\n|-damage|p1b: Lunala|36\/100 psn|[from] psn\n|upkeep\n|turn|7\n|l| Tobidog\n|-message|decay4 forfeited.\n|\n|win|infinitygroudon\n|raw|decay4's rating: 1566 &rarr; <strong>1551<\/strong><br \/>(-15 for losing)\n|raw|infinitygroudon's rating: 1652 &rarr; <strong>1667<\/strong><br \/>(+15 for winning)\n|l|\u2606decay4\n|player|p1|\n|l|\u2606infinitygroudon\n|player|p2|\n|l| bloodcurseuk\n","uploadtime":1737912527,"views":4,"formatid":"gen9vgc2025regg","rating":1551,"private":0,"password":null}