{"id":"gen9vgc2025regg-2288942916","format":"[Gen 9] VGC 2025 Reg G","players":["Jasondddd","something123"],"log":"|j|\u2606Jasondddd\n|j|\u2606something123\n|t:|1737951404\n|gametype|doubles\n|player|p1|Jasondddd|lucas|1617\n|player|p2|something123|266|1718\n|teamsize|p1|6\n|teamsize|p2|6\n|gen|9\n|tier|[Gen 9] VGC 2025 Reg G\n|rated|\n|rule|Species Clause: Limit one of each Pok\u00e9mon\n|rule|Item Clause: Limit 1 of each item\n|clearpoke\n|poke|p1|Miraidon, L50|\n|poke|p1|Incineroar, L50, F|\n|poke|p1|Tinkaton, L50, F|\n|poke|p1|Ogerpon-Cornerstone, L50, F|\n|poke|p1|Iron Valiant, L50|\n|poke|p1|Moltres-Galar, L50|\n|poke|p2|Farigiraf, L50, M|\n|poke|p2|Landorus, L50, M|\n|poke|p2|Calyrex-Ice, L50|\n|poke|p2|Ogerpon-Cornerstone, L50, F|\n|poke|p2|Urshifu-*, L50, F|\n|poke|p2|Roaring Moon, L50|\n|teampreview|4\n|inactive|Battle timer is ON: inactive players will automatically lose when time's up. (requested by something123)\n|j| weewoowop\n|inactive|Jasondddd has 60 seconds left.\n|\n|t:|1737951475\n|start\n|switch|p1a: Tinkaton|Tinkaton, L50, F|100\/100\n|switch|p1b: Moltres|Moltres-Galar, L50|100\/100\n|switch|p2a: Calyrex|Calyrex-Ice, L50|100\/100\n|switch|p2b: Ogerpon|Ogerpon-Cornerstone, L50, F|100\/100\n|-ability|p2a: Calyrex|As One\n|-ability|p2a: Calyrex|Unnerve\n|-ability|p1a: Tinkaton|Mold Breaker\n|turn|1\n|\n|t:|1737951493\n|-terastallize|p1b: Moltres|Poison\n|move|p2b: Ogerpon|Spiky Shield|p2b: Ogerpon\n|-singleturn|p2b: Ogerpon|move: Protect\n|move|p2a: Calyrex|Protect|p2a: Calyrex\n|-singleturn|p2a: Calyrex|Protect\n|move|p1a: Tinkaton|Fake Out|p2a: Calyrex\n|-activate|p2a: Calyrex|move: Protect\n|move|p1b: Moltres|Fiery Wrath|p2a: Calyrex|[spread] \n|-activate|p2a: Calyrex|move: Protect\n|-activate|p2b: Ogerpon|move: Protect\n|\n|upkeep\n|turn|2\n|inactive|something123 has 30 seconds left.\n|\n|t:|1737951524\n|-terastallize|p2a: Calyrex|Water\n|move|p1a: Tinkaton|Helping Hand|p1b: Moltres\n|-singleturn|p1b: Moltres|Helping Hand|[of] p1a: Tinkaton\n|move|p2b: Ogerpon|Ivy Cudgel|p1b: Moltres|[anim] Ivy Cudgel Rock\n|-damage|p1b: Moltres|47\/100\n|-ability|p1b: Moltres|Berserk|boost\n|-boost|p1b: Moltres|spa|1\n|move|p1b: Moltres|Fiery Wrath|p2a: Calyrex|[spread] p2a,p2b\n|-damage|p2a: Calyrex|51\/100\n|-damage|p2b: Ogerpon|20\/100\n|cant|p2a: Calyrex|flinch\n|\n|upkeep\n|turn|3\n|inactive|Jasondddd has 30 seconds left.\n|inactive|something123 has 30 seconds left.\n|inactive|Jasondddd has 20 seconds left.\n|inactive|Jasondddd has 15 seconds left.\n|inactive|Jasondddd has 10 seconds left.\n|\n|t:|1737951570\n|switch|p1b: Iron Valiant|Iron Valiant, L50|100\/100\n|move|p2b: Ogerpon|Ivy Cudgel|p1b: Iron Valiant|[anim] Ivy Cudgel Rock\n|-resisted|p1b: Iron Valiant\n|-damage|p1b: Iron Valiant|61\/100\n|move|p1a: Tinkaton|Gigaton Hammer|p2b: Ogerpon\n|-supereffective|p2b: Ogerpon\n|-damage|p2b: Ogerpon|0 fnt\n|faint|p2b: Ogerpon\n|move|p2a: Calyrex|High Horsepower|p1a: Tinkaton\n|-supereffective|p1a: Tinkaton\n|-damage|p1a: Tinkaton|22\/100\n|-enditem|p1a: Tinkaton|Eject Button\n|\n|t:|1737951583\n|switch|p1a: Miraidon|Miraidon, L50|100\/100\n|-fieldstart|move: Electric Terrain|[from] ability: Hadron Engine|[of] p1a: Miraidon\n|-activate|p1b: Iron Valiant|ability: Quark Drive\n|-start|p1b: Iron Valiant|quarkdrivespe\n|\n|upkeep\n|\n|t:|1737951593\n|switch|p2b: Roaring Moon|Roaring Moon, L50|100\/100\n|-enditem|p2b: Roaring Moon|Booster Energy\n|-activate|p2b: Roaring Moon|ability: Protosynthesis|[fromitem]\n|-start|p2b: Roaring Moon|protosynthesisspe\n|turn|4\n|\n|t:|1737951618\n|switch|p2a: Landorus|Landorus, L50, M|100\/100\n|move|p2b: Roaring Moon|Protect|p2b: Roaring Moon\n|-singleturn|p2b: Roaring Moon|Protect\n|move|p1b: Iron Valiant|Close Combat|p2b: Roaring Moon\n|-activate|p2b: Roaring Moon|move: Protect\n|move|p1a: Miraidon|Volt Switch|p2a: Landorus\n|-immune|p2a: Landorus\n|\n|upkeep\n|turn|5\n|\n|t:|1737951635\n|move|p1b: Iron Valiant|Close Combat|p2b: Roaring Moon\n|-supereffective|p2b: Roaring Moon\n|-crit|p2b: Roaring Moon\n|-damage|p2b: Roaring Moon|0 fnt\n|-unboost|p1b: Iron Valiant|def|1\n|-unboost|p1b: Iron Valiant|spd|1\n|faint|p2b: Roaring Moon\n|-end|p2b: Roaring Moon|Protosynthesis|[silent]\n|move|p1a: Miraidon|Volt Switch|p2a: Landorus\n|-immune|p2a: Landorus\n|move|p2a: Landorus|Sandsear Storm|p1b: Iron Valiant|[spread] p1a,p1b\n|-supereffective|p1a: Miraidon\n|-damage|p1a: Miraidon|0 fnt\n|-damage|p1b: Iron Valiant|0 fnt\n|faint|p1a: Miraidon\n|faint|p1b: Iron Valiant\n|-end|p1b: Iron Valiant|Quark Drive|[silent]\n|\n|upkeep\n|\n|t:|1737951651\n|switch|p1a: Tinkaton|Tinkaton, L50, F|22\/100\n|switch|p1b: Moltres|Moltres-Galar, L50, tera:Poison|47\/100\n|switch|p2b: Calyrex|Calyrex-Ice, L50, tera:Water|51\/100\n|-ability|p2b: Calyrex|As One\n|-ability|p2b: Calyrex|Unnerve\n|-ability|p1a: Tinkaton|Mold Breaker\n|turn|6\n|\n|t:|1737951674\n|move|p2a: Landorus|Protect|p2a: Landorus\n|-singleturn|p2a: Landorus|Protect\n|move|p2b: Calyrex|Protect|p2b: Calyrex\n|-singleturn|p2b: Calyrex|Protect\n|move|p1a: Tinkaton|Feint|p2b: Calyrex\n|-activate|p2b: Calyrex|move: Feint\n|-damage|p2b: Calyrex|46\/100\n|move|p1b: Moltres|Tailwind|p1b: Moltres\n|-sidestart|p1: Jasondddd|move: Tailwind\n|\n|upkeep\n|turn|7\n|\n|t:|1737951690\n|move|p1a: Tinkaton|Helping Hand|p1b: Moltres\n|-singleturn|p1b: Moltres|Helping Hand|[of] p1a: Tinkaton\n|move|p1b: Moltres|Fiery Wrath|p2b: Calyrex|[spread] p2a,p2b\n|-damage|p2a: Landorus|54\/100\n|-damage|p2b: Calyrex|13\/100\n|move|p2a: Landorus|Sandsear Storm|p1a: Tinkaton|[spread] p1a,p1b\n|-supereffective|p1a: Tinkaton\n|-supereffective|p1b: Moltres\n|-damage|p1a: Tinkaton|0 fnt\n|-damage|p1b: Moltres|0 fnt\n|faint|p1a: Tinkaton\n|faint|p1b: Moltres\n|\n|win|something123\n|raw|Jasondddd's rating: 1617 &rarr; <strong>1603<\/strong><br \/>(-14 for losing)\n|raw|something123's rating: 1718 &rarr; <strong>1732<\/strong><br \/>(+14 for winning)\n|l|\u2606something123\n|player|p2|\n|l| weewoowop\n","uploadtime":1737951961,"views":30,"formatid":"gen9vgc2025regg","rating":1603,"private":0,"password":null}