{"id":"gen9vgc2025regg-2288918464","format":"[Gen 9] VGC 2025 Reg G","players":["MBSSQBBDS","Spottedwoot"],"log":"|j|\u2606MBSSQBBDS\n|j|\u2606Spottedwoot\n|t:|1737947960\n|gametype|doubles\n|player|p1|MBSSQBBDS|bianca|1607\n|player|p2|Spottedwoot|266|1560\n|teamsize|p1|6\n|teamsize|p2|6\n|gen|9\n|tier|[Gen 9] VGC 2025 Reg G\n|rated|\n|rule|Species Clause: Limit one of each Pok\u00e9mon\n|rule|Item Clause: Limit 1 of each item\n|clearpoke\n|poke|p1|Calyrex-Shadow, L50|\n|poke|p1|Ditto, L50|\n|poke|p1|Raging Bolt, L50|\n|poke|p1|Urshifu-*, L50, M|\n|poke|p1|Brute Bonnet, L50|\n|poke|p1|Ogerpon-Hearthflame, L50, F|\n|poke|p2|Calyrex-Shadow, L50|\n|poke|p2|Rillaboom, L50, F|\n|poke|p2|Urshifu-*, L50, M|\n|poke|p2|Incineroar, L50, F|\n|poke|p2|Clefairy, L50, M|\n|poke|p2|Raging Bolt, L50|\n|teampreview|4\n|\n|t:|1737947985\n|start\n|switch|p1a: Calyrex|Calyrex-Shadow, L50|100\/100\n|switch|p1b: Brute Bonnet|Brute Bonnet, L50|100\/100\n|switch|p2a: Calyrex|Calyrex-Shadow, L50|100\/100\n|switch|p2b: Urshifu|Urshifu-Rapid-Strike, L50, M|100\/100\n|-ability|p1a: Calyrex|As One\n|-ability|p1a: Calyrex|Unnerve\n|-ability|p2a: Calyrex|As One\n|-ability|p2a: Calyrex|Unnerve\n|turn|1\n|\n|t:|1737948013\n|-terastallize|p2a: Calyrex|Fairy\n|-terastallize|p1a: Calyrex|Fighting\n|move|p2b: Urshifu|U-turn|p1b: Brute Bonnet\n|-supereffective|p1b: Brute Bonnet\n|-damage|p1b: Brute Bonnet|24\/100\n|-damage|p2b: Urshifu|84\/100|[from] item: Rocky Helmet|[of] p1b: Brute Bonnet\n|\n|t:|1737948020\n|switch|p2b: Incineroar|Incineroar, L50, F|100\/100|[from] U-turn\n|-ability|p2b: Incineroar|Intimidate|boost\n|-unboost|p1a: Calyrex|atk|1\n|-unboost|p1b: Brute Bonnet|atk|1\n|move|p2a: Calyrex|Astral Barrage|p1a: Calyrex|[spread] p1a,p1b\n|-resisted|p1b: Brute Bonnet\n|-damage|p1a: Calyrex|29\/100\n|-damage|p1b: Brute Bonnet|0 fnt\n|faint|p1b: Brute Bonnet\n|-end|p1b: Brute Bonnet|Protosynthesis|[silent]\n|-ability|p2a: Calyrex|Grim Neigh|boost\n|-boost|p2a: Calyrex|spa|1\n|-damage|p2a: Calyrex|91\/100|[from] item: Life Orb\n|move|p1a: Calyrex|Astral Barrage|p2b: Incineroar|[spread] p2a,p2b\n|-resisted|p2b: Incineroar\n|-damage|p2a: Calyrex|27\/100\n|-damage|p2b: Incineroar|73\/100\n|-damage|p1a: Calyrex|20\/100|[from] item: Life Orb\n|\n|upkeep\n|\n|t:|1737948031\n|switch|p1b: Ditto|Ditto, L50|100\/100\n|-transform|p1b: Ditto|p2a: Calyrex|[from] ability: Imposter\n|-ability|p1b: Ditto|As One\n|-ability|p1b: Ditto|Unnerve\n|-start|p1b: Ditto|typechange|Psychic\/Ghost|[silent]\n|turn|2\n|\n|t:|1737948048\n|move|p2b: Incineroar|Fake Out|p1a: Calyrex\n|-damage|p1a: Calyrex|5\/100\n|move|p1b: Ditto|Astral Barrage|p2a: Calyrex|[spread] p2a,p2b\n|-resisted|p2b: Incineroar\n|-damage|p2a: Calyrex|0 fnt\n|-damage|p2b: Incineroar|45\/100\n|faint|p2a: Calyrex\n|-ability|p1b: Ditto|Grim Neigh|boost\n|-boost|p1b: Ditto|spa|1\n|cant|p1a: Calyrex|flinch\n|\n|upkeep\n|\n|t:|1737948052\n|switch|p2a: Urshifu|Urshifu-Rapid-Strike, L50, M|84\/100\n|turn|3\n|\n|t:|1737948063\n|move|p2a: Urshifu|Aqua Jet|p1a: Calyrex\n|-damage|p1a: Calyrex|0 fnt\n|faint|p1a: Calyrex\n|move|p1b: Ditto|Astral Barrage|p2b: Incineroar|[spread] p2a,p2b\n|-resisted|p2b: Incineroar\n|-damage|p2a: Urshifu|0 fnt\n|-damage|p2b: Incineroar|3\/100\n|faint|p2a: Urshifu\n|-ability|p1b: Ditto|Grim Neigh|boost\n|-boost|p1b: Ditto|spa|1\n|move|p2b: Incineroar|Knock Off|p1b: Ditto\n|-supereffective|p1b: Ditto\n|-enditem|p1b: Ditto|Focus Sash\n|-damage|p1b: Ditto|1\/100\n|\n|upkeep\n|\n|t:|1737948070\n|switch|p1a: Urshifu|Urshifu-Rapid-Strike, L50, M|100\/100\n|switch|p2a: Rillaboom|Rillaboom, L50, F|100\/100\n|-fieldstart|move: Grassy Terrain|[from] ability: Grassy Surge|[of] p2a: Rillaboom\n|turn|4\n|\n|t:|1737948088\n|move|p1b: Ditto|Protect|p1b: Ditto\n|-singleturn|p1b: Ditto|Protect\n|move|p2a: Rillaboom|Grassy Glide|p1b: Ditto\n|-activate|p1b: Ditto|move: Protect\n|move|p1a: Urshifu|Close Combat|p2a: Rillaboom\n|-damage|p2a: Rillaboom|41\/100\n|-unboost|p1a: Urshifu|def|1\n|-unboost|p1a: Urshifu|spd|1\n|move|p2b: Incineroar|Knock Off|p1a: Urshifu\n|-resisted|p1a: Urshifu\n|-damage|p1a: Urshifu|65\/100\n|-enditem|p1a: Urshifu|Choice Scarf|[from] move: Knock Off|[of] p2b: Incineroar\n|\n|-heal|p1b: Ditto|7\/100|[from] Grassy Terrain\n|-heal|p1a: Urshifu|71\/100|[from] Grassy Terrain\n|-heal|p2a: Rillaboom|47\/100|[from] Grassy Terrain\n|-heal|p2b: Incineroar|9\/100|[from] Grassy Terrain\n|upkeep\n|turn|5\n|\n|t:|1737948106\n|move|p2a: Rillaboom|Grassy Glide|p1b: Ditto\n|-crit|p1b: Ditto\n|-damage|p1b: Ditto|0 fnt\n|faint|p1b: Ditto\n|move|p1a: Urshifu|Close Combat|p2a: Rillaboom\n|-damage|p2a: Rillaboom|0 fnt\n|-unboost|p1a: Urshifu|def|1\n|-unboost|p1a: Urshifu|spd|1\n|faint|p2a: Rillaboom\n|move|p2b: Incineroar|Knock Off|p1a: Urshifu\n|-resisted|p1a: Urshifu\n|-damage|p1a: Urshifu|39\/100\n|\n|-heal|p1a: Urshifu|45\/100|[from] Grassy Terrain\n|-heal|p2b: Incineroar|15\/100|[from] Grassy Terrain\n|upkeep\n|turn|6\n|\n|t:|1737948110\n|move|p1a: Urshifu|Close Combat|p2b: Incineroar\n|-supereffective|p2b: Incineroar\n|-damage|p2b: Incineroar|0 fnt\n|-unboost|p1a: Urshifu|def|1\n|-unboost|p1a: Urshifu|spd|1\n|faint|p2b: Incineroar\n|\n|win|MBSSQBBDS\n|raw|MBSSQBBDS's rating: 1607 &rarr; <strong>1624<\/strong><br \/>(+17 for winning)\n|raw|Spottedwoot's rating: 1560 &rarr; <strong>1543<\/strong><br \/>(-17 for losing)\n|l|\u2606MBSSQBBDS\n|player|p1|\n|l|\u2606Spottedwoot\n|player|p2|\n","uploadtime":1737948112,"views":65,"formatid":"gen9vgc2025regg","rating":1543,"private":0,"password":null}