{"id":"gen9vgc2025regg-2288379990","format":"[Gen 9] VGC 2025 Reg G","players":["bertscai","nicouser"],"log":"|j|\u2606bertscai\n|j|\u2606nicouser\n|t:|1737870529\n|gametype|doubles\n|player|p1|bertscai|zinzolin|1530\n|player|p2|nicouser|265|1549\n|teamsize|p1|6\n|teamsize|p2|6\n|gen|9\n|tier|[Gen 9] VGC 2025 Reg G\n|rated|\n|rule|Species Clause: Limit one of each Pok\u00e9mon\n|rule|Item Clause: Limit 1 of each item\n|clearpoke\n|poke|p1|Ditto, L50|\n|poke|p1|Whimsicott, L50, M|\n|poke|p1|Chi-Yu, L50|\n|poke|p1|Calyrex-Ice, L50|\n|poke|p1|Ogerpon-Wellspring, L50, F|\n|poke|p1|Gholdengo, L50|\n|poke|p2|Incineroar, L50, F|\n|poke|p2|Calyrex-Shadow, L50|\n|poke|p2|Ogerpon-Wellspring, L50, F|\n|poke|p2|Urshifu-*, L50, M|\n|poke|p2|Weezing, L50, M|\n|poke|p2|Flutter Mane, L50|\n|teampreview|4\n|inactive|Battle timer is ON: inactive players will automatically lose when time's up. (requested by bertscai)\n|\n|t:|1737870555\n|start\n|switch|p1a: Whimsicott|Whimsicott, L50, M, shiny|100\/100\n|switch|p1b: Chi-Yu|Chi-Yu, L50|100\/100\n|switch|p2a: Flutter Mane|Flutter Mane, L50|100\/100\n|switch|p2b: Calyrex|Calyrex-Shadow, L50|100\/100\n|-ability|p2b: Calyrex|As One\n|-ability|p2b: Calyrex|Unnerve\n|-ability|p1b: Chi-Yu|Beads of Ruin\n|-enditem|p2a: Flutter Mane|Booster Energy\n|-activate|p2a: Flutter Mane|ability: Protosynthesis|[fromitem]\n|-start|p2a: Flutter Mane|protosynthesisspe\n|turn|1\n|\n|t:|1737870566\n|move|p2b: Calyrex|Protect|p2b: Calyrex\n|-singleturn|p2b: Calyrex|Protect\n|move|p1a: Whimsicott|Tailwind|p1a: Whimsicott\n|-sidestart|p1: bertscai|move: Tailwind\n|move|p1b: Chi-Yu|Heat Wave|p2b: Calyrex|[spread] p2a\n|-activate|p2b: Calyrex|move: Protect\n|-damage|p2a: Flutter Mane|32\/100\n|move|p2a: Flutter Mane|Icy Wind|p1a: Whimsicott|[spread] p1a,p1b\n|-supereffective|p1a: Whimsicott\n|-resisted|p1b: Chi-Yu\n|-damage|p1a: Whimsicott|62\/100\n|-damage|p1b: Chi-Yu|93\/100\n|-unboost|p1b: Chi-Yu|spe|1\n|\n|upkeep\n|turn|2\n|\n|t:|1737870583\n|-terastallize|p2b: Calyrex|Ghost\n|move|p1a: Whimsicott|Encore|p2b: Calyrex\n|-start|p2b: Calyrex|Encore\n|move|p2a: Flutter Mane|Icy Wind|p1a: Whimsicott|[spread] p1a,p1b\n|-supereffective|p1a: Whimsicott\n|-resisted|p1b: Chi-Yu\n|-damage|p1a: Whimsicott|23\/100\n|-damage|p1b: Chi-Yu|84\/100\n|-unboost|p1b: Chi-Yu|spe|1\n|move|p2b: Calyrex|Protect||[still]\n|-fail|p2b: Calyrex\n|move|p1b: Chi-Yu|Heat Wave|p2a: Flutter Mane|[spread] p2b\n|-miss|p1b: Chi-Yu|p2a: Flutter Mane\n|-damage|p2b: Calyrex|22\/100\n|\n|upkeep\n|turn|3\n|\n|t:|1737870600\n|switch|p2b: Incineroar|Incineroar, L50, F, shiny|100\/100\n|-ability|p2b: Incineroar|Intimidate|boost\n|-unboost|p1a: Whimsicott|atk|1\n|-unboost|p1b: Chi-Yu|atk|1\n|move|p1a: Whimsicott|Moonblast|p2a: Flutter Mane\n|-damage|p2a: Flutter Mane|0 fnt\n|faint|p2a: Flutter Mane\n|-end|p2a: Flutter Mane|Protosynthesis|[silent]\n|move|p1b: Chi-Yu|Heat Wave|p2b: Incineroar\n|-resisted|p2b: Incineroar\n|-damage|p2b: Incineroar|54\/100\n|\n|upkeep\n|\n|t:|1737870613\n|switch|p2a: Calyrex|Calyrex-Shadow, L50, tera:Ghost|22\/100\n|-ability|p2a: Calyrex|As One\n|-ability|p2a: Calyrex|Unnerve\n|turn|4\n|\n|t:|1737870634\n|move|p1a: Whimsicott|Protect|p1a: Whimsicott\n|-singleturn|p1a: Whimsicott|Protect\n|move|p2a: Calyrex|Protect|p2a: Calyrex\n|-singleturn|p2a: Calyrex|Protect\n|move|p1b: Chi-Yu|Heat Wave|p2b: Incineroar|[spread] p2b\n|-activate|p2a: Calyrex|move: Protect\n|-resisted|p2b: Incineroar\n|-damage|p2b: Incineroar|18\/100\n|-enditem|p2b: Incineroar|Sitrus Berry|[eat]\n|-heal|p2b: Incineroar|43\/100|[from] item: Sitrus Berry\n|move|p2b: Incineroar|Flare Blitz|p1a: Whimsicott\n|-activate|p1a: Whimsicott|move: Protect\n|\n|-sideend|p1: bertscai|move: Tailwind\n|upkeep\n|turn|5\n|\n|t:|1737870649\n|move|p1a: Whimsicott|Tailwind|p1a: Whimsicott\n|-sidestart|p1: bertscai|move: Tailwind\n|move|p2a: Calyrex|Astral Barrage|p1a: Whimsicott|[spread] p1a,p1b\n|-resisted|p1b: Chi-Yu\n|-damage|p1a: Whimsicott|0 fnt\n|-damage|p1b: Chi-Yu|36\/100\n|faint|p1a: Whimsicott\n|-ability|p2a: Calyrex|Grim Neigh|boost\n|-boost|p2a: Calyrex|spa|1\n|move|p1b: Chi-Yu|Heat Wave|p2a: Calyrex|[spread] p2a,p2b\n|-resisted|p2b: Incineroar\n|-damage|p2a: Calyrex|0 fnt\n|-damage|p2b: Incineroar|10\/100\n|faint|p2a: Calyrex\n|move|p2b: Incineroar|Knock Off|p1b: Chi-Yu\n|-resisted|p1b: Chi-Yu\n|-damage|p1b: Chi-Yu|0 fnt\n|-enditem|p1b: Chi-Yu|Choice Specs|[from] move: Knock Off|[of] p2b: Incineroar\n|faint|p1b: Chi-Yu\n|\n|upkeep\n|\n|t:|1737870661\n|switch|p2a: Urshifu|Urshifu, L50, M|100\/100\n|switch|p1b: Ditto|Ditto, L50, shiny|100\/100\n|switch|p1a: Calyrex|Calyrex-Ice, L50|100\/100\n|-ability|p1a: Calyrex|As One\n|-ability|p1a: Calyrex|Unnerve\n|-transform|p1b: Ditto|p2a: Urshifu|[from] ability: Imposter\n|turn|6\n|\n|t:|1737870670\n|-terastallize|p1a: Calyrex|Normal\n|move|p1b: Ditto|Close Combat|p2a: Urshifu\n|-supereffective|p2a: Urshifu\n|-damage|p2a: Urshifu|0 fnt\n|-unboost|p1b: Ditto|def|1\n|-unboost|p1b: Ditto|spd|1\n|faint|p2a: Urshifu\n|move|p1a: Calyrex|Glacial Lance|p2b: Incineroar\n|-resisted|p2b: Incineroar\n|-damage|p2b: Incineroar|0 fnt\n|faint|p2b: Incineroar\n|\n|win|bertscai\n|raw|bertscai's rating: 1530 &rarr; <strong>1551<\/strong><br \/>(+21 for winning)\n|raw|nicouser's rating: 1549 &rarr; <strong>1528<\/strong><br \/>(-21 for losing)\n|l|\u2606nicouser\n|player|p2|\n|l|\u2606bertscai\n|player|p1|\n","uploadtime":1737870808,"views":9,"formatid":"gen9vgc2025regg","rating":1528,"private":0,"password":null}