{"id":"gen9vgc2025regg-2288902214","format":"[Gen 9] VGC 2025 Reg G","players":["nuzlockeerik","infinitygroudon"],"log":"|j|\u2606nuzlockeerik\n|j|\u2606infinitygroudon\n|t:|1737945770\n|gametype|doubles\n|player|p1|nuzlockeerik|volkner-masters|1553\n|player|p2|infinitygroudon|1|1630\n|teamsize|p1|6\n|teamsize|p2|6\n|gen|9\n|tier|[Gen 9] VGC 2025 Reg G\n|rated|\n|rule|Species Clause: Limit one of each Pok\u00e9mon\n|rule|Item Clause: Limit 1 of each item\n|clearpoke\n|poke|p1|Ogerpon-Hearthflame, L50, F|\n|poke|p1|Landorus, L50, M|\n|poke|p1|Roaring Moon, L50|\n|poke|p1|Urshifu-*, L50, F|\n|poke|p1|Amoonguss, L50, F|\n|poke|p1|Calyrex-Ice, L50|\n|poke|p2|Calyrex-Shadow, L50|\n|poke|p2|Incineroar, L50, M|\n|poke|p2|Weezing-Galar, L50, M|\n|poke|p2|Indeedee-F, L50, F|\n|poke|p2|Iron Valiant, L50|\n|poke|p2|Ursaluna-Bloodmoon, L50, M|\n|teampreview|4\nnuzlockeerik has agreed to open team sheets.\ninfinitygroudon has agreed to open team sheets.\n|showteam|p1|Ogerpon-Hearthflame||HearthflameMask|MoldBreaker|IvyCudgel,HornLeech,SpikyShield,FollowMe|||F|||50|,,,,,Fire]Landorus||LifeOrb|SheerForce|EarthPower,SandsearStorm,SludgeBomb,Protect|||M|||50|,,,,,Water]Roaring Moon||BoosterEnergy|Protosynthesis|Acrobatics,KnockOff,Tailwind,Protect||||||50|,,,,,Flying]Urshifu-Rapid-Strike||MysticWater|UnseenFist|SurgingStrikes,CloseCombat,Taunt,Detect|||F|||50|,,,,,Water]Amoonguss||CovertCloak|Regenerator|Spore,PollenPuff,Protect,RagePowder|||F|||50|,,,,,Fairy]Calyrex-Ice||ClearAmulet|AsOneGlastrier|GlacialLance,HighHorsepower,TrickRoom,Protect||||||50|,,,,,Fairy\n|showteam|p2|Calyrex-Shadow||LifeOrb|AsOneSpectrier|ExpandingForce,HyperBeam,Protect,AstralBarrage||||||50|,,,,,Normal]Incineroar||AbilityShield|Intimidate|FakeOut,KnockOff,WillOWisp,PartingShot|||M|||50|,,,,,Ghost]Weezing-Galar||SitrusBerry|NeutralizingGas|SludgeBomb,WillOWisp,Taunt,Protect|||M|||50|,,,,,Steel]Indeedee-F||RockyHelmet|PsychicSurge|FollowMe,DazzlingGleam,HelpingHand,TrickRoom|||F|||50|,,,,,Fairy]Iron Valiant||BoosterEnergy|QuarkDrive|SpiritBreak,CloseCombat,ShadowSneak,Protect||||||50|,,,,,Fairy]Ursaluna-Bloodmoon||AssaultVest|MindsEye|BloodMoon,EarthPower,HyperVoice,VacuumWave|||M|||50|,,,,,Normal\n|\n|t:|1737945805\n|start\n|switch|p1a: Roaring Moon|Roaring Moon, L50|100\/100\n|switch|p1b: Ogerpon|Ogerpon-Hearthflame, L50, F|100\/100\n|switch|p2a: Mr. Gassy|Weezing-Galar, L50, M|100\/100\n|switch|p2b: Charming|Iron Valiant, L50, shiny|100\/100\n|-ability|p2a: Mr. Gassy|Neutralizing Gas\n|turn|1\n|\n|t:|1737945834\n|move|p2b: Charming|Protect|p2b: Charming\n|-singleturn|p2b: Charming|Protect\n|move|p1a: Roaring Moon|Acrobatics|p2b: Charming\n|-activate|p2b: Charming|move: Protect\n|move|p1b: Ogerpon|Ivy Cudgel|p2b: Charming|[anim] Ivy Cudgel Fire\n|-activate|p2b: Charming|move: Protect\n|move|p2a: Mr. Gassy|Sludge Bomb|p1b: Ogerpon\n|-supereffective|p1b: Ogerpon\n|-damage|p1b: Ogerpon|40\/100\n|-status|p1b: Ogerpon|psn\n|\n|-damage|p1b: Ogerpon|28\/100 psn|[from] psn\n|upkeep\n|turn|2\n|\n|t:|1737945844\n|-terastallize|p2b: Charming|Fairy\n|move|p2b: Charming|Spirit Break|p1b: Ogerpon\n|-resisted|p1b: Ogerpon\n|-damage|p1b: Ogerpon|9\/100 psn\n|-unboost|p1b: Ogerpon|spa|1\n|move|p1a: Roaring Moon|Acrobatics|p2b: Charming\n|-damage|p2b: Charming|79\/100\n|move|p1b: Ogerpon|Ivy Cudgel|p2b: Charming|[anim] Ivy Cudgel Fire\n|-damage|p2b: Charming|13\/100\n|move|p2a: Mr. Gassy|Will-O-Wisp|p1a: Roaring Moon\n|-status|p1a: Roaring Moon|brn\n|\n|-damage|p1b: Ogerpon|0 fnt|[from] psn\n|faint|p1b: Ogerpon\n|-damage|p1a: Roaring Moon|94\/100 brn|[from] brn\n|upkeep\n|\n|t:|1737945852\n|switch|p1b: Calyrex|Calyrex-Ice, L50|100\/100\n|-ability|p1b: Calyrex|As One\n|-ability|p1b: Calyrex|Unnerve\n|turn|3\n|\n|t:|1737945864\n|-end|p1a: Roaring Moon|Protosynthesis|[silent]\n|switch|p1a: Landorus|Landorus, L50, M|100\/100\n|move|p2b: Charming|Spirit Break|p1a: Landorus\n|-damage|p1a: Landorus|47\/100\n|-unboost|p1a: Landorus|spa|1\n|move|p1b: Calyrex|Glacial Lance|p2b: Charming|[spread] p2a,p2b\n|-damage|p2a: Mr. Gassy|49\/100\n|-damage|p2b: Charming|0 fnt\n|faint|p2b: Charming\n|-end|p2b: Charming|Quark Drive|[silent]\n|-ability|p1b: Calyrex|Chilling Neigh|boost\n|-boost|p1b: Calyrex|atk|1\n|move|p2a: Mr. Gassy|Will-O-Wisp|p1b: Calyrex|[miss]\n|-miss|p2a: Mr. Gassy|p1b: Calyrex\n|\n|upkeep\n|\n|t:|1737945873\n|switch|p2b: Duncan|Calyrex-Shadow, L50|100\/100\n|-ability|p2b: Duncan|As One\n|-ability|p2b: Duncan|Unnerve\n|turn|4\n|\n|t:|1737945885\n|-end|p2a: Mr. Gassy|ability: Neutralizing Gas\n|switch|p2a: Suthen|Indeedee-F, L50, F|100\/100\n|-fieldstart|move: Psychic Terrain|[from] ability: Psychic Surge|[of] p2a: Suthen\n|-terastallize|p1b: Calyrex|Fairy\n|move|p2b: Duncan|Protect|p2b: Duncan\n|-singleturn|p2b: Duncan|Protect\n|move|p1a: Landorus|Protect|p1a: Landorus\n|-singleturn|p1a: Landorus|Protect\n|move|p1b: Calyrex|Glacial Lance|p2a: Suthen|[spread] p2a\n|-activate|p2b: Duncan|move: Protect\n|-damage|p2a: Suthen|2\/100\n|\n|upkeep\n|turn|5\n|\n|t:|1737945901\n|move|p2a: Suthen|Helping Hand|p2b: Duncan\n|-singleturn|p2b: Duncan|Helping Hand|[of] p2a: Suthen\n|move|p1b: Calyrex|Protect|p1b: Calyrex\n|-singleturn|p1b: Calyrex|Protect\n|move|p2b: Duncan|Expanding Force|p1b: Calyrex|[spread] p1a\n|-activate|p1b: Calyrex|move: Protect\n|-damage|p1a: Landorus|0 fnt\n|faint|p1a: Landorus\n|-ability|p2b: Duncan|Grim Neigh|boost\n|-boost|p2b: Duncan|spa|1\n|-damage|p2b: Duncan|91\/100|[from] item: Life Orb\n|\n|upkeep\n|\n|t:|1737945903\n|switch|p1a: Roaring Moon|Roaring Moon, L50|94\/100 brn\n|-enditem|p1a: Roaring Moon|Booster Energy\n|-activate|p1a: Roaring Moon|ability: Protosynthesis|[fromitem]\n|-start|p1a: Roaring Moon|protosynthesisspe\n|turn|6\n|\n|t:|1737945912\n|switch|p2a: Mr. Gassy|Weezing-Galar, L50, M|49\/100\n|-ability|p2a: Mr. Gassy|Neutralizing Gas\n|move|p1b: Calyrex|Protect||[still]\n|-fail|p1b: Calyrex\n|move|p2b: Duncan|Expanding Force|p1b: Calyrex|[spread] p1b\n|-immune|p1a: Roaring Moon\n|-damage|p1b: Calyrex|8\/100\n|-damage|p2b: Duncan|81\/100|[from] item: Life Orb\n|move|p1a: Roaring Moon|Knock Off|p2b: Duncan\n|-supereffective|p2b: Duncan\n|-damage|p2b: Duncan|0 fnt\n|-enditem|p2b: Duncan|Life Orb|[from] move: Knock Off|[of] p1a: Roaring Moon\n|faint|p2b: Duncan\n|\n|-damage|p1a: Roaring Moon|88\/100 brn|[from] brn\n|upkeep\n|\n|t:|1737945920\n|switch|p2b: Suthen|Indeedee-F, L50, F|2\/100\n|turn|7\n|\n|t:|1737945928\n|move|p1a: Roaring Moon|Knock Off|p2b: Suthen\n|-supereffective|p2b: Suthen\n|-damage|p2b: Suthen|0 fnt\n|-damage|p1a: Roaring Moon|72\/100 brn|[from] item: Rocky Helmet|[of] p2b: Suthen\n|-enditem|p2b: Suthen|Rocky Helmet|[from] move: Knock Off|[of] p1a: Roaring Moon\n|faint|p2b: Suthen\n|move|p1b: Calyrex|Glacial Lance|p2a: Mr. Gassy\n|-damage|p2a: Mr. Gassy|0 fnt\n|faint|p2a: Mr. Gassy\n|-end|p2a: Mr. Gassy|ability: Neutralizing Gas\n|\n|win|nuzlockeerik\n|raw|nuzlockeerik's rating: 1553 &rarr; <strong>1577<\/strong><br \/>(+24 for winning)\n|raw|infinitygroudon's rating: 1630 &rarr; <strong>1606<\/strong><br \/>(-24 for losing)\n|l|\u2606infinitygroudon\n|player|p2|\n|l|\u2606nuzlockeerik\n|player|p1|\n","uploadtime":1737946170,"views":21,"formatid":"gen9vgc2025regg","rating":1577,"private":0,"password":null}