{"id":"gen9vgc2025regg-2288372291","format":"[Gen 9] VGC 2025 Reg G","players":["Geodude3138","kid_the_phantom"],"log":"|j|\u2606Geodude3138\n|j|\u2606kid_the_phantom\n|t:|1737869219\n|gametype|doubles\n|player|p1|Geodude3138|lady-gen4|1555\n|player|p2|kid_the_phantom|2|1682\n|teamsize|p1|6\n|teamsize|p2|6\n|gen|9\n|tier|[Gen 9] VGC 2025 Reg G\n|rated|\n|rule|Species Clause: Limit one of each Pok\u00e9mon\n|rule|Item Clause: Limit 1 of each item\n|clearpoke\n|poke|p1|Koraidon, L50|\n|poke|p1|Flutter Mane, L50|\n|poke|p1|Ogerpon-Cornerstone, L50, F|\n|poke|p1|Chi-Yu, L50|\n|poke|p1|Raging Bolt, L50|\n|poke|p1|Ditto, L50|\n|poke|p2|Miraidon, L50|\n|poke|p2|Chi-Yu, L50|\n|poke|p2|Whimsicott, L50, F|\n|poke|p2|Farigiraf, L50, F|\n|poke|p2|Ursaluna, L50, M|\n|poke|p2|Grimmsnarl, L50, M|\n|teampreview|4\n|inactive|Battle timer is ON: inactive players will automatically lose when time's up. (requested by kid_the_phantom)\n|inactive|Geodude3138 has 60 seconds left.\n|\n|t:|1737869289\n|start\n|switch|p1a: Flutter Mane|Flutter Mane, L50|100\/100\n|switch|p1b: Ditto|Ditto, L50|100\/100\n|switch|p2a: Miraidon|Miraidon, L50|100\/100\n|switch|p2b: Grimmsnarl|Grimmsnarl, L50, M|100\/100\n|-fieldstart|move: Electric Terrain|[from] ability: Hadron Engine|[of] p2a: Miraidon\n|-transform|p1b: Ditto|p2a: Miraidon|[from] ability: Imposter\n|-activate|p1b: Ditto|ability: Hadron Engine\n|-enditem|p1a: Flutter Mane|Booster Energy\n|-activate|p1a: Flutter Mane|ability: Protosynthesis|[fromitem]\n|-start|p1a: Flutter Mane|protosynthesisspe\n|turn|1\n|\n|t:|1737869312\n|-terastallize|p2a: Miraidon|Fairy\n|move|p2b: Grimmsnarl|Light Screen|p2b: Grimmsnarl\n|-sidestart|p2: kid_the_phantom|move: Light Screen\n|move|p1a: Flutter Mane|Moonblast|p2b: Grimmsnarl\n|-supereffective|p2b: Grimmsnarl\n|-damage|p2b: Grimmsnarl|47\/100\n|move|p1b: Ditto|Dazzling Gleam|p2a: Miraidon|[spread] p2a,p2b\n|-supereffective|p2b: Grimmsnarl\n|-damage|p2a: Miraidon|87\/100\n|-damage|p2b: Grimmsnarl|11\/100\n|move|p2a: Miraidon|Dazzling Gleam|p1b: Ditto|[spread] p1a,p1b\n|-supereffective|p1b: Ditto\n|-damage|p1a: Flutter Mane|43\/100\n|-enditem|p1b: Ditto|Focus Sash\n|-damage|p1b: Ditto|1\/100\n|\n|upkeep\n|turn|2\n|inactive|Geodude3138 has 30 seconds left.\n|\n|t:|1737869342\n|move|p2b: Grimmsnarl|Reflect|p2b: Grimmsnarl\n|-sidestart|p2: kid_the_phantom|Reflect\n|move|p1a: Flutter Mane|Moonblast|p2b: Grimmsnarl\n|-supereffective|p2b: Grimmsnarl\n|-damage|p2b: Grimmsnarl|0 fnt\n|faint|p2b: Grimmsnarl\n|move|p2a: Miraidon|Dazzling Gleam|p1a: Flutter Mane|[spread] p1a,p1b\n|-supereffective|p1b: Ditto\n|-damage|p1a: Flutter Mane|0 fnt\n|-damage|p1b: Ditto|0 fnt\n|faint|p1a: Flutter Mane\n|-end|p1a: Flutter Mane|Protosynthesis|[silent]\n|faint|p1b: Ditto\n|\n|upkeep\n|\n|t:|1737869351\n|switch|p1a: Raging Bolt|Raging Bolt, L50|100\/100\n|switch|p2b: Farigiraf|Farigiraf, L50, F|100\/100\n|switch|p1b: Koraidon|Koraidon, L50|100\/100\n|-weather|SunnyDay|[from] ability: Orichalcum Pulse|[of] p1b: Koraidon\n|-activate|p1a: Raging Bolt|ability: Protosynthesis\n|-start|p1a: Raging Bolt|protosynthesisspa\n|-activate|p1b: Koraidon|Orichalcum Pulse|[source]\n|-enditem|p2b: Farigiraf|Electric Seed\n|-boost|p2b: Farigiraf|def|1|[from] item: Electric Seed\n|turn|3\n|inactive|Geodude3138 has 30 seconds left.\n|\n|t:|1737869381\n|-terastallize|p1b: Koraidon|Fire\n|move|p1b: Koraidon|Flame Charge|p2b: Farigiraf\n|-damage|p2b: Farigiraf|72\/100\n|-boost|p1b: Koraidon|spe|1\n|move|p2a: Miraidon|Dazzling Gleam|p1a: Raging Bolt|[spread] p1a,p1b\n|-supereffective|p1a: Raging Bolt\n|-resisted|p1b: Koraidon\n|-damage|p1a: Raging Bolt|24\/100\n|-damage|p1b: Koraidon|72\/100\n|move|p1a: Raging Bolt|Thunderbolt|p2b: Farigiraf\n|-damage|p2b: Farigiraf|23\/100\n|move|p2b: Farigiraf|Trick Room|p2b: Farigiraf\n|-fieldstart|move: Trick Room|[of] p2b: Farigiraf\n|\n|-weather|SunnyDay|[upkeep]\n|upkeep\n|turn|4\n|inactive|Geodude3138 has 30 seconds left.\n|\n|t:|1737869419\n|move|p2b: Farigiraf|Psychic|p1b: Koraidon\n|-damage|p1b: Koraidon|43\/100\n|move|p1a: Raging Bolt|Thunderbolt|p2a: Miraidon\n|-damage|p2a: Miraidon|48\/100\n|move|p2a: Miraidon|Dazzling Gleam|p1a: Raging Bolt|[spread] p1a,p1b\n|-supereffective|p1a: Raging Bolt\n|-resisted|p1b: Koraidon\n|-damage|p1a: Raging Bolt|0 fnt\n|-damage|p1b: Koraidon|18\/100\n|faint|p1a: Raging Bolt\n|-end|p1a: Raging Bolt|Protosynthesis|[silent]\n|move|p1b: Koraidon|Flare Blitz|p2a: Miraidon\n|-damage|p2a: Miraidon|0 fnt\n|faint|p2a: Miraidon\n|-damage|p1b: Koraidon|2\/100|[from] Recoil\n|\n|-weather|SunnyDay|[upkeep]\n|upkeep\n|\n|t:|1737869427\n|switch|p2a: Ursaluna|Ursaluna, L50, M|100\/100\n|turn|5\n|-message|Geodude3138 forfeited.\n|\n|win|kid_the_phantom\n|raw|Geodude3138's rating: 1555 &rarr; <strong>1542<\/strong><br \/>(-13 for losing)\n|raw|kid_the_phantom's rating: 1682 &rarr; <strong>1695<\/strong><br \/>(+13 for winning)\n|l|\u2606Geodude3138\n|player|p1|\n|l|\u2606kid_the_phantom\n|player|p2|\n|j|\u2606kid_the_phantom\n|player|p2|kid_the_phantom|2|\n","uploadtime":1737869431,"views":27,"formatid":"gen9vgc2025regg","rating":1542,"private":0,"password":null}