{"id":"gen9vgc2025regg-2288111255","format":"[Gen 9] VGC 2025 Reg G","players":["Angelo Neres","infinitygroudon"],"log":"|j|\u2606Angelo Neres\n|j|\u2606infinitygroudon\n|t:|1737834419\n|gametype|doubles\n|player|p1|Angelo Neres|102|1631\n|player|p2|infinitygroudon|265|1775\n|teamsize|p1|6\n|teamsize|p2|6\n|gen|9\n|tier|[Gen 9] VGC 2025 Reg G\n|rated|\n|rule|Species Clause: Limit one of each Pok\u00e9mon\n|rule|Item Clause: Limit 1 of each item\n|clearpoke\n|poke|p1|Groudon, L50|\n|poke|p1|Moltres-Galar, L50|\n|poke|p1|Scream Tail, L50|\n|poke|p1|Grimmsnarl, L50, M|\n|poke|p1|Cobalion, L50|\n|poke|p1|Amoonguss, L50, M|\n|poke|p2|Calyrex-Shadow, L50|\n|poke|p2|Incineroar, L50, M|\n|poke|p2|Weezing-Galar, L50, M|\n|poke|p2|Indeedee-F, L50, F|\n|poke|p2|Iron Valiant, L50|\n|poke|p2|Ursaluna-Bloodmoon, L50, M|\n|teampreview|4\n|inactive|Battle timer is ON: inactive players will automatically lose when time's up. (requested by Angelo Neres)\n|j| TeamJnS\n|inactive|Angelo Neres has 60 seconds left.\n|\n|t:|1737834454\n|start\n|switch|p1a: Cobalion|Cobalion, L50, shiny|100\/100\n|switch|p1b: Grimmsnarl|Grimmsnarl, L50, M, shiny|100\/100\n|switch|p2a: Banderilla|Incineroar, L50, M|100\/100\n|switch|p2b: Charming|Iron Valiant, L50, shiny|100\/100\n|-ability|p2a: Banderilla|Intimidate|boost\n|-unboost|p1a: Cobalion|atk|1\n|-unboost|p1b: Grimmsnarl|atk|1\n|-enditem|p2b: Charming|Booster Energy\n|-activate|p2b: Charming|ability: Quark Drive|[fromitem]\n|-start|p2b: Charming|quarkdrivespe\n|turn|1\n|\n|t:|1737834466\n|move|p2a: Banderilla|Fake Out|p1b: Grimmsnarl\n|-damage|p1b: Grimmsnarl|89\/100\n|move|p1b: Grimmsnarl|Reflect|p1b: Grimmsnarl\n|-sidestart|p1: Angelo Neres|Reflect\n|move|p2b: Charming|Close Combat|p1a: Cobalion\n|-supereffective|p1a: Cobalion\n|-damage|p1a: Cobalion|51\/100\n|-unboost|p2b: Charming|def|1\n|-unboost|p2b: Charming|spd|1\n|move|p1a: Cobalion|Stealth Rock|p2b: Charming\n|-sidestart|p2: infinitygroudon|move: Stealth Rock\n|\n|upkeep\n|turn|2\n|\n|t:|1737834488\n|switch|p2a: Mr. Gassy|Weezing-Galar, L50, M|100\/100\n|-ability|p2a: Mr. Gassy|Neutralizing Gas\n|-damage|p2a: Mr. Gassy|88\/100|[from] Stealth Rock\n|move|p1a: Cobalion|Protect|p1a: Cobalion\n|-singleturn|p1a: Cobalion|Protect\n|move|p2b: Charming|Spirit Break|p1b: Grimmsnarl\n|-supereffective|p1b: Grimmsnarl\n|-damage|p1b: Grimmsnarl|39\/100\n|move|p1b: Grimmsnarl|Spirit Break|p2b: Charming\n|-supereffective|p2b: Charming\n|-damage|p2b: Charming|27\/100\n|-unboost|p2b: Charming|spa|1\n|\n|upkeep\n|turn|3\n|inactive|Angelo Neres has 30 seconds left.\n|\n|t:|1737834518\n|switch|p1a: Groudon|Groudon, L50, shiny|100\/100\n|move|p2b: Charming|Close Combat|p1a: Groudon\n|-damage|p1a: Groudon|74\/100\n|-unboost|p2b: Charming|def|1\n|-unboost|p2b: Charming|spd|1\n|move|p2a: Mr. Gassy|Sludge Bomb|p1b: Grimmsnarl\n|-supereffective|p1b: Grimmsnarl\n|-damage|p1b: Grimmsnarl|0 fnt\n|faint|p1b: Grimmsnarl\n|\n|upkeep\n|\n|t:|1737834532\n|switch|p1b: Moltres|Moltres-Galar, L50, shiny|100\/100\n|turn|4\n|\n|t:|1737834538\n|move|p2b: Charming|Protect|p2b: Charming\n|-singleturn|p2b: Charming|Protect\n|move|p1a: Groudon|Heat Crash|p2b: Charming\n|-activate|p2b: Charming|move: Protect\n|move|p1b: Moltres|Tailwind|p1b: Moltres\n|-sidestart|p1: Angelo Neres|move: Tailwind\n|move|p2a: Mr. Gassy|Will-O-Wisp|p1a: Groudon\n|-status|p1a: Groudon|brn\n|\n|-damage|p1a: Groudon|68\/100 brn|[from] brn\n|upkeep\n|turn|5\n|\n|t:|1737834555\n|-end|p2b: Charming|Quark Drive|[silent]\n|switch|p2b: Banderilla|Incineroar, L50, M|100\/100\n|-damage|p2b: Banderilla|76\/100|[from] Stealth Rock\n|-ability|p2b: Banderilla|Intimidate|boost\n|-unboost|p1a: Groudon|atk|1\n|-unboost|p1b: Moltres|atk|1\n|move|p1b: Moltres|Air Slash|p2b: Banderilla\n|-damage|p2b: Banderilla|48\/100\n|move|p1a: Groudon|Precipice Blades|p2a: Mr. Gassy|[spread] p2a,p2b\n|-supereffective|p2a: Mr. Gassy\n|-supereffective|p2b: Banderilla\n|-damage|p2a: Mr. Gassy|55\/100\n|-damage|p2b: Banderilla|10\/100\n|move|p2a: Mr. Gassy|Sludge Bomb|p1b: Moltres\n|-damage|p1b: Moltres|79\/100\n|\n|-damage|p1a: Groudon|62\/100 brn|[from] brn\n|-sideend|p1: Angelo Neres|Reflect\n|upkeep\n|turn|6\n|\n|t:|1737834576\n|move|p2b: Banderilla|Fake Out|p1b: Moltres\n|-damage|p1b: Moltres|68\/100\n|cant|p1b: Moltres|flinch\n|move|p1a: Groudon|Precipice Blades|p2a: Mr. Gassy|[spread] p2a,p2b\n|-supereffective|p2a: Mr. Gassy\n|-supereffective|p2b: Banderilla\n|-damage|p2a: Mr. Gassy|18\/100\n|-damage|p2b: Banderilla|0 fnt\n|-enditem|p2a: Mr. Gassy|Sitrus Berry|[eat]\n|-heal|p2a: Mr. Gassy|42\/100|[from] item: Sitrus Berry\n|faint|p2b: Banderilla\n|move|p2a: Mr. Gassy|Sludge Bomb|p1b: Moltres\n|-damage|p1b: Moltres|47\/100\n|-enditem|p1b: Moltres|Sitrus Berry|[eat]\n|-heal|p1b: Moltres|72\/100|[from] item: Sitrus Berry\n|\n|-damage|p1a: Groudon|56\/100 brn|[from] brn\n|upkeep\n|\n|t:|1737834590\n|switch|p2b: Charming|Iron Valiant, L50, shiny|27\/100\n|-damage|p2b: Charming|22\/100|[from] Stealth Rock\n|turn|7\n|\n|t:|1737834608\n|move|p2b: Charming|Protect|p2b: Charming\n|-singleturn|p2b: Charming|Protect\n|move|p1b: Moltres|Air Slash|p2a: Mr. Gassy\n|-damage|p2a: Mr. Gassy|3\/100\n|move|p1a: Groudon|Heat Crash|p2a: Mr. Gassy\n|-damage|p2a: Mr. Gassy|0 fnt\n|faint|p2a: Mr. Gassy\n|-end|p2a: Mr. Gassy|ability: Neutralizing Gas\n|-weather|SunnyDay|[from] ability: Drought|[of] p1a: Groudon\n|\n|-weather|SunnyDay|[upkeep]\n|-damage|p1a: Groudon|50\/100 brn|[from] brn\n|-sideend|p1: Angelo Neres|move: Tailwind\n|upkeep\n|\n|t:|1737834613\n|switch|p2a: Duncan|Calyrex-Shadow, L50|100\/100\n|-ability|p2a: Duncan|As One\n|-ability|p2a: Duncan|Unnerve\n|-damage|p2a: Duncan|88\/100|[from] Stealth Rock\n|turn|8\n|\n|t:|1737834626\n|-terastallize|p2b: Charming|Fairy\n|-terastallize|p1a: Groudon|Fire\n|move|p2a: Duncan|Astral Barrage|p1a: Groudon|[spread] p1a,p1b\n|-resisted|p1b: Moltres\n|-damage|p1a: Groudon|2\/100 brn\n|-damage|p1b: Moltres|46\/100\n|-ability|p1b: Moltres|Berserk|boost\n|-boost|p1b: Moltres|spa|1\n|-damage|p2a: Duncan|78\/100|[from] item: Life Orb\n|move|p2b: Charming|Spirit Break|p1b: Moltres\n|-supereffective|p1b: Moltres\n|-crit|p1b: Moltres\n|-damage|p1b: Moltres|0 fnt\n|faint|p1b: Moltres\n|move|p1a: Groudon|Heat Crash|p2b: Charming\n|-damage|p2b: Charming|0 fnt\n|faint|p2b: Charming\n|-end|p2b: Charming|Quark Drive|[silent]\n|\n|-weather|SunnyDay|[upkeep]\n|-damage|p1a: Groudon|0 fnt|[from] brn\n|faint|p1a: Groudon\n|upkeep\n|\n|t:|1737834642\n|switch|p1b: Cobalion|Cobalion, L50, shiny|51\/100\n|turn|9\n|-message|Angelo Neres forfeited.\n|\n|win|infinitygroudon\n|raw|Angelo Neres's rating: 1631 &rarr; <strong>1619<\/strong><br \/>(-12 for losing)\n|raw|infinitygroudon's rating: 1775 &rarr; <strong>1787<\/strong><br \/>(+12 for winning)\n|l|\u2606Angelo Neres\n|player|p1|\n|l|\u2606infinitygroudon\n|player|p2|\n|l| TeamJnS\n","uploadtime":1737834865,"views":16,"formatid":"gen9vgc2025regg","rating":1619,"private":0,"password":null}