{"id":"gen9vgc2025regg-2288861968","format":"[Gen 9] VGC 2025 Reg G","players":["Imnotagni","TailwindMakeItRain"],"log":"|j|\u2606Imnotagni\n|j|\u2606TailwindMakeItRain\n|t:|1737940629\n|gametype|doubles\n|player|p1|Imnotagni|policeman-gen4|1719\n|player|p2|TailwindMakeItRain|iris|1634\n|teamsize|p1|6\n|teamsize|p2|6\n|gen|9\n|tier|[Gen 9] VGC 2025 Reg G\n|rated|\n|rule|Species Clause: Limit one of each Pok\u00e9mon\n|rule|Item Clause: Limit 1 of each item\n|clearpoke\n|poke|p1|Kyogre, L50|\n|poke|p1|Tornadus, L50, M|\n|poke|p1|Tsareena, L50, F|\n|poke|p1|Landorus, L50, M|\n|poke|p1|Urshifu-*, L50, F|\n|poke|p1|Basculegion, L50, M|\n|poke|p2|Terapagos, L50, M|\n|poke|p2|Incineroar, L50, F|\n|poke|p2|Amoonguss, L50, F|\n|poke|p2|Ogerpon-Hearthflame, L50, F|\n|poke|p2|Flutter Mane, L50|\n|poke|p2|Urshifu-*, L50, M|\n|teampreview|4\n|inactive|Battle timer is ON: inactive players will automatically lose when time's up. (requested by Imnotagni)\n|\n|t:|1737940646\n|start\n|switch|p1a: Tornadus|Tornadus, L50, M|100\/100\n|switch|p1b: Kyogre|Kyogre, L50|100\/100\n|switch|p2a: Terapagos|Terapagos, L50, M|100\/100\n|switch|p2b: Ogerpon|Ogerpon-Hearthflame, L50, F|100\/100\n|-activate|p2a: Terapagos|ability: Tera Shift\n|detailschange|p2a: Terapagos|Terapagos-Terastal, L50, M\n|-heal|p2a: Terapagos|100\/100|[silent]\n|-ability|p2b: Ogerpon|Mold Breaker\n|-weather|RainDance|[from] ability: Drizzle|[of] p1b: Kyogre\n|turn|1\n|inactive|TailwindMakeItRain has 30 seconds left.\n|\n|t:|1737940677\n|-terastallize|p2a: Terapagos|Stellar\n|detailschange|p2a: Terapagos|Terapagos-Stellar, L50, M, tera:Stellar\n|-heal|p2a: Terapagos|100\/100|[silent]\n|-ability|p2a: Terapagos|Teraform Zero\n|-weather|none\n|move|p1a: Tornadus|Tailwind|p1a: Tornadus\n|-sidestart|p1: Imnotagni|move: Tailwind\n|move|p1b: Kyogre|Water Spout|p2a: Terapagos|[spread] p2a,p2b\n|-damage|p2a: Terapagos|53\/100\n|-damage|p2b: Ogerpon|26\/100\n|move|p2b: Ogerpon|Horn Leech|p1b: Kyogre\n|-supereffective|p1b: Kyogre\n|-damage|p1b: Kyogre|24\/100\n|-heal|p2b: Ogerpon|66\/100|[from] drain|[of] p1b: Kyogre\n|move|p2a: Terapagos|Tera Starstorm|p1b: Kyogre|[spread] p1a,p1b\n|-damage|p1a: Tornadus|59\/100\n|-damage|p1b: Kyogre|8\/100\n|\n|-heal|p2a: Terapagos|59\/100|[from] item: Leftovers\n|upkeep\n|turn|2\n|\n|t:|1737940699\n|move|p2b: Ogerpon|Spiky Shield|p2b: Ogerpon\n|-singleturn|p2b: Ogerpon|move: Protect\n|move|p1a: Tornadus|Rain Dance|p1a: Tornadus\n|-weather|RainDance\n|move|p1b: Kyogre|Origin Pulse|p2b: Ogerpon|[spread] p2a\n|-activate|p2b: Ogerpon|move: Protect\n|-damage|p2a: Terapagos|12\/100\n|move|p2a: Terapagos|Tera Starstorm|p1a: Tornadus|[spread] p1a,p1b\n|-damage|p1a: Tornadus|21\/100\n|-damage|p1b: Kyogre|0 fnt\n|faint|p1b: Kyogre\n|\n|-weather|RainDance|[upkeep]\n|-heal|p2a: Terapagos|18\/100|[from] item: Leftovers\n|upkeep\n|\n|t:|1737940712\n|switch|p1b: Basculegion|Basculegion, L50, M|100\/100\n|turn|3\n|inactive|TailwindMakeItRain has 30 seconds left.\n|\n|t:|1737940742\n|move|p2a: Terapagos|Protect|p2a: Terapagos\n|-singleturn|p2a: Terapagos|Protect\n|move|p1b: Basculegion|Wave Crash|p2b: Ogerpon\n|-damage|p2b: Ogerpon|0 fnt\n|faint|p2b: Ogerpon\n|-damage|p1b: Basculegion|81\/100|[from] Recoil\n|-damage|p1b: Basculegion|72\/100|[from] item: Life Orb\n|move|p1a: Tornadus|Bleakwind Storm|p2a: Terapagos\n|-activate|p2a: Terapagos|move: Protect\n|\n|-weather|RainDance|[upkeep]\n|-heal|p2a: Terapagos|25\/100|[from] item: Leftovers\n|upkeep\n|\n|t:|1737940747\n|switch|p2b: Urshifu|Urshifu-Rapid-Strike, L50, M|100\/100\n|turn|4\n|\n|t:|1737940761\n|move|p2b: Urshifu|Detect|p2b: Urshifu\n|-singleturn|p2b: Urshifu|Protect\n|move|p1b: Basculegion|Wave Crash|p2a: Terapagos\n|-damage|p2a: Terapagos|0 fnt\n|faint|p2a: Terapagos\n|-damage|p1b: Basculegion|62\/100|[from] Recoil\n|-damage|p1b: Basculegion|52\/100|[from] item: Life Orb\n|move|p1a: Tornadus|Bleakwind Storm|p2b: Urshifu\n|-activate|p2b: Urshifu|move: Protect\n|\n|-weather|RainDance|[upkeep]\n|-sideend|p1: Imnotagni|move: Tailwind\n|upkeep\n|\n|t:|1737940763\n|switch|p2a: Amoonguss|Amoonguss, L50, F, shiny|100\/100\n|turn|5\n|inactive|Imnotagni has 30 seconds left.\n|\n|t:|1737940789\n|move|p1a: Tornadus|Taunt|p2a: Amoonguss\n|-start|p2a: Amoonguss|move: Taunt\n|-enditem|p2a: Amoonguss|Mental Herb\n|-end|p2a: Amoonguss|move: Taunt\n|move|p2b: Urshifu|Aqua Jet|p1a: Tornadus\n|-damage|p1a: Tornadus|0 fnt\n|faint|p1a: Tornadus\n|move|p1b: Basculegion|Wave Crash|p2b: Urshifu\n|-resisted|p2b: Urshifu\n|-damage|p2b: Urshifu|40\/100\n|-damage|p1b: Basculegion|34\/100|[from] Recoil\n|-damage|p1b: Basculegion|25\/100|[from] item: Life Orb\n|move|p2a: Amoonguss|Sludge Bomb|p1b: Basculegion\n|-resisted|p1b: Basculegion\n|-damage|p1b: Basculegion|9\/100\n|\n|-weather|RainDance|[upkeep]\n|upkeep\n|\n|t:|1737940792\n|switch|p1a: Urshifu|Urshifu-Rapid-Strike, L50, F|100\/100\n|turn|6\n|inactive|Imnotagni has 30 seconds left.\n|\n|t:|1737940826\n|-terastallize|p1a: Urshifu|Grass\n|move|p2b: Urshifu|Aqua Jet|p1b: Basculegion\n|-resisted|p1b: Basculegion\n|-damage|p1b: Basculegion|0 fnt\n|faint|p1b: Basculegion\n|move|p1a: Urshifu|Surging Strikes|p2b: Urshifu\n|-resisted|p2b: Urshifu\n|-crit|p2b: Urshifu\n|-damage|p2b: Urshifu|17\/100\n|-resisted|p2b: Urshifu\n|-crit|p2b: Urshifu\n|-damage|p2b: Urshifu|0 fnt\n|faint|p2b: Urshifu\n|-hitcount|p2: Urshifu|2\n|move|p2a: Amoonguss|Spore|p1a: Urshifu\n|-immune|p1a: Urshifu\n|\n|-weather|none\n|upkeep\n|turn|7\n|\n|t:|1737940833\n|move|p1a: Urshifu|Surging Strikes|p2a: Amoonguss\n|-resisted|p2a: Amoonguss\n|-crit|p2a: Amoonguss\n|-damage|p2a: Amoonguss|88\/100\n|-resisted|p2a: Amoonguss\n|-crit|p2a: Amoonguss\n|-damage|p2a: Amoonguss|76\/100\n|-resisted|p2a: Amoonguss\n|-crit|p2a: Amoonguss\n|-damage|p2a: Amoonguss|65\/100\n|-hitcount|p2a: Amoonguss|3\n|move|p2a: Amoonguss|Sludge Bomb|p1a: Urshifu\n|-supereffective|p1a: Urshifu\n|-damage|p1a: Urshifu|18\/100\n|\n|upkeep\n|turn|8\n|\n|t:|1737940836\n|move|p1a: Urshifu|Surging Strikes|p2a: Amoonguss\n|-resisted|p2a: Amoonguss\n|-crit|p2a: Amoonguss\n|-damage|p2a: Amoonguss|53\/100\n|-resisted|p2a: Amoonguss\n|-crit|p2a: Amoonguss\n|-damage|p2a: Amoonguss|43\/100\n|-resisted|p2a: Amoonguss\n|-crit|p2a: Amoonguss\n|-damage|p2a: Amoonguss|32\/100\n|-hitcount|p2a: Amoonguss|3\n|move|p2a: Amoonguss|Sludge Bomb|p1a: Urshifu\n|-supereffective|p1a: Urshifu\n|-damage|p1a: Urshifu|0 fnt\n|faint|p1a: Urshifu\n|\n|win|TailwindMakeItRain\n|raw|Imnotagni's rating: 1719 &rarr; <strong>1694<\/strong><br \/>(-25 for losing)\n|raw|TailwindMakeItRain's rating: 1634 &rarr; <strong>1659<\/strong><br \/>(+25 for winning)\n|l|\u2606Imnotagni\n|player|p1|\n|l|\u2606TailwindMakeItRain\n|player|p2|\n|j|\u2606TailwindMakeItRain\n|player|p2|TailwindMakeItRain|iris|\n","uploadtime":1737941022,"views":12,"formatid":"gen9vgc2025regg","rating":1659,"private":0,"password":null}