{"id":"gen9vgc2025regg-2288079624","format":"[Gen 9] VGC 2025 Reg G","players":["Peckham","onsoni"],"log":"|j|\u2606Peckham\n|j|\u2606onsoni\n|t:|1737830506\n|gametype|doubles\n|player|p1|Peckham|170|1595\n|player|p2|onsoni|hilda-wonderlauncher|1763\n|teamsize|p1|6\n|teamsize|p2|6\n|gen|9\n|tier|[Gen 9] VGC 2025 Reg G\n|rated|\n|rule|Species Clause: Limit one of each Pok\u00e9mon\n|rule|Item Clause: Limit 1 of each item\n|clearpoke\n|poke|p1|Tyranitar, L50, F|\n|poke|p1|Excadrill, L50, M|\n|poke|p1|Zamazenta-*, L50|\n|poke|p1|Incineroar, L50, M|\n|poke|p1|Amoonguss, L50, M|\n|poke|p1|Rillaboom, L50, M|\n|poke|p2|Koraidon, L50|\n|poke|p2|Iron Hands, L50|\n|poke|p2|Flutter Mane, L50|\n|poke|p2|Chi-Yu, L50|\n|poke|p2|Whimsicott, L50, M|\n|poke|p2|Raging Bolt, L50|\n|teampreview|4\n|\n|t:|1737830569\n|start\n|switch|p1a: Tyranitar|Tyranitar, L50, F|100\/100\n|switch|p1b: Excadrill|Excadrill, L50, M|100\/100\n|switch|p2a: Iron Hands|Iron Hands, L50|100\/100\n|switch|p2b: Whimsicott|Whimsicott, L50, M, shiny|100\/100\n|-weather|Sandstorm|[from] ability: Sand Stream|[of] p1a: Tyranitar\n|turn|1\n|j| wisteria812\n|\n|t:|1737830611\n|switch|p1a: Incineroar|Incineroar, L50, M|100\/100\n|-ability|p1a: Incineroar|Intimidate|boost\n|-unboost|p2a: Iron Hands|atk|1\n|-unboost|p2b: Whimsicott|atk|1\n|move|p1b: Excadrill|Protect|p1b: Excadrill\n|-singleturn|p1b: Excadrill|Protect\n|move|p2a: Iron Hands|Fake Out|p1b: Excadrill\n|-activate|p1b: Excadrill|move: Protect\n|move|p2b: Whimsicott|Trick Room|p2b: Whimsicott\n|-fieldstart|move: Trick Room|[of] p2b: Whimsicott\n|\n|-weather|Sandstorm|[upkeep]\n|-damage|p2a: Iron Hands|94\/100|[from] Sandstorm\n|-damage|p2b: Whimsicott|95\/100|[from] Sandstorm\n|upkeep\n|turn|2\n|\n|t:|1737830659\n|switch|p1b: Zamazenta|Zamazenta-Crowned, L50|100\/100\n|-ability|p1b: Zamazenta|Dauntless Shield|boost\n|-boost|p1b: Zamazenta|def|1\n|move|p2b: Whimsicott|Encore||[still]\n|-fail|p2b: Whimsicott\n|move|p2a: Iron Hands|Low Kick|p1b: Zamazenta\n|-supereffective|p1b: Zamazenta\n|-damage|p1b: Zamazenta|63\/100\n|move|p1a: Incineroar|Parting Shot|p2a: Iron Hands\n|-unboost|p2a: Iron Hands|atk|1\n|-unboost|p2a: Iron Hands|spa|1\n|\n|t:|1737830676\n|switch|p1a: Excadrill|Excadrill, L50, M|100\/100|[from] Parting Shot\n|\n|-weather|Sandstorm|[upkeep]\n|-damage|p2a: Iron Hands|88\/100|[from] Sandstorm\n|-damage|p2b: Whimsicott|89\/100|[from] Sandstorm\n|upkeep\n|turn|3\n|\n|t:|1737830704\n|-end|p2a: Iron Hands|Quark Drive|[silent]\n|switch|p2a: Raging Bolt|Raging Bolt, L50|100\/100\n|switch|p1a: Incineroar|Incineroar, L50, M|100\/100\n|-ability|p1a: Incineroar|Intimidate|boost\n|-unboost|p2a: Raging Bolt|atk|1\n|-unboost|p2b: Whimsicott|atk|1\n|move|p2b: Whimsicott|Moonblast|p1a: Incineroar\n|-damage|p1a: Incineroar|69\/100\n|-unboost|p1a: Incineroar|spa|1\n|move|p1b: Zamazenta|Heavy Slam|p2b: Whimsicott\n|-supereffective|p2b: Whimsicott\n|-damage|p2b: Whimsicott|0 fnt\n|faint|p2b: Whimsicott\n|\n|-weather|Sandstorm|[upkeep]\n|-damage|p2a: Raging Bolt|94\/100|[from] Sandstorm\n|upkeep\n|\n|t:|1737830721\n|switch|p2b: Iron Hands|Iron Hands, L50|88\/100\n|turn|4\n|\n|t:|1737830750\n|-terastallize|p1a: Incineroar|Ghost\n|move|p1a: Incineroar|Fake Out|p2a: Raging Bolt\n|-damage|p2a: Raging Bolt|85\/100\n|move|p2b: Iron Hands|Low Kick|p1b: Zamazenta\n|-supereffective|p1b: Zamazenta\n|-damage|p1b: Zamazenta|5\/100\n|cant|p2a: Raging Bolt|flinch\n|move|p1b: Zamazenta|Body Press|p2b: Iron Hands\n|-damage|p2b: Iron Hands|48\/100\n|\n|-weather|Sandstorm|[upkeep]\n|-damage|p2b: Iron Hands|42\/100|[from] Sandstorm\n|-damage|p2a: Raging Bolt|79\/100|[from] Sandstorm\n|upkeep\n|turn|5\n|\n|t:|1737830775\n|move|p2b: Iron Hands|Low Kick|p1b: Zamazenta\n|-supereffective|p1b: Zamazenta\n|-damage|p1b: Zamazenta|0 fnt\n|faint|p1b: Zamazenta\n|move|p1a: Incineroar|Knock Off|p2a: Raging Bolt\n|-damage|p2a: Raging Bolt|49\/100\n|-enditem|p2a: Raging Bolt|Life Orb|[from] move: Knock Off|[of] p1a: Incineroar\n|move|p2a: Raging Bolt|Weather Ball|p1a: Incineroar\n|-damage|p1a: Incineroar|37\/100\n|\n|-weather|none\n|-fieldend|move: Trick Room\n|upkeep\n|\n|t:|1737830788\n|switch|p1b: Excadrill|Excadrill, L50, M|100\/100\n|turn|6\n|\n|t:|1737830806\n|-terastallize|p2b: Iron Hands|Grass\n|move|p2a: Raging Bolt|Thunderclap|p1a: Incineroar\n|-damage|p1a: Incineroar|7\/100\n|move|p1b: Excadrill|Earthquake|p2b: Iron Hands|[spread] p1a,p2a,p2b\n|-supereffective|p2a: Raging Bolt\n|-resisted|p2b: Iron Hands\n|-damage|p1a: Incineroar|0 fnt\n|-damage|p2a: Raging Bolt|0 fnt\n|-damage|p2b: Iron Hands|25\/100\n|faint|p1a: Incineroar\n|faint|p2a: Raging Bolt\n|-end|p2a: Raging Bolt|Protosynthesis|[silent]\n|move|p2b: Iron Hands|Low Kick|p1b: Excadrill\n|-supereffective|p1b: Excadrill\n|-enditem|p1b: Excadrill|Focus Sash\n|-damage|p1b: Excadrill|1\/100\n|\n|upkeep\n|\n|t:|1737830821\n|switch|p2a: Koraidon|Koraidon, L50|100\/100\n|switch|p1a: Tyranitar|Tyranitar, L50, F|100\/100\n|-weather|SunnyDay|[from] ability: Orichalcum Pulse|[of] p2a: Koraidon\n|-activate|p2a: Koraidon|Orichalcum Pulse|[source]\n|-weather|Sandstorm|[from] ability: Sand Stream|[of] p1a: Tyranitar\n|turn|7\n|\n|t:|1737830888\n|move|p1b: Excadrill|Protect|p1b: Excadrill\n|-singleturn|p1b: Excadrill|Protect\n|move|p2a: Koraidon|Collision Course|p1b: Excadrill\n|-activate|p1b: Excadrill|move: Protect\n|move|p1a: Tyranitar|Low Kick|p2b: Iron Hands\n|-damage|p2b: Iron Hands|0 fnt\n|faint|p2b: Iron Hands\n|-end|p2b: Iron Hands|Quark Drive|[silent]\n|\n|-weather|Sandstorm|[upkeep]\n|-damage|p2a: Koraidon|95\/100|[from] Sandstorm\n|upkeep\n|turn|8\n|\n|t:|1737830911\n|move|p2a: Koraidon|Protect|p2a: Koraidon\n|-singleturn|p2a: Koraidon|Protect\n|move|p1b: Excadrill|Earthquake|p2a: Koraidon|[spread] p1a\n|-activate|p2a: Koraidon|move: Protect\n|-supereffective|p1a: Tyranitar\n|-damage|p1a: Tyranitar|24\/100\n|move|p1a: Tyranitar|Low Kick|p2a: Koraidon\n|-activate|p2a: Koraidon|move: Protect\n|\n|-weather|Sandstorm|[upkeep]\n|-damage|p2a: Koraidon|89\/100|[from] Sandstorm\n|upkeep\n|turn|9\n|inactive|Battle timer is ON: inactive players will automatically lose when time's up. (requested by Peckham)\n|\n|t:|1737830951\n|move|p1b: Excadrill|Protect|p1b: Excadrill\n|-singleturn|p1b: Excadrill|Protect\n|move|p2a: Koraidon|Collision Course|p1b: Excadrill\n|-activate|p1b: Excadrill|move: Protect\n|move|p1a: Tyranitar|Low Kick|p2a: Koraidon\n|-damage|p2a: Koraidon|57\/100\n|\n|-weather|Sandstorm|[upkeep]\n|-damage|p2a: Koraidon|51\/100|[from] Sandstorm\n|upkeep\n|turn|10\n|inactive|Peckham has 30 seconds left.\n|\n|t:|1737830977\n|move|p2a: Koraidon|Protect|p2a: Koraidon\n|-singleturn|p2a: Koraidon|Protect\n|move|p1b: Excadrill|Iron Head|p2a: Koraidon\n|-activate|p2a: Koraidon|move: Protect\n|move|p1a: Tyranitar|Low Kick|p2a: Koraidon\n|-activate|p2a: Koraidon|move: Protect\n|\n|-weather|Sandstorm|[upkeep]\n|-damage|p2a: Koraidon|45\/100|[from] Sandstorm\n|upkeep\n|turn|11\n|inactive|Peckham has 30 seconds left.\n|\n|t:|1737831009\n|move|p1b: Excadrill|Earthquake|p2a: Koraidon|[spread] p1a,p2a\n|-supereffective|p1a: Tyranitar\n|-damage|p1a: Tyranitar|0 fnt\n|-damage|p2a: Koraidon|15\/100\n|faint|p1a: Tyranitar\n|move|p2a: Koraidon|Collision Course|p1b: Excadrill\n|-supereffective|p1b: Excadrill\n|-damage|p1b: Excadrill|0 fnt\n|faint|p1b: Excadrill\n|\n|win|onsoni\n|raw|Peckham's rating: 1595 &rarr; <strong>1584<\/strong><br \/>(-11 for losing)\n|raw|onsoni's rating: 1763 &rarr; <strong>1774<\/strong><br \/>(+11 for winning)\n|l|\u2606onsoni\n|player|p2|\n|l| wisteria812\n|l|\u2606Peckham\n|player|p1|\n","uploadtime":1737831236,"views":28,"formatid":"gen9vgc2025regg","rating":1584,"private":0,"password":null}