{"id":"gen9vgc2025regg-2288517129","format":"[Gen 9] VGC 2025 Reg G","players":["MBSSQBBDS","suffyrin"],"log":"|j|\u2606MBSSQBBDS\n|j|\u2606suffyrin\n|t:|1737897982\n|gametype|doubles\n|player|p1|MBSSQBBDS|bianca|1564\n|player|p2|suffyrin|101|1555\n|teamsize|p1|6\n|teamsize|p2|6\n|gen|9\n|tier|[Gen 9] VGC 2025 Reg G\n|rated|\n|rule|Species Clause: Limit one of each Pok\u00e9mon\n|rule|Item Clause: Limit 1 of each item\n|clearpoke\n|poke|p1|Calyrex-Shadow, L50|\n|poke|p1|Ditto, L50|\n|poke|p1|Raging Bolt, L50|\n|poke|p1|Urshifu-*, L50, M|\n|poke|p1|Brute Bonnet, L50|\n|poke|p1|Ogerpon-Hearthflame, L50, F|\n|poke|p2|Terapagos, L50, M|\n|poke|p2|Smeargle, L50, F|\n|poke|p2|Tornadus, L50, M|\n|poke|p2|Ogerpon-Hearthflame, L50, F|\n|poke|p2|Dondozo, L50, M|\n|poke|p2|Tatsugiri-Stretchy, L50, M|\n|teampreview|4\n|\n|t:|1737897997\n|start\n|switch|p1a: Calyrex|Calyrex-Shadow, L50|100\/100\n|switch|p1b: Brute Bonnet|Brute Bonnet, L50|100\/100\n|switch|p2a: Terapagos|Terapagos, L50, M|100\/100\n|switch|p2b: Smeargle|Smeargle, L50, F|100\/100\n|-ability|p1a: Calyrex|As One\n|-ability|p1a: Calyrex|Unnerve\n|-activate|p2a: Terapagos|ability: Tera Shift\n|detailschange|p2a: Terapagos|Terapagos-Terastal, L50, M\n|-heal|p2a: Terapagos|100\/100|[silent]\n|turn|1\n|\n|t:|1737898036\n|-terastallize|p1a: Calyrex|Fighting\n|-terastallize|p2a: Terapagos|Stellar\n|detailschange|p2a: Terapagos|Terapagos-Stellar, L50, M, tera:Stellar\n|-heal|p2a: Terapagos|100\/100|[silent]\n|move|p2b: Smeargle|Fake Out|p1b: Brute Bonnet\n|-damage|p1b: Brute Bonnet|97\/100\n|-damage|p2b: Smeargle|84\/100|[from] item: Rocky Helmet|[of] p1b: Brute Bonnet\n|cant|p1b: Brute Bonnet|flinch\n|move|p1a: Calyrex|Tera Blast|p2b: Smeargle|[anim] Tera Blast Fighting\n|-supereffective|p2b: Smeargle\n|-damage|p2b: Smeargle|0 fnt\n|faint|p2b: Smeargle\n|-ability|p1a: Calyrex|Grim Neigh|boost\n|-boost|p1a: Calyrex|spa|1\n|-damage|p1a: Calyrex|91\/100|[from] item: Life Orb\n|move|p2a: Terapagos|Tera Starstorm|p1b: Brute Bonnet|[spread] p1a,p1b\n|-supereffective|p1a: Calyrex\n|-damage|p1a: Calyrex|0 fnt\n|-damage|p1b: Brute Bonnet|56\/100\n|faint|p1a: Calyrex\n|\n|upkeep\n|\n|t:|1737898071\n|switch|p1a: Urshifu|Urshifu-Rapid-Strike, L50, M|100\/100\n|switch|p2b: Ogerpon|Ogerpon-Hearthflame, L50, F|100\/100\n|-ability|p2b: Ogerpon|Mold Breaker\n|turn|2\n|\n|t:|1737898088\n|move|p2b: Ogerpon|Follow Me|p2b: Ogerpon\n|-singleturn|p2b: Ogerpon|move: Follow Me\n|move|p1a: Urshifu|Close Combat|p2b: Ogerpon\n|-damage|p2b: Ogerpon|22\/100\n|-unboost|p1a: Urshifu|def|1\n|-unboost|p1a: Urshifu|spd|1\n|move|p2a: Terapagos|Tera Starstorm|p1b: Brute Bonnet|[spread] p1a,p1b\n|-damage|p1a: Urshifu|0 fnt\n|-damage|p1b: Brute Bonnet|12\/100\n|faint|p1a: Urshifu\n|move|p1b: Brute Bonnet|Taunt|p2b: Ogerpon\n|-start|p2b: Ogerpon|move: Taunt\n|\n|upkeep\n|\n|t:|1737898094\n|switch|p1a: Raging Bolt|Raging Bolt, L50|100\/100\n|turn|3\n|\n|t:|1737898109\n|move|p1b: Brute Bonnet|Sucker Punch|p2b: Ogerpon\n|-damage|p2b: Ogerpon|0 fnt\n|faint|p2b: Ogerpon\n|move|p2a: Terapagos|Tera Starstorm|p1b: Brute Bonnet|[spread] p1a,p1b\n|-damage|p1a: Raging Bolt|59\/100\n|-damage|p1b: Brute Bonnet|0 fnt\n|faint|p1b: Brute Bonnet\n|-end|p1b: Brute Bonnet|Protosynthesis|[silent]\n|move|p1a: Raging Bolt|Calm Mind|p1a: Raging Bolt\n|-boost|p1a: Raging Bolt|spa|1\n|-boost|p1a: Raging Bolt|spd|1\n|\n|-heal|p1a: Raging Bolt|66\/100|[from] item: Leftovers\n|upkeep\n|\n|t:|1737898114\n|switch|p2b: Tornadus|Tornadus, L50, M|100\/100\n|turn|4\n|\n|t:|1737898119\n|move|p1a: Raging Bolt|Protect|p1a: Raging Bolt\n|-singleturn|p1a: Raging Bolt|Protect\n|move|p2b: Tornadus|Bleakwind Storm|p1a: Raging Bolt\n|-activate|p1a: Raging Bolt|move: Protect\n|move|p2a: Terapagos|Tera Starstorm|p1a: Raging Bolt\n|-activate|p1a: Raging Bolt|move: Protect\n|\n|-heal|p1a: Raging Bolt|72\/100|[from] item: Leftovers\n|upkeep\n|turn|5\n|\n|t:|1737898128\n|move|p2b: Tornadus|Taunt|p1a: Raging Bolt\n|-start|p1a: Raging Bolt|move: Taunt\n|move|p2a: Terapagos|Tera Starstorm|p1a: Raging Bolt\n|-damage|p1a: Raging Bolt|31\/100\n|cant|p1a: Raging Bolt|move: Taunt|Calm Mind\n|\n|-heal|p1a: Raging Bolt|37\/100|[from] item: Leftovers\n|upkeep\n|turn|6\n|\n|t:|1737898136\n|move|p2b: Tornadus|Bleakwind Storm|p1a: Raging Bolt\n|-resisted|p1a: Raging Bolt\n|-damage|p1a: Raging Bolt|25\/100\n|move|p2a: Terapagos|Tera Starstorm|p1a: Raging Bolt\n|-damage|p1a: Raging Bolt|0 fnt\n|faint|p1a: Raging Bolt\n|-end|p1a: Raging Bolt|Protosynthesis|[silent]\n|\n|win|suffyrin\n|raw|MBSSQBBDS's rating: 1564 &rarr; <strong>1543<\/strong><br \/>(-21 for losing)\n|raw|suffyrin's rating: 1555 &rarr; <strong>1576<\/strong><br \/>(+21 for winning)\n|l|\u2606MBSSQBBDS\n|player|p1|\n|l|\u2606suffyrin\n|player|p2|\n","uploadtime":1737898338,"views":9,"formatid":"gen9vgc2025regg","rating":1543,"private":0,"password":null}