{"id":"gen9vgc2025regg-2288616861","format":"[Gen 9] VGC 2025 Reg G","players":["decay4","Boomysuck"],"log":"|j|\u2606decay4\n|j|\u2606Boomysuck\n|t:|1737911541\n|gametype|doubles\n|player|p1|decay4|skyla|1584\n|player|p2|Boomysuck|170|1617\n|teamsize|p1|6\n|teamsize|p2|6\n|gen|9\n|tier|[Gen 9] VGC 2025 Reg G\n|rated|\n|rule|Species Clause: Limit one of each Pok\u00e9mon\n|rule|Item Clause: Limit 1 of each item\n|clearpoke\n|poke|p1|Ursaluna-Bloodmoon, L50, M|\n|poke|p1|Grimmsnarl, L50, M|\n|poke|p1|Calyrex-Ice, L50|\n|poke|p1|Urshifu-*, L50, M|\n|poke|p1|Ogerpon-Cornerstone, L50, F|\n|poke|p1|Torkoal, L50, F|\n|poke|p2|Zamazenta-*, L50|\n|poke|p2|Flutter Mane, L50|\n|poke|p2|Rillaboom, L50, M|\n|poke|p2|Latios, L50, M|\n|poke|p2|Tyranitar, L50, F|\n|poke|p2|Landorus, L50, M|\n|teampreview|4\n|\n|t:|1737911605\n|start\n|switch|p1a: Grimmsnarl|Grimmsnarl, L50, M|100\/100\n|switch|p1b: Calyrex|Calyrex-Ice, L50|100\/100\n|switch|p2a: Zamazenta|Zamazenta-Crowned, L50|100\/100\n|switch|p2b: Tyranitar|Tyranitar, L50, F|100\/100\n|-ability|p1b: Calyrex|As One\n|-ability|p1b: Calyrex|Unnerve\n|-ability|p2a: Zamazenta|Dauntless Shield|boost\n|-boost|p2a: Zamazenta|def|1\n|-weather|Sandstorm|[from] ability: Sand Stream|[of] p2b: Tyranitar\n|turn|1\n|\n|t:|1737911621\n|move|p1a: Grimmsnarl|Reflect|p1a: Grimmsnarl\n|-sidestart|p1: decay4|Reflect\n|move|p2a: Zamazenta|Body Press|p1b: Calyrex\n|-damage|p1b: Calyrex|71\/100\n|move|p2b: Tyranitar|Taunt|p1a: Grimmsnarl\n|-start|p1a: Grimmsnarl|move: Taunt\n|move|p1b: Calyrex|Glacial Lance|p2a: Zamazenta|[spread] p2a,p2b\n|-resisted|p2a: Zamazenta\n|-damage|p2a: Zamazenta|89\/100\n|-damage|p2b: Tyranitar|45\/100\n|\n|-weather|Sandstorm|[upkeep]\n|-damage|p1a: Grimmsnarl|94\/100|[from] Sandstorm\n|-damage|p1b: Calyrex|66\/100|[from] Sandstorm\n|upkeep\n|turn|2\n|j| mentalrofl\n|\n|t:|1737911654\n|switch|p1a: Urshifu|Urshifu-Rapid-Strike, L50, M|100\/100\n|move|p2a: Zamazenta|Body Press|p1b: Calyrex\n|-damage|p1b: Calyrex|37\/100\n|move|p2b: Tyranitar|Knock Off|p1b: Calyrex\n|-supereffective|p1b: Calyrex\n|-damage|p1b: Calyrex|0 fnt\n|-enditem|p1b: Calyrex|Clear Amulet|[from] move: Knock Off|[of] p2b: Tyranitar\n|faint|p1b: Calyrex\n|\n|-weather|Sandstorm|[upkeep]\n|-damage|p1a: Urshifu|94\/100|[from] Sandstorm\n|upkeep\n|\n|t:|1737911662\n|switch|p1b: Ursaluna|Ursaluna-Bloodmoon, L50, M|100\/100\n|turn|3\n|\n|t:|1737911685\n|-terastallize|p1b: Ursaluna|Normal\n|move|p1a: Urshifu|Surging Strikes|p2b: Tyranitar\n|-supereffective|p2b: Tyranitar\n|-crit|p2b: Tyranitar\n|-damage|p2b: Tyranitar|4\/100\n|-supereffective|p2b: Tyranitar\n|-crit|p2b: Tyranitar\n|-damage|p2b: Tyranitar|0 fnt\n|faint|p2b: Tyranitar\n|-hitcount|p2: Tyranitar|2\n|move|p2a: Zamazenta|Body Press|p1a: Urshifu\n|-damage|p1a: Urshifu|43\/100\n|move|p1b: Ursaluna|Blood Moon|p2a: Zamazenta\n|-resisted|p2a: Zamazenta\n|-damage|p2a: Zamazenta|34\/100\n|-damage|p1b: Ursaluna|90\/100|[from] item: Life Orb\n|\n|-weather|Sandstorm|[upkeep]\n|-damage|p1a: Urshifu|36\/100|[from] Sandstorm\n|-damage|p1b: Ursaluna|85\/100|[from] Sandstorm\n|upkeep\n|\n|t:|1737911697\n|switch|p2b: Rillaboom|Rillaboom, L50, M|100\/100\n|-fieldstart|move: Grassy Terrain|[from] ability: Grassy Surge|[of] p2b: Rillaboom\n|turn|4\n|\n|t:|1737911705\n|switch|p1a: Grimmsnarl|Grimmsnarl, L50, M|94\/100\n|move|p1b: Ursaluna|Protect|p1b: Ursaluna\n|-singleturn|p1b: Ursaluna|Protect\n|move|p2b: Rillaboom|Fake Out|p1a: Grimmsnarl\n|-damage|p1a: Grimmsnarl|84\/100\n|move|p2a: Zamazenta|Body Press|p1b: Ursaluna\n|-activate|p1b: Ursaluna|move: Protect\n|\n|-weather|Sandstorm|[upkeep]\n|-damage|p2b: Rillaboom|94\/100|[from] Sandstorm\n|-damage|p1a: Grimmsnarl|78\/100|[from] Sandstorm\n|-damage|p1b: Ursaluna|79\/100|[from] Sandstorm\n|-heal|p2a: Zamazenta|40\/100|[from] Grassy Terrain\n|-heal|p2b: Rillaboom|100\/100|[from] Grassy Terrain\n|-heal|p1a: Grimmsnarl|84\/100|[from] Grassy Terrain\n|-heal|p1b: Ursaluna|85\/100|[from] Grassy Terrain\n|upkeep\n|turn|5\n|\n|t:|1737911723\n|move|p1a: Grimmsnarl|Thunder Wave|p2a: Zamazenta\n|-status|p2a: Zamazenta|par\n|move|p2b: Rillaboom|Wood Hammer|p1b: Ursaluna\n|-damage|p1b: Ursaluna|37\/100\n|-damage|p2b: Rillaboom|81\/100|[from] Recoil\n|move|p2a: Zamazenta|Body Press|p1b: Ursaluna\n|-supereffective|p1b: Ursaluna\n|-damage|p1b: Ursaluna|0 fnt\n|faint|p1b: Ursaluna\n|\n|-weather|none\n|-heal|p2b: Rillaboom|87\/100|[from] Grassy Terrain\n|-heal|p2a: Zamazenta|47\/100 par|[from] Grassy Terrain\n|-heal|p1a: Grimmsnarl|90\/100|[from] Grassy Terrain\n|upkeep\n|\n|t:|1737911731\n|switch|p1b: Urshifu|Urshifu-Rapid-Strike, L50, M|36\/100\n|turn|6\n|\n|t:|1737911746\n|-terastallize|p2b: Rillaboom|Grass\n|move|p1b: Urshifu|Detect|p1b: Urshifu\n|-singleturn|p1b: Urshifu|Protect\n|move|p2b: Rillaboom|Grassy Glide|p1b: Urshifu\n|-activate|p1b: Urshifu|move: Protect\n|move|p1a: Grimmsnarl|Thunder Wave|p2b: Rillaboom\n|-status|p2b: Rillaboom|par\n|move|p2a: Zamazenta|Body Press|p1a: Grimmsnarl\n|-damage|p1a: Grimmsnarl|42\/100\n|\n|-heal|p1b: Urshifu|43\/100|[from] Grassy Terrain\n|-heal|p2a: Zamazenta|53\/100 par|[from] Grassy Terrain\n|-heal|p1a: Grimmsnarl|48\/100|[from] Grassy Terrain\n|-heal|p2b: Rillaboom|93\/100 par|[from] Grassy Terrain\n|upkeep\n|turn|7\n|-message|decay4 forfeited.\n|\n|win|Boomysuck\n|raw|decay4's rating: 1584 &rarr; <strong>1566<\/strong><br \/>(-18 for losing)\n|raw|Boomysuck's rating: 1617 &rarr; <strong>1635<\/strong><br \/>(+18 for winning)\n|l|\u2606decay4\n|player|p1|\n|l|\u2606Boomysuck\n|player|p2|\n","uploadtime":1737911959,"views":8,"formatid":"gen9vgc2025regg","rating":1566,"private":0,"password":null}