{"id":"gen9vgc2025regg-2288982921","format":"[Gen 9] VGC 2025 Reg G","players":["Dearp","zhanlinxie"],"log":"|j|\u2606Dearp\n|j|\u2606zhanlinxie\n|t:|1737958088\n|gametype|doubles\n|player|p1|Dearp|battlegirl|1678\n|player|p2|zhanlinxie|marley|1583\n|teamsize|p1|6\n|teamsize|p2|6\n|gen|9\n|tier|[Gen 9] VGC 2025 Reg G\n|rated|\n|rule|Species Clause: Limit one of each Pok\u00e9mon\n|rule|Item Clause: Limit 1 of each item\n|clearpoke\n|poke|p1|Torkoal, L50, M|\n|poke|p1|Ogerpon-Wellspring, L50, F|\n|poke|p1|Ting-Lu, L50|\n|poke|p1|Calyrex-Ice, L50|\n|poke|p1|Indeedee-F, L50, F|\n|poke|p1|Gallade, L50, M|\n|poke|p2|Calyrex-Ice, L50|\n|poke|p2|Iron Valiant, L50|\n|poke|p2|Urshifu-*, L50, F|\n|poke|p2|Pelipper, L50, F|\n|poke|p2|Landorus, L50, M|\n|poke|p2|Amoonguss, L50, F|\n|teampreview|4\n|\n|t:|1737958117\n|start\n|switch|p1a: Calyrex|Calyrex-Ice, L50|100\/100\n|switch|p1b: Ogerpon|Ogerpon-Wellspring, L50, F|100\/100\n|switch|p2a: Calyrex|Calyrex-Ice, L50|100\/100\n|switch|p2b: Iron Valiant|Iron Valiant, L50|100\/100\n|-ability|p1a: Calyrex|As One\n|-ability|p1a: Calyrex|Unnerve\n|-ability|p2a: Calyrex|As One\n|-ability|p2a: Calyrex|Unnerve\n|-enditem|p2b: Iron Valiant|Booster Energy\n|-activate|p2b: Iron Valiant|ability: Quark Drive|[fromitem]\n|-start|p2b: Iron Valiant|quarkdrivespe\n|turn|1\n|\n|t:|1737958132\n|move|p2b: Iron Valiant|Coaching|p2a: Calyrex\n|-boost|p2a: Calyrex|atk|1\n|-boost|p2a: Calyrex|def|1\n|move|p1b: Ogerpon|Taunt|p2b: Iron Valiant\n|-start|p2b: Iron Valiant|move: Taunt\n|move|p1a: Calyrex|Imprison|p1a: Calyrex\n|-start|p1a: Calyrex|move: Imprison\n|cant|p2a: Calyrex|move: Imprison|Glacial Lance\n|\n|upkeep\n|turn|2\n|\n|t:|1737958160\n|switch|p2a: Urshifu|Urshifu-Rapid-Strike, L50, F|100\/100\n|move|p2b: Iron Valiant|Spirit Break|p1b: Ogerpon\n|-damage|p1b: Ogerpon|62\/100\n|-unboost|p1b: Ogerpon|spa|1\n|move|p1b: Ogerpon|Ivy Cudgel|p2b: Iron Valiant|[anim] Ivy Cudgel Water\n|-damage|p2b: Iron Valiant|49\/100\n|move|p1a: Calyrex|Glacial Lance|p2b: Iron Valiant|[spread] p2a,p2b\n|-resisted|p2a: Urshifu\n|-damage|p2a: Urshifu|71\/100\n|-damage|p2b: Iron Valiant|0 fnt\n|faint|p2b: Iron Valiant\n|-end|p2b: Iron Valiant|Quark Drive|[silent]\n|-ability|p1a: Calyrex|Chilling Neigh|boost\n|-boost|p1a: Calyrex|atk|1\n|\n|upkeep\n|\n|t:|1737958176\n|switch|p2b: Pelipper|Pelipper, L50, F|100\/100\n|-weather|RainDance|[from] ability: Drizzle|[of] p2b: Pelipper\n|turn|3\n|\n|t:|1737958200\n|move|p2a: Urshifu|Detect|p2a: Urshifu\n|-singleturn|p2a: Urshifu|Protect\n|move|p1b: Ogerpon|Follow Me|p1b: Ogerpon\n|-singleturn|p1b: Ogerpon|move: Follow Me\n|move|p2b: Pelipper|Hurricane|p1b: Ogerpon\n|-supereffective|p1b: Ogerpon\n|-damage|p1b: Ogerpon|0 fnt\n|faint|p1b: Ogerpon\n|-damage|p2b: Pelipper|91\/100|[from] item: Life Orb\n|move|p1a: Calyrex|Trick Room|p1a: Calyrex\n|-fieldstart|move: Trick Room|[of] p1a: Calyrex\n|\n|-weather|RainDance|[upkeep]\n|upkeep\n|inactive|Battle timer is ON: inactive players will automatically lose when time's up. (requested by zhanlinxie)\n|\n|t:|1737958248\n|switch|p1b: Indeedee|Indeedee-F, L50, F|100\/100\n|-fieldstart|move: Psychic Terrain|[from] ability: Psychic Surge|[of] p1b: Indeedee\n|turn|4\n|inactive|zhanlinxie has 30 seconds left.\n|inactive|zhanlinxie has 20 seconds left.\n|\n|t:|1737958287\n|switch|p2a: Calyrex|Calyrex-Ice, L50|100\/100\n|-ability|p2a: Calyrex|As One\n|-ability|p2a: Calyrex|Unnerve\n|-terastallize|p1a: Calyrex|Dragon\n|move|p1b: Indeedee|Helping Hand|p1a: Calyrex\n|-singleturn|p1a: Calyrex|Helping Hand|[of] p1b: Indeedee\n|move|p2b: Pelipper|Weather Ball|p1a: Calyrex\n|-resisted|p1a: Calyrex\n|-damage|p1a: Calyrex|73\/100\n|-damage|p2b: Pelipper|81\/100|[from] item: Life Orb\n|move|p1a: Calyrex|High Horsepower|p2a: Calyrex|[miss]\n|-miss|p1a: Calyrex|p2a: Calyrex\n|\n|-weather|RainDance|[upkeep]\n|upkeep\n|turn|5\n|-message|zhanlinxie forfeited.\n|\n|win|Dearp\n|raw|Dearp's rating: 1678 &rarr; <strong>1693<\/strong><br \/>(+15 for winning)\n|raw|zhanlinxie's rating: 1583 &rarr; <strong>1568<\/strong><br \/>(-15 for losing)\n|l|\u2606zhanlinxie\n|player|p2|\n|l|\u2606Dearp\n|player|p1|\n","uploadtime":1737958569,"views":7,"formatid":"gen9vgc2025regg","rating":1568,"private":0,"password":null}