{"id":"gen9vgc2025regg-2288088247","format":"[Gen 9] VGC 2025 Reg G","players":["enbymcgee","tommy2436"],"log":"|j|\u2606enbymcgee\n|j|\u2606tommy2436\n|t:|1737831577\n|gametype|doubles\n|player|p1|enbymcgee|caitlin|1627\n|player|p2|tommy2436|265|1549\n|teamsize|p1|6\n|teamsize|p2|6\n|gen|9\n|tier|[Gen 9] VGC 2025 Reg G\n|rated|\n|rule|Species Clause: Limit one of each Pok\u00e9mon\n|rule|Item Clause: Limit 1 of each item\n|clearpoke\n|poke|p1|Calyrex-Ice, L50|\n|poke|p1|Raging Bolt, L50|\n|poke|p1|Ogerpon-Cornerstone, L50, F|\n|poke|p1|Landorus, L50, M|\n|poke|p1|Incineroar, L50, F|\n|poke|p1|Suicune, L50|\n|poke|p2|Calyrex-Ice, L50|\n|poke|p2|Urshifu-*, L50, F|\n|poke|p2|Raging Bolt, L50|\n|poke|p2|Pelipper, L50, F|\n|poke|p2|Iron Valiant, L50|\n|poke|p2|Landorus, L50, M|\n|teampreview|4\n|c|\u2606enbymcgee|glhf!\n|j| darkbanana49\n|j| kiabu233\n|\n|t:|1737831645\n|start\n|switch|p1a: Suicune|Suicune, L50|100\/100\n|switch|p1b: Calyrex|Calyrex-Ice, L50|100\/100\n|switch|p2a: Urshifu|Urshifu-Rapid-Strike, L50, F|100\/100\n|switch|p2b: Iron Valiant|Iron Valiant, L50|100\/100\n|-ability|p1b: Calyrex|As One\n|-ability|p1b: Calyrex|Unnerve\n|-enditem|p2b: Iron Valiant|Booster Energy\n|-activate|p2b: Iron Valiant|ability: Quark Drive|[fromitem]\n|-start|p2b: Iron Valiant|quarkdrivespe\n|turn|1\n|\n|t:|1737831675\n|-terastallize|p1b: Calyrex|Water\n|move|p2b: Iron Valiant|Icy Wind|p1a: Suicune|[spread] p1a,p1b\n|-resisted|p1a: Suicune\n|-resisted|p1b: Calyrex\n|-damage|p1a: Suicune|98\/100\n|-damage|p1b: Calyrex|97\/100\n|-unboost|p1a: Suicune|spe|1\n|move|p2a: Urshifu|Surging Strikes|p1b: Calyrex\n|-resisted|p1b: Calyrex\n|-crit|p1b: Calyrex\n|-damage|p1b: Calyrex|90\/100\n|-resisted|p1b: Calyrex\n|-crit|p1b: Calyrex\n|-damage|p1b: Calyrex|84\/100\n|-resisted|p1b: Calyrex\n|-crit|p1b: Calyrex\n|-damage|p1b: Calyrex|78\/100\n|-hitcount|p1b: Calyrex|3\n|move|p1b: Calyrex|Glacial Lance|p2a: Urshifu|[spread] p2a,p2b\n|-resisted|p2a: Urshifu\n|-damage|p2a: Urshifu|72\/100\n|-damage|p2b: Iron Valiant|42\/100\n|move|p1a: Suicune|Scald|p2b: Iron Valiant\n|-damage|p2b: Iron Valiant|0 fnt\n|faint|p2b: Iron Valiant\n|-end|p2b: Iron Valiant|Quark Drive|[silent]\n|\n|upkeep\n|\n|t:|1737831695\n|switch|p2b: Raging Bolt|Raging Bolt, L50|100\/100\n|turn|2\n|l| darkbanana49\n|\n|t:|1737831726\n|switch|p1b: Raging Bolt|Raging Bolt, L50|100\/100\n|-enditem|p1b: Raging Bolt|Booster Energy\n|-activate|p1b: Raging Bolt|ability: Protosynthesis|[fromitem]\n|-start|p1b: Raging Bolt|protosynthesisspa\n|-terastallize|p2b: Raging Bolt|Electric\n|move|p2a: Urshifu|Close Combat|p1a: Suicune\n|-damage|p1a: Suicune|47\/100\n|-unboost|p2a: Urshifu|def|1\n|-unboost|p2a: Urshifu|spd|1\n|move|p2b: Raging Bolt|Thunderbolt|p1b: Raging Bolt\n|-resisted|p1b: Raging Bolt\n|-damage|p1b: Raging Bolt|84\/100\n|move|p1a: Suicune|Mirror Coat||[still]\n|-fail|p1a: Suicune\n|\n|upkeep\n|turn|3\n|j| darkbanana49\n|l| darkbanana49\n|\n|t:|1737831762\n|move|p2a: Urshifu|Detect|p2a: Urshifu\n|-singleturn|p2a: Urshifu|Protect\n|move|p2b: Raging Bolt|Draco Meteor|p1b: Raging Bolt\n|-supereffective|p1b: Raging Bolt\n|-damage|p1b: Raging Bolt|0 fnt\n|-unboost|p2b: Raging Bolt|spa|2\n|faint|p1b: Raging Bolt\n|-end|p1b: Raging Bolt|Protosynthesis|[silent]\n|move|p1a: Suicune|Icy Wind|p2a: Urshifu|[spread] p2b\n|-activate|p2a: Urshifu|move: Protect\n|-damage|p2b: Raging Bolt|91\/100\n|-unboost|p2b: Raging Bolt|spe|1\n|\n|upkeep\n|\n|t:|1737831768\n|switch|p1b: Ogerpon|Ogerpon-Cornerstone, L50, F|100\/100\n|turn|4\n|\n|t:|1737831796\n|move|p1b: Ogerpon|Power Whip|p2a: Urshifu\n|-supereffective|p2a: Urshifu\n|-damage|p2a: Urshifu|0 fnt\n|faint|p2a: Urshifu\n|move|p2b: Raging Bolt|Thunderbolt|p1a: Suicune\n|-supereffective|p1a: Suicune\n|-damage|p1a: Suicune|14\/100\n|move|p1a: Suicune|Scald|p2b: Raging Bolt\n|-damage|p2b: Raging Bolt|62\/100\n|\n|upkeep\n|\n|t:|1737831805\n|switch|p2a: Calyrex|Calyrex-Ice, L50|100\/100\n|-ability|p2a: Calyrex|As One\n|-ability|p2a: Calyrex|Unnerve\n|turn|5\n|\n|t:|1737831820\n|move|p2b: Raging Bolt|Thunderclap|p1b: Ogerpon\n|-resisted|p1b: Ogerpon\n|-damage|p1b: Ogerpon|84\/100\n|move|p1b: Ogerpon|Ivy Cudgel|p2a: Calyrex|[anim] Ivy Cudgel Rock\n|-supereffective|p2a: Calyrex\n|-damage|p2a: Calyrex|19\/100\n|move|p2a: Calyrex|Glacial Lance|p1a: Suicune|[spread] p1a,p1b\n|-resisted|p1a: Suicune\n|-supereffective|p1b: Ogerpon\n|-damage|p1a: Suicune|0 fnt\n|-damage|p1b: Ogerpon|0 fnt\n|faint|p1a: Suicune\n|faint|p1b: Ogerpon\n|-ability|p2a: Calyrex|Chilling Neigh|boost\n|-boost|p2a: Calyrex|atk|2\n|\n|upkeep\n|\n|t:|1737831828\n|switch|p1a: Calyrex|Calyrex-Ice, L50, tera:Water|78\/100\n|-ability|p1a: Calyrex|As One\n|-ability|p1a: Calyrex|Unnerve\n|turn|6\n|\n|t:|1737831843\n|move|p2a: Calyrex|Seed Bomb|p1a: Calyrex\n|-supereffective|p1a: Calyrex\n|-damage|p1a: Calyrex|0 fnt\n|faint|p1a: Calyrex\n|\n|win|tommy2436\n|raw|enbymcgee's rating: 1627 &rarr; <strong>1603<\/strong><br \/>(-24 for losing)\n|raw|tommy2436's rating: 1549 &rarr; <strong>1573<\/strong><br \/>(+24 for winning)\n|c|\u2606enbymcgee|gg\n|l| kiabu233\n|l|\u2606enbymcgee\n|player|p1|\n|l|\u2606tommy2436\n|player|p2|\n","uploadtime":1737832073,"views":7,"formatid":"gen9vgc2025regg","rating":1573,"private":0,"password":null}