{"id":"gen9vgc2025regg-2288905302","format":"[Gen 9] VGC 2025 Reg G","players":["nuzlockeerik","infinitygroudon"],"log":"|j|\u2606nuzlockeerik\n|j|\u2606infinitygroudon\n|t:|1737946185\n|gametype|doubles\n|player|p1|nuzlockeerik|volkner-masters|1552\n|player|p2|infinitygroudon|1|1633\n|teamsize|p1|6\n|teamsize|p2|6\n|gen|9\n|tier|[Gen 9] VGC 2025 Reg G\n|rated|\n|rule|Species Clause: Limit one of each Pok\u00e9mon\n|rule|Item Clause: Limit 1 of each item\n|clearpoke\n|poke|p1|Ogerpon-Hearthflame, L50, F|\n|poke|p1|Landorus, L50, M|\n|poke|p1|Roaring Moon, L50|\n|poke|p1|Urshifu-*, L50, M|\n|poke|p1|Amoonguss, L50, F|\n|poke|p1|Calyrex-Ice, L50|\n|poke|p2|Calyrex-Shadow, L50|\n|poke|p2|Incineroar, L50, M|\n|poke|p2|Weezing-Galar, L50, M|\n|poke|p2|Indeedee-F, L50, F|\n|poke|p2|Iron Valiant, L50|\n|poke|p2|Ursaluna-Bloodmoon, L50, M|\n|teampreview|4\nnuzlockeerik has agreed to open team sheets.\ninfinitygroudon has agreed to open team sheets.\n|showteam|p1|Ogerpon-Hearthflame||HearthflameMask|MoldBreaker|IvyCudgel,HornLeech,SpikyShield,FollowMe|||F|||50|,,,,,Fire]Landorus||LifeOrb|SheerForce|EarthPower,SandsearStorm,SludgeBomb,Protect|||M|||50|,,,,,Water]Roaring Moon||BoosterEnergy|Protosynthesis|Acrobatics,KnockOff,Tailwind,Protect||||||50|,,,,,Flying]Urshifu-Rapid-Strike||MysticWater|UnseenFist|SurgingStrikes,CloseCombat,Taunt,Detect|||M|||50|,,,,,Water]Amoonguss||CovertCloak|Regenerator|Spore,PollenPuff,Protect,RagePowder|||F|||50|,,,,,Fairy]Calyrex-Ice||ClearAmulet|AsOneGlastrier|GlacialLance,HighHorsepower,TrickRoom,Protect||||||50|,,,,,Fairy\n|showteam|p2|Calyrex-Shadow||LifeOrb|AsOneSpectrier|ExpandingForce,HyperBeam,Protect,AstralBarrage||||||50|,,,,,Normal]Incineroar||AbilityShield|Intimidate|FakeOut,KnockOff,WillOWisp,PartingShot|||M|||50|,,,,,Ghost]Weezing-Galar||SitrusBerry|NeutralizingGas|SludgeBomb,WillOWisp,Taunt,Protect|||M|||50|,,,,,Steel]Indeedee-F||RockyHelmet|PsychicSurge|FollowMe,DazzlingGleam,HelpingHand,TrickRoom|||F|||50|,,,,,Fairy]Iron Valiant||BoosterEnergy|QuarkDrive|SpiritBreak,CloseCombat,ShadowSneak,Protect||||||50|,,,,,Fairy]Ursaluna-Bloodmoon||AssaultVest|MindsEye|BloodMoon,EarthPower,HyperVoice,VacuumWave|||M|||50|,,,,,Normal\n|j| Nanite08\n|l| Nanite08\n|\n|t:|1737946207\n|start\n|switch|p1a: Calyrex|Calyrex-Ice, L50|100\/100\n|switch|p1b: Ogerpon|Ogerpon-Hearthflame, L50, F|100\/100\n|switch|p2a: Charming|Iron Valiant, L50, shiny|100\/100\n|switch|p2b: Duncan|Calyrex-Shadow, L50|100\/100\n|-ability|p2b: Duncan|As One\n|-ability|p2b: Duncan|Unnerve\n|-ability|p1a: Calyrex|As One\n|-ability|p1a: Calyrex|Unnerve\n|-ability|p1b: Ogerpon|Mold Breaker\n|-enditem|p2a: Charming|Booster Energy\n|-activate|p2a: Charming|ability: Quark Drive|[fromitem]\n|-start|p2a: Charming|quarkdrivespe\n|turn|1\n|\n|t:|1737946230\n|move|p1b: Ogerpon|Spiky Shield|p1b: Ogerpon\n|-singleturn|p1b: Ogerpon|move: Protect\n|move|p1a: Calyrex|Protect|p1a: Calyrex\n|-singleturn|p1a: Calyrex|Protect\n|move|p2a: Charming|Close Combat|p1b: Ogerpon\n|-activate|p1b: Ogerpon|move: Protect\n|-damage|p2a: Charming|88\/100|[from] Spiky Shield|[of] p1b: Ogerpon\n|move|p2b: Duncan|Astral Barrage|p1a: Calyrex|[spread] \n|-activate|p1a: Calyrex|move: Protect\n|-activate|p1b: Ogerpon|move: Protect\n|\n|upkeep\n|turn|2\n|\n|t:|1737946250\n|-terastallize|p1a: Calyrex|Fairy\n|move|p2a: Charming|Close Combat|p1b: Ogerpon\n|-damage|p1b: Ogerpon|49\/100\n|-unboost|p2a: Charming|def|1\n|-unboost|p2a: Charming|spd|1\n|move|p2b: Duncan|Astral Barrage|p1a: Calyrex|[spread] p1a,p1b\n|-damage|p1a: Calyrex|54\/100\n|-damage|p1b: Ogerpon|0 fnt\n|faint|p1b: Ogerpon\n|-ability|p2b: Duncan|Grim Neigh|boost\n|-boost|p2b: Duncan|spa|1\n|-damage|p2b: Duncan|91\/100|[from] item: Life Orb\n|move|p1a: Calyrex|Trick Room|p1a: Calyrex\n|-fieldstart|move: Trick Room|[of] p1a: Calyrex\n|\n|upkeep\n|\n|t:|1737946260\n|switch|p1b: Urshifu|Urshifu-Rapid-Strike, L50, M|100\/100\n|turn|3\n|\n|t:|1737946272\n|-end|p2a: Charming|Quark Drive|[silent]\n|switch|p2a: Mr. Gassy|Weezing-Galar, L50, M|100\/100\n|-ability|p2a: Mr. Gassy|Neutralizing Gas\n|move|p2b: Duncan|Protect|p2b: Duncan\n|-singleturn|p2b: Duncan|Protect\n|move|p1a: Calyrex|Glacial Lance|p2b: Duncan|[spread] p2a\n|-activate|p2b: Duncan|move: Protect\n|-damage|p2a: Mr. Gassy|49\/100\n|move|p1b: Urshifu|Surging Strikes|p2b: Duncan\n|-activate|p2b: Duncan|move: Protect\n|\n|upkeep\n|turn|4\n|\n|t:|1737946283\n|switch|p2b: Suthen|Indeedee-F, L50, F|100\/100\n|-terastallize|p2a: Mr. Gassy|Steel\n|move|p2a: Mr. Gassy|Will-O-Wisp|p1b: Urshifu\n|-status|p1b: Urshifu|brn\n|move|p1a: Calyrex|Glacial Lance|p2a: Mr. Gassy|[spread] p2a,p2b\n|-resisted|p2a: Mr. Gassy\n|-damage|p2a: Mr. Gassy|26\/100\n|-damage|p2b: Suthen|44\/100\n|move|p1b: Urshifu|Surging Strikes|p2b: Suthen\n|-crit|p2b: Suthen\n|-damage|p2b: Suthen|30\/100\n|-damage|p1b: Urshifu|84\/100 brn|[from] item: Rocky Helmet|[of] p2b: Suthen\n|-crit|p2b: Suthen\n|-damage|p2b: Suthen|16\/100\n|-damage|p1b: Urshifu|68\/100 brn|[from] item: Rocky Helmet|[of] p2b: Suthen\n|-crit|p2b: Suthen\n|-damage|p2b: Suthen|3\/100\n|-damage|p1b: Urshifu|51\/100 brn|[from] item: Rocky Helmet|[of] p2b: Suthen\n|-hitcount|p2b: Suthen|3\n|\n|-damage|p1b: Urshifu|45\/100 brn|[from] brn\n|upkeep\n|turn|5\n|\n|t:|1737946299\n|move|p1a: Calyrex|Protect|p1a: Calyrex\n|-singleturn|p1a: Calyrex|Protect\n|move|p2a: Mr. Gassy|Will-O-Wisp|p1a: Calyrex\n|-activate|p1a: Calyrex|move: Protect\n|move|p2b: Suthen|Dazzling Gleam|p1b: Urshifu|[spread] p1b\n|-activate|p1a: Calyrex|move: Protect\n|-supereffective|p1b: Urshifu\n|-damage|p1b: Urshifu|12\/100 brn\n|move|p1b: Urshifu|Close Combat|p2a: Mr. Gassy\n|-supereffective|p2a: Mr. Gassy\n|-crit|p2a: Mr. Gassy\n|-damage|p2a: Mr. Gassy|0 fnt\n|-unboost|p1b: Urshifu|def|1\n|-unboost|p1b: Urshifu|spd|1\n|faint|p2a: Mr. Gassy\n|-end|p2a: Mr. Gassy|ability: Neutralizing Gas\n|-fieldstart|move: Psychic Terrain|[from] ability: Psychic Surge|[of] p2b: Suthen\n|\n|-damage|p1b: Urshifu|6\/100 brn|[from] brn\n|upkeep\n|\n|t:|1737946308\n|switch|p2a: Charming|Iron Valiant, L50, shiny|88\/100\n|turn|6\n|\n|t:|1737946314\n|move|p2a: Charming|Protect|p2a: Charming\n|-singleturn|p2a: Charming|Protect\n|move|p1a: Calyrex|Glacial Lance|p2b: Suthen|[spread] p2b\n|-activate|p2a: Charming|move: Protect\n|-damage|p2b: Suthen|0 fnt\n|faint|p2b: Suthen\n|-ability|p1a: Calyrex|Chilling Neigh|boost\n|-boost|p1a: Calyrex|atk|1\n|move|p1b: Urshifu|Surging Strikes|p2a: Charming\n|-crit|p2a: Charming\n|-damage|p2a: Charming|73\/100\n|-crit|p2a: Charming\n|-damage|p2a: Charming|57\/100\n|-crit|p2a: Charming\n|-damage|p2a: Charming|41\/100\n|-hitcount|p2a: Charming|3\n|\n|-damage|p1b: Urshifu|0 fnt|[from] brn\n|faint|p1b: Urshifu\n|-fieldend|move: Trick Room\n|upkeep\n|\n|t:|1737946317\n|switch|p1b: Roaring Moon|Roaring Moon, L50|100\/100\n|switch|p2b: Duncan|Calyrex-Shadow, L50|91\/100\n|-ability|p2b: Duncan|As One\n|-ability|p2b: Duncan|Unnerve\n|-enditem|p1b: Roaring Moon|Booster Energy\n|-activate|p1b: Roaring Moon|ability: Protosynthesis|[fromitem]\n|-start|p1b: Roaring Moon|protosynthesisspe\n|turn|7\n|\n|t:|1737946346\n|move|p2b: Duncan|Protect|p2b: Duncan\n|-singleturn|p2b: Duncan|Protect\n|move|p1b: Roaring Moon|Acrobatics|p2a: Charming\n|-supereffective|p2a: Charming\n|-damage|p2a: Charming|0 fnt\n|faint|p2a: Charming\n|-end|p2a: Charming|Quark Drive|[silent]\n|move|p1a: Calyrex|Glacial Lance|p2b: Duncan\n|-activate|p2b: Duncan|move: Protect\n|\n|upkeep\n|turn|8\n|-message|infinitygroudon forfeited.\n|\n|win|nuzlockeerik\n|raw|nuzlockeerik's rating: 1552 &rarr; <strong>1577<\/strong><br \/>(+25 for winning)\n|raw|infinitygroudon's rating: 1633 &rarr; <strong>1608<\/strong><br \/>(-25 for losing)\n|l|\u2606infinitygroudon\n|player|p2|\n","uploadtime":1737946353,"views":199,"formatid":"gen9vgc2025regg","rating":1577,"private":0,"password":null}