{"id":"gen9vgc2025regg-2288694064","format":"[Gen 9] VGC 2025 Reg G","players":["FebGC2025","Diestoise"],"log":"|j|\u2606FebGC2025\n|j|\u2606Diestoise\n|t:|1737920399\n|gametype|doubles\n|player|p1|FebGC2025|n|1603\n|player|p2|Diestoise|blue|1723\n|teamsize|p1|6\n|teamsize|p2|6\n|gen|9\n|tier|[Gen 9] VGC 2025 Reg G\n|rated|\n|rule|Species Clause: Limit one of each Pok\u00e9mon\n|rule|Item Clause: Limit 1 of each item\n|clearpoke\n|poke|p1|Calyrex-Ice, L50|\n|poke|p1|Urshifu-*, L50, F|\n|poke|p1|Raging Bolt, L50|\n|poke|p1|Ogerpon-Cornerstone, L50, F|\n|poke|p1|Chi-Yu, L50|\n|poke|p1|Rillaboom, L50, M|\n|poke|p2|Groudon, L50|\n|poke|p2|Raging Bolt, L50|\n|poke|p2|Entei, L50|\n|poke|p2|Chien-Pao, L50|\n|poke|p2|Venusaur, L50, M|\n|poke|p2|Grimmsnarl, L50, M|\n|teampreview|4\n|\n|t:|1737920446\n|start\n|switch|p1a: Ogerpon|Ogerpon-Cornerstone, L50, F|100\/100\n|switch|p1b: Calyrex|Calyrex-Ice, L50|100\/100\n|switch|p2a: Entei|Entei, L50|100\/100\n|switch|p2b: Chien-Pao|Chien-Pao, L50|100\/100\n|-ability|p1b: Calyrex|As One\n|-ability|p1b: Calyrex|Unnerve\n|-ability|p2b: Chien-Pao|Sword of Ruin\n|turn|1\n|\n|t:|1737920473\n|move|p1b: Calyrex|Protect|p1b: Calyrex\n|-singleturn|p1b: Calyrex|Protect\n|move|p2a: Entei|Extreme Speed|p1a: Ogerpon\n|-resisted|p1a: Ogerpon\n|-crit|p1a: Ogerpon\n|-damage|p1a: Ogerpon|63\/100\n|move|p2b: Chien-Pao|Sacred Sword|p1a: Ogerpon\n|-supereffective|p1a: Ogerpon\n|-crit|p1a: Ogerpon\n|-damage|p1a: Ogerpon|0 fnt\n|faint|p1a: Ogerpon\n|\n|upkeep\n|\n|t:|1737920483\n|switch|p1a: Urshifu|Urshifu-Rapid-Strike, L50, F|100\/100\n|turn|2\n|\n|t:|1737920511\n|switch|p2a: Raging Bolt|Raging Bolt, L50|100\/100\n|-terastallize|p1b: Calyrex|Fairy\n|move|p2b: Chien-Pao|Sacred Sword|p1a: Urshifu\n|-damage|p1a: Urshifu|58\/100\n|move|p1a: Urshifu|Surging Strikes|p2a: Raging Bolt\n|-resisted|p2a: Raging Bolt\n|-crit|p2a: Raging Bolt\n|-damage|p2a: Raging Bolt|88\/100\n|-resisted|p2a: Raging Bolt\n|-crit|p2a: Raging Bolt\n|-damage|p2a: Raging Bolt|77\/100\n|-resisted|p2a: Raging Bolt\n|-crit|p2a: Raging Bolt\n|-damage|p2a: Raging Bolt|64\/100\n|-hitcount|p2a: Raging Bolt|3\n|move|p1b: Calyrex|Trick Room|p1b: Calyrex\n|-fieldstart|move: Trick Room|[of] p1b: Calyrex\n|\n|upkeep\n|turn|3\n|j| gizzardvgc\n|l|\u2606Diestoise\n|player|p2|\n|inactive|Battle timer is ON: inactive players will automatically lose when time's up. (requested by FebGC2025)\n|j|\u2606Diestoise\n|inactive|Diestoise reconnected and has 80 seconds left.\n|player|p2|Diestoise|blue|\n|c|\u2606FebGC2025|u need timer off?\n|inactive|Diestoise has 60 seconds left.\n|\n|t:|1737920599\n|switch|p1a: Raging Bolt|Raging Bolt, L50|100\/100\n|move|p2a: Raging Bolt|Protect|p2a: Raging Bolt\n|-singleturn|p2a: Raging Bolt|Protect\n|move|p1b: Calyrex|Glacial Lance|p2b: Chien-Pao|[spread] p2b\n|-activate|p2a: Raging Bolt|move: Protect\n|-resisted|p2b: Chien-Pao\n|-damage|p2b: Chien-Pao|63\/100\n|move|p2b: Chien-Pao|Sacred Sword|p1a: Raging Bolt\n|-crit|p1a: Raging Bolt\n|-damage|p1a: Raging Bolt|47\/100\n|\n|upkeep\n|turn|4\n|\n|t:|1737920623\n|move|p2a: Raging Bolt|Thunderclap|p1b: Calyrex\n|-damage|p1b: Calyrex|64\/100\n|-damage|p2a: Raging Bolt|55\/100|[from] item: Life Orb\n|move|p2b: Chien-Pao|Sucker Punch|p1a: Raging Bolt\n|-damage|p1a: Raging Bolt|9\/100\n|move|p1b: Calyrex|Glacial Lance|p2a: Raging Bolt|[spread] p2a,p2b\n|-supereffective|p2a: Raging Bolt\n|-resisted|p2b: Chien-Pao\n|-damage|p2a: Raging Bolt|0 fnt\n|-damage|p2b: Chien-Pao|24\/100\n|faint|p2a: Raging Bolt\n|-end|p2a: Raging Bolt|Protosynthesis|[silent]\n|-ability|p1b: Calyrex|Chilling Neigh|boost\n|-boost|p1b: Calyrex|atk|1\n|move|p1a: Raging Bolt|Thunderbolt|p2b: Chien-Pao\n|-damage|p2b: Chien-Pao|0 fnt\n|faint|p2b: Chien-Pao\n|-damage|p1a: Raging Bolt|0 fnt|[from] item: Life Orb\n|faint|p1a: Raging Bolt\n|-end|p1a: Raging Bolt|Protosynthesis|[silent]\n|\n|upkeep\n|\n|t:|1737920641\n|switch|p2a: Entei|Entei, L50|100\/100\n|switch|p1a: Urshifu|Urshifu-Rapid-Strike, L50, F|58\/100\n|switch|p2b: Groudon|Groudon, L50|100\/100\n|-weather|SunnyDay|[from] ability: Drought|[of] p2b: Groudon\n|turn|5\n|inactive|FebGC2025 has 30 seconds left.\n|inactive|FebGC2025 has 20 seconds left.\n|inactive|FebGC2025 has 15 seconds left.\n|\n|t:|1737920682\n|-terastallize|p2b: Groudon|Fire\n|move|p1a: Urshifu|Detect|p1a: Urshifu\n|-singleturn|p1a: Urshifu|Protect\n|move|p1b: Calyrex|Glacial Lance|p2a: Entei|[spread] p2a,p2b\n|-resisted|p2a: Entei\n|-resisted|p2b: Groudon\n|-damage|p2a: Entei|63\/100\n|-damage|p2b: Groudon|71\/100\n|move|p2b: Groudon|Precipice Blades|p1b: Calyrex|[spread] p1b\n|-activate|p1a: Urshifu|move: Protect\n|-damage|p1b: Calyrex|32\/100\n|move|p2a: Entei|Sacred Fire|p1b: Calyrex\n|-damage|p1b: Calyrex|0 fnt\n|faint|p1b: Calyrex\n|\n|-weather|SunnyDay|[upkeep]\n|upkeep\n|turn|6\n|\n|t:|1737920703\n|move|p2b: Groudon|Precipice Blades|p1a: Urshifu\n|-damage|p1a: Urshifu|0 fnt\n|faint|p1a: Urshifu\n|\n|win|Diestoise\n|raw|FebGC2025's rating: 1603 &rarr; <strong>1590<\/strong><br \/>(-13 for losing)\n|raw|Diestoise's rating: 1723 &rarr; <strong>1736<\/strong><br \/>(+13 for winning)\n|c|\u2606FebGC2025|ggs\n|l| gizzardvgc\n|c|\u2606Diestoise|Gg\n|c|\u2606Diestoise|Thanks\n|l|\u2606Diestoise\n|player|p2|\n","uploadtime":1737920712,"views":33,"formatid":"gen9vgc2025regg","rating":1590,"private":0,"password":null}