{"id":"gen9vgc2025regg-2288322415","format":"[Gen 9] VGC 2025 Reg G","players":["Prometheus756","TonyPajamas16"],"log":"|j|\u2606Prometheus756\n|j|\u2606TonyPajamas16\n|t:|1737861638\n|gametype|doubles\n|player|p1|Prometheus756|gentleman-gen4dp|1650\n|player|p2|TonyPajamas16|ingo|1648\n|teamsize|p1|6\n|teamsize|p2|6\n|gen|9\n|tier|[Gen 9] VGC 2025 Reg G\n|rated|\n|rule|Species Clause: Limit one of each Pok\u00e9mon\n|rule|Item Clause: Limit 1 of each item\n|clearpoke\n|poke|p1|Rayquaza, L50|\n|poke|p1|Rillaboom, L50, M|\n|poke|p1|Chien-Pao, L50|\n|poke|p1|Smeargle, L50, F|\n|poke|p1|Amoonguss, L50, M|\n|poke|p1|Muk-Alola, L50, M|\n|poke|p2|Groudon, L50|\n|poke|p2|Sableye, L50, F|\n|poke|p2|Gouging Fire, L50|\n|poke|p2|Scream Tail, L50|\n|poke|p2|Raging Bolt, L50|\n|poke|p2|Venusaur, L50, F|\n|teampreview|4\nTonyPajamas16 has agreed to open team sheets.\n|j| vgdjfifIFFIGgcu\n|inactive|Battle timer is ON: inactive players will automatically lose when time's up. (requested by Prometheus756)\n|\n|t:|1737861676\n|start\n|switch|p1a: Smeargle|Smeargle, L50, F|100\/100\n|switch|p1b: Muk|Muk-Alola, L50, M|100\/100\n|switch|p2a: Scream Tail|Scream Tail, L50, shiny|100\/100\n|switch|p2b: Sableye|Sableye, L50, F, shiny|100\/100\n|-enditem|p2a: Scream Tail|Booster Energy\n|-activate|p2a: Scream Tail|ability: Protosynthesis|[fromitem]\n|-start|p2a: Scream Tail|protosynthesisspe\n|turn|1\n|\n|t:|1737861691\n|move|p1a: Smeargle|Follow Me|p1a: Smeargle\n|-singleturn|p1a: Smeargle|move: Follow Me\n|move|p2b: Sableye|Gravity|p2b: Sableye\n|-fieldstart|move: Gravity\n|move|p2a: Scream Tail|Sing|p1a: Smeargle\n|-status|p1a: Smeargle|slp|[from] move: Sing\n|move|p1b: Muk|Minimize|p1b: Muk\n|-boost|p1b: Muk|evasion|2\n|\n|-ability|p1a: Smeargle|Moody|boost\n|-boost|p1a: Smeargle|def|2\n|-unboost|p1a: Smeargle|spe|1\n|upkeep\n|turn|2\n|\n|t:|1737861709\n|switch|p1a: Rillaboom|Rillaboom, L50, M|100\/100\n|-fieldstart|move: Grassy Terrain|[from] ability: Grassy Surge|[of] p1a: Rillaboom\n|move|p1b: Muk|Protect|p1b: Muk\n|-singleturn|p1b: Muk|Protect\n|move|p2b: Sableye|Encore||[still]\n|-fail|p2b: Sableye\n|move|p2a: Scream Tail|Sing|p1b: Muk\n|-activate|p1b: Muk|move: Protect\n|\n|upkeep\n|turn|3\n|\n|t:|1737861732\n|move|p1a: Rillaboom|Fake Out|p2a: Scream Tail\n|-damage|p2a: Scream Tail|88\/100\n|move|p2b: Sableye|Encore|p1a: Rillaboom\n|-start|p1a: Rillaboom|Encore\n|cant|p2a: Scream Tail|flinch\n|move|p1b: Muk|Minimize|p1b: Muk\n|-boost|p1b: Muk|evasion|2\n|\n|-heal|p2a: Scream Tail|94\/100|[from] Grassy Terrain\n|upkeep\n|turn|4\n|\n|t:|1737861754\n|switch|p1a: Smeargle|Smeargle, L50, F|100\/100 slp\n|switch|p2b: Groudon|Groudon, L50|100\/100\n|-weather|SunnyDay|[from] ability: Drought|[of] p2b: Groudon\n|move|p1b: Muk|Protect|p1b: Muk\n|-singleturn|p1b: Muk|Protect\n|move|p2a: Scream Tail|Sing|p1b: Muk\n|-activate|p1b: Muk|move: Protect\n|\n|-weather|SunnyDay|[upkeep]\n|-heal|p2a: Scream Tail|99\/100|[from] Grassy Terrain\n|-ability|p1a: Smeargle|Moody|boost\n|-boost|p1a: Smeargle|spa|2\n|-unboost|p1a: Smeargle|spe|1\n|upkeep\n|turn|5\n|inactive|Prometheus756 has 30 seconds left.\n|\n|t:|1737861779\n|-terastallize|p1b: Muk|Grass\n|cant|p1a: Smeargle|slp\n|move|p2a: Scream Tail|Sing|p1b: Muk|[miss]\n|-miss|p2a: Scream Tail|p1b: Muk\n|move|p2b: Groudon|Precipice Blades|p1a: Smeargle|[spread] p1a,p1b\n|-resisted|p1b: Muk\n|-enditem|p1a: Smeargle|Focus Sash\n|-damage|p1a: Smeargle|1\/100 slp\n|-damage|p1b: Muk|78\/100\n|move|p1b: Muk|Minimize|p1b: Muk\n|-boost|p1b: Muk|evasion|2\n|\n|-weather|SunnyDay|[upkeep]\n|-heal|p2a: Scream Tail|100\/100|[from] Grassy Terrain\n|-heal|p1a: Smeargle|7\/100 slp|[from] Grassy Terrain\n|-heal|p1b: Muk|84\/100|[from] Grassy Terrain\n|-heal|p1b: Muk|91\/100|[from] item: Leftovers\n|-fieldend|move: Gravity\n|-ability|p1a: Smeargle|Moody|boost\n|-boost|p1a: Smeargle|spa|2\n|-unboost|p1a: Smeargle|atk|1\n|upkeep\n|turn|6\n|j| TRIPLE RILABOOM\n|inactive|Prometheus756 has 30 seconds left.\n|\n|t:|1737861809\n|move|p1b: Muk|Protect|p1b: Muk\n|-singleturn|p1b: Muk|Protect\n|move|p2a: Scream Tail|Crunch|p1a: Smeargle\n|-damage|p1a: Smeargle|0 fnt\n|faint|p1a: Smeargle\n|-ability|p1b: Muk|Moody|[from] ability: Power of Alchemy|[of] p1a: Smeargle\n|move|p2b: Groudon|Fire Punch|p1b: Muk\n|-activate|p1b: Muk|move: Protect\n|\n|-weather|SunnyDay|[upkeep]\n|-heal|p1b: Muk|97\/100|[from] Grassy Terrain\n|-heal|p1b: Muk|100\/100|[from] item: Leftovers\n|-fieldend|move: Grassy Terrain\n|-ability|p1b: Muk|Moody|boost\n|-boost|p1b: Muk|spe|2\n|-unboost|p1b: Muk|def|1\n|upkeep\n|\n|t:|1737861824\n|switch|p1a: Rillaboom|Rillaboom, L50, M|100\/100\n|-fieldstart|move: Grassy Terrain|[from] ability: Grassy Surge|[of] p1a: Rillaboom\n|turn|7\n|\n|t:|1737861838\n|-end|p2a: Scream Tail|Protosynthesis|[silent]\n|switch|p2a: Sableye|Sableye, L50, F, shiny|100\/100\n|-terastallize|p2b: Groudon|Fire\n|move|p1a: Rillaboom|Fake Out|p2a: Sableye\n|-immune|p2a: Sableye\n|move|p1b: Muk|Toxic|p2a: Sableye|[miss]\n|-miss|p1b: Muk|p2a: Sableye\n|move|p2b: Groudon|Fire Punch|p1b: Muk\n|-supereffective|p1b: Muk\n|-damage|p1b: Muk|0 fnt\n|faint|p1b: Muk\n|\n|-weather|SunnyDay|[upkeep]\n|upkeep\n|\n|t:|1737861842\n|switch|p1b: Rayquaza|Rayquaza, L50|100\/100\n|-ability|p1b: Rayquaza|Air Lock\n|turn|8\n|\n|t:|1737861861\n|switch|p2b: Scream Tail|Scream Tail, L50, shiny|100\/100\n|move|p2a: Sableye|Encore|p1a: Rillaboom\n|-start|p1a: Rillaboom|Encore\n|move|p1b: Rayquaza|Swords Dance|p1b: Rayquaza\n|-boost|p1b: Rayquaza|atk|2\n|move|p1a: Rillaboom|Fake Out||[still]\n|-hint|Fake Out only works on your first turn out.\n|-fail|p1a: Rillaboom\n|\n|-weather|none\n|upkeep\n|turn|9\n|\n|t:|1737861883\n|move|p1a: Rillaboom|Fake Out||[still]\n|-hint|Fake Out only works on your first turn out.\n|-fail|p1a: Rillaboom\n|move|p1b: Rayquaza|Extreme Speed|p2b: Scream Tail\n|-damage|p2b: Scream Tail|41\/100\n|move|p2b: Scream Tail|Play Rough|p1b: Rayquaza\n|-supereffective|p1b: Rayquaza\n|-damage|p1b: Rayquaza|50\/100\n|move|p2a: Sableye|Foul Play|p1b: Rayquaza\n|-damage|p1b: Rayquaza|0 fnt\n|faint|p1b: Rayquaza\n|\n|-heal|p2b: Scream Tail|47\/100|[from] Grassy Terrain\n|upkeep\n|turn|10\n|-message|Prometheus756 forfeited.\n|\n|win|TonyPajamas16\n|raw|Prometheus756's rating: 1650 &rarr; <strong>1630<\/strong><br \/>(-20 for losing)\n|raw|TonyPajamas16's rating: 1648 &rarr; <strong>1668<\/strong><br \/>(+20 for winning)\n|l|\u2606Prometheus756\n|player|p1|\n|l|\u2606TonyPajamas16\n|player|p2|\n","uploadtime":1737862077,"views":27,"formatid":"gen9vgc2025regg","rating":1630,"private":0,"password":null}