{"id":"gen9vgc2025regg-2288819055","format":"[Gen 9] VGC 2025 Reg G","players":["Notmarcosilva","SeaWolfMikess"],"log":"|j|\u203dNotmarcosilva\n|j|\u2606SeaWolfMikess\n|t:|1737935098\n|gametype|doubles\n|player|p1|Notmarcosilva|beauty-gen5bw2|1614\n|player|p2|SeaWolfMikess|hugh|1685\n|teamsize|p1|6\n|teamsize|p2|6\n|gen|9\n|tier|[Gen 9] VGC 2025 Reg G\n|rated|\n|rule|Species Clause: Limit one of each Pok\u00e9mon\n|rule|Item Clause: Limit 1 of each item\n|clearpoke\n|poke|p1|Terapagos, L50, M|\n|poke|p1|Flutter Mane, L50|\n|poke|p1|Tornadus, L50, M|\n|poke|p1|Incineroar, L50, F|\n|poke|p1|Rillaboom, L50, F|\n|poke|p1|Walking Wake, L50|\n|poke|p2|Calyrex-Ice, L50|\n|poke|p2|Urshifu-*, L50, M|\n|poke|p2|Ogerpon-Cornerstone, L50, F|\n|poke|p2|Rillaboom, L50, M|\n|poke|p2|Raging Bolt, L50|\n|poke|p2|Chi-Yu, L50|\n|teampreview|4\n|inactive|Battle timer is ON: inactive players will automatically lose when time's up. (requested by Notmarcosilva)\n|c|\u2606SeaWolfMikess|so is this marcofiero or not marcofiero\n|c|\u2606SeaWolfMikess|50\/50\n|inactive|SeaWolfMikess has 60 seconds left.\n|\n|t:|1737935136\n|start\n|switch|p1a: Incineroar|Incineroar, L50, F|100\/100\n|switch|p1b: Terapagos|Terapagos, L50, M|100\/100\n|switch|p2a: Calyrex|Calyrex-Ice, L50|100\/100\n|switch|p2b: Ogerpon|Ogerpon-Cornerstone, L50, F|100\/100\n|-activate|p1b: Terapagos|ability: Tera Shift\n|detailschange|p1b: Terapagos|Terapagos-Terastal, L50, M\n|-heal|p1b: Terapagos|100\/100|[silent]\n|-ability|p2a: Calyrex|As One\n|-ability|p2a: Calyrex|Unnerve\n|-ability|p1a: Incineroar|Intimidate|boost\n|-fail|p2a: Calyrex|unboost|[from] item: Clear Amulet|[of] p2a: Calyrex\n|-unboost|p2b: Ogerpon|atk|1\n|turn|1\n|\n|t:|1737935147\n|switch|p2a: Urshifu|Urshifu-Rapid-Strike, L50, M|100\/100\n|move|p1a: Incineroar|Fake Out|p2b: Ogerpon\n|-resisted|p2b: Ogerpon\n|-damage|p2b: Ogerpon|94\/100\n|cant|p2b: Ogerpon|flinch\n|move|p1b: Terapagos|Meteor Beam||[still]\n|-prepare|p1b: Terapagos|Meteor Beam\n|-boost|p1b: Terapagos|spa|1\n|-enditem|p1b: Terapagos|Power Herb\n|-anim|p1b: Terapagos|Meteor Beam|p2a: Urshifu\n|-resisted|p2a: Urshifu\n|-damage|p2a: Urshifu|62\/100\n|\n|upkeep\n|turn|2\n|inactive|Notmarcosilva has 30 seconds left.\n|\n|t:|1737935181\n|move|p2b: Ogerpon|Spiky Shield|p2b: Ogerpon\n|-singleturn|p2b: Ogerpon|move: Protect\n|move|p2a: Urshifu|Detect|p2a: Urshifu\n|-singleturn|p2a: Urshifu|Protect\n|move|p1b: Terapagos|Protect|p1b: Terapagos\n|-singleturn|p1b: Terapagos|Protect\n|move|p1a: Incineroar|Parting Shot|p2a: Urshifu\n|-activate|p2a: Urshifu|move: Protect\n|\n|upkeep\n|turn|3\n|inactive|Notmarcosilva has 30 seconds left.\n|inactive|Notmarcosilva has 20 seconds left.\n|\n|t:|1737935220\n|switch|p1b: Walking Wake|Walking Wake, L50|100\/100\n|-terastallize|p2a: Urshifu|Stellar\n|move|p2b: Ogerpon|Ivy Cudgel|p1b: Walking Wake|[anim] Ivy Cudgel Rock\n|-damage|p1b: Walking Wake|57\/100\n|move|p2a: Urshifu|Close Combat|p1b: Walking Wake\n|-damage|p1b: Walking Wake|0 fnt\n|-unboost|p2a: Urshifu|def|1\n|-unboost|p2a: Urshifu|spd|1\n|faint|p1b: Walking Wake\n|-end|p1b: Walking Wake|Protosynthesis|[silent]\n|move|p1a: Incineroar|Parting Shot|p2a: Urshifu\n|-unboost|p2a: Urshifu|atk|1\n|-unboost|p2a: Urshifu|spa|1\n|\n|t:|1737935236\n|switch|p1a: Terapagos|Terapagos-Terastal, L50, M|100\/100|[from] Parting Shot\n|\n|upkeep\n|\n|t:|1737935244\n|switch|p1b: Incineroar|Incineroar, L50, F|100\/100\n|-ability|p1b: Incineroar|Intimidate|boost\n|-unboost|p2a: Urshifu|atk|1\n|-unboost|p2b: Ogerpon|atk|1\n|turn|4\n|inactive|Notmarcosilva has 30 seconds left.\n|inactive|Notmarcosilva has 20 seconds left.\n|inactive|Notmarcosilva has 15 seconds left.\n|inactive|Notmarcosilva has 10 seconds left.\n|\n|t:|1737935290\n|-terastallize|p1a: Terapagos|Stellar\n|detailschange|p1a: Terapagos|Terapagos-Stellar, L50, M, tera:Stellar\n|-heal|p1a: Terapagos|100\/100|[silent]\n|move|p2a: Urshifu|Detect|p2a: Urshifu\n|-singleturn|p2a: Urshifu|Protect\n|move|p1b: Incineroar|Fake Out|p2a: Urshifu\n|-activate|p2a: Urshifu|move: Protect\n|move|p2b: Ogerpon|Ivy Cudgel|p1a: Terapagos|[anim] Ivy Cudgel Rock\n|-damage|p1a: Terapagos|83\/100\n|move|p1a: Terapagos|Tera Starstorm|p2b: Ogerpon|[spread] p2b\n|-activate|p2a: Urshifu|move: Protect\n|-damage|p2b: Ogerpon|50\/100\n|\n|upkeep\n|turn|5\n|inactive|Notmarcosilva has 30 seconds left.\n|\n|t:|1737935317\n|switch|p1a: Rillaboom|Rillaboom, L50, F|100\/100\n|-fieldstart|move: Grassy Terrain|[from] ability: Grassy Surge|[of] p1a: Rillaboom\n|move|p2b: Ogerpon|Ivy Cudgel|p1a: Rillaboom|[anim] Ivy Cudgel Rock\n|-damage|p1a: Rillaboom|72\/100\n|move|p2a: Urshifu|Surging Strikes|p1b: Incineroar\n|-supereffective|p1b: Incineroar\n|-crit|p1b: Incineroar\n|-damage|p1b: Incineroar|55\/100\n|-damage|p2a: Urshifu|45\/100|[from] item: Rocky Helmet|[of] p1b: Incineroar\n|-supereffective|p1b: Incineroar\n|-crit|p1b: Incineroar\n|-damage|p1b: Incineroar|7\/100\n|-damage|p2a: Urshifu|29\/100|[from] item: Rocky Helmet|[of] p1b: Incineroar\n|-supereffective|p1b: Incineroar\n|-crit|p1b: Incineroar\n|-damage|p1b: Incineroar|0 fnt\n|-damage|p2a: Urshifu|12\/100|[from] item: Rocky Helmet|[of] p1b: Incineroar\n|faint|p1b: Incineroar\n|-hitcount|p1: Incineroar|3\n|\n|-heal|p2b: Ogerpon|56\/100|[from] Grassy Terrain\n|-heal|p2a: Urshifu|18\/100|[from] Grassy Terrain\n|-heal|p1a: Rillaboom|78\/100|[from] Grassy Terrain\n|upkeep\n|\n|t:|1737935338\n|switch|p1b: Terapagos|Terapagos-Stellar, L50, M, tera:Stellar|83\/100\n|turn|6\n|\n|t:|1737935349\n|move|p1a: Rillaboom|Fake Out|p2b: Ogerpon\n|-resisted|p2b: Ogerpon\n|-damage|p2b: Ogerpon|48\/100\n|cant|p2b: Ogerpon|flinch\n|move|p2a: Urshifu|Surging Strikes|p1b: Terapagos\n|-crit|p1b: Terapagos\n|-damage|p1b: Terapagos|70\/100\n|-crit|p1b: Terapagos\n|-damage|p1b: Terapagos|55\/100\n|-crit|p1b: Terapagos\n|-damage|p1b: Terapagos|40\/100\n|-hitcount|p1b: Terapagos|3\n|move|p1b: Terapagos|Tera Starstorm|p2b: Ogerpon|[spread] p2a,p2b\n|-supereffective|p2a: Urshifu\n|-damage|p2a: Urshifu|0 fnt\n|-damage|p2b: Ogerpon|1\/100\n|faint|p2a: Urshifu\n|\n|-heal|p2b: Ogerpon|7\/100|[from] Grassy Terrain\n|-heal|p1b: Terapagos|46\/100|[from] Grassy Terrain\n|-heal|p1a: Rillaboom|85\/100|[from] Grassy Terrain\n|upkeep\n|\n|t:|1737935367\n|switch|p2a: Chi-Yu|Chi-Yu, L50|100\/100\n|-ability|p2a: Chi-Yu|Beads of Ruin\n|turn|7\n|\n|t:|1737935380\n|move|p2b: Ogerpon|Follow Me|p2b: Ogerpon\n|-singleturn|p2b: Ogerpon|move: Follow Me\n|move|p2a: Chi-Yu|Dark Pulse|p1b: Terapagos\n|-damage|p1b: Terapagos|6\/100\n|move|p1b: Terapagos|Tera Starstorm|p2a: Chi-Yu|[spread] p2a,p2b\n|-damage|p2a: Chi-Yu|53\/100\n|-damage|p2b: Ogerpon|0 fnt\n|faint|p2b: Ogerpon\n|move|p1a: Rillaboom|U-turn|p2a: Chi-Yu\n|-damage|p2a: Chi-Yu|17\/100\n|\n|-heal|p2a: Chi-Yu|24\/100|[from] Grassy Terrain\n|-heal|p1b: Terapagos|12\/100|[from] Grassy Terrain\n|-heal|p1a: Rillaboom|91\/100|[from] Grassy Terrain\n|upkeep\n|\n|t:|1737935385\n|switch|p2b: Calyrex|Calyrex-Ice, L50|100\/100\n|-ability|p2b: Calyrex|As One\n|-ability|p2b: Calyrex|Unnerve\n|turn|8\n|\n|t:|1737935392\n|move|p1a: Rillaboom|Grassy Glide|p2a: Chi-Yu\n|-resisted|p2a: Chi-Yu\n|-damage|p2a: Chi-Yu|0 fnt\n|faint|p2a: Chi-Yu\n|move|p1b: Terapagos|Tera Starstorm|p2b: Calyrex\n|-damage|p2b: Calyrex|68\/100\n|move|p2b: Calyrex|Glacial Lance|p1b: Terapagos|[spread] p1a,p1b\n|-supereffective|p1a: Rillaboom\n|-damage|p1a: Rillaboom|0 fnt\n|-damage|p1b: Terapagos|0 fnt\n|faint|p1a: Rillaboom\n|faint|p1b: Terapagos\n|\n|win|SeaWolfMikess\n|raw|Notmarcosilva's rating: 1594 &rarr; <strong>1579<\/strong><br \/>(-15 for losing)\n|raw|SeaWolfMikess's rating: 1685 &rarr; <strong>1700<\/strong><br \/>(+15 for winning)\n|l|\u2606SeaWolfMikess\n|player|p2|\n","uploadtime":1737935661,"views":25,"formatid":"gen9vgc2025regg","rating":1579,"private":0,"password":null}