{"id":"gen9vgc2025regg-2288932959","format":"[Gen 9] VGC 2025 Reg G","players":["Michael Glick","Dearp"],"log":"|j|\u2606Michael Glick\n|j|\u2606Dearp\n|t:|1737949949\n|gametype|doubles\n|player|p1|Michael Glick|birdkeeper|1657\n|player|p2|Dearp|battlegirl|1557\n|teamsize|p1|6\n|teamsize|p2|6\n|gen|9\n|tier|[Gen 9] VGC 2025 Reg G\n|rated|\n|rule|Species Clause: Limit one of each Pok\u00e9mon\n|rule|Item Clause: Limit 1 of each item\n|clearpoke\n|poke|p1|Terapagos, L50, M|\n|poke|p1|Tinkaton, L50, F|\n|poke|p1|Basculegion, L50, M|\n|poke|p1|Amoonguss, L50, M|\n|poke|p1|Pelipper, L50, M|\n|poke|p1|Landorus, L50, M|\n|poke|p2|Torkoal, L50, M|\n|poke|p2|Ogerpon-Wellspring, L50, F|\n|poke|p2|Ting-Lu, L50|\n|poke|p2|Calyrex-Ice, L50|\n|poke|p2|Indeedee-F, L50, F|\n|poke|p2|Gallade, L50, M|\n|teampreview|4\n|inactive|Battle timer is ON: inactive players will automatically lose when time's up. (requested by Michael Glick)\n|j| UI Rain\n|inactive|Michael Glick has 60 seconds left.\n|inactive|Dearp has 60 seconds left.\n|\n|t:|1737950005\n|start\n|switch|p1a: Terapagos|Terapagos, L50, M|100\/100\n|switch|p1b: Landorus|Landorus, L50, M|100\/100\n|switch|p2a: Calyrex|Calyrex-Ice, L50|100\/100\n|switch|p2b: Ogerpon|Ogerpon-Wellspring, L50, F|100\/100\n|-activate|p1a: Terapagos|ability: Tera Shift\n|detailschange|p1a: Terapagos|Terapagos-Terastal, L50, M\n|-heal|p1a: Terapagos|100\/100|[silent]\n|-ability|p2a: Calyrex|As One\n|-ability|p2a: Calyrex|Unnerve\n|turn|1\n|\n|t:|1737950026\n|switch|p2b: Ting-Lu|Ting-Lu, L50|100\/100\n|-ability|p2b: Ting-Lu|Vessel of Ruin\n|move|p1b: Landorus|Sludge Bomb|p2b: Ting-Lu\n|-resisted|p2b: Ting-Lu\n|-damage|p2b: Ting-Lu|93\/100\n|move|p1a: Terapagos|Substitute|p1a: Terapagos\n|-start|p1a: Terapagos|Substitute\n|-damage|p1a: Terapagos|75\/100\n|move|p2a: Calyrex|Trick Room|p2a: Calyrex\n|-fieldstart|move: Trick Room|[of] p2a: Calyrex\n|\n|-heal|p1a: Terapagos|82\/100|[from] item: Leftovers\n|upkeep\n|turn|2\n|\n|t:|1737950047\n|switch|p1b: Basculegion|Basculegion, L50, M|100\/100\n|move|p2b: Ting-Lu|Stomping Tantrum|p1a: Terapagos\n|-end|p1a: Terapagos|Substitute\n|move|p2a: Calyrex|Glacial Lance|p1b: Basculegion|[spread] p1a,p1b\n|-resisted|p1b: Basculegion\n|-damage|p1a: Terapagos|46\/100\n|-damage|p1b: Basculegion|66\/100\n|move|p1a: Terapagos|Calm Mind|p1a: Terapagos\n|-boost|p1a: Terapagos|spa|1\n|-boost|p1a: Terapagos|spd|1\n|\n|-heal|p1a: Terapagos|52\/100|[from] item: Leftovers\n|upkeep\n|turn|3\n|\n|t:|1737950062\n|move|p1a: Terapagos|Protect|p1a: Terapagos\n|-singleturn|p1a: Terapagos|Protect\n|move|p1b: Basculegion|Protect|p1b: Basculegion\n|-singleturn|p1b: Basculegion|Protect\n|move|p2b: Ting-Lu|Stomping Tantrum|p1b: Basculegion\n|-activate|p1b: Basculegion|move: Protect\n|move|p2a: Calyrex|Glacial Lance|p1b: Basculegion|[spread] \n|-activate|p1a: Terapagos|move: Protect\n|-activate|p1b: Basculegion|move: Protect\n|\n|-heal|p1a: Terapagos|58\/100|[from] item: Leftovers\n|upkeep\n|turn|4\n|\n|t:|1737950086\n|switch|p1b: Pelipper|Pelipper, L50, M|100\/100\n|-weather|RainDance|[from] ability: Drizzle|[of] p1b: Pelipper\n|-terastallize|p1a: Terapagos|Stellar\n|detailschange|p1a: Terapagos|Terapagos-Stellar, L50, M, tera:Stellar\n|-heal|p1a: Terapagos|69\/100|[silent]\n|-ability|p1a: Terapagos|Teraform Zero\n|-weather|none\n|move|p2b: Ting-Lu|Stomping Tantrum|p1a: Terapagos\n|-damage|p1a: Terapagos|50\/100\n|move|p2a: Calyrex|Glacial Lance|p1a: Terapagos|[spread] p1a,p1b\n|-damage|p1a: Terapagos|23\/100\n|-damage|p1b: Pelipper|34\/100\n|move|p1a: Terapagos|Tera Starstorm|p2a: Calyrex|[spread] p2a,p2b\n|-damage|p2a: Calyrex|77\/100\n|-damage|p2b: Ting-Lu|72\/100\n|\n|-heal|p1a: Terapagos|29\/100|[from] item: Leftovers\n|upkeep\n|turn|5\n|inactive|Dearp has 30 seconds left.\n|inactive|Dearp has 20 seconds left.\n|\n|t:|1737950126\n|switch|p2a: Ogerpon|Ogerpon-Wellspring, L50, F|100\/100\n|move|p1b: Pelipper|Wide Guard|p1b: Pelipper\n|-singleturn|p1b: Pelipper|Wide Guard\n|move|p2b: Ting-Lu|Stomping Tantrum|p1a: Terapagos\n|-damage|p1a: Terapagos|11\/100\n|move|p1a: Terapagos|Calm Mind|p1a: Terapagos\n|-boost|p1a: Terapagos|spa|1\n|-boost|p1a: Terapagos|spd|1\n|\n|-heal|p1a: Terapagos|17\/100|[from] item: Leftovers\n|-fieldend|move: Trick Room\n|upkeep\n|turn|6\n|\n|t:|1737950148\n|switch|p1b: Landorus|Landorus, L50, M|100\/100\n|move|p1a: Terapagos|Protect|p1a: Terapagos\n|-singleturn|p1a: Terapagos|Protect\n|move|p2a: Ogerpon|Ivy Cudgel|p1a: Terapagos|[anim] Ivy Cudgel Water\n|-activate|p1a: Terapagos|move: Protect\n|move|p2b: Ting-Lu|Ruination|p1b: Landorus\n|-damage|p1b: Landorus|51\/100\n|\n|-heal|p1a: Terapagos|23\/100|[from] item: Leftovers\n|upkeep\n|turn|7\n|\n|t:|1737950164\n|-terastallize|p2a: Ogerpon|Water\n|detailschange|p2a: Ogerpon|Ogerpon-Wellspring-Tera, L50, F, tera:Water\n|-ability|p2a: Ogerpon|Embody Aspect (Wellspring)|boost\n|-boost|p2a: Ogerpon|spd|1\n|move|p1b: Landorus|Sludge Bomb|p2a: Ogerpon\n|-damage|p2a: Ogerpon|83\/100\n|move|p2a: Ogerpon|Ivy Cudgel|p1a: Terapagos|[anim] Ivy Cudgel Water\n|-damage|p1a: Terapagos|0 fnt\n|faint|p1a: Terapagos\n|move|p2b: Ting-Lu|Heavy Slam|p1b: Landorus\n|-damage|p1b: Landorus|1\/100\n|\n|upkeep\n|j| Gucci Oven Mitts\n|\n|t:|1737950172\n|switch|p1a: Basculegion|Basculegion, L50, M|66\/100\n|turn|8\n|\n|t:|1737950183\n|move|p1a: Basculegion|Protect|p1a: Basculegion\n|-singleturn|p1a: Basculegion|Protect\n|move|p1b: Landorus|Sludge Bomb|p2a: Ogerpon\n|-damage|p2a: Ogerpon|66\/100\n|move|p2a: Ogerpon|Wood Hammer|p1a: Basculegion\n|-activate|p1a: Basculegion|move: Protect\n|move|p2b: Ting-Lu|Stomping Tantrum|p1a: Basculegion\n|-activate|p1a: Basculegion|move: Protect\n|\n|upkeep\n|turn|9\n|\n|t:|1737950199\n|switch|p1b: Pelipper|Pelipper, L50, M|34\/100\n|-weather|RainDance|[from] ability: Drizzle|[of] p1b: Pelipper\n|move|p1a: Basculegion|Last Respects|p2a: Ogerpon\n|-damage|p2a: Ogerpon|0 fnt\n|faint|p2a: Ogerpon\n|-damage|p1a: Basculegion|57\/100|[from] item: Life Orb\n|move|p2b: Ting-Lu|Heavy Slam|p1b: Pelipper\n|-resisted|p1b: Pelipper\n|-damage|p1b: Pelipper|9\/100\n|\n|-weather|RainDance|[upkeep]\n|upkeep\n|\n|t:|1737950213\n|switch|p2a: Torkoal|Torkoal, L50, M|100\/100\n|-weather|SunnyDay|[from] ability: Drought|[of] p2a: Torkoal\n|turn|10\n|l| Gucci Oven Mitts\n|\n|t:|1737950227\n|switch|p1b: Landorus|Landorus, L50, M|1\/100\n|switch|p2a: Calyrex|Calyrex-Ice, L50|77\/100\n|-ability|p2a: Calyrex|As One\n|-ability|p2a: Calyrex|Unnerve\n|move|p1a: Basculegion|Protect|p1a: Basculegion\n|-singleturn|p1a: Basculegion|Protect\n|move|p2b: Ting-Lu|Stomping Tantrum|p1a: Basculegion\n|-activate|p1a: Basculegion|move: Protect\n|\n|-weather|SunnyDay|[upkeep]\n|upkeep\n|turn|11\n|j| Gucci Oven Mitts\n|\n|t:|1737950242\n|switch|p2a: Torkoal|Torkoal, L50, M|100\/100\n|move|p1b: Landorus|Earth Power|p2b: Ting-Lu\n|-damage|p2b: Ting-Lu|50\/100\n|move|p1a: Basculegion|Last Respects|p2a: Torkoal\n|-damage|p2a: Torkoal|43\/100\n|-damage|p1a: Basculegion|47\/100|[from] item: Life Orb\n|move|p2b: Ting-Lu|Stomping Tantrum|p1a: Basculegion\n|-damage|p1a: Basculegion|2\/100\n|\n|-weather|SunnyDay|[upkeep]\n|upkeep\n|turn|12\n|-message|Dearp forfeited.\n|\n|win|Michael Glick\n|raw|Michael Glick's rating: 1657 &rarr; <strong>1671<\/strong><br \/>(+14 for winning)\n|raw|Dearp's rating: 1557 &rarr; <strong>1543<\/strong><br \/>(-14 for losing)\n|l|\u2606Dearp\n|player|p2|\n|l|\u2606Michael Glick\n|player|p1|\n|l| Gucci Oven Mitts\n","uploadtime":1737950445,"views":6,"formatid":"gen9vgc2025regg","rating":1543,"private":0,"password":null}