{"id":"gen9vgc2025regg-2288117986","format":"[Gen 9] VGC 2025 Reg G","players":["Prometheus756","Angelo Neres"],"log":"|j|\u2606Prometheus756\n|j|\u2606Angelo Neres\n|t:|1737835227\n|gametype|doubles\n|player|p1|Prometheus756|gentleman-gen4dp|1575\n|player|p2|Angelo Neres|102|1590\n|teamsize|p1|6\n|teamsize|p2|6\n|gen|9\n|tier|[Gen 9] VGC 2025 Reg G\n|rated|\n|rule|Species Clause: Limit one of each Pok\u00e9mon\n|rule|Item Clause: Limit 1 of each item\n|clearpoke\n|poke|p1|Rayquaza, L50|\n|poke|p1|Arcanine, L50, M|\n|poke|p1|Rillaboom, L50, F|\n|poke|p1|Chien-Pao, L50|\n|poke|p1|Smeargle, L50, F|\n|poke|p1|Moltres-Galar, L50|\n|poke|p2|Groudon, L50|\n|poke|p2|Moltres-Galar, L50|\n|poke|p2|Scream Tail, L50|\n|poke|p2|Grimmsnarl, L50, M|\n|poke|p2|Cobalion, L50|\n|poke|p2|Amoonguss, L50, M|\n|teampreview|4\n|inactive|Battle timer is ON: inactive players will automatically lose when time's up. (requested by Angelo Neres)\n|\n|t:|1737835267\n|start\n|switch|p1a: Rayquaza|Rayquaza, L50|100\/100\n|switch|p1b: Smeargle|Smeargle, L50, F|100\/100\n|switch|p2a: Scream Tail|Scream Tail, L50, shiny|100\/100\n|switch|p2b: Grimmsnarl|Grimmsnarl, L50, M, shiny|100\/100\n|-ability|p1a: Rayquaza|Air Lock\n|turn|1\n|\n|t:|1737835288\n|-terastallize|p2a: Scream Tail|Grass\n|move|p1b: Smeargle|Fake Out|p2a: Scream Tail\n|-damage|p2a: Scream Tail|97\/100\n|move|p2b: Grimmsnarl|Parting Shot|p1a: Rayquaza\n|-fail|p1a: Rayquaza|unboost|[from] item: Clear Amulet|[of] p1a: Rayquaza\n|cant|p2a: Scream Tail|flinch\n|move|p1a: Rayquaza|Swords Dance|p1a: Rayquaza\n|-boost|p1a: Rayquaza|atk|2\n|\n|-ability|p1b: Smeargle|Moody|boost\n|-boost|p1b: Smeargle|spe|2\n|-unboost|p1b: Smeargle|atk|1\n|upkeep\n|turn|2\n|inactive|Angelo Neres has 30 seconds left.\n|inactive|Angelo Neres has 20 seconds left.\n|\n|t:|1737835331\n|-terastallize|p1a: Rayquaza|Normal\n|move|p1a: Rayquaza|Extreme Speed|p2a: Scream Tail\n|-damage|p2a: Scream Tail|18\/100\n|move|p2b: Grimmsnarl|Parting Shot|p1b: Smeargle\n|-unboost|p1b: Smeargle|atk|1\n|-unboost|p1b: Smeargle|spa|1\n|\n|t:|1737835340\n|switch|p2b: Cobalion|Cobalion, L50, shiny|100\/100|[from] Parting Shot\n|move|p1b: Smeargle|Spore|p2b: Cobalion\n|-activate|p2b: Cobalion|item: Safety Goggles|Spore\n|move|p2a: Scream Tail|Disable|p1a: Rayquaza\n|-start|p1a: Rayquaza|Disable|Extreme Speed\n|\n|-ability|p1b: Smeargle|Moody|boost\n|-boost|p1b: Smeargle|def|2\n|-unboost|p1b: Smeargle|spa|1\n|upkeep\n|turn|3\n|\n|t:|1737835359\n|move|p1b: Smeargle|Follow Me|p1b: Smeargle\n|-singleturn|p1b: Smeargle|move: Follow Me\n|move|p2a: Scream Tail|Encore|p1b: Smeargle\n|-start|p1b: Smeargle|Encore\n|move|p1a: Rayquaza|Dragon Ascent|p2a: Scream Tail\n|-supereffective|p2a: Scream Tail\n|-damage|p2a: Scream Tail|0 fnt\n|-unboost|p1a: Rayquaza|def|1\n|-unboost|p1a: Rayquaza|spd|1\n|faint|p2a: Scream Tail\n|-end|p2a: Scream Tail|Protosynthesis|[silent]\n|move|p2b: Cobalion|Iron Defense|p2b: Cobalion\n|-boost|p2b: Cobalion|def|2\n|\n|-ability|p1b: Smeargle|Moody|boost\n|-boost|p1b: Smeargle|atk|2\n|-unboost|p1b: Smeargle|def|1\n|upkeep\n|\n|t:|1737835371\n|switch|p2a: Groudon|Groudon, L50, shiny|100\/100\n|-weather|SunnyDay|[from] ability: Drought|[of] p2a: Groudon\n|turn|4\n|\n|t:|1737835380\n|move|p1b: Smeargle|Follow Me|p1b: Smeargle\n|-singleturn|p1b: Smeargle|move: Follow Me\n|move|p1a: Rayquaza|Dragon Ascent|p2a: Groudon\n|-damage|p2a: Groudon|0 fnt\n|-unboost|p1a: Rayquaza|def|1\n|-unboost|p1a: Rayquaza|spd|1\n|faint|p2a: Groudon\n|move|p2b: Cobalion|Stealth Rock|p1a: Rayquaza\n|-sidestart|p1: Prometheus756|move: Stealth Rock\n|\n|-weather|SunnyDay|[upkeep]\n|-ability|p1b: Smeargle|Moody|boost\n|-boost|p1b: Smeargle|spe|2\n|-unboost|p1b: Smeargle|def|1\n|upkeep\n|\n|t:|1737835390\n|switch|p2a: Grimmsnarl|Grimmsnarl, L50, M, shiny|100\/100\n|turn|5\n|\n|t:|1737835400\n|move|p1b: Smeargle|Follow Me|p1b: Smeargle\n|-singleturn|p1b: Smeargle|move: Follow Me\n|move|p2a: Grimmsnarl|Reflect|p2a: Grimmsnarl\n|-sidestart|p2: Angelo Neres|Reflect\n|move|p1a: Rayquaza|Dragon Ascent|p2a: Grimmsnarl\n|-damage|p2a: Grimmsnarl|2\/100\n|-unboost|p1a: Rayquaza|def|1\n|-unboost|p1a: Rayquaza|spd|1\n|move|p2b: Cobalion|Iron Defense|p2b: Cobalion\n|-boost|p2b: Cobalion|def|2\n|\n|-weather|SunnyDay|[upkeep]\n|-ability|p1b: Smeargle|Moody|boost\n|-boost|p1b: Smeargle|spe|2\n|-unboost|p1b: Smeargle|def|1\n|upkeep\n|turn|6\n|\n|t:|1737835420\n|move|p1b: Smeargle|Follow Me|p1b: Smeargle\n|-singleturn|p1b: Smeargle|move: Follow Me\n|move|p1a: Rayquaza|Dragon Ascent|p2a: Grimmsnarl\n|-damage|p2a: Grimmsnarl|0 fnt\n|-unboost|p1a: Rayquaza|def|1\n|-unboost|p1a: Rayquaza|spd|1\n|faint|p2a: Grimmsnarl\n|move|p2b: Cobalion|Body Press|p1b: Smeargle\n|-supereffective|p1b: Smeargle\n|-enditem|p1b: Smeargle|Focus Sash\n|-damage|p1b: Smeargle|1\/100\n|\n|-weather|SunnyDay|[upkeep]\n|-end|p1b: Smeargle|Encore\n|-end|p1a: Rayquaza|Disable\n|-ability|p1b: Smeargle|Moody|boost\n|-boost|p1b: Smeargle|spa|2\n|-unboost|p1b: Smeargle|atk|1\n|upkeep\n|turn|7\n|\n|t:|1737835445\n|move|p1b: Smeargle|Follow Me|p1b: Smeargle\n|-singleturn|p1b: Smeargle|move: Follow Me\n|move|p1a: Rayquaza|Swords Dance|p1a: Rayquaza\n|-boost|p1a: Rayquaza|atk|2\n|move|p2b: Cobalion|Body Press|p1b: Smeargle\n|-supereffective|p1b: Smeargle\n|-damage|p1b: Smeargle|0 fnt\n|faint|p1b: Smeargle\n|\n|-weather|SunnyDay|[upkeep]\n|upkeep\n|\n|t:|1737835462\n|switch|p1b: Rillaboom|Rillaboom, L50, F|100\/100\n|-damage|p1b: Rillaboom|88\/100|[from] Stealth Rock\n|-fieldstart|move: Grassy Terrain|[from] ability: Grassy Surge|[of] p1b: Rillaboom\n|turn|8\n|\n|t:|1737835472\n|move|p2b: Cobalion|Protect|p2b: Cobalion\n|-singleturn|p2b: Cobalion|Protect\n|move|p1b: Rillaboom|Fake Out|p2b: Cobalion\n|-activate|p2b: Cobalion|move: Protect\n|move|p1a: Rayquaza|Swords Dance|p1a: Rayquaza\n|-boost|p1a: Rayquaza|atk|2\n|\n|-weather|none\n|-heal|p1b: Rillaboom|94\/100|[from] Grassy Terrain\n|upkeep\n|turn|9\n|\n|t:|1737835488\n|switch|p1b: Chien-Pao|Chien-Pao, L50|100\/100\n|-damage|p1b: Chien-Pao|76\/100|[from] Stealth Rock\n|-ability|p1b: Chien-Pao|Sword of Ruin\n|move|p1a: Rayquaza|Dragon Ascent|p2b: Cobalion\n|-damage|p2b: Cobalion|48\/100\n|-unboost|p1a: Rayquaza|def|1\n|-unboost|p1a: Rayquaza|spd|1\n|move|p2b: Cobalion|Body Press|p1a: Rayquaza\n|-supereffective|p1a: Rayquaza\n|-damage|p1a: Rayquaza|0 fnt\n|faint|p1a: Rayquaza\n|\n|-heal|p1b: Chien-Pao|82\/100|[from] Grassy Terrain\n|-heal|p2b: Cobalion|54\/100|[from] Grassy Terrain\n|-sideend|p2: Angelo Neres|Reflect\n|upkeep\n|\n|t:|1737835500\n|switch|p1a: Rillaboom|Rillaboom, L50, F|94\/100\n|-damage|p1a: Rillaboom|82\/100|[from] Stealth Rock\n|turn|10\n|\n|t:|1737835514\n|move|p2b: Cobalion|Protect|p2b: Cobalion\n|-singleturn|p2b: Cobalion|Protect\n|move|p1a: Rillaboom|Fake Out|p2b: Cobalion\n|-activate|p2b: Cobalion|move: Protect\n|move|p1b: Chien-Pao|Sacred Sword|p2b: Cobalion\n|-activate|p2b: Cobalion|move: Protect\n|\n|-heal|p1b: Chien-Pao|88\/100|[from] Grassy Terrain\n|-heal|p2b: Cobalion|60\/100|[from] Grassy Terrain\n|-heal|p1a: Rillaboom|88\/100|[from] Grassy Terrain\n|upkeep\n|turn|11\n|\n|t:|1737835523\n|move|p1b: Chien-Pao|Sacred Sword|p2b: Cobalion\n|-supereffective|p2b: Cobalion\n|-damage|p2b: Cobalion|10\/100\n|move|p2b: Cobalion|Body Press|p1a: Rillaboom\n|-damage|p1a: Rillaboom|0 fnt\n|faint|p1a: Rillaboom\n|\n|-heal|p1b: Chien-Pao|93\/100|[from] Grassy Terrain\n|-heal|p2b: Cobalion|16\/100|[from] Grassy Terrain\n|upkeep\n|turn|12\n|\n|t:|1737835532\n|move|p2b: Cobalion|Protect|p2b: Cobalion\n|-singleturn|p2b: Cobalion|Protect\n|move|p1b: Chien-Pao|Sacred Sword|p2b: Cobalion\n|-activate|p2b: Cobalion|move: Protect\n|\n|-heal|p1b: Chien-Pao|99\/100|[from] Grassy Terrain\n|-heal|p2b: Cobalion|23\/100|[from] Grassy Terrain\n|-fieldend|move: Grassy Terrain\n|upkeep\n|turn|13\n|\n|t:|1737835537\n|move|p1b: Chien-Pao|Sacred Sword|p2b: Cobalion\n|-supereffective|p2b: Cobalion\n|-damage|p2b: Cobalion|0 fnt\n|faint|p2b: Cobalion\n|\n|win|Prometheus756\n|raw|Prometheus756's rating: 1575 &rarr; <strong>1596<\/strong><br \/>(+21 for winning)\n|raw|Angelo Neres's rating: 1590 &rarr; <strong>1569<\/strong><br \/>(-21 for losing)\n|l|\u2606Angelo Neres\n|player|p2|\n|c|\u2606Prometheus756|Gg wo\n|c|\u2606Prometheus756|wp\n|l|\u2606Prometheus756\n|player|p1|\n","uploadtime":1737835702,"views":9,"formatid":"gen9vgc2025regg","rating":1569,"private":0,"password":null}