{"id":"gen9vgc2025regg-2288762222","format":"[Gen 9] VGC 2025 Reg G","players":["ggfsb","Areestoo"],"log":"|j|\u2606ggfsb\n|j|\u2606Areestoo\n|t:|1737928129\n|gametype|doubles\n|player|p1|ggfsb|palmer|1528\n|player|p2|Areestoo|266|1638\n|teamsize|p1|6\n|teamsize|p2|6\n|gen|9\n|tier|[Gen 9] VGC 2025 Reg G\n|rated|\n|rule|Species Clause: Limit one of each Pok\u00e9mon\n|rule|Item Clause: Limit 1 of each item\n|clearpoke\n|poke|p1|Zamazenta-*, L50|\n|poke|p1|Scream Tail, L50|\n|poke|p1|Rillaboom, L50, M|\n|poke|p1|Landorus, L50, M|\n|poke|p1|Pelipper, L50, F|\n|poke|p1|Raging Bolt, L50|\n|poke|p2|Necrozma-Dawn-Wings, L50|\n|poke|p2|Indeedee-F, L50, F|\n|poke|p2|Ursaluna, L50, M|\n|poke|p2|Gallade, L50, M|\n|poke|p2|Torkoal, L50, F|\n|poke|p2|Lilligant-Hisui, L50, F|\n|teampreview|4\n|inactive|Battle timer is ON: inactive players will automatically lose when time's up. (requested by Areestoo)\n|\n|t:|1737928155\n|start\n|switch|p1a: Scream Tail|Scream Tail, L50, shiny|100\/100\n|switch|p1b: Raging Bolt|Raging Bolt, L50|100\/100\n|switch|p2a: Indeedee|Indeedee-F, L50, F|100\/100\n|switch|p2b: Necrozma|Necrozma-Dawn-Wings, L50|100\/100\n|-fieldstart|move: Psychic Terrain|[from] ability: Psychic Surge|[of] p2a: Indeedee\n|-enditem|p2a: Indeedee|Psychic Seed\n|-boost|p2a: Indeedee|spd|1|[from] item: Psychic Seed\n|-enditem|p1a: Scream Tail|Booster Energy\n|-activate|p1a: Scream Tail|ability: Protosynthesis|[fromitem]\n|-start|p1a: Scream Tail|protosynthesisspe\n|turn|1\n|j| Nesnero\n|\n|t:|1737928180\n|-terastallize|p1a: Scream Tail|Dark\n|move|p2a: Indeedee|Follow Me|p2a: Indeedee\n|-singleturn|p2a: Indeedee|move: Follow Me\n|move|p1a: Scream Tail|Thunder Wave|p2a: Indeedee\n|-status|p2a: Indeedee|par\n|move|p1b: Raging Bolt|Snarl|p2b: Necrozma|[spread] p2a,p2b\n|-supereffective|p2a: Indeedee\n|-supereffective|p2b: Necrozma\n|-damage|p2a: Indeedee|80\/100 par\n|-damage|p2b: Necrozma|68\/100\n|-unboost|p2a: Indeedee|spa|1\n|-unboost|p2b: Necrozma|spa|1\n|move|p2b: Necrozma|Trick Room|p2b: Necrozma\n|-fieldstart|move: Trick Room|[of] p2b: Necrozma\n|\n|upkeep\n|turn|2\n|inactive|Areestoo has 30 seconds left.\n|\n|t:|1737928210\n|switch|p2a: Gallade|Gallade, L50, M|100\/100\n|switch|p2b: Torkoal|Torkoal, L50, F|100\/100\n|-weather|SunnyDay|[from] ability: Drought|[of] p2b: Torkoal\n|-activate|p1b: Raging Bolt|ability: Protosynthesis\n|-start|p1b: Raging Bolt|protosynthesisspa\n|move|p1b: Raging Bolt|Snarl|p2b: Torkoal|[spread] p2a,p2b\n|-damage|p2a: Gallade|82\/100\n|-damage|p2b: Torkoal|75\/100\n|-unboost|p2b: Torkoal|spa|1\n|move|p1a: Scream Tail|Disable||[still]\n|-fail|p1a: Scream Tail\n|\n|-weather|SunnyDay|[upkeep]\n|upkeep\n|turn|3\n|\n|t:|1737928227\n|move|p1a: Scream Tail|Protect|p1a: Scream Tail\n|-singleturn|p1a: Scream Tail|Protect\n|move|p2b: Torkoal|Eruption|p1b: Raging Bolt|[spread] p1b\n|-activate|p1a: Scream Tail|move: Protect\n|-resisted|p1b: Raging Bolt\n|-damage|p1b: Raging Bolt|86\/100\n|move|p2a: Gallade|Sacred Sword|p1a: Scream Tail\n|-activate|p1a: Scream Tail|move: Protect\n|move|p1b: Raging Bolt|Draco Meteor|p2a: Gallade\n|-damage|p2a: Gallade|0 fnt\n|-unboost|p1b: Raging Bolt|spa|2\n|faint|p2a: Gallade\n|\n|-weather|SunnyDay|[upkeep]\n|upkeep\n|\n|t:|1737928243\n|switch|p2a: Necrozma|Necrozma-Dawn-Wings, L50|68\/100\n|turn|4\n|\n|t:|1737928265\n|-end|p1b: Raging Bolt|Protosynthesis|[silent]\n|switch|p1b: Pelipper|Pelipper, L50, F|100\/100\n|-weather|RainDance|[from] ability: Drizzle|[of] p1b: Pelipper\n|move|p2b: Torkoal|Eruption|p1b: Pelipper|[spread] p1a,p1b\n|-resisted|p1b: Pelipper\n|-damage|p1a: Scream Tail|88\/100\n|-damage|p1b: Pelipper|84\/100\n|move|p2a: Necrozma|Meteor Beam||[still]\n|-prepare|p2a: Necrozma|Meteor Beam\n|-boost|p2a: Necrozma|spa|1\n|-enditem|p2a: Necrozma|Power Herb\n|-anim|p2a: Necrozma|Meteor Beam|p1b: Pelipper\n|-supereffective|p1b: Pelipper\n|-damage|p1b: Pelipper|0 fnt\n|faint|p1b: Pelipper\n|move|p1a: Scream Tail|Encore|p2a: Necrozma\n|-start|p2a: Necrozma|Encore\n|\n|-weather|RainDance|[upkeep]\n|upkeep\n|\n|t:|1737928276\n|switch|p1b: Raging Bolt|Raging Bolt, L50|86\/100\n|turn|5\n|\n|t:|1737928289\n|switch|p2a: Indeedee|Indeedee-F, L50, F|80\/100 par\n|-end|p1a: Scream Tail|Protosynthesis|[silent]\n|switch|p1a: Landorus|Landorus, L50, M|100\/100\n|move|p2b: Torkoal|Eruption|p1a: Landorus|[spread] p1a,p1b\n|-resisted|p1b: Raging Bolt\n|-damage|p1a: Landorus|77\/100\n|-damage|p1b: Raging Bolt|81\/100\n|move|p1b: Raging Bolt|Snarl|p2a: Indeedee|[spread] p2a,p2b\n|-supereffective|p2a: Indeedee\n|-damage|p2a: Indeedee|50\/100 par\n|-damage|p2b: Torkoal|55\/100\n|-unboost|p2a: Indeedee|spa|1\n|-unboost|p2b: Torkoal|spa|1\n|\n|-weather|RainDance|[upkeep]\n|-fieldend|move: Trick Room\n|-fieldend|move: Psychic Terrain\n|upkeep\n|turn|6\n|\n|t:|1737928297\n|switch|p2b: Necrozma|Necrozma-Dawn-Wings, L50|68\/100\n|move|p1a: Landorus|Sandsear Storm|p2a: Indeedee|[spread] p2a,p2b\n|-damage|p2a: Indeedee|0 fnt\n|-damage|p2b: Necrozma|27\/100\n|faint|p2a: Indeedee\n|move|p1b: Raging Bolt|Snarl|p2b: Necrozma\n|-supereffective|p2b: Necrozma\n|-damage|p2b: Necrozma|0 fnt\n|faint|p2b: Necrozma\n|\n|-weather|RainDance|[upkeep]\n|upkeep\n|\n|t:|1737928299\n|switch|p2b: Torkoal|Torkoal, L50, F|55\/100\n|-weather|SunnyDay|[from] ability: Drought|[of] p2b: Torkoal\n|-activate|p1b: Raging Bolt|ability: Protosynthesis\n|-start|p1b: Raging Bolt|protosynthesisspa\n|turn|7\n|\n|t:|1737928303\n|move|p1a: Landorus|Earth Power|p2b: Torkoal\n|-supereffective|p2b: Torkoal\n|-damage|p2b: Torkoal|0 fnt\n|faint|p2b: Torkoal\n|\n|win|ggfsb\n|raw|ggfsb's rating: 1528 &rarr; <strong>1554<\/strong><br \/>(+26 for winning)\n|raw|Areestoo's rating: 1638 &rarr; <strong>1612<\/strong><br \/>(-26 for losing)\n|l|\u2606ggfsb\n|player|p1|\n|l|\u2606Areestoo\n|player|p2|\n|l| Nesnero\n","uploadtime":1737928490,"views":6,"formatid":"gen9vgc2025regg","rating":1554,"private":0,"password":null}