{"id":"gen9vgc2025regg-2288011093","format":"[Gen 9] VGC 2025 Reg G","players":["kid_the_phantom","infinitygroudon"],"log":"|j|\u2606kid_the_phantom\n|j|\u2606infinitygroudon\n|t:|1737822102\n|gametype|doubles\n|player|p1|kid_the_phantom|101|1728\n|player|p2|infinitygroudon|266|1649\n|teamsize|p1|6\n|teamsize|p2|6\n|gen|9\n|tier|[Gen 9] VGC 2025 Reg G\n|rated|\n|rule|Species Clause: Limit one of each Pok\u00e9mon\n|rule|Item Clause: Limit 1 of each item\n|clearpoke\n|poke|p1|Miraidon, L50|\n|poke|p1|Chi-Yu, L50|\n|poke|p1|Whimsicott, L50, M|\n|poke|p1|Farigiraf, L50, M|\n|poke|p1|Ursaluna, L50, F|\n|poke|p1|Grimmsnarl, L50, M|\n|poke|p2|Calyrex-Shadow, L50|\n|poke|p2|Incineroar, L50, M|\n|poke|p2|Weezing-Galar, L50, M|\n|poke|p2|Indeedee-F, L50, F|\n|poke|p2|Iron Valiant, L50|\n|poke|p2|Ursaluna-Bloodmoon, L50, M|\n|teampreview|4\n|\n|t:|1737822126\n|start\n|switch|p1a: Chi-Yu|Chi-Yu, L50|100\/100\n|switch|p1b: Whimsicott|Whimsicott, L50, M|100\/100\n|switch|p2a: Mr. Gassy|Weezing-Galar, L50, M|100\/100\n|switch|p2b: Charming|Iron Valiant, L50, shiny|100\/100\n|-ability|p2a: Mr. Gassy|Neutralizing Gas\n|turn|1\n|\n|t:|1737822144\n|-terastallize|p1a: Chi-Yu|Fire\n|move|p1a: Chi-Yu|Heat Wave|p2a: Mr. Gassy|[spread] p2a\n|-miss|p1a: Chi-Yu|p2b: Charming\n|-damage|p2a: Mr. Gassy|41\/100\n|-enditem|p2a: Mr. Gassy|Sitrus Berry|[eat]\n|-heal|p2a: Mr. Gassy|65\/100|[from] item: Sitrus Berry\n|move|p1b: Whimsicott|Moonblast|p2b: Charming\n|-supereffective|p2b: Charming\n|-damage|p2b: Charming|0 fnt\n|faint|p2b: Charming\n|-end|p2b: Charming|Quark Drive|[silent]\n|move|p2a: Mr. Gassy|Sludge Bomb|p1b: Whimsicott\n|-supereffective|p1b: Whimsicott\n|-enditem|p1b: Whimsicott|Focus Sash\n|-damage|p1b: Whimsicott|1\/100\n|\n|upkeep\n|\n|t:|1737822155\n|switch|p2b: Duncan|Calyrex-Shadow, L50|100\/100\n|-ability|p2b: Duncan|As One\n|-ability|p2b: Duncan|Unnerve\n|turn|2\n|j| Baguettezzz\n|\n|t:|1737822178\n|switch|p1b: Ursaluna|Ursaluna, L50, F|100\/100\n|move|p1a: Chi-Yu|Heat Wave|p2a: Mr. Gassy|[spread] p2a,p2b\n|-damage|p2a: Mr. Gassy|8\/100\n|-damage|p2b: Duncan|39\/100\n|move|p2b: Duncan|Astral Barrage|p1a: Chi-Yu|[spread] p1a\n|-immune|p1b: Ursaluna\n|-damage|p1a: Chi-Yu|17\/100\n|-damage|p2b: Duncan|29\/100|[from] item: Life Orb\n|move|p2a: Mr. Gassy|Sludge Bomb|p1a: Chi-Yu\n|-damage|p1a: Chi-Yu|0 fnt\n|faint|p1a: Chi-Yu\n|\n|-status|p1b: Ursaluna|brn|[from] item: Flame Orb\n|upkeep\n|\n|t:|1737822198\n|switch|p1a: Miraidon|Miraidon, L50|100\/100\n|turn|3\n|\n|t:|1737822205\n|move|p2b: Duncan|Protect|p2b: Duncan\n|-singleturn|p2b: Duncan|Protect\n|move|p1a: Miraidon|Volt Switch|p2a: Mr. Gassy\n|-damage|p2a: Mr. Gassy|0 fnt\n|faint|p2a: Mr. Gassy\n|-end|p2a: Mr. Gassy|ability: Neutralizing Gas\n|-fieldstart|move: Electric Terrain|[from] ability: Hadron Engine|[of] p1a: Miraidon\n|\n|t:|1737822211\n|switch|p1a: Whimsicott|Whimsicott, L50, M|1\/100|[from] Volt Switch\n|move|p1b: Ursaluna|Headlong Rush|p2b: Duncan\n|-activate|p2b: Duncan|move: Protect\n|\n|-damage|p1b: Ursaluna|95\/100 brn|[from] brn\n|upkeep\n|\n|t:|1737822213\n|switch|p2a: Suthen|Indeedee-F, L50, F|100\/100\n|-fieldstart|move: Psychic Terrain|[from] ability: Psychic Surge|[of] p2a: Suthen\n|turn|4\n|\n|t:|1737822228\n|move|p2a: Suthen|Helping Hand|p2b: Duncan\n|-singleturn|p2b: Duncan|Helping Hand|[of] p2a: Suthen\n|move|p1a: Whimsicott|Tailwind|p1a: Whimsicott\n|-sidestart|p1: kid_the_phantom|move: Tailwind\n|move|p2b: Duncan|Expanding Force|p1a: Whimsicott|[spread] p1a,p1b\n|-damage|p1a: Whimsicott|0 fnt\n|-damage|p1b: Ursaluna|0 fnt\n|faint|p1a: Whimsicott\n|faint|p1b: Ursaluna\n|-ability|p2b: Duncan|Grim Neigh|boost\n|-boost|p2b: Duncan|spa|2\n|-damage|p2b: Duncan|20\/100|[from] item: Life Orb\n|\n|upkeep\n|\n|t:|1737822236\n|switch|p1b: Miraidon|Miraidon, L50|100\/100\n|-fieldstart|move: Electric Terrain|[from] ability: Hadron Engine|[of] p1b: Miraidon\n|turn|5\n|\n|t:|1737822239\n|move|p2b: Duncan|Protect|p2b: Duncan\n|-singleturn|p2b: Duncan|Protect\n|move|p1b: Miraidon|Dazzling Gleam|p2b: Duncan|[spread] p2a\n|-activate|p2b: Duncan|move: Protect\n|-damage|p2a: Suthen|64\/100\n|move|p2a: Suthen|Trick Room|p2a: Suthen\n|-fieldstart|move: Trick Room|[of] p2a: Suthen\n|\n|upkeep\n|turn|6\n|\n|t:|1737822244\n|move|p2a: Suthen|Dazzling Gleam|p1b: Miraidon\n|-supereffective|p1b: Miraidon\n|-damage|p1b: Miraidon|73\/100\n|move|p2b: Duncan|Astral Barrage|p1b: Miraidon\n|-damage|p1b: Miraidon|0 fnt\n|faint|p1b: Miraidon\n|-damage|p2b: Duncan|10\/100|[from] item: Life Orb\n|\n|win|infinitygroudon\n|raw|kid_the_phantom's rating: 1728 &rarr; <strong>1704<\/strong><br \/>(-24 for losing)\n|raw|infinitygroudon's rating: 1649 &rarr; <strong>1673<\/strong><br \/>(+24 for winning)\n|l|\u2606infinitygroudon\n|player|p2|\n|l| Baguettezzz\n|l|\u2606kid_the_phantom\n|player|p1|\n|j|\u2606kid_the_phantom\n|player|p1|kid_the_phantom|101|\n|l|\u2606kid_the_phantom\n|player|p1|\n","uploadtime":1737822255,"views":29,"formatid":"gen9vgc2025regg","rating":1673,"private":0,"password":null}