{"id":"gen9vgc2025regg-2288888657","format":"[Gen 9] VGC 2025 Reg G","players":["infinitygroudon","Imnotagni"],"log":"|j|\u2606infinitygroudon\n|j|\u2606Imnotagni\n|t:|1737943988\n|gametype|doubles\n|player|p1|infinitygroudon|1|1632\n|player|p2|Imnotagni|policeman-gen4|1665\n|teamsize|p1|6\n|teamsize|p2|6\n|gen|9\n|tier|[Gen 9] VGC 2025 Reg G\n|rated|\n|rule|Species Clause: Limit one of each Pok\u00e9mon\n|rule|Item Clause: Limit 1 of each item\n|clearpoke\n|poke|p1|Calyrex-Shadow, L50|\n|poke|p1|Incineroar, L50, M|\n|poke|p1|Weezing-Galar, L50, M|\n|poke|p1|Indeedee-F, L50, F|\n|poke|p1|Iron Valiant, L50|\n|poke|p1|Ursaluna-Bloodmoon, L50, M|\n|poke|p2|Kyogre, L50|\n|poke|p2|Tornadus, L50, M|\n|poke|p2|Tsareena, L50, F|\n|poke|p2|Landorus, L50, M|\n|poke|p2|Urshifu-*, L50, F|\n|poke|p2|Basculegion, L50, M|\n|teampreview|4\n|inactive|Battle timer is ON: inactive players will automatically lose when time's up. (requested by Imnotagni)\n|\n|t:|1737944002\n|start\n|switch|p1a: Charming|Iron Valiant, L50, shiny|100\/100\n|switch|p1b: Mr. Grizz|Ursaluna-Bloodmoon, L50, M|100\/100\n|switch|p2a: Kyogre|Kyogre, L50|100\/100\n|switch|p2b: Tornadus|Tornadus, L50, M|100\/100\n|-weather|RainDance|[from] ability: Drizzle|[of] p2a: Kyogre\n|-enditem|p1a: Charming|Booster Energy\n|-activate|p1a: Charming|ability: Quark Drive|[fromitem]\n|-start|p1a: Charming|quarkdrivespe\n|turn|1\n|\n|t:|1737944025\n|-terastallize|p1b: Mr. Grizz|Normal\n|move|p1a: Charming|Protect|p1a: Charming\n|-singleturn|p1a: Charming|Protect\n|move|p2b: Tornadus|Tailwind|p2b: Tornadus\n|-sidestart|p2: Imnotagni|move: Tailwind\n|move|p2a: Kyogre|Thunder|p1a: Charming\n|-activate|p1a: Charming|move: Protect\n|move|p1b: Mr. Grizz|Blood Moon|p2a: Kyogre\n|-damage|p2a: Kyogre|56\/100\n|\n|-weather|RainDance|[upkeep]\n|upkeep\n|turn|2\n|\n|t:|1737944036\n|-end|p1a: Charming|Quark Drive|[silent]\n|switch|p1a: Mr. Gassy|Weezing-Galar, L50, M|100\/100\n|-ability|p1a: Mr. Gassy|Neutralizing Gas\n|move|p2b: Tornadus|Taunt|p1a: Mr. Gassy\n|-start|p1a: Mr. Gassy|move: Taunt\n|move|p2a: Kyogre|Origin Pulse|p1a: Mr. Gassy|[spread] p1a,p1b\n|-damage|p1a: Mr. Gassy|15\/100\n|-damage|p1b: Mr. Grizz|55\/100\n|-enditem|p1a: Mr. Gassy|Sitrus Berry|[eat]\n|-heal|p1a: Mr. Gassy|39\/100|[from] item: Sitrus Berry\n|move|p1b: Mr. Grizz|Hyper Voice|p2b: Tornadus|[spread] p2a,p2b\n|-damage|p2a: Kyogre|34\/100\n|-damage|p2b: Tornadus|48\/100\n|\n|-weather|RainDance|[upkeep]\n|upkeep\n|turn|3\n|\n|t:|1737944057\n|-end|p1a: Mr. Gassy|ability: Neutralizing Gas\n|switch|p1a: Charming|Iron Valiant, L50, shiny|100\/100\n|move|p2b: Tornadus|Bleakwind Storm|p1a: Charming|[spread] p1a,p1b\n|-supereffective|p1a: Charming\n|-damage|p1a: Charming|0 fnt\n|-damage|p1b: Mr. Grizz|33\/100\n|faint|p1a: Charming\n|-end|p1a: Charming|Quark Drive|[silent]\n|move|p2a: Kyogre|Origin Pulse|p1b: Mr. Grizz\n|-damage|p1b: Mr. Grizz|0 fnt\n|faint|p1b: Mr. Grizz\n|\n|-weather|RainDance|[upkeep]\n|upkeep\n|j| Lavenderawa\n|\n|t:|1737944063\n|switch|p1a: Duncan|Calyrex-Shadow, L50|100\/100\n|switch|p1b: Mr. Gassy|Weezing-Galar, L50, M|39\/100\n|-ability|p1a: Duncan|As One\n|-ability|p1a: Duncan|Unnerve\n|-ability|p1b: Mr. Gassy|Neutralizing Gas\n|turn|4\n|\n|t:|1737944085\n|move|p1a: Duncan|Protect|p1a: Duncan\n|-singleturn|p1a: Duncan|Protect\n|move|p1b: Mr. Gassy|Protect|p1b: Mr. Gassy\n|-singleturn|p1b: Mr. Gassy|Protect\n|move|p2b: Tornadus|Bleakwind Storm|p1b: Mr. Gassy|[spread] \n|-activate|p1a: Duncan|move: Protect\n|-activate|p1b: Mr. Gassy|move: Protect\n|move|p2a: Kyogre|Origin Pulse|p1a: Duncan|[spread] \n|-activate|p1a: Duncan|move: Protect\n|-activate|p1b: Mr. Gassy|move: Protect\n|\n|-weather|RainDance|[upkeep]\n|-sideend|p2: Imnotagni|move: Tailwind\n|upkeep\n|turn|5\n|\n|t:|1737944096\n|-terastallize|p2b: Tornadus|Dark\n|move|p1a: Duncan|Astral Barrage|p2b: Tornadus|[spread] p2a,p2b\n|-resisted|p2b: Tornadus\n|-damage|p2a: Kyogre|0 fnt\n|-damage|p2b: Tornadus|9\/100\n|faint|p2a: Kyogre\n|-ability|p1a: Duncan|Grim Neigh|boost\n|-boost|p1a: Duncan|spa|1\n|-damage|p1a: Duncan|91\/100|[from] item: Life Orb\n|move|p2b: Tornadus|Tailwind|p2b: Tornadus\n|-sidestart|p2: Imnotagni|move: Tailwind\n|move|p1b: Mr. Gassy|Sludge Bomb|p2b: Tornadus\n|-damage|p2b: Tornadus|0 fnt\n|faint|p2b: Tornadus\n|\n|-weather|none\n|upkeep\n|\n|t:|1737944098\n|switch|p2b: Basculegion|Basculegion, L50, M|100\/100\n|switch|p2a: Urshifu|Urshifu-Rapid-Strike, L50, F|100\/100\n|turn|6\n|\n|t:|1737944112\n|move|p2a: Urshifu|Surging Strikes|p1a: Duncan\n|-crit|p1a: Duncan\n|-damage|p1a: Duncan|56\/100\n|-crit|p1a: Duncan\n|-damage|p1a: Duncan|18\/100\n|-crit|p1a: Duncan\n|-damage|p1a: Duncan|0 fnt\n|faint|p1a: Duncan\n|-hitcount|p1: Duncan|3\n|move|p2b: Basculegion|Last Respects|p1b: Mr. Gassy\n|-damage|p1b: Mr. Gassy|0 fnt\n|faint|p1b: Mr. Gassy\n|-end|p1b: Mr. Gassy|ability: Neutralizing Gas\n|-damage|p2b: Basculegion|91\/100|[from] item: Life Orb\n|\n|win|Imnotagni\n|raw|infinitygroudon's rating: 1632 &rarr; <strong>1614<\/strong><br \/>(-18 for losing)\n|raw|Imnotagni's rating: 1665 &rarr; <strong>1683<\/strong><br \/>(+18 for winning)\n|l|\u2606Imnotagni\n|player|p2|\n|l|\u2606infinitygroudon\n|player|p1|\n|l| Lavenderawa\n|j| Lavenderawa\n|l| Lavenderawa\n","uploadtime":1737944373,"views":9,"formatid":"gen9vgc2025regg","rating":1614,"private":0,"password":null}