{"id":"gen9vgc2025regg-2288381356","format":"[Gen 9] VGC 2025 Reg G","players":["bertscai","Jasondddd"],"log":"|j|\u2606bertscai\n|j|\u2606Jasondddd\n|t:|1737870758\n|gametype|doubles\n|player|p1|bertscai|zinzolin|1551\n|player|p2|Jasondddd|lucas|1523\n|teamsize|p1|6\n|teamsize|p2|6\n|gen|9\n|tier|[Gen 9] VGC 2025 Reg G\n|rated|\n|rule|Species Clause: Limit one of each Pok\u00e9mon\n|rule|Item Clause: Limit 1 of each item\n|clearpoke\n|poke|p1|Ditto, L50|\n|poke|p1|Whimsicott, L50, F|\n|poke|p1|Chi-Yu, L50|\n|poke|p1|Calyrex-Ice, L50|\n|poke|p1|Ogerpon-Wellspring, L50, F|\n|poke|p1|Gholdengo, L50|\n|poke|p2|Miraidon, L50|\n|poke|p2|Incineroar, L50, F|\n|poke|p2|Tinkaton, L50, F|\n|poke|p2|Ogerpon-Cornerstone, L50, F|\n|poke|p2|Iron Valiant, L50|\n|poke|p2|Pelipper, L50, M|\n|teampreview|4\n|j| thorpdatr\n|inactive|Battle timer is ON: inactive players will automatically lose when time's up. (requested by bertscai)\n|\n|t:|1737870809\n|start\n|switch|p1a: Whimsicott|Whimsicott, L50, F, shiny|100\/100\n|switch|p1b: Gholdengo|Gholdengo, L50|100\/100\n|switch|p2a: Tinkaton|Tinkaton, L50, F|100\/100\n|switch|p2b: Miraidon|Miraidon, L50|100\/100\n|-fieldstart|move: Electric Terrain|[from] ability: Hadron Engine|[of] p2b: Miraidon\n|-ability|p2a: Tinkaton|Mold Breaker\n|turn|1\n|\n|t:|1737870830\n|-terastallize|p1b: Gholdengo|Steel\n|move|p1a: Whimsicott|Tailwind|p1a: Whimsicott\n|-sidestart|p1: bertscai|move: Tailwind\n|move|p1b: Gholdengo|Make It Rain|p2b: Miraidon|[spread] p2a,p2b\n|-resisted|p2b: Miraidon\n|-damage|p2a: Tinkaton|28\/100\n|-damage|p2b: Miraidon|63\/100\n|-unboost|p1b: Gholdengo|spa|1\n|-enditem|p2a: Tinkaton|Eject Button\n|-damage|p1b: Gholdengo|91\/100|[from] item: Life Orb\n|\n|t:|1737870842\n|switch|p2a: Incineroar|Incineroar, L50, F|100\/100\n|-ability|p2a: Incineroar|Intimidate|boost\n|-unboost|p1a: Whimsicott|atk|1\n|-unboost|p1b: Gholdengo|atk|1\n|move|p2b: Miraidon|Volt Switch|p1b: Gholdengo\n|-damage|p1b: Gholdengo|0 fnt\n|faint|p1b: Gholdengo\n|\n|t:|1737870854\n|switch|p2b: Tinkaton|Tinkaton, L50, F|28\/100|[from] Volt Switch\n|-ability|p2b: Tinkaton|Mold Breaker\n|\n|upkeep\n|\n|t:|1737870861\n|switch|p1b: Calyrex|Calyrex-Ice, L50|100\/100\n|-ability|p1b: Calyrex|As One\n|-ability|p1b: Calyrex|Unnerve\n|turn|2\n|\n|t:|1737870869\n|move|p2b: Tinkaton|Fake Out|p1b: Calyrex\n|-damage|p1b: Calyrex|93\/100\n|move|p1a: Whimsicott|Moonblast|p2a: Incineroar\n|-damage|p2a: Incineroar|88\/100\n|-unboost|p2a: Incineroar|spa|1\n|cant|p1b: Calyrex|flinch\n|move|p2a: Incineroar|Flare Blitz|p1a: Whimsicott\n|-supereffective|p1a: Whimsicott\n|-damage|p1a: Whimsicott|0 fnt\n|faint|p1a: Whimsicott\n|-damage|p2a: Incineroar|61\/100|[from] Recoil\n|\n|upkeep\n|\n|t:|1737870878\n|switch|p1a: Ditto|Ditto, L50, shiny|100\/100\n|-transform|p1a: Ditto|p2b: Tinkaton|[from] ability: Imposter\n|-ability|p1a: Ditto|Mold Breaker\n|turn|3\n|inactive|Jasondddd has 30 seconds left.\n|\n|t:|1737870904\n|switch|p2a: Ogerpon|Ogerpon-Cornerstone, L50, F|100\/100\n|move|p1a: Ditto|Gigaton Hammer|p2b: Tinkaton\n|-damage|p2b: Tinkaton|0 fnt\n|faint|p2b: Tinkaton\n|move|p1b: Calyrex|High Horsepower|p2a: Ogerpon\n|-damage|p2a: Ogerpon|47\/100\n|\n|upkeep\n|\n|t:|1737870916\n|switch|p2b: Incineroar|Incineroar, L50, F|61\/100\n|-ability|p2b: Incineroar|Intimidate|boost\n|-unboost|p1a: Ditto|atk|1\n|-fail|p1b: Calyrex|unboost|[from] item: Clear Amulet|[of] p1b: Calyrex\n|turn|4\n|\n|t:|1737870935\n|move|p2a: Ogerpon|Spiky Shield|p2a: Ogerpon\n|-singleturn|p2a: Ogerpon|move: Protect\n|move|p2b: Incineroar|Fake Out|p1b: Calyrex\n|-damage|p1b: Calyrex|86\/100\n|-activate|p1a: Ditto|move: Struggle\n|move|p1a: Ditto|Struggle|p2a: Ogerpon\n|-activate|p2a: Ogerpon|move: Protect\n|-damage|p1a: Ditto|88\/100|[from] Spiky Shield|[of] p2a: Ogerpon\n|cant|p1b: Calyrex|flinch\n|\n|-sideend|p1: bertscai|move: Tailwind\n|upkeep\n|turn|5\n|\n|t:|1737870957\n|move|p2a: Ogerpon|Ivy Cudgel|p1b: Calyrex|[anim] Ivy Cudgel Rock\n|-supereffective|p1b: Calyrex\n|-crit|p1b: Calyrex\n|-damage|p1b: Calyrex|0 fnt\n|faint|p1b: Calyrex\n|move|p1a: Ditto|Gigaton Hammer|p2a: Ogerpon\n|-supereffective|p2a: Ogerpon\n|-damage|p2a: Ogerpon|0 fnt\n|faint|p2a: Ogerpon\n|move|p2b: Incineroar|Knock Off|p1a: Ditto\n|-resisted|p1a: Ditto\n|-damage|p1a: Ditto|66\/100\n|-enditem|p1a: Ditto|Choice Scarf|[from] move: Knock Off|[of] p2b: Incineroar\n|\n|-fieldend|move: Electric Terrain\n|upkeep\n|-message|bertscai forfeited.\n|\n|win|Jasondddd\n|raw|bertscai's rating: 1551 &rarr; <strong>1529<\/strong><br \/>(-22 for losing)\n|raw|Jasondddd's rating: 1523 &rarr; <strong>1545<\/strong><br \/>(+22 for winning)\n|l|\u2606bertscai\n|player|p1|\n|l| thorpdatr\n|l|\u2606Jasondddd\n|player|p2|\n","uploadtime":1737871228,"views":16,"formatid":"gen9vgc2025regg","rating":1529,"private":0,"password":null}