{"id":"gen9vgc2025regg-2288973848","format":"[Gen 9] VGC 2025 Reg G","players":["Sundered7","Imnotagni"],"log":"|j|\u2606Sundered7\n|j|\u2606Imnotagni\n|t:|1737956454\n|gametype|doubles\n|player|p1|Sundered7|ghetsis-gen5bw|1566\n|player|p2|Imnotagni|policeman-gen4|1578\n|teamsize|p1|6\n|teamsize|p2|6\n|gen|9\n|tier|[Gen 9] VGC 2025 Reg G\n|rated|\n|rule|Species Clause: Limit one of each Pok\u00e9mon\n|rule|Item Clause: Limit 1 of each item\n|clearpoke\n|poke|p1|Zamazenta-*, L50|\n|poke|p1|Ditto, L50|\n|poke|p1|Flutter Mane, L50|\n|poke|p1|Rillaboom, L50, M|\n|poke|p1|Chi-Yu, L50|\n|poke|p1|Raging Bolt, L50|\n|poke|p2|Tornadus, L50, M|\n|poke|p2|Chien-Pao, L50|\n|poke|p2|Urshifu-*, L50, M|\n|poke|p2|Tsareena, L50, F|\n|poke|p2|Rillaboom, L50, M|\n|poke|p2|Kyogre, L50|\n|teampreview|4\n|inactive|Battle timer is ON: inactive players will automatically lose when time's up. (requested by Imnotagni)\n|inactive|Imnotagni has 60 seconds left.\n|inactive|Sundered7 has 60 seconds left.\n|inactive|Imnotagni has 30 seconds left.\n|inactive|Imnotagni has 20 seconds left.\n|inactive|Imnotagni has 15 seconds left.\n|\n|t:|1737956530\n|start\n|switch|p1a: Zamazenta|Zamazenta-Crowned, L50|100\/100\n|switch|p1b: Raging Bolt|Raging Bolt, L50|100\/100\n|switch|p2a: Tornadus|Tornadus, L50, M|100\/100\n|switch|p2b: Urshifu|Urshifu-Rapid-Strike, L50, M|100\/100\n|-ability|p1a: Zamazenta|Dauntless Shield|boost\n|-boost|p1a: Zamazenta|def|1\n|turn|1\n|inactive|Sundered7 has 30 seconds left.\n|inactive|Sundered7 has 20 seconds left.\n|inactive|Sundered7 has 15 seconds left.\n|\n|t:|1737956574\n|move|p1a: Zamazenta|Protect|p1a: Zamazenta\n|-singleturn|p1a: Zamazenta|Protect\n|move|p2a: Tornadus|Tailwind|p2a: Tornadus\n|-sidestart|p2: Imnotagni|move: Tailwind\n|move|p2b: Urshifu|Close Combat|p1b: Raging Bolt\n|-damage|p1b: Raging Bolt|21\/100\n|-unboost|p2b: Urshifu|def|1\n|-unboost|p2b: Urshifu|spd|1\n|-damage|p2b: Urshifu|91\/100|[from] item: Life Orb\n|move|p1b: Raging Bolt|Thunderbolt|p2a: Tornadus\n|-supereffective|p2a: Tornadus\n|-damage|p2a: Tornadus|0 fnt\n|faint|p2a: Tornadus\n|-damage|p1b: Raging Bolt|12\/100|[from] item: Life Orb\n|\n|upkeep\n|\n|t:|1737956595\n|switch|p2a: Kyogre|Kyogre, L50, shiny|100\/100\n|-weather|RainDance|[from] ability: Drizzle|[of] p2a: Kyogre\n|turn|2\n|inactive|Sundered7 has 30 seconds left.\n|inactive|Sundered7 has 20 seconds left.\n|\n|t:|1737956631\n|-end|p1b: Raging Bolt|Protosynthesis|[silent]\n|switch|p1b: Rillaboom|Rillaboom, L50, M|100\/100\n|-fieldstart|move: Grassy Terrain|[from] ability: Grassy Surge|[of] p1b: Rillaboom\n|-terastallize|p2b: Urshifu|Grass\n|-terastallize|p1a: Zamazenta|Dragon\n|move|p2b: Urshifu|Surging Strikes|p1a: Zamazenta\n|-resisted|p1a: Zamazenta\n|-crit|p1a: Zamazenta\n|-damage|p1a: Zamazenta|90\/100\n|-resisted|p1a: Zamazenta\n|-crit|p1a: Zamazenta\n|-damage|p1a: Zamazenta|78\/100\n|-resisted|p1a: Zamazenta\n|-crit|p1a: Zamazenta\n|-damage|p1a: Zamazenta|66\/100\n|-hitcount|p1a: Zamazenta|3\n|-damage|p2b: Urshifu|81\/100|[from] item: Life Orb\n|move|p2a: Kyogre|Water Spout|p1b: Rillaboom|[spread] p1a,p1b\n|-resisted|p1a: Zamazenta\n|-resisted|p1b: Rillaboom\n|-damage|p1a: Zamazenta|20\/100\n|-damage|p1b: Rillaboom|54\/100\n|move|p1a: Zamazenta|Body Press|p2b: Urshifu\n|-damage|p2b: Urshifu|0 fnt\n|faint|p2b: Urshifu\n|\n|-weather|RainDance|[upkeep]\n|-heal|p1a: Zamazenta|26\/100|[from] Grassy Terrain\n|-heal|p1b: Rillaboom|60\/100|[from] Grassy Terrain\n|upkeep\n|inactive|Imnotagni has 30 seconds left.\n|inactive|Imnotagni has 20 seconds left.\n|inactive|Imnotagni has 15 seconds left.\n|inactive|Imnotagni has 10 seconds left.\n|\n|t:|1737956679\n|switch|p2b: Tsareena|Tsareena, L50, F, shiny|100\/100\n|turn|3\n|inactive|Sundered7 has 30 seconds left.\n|inactive|Sundered7 has 20 seconds left.\n|inactive|Sundered7 has 15 seconds left.\n|inactive|Sundered7 has 10 seconds left.\n|inactive|Sundered7 has 5 seconds left.\n|\n|t:|1737956734\n|move|p1b: Rillaboom|Grassy Glide||[still]\n|cant|p2b: Tsareena|ability: Queenly Majesty|Grassy Glide|[of] p1b: Rillaboom\n|move|p2b: Tsareena|Triple Axel|p1b: Rillaboom\n|-supereffective|p1b: Rillaboom\n|-damage|p1b: Rillaboom|46\/100\n|-supereffective|p1b: Rillaboom\n|-damage|p1b: Rillaboom|19\/100\n|-supereffective|p1b: Rillaboom\n|-crit|p1b: Rillaboom\n|-damage|p1b: Rillaboom|0 fnt\n|faint|p1b: Rillaboom\n|-hitcount|p1: Rillaboom|3\n|move|p2a: Kyogre|Ice Beam|p1a: Zamazenta\n|-supereffective|p1a: Zamazenta\n|-damage|p1a: Zamazenta|0 fnt\n|faint|p1a: Zamazenta\n|\n|-weather|RainDance|[upkeep]\n|upkeep\n|\n|t:|1737956749\n|switch|p1a: Raging Bolt|Raging Bolt, L50|12\/100\n|switch|p1b: Flutter Mane|Flutter Mane, L50|100\/100\n|-enditem|p1b: Flutter Mane|Booster Energy\n|-activate|p1b: Flutter Mane|ability: Protosynthesis|[fromitem]\n|-start|p1b: Flutter Mane|protosynthesisspe\n|turn|4\n|\n|t:|1737956767\n|move|p1b: Flutter Mane|Protect|p1b: Flutter Mane\n|-singleturn|p1b: Flutter Mane|Protect\n|move|p1a: Raging Bolt|Protect|p1a: Raging Bolt\n|-singleturn|p1a: Raging Bolt|Protect\n|move|p2b: Tsareena|Power Whip|p1b: Flutter Mane\n|-activate|p1b: Flutter Mane|move: Protect\n|move|p2a: Kyogre|Water Spout|p1a: Raging Bolt|[spread] \n|-activate|p1a: Raging Bolt|move: Protect\n|-activate|p1b: Flutter Mane|move: Protect\n|\n|-weather|RainDance|[upkeep]\n|-heal|p1a: Raging Bolt|17\/100|[from] Grassy Terrain\n|-sideend|p2: Imnotagni|move: Tailwind\n|upkeep\n|turn|5\n|inactive|Sundered7 has 30 seconds left.\n|inactive|Imnotagni has 30 seconds left.\n|inactive|Sundered7 has 20 seconds left.\n|inactive|Sundered7 has 15 seconds left.\n|inactive|Sundered7 has 10 seconds left.\n|\n|t:|1737956813\n|move|p2a: Kyogre|Protect|p2a: Kyogre\n|-singleturn|p2a: Kyogre|Protect\n|move|p1b: Flutter Mane|Moonblast|p2b: Tsareena\n|-damage|p2b: Tsareena|41\/100\n|move|p2b: Tsareena|Triple Axel|p1a: Raging Bolt\n|-supereffective|p1a: Raging Bolt\n|-damage|p1a: Raging Bolt|5\/100\n|-supereffective|p1a: Raging Bolt\n|-damage|p1a: Raging Bolt|0 fnt\n|faint|p1a: Raging Bolt\n|-end|p1a: Raging Bolt|Protosynthesis|[silent]\n|-hitcount|p1: Raging Bolt|2\n|\n|-weather|RainDance|[upkeep]\n|-heal|p2b: Tsareena|47\/100|[from] Grassy Terrain\n|upkeep\n|turn|6\n|inactive|Imnotagni has 30 seconds left.\n|\n|t:|1737956845\n|move|p1b: Flutter Mane|Moonblast|p2a: Kyogre\n|-damage|p2a: Kyogre|66\/100\n|move|p2b: Tsareena|Power Whip|p1b: Flutter Mane\n|-damage|p1b: Flutter Mane|0 fnt\n|faint|p1b: Flutter Mane\n|-end|p1b: Flutter Mane|Protosynthesis|[silent]\n|\n|win|Imnotagni\n|raw|Sundered7's rating: 1566 &rarr; <strong>1547<\/strong><br \/>(-19 for losing)\n|raw|Imnotagni's rating: 1578 &rarr; <strong>1597<\/strong><br \/>(+19 for winning)\n|l|\u2606Imnotagni\n|player|p2|\n|l|\u2606Sundered7\n|player|p1|\n","uploadtime":1737957052,"views":7,"formatid":"gen9vgc2025regg","rating":1547,"private":0,"password":null}