{"id":"gen9vgc2025regg-2288085651","format":"[Gen 9] VGC 2025 Reg G","players":["Yung Trav","TomNumbers"],"log":"|j|\u2606Yung Trav\n|j|\u2606TomNumbers\n|t:|1737831248\n|gametype|doubles\n|player|p1|Yung Trav|265|1696\n|player|p2|TomNumbers|gambler|1590\n|teamsize|p1|6\n|teamsize|p2|6\n|gen|9\n|tier|[Gen 9] VGC 2025 Reg G\n|rated|\n|rule|Species Clause: Limit one of each Pok\u00e9mon\n|rule|Item Clause: Limit 1 of each item\n|clearpoke\n|poke|p1|Calyrex-Ice, L50|\n|poke|p1|Regidrago, L50|\n|poke|p1|Smeargle, L50, M|\n|poke|p1|Farigiraf, L50, M|\n|poke|p1|Urshifu-*, L50, M|\n|poke|p1|Ogerpon-Cornerstone, L50, F|\n|poke|p2|Zamazenta-*, L50|\n|poke|p2|Chien-Pao, L50|\n|poke|p2|Volcarona, L50, F|\n|poke|p2|Flutter Mane, L50|\n|poke|p2|Raging Bolt, L50|\n|poke|p2|Iron Leaves, L50|\n|teampreview|4\n|inactive|Battle timer is ON: inactive players will automatically lose when time's up. (requested by TomNumbers)\n|j| kiabu233\n|j| Mike2811\n|inactive|Yung Trav has 60 seconds left.\n|inactive|TomNumbers has 60 seconds left.\n|\n|t:|1737831289\n|start\n|switch|p1a: Calyrex|Calyrex-Ice, L50|100\/100\n|switch|p1b: Smeargle|Smeargle, L50, M, shiny|100\/100\n|switch|p2a: Zamazenta|Zamazenta-Crowned, L50|100\/100\n|switch|p2b: Flutter Mane|Flutter Mane, L50|100\/100\n|-ability|p1a: Calyrex|As One\n|-ability|p1a: Calyrex|Unnerve\n|-ability|p2a: Zamazenta|Dauntless Shield|boost\n|-boost|p2a: Zamazenta|def|1\n|-enditem|p2b: Flutter Mane|Booster Energy\n|-activate|p2b: Flutter Mane|ability: Protosynthesis|[fromitem]\n|-start|p2b: Flutter Mane|protosynthesisspe\n|turn|1\n|inactive|Yung Trav has 30 seconds left.\n|\n|t:|1737831328\n|move|p1b: Smeargle|Fake Out|p2a: Zamazenta\n|-resisted|p2a: Zamazenta\n|-damage|p2a: Zamazenta|99\/100\n|move|p2b: Flutter Mane|Taunt|p1b: Smeargle\n|-start|p1b: Smeargle|move: Taunt\n|cant|p2a: Zamazenta|flinch\n|move|p1a: Calyrex|Trick Room|p1a: Calyrex\n|-fieldstart|move: Trick Room|[of] p1a: Calyrex\n|\n|upkeep\n|turn|2\n|inactive|Yung Trav has 30 seconds left.\n|inactive|Yung Trav has 20 seconds left.\n|\n|t:|1737831363\n|switch|p1b: Farigiraf|Farigiraf, L50, M, shiny|100\/100\n|-end|p2b: Flutter Mane|Protosynthesis|[silent]\n|switch|p2b: Volcarona|Volcarona, L50, F|100\/100\n|-terastallize|p1a: Calyrex|Water\n|move|p1a: Calyrex|High Horsepower|p2a: Zamazenta\n|-supereffective|p2a: Zamazenta\n|-damage|p2a: Zamazenta|68\/100\n|move|p2a: Zamazenta|Body Press|p1b: Farigiraf\n|-damage|p1b: Farigiraf|46\/100\n|\n|upkeep\n|turn|3\n|inactive|Yung Trav has 30 seconds left.\n|inactive|Yung Trav has 20 seconds left.\n|inactive|Yung Trav has 15 seconds left.\n|inactive|Yung Trav has 10 seconds left.\n|\n|t:|1737831409\n|switch|p1a: Regidrago|Regidrago, L50, shiny|100\/100\n|switch|p1b: Smeargle|Smeargle, L50, M, shiny|100\/100\n|move|p2b: Volcarona|Will-O-Wisp|p1a: Regidrago\n|-status|p1a: Regidrago|brn\n|move|p2a: Zamazenta|Body Press|p1b: Smeargle\n|-supereffective|p1b: Smeargle\n|-enditem|p1b: Smeargle|Focus Sash\n|-damage|p1b: Smeargle|1\/100\n|\n|-damage|p1a: Regidrago|94\/100 brn|[from] brn\n|upkeep\n|turn|4\n|inactive|Yung Trav has 30 seconds left.\n|\n|t:|1737831437\n|switch|p2b: Flutter Mane|Flutter Mane, L50|100\/100\n|move|p2a: Zamazenta|Protect|p2a: Zamazenta\n|-singleturn|p2a: Zamazenta|Protect\n|move|p1b: Smeargle|Fake Out|p2a: Zamazenta\n|-activate|p2a: Zamazenta|move: Protect\n|move|p1a: Regidrago|Dragon Energy|p2a: Zamazenta|[spread] \n|-activate|p2a: Zamazenta|move: Protect\n|-immune|p2b: Flutter Mane\n|\n|-damage|p1a: Regidrago|88\/100 brn|[from] brn\n|upkeep\n|turn|5\n|inactive|TomNumbers has 30 seconds left.\n|\n|t:|1737831470\n|move|p2a: Zamazenta|Wide Guard|p2a: Zamazenta\n|-singleturn|p2a: Zamazenta|Wide Guard\n|move|p1a: Regidrago|Earth Power|p2a: Zamazenta\n|-supereffective|p2a: Zamazenta\n|-damage|p2a: Zamazenta|25\/100\n|move|p1b: Smeargle|Spore|p2b: Flutter Mane\n|-status|p2b: Flutter Mane|slp|[from] move: Spore\n|cant|p2b: Flutter Mane|slp\n|\n|-damage|p1a: Regidrago|82\/100 brn|[from] brn\n|-fieldend|move: Trick Room\n|upkeep\n|turn|6\n|inactive|TomNumbers has 30 seconds left.\n|inactive|TomNumbers has 20 seconds left.\n|\n|t:|1737831506\n|-end|p2b: Flutter Mane|Protosynthesis|[silent]\n|switch|p2b: Chien-Pao|Chien-Pao, L50|100\/100\n|-ability|p2b: Chien-Pao|Sword of Ruin\n|-terastallize|p2a: Zamazenta|Dragon\n|move|p2a: Zamazenta|Body Press|p1b: Smeargle\n|-supereffective|p1b: Smeargle\n|-damage|p1b: Smeargle|0 fnt\n|faint|p1b: Smeargle\n|move|p1a: Regidrago|Earth Power|p2a: Zamazenta\n|-damage|p2a: Zamazenta|2\/100\n|\n|-damage|p1a: Regidrago|76\/100 brn|[from] brn\n|upkeep\n|\n|t:|1737831526\n|switch|p1b: Calyrex|Calyrex-Ice, L50, tera:Water|100\/100\n|-ability|p1b: Calyrex|As One\n|-ability|p1b: Calyrex|Unnerve\n|turn|7\n|\n|t:|1737831549\n|move|p2b: Chien-Pao|Ice Spinner|p1a: Regidrago\n|-supereffective|p1a: Regidrago\n|-damage|p1a: Regidrago|2\/100 brn\n|move|p2a: Zamazenta|Body Press|p1b: Calyrex\n|-damage|p1b: Calyrex|43\/100\n|move|p1a: Regidrago|Dragon Energy|p2a: Zamazenta|[spread] p2a,p2b\n|-supereffective|p2a: Zamazenta\n|-damage|p2a: Zamazenta|1\/100\n|-damage|p2b: Chien-Pao|99\/100\n|move|p1b: Calyrex|Trick Room|p1b: Calyrex\n|-fieldstart|move: Trick Room|[of] p1b: Calyrex\n|\n|-damage|p1a: Regidrago|0 fnt|[from] brn\n|faint|p1a: Regidrago\n|upkeep\n|\n|t:|1737831564\n|switch|p1a: Farigiraf|Farigiraf, L50, M, shiny|46\/100\n|turn|8\n|\n|t:|1737831574\n|move|p2a: Zamazenta|Wide Guard|p2a: Zamazenta\n|-singleturn|p2a: Zamazenta|Wide Guard\n|move|p1b: Calyrex|Glacial Lance|p2a: Zamazenta|[spread] \n|-activate|p2a: Zamazenta|move: Wide Guard\n|-activate|p2b: Chien-Pao|move: Wide Guard\n|move|p1a: Farigiraf|Foul Play|p2b: Chien-Pao\n|-resisted|p2b: Chien-Pao\n|-crit|p2b: Chien-Pao\n|-damage|p2b: Chien-Pao|68\/100\n|move|p2b: Chien-Pao|Throat Chop|p1a: Farigiraf\n|-supereffective|p1a: Farigiraf\n|-crit|p1a: Farigiraf\n|-damage|p1a: Farigiraf|0 fnt\n|faint|p1a: Farigiraf\n|\n|upkeep\n|turn|9\n|\n|t:|1737831593\n|move|p1b: Calyrex|Glacial Lance|p2a: Zamazenta|[spread] p2a,p2b\n|-supereffective|p2a: Zamazenta\n|-resisted|p2b: Chien-Pao\n|-damage|p2a: Zamazenta|0 fnt\n|-damage|p2b: Chien-Pao|26\/100\n|faint|p2a: Zamazenta\n|-ability|p1b: Calyrex|Chilling Neigh|boost\n|-boost|p1b: Calyrex|atk|1\n|move|p2b: Chien-Pao|Throat Chop|p1b: Calyrex\n|-crit|p1b: Calyrex\n|-damage|p1b: Calyrex|0 fnt\n|faint|p1b: Calyrex\n|\n|win|TomNumbers\n|raw|Yung Trav's rating: 1696 &rarr; <strong>1670<\/strong><br \/>(-26 for losing)\n|raw|TomNumbers's rating: 1590 &rarr; <strong>1616<\/strong><br \/>(+26 for winning)\n|l|\u2606TomNumbers\n|player|p2|\n|l| kiabu233\n|l|\u2606Yung Trav\n|player|p1|\n","uploadtime":1737831794,"views":14,"formatid":"gen9vgc2025regg","rating":1616,"private":0,"password":null}