{"id":"gen9vgc2025regg-2288663459","format":"[Gen 9] VGC 2025 Reg G","players":["infinitygroudon","7ammy"],"log":"|j|\u2606infinitygroudon\n|j|\u26067ammy\n|t:|1737916900\n|gametype|doubles\n|player|p1|infinitygroudon|1|1693\n|player|p2|7ammy|interviewers|1642\n|teamsize|p1|6\n|teamsize|p2|6\n|gen|9\n|tier|[Gen 9] VGC 2025 Reg G\n|rated|\n|rule|Species Clause: Limit one of each Pok\u00e9mon\n|rule|Item Clause: Limit 1 of each item\n|clearpoke\n|poke|p1|Calyrex-Shadow, L50|\n|poke|p1|Incineroar, L50, M|\n|poke|p1|Weezing-Galar, L50, M|\n|poke|p1|Indeedee-F, L50, F|\n|poke|p1|Iron Valiant, L50|\n|poke|p1|Ursaluna-Bloodmoon, L50, M|\n|poke|p2|Kyogre, L50|\n|poke|p2|Tornadus, L50, M|\n|poke|p2|Tsareena, L50, F|\n|poke|p2|Urshifu-*, L50, F|\n|poke|p2|Basculegion, L50, M|\n|poke|p2|Landorus, L50, M|\n|teampreview|4\n|inactive|Battle timer is ON: inactive players will automatically lose when time's up. (requested by 7ammy)\n|inactive|7ammy has 60 seconds left.\n|\n|t:|1737916935\n|start\n|switch|p1a: Mr. Gassy|Weezing-Galar, L50, M|100\/100\n|switch|p1b: Mr. Grizz|Ursaluna-Bloodmoon, L50, M|100\/100\n|switch|p2a: Kyogre|Kyogre, L50|100\/100\n|switch|p2b: Tornadus|Tornadus, L50, M|100\/100\n|-ability|p1a: Mr. Gassy|Neutralizing Gas\n|turn|1\n|\n|t:|1737916952\n|-terastallize|p1b: Mr. Grizz|Normal\n|move|p2a: Kyogre|Water Spout|p1a: Mr. Gassy|[spread] p1a,p1b\n|-crit|p1b: Mr. Grizz\n|-damage|p1a: Mr. Gassy|33\/100\n|-damage|p1b: Mr. Grizz|42\/100\n|-enditem|p1a: Mr. Gassy|Sitrus Berry|[eat]\n|-heal|p1a: Mr. Gassy|58\/100|[from] item: Sitrus Berry\n|move|p2b: Tornadus|Bleakwind Storm|p1a: Mr. Gassy|[spread] p1a,p1b\n|-damage|p1a: Mr. Gassy|15\/100\n|-damage|p1b: Mr. Grizz|21\/100\n|move|p1a: Mr. Gassy|Sludge Bomb|p2a: Kyogre\n|-damage|p2a: Kyogre|78\/100\n|move|p1b: Mr. Grizz|Hyper Voice|p2b: Tornadus|[spread] p2a,p2b\n|-crit|p2a: Kyogre\n|-damage|p2a: Kyogre|28\/100\n|-damage|p2b: Tornadus|49\/100\n|\n|upkeep\n|turn|2\n|inactive|7ammy has 30 seconds left.\n|\n|t:|1737916986\n|move|p1a: Mr. Gassy|Protect|p1a: Mr. Gassy\n|-singleturn|p1a: Mr. Gassy|Protect\n|move|p2a: Kyogre|Water Spout|p1b: Mr. Grizz|[spread] p1b\n|-activate|p1a: Mr. Gassy|move: Protect\n|-damage|p1b: Mr. Grizz|11\/100\n|move|p2b: Tornadus|Bleakwind Storm|p1b: Mr. Grizz|[spread] \n|-activate|p1a: Mr. Gassy|move: Protect\n|-miss|p2b: Tornadus|p1b: Mr. Grizz\n|move|p1b: Mr. Grizz|Hyper Voice|p2b: Tornadus|[spread] p2a,p2b\n|-damage|p2a: Kyogre|0 fnt\n|-damage|p2b: Tornadus|0 fnt\n|faint|p2a: Kyogre\n|faint|p2b: Tornadus\n|\n|upkeep\n|\n|t:|1737917002\n|switch|p2b: Tsareena|Tsareena, L50, F|100\/100\n|switch|p2a: Landorus|Landorus, L50, M|100\/100\n|turn|3\n|\n|t:|1737917012\n|move|p1b: Mr. Grizz|Vacuum Wave|p2b: Tsareena\n|-damage|p2b: Tsareena|83\/100\n|move|p2a: Landorus|Earth Power|p1a: Mr. Gassy\n|-supereffective|p1a: Mr. Gassy\n|-damage|p1a: Mr. Gassy|0 fnt\n|faint|p1a: Mr. Gassy\n|-end|p1a: Mr. Gassy|ability: Neutralizing Gas\n|-damage|p2a: Landorus|91\/100|[from] item: Life Orb\n|move|p2b: Tsareena|Triple Axel|p1b: Mr. Grizz\n|-damage|p1b: Mr. Grizz|6\/100\n|-damage|p1b: Mr. Grizz|0 fnt\n|faint|p1b: Mr. Grizz\n|-hitcount|p1: Mr. Grizz|2\n|\n|upkeep\n|\n|t:|1737917016\n|switch|p1a: Charming|Iron Valiant, L50, shiny|100\/100\n|switch|p1b: Duncan|Calyrex-Shadow, L50|100\/100\n|-ability|p1b: Duncan|As One\n|-ability|p1b: Duncan|Unnerve\n|-enditem|p1a: Charming|Booster Energy\n|-activate|p1a: Charming|ability: Quark Drive|[fromitem]\n|-start|p1a: Charming|quarkdrivespe\n|turn|4\n|\n|t:|1737917033\n|move|p2a: Landorus|Protect|p2a: Landorus\n|-singleturn|p2a: Landorus|Protect\n|move|p1a: Charming|Spirit Break|p2b: Tsareena\n|-damage|p2b: Tsareena|34\/100\n|-unboost|p2b: Tsareena|spa|1\n|move|p1b: Duncan|Astral Barrage|p2b: Tsareena|[spread] p2b\n|-activate|p2a: Landorus|move: Protect\n|-damage|p2b: Tsareena|0 fnt\n|faint|p2b: Tsareena\n|-ability|p1b: Duncan|Grim Neigh|boost\n|-boost|p1b: Duncan|spa|1\n|-damage|p1b: Duncan|91\/100|[from] item: Life Orb\n|\n|upkeep\n|turn|5\n|-message|7ammy forfeited.\n|\n|win|infinitygroudon\n|raw|infinitygroudon's rating: 1693 &rarr; <strong>1710<\/strong><br \/>(+17 for winning)\n|raw|7ammy's rating: 1642 &rarr; <strong>1625<\/strong><br \/>(-17 for losing)\n|l|\u2606infinitygroudon\n|player|p1|\n","uploadtime":1737917215,"views":13,"formatid":"gen9vgc2025regg","rating":1625,"private":0,"password":null}