{"id":"gen9vgc2025regg-2288348124","format":"[Gen 9] VGC 2025 Reg G","players":["TonyPajamas16","Imnotagni"],"log":"|j|\u2606TonyPajamas16\n|j|\u2606Imnotagni\n|t:|1737865399\n|gametype|doubles\n|player|p1|TonyPajamas16|ingo|1670\n|player|p2|Imnotagni|policeman-gen4|1563\n|teamsize|p1|6\n|teamsize|p2|6\n|gen|9\n|tier|[Gen 9] VGC 2025 Reg G\n|rated|\n|rule|Species Clause: Limit one of each Pok\u00e9mon\n|rule|Item Clause: Limit 1 of each item\n|clearpoke\n|poke|p1|Groudon, L50|\n|poke|p1|Sableye, L50, F|\n|poke|p1|Gouging Fire, L50|\n|poke|p1|Scream Tail, L50|\n|poke|p1|Raging Bolt, L50|\n|poke|p1|Venusaur, L50, F|\n|poke|p2|Kyogre, L50|\n|poke|p2|Tornadus, L50, M|\n|poke|p2|Tsareena, L50, F|\n|poke|p2|Overqwil, L50, M|\n|poke|p2|Landorus, L50, M|\n|poke|p2|Urshifu-*, L50, M|\n|teampreview|4\n|inactive|Battle timer is ON: inactive players will automatically lose when time's up. (requested by Imnotagni)\n|j| VGC Civilization\nTonyPajamas16 has agreed to open team sheets.\n|inactive|TonyPajamas16 has 60 seconds left.\n|j| GayChessClub\n|\n|t:|1737865438\n|start\n|switch|p1a: Scream Tail|Scream Tail, L50, shiny|100\/100\n|switch|p1b: Sableye|Sableye, L50, F, shiny|100\/100\n|switch|p2a: Tornadus|Tornadus, L50, M|100\/100\n|switch|p2b: Landorus|Landorus, L50, M|100\/100\n|-enditem|p1a: Scream Tail|Booster Energy\n|-activate|p1a: Scream Tail|ability: Protosynthesis|[fromitem]\n|-start|p1a: Scream Tail|protosynthesisspe\n|turn|1\n|\n|t:|1737865450\n|move|p2a: Tornadus|Rain Dance|p2a: Tornadus\n|-weather|RainDance\n|move|p1b: Sableye|Gravity|p1b: Sableye\n|-fieldstart|move: Gravity\n|move|p1a: Scream Tail|Sing|p2a: Tornadus\n|-status|p2a: Tornadus|slp|[from] move: Sing\n|move|p2b: Landorus|Sandsear Storm|p1a: Scream Tail|[spread] p1a,p1b\n|-damage|p1a: Scream Tail|66\/100\n|-damage|p1b: Sableye|27\/100\n|\n|-weather|RainDance|[upkeep]\n|upkeep\n|turn|2\n|j| shaboogles\n|j| lillyrosethedemon\n|j| Adamnnit\n|c| GayChessClub|Is that the real TonyPajamas16?!?!?!?!?\n|c| Adamnnit|No way\n|inactive|TonyPajamas16 has 30 seconds left.\n|\n|t:|1737865479\n|switch|p1b: Groudon|Groudon, L50|100\/100\n|-weather|SunnyDay|[from] ability: Drought|[of] p1b: Groudon\n|cant|p2a: Tornadus|slp\n|move|p1a: Scream Tail|Sing|p2b: Landorus\n|-status|p2b: Landorus|slp|[from] move: Sing\n|cant|p2b: Landorus|slp\n|\n|-weather|SunnyDay|[upkeep]\n|upkeep\n|turn|3\n|c| VGC Civilization|REAL TONYPAJAMAS???????\n|\n|t:|1737865493\n|cant|p2a: Tornadus|slp\n|move|p1a: Scream Tail|Howl|p1a: Scream Tail|[spread] p1a,p1b\n|-boost|p1a: Scream Tail|atk|1\n|-boost|p1b: Groudon|atk|1\n|cant|p2b: Landorus|slp\n|move|p1b: Groudon|Precipice Blades|p2a: Tornadus|[spread] p2a,p2b\n|-damage|p2a: Tornadus|0 fnt\n|-damage|p2b: Landorus|0 fnt\n|faint|p2a: Tornadus\n|faint|p2b: Landorus\n|\n|-weather|SunnyDay|[upkeep]\n|upkeep\n|j| SmolivStayStrong<3\n|c| shaboogles|ARE YOU THE PAJAMA SAM SEQUEL???\n|l| Adamnnit\n|\n|t:|1737865499\n|switch|p2a: Kyogre|Kyogre, L50|100\/100\n|switch|p2b: Overqwil|Overqwil, L50, M|100\/100\n|-weather|RainDance|[from] ability: Drizzle|[of] p2a: Kyogre\n|turn|4\n|j| Adamnnit\n|j| test52152\n|c| lillyrosethedemon|CRAZY\n|\n|t:|1737865521\n|switch|p1b: Sableye|Sableye, L50, F, shiny|27\/100\n|move|p2b: Overqwil|Poison Jab|p1a: Scream Tail\n|-supereffective|p1a: Scream Tail\n|-damage|p1a: Scream Tail|0 fnt\n|faint|p1a: Scream Tail\n|-end|p1a: Scream Tail|Protosynthesis|[silent]\n|-damage|p2b: Overqwil|91\/100|[from] item: Life Orb\n|move|p2a: Kyogre|Water Spout|p1b: Sableye\n|-damage|p1b: Sableye|0 fnt\n|faint|p1b: Sableye\n|\n|-weather|RainDance|[upkeep]\n|upkeep\n|c| Adamnnit|YOU GOT THIS TONY\n|\n|t:|1737865531\n|switch|p1a: Groudon|Groudon, L50|100\/100\n|switch|p1b: Venusaur|Venusaur, L50, F|100\/100\n|-weather|SunnyDay|[from] ability: Drought|[of] p1a: Groudon\n|turn|5\n|c| VGC Civilization|let's go tonyyyy\n|c| lillyrosethedemon|GO TO SLEEP\n|\n|t:|1737865547\n|-terastallize|p2a: Kyogre|Grass\n|move|p1b: Venusaur|Sludge Bomb|p2a: Kyogre\n|-supereffective|p2a: Kyogre\n|-damage|p2a: Kyogre|60\/100\n|-status|p2a: Kyogre|psn\n|move|p2b: Overqwil|Icy Wind|p1a: Groudon|[spread] p1a,p1b\n|-supereffective|p1a: Groudon\n|-supereffective|p1b: Venusaur\n|-damage|p1a: Groudon|90\/100\n|-damage|p1b: Venusaur|80\/100\n|-unboost|p1a: Groudon|spe|1\n|-unboost|p1b: Venusaur|spe|1\n|-damage|p2b: Overqwil|81\/100|[from] item: Life Orb\n|move|p2a: Kyogre|Water Spout|p1b: Venusaur|[spread] p1a,p1b\n|-supereffective|p1a: Groudon\n|-resisted|p1b: Venusaur\n|-damage|p1a: Groudon|64\/100\n|-damage|p1b: Venusaur|69\/100\n|move|p1a: Groudon|Precipice Blades|p2b: Overqwil|[spread] p2a,p2b\n|-resisted|p2a: Kyogre\n|-supereffective|p2b: Overqwil\n|-damage|p2a: Kyogre|31\/100 psn\n|-damage|p2b: Overqwil|0 fnt\n|faint|p2b: Overqwil\n|\n|-weather|SunnyDay|[upkeep]\n|-damage|p2a: Kyogre|19\/100 psn|[from] psn\n|-fieldend|move: Gravity\n|upkeep\n|turn|6\n|-message|Imnotagni forfeited.\n|\n|win|TonyPajamas16\n|raw|TonyPajamas16's rating: 1670 &rarr; <strong>1684<\/strong><br \/>(+14 for winning)\n|raw|Imnotagni's rating: 1563 &rarr; <strong>1549<\/strong><br \/>(-14 for losing)\n|l|\u2606Imnotagni\n|player|p2|\n|c| lillyrosethedemon|YESS TONY\n|l|\u2606TonyPajamas16\n|player|p1|\n|c| VGC Civilization|LET'S GOOOOOOOO\n|c| GayChessClub|TONY COOKED\n|c| Adamnnit|TONNYYY\n|c| shaboogles|MY GOAT\n|l| VGC Civilization\n|l| shaboogles\n|l| Adamnnit\n|l| test52152\n","uploadtime":1737865751,"views":16,"formatid":"gen9vgc2025regg","rating":1549,"private":0,"password":null}