{"id":"gen9vgc2025regg-2288942444","format":"[Gen 9] VGC 2025 Reg G","players":["Enrique13131","infinitygroudon"],"log":"|j|\u2606Enrique13131\n|j|\u2606infinitygroudon\n|t:|1737951333\n|gametype|doubles\n|player|p1|Enrique13131|lucas|1534\n|player|p2|infinitygroudon|1|1584\n|teamsize|p1|6\n|teamsize|p2|6\n|gen|9\n|tier|[Gen 9] VGC 2025 Reg G\n|rated|\n|rule|Species Clause: Limit one of each Pok\u00e9mon\n|rule|Item Clause: Limit 1 of each item\n|clearpoke\n|poke|p1|Urshifu-*, L50, F|\n|poke|p1|Incineroar, L50, F|\n|poke|p1|Pelipper, L50, M|\n|poke|p1|Raging Bolt, L50|\n|poke|p1|Rillaboom, L50, F|\n|poke|p1|Calyrex-Ice, L50|\n|poke|p2|Calyrex-Shadow, L50|\n|poke|p2|Incineroar, L50, M|\n|poke|p2|Weezing-Galar, L50, M|\n|poke|p2|Indeedee-F, L50, F|\n|poke|p2|Iron Valiant, L50|\n|poke|p2|Ursaluna-Bloodmoon, L50, M|\n|teampreview|4\n|\n|t:|1737951361\n|start\n|switch|p1a: Urshifu|Urshifu, L50, F|100\/100\n|switch|p1b: Ehrmantraut|Calyrex-Ice, L50|100\/100\n|switch|p2a: Banderilla|Incineroar, L50, M|100\/100\n|switch|p2b: Duncan|Calyrex-Shadow, L50|100\/100\n|-ability|p2b: Duncan|As One\n|-ability|p2b: Duncan|Unnerve\n|-ability|p1b: Ehrmantraut|As One\n|-ability|p1b: Ehrmantraut|Unnerve\n|-ability|p2a: Banderilla|Intimidate|boost\n|-unboost|p1a: Urshifu|atk|1\n|-fail|p1b: Ehrmantraut|unboost|[from] item: Clear Amulet|[of] p1b: Ehrmantraut\n|turn|1\n|\n|t:|1737951373\n|-terastallize|p1b: Ehrmantraut|Water\n|move|p2a: Banderilla|Fake Out|p1a: Urshifu\n|-crit|p1a: Urshifu\n|-damage|p1a: Urshifu|83\/100\n|move|p2b: Duncan|Astral Barrage|p1a: Urshifu|[spread] p1a,p1b\n|-resisted|p1a: Urshifu\n|-damage|p1a: Urshifu|27\/100\n|-damage|p1b: Ehrmantraut|53\/100\n|-damage|p2b: Duncan|91\/100|[from] item: Life Orb\n|cant|p1a: Urshifu|flinch\n|move|p1b: Ehrmantraut|Glacial Lance|p2b: Duncan|[spread] p2a,p2b\n|-resisted|p2a: Banderilla\n|-damage|p2a: Banderilla|74\/100\n|-damage|p2b: Duncan|27\/100\n|\n|upkeep\n|turn|2\n|\n|t:|1737951398\n|switch|p2b: Mr. Gassy|Weezing-Galar, L50, M|100\/100\n|-ability|p2b: Mr. Gassy|Neutralizing Gas\n|-block|p2a: Banderilla|item: Ability Shield\n|switch|p1a: HADES|Incineroar, L50, F|100\/100\n|move|p2a: Banderilla|Knock Off|p1b: Ehrmantraut\n|-damage|p1b: Ehrmantraut|29\/100\n|-enditem|p1b: Ehrmantraut|Clear Amulet|[from] move: Knock Off|[of] p2a: Banderilla\n|move|p1b: Ehrmantraut|Trick Room|p1b: Ehrmantraut\n|-fieldstart|move: Trick Room|[of] p1b: Ehrmantraut\n|\n|upkeep\n|turn|3\n|\n|t:|1737951420\n|move|p1b: Ehrmantraut|High Horsepower|p2a: Banderilla\n|-supereffective|p2a: Banderilla\n|-damage|p2a: Banderilla|4\/100\n|move|p2a: Banderilla|Parting Shot|p1a: HADES\n|-unboost|p1a: HADES|atk|1\n|-unboost|p1a: HADES|spa|1\n|inactive|Battle timer is ON: inactive players will automatically lose when time's up. (requested by Enrique13131)\n|\n|t:|1737951446\n|switch|p2a: Charming|Iron Valiant, L50, shiny|100\/100|[from] Parting Shot\n|move|p2b: Mr. Gassy|Sludge Bomb|p1b: Ehrmantraut\n|-damage|p1b: Ehrmantraut|12\/100\n|move|p1a: HADES|Knock Off|p2b: Mr. Gassy\n|-resisted|p2b: Mr. Gassy\n|-damage|p2b: Mr. Gassy|88\/100\n|-enditem|p2b: Mr. Gassy|Sitrus Berry|[from] move: Knock Off|[of] p1a: HADES\n|\n|upkeep\n|turn|4\n|\n|t:|1737951466\n|move|p1b: Ehrmantraut|High Horsepower|p2b: Mr. Gassy\n|-supereffective|p2b: Mr. Gassy\n|-damage|p2b: Mr. Gassy|18\/100\n|move|p2b: Mr. Gassy|Sludge Bomb|p1b: Ehrmantraut\n|-damage|p1b: Ehrmantraut|0 fnt\n|faint|p1b: Ehrmantraut\n|move|p1a: HADES|Will-O-Wisp|p2a: Charming\n|-status|p2a: Charming|brn\n|move|p2a: Charming|Close Combat|p1a: HADES\n|-supereffective|p1a: HADES\n|-damage|p1a: HADES|51\/100\n|-unboost|p2a: Charming|def|1\n|-unboost|p2a: Charming|spd|1\n|\n|-damage|p2a: Charming|95\/100 brn|[from] brn\n|upkeep\n|\n|t:|1737951479\n|switch|p1b: Urshifu|Urshifu, L50, F|27\/100\n|turn|5\n|\n|t:|1737951500\n|-end|p2b: Mr. Gassy|ability: Neutralizing Gas\n|-ability|p1a: HADES|Intimidate|boost\n|-unboost|p2a: Charming|atk|1\n|-unboost|p2b: Mr. Gassy|atk|1\n|switch|p2b: Banderilla|Incineroar, L50, M|4\/100\n|-enditem|p2a: Charming|Booster Energy\n|-activate|p2a: Charming|ability: Quark Drive|[fromitem]\n|-start|p2a: Charming|quarkdrivespe\n|-ability|p2b: Banderilla|Intimidate|boost\n|-unboost|p1a: HADES|atk|1\n|-unboost|p1b: Urshifu|atk|1\n|switch|p1a: PAN|Rillaboom, L50, F|100\/100\n|-fieldstart|move: Grassy Terrain|[from] ability: Grassy Surge|[of] p1a: PAN\n|move|p1b: Urshifu|Detect|p1b: Urshifu\n|-singleturn|p1b: Urshifu|Protect\n|move|p2a: Charming|Spirit Break|p1b: Urshifu\n|-activate|p1b: Urshifu|move: Protect\n|\n|-heal|p2b: Banderilla|10\/100|[from] Grassy Terrain\n|-heal|p1b: Urshifu|32\/100|[from] Grassy Terrain\n|-heal|p2a: Charming|100\/100 brn|[from] Grassy Terrain\n|-damage|p2a: Charming|95\/100 brn|[from] brn\n|upkeep\n|turn|6\n|inactive|Enrique13131 has 30 seconds left.\n|\n|t:|1737951528\n|switch|p1b: HADES|Incineroar, L50, F|51\/100\n|-ability|p1b: HADES|Intimidate|boost\n|-unboost|p2a: Charming|atk|1\n|-unboost|p2b: Banderilla|atk|1\n|move|p2b: Banderilla|Fake Out|p1a: PAN\n|-damage|p1a: PAN|94\/100\n|cant|p1a: PAN|flinch\n|move|p2a: Charming|Spirit Break|p1b: HADES\n|-damage|p1b: HADES|43\/100\n|-unboost|p1b: HADES|spa|1\n|\n|-heal|p2b: Banderilla|16\/100|[from] Grassy Terrain\n|-heal|p1b: HADES|49\/100|[from] Grassy Terrain\n|-heal|p1a: PAN|99\/100|[from] Grassy Terrain\n|-heal|p2a: Charming|100\/100 brn|[from] Grassy Terrain\n|-damage|p2a: Charming|95\/100 brn|[from] brn\n|-fieldend|move: Trick Room\n|upkeep\n|turn|7\n|\n|t:|1737951552\n|-end|p2a: Charming|Quark Drive|[silent]\n|switch|p2a: Mr. Gassy|Weezing-Galar, L50, M|18\/100\n|-ability|p2a: Mr. Gassy|Neutralizing Gas\n|-block|p2b: Banderilla|item: Ability Shield\n|move|p1a: PAN|Wood Hammer|p2a: Mr. Gassy\n|-resisted|p2a: Mr. Gassy\n|-damage|p2a: Mr. Gassy|0 fnt\n|faint|p2a: Mr. Gassy\n|-end|p2a: Mr. Gassy|ability: Neutralizing Gas\n|-ability|p1b: HADES|Intimidate|boost\n|-unboost|p2b: Banderilla|atk|1\n|-damage|p1a: PAN|96\/100|[from] Recoil\n|move|p1b: HADES|Knock Off|p2b: Banderilla\n|-resisted|p2b: Banderilla\n|-damage|p2b: Banderilla|0 fnt\n|-enditem|p2b: Banderilla|Ability Shield|[from] move: Knock Off|[of] p1b: HADES\n|faint|p2b: Banderilla\n|\n|-heal|p1a: PAN|100\/100|[from] Grassy Terrain\n|-heal|p1b: HADES|56\/100|[from] Grassy Terrain\n|upkeep\n|\n|t:|1737951559\n|switch|p2a: Duncan|Calyrex-Shadow, L50|27\/100\n|switch|p2b: Charming|Iron Valiant, L50, shiny|95\/100 brn\n|-ability|p2a: Duncan|As One\n|-ability|p2a: Duncan|Unnerve\n|turn|8\n|\n|t:|1737951577\n|move|p2a: Duncan|Protect|p2a: Duncan\n|-singleturn|p2a: Duncan|Protect\n|move|p1a: PAN|Grassy Glide|p2a: Duncan\n|-activate|p2a: Duncan|move: Protect\n|move|p2b: Charming|Close Combat|p1b: HADES\n|-supereffective|p1b: HADES\n|-damage|p1b: HADES|0 fnt\n|-unboost|p2b: Charming|def|1\n|-unboost|p2b: Charming|spd|1\n|faint|p1b: HADES\n|\n|-heal|p2a: Duncan|33\/100|[from] Grassy Terrain\n|-heal|p2b: Charming|100\/100 brn|[from] Grassy Terrain\n|-damage|p2b: Charming|95\/100 brn|[from] brn\n|upkeep\n|\n|t:|1737951579\n|switch|p1b: Urshifu|Urshifu, L50, F|32\/100\n|turn|9\n|\n|t:|1737951595\n|move|p2a: Duncan|Protect||[still]\n|-fail|p2a: Duncan\n|move|p1b: Urshifu|Detect|p1b: Urshifu\n|-singleturn|p1b: Urshifu|Protect\n|move|p1a: PAN|Grassy Glide|p2a: Duncan\n|-damage|p2a: Duncan|0 fnt\n|faint|p2a: Duncan\n|move|p2b: Charming|Spirit Break|p1b: Urshifu\n|-activate|p1b: Urshifu|move: Protect\n|\n|-heal|p2b: Charming|100\/100 brn|[from] Grassy Terrain\n|-heal|p1b: Urshifu|38\/100|[from] Grassy Terrain\n|-damage|p2b: Charming|95\/100 brn|[from] brn\n|-fieldend|move: Grassy Terrain\n|upkeep\n|turn|10\n|-message|infinitygroudon forfeited.\n|\n|win|Enrique13131\n|raw|Enrique13131's rating: 1534 &rarr; <strong>1557<\/strong><br \/>(+23 for winning)\n|raw|infinitygroudon's rating: 1584 &rarr; <strong>1561<\/strong><br \/>(-23 for losing)\n|l|\u2606infinitygroudon\n|player|p2|\n|c|\u2606Enrique13131|Hahaha\n","uploadtime":1737951658,"views":6,"formatid":"gen9vgc2025regg","rating":1557,"private":0,"password":null}