{"id":"gen9vgc2025regg-2288582732","format":"[Gen 9] VGC 2025 Reg G","players":["Diestoise","DimensionalFool"],"log":"|j|\u2606Diestoise\n|j|\u203dDimensionalFool\n|t:|1737907434\n|gametype|doubles\n|player|p1|Diestoise|blue|1696\n|player|p2|DimensionalFool|steven|1584\n|teamsize|p1|6\n|teamsize|p2|6\n|gen|9\n|tier|[Gen 9] VGC 2025 Reg G\n|rated|\n|rule|Species Clause: Limit one of each Pok\u00e9mon\n|rule|Item Clause: Limit 1 of each item\n|clearpoke\n|poke|p1|Koraidon, L50|\n|poke|p1|Raging Bolt, L50|\n|poke|p1|Entei, L50|\n|poke|p1|Flutter Mane, L50|\n|poke|p1|Venusaur, L50, F|\n|poke|p1|Ditto, L50|\n|poke|p2|Grimmsnarl, L50, M|\n|poke|p2|Landorus, L50, M|\n|poke|p2|Calyrex-Ice, L50|\n|poke|p2|Pelipper, L50, F|\n|poke|p2|Urshifu-*, L50, M|\n|poke|p2|Rillaboom, L50, M|\n|teampreview|4\n|inactive|Battle timer is ON: inactive players will automatically lose when time's up. (requested by DimensionalFool)\n|\n|t:|1737907462\n|start\n|switch|p1a: Flutter Mane|Flutter Mane, L50, shiny|100\/100\n|switch|p1b: Venusaur|Venusaur, L50, F, shiny|100\/100\n|switch|p2a: Rillaboom|Rillaboom, L50, M|100\/100\n|switch|p2b: Calyrex|Calyrex-Ice, L50|100\/100\n|-ability|p2b: Calyrex|As One\n|-ability|p2b: Calyrex|Unnerve\n|-fieldstart|move: Grassy Terrain|[from] ability: Grassy Surge|[of] p2a: Rillaboom\n|turn|1\n|\n|t:|1737907482\n|-end|p1a: Flutter Mane|Protosynthesis|[silent]\n|switch|p1a: Ditto|Ditto, L50|100\/100\n|-transform|p1a: Ditto|p2b: Calyrex|[from] ability: Imposter\n|-ability|p1a: Ditto|As One\n|-ability|p1a: Ditto|Unnerve\n|-terastallize|p2b: Calyrex|Water\n|move|p2a: Rillaboom|Fake Out|p1b: Venusaur\n|-damage|p1b: Venusaur|85\/100\n|move|p1b: Venusaur|Sleep Powder|p2b: Calyrex\n|-status|p2b: Calyrex|slp|[from] move: Sleep Powder\n|cant|p2b: Calyrex|slp\n|\n|-heal|p1b: Venusaur|91\/100|[from] Grassy Terrain\n|upkeep\n|turn|2\n|inactive|Diestoise has 30 seconds left.\n|-activate|p1a: Ditto|item: Quick Claw\n|\n|t:|1737907507\n|move|p1a: Ditto|Glacial Lance|p2a: Rillaboom|[spread] p2a,p2b\n|-supereffective|p2a: Rillaboom\n|-resisted|p2b: Calyrex\n|-damage|p2a: Rillaboom|0 fnt\n|-damage|p2b: Calyrex|83\/100 slp\n|faint|p2a: Rillaboom\n|-ability|p1a: Ditto|Chilling Neigh|boost\n|-boost|p1a: Ditto|atk|1\n|move|p1b: Venusaur|Leaf Storm|p2b: Calyrex\n|-supereffective|p2b: Calyrex\n|-damage|p2b: Calyrex|32\/100 slp\n|-unboost|p1b: Venusaur|spa|2\n|cant|p2b: Calyrex|slp\n|\n|-heal|p1b: Venusaur|97\/100|[from] Grassy Terrain\n|-heal|p2b: Calyrex|38\/100 slp|[from] Grassy Terrain\n|upkeep\n|\n|t:|1737907519\n|switch|p2a: Pelipper|Pelipper, L50, F|100\/100\n|-weather|RainDance|[from] ability: Drizzle|[of] p2a: Pelipper\n|turn|3\n|-activate|p1a: Ditto|item: Quick Claw\n|\n|t:|1737907531\n|move|p1a: Ditto|Seed Bomb|p2b: Calyrex\n|-supereffective|p2b: Calyrex\n|-damage|p2b: Calyrex|0 fnt\n|faint|p2b: Calyrex\n|-ability|p1a: Ditto|Chilling Neigh|boost\n|-boost|p1a: Ditto|atk|1\n|move|p1b: Venusaur|Sleep Powder|p2a: Pelipper|[miss]\n|-miss|p1b: Venusaur|p2a: Pelipper\n|move|p2a: Pelipper|Weather Ball|p1a: Ditto\n|-damage|p1a: Ditto|39\/100\n|\n|-weather|RainDance|[upkeep]\n|-heal|p1b: Venusaur|100\/100|[from] Grassy Terrain\n|-heal|p1a: Ditto|44\/100|[from] Grassy Terrain\n|upkeep\n|\n|t:|1737907535\n|switch|p2b: Urshifu|Urshifu-Rapid-Strike, L50, M|100\/100\n|turn|4\n|inactive|Diestoise has 30 seconds left.\n|inactive|Diestoise has 20 seconds left.\n|inactive|Diestoise has 15 seconds left.\n|inactive|Diestoise has 10 seconds left.\n|\n|t:|1737907583\n|move|p2b: Urshifu|Surging Strikes|p1a: Ditto\n|-crit|p1a: Ditto\n|-damage|p1a: Ditto|17\/100\n|-crit|p1a: Ditto\n|-damage|p1a: Ditto|0 fnt\n|faint|p1a: Ditto\n|-hitcount|p1: Ditto|2\n|move|p1b: Venusaur|Leaf Storm|p2b: Urshifu\n|-supereffective|p2b: Urshifu\n|-damage|p2b: Urshifu|15\/100\n|-unboost|p1b: Venusaur|spa|2\n|move|p2a: Pelipper|Hurricane|p1b: Venusaur\n|-supereffective|p1b: Venusaur\n|-damage|p1b: Venusaur|10\/100\n|\n|-weather|RainDance|[upkeep]\n|-heal|p2b: Urshifu|20\/100|[from] Grassy Terrain\n|-heal|p1b: Venusaur|16\/100|[from] Grassy Terrain\n|upkeep\n|\n|t:|1737907591\n|switch|p1a: Raging Bolt|Raging Bolt, L50|100\/100\n|turn|5\n|\n|t:|1737907606\n|move|p2b: Urshifu|Surging Strikes|p1a: Raging Bolt\n|-resisted|p1a: Raging Bolt\n|-crit|p1a: Raging Bolt\n|-damage|p1a: Raging Bolt|86\/100\n|-resisted|p1a: Raging Bolt\n|-crit|p1a: Raging Bolt\n|-damage|p1a: Raging Bolt|71\/100\n|-resisted|p1a: Raging Bolt\n|-crit|p1a: Raging Bolt\n|-damage|p1a: Raging Bolt|58\/100\n|-hitcount|p1a: Raging Bolt|3\n|move|p1b: Venusaur|Leaf Storm|p2b: Urshifu\n|-supereffective|p2b: Urshifu\n|-damage|p2b: Urshifu|0 fnt\n|-unboost|p1b: Venusaur|spa|2\n|faint|p2b: Urshifu\n|move|p2a: Pelipper|Hurricane|p1b: Venusaur\n|-supereffective|p1b: Venusaur\n|-damage|p1b: Venusaur|0 fnt\n|faint|p1b: Venusaur\n|move|p1a: Raging Bolt|Thunderbolt|p2a: Pelipper\n|-supereffective|p2a: Pelipper\n|-enditem|p2a: Pelipper|Focus Sash\n|-damage|p2a: Pelipper|1\/100\n|-damage|p1a: Raging Bolt|49\/100|[from] item: Life Orb\n|\n|-weather|RainDance|[upkeep]\n|-heal|p1a: Raging Bolt|55\/100|[from] Grassy Terrain\n|-fieldend|move: Grassy Terrain\n|upkeep\n|-message|DimensionalFool forfeited.\n|\n|win|Diestoise\n|raw|Diestoise's rating: 1696 &rarr; <strong>1710<\/strong><br \/>(+14 for winning)\n|raw|DimensionalFool's rating: 1584 &rarr; <strong>1570<\/strong><br \/>(-14 for losing)\n|l|\u203dDimensionalFool\n|player|p2|\n|l|\u2606Diestoise\n|player|p1|\n","uploadtime":1737907886,"views":12,"formatid":"gen9vgc2025regg","rating":1570,"private":0,"password":null}