{"id":"gen9vgc2025regg-2288407160","format":"[Gen 9] VGC 2025 Reg G","players":["maggeprutten7","seung2742"],"log":"|j|\u2606maggeprutten7\n|j|\u2606seung2742\n|t:|1737875716\n|gametype|doubles\n|player|p1|maggeprutten7|unknown|1536\n|player|p2|seung2742|265|1641\n|teamsize|p1|6\n|teamsize|p2|6\n|gen|9\n|tier|[Gen 9] VGC 2025 Reg G\n|rated|\n|rule|Species Clause: Limit one of each Pok\u00e9mon\n|rule|Item Clause: Limit 1 of each item\n|clearpoke\n|poke|p1|Calyrex-Shadow, L50|\n|poke|p1|Weezing-Galar, L50, F|\n|poke|p1|Dondozo, L50, M|\n|poke|p1|Tatsugiri-Droopy, L50, F|\n|poke|p1|Indeedee-F, L50, F|\n|poke|p1|Urshifu-*, L50, M|\n|poke|p2|Groudon, L50|\n|poke|p2|Rillaboom, L50, F|\n|poke|p2|Gouging Fire, L50|\n|poke|p2|Regidrago, L50|\n|poke|p2|Iron Crown, L50|\n|poke|p2|Yanmega, L50, M|\n|teampreview|4\n|inactive|Battle timer is ON: inactive players will automatically lose when time's up. (requested by seung2742)\n|inactive|maggeprutten7 has 60 seconds left.\n|\n|t:|1737875750\n|start\n|switch|p1a: Calyrex|Calyrex-Shadow, L50|100\/100\n|switch|p1b: Weezing|Weezing-Galar, L50, F|100\/100\n|switch|p2a: Iron Crown|Iron Crown, L50|100\/100\n|switch|p2b: Yanmega|Yanmega, L50, M|100\/100\n|-ability|p1a: Calyrex|As One\n|-ability|p1a: Calyrex|Unnerve\n|-ability|p1b: Weezing|Neutralizing Gas\n|turn|1\n|\n|t:|1737875771\n|-terastallize|p2a: Iron Crown|Dark\n|move|p1a: Calyrex|Astral Barrage|p2a: Iron Crown|[spread] p2a,p2b\n|-resisted|p2a: Iron Crown\n|-damage|p2a: Iron Crown|65\/100\n|-enditem|p2b: Yanmega|Focus Sash\n|-damage|p2b: Yanmega|1\/100\n|-damage|p1a: Calyrex|91\/100|[from] item: Life Orb\n|move|p2a: Iron Crown|Gravity|p2a: Iron Crown\n|-fieldstart|move: Gravity\n|move|p2b: Yanmega|Hypnosis|p1b: Weezing\n|-status|p1b: Weezing|slp|[from] move: Hypnosis\n|cant|p1b: Weezing|slp\n|\n|upkeep\n|turn|2\n|inactive|seung2742 has 30 seconds left.\n|inactive|seung2742 has 20 seconds left.\n|\n|t:|1737875808\n|move|p1a: Calyrex|Astral Barrage|p2b: Yanmega|[spread] p2a,p2b\n|-resisted|p2a: Iron Crown\n|-damage|p2a: Iron Crown|30\/100\n|-damage|p2b: Yanmega|0 fnt\n|faint|p2b: Yanmega\n|-ability|p1a: Calyrex|Grim Neigh|boost\n|-boost|p1a: Calyrex|spa|1\n|-damage|p1a: Calyrex|82\/100|[from] item: Life Orb\n|move|p2a: Iron Crown|Tera Blast|p1a: Calyrex|[anim] Tera Blast Dark\n|-supereffective|p1a: Calyrex\n|-damage|p1a: Calyrex|0 fnt\n|faint|p1a: Calyrex\n|-curestatus|p1b: Weezing|slp|[msg]\n|move|p1b: Weezing|Toxic Spikes|p2a: Iron Crown\n|-sidestart|p2: seung2742|move: Toxic Spikes\n|\n|upkeep\n|\n|t:|1737875823\n|switch|p1a: Dondozo|Dondozo, L50, M|100\/100\n|switch|p2b: Groudon|Groudon, L50|100\/100\n|-status|p2b: Groudon|psn\n|turn|3\n|inactive|maggeprutten7 has 30 seconds left.\n|inactive|maggeprutten7 has 20 seconds left.\n|\n|t:|1737875859\n|-end|p1b: Weezing|ability: Neutralizing Gas\n|-weather|SunnyDay|[from] ability: Drought|[of] p2b: Groudon\n|switch|p1b: Tatsugiri|Tatsugiri-Droopy, L50, F|100\/100\n|-enditem|p2a: Iron Crown|Booster Energy\n|-activate|p2a: Iron Crown|ability: Quark Drive|[fromitem]\n|-start|p2a: Iron Crown|quarkdrivespe\n|-activate|p1b: Tatsugiri|ability: Commander|[of] p1a: Dondozo\n|-boost|p1a: Dondozo|atk|2\n|-boost|p1a: Dondozo|spa|2\n|-boost|p1a: Dondozo|spe|2\n|-boost|p1a: Dondozo|def|2\n|-boost|p1a: Dondozo|spd|2\n|move|p2a: Iron Crown|Tera Blast|p1a: Dondozo|[anim] Tera Blast Dark\n|-damage|p1a: Dondozo|84\/100\n|move|p1a: Dondozo|Order Up|p2a: Iron Crown\n|-damage|p2a: Iron Crown|0 fnt\n|faint|p2a: Iron Crown\n|-end|p2a: Iron Crown|Quark Drive|[silent]\n|-boost|p1a: Dondozo|def|1\n|move|p2b: Groudon|Precipice Blades|p1b: Tatsugiri|[spread] p1a\n|-miss|p2b: Groudon|p1b: Tatsugiri\n|-damage|p1a: Dondozo|65\/100\n|\n|-weather|SunnyDay|[upkeep]\n|-heal|p1a: Dondozo|71\/100|[from] item: Leftovers\n|-damage|p2b: Groudon|88\/100 psn|[from] psn\n|upkeep\n|\n|t:|1737875880\n|switch|p2a: Rillaboom|Rillaboom, L50, F|100\/100\n|-status|p2a: Rillaboom|psn\n|-fieldstart|move: Grassy Terrain|[from] ability: Grassy Surge|[of] p2a: Rillaboom\n|turn|4\n|\n|t:|1737875888\n|move|p1a: Dondozo|Protect|p1a: Dondozo\n|-singleturn|p1a: Dondozo|Protect\n|move|p2a: Rillaboom|Fake Out|p1a: Dondozo\n|-activate|p1a: Dondozo|move: Protect\n|move|p2b: Groudon|Precipice Blades|p1b: Tatsugiri|[spread] \n|-miss|p2b: Groudon|p1b: Tatsugiri\n|-activate|p1a: Dondozo|move: Protect\n|\n|-weather|SunnyDay|[upkeep]\n|-heal|p1a: Dondozo|77\/100|[from] Grassy Terrain\n|-heal|p1a: Dondozo|84\/100|[from] item: Leftovers\n|-heal|p2b: Groudon|94\/100 psn|[from] Grassy Terrain\n|-damage|p2b: Groudon|82\/100 psn|[from] psn\n|-damage|p2a: Rillaboom|88\/100 psn|[from] psn\n|upkeep\n|turn|5\n|\n|t:|1737875905\n|-terastallize|p1a: Dondozo|Grass\n|move|p1a: Dondozo|Body Press|p2b: Groudon\n|-damage|p2b: Groudon|33\/100 psn\n|move|p2b: Groudon|Precipice Blades|p1a: Dondozo|[spread] p1a\n|-miss|p2b: Groudon|p1b: Tatsugiri\n|-resisted|p1a: Dondozo\n|-damage|p1a: Dondozo|74\/100\n|move|p2a: Rillaboom|Wood Hammer|p1a: Dondozo\n|-resisted|p1a: Dondozo\n|-damage|p1a: Dondozo|66\/100\n|-damage|p2a: Rillaboom|85\/100 psn|[from] Recoil\n|\n|-weather|SunnyDay|[upkeep]\n|-heal|p1a: Dondozo|73\/100|[from] Grassy Terrain\n|-heal|p1a: Dondozo|79\/100|[from] item: Leftovers\n|-heal|p2b: Groudon|39\/100 psn|[from] Grassy Terrain\n|-heal|p2a: Rillaboom|91\/100 psn|[from] Grassy Terrain\n|-damage|p2b: Groudon|27\/100 psn|[from] psn\n|-damage|p2a: Rillaboom|79\/100 psn|[from] psn\n|-fieldend|move: Gravity\n|upkeep\n|turn|6\n|-message|seung2742 forfeited.\n|\n|win|maggeprutten7\n|raw|maggeprutten7's rating: 1536 &rarr; <strong>1562<\/strong><br \/>(+26 for winning)\n|raw|seung2742's rating: 1641 &rarr; <strong>1615<\/strong><br \/>(-26 for losing)\n|l|\u2606seung2742\n|player|p2|\n|j|\u2606seung2742\n|player|p2|seung2742|265|\n|l|\u2606seung2742\n|player|p2|\n|l|\u2606maggeprutten7\n|player|p1|\n","uploadtime":1737876106,"views":8,"formatid":"gen9vgc2025regg","rating":1562,"private":0,"password":null}