{"id":"gen9vgc2025regg-2288935115","format":"[Gen 9] VGC 2025 Reg G","players":["suffyrin","Dktdragon"],"log":"|j|\u2606suffyrin\n|j|\u2606Dktdragon\n|t:|1737950258\n|gametype|doubles\n|player|p1|suffyrin|265|1504\n|player|p2|Dktdragon|lady|1592\n|teamsize|p1|6\n|teamsize|p2|6\n|gen|9\n|tier|[Gen 9] VGC 2025 Reg G\n|rated|\n|rule|Species Clause: Limit one of each Pok\u00e9mon\n|rule|Item Clause: Limit 1 of each item\n|clearpoke\n|poke|p1|Calyrex-Shadow, L50|\n|poke|p1|Incineroar, L50, F|\n|poke|p1|Raging Bolt, L50|\n|poke|p1|Amoonguss, L50, F|\n|poke|p1|Urshifu-*, L50, F|\n|poke|p1|Rillaboom, L50, M|\n|poke|p2|Whimsicott, L50, F|\n|poke|p2|Miraidon, L50|\n|poke|p2|Farigiraf, L50, F|\n|poke|p2|Iron Hands, L50|\n|poke|p2|Ogerpon-Hearthflame, L50, F|\n|poke|p2|Urshifu-*, L50, F|\n|teampreview|4\n|inactive|Battle timer is ON: inactive players will automatically lose when time's up. (requested by suffyrin)\n|\n|t:|1737950292\n|start\n|switch|p1a: Amoonguss|Amoonguss, L50, F|100\/100\n|switch|p1b: Incineroar|Incineroar, L50, F|100\/100\n|switch|p2a: Urshifu|Urshifu, L50, F|100\/100\n|switch|p2b: Whimsicott|Whimsicott, L50, F|100\/100\n|-ability|p1b: Incineroar|Intimidate|boost\n|-unboost|p2a: Urshifu|atk|1\n|-unboost|p2b: Whimsicott|atk|1\n|turn|1\n|inactive|Dktdragon has 30 seconds left.\n|\n|t:|1737950326\n|move|p2b: Whimsicott|Tailwind|p2b: Whimsicott\n|-sidestart|p2: Dktdragon|move: Tailwind\n|move|p2a: Urshifu|Close Combat|p1b: Incineroar\n|-supereffective|p1b: Incineroar\n|-damage|p1b: Incineroar|37\/100\n|-unboost|p2a: Urshifu|def|1\n|-unboost|p2a: Urshifu|spd|1\n|-damage|p2a: Urshifu|84\/100|[from] item: Rocky Helmet|[of] p1b: Incineroar\n|move|p1b: Incineroar|Will-O-Wisp|p2a: Urshifu\n|-status|p2a: Urshifu|brn\n|move|p1a: Amoonguss|Sludge Bomb|p2b: Whimsicott\n|-supereffective|p2b: Whimsicott\n|-damage|p2b: Whimsicott|0 fnt\n|faint|p2b: Whimsicott\n|\n|-damage|p2a: Urshifu|78\/100 brn|[from] brn\n|upkeep\n|\n|t:|1737950342\n|switch|p2b: Miraidon|Miraidon, L50|100\/100\n|-fieldstart|move: Electric Terrain|[from] ability: Hadron Engine|[of] p2b: Miraidon\n|turn|2\n|\n|t:|1737950366\n|switch|p1b: Rillaboom|Rillaboom, L50, M|100\/100\n|-fieldstart|move: Grassy Terrain|[from] ability: Grassy Surge|[of] p1b: Rillaboom\n|move|p1a: Amoonguss|Protect|p1a: Amoonguss\n|-singleturn|p1a: Amoonguss|Protect\n|move|p2b: Miraidon|Electro Drift|p1a: Amoonguss\n|-activate|p1a: Amoonguss|move: Protect\n|move|p2a: Urshifu|Wicked Blow|p1b: Rillaboom\n|-crit|p1b: Rillaboom\n|-damage|p1b: Rillaboom|73\/100\n|\n|-heal|p2a: Urshifu|84\/100 brn|[from] Grassy Terrain\n|-heal|p1b: Rillaboom|79\/100|[from] Grassy Terrain\n|-damage|p2a: Urshifu|78\/100 brn|[from] brn\n|upkeep\n|turn|3\n|j| Gucci Oven Mitts\n|l| gucciovenmitts\n|inactive|Dktdragon has 30 seconds left.\n|inactive|Dktdragon has 20 seconds left.\n|\n|t:|1737950402\n|switch|p2b: Iron Hands|Iron Hands, L50|100\/100\n|move|p2a: Urshifu|Protect|p2a: Urshifu\n|-singleturn|p2a: Urshifu|Protect\n|move|p1b: Rillaboom|Fake Out|p2b: Iron Hands\n|-damage|p2b: Iron Hands|91\/100\n|move|p1a: Amoonguss|Spore|p2b: Iron Hands\n|-status|p2b: Iron Hands|slp|[from] move: Spore\n|\n|-heal|p2a: Urshifu|84\/100 brn|[from] Grassy Terrain\n|-heal|p1b: Rillaboom|84\/100|[from] Grassy Terrain\n|-heal|p2b: Iron Hands|97\/100 slp|[from] Grassy Terrain\n|-damage|p2a: Urshifu|78\/100 brn|[from] brn\n|upkeep\n|turn|4\n|inactive|Dktdragon has 30 seconds left.\n|\n|t:|1737950431\n|switch|p2a: Miraidon|Miraidon, L50|100\/100\n|-fieldstart|move: Electric Terrain|[from] ability: Hadron Engine|[of] p2a: Miraidon\n|-activate|p2b: Iron Hands|ability: Quark Drive\n|-start|p2b: Iron Hands|quarkdriveatk\n|move|p1b: Rillaboom|U-turn|p2b: Iron Hands\n|-resisted|p2b: Iron Hands\n|-damage|p2b: Iron Hands|89\/100 slp\n|\n|t:|1737950440\n|switch|p1b: Incineroar|Incineroar, L50, F|37\/100|[from] U-turn\n|-ability|p1b: Incineroar|Intimidate|boost\n|-unboost|p2a: Miraidon|atk|1\n|-unboost|p2b: Iron Hands|atk|1\n|cant|p2b: Iron Hands|slp\n|move|p1a: Amoonguss|Sludge Bomb|p2a: Miraidon\n|-damage|p2a: Miraidon|74\/100\n|\n|-sideend|p2: Dktdragon|move: Tailwind\n|upkeep\n|turn|5\n|\n|t:|1737950459\n|move|p1b: Incineroar|Fake Out|p2a: Miraidon\n|-damage|p2a: Miraidon|64\/100\n|cant|p2a: Miraidon|flinch\n|move|p1a: Amoonguss|Sludge Bomb|p2a: Miraidon\n|-damage|p2a: Miraidon|39\/100\n|-curestatus|p2b: Iron Hands|slp|[msg]\n|move|p2b: Iron Hands|Drain Punch|p1b: Incineroar\n|-supereffective|p1b: Incineroar\n|-damage|p1b: Incineroar|0 fnt\n|-heal|p2b: Iron Hands|100\/100|[from] drain|[of] p1b: Incineroar\n|-damage|p2b: Iron Hands|84\/100|[from] item: Rocky Helmet|[of] p1b: Incineroar\n|faint|p1b: Incineroar\n|\n|upkeep\n|\n|t:|1737950468\n|switch|p1b: Rillaboom|Rillaboom, L50, M|84\/100\n|-fieldstart|move: Grassy Terrain|[from] ability: Grassy Surge|[of] p1b: Rillaboom\n|-end|p2b: Iron Hands|Quark Drive\n|turn|6\n|\n|t:|1737950481\n|switch|p2a: Urshifu|Urshifu, L50, F|78\/100 brn\n|move|p1b: Rillaboom|Fake Out|p2a: Urshifu\n|-damage|p2a: Urshifu|64\/100 brn\n|move|p1a: Amoonguss|Spore|p2b: Iron Hands\n|-status|p2b: Iron Hands|slp|[from] move: Spore\n|cant|p2b: Iron Hands|slp\n|\n|-heal|p2a: Urshifu|70\/100 brn|[from] Grassy Terrain\n|-heal|p1b: Rillaboom|90\/100|[from] Grassy Terrain\n|-heal|p2b: Iron Hands|90\/100 slp|[from] Grassy Terrain\n|-damage|p2a: Urshifu|64\/100 brn|[from] brn\n|upkeep\n|turn|7\n|inactive|suffyrin has 30 seconds left.\n|\n|t:|1737950514\n|move|p2a: Urshifu|Protect|p2a: Urshifu\n|-singleturn|p2a: Urshifu|Protect\n|move|p1b: Rillaboom|U-turn|p2a: Urshifu\n|-activate|p2a: Urshifu|move: Protect\n|move|p1a: Amoonguss|Sludge Bomb|p2a: Urshifu\n|-activate|p2a: Urshifu|move: Protect\n|-curestatus|p2b: Iron Hands|slp|[msg]\n|move|p2b: Iron Hands|Heavy Slam|p1b: Rillaboom\n|-crit|p1b: Rillaboom\n|-damage|p1b: Rillaboom|33\/100\n|\n|-heal|p2a: Urshifu|70\/100 brn|[from] Grassy Terrain\n|-heal|p1b: Rillaboom|38\/100|[from] Grassy Terrain\n|-heal|p2b: Iron Hands|96\/100|[from] Grassy Terrain\n|-damage|p2a: Urshifu|64\/100 brn|[from] brn\n|upkeep\n|turn|8\n|inactive|Dktdragon has 30 seconds left.\n|\n|t:|1737950544\n|switch|p2a: Miraidon|Miraidon, L50|39\/100\n|-fieldstart|move: Electric Terrain|[from] ability: Hadron Engine|[of] p2a: Miraidon\n|-activate|p2b: Iron Hands|ability: Quark Drive\n|-start|p2b: Iron Hands|quarkdriveatk\n|move|p1a: Amoonguss|Rage Powder|p1a: Amoonguss\n|-singleturn|p1a: Amoonguss|move: Rage Powder\n|move|p1b: Rillaboom|U-turn|p2a: Miraidon\n|-damage|p2a: Miraidon|16\/100\n|\n|t:|1737950551\n|switch|p1b: Calyrex|Calyrex-Shadow, L50|100\/100|[from] U-turn\n|-ability|p1b: Calyrex|As One\n|-ability|p1b: Calyrex|Unnerve\n|move|p2b: Iron Hands|Heavy Slam|p1a: Amoonguss\n|-damage|p1a: Amoonguss|68\/100\n|\n|upkeep\n|turn|9\n|inactive|Dktdragon has 30 seconds left.\n|\n|t:|1737950580\n|move|p1a: Amoonguss|Rage Powder|p1a: Amoonguss\n|-singleturn|p1a: Amoonguss|move: Rage Powder\n|move|p1b: Calyrex|Astral Barrage|p2a: Miraidon|[spread] p2a,p2b\n|-damage|p2a: Miraidon|0 fnt\n|-damage|p2b: Iron Hands|60\/100\n|faint|p2a: Miraidon\n|-ability|p1b: Calyrex|Grim Neigh|boost\n|-boost|p1b: Calyrex|spa|1\n|-damage|p1b: Calyrex|91\/100|[from] item: Life Orb\n|move|p2b: Iron Hands|Heavy Slam|p1a: Amoonguss\n|-damage|p1a: Amoonguss|35\/100\n|-enditem|p1a: Amoonguss|Sitrus Berry|[eat]\n|-heal|p1a: Amoonguss|60\/100|[from] item: Sitrus Berry\n|\n|upkeep\n|\n|t:|1737950594\n|switch|p2a: Urshifu|Urshifu, L50, F|64\/100 brn\n|turn|10\n|\n|t:|1737950609\n|-terastallize|p2b: Iron Hands|Bug\n|move|p1a: Amoonguss|Rage Powder|p1a: Amoonguss\n|-singleturn|p1a: Amoonguss|move: Rage Powder\n|move|p1b: Calyrex|Psychic|p2b: Iron Hands\n|-damage|p2b: Iron Hands|2\/100\n|-damage|p1b: Calyrex|81\/100|[from] item: Life Orb\n|move|p2a: Urshifu|Wicked Blow|p1a: Amoonguss\n|-crit|p1a: Amoonguss\n|-damage|p1a: Amoonguss|33\/100\n|move|p2b: Iron Hands|Heavy Slam|p1a: Amoonguss\n|-damage|p1a: Amoonguss|1\/100\n|\n|-damage|p2a: Urshifu|58\/100 brn|[from] brn\n|upkeep\n|turn|11\n|inactive|suffyrin has 30 seconds left.\n|inactive|suffyrin has 20 seconds left.\n|inactive|suffyrin has 15 seconds left.\n|\n|t:|1737950652\n|move|p1a: Amoonguss|Rage Powder|p1a: Amoonguss\n|-singleturn|p1a: Amoonguss|move: Rage Powder\n|move|p2a: Urshifu|Sucker Punch||[still]\n|-fail|p2a: Urshifu\n|move|p1b: Calyrex|Astral Barrage|p2a: Urshifu|[spread] p2a,p2b\n|-resisted|p2a: Urshifu\n|-damage|p2a: Urshifu|0 fnt\n|-damage|p2b: Iron Hands|0 fnt\n|faint|p2a: Urshifu\n|faint|p2b: Iron Hands\n|-end|p2b: Iron Hands|Quark Drive|[silent]\n|-damage|p1b: Calyrex|72\/100|[from] item: Life Orb\n|\n|win|suffyrin\n|raw|suffyrin's rating: 1504 &rarr; <strong>1529<\/strong><br \/>(+25 for winning)\n|raw|Dktdragon's rating: 1592 &rarr; <strong>1567<\/strong><br \/>(-25 for losing)\n|l|\u2606suffyrin\n|player|p1|\n","uploadtime":1737950674,"views":91,"formatid":"gen9vgc2025regg","rating":1529,"private":0,"password":null}