{"id":"gen9vgc2025regg-2288813608","format":"[Gen 9] VGC 2025 Reg G","players":["Michael Glick","SeaWolfMikess"],"log":"|j|\u2606Michael Glick\n|j|\u2606SeaWolfMikess\n|t:|1737934405\n|gametype|doubles\n|player|p1|Michael Glick|birdkeeper|1622\n|player|p2|SeaWolfMikess|hugh|1631\n|teamsize|p1|6\n|teamsize|p2|6\n|gen|9\n|tier|[Gen 9] VGC 2025 Reg G\n|rated|\n|rule|Species Clause: Limit one of each Pok\u00e9mon\n|rule|Item Clause: Limit 1 of each item\n|clearpoke\n|poke|p1|Terapagos, L50, M|\n|poke|p1|Tinkaton, L50, F|\n|poke|p1|Basculegion, L50, M|\n|poke|p1|Amoonguss, L50, F|\n|poke|p1|Pelipper, L50, M|\n|poke|p1|Landorus, L50, M|\n|poke|p2|Calyrex-Ice, L50|\n|poke|p2|Urshifu-*, L50, F|\n|poke|p2|Ogerpon-Cornerstone, L50, F|\n|poke|p2|Rillaboom, L50, M|\n|poke|p2|Raging Bolt, L50|\n|poke|p2|Chi-Yu, L50|\n|teampreview|4\n|inactive|Battle timer is ON: inactive players will automatically lose when time's up. (requested by Michael Glick)\n|inactive|Michael Glick has 60 seconds left.\n|\n|t:|1737934442\n|start\n|switch|p1a: Tinkaton|Tinkaton, L50, F|100\/100\n|switch|p1b: Landorus|Landorus, L50, M|100\/100\n|switch|p2a: Calyrex|Calyrex-Ice, L50|100\/100\n|switch|p2b: Raging Bolt|Raging Bolt, L50|100\/100\n|-ability|p2a: Calyrex|As One\n|-ability|p2a: Calyrex|Unnerve\n|-ability|p1a: Tinkaton|Mold Breaker\n|-enditem|p2b: Raging Bolt|Booster Energy\n|-activate|p2b: Raging Bolt|ability: Protosynthesis|[fromitem]\n|-start|p2b: Raging Bolt|protosynthesisspa\n|turn|1\n|inactive|SeaWolfMikess has 30 seconds left.\n|inactive|SeaWolfMikess has 20 seconds left.\n|inactive|SeaWolfMikess has 15 seconds left.\n|\n|t:|1737934482\n|move|p1a: Tinkaton|Fake Out|p2a: Calyrex\n|-damage|p2a: Calyrex|95\/100\n|move|p1b: Landorus|Earth Power|p2a: Calyrex\n|-damage|p2a: Calyrex|56\/100\n|move|p2b: Raging Bolt|Draco Meteor|p1b: Landorus\n|-damage|p1b: Landorus|0 fnt\n|-unboost|p2b: Raging Bolt|spa|2\n|faint|p1b: Landorus\n|cant|p2a: Calyrex|flinch\n|\n|upkeep\n|\n|t:|1737934493\n|switch|p1b: Terapagos|Terapagos, L50, M|100\/100\n|-activate|p1b: Terapagos|ability: Tera Shift\n|detailschange|p1b: Terapagos|Terapagos-Terastal, L50, M\n|-heal|p1b: Terapagos|100\/100|[silent]\n|turn|2\n|\n|t:|1737934498\n|move|p1a: Tinkaton|Gigaton Hammer|p2a: Calyrex\n|-supereffective|p2a: Calyrex\n|-damage|p2a: Calyrex|0 fnt\n|faint|p2a: Calyrex\n|move|p1b: Terapagos|Substitute|p1b: Terapagos\n|-start|p1b: Terapagos|Substitute\n|-damage|p1b: Terapagos|75\/100\n|move|p2b: Raging Bolt|Thunderbolt|p1b: Terapagos\n|-end|p1b: Terapagos|Substitute\n|\n|-heal|p1b: Terapagos|82\/100|[from] item: Leftovers\n|upkeep\n|\n|t:|1737934501\n|switch|p2a: Urshifu|Urshifu-Rapid-Strike, L50, F|100\/100\n|turn|3\n|inactive|Michael Glick has 30 seconds left.\n|\n|t:|1737934530\n|-terastallize|p2a: Urshifu|Stellar\n|-terastallize|p1b: Terapagos|Stellar\n|detailschange|p1b: Terapagos|Terapagos-Stellar, L50, M, tera:Stellar\n|-heal|p1b: Terapagos|86\/100|[silent]\n|move|p1a: Tinkaton|Play Rough|p2b: Raging Bolt|[miss]\n|-miss|p1a: Tinkaton|p2b: Raging Bolt\n|move|p2a: Urshifu|Close Combat|p1b: Terapagos\n|-supereffective|p1b: Terapagos\n|-damage|p1b: Terapagos|0 fnt\n|-unboost|p2a: Urshifu|def|1\n|-unboost|p2a: Urshifu|spd|1\n|faint|p1b: Terapagos\n|move|p2b: Raging Bolt|Thunderbolt|p1a: Tinkaton\n|-damage|p1a: Tinkaton|77\/100\n|\n|upkeep\n|j| Moon7777\n|\n|t:|1737934537\n|switch|p1b: Pelipper|Pelipper, L50, M|100\/100\n|-weather|RainDance|[from] ability: Drizzle|[of] p1b: Pelipper\n|turn|4\n|\n|t:|1737934559\n|move|p1a: Tinkaton|Feint|p2a: Urshifu\n|-crit|p2a: Urshifu\n|-damage|p2a: Urshifu|84\/100\n|move|p2b: Raging Bolt|Thunderclap|p1b: Pelipper\n|-supereffective|p1b: Pelipper\n|-enditem|p1b: Pelipper|Focus Sash\n|-damage|p1b: Pelipper|1\/100\n|move|p2a: Urshifu|Surging Strikes|p1a: Tinkaton\n|-crit|p1a: Tinkaton\n|-damage|p1a: Tinkaton|18\/100\n|-crit|p1a: Tinkaton\n|-damage|p1a: Tinkaton|0 fnt\n|faint|p1a: Tinkaton\n|-hitcount|p1: Tinkaton|2\n|move|p1b: Pelipper|Hurricane|p2a: Urshifu\n|-supereffective|p2a: Urshifu\n|-damage|p2a: Urshifu|0 fnt\n|faint|p2a: Urshifu\n|\n|-weather|RainDance|[upkeep]\n|upkeep\n|\n|t:|1737934565\n|switch|p2a: Ogerpon|Ogerpon-Cornerstone, L50, F|100\/100\n|turn|5\n|-message|Michael Glick forfeited.\n|\n|win|SeaWolfMikess\n|raw|Michael Glick's rating: 1622 &rarr; <strong>1604<\/strong><br \/>(-18 for losing)\n|raw|SeaWolfMikess's rating: 1664 &rarr; <strong>1682<\/strong><br \/>(+18 for winning)\n|l|\u2606Michael Glick\n|player|p1|\n|l|\u2606SeaWolfMikess\n|player|p2|\n|l| Moon7777\n","uploadtime":1737934798,"views":20,"formatid":"gen9vgc2025regg","rating":1604,"private":0,"password":null}