{"id":"gen9vgc2025regg-2288660576","format":"[Gen 9] VGC 2025 Reg G","players":["infinitygroudon","7ammy"],"log":"|j|\u2606infinitygroudon\n|j|\u26067ammy\n|t:|1737916576\n|gametype|doubles\n|player|p1|infinitygroudon|1|1702\n|player|p2|7ammy|interviewers|1642\n|teamsize|p1|6\n|teamsize|p2|6\n|gen|9\n|tier|[Gen 9] VGC 2025 Reg G\n|rated|\n|rule|Species Clause: Limit one of each Pok\u00e9mon\n|rule|Item Clause: Limit 1 of each item\n|clearpoke\n|poke|p1|Calyrex-Shadow, L50|\n|poke|p1|Incineroar, L50, M|\n|poke|p1|Weezing-Galar, L50, M|\n|poke|p1|Indeedee-F, L50, F|\n|poke|p1|Iron Valiant, L50|\n|poke|p1|Ursaluna-Bloodmoon, L50, M|\n|poke|p2|Kyogre, L50|\n|poke|p2|Tornadus, L50, M|\n|poke|p2|Tsareena, L50, F|\n|poke|p2|Urshifu-*, L50, M|\n|poke|p2|Basculegion, L50, M|\n|poke|p2|Landorus, L50, M|\n|teampreview|4\n|inactive|Battle timer is ON: inactive players will automatically lose when time's up. (requested by 7ammy)\n|\n|t:|1737916603\n|start\n|switch|p1a: Banderilla|Incineroar, L50, M|100\/100\n|switch|p1b: Charming|Iron Valiant, L50, shiny|100\/100\n|switch|p2a: Kyogre|Kyogre, L50|100\/100\n|switch|p2b: Tornadus|Tornadus, L50, M|100\/100\n|-weather|RainDance|[from] ability: Drizzle|[of] p2a: Kyogre\n|-ability|p1a: Banderilla|Intimidate|boost\n|-unboost|p2a: Kyogre|atk|1\n|-unboost|p2b: Tornadus|atk|1\n|-enditem|p1b: Charming|Booster Energy\n|-activate|p1b: Charming|ability: Quark Drive|[fromitem]\n|-start|p1b: Charming|quarkdrivespe\n|turn|1\n|\n|t:|1737916624\n|-terastallize|p1b: Charming|Fairy\n|move|p1a: Banderilla|Fake Out|p2a: Kyogre\n|-damage|p2a: Kyogre|88\/100\n|move|p2b: Tornadus|Tailwind|p2b: Tornadus\n|-sidestart|p2: 7ammy|move: Tailwind\n|cant|p2a: Kyogre|flinch\n|move|p1b: Charming|Spirit Break|p2a: Kyogre\n|-damage|p2a: Kyogre|33\/100\n|-unboost|p2a: Kyogre|spa|1\n|\n|-weather|RainDance|[upkeep]\n|upkeep\n|turn|2\n|\n|t:|1737916641\n|move|p1b: Charming|Protect|p1b: Charming\n|-singleturn|p1b: Charming|Protect\n|move|p2a: Kyogre|Origin Pulse|p1b: Charming|[spread] p1a\n|-activate|p1b: Charming|move: Protect\n|-supereffective|p1a: Banderilla\n|-damage|p1a: Banderilla|29\/100\n|move|p2b: Tornadus|Bleakwind Storm|p1a: Banderilla|[spread] p1a\n|-activate|p1b: Charming|move: Protect\n|-damage|p1a: Banderilla|0 fnt\n|faint|p1a: Banderilla\n|\n|-weather|RainDance|[upkeep]\n|upkeep\n|\n|t:|1737916652\n|switch|p1a: Duncan|Calyrex-Shadow, L50|100\/100\n|-ability|p1a: Duncan|As One\n|-ability|p1a: Duncan|Unnerve\n|turn|3\n|\n|t:|1737916666\n|switch|p2a: Landorus|Landorus, L50, M|100\/100\n|-terastallize|p2b: Tornadus|Dark\n|move|p1a: Duncan|Protect|p1a: Duncan\n|-singleturn|p1a: Duncan|Protect\n|move|p2b: Tornadus|Taunt|p1b: Charming\n|-start|p1b: Charming|move: Taunt\n|move|p1b: Charming|Spirit Break|p2a: Landorus\n|-damage|p2a: Landorus|45\/100\n|-unboost|p2a: Landorus|spa|1\n|\n|-weather|RainDance|[upkeep]\n|upkeep\n|turn|4\n|\n|t:|1737916687\n|move|p2b: Tornadus|Bleakwind Storm|p1a: Duncan|[spread] p1a,p1b\n|-damage|p1a: Duncan|64\/100\n|-damage|p1b: Charming|44\/100\n|move|p2a: Landorus|Sludge Bomb|p1b: Charming\n|-supereffective|p1b: Charming\n|-damage|p1b: Charming|0 fnt\n|faint|p1b: Charming\n|-end|p1b: Charming|Quark Drive|[silent]\n|move|p1a: Duncan|Astral Barrage|p2b: Tornadus|[spread] p2a,p2b\n|-resisted|p2b: Tornadus\n|-damage|p2a: Landorus|0 fnt\n|-damage|p2b: Tornadus|63\/100\n|faint|p2a: Landorus\n|-ability|p1a: Duncan|Grim Neigh|boost\n|-boost|p1a: Duncan|spa|1\n|-damage|p1a: Duncan|54\/100|[from] item: Life Orb\n|\n|-weather|RainDance|[upkeep]\n|-sideend|p2: 7ammy|move: Tailwind\n|upkeep\n|\n|t:|1737916698\n|switch|p1b: Mr. Gassy|Weezing-Galar, L50, M|100\/100\n|switch|p2a: Kyogre|Kyogre, L50|33\/100\n|-ability|p1b: Mr. Gassy|Neutralizing Gas\n|turn|5\n|\n|t:|1737916720\n|move|p2a: Kyogre|Origin Pulse|p1b: Mr. Gassy|[spread] p1a,p1b\n|-damage|p1a: Duncan|0 fnt\n|-damage|p1b: Mr. Gassy|26\/100\n|-enditem|p1b: Mr. Gassy|Sitrus Berry|[eat]\n|-heal|p1b: Mr. Gassy|51\/100|[from] item: Sitrus Berry\n|faint|p1a: Duncan\n|move|p2b: Tornadus|Tailwind|p2b: Tornadus\n|-sidestart|p2: 7ammy|move: Tailwind\n|move|p1b: Mr. Gassy|Sludge Bomb|p2a: Kyogre\n|-crit|p2a: Kyogre\n|-damage|p2a: Kyogre|0 fnt\n|faint|p2a: Kyogre\n|\n|-weather|none\n|upkeep\n|\n|t:|1737916723\n|switch|p2a: Basculegion|Basculegion, L50, M|100\/100\n|turn|6\n|-message|infinitygroudon forfeited.\n|\n|win|7ammy\n|raw|infinitygroudon's rating: 1702 &rarr; <strong>1679<\/strong><br \/>(-23 for losing)\n|raw|7ammy's rating: 1642 &rarr; <strong>1665<\/strong><br \/>(+23 for winning)\n|l|\u2606infinitygroudon\n|player|p1|\n|l| 7ammy\n","uploadtime":1737916931,"views":10,"formatid":"gen9vgc2025regg","rating":1665,"private":0,"password":null}