{"id":"gen9vgc2025regg-2288816832","format":"[Gen 9] VGC 2025 Reg G","players":["Michael Glick","Notmarcosilva"],"log":"|j|\u2606Michael Glick\n|j|\u203dNotmarcosilva\n|t:|1737934816\n|gametype|doubles\n|player|p1|Michael Glick|birdkeeper|1618\n|player|p2|Notmarcosilva|beauty-gen5bw2|1614\n|teamsize|p1|6\n|teamsize|p2|6\n|gen|9\n|tier|[Gen 9] VGC 2025 Reg G\n|rated|\n|rule|Species Clause: Limit one of each Pok\u00e9mon\n|rule|Item Clause: Limit 1 of each item\n|clearpoke\n|poke|p1|Terapagos, L50, M|\n|poke|p1|Tinkaton, L50, F|\n|poke|p1|Basculegion, L50, M|\n|poke|p1|Amoonguss, L50, M|\n|poke|p1|Pelipper, L50, F|\n|poke|p1|Landorus, L50, M|\n|poke|p2|Terapagos, L50, M|\n|poke|p2|Flutter Mane, L50|\n|poke|p2|Tornadus, L50, M|\n|poke|p2|Incineroar, L50, F|\n|poke|p2|Rillaboom, L50, M|\n|poke|p2|Walking Wake, L50|\n|teampreview|4\n|inactive|Battle timer is ON: inactive players will automatically lose when time's up. (requested by Notmarcosilva)\n|\n|t:|1737934845\n|start\n|switch|p1a: Terapagos|Terapagos, L50, M|100\/100\n|switch|p1b: Tinkaton|Tinkaton, L50, F|100\/100\n|switch|p2a: Flutter Mane|Flutter Mane, L50|100\/100\n|switch|p2b: Rillaboom|Rillaboom, L50, M|100\/100\n|-activate|p1a: Terapagos|ability: Tera Shift\n|detailschange|p1a: Terapagos|Terapagos-Terastal, L50, M\n|-heal|p1a: Terapagos|100\/100|[silent]\n|-ability|p1b: Tinkaton|Mold Breaker\n|-fieldstart|move: Grassy Terrain|[from] ability: Grassy Surge|[of] p2b: Rillaboom\n|-enditem|p2a: Flutter Mane|Booster Energy\n|-activate|p2a: Flutter Mane|ability: Protosynthesis|[fromitem]\n|-start|p2a: Flutter Mane|protosynthesisspe\n|turn|1\n|\n|t:|1737934861\n|move|p2a: Flutter Mane|Protect|p2a: Flutter Mane\n|-singleturn|p2a: Flutter Mane|Protect\n|move|p1b: Tinkaton|Fake Out|p2b: Rillaboom\n|-damage|p2b: Rillaboom|90\/100\n|cant|p2b: Rillaboom|flinch\n|move|p1a: Terapagos|Substitute|p1a: Terapagos\n|-start|p1a: Terapagos|Substitute\n|-damage|p1a: Terapagos|75\/100\n|\n|-heal|p2b: Rillaboom|96\/100|[from] Grassy Terrain\n|-heal|p1a: Terapagos|82\/100|[from] Grassy Terrain\n|-heal|p1a: Terapagos|88\/100|[from] item: Leftovers\n|upkeep\n|turn|2\n|\n|t:|1737934878\n|-end|p2a: Flutter Mane|Protosynthesis|[silent]\n|switch|p2a: Tornadus|Tornadus, L50, M|100\/100\n|move|p1a: Terapagos|Protect|p1a: Terapagos\n|-singleturn|p1a: Terapagos|Protect\n|move|p1b: Tinkaton|Gigaton Hammer|p2a: Tornadus\n|-damage|p2a: Tornadus|32\/100\n|move|p2b: Rillaboom|U-turn|p1b: Tinkaton\n|-resisted|p1b: Tinkaton\n|-damage|p1b: Tinkaton|93\/100\n|\n|t:|1737934882\n|switch|p2b: Terapagos|Terapagos, L50, M|100\/100|[from] U-turn\n|-activate|p2b: Terapagos|ability: Tera Shift\n|detailschange|p2b: Terapagos|Terapagos-Terastal, L50, M\n|-heal|p2b: Terapagos|100\/100|[silent]\n|\n|-heal|p1b: Tinkaton|99\/100|[from] Grassy Terrain\n|-heal|p1a: Terapagos|94\/100|[from] Grassy Terrain\n|-heal|p1a: Terapagos|100\/100|[from] item: Leftovers\n|upkeep\n|turn|3\n|\n|t:|1737934900\n|-terastallize|p2b: Terapagos|Stellar\n|detailschange|p2b: Terapagos|Terapagos-Stellar, L50, M, tera:Stellar\n|-heal|p2b: Terapagos|100\/100|[silent]\n|-ability|p2b: Terapagos|Teraform Zero\n|-fieldend|move: Grassy Terrain\n|move|p2a: Tornadus|Taunt|p1a: Terapagos\n|-start|p1a: Terapagos|move: Taunt\n|move|p1b: Tinkaton|Play Rough|p2a: Tornadus\n|-damage|p2a: Tornadus|0 fnt\n|faint|p2a: Tornadus\n|move|p2b: Terapagos|Earth Power|p1b: Tinkaton\n|-supereffective|p1b: Tinkaton\n|-damage|p1b: Tinkaton|48\/100\n|cant|p1a: Terapagos|move: Taunt|Calm Mind\n|\n|upkeep\n|\n|t:|1737934915\n|switch|p2a: Flutter Mane|Flutter Mane, L50|100\/100\n|turn|4\n|inactive|Michael Glick has 30 seconds left.\n|\n|t:|1737934942\n|move|p2a: Flutter Mane|Icy Wind|p1a: Terapagos|[spread] p1a,p1b\n|-activate|p1a: Terapagos|ability: Tera Shell\n|-resisted|p1a: Terapagos\n|-activate|p1a: Terapagos|move: Substitute|[damage]\n|-resisted|p1b: Tinkaton\n|-damage|p1b: Tinkaton|43\/100\n|-unboost|p1b: Tinkaton|spe|1\n|move|p2b: Terapagos|Earth Power|p1b: Tinkaton\n|-supereffective|p1b: Tinkaton\n|-damage|p1b: Tinkaton|0 fnt\n|faint|p1b: Tinkaton\n|move|p1a: Terapagos|Tera Starstorm|p2b: Terapagos\n|-damage|p2b: Terapagos|70\/100\n|\n|upkeep\n|inactive|Michael Glick has 30 seconds left.\n|inactive|Michael Glick has 20 seconds left.\n|inactive|Michael Glick has 15 seconds left.\n|\n|t:|1737934984\n|switch|p1b: Pelipper|Pelipper, L50, F|100\/100\n|-weather|RainDance|[from] ability: Drizzle|[of] p1b: Pelipper\n|turn|5\n|\n|t:|1737934993\n|move|p2a: Flutter Mane|Fake Tears||[still]\n|-fail|p2a: Flutter Mane\n|move|p2b: Terapagos|Meteor Beam||[still]\n|-prepare|p2b: Terapagos|Meteor Beam\n|-boost|p2b: Terapagos|spa|1\n|-enditem|p2b: Terapagos|Power Herb\n|-anim|p2b: Terapagos|Meteor Beam|p1b: Pelipper\n|-supereffective|p1b: Pelipper\n|-enditem|p1b: Pelipper|Focus Sash\n|-damage|p1b: Pelipper|1\/100\n|move|p1b: Pelipper|Hurricane|p2b: Terapagos\n|-damage|p2b: Terapagos|38\/100\n|-start|p2b: Terapagos|confusion\n|move|p1a: Terapagos|Tera Starstorm|p2b: Terapagos\n|-damage|p2b: Terapagos|6\/100\n|\n|-weather|RainDance|[upkeep]\n|-end|p1a: Terapagos|move: Taunt\n|upkeep\n|turn|6\n|inactive|Michael Glick has 30 seconds left.\n|\n|t:|1737935026\n|-activate|p2b: Terapagos|confusion\n|-damage|p2b: Terapagos|0 fnt|[from] confusion\n|faint|p2b: Terapagos\n|move|p1b: Pelipper|Wide Guard|p1b: Pelipper\n|-singleturn|p1b: Pelipper|Wide Guard\n|move|p2a: Flutter Mane|Moonblast|p1b: Pelipper\n|-damage|p1b: Pelipper|0 fnt\n|faint|p1b: Pelipper\n|move|p1a: Terapagos|Tera Starstorm|p2a: Flutter Mane\n|-immune|p2a: Flutter Mane\n|\n|-weather|RainDance|[upkeep]\n|upkeep\n|\n|t:|1737935030\n|switch|p2b: Rillaboom|Rillaboom, L50, M|96\/100\n|switch|p1b: Amoonguss|Amoonguss, L50, M|100\/100\n|-fieldstart|move: Grassy Terrain|[from] ability: Grassy Surge|[of] p2b: Rillaboom\n|turn|7\n|\n|t:|1737935041\n|move|p2b: Rillaboom|Fake Out|p1b: Amoonguss\n|-damage|p1b: Amoonguss|88\/100\n|-damage|p2b: Rillaboom|80\/100|[from] item: Rocky Helmet|[of] p1b: Amoonguss\n|move|p2a: Flutter Mane|Fake Tears|p1b: Amoonguss\n|-unboost|p1b: Amoonguss|spd|2\n|move|p1a: Terapagos|Calm Mind|p1a: Terapagos\n|-boost|p1a: Terapagos|spa|1\n|-boost|p1a: Terapagos|spd|1\n|cant|p1b: Amoonguss|flinch\n|\n|-weather|RainDance|[upkeep]\n|-heal|p2b: Rillaboom|86\/100|[from] Grassy Terrain\n|-heal|p1b: Amoonguss|94\/100|[from] Grassy Terrain\n|upkeep\n|turn|8\n|\n|t:|1737935058\n|move|p2a: Flutter Mane|Protect|p2a: Flutter Mane\n|-singleturn|p2a: Flutter Mane|Protect\n|move|p2b: Rillaboom|Wood Hammer|p1a: Terapagos\n|-activate|p1a: Terapagos|ability: Tera Shell\n|-resisted|p1a: Terapagos\n|-end|p1a: Terapagos|Substitute\n|-damage|p2b: Rillaboom|79\/100|[from] Recoil|[of] p1a: Terapagos\n|move|p1a: Terapagos|Calm Mind|p1a: Terapagos\n|-boost|p1a: Terapagos|spa|1\n|-boost|p1a: Terapagos|spd|1\n|move|p1b: Amoonguss|Spore|p2a: Flutter Mane\n|-activate|p2a: Flutter Mane|move: Protect\n|\n|-weather|RainDance|[upkeep]\n|-heal|p2b: Rillaboom|86\/100|[from] Grassy Terrain\n|-heal|p1b: Amoonguss|99\/100|[from] Grassy Terrain\n|upkeep\n|turn|9\n|\n|t:|1737935066\n|move|p1a: Terapagos|Protect|p1a: Terapagos\n|-singleturn|p1a: Terapagos|Protect\n|move|p2a: Flutter Mane|Icy Wind|p1b: Amoonguss|[spread] p1b\n|-activate|p1a: Terapagos|move: Protect\n|-supereffective|p1b: Amoonguss\n|-damage|p1b: Amoonguss|58\/100\n|-unboost|p1b: Amoonguss|spe|1\n|move|p2b: Rillaboom|Wood Hammer|p1a: Terapagos\n|-activate|p1a: Terapagos|move: Protect\n|move|p1b: Amoonguss|Spore|p2a: Flutter Mane\n|-status|p2a: Flutter Mane|slp|[from] move: Spore\n|\n|-weather|none\n|-heal|p2b: Rillaboom|92\/100|[from] Grassy Terrain\n|-heal|p1b: Amoonguss|64\/100|[from] Grassy Terrain\n|upkeep\n|turn|10\n|inactive|Michael Glick has 30 seconds left.\n|\n|t:|1737935094\n|cant|p2a: Flutter Mane|slp\n|move|p2b: Rillaboom|U-turn|p1b: Amoonguss\n|-damage|p1b: Amoonguss|44\/100\n|-damage|p2b: Rillaboom|75\/100|[from] item: Rocky Helmet|[of] p1b: Amoonguss\n|move|p1a: Terapagos|Tera Starstorm|p2b: Rillaboom\n|-damage|p2b: Rillaboom|12\/100\n|move|p1b: Amoonguss|Pollen Puff|p2b: Rillaboom\n|-supereffective|p2b: Rillaboom\n|-damage|p2b: Rillaboom|0 fnt\n|faint|p2b: Rillaboom\n|\n|-heal|p1b: Amoonguss|50\/100|[from] Grassy Terrain\n|upkeep\n|turn|11\n|-message|Notmarcosilva forfeited.\n|\n|win|Michael Glick\n|raw|Michael Glick's rating: 1618 &rarr; <strong>1638<\/strong><br \/>(+20 for winning)\n|raw|Notmarcosilva's rating: 1614 &rarr; <strong>1594<\/strong><br \/>(-20 for losing)\n|l|\u203dNotmarcosilva\n|player|p2|\n|l|\u2606Michael Glick\n|player|p1|\n","uploadtime":1737935373,"views":13,"formatid":"gen9vgc2025regg","rating":1594,"private":0,"password":null}