{"id":"gen9vgc2025regg-2288555511","format":"[Gen 9] VGC 2025 Reg G","players":["Doc_MrMega","hamanri12345"],"log":"|j|\u2606Doc_MrMega\n|j|\u2606hamanri12345\n|t:|1737903791\n|gametype|doubles\n|player|p1|Doc_MrMega|102|1658\n|player|p2|hamanri12345|lucas|1592\n|teamsize|p1|6\n|teamsize|p2|6\n|gen|9\n|tier|[Gen 9] VGC 2025 Reg G\n|rated|\n|rule|Species Clause: Limit one of each Pok\u00e9mon\n|rule|Item Clause: Limit 1 of each item\n|clearpoke\n|poke|p1|Calyrex-Shadow, L50|\n|poke|p1|Tornadus, L50, M|\n|poke|p1|Ogerpon-Hearthflame, L50, F|\n|poke|p1|Rillaboom, L50, F|\n|poke|p1|Urshifu-*, L50, M|\n|poke|p1|Kingambit, L50, M|\n|poke|p2|Miraidon, L50|\n|poke|p2|Iron Hands, L50|\n|poke|p2|Grimmsnarl, L50, M|\n|poke|p2|Volcarona, L50, M|\n|poke|p2|Cresselia, L50, F|\n|poke|p2|Iron Treads, L50|\n|teampreview|4\n|inactive|Battle timer is ON: inactive players will automatically lose when time's up. (requested by hamanri12345)\n|j| Deathbydeath01\n|inactive|hamanri12345 has 60 seconds left.\n|\n|t:|1737903832\n|start\n|switch|p1a: Calyrex|Calyrex-Shadow, L50|100\/100\n|switch|p1b: Ogerpon|Ogerpon-Hearthflame, L50, F|100\/100\n|switch|p2a: Grimmsnarl|Grimmsnarl, L50, M|100\/100\n|switch|p2b: Volcarona|Volcarona, L50, M|100\/100\n|-ability|p1a: Calyrex|As One\n|-ability|p1a: Calyrex|Unnerve\n|-ability|p1b: Ogerpon|Mold Breaker\n|turn|1\n|inactive|hamanri12345 has 30 seconds left.\n|\n|t:|1737903867\n|-terastallize|p1b: Ogerpon|Fire\n|detailschange|p1b: Ogerpon|Ogerpon-Hearthflame-Tera, L50, F, tera:Fire\n|-ability|p1b: Ogerpon|Embody Aspect (Hearthflame)|boost\n|-boost|p1b: Ogerpon|atk|1\n|move|p2b: Volcarona|Protect|p2b: Volcarona\n|-singleturn|p2b: Volcarona|Protect\n|move|p2a: Grimmsnarl|Reflect|p2a: Grimmsnarl\n|-sidestart|p2: hamanri12345|Reflect\n|move|p1a: Calyrex|Nasty Plot|p1a: Calyrex\n|-boost|p1a: Calyrex|spa|2\n|move|p1b: Ogerpon|Ivy Cudgel|p2b: Volcarona|[anim] Ivy Cudgel Fire\n|-activate|p2b: Volcarona|move: Protect\n|\n|upkeep\n|turn|2\n|\n|t:|1737903888\n|move|p2a: Grimmsnarl|Thunder Wave|p1a: Calyrex\n|-status|p1a: Calyrex|par\n|move|p1b: Ogerpon|Ivy Cudgel|p2a: Grimmsnarl|[anim] Ivy Cudgel Fire\n|-damage|p2a: Grimmsnarl|10\/100\n|move|p2b: Volcarona|Heat Wave|p1b: Ogerpon|[spread] p1a,p1b\n|-resisted|p1b: Ogerpon\n|-damage|p1a: Calyrex|65\/100 par\n|-damage|p1b: Ogerpon|83\/100\n|cant|p1a: Calyrex|par\n|\n|upkeep\n|turn|3\n|j| Therazer456\n|inactive|hamanri12345 has 30 seconds left.\n|\n|t:|1737903920\n|move|p2b: Volcarona|Protect|p2b: Volcarona\n|-singleturn|p2b: Volcarona|Protect\n|move|p2a: Grimmsnarl|Light Screen|p2a: Grimmsnarl\n|-sidestart|p2: hamanri12345|move: Light Screen\n|move|p1b: Ogerpon|Ivy Cudgel|p2b: Volcarona|[anim] Ivy Cudgel Fire\n|-activate|p2b: Volcarona|move: Protect\n|move|p1a: Calyrex|Astral Barrage|p2b: Volcarona|[spread] p2a\n|-activate|p2b: Volcarona|move: Protect\n|-resisted|p2a: Grimmsnarl\n|-damage|p2a: Grimmsnarl|0 fnt\n|faint|p2a: Grimmsnarl\n|-ability|p1a: Calyrex|Grim Neigh|boost\n|-boost|p1a: Calyrex|spa|1\n|-damage|p1a: Calyrex|55\/100 par|[from] item: Life Orb\n|\n|upkeep\n|\n|t:|1737903932\n|switch|p2a: Miraidon|Miraidon, L50|100\/100\n|-fieldstart|move: Electric Terrain|[from] ability: Hadron Engine|[of] p2a: Miraidon\n|turn|4\n|inactive|Doc_MrMega has 30 seconds left.\n|\n|t:|1737903957\n|switch|p1b: Rillaboom|Rillaboom, L50, F|100\/100\n|-fieldstart|move: Grassy Terrain|[from] ability: Grassy Surge|[of] p1b: Rillaboom\n|-terastallize|p2a: Miraidon|Fairy\n|move|p1a: Calyrex|Protect|p1a: Calyrex\n|-singleturn|p1a: Calyrex|Protect\n|move|p2a: Miraidon|Dazzling Gleam|p1b: Rillaboom|[spread] p1b\n|-activate|p1a: Calyrex|move: Protect\n|-damage|p1b: Rillaboom|71\/100\n|move|p2b: Volcarona|Quiver Dance|p2b: Volcarona\n|-boost|p2b: Volcarona|spa|1\n|-boost|p2b: Volcarona|spd|1\n|-boost|p2b: Volcarona|spe|1\n|\n|-heal|p1b: Rillaboom|77\/100|[from] Grassy Terrain\n|-heal|p1a: Calyrex|61\/100 par|[from] Grassy Terrain\n|upkeep\n|turn|5\n|\n|t:|1737903977\n|move|p1b: Rillaboom|Fake Out|p2b: Volcarona\n|-damage|p2b: Volcarona|91\/100\n|-status|p1b: Rillaboom|brn|[from] ability: Flame Body|[of] p2b: Volcarona\n|cant|p2b: Volcarona|flinch\n|move|p2a: Miraidon|Dazzling Gleam|p1a: Calyrex|[spread] p1a,p1b\n|-damage|p1a: Calyrex|11\/100 par\n|-damage|p1b: Rillaboom|47\/100 brn\n|cant|p1a: Calyrex|par\n|\n|-heal|p2b: Volcarona|97\/100|[from] Grassy Terrain\n|-heal|p2b: Volcarona|100\/100|[from] item: Leftovers\n|-heal|p1b: Rillaboom|53\/100 brn|[from] Grassy Terrain\n|-heal|p1a: Calyrex|17\/100 par|[from] Grassy Terrain\n|-damage|p1b: Rillaboom|47\/100 brn|[from] brn\n|upkeep\n|turn|6\n|\n|t:|1737903988\n|cant|p1a: Calyrex|par\n|move|p2b: Volcarona|Heat Wave|p1b: Rillaboom|[spread] p1a\n|-miss|p2b: Volcarona|p1b: Rillaboom\n|-damage|p1a: Calyrex|0 fnt\n|faint|p1a: Calyrex\n|move|p2a: Miraidon|Dazzling Gleam|p1b: Rillaboom\n|-damage|p1b: Rillaboom|2\/100 brn\n|move|p1b: Rillaboom|Wood Hammer|p2a: Miraidon\n|-crit|p2a: Miraidon\n|-damage|p2a: Miraidon|43\/100\n|-damage|p1b: Rillaboom|0 fnt|[from] Recoil\n|faint|p1b: Rillaboom\n|\n|-heal|p2a: Miraidon|49\/100|[from] Grassy Terrain\n|upkeep\n|\n|t:|1737904003\n|switch|p1a: Urshifu|Urshifu-Rapid-Strike, L50, M|100\/100\n|switch|p1b: Ogerpon|Ogerpon-Hearthflame-Tera, L50, F, tera:Fire|83\/100\n|-ability|p1b: Ogerpon|Embody Aspect (Hearthflame)|boost\n|-boost|p1b: Ogerpon|atk|1\n|turn|7\n|inactive|hamanri12345 has 30 seconds left.\n|\n|t:|1737904030\n|switch|p2a: Cresselia|Cresselia, L50, F|100\/100\n|move|p1a: Urshifu|Surging Strikes|p2a: Cresselia\n|-crit|p2a: Cresselia\n|-damage|p2a: Cresselia|87\/100\n|-crit|p2a: Cresselia\n|-damage|p2a: Cresselia|75\/100\n|-crit|p2a: Cresselia\n|-damage|p2a: Cresselia|63\/100\n|-hitcount|p2a: Cresselia|3\n|move|p2b: Volcarona|Heat Wave|p1b: Ogerpon|[spread] p1a,p1b\n|-resisted|p1a: Urshifu\n|-resisted|p1b: Ogerpon\n|-damage|p1a: Urshifu|58\/100\n|-damage|p1b: Ogerpon|60\/100\n|move|p1b: Ogerpon|Ivy Cudgel|p2b: Volcarona|[anim] Ivy Cudgel Fire\n|-crit|p2b: Volcarona\n|-damage|p2b: Volcarona|0 fnt\n|faint|p2b: Volcarona\n|\n|-heal|p1a: Urshifu|64\/100|[from] Grassy Terrain\n|-heal|p1b: Ogerpon|66\/100|[from] Grassy Terrain\n|upkeep\n|\n|t:|1737904035\n|switch|p2b: Miraidon|Miraidon, L50, tera:Fairy|49\/100\n|-fieldstart|move: Electric Terrain|[from] ability: Hadron Engine|[of] p2b: Miraidon\n|turn|8\n|\n|t:|1737904053\n|move|p1a: Urshifu|Surging Strikes|p2b: Miraidon\n|-crit|p2b: Miraidon\n|-damage|p2b: Miraidon|26\/100\n|-crit|p2b: Miraidon\n|-damage|p2b: Miraidon|3\/100\n|-crit|p2b: Miraidon\n|-damage|p2b: Miraidon|0 fnt\n|faint|p2b: Miraidon\n|-hitcount|p2: Miraidon|3\n|move|p1b: Ogerpon|Ivy Cudgel|p2a: Cresselia|[anim] Ivy Cudgel Fire\n|-damage|p2a: Cresselia|20\/100\n|move|p2a: Cresselia|Moonblast|p1a: Urshifu\n|-supereffective|p1a: Urshifu\n|-damage|p1a: Urshifu|11\/100\n|-unboost|p1a: Urshifu|spa|1\n|\n|-sideend|p2: hamanri12345|Reflect\n|upkeep\n|turn|9\n|\n|t:|1737904061\n|move|p1a: Urshifu|Surging Strikes|p2a: Cresselia\n|-crit|p2a: Cresselia\n|-damage|p2a: Cresselia|5\/100\n|-crit|p2a: Cresselia\n|-damage|p2a: Cresselia|0 fnt\n|faint|p2a: Cresselia\n|-hitcount|p2: Cresselia|2\n|\n|win|Doc_MrMega\n|raw|Doc_MrMega's rating: 1658 &rarr; <strong>1674<\/strong><br \/>(+16 for winning)\n|raw|hamanri12345's rating: 1592 &rarr; <strong>1576<\/strong><br \/>(-16 for losing)\n|l|\u2606hamanri12345\n|player|p2|\n|l|\u2606Doc_MrMega\n|player|p1|\n|l| Deathbydeath01\n|j| Deathbydeath01\n|l| Deathbydeath01\n|l| Therazer456\n","uploadtime":1737904288,"views":10,"formatid":"gen9vgc2025regg","rating":1576,"private":0,"password":null}