{"id":"gen9vgc2025regg-2288578289","format":"[Gen 9] VGC 2025 Reg G","players":["Tekuazor","Geodude3138"],"log":"|j|\u2606Tekuazor\n|j|\u2606Geodude3138\n|t:|1737906863\n|gametype|doubles\n|player|p1|Tekuazor|dawn|1568\n|player|p2|Geodude3138|lady-gen4|1560\n|teamsize|p1|6\n|teamsize|p2|6\n|gen|9\n|tier|[Gen 9] VGC 2025 Reg G\n|rated|\n|rule|Species Clause: Limit one of each Pok\u00e9mon\n|rule|Item Clause: Limit 1 of each item\n|clearpoke\n|poke|p1|Eternatus, L50|\n|poke|p1|Tinkaton, L50, F|\n|poke|p1|Ogerpon-Wellspring, L50, F|\n|poke|p1|Whimsicott, L50, F|\n|poke|p1|Chi-Yu, L50|\n|poke|p1|Stonjourner, L50, M|\n|poke|p2|Koraidon, L50|\n|poke|p2|Flutter Mane, L50|\n|poke|p2|Ogerpon-Cornerstone, L50, F|\n|poke|p2|Chi-Yu, L50|\n|poke|p2|Raging Bolt, L50|\n|poke|p2|Ditto, L50|\n|teampreview|4\n|\n|t:|1737906919\n|start\n|switch|p1a: Eternatus|Eternatus, L50|100\/100\n|switch|p1b: Whimsicott|Whimsicott, L50, F|100\/100\n|switch|p2a: Flutter Mane|Flutter Mane, L50|100\/100\n|switch|p2b: Chi-Yu|Chi-Yu, L50|100\/100\n|-ability|p1a: Eternatus|Pressure\n|-ability|p2b: Chi-Yu|Beads of Ruin\n|-enditem|p2a: Flutter Mane|Booster Energy\n|-activate|p2a: Flutter Mane|ability: Protosynthesis|[fromitem]\n|-start|p2a: Flutter Mane|protosynthesisspe\n|turn|1\n|inactive|Battle timer is ON: inactive players will automatically lose when time's up. (requested by Geodude3138)\n|j| youhavemom\n|\n|t:|1737906946\n|move|p1b: Whimsicott|Tailwind|p1b: Whimsicott\n|-sidestart|p1: Tekuazor|move: Tailwind\n|move|p1a: Eternatus|Sludge Bomb|p2a: Flutter Mane\n|-damage|p2a: Flutter Mane|17\/100\n|-status|p2a: Flutter Mane|psn\n|-damage|p1a: Eternatus|91\/100|[from] item: Life Orb\n|move|p2a: Flutter Mane|Icy Wind|p1b: Whimsicott|[spread] p1a,p1b\n|-supereffective|p1a: Eternatus\n|-supereffective|p1b: Whimsicott\n|-crit|p1b: Whimsicott\n|-damage|p1a: Eternatus|59\/100\n|-damage|p1b: Whimsicott|35\/100\n|-unboost|p1a: Eternatus|spe|1\n|move|p2b: Chi-Yu|Heat Wave|p1a: Eternatus|[spread] p1a,p1b\n|-resisted|p1a: Eternatus\n|-supereffective|p1b: Whimsicott\n|-crit|p1b: Whimsicott\n|-damage|p1a: Eternatus|37\/100\n|-damage|p1b: Whimsicott|0 fnt\n|-status|p1a: Eternatus|brn\n|faint|p1b: Whimsicott\n|\n|-damage|p2a: Flutter Mane|5\/100 psn|[from] psn\n|-damage|p1a: Eternatus|31\/100 brn|[from] brn\n|upkeep\n|\n|t:|1737906968\n|switch|p1b: Tinkaton|Tinkaton, L50, F, shiny|100\/100\n|turn|2\n|inactive|Tekuazor has 30 seconds left.\n|\n|t:|1737907001\n|-terastallize|p1b: Tinkaton|Water\n|move|p1b: Tinkaton|Fake Out|p2a: Flutter Mane\n|-immune|p2a: Flutter Mane\n|move|p2a: Flutter Mane|Icy Wind|p1b: Tinkaton|[spread] p1a,p1b\n|-supereffective|p1a: Eternatus\n|-resisted|p1b: Tinkaton\n|-damage|p1a: Eternatus|4\/100 brn\n|-damage|p1b: Tinkaton|93\/100\n|-unboost|p1a: Eternatus|spe|1\n|-unboost|p1b: Tinkaton|spe|1\n|move|p1a: Eternatus|Sludge Bomb|p2b: Chi-Yu\n|-damage|p2b: Chi-Yu|25\/100\n|-damage|p1a: Eternatus|0 fnt|[from] item: Life Orb\n|faint|p1a: Eternatus\n|move|p2b: Chi-Yu|Heat Wave|p1b: Tinkaton\n|-resisted|p1b: Tinkaton\n|-damage|p1b: Tinkaton|64\/100\n|\n|-damage|p2a: Flutter Mane|0 fnt|[from] psn\n|faint|p2a: Flutter Mane\n|-end|p2a: Flutter Mane|Protosynthesis|[silent]\n|upkeep\n|\n|t:|1737907020\n|switch|p2a: Koraidon|Koraidon, L50|100\/100\n|switch|p1a: Chi-Yu|Chi-Yu, L50|100\/100\n|-ability|p1a: Chi-Yu|Beads of Ruin\n|-weather|SunnyDay|[from] ability: Orichalcum Pulse|[of] p2a: Koraidon\n|-activate|p2a: Koraidon|Orichalcum Pulse|[source]\n|turn|3\n|\n|t:|1737907043\n|move|p1b: Tinkaton|Helping Hand|p1a: Chi-Yu\n|-singleturn|p1a: Chi-Yu|Helping Hand|[of] p1b: Tinkaton\n|move|p2a: Koraidon|Protect|p2a: Koraidon\n|-singleturn|p2a: Koraidon|Protect\n|move|p1a: Chi-Yu|Overheat|p2a: Koraidon\n|-activate|p2a: Koraidon|move: Protect\n|move|p2b: Chi-Yu|Snarl|p1a: Chi-Yu|[spread] p1a,p1b\n|-resisted|p1a: Chi-Yu\n|-damage|p1a: Chi-Yu|89\/100\n|-damage|p1b: Tinkaton|39\/100\n|-unboost|p1a: Chi-Yu|spa|1\n|-unboost|p1b: Tinkaton|spa|1\n|-enditem|p1b: Tinkaton|Sitrus Berry|[eat]\n|-heal|p1b: Tinkaton|64\/100|[from] item: Sitrus Berry\n|\n|-weather|SunnyDay|[upkeep]\n|upkeep\n|turn|4\n|inactive|Geodude3138 has 30 seconds left.\n|inactive|Geodude3138 has 20 seconds left.\n|\n|t:|1737907078\n|-terastallize|p2a: Koraidon|Fire\n|move|p1b: Tinkaton|Helping Hand|p1a: Chi-Yu\n|-singleturn|p1a: Chi-Yu|Helping Hand|[of] p1b: Tinkaton\n|move|p1a: Chi-Yu|Overheat|p2a: Koraidon|[miss]\n|-miss|p1a: Chi-Yu|p2a: Koraidon\n|move|p2a: Koraidon|Collision Course|p1b: Tinkaton\n|-damage|p1b: Tinkaton|0 fnt\n|faint|p1b: Tinkaton\n|move|p2b: Chi-Yu|Snarl|p1a: Chi-Yu\n|-resisted|p1a: Chi-Yu\n|-damage|p1a: Chi-Yu|75\/100\n|-unboost|p1a: Chi-Yu|spa|1\n|\n|-weather|SunnyDay|[upkeep]\n|-sideend|p1: Tekuazor|move: Tailwind\n|upkeep\n|turn|5\n|-message|Tekuazor forfeited.\n|\n|win|Geodude3138\n|raw|Tekuazor's rating: 1568 &rarr; <strong>1548<\/strong><br \/>(-20 for losing)\n|raw|Geodude3138's rating: 1560 &rarr; <strong>1580<\/strong><br \/>(+20 for winning)\n|l|\u2606Tekuazor\n|player|p1|\n|l|\u2606Geodude3138\n|player|p2|\n","uploadtime":1737907332,"views":8,"formatid":"gen9vgc2025regg","rating":1548,"private":0,"password":null}