{"id":"gen9vgc2025regg-2288670450","format":"[Gen 9] VGC 2025 Reg G","players":["Nerd159","DimensionalFool"],"log":"|j|\u2606Nerd159\n|j|\u203dDimensionalFool\n|t:|1737917705\n|gametype|doubles\n|player|p1|Nerd159|101|1568\n|player|p2|DimensionalFool|steven|1597\n|teamsize|p1|6\n|teamsize|p2|6\n|gen|9\n|tier|[Gen 9] VGC 2025 Reg G\n|rated|\n|rule|Species Clause: Limit one of each Pok\u00e9mon\n|rule|Item Clause: Limit 1 of each item\n|clearpoke\n|poke|p1|Calyrex-Ice, L50|\n|poke|p1|Mienshao, L50, M|\n|poke|p1|Ursaluna, L50, F|\n|poke|p1|Amoonguss, L50, F|\n|poke|p1|Araquanid, L50, M|\n|poke|p1|Incineroar, L50, M|\n|poke|p2|Grimmsnarl, L50, M|\n|poke|p2|Landorus, L50, M|\n|poke|p2|Calyrex-Ice, L50|\n|poke|p2|Pelipper, L50, F|\n|poke|p2|Urshifu-*, L50, F|\n|poke|p2|Rillaboom, L50, F|\n|teampreview|4\n|inactive|Battle timer is ON: inactive players will automatically lose when time's up. (requested by DimensionalFool)\n|inactive|Nerd159 has 60 seconds left.\n|inactive|DimensionalFool has 60 seconds left.\n|inactive|DimensionalFool has 30 seconds left.\n|\n|t:|1737917776\n|start\n|switch|p1a: Mienshao|Mienshao, L50, M|100\/100\n|switch|p1b: Calyrex|Calyrex-Ice, L50|100\/100\n|switch|p2a: Urshifu|Urshifu-Rapid-Strike, L50, F|100\/100\n|switch|p2b: Calyrex|Calyrex-Ice, L50|100\/100\n|-ability|p2b: Calyrex|As One\n|-ability|p2b: Calyrex|Unnerve\n|-ability|p1b: Calyrex|As One\n|-ability|p1b: Calyrex|Unnerve\n|turn|1\n|\n|t:|1737917789\n|-terastallize|p2a: Urshifu|Ghost\n|-terastallize|p1b: Calyrex|Water\n|move|p2a: Urshifu|Surging Strikes|p1a: Mienshao\n|-crit|p1a: Mienshao\n|-damage|p1a: Mienshao|60\/100\n|-crit|p1a: Mienshao\n|-damage|p1a: Mienshao|16\/100\n|-crit|p1a: Mienshao\n|-damage|p1a: Mienshao|0 fnt\n|faint|p1a: Mienshao\n|-hitcount|p1: Mienshao|3\n|move|p2b: Calyrex|Glacial Lance|p1b: Calyrex\n|-resisted|p1b: Calyrex\n|-damage|p1b: Calyrex|79\/100\n|move|p1b: Calyrex|Glacial Lance|p2b: Calyrex|[spread] p2a,p2b\n|-resisted|p2b: Calyrex\n|-damage|p2a: Urshifu|36\/100\n|-damage|p2b: Calyrex|83\/100\n|\n|upkeep\n|\n|t:|1737917795\n|switch|p1a: Araquanid|Araquanid, L50, M|100\/100\n|turn|2\n|\n|t:|1737917818\n|move|p2a: Urshifu|Surging Strikes|p1b: Calyrex\n|-resisted|p1b: Calyrex\n|-crit|p1b: Calyrex\n|-damage|p1b: Calyrex|72\/100\n|-resisted|p1b: Calyrex\n|-crit|p1b: Calyrex\n|-damage|p1b: Calyrex|66\/100\n|-resisted|p1b: Calyrex\n|-crit|p1b: Calyrex\n|-damage|p1b: Calyrex|59\/100\n|-hitcount|p1b: Calyrex|3\n|move|p2b: Calyrex|Seed Bomb|p1b: Calyrex\n|-supereffective|p1b: Calyrex\n|-damage|p1b: Calyrex|16\/100\n|move|p1a: Araquanid|Infestation|p2b: Calyrex\n|-supereffective|p2b: Calyrex\n|-damage|p2b: Calyrex|79\/100\n|-activate|p2b: Calyrex|move: Infestation|[of] p1a: Araquanid\n|move|p1b: Calyrex|Trick Room|p1b: Calyrex\n|-fieldstart|move: Trick Room|[of] p1b: Calyrex\n|\n|-damage|p2b: Calyrex|67\/100|[from] move: Infestation|[partiallytrapped]\n|upkeep\n|turn|3\n|\n|t:|1737917831\n|switch|p2a: Pelipper|Pelipper, L50, F|100\/100\n|-weather|RainDance|[from] ability: Drizzle|[of] p2a: Pelipper\n|move|p1b: Calyrex|Protect|p1b: Calyrex\n|-singleturn|p1b: Calyrex|Protect\n|move|p1a: Araquanid|Liquidation|p2a: Pelipper\n|-resisted|p2a: Pelipper\n|-damage|p2a: Pelipper|56\/100\n|move|p2b: Calyrex|Seed Bomb|p1b: Calyrex\n|-activate|p1b: Calyrex|move: Protect\n|\n|-weather|RainDance|[upkeep]\n|-damage|p2b: Calyrex|55\/100|[from] move: Infestation|[partiallytrapped]\n|upkeep\n|turn|4\n|\n|t:|1737917846\n|switch|p1b: Incineroar|Incineroar, L50, M|100\/100\n|-ability|p1b: Incineroar|Intimidate|boost\n|-unboost|p2a: Pelipper|atk|1\n|-unboost|p2b: Calyrex|atk|1\n|move|p1a: Araquanid|Liquidation|p2a: Pelipper\n|-resisted|p2a: Pelipper\n|-damage|p2a: Pelipper|9\/100\n|move|p2b: Calyrex|Seed Bomb|p1b: Incineroar\n|-resisted|p1b: Incineroar\n|-damage|p1b: Incineroar|89\/100\n|move|p2a: Pelipper|Weather Ball|p1b: Incineroar\n|-supereffective|p1b: Incineroar\n|-damage|p1b: Incineroar|0 fnt\n|faint|p1b: Incineroar\n|\n|-weather|RainDance|[upkeep]\n|-damage|p2b: Calyrex|43\/100|[from] move: Infestation|[partiallytrapped]\n|upkeep\n|\n|t:|1737917850\n|switch|p1b: Calyrex|Calyrex-Ice, L50, tera:Water|16\/100\n|-ability|p1b: Calyrex|As One\n|-ability|p1b: Calyrex|Unnerve\n|turn|5\n|inactive|DimensionalFool has 30 seconds left.\n|\n|t:|1737917877\n|switch|p2a: Urshifu|Urshifu-Rapid-Strike, L50, F, tera:Ghost|36\/100\n|move|p1a: Araquanid|Liquidation|p2b: Calyrex\n|-damage|p2b: Calyrex|0 fnt\n|faint|p2b: Calyrex\n|move|p1b: Calyrex|Glacial Lance|p2a: Urshifu\n|-damage|p2a: Urshifu|0 fnt\n|faint|p2a: Urshifu\n|-ability|p1b: Calyrex|Chilling Neigh|boost\n|-boost|p1b: Calyrex|atk|1\n|\n|-weather|RainDance|[upkeep]\n|upkeep\n|\n|t:|1737917880\n|switch|p2b: Landorus|Landorus, L50, M|100\/100\n|switch|p2a: Pelipper|Pelipper, L50, F|9\/100\n|turn|6\n|\n|t:|1737917889\n|move|p2b: Landorus|Protect|p2b: Landorus\n|-singleturn|p2b: Landorus|Protect\n|move|p2a: Pelipper|Wide Guard|p2a: Pelipper\n|-singleturn|p2a: Pelipper|Wide Guard\n|move|p1a: Araquanid|Liquidation|p2a: Pelipper\n|-resisted|p2a: Pelipper\n|-damage|p2a: Pelipper|0 fnt\n|faint|p2a: Pelipper\n|move|p1b: Calyrex|Glacial Lance|p2b: Landorus\n|-activate|p2b: Landorus|move: Wide Guard\n|\n|-weather|RainDance|[upkeep]\n|-fieldend|move: Trick Room\n|upkeep\n|turn|7\n|\n|t:|1737917901\n|move|p2b: Landorus|Sandsear Storm|p1a: Araquanid|[spread] p1a,p1b\n|-resisted|p1a: Araquanid\n|-damage|p1a: Araquanid|75\/100\n|-damage|p1b: Calyrex|0 fnt\n|faint|p1b: Calyrex\n|move|p1a: Araquanid|Liquidation|p2b: Landorus\n|-supereffective|p2b: Landorus\n|-damage|p2b: Landorus|0 fnt\n|faint|p2b: Landorus\n|\n|win|Nerd159\n|raw|Nerd159's rating: 1568 &rarr; <strong>1590<\/strong><br \/>(+22 for winning)\n|raw|DimensionalFool's rating: 1597 &rarr; <strong>1575<\/strong><br \/>(-22 for losing)\n|l|\u2606Nerd159\n|player|p1|\n|l|\u203dDimensionalFool\n|player|p2|\n","uploadtime":1737918068,"views":12,"formatid":"gen9vgc2025regg","rating":1575,"private":0,"password":null}