{"id":"gen9vgc2025regg-2288833188","format":"[Gen 9] VGC 2025 Reg G","players":["grovyleuwu","kid_the_phantom"],"log":"|j|\u2606grovyleuwu\n|j|\u2606kid_the_phantom\n|t:|1737936913\n|gametype|doubles\n|player|p1|grovyleuwu|dawn|1576\n|player|p2|kid_the_phantom|170|1710\n|teamsize|p1|6\n|teamsize|p2|6\n|gen|9\n|tier|[Gen 9] VGC 2025 Reg G\n|rated|\n|rule|Species Clause: Limit one of each Pok\u00e9mon\n|rule|Item Clause: Limit 1 of each item\n|clearpoke\n|poke|p1|Terapagos, L50, M|\n|poke|p1|Incineroar, L50, M|\n|poke|p1|Flutter Mane, L50|\n|poke|p1|Urshifu-*, L50, M|\n|poke|p1|Amoonguss, L50, M|\n|poke|p1|Ditto, L50|\n|poke|p2|Miraidon, L50|\n|poke|p2|Chi-Yu, L50|\n|poke|p2|Whimsicott, L50, F|\n|poke|p2|Farigiraf, L50, F|\n|poke|p2|Ursaluna, L50, M|\n|poke|p2|Grimmsnarl, L50, M|\n|teampreview|4\n|inactive|Battle timer is ON: inactive players will automatically lose when time's up. (requested by grovyleuwu)\n|inactive|kid_the_phantom has 60 seconds left.\n|\n|t:|1737936961\n|start\n|switch|p1a: Flutter Mane|Flutter Mane, L50|100\/100\n|switch|p1b: Terapagos|Terapagos, L50, M|100\/100\n|switch|p2a: Miraidon|Miraidon, L50|100\/100\n|switch|p2b: Chi-Yu|Chi-Yu, L50|100\/100\n|-activate|p1b: Terapagos|ability: Tera Shift\n|detailschange|p1b: Terapagos|Terapagos-Terastal, L50, M\n|-heal|p1b: Terapagos|100\/100|[silent]\n|-ability|p2b: Chi-Yu|Beads of Ruin\n|-fieldstart|move: Electric Terrain|[from] ability: Hadron Engine|[of] p2a: Miraidon\n|-enditem|p1a: Flutter Mane|Booster Energy\n|-activate|p1a: Flutter Mane|ability: Protosynthesis|[fromitem]\n|-start|p1a: Flutter Mane|protosynthesisspe\n|turn|1\n|inactive|kid_the_phantom has 30 seconds left.\n|inactive|kid_the_phantom has 20 seconds left.\n|inactive|kid_the_phantom has 15 seconds left.\n|\n|t:|1737937003\n|-terastallize|p1b: Terapagos|Stellar\n|detailschange|p1b: Terapagos|Terapagos-Stellar, L50, M, tera:Stellar\n|-heal|p1b: Terapagos|100\/100|[silent]\n|-ability|p1b: Terapagos|Teraform Zero\n|-fieldend|move: Electric Terrain\n|move|p1a: Flutter Mane|Dazzling Gleam|p2a: Miraidon|[spread] p2a,p2b\n|-supereffective|p2a: Miraidon\n|-damage|p2a: Miraidon|50\/100\n|-damage|p2b: Chi-Yu|70\/100\n|move|p2b: Chi-Yu|Heat Wave|p1b: Terapagos|[spread] p1a,p1b\n|-damage|p1a: Flutter Mane|56\/100\n|-damage|p1b: Terapagos|67\/100\n|-status|p1b: Terapagos|brn\n|move|p2a: Miraidon|Volt Switch|p1a: Flutter Mane\n|-damage|p1a: Flutter Mane|0 fnt\n|faint|p1a: Flutter Mane\n|-end|p1a: Flutter Mane|Protosynthesis|[silent]\n|\n|t:|1737937019\n|switch|p2a: Whimsicott|Whimsicott, L50, F|100\/100|[from] Volt Switch\n|move|p1b: Terapagos|Calm Mind|p1b: Terapagos\n|-boost|p1b: Terapagos|spa|1\n|-boost|p1b: Terapagos|spd|1\n|\n|-damage|p1b: Terapagos|60\/100 brn|[from] brn\n|upkeep\n|\n|t:|1737937026\n|switch|p1a: Ditto|Ditto, L50|100\/100\n|-transform|p1a: Ditto|p2b: Chi-Yu|[from] ability: Imposter\n|-ability|p1a: Ditto|Beads of Ruin\n|turn|2\n|\n|t:|1737937045\n|move|p1b: Terapagos|Protect|p1b: Terapagos\n|-singleturn|p1b: Terapagos|Protect\n|move|p2a: Whimsicott|Tailwind|p2a: Whimsicott\n|-sidestart|p2: kid_the_phantom|move: Tailwind\n|move|p2b: Chi-Yu|Heat Wave|p1b: Terapagos|[spread] \n|-activate|p1b: Terapagos|move: Protect\n|-miss|p2b: Chi-Yu|p1a: Ditto\n|move|p1a: Ditto|Heat Wave|p2a: Whimsicott|[spread] p2a,p2b\n|-supereffective|p2a: Whimsicott\n|-resisted|p2b: Chi-Yu\n|-enditem|p2a: Whimsicott|Focus Sash\n|-damage|p2a: Whimsicott|1\/100\n|-damage|p2b: Chi-Yu|44\/100\n|-status|p2a: Whimsicott|brn\n|\n|-damage|p2a: Whimsicott|0 fnt|[from] brn\n|faint|p2a: Whimsicott\n|-damage|p1b: Terapagos|54\/100 brn|[from] brn\n|upkeep\n|\n|t:|1737937061\n|switch|p2a: Miraidon|Miraidon, L50|50\/100\n|-fieldstart|move: Electric Terrain|[from] ability: Hadron Engine|[of] p2a: Miraidon\n|turn|3\n|\n|t:|1737937070\n|move|p2b: Chi-Yu|Heat Wave|p1b: Terapagos|[spread] p1a,p1b\n|-resisted|p1a: Ditto\n|-damage|p1a: Ditto|79\/100\n|-damage|p1b: Terapagos|30\/100 brn\n|move|p2a: Miraidon|Electro Drift|p1b: Terapagos\n|-damage|p1b: Terapagos|0 fnt\n|faint|p1b: Terapagos\n|move|p1a: Ditto|Snarl|p2a: Miraidon|[spread] p2a,p2b\n|-resisted|p2b: Chi-Yu\n|-damage|p2a: Miraidon|29\/100\n|-damage|p2b: Chi-Yu|30\/100\n|-unboost|p2a: Miraidon|spa|1\n|-unboost|p2b: Chi-Yu|spa|1\n|\n|upkeep\n|\n|t:|1737937075\n|switch|p1b: Amoonguss|Amoonguss, L50, M|100\/100\n|turn|4\n|\n|t:|1737937094\n|switch|p2b: Ursaluna|Ursaluna, L50, M|100\/100\n|move|p1b: Amoonguss|Rage Powder|p1b: Amoonguss\n|-singleturn|p1b: Amoonguss|move: Rage Powder\n|move|p2a: Miraidon|Electro Drift|p1b: Amoonguss\n|-resisted|p1b: Amoonguss\n|-damage|p1b: Amoonguss|45\/100\n|-damage|p2a: Miraidon|12\/100|[from] item: Rocky Helmet|[of] p1b: Amoonguss\n|move|p1a: Ditto|Heat Wave|p2b: Ursaluna|[spread] p2a,p2b\n|-resisted|p2a: Miraidon\n|-damage|p2a: Miraidon|0 fnt\n|-damage|p2b: Ursaluna|52\/100\n|faint|p2a: Miraidon\n|\n|-status|p2b: Ursaluna|brn|[from] item: Flame Orb\n|upkeep\n|\n|t:|1737937105\n|switch|p2a: Chi-Yu|Chi-Yu, L50|30\/100\n|-ability|p2a: Chi-Yu|Beads of Ruin\n|turn|5\n|inactive|grovyleuwu has 30 seconds left.\n|\n|t:|1737937131\n|move|p1b: Amoonguss|Rage Powder|p1b: Amoonguss\n|-singleturn|p1b: Amoonguss|move: Rage Powder\n|move|p2a: Chi-Yu|Snarl|p1b: Amoonguss|[spread] p1a,p1b\n|-resisted|p1a: Ditto\n|-crit|p1b: Amoonguss\n|-damage|p1a: Ditto|66\/100\n|-damage|p1b: Amoonguss|2\/100\n|-unboost|p1a: Ditto|spa|1\n|-unboost|p1b: Amoonguss|spa|1\n|move|p1a: Ditto|Dark Pulse|p2b: Ursaluna\n|-damage|p2b: Ursaluna|20\/100 brn\n|move|p2b: Ursaluna|Earthquake|p1a: Ditto|[spread] p2a,p1a,p1b\n|-supereffective|p2a: Chi-Yu\n|-supereffective|p1a: Ditto\n|-damage|p2a: Chi-Yu|0 fnt\n|-damage|p1a: Ditto|0 fnt\n|-damage|p1b: Amoonguss|0 fnt\n|faint|p2a: Chi-Yu\n|faint|p1a: Ditto\n|faint|p1b: Amoonguss\n|\n|win|kid_the_phantom\n|raw|grovyleuwu's rating: 1576 &rarr; <strong>1563<\/strong><br \/>(-13 for losing)\n|raw|kid_the_phantom's rating: 1710 &rarr; <strong>1723<\/strong><br \/>(+13 for winning)\n|c|\u2606grovyleuwu|Gg\n|l|\u2606grovyleuwu\n|player|p1|\n|l|\u2606kid_the_phantom\n|player|p2|\n","uploadtime":1737937144,"views":17,"formatid":"gen9vgc2025regg","rating":1563,"private":0,"password":null}