{"id":"gen9vgc2025regg-2288765277","format":"[Gen 9] VGC 2025 Reg G","players":["Imnotagni","Zakmancho"],"log":"|j|\u2606Imnotagni\n|j|\u2606Zakmancho\n|t:|1737928494\n|gametype|doubles\n|player|p1|Imnotagni|policeman-gen4|1665\n|player|p2|Zakmancho|170|1563\n|teamsize|p1|6\n|teamsize|p2|6\n|gen|9\n|tier|[Gen 9] VGC 2025 Reg G\n|rated|\n|rule|Species Clause: Limit one of each Pok\u00e9mon\n|rule|Item Clause: Limit 1 of each item\n|clearpoke\n|poke|p1|Kyogre, L50|\n|poke|p1|Tornadus, L50, M|\n|poke|p1|Tsareena, L50, F|\n|poke|p1|Landorus, L50, M|\n|poke|p1|Urshifu-*, L50, F|\n|poke|p1|Basculegion, L50, M|\n|poke|p2|Calyrex-Ice, L50|\n|poke|p2|Raging Bolt, L50|\n|poke|p2|Flutter Mane, L50|\n|poke|p2|Urshifu-*, L50, M|\n|poke|p2|Murkrow, L50, M|\n|poke|p2|Ogerpon-Cornerstone, L50, F|\n|teampreview|4\n|inactive|Battle timer is ON: inactive players will automatically lose when time's up. (requested by Zakmancho)\n|inactive|Imnotagni also wants the timer to be on.\n|inactive|Imnotagni has 60 seconds left.\n|inactive|Zakmancho has 60 seconds left.\n|l|\u2606Zakmancho\n|inactive|Zakmancho disconnected and has a minute to reconnect!\n|player|p2|\n|j|\u2606Zakmancho\n|inactive|Zakmancho reconnected.\n|player|p2|Zakmancho|170|\n|\n|t:|1737928549\n|start\n|switch|p1a: Kyogre|Kyogre, L50|100\/100\n|switch|p1b: Tornadus|Tornadus, L50, M|100\/100\n|switch|p2a: Murkrow|Murkrow, L50, M|100\/100\n|switch|p2b: Raging Bolt|Raging Bolt, L50|100\/100\n|-weather|RainDance|[from] ability: Drizzle|[of] p1a: Kyogre\n|turn|1\n|\n|t:|1737928558\n|-terastallize|p1a: Kyogre|Grass\n|move|p1b: Tornadus|Tailwind|p1b: Tornadus\n|-sidestart|p1: Imnotagni|move: Tailwind\n|move|p2a: Murkrow|Thunder Wave|p1a: Kyogre\n|-status|p1a: Kyogre|par\n|move|p1a: Kyogre|Water Spout|p2b: Raging Bolt|[spread] p2a,p2b\n|-resisted|p2b: Raging Bolt\n|-damage|p2a: Murkrow|0 fnt\n|-damage|p2b: Raging Bolt|53\/100\n|faint|p2a: Murkrow\n|move|p2b: Raging Bolt|Draco Meteor|p1a: Kyogre\n|-damage|p1a: Kyogre|55\/100 par\n|-unboost|p2b: Raging Bolt|spa|2\n|-damage|p2b: Raging Bolt|44\/100|[from] item: Life Orb\n|\n|-weather|RainDance|[upkeep]\n|upkeep\n|\n|t:|1737928577\n|switch|p2a: Calyrex|Calyrex-Ice, L50|100\/100\n|-ability|p2a: Calyrex|As One\n|-ability|p2a: Calyrex|Unnerve\n|turn|2\n|\n|t:|1737928589\n|move|p1b: Tornadus|Taunt|p2a: Calyrex\n|-start|p2a: Calyrex|move: Taunt\n|cant|p1a: Kyogre|par\n|move|p2b: Raging Bolt|Draco Meteor|p1a: Kyogre\n|-damage|p1a: Kyogre|31\/100 par\n|-unboost|p2b: Raging Bolt|spa|2\n|-damage|p2b: Raging Bolt|34\/100|[from] item: Life Orb\n|cant|p2a: Calyrex|move: Taunt|Substitute\n|\n|-weather|RainDance|[upkeep]\n|upkeep\n|turn|3\n|\n|t:|1737928607\n|move|p2b: Raging Bolt|Protect|p2b: Raging Bolt\n|-singleturn|p2b: Raging Bolt|Protect\n|move|p1b: Tornadus|Bleakwind Storm|p2b: Raging Bolt|[spread] p2a\n|-activate|p2b: Raging Bolt|move: Protect\n|-damage|p2a: Calyrex|76\/100\n|move|p1a: Kyogre|Origin Pulse|p2b: Raging Bolt|[spread] p2a\n|-activate|p2b: Raging Bolt|move: Protect\n|-damage|p2a: Calyrex|14\/100\n|move|p2a: Calyrex|Glacial Lance|p1b: Tornadus|[spread] p1a,p1b\n|-supereffective|p1a: Kyogre\n|-supereffective|p1b: Tornadus\n|-damage|p1a: Kyogre|0 fnt\n|-damage|p1b: Tornadus|0 fnt\n|faint|p1a: Kyogre\n|faint|p1b: Tornadus\n|-ability|p2a: Calyrex|Chilling Neigh|boost\n|-boost|p2a: Calyrex|atk|2\n|\n|-weather|RainDance|[upkeep]\n|upkeep\n|\n|t:|1737928611\n|switch|p1b: Basculegion|Basculegion, L50, M|100\/100\n|switch|p1a: Tsareena|Tsareena, L50, F, shiny|100\/100\n|turn|4\n|inactive|Zakmancho has 30 seconds left.\n|inactive|Zakmancho has 20 seconds left.\n|\n|t:|1737928647\n|-end|p2b: Raging Bolt|Protosynthesis|[silent]\n|switch|p2b: Ogerpon|Ogerpon-Cornerstone, L50, F|100\/100\n|move|p1b: Basculegion|Last Respects|p2a: Calyrex\n|-supereffective|p2a: Calyrex\n|-damage|p2a: Calyrex|0 fnt\n|faint|p2a: Calyrex\n|-damage|p1b: Basculegion|91\/100|[from] item: Life Orb\n|move|p1a: Tsareena|Triple Axel|p2b: Ogerpon\n|-supereffective|p2b: Ogerpon\n|-damage|p2b: Ogerpon|86\/100\n|-supereffective|p2b: Ogerpon\n|-damage|p2b: Ogerpon|53\/100\n|-supereffective|p2b: Ogerpon\n|-damage|p2b: Ogerpon|11\/100\n|-hitcount|p2b: Ogerpon|3\n|\n|-weather|RainDance|[upkeep]\n|-sideend|p1: Imnotagni|move: Tailwind\n|upkeep\n|\n|t:|1737928649\n|switch|p2a: Raging Bolt|Raging Bolt, L50|34\/100\n|turn|5\n|\n|t:|1737928667\n|move|p2b: Ogerpon|Follow Me|p2b: Ogerpon\n|-singleturn|p2b: Ogerpon|move: Follow Me\n|move|p1b: Basculegion|Aqua Jet|p2b: Ogerpon\n|-damage|p2b: Ogerpon|0 fnt\n|faint|p2b: Ogerpon\n|-damage|p1b: Basculegion|81\/100|[from] item: Life Orb\n|move|p1a: Tsareena|Triple Axel|p2a: Raging Bolt\n|-supereffective|p2a: Raging Bolt\n|-damage|p2a: Raging Bolt|23\/100\n|-supereffective|p2a: Raging Bolt\n|-damage|p2a: Raging Bolt|0 fnt\n|faint|p2a: Raging Bolt\n|-end|p2a: Raging Bolt|Protosynthesis|[silent]\n|-hitcount|p2: Raging Bolt|2\n|\n|win|Imnotagni\n|raw|Imnotagni's rating: 1665 &rarr; <strong>1679<\/strong><br \/>(+14 for winning)\n|raw|Zakmancho's rating: 1563 &rarr; <strong>1549<\/strong><br \/>(-14 for losing)\n|l|\u2606Zakmancho\n|player|p2|\n|l|\u2606Imnotagni\n|player|p1|\n","uploadtime":1737928917,"views":7,"formatid":"gen9vgc2025regg","rating":1549,"private":0,"password":null}