{"id":"gen9vgc2025regg-2288689801","format":"[Gen 9] VGC 2025 Reg G","players":["FebGC2025","infinitygroudon"],"log":"|j|\u2606FebGC2025\n|j|\u2606infinitygroudon\n|t:|1737919918\n|gametype|doubles\n|player|p1|FebGC2025|n|1619\n|player|p2|infinitygroudon|1|1694\n|teamsize|p1|6\n|teamsize|p2|6\n|gen|9\n|tier|[Gen 9] VGC 2025 Reg G\n|rated|\n|rule|Species Clause: Limit one of each Pok\u00e9mon\n|rule|Item Clause: Limit 1 of each item\n|clearpoke\n|poke|p1|Calyrex-Ice, L50|\n|poke|p1|Urshifu-*, L50, F|\n|poke|p1|Raging Bolt, L50|\n|poke|p1|Ogerpon-Cornerstone, L50, F|\n|poke|p1|Chi-Yu, L50|\n|poke|p1|Rillaboom, L50, M|\n|poke|p2|Calyrex-Shadow, L50|\n|poke|p2|Incineroar, L50, M|\n|poke|p2|Weezing-Galar, L50, M|\n|poke|p2|Indeedee-F, L50, F|\n|poke|p2|Iron Valiant, L50|\n|poke|p2|Ursaluna-Bloodmoon, L50, M|\n|teampreview|4\n|j| whatsupbig\n|\n|t:|1737919983\n|start\n|switch|p1a: Chi-Yu|Chi-Yu, L50|100\/100\n|switch|p1b: Rillaboom|Rillaboom, L50, M|100\/100\n|switch|p2a: Charming|Iron Valiant, L50, shiny|100\/100\n|switch|p2b: Duncan|Calyrex-Shadow, L50|100\/100\n|-ability|p2b: Duncan|As One\n|-ability|p2b: Duncan|Unnerve\n|-ability|p1a: Chi-Yu|Beads of Ruin\n|-fieldstart|move: Grassy Terrain|[from] ability: Grassy Surge|[of] p1b: Rillaboom\n|-enditem|p2a: Charming|Booster Energy\n|-activate|p2a: Charming|ability: Quark Drive|[fromitem]\n|-start|p2a: Charming|quarkdrivespe\n|turn|1\n|\n|t:|1737920002\n|move|p2a: Charming|Protect|p2a: Charming\n|-singleturn|p2a: Charming|Protect\n|move|p2b: Duncan|Protect|p2b: Duncan\n|-singleturn|p2b: Duncan|Protect\n|move|p1b: Rillaboom|Fake Out|p2a: Charming\n|-activate|p2a: Charming|move: Protect\n|move|p1a: Chi-Yu|Dark Pulse|p2b: Duncan\n|-activate|p2b: Duncan|move: Protect\n|\n|upkeep\n|turn|2\n|\n|t:|1737920027\n|-terastallize|p1a: Chi-Yu|Ghost\n|move|p1b: Rillaboom|Grassy Glide|p2b: Duncan\n|-damage|p2b: Duncan|58\/100\n|move|p2a: Charming|Close Combat|p1a: Chi-Yu\n|-immune|p1a: Chi-Yu\n|move|p1a: Chi-Yu|Dark Pulse|p2b: Duncan\n|-supereffective|p2b: Duncan\n|-damage|p2b: Duncan|0 fnt\n|faint|p2b: Duncan\n|\n|upkeep\n|\n|t:|1737920036\n|switch|p2b: Banderilla|Incineroar, L50, M|100\/100\n|-ability|p2b: Banderilla|Intimidate|boost\n|-unboost|p1a: Chi-Yu|atk|1\n|-unboost|p1b: Rillaboom|atk|1\n|turn|3\n|\n|t:|1737920056\n|move|p2b: Banderilla|Fake Out|p1b: Rillaboom\n|-damage|p1b: Rillaboom|89\/100\n|move|p2a: Charming|Spirit Break|p1a: Chi-Yu\n|-damage|p1a: Chi-Yu|48\/100\n|-unboost|p1a: Chi-Yu|spa|1\n|move|p1a: Chi-Yu|Dark Pulse|p2a: Charming\n|-resisted|p2a: Charming\n|-damage|p2a: Charming|86\/100\n|cant|p1b: Rillaboom|flinch\n|\n|-heal|p2a: Charming|92\/100|[from] Grassy Terrain\n|-heal|p1a: Chi-Yu|54\/100|[from] Grassy Terrain\n|-heal|p1b: Rillaboom|95\/100|[from] Grassy Terrain\n|upkeep\n|turn|4\n|\n|t:|1737920080\n|-terastallize|p2a: Charming|Fairy\n|move|p2a: Charming|Spirit Break|p1a: Chi-Yu\n|-damage|p1a: Chi-Yu|0 fnt\n|faint|p1a: Chi-Yu\n|move|p1b: Rillaboom|U-turn|p2b: Banderilla\n|-damage|p2b: Banderilla|84\/100\n|\n|t:|1737920091\n|switch|p1b: Calyrex|Calyrex-Ice, L50|100\/100|[from] U-turn\n|-ability|p1b: Calyrex|As One\n|-ability|p1b: Calyrex|Unnerve\n|move|p2b: Banderilla|Will-O-Wisp|p1b: Calyrex\n|-status|p1b: Calyrex|brn\n|\n|-heal|p2a: Charming|98\/100|[from] Grassy Terrain\n|-heal|p2b: Banderilla|90\/100|[from] Grassy Terrain\n|-damage|p1b: Calyrex|95\/100 brn|[from] brn\n|upkeep\n|\n|t:|1737920104\n|switch|p1a: Urshifu|Urshifu-Rapid-Strike, L50, F|100\/100\n|turn|5\n|\n|t:|1737920121\n|switch|p2b: Suthen|Indeedee-F, L50, F|100\/100\n|-fieldstart|move: Psychic Terrain|[from] ability: Psychic Surge|[of] p2b: Suthen\n|move|p2a: Charming|Spirit Break|p1a: Urshifu\n|-supereffective|p1a: Urshifu\n|-damage|p1a: Urshifu|4\/100\n|-unboost|p1a: Urshifu|spa|1\n|move|p1a: Urshifu|Surging Strikes|p2b: Suthen\n|-crit|p2b: Suthen\n|-damage|p2b: Suthen|75\/100\n|-damage|p1a: Urshifu|0 fnt|[from] item: Rocky Helmet|[of] p2b: Suthen\n|faint|p1a: Urshifu\n|-hitcount|p2b: Suthen|1\n|move|p1b: Calyrex|Glacial Lance|p2b: Suthen|[spread] p2a,p2b\n|-damage|p2a: Charming|61\/100\n|-damage|p2b: Suthen|41\/100\n|\n|-damage|p1b: Calyrex|89\/100 brn|[from] brn\n|upkeep\n|\n|t:|1737920138\n|switch|p1a: Rillaboom|Rillaboom, L50, M|95\/100\n|-fieldstart|move: Grassy Terrain|[from] ability: Grassy Surge|[of] p1a: Rillaboom\n|turn|6\n|\n|t:|1737920157\n|switch|p2b: Banderilla|Incineroar, L50, M|90\/100\n|-ability|p2b: Banderilla|Intimidate|boost\n|-unboost|p1a: Rillaboom|atk|1\n|-fail|p1b: Calyrex|unboost|[from] item: Clear Amulet|[of] p1b: Calyrex\n|move|p2a: Charming|Protect|p2a: Charming\n|-singleturn|p2a: Charming|Protect\n|move|p1a: Rillaboom|Wood Hammer|p2b: Banderilla\n|-resisted|p2b: Banderilla\n|-damage|p2b: Banderilla|65\/100\n|-damage|p1a: Rillaboom|87\/100|[from] Recoil\n|move|p1b: Calyrex|High Horsepower|p2b: Banderilla\n|-supereffective|p2b: Banderilla\n|-damage|p2b: Banderilla|25\/100\n|\n|-heal|p2a: Charming|67\/100|[from] Grassy Terrain\n|-heal|p1a: Rillaboom|93\/100|[from] Grassy Terrain\n|-heal|p2b: Banderilla|31\/100|[from] Grassy Terrain\n|-heal|p1b: Calyrex|95\/100 brn|[from] Grassy Terrain\n|-damage|p1b: Calyrex|89\/100 brn|[from] brn\n|upkeep\n|turn|7\n|\n|t:|1737920181\n|switch|p2b: Suthen|Indeedee-F, L50, F|41\/100\n|-fieldstart|move: Psychic Terrain|[from] ability: Psychic Surge|[of] p2b: Suthen\n|move|p2a: Charming|Spirit Break|p1a: Rillaboom\n|-damage|p1a: Rillaboom|40\/100\n|-unboost|p1a: Rillaboom|spa|1\n|move|p1a: Rillaboom|Wood Hammer|p2a: Charming\n|-damage|p2a: Charming|17\/100\n|-damage|p1a: Rillaboom|28\/100|[from] Recoil\n|move|p1b: Calyrex|High Horsepower|p2b: Suthen\n|-damage|p2b: Suthen|18\/100\n|-damage|p1b: Calyrex|72\/100 brn|[from] item: Rocky Helmet|[of] p2b: Suthen\n|\n|-damage|p1b: Calyrex|67\/100 brn|[from] brn\n|upkeep\n|turn|8\n|\n|t:|1737920209\n|switch|p2b: Banderilla|Incineroar, L50, M|31\/100\n|-ability|p2b: Banderilla|Intimidate|boost\n|-unboost|p1a: Rillaboom|atk|1\n|-fail|p1b: Calyrex|unboost|[from] item: Clear Amulet|[of] p1b: Calyrex\n|move|p2a: Charming|Spirit Break|p1a: Rillaboom\n|-damage|p1a: Rillaboom|0 fnt\n|faint|p1a: Rillaboom\n|move|p1b: Calyrex|Glacial Lance|p2b: Banderilla|[spread] p2a,p2b\n|-resisted|p2b: Banderilla\n|-damage|p2a: Charming|0 fnt\n|-damage|p2b: Banderilla|17\/100\n|faint|p2a: Charming\n|-end|p2a: Charming|Quark Drive|[silent]\n|-ability|p1b: Calyrex|Chilling Neigh|boost\n|-boost|p1b: Calyrex|atk|1\n|\n|-damage|p1b: Calyrex|61\/100 brn|[from] brn\n|upkeep\n|\n|t:|1737920219\n|switch|p2a: Suthen|Indeedee-F, L50, F|18\/100\n|turn|9\n|\n|t:|1737920225\n|move|p2a: Suthen|Helping Hand|p2b: Banderilla\n|-singleturn|p2b: Banderilla|Helping Hand|[of] p2a: Suthen\n|move|p2b: Banderilla|Knock Off|p1b: Calyrex\n|-supereffective|p1b: Calyrex\n|-damage|p1b: Calyrex|0 fnt\n|-enditem|p1b: Calyrex|Clear Amulet|[from] move: Knock Off|[of] p2b: Banderilla\n|faint|p1b: Calyrex\n|\n|win|infinitygroudon\n|raw|FebGC2025's rating: 1619 &rarr; <strong>1603<\/strong><br \/>(-16 for losing)\n|raw|infinitygroudon's rating: 1694 &rarr; <strong>1710<\/strong><br \/>(+16 for winning)\n|c|\u2606FebGC2025|ggs\n|c|\u2606infinitygroudon|gg\n|l|\u2606infinitygroudon\n|player|p2|\n|l| whatsupbig\n|l|\u2606FebGC2025\n|player|p1|\n","uploadtime":1737920235,"views":29,"formatid":"gen9vgc2025regg","rating":1603,"private":0,"password":null}