{"id":"gen9vgc2025regg-2288100288","format":"[Gen 9] VGC 2025 Reg G","players":["bluestraggler01","Diestoise"],"log":"|j|\u2606bluestraggler01\n|j|\u2606Diestoise\n|t:|1737833089\n|gametype|doubles\n|player|p1|bluestraggler01|102|1683\n|player|p2|Diestoise|blue|1715\n|teamsize|p1|6\n|teamsize|p2|6\n|gen|9\n|tier|[Gen 9] VGC 2025 Reg G\n|rated|\n|rule|Species Clause: Limit one of each Pok\u00e9mon\n|rule|Item Clause: Limit 1 of each item\n|clearpoke\n|poke|p1|Koraidon, L50|\n|poke|p1|Lilligant-Hisui, L50, F|\n|poke|p1|Walking Wake, L50|\n|poke|p1|Raging Bolt, L50|\n|poke|p1|Kingambit, L50, F|\n|poke|p1|Volcarona, L50, M|\n|poke|p2|Kyogre, L50|\n|poke|p2|Tornadus, L50, M|\n|poke|p2|Incineroar, L50, M|\n|poke|p2|Raichu, L50, M|\n|poke|p2|Urshifu-*, L50, F|\n|poke|p2|Amoonguss, L50, F|\n|teampreview|4\n|inactive|Battle timer is ON: inactive players will automatically lose when time's up. (requested by bluestraggler01)\nbluestraggler01 rejected open team sheets.\n|inactive|Diestoise has 60 seconds left.\n|inactive|Diestoise has 30 seconds left.\n|inactive|Diestoise has 20 seconds left.\n|\n|t:|1737833181\n|start\n|switch|p1a: Lilligant|Lilligant-Hisui, L50, F|100\/100\n|switch|p1b: Koraidon|Koraidon, L50|100\/100\n|switch|p2a: Gofres|Raichu, L50, M, shiny|100\/100\n|switch|p2b: Tornadus|Tornadus, L50, M|100\/100\n|-weather|SunnyDay|[from] ability: Orichalcum Pulse|[of] p1b: Koraidon\n|-activate|p1b: Koraidon|Orichalcum Pulse|[source]\n|turn|1\n|j| BionicFox\n|inactive|Diestoise has 30 seconds left.\n|\n|t:|1737833218\n|switch|p1b: Walking Wake|Walking Wake, L50|100\/100\n|-activate|p1b: Walking Wake|ability: Protosynthesis\n|-start|p1b: Walking Wake|protosynthesisspe\n|move|p2a: Gofres|Fake Out|p1a: Lilligant\n|-damage|p1a: Lilligant|88\/100\n|move|p2b: Tornadus|Rain Dance|p2b: Tornadus\n|-weather|RainDance\n|-end|p1b: Walking Wake|Protosynthesis\n|cant|p1a: Lilligant|flinch\n|\n|-weather|RainDance|[upkeep]\n|upkeep\n|turn|2\n|\n|t:|1737833244\n|move|p1b: Walking Wake|Hydro Steam|p2b: Tornadus\n|-damage|p2b: Tornadus|41\/100\n|move|p1a: Lilligant|Encore|p2b: Tornadus\n|-start|p2b: Tornadus|Encore\n|move|p2a: Gofres|Nuzzle|p1a: Lilligant\n|-resisted|p1a: Lilligant\n|-damage|p1a: Lilligant|83\/100\n|-status|p1a: Lilligant|par\n|move|p2b: Tornadus|Rain Dance||[still]\n|-fail|p2b: Tornadus\n|\n|-weather|RainDance|[upkeep]\n|upkeep\n|turn|3\n|inactive|Diestoise has 30 seconds left.\n|\n|t:|1737833274\n|switch|p2b: Kyogre|Kyogre, L50|100\/100\n|move|p1b: Walking Wake|Hydro Steam|p2a: Gofres\n|-damage|p2a: Gofres|51\/100\n|move|p2a: Gofres|Nuzzle|p1b: Walking Wake\n|-damage|p1b: Walking Wake|95\/100\n|move|p1a: Lilligant|Encore|p2a: Gofres\n|-start|p2a: Gofres|Encore\n|\n|-weather|RainDance|[upkeep]\n|upkeep\n|turn|4\n|inactive|Diestoise has 30 seconds left.\n|\n|t:|1737833300\n|switch|p2a: Urshifu|Urshifu-Rapid-Strike, L50, F|100\/100\n|switch|p1a: Koraidon|Koraidon, L50|100\/100\n|-weather|SunnyDay|[from] ability: Orichalcum Pulse|[of] p1a: Koraidon\n|-activate|p1b: Walking Wake|ability: Protosynthesis\n|-start|p1b: Walking Wake|protosynthesisspe\n|-activate|p1a: Koraidon|Orichalcum Pulse|[source]\n|move|p1b: Walking Wake|Snarl|p2b: Kyogre|[spread] p2a,p2b\n|-resisted|p2a: Urshifu\n|-damage|p2a: Urshifu|91\/100\n|-damage|p2b: Kyogre|90\/100\n|-unboost|p2a: Urshifu|spa|1\n|-unboost|p2b: Kyogre|spa|1\n|move|p2b: Kyogre|Ice Beam|p1a: Koraidon\n|-supereffective|p1a: Koraidon\n|-crit|p1a: Koraidon\n|-damage|p1a: Koraidon|37\/100\n|\n|-weather|SunnyDay|[upkeep]\n|-heal|p2b: Kyogre|96\/100|[from] item: Leftovers\n|upkeep\n|turn|5\n|inactive|Diestoise has 30 seconds left.\n|inactive|Diestoise has 20 seconds left.\n|inactive|Diestoise has 15 seconds left.\n|inactive|Diestoise has 10 seconds left.\n|\n|t:|1737833346\n|switch|p2b: Tornadus|Tornadus, L50, M|41\/100\n|move|p1b: Walking Wake|Hydro Steam|p2a: Urshifu\n|-resisted|p2a: Urshifu\n|-damage|p2a: Urshifu|50\/100\n|move|p2a: Urshifu|Close Combat|p1a: Koraidon\n|-damage|p1a: Koraidon|0 fnt\n|-unboost|p2a: Urshifu|def|1\n|-unboost|p2a: Urshifu|spd|1\n|faint|p1a: Koraidon\n|\n|-weather|SunnyDay|[upkeep]\n|upkeep\n|\n|t:|1737833359\n|switch|p1a: Lilligant|Lilligant-Hisui, L50, F|83\/100 par\n|turn|6\n|\n|t:|1737833379\n|-terastallize|p1a: Lilligant|Ghost\n|move|p2b: Tornadus|Tailwind|p2b: Tornadus\n|-sidestart|p2: Diestoise|move: Tailwind\n|move|p2a: Urshifu|Close Combat|p1a: Lilligant\n|-immune|p1a: Lilligant\n|move|p1b: Walking Wake|Hydro Steam|p2b: Tornadus\n|-crit|p2b: Tornadus\n|-damage|p2b: Tornadus|0 fnt\n|faint|p2b: Tornadus\n|move|p1a: Lilligant|Sleep Powder|p2a: Urshifu\n|-status|p2a: Urshifu|slp|[from] move: Sleep Powder\n|\n|-weather|SunnyDay|[upkeep]\n|upkeep\n|\n|t:|1737833389\n|switch|p2b: Kyogre|Kyogre, L50|96\/100\n|-weather|RainDance|[from] ability: Drizzle|[of] p2b: Kyogre\n|-end|p1b: Walking Wake|Protosynthesis\n|turn|7\n|inactive|bluestraggler01 has 30 seconds left.\n|\n|t:|1737833421\n|cant|p2a: Urshifu|slp\n|move|p2b: Kyogre|Water Spout|p1a: Lilligant|[spread] p1a,p1b\n|-resisted|p1b: Walking Wake\n|-damage|p1a: Lilligant|0 fnt\n|-damage|p1b: Walking Wake|65\/100\n|faint|p1a: Lilligant\n|move|p1b: Walking Wake|Hydro Steam|p2a: Urshifu\n|-resisted|p2a: Urshifu\n|-damage|p2a: Urshifu|0 fnt\n|faint|p2a: Urshifu\n|\n|-weather|RainDance|[upkeep]\n|-heal|p2b: Kyogre|100\/100|[from] item: Leftovers\n|upkeep\n|\n|t:|1737833431\n|switch|p1a: Raging Bolt|Raging Bolt, L50|100\/100\n|switch|p2a: Gofres|Raichu, L50, M, shiny|51\/100\n|turn|8\n|\n|t:|1737833449\n|-terastallize|p2a: Gofres|Fairy\n|move|p1a: Raging Bolt|Protect|p1a: Raging Bolt\n|-singleturn|p1a: Raging Bolt|Protect\n|move|p2a: Gofres|Endeavor|p1b: Walking Wake\n|-damage|p1b: Walking Wake|44\/100\n|move|p2b: Kyogre|Ice Beam|p1b: Walking Wake\n|-crit|p1b: Walking Wake\n|-damage|p1b: Walking Wake|0 fnt\n|faint|p1b: Walking Wake\n|-end|p1b: Walking Wake|Protosynthesis|[silent]\n|\n|-weather|RainDance|[upkeep]\n|upkeep\n|turn|9\n|-message|bluestraggler01 forfeited.\n|\n|win|Diestoise\n|raw|bluestraggler01's rating: 1683 &rarr; <strong>1665<\/strong><br \/>(-18 for losing)\n|raw|Diestoise's rating: 1715 &rarr; <strong>1733<\/strong><br \/>(+18 for winning)\n|l|\u2606bluestraggler01\n|player|p1|\n|l|\u2606Diestoise\n|player|p2|\n|l| BionicFox\n","uploadtime":1737833608,"views":25,"formatid":"gen9vgc2025regg","rating":1665,"private":0,"password":null}