{"id":"gen9vgc2025regg-2288401965","format":"[Gen 9] VGC 2025 Reg G","players":["crowz000","seung2742"],"log":"|j|\u2606crowz000\n|j|\u2606seung2742\n|t:|1737874665\n|gametype|doubles\n|player|p1|crowz000|265|1599\n|player|p2|seung2742|265|1641\n|teamsize|p1|6\n|teamsize|p2|6\n|gen|9\n|tier|[Gen 9] VGC 2025 Reg G\n|rated|\n|rule|Species Clause: Limit one of each Pok\u00e9mon\n|rule|Item Clause: Limit 1 of each item\n|clearpoke\n|poke|p1|Terapagos, L50, M|\n|poke|p1|Clefairy, L50, M|\n|poke|p1|Rillaboom, L50, F|\n|poke|p1|Ogerpon-Hearthflame, L50, F|\n|poke|p1|Sableye, L50, M|\n|poke|p1|Flutter Mane, L50|\n|poke|p2|Groudon, L50|\n|poke|p2|Rillaboom, L50, F|\n|poke|p2|Gouging Fire, L50|\n|poke|p2|Regidrago, L50|\n|poke|p2|Iron Crown, L50|\n|poke|p2|Yanmega, L50, M|\n|teampreview|4\n|inactive|Battle timer is ON: inactive players will automatically lose when time's up. (requested by seung2742)\n|\n|t:|1737874688\n|start\n|switch|p1a: Terapagos|Terapagos, L50, M|100\/100\n|switch|p1b: Sableye|Sableye, L50, M|100\/100\n|switch|p2a: Iron Crown|Iron Crown, L50|100\/100\n|switch|p2b: Yanmega|Yanmega, L50, M|100\/100\n|-activate|p1a: Terapagos|ability: Tera Shift\n|detailschange|p1a: Terapagos|Terapagos-Terastal, L50, M\n|-heal|p1a: Terapagos|100\/100|[silent]\n|-enditem|p2a: Iron Crown|Booster Energy\n|-activate|p2a: Iron Crown|ability: Quark Drive|[fromitem]\n|-start|p2a: Iron Crown|quarkdrivespe\n|turn|1\n|\n|t:|1737874708\n|move|p1a: Terapagos|Protect|p1a: Terapagos\n|-singleturn|p1a: Terapagos|Protect\n|move|p1b: Sableye|Light Screen|p1b: Sableye\n|-sidestart|p1: crowz000|move: Light Screen\n|move|p2a: Iron Crown|Gravity|p2a: Iron Crown\n|-fieldstart|move: Gravity\n|move|p2b: Yanmega|Hypnosis|p1a: Terapagos\n|-activate|p1a: Terapagos|move: Protect\n|\n|-ability|p2b: Yanmega|Speed Boost|boost\n|-boost|p2b: Yanmega|spe|1\n|upkeep\n|turn|2\n|\n|t:|1737874720\n|move|p1b: Sableye|Disable|p2b: Yanmega\n|-start|p2b: Yanmega|Disable|Hypnosis\n|move|p2a: Iron Crown|Calm Mind|p2a: Iron Crown\n|-boost|p2a: Iron Crown|spa|1\n|-boost|p2a: Iron Crown|spd|1\n|cant|p2b: Yanmega|Disable|Hypnosis\n|move|p1a: Terapagos|Calm Mind|p1a: Terapagos\n|-boost|p1a: Terapagos|spa|1\n|-boost|p1a: Terapagos|spd|1\n|\n|-ability|p2b: Yanmega|Speed Boost|boost\n|-boost|p2b: Yanmega|spe|1\n|upkeep\n|turn|3\n|\n|t:|1737874733\n|move|p1b: Sableye|Encore|p2a: Iron Crown\n|-start|p2a: Iron Crown|Encore\n|move|p2b: Yanmega|Tailwind|p2b: Yanmega\n|-sidestart|p2: seung2742|move: Tailwind\n|move|p2a: Iron Crown|Calm Mind|p2a: Iron Crown\n|-boost|p2a: Iron Crown|spa|1\n|-boost|p2a: Iron Crown|spd|1\n|move|p1a: Terapagos|Substitute|p1a: Terapagos\n|-start|p1a: Terapagos|Substitute\n|-damage|p1a: Terapagos|76\/100\n|\n|-heal|p1a: Terapagos|82\/100|[from] item: Leftovers\n|-ability|p2b: Yanmega|Speed Boost|boost\n|-boost|p2b: Yanmega|spe|1\n|upkeep\n|turn|4\n|\n|t:|1737874752\n|switch|p2b: Gouging Fire|Gouging Fire, L50|100\/100\n|move|p1b: Sableye|Disable|p2a: Iron Crown\n|-start|p2a: Iron Crown|Disable|Calm Mind\n|cant|p2a: Iron Crown|Disable|Calm Mind\n|move|p1a: Terapagos|Calm Mind|p1a: Terapagos\n|-boost|p1a: Terapagos|spa|1\n|-boost|p1a: Terapagos|spd|1\n|\n|-heal|p1a: Terapagos|88\/100|[from] item: Leftovers\n|upkeep\n|turn|5\n|j| Salvato1902V\n|\n|t:|1737874770\n|-end|p2a: Iron Crown|Quark Drive|[silent]\n|switch|p2a: Yanmega|Yanmega, L50, M|100\/100\n|-terastallize|p1a: Terapagos|Stellar\n|detailschange|p1a: Terapagos|Terapagos-Stellar, L50, M, tera:Stellar\n|-heal|p1a: Terapagos|91\/100|[silent]\n|move|p1b: Sableye|Reflect|p1b: Sableye\n|-sidestart|p1: crowz000|Reflect\n|move|p2b: Gouging Fire|Breaking Swipe|p1a: Terapagos|[spread] p1a,p1b\n|-activate|p1a: Terapagos|move: Substitute|[damage]\n|-crit|p1b: Sableye\n|-damage|p1b: Sableye|60\/100\n|-unboost|p1b: Sableye|atk|1\n|move|p1a: Terapagos|Tera Starstorm|p2a: Yanmega|[spread] p2a,p2b\n|-enditem|p2a: Yanmega|Focus Sash\n|-damage|p2a: Yanmega|1\/100\n|-damage|p2b: Gouging Fire|20\/100\n|\n|-heal|p1a: Terapagos|97\/100|[from] item: Leftovers\n|-fieldend|move: Gravity\n|upkeep\n|turn|6\n|inactive|crowz000 has 30 seconds left.\n|inactive|seung2742 has 30 seconds left.\n|\n|t:|1737874804\n|move|p2a: Yanmega|Protect|p2a: Yanmega\n|-singleturn|p2a: Yanmega|Protect\n|move|p1b: Sableye|Encore|p2b: Gouging Fire\n|-start|p2b: Gouging Fire|Encore\n|move|p2b: Gouging Fire|Breaking Swipe|p1b: Sableye|[spread] p1a,p1b\n|-activate|p1a: Terapagos|move: Substitute|[damage]\n|-damage|p1b: Sableye|44\/100\n|-unboost|p1b: Sableye|atk|1\n|move|p1a: Terapagos|Tera Starstorm|p2b: Gouging Fire|[spread] p2b\n|-activate|p2a: Yanmega|move: Protect\n|-damage|p2b: Gouging Fire|0 fnt\n|faint|p2b: Gouging Fire\n|-end|p2b: Gouging Fire|Protosynthesis|[silent]\n|\n|-heal|p1a: Terapagos|100\/100|[from] item: Leftovers\n|-sideend|p2: seung2742|move: Tailwind\n|-ability|p2a: Yanmega|Speed Boost|boost\n|-boost|p2a: Yanmega|spe|1\n|upkeep\n|-message|seung2742 forfeited.\n|\n|win|crowz000\n|raw|crowz000's rating: 1599 &rarr; <strong>1621<\/strong><br \/>(+22 for winning)\n|raw|seung2742's rating: 1641 &rarr; <strong>1619<\/strong><br \/>(-22 for losing)\n|l|\u2606seung2742\n|player|p2|\n|l|\u2606crowz000\n|player|p1|\n|l| Salvato1902V\n","uploadtime":1737874991,"views":15,"formatid":"gen9vgc2025regg","rating":1619,"private":0,"password":null}