{"id":"gen9vgc2025regg-2288267142","format":"[Gen 9] VGC 2025 Reg G","players":["infinitygroudon","Saltwater7"],"log":"|j|\u2606infinitygroudon\n|j|\u2606Saltwater7\n|t:|1737854162\n|gametype|doubles\n|player|p1|infinitygroudon|1|1761\n|player|p2|Saltwater7|265|1641\n|teamsize|p1|6\n|teamsize|p2|6\n|gen|9\n|tier|[Gen 9] VGC 2025 Reg G\n|rated|\n|rule|Species Clause: Limit one of each Pok\u00e9mon\n|rule|Item Clause: Limit 1 of each item\n|clearpoke\n|poke|p1|Calyrex-Shadow, L50|\n|poke|p1|Incineroar, L50, M|\n|poke|p1|Weezing-Galar, L50, M|\n|poke|p1|Indeedee-F, L50, F|\n|poke|p1|Iron Valiant, L50|\n|poke|p1|Ursaluna-Bloodmoon, L50, M|\n|poke|p2|Zacian-*, L50|\n|poke|p2|Regidrago, L50|\n|poke|p2|Whimsicott, L50, F|\n|poke|p2|Urshifu-*, L50, M|\n|poke|p2|Farigiraf, L50, F|\n|poke|p2|Chi-Yu, L50|\n|teampreview|4\n|inactive|Battle timer is ON: inactive players will automatically lose when time's up. (requested by Saltwater7)\n|inactive|Saltwater7 has 60 seconds left.\n|\n|t:|1737854207\n|start\n|switch|p1a: Banderilla|Incineroar, L50, M|100\/100\n|switch|p1b: Duncan|Calyrex-Shadow, L50|100\/100\n|switch|p2a: Urshifu|Urshifu-Rapid-Strike, L50, M|100\/100\n|switch|p2b: Whimsicott|Whimsicott, L50, F|100\/100\n|-ability|p1b: Duncan|As One\n|-ability|p1b: Duncan|Unnerve\n|-ability|p1a: Banderilla|Intimidate|boost\n|-unboost|p2a: Urshifu|atk|1\n|-unboost|p2b: Whimsicott|atk|1\n|turn|1\n|inactive|Saltwater7 has 30 seconds left.\n|inactive|Saltwater7 has 20 seconds left.\n|\n|t:|1737854246\n|move|p2b: Whimsicott|Protect|p2b: Whimsicott\n|-singleturn|p2b: Whimsicott|Protect\n|move|p1a: Banderilla|Fake Out|p2a: Urshifu\n|-damage|p2a: Urshifu|90\/100\n|move|p1b: Duncan|Astral Barrage|p2b: Whimsicott|[spread] p2a\n|-activate|p2b: Whimsicott|move: Protect\n|-damage|p2a: Urshifu|0 fnt\n|faint|p2a: Urshifu\n|-ability|p1b: Duncan|Grim Neigh|boost\n|-boost|p1b: Duncan|spa|1\n|-damage|p1b: Duncan|91\/100|[from] item: Life Orb\n|\n|upkeep\n|\n|t:|1737854261\n|switch|p2a: Chi-Yu|Chi-Yu, L50|100\/100\n|-ability|p2a: Chi-Yu|Beads of Ruin\n|turn|2\n|\n|t:|1737854282\n|-terastallize|p1b: Duncan|Normal\n|-terastallize|p2a: Chi-Yu|Fire\n|move|p2b: Whimsicott|Tailwind|p2b: Whimsicott\n|-sidestart|p2: Saltwater7|move: Tailwind\n|move|p2a: Chi-Yu|Heat Wave|p1a: Banderilla|[spread] p1a,p1b\n|-resisted|p1a: Banderilla\n|-damage|p1a: Banderilla|63\/100\n|-damage|p1b: Duncan|0 fnt\n|faint|p1b: Duncan\n|move|p1a: Banderilla|Knock Off|p2a: Chi-Yu\n|-damage|p2a: Chi-Yu|33\/100\n|-enditem|p2a: Chi-Yu|Choice Specs|[from] move: Knock Off|[of] p1a: Banderilla\n|\n|upkeep\n|\n|t:|1737854291\n|switch|p1b: Suthen|Indeedee-F, L50, F|100\/100\n|-fieldstart|move: Psychic Terrain|[from] ability: Psychic Surge|[of] p1b: Suthen\n|turn|3\n|\n|t:|1737854306\n|move|p2b: Whimsicott|Moonblast|p1a: Banderilla\n|-damage|p1a: Banderilla|30\/100\n|-unboost|p1a: Banderilla|spa|1\n|move|p2a: Chi-Yu|Heat Wave|p1a: Banderilla|[spread] p1a,p1b\n|-resisted|p1a: Banderilla\n|-damage|p1a: Banderilla|5\/100\n|-damage|p1b: Suthen|36\/100\n|move|p1a: Banderilla|Knock Off|p2a: Chi-Yu\n|-damage|p2a: Chi-Yu|0 fnt\n|faint|p2a: Chi-Yu\n|move|p1b: Suthen|Trick Room|p1b: Suthen\n|-fieldstart|move: Trick Room|[of] p1b: Suthen\n|\n|upkeep\n|\n|t:|1737854319\n|switch|p2a: Zacian|Zacian-Crowned, L50|100\/100\n|-ability|p2a: Zacian|Intrepid Sword|boost\n|-boost|p2a: Zacian|atk|1\n|turn|4\n|\n|t:|1737854333\n|move|p2a: Zacian|Protect|p2a: Zacian\n|-singleturn|p2a: Zacian|Protect\n|move|p1b: Suthen|Follow Me|p1b: Suthen\n|-singleturn|p1b: Suthen|move: Follow Me\n|move|p1a: Banderilla|Parting Shot|p2a: Zacian\n|-activate|p2a: Zacian|move: Protect\n|move|p2b: Whimsicott|Moonblast|p1b: Suthen\n|-damage|p1b: Suthen|8\/100\n|-unboost|p1b: Suthen|spa|1\n|\n|upkeep\n|turn|5\n|\n|t:|1737854351\n|switch|p1b: Charming|Iron Valiant, L50, shiny|100\/100\n|-enditem|p1b: Charming|Booster Energy\n|-activate|p1b: Charming|ability: Quark Drive|[fromitem]\n|-start|p1b: Charming|quarkdrivespe\n|move|p1a: Banderilla|Will-O-Wisp|p2a: Zacian\n|-status|p2a: Zacian|brn\n|move|p2b: Whimsicott|Moonblast|p1b: Charming\n|-supereffective|p1b: Charming\n|-damage|p1b: Charming|0 fnt\n|faint|p1b: Charming\n|-end|p1b: Charming|Quark Drive|[silent]\n|move|p2a: Zacian|Behemoth Blade|p1a: Banderilla\n|-resisted|p1a: Banderilla\n|-damage|p1a: Banderilla|0 fnt\n|faint|p1a: Banderilla\n|\n|-damage|p2a: Zacian|94\/100 brn|[from] brn\n|-sideend|p2: Saltwater7|move: Tailwind\n|upkeep\n|-message|infinitygroudon forfeited.\n|\n|win|Saltwater7\n|raw|infinitygroudon's rating: 1761 &rarr; <strong>1734<\/strong><br \/>(-27 for losing)\n|raw|Saltwater7's rating: 1641 &rarr; <strong>1668<\/strong><br \/>(+27 for winning)\n|l|\u2606infinitygroudon\n|player|p1|\n|l|\u2606Saltwater7\n|player|p2|\n","uploadtime":1737854574,"views":23,"formatid":"gen9vgc2025regg","rating":1668,"private":0,"password":null}