{"id":"gen9vgc2025regg-2288293104","format":"[Gen 9] VGC 2025 Reg G","players":["Free-to-poke","Imnotagni"],"log":"|j|\u2606Free-to-poke\n|j|\u2606Imnotagni\n|t:|1737857649\n|gametype|doubles\n|player|p1|Free-to-poke|bruno|1507\n|player|p2|Imnotagni|policeman-gen4|1594\n|teamsize|p1|6\n|teamsize|p2|6\n|gen|9\n|tier|[Gen 9] VGC 2025 Reg G\n|rated|\n|rule|Species Clause: Limit one of each Pok\u00e9mon\n|rule|Item Clause: Limit 1 of each item\n|clearpoke\n|poke|p1|Calyrex-Shadow, L50|\n|poke|p1|Weezing-Galar, L50, F|\n|poke|p1|Dondozo, L50, M|\n|poke|p1|Tatsugiri-Droopy, L50, F|\n|poke|p1|Iron Hands, L50|\n|poke|p1|Indeedee-F, L50, F|\n|poke|p2|Zacian-*, L50|\n|poke|p2|Regidrago, L50|\n|poke|p2|Urshifu-*, L50, F|\n|poke|p2|Tornadus, L50, M|\n|poke|p2|Ogerpon-Hearthflame, L50, F|\n|poke|p2|Farigiraf, L50, F|\n|teampreview|4\n|inactive|Battle timer is ON: inactive players will automatically lose when time's up. (requested by Imnotagni)\n|inactive|Imnotagni has 60 seconds left.\n|inactive|Imnotagni has 30 seconds left.\n|\n|t:|1737857714\n|start\n|switch|p1a: Calyrex|Calyrex-Shadow, L50|100\/100\n|switch|p1b: Weezing|Weezing-Galar, L50, F|100\/100\n|switch|p2a: Tornadus|Tornadus, L50, M|100\/100\n|switch|p2b: Ogerpon|Ogerpon-Hearthflame, L50, F|100\/100\n|-ability|p1a: Calyrex|As One\n|-ability|p1a: Calyrex|Unnerve\n|-ability|p1b: Weezing|Neutralizing Gas\n|turn|1\n|j| Mollymiltoast\n|\n|t:|1737857735\n|-terastallize|p2a: Tornadus|Dark\n|move|p2b: Ogerpon|Spiky Shield|p2b: Ogerpon\n|-singleturn|p2b: Ogerpon|move: Protect\n|move|p1a: Calyrex|Astral Barrage|p2b: Ogerpon|[spread] p2a\n|-activate|p2b: Ogerpon|move: Protect\n|-resisted|p2a: Tornadus\n|-damage|p2a: Tornadus|62\/100\n|move|p2a: Tornadus|Tailwind|p2a: Tornadus\n|-sidestart|p2: Imnotagni|move: Tailwind\n|move|p1b: Weezing|Toxic Spikes|p2b: Ogerpon\n|-sidestart|p2: Imnotagni|move: Toxic Spikes\n|\n|upkeep\n|turn|2\n|\n|t:|1737857758\n|move|p1a: Calyrex|Protect|p1a: Calyrex\n|-singleturn|p1a: Calyrex|Protect\n|move|p2a: Tornadus|Bleakwind Storm|p1a: Calyrex|[spread] p1b\n|-activate|p1a: Calyrex|move: Protect\n|-damage|p1b: Weezing|57\/100\n|move|p2b: Ogerpon|Ivy Cudgel|p1b: Weezing|[anim] Ivy Cudgel Fire\n|-crit|p1b: Weezing\n|-damage|p1b: Weezing|0 fnt\n|faint|p1b: Weezing\n|-end|p1b: Weezing|ability: Neutralizing Gas\n|-ability|p2b: Ogerpon|Mold Breaker\n|\n|upkeep\n|\n|t:|1737857768\n|switch|p1b: Dondozo|Dondozo, L50, M|100\/100\n|turn|3\n|\n|t:|1737857781\n|switch|p1a: Tatsugiri|Tatsugiri-Droopy, L50, F|100\/100\n|-activate|p1a: Tatsugiri|ability: Commander|[of] p1b: Dondozo\n|-boost|p1b: Dondozo|atk|2\n|-boost|p1b: Dondozo|spa|2\n|-boost|p1b: Dondozo|spe|2\n|-boost|p1b: Dondozo|def|2\n|-boost|p1b: Dondozo|spd|2\n|move|p2a: Tornadus|Bleakwind Storm|p1b: Dondozo|[spread] p1b\n|-miss|p2a: Tornadus|p1a: Tatsugiri\n|-damage|p1b: Dondozo|83\/100\n|move|p2b: Ogerpon|Wood Hammer|p1b: Dondozo\n|-supereffective|p1b: Dondozo\n|-damage|p1b: Dondozo|44\/100\n|-damage|p2b: Ogerpon|84\/100|[from] Recoil\n|move|p1b: Dondozo|Body Press|p2a: Tornadus\n|-supereffective|p2a: Tornadus\n|-damage|p2a: Tornadus|0 fnt\n|faint|p2a: Tornadus\n|\n|-heal|p1b: Dondozo|50\/100|[from] item: Leftovers\n|upkeep\n|\n|t:|1737857787\n|switch|p2a: FUTURE TRUNKS|Zacian-Crowned, L50|100\/100\n|-ability|p2a: FUTURE TRUNKS|Intrepid Sword|boost\n|-boost|p2a: FUTURE TRUNKS|atk|1\n|turn|4\n|\n|t:|1737857810\n|move|p1b: Dondozo|Protect|p1b: Dondozo\n|-singleturn|p1b: Dondozo|Protect\n|move|p2a: FUTURE TRUNKS|Play Rough|p1b: Dondozo\n|-activate|p1b: Dondozo|move: Protect\n|move|p2b: Ogerpon|Wood Hammer|p1b: Dondozo\n|-activate|p1b: Dondozo|move: Protect\n|\n|-heal|p1b: Dondozo|56\/100|[from] item: Leftovers\n|-sideend|p2: Imnotagni|move: Tailwind\n|upkeep\n|turn|5\n|inactive|Free-to-poke has 30 seconds left.\n|inactive|Free-to-poke has 20 seconds left.\n|inactive|Free-to-poke has 15 seconds left.\n|inactive|Free-to-poke has 10 seconds left.\n|\n|t:|1737857858\n|move|p2a: FUTURE TRUNKS|Protect|p2a: FUTURE TRUNKS\n|-singleturn|p2a: FUTURE TRUNKS|Protect\n|move|p2b: Ogerpon|Spiky Shield|p2b: Ogerpon\n|-singleturn|p2b: Ogerpon|move: Protect\n|move|p1b: Dondozo|Body Press|p2a: FUTURE TRUNKS\n|-activate|p2a: FUTURE TRUNKS|move: Protect\n|\n|-heal|p1b: Dondozo|62\/100|[from] item: Leftovers\n|upkeep\n|turn|6\n|\n|t:|1737857874\n|move|p1b: Dondozo|Protect|p1b: Dondozo\n|-singleturn|p1b: Dondozo|Protect\n|move|p2a: FUTURE TRUNKS|Behemoth Blade|p1b: Dondozo\n|-activate|p1b: Dondozo|move: Protect\n|move|p2b: Ogerpon|Wood Hammer|p1b: Dondozo\n|-activate|p1b: Dondozo|move: Protect\n|\n|-heal|p1b: Dondozo|68\/100|[from] item: Leftovers\n|upkeep\n|turn|7\n|\n|t:|1737857891\n|move|p2a: FUTURE TRUNKS|Play Rough|p1b: Dondozo\n|-damage|p1b: Dondozo|52\/100\n|move|p1b: Dondozo|Wave Crash|p2a: FUTURE TRUNKS\n|-damage|p2a: FUTURE TRUNKS|22\/100\n|-damage|p1b: Dondozo|33\/100|[from] Recoil\n|move|p2b: Ogerpon|Wood Hammer|p1b: Dondozo\n|-supereffective|p1b: Dondozo\n|-damage|p1b: Dondozo|0 fnt\n|faint|p1b: Dondozo\n|-damage|p2b: Ogerpon|70\/100|[from] Recoil\n|\n|upkeep\n|l| Mollymiltoast\n|\n|t:|1737857901\n|switch|p1b: Calyrex|Calyrex-Shadow, L50|100\/100\n|-ability|p1b: Calyrex|As One\n|-ability|p1b: Calyrex|Unnerve\n|turn|8\n|\n|t:|1737857910\n|move|p1b: Calyrex|Astral Barrage|p2a: FUTURE TRUNKS|[spread] p2a,p2b\n|-damage|p2a: FUTURE TRUNKS|0 fnt\n|-damage|p2b: Ogerpon|13\/100\n|faint|p2a: FUTURE TRUNKS\n|-ability|p1b: Calyrex|Grim Neigh|boost\n|-boost|p1b: Calyrex|spa|1\n|move|p1a: Tatsugiri|Muddy Water|p2b: Ogerpon\n|-damage|p2b: Ogerpon|0 fnt\n|faint|p2b: Ogerpon\n|\n|upkeep\n|-message|Imnotagni forfeited.\n|\n|win|Free-to-poke\n|raw|Free-to-poke's rating: 1507 &rarr; <strong>1532<\/strong><br \/>(+25 for winning)\n|raw|Imnotagni's rating: 1594 &rarr; <strong>1569<\/strong><br \/>(-25 for losing)\n|l|\u2606Imnotagni\n|player|p2|\n|l|\u2606Free-to-poke\n|player|p1|\n","uploadtime":1737858120,"views":7,"formatid":"gen9vgc2025regg","rating":1532,"private":0,"password":null}