{"id":"gen9vgc2025regg-2288552391","format":"[Gen 9] VGC 2025 Reg G","players":["Toph Toph Grrr","PhanthomEx4"],"log":"|j|\u2606Toph Toph Grrr\n|j|\u2606PhanthomEx4\n|t:|1737903360\n|gametype|doubles\n|player|p1|Toph Toph Grrr|102|1547\n|player|p2|PhanthomEx4|burglar|1568\n|teamsize|p1|6\n|teamsize|p2|6\n|gen|9\n|tier|[Gen 9] VGC 2025 Reg G\n|rated|\n|rule|Species Clause: Limit one of each Pok\u00e9mon\n|rule|Item Clause: Limit 1 of each item\n|clearpoke\n|poke|p1|Zamazenta-*, L50|\n|poke|p1|Flutter Mane, L50|\n|poke|p1|Chi-Yu, L50|\n|poke|p1|Amoonguss, L50, F|\n|poke|p1|Chien-Pao, L50|\n|poke|p1|Raging Bolt, L50|\n|poke|p2|Ogerpon-Hearthflame, L50, F|\n|poke|p2|Groudon, L50|\n|poke|p2|Chien-Pao, L50|\n|poke|p2|Sableye, L50, F|\n|poke|p2|Raging Bolt, L50|\n|poke|p2|Iron Valiant, L50|\n|teampreview|4\n|inactive|Battle timer is ON: inactive players will automatically lose when time's up. (requested by PhanthomEx4)\n|\n|t:|1737903385\n|start\n|switch|p1a: Flutter Mane|Flutter Mane, L50|100\/100\n|switch|p1b: Chi-Yu|Chi-Yu, L50|100\/100\n|switch|p2a: Seisbolas|Sableye, L50, F|100\/100\n|switch|p2b: Metal Gardevoir|Iron Valiant, L50|100\/100\n|-ability|p1b: Chi-Yu|Beads of Ruin\n|-enditem|p1a: Flutter Mane|Booster Energy\n|-activate|p1a: Flutter Mane|ability: Protosynthesis|[fromitem]\n|-start|p1a: Flutter Mane|protosynthesisspe\n|-enditem|p2b: Metal Gardevoir|Booster Energy\n|-activate|p2b: Metal Gardevoir|ability: Quark Drive|[fromitem]\n|-start|p2b: Metal Gardevoir|quarkdrivespe\n|turn|1\n|\n|t:|1737903408\n|-terastallize|p2b: Metal Gardevoir|Ghost\n|move|p2a: Seisbolas|Gravity|p2a: Seisbolas\n|-fieldstart|move: Gravity\n|move|p1a: Flutter Mane|Taunt|p2a: Seisbolas\n|-start|p2a: Seisbolas|move: Taunt\n|move|p2b: Metal Gardevoir|Hypnosis|p1a: Flutter Mane\n|-status|p1a: Flutter Mane|slp|[from] move: Hypnosis\n|move|p1b: Chi-Yu|Overheat|p2b: Metal Gardevoir\n|-damage|p2b: Metal Gardevoir|0 fnt\n|-unboost|p1b: Chi-Yu|spa|2\n|faint|p2b: Metal Gardevoir\n|-end|p2b: Metal Gardevoir|Quark Drive|[silent]\n|\n|upkeep\n|\n|t:|1737903421\n|switch|p2b: Miraidon's Husband|Groudon, L50|100\/100\n|-weather|SunnyDay|[from] ability: Drought|[of] p2b: Miraidon's Husband\n|turn|2\n|\n|t:|1737903439\n|-end|p1a: Flutter Mane|Protosynthesis|[silent]\n|switch|p1a: Amoonguss|Amoonguss, L50, F|100\/100\n|switch|p2a: Mavuika|Ogerpon-Hearthflame, L50, F|100\/100\n|-ability|p2a: Mavuika|Mold Breaker\n|move|p2b: Miraidon's Husband|Precipice Blades|p1b: Chi-Yu|[spread] p1a,p1b\n|-crit|p1a: Amoonguss\n|-supereffective|p1b: Chi-Yu\n|-damage|p1a: Amoonguss|46\/100\n|-damage|p1b: Chi-Yu|0 fnt\n|faint|p1b: Chi-Yu\n|\n|-weather|SunnyDay|[upkeep]\n|upkeep\n|\n|t:|1737903453\n|switch|p1b: Zamazenta|Zamazenta-Crowned, L50|100\/100\n|-ability|p1b: Zamazenta|Dauntless Shield|boost\n|-boost|p1b: Zamazenta|def|1\n|turn|3\n|\n|t:|1737903468\n|switch|p1a: Flutter Mane|Flutter Mane, L50|100\/100 slp\n|-activate|p1a: Flutter Mane|ability: Protosynthesis\n|-start|p1a: Flutter Mane|protosynthesisspe\n|-terastallize|p1b: Zamazenta|Grass\n|move|p2b: Miraidon's Husband|Precipice Blades|p1b: Zamazenta|[spread] p1a,p1b\n|-resisted|p1b: Zamazenta\n|-damage|p1a: Flutter Mane|22\/100 slp\n|-damage|p1b: Zamazenta|90\/100\n|move|p1b: Zamazenta|Body Press|p2b: Miraidon's Husband\n|-damage|p2b: Miraidon's Husband|49\/100\n|move|p2a: Mavuika|Ivy Cudgel|p1a: Flutter Mane|[anim] Ivy Cudgel Fire\n|-crit|p1a: Flutter Mane\n|-damage|p1a: Flutter Mane|0 fnt\n|faint|p1a: Flutter Mane\n|-end|p1a: Flutter Mane|Protosynthesis|[silent]\n|\n|-weather|SunnyDay|[upkeep]\n|upkeep\n|\n|t:|1737903486\n|switch|p1a: Amoonguss|Amoonguss, L50, F|79\/100\n|turn|4\n|\n|t:|1737903497\n|move|p1b: Zamazenta|Protect|p1b: Zamazenta\n|-singleturn|p1b: Zamazenta|Protect\n|move|p2b: Miraidon's Husband|Precipice Blades|p1b: Zamazenta|[spread] p1a\n|-activate|p1b: Zamazenta|move: Protect\n|-damage|p1a: Amoonguss|42\/100\n|move|p2a: Mavuika|Ivy Cudgel|p1b: Zamazenta|[anim] Ivy Cudgel Fire\n|-activate|p1b: Zamazenta|move: Protect\n|move|p1a: Amoonguss|Spore|p2b: Miraidon's Husband\n|-status|p2b: Miraidon's Husband|slp|[from] move: Spore\n|\n|-weather|SunnyDay|[upkeep]\n|upkeep\n|turn|5\n|inactive|Toph Toph Grrr has 30 seconds left.\n|\n|t:|1737903527\n|cant|p2b: Miraidon's Husband|slp\n|move|p1b: Zamazenta|Body Press|p2a: Mavuika\n|-crit|p2a: Mavuika\n|-damage|p2a: Mavuika|0 fnt\n|faint|p2a: Mavuika\n|move|p1a: Amoonguss|Pollen Puff|p1b: Zamazenta\n|-heal|p1b: Zamazenta|100\/100\n|\n|-weather|SunnyDay|[upkeep]\n|-fieldend|move: Gravity\n|upkeep\n|\n|t:|1737903535\n|switch|p2a: Seisbolas|Sableye, L50, F|100\/100\n|turn|6\n|\n|t:|1737903549\n|move|p2a: Seisbolas|Disable|p1b: Zamazenta\n|-start|p1b: Zamazenta|Disable|Body Press\n|-curestatus|p2b: Miraidon's Husband|slp|[msg]\n|move|p2b: Miraidon's Husband|Precipice Blades|p1b: Zamazenta|[spread] p1a,p1b\n|-resisted|p1b: Zamazenta\n|-damage|p1a: Amoonguss|2\/100\n|-damage|p1b: Zamazenta|90\/100\n|cant|p1b: Zamazenta|Disable|Body Press\n|move|p1a: Amoonguss|Spore|p2a: Seisbolas\n|-status|p2a: Seisbolas|slp|[from] move: Spore\n|\n|-weather|none\n|upkeep\n|turn|7\n|j| Deathbydeath01\n|inactive|Toph Toph Grrr has 30 seconds left.\n|\n|t:|1737903580\n|move|p1b: Zamazenta|Protect|p1b: Zamazenta\n|-singleturn|p1b: Zamazenta|Protect\n|cant|p2a: Seisbolas|slp\n|move|p2b: Miraidon's Husband|Precipice Blades|p1b: Zamazenta|[spread] p1a\n|-activate|p1b: Zamazenta|move: Protect\n|-damage|p1a: Amoonguss|0 fnt\n|faint|p1a: Amoonguss\n|\n|upkeep\n|turn|8\n|\n|t:|1737903594\n|cant|p2a: Seisbolas|slp\n|move|p2b: Miraidon's Husband|Precipice Blades|p1b: Zamazenta\n|-resisted|p1b: Zamazenta\n|-damage|p1b: Zamazenta|75\/100\n|move|p1b: Zamazenta|Heavy Slam|p2b: Miraidon's Husband\n|-damage|p2b: Miraidon's Husband|37\/100\n|\n|upkeep\n|turn|9\n|\n|t:|1737903608\n|cant|p2a: Seisbolas|slp\n|move|p2b: Miraidon's Husband|Precipice Blades|p1b: Zamazenta\n|-resisted|p1b: Zamazenta\n|-damage|p1b: Zamazenta|62\/100\n|move|p1b: Zamazenta|Heavy Slam|p2b: Miraidon's Husband\n|-damage|p2b: Miraidon's Husband|23\/100\n|\n|-end|p1b: Zamazenta|Disable\n|upkeep\n|turn|10\n|\n|t:|1737903621\n|-curestatus|p2a: Seisbolas|slp|[msg]\n|move|p2a: Seisbolas|Encore|p1b: Zamazenta\n|-start|p1b: Zamazenta|Encore\n|move|p2b: Miraidon's Husband|Precipice Blades|p1b: Zamazenta\n|-resisted|p1b: Zamazenta\n|-damage|p1b: Zamazenta|48\/100\n|move|p1b: Zamazenta|Heavy Slam|p2b: Miraidon's Husband\n|-damage|p2b: Miraidon's Husband|11\/100\n|\n|upkeep\n|turn|11\n|\n|t:|1737903635\n|move|p2a: Seisbolas|Disable|p1b: Zamazenta\n|-start|p1b: Zamazenta|Disable|Heavy Slam\n|move|p2b: Miraidon's Husband|Precipice Blades|p1b: Zamazenta\n|-resisted|p1b: Zamazenta\n|-crit|p1b: Zamazenta\n|-damage|p1b: Zamazenta|18\/100\n|cant|p1b: Zamazenta|Disable|Heavy Slam\n|\n|upkeep\n|turn|12\n|\n|t:|1737903645\n|move|p2b: Miraidon's Husband|Precipice Blades|p1b: Zamazenta\n|-resisted|p1b: Zamazenta\n|-crit|p1b: Zamazenta\n|-damage|p1b: Zamazenta|0 fnt\n|faint|p1b: Zamazenta\n|\n|win|PhanthomEx4\n|raw|Toph Toph Grrr's rating: 1547 &rarr; <strong>1528<\/strong><br \/>(-19 for losing)\n|raw|PhanthomEx4's rating: 1568 &rarr; <strong>1587<\/strong><br \/>(+19 for winning)\n|l|\u2606Toph Toph Grrr\n|player|p1|\n|l|\u2606PhanthomEx4\n|player|p2|\n","uploadtime":1737903873,"views":4,"formatid":"gen9vgc2025regg","rating":1528,"private":0,"password":null}