{"id":"gen9vgc2025regg-2288973514","format":"[Gen 9] VGC 2025 Reg G","players":["Prometheus756","everlol"],"log":"|j|\u2606Prometheus756\n|j|\u2606everlol\n|t:|1737956397\n|gametype|doubles\n|player|p1|Prometheus756|gentleman-gen4dp|1552\n|player|p2|everlol|169|1533\n|teamsize|p1|6\n|teamsize|p2|6\n|gen|9\n|tier|[Gen 9] VGC 2025 Reg G\n|rated|\n|rule|Species Clause: Limit one of each Pok\u00e9mon\n|rule|Item Clause: Limit 1 of each item\n|clearpoke\n|poke|p1|Rayquaza, L50|\n|poke|p1|Rillaboom, L50, M|\n|poke|p1|Chien-Pao, L50|\n|poke|p1|Smeargle, L50, F|\n|poke|p1|Amoonguss, L50, F|\n|poke|p1|Muk-Alola, L50, F|\n|poke|p2|Flutter Mane, L50|\n|poke|p2|Koraidon, L50|\n|poke|p2|Whimsicott, L50, F|\n|poke|p2|Chi-Yu, L50|\n|poke|p2|Indeedee-F, L50, F|\n|poke|p2|Iron Crown, L50|\n|teampreview|4\n|inactive|Battle timer is ON: inactive players will automatically lose when time's up. (requested by everlol)\n|inactive|Prometheus756 has 60 seconds left.\n|\n|t:|1737956463\n|start\n|switch|p1a: Smeargle|Smeargle, L50, F|100\/100\n|switch|p1b: Muk|Muk-Alola, L50, F|100\/100\n|switch|p2a: Iron Crown|Iron Crown, L50|100\/100\n|switch|p2b: Indeedee|Indeedee-F, L50, F|100\/100\n|-fieldstart|move: Psychic Terrain|[from] ability: Psychic Surge|[of] p2b: Indeedee\n|-enditem|p2a: Iron Crown|Booster Energy\n|-activate|p2a: Iron Crown|ability: Quark Drive|[fromitem]\n|-start|p2a: Iron Crown|quarkdrivespa\n|turn|1\n|\n|t:|1737956478\n|move|p2a: Iron Crown|Protect|p2a: Iron Crown\n|-singleturn|p2a: Iron Crown|Protect\n|move|p1a: Smeargle|Spore|p2a: Iron Crown\n|-activate|p2a: Iron Crown|move: Protect\n|move|p2b: Indeedee|Imprison|p2b: Indeedee\n|-start|p2b: Indeedee|move: Imprison\n|move|p1b: Muk|Minimize|p1b: Muk\n|-boost|p1b: Muk|evasion|2\n|\n|-ability|p1a: Smeargle|Moody|boost\n|-boost|p1a: Smeargle|spe|2\n|-unboost|p1a: Smeargle|def|1\n|upkeep\n|turn|2\n|\n|t:|1737956492\n|move|p2b: Indeedee|Follow Me|p2b: Indeedee\n|-singleturn|p2b: Indeedee|move: Follow Me\n|move|p1a: Smeargle|Spore|p2b: Indeedee\n|-activate|p2b: Indeedee|item: Safety Goggles|Spore\n|move|p2a: Iron Crown|Tachyon Cutter|p1b: Muk\n|-damage|p1b: Muk|72\/100\n|-damage|p1b: Muk|46\/100\n|-hitcount|p1b: Muk|2\n|move|p1b: Muk|Minimize|p1b: Muk\n|-boost|p1b: Muk|evasion|2\n|\n|-heal|p1b: Muk|52\/100|[from] item: Leftovers\n|-ability|p1a: Smeargle|Moody|boost\n|-boost|p1a: Smeargle|spe|2\n|-unboost|p1a: Smeargle|spa|1\n|upkeep\n|turn|3\n|\n|t:|1737956509\n|switch|p1a: Rillaboom|Rillaboom, L50, M|100\/100\n|-fieldstart|move: Grassy Terrain|[from] ability: Grassy Surge|[of] p1a: Rillaboom\n|move|p1b: Muk|Protect|p1b: Muk\n|-singleturn|p1b: Muk|Protect\n|move|p2b: Indeedee|Follow Me|p2b: Indeedee\n|-singleturn|p2b: Indeedee|move: Follow Me\n|move|p2a: Iron Crown|Tachyon Cutter|p1b: Muk\n|-activate|p1b: Muk|move: Protect\n|\n|-heal|p1b: Muk|58\/100|[from] Grassy Terrain\n|-heal|p1b: Muk|64\/100|[from] item: Leftovers\n|upkeep\n|turn|4\n|\n|t:|1737956530\n|switch|p2b: Whimsicott|Whimsicott, L50, F, shiny|100\/100\n|move|p2a: Iron Crown|Protect|p2a: Iron Crown\n|-singleturn|p2a: Iron Crown|Protect\n|move|p1a: Rillaboom|Fake Out|p2a: Iron Crown\n|-activate|p2a: Iron Crown|move: Protect\n|move|p1b: Muk|Minimize|p1b: Muk\n|-boost|p1b: Muk|evasion|2\n|\n|-heal|p1b: Muk|70\/100|[from] Grassy Terrain\n|-heal|p1b: Muk|76\/100|[from] item: Leftovers\n|upkeep\n|turn|5\n|\n|t:|1737956544\n|switch|p1a: Smeargle|Smeargle, L50, F|100\/100\n|move|p1b: Muk|Protect|p1b: Muk\n|-singleturn|p1b: Muk|Protect\n|move|p2b: Whimsicott|Encore||[still]\n|-fail|p2b: Whimsicott\n|move|p2a: Iron Crown|Tachyon Cutter|p1b: Muk\n|-activate|p1b: Muk|move: Protect\n|\n|-heal|p1b: Muk|82\/100|[from] Grassy Terrain\n|-heal|p1b: Muk|89\/100|[from] item: Leftovers\n|-ability|p1a: Smeargle|Moody|boost\n|-boost|p1a: Smeargle|def|2\n|-unboost|p1a: Smeargle|spa|1\n|upkeep\n|turn|6\n|inactive|Prometheus756 has 30 seconds left.\n|\n|t:|1737956571\n|move|p1a: Smeargle|Follow Me|p1a: Smeargle\n|-singleturn|p1a: Smeargle|move: Follow Me\n|move|p2b: Whimsicott|Taunt|p1a: Smeargle\n|-start|p1a: Smeargle|move: Taunt\n|move|p2a: Iron Crown|Tachyon Cutter|p1a: Smeargle\n|-damage|p1a: Smeargle|33\/100\n|-damage|p1a: Smeargle|0 fnt\n|faint|p1a: Smeargle\n|-ability|p1b: Muk|Moody|[from] ability: Power of Alchemy|[of] p1a: Smeargle\n|-hitcount|p1: Smeargle|2\n|move|p1b: Muk|Substitute|p1b: Muk\n|-start|p1b: Muk|Substitute\n|-damage|p1b: Muk|64\/100\n|\n|-heal|p1b: Muk|70\/100|[from] Grassy Terrain\n|-heal|p1b: Muk|76\/100|[from] item: Leftovers\n|-ability|p1b: Muk|Moody|boost\n|-boost|p1b: Muk|spa|2\n|-unboost|p1b: Muk|spe|1\n|upkeep\n|\n|t:|1737956582\n|switch|p1a: Rillaboom|Rillaboom, L50, M|100\/100\n|turn|7\n|\n|t:|1737956594\n|switch|p2b: Indeedee|Indeedee-F, L50, F|100\/100\n|-fieldstart|move: Psychic Terrain|[from] ability: Psychic Surge|[of] p2b: Indeedee\n|move|p2a: Iron Crown|Tachyon Cutter|p1b: Muk\n|-end|p1b: Muk|Substitute\n|-damage|p1b: Muk|50\/100\n|-hitcount|p1b: Muk|2\n|move|p1a: Rillaboom|High Horsepower|p2a: Iron Crown\n|-supereffective|p2a: Iron Crown\n|-damage|p2a: Iron Crown|29\/100\n|move|p1b: Muk|Toxic|p2b: Indeedee\n|-status|p2b: Indeedee|tox\n|\n|-heal|p1b: Muk|56\/100|[from] item: Leftovers\n|-damage|p2b: Indeedee|94\/100 tox|[from] psn\n|-ability|p1b: Muk|Moody|boost\n|-boost|p1b: Muk|spd|2\n|-unboost|p1b: Muk|spa|1\n|upkeep\n|turn|8\n|inactive|Prometheus756 has 30 seconds left.\n|inactive|everlol has 30 seconds left.\n|\n|t:|1737956623\n|move|p1b: Muk|Protect|p1b: Muk\n|-singleturn|p1b: Muk|Protect\n|move|p2b: Indeedee|Follow Me|p2b: Indeedee\n|-singleturn|p2b: Indeedee|move: Follow Me\n|move|p2a: Iron Crown|Expanding Force|p1b: Muk|[spread] p1a\n|-activate|p1b: Muk|move: Protect\n|-damage|p1a: Rillaboom|0 fnt\n|faint|p1a: Rillaboom\n|\n|-heal|p1b: Muk|63\/100|[from] item: Leftovers\n|-damage|p2b: Indeedee|82\/100 tox|[from] psn\n|-ability|p1b: Muk|Moody|boost\n|-boost|p1b: Muk|spe|2\n|-unboost|p1b: Muk|spd|1\n|upkeep\n|\n|t:|1737956631\n|switch|p1a: Chien-Pao|Chien-Pao, L50|100\/100\n|-ability|p1a: Chien-Pao|Sword of Ruin\n|turn|9\n|\n|t:|1737956654\n|-terastallize|p2b: Indeedee|Water\n|move|p2b: Indeedee|Follow Me|p2b: Indeedee\n|-singleturn|p2b: Indeedee|move: Follow Me\n|move|p1a: Chien-Pao|Throat Chop|p2b: Indeedee\n|-damage|p2b: Indeedee|6\/100 tox\n|-start|p2b: Indeedee|Throat Chop|[silent]\n|move|p2a: Iron Crown|Tachyon Cutter|p1b: Muk\n|-damage|p1b: Muk|44\/100\n|-damage|p1b: Muk|27\/100\n|-hitcount|p1b: Muk|2\n|move|p1b: Muk|Substitute|p1b: Muk\n|-start|p1b: Muk|Substitute\n|-damage|p1b: Muk|2\/100\n|\n|-heal|p1b: Muk|8\/100|[from] item: Leftovers\n|-damage|p2b: Indeedee|0 fnt|[from] psn\n|faint|p2b: Indeedee\n|-ability|p1b: Muk|Moody|boost\n|-boost|p1b: Muk|spa|2\n|-unboost|p1b: Muk|spd|1\n|upkeep\n|\n|t:|1737956671\n|switch|p2b: Whimsicott|Whimsicott, L50, F, shiny|100\/100\n|turn|10\n|\n|t:|1737956686\n|move|p2a: Iron Crown|Protect|p2a: Iron Crown\n|-singleturn|p2a: Iron Crown|Protect\n|move|p2b: Whimsicott|Tailwind|p2b: Whimsicott\n|-sidestart|p2: everlol|move: Tailwind\n|move|p1a: Chien-Pao|Sacred Sword|p2a: Iron Crown\n|-activate|p2a: Iron Crown|move: Protect\n|move|p1b: Muk|Toxic|p2b: Whimsicott\n|-status|p2b: Whimsicott|tox\n|\n|-heal|p1b: Muk|14\/100|[from] item: Leftovers\n|-damage|p2b: Whimsicott|95\/100 tox|[from] psn\n|-ability|p1b: Muk|Moody|boost\n|-boost|p1b: Muk|spe|2\n|-unboost|p1b: Muk|spa|1\n|upkeep\n|turn|11\n|inactive|Prometheus756 has 30 seconds left.\n|\n|t:|1737956714\n|move|p2b: Whimsicott|Moonblast|p1b: Muk|[miss]\n|-miss|p2b: Whimsicott|p1b: Muk\n|move|p2a: Iron Crown|Tachyon Cutter|p1a: Chien-Pao\n|-supereffective|p1a: Chien-Pao\n|-damage|p1a: Chien-Pao|0 fnt\n|faint|p1a: Chien-Pao\n|-hitcount|p1: Chien-Pao|1\n|move|p1b: Muk|Toxic|p2a: Iron Crown\n|-immune|p2a: Iron Crown\n|\n|-heal|p1b: Muk|20\/100|[from] item: Leftovers\n|-damage|p2b: Whimsicott|83\/100 tox|[from] psn\n|-fieldend|move: Psychic Terrain\n|-ability|p1b: Muk|Moody|boost\n|-boost|p1b: Muk|spe|2\n|-unboost|p1b: Muk|spd|1\n|upkeep\n|turn|12\n|c|\u2606everlol|gg\n|c|\u2606everlol|Nice try\n|c|\u2606Prometheus756|Can\u2019t miss eh\n|inactive|everlol has 30 seconds left.\n|\n|t:|1737956740\n|move|p1b: Muk|Protect|p1b: Muk\n|-singleturn|p1b: Muk|Protect\n|move|p2b: Whimsicott|Encore|p1b: Muk\n|-activate|p1b: Muk|move: Protect\n|move|p2a: Iron Crown|Tachyon Cutter|p1b: Muk\n|-activate|p1b: Muk|move: Protect\n|\n|-heal|p1b: Muk|27\/100|[from] item: Leftovers\n|-damage|p2b: Whimsicott|65\/100 tox|[from] psn\n|-ability|p1b: Muk|Moody|boost\n|-boost|p1b: Muk|spd|2\n|-unboost|p1b: Muk|spe|1\n|upkeep\n|turn|13\n|\n|t:|1737956764\n|move|p1b: Muk|Protect||[still]\n|-fail|p1b: Muk\n|move|p2b: Whimsicott|Encore|p1b: Muk\n|-hint|Since gen 7, Dark is immune to Prankster moves.\n|-immune|p1b: Muk\n|move|p2a: Iron Crown|Tachyon Cutter|p1b: Muk\n|-activate|p1b: Muk|move: Substitute|[damage]\n|-end|p1b: Muk|Substitute\n|-hitcount|p1b: Muk|2\n|\n|-heal|p1b: Muk|33\/100|[from] item: Leftovers\n|-damage|p2b: Whimsicott|42\/100 tox|[from] psn\n|-sideend|p2: everlol|move: Tailwind\n|-ability|p1b: Muk|Moody|boost\n|-boost|p1b: Muk|def|2\n|-unboost|p1b: Muk|spe|1\n|upkeep\n|turn|14\n|c|\u2606everlol|well i dont like hax strats like yours that rely on luck\n|inactive|everlol has 30 seconds left.\n|inactive|everlol has 20 seconds left.\n|\n|t:|1737956800\n|switch|p2b: Koraidon|Koraidon, L50|100\/100\n|-weather|SunnyDay|[from] ability: Orichalcum Pulse|[of] p2b: Koraidon\n|-activate|p2b: Koraidon|Orichalcum Pulse|[source]\n|move|p1b: Muk|Protect|p1b: Muk\n|-singleturn|p1b: Muk|Protect\n|move|p2a: Iron Crown|Tachyon Cutter|p1b: Muk\n|-activate|p1b: Muk|move: Protect\n|\n|-weather|SunnyDay|[upkeep]\n|-heal|p1b: Muk|39\/100|[from] item: Leftovers\n|-ability|p1b: Muk|Moody|boost\n|-boost|p1b: Muk|spa|2\n|-unboost|p1b: Muk|atk|1\n|upkeep\n|turn|15\n|c|\u2606Prometheus756|I enjoy them\n|\n|t:|1737956823\n|move|p2b: Koraidon|Collision Course|p1b: Muk|[miss]\n|-miss|p2b: Koraidon|p1b: Muk\n|move|p1b: Muk|Toxic|p2b: Koraidon\n|-status|p2b: Koraidon|tox\n|move|p2a: Iron Crown|Tachyon Cutter|p1b: Muk\n|-crit|p1b: Muk\n|-damage|p1b: Muk|0 fnt\n|faint|p1b: Muk\n|-hitcount|p1: Muk|1\n|\n|win|everlol\n|raw|Prometheus756's rating: 1552 &rarr; <strong>1531<\/strong><br \/>(-21 for losing)\n|raw|everlol's rating: 1533 &rarr; <strong>1554<\/strong><br \/>(+21 for winning)\n|c|\u2606everlol|thats why youll never go far\n|l|\u2606everlol\n|player|p2|\n|l|\u2606Prometheus756\n|player|p1|\n","uploadtime":1737957052,"views":16,"formatid":"gen9vgc2025regg","rating":1531,"private":0,"password":null}