{"id":"gen9vgc2025regg-2288363363","format":"[Gen 9] VGC 2025 Reg G","players":["Geodude3138","AxonAries"],"log":"|j|\u2606Geodude3138\n|j|\u2606AxonAries\n|t:|1737867757\n|gametype|doubles\n|player|p1|Geodude3138|lady-gen4|1542\n|player|p2|AxonAries|psychicf-gen4|1568\n|teamsize|p1|6\n|teamsize|p2|6\n|gen|9\n|tier|[Gen 9] VGC 2025 Reg G\n|rated|\n|rule|Species Clause: Limit one of each Pok\u00e9mon\n|rule|Item Clause: Limit 1 of each item\n|clearpoke\n|poke|p1|Iron Treads, L50|\n|poke|p1|Chien-Pao, L50|\n|poke|p1|Koraidon, L50|\n|poke|p1|Flutter Mane, L50|\n|poke|p1|Chi-Yu, L50|\n|poke|p1|Raging Bolt, L50|\n|poke|p2|Kyogre, L50|\n|poke|p2|Iron Leaves, L50|\n|poke|p2|Tsareena, L50, F|\n|poke|p2|Landorus, L50, M|\n|poke|p2|Iron Valiant, L50|\n|poke|p2|Tornadus, L50, M|\n|teampreview|4\n|\n|t:|1737867804\n|start\n|switch|p1a: Flutter Mane|Flutter Mane, L50|100\/100\n|switch|p1b: Raging Bolt|Raging Bolt, L50|100\/100\n|switch|p2a: Tornadus|Tornadus, L50, M|100\/100\n|switch|p2b: Landorus|Landorus, L50, M|100\/100\n|-enditem|p1a: Flutter Mane|Booster Energy\n|-activate|p1a: Flutter Mane|ability: Protosynthesis|[fromitem]\n|-start|p1a: Flutter Mane|protosynthesisspe\n|turn|1\n|\n|t:|1737867824\n|move|p2b: Landorus|Protect|p2b: Landorus\n|-singleturn|p2b: Landorus|Protect\n|move|p1b: Raging Bolt|Protect|p1b: Raging Bolt\n|-singleturn|p1b: Raging Bolt|Protect\n|move|p2a: Tornadus|Tailwind|p2a: Tornadus\n|-sidestart|p2: AxonAries|move: Tailwind\n|move|p1a: Flutter Mane|Icy Wind|p2a: Tornadus|[spread] p2a\n|-activate|p2b: Landorus|move: Protect\n|-supereffective|p2a: Tornadus\n|-damage|p2a: Tornadus|65\/100\n|-unboost|p2a: Tornadus|spe|1\n|\n|upkeep\n|turn|2\n|\n|t:|1737867864\n|move|p2a: Tornadus|Rain Dance|p2a: Tornadus\n|-weather|RainDance\n|move|p2b: Landorus|Sandsear Storm|p1a: Flutter Mane|[spread] p1a,p1b\n|-supereffective|p1b: Raging Bolt\n|-damage|p1a: Flutter Mane|40\/100\n|-damage|p1b: Raging Bolt|0 fnt\n|faint|p1b: Raging Bolt\n|-end|p1b: Raging Bolt|Protosynthesis|[silent]\n|move|p1a: Flutter Mane|Icy Wind|p2a: Tornadus|[spread] p2a,p2b\n|-supereffective|p2a: Tornadus\n|-supereffective|p2b: Landorus\n|-damage|p2a: Tornadus|25\/100\n|-damage|p2b: Landorus|38\/100\n|-unboost|p2a: Tornadus|spe|1\n|-unboost|p2b: Landorus|spe|1\n|\n|-weather|RainDance|[upkeep]\n|upkeep\n|\n|t:|1737867874\n|switch|p1b: Chien-Pao|Chien-Pao, L50|100\/100\n|-ability|p1b: Chien-Pao|Sword of Ruin\n|turn|3\n|\n|t:|1737867907\n|-terastallize|p2b: Landorus|Poison\n|move|p1b: Chien-Pao|Ice Shard|p2b: Landorus\n|-damage|p2b: Landorus|11\/100\n|move|p1a: Flutter Mane|Dazzling Gleam|p2b: Landorus|[spread] p2a,p2b\n|-resisted|p2b: Landorus\n|-damage|p2a: Tornadus|0 fnt\n|-damage|p2b: Landorus|0 fnt\n|faint|p2a: Tornadus\n|faint|p2b: Landorus\n|\n|-weather|RainDance|[upkeep]\n|upkeep\n|\n|t:|1737867916\n|switch|p2a: Kyogre|Kyogre, L50|100\/100\n|switch|p2b: Tsareena|Tsareena, L50, F, shiny|100\/100\n|turn|4\n|\n|t:|1737867932\n|move|p1b: Chien-Pao|Protect|p1b: Chien-Pao\n|-singleturn|p1b: Chien-Pao|Protect\n|move|p2a: Kyogre|Water Spout|p1a: Flutter Mane|[spread] p1a\n|-activate|p1b: Chien-Pao|move: Protect\n|-damage|p1a: Flutter Mane|0 fnt\n|faint|p1a: Flutter Mane\n|-end|p1a: Flutter Mane|Protosynthesis|[silent]\n|move|p2b: Tsareena|Power Whip|p1b: Chien-Pao\n|-activate|p1b: Chien-Pao|move: Protect\n|\n|-weather|RainDance|[upkeep]\n|-sideend|p2: AxonAries|move: Tailwind\n|upkeep\n|\n|t:|1737867941\n|switch|p1a: Koraidon|Koraidon, L50|100\/100\n|-weather|SunnyDay|[from] ability: Orichalcum Pulse|[of] p1a: Koraidon\n|-activate|p1a: Koraidon|Orichalcum Pulse|[source]\n|turn|5\n|\n|t:|1737867961\n|move|p2a: Kyogre|Water Spout|p1b: Chien-Pao|[spread] p1a,p1b\n|-resisted|p1a: Koraidon\n|-damage|p1a: Koraidon|93\/100\n|-damage|p1b: Chien-Pao|48\/100\n|move|p1b: Chien-Pao|Ice Spinner|p2b: Tsareena\n|-supereffective|p2b: Tsareena\n|-damage|p2b: Tsareena|0 fnt\n|faint|p2b: Tsareena\n|move|p1a: Koraidon|Wild Charge|p2a: Kyogre\n|-supereffective|p2a: Kyogre\n|-damage|p2a: Kyogre|0 fnt\n|faint|p2a: Kyogre\n|-damage|p1a: Koraidon|71\/100|[from] Recoil\n|\n|win|Geodude3138\n|raw|Geodude3138's rating: 1542 &rarr; <strong>1563<\/strong><br \/>(+21 for winning)\n|raw|AxonAries's rating: 1568 &rarr; <strong>1547<\/strong><br \/>(-21 for losing)\n|l|\u2606Geodude3138\n|player|p1|\n|l|\u2606AxonAries\n|player|p2|\n","uploadtime":1737868162,"views":7,"formatid":"gen9vgc2025regg","rating":1547,"private":0,"password":null}