{"id":"gen9vgc2025regg-2288961583","format":"[Gen 9] VGC 2025 Reg G","players":["Imnotagni","Areestoo"],"log":"|j|\u2606Imnotagni\n|j|\u2606Areestoo\n|t:|1737954356\n|gametype|doubles\n|player|p1|Imnotagni|policeman-gen4|1632\n|player|p2|Areestoo|1|1588\n|teamsize|p1|6\n|teamsize|p2|6\n|gen|9\n|tier|[Gen 9] VGC 2025 Reg G\n|rated|\n|rule|Species Clause: Limit one of each Pok\u00e9mon\n|rule|Item Clause: Limit 1 of each item\n|clearpoke\n|poke|p1|Tornadus, L50, M|\n|poke|p1|Chien-Pao, L50|\n|poke|p1|Urshifu-*, L50, M|\n|poke|p1|Tsareena, L50, F|\n|poke|p1|Rillaboom, L50, M|\n|poke|p1|Kyogre, L50|\n|poke|p2|Necrozma-Dawn-Wings, L50|\n|poke|p2|Indeedee-F, L50, F|\n|poke|p2|Ursaluna, L50, M|\n|poke|p2|Gallade, L50, M|\n|poke|p2|Torkoal, L50, M|\n|poke|p2|Lilligant-Hisui, L50, F|\n|teampreview|4\n|inactive|Battle timer is ON: inactive players will automatically lose when time's up. (requested by Areestoo)\n|inactive|Imnotagni also wants the timer to be on.\n|inactive|Imnotagni has 60 seconds left.\n|inactive|Areestoo has 60 seconds left.\n|inactive|Areestoo has 30 seconds left.\n|inactive|Areestoo has 20 seconds left.\n|inactive|Areestoo has 15 seconds left.\n|inactive|Areestoo has 10 seconds left.\n|\n|t:|1737954441\n|start\n|switch|p1a: Chien-Pao|Chien-Pao, L50|100\/100\n|switch|p1b: Urshifu|Urshifu-Rapid-Strike, L50, M|100\/100\n|switch|p2a: Necrozma|Necrozma-Dawn-Wings, L50|100\/100\n|switch|p2b: Gallade|Gallade, L50, M|100\/100\n|-ability|p1a: Chien-Pao|Sword of Ruin\n|turn|1\n|inactive|Imnotagni has 30 seconds left.\n|inactive|Imnotagni has 20 seconds left.\n|\n|t:|1737954478\n|-terastallize|p1b: Urshifu|Grass\n|-terastallize|p2a: Necrozma|Water\n|move|p1a: Chien-Pao|Icicle Crash|p2a: Necrozma\n|-resisted|p2a: Necrozma\n|-damage|p2a: Necrozma|77\/100\n|move|p1b: Urshifu|Surging Strikes|p2a: Necrozma\n|-resisted|p2a: Necrozma\n|-crit|p2a: Necrozma\n|-damage|p2a: Necrozma|64\/100\n|-resisted|p2a: Necrozma\n|-crit|p2a: Necrozma\n|-damage|p2a: Necrozma|51\/100\n|-resisted|p2a: Necrozma\n|-crit|p2a: Necrozma\n|-damage|p2a: Necrozma|38\/100\n|-hitcount|p2a: Necrozma|3\n|-damage|p1b: Urshifu|91\/100|[from] item: Life Orb\n|move|p2b: Gallade|Sacred Sword|p1a: Chien-Pao\n|-supereffective|p1a: Chien-Pao\n|-enditem|p1a: Chien-Pao|Focus Sash\n|-damage|p1a: Chien-Pao|1\/100\n|move|p2a: Necrozma|Trick Room|p2a: Necrozma\n|-fieldstart|move: Trick Room|[of] p2a: Necrozma\n|\n|upkeep\n|turn|2\n|inactive|Areestoo has 30 seconds left.\n|inactive|Areestoo has 20 seconds left.\n|inactive|Areestoo has 15 seconds left.\n|\n|t:|1737954522\n|switch|p2b: Indeedee|Indeedee-F, L50, F|100\/100\n|-fieldstart|move: Psychic Terrain|[from] ability: Psychic Surge|[of] p2b: Indeedee\n|-enditem|p2b: Indeedee|Psychic Seed\n|-boost|p2b: Indeedee|spd|1|[from] item: Psychic Seed\n|move|p1a: Chien-Pao|Protect|p1a: Chien-Pao\n|-singleturn|p1a: Chien-Pao|Protect\n|move|p2a: Necrozma|Expanding Force|p1a: Chien-Pao|[spread] p1b\n|-activate|p1a: Chien-Pao|move: Protect\n|-damage|p1b: Urshifu|0 fnt\n|faint|p1b: Urshifu\n|\n|upkeep\n|\n|t:|1737954531\n|switch|p1b: Rillaboom|Rillaboom, L50, M|100\/100\n|-fieldstart|move: Grassy Terrain|[from] ability: Grassy Surge|[of] p1b: Rillaboom\n|turn|3\n|\n|t:|1737954542\n|switch|p2a: Torkoal|Torkoal, L50, M|100\/100\n|-weather|SunnyDay|[from] ability: Drought|[of] p2a: Torkoal\n|move|p1b: Rillaboom|Fake Out|p2b: Indeedee\n|-damage|p2b: Indeedee|85\/100\n|move|p1a: Chien-Pao|Sucker Punch||[still]\n|-fail|p1a: Chien-Pao\n|cant|p2b: Indeedee|flinch\n|\n|-weather|SunnyDay|[upkeep]\n|-heal|p2b: Indeedee|91\/100|[from] Grassy Terrain\n|-heal|p1a: Chien-Pao|7\/100|[from] Grassy Terrain\n|upkeep\n|turn|4\n|inactive|Areestoo has 30 seconds left.\n|\n|t:|1737954573\n|switch|p2b: Gallade|Gallade, L50, M|100\/100\n|switch|p1a: Kyogre|Kyogre, L50, shiny|100\/100\n|-weather|RainDance|[from] ability: Drizzle|[of] p1a: Kyogre\n|move|p2a: Torkoal|Weather Ball|p1b: Rillaboom\n|-resisted|p1b: Rillaboom\n|-damage|p1b: Rillaboom|79\/100\n|move|p1b: Rillaboom|U-turn|p2b: Gallade\n|-damage|p2b: Gallade|64\/100\n|\n|t:|1737954578\n|switch|p1b: Chien-Pao|Chien-Pao, L50|7\/100|[from] U-turn\n|-ability|p1b: Chien-Pao|Sword of Ruin\n|\n|-weather|RainDance|[upkeep]\n|-heal|p2b: Gallade|70\/100|[from] Grassy Terrain\n|-heal|p1b: Chien-Pao|13\/100|[from] Grassy Terrain\n|upkeep\n|turn|5\n|\n|t:|1737954602\n|switch|p2a: Indeedee|Indeedee-F, L50, F|91\/100\n|-fieldstart|move: Psychic Terrain|[from] ability: Psychic Surge|[of] p2a: Indeedee\n|move|p1b: Chien-Pao|Protect|p1b: Chien-Pao\n|-singleturn|p1b: Chien-Pao|Protect\n|move|p2b: Gallade|Sacred Sword|p1b: Chien-Pao\n|-activate|p1b: Chien-Pao|move: Protect\n|move|p1a: Kyogre|Origin Pulse|p2b: Gallade|[spread] p2a,p2b\n|-damage|p2a: Indeedee|6\/100\n|-damage|p2b: Gallade|0 fnt\n|faint|p2b: Gallade\n|\n|-weather|RainDance|[upkeep]\n|-fieldend|move: Trick Room\n|upkeep\n|\n|t:|1737954615\n|switch|p2b: Torkoal|Torkoal, L50, M|100\/100\n|-weather|SunnyDay|[from] ability: Drought|[of] p2b: Torkoal\n|turn|6\n|inactive|Imnotagni has 30 seconds left.\n|\n|t:|1737954642\n|move|p1b: Chien-Pao|Sacred Sword|p2b: Torkoal\n|-damage|p2b: Torkoal|68\/100\n|move|p1a: Kyogre|Water Spout|p2b: Torkoal|[spread] p2a,p2b\n|-supereffective|p2b: Torkoal\n|-damage|p2a: Indeedee|0 fnt\n|-damage|p2b: Torkoal|0 fnt\n|faint|p2a: Indeedee\n|faint|p2b: Torkoal\n|\n|-weather|SunnyDay|[upkeep]\n|upkeep\n|\n|t:|1737954649\n|switch|p2b: Necrozma|Necrozma-Dawn-Wings, L50, tera:Water|38\/100\n|turn|7\n|-message|Areestoo forfeited.\n|\n|win|Imnotagni\n|raw|Imnotagni's rating: 1632 &rarr; <strong>1649<\/strong><br \/>(+17 for winning)\n|raw|Areestoo's rating: 1588 &rarr; <strong>1571<\/strong><br \/>(-17 for losing)\n|l|\u2606Areestoo\n|player|p2|\n|l|\u2606Imnotagni\n|player|p1|\n","uploadtime":1737954845,"views":16,"formatid":"gen9vgc2025regg","rating":1571,"private":0,"password":null}