{"id":"gen9vgc2025regg-2288903391","format":"[Gen 9] VGC 2025 Reg G","players":["actuary97","master 792"],"log":"|j|\u2606actuary97\n|j|\u2606master 792\n|t:|1737945924\n|gametype|doubles\n|player|p1|actuary97|sabrina-frlg|1591\n|player|p2|master 792|lucas|1580\n|teamsize|p1|6\n|teamsize|p2|6\n|gen|9\n|tier|[Gen 9] VGC 2025 Reg G\n|rated|\n|rule|Species Clause: Limit one of each Pok\u00e9mon\n|rule|Item Clause: Limit 1 of each item\n|clearpoke\n|poke|p1|Amoonguss, L50, F|\n|poke|p1|Whimsicott, L50, M|\n|poke|p1|Armarouge, L50, F|\n|poke|p1|Kyogre, L50|\n|poke|p1|Archaludon, L50, M|\n|poke|p1|Indeedee-F, L50, F|\n|poke|p2|Necrozma-Dawn-Wings, L50|\n|poke|p2|Indeedee, L50, M|\n|poke|p2|Gallade, L50, M|\n|poke|p2|Ting-Lu, L50|\n|poke|p2|Ogerpon-Hearthflame, L50, F|\n|poke|p2|Flutter Mane, L50|\n|teampreview|4\nactuary97 has agreed to open team sheets.\n|inactive|Battle timer is ON: inactive players will automatically lose when time's up. (requested by master 792)\n|\n|t:|1737945957\n|start\n|switch|p1a: Archaludon|Archaludon, L50, M, shiny|100\/100\n|switch|p1b: Whimsicott|Whimsicott, L50, M, shiny|100\/100\n|switch|p2a: Indeedee|Indeedee, L50, M, shiny|100\/100\n|switch|p2b: Gallade|Gallade, L50, M, shiny|100\/100\n|-fieldstart|move: Psychic Terrain|[from] ability: Psychic Surge|[of] p2a: Indeedee\n|turn|1\n|\n|t:|1737945976\n|-terastallize|p1a: Archaludon|Flying\n|-terastallize|p2b: Gallade|Poison\n|move|p1b: Whimsicott|Tailwind|p1b: Whimsicott\n|-sidestart|p1: actuary97|move: Tailwind\n|move|p1a: Archaludon|Snarl|p2b: Gallade|[spread] p2a,p2b\n|-supereffective|p2a: Indeedee\n|-damage|p2a: Indeedee|69\/100\n|-damage|p2b: Gallade|89\/100\n|-unboost|p2a: Indeedee|spa|1\n|move|p2b: Gallade|Sacred Sword|p1a: Archaludon\n|-resisted|p1a: Archaludon\n|-damage|p1a: Archaludon|73\/100\n|-ability|p1a: Archaludon|Stamina|boost\n|-boost|p1a: Archaludon|def|1\n|move|p2a: Indeedee|Trick Room|p2a: Indeedee\n|-fieldstart|move: Trick Room|[of] p2a: Indeedee\n|\n|upkeep\n|turn|2\n|\n|t:|1737945999\n|move|p2b: Gallade|Psycho Cut|p1a: Archaludon\n|-damage|p1a: Archaludon|38\/100\n|-ability|p1a: Archaludon|Stamina|boost\n|-boost|p1a: Archaludon|def|1\n|move|p2a: Indeedee|Encore|p1b: Whimsicott\n|-start|p1b: Whimsicott|Encore\n|move|p1a: Archaludon|Body Press|p2a: Indeedee\n|-damage|p2a: Indeedee|13\/100\n|move|p1b: Whimsicott|Tailwind||[still]\n|-fail|p1b: Whimsicott\n|\n|upkeep\n|turn|3\n|\n|t:|1737946010\n|switch|p1b: Amoonguss|Amoonguss, L50, F, shiny|100\/100\n|move|p2b: Gallade|Psycho Cut|p1a: Archaludon\n|-damage|p1a: Archaludon|12\/100\n|-ability|p1a: Archaludon|Stamina|boost\n|-boost|p1a: Archaludon|def|1\n|move|p2a: Indeedee|Psychic|p1a: Archaludon\n|-damage|p1a: Archaludon|0 fnt\n|faint|p1a: Archaludon\n|\n|upkeep\n|\n|t:|1737946020\n|switch|p1a: Kyogre|Kyogre, L50, shiny|100\/100\n|-weather|RainDance|[from] ability: Drizzle|[of] p1a: Kyogre\n|turn|4\n|\n|t:|1737946035\n|move|p2b: Gallade|Wide Guard|p2b: Gallade\n|-singleturn|p2b: Gallade|Wide Guard\n|move|p1b: Amoonguss|Spore|p2b: Gallade\n|-status|p2b: Gallade|slp|[from] move: Spore\n|move|p2a: Indeedee|Psychic|p1b: Amoonguss\n|-supereffective|p1b: Amoonguss\n|-damage|p1b: Amoonguss|51\/100\n|move|p1a: Kyogre|Calm Mind|p1a: Kyogre\n|-boost|p1a: Kyogre|spa|1\n|-boost|p1a: Kyogre|spd|1\n|\n|-weather|RainDance|[upkeep]\n|-sideend|p1: actuary97|move: Tailwind\n|upkeep\n|turn|5\n|\n|t:|1737946051\n|move|p1b: Amoonguss|Spore|p2a: Indeedee\n|-status|p2a: Indeedee|slp|[from] move: Spore\n|cant|p2b: Gallade|slp\n|cant|p2a: Indeedee|slp\n|move|p1a: Kyogre|Origin Pulse|p2b: Gallade|[spread] p2b\n|-miss|p1a: Kyogre|p2a: Indeedee\n|-damage|p2b: Gallade|0 fnt\n|faint|p2b: Gallade\n|\n|-weather|RainDance|[upkeep]\n|-fieldend|move: Trick Room\n|-fieldend|move: Psychic Terrain\n|upkeep\n|c|\u2606master 792|No s\u00e9 supone que eres m\u00e1s lento pq tienes el tailwind?\n|\n|t:|1737946063\n|switch|p2b: Ogerpon|Ogerpon-Hearthflame, L50, F|100\/100\n|-ability|p2b: Ogerpon|Mold Breaker\n|turn|6\n|\n|t:|1737946076\n|switch|p1b: Whimsicott|Whimsicott, L50, M, shiny|100\/100\n|move|p1a: Kyogre|Protect|p1a: Kyogre\n|-singleturn|p1a: Kyogre|Protect\n|move|p2b: Ogerpon|Wood Hammer|p1a: Kyogre\n|-activate|p1a: Kyogre|move: Protect\n|cant|p2a: Indeedee|slp\n|\n|-weather|RainDance|[upkeep]\n|upkeep\n|turn|7\n|\n|t:|1737946088\n|move|p1b: Whimsicott|Tailwind|p1b: Whimsicott\n|-sidestart|p1: actuary97|move: Tailwind\n|move|p1a: Kyogre|Origin Pulse|p2b: Ogerpon|[spread] p2a\n|-miss|p1a: Kyogre|p2b: Ogerpon\n|-damage|p2a: Indeedee|0 fnt\n|faint|p2a: Indeedee\n|move|p2b: Ogerpon|Wood Hammer|p1a: Kyogre\n|-supereffective|p1a: Kyogre\n|-damage|p1a: Kyogre|0 fnt\n|faint|p1a: Kyogre\n|-damage|p2b: Ogerpon|59\/100|[from] Recoil\n|\n|-weather|RainDance|[upkeep]\n|upkeep\n|\n|t:|1737946092\n|switch|p1a: Amoonguss|Amoonguss, L50, F, shiny|85\/100\n|switch|p2a: Necrozma|Necrozma-Dawn-Wings, L50, shiny|100\/100\n|turn|8\n|\n|t:|1737946105\n|move|p1b: Whimsicott|Moonblast|p2b: Ogerpon\n|-resisted|p2b: Ogerpon\n|-damage|p2b: Ogerpon|36\/100\n|move|p2b: Ogerpon|Ivy Cudgel|p1a: Amoonguss|[anim] Ivy Cudgel Fire\n|-supereffective|p1a: Amoonguss\n|-damage|p1a: Amoonguss|32\/100\n|move|p2a: Necrozma|Expanding Force|p1a: Amoonguss\n|-supereffective|p1a: Amoonguss\n|-damage|p1a: Amoonguss|0 fnt\n|faint|p1a: Amoonguss\n|\n|-weather|none\n|upkeep\n|turn|9\n|-message|actuary97 forfeited.\n|\n|win|master 792\n|raw|actuary97's rating: 1591 &rarr; <strong>1570<\/strong><br \/>(-21 for losing)\n|raw|master 792's rating: 1580 &rarr; <strong>1601<\/strong><br \/>(+21 for winning)\n|c|\u2606actuary97|gg\n|c|\u2606master 792|GG\n|l|\u2606master 792\n|player|p2|\n","uploadtime":1737946309,"views":19,"formatid":"gen9vgc2025regg","rating":1570,"private":0,"password":null}