{"id":"gen9vgc2025regg-2288296052","format":"[Gen 9] VGC 2025 Reg G","players":["Imnotagni","chappell murkroan"],"log":"|j|\u2606Imnotagni\n|j|\u2606chappell murkroan\n|t:|1737858041\n|gametype|doubles\n|player|p1|Imnotagni|policeman-gen4|1546\n|player|p2|chappell murkroan|caitlin|1745\n|teamsize|p1|6\n|teamsize|p2|6\n|gen|9\n|tier|[Gen 9] VGC 2025 Reg G\n|rated|\n|rule|Species Clause: Limit one of each Pok\u00e9mon\n|rule|Item Clause: Limit 1 of each item\n|clearpoke\n|poke|p1|Kyogre, L50|\n|poke|p1|Tornadus, L50, M|\n|poke|p1|Tsareena, L50, F|\n|poke|p1|Archaludon, L50, F|\n|poke|p1|Electabuzz, L50, F|\n|poke|p1|Urshifu-*, L50, F|\n|poke|p2|Kyogre, L50|\n|poke|p2|Maushold-Four, L50|\n|poke|p2|Tornadus, L50, M|\n|poke|p2|Tsareena, L50, F|\n|poke|p2|Urshifu-*, L50, F|\n|poke|p2|Archaludon, L50, M|\n|teampreview|4\n|inactive|Battle timer is ON: inactive players will automatically lose when time's up. (requested by chappell murkroan)\n|inactive|Imnotagni also wants the timer to be on.\n|c|\u2606chappell murkroan|lol\n|inactive|chappell murkroan has 60 seconds left.\n|\n|t:|1737858079\n|start\n|switch|p1a: Tornadus|Tornadus, L50, M, shiny|100\/100\n|switch|p1b: Archaludon|Archaludon, L50, F, shiny|100\/100\n|switch|p2a: Kyogre|Kyogre, L50|100\/100\n|switch|p2b: Maushold|Maushold-Four, L50|100\/100\n|-weather|RainDance|[from] ability: Drizzle|[of] p2a: Kyogre\n|turn|1\n|\n|t:|1737858091\n|-terastallize|p1b: Archaludon|Ghost\n|move|p2b: Maushold|Follow Me|p2b: Maushold\n|-singleturn|p2b: Maushold|move: Follow Me\n|move|p1a: Tornadus|Tailwind|p1a: Tornadus\n|-sidestart|p1: Imnotagni|move: Tailwind\n|move|p1b: Archaludon|Electro Shot||[still]\n|-prepare|p1b: Archaludon|Electro Shot\n|-boost|p1b: Archaludon|spa|1\n|-anim|p1b: Archaludon|Electro Shot|p2a: Kyogre\n|-supereffective|p2a: Kyogre\n|-damage|p2a: Kyogre|18\/100\n|move|p2a: Kyogre|Water Spout|p1a: Tornadus|[spread] p1a,p1b\n|-damage|p1a: Tornadus|63\/100\n|-damage|p1b: Archaludon|68\/100\n|\n|-weather|RainDance|[upkeep]\n|upkeep\n|turn|2\n|c|\u2606chappell murkroan|sobbing\n|c|\u2606chappell murkroan|forgot it was stalwart\n|c|\u2606Imnotagni|yesssir\n|\n|t:|1737858115\n|switch|p2a: Archaludon|Archaludon, L50, M|100\/100\n|move|p2b: Maushold|Protect|p2b: Maushold\n|-singleturn|p2b: Maushold|Protect\n|move|p1a: Tornadus|Bleakwind Storm|p2b: Maushold|[spread] p2a\n|-activate|p2b: Maushold|move: Protect\n|-resisted|p2a: Archaludon\n|-damage|p2a: Archaludon|91\/100\n|-ability|p2a: Archaludon|Stamina|boost\n|-boost|p2a: Archaludon|def|1\n|move|p1b: Archaludon|Electro Shot||[still]\n|-prepare|p1b: Archaludon|Electro Shot\n|-boost|p1b: Archaludon|spa|1\n|-anim|p1b: Archaludon|Electro Shot|p2b: Maushold\n|-activate|p2b: Maushold|move: Protect\n|\n|-weather|RainDance|[upkeep]\n|upkeep\n|turn|3\n|\n|t:|1737858130\n|move|p1a: Tornadus|Bleakwind Storm|p2a: Archaludon|[spread] p2a,p2b\n|-resisted|p2a: Archaludon\n|-damage|p2a: Archaludon|80\/100\n|-damage|p2b: Maushold|55\/100\n|-unboost|p2b: Maushold|spe|1\n|-ability|p2a: Archaludon|Stamina|boost\n|-boost|p2a: Archaludon|def|1\n|move|p1b: Archaludon|Draco Meteor|p2a: Archaludon|[miss]\n|-miss|p1b: Archaludon|p2a: Archaludon\n|move|p2a: Archaludon|Electro Shot||[still]\n|-prepare|p2a: Archaludon|Electro Shot\n|-boost|p2a: Archaludon|spa|1\n|-anim|p2a: Archaludon|Electro Shot|p1b: Archaludon\n|-damage|p1b: Archaludon|0 fnt\n|faint|p1b: Archaludon\n|move|p2b: Maushold|Taunt|p1a: Tornadus\n|-start|p1a: Tornadus|move: Taunt\n|\n|-weather|RainDance|[upkeep]\n|upkeep\n|c|\u2606Imnotagni|pokemon\n|c|\u2606chappell murkroan|pokemon\n|c|\u2606chappell murkroan|fr\n|\n|t:|1737858145\n|switch|p1b: Kyogre|Kyogre, L50, shiny|100\/100\n|turn|4\n|\n|t:|1737858158\n|move|p2b: Maushold|Protect|p2b: Maushold\n|-singleturn|p2b: Maushold|Protect\n|move|p1b: Kyogre|Water Spout|p2a: Archaludon|[spread] p2a\n|-activate|p2b: Maushold|move: Protect\n|-resisted|p2a: Archaludon\n|-damage|p2a: Archaludon|54\/100\n|-ability|p2a: Archaludon|Stamina|boost\n|-boost|p2a: Archaludon|def|1\n|move|p1a: Tornadus|Bleakwind Storm|p2a: Archaludon|[spread] p2a\n|-activate|p2b: Maushold|move: Protect\n|-resisted|p2a: Archaludon\n|-damage|p2a: Archaludon|45\/100\n|-ability|p2a: Archaludon|Stamina|boost\n|-boost|p2a: Archaludon|def|1\n|move|p2a: Archaludon|Electro Shot||[still]\n|-prepare|p2a: Archaludon|Electro Shot\n|-boost|p2a: Archaludon|spa|1\n|-anim|p2a: Archaludon|Electro Shot|p1b: Kyogre\n|-supereffective|p1b: Kyogre\n|-damage|p1b: Kyogre|0 fnt\n|faint|p1b: Kyogre\n|\n|-weather|RainDance|[upkeep]\n|-sideend|p1: Imnotagni|move: Tailwind\n|upkeep\n|\n|t:|1737858165\n|switch|p1b: Urshifu|Urshifu-Rapid-Strike, L50, F|100\/100\n|turn|5\n|\n|t:|1737858178\n|move|p2b: Maushold|Follow Me|p2b: Maushold\n|-singleturn|p2b: Maushold|move: Follow Me\n|move|p1a: Tornadus|Bleakwind Storm|p2a: Archaludon|[spread] p2a,p2b\n|-resisted|p2a: Archaludon\n|-damage|p2a: Archaludon|34\/100\n|-damage|p2b: Maushold|5\/100\n|-ability|p2a: Archaludon|Stamina|boost\n|-boost|p2a: Archaludon|def|1\n|move|p1b: Urshifu|Surging Strikes|p2b: Maushold\n|-crit|p2b: Maushold\n|-damage|p2b: Maushold|0 fnt\n|faint|p2b: Maushold\n|-hitcount|p2: Maushold|1\n|move|p2a: Archaludon|Electro Shot||[still]\n|-prepare|p2a: Archaludon|Electro Shot\n|-boost|p2a: Archaludon|spa|1\n|-anim|p2a: Archaludon|Electro Shot|p1b: Urshifu\n|-supereffective|p1b: Urshifu\n|-damage|p1b: Urshifu|0 fnt\n|faint|p1b: Urshifu\n|\n|-weather|none\n|upkeep\n|-message|Imnotagni forfeited.\n|\n|win|chappell murkroan\n|raw|Imnotagni's rating: 1546 &rarr; <strong>1536<\/strong><br \/>(-10 for losing)\n|raw|chappell murkroan's rating: 1745 &rarr; <strong>1755<\/strong><br \/>(+10 for winning)\n|l|\u2606Imnotagni\n|player|p1|\n","uploadtime":1737858392,"views":13,"formatid":"gen9vgc2025regg","rating":1536,"private":0,"password":null}