{"id":"gen9vgc2025regg-2288871737","format":"[Gen 9] VGC 2025 Reg G","players":["Fehuo","infinitygroudon"],"log":"|j|\u2606Fehuo\n|j|\u2606infinitygroudon\n|t:|1737941868\n|gametype|doubles\n|player|p1|Fehuo|cynthia-gen4|1673\n|player|p2|infinitygroudon|1|1688\n|teamsize|p1|6\n|teamsize|p2|6\n|gen|9\n|tier|[Gen 9] VGC 2025 Reg G\n|rated|\n|rule|Species Clause: Limit one of each Pok\u00e9mon\n|rule|Item Clause: Limit 1 of each item\n|clearpoke\n|poke|p1|Calyrex-Ice, L50|\n|poke|p1|Raging Bolt, L50|\n|poke|p1|Urshifu-*, L50, F|\n|poke|p1|Ogerpon-Hearthflame, L50, F|\n|poke|p1|Rillaboom, L50, F|\n|poke|p1|Indeedee-F, L50, F|\n|poke|p2|Calyrex-Shadow, L50|\n|poke|p2|Incineroar, L50, M|\n|poke|p2|Weezing-Galar, L50, M|\n|poke|p2|Indeedee-F, L50, F|\n|poke|p2|Iron Valiant, L50|\n|poke|p2|Ursaluna-Bloodmoon, L50, M|\n|teampreview|4\n|inactive|Battle timer is ON: inactive players will automatically lose when time's up. (requested by Fehuo)\n|\n|t:|1737941892\n|start\n|switch|p1a: Calyrex|Calyrex-Ice, L50|100\/100\n|switch|p1b: Urshifu|Urshifu-Rapid-Strike, L50, F|100\/100\n|switch|p2a: Suthen|Indeedee-F, L50, F|100\/100\n|switch|p2b: Duncan|Calyrex-Shadow, L50|100\/100\n|-ability|p2b: Duncan|As One\n|-ability|p2b: Duncan|Unnerve\n|-ability|p1a: Calyrex|As One\n|-ability|p1a: Calyrex|Unnerve\n|-fieldstart|move: Psychic Terrain|[from] ability: Psychic Surge|[of] p2a: Suthen\n|turn|1\n|inactive|Fehuo has 30 seconds left.\n|\n|t:|1737941920\n|-terastallize|p1a: Calyrex|Dark\n|move|p2a: Suthen|Helping Hand|p2b: Duncan\n|-singleturn|p2b: Duncan|Helping Hand|[of] p2a: Suthen\n|move|p2b: Duncan|Astral Barrage|p1a: Calyrex|[spread] p1a,p1b\n|-resisted|p1a: Calyrex\n|-damage|p1a: Calyrex|62\/100\n|-enditem|p1b: Urshifu|Focus Sash\n|-damage|p1b: Urshifu|1\/100\n|-damage|p2b: Duncan|91\/100|[from] item: Life Orb\n|move|p1b: Urshifu|Surging Strikes|p2b: Duncan\n|-crit|p2b: Duncan\n|-damage|p2b: Duncan|67\/100\n|-crit|p2b: Duncan\n|-damage|p2b: Duncan|44\/100\n|-crit|p2b: Duncan\n|-damage|p2b: Duncan|22\/100\n|-hitcount|p2b: Duncan|3\n|move|p1a: Calyrex|Glacial Lance|p2b: Duncan|[spread] p2a,p2b\n|-damage|p2a: Suthen|32\/100\n|-damage|p2b: Duncan|0 fnt\n|faint|p2b: Duncan\n|-ability|p1a: Calyrex|Chilling Neigh|boost\n|-boost|p1a: Calyrex|atk|1\n|\n|upkeep\n|\n|t:|1737941926\n|switch|p2b: Charming|Iron Valiant, L50, shiny|100\/100\n|-enditem|p2b: Charming|Booster Energy\n|-activate|p2b: Charming|ability: Quark Drive|[fromitem]\n|-start|p2b: Charming|quarkdrivespe\n|turn|2\n|\n|t:|1737941948\n|switch|p1b: Rillaboom|Rillaboom, L50, F|100\/100\n|-fieldstart|move: Grassy Terrain|[from] ability: Grassy Surge|[of] p1b: Rillaboom\n|-terastallize|p2b: Charming|Fairy\n|move|p1a: Calyrex|Protect|p1a: Calyrex\n|-singleturn|p1a: Calyrex|Protect\n|move|p2a: Suthen|Follow Me|p2a: Suthen\n|-singleturn|p2a: Suthen|move: Follow Me\n|move|p2b: Charming|Spirit Break|p1a: Calyrex\n|-activate|p1a: Calyrex|move: Protect\n|\n|-heal|p2a: Suthen|38\/100|[from] Grassy Terrain\n|-heal|p1a: Calyrex|68\/100|[from] Grassy Terrain\n|upkeep\n|turn|3\n|j| Lavenderawa\n|\n|t:|1737941960\n|switch|p2a: Mr. Gassy|Weezing-Galar, L50, M|100\/100\n|-ability|p2a: Mr. Gassy|Neutralizing Gas\n|move|p2b: Charming|Protect|p2b: Charming\n|-singleturn|p2b: Charming|Protect\n|move|p1b: Rillaboom|Fake Out|p2b: Charming\n|-activate|p2b: Charming|move: Protect\n|move|p1a: Calyrex|Glacial Lance|p2a: Mr. Gassy|[spread] p2a\n|-activate|p2b: Charming|move: Protect\n|-damage|p2a: Mr. Gassy|23\/100\n|\n|-heal|p2a: Mr. Gassy|29\/100|[from] Grassy Terrain\n|-heal|p1a: Calyrex|74\/100|[from] Grassy Terrain\n|upkeep\n|turn|4\n|\n|t:|1737941979\n|switch|p1b: Ogerpon|Ogerpon-Hearthflame, L50, F|100\/100\n|-end|p2a: Mr. Gassy|ability: Neutralizing Gas\n|-ability|p1b: Ogerpon|Mold Breaker\n|switch|p2a: Suthen|Indeedee-F, L50, F|38\/100\n|-fieldstart|move: Psychic Terrain|[from] ability: Psychic Surge|[of] p2a: Suthen\n|move|p1a: Calyrex|Protect|p1a: Calyrex\n|-singleturn|p1a: Calyrex|Protect\n|move|p2b: Charming|Spirit Break|p1b: Ogerpon\n|-resisted|p1b: Ogerpon\n|-crit|p1b: Ogerpon\n|-damage|p1b: Ogerpon|56\/100\n|-unboost|p1b: Ogerpon|spa|1\n|\n|upkeep\n|turn|5\n|inactive|Fehuo has 30 seconds left.\n|\n|t:|1737942006\n|move|p1b: Ogerpon|Follow Me|p1b: Ogerpon\n|-singleturn|p1b: Ogerpon|move: Follow Me\n|move|p2a: Suthen|Follow Me|p2a: Suthen\n|-singleturn|p2a: Suthen|move: Follow Me\n|move|p2b: Charming|Close Combat|p1b: Ogerpon\n|-damage|p1b: Ogerpon|0 fnt\n|-unboost|p2b: Charming|def|1\n|-unboost|p2b: Charming|spd|1\n|faint|p1b: Ogerpon\n|move|p1a: Calyrex|High Horsepower|p2a: Suthen\n|-damage|p2a: Suthen|0 fnt\n|-damage|p1a: Calyrex|58\/100|[from] item: Rocky Helmet|[of] p2a: Suthen\n|faint|p2a: Suthen\n|-ability|p1a: Calyrex|Chilling Neigh|boost\n|-boost|p1a: Calyrex|atk|1\n|\n|upkeep\n|\n|t:|1737942016\n|switch|p1b: Rillaboom|Rillaboom, L50, F|100\/100\n|switch|p2a: Mr. Gassy|Weezing-Galar, L50, M|29\/100\n|-ability|p2a: Mr. Gassy|Neutralizing Gas\n|turn|6\n|\n|t:|1737942024\n|move|p2b: Charming|Protect|p2b: Charming\n|-singleturn|p2b: Charming|Protect\n|move|p1a: Calyrex|Protect|p1a: Calyrex\n|-singleturn|p1a: Calyrex|Protect\n|move|p1b: Rillaboom|High Horsepower|p2a: Mr. Gassy\n|-supereffective|p2a: Mr. Gassy\n|-damage|p2a: Mr. Gassy|0 fnt\n|faint|p2a: Mr. Gassy\n|-end|p2a: Mr. Gassy|ability: Neutralizing Gas\n|-fieldstart|move: Grassy Terrain|[from] ability: Grassy Surge|[of] p1b: Rillaboom\n|\n|-heal|p1a: Calyrex|64\/100|[from] Grassy Terrain\n|upkeep\n|turn|7\n|-message|infinitygroudon forfeited.\n|\n|win|Fehuo\n|raw|Fehuo's rating: 1673 &rarr; <strong>1694<\/strong><br \/>(+21 for winning)\n|raw|infinitygroudon's rating: 1688 &rarr; <strong>1667<\/strong><br \/>(-21 for losing)\n|l|\u2606infinitygroudon\n|player|p2|\n|l|\u2606Fehuo\n|player|p1|\n","uploadtime":1737942280,"views":15,"formatid":"gen9vgc2025regg","rating":1667,"private":0,"password":null}