{"id":"gen9vgc2025regg-2288134459","format":"[Gen 9] VGC 2025 Reg G","players":["DrPapus03","Prometheus756"],"log":"|j|\u2606DrPapus03\n|j|\u2606Prometheus756\n|t:|1737837233\n|gametype|doubles\n|player|p1|DrPapus03|lucas|1514\n|player|p2|Prometheus756|gentleman-gen4dp|1645\n|teamsize|p1|6\n|teamsize|p2|6\n|gen|9\n|tier|[Gen 9] VGC 2025 Reg G\n|rated|\n|rule|Species Clause: Limit one of each Pok\u00e9mon\n|rule|Item Clause: Limit 1 of each item\n|clearpoke\n|poke|p1|Zacian-*, L50|\n|poke|p1|Tornadus, L50, M|\n|poke|p1|Urshifu-*, L50, M|\n|poke|p1|Amoonguss, L50, M|\n|poke|p1|Chien-Pao, L50|\n|poke|p1|Ogerpon, L50, F|\n|poke|p2|Rayquaza, L50|\n|poke|p2|Arcanine, L50, M|\n|poke|p2|Rillaboom, L50, M|\n|poke|p2|Chien-Pao, L50|\n|poke|p2|Smeargle, L50, M|\n|poke|p2|Moltres-Galar, L50|\n|teampreview|4\n|\n|t:|1737837277\n|start\n|switch|p1a: Chien-Pao|Chien-Pao, L50|100\/100\n|switch|p1b: Ogerpon|Ogerpon, L50, F|100\/100\n|switch|p2a: Rayquaza|Rayquaza, L50|100\/100\n|switch|p2b: Smeargle|Smeargle, L50, M|100\/100\n|-ability|p1a: Chien-Pao|Sword of Ruin\n|-ability|p2a: Rayquaza|Air Lock\n|turn|1\n|inactive|Battle timer is ON: inactive players will automatically lose when time's up. (requested by Prometheus756)\n|inactive|Prometheus756 has 60 seconds left.\n|\n|t:|1737837315\n|-terastallize|p2a: Rayquaza|Normal\n|move|p1a: Chien-Pao|Protect|p1a: Chien-Pao\n|-singleturn|p1a: Chien-Pao|Protect\n|move|p2b: Smeargle|Follow Me|p2b: Smeargle\n|-singleturn|p2b: Smeargle|move: Follow Me\n|move|p1b: Ogerpon|Wood Hammer|p2b: Smeargle\n|-enditem|p2b: Smeargle|Focus Sash\n|-damage|p2b: Smeargle|1\/100\n|-damage|p1b: Ogerpon|70\/100|[from] Recoil\n|-damage|p1b: Ogerpon|60\/100|[from] item: Life Orb\n|move|p2a: Rayquaza|Swords Dance|p2a: Rayquaza\n|-boost|p2a: Rayquaza|atk|2\n|\n|-ability|p2b: Smeargle|Moody|boost\n|-boost|p2b: Smeargle|atk|2\n|-unboost|p2b: Smeargle|spd|1\n|upkeep\n|turn|2\n|inactive|DrPapus03 has 30 seconds left.\n|inactive|Prometheus756 has 30 seconds left.\n|\n|t:|1737837345\n|move|p1b: Ogerpon|Spiky Shield|p1b: Ogerpon\n|-singleturn|p1b: Ogerpon|move: Protect\n|move|p2a: Rayquaza|Extreme Speed|p1b: Ogerpon\n|-activate|p1b: Ogerpon|move: Protect\n|-damage|p2a: Rayquaza|88\/100|[from] Spiky Shield|[of] p1b: Ogerpon\n|move|p2b: Smeargle|Follow Me|p2b: Smeargle\n|-singleturn|p2b: Smeargle|move: Follow Me\n|move|p1a: Chien-Pao|Ice Spinner|p2b: Smeargle\n|-damage|p2b: Smeargle|0 fnt\n|faint|p2b: Smeargle\n|\n|upkeep\n|\n|t:|1737837363\n|switch|p2b: Rillaboom|Rillaboom, L50, M|100\/100\n|-fieldstart|move: Grassy Terrain|[from] ability: Grassy Surge|[of] p2b: Rillaboom\n|turn|3\n|\n|t:|1737837376\n|-terastallize|p1a: Chien-Pao|Ghost\n|move|p2b: Rillaboom|Fake Out|p1a: Chien-Pao\n|-immune|p1a: Chien-Pao\n|move|p2a: Rayquaza|Extreme Speed|p1b: Ogerpon\n|-damage|p1b: Ogerpon|0 fnt\n|faint|p1b: Ogerpon\n|move|p1a: Chien-Pao|Ice Spinner|p2b: Rillaboom\n|-supereffective|p2b: Rillaboom\n|-damage|p2b: Rillaboom|0 fnt\n|-fieldend|move: Grassy Terrain\n|faint|p2b: Rillaboom\n|\n|upkeep\n|\n|t:|1737837399\n|switch|p1b: Zacian|Zacian-Crowned, L50|100\/100\n|switch|p2b: Chien-Pao|Chien-Pao, L50|100\/100\n|-ability|p1b: Zacian|Intrepid Sword|boost\n|-boost|p1b: Zacian|atk|1\n|-ability|p2b: Chien-Pao|Sword of Ruin\n|turn|4\n|inactive|DrPapus03 has 30 seconds left.\n|inactive|Prometheus756 has 30 seconds left.\n|c|\u2606Prometheus756|How much would extreme speed do to that?\n|inactive|Prometheus756 has 20 seconds left.\n|c|\u2606Prometheus756|plz don\u2019t protect just for the testing\n|inactive|Prometheus756 has 15 seconds left.\n|c|\u2606DrPapus03|okay\n|inactive|Prometheus756 has 10 seconds left.\n|\n|t:|1737837445\n|move|p2a: Rayquaza|Extreme Speed|p1b: Zacian\n|-resisted|p1b: Zacian\n|-damage|p1b: Zacian|45\/100\n|move|p2b: Chien-Pao|Sucker Punch|p1a: Chien-Pao\n|-supereffective|p1a: Chien-Pao\n|-enditem|p1a: Chien-Pao|Focus Sash\n|-damage|p1a: Chien-Pao|1\/100\n|move|p1b: Zacian|Behemoth Blade|p2a: Rayquaza\n|-damage|p2a: Rayquaza|0 fnt\n|faint|p2a: Rayquaza\n|move|p1a: Chien-Pao|Ice Spinner|p2b: Chien-Pao\n|-resisted|p2b: Chien-Pao\n|-damage|p2b: Chien-Pao|73\/100\n|\n|upkeep\n|turn|5\n|c|\u2606DrPapus03|27% i guess\n|c|\u2606DrPapus03|HOLY\n|\n|t:|1737837467\n|move|p1a: Chien-Pao|Sucker Punch|p2b: Chien-Pao\n|-resisted|p2b: Chien-Pao\n|-damage|p2b: Chien-Pao|49\/100\n|move|p1b: Zacian|Behemoth Blade|p2b: Chien-Pao\n|-supereffective|p2b: Chien-Pao\n|-damage|p2b: Chien-Pao|0 fnt\n|faint|p2b: Chien-Pao\n|\n|win|DrPapus03\n|raw|DrPapus03's rating: 1514 &rarr; <strong>1541<\/strong><br \/>(+27 for winning)\n|raw|Prometheus756's rating: 1645 &rarr; <strong>1618<\/strong><br \/>(-27 for losing)\n|c|\u2606Prometheus756|Lol\n|c|\u2606Prometheus756|gg\n|c|\u2606DrPapus03|more than i thought\n|c|\u2606DrPapus03|gg\n|c|\u2606Prometheus756|yewh\n|c|\u2606Prometheus756|it hits like a truck\n|l|\u2606DrPapus03\n|player|p1|\n|c|\u2606Prometheus756|thats why\n|c|\u2606Prometheus756|i was curious\n|l|\u2606Prometheus756\n|player|p2|\n","uploadtime":1737837656,"views":12,"formatid":"gen9vgc2025regg","rating":1541,"private":0,"password":null}