{"id":"gen9vgc2025regg-2288322885","format":"[Gen 9] VGC 2025 Reg G","players":["PokemonBreederJoey","AxonAries"],"log":"|j|\u2606PokemonBreederJoey\n|j|\u2606AxonAries\n|t:|1737861704\n|gametype|doubles\n|player|p1|PokemonBreederJoey|2|1544\n|player|p2|AxonAries|psychicf-gen4|1560\n|teamsize|p1|6\n|teamsize|p2|6\n|gen|9\n|tier|[Gen 9] VGC 2025 Reg G\n|rated|\n|rule|Species Clause: Limit one of each Pok\u00e9mon\n|rule|Item Clause: Limit 1 of each item\n|clearpoke\n|poke|p1|Kyogre, L50|\n|poke|p1|Tornadus, L50, M|\n|poke|p1|Basculegion, L50, M|\n|poke|p1|Flutter Mane, L50|\n|poke|p1|Farigiraf, L50, M|\n|poke|p1|Chi-Yu, L50|\n|poke|p2|Kyogre, L50|\n|poke|p2|Iron Leaves, L50|\n|poke|p2|Tsareena, L50, F|\n|poke|p2|Landorus, L50, M|\n|poke|p2|Iron Valiant, L50|\n|poke|p2|Tornadus, L50, M|\n|teampreview|4\n|j| Yohosophat4040\n|\n|t:|1737861756\n|start\n|switch|p1a: Tornadus|Tornadus, L50, M|100\/100\n|switch|p1b: Flutter Mane|Flutter Mane, L50|100\/100\n|switch|p2a: Tornadus|Tornadus, L50, M|100\/100\n|switch|p2b: Iron Leaves|Iron Leaves, L50|100\/100\n|-enditem|p1b: Flutter Mane|Booster Energy\n|-activate|p1b: Flutter Mane|ability: Protosynthesis|[fromitem]\n|-start|p1b: Flutter Mane|protosynthesisspe\n|turn|1\n|\n|t:|1737861783\n|move|p1a: Tornadus|Taunt|p2a: Tornadus\n|-start|p2a: Tornadus|move: Taunt\n|cant|p2a: Tornadus|move: Taunt|Tailwind\n|move|p1b: Flutter Mane|Thunder Wave|p2b: Iron Leaves\n|-status|p2b: Iron Leaves|par\n|cant|p2b: Iron Leaves|par\n|\n|upkeep\n|turn|2\n|\n|t:|1737861801\n|move|p1b: Flutter Mane|Shadow Ball|p2b: Iron Leaves\n|-supereffective|p2b: Iron Leaves\n|-damage|p2b: Iron Leaves|53\/100 par\n|move|p1a: Tornadus|Bleakwind Storm|p2b: Iron Leaves|[spread] p2a\n|-miss|p1a: Tornadus|p2b: Iron Leaves\n|-damage|p2a: Tornadus|48\/100\n|-unboost|p2a: Tornadus|spe|1\n|move|p2a: Tornadus|Bleakwind Storm|p1b: Flutter Mane|[spread] p1a,p1b\n|-crit|p1a: Tornadus\n|-crit|p1b: Flutter Mane\n|-damage|p1a: Tornadus|20\/100\n|-damage|p1b: Flutter Mane|41\/100\n|-unboost|p1b: Flutter Mane|spe|1\n|move|p2b: Iron Leaves|Psyblade|p1b: Flutter Mane\n|-damage|p1b: Flutter Mane|0 fnt\n|faint|p1b: Flutter Mane\n|-end|p1b: Flutter Mane|Protosynthesis|[silent]\n|\n|upkeep\n|\n|t:|1737861818\n|switch|p1b: Kyogre|Kyogre, L50|100\/100\n|-weather|RainDance|[from] ability: Drizzle|[of] p1b: Kyogre\n|turn|3\n|\n|t:|1737861838\n|switch|p2a: Kyogre|Kyogre, L50|100\/100\n|move|p1a: Tornadus|Bleakwind Storm|p2a: Kyogre|[spread] p2a,p2b\n|-supereffective|p2b: Iron Leaves\n|-crit|p2b: Iron Leaves\n|-damage|p2a: Kyogre|73\/100\n|-damage|p2b: Iron Leaves|0 fnt\n|faint|p2b: Iron Leaves\n|-end|p2b: Iron Leaves|Quark Drive|[silent]\n|move|p1b: Kyogre|Water Spout|p2a: Kyogre\n|-resisted|p2a: Kyogre\n|-damage|p2a: Kyogre|4\/100\n|\n|-weather|RainDance|[upkeep]\n|upkeep\n|\n|t:|1737861858\n|switch|p2b: Tornadus|Tornadus, L50, M|48\/100\n|turn|4\n|\n|t:|1737861872\n|-terastallize|p1b: Kyogre|Grass\n|move|p2b: Tornadus|Protect|p2b: Tornadus\n|-singleturn|p2b: Tornadus|Protect\n|move|p1a: Tornadus|Tailwind|p1a: Tornadus\n|-sidestart|p1: PokemonBreederJoey|move: Tailwind\n|move|p1b: Kyogre|Water Spout|p2a: Kyogre|[spread] p2a\n|-activate|p2b: Tornadus|move: Protect\n|-resisted|p2a: Kyogre\n|-damage|p2a: Kyogre|0 fnt\n|faint|p2a: Kyogre\n|\n|-weather|RainDance|[upkeep]\n|upkeep\n|\n|t:|1737861883\n|switch|p2a: Tsareena|Tsareena, L50, F, shiny|100\/100\n|turn|5\n|\n|t:|1737861903\n|move|p2b: Tornadus|Tailwind|p2b: Tornadus\n|-sidestart|p2: AxonAries|move: Tailwind\n|move|p1a: Tornadus|Bleakwind Storm|p2b: Tornadus|[spread] p2a,p2b\n|-supereffective|p2a: Tsareena\n|-damage|p2a: Tsareena|21\/100\n|-damage|p2b: Tornadus|0 fnt\n|faint|p2b: Tornadus\n|move|p1b: Kyogre|Water Spout|p2a: Tsareena\n|-resisted|p2a: Tsareena\n|-damage|p2a: Tsareena|0 fnt\n|faint|p2a: Tsareena\n|\n|win|PokemonBreederJoey\n|raw|PokemonBreederJoey's rating: 1544 &rarr; <strong>1565<\/strong><br \/>(+21 for winning)\n|raw|AxonAries's rating: 1560 &rarr; <strong>1539<\/strong><br \/>(-21 for losing)\n|j| vgdjfifIFFIGgcu\n|l| Yohosophat4040\n|l|\u2606AxonAries\n|player|p2|\n|l|\u2606PokemonBreederJoey\n|player|p1|\n","uploadtime":1737862077,"views":9,"formatid":"gen9vgc2025regg","rating":1539,"private":0,"password":null}