{"id":"gen9vgc2025regg-2288781743","format":"[Gen 9] VGC 2025 Reg G","players":["Dot1Q","Emirnent"],"log":"|j|\u2606Dot1Q\n|j|\u2606Emirnent\n|t:|1737930463\n|gametype|doubles\n|player|p1|Dot1Q|veteran|1581\n|player|p2|Emirnent|170|1590\n|teamsize|p1|6\n|teamsize|p2|6\n|gen|9\n|tier|[Gen 9] VGC 2025 Reg G\n|rated|\n|rule|Species Clause: Limit one of each Pok\u00e9mon\n|rule|Item Clause: Limit 1 of each item\n|clearpoke\n|poke|p1|Calyrex-Ice, L50|\n|poke|p1|Ursaluna-Bloodmoon, L50, M|\n|poke|p1|Smeargle, L50, M|\n|poke|p1|Farigiraf, L50, M|\n|poke|p1|Annihilape, L50, F|\n|poke|p1|Electabuzz, L50, M|\n|poke|p2|Calyrex-Ice, L50|\n|poke|p2|Ting-Lu, L50|\n|poke|p2|Tornadus, L50, M|\n|poke|p2|Urshifu-*, L50, M|\n|poke|p2|Volcarona, L50, M|\n|poke|p2|Raging Bolt, L50|\n|teampreview|4\n|j| Domtar\nDot1Q has agreed to open team sheets.\n|inactive|Battle timer is ON: inactive players will automatically lose when time's up. (requested by Emirnent)\n|\n|t:|1737930504\n|start\n|switch|p1a: Calyrex|Calyrex-Ice, L50|100\/100\n|switch|p1b: Electabuzz|Electabuzz, L50, M|100\/100\n|switch|p2a: Calyrex|Calyrex-Ice, L50|100\/100\n|switch|p2b: Ting-Lu|Ting-Lu, L50|100\/100\n|-ability|p2a: Calyrex|As One\n|-ability|p2a: Calyrex|Unnerve\n|-ability|p1a: Calyrex|As One\n|-ability|p1a: Calyrex|Unnerve\n|-ability|p2b: Ting-Lu|Vessel of Ruin\n|turn|1\n|\n|t:|1737930515\n|move|p1b: Electabuzz|Taunt|p2a: Calyrex\n|-start|p2a: Calyrex|move: Taunt\n|move|p2a: Calyrex|Glacial Lance|p1a: Calyrex|[spread] p1a,p1b\n|-resisted|p1a: Calyrex\n|-damage|p1a: Calyrex|82\/100\n|-damage|p1b: Electabuzz|60\/100\n|move|p1a: Calyrex|Glacial Lance|p2b: Ting-Lu|[spread] p2a,p2b\n|-resisted|p2a: Calyrex\n|-supereffective|p2b: Ting-Lu\n|-damage|p2a: Calyrex|78\/100\n|-damage|p2b: Ting-Lu|20\/100\n|move|p2b: Ting-Lu|Taunt|p1a: Calyrex\n|-start|p1a: Calyrex|move: Taunt\n|\n|upkeep\n|turn|2\n|\n|t:|1737930539\n|switch|p2b: Volcarona|Volcarona, L50, M|100\/100\n|move|p1b: Electabuzz|Feint|p2a: Calyrex\n|-damage|p2a: Calyrex|74\/100\n|move|p2a: Calyrex|Glacial Lance|p1b: Electabuzz|[spread] p1a,p1b\n|-resisted|p1a: Calyrex\n|-damage|p1a: Calyrex|64\/100\n|-damage|p1b: Electabuzz|14\/100\n|move|p1a: Calyrex|Glacial Lance|p2b: Volcarona|[spread] p2a,p2b\n|-resisted|p2a: Calyrex\n|-resisted|p2b: Volcarona\n|-damage|p2a: Calyrex|54\/100\n|-damage|p2b: Volcarona|70\/100\n|\n|upkeep\n|turn|3\n|\n|t:|1737930553\n|move|p1b: Electabuzz|Follow Me|p1b: Electabuzz\n|-singleturn|p1b: Electabuzz|move: Follow Me\n|move|p2b: Volcarona|Will-O-Wisp|p1b: Electabuzz\n|-status|p1b: Electabuzz|brn\n|move|p2a: Calyrex|Glacial Lance|p1a: Calyrex|[spread] p1a,p1b\n|-resisted|p1a: Calyrex\n|-damage|p1a: Calyrex|48\/100\n|-damage|p1b: Electabuzz|0 fnt\n|faint|p1b: Electabuzz\n|-ability|p2a: Calyrex|Chilling Neigh|boost\n|-boost|p2a: Calyrex|atk|1\n|move|p1a: Calyrex|Glacial Lance|p2a: Calyrex|[spread] p2a,p2b\n|-resisted|p2a: Calyrex\n|-resisted|p2b: Volcarona\n|-crit|p2b: Volcarona\n|-damage|p2a: Calyrex|33\/100\n|-damage|p2b: Volcarona|29\/100\n|\n|-end|p2a: Calyrex|move: Taunt\n|upkeep\n|\n|t:|1737930568\n|switch|p1b: Smeargle|Smeargle, L50, M|100\/100\n|turn|4\n|\n|t:|1737930583\n|-terastallize|p1a: Calyrex|Fire\n|move|p1b: Smeargle|Fake Out|p2a: Calyrex\n|-damage|p2a: Calyrex|29\/100\n|move|p2b: Volcarona|Tailwind|p2b: Volcarona\n|-sidestart|p2: Emirnent|move: Tailwind\n|cant|p2a: Calyrex|flinch\n|move|p1a: Calyrex|Glacial Lance|p2a: Calyrex|[spread] p2a,p2b\n|-resisted|p2a: Calyrex\n|-resisted|p2b: Volcarona\n|-damage|p2a: Calyrex|7\/100\n|-damage|p2b: Volcarona|0 fnt\n|faint|p2b: Volcarona\n|-ability|p1a: Calyrex|Chilling Neigh|boost\n|-boost|p1a: Calyrex|atk|1\n|\n|-end|p1a: Calyrex|move: Taunt\n|upkeep\n|\n|t:|1737930588\n|switch|p2b: Raging Bolt|Raging Bolt, L50|100\/100\n|turn|5\n|\n|t:|1737930602\n|-terastallize|p2b: Raging Bolt|Electric\n|move|p1b: Smeargle|Follow Me|p1b: Smeargle\n|-singleturn|p1b: Smeargle|move: Follow Me\n|move|p2b: Raging Bolt|Thunderbolt|p1b: Smeargle\n|-enditem|p1b: Smeargle|Focus Sash\n|-damage|p1b: Smeargle|1\/100\n|move|p2a: Calyrex|High Horsepower|p1b: Smeargle\n|-damage|p1b: Smeargle|0 fnt\n|faint|p1b: Smeargle\n|-ability|p2a: Calyrex|Chilling Neigh|boost\n|-boost|p2a: Calyrex|atk|1\n|move|p1a: Calyrex|Trick Room|p1a: Calyrex\n|-fieldstart|move: Trick Room|[of] p1a: Calyrex\n|\n|upkeep\n|\n|t:|1737930612\n|switch|p1b: Ursaluna|Ursaluna-Bloodmoon, L50, M|100\/100\n|turn|6\n|\n|t:|1737930621\n|-end|p2b: Raging Bolt|Protosynthesis|[silent]\n|switch|p2b: Ting-Lu|Ting-Lu, L50|20\/100\n|-ability|p2b: Ting-Lu|Vessel of Ruin\n|move|p1a: Calyrex|Protect|p1a: Calyrex\n|-singleturn|p1a: Calyrex|Protect\n|move|p1b: Ursaluna|Hyper Voice|p2b: Ting-Lu|[spread] p2a,p2b\n|-damage|p2a: Calyrex|0 fnt\n|-damage|p2b: Ting-Lu|0 fnt\n|faint|p2a: Calyrex\n|faint|p2b: Ting-Lu\n|-damage|p1b: Ursaluna|91\/100|[from] item: Life Orb\n|\n|upkeep\n|\n|t:|1737930631\n|switch|p2b: Raging Bolt|Raging Bolt, L50, tera:Electric|100\/100\n|turn|7\n|\n|t:|1737930637\n|move|p1b: Ursaluna|Earth Power|p2b: Raging Bolt\n|-supereffective|p2b: Raging Bolt\n|-damage|p2b: Raging Bolt|0 fnt\n|faint|p2b: Raging Bolt\n|-end|p2b: Raging Bolt|Protosynthesis|[silent]\n|-damage|p1b: Ursaluna|81\/100|[from] item: Life Orb\n|\n|win|Dot1Q\n|raw|Dot1Q's rating: 1581 &rarr; <strong>1602<\/strong><br \/>(+21 for winning)\n|raw|Emirnent's rating: 1590 &rarr; <strong>1569<\/strong><br \/>(-21 for losing)\n|l|\u2606Emirnent\n|player|p2|\n|l|\u2606Dot1Q\n|player|p1|\n|l| Domtar\n","uploadtime":1737930917,"views":15,"formatid":"gen9vgc2025regg","rating":1569,"private":0,"password":null}