{"id":"gen9vgc2025regg-2288238891","format":"[Gen 9] VGC 2025 Reg G","players":["Cammyrupt13","R0gueVGC"],"log":"|j|\u2606Cammyrupt13\n|j|\u2606R0gueVGC\n|t:|1737850360\n|gametype|doubles\n|player|p1|Cammyrupt13|ballguy|1572\n|player|p2|R0gueVGC|ingo|1560\n|teamsize|p1|6\n|teamsize|p2|6\n|gen|9\n|tier|[Gen 9] VGC 2025 Reg G\n|rated|\n|rule|Species Clause: Limit one of each Pok\u00e9mon\n|rule|Item Clause: Limit 1 of each item\n|clearpoke\n|poke|p1|Miraidon, L50|\n|poke|p1|Talonflame, L50, F|\n|poke|p1|Farigiraf, L50, M|\n|poke|p1|Iron Hands, L50|\n|poke|p1|Urshifu-*, L50, F|\n|poke|p1|Torterra, L50, F|\n|poke|p2|Terapagos, L50, M|\n|poke|p2|Tornadus, L50, M|\n|poke|p2|Ogerpon-Cornerstone, L50, F|\n|poke|p2|Chi-Yu, L50|\n|poke|p2|Flutter Mane, L50|\n|poke|p2|Amoonguss, L50, F|\n|teampreview|4\n|inactive|Battle timer is ON: inactive players will automatically lose when time's up. (requested by R0gueVGC)\n|j| takuchyan\n|j| Therazer456\n|inactive|Cammyrupt13 has 60 seconds left.\n|\n|t:|1737850390\n|start\n|switch|p1a: Miraidon|Miraidon, L50|100\/100\n|switch|p1b: Talonflame|Talonflame, L50, F|100\/100\n|switch|p2a: Tornadus|Tornadus, L50, M|100\/100\n|switch|p2b: Ogerpon|Ogerpon-Cornerstone, L50, F|100\/100\n|-fieldstart|move: Electric Terrain|[from] ability: Hadron Engine|[of] p1a: Miraidon\n|turn|1\n|inactive|Cammyrupt13 has 30 seconds left.\n|\n|t:|1737850421\n|move|p1b: Talonflame|Tailwind|p1b: Talonflame\n|-sidestart|p1: Cammyrupt13|move: Tailwind\n|move|p2a: Tornadus|Tailwind|p2a: Tornadus\n|-sidestart|p2: R0gueVGC|move: Tailwind\n|move|p1a: Miraidon|Volt Switch|p2a: Tornadus\n|-supereffective|p2a: Tornadus\n|-damage|p2a: Tornadus|0 fnt\n|faint|p2a: Tornadus\n|\n|t:|1737850428\n|switch|p1a: Iron Hands|Iron Hands, L50, shiny|100\/100|[from] Volt Switch\n|-activate|p1a: Iron Hands|ability: Quark Drive\n|-start|p1a: Iron Hands|quarkdriveatk\n|move|p2b: Ogerpon|Ivy Cudgel|p1b: Talonflame|[anim] Ivy Cudgel Rock\n|-supereffective|p1b: Talonflame\n|-damage|p1b: Talonflame|0 fnt\n|faint|p1b: Talonflame\n|\n|upkeep\n|\n|t:|1737850438\n|switch|p1b: Miraidon|Miraidon, L50|100\/100\n|switch|p2a: Flutter Mane|Flutter Mane, L50|100\/100\n|-activate|p1b: Miraidon|ability: Hadron Engine\n|-enditem|p2a: Flutter Mane|Booster Energy\n|-activate|p2a: Flutter Mane|ability: Protosynthesis|[fromitem]\n|-start|p2a: Flutter Mane|protosynthesisspe\n|turn|2\n|\n|t:|1737850452\n|-terastallize|p1b: Miraidon|Fairy\n|move|p2a: Flutter Mane|Protect|p2a: Flutter Mane\n|-singleturn|p2a: Flutter Mane|Protect\n|move|p2b: Ogerpon|Spiky Shield|p2b: Ogerpon\n|-singleturn|p2b: Ogerpon|move: Protect\n|move|p1b: Miraidon|Volt Switch|p2a: Flutter Mane\n|-activate|p2a: Flutter Mane|move: Protect\n|move|p1a: Iron Hands|Wild Charge|p2a: Flutter Mane\n|-activate|p2a: Flutter Mane|move: Protect\n|\n|upkeep\n|turn|3\n|\n|t:|1737850465\n|move|p2a: Flutter Mane|Icy Wind|p1a: Iron Hands|[spread] p1a,p1b\n|-damage|p1a: Iron Hands|94\/100\n|-damage|p1b: Miraidon|89\/100\n|-unboost|p1a: Iron Hands|spe|1\n|-unboost|p1b: Miraidon|spe|1\n|move|p2b: Ogerpon|Ivy Cudgel|p1b: Miraidon|[anim] Ivy Cudgel Rock\n|-damage|p1b: Miraidon|33\/100\n|move|p1b: Miraidon|Volt Switch|p2a: Flutter Mane\n|-damage|p2a: Flutter Mane|19\/100\n|\n|t:|1737850468\n|switch|p1b: Urshifu|Urshifu-Rapid-Strike, L50, F|100\/100|[from] Volt Switch\n|move|p1a: Iron Hands|Wild Charge|p2a: Flutter Mane\n|-damage|p2a: Flutter Mane|0 fnt\n|faint|p2a: Flutter Mane\n|-end|p2a: Flutter Mane|Protosynthesis|[silent]\n|-damage|p1a: Iron Hands|91\/100|[from] Recoil\n|\n|upkeep\n|\n|t:|1737850471\n|switch|p2a: Terapagos|Terapagos, L50, M|100\/100\n|-activate|p2a: Terapagos|ability: Tera Shift\n|detailschange|p2a: Terapagos|Terapagos-Terastal, L50, M\n|-heal|p2a: Terapagos|100\/100|[silent]\n|turn|4\n|inactive|Cammyrupt13 has 30 seconds left.\n|\n|t:|1737850500\n|move|p2b: Ogerpon|Power Whip|p1b: Urshifu\n|-supereffective|p1b: Urshifu\n|-enditem|p1b: Urshifu|Focus Sash\n|-damage|p1b: Urshifu|1\/100\n|move|p1b: Urshifu|Surging Strikes|p2b: Ogerpon\n|-crit|p2b: Ogerpon\n|-damage|p2b: Ogerpon|73\/100\n|-crit|p2b: Ogerpon\n|-damage|p2b: Ogerpon|44\/100\n|-crit|p2b: Ogerpon\n|-damage|p2b: Ogerpon|15\/100\n|-hitcount|p2b: Ogerpon|3\n|move|p2a: Terapagos|Tera Starstorm|p1a: Iron Hands\n|-damage|p1a: Iron Hands|48\/100\n|move|p1a: Iron Hands|Low Kick|p2b: Ogerpon\n|-supereffective|p2b: Ogerpon\n|-damage|p2b: Ogerpon|0 fnt\n|faint|p2b: Ogerpon\n|\n|-sideend|p1: Cammyrupt13|move: Tailwind\n|-sideend|p2: R0gueVGC|move: Tailwind\n|upkeep\n|turn|5\n|\n|t:|1737850511\n|-terastallize|p2a: Terapagos|Stellar\n|detailschange|p2a: Terapagos|Terapagos-Stellar, L50, M, tera:Stellar\n|-heal|p2a: Terapagos|100\/100|[silent]\n|-ability|p2a: Terapagos|Teraform Zero\n|-fieldend|move: Electric Terrain\n|-end|p1a: Iron Hands|Quark Drive\n|move|p1b: Urshifu|Detect|p1b: Urshifu\n|-singleturn|p1b: Urshifu|Protect\n|move|p2a: Terapagos|Tera Starstorm|p1b: Urshifu|[spread] p1a\n|-activate|p1b: Urshifu|move: Protect\n|-damage|p1a: Iron Hands|21\/100\n|move|p1a: Iron Hands|Close Combat|p2a: Terapagos\n|-supereffective|p2a: Terapagos\n|-damage|p2a: Terapagos|8\/100\n|-unboost|p1a: Iron Hands|def|1\n|-unboost|p1a: Iron Hands|spd|1\n|\n|upkeep\n|turn|6\n|\n|t:|1737850519\n|move|p1b: Urshifu|Close Combat|p2a: Terapagos\n|-supereffective|p2a: Terapagos\n|-damage|p2a: Terapagos|0 fnt\n|-unboost|p1b: Urshifu|def|1\n|-unboost|p1b: Urshifu|spd|1\n|faint|p2a: Terapagos\n|\n|win|Cammyrupt13\n|raw|Cammyrupt13's rating: 1572 &rarr; <strong>1591<\/strong><br \/>(+19 for winning)\n|raw|R0gueVGC's rating: 1560 &rarr; <strong>1541<\/strong><br \/>(-19 for losing)\n|c|\u2606R0gueVGC|why low kick and cc\n|c|\u2606R0gueVGC|on hands\n|c|\u2606Cammyrupt13|wdym?\n|c|\u2606Cammyrupt13|like why those moves?\n|c|\u2606R0gueVGC|yeah why have both\n|c|\u2606Cammyrupt13|Low Kick does a lot to Zam - and in terrain it does silly amounts to CIR\n|c|\u2606Cammyrupt13|Low Kick does little damage to some targets so I like the double fighting\n|c|\u2606Cammyrupt13|I like the CC as it's a nuke in terrain and snipes things\n|c|\u2606R0gueVGC|why not drain punch\n|c|\u2606R0gueVGC|oh yeah\n|c|\u2606Cammyrupt13|Doesn't pick up KO's a lot of the time\n|c|\u2606Cammyrupt13|CC does\n|c|\u2606R0gueVGC|yeah its kinda just a snipe i see\n|c|\u2606Cammyrupt13|yeh pretty much\n|c|\u2606R0gueVGC|nice\n|l|\u2606R0gueVGC\n|player|p2|\n|c|\u2606Cammyrupt13|anyways, gg's bud!\n|l|\u2606Cammyrupt13\n|player|p1|\n","uploadtime":1737850725,"views":10,"formatid":"gen9vgc2025regg","rating":1541,"private":0,"password":null}