{"id":"gen9vgc2025regg-2288388253","format":"[Gen 9] VGC 2025 Reg G","players":["crowz000","mastermind212"],"log":"|j|\u2606crowz000\n|j|\u2606mastermind212\n|t:|1737872014\n|gametype|doubles\n|player|p1|crowz000|265|1596\n|player|p2|mastermind212|2|1659\n|teamsize|p1|6\n|teamsize|p2|6\n|gen|9\n|tier|[Gen 9] VGC 2025 Reg G\n|rated|\n|rule|Species Clause: Limit one of each Pok\u00e9mon\n|rule|Item Clause: Limit 1 of each item\n|clearpoke\n|poke|p1|Terapagos, L50, M|\n|poke|p1|Clefairy, L50, F|\n|poke|p1|Rillaboom, L50, F|\n|poke|p1|Volcarona, L50, M|\n|poke|p1|Sableye, L50, M|\n|poke|p1|Flutter Mane, L50|\n|poke|p2|Kyogre, L50|\n|poke|p2|Tsareena, L50, F|\n|poke|p2|Urshifu-*, L50, F|\n|poke|p2|Tornadus, L50, M|\n|poke|p2|Rillaboom, L50, F|\n|poke|p2|Gholdengo, L50|\n|teampreview|4\n|inactive|Battle timer is ON: inactive players will automatically lose when time's up. (requested by mastermind212)\n|inactive|crowz000 has 60 seconds left.\n|inactive|mastermind212 has 60 seconds left.\n|\n|t:|1737872060\n|start\n|switch|p1a: Rillaboom|Rillaboom, L50, F|100\/100\n|switch|p1b: Sableye|Sableye, L50, M|100\/100\n|switch|p2a: Urshifu|Urshifu-Rapid-Strike, L50, F|100\/100\n|switch|p2b: Kyogre|Kyogre, L50|100\/100\n|-weather|RainDance|[from] ability: Drizzle|[of] p2b: Kyogre\n|-fieldstart|move: Grassy Terrain|[from] ability: Grassy Surge|[of] p1a: Rillaboom\n|turn|1\n|inactive|crowz000 has 30 seconds left.\n|\n|t:|1737872086\n|switch|p2a: Tsareena|Tsareena, L50, F|100\/100\n|-terastallize|p2b: Kyogre|Grass\n|move|p1b: Sableye|Light Screen|p1b: Sableye\n|-sidestart|p1: crowz000|move: Light Screen\n|move|p2b: Kyogre|Water Spout|p1a: Rillaboom|[spread] p1a,p1b\n|-resisted|p1a: Rillaboom\n|-damage|p1a: Rillaboom|70\/100\n|-damage|p1b: Sableye|3\/100\n|-damage|p2b: Kyogre|91\/100|[from] item: Life Orb\n|move|p1a: Rillaboom|Drum Beating|p2a: Tsareena\n|-resisted|p2a: Tsareena\n|-damage|p2a: Tsareena|71\/100\n|-unboost|p2a: Tsareena|spe|1\n|\n|-weather|RainDance|[upkeep]\n|-heal|p2b: Kyogre|97\/100|[from] Grassy Terrain\n|-heal|p1a: Rillaboom|76\/100|[from] Grassy Terrain\n|-heal|p2a: Tsareena|77\/100|[from] Grassy Terrain\n|-heal|p1b: Sableye|9\/100|[from] Grassy Terrain\n|upkeep\n|turn|2\n|inactive|crowz000 has 30 seconds left.\n|inactive|mastermind212 has 30 seconds left.\n|\n|t:|1737872116\n|move|p1b: Sableye|Reflect|p1b: Sableye\n|-sidestart|p1: crowz000|Reflect\n|move|p2b: Kyogre|Water Spout|p1a: Rillaboom|[spread] p1a,p1b\n|-resisted|p1a: Rillaboom\n|-damage|p1a: Rillaboom|44\/100\n|-damage|p1b: Sableye|0 fnt\n|faint|p1b: Sableye\n|-damage|p2b: Kyogre|87\/100|[from] item: Life Orb\n|move|p1a: Rillaboom|U-turn|p2a: Tsareena\n|-supereffective|p2a: Tsareena\n|-damage|p2a: Tsareena|21\/100\n|\n|t:|1737872129\n|switch|p1a: Clefairy|Clefairy, L50, F|100\/100|[from] U-turn\n|move|p2a: Tsareena|Triple Axel|p1a: Clefairy\n|-damage|p1a: Clefairy|97\/100\n|-damage|p1a: Clefairy|89\/100\n|-damage|p1a: Clefairy|77\/100\n|-hitcount|p1a: Clefairy|3\n|\n|-weather|RainDance|[upkeep]\n|-heal|p2b: Kyogre|93\/100|[from] Grassy Terrain\n|-heal|p2a: Tsareena|27\/100|[from] Grassy Terrain\n|-heal|p1a: Clefairy|84\/100|[from] Grassy Terrain\n|upkeep\n|\n|t:|1737872141\n|switch|p1b: Terapagos|Terapagos, L50, M|100\/100\n|-activate|p1b: Terapagos|ability: Tera Shift\n|detailschange|p1b: Terapagos|Terapagos-Terastal, L50, M\n|-heal|p1b: Terapagos|100\/100|[silent]\n|turn|3\n|\n|t:|1737872159\n|-terastallize|p1b: Terapagos|Stellar\n|detailschange|p1b: Terapagos|Terapagos-Stellar, L50, M, tera:Stellar\n|-heal|p1b: Terapagos|100\/100|[silent]\n|-ability|p1b: Terapagos|Teraform Zero\n|-weather|none\n|-fieldend|move: Grassy Terrain\n|move|p1a: Clefairy|Protect|p1a: Clefairy\n|-singleturn|p1a: Clefairy|Protect\n|move|p2b: Kyogre|Water Spout|p1b: Terapagos|[spread] p1b\n|-activate|p1a: Clefairy|move: Protect\n|-damage|p1b: Terapagos|72\/100\n|-damage|p2b: Kyogre|83\/100|[from] item: Life Orb\n|move|p1b: Terapagos|Calm Mind|p1b: Terapagos\n|-boost|p1b: Terapagos|spa|1\n|-boost|p1b: Terapagos|spd|1\n|move|p2a: Tsareena|Taunt|p1b: Terapagos\n|-start|p1b: Terapagos|move: Taunt\n|\n|-heal|p1b: Terapagos|78\/100|[from] item: Leftovers\n|upkeep\n|turn|4\n|inactive|crowz000 has 30 seconds left.\n|inactive|mastermind212 has 30 seconds left.\n|inactive|mastermind212 has 20 seconds left.\n|inactive|mastermind212 has 15 seconds left.\n|inactive|mastermind212 has 10 seconds left.\n|\n|t:|1737872205\n|move|p2b: Kyogre|Water Spout|p1b: Terapagos|[spread] p1a,p1b\n|-damage|p1a: Clefairy|37\/100\n|-damage|p1b: Terapagos|63\/100\n|-damage|p2b: Kyogre|73\/100|[from] item: Life Orb\n|move|p1b: Terapagos|Tera Starstorm|p2b: Kyogre|[spread] p2a,p2b\n|-supereffective|p2b: Kyogre\n|-damage|p2a: Tsareena|0 fnt\n|-damage|p2b: Kyogre|0 fnt\n|faint|p2a: Tsareena\n|faint|p2b: Kyogre\n|move|p1a: Clefairy|Encore|p2: Tsareena|[notarget]\n|-fail|p1a: Clefairy\n|\n|-heal|p1b: Terapagos|70\/100|[from] item: Leftovers\n|upkeep\n|\n|t:|1737872218\n|switch|p2b: Tornadus|Tornadus, L50, M|100\/100\n|switch|p2a: Urshifu|Urshifu-Rapid-Strike, L50, F|100\/100\n|turn|5\n|inactive|mastermind212 has 30 seconds left.\n|\n|t:|1737872243\n|move|p1a: Clefairy|Follow Me|p1a: Clefairy\n|-singleturn|p1a: Clefairy|move: Follow Me\n|move|p2b: Tornadus|Rain Dance|p2b: Tornadus\n|-weather|RainDance\n|move|p2a: Urshifu|Surging Strikes|p1a: Clefairy\n|-crit|p1a: Clefairy\n|-damage|p1a: Clefairy|10\/100\n|-crit|p1a: Clefairy\n|-damage|p1a: Clefairy|0 fnt\n|faint|p1a: Clefairy\n|-hitcount|p1: Clefairy|2\n|move|p1b: Terapagos|Tera Starstorm|p2a: Urshifu|[spread] p2a,p2b\n|-damage|p2a: Urshifu|7\/100\n|-damage|p2b: Tornadus|21\/100\n|\n|-weather|RainDance|[upkeep]\n|-heal|p1b: Terapagos|76\/100|[from] item: Leftovers\n|upkeep\n|\n|t:|1737872256\n|switch|p1a: Rillaboom|Rillaboom, L50, F|44\/100\n|-fieldstart|move: Grassy Terrain|[from] ability: Grassy Surge|[of] p1a: Rillaboom\n|turn|6\n|\n|t:|1737872281\n|move|p2a: Urshifu|Detect|p2a: Urshifu\n|-singleturn|p2a: Urshifu|Protect\n|move|p1a: Rillaboom|Grassy Glide|p2a: Urshifu\n|-activate|p2a: Urshifu|move: Protect\n|move|p2b: Tornadus|Hurricane|p1a: Rillaboom\n|-supereffective|p1a: Rillaboom\n|-damage|p1a: Rillaboom|0 fnt\n|faint|p1a: Rillaboom\n|move|p1b: Terapagos|Tera Starstorm|p2a: Urshifu|[spread] p2b\n|-activate|p2a: Urshifu|move: Protect\n|-damage|p2b: Tornadus|0 fnt\n|faint|p2b: Tornadus\n|\n|-weather|RainDance|[upkeep]\n|-heal|p2a: Urshifu|12\/100|[from] Grassy Terrain\n|-heal|p1b: Terapagos|82\/100|[from] Grassy Terrain\n|-heal|p1b: Terapagos|88\/100|[from] item: Leftovers\n|-end|p1b: Terapagos|move: Taunt\n|upkeep\n|turn|7\n|\n|t:|1737872300\n|move|p2a: Urshifu|Close Combat|p1b: Terapagos\n|-supereffective|p1b: Terapagos\n|-damage|p1b: Terapagos|29\/100\n|-unboost|p2a: Urshifu|def|1\n|-unboost|p2a: Urshifu|spd|1\n|move|p1b: Terapagos|Tera Starstorm|p2a: Urshifu\n|-damage|p2a: Urshifu|0 fnt\n|faint|p2a: Urshifu\n|\n|win|crowz000\n|raw|crowz000's rating: 1596 &rarr; <strong>1620<\/strong><br \/>(+24 for winning)\n|raw|mastermind212's rating: 1659 &rarr; <strong>1635<\/strong><br \/>(-24 for losing)\n|l|\u2606mastermind212\n|player|p2|\n|l|\u2606crowz000\n|player|p1|\n","uploadtime":1737872482,"views":9,"formatid":"gen9vgc2025regg","rating":1620,"private":0,"password":null}