{"id":"gen9vgc2025regg-2288718221","format":"[Gen 9] VGC 2025 Reg G","players":["Pauliet456","fromcanada"],"log":"|j|\u2606Pauliet456\n|j|\u2606fromcanada\n|t:|1737923096\n|gametype|doubles\n|player|p1|Pauliet456|101|1538\n|player|p2|fromcanada|169|1549\n|teamsize|p1|6\n|teamsize|p2|6\n|gen|9\n|tier|[Gen 9] VGC 2025 Reg G\n|rated|\n|rule|Species Clause: Limit one of each Pok\u00e9mon\n|rule|Item Clause: Limit 1 of each item\n|clearpoke\n|poke|p1|Weezing-Galar, L50, F|\n|poke|p1|Dondozo, L50, M|\n|poke|p1|Calyrex-Shadow, L50|\n|poke|p1|Tatsugiri, L50, M|\n|poke|p1|Indeedee-F, L50, F|\n|poke|p1|Iron Hands, L50|\n|poke|p2|Koraidon, L50|\n|poke|p2|Chi-Yu, L50|\n|poke|p2|Flutter Mane, L50|\n|poke|p2|Landorus, L50, M|\n|poke|p2|Amoonguss, L50, M|\n|poke|p2|Tornadus, L50, M|\n|teampreview|4\n|inactive|Battle timer is ON: inactive players will automatically lose when time's up. (requested by fromcanada)\n|inactive|fromcanada has 60 seconds left.\n|\n|t:|1737923135\n|start\n|switch|p1a: Iron Hands|Iron Hands, L50|100\/100\n|switch|p1b: Weezing|Weezing-Galar, L50, F, shiny|100\/100\n|switch|p2a: Tornadus|Tornadus, L50, M|100\/100\n|switch|p2b: Landorus|Landorus, L50, M|100\/100\n|-ability|p1b: Weezing|Neutralizing Gas\n|turn|1\n|inactive|Pauliet456 has 30 seconds left.\n|inactive|Pauliet456 has 20 seconds left.\n|inactive|Pauliet456 has 15 seconds left.\n|inactive|fromcanada has 30 seconds left.\n|\n|t:|1737923179\n|move|p2a: Tornadus|Protect|p2a: Tornadus\n|-singleturn|p2a: Tornadus|Protect\n|move|p2b: Landorus|Protect|p2b: Landorus\n|-singleturn|p2b: Landorus|Protect\n|move|p1a: Iron Hands|Fake Out|p2b: Landorus\n|-activate|p2b: Landorus|move: Protect\n|move|p1b: Weezing|Poison Gas|p2b: Landorus|[spread] \n|-activate|p2a: Tornadus|move: Protect\n|-activate|p2b: Landorus|move: Protect\n|\n|upkeep\n|turn|2\n|\n|t:|1737923200\n|move|p1b: Weezing|Protect|p1b: Weezing\n|-singleturn|p1b: Weezing|Protect\n|move|p2a: Tornadus|Taunt|p1b: Weezing\n|-activate|p1b: Weezing|move: Protect\n|move|p2b: Landorus|Sandsear Storm|p1a: Iron Hands|[spread] p1a\n|-activate|p1b: Weezing|move: Protect\n|-supereffective|p1a: Iron Hands\n|-damage|p1a: Iron Hands|57\/100\n|-status|p1a: Iron Hands|brn\n|-damage|p2b: Landorus|91\/100|[from] item: Life Orb\n|move|p1a: Iron Hands|Ice Punch|p2b: Landorus\n|-supereffective|p2b: Landorus\n|-damage|p2b: Landorus|28\/100\n|\n|-damage|p1a: Iron Hands|51\/100 brn|[from] brn\n|upkeep\n|turn|3\n|inactive|fromcanada has 30 seconds left.\n|inactive|fromcanada has 20 seconds left.\n|\n|t:|1737923240\n|switch|p2b: Amoonguss|Amoonguss, L50, M|100\/100\n|-terastallize|p1b: Weezing|Grass\n|move|p2a: Tornadus|Taunt|p1b: Weezing\n|-start|p1b: Weezing|move: Taunt\n|-enditem|p1b: Weezing|Mental Herb\n|-end|p1b: Weezing|move: Taunt\n|move|p1b: Weezing|Toxic Spikes|p2b: Amoonguss\n|-sidestart|p2: fromcanada|move: Toxic Spikes\n|move|p1a: Iron Hands|Ice Punch|p2b: Amoonguss\n|-supereffective|p2b: Amoonguss\n|-damage|p2b: Amoonguss|78\/100\n|-damage|p1a: Iron Hands|35\/100 brn|[from] item: Rocky Helmet|[of] p2b: Amoonguss\n|\n|-damage|p1a: Iron Hands|29\/100 brn|[from] brn\n|upkeep\n|turn|4\n|\n|t:|1737923264\n|move|p2a: Tornadus|Bleakwind Storm|p1b: Weezing|[spread] p1b\n|-miss|p2a: Tornadus|p1a: Iron Hands\n|-supereffective|p1b: Weezing\n|-damage|p1b: Weezing|19\/100\n|move|p1b: Weezing|Poison Gas|p2a: Tornadus|[spread] p2a,p2b\n|-status|p2a: Tornadus|psn\n|-immune|p2b: Amoonguss\n|move|p1a: Iron Hands|Ice Punch|p2b: Amoonguss\n|-supereffective|p2b: Amoonguss\n|-damage|p2b: Amoonguss|54\/100\n|-damage|p1a: Iron Hands|13\/100 brn|[from] item: Rocky Helmet|[of] p2b: Amoonguss\n|move|p2b: Amoonguss|Clear Smog|p1b: Weezing\n|-supereffective|p1b: Weezing\n|-crit|p1b: Weezing\n|-damage|p1b: Weezing|0 fnt\n|-clearboost|p1b: Weezing\n|faint|p1b: Weezing\n|-end|p1b: Weezing|ability: Neutralizing Gas\n|\n|-damage|p2a: Tornadus|88\/100 psn|[from] psn\n|-damage|p1a: Iron Hands|7\/100 brn|[from] brn\n|upkeep\n|\n|t:|1737923273\n|switch|p1b: Tatsugiri|Tatsugiri, L50, M, shiny|100\/100\n|turn|5\n|\n|t:|1737923286\n|move|p2a: Tornadus|Protect|p2a: Tornadus\n|-singleturn|p2a: Tornadus|Protect\n|move|p2b: Amoonguss|Protect|p2b: Amoonguss\n|-singleturn|p2b: Amoonguss|Protect\n|move|p1b: Tatsugiri|Muddy Water|p2b: Amoonguss|[spread] \n|-activate|p2a: Tornadus|move: Protect\n|-activate|p2b: Amoonguss|move: Protect\n|move|p1a: Iron Hands|Ice Punch|p2b: Amoonguss\n|-activate|p2b: Amoonguss|move: Protect\n|\n|-damage|p2a: Tornadus|76\/100 psn|[from] psn\n|-damage|p1a: Iron Hands|1\/100 brn|[from] brn\n|upkeep\n|turn|6\n|\n|t:|1737923306\n|switch|p2b: Koraidon|Koraidon, L50|100\/100\n|-status|p2b: Koraidon|psn\n|-weather|SunnyDay|[from] ability: Orichalcum Pulse|[of] p2b: Koraidon\n|-activate|p2b: Koraidon|Orichalcum Pulse|[source]\n|move|p2a: Tornadus|Bleakwind Storm|p1a: Iron Hands|[spread] p1a,p1b\n|-damage|p1a: Iron Hands|0 fnt\n|-damage|p1b: Tatsugiri|55\/100\n|faint|p1a: Iron Hands\n|-end|p1a: Iron Hands|Quark Drive|[silent]\n|move|p1b: Tatsugiri|Muddy Water|p2a: Tornadus|[spread] p2a,p2b\n|-resisted|p2b: Koraidon\n|-damage|p2a: Tornadus|53\/100 psn\n|-damage|p2b: Koraidon|92\/100 psn\n|\n|-weather|SunnyDay|[upkeep]\n|-damage|p2b: Koraidon|80\/100 psn|[from] psn\n|-damage|p2a: Tornadus|40\/100 psn|[from] psn\n|upkeep\n|\n|t:|1737923329\n|switch|p1a: Dondozo|Dondozo, L50, M|100\/100\n|-activate|p1b: Tatsugiri|ability: Commander|[of] p1a: Dondozo\n|-boost|p1a: Dondozo|atk|2\n|-boost|p1a: Dondozo|spa|2\n|-boost|p1a: Dondozo|spe|2\n|-boost|p1a: Dondozo|def|2\n|-boost|p1a: Dondozo|spd|2\n|turn|7\n|\n|t:|1737923340\n|move|p2b: Koraidon|Protect|p2b: Koraidon\n|-singleturn|p2b: Koraidon|Protect\n|move|p2a: Tornadus|Taunt|p1a: Dondozo\n|-start|p1a: Dondozo|move: Taunt\n|move|p1a: Dondozo|Order Up|p2b: Koraidon\n|-activate|p2b: Koraidon|move: Protect\n|\n|-weather|SunnyDay|[upkeep]\n|-damage|p2b: Koraidon|68\/100 psn|[from] psn\n|-damage|p2a: Tornadus|28\/100 psn|[from] psn\n|upkeep\n|turn|8\n|j| Flashy101\n|inactive|fromcanada has 30 seconds left.\n|\n|t:|1737923368\n|move|p2a: Tornadus|Tailwind|p2a: Tornadus\n|-sidestart|p2: fromcanada|move: Tailwind\n|move|p2b: Koraidon|Collision Course|p1a: Dondozo\n|-damage|p1a: Dondozo|81\/100\n|move|p1a: Dondozo|Order Up|p2b: Koraidon\n|-supereffective|p2b: Koraidon\n|-damage|p2b: Koraidon|0 fnt\n|faint|p2b: Koraidon\n|-boost|p1a: Dondozo|atk|1\n|\n|-weather|SunnyDay|[upkeep]\n|-heal|p1a: Dondozo|87\/100|[from] item: Leftovers\n|-damage|p2a: Tornadus|16\/100 psn|[from] psn\n|upkeep\n|\n|t:|1737923376\n|switch|p2b: Amoonguss|Amoonguss, L50, M|54\/100\n|-sideend|p2: fromcanada|move: Toxic Spikes|[of] p2b: Amoonguss\n|turn|9\n|inactive|Pauliet456 has 30 seconds left.\n|inactive|Pauliet456 has 20 seconds left.\n|\n|t:|1737923415\n|move|p2a: Tornadus|Protect|p2a: Tornadus\n|-singleturn|p2a: Tornadus|Protect\n|move|p1a: Dondozo|Order Up|p2b: Amoonguss\n|-damage|p2b: Amoonguss|19\/100\n|-boost|p1a: Dondozo|atk|1\n|move|p2b: Amoonguss|Clear Smog|p1a: Dondozo\n|-damage|p1a: Dondozo|79\/100\n|-clearboost|p1a: Dondozo\n|\n|-weather|SunnyDay|[upkeep]\n|-heal|p1a: Dondozo|85\/100|[from] item: Leftovers\n|-damage|p2a: Tornadus|4\/100 psn|[from] psn\n|-end|p1a: Dondozo|move: Taunt\n|upkeep\n|turn|10\n|l| Flashy101\n|\n|t:|1737923435\n|move|p2a: Tornadus|Bleakwind Storm|p1a: Dondozo|[spread] p1a\n|-miss|p2a: Tornadus|p1b: Tatsugiri\n|-damage|p1a: Dondozo|53\/100\n|-unboost|p1a: Dondozo|spe|1\n|move|p2b: Amoonguss|Spore|p1a: Dondozo\n|-status|p1a: Dondozo|slp|[from] move: Spore\n|cant|p1a: Dondozo|slp\n|\n|-weather|none\n|-heal|p1a: Dondozo|59\/100 slp|[from] item: Leftovers\n|-damage|p2a: Tornadus|0 fnt|[from] psn\n|faint|p2a: Tornadus\n|upkeep\n|\n|t:|1737923444\n|switch|p2a: Landorus|Landorus, L50, M|28\/100\n|turn|11\n|\n|t:|1737923452\n|-terastallize|p2a: Landorus|Dark\n|move|p2a: Landorus|Crunch|p1a: Dondozo\n|-damage|p1a: Dondozo|25\/100 slp\n|move|p2b: Amoonguss|Spore|p1b: Tatsugiri|[miss]\n|-miss|p2b: Amoonguss|p1b: Tatsugiri\n|-curestatus|p1a: Dondozo|slp|[msg]\n|move|p1a: Dondozo|Wave Crash|p2a: Landorus\n|-damage|p2a: Landorus|0 fnt\n|faint|p2a: Landorus\n|-damage|p1a: Dondozo|18\/100|[from] Recoil\n|\n|-heal|p1a: Dondozo|24\/100|[from] item: Leftovers\n|-sideend|p2: fromcanada|move: Tailwind\n|upkeep\n|turn|12\n|inactive|Pauliet456 has 30 seconds left.\n|\n|t:|1737923484\n|move|p1a: Dondozo|Protect|p1a: Dondozo\n|-singleturn|p1a: Dondozo|Protect\n|move|p2b: Amoonguss|Spore|p1b: Tatsugiri|[miss]\n|-miss|p2b: Amoonguss|p1b: Tatsugiri\n|\n|-heal|p1a: Dondozo|31\/100|[from] item: Leftovers\n|upkeep\n|turn|13\n|\n|t:|1737923491\n|move|p1a: Dondozo|Order Up|p2b: Amoonguss\n|-damage|p2b: Amoonguss|5\/100\n|-boost|p1a: Dondozo|atk|1\n|move|p2b: Amoonguss|Clear Smog|p1a: Dondozo\n|-damage|p1a: Dondozo|17\/100\n|-clearboost|p1a: Dondozo\n|\n|-heal|p1a: Dondozo|23\/100|[from] item: Leftovers\n|upkeep\n|turn|14\n|c|\u2606Pauliet456|GG\n|-message|fromcanada forfeited.\n|\n|win|Pauliet456\n|raw|Pauliet456's rating: 1538 &rarr; <strong>1559<\/strong><br \/>(+21 for winning)\n|raw|fromcanada's rating: 1549 &rarr; <strong>1528<\/strong><br \/>(-21 for losing)\n|l|\u2606fromcanada\n|player|p2|\n|l|\u2606Pauliet456\n|player|p1|\n","uploadtime":1737923748,"views":8,"formatid":"gen9vgc2025regg","rating":1528,"private":0,"password":null}