{"id":"gen9vgc2025regg-2288719785","format":"[Gen 9] VGC 2025 Reg G","players":["oyo wow","Prometheus756"],"log":"|j|\u2606oyo wow\n|j|\u2606Prometheus756\n|t:|1737923280\n|gametype|doubles\n|player|p1|oyo wow|rosa|1560\n|player|p2|Prometheus756|gentleman-gen4dp|1646\n|teamsize|p1|6\n|teamsize|p2|6\n|gen|9\n|tier|[Gen 9] VGC 2025 Reg G\n|rated|\n|rule|Species Clause: Limit one of each Pok\u00e9mon\n|rule|Item Clause: Limit 1 of each item\n|clearpoke\n|poke|p1|Kyurem-Black, L50|\n|poke|p1|Moltres, L50|\n|poke|p1|Iron Valiant, L50|\n|poke|p1|Whimsicott, L50, F|\n|poke|p1|Landorus, L50, M|\n|poke|p1|Ogerpon-Wellspring, L50, F|\n|poke|p2|Rayquaza, L50|\n|poke|p2|Rillaboom, L50, F|\n|poke|p2|Chien-Pao, L50|\n|poke|p2|Smeargle, L50, F|\n|poke|p2|Amoonguss, L50, M|\n|poke|p2|Muk-Alola, L50, M|\n|teampreview|4\n|inactive|Battle timer is ON: inactive players will automatically lose when time's up. (requested by oyo wow)\n|j| cyndaqwil21\n|l| cyndaqwil21\n|inactive|Prometheus756 has 60 seconds left.\n|\n|t:|1737923323\n|start\n|switch|p1a: Iron Valiant|Iron Valiant, L50, shiny|100\/100\n|switch|p1b: Kyurem|Kyurem-Black, L50, shiny|100\/100\n|switch|p2a: Rayquaza|Rayquaza, L50|100\/100\n|switch|p2b: Smeargle|Smeargle, L50, F|100\/100\n|-ability|p2a: Rayquaza|Air Lock\n|-ability|p1b: Kyurem|Teravolt\n|-enditem|p1a: Iron Valiant|Booster Energy\n|-activate|p1a: Iron Valiant|ability: Quark Drive|[fromitem]\n|-start|p1a: Iron Valiant|quarkdrivespe\n|turn|1\n|\n|t:|1737923334\n|move|p2b: Smeargle|Follow Me|p2b: Smeargle\n|-singleturn|p2b: Smeargle|move: Follow Me\n|move|p1a: Iron Valiant|Taunt|p2b: Smeargle\n|-start|p2b: Smeargle|move: Taunt\n|move|p2a: Rayquaza|Swords Dance|p2a: Rayquaza\n|-boost|p2a: Rayquaza|atk|2\n|move|p1b: Kyurem|Substitute|p1b: Kyurem\n|-start|p1b: Kyurem|Substitute\n|-damage|p1b: Kyurem|76\/100\n|\n|-ability|p2b: Smeargle|Moody|boost\n|-boost|p2b: Smeargle|atk|2\n|-unboost|p2b: Smeargle|def|1\n|upkeep\n|turn|2\n|inactive|Prometheus756 has 30 seconds left.\n|\n|t:|1737923361\n|switch|p2b: Chien-Pao|Chien-Pao, L50|100\/100\n|-ability|p2b: Chien-Pao|Sword of Ruin\n|-terastallize|p1a: Iron Valiant|Ghost\n|-terastallize|p2a: Rayquaza|Normal\n|move|p2a: Rayquaza|Extreme Speed|p1a: Iron Valiant\n|-immune|p1a: Iron Valiant\n|move|p1a: Iron Valiant|Coaching|p1b: Kyurem\n|-boost|p1b: Kyurem|atk|1\n|-boost|p1b: Kyurem|def|1\n|move|p1b: Kyurem|Icicle Spear|p2a: Rayquaza\n|-damage|p2a: Rayquaza|63\/100\n|-damage|p2a: Rayquaza|27\/100\n|-damage|p2a: Rayquaza|0 fnt\n|faint|p2a: Rayquaza\n|-hitcount|p2: Rayquaza|3\n|\n|upkeep\n|\n|t:|1737923378\n|switch|p2a: Smeargle|Smeargle, L50, F|100\/100\n|turn|3\n|\n|t:|1737923397\n|move|p2a: Smeargle|Fake Out|p1b: Kyurem\n|-activate|p1b: Kyurem|move: Substitute|[damage]\n|move|p1a: Iron Valiant|Taunt|p2a: Smeargle\n|-start|p2a: Smeargle|move: Taunt\n|move|p2b: Chien-Pao|Throat Chop|p1a: Iron Valiant\n|-supereffective|p1a: Iron Valiant\n|-damage|p1a: Iron Valiant|0 fnt\n|faint|p1a: Iron Valiant\n|-end|p1a: Iron Valiant|Quark Drive|[silent]\n|move|p1b: Kyurem|Scale Shot|p2b: Chien-Pao\n|-damage|p2b: Chien-Pao|63\/100\n|-damage|p2b: Chien-Pao|28\/100\n|-damage|p2b: Chien-Pao|0 fnt\n|faint|p2b: Chien-Pao\n|-hitcount|p2: Chien-Pao|3\n|-unboost|p1b: Kyurem|def|1\n|-boost|p1b: Kyurem|spe|1\n|\n|-ability|p2a: Smeargle|Moody|boost\n|-boost|p2a: Smeargle|spa|2\n|-unboost|p2a: Smeargle|atk|1\n|upkeep\n|c|\u2606Prometheus756|Ah lol\n|c|\u2606Prometheus756|had to test it\n|inactive|Prometheus756 has 30 seconds left.\n|inactive|Prometheus756 has 20 seconds left.\n|inactive|Prometheus756 has 15 seconds left.\n|c|\u2606Prometheus756|Would be nice if fake out worked through substitute\n|\n|t:|1737923442\n|switch|p2b: Rillaboom|Rillaboom, L50, F|100\/100\n|switch|p1a: Landorus|Landorus, L50, M|100\/100\n|-fieldstart|move: Grassy Terrain|[from] ability: Grassy Surge|[of] p2b: Rillaboom\n|turn|4\n|\n|t:|1737923453\n|move|p2a: Smeargle|Fake Out||[still]\n|-hint|Fake Out only works on your first turn out.\n|-fail|p2a: Smeargle\n|move|p1b: Kyurem|Icicle Spear|p2b: Rillaboom\n|-supereffective|p2b: Rillaboom\n|-damage|p2b: Rillaboom|44\/100\n|-supereffective|p2b: Rillaboom\n|-damage|p2b: Rillaboom|0 fnt\n|faint|p2b: Rillaboom\n|-hitcount|p2: Rillaboom|2\n|move|p1a: Landorus|Earth Power|p2a: Smeargle\n|-enditem|p2a: Smeargle|Focus Sash\n|-damage|p2a: Smeargle|1\/100\n|\n|-heal|p1b: Kyurem|82\/100|[from] Grassy Terrain\n|-heal|p2a: Smeargle|7\/100|[from] Grassy Terrain\n|-ability|p2a: Smeargle|Moody|boost\n|-boost|p2a: Smeargle|spe|2\n|-unboost|p2a: Smeargle|atk|1\n|upkeep\n|turn|5\n|-message|Prometheus756 forfeited.\n|\n|win|oyo wow\n|raw|oyo wow's rating: 1560 &rarr; <strong>1585<\/strong><br \/>(+25 for winning)\n|raw|Prometheus756's rating: 1646 &rarr; <strong>1621<\/strong><br \/>(-25 for losing)\n|l|\u2606Prometheus756\n|player|p2|\n|l|\u2606oyo wow\n|player|p1|\n","uploadtime":1737923606,"views":22,"formatid":"gen9vgc2025regg","rating":1585,"private":0,"password":null}