{"id":"gen9vgc2025regg-2288621843","format":"[Gen 9] VGC 2025 Reg G","players":["Assasinderella","Boomysuck"],"log":"|j|\u2606Assasinderella\n|j|\u2606Boomysuck\n|t:|1737912120\n|gametype|doubles\n|player|p1|Assasinderella|rosa|1632\n|player|p2|Boomysuck|170|1681\n|teamsize|p1|6\n|teamsize|p2|6\n|gen|9\n|tier|[Gen 9] VGC 2025 Reg G\n|rated|\n|rule|Species Clause: Limit one of each Pok\u00e9mon\n|rule|Item Clause: Limit 1 of each item\n|clearpoke\n|poke|p1|Calyrex-Ice, L50|\n|poke|p1|Ogerpon-Cornerstone, L50, F|\n|poke|p1|Chi-Yu, L50|\n|poke|p1|Flutter Mane, L50|\n|poke|p1|Urshifu-*, L50, M|\n|poke|p1|Raging Bolt, L50|\n|poke|p2|Zamazenta-*, L50|\n|poke|p2|Flutter Mane, L50|\n|poke|p2|Rillaboom, L50, F|\n|poke|p2|Latios, L50, M|\n|poke|p2|Tyranitar, L50, M|\n|poke|p2|Landorus, L50, M|\n|teampreview|4\n|inactive|Battle timer is ON: inactive players will automatically lose when time's up. (requested by Assasinderella)\n|\n|t:|1737912224\n|start\n|switch|p1a: Chi-Yu|Chi-Yu, L50|100\/100\n|switch|p1b: Flutter Mane|Flutter Mane, L50|100\/100\n|switch|p2a: Zamazenta|Zamazenta-Crowned, L50|100\/100\n|switch|p2b: Tyranitar|Tyranitar, L50, M|100\/100\n|-ability|p2a: Zamazenta|Dauntless Shield|boost\n|-boost|p2a: Zamazenta|def|1\n|-ability|p1a: Chi-Yu|Beads of Ruin\n|-weather|Sandstorm|[from] ability: Sand Stream|[of] p2b: Tyranitar\n|-enditem|p1b: Flutter Mane|Booster Energy\n|-activate|p1b: Flutter Mane|ability: Protosynthesis|[fromitem]\n|-start|p1b: Flutter Mane|protosynthesisspe\n|turn|1\n|inactive|Assasinderella has 30 seconds left.\n|\n|t:|1737912251\n|move|p2a: Zamazenta|Protect|p2a: Zamazenta\n|-singleturn|p2a: Zamazenta|Protect\n|move|p1a: Chi-Yu|Protect|p1a: Chi-Yu\n|-singleturn|p1a: Chi-Yu|Protect\n|move|p2b: Tyranitar|Protect|p2b: Tyranitar\n|-singleturn|p2b: Tyranitar|Protect\n|move|p1b: Flutter Mane|Moonblast|p2b: Tyranitar\n|-activate|p2b: Tyranitar|move: Protect\n|\n|-weather|Sandstorm|[upkeep]\n|-damage|p1b: Flutter Mane|94\/100|[from] Sandstorm\n|-damage|p1a: Chi-Yu|94\/100|[from] Sandstorm\n|upkeep\n|turn|2\n|inactive|Boomysuck has 30 seconds left.\n|inactive|Boomysuck has 20 seconds left.\n|\n|t:|1737912287\n|move|p1b: Flutter Mane|Icy Wind|p2b: Tyranitar|[spread] p2a,p2b\n|-resisted|p2a: Zamazenta\n|-damage|p2a: Zamazenta|94\/100\n|-damage|p2b: Tyranitar|89\/100\n|-unboost|p2a: Zamazenta|spe|1\n|-unboost|p2b: Tyranitar|spe|1\n|move|p1a: Chi-Yu|Overheat|p2a: Zamazenta\n|-supereffective|p2a: Zamazenta\n|-damage|p2a: Zamazenta|0 fnt\n|-unboost|p1a: Chi-Yu|spa|2\n|faint|p2a: Zamazenta\n|move|p2b: Tyranitar|Rock Slide|p1b: Flutter Mane|[spread] p1a,p1b\n|-supereffective|p1a: Chi-Yu\n|-damage|p1a: Chi-Yu|3\/100\n|-damage|p1b: Flutter Mane|44\/100\n|\n|-weather|Sandstorm|[upkeep]\n|-damage|p1b: Flutter Mane|38\/100|[from] Sandstorm\n|-damage|p1a: Chi-Yu|0 fnt|[from] Sandstorm\n|faint|p1a: Chi-Yu\n|upkeep\n|inactive|Assasinderella has 30 seconds left.\n|inactive|Assasinderella has 20 seconds left.\n|inactive|Assasinderella has 15 seconds left.\n|inactive|Assasinderella has 10 seconds left.\n|inactive|Assasinderella has 5 seconds left.\n|\n|t:|1737912340\n|switch|p2a: Rillaboom|Rillaboom, L50, F|100\/100\n|switch|p1a: Calyrex|Calyrex-Ice, L50|100\/100\n|-ability|p1a: Calyrex|As One\n|-ability|p1a: Calyrex|Unnerve\n|-fieldstart|move: Grassy Terrain|[from] ability: Grassy Surge|[of] p2a: Rillaboom\n|turn|3\n|\n|t:|1737912357\n|move|p1b: Flutter Mane|Protect|p1b: Flutter Mane\n|-singleturn|p1b: Flutter Mane|Protect\n|move|p1a: Calyrex|Protect|p1a: Calyrex\n|-singleturn|p1a: Calyrex|Protect\n|move|p2a: Rillaboom|Fake Out|p1a: Calyrex\n|-activate|p1a: Calyrex|move: Protect\n|move|p2b: Tyranitar|Taunt|p1a: Calyrex\n|-activate|p1a: Calyrex|move: Protect\n|\n|-weather|Sandstorm|[upkeep]\n|-damage|p1b: Flutter Mane|32\/100|[from] Sandstorm\n|-damage|p2a: Rillaboom|94\/100|[from] Sandstorm\n|-damage|p1a: Calyrex|95\/100|[from] Sandstorm\n|-heal|p1b: Flutter Mane|38\/100|[from] Grassy Terrain\n|-heal|p2a: Rillaboom|100\/100|[from] Grassy Terrain\n|-heal|p2b: Tyranitar|95\/100|[from] Grassy Terrain\n|-heal|p1a: Calyrex|100\/100|[from] Grassy Terrain\n|upkeep\n|turn|4\n|inactive|Assasinderella has 30 seconds left.\n|\n|t:|1737912384\n|-terastallize|p2a: Rillaboom|Grass\n|-terastallize|p1a: Calyrex|Poison\n|move|p1b: Flutter Mane|Moonblast|p2b: Tyranitar\n|-supereffective|p2b: Tyranitar\n|-damage|p2b: Tyranitar|32\/100\n|-unboost|p2b: Tyranitar|spa|1\n|move|p2a: Rillaboom|Wood Hammer|p1a: Calyrex\n|-resisted|p1a: Calyrex\n|-damage|p1a: Calyrex|55\/100\n|-damage|p2a: Rillaboom|84\/100|[from] Recoil\n|move|p2b: Tyranitar|Knock Off|p1a: Calyrex\n|-damage|p1a: Calyrex|22\/100\n|-enditem|p1a: Calyrex|Never-Melt Ice|[from] move: Knock Off|[of] p2b: Tyranitar\n|move|p1a: Calyrex|Glacial Lance|p2a: Rillaboom|[spread] p2a,p2b\n|-supereffective|p2a: Rillaboom\n|-damage|p2a: Rillaboom|0 fnt\n|-damage|p2b: Tyranitar|0 fnt\n|faint|p2a: Rillaboom\n|faint|p2b: Tyranitar\n|-ability|p1a: Calyrex|Chilling Neigh|boost\n|-boost|p1a: Calyrex|atk|2\n|\n|-weather|Sandstorm|[upkeep]\n|-damage|p1b: Flutter Mane|32\/100|[from] Sandstorm\n|-damage|p1a: Calyrex|16\/100|[from] Sandstorm\n|-heal|p1b: Flutter Mane|38\/100|[from] Grassy Terrain\n|-heal|p1a: Calyrex|22\/100|[from] Grassy Terrain\n|upkeep\n|\n|t:|1737912402\n|switch|p2b: Landorus|Landorus, L50, M|100\/100\n|turn|5\n|-message|Boomysuck forfeited.\n|\n|win|Assasinderella\n|raw|Assasinderella's rating: 1632 &rarr; <strong>1655<\/strong><br \/>(+23 for winning)\n|raw|Boomysuck's rating: 1681 &rarr; <strong>1658<\/strong><br \/>(-23 for losing)\n|l|\u2606Boomysuck\n|player|p2|\n","uploadtime":1737912669,"views":22,"formatid":"gen9vgc2025regg","rating":1655,"private":0,"password":null}