{"id":"gen9vgc2025regg-2288916936","format":"[Gen 9] VGC 2025 Reg G","players":["TheCheekyMeek","infinitygroudon"],"log":"|j|\u2606TheCheekyMeek\n|j|\u2606infinitygroudon\n|t:|1737947751\n|gametype|doubles\n|player|p1|TheCheekyMeek|1|1625\n|player|p2|infinitygroudon|1|1715\n|teamsize|p1|6\n|teamsize|p2|6\n|gen|9\n|tier|[Gen 9] VGC 2025 Reg G\n|rated|\n|rule|Species Clause: Limit one of each Pok\u00e9mon\n|rule|Item Clause: Limit 1 of each item\n|clearpoke\n|poke|p1|Urshifu-*, L50, F|\n|poke|p1|Roaring Moon, L50|\n|poke|p1|Amoonguss, L50, M|\n|poke|p1|Landorus, L50, M|\n|poke|p1|Calyrex-Ice, L50|\n|poke|p1|Ogerpon-Hearthflame, L50, F|\n|poke|p2|Calyrex-Shadow, L50|\n|poke|p2|Incineroar, L50, M|\n|poke|p2|Weezing-Galar, L50, M|\n|poke|p2|Indeedee-F, L50, F|\n|poke|p2|Iron Valiant, L50|\n|poke|p2|Ursaluna-Bloodmoon, L50, M|\n|teampreview|4\n|inactive|Battle timer is ON: inactive players will automatically lose when time's up. (requested by TheCheekyMeek)\n|inactive|TheCheekyMeek has 60 seconds left.\n|\n|t:|1737947798\n|start\n|switch|p1a: Urshifu|Urshifu-Rapid-Strike, L50, F|100\/100\n|switch|p1b: Roaring Moon|Roaring Moon, L50|100\/100\n|switch|p2a: Mr. Gassy|Weezing-Galar, L50, M|100\/100\n|switch|p2b: Charming|Iron Valiant, L50, shiny|100\/100\n|-ability|p2a: Mr. Gassy|Neutralizing Gas\n|turn|1\n|\n|t:|1737947813\n|-terastallize|p1a: Urshifu|Water\n|move|p1b: Roaring Moon|Protect|p1b: Roaring Moon\n|-singleturn|p1b: Roaring Moon|Protect\n|move|p2b: Charming|Protect|p2b: Charming\n|-singleturn|p2b: Charming|Protect\n|move|p1a: Urshifu|Surging Strikes|p2b: Charming\n|-activate|p2b: Charming|move: Protect\n|move|p2a: Mr. Gassy|Will-O-Wisp|p1a: Urshifu|[miss]\n|-miss|p2a: Mr. Gassy|p1a: Urshifu\n|\n|upkeep\n|turn|2\n|\n|t:|1737947826\n|-end|p2b: Charming|Quark Drive|[silent]\n|switch|p2b: Suthen|Indeedee-F, L50, F|100\/100\n|move|p1b: Roaring Moon|Tailwind|p1b: Roaring Moon\n|-sidestart|p1: TheCheekyMeek|move: Tailwind\n|move|p1a: Urshifu|Surging Strikes|p2b: Suthen\n|-crit|p2b: Suthen\n|-damage|p2b: Suthen|64\/100\n|-damage|p1a: Urshifu|84\/100|[from] item: Rocky Helmet|[of] p2b: Suthen\n|-crit|p2b: Suthen\n|-damage|p2b: Suthen|23\/100\n|-damage|p1a: Urshifu|68\/100|[from] item: Rocky Helmet|[of] p2b: Suthen\n|-crit|p2b: Suthen\n|-damage|p2b: Suthen|0 fnt\n|-damage|p1a: Urshifu|51\/100|[from] item: Rocky Helmet|[of] p2b: Suthen\n|faint|p2b: Suthen\n|-hitcount|p2: Suthen|3\n|move|p2a: Mr. Gassy|Sludge Bomb|p1a: Urshifu\n|-damage|p1a: Urshifu|18\/100\n|\n|upkeep\n|\n|t:|1737947834\n|switch|p2b: Charming|Iron Valiant, L50, shiny|100\/100\n|turn|3\n|\n|t:|1737947854\n|move|p2b: Charming|Protect|p2b: Charming\n|-singleturn|p2b: Charming|Protect\n|move|p1b: Roaring Moon|Acrobatics|p2b: Charming\n|-activate|p2b: Charming|move: Protect\n|move|p1a: Urshifu|Surging Strikes|p2a: Mr. Gassy\n|-crit|p2a: Mr. Gassy\n|-damage|p2a: Mr. Gassy|66\/100\n|-crit|p2a: Mr. Gassy\n|-damage|p2a: Mr. Gassy|34\/100\n|-enditem|p2a: Mr. Gassy|Sitrus Berry|[eat]\n|-heal|p2a: Mr. Gassy|58\/100|[from] item: Sitrus Berry\n|-crit|p2a: Mr. Gassy\n|-damage|p2a: Mr. Gassy|26\/100\n|-hitcount|p2a: Mr. Gassy|3\n|move|p2a: Mr. Gassy|Will-O-Wisp|p1a: Urshifu\n|-status|p1a: Urshifu|brn\n|\n|-damage|p1a: Urshifu|12\/100 brn|[from] brn\n|upkeep\n|turn|4\n|inactive|TheCheekyMeek has 30 seconds left.\n|inactive|TheCheekyMeek has 20 seconds left.\n|\n|t:|1737947890\n|-terastallize|p2b: Charming|Fairy\n|move|p1b: Roaring Moon|Acrobatics|p2b: Charming\n|-damage|p2b: Charming|77\/100\n|move|p1a: Urshifu|Surging Strikes|p2b: Charming\n|-crit|p2b: Charming\n|-damage|p2b: Charming|56\/100\n|-crit|p2b: Charming\n|-damage|p2b: Charming|35\/100\n|-crit|p2b: Charming\n|-damage|p2b: Charming|12\/100\n|-hitcount|p2b: Charming|3\n|move|p2b: Charming|Spirit Break|p1b: Roaring Moon\n|-supereffective|p1b: Roaring Moon\n|-damage|p1b: Roaring Moon|0 fnt\n|faint|p1b: Roaring Moon\n|-end|p1b: Roaring Moon|Protosynthesis|[silent]\n|move|p2a: Mr. Gassy|Sludge Bomb|p1a: Urshifu\n|-damage|p1a: Urshifu|0 fnt\n|faint|p1a: Urshifu\n|\n|upkeep\n|\n|t:|1737947912\n|switch|p1b: Amoonguss|Amoonguss, L50, M|100\/100\n|switch|p1a: Calyrex|Calyrex-Ice, L50|100\/100\n|-ability|p1a: Calyrex|As One\n|-ability|p1a: Calyrex|Unnerve\n|turn|5\n|\n|t:|1737947921\n|move|p2b: Charming|Protect|p2b: Charming\n|-singleturn|p2b: Charming|Protect\n|move|p1b: Amoonguss|Rage Powder|p1b: Amoonguss\n|-singleturn|p1b: Amoonguss|move: Rage Powder\n|move|p2a: Mr. Gassy|Taunt|p1b: Amoonguss\n|-start|p1b: Amoonguss|move: Taunt\n|move|p1a: Calyrex|Trick Room|p1a: Calyrex\n|-fieldstart|move: Trick Room|[of] p1a: Calyrex\n|\n|-sideend|p1: TheCheekyMeek|move: Tailwind\n|upkeep\n|turn|6\n|\n|t:|1737947946\n|-end|p2b: Charming|Quark Drive|[silent]\n|switch|p2b: Duncan|Calyrex-Shadow, L50|100\/100\n|-ability|p2b: Duncan|As One\n|-ability|p2b: Duncan|Unnerve\n|move|p2a: Mr. Gassy|Protect|p2a: Mr. Gassy\n|-singleturn|p2a: Mr. Gassy|Protect\n|move|p1b: Amoonguss|Pollen Puff|p2b: Duncan\n|-damage|p2b: Duncan|82\/100\n|move|p1a: Calyrex|Glacial Lance|p2a: Mr. Gassy|[spread] p2b\n|-activate|p2a: Mr. Gassy|move: Protect\n|-damage|p2b: Duncan|14\/100\n|\n|upkeep\n|turn|7\n|\n|t:|1737947965\n|move|p2b: Duncan|Protect|p2b: Duncan\n|-singleturn|p2b: Duncan|Protect\n|move|p1b: Amoonguss|Pollen Puff|p2a: Mr. Gassy\n|-resisted|p2a: Mr. Gassy\n|-damage|p2a: Mr. Gassy|21\/100\n|move|p2a: Mr. Gassy|Will-O-Wisp|p1a: Calyrex\n|-status|p1a: Calyrex|brn\n|move|p1a: Calyrex|Glacial Lance|p2b: Duncan|[spread] p2a\n|-activate|p2b: Duncan|move: Protect\n|-damage|p2a: Mr. Gassy|0 fnt\n|faint|p2a: Mr. Gassy\n|-end|p2a: Mr. Gassy|ability: Neutralizing Gas\n|-ability|p1a: Calyrex|Chilling Neigh|boost\n|-boost|p1a: Calyrex|atk|1\n|\n|-damage|p1a: Calyrex|94\/100 brn|[from] brn\n|upkeep\n|\n|t:|1737947970\n|switch|p2a: Charming|Iron Valiant, L50, shiny, tera:Fairy|12\/100\n|-enditem|p2a: Charming|Booster Energy\n|-activate|p2a: Charming|ability: Quark Drive|[fromitem]\n|-start|p2a: Charming|quarkdrivespe\n|turn|8\n|\n|t:|1737947989\n|move|p1b: Amoonguss|Pollen Puff|p2b: Duncan\n|-damage|p2b: Duncan|0 fnt\n|faint|p2b: Duncan\n|move|p1a: Calyrex|High Horsepower|p2a: Charming\n|-damage|p2a: Charming|0 fnt\n|faint|p2a: Charming\n|-end|p2a: Charming|Quark Drive|[silent]\n|\n|win|TheCheekyMeek\n|raw|TheCheekyMeek's rating: 1625 &rarr; <strong>1650<\/strong><br \/>(+25 for winning)\n|raw|infinitygroudon's rating: 1715 &rarr; <strong>1690<\/strong><br \/>(-25 for losing)\n|l|\u2606infinitygroudon\n|player|p2|\n|l|\u2606TheCheekyMeek\n|player|p1|\n","uploadtime":1737948239,"views":11,"formatid":"gen9vgc2025regg","rating":1650,"private":0,"password":null}