{"id":"gen9vgc2025regg-2288105044","format":"[Gen 9] VGC 2025 Reg G","players":["GriefersVGC","enbymcgee"],"log":"|j|\u2606GriefersVGC\n|j|\u2606enbymcgee\n|t:|1737833671\n|gametype|doubles\n|player|p1|GriefersVGC|pokemaniac|1564\n|player|p2|enbymcgee|caitlin|1646\n|teamsize|p1|6\n|teamsize|p2|6\n|gen|9\n|tier|[Gen 9] VGC 2025 Reg G\n|rated|\n|rule|Species Clause: Limit one of each Pok\u00e9mon\n|rule|Item Clause: Limit 1 of each item\n|clearpoke\n|poke|p1|Smeargle, L50, F|\n|poke|p1|Calyrex-Ice, L50|\n|poke|p1|Ursaluna-Bloodmoon, L50, M|\n|poke|p1|Torkoal, L50, M|\n|poke|p1|Flutter Mane, L50|\n|poke|p1|Lilligant-Hisui, L50, F|\n|poke|p2|Calyrex-Ice, L50|\n|poke|p2|Raging Bolt, L50|\n|poke|p2|Ogerpon-Cornerstone, L50, F|\n|poke|p2|Landorus, L50, M|\n|poke|p2|Incineroar, L50, F|\n|poke|p2|Suicune, L50|\n|teampreview|4\n|c|\u2606enbymcgee|glhf!\n|c|\u2606GriefersVGC|You too!\n|\n|t:|1737833701\n|start\n|switch|p1a: Harold|Smeargle, L50, F, shiny|100\/100\n|switch|p1b: Kumar|Calyrex-Ice, L50|100\/100\n|switch|p2a: Calyrex|Calyrex-Ice, L50|100\/100\n|switch|p2b: Suicune|Suicune, L50|100\/100\n|-ability|p2a: Calyrex|As One\n|-ability|p2a: Calyrex|Unnerve\n|-ability|p1b: Kumar|As One\n|-ability|p1b: Kumar|Unnerve\n|turn|1\n|\n|t:|1737833717\n|move|p1b: Kumar|Protect|p1b: Kumar\n|-singleturn|p1b: Kumar|Protect\n|move|p1a: Harold|Spore|p2a: Calyrex\n|-status|p2a: Calyrex|slp|[from] move: Spore\n|move|p2b: Suicune|Icy Wind|p1a: Harold|[spread] p1a\n|-activate|p1b: Kumar|move: Protect\n|-damage|p1a: Harold|78\/100\n|-unboost|p1a: Harold|spe|1\n|cant|p2a: Calyrex|slp\n|\n|-ability|p1a: Harold|Moody|boost\n|-boost|p1a: Harold|spa|2\n|-unboost|p1a: Harold|spd|1\n|upkeep\n|turn|2\n|\n|t:|1737833734\n|switch|p2b: Incineroar|Incineroar, L50, F|100\/100\n|-ability|p2b: Incineroar|Intimidate|boost\n|-unboost|p1a: Harold|atk|1\n|-fail|p1b: Kumar|unboost|[from] item: Clear Amulet|[of] p1b: Kumar\n|move|p1a: Harold|Spore|p2b: Incineroar\n|-activate|p2b: Incineroar|item: Safety Goggles|Spore\n|cant|p2a: Calyrex|slp\n|move|p1b: Kumar|Trick Room|p1b: Kumar\n|-fieldstart|move: Trick Room|[of] p1b: Kumar\n|\n|-ability|p1a: Harold|Moody|boost\n|-boost|p1a: Harold|spd|2\n|-unboost|p1a: Harold|def|1\n|upkeep\n|turn|3\n|\n|t:|1737833757\n|switch|p1a: R u ready?|Ursaluna-Bloodmoon, L50, M|100\/100\n|move|p1b: Kumar|Protect|p1b: Kumar\n|-singleturn|p1b: Kumar|Protect\n|move|p2b: Incineroar|Fake Out|p1a: R u ready?\n|-damage|p1a: R u ready?|93\/100\n|cant|p2a: Calyrex|slp\n|\n|upkeep\n|turn|4\n|\n|t:|1737833784\n|-terastallize|p1a: R u ready?|Normal\n|-curestatus|p2a: Calyrex|slp|[msg]\n|move|p2a: Calyrex|Protect|p2a: Calyrex\n|-singleturn|p2a: Calyrex|Protect\n|move|p1b: Kumar|Glacial Lance|p2a: Calyrex|[spread] p2b\n|-activate|p2a: Calyrex|move: Protect\n|-resisted|p2b: Incineroar\n|-damage|p2b: Incineroar|71\/100\n|move|p1a: R u ready?|Earth Power|p2b: Incineroar\n|-supereffective|p2b: Incineroar\n|-damage|p2b: Incineroar|0 fnt\n|faint|p2b: Incineroar\n|-damage|p1a: R u ready?|83\/100|[from] item: Life Orb\n|\n|upkeep\n|\n|t:|1737833796\n|switch|p2b: Ogerpon|Ogerpon-Cornerstone, L50, F|100\/100\n|turn|5\n|\n|t:|1737833810\n|move|p2b: Ogerpon|Spiky Shield|p2b: Ogerpon\n|-singleturn|p2b: Ogerpon|move: Protect\n|move|p1b: Kumar|Glacial Lance|p2a: Calyrex|[spread] p2a\n|-activate|p2b: Ogerpon|move: Protect\n|-resisted|p2a: Calyrex\n|-damage|p2a: Calyrex|82\/100\n|move|p1a: R u ready?|Earth Power|p2b: Ogerpon\n|-activate|p2b: Ogerpon|move: Protect\n|move|p2a: Calyrex|Glacial Lance|p1a: R u ready?|[spread] p1a,p1b\n|-resisted|p1b: Kumar\n|-damage|p1a: R u ready?|44\/100\n|-damage|p1b: Kumar|83\/100\n|\n|upkeep\n|turn|6\n|\n|t:|1737833827\n|switch|p2b: Suicune|Suicune, L50|100\/100\n|move|p2a: Calyrex|Protect|p2a: Calyrex\n|-singleturn|p2a: Calyrex|Protect\n|move|p1b: Kumar|Glacial Lance|p2a: Calyrex|[spread] p2b\n|-activate|p2a: Calyrex|move: Protect\n|-resisted|p2b: Suicune\n|-damage|p2b: Suicune|79\/100\n|move|p1a: R u ready?|Earth Power|p2b: Suicune\n|-damage|p2b: Suicune|44\/100\n|-unboost|p2b: Suicune|spd|1\n|-damage|p1a: R u ready?|34\/100|[from] item: Life Orb\n|\n|-fieldend|move: Trick Room\n|upkeep\n|turn|7\n|\n|t:|1737833857\n|move|p1a: R u ready?|Protect|p1a: R u ready?\n|-singleturn|p1a: R u ready?|Protect\n|move|p2b: Suicune|Scald|p1b: Kumar\n|-damage|p1b: Kumar|61\/100\n|move|p2a: Calyrex|Trick Room|p2a: Calyrex\n|-fieldstart|move: Trick Room|[of] p2a: Calyrex\n|move|p1b: Kumar|Trick Room|p1b: Kumar\n|-fieldend|move: Trick Room\n|\n|upkeep\n|turn|8\n|\n|t:|1737833881\n|move|p2b: Suicune|Snarl|p1b: Kumar|[spread] p1a,p1b\n|-supereffective|p1b: Kumar\n|-damage|p1a: R u ready?|21\/100\n|-damage|p1b: Kumar|46\/100\n|-unboost|p1a: R u ready?|spa|1\n|move|p2a: Calyrex|Glacial Lance|p1b: Kumar|[spread] p1a,p1b\n|-crit|p1a: R u ready?\n|-resisted|p1b: Kumar\n|-damage|p1a: R u ready?|0 fnt\n|-damage|p1b: Kumar|29\/100\n|faint|p1a: R u ready?\n|-ability|p2a: Calyrex|Chilling Neigh|boost\n|-boost|p2a: Calyrex|atk|1\n|move|p1b: Kumar|Trick Room|p1b: Kumar\n|-fieldstart|move: Trick Room|[of] p1b: Kumar\n|\n|upkeep\n|\n|t:|1737833884\n|switch|p1a: Jeff|Torkoal, L50, M, shiny|100\/100\n|-weather|SunnyDay|[from] ability: Drought|[of] p1a: Jeff\n|turn|9\n|\n|t:|1737833921\n|-terastallize|p2a: Calyrex|Water\n|move|p1a: Jeff|Eruption|p2a: Calyrex|[spread] p2a,p2b\n|-resisted|p2a: Calyrex\n|-resisted|p2b: Suicune\n|-damage|p2a: Calyrex|53\/100\n|-damage|p2b: Suicune|15\/100\n|move|p1b: Kumar|Glacial Lance|p2b: Suicune|[spread] p2a,p2b\n|-resisted|p2a: Calyrex\n|-resisted|p2b: Suicune\n|-damage|p2a: Calyrex|33\/100\n|-damage|p2b: Suicune|0 fnt\n|faint|p2b: Suicune\n|-ability|p1b: Kumar|Chilling Neigh|boost\n|-boost|p1b: Kumar|atk|1\n|move|p2a: Calyrex|High Horsepower|p1a: Jeff\n|-supereffective|p1a: Jeff\n|-damage|p1a: Jeff|1\/100\n|\n|-weather|SunnyDay|[upkeep]\n|upkeep\n|\n|t:|1737833935\n|switch|p2b: Ogerpon|Ogerpon-Cornerstone, L50, F|100\/100\n|turn|10\n|c|\u2606enbymcgee|gg\n|c|\u2606enbymcgee|should have used trick room instead\n|-message|enbymcgee forfeited.\n|\n|win|GriefersVGC\n|raw|GriefersVGC's rating: 1564 &rarr; <strong>1589<\/strong><br \/>(+25 for winning)\n|raw|enbymcgee's rating: 1646 &rarr; <strong>1621<\/strong><br \/>(-25 for losing)\n|l|\u2606enbymcgee\n|player|p2|\n|l|\u2606GriefersVGC\n|player|p1|\n","uploadtime":1737834167,"views":11,"formatid":"gen9vgc2025regg","rating":1589,"private":0,"password":null}