{"id":"gen9vgc2025regg-2288519400","format":"[Gen 9] VGC 2025 Reg G","players":["suffyrin","searows"],"log":"|j|\u2606suffyrin\n|j|\u2606searows\n|t:|1737898354\n|gametype|doubles\n|player|p1|suffyrin|101|1561\n|player|p2|searows|miku-water|1529\n|teamsize|p1|6\n|teamsize|p2|6\n|gen|9\n|tier|[Gen 9] VGC 2025 Reg G\n|rated|\n|rule|Species Clause: Limit one of each Pok\u00e9mon\n|rule|Item Clause: Limit 1 of each item\n|clearpoke\n|poke|p1|Terapagos, L50, M|\n|poke|p1|Smeargle, L50, F|\n|poke|p1|Tornadus, L50, M|\n|poke|p1|Ogerpon-Hearthflame, L50, F|\n|poke|p1|Dondozo, L50, F|\n|poke|p1|Tatsugiri-Stretchy, L50, F|\n|poke|p2|Kyogre, L50|\n|poke|p2|Amoonguss, L50, M|\n|poke|p2|Rillaboom, L50, F|\n|poke|p2|Incineroar, L50, F|\n|poke|p2|Urshifu-*, L50, F|\n|poke|p2|Grimmsnarl, L50, M|\n|teampreview|4\n|\n|t:|1737898386\n|start\n|switch|p1a: Terapagos|Terapagos, L50, M|100\/100\n|switch|p1b: Smeargle|Smeargle, L50, F|100\/100\n|switch|p2a: Grimmsnarl|Grimmsnarl, L50, M|100\/100\n|switch|p2b: Kyogre|Kyogre, L50|100\/100\n|-activate|p1a: Terapagos|ability: Tera Shift\n|detailschange|p1a: Terapagos|Terapagos-Terastal, L50, M\n|-heal|p1a: Terapagos|100\/100|[silent]\n|-weather|RainDance|[from] ability: Drizzle|[of] p2b: Kyogre\n|turn|1\n|\n|t:|1737898408\n|move|p1b: Smeargle|Fake Out|p2a: Grimmsnarl\n|-damage|p2a: Grimmsnarl|94\/100\n|cant|p2a: Grimmsnarl|flinch\n|move|p1a: Terapagos|Tera Starstorm|p2b: Kyogre\n|-damage|p2b: Kyogre|49\/100\n|move|p2b: Kyogre|Origin Pulse|p1a: Terapagos|[spread] p1a,p1b\n|-activate|p1a: Terapagos|ability: Tera Shell\n|-resisted|p1a: Terapagos\n|-damage|p1a: Terapagos|67\/100\n|-enditem|p1b: Smeargle|Focus Sash\n|-damage|p1b: Smeargle|1\/100\n|\n|-weather|RainDance|[upkeep]\n|-heal|p2b: Kyogre|55\/100|[from] item: Leftovers\n|-ability|p1b: Smeargle|Moody|boost\n|-boost|p1b: Smeargle|spd|2\n|-unboost|p1b: Smeargle|def|1\n|upkeep\n|turn|2\n|\n|t:|1737898434\n|switch|p1b: Tornadus|Tornadus, L50, M|100\/100\n|-terastallize|p1a: Terapagos|Stellar\n|detailschange|p1a: Terapagos|Terapagos-Stellar, L50, M, tera:Stellar\n|-heal|p1a: Terapagos|76\/100|[silent]\n|-ability|p1a: Terapagos|Teraform Zero\n|-weather|none\n|move|p2a: Grimmsnarl|Light Screen|p2a: Grimmsnarl\n|-sidestart|p2: searows|move: Light Screen\n|move|p1a: Terapagos|Tera Starstorm|p2b: Kyogre|[spread] p2a,p2b\n|-damage|p2a: Grimmsnarl|66\/100\n|-damage|p2b: Kyogre|29\/100\n|move|p2b: Kyogre|Calm Mind|p2b: Kyogre\n|-boost|p2b: Kyogre|spa|1\n|-boost|p2b: Kyogre|spd|1\n|\n|-heal|p2b: Kyogre|34\/100|[from] item: Leftovers\n|upkeep\n|turn|3\n|\n|t:|1737898458\n|switch|p1b: Ogerpon|Ogerpon-Hearthflame, L50, F|100\/100\n|-ability|p1b: Ogerpon|Mold Breaker\n|move|p2a: Grimmsnarl|Thunder Wave|p1a: Terapagos\n|-status|p1a: Terapagos|par\n|move|p2b: Kyogre|Origin Pulse|p1b: Ogerpon|[spread] p1a,p1b\n|-damage|p1a: Terapagos|30\/100 par\n|-damage|p1b: Ogerpon|17\/100\n|move|p1a: Terapagos|Tera Starstorm|p2b: Kyogre|[spread] p2a,p2b\n|-damage|p2a: Grimmsnarl|36\/100\n|-damage|p2b: Kyogre|19\/100\n|\n|-heal|p2b: Kyogre|25\/100|[from] item: Leftovers\n|upkeep\n|turn|4\n|\n|t:|1737898483\n|switch|p1a: Smeargle|Smeargle, L50, F|1\/100\n|move|p1b: Ogerpon|Spiky Shield|p1b: Ogerpon\n|-singleturn|p1b: Ogerpon|move: Protect\n|move|p2a: Grimmsnarl|Thunder Wave|p1b: Ogerpon\n|-activate|p1b: Ogerpon|move: Protect\n|move|p2b: Kyogre|Origin Pulse|p1b: Ogerpon|[spread] \n|-activate|p1b: Ogerpon|move: Protect\n|-miss|p2b: Kyogre|p1a: Smeargle\n|\n|-heal|p2b: Kyogre|31\/100|[from] item: Leftovers\n|-ability|p1a: Smeargle|Moody|boost\n|-boost|p1a: Smeargle|atk|2\n|-unboost|p1a: Smeargle|spe|1\n|upkeep\n|turn|5\n|\n|t:|1737898498\n|move|p2b: Kyogre|Protect|p2b: Kyogre\n|-singleturn|p2b: Kyogre|Protect\n|move|p1a: Smeargle|Fake Out|p2a: Grimmsnarl\n|-damage|p2a: Grimmsnarl|25\/100\n|cant|p2a: Grimmsnarl|flinch\n|move|p1b: Ogerpon|Ivy Cudgel|p2a: Grimmsnarl|[anim] Ivy Cudgel Fire\n|-damage|p2a: Grimmsnarl|0 fnt\n|faint|p2a: Grimmsnarl\n|\n|-heal|p2b: Kyogre|37\/100|[from] item: Leftovers\n|-ability|p1a: Smeargle|Moody|boost\n|-boost|p1a: Smeargle|def|2\n|-unboost|p1a: Smeargle|spd|1\n|upkeep\n|\n|t:|1737898506\n|switch|p2a: Incineroar|Incineroar, L50, F|100\/100\n|-ability|p2a: Incineroar|Intimidate|boost\n|-unboost|p1a: Smeargle|atk|1\n|-unboost|p1b: Ogerpon|atk|1\n|turn|6\n|\n|t:|1737898520\n|switch|p1a: Tornadus|Tornadus, L50, M|100\/100\n|move|p1b: Ogerpon|Spiky Shield|p1b: Ogerpon\n|-singleturn|p1b: Ogerpon|move: Protect\n|move|p2a: Incineroar|Fake Out|p1a: Tornadus\n|-damage|p1a: Tornadus|87\/100\n|-damage|p2a: Incineroar|84\/100|[from] item: Rocky Helmet|[of] p1a: Tornadus\n|move|p2b: Kyogre|Calm Mind|p2b: Kyogre\n|-boost|p2b: Kyogre|spa|1\n|-boost|p2b: Kyogre|spd|1\n|\n|-heal|p2b: Kyogre|43\/100|[from] item: Leftovers\n|upkeep\n|turn|7\n|inactive|Battle timer is ON: inactive players will automatically lose when time's up. (requested by searows)\n|\n|t:|1737898541\n|move|p2b: Kyogre|Protect|p2b: Kyogre\n|-singleturn|p2b: Kyogre|Protect\n|move|p1a: Tornadus|Tailwind|p1a: Tornadus\n|-sidestart|p1: suffyrin|move: Tailwind\n|move|p1b: Ogerpon|Wood Hammer|p2b: Kyogre\n|-activate|p2b: Kyogre|move: Protect\n|move|p2a: Incineroar|Knock Off|p1b: Ogerpon\n|-damage|p1b: Ogerpon|0 fnt\n|faint|p1b: Ogerpon\n|\n|-heal|p2b: Kyogre|48\/100|[from] item: Leftovers\n|upkeep\n|-message|suffyrin forfeited.\n|\n|win|searows\n|raw|suffyrin's rating: 1561 &rarr; <strong>1539<\/strong><br \/>(-22 for losing)\n|raw|searows's rating: 1529 &rarr; <strong>1551<\/strong><br \/>(+22 for winning)\n|l|\u2606suffyrin\n|player|p1|\n|l|\u2606searows\n|player|p2|\n","uploadtime":1737898753,"views":4,"formatid":"gen9vgc2025regg","rating":1539,"private":0,"password":null}