{"id":"gen9vgc2025regg-2288966494","format":"[Gen 9] VGC 2025 Reg G","players":["wonder gawd","Prometheus756"],"log":"|j|\u2606wonder gawd\n|j|\u2606Prometheus756\n|t:|1737955187\n|gametype|doubles\n|player|p1|wonder gawd|265|1633\n|player|p2|Prometheus756|gentleman-gen4dp|1611\n|teamsize|p1|6\n|teamsize|p2|6\n|gen|9\n|tier|[Gen 9] VGC 2025 Reg G\n|rated|\n|rule|Species Clause: Limit one of each Pok\u00e9mon\n|rule|Item Clause: Limit 1 of each item\n|clearpoke\n|poke|p1|Urshifu-*, L50, M|\n|poke|p1|Whimsicott, L50, M|\n|poke|p1|Landorus, L50, M|\n|poke|p1|Miraidon, L50|\n|poke|p1|Farigiraf, L50, F|\n|poke|p1|Iron Hands, L50|\n|poke|p2|Roaring Moon, L50|\n|poke|p2|Miraidon, L50|\n|poke|p2|Whimsicott, L50, F|\n|poke|p2|Dondozo, L50, M|\n|poke|p2|Tatsugiri, L50, M|\n|poke|p2|Entei, L50|\n|teampreview|4\n|inactive|Battle timer is ON: inactive players will automatically lose when time's up. (requested by wonder gawd)\n|inactive|wonder gawd has 60 seconds left.\n|\n|t:|1737955229\n|start\n|switch|p1a: Whimsicott|Whimsicott, L50, M, shiny|100\/100\n|switch|p1b: Miraidon|Miraidon, L50|100\/100\n|switch|p2a: Miraidon|Miraidon, L50|100\/100\n|switch|p2b: Whimsicott|Whimsicott, L50, F|100\/100\n|-fieldstart|move: Electric Terrain|[from] ability: Hadron Engine|[of] p2a: Miraidon\n|-activate|p1b: Miraidon|ability: Hadron Engine\n|turn|1\n|j| sizuma02\n|inactive|Prometheus756 has 30 seconds left.\n|\n|t:|1737955262\n|-terastallize|p2a: Miraidon|Fairy\n|-terastallize|p1b: Miraidon|Fairy\n|move|p1a: Whimsicott|Tailwind|p1a: Whimsicott\n|-sidestart|p1: wonder gawd|move: Tailwind\n|move|p2b: Whimsicott|Tailwind|p2b: Whimsicott\n|-sidestart|p2: Prometheus756|move: Tailwind\n|move|p2a: Miraidon|Dazzling Gleam|p1b: Miraidon|[spread] p1a,p1b\n|-damage|p1a: Whimsicott|48\/100\n|-damage|p1b: Miraidon|62\/100\n|move|p1b: Miraidon|Dazzling Gleam|p2a: Miraidon|[spread] p2a,p2b\n|-damage|p2a: Miraidon|37\/100\n|-damage|p2b: Whimsicott|6\/100\n|\n|upkeep\n|turn|2\n|inactive|Prometheus756 has 30 seconds left.\n|\n|t:|1737955292\n|move|p1a: Whimsicott|Light Screen|p1a: Whimsicott\n|-sidestart|p1: wonder gawd|move: Light Screen\n|move|p2b: Whimsicott|Encore|p1a: Whimsicott\n|-start|p1a: Whimsicott|Encore\n|move|p2a: Miraidon|Electro Drift|p1b: Miraidon\n|-damage|p1b: Miraidon|10\/100\n|move|p1b: Miraidon|Dazzling Gleam|p2b: Whimsicott|[spread] p2a,p2b\n|-damage|p2a: Miraidon|0 fnt\n|-damage|p2b: Whimsicott|0 fnt\n|faint|p2a: Miraidon\n|faint|p2b: Whimsicott\n|\n|upkeep\n|\n|t:|1737955300\n|switch|p2a: Entei|Entei, L50|100\/100\n|switch|p2b: Roaring Moon|Roaring Moon, L50|100\/100\n|-enditem|p2b: Roaring Moon|Booster Energy\n|-activate|p2b: Roaring Moon|ability: Protosynthesis|[fromitem]\n|-start|p2b: Roaring Moon|protosynthesisatk\n|turn|3\n|\n|t:|1737955319\n|move|p2a: Entei|Extreme Speed|p1b: Miraidon\n|-damage|p1b: Miraidon|0 fnt\n|faint|p1b: Miraidon\n|move|p1a: Whimsicott|Light Screen||[still]\n|-fail|p1a: Whimsicott\n|move|p2b: Roaring Moon|Acrobatics|p1a: Whimsicott\n|-supereffective|p1a: Whimsicott\n|-damage|p1a: Whimsicott|0 fnt\n|faint|p1a: Whimsicott\n|\n|upkeep\n|\n|t:|1737955325\n|switch|p1a: Landorus|Landorus, L50, M|100\/100\n|switch|p1b: Urshifu|Urshifu, L50, M|100\/100\n|turn|4\n|l| sizuma02\n|\n|t:|1737955344\n|move|p2a: Entei|Extreme Speed|p1b: Urshifu\n|-damage|p1b: Urshifu|61\/100\n|move|p1b: Urshifu|Sucker Punch|p2b: Roaring Moon\n|-resisted|p2b: Roaring Moon\n|-damage|p2b: Roaring Moon|64\/100\n|move|p2b: Roaring Moon|Acrobatics|p1b: Urshifu\n|-supereffective|p1b: Urshifu\n|-damage|p1b: Urshifu|0 fnt\n|faint|p1b: Urshifu\n|move|p1a: Landorus|Earth Power|p2a: Entei\n|-supereffective|p2a: Entei\n|-damage|p2a: Entei|0 fnt\n|faint|p2a: Entei\n|\n|-sideend|p2: Prometheus756|move: Tailwind\n|-sideend|p1: wonder gawd|move: Tailwind\n|upkeep\n|turn|5\n|inactive|Prometheus756 has 30 seconds left.\n|\n|t:|1737955374\n|move|p2b: Roaring Moon|Knock Off|p1a: Landorus\n|-damage|p1a: Landorus|24\/100\n|-enditem|p1a: Landorus|Life Orb|[from] move: Knock Off|[of] p2b: Roaring Moon\n|move|p1a: Landorus|Sandsear Storm|p2b: Roaring Moon\n|-damage|p2b: Roaring Moon|0 fnt\n|faint|p2b: Roaring Moon\n|-end|p2b: Roaring Moon|Protosynthesis|[silent]\n|\n|win|wonder gawd\n|raw|wonder gawd's rating: 1633 &rarr; <strong>1652<\/strong><br \/>(+19 for winning)\n|raw|Prometheus756's rating: 1611 &rarr; <strong>1592<\/strong><br \/>(-19 for losing)\n|l|\u2606Prometheus756\n|player|p2|\n|l|\u2606wonder gawd\n|player|p1|\n","uploadtime":1737955535,"views":15,"formatid":"gen9vgc2025regg","rating":1592,"private":0,"password":null}