{"id":"gen9vgc2025regg-2288298944","format":"[Gen 9] VGC 2025 Reg G","players":["Tritan11","Aguss_deluxe"],"log":"|j|\u2606Tritan11\n|j|\u2606Aguss_deluxe\n|t:|1737858428\n|gametype|doubles\n|player|p1|Tritan11|265|1583\n|player|p2|Aguss_deluxe|winona|1541\n|teamsize|p1|6\n|teamsize|p2|6\n|gen|9\n|tier|[Gen 9] VGC 2025 Reg G\n|rated|\n|rule|Species Clause: Limit one of each Pok\u00e9mon\n|rule|Item Clause: Limit 1 of each item\n|clearpoke\n|poke|p1|Lunala, L50|\n|poke|p1|Indeedee-F, L50, F|\n|poke|p1|Incineroar, L50, F|\n|poke|p1|Urshifu-*, L50, M|\n|poke|p1|Roaring Moon, L50|\n|poke|p1|Ogerpon-Cornerstone, L50, F|\n|poke|p2|Zamazenta-*, L50|\n|poke|p2|Rillaboom, L50, M|\n|poke|p2|Flutter Mane, L50|\n|poke|p2|Ogerpon-Hearthflame, L50, F|\n|poke|p2|Chien-Pao, L50|\n|poke|p2|Arcanine-Hisui, L50, F|\n|teampreview|4\n|inactive|Battle timer is ON: inactive players will automatically lose when time's up. (requested by Tritan11)\n|inactive|Tritan11 has 60 seconds left.\n|\n|t:|1737858473\n|start\n|switch|p1a: Roaring Moon|Roaring Moon, L50|100\/100\n|switch|p1b: Incineroar|Incineroar, L50, F|100\/100\n|switch|p2a: Flutter Mane|Flutter Mane, L50|100\/100\n|switch|p2b: Arcanine|Arcanine-Hisui, L50, F|100\/100\n|-ability|p2b: Arcanine|Intimidate|boost\n|-unboost|p1a: Roaring Moon|atk|1\n|-unboost|p1b: Incineroar|atk|1\n|-ability|p1b: Incineroar|Intimidate|boost\n|-unboost|p2a: Flutter Mane|atk|1\n|-unboost|p2b: Arcanine|atk|1\n|-enditem|p1a: Roaring Moon|Booster Energy\n|-activate|p1a: Roaring Moon|ability: Protosynthesis|[fromitem]\n|-start|p1a: Roaring Moon|protosynthesisspe\n|-enditem|p2a: Flutter Mane|Booster Energy\n|-activate|p2a: Flutter Mane|ability: Protosynthesis|[fromitem]\n|-start|p2a: Flutter Mane|protosynthesisspe\n|turn|1\n|inactive|Tritan11 has 30 seconds left.\n|inactive|Tritan11 has 20 seconds left.\n|inactive|Tritan11 has 15 seconds left.\n|inactive|Tritan11 has 10 seconds left.\n|\n|t:|1737858519\n|-terastallize|p2b: Arcanine|Ghost\n|move|p1b: Incineroar|Fake Out|p2b: Arcanine\n|-immune|p2b: Arcanine\n|move|p2a: Flutter Mane|Moonblast|p1a: Roaring Moon\n|-supereffective|p1a: Roaring Moon\n|-damage|p1a: Roaring Moon|0 fnt\n|faint|p1a: Roaring Moon\n|-end|p1a: Roaring Moon|Protosynthesis|[silent]\n|move|p2b: Arcanine|Rock Slide|p1b: Incineroar\n|-supereffective|p1b: Incineroar\n|-damage|p1b: Incineroar|22\/100\n|\n|upkeep\n|\n|t:|1737858527\n|switch|p1a: Indeedee|Indeedee-F, L50, F|100\/100\n|-fieldstart|move: Psychic Terrain|[from] ability: Psychic Surge|[of] p1a: Indeedee\n|turn|2\n|\n|t:|1737858535\n|move|p2a: Flutter Mane|Moonblast|p1a: Indeedee\n|-damage|p1a: Indeedee|63\/100\n|move|p2b: Arcanine|Rock Slide|p1b: Incineroar|[spread] p1a\n|-miss|p2b: Arcanine|p1b: Incineroar\n|-damage|p1a: Indeedee|28\/100\n|move|p1b: Incineroar|U-turn|p2a: Flutter Mane\n|-resisted|p2a: Flutter Mane\n|-damage|p2a: Flutter Mane|95\/100\n|\n|t:|1737858542\n|switch|p1b: Lunala|Lunala, L50|100\/100|[from] U-turn\n|move|p1a: Indeedee|Trick Room|p1a: Indeedee\n|-fieldstart|move: Trick Room|[of] p1a: Indeedee\n|\n|upkeep\n|turn|3\n|\n|t:|1737858560\n|-terastallize|p1b: Lunala|Normal\n|move|p1a: Indeedee|Dazzling Gleam|p2b: Arcanine|[spread] p2a,p2b\n|-damage|p2a: Flutter Mane|84\/100\n|-damage|p2b: Arcanine|84\/100\n|move|p1b: Lunala|Expanding Force|p2b: Arcanine|[spread] p2a,p2b\n|-damage|p2a: Flutter Mane|28\/100\n|-damage|p2b: Arcanine|0 fnt\n|faint|p2b: Arcanine\n|move|p2a: Flutter Mane|Moonblast|p1a: Indeedee\n|-damage|p1a: Indeedee|0 fnt\n|faint|p1a: Indeedee\n|\n|upkeep\n|\n|t:|1737858583\n|switch|p1a: Incineroar|Incineroar, L50, F|22\/100\n|switch|p2b: Zamazenta|Zamazenta-Crowned, L50|100\/100\n|-ability|p1a: Incineroar|Intimidate|boost\n|-unboost|p2a: Flutter Mane|atk|1\n|-unboost|p2b: Zamazenta|atk|1\n|-ability|p2b: Zamazenta|Dauntless Shield|boost\n|-boost|p2b: Zamazenta|def|1\n|turn|4\n|\n|t:|1737858591\n|move|p2b: Zamazenta|Protect|p2b: Zamazenta\n|-singleturn|p2b: Zamazenta|Protect\n|move|p2a: Flutter Mane|Protect|p2a: Flutter Mane\n|-singleturn|p2a: Flutter Mane|Protect\n|move|p1a: Incineroar|Fake Out|p2b: Zamazenta\n|-activate|p2b: Zamazenta|move: Psychic Terrain\n|move|p1b: Lunala|Expanding Force|p2b: Zamazenta|[spread] \n|-activate|p2a: Flutter Mane|move: Protect\n|-activate|p2b: Zamazenta|move: Protect\n|\n|upkeep\n|turn|5\n|\n|t:|1737858602\n|move|p2b: Zamazenta|Wide Guard|p2b: Zamazenta\n|-singleturn|p2b: Zamazenta|Wide Guard\n|move|p1a: Incineroar|Flare Blitz|p2b: Zamazenta\n|-supereffective|p2b: Zamazenta\n|-damage|p2b: Zamazenta|52\/100\n|-damage|p1a: Incineroar|8\/100|[from] Recoil\n|move|p1b: Lunala|Expanding Force|p2b: Zamazenta|[spread] \n|-activate|p2a: Flutter Mane|move: Wide Guard\n|-activate|p2b: Zamazenta|move: Wide Guard\n|move|p2a: Flutter Mane|Moonblast|p1a: Incineroar\n|-damage|p1a: Incineroar|0 fnt\n|faint|p1a: Incineroar\n|\n|upkeep\n|turn|6\n|\n|t:|1737858615\n|move|p2b: Zamazenta|Protect||[still]\n|-fail|p2b: Zamazenta\n|move|p2a: Flutter Mane|Protect|p2a: Flutter Mane\n|-singleturn|p2a: Flutter Mane|Protect\n|move|p1b: Lunala|Expanding Force|p2a: Flutter Mane|[spread] p2b\n|-activate|p2a: Flutter Mane|move: Protect\n|-damage|p2b: Zamazenta|3\/100\n|\n|-fieldend|move: Trick Room\n|-fieldend|move: Psychic Terrain\n|upkeep\n|turn|7\n|l|\u2606Tritan11\n|inactive|Tritan11 disconnected and has a minute to reconnect!\n|player|p1|\n|j| kasdfds\n|inactive|Tritan11 has 30 seconds left.\n|inactive|Tritan11 has 20 seconds left.\n|inactive|Tritan11 has 15 seconds left.\n|inactive|Tritan11 has 10 seconds left.\n|inactive|Tritan11 has 5 seconds left.\n|-message|Tritan11 lost due to inactivity.\n|\n|win|Aguss_deluxe\n|raw|Tritan11's rating: 1583 &rarr; <strong>1561<\/strong><br \/>(-22 for losing)\n|raw|Aguss_deluxe's rating: 1541 &rarr; <strong>1563<\/strong><br \/>(+22 for winning)\n|l|\u2606Aguss_deluxe\n|player|p2|\n|l| kasdfds\n","uploadtime":1737858939,"views":16,"formatid":"gen9vgc2025regg","rating":1561,"private":0,"password":null}