{"id":"gen9vgc2025regg-2288090633","format":"[Gen 9] VGC 2025 Reg G","players":["bluestraggler01","tommy2436"],"log":"|j|\u2606bluestraggler01\n|j|\u2606tommy2436\n|t:|1737831883\n|gametype|doubles\n|player|p1|bluestraggler01|102|1623\n|player|p2|tommy2436|265|1573\n|teamsize|p1|6\n|teamsize|p2|6\n|gen|9\n|tier|[Gen 9] VGC 2025 Reg G\n|rated|\n|rule|Species Clause: Limit one of each Pok\u00e9mon\n|rule|Item Clause: Limit 1 of each item\n|clearpoke\n|poke|p1|Koraidon, L50|\n|poke|p1|Lilligant-Hisui, L50, F|\n|poke|p1|Walking Wake, L50|\n|poke|p1|Raging Bolt, L50|\n|poke|p1|Kingambit, L50, M|\n|poke|p1|Volcarona, L50, M|\n|poke|p2|Calyrex-Ice, L50|\n|poke|p2|Urshifu-*, L50, M|\n|poke|p2|Raging Bolt, L50|\n|poke|p2|Pelipper, L50, M|\n|poke|p2|Iron Valiant, L50|\n|poke|p2|Landorus, L50, M|\n|teampreview|4\n|inactive|Battle timer is ON: inactive players will automatically lose when time's up. (requested by bluestraggler01)\nbluestraggler01 rejected open team sheets.\n|\n|t:|1737831924\n|start\n|switch|p1a: Koraidon|Koraidon, L50|100\/100\n|switch|p1b: Lilligant|Lilligant-Hisui, L50, F|100\/100\n|switch|p2a: Urshifu|Urshifu-Rapid-Strike, L50, M|100\/100\n|switch|p2b: Raging Bolt|Raging Bolt, L50|100\/100\n|-weather|SunnyDay|[from] ability: Orichalcum Pulse|[of] p1a: Koraidon\n|-activate|p2b: Raging Bolt|ability: Protosynthesis\n|-start|p2b: Raging Bolt|protosynthesisspa\n|-activate|p1a: Koraidon|Orichalcum Pulse|[source]\n|turn|1\n|inactive|tommy2436 has 30 seconds left.\n|inactive|tommy2436 has 20 seconds left.\n|\n|t:|1737831959\n|-end|p2b: Raging Bolt|Protosynthesis|[silent]\n|switch|p2b: Pelipper|Pelipper, L50, M|100\/100\n|-weather|RainDance|[from] ability: Drizzle|[of] p2b: Pelipper\n|-terastallize|p2a: Urshifu|Grass\n|move|p1b: Lilligant|Coaching|p1a: Koraidon\n|-boost|p1a: Koraidon|atk|1\n|-boost|p1a: Koraidon|def|1\n|move|p1a: Koraidon|Collision Course|p2b: Pelipper\n|-resisted|p2b: Pelipper\n|-damage|p2b: Pelipper|57\/100\n|move|p2a: Urshifu|Close Combat|p1b: Lilligant\n|-damage|p1b: Lilligant|1\/100\n|-unboost|p2a: Urshifu|def|1\n|-unboost|p2a: Urshifu|spd|1\n|\n|-weather|RainDance|[upkeep]\n|upkeep\n|turn|2\n|\n|t:|1737831983\n|move|p2a: Urshifu|Aqua Jet|p1b: Lilligant\n|-resisted|p1b: Lilligant\n|-damage|p1b: Lilligant|0 fnt\n|faint|p1b: Lilligant\n|move|p1a: Koraidon|Collision Course|p2b: Pelipper\n|-resisted|p2b: Pelipper\n|-damage|p2b: Pelipper|11\/100\n|move|p2b: Pelipper|Tailwind|p2b: Pelipper\n|-sidestart|p2: tommy2436|move: Tailwind\n|\n|-weather|RainDance|[upkeep]\n|upkeep\n|\n|t:|1737831989\n|switch|p1b: Volcarona|Volcarona, L50, M|100\/100\n|turn|3\n|\n|t:|1737832000\n|-terastallize|p1b: Volcarona|Water\n|move|p2a: Urshifu|Surging Strikes|p1b: Volcarona\n|-resisted|p1b: Volcarona\n|-crit|p1b: Volcarona\n|-damage|p1b: Volcarona|85\/100\n|-damage|p2a: Urshifu|84\/100|[from] item: Rocky Helmet|[of] p1b: Volcarona\n|-resisted|p1b: Volcarona\n|-crit|p1b: Volcarona\n|-damage|p1b: Volcarona|69\/100\n|-damage|p2a: Urshifu|68\/100|[from] item: Rocky Helmet|[of] p1b: Volcarona\n|-resisted|p1b: Volcarona\n|-crit|p1b: Volcarona\n|-damage|p1b: Volcarona|53\/100\n|-damage|p2a: Urshifu|51\/100|[from] item: Rocky Helmet|[of] p1b: Volcarona\n|-hitcount|p1b: Volcarona|3\n|move|p2b: Pelipper|Hurricane|p1a: Koraidon\n|-supereffective|p1a: Koraidon\n|-damage|p1a: Koraidon|51\/100\n|-start|p1a: Koraidon|confusion\n|-activate|p1a: Koraidon|confusion\n|move|p1a: Koraidon|Drain Punch|p2b: Pelipper\n|-resisted|p2b: Pelipper\n|-damage|p2b: Pelipper|0 fnt\n|-heal|p1a: Koraidon|56\/100|[from] drain|[of] p2b: Pelipper\n|faint|p2b: Pelipper\n|move|p1b: Volcarona|Tailwind|p1b: Volcarona\n|-sidestart|p1: bluestraggler01|move: Tailwind\n|\n|-weather|RainDance|[upkeep]\n|upkeep\n|inactive|tommy2436 has 30 seconds left.\n|\n|t:|1737832026\n|switch|p2b: Raging Bolt|Raging Bolt, L50|100\/100\n|turn|4\n|inactive|tommy2436 has 30 seconds left.\n|\n|t:|1737832058\n|move|p1b: Volcarona|Rage Powder|p1b: Volcarona\n|-singleturn|p1b: Volcarona|move: Rage Powder\n|-activate|p1a: Koraidon|confusion\n|move|p1a: Koraidon|Drain Punch|p2b: Raging Bolt\n|-crit|p2b: Raging Bolt\n|-damage|p2b: Raging Bolt|1\/100\n|-heal|p1a: Koraidon|100\/100|[from] drain|[of] p2b: Raging Bolt\n|move|p2a: Urshifu|Close Combat|p1a: Koraidon\n|-damage|p1a: Koraidon|62\/100\n|-unboost|p2a: Urshifu|def|1\n|-unboost|p2a: Urshifu|spd|1\n|move|p2b: Raging Bolt|Thunderbolt|p1b: Volcarona\n|-supereffective|p1b: Volcarona\n|-damage|p1b: Volcarona|0 fnt\n|faint|p1b: Volcarona\n|\n|-weather|RainDance|[upkeep]\n|upkeep\n|\n|t:|1737832071\n|switch|p1b: Kingambit|Kingambit, L50, M|100\/100\n|turn|5\n|\n|t:|1737832094\n|move|p2b: Raging Bolt|Protect|p2b: Raging Bolt\n|-singleturn|p2b: Raging Bolt|Protect\n|move|p1b: Kingambit|Sucker Punch||[still]\n|-fail|p1b: Kingambit\n|-activate|p1a: Koraidon|confusion\n|move|p1a: Koraidon|Drain Punch|p2a: Urshifu\n|-damage|p2a: Urshifu|0 fnt\n|-heal|p1a: Koraidon|85\/100|[from] drain|[of] p2a: Urshifu\n|faint|p2a: Urshifu\n|\n|-weather|none\n|-sideend|p2: tommy2436|move: Tailwind\n|upkeep\n|\n|t:|1737832104\n|switch|p2a: Calyrex|Calyrex-Ice, L50|100\/100\n|-ability|p2a: Calyrex|As One\n|-ability|p2a: Calyrex|Unnerve\n|turn|6\n|\n|t:|1737832126\n|move|p2b: Raging Bolt|Thunderclap|p1a: Koraidon\n|-resisted|p1a: Koraidon\n|-damage|p1a: Koraidon|73\/100\n|-end|p1a: Koraidon|confusion\n|move|p1a: Koraidon|Drain Punch|p2b: Raging Bolt\n|-damage|p2b: Raging Bolt|0 fnt\n|-heal|p1a: Koraidon|74\/100|[from] drain|[of] p2b: Raging Bolt\n|faint|p2b: Raging Bolt\n|-end|p2b: Raging Bolt|Protosynthesis|[silent]\n|move|p2a: Calyrex|Glacial Lance|p1b: Kingambit|[spread] p1a,p1b\n|-supereffective|p1a: Koraidon\n|-resisted|p1b: Kingambit\n|-damage|p1a: Koraidon|16\/100\n|-damage|p1b: Kingambit|80\/100\n|move|p1b: Kingambit|Kowtow Cleave|p2a: Calyrex\n|-supereffective|p2a: Calyrex\n|-damage|p2a: Calyrex|37\/100\n|\n|-sideend|p1: bluestraggler01|move: Tailwind\n|upkeep\n|turn|7\n|\n|t:|1737832144\n|move|p1b: Kingambit|Sucker Punch|p2a: Calyrex\n|-supereffective|p2a: Calyrex\n|-damage|p2a: Calyrex|0 fnt\n|faint|p2a: Calyrex\n|\n|win|bluestraggler01\n|raw|bluestraggler01's rating: 1623 &rarr; <strong>1640<\/strong><br \/>(+17 for winning)\n|raw|tommy2436's rating: 1573 &rarr; <strong>1556<\/strong><br \/>(-17 for losing)\n|l|\u2606tommy2436\n|player|p2|\n|l|\u2606bluestraggler01\n|player|p1|\n","uploadtime":1737832352,"views":6,"formatid":"gen9vgc2025regg","rating":1556,"private":0,"password":null}