{"id":"gen9vgc2025regg-2288748710","format":"[Gen 9] VGC 2025 Reg G","players":["littlepotato13","sheepie_sheep1"],"log":"|j|\u2606littlepotato13\n|j|\u2606sheepie_sheep1\n|t:|1737926573\n|gametype|doubles\n|player|p1|littlepotato13|169|1561\n|player|p2|sheepie_sheep1|youngcouple|1579\n|teamsize|p1|6\n|teamsize|p2|6\n|gen|9\n|tier|[Gen 9] VGC 2025 Reg G\n|rated|\n|rule|Species Clause: Limit one of each Pok\u00e9mon\n|rule|Item Clause: Limit 1 of each item\n|clearpoke\n|poke|p1|Kyogre, L50|\n|poke|p1|Tornadus, L50, M|\n|poke|p1|Rillaboom, L50, M|\n|poke|p1|Chien-Pao, L50|\n|poke|p1|Raging Bolt, L50|\n|poke|p1|Urshifu-*, L50, M|\n|poke|p2|Zacian-*, L50|\n|poke|p2|Tornadus, L50, M|\n|poke|p2|Urshifu-*, L50, F|\n|poke|p2|Ogerpon, L50, F|\n|poke|p2|Entei, L50|\n|poke|p2|Chien-Pao, L50|\n|teampreview|4\n|inactive|Battle timer is ON: inactive players will automatically lose when time's up. (requested by littlepotato13)\n|j| cyclopsian\n|inactive|littlepotato13 has 60 seconds left.\n|\n|t:|1737926616\n|start\n|switch|p1a: Tornadus|Tornadus, L50, M|100\/100\n|switch|p1b: Kyogre|Kyogre, L50|100\/100\n|switch|p2a: Tornadus|Tornadus, L50, M|100\/100\n|switch|p2b: Urshifu|Urshifu-Rapid-Strike, L50, F|100\/100\n|-weather|RainDance|[from] ability: Drizzle|[of] p1b: Kyogre\n|turn|1\n|inactive|sheepie_sheep1 has 30 seconds left.\n|inactive|sheepie_sheep1 has 20 seconds left.\n|inactive|sheepie_sheep1 has 15 seconds left.\n|inactive|sheepie_sheep1 has 10 seconds left.\n|l| cyclopsian\n|inactive|sheepie_sheep1 has 5 seconds left.\n|\n|t:|1737926668\n|-terastallize|p1a: Tornadus|Dragon\n|move|p2a: Tornadus|Tailwind|p2a: Tornadus\n|-sidestart|p2: sheepie_sheep1|move: Tailwind\n|move|p2b: Urshifu|Close Combat|p1b: Kyogre\n|-damage|p1b: Kyogre|49\/100\n|-unboost|p2b: Urshifu|def|1\n|-unboost|p2b: Urshifu|spd|1\n|move|p1a: Tornadus|Bleakwind Storm|p2b: Urshifu|[spread] p2a,p2b\n|-supereffective|p2b: Urshifu\n|-damage|p2a: Tornadus|46\/100\n|-damage|p2b: Urshifu|0 fnt\n|faint|p2b: Urshifu\n|move|p1b: Kyogre|Origin Pulse|p2a: Tornadus\n|-damage|p2a: Tornadus|0 fnt\n|faint|p2a: Tornadus\n|\n|-weather|RainDance|[upkeep]\n|upkeep\n|j| cyclopsian\n|\n|t:|1737926674\n|switch|p2a: Zacian|Zacian-Crowned, L50|100\/100\n|switch|p2b: Chien-Pao|Chien-Pao, L50|100\/100\n|-ability|p2a: Zacian|Intrepid Sword|boost\n|-boost|p2a: Zacian|atk|1\n|-ability|p2b: Chien-Pao|Sword of Ruin\n|turn|2\n|\n|t:|1737926685\n|move|p1b: Kyogre|Protect|p1b: Kyogre\n|-singleturn|p1b: Kyogre|Protect\n|move|p1a: Tornadus|Tailwind|p1a: Tornadus\n|-sidestart|p1: littlepotato13|move: Tailwind\n|move|p2a: Zacian|Play Rough|p1b: Kyogre\n|-activate|p1b: Kyogre|move: Protect\n|move|p2b: Chien-Pao|Ice Spinner|p1a: Tornadus\n|-supereffective|p1a: Tornadus\n|-damage|p1a: Tornadus|0 fnt\n|faint|p1a: Tornadus\n|\n|-weather|RainDance|[upkeep]\n|upkeep\n|\n|t:|1737926694\n|switch|p1a: Urshifu|Urshifu-Rapid-Strike, L50, M|100\/100\n|turn|3\n|\n|t:|1737926703\n|-terastallize|p2a: Zacian|Dragon\n|move|p2b: Chien-Pao|Sucker Punch|p1a: Urshifu\n|-resisted|p1a: Urshifu\n|-damage|p1a: Urshifu|78\/100\n|move|p1a: Urshifu|Surging Strikes|p2a: Zacian\n|-resisted|p2a: Zacian\n|-crit|p2a: Zacian\n|-damage|p2a: Zacian|83\/100\n|-resisted|p2a: Zacian\n|-crit|p2a: Zacian\n|-damage|p2a: Zacian|62\/100\n|-resisted|p2a: Zacian\n|-crit|p2a: Zacian\n|-damage|p2a: Zacian|44\/100\n|-hitcount|p2a: Zacian|3\n|move|p2a: Zacian|Play Rough|p1a: Urshifu\n|-supereffective|p1a: Urshifu\n|-damage|p1a: Urshifu|0 fnt\n|faint|p1a: Urshifu\n|move|p1b: Kyogre|Origin Pulse|p2a: Zacian|[spread] p2a,p2b\n|-resisted|p2a: Zacian\n|-damage|p2a: Zacian|7\/100\n|-enditem|p2b: Chien-Pao|Focus Sash\n|-damage|p2b: Chien-Pao|1\/100\n|\n|-weather|RainDance|[upkeep]\n|upkeep\n|\n|t:|1737926709\n|switch|p1a: Raging Bolt|Raging Bolt, L50|100\/100\n|-enditem|p1a: Raging Bolt|Booster Energy\n|-activate|p1a: Raging Bolt|ability: Protosynthesis|[fromitem]\n|-start|p1a: Raging Bolt|protosynthesisspa\n|turn|4\n|\n|t:|1737926733\n|move|p2a: Zacian|Protect|p2a: Zacian\n|-singleturn|p2a: Zacian|Protect\n|move|p1a: Raging Bolt|Thunderclap||[still]\n|-fail|p1a: Raging Bolt\n|move|p2b: Chien-Pao|Ice Spinner|p1a: Raging Bolt\n|-supereffective|p1a: Raging Bolt\n|-damage|p1a: Raging Bolt|6\/100\n|move|p1b: Kyogre|Origin Pulse|p2b: Chien-Pao|[spread] p2b\n|-activate|p2a: Zacian|move: Protect\n|-damage|p2b: Chien-Pao|0 fnt\n|faint|p2b: Chien-Pao\n|\n|-weather|RainDance|[upkeep]\n|-sideend|p2: sheepie_sheep1|move: Tailwind\n|upkeep\n|turn|5\n|-message|sheepie_sheep1 forfeited.\n|\n|win|littlepotato13\n|raw|littlepotato13's rating: 1561 &rarr; <strong>1582<\/strong><br \/>(+21 for winning)\n|raw|sheepie_sheep1's rating: 1579 &rarr; <strong>1558<\/strong><br \/>(-21 for losing)\n|l|\u2606sheepie_sheep1\n|player|p2|\n|l| cyclopsian\n","uploadtime":1737926918,"views":21,"formatid":"gen9vgc2025regg","rating":1558,"private":0,"password":null}