{"id":"gen9vgc2025regg-2288658781","format":"[Gen 9] VGC 2025 Reg G","players":["7ammy","Imnotagni"],"log":"|j|\u26067ammy\n|j|\u2606Imnotagni\n|t:|1737916361\n|gametype|doubles\n|player|p1|7ammy|interviewers|1664\n|player|p2|Imnotagni|policeman-gen4|1621\n|teamsize|p1|6\n|teamsize|p2|6\n|gen|9\n|tier|[Gen 9] VGC 2025 Reg G\n|rated|\n|rule|Species Clause: Limit one of each Pok\u00e9mon\n|rule|Item Clause: Limit 1 of each item\n|clearpoke\n|poke|p1|Kyogre, L50|\n|poke|p1|Tornadus, L50, M|\n|poke|p1|Tsareena, L50, F|\n|poke|p1|Urshifu-*, L50, F|\n|poke|p1|Basculegion, L50, M|\n|poke|p1|Landorus, L50, M|\n|poke|p2|Kyogre, L50|\n|poke|p2|Tornadus, L50, M|\n|poke|p2|Tsareena, L50, F|\n|poke|p2|Landorus, L50, M|\n|poke|p2|Urshifu-*, L50, M|\n|poke|p2|Basculegion, L50, M|\n|teampreview|4\n|inactive|Battle timer is ON: inactive players will automatically lose when time's up. (requested by Imnotagni)\n|inactive|7ammy also wants the timer to be on.\n|c|\u2606Imnotagni|oh\n|\n|t:|1737916379\n|start\n|switch|p1a: Kyogre|Kyogre, L50|100\/100\n|switch|p1b: Tornadus|Tornadus, L50, M|100\/100\n|switch|p2a: Tornadus|Tornadus, L50, M|100\/100\n|switch|p2b: Urshifu|Urshifu-Rapid-Strike, L50, M|100\/100\n|-weather|RainDance|[from] ability: Drizzle|[of] p1a: Kyogre\n|turn|1\n|inactive|Imnotagni has 30 seconds left.\n|\n|t:|1737916405\n|-terastallize|p2b: Urshifu|Grass\n|move|p2a: Tornadus|Tailwind|p2a: Tornadus\n|-sidestart|p2: Imnotagni|move: Tailwind\n|move|p1b: Tornadus|Tailwind|p1b: Tornadus\n|-sidestart|p1: 7ammy|move: Tailwind\n|move|p1a: Kyogre|Thunder|p2b: Urshifu\n|-resisted|p2b: Urshifu\n|-damage|p2b: Urshifu|70\/100\n|move|p2b: Urshifu|Close Combat|p1a: Kyogre\n|-damage|p1a: Kyogre|0 fnt\n|-unboost|p2b: Urshifu|def|1\n|-unboost|p2b: Urshifu|spd|1\n|faint|p1a: Kyogre\n|\n|-weather|RainDance|[upkeep]\n|upkeep\n|\n|t:|1737916420\n|switch|p1a: Basculegion|Basculegion, L50, M|100\/100\n|turn|2\n|inactive|Imnotagni has 30 seconds left.\n|\n|t:|1737916457\n|switch|p2b: Kyogre|Kyogre, L50|100\/100\n|move|p1a: Basculegion|Last Respects|p2a: Tornadus\n|-damage|p2a: Tornadus|15\/100\n|move|p1b: Tornadus|Bleakwind Storm|p2b: Kyogre|[spread] p2a,p2b\n|-damage|p2a: Tornadus|0 fnt\n|-damage|p2b: Kyogre|82\/100\n|faint|p2a: Tornadus\n|\n|-weather|RainDance|[upkeep]\n|upkeep\n|\n|t:|1737916472\n|switch|p2a: Basculegion|Basculegion, L50, M|100\/100\n|turn|3\n|\n|t:|1737916495\n|-terastallize|p1a: Basculegion|Grass\n|move|p2a: Basculegion|Last Respects|p1a: Basculegion\n|-damage|p1a: Basculegion|29\/100\n|-damage|p2a: Basculegion|91\/100|[from] item: Life Orb\n|move|p1a: Basculegion|Last Respects|p2b: Kyogre\n|-damage|p2b: Kyogre|21\/100\n|move|p1b: Tornadus|Bleakwind Storm|p2b: Kyogre|[spread] p2a,p2b\n|-damage|p2a: Basculegion|52\/100\n|-damage|p2b: Kyogre|4\/100\n|move|p2b: Kyogre|Origin Pulse|p1a: Basculegion|[spread] p1a,p1b\n|-resisted|p1a: Basculegion\n|-damage|p1a: Basculegion|0 fnt\n|-damage|p1b: Tornadus|17\/100\n|faint|p1a: Basculegion\n|\n|-weather|RainDance|[upkeep]\n|upkeep\n|\n|t:|1737916505\n|switch|p1a: Landorus|Landorus, L50, M|100\/100\n|turn|4\n|\n|t:|1737916529\n|move|p1a: Landorus|Protect|p1a: Landorus\n|-singleturn|p1a: Landorus|Protect\n|move|p2a: Basculegion|Aqua Jet|p1a: Landorus\n|-activate|p1a: Landorus|move: Protect\n|move|p1b: Tornadus|Bleakwind Storm|p2a: Basculegion|[spread] p2a,p2b\n|-damage|p2a: Basculegion|11\/100\n|-damage|p2b: Kyogre|0 fnt\n|faint|p2b: Kyogre\n|\n|-weather|RainDance|[upkeep]\n|-sideend|p2: Imnotagni|move: Tailwind\n|-sideend|p1: 7ammy|move: Tailwind\n|upkeep\n|\n|t:|1737916531\n|switch|p2b: Urshifu|Urshifu-Rapid-Strike, L50, M, tera:Grass|70\/100\n|turn|5\n|\n|t:|1737916546\n|move|p2a: Basculegion|Aqua Jet|p1b: Tornadus\n|-damage|p1b: Tornadus|0 fnt\n|faint|p1b: Tornadus\n|-damage|p2a: Basculegion|1\/100|[from] item: Life Orb\n|move|p2b: Urshifu|Aqua Jet|p1a: Landorus\n|-supereffective|p1a: Landorus\n|-damage|p1a: Landorus|0 fnt\n|faint|p1a: Landorus\n|\n|win|Imnotagni\n|raw|7ammy's rating: 1664 &rarr; <strong>1642<\/strong><br \/>(-22 for losing)\n|raw|Imnotagni's rating: 1621 &rarr; <strong>1643<\/strong><br \/>(+22 for winning)\n|c|\u2606Imnotagni|ggs\n|l| 7ammy\n","uploadtime":1737916789,"views":6,"formatid":"gen9vgc2025regg","rating":1642,"private":0,"password":null}