{"id":"gen9vgc2025regg-2288654962","format":"[Gen 9] VGC 2025 Reg G","players":["DrPapus03","meanrook"],"log":"|j|\u2606DrPapus03\n|j|\u2606meanrook\n|t:|1737915923\n|gametype|doubles\n|player|p1|DrPapus03|lucas|1543\n|player|p2|meanrook|ethan|1630\n|teamsize|p1|6\n|teamsize|p2|6\n|gen|9\n|tier|[Gen 9] VGC 2025 Reg G\n|rated|\n|rule|Species Clause: Limit one of each Pok\u00e9mon\n|rule|Item Clause: Limit 1 of each item\n|clearpoke\n|poke|p1|Calyrex-Ice, L50|\n|poke|p1|Incineroar, L50, M|\n|poke|p1|Urshifu-*, L50, F|\n|poke|p1|Rillaboom, L50, M|\n|poke|p1|Raging Bolt, L50|\n|poke|p1|Pelipper, L50, M|\n|poke|p2|Miraidon, L50|\n|poke|p2|Farigiraf, L50, F|\n|poke|p2|Whimsicott, L50, F|\n|poke|p2|Urshifu-*, L50, M|\n|poke|p2|Iron Hands, L50|\n|poke|p2|Entei, L50|\n|teampreview|4\nmeanrook rejected open team sheets.\n|inactive|Battle timer is ON: inactive players will automatically lose when time's up. (requested by meanrook)\n|\n|t:|1737915952\n|start\n|switch|p1a: Rillamono|Rillaboom, L50, M, shiny|100\/100\n|switch|p1b: El Rider|Calyrex-Ice, L50|100\/100\n|switch|p2a: Miraidon|Miraidon, L50|100\/100\n|switch|p2b: Farigiraf|Farigiraf, L50, F|100\/100\n|-ability|p1b: El Rider|As One\n|-ability|p1b: El Rider|Unnerve\n|-fieldstart|move: Electric Terrain|[from] ability: Hadron Engine|[of] p2a: Miraidon\n|-enditem|p2b: Farigiraf|Electric Seed\n|-boost|p2b: Farigiraf|def|1|[from] item: Electric Seed\n|-fieldstart|move: Grassy Terrain|[from] ability: Grassy Surge|[of] p1a: Rillamono\n|turn|1\n|\n|t:|1737915973\n|move|p1b: El Rider|Protect|p1b: El Rider\n|-singleturn|p1b: El Rider|Protect\n|move|p2a: Miraidon|Volt Switch|p1b: El Rider\n|-activate|p1b: El Rider|move: Protect\n|move|p1a: Rillamono|U-turn|p2b: Farigiraf\n|-supereffective|p2b: Farigiraf\n|-damage|p2b: Farigiraf|77\/100\n|\n|t:|1737915980\n|switch|p1a: Farolo|Raging Bolt, L50|100\/100|[from] U-turn\n|-enditem|p1a: Farolo|Booster Energy\n|-activate|p1a: Farolo|ability: Protosynthesis|[fromitem]\n|-start|p1a: Farolo|protosynthesisspa\n|move|p2b: Farigiraf|Foul Play|p1b: El Rider\n|-activate|p1b: El Rider|move: Protect\n|\n|-heal|p2b: Farigiraf|84\/100|[from] Grassy Terrain\n|upkeep\n|turn|2\n|\n|t:|1737916005\n|move|p2a: Miraidon|Volt Switch|p1b: El Rider\n|-damage|p1b: El Rider|64\/100\n|\n|t:|1737916008\n|switch|p2a: Iron Hands|Iron Hands, L50|100\/100|[from] Volt Switch\n|move|p1a: Farolo|Thunderbolt|p2b: Farigiraf\n|-crit|p2b: Farigiraf\n|-damage|p2b: Farigiraf|0 fnt\n|faint|p2b: Farigiraf\n|move|p1b: El Rider|Glacial Lance|p2a: Iron Hands\n|-damage|p2a: Iron Hands|44\/100\n|\n|-heal|p2a: Iron Hands|50\/100|[from] Grassy Terrain\n|-heal|p1b: El Rider|70\/100|[from] Grassy Terrain\n|upkeep\n|\n|t:|1737916011\n|switch|p2b: Miraidon|Miraidon, L50|100\/100\n|-fieldstart|move: Electric Terrain|[from] ability: Hadron Engine|[of] p2b: Miraidon\n|-activate|p2a: Iron Hands|ability: Quark Drive\n|-start|p2a: Iron Hands|quarkdriveatk\n|turn|3\n|\n|t:|1737916030\n|-end|p1a: Farolo|Protosynthesis|[silent]\n|switch|p1a: Rillamono|Rillaboom, L50, M, shiny|100\/100\n|-fieldstart|move: Grassy Terrain|[from] ability: Grassy Surge|[of] p1a: Rillamono\n|-end|p2a: Iron Hands|Quark Drive\n|-terastallize|p2b: Miraidon|Fairy\n|move|p1b: El Rider|Protect|p1b: El Rider\n|-singleturn|p1b: El Rider|Protect\n|move|p2b: Miraidon|Dazzling Gleam|p1b: El Rider|[spread] p1a\n|-activate|p1b: El Rider|move: Protect\n|-damage|p1a: Rillamono|70\/100\n|move|p2a: Iron Hands|Drain Punch|p1b: El Rider\n|-activate|p1b: El Rider|move: Protect\n|\n|-heal|p1a: Rillamono|76\/100|[from] Grassy Terrain\n|-heal|p2a: Iron Hands|56\/100|[from] Grassy Terrain\n|-heal|p1b: El Rider|76\/100|[from] Grassy Terrain\n|upkeep\n|turn|4\n|\n|t:|1737916053\n|switch|p2b: Urshifu|Urshifu, L50, M|100\/100\n|move|p1a: Rillamono|Fake Out|p2b: Urshifu\n|-damage|p2b: Urshifu|87\/100\n|move|p2a: Iron Hands|Drain Punch|p1b: El Rider\n|-damage|p1b: El Rider|48\/100\n|-heal|p2a: Iron Hands|67\/100|[from] drain|[of] p1b: El Rider\n|move|p1b: El Rider|Glacial Lance|p2a: Iron Hands|[spread] p2a,p2b\n|-damage|p2a: Iron Hands|26\/100\n|-damage|p2b: Urshifu|21\/100\n|\n|-heal|p2b: Urshifu|27\/100|[from] Grassy Terrain\n|-heal|p1a: Rillamono|82\/100|[from] Grassy Terrain\n|-heal|p2a: Iron Hands|32\/100|[from] Grassy Terrain\n|-heal|p1b: El Rider|54\/100|[from] Grassy Terrain\n|upkeep\n|turn|5\n|\n|t:|1737916070\n|-end|p2a: Iron Hands|Quark Drive|[silent]\n|switch|p2a: Miraidon|Miraidon, L50, tera:Fairy|100\/100\n|-fieldstart|move: Electric Terrain|[from] ability: Hadron Engine|[of] p2a: Miraidon\n|move|p2b: Urshifu|Wicked Blow|p1b: El Rider\n|-supereffective|p1b: El Rider\n|-crit|p1b: El Rider\n|-damage|p1b: El Rider|0 fnt\n|faint|p1b: El Rider\n|move|p1a: Rillamono|Grassy Glide|p2b: Urshifu\n|-damage|p2b: Urshifu|0 fnt\n|faint|p2b: Urshifu\n|\n|upkeep\n|inactive|DrPapus03 has 30 seconds left.\n|inactive|DrPapus03 has 20 seconds left.\n|\n|t:|1737916105\n|switch|p2b: Iron Hands|Iron Hands, L50|32\/100\n|switch|p1b: Shifu|Urshifu-Rapid-Strike, L50, F|100\/100\n|-activate|p2b: Iron Hands|ability: Quark Drive\n|-start|p2b: Iron Hands|quarkdriveatk\n|turn|6\n|\n|t:|1737916118\n|move|p1b: Shifu|Detect|p1b: Shifu\n|-singleturn|p1b: Shifu|Protect\n|move|p2b: Iron Hands|Fake Out|p1b: Shifu\n|-activate|p1b: Shifu|move: Protect\n|move|p2a: Miraidon|Dazzling Gleam|p1b: Shifu|[spread] p1a\n|-activate|p1b: Shifu|move: Protect\n|-damage|p1a: Rillamono|42\/100\n|move|p1a: Rillamono|U-turn|p2a: Miraidon\n|-resisted|p2a: Miraidon\n|-damage|p2a: Miraidon|89\/100\n|\n|t:|1737916128\n|switch|p1a: Farolo|Raging Bolt, L50|100\/100|[from] U-turn\n|\n|upkeep\n|turn|7\n|\n|t:|1737916134\n|-terastallize|p1a: Farolo|Fairy\n|move|p2a: Miraidon|Dazzling Gleam|p1a: Farolo|[spread] p1a,p1b\n|-supereffective|p1b: Shifu\n|-damage|p1a: Farolo|40\/100\n|-enditem|p1b: Shifu|Focus Sash\n|-damage|p1b: Shifu|1\/100\n|move|p1b: Shifu|Surging Strikes|p2a: Miraidon\n|-crit|p2a: Miraidon\n|-damage|p2a: Miraidon|66\/100\n|-crit|p2a: Miraidon\n|-damage|p2a: Miraidon|44\/100\n|-crit|p2a: Miraidon\n|-damage|p2a: Miraidon|21\/100\n|-hitcount|p2a: Miraidon|3\n|move|p1a: Farolo|Thunderbolt|p2a: Miraidon\n|-damage|p2a: Miraidon|0 fnt\n|faint|p2a: Miraidon\n|move|p2b: Iron Hands|Drain Punch|p1b: Shifu\n|-damage|p1b: Shifu|0 fnt\n|-heal|p2b: Iron Hands|32\/100|[from] drain|[of] p1b: Shifu\n|faint|p1b: Shifu\n|\n|upkeep\n|-message|meanrook forfeited.\n|\n|win|DrPapus03\n|raw|DrPapus03's rating: 1543 &rarr; <strong>1568<\/strong><br \/>(+25 for winning)\n|raw|meanrook's rating: 1630 &rarr; <strong>1605<\/strong><br \/>(-25 for losing)\n|l|\u2606meanrook\n|player|p2|\n|l|\u2606DrPapus03\n|player|p1|\n","uploadtime":1737916363,"views":5,"formatid":"gen9vgc2025regg","rating":1568,"private":0,"password":null}