{"id":"gen9vgc2025regg-2288294647","format":"[Gen 9] VGC 2025 Reg G","players":["Hoshinaaa","infinitygroudon"],"log":"|j|\u2606Hoshinaaa\n|j|\u2606infinitygroudon\n|t:|1737857853\n|gametype|doubles\n|player|p1|Hoshinaaa|rosa|1562\n|player|p2|infinitygroudon|1|1697\n|teamsize|p1|6\n|teamsize|p2|6\n|gen|9\n|tier|[Gen 9] VGC 2025 Reg G\n|rated|\n|rule|Species Clause: Limit one of each Pok\u00e9mon\n|rule|Item Clause: Limit 1 of each item\n|clearpoke\n|poke|p1|Groudon, L50|\n|poke|p1|Flutter Mane, L50|\n|poke|p1|Incineroar, L50, F|\n|poke|p1|Raging Bolt, L50|\n|poke|p1|Indeedee, L50, M|\n|poke|p1|Amoonguss, L50, M|\n|poke|p2|Calyrex-Shadow, L50|\n|poke|p2|Incineroar, L50, M|\n|poke|p2|Weezing-Galar, L50, M|\n|poke|p2|Indeedee-F, L50, F|\n|poke|p2|Iron Valiant, L50|\n|poke|p2|Ursaluna-Bloodmoon, L50, M|\n|teampreview|4\n|inactive|Battle timer is ON: inactive players will automatically lose when time's up. (requested by Hoshinaaa)\n|\n|t:|1737857880\n|start\n|switch|p1a: Groudon|Groudon, L50|100\/100\n|switch|p1b: Incineroar|Incineroar, L50, F|100\/100\n|switch|p2a: Suthen|Indeedee-F, L50, F|100\/100\n|switch|p2b: Duncan|Calyrex-Shadow, L50|100\/100\n|-ability|p2b: Duncan|As One\n|-ability|p2b: Duncan|Unnerve\n|-weather|SunnyDay|[from] ability: Drought|[of] p1a: Groudon\n|-fieldstart|move: Psychic Terrain|[from] ability: Psychic Surge|[of] p2a: Suthen\n|-ability|p1b: Incineroar|Intimidate|boost\n|-unboost|p2a: Suthen|atk|1\n|-unboost|p2b: Duncan|atk|1\n|turn|1\n|\n|t:|1737857901\n|-terastallize|p2b: Duncan|Normal\n|move|p2a: Suthen|Helping Hand|p2b: Duncan\n|-singleturn|p2b: Duncan|Helping Hand|[of] p2a: Suthen\n|move|p2b: Duncan|Expanding Force|p1b: Incineroar|[spread] p1a\n|-immune|p1b: Incineroar\n|-damage|p1a: Groudon|14\/100\n|-damage|p2b: Duncan|91\/100|[from] item: Life Orb\n|move|p1a: Groudon|Precipice Blades|p2a: Suthen|[spread] p2a,p2b\n|-damage|p2a: Suthen|42\/100\n|-damage|p2b: Duncan|20\/100\n|move|p1b: Incineroar|Parting Shot|p2b: Duncan\n|-unboost|p2b: Duncan|atk|1\n|-unboost|p2b: Duncan|spa|1\n|\n|t:|1737857916\n|switch|p1b: Flutter Mane|Flutter Mane, L50|100\/100|[from] Parting Shot\n|-activate|p1b: Flutter Mane|ability: Protosynthesis\n|-start|p1b: Flutter Mane|protosynthesisspe\n|\n|-weather|SunnyDay|[upkeep]\n|upkeep\n|turn|2\n|\n|t:|1737857931\n|move|p2b: Duncan|Protect|p2b: Duncan\n|-singleturn|p2b: Duncan|Protect\n|move|p1b: Flutter Mane|Dazzling Gleam|p2a: Suthen|[spread] p2a\n|-activate|p2b: Duncan|move: Protect\n|-damage|p2a: Suthen|6\/100\n|move|p1a: Groudon|Precipice Blades|p2a: Suthen|[spread] p2a\n|-activate|p2b: Duncan|move: Protect\n|-damage|p2a: Suthen|0 fnt\n|faint|p2a: Suthen\n|\n|-weather|SunnyDay|[upkeep]\n|upkeep\n|\n|t:|1737857940\n|switch|p2a: Mr. Gassy|Weezing-Galar, L50, M|100\/100\n|-ability|p2a: Mr. Gassy|Neutralizing Gas\n|turn|3\n|\n|t:|1737857962\n|switch|p1a: Indeedee|Indeedee, L50, M|100\/100\n|-terastallize|p1b: Flutter Mane|Fairy\n|move|p2b: Duncan|Astral Barrage|p1a: Indeedee|[spread] p1b\n|-immune|p1a: Indeedee\n|-damage|p1b: Flutter Mane|58\/100\n|-damage|p2b: Duncan|11\/100|[from] item: Life Orb\n|move|p1b: Flutter Mane|Dazzling Gleam|p2a: Mr. Gassy|[spread] p2a,p2b\n|-resisted|p2a: Mr. Gassy\n|-damage|p2a: Mr. Gassy|68\/100\n|-damage|p2b: Duncan|0 fnt\n|faint|p2b: Duncan\n|move|p2a: Mr. Gassy|Sludge Bomb|p1b: Flutter Mane\n|-supereffective|p1b: Flutter Mane\n|-damage|p1b: Flutter Mane|9\/100\n|\n|-weather|SunnyDay|[upkeep]\n|upkeep\n|\n|t:|1737857966\n|switch|p2b: Charming|Iron Valiant, L50, shiny|100\/100\n|turn|4\n|\n|t:|1737857990\n|-end|p1b: Flutter Mane|Protosynthesis|[silent]\n|switch|p1b: Incineroar|Incineroar, L50, F|100\/100\n|move|p1a: Indeedee|Protect|p1a: Indeedee\n|-singleturn|p1a: Indeedee|Protect\n|move|p2b: Charming|Close Combat|p1a: Indeedee\n|-activate|p1a: Indeedee|move: Protect\n|move|p2a: Mr. Gassy|Sludge Bomb|p1b: Incineroar\n|-damage|p1b: Incineroar|81\/100\n|-status|p1b: Incineroar|psn\n|\n|-weather|SunnyDay|[upkeep]\n|-damage|p1b: Incineroar|68\/100 psn|[from] psn\n|upkeep\n|turn|5\n|\n|t:|1737858006\n|move|p2b: Charming|Protect|p2b: Charming\n|-singleturn|p2b: Charming|Protect\n|move|p2a: Mr. Gassy|Protect|p2a: Mr. Gassy\n|-singleturn|p2a: Mr. Gassy|Protect\n|move|p1a: Indeedee|Expanding Force|p2a: Mr. Gassy|[spread] \n|-activate|p2a: Mr. Gassy|move: Protect\n|-activate|p2b: Charming|move: Protect\n|move|p1b: Incineroar|Flare Blitz|p2b: Charming\n|-activate|p2b: Charming|move: Protect\n|\n|-weather|none\n|-damage|p1b: Incineroar|56\/100 psn|[from] psn\n|-fieldend|move: Psychic Terrain\n|upkeep\n|turn|6\n|inactive|Hoshinaaa has 30 seconds left.\n|\n|t:|1737858035\n|move|p2b: Charming|Spirit Break|p1a: Indeedee\n|-damage|p1a: Indeedee|23\/100\n|-unboost|p1a: Indeedee|spa|1\n|move|p1a: Indeedee|Expanding Force|p2a: Mr. Gassy\n|-supereffective|p2a: Mr. Gassy\n|-damage|p2a: Mr. Gassy|5\/100\n|-enditem|p2a: Mr. Gassy|Sitrus Berry|[eat]\n|-heal|p2a: Mr. Gassy|30\/100|[from] item: Sitrus Berry\n|move|p2a: Mr. Gassy|Sludge Bomb|p1a: Indeedee\n|-damage|p1a: Indeedee|0 fnt\n|faint|p1a: Indeedee\n|move|p1b: Incineroar|Flare Blitz|p2b: Charming\n|-damage|p2b: Charming|41\/100\n|-damage|p1b: Incineroar|40\/100 psn|[from] Recoil\n|-enditem|p1b: Incineroar|Sitrus Berry|[eat]\n|-heal|p1b: Incineroar|65\/100 psn|[from] item: Sitrus Berry\n|\n|-damage|p1b: Incineroar|53\/100 psn|[from] psn\n|upkeep\n|\n|t:|1737858058\n|switch|p1a: Flutter Mane|Flutter Mane, L50, tera:Fairy|9\/100\n|turn|7\n|\n|t:|1737858068\n|move|p2b: Charming|Protect|p2b: Charming\n|-singleturn|p2b: Charming|Protect\n|move|p2a: Mr. Gassy|Protect|p2a: Mr. Gassy\n|-singleturn|p2a: Mr. Gassy|Protect\n|move|p1a: Flutter Mane|Moonblast|p2b: Charming\n|-activate|p2b: Charming|move: Protect\n|move|p1b: Incineroar|Flare Blitz|p2a: Mr. Gassy\n|-activate|p2a: Mr. Gassy|move: Protect\n|\n|-damage|p1b: Incineroar|40\/100 psn|[from] psn\n|upkeep\n|turn|8\n|\n|t:|1737858083\n|move|p2b: Charming|Shadow Sneak|p1a: Flutter Mane\n|-damage|p1a: Flutter Mane|0 fnt\n|faint|p1a: Flutter Mane\n|-end|p1a: Flutter Mane|Protosynthesis|[silent]\n|move|p2a: Mr. Gassy|Sludge Bomb|p1b: Incineroar\n|-damage|p1b: Incineroar|19\/100 psn\n|move|p1b: Incineroar|Flare Blitz|p2a: Mr. Gassy\n|-damage|p2a: Mr. Gassy|0 fnt\n|faint|p2a: Mr. Gassy\n|-end|p2a: Mr. Gassy|ability: Neutralizing Gas\n|-ability|p1b: Incineroar|Intimidate|boost\n|-unboost|p2b: Charming|atk|1\n|-damage|p1b: Incineroar|12\/100 psn|[from] Recoil\n|-enditem|p2b: Charming|Booster Energy\n|-activate|p2b: Charming|ability: Quark Drive|[fromitem]\n|-start|p2b: Charming|quarkdrivespe\n|\n|-damage|p1b: Incineroar|0 fnt|[from] psn\n|faint|p1b: Incineroar\n|upkeep\n|\n|t:|1737858102\n|switch|p1b: Groudon|Groudon, L50|14\/100\n|-weather|SunnyDay|[from] ability: Drought|[of] p1b: Groudon\n|turn|9\n|\n|t:|1737858107\n|move|p2b: Charming|Close Combat|p1b: Groudon\n|-damage|p1b: Groudon|0 fnt\n|-unboost|p2b: Charming|def|1\n|-unboost|p2b: Charming|spd|1\n|faint|p1b: Groudon\n|\n|win|infinitygroudon\n|raw|Hoshinaaa's rating: 1562 &rarr; <strong>1549<\/strong><br \/>(-13 for losing)\n|raw|infinitygroudon's rating: 1697 &rarr; <strong>1710<\/strong><br \/>(+13 for winning)\n|l|\u2606infinitygroudon\n|player|p2|\n|l|\u2606Hoshinaaa\n|player|p1|\n","uploadtime":1737858256,"views":13,"formatid":"gen9vgc2025regg","rating":1549,"private":0,"password":null}