{"id":"gen9vgc2025regg-2288904868","format":"[Gen 9] VGC 2025 Reg G","players":["Jasondddd","actuary97"],"log":"|j|\u2606Jasondddd\n|j|\u2606actuary97\n|t:|1737946127\n|gametype|doubles\n|player|p1|Jasondddd|lucas|1619\n|player|p2|actuary97|sabrina-frlg|1570\n|teamsize|p1|6\n|teamsize|p2|6\n|gen|9\n|tier|[Gen 9] VGC 2025 Reg G\n|rated|\n|rule|Species Clause: Limit one of each Pok\u00e9mon\n|rule|Item Clause: Limit 1 of each item\n|clearpoke\n|poke|p1|Miraidon, L50|\n|poke|p1|Incineroar, L50, M|\n|poke|p1|Tinkaton, L50, F|\n|poke|p1|Ogerpon-Cornerstone, L50, F|\n|poke|p1|Iron Valiant, L50|\n|poke|p1|Moltres-Galar, L50|\n|poke|p2|Amoonguss, L50, M|\n|poke|p2|Whimsicott, L50, M|\n|poke|p2|Armarouge, L50, M|\n|poke|p2|Kyogre, L50|\n|poke|p2|Archaludon, L50, M|\n|poke|p2|Indeedee-F, L50, F|\n|teampreview|4\nactuary97 has agreed to open team sheets.\n|inactive|Battle timer is ON: inactive players will automatically lose when time's up. (requested by actuary97)\n|\n|t:|1737946169\n|start\n|switch|p1a: Iron Valiant|Iron Valiant, L50|100\/100\n|switch|p1b: Moltres|Moltres-Galar, L50|100\/100\n|switch|p2a: Armarouge|Armarouge, L50, M|100\/100\n|switch|p2b: Indeedee|Indeedee-F, L50, F, shiny|100\/100\n|-fieldstart|move: Psychic Terrain|[from] ability: Psychic Surge|[of] p2b: Indeedee\n|-enditem|p2b: Indeedee|Psychic Seed\n|-boost|p2b: Indeedee|spd|1|[from] item: Psychic Seed\n|turn|1\n|\n|t:|1737946187\n|move|p2a: Armarouge|Wide Guard|p2a: Armarouge\n|-singleturn|p2a: Armarouge|Wide Guard\n|move|p1a: Iron Valiant|Thunder Wave|p2a: Armarouge\n|-status|p2a: Armarouge|par\n|move|p1b: Moltres|Fiery Wrath|p2b: Indeedee|[spread] \n|-activate|p2a: Armarouge|move: Wide Guard\n|-activate|p2b: Indeedee|move: Wide Guard\n|move|p2b: Indeedee|Trick Room|p2b: Indeedee\n|-fieldstart|move: Trick Room|[of] p2b: Indeedee\n|\n|upkeep\n|turn|2\n|\n|t:|1737946203\n|move|p1a: Iron Valiant|Wide Guard|p1a: Iron Valiant\n|-singleturn|p1a: Iron Valiant|Wide Guard\n|move|p2a: Armarouge|Meteor Beam||[still]\n|-prepare|p2a: Armarouge|Meteor Beam\n|-boost|p2a: Armarouge|spa|1\n|-enditem|p2a: Armarouge|Power Herb\n|-anim|p2a: Armarouge|Meteor Beam|p1b: Moltres\n|-supereffective|p1b: Moltres\n|-damage|p1b: Moltres|4\/100\n|-ability|p1b: Moltres|Berserk|boost\n|-boost|p1b: Moltres|spa|1\n|move|p2b: Indeedee|Psychic|p1a: Iron Valiant\n|-supereffective|p1a: Iron Valiant\n|-enditem|p1a: Iron Valiant|Focus Sash\n|-damage|p1a: Iron Valiant|1\/100\n|move|p1b: Moltres|Fiery Wrath|p2b: Indeedee|[spread] p2a,p2b\n|-supereffective|p2a: Armarouge\n|-supereffective|p2b: Indeedee\n|-damage|p2a: Armarouge|0 fnt\n|-damage|p2b: Indeedee|46\/100\n|faint|p2a: Armarouge\n|\n|upkeep\n|\n|t:|1737946219\n|switch|p2a: Archaludon|Archaludon, L50, M, shiny|100\/100\n|turn|3\n|\n|t:|1737946231\n|switch|p2b: Kyogre|Kyogre, L50, shiny|100\/100\n|-weather|RainDance|[from] ability: Drizzle|[of] p2b: Kyogre\n|-end|p1a: Iron Valiant|Quark Drive|[silent]\n|switch|p1a: Ogerpon|Ogerpon-Cornerstone, L50, F|100\/100\n|move|p1b: Moltres|Protect|p1b: Moltres\n|-singleturn|p1b: Moltres|Protect\n|move|p2a: Archaludon|Snarl|p1a: Ogerpon|[spread] p1a\n|-activate|p1b: Moltres|move: Protect\n|-damage|p1a: Ogerpon|85\/100\n|-unboost|p1a: Ogerpon|spa|1\n|\n|-weather|RainDance|[upkeep]\n|upkeep\n|turn|4\n|\n|t:|1737946260\n|switch|p1b: Miraidon|Miraidon, L50|100\/100\n|-fieldstart|move: Electric Terrain|[from] ability: Hadron Engine|[of] p1b: Miraidon\n|-terastallize|p2b: Kyogre|Grass\n|move|p1a: Ogerpon|Spiky Shield|p1a: Ogerpon\n|-singleturn|p1a: Ogerpon|move: Protect\n|move|p2a: Archaludon|Electro Shot||[still]\n|-prepare|p2a: Archaludon|Electro Shot\n|-boost|p2a: Archaludon|spa|1\n|-anim|p2a: Archaludon|Electro Shot|p1b: Miraidon\n|-resisted|p1b: Miraidon\n|-damage|p1b: Miraidon|82\/100\n|move|p2b: Kyogre|Calm Mind|p2b: Kyogre\n|-boost|p2b: Kyogre|spa|1\n|-boost|p2b: Kyogre|spd|1\n|\n|-weather|RainDance|[upkeep]\n|upkeep\n|turn|5\n|inactive|Jasondddd has 30 seconds left.\n|\n|t:|1737946292\n|switch|p1a: Moltres|Moltres-Galar, L50|4\/100\n|move|p2a: Archaludon|Flash Cannon|p1a: Moltres\n|-damage|p1a: Moltres|0 fnt\n|faint|p1a: Moltres\n|move|p2b: Kyogre|Ice Beam|p1b: Miraidon\n|-supereffective|p1b: Miraidon\n|-damage|p1b: Miraidon|0 fnt\n|faint|p1b: Miraidon\n|\n|-weather|RainDance|[upkeep]\n|-fieldend|move: Trick Room\n|upkeep\n|\n|t:|1737946305\n|switch|p1b: Iron Valiant|Iron Valiant, L50|1\/100\n|switch|p1a: Ogerpon|Ogerpon-Cornerstone, L50, F|85\/100\n|-activate|p1b: Iron Valiant|ability: Quark Drive\n|-start|p1b: Iron Valiant|quarkdrivespe\n|turn|6\n|\n|t:|1737946317\n|move|p1b: Iron Valiant|Close Combat|p2a: Archaludon\n|-supereffective|p2a: Archaludon\n|-damage|p2a: Archaludon|9\/100\n|-unboost|p1b: Iron Valiant|def|1\n|-unboost|p1b: Iron Valiant|spd|1\n|-ability|p2a: Archaludon|Stamina|boost\n|-boost|p2a: Archaludon|def|1\n|move|p1a: Ogerpon|Ivy Cudgel|p2b: Kyogre|[anim] Ivy Cudgel Rock\n|-damage|p2b: Kyogre|50\/100\n|move|p2b: Kyogre|Origin Pulse|p1b: Iron Valiant|[spread] p1a,p1b\n|-damage|p1a: Ogerpon|0 fnt\n|-damage|p1b: Iron Valiant|0 fnt\n|faint|p1a: Ogerpon\n|faint|p1b: Iron Valiant\n|-end|p1b: Iron Valiant|Quark Drive|[silent]\n|\n|win|actuary97\n|raw|Jasondddd's rating: 1619 &rarr; <strong>1596<\/strong><br \/>(-23 for losing)\n|raw|actuary97's rating: 1570 &rarr; <strong>1593<\/strong><br \/>(+23 for winning)\n|c|\u2606actuary97|gg\n|l|\u2606Jasondddd\n|player|p1|\n","uploadtime":1737946585,"views":6,"formatid":"gen9vgc2025regg","rating":1593,"private":0,"password":null}