{"id":"gen9vgc2025regg-2288352202","format":"[Gen 9] VGC 2025 Reg G","players":["ZTMY ENCORE","TonyPajamas16"],"log":"|j|\u2606ZTMY ENCORE\n|j|\u2606TonyPajamas16\n|t:|1737866036\n|gametype|doubles\n|player|p1|ZTMY ENCORE|1|1623\n|player|p2|TonyPajamas16|ingo|1637\n|teamsize|p1|6\n|teamsize|p2|6\n|gen|9\n|tier|[Gen 9] VGC 2025 Reg G\n|rated|\n|rule|Species Clause: Limit one of each Pok\u00e9mon\n|rule|Item Clause: Limit 1 of each item\n|clearpoke\n|poke|p1|Terapagos, L50, M|\n|poke|p1|Smeargle, L50, M|\n|poke|p1|Tornadus, L50, M|\n|poke|p1|Ogerpon-Hearthflame, L50, F|\n|poke|p1|Dondozo, L50, F|\n|poke|p1|Tatsugiri-Stretchy, L50, M|\n|poke|p2|Groudon, L50|\n|poke|p2|Sableye, L50, M|\n|poke|p2|Gouging Fire, L50|\n|poke|p2|Scream Tail, L50|\n|poke|p2|Raging Bolt, L50|\n|poke|p2|Venusaur, L50, M|\n|teampreview|4\nTonyPajamas16 has agreed to open team sheets.\n|\n|t:|1737866073\n|start\n|switch|p1a: Terapagos|Terapagos, L50, M|100\/100\n|switch|p1b: Smeargle|Smeargle, L50, M|100\/100\n|switch|p2a: Venusaur|Venusaur, L50, M|100\/100\n|switch|p2b: Sableye|Sableye, L50, M, shiny|100\/100\n|-activate|p1a: Terapagos|ability: Tera Shift\n|detailschange|p1a: Terapagos|Terapagos-Terastal, L50, M\n|-heal|p1a: Terapagos|100\/100|[silent]\n|turn|1\n|j| Lavenderawa\n|\n|t:|1737866104\n|move|p1b: Smeargle|Fake Out|p2a: Venusaur\n|-damage|p2a: Venusaur|94\/100\n|move|p2b: Sableye|Gravity|p2b: Sableye\n|-fieldstart|move: Gravity\n|move|p1a: Terapagos|Tera Starstorm|p2a: Venusaur\n|-damage|p2a: Venusaur|0 fnt\n|faint|p2a: Venusaur\n|\n|-ability|p1b: Smeargle|Moody|boost\n|-boost|p1b: Smeargle|def|2\n|-unboost|p1b: Smeargle|atk|1\n|upkeep\n|\n|t:|1737866113\n|switch|p2a: Raging Bolt|Raging Bolt, L50|100\/100\n|turn|2\n|\n|t:|1737866120\n|move|p1b: Smeargle|Follow Me|p1b: Smeargle\n|-singleturn|p1b: Smeargle|move: Follow Me\n|move|p2b: Sableye|Encore|p1b: Smeargle\n|-start|p1b: Smeargle|Encore\n|move|p1a: Terapagos|Tera Starstorm|p2a: Raging Bolt\n|-damage|p2a: Raging Bolt|32\/100\n|move|p2a: Raging Bolt|Thunderbolt|p1b: Smeargle\n|-enditem|p1b: Smeargle|Focus Sash\n|-damage|p1b: Smeargle|1\/100\n|\n|-ability|p1b: Smeargle|Moody|boost\n|-boost|p1b: Smeargle|def|2\n|-unboost|p1b: Smeargle|spa|1\n|upkeep\n|turn|3\n|\n|t:|1737866132\n|-terastallize|p1a: Terapagos|Stellar\n|detailschange|p1a: Terapagos|Terapagos-Stellar, L50, M, tera:Stellar\n|-heal|p1a: Terapagos|100\/100|[silent]\n|move|p2a: Raging Bolt|Protect|p2a: Raging Bolt\n|-singleturn|p2a: Raging Bolt|Protect\n|move|p1b: Smeargle|Follow Me|p1b: Smeargle\n|-singleturn|p1b: Smeargle|move: Follow Me\n|move|p2b: Sableye|Disable|p1b: Smeargle\n|-start|p1b: Smeargle|Disable|Follow Me\n|move|p1a: Terapagos|Tera Starstorm|p2b: Sableye|[spread] p2b\n|-activate|p2a: Raging Bolt|move: Protect\n|-damage|p2b: Sableye|18\/100\n|-enditem|p2b: Sableye|Eject Button\n|\n|t:|1737866144\n|switch|p2b: Groudon|Groudon, L50|100\/100\n|-weather|SunnyDay|[from] ability: Drought|[of] p2b: Groudon\n|-activate|p2a: Raging Bolt|ability: Protosynthesis\n|-start|p2a: Raging Bolt|protosynthesisspa\n|\n|-weather|SunnyDay|[upkeep]\n|-ability|p1b: Smeargle|Moody|boost\n|-boost|p1b: Smeargle|atk|2\n|-unboost|p1b: Smeargle|spa|1\n|upkeep\n|turn|4\n|\n|t:|1737866158\n|switch|p1b: Tornadus|Tornadus, L50, M|100\/100\n|move|p2a: Raging Bolt|Thunderclap|p1a: Terapagos\n|-damage|p1a: Terapagos|60\/100\n|move|p1a: Terapagos|Tera Starstorm|p2a: Raging Bolt|[spread] p2a,p2b\n|-damage|p2a: Raging Bolt|0 fnt\n|-damage|p2b: Groudon|63\/100\n|faint|p2a: Raging Bolt\n|-end|p2a: Raging Bolt|Protosynthesis|[silent]\n|move|p2b: Groudon|Precipice Blades|p1a: Terapagos|[spread] p1a,p1b\n|-damage|p1a: Terapagos|23\/100\n|-damage|p1b: Tornadus|35\/100\n|\n|-weather|SunnyDay|[upkeep]\n|upkeep\n|\n|t:|1737866169\n|switch|p2a: Sableye|Sableye, L50, M, shiny|18\/100\n|turn|5\n|\n|t:|1737866173\n|move|p2a: Sableye|Disable|p1a: Terapagos\n|-start|p1a: Terapagos|Disable|Tera Starstorm\n|move|p1b: Tornadus|Bleakwind Storm|p2a: Sableye|[spread] p2a,p2b\n|-damage|p2a: Sableye|0 fnt\n|-damage|p2b: Groudon|43\/100\n|-unboost|p2b: Groudon|spe|1\n|faint|p2a: Sableye\n|cant|p1a: Terapagos|Disable|Tera Starstorm\n|move|p2b: Groudon|Precipice Blades|p1a: Terapagos|[spread] p1a,p1b\n|-damage|p1a: Terapagos|0 fnt\n|-damage|p1b: Tornadus|0 fnt\n|faint|p1a: Terapagos\n|faint|p1b: Tornadus\n|\n|-weather|SunnyDay|[upkeep]\n|-fieldend|move: Gravity\n|upkeep\n|\n|t:|1737866180\n|switch|p1b: Smeargle|Smeargle, L50, M|1\/100\n|switch|p1a: Ogerpon|Ogerpon-Hearthflame, L50, F|100\/100\n|-ability|p1a: Ogerpon|Mold Breaker\n|turn|6\n|\n|t:|1737866187\n|-terastallize|p2b: Groudon|Fire\n|move|p1a: Ogerpon|Ivy Cudgel|p2b: Groudon|[anim] Ivy Cudgel Fire\n|-resisted|p2b: Groudon\n|-damage|p2b: Groudon|13\/100\n|move|p1b: Smeargle|Spore|p2b: Groudon\n|-status|p2b: Groudon|slp|[from] move: Spore\n|cant|p2b: Groudon|slp\n|\n|-weather|SunnyDay|[upkeep]\n|-ability|p1b: Smeargle|Moody|boost\n|-boost|p1b: Smeargle|spa|2\n|-unboost|p1b: Smeargle|spe|1\n|upkeep\n|turn|7\n|inactive|Battle timer is ON: inactive players will automatically lose when time's up. (requested by TonyPajamas16)\n|\n|t:|1737866194\n|move|p1b: Smeargle|Follow Me|p1b: Smeargle\n|-singleturn|p1b: Smeargle|move: Follow Me\n|move|p1a: Ogerpon|Ivy Cudgel|p2b: Groudon|[anim] Ivy Cudgel Fire\n|-resisted|p2b: Groudon\n|-damage|p2b: Groudon|0 fnt\n|faint|p2b: Groudon\n|\n|win|ZTMY ENCORE\n|raw|ZTMY ENCORE's rating: 1623 &rarr; <strong>1644<\/strong><br \/>(+21 for winning)\n|raw|TonyPajamas16's rating: 1637 &rarr; <strong>1616<\/strong><br \/>(-21 for losing)\n|l|\u2606ZTMY ENCORE\n|player|p1|\n|l|\u2606TonyPajamas16\n|player|p2|\n|l| Lavenderawa\n","uploadtime":1737866430,"views":17,"formatid":"gen9vgc2025regg","rating":1616,"private":0,"password":null}