{"id":"gen9vgc2025regg-2288417850","format":"[Gen 9] VGC 2025 Reg G","players":["zhanlinxie","seung2742"],"log":"|j|\u2606zhanlinxie\n|j|\u2606seung2742\n|t:|1737877956\n|gametype|doubles\n|player|p1|zhanlinxie|marley|1598\n|player|p2|seung2742|265|1644\n|teamsize|p1|6\n|teamsize|p2|6\n|gen|9\n|tier|[Gen 9] VGC 2025 Reg G\n|rated|\n|rule|Species Clause: Limit one of each Pok\u00e9mon\n|rule|Item Clause: Limit 1 of each item\n|clearpoke\n|poke|p1|Calyrex-Ice, L50|\n|poke|p1|Iron Valiant, L50|\n|poke|p1|Urshifu-*, L50, F|\n|poke|p1|Pelipper, L50, F|\n|poke|p1|Landorus, L50, M|\n|poke|p1|Amoonguss, L50, F|\n|poke|p2|Groudon, L50|\n|poke|p2|Rillaboom, L50, M|\n|poke|p2|Gouging Fire, L50|\n|poke|p2|Regidrago, L50|\n|poke|p2|Iron Crown, L50|\n|poke|p2|Yanmega, L50, M|\n|teampreview|4\n|inactive|Battle timer is ON: inactive players will automatically lose when time's up. (requested by seung2742)\n|inactive|seung2742 has 60 seconds left.\n|inactive|seung2742 has 30 seconds left.\n|inactive|zhanlinxie has 60 seconds left.\n|inactive|seung2742 has 20 seconds left.\n|\n|t:|1737878046\n|start\n|switch|p1a: Calyrex|Calyrex-Ice, L50|100\/100\n|switch|p1b: Iron Valiant|Iron Valiant, L50|100\/100\n|switch|p2a: Iron Crown|Iron Crown, L50|100\/100\n|switch|p2b: Yanmega|Yanmega, L50, M|100\/100\n|-ability|p1a: Calyrex|As One\n|-ability|p1a: Calyrex|Unnerve\n|-enditem|p1b: Iron Valiant|Booster Energy\n|-activate|p1b: Iron Valiant|ability: Quark Drive|[fromitem]\n|-start|p1b: Iron Valiant|quarkdrivespe\n|-enditem|p2a: Iron Crown|Booster Energy\n|-activate|p2a: Iron Crown|ability: Quark Drive|[fromitem]\n|-start|p2a: Iron Crown|quarkdrivespe\n|turn|1\n|inactive|seung2742 has 30 seconds left.\n|\n|t:|1737878081\n|move|p1b: Iron Valiant|Spirit Break|p2b: Yanmega\n|-damage|p2b: Yanmega|66\/100\n|-unboost|p2b: Yanmega|spa|1\n|move|p2a: Iron Crown|Gravity|p2a: Iron Crown\n|-fieldstart|move: Gravity\n|move|p2b: Yanmega|Hypnosis|p1b: Iron Valiant\n|-status|p1b: Iron Valiant|slp|[from] move: Hypnosis\n|move|p1a: Calyrex|Trick Room|p1a: Calyrex\n|-fieldstart|move: Trick Room|[of] p1a: Calyrex\n|\n|-ability|p2b: Yanmega|Speed Boost|boost\n|-boost|p2b: Yanmega|spe|1\n|upkeep\n|turn|2\n|inactive|zhanlinxie has 30 seconds left.\n|\n|t:|1737878110\n|-terastallize|p1a: Calyrex|Grass\n|move|p2b: Yanmega|Protect|p2b: Yanmega\n|-singleturn|p2b: Yanmega|Protect\n|move|p1a: Calyrex|Glacial Lance|p2b: Yanmega|[spread] p2a\n|-activate|p2b: Yanmega|move: Protect\n|-resisted|p2a: Iron Crown\n|-damage|p2a: Iron Crown|68\/100\n|move|p2a: Iron Crown|Tachyon Cutter|p1a: Calyrex\n|-damage|p1a: Calyrex|86\/100\n|-damage|p1a: Calyrex|69\/100\n|-hitcount|p1a: Calyrex|2\n|cant|p1b: Iron Valiant|slp\n|\n|-ability|p2b: Yanmega|Speed Boost|boost\n|-boost|p2b: Yanmega|spe|1\n|upkeep\n|turn|3\n|inactive|zhanlinxie has 30 seconds left.\n|inactive|seung2742 has 30 seconds left.\n|\n|t:|1737878141\n|move|p1a: Calyrex|Glacial Lance|p2a: Iron Crown|[spread] p2a,p2b\n|-resisted|p2a: Iron Crown\n|-supereffective|p2b: Yanmega\n|-damage|p2a: Iron Crown|39\/100\n|-damage|p2b: Yanmega|0 fnt\n|faint|p2b: Yanmega\n|-ability|p1a: Calyrex|Chilling Neigh|boost\n|-boost|p1a: Calyrex|atk|1\n|move|p2a: Iron Crown|Tachyon Cutter|p1b: Iron Valiant\n|-supereffective|p1b: Iron Valiant\n|-damage|p1b: Iron Valiant|31\/100 slp\n|-supereffective|p1b: Iron Valiant\n|-damage|p1b: Iron Valiant|0 fnt\n|faint|p1b: Iron Valiant\n|-end|p1b: Iron Valiant|Quark Drive|[silent]\n|-hitcount|p1: Iron Valiant|2\n|\n|upkeep\n|inactive|zhanlinxie has 30 seconds left.\n|\n|t:|1737878169\n|switch|p2b: Groudon|Groudon, L50|100\/100\n|switch|p1b: Landorus|Landorus, L50, M|100\/100\n|-weather|SunnyDay|[from] ability: Drought|[of] p2b: Groudon\n|turn|4\n|\n|t:|1737878185\n|switch|p1b: Pelipper|Pelipper, L50, F|100\/100\n|-weather|RainDance|[from] ability: Drizzle|[of] p1b: Pelipper\n|-terastallize|p2b: Groudon|Fire\n|move|p1a: Calyrex|Glacial Lance|p2b: Groudon|[spread] p2a,p2b\n|-resisted|p2a: Iron Crown\n|-resisted|p2b: Groudon\n|-damage|p2a: Iron Crown|0 fnt\n|-damage|p2b: Groudon|71\/100\n|faint|p2a: Iron Crown\n|-end|p2a: Iron Crown|Quark Drive|[silent]\n|-ability|p1a: Calyrex|Chilling Neigh|boost\n|-boost|p1a: Calyrex|atk|1\n|move|p2b: Groudon|Precipice Blades|p1a: Calyrex|[spread] p1a,p1b\n|-resisted|p1a: Calyrex\n|-damage|p1a: Calyrex|42\/100\n|-damage|p1b: Pelipper|14\/100\n|\n|-weather|RainDance|[upkeep]\n|upkeep\n|\n|t:|1737878200\n|switch|p2a: Rillaboom|Rillaboom, L50, M|100\/100\n|-fieldstart|move: Grassy Terrain|[from] ability: Grassy Surge|[of] p2a: Rillaboom\n|turn|5\n|inactive|zhanlinxie has 30 seconds left.\n|\n|t:|1737878227\n|move|p2a: Rillaboom|Fake Out|p1a: Calyrex\n|-damage|p1a: Calyrex|34\/100\n|cant|p1a: Calyrex|flinch\n|move|p1b: Pelipper|Hurricane|p2a: Rillaboom\n|-supereffective|p2a: Rillaboom\n|-damage|p2a: Rillaboom|16\/100\n|-start|p2a: Rillaboom|confusion\n|-damage|p1b: Pelipper|4\/100|[from] item: Life Orb\n|move|p2b: Groudon|Precipice Blades|p1b: Pelipper|[spread] p1a,p1b\n|-resisted|p1a: Calyrex\n|-damage|p1a: Calyrex|10\/100\n|-damage|p1b: Pelipper|0 fnt\n|faint|p1b: Pelipper\n|\n|-weather|RainDance|[upkeep]\n|-heal|p1a: Calyrex|16\/100|[from] Grassy Terrain\n|-heal|p2a: Rillaboom|21\/100|[from] Grassy Terrain\n|-heal|p2b: Groudon|77\/100|[from] Grassy Terrain\n|-fieldend|move: Trick Room\n|-fieldend|move: Gravity\n|upkeep\n|\n|t:|1737878229\n|switch|p1b: Landorus|Landorus, L50, M|100\/100\n|turn|6\n|-message|seung2742 forfeited.\n|\n|win|zhanlinxie\n|raw|zhanlinxie's rating: 1598 &rarr; <strong>1621<\/strong><br \/>(+23 for winning)\n|raw|seung2742's rating: 1644 &rarr; <strong>1621<\/strong><br \/>(-23 for losing)\n|l|\u2606seung2742\n|player|p2|\n|l|\u2606zhanlinxie\n|player|p1|\n","uploadtime":1737878475,"views":20,"formatid":"gen9vgc2025regg","rating":1621,"private":0,"password":null}