{"id":"gen9vgc2025regg-2288977569","format":"[Gen 9] VGC 2025 Reg G","players":["Imnotagni","Jasondddd"],"log":"|j|\u2606Imnotagni\n|j|\u2606Jasondddd\n|t:|1737957102\n|gametype|doubles\n|player|p1|Imnotagni|policeman-gen4|1573\n|player|p2|Jasondddd|lucas|1605\n|teamsize|p1|6\n|teamsize|p2|6\n|gen|9\n|tier|[Gen 9] VGC 2025 Reg G\n|rated|\n|rule|Species Clause: Limit one of each Pok\u00e9mon\n|rule|Item Clause: Limit 1 of each item\n|clearpoke\n|poke|p1|Tornadus, L50, M|\n|poke|p1|Chien-Pao, L50|\n|poke|p1|Urshifu-*, L50, M|\n|poke|p1|Tsareena, L50, F|\n|poke|p1|Rillaboom, L50, M|\n|poke|p1|Kyogre, L50|\n|poke|p2|Miraidon, L50|\n|poke|p2|Incineroar, L50, M|\n|poke|p2|Tinkaton, L50, F|\n|poke|p2|Ogerpon-Cornerstone, L50, F|\n|poke|p2|Iron Valiant, L50|\n|poke|p2|Moltres-Galar, L50|\n|teampreview|4\n|inactive|Battle timer is ON: inactive players will automatically lose when time's up. (requested by Imnotagni)\n|j| mr pogostick\n|inactive|Imnotagni has 60 seconds left.\n|inactive|Jasondddd has 60 seconds left.\n|inactive|Imnotagni has 30 seconds left.\n|inactive|Jasondddd has 30 seconds left.\n|inactive|Jasondddd has 20 seconds left.\n|\n|t:|1737957176\n|start\n|switch|p1a: Tornadus|Tornadus, L50, M|100\/100\n|switch|p1b: Urshifu|Urshifu-Rapid-Strike, L50, M|100\/100\n|switch|p2a: Iron Valiant|Iron Valiant, L50|100\/100\n|switch|p2b: Tinkaton|Tinkaton, L50, F|100\/100\n|-ability|p2b: Tinkaton|Mold Breaker\n|turn|1\n|\n|t:|1737957193\n|move|p1b: Urshifu|Protect|p1b: Urshifu\n|-singleturn|p1b: Urshifu|Protect\n|move|p1a: Tornadus|Tailwind|p1a: Tornadus\n|-sidestart|p1: Imnotagni|move: Tailwind\n|move|p2a: Iron Valiant|Thunder Wave|p1b: Urshifu\n|-activate|p1b: Urshifu|move: Protect\n|move|p2b: Tinkaton|Gigaton Hammer|p1a: Tornadus\n|-damage|p1a: Tornadus|28\/100\n|\n|upkeep\n|turn|2\n|inactive|Imnotagni has 30 seconds left.\n|\n|t:|1737957218\n|-end|p2a: Iron Valiant|Quark Drive|[silent]\n|switch|p2a: Miraidon|Miraidon, L50|100\/100\n|-fieldstart|move: Electric Terrain|[from] ability: Hadron Engine|[of] p2a: Miraidon\n|-terastallize|p1b: Urshifu|Grass\n|move|p2b: Tinkaton|Feint|p1a: Tornadus\n|-damage|p1a: Tornadus|19\/100\n|move|p1a: Tornadus|Rain Dance|p1a: Tornadus\n|-weather|RainDance\n|move|p1b: Urshifu|Surging Strikes|p2a: Miraidon\n|-resisted|p2a: Miraidon\n|-crit|p2a: Miraidon\n|-damage|p2a: Miraidon|81\/100\n|-resisted|p2a: Miraidon\n|-crit|p2a: Miraidon\n|-damage|p2a: Miraidon|62\/100\n|-resisted|p2a: Miraidon\n|-crit|p2a: Miraidon\n|-damage|p2a: Miraidon|42\/100\n|-hitcount|p2a: Miraidon|3\n|-damage|p1b: Urshifu|91\/100|[from] item: Life Orb\n|\n|-weather|RainDance|[upkeep]\n|upkeep\n|turn|3\n|inactive|Jasondddd has 30 seconds left.\n|\n|t:|1737957249\n|switch|p2a: Ogerpon|Ogerpon-Cornerstone, L50, F|100\/100\n|move|p1a: Tornadus|Hurricane|p2b: Tinkaton\n|-resisted|p2b: Tinkaton\n|-damage|p2b: Tinkaton|79\/100\n|-enditem|p2b: Tinkaton|Eject Button\n|\n|t:|1737957255\n|switch|p2b: Iron Valiant|Iron Valiant, L50|100\/100\n|-activate|p2b: Iron Valiant|ability: Quark Drive\n|-start|p2b: Iron Valiant|quarkdrivespe\n|move|p1b: Urshifu|Surging Strikes|p2a: Ogerpon\n|-crit|p2a: Ogerpon\n|-damage|p2a: Ogerpon|48\/100\n|-crit|p2a: Ogerpon\n|-damage|p2a: Ogerpon|0 fnt\n|faint|p2a: Ogerpon\n|-hitcount|p2: Ogerpon|2\n|-damage|p1b: Urshifu|81\/100|[from] item: Life Orb\n|\n|-weather|RainDance|[upkeep]\n|upkeep\n|\n|t:|1737957270\n|switch|p2a: Tinkaton|Tinkaton, L50, F|79\/100\n|-ability|p2a: Tinkaton|Mold Breaker\n|turn|4\n|\n|t:|1737957279\n|move|p1a: Tornadus|Protect|p1a: Tornadus\n|-singleturn|p1a: Tornadus|Protect\n|move|p1b: Urshifu|Protect|p1b: Urshifu\n|-singleturn|p1b: Urshifu|Protect\n|move|p2a: Tinkaton|Fake Out|p1b: Urshifu\n|-activate|p1b: Urshifu|move: Protect\n|move|p2b: Iron Valiant|Close Combat|p1a: Tornadus\n|-activate|p1a: Tornadus|move: Protect\n|\n|-weather|RainDance|[upkeep]\n|-sideend|p1: Imnotagni|move: Tailwind\n|upkeep\n|turn|5\n|-message|Jasondddd forfeited.\n|\n|win|Imnotagni\n|raw|Imnotagni's rating: 1573 &rarr; <strong>1595<\/strong><br \/>(+22 for winning)\n|raw|Jasondddd's rating: 1605 &rarr; <strong>1583<\/strong><br \/>(-22 for losing)\n|l|\u2606Imnotagni\n|player|p1|\n|l| mr pogostick\n","uploadtime":1737957466,"views":14,"formatid":"gen9vgc2025regg","rating":1583,"private":0,"password":null}