{"id":"gen9vgc2025regg-2288533725","format":"[Gen 9] VGC 2025 Reg G","players":["Prometheus756","hamanri12345"],"log":"|j|\u2606Prometheus756\n|j|\u2606hamanri12345\n|t:|1737900633\n|gametype|doubles\n|player|p1|Prometheus756|gentleman-gen4dp|1650\n|player|p2|hamanri12345|lucas|1572\n|teamsize|p1|6\n|teamsize|p2|6\n|gen|9\n|tier|[Gen 9] VGC 2025 Reg G\n|rated|\n|rule|Species Clause: Limit one of each Pok\u00e9mon\n|rule|Item Clause: Limit 1 of each item\n|clearpoke\n|poke|p1|Rayquaza, L50|\n|poke|p1|Rillaboom, L50, F|\n|poke|p1|Chien-Pao, L50|\n|poke|p1|Smeargle, L50, M|\n|poke|p1|Amoonguss, L50, F|\n|poke|p1|Muk-Alola, L50, M|\n|poke|p2|Miraidon, L50|\n|poke|p2|Iron Hands, L50|\n|poke|p2|Grimmsnarl, L50, M|\n|poke|p2|Volcarona, L50, M|\n|poke|p2|Cresselia, L50, F|\n|poke|p2|Iron Treads, L50|\n|teampreview|4\n|inactive|Battle timer is ON: inactive players will automatically lose when time's up. (requested by hamanri12345)\n|inactive|Prometheus756 has 60 seconds left.\n|inactive|hamanri12345 has 60 seconds left.\n|\n|t:|1737900677\n|start\n|switch|p1a: Rayquaza|Rayquaza, L50|100\/100\n|switch|p1b: Smeargle|Smeargle, L50, M|100\/100\n|switch|p2a: Grimmsnarl|Grimmsnarl, L50, M|100\/100\n|switch|p2b: Volcarona|Volcarona, L50, M|100\/100\n|-ability|p1a: Rayquaza|Air Lock\n|turn|1\n|\n|t:|1737900698\n|move|p1b: Smeargle|Fake Out|p2b: Volcarona\n|-damage|p2b: Volcarona|95\/100\n|-status|p1b: Smeargle|brn|[from] ability: Flame Body|[of] p2b: Volcarona\n|move|p2a: Grimmsnarl|Reflect|p2a: Grimmsnarl\n|-sidestart|p2: hamanri12345|Reflect\n|move|p1a: Rayquaza|Swords Dance|p1a: Rayquaza\n|-boost|p1a: Rayquaza|atk|2\n|cant|p2b: Volcarona|flinch\n|\n|-heal|p2b: Volcarona|100\/100|[from] item: Leftovers\n|-damage|p1b: Smeargle|94\/100 brn|[from] brn\n|-ability|p1b: Smeargle|Moody|boost\n|-boost|p1b: Smeargle|spa|2\n|-unboost|p1b: Smeargle|def|1\n|upkeep\n|turn|2\n|inactive|Prometheus756 has 30 seconds left.\n|\n|t:|1737900731\n|-terastallize|p2a: Grimmsnarl|Ghost\n|move|p1b: Smeargle|Follow Me|p1b: Smeargle\n|-singleturn|p1b: Smeargle|move: Follow Me\n|move|p2a: Grimmsnarl|Thunder Wave||[still]\n|-fail|p2a: Grimmsnarl\n|move|p1a: Rayquaza|Swords Dance|p1a: Rayquaza\n|-boost|p1a: Rayquaza|atk|2\n|move|p2b: Volcarona|Heat Wave|p1b: Smeargle|[spread] p1a,p1b\n|-resisted|p1a: Rayquaza\n|-damage|p1a: Rayquaza|82\/100\n|-damage|p1b: Smeargle|20\/100 brn\n|\n|-damage|p1b: Smeargle|13\/100 brn|[from] brn\n|-ability|p1b: Smeargle|Moody|boost\n|-boost|p1b: Smeargle|def|2\n|-unboost|p1b: Smeargle|spe|1\n|upkeep\n|turn|3\n|\n|t:|1737900750\n|move|p1b: Smeargle|Follow Me|p1b: Smeargle\n|-singleturn|p1b: Smeargle|move: Follow Me\n|move|p1a: Rayquaza|Dragon Ascent|p2b: Volcarona\n|-supereffective|p2b: Volcarona\n|-damage|p2b: Volcarona|0 fnt\n|-unboost|p1a: Rayquaza|def|1\n|-unboost|p1a: Rayquaza|spd|1\n|faint|p2b: Volcarona\n|move|p2a: Grimmsnarl|Spirit Break|p1b: Smeargle\n|-damage|p1b: Smeargle|0 fnt\n|faint|p1b: Smeargle\n|\n|upkeep\n|inactive|Prometheus756 has 30 seconds left.\n|\n|t:|1737900779\n|switch|p1b: Amoonguss|Amoonguss, L50, F|100\/100\n|switch|p2b: Iron Treads|Iron Treads, L50|100\/100\n|turn|4\n|\n|t:|1737900803\n|switch|p2a: Miraidon|Miraidon, L50|100\/100\n|-fieldstart|move: Electric Terrain|[from] ability: Hadron Engine|[of] p2a: Miraidon\n|-activate|p2b: Iron Treads|ability: Quark Drive\n|-start|p2b: Iron Treads|quarkdrivespe\n|move|p1b: Amoonguss|Rage Powder|p1b: Amoonguss\n|-singleturn|p1b: Amoonguss|move: Rage Powder\n|move|p2b: Iron Treads|Steel Roller|p1b: Amoonguss\n|-damage|p1b: Amoonguss|50\/100\n|-fieldend|move: Electric Terrain\n|-end|p2b: Iron Treads|Quark Drive\n|move|p1a: Rayquaza|Dragon Ascent|p2a: Miraidon\n|-resisted|p2a: Miraidon\n|-damage|p2a: Miraidon|28\/100\n|-unboost|p1a: Rayquaza|def|1\n|-unboost|p1a: Rayquaza|spd|1\n|\n|upkeep\n|turn|5\n|-message|hamanri12345 forfeited.\n|\n|win|Prometheus756\n|raw|Prometheus756's rating: 1650 &rarr; <strong>1666<\/strong><br \/>(+16 for winning)\n|raw|hamanri12345's rating: 1572 &rarr; <strong>1556<\/strong><br \/>(-16 for losing)\n|l|\u2606hamanri12345\n|player|p2|\n|l|\u2606Prometheus756\n|player|p1|\n","uploadtime":1737900967,"views":7,"formatid":"gen9vgc2025regg","rating":1556,"private":0,"password":null}