{"id":"gen9vgc2025regg-2288916205","format":"[Gen 9] VGC 2025 Reg G","players":["meiose","Spottedwoot"],"log":"|j|\u2606meiose\n|j|\u2606Spottedwoot\n|t:|1737947654\n|gametype|doubles\n|player|p1|meiose|schoolkid-gen4|1659\n|player|p2|Spottedwoot|266|1575\n|teamsize|p1|6\n|teamsize|p2|6\n|gen|9\n|tier|[Gen 9] VGC 2025 Reg G\n|rated|\n|rule|Species Clause: Limit one of each Pok\u00e9mon\n|rule|Item Clause: Limit 1 of each item\n|clearpoke\n|poke|p1|Zamazenta-*, L50|\n|poke|p1|Chien-Pao, L50|\n|poke|p1|Urshifu-*, L50, M|\n|poke|p1|Tornadus, L50, M|\n|poke|p1|Raging Bolt, L50|\n|poke|p1|Landorus, L50, M|\n|poke|p2|Calyrex-Shadow, L50|\n|poke|p2|Rillaboom, L50, F|\n|poke|p2|Urshifu-*, L50, M|\n|poke|p2|Incineroar, L50, F|\n|poke|p2|Clefairy, L50, M|\n|poke|p2|Raging Bolt, L50|\n|teampreview|4\n|inactive|Battle timer is ON: inactive players will automatically lose when time's up. (requested by Spottedwoot)\n|\n|t:|1737947707\n|start\n|switch|p1a: Zamazenta|Zamazenta-Crowned, L50|100\/100\n|switch|p1b: Chien-Pao|Chien-Pao, L50|100\/100\n|switch|p2a: Calyrex|Calyrex-Shadow, L50|100\/100\n|switch|p2b: Urshifu|Urshifu-Rapid-Strike, L50, M|100\/100\n|-ability|p2a: Calyrex|As One\n|-ability|p2a: Calyrex|Unnerve\n|-ability|p1b: Chien-Pao|Sword of Ruin\n|-ability|p1a: Zamazenta|Dauntless Shield|boost\n|-boost|p1a: Zamazenta|def|1\n|turn|1\n|inactive|Spottedwoot has 30 seconds left.\n|inactive|Spottedwoot has 20 seconds left.\n|\n|t:|1737947746\n|-terastallize|p1a: Zamazenta|Grass\n|move|p2a: Calyrex|Protect|p2a: Calyrex\n|-singleturn|p2a: Calyrex|Protect\n|move|p1b: Chien-Pao|Sucker Punch||[still]\n|-fail|p1b: Chien-Pao\n|move|p2b: Urshifu|U-turn|p1b: Chien-Pao\n|-supereffective|p1b: Chien-Pao\n|-damage|p1b: Chien-Pao|24\/100\n|\n|t:|1737947754\n|switch|p2b: Clefairy|Clefairy, L50, M|100\/100|[from] U-turn\n|move|p1a: Zamazenta|Body Press|p2b: Clefairy\n|-resisted|p2b: Clefairy\n|-damage|p2b: Clefairy|49\/100\n|\n|upkeep\n|turn|2\n|inactive|meiose has 30 seconds left.\n|\n|t:|1737947785\n|move|p1a: Zamazenta|Wide Guard|p1a: Zamazenta\n|-singleturn|p1a: Zamazenta|Wide Guard\n|move|p2b: Clefairy|Follow Me|p2b: Clefairy\n|-singleturn|p2b: Clefairy|move: Follow Me\n|move|p2a: Calyrex|Astral Barrage|p1a: Zamazenta|[spread] \n|-activate|p1a: Zamazenta|move: Wide Guard\n|-activate|p1b: Chien-Pao|move: Wide Guard\n|move|p1b: Chien-Pao|Ice Spinner|p2b: Clefairy\n|-damage|p2b: Clefairy|0 fnt\n|faint|p2b: Clefairy\n|\n|upkeep\n|\n|t:|1737947792\n|switch|p2b: Urshifu|Urshifu-Rapid-Strike, L50, M|100\/100\n|turn|3\n|inactive|meiose has 30 seconds left.\n|\n|t:|1737947824\n|switch|p1b: Raging Bolt|Raging Bolt, L50|100\/100\n|move|p2b: Urshifu|Surging Strikes|p1b: Raging Bolt\n|-resisted|p1b: Raging Bolt\n|-crit|p1b: Raging Bolt\n|-damage|p1b: Raging Bolt|92\/100\n|-resisted|p1b: Raging Bolt\n|-crit|p1b: Raging Bolt\n|-damage|p1b: Raging Bolt|83\/100\n|-resisted|p1b: Raging Bolt\n|-crit|p1b: Raging Bolt\n|-damage|p1b: Raging Bolt|75\/100\n|-hitcount|p1b: Raging Bolt|3\n|move|p2a: Calyrex|Nasty Plot|p2a: Calyrex\n|-boost|p2a: Calyrex|spa|2\n|move|p1a: Zamazenta|Body Press|p2b: Urshifu\n|-damage|p2b: Urshifu|30\/100\n|\n|upkeep\n|turn|4\n|\n|t:|1737947841\n|switch|p2b: Raging Bolt|Raging Bolt, L50|100\/100\n|-enditem|p2b: Raging Bolt|Booster Energy\n|-activate|p2b: Raging Bolt|ability: Protosynthesis|[fromitem]\n|-start|p2b: Raging Bolt|protosynthesisspa\n|move|p1b: Raging Bolt|Thunderclap|p2a: Calyrex\n|-damage|p2a: Calyrex|67\/100\n|move|p2a: Calyrex|Psyshock|p1b: Raging Bolt\n|-damage|p1b: Raging Bolt|0 fnt\n|faint|p1b: Raging Bolt\n|-end|p1b: Raging Bolt|Protosynthesis|[silent]\n|-ability|p2a: Calyrex|Grim Neigh|boost\n|-boost|p2a: Calyrex|spa|1\n|-damage|p2a: Calyrex|57\/100|[from] item: Life Orb\n|move|p1a: Zamazenta|Heavy Slam|p2a: Calyrex\n|-damage|p2a: Calyrex|6\/100\n|\n|upkeep\n|\n|t:|1737947863\n|switch|p1b: Chien-Pao|Chien-Pao, L50|24\/100\n|-ability|p1b: Chien-Pao|Sword of Ruin\n|turn|5\n|inactive|meiose has 30 seconds left.\n|inactive|meiose has 20 seconds left.\n|inactive|meiose has 15 seconds left.\n|inactive|meiose has 10 seconds left.\n|inactive|meiose has 5 seconds left.\n|\n|t:|1737947915\n|move|p1a: Zamazenta|Protect|p1a: Zamazenta\n|-singleturn|p1a: Zamazenta|Protect\n|move|p1b: Chien-Pao|Sucker Punch|p2a: Calyrex\n|-supereffective|p2a: Calyrex\n|-damage|p2a: Calyrex|0 fnt\n|faint|p2a: Calyrex\n|move|p2b: Raging Bolt|Draco Meteor|p1a: Zamazenta\n|-activate|p1a: Zamazenta|move: Protect\n|\n|upkeep\n|\n|t:|1737947919\n|switch|p2a: Urshifu|Urshifu-Rapid-Strike, L50, M|30\/100\n|turn|6\n|\n|t:|1737947928\n|-terastallize|p2b: Raging Bolt|Electric\n|move|p1b: Chien-Pao|Sucker Punch|p2b: Raging Bolt\n|-damage|p2b: Raging Bolt|64\/100\n|move|p2a: Urshifu|Surging Strikes|p1b: Chien-Pao\n|-crit|p1b: Chien-Pao\n|-damage|p1b: Chien-Pao|0 fnt\n|faint|p1b: Chien-Pao\n|-hitcount|p1: Chien-Pao|1\n|move|p1a: Zamazenta|Body Press|p2a: Urshifu\n|-damage|p2a: Urshifu|0 fnt\n|faint|p2a: Urshifu\n|move|p2b: Raging Bolt|Draco Meteor|p1a: Zamazenta|[miss]\n|-miss|p2b: Raging Bolt|p1a: Zamazenta\n|\n|upkeep\n|\n|t:|1737947932\n|switch|p1b: Landorus|Landorus, L50, M|100\/100\n|turn|7\n|-message|Spottedwoot forfeited.\n|\n|win|meiose\n|raw|meiose's rating: 1659 &rarr; <strong>1674<\/strong><br \/>(+15 for winning)\n|raw|Spottedwoot's rating: 1575 &rarr; <strong>1560<\/strong><br \/>(-15 for losing)\n","uploadtime":1737947938,"views":86,"formatid":"gen9vgc2025regg","rating":1560,"private":0,"password":null}