{"id":"gen9vgc2025regg-2288858998","format":"[Gen 9] VGC 2025 Reg G","players":["infinitygroudon","ArKaneVGC"],"log":"|j|\u2606infinitygroudon\n|j|\u2606ArKaneVGC\n|t:|1737940245\n|gametype|doubles\n|player|p1|infinitygroudon|1|1646\n|player|p2|ArKaneVGC|#smogonxnpa2025draftee2|1657\n|teamsize|p1|6\n|teamsize|p2|6\n|gen|9\n|tier|[Gen 9] VGC 2025 Reg G\n|rated|\n|rule|Species Clause: Limit one of each Pok\u00e9mon\n|rule|Item Clause: Limit 1 of each item\n|clearpoke\n|poke|p1|Calyrex-Shadow, L50|\n|poke|p1|Incineroar, L50, M|\n|poke|p1|Weezing-Galar, L50, M|\n|poke|p1|Indeedee-F, L50, F|\n|poke|p1|Iron Valiant, L50|\n|poke|p1|Ursaluna-Bloodmoon, L50, M|\n|poke|p2|Urshifu-*, L50, F|\n|poke|p2|Calyrex-Ice, L50|\n|poke|p2|Incineroar, L50, F|\n|poke|p2|Indeedee-F, L50, F|\n|poke|p2|Raging Bolt, L50|\n|poke|p2|Landorus, L50, M|\n|teampreview|4\n|inactive|Battle timer is ON: inactive players will automatically lose when time's up. (requested by ArKaneVGC)\n|\n|t:|1737940265\n|start\n|switch|p1a: Mr. Gassy|Weezing-Galar, L50, M|100\/100\n|switch|p1b: Charming|Iron Valiant, L50, shiny|100\/100\n|switch|p2a: Incineroar|Incineroar, L50, F|100\/100\n|switch|p2b: Urshifu|Urshifu-Rapid-Strike, L50, F|100\/100\n|-ability|p1a: Mr. Gassy|Neutralizing Gas\n|turn|1\n|inactive|ArKaneVGC has 30 seconds left.\n|\n|t:|1737940293\n|move|p1b: Charming|Protect|p1b: Charming\n|-singleturn|p1b: Charming|Protect\n|move|p2a: Incineroar|Fake Out|p1b: Charming\n|-activate|p1b: Charming|move: Protect\n|move|p2b: Urshifu|Surging Strikes|p1b: Charming\n|-activate|p1b: Charming|move: Protect\n|move|p1a: Mr. Gassy|Will-O-Wisp|p2b: Urshifu\n|-status|p2b: Urshifu|brn\n|\n|-damage|p2b: Urshifu|94\/100 brn|[from] brn\n|upkeep\n|turn|2\n|\n|t:|1737940301\n|switch|p2b: Indeedee|Indeedee-F, L50, F|100\/100\n|move|p1b: Charming|Close Combat|p2a: Incineroar\n|-supereffective|p2a: Incineroar\n|-damage|p2a: Incineroar|14\/100\n|-unboost|p1b: Charming|def|1\n|-unboost|p1b: Charming|spd|1\n|move|p1a: Mr. Gassy|Sludge Bomb|p2b: Indeedee\n|-damage|p2b: Indeedee|73\/100\n|move|p2a: Incineroar|U-turn|p1b: Charming\n|-resisted|p1b: Charming\n|-damage|p1b: Charming|92\/100\n|\n|t:|1737940307\n|switch|p2a: Calyrex|Calyrex-Ice, L50|100\/100|[from] U-turn\n|-ability|p2a: Calyrex|As One\n|-ability|p2a: Calyrex|Unnerve\n|\n|upkeep\n|turn|3\n|\n|t:|1737940320\n|move|p2b: Indeedee|Follow Me|p2b: Indeedee\n|-singleturn|p2b: Indeedee|move: Follow Me\n|move|p1b: Charming|Spirit Break|p2b: Indeedee\n|-damage|p2b: Indeedee|39\/100\n|-unboost|p2b: Indeedee|spa|1\n|move|p1a: Mr. Gassy|Taunt|p2b: Indeedee\n|-start|p2b: Indeedee|move: Taunt\n|move|p2a: Calyrex|Trick Room|p2a: Calyrex\n|-fieldstart|move: Trick Room|[of] p2a: Calyrex\n|\n|upkeep\n|turn|4\n|inactive|ArKaneVGC has 30 seconds left.\n|\n|t:|1737940350\n|switch|p2b: Incineroar|Incineroar, L50, F|14\/100\n|-end|p1b: Charming|Quark Drive|[silent]\n|switch|p1b: Suthen|Indeedee-F, L50, F|100\/100\n|-terastallize|p1a: Mr. Gassy|Steel\n|move|p1a: Mr. Gassy|Will-O-Wisp|p2a: Calyrex\n|-status|p2a: Calyrex|brn\n|move|p2a: Calyrex|Glacial Lance|p1a: Mr. Gassy|[spread] p1a,p1b\n|-resisted|p1a: Mr. Gassy\n|-crit|p1a: Mr. Gassy\n|-damage|p1a: Mr. Gassy|83\/100\n|-damage|p1b: Suthen|73\/100\n|\n|-damage|p2a: Calyrex|95\/100 brn|[from] brn\n|upkeep\n|turn|5\n|\n|t:|1737940364\n|switch|p1b: Charming|Iron Valiant, L50, shiny|92\/100\n|move|p2b: Incineroar|Flare Blitz|p1a: Mr. Gassy\n|-supereffective|p1a: Mr. Gassy\n|-damage|p1a: Mr. Gassy|2\/100\n|-damage|p2b: Incineroar|0 fnt|[from] Recoil\n|faint|p2b: Incineroar\n|move|p1a: Mr. Gassy|Sludge Bomb|p2a: Calyrex\n|-damage|p2a: Calyrex|75\/100 brn\n|move|p2a: Calyrex|Glacial Lance|p1b: Charming|[spread] p1a,p1b\n|-resisted|p1a: Mr. Gassy\n|-damage|p1a: Mr. Gassy|0 fnt\n|-damage|p1b: Charming|59\/100\n|faint|p1a: Mr. Gassy\n|-end|p1a: Mr. Gassy|ability: Neutralizing Gas\n|-ability|p2a: Calyrex|Chilling Neigh|boost\n|-boost|p2a: Calyrex|atk|1\n|-enditem|p1b: Charming|Booster Energy\n|-activate|p1b: Charming|ability: Quark Drive|[fromitem]\n|-start|p1b: Charming|quarkdrivespe\n|\n|-damage|p2a: Calyrex|69\/100 brn|[from] brn\n|upkeep\n|\n|t:|1737940379\n|switch|p2b: Indeedee|Indeedee-F, L50, F|39\/100\n|switch|p1a: Duncan|Calyrex-Shadow, L50|100\/100\n|-ability|p1a: Duncan|As One\n|-ability|p1a: Duncan|Unnerve\n|-fieldstart|move: Psychic Terrain|[from] ability: Psychic Surge|[of] p2b: Indeedee\n|turn|6\n|\n|t:|1737940395\n|-terastallize|p2a: Calyrex|Dragon\n|move|p1a: Duncan|Expanding Force|p2b: Indeedee|[spread] p2a,p2b\n|-resisted|p2b: Indeedee\n|-damage|p2a: Calyrex|4\/100 brn\n|-damage|p2b: Indeedee|0 fnt\n|faint|p2b: Indeedee\n|-ability|p1a: Duncan|Grim Neigh|boost\n|-boost|p1a: Duncan|spa|1\n|-damage|p1a: Duncan|91\/100|[from] item: Life Orb\n|move|p1b: Charming|Close Combat|p2a: Calyrex\n|-damage|p2a: Calyrex|0 fnt\n|-unboost|p1b: Charming|def|1\n|-unboost|p1b: Charming|spd|1\n|faint|p2a: Calyrex\n|\n|upkeep\n|-message|ArKaneVGC forfeited.\n|\n|win|infinitygroudon\n|raw|infinitygroudon's rating: 1646 &rarr; <strong>1667<\/strong><br \/>(+21 for winning)\n|raw|ArKaneVGC's rating: 1657 &rarr; <strong>1636<\/strong><br \/>(-21 for losing)\n|l|\u2606infinitygroudon\n|player|p1|\n|l|\u2606ArKaneVGC\n|player|p2|\n","uploadtime":1737940599,"views":10,"formatid":"gen9vgc2025regg","rating":1636,"private":0,"password":null}