{"id":"gen9vgc2025regg-2288784697","format":"[Gen 9] VGC 2025 Reg G","players":["master 792","Areestoo"],"log":"|j|\u2606master 792\n|j|\u2606Areestoo\n|t:|1737930830\n|gametype|doubles\n|player|p1|master 792|lucas|1530\n|player|p2|Areestoo|266|1637\n|teamsize|p1|6\n|teamsize|p2|6\n|gen|9\n|tier|[Gen 9] VGC 2025 Reg G\n|rated|\n|rule|Species Clause: Limit one of each Pok\u00e9mon\n|rule|Item Clause: Limit 1 of each item\n|clearpoke\n|poke|p1|Necrozma-Dawn-Wings, L50|\n|poke|p1|Indeedee, L50, M|\n|poke|p1|Gallade, L50, M|\n|poke|p1|Ting-Lu, L50|\n|poke|p1|Ogerpon-Hearthflame, L50, F|\n|poke|p1|Flutter Mane, L50|\n|poke|p2|Necrozma-Dawn-Wings, L50|\n|poke|p2|Indeedee-F, L50, F|\n|poke|p2|Ursaluna, L50, F|\n|poke|p2|Gallade, L50, M|\n|poke|p2|Torkoal, L50, M|\n|poke|p2|Lilligant-Hisui, L50, F|\n|teampreview|4\n|inactive|Battle timer is ON: inactive players will automatically lose when time's up. (requested by Areestoo)\n|inactive|master 792 has 60 seconds left.\n|inactive|Areestoo has 60 seconds left.\n|\n|t:|1737930870\n|start\n|switch|p1a: Necrozma|Necrozma-Dawn-Wings, L50|100\/100\n|switch|p1b: Gallade|Gallade, L50, M|100\/100\n|switch|p2a: Torkoal|Torkoal, L50, M|100\/100\n|switch|p2b: Lilligant|Lilligant-Hisui, L50, F|100\/100\n|-weather|SunnyDay|[from] ability: Drought|[of] p2a: Torkoal\n|turn|1\n|\n|t:|1737930887\n|switch|p2a: Necrozma|Necrozma-Dawn-Wings, L50|100\/100\n|move|p1b: Gallade|Wide Guard|p1b: Gallade\n|-singleturn|p1b: Gallade|Wide Guard\n|move|p2b: Lilligant|Solar Blade||[still]\n|-prepare|p2b: Lilligant|Solar Blade\n|-anim|p2b: Lilligant|Solar Blade|p1a: Necrozma\n|-damage|p1a: Necrozma|50\/100\n|-enditem|p1a: Necrozma|Sitrus Berry|[eat]\n|-heal|p1a: Necrozma|75\/100|[from] item: Sitrus Berry\n|move|p1a: Necrozma|Earth Power|p2a: Necrozma\n|-damage|p2a: Necrozma|71\/100\n|\n|-weather|SunnyDay|[upkeep]\n|upkeep\n|turn|2\n|\n|t:|1737930908\n|-terastallize|p1a: Necrozma|Normal\n|-terastallize|p2a: Necrozma|Water\n|move|p2b: Lilligant|Solar Blade||[still]\n|-prepare|p2b: Lilligant|Solar Blade\n|-anim|p2b: Lilligant|Solar Blade|p1a: Necrozma\n|-damage|p1a: Necrozma|26\/100\n|move|p1b: Gallade|Psycho Cut|p2b: Lilligant\n|-supereffective|p2b: Lilligant\n|-enditem|p2b: Lilligant|Focus Sash\n|-damage|p2b: Lilligant|1\/100\n|move|p1a: Necrozma|Moongeist Beam|p2a: Necrozma\n|-damage|p2a: Necrozma|27\/100\n|move|p2a: Necrozma|Moongeist Beam|p1a: Necrozma\n|-immune|p1a: Necrozma\n|\n|-weather|SunnyDay|[upkeep]\n|upkeep\n|turn|3\n|inactive|master 792 has 30 seconds left.\n|\n|t:|1737930938\n|switch|p1a: Ogerpon|Ogerpon-Hearthflame, L50, F|100\/100\n|-ability|p1a: Ogerpon|Mold Breaker\n|move|p2b: Lilligant|After You|p2a: Necrozma\n|-activate|p2a: Necrozma|move: After You\n|move|p2a: Necrozma|Trick Room|p2a: Necrozma\n|-fieldstart|move: Trick Room|[of] p2a: Necrozma\n|move|p1b: Gallade|Psycho Cut|p2a: Necrozma\n|-damage|p2a: Necrozma|0 fnt\n|faint|p2a: Necrozma\n|\n|-weather|SunnyDay|[upkeep]\n|upkeep\n|\n|t:|1737930945\n|switch|p2a: Ursaluna|Ursaluna, L50, F|100\/100\n|turn|4\n|\n|t:|1737930958\n|move|p2a: Ursaluna|Protect|p2a: Ursaluna\n|-singleturn|p2a: Ursaluna|Protect\n|move|p1b: Gallade|Sacred Sword|p2a: Ursaluna\n|-activate|p2a: Ursaluna|move: Protect\n|move|p1a: Ogerpon|Ivy Cudgel|p2b: Lilligant|[anim] Ivy Cudgel Fire\n|-supereffective|p2b: Lilligant\n|-damage|p2b: Lilligant|0 fnt\n|faint|p2b: Lilligant\n|\n|-weather|SunnyDay|[upkeep]\n|-status|p2a: Ursaluna|brn|[from] item: Flame Orb\n|upkeep\n|\n|t:|1737930959\n|switch|p2b: Torkoal|Torkoal, L50, M|100\/100\n|turn|5\n|\n|t:|1737930972\n|move|p1b: Gallade|Wide Guard|p1b: Gallade\n|-singleturn|p1b: Gallade|Wide Guard\n|move|p2b: Torkoal|Eruption|p1b: Gallade|[spread] \n|-activate|p1a: Ogerpon|move: Wide Guard\n|-activate|p1b: Gallade|move: Wide Guard\n|move|p2a: Ursaluna|Facade|p1a: Ogerpon\n|-damage|p1a: Ogerpon|0 fnt\n|faint|p1a: Ogerpon\n|\n|-weather|none\n|-damage|p2a: Ursaluna|95\/100 brn|[from] brn\n|upkeep\n|\n|t:|1737930983\n|switch|p1a: Ting-Lu|Ting-Lu, L50|100\/100\n|-ability|p1a: Ting-Lu|Vessel of Ruin\n|turn|6\n|\n|t:|1737931007\n|move|p1b: Gallade|Wide Guard|p1b: Gallade\n|-singleturn|p1b: Gallade|Wide Guard\n|move|p2b: Torkoal|Eruption|p1a: Ting-Lu|[spread] \n|-activate|p1a: Ting-Lu|move: Wide Guard\n|-activate|p1b: Gallade|move: Wide Guard\n|move|p2a: Ursaluna|Facade|p1b: Gallade\n|-damage|p1b: Gallade|0 fnt\n|faint|p1b: Gallade\n|move|p1a: Ting-Lu|Sand Tomb|p2b: Torkoal\n|-supereffective|p2b: Torkoal\n|-damage|p2b: Torkoal|73\/100\n|-activate|p2b: Torkoal|move: Sand Tomb|[of] p1a: Ting-Lu\n|\n|-damage|p2a: Ursaluna|89\/100 brn|[from] brn\n|-damage|p2b: Torkoal|61\/100|[from] move: Sand Tomb|[partiallytrapped]\n|upkeep\n|\n|t:|1737931010\n|switch|p1b: Necrozma|Necrozma-Dawn-Wings, L50, tera:Normal|26\/100\n|turn|7\n|\n|t:|1737931015\n|move|p1a: Ting-Lu|Protect|p1a: Ting-Lu\n|-singleturn|p1a: Ting-Lu|Protect\n|move|p1b: Necrozma|Protect|p1b: Necrozma\n|-singleturn|p1b: Necrozma|Protect\n|move|p2b: Torkoal|Eruption|p1b: Necrozma|[spread] \n|-activate|p1a: Ting-Lu|move: Protect\n|-activate|p1b: Necrozma|move: Protect\n|move|p2a: Ursaluna|Facade|p1b: Necrozma\n|-activate|p1b: Necrozma|move: Protect\n|\n|-damage|p2a: Ursaluna|83\/100 brn|[from] brn\n|-damage|p2b: Torkoal|49\/100|[from] move: Sand Tomb|[partiallytrapped]\n|-fieldend|move: Trick Room\n|upkeep\n|turn|8\n|\n|t:|1737931037\n|move|p1b: Necrozma|Expanding Force|p2b: Torkoal\n|-damage|p2b: Torkoal|1\/100\n|move|p1a: Ting-Lu|Ruination|p2a: Ursaluna\n|-damage|p2a: Ursaluna|42\/100 brn\n|move|p2a: Ursaluna|Facade|p1b: Necrozma\n|-damage|p1b: Necrozma|0 fnt\n|faint|p1b: Necrozma\n|move|p2b: Torkoal|Eruption|p1a: Ting-Lu\n|-damage|p1a: Ting-Lu|99\/100\n|\n|-damage|p2a: Ursaluna|36\/100 brn|[from] brn\n|-damage|p2b: Torkoal|0 fnt|[from] move: Sand Tomb|[partiallytrapped]\n|faint|p2b: Torkoal\n|upkeep\n|turn|9\n|\n|t:|1737931046\n|move|p1a: Ting-Lu|Sand Tomb|p2a: Ursaluna\n|-damage|p2a: Ursaluna|24\/100 brn\n|-activate|p2a: Ursaluna|move: Sand Tomb|[of] p1a: Ting-Lu\n|move|p2a: Ursaluna|Swords Dance|p2a: Ursaluna\n|-boost|p2a: Ursaluna|atk|2\n|\n|-damage|p2a: Ursaluna|18\/100 brn|[from] brn\n|-damage|p2a: Ursaluna|6\/100 brn|[from] move: Sand Tomb|[partiallytrapped]\n|upkeep\n|turn|10\n|\n|t:|1737931054\n|move|p1a: Ting-Lu|Protect|p1a: Ting-Lu\n|-singleturn|p1a: Ting-Lu|Protect\n|move|p2a: Ursaluna|Facade|p1a: Ting-Lu\n|-activate|p1a: Ting-Lu|move: Protect\n|\n|-damage|p2a: Ursaluna|0 fnt|[from] brn\n|faint|p2a: Ursaluna\n|\n|win|master 792\n|upkeep\n|raw|master 792's rating: 1530 &rarr; <strong>1556<\/strong><br \/>(+26 for winning)\n|raw|Areestoo's rating: 1637 &rarr; <strong>1611<\/strong><br \/>(-26 for losing)\n|l|\u2606Areestoo\n|player|p2|\n|l|\u2606master 792\n|player|p1|\n","uploadtime":1737931206,"views":7,"formatid":"gen9vgc2025regg","rating":1556,"private":0,"password":null}