{"id":"gen9vgc2025regg-2288884472","format":"[Gen 9] VGC 2025 Reg G","players":["ssbutan","infinitygroudon"],"log":"|j|\u2606ssbutan\n|j|\u2606infinitygroudon\n|t:|1737943458\n|gametype|doubles\n|player|p1|ssbutan|camper|1605\n|player|p2|infinitygroudon|1|1605\n|teamsize|p1|6\n|teamsize|p2|6\n|gen|9\n|tier|[Gen 9] VGC 2025 Reg G\n|rated|\n|rule|Species Clause: Limit one of each Pok\u00e9mon\n|rule|Item Clause: Limit 1 of each item\n|clearpoke\n|poke|p1|Calyrex-Ice, L50|\n|poke|p1|Cresselia, L50, F|\n|poke|p1|Rillaboom, L50, F|\n|poke|p1|Urshifu-*, L50, M|\n|poke|p1|Ting-Lu, L50|\n|poke|p1|Pelipper, L50, F|\n|poke|p2|Calyrex-Shadow, L50|\n|poke|p2|Incineroar, L50, M|\n|poke|p2|Weezing-Galar, L50, M|\n|poke|p2|Indeedee-F, L50, F|\n|poke|p2|Iron Valiant, L50|\n|poke|p2|Ursaluna-Bloodmoon, L50, M|\n|teampreview|4\n|inactive|Battle timer is ON: inactive players will automatically lose when time's up. (requested by ssbutan)\n|inactive|ssbutan has 60 seconds left.\n|\n|t:|1737943502\n|start\n|switch|p1a: Calyrex|Calyrex-Ice, L50|100\/100\n|switch|p1b: Rillaboom|Rillaboom, L50, F|100\/100\n|switch|p2a: Mr. Gassy|Weezing-Galar, L50, M|100\/100\n|switch|p2b: Duncan|Calyrex-Shadow, L50|100\/100\n|-ability|p2b: Duncan|As One\n|-ability|p2b: Duncan|Unnerve\n|-ability|p2a: Mr. Gassy|Neutralizing Gas\n|-ability|p1a: Calyrex|As One\n|-ability|p1a: Calyrex|Unnerve\n|turn|1\n|\n|t:|1737943514\n|-end|p2a: Mr. Gassy|ability: Neutralizing Gas\n|-fieldstart|move: Grassy Terrain|[from] ability: Grassy Surge|[of] p1b: Rillaboom\n|switch|p2a: Banderilla|Incineroar, L50, M|100\/100\n|-ability|p2a: Banderilla|Intimidate|boost\n|-unboost|p1a: Calyrex|atk|1\n|-unboost|p1b: Rillaboom|atk|1\n|-terastallize|p1a: Calyrex|Fairy\n|move|p2b: Duncan|Protect|p2b: Duncan\n|-singleturn|p2b: Duncan|Protect\n|move|p1b: Rillaboom|Knock Off|p2b: Duncan\n|-activate|p2b: Duncan|move: Protect\n|move|p1a: Calyrex|Glacial Lance|p2b: Duncan|[spread] p2a\n|-activate|p2b: Duncan|move: Protect\n|-resisted|p2a: Banderilla\n|-damage|p2a: Banderilla|85\/100\n|\n|-heal|p2a: Banderilla|91\/100|[from] Grassy Terrain\n|upkeep\n|turn|2\n|inactive|ssbutan has 30 seconds left.\n|\n|t:|1737943541\n|move|p2a: Banderilla|Fake Out|p1b: Rillaboom\n|-damage|p1b: Rillaboom|93\/100\n|move|p2b: Duncan|Astral Barrage|p1a: Calyrex|[spread] p1a,p1b\n|-damage|p1a: Calyrex|55\/100\n|-damage|p1b: Rillaboom|46\/100\n|-damage|p2b: Duncan|91\/100|[from] item: Life Orb\n|cant|p1b: Rillaboom|flinch\n|move|p1a: Calyrex|Leech Seed|p2b: Duncan\n|-start|p2b: Duncan|move: Leech Seed\n|\n|-heal|p2b: Duncan|97\/100|[from] Grassy Terrain\n|-heal|p2a: Banderilla|97\/100|[from] Grassy Terrain\n|-heal|p1b: Rillaboom|52\/100|[from] Grassy Terrain\n|-heal|p1a: Calyrex|60\/100|[from] Grassy Terrain\n|-damage|p2b: Duncan|85\/100|[from] Leech Seed|[of] p1a: Calyrex\n|-heal|p1a: Calyrex|71\/100|[silent]\n|upkeep\n|turn|3\n|\n|t:|1737943555\n|switch|p2b: Charming|Iron Valiant, L50, shiny|100\/100\n|-enditem|p2b: Charming|Booster Energy\n|-activate|p2b: Charming|ability: Quark Drive|[fromitem]\n|-start|p2b: Charming|quarkdrivespe\n|move|p2a: Banderilla|Knock Off|p1a: Calyrex\n|-resisted|p1a: Calyrex\n|-crit|p1a: Calyrex\n|-damage|p1a: Calyrex|56\/100\n|-damage|p2a: Banderilla|81\/100|[from] item: Rocky Helmet|[of] p1a: Calyrex\n|-enditem|p1a: Calyrex|Rocky Helmet|[from] move: Knock Off|[of] p2a: Banderilla\n|move|p1b: Rillaboom|U-turn|p2a: Banderilla\n|-damage|p2a: Banderilla|68\/100\n|j| Lavenderawa\n|\n|t:|1737943567\n|switch|p1b: Cresselia|Cresselia, L50, F|100\/100|[from] U-turn\n|move|p1a: Calyrex|Body Press|p2a: Banderilla\n|-supereffective|p2a: Banderilla\n|-damage|p2a: Banderilla|6\/100\n|\n|-heal|p2a: Banderilla|12\/100|[from] Grassy Terrain\n|-heal|p1a: Calyrex|61\/100|[from] Grassy Terrain\n|upkeep\n|turn|4\n|\n|t:|1737943582\n|move|p2b: Charming|Spirit Break|p1b: Cresselia\n|-damage|p1b: Cresselia|79\/100\n|-unboost|p1b: Cresselia|spa|1\n|move|p1b: Cresselia|Psychic|p2b: Charming\n|-supereffective|p2b: Charming\n|-damage|p2b: Charming|45\/100\n|move|p2a: Banderilla|Knock Off|p1b: Cresselia\n|-supereffective|p1b: Cresselia\n|-damage|p1b: Cresselia|33\/100\n|-enditem|p1b: Cresselia|Safety Goggles|[from] move: Knock Off|[of] p2a: Banderilla\n|move|p1a: Calyrex|Glacial Lance|p2b: Charming|[spread] p2a,p2b\n|-resisted|p2a: Banderilla\n|-damage|p2a: Banderilla|0 fnt\n|-damage|p2b: Charming|3\/100\n|faint|p2a: Banderilla\n|-ability|p1a: Calyrex|Chilling Neigh|boost\n|-boost|p1a: Calyrex|atk|1\n|\n|-heal|p2b: Charming|9\/100|[from] Grassy Terrain\n|-heal|p1a: Calyrex|67\/100|[from] Grassy Terrain\n|upkeep\n|\n|t:|1737943590\n|switch|p2a: Duncan|Calyrex-Shadow, L50|85\/100\n|-ability|p2a: Duncan|As One\n|-ability|p2a: Duncan|Unnerve\n|turn|5\n|\n|t:|1737943603\n|-terastallize|p2b: Charming|Fairy\n|move|p2b: Charming|Spirit Break|p1a: Calyrex\n|-damage|p1a: Calyrex|38\/100\n|-unboost|p1a: Calyrex|spa|1\n|move|p2a: Duncan|Astral Barrage|p1a: Calyrex|[spread] p1a,p1b\n|-supereffective|p1b: Cresselia\n|-damage|p1a: Calyrex|0 fnt\n|-damage|p1b: Cresselia|0 fnt\n|faint|p1a: Calyrex\n|faint|p1b: Cresselia\n|-ability|p2a: Duncan|Grim Neigh|boost\n|-boost|p2a: Duncan|spa|2\n|-damage|p2a: Duncan|75\/100|[from] item: Life Orb\n|\n|-heal|p2b: Charming|15\/100|[from] Grassy Terrain\n|-heal|p2a: Duncan|81\/100|[from] Grassy Terrain\n|-fieldend|move: Grassy Terrain\n|upkeep\n|\n|t:|1737943606\n|switch|p1b: Urshifu|Urshifu-Rapid-Strike, L50, M|100\/100\n|switch|p1a: Rillaboom|Rillaboom, L50, F|52\/100\n|-fieldstart|move: Grassy Terrain|[from] ability: Grassy Surge|[of] p1a: Rillaboom\n|turn|6\n|\n|t:|1737943618\n|-end|p2b: Charming|Quark Drive|[silent]\n|switch|p2b: Mr. Gassy|Weezing-Galar, L50, M|100\/100\n|-ability|p2b: Mr. Gassy|Neutralizing Gas\n|move|p2a: Duncan|Protect|p2a: Duncan\n|-singleturn|p2a: Duncan|Protect\n|move|p1a: Rillaboom|Grassy Glide|p2b: Mr. Gassy\n|-resisted|p2b: Mr. Gassy\n|-damage|p2b: Mr. Gassy|88\/100\n|move|p1b: Urshifu|Surging Strikes|p2a: Duncan\n|-activate|p2a: Duncan|move: Protect\n|\n|-heal|p2a: Duncan|87\/100|[from] Grassy Terrain\n|-heal|p2b: Mr. Gassy|94\/100|[from] Grassy Terrain\n|-heal|p1a: Rillaboom|58\/100|[from] Grassy Terrain\n|upkeep\n|turn|7\n|-message|ssbutan forfeited.\n|\n|win|infinitygroudon\n|raw|ssbutan's rating: 1605 &rarr; <strong>1585<\/strong><br \/>(-20 for losing)\n|raw|infinitygroudon's rating: 1605 &rarr; <strong>1625<\/strong><br \/>(+20 for winning)\n|l|\u2606ssbutan\n|player|p1|\n|l|\u2606infinitygroudon\n|player|p2|\n|l| Lavenderawa\n","uploadtime":1737943818,"views":12,"formatid":"gen9vgc2025regg","rating":1585,"private":0,"password":null}