{"id":"gen9vgc2025regg-2288908729","format":"[Gen 9] VGC 2025 Reg G","players":["TheCheekyMeek","hoeheng"],"log":"|j|\u2606TheCheekyMeek\n|j|\u2606hoeheng\n|t:|1737946654\n|gametype|doubles\n|player|p1|TheCheekyMeek|1|1604\n|player|p2|hoeheng|hilda|1535\n|teamsize|p1|6\n|teamsize|p2|6\n|gen|9\n|tier|[Gen 9] VGC 2025 Reg G\n|rated|\n|rule|Species Clause: Limit one of each Pok\u00e9mon\n|rule|Item Clause: Limit 1 of each item\n|clearpoke\n|poke|p1|Urshifu-*, L50, M|\n|poke|p1|Roaring Moon, L50|\n|poke|p1|Amoonguss, L50, M|\n|poke|p1|Landorus, L50, M|\n|poke|p1|Calyrex-Ice, L50|\n|poke|p1|Ogerpon-Hearthflame, L50, F|\n|poke|p2|Weezing-Galar, L50, F|\n|poke|p2|Calyrex-Shadow, L50|\n|poke|p2|Dondozo, L50, M|\n|poke|p2|Tatsugiri-Droopy, L50, F|\n|poke|p2|Ogerpon-Cornerstone, L50, F|\n|poke|p2|Roaring Moon, L50|\n|teampreview|4\n|inactive|Battle timer is ON: inactive players will automatically lose when time's up. (requested by TheCheekyMeek)\n|j| caZISA\n|inactive|TheCheekyMeek has 60 seconds left.\n|c|\u2606hoeheng|can you share your team?\n|\n|t:|1737946709\n|start\n|switch|p1a: Calyrex|Calyrex-Ice, L50|100\/100\n|switch|p1b: Ogerpon|Ogerpon-Hearthflame, L50, F|100\/100\n|switch|p2a: \ub3d4\uacf5\uc5f0\ucd95\ud558\ud574|Ogerpon-Cornerstone, L50, F|100\/100\n|switch|p2b: \ub9d0\uc744\ud558\uc9c0\ub9d0\ub780\ub9d0\uc774\uc57c|Calyrex-Shadow, L50|100\/100\n|-ability|p2b: \ub9d0\uc744\ud558\uc9c0\ub9d0\ub780\ub9d0\uc774\uc57c|As One\n|-ability|p2b: \ub9d0\uc744\ud558\uc9c0\ub9d0\ub780\ub9d0\uc774\uc57c|Unnerve\n|-ability|p1a: Calyrex|As One\n|-ability|p1a: Calyrex|Unnerve\n|-ability|p1b: Ogerpon|Mold Breaker\n|turn|1\n|inactive|hoeheng has 30 seconds left.\n|\n|t:|1737946736\n|-terastallize|p1a: Calyrex|Fairy\n|move|p1b: Ogerpon|Follow Me|p1b: Ogerpon\n|-singleturn|p1b: Ogerpon|move: Follow Me\n|move|p2b: \ub9d0\uc744\ud558\uc9c0\ub9d0\ub780\ub9d0\uc774\uc57c|Astral Barrage|p1a: Calyrex|[spread] p1a,p1b\n|-damage|p1a: Calyrex|50\/100\n|-damage|p1b: Ogerpon|20\/100\n|-damage|p2b: \ub9d0\uc744\ud558\uc9c0\ub9d0\ub780\ub9d0\uc774\uc57c|91\/100|[from] item: Life Orb\n|move|p2a: \ub3d4\uacf5\uc5f0\ucd95\ud558\ud574|Ivy Cudgel|p1b: Ogerpon|[anim] Ivy Cudgel Rock\n|-supereffective|p1b: Ogerpon\n|-damage|p1b: Ogerpon|0 fnt\n|faint|p1b: Ogerpon\n|move|p1a: Calyrex|Trick Room|p1a: Calyrex\n|-fieldstart|move: Trick Room|[of] p1a: Calyrex\n|\n|upkeep\n|\n|t:|1737946750\n|switch|p1b: Amoonguss|Amoonguss, L50, M|100\/100\n|turn|2\n|\n|t:|1737946766\n|switch|p2a: \ub3c8\ub0b4\ub194|Dondozo, L50, M|100\/100\n|switch|p2b: \ucb48\uc774\ub2c8\ub2e4|Tatsugiri-Droopy, L50, F|100\/100\n|-activate|p2b: \ucb48\uc774\ub2c8\ub2e4|ability: Commander|[of] p2a: \ub3c8\ub0b4\ub194\n|-boost|p2a: \ub3c8\ub0b4\ub194|atk|2\n|-boost|p2a: \ub3c8\ub0b4\ub194|spa|2\n|-boost|p2a: \ub3c8\ub0b4\ub194|spe|2\n|-boost|p2a: \ub3c8\ub0b4\ub194|def|2\n|-boost|p2a: \ub3c8\ub0b4\ub194|spd|2\n|move|p1b: Amoonguss|Pollen Puff|p1a: Calyrex\n|-heal|p1a: Calyrex|99\/100\n|move|p1a: Calyrex|Glacial Lance|p2a: \ub3c8\ub0b4\ub194|[spread] p2a\n|-miss|p1a: Calyrex|p2b: \ucb48\uc774\ub2c8\ub2e4\n|-resisted|p2a: \ub3c8\ub0b4\ub194\n|-damage|p2a: \ub3c8\ub0b4\ub194|93\/100\n|\n|-heal|p2a: \ub3c8\ub0b4\ub194|99\/100|[from] item: Leftovers\n|upkeep\n|turn|3\n|\n|t:|1737946789\n|move|p2a: \ub3c8\ub0b4\ub194|Protect|p2a: \ub3c8\ub0b4\ub194\n|-singleturn|p2a: \ub3c8\ub0b4\ub194|Protect\n|move|p1b: Amoonguss|Spore|p2a: \ub3c8\ub0b4\ub194\n|-activate|p2a: \ub3c8\ub0b4\ub194|move: Protect\n|move|p1a: Calyrex|Glacial Lance|p2b: \ucb48\uc774\ub2c8\ub2e4|[spread] \n|-miss|p1a: Calyrex|p2b: \ucb48\uc774\ub2c8\ub2e4\n|-activate|p2a: \ub3c8\ub0b4\ub194|move: Protect\n|\n|-heal|p2a: \ub3c8\ub0b4\ub194|100\/100|[from] item: Leftovers\n|upkeep\n|turn|4\n|\n|t:|1737946812\n|move|p1b: Amoonguss|Spore|p2a: \ub3c8\ub0b4\ub194\n|-status|p2a: \ub3c8\ub0b4\ub194|slp|[from] move: Spore\n|move|p1a: Calyrex|Glacial Lance|p2a: \ub3c8\ub0b4\ub194|[spread] p2a\n|-miss|p1a: Calyrex|p2b: \ucb48\uc774\ub2c8\ub2e4\n|-resisted|p2a: \ub3c8\ub0b4\ub194\n|-damage|p2a: \ub3c8\ub0b4\ub194|93\/100 slp\n|cant|p2a: \ub3c8\ub0b4\ub194|slp\n|\n|-heal|p2a: \ub3c8\ub0b4\ub194|99\/100 slp|[from] item: Leftovers\n|upkeep\n|turn|5\n|inactive|TheCheekyMeek has 30 seconds left.\n|\n|t:|1737946841\n|move|p1b: Amoonguss|Pollen Puff|p2a: \ub3c8\ub0b4\ub194\n|-damage|p2a: \ub3c8\ub0b4\ub194|89\/100 slp\n|move|p1a: Calyrex|High Horsepower|p2a: \ub3c8\ub0b4\ub194\n|-damage|p2a: \ub3c8\ub0b4\ub194|79\/100 slp\n|cant|p2a: \ub3c8\ub0b4\ub194|slp\n|\n|-heal|p2a: \ub3c8\ub0b4\ub194|85\/100 slp|[from] item: Leftovers\n|-fieldend|move: Trick Room\n|upkeep\n|turn|6\n|\n|t:|1737946860\n|cant|p2a: \ub3c8\ub0b4\ub194|slp\n|move|p1b: Amoonguss|Pollen Puff|p2a: \ub3c8\ub0b4\ub194\n|-damage|p2a: \ub3c8\ub0b4\ub194|76\/100 slp\n|move|p1a: Calyrex|Trick Room|p1a: Calyrex\n|-fieldstart|move: Trick Room|[of] p1a: Calyrex\n|\n|-heal|p2a: \ub3c8\ub0b4\ub194|82\/100 slp|[from] item: Leftovers\n|upkeep\n|turn|7\n|\n|t:|1737946881\n|move|p1b: Amoonguss|Rage Powder|p1b: Amoonguss\n|-singleturn|p1b: Amoonguss|move: Rage Powder\n|move|p1a: Calyrex|High Horsepower|p2a: \ub3c8\ub0b4\ub194\n|-damage|p2a: \ub3c8\ub0b4\ub194|70\/100 slp\n|-curestatus|p2a: \ub3c8\ub0b4\ub194|slp|[msg]\n|move|p2a: \ub3c8\ub0b4\ub194|Order Up|p1b: Amoonguss\n|-damage|p1b: Amoonguss|65\/100\n|-boost|p2a: \ub3c8\ub0b4\ub194|def|1\n|\n|-heal|p2a: \ub3c8\ub0b4\ub194|76\/100|[from] item: Leftovers\n|upkeep\n|turn|8\n|\n|t:|1737946905\n|move|p2a: \ub3c8\ub0b4\ub194|Protect|p2a: \ub3c8\ub0b4\ub194\n|-singleturn|p2a: \ub3c8\ub0b4\ub194|Protect\n|move|p1b: Amoonguss|Pollen Puff|p2a: \ub3c8\ub0b4\ub194\n|-activate|p2a: \ub3c8\ub0b4\ub194|move: Protect\n|move|p1a: Calyrex|High Horsepower|p2a: \ub3c8\ub0b4\ub194\n|-activate|p2a: \ub3c8\ub0b4\ub194|move: Protect\n|\n|-heal|p2a: \ub3c8\ub0b4\ub194|82\/100|[from] item: Leftovers\n|upkeep\n|turn|9\n|\n|t:|1737946920\n|-terastallize|p2a: \ub3c8\ub0b4\ub194|Grass\n|move|p1b: Amoonguss|Spore|p2a: \ub3c8\ub0b4\ub194\n|-immune|p2a: \ub3c8\ub0b4\ub194\n|move|p1a: Calyrex|Glacial Lance|p2b: \ucb48\uc774\ub2c8\ub2e4|[spread] p2a\n|-miss|p1a: Calyrex|p2b: \ucb48\uc774\ub2c8\ub2e4\n|-supereffective|p2a: \ub3c8\ub0b4\ub194\n|-damage|p2a: \ub3c8\ub0b4\ub194|56\/100\n|move|p2a: \ub3c8\ub0b4\ub194|Order Up|p1b: Amoonguss\n|-damage|p1b: Amoonguss|25\/100\n|-boost|p2a: \ub3c8\ub0b4\ub194|def|1\n|\n|-heal|p2a: \ub3c8\ub0b4\ub194|62\/100|[from] item: Leftovers\n|upkeep\n|turn|10\n|\n|t:|1737946942\n|switch|p1b: Roaring Moon|Roaring Moon, L50|100\/100\n|-enditem|p1b: Roaring Moon|Booster Energy\n|-activate|p1b: Roaring Moon|ability: Protosynthesis|[fromitem]\n|-start|p1b: Roaring Moon|protosynthesisspe\n|move|p1a: Calyrex|High Horsepower|p2a: \ub3c8\ub0b4\ub194\n|-resisted|p2a: \ub3c8\ub0b4\ub194\n|-damage|p2a: \ub3c8\ub0b4\ub194|58\/100\n|move|p2a: \ub3c8\ub0b4\ub194|Order Up|p1b: Roaring Moon\n|-supereffective|p1b: Roaring Moon\n|-damage|p1b: Roaring Moon|6\/100\n|-boost|p2a: \ub3c8\ub0b4\ub194|def|1\n|\n|-heal|p2a: \ub3c8\ub0b4\ub194|65\/100|[from] item: Leftovers\n|-fieldend|move: Trick Room\n|upkeep\n|turn|11\n|\n|t:|1737946963\n|move|p1b: Roaring Moon|Protect|p1b: Roaring Moon\n|-singleturn|p1b: Roaring Moon|Protect\n|move|p2a: \ub3c8\ub0b4\ub194|Order Up|p1b: Roaring Moon\n|-activate|p1b: Roaring Moon|move: Protect\n|move|p1a: Calyrex|Trick Room|p1a: Calyrex\n|-fieldstart|move: Trick Room|[of] p1a: Calyrex\n|\n|-heal|p2a: \ub3c8\ub0b4\ub194|71\/100|[from] item: Leftovers\n|upkeep\n|turn|12\n|\n|t:|1737946974\n|-end|p1b: Roaring Moon|Protosynthesis|[silent]\n|switch|p1b: Amoonguss|Amoonguss, L50, M|59\/100\n|move|p1a: Calyrex|High Horsepower|p2a: \ub3c8\ub0b4\ub194\n|-resisted|p2a: \ub3c8\ub0b4\ub194\n|-damage|p2a: \ub3c8\ub0b4\ub194|67\/100\n|move|p2a: \ub3c8\ub0b4\ub194|Order Up|p1b: Amoonguss\n|-damage|p1b: Amoonguss|19\/100\n|-boost|p2a: \ub3c8\ub0b4\ub194|def|1\n|\n|-heal|p2a: \ub3c8\ub0b4\ub194|74\/100|[from] item: Leftovers\n|upkeep\n|turn|13\n|l| caZISA\n|\n|t:|1737946989\n|move|p1b: Amoonguss|Protect|p1b: Amoonguss\n|-singleturn|p1b: Amoonguss|Protect\n|move|p2a: \ub3c8\ub0b4\ub194|Protect|p2a: \ub3c8\ub0b4\ub194\n|-singleturn|p2a: \ub3c8\ub0b4\ub194|Protect\n|move|p1a: Calyrex|Glacial Lance|p2a: \ub3c8\ub0b4\ub194|[spread] \n|-miss|p1a: Calyrex|p2b: \ucb48\uc774\ub2c8\ub2e4\n|-activate|p2a: \ub3c8\ub0b4\ub194|move: Protect\n|\n|-heal|p2a: \ub3c8\ub0b4\ub194|80\/100|[from] item: Leftovers\n|upkeep\n|turn|14\n|\n|t:|1737947002\n|move|p1b: Amoonguss|Pollen Puff|p2a: \ub3c8\ub0b4\ub194\n|-supereffective|p2a: \ub3c8\ub0b4\ub194\n|-damage|p2a: \ub3c8\ub0b4\ub194|61\/100\n|move|p1a: Calyrex|Glacial Lance|p2b: \ucb48\uc774\ub2c8\ub2e4|[spread] p2a\n|-miss|p1a: Calyrex|p2b: \ucb48\uc774\ub2c8\ub2e4\n|-supereffective|p2a: \ub3c8\ub0b4\ub194\n|-damage|p2a: \ub3c8\ub0b4\ub194|45\/100\n|move|p2a: \ub3c8\ub0b4\ub194|Order Up|p1b: Amoonguss\n|-damage|p1b: Amoonguss|0 fnt\n|faint|p1b: Amoonguss\n|-boost|p2a: \ub3c8\ub0b4\ub194|def|0\n|\n|-heal|p2a: \ub3c8\ub0b4\ub194|51\/100|[from] item: Leftovers\n|upkeep\n|\n|t:|1737947016\n|switch|p1b: Roaring Moon|Roaring Moon, L50|6\/100\n|turn|15\n|\n|t:|1737947025\n|move|p2a: \ub3c8\ub0b4\ub194|Protect|p2a: \ub3c8\ub0b4\ub194\n|-singleturn|p2a: \ub3c8\ub0b4\ub194|Protect\n|move|p1b: Roaring Moon|Protect|p1b: Roaring Moon\n|-singleturn|p1b: Roaring Moon|Protect\n|move|p1a: Calyrex|High Horsepower|p2a: \ub3c8\ub0b4\ub194\n|-activate|p2a: \ub3c8\ub0b4\ub194|move: Protect\n|\n|-heal|p2a: \ub3c8\ub0b4\ub194|58\/100|[from] item: Leftovers\n|-fieldend|move: Trick Room\n|upkeep\n|turn|16\n|j| xGiot\n|\n|t:|1737947045\n|move|p1b: Roaring Moon|Knock Off|p2a: \ub3c8\ub0b4\ub194\n|-damage|p2a: \ub3c8\ub0b4\ub194|50\/100\n|-enditem|p2a: \ub3c8\ub0b4\ub194|Leftovers|[from] move: Knock Off|[of] p1b: Roaring Moon\n|move|p2a: \ub3c8\ub0b4\ub194|Body Press|p1b: Roaring Moon\n|-supereffective|p1b: Roaring Moon\n|-damage|p1b: Roaring Moon|0 fnt\n|faint|p1b: Roaring Moon\n|-end|p1b: Roaring Moon|Protosynthesis|[silent]\n|move|p1a: Calyrex|Glacial Lance|p2b: \ucb48\uc774\ub2c8\ub2e4|[spread] p2a\n|-miss|p1a: Calyrex|p2b: \ucb48\uc774\ub2c8\ub2e4\n|-supereffective|p2a: \ub3c8\ub0b4\ub194\n|-damage|p2a: \ub3c8\ub0b4\ub194|36\/100\n|\n|upkeep\n|turn|17\n|\n|t:|1737947063\n|move|p2a: \ub3c8\ub0b4\ub194|Body Press|p1a: Calyrex\n|-resisted|p1a: Calyrex\n|-damage|p1a: Calyrex|67\/100\n|move|p1a: Calyrex|High Horsepower|p2a: \ub3c8\ub0b4\ub194\n|-resisted|p2a: \ub3c8\ub0b4\ub194\n|-damage|p2a: \ub3c8\ub0b4\ub194|34\/100\n|\n|upkeep\n|turn|18\n|-message|TheCheekyMeek forfeited.\n|\n|win|hoeheng\n|raw|TheCheekyMeek's rating: 1604 &rarr; <strong>1580<\/strong><br \/>(-24 for losing)\n|raw|hoeheng's rating: 1535 &rarr; <strong>1559<\/strong><br \/>(+24 for winning)\n|l|\u2606TheCheekyMeek\n|player|p1|\n","uploadtime":1737947084,"views":16,"formatid":"gen9vgc2025regg","rating":1559,"private":0,"password":null}