{"id":"gen9vgc2025regg-2288211194","format":"[Gen 9] VGC 2025 Reg G","players":["Emirnent","bobonov"],"log":"|j|\u2606Emirnent\n|j|\u2606bobonov\n|t:|1737846737\n|gametype|doubles\n|player|p1|Emirnent|265|1601\n|player|p2|bobonov|169|1639\n|teamsize|p1|6\n|teamsize|p2|6\n|gen|9\n|tier|[Gen 9] VGC 2025 Reg G\n|rated|\n|rule|Species Clause: Limit one of each Pok\u00e9mon\n|rule|Item Clause: Limit 1 of each item\n|clearpoke\n|poke|p1|Weezing-Galar, L50, M|\n|poke|p1|Indeedee-F, L50, F|\n|poke|p1|Sneasler, L50, F|\n|poke|p1|Urshifu-*, L50, M|\n|poke|p1|Roaring Moon, L50|\n|poke|p1|Calyrex-Shadow, L50|\n|poke|p2|Kyogre, L50|\n|poke|p2|Archaludon, L50, M|\n|poke|p2|Whimsicott, L50, M|\n|poke|p2|Terrakion, L50|\n|poke|p2|Tsareena, L50, F|\n|poke|p2|Urshifu-*, L50, M|\n|teampreview|4\n|inactive|Battle timer is ON: inactive players will automatically lose when time's up. (requested by Emirnent)\n|inactive|Emirnent has 60 seconds left.\n|\n|t:|1737846776\n|start\n|switch|p1a: Roaring Moon|Roaring Moon, L50|100\/100\n|switch|p1b: Weezing|Weezing-Galar, L50, M|100\/100\n|switch|p2a: Whimsicott|Whimsicott, L50, M|100\/100\n|switch|p2b: Archaludon|Archaludon, L50, M|100\/100\n|-ability|p1b: Weezing|Neutralizing Gas\n|turn|1\n|\n|t:|1737846801\n|move|p1a: Roaring Moon|Tailwind|p1a: Roaring Moon\n|-sidestart|p1: Emirnent|move: Tailwind\n|move|p2a: Whimsicott|Tailwind|p2a: Whimsicott\n|-sidestart|p2: bobonov|move: Tailwind\n|move|p2b: Archaludon|Electro Shot||[still]\n|-prepare|p2b: Archaludon|Electro Shot\n|-boost|p2b: Archaludon|spa|1\n|-enditem|p2b: Archaludon|Power Herb\n|-anim|p2b: Archaludon|Electro Shot|p1b: Weezing\n|-damage|p1b: Weezing|32\/100\n|-enditem|p1b: Weezing|Sitrus Berry|[eat]\n|-heal|p1b: Weezing|57\/100|[from] item: Sitrus Berry\n|move|p1b: Weezing|Taunt|p2a: Whimsicott\n|-start|p2a: Whimsicott|move: Taunt\n|\n|upkeep\n|turn|2\n|\n|t:|1737846825\n|move|p1b: Weezing|Protect|p1b: Weezing\n|-singleturn|p1b: Weezing|Protect\n|move|p1a: Roaring Moon|Acrobatics|p2a: Whimsicott\n|-supereffective|p2a: Whimsicott\n|-damage|p2a: Whimsicott|57\/100\n|move|p2a: Whimsicott|Moonblast|p1a: Roaring Moon\n|-supereffective|p1a: Roaring Moon\n|-damage|p1a: Roaring Moon|10\/100\n|move|p2b: Archaludon|Steel Beam|p1b: Weezing\n|-activate|p1b: Weezing|move: Protect\n|-damage|p2b: Archaludon|50\/100|[from] steelbeam\n|\n|upkeep\n|turn|3\n|inactive|Emirnent has 30 seconds left.\n|\n|t:|1737846858\n|-terastallize|p1a: Roaring Moon|Flying\n|move|p1a: Roaring Moon|Acrobatics|p2a: Whimsicott\n|-supereffective|p2a: Whimsicott\n|-damage|p2a: Whimsicott|0 fnt\n|faint|p2a: Whimsicott\n|move|p2b: Archaludon|Steel Beam|p1b: Weezing\n|-supereffective|p1b: Weezing\n|-damage|p1b: Weezing|0 fnt\n|-damage|p2b: Archaludon|0 fnt|[from] steelbeam\n|faint|p2b: Archaludon\n|faint|p1b: Weezing\n|-end|p1b: Weezing|ability: Neutralizing Gas\n|-enditem|p1a: Roaring Moon|Booster Energy\n|-activate|p1a: Roaring Moon|ability: Protosynthesis|[fromitem]\n|-start|p1a: Roaring Moon|protosynthesisspe\n|\n|upkeep\n|\n|t:|1737846875\n|switch|p2a: Urshifu|Urshifu, L50, M|100\/100\n|switch|p2b: Kyogre|Kyogre, L50|100\/100\n|switch|p1b: Urshifu|Urshifu, L50, M|100\/100\n|-weather|RainDance|[from] ability: Drizzle|[of] p2b: Kyogre\n|turn|4\n|inactive|Emirnent has 30 seconds left.\n|inactive|Emirnent has 20 seconds left.\n|\n|t:|1737846914\n|-terastallize|p2b: Kyogre|Water\n|move|p2a: Urshifu|Sucker Punch|p1a: Roaring Moon\n|-damage|p1a: Roaring Moon|0 fnt\n|faint|p1a: Roaring Moon\n|-end|p1a: Roaring Moon|Protosynthesis|[silent]\n|move|p1b: Urshifu|Sucker Punch|p2b: Kyogre\n|-damage|p2b: Kyogre|55\/100\n|move|p2b: Kyogre|Water Spout|p1b: Urshifu\n|-enditem|p1b: Urshifu|Focus Sash\n|-damage|p1b: Urshifu|1\/100\n|\n|-weather|RainDance|[upkeep]\n|-sideend|p1: Emirnent|move: Tailwind\n|-sideend|p2: bobonov|move: Tailwind\n|upkeep\n|\n|t:|1737846917\n|switch|p1a: Calyrex|Calyrex-Shadow, L50|100\/100\n|-ability|p1a: Calyrex|As One\n|-ability|p1a: Calyrex|Unnerve\n|turn|5\n|\n|t:|1737846936\n|move|p2a: Urshifu|Sucker Punch|p1a: Calyrex\n|-supereffective|p1a: Calyrex\n|-damage|p1a: Calyrex|0 fnt\n|faint|p1a: Calyrex\n|move|p2b: Kyogre|Water Spout|p1b: Urshifu\n|-crit|p1b: Urshifu\n|-damage|p1b: Urshifu|0 fnt\n|faint|p1b: Urshifu\n|\n|win|bobonov\n|raw|Emirnent's rating: 1601 &rarr; <strong>1583<\/strong><br \/>(-18 for losing)\n|raw|bobonov's rating: 1639 &rarr; <strong>1657<\/strong><br \/>(+18 for winning)\n|l|\u2606Emirnent\n|player|p1|\n|l|\u2606bobonov\n|player|p2|\n","uploadtime":1737847168,"views":27,"formatid":"gen9vgc2025regg","rating":1583,"private":0,"password":null}