{"id":"gen9vgc2025regg-2288646497","format":"[Gen 9] VGC 2025 Reg G","players":["Dot1Q","infinitygroudon"],"log":"|j|\u2606Dot1Q\n|j|\u2606infinitygroudon\n|t:|1737914933\n|gametype|doubles\n|player|p1|Dot1Q|veteran|1580\n|player|p2|infinitygroudon|1|1677\n|teamsize|p1|6\n|teamsize|p2|6\n|gen|9\n|tier|[Gen 9] VGC 2025 Reg G\n|rated|\n|rule|Species Clause: Limit one of each Pok\u00e9mon\n|rule|Item Clause: Limit 1 of each item\n|clearpoke\n|poke|p1|Calyrex-Ice, L50|\n|poke|p1|Ursaluna-Bloodmoon, L50, M|\n|poke|p1|Smeargle, L50, M|\n|poke|p1|Farigiraf, L50, M|\n|poke|p1|Annihilape, L50, F|\n|poke|p1|Electabuzz, L50, M|\n|poke|p2|Calyrex-Shadow, L50|\n|poke|p2|Incineroar, L50, M|\n|poke|p2|Weezing-Galar, L50, M|\n|poke|p2|Indeedee-F, L50, F|\n|poke|p2|Iron Valiant, L50|\n|poke|p2|Ursaluna-Bloodmoon, L50, M|\n|teampreview|4\n|\n|t:|1737914974\n|start\n|switch|p1a: Calyrex|Calyrex-Ice, L50|100\/100\n|switch|p1b: Smeargle|Smeargle, L50, M|100\/100\n|switch|p2a: Mr. Grizz|Ursaluna-Bloodmoon, L50, M|100\/100\n|switch|p2b: Duncan|Calyrex-Shadow, L50|100\/100\n|-ability|p2b: Duncan|As One\n|-ability|p2b: Duncan|Unnerve\n|-ability|p1a: Calyrex|As One\n|-ability|p1a: Calyrex|Unnerve\n|turn|1\n|\n|t:|1737914994\n|-terastallize|p1a: Calyrex|Fire\n|-terastallize|p2a: Mr. Grizz|Normal\n|move|p2a: Mr. Grizz|Vacuum Wave|p1b: Smeargle\n|-supereffective|p1b: Smeargle\n|-damage|p1b: Smeargle|45\/100\n|move|p2b: Duncan|Expanding Force|p1b: Smeargle\n|-damage|p1b: Smeargle|0 fnt\n|faint|p1b: Smeargle\n|-ability|p2b: Duncan|Grim Neigh|boost\n|-boost|p2b: Duncan|spa|1\n|-damage|p2b: Duncan|91\/100|[from] item: Life Orb\n|move|p1a: Calyrex|Trick Room|p1a: Calyrex\n|-fieldstart|move: Trick Room|[of] p1a: Calyrex\n|\n|upkeep\n|\n|t:|1737915002\n|switch|p1b: Ursaluna|Ursaluna-Bloodmoon, L50, M|100\/100\n|turn|2\n|\n|t:|1737915009\n|switch|p2a: Mr. Gassy|Weezing-Galar, L50, M|100\/100\n|-ability|p2a: Mr. Gassy|Neutralizing Gas\n|move|p1b: Ursaluna|Hyper Voice|p2a: Mr. Gassy|[spread] p2a\n|-immune|p2b: Duncan\n|-damage|p2a: Mr. Gassy|47\/100\n|-damage|p1b: Ursaluna|91\/100|[from] item: Life Orb\n|move|p1a: Calyrex|Glacial Lance|p2a: Mr. Gassy|[spread] p2a,p2b\n|-damage|p2a: Mr. Gassy|0 fnt\n|-damage|p2b: Duncan|12\/100\n|faint|p2a: Mr. Gassy\n|-end|p2a: Mr. Gassy|ability: Neutralizing Gas\n|-ability|p1a: Calyrex|Chilling Neigh|boost\n|-boost|p1a: Calyrex|atk|1\n|move|p2b: Duncan|Astral Barrage|p1b: Ursaluna|[spread] p1a\n|-immune|p1b: Ursaluna\n|-damage|p1a: Calyrex|30\/100\n|-damage|p2b: Duncan|2\/100|[from] item: Life Orb\n|\n|upkeep\n|\n|t:|1737915022\n|switch|p2a: Banderilla|Incineroar, L50, M|100\/100\n|-ability|p2a: Banderilla|Intimidate|boost\n|-fail|p1a: Calyrex|unboost|[from] item: Clear Amulet|[of] p1a: Calyrex\n|-unboost|p1b: Ursaluna|atk|1\n|turn|3\n|\n|t:|1737915033\n|switch|p1b: Farigiraf|Farigiraf, L50, M|100\/100\n|move|p2b: Duncan|Protect|p2b: Duncan\n|-singleturn|p2b: Duncan|Protect\n|move|p1a: Calyrex|Glacial Lance|p2b: Duncan|[spread] p2a\n|-activate|p2b: Duncan|move: Protect\n|-resisted|p2a: Banderilla\n|-damage|p2a: Banderilla|56\/100\n|move|p2a: Banderilla|Parting Shot|p1b: Farigiraf\n|-unboost|p1b: Farigiraf|atk|1\n|-unboost|p1b: Farigiraf|spa|1\n|\n|t:|1737915041\n|switch|p2a: Mr. Grizz|Ursaluna-Bloodmoon, L50, M, tera:Normal|100\/100|[from] Parting Shot\n|\n|upkeep\n|turn|4\n|\n|t:|1737915048\n|switch|p2b: Banderilla|Incineroar, L50, M|56\/100\n|-ability|p2b: Banderilla|Intimidate|boost\n|-fail|p1a: Calyrex|unboost|[from] item: Clear Amulet|[of] p1a: Calyrex\n|-unboost|p1b: Farigiraf|atk|1\n|move|p2a: Mr. Grizz|Hyper Voice|p1a: Calyrex|[spread] p1a,p1b\n|-damage|p1a: Calyrex|0 fnt\n|-damage|p1b: Farigiraf|58\/100\n|faint|p1a: Calyrex\n|move|p1b: Farigiraf|Psychic Noise|p2b: Banderilla\n|-immune|p2b: Banderilla\n|\n|upkeep\n|\n|t:|1737915055\n|switch|p1a: Ursaluna|Ursaluna-Bloodmoon, L50, M|91\/100\n|turn|5\n|\n|t:|1737915069\n|move|p2a: Mr. Grizz|Blood Moon|p1a: Ursaluna\n|-damage|p1a: Ursaluna|0 fnt\n|faint|p1a: Ursaluna\n|move|p1b: Farigiraf|Psychic Noise|p2a: Mr. Grizz\n|-damage|p2a: Mr. Grizz|89\/100\n|-start|p2a: Mr. Grizz|move: Heal Block\n|move|p2b: Banderilla|Knock Off|p1b: Farigiraf\n|-supereffective|p1b: Farigiraf\n|-damage|p1b: Farigiraf|3\/100\n|-enditem|p1b: Farigiraf|Mental Herb|[from] move: Knock Off|[of] p2b: Banderilla\n|\n|-fieldend|move: Trick Room\n|upkeep\n|turn|6\n|-message|Dot1Q forfeited.\n|\n|win|infinitygroudon\n|raw|Dot1Q's rating: 1580 &rarr; <strong>1565<\/strong><br \/>(-15 for losing)\n|raw|infinitygroudon's rating: 1677 &rarr; <strong>1692<\/strong><br \/>(+15 for winning)\n|l|\u2606Dot1Q\n|player|p1|\n|l|\u2606infinitygroudon\n|player|p2|\n","uploadtime":1737915227,"views":13,"formatid":"gen9vgc2025regg","rating":1565,"private":0,"password":null}