{"id":"gen9vgc2025regg-2288397903","format":"[Gen 9] VGC 2025 Reg G","players":["crowz000","ZTMY ENCORE"],"log":"|j|\u2606crowz000\n|j|\u2606ZTMY ENCORE\n|t:|1737873864\n|gametype|doubles\n|player|p1|crowz000|265|1661\n|player|p2|ZTMY ENCORE|1|1681\n|teamsize|p1|6\n|teamsize|p2|6\n|gen|9\n|tier|[Gen 9] VGC 2025 Reg G\n|rated|\n|rule|Species Clause: Limit one of each Pok\u00e9mon\n|rule|Item Clause: Limit 1 of each item\n|clearpoke\n|poke|p1|Terapagos, L50, M|\n|poke|p1|Clefairy, L50, M|\n|poke|p1|Rillaboom, L50, M|\n|poke|p1|Ogerpon-Hearthflame, L50, F|\n|poke|p1|Sableye, L50, F|\n|poke|p1|Flutter Mane, L50|\n|poke|p2|Terapagos, L50, M|\n|poke|p2|Smeargle, L50, M|\n|poke|p2|Tornadus, L50, M|\n|poke|p2|Ogerpon-Hearthflame, L50, F|\n|poke|p2|Dondozo, L50, M|\n|poke|p2|Tatsugiri-Stretchy, L50, M|\n|teampreview|4\n|inactive|Battle timer is ON: inactive players will automatically lose when time's up. (requested by crowz000)\n|\n|t:|1737873916\n|start\n|switch|p1a: Sableye|Sableye, L50, F|100\/100\n|switch|p1b: Flutter Mane|Flutter Mane, L50|100\/100\n|switch|p2a: Terapagos|Terapagos, L50, M|100\/100\n|switch|p2b: Smeargle|Smeargle, L50, M|100\/100\n|-activate|p2a: Terapagos|ability: Tera Shift\n|detailschange|p2a: Terapagos|Terapagos-Terastal, L50, M\n|-heal|p2a: Terapagos|100\/100|[silent]\n|-enditem|p1b: Flutter Mane|Booster Energy\n|-activate|p1b: Flutter Mane|ability: Protosynthesis|[fromitem]\n|-start|p1b: Flutter Mane|protosynthesisspe\n|turn|1\n|\n|t:|1737873938\n|-terastallize|p2a: Terapagos|Stellar\n|detailschange|p2a: Terapagos|Terapagos-Stellar, L50, M, tera:Stellar\n|-heal|p2a: Terapagos|100\/100|[silent]\n|move|p1a: Sableye|Light Screen|p1a: Sableye\n|-sidestart|p1: crowz000|move: Light Screen\n|move|p1b: Flutter Mane|Taunt|p2b: Smeargle\n|-start|p2b: Smeargle|move: Taunt\n|cant|p2b: Smeargle|move: Taunt|Decorate\n|move|p2a: Terapagos|Tera Starstorm|p1b: Flutter Mane|[spread] p1a,p1b\n|-damage|p1a: Sableye|53\/100\n|-damage|p1b: Flutter Mane|68\/100\n|\n|-ability|p2b: Smeargle|Moody|boost\n|-boost|p2b: Smeargle|spe|2\n|-unboost|p2b: Smeargle|spa|1\n|upkeep\n|turn|2\n|\n|t:|1737873961\n|switch|p2b: Ogerpon|Ogerpon-Hearthflame, L50, F|100\/100\n|-ability|p2b: Ogerpon|Mold Breaker\n|switch|p2a: Tornadus|Tornadus, L50, M|100\/100\n|move|p1a: Sableye|Disable||[still]\n|-fail|p1a: Sableye\n|move|p1b: Flutter Mane|Moonblast|p2a: Tornadus\n|-damage|p2a: Tornadus|47\/100\n|\n|upkeep\n|turn|3\n|\n|t:|1737873978\n|move|p2a: Tornadus|Tailwind|p2a: Tornadus\n|-sidestart|p2: ZTMY ENCORE|move: Tailwind\n|move|p1a: Sableye|Reflect|p1a: Sableye\n|-sidestart|p1: crowz000|Reflect\n|move|p2b: Ogerpon|Ivy Cudgel|p1b: Flutter Mane|[anim] Ivy Cudgel Fire\n|-damage|p1b: Flutter Mane|10\/100\n|move|p1b: Flutter Mane|Moonblast|p2a: Tornadus\n|-damage|p2a: Tornadus|0 fnt\n|faint|p2a: Tornadus\n|\n|upkeep\n|\n|t:|1737873988\n|switch|p2a: Terapagos|Terapagos-Stellar, L50, M, tera:Stellar|100\/100\n|turn|4\n|inactive|crowz000 has 30 seconds left.\n|\n|t:|1737874021\n|-end|p1b: Flutter Mane|Protosynthesis|[silent]\n|switch|p1b: Clefairy|Clefairy, L50, M|100\/100\n|move|p1a: Sableye|Disable|p2b: Ogerpon\n|-start|p2b: Ogerpon|Disable|Ivy Cudgel\n|move|p2b: Ogerpon|Wood Hammer|p1a: Sableye\n|-damage|p1a: Sableye|0 fnt\n|faint|p1a: Sableye\n|-damage|p2b: Ogerpon|85\/100|[from] Recoil\n|move|p2a: Terapagos|Tera Starstorm|p1b: Clefairy\n|-damage|p1b: Clefairy|50\/100\n|\n|upkeep\n|\n|t:|1737874033\n|switch|p1a: Terapagos|Terapagos, L50, M|100\/100\n|-activate|p1a: Terapagos|ability: Tera Shift\n|detailschange|p1a: Terapagos|Terapagos-Terastal, L50, M\n|-heal|p1a: Terapagos|100\/100|[silent]\n|turn|5\n|inactive|ZTMY ENCORE has 30 seconds left.\n|inactive|ZTMY ENCORE has 20 seconds left.\n|\n|t:|1737874072\n|switch|p2a: Smeargle|Smeargle, L50, M|100\/100\n|move|p1b: Clefairy|Protect|p1b: Clefairy\n|-singleturn|p1b: Clefairy|Protect\n|move|p2b: Ogerpon|Wood Hammer|p1b: Clefairy\n|-activate|p1b: Clefairy|move: Protect\n|move|p1a: Terapagos|Tera Starstorm|p2b: Ogerpon\n|-damage|p2b: Ogerpon|30\/100\n|\n|-ability|p2a: Smeargle|Moody|boost\n|-boost|p2a: Smeargle|def|2\n|-unboost|p2a: Smeargle|spa|1\n|upkeep\n|turn|6\n|inactive|crowz000 has 30 seconds left.\n|inactive|crowz000 has 20 seconds left.\n|\n|t:|1737874112\n|-terastallize|p1a: Terapagos|Stellar\n|detailschange|p1a: Terapagos|Terapagos-Stellar, L50, M, tera:Stellar\n|-heal|p1a: Terapagos|100\/100|[silent]\n|move|p1b: Clefairy|Follow Me|p1b: Clefairy\n|-singleturn|p1b: Clefairy|move: Follow Me\n|move|p2b: Ogerpon|Wood Hammer|p1b: Clefairy\n|-damage|p1b: Clefairy|15\/100\n|-damage|p2b: Ogerpon|18\/100|[from] Recoil\n|move|p2a: Smeargle|Spore|p1b: Clefairy\n|-status|p1b: Clefairy|slp|[from] move: Spore\n|move|p1a: Terapagos|Tera Starstorm|p2b: Ogerpon|[spread] p2a,p2b\n|-enditem|p2a: Smeargle|Focus Sash\n|-damage|p2a: Smeargle|1\/100\n|-damage|p2b: Ogerpon|0 fnt\n|faint|p2b: Ogerpon\n|\n|-sideend|p2: ZTMY ENCORE|move: Tailwind\n|-ability|p2a: Smeargle|Moody|boost\n|-boost|p2a: Smeargle|atk|2\n|-unboost|p2a: Smeargle|spe|1\n|upkeep\n|\n|t:|1737874127\n|switch|p2b: Terapagos|Terapagos-Stellar, L50, M, tera:Stellar|100\/100\n|turn|7\n|\n|t:|1737874143\n|cant|p1b: Clefairy|slp\n|move|p2b: Terapagos|Tera Starstorm|p1b: Clefairy|[spread] p1a,p1b\n|-supereffective|p1a: Terapagos\n|-crit|p1a: Terapagos\n|-damage|p1a: Terapagos|13\/100\n|-damage|p1b: Clefairy|0 fnt\n|faint|p1b: Clefairy\n|move|p1a: Terapagos|Calm Mind|p1a: Terapagos\n|-boost|p1a: Terapagos|spa|1\n|-boost|p1a: Terapagos|spd|1\n|move|p2a: Smeargle|Decorate|p2b: Terapagos\n|-boost|p2b: Terapagos|atk|2\n|-boost|p2b: Terapagos|spa|2\n|\n|-ability|p2a: Smeargle|Moody|boost\n|-boost|p2a: Smeargle|spa|2\n|-unboost|p2a: Smeargle|spd|1\n|upkeep\n|\n|t:|1737874158\n|switch|p1b: Flutter Mane|Flutter Mane, L50|10\/100\n|turn|8\n|\n|t:|1737874171\n|move|p2a: Smeargle|Follow Me|p2a: Smeargle\n|-singleturn|p2a: Smeargle|move: Follow Me\n|move|p1b: Flutter Mane|Thunder Wave|p2a: Smeargle\n|-status|p2a: Smeargle|par\n|move|p2b: Terapagos|Tera Starstorm|p1a: Terapagos|[spread] p1a,p1b\n|-supereffective|p1a: Terapagos\n|-damage|p1a: Terapagos|0 fnt\n|-damage|p1b: Flutter Mane|0 fnt\n|faint|p1a: Terapagos\n|faint|p1b: Flutter Mane\n|-end|p1b: Flutter Mane|Protosynthesis|[silent]\n|\n|win|ZTMY ENCORE\n|raw|crowz000's rating: 1661 &rarr; <strong>1642<\/strong><br \/>(-19 for losing)\n|raw|ZTMY ENCORE's rating: 1681 &rarr; <strong>1700<\/strong><br \/>(+19 for winning)\n|l|\u2606crowz000\n|player|p1|\n|l|\u2606ZTMY ENCORE\n|player|p2|\n","uploadtime":1737874435,"views":23,"formatid":"gen9vgc2025regg","rating":1642,"private":0,"password":null}