{"id":"gen9vgc2025regg-2288795172","format":"[Gen 9] VGC 2025 Reg G","players":["hugaario","master 792"],"log":"|j|\u2606hugaario\n|j|\u2606master 792\n|t:|1737932131\n|gametype|doubles\n|player|p1|hugaario|lucas-gen4pt|1507\n|player|p2|master 792|lucas|1556\n|teamsize|p1|6\n|teamsize|p2|6\n|gen|9\n|tier|[Gen 9] VGC 2025 Reg G\n|rated|\n|rule|Species Clause: Limit one of each Pok\u00e9mon\n|rule|Item Clause: Limit 1 of each item\n|clearpoke\n|poke|p1|Calyrex-Ice, L50|\n|poke|p1|Iron Valiant, L50|\n|poke|p1|Clefairy, L50, F|\n|poke|p1|Pelipper, L50, F|\n|poke|p1|Urshifu-*, L50, F|\n|poke|p1|Landorus, L50, M|\n|poke|p2|Necrozma-Dawn-Wings, L50|\n|poke|p2|Indeedee, L50, M|\n|poke|p2|Gallade, L50, M|\n|poke|p2|Ting-Lu, L50|\n|poke|p2|Ogerpon-Hearthflame, L50, F|\n|poke|p2|Flutter Mane, L50|\n|teampreview|4\n|\n|t:|1737932198\n|start\n|switch|p1a: Calyrex|Calyrex-Ice, L50|100\/100\n|switch|p1b: Pelipper|Pelipper, L50, F|100\/100\n|switch|p2a: Necrozma|Necrozma-Dawn-Wings, L50|100\/100\n|switch|p2b: Indeedee|Indeedee, L50, M|100\/100\n|-ability|p1a: Calyrex|As One\n|-ability|p1a: Calyrex|Unnerve\n|-weather|RainDance|[from] ability: Drizzle|[of] p1b: Pelipper\n|-fieldstart|move: Psychic Terrain|[from] ability: Psychic Surge|[of] p2b: Indeedee\n|turn|1\n|\n|t:|1737932218\n|-terastallize|p1a: Calyrex|Fire\n|move|p1b: Pelipper|Wide Guard|p1b: Pelipper\n|-singleturn|p1b: Pelipper|Wide Guard\n|move|p2b: Indeedee|Dazzling Gleam|p1b: Pelipper|[spread] \n|-activate|p1a: Calyrex|move: Wide Guard\n|-activate|p1b: Pelipper|move: Wide Guard\n|move|p2a: Necrozma|Moongeist Beam|p1a: Calyrex\n|-damage|p1a: Calyrex|58\/100\n|move|p1a: Calyrex|Glacial Lance|p2b: Indeedee|[spread] p2a,p2b\n|-damage|p2a: Necrozma|47\/100\n|-damage|p2b: Indeedee|36\/100\n|\n|-weather|RainDance|[upkeep]\n|upkeep\n|turn|2\n|\n|t:|1737932240\n|move|p1a: Calyrex|Protect|p1a: Calyrex\n|-singleturn|p1a: Calyrex|Protect\n|move|p1b: Pelipper|Wide Guard|p1b: Pelipper\n|-singleturn|p1b: Pelipper|Wide Guard\n|move|p2b: Indeedee|Encore|p1b: Pelipper\n|-start|p1b: Pelipper|Encore\n|move|p2a: Necrozma|Earth Power|p1a: Calyrex\n|-activate|p1a: Calyrex|move: Protect\n|\n|-weather|RainDance|[upkeep]\n|upkeep\n|turn|3\n|\n|t:|1737932252\n|switch|p1b: Urshifu|Urshifu-Rapid-Strike, L50, F|100\/100\n|switch|p1a: Landorus|Landorus, L50, M|100\/100\n|-enditem|p2a: Necrozma|Sitrus Berry|[eat]\n|-heal|p2a: Necrozma|72\/100|[from] item: Sitrus Berry\n|move|p2b: Indeedee|Encore||[still]\n|-fail|p2b: Indeedee\n|move|p2a: Necrozma|Earth Power|p1a: Landorus\n|-immune|p1a: Landorus\n|\n|-weather|RainDance|[upkeep]\n|upkeep\n|turn|4\n|\n|t:|1737932283\n|-terastallize|p2b: Indeedee|Grass\n|move|p1b: Urshifu|Surging Strikes|p2a: Necrozma\n|-crit|p2a: Necrozma\n|-damage|p2a: Necrozma|47\/100\n|-crit|p2a: Necrozma\n|-damage|p2a: Necrozma|22\/100\n|-crit|p2a: Necrozma\n|-damage|p2a: Necrozma|0 fnt\n|faint|p2a: Necrozma\n|-hitcount|p2: Necrozma|3\n|move|p1a: Landorus|Sandsear Storm|p2b: Indeedee\n|-resisted|p2b: Indeedee\n|-damage|p2b: Indeedee|0 fnt\n|faint|p2b: Indeedee\n|\n|-weather|RainDance|[upkeep]\n|upkeep\n|\n|t:|1737932287\n|switch|p2b: Gallade|Gallade, L50, M|100\/100\n|switch|p2a: Ting-Lu|Ting-Lu, L50|100\/100\n|-ability|p2a: Ting-Lu|Vessel of Ruin\n|turn|5\n|-message|master 792 forfeited.\n|\n|win|hugaario\n|raw|hugaario's rating: 1507 &rarr; <strong>1530<\/strong><br \/>(+23 for winning)\n|raw|master 792's rating: 1556 &rarr; <strong>1533<\/strong><br \/>(-23 for losing)\n|l|\u2606hugaario\n|player|p1|\n|l|\u2606master 792\n|player|p2|\n","uploadtime":1737932499,"views":5,"formatid":"gen9vgc2025regg","rating":1530,"private":0,"password":null}