{"id":"gen9vgc2025regg-2288776382","format":"[Gen 9] VGC 2025 Reg G","players":["ggfsb","Emirnent"],"log":"|j|\u2606ggfsb\n|j|\u2606Emirnent\n|t:|1737929826\n|gametype|doubles\n|player|p1|ggfsb|palmer|1562\n|player|p2|Emirnent|170|1571\n|teamsize|p1|6\n|teamsize|p2|6\n|gen|9\n|tier|[Gen 9] VGC 2025 Reg G\n|rated|\n|rule|Species Clause: Limit one of each Pok\u00e9mon\n|rule|Item Clause: Limit 1 of each item\n|clearpoke\n|poke|p1|Zamazenta-*, L50|\n|poke|p1|Scream Tail, L50|\n|poke|p1|Rillaboom, L50, M|\n|poke|p1|Landorus, L50, M|\n|poke|p1|Pelipper, L50, F|\n|poke|p1|Raging Bolt, L50|\n|poke|p2|Calyrex-Ice, L50|\n|poke|p2|Ting-Lu, L50|\n|poke|p2|Tornadus, L50, M|\n|poke|p2|Urshifu-*, L50, M|\n|poke|p2|Volcarona, L50, F|\n|poke|p2|Raging Bolt, L50|\n|teampreview|4\n|inactive|Battle timer is ON: inactive players will automatically lose when time's up. (requested by Emirnent)\n|\n|t:|1737929860\n|start\n|switch|p1a: Landorus|Landorus, L50, M|100\/100\n|switch|p1b: Pelipper|Pelipper, L50, F|100\/100\n|switch|p2a: Tornadus|Tornadus, L50, M|100\/100\n|switch|p2b: Urshifu|Urshifu-Rapid-Strike, L50, M|100\/100\n|-weather|RainDance|[from] ability: Drizzle|[of] p1b: Pelipper\n|turn|1\n|inactive|ggfsb has 30 seconds left.\n|\n|t:|1737929888\n|switch|p1a: Raging Bolt|Raging Bolt, L50|100\/100\n|move|p2a: Tornadus|Tailwind|p2a: Tornadus\n|-sidestart|p2: Emirnent|move: Tailwind\n|move|p2b: Urshifu|Surging Strikes|p1a: Raging Bolt\n|-resisted|p1a: Raging Bolt\n|-crit|p1a: Raging Bolt\n|-damage|p1a: Raging Bolt|82\/100\n|-resisted|p1a: Raging Bolt\n|-crit|p1a: Raging Bolt\n|-damage|p1a: Raging Bolt|63\/100\n|-resisted|p1a: Raging Bolt\n|-crit|p1a: Raging Bolt\n|-damage|p1a: Raging Bolt|44\/100\n|-hitcount|p1a: Raging Bolt|3\n|move|p1b: Pelipper|Tailwind|p1b: Pelipper\n|-sidestart|p1: ggfsb|move: Tailwind\n|\n|-weather|RainDance|[upkeep]\n|upkeep\n|turn|2\n|\n|t:|1737929907\n|-terastallize|p2b: Urshifu|Ghost\n|move|p1b: Pelipper|Wide Guard|p1b: Pelipper\n|-singleturn|p1b: Pelipper|Wide Guard\n|move|p1a: Raging Bolt|Thunderclap|p2b: Urshifu\n|-damage|p2b: Urshifu|34\/100\n|move|p2a: Tornadus|Air Slash|p1b: Pelipper\n|-damage|p1b: Pelipper|38\/100\n|move|p2b: Urshifu|Surging Strikes|p1a: Raging Bolt\n|-resisted|p1a: Raging Bolt\n|-crit|p1a: Raging Bolt\n|-damage|p1a: Raging Bolt|24\/100\n|-resisted|p1a: Raging Bolt\n|-crit|p1a: Raging Bolt\n|-damage|p1a: Raging Bolt|7\/100\n|-resisted|p1a: Raging Bolt\n|-crit|p1a: Raging Bolt\n|-damage|p1a: Raging Bolt|0 fnt\n|faint|p1a: Raging Bolt\n|-end|p1a: Raging Bolt|Protosynthesis|[silent]\n|-hitcount|p1: Raging Bolt|3\n|\n|-weather|RainDance|[upkeep]\n|upkeep\n|\n|t:|1737929915\n|switch|p1a: Zamazenta|Zamazenta-Crowned, L50|100\/100\n|-ability|p1a: Zamazenta|Dauntless Shield|boost\n|-boost|p1a: Zamazenta|def|1\n|turn|3\n|j| Domtar\n|\n|t:|1737929924\n|-terastallize|p1a: Zamazenta|Grass\n|move|p1b: Pelipper|Wide Guard|p1b: Pelipper\n|-singleturn|p1b: Pelipper|Wide Guard\n|move|p2a: Tornadus|Air Slash|p1b: Pelipper\n|-damage|p1b: Pelipper|0 fnt\n|faint|p1b: Pelipper\n|move|p2b: Urshifu|Surging Strikes|p1a: Zamazenta\n|-resisted|p1a: Zamazenta\n|-crit|p1a: Zamazenta\n|-damage|p1a: Zamazenta|86\/100\n|-resisted|p1a: Zamazenta\n|-crit|p1a: Zamazenta\n|-damage|p1a: Zamazenta|72\/100\n|-resisted|p1a: Zamazenta\n|-crit|p1a: Zamazenta\n|-damage|p1a: Zamazenta|58\/100\n|-hitcount|p1a: Zamazenta|3\n|move|p1a: Zamazenta|Heavy Slam|p2b: Urshifu\n|-damage|p2b: Urshifu|0 fnt\n|faint|p2b: Urshifu\n|\n|-weather|RainDance|[upkeep]\n|upkeep\n|j| cyclopsian\n|\n|t:|1737929940\n|switch|p2b: Volcarona|Volcarona, L50, F|100\/100\n|switch|p1b: Landorus|Landorus, L50, M|100\/100\n|turn|4\n|\n|t:|1737929948\n|move|p2a: Tornadus|Icy Wind|p1a: Zamazenta|[spread] p1a,p1b\n|-supereffective|p1a: Zamazenta\n|-supereffective|p1b: Landorus\n|-damage|p1a: Zamazenta|43\/100\n|-damage|p1b: Landorus|33\/100\n|-unboost|p1a: Zamazenta|spe|1\n|-unboost|p1b: Landorus|spe|1\n|move|p2b: Volcarona|Will-O-Wisp|p1a: Zamazenta|[miss]\n|-miss|p2b: Volcarona|p1a: Zamazenta\n|move|p1b: Landorus|Sandsear Storm|p2b: Volcarona|[spread] p2b\n|-immune|p2a: Tornadus\n|-crit|p2b: Volcarona\n|-damage|p2b: Volcarona|18\/100\n|move|p1a: Zamazenta|Body Press|p2b: Volcarona\n|-resisted|p2b: Volcarona\n|-damage|p2b: Volcarona|0 fnt\n|faint|p2b: Volcarona\n|\n|-weather|RainDance|[upkeep]\n|-sideend|p2: Emirnent|move: Tailwind\n|-sideend|p1: ggfsb|move: Tailwind\n|upkeep\n|\n|t:|1737929951\n|switch|p2b: Raging Bolt|Raging Bolt, L50|100\/100\n|turn|5\n|\n|t:|1737929967\n|move|p1b: Landorus|Protect|p1b: Landorus\n|-singleturn|p1b: Landorus|Protect\n|move|p2a: Tornadus|Air Slash|p1b: Landorus\n|-activate|p1b: Landorus|move: Protect\n|move|p2b: Raging Bolt|Thunderbolt|p1a: Zamazenta\n|-resisted|p1a: Zamazenta\n|-damage|p1a: Zamazenta|19\/100\n|move|p1a: Zamazenta|Body Press|p2b: Raging Bolt\n|-damage|p2b: Raging Bolt|43\/100\n|\n|-weather|none\n|upkeep\n|turn|6\n|\n|t:|1737929973\n|move|p1a: Zamazenta|Protect|p1a: Zamazenta\n|-singleturn|p1a: Zamazenta|Protect\n|move|p2a: Tornadus|Air Slash|p1b: Landorus\n|-damage|p1b: Landorus|0 fnt\n|faint|p1b: Landorus\n|move|p2b: Raging Bolt|Thunderbolt|p1a: Zamazenta\n|-activate|p1a: Zamazenta|move: Protect\n|\n|upkeep\n|turn|7\n|\n|t:|1737929984\n|move|p2a: Tornadus|Air Slash|p1a: Zamazenta\n|-supereffective|p1a: Zamazenta\n|-damage|p1a: Zamazenta|0 fnt\n|faint|p1a: Zamazenta\n|\n|win|Emirnent\n|raw|ggfsb's rating: 1562 &rarr; <strong>1543<\/strong><br \/>(-19 for losing)\n|raw|Emirnent's rating: 1571 &rarr; <strong>1590<\/strong><br \/>(+19 for winning)\n|l|\u2606ggfsb\n|player|p1|\n|l|\u2606Emirnent\n|player|p2|\n|l| Domtar\n|l| cyclopsian\n","uploadtime":1737930200,"views":23,"formatid":"gen9vgc2025regg","rating":1543,"private":0,"password":null}