{"id":"gen9vgc2025regg-2288312911","format":"[Gen 9] VGC 2025 Reg G","players":["Prometheus756","infinitygroudon"],"log":"|j|\u2606Prometheus756\n|j|\u2606infinitygroudon\n|t:|1737860313\n|gametype|doubles\n|player|p1|Prometheus756|gentleman-gen4dp|1656\n|player|p2|infinitygroudon|1|1660\n|teamsize|p1|6\n|teamsize|p2|6\n|gen|9\n|tier|[Gen 9] VGC 2025 Reg G\n|rated|\n|rule|Species Clause: Limit one of each Pok\u00e9mon\n|rule|Item Clause: Limit 1 of each item\n|clearpoke\n|poke|p1|Rayquaza, L50|\n|poke|p1|Rillaboom, L50, F|\n|poke|p1|Chien-Pao, L50|\n|poke|p1|Smeargle, L50, F|\n|poke|p1|Amoonguss, L50, M|\n|poke|p1|Muk-Alola, L50, M|\n|poke|p2|Calyrex-Shadow, L50|\n|poke|p2|Incineroar, L50, M|\n|poke|p2|Weezing-Galar, L50, M|\n|poke|p2|Indeedee-F, L50, F|\n|poke|p2|Iron Valiant, L50|\n|poke|p2|Ursaluna-Bloodmoon, L50, M|\n|teampreview|4\n|j| jdarcan\n|inactive|Battle timer is ON: inactive players will automatically lose when time's up. (requested by Prometheus756)\n|\n|t:|1737860332\n|start\n|switch|p1a: Rayquaza|Rayquaza, L50|100\/100\n|switch|p1b: Smeargle|Smeargle, L50, F|100\/100\n|switch|p2a: Charming|Iron Valiant, L50, shiny|100\/100\n|switch|p2b: Duncan|Calyrex-Shadow, L50|100\/100\n|-ability|p2b: Duncan|As One\n|-ability|p2b: Duncan|Unnerve\n|-ability|p1a: Rayquaza|Air Lock\n|-enditem|p2a: Charming|Booster Energy\n|-activate|p2a: Charming|ability: Quark Drive|[fromitem]\n|-start|p2a: Charming|quarkdrivespe\n|turn|1\n|j| stewpeed\n|\n|t:|1737860353\n|-terastallize|p1a: Rayquaza|Normal\n|move|p1b: Smeargle|Follow Me|p1b: Smeargle\n|-singleturn|p1b: Smeargle|move: Follow Me\n|move|p2a: Charming|Spirit Break|p1b: Smeargle\n|-damage|p1b: Smeargle|15\/100\n|-unboost|p1b: Smeargle|spa|1\n|move|p2b: Duncan|Expanding Force|p1b: Smeargle\n|-damage|p1b: Smeargle|0 fnt\n|faint|p1b: Smeargle\n|-ability|p2b: Duncan|Grim Neigh|boost\n|-boost|p2b: Duncan|spa|1\n|-damage|p2b: Duncan|91\/100|[from] item: Life Orb\n|move|p1a: Rayquaza|Swords Dance|p1a: Rayquaza\n|-boost|p1a: Rayquaza|atk|2\n|\n|upkeep\n|\n|t:|1737860376\n|switch|p1b: Chien-Pao|Chien-Pao, L50|100\/100\n|-ability|p1b: Chien-Pao|Sword of Ruin\n|turn|2\n|inactive|Prometheus756 has 30 seconds left.\n|inactive|infinitygroudon has 30 seconds left.\n|inactive|Prometheus756 has 20 seconds left.\n|inactive|Prometheus756 has 15 seconds left.\n|inactive|Prometheus756 has 10 seconds left.\n|inactive|Prometheus756 has 5 seconds left.\n|\n|t:|1737860427\n|-terastallize|p2b: Duncan|Normal\n|move|p1a: Rayquaza|Protect|p1a: Rayquaza\n|-singleturn|p1a: Rayquaza|Protect\n|move|p1b: Chien-Pao|Sucker Punch|p2b: Duncan\n|-damage|p2b: Duncan|35\/100\n|move|p2a: Charming|Close Combat|p1a: Rayquaza\n|-activate|p1a: Rayquaza|move: Protect\n|move|p2b: Duncan|Expanding Force|p1a: Rayquaza\n|-activate|p1a: Rayquaza|move: Protect\n|\n|upkeep\n|turn|3\n|j| brrkz\n|inactive|Prometheus756 has 30 seconds left.\n|j| SupernovaSZ8\n|inactive|Prometheus756 has 20 seconds left.\n|\n|t:|1737860465\n|switch|p2b: Mr. Gassy|Weezing-Galar, L50, M|100\/100\n|-ability|p2b: Mr. Gassy|Neutralizing Gas\n|move|p2a: Charming|Protect|p2a: Charming\n|-singleturn|p2a: Charming|Protect\n|move|p1a: Rayquaza|Extreme Speed|p2a: Charming\n|-activate|p2a: Charming|move: Protect\n|move|p1b: Chien-Pao|Sucker Punch||[still]\n|-fail|p1b: Chien-Pao\n|\n|upkeep\n|turn|4\n|l| SupernovaSZ8\n|inactive|Prometheus756 has 30 seconds left.\n|\n|t:|1737860498\n|-end|p2a: Charming|Quark Drive|[silent]\n|switch|p2a: Duncan|Calyrex-Shadow, L50, tera:Normal|35\/100\n|-ability|p2a: Duncan|As One\n|-ability|p2a: Duncan|Unnerve\n|move|p1a: Rayquaza|Extreme Speed|p2a: Duncan\n|-damage|p2a: Duncan|0 fnt\n|faint|p2a: Duncan\n|move|p1b: Chien-Pao|Throat Chop|p2b: Mr. Gassy\n|-resisted|p2b: Mr. Gassy\n|-damage|p2b: Mr. Gassy|83\/100\n|-start|p2b: Mr. Gassy|Throat Chop|[silent]\n|move|p2b: Mr. Gassy|Will-O-Wisp|p1a: Rayquaza|[miss]\n|-miss|p2b: Mr. Gassy|p1a: Rayquaza\n|\n|upkeep\n|\n|t:|1737860510\n|switch|p2a: Charming|Iron Valiant, L50, shiny|100\/100\n|turn|5\n|l| brrkz\n|\n|t:|1737860521\n|move|p1a: Rayquaza|Protect|p1a: Rayquaza\n|-singleturn|p1a: Rayquaza|Protect\n|move|p1b: Chien-Pao|Icicle Crash|p2b: Mr. Gassy\n|-damage|p2b: Mr. Gassy|44\/100\n|-enditem|p2b: Mr. Gassy|Sitrus Berry|[eat]\n|-heal|p2b: Mr. Gassy|69\/100|[from] item: Sitrus Berry\n|move|p2a: Charming|Close Combat|p1a: Rayquaza\n|-activate|p1a: Rayquaza|move: Protect\n|move|p2b: Mr. Gassy|Will-O-Wisp|p1b: Chien-Pao|[miss]\n|-miss|p2b: Mr. Gassy|p1b: Chien-Pao\n|\n|-end|p2b: Mr. Gassy|Throat Chop|[silent]\n|upkeep\n|turn|6\n|inactive|Prometheus756 has 30 seconds left.\n|inactive|Prometheus756 has 20 seconds left.\n|\n|t:|1737860556\n|move|p2b: Mr. Gassy|Protect|p2b: Mr. Gassy\n|-singleturn|p2b: Mr. Gassy|Protect\n|move|p1a: Rayquaza|Extreme Speed|p2a: Charming\n|-crit|p2a: Charming\n|-damage|p2a: Charming|0 fnt\n|faint|p2a: Charming\n|-end|p2a: Charming|Quark Drive|[silent]\n|move|p1b: Chien-Pao|Icicle Crash|p2b: Mr. Gassy\n|-activate|p2b: Mr. Gassy|move: Protect\n|\n|upkeep\n|-message|infinitygroudon forfeited.\n|\n|win|Prometheus756\n|raw|Prometheus756's rating: 1656 &rarr; <strong>1676<\/strong><br \/>(+20 for winning)\n|raw|infinitygroudon's rating: 1660 &rarr; <strong>1640<\/strong><br \/>(-20 for losing)\n|l|\u2606infinitygroudon\n|player|p2|\n|l| stewpeed\n|l|\u2606Prometheus756\n|player|p1|\n","uploadtime":1737860712,"views":25,"formatid":"gen9vgc2025regg","rating":1640,"private":0,"password":null}