{"id":"gen9vgc2025regg-2288941131","format":"[Gen 9] VGC 2025 Reg G","players":["Dktdragon","something123"],"log":"|j|\u2606Dktdragon\n|j|\u2606something123\n|t:|1737951146\n|gametype|doubles\n|player|p1|Dktdragon|lady|1567\n|player|p2|something123|266|1688\n|teamsize|p1|6\n|teamsize|p2|6\n|gen|9\n|tier|[Gen 9] VGC 2025 Reg G\n|rated|\n|rule|Species Clause: Limit one of each Pok\u00e9mon\n|rule|Item Clause: Limit 1 of each item\n|clearpoke\n|poke|p1|Whimsicott, L50, M|\n|poke|p1|Miraidon, L50|\n|poke|p1|Farigiraf, L50, F|\n|poke|p1|Iron Hands, L50|\n|poke|p1|Ogerpon-Hearthflame, L50, F|\n|poke|p1|Urshifu-*, L50, M|\n|poke|p2|Farigiraf, L50, M|\n|poke|p2|Landorus, L50, M|\n|poke|p2|Calyrex-Ice, L50|\n|poke|p2|Ogerpon-Cornerstone, L50, F|\n|poke|p2|Urshifu-*, L50, F|\n|poke|p2|Roaring Moon, L50|\n|teampreview|4\n|\n|t:|1737951191\n|start\n|switch|p1a: Miraidon|Miraidon, L50|100\/100\n|switch|p1b: Iron Hands|Iron Hands, L50|100\/100\n|switch|p2a: Calyrex|Calyrex-Ice, L50|100\/100\n|switch|p2b: Ogerpon|Ogerpon-Cornerstone, L50, F|100\/100\n|-ability|p2a: Calyrex|As One\n|-ability|p2a: Calyrex|Unnerve\n|-fieldstart|move: Electric Terrain|[from] ability: Hadron Engine|[of] p1a: Miraidon\n|-activate|p1b: Iron Hands|ability: Quark Drive\n|-start|p1b: Iron Hands|quarkdriveatk\n|turn|1\n|\n|t:|1737951218\n|move|p2b: Ogerpon|Spiky Shield|p2b: Ogerpon\n|-singleturn|p2b: Ogerpon|move: Protect\n|move|p2a: Calyrex|Protect|p2a: Calyrex\n|-singleturn|p2a: Calyrex|Protect\n|move|p1b: Iron Hands|Fake Out|p2b: Ogerpon\n|-activate|p2b: Ogerpon|move: Protect\n|-damage|p1b: Iron Hands|88\/100|[from] Spiky Shield|[of] p2b: Ogerpon\n|move|p1a: Miraidon|Volt Switch|p2a: Calyrex\n|-activate|p2a: Calyrex|move: Protect\n|\n|upkeep\n|turn|2\n|\n|t:|1737951243\n|move|p2b: Ogerpon|Follow Me|p2b: Ogerpon\n|-singleturn|p2b: Ogerpon|move: Follow Me\n|move|p1a: Miraidon|Volt Switch|p2b: Ogerpon\n|-resisted|p2b: Ogerpon\n|-damage|p2b: Ogerpon|42\/100\n|\n|t:|1737951250\n|switch|p1a: Urshifu|Urshifu, L50, M|100\/100|[from] Volt Switch\n|move|p2a: Calyrex|Glacial Lance|p1b: Iron Hands|[spread] p1a,p1b\n|-damage|p1a: Urshifu|33\/100\n|-damage|p1b: Iron Hands|39\/100\n|move|p1b: Iron Hands|Drain Punch|p2b: Ogerpon\n|-supereffective|p2b: Ogerpon\n|-damage|p2b: Ogerpon|0 fnt\n|-heal|p1b: Iron Hands|52\/100|[from] drain|[of] p2b: Ogerpon\n|faint|p2b: Ogerpon\n|\n|upkeep\n|\n|t:|1737951263\n|switch|p2b: Roaring Moon|Roaring Moon, L50|100\/100\n|-enditem|p2b: Roaring Moon|Booster Energy\n|-activate|p2b: Roaring Moon|ability: Protosynthesis|[fromitem]\n|-start|p2b: Roaring Moon|protosynthesisspe\n|turn|3\n|\n|t:|1737951276\n|move|p1a: Urshifu|Sucker Punch|p2a: Calyrex\n|-supereffective|p2a: Calyrex\n|-damage|p2a: Calyrex|46\/100\n|move|p2b: Roaring Moon|Tailwind|p2b: Roaring Moon\n|-sidestart|p2: something123|move: Tailwind\n|move|p2a: Calyrex|Glacial Lance|p1a: Urshifu|[spread] p1a,p1b\n|-damage|p1a: Urshifu|0 fnt\n|-damage|p1b: Iron Hands|8\/100\n|faint|p1a: Urshifu\n|-ability|p2a: Calyrex|Chilling Neigh|boost\n|-boost|p2a: Calyrex|atk|1\n|move|p1b: Iron Hands|Low Kick|p2a: Calyrex\n|-damage|p2a: Calyrex|0 fnt\n|faint|p2a: Calyrex\n|\n|upkeep\n|inactive|Battle timer is ON: inactive players will automatically lose when time's up. (requested by something123)\n|\n|t:|1737951301\n|switch|p1a: Whimsicott|Whimsicott, L50, M|100\/100\n|switch|p2a: Landorus|Landorus, L50, M|100\/100\n|turn|4\n|inactive|Dktdragon has 30 seconds left.\n|inactive|something123 has 30 seconds left.\n|\n|t:|1737951329\n|-terastallize|p2b: Roaring Moon|Flying\n|move|p1a: Whimsicott|Tailwind|p1a: Whimsicott\n|-sidestart|p1: Dktdragon|move: Tailwind\n|move|p2b: Roaring Moon|Acrobatics|p1a: Whimsicott\n|-supereffective|p1a: Whimsicott\n|-damage|p1a: Whimsicott|0 fnt\n|faint|p1a: Whimsicott\n|move|p2a: Landorus|Earth Power|p1b: Iron Hands\n|-supereffective|p1b: Iron Hands\n|-damage|p1b: Iron Hands|0 fnt\n|faint|p1b: Iron Hands\n|-end|p1b: Iron Hands|Quark Drive|[silent]\n|\n|upkeep\n|\n|t:|1737951341\n|switch|p1a: Miraidon|Miraidon, L50|100\/100\n|-activate|p1a: Miraidon|ability: Hadron Engine\n|turn|5\n|\n|t:|1737951356\n|-terastallize|p1a: Miraidon|Fairy\n|move|p2b: Roaring Moon|Knock Off|p1a: Miraidon\n|-resisted|p1a: Miraidon\n|-damage|p1a: Miraidon|77\/100\n|-enditem|p1a: Miraidon|Choice Specs|[from] move: Knock Off|[of] p2b: Roaring Moon\n|move|p1a: Miraidon|Dazzling Gleam|p2a: Landorus|[spread] p2a,p2b\n|-damage|p2a: Landorus|50\/100\n|-damage|p2b: Roaring Moon|63\/100\n|move|p2a: Landorus|Earth Power|p1a: Miraidon\n|-damage|p1a: Miraidon|18\/100\n|\n|-fieldend|move: Electric Terrain\n|upkeep\n|turn|6\n|\n|t:|1737951376\n|move|p2b: Roaring Moon|Acrobatics|p1a: Miraidon\n|-damage|p1a: Miraidon|0 fnt\n|faint|p1a: Miraidon\n|\n|win|something123\n|raw|Dktdragon's rating: 1567 &rarr; <strong>1555<\/strong><br \/>(-12 for losing)\n|raw|something123's rating: 1706 &rarr; <strong>1718<\/strong><br \/>(+12 for winning)\n","uploadtime":1737951384,"views":97,"formatid":"gen9vgc2025regg","rating":1555,"private":0,"password":null}