{"id":"gen9vgc2025regg-2288833423","format":"[Gen 9] VGC 2025 Reg G","players":["hugaario","Doc_MrMega"],"log":"|j|\u2606hugaario\n|j|\u2606Doc_MrMega\n|t:|1737936941\n|gametype|doubles\n|player|p1|hugaario|lucas-gen4pt|1554\n|player|p2|Doc_MrMega|lucas|1591\n|teamsize|p1|6\n|teamsize|p2|6\n|gen|9\n|tier|[Gen 9] VGC 2025 Reg G\n|rated|\n|rule|Species Clause: Limit one of each Pok\u00e9mon\n|rule|Item Clause: Limit 1 of each item\n|clearpoke\n|poke|p1|Calyrex-Ice, L50|\n|poke|p1|Iron Valiant, L50|\n|poke|p1|Clefairy, L50, F|\n|poke|p1|Pelipper, L50, M|\n|poke|p1|Urshifu-*, L50, F|\n|poke|p1|Landorus, L50, M|\n|poke|p2|Calyrex-Shadow, L50|\n|poke|p2|Tornadus, L50, M|\n|poke|p2|Ogerpon-Hearthflame, L50, F|\n|poke|p2|Rillaboom, L50, F|\n|poke|p2|Urshifu-*, L50, F|\n|poke|p2|Kingambit, L50, M|\n|teampreview|4\n|inactive|Battle timer is ON: inactive players will automatically lose when time's up. (requested by Doc_MrMega)\n|\n|t:|1737936950\n|start\n|switch|p1a: Calyrex|Calyrex-Ice, L50|100\/100\n|switch|p1b: Iron Valiant|Iron Valiant, L50|100\/100\n|switch|p2a: Rillaboom|Rillaboom, L50, F|100\/100\n|switch|p2b: Kingambit|Kingambit, L50, M|100\/100\n|-ability|p1a: Calyrex|As One\n|-ability|p1a: Calyrex|Unnerve\n|-fieldstart|move: Grassy Terrain|[from] ability: Grassy Surge|[of] p2a: Rillaboom\n|-enditem|p1b: Iron Valiant|Booster Energy\n|-activate|p1b: Iron Valiant|ability: Quark Drive|[fromitem]\n|-start|p1b: Iron Valiant|quarkdrivespe\n|turn|1\n|inactive|hugaario has 30 seconds left.\n|inactive|hugaario has 20 seconds left.\n|\n|t:|1737936985\n|-terastallize|p1a: Calyrex|Fire\n|move|p2a: Rillaboom|Fake Out|p1b: Iron Valiant\n|-damage|p1b: Iron Valiant|87\/100\n|cant|p1b: Iron Valiant|flinch\n|move|p2b: Kingambit|Swords Dance|p2b: Kingambit\n|-boost|p2b: Kingambit|atk|2\n|move|p1a: Calyrex|Glacial Lance|p2a: Rillaboom|[spread] p2a,p2b\n|-supereffective|p2a: Rillaboom\n|-resisted|p2b: Kingambit\n|-damage|p2a: Rillaboom|0 fnt\n|-damage|p2b: Kingambit|78\/100\n|faint|p2a: Rillaboom\n|-ability|p1a: Calyrex|Chilling Neigh|boost\n|-boost|p1a: Calyrex|atk|1\n|\n|-heal|p1b: Iron Valiant|93\/100|[from] Grassy Terrain\n|-heal|p2b: Kingambit|84\/100|[from] Grassy Terrain\n|upkeep\n|\n|t:|1737937002\n|switch|p2a: Ogerpon|Ogerpon-Hearthflame, L50, F|100\/100\n|-ability|p2a: Ogerpon|Mold Breaker\n|turn|2\n|\n|t:|1737937026\n|-terastallize|p2a: Ogerpon|Fire\n|detailschange|p2a: Ogerpon|Ogerpon-Hearthflame-Tera, L50, F, tera:Fire\n|-ability|p2a: Ogerpon|Embody Aspect (Hearthflame)|boost\n|-boost|p2a: Ogerpon|atk|1\n|move|p2a: Ogerpon|Grassy Glide|p1b: Iron Valiant\n|-damage|p1b: Iron Valiant|25\/100\n|move|p1b: Iron Valiant|Coaching|p1a: Calyrex\n|-boost|p1a: Calyrex|atk|1\n|-boost|p1a: Calyrex|def|1\n|move|p1a: Calyrex|Glacial Lance|p2a: Ogerpon|[spread] p2a,p2b\n|-resisted|p2a: Ogerpon\n|-resisted|p2b: Kingambit\n|-damage|p2a: Ogerpon|36\/100\n|-damage|p2b: Kingambit|34\/100\n|move|p2b: Kingambit|Kowtow Cleave|p1a: Calyrex\n|-damage|p1a: Calyrex|55\/100\n|\n|-heal|p1b: Iron Valiant|31\/100|[from] Grassy Terrain\n|-heal|p2a: Ogerpon|42\/100|[from] Grassy Terrain\n|-heal|p1a: Calyrex|61\/100|[from] Grassy Terrain\n|-heal|p2b: Kingambit|40\/100|[from] Grassy Terrain\n|upkeep\n|turn|3\n|\n|t:|1737937046\n|-end|p1b: Iron Valiant|Quark Drive|[silent]\n|switch|p1b: Clefairy|Clefairy, L50, F|100\/100\n|move|p2b: Kingambit|Protect|p2b: Kingambit\n|-singleturn|p2b: Kingambit|Protect\n|move|p2a: Ogerpon|Grassy Glide|p1b: Clefairy\n|-damage|p1b: Clefairy|38\/100\n|move|p1a: Calyrex|Glacial Lance|p2a: Ogerpon|[spread] p2a\n|-activate|p2b: Kingambit|move: Protect\n|-resisted|p2a: Ogerpon\n|-damage|p2a: Ogerpon|0 fnt\n|faint|p2a: Ogerpon\n|-ability|p1a: Calyrex|Chilling Neigh|boost\n|-boost|p1a: Calyrex|atk|1\n|\n|-heal|p1a: Calyrex|67\/100|[from] Grassy Terrain\n|-heal|p2b: Kingambit|46\/100|[from] Grassy Terrain\n|-heal|p1b: Clefairy|44\/100|[from] Grassy Terrain\n|upkeep\n|\n|t:|1737937050\n|switch|p2a: Urshifu|Urshifu-Rapid-Strike, L50, F|100\/100\n|turn|4\n|\n|t:|1737937060\n|move|p2b: Kingambit|Protect||[still]\n|-fail|p2b: Kingambit\n|move|p1b: Clefairy|Follow Me|p1b: Clefairy\n|-singleturn|p1b: Clefairy|move: Follow Me\n|move|p2a: Urshifu|Surging Strikes|p1b: Clefairy\n|-crit|p1b: Clefairy\n|-damage|p1b: Clefairy|21\/100\n|-crit|p1b: Clefairy\n|-damage|p1b: Clefairy|0 fnt\n|faint|p1b: Clefairy\n|-hitcount|p1: Clefairy|2\n|move|p1a: Calyrex|Glacial Lance|p2b: Kingambit|[spread] p2a,p2b\n|-resisted|p2a: Urshifu\n|-resisted|p2b: Kingambit\n|-damage|p2a: Urshifu|25\/100\n|-damage|p2b: Kingambit|0 fnt\n|faint|p2b: Kingambit\n|-ability|p1a: Calyrex|Chilling Neigh|boost\n|-boost|p1a: Calyrex|atk|1\n|\n|-heal|p2a: Urshifu|31\/100|[from] Grassy Terrain\n|-heal|p1a: Calyrex|73\/100|[from] Grassy Terrain\n|upkeep\n|\n|t:|1737937066\n|switch|p1b: Urshifu|Urshifu-Rapid-Strike, L50, F|100\/100\n|turn|5\n|\n|t:|1737937070\n|move|p1b: Urshifu|Surging Strikes|p2a: Urshifu\n|-resisted|p2a: Urshifu\n|-crit|p2a: Urshifu\n|-damage|p2a: Urshifu|19\/100\n|-resisted|p2a: Urshifu\n|-crit|p2a: Urshifu\n|-damage|p2a: Urshifu|9\/100\n|-resisted|p2a: Urshifu\n|-crit|p2a: Urshifu\n|-damage|p2a: Urshifu|0 fnt\n|faint|p2a: Urshifu\n|-hitcount|p2: Urshifu|3\n|\n|win|hugaario\n|raw|hugaario's rating: 1554 &rarr; <strong>1576<\/strong><br \/>(+22 for winning)\n|raw|Doc_MrMega's rating: 1591 &rarr; <strong>1569<\/strong><br \/>(-22 for losing)\n|l|\u2606Doc_MrMega\n|player|p2|\n|l|\u2606hugaario\n|player|p1|\n","uploadtime":1737937240,"views":7,"formatid":"gen9vgc2025regg","rating":1569,"private":0,"password":null}