{"id":"gen9vgc2025regg-2288110179","format":"[Gen 9] VGC 2025 Reg G","players":["GriefersVGC","Tepig_nNz_498"],"log":"|j|\u2606GriefersVGC\n|j|\u2606Tepig_nNz_498\n|t:|1737834295\n|gametype|doubles\n|player|p1|GriefersVGC|pokemaniac|1571\n|player|p2|Tepig_nNz_498|170|1568\n|teamsize|p1|6\n|teamsize|p2|6\n|gen|9\n|tier|[Gen 9] VGC 2025 Reg G\n|rated|\n|rule|Species Clause: Limit one of each Pok\u00e9mon\n|rule|Item Clause: Limit 1 of each item\n|clearpoke\n|poke|p1|Smeargle, L50, F|\n|poke|p1|Calyrex-Ice, L50|\n|poke|p1|Ursaluna-Bloodmoon, L50, M|\n|poke|p1|Torkoal, L50, M|\n|poke|p1|Flutter Mane, L50|\n|poke|p1|Lilligant-Hisui, L50, F|\n|poke|p2|Ludicolo, L50, M|\n|poke|p2|Kyogre, L50|\n|poke|p2|Archaludon, L50, M|\n|poke|p2|Basculegion, L50, M|\n|poke|p2|Tornadus, L50, M|\n|poke|p2|Pelipper, L50, M|\n|teampreview|4\n|inactive|Battle timer is ON: inactive players will automatically lose when time's up. (requested by Tepig_nNz_498)\n|\n|t:|1737834321\n|start\n|switch|p1a: Harold|Smeargle, L50, F, shiny|100\/100\n|switch|p1b: Kumar|Calyrex-Ice, L50|100\/100\n|switch|p2a: Ludicolo|Ludicolo, L50, M|100\/100\n|switch|p2b: Pelipper|Pelipper, L50, M|100\/100\n|-ability|p1b: Kumar|As One\n|-ability|p1b: Kumar|Unnerve\n|-weather|RainDance|[from] ability: Drizzle|[of] p2b: Pelipper\n|turn|1\n|\n|t:|1737834340\n|-terastallize|p1a: Harold|Ghost\n|move|p2a: Ludicolo|Fake Out|p1a: Harold\n|-immune|p1a: Harold\n|move|p1a: Harold|Spore|p2b: Pelipper\n|-status|p2b: Pelipper|slp|[from] move: Spore\n|cant|p2b: Pelipper|slp\n|move|p1b: Kumar|Trick Room|p1b: Kumar\n|-fieldstart|move: Trick Room|[of] p1b: Kumar\n|\n|-weather|RainDance|[upkeep]\n|-ability|p1a: Harold|Moody|boost\n|-boost|p1a: Harold|def|2\n|-unboost|p1a: Harold|atk|1\n|upkeep\n|turn|2\n|\n|t:|1737834365\n|-terastallize|p2a: Ludicolo|Water\n|cant|p2b: Pelipper|slp\n|move|p1a: Harold|Follow Me|p1a: Harold\n|-singleturn|p1a: Harold|move: Follow Me\n|move|p1b: Kumar|Glacial Lance|p2a: Ludicolo|[spread] p2a,p2b\n|-resisted|p2a: Ludicolo\n|-damage|p2a: Ludicolo|53\/100\n|-damage|p2b: Pelipper|33\/100 slp\n|move|p2a: Ludicolo|Weather Ball|p1a: Harold\n|-enditem|p1a: Harold|Focus Sash\n|-damage|p1a: Harold|1\/100\n|\n|-weather|RainDance|[upkeep]\n|-ability|p1a: Harold|Moody|boost\n|-boost|p1a: Harold|def|2\n|-unboost|p1a: Harold|spa|1\n|upkeep\n|turn|3\n|\n|t:|1737834382\n|-curestatus|p2b: Pelipper|slp|[msg]\n|move|p2b: Pelipper|Wide Guard|p2b: Pelipper\n|-singleturn|p2b: Pelipper|Wide Guard\n|move|p1a: Harold|Follow Me|p1a: Harold\n|-singleturn|p1a: Harold|move: Follow Me\n|move|p1b: Kumar|Glacial Lance|p2b: Pelipper|[spread] \n|-activate|p2a: Ludicolo|move: Wide Guard\n|-activate|p2b: Pelipper|move: Wide Guard\n|move|p2a: Ludicolo|Weather Ball|p1a: Harold\n|-damage|p1a: Harold|0 fnt\n|faint|p1a: Harold\n|\n|-weather|RainDance|[upkeep]\n|upkeep\n|\n|t:|1737834392\n|switch|p1a: Jeff|Torkoal, L50, M, shiny|100\/100\n|-weather|SunnyDay|[from] ability: Drought|[of] p1a: Jeff\n|turn|4\n|\n|t:|1737834408\n|switch|p1a: R u ready?|Ursaluna-Bloodmoon, L50, M|100\/100\n|switch|p2a: Kyogre|Kyogre, L50|100\/100\n|-weather|RainDance|[from] ability: Drizzle|[of] p2a: Kyogre\n|move|p1b: Kumar|Glacial Lance|p2a: Kyogre|[spread] p2a,p2b\n|-resisted|p2a: Kyogre\n|-damage|p2a: Kyogre|68\/100\n|-damage|p2b: Pelipper|0 fnt\n|faint|p2b: Pelipper\n|-ability|p1b: Kumar|Chilling Neigh|boost\n|-boost|p1b: Kumar|atk|1\n|\n|-weather|RainDance|[upkeep]\n|upkeep\n|\n|t:|1737834424\n|switch|p2b: Ludicolo|Ludicolo, L50, M, tera:Water|53\/100\n|turn|5\n|inactive|GriefersVGC has 30 seconds left.\n|\n|t:|1737834449\n|move|p2b: Ludicolo|Fake Out|p1b: Kumar\n|-damage|p1b: Kumar|96\/100\n|cant|p1b: Kumar|flinch\n|move|p1a: R u ready?|Blood Moon|p2a: Kyogre\n|-damage|p2a: Kyogre|0 fnt\n|faint|p2a: Kyogre\n|-damage|p1a: R u ready?|90\/100|[from] item: Life Orb\n|\n|-weather|RainDance|[upkeep]\n|-fieldend|move: Trick Room\n|upkeep\n|\n|t:|1737834458\n|switch|p2a: Archaludon|Archaludon, L50, M|100\/100\n|turn|6\n|inactive|GriefersVGC has 30 seconds left.\n|inactive|GriefersVGC has 20 seconds left.\n|\n|t:|1737834493\n|move|p1a: R u ready?|Protect|p1a: R u ready?\n|-singleturn|p1a: R u ready?|Protect\n|move|p2b: Ludicolo|Weather Ball|p1b: Kumar\n|-damage|p1b: Kumar|30\/100\n|move|p2a: Archaludon|Flash Cannon|p1b: Kumar\n|-supereffective|p1b: Kumar\n|-crit|p1b: Kumar\n|-damage|p1b: Kumar|0 fnt\n|faint|p1b: Kumar\n|\n|-weather|RainDance|[upkeep]\n|upkeep\n|\n|t:|1737834500\n|switch|p1b: Jeff|Torkoal, L50, M, shiny|100\/100\n|-weather|SunnyDay|[from] ability: Drought|[of] p1b: Jeff\n|turn|7\n|inactive|Tepig_nNz_498 has 30 seconds left.\n|\n|t:|1737834530\n|move|p2b: Ludicolo|Energy Ball|p1a: R u ready?\n|-supereffective|p1a: R u ready?\n|-damage|p1a: R u ready?|3\/100\n|-unboost|p1a: R u ready?|spd|1\n|move|p2a: Archaludon|Dragon Pulse|p1b: Jeff\n|-damage|p1b: Jeff|39\/100\n|move|p1a: R u ready?|Earth Power|p2a: Archaludon\n|-supereffective|p2a: Archaludon\n|-damage|p2a: Archaludon|0 fnt\n|faint|p2a: Archaludon\n|-damage|p1a: R u ready?|0 fnt|[from] item: Life Orb\n|faint|p1a: R u ready?\n|move|p1b: Jeff|Flamethrower|p2b: Ludicolo\n|-resisted|p2b: Ludicolo\n|-damage|p2b: Ludicolo|13\/100\n|-enditem|p2b: Ludicolo|Sitrus Berry|[eat]\n|-heal|p2b: Ludicolo|38\/100|[from] item: Sitrus Berry\n|\n|-weather|SunnyDay|[upkeep]\n|upkeep\n|turn|8\n|\n|t:|1737834546\n|move|p2b: Ludicolo|Weather Ball|p1b: Jeff\n|-resisted|p1b: Jeff\n|-damage|p1b: Jeff|10\/100\n|move|p1b: Jeff|Flamethrower|p2b: Ludicolo\n|-resisted|p2b: Ludicolo\n|-damage|p2b: Ludicolo|0 fnt\n|faint|p2b: Ludicolo\n|\n|win|GriefersVGC\n|raw|GriefersVGC's rating: 1571 &rarr; <strong>1591<\/strong><br \/>(+20 for winning)\n|raw|Tepig_nNz_498's rating: 1568 &rarr; <strong>1548<\/strong><br \/>(-20 for losing)\n|l|\u2606Tepig_nNz_498\n|player|p2|\n|c|\u2606GriefersVGC|Gg\n|l|\u2606GriefersVGC\n|player|p1|\n","uploadtime":1737834726,"views":16,"formatid":"gen9vgc2025regg","rating":1548,"private":0,"password":null}