{"id":"gen9vgc2025regg-2288755132","format":"[Gen 9] VGC 2025 Reg G","players":["sheepie_sheep1","Areestoo"],"log":"|j|\u2606sheepie_sheep1\n|j|\u2606Areestoo\n|t:|1737927302\n|gametype|doubles\n|player|p1|sheepie_sheep1|youngcouple|1601\n|player|p2|Areestoo|266|1606\n|teamsize|p1|6\n|teamsize|p2|6\n|gen|9\n|tier|[Gen 9] VGC 2025 Reg G\n|rated|\n|rule|Species Clause: Limit one of each Pok\u00e9mon\n|rule|Item Clause: Limit 1 of each item\n|clearpoke\n|poke|p1|Zacian-*, L50|\n|poke|p1|Tornadus, L50, M|\n|poke|p1|Urshifu-*, L50, F|\n|poke|p1|Ogerpon, L50, F|\n|poke|p1|Entei, L50|\n|poke|p1|Chien-Pao, L50|\n|poke|p2|Necrozma-Dawn-Wings, L50|\n|poke|p2|Indeedee-F, L50, F|\n|poke|p2|Ursaluna, L50, M|\n|poke|p2|Gallade, L50, M|\n|poke|p2|Torkoal, L50, M|\n|poke|p2|Lilligant-Hisui, L50, F|\n|teampreview|4\n|inactive|Battle timer is ON: inactive players will automatically lose when time's up. (requested by Areestoo)\n|inactive|Areestoo has 60 seconds left.\n|\n|t:|1737927343\n|start\n|switch|p1a: Ogerpon|Ogerpon, L50, F|100\/100\n|switch|p1b: Chien-Pao|Chien-Pao, L50|100\/100\n|switch|p2a: Indeedee|Indeedee-F, L50, F|100\/100\n|switch|p2b: Necrozma|Necrozma-Dawn-Wings, L50|100\/100\n|-ability|p1b: Chien-Pao|Sword of Ruin\n|-fieldstart|move: Psychic Terrain|[from] ability: Psychic Surge|[of] p2a: Indeedee\n|-enditem|p2a: Indeedee|Psychic Seed\n|-boost|p2a: Indeedee|spd|1|[from] item: Psychic Seed\n|turn|1\n|inactive|sheepie_sheep1 has 30 seconds left.\n|inactive|Areestoo has 30 seconds left.\n|inactive|sheepie_sheep1 has 20 seconds left.\n|inactive|Areestoo has 20 seconds left.\n|inactive|sheepie_sheep1 has 15 seconds left.\n|inactive|Areestoo has 15 seconds left.\n|inactive|sheepie_sheep1 has 10 seconds left.\n|inactive|Areestoo has 10 seconds left.\n|inactive|sheepie_sheep1 has 5 seconds left.\n|inactive|Areestoo has 5 seconds left.\n|\n|t:|1737927398\n|switch|p2a: Gallade|Gallade, L50, M|100\/100\n|-terastallize|p2b: Necrozma|Water\n|move|p1b: Chien-Pao|Ice Spinner|p2b: Necrozma\n|-resisted|p2b: Necrozma\n|-damage|p2b: Necrozma|79\/100\n|-fieldend|move: Psychic Terrain\n|move|p1a: Ogerpon|Bullet Seed|p2a: Gallade\n|-damage|p2a: Gallade|78\/100\n|-damage|p2a: Gallade|55\/100\n|-damage|p2a: Gallade|33\/100\n|-damage|p2a: Gallade|9\/100\n|-hitcount|p2a: Gallade|4\n|move|p2b: Necrozma|Trick Room|p2b: Necrozma\n|-fieldstart|move: Trick Room|[of] p2b: Necrozma\n|\n|upkeep\n|turn|2\n|inactive|Areestoo has 30 seconds left.\n|\n|t:|1737927425\n|switch|p2b: Indeedee|Indeedee-F, L50, F|100\/100\n|-fieldstart|move: Psychic Terrain|[from] ability: Psychic Surge|[of] p2b: Indeedee\n|move|p1a: Ogerpon|Spiky Shield|p1a: Ogerpon\n|-singleturn|p1a: Ogerpon|move: Protect\n|move|p1b: Chien-Pao|Sucker Punch|p2a: Gallade\n|-activate|p2a: Gallade|move: Psychic Terrain\n|move|p2a: Gallade|Sacred Sword|p1b: Chien-Pao\n|-supereffective|p1b: Chien-Pao\n|-enditem|p1b: Chien-Pao|Focus Sash\n|-damage|p1b: Chien-Pao|1\/100\n|\n|upkeep\n|turn|3\n|\n|t:|1737927446\n|switch|p1b: Entei|Entei, L50|100\/100\n|move|p2a: Gallade|Psycho Cut|p1a: Ogerpon\n|-crit|p1a: Ogerpon\n|-damage|p1a: Ogerpon|0 fnt\n|faint|p1a: Ogerpon\n|move|p2b: Indeedee|Dazzling Gleam|p1b: Entei\n|-resisted|p1b: Entei\n|-damage|p1b: Entei|91\/100\n|\n|upkeep\n|\n|t:|1737927470\n|switch|p1a: Zacian|Zacian-Crowned, L50|100\/100\n|-ability|p1a: Zacian|Intrepid Sword|boost\n|-boost|p1a: Zacian|atk|1\n|turn|4\n|\n|t:|1737927484\n|switch|p2b: Ursaluna|Ursaluna, L50, M|100\/100\n|move|p1b: Entei|Protect|p1b: Entei\n|-singleturn|p1b: Entei|Protect\n|move|p1a: Zacian|Protect|p1a: Zacian\n|-singleturn|p1a: Zacian|Protect\n|move|p2a: Gallade|Psycho Cut|p1b: Entei\n|-activate|p1b: Entei|move: Protect\n|\n|-status|p2b: Ursaluna|brn|[from] item: Flame Orb\n|upkeep\n|turn|5\n|\n|t:|1737927497\n|move|p1b: Entei|Protect||[still]\n|-fail|p1b: Entei\n|move|p1a: Zacian|Protect||[still]\n|-fail|p1a: Zacian\n|move|p2b: Ursaluna|Facade|p1a: Zacian\n|-resisted|p1a: Zacian\n|-damage|p1a: Zacian|46\/100\n|move|p2a: Gallade|Sacred Sword|p1a: Zacian\n|-damage|p1a: Zacian|0 fnt\n|faint|p1a: Zacian\n|\n|-damage|p2b: Ursaluna|95\/100 brn|[from] brn\n|-fieldend|move: Trick Room\n|upkeep\n|\n|t:|1737927501\n|switch|p1a: Chien-Pao|Chien-Pao, L50|1\/100\n|-ability|p1a: Chien-Pao|Sword of Ruin\n|turn|6\n|\n|t:|1737927520\n|move|p1a: Chien-Pao|Ice Spinner|p2b: Ursaluna\n|-supereffective|p2b: Ursaluna\n|-damage|p2b: Ursaluna|15\/100 brn\n|-fieldend|move: Psychic Terrain\n|move|p1b: Entei|Sacred Fire|p2a: Gallade\n|-damage|p2a: Gallade|0 fnt\n|faint|p2a: Gallade\n|-damage|p1b: Entei|81\/100|[from] item: Life Orb\n|move|p2b: Ursaluna|Facade|p1a: Chien-Pao\n|-damage|p1a: Chien-Pao|0 fnt\n|faint|p1a: Chien-Pao\n|\n|-damage|p2b: Ursaluna|9\/100 brn|[from] brn\n|upkeep\n|\n|t:|1737927525\n|switch|p2a: Indeedee|Indeedee-F, L50, F|100\/100\n|-fieldstart|move: Psychic Terrain|[from] ability: Psychic Surge|[of] p2a: Indeedee\n|turn|7\n|\n|t:|1737927535\n|move|p1b: Entei|Sacred Fire|p2a: Indeedee|[miss]\n|-miss|p1b: Entei|p2a: Indeedee\n|move|p2b: Ursaluna|Headlong Rush|p1b: Entei\n|-supereffective|p1b: Entei\n|-damage|p1b: Entei|0 fnt\n|-unboost|p2b: Ursaluna|def|1\n|-unboost|p2b: Ursaluna|spd|1\n|faint|p1b: Entei\n|\n|win|Areestoo\n|raw|sheepie_sheep1's rating: 1601 &rarr; <strong>1581<\/strong><br \/>(-20 for losing)\n|raw|Areestoo's rating: 1606 &rarr; <strong>1626<\/strong><br \/>(+20 for winning)\n|l|\u2606sheepie_sheep1\n|player|p1|\n|l|\u2606Areestoo\n|player|p2|\n","uploadtime":1737927775,"views":12,"formatid":"gen9vgc2025regg","rating":1581,"private":0,"password":null}