{"id":"gen9vgc2025regg-2288015035","format":"[Gen 9] VGC 2025 Reg G","players":["Diestoise","jecheonjo"],"log":"|j|\u2606Diestoise\n|j|\u2606jecheonjo\n|t:|1737822596\n|gametype|doubles\n|player|p1|Diestoise|blue|1698\n|player|p2|jecheonjo|steven|1630\n|teamsize|p1|6\n|teamsize|p2|6\n|gen|9\n|tier|[Gen 9] VGC 2025 Reg G\n|rated|\n|rule|Species Clause: Limit one of each Pok\u00e9mon\n|rule|Item Clause: Limit 1 of each item\n|clearpoke\n|poke|p1|Koraidon, L50|\n|poke|p1|Raging Bolt, L50|\n|poke|p1|Entei, L50|\n|poke|p1|Flutter Mane, L50|\n|poke|p1|Venusaur, L50, F|\n|poke|p1|Ditto, L50|\n|poke|p2|Terapagos, L50, M|\n|poke|p2|Incineroar, L50, M|\n|poke|p2|Amoonguss, L50, M|\n|poke|p2|Urshifu-*, L50, M|\n|poke|p2|Flutter Mane, L50|\n|poke|p2|Raging Bolt, L50|\n|teampreview|4\n|j| whatsupbig\n|\n|t:|1737822634\n|start\n|switch|p1a: Entei|Entei, L50|100\/100\n|switch|p1b: Venusaur|Venusaur, L50, F, shiny|100\/100\n|switch|p2a: Terapagos|Terapagos, L50, M|100\/100\n|switch|p2b: Amoonguss|Amoonguss, L50, M|100\/100\n|-activate|p2a: Terapagos|ability: Tera Shift\n|detailschange|p2a: Terapagos|Terapagos-Terastal, L50, M\n|-heal|p2a: Terapagos|100\/100|[silent]\n|turn|1\n|\n|t:|1737822653\n|switch|p2a: Incineroar|Incineroar, L50, M|100\/100\n|-ability|p2a: Incineroar|Intimidate|boost\n|-fail|p1a: Entei|unboost|Attack|[from] ability: Inner Focus|[of] p1a: Entei\n|-unboost|p1b: Venusaur|atk|1\n|move|p2b: Amoonguss|Protect|p2b: Amoonguss\n|-singleturn|p2b: Amoonguss|Protect\n|move|p1b: Venusaur|Sludge Bomb|p2b: Amoonguss\n|-activate|p2b: Amoonguss|move: Protect\n|move|p1a: Entei|Sacred Fire|p2b: Amoonguss\n|-activate|p2b: Amoonguss|move: Protect\n|\n|upkeep\n|turn|2\n|\n|t:|1737822677\n|switch|p2b: Raging Bolt|Raging Bolt, L50|100\/100\n|move|p1b: Venusaur|Sludge Bomb|p2b: Raging Bolt\n|-damage|p2b: Raging Bolt|80\/100\n|move|p1a: Entei|Sacred Fire|p2b: Raging Bolt\n|-resisted|p2b: Raging Bolt\n|-damage|p2b: Raging Bolt|60\/100\n|move|p2a: Incineroar|Parting Shot|p1a: Entei\n|-unboost|p1a: Entei|atk|1\n|-unboost|p1a: Entei|spa|1\n|\n|t:|1737822691\n|switch|p2a: Terapagos|Terapagos-Terastal, L50, M|100\/100|[from] Parting Shot\n|\n|upkeep\n|turn|3\n|\n|t:|1737822710\n|move|p2a: Terapagos|Protect|p2a: Terapagos\n|-singleturn|p2a: Terapagos|Protect\n|move|p1b: Venusaur|Sleep Powder|p2b: Raging Bolt\n|-status|p2b: Raging Bolt|slp|[from] move: Sleep Powder\n|move|p1a: Entei|Sacred Fire|p2a: Terapagos\n|-activate|p2a: Terapagos|move: Protect\n|cant|p2b: Raging Bolt|slp\n|\n|upkeep\n|turn|4\n|\n|t:|1737822729\n|switch|p2a: Incineroar|Incineroar, L50, M|100\/100\n|-ability|p2a: Incineroar|Intimidate|boost\n|-fail|p1a: Entei|unboost|Attack|[from] ability: Inner Focus|[of] p1a: Entei\n|-unboost|p1b: Venusaur|atk|1\n|move|p1b: Venusaur|Sludge Bomb|p2b: Raging Bolt\n|-damage|p2b: Raging Bolt|40\/100 slp\n|move|p1a: Entei|Stomping Tantrum|p2b: Raging Bolt\n|-supereffective|p2b: Raging Bolt\n|-damage|p2b: Raging Bolt|15\/100 slp\n|cant|p2b: Raging Bolt|slp\n|\n|upkeep\n|turn|5\n|\n|t:|1737822775\n|-end|p2b: Raging Bolt|Protosynthesis|[silent]\n|switch|p2b: Terapagos|Terapagos-Terastal, L50, M|100\/100\n|move|p1b: Venusaur|Sludge Bomb|p2b: Terapagos\n|-activate|p2b: Terapagos|ability: Tera Shell\n|-resisted|p2b: Terapagos\n|-damage|p2b: Terapagos|86\/100\n|-status|p2b: Terapagos|psn\n|move|p1a: Entei|Stomping Tantrum|p2b: Terapagos\n|-damage|p2b: Terapagos|74\/100 psn\n|move|p2a: Incineroar|Will-O-Wisp||[still]\n|-fail|p2a: Incineroar\n|\n|-heal|p2b: Terapagos|80\/100 psn|[from] item: Leftovers\n|-damage|p2b: Terapagos|68\/100 psn|[from] psn\n|upkeep\n|turn|6\n|-message|jecheonjo forfeited.\n|\n|win|Diestoise\n|raw|Diestoise's rating: 1698 &rarr; <strong>1714<\/strong><br \/>(+16 for winning)\n|raw|jecheonjo's rating: 1630 &rarr; <strong>1614<\/strong><br \/>(-16 for losing)\n|l|\u2606jecheonjo\n|player|p2|\n|l| whatsupbig\n","uploadtime":1737823029,"views":18,"formatid":"gen9vgc2025regg","rating":1614,"private":0,"password":null}