{"id":"gen9vgc2025regg-2288078680","format":"[Gen 9] VGC 2025 Reg G","players":["NDkyAChuan666","enbymcgee"],"log":"|j|\u2606NDkyAChuan666\n|j|\u2606enbymcgee\n|t:|1737830388\n|gametype|doubles\n|player|p1|NDkyAChuan666|backersf|1531\n|player|p2|enbymcgee|caitlin|1630\n|teamsize|p1|6\n|teamsize|p2|6\n|gen|9\n|tier|[Gen 9] VGC 2025 Reg G\n|rated|\n|rule|Species Clause: Limit one of each Pok\u00e9mon\n|rule|Item Clause: Limit 1 of each item\n|clearpoke\n|poke|p1|Calyrex-Shadow, L50|\n|poke|p1|Indeedee-F, L50, F|\n|poke|p1|Regigigas, L50|\n|poke|p1|Whimsicott, L50, F|\n|poke|p1|Weezing, L50, F|\n|poke|p1|Chi-Yu, L50|\n|poke|p2|Calyrex-Ice, L50|\n|poke|p2|Raging Bolt, L50|\n|poke|p2|Ogerpon-Cornerstone, L50, F|\n|poke|p2|Landorus, L50, M|\n|poke|p2|Incineroar, L50, M|\n|poke|p2|Suicune, L50|\n|teampreview|4\n|inactive|Battle timer is ON: inactive players will automatically lose when time's up. (requested by NDkyAChuan666)\n|c|\u2606enbymcgee|glhf!\n|\n|t:|1737830415\n|start\n|switch|p1a: Weezing|Weezing, L50, F, shiny|100\/100\n|switch|p1b: Regigigas|Regigigas, L50, shiny|100\/100\n|switch|p2a: Suicune|Suicune, L50|100\/100\n|switch|p2b: Calyrex|Calyrex-Ice, L50|100\/100\n|-ability|p1a: Weezing|Neutralizing Gas\n|-ability|p2b: Calyrex|As One\n|-ability|p2b: Calyrex|Unnerve\n|turn|1\n|\n|t:|1737830439\n|move|p2b: Calyrex|Protect|p2b: Calyrex\n|-singleturn|p2b: Calyrex|Protect\n|move|p1b: Regigigas|Knock Off|p2b: Calyrex\n|-activate|p2b: Calyrex|move: Protect\n|move|p2a: Suicune|Scald|p1b: Regigigas\n|-damage|p1b: Regigigas|75\/100\n|move|p1a: Weezing|Will-O-Wisp|p2b: Calyrex\n|-activate|p2b: Calyrex|move: Protect\n|\n|upkeep\n|turn|2\n|\n|t:|1737830455\n|switch|p2b: Incineroar|Incineroar, L50, M|100\/100\n|move|p1b: Regigigas|Knock Off|p2a: Suicune\n|-damage|p2a: Suicune|68\/100\n|-enditem|p2a: Suicune|Assault Vest|[from] move: Knock Off|[of] p1b: Regigigas\n|move|p2a: Suicune|Scald|p1b: Regigigas\n|-damage|p1b: Regigigas|46\/100\n|move|p1a: Weezing|Taunt|p2b: Incineroar\n|-start|p2b: Incineroar|move: Taunt\n|\n|upkeep\n|turn|3\n|inactive|enbymcgee has 30 seconds left.\n|inactive|enbymcgee has 20 seconds left.\n|inactive|enbymcgee has 15 seconds left.\n|inactive|enbymcgee has 10 seconds left.\n|inactive|enbymcgee has 5 seconds left.\n|\n|t:|1737830506\n|move|p2b: Incineroar|Fake Out|p1b: Regigigas\n|-damage|p1b: Regigigas|36\/100\n|move|p1b: Regigigas|High Horsepower|p2b: Incineroar\n|-supereffective|p2b: Incineroar\n|-damage|p2b: Incineroar|22\/100\n|move|p2a: Suicune|Scald|p1b: Regigigas\n|-damage|p1b: Regigigas|12\/100\n|move|p1a: Weezing|Will-O-Wisp|p2a: Suicune\n|-status|p2a: Suicune|brn\n|\n|-damage|p2a: Suicune|62\/100 brn|[from] brn\n|upkeep\n|turn|4\n|\n|t:|1737830529\n|switch|p2b: Calyrex|Calyrex-Ice, L50|100\/100\n|-ability|p2b: Calyrex|As One\n|-ability|p2b: Calyrex|Unnerve\n|move|p1b: Regigigas|High Horsepower|p2a: Suicune\n|-damage|p2a: Suicune|31\/100 brn\n|move|p2a: Suicune|Icy Wind|p1a: Weezing|[spread] p1a,p1b\n|-damage|p1a: Weezing|89\/100\n|-damage|p1b: Regigigas|2\/100\n|-unboost|p1a: Weezing|spe|1\n|move|p1a: Weezing|Gunk Shot|p2b: Calyrex\n|-damage|p2b: Calyrex|78\/100\n|\n|-damage|p2a: Suicune|25\/100 brn|[from] brn\n|upkeep\n|turn|5\n|inactive|enbymcgee has 30 seconds left.\n|inactive|enbymcgee has 20 seconds left.\n|\n|t:|1737830565\n|-terastallize|p2b: Calyrex|Water\n|move|p1b: Regigigas|High Horsepower|p2a: Suicune\n|-damage|p2a: Suicune|0 fnt\n|faint|p2a: Suicune\n|move|p2b: Calyrex|High Horsepower|p1a: Weezing\n|-supereffective|p1a: Weezing\n|-damage|p1a: Weezing|30\/100\n|-damage|p2b: Calyrex|62\/100|[from] item: Rocky Helmet|[of] p1a: Weezing\n|move|p1a: Weezing|Taunt|p2b: Calyrex\n|-start|p2b: Calyrex|move: Taunt\n|\n|upkeep\n|\n|t:|1737830576\n|switch|p2a: Incineroar|Incineroar, L50, M|22\/100\n|turn|6\n|inactive|enbymcgee has 30 seconds left.\n|\n|t:|1737830608\n|move|p1b: Regigigas|Wide Guard|p1b: Regigigas\n|-singleturn|p1b: Regigigas|Wide Guard\n|move|p2a: Incineroar|Fake Out|p1b: Regigigas\n|-damage|p1b: Regigigas|0 fnt\n|faint|p1b: Regigigas\n|-end|p1b: Regigigas|Slow Start|[silent]\n|move|p2b: Calyrex|Glacial Lance|p1a: Weezing\n|-activate|p1a: Weezing|move: Wide Guard\n|move|p1a: Weezing|Will-O-Wisp|p2b: Calyrex\n|-status|p2b: Calyrex|brn\n|\n|-damage|p2b: Calyrex|56\/100 brn|[from] brn\n|upkeep\n|\n|t:|1737830620\n|switch|p1b: Calyrex|Calyrex-Shadow, L50|100\/100\n|-ability|p1b: Calyrex|As One\n|-ability|p1b: Calyrex|Unnerve\n|turn|7\n|\n|t:|1737830631\n|-end|p1a: Weezing|ability: Neutralizing Gas\n|-ability|p2a: Incineroar|Intimidate|boost\n|-unboost|p1a: Weezing|atk|1\n|-unboost|p1b: Calyrex|atk|1\n|switch|p1a: Indeedee|Indeedee-F, L50, F, shiny|100\/100\n|-fieldstart|move: Psychic Terrain|[from] ability: Psychic Surge|[of] p1a: Indeedee\n|-enditem|p1a: Indeedee|Psychic Seed\n|-boost|p1a: Indeedee|spd|1|[from] item: Psychic Seed\n|-terastallize|p1b: Calyrex|Dark\n|move|p1b: Calyrex|Astral Barrage|p2b: Calyrex|[spread] p2a,p2b\n|-resisted|p2a: Incineroar\n|-damage|p2a: Incineroar|0 fnt\n|-damage|p2b: Calyrex|8\/100 brn\n|faint|p2a: Incineroar\n|-ability|p1b: Calyrex|Grim Neigh|boost\n|-boost|p1b: Calyrex|spa|1\n|-damage|p1b: Calyrex|91\/100|[from] item: Life Orb\n|move|p2b: Calyrex|Glacial Lance|p1a: Indeedee|[spread] p1a,p1b\n|-damage|p1a: Indeedee|73\/100\n|-damage|p1b: Calyrex|55\/100\n|\n|-damage|p2b: Calyrex|2\/100 brn|[from] brn\n|upkeep\n|\n|t:|1737830643\n|switch|p2a: Raging Bolt|Raging Bolt, L50|100\/100\n|-enditem|p2a: Raging Bolt|Booster Energy\n|-activate|p2a: Raging Bolt|ability: Protosynthesis|[fromitem]\n|-start|p2a: Raging Bolt|protosynthesisspa\n|turn|8\n|c|\u2606enbymcgee|gg\n|\n|t:|1737830656\n|move|p1a: Indeedee|Helping Hand|p1b: Calyrex\n|-singleturn|p1b: Calyrex|Helping Hand|[of] p1a: Indeedee\n|move|p1b: Calyrex|Expanding Force|p2a: Raging Bolt|[spread] p2a,p2b\n|-damage|p2a: Raging Bolt|0 fnt\n|-damage|p2b: Calyrex|0 fnt\n|faint|p2a: Raging Bolt\n|-end|p2a: Raging Bolt|Protosynthesis|[silent]\n|faint|p2b: Calyrex\n|-damage|p1b: Calyrex|45\/100|[from] item: Life Orb\n|\n|win|NDkyAChuan666\n|raw|NDkyAChuan666's rating: 1531 &rarr; <strong>1557<\/strong><br \/>(+26 for winning)\n|raw|enbymcgee's rating: 1630 &rarr; <strong>1604<\/strong><br \/>(-26 for losing)\n|l|\u2606enbymcgee\n|player|p2|\n|c|\u2606NDkyAChuan666|gg\n|l|\u2606NDkyAChuan666\n|player|p1|\n","uploadtime":1737830817,"views":19,"formatid":"gen9vgc2025regg","rating":1557,"private":0,"password":null}