{"id":"gen9vgc2025regg-2288976160","format":"[Gen 9] VGC 2025 Reg G","players":["Imnotagni","Prometheus756"],"log":"|j|\u2606Imnotagni\n|j|\u2606Prometheus756\n|t:|1737956856\n|gametype|doubles\n|player|p1|Imnotagni|policeman-gen4|1597\n|player|p2|Prometheus756|gentleman-gen4dp|1531\n|teamsize|p1|6\n|teamsize|p2|6\n|gen|9\n|tier|[Gen 9] VGC 2025 Reg G\n|rated|\n|rule|Species Clause: Limit one of each Pok\u00e9mon\n|rule|Item Clause: Limit 1 of each item\n|clearpoke\n|poke|p1|Tornadus, L50, M|\n|poke|p1|Chien-Pao, L50|\n|poke|p1|Urshifu-*, L50, F|\n|poke|p1|Tsareena, L50, F|\n|poke|p1|Rillaboom, L50, M|\n|poke|p1|Kyogre, L50|\n|poke|p2|Rayquaza, L50|\n|poke|p2|Rillaboom, L50, F|\n|poke|p2|Chien-Pao, L50|\n|poke|p2|Smeargle, L50, F|\n|poke|p2|Amoonguss, L50, M|\n|poke|p2|Muk-Alola, L50, F|\n|teampreview|4\n|inactive|Battle timer is ON: inactive players will automatically lose when time's up. (requested by Imnotagni)\n|inactive|Prometheus756 has 60 seconds left.\n|inactive|Prometheus756 has 30 seconds left.\n|\n|t:|1737956923\n|start\n|switch|p1a: Urshifu|Urshifu-Rapid-Strike, L50, F|100\/100\n|switch|p1b: Tsareena|Tsareena, L50, F, shiny|100\/100\n|switch|p2a: Rayquaza|Rayquaza, L50|100\/100\n|switch|p2b: Smeargle|Smeargle, L50, F|100\/100\n|-ability|p2a: Rayquaza|Air Lock\n|turn|1\n|inactive|Prometheus756 has 30 seconds left.\n|\n|t:|1737956949\n|-terastallize|p2a: Rayquaza|Normal\n|-terastallize|p1b: Tsareena|Ice\n|move|p2b: Smeargle|Follow Me|p2b: Smeargle\n|-singleturn|p2b: Smeargle|move: Follow Me\n|move|p1a: Urshifu|Surging Strikes|p2b: Smeargle\n|-crit|p2b: Smeargle\n|-damage|p2b: Smeargle|37\/100\n|-crit|p2b: Smeargle\n|-damage|p2b: Smeargle|0 fnt\n|faint|p2b: Smeargle\n|-hitcount|p2: Smeargle|2\n|-damage|p1a: Urshifu|91\/100|[from] item: Life Orb\n|move|p2a: Rayquaza|Dragon Ascent|p1b: Tsareena\n|-damage|p1b: Tsareena|6\/100\n|-unboost|p2a: Rayquaza|def|1\n|-unboost|p2a: Rayquaza|spd|1\n|move|p1b: Tsareena|Triple Axel|p2a: Rayquaza\n|-damage|p2a: Rayquaza|84\/100\n|-damage|p2a: Rayquaza|52\/100\n|-damage|p2a: Rayquaza|1\/100\n|-hitcount|p2a: Rayquaza|3\n|\n|upkeep\n|inactive|Prometheus756 has 30 seconds left.\n|\n|t:|1737956983\n|switch|p2b: Chien-Pao|Chien-Pao, L50|100\/100\n|-ability|p2b: Chien-Pao|Sword of Ruin\n|turn|2\n|\n|t:|1737956992\n|move|p1a: Urshifu|Aqua Jet|p2a: Rayquaza\n|-damage|p2a: Rayquaza|0 fnt\n|faint|p2a: Rayquaza\n|-damage|p1a: Urshifu|81\/100|[from] item: Life Orb\n|move|p2b: Chien-Pao|Sacred Sword|p1b: Tsareena\n|-supereffective|p1b: Tsareena\n|-damage|p1b: Tsareena|0 fnt\n|faint|p1b: Tsareena\n|\n|upkeep\n|\n|t:|1737957000\n|switch|p2a: Rillaboom|Rillaboom, L50, F|100\/100\n|switch|p1b: Tornadus|Tornadus, L50, M|100\/100\n|-fieldstart|move: Grassy Terrain|[from] ability: Grassy Surge|[of] p2a: Rillaboom\n|turn|3\n|inactive|Imnotagni has 30 seconds left.\n|inactive|Imnotagni has 20 seconds left.\n|\n|t:|1737957038\n|move|p1a: Urshifu|Protect|p1a: Urshifu\n|-singleturn|p1a: Urshifu|Protect\n|move|p2a: Rillaboom|Grassy Glide|p1a: Urshifu\n|-activate|p1a: Urshifu|move: Protect\n|move|p2b: Chien-Pao|Icicle Crash|p1b: Tornadus\n|-supereffective|p1b: Tornadus\n|-damage|p1b: Tornadus|0 fnt\n|faint|p1b: Tornadus\n|\n|-heal|p1a: Urshifu|87\/100|[from] Grassy Terrain\n|upkeep\n|\n|t:|1737957041\n|switch|p1b: Kyogre|Kyogre, L50, shiny|100\/100\n|-weather|RainDance|[from] ability: Drizzle|[of] p1b: Kyogre\n|turn|4\n|inactive|Prometheus756 has 30 seconds left.\n|inactive|Imnotagni has 30 seconds left.\n|\n|t:|1737957074\n|move|p2b: Chien-Pao|Sucker Punch|p1b: Kyogre\n|-damage|p1b: Kyogre|59\/100\n|move|p2a: Rillaboom|Grassy Glide|p1a: Urshifu\n|-supereffective|p1a: Urshifu\n|-damage|p1a: Urshifu|0 fnt\n|faint|p1a: Urshifu\n|move|p1b: Kyogre|Origin Pulse|p2b: Chien-Pao|[spread] p2a,p2b\n|-resisted|p2a: Rillaboom\n|-damage|p2a: Rillaboom|36\/100\n|-damage|p2b: Chien-Pao|0 fnt\n|faint|p2b: Chien-Pao\n|\n|-weather|RainDance|[upkeep]\n|-heal|p2a: Rillaboom|42\/100|[from] Grassy Terrain\n|-heal|p1b: Kyogre|66\/100|[from] Grassy Terrain\n|upkeep\n|turn|5\n|\n|t:|1737957091\n|move|p1b: Kyogre|Protect|p1b: Kyogre\n|-singleturn|p1b: Kyogre|Protect\n|move|p2a: Rillaboom|Grassy Glide|p1b: Kyogre\n|-activate|p1b: Kyogre|move: Protect\n|\n|-weather|RainDance|[upkeep]\n|-heal|p2a: Rillaboom|47\/100|[from] Grassy Terrain\n|-heal|p1b: Kyogre|72\/100|[from] Grassy Terrain\n|upkeep\n|turn|6\n|\n|t:|1737957096\n|move|p2a: Rillaboom|Grassy Glide|p1b: Kyogre\n|-supereffective|p1b: Kyogre\n|-damage|p1b: Kyogre|0 fnt\n|faint|p1b: Kyogre\n|\n|win|Prometheus756\n|raw|Imnotagni's rating: 1597 &rarr; <strong>1573<\/strong><br \/>(-24 for losing)\n|raw|Prometheus756's rating: 1531 &rarr; <strong>1555<\/strong><br \/>(+24 for winning)\n|l|\u2606Imnotagni\n|player|p1|\n|c|\u2606Prometheus756|Gg\n|l|\u2606Prometheus756\n|player|p2|\n","uploadtime":1737957328,"views":8,"formatid":"gen9vgc2025regg","rating":1555,"private":0,"password":null}