{"id":"gen9vgc2025regg-2288275626","format":"[Gen 9] VGC 2025 Reg G","players":["Imnotagni","infinitygroudon"],"log":"|j|\u2606Imnotagni\n|j|\u2606infinitygroudon\n|t:|1737855313\n|gametype|doubles\n|player|p1|Imnotagni|policeman-gen4|1610\n|player|p2|infinitygroudon|1|1712\n|teamsize|p1|6\n|teamsize|p2|6\n|gen|9\n|tier|[Gen 9] VGC 2025 Reg G\n|rated|\n|rule|Species Clause: Limit one of each Pok\u00e9mon\n|rule|Item Clause: Limit 1 of each item\n|clearpoke\n|poke|p1|Zacian-*, L50|\n|poke|p1|Regidrago, L50|\n|poke|p1|Urshifu-*, L50, M|\n|poke|p1|Tornadus, L50, M|\n|poke|p1|Ogerpon-Hearthflame, L50, F|\n|poke|p1|Farigiraf, L50, M|\n|poke|p2|Calyrex-Shadow, L50|\n|poke|p2|Incineroar, L50, M|\n|poke|p2|Weezing-Galar, L50, M|\n|poke|p2|Indeedee-F, L50, F|\n|poke|p2|Iron Valiant, L50|\n|poke|p2|Ursaluna-Bloodmoon, L50, M|\n|teampreview|4\n|inactive|Battle timer is ON: inactive players will automatically lose when time's up. (requested by Imnotagni)\n|j| DaN00biest\n|inactive|Imnotagni has 60 seconds left.\n|\n|t:|1737855344\n|start\n|switch|p1a: Tornadus|Tornadus, L50, M|100\/100\n|switch|p1b: GOKU|Regidrago, L50|100\/100\n|switch|p2a: Charming|Iron Valiant, L50, shiny|100\/100\n|switch|p2b: Duncan|Calyrex-Shadow, L50|100\/100\n|-ability|p2b: Duncan|As One\n|-ability|p2b: Duncan|Unnerve\n|-enditem|p2a: Charming|Booster Energy\n|-activate|p2a: Charming|ability: Quark Drive|[fromitem]\n|-start|p2a: Charming|quarkdrivespe\n|turn|1\n|\n|t:|1737855354\n|switch|p2b: Banderilla|Incineroar, L50, M|100\/100\n|-ability|p2b: Banderilla|Intimidate|boost\n|-unboost|p1a: Tornadus|atk|1\n|-unboost|p1b: GOKU|atk|1\n|move|p2a: Charming|Protect|p2a: Charming\n|-singleturn|p2a: Charming|Protect\n|move|p1a: Tornadus|Tailwind|p1a: Tornadus\n|-sidestart|p1: Imnotagni|move: Tailwind\n|move|p1b: GOKU|Draco Meteor|p2b: Banderilla\n|-damage|p2b: Banderilla|9\/100\n|-unboost|p1b: GOKU|spa|2\n|-damage|p1b: GOKU|91\/100|[from] item: Life Orb\n|\n|upkeep\n|turn|2\n|\n|t:|1737855371\n|switch|p1b: FUTURE TRUNKS|Zacian-Crowned, L50|100\/100\n|-ability|p1b: FUTURE TRUNKS|Intrepid Sword|boost\n|-boost|p1b: FUTURE TRUNKS|atk|1\n|switch|p2b: Suthen|Indeedee-F, L50, F|100\/100\n|-fieldstart|move: Psychic Terrain|[from] ability: Psychic Surge|[of] p2b: Suthen\n|-terastallize|p2a: Charming|Fairy\n|move|p1a: Tornadus|Bleakwind Storm|p2a: Charming|[spread] p2a,p2b\n|-damage|p2a: Charming|34\/100\n|-damage|p2b: Suthen|70\/100\n|move|p2a: Charming|Spirit Break|p1a: Tornadus\n|-damage|p1a: Tornadus|28\/100\n|\n|upkeep\n|turn|3\n|\n|t:|1737855390\n|switch|p2b: Banderilla|Incineroar, L50, M|9\/100\n|-ability|p2b: Banderilla|Intimidate|boost\n|-unboost|p1a: Tornadus|atk|1\n|-unboost|p1b: FUTURE TRUNKS|atk|1\n|move|p2a: Charming|Protect|p2a: Charming\n|-singleturn|p2a: Charming|Protect\n|move|p1b: FUTURE TRUNKS|Behemoth Blade|p2b: Banderilla\n|-resisted|p2b: Banderilla\n|-damage|p2b: Banderilla|0 fnt\n|faint|p2b: Banderilla\n|move|p1a: Tornadus|Bleakwind Storm|p2a: Charming\n|-activate|p2a: Charming|move: Protect\n|\n|upkeep\n|\n|t:|1737855395\n|switch|p2b: Duncan|Calyrex-Shadow, L50|100\/100\n|-ability|p2b: Duncan|As One\n|-ability|p2b: Duncan|Unnerve\n|turn|4\n|\n|t:|1737855420\n|move|p2b: Duncan|Protect|p2b: Duncan\n|-singleturn|p2b: Duncan|Protect\n|move|p1b: FUTURE TRUNKS|Behemoth Blade|p2b: Duncan\n|-activate|p2b: Duncan|move: Protect\n|move|p1a: Tornadus|Bleakwind Storm|p2a: Charming|[spread] p2a\n|-activate|p2b: Duncan|move: Protect\n|-damage|p2a: Charming|0 fnt\n|faint|p2a: Charming\n|-end|p2a: Charming|Quark Drive|[silent]\n|\n|-sideend|p1: Imnotagni|move: Tailwind\n|upkeep\n|\n|t:|1737855426\n|switch|p2a: Suthen|Indeedee-F, L50, F|70\/100\n|turn|5\n|j| framer josephina\n|\n|t:|1737855444\n|switch|p1a: GOKU|Regidrago, L50|91\/100\n|move|p2b: Duncan|Astral Barrage|p1b: FUTURE TRUNKS|[spread] p1a,p1b\n|-damage|p1a: GOKU|15\/100\n|-damage|p1b: FUTURE TRUNKS|31\/100\n|-damage|p2b: Duncan|91\/100|[from] item: Life Orb\n|move|p1b: FUTURE TRUNKS|Behemoth Blade|p2a: Suthen\n|-damage|p2a: Suthen|7\/100\n|-damage|p1b: FUTURE TRUNKS|14\/100|[from] item: Rocky Helmet|[of] p2a: Suthen\n|move|p2a: Suthen|Trick Room|p2a: Suthen\n|-fieldstart|move: Trick Room|[of] p2a: Suthen\n|\n|upkeep\n|turn|6\n|\n|t:|1737855455\n|move|p1a: GOKU|Protect|p1a: GOKU\n|-singleturn|p1a: GOKU|Protect\n|move|p2a: Suthen|Follow Me|p2a: Suthen\n|-singleturn|p2a: Suthen|move: Follow Me\n|move|p1b: FUTURE TRUNKS|Behemoth Blade|p2a: Suthen\n|-damage|p2a: Suthen|0 fnt\n|-damage|p1b: FUTURE TRUNKS|0 fnt|[from] item: Rocky Helmet|[of] p2a: Suthen\n|faint|p2a: Suthen\n|faint|p1b: FUTURE TRUNKS\n|move|p2b: Duncan|Astral Barrage|p1a: GOKU\n|-activate|p1a: GOKU|move: Protect\n|\n|-fieldend|move: Psychic Terrain\n|upkeep\n|\n|t:|1737855460\n|switch|p1b: Urshifu|Urshifu-Rapid-Strike, L50, M|100\/100\n|turn|7\n|\n|t:|1737855467\n|-terastallize|p1a: GOKU|Ghost\n|move|p1a: GOKU|Tera Blast|p2b: Duncan|[anim] Tera Blast Ghost\n|-supereffective|p2b: Duncan\n|-damage|p2b: Duncan|0 fnt\n|faint|p2b: Duncan\n|-damage|p1a: GOKU|6\/100|[from] item: Life Orb\n|\n|win|Imnotagni\n|raw|Imnotagni's rating: 1610 &rarr; <strong>1636<\/strong><br \/>(+26 for winning)\n|raw|infinitygroudon's rating: 1712 &rarr; <strong>1686<\/strong><br \/>(-26 for losing)\n|l|\u2606infinitygroudon\n|player|p2|\n|l|\u2606Imnotagni\n|player|p1|\n|l| DaN00biest\n","uploadtime":1737855665,"views":17,"formatid":"gen9vgc2025regg","rating":1636,"private":0,"password":null}