{"id":"gen9vgc2025regg-2288992413","format":"[Gen 9] VGC 2025 Reg G","players":["spaccas","Imnotagni"],"log":"|j|\u2606spaccas\n|j|\u2606Imnotagni\n|t:|1737959879\n|gametype|doubles\n|player|p1|spaccas|alder|1586\n|player|p2|Imnotagni|policeman-gen4|1574\n|teamsize|p1|6\n|teamsize|p2|6\n|gen|9\n|tier|[Gen 9] VGC 2025 Reg G\n|rated|\n|rule|Species Clause: Limit one of each Pok\u00e9mon\n|rule|Item Clause: Limit 1 of each item\n|clearpoke\n|poke|p1|Flutter Mane, L50|\n|poke|p1|Groudon, L50|\n|poke|p1|Incineroar, L50, M|\n|poke|p1|Grimmsnarl, L50, M|\n|poke|p1|Raging Bolt, L50|\n|poke|p1|Rillaboom, L50, M|\n|poke|p2|Tornadus, L50, M|\n|poke|p2|Chien-Pao, L50|\n|poke|p2|Urshifu-*, L50, F|\n|poke|p2|Tsareena, L50, F|\n|poke|p2|Rillaboom, L50, F|\n|poke|p2|Kyogre, L50|\n|teampreview|4\n|inactive|Battle timer is ON: inactive players will automatically lose when time's up. (requested by Imnotagni)\n|inactive|Imnotagni has 60 seconds left.\n|inactive|spaccas has 60 seconds left.\n|\n|t:|1737959933\n|start\n|switch|p1a: Flutter Mane|Flutter Mane, L50|100\/100\n|switch|p1b: Rillaboom|Rillaboom, L50, M|100\/100\n|switch|p2a: Tornadus|Tornadus, L50, M|100\/100\n|switch|p2b: Chien-Pao|Chien-Pao, L50|100\/100\n|-ability|p2b: Chien-Pao|Sword of Ruin\n|-fieldstart|move: Grassy Terrain|[from] ability: Grassy Surge|[of] p1b: Rillaboom\n|turn|1\n|\n|t:|1737959951\n|move|p2b: Chien-Pao|Protect|p2b: Chien-Pao\n|-singleturn|p2b: Chien-Pao|Protect\n|move|p1b: Rillaboom|Fake Out|p2b: Chien-Pao\n|-activate|p2b: Chien-Pao|move: Protect\n|move|p1a: Flutter Mane|Dazzling Gleam|p2b: Chien-Pao|[spread] p2a\n|-activate|p2b: Chien-Pao|move: Protect\n|-damage|p2a: Tornadus|50\/100\n|move|p2a: Tornadus|Hurricane|p1b: Rillaboom|[miss]\n|-miss|p2a: Tornadus|p1b: Rillaboom\n|\n|upkeep\n|turn|2\n|\n|t:|1737959972\n|-terastallize|p2b: Chien-Pao|Stellar\n|move|p2a: Tornadus|Tailwind|p2a: Tornadus\n|-sidestart|p2: Imnotagni|move: Tailwind\n|move|p1b: Rillaboom|Grassy Glide|p2b: Chien-Pao\n|-damage|p2b: Chien-Pao|52\/100\n|move|p2b: Chien-Pao|Icicle Crash|p1a: Flutter Mane\n|-damage|p1a: Flutter Mane|0 fnt\n|faint|p1a: Flutter Mane\n|-end|p1a: Flutter Mane|Protosynthesis|[silent]\n|\n|-heal|p2b: Chien-Pao|58\/100|[from] Grassy Terrain\n|upkeep\n|\n|t:|1737959982\n|switch|p1a: Raging Bolt|Raging Bolt, L50|100\/100\n|turn|3\n|\n|t:|1737959995\n|switch|p2a: Tsareena|Tsareena, L50, F, shiny|100\/100\n|-terastallize|p1a: Raging Bolt|Electric\n|move|p2b: Chien-Pao|Icicle Crash|p1a: Raging Bolt\n|-damage|p1a: Raging Bolt|51\/100\n|move|p1b: Rillaboom|Drum Beating|p2a: Tsareena\n|-resisted|p2a: Tsareena\n|-damage|p2a: Tsareena|60\/100\n|-unboost|p2a: Tsareena|spe|1\n|move|p1a: Raging Bolt|Thunderbolt|p2b: Chien-Pao\n|-damage|p2b: Chien-Pao|0 fnt\n|faint|p2b: Chien-Pao\n|-damage|p1a: Raging Bolt|41\/100|[from] item: Life Orb\n|\n|-heal|p2a: Tsareena|66\/100|[from] Grassy Terrain\n|-heal|p1a: Raging Bolt|47\/100|[from] Grassy Terrain\n|upkeep\n|\n|t:|1737960007\n|switch|p2b: Kyogre|Kyogre, L50, shiny|100\/100\n|-weather|RainDance|[from] ability: Drizzle|[of] p2b: Kyogre\n|turn|4\n|\n|t:|1737960026\n|switch|p2b: Tornadus|Tornadus, L50, M|50\/100\n|switch|p1b: Groudon|Groudon, L50|100\/100\n|-weather|SunnyDay|[from] ability: Drought|[of] p1b: Groudon\n|-activate|p1a: Raging Bolt|ability: Protosynthesis\n|-start|p1a: Raging Bolt|protosynthesisspa\n|move|p1a: Raging Bolt|Protect|p1a: Raging Bolt\n|-singleturn|p1a: Raging Bolt|Protect\n|move|p2a: Tsareena|Power Whip|p1a: Raging Bolt\n|-activate|p1a: Raging Bolt|move: Protect\n|\n|-weather|SunnyDay|[upkeep]\n|-heal|p2a: Tsareena|72\/100|[from] Grassy Terrain\n|-heal|p1a: Raging Bolt|53\/100|[from] Grassy Terrain\n|upkeep\n|turn|5\n|inactive|Imnotagni has 30 seconds left.\n|\n|t:|1737960059\n|-end|p1a: Raging Bolt|Protosynthesis|[silent]\n|switch|p1a: Rillaboom|Rillaboom, L50, M|100\/100\n|move|p2b: Tornadus|Rain Dance|p2b: Tornadus\n|-weather|RainDance\n|move|p2a: Tsareena|Power Whip|p1b: Groudon\n|-supereffective|p1b: Groudon\n|-damage|p1b: Groudon|0 fnt\n|faint|p1b: Groudon\n|\n|-weather|RainDance|[upkeep]\n|-heal|p2a: Tsareena|78\/100|[from] Grassy Terrain\n|-sideend|p2: Imnotagni|move: Tailwind\n|-fieldend|move: Grassy Terrain\n|upkeep\n|\n|t:|1737960065\n|switch|p1b: Raging Bolt|Raging Bolt, L50, tera:Electric|53\/100\n|turn|6\n|inactive|Imnotagni has 30 seconds left.\n|\n|t:|1737960095\n|move|p2a: Tsareena|Helping Hand|p2b: Tornadus\n|-singleturn|p2b: Tornadus|Helping Hand|[of] p2a: Tsareena\n|move|p2b: Tornadus|Hurricane|p1a: Rillaboom\n|-supereffective|p1a: Rillaboom\n|-damage|p1a: Rillaboom|0 fnt\n|faint|p1a: Rillaboom\n|move|p1b: Raging Bolt|Thunderbolt|p2b: Tornadus\n|-supereffective|p2b: Tornadus\n|-damage|p2b: Tornadus|0 fnt\n|faint|p2b: Tornadus\n|-damage|p1b: Raging Bolt|43\/100|[from] item: Life Orb\n|\n|-weather|RainDance|[upkeep]\n|upkeep\n|\n|t:|1737960097\n|switch|p2b: Kyogre|Kyogre, L50, shiny|100\/100\n|turn|7\n|-message|spaccas forfeited.\n|\n|win|Imnotagni\n|raw|spaccas's rating: 1586 &rarr; <strong>1565<\/strong><br \/>(-21 for losing)\n|raw|Imnotagni's rating: 1574 &rarr; <strong>1595<\/strong><br \/>(+21 for winning)\n|l|\u2606spaccas\n|player|p1|\n|l|\u2606Imnotagni\n|player|p2|\n","uploadtime":1737960362,"views":11,"formatid":"gen9vgc2025regg","rating":1565,"private":0,"password":null}