{"id":"gen9vgc2025regg-2288055770","format":"[Gen 9] VGC 2025 Reg G","players":["TomNumbers","bluestraggler01"],"log":"|j|\u2606TomNumbers\n|j|\u2606bluestraggler01\n|t:|1737827573\n|gametype|doubles\n|player|p1|TomNumbers|gambler|1552\n|player|p2|bluestraggler01|102|1645\n|teamsize|p1|6\n|teamsize|p2|6\n|gen|9\n|tier|[Gen 9] VGC 2025 Reg G\n|rated|\n|rule|Species Clause: Limit one of each Pok\u00e9mon\n|rule|Item Clause: Limit 1 of each item\n|clearpoke\n|poke|p1|Zamazenta-*, L50|\n|poke|p1|Chien-Pao, L50|\n|poke|p1|Volcarona, L50, M|\n|poke|p1|Flutter Mane, L50|\n|poke|p1|Raging Bolt, L50|\n|poke|p1|Landorus, L50, M|\n|poke|p2|Koraidon, L50|\n|poke|p2|Lilligant-Hisui, L50, F|\n|poke|p2|Walking Wake, L50|\n|poke|p2|Raging Bolt, L50|\n|poke|p2|Kingambit, L50, F|\n|poke|p2|Volcarona, L50, M|\n|teampreview|4\n|inactive|Battle timer is ON: inactive players will automatically lose when time's up. (requested by TomNumbers)\nbluestraggler01 rejected open team sheets.\n|inactive|TomNumbers has 60 seconds left.\n|\n|t:|1737827631\n|start\n|switch|p1a: Zamazenta|Zamazenta-Crowned, L50|100\/100\n|switch|p1b: Flutter Mane|Flutter Mane, L50|100\/100\n|switch|p2a: Koraidon|Koraidon, L50|100\/100\n|switch|p2b: Lilligant|Lilligant-Hisui, L50, F|100\/100\n|-ability|p1a: Zamazenta|Dauntless Shield|boost\n|-boost|p1a: Zamazenta|def|1\n|-weather|SunnyDay|[from] ability: Orichalcum Pulse|[of] p2a: Koraidon\n|-activate|p1b: Flutter Mane|ability: Protosynthesis\n|-start|p1b: Flutter Mane|protosynthesisspe\n|-activate|p2a: Koraidon|Orichalcum Pulse|[source]\n|turn|1\n|\n|t:|1737827643\n|-terastallize|p2a: Koraidon|Fire\n|move|p1a: Zamazenta|Protect|p1a: Zamazenta\n|-singleturn|p1a: Zamazenta|Protect\n|move|p2b: Lilligant|Sleep Powder|p1a: Zamazenta\n|-activate|p1a: Zamazenta|move: Protect\n|move|p1b: Flutter Mane|Taunt|p2b: Lilligant\n|-start|p2b: Lilligant|move: Taunt\n|move|p2a: Koraidon|Flame Charge|p1b: Flutter Mane\n|-damage|p1b: Flutter Mane|2\/100\n|-boost|p2a: Koraidon|spe|1\n|\n|-weather|SunnyDay|[upkeep]\n|upkeep\n|turn|2\n|\n|t:|1737827662\n|-terastallize|p1a: Zamazenta|Dragon\n|move|p2b: Lilligant|Solar Blade||[still]\n|-prepare|p2b: Lilligant|Solar Blade\n|-anim|p2b: Lilligant|Solar Blade|p1b: Flutter Mane\n|-damage|p1b: Flutter Mane|0 fnt\n|faint|p1b: Flutter Mane\n|-end|p1b: Flutter Mane|Protosynthesis|[silent]\n|move|p2a: Koraidon|Collision Course|p1a: Zamazenta\n|-damage|p1a: Zamazenta|70\/100\n|move|p1a: Zamazenta|Body Press|p2a: Koraidon\n|-damage|p2a: Koraidon|45\/100\n|\n|-weather|SunnyDay|[upkeep]\n|upkeep\n|\n|t:|1737827673\n|switch|p1b: Chien-Pao|Chien-Pao, L50|100\/100\n|-ability|p1b: Chien-Pao|Sword of Ruin\n|turn|3\n|\n|t:|1737827696\n|switch|p2a: Volcarona|Volcarona, L50, M|100\/100\n|move|p1b: Chien-Pao|Protect|p1b: Chien-Pao\n|-singleturn|p1b: Chien-Pao|Protect\n|move|p2b: Lilligant|Solar Blade||[still]\n|-prepare|p2b: Lilligant|Solar Blade\n|-anim|p2b: Lilligant|Solar Blade|p1b: Chien-Pao\n|-activate|p1b: Chien-Pao|move: Protect\n|move|p1a: Zamazenta|Body Press|p2a: Volcarona\n|-resisted|p2a: Volcarona\n|-damage|p2a: Volcarona|56\/100\n|-damage|p1a: Zamazenta|53\/100|[from] item: Rocky Helmet|[of] p2a: Volcarona\n|-status|p1a: Zamazenta|brn|[from] ability: Flame Body|[of] p2a: Volcarona\n|\n|-weather|SunnyDay|[upkeep]\n|-damage|p1a: Zamazenta|47\/100 brn|[from] brn\n|upkeep\n|turn|4\n|\n|t:|1737827710\n|move|p2a: Volcarona|Rage Powder|p2a: Volcarona\n|-singleturn|p2a: Volcarona|move: Rage Powder\n|move|p2b: Lilligant|Solar Blade||[still]\n|-prepare|p2b: Lilligant|Solar Blade\n|-anim|p2b: Lilligant|Solar Blade|p1b: Chien-Pao\n|-damage|p1b: Chien-Pao|28\/100\n|move|p1b: Chien-Pao|Ice Spinner|p2a: Volcarona\n|-resisted|p2a: Volcarona\n|-damage|p2a: Volcarona|32\/100\n|-damage|p1b: Chien-Pao|12\/100|[from] item: Rocky Helmet|[of] p2a: Volcarona\n|move|p1a: Zamazenta|Body Press|p2a: Volcarona\n|-resisted|p2a: Volcarona\n|-damage|p2a: Volcarona|12\/100\n|-damage|p1a: Zamazenta|31\/100 brn|[from] item: Rocky Helmet|[of] p2a: Volcarona\n|\n|-weather|SunnyDay|[upkeep]\n|-damage|p1a: Zamazenta|25\/100 brn|[from] brn\n|-end|p2b: Lilligant|move: Taunt\n|upkeep\n|turn|5\n|inactive|bluestraggler01 has 30 seconds left.\n|\n|t:|1737827736\n|move|p1b: Chien-Pao|Protect|p1b: Chien-Pao\n|-singleturn|p1b: Chien-Pao|Protect\n|move|p2a: Volcarona|Rage Powder|p2a: Volcarona\n|-singleturn|p2a: Volcarona|move: Rage Powder\n|move|p2b: Lilligant|Solar Blade||[still]\n|-prepare|p2b: Lilligant|Solar Blade\n|-anim|p2b: Lilligant|Solar Blade|p1b: Chien-Pao\n|-activate|p1b: Chien-Pao|move: Protect\n|move|p1a: Zamazenta|Body Press|p2a: Volcarona\n|-resisted|p2a: Volcarona\n|-damage|p2a: Volcarona|0 fnt\n|-damage|p1a: Zamazenta|8\/100 brn|[from] item: Rocky Helmet|[of] p2a: Volcarona\n|faint|p2a: Volcarona\n|\n|-weather|none\n|-damage|p1a: Zamazenta|2\/100 brn|[from] brn\n|upkeep\n|\n|t:|1737827744\n|switch|p2a: Koraidon|Koraidon, L50, tera:Fire|45\/100\n|-weather|SunnyDay|[from] ability: Orichalcum Pulse|[of] p2a: Koraidon\n|-activate|p2a: Koraidon|Orichalcum Pulse|[source]\n|turn|6\n|\n|t:|1737827754\n|move|p1b: Chien-Pao|Sucker Punch|p2a: Koraidon\n|-damage|p2a: Koraidon|8\/100\n|move|p2b: Lilligant|Solar Blade||[still]\n|-prepare|p2b: Lilligant|Solar Blade\n|-anim|p2b: Lilligant|Solar Blade|p1b: Chien-Pao\n|-damage|p1b: Chien-Pao|0 fnt\n|faint|p1b: Chien-Pao\n|move|p1a: Zamazenta|Body Press|p2b: Lilligant\n|-crit|p2b: Lilligant\n|-damage|p2b: Lilligant|22\/100\n|move|p2a: Koraidon|Flame Charge|p1a: Zamazenta\n|-resisted|p1a: Zamazenta\n|-damage|p1a: Zamazenta|0 fnt\n|-boost|p2a: Koraidon|spe|1\n|faint|p1a: Zamazenta\n|\n|-weather|SunnyDay|[upkeep]\n|upkeep\n|\n|t:|1737827758\n|switch|p1a: Landorus|Landorus, L50, M|100\/100\n|turn|7\n|\n|t:|1737827764\n|move|p1a: Landorus|Protect|p1a: Landorus\n|-singleturn|p1a: Landorus|Protect\n|move|p2b: Lilligant|Coaching|p2a: Koraidon\n|-boost|p2a: Koraidon|atk|1\n|-boost|p2a: Koraidon|def|1\n|move|p2a: Koraidon|Flare Blitz|p1a: Landorus\n|-activate|p1a: Landorus|move: Protect\n|\n|-weather|SunnyDay|[upkeep]\n|upkeep\n|turn|8\n|-message|TomNumbers forfeited.\n|\n|win|bluestraggler01\n|raw|TomNumbers's rating: 1552 &rarr; <strong>1537<\/strong><br \/>(-15 for losing)\n|raw|bluestraggler01's rating: 1645 &rarr; <strong>1660<\/strong><br \/>(+15 for winning)\n|l|\u2606TomNumbers\n|player|p1|\n|l|\u2606bluestraggler01\n|player|p2|\n","uploadtime":1737828024,"views":6,"formatid":"gen9vgc2025regg","rating":1537,"private":0,"password":null}