{"id":"gen9vgc2025regg-2288133638","format":"[Gen 9] VGC 2025 Reg G","players":["Doc_MrMega","bluestraggler01"],"log":"|j|\u2606Doc_MrMega\n|j|\u2606bluestraggler01\n|t:|1737837132\n|gametype|doubles\n|player|p1|Doc_MrMega|lucas|1650\n|player|p2|bluestraggler01|102|1592\n|teamsize|p1|6\n|teamsize|p2|6\n|gen|9\n|tier|[Gen 9] VGC 2025 Reg G\n|rated|\n|rule|Species Clause: Limit one of each Pok\u00e9mon\n|rule|Item Clause: Limit 1 of each item\n|clearpoke\n|poke|p1|Calyrex-Shadow, L50|\n|poke|p1|Tornadus, L50, M|\n|poke|p1|Ogerpon-Hearthflame, L50, F|\n|poke|p1|Rillaboom, L50, F|\n|poke|p1|Urshifu-*, L50, F|\n|poke|p1|Kingambit, L50, M|\n|poke|p2|Koraidon, L50|\n|poke|p2|Lilligant-Hisui, L50, F|\n|poke|p2|Walking Wake, L50|\n|poke|p2|Raging Bolt, L50|\n|poke|p2|Kingambit, L50, F|\n|poke|p2|Volcarona, L50, F|\n|teampreview|4\n|inactive|Battle timer is ON: inactive players will automatically lose when time's up. (requested by Doc_MrMega)\nbluestraggler01 rejected open team sheets.\n|\n|t:|1737837153\n|start\n|switch|p1a: Calyrex|Calyrex-Shadow, L50|100\/100\n|switch|p1b: Ogerpon|Ogerpon-Hearthflame, L50, F|100\/100\n|switch|p2a: Lilligant|Lilligant-Hisui, L50, F|100\/100\n|switch|p2b: Koraidon|Koraidon, L50|100\/100\n|-ability|p1a: Calyrex|As One\n|-ability|p1a: Calyrex|Unnerve\n|-weather|SunnyDay|[from] ability: Orichalcum Pulse|[of] p2b: Koraidon\n|-activate|p2b: Koraidon|Orichalcum Pulse|[source]\n|-ability|p1b: Ogerpon|Mold Breaker\n|turn|1\n|\n|t:|1737837168\n|-terastallize|p2b: Koraidon|Fire\n|move|p1b: Ogerpon|Follow Me|p1b: Ogerpon\n|-singleturn|p1b: Ogerpon|move: Follow Me\n|move|p2a: Lilligant|Coaching|p2b: Koraidon\n|-boost|p2b: Koraidon|atk|1\n|-boost|p2b: Koraidon|def|1\n|move|p1a: Calyrex|Nasty Plot|p1a: Calyrex\n|-boost|p1a: Calyrex|spa|2\n|move|p2b: Koraidon|Flame Charge|p1b: Ogerpon\n|-damage|p1b: Ogerpon|0 fnt\n|-boost|p2b: Koraidon|spe|1\n|faint|p1b: Ogerpon\n|\n|-weather|SunnyDay|[upkeep]\n|upkeep\n|\n|t:|1737837180\n|switch|p1b: Tornadus|Tornadus, L50, M|100\/100\n|turn|2\n|\n|t:|1737837199\n|move|p1a: Calyrex|Protect|p1a: Calyrex\n|-singleturn|p1a: Calyrex|Protect\n|move|p1b: Tornadus|Tailwind|p1b: Tornadus\n|-sidestart|p1: Doc_MrMega|move: Tailwind\n|move|p2a: Lilligant|Sleep Powder|p1a: Calyrex\n|-activate|p1a: Calyrex|move: Protect\n|move|p2b: Koraidon|Flame Charge|p1b: Tornadus\n|-enditem|p1b: Tornadus|Focus Sash\n|-damage|p1b: Tornadus|1\/100\n|-boost|p2b: Koraidon|spe|1\n|\n|-weather|SunnyDay|[upkeep]\n|upkeep\n|turn|3\n|inactive|bluestraggler01 has 30 seconds left.\n|\n|t:|1737837228\n|move|p1a: Calyrex|Astral Barrage|p2b: Koraidon|[spread] p2a,p2b\n|-enditem|p2a: Lilligant|Focus Sash\n|-damage|p2a: Lilligant|1\/100\n|-damage|p2b: Koraidon|14\/100\n|-damage|p1a: Calyrex|91\/100|[from] item: Life Orb\n|move|p1b: Tornadus|Bleakwind Storm|p2a: Lilligant|[spread] p2b\n|-miss|p1b: Tornadus|p2a: Lilligant\n|-damage|p2b: Koraidon|0 fnt\n|faint|p2b: Koraidon\n|move|p2a: Lilligant|Sleep Powder|p1a: Calyrex\n|-status|p1a: Calyrex|slp|[from] move: Sleep Powder\n|\n|-weather|SunnyDay|[upkeep]\n|upkeep\n|\n|t:|1737837242\n|switch|p2b: Raging Bolt|Raging Bolt, L50|100\/100\n|-activate|p2b: Raging Bolt|ability: Protosynthesis\n|-start|p2b: Raging Bolt|protosynthesisspa\n|turn|4\n|\n|t:|1737837250\n|switch|p1b: Rillaboom|Rillaboom, L50, F|100\/100\n|-fieldstart|move: Grassy Terrain|[from] ability: Grassy Surge|[of] p1b: Rillaboom\n|switch|p2a: Walking Wake|Walking Wake, L50|100\/100\n|-activate|p2a: Walking Wake|ability: Protosynthesis\n|-start|p2a: Walking Wake|protosynthesisspe\n|cant|p1a: Calyrex|slp\n|move|p2b: Raging Bolt|Thunderbolt|p1a: Calyrex\n|-damage|p1a: Calyrex|4\/100 slp\n|-damage|p2b: Raging Bolt|91\/100|[from] item: Life Orb\n|\n|-weather|SunnyDay|[upkeep]\n|-heal|p1a: Calyrex|10\/100 slp|[from] Grassy Terrain\n|-heal|p2b: Raging Bolt|97\/100|[from] Grassy Terrain\n|upkeep\n|turn|5\n|inactive|Doc_MrMega has 30 seconds left.\n|inactive|bluestraggler01 has 30 seconds left.\n|\n|t:|1737837280\n|-terastallize|p1a: Calyrex|Fairy\n|move|p2b: Raging Bolt|Protect|p2b: Raging Bolt\n|-singleturn|p2b: Raging Bolt|Protect\n|move|p1b: Rillaboom|Fake Out|p2b: Raging Bolt\n|-activate|p2b: Raging Bolt|move: Protect\n|cant|p1a: Calyrex|slp\n|move|p2a: Walking Wake|Snarl|p1b: Rillaboom|[spread] p1a,p1b\n|-resisted|p1a: Calyrex\n|-damage|p1a: Calyrex|4\/100 slp\n|-damage|p1b: Rillaboom|91\/100\n|-unboost|p1a: Calyrex|spa|1\n|-unboost|p1b: Rillaboom|spa|1\n|\n|-weather|none\n|-end|p2a: Walking Wake|Protosynthesis\n|-end|p2b: Raging Bolt|Protosynthesis\n|-heal|p1a: Calyrex|10\/100 slp|[from] Grassy Terrain\n|-heal|p1b: Rillaboom|97\/100|[from] Grassy Terrain\n|-heal|p2b: Raging Bolt|100\/100|[from] Grassy Terrain\n|-sideend|p1: Doc_MrMega|move: Tailwind\n|upkeep\n|turn|6\n|inactive|Doc_MrMega has 30 seconds left.\n|\n|t:|1737837310\n|switch|p1a: Tornadus|Tornadus, L50, M|1\/100\n|move|p2b: Raging Bolt|Thunderclap||[still]\n|-fail|p2b: Raging Bolt\n|move|p2a: Walking Wake|Draco Meteor|p1b: Rillaboom\n|-damage|p1b: Rillaboom|56\/100\n|-unboost|p2a: Walking Wake|spa|2\n|move|p1b: Rillaboom|U-turn|p2b: Raging Bolt\n|-damage|p2b: Raging Bolt|77\/100\n|\n|t:|1737837319\n|switch|p1b: Calyrex|Calyrex-Shadow, L50, tera:Fairy|10\/100 slp|[from] U-turn\n|-ability|p1b: Calyrex|As One\n|-ability|p1b: Calyrex|Unnerve\n|\n|-heal|p1b: Calyrex|17\/100 slp|[from] Grassy Terrain\n|-heal|p2b: Raging Bolt|83\/100|[from] Grassy Terrain\n|upkeep\n|turn|7\n|\n|t:|1737837335\n|switch|p1a: Rillaboom|Rillaboom, L50, F|56\/100\n|-curestatus|p1b: Calyrex|slp|[msg]\n|move|p1b: Calyrex|Protect|p1b: Calyrex\n|-singleturn|p1b: Calyrex|Protect\n|move|p2b: Raging Bolt|Thunderclap||[still]\n|-fail|p2b: Raging Bolt\n|move|p2a: Walking Wake|Hydro Steam|p1a: Rillaboom\n|-resisted|p1a: Rillaboom\n|-damage|p1a: Rillaboom|49\/100\n|\n|-heal|p1b: Calyrex|23\/100|[from] Grassy Terrain\n|-heal|p2b: Raging Bolt|89\/100|[from] Grassy Terrain\n|-heal|p1a: Rillaboom|55\/100|[from] Grassy Terrain\n|upkeep\n|turn|8\n|\n|t:|1737837357\n|move|p2a: Walking Wake|Protect|p2a: Walking Wake\n|-singleturn|p2a: Walking Wake|Protect\n|move|p2b: Raging Bolt|Protect|p2b: Raging Bolt\n|-singleturn|p2b: Raging Bolt|Protect\n|move|p1a: Rillaboom|Fake Out|p2b: Raging Bolt\n|-activate|p2b: Raging Bolt|move: Protect\n|move|p1b: Calyrex|Draining Kiss|p1a: Rillaboom\n|-damage|p1a: Rillaboom|25\/100\n|-heal|p1b: Calyrex|47\/100|[from] drain|[of] p1a: Rillaboom\n|-damage|p1b: Calyrex|37\/100|[from] item: Life Orb\n|\n|-heal|p1b: Calyrex|43\/100|[from] Grassy Terrain\n|-heal|p2b: Raging Bolt|95\/100|[from] Grassy Terrain\n|-heal|p1a: Rillaboom|32\/100|[from] Grassy Terrain\n|-fieldend|move: Grassy Terrain\n|upkeep\n|turn|9\n|\n|t:|1737837371\n|switch|p1b: Tornadus|Tornadus, L50, M|1\/100\n|move|p2b: Raging Bolt|Thunderclap||[still]\n|-fail|p2b: Raging Bolt\n|move|p2a: Walking Wake|Draco Meteor|p1a: Rillaboom\n|-damage|p1a: Rillaboom|11\/100\n|-unboost|p2a: Walking Wake|spa|2\n|move|p1a: Rillaboom|U-turn|p2b: Raging Bolt\n|-crit|p2b: Raging Bolt\n|-damage|p2b: Raging Bolt|62\/100\n|\n|t:|1737837379\n|switch|p1a: Calyrex|Calyrex-Shadow, L50, tera:Fairy|43\/100|[from] U-turn\n|-ability|p1a: Calyrex|As One\n|-ability|p1a: Calyrex|Unnerve\n|\n|upkeep\n|turn|10\n|\n|t:|1737837399\n|-end|p2a: Walking Wake|Protosynthesis|[silent]\n|switch|p2a: Lilligant|Lilligant-Hisui, L50, F|1\/100\n|move|p1a: Calyrex|Protect|p1a: Calyrex\n|-singleturn|p1a: Calyrex|Protect\n|move|p2b: Raging Bolt|Thunderclap||[still]\n|-fail|p2b: Raging Bolt\n|move|p1b: Tornadus|Bleakwind Storm|p2b: Raging Bolt|[spread] p2b\n|-miss|p1b: Tornadus|p2a: Lilligant\n|-resisted|p2b: Raging Bolt\n|-damage|p2b: Raging Bolt|44\/100\n|-unboost|p2b: Raging Bolt|spe|1\n|\n|upkeep\n|turn|11\n|inactive|bluestraggler01 has 30 seconds left.\n|inactive|Doc_MrMega has 30 seconds left.\n|\n|t:|1737837430\n|switch|p1a: Rillaboom|Rillaboom, L50, F|11\/100\n|-fieldstart|move: Grassy Terrain|[from] ability: Grassy Surge|[of] p1a: Rillaboom\n|move|p1b: Tornadus|Bleakwind Storm|p2b: Raging Bolt|[spread] p2a,p2b\n|-supereffective|p2a: Lilligant\n|-resisted|p2b: Raging Bolt\n|-damage|p2a: Lilligant|0 fnt\n|-damage|p2b: Raging Bolt|26\/100\n|faint|p2a: Lilligant\n|move|p2b: Raging Bolt|Thunderbolt|p1a: Rillaboom\n|-resisted|p1a: Rillaboom\n|-damage|p1a: Rillaboom|0 fnt\n|faint|p1a: Rillaboom\n|-damage|p2b: Raging Bolt|16\/100|[from] item: Life Orb\n|\n|-heal|p2b: Raging Bolt|22\/100|[from] Grassy Terrain\n|upkeep\n|\n|t:|1737837440\n|switch|p2a: Walking Wake|Walking Wake, L50|100\/100\n|switch|p1a: Calyrex|Calyrex-Shadow, L50, tera:Fairy|43\/100\n|-ability|p1a: Calyrex|As One\n|-ability|p1a: Calyrex|Unnerve\n|turn|12\n|\n|t:|1737837458\n|move|p1a: Calyrex|Protect|p1a: Calyrex\n|-singleturn|p1a: Calyrex|Protect\n|move|p2b: Raging Bolt|Thunderclap||[still]\n|-fail|p2b: Raging Bolt\n|move|p1b: Tornadus|Bleakwind Storm|p2b: Raging Bolt|[spread] p2a\n|-miss|p1b: Tornadus|p2b: Raging Bolt\n|-damage|p2a: Walking Wake|60\/100\n|move|p2a: Walking Wake|Hydro Steam|p1b: Tornadus\n|-crit|p1b: Tornadus\n|-damage|p1b: Tornadus|0 fnt\n|faint|p1b: Tornadus\n|\n|-heal|p1a: Calyrex|49\/100|[from] Grassy Terrain\n|-heal|p2a: Walking Wake|66\/100|[from] Grassy Terrain\n|-heal|p2b: Raging Bolt|28\/100|[from] Grassy Terrain\n|upkeep\n|turn|13\n|\n|t:|1737837481\n|move|p2b: Raging Bolt|Thunderclap|p1a: Calyrex\n|-damage|p1a: Calyrex|0 fnt\n|faint|p1a: Calyrex\n|-damage|p2b: Raging Bolt|18\/100|[from] item: Life Orb\n|\n|win|bluestraggler01\n|raw|Doc_MrMega's rating: 1650 &rarr; <strong>1627<\/strong><br \/>(-23 for losing)\n|raw|bluestraggler01's rating: 1592 &rarr; <strong>1615<\/strong><br \/>(+23 for winning)\n|l|\u2606bluestraggler01\n|player|p2|\n|l|\u2606Doc_MrMega\n|player|p1|\n","uploadtime":1737837656,"views":18,"formatid":"gen9vgc2025regg","rating":1615,"private":0,"password":null}