{"id":"gen9vgc2025regg-2288965045","format":"[Gen 9] VGC 2025 Reg G","players":["Dearp","something123"],"log":"|j|\u2606Dearp\n|j|\u2606something123\n|t:|1737954944\n|gametype|doubles\n|player|p1|Dearp|battlegirl|1626\n|player|p2|something123|266|1799\n|teamsize|p1|6\n|teamsize|p2|6\n|gen|9\n|tier|[Gen 9] VGC 2025 Reg G\n|rated|\n|rule|Species Clause: Limit one of each Pok\u00e9mon\n|rule|Item Clause: Limit 1 of each item\n|clearpoke\n|poke|p1|Torkoal, L50, F|\n|poke|p1|Ogerpon-Wellspring, L50, F|\n|poke|p1|Ting-Lu, L50|\n|poke|p1|Calyrex-Ice, L50|\n|poke|p1|Indeedee-F, L50, F|\n|poke|p1|Gallade, L50, M|\n|poke|p2|Farigiraf, L50, M|\n|poke|p2|Landorus, L50, M|\n|poke|p2|Calyrex-Ice, L50|\n|poke|p2|Ogerpon-Cornerstone, L50, F|\n|poke|p2|Urshifu-*, L50, M|\n|poke|p2|Roaring Moon, L50|\n|teampreview|4\n|\n|t:|1737954981\n|start\n|switch|p1a: Gallade|Gallade, L50, M|100\/100\n|switch|p1b: Indeedee|Indeedee-F, L50, F|100\/100\n|switch|p2a: Urshifu|Urshifu-Rapid-Strike, L50, M|100\/100\n|switch|p2b: Landorus|Landorus, L50, M|100\/100\n|-fieldstart|move: Psychic Terrain|[from] ability: Psychic Surge|[of] p1b: Indeedee\n|-enditem|p1a: Gallade|Psychic Seed\n|-boost|p1a: Gallade|spd|1|[from] item: Psychic Seed\n|turn|1\n|\n|t:|1737955008\n|move|p1b: Indeedee|Follow Me|p1b: Indeedee\n|-singleturn|p1b: Indeedee|move: Follow Me\n|move|p2a: Urshifu|Taunt|p1b: Indeedee\n|-start|p1b: Indeedee|move: Taunt\n|move|p2b: Landorus|Sandsear Storm|p1a: Gallade|[spread] p1b\n|-miss|p2b: Landorus|p1a: Gallade\n|-damage|p1b: Indeedee|40\/100\n|move|p1a: Gallade|Trick Room|p1a: Gallade\n|-fieldstart|move: Trick Room|[of] p1a: Gallade\n|\n|upkeep\n|turn|2\n|\n|t:|1737955046\n|move|p1a: Gallade|Psycho Cut|p2a: Urshifu\n|-supereffective|p2a: Urshifu\n|-crit|p2a: Urshifu\n|-enditem|p2a: Urshifu|Focus Sash\n|-damage|p2a: Urshifu|1\/100\n|-activate|p1b: Indeedee|move: Struggle\n|move|p1b: Indeedee|Struggle|p2b: Landorus\n|-damage|p2b: Landorus|93\/100\n|-damage|p1b: Indeedee|15\/100|[from] recoil\n|move|p2b: Landorus|Sandsear Storm|p1a: Gallade|[spread] p1b\n|-miss|p2b: Landorus|p1a: Gallade\n|-damage|p1b: Indeedee|0 fnt\n|faint|p1b: Indeedee\n|move|p2a: Urshifu|Surging Strikes|p1a: Gallade\n|-crit|p1a: Gallade\n|-damage|p1a: Gallade|68\/100\n|-crit|p1a: Gallade\n|-damage|p1a: Gallade|34\/100\n|-crit|p1a: Gallade\n|-damage|p1a: Gallade|0 fnt\n|faint|p1a: Gallade\n|-hitcount|p1: Gallade|3\n|\n|upkeep\n|\n|t:|1737955057\n|switch|p1a: Calyrex|Calyrex-Ice, L50|100\/100\n|switch|p1b: Ogerpon|Ogerpon-Wellspring, L50, F|100\/100\n|-ability|p1a: Calyrex|As One\n|-ability|p1a: Calyrex|Unnerve\n|turn|3\n|\n|t:|1737955070\n|move|p2b: Landorus|Protect|p2b: Landorus\n|-singleturn|p2b: Landorus|Protect\n|move|p2a: Urshifu|Detect|p2a: Urshifu\n|-singleturn|p2a: Urshifu|Protect\n|move|p1a: Calyrex|Imprison|p1a: Calyrex\n|-start|p1a: Calyrex|move: Imprison\n|move|p1b: Ogerpon|Ivy Cudgel|p2a: Urshifu|[anim] Ivy Cudgel Water\n|-activate|p2a: Urshifu|move: Protect\n|\n|upkeep\n|turn|4\n|\n|t:|1737955084\n|switch|p2a: Calyrex|Calyrex-Ice, L50|100\/100\n|-ability|p2a: Calyrex|As One\n|-ability|p2a: Calyrex|Unnerve\n|-terastallize|p2b: Landorus|Water\n|move|p1a: Calyrex|Glacial Lance|p2b: Landorus|[spread] p2a,p2b\n|-resisted|p2a: Calyrex\n|-resisted|p2b: Landorus\n|-damage|p2a: Calyrex|85\/100\n|-damage|p2b: Landorus|69\/100\n|move|p1b: Ogerpon|Ivy Cudgel|p2b: Landorus|[anim] Ivy Cudgel Water\n|-resisted|p2b: Landorus\n|-damage|p2b: Landorus|42\/100\n|move|p2b: Landorus|Sandsear Storm|p1a: Calyrex|[spread] p1a\n|-miss|p2b: Landorus|p1b: Ogerpon\n|-damage|p1a: Calyrex|62\/100\n|\n|upkeep\n|turn|5\n|j| sizuma02\n|\n|t:|1737955125\n|switch|p2a: Urshifu|Urshifu-Rapid-Strike, L50, M|1\/100\n|-terastallize|p1b: Ogerpon|Water\n|detailschange|p1b: Ogerpon|Ogerpon-Wellspring-Tera, L50, F, tera:Water\n|-ability|p1b: Ogerpon|Embody Aspect (Wellspring)|boost\n|-boost|p1b: Ogerpon|spd|1\n|move|p2b: Landorus|Protect|p2b: Landorus\n|-singleturn|p2b: Landorus|Protect\n|move|p1a: Calyrex|Glacial Lance|p2b: Landorus|[spread] p2a\n|-activate|p2b: Landorus|move: Protect\n|-resisted|p2a: Urshifu\n|-damage|p2a: Urshifu|0 fnt\n|faint|p2a: Urshifu\n|-ability|p1a: Calyrex|Chilling Neigh|boost\n|-boost|p1a: Calyrex|atk|1\n|move|p1b: Ogerpon|Wood Hammer|p2b: Landorus\n|-activate|p2b: Landorus|move: Protect\n|\n|-fieldend|move: Trick Room\n|-fieldend|move: Psychic Terrain\n|upkeep\n|\n|t:|1737955128\n|switch|p2a: Ogerpon|Ogerpon-Cornerstone, L50, F|100\/100\n|turn|6\n|\n|t:|1737955135\n|move|p1b: Ogerpon|Follow Me|p1b: Ogerpon\n|-singleturn|p1b: Ogerpon|move: Follow Me\n|move|p2a: Ogerpon|Ivy Cudgel|p1b: Ogerpon|[anim] Ivy Cudgel Rock\n|-damage|p1b: Ogerpon|29\/100\n|move|p2b: Landorus|Sandsear Storm|p1b: Ogerpon|[spread] p1b\n|-miss|p2b: Landorus|p1a: Calyrex\n|-damage|p1b: Ogerpon|0 fnt\n|faint|p1b: Ogerpon\n|move|p1a: Calyrex|Trick Room|p1a: Calyrex\n|-fieldstart|move: Trick Room|[of] p1a: Calyrex\n|\n|upkeep\n|turn|7\n|\n|t:|1737955152\n|move|p2b: Landorus|Protect|p2b: Landorus\n|-singleturn|p2b: Landorus|Protect\n|move|p2a: Ogerpon|Spiky Shield|p2a: Ogerpon\n|-singleturn|p2a: Ogerpon|move: Protect\n|move|p1a: Calyrex|Glacial Lance|p2b: Landorus|[spread] \n|-activate|p2a: Ogerpon|move: Protect\n|-activate|p2b: Landorus|move: Protect\n|\n|upkeep\n|turn|8\n|\n|t:|1737955159\n|switch|p2b: Calyrex|Calyrex-Ice, L50|85\/100\n|-ability|p2b: Calyrex|As One\n|-ability|p2b: Calyrex|Unnerve\n|move|p1a: Calyrex|Glacial Lance|p2b: Calyrex|[spread] p2a,p2b\n|-supereffective|p2a: Ogerpon\n|-resisted|p2b: Calyrex\n|-ability|p2a: Ogerpon|Sturdy\n|-damage|p2a: Ogerpon|1\/100\n|-damage|p2b: Calyrex|60\/100\n|move|p2a: Ogerpon|Ivy Cudgel|p1a: Calyrex|[anim] Ivy Cudgel Rock\n|-supereffective|p1a: Calyrex\n|-damage|p1a: Calyrex|0 fnt\n|faint|p1a: Calyrex\n|\n|win|something123\n|raw|Dearp's rating: 1626 &rarr; <strong>1615<\/strong><br \/>(-11 for losing)\n|raw|something123's rating: 1799 &rarr; <strong>1810<\/strong><br \/>(+11 for winning)\n|l|\u2606something123\n|player|p2|\n|l|\u2606Dearp\n|player|p1|\n|l| sizuma02\n","uploadtime":1737955165,"views":26,"formatid":"gen9vgc2025regg","rating":1615,"private":0,"password":null}