{"id":"gen9vgc2025regg-2288337182","format":"[Gen 9] VGC 2025 Reg G","players":["NDkyAChuan666","shadowninja0308"],"log":"|j|\u2606NDkyAChuan666\n|j|\u2606shadowninja0308\n|t:|1737863758\n|gametype|doubles\n|player|p1|NDkyAChuan666|backersf|1550\n|player|p2|shadowninja0308|hilbert-wonderlauncher|1556\n|teamsize|p1|6\n|teamsize|p2|4\n|gen|9\n|tier|[Gen 9] VGC 2025 Reg G\n|rated|\n|rule|Species Clause: Limit one of each Pok\u00e9mon\n|rule|Item Clause: Limit 1 of each item\n|clearpoke\n|poke|p1|Calyrex-Shadow, L50|\n|poke|p1|Indeedee-F, L50, F|\n|poke|p1|Regigigas, L50|\n|poke|p1|Whimsicott, L50, M|\n|poke|p1|Weezing, L50, F|\n|poke|p1|Chi-Yu, L50|\n|poke|p2|Ho-Oh, L50|\n|poke|p2|Krookodile, L50, F|\n|poke|p2|Chien-Pao, L50|\n|poke|p2|Froslass, L50, F|\n|teampreview|4\n|inactive|Battle timer is ON: inactive players will automatically lose when time's up. (requested by NDkyAChuan666)\n|j| player150766\n|j| zzz1994000\n|inactive|NDkyAChuan666 has 60 seconds left.\n|inactive|shadowninja0308 has 60 seconds left.\n|c| player150766|4 mons?\n|inactive|shadowninja0308 has 30 seconds left.\n|inactive|shadowninja0308 has 20 seconds left.\n|inactive|shadowninja0308 has 15 seconds left.\n|\n|t:|1737863835\n|start\n|switch|p1a: Weezing|Weezing, L50, F, shiny|100\/100\n|switch|p1b: Regigigas|Regigigas, L50, shiny|100\/100\n|switch|p2a: Chien-Pao|Chien-Pao, L50|100\/100\n|switch|p2b: Ho-Oh|Ho-Oh, L50|100\/100\n|-ability|p1a: Weezing|Neutralizing Gas\n|turn|1\n|c|\u2606NDkyAChuan666|4?\n|\n|t:|1737863859\n|move|p2a: Chien-Pao|Sacred Sword|p1b: Regigigas\n|-supereffective|p1b: Regigigas\n|-damage|p1b: Regigigas|50\/100\n|move|p1b: Regigigas|Crush Grip|p2b: Ho-Oh\n|-damage|p2b: Ho-Oh|21\/100\n|move|p2b: Ho-Oh|Sacred Fire|p1b: Regigigas\n|-damage|p1b: Regigigas|4\/100\n|move|p1a: Weezing|Will-O-Wisp|p2a: Chien-Pao\n|-status|p2a: Chien-Pao|brn\n|\n|-damage|p2a: Chien-Pao|95\/100 brn|[from] brn\n|upkeep\n|turn|2\n|\n|t:|1737863874\n|move|p2a: Chien-Pao|Sucker Punch|p1b: Regigigas\n|-damage|p1b: Regigigas|0 fnt\n|faint|p1b: Regigigas\n|-end|p1b: Regigigas|Slow Start|[silent]\n|move|p2b: Ho-Oh|Recover|p2b: Ho-Oh\n|-heal|p2b: Ho-Oh|71\/100\n|move|p1a: Weezing|Gunk Shot|p2a: Chien-Pao\n|-damage|p2a: Chien-Pao|43\/100 brn\n|\n|-damage|p2a: Chien-Pao|37\/100 brn|[from] brn\n|upkeep\n|\n|t:|1737863881\n|switch|p1b: Calyrex|Calyrex-Shadow, L50|100\/100\n|-ability|p1b: Calyrex|As One\n|-ability|p1b: Calyrex|Unnerve\n|turn|3\n|inactive|shadowninja0308 has 30 seconds left.\n|inactive|shadowninja0308 has 20 seconds left.\n|inactive|shadowninja0308 has 15 seconds left.\n|\n|t:|1737863925\n|move|p1b: Calyrex|Protect|p1b: Calyrex\n|-singleturn|p1b: Calyrex|Protect\n|move|p2a: Chien-Pao|Sucker Punch||[still]\n|-fail|p2a: Chien-Pao\n|move|p2b: Ho-Oh|Brave Bird|p1b: Calyrex\n|-activate|p1b: Calyrex|move: Protect\n|move|p1a: Weezing|Taunt|p2b: Ho-Oh\n|-start|p2b: Ho-Oh|move: Taunt\n|\n|-damage|p2a: Chien-Pao|31\/100 brn|[from] brn\n|upkeep\n|turn|4\n|\n|t:|1737863937\n|-end|p1a: Weezing|ability: Neutralizing Gas\n|-ability|p2a: Chien-Pao|Sword of Ruin\n|switch|p1a: Indeedee|Indeedee-F, L50, F, shiny|100\/100\n|-fieldstart|move: Psychic Terrain|[from] ability: Psychic Surge|[of] p1a: Indeedee\n|-enditem|p1a: Indeedee|Psychic Seed\n|-boost|p1a: Indeedee|spd|1|[from] item: Psychic Seed\n|-terastallize|p1b: Calyrex|Dark\n|move|p2a: Chien-Pao|Sucker Punch|p1b: Calyrex\n|-activate|p1b: Calyrex|move: Psychic Terrain\n|move|p1b: Calyrex|Astral Barrage|p2a: Chien-Pao|[spread] p2a,p2b\n|-resisted|p2a: Chien-Pao\n|-damage|p2a: Chien-Pao|0 fnt\n|-damage|p2b: Ho-Oh|30\/100\n|faint|p2a: Chien-Pao\n|-ability|p1b: Calyrex|Grim Neigh|boost\n|-boost|p1b: Calyrex|spa|1\n|-damage|p1b: Calyrex|91\/100|[from] item: Life Orb\n|move|p2b: Ho-Oh|Brave Bird|p1b: Calyrex\n|-damage|p1b: Calyrex|19\/100\n|-damage|p2b: Ho-Oh|10\/100|[from] Recoil\n|\n|upkeep\n|\n|t:|1737863946\n|switch|p2a: Krookodile|Krookodile, L50, F|100\/100\n|turn|5\n|\n|t:|1737863953\n|move|p1a: Indeedee|Helping Hand|p1b: Calyrex\n|-singleturn|p1b: Calyrex|Helping Hand|[of] p1a: Indeedee\n|move|p1b: Calyrex|Astral Barrage|p2a: Krookodile|[spread] p2a,p2b\n|-resisted|p2a: Krookodile\n|-damage|p2a: Krookodile|0 fnt\n|-damage|p2b: Ho-Oh|0 fnt\n|faint|p2a: Krookodile\n|faint|p2b: Ho-Oh\n|-ability|p1b: Calyrex|Grim Neigh|boost\n|-boost|p1b: Calyrex|spa|2\n|-damage|p1b: Calyrex|10\/100|[from] item: Life Orb\n|\n|upkeep\n|\n|t:|1737863957\n|switch|p2b: Froslass|Froslass, L50, F|100\/100\n|-item|p2b: Froslass|Air Balloon\n|turn|6\n|-message|shadowninja0308 forfeited.\n|\n|win|NDkyAChuan666\n|raw|NDkyAChuan666's rating: 1550 &rarr; <strong>1570<\/strong><br \/>(+20 for winning)\n|raw|shadowninja0308's rating: 1556 &rarr; <strong>1536<\/strong><br \/>(-20 for losing)\n|l|\u2606shadowninja0308\n|player|p2|\n|l| zzz1994000\n|l|\u2606NDkyAChuan666\n|player|p1|\n|l| player150766\n","uploadtime":1737864119,"views":18,"formatid":"gen9vgc2025regg","rating":1536,"private":0,"password":null}