{"id":"gen9vgc2025regg-2288694326","format":"[Gen 9] VGC 2025 Reg G","players":["PhanthomEx4","actuary97"],"log":"|j|\u2606PhanthomEx4\n|j|\u2606actuary97\n|t:|1737920425\n|gametype|doubles\n|player|p1|PhanthomEx4|burglar|1627\n|player|p2|actuary97|sabrina-frlg|1566\n|teamsize|p1|6\n|teamsize|p2|6\n|gen|9\n|tier|[Gen 9] VGC 2025 Reg G\n|rated|\n|rule|Species Clause: Limit one of each Pok\u00e9mon\n|rule|Item Clause: Limit 1 of each item\n|clearpoke\n|poke|p1|Koraidon, L50|\n|poke|p1|Flutter Mane, L50|\n|poke|p1|Chi-Yu, L50|\n|poke|p1|Raging Bolt, L50|\n|poke|p1|Arcanine-Hisui, L50, M|\n|poke|p1|Regidrago, L50|\n|poke|p2|Amoonguss, L50, F|\n|poke|p2|Whimsicott, L50, M|\n|poke|p2|Armarouge, L50, M|\n|poke|p2|Kyogre, L50|\n|poke|p2|Archaludon, L50, M|\n|poke|p2|Indeedee-F, L50, F|\n|teampreview|4\n|inactive|Battle timer is ON: inactive players will automatically lose when time's up. (requested by PhanthomEx4)\nactuary97 has agreed to open team sheets.\n|inactive|actuary97 has 60 seconds left.\nPhanthomEx4 rejected open team sheets.\n|\n|t:|1737920474\n|start\n|switch|p1a: Merenoleona|Flutter Mane, L50|100\/100\n|switch|p1b: Incineroar Alter|Arcanine-Hisui, L50, M|100\/100\n|switch|p2a: Whimsicott|Whimsicott, L50, M, shiny|100\/100\n|switch|p2b: Kyogre|Kyogre, L50, shiny|100\/100\n|-weather|RainDance|[from] ability: Drizzle|[of] p2b: Kyogre\n|-ability|p1b: Incineroar Alter|Intimidate|boost\n|-unboost|p2a: Whimsicott|atk|1\n|-unboost|p2b: Kyogre|atk|1\n|turn|1\n|inactive|PhanthomEx4 has 30 seconds left.\n|\n|t:|1737920505\n|switch|p2b: Archaludon|Archaludon, L50, M, shiny|100\/100\n|move|p1b: Incineroar Alter|Extreme Speed|p2b: Archaludon\n|-resisted|p2b: Archaludon\n|-damage|p2b: Archaludon|86\/100\n|-ability|p2b: Archaludon|Stamina|boost\n|-boost|p2b: Archaludon|def|1\n|move|p2a: Whimsicott|Beat Up|p2b: Archaludon\n|-damage|p2b: Archaludon|85\/100\n|-ability|p2b: Archaludon|Stamina|boost\n|-boost|p2b: Archaludon|def|1\n|-damage|p2b: Archaludon|84\/100\n|-ability|p2b: Archaludon|Stamina|boost\n|-boost|p2b: Archaludon|def|1\n|-damage|p2b: Archaludon|83\/100\n|-ability|p2b: Archaludon|Stamina|boost\n|-boost|p2b: Archaludon|def|1\n|-damage|p2b: Archaludon|83\/100\n|-ability|p2b: Archaludon|Stamina|boost\n|-boost|p2b: Archaludon|def|1\n|-hitcount|p2b: Archaludon|4\n|move|p1a: Merenoleona|Trick Room|p1a: Merenoleona\n|-fieldstart|move: Trick Room|[of] p1a: Merenoleona\n|\n|-weather|RainDance|[upkeep]\n|upkeep\n|turn|2\n|\n|t:|1737920526\n|-end|p1a: Merenoleona|Protosynthesis|[silent]\n|switch|p1a: Diluc|Koraidon, L50|100\/100\n|-weather|SunnyDay|[from] ability: Orichalcum Pulse|[of] p1a: Diluc\n|-activate|p1a: Diluc|Orichalcum Pulse|[source]\n|move|p1b: Incineroar Alter|Extreme Speed|p2a: Whimsicott\n|-damage|p2a: Whimsicott|42\/100\n|move|p2b: Archaludon|Body Press|p1b: Incineroar Alter\n|-supereffective|p1b: Incineroar Alter\n|-damage|p1b: Incineroar Alter|0 fnt\n|faint|p1b: Incineroar Alter\n|move|p2a: Whimsicott|Moonblast|p1a: Diluc\n|-supereffective|p1a: Diluc\n|-damage|p1a: Diluc|0 fnt\n|faint|p1a: Diluc\n|\n|-weather|SunnyDay|[upkeep]\n|upkeep\n|\n|t:|1737920536\n|switch|p1b: Chi uwu|Chi-Yu, L50|100\/100\n|switch|p1a: Merenoleona|Flutter Mane, L50|100\/100\n|-ability|p1b: Chi uwu|Beads of Ruin\n|-activate|p1a: Merenoleona|ability: Protosynthesis\n|-start|p1a: Merenoleona|protosynthesisspa\n|turn|3\n|\n|t:|1737920555\n|switch|p2a: Kyogre|Kyogre, L50, shiny|100\/100\n|-weather|RainDance|[from] ability: Drizzle|[of] p2a: Kyogre\n|-end|p1a: Merenoleona|Protosynthesis\n|-terastallize|p1b: Chi uwu|Ghost\n|move|p1b: Chi uwu|Nasty Plot|p1b: Chi uwu\n|-boost|p1b: Chi uwu|spa|2\n|move|p2b: Archaludon|Snarl|p1b: Chi uwu|[spread] p1a,p1b\n|-supereffective|p1b: Chi uwu\n|-damage|p1a: Merenoleona|83\/100\n|-damage|p1b: Chi uwu|75\/100\n|-unboost|p1a: Merenoleona|spa|1\n|move|p1a: Merenoleona|Dazzling Gleam|p2b: Archaludon|[spread] p2a,p2b\n|-damage|p2a: Kyogre|79\/100\n|-damage|p2b: Archaludon|61\/100\n|-ability|p2b: Archaludon|Stamina|boost\n|-boost|p2b: Archaludon|def|1\n|\n|-weather|RainDance|[upkeep]\n|upkeep\n|turn|4\n|\n|t:|1737920579\n|move|p1b: Chi uwu|Snarl|p2b: Archaludon|[spread] p2a,p2b\n|-damage|p2a: Kyogre|38\/100\n|-damage|p2b: Archaludon|14\/100\n|-unboost|p2b: Archaludon|spa|1\n|move|p2b: Archaludon|Electro Shot||[still]\n|-prepare|p2b: Archaludon|Electro Shot\n|-boost|p2b: Archaludon|spa|1\n|-anim|p2b: Archaludon|Electro Shot|p1b: Chi uwu\n|-damage|p1b: Chi uwu|33\/100\n|move|p2a: Kyogre|Origin Pulse|p1b: Chi uwu|[spread] p1b\n|-miss|p2a: Kyogre|p1a: Merenoleona\n|-damage|p1b: Chi uwu|0 fnt\n|faint|p1b: Chi uwu\n|move|p1a: Merenoleona|Shadow Ball|p2b: Archaludon\n|-damage|p2b: Archaludon|0 fnt\n|faint|p2b: Archaludon\n|\n|-weather|RainDance|[upkeep]\n|upkeep\n|\n|t:|1737920585\n|switch|p2b: Indeedee|Indeedee-F, L50, F, shiny|100\/100\n|-fieldstart|move: Psychic Terrain|[from] ability: Psychic Surge|[of] p2b: Indeedee\n|-enditem|p2b: Indeedee|Psychic Seed\n|-boost|p2b: Indeedee|spd|1|[from] item: Psychic Seed\n|turn|5\n|-message|PhanthomEx4 forfeited.\n|\n|win|actuary97\n|raw|PhanthomEx4's rating: 1627 &rarr; <strong>1604<\/strong><br \/>(-23 for losing)\n|raw|actuary97's rating: 1566 &rarr; <strong>1589<\/strong><br \/>(+23 for winning)\n|l|\u2606PhanthomEx4\n|player|p1|\n|l|\u2606actuary97\n|player|p2|\n","uploadtime":1737920766,"views":4,"formatid":"gen9vgc2025regg","rating":1589,"private":0,"password":null}