{"id":"gen9vgc2025regg-2288082200","format":"[Gen 9] VGC 2025 Reg G","players":["Emirnent","enbymcgee"],"log":"|j|\u2606Emirnent\n|j|\u2606enbymcgee\n|t:|1737830818\n|gametype|doubles\n|player|p1|Emirnent|265|1596\n|player|p2|enbymcgee|caitlin|1625\n|teamsize|p1|6\n|teamsize|p2|6\n|gen|9\n|tier|[Gen 9] VGC 2025 Reg G\n|rated|\n|rule|Species Clause: Limit one of each Pok\u00e9mon\n|rule|Item Clause: Limit 1 of each item\n|clearpoke\n|poke|p1|Terapagos, L50, M|\n|poke|p1|Urshifu-*, L50, F|\n|poke|p1|Ogerpon-Hearthflame, L50, F|\n|poke|p1|Flutter Mane, L50|\n|poke|p1|Amoonguss, L50, M|\n|poke|p1|Iron Hands, L50|\n|poke|p2|Calyrex-Ice, L50|\n|poke|p2|Raging Bolt, L50|\n|poke|p2|Ogerpon-Cornerstone, L50, F|\n|poke|p2|Landorus, L50, M|\n|poke|p2|Incineroar, L50, M|\n|poke|p2|Suicune, L50|\n|teampreview|4\n|inactive|Battle timer is ON: inactive players will automatically lose when time's up. (requested by Emirnent)\n|c|\u2606enbymcgee|glhf!\n|c|\u2606Emirnent|u2\n|inactive|enbymcgee has 60 seconds left.\n|\n|t:|1737830862\n|start\n|switch|p1a: Terapagos|Terapagos, L50, M|100\/100\n|switch|p1b: Flutter Mane|Flutter Mane, L50|100\/100\n|switch|p2a: Incineroar|Incineroar, L50, M|100\/100\n|switch|p2b: Calyrex|Calyrex-Ice, L50|100\/100\n|-activate|p1a: Terapagos|ability: Tera Shift\n|detailschange|p1a: Terapagos|Terapagos-Terastal, L50, M\n|-heal|p1a: Terapagos|100\/100|[silent]\n|-ability|p2b: Calyrex|As One\n|-ability|p2b: Calyrex|Unnerve\n|-ability|p2a: Incineroar|Intimidate|boost\n|-unboost|p1a: Terapagos|atk|1\n|-unboost|p1b: Flutter Mane|atk|1\n|-enditem|p1b: Flutter Mane|Booster Energy\n|-activate|p1b: Flutter Mane|ability: Protosynthesis|[fromitem]\n|-start|p1b: Flutter Mane|protosynthesisspe\n|turn|1\n|inactive|Emirnent has 30 seconds left.\n|inactive|Emirnent has 20 seconds left.\n|\n|t:|1737830898\n|move|p2a: Incineroar|Fake Out|p1a: Terapagos\n|-activate|p1a: Terapagos|ability: Tera Shell\n|-resisted|p1a: Terapagos\n|-damage|p1a: Terapagos|96\/100\n|move|p1b: Flutter Mane|Taunt|p2b: Calyrex\n|-start|p2b: Calyrex|move: Taunt\n|cant|p1a: Terapagos|flinch\n|move|p2b: Calyrex|Glacial Lance|p1a: Terapagos|[spread] p1a,p1b\n|-damage|p1a: Terapagos|46\/100\n|-damage|p1b: Flutter Mane|0 fnt\n|faint|p1b: Flutter Mane\n|-end|p1b: Flutter Mane|Protosynthesis|[silent]\n|-ability|p2b: Calyrex|Chilling Neigh|boost\n|-boost|p2b: Calyrex|atk|1\n|\n|upkeep\n|inactive|Emirnent has 30 seconds left.\n|\n|t:|1737830927\n|switch|p1b: Iron Hands|Iron Hands, L50|100\/100\n|turn|2\n|inactive|Emirnent has 30 seconds left.\n|inactive|Emirnent has 20 seconds left.\n|inactive|Emirnent has 15 seconds left.\n|\n|t:|1737830977\n|-terastallize|p1a: Terapagos|Stellar\n|detailschange|p1a: Terapagos|Terapagos-Stellar, L50, M, tera:Stellar\n|-heal|p1a: Terapagos|60\/100|[silent]\n|move|p1b: Iron Hands|Fake Out|p2b: Calyrex\n|-damage|p2b: Calyrex|90\/100\n|move|p1a: Terapagos|Meteor Beam||[still]\n|-prepare|p1a: Terapagos|Meteor Beam\n|-boost|p1a: Terapagos|spa|1\n|-enditem|p1a: Terapagos|Power Herb\n|-anim|p1a: Terapagos|Meteor Beam|p2b: Calyrex\n|-supereffective|p2b: Calyrex\n|-damage|p2b: Calyrex|0 fnt\n|faint|p2b: Calyrex\n|move|p2a: Incineroar|Parting Shot|p1b: Iron Hands\n|-unboost|p1b: Iron Hands|atk|1\n|-unboost|p1b: Iron Hands|spa|1\n|\n|t:|1737830991\n|switch|p2a: Raging Bolt|Raging Bolt, L50|100\/100|[from] Parting Shot\n|-enditem|p2a: Raging Bolt|Booster Energy\n|-activate|p2a: Raging Bolt|ability: Protosynthesis|[fromitem]\n|-start|p2a: Raging Bolt|protosynthesisspa\n|\n|upkeep\n|inactive|enbymcgee has 30 seconds left.\n|\n|t:|1737831019\n|switch|p2b: Ogerpon|Ogerpon-Cornerstone, L50, F|100\/100\n|turn|3\n|\n|t:|1737831039\n|-end|p1b: Iron Hands|Quark Drive|[silent]\n|switch|p1b: Amoonguss|Amoonguss, L50, M|100\/100\n|move|p1a: Terapagos|Protect|p1a: Terapagos\n|-singleturn|p1a: Terapagos|Protect\n|move|p2a: Raging Bolt|Thunderclap||[still]\n|-fail|p2a: Raging Bolt\n|move|p2b: Ogerpon|Ivy Cudgel|p1a: Terapagos|[anim] Ivy Cudgel Rock\n|-activate|p1a: Terapagos|move: Protect\n|\n|upkeep\n|turn|4\n|\n|t:|1737831057\n|move|p1b: Amoonguss|Rage Powder|p1b: Amoonguss\n|-singleturn|p1b: Amoonguss|move: Rage Powder\n|move|p2b: Ogerpon|Ivy Cudgel|p1b: Amoonguss|[anim] Ivy Cudgel Rock\n|-damage|p1b: Amoonguss|52\/100\n|move|p1a: Terapagos|Tera Starstorm|p2a: Raging Bolt|[spread] p2a,p2b\n|-damage|p2a: Raging Bolt|50\/100\n|-damage|p2b: Ogerpon|33\/100\n|move|p2a: Raging Bolt|Dragon Pulse|p1b: Amoonguss\n|-damage|p1b: Amoonguss|1\/100\n|\n|upkeep\n|turn|5\n|j| wisteria812\n|inactive|enbymcgee has 30 seconds left.\n|inactive|enbymcgee has 20 seconds left.\n|inactive|enbymcgee has 15 seconds left.\n|inactive|enbymcgee has 10 seconds left.\n|\n|t:|1737831105\n|move|p2a: Raging Bolt|Protect|p2a: Raging Bolt\n|-singleturn|p2a: Raging Bolt|Protect\n|move|p1b: Amoonguss|Rage Powder|p1b: Amoonguss\n|-singleturn|p1b: Amoonguss|move: Rage Powder\n|move|p2b: Ogerpon|Ivy Cudgel|p1b: Amoonguss|[anim] Ivy Cudgel Rock\n|-damage|p1b: Amoonguss|0 fnt\n|faint|p1b: Amoonguss\n|move|p1a: Terapagos|Tera Starstorm|p2a: Raging Bolt|[spread] p2b\n|-activate|p2a: Raging Bolt|move: Protect\n|-damage|p2b: Ogerpon|0 fnt\n|faint|p2b: Ogerpon\n|\n|upkeep\n|\n|t:|1737831113\n|switch|p2b: Incineroar|Incineroar, L50, M|100\/100\n|switch|p1b: Iron Hands|Iron Hands, L50|100\/100\n|-ability|p2b: Incineroar|Intimidate|boost\n|-unboost|p1a: Terapagos|atk|1\n|-unboost|p1b: Iron Hands|atk|1\n|turn|6\n|\n|t:|1737831123\n|move|p1a: Terapagos|Protect|p1a: Terapagos\n|-singleturn|p1a: Terapagos|Protect\n|move|p2b: Incineroar|Fake Out|p1b: Iron Hands\n|-damage|p1b: Iron Hands|92\/100\n|cant|p1b: Iron Hands|flinch\n|move|p2a: Raging Bolt|Dragon Pulse|p1b: Iron Hands\n|-damage|p1b: Iron Hands|59\/100\n|\n|upkeep\n|turn|7\n|inactive|enbymcgee has 30 seconds left.\n|\n|t:|1737831153\n|move|p2a: Raging Bolt|Protect|p2a: Raging Bolt\n|-singleturn|p2a: Raging Bolt|Protect\n|move|p1a: Terapagos|Tera Starstorm|p2a: Raging Bolt|[spread] p2b\n|-activate|p2a: Raging Bolt|move: Protect\n|-damage|p2b: Incineroar|53\/100\n|move|p2b: Incineroar|Flare Blitz|p1a: Terapagos\n|-damage|p1a: Terapagos|27\/100\n|-damage|p2b: Incineroar|39\/100|[from] Recoil\n|move|p1b: Iron Hands|Drain Punch|p2b: Incineroar\n|-supereffective|p2b: Incineroar\n|-damage|p2b: Incineroar|0 fnt\n|-heal|p1b: Iron Hands|76\/100|[from] drain|[of] p2b: Incineroar\n|faint|p2b: Incineroar\n|\n|upkeep\n|turn|8\n|\n|t:|1737831181\n|-terastallize|p2a: Raging Bolt|Fairy\n|move|p1a: Terapagos|Protect|p1a: Terapagos\n|-singleturn|p1a: Terapagos|Protect\n|move|p2a: Raging Bolt|Thunderclap||[still]\n|-fail|p2a: Raging Bolt\n|move|p1b: Iron Hands|Drain Punch|p2a: Raging Bolt\n|-resisted|p2a: Raging Bolt\n|-damage|p2a: Raging Bolt|38\/100\n|-heal|p1b: Iron Hands|82\/100|[from] drain|[of] p2a: Raging Bolt\n|\n|upkeep\n|turn|9\n|\n|t:|1737831189\n|move|p1a: Terapagos|Protect|p1a: Terapagos\n|-singleturn|p1a: Terapagos|Protect\n|move|p2a: Raging Bolt|Thunderclap||[still]\n|-fail|p2a: Raging Bolt\n|move|p1b: Iron Hands|Wild Charge|p2a: Raging Bolt\n|-damage|p2a: Raging Bolt|9\/100\n|-damage|p1b: Iron Hands|75\/100|[from] Recoil\n|\n|upkeep\n|turn|10\n|c|\u2606enbymcgee|gg\n|-message|enbymcgee forfeited.\n|\n|win|Emirnent\n|raw|Emirnent's rating: 1596 &rarr; <strong>1618<\/strong><br \/>(+22 for winning)\n|raw|enbymcgee's rating: 1625 &rarr; <strong>1603<\/strong><br \/>(-22 for losing)\n|c|\u2606Emirnent|gg\n|l|\u2606enbymcgee\n|player|p2|\n|l|\u2606Emirnent\n|player|p1|\n|l| wisteria812\n","uploadtime":1737831375,"views":12,"formatid":"gen9vgc2025regg","rating":1603,"private":0,"password":null}