{"id":"gen9vgc2025regg-2288774857","format":"[Gen 9] VGC 2025 Reg G","players":["kiwigal","everlol"],"log":"|j|\u2606kiwigal\n|j|\u2606everlol\n|t:|1737929647\n|gametype|doubles\n|player|p1|kiwigal|emma|1567\n|player|p2|everlol|101|1581\n|teamsize|p1|6\n|teamsize|p2|6\n|gen|9\n|tier|[Gen 9] VGC 2025 Reg G\n|rated|\n|rule|Species Clause: Limit one of each Pok\u00e9mon\n|rule|Item Clause: Limit 1 of each item\n|clearpoke\n|poke|p1|Calyrex-Ice, L50|\n|poke|p1|Amoonguss, L50, M|\n|poke|p1|Landorus, L50, M|\n|poke|p1|Urshifu-*, L50, F|\n|poke|p1|Roaring Moon, L50|\n|poke|p1|Ogerpon-Hearthflame, L50, F|\n|poke|p2|Flutter Mane, L50|\n|poke|p2|Koraidon, L50|\n|poke|p2|Whimsicott, L50, F|\n|poke|p2|Chi-Yu, L50|\n|poke|p2|Indeedee-F, L50, F|\n|poke|p2|Iron Crown, L50|\n|teampreview|4\n|inactive|Battle timer is ON: inactive players will automatically lose when time's up. (requested by everlol)\n|j| A3w6\n|\n|t:|1737929706\n|start\n|switch|p1a: damn..|Calyrex-Ice, L50|100\/100\n|switch|p1b: OOGA|Ogerpon-Hearthflame, L50, F|100\/100\n|switch|p2a: Koraidon|Koraidon, L50|100\/100\n|switch|p2b: Indeedee|Indeedee-F, L50, F|100\/100\n|-ability|p1a: damn..|As One\n|-ability|p1a: damn..|Unnerve\n|-weather|SunnyDay|[from] ability: Orichalcum Pulse|[of] p2a: Koraidon\n|-activate|p2a: Koraidon|Orichalcum Pulse|[source]\n|-ability|p1b: OOGA|Mold Breaker\n|-fieldstart|move: Psychic Terrain|[from] ability: Psychic Surge|[of] p2b: Indeedee\n|turn|1\n|j| Domtar\n|\n|t:|1737929726\n|-terastallize|p2a: Koraidon|Fire\n|move|p1b: OOGA|Spiky Shield|p1b: OOGA\n|-singleturn|p1b: OOGA|move: Protect\n|move|p1a: damn..|Protect|p1a: damn..\n|-singleturn|p1a: damn..|Protect\n|move|p2a: Koraidon|Flare Blitz|p1b: OOGA\n|-activate|p1b: OOGA|move: Protect\n|-damage|p2a: Koraidon|88\/100|[from] Spiky Shield|[of] p1b: OOGA\n|move|p2b: Indeedee|Imprison|p2b: Indeedee\n|-start|p2b: Indeedee|move: Imprison\n|\n|-weather|SunnyDay|[upkeep]\n|upkeep\n|turn|2\n|l| A3w6\n|inactive|kiwigal has 30 seconds left.\n|inactive|kiwigal has 20 seconds left.\n|inactive|kiwigal has 15 seconds left.\n|\n|t:|1737929770\n|-terastallize|p1a: damn..|Poison\n|move|p2b: Indeedee|Follow Me|p2b: Indeedee\n|-singleturn|p2b: Indeedee|move: Follow Me\n|move|p2a: Koraidon|Flare Blitz|p1a: damn..\n|-damage|p1a: damn..|20\/100\n|-damage|p2a: Koraidon|58\/100|[from] Recoil\n|move|p1b: OOGA|Ivy Cudgel|p2b: Indeedee|[anim] Ivy Cudgel Fire\n|-damage|p2b: Indeedee|0 fnt\n|faint|p2b: Indeedee\n|move|p1a: damn..|High Horsepower|p2a: Koraidon\n|-supereffective|p2a: Koraidon\n|-damage|p2a: Koraidon|0 fnt\n|faint|p2a: Koraidon\n|-ability|p1a: damn..|Chilling Neigh|boost\n|-boost|p1a: damn..|atk|1\n|\n|-weather|SunnyDay|[upkeep]\n|upkeep\n|\n|t:|1737929778\n|switch|p2a: Whimsicott|Whimsicott, L50, F, shiny|100\/100\n|switch|p2b: Iron Crown|Iron Crown, L50|100\/100\n|-enditem|p2b: Iron Crown|Booster Energy\n|-activate|p2b: Iron Crown|ability: Quark Drive|[fromitem]\n|-start|p2b: Iron Crown|quarkdrivespa\n|turn|3\n|inactive|everlol has 30 seconds left.\n|\n|t:|1737929804\n|move|p2a: Whimsicott|Tailwind|p2a: Whimsicott\n|-sidestart|p2: everlol|move: Tailwind\n|move|p2b: Iron Crown|Expanding Force|p1b: OOGA|[spread] p1a,p1b\n|-supereffective|p1a: damn..\n|-damage|p1a: damn..|0 fnt\n|-damage|p1b: OOGA|0 fnt\n|faint|p1a: damn..\n|faint|p1b: OOGA\n|\n|-weather|SunnyDay|[upkeep]\n|upkeep\n|\n|t:|1737929818\n|switch|p1b: Intimidatless|Landorus, L50, M|100\/100\n|switch|p1a: SOOS|Amoonguss, L50, M|100\/100\n|turn|4\n|\n|t:|1737929827\n|move|p1a: SOOS|Protect|p1a: SOOS\n|-singleturn|p1a: SOOS|Protect\n|move|p2a: Whimsicott|Moonblast|p1b: Intimidatless\n|-damage|p1b: Intimidatless|53\/100\n|move|p2b: Iron Crown|Expanding Force|p1b: Intimidatless|[spread] p1b\n|-activate|p1a: SOOS|move: Protect\n|-damage|p1b: Intimidatless|0 fnt\n|faint|p1b: Intimidatless\n|\n|-weather|SunnyDay|[upkeep]\n|upkeep\n|turn|5\n|-message|kiwigal forfeited.\n|\n|win|everlol\n|raw|kiwigal's rating: 1567 &rarr; <strong>1548<\/strong><br \/>(-19 for losing)\n|raw|everlol's rating: 1581 &rarr; <strong>1600<\/strong><br \/>(+19 for winning)\n|l|\u2606kiwigal\n|player|p1|\n|l|\u2606everlol\n|player|p2|\n|l| Domtar\n","uploadtime":1737930057,"views":5,"formatid":"gen9vgc2025regg","rating":1548,"private":0,"password":null}