{"id":"gen9vgc2025regg-2288153642","format":"[Gen 9] VGC 2025 Reg G","players":["Dot1Q","Prometheus756"],"log":"|j|\u2606Dot1Q\n|j|\u2606Prometheus756\n|t:|1737839589\n|gametype|doubles\n|player|p1|Dot1Q|veteran|1603\n|player|p2|Prometheus756|gentleman-gen4dp|1628\n|teamsize|p1|6\n|teamsize|p2|6\n|gen|9\n|tier|[Gen 9] VGC 2025 Reg G\n|rated|\n|rule|Species Clause: Limit one of each Pok\u00e9mon\n|rule|Item Clause: Limit 1 of each item\n|clearpoke\n|poke|p1|Calyrex-Ice, L50|\n|poke|p1|Ursaluna-Bloodmoon, L50, M|\n|poke|p1|Smeargle, L50, M|\n|poke|p1|Farigiraf, L50, F|\n|poke|p1|Annihilape, L50, M|\n|poke|p1|Electabuzz, L50, M|\n|poke|p2|Rayquaza, L50|\n|poke|p2|Rillaboom, L50, F|\n|poke|p2|Chien-Pao, L50|\n|poke|p2|Smeargle, L50, M|\n|poke|p2|Moltres-Galar, L50|\n|poke|p2|Regieleki, L50|\n|teampreview|4\n|inactive|Battle timer is ON: inactive players will automatically lose when time's up. (requested by Dot1Q)\n|inactive|Prometheus756 has 60 seconds left.\n|\n|t:|1737839685\n|start\n|switch|p1a: Calyrex|Calyrex-Ice, L50|100\/100\n|switch|p1b: Smeargle|Smeargle, L50, M|100\/100\n|switch|p2a: Rayquaza|Rayquaza, L50|100\/100\n|switch|p2b: Chien-Pao|Chien-Pao, L50|100\/100\n|-ability|p1a: Calyrex|As One\n|-ability|p1a: Calyrex|Unnerve\n|-ability|p2b: Chien-Pao|Sword of Ruin\n|-ability|p2a: Rayquaza|Air Lock\n|turn|1\n|inactive|Dot1Q has 30 seconds left.\n|inactive|Prometheus756 has 30 seconds left.\n|inactive|Dot1Q has 20 seconds left.\n|inactive|Prometheus756 has 20 seconds left.\n|inactive|Prometheus756 has 15 seconds left.\n|inactive|Prometheus756 has 10 seconds left.\n|\n|t:|1737839732\n|-terastallize|p2b: Chien-Pao|Ghost\n|move|p2a: Rayquaza|Extreme Speed|p1b: Smeargle\n|-damage|p1b: Smeargle|34\/100\n|move|p1b: Smeargle|Follow Me|p1b: Smeargle\n|-singleturn|p1b: Smeargle|move: Follow Me\n|move|p2b: Chien-Pao|Sacred Sword|p1b: Smeargle\n|-supereffective|p1b: Smeargle\n|-damage|p1b: Smeargle|0 fnt\n|faint|p1b: Smeargle\n|move|p1a: Calyrex|Trick Room|p1a: Calyrex\n|-fieldstart|move: Trick Room|[of] p1a: Calyrex\n|\n|upkeep\n|\n|t:|1737839742\n|switch|p1b: Ursaluna|Ursaluna-Bloodmoon, L50, M|100\/100\n|turn|2\n|\n|t:|1737839754\n|switch|p1b: Farigiraf|Farigiraf, L50, F|100\/100\n|-terastallize|p1a: Calyrex|Fire\n|move|p2a: Rayquaza|Protect|p2a: Rayquaza\n|-singleturn|p2a: Rayquaza|Protect\n|move|p2b: Chien-Pao|Sucker Punch||[still]\n|cant|p1b: Farigiraf|ability: Armor Tail|Sucker Punch|[of] p2b: Chien-Pao\n|move|p1a: Calyrex|Glacial Lance|p2a: Rayquaza|[spread] p2b\n|-activate|p2a: Rayquaza|move: Protect\n|-damage|p2b: Chien-Pao|15\/100\n|\n|upkeep\n|turn|3\n|inactive|Prometheus756 has 30 seconds left.\n|inactive|Prometheus756 has 20 seconds left.\n|inactive|Prometheus756 has 15 seconds left.\n|\n|t:|1737839796\n|switch|p2a: Smeargle|Smeargle, L50, M|100\/100\n|move|p1b: Farigiraf|Psychic Noise|p2a: Smeargle\n|-damage|p2a: Smeargle|44\/100\n|-start|p2a: Smeargle|move: Heal Block\n|move|p1a: Calyrex|Glacial Lance|p2b: Chien-Pao|[spread] p2a,p2b\n|-crit|p2a: Smeargle\n|-damage|p2a: Smeargle|0 fnt\n|-damage|p2b: Chien-Pao|0 fnt\n|faint|p2a: Smeargle\n|faint|p2b: Chien-Pao\n|-ability|p1a: Calyrex|Chilling Neigh|boost\n|-boost|p1a: Calyrex|atk|2\n|\n|upkeep\n|\n|t:|1737839798\n|switch|p2a: Rillaboom|Rillaboom, L50, F|100\/100\n|switch|p2b: Rayquaza|Rayquaza, L50|100\/100\n|-fieldstart|move: Grassy Terrain|[from] ability: Grassy Surge|[of] p2a: Rillaboom\n|-ability|p2b: Rayquaza|Air Lock\n|turn|4\n|\n|t:|1737839820\n|move|p2b: Rayquaza|Protect|p2b: Rayquaza\n|-singleturn|p2b: Rayquaza|Protect\n|move|p1b: Farigiraf|Psychic Noise|p2b: Rayquaza\n|-activate|p2b: Rayquaza|move: Protect\n|move|p1a: Calyrex|Glacial Lance|p2b: Rayquaza|[spread] p2a\n|-activate|p2b: Rayquaza|move: Protect\n|-supereffective|p2a: Rillaboom\n|-damage|p2a: Rillaboom|0 fnt\n|faint|p2a: Rillaboom\n|-ability|p1a: Calyrex|Chilling Neigh|boost\n|-boost|p1a: Calyrex|atk|1\n|\n|upkeep\n|turn|5\n|\n|t:|1737839828\n|move|p2b: Rayquaza|Protect|p2b: Rayquaza\n|-singleturn|p2b: Rayquaza|Protect\n|move|p1b: Farigiraf|Psychic Noise|p2b: Rayquaza\n|-activate|p2b: Rayquaza|move: Protect\n|move|p1a: Calyrex|Glacial Lance|p2b: Rayquaza\n|-activate|p2b: Rayquaza|move: Protect\n|\n|-fieldend|move: Trick Room\n|upkeep\n|turn|6\n|\n|t:|1737839834\n|move|p2b: Rayquaza|Dragon Ascent|p1a: Calyrex\n|-damage|p1a: Calyrex|56\/100\n|-unboost|p2b: Rayquaza|def|1\n|-unboost|p2b: Rayquaza|spd|1\n|move|p1a: Calyrex|Glacial Lance|p2b: Rayquaza\n|-supereffective|p2b: Rayquaza\n|-damage|p2b: Rayquaza|0 fnt\n|faint|p2b: Rayquaza\n|\n|win|Dot1Q\n|raw|Dot1Q's rating: 1603 &rarr; <strong>1624<\/strong><br \/>(+21 for winning)\n|raw|Prometheus756's rating: 1628 &rarr; <strong>1607<\/strong><br \/>(-21 for losing)\n|l|\u2606Prometheus756\n|player|p2|\n|l|\u2606Dot1Q\n|player|p1|\n","uploadtime":1737840048,"views":11,"formatid":"gen9vgc2025regg","rating":1607,"private":0,"password":null}