{"id":"gen9vgc2025regg-2288943676","format":"[Gen 9] VGC 2025 Reg G","players":["GreaterBalrogCat","sibylla_system"],"log":"|j|\u2606GreaterBalrogCat\n|j|\u2606sibylla_system\n|t:|1737951517\n|gametype|doubles\n|player|p1|GreaterBalrogCat|sabrina|1537\n|player|p2|sibylla_system|169|1569\n|teamsize|p1|6\n|teamsize|p2|6\n|gen|9\n|tier|[Gen 9] VGC 2025 Reg G\n|rated|\n|rule|Species Clause: Limit one of each Pok\u00e9mon\n|rule|Item Clause: Limit 1 of each item\n|clearpoke\n|poke|p1|Calyrex-Shadow, L50|\n|poke|p1|Smeargle, L50, F|\n|poke|p1|Urshifu-*, L50, M|\n|poke|p1|Tornadus, L50, M|\n|poke|p1|Ursaluna-Bloodmoon, L50, M|\n|poke|p1|Ogerpon-Hearthflame, L50, F|\n|poke|p2|Maushold-Four, L50|\n|poke|p2|Calyrex-Shadow, L50|\n|poke|p2|Whimsicott, L50, M|\n|poke|p2|Urshifu-*, L50, M|\n|poke|p2|Iron Valiant, L50|\n|poke|p2|Ogerpon-Hearthflame, L50, F|\n|teampreview|4\n|\n|t:|1737951544\n|start\n|switch|p1a: Tornadus|Tornadus, L50, M|100\/100\n|switch|p1b: Ogerpon|Ogerpon-Hearthflame, L50, F|100\/100\n|switch|p2a: Urshifu|Urshifu, L50, M|100\/100\n|switch|p2b: Iron Valiant|Iron Valiant, L50|100\/100\n|-ability|p1b: Ogerpon|Mold Breaker\n|-enditem|p2b: Iron Valiant|Booster Energy\n|-activate|p2b: Iron Valiant|ability: Quark Drive|[fromitem]\n|-start|p2b: Iron Valiant|quarkdrivespe\n|turn|1\n|\n|t:|1737951584\n|move|p2b: Iron Valiant|Wide Guard|p2b: Iron Valiant\n|-singleturn|p2b: Iron Valiant|Wide Guard\n|move|p1a: Tornadus|Tailwind|p1a: Tornadus\n|-sidestart|p1: GreaterBalrogCat|move: Tailwind\n|move|p1b: Ogerpon|Ivy Cudgel|p2a: Urshifu|[anim] Ivy Cudgel Fire\n|-damage|p2a: Urshifu|41\/100\n|move|p2a: Urshifu|Wicked Blow|p1b: Ogerpon\n|-crit|p1b: Ogerpon\n|-damage|p1b: Ogerpon|9\/100\n|\n|upkeep\n|turn|2\n|\n|t:|1737951635\n|move|p1b: Ogerpon|Ivy Cudgel|p2a: Urshifu|[anim] Ivy Cudgel Fire\n|-damage|p2a: Urshifu|0 fnt\n|faint|p2a: Urshifu\n|move|p1a: Tornadus|Bleakwind Storm|p2b: Iron Valiant\n|-supereffective|p2b: Iron Valiant\n|-damage|p2b: Iron Valiant|0 fnt\n|faint|p2b: Iron Valiant\n|-end|p2b: Iron Valiant|Quark Drive|[silent]\n|\n|upkeep\n|\n|t:|1737951643\n|switch|p2b: Calyrex|Calyrex-Shadow, L50|100\/100\n|switch|p2a: Whimsicott|Whimsicott, L50, M|100\/100\n|-ability|p2b: Calyrex|As One\n|-ability|p2b: Calyrex|Unnerve\n|turn|3\n|\n|t:|1737951661\n|-terastallize|p2b: Calyrex|Ghost\n|move|p1b: Ogerpon|Spiky Shield|p1b: Ogerpon\n|-singleturn|p1b: Ogerpon|move: Protect\n|move|p2a: Whimsicott|Tailwind|p2a: Whimsicott\n|-sidestart|p2: sibylla_system|move: Tailwind\n|move|p2b: Calyrex|Astral Barrage|p1a: Tornadus|[spread] p1a\n|-activate|p1b: Ogerpon|move: Protect\n|-damage|p1a: Tornadus|0 fnt\n|faint|p1a: Tornadus\n|-ability|p2b: Calyrex|Grim Neigh|boost\n|-boost|p2b: Calyrex|spa|1\n|\n|upkeep\n|\n|t:|1737951673\n|switch|p1a: Ursaluna|Ursaluna-Bloodmoon, L50, M|100\/100\n|turn|4\n|\n|t:|1737951690\n|move|p1b: Ogerpon|Follow Me|p1b: Ogerpon\n|-singleturn|p1b: Ogerpon|move: Follow Me\n|move|p2b: Calyrex|Astral Barrage|p1a: Ursaluna|[spread] p1b\n|-immune|p1a: Ursaluna\n|-damage|p1b: Ogerpon|0 fnt\n|faint|p1b: Ogerpon\n|-ability|p2b: Calyrex|Grim Neigh|boost\n|-boost|p2b: Calyrex|spa|1\n|move|p2a: Whimsicott|Moonblast|p1a: Ursaluna\n|-damage|p1a: Ursaluna|68\/100\n|move|p1a: Ursaluna|Hyper Voice|p2a: Whimsicott|[spread] p2a,p2b\n|-damage|p2a: Whimsicott|49\/100\n|-damage|p2b: Calyrex|48\/100\n|-damage|p1a: Ursaluna|58\/100|[from] item: Life Orb\n|\n|-sideend|p1: GreaterBalrogCat|move: Tailwind\n|upkeep\n|\n|t:|1737951705\n|switch|p1b: Calyrex|Calyrex-Shadow, L50|100\/100\n|-ability|p1b: Calyrex|As One\n|-ability|p1b: Calyrex|Unnerve\n|turn|5\n|\n|t:|1737951713\n|-terastallize|p1b: Calyrex|Normal\n|move|p2b: Calyrex|Astral Barrage|p1b: Calyrex|[spread] \n|-immune|p1a: Ursaluna\n|-immune|p1b: Calyrex\n|move|p2a: Whimsicott|Moonblast|p1a: Ursaluna\n|-damage|p1a: Ursaluna|29\/100\n|move|p1b: Calyrex|Astral Barrage|p2a: Whimsicott|[spread] p2a,p2b\n|-supereffective|p2b: Calyrex\n|-damage|p2a: Whimsicott|0 fnt\n|-damage|p2b: Calyrex|0 fnt\n|faint|p2a: Whimsicott\n|faint|p2b: Calyrex\n|\n|win|GreaterBalrogCat\n|raw|GreaterBalrogCat's rating: 1537 &rarr; <strong>1559<\/strong><br \/>(+22 for winning)\n|raw|sibylla_system's rating: 1569 &rarr; <strong>1547<\/strong><br \/>(-22 for losing)\n|l|\u2606sibylla_system\n|player|p2|\n","uploadtime":1737951731,"views":5,"formatid":"gen9vgc2025regg","rating":1547,"private":0,"password":null}