{"id":"gen9vgc2025regg-2288107957","format":"[Gen 9] VGC 2025 Reg G","players":["Angelo Neres","bluestraggler01"],"log":"|j|\u2606Angelo Neres\n|j|\u2606bluestraggler01\n|t:|1737834025\n|gametype|doubles\n|player|p1|Angelo Neres|102|1592\n|player|p2|bluestraggler01|102|1651\n|teamsize|p1|6\n|teamsize|p2|6\n|gen|9\n|tier|[Gen 9] VGC 2025 Reg G\n|rated|\n|rule|Species Clause: Limit one of each Pok\u00e9mon\n|rule|Item Clause: Limit 1 of each item\n|clearpoke\n|poke|p1|Groudon, L50|\n|poke|p1|Moltres-Galar, L50|\n|poke|p1|Scream Tail, L50|\n|poke|p1|Grimmsnarl, L50, M|\n|poke|p1|Cobalion, L50|\n|poke|p1|Amoonguss, L50, M|\n|poke|p2|Koraidon, L50|\n|poke|p2|Lilligant-Hisui, L50, F|\n|poke|p2|Walking Wake, L50|\n|poke|p2|Raging Bolt, L50|\n|poke|p2|Kingambit, L50, M|\n|poke|p2|Volcarona, L50, F|\n|teampreview|4\n|inactive|Battle timer is ON: inactive players will automatically lose when time's up. (requested by Angelo Neres)\nbluestraggler01 rejected open team sheets.\n|\n|t:|1737834055\n|start\n|switch|p1a: Grimmsnarl|Grimmsnarl, L50, M, shiny|100\/100\n|switch|p1b: Scream Tail|Scream Tail, L50, shiny|100\/100\n|switch|p2a: Lilligant|Lilligant-Hisui, L50, F|100\/100\n|switch|p2b: Koraidon|Koraidon, L50|100\/100\n|-weather|SunnyDay|[from] ability: Orichalcum Pulse|[of] p2b: Koraidon\n|-activate|p1b: Scream Tail|ability: Protosynthesis\n|-start|p1b: Scream Tail|protosynthesisspe\n|-activate|p2b: Koraidon|Orichalcum Pulse|[source]\n|turn|1\n|\n|t:|1737834072\n|-terastallize|p2b: Koraidon|Fire\n|move|p1a: Grimmsnarl|Reflect|p1a: Grimmsnarl\n|-sidestart|p1: Angelo Neres|Reflect\n|move|p2a: Lilligant|Encore|p1a: Grimmsnarl\n|-start|p1a: Grimmsnarl|Encore\n|move|p1b: Scream Tail|Thunder Wave|p2a: Lilligant\n|-status|p2a: Lilligant|par\n|move|p2b: Koraidon|Flame Charge|p1b: Scream Tail\n|-damage|p1b: Scream Tail|63\/100\n|-boost|p2b: Koraidon|spe|1\n|\n|-weather|SunnyDay|[upkeep]\n|upkeep\n|turn|2\n|inactive|Angelo Neres has 30 seconds left.\n|inactive|bluestraggler01 has 30 seconds left.\n|\n|t:|1737834105\n|switch|p1a: Groudon|Groudon, L50, shiny|100\/100\n|move|p1b: Scream Tail|Encore|p2b: Koraidon\n|-start|p2b: Koraidon|Encore\n|move|p2b: Koraidon|Flame Charge|p1b: Scream Tail\n|-damage|p1b: Scream Tail|29\/100\n|-boost|p2b: Koraidon|spe|1\n|cant|p2a: Lilligant|par\n|\n|-weather|SunnyDay|[upkeep]\n|upkeep\n|turn|3\n|\n|t:|1737834123\n|move|p2b: Koraidon|Flame Charge|p1b: Scream Tail\n|-damage|p1b: Scream Tail|0 fnt\n|-boost|p2b: Koraidon|spe|1\n|faint|p1b: Scream Tail\n|-end|p1b: Scream Tail|Protosynthesis|[silent]\n|cant|p2a: Lilligant|par\n|move|p1a: Groudon|Heat Crash|p2a: Lilligant\n|-supereffective|p2a: Lilligant\n|-enditem|p2a: Lilligant|Focus Sash\n|-damage|p2a: Lilligant|1\/100 par\n|\n|-weather|SunnyDay|[upkeep]\n|upkeep\n|\n|t:|1737834131\n|switch|p1b: Moltres|Moltres-Galar, L50, shiny|100\/100\n|turn|4\n|\n|t:|1737834145\n|move|p2b: Koraidon|Flame Charge|p1a: Groudon\n|-damage|p1a: Groudon|71\/100\n|-boost|p2b: Koraidon|spe|1\n|move|p2a: Lilligant|Sleep Powder|p1b: Moltres\n|-status|p1b: Moltres|slp|[from] move: Sleep Powder\n|cant|p1b: Moltres|slp\n|move|p1a: Groudon|Precipice Blades|p2b: Koraidon|[spread] p2b\n|-miss|p1a: Groudon|p2a: Lilligant\n|-supereffective|p2b: Koraidon\n|-damage|p2b: Koraidon|15\/100\n|\n|-weather|SunnyDay|[upkeep]\n|-end|p2b: Koraidon|Encore\n|upkeep\n|turn|5\n|inactive|bluestraggler01 has 30 seconds left.\n|\n|t:|1737834174\n|move|p2b: Koraidon|Flare Blitz|p1b: Moltres\n|-damage|p1b: Moltres|14\/100 slp\n|-damage|p2b: Koraidon|0 fnt|[from] Recoil\n|-ability|p1b: Moltres|Berserk|boost\n|-boost|p1b: Moltres|spa|1\n|faint|p2b: Koraidon\n|-enditem|p1b: Moltres|Sitrus Berry|[eat]\n|-heal|p1b: Moltres|39\/100 slp|[from] item: Sitrus Berry\n|cant|p2a: Lilligant|par\n|move|p1a: Groudon|Precipice Blades|p2a: Lilligant\n|-resisted|p2a: Lilligant\n|-damage|p2a: Lilligant|0 fnt\n|faint|p2a: Lilligant\n|cant|p1b: Moltres|slp\n|\n|-weather|none\n|-sideend|p1: Angelo Neres|Reflect\n|upkeep\n|\n|t:|1737834186\n|switch|p2a: Raging Bolt|Raging Bolt, L50|100\/100\n|switch|p2b: Walking Wake|Walking Wake, L50|100\/100\n|turn|6\n|c|\u2606Angelo Neres|Its impressive it can live that\n|\n|t:|1737834203\n|-terastallize|p1b: Moltres|Grass\n|move|p2b: Walking Wake|Hydro Steam|p1b: Moltres\n|-resisted|p1b: Moltres\n|-damage|p1b: Moltres|24\/100 slp\n|move|p2a: Raging Bolt|Draco Meteor|p1a: Groudon\n|-damage|p1a: Groudon|11\/100\n|-unboost|p2a: Raging Bolt|spa|2\n|-damage|p2a: Raging Bolt|91\/100|[from] item: Life Orb\n|move|p1a: Groudon|Precipice Blades|p2b: Walking Wake|[spread] p2b\n|-miss|p1a: Groudon|p2a: Raging Bolt\n|-damage|p2b: Walking Wake|44\/100\n|-curestatus|p1b: Moltres|slp|[msg]\n|move|p1b: Moltres|Tailwind|p1b: Moltres\n|-sidestart|p1: Angelo Neres|move: Tailwind\n|\n|upkeep\n|turn|7\n|-message|bluestraggler01 forfeited.\n|\n|win|Angelo Neres\n|raw|Angelo Neres's rating: 1592 &rarr; <strong>1615<\/strong><br \/>(+23 for winning)\n|raw|bluestraggler01's rating: 1651 &rarr; <strong>1628<\/strong><br \/>(-23 for losing)\n|l|\u2606bluestraggler01\n|player|p2|\n|l|\u2606Angelo Neres\n|player|p1|\n","uploadtime":1737834446,"views":7,"formatid":"gen9vgc2025regg","rating":1615,"private":0,"password":null}