{"id":"gen9vgc2025regg-2288801477","format":"[Gen 9] VGC 2025 Reg G","players":["master 792","mejian poke poke"],"log":"|j|\u2606master 792\n|j|\u2606mejian poke poke\n|t:|1737932910\n|gametype|doubles\n|player|p1|master 792|lucas|1552\n|player|p2|mejian poke poke|2|1564\n|teamsize|p1|6\n|teamsize|p2|6\n|gen|9\n|tier|[Gen 9] VGC 2025 Reg G\n|rated|\n|rule|Species Clause: Limit one of each Pok\u00e9mon\n|rule|Item Clause: Limit 1 of each item\n|clearpoke\n|poke|p1|Necrozma-Dawn-Wings, L50|\n|poke|p1|Indeedee, L50, M|\n|poke|p1|Gallade, L50, M|\n|poke|p1|Ting-Lu, L50|\n|poke|p1|Ogerpon-Hearthflame, L50, F|\n|poke|p1|Flutter Mane, L50|\n|poke|p2|Kyogre, L50|\n|poke|p2|Chien-Pao, L50|\n|poke|p2|Dragonite, L50, M|\n|poke|p2|Tornadus, L50, M|\n|poke|p2|Maushold, L50|\n|poke|p2|Rillaboom, L50, M|\n|teampreview|4\n|\n|t:|1737932952\n|start\n|switch|p1a: Indeedee|Indeedee, L50, M|100\/100\n|switch|p1b: Necrozma|Necrozma-Dawn-Wings, L50|100\/100\n|switch|p2a: Chien-Pao|Chien-Pao, L50|100\/100\n|switch|p2b: Kyogre|Kyogre, L50|100\/100\n|-ability|p2a: Chien-Pao|Sword of Ruin\n|-weather|RainDance|[from] ability: Drizzle|[of] p2b: Kyogre\n|-fieldstart|move: Psychic Terrain|[from] ability: Psychic Surge|[of] p1a: Indeedee\n|turn|1\n|\n|t:|1737932979\n|move|p1b: Necrozma|Protect|p1b: Necrozma\n|-singleturn|p1b: Necrozma|Protect\n|move|p2a: Chien-Pao|Throat Chop|p1b: Necrozma\n|-activate|p1b: Necrozma|move: Protect\n|move|p2b: Kyogre|Origin Pulse|p1a: Indeedee|[spread] p1a\n|-activate|p1b: Necrozma|move: Protect\n|-enditem|p1a: Indeedee|Focus Sash\n|-damage|p1a: Indeedee|1\/100\n|move|p1a: Indeedee|Trick Room|p1a: Indeedee\n|-fieldstart|move: Trick Room|[of] p1a: Indeedee\n|\n|-weather|RainDance|[upkeep]\n|upkeep\n|turn|2\n|\n|t:|1737932992\n|switch|p2b: Rillaboom|Rillaboom, L50, M|100\/100\n|-fieldstart|move: Grassy Terrain|[from] ability: Grassy Surge|[of] p2b: Rillaboom\n|-terastallize|p1b: Necrozma|Normal\n|move|p1b: Necrozma|Expanding Force|p2b: Rillaboom\n|-damage|p2b: Rillaboom|58\/100\n|move|p1a: Indeedee|Encore|p2a: Chien-Pao\n|-start|p2a: Chien-Pao|Encore\n|move|p2a: Chien-Pao|Throat Chop|p1b: Necrozma\n|-damage|p1b: Necrozma|52\/100\n|-start|p1b: Necrozma|Throat Chop|[silent]\n|\n|-weather|RainDance|[upkeep]\n|-heal|p1b: Necrozma|58\/100|[from] Grassy Terrain\n|-heal|p2b: Rillaboom|64\/100|[from] Grassy Terrain\n|-heal|p1a: Indeedee|7\/100|[from] Grassy Terrain\n|upkeep\n|turn|3\n|\n|t:|1737933020\n|switch|p1a: Gallade|Gallade, L50, M|100\/100\n|move|p1b: Necrozma|Protect|p1b: Necrozma\n|-singleturn|p1b: Necrozma|Protect\n|move|p2b: Rillaboom|Grassy Glide|p1b: Necrozma\n|-activate|p1b: Necrozma|move: Protect\n|move|p2a: Chien-Pao|Throat Chop|p1b: Necrozma\n|-activate|p1b: Necrozma|move: Protect\n|\n|-weather|RainDance|[upkeep]\n|-heal|p1b: Necrozma|65\/100|[from] Grassy Terrain\n|-heal|p2b: Rillaboom|70\/100|[from] Grassy Terrain\n|-end|p1b: Necrozma|Throat Chop|[silent]\n|upkeep\n|turn|4\n|inactive|Battle timer is ON: inactive players will automatically lose when time's up. (requested by master 792)\n|\n|t:|1737933043\n|switch|p1b: Indeedee|Indeedee, L50, M|7\/100\n|-fieldstart|move: Psychic Terrain|[from] ability: Psychic Surge|[of] p1b: Indeedee\n|move|p1a: Gallade|Psycho Cut|p2b: Rillaboom\n|-damage|p2b: Rillaboom|0 fnt\n|faint|p2b: Rillaboom\n|move|p2a: Chien-Pao|Throat Chop|p1b: Indeedee\n|-supereffective|p1b: Indeedee\n|-damage|p1b: Indeedee|0 fnt\n|faint|p1b: Indeedee\n|\n|-weather|RainDance|[upkeep]\n|-end|p2a: Chien-Pao|Encore\n|upkeep\n|\n|t:|1737933055\n|switch|p2b: Kyogre|Kyogre, L50|100\/100\n|switch|p1b: Ting-Lu|Ting-Lu, L50|100\/100\n|-ability|p1b: Ting-Lu|Vessel of Ruin\n|turn|5\n|\n|t:|1737933074\n|move|p2b: Kyogre|Protect|p2b: Kyogre\n|-singleturn|p2b: Kyogre|Protect\n|move|p2a: Chien-Pao|Protect|p2a: Chien-Pao\n|-singleturn|p2a: Chien-Pao|Protect\n|move|p1b: Ting-Lu|Sand Tomb|p2b: Kyogre\n|-activate|p2b: Kyogre|move: Protect\n|move|p1a: Gallade|Psycho Cut|p2b: Kyogre\n|-activate|p2b: Kyogre|move: Protect\n|\n|-weather|none\n|-fieldend|move: Trick Room\n|upkeep\n|turn|6\n|\n|t:|1737933081\n|move|p1a: Gallade|Wide Guard|p1a: Gallade\n|-singleturn|p1a: Gallade|Wide Guard\n|move|p2a: Chien-Pao|Icicle Crash|p1b: Ting-Lu\n|-supereffective|p1b: Ting-Lu\n|-damage|p1b: Ting-Lu|42\/100\n|move|p2b: Kyogre|Water Spout|p1b: Ting-Lu|[spread] \n|-activate|p1a: Gallade|move: Wide Guard\n|-activate|p1b: Ting-Lu|move: Wide Guard\n|move|p1b: Ting-Lu|Sand Tomb|p2a: Chien-Pao|[miss]\n|-miss|p1b: Ting-Lu|p2a: Chien-Pao\n|\n|upkeep\n|turn|7\n|\n|t:|1737933093\n|move|p2a: Chien-Pao|Icicle Crash|p1b: Ting-Lu\n|-supereffective|p1b: Ting-Lu\n|-damage|p1b: Ting-Lu|0 fnt\n|faint|p1b: Ting-Lu\n|move|p2b: Kyogre|Water Spout|p1a: Gallade\n|-damage|p1a: Gallade|10\/100\n|move|p1a: Gallade|Trick Room|p1a: Gallade\n|-fieldstart|move: Trick Room|[of] p1a: Gallade\n|\n|upkeep\n|\n|t:|1737933096\n|switch|p1b: Necrozma|Necrozma-Dawn-Wings, L50, tera:Normal|65\/100\n|turn|8\n|\n|t:|1737933111\n|move|p2a: Chien-Pao|Protect|p2a: Chien-Pao\n|-singleturn|p2a: Chien-Pao|Protect\n|move|p1a: Gallade|Wide Guard|p1a: Gallade\n|-singleturn|p1a: Gallade|Wide Guard\n|move|p1b: Necrozma|Moongeist Beam|p2b: Kyogre\n|-damage|p2b: Kyogre|49\/100\n|move|p2b: Kyogre|Ice Beam|p1a: Gallade\n|-damage|p1a: Gallade|0 fnt\n|faint|p1a: Gallade\n|\n|-fieldend|move: Psychic Terrain\n|upkeep\n|turn|9\n|\n|t:|1737933126\n|move|p1b: Necrozma|Earth Power|p2a: Chien-Pao\n|-damage|p2a: Chien-Pao|35\/100\n|move|p2b: Kyogre|Ice Beam|p1b: Necrozma\n|-damage|p1b: Necrozma|39\/100\n|-enditem|p1b: Necrozma|Sitrus Berry|[eat]\n|-heal|p1b: Necrozma|64\/100|[from] item: Sitrus Berry\n|move|p2a: Chien-Pao|Icicle Crash|p1b: Necrozma\n|-damage|p1b: Necrozma|14\/100\n|\n|upkeep\n|turn|10\n|-message|master 792 forfeited.\n|\n|win|mejian poke poke\n|raw|master 792's rating: 1552 &rarr; <strong>1533<\/strong><br \/>(-19 for losing)\n|raw|mejian poke poke's rating: 1564 &rarr; <strong>1583<\/strong><br \/>(+19 for winning)\n|l|\u2606mejian poke poke\n|player|p2|\n|l|\u2606master 792\n|player|p1|\n","uploadtime":1737933362,"views":5,"formatid":"gen9vgc2025regg","rating":1533,"private":0,"password":null}