{"id":"gen9vgc2025regg-2288836262","format":"[Gen 9] VGC 2025 Reg G","players":["actuary97","infinitygroudon"],"log":"|j|\u2606actuary97\n|j|\u2606infinitygroudon\n|t:|1737937303\n|gametype|doubles\n|player|p1|actuary97|sabrina-frlg|1588\n|player|p2|infinitygroudon|1|1608\n|teamsize|p1|6\n|teamsize|p2|6\n|gen|9\n|tier|[Gen 9] VGC 2025 Reg G\n|rated|\n|rule|Species Clause: Limit one of each Pok\u00e9mon\n|rule|Item Clause: Limit 1 of each item\n|clearpoke\n|poke|p1|Amoonguss, L50, M|\n|poke|p1|Whimsicott, L50, M|\n|poke|p1|Armarouge, L50, F|\n|poke|p1|Kyogre, L50|\n|poke|p1|Archaludon, L50, M|\n|poke|p1|Indeedee-F, L50, F|\n|poke|p2|Calyrex-Shadow, L50|\n|poke|p2|Incineroar, L50, M|\n|poke|p2|Weezing-Galar, L50, M|\n|poke|p2|Indeedee-F, L50, F|\n|poke|p2|Iron Valiant, L50|\n|poke|p2|Ursaluna-Bloodmoon, L50, M|\n|teampreview|4\nactuary97 has agreed to open team sheets.\ninfinitygroudon has agreed to open team sheets.\n|showteam|p1|Amoonguss||RockyHelmet|Regenerator|ClearSmog,PollenPuff,RagePowder,Spore|||M|||50|,,,,,Water]Whimsicott||FocusSash|Prankster|BeatUp,Moonblast,Encore,Tailwind|||M|||50|,,,,,Ghost]Armarouge||PowerHerb|FlashFire|ExpandingForce,ArmorCannon,MeteorBeam,WideGuard|||F|||50|,,,,,Fairy]Kyogre||CovertCloak|Drizzle|OriginPulse,IceBeam,CalmMind,Protect||||||50|,,,,,Grass]Archaludon||AssaultVest|Stamina|ElectroShot,FlashCannon,Snarl,BodyPress|||M|||50|,,,,,Flying]Indeedee-F||PsychicSeed|PsychicSurge|Psychic,HelpingHand,FollowMe,TrickRoom|||F|||50|,,,,,Grass\n|showteam|p2|Calyrex-Shadow||LifeOrb|AsOneSpectrier|ExpandingForce,HyperBeam,Protect,AstralBarrage||||||50|,,,,,Normal]Incineroar||AbilityShield|Intimidate|FakeOut,KnockOff,WillOWisp,PartingShot|||M|||50|,,,,,Ghost]Weezing-Galar||SitrusBerry|NeutralizingGas|SludgeBomb,WillOWisp,Taunt,Protect|||M|||50|,,,,,Steel]Indeedee-F||RockyHelmet|PsychicSurge|FollowMe,DazzlingGleam,HelpingHand,TrickRoom|||F|||50|,,,,,Fairy]Iron Valiant||BoosterEnergy|QuarkDrive|SpiritBreak,CloseCombat,ShadowSneak,Protect||||||50|,,,,,Fairy]Ursaluna-Bloodmoon||AssaultVest|MindsEye|BloodMoon,EarthPower,HyperVoice,VacuumWave|||M|||50|,,,,,Normal\n|\n|t:|1737937347\n|start\n|switch|p1a: Whimsicott|Whimsicott, L50, M, shiny|100\/100\n|switch|p1b: Kyogre|Kyogre, L50, shiny|100\/100\n|switch|p2a: Banderilla|Incineroar, L50, M|100\/100\n|switch|p2b: Duncan|Calyrex-Shadow, L50|100\/100\n|-ability|p2b: Duncan|As One\n|-ability|p2b: Duncan|Unnerve\n|-weather|RainDance|[from] ability: Drizzle|[of] p1b: Kyogre\n|-ability|p2a: Banderilla|Intimidate|boost\n|-unboost|p1a: Whimsicott|atk|1\n|-unboost|p1b: Kyogre|atk|1\n|turn|1\n|\n|t:|1737937358\n|switch|p2a: Mr. Gassy|Weezing-Galar, L50, M|100\/100\n|-ability|p2a: Mr. Gassy|Neutralizing Gas\n|-terastallize|p1a: Whimsicott|Ghost\n|move|p2b: Duncan|Astral Barrage|p1b: Kyogre|[spread] p1a,p1b\n|-supereffective|p1a: Whimsicott\n|-enditem|p1a: Whimsicott|Focus Sash\n|-damage|p1a: Whimsicott|1\/100\n|-damage|p1b: Kyogre|53\/100\n|-damage|p2b: Duncan|91\/100|[from] item: Life Orb\n|move|p1a: Whimsicott|Tailwind|p1a: Whimsicott\n|-sidestart|p1: actuary97|move: Tailwind\n|move|p1b: Kyogre|Calm Mind|p1b: Kyogre\n|-boost|p1b: Kyogre|spa|1\n|-boost|p1b: Kyogre|spd|1\n|\n|-weather|RainDance|[upkeep]\n|upkeep\n|turn|2\n|\n|t:|1737937376\n|switch|p1a: Indeedee|Indeedee-F, L50, F, shiny|100\/100\n|move|p2b: Duncan|Protect|p2b: Duncan\n|-singleturn|p2b: Duncan|Protect\n|move|p1b: Kyogre|Origin Pulse|p2b: Duncan|[spread] p2a\n|-activate|p2b: Duncan|move: Protect\n|-damage|p2a: Mr. Gassy|0 fnt\n|faint|p2a: Mr. Gassy\n|-end|p2a: Mr. Gassy|ability: Neutralizing Gas\n|-fieldstart|move: Psychic Terrain|[from] ability: Psychic Surge|[of] p1a: Indeedee\n|-enditem|p1a: Indeedee|Psychic Seed\n|-boost|p1a: Indeedee|spd|1|[from] item: Psychic Seed\n|\n|-weather|RainDance|[upkeep]\n|upkeep\n|\n|t:|1737937383\n|switch|p2a: Charming|Iron Valiant, L50, shiny|100\/100\n|-enditem|p2a: Charming|Booster Energy\n|-activate|p2a: Charming|ability: Quark Drive|[fromitem]\n|-start|p2a: Charming|quarkdrivespe\n|turn|3\n|\n|t:|1737937407\n|-terastallize|p2a: Charming|Fairy\n|move|p1b: Kyogre|Protect|p1b: Kyogre\n|-singleturn|p1b: Kyogre|Protect\n|move|p2a: Charming|Spirit Break|p1b: Kyogre\n|-activate|p1b: Kyogre|move: Protect\n|move|p2b: Duncan|Expanding Force|p1b: Kyogre|[spread] p1a\n|-activate|p1b: Kyogre|move: Protect\n|-resisted|p1a: Indeedee\n|-damage|p1a: Indeedee|72\/100\n|-damage|p2b: Duncan|81\/100|[from] item: Life Orb\n|move|p1a: Indeedee|Psychic|p2a: Charming\n|-damage|p2a: Charming|37\/100\n|\n|-weather|RainDance|[upkeep]\n|upkeep\n|turn|4\n|\n|t:|1737937426\n|move|p2a: Charming|Protect|p2a: Charming\n|-singleturn|p2a: Charming|Protect\n|move|p2b: Duncan|Protect|p2b: Duncan\n|-singleturn|p2b: Duncan|Protect\n|move|p1b: Kyogre|Origin Pulse|p2b: Duncan|[spread] \n|-activate|p2a: Charming|move: Protect\n|-activate|p2b: Duncan|move: Protect\n|move|p1a: Indeedee|Psychic|p2a: Charming\n|-activate|p2a: Charming|move: Protect\n|\n|-weather|RainDance|[upkeep]\n|-sideend|p1: actuary97|move: Tailwind\n|upkeep\n|turn|5\n|\n|t:|1737937435\n|move|p2a: Charming|Spirit Break|p1b: Kyogre\n|-damage|p1b: Kyogre|8\/100\n|move|p2b: Duncan|Expanding Force|p1a: Indeedee|[spread] p1a,p1b\n|-resisted|p1a: Indeedee\n|-damage|p1a: Indeedee|40\/100\n|-damage|p1b: Kyogre|0 fnt\n|faint|p1b: Kyogre\n|-ability|p2b: Duncan|Grim Neigh|boost\n|-boost|p2b: Duncan|spa|1\n|-damage|p2b: Duncan|72\/100|[from] item: Life Orb\n|move|p1a: Indeedee|Trick Room|p1a: Indeedee\n|-fieldstart|move: Trick Room|[of] p1a: Indeedee\n|\n|-weather|none\n|upkeep\n|\n|t:|1737937440\n|switch|p1b: Archaludon|Archaludon, L50, M, shiny|100\/100\n|turn|6\n|\n|t:|1737937447\n|-end|p2a: Charming|Quark Drive|[silent]\n|switch|p2a: Banderilla|Incineroar, L50, M|100\/100\n|-ability|p2a: Banderilla|Intimidate|boost\n|-unboost|p1a: Indeedee|atk|1\n|-unboost|p1b: Archaludon|atk|1\n|move|p2b: Duncan|Protect|p2b: Duncan\n|-singleturn|p2b: Duncan|Protect\n|move|p1a: Indeedee|Psychic|p2a: Banderilla\n|-immune|p2a: Banderilla\n|move|p1b: Archaludon|Snarl|p2b: Duncan|[spread] p2a\n|-activate|p2b: Duncan|move: Protect\n|-resisted|p2a: Banderilla\n|-damage|p2a: Banderilla|95\/100\n|-unboost|p2a: Banderilla|spa|1\n|\n|-fieldend|move: Psychic Terrain\n|upkeep\n|turn|7\n|\n|t:|1737937472\n|switch|p1a: Whimsicott|Whimsicott, L50, M, shiny, tera:Ghost|1\/100\n|move|p2a: Banderilla|Fake Out|p1b: Archaludon\n|-resisted|p1b: Archaludon\n|-damage|p1b: Archaludon|96\/100\n|-ability|p1b: Archaludon|Stamina|boost\n|-boost|p1b: Archaludon|def|1\n|cant|p1b: Archaludon|flinch\n|move|p2b: Duncan|Astral Barrage|p1b: Archaludon|[spread] p1a,p1b\n|-supereffective|p1a: Whimsicott\n|-damage|p1a: Whimsicott|0 fnt\n|-damage|p1b: Archaludon|22\/100\n|-ability|p1b: Archaludon|Stamina|boost\n|-boost|p1b: Archaludon|def|1\n|faint|p1a: Whimsicott\n|-ability|p2b: Duncan|Grim Neigh|boost\n|-boost|p2b: Duncan|spa|1\n|-damage|p2b: Duncan|62\/100|[from] item: Life Orb\n|\n|upkeep\n|\n|t:|1737937477\n|switch|p1a: Indeedee|Indeedee-F, L50, F, shiny|40\/100\n|-fieldstart|move: Psychic Terrain|[from] ability: Psychic Surge|[of] p1a: Indeedee\n|turn|8\n|\n|t:|1737937484\n|move|p1a: Indeedee|Helping Hand|p1b: Archaludon\n|-singleturn|p1b: Archaludon|Helping Hand|[of] p1a: Indeedee\n|move|p2b: Duncan|Protect|p2b: Duncan\n|-singleturn|p2b: Duncan|Protect\n|move|p2a: Banderilla|Parting Shot|p1b: Archaludon\n|-unboost|p1b: Archaludon|atk|1\n|-unboost|p1b: Archaludon|spa|1\n|\n|t:|1737937487\n|switch|p2a: Charming|Iron Valiant, L50, shiny, tera:Fairy|37\/100|[from] Parting Shot\n|move|p1b: Archaludon|Snarl|p2a: Charming|[spread] p2a\n|-activate|p2b: Duncan|move: Protect\n|-resisted|p2a: Charming\n|-damage|p2a: Charming|26\/100\n|-unboost|p2a: Charming|spa|1\n|\n|upkeep\n|turn|9\n|\n|t:|1737937498\n|switch|p2b: Banderilla|Incineroar, L50, M|95\/100\n|-ability|p2b: Banderilla|Intimidate|boost\n|-unboost|p1a: Indeedee|atk|1\n|-unboost|p1b: Archaludon|atk|1\n|move|p2a: Charming|Protect|p2a: Charming\n|-singleturn|p2a: Charming|Protect\n|move|p1a: Indeedee|Psychic|p2a: Charming\n|-activate|p2a: Charming|move: Protect\n|move|p1b: Archaludon|Snarl|p2a: Charming|[spread] p2b\n|-activate|p2a: Charming|move: Protect\n|-resisted|p2b: Banderilla\n|-damage|p2b: Banderilla|92\/100\n|-unboost|p2b: Banderilla|spa|1\n|\n|-fieldend|move: Trick Room\n|upkeep\n|turn|10\n|\n|t:|1737937508\n|move|p2a: Charming|Close Combat|p1b: Archaludon\n|-supereffective|p1b: Archaludon\n|-damage|p1b: Archaludon|0 fnt\n|-unboost|p2a: Charming|def|1\n|-unboost|p2a: Charming|spd|1\n|faint|p1b: Archaludon\n|move|p2b: Banderilla|Knock Off|p1a: Indeedee\n|-supereffective|p1a: Indeedee\n|-damage|p1a: Indeedee|0 fnt\n|faint|p1a: Indeedee\n|\n|win|infinitygroudon\n|raw|actuary97's rating: 1588 &rarr; <strong>1569<\/strong><br \/>(-19 for losing)\n|raw|infinitygroudon's rating: 1608 &rarr; <strong>1627<\/strong><br \/>(+19 for winning)\n|c|\u2606actuary97|gg\n|c|\u2606infinitygroudon|gg\n|c|\u2606actuary97|that val set is sick\n|c|\u2606infinitygroudon|thanks! its kinda weird but i like it\n|l|\u2606infinitygroudon\n|player|p2|\n|l|\u2606actuary97\n|player|p1|\n","uploadtime":1737937671,"views":9,"formatid":"gen9vgc2025regg","rating":1569,"private":0,"password":null}