{"id":"gen9vgc2025regg-2288394753","format":"[Gen 9] VGC 2025 Reg G","players":["mastermind212","iorimoti"],"log":"|j|\u2606mastermind212\n|j|\u2606iorimoti\n|t:|1737873250\n|gametype|doubles\n|player|p1|mastermind212|2|1549\n|player|p2|iorimoti|2|1512\n|teamsize|p1|6\n|teamsize|p2|6\n|gen|9\n|tier|[Gen 9] VGC 2025 Reg G\n|rated|\n|rule|Species Clause: Limit one of each Pok\u00e9mon\n|rule|Item Clause: Limit 1 of each item\n|clearpoke\n|poke|p1|Kyogre, L50|\n|poke|p1|Tsareena, L50, F|\n|poke|p1|Urshifu-*, L50, F|\n|poke|p1|Tornadus, L50, M|\n|poke|p1|Rillaboom, L50, F|\n|poke|p1|Gholdengo, L50|\n|poke|p2|Ting-Lu, L50|\n|poke|p2|Dondozo, L50, F|\n|poke|p2|Zamazenta-*, L50|\n|poke|p2|Chien-Pao, L50|\n|poke|p2|Dragonite, L50, M|\n|poke|p2|Grimmsnarl, L50, M|\n|teampreview|4\n|inactive|Battle timer is ON: inactive players will automatically lose when time's up. (requested by mastermind212)\n|inactive|mastermind212 has 60 seconds left.\n|\n|t:|1737873286\n|start\n|switch|p1a: Gholdengo|Gholdengo, L50|100\/100\n|switch|p1b: Rillaboom|Rillaboom, L50, F|100\/100\n|switch|p2a: Ting-Lu|Ting-Lu, L50|100\/100\n|switch|p2b: Dondozo|Dondozo, L50, F|100\/100\n|-fieldstart|move: Grassy Terrain|[from] ability: Grassy Surge|[of] p1b: Rillaboom\n|-ability|p2a: Ting-Lu|Vessel of Ruin\n|turn|1\n|j| vgctesting1210\n|\n|t:|1737873311\n|-terastallize|p2a: Ting-Lu|Dragon\n|move|p1b: Rillaboom|Fake Out|p2a: Ting-Lu\n|-damage|p2a: Ting-Lu|92\/100\n|move|p1a: Gholdengo|Trick|p2b: Dondozo\n|-activate|p1a: Gholdengo|move: Trick|[of] p2b: Dondozo\n|-item|p2b: Dondozo|Choice Specs|[from] move: Trick\n|-item|p1a: Gholdengo|Sitrus Berry|[from] move: Trick\n|cant|p2a: Ting-Lu|flinch\n|move|p2b: Dondozo|Yawn|p1b: Rillaboom\n|-start|p1b: Rillaboom|move: Yawn|[of] p2b: Dondozo\n|\n|-heal|p2a: Ting-Lu|98\/100|[from] Grassy Terrain\n|-heal|p2a: Ting-Lu|100\/100|[from] item: Leftovers\n|upkeep\n|turn|2\n|\n|t:|1737873334\n|switch|p1b: Tornadus|Tornadus, L50, M|100\/100\n|move|p1a: Gholdengo|Dazzling Gleam|p2a: Ting-Lu|[spread] p2a,p2b\n|-supereffective|p2a: Ting-Lu\n|-damage|p2a: Ting-Lu|82\/100\n|-damage|p2b: Dondozo|88\/100\n|move|p2a: Ting-Lu|Stomping Tantrum|p1a: Gholdengo\n|-supereffective|p1a: Gholdengo\n|-damage|p1a: Gholdengo|0 fnt\n|faint|p1a: Gholdengo\n|move|p2b: Dondozo|Yawn|p1b: Tornadus\n|-start|p1b: Tornadus|move: Yawn|[of] p2b: Dondozo\n|\n|-heal|p2a: Ting-Lu|88\/100|[from] Grassy Terrain\n|-heal|p2a: Ting-Lu|94\/100|[from] item: Leftovers\n|-heal|p2b: Dondozo|94\/100|[from] Grassy Terrain\n|upkeep\n|\n|t:|1737873351\n|switch|p1a: Rillaboom|Rillaboom, L50, F|100\/100\n|turn|3\n|\n|t:|1737873364\n|move|p1b: Tornadus|Tailwind|p1b: Tornadus\n|-sidestart|p1: mastermind212|move: Tailwind\n|move|p1a: Rillaboom|Wood Hammer|p2b: Dondozo\n|-supereffective|p2b: Dondozo\n|-damage|p2b: Dondozo|3\/100\n|-damage|p1a: Rillaboom|66\/100|[from] Recoil\n|move|p2a: Ting-Lu|Sand Tomb|p1a: Rillaboom\n|-resisted|p1a: Rillaboom\n|-crit|p1a: Rillaboom\n|-damage|p1a: Rillaboom|56\/100\n|-activate|p1a: Rillaboom|move: Sand Tomb|[of] p2a: Ting-Lu\n|move|p2b: Dondozo|Yawn|p1a: Rillaboom\n|-start|p1a: Rillaboom|move: Yawn|[of] p2b: Dondozo\n|\n|-heal|p1a: Rillaboom|63\/100|[from] Grassy Terrain\n|-heal|p2a: Ting-Lu|100\/100|[from] Grassy Terrain\n|-heal|p2b: Dondozo|9\/100|[from] Grassy Terrain\n|-damage|p1a: Rillaboom|50\/100|[from] move: Sand Tomb|[partiallytrapped]\n|-end|p1b: Tornadus|move: Yawn|[silent]\n|-status|p1b: Tornadus|slp\n|upkeep\n|turn|4\n|inactive|mastermind212 has 30 seconds left.\n|inactive|iorimoti has 30 seconds left.\n|\n|t:|1737873397\n|switch|p2b: Zamazenta|Zamazenta-Crowned, L50|100\/100\n|-ability|p2b: Zamazenta|Dauntless Shield|boost\n|-boost|p2b: Zamazenta|def|1\n|cant|p1b: Tornadus|slp\n|move|p1a: Rillaboom|Wood Hammer|p2a: Ting-Lu\n|-resisted|p2a: Ting-Lu\n|-damage|p2a: Ting-Lu|75\/100\n|-damage|p1a: Rillaboom|39\/100|[from] Recoil\n|move|p2a: Ting-Lu|Ruination|p1a: Rillaboom|[miss]\n|-miss|p2a: Ting-Lu|p1a: Rillaboom\n|\n|-heal|p1a: Rillaboom|45\/100|[from] Grassy Terrain\n|-heal|p2a: Ting-Lu|81\/100|[from] Grassy Terrain\n|-heal|p2a: Ting-Lu|88\/100|[from] item: Leftovers\n|-damage|p1a: Rillaboom|33\/100|[from] move: Sand Tomb|[partiallytrapped]\n|-end|p1a: Rillaboom|move: Yawn|[silent]\n|-status|p1a: Rillaboom|slp\n|upkeep\n|turn|5\n|inactive|mastermind212 has 30 seconds left.\n|inactive|mastermind212 has 20 seconds left.\n|inactive|mastermind212 has 15 seconds left.\n|\n|t:|1737873438\n|-curestatus|p1b: Tornadus|slp|[msg]\n|move|p1b: Tornadus|Bleakwind Storm|p2a: Ting-Lu|[spread] p2a,p2b\n|-damage|p2a: Ting-Lu|71\/100\n|-damage|p2b: Zamazenta|83\/100\n|-unboost|p2a: Ting-Lu|spe|1\n|cant|p1a: Rillaboom|slp\n|move|p2b: Zamazenta|Body Press|p1a: Rillaboom\n|-damage|p1a: Rillaboom|0 fnt\n|faint|p1a: Rillaboom\n|move|p2a: Ting-Lu|Ruination|p1b: Tornadus\n|-damage|p1b: Tornadus|50\/100\n|\n|-heal|p2b: Zamazenta|89\/100|[from] Grassy Terrain\n|-heal|p2a: Ting-Lu|77\/100|[from] Grassy Terrain\n|-heal|p2a: Ting-Lu|83\/100|[from] item: Leftovers\n|-fieldend|move: Grassy Terrain\n|upkeep\n|\n|t:|1737873454\n|switch|p1a: Kyogre|Kyogre, L50|100\/100\n|-weather|RainDance|[from] ability: Drizzle|[of] p1a: Kyogre\n|turn|6\n|\n|t:|1737873464\n|move|p1b: Tornadus|Hurricane|p2a: Ting-Lu\n|-damage|p2a: Ting-Lu|58\/100\n|move|p1a: Kyogre|Ice Beam|p2a: Ting-Lu\n|-supereffective|p2a: Ting-Lu\n|-damage|p2a: Ting-Lu|17\/100\n|-damage|p1a: Kyogre|91\/100|[from] item: Life Orb\n|move|p2b: Zamazenta|Heavy Slam|p1b: Tornadus\n|-damage|p1b: Tornadus|0 fnt\n|faint|p1b: Tornadus\n|move|p2a: Ting-Lu|Ruination|p1a: Kyogre\n|-damage|p1a: Kyogre|46\/100\n|\n|-weather|RainDance|[upkeep]\n|-heal|p2a: Ting-Lu|23\/100|[from] item: Leftovers\n|-sideend|p1: mastermind212|move: Tailwind\n|upkeep\n|turn|7\n|\n|t:|1737873479\n|move|p2b: Zamazenta|Body Press|p1a: Kyogre\n|-damage|p1a: Kyogre|0 fnt\n|faint|p1a: Kyogre\n|\n|win|iorimoti\n|raw|mastermind212's rating: 1549 &rarr; <strong>1527<\/strong><br \/>(-22 for losing)\n|raw|iorimoti's rating: 1512 &rarr; <strong>1534<\/strong><br \/>(+22 for winning)\n|l|\u2606mastermind212\n|player|p1|\n","uploadtime":1737873738,"views":12,"formatid":"gen9vgc2025regg","rating":1527,"private":0,"password":null}