{"id":"gen9vgc2025regg-2288383465","format":"[Gen 9] VGC 2025 Reg G","players":["crowz000","ZTMY ENCORE"],"log":"|j|\u2606crowz000\n|j|\u2606ZTMY ENCORE\n|t:|1737871140\n|gametype|doubles\n|player|p1|crowz000|265|1578\n|player|p2|ZTMY ENCORE|1|1698\n|teamsize|p1|6\n|teamsize|p2|6\n|gen|9\n|tier|[Gen 9] VGC 2025 Reg G\n|rated|\n|rule|Species Clause: Limit one of each Pok\u00e9mon\n|rule|Item Clause: Limit 1 of each item\n|clearpoke\n|poke|p1|Terapagos, L50, M|\n|poke|p1|Clefairy, L50, F|\n|poke|p1|Rillaboom, L50, F|\n|poke|p1|Volcarona, L50, M|\n|poke|p1|Sableye, L50, F|\n|poke|p1|Flutter Mane, L50|\n|poke|p2|Terapagos, L50, M|\n|poke|p2|Smeargle, L50, M|\n|poke|p2|Tornadus, L50, M|\n|poke|p2|Ogerpon-Hearthflame, L50, F|\n|poke|p2|Dondozo, L50, F|\n|poke|p2|Tatsugiri-Stretchy, L50, F|\n|teampreview|4\n|\n|t:|1737871172\n|start\n|switch|p1a: Sableye|Sableye, L50, F|100\/100\n|switch|p1b: Flutter Mane|Flutter Mane, L50|100\/100\n|switch|p2a: Terapagos|Terapagos, L50, M|100\/100\n|switch|p2b: Smeargle|Smeargle, L50, M|100\/100\n|-activate|p2a: Terapagos|ability: Tera Shift\n|detailschange|p2a: Terapagos|Terapagos-Terastal, L50, M\n|-heal|p2a: Terapagos|100\/100|[silent]\n|-enditem|p1b: Flutter Mane|Booster Energy\n|-activate|p1b: Flutter Mane|ability: Protosynthesis|[fromitem]\n|-start|p1b: Flutter Mane|protosynthesisspe\n|turn|1\n|inactive|Battle timer is ON: inactive players will automatically lose when time's up. (requested by crowz000)\n|\n|t:|1737871188\n|-terastallize|p2a: Terapagos|Stellar\n|detailschange|p2a: Terapagos|Terapagos-Stellar, L50, M, tera:Stellar\n|-heal|p2a: Terapagos|100\/100|[silent]\n|move|p1a: Sableye|Light Screen|p1a: Sableye\n|-sidestart|p1: crowz000|move: Light Screen\n|move|p1b: Flutter Mane|Taunt|p2b: Smeargle\n|-start|p2b: Smeargle|move: Taunt\n|cant|p2b: Smeargle|move: Taunt|Decorate\n|move|p2a: Terapagos|Tera Starstorm|p1a: Sableye|[spread] p1a,p1b\n|-damage|p1a: Sableye|53\/100\n|-damage|p1b: Flutter Mane|66\/100\n|\n|-ability|p2b: Smeargle|Moody|boost\n|-boost|p2b: Smeargle|spe|2\n|-unboost|p2b: Smeargle|def|1\n|upkeep\n|turn|2\n|\n|t:|1737871205\n|switch|p2b: Ogerpon|Ogerpon-Hearthflame, L50, F|100\/100\n|-ability|p2b: Ogerpon|Mold Breaker\n|switch|p2a: Tornadus|Tornadus, L50, M|100\/100\n|move|p1a: Sableye|Disable||[still]\n|-fail|p1a: Sableye\n|move|p1b: Flutter Mane|Moonblast|p2b: Ogerpon\n|-resisted|p2b: Ogerpon\n|-damage|p2b: Ogerpon|78\/100\n|\n|upkeep\n|turn|3\n|\n|t:|1737871225\n|-end|p1b: Flutter Mane|Protosynthesis|[silent]\n|switch|p1b: Terapagos|Terapagos, L50, M|100\/100\n|-activate|p1b: Terapagos|ability: Tera Shift\n|detailschange|p1b: Terapagos|Terapagos-Terastal, L50, M\n|-heal|p1b: Terapagos|100\/100|[silent]\n|move|p2a: Tornadus|Tailwind|p2a: Tornadus\n|-sidestart|p2: ZTMY ENCORE|move: Tailwind\n|move|p1a: Sableye|Reflect|p1a: Sableye\n|-sidestart|p1: crowz000|Reflect\n|move|p2b: Ogerpon|Ivy Cudgel|p1b: Terapagos|[anim] Ivy Cudgel Fire\n|-damage|p1b: Terapagos|70\/100\n|\n|-heal|p1b: Terapagos|76\/100|[from] item: Leftovers\n|upkeep\n|turn|4\n|\n|t:|1737871246\n|-terastallize|p1b: Terapagos|Stellar\n|detailschange|p1b: Terapagos|Terapagos-Stellar, L50, M, tera:Stellar\n|-heal|p1b: Terapagos|82\/100|[silent]\n|move|p1a: Sableye|Disable|p2b: Ogerpon\n|-start|p2b: Ogerpon|Disable|Ivy Cudgel\n|move|p2a: Tornadus|Bleakwind Storm|p1a: Sableye|[spread] p1a\n|-miss|p2a: Tornadus|p1b: Terapagos\n|-damage|p1a: Sableye|27\/100\n|-unboost|p1a: Sableye|spe|1\n|move|p2b: Ogerpon|Wood Hammer|p1b: Terapagos\n|-damage|p1b: Terapagos|52\/100\n|-damage|p2b: Ogerpon|63\/100|[from] Recoil\n|move|p1b: Terapagos|Tera Starstorm|p2a: Tornadus|[spread] p2a,p2b\n|-damage|p2a: Tornadus|54\/100\n|-damage|p2b: Ogerpon|21\/100\n|\n|-heal|p1b: Terapagos|58\/100|[from] item: Leftovers\n|upkeep\n|turn|5\n|inactive|crowz000 has 30 seconds left.\n|inactive|ZTMY ENCORE has 30 seconds left.\n|\n|t:|1737871274\n|switch|p1a: Clefairy|Clefairy, L50, F|100\/100\n|move|p1b: Terapagos|Protect|p1b: Terapagos\n|-singleturn|p1b: Terapagos|Protect\n|move|p2a: Tornadus|Bleakwind Storm|p1b: Terapagos|[spread] p1a\n|-activate|p1b: Terapagos|move: Protect\n|-damage|p1a: Clefairy|78\/100\n|-unboost|p1a: Clefairy|spe|1\n|move|p2b: Ogerpon|Wood Hammer|p1a: Clefairy\n|-damage|p1a: Clefairy|42\/100\n|-damage|p2b: Ogerpon|9\/100|[from] Recoil\n|\n|-heal|p1b: Terapagos|64\/100|[from] item: Leftovers\n|upkeep\n|turn|6\n|\n|t:|1737871293\n|move|p2a: Tornadus|Protect|p2a: Tornadus\n|-singleturn|p2a: Tornadus|Protect\n|move|p2b: Ogerpon|Spiky Shield|p2b: Ogerpon\n|-singleturn|p2b: Ogerpon|move: Protect\n|move|p1b: Terapagos|Tera Starstorm|p2b: Ogerpon|[spread] \n|-activate|p2a: Tornadus|move: Protect\n|-activate|p2b: Ogerpon|move: Protect\n|move|p1a: Clefairy|Life Dew|p1a: Clefairy|[spread] p1a,p1b\n|-heal|p1a: Clefairy|67\/100\n|-heal|p1b: Terapagos|89\/100\n|\n|-heal|p1b: Terapagos|95\/100|[from] item: Leftovers\n|-sideend|p2: ZTMY ENCORE|move: Tailwind\n|upkeep\n|turn|7\n|inactive|crowz000 has 30 seconds left.\n|\n|t:|1737871324\n|move|p2a: Tornadus|Tailwind|p2a: Tornadus\n|-sidestart|p2: ZTMY ENCORE|move: Tailwind\n|move|p2b: Ogerpon|Wood Hammer|p1a: Clefairy\n|-damage|p1a: Clefairy|29\/100\n|-damage|p2b: Ogerpon|0 fnt|[from] Recoil\n|faint|p2b: Ogerpon\n|move|p1b: Terapagos|Substitute|p1b: Terapagos\n|-start|p1b: Terapagos|Substitute\n|-damage|p1b: Terapagos|71\/100\n|move|p1a: Clefairy|Life Dew|p1a: Clefairy|[spread] p1a,p1b\n|-heal|p1a: Clefairy|54\/100\n|-heal|p1b: Terapagos|96\/100\n|\n|-heal|p1b: Terapagos|100\/100|[from] item: Leftovers\n|upkeep\n|\n|t:|1737871344\n|switch|p2b: Terapagos|Terapagos-Stellar, L50, M, tera:Stellar|100\/100\n|turn|8\n|\n|t:|1737871356\n|switch|p2a: Smeargle|Smeargle, L50, M|100\/100\n|move|p1a: Clefairy|Protect|p1a: Clefairy\n|-singleturn|p1a: Clefairy|Protect\n|move|p2b: Terapagos|Tera Starstorm|p1b: Terapagos|[spread] p1b\n|-activate|p1a: Clefairy|move: Protect\n|-supereffective|p1b: Terapagos\n|-end|p1b: Terapagos|Substitute\n|move|p1b: Terapagos|Tera Starstorm|p2a: Smeargle|[spread] p2a,p2b\n|-supereffective|p2b: Terapagos\n|-enditem|p2a: Smeargle|Focus Sash\n|-damage|p2a: Smeargle|1\/100\n|-damage|p2b: Terapagos|48\/100\n|\n|-sideend|p1: crowz000|move: Light Screen\n|-ability|p2a: Smeargle|Moody|boost\n|-boost|p2a: Smeargle|spe|2\n|-unboost|p2a: Smeargle|spa|1\n|upkeep\n|turn|9\n|inactive|ZTMY ENCORE has 30 seconds left.\n|\n|t:|1737871382\n|move|p1a: Clefairy|Follow Me|p1a: Clefairy\n|-singleturn|p1a: Clefairy|move: Follow Me\n|move|p2a: Smeargle|Decorate|p1a: Clefairy\n|-boost|p1a: Clefairy|atk|2\n|-boost|p1a: Clefairy|spa|2\n|move|p2b: Terapagos|Tera Starstorm|p1a: Clefairy|[spread] p1a,p1b\n|-supereffective|p1b: Terapagos\n|-damage|p1a: Clefairy|0 fnt\n|-damage|p1b: Terapagos|38\/100\n|faint|p1a: Clefairy\n|move|p1b: Terapagos|Tera Starstorm|p2a: Smeargle|[spread] p2a,p2b\n|-supereffective|p2b: Terapagos\n|-damage|p2a: Smeargle|0 fnt\n|-damage|p2b: Terapagos|0 fnt\n|faint|p2a: Smeargle\n|faint|p2b: Terapagos\n|\n|-heal|p1b: Terapagos|44\/100|[from] item: Leftovers\n|upkeep\n|-message|ZTMY ENCORE forfeited.\n|\n|win|crowz000\n|raw|crowz000's rating: 1578 &rarr; <strong>1605<\/strong><br \/>(+27 for winning)\n|raw|ZTMY ENCORE's rating: 1698 &rarr; <strong>1671<\/strong><br \/>(-27 for losing)\n|l|\u2606ZTMY ENCORE\n|player|p2|\n|l|\u2606crowz000\n|player|p1|\n","uploadtime":1737871646,"views":10,"formatid":"gen9vgc2025regg","rating":1605,"private":0,"password":null}