{"id":"gen9vgc2025regg-2288491068","format":"[Gen 9] VGC 2025 Reg G","players":["everlol","Diestoise"],"log":"|j|\u2606everlol\n|j|\u2606Diestoise\n|t:|1737893395\n|gametype|doubles\n|player|p1|everlol|2|1665\n|player|p2|Diestoise|blue|1750\n|teamsize|p1|6\n|teamsize|p2|6\n|gen|9\n|tier|[Gen 9] VGC 2025 Reg G\n|rated|\n|rule|Species Clause: Limit one of each Pok\u00e9mon\n|rule|Item Clause: Limit 1 of each item\n|clearpoke\n|poke|p1|Flutter Mane, L50|\n|poke|p1|Koraidon, L50|\n|poke|p1|Whimsicott, L50, F|\n|poke|p1|Chi-Yu, L50|\n|poke|p1|Indeedee-F, L50, F|\n|poke|p1|Iron Crown, L50|\n|poke|p2|Kyogre, L50|\n|poke|p2|Tornadus, L50, M|\n|poke|p2|Incineroar, L50, M|\n|poke|p2|Raichu, L50, F|\n|poke|p2|Urshifu-*, L50, M|\n|poke|p2|Amoonguss, L50, F|\n|teampreview|4\n|inactive|Battle timer is ON: inactive players will automatically lose when time's up. (requested by everlol)\n|j| jfabricio23\n|inactive|Diestoise has 60 seconds left.\n|\n|t:|1737893441\n|start\n|switch|p1a: Iron Crown|Iron Crown, L50|100\/100\n|switch|p1b: Whimsicott|Whimsicott, L50, F, shiny|100\/100\n|switch|p2a: Tornadus|Tornadus, L50, M|100\/100\n|switch|p2b: Urshifu|Urshifu-Rapid-Strike, L50, M|100\/100\n|-enditem|p1a: Iron Crown|Booster Energy\n|-activate|p1a: Iron Crown|ability: Quark Drive|[fromitem]\n|-start|p1a: Iron Crown|quarkdrivespa\n|turn|1\n|inactive|Diestoise has 30 seconds left.\n|inactive|Diestoise has 20 seconds left.\n|inactive|Diestoise has 15 seconds left.\n|\n|t:|1737893486\n|move|p1b: Whimsicott|Taunt|p2a: Tornadus\n|-start|p2a: Tornadus|move: Taunt\n|cant|p2a: Tornadus|move: Taunt|Tailwind\n|move|p2b: Urshifu|U-turn|p1b: Whimsicott\n|-damage|p1b: Whimsicott|62\/100\n|\n|t:|1737893492\n|switch|p2b: Incineroar|Incineroar, L50, M|100\/100|[from] U-turn\n|-ability|p2b: Incineroar|Intimidate|boost\n|-unboost|p1a: Iron Crown|atk|1\n|-unboost|p1b: Whimsicott|atk|1\n|move|p1a: Iron Crown|Expanding Force|p2b: Incineroar\n|-immune|p2b: Incineroar\n|\n|upkeep\n|turn|2\n|inactive|Diestoise has 30 seconds left.\n|inactive|Diestoise has 20 seconds left.\n|\n|t:|1737893527\n|move|p1a: Iron Crown|Protect|p1a: Iron Crown\n|-singleturn|p1a: Iron Crown|Protect\n|move|p1b: Whimsicott|Tailwind|p1b: Whimsicott\n|-sidestart|p1: everlol|move: Tailwind\n|move|p2a: Tornadus|Bleakwind Storm|p1a: Iron Crown|[spread] \n|-activate|p1a: Iron Crown|move: Protect\n|-miss|p2a: Tornadus|p1b: Whimsicott\n|move|p2b: Incineroar|Parting Shot|p1a: Iron Crown\n|-activate|p1a: Iron Crown|move: Protect\n|\n|upkeep\n|turn|3\n|\n|t:|1737893548\n|switch|p1b: Indeedee|Indeedee-F, L50, F|100\/100\n|-fieldstart|move: Psychic Terrain|[from] ability: Psychic Surge|[of] p1b: Indeedee\n|switch|p2a: Kyogre|Kyogre, L50|100\/100\n|-weather|RainDance|[from] ability: Drizzle|[of] p2a: Kyogre\n|-terastallize|p1a: Iron Crown|Psychic\n|move|p1a: Iron Crown|Expanding Force|p2b: Incineroar|[spread] p2a\n|-immune|p2b: Incineroar\n|-damage|p2a: Kyogre|27\/100\n|move|p2b: Incineroar|Parting Shot|p1a: Iron Crown\n|-unboost|p1a: Iron Crown|atk|1\n|-unboost|p1a: Iron Crown|spa|1\n|\n|t:|1737893561\n|switch|p2b: Tornadus|Tornadus, L50, M|100\/100|[from] Parting Shot\n|\n|-weather|RainDance|[upkeep]\n|-heal|p2a: Kyogre|33\/100|[from] item: Leftovers\n|upkeep\n|turn|4\n|\n|t:|1737893577\n|switch|p1b: Koraidon|Koraidon, L50|100\/100\n|-weather|SunnyDay|[from] ability: Orichalcum Pulse|[of] p1b: Koraidon\n|-activate|p1b: Koraidon|Orichalcum Pulse|[source]\n|switch|p2a: Incineroar|Incineroar, L50, M|100\/100\n|-ability|p2a: Incineroar|Intimidate|boost\n|-unboost|p1a: Iron Crown|atk|1\n|-fail|p1b: Koraidon|unboost|[from] item: Clear Amulet|[of] p1b: Koraidon\n|move|p1a: Iron Crown|Expanding Force|p2a: Incineroar|[spread] p2b\n|-immune|p2a: Incineroar\n|-damage|p2b: Tornadus|17\/100\n|move|p2b: Tornadus|Bleakwind Storm|p1a: Iron Crown|[spread] p1a,p1b\n|-supereffective|p1b: Koraidon\n|-damage|p1a: Iron Crown|69\/100\n|-damage|p1b: Koraidon|32\/100\n|\n|-weather|SunnyDay|[upkeep]\n|upkeep\n|turn|5\n|inactive|everlol has 30 seconds left.\n|inactive|Diestoise has 30 seconds left.\n|inactive|Diestoise has 20 seconds left.\n|inactive|Diestoise has 15 seconds left.\n|inactive|everlol has 20 seconds left.\n|\n|t:|1737893626\n|-terastallize|p2a: Incineroar|Water\n|move|p2b: Tornadus|Tailwind|p2b: Tornadus\n|-sidestart|p2: Diestoise|move: Tailwind\n|move|p1b: Koraidon|Flame Charge|p2a: Incineroar\n|-resisted|p2a: Incineroar\n|-crit|p2a: Incineroar\n|-damage|p2a: Incineroar|79\/100\n|-boost|p1b: Koraidon|spe|1\n|move|p1a: Iron Crown|Expanding Force|p2b: Tornadus|[spread] p2a,p2b\n|-damage|p2a: Incineroar|13\/100\n|-damage|p2b: Tornadus|0 fnt\n|faint|p2b: Tornadus\n|move|p2a: Incineroar|Knock Off|p1a: Iron Crown\n|-supereffective|p1a: Iron Crown\n|-damage|p1a: Iron Crown|17\/100\n|\n|-weather|SunnyDay|[upkeep]\n|-sideend|p1: everlol|move: Tailwind\n|upkeep\n|inactive|Diestoise has 30 seconds left.\n|inactive|Diestoise has 20 seconds left.\n|inactive|Diestoise has 15 seconds left.\n|inactive|Diestoise has 10 seconds left.\n|\n|t:|1737893672\n|switch|p2b: Urshifu|Urshifu-Rapid-Strike, L50, M|100\/100\n|turn|6\n|\n|t:|1737893683\n|switch|p1b: Indeedee|Indeedee-F, L50, F|100\/100\n|-end|p1a: Iron Crown|Quark Drive|[silent]\n|switch|p1a: Whimsicott|Whimsicott, L50, F, shiny|62\/100\n|move|p2b: Urshifu|U-turn|p1a: Whimsicott\n|-damage|p1a: Whimsicott|25\/100\n|\n|t:|1737893690\n|switch|p2b: Kyogre|Kyogre, L50|33\/100|[from] U-turn\n|-weather|RainDance|[from] ability: Drizzle|[of] p2b: Kyogre\n|move|p2a: Incineroar|Will-O-Wisp|p1b: Indeedee|[miss]\n|-miss|p2a: Incineroar|p1b: Indeedee\n|\n|-weather|RainDance|[upkeep]\n|-heal|p2b: Kyogre|38\/100|[from] item: Leftovers\n|upkeep\n|turn|7\n|inactive|Diestoise has 30 seconds left.\n|\n|t:|1737893723\n|move|p1a: Whimsicott|Tailwind|p1a: Whimsicott\n|-sidestart|p1: everlol|move: Tailwind\n|move|p1b: Indeedee|Dazzling Gleam|p2b: Kyogre|[spread] p2a,p2b\n|-damage|p2a: Incineroar|1\/100\n|-damage|p2b: Kyogre|28\/100\n|move|p2b: Kyogre|Origin Pulse|p1a: Whimsicott|[spread] p1b\n|-miss|p2b: Kyogre|p1a: Whimsicott\n|-damage|p1b: Indeedee|14\/100\n|move|p2a: Incineroar|Knock Off|p1b: Indeedee\n|-supereffective|p1b: Indeedee\n|-damage|p1b: Indeedee|0 fnt\n|-enditem|p1b: Indeedee|Safety Goggles|[from] move: Knock Off|[of] p2a: Incineroar\n|faint|p1b: Indeedee\n|\n|-weather|RainDance|[upkeep]\n|-heal|p2b: Kyogre|34\/100|[from] item: Leftovers\n|-fieldend|move: Psychic Terrain\n|upkeep\n|\n|t:|1737893738\n|switch|p1b: Iron Crown|Iron Crown, L50, tera:Psychic|17\/100\n|turn|8\n|\n|t:|1737893753\n|move|p1a: Whimsicott|Moonblast|p2a: Incineroar\n|-damage|p2a: Incineroar|0 fnt\n|faint|p2a: Incineroar\n|move|p1b: Iron Crown|Expanding Force|p2b: Kyogre\n|-crit|p2b: Kyogre\n|-damage|p2b: Kyogre|0 fnt\n|faint|p2b: Kyogre\n|\n|-weather|RainDance|[upkeep]\n|-sideend|p2: Diestoise|move: Tailwind\n|upkeep\n|\n|t:|1737893760\n|switch|p2a: Urshifu|Urshifu-Rapid-Strike, L50, M|100\/100\n|turn|9\n|-message|Diestoise forfeited.\n|\n|win|everlol\n|raw|everlol's rating: 1665 &rarr; <strong>1690<\/strong><br \/>(+25 for winning)\n|raw|Diestoise's rating: 1750 &rarr; <strong>1725<\/strong><br \/>(-25 for losing)\n|l|\u2606Diestoise\n|player|p2|\n|l|\u2606everlol\n|player|p1|\n|l| jfabricio23\n","uploadtime":1737893937,"views":59,"formatid":"gen9vgc2025regg","rating":1690,"private":0,"password":null}