{"id":"gen9vgc2025regg-2288666759","format":"[Gen 9] VGC 2025 Reg G","players":["madgiraffe","7ammy"],"log":"|j|\u2606madgiraffe\n|j|\u26067ammy\n|t:|1737917282\n|gametype|doubles\n|player|p1|madgiraffe|1|1593\n|player|p2|7ammy|interviewers|1632\n|teamsize|p1|6\n|teamsize|p2|6\n|gen|9\n|tier|[Gen 9] VGC 2025 Reg G\n|rated|\n|rule|Species Clause: Limit one of each Pok\u00e9mon\n|rule|Item Clause: Limit 1 of each item\n|clearpoke\n|poke|p1|Miraidon, L50|\n|poke|p1|Landorus, L50, M|\n|poke|p1|Iron Jugulis, L50|\n|poke|p1|Electivire, L50, F|\n|poke|p1|Urshifu-*, L50, M|\n|poke|p1|Chien-Pao, L50|\n|poke|p2|Kyogre, L50|\n|poke|p2|Tornadus, L50, M|\n|poke|p2|Tsareena, L50, F|\n|poke|p2|Urshifu-*, L50, M|\n|poke|p2|Basculegion, L50, M|\n|poke|p2|Landorus, L50, M|\n|teampreview|4\n|inactive|Battle timer is ON: inactive players will automatically lose when time's up. (requested by 7ammy)\n|inactive|madgiraffe has 60 seconds left.\n|\n|t:|1737917330\n|start\n|switch|p1a: Urshifu|Urshifu-Rapid-Strike, L50, M|100\/100\n|switch|p1b: Iron Jugulis|Iron Jugulis, L50|100\/100\n|switch|p2a: Tornadus|Tornadus, L50, M|100\/100\n|switch|p2b: Kyogre|Kyogre, L50|100\/100\n|-weather|RainDance|[from] ability: Drizzle|[of] p2b: Kyogre\n|-enditem|p1b: Iron Jugulis|Booster Energy\n|-activate|p1b: Iron Jugulis|ability: Quark Drive|[fromitem]\n|-start|p1b: Iron Jugulis|quarkdrivespe\n|turn|1\n|\n|t:|1737917352\n|move|p2a: Tornadus|Tailwind|p2a: Tornadus\n|-sidestart|p2: 7ammy|move: Tailwind\n|move|p2b: Kyogre|Thunder|p1a: Urshifu\n|-supereffective|p1a: Urshifu\n|-damage|p1a: Urshifu|0 fnt\n|faint|p1a: Urshifu\n|move|p1b: Iron Jugulis|Tailwind|p1b: Iron Jugulis\n|-sidestart|p1: madgiraffe|move: Tailwind\n|\n|-weather|RainDance|[upkeep]\n|upkeep\n|\n|t:|1737917358\n|switch|p1a: Miraidon|Miraidon, L50|100\/100\n|-fieldstart|move: Electric Terrain|[from] ability: Hadron Engine|[of] p1a: Miraidon\n|turn|2\n|\n|t:|1737917373\n|switch|p2b: Landorus|Landorus, L50, M|100\/100\n|-terastallize|p1b: Iron Jugulis|Ground\n|move|p1a: Miraidon|Discharge|p2b: Landorus|[spread] p2a\n|-immune|p1b: Iron Jugulis\n|-immune|p2b: Landorus\n|-supereffective|p2a: Tornadus\n|-crit|p2a: Tornadus\n|-damage|p2a: Tornadus|0 fnt\n|faint|p2a: Tornadus\n|move|p1b: Iron Jugulis|Dark Pulse|p2b: Landorus\n|-damage|p2b: Landorus|60\/100\n|\n|-weather|RainDance|[upkeep]\n|upkeep\n|\n|t:|1737917392\n|switch|p2a: Kyogre|Kyogre, L50|100\/100\n|turn|3\n|\n|t:|1737917411\n|move|p1a: Miraidon|Discharge|p2b: Landorus|[spread] p2a\n|-immune|p1b: Iron Jugulis\n|-immune|p2b: Landorus\n|-supereffective|p2a: Kyogre\n|-damage|p2a: Kyogre|9\/100\n|-status|p2a: Kyogre|par\n|move|p1b: Iron Jugulis|Dark Pulse|p2b: Landorus\n|-crit|p2b: Landorus\n|-damage|p2b: Landorus|0 fnt\n|faint|p2b: Landorus\n|move|p2a: Kyogre|Water Spout|p1a: Miraidon|[spread] p1a,p1b\n|-resisted|p1a: Miraidon\n|-supereffective|p1b: Iron Jugulis\n|-damage|p1a: Miraidon|97\/100\n|-damage|p1b: Iron Jugulis|85\/100\n|\n|-weather|RainDance|[upkeep]\n|upkeep\n|\n|t:|1737917420\n|switch|p2b: Basculegion|Basculegion, L50, M|100\/100\n|turn|4\n|\n|t:|1737917433\n|-terastallize|p2b: Basculegion|Grass\n|move|p1a: Miraidon|Discharge|p2a: Kyogre|[spread] p2a,p2b\n|-immune|p1b: Iron Jugulis\n|-supereffective|p2a: Kyogre\n|-resisted|p2b: Basculegion\n|-damage|p2a: Kyogre|0 fnt\n|-damage|p2b: Basculegion|64\/100\n|faint|p2a: Kyogre\n|move|p1b: Iron Jugulis|Dark Pulse|p2b: Basculegion\n|-damage|p2b: Basculegion|26\/100\n|move|p2b: Basculegion|Last Respects|p1b: Iron Jugulis\n|-damage|p1b: Iron Jugulis|0 fnt\n|faint|p1b: Iron Jugulis\n|-end|p1b: Iron Jugulis|Quark Drive|[silent]\n|\n|-weather|RainDance|[upkeep]\n|-sideend|p1: madgiraffe|move: Tailwind\n|-sideend|p2: 7ammy|move: Tailwind\n|upkeep\n|\n|t:|1737917436\n|switch|p1b: Chien-Pao|Chien-Pao, L50|100\/100\n|-ability|p1b: Chien-Pao|Sword of Ruin\n|turn|5\n|-message|7ammy forfeited.\n|\n|win|madgiraffe\n|raw|madgiraffe's rating: 1593 &rarr; <strong>1615<\/strong><br \/>(+22 for winning)\n|raw|7ammy's rating: 1632 &rarr; <strong>1610<\/strong><br \/>(-22 for losing)\n|l|\u26067ammy\n|player|p2|\n|l|\u2606madgiraffe\n|player|p1|\n","uploadtime":1737917642,"views":18,"formatid":"gen9vgc2025regg","rating":1610,"private":0,"password":null}