{"id":"gen9vgc2025regg-2288376044","format":"[Gen 9] VGC 2025 Reg G","players":["crowz000","Geodude3138"],"log":"|j|\u2606crowz000\n|j|\u2606Geodude3138\n|t:|1737869854\n|gametype|doubles\n|player|p1|crowz000|265|1517\n|player|p2|Geodude3138|lady-gen4|1587\n|teamsize|p1|6\n|teamsize|p2|6\n|gen|9\n|tier|[Gen 9] VGC 2025 Reg G\n|rated|\n|rule|Species Clause: Limit one of each Pok\u00e9mon\n|rule|Item Clause: Limit 1 of each item\n|clearpoke\n|poke|p1|Terapagos, L50, M|\n|poke|p1|Clefairy, L50, M|\n|poke|p1|Rillaboom, L50, F|\n|poke|p1|Volcarona, L50, M|\n|poke|p1|Sableye, L50, M|\n|poke|p1|Flutter Mane, L50|\n|poke|p2|Koraidon, L50|\n|poke|p2|Flutter Mane, L50|\n|poke|p2|Ogerpon-Cornerstone, L50, F|\n|poke|p2|Chi-Yu, L50|\n|poke|p2|Raging Bolt, L50|\n|poke|p2|Ditto, L50|\n|teampreview|4\n|\n|t:|1737869902\n|start\n|switch|p1a: Terapagos|Terapagos, L50, M|100\/100\n|switch|p1b: Sableye|Sableye, L50, M|100\/100\n|switch|p2a: Flutter Mane|Flutter Mane, L50|100\/100\n|switch|p2b: Chi-Yu|Chi-Yu, L50|100\/100\n|-activate|p1a: Terapagos|ability: Tera Shift\n|detailschange|p1a: Terapagos|Terapagos-Terastal, L50, M\n|-heal|p1a: Terapagos|100\/100|[silent]\n|-ability|p2b: Chi-Yu|Beads of Ruin\n|-enditem|p2a: Flutter Mane|Booster Energy\n|-activate|p2a: Flutter Mane|ability: Protosynthesis|[fromitem]\n|-start|p2a: Flutter Mane|protosynthesisspe\n|turn|1\n|inactive|Battle timer is ON: inactive players will automatically lose when time's up. (requested by crowz000)\n|\n|t:|1737869929\n|move|p1b: Sableye|Light Screen|p1b: Sableye\n|-sidestart|p1: crowz000|move: Light Screen\n|move|p2a: Flutter Mane|Moonblast|p1b: Sableye\n|-supereffective|p1b: Sableye\n|-damage|p1b: Sableye|11\/100\n|move|p2b: Chi-Yu|Snarl|p1b: Sableye|[spread] p1b\n|-miss|p2b: Chi-Yu|p1a: Terapagos\n|-damage|p1b: Sableye|0 fnt\n|faint|p1b: Sableye\n|move|p1a: Terapagos|Calm Mind|p1a: Terapagos\n|-boost|p1a: Terapagos|spa|1\n|-boost|p1a: Terapagos|spd|1\n|\n|upkeep\n|\n|t:|1737869945\n|switch|p1b: Flutter Mane|Flutter Mane, L50|100\/100\n|-enditem|p1b: Flutter Mane|Booster Energy\n|-activate|p1b: Flutter Mane|ability: Protosynthesis|[fromitem]\n|-start|p1b: Flutter Mane|protosynthesisspe\n|turn|2\n|c|\u2606Geodude3138|blind chiyu\n|\n|t:|1737869962\n|move|p2a: Flutter Mane|Icy Wind|p1a: Terapagos|[spread] p1a,p1b\n|-activate|p1a: Terapagos|ability: Tera Shell\n|-resisted|p1a: Terapagos\n|-damage|p1a: Terapagos|98\/100\n|-damage|p1b: Flutter Mane|91\/100\n|-unboost|p1a: Terapagos|spe|1\n|-unboost|p1b: Flutter Mane|spe|1\n|move|p1b: Flutter Mane|Thunder Wave|p2b: Chi-Yu\n|-status|p2b: Chi-Yu|par\n|move|p1a: Terapagos|Calm Mind|p1a: Terapagos\n|-boost|p1a: Terapagos|spa|1\n|-boost|p1a: Terapagos|spd|1\n|move|p2b: Chi-Yu|Snarl|p1a: Terapagos|[spread] p1a,p1b\n|-damage|p1a: Terapagos|89\/100\n|-damage|p1b: Flutter Mane|73\/100\n|-unboost|p1a: Terapagos|spa|1\n|-unboost|p1b: Flutter Mane|spa|1\n|\n|-heal|p1a: Terapagos|95\/100|[from] item: Leftovers\n|upkeep\n|turn|3\n|inactive|crowz000 has 30 seconds left.\n|inactive|Geodude3138 has 30 seconds left.\n|inactive|crowz000 has 20 seconds left.\n|\n|t:|1737870002\n|move|p2a: Flutter Mane|Moonblast|p1b: Flutter Mane\n|-damage|p1b: Flutter Mane|38\/100\n|-unboost|p1b: Flutter Mane|spa|1\n|move|p1b: Flutter Mane|Thunder Wave|p2a: Flutter Mane\n|-status|p2a: Flutter Mane|par\n|move|p1a: Terapagos|Substitute|p1a: Terapagos\n|-start|p1a: Terapagos|Substitute\n|-damage|p1a: Terapagos|71\/100\n|cant|p2b: Chi-Yu|par\n|\n|-heal|p1a: Terapagos|77\/100|[from] item: Leftovers\n|upkeep\n|turn|4\n|\n|t:|1737870019\n|move|p1b: Flutter Mane|Fake Tears|p2b: Chi-Yu\n|-unboost|p2b: Chi-Yu|spd|2\n|move|p2a: Flutter Mane|Icy Wind|p1a: Terapagos|[spread] p1a,p1b\n|-activate|p1a: Terapagos|move: Substitute|[damage]\n|-damage|p1b: Flutter Mane|28\/100\n|-unboost|p1b: Flutter Mane|spe|1\n|move|p1a: Terapagos|Tera Starstorm|p2b: Chi-Yu\n|-damage|p2b: Chi-Yu|0 fnt\n|faint|p2b: Chi-Yu\n|\n|-heal|p1a: Terapagos|83\/100|[from] item: Leftovers\n|upkeep\n|\n|t:|1737870033\n|switch|p2b: Koraidon|Koraidon, L50|100\/100\n|-weather|SunnyDay|[from] ability: Orichalcum Pulse|[of] p2b: Koraidon\n|-activate|p2b: Koraidon|Orichalcum Pulse|[source]\n|turn|5\n|\n|t:|1737870047\n|-end|p1b: Flutter Mane|Protosynthesis|[silent]\n|switch|p1b: Clefairy|Clefairy, L50, M|100\/100\n|-terastallize|p1a: Terapagos|Stellar\n|detailschange|p1a: Terapagos|Terapagos-Stellar, L50, M, tera:Stellar\n|-heal|p1a: Terapagos|87\/100|[silent]\n|-ability|p1a: Terapagos|Teraform Zero\n|-weather|none\n|move|p2b: Koraidon|Protect|p2b: Koraidon\n|-singleturn|p2b: Koraidon|Protect\n|cant|p2a: Flutter Mane|par\n|move|p1a: Terapagos|Tera Starstorm|p2b: Koraidon|[spread] p2a\n|-activate|p2b: Koraidon|move: Protect\n|-damage|p2a: Flutter Mane|45\/100 par\n|\n|-heal|p1a: Terapagos|94\/100|[from] item: Leftovers\n|upkeep\n|turn|6\n|-message|Geodude3138 forfeited.\n|\n|win|crowz000\n|raw|crowz000's rating: 1517 &rarr; <strong>1541<\/strong><br \/>(+24 for winning)\n|raw|Geodude3138's rating: 1587 &rarr; <strong>1563<\/strong><br \/>(-24 for losing)\n|l|\u2606Geodude3138\n|player|p2|\n|l|\u2606crowz000\n|player|p1|\n","uploadtime":1737870251,"views":7,"formatid":"gen9vgc2025regg","rating":1541,"private":0,"password":null}