{"id":"gen9vgc2025regg-2288115313","format":"[Gen 9] VGC 2025 Reg G","players":["enbymcgee","Angelo Neres"],"log":"|j|\u2606enbymcgee\n|j|\u2606Angelo Neres\n|t:|1737834904\n|gametype|doubles\n|player|p1|enbymcgee|caitlin|1655\n|player|p2|Angelo Neres|102|1607\n|teamsize|p1|6\n|teamsize|p2|6\n|gen|9\n|tier|[Gen 9] VGC 2025 Reg G\n|rated|\n|rule|Species Clause: Limit one of each Pok\u00e9mon\n|rule|Item Clause: Limit 1 of each item\n|clearpoke\n|poke|p1|Calyrex-Ice, L50|\n|poke|p1|Raging Bolt, L50|\n|poke|p1|Ogerpon-Cornerstone, L50, F|\n|poke|p1|Landorus, L50, M|\n|poke|p1|Incineroar, L50, M|\n|poke|p1|Suicune, L50|\n|poke|p2|Groudon, L50|\n|poke|p2|Moltres-Galar, L50|\n|poke|p2|Scream Tail, L50|\n|poke|p2|Grimmsnarl, L50, M|\n|poke|p2|Cobalion, L50|\n|poke|p2|Amoonguss, L50, M|\n|teampreview|4\n|inactive|Battle timer is ON: inactive players will automatically lose when time's up. (requested by Angelo Neres)\n|c|\u2606enbymcgee|glhf!\n|c|\u2606enbymcgee|ththis makes two coballions on ladder tonight\n|j| bluestraggler01\n|inactive|enbymcgee has 60 seconds left.\n|\n|t:|1737834937\n|start\n|switch|p1a: Calyrex|Calyrex-Ice, L50|100\/100\n|switch|p1b: Ogerpon|Ogerpon-Cornerstone, L50, F|100\/100\n|switch|p2a: Cobalion|Cobalion, L50, shiny|100\/100\n|switch|p2b: Grimmsnarl|Grimmsnarl, L50, M, shiny|100\/100\n|-ability|p1a: Calyrex|As One\n|-ability|p1a: Calyrex|Unnerve\n|turn|1\n|\n|t:|1737834961\n|-terastallize|p1a: Calyrex|Water\n|move|p2b: Grimmsnarl|Reflect|p2b: Grimmsnarl\n|-sidestart|p2: Angelo Neres|Reflect\n|move|p1b: Ogerpon|Ivy Cudgel|p2b: Grimmsnarl|[anim] Ivy Cudgel Rock\n|-damage|p2b: Grimmsnarl|65\/100\n|move|p2a: Cobalion|Stealth Rock|p1a: Calyrex\n|-sidestart|p1: enbymcgee|move: Stealth Rock\n|move|p1a: Calyrex|Glacial Lance|p2a: Cobalion|[spread] p2a,p2b\n|-resisted|p2a: Cobalion\n|-damage|p2a: Cobalion|89\/100\n|-damage|p2b: Grimmsnarl|27\/100\n|\n|upkeep\n|turn|2\n|\n|t:|1737834979\n|move|p2b: Grimmsnarl|Parting Shot|p1b: Ogerpon\n|-unboost|p1b: Ogerpon|atk|1\n|-unboost|p1b: Ogerpon|spa|1\n|\n|t:|1737834984\n|switch|p2b: Scream Tail|Scream Tail, L50, shiny|100\/100|[from] Parting Shot\n|move|p1b: Ogerpon|Ivy Cudgel|p2b: Scream Tail|[anim] Ivy Cudgel Rock\n|-damage|p2b: Scream Tail|81\/100\n|move|p2a: Cobalion|Iron Defense|p2a: Cobalion\n|-boost|p2a: Cobalion|def|2\n|move|p1a: Calyrex|High Horsepower|p2a: Cobalion\n|-supereffective|p2a: Cobalion\n|-damage|p2a: Cobalion|74\/100\n|\n|upkeep\n|turn|3\n|\n|t:|1737835005\n|switch|p1b: Landorus|Landorus, L50, M|100\/100\n|-damage|p1b: Landorus|89\/100|[from] Stealth Rock\n|move|p2b: Scream Tail|Encore|p1a: Calyrex\n|-start|p1a: Calyrex|Encore\n|move|p2a: Cobalion|Iron Defense|p2a: Cobalion\n|-boost|p2a: Cobalion|def|2\n|move|p1a: Calyrex|High Horsepower|p2a: Cobalion\n|-supereffective|p2a: Cobalion\n|-damage|p2a: Cobalion|64\/100\n|\n|upkeep\n|turn|4\n|\n|t:|1737835020\n|switch|p1a: Incineroar|Incineroar, L50, M|100\/100\n|-damage|p1a: Incineroar|76\/100|[from] Stealth Rock\n|-ability|p1a: Incineroar|Intimidate|boost\n|-unboost|p2a: Cobalion|atk|1\n|-unboost|p2b: Scream Tail|atk|1\n|move|p2a: Cobalion|Protect|p2a: Cobalion\n|-singleturn|p2a: Cobalion|Protect\n|move|p1b: Landorus|Sandsear Storm|p2b: Scream Tail|[spread] \n|-activate|p2a: Cobalion|move: Protect\n|-miss|p1b: Landorus|p2b: Scream Tail\n|move|p2b: Scream Tail|Ice Beam|p1b: Landorus\n|-supereffective|p1b: Landorus\n|-damage|p1b: Landorus|9\/100\n|\n|upkeep\n|turn|5\n|\n|t:|1737835042\n|switch|p2a: Groudon|Groudon, L50, shiny|100\/100\n|-weather|SunnyDay|[from] ability: Drought|[of] p2a: Groudon\n|-activate|p2b: Scream Tail|ability: Protosynthesis\n|-start|p2b: Scream Tail|protosynthesisspe\n|move|p1a: Incineroar|Fake Out|p2b: Scream Tail\n|-damage|p2b: Scream Tail|75\/100\n|cant|p2b: Scream Tail|flinch\n|move|p1b: Landorus|Sandsear Storm|p2b: Scream Tail|[spread] p2a,p2b\n|-damage|p2a: Groudon|68\/100\n|-damage|p2b: Scream Tail|38\/100\n|\n|-weather|SunnyDay|[upkeep]\n|-sideend|p2: Angelo Neres|Reflect\n|upkeep\n|turn|6\n|inactive|enbymcgee has 30 seconds left.\n|\n|t:|1737835068\n|switch|p1a: Calyrex|Calyrex-Ice, L50, tera:Water|100\/100\n|-ability|p1a: Calyrex|As One\n|-ability|p1a: Calyrex|Unnerve\n|-damage|p1a: Calyrex|88\/100|[from] Stealth Rock\n|move|p2b: Scream Tail|Ice Beam|p1b: Landorus\n|-supereffective|p1b: Landorus\n|-crit|p1b: Landorus\n|-damage|p1b: Landorus|0 fnt\n|faint|p1b: Landorus\n|move|p2a: Groudon|Precipice Blades|p1a: Calyrex\n|-damage|p1a: Calyrex|40\/100\n|\n|-weather|SunnyDay|[upkeep]\n|upkeep\n|\n|t:|1737835078\n|switch|p1b: Incineroar|Incineroar, L50, M|76\/100\n|-damage|p1b: Incineroar|51\/100|[from] Stealth Rock\n|-ability|p1b: Incineroar|Intimidate|boost\n|-unboost|p2a: Groudon|atk|1\n|-unboost|p2b: Scream Tail|atk|1\n|turn|7\n|\n|t:|1737835097\n|switch|p2a: Cobalion|Cobalion, L50, shiny|64\/100\n|move|p1b: Incineroar|Fake Out|p2a: Cobalion\n|-resisted|p2a: Cobalion\n|-damage|p2a: Cobalion|60\/100\n|move|p2b: Scream Tail|Encore|p1b: Incineroar\n|-start|p1b: Incineroar|Encore\n|move|p1a: Calyrex|Trick Room|p1a: Calyrex\n|-fieldstart|move: Trick Room|[of] p1a: Calyrex\n|\n|-weather|SunnyDay|[upkeep]\n|upkeep\n|turn|8\n|\n|t:|1737835115\n|switch|p1b: Ogerpon|Ogerpon-Cornerstone, L50, F|100\/100\n|-damage|p1b: Ogerpon|88\/100|[from] Stealth Rock\n|-end|p2b: Scream Tail|Protosynthesis|[silent]\n|switch|p2b: Grimmsnarl|Grimmsnarl, L50, M, shiny|27\/100\n|move|p1a: Calyrex|Glacial Lance|p2b: Grimmsnarl|[spread] p2a,p2b\n|-resisted|p2a: Cobalion\n|-damage|p2a: Cobalion|44\/100\n|-damage|p2b: Grimmsnarl|0 fnt\n|faint|p2b: Grimmsnarl\n|-ability|p1a: Calyrex|Chilling Neigh|boost\n|-boost|p1a: Calyrex|atk|1\n|move|p2a: Cobalion|Iron Defense|p2a: Cobalion\n|-boost|p2a: Cobalion|def|2\n|\n|-weather|SunnyDay|[upkeep]\n|upkeep\n|\n|t:|1737835135\n|switch|p2b: Groudon|Groudon, L50, shiny|68\/100\n|turn|9\n|inactive|Angelo Neres has 30 seconds left.\n|\n|t:|1737835162\n|-terastallize|p2b: Groudon|Fire\n|move|p1b: Ogerpon|Follow Me|p1b: Ogerpon\n|-singleturn|p1b: Ogerpon|move: Follow Me\n|move|p1a: Calyrex|High Horsepower|p2b: Groudon\n|-supereffective|p2b: Groudon\n|-damage|p2b: Groudon|0 fnt\n|faint|p2b: Groudon\n|-ability|p1a: Calyrex|Chilling Neigh|boost\n|-boost|p1a: Calyrex|atk|1\n|move|p2a: Cobalion|Body Press|p1b: Ogerpon\n|-supereffective|p1b: Ogerpon\n|-damage|p1b: Ogerpon|0 fnt\n|faint|p1b: Ogerpon\n|\n|-weather|none\n|upkeep\n|\n|t:|1737835173\n|switch|p2b: Scream Tail|Scream Tail, L50, shiny|38\/100\n|switch|p1b: Incineroar|Incineroar, L50, M|51\/100\n|-damage|p1b: Incineroar|26\/100|[from] Stealth Rock\n|-ability|p1b: Incineroar|Intimidate|boost\n|-unboost|p2a: Cobalion|atk|1\n|-unboost|p2b: Scream Tail|atk|1\n|turn|10\n|inactive|Angelo Neres has 30 seconds left.\n|\n|t:|1737835202\n|move|p1a: Calyrex|Glacial Lance|p2b: Scream Tail|[spread] p2a,p2b\n|-resisted|p2a: Cobalion\n|-damage|p2a: Cobalion|26\/100\n|-damage|p2b: Scream Tail|0 fnt\n|faint|p2b: Scream Tail\n|-end|p2b: Scream Tail|Protosynthesis|[silent]\n|-ability|p1a: Calyrex|Chilling Neigh|boost\n|-boost|p1a: Calyrex|atk|1\n|move|p1b: Incineroar|Flare Blitz|p2a: Cobalion\n|-supereffective|p2a: Cobalion\n|-damage|p2a: Cobalion|0 fnt\n|faint|p2a: Cobalion\n|-damage|p1b: Incineroar|18\/100|[from] Recoil\n|\n|win|enbymcgee\n|raw|enbymcgee's rating: 1655 &rarr; <strong>1672<\/strong><br \/>(+17 for winning)\n|raw|Angelo Neres's rating: 1607 &rarr; <strong>1590<\/strong><br \/>(-17 for losing)\n|l|\u2606Angelo Neres\n|player|p2|\n|c|\u2606enbymcgee|gg\n|l|\u2606enbymcgee\n|player|p1|\n","uploadtime":1737835423,"views":7,"formatid":"gen9vgc2025regg","rating":1590,"private":0,"password":null}