{"id":"gen9vgc2025regg-2289792024","format":"[Gen 9] VGC 2025 Reg G","players":["Hoshinaaa","Angelo Neres"],"log":"|j|\u2606Hoshinaaa\n|j|\u2606Angelo Neres\n|t:|1738067656\n|gametype|doubles\n|player|p1|Hoshinaaa|rosa|1649\n|player|p2|Angelo Neres|266|1560\n|teamsize|p1|6\n|teamsize|p2|6\n|gen|9\n|tier|[Gen 9] VGC 2025 Reg G\n|rated|\n|rule|Species Clause: Limit one of each Pok\u00e9mon\n|rule|Item Clause: Limit 1 of each item\n|clearpoke\n|poke|p1|Groudon, L50|\n|poke|p1|Flutter Mane, L50|\n|poke|p1|Amoonguss, L50, M|\n|poke|p1|Incineroar, L50, M|\n|poke|p1|Indeedee, L50, M|\n|poke|p1|Raging Bolt, L50|\n|poke|p2|Groudon, L50|\n|poke|p2|Moltres-Galar, L50|\n|poke|p2|Scream Tail, L50|\n|poke|p2|Grimmsnarl, L50, M|\n|poke|p2|Cobalion, L50|\n|poke|p2|Amoonguss, L50, M|\n|teampreview|4\n|inactive|Battle timer is ON: inactive players will automatically lose when time's up. (requested by Hoshinaaa)\n|j| SankalpSM\n|j| Triple20\n|inactive|Angelo Neres has 60 seconds left.\n|inactive|Angelo Neres has 30 seconds left.\n|inactive|Angelo Neres has 20 seconds left.\n|\n|t:|1738067727\n|start\n|switch|p1a: Incineroar|Incineroar, L50, M|100\/100\n|switch|p1b: Flutter Mane|Flutter Mane, L50|100\/100\n|switch|p2a: Grimmsnarl|Grimmsnarl, L50, M, shiny|100\/100\n|switch|p2b: Moltres|Moltres-Galar, L50, shiny|100\/100\n|-ability|p1a: Incineroar|Intimidate|boost\n|-unboost|p2a: Grimmsnarl|atk|1\n|-unboost|p2b: Moltres|atk|1\n|turn|1\n|\n|t:|1738067744\n|switch|p2b: Groudon|Groudon, L50, shiny|100\/100\n|-weather|SunnyDay|[from] ability: Drought|[of] p2b: Groudon\n|-activate|p1b: Flutter Mane|ability: Protosynthesis\n|-start|p1b: Flutter Mane|protosynthesisspe\n|move|p1a: Incineroar|Fake Out|p2a: Grimmsnarl\n|-damage|p2a: Grimmsnarl|90\/100\n|move|p2a: Grimmsnarl|Parting Shot|p1b: Flutter Mane\n|-unboost|p1b: Flutter Mane|atk|1\n|-unboost|p1b: Flutter Mane|spa|1\n|\n|t:|1738067759\n|switch|p2a: Scream Tail|Scream Tail, L50, shiny|100\/100|[from] Parting Shot\n|-activate|p2a: Scream Tail|ability: Protosynthesis\n|-start|p2a: Scream Tail|protosynthesisspe\n|move|p1b: Flutter Mane|Moonblast|p2a: Scream Tail\n|-crit|p2a: Scream Tail\n|-damage|p2a: Scream Tail|17\/100\n|\n|-weather|SunnyDay|[upkeep]\n|upkeep\n|turn|2\n|inactive|Angelo Neres has 30 seconds left.\n|\n|t:|1738067788\n|switch|p2b: Grimmsnarl|Grimmsnarl, L50, M, shiny|90\/100\n|switch|p1a: Groudon|Groudon, L50|100\/100\n|move|p1b: Flutter Mane|Moonblast|p2a: Scream Tail\n|-damage|p2a: Scream Tail|0 fnt\n|faint|p2a: Scream Tail\n|-end|p2a: Scream Tail|Protosynthesis|[silent]\n|\n|-weather|SunnyDay|[upkeep]\n|upkeep\n|\n|t:|1738067808\n|switch|p2a: Groudon|Groudon, L50, shiny|100\/100\n|turn|3\n|j| emgaii\n|\n|t:|1738067812\n|move|p2b: Grimmsnarl|Reflect|p2b: Grimmsnarl\n|-sidestart|p2: Angelo Neres|Reflect\n|move|p1b: Flutter Mane|Moonblast|p2b: Grimmsnarl\n|-supereffective|p2b: Grimmsnarl\n|-damage|p2b: Grimmsnarl|11\/100\n|move|p1a: Groudon|Precipice Blades|p2b: Grimmsnarl|[spread] p2a,p2b\n|-damage|p2a: Groudon|75\/100\n|-damage|p2b: Grimmsnarl|0 fnt\n|faint|p2b: Grimmsnarl\n|move|p2a: Groudon|Precipice Blades|p1b: Flutter Mane|[spread] p1a,p1b\n|-damage|p1a: Groudon|64\/100\n|-damage|p1b: Flutter Mane|19\/100\n|\n|-weather|SunnyDay|[upkeep]\n|upkeep\n|\n|t:|1738067830\n|switch|p2b: Moltres|Moltres-Galar, L50, shiny|100\/100\n|turn|4\n|l|\u2606Angelo Neres\n|inactive|Angelo Neres disconnected and has a minute to reconnect!\n|player|p2|\n|\n|t:|1738067843\n|move|p1b: Flutter Mane|Moonblast|p2a: Groudon\n|-damage|p2a: Groudon|49\/100\n|move|p1a: Groudon|High Horsepower|p2a: Groudon\n|-damage|p2a: Groudon|24\/100\n|move|p2b: Moltres|Tailwind|p2b: Moltres\n|-sidestart|p2: Angelo Neres|move: Tailwind\n|move|p2a: Groudon|Precipice Blades|p1b: Flutter Mane|[spread] p1a,p1b\n|-damage|p1a: Groudon|29\/100\n|-damage|p1b: Flutter Mane|0 fnt\n|faint|p1b: Flutter Mane\n|-end|p1b: Flutter Mane|Protosynthesis|[silent]\n|\n|-weather|SunnyDay|[upkeep]\n|upkeep\n|\n|t:|1738067859\n|switch|p1b: Incineroar|Incineroar, L50, M|100\/100\n|-ability|p1b: Incineroar|Intimidate|boost\n|-unboost|p2a: Groudon|atk|1\n|-unboost|p2b: Moltres|atk|1\n|turn|5\n|j|\u2606Angelo Neres\n|inactive|Angelo Neres reconnected and has 55 seconds left.\n|player|p2|Angelo Neres|266|\n|\n|t:|1738067869\n|move|p1b: Incineroar|Fake Out|p2a: Groudon\n|-damage|p2a: Groudon|18\/100\n|move|p2b: Moltres|Air Slash|p1b: Incineroar\n|-damage|p1b: Incineroar|73\/100\n|cant|p2a: Groudon|flinch\n|move|p1a: Groudon|High Horsepower|p2a: Groudon\n|-damage|p2a: Groudon|0 fnt\n|faint|p2a: Groudon\n|\n|-weather|none\n|upkeep\n|turn|6\n|\n|t:|1738067883\n|move|p2b: Moltres|Fiery Wrath|p1b: Incineroar|[spread] p1a,p1b\n|-resisted|p1b: Incineroar\n|-damage|p1a: Groudon|10\/100\n|-damage|p1b: Incineroar|62\/100\n|move|p1a: Groudon|Rock Slide|p2b: Moltres\n|-supereffective|p2b: Moltres\n|-damage|p2b: Moltres|60\/100\n|move|p1b: Incineroar|Parting Shot|p2b: Moltres\n|-unboost|p2b: Moltres|atk|1\n|-unboost|p2b: Moltres|spa|1\n|-message|Angelo Neres forfeited.\n|\n|win|Hoshinaaa\n|raw|Hoshinaaa's rating: 1649 &rarr; <strong>1664<\/strong><br \/>(+15 for winning)\n|raw|Angelo Neres's rating: 1560 &rarr; <strong>1545<\/strong><br \/>(-15 for losing)\n|l|\u2606Angelo Neres\n|player|p2|\n|l|\u2606Hoshinaaa\n|player|p1|\n","uploadtime":1738068071,"views":13,"formatid":"gen9vgc2025regg","rating":1545,"private":0,"password":null}