{"id":"gen9vgc2025regg-2289134111","format":"[Gen 9] VGC 2025 Reg G","players":["MadMat48","simReaper"],"log":"|j|\u2606MadMat48\n|j|\u2606simReaper\n|t:|1737984602\n|gametype|doubles\n|player|p1|MadMat48|101|1557\n|player|p2|simReaper|shadowtriad|1640\n|teamsize|p1|6\n|teamsize|p2|6\n|gen|9\n|tier|[Gen 9] VGC 2025 Reg G\n|rated|\n|rule|Species Clause: Limit one of each Pok\u00e9mon\n|rule|Item Clause: Limit 1 of each item\n|clearpoke\n|poke|p1|Groudon, L50|\n|poke|p1|Jumpluff, L50, M|\n|poke|p1|Raging Bolt, L50|\n|poke|p1|Chien-Pao, L50|\n|poke|p1|Entei, L50|\n|poke|p1|Flutter Mane, L50|\n|poke|p2|Annihilape, L50, M|\n|poke|p2|Whimsicott, L50, F|\n|poke|p2|Archaludon, L50, F|\n|poke|p2|Amoonguss, L50, F|\n|poke|p2|Kyogre, L50|\n|poke|p2|Grimmsnarl, L50, M|\n|teampreview|4\n|inactive|Battle timer is ON: inactive players will automatically lose when time's up. (requested by MadMat48)\n|\n|t:|1737984628\n|start\n|switch|p1a: Jumpluff|Jumpluff, L50, M|100\/100\n|switch|p1b: Groudon|Groudon, L50|100\/100\n|switch|p2a: Amoonguss|Amoonguss, L50, F, shiny|100\/100\n|switch|p2b: Whimsicott|Whimsicott, L50, F, shiny|100\/100\n|-weather|SunnyDay|[from] ability: Drought|[of] p1b: Groudon\n|turn|1\n|\n|t:|1737984650\n|move|p2b: Whimsicott|Tailwind|p2b: Whimsicott\n|-sidestart|p2: simReaper|move: Tailwind\n|move|p1a: Jumpluff|Light Screen|p1a: Jumpluff\n|-sidestart|p1: MadMat48|move: Light Screen\n|move|p1b: Groudon|Precipice Blades|p2b: Whimsicott|[spread] p2a,p2b\n|-crit|p2a: Amoonguss\n|-resisted|p2b: Whimsicott\n|-damage|p2a: Amoonguss|15\/100\n|-damage|p2b: Whimsicott|47\/100\n|move|p2a: Amoonguss|Spore|p1b: Groudon\n|-status|p1b: Groudon|slp|[from] move: Spore\n|\n|-weather|SunnyDay|[upkeep]\n|upkeep\n|turn|2\n|\n|t:|1737984664\n|switch|p2a: Kyogre|Kyogre, L50, shiny|100\/100\n|-weather|RainDance|[from] ability: Drizzle|[of] p2a: Kyogre\n|move|p2b: Whimsicott|Encore|p1a: Jumpluff\n|-start|p1a: Jumpluff|Encore\n|move|p1a: Jumpluff|Light Screen||[still]\n|-fail|p1a: Jumpluff\n|cant|p1b: Groudon|slp\n|\n|-weather|RainDance|[upkeep]\n|upkeep\n|turn|3\n|\n|t:|1737984678\n|switch|p1a: Flutter Mane|Flutter Mane, L50|100\/100\n|switch|p1b: Raging Bolt|Raging Bolt, L50|100\/100\n|move|p2b: Whimsicott|Moonblast|p1a: Flutter Mane\n|-damage|p1a: Flutter Mane|78\/100\n|-unboost|p1a: Flutter Mane|spa|1\n|move|p2a: Kyogre|Water Spout|p1b: Raging Bolt|[spread] p1a,p1b\n|-resisted|p1b: Raging Bolt\n|-damage|p1a: Flutter Mane|9\/100\n|-damage|p1b: Raging Bolt|78\/100\n|\n|-weather|RainDance|[upkeep]\n|upkeep\n|turn|4\n|inactive|simReaper has 30 seconds left.\n|\n|t:|1737984710\n|-end|p1a: Flutter Mane|Protosynthesis|[silent]\n|switch|p1a: Groudon|Groudon, L50|100\/100 slp\n|-weather|SunnyDay|[from] ability: Drought|[of] p1a: Groudon\n|-activate|p1b: Raging Bolt|ability: Protosynthesis\n|-start|p1b: Raging Bolt|protosynthesisspa\n|move|p1b: Raging Bolt|Thunderclap|p2a: Kyogre\n|-supereffective|p2a: Kyogre\n|-damage|p2a: Kyogre|11\/100\n|move|p2b: Whimsicott|Moonblast|p1b: Raging Bolt\n|-supereffective|p1b: Raging Bolt\n|-damage|p1b: Raging Bolt|54\/100\n|move|p2a: Kyogre|Water Spout|p1b: Raging Bolt|[spread] p1a,p1b\n|-supereffective|p1a: Groudon\n|-resisted|p1b: Raging Bolt\n|-damage|p1a: Groudon|94\/100 slp\n|-damage|p1b: Raging Bolt|53\/100\n|\n|-weather|SunnyDay|[upkeep]\n|-sideend|p2: simReaper|move: Tailwind\n|upkeep\n|turn|5\n|\n|t:|1737984728\n|switch|p2a: Amoonguss|Amoonguss, L50, F, shiny|48\/100\n|move|p2b: Whimsicott|Encore|p1b: Raging Bolt\n|-start|p1b: Raging Bolt|Encore\n|cant|p1a: Groudon|slp\n|move|p1b: Raging Bolt|Thunderclap||[still]\n|-fail|p1b: Raging Bolt\n|\n|-weather|SunnyDay|[upkeep]\n|-sideend|p1: MadMat48|move: Light Screen\n|upkeep\n|turn|6\n|\n|t:|1737984750\n|-end|p1b: Raging Bolt|Protosynthesis|[silent]\n|switch|p1b: Jumpluff|Jumpluff, L50, M|100\/100\n|switch|p2a: Archaludon|Archaludon, L50, F, shiny|100\/100\n|move|p2b: Whimsicott|Beat Up|p2a: Archaludon\n|-damage|p2a: Archaludon|98\/100\n|-ability|p2a: Archaludon|Stamina|boost\n|-boost|p2a: Archaludon|def|1\n|-damage|p2a: Archaludon|97\/100\n|-ability|p2a: Archaludon|Stamina|boost\n|-boost|p2a: Archaludon|def|1\n|-damage|p2a: Archaludon|96\/100\n|-ability|p2a: Archaludon|Stamina|boost\n|-boost|p2a: Archaludon|def|1\n|-damage|p2a: Archaludon|95\/100\n|-ability|p2a: Archaludon|Stamina|boost\n|-boost|p2a: Archaludon|def|1\n|-hitcount|p2a: Archaludon|4\n|-curestatus|p1a: Groudon|slp|[msg]\n|move|p1a: Groudon|Precipice Blades|p2a: Archaludon|[spread] p2a,p2b\n|-supereffective|p2a: Archaludon\n|-resisted|p2b: Whimsicott\n|-damage|p2a: Archaludon|60\/100\n|-damage|p2b: Whimsicott|0 fnt\n|-ability|p2a: Archaludon|Stamina|boost\n|-boost|p2a: Archaludon|def|1\n|faint|p2b: Whimsicott\n|\n|-weather|SunnyDay|[upkeep]\n|upkeep\n|\n|t:|1737984767\n|switch|p2b: Kyogre|Kyogre, L50, shiny|11\/100\n|-weather|RainDance|[from] ability: Drizzle|[of] p2b: Kyogre\n|turn|7\n|\n|t:|1737984779\n|switch|p2b: Amoonguss|Amoonguss, L50, F, shiny|81\/100\n|-terastallize|p1a: Groudon|Ghost\n|-terastallize|p2a: Archaludon|Fairy\n|move|p1b: Jumpluff|Tailwind|p1b: Jumpluff\n|-sidestart|p1: MadMat48|move: Tailwind\n|move|p1a: Groudon|Precipice Blades|p2a: Archaludon|[spread] p2a,p2b\n|-damage|p2a: Archaludon|44\/100\n|-damage|p2b: Amoonguss|18\/100\n|-ability|p2a: Archaludon|Stamina|boost\n|-boost|p2a: Archaludon|def|1\n|move|p2a: Archaludon|Electro Shot||[still]\n|-prepare|p2a: Archaludon|Electro Shot\n|-boost|p2a: Archaludon|spa|1\n|-anim|p2a: Archaludon|Electro Shot|p1b: Jumpluff\n|-crit|p1b: Jumpluff\n|-damage|p1b: Jumpluff|14\/100\n|\n|-weather|RainDance|[upkeep]\n|upkeep\n|turn|8\n|inactive|simReaper has 30 seconds left.\n|\n|t:|1737984804\n|move|p1b: Jumpluff|Sleep Powder|p2a: Archaludon|[miss]\n|-miss|p1b: Jumpluff|p2a: Archaludon\n|move|p1a: Groudon|Precipice Blades|p2a: Archaludon|[spread] p2a,p2b\n|-damage|p2a: Archaludon|28\/100\n|-damage|p2b: Amoonguss|0 fnt\n|faint|p2b: Amoonguss\n|move|p2a: Archaludon|Electro Shot||[still]\n|-prepare|p2a: Archaludon|Electro Shot\n|-boost|p2a: Archaludon|spa|1\n|-anim|p2a: Archaludon|Electro Shot|p1b: Jumpluff\n|-damage|p1b: Jumpluff|0 fnt\n|faint|p1b: Jumpluff\n|\n|-weather|RainDance|[upkeep]\n|upkeep\n|\n|t:|1737984809\n|switch|p1b: Flutter Mane|Flutter Mane, L50|9\/100\n|switch|p2b: Kyogre|Kyogre, L50, shiny|11\/100\n|turn|9\n|\n|t:|1737984817\n|move|p2b: Kyogre|Protect|p2b: Kyogre\n|-singleturn|p2b: Kyogre|Protect\n|move|p1b: Flutter Mane|Dazzling Gleam|p2a: Archaludon|[spread] p2a\n|-activate|p2b: Kyogre|move: Protect\n|-damage|p2a: Archaludon|0 fnt\n|faint|p2a: Archaludon\n|move|p1a: Groudon|Precipice Blades|p2b: Kyogre\n|-activate|p2b: Kyogre|move: Protect\n|\n|-weather|RainDance|[upkeep]\n|upkeep\n|turn|10\n|-message|simReaper forfeited.\n|\n|win|MadMat48\n|raw|MadMat48's rating: 1557 &rarr; <strong>1582<\/strong><br \/>(+25 for winning)\n|raw|simReaper's rating: 1640 &rarr; <strong>1615<\/strong><br \/>(-25 for losing)\n|l|\u2606simReaper\n|player|p2|\n|l|\u2606MadMat48\n|player|p1|\n","uploadtime":1737985043,"views":12,"formatid":"gen9vgc2025regg","rating":1582,"private":0,"password":null}