{"id":"gen9vgc2025regg-2289675576","format":"[Gen 9] VGC 2025 Reg G","players":["BellmanTGM","Spottedwoot"],"log":"|j|\u2606BellmanTGM\n|j|\u2606Spottedwoot\n|t:|1738047475\n|gametype|doubles\n|player|p1|BellmanTGM|2|1550\n|player|p2|Spottedwoot|102|1558\n|teamsize|p1|6\n|teamsize|p2|6\n|gen|9\n|tier|[Gen 9] VGC 2025 Reg G\n|rated|\n|rule|Species Clause: Limit one of each Pok\u00e9mon\n|rule|Item Clause: Limit 1 of each item\n|clearpoke\n|poke|p1|Kyogre, L50|\n|poke|p1|Incineroar, L50, M|\n|poke|p1|Bruxish, L50, F|\n|poke|p1|Tornadus, L50, M|\n|poke|p1|Pincurchin, L50, M|\n|poke|p1|Weezing-Galar, L50, F|\n|poke|p2|Calyrex-Shadow, L50|\n|poke|p2|Rillaboom, L50, M|\n|poke|p2|Urshifu-*, L50, M|\n|poke|p2|Incineroar, L50, M|\n|poke|p2|Clefairy, L50, F|\n|poke|p2|Raging Bolt, L50|\n|teampreview|4\n|inactive|Battle timer is ON: inactive players will automatically lose when time's up. (requested by BellmanTGM)\n|\n|t:|1738047495\n|start\n|switch|p1a: Incineroar|Incineroar, L50, M|100\/100\n|switch|p1b: Bruxish|Bruxish, L50, F|100\/100\n|switch|p2a: Calyrex|Calyrex-Shadow, L50|100\/100\n|switch|p2b: Urshifu|Urshifu-Rapid-Strike, L50, M|100\/100\n|-ability|p2a: Calyrex|As One\n|-ability|p2a: Calyrex|Unnerve\n|-ability|p1a: Incineroar|Intimidate|boost\n|-unboost|p2a: Calyrex|atk|1\n|-unboost|p2b: Urshifu|atk|1\n|turn|1\n|\n|t:|1738047511\n|-terastallize|p2a: Calyrex|Fairy\n|move|p2b: Urshifu|Surging Strikes|p1a: Incineroar\n|-supereffective|p1a: Incineroar\n|-crit|p1a: Incineroar\n|-damage|p1a: Incineroar|71\/100\n|-supereffective|p1a: Incineroar\n|-crit|p1a: Incineroar\n|-damage|p1a: Incineroar|41\/100\n|-supereffective|p1a: Incineroar\n|-crit|p1a: Incineroar\n|-damage|p1a: Incineroar|10\/100\n|-hitcount|p1a: Incineroar|3\n|move|p2a: Calyrex|Astral Barrage|p1b: Bruxish|[spread] p1a,p1b\n|-resisted|p1a: Incineroar\n|-supereffective|p1b: Bruxish\n|-damage|p1a: Incineroar|0 fnt\n|-enditem|p1b: Bruxish|Focus Sash\n|-damage|p1b: Bruxish|1\/100\n|faint|p1a: Incineroar\n|-ability|p2a: Calyrex|Grim Neigh|boost\n|-boost|p2a: Calyrex|spa|1\n|-damage|p2a: Calyrex|91\/100|[from] item: Life Orb\n|move|p1b: Bruxish|Trick Room|p1b: Bruxish\n|-fieldstart|move: Trick Room|[of] p1b: Bruxish\n|\n|upkeep\n|\n|t:|1738047523\n|switch|p1a: Kyogre|Kyogre, L50|100\/100\n|-weather|RainDance|[from] ability: Drizzle|[of] p1a: Kyogre\n|turn|2\n|\n|t:|1738047527\n|-terastallize|p1a: Kyogre|Water\n|move|p2a: Calyrex|Protect|p2a: Calyrex\n|-singleturn|p2a: Calyrex|Protect\n|move|p1a: Kyogre|Water Spout|p2a: Calyrex|[spread] p2b\n|-activate|p2a: Calyrex|move: Protect\n|-resisted|p2b: Urshifu\n|-damage|p2b: Urshifu|2\/100\n|move|p1b: Bruxish|Psyshock|p2b: Urshifu\n|-supereffective|p2b: Urshifu\n|-damage|p2b: Urshifu|0 fnt\n|faint|p2b: Urshifu\n|\n|-weather|RainDance|[upkeep]\n|upkeep\n|\n|t:|1738047540\n|switch|p2b: Raging Bolt|Raging Bolt, L50|100\/100\n|-enditem|p2b: Raging Bolt|Booster Energy\n|-activate|p2b: Raging Bolt|ability: Protosynthesis|[fromitem]\n|-start|p2b: Raging Bolt|protosynthesisspa\n|turn|3\n|\n|t:|1738047553\n|move|p1a: Kyogre|Water Spout|p2a: Calyrex|[spread] p2a,p2b\n|-resisted|p2b: Raging Bolt\n|-damage|p2a: Calyrex|0 fnt\n|-damage|p2b: Raging Bolt|43\/100\n|faint|p2a: Calyrex\n|move|p1b: Bruxish|Psyshock|p2b: Raging Bolt\n|-damage|p2b: Raging Bolt|18\/100\n|move|p2b: Raging Bolt|Thunderbolt|p1b: Bruxish\n|-supereffective|p1b: Bruxish\n|-damage|p1b: Bruxish|0 fnt\n|faint|p1b: Bruxish\n|\n|-weather|RainDance|[upkeep]\n|upkeep\n|\n|t:|1738047565\n|switch|p1b: Weezing|Weezing-Galar, L50, F|100\/100\n|switch|p2a: Rillaboom|Rillaboom, L50, M|100\/100\n|-ability|p1b: Weezing|Neutralizing Gas\n|turn|4\n|\n|t:|1738047586\n|move|p1a: Kyogre|Protect|p1a: Kyogre\n|-singleturn|p1a: Kyogre|Protect\n|move|p2b: Raging Bolt|Protect|p2b: Raging Bolt\n|-singleturn|p2b: Raging Bolt|Protect\n|move|p1b: Weezing|Sludge Bomb|p2b: Raging Bolt\n|-activate|p2b: Raging Bolt|move: Protect\n|move|p2a: Rillaboom|Wood Hammer|p1a: Kyogre\n|-activate|p1a: Kyogre|move: Protect\n|\n|-weather|RainDance|[upkeep]\n|upkeep\n|turn|5\n|\n|t:|1738047596\n|move|p1a: Kyogre|Protect||[still]\n|-fail|p1a: Kyogre\n|move|p2b: Raging Bolt|Thunderclap||[still]\n|-fail|p2b: Raging Bolt\n|move|p1b: Weezing|Sludge Bomb|p2b: Raging Bolt\n|-damage|p2b: Raging Bolt|0 fnt\n|faint|p2b: Raging Bolt\n|-end|p2b: Raging Bolt|Protosynthesis|[silent]\n|move|p2a: Rillaboom|Wood Hammer|p1a: Kyogre\n|-supereffective|p1a: Kyogre\n|-crit|p1a: Kyogre\n|-damage|p1a: Kyogre|0 fnt\n|faint|p1a: Kyogre\n|-damage|p2a: Rillaboom|65\/100|[from] Recoil\n|\n|-weather|RainDance|[upkeep]\n|-fieldend|move: Trick Room\n|upkeep\n|turn|6\n|\n|t:|1738047609\n|move|p2a: Rillaboom|High Horsepower|p1b: Weezing\n|-supereffective|p1b: Weezing\n|-damage|p1b: Weezing|42\/100\n|move|p1b: Weezing|Sludge Bomb|p2a: Rillaboom\n|-supereffective|p2a: Rillaboom\n|-damage|p2a: Rillaboom|0 fnt\n|faint|p2a: Rillaboom\n|\n|win|BellmanTGM\n|raw|BellmanTGM's rating: 1550 &rarr; <strong>1570<\/strong><br \/>(+20 for winning)\n|raw|Spottedwoot's rating: 1558 &rarr; <strong>1538<\/strong><br \/>(-20 for losing)\n","uploadtime":1738047614,"views":41,"formatid":"gen9vgc2025regg","rating":1538,"private":0,"password":null}