{"id":"gen9vgc2025regg-2289510338","format":"[Gen 9] VGC 2025 Reg G","players":["FebGC2025","pokehys2"],"log":"|j|\u2606FebGC2025\n|j|\u2606pokehys2\n|t:|1738023380\n|gametype|doubles\n|player|p1|FebGC2025|n|1590\n|player|p2|pokehys2|170|1581\n|teamsize|p1|6\n|teamsize|p2|6\n|gen|9\n|tier|[Gen 9] VGC 2025 Reg G\n|rated|\n|rule|Species Clause: Limit one of each Pok\u00e9mon\n|rule|Item Clause: Limit 1 of each item\n|clearpoke\n|poke|p1|Calyrex-Ice, L50|\n|poke|p1|Urshifu-*, L50, F|\n|poke|p1|Raging Bolt, L50|\n|poke|p1|Ogerpon-Cornerstone, L50, F|\n|poke|p1|Chi-Yu, L50|\n|poke|p1|Rillaboom, L50, F|\n|poke|p2|Urshifu-*, L50, M|\n|poke|p2|Ogerpon-Wellspring, L50, F|\n|poke|p2|Ursaluna, L50, M|\n|poke|p2|Torkoal, L50, F|\n|poke|p2|Lunala, L50|\n|poke|p2|Indeedee-F, L50, F|\n|teampreview|4\n|inactive|Battle timer is ON: inactive players will automatically lose when time's up. (requested by pokehys2)\n|j| Therazer456\n|inactive|FebGC2025 has 60 seconds left.\n|j| mr pogostick\n|inactive|FebGC2025 has 30 seconds left.\n|\n|t:|1738023446\n|start\n|switch|p1a: Calyrex|Calyrex-Ice, L50|100\/100\n|switch|p1b: Chi-Yu|Chi-Yu, L50|100\/100\n|switch|p2a: Lunala|Lunala, L50|100\/100\n|switch|p2b: Indeedee|Indeedee-F, L50, F|100\/100\n|-ability|p1a: Calyrex|As One\n|-ability|p1a: Calyrex|Unnerve\n|-ability|p1b: Chi-Yu|Beads of Ruin\n|-fieldstart|move: Psychic Terrain|[from] ability: Psychic Surge|[of] p2b: Indeedee\n|turn|1\n|inactive|pokehys2 has 30 seconds left.\n|inactive|pokehys2 has 20 seconds left.\n|inactive|pokehys2 has 15 seconds left.\n|\n|t:|1738023488\n|-terastallize|p2b: Indeedee|Fairy\n|move|p1b: Chi-Yu|Snarl|p2b: Indeedee|[spread] p2a,p2b\n|-supereffective|p2a: Lunala\n|-resisted|p2b: Indeedee\n|-damage|p2a: Lunala|60\/100\n|-damage|p2b: Indeedee|85\/100\n|-unboost|p2a: Lunala|spa|1\n|-unboost|p2b: Indeedee|spa|1\n|move|p2a: Lunala|Meteor Beam||[still]\n|-prepare|p2a: Lunala|Meteor Beam\n|-boost|p2a: Lunala|spa|1\n|-enditem|p2a: Lunala|Power Herb\n|-anim|p2a: Lunala|Meteor Beam|p1a: Calyrex\n|-supereffective|p1a: Calyrex\n|-damage|p1a: Calyrex|20\/100\n|move|p1a: Calyrex|Glacial Lance|p2b: Indeedee|[spread] p2a,p2b\n|-damage|p2a: Lunala|12\/100\n|-damage|p2b: Indeedee|31\/100\n|move|p2b: Indeedee|Trick Room|p2b: Indeedee\n|-fieldstart|move: Trick Room|[of] p2b: Indeedee\n|\n|upkeep\n|turn|2\n|inactive|FebGC2025 has 30 seconds left.\n|\n|t:|1738023519\n|switch|p1b: Rillaboom|Rillaboom, L50, F|100\/100\n|-fieldstart|move: Grassy Terrain|[from] ability: Grassy Surge|[of] p1b: Rillaboom\n|move|p1a: Calyrex|High Horsepower|p2a: Lunala\n|-damage|p2a: Lunala|0 fnt\n|faint|p2a: Lunala\n|-ability|p1a: Calyrex|Chilling Neigh|boost\n|-boost|p1a: Calyrex|atk|1\n|move|p2b: Indeedee|Dazzling Gleam|p1a: Calyrex|[spread] p1a,p1b\n|-damage|p1a: Calyrex|11\/100\n|-damage|p1b: Rillaboom|91\/100\n|\n|-heal|p1a: Calyrex|17\/100|[from] Grassy Terrain\n|-heal|p2b: Indeedee|37\/100|[from] Grassy Terrain\n|-heal|p1b: Rillaboom|97\/100|[from] Grassy Terrain\n|upkeep\n|\n|t:|1738023531\n|switch|p2a: Ursaluna|Ursaluna, L50, M|100\/100\n|turn|3\n|\n|t:|1738023551\n|switch|p2b: Torkoal|Torkoal, L50, F|100\/100\n|-weather|SunnyDay|[from] ability: Drought|[of] p2b: Torkoal\n|move|p2a: Ursaluna|Protect|p2a: Ursaluna\n|-singleturn|p2a: Ursaluna|Protect\n|move|p1b: Rillaboom|Fake Out|p2a: Ursaluna\n|-activate|p2a: Ursaluna|move: Protect\n|move|p1a: Calyrex|Glacial Lance|p2b: Torkoal|[spread] p2b\n|-activate|p2a: Ursaluna|move: Protect\n|-resisted|p2b: Torkoal\n|-damage|p2b: Torkoal|68\/100\n|\n|-weather|SunnyDay|[upkeep]\n|-heal|p2b: Torkoal|75\/100|[from] Grassy Terrain\n|-heal|p1a: Calyrex|23\/100|[from] Grassy Terrain\n|-heal|p1b: Rillaboom|100\/100|[from] Grassy Terrain\n|-status|p2a: Ursaluna|brn|[from] item: Flame Orb\n|upkeep\n|turn|4\n|inactive|FebGC2025 has 30 seconds left.\n|inactive|pokehys2 has 30 seconds left.\n|\n|t:|1738023582\n|switch|p1a: Chi-Yu|Chi-Yu, L50|100\/100\n|-ability|p1a: Chi-Yu|Beads of Ruin\n|-terastallize|p1b: Rillaboom|Fire\n|move|p2b: Torkoal|Weather Ball|p1a: Chi-Yu\n|-resisted|p1a: Chi-Yu\n|-damage|p1a: Chi-Yu|54\/100\n|move|p2a: Ursaluna|Facade|p1b: Rillaboom\n|-damage|p1b: Rillaboom|0 fnt\n|faint|p1b: Rillaboom\n|\n|-weather|SunnyDay|[upkeep]\n|-heal|p2b: Torkoal|81\/100|[from] Grassy Terrain\n|-heal|p1a: Chi-Yu|60\/100|[from] Grassy Terrain\n|-damage|p2a: Ursaluna|95\/100 brn|[from] brn\n|upkeep\n|inactive|FebGC2025 has 30 seconds left.\n|\n|t:|1738023609\n|switch|p1b: Calyrex|Calyrex-Ice, L50|23\/100\n|-ability|p1b: Calyrex|As One\n|-ability|p1b: Calyrex|Unnerve\n|turn|5\n|\n|t:|1738023629\n|switch|p2b: Indeedee|Indeedee-F, L50, F, tera:Fairy|37\/100\n|-fieldstart|move: Psychic Terrain|[from] ability: Psychic Surge|[of] p2b: Indeedee\n|switch|p1a: Urshifu|Urshifu-Rapid-Strike, L50, F|100\/100\n|move|p1b: Calyrex|Protect|p1b: Calyrex\n|-singleturn|p1b: Calyrex|Protect\n|move|p2a: Ursaluna|Facade|p1a: Urshifu\n|-enditem|p1a: Urshifu|Focus Sash\n|-damage|p1a: Urshifu|1\/100\n|\n|-weather|SunnyDay|[upkeep]\n|-damage|p2a: Ursaluna|89\/100 brn|[from] brn\n|-fieldend|move: Trick Room\n|upkeep\n|turn|6\n|inactive|FebGC2025 has 30 seconds left.\n|\n|t:|1738023661\n|move|p2b: Indeedee|Follow Me|p2b: Indeedee\n|-singleturn|p2b: Indeedee|move: Follow Me\n|move|p1a: Urshifu|Close Combat|p2b: Indeedee\n|-resisted|p2b: Indeedee\n|-damage|p2b: Indeedee|7\/100\n|-unboost|p1a: Urshifu|def|1\n|-unboost|p1a: Urshifu|spd|1\n|-damage|p1a: Urshifu|0 fnt|[from] item: Rocky Helmet|[of] p2b: Indeedee\n|faint|p1a: Urshifu\n|move|p1b: Calyrex|Glacial Lance|p2b: Indeedee|[spread] p2a,p2b\n|-supereffective|p2a: Ursaluna\n|-damage|p2a: Ursaluna|3\/100 brn\n|-damage|p2b: Indeedee|0 fnt\n|faint|p2b: Indeedee\n|-ability|p1b: Calyrex|Chilling Neigh|boost\n|-boost|p1b: Calyrex|atk|1\n|move|p2a: Ursaluna|Earthquake|p1b: Calyrex\n|-damage|p1b: Calyrex|0 fnt\n|faint|p1b: Calyrex\n|\n|-weather|SunnyDay|[upkeep]\n|-damage|p2a: Ursaluna|0 fnt|[from] brn\n|faint|p2a: Ursaluna\n|upkeep\n|\n|t:|1738023674\n|switch|p2b: Torkoal|Torkoal, L50, F|81\/100\n|switch|p1b: Chi-Yu|Chi-Yu, L50|60\/100\n|-ability|p1b: Chi-Yu|Beads of Ruin\n|turn|7\n|\n|t:|1738023683\n|move|p1b: Chi-Yu|Overheat|p2b: Torkoal|[miss]\n|-miss|p1b: Chi-Yu|p2b: Torkoal\n|move|p2b: Torkoal|Earth Power|p1b: Chi-Yu\n|-supereffective|p1b: Chi-Yu\n|-damage|p1b: Chi-Yu|0 fnt\n|faint|p1b: Chi-Yu\n|\n|win|pokehys2\n|raw|FebGC2025's rating: 1590 &rarr; <strong>1569<\/strong><br \/>(-21 for losing)\n|raw|pokehys2's rating: 1581 &rarr; <strong>1602<\/strong><br \/>(+21 for winning)\n","uploadtime":1738023689,"views":39,"formatid":"gen9vgc2025regg","rating":1569,"private":0,"password":null}