{"id":"gen9vgc2025regg-2289377953","format":"[Gen 9] VGC 2025 Reg G","players":["yodapoke","juanessamal"],"log":"|j|\u203dyodapoke\n|j|\u2606juanessamal\n|t:|1738009013\n|gametype|doubles\n|player|p1|yodapoke|lucas|1588\n|player|p2|juanessamal|266|1622\n|teamsize|p1|6\n|teamsize|p2|6\n|gen|9\n|tier|[Gen 9] VGC 2025 Reg G\n|rated|\n|rule|Species Clause: Limit one of each Pok\u00e9mon\n|rule|Item Clause: Limit 1 of each item\n|clearpoke\n|poke|p1|Lunala, L50|\n|poke|p1|Chi-Yu, L50|\n|poke|p1|Whimsicott, L50, M|\n|poke|p1|Rillaboom, L50, F|\n|poke|p1|Incineroar, L50, M|\n|poke|p1|Urshifu-*, L50, M|\n|poke|p2|Sableye, L50, F|\n|poke|p2|Iron Valiant, L50|\n|poke|p2|Smeargle, L50, F|\n|poke|p2|Groudon, L50|\n|poke|p2|Tornadus, L50, M|\n|poke|p2|Chi-Yu, L50|\n|teampreview|4\n|\n|t:|1738009040\n|start\n|switch|p1a: Whimsicott|Whimsicott, L50, M|100\/100\n|switch|p1b: Incineroar|Incineroar, L50, M|100\/100\n|switch|p2a: Sableye|Sableye, L50, F|100\/100\n|switch|p2b: Iron Valiant|Iron Valiant, L50|100\/100\n|-ability|p1b: Incineroar|Intimidate|boost\n|-unboost|p2a: Sableye|atk|1\n|-unboost|p2b: Iron Valiant|atk|1\n|-enditem|p2b: Iron Valiant|Booster Energy\n|-activate|p2b: Iron Valiant|ability: Quark Drive|[fromitem]\n|-start|p2b: Iron Valiant|quarkdrivespe\n|turn|1\n|\n|t:|1738009057\n|move|p2b: Iron Valiant|Protect|p2b: Iron Valiant\n|-singleturn|p2b: Iron Valiant|Protect\n|move|p2a: Sableye|Gravity|p2a: Sableye\n|-fieldstart|move: Gravity\n|move|p1a: Whimsicott|Moonblast|p2a: Sableye\n|-supereffective|p2a: Sableye\n|-damage|p2a: Sableye|36\/100\n|-unboost|p2a: Sableye|spa|1\n|-enditem|p2a: Sableye|Eject Button\n|j| GooglePay\n|\n|t:|1738009067\n|switch|p2a: Groudon|Groudon, L50, shiny|100\/100\n|-weather|SunnyDay|[from] ability: Drought|[of] p2a: Groudon\n|move|p1b: Incineroar|Knock Off|p2a: Groudon\n|-damage|p2a: Groudon|75\/100\n|-enditem|p2a: Groudon|Life Orb|[from] move: Knock Off|[of] p1b: Incineroar\n|\n|-weather|SunnyDay|[upkeep]\n|upkeep\n|turn|2\n|\n|t:|1738009091\n|move|p1a: Whimsicott|Charm|p2a: Groudon\n|-unboost|p2a: Groudon|atk|2\n|move|p2b: Iron Valiant|Hypnosis|p1a: Whimsicott\n|-status|p1a: Whimsicott|slp|[from] move: Hypnosis\n|move|p2a: Groudon|Swords Dance|p2a: Groudon\n|-boost|p2a: Groudon|atk|2\n|move|p1b: Incineroar|Taunt|p2b: Iron Valiant\n|-start|p2b: Iron Valiant|move: Taunt\n|\n|-weather|SunnyDay|[upkeep]\n|upkeep\n|turn|3\n|\n|t:|1738009110\n|-end|p2b: Iron Valiant|Quark Drive|[silent]\n|switch|p2b: Sableye|Sableye, L50, F|36\/100\n|cant|p1a: Whimsicott|slp\n|move|p2a: Groudon|Swords Dance|p2a: Groudon\n|-boost|p2a: Groudon|atk|2\n|move|p1b: Incineroar|Taunt|p2a: Groudon\n|-start|p2a: Groudon|move: Taunt\n|\n|-weather|SunnyDay|[upkeep]\n|upkeep\n|turn|4\n|\n|t:|1738009126\n|-curestatus|p1a: Whimsicott|slp|[msg]\n|move|p1a: Whimsicott|Charm|p2a: Groudon\n|-unboost|p2a: Groudon|atk|2\n|move|p2a: Groudon|Precipice Blades|p1a: Whimsicott|[spread] p1a,p1b\n|-resisted|p1a: Whimsicott\n|-supereffective|p1b: Incineroar\n|-damage|p1a: Whimsicott|67\/100\n|-damage|p1b: Incineroar|23\/100\n|move|p1b: Incineroar|Parting Shot|p2a: Groudon\n|-unboost|p2a: Groudon|atk|1\n|-unboost|p2a: Groudon|spa|1\n|\n|t:|1738009137\n|switch|p1b: Rillaboom|Rillaboom, L50, F|100\/100|[from] Parting Shot\n|-fieldstart|move: Grassy Terrain|[from] ability: Grassy Surge|[of] p1b: Rillaboom\n|move|p2b: Sableye|Foul Play|p1a: Whimsicott\n|-resisted|p1a: Whimsicott\n|-damage|p1a: Whimsicott|56\/100\n|\n|-weather|SunnyDay|[upkeep]\n|-heal|p1a: Whimsicott|62\/100|[from] Grassy Terrain\n|-heal|p2a: Groudon|81\/100|[from] Grassy Terrain\n|-heal|p2b: Sableye|41\/100|[from] Grassy Terrain\n|upkeep\n|turn|5\n|\n|t:|1738009154\n|switch|p2a: Chi-Yu|Chi-Yu, L50|100\/100\n|-ability|p2a: Chi-Yu|Beads of Ruin\n|switch|p1b: Incineroar|Incineroar, L50, M|23\/100\n|-ability|p1b: Incineroar|Intimidate|boost\n|-unboost|p2a: Chi-Yu|atk|1\n|-unboost|p2b: Sableye|atk|1\n|move|p1a: Whimsicott|Moonblast|p2b: Sableye\n|-supereffective|p2b: Sableye\n|-damage|p2b: Sableye|0 fnt\n|faint|p2b: Sableye\n|\n|-weather|none\n|-heal|p1a: Whimsicott|68\/100|[from] Grassy Terrain\n|-heal|p1b: Incineroar|29\/100|[from] Grassy Terrain\n|-fieldend|move: Gravity\n|upkeep\n|\n|t:|1738009170\n|switch|p2b: Groudon|Groudon, L50, shiny|81\/100\n|-weather|SunnyDay|[from] ability: Drought|[of] p2b: Groudon\n|turn|6\n|j| brrkz\n|\n|t:|1738009190\n|move|p1a: Whimsicott|Tailwind|p1a: Whimsicott\n|-sidestart|p1: yodapoke|move: Tailwind\n|move|p2a: Chi-Yu|Heat Wave|p1b: Incineroar|[spread] p1b\n|-miss|p2a: Chi-Yu|p1a: Whimsicott\n|-resisted|p1b: Incineroar\n|-damage|p1b: Incineroar|0 fnt\n|faint|p1b: Incineroar\n|move|p2b: Groudon|Swords Dance|p2b: Groudon\n|-boost|p2b: Groudon|atk|2\n|\n|-weather|SunnyDay|[upkeep]\n|-heal|p1a: Whimsicott|74\/100|[from] Grassy Terrain\n|-heal|p2b: Groudon|87\/100|[from] Grassy Terrain\n|upkeep\n|\n|t:|1738009204\n|switch|p1b: Lunala|Lunala, L50|100\/100\n|turn|7\n|\n|t:|1738009217\n|switch|p2a: Iron Valiant|Iron Valiant, L50|100\/100\n|move|p1b: Lunala|Wide Guard|p1b: Lunala\n|-singleturn|p1b: Lunala|Wide Guard\n|move|p1a: Whimsicott|Encore|p2b: Groudon\n|-start|p2b: Groudon|Encore\n|move|p2b: Groudon|Swords Dance|p2b: Groudon\n|-boost|p2b: Groudon|atk|2\n|\n|-weather|SunnyDay|[upkeep]\n|-heal|p1a: Whimsicott|80\/100|[from] Grassy Terrain\n|-heal|p2b: Groudon|93\/100|[from] Grassy Terrain\n|upkeep\n|turn|8\n|\n|t:|1738009238\n|switch|p2b: Chi-Yu|Chi-Yu, L50|100\/100\n|-ability|p2b: Chi-Yu|Beads of Ruin\n|move|p1a: Whimsicott|Moonblast|p2a: Iron Valiant\n|-supereffective|p2a: Iron Valiant\n|-crit|p2a: Iron Valiant\n|-damage|p2a: Iron Valiant|0 fnt\n|faint|p2a: Iron Valiant\n|-end|p2a: Iron Valiant|Quark Drive|[silent]\n|move|p1b: Lunala|Calm Mind|p1b: Lunala\n|-boost|p1b: Lunala|spa|1\n|-boost|p1b: Lunala|spd|1\n|\n|-weather|SunnyDay|[upkeep]\n|-heal|p1a: Whimsicott|86\/100|[from] Grassy Terrain\n|-fieldend|move: Grassy Terrain\n|upkeep\n|\n|t:|1738009253\n|switch|p2a: Groudon|Groudon, L50, shiny|93\/100\n|turn|9\n|\n|t:|1738009263\n|-terastallize|p1b: Lunala|Fairy\n|move|p1a: Whimsicott|Charm|p2a: Groudon\n|-unboost|p2a: Groudon|atk|2\n|move|p1b: Lunala|Dazzling Gleam|p2a: Groudon|[spread] p2a,p2b\n|-damage|p2a: Groudon|28\/100\n|-damage|p2b: Chi-Yu|42\/100\n|move|p2b: Chi-Yu|Heat Wave|p1a: Whimsicott|[spread] p1a,p1b\n|-supereffective|p1a: Whimsicott\n|-damage|p1a: Whimsicott|0 fnt\n|-damage|p1b: Lunala|81\/100\n|faint|p1a: Whimsicott\n|move|p2a: Groudon|Swords Dance|p2a: Groudon\n|-boost|p2a: Groudon|atk|2\n|\n|-weather|SunnyDay|[upkeep]\n|-heal|p1b: Lunala|87\/100|[from] item: Leftovers\n|-sideend|p1: yodapoke|move: Tailwind\n|upkeep\n|\n|t:|1738009275\n|switch|p1a: Rillaboom|Rillaboom, L50, F|100\/100\n|-fieldstart|move: Grassy Terrain|[from] ability: Grassy Surge|[of] p1a: Rillaboom\n|turn|10\n|\n|t:|1738009311\n|move|p2a: Groudon|Protect|p2a: Groudon\n|-singleturn|p2a: Groudon|Protect\n|move|p1b: Lunala|Wide Guard|p1b: Lunala\n|-singleturn|p1b: Lunala|Wide Guard\n|move|p1a: Rillaboom|Grassy Glide|p2a: Groudon\n|-activate|p2a: Groudon|move: Protect\n|move|p2b: Chi-Yu|Heat Wave|p1a: Rillaboom|[spread] \n|-activate|p1a: Rillaboom|move: Wide Guard\n|-activate|p1b: Lunala|move: Wide Guard\n|\n|-weather|none\n|-heal|p2b: Chi-Yu|48\/100|[from] Grassy Terrain\n|-heal|p1b: Lunala|93\/100|[from] Grassy Terrain\n|-heal|p1b: Lunala|99\/100|[from] item: Leftovers\n|-heal|p2a: Groudon|34\/100|[from] Grassy Terrain\n|upkeep\n|turn|11\n|\n|t:|1738009323\n|move|p1b: Lunala|Wide Guard|p1b: Lunala\n|-singleturn|p1b: Lunala|Wide Guard\n|move|p1a: Rillaboom|Grassy Glide|p2a: Groudon\n|-supereffective|p2a: Groudon\n|-damage|p2a: Groudon|0 fnt\n|faint|p2a: Groudon\n|move|p2b: Chi-Yu|Heat Wave|p1a: Rillaboom|[spread] \n|-activate|p1a: Rillaboom|move: Wide Guard\n|-activate|p1b: Lunala|move: Wide Guard\n|\n|-heal|p2b: Chi-Yu|54\/100|[from] Grassy Terrain\n|-heal|p1b: Lunala|100\/100|[from] Grassy Terrain\n|upkeep\n|turn|12\n|inactive|Battle timer is ON: inactive players will automatically lose when time's up. (requested by yodapoke)\n|j| novotexx\n|inactive|juanessamal has 60 seconds left.\n|inactive|juanessamal has 30 seconds left.\n|l| brrkz\n|inactive|juanessamal has 20 seconds left.\n|inactive|juanessamal has 15 seconds left.\n|inactive|juanessamal has 10 seconds left.\n|inactive|juanessamal has 5 seconds left.\n|\n|t:|1738009450\n|move|p1b: Lunala|Wide Guard|p1b: Lunala\n|-singleturn|p1b: Lunala|Wide Guard\n|move|p2b: Chi-Yu|Heat Wave|p1a: Rillaboom|[spread] \n|-activate|p1a: Rillaboom|move: Wide Guard\n|-activate|p1b: Lunala|move: Wide Guard\n|move|p1a: Rillaboom|Wood Hammer|p2b: Chi-Yu\n|-resisted|p2b: Chi-Yu\n|-damage|p2b: Chi-Yu|0 fnt\n|faint|p2b: Chi-Yu\n|-damage|p1a: Rillaboom|89\/100|[from] Recoil\n|\n|win|yodapoke\n|raw|yodapoke's rating: 1588 &rarr; <strong>1608<\/strong><br \/>(+20 for winning)\n|raw|juanessamal's rating: 1594 &rarr; <strong>1574<\/strong><br \/>(-20 for losing)\n|l|\u203dyodapoke\n|player|p1|\n","uploadtime":1738009718,"views":11,"formatid":"gen9vgc2025regg","rating":1574,"private":0,"password":null}