{"id":"gen9vgc2025regg-2289622287","format":"[Gen 9] VGC 2025 Reg G","players":["Wilfredistall","Cdogp"],"log":"|j|\u2606Wilfredistall\n|j|\u2606Cdogp\n|t:|1738038100\n|gametype|doubles\n|player|p1|Wilfredistall|170|1628\n|player|p2|Cdogp|wattson|1731\n|teamsize|p1|6\n|teamsize|p2|6\n|gen|9\n|tier|[Gen 9] VGC 2025 Reg G\n|rated|\n|rule|Species Clause: Limit one of each Pok\u00e9mon\n|rule|Item Clause: Limit 1 of each item\n|clearpoke\n|poke|p1|Miraidon, L50|\n|poke|p1|Whimsicott, L50, F|\n|poke|p1|Urshifu-*, L50, M|\n|poke|p1|Ogerpon-Hearthflame, L50, F|\n|poke|p1|Farigiraf, L50, F|\n|poke|p1|Iron Hands, L50|\n|poke|p2|Calyrex-Ice, L50|\n|poke|p2|Urshifu-*, L50, M|\n|poke|p2|Whimsicott, L50, F|\n|poke|p2|Landorus, L50, M|\n|poke|p2|Ditto, L50|\n|poke|p2|Raging Bolt, L50|\n|teampreview|4\nWilfredistall has agreed to open team sheets.\n|c|\u2606Cdogp|I disagree Liam saroca\n|\n|t:|1738038127\n|start\n|switch|p1a: Ogerpon|Ogerpon-Hearthflame, L50, F|100\/100\n|switch|p1b: Miraidon|Miraidon, L50|100\/100\n|switch|p2a: Landorus|Landorus, L50, M|100\/100\n|switch|p2b: Whimsicott|Whimsicott, L50, F|100\/100\n|-fieldstart|move: Electric Terrain|[from] ability: Hadron Engine|[of] p1b: Miraidon\n|-ability|p1a: Ogerpon|Mold Breaker\n|turn|1\n|\n|t:|1738038137\n|-terastallize|p1b: Miraidon|Fairy\n|move|p2b: Whimsicott|Tailwind|p2b: Whimsicott\n|-sidestart|p2: Cdogp|move: Tailwind\n|move|p2a: Landorus|Sandsear Storm|p1b: Miraidon|[spread] p1b\n|-miss|p2a: Landorus|p1a: Ogerpon\n|-damage|p1b: Miraidon|41\/100\n|move|p1b: Miraidon|Dazzling Gleam|p2b: Whimsicott|[spread] p2a,p2b\n|-damage|p2a: Landorus|13\/100\n|-damage|p2b: Whimsicott|20\/100\n|move|p1a: Ogerpon|Ivy Cudgel|p2b: Whimsicott|[anim] Ivy Cudgel Fire\n|-supereffective|p2b: Whimsicott\n|-damage|p2b: Whimsicott|0 fnt\n|faint|p2b: Whimsicott\n|\n|upkeep\n|\n|t:|1738038144\n|switch|p2b: Calyrex|Calyrex-Ice, L50|100\/100\n|-ability|p2b: Calyrex|As One\n|-ability|p2b: Calyrex|Unnerve\n|turn|2\n|\n|t:|1738038152\n|move|p1a: Ogerpon|Spiky Shield|p1a: Ogerpon\n|-singleturn|p1a: Ogerpon|move: Protect\n|move|p2a: Landorus|Sandsear Storm|p1b: Miraidon|[spread] p1b\n|-activate|p1a: Ogerpon|move: Protect\n|-damage|p1b: Miraidon|0 fnt\n|faint|p1b: Miraidon\n|move|p2b: Calyrex|Glacial Lance|p1a: Ogerpon\n|-activate|p1a: Ogerpon|move: Protect\n|\n|upkeep\n|\n|t:|1738038153\n|switch|p1b: Whimsicott|Whimsicott, L50, F|100\/100\n|turn|3\n|\n|t:|1738038167\n|-terastallize|p2b: Calyrex|Water\n|move|p1b: Whimsicott|Tailwind|p1b: Whimsicott\n|-sidestart|p1: Wilfredistall|move: Tailwind\n|move|p1a: Ogerpon|Ivy Cudgel|p2a: Landorus|[anim] Ivy Cudgel Fire\n|-damage|p2a: Landorus|0 fnt\n|faint|p2a: Landorus\n|move|p2b: Calyrex|Glacial Lance|p1b: Whimsicott|[spread] p1a,p1b\n|-supereffective|p1b: Whimsicott\n|-damage|p1a: Ogerpon|44\/100\n|-damage|p1b: Whimsicott|0 fnt\n|faint|p1b: Whimsicott\n|-ability|p2b: Calyrex|Chilling Neigh|boost\n|-boost|p2b: Calyrex|atk|1\n|\n|upkeep\n|\n|t:|1738038173\n|switch|p1b: Iron Hands|Iron Hands, L50|100\/100\n|switch|p2a: Ditto|Ditto, L50|100\/100\n|-transform|p2a: Ditto|p1b: Iron Hands|[from] ability: Imposter\n|-activate|p1b: Iron Hands|ability: Quark Drive\n|-start|p1b: Iron Hands|quarkdriveatk\n|turn|4\n|\n|t:|1738038181\n|move|p1a: Ogerpon|Spiky Shield|p1a: Ogerpon\n|-singleturn|p1a: Ogerpon|move: Protect\n|move|p2a: Ditto|Fake Out|p1a: Ogerpon\n|-activate|p1a: Ogerpon|move: Protect\n|-damage|p2a: Ditto|88\/100|[from] Spiky Shield|[of] p1a: Ogerpon\n|move|p1b: Iron Hands|Fake Out|p2b: Calyrex\n|-damage|p2b: Calyrex|87\/100\n|cant|p2b: Calyrex|flinch\n|\n|-sideend|p2: Cdogp|move: Tailwind\n|upkeep\n|turn|5\n|\n|t:|1738038190\n|move|p2a: Ditto|Fake Out||[still]\n|-hint|Fake Out only works on your first turn out.\n|-fail|p2a: Ditto\n|move|p1a: Ogerpon|Ivy Cudgel|p2a: Ditto|[anim] Ivy Cudgel Fire\n|-damage|p2a: Ditto|31\/100\n|move|p2b: Calyrex|Glacial Lance|p1b: Iron Hands|[spread] p1a,p1b\n|-damage|p1a: Ogerpon|0 fnt\n|-damage|p1b: Iron Hands|48\/100\n|faint|p1a: Ogerpon\n|-ability|p2b: Calyrex|Chilling Neigh|boost\n|-boost|p2b: Calyrex|atk|1\n|move|p1b: Iron Hands|Wild Charge|p2b: Calyrex\n|-supereffective|p2b: Calyrex\n|-crit|p2b: Calyrex\n|-damage|p2b: Calyrex|0 fnt\n|faint|p2b: Calyrex\n|-damage|p1b: Iron Hands|31\/100|[from] Recoil\n|\n|-fieldend|move: Electric Terrain\n|-end|p1b: Iron Hands|Quark Drive\n|upkeep\n|turn|6\n|\n|t:|1738038204\n|move|p2a: Ditto|Fake Out||[still]\n|-hint|Fake Out only works on your first turn out.\n|-fail|p2a: Ditto\n|move|p1b: Iron Hands|Drain Punch|p2a: Ditto\n|-crit|p2a: Ditto\n|-damage|p2a: Ditto|0 fnt\n|-heal|p1b: Iron Hands|42\/100|[from] drain|[of] p2a: Ditto\n|faint|p2a: Ditto\n|-end|p2a: Ditto|Quark Drive|[silent]\n|\n|win|Wilfredistall\n|raw|Wilfredistall's rating: 1628 &rarr; <strong>1653<\/strong><br \/>(+25 for winning)\n|raw|Cdogp's rating: 1710 &rarr; <strong>1685<\/strong><br \/>(-25 for losing)\n|l|\u2606Cdogp\n|player|p2|\n|l|\u2606Wilfredistall\n|player|p1|\n|j|\u2606Wilfredistall\n|player|p1|Wilfredistall|170|\n","uploadtime":1738038341,"views":29,"formatid":"gen9vgc2025regg","rating":1653,"private":0,"password":null}