{"id":"gen9vgc2025regg-2289077235","format":"[Gen 9] VGC 2025 Reg G","players":["bidoofutopia","MBSSQBBDS"],"log":"|j|\u2606bidoofutopia\n|j|\u2606MBSSQBBDS\n|t:|1737976051\n|gametype|doubles\n|player|p1|bidoofutopia|lucas|1565\n|player|p2|MBSSQBBDS|bianca|1569\n|teamsize|p1|6\n|teamsize|p2|6\n|gen|9\n|tier|[Gen 9] VGC 2025 Reg G\n|rated|\n|rule|Species Clause: Limit one of each Pok\u00e9mon\n|rule|Item Clause: Limit 1 of each item\n|clearpoke\n|poke|p1|Latios, L50, M|\n|poke|p1|Rillaboom, L50, M|\n|poke|p1|Zamazenta-*, L50|\n|poke|p1|Chien-Pao, L50|\n|poke|p1|Pelipper, L50, M|\n|poke|p1|Moltres-Galar, L50|\n|poke|p2|Calyrex-Shadow, L50|\n|poke|p2|Ditto, L50|\n|poke|p2|Raging Bolt, L50|\n|poke|p2|Urshifu-*, L50, M|\n|poke|p2|Brute Bonnet, L50|\n|poke|p2|Ogerpon-Hearthflame, L50, F|\n|teampreview|4\n|inactive|Battle timer is ON: inactive players will automatically lose when time's up. (requested by bidoofutopia)\nbidoofutopia has agreed to open team sheets.\n|j| MrXxmilizxX\n|inactive|bidoofutopia has 60 seconds left.\n|l| MrXxmilizxX\n|j| Lavenderawa\n|inactive|bidoofutopia has 30 seconds left.\n|inactive|bidoofutopia has 20 seconds left.\n|inactive|bidoofutopia has 15 seconds left.\n|inactive|bidoofutopia has 10 seconds left.\n|\n|t:|1737976135\n|start\n|switch|p1a: Zamazenta|Zamazenta-Crowned, L50|100\/100\n|switch|p1b: Moltres|Moltres-Galar, L50|100\/100\n|switch|p2a: Calyrex|Calyrex-Shadow, L50|100\/100\n|switch|p2b: Brute Bonnet|Brute Bonnet, L50|100\/100\n|-ability|p2a: Calyrex|As One\n|-ability|p2a: Calyrex|Unnerve\n|-ability|p1a: Zamazenta|Dauntless Shield|boost\n|-boost|p1a: Zamazenta|def|1\n|turn|1\n|\n|t:|1737976149\n|-terastallize|p2a: Calyrex|Fighting\n|move|p2a: Calyrex|Tera Blast|p1a: Zamazenta|[anim] Tera Blast Fighting\n|-supereffective|p1a: Zamazenta\n|-damage|p1a: Zamazenta|10\/100\n|-damage|p2a: Calyrex|91\/100|[from] item: Life Orb\n|move|p1a: Zamazenta|Body Press|p2b: Brute Bonnet\n|-supereffective|p2b: Brute Bonnet\n|-damage|p2b: Brute Bonnet|7\/100\n|-damage|p1a: Zamazenta|0 fnt|[from] item: Rocky Helmet|[of] p2b: Brute Bonnet\n|faint|p1a: Zamazenta\n|move|p1b: Moltres|Tailwind|p1b: Moltres\n|-sidestart|p1: bidoofutopia|move: Tailwind\n|move|p2b: Brute Bonnet|Spore|p1b: Moltres\n|-status|p1b: Moltres|slp|[from] move: Spore\n|\n|upkeep\n|\n|t:|1737976162\n|switch|p1a: Pelipper|Pelipper, L50, M|100\/100\n|-weather|RainDance|[from] ability: Drizzle|[of] p1a: Pelipper\n|turn|2\n|\n|t:|1737976173\n|move|p1a: Pelipper|Protect|p1a: Pelipper\n|-singleturn|p1a: Pelipper|Protect\n|move|p2b: Brute Bonnet|Rage Powder|p2b: Brute Bonnet\n|-singleturn|p2b: Brute Bonnet|move: Rage Powder\n|cant|p1b: Moltres|slp\n|move|p2a: Calyrex|Astral Barrage|p1a: Pelipper|[spread] p1b\n|-activate|p1a: Pelipper|move: Protect\n|-resisted|p1b: Moltres\n|-damage|p1b: Moltres|72\/100 slp\n|-damage|p2a: Calyrex|81\/100|[from] item: Life Orb\n|\n|-weather|RainDance|[upkeep]\n|upkeep\n|turn|3\n|inactive|bidoofutopia has 30 seconds left.\n|inactive|MBSSQBBDS has 30 seconds left.\n|inactive|bidoofutopia has 20 seconds left.\n|inactive|MBSSQBBDS has 20 seconds left.\n|inactive|bidoofutopia has 15 seconds left.\n|\n|t:|1737976216\n|move|p2b: Brute Bonnet|Rage Powder|p2b: Brute Bonnet\n|-singleturn|p2b: Brute Bonnet|move: Rage Powder\n|cant|p1b: Moltres|slp\n|move|p1a: Pelipper|Hurricane|p2b: Brute Bonnet\n|-supereffective|p2b: Brute Bonnet\n|-damage|p2b: Brute Bonnet|0 fnt\n|faint|p2b: Brute Bonnet\n|-end|p2b: Brute Bonnet|Protosynthesis|[silent]\n|move|p2a: Calyrex|Expanding Force|p1a: Pelipper\n|-damage|p1a: Pelipper|0 fnt\n|faint|p1a: Pelipper\n|-ability|p2a: Calyrex|Grim Neigh|boost\n|-boost|p2a: Calyrex|spa|1\n|-damage|p2a: Calyrex|72\/100|[from] item: Life Orb\n|\n|-weather|RainDance|[upkeep]\n|upkeep\n|\n|t:|1737976229\n|switch|p1a: Chien-Pao|Chien-Pao, L50|100\/100\n|switch|p2b: Raging Bolt|Raging Bolt, L50|100\/100\n|-ability|p1a: Chien-Pao|Sword of Ruin\n|turn|4\n|j| AliceWon\n|\n|t:|1737976242\n|-curestatus|p1b: Moltres|slp|[msg]\n|move|p1b: Moltres|Protect|p1b: Moltres\n|-singleturn|p1b: Moltres|Protect\n|move|p1a: Chien-Pao|Icicle Crash|p2b: Raging Bolt\n|-supereffective|p2b: Raging Bolt\n|-damage|p2b: Raging Bolt|6\/100\n|move|p2a: Calyrex|Astral Barrage|p1a: Chien-Pao|[spread] p1a\n|-activate|p1b: Moltres|move: Protect\n|-resisted|p1a: Chien-Pao\n|-damage|p1a: Chien-Pao|20\/100\n|-damage|p2a: Calyrex|62\/100|[from] item: Life Orb\n|cant|p2b: Raging Bolt|flinch\n|\n|-weather|RainDance|[upkeep]\n|-heal|p2b: Raging Bolt|12\/100|[from] item: Leftovers\n|-sideend|p1: bidoofutopia|move: Tailwind\n|upkeep\n|turn|5\n|\n|t:|1737976266\n|-terastallize|p1b: Moltres|Dark\n|move|p1a: Chien-Pao|Protect|p1a: Chien-Pao\n|-singleturn|p1a: Chien-Pao|Protect\n|move|p2b: Raging Bolt|Thunderclap||[still]\n|-fail|p2b: Raging Bolt\n|move|p2a: Calyrex|Astral Barrage|p1a: Chien-Pao|[spread] p1b\n|-activate|p1a: Chien-Pao|move: Protect\n|-resisted|p1b: Moltres\n|-damage|p1b: Moltres|33\/100\n|-ability|p1b: Moltres|Berserk|boost\n|-boost|p1b: Moltres|spa|1\n|-damage|p2a: Calyrex|52\/100|[from] item: Life Orb\n|move|p1b: Moltres|Tailwind|p1b: Moltres\n|-sidestart|p1: bidoofutopia|move: Tailwind\n|\n|-weather|RainDance|[upkeep]\n|-heal|p2b: Raging Bolt|18\/100|[from] item: Leftovers\n|upkeep\n|turn|6\n|inactive|MBSSQBBDS has 30 seconds left.\n|inactive|MBSSQBBDS has 20 seconds left.\n|inactive|MBSSQBBDS has 15 seconds left.\n|\n|t:|1737976309\n|move|p2a: Calyrex|Protect|p2a: Calyrex\n|-singleturn|p2a: Calyrex|Protect\n|move|p2b: Raging Bolt|Protect|p2b: Raging Bolt\n|-singleturn|p2b: Raging Bolt|Protect\n|move|p1a: Chien-Pao|Sucker Punch||[still]\n|-fail|p1a: Chien-Pao\n|move|p1b: Moltres|Fiery Wrath|p2b: Raging Bolt|[spread] \n|-activate|p2a: Calyrex|move: Protect\n|-activate|p2b: Raging Bolt|move: Protect\n|\n|-weather|none\n|-heal|p2b: Raging Bolt|25\/100|[from] item: Leftovers\n|upkeep\n|turn|7\n|\n|t:|1737976328\n|-end|p2b: Raging Bolt|Protosynthesis|[silent]\n|switch|p2b: Ditto|Ditto, L50|100\/100\n|-transform|p2b: Ditto|p1a: Chien-Pao|[from] ability: Imposter\n|-ability|p2b: Ditto|Sword of Ruin\n|move|p1a: Chien-Pao|Icicle Crash|p2a: Calyrex\n|-damage|p2a: Calyrex|0 fnt\n|faint|p2a: Calyrex\n|move|p1b: Moltres|Fiery Wrath|p2b: Ditto\n|-resisted|p2b: Ditto\n|-damage|p2b: Ditto|25\/100\n|\n|upkeep\n|\n|t:|1737976340\n|switch|p2a: Raging Bolt|Raging Bolt, L50|25\/100\n|turn|8\n|j| Rigox507\n|\n|t:|1737976350\n|move|p1a: Chien-Pao|Sucker Punch|p2a: Raging Bolt\n|-damage|p2a: Raging Bolt|0 fnt\n|faint|p2a: Raging Bolt\n|-end|p2a: Raging Bolt|Protosynthesis|[silent]\n|move|p2b: Ditto|Sucker Punch|p1b: Moltres\n|-resisted|p1b: Moltres\n|-damage|p1b: Moltres|14\/100\n|move|p1b: Moltres|Fiery Wrath|p2b: Ditto\n|-resisted|p2b: Ditto\n|-damage|p2b: Ditto|0 fnt\n|faint|p2b: Ditto\n|\n|win|bidoofutopia\n|raw|bidoofutopia's rating: 1565 &rarr; <strong>1585<\/strong><br \/>(+20 for winning)\n|raw|MBSSQBBDS's rating: 1569 &rarr; <strong>1549<\/strong><br \/>(-20 for losing)\n|l|\u2606MBSSQBBDS\n|player|p2|\n|l| AliceWon\n|l| Lavenderawa\n","uploadtime":1737976567,"views":9,"formatid":"gen9vgc2025regg","rating":1549,"private":0,"password":null}