{"id":"gen9vgc2025regg-2289624485","format":"[Gen 9] VGC 2025 Reg G","players":["ThetaB","GeorgeBraun"],"log":"|j|\u2606ThetaB\n|j|\u2606GeorgeBraun\n|t:|1738038426\n|gametype|doubles\n|player|p1|ThetaB|palmer|1565\n|player|p2|GeorgeBraun|gentleman-gen4|1531\n|teamsize|p1|6\n|teamsize|p2|6\n|gen|9\n|tier|[Gen 9] VGC 2025 Reg G\n|rated|\n|rule|Species Clause: Limit one of each Pok\u00e9mon\n|rule|Item Clause: Limit 1 of each item\n|clearpoke\n|poke|p1|Regidrago, L50|\n|poke|p1|Chi-Yu, L50|\n|poke|p1|Whimsicott, L50, M|\n|poke|p1|Ogerpon-Wellspring, L50, F|\n|poke|p1|Ditto, L50|\n|poke|p1|Zacian-*, L50|\n|poke|p2|Chien-Pao, L50|\n|poke|p2|Entei, L50|\n|poke|p2|Kyogre, L50|\n|poke|p2|Rillaboom, L50, F|\n|poke|p2|Hitmontop, L50, M|\n|poke|p2|Whimsicott, L50, F|\n|teampreview|4\n|inactive|Battle timer is ON: inactive players will automatically lose when time's up. (requested by GeorgeBraun)\n|j| jdarcan\n|inactive|ThetaB has 60 seconds left.\n|\n|t:|1738038465\n|start\n|switch|p1a: Whimsicott|Whimsicott, L50, M|100\/100\n|switch|p1b: Zacian|Zacian-Crowned, L50|100\/100\n|switch|p2a: Whimsicott|Whimsicott, L50, F|100\/100\n|switch|p2b: Entei|Entei, L50|100\/100\n|-ability|p1b: Zacian|Intrepid Sword|boost\n|-boost|p1b: Zacian|atk|1\n|turn|1\n|\n|t:|1738038477\n|move|p2a: Whimsicott|Tailwind|p2a: Whimsicott\n|-sidestart|p2: GeorgeBraun|move: Tailwind\n|move|p1a: Whimsicott|Tailwind|p1a: Whimsicott\n|-sidestart|p1: ThetaB|move: Tailwind\n|move|p1b: Zacian|Behemoth Blade|p2a: Whimsicott\n|-supereffective|p2a: Whimsicott\n|-damage|p2a: Whimsicott|0 fnt\n|faint|p2a: Whimsicott\n|move|p2b: Entei|Sacred Fire|p1a: Whimsicott\n|-supereffective|p1a: Whimsicott\n|-damage|p1a: Whimsicott|0 fnt\n|faint|p1a: Whimsicott\n|-damage|p2b: Entei|90\/100|[from] item: Life Orb\n|\n|upkeep\n|\n|t:|1738038487\n|switch|p2a: Rillaboom|Rillaboom, L50, F|100\/100\n|switch|p1a: Ogerpon|Ogerpon-Wellspring, L50, F|100\/100\n|-fieldstart|move: Grassy Terrain|[from] ability: Grassy Surge|[of] p2a: Rillaboom\n|turn|2\n|\n|t:|1738038504\n|-terastallize|p2b: Entei|Normal\n|move|p1b: Zacian|Protect|p1b: Zacian\n|-singleturn|p1b: Zacian|Protect\n|move|p1a: Ogerpon|Spiky Shield|p1a: Ogerpon\n|-singleturn|p1a: Ogerpon|move: Protect\n|move|p2a: Rillaboom|Fake Out|p1b: Zacian\n|-activate|p1b: Zacian|move: Protect\n|move|p2b: Entei|Sacred Fire|p1a: Ogerpon\n|-activate|p1a: Ogerpon|move: Protect\n|\n|-heal|p2b: Entei|96\/100|[from] Grassy Terrain\n|upkeep\n|turn|3\n|\n|t:|1738038520\n|move|p2b: Entei|Protect|p2b: Entei\n|-singleturn|p2b: Entei|Protect\n|move|p1b: Zacian|Behemoth Blade|p2b: Entei\n|-activate|p2b: Entei|move: Protect\n|move|p1a: Ogerpon|Horn Leech|p2b: Entei\n|-activate|p2b: Entei|move: Protect\n|move|p2a: Rillaboom|U-turn|p1a: Ogerpon\n|-supereffective|p1a: Ogerpon\n|-damage|p1a: Ogerpon|47\/100\n|\n|t:|1738038530\n|switch|p2a: Kyogre|Kyogre, L50|100\/100|[from] U-turn\n|-weather|RainDance|[from] ability: Drizzle|[of] p2a: Kyogre\n|\n|-weather|RainDance|[upkeep]\n|-heal|p2b: Entei|100\/100|[from] Grassy Terrain\n|-heal|p1a: Ogerpon|53\/100|[from] Grassy Terrain\n|upkeep\n|turn|4\n|\n|t:|1738038541\n|move|p1a: Ogerpon|Spiky Shield|p1a: Ogerpon\n|-singleturn|p1a: Ogerpon|move: Protect\n|move|p2b: Entei|Extreme Speed|p1a: Ogerpon\n|-activate|p1a: Ogerpon|move: Protect\n|-damage|p2b: Entei|88\/100|[from] Spiky Shield|[of] p1a: Ogerpon\n|move|p1b: Zacian|Behemoth Blade|p2b: Entei\n|-damage|p2b: Entei|0 fnt\n|faint|p2b: Entei\n|move|p2a: Kyogre|Water Spout|p1a: Ogerpon|[spread] p1b\n|-activate|p1a: Ogerpon|move: Protect\n|-damage|p1b: Zacian|0 fnt\n|faint|p1b: Zacian\n|\n|-weather|RainDance|[upkeep]\n|-heal|p1a: Ogerpon|59\/100|[from] Grassy Terrain\n|-sideend|p2: GeorgeBraun|move: Tailwind\n|-sideend|p1: ThetaB|move: Tailwind\n|upkeep\n|\n|t:|1738038556\n|switch|p1b: Ditto|Ditto, L50|100\/100\n|switch|p2b: Rillaboom|Rillaboom, L50, F|100\/100\n|-transform|p1b: Ditto|p2a: Kyogre|[from] ability: Imposter\n|turn|5\n|\n|t:|1738038581\n|move|p2a: Kyogre|Protect|p2a: Kyogre\n|-singleturn|p2a: Kyogre|Protect\n|move|p1b: Ditto|Ice Beam|p2b: Rillaboom\n|-supereffective|p2b: Rillaboom\n|-damage|p2b: Rillaboom|42\/100\n|move|p1a: Ogerpon|Horn Leech|p2a: Kyogre\n|-activate|p2a: Kyogre|move: Protect\n|move|p2b: Rillaboom|Wood Hammer|p1b: Ditto\n|-supereffective|p1b: Ditto\n|-enditem|p1b: Ditto|Focus Sash\n|-damage|p1b: Ditto|1\/100\n|-damage|p2b: Rillaboom|15\/100|[from] Recoil\n|\n|-weather|RainDance|[upkeep]\n|-heal|p1b: Ditto|7\/100|[from] Grassy Terrain\n|-heal|p1a: Ogerpon|64\/100|[from] Grassy Terrain\n|-heal|p2b: Rillaboom|21\/100|[from] Grassy Terrain\n|upkeep\n|turn|6\n|\n|t:|1738038596\n|move|p2b: Rillaboom|Grassy Glide|p1a: Ogerpon\n|-crit|p1a: Ogerpon\n|-damage|p1a: Ogerpon|0 fnt\n|faint|p1a: Ogerpon\n|move|p2a: Kyogre|Ice Beam|p1b: Ditto\n|-resisted|p1b: Ditto\n|-damage|p1b: Ditto|0 fnt\n|faint|p1b: Ditto\n|\n|win|GeorgeBraun\n|raw|ThetaB's rating: 1565 &rarr; <strong>1543<\/strong><br \/>(-22 for losing)\n|raw|GeorgeBraun's rating: 1531 &rarr; <strong>1553<\/strong><br \/>(+22 for winning)\n|l|\u2606GeorgeBraun\n|player|p2|\n","uploadtime":1738038603,"views":8,"formatid":"gen9vgc2025regg","rating":1543,"private":0,"password":null}