{"id":"gen9vgc2025regg-2289681040","format":"[Gen 9] VGC 2025 Reg G","players":["ZTMY ENCORE","jecheonjo"],"log":"|j|\u2606ZTMY ENCORE\n|j|\u2606jecheonjo\n|t:|1738048550\n|gametype|doubles\n|player|p1|ZTMY ENCORE|265|1647\n|player|p2|jecheonjo|steven|1695\n|teamsize|p1|6\n|teamsize|p2|6\n|gen|9\n|tier|[Gen 9] VGC 2025 Reg G\n|rated|\n|rule|Species Clause: Limit one of each Pok\u00e9mon\n|rule|Item Clause: Limit 1 of each item\n|clearpoke\n|poke|p1|Terapagos, L50, M|\n|poke|p1|Smeargle, L50, M|\n|poke|p1|Tornadus, L50, M|\n|poke|p1|Ogerpon-Hearthflame, L50, F|\n|poke|p1|Scream Tail, L50|\n|poke|p1|Dondozo, L50, M|\n|poke|p2|Terapagos, L50, M|\n|poke|p2|Incineroar, L50, F|\n|poke|p2|Amoonguss, L50, M|\n|poke|p2|Urshifu-*, L50, M|\n|poke|p2|Flutter Mane, L50|\n|poke|p2|Raging Bolt, L50|\n|teampreview|4\n|\n|t:|1738048589\n|start\n|switch|p1a: Terapagos|Terapagos, L50, M|100\/100\n|switch|p1b: Smeargle|Smeargle, L50, M|100\/100\n|switch|p2a: Terapagos|Terapagos, L50, M|100\/100\n|switch|p2b: Incineroar|Incineroar, L50, F|100\/100\n|-activate|p1a: Terapagos|ability: Tera Shift\n|detailschange|p1a: Terapagos|Terapagos-Terastal, L50, M\n|-heal|p1a: Terapagos|100\/100|[silent]\n|-activate|p2a: Terapagos|ability: Tera Shift\n|detailschange|p2a: Terapagos|Terapagos-Terastal, L50, M\n|-heal|p2a: Terapagos|100\/100|[silent]\n|-ability|p2b: Incineroar|Intimidate|boost\n|-unboost|p1a: Terapagos|atk|1\n|-unboost|p1b: Smeargle|atk|1\n|turn|1\n|\n|t:|1738048625\n|move|p2a: Terapagos|Protect|p2a: Terapagos\n|-singleturn|p2a: Terapagos|Protect\n|move|p1b: Smeargle|Fake Out|p2a: Terapagos\n|-activate|p2a: Terapagos|move: Protect\n|move|p1a: Terapagos|Meteor Beam||[still]\n|-prepare|p1a: Terapagos|Meteor Beam\n|-boost|p1a: Terapagos|spa|1\n|-enditem|p1a: Terapagos|Power Herb\n|-anim|p1a: Terapagos|Meteor Beam|p2b: Incineroar\n|-supereffective|p2b: Incineroar\n|-damage|p2b: Incineroar|0 fnt\n|faint|p2b: Incineroar\n|\n|-ability|p1b: Smeargle|Moody|boost\n|-boost|p1b: Smeargle|spa|2\n|-unboost|p1b: Smeargle|def|1\n|upkeep\n|\n|t:|1738048636\n|switch|p2b: Flutter Mane|Flutter Mane, L50|100\/100\n|-enditem|p2b: Flutter Mane|Booster Energy\n|-activate|p2b: Flutter Mane|ability: Protosynthesis|[fromitem]\n|-start|p2b: Flutter Mane|protosynthesisspe\n|turn|2\n|\n|t:|1738048662\n|move|p2b: Flutter Mane|Taunt|p1b: Smeargle\n|-start|p1b: Smeargle|move: Taunt\n|cant|p1b: Smeargle|move: Taunt|Spore\n|move|p1a: Terapagos|Tera Starstorm|p2a: Terapagos\n|-activate|p2a: Terapagos|ability: Tera Shell\n|-resisted|p2a: Terapagos\n|-damage|p2a: Terapagos|61\/100\n|move|p2a: Terapagos|Calm Mind|p2a: Terapagos\n|-boost|p2a: Terapagos|spa|1\n|-boost|p2a: Terapagos|spd|1\n|\n|-heal|p2a: Terapagos|68\/100|[from] item: Leftovers\n|-ability|p1b: Smeargle|Moody|boost\n|-boost|p1b: Smeargle|spd|2\n|-unboost|p1b: Smeargle|spe|1\n|upkeep\n|turn|3\n|j| kiabu233\n|\n|t:|1738048690\n|switch|p1b: Scream Tail|Scream Tail, L50|100\/100\n|-enditem|p1b: Scream Tail|Booster Energy\n|-activate|p1b: Scream Tail|ability: Protosynthesis|[fromitem]\n|-start|p1b: Scream Tail|protosynthesisspe\n|-terastallize|p1a: Terapagos|Stellar\n|detailschange|p1a: Terapagos|Terapagos-Stellar, L50, M, tera:Stellar\n|-heal|p1a: Terapagos|100\/100|[silent]\n|move|p2b: Flutter Mane|Icy Wind|p1a: Terapagos|[spread] p1a,p1b\n|-damage|p1a: Terapagos|93\/100\n|-damage|p1b: Scream Tail|91\/100\n|-unboost|p1a: Terapagos|spe|1\n|-unboost|p1b: Scream Tail|spe|1\n|move|p2a: Terapagos|Calm Mind|p2a: Terapagos\n|-boost|p2a: Terapagos|spa|1\n|-boost|p2a: Terapagos|spd|1\n|move|p1a: Terapagos|Tera Starstorm|p2a: Terapagos|[spread] p2a,p2b\n|-damage|p2a: Terapagos|43\/100\n|-damage|p2b: Flutter Mane|48\/100\n|\n|-heal|p2a: Terapagos|49\/100|[from] item: Leftovers\n|upkeep\n|turn|4\n|j| EllAkuro\n|\n|t:|1738048723\n|-terastallize|p2a: Terapagos|Stellar\n|detailschange|p2a: Terapagos|Terapagos-Stellar, L50, M, tera:Stellar\n|-heal|p2a: Terapagos|62\/100|[silent]\n|move|p2b: Flutter Mane|Taunt|p1b: Scream Tail\n|-start|p1b: Scream Tail|move: Taunt\n|cant|p1b: Scream Tail|move: Taunt|Encore\n|move|p2a: Terapagos|Tera Starstorm|p1a: Terapagos|[spread] p1a,p1b\n|-supereffective|p1a: Terapagos\n|-damage|p1a: Terapagos|9\/100\n|-damage|p1b: Scream Tail|39\/100\n|move|p1a: Terapagos|Tera Starstorm|p2a: Terapagos|[spread] p2a,p2b\n|-supereffective|p2a: Terapagos\n|-crit|p2b: Flutter Mane\n|-damage|p2a: Terapagos|23\/100\n|-damage|p2b: Flutter Mane|0 fnt\n|faint|p2b: Flutter Mane\n|-end|p2b: Flutter Mane|Protosynthesis|[silent]\n|\n|-heal|p2a: Terapagos|29\/100|[from] item: Leftovers\n|upkeep\n|\n|t:|1738048736\n|switch|p2b: Urshifu|Urshifu-Rapid-Strike, L50, M|100\/100\n|turn|5\n|\n|t:|1738048763\n|-end|p1b: Scream Tail|Protosynthesis|[silent]\n|switch|p1b: Smeargle|Smeargle, L50, M|100\/100\n|move|p2b: Urshifu|Surging Strikes|p1b: Smeargle\n|-crit|p1b: Smeargle\n|-damage|p1b: Smeargle|54\/100\n|-crit|p1b: Smeargle\n|-damage|p1b: Smeargle|8\/100\n|-crit|p1b: Smeargle\n|-damage|p1b: Smeargle|0 fnt\n|faint|p1b: Smeargle\n|-hitcount|p1: Smeargle|3\n|move|p2a: Terapagos|Tera Starstorm|p1a: Terapagos\n|-supereffective|p1a: Terapagos\n|-damage|p1a: Terapagos|0 fnt\n|faint|p1a: Terapagos\n|\n|-heal|p2a: Terapagos|36\/100|[from] item: Leftovers\n|upkeep\n|\n|t:|1738048770\n|switch|p1b: Dondozo|Dondozo, L50, M|100\/100\n|switch|p1a: Scream Tail|Scream Tail, L50|39\/100\n|turn|6\n|\n|t:|1738048795\n|move|p1a: Scream Tail|Disable|p2a: Terapagos\n|-start|p2a: Terapagos|Disable|Tera Starstorm\n|move|p2b: Urshifu|Surging Strikes|p1a: Scream Tail\n|-crit|p1a: Scream Tail\n|-damage|p1a: Scream Tail|21\/100\n|-crit|p1a: Scream Tail\n|-damage|p1a: Scream Tail|2\/100\n|-crit|p1a: Scream Tail\n|-damage|p1a: Scream Tail|0 fnt\n|faint|p1a: Scream Tail\n|-end|p1a: Scream Tail|Protosynthesis|[silent]\n|-hitcount|p1: Scream Tail|3\n|cant|p2a: Terapagos|Disable|Tera Starstorm\n|move|p1b: Dondozo|Wave Crash|p2a: Terapagos\n|-damage|p2a: Terapagos|13\/100\n|-damage|p1b: Dondozo|93\/100|[from] Recoil\n|\n|-heal|p2a: Terapagos|20\/100|[from] item: Leftovers\n|-heal|p1b: Dondozo|99\/100|[from] item: Leftovers\n|upkeep\n|turn|7\n|\n|t:|1738048820\n|move|p2b: Urshifu|Detect|p2b: Urshifu\n|-singleturn|p2b: Urshifu|Protect\n|move|p2a: Terapagos|Protect|p2a: Terapagos\n|-singleturn|p2a: Terapagos|Protect\n|move|p1b: Dondozo|Yawn|p2b: Urshifu\n|-activate|p2b: Urshifu|move: Protect\n|\n|-heal|p2a: Terapagos|26\/100|[from] item: Leftovers\n|-heal|p1b: Dondozo|100\/100|[from] item: Leftovers\n|upkeep\n|turn|8\n|\n|t:|1738048839\n|move|p2b: Urshifu|Close Combat|p1b: Dondozo\n|-damage|p1b: Dondozo|62\/100\n|-unboost|p2b: Urshifu|def|1\n|-unboost|p2b: Urshifu|spd|1\n|move|p2a: Terapagos|Substitute|p2a: Terapagos\n|-start|p2a: Terapagos|Substitute\n|-damage|p2a: Terapagos|1\/100\n|move|p1b: Dondozo|Fissure|p2a: Terapagos|[miss]\n|-miss|p1b: Dondozo|p2a: Terapagos\n|\n|-heal|p2a: Terapagos|7\/100|[from] item: Leftovers\n|-heal|p1b: Dondozo|68\/100|[from] item: Leftovers\n|upkeep\n|turn|9\n|-message|ZTMY ENCORE forfeited.\n|\n|win|jecheonjo\n|raw|ZTMY ENCORE's rating: 1647 &rarr; <strong>1630<\/strong><br \/>(-17 for losing)\n|raw|jecheonjo's rating: 1695 &rarr; <strong>1712<\/strong><br \/>(+17 for winning)\n|l|\u2606ZTMY ENCORE\n|player|p1|\n|l|\u2606jecheonjo\n|player|p2|\n|l| kiabu233\n|l| EllAkuro\n","uploadtime":1738049054,"views":43,"formatid":"gen9vgc2025regg","rating":1630,"private":0,"password":null}