{"id":"gen9vgc2025regg-2289962617","format":"[Gen 9] VGC 2025 Reg G","players":["anton19","ZTMY ENCORE"],"log":"|j|\u2606anton19\n|j|\u2606ZTMY ENCORE\n|t:|1738085614\n|gametype|doubles\n|player|p1|anton19|170|1567\n|player|p2|ZTMY ENCORE|102|1748\n|teamsize|p1|6\n|teamsize|p2|6\n|gen|9\n|tier|[Gen 9] VGC 2025 Reg G\n|rated|\n|rule|Species Clause: Limit one of each Pok\u00e9mon\n|rule|Item Clause: Limit 1 of each item\n|clearpoke\n|poke|p1|Pelipper, L50, M|\n|poke|p1|Calyrex-Ice, L50|\n|poke|p1|Urshifu-*, L50, F|\n|poke|p1|Flutter Mane, L50|\n|poke|p1|Ogerpon-Cornerstone, L50, F|\n|poke|p1|Amoonguss, L50, M|\n|poke|p2|Terapagos, L50, M|\n|poke|p2|Smeargle, L50, M|\n|poke|p2|Tornadus, L50, M|\n|poke|p2|Ogerpon-Hearthflame, L50, F|\n|poke|p2|Dondozo, L50, F|\n|poke|p2|Tatsugiri-Droopy, L50, F|\n|teampreview|4\n|inactive|Battle timer is ON: inactive players will automatically lose when time's up. (requested by anton19)\n|j| Eggy068\n|inactive|anton19 has 60 seconds left.\n|inactive|ZTMY ENCORE has 60 seconds left.\n|\n|t:|1738085652\n|start\n|switch|p1a: Ogerpon|Ogerpon-Cornerstone, L50, F|100\/100\n|switch|p1b: Urshifu|Urshifu-Rapid-Strike, L50, F|100\/100\n|switch|p2a: Dondozo|Dondozo, L50, F|100\/100\n|switch|p2b: Smeargle|Smeargle, L50, M|100\/100\n|turn|1\n|\n|t:|1738085674\n|-terastallize|p1b: Urshifu|Ghost\n|move|p2b: Smeargle|Fake Out|p1a: Ogerpon\n|-resisted|p1a: Ogerpon\n|-damage|p1a: Ogerpon|98\/100\n|move|p1b: Urshifu|Surging Strikes|p2b: Smeargle\n|-crit|p2b: Smeargle\n|-damage|p2b: Smeargle|56\/100\n|-crit|p2b: Smeargle\n|-damage|p2b: Smeargle|14\/100\n|-crit|p2b: Smeargle\n|-damage|p2b: Smeargle|0 fnt\n|faint|p2b: Smeargle\n|-hitcount|p2: Smeargle|3\n|cant|p1a: Ogerpon|flinch\n|move|p2a: Dondozo|Substitute|p2a: Dondozo\n|-start|p2a: Dondozo|Substitute\n|-damage|p2a: Dondozo|76\/100\n|\n|-heal|p2a: Dondozo|82\/100|[from] item: Leftovers\n|upkeep\n|\n|t:|1738085681\n|switch|p2b: Terapagos|Terapagos, L50, M|100\/100\n|-activate|p2b: Terapagos|ability: Tera Shift\n|detailschange|p2b: Terapagos|Terapagos-Terastal, L50, M\n|-heal|p2b: Terapagos|100\/100|[silent]\n|turn|2\n|inactive|ZTMY ENCORE has 30 seconds left.\n|inactive|ZTMY ENCORE has 20 seconds left.\n|inactive|ZTMY ENCORE has 15 seconds left.\n|\n|t:|1738085724\n|switch|p2b: Tatsugiri|Tatsugiri-Droopy, L50, F|100\/100\n|-activate|p2b: Tatsugiri|ability: Commander|[of] p2a: Dondozo\n|-boost|p2a: Dondozo|atk|2\n|-boost|p2a: Dondozo|spa|2\n|-boost|p2a: Dondozo|spe|2\n|-boost|p2a: Dondozo|def|2\n|-boost|p2a: Dondozo|spd|2\n|move|p1b: Urshifu|Surging Strikes|p2b: Tatsugiri|[miss]\n|-miss|p1b: Urshifu|p2b: Tatsugiri\n|move|p1a: Ogerpon|Horn Leech|p2a: Dondozo\n|-supereffective|p2a: Dondozo\n|-activate|p2a: Dondozo|move: Substitute|[damage]\n|-heal|p1a: Ogerpon|100\/100|[from] drain|[of] p2a: Dondozo\n|move|p2a: Dondozo|Body Press|p1a: Ogerpon\n|-supereffective|p1a: Ogerpon\n|-ability|p1a: Ogerpon|Sturdy\n|-damage|p1a: Ogerpon|1\/100\n|\n|-heal|p2a: Dondozo|88\/100|[from] item: Leftovers\n|upkeep\n|turn|3\n|inactive|ZTMY ENCORE has 30 seconds left.\n|\n|t:|1738085753\n|-terastallize|p2a: Dondozo|Grass\n|move|p1a: Ogerpon|Spiky Shield|p1a: Ogerpon\n|-singleturn|p1a: Ogerpon|move: Protect\n|move|p1b: Urshifu|Surging Strikes|p2a: Dondozo\n|-resisted|p2a: Dondozo\n|-crit|p2a: Dondozo\n|-end|p2a: Dondozo|Substitute\n|-resisted|p2a: Dondozo\n|-crit|p2a: Dondozo\n|-damage|p2a: Dondozo|82\/100\n|-resisted|p2a: Dondozo\n|-crit|p2a: Dondozo\n|-damage|p2a: Dondozo|77\/100\n|-hitcount|p2a: Dondozo|3\n|move|p2a: Dondozo|Order Up|p1a: Ogerpon\n|-activate|p1a: Ogerpon|move: Protect\n|\n|-heal|p2a: Dondozo|83\/100|[from] item: Leftovers\n|upkeep\n|turn|4\n|inactive|anton19 has 30 seconds left.\n|\n|t:|1738085779\n|switch|p1b: Calyrex|Calyrex-Ice, L50|100\/100\n|-ability|p1b: Calyrex|As One\n|-ability|p1b: Calyrex|Unnerve\n|move|p1a: Ogerpon|Follow Me|p1a: Ogerpon\n|-singleturn|p1a: Ogerpon|move: Follow Me\n|move|p2a: Dondozo|Order Up|p1a: Ogerpon\n|-damage|p1a: Ogerpon|0 fnt\n|faint|p1a: Ogerpon\n|-boost|p2a: Dondozo|def|1\n|\n|-heal|p2a: Dondozo|89\/100|[from] item: Leftovers\n|upkeep\n|j| mr pogostick\n|\n|t:|1738085790\n|switch|p1a: Amoonguss|Amoonguss, L50, M|100\/100\n|turn|5\n|\n|t:|1738085798\n|move|p2a: Dondozo|Substitute|p2a: Dondozo\n|-start|p2a: Dondozo|Substitute\n|-damage|p2a: Dondozo|64\/100\n|move|p1a: Amoonguss|Pollen Puff|p2a: Dondozo\n|-supereffective|p2a: Dondozo\n|-activate|p2a: Dondozo|move: Substitute|[damage]\n|move|p1b: Calyrex|Trick Room|p1b: Calyrex\n|-fieldstart|move: Trick Room|[of] p1b: Calyrex\n|\n|-heal|p2a: Dondozo|70\/100|[from] item: Leftovers\n|upkeep\n|turn|6\n|\n|t:|1738085808\n|move|p2a: Dondozo|Protect|p2a: Dondozo\n|-singleturn|p2a: Dondozo|Protect\n|move|p1a: Amoonguss|Pollen Puff|p2a: Dondozo\n|-activate|p2a: Dondozo|move: Protect\n|move|p1b: Calyrex|Glacial Lance|p2a: Dondozo|[spread] \n|-miss|p1b: Calyrex|p2b: Tatsugiri\n|-activate|p2a: Dondozo|move: Protect\n|\n|-heal|p2a: Dondozo|76\/100|[from] item: Leftovers\n|upkeep\n|turn|7\n|inactive|ZTMY ENCORE has 30 seconds left.\n|inactive|ZTMY ENCORE has 20 seconds left.\n|inactive|ZTMY ENCORE has 15 seconds left.\n|\n|t:|1738085852\n|move|p1a: Amoonguss|Pollen Puff|p2a: Dondozo\n|-supereffective|p2a: Dondozo\n|-end|p2a: Dondozo|Substitute\n|move|p1b: Calyrex|Glacial Lance|p2b: Tatsugiri|[spread] p2a\n|-miss|p1b: Calyrex|p2b: Tatsugiri\n|-supereffective|p2a: Dondozo\n|-damage|p2a: Dondozo|51\/100\n|move|p2a: Dondozo|Body Press|p1b: Calyrex\n|-damage|p1b: Calyrex|56\/100\n|\n|-heal|p2a: Dondozo|57\/100|[from] item: Leftovers\n|upkeep\n|turn|8\n|inactive|ZTMY ENCORE has 30 seconds left.\n|inactive|ZTMY ENCORE has 20 seconds left.\n|j| Pokemonmaner\n|\n|t:|1738085891\n|move|p1a: Amoonguss|Pollen Puff|p1b: Calyrex\n|-heal|p1b: Calyrex|100\/100\n|move|p1b: Calyrex|Glacial Lance|p2a: Dondozo|[spread] p2a\n|-miss|p1b: Calyrex|p2b: Tatsugiri\n|-supereffective|p2a: Dondozo\n|-damage|p2a: Dondozo|34\/100\n|move|p2a: Dondozo|Order Up|p1a: Amoonguss\n|-damage|p1a: Amoonguss|69\/100\n|-boost|p2a: Dondozo|def|1\n|\n|-heal|p2a: Dondozo|40\/100|[from] item: Leftovers\n|upkeep\n|turn|9\n|\n|t:|1738085913\n|switch|p1a: Urshifu|Urshifu-Rapid-Strike, L50, F, tera:Ghost|100\/100\n|move|p2a: Dondozo|Protect|p2a: Dondozo\n|-singleturn|p2a: Dondozo|Protect\n|move|p1b: Calyrex|Glacial Lance|p2a: Dondozo|[spread] \n|-miss|p1b: Calyrex|p2b: Tatsugiri\n|-activate|p2a: Dondozo|move: Protect\n|\n|-heal|p2a: Dondozo|46\/100|[from] item: Leftovers\n|-fieldend|move: Trick Room\n|upkeep\n|turn|10\n|\n|t:|1738085924\n|move|p1a: Urshifu|U-turn|p2a: Dondozo\n|-supereffective|p2a: Dondozo\n|-damage|p2a: Dondozo|37\/100\n|\n|t:|1738085927\n|switch|p1a: Amoonguss|Amoonguss, L50, M|100\/100|[from] U-turn\n|move|p2a: Dondozo|Order Up|p1a: Amoonguss\n|-damage|p1a: Amoonguss|68\/100\n|-boost|p2a: Dondozo|def|1\n|move|p1b: Calyrex|Trick Room|p1b: Calyrex\n|-fieldstart|move: Trick Room|[of] p1b: Calyrex\n|\n|-heal|p2a: Dondozo|43\/100|[from] item: Leftovers\n|upkeep\n|turn|11\n|\n|t:|1738085936\n|move|p1a: Amoonguss|Pollen Puff|p2a: Dondozo\n|-supereffective|p2a: Dondozo\n|-damage|p2a: Dondozo|24\/100\n|move|p1b: Calyrex|Glacial Lance|p2a: Dondozo|[spread] p2a\n|-miss|p1b: Calyrex|p2b: Tatsugiri\n|-supereffective|p2a: Dondozo\n|-damage|p2a: Dondozo|8\/100\n|move|p2a: Dondozo|Order Up|p1a: Amoonguss\n|-damage|p1a: Amoonguss|38\/100\n|-boost|p2a: Dondozo|def|1\n|\n|-heal|p2a: Dondozo|14\/100|[from] item: Leftovers\n|upkeep\n|turn|12\n|inactive|ZTMY ENCORE has 30 seconds left.\n|\n|t:|1738085971\n|move|p1a: Amoonguss|Pollen Puff|p2a: Dondozo\n|-supereffective|p2a: Dondozo\n|-damage|p2a: Dondozo|0 fnt\n|faint|p2a: Dondozo\n|move|p1b: Calyrex|Glacial Lance|p2b: Tatsugiri\n|-damage|p2b: Tatsugiri|0 fnt\n|faint|p2b: Tatsugiri\n|-ability|p1b: Calyrex|Chilling Neigh|boost\n|-boost|p1b: Calyrex|atk|1\n|\n|upkeep\n|\n|t:|1738085977\n|switch|p2a: Terapagos|Terapagos-Terastal, L50, M|100\/100\n|turn|13\n|\n|t:|1738085989\n|move|p1a: Amoonguss|Spore|p2a: Terapagos\n|-status|p2a: Terapagos|slp|[from] move: Spore\n|move|p1b: Calyrex|Glacial Lance|p2a: Terapagos\n|-activate|p2a: Terapagos|ability: Tera Shell\n|-resisted|p2a: Terapagos\n|-damage|p2a: Terapagos|42\/100 slp\n|cant|p2a: Terapagos|slp\n|\n|upkeep\n|turn|14\n|\n|t:|1738085998\n|switch|p1a: Urshifu|Urshifu-Rapid-Strike, L50, F, tera:Ghost|100\/100\n|move|p1b: Calyrex|Glacial Lance|p2a: Terapagos\n|-damage|p2a: Terapagos|0 fnt\n|faint|p2a: Terapagos\n|\n|win|anton19\n|raw|anton19's rating: 1567 &rarr; <strong>1597<\/strong><br \/>(+30 for winning)\n|raw|ZTMY ENCORE's rating: 1748 &rarr; <strong>1718<\/strong><br \/>(-30 for losing)\n|c|\u2606anton19|gg\n|l|\u2606ZTMY ENCORE\n|player|p2|\n|l| Pokemonmaner\n|l| Eggy068\n|l| mr pogostick\n|l|\u2606anton19\n|player|p1|\n","uploadtime":1738086238,"views":24,"formatid":"gen9vgc2025regg","rating":1597,"private":0,"password":null}