{"id":"gen9vgc2025regg-2289975016","format":"[Gen 9] VGC 2025 Reg G","players":["ZTMY ENCORE","onsoni"],"log":"|j|\u2606ZTMY ENCORE\n|j|\u2606onsoni\n|t:|1738086773\n|gametype|doubles\n|player|p1|ZTMY ENCORE|102|1741\n|player|p2|onsoni|hilda-wonderlauncher|1747\n|teamsize|p1|6\n|teamsize|p2|6\n|gen|9\n|tier|[Gen 9] VGC 2025 Reg G\n|rated|\n|rule|Species Clause: Limit one of each Pok\u00e9mon\n|rule|Item Clause: Limit 1 of each item\n|clearpoke\n|poke|p1|Terapagos, L50, M|\n|poke|p1|Smeargle, L50, F|\n|poke|p1|Tornadus, L50, M|\n|poke|p1|Ogerpon-Hearthflame, L50, F|\n|poke|p1|Dondozo, L50, F|\n|poke|p1|Tatsugiri-Droopy, L50, F|\n|poke|p2|Koraidon, L50|\n|poke|p2|Iron Hands, L50|\n|poke|p2|Flutter Mane, L50|\n|poke|p2|Chi-Yu, L50|\n|poke|p2|Whimsicott, L50, M|\n|poke|p2|Raging Bolt, L50|\n|teampreview|4\n|j| mr pogostick\n|\n|t:|1738086794\n|start\n|switch|p1a: Tornadus|Tornadus, L50, M|100\/100\n|switch|p1b: Ogerpon|Ogerpon-Hearthflame, L50, F|100\/100\n|switch|p2a: Iron Hands|Iron Hands, L50|100\/100\n|switch|p2b: Whimsicott|Whimsicott, L50, M, shiny|100\/100\n|-ability|p1b: Ogerpon|Mold Breaker\n|turn|1\n|\n|t:|1738086816\n|move|p2a: Iron Hands|Fake Out|p1a: Tornadus\n|-damage|p1a: Tornadus|82\/100\n|-damage|p2a: Iron Hands|84\/100|[from] item: Rocky Helmet|[of] p1a: Tornadus\n|cant|p1a: Tornadus|flinch\n|move|p1b: Ogerpon|Ivy Cudgel|p2b: Whimsicott|[anim] Ivy Cudgel Fire\n|-supereffective|p2b: Whimsicott\n|-enditem|p2b: Whimsicott|Focus Sash\n|-damage|p2b: Whimsicott|1\/100\n|move|p2b: Whimsicott|Trick Room|p2b: Whimsicott\n|-fieldstart|move: Trick Room|[of] p2b: Whimsicott\n|\n|upkeep\n|turn|2\n|\n|t:|1738086857\n|switch|p2b: Raging Bolt|Raging Bolt, L50|100\/100\n|move|p1a: Tornadus|Scary Face|p1b: Ogerpon\n|-unboost|p1b: Ogerpon|spe|2\n|move|p2a: Iron Hands|Wild Charge|p1a: Tornadus\n|-supereffective|p1a: Tornadus\n|-damage|p1a: Tornadus|0 fnt\n|-damage|p2a: Iron Hands|68\/100|[from] item: Rocky Helmet|[of] p1a: Tornadus\n|faint|p1a: Tornadus\n|-damage|p2a: Iron Hands|51\/100|[from] Recoil\n|move|p1b: Ogerpon|Wood Hammer|p2a: Iron Hands\n|-damage|p2a: Iron Hands|1\/100\n|-damage|p1b: Ogerpon|79\/100|[from] Recoil\n|\n|upkeep\n|\n|t:|1738086871\n|switch|p1a: Terapagos|Terapagos, L50, M|100\/100\n|-activate|p1a: Terapagos|ability: Tera Shift\n|detailschange|p1a: Terapagos|Terapagos-Terastal, L50, M\n|-heal|p1a: Terapagos|100\/100|[silent]\n|turn|3\n|j| Pokemonmaner\n|\n|t:|1738086918\n|-end|p2a: Iron Hands|Quark Drive|[silent]\n|switch|p2a: Whimsicott|Whimsicott, L50, M, shiny|1\/100\n|-terastallize|p1a: Terapagos|Stellar\n|detailschange|p1a: Terapagos|Terapagos-Stellar, L50, M, tera:Stellar\n|-heal|p1a: Terapagos|100\/100|[silent]\n|move|p1b: Ogerpon|Wood Hammer|p2b: Raging Bolt\n|-resisted|p2b: Raging Bolt\n|-damage|p2b: Raging Bolt|72\/100\n|-damage|p1b: Ogerpon|66\/100|[from] Recoil\n|move|p2b: Raging Bolt|Draco Meteor|p1b: Ogerpon\n|-damage|p1b: Ogerpon|0 fnt\n|-unboost|p2b: Raging Bolt|spa|2\n|faint|p1b: Ogerpon\n|-damage|p2b: Raging Bolt|62\/100|[from] item: Life Orb\n|move|p1a: Terapagos|Tera Starstorm|p2b: Raging Bolt|[spread] p2a,p2b\n|-damage|p2a: Whimsicott|0 fnt\n|-damage|p2b: Raging Bolt|7\/100\n|faint|p2a: Whimsicott\n|\n|upkeep\n|\n|t:|1738086941\n|switch|p2a: Iron Hands|Iron Hands, L50|1\/100\n|switch|p1b: Smeargle|Smeargle, L50, F|100\/100\n|turn|4\n|\n|t:|1738086951\n|move|p2a: Iron Hands|Fake Out|p1b: Smeargle\n|-damage|p1b: Smeargle|68\/100\n|cant|p1b: Smeargle|flinch\n|move|p2b: Raging Bolt|Draco Meteor|p1b: Smeargle\n|-damage|p1b: Smeargle|0 fnt\n|-unboost|p2b: Raging Bolt|spa|2\n|faint|p1b: Smeargle\n|-damage|p2b: Raging Bolt|0 fnt|[from] item: Life Orb\n|faint|p2b: Raging Bolt\n|-end|p2b: Raging Bolt|Protosynthesis|[silent]\n|move|p1a: Terapagos|Tera Starstorm|p2a: Iron Hands\n|-damage|p2a: Iron Hands|0 fnt\n|faint|p2a: Iron Hands\n|-end|p2a: Iron Hands|Quark Drive|[silent]\n|\n|upkeep\n|\n|t:|1738086960\n|switch|p2b: Koraidon|Koraidon, L50|100\/100\n|-weather|SunnyDay|[from] ability: Orichalcum Pulse|[of] p2b: Koraidon\n|-activate|p2b: Koraidon|Orichalcum Pulse|[source]\n|turn|5\n|\n|t:|1738086967\n|move|p2b: Koraidon|Protect|p2b: Koraidon\n|-singleturn|p2b: Koraidon|Protect\n|move|p1a: Terapagos|Tera Starstorm|p2b: Koraidon\n|-activate|p2b: Koraidon|move: Protect\n|\n|-weather|SunnyDay|[upkeep]\n|-fieldend|move: Trick Room\n|upkeep\n|turn|6\n|\n|t:|1738086974\n|move|p2b: Koraidon|Collision Course|p1a: Terapagos\n|-supereffective|p1a: Terapagos\n|-damage|p1a: Terapagos|0 fnt\n|faint|p1a: Terapagos\n|\n|win|onsoni\n|raw|ZTMY ENCORE's rating: 1741 &rarr; <strong>1721<\/strong><br \/>(-20 for losing)\n|raw|onsoni's rating: 1747 &rarr; <strong>1767<\/strong><br \/>(+20 for winning)\n|l|\u2606onsoni\n|player|p2|\n|l| Pokemonmaner\n|l|\u2606ZTMY ENCORE\n|player|p1|\n","uploadtime":1738087211,"views":126,"formatid":"gen9vgc2025regg","rating":1721,"private":0,"password":null}