{"id":"gen9vgc2025regg-2289171920","format":"[Gen 9] VGC 2025 Reg G","players":["Zakmancho","MisterBanana7"],"log":"|j|\u2606Zakmancho\n|j|\u2606MisterBanana7\n|t:|1737989049\n|gametype|doubles\n|player|p1|Zakmancho|265|1588\n|player|p2|MisterBanana7|cynthia-gen4|1642\n|teamsize|p1|6\n|teamsize|p2|6\n|gen|9\n|tier|[Gen 9] VGC 2025 Reg G\n|rated|\n|rule|Species Clause: Limit one of each Pok\u00e9mon\n|rule|Item Clause: Limit 1 of each item\n|clearpoke\n|poke|p1|Calyrex-Ice, L50|\n|poke|p1|Raging Bolt, L50|\n|poke|p1|Flutter Mane, L50|\n|poke|p1|Urshifu-*, L50, M|\n|poke|p1|Murkrow, L50, M|\n|poke|p1|Ogerpon-Cornerstone, L50, F|\n|poke|p2|Groudon, L50|\n|poke|p2|Scovillain, L50, F|\n|poke|p2|Flutter Mane, L50|\n|poke|p2|Raging Bolt, L50|\n|poke|p2|Urshifu-*, L50, M|\n|poke|p2|Incineroar, L50, M|\n|teampreview|4\n|inactive|Battle timer is ON: inactive players will automatically lose when time's up. (requested by Zakmancho)\n|inactive|MisterBanana7 has 60 seconds left.\n|\n|t:|1737989105\n|start\n|switch|p1a: Murkrow|Murkrow, L50, M|100\/100\n|switch|p1b: Ogerpon|Ogerpon-Cornerstone, L50, F|100\/100\n|switch|p2a: Incineroar|Incineroar, L50, M|100\/100\n|switch|p2b: Flutter Mane|Flutter Mane, L50|100\/100\n|-ability|p2a: Incineroar|Intimidate|boost\n|-unboost|p1a: Murkrow|atk|1\n|-unboost|p1b: Ogerpon|atk|1\n|turn|1\n|\n|t:|1737989121\n|move|p1b: Ogerpon|Spiky Shield|p1b: Ogerpon\n|-singleturn|p1b: Ogerpon|move: Protect\n|move|p2a: Incineroar|Fake Out|p1b: Ogerpon\n|-activate|p1b: Ogerpon|move: Protect\n|-damage|p2a: Incineroar|88\/100|[from] Spiky Shield|[of] p1b: Ogerpon\n|move|p1a: Murkrow|Thunder Wave|p2b: Flutter Mane\n|-status|p2b: Flutter Mane|par\n|move|p2b: Flutter Mane|Moonblast|p1a: Murkrow\n|-supereffective|p1a: Murkrow\n|-damage|p1a: Murkrow|0 fnt\n|faint|p1a: Murkrow\n|-damage|p2b: Flutter Mane|90\/100 par|[from] item: Life Orb\n|\n|upkeep\n|\n|t:|1737989138\n|switch|p1a: Calyrex|Calyrex-Ice, L50|100\/100\n|-ability|p1a: Calyrex|As One\n|-ability|p1a: Calyrex|Unnerve\n|turn|2\n|inactive|MisterBanana7 has 30 seconds left.\n|inactive|MisterBanana7 has 20 seconds left.\n|inactive|MisterBanana7 has 15 seconds left.\n|\n|t:|1737989182\n|-terastallize|p2a: Incineroar|Water\n|move|p1b: Ogerpon|Ivy Cudgel|p2a: Incineroar|[anim] Ivy Cudgel Rock\n|-damage|p2a: Incineroar|64\/100\n|cant|p2b: Flutter Mane|par\n|move|p1a: Calyrex|Substitute|p1a: Calyrex\n|-start|p1a: Calyrex|Substitute\n|-damage|p1a: Calyrex|75\/100\n|move|p2a: Incineroar|Will-O-Wisp|p1a: Calyrex|[miss]\n|-miss|p2a: Incineroar|p1a: Calyrex\n|\n|upkeep\n|turn|3\n|inactive|MisterBanana7 has 30 seconds left.\n|\n|t:|1737989209\n|switch|p2a: Raging Bolt|Raging Bolt, L50|100\/100\n|move|p1b: Ogerpon|Power Whip|p2a: Raging Bolt\n|-resisted|p2a: Raging Bolt\n|-damage|p2a: Raging Bolt|86\/100\n|move|p2b: Flutter Mane|Dazzling Gleam|p1b: Ogerpon|[spread] p1a,p1b\n|-end|p1a: Calyrex|Substitute\n|-damage|p1b: Ogerpon|57\/100\n|-damage|p2b: Flutter Mane|80\/100 par|[from] item: Life Orb\n|move|p1a: Calyrex|Glacial Lance|p2a: Raging Bolt|[spread] p2a,p2b\n|-supereffective|p2a: Raging Bolt\n|-damage|p2a: Raging Bolt|0 fnt\n|-damage|p2b: Flutter Mane|0 fnt\n|faint|p2a: Raging Bolt\n|-end|p2a: Raging Bolt|Protosynthesis|[silent]\n|faint|p2b: Flutter Mane\n|-end|p2b: Flutter Mane|Protosynthesis|[silent]\n|-ability|p1a: Calyrex|Chilling Neigh|boost\n|-boost|p1a: Calyrex|atk|2\n|\n|upkeep\n|\n|t:|1737989223\n|switch|p2b: Incineroar|Incineroar, L50, M, tera:Water|64\/100\n|switch|p2a: Groudon|Groudon, L50|100\/100\n|-weather|SunnyDay|[from] ability: Drought|[of] p2a: Groudon\n|-ability|p2b: Incineroar|Intimidate|boost\n|-fail|p1a: Calyrex|unboost|[from] item: Clear Amulet|[of] p1a: Calyrex\n|-unboost|p1b: Ogerpon|atk|1\n|turn|4\n|\n|t:|1737989239\n|move|p1b: Ogerpon|Spiky Shield|p1b: Ogerpon\n|-singleturn|p1b: Ogerpon|move: Protect\n|move|p1a: Calyrex|Protect|p1a: Calyrex\n|-singleturn|p1a: Calyrex|Protect\n|move|p2b: Incineroar|Fake Out|p1a: Calyrex\n|-activate|p1a: Calyrex|move: Protect\n|move|p2a: Groudon|Precipice Blades|p1a: Calyrex|[spread] \n|-activate|p1a: Calyrex|move: Protect\n|-activate|p1b: Ogerpon|move: Protect\n|\n|-weather|SunnyDay|[upkeep]\n|upkeep\n|turn|5\n|inactive|MisterBanana7 has 30 seconds left.\n|\n|t:|1737989269\n|move|p2a: Groudon|Protect|p2a: Groudon\n|-singleturn|p2a: Groudon|Protect\n|move|p1b: Ogerpon|Power Whip|p2a: Groudon\n|-activate|p2a: Groudon|move: Protect\n|move|p1a: Calyrex|Glacial Lance|p2a: Groudon|[spread] p2b\n|-activate|p2a: Groudon|move: Protect\n|-resisted|p2b: Incineroar\n|-damage|p2b: Incineroar|21\/100\n|move|p2b: Incineroar|Flare Blitz|p1a: Calyrex\n|-supereffective|p1a: Calyrex\n|-damage|p1a: Calyrex|0 fnt\n|faint|p1a: Calyrex\n|-damage|p2b: Incineroar|0 fnt|[from] Recoil\n|faint|p2b: Incineroar\n|\n|-weather|SunnyDay|[upkeep]\n|upkeep\n|\n|t:|1737989278\n|switch|p1a: Raging Bolt|Raging Bolt, L50|100\/100\n|-activate|p1a: Raging Bolt|ability: Protosynthesis\n|-start|p1a: Raging Bolt|protosynthesisspa\n|turn|6\n|\n|t:|1737989294\n|-terastallize|p1b: Ogerpon|Rock\n|detailschange|p1b: Ogerpon|Ogerpon-Cornerstone-Tera, L50, F, tera:Rock\n|-ability|p1b: Ogerpon|Embody Aspect (Cornerstone)|boost\n|-boost|p1b: Ogerpon|def|1\n|move|p1b: Ogerpon|Power Whip|p2a: Groudon\n|-supereffective|p2a: Groudon\n|-damage|p2a: Groudon|62\/100\n|move|p2a: Groudon|Precipice Blades|p1b: Ogerpon|[spread] p1a,p1b\n|-supereffective|p1a: Raging Bolt\n|-supereffective|p1b: Ogerpon\n|-damage|p1a: Raging Bolt|13\/100\n|-damage|p1b: Ogerpon|0 fnt\n|faint|p1b: Ogerpon\n|move|p1a: Raging Bolt|Draco Meteor|p2a: Groudon\n|-damage|p2a: Groudon|0 fnt\n|-unboost|p1a: Raging Bolt|spa|2\n|faint|p2a: Groudon\n|-damage|p1a: Raging Bolt|4\/100|[from] item: Life Orb\n|\n|win|Zakmancho\n|raw|Zakmancho's rating: 1588 &rarr; <strong>1611<\/strong><br \/>(+23 for winning)\n|raw|MisterBanana7's rating: 1642 &rarr; <strong>1619<\/strong><br \/>(-23 for losing)\n|l|\u2606MisterBanana7\n|player|p2|\n|l|\u2606Zakmancho\n|player|p1|\n","uploadtime":1737989498,"views":12,"formatid":"gen9vgc2025regg","rating":1611,"private":0,"password":null}