{"id":"gen9vgc2025regg-2289779056","format":"[Gen 9] VGC 2025 Reg G","players":["ungaungavgc","Weakest blow"],"log":"|j|\u2606ungaungavgc\n|j|\u2606Weakest blow\n|t:|1738065765\n|gametype|doubles\n|player|p1|ungaungavgc|1|1550\n|player|p2|Weakest blow|depotagent|1573\n|teamsize|p1|6\n|teamsize|p2|6\n|gen|9\n|tier|[Gen 9] VGC 2025 Reg G\n|rated|\n|rule|Species Clause: Limit one of each Pok\u00e9mon\n|rule|Item Clause: Limit 1 of each item\n|clearpoke\n|poke|p1|Calyrex-Shadow, L50|\n|poke|p1|Ting-Lu, L50|\n|poke|p1|Dondozo, L50, F|\n|poke|p1|Urshifu-*, L50, M|\n|poke|p1|Ogerpon-Hearthflame, L50, F|\n|poke|p1|Whimsicott, L50, F|\n|poke|p2|Ditto, L50|\n|poke|p2|Iron Hands, L50|\n|poke|p2|Miraidon, L50|\n|poke|p2|Pelipper, L50, F|\n|poke|p2|Volcarona, L50, M|\n|poke|p2|Whimsicott, L50, F|\n|teampreview|4\n|\n|t:|1738065806\n|start\n|switch|p1a: Calyrex|Calyrex-Shadow, L50|100\/100\n|switch|p1b: Whimsicott|Whimsicott, L50, F|100\/100\n|switch|p2a: Iron Hands|Iron Hands, L50|100\/100\n|switch|p2b: Miraidon|Miraidon, L50|100\/100\n|-ability|p1a: Calyrex|As One\n|-ability|p1a: Calyrex|Unnerve\n|-fieldstart|move: Electric Terrain|[from] ability: Hadron Engine|[of] p2b: Miraidon\n|-activate|p2a: Iron Hands|ability: Quark Drive\n|-start|p2a: Iron Hands|quarkdriveatk\n|turn|1\n|\n|t:|1738065878\n|move|p1b: Whimsicott|Helping Hand|p1a: Calyrex\n|-singleturn|p1a: Calyrex|Helping Hand|[of] p1b: Whimsicott\n|move|p1a: Calyrex|Astral Barrage|p2b: Miraidon|[spread] p2a,p2b\n|-damage|p2a: Iron Hands|48\/100\n|-damage|p2b: Miraidon|0 fnt\n|faint|p2b: Miraidon\n|-ability|p1a: Calyrex|Grim Neigh|boost\n|-boost|p1a: Calyrex|spa|1\n|-damage|p1a: Calyrex|91\/100|[from] item: Life Orb\n|move|p2a: Iron Hands|Wild Charge|p1a: Calyrex\n|-damage|p1a: Calyrex|0 fnt\n|faint|p1a: Calyrex\n|-damage|p2a: Iron Hands|31\/100|[from] Recoil\n|\n|upkeep\n|\n|t:|1738065896\n|switch|p1a: Ogerpon|Ogerpon-Hearthflame, L50, F|100\/100\n|switch|p2b: Whimsicott|Whimsicott, L50, F|100\/100\n|-ability|p1a: Ogerpon|Mold Breaker\n|turn|2\n|\n|t:|1738065920\n|-terastallize|p2b: Whimsicott|Dark\n|move|p2b: Whimsicott|Encore|p1b: Whimsicott\n|-start|p1b: Whimsicott|Encore\n|move|p1b: Whimsicott|Helping Hand|p1a: Ogerpon\n|-singleturn|p1a: Ogerpon|Helping Hand|[of] p1b: Whimsicott\n|move|p1a: Ogerpon|Ivy Cudgel|p2b: Whimsicott|[anim] Ivy Cudgel Fire\n|-damage|p2b: Whimsicott|2\/100\n|move|p2a: Iron Hands|Drain Punch|p1a: Ogerpon\n|-damage|p1a: Ogerpon|47\/100\n|-heal|p2a: Iron Hands|52\/100|[from] drain|[of] p1a: Ogerpon\n|\n|upkeep\n|turn|3\n|\n|t:|1738065945\n|switch|p2b: Ditto|Ditto, L50|100\/100\n|-transform|p2b: Ditto|p1a: Ogerpon|[from] ability: Imposter\n|-ability|p2b: Ditto|Mold Breaker\n|move|p1b: Whimsicott|Helping Hand|p1a: Ogerpon\n|-singleturn|p1a: Ogerpon|Helping Hand|[of] p1b: Whimsicott\n|move|p1a: Ogerpon|Ivy Cudgel|p2a: Iron Hands|[anim] Ivy Cudgel Fire\n|-damage|p2a: Iron Hands|0 fnt\n|faint|p2a: Iron Hands\n|-end|p2a: Iron Hands|Quark Drive|[silent]\n|\n|upkeep\n|\n|t:|1738065959\n|switch|p2a: Whimsicott|Whimsicott, L50, F, tera:Dark|2\/100\n|turn|4\n|\n|t:|1738065976\n|switch|p1b: Ting-Lu|Ting-Lu, L50|100\/100\n|-ability|p1b: Ting-Lu|Vessel of Ruin\n|-terastallize|p1a: Ogerpon|Fire\n|detailschange|p1a: Ogerpon|Ogerpon-Hearthflame-Tera, L50, F, tera:Fire\n|-ability|p1a: Ogerpon|Embody Aspect (Hearthflame)|boost\n|-boost|p1a: Ogerpon|atk|1\n|move|p2a: Whimsicott|Tailwind|p2a: Whimsicott\n|-sidestart|p2: Weakest blow|move: Tailwind\n|move|p2b: Ditto|Ivy Cudgel|p1a: Ogerpon|[anim] Ivy Cudgel Fire\n|-resisted|p1a: Ogerpon\n|-crit|p1a: Ogerpon\n|-damage|p1a: Ogerpon|12\/100\n|move|p1a: Ogerpon|Ivy Cudgel|p2a: Whimsicott|[anim] Ivy Cudgel Fire\n|-damage|p2a: Whimsicott|0 fnt\n|faint|p2a: Whimsicott\n|\n|upkeep\n|turn|5\n|\n|t:|1738066001\n|move|p2b: Ditto|Spiky Shield|p2b: Ditto\n|-singleturn|p2b: Ditto|move: Protect\n|move|p1a: Ogerpon|Ivy Cudgel|p2b: Ditto|[anim] Ivy Cudgel Fire\n|-activate|p2b: Ditto|move: Protect\n|move|p1b: Ting-Lu|Sand Tomb|p2b: Ditto\n|-activate|p2b: Ditto|move: Protect\n|\n|-fieldend|move: Electric Terrain\n|upkeep\n|turn|6\n|\n|t:|1738066015\n|move|p1a: Ogerpon|Spiky Shield|p1a: Ogerpon\n|-singleturn|p1a: Ogerpon|move: Protect\n|move|p1b: Ting-Lu|Protect|p1b: Ting-Lu\n|-singleturn|p1b: Ting-Lu|Protect\n|move|p2b: Ditto|Ivy Cudgel|p1a: Ogerpon|[anim] Ivy Cudgel Fire\n|-activate|p1a: Ogerpon|move: Protect\n|\n|upkeep\n|turn|7\n|\n|t:|1738066069\n|move|p2b: Ditto|Ivy Cudgel|p1a: Ogerpon|[anim] Ivy Cudgel Fire\n|-resisted|p1a: Ogerpon\n|-damage|p1a: Ogerpon|0 fnt\n|faint|p1a: Ogerpon\n|move|p1b: Ting-Lu|Sand Tomb|p2b: Ditto\n|-damage|p2b: Ditto|83\/100\n|-activate|p2b: Ditto|move: Sand Tomb|[of] p1b: Ting-Lu\n|\n|-damage|p2b: Ditto|71\/100|[from] move: Sand Tomb|[partiallytrapped]\n|-sideend|p2: Weakest blow|move: Tailwind\n|upkeep\n|\n|t:|1738066078\n|switch|p1a: Whimsicott|Whimsicott, L50, F|100\/100\n|turn|8\n|\n|t:|1738066093\n|move|p1a: Whimsicott|Encore|p2b: Ditto\n|-start|p2b: Ditto|Encore\n|move|p2b: Ditto|Ivy Cudgel|p1a: Whimsicott|[anim] Ivy Cudgel Fire\n|-supereffective|p1a: Whimsicott\n|-damage|p1a: Whimsicott|0 fnt\n|faint|p1a: Whimsicott\n|move|p1b: Ting-Lu|Ruination|p2b: Ditto\n|-damage|p2b: Ditto|36\/100\n|\n|-damage|p2b: Ditto|24\/100|[from] move: Sand Tomb|[partiallytrapped]\n|upkeep\n|turn|9\n|\n|t:|1738066109\n|move|p2b: Ditto|Ivy Cudgel|p1b: Ting-Lu|[anim] Ivy Cudgel Fire\n|-damage|p1b: Ting-Lu|77\/100\n|move|p1b: Ting-Lu|Sand Tomb|p2b: Ditto\n|-damage|p2b: Ditto|6\/100\n|\n|-damage|p2b: Ditto|0 fnt|[from] move: Sand Tomb|[partiallytrapped]\n|faint|p2b: Ditto\n|\n|win|ungaungavgc\n|upkeep\n|raw|ungaungavgc's rating: 1550 &rarr; <strong>1571<\/strong><br \/>(+21 for winning)\n|raw|Weakest blow's rating: 1573 &rarr; <strong>1552<\/strong><br \/>(-21 for losing)\n|l|\u2606ungaungavgc\n|player|p1|\n|l|\u2606Weakest blow\n|player|p2|\n|j|\u2606Weakest blow\n|player|p2|Weakest blow|depotagent|\n|l|\u2606Weakest blow\n|player|p2|\n","uploadtime":1738066275,"views":19,"formatid":"gen9vgc2025regg","rating":1552,"private":0,"password":null}