{"id":"gen9vgc2025regg-2289056327","format":"[Gen 9] VGC 2025 Reg G","players":["Lucasmalt","onedaymob"],"log":"|j|\u2606Lucasmalt\n|j|\u2606onedaymob\n|t:|1737972365\n|gametype|doubles\n|player|p1|Lucasmalt|marshal|1550\n|player|p2|onedaymob|2|1547\n|teamsize|p1|6\n|teamsize|p2|6\n|gen|9\n|tier|[Gen 9] VGC 2025 Reg G\n|rated|\n|rule|Species Clause: Limit one of each Pok\u00e9mon\n|rule|Item Clause: Limit 1 of each item\n|clearpoke\n|poke|p1|Kyogre, L50|\n|poke|p1|Urshifu-*, L50, F|\n|poke|p1|Roaring Moon, L50|\n|poke|p1|Rillaboom, L50, M|\n|poke|p1|Amoonguss, L50, F|\n|poke|p1|Incineroar, L50, M|\n|poke|p2|Groudon, L50|\n|poke|p2|Gouging Fire, L50|\n|poke|p2|Raging Bolt, L50|\n|poke|p2|Tornadus, L50, M|\n|poke|p2|Clefairy, L50, M|\n|poke|p2|Chien-Pao, L50|\n|teampreview|4\n|inactive|Battle timer is ON: inactive players will automatically lose when time's up. (requested by onedaymob)\n|\n|t:|1737972390\n|start\n|switch|p1a: Roaring Moon|Roaring Moon, L50|100\/100\n|switch|p1b: Incineroar|Incineroar, L50, M|100\/100\n|switch|p2a: Tornadus|Tornadus, L50, M|100\/100\n|switch|p2b: Groudon|Groudon, L50|100\/100\n|-weather|SunnyDay|[from] ability: Drought|[of] p2b: Groudon\n|-activate|p1a: Roaring Moon|ability: Protosynthesis\n|-start|p1a: Roaring Moon|protosynthesisspe\n|-ability|p1b: Incineroar|Intimidate|boost\n|-unboost|p2a: Tornadus|atk|1\n|-unboost|p2b: Groudon|atk|1\n|turn|1\n|inactive|onedaymob has 30 seconds left.\n|\n|t:|1737972418\n|move|p1b: Incineroar|Fake Out|p2b: Groudon\n|-damage|p2b: Groudon|94\/100\n|move|p1a: Roaring Moon|Tailwind|p1a: Roaring Moon\n|-sidestart|p1: Lucasmalt|move: Tailwind\n|move|p2a: Tornadus|Bleakwind Storm|p1a: Roaring Moon|[spread] p1a,p1b\n|-crit|p1b: Incineroar\n|-damage|p1a: Roaring Moon|66\/100\n|-damage|p1b: Incineroar|48\/100\n|-unboost|p1a: Roaring Moon|spe|1\n|cant|p2b: Groudon|flinch\n|\n|-weather|SunnyDay|[upkeep]\n|upkeep\n|turn|2\n|inactive|onedaymob has 30 seconds left.\n|\n|t:|1737972445\n|move|p2a: Tornadus|Tailwind|p2a: Tornadus\n|-sidestart|p2: onedaymob|move: Tailwind\n|move|p1a: Roaring Moon|Knock Off|p2b: Groudon\n|-damage|p2b: Groudon|58\/100\n|-enditem|p2b: Groudon|Assault Vest|[from] move: Knock Off|[of] p1a: Roaring Moon\n|move|p2b: Groudon|Precipice Blades|p1a: Roaring Moon|[spread] p1a\n|-miss|p2b: Groudon|p1b: Incineroar\n|-damage|p1a: Roaring Moon|17\/100\n|move|p1b: Incineroar|Parting Shot|p2b: Groudon\n|-unboost|p2b: Groudon|atk|1\n|-unboost|p2b: Groudon|spa|1\n|\n|t:|1737972459\n|switch|p1b: Kyogre|Kyogre, L50|100\/100|[from] Parting Shot\n|-weather|RainDance|[from] ability: Drizzle|[of] p1b: Kyogre\n|-end|p1a: Roaring Moon|Protosynthesis\n|-enditem|p1a: Roaring Moon|Booster Energy\n|-activate|p1a: Roaring Moon|ability: Protosynthesis|[fromitem]\n|-start|p1a: Roaring Moon|protosynthesisatk\n|\n|-weather|RainDance|[upkeep]\n|upkeep\n|turn|3\n|\n|t:|1737972482\n|move|p1a: Roaring Moon|Protect|p1a: Roaring Moon\n|-singleturn|p1a: Roaring Moon|Protect\n|move|p2a: Tornadus|Sunny Day|p2a: Tornadus\n|-weather|SunnyDay\n|move|p1b: Kyogre|Origin Pulse|p2a: Tornadus|[spread] p2a,p2b\n|-supereffective|p2b: Groudon\n|-damage|p2a: Tornadus|74\/100\n|-damage|p2b: Groudon|16\/100\n|move|p2b: Groudon|Precipice Blades|p1b: Kyogre|[spread] p1b\n|-activate|p1a: Roaring Moon|move: Protect\n|-damage|p1b: Kyogre|79\/100\n|\n|-weather|SunnyDay|[upkeep]\n|-heal|p1b: Kyogre|85\/100|[from] item: Leftovers\n|upkeep\n|turn|4\n|j| jasper2452\n|\n|t:|1737972506\n|-end|p1a: Roaring Moon|Protosynthesis|[silent]\n|switch|p1a: Incineroar|Incineroar, L50, M|48\/100\n|-ability|p1a: Incineroar|Intimidate|boost\n|-unboost|p2a: Tornadus|atk|1\n|-unboost|p2b: Groudon|atk|1\n|switch|p2b: Chien-Pao|Chien-Pao, L50|100\/100\n|-ability|p2b: Chien-Pao|Sword of Ruin\n|move|p2a: Tornadus|Bleakwind Storm|p1a: Incineroar|[spread] p1a,p1b\n|-damage|p1a: Incineroar|13\/100\n|-damage|p1b: Kyogre|61\/100\n|move|p1b: Kyogre|Ice Beam|p2b: Chien-Pao\n|-resisted|p2b: Chien-Pao\n|-damage|p2b: Chien-Pao|71\/100\n|\n|-weather|SunnyDay|[upkeep]\n|-heal|p1b: Kyogre|67\/100|[from] item: Leftovers\n|-sideend|p1: Lucasmalt|move: Tailwind\n|upkeep\n|turn|5\n|inactive|Lucasmalt has 30 seconds left.\n|inactive|onedaymob has 30 seconds left.\n|\n|t:|1737972538\n|switch|p1b: Roaring Moon|Roaring Moon, L50|17\/100\n|-activate|p1b: Roaring Moon|ability: Protosynthesis\n|-start|p1b: Roaring Moon|protosynthesisspe\n|move|p2b: Chien-Pao|Protect|p2b: Chien-Pao\n|-singleturn|p2b: Chien-Pao|Protect\n|move|p2a: Tornadus|Bleakwind Storm|p1b: Roaring Moon|[spread] p1a,p1b\n|-damage|p1a: Incineroar|0 fnt\n|-damage|p1b: Roaring Moon|0 fnt\n|faint|p1a: Incineroar\n|faint|p1b: Roaring Moon\n|-end|p1b: Roaring Moon|Protosynthesis|[silent]\n|\n|-weather|SunnyDay|[upkeep]\n|-sideend|p2: onedaymob|move: Tailwind\n|upkeep\n|\n|t:|1737972553\n|switch|p1b: Kyogre|Kyogre, L50|67\/100\n|switch|p1a: Rillaboom|Rillaboom, L50, M|100\/100\n|-weather|RainDance|[from] ability: Drizzle|[of] p1b: Kyogre\n|-fieldstart|move: Grassy Terrain|[from] ability: Grassy Surge|[of] p1a: Rillaboom\n|turn|6\n|\n|t:|1737972564\n|switch|p2b: Groudon|Groudon, L50|16\/100\n|-weather|SunnyDay|[from] ability: Drought|[of] p2b: Groudon\n|move|p2a: Tornadus|Tailwind|p2a: Tornadus\n|-sidestart|p2: onedaymob|move: Tailwind\n|move|p1a: Rillaboom|Grassy Glide|p2b: Groudon\n|-supereffective|p2b: Groudon\n|-damage|p2b: Groudon|0 fnt\n|faint|p2b: Groudon\n|move|p1b: Kyogre|Ice Beam|p2a: Tornadus\n|-supereffective|p2a: Tornadus\n|-damage|p2a: Tornadus|0 fnt\n|faint|p2a: Tornadus\n|\n|-weather|SunnyDay|[upkeep]\n|-heal|p1b: Kyogre|72\/100|[from] Grassy Terrain\n|-heal|p1b: Kyogre|78\/100|[from] item: Leftovers\n|upkeep\n|\n|t:|1737972583\n|switch|p2a: Chien-Pao|Chien-Pao, L50|71\/100\n|switch|p2b: Raging Bolt|Raging Bolt, L50|100\/100\n|-ability|p2a: Chien-Pao|Sword of Ruin\n|-activate|p2b: Raging Bolt|ability: Protosynthesis\n|-start|p2b: Raging Bolt|protosynthesisspa\n|turn|7\n|\n|t:|1737972602\n|-terastallize|p2b: Raging Bolt|Electric\n|move|p1b: Kyogre|Protect|p1b: Kyogre\n|-singleturn|p1b: Kyogre|Protect\n|move|p1a: Rillaboom|Grassy Glide|p2a: Chien-Pao\n|-damage|p2a: Chien-Pao|17\/100\n|move|p2a: Chien-Pao|Icicle Crash|p1a: Rillaboom\n|-supereffective|p1a: Rillaboom\n|-damage|p1a: Rillaboom|0 fnt\n|faint|p1a: Rillaboom\n|move|p2b: Raging Bolt|Thunderbolt|p1b: Kyogre\n|-activate|p1b: Kyogre|move: Protect\n|\n|-weather|SunnyDay|[upkeep]\n|-heal|p2a: Chien-Pao|22\/100|[from] Grassy Terrain\n|-heal|p1b: Kyogre|84\/100|[from] Grassy Terrain\n|-heal|p1b: Kyogre|90\/100|[from] item: Leftovers\n|upkeep\n|turn|8\n|\n|t:|1737972624\n|-terastallize|p1b: Kyogre|Grass\n|move|p2a: Chien-Pao|Crunch|p1b: Kyogre\n|-damage|p1b: Kyogre|46\/100\n|-unboost|p1b: Kyogre|def|1\n|move|p2b: Raging Bolt|Thunderbolt|p1b: Kyogre\n|-resisted|p1b: Kyogre\n|-damage|p1b: Kyogre|6\/100\n|-status|p1b: Kyogre|par\n|-damage|p2b: Raging Bolt|91\/100|[from] item: Life Orb\n|move|p1b: Kyogre|Origin Pulse|p2b: Raging Bolt|[spread] p2a,p2b\n|-damage|p2a: Chien-Pao|0 fnt\n|-damage|p2b: Raging Bolt|70\/100\n|faint|p2a: Chien-Pao\n|\n|-weather|SunnyDay|[upkeep]\n|-heal|p2b: Raging Bolt|76\/100|[from] Grassy Terrain\n|-heal|p1b: Kyogre|12\/100 par|[from] Grassy Terrain\n|-heal|p1b: Kyogre|17\/100 par|[from] item: Leftovers\n|upkeep\n|turn|9\n|-message|Lucasmalt forfeited.\n|\n|win|onedaymob\n|raw|Lucasmalt's rating: 1550 &rarr; <strong>1530<\/strong><br \/>(-20 for losing)\n|raw|onedaymob's rating: 1547 &rarr; <strong>1567<\/strong><br \/>(+20 for winning)\n|l| jasper2452\n|l|\u2606onedaymob\n|player|p2|\n","uploadtime":1737972831,"views":11,"formatid":"gen9vgc2025regg","rating":1530,"private":0,"password":null}