{"id":"gen9vgc2025regg-2289843550","format":"[Gen 9] VGC 2025 Reg G","players":["crowz000","Cdogp"],"log":"|j|\u2606crowz000\n|j|\u2606Cdogp\n|t:|1738074041\n|gametype|doubles\n|player|p1|crowz000|170|1694\n|player|p2|Cdogp|wattson|1733\n|teamsize|p1|6\n|teamsize|p2|6\n|gen|9\n|tier|[Gen 9] VGC 2025 Reg G\n|rated|\n|rule|Species Clause: Limit one of each Pok\u00e9mon\n|rule|Item Clause: Limit 1 of each item\n|clearpoke\n|poke|p1|Terapagos, L50, M|\n|poke|p1|Clefairy, L50, F|\n|poke|p1|Incineroar, L50, F|\n|poke|p1|Rillaboom, L50, F|\n|poke|p1|Ogerpon-Cornerstone, L50, F|\n|poke|p1|Flutter Mane, L50|\n|poke|p2|Calyrex-Ice, L50|\n|poke|p2|Urshifu-*, L50, M|\n|poke|p2|Whimsicott, L50, M|\n|poke|p2|Landorus, L50, M|\n|poke|p2|Ditto, L50|\n|poke|p2|Raging Bolt, L50|\n|teampreview|4\n|\n|t:|1738074076\n|start\n|switch|p1a: Terapagos|Terapagos, L50, M|100\/100\n|switch|p1b: Incineroar|Incineroar, L50, F|100\/100\n|switch|p2a: Whimsicott|Whimsicott, L50, M|100\/100\n|switch|p2b: Calyrex|Calyrex-Ice, L50|100\/100\n|-ability|p2b: Calyrex|As One\n|-ability|p2b: Calyrex|Unnerve\n|-activate|p1a: Terapagos|ability: Tera Shift\n|detailschange|p1a: Terapagos|Terapagos-Terastal, L50, M\n|-heal|p1a: Terapagos|100\/100|[silent]\n|-ability|p1b: Incineroar|Intimidate|boost\n|-unboost|p2a: Whimsicott|atk|1\n|-fail|p2b: Calyrex|unboost|[from] item: Clear Amulet|[of] p2b: Calyrex\n|turn|1\n|inactive|Battle timer is ON: inactive players will automatically lose when time's up. (requested by crowz000)\n|\n|t:|1738074102\n|move|p2a: Whimsicott|Tailwind|p2a: Whimsicott\n|-sidestart|p2: Cdogp|move: Tailwind\n|move|p2b: Calyrex|Glacial Lance|p1a: Terapagos|[spread] p1a,p1b\n|-activate|p1a: Terapagos|ability: Tera Shell\n|-resisted|p1a: Terapagos\n|-resisted|p1b: Incineroar\n|-damage|p1a: Terapagos|80\/100\n|-damage|p1b: Incineroar|79\/100\n|move|p1a: Terapagos|Calm Mind|p1a: Terapagos\n|-boost|p1a: Terapagos|spa|1\n|-boost|p1a: Terapagos|spd|1\n|move|p1b: Incineroar|Fire Pledge|p2a: Whimsicott\n|-supereffective|p2a: Whimsicott\n|-damage|p2a: Whimsicott|52\/100\n|\n|-heal|p1a: Terapagos|86\/100|[from] item: Leftovers\n|upkeep\n|turn|2\n|\n|t:|1738074119\n|move|p1a: Terapagos|Protect|p1a: Terapagos\n|-singleturn|p1a: Terapagos|Protect\n|move|p2a: Whimsicott|Encore|p1a: Terapagos\n|-activate|p1a: Terapagos|move: Protect\n|move|p2b: Calyrex|High Horsepower|p1b: Incineroar\n|-supereffective|p1b: Incineroar\n|-damage|p1b: Incineroar|13\/100\n|-damage|p2b: Calyrex|84\/100|[from] item: Rocky Helmet|[of] p1b: Incineroar\n|move|p1b: Incineroar|Parting Shot|p2a: Whimsicott\n|-unboost|p2a: Whimsicott|atk|1\n|-unboost|p2a: Whimsicott|spa|1\n|\n|t:|1738074131\n|switch|p1b: Clefairy|Clefairy, L50, F|100\/100|[from] Parting Shot\n|\n|-heal|p1a: Terapagos|92\/100|[from] item: Leftovers\n|upkeep\n|turn|3\n|\n|t:|1738074147\n|-terastallize|p1a: Terapagos|Stellar\n|detailschange|p1a: Terapagos|Terapagos-Stellar, L50, M, tera:Stellar\n|-heal|p1a: Terapagos|94\/100|[silent]\n|move|p1b: Clefairy|Follow Me|p1b: Clefairy\n|-singleturn|p1b: Clefairy|move: Follow Me\n|move|p2a: Whimsicott|Encore|p1b: Clefairy\n|-start|p1b: Clefairy|Encore\n|move|p2b: Calyrex|Glacial Lance|p1a: Terapagos|[spread] p1a,p1b\n|-damage|p1a: Terapagos|73\/100\n|-damage|p1b: Clefairy|59\/100\n|move|p1a: Terapagos|Tera Starstorm|p2a: Whimsicott|[spread] p2a,p2b\n|-crit|p2b: Calyrex\n|-damage|p2a: Whimsicott|0 fnt\n|-damage|p2b: Calyrex|17\/100\n|faint|p2a: Whimsicott\n|\n|-heal|p1a: Terapagos|79\/100|[from] item: Leftovers\n|upkeep\n|\n|t:|1738074157\n|switch|p2a: Landorus|Landorus, L50, M|100\/100\n|turn|4\n|\n|t:|1738074166\n|switch|p2b: Urshifu|Urshifu, L50, M|100\/100\n|move|p1b: Clefairy|Follow Me|p1b: Clefairy\n|-singleturn|p1b: Clefairy|move: Follow Me\n|move|p2a: Landorus|Sandsear Storm|p1a: Terapagos|[spread] p1a\n|-miss|p2a: Landorus|p1b: Clefairy\n|-damage|p1a: Terapagos|57\/100\n|move|p1a: Terapagos|Tera Starstorm|p2a: Landorus|[spread] p2a,p2b\n|-damage|p2a: Landorus|24\/100\n|-damage|p2b: Urshifu|6\/100\n|\n|-heal|p1a: Terapagos|63\/100|[from] item: Leftovers\n|-sideend|p2: Cdogp|move: Tailwind\n|upkeep\n|turn|5\n|\n|t:|1738074180\n|move|p1b: Clefairy|Follow Me|p1b: Clefairy\n|-singleturn|p1b: Clefairy|move: Follow Me\n|move|p2a: Landorus|Sludge Bomb|p1b: Clefairy\n|-supereffective|p1b: Clefairy\n|-damage|p1b: Clefairy|0 fnt\n|faint|p1b: Clefairy\n|move|p2b: Urshifu|Close Combat|p1a: Terapagos\n|-supereffective|p1a: Terapagos\n|-damage|p1a: Terapagos|0 fnt\n|-unboost|p2b: Urshifu|def|1\n|-unboost|p2b: Urshifu|spd|1\n|faint|p1a: Terapagos\n|\n|upkeep\n|\n|t:|1738074191\n|switch|p1a: Incineroar|Incineroar, L50, F|13\/100\n|switch|p1b: Rillaboom|Rillaboom, L50, F|100\/100\n|-fieldstart|move: Grassy Terrain|[from] ability: Grassy Surge|[of] p1b: Rillaboom\n|-ability|p1a: Incineroar|Intimidate|boost\n|-unboost|p2a: Landorus|atk|1\n|-unboost|p2b: Urshifu|atk|1\n|turn|6\n|\n|t:|1738074214\n|move|p2a: Landorus|Protect|p2a: Landorus\n|-singleturn|p2a: Landorus|Protect\n|move|p2b: Urshifu|Detect|p2b: Urshifu\n|-singleturn|p2b: Urshifu|Protect\n|move|p1a: Incineroar|Fake Out|p2b: Urshifu\n|-activate|p2b: Urshifu|move: Protect\n|move|p1b: Rillaboom|Drum Beating|p2a: Landorus\n|-activate|p2a: Landorus|move: Protect\n|\n|-heal|p2b: Urshifu|11\/100|[from] Grassy Terrain\n|-heal|p1a: Incineroar|19\/100|[from] Grassy Terrain\n|upkeep\n|turn|7\n|\n|t:|1738074229\n|-terastallize|p2b: Urshifu|Dark\n|move|p2a: Landorus|Earth Power|p1a: Incineroar\n|-supereffective|p1a: Incineroar\n|-damage|p1a: Incineroar|0 fnt\n|faint|p1a: Incineroar\n|move|p2b: Urshifu|Wicked Blow|p1b: Rillaboom\n|-crit|p1b: Rillaboom\n|-damage|p1b: Rillaboom|25\/100\n|move|p1b: Rillaboom|Grass Pledge|p2a: Landorus\n|-damage|p2a: Landorus|0 fnt\n|faint|p2a: Landorus\n|\n|-heal|p2b: Urshifu|17\/100|[from] Grassy Terrain\n|-heal|p1b: Rillaboom|31\/100|[from] Grassy Terrain\n|upkeep\n|\n|t:|1738074233\n|switch|p2a: Calyrex|Calyrex-Ice, L50|17\/100\n|-ability|p2a: Calyrex|As One\n|-ability|p2a: Calyrex|Unnerve\n|turn|8\n|\n|t:|1738074249\n|move|p2b: Urshifu|Wicked Blow|p1b: Rillaboom\n|-crit|p1b: Rillaboom\n|-damage|p1b: Rillaboom|0 fnt\n|faint|p1b: Rillaboom\n|\n|win|Cdogp\n|raw|crowz000's rating: 1694 &rarr; <strong>1676<\/strong><br \/>(-18 for losing)\n|raw|Cdogp's rating: 1733 &rarr; <strong>1751<\/strong><br \/>(+18 for winning)\n|l|\u2606crowz000\n|player|p1|\n|l|\u2606Cdogp\n|player|p2|\n","uploadtime":1738074495,"views":47,"formatid":"gen9vgc2025regg","rating":1676,"private":0,"password":null}