{"id":"gen9vgc2025regg-2289370113","format":"[Gen 9] VGC 2025 Reg G","players":["yodapoke","Jameson Murray"],"log":"|j|\u203dyodapoke\n|j|\u2606Jameson Murray\n|t:|1738008260\n|gametype|doubles\n|player|p1|yodapoke|lucas|1583\n|player|p2|Jameson Murray|elesa|1563\n|teamsize|p1|6\n|teamsize|p2|6\n|gen|9\n|tier|[Gen 9] VGC 2025 Reg G\n|rated|\n|rule|Species Clause: Limit one of each Pok\u00e9mon\n|rule|Item Clause: Limit 1 of each item\n|clearpoke\n|poke|p1|Lunala, L50|\n|poke|p1|Chi-Yu, L50|\n|poke|p1|Whimsicott, L50, F|\n|poke|p1|Rillaboom, L50, F|\n|poke|p1|Incineroar, L50, M|\n|poke|p1|Urshifu-*, L50, F|\n|poke|p2|Groudon, L50|\n|poke|p2|Raging Bolt, L50|\n|poke|p2|Jumpluff, L50, M|\n|poke|p2|Chien-Pao, L50|\n|poke|p2|Gouging Fire, L50|\n|poke|p2|Flutter Mane, L50|\n|teampreview|4\n|\n|t:|1738008299\n|start\n|switch|p1a: Incineroar|Incineroar, L50, M|100\/100\n|switch|p1b: Lunala|Lunala, L50|100\/100\n|switch|p2a: Groudon|Groudon, L50, shiny|100\/100\n|switch|p2b: Gouging Fire|Gouging Fire, L50|100\/100\n|-weather|SunnyDay|[from] ability: Drought|[of] p2a: Groudon\n|-activate|p2b: Gouging Fire|ability: Protosynthesis\n|-start|p2b: Gouging Fire|protosynthesisspe\n|-ability|p1a: Incineroar|Intimidate|boost\n|-unboost|p2a: Groudon|atk|1\n|-fail|p2b: Gouging Fire|unboost|[from] item: Clear Amulet|[of] p2b: Gouging Fire\n|turn|1\n|j| supercatlol\n|\n|t:|1738008325\n|move|p2b: Gouging Fire|Burning Bulwark|p2b: Gouging Fire\n|-singleturn|p2b: Gouging Fire|move: Protect\n|move|p1b: Lunala|Wide Guard|p1b: Lunala\n|-singleturn|p1b: Lunala|Wide Guard\n|move|p2a: Groudon|Precipice Blades|p1a: Incineroar|[spread] \n|-activate|p1a: Incineroar|move: Wide Guard\n|-activate|p1b: Lunala|move: Wide Guard\n|move|p1a: Incineroar|Taunt|p2b: Gouging Fire\n|-start|p2b: Gouging Fire|move: Taunt\n|\n|-weather|SunnyDay|[upkeep]\n|upkeep\n|turn|2\n|j| mentalrofl\n|\n|t:|1738008343\n|switch|p1b: Urshifu|Urshifu-Rapid-Strike, L50, F|100\/100\n|move|p2b: Gouging Fire|Flare Blitz|p1b: Urshifu\n|-resisted|p1b: Urshifu\n|-damage|p1b: Urshifu|63\/100\n|-damage|p2b: Gouging Fire|90\/100|[from] Recoil\n|move|p2a: Groudon|Heat Crash|p1b: Urshifu\n|-resisted|p1b: Urshifu\n|-damage|p1b: Urshifu|36\/100\n|move|p1a: Incineroar|Parting Shot|p2a: Groudon\n|-unboost|p2a: Groudon|atk|1\n|-unboost|p2a: Groudon|spa|1\n|\n|t:|1738008355\n|switch|p1a: Lunala|Lunala, L50|100\/100|[from] Parting Shot\n|\n|-weather|SunnyDay|[upkeep]\n|upkeep\n|turn|3\n|\n|t:|1738008383\n|-end|p2b: Gouging Fire|Protosynthesis|[silent]\n|switch|p2b: Jumpluff|Jumpluff, L50, M, shiny|100\/100\n|switch|p1b: Incineroar|Incineroar, L50, M|100\/100\n|-ability|p1b: Incineroar|Intimidate|boost\n|-unboost|p2a: Groudon|atk|1\n|-unboost|p2b: Jumpluff|atk|1\n|move|p1a: Lunala|Calm Mind|p1a: Lunala\n|-boost|p1a: Lunala|spa|1\n|-boost|p1a: Lunala|spd|1\n|move|p2a: Groudon|Thunder Punch|p1b: Incineroar\n|-damage|p1b: Incineroar|90\/100\n|\n|-weather|SunnyDay|[upkeep]\n|upkeep\n|turn|4\n|\n|t:|1738008401\n|switch|p2a: Gouging Fire|Gouging Fire, L50|90\/100\n|-activate|p2a: Gouging Fire|ability: Protosynthesis\n|-start|p2a: Gouging Fire|protosynthesisspe\n|move|p2b: Jumpluff|Sleep Powder|p1a: Lunala|[miss]\n|-miss|p2b: Jumpluff|p1a: Lunala\n|move|p1a: Lunala|Calm Mind|p1a: Lunala\n|-boost|p1a: Lunala|spa|1\n|-boost|p1a: Lunala|spd|1\n|move|p1b: Incineroar|Taunt|p2b: Jumpluff\n|-start|p2b: Jumpluff|move: Taunt\n|\n|-weather|SunnyDay|[upkeep]\n|upkeep\n|turn|5\n|\n|t:|1738008420\n|switch|p2b: Chien-Pao|Chien-Pao, L50|100\/100\n|-ability|p2b: Chien-Pao|Sword of Ruin\n|switch|p1b: Rillaboom|Rillaboom, L50, F|100\/100\n|-fieldstart|move: Grassy Terrain|[from] ability: Grassy Surge|[of] p1b: Rillaboom\n|move|p2a: Gouging Fire|Flare Blitz|p1a: Lunala\n|-damage|p1a: Lunala|59\/100\n|-damage|p2a: Gouging Fire|74\/100|[from] Recoil\n|move|p1a: Lunala|Moongeist Beam|p2b: Chien-Pao\n|-resisted|p2b: Chien-Pao\n|-damage|p2b: Chien-Pao|3\/100\n|\n|-weather|none\n|-end|p2a: Gouging Fire|Protosynthesis\n|-heal|p2a: Gouging Fire|80\/100|[from] Grassy Terrain\n|-heal|p2b: Chien-Pao|9\/100|[from] Grassy Terrain\n|-heal|p1a: Lunala|65\/100|[from] Grassy Terrain\n|-heal|p1a: Lunala|71\/100|[from] item: Leftovers\n|upkeep\n|turn|6\n|\n|t:|1738008444\n|switch|p1b: Incineroar|Incineroar, L50, M|90\/100\n|-ability|p1b: Incineroar|Intimidate|boost\n|-fail|p2a: Gouging Fire|unboost|[from] item: Clear Amulet|[of] p2a: Gouging Fire\n|-unboost|p2b: Chien-Pao|atk|1\n|-terastallize|p1a: Lunala|Fairy\n|move|p2b: Chien-Pao|Protect|p2b: Chien-Pao\n|-singleturn|p2b: Chien-Pao|Protect\n|move|p2a: Gouging Fire|Burning Bulwark|p2a: Gouging Fire\n|-singleturn|p2a: Gouging Fire|move: Protect\n|move|p1a: Lunala|Dazzling Gleam|p2a: Gouging Fire|[spread] \n|-activate|p2a: Gouging Fire|move: Protect\n|-activate|p2b: Chien-Pao|move: Protect\n|\n|-heal|p2b: Chien-Pao|15\/100|[from] Grassy Terrain\n|-heal|p2a: Gouging Fire|86\/100|[from] Grassy Terrain\n|-heal|p1a: Lunala|77\/100|[from] Grassy Terrain\n|-heal|p1a: Lunala|83\/100|[from] item: Leftovers\n|-heal|p1b: Incineroar|96\/100|[from] Grassy Terrain\n|upkeep\n|turn|7\n|\n|t:|1738008477\n|switch|p2b: Groudon|Groudon, L50, shiny|100\/100\n|-weather|SunnyDay|[from] ability: Drought|[of] p2b: Groudon\n|-activate|p2a: Gouging Fire|ability: Protosynthesis\n|-start|p2a: Gouging Fire|protosynthesisspe\n|move|p1b: Incineroar|Fake Out|p2b: Groudon\n|-damage|p2b: Groudon|94\/100\n|move|p2a: Gouging Fire|Howl|p2a: Gouging Fire|[spread] p2a,p2b\n|-boost|p2a: Gouging Fire|atk|1\n|-boost|p2b: Groudon|atk|1\n|move|p1a: Lunala|Moongeist Beam|p2a: Gouging Fire\n|-damage|p2a: Gouging Fire|0 fnt\n|faint|p2a: Gouging Fire\n|-end|p2a: Gouging Fire|Protosynthesis|[silent]\n|\n|-weather|SunnyDay|[upkeep]\n|-heal|p1a: Lunala|89\/100|[from] Grassy Terrain\n|-heal|p1a: Lunala|95\/100|[from] item: Leftovers\n|-heal|p2b: Groudon|99\/100|[from] Grassy Terrain\n|-heal|p1b: Incineroar|100\/100|[from] Grassy Terrain\n|upkeep\n|\n|t:|1738008495\n|switch|p2a: Jumpluff|Jumpluff, L50, M, shiny|100\/100\n|turn|8\n|\n|t:|1738008513\n|switch|p1b: Urshifu|Urshifu-Rapid-Strike, L50, F|36\/100\n|move|p2a: Jumpluff|Sleep Powder|p1a: Lunala\n|-status|p1a: Lunala|slp|[from] move: Sleep Powder\n|cant|p1a: Lunala|slp\n|move|p2b: Groudon|Precipice Blades|p1b: Urshifu|[spread] \n|-miss|p2b: Groudon|p1a: Lunala\n|-miss|p2b: Groudon|p1b: Urshifu\n|\n|-weather|SunnyDay|[upkeep]\n|-heal|p1b: Urshifu|42\/100|[from] Grassy Terrain\n|-heal|p1a: Lunala|100\/100 slp|[from] Grassy Terrain\n|-heal|p2b: Groudon|100\/100|[from] Grassy Terrain\n|upkeep\n|turn|9\n|\n|t:|1738008531\n|switch|p1b: Incineroar|Incineroar, L50, M|100\/100\n|-ability|p1b: Incineroar|Intimidate|boost\n|-unboost|p2a: Jumpluff|atk|1\n|-unboost|p2b: Groudon|atk|1\n|move|p2a: Jumpluff|Rage Powder|p2a: Jumpluff\n|-singleturn|p2a: Jumpluff|move: Rage Powder\n|cant|p1a: Lunala|slp\n|move|p2b: Groudon|Precipice Blades|p1b: Incineroar|[spread] p1a\n|-miss|p2b: Groudon|p1b: Incineroar\n|-damage|p1a: Lunala|77\/100 slp\n|\n|-weather|SunnyDay|[upkeep]\n|-heal|p1a: Lunala|83\/100 slp|[from] Grassy Terrain\n|-heal|p1a: Lunala|89\/100 slp|[from] item: Leftovers\n|-fieldend|move: Grassy Terrain\n|upkeep\n|turn|10\n|\n|t:|1738008551\n|switch|p1b: Rillaboom|Rillaboom, L50, F|100\/100\n|-fieldstart|move: Grassy Terrain|[from] ability: Grassy Surge|[of] p1b: Rillaboom\n|move|p2a: Jumpluff|Tailwind|p2a: Jumpluff\n|-sidestart|p2: Jameson Murray|move: Tailwind\n|move|p2b: Groudon|Precipice Blades|p1a: Lunala|[spread] p1a,p1b\n|-resisted|p1b: Rillaboom\n|-damage|p1a: Lunala|44\/100 slp\n|-damage|p1b: Rillaboom|74\/100\n|cant|p1a: Lunala|slp\n|\n|-weather|SunnyDay|[upkeep]\n|-heal|p1a: Lunala|50\/100 slp|[from] Grassy Terrain\n|-heal|p1a: Lunala|56\/100 slp|[from] item: Leftovers\n|-heal|p1b: Rillaboom|80\/100|[from] Grassy Terrain\n|upkeep\n|turn|11\n|\n|t:|1738008585\n|switch|p2b: Chien-Pao|Chien-Pao, L50|15\/100\n|-ability|p2b: Chien-Pao|Sword of Ruin\n|move|p1b: Rillaboom|Fake Out|p2b: Chien-Pao\n|-damage|p2b: Chien-Pao|0 fnt\n|faint|p2b: Chien-Pao\n|move|p2a: Jumpluff|Rage Powder|p2a: Jumpluff\n|-singleturn|p2a: Jumpluff|move: Rage Powder\n|-curestatus|p1a: Lunala|slp|[msg]\n|move|p1a: Lunala|Dazzling Gleam|p2a: Jumpluff\n|-damage|p2a: Jumpluff|9\/100\n|\n|-weather|none\n|-heal|p1a: Lunala|62\/100|[from] Grassy Terrain\n|-heal|p1a: Lunala|68\/100|[from] item: Leftovers\n|-heal|p1b: Rillaboom|86\/100|[from] Grassy Terrain\n|upkeep\n|\n|t:|1738008591\n|switch|p2b: Groudon|Groudon, L50, shiny|100\/100\n|-weather|SunnyDay|[from] ability: Drought|[of] p2b: Groudon\n|turn|12\n|l| mentalrofl\n|j| mentalrofl\n|\n|t:|1738008610\n|move|p1b: Rillaboom|Grassy Glide|p2b: Groudon\n|-supereffective|p2b: Groudon\n|-damage|p2b: Groudon|46\/100\n|move|p2a: Jumpluff|Sleep Powder|p1a: Lunala\n|-status|p1a: Lunala|slp|[from] move: Sleep Powder\n|move|p2b: Groudon|Precipice Blades|p1b: Rillaboom|[spread] p1a,p1b\n|-resisted|p1b: Rillaboom\n|-damage|p1a: Lunala|21\/100 slp\n|-damage|p1b: Rillaboom|59\/100\n|cant|p1a: Lunala|slp\n|\n|-weather|SunnyDay|[upkeep]\n|-heal|p2b: Groudon|52\/100|[from] Grassy Terrain\n|-heal|p1a: Lunala|27\/100 slp|[from] Grassy Terrain\n|-heal|p1a: Lunala|33\/100 slp|[from] item: Leftovers\n|-heal|p1b: Rillaboom|65\/100|[from] Grassy Terrain\n|upkeep\n|turn|13\n|l| mentalrofl\n|\n|t:|1738008626\n|-terastallize|p2b: Groudon|Fire\n|cant|p1a: Lunala|slp\n|move|p1b: Rillaboom|Grassy Glide|p2a: Jumpluff\n|-resisted|p2a: Jumpluff\n|-damage|p2a: Jumpluff|0 fnt\n|faint|p2a: Jumpluff\n|move|p2b: Groudon|Precipice Blades|p1b: Rillaboom|[spread] p1a,p1b\n|-resisted|p1b: Rillaboom\n|-damage|p1a: Lunala|0 fnt\n|-damage|p1b: Rillaboom|39\/100\n|faint|p1a: Lunala\n|\n|-weather|SunnyDay|[upkeep]\n|-heal|p2b: Groudon|58\/100|[from] Grassy Terrain\n|-heal|p1b: Rillaboom|45\/100|[from] Grassy Terrain\n|-sideend|p2: Jameson Murray|move: Tailwind\n|upkeep\n|-message|Jameson Murray forfeited.\n|\n|win|yodapoke\n|raw|yodapoke's rating: 1583 &rarr; <strong>1602<\/strong><br \/>(+19 for winning)\n|raw|Jameson Murray's rating: 1563 &rarr; <strong>1544<\/strong><br \/>(-19 for losing)\n|l|\u2606Jameson Murray\n|player|p2|\n|l|\u203dyodapoke\n|player|p1|\n|l| supercatlol\n","uploadtime":1738008874,"views":12,"formatid":"gen9vgc2025regg","rating":1544,"private":0,"password":null}