{"id":"gen9vgc2025regg-2289459225","format":"[Gen 9] VGC 2025 Reg G","players":["Zakmancho","wonder gawd"],"log":"|j|\u2606Zakmancho\n|j|\u2606wonder gawd\n|t:|1738017319\n|gametype|doubles\n|player|p1|Zakmancho|169|1641\n|player|p2|wonder gawd|2|1648\n|teamsize|p1|6\n|teamsize|p2|6\n|gen|9\n|tier|[Gen 9] VGC 2025 Reg G\n|rated|\n|rule|Species Clause: Limit one of each Pok\u00e9mon\n|rule|Item Clause: Limit 1 of each item\n|clearpoke\n|poke|p1|Calyrex-Ice, L50|\n|poke|p1|Raging Bolt, L50|\n|poke|p1|Flutter Mane, L50|\n|poke|p1|Urshifu-*, L50, M|\n|poke|p1|Murkrow, L50, F|\n|poke|p1|Ogerpon-Cornerstone, L50, F|\n|poke|p2|Lunala, L50|\n|poke|p2|Zapdos-Galar, L50|\n|poke|p2|Araquanid, L50, F|\n|poke|p2|Urshifu-*, L50, F|\n|poke|p2|Comfey, L50, F|\n|poke|p2|Tornadus, L50, M|\n|teampreview|4\n|inactive|Battle timer is ON: inactive players will automatically lose when time's up. (requested by Zakmancho)\n|inactive|wonder gawd also wants the timer to be on.\n|j| mentalrofl\nwonder gawd rejected open team sheets.\n|inactive|Zakmancho has 60 seconds left.\n|\n|t:|1738017359\n|start\n|switch|p1a: Flutter Mane|Flutter Mane, L50|100\/100\n|switch|p1b: Murkrow|Murkrow, L50, F|100\/100\n|switch|p2a: Zapdos|Zapdos-Galar, L50, shiny|100\/100\n|switch|p2b: Lunala|Lunala, L50, shiny|100\/100\n|-enditem|p1a: Flutter Mane|Booster Energy\n|-activate|p1a: Flutter Mane|ability: Protosynthesis|[fromitem]\n|-start|p1a: Flutter Mane|protosynthesisspe\n|turn|1\n|inactive|Zakmancho has 30 seconds left.\n|inactive|wonder gawd has 30 seconds left.\n|\n|t:|1738017391\n|move|p1b: Murkrow|Thunder Wave|p2b: Lunala|[miss]\n|-miss|p1b: Murkrow|p2b: Lunala\n|move|p1a: Flutter Mane|Dazzling Gleam|p2b: Lunala|[spread] p2a,p2b\n|-supereffective|p2a: Zapdos\n|-damage|p2a: Zapdos|35\/100\n|-damage|p2b: Lunala|91\/100\n|move|p2a: Zapdos|Brave Bird|p1a: Flutter Mane\n|-damage|p1a: Flutter Mane|0 fnt\n|faint|p1a: Flutter Mane\n|-end|p1a: Flutter Mane|Protosynthesis|[silent]\n|-damage|p2a: Zapdos|3\/100|[from] Recoil\n|move|p2b: Lunala|Meteor Beam||[still]\n|-prepare|p2b: Lunala|Meteor Beam\n|-boost|p2b: Lunala|spa|1\n|-enditem|p2b: Lunala|Power Herb\n|-anim|p2b: Lunala|Meteor Beam|p1b: Murkrow\n|-supereffective|p1b: Murkrow\n|-damage|p1b: Murkrow|0 fnt\n|faint|p1b: Murkrow\n|\n|upkeep\n|j| jfabricio23\n|\n|t:|1738017414\n|switch|p1a: Raging Bolt|Raging Bolt, L50|100\/100\n|switch|p1b: Calyrex|Calyrex-Ice, L50|100\/100\n|-ability|p1b: Calyrex|As One\n|-ability|p1b: Calyrex|Unnerve\n|turn|2\n|j| mr pogostick\n|\n|t:|1738017438\n|move|p1b: Calyrex|Protect|p1b: Calyrex\n|-singleturn|p1b: Calyrex|Protect\n|move|p2a: Zapdos|Brave Bird|p1b: Calyrex\n|-activate|p1b: Calyrex|move: Protect\n|move|p2b: Lunala|Moongeist Beam|p1a: Raging Bolt\n|-damage|p1a: Raging Bolt|15\/100\n|move|p1a: Raging Bolt|Thunderbolt|p2b: Lunala\n|-damage|p2b: Lunala|43\/100\n|-damage|p1a: Raging Bolt|6\/100|[from] item: Life Orb\n|\n|upkeep\n|turn|3\n|inactive|Zakmancho has 30 seconds left.\n|inactive|wonder gawd has 30 seconds left.\n|\n|t:|1738017469\n|switch|p2a: Comfey|Comfey, L50, F, shiny|100\/100\n|-terastallize|p1a: Raging Bolt|Electric\n|move|p1a: Raging Bolt|Thunderclap|p2b: Lunala\n|-damage|p2b: Lunala|0 fnt\n|faint|p2b: Lunala\n|-damage|p1a: Raging Bolt|0 fnt|[from] item: Life Orb\n|faint|p1a: Raging Bolt\n|-end|p1a: Raging Bolt|Protosynthesis|[silent]\n|move|p1b: Calyrex|Substitute|p1b: Calyrex\n|-start|p1b: Calyrex|Substitute\n|-damage|p1b: Calyrex|75\/100\n|\n|upkeep\n|\n|t:|1738017481\n|switch|p2b: Zapdos|Zapdos-Galar, L50, shiny|3\/100\n|turn|4\n|\n|t:|1738017492\n|move|p2b: Zapdos|Knock Off|p1b: Calyrex\n|-supereffective|p1b: Calyrex\n|-end|p1b: Calyrex|Substitute\n|move|p2a: Comfey|Calm Mind|p2a: Comfey\n|-boost|p2a: Comfey|spa|1\n|-boost|p2a: Comfey|spd|1\n|move|p1b: Calyrex|Glacial Lance|p2a: Comfey|[spread] p2a,p2b\n|-supereffective|p2b: Zapdos\n|-damage|p2a: Comfey|32\/100\n|-damage|p2b: Zapdos|0 fnt\n|faint|p2b: Zapdos\n|-ability|p1b: Calyrex|Chilling Neigh|boost\n|-boost|p1b: Calyrex|atk|1\n|\n|upkeep\n|\n|t:|1738017503\n|switch|p2b: Araquanid|Araquanid, L50, F, shiny|100\/100\n|turn|5\n|inactive|wonder gawd has 30 seconds left.\n|inactive|wonder gawd has 20 seconds left.\n|\n|t:|1738017538\n|move|p2a: Comfey|Draining Kiss|p1b: Calyrex\n|-damage|p1b: Calyrex|54\/100\n|-heal|p2a: Comfey|58\/100|[from] drain|[of] p1b: Calyrex\n|move|p1b: Calyrex|High Horsepower|p2a: Comfey\n|-damage|p2a: Comfey|0 fnt\n|faint|p2a: Comfey\n|-ability|p1b: Calyrex|Chilling Neigh|boost\n|-boost|p1b: Calyrex|atk|1\n|move|p2b: Araquanid|Iron Defense|p2b: Araquanid\n|-boost|p2b: Araquanid|def|2\n|\n|upkeep\n|turn|6\n|\n|t:|1738017560\n|-terastallize|p2b: Araquanid|Water\n|move|p1b: Calyrex|Glacial Lance|p2b: Araquanid\n|-resisted|p2b: Araquanid\n|-damage|p2b: Araquanid|61\/100\n|move|p2b: Araquanid|Liquidation|p1b: Calyrex\n|-damage|p1b: Calyrex|0 fnt\n|faint|p1b: Calyrex\n|\n|win|wonder gawd\n|raw|Zakmancho's rating: 1641 &rarr; <strong>1621<\/strong><br \/>(-20 for losing)\n|raw|wonder gawd's rating: 1648 &rarr; <strong>1668<\/strong><br \/>(+20 for winning)\n|l|\u2606Zakmancho\n|player|p1|\n|l| mr pogostick\n|l| jfabricio23\n|l|\u2606wonder gawd\n|player|p2|\n|l| mentalrofl\n","uploadtime":1738017708,"views":7,"formatid":"gen9vgc2025regg","rating":1621,"private":0,"password":null}