{"id":"gen9vgc2025regg-2289643048","format":"[Gen 9] VGC 2025 Reg G","players":["Guneon","CCC2023"],"log":"|j|\u2606Guneon\n|j|\u2606CCC2023\n|t:|1738041375\n|gametype|doubles\n|player|p1|Guneon|102|1568\n|player|p2|CCC2023|102|1650\n|teamsize|p1|6\n|teamsize|p2|6\n|gen|9\n|tier|[Gen 9] VGC 2025 Reg G\n|rated|\n|rule|Species Clause: Limit one of each Pok\u00e9mon\n|rule|Item Clause: Limit 1 of each item\n|clearpoke\n|poke|p1|Rillaboom, L50, F|\n|poke|p1|Calyrex-Shadow, L50|\n|poke|p1|Incineroar, L50, F|\n|poke|p1|Tornadus, L50, M|\n|poke|p1|Clefairy, L50, F|\n|poke|p1|Urshifu-*, L50, F|\n|poke|p2|Urshifu-*, L50, M|\n|poke|p2|Amoonguss, L50, M|\n|poke|p2|Ogerpon-Hearthflame, L50, F|\n|poke|p2|Landorus, L50, M|\n|poke|p2|Calyrex-Ice, L50|\n|poke|p2|Roaring Moon, L50|\n|teampreview|4\n|inactive|Battle timer is ON: inactive players will automatically lose when time's up. (requested by CCC2023)\n|inactive|CCC2023 has 60 seconds left.\n|\n|t:|1738041433\n|start\n|switch|p1a: Calyrex|Calyrex-Shadow, L50|100\/100\n|switch|p1b: Incineroar|Incineroar, L50, F|100\/100\n|switch|p2a: Calyrex|Calyrex-Ice, L50|100\/100\n|switch|p2b: Roaring Moon|Roaring Moon, L50|100\/100\n|-ability|p2a: Calyrex|As One\n|-ability|p2a: Calyrex|Unnerve\n|-ability|p1a: Calyrex|As One\n|-ability|p1a: Calyrex|Unnerve\n|-ability|p1b: Incineroar|Intimidate|boost\n|-fail|p2a: Calyrex|unboost|[from] item: Clear Amulet|[of] p2a: Calyrex\n|-unboost|p2b: Roaring Moon|atk|1\n|-enditem|p2b: Roaring Moon|Booster Energy\n|-activate|p2b: Roaring Moon|ability: Protosynthesis|[fromitem]\n|-start|p2b: Roaring Moon|protosynthesisspe\n|turn|1\n|\n|t:|1738041458\n|-terastallize|p1a: Calyrex|Fighting\n|move|p1b: Incineroar|Fake Out|p2a: Calyrex\n|-damage|p2a: Calyrex|92\/100\n|move|p2b: Roaring Moon|Knock Off|p1a: Calyrex\n|-resisted|p1a: Calyrex\n|-damage|p1a: Calyrex|82\/100\n|-enditem|p1a: Calyrex|Iron Ball|[from] move: Knock Off|[of] p2b: Roaring Moon\n|cant|p2a: Calyrex|flinch\n|move|p1a: Calyrex|Trick Room|p1a: Calyrex\n|-fieldstart|move: Trick Room|[of] p1a: Calyrex\n|\n|upkeep\n|turn|2\n|inactive|CCC2023 has 30 seconds left.\n|\n|t:|1738041487\n|-terastallize|p2a: Calyrex|Fairy\n|move|p2b: Roaring Moon|Protect|p2b: Roaring Moon\n|-singleturn|p2b: Roaring Moon|Protect\n|move|p1b: Incineroar|Flare Blitz|p2a: Calyrex\n|-damage|p2a: Calyrex|57\/100\n|-damage|p1b: Incineroar|89\/100|[from] Recoil\n|move|p2a: Calyrex|Glacial Lance|p1a: Calyrex|[spread] p1a,p1b\n|-resisted|p1b: Incineroar\n|-damage|p1a: Calyrex|20\/100\n|-damage|p1b: Incineroar|63\/100\n|-enditem|p1b: Incineroar|Eject Button\n|\n|t:|1738041494\n|switch|p1b: Urshifu|Urshifu, L50, F|100\/100\n|move|p1a: Calyrex|Astral Barrage|p2a: Calyrex|[spread] p2a\n|-activate|p2b: Roaring Moon|move: Protect\n|-damage|p2a: Calyrex|17\/100\n|\n|upkeep\n|turn|3\n|\n|t:|1738041518\n|move|p1b: Urshifu|Sucker Punch|p2a: Calyrex\n|-resisted|p2a: Calyrex\n|-damage|p2a: Calyrex|0 fnt\n|faint|p2a: Calyrex\n|move|p1a: Calyrex|Tera Blast|p2b: Roaring Moon|[anim] Tera Blast Fighting\n|-supereffective|p2b: Roaring Moon\n|-damage|p2b: Roaring Moon|8\/100\n|move|p2b: Roaring Moon|Knock Off|p1a: Calyrex\n|-resisted|p1a: Calyrex\n|-damage|p1a: Calyrex|9\/100\n|\n|upkeep\n|\n|t:|1738041533\n|switch|p2a: Urshifu|Urshifu-Rapid-Strike, L50, M|100\/100\n|turn|4\n|\n|t:|1738041546\n|move|p1b: Urshifu|Sucker Punch|p2a: Urshifu\n|-resisted|p2a: Urshifu\n|-damage|p2a: Urshifu|73\/100\n|move|p2a: Urshifu|Aqua Jet|p1a: Calyrex\n|-damage|p1a: Calyrex|0 fnt\n|faint|p1a: Calyrex\n|move|p2b: Roaring Moon|Acrobatics|p1b: Urshifu\n|-supereffective|p1b: Urshifu\n|-damage|p1b: Urshifu|53\/100\n|\n|upkeep\n|\n|t:|1738041555\n|switch|p1a: Rillaboom|Rillaboom, L50, F|100\/100\n|-fieldstart|move: Grassy Terrain|[from] ability: Grassy Surge|[of] p1a: Rillaboom\n|turn|5\n|inactive|CCC2023 has 30 seconds left.\n|inactive|CCC2023 has 20 seconds left.\n|\n|t:|1738041594\n|switch|p1b: Incineroar|Incineroar, L50, F|63\/100\n|-ability|p1b: Incineroar|Intimidate|boost\n|-unboost|p2a: Urshifu|atk|1\n|-unboost|p2b: Roaring Moon|atk|1\n|switch|p2a: Landorus|Landorus, L50, M|100\/100\n|move|p1a: Rillaboom|Grassy Glide|p2a: Landorus\n|-damage|p2a: Landorus|56\/100\n|move|p2b: Roaring Moon|Tailwind|p2b: Roaring Moon\n|-sidestart|p2: CCC2023|move: Tailwind\n|\n|-heal|p1b: Incineroar|69\/100|[from] Grassy Terrain\n|-heal|p2b: Roaring Moon|14\/100|[from] Grassy Terrain\n|-fieldend|move: Trick Room\n|upkeep\n|turn|6\n|\n|t:|1738041618\n|move|p2b: Roaring Moon|Protect|p2b: Roaring Moon\n|-singleturn|p2b: Roaring Moon|Protect\n|move|p2a: Landorus|Protect|p2a: Landorus\n|-singleturn|p2a: Landorus|Protect\n|move|p1b: Incineroar|Fake Out|p2a: Landorus\n|-activate|p2a: Landorus|move: Protect\n|move|p1a: Rillaboom|Grassy Glide|p2b: Roaring Moon\n|-activate|p2b: Roaring Moon|move: Protect\n|\n|-heal|p2b: Roaring Moon|20\/100|[from] Grassy Terrain\n|-heal|p1b: Incineroar|75\/100|[from] Grassy Terrain\n|upkeep\n|turn|7\n|inactive|CCC2023 has 30 seconds left.\n|\n|t:|1738041646\n|move|p1a: Rillaboom|Grassy Glide|p2a: Landorus\n|-damage|p2a: Landorus|11\/100\n|move|p2b: Roaring Moon|Acrobatics|p1a: Rillaboom\n|-supereffective|p1a: Rillaboom\n|-damage|p1a: Rillaboom|64\/100\n|move|p2a: Landorus|Sludge Bomb|p1a: Rillaboom\n|-supereffective|p1a: Rillaboom\n|-damage|p1a: Rillaboom|0 fnt\n|faint|p1a: Rillaboom\n|move|p1b: Incineroar|Flare Blitz|p2a: Landorus\n|-damage|p2a: Landorus|0 fnt\n|faint|p2a: Landorus\n|-damage|p1b: Incineroar|72\/100|[from] Recoil\n|\n|-heal|p2b: Roaring Moon|26\/100|[from] Grassy Terrain\n|-heal|p1b: Incineroar|78\/100|[from] Grassy Terrain\n|upkeep\n|\n|t:|1738041665\n|switch|p2a: Urshifu|Urshifu-Rapid-Strike, L50, M|73\/100\n|switch|p1a: Urshifu|Urshifu, L50, F|53\/100\n|turn|8\n|\n|t:|1738041682\n|move|p1a: Urshifu|Sucker Punch|p2a: Urshifu\n|-resisted|p2a: Urshifu\n|-damage|p2a: Urshifu|44\/100\n|move|p2b: Roaring Moon|Knock Off|p1b: Incineroar\n|-resisted|p1b: Incineroar\n|-crit|p1b: Incineroar\n|-damage|p1b: Incineroar|53\/100\n|move|p2a: Urshifu|Surging Strikes|p1a: Urshifu\n|-crit|p1a: Urshifu\n|-damage|p1a: Urshifu|33\/100\n|-crit|p1a: Urshifu\n|-damage|p1a: Urshifu|12\/100\n|-crit|p1a: Urshifu\n|-damage|p1a: Urshifu|0 fnt\n|faint|p1a: Urshifu\n|-hitcount|p1: Urshifu|3\n|move|p1b: Incineroar|Flare Blitz|p2a: Urshifu\n|-resisted|p2a: Urshifu\n|-damage|p2a: Urshifu|12\/100\n|-status|p2a: Urshifu|brn\n|-damage|p1b: Incineroar|44\/100|[from] Recoil\n|\n|-heal|p2b: Roaring Moon|31\/100|[from] Grassy Terrain\n|-heal|p2a: Urshifu|18\/100 brn|[from] Grassy Terrain\n|-heal|p1b: Incineroar|50\/100|[from] Grassy Terrain\n|-damage|p2a: Urshifu|12\/100 brn|[from] brn\n|-sideend|p2: CCC2023|move: Tailwind\n|upkeep\n|turn|9\n|inactive|CCC2023 has 30 seconds left.\n|\n|t:|1738041711\n|move|p2b: Roaring Moon|Acrobatics|p1b: Incineroar\n|-damage|p1b: Incineroar|31\/100\n|move|p2a: Urshifu|Surging Strikes|p1b: Incineroar\n|-supereffective|p1b: Incineroar\n|-crit|p1b: Incineroar\n|-damage|p1b: Incineroar|6\/100\n|-supereffective|p1b: Incineroar\n|-crit|p1b: Incineroar\n|-damage|p1b: Incineroar|0 fnt\n|faint|p1b: Incineroar\n|-hitcount|p1: Incineroar|2\n|\n|win|CCC2023\n|raw|Guneon's rating: 1568 &rarr; <strong>1553<\/strong><br \/>(-15 for losing)\n|raw|CCC2023's rating: 1650 &rarr; <strong>1665<\/strong><br \/>(+15 for winning)\n|l|\u2606Guneon\n|player|p1|\n|l|\u2606CCC2023\n|player|p2|\n","uploadtime":1738041928,"views":8,"formatid":"gen9vgc2025regg","rating":1553,"private":0,"password":null}