{"id":"gen9vgc2025regg-2289958364","format":"[Gen 9] VGC 2025 Reg G","players":["actuary97","YxngDaws"],"log":"|j|\u2606actuary97\n|j|\u2606YxngDaws\n|t:|1738085211\n|gametype|doubles\n|player|p1|actuary97|sabrina-frlg|1581\n|player|p2|YxngDaws|1|1656\n|teamsize|p1|6\n|teamsize|p2|6\n|gen|9\n|tier|[Gen 9] VGC 2025 Reg G\n|rated|\n|rule|Species Clause: Limit one of each Pok\u00e9mon\n|rule|Item Clause: Limit 1 of each item\n|clearpoke\n|poke|p1|Amoonguss, L50, M|\n|poke|p1|Armarouge, L50, F|\n|poke|p1|Whimsicott, L50, M|\n|poke|p1|Kyogre, L50|\n|poke|p1|Archaludon, L50, M|\n|poke|p1|Indeedee-F, L50, F|\n|poke|p2|Lunala, L50|\n|poke|p2|Rillaboom, L50, F|\n|poke|p2|Incineroar, L50, F|\n|poke|p2|Pelipper, L50, F|\n|poke|p2|Comfey, L50, F|\n|poke|p2|Urshifu-*, L50, M|\n|teampreview|4\nactuary97 has agreed to open team sheets.\n|inactive|Battle timer is ON: inactive players will automatically lose when time's up. (requested by YxngDaws)\n|j| Triple20\n|\n|t:|1738085257\n|start\n|switch|p1a: Whimsicott|Whimsicott, L50, M, shiny|100\/100\n|switch|p1b: Archaludon|Archaludon, L50, M, shiny|100\/100\n|switch|p2a: Lunala|Lunala, L50|100\/100\n|switch|p2b: Pelipper|Pelipper, L50, F|100\/100\n|-weather|RainDance|[from] ability: Drizzle|[of] p2b: Pelipper\n|turn|1\n|\n|t:|1738085281\n|switch|p2b: Rillaboom|Rillaboom, L50, F|100\/100\n|-fieldstart|move: Grassy Terrain|[from] ability: Grassy Surge|[of] p2b: Rillaboom\n|move|p1a: Whimsicott|Tailwind|p1a: Whimsicott\n|-sidestart|p1: actuary97|move: Tailwind\n|move|p1b: Archaludon|Snarl|p2b: Rillaboom|[spread] p2a,p2b\n|-supereffective|p2a: Lunala\n|-damage|p2a: Lunala|83\/100\n|-damage|p2b: Rillaboom|92\/100\n|-unboost|p2a: Lunala|spa|1\n|-unboost|p2b: Rillaboom|spa|1\n|move|p2a: Lunala|Dazzling Gleam|p1b: Archaludon|[spread] p1a,p1b\n|-damage|p1a: Whimsicott|75\/100\n|-damage|p1b: Archaludon|89\/100\n|-ability|p1b: Archaludon|Stamina|boost\n|-boost|p1b: Archaludon|def|1\n|\n|-weather|RainDance|[upkeep]\n|-heal|p1a: Whimsicott|81\/100|[from] Grassy Terrain\n|-heal|p1b: Archaludon|95\/100|[from] Grassy Terrain\n|-heal|p2a: Lunala|89\/100|[from] Grassy Terrain\n|-heal|p2a: Lunala|95\/100|[from] item: Leftovers\n|-heal|p2b: Rillaboom|98\/100|[from] Grassy Terrain\n|upkeep\n|turn|2\n|inactive|YxngDaws has 30 seconds left.\n|\n|t:|1738085310\n|switch|p2a: Pelipper|Pelipper, L50, F|100\/100\n|move|p1a: Whimsicott|Encore||[still]\n|-fail|p1a: Whimsicott\n|move|p1b: Archaludon|Electro Shot||[still]\n|-prepare|p1b: Archaludon|Electro Shot\n|-boost|p1b: Archaludon|spa|1\n|-anim|p1b: Archaludon|Electro Shot|p2a: Pelipper\n|-supereffective|p2a: Pelipper\n|-damage|p2a: Pelipper|0 fnt\n|faint|p2a: Pelipper\n|move|p2b: Rillaboom|U-turn|p1a: Whimsicott\n|-damage|p1a: Whimsicott|46\/100\n|\n|t:|1738085325\n|switch|p2b: Lunala|Lunala, L50|95\/100|[from] U-turn\n|\n|-weather|RainDance|[upkeep]\n|-heal|p1a: Whimsicott|52\/100|[from] Grassy Terrain\n|-heal|p1b: Archaludon|100\/100|[from] Grassy Terrain\n|-heal|p2b: Lunala|100\/100|[from] Grassy Terrain\n|upkeep\n|\n|t:|1738085332\n|switch|p2a: Comfey|Comfey, L50, F|100\/100\n|turn|3\n|\n|t:|1738085339\n|-terastallize|p2b: Lunala|Fairy\n|move|p1a: Whimsicott|Moonblast|p2b: Lunala\n|-damage|p2b: Lunala|87\/100\n|-unboost|p2b: Lunala|spa|1\n|move|p1b: Archaludon|Snarl|p2a: Comfey|[spread] p2a,p2b\n|-resisted|p2a: Comfey\n|-resisted|p2b: Lunala\n|-damage|p2a: Comfey|92\/100\n|-damage|p2b: Lunala|80\/100\n|-unboost|p2a: Comfey|spa|1\n|-unboost|p2b: Lunala|spa|1\n|move|p2b: Lunala|Moongeist Beam|p1b: Archaludon\n|-damage|p1b: Archaludon|80\/100\n|-ability|p1b: Archaludon|Stamina|boost\n|-boost|p1b: Archaludon|def|1\n|move|p2a: Comfey|Trick Room|p2a: Comfey\n|-fieldstart|move: Trick Room|[of] p2a: Comfey\n|\n|-weather|RainDance|[upkeep]\n|-heal|p2b: Lunala|86\/100|[from] Grassy Terrain\n|-heal|p2b: Lunala|92\/100|[from] item: Leftovers\n|-heal|p2a: Comfey|97\/100|[from] Grassy Terrain\n|-heal|p1b: Archaludon|86\/100|[from] Grassy Terrain\n|-heal|p1a: Whimsicott|58\/100|[from] Grassy Terrain\n|upkeep\n|turn|4\n|inactive|actuary97 has 30 seconds left.\n|inactive|YxngDaws has 30 seconds left.\n|\n|t:|1738085369\n|switch|p2b: Rillaboom|Rillaboom, L50, F|98\/100\n|switch|p1a: Indeedee|Indeedee-F, L50, F, shiny|100\/100\n|-fieldstart|move: Psychic Terrain|[from] ability: Psychic Surge|[of] p1a: Indeedee\n|-enditem|p1a: Indeedee|Psychic Seed\n|-boost|p1a: Indeedee|spd|1|[from] item: Psychic Seed\n|move|p2a: Comfey|Protect|p2a: Comfey\n|-singleturn|p2a: Comfey|Protect\n|move|p1b: Archaludon|Flash Cannon|p2b: Rillaboom\n|-damage|p2b: Rillaboom|63\/100\n|\n|-weather|RainDance|[upkeep]\n|-sideend|p1: actuary97|move: Tailwind\n|upkeep\n|turn|5\n|\n|t:|1738085387\n|move|p2a: Comfey|Floral Healing|p2b: Rillaboom\n|-heal|p2b: Rillaboom|100\/100\n|move|p1a: Indeedee|Psychic|p2a: Comfey\n|-damage|p2a: Comfey|59\/100\n|move|p2b: Rillaboom|U-turn|p1a: Indeedee\n|-supereffective|p1a: Indeedee\n|-damage|p1a: Indeedee|55\/100\n|\n|t:|1738085396\n|switch|p2b: Lunala|Lunala, L50, tera:Fairy|92\/100|[from] U-turn\n|move|p1b: Archaludon|Electro Shot||[still]\n|-prepare|p1b: Archaludon|Electro Shot\n|-boost|p1b: Archaludon|spa|1\n|-anim|p1b: Archaludon|Electro Shot|p2a: Comfey\n|-damage|p2a: Comfey|0 fnt\n|faint|p2a: Comfey\n|\n|-weather|none\n|-heal|p2b: Lunala|98\/100|[from] item: Leftovers\n|upkeep\n|\n|t:|1738085406\n|switch|p2a: Rillaboom|Rillaboom, L50, F|100\/100\n|-fieldstart|move: Grassy Terrain|[from] ability: Grassy Surge|[of] p2a: Rillaboom\n|turn|6\n|\n|t:|1738085420\n|move|p2a: Rillaboom|Fake Out|p1b: Archaludon\n|-resisted|p1b: Archaludon\n|-damage|p1b: Archaludon|84\/100\n|-ability|p1b: Archaludon|Stamina|boost\n|-boost|p1b: Archaludon|def|1\n|move|p1a: Indeedee|Heal Pulse|p1b: Archaludon\n|-heal|p1b: Archaludon|100\/100\n|cant|p1b: Archaludon|flinch\n|move|p2b: Lunala|Calm Mind|p2b: Lunala\n|-boost|p2b: Lunala|spa|1\n|-boost|p2b: Lunala|spd|1\n|\n|-heal|p1a: Indeedee|62\/100|[from] Grassy Terrain\n|-heal|p2b: Lunala|100\/100|[from] Grassy Terrain\n|upkeep\n|turn|7\n|\n|t:|1738085439\n|switch|p1a: Whimsicott|Whimsicott, L50, M, shiny|58\/100\n|move|p2a: Rillaboom|Wood Hammer|p1a: Whimsicott\n|-resisted|p1a: Whimsicott\n|-damage|p1a: Whimsicott|7\/100\n|-damage|p2a: Rillaboom|89\/100|[from] Recoil\n|move|p1b: Archaludon|Flash Cannon|p2b: Lunala\n|-supereffective|p2b: Lunala\n|-damage|p2b: Lunala|62\/100\n|move|p2b: Lunala|Dazzling Gleam|p1b: Archaludon|[spread] p1a,p1b\n|-damage|p1a: Whimsicott|0 fnt\n|-damage|p1b: Archaludon|61\/100\n|-ability|p1b: Archaludon|Stamina|boost\n|-boost|p1b: Archaludon|def|1\n|faint|p1a: Whimsicott\n|\n|-heal|p2a: Rillaboom|95\/100|[from] Grassy Terrain\n|-heal|p1b: Archaludon|67\/100|[from] Grassy Terrain\n|-heal|p2b: Lunala|68\/100|[from] Grassy Terrain\n|-heal|p2b: Lunala|74\/100|[from] item: Leftovers\n|-fieldend|move: Trick Room\n|upkeep\n|j| play sos wednesday\n|\n|t:|1738085457\n|switch|p1a: Indeedee|Indeedee-F, L50, F, shiny|62\/100\n|-fieldstart|move: Psychic Terrain|[from] ability: Psychic Surge|[of] p1a: Indeedee\n|turn|8\n|\n|t:|1738085473\n|move|p2b: Lunala|Protect|p2b: Lunala\n|-singleturn|p2b: Lunala|Protect\n|move|p1b: Archaludon|Flash Cannon|p2b: Lunala\n|-activate|p2b: Lunala|move: Protect\n|move|p2a: Rillaboom|Wood Hammer|p1a: Indeedee\n|-damage|p1a: Indeedee|8\/100\n|-damage|p2a: Rillaboom|80\/100|[from] Recoil\n|move|p1a: Indeedee|Heal Pulse|p1b: Archaludon\n|-heal|p1b: Archaludon|100\/100\n|\n|-heal|p2b: Lunala|80\/100|[from] item: Leftovers\n|upkeep\n|turn|9\n|\n|t:|1738085490\n|move|p1a: Indeedee|Helping Hand|p1b: Archaludon\n|-singleturn|p1b: Archaludon|Helping Hand|[of] p1a: Indeedee\n|move|p2b: Lunala|Moongeist Beam|p1b: Archaludon\n|-damage|p1b: Archaludon|35\/100\n|-ability|p1b: Archaludon|Stamina|boost\n|-boost|p1b: Archaludon|def|1\n|move|p1b: Archaludon|Flash Cannon|p2b: Lunala\n|-supereffective|p2b: Lunala\n|-damage|p2b: Lunala|0 fnt\n|faint|p2b: Lunala\n|move|p2a: Rillaboom|Wood Hammer|p1a: Indeedee\n|-crit|p1a: Indeedee\n|-damage|p1a: Indeedee|0 fnt\n|faint|p1a: Indeedee\n|-damage|p2a: Rillaboom|78\/100|[from] Recoil\n|\n|upkeep\n|\n|t:|1738085499\n|switch|p1a: Kyogre|Kyogre, L50, shiny|100\/100\n|-weather|RainDance|[from] ability: Drizzle|[of] p1a: Kyogre\n|turn|10\n|\n|t:|1738085508\n|-terastallize|p1a: Kyogre|Grass\n|move|p1a: Kyogre|Calm Mind|p1a: Kyogre\n|-boost|p1a: Kyogre|spa|1\n|-boost|p1a: Kyogre|spd|1\n|move|p1b: Archaludon|Flash Cannon|p2a: Rillaboom\n|-damage|p2a: Rillaboom|36\/100\n|move|p2a: Rillaboom|Wood Hammer|p1a: Kyogre\n|-resisted|p1a: Kyogre\n|-damage|p1a: Kyogre|74\/100\n|-damage|p2a: Rillaboom|28\/100|[from] Recoil\n|\n|-weather|RainDance|[upkeep]\n|upkeep\n|turn|11\n|c|\u2606actuary97|gg\n|-message|YxngDaws forfeited.\n|\n|win|actuary97\n|raw|actuary97's rating: 1581 &rarr; <strong>1605<\/strong><br \/>(+24 for winning)\n|raw|YxngDaws's rating: 1656 &rarr; <strong>1632<\/strong><br \/>(-24 for losing)\n|l|\u2606YxngDaws\n|player|p2|\n|l|\u2606actuary97\n|player|p1|\n|l| play sos wednesday\n","uploadtime":1738085686,"views":10,"formatid":"gen9vgc2025regg","rating":1605,"private":0,"password":null}