{"id":"gen9vgc2025regg-2289197309","format":"[Gen 9] VGC 2025 Reg G","players":["SubToPenglin","Yung Trav"],"log":"|j|\u2606SubToPenglin\n|j|\u2606Yung Trav\n|t:|1737991723\n|gametype|doubles\n|player|p1|SubToPenglin|lady|1657\n|player|p2|Yung Trav|265|1644\n|teamsize|p1|6\n|teamsize|p2|6\n|gen|9\n|tier|[Gen 9] VGC 2025 Reg G\n|rated|\n|rule|Species Clause: Limit one of each Pok\u00e9mon\n|rule|Item Clause: Limit 1 of each item\n|clearpoke\n|poke|p1|Comfey, L50, M|\n|poke|p1|Terapagos, L50, M|\n|poke|p1|Tornadus, L50, M|\n|poke|p1|Magmar, L50, M|\n|poke|p1|Landorus, L50, M|\n|poke|p1|Iron Crown, L50|\n|poke|p2|Calyrex-Ice, L50|\n|poke|p2|Regidrago, L50|\n|poke|p2|Smeargle, L50, M|\n|poke|p2|Farigiraf, L50, M|\n|poke|p2|Urshifu-*, L50, M|\n|poke|p2|Ogerpon-Cornerstone, L50, F|\n|teampreview|4\n|inactive|Battle timer is ON: inactive players will automatically lose when time's up. (requested by SubToPenglin)\n|j| ThanksATinkaTon\n|\n|t:|1737991751\n|start\n|switch|p1a: Terapagos|Terapagos, L50, M|100\/100\n|switch|p1b: Iron Crown|Iron Crown, L50|100\/100\n|switch|p2a: Calyrex|Calyrex-Ice, L50|100\/100\n|switch|p2b: Ogerpon|Ogerpon-Cornerstone, L50, F|100\/100\n|-activate|p1a: Terapagos|ability: Tera Shift\n|detailschange|p1a: Terapagos|Terapagos-Terastal, L50, M\n|-heal|p1a: Terapagos|100\/100|[silent]\n|-ability|p2a: Calyrex|As One\n|-ability|p2a: Calyrex|Unnerve\n|-enditem|p1b: Iron Crown|Booster Energy\n|-activate|p1b: Iron Crown|ability: Quark Drive|[fromitem]\n|-start|p1b: Iron Crown|quarkdrivespe\n|turn|1\n|\n|t:|1737991772\n|move|p1b: Iron Crown|Tachyon Cutter|p2b: Ogerpon\n|-supereffective|p2b: Ogerpon\n|-damage|p2b: Ogerpon|43\/100\n|-supereffective|p2b: Ogerpon\n|-damage|p2b: Ogerpon|0 fnt\n|faint|p2b: Ogerpon\n|-hitcount|p2: Ogerpon|2\n|move|p1a: Terapagos|Calm Mind|p1a: Terapagos\n|-boost|p1a: Terapagos|spa|1\n|-boost|p1a: Terapagos|spd|1\n|move|p2a: Calyrex|Trick Room|p2a: Calyrex\n|-fieldstart|move: Trick Room|[of] p2a: Calyrex\n|\n|upkeep\n|\n|t:|1737991796\n|switch|p2b: Regidrago|Regidrago, L50, shiny|100\/100\n|turn|2\n|\n|t:|1737991818\n|-terastallize|p2b: Regidrago|Dragon\n|move|p1a: Terapagos|Protect|p1a: Terapagos\n|-singleturn|p1a: Terapagos|Protect\n|move|p2b: Regidrago|Dragon Energy|p1a: Terapagos|[spread] p1b\n|-activate|p1a: Terapagos|move: Protect\n|-resisted|p1b: Iron Crown\n|-damage|p1b: Iron Crown|49\/100\n|move|p2a: Calyrex|High Horsepower|p1b: Iron Crown|[miss]\n|-miss|p2a: Calyrex|p1b: Iron Crown\n|move|p1b: Iron Crown|Tachyon Cutter|p2b: Regidrago\n|-damage|p2b: Regidrago|73\/100\n|-damage|p2b: Regidrago|47\/100\n|-hitcount|p2b: Regidrago|2\n|\n|upkeep\n|turn|3\n|l| ThanksATinkaTon\n|inactive|Yung Trav has 30 seconds left.\n|\n|t:|1737991843\n|move|p2b: Regidrago|Draco Meteor|p1a: Terapagos\n|-activate|p1a: Terapagos|ability: Tera Shell\n|-resisted|p1a: Terapagos\n|-damage|p1a: Terapagos|66\/100\n|-unboost|p2b: Regidrago|spa|2\n|move|p2a: Calyrex|Glacial Lance|p1a: Terapagos|[spread] p1a,p1b\n|-resisted|p1b: Iron Crown\n|-damage|p1a: Terapagos|17\/100\n|-damage|p1b: Iron Crown|17\/100\n|move|p1a: Terapagos|Tera Starstorm|p2a: Calyrex\n|-damage|p2a: Calyrex|44\/100\n|move|p1b: Iron Crown|Tachyon Cutter|p2a: Calyrex\n|-supereffective|p2a: Calyrex\n|-damage|p2a: Calyrex|13\/100\n|-supereffective|p2a: Calyrex\n|-damage|p2a: Calyrex|0 fnt\n|faint|p2a: Calyrex\n|-hitcount|p2: Calyrex|2\n|\n|upkeep\n|j| Triple20\n|\n|t:|1737991862\n|switch|p2a: Smeargle|Smeargle, L50, M, shiny|100\/100\n|turn|4\n|\n|t:|1737991874\n|-end|p1b: Iron Crown|Quark Drive|[silent]\n|switch|p1b: Comfey|Comfey, L50, M, shiny|100\/100\n|move|p1a: Terapagos|Protect|p1a: Terapagos\n|-singleturn|p1a: Terapagos|Protect\n|move|p2b: Regidrago|Earth Power|p1b: Comfey\n|-damage|p1b: Comfey|84\/100\n|move|p2a: Smeargle|Spore|p1a: Terapagos\n|-activate|p1a: Terapagos|move: Protect\n|\n|upkeep\n|turn|5\n|inactive|Yung Trav has 30 seconds left.\n|\n|t:|1737991903\n|-terastallize|p1a: Terapagos|Stellar\n|detailschange|p1a: Terapagos|Terapagos-Stellar, L50, M, tera:Stellar\n|-heal|p1a: Terapagos|38\/100|[silent]\n|move|p1b: Comfey|Floral Healing|p1a: Terapagos\n|-heal|p1a: Terapagos|88\/100\n|move|p2b: Regidrago|Dragon Energy|p1a: Terapagos|[spread] p1a\n|-immune|p1b: Comfey\n|-damage|p1a: Terapagos|77\/100\n|move|p2a: Smeargle|Decorate|p2b: Regidrago\n|-boost|p2b: Regidrago|atk|2\n|-boost|p2b: Regidrago|spa|2\n|move|p1a: Terapagos|Tera Starstorm|p2b: Regidrago|[spread] p2a,p2b\n|-supereffective|p2b: Regidrago\n|-enditem|p2a: Smeargle|Focus Sash\n|-damage|p2a: Smeargle|1\/100\n|-damage|p2b: Regidrago|0 fnt\n|faint|p2b: Regidrago\n|\n|-fieldend|move: Trick Room\n|upkeep\n|turn|6\n|-message|Yung Trav forfeited.\n|\n|win|SubToPenglin\n|raw|SubToPenglin's rating: 1657 &rarr; <strong>1676<\/strong><br \/>(+19 for winning)\n|raw|Yung Trav's rating: 1644 &rarr; <strong>1625<\/strong><br \/>(-19 for losing)\n|l|\u2606Yung Trav\n|player|p2|\n|j|\u2606Yung Trav\n|player|p2|Yung Trav|265|\n|l|\u2606SubToPenglin\n|player|p1|\n|l|\u2606Yung Trav\n|player|p2|\n","uploadtime":1737992143,"views":12,"formatid":"gen9vgc2025regg","rating":1625,"private":0,"password":null}