{"id":"gen9vgc2025regg-2289822376","format":"[Gen 9] VGC 2025 Reg G","players":["Hoshinaaa","Weakest blow"],"log":"|j|\u2606Hoshinaaa\n|j|\u2606Weakest blow\n|t:|1738071608\n|gametype|doubles\n|player|p1|Hoshinaaa|rosa|1560\n|player|p2|Weakest blow|depotagent|1590\n|teamsize|p1|6\n|teamsize|p2|6\n|gen|9\n|tier|[Gen 9] VGC 2025 Reg G\n|rated|\n|rule|Species Clause: Limit one of each Pok\u00e9mon\n|rule|Item Clause: Limit 1 of each item\n|clearpoke\n|poke|p1|Groudon, L50|\n|poke|p1|Flutter Mane, L50|\n|poke|p1|Amoonguss, L50, M|\n|poke|p1|Incineroar, L50, M|\n|poke|p1|Indeedee, L50, M|\n|poke|p1|Raging Bolt, L50|\n|poke|p2|Ditto, L50|\n|poke|p2|Iron Hands, L50|\n|poke|p2|Miraidon, L50|\n|poke|p2|Pelipper, L50, M|\n|poke|p2|Volcarona, L50, F|\n|poke|p2|Whimsicott, L50, F|\n|teampreview|4\n|inactive|Battle timer is ON: inactive players will automatically lose when time's up. (requested by Hoshinaaa)\n|inactive|Hoshinaaa has 60 seconds left.\n|\n|t:|1738071644\n|start\n|switch|p1a: Indeedee|Indeedee, L50, M|100\/100\n|switch|p1b: Raging Bolt|Raging Bolt, L50|100\/100\n|switch|p2a: Miraidon|Miraidon, L50|100\/100\n|switch|p2b: Whimsicott|Whimsicott, L50, F|100\/100\n|-fieldstart|move: Electric Terrain|[from] ability: Hadron Engine|[of] p2a: Miraidon\n|-fieldstart|move: Psychic Terrain|[from] ability: Psychic Surge|[of] p1a: Indeedee\n|turn|1\n|inactive|Hoshinaaa has 30 seconds left.\n|\n|t:|1738071677\n|switch|p1a: Groudon|Groudon, L50|100\/100\n|-weather|SunnyDay|[from] ability: Drought|[of] p1a: Groudon\n|-activate|p1b: Raging Bolt|ability: Protosynthesis\n|-start|p1b: Raging Bolt|protosynthesisspa\n|-terastallize|p2a: Miraidon|Fairy\n|move|p2b: Whimsicott|Light Screen|p2b: Whimsicott\n|-sidestart|p2: Weakest blow|move: Light Screen\n|move|p2a: Miraidon|Dazzling Gleam|p1b: Raging Bolt|[spread] p1a,p1b\n|-supereffective|p1b: Raging Bolt\n|-damage|p1a: Groudon|72\/100\n|-damage|p1b: Raging Bolt|32\/100\n|-damage|p2a: Miraidon|91\/100|[from] item: Life Orb\n|move|p1b: Raging Bolt|Weather Ball|p2b: Whimsicott\n|-supereffective|p2b: Whimsicott\n|-damage|p2b: Whimsicott|0 fnt\n|faint|p2b: Whimsicott\n|-damage|p1b: Raging Bolt|22\/100|[from] item: Life Orb\n|\n|-weather|SunnyDay|[upkeep]\n|upkeep\n|\n|t:|1738071700\n|switch|p2b: Ditto|Ditto, L50|100\/100\n|-transform|p2b: Ditto|p1a: Groudon|[from] ability: Imposter\n|turn|2\n|\n|t:|1738071717\n|move|p2a: Miraidon|Protect|p2a: Miraidon\n|-singleturn|p2a: Miraidon|Protect\n|move|p1b: Raging Bolt|Protect|p1b: Raging Bolt\n|-singleturn|p1b: Raging Bolt|Protect\n|move|p1a: Groudon|Precipice Blades|p2a: Miraidon|[spread] p2b\n|-activate|p2a: Miraidon|move: Protect\n|-damage|p2b: Ditto|57\/100\n|move|p2b: Ditto|Precipice Blades|p1a: Groudon|[spread] p1a\n|-activate|p1b: Raging Bolt|move: Protect\n|-damage|p1a: Groudon|37\/100\n|\n|-weather|SunnyDay|[upkeep]\n|upkeep\n|turn|3\n|inactive|Weakest blow has 30 seconds left.\n|\n|t:|1738071745\n|switch|p2a: Pelipper|Pelipper, L50, M|100\/100\n|-weather|RainDance|[from] ability: Drizzle|[of] p2a: Pelipper\n|-end|p1b: Raging Bolt|Protosynthesis\n|move|p2b: Ditto|Precipice Blades|p1a: Groudon|[spread] p1a\n|-miss|p2b: Ditto|p1b: Raging Bolt\n|-damage|p1a: Groudon|4\/100\n|move|p1a: Groudon|Precipice Blades|p2b: Ditto|[spread] p2b\n|-immune|p2a: Pelipper\n|-damage|p2b: Ditto|14\/100\n|move|p1b: Raging Bolt|Volt Switch|p2a: Pelipper\n|-supereffective|p2a: Pelipper\n|-damage|p2a: Pelipper|0 fnt\n|faint|p2a: Pelipper\n|-damage|p1b: Raging Bolt|12\/100|[from] item: Life Orb\n|\n|t:|1738071763\n|-end|p1b: Raging Bolt|Protosynthesis|[silent]\n|switch|p1b: Incineroar|Incineroar, L50, M|100\/100|[from] Volt Switch\n|-ability|p1b: Incineroar|Intimidate|boost\n|-unboost|p2b: Ditto|atk|1\n|\n|-weather|RainDance|[upkeep]\n|upkeep\n|\n|t:|1738071770\n|switch|p2a: Miraidon|Miraidon, L50, tera:Fairy|91\/100\n|-fieldstart|move: Electric Terrain|[from] ability: Hadron Engine|[of] p2a: Miraidon\n|turn|4\n|\n|t:|1738071789\n|switch|p1a: Raging Bolt|Raging Bolt, L50|12\/100\n|-terastallize|p1b: Incineroar|Ghost\n|move|p1b: Incineroar|Fake Out|p2a: Miraidon\n|-damage|p2a: Miraidon|79\/100\n|cant|p2a: Miraidon|flinch\n|move|p2b: Ditto|Precipice Blades|p1b: Incineroar|[spread] p1a,p1b\n|-supereffective|p1a: Raging Bolt\n|-damage|p1a: Raging Bolt|0 fnt\n|-damage|p1b: Incineroar|70\/100\n|faint|p1a: Raging Bolt\n|-end|p1a: Raging Bolt|Protosynthesis|[silent]\n|\n|-weather|RainDance|[upkeep]\n|upkeep\n|\n|t:|1738071805\n|switch|p1a: Indeedee|Indeedee, L50, M|100\/100\n|-fieldstart|move: Psychic Terrain|[from] ability: Psychic Surge|[of] p1a: Indeedee\n|turn|5\n|inactive|Weakest blow has 30 seconds left.\n|inactive|Weakest blow has 20 seconds left.\n|\n|t:|1738071841\n|move|p2a: Miraidon|Dazzling Gleam|p1b: Incineroar|[spread] p1a,p1b\n|-crit|p1a: Indeedee\n|-damage|p1a: Indeedee|14\/100\n|-damage|p1b: Incineroar|36\/100\n|-enditem|p1b: Incineroar|Sitrus Berry|[eat]\n|-heal|p1b: Incineroar|61\/100|[from] item: Sitrus Berry\n|-damage|p2a: Miraidon|70\/100|[from] item: Life Orb\n|move|p1a: Indeedee|Expanding Force|p2b: Ditto|[spread] p2a,p2b\n|-damage|p2a: Miraidon|38\/100\n|-damage|p2b: Ditto|0 fnt\n|faint|p2b: Ditto\n|move|p1b: Incineroar|Parting Shot|p2a: Miraidon\n|-unboost|p2a: Miraidon|atk|1\n|-unboost|p2a: Miraidon|spa|1\n|\n|t:|1738071853\n|switch|p1b: Groudon|Groudon, L50|4\/100|[from] Parting Shot\n|-weather|SunnyDay|[from] ability: Drought|[of] p1b: Groudon\n|\n|-weather|SunnyDay|[upkeep]\n|-sideend|p2: Weakest blow|move: Light Screen\n|upkeep\n|turn|6\n|\n|t:|1738071870\n|move|p1a: Indeedee|Protect|p1a: Indeedee\n|-singleturn|p1a: Indeedee|Protect\n|move|p2a: Miraidon|Dazzling Gleam|p1b: Groudon|[spread] p1b\n|-activate|p1a: Indeedee|move: Protect\n|-damage|p1b: Groudon|0 fnt\n|faint|p1b: Groudon\n|-damage|p2a: Miraidon|28\/100|[from] item: Life Orb\n|\n|-weather|SunnyDay|[upkeep]\n|upkeep\n|\n|t:|1738071881\n|switch|p1b: Incineroar|Incineroar, L50, M, tera:Ghost|61\/100\n|-ability|p1b: Incineroar|Intimidate|boost\n|-unboost|p2a: Miraidon|atk|1\n|turn|7\n|\n|t:|1738071887\n|move|p2a: Miraidon|Dazzling Gleam|p1b: Incineroar|[spread] p1a,p1b\n|-damage|p1a: Indeedee|0 fnt\n|-damage|p1b: Incineroar|39\/100\n|faint|p1a: Indeedee\n|-damage|p2a: Miraidon|19\/100|[from] item: Life Orb\n|move|p1b: Incineroar|Flare Blitz|p2a: Miraidon\n|-damage|p2a: Miraidon|0 fnt\n|faint|p2a: Miraidon\n|-damage|p1b: Incineroar|34\/100|[from] Recoil\n|\n|win|Hoshinaaa\n|raw|Hoshinaaa's rating: 1560 &rarr; <strong>1582<\/strong><br \/>(+22 for winning)\n|raw|Weakest blow's rating: 1590 &rarr; <strong>1568<\/strong><br \/>(-22 for losing)\n|l|\u2606Hoshinaaa\n|player|p1|\n","uploadtime":1738071901,"views":26,"formatid":"gen9vgc2025regg","rating":1568,"private":0,"password":null}