{"id":"gen9vgc2025regg-2289761256","format":"[Gen 9] VGC 2025 Reg G","players":["cobalt_poke","Lightoz"],"log":"|j|\u2606cobalt_poke\n|j|\u2606Lightoz\n|t:|1738062958\n|gametype|doubles\n|player|p1|cobalt_poke|101|1557\n|player|p2|Lightoz|blue-gen2|1549\n|teamsize|p1|6\n|teamsize|p2|6\n|gen|9\n|tier|[Gen 9] VGC 2025 Reg G\n|rated|\n|rule|Species Clause: Limit one of each Pok\u00e9mon\n|rule|Item Clause: Limit 1 of each item\n|clearpoke\n|poke|p1|Weezing-Galar, L50, M|\n|poke|p1|Calyrex-Shadow, L50|\n|poke|p1|Dondozo, L50, F|\n|poke|p1|Tatsugiri, L50, M|\n|poke|p1|Incineroar, L50, F|\n|poke|p1|Roaring Moon, L50|\n|poke|p2|Gouging Fire, L50|\n|poke|p2|Urshifu-*, L50, M|\n|poke|p2|Chien-Pao, L50|\n|poke|p2|Raging Bolt, L50|\n|poke|p2|Volcarona, L50, M|\n|poke|p2|Groudon, L50|\n|teampreview|4\n|\n|t:|1738063009\n|start\n|switch|p1a: Roaring Moon|Roaring Moon, L50|100\/100\n|switch|p1b: Weezing|Weezing-Galar, L50, M|100\/100\n|switch|p2a: Volcarona|Volcarona, L50, M|100\/100\n|switch|p2b: Groudon|Groudon, L50|100\/100\n|-ability|p1b: Weezing|Neutralizing Gas\n|turn|1\n|inactive|Battle timer is ON: inactive players will automatically lose when time's up. (requested by cobalt_poke)\n|\n|t:|1738063020\n|move|p1b: Weezing|Protect|p1b: Weezing\n|-singleturn|p1b: Weezing|Protect\n|move|p1a: Roaring Moon|Knock Off|p2b: Groudon\n|-damage|p2b: Groudon|63\/100\n|-enditem|p2b: Groudon|Assault Vest|[from] move: Knock Off|[of] p1a: Roaring Moon\n|move|p2a: Volcarona|Tailwind|p2a: Volcarona\n|-sidestart|p2: Lightoz|move: Tailwind\n|move|p2b: Groudon|Precipice Blades|p1b: Weezing|[spread] p1a\n|-activate|p1b: Weezing|move: Protect\n|-damage|p1a: Roaring Moon|27\/100\n|\n|upkeep\n|turn|2\n|\n|t:|1738063035\n|move|p2a: Volcarona|Heat Wave|p1b: Weezing|[spread] p1a,p1b\n|-resisted|p1a: Roaring Moon\n|-damage|p1a: Roaring Moon|17\/100\n|-damage|p1b: Weezing|71\/100\n|move|p2b: Groudon|Precipice Blades|p1a: Roaring Moon|[spread] p1b\n|-miss|p2b: Groudon|p1a: Roaring Moon\n|-supereffective|p1b: Weezing\n|-damage|p1b: Weezing|0 fnt\n|faint|p1b: Weezing\n|-end|p1b: Weezing|ability: Neutralizing Gas\n|-weather|SunnyDay|[from] ability: Drought|[of] p2b: Groudon\n|-activate|p1a: Roaring Moon|ability: Protosynthesis\n|-start|p1a: Roaring Moon|protosynthesisatk\n|move|p1a: Roaring Moon|Knock Off|p2a: Volcarona\n|-damage|p2a: Volcarona|8\/100\n|-damage|p1a: Roaring Moon|0 fnt|[from] item: Rocky Helmet|[of] p2a: Volcarona\n|faint|p1a: Roaring Moon\n|-end|p1a: Roaring Moon|Protosynthesis|[silent]\n|\n|-weather|SunnyDay|[upkeep]\n|upkeep\n|\n|t:|1738063053\n|switch|p1a: Dondozo|Dondozo, L50, F|100\/100\n|switch|p1b: Tatsugiri|Tatsugiri, L50, M|100\/100\n|-activate|p1b: Tatsugiri|ability: Commander|[of] p1a: Dondozo\n|-boost|p1a: Dondozo|atk|2\n|-boost|p1a: Dondozo|spa|2\n|-boost|p1a: Dondozo|spe|2\n|-boost|p1a: Dondozo|def|2\n|-boost|p1a: Dondozo|spd|2\n|turn|3\n|\n|t:|1738063073\n|switch|p2b: Urshifu|Urshifu, L50, M|100\/100\n|move|p2a: Volcarona|Rage Powder|p2a: Volcarona\n|-singleturn|p2a: Volcarona|move: Rage Powder\n|move|p1a: Dondozo|Earthquake|p2a: Volcarona|[spread] p2a,p2b\n|-miss|p1a: Dondozo|p1b: Tatsugiri\n|-damage|p2a: Volcarona|0 fnt\n|-damage|p2b: Urshifu|55\/100\n|faint|p2a: Volcarona\n|\n|-weather|SunnyDay|[upkeep]\n|upkeep\n|\n|t:|1738063078\n|switch|p2a: Raging Bolt|Raging Bolt, L50|100\/100\n|-activate|p2a: Raging Bolt|ability: Protosynthesis\n|-start|p2a: Raging Bolt|protosynthesisspa\n|turn|4\n|\n|t:|1738063088\n|-terastallize|p2b: Urshifu|Dark\n|-terastallize|p1a: Dondozo|Grass\n|move|p2b: Urshifu|Wicked Blow|p1a: Dondozo\n|-crit|p1a: Dondozo\n|-damage|p1a: Dondozo|20\/100\n|move|p2a: Raging Bolt|Thunderbolt|p1a: Dondozo\n|-resisted|p1a: Dondozo\n|-damage|p1a: Dondozo|0 fnt\n|faint|p1a: Dondozo\n|-damage|p2a: Raging Bolt|91\/100|[from] item: Life Orb\n|\n|-weather|SunnyDay|[upkeep]\n|-sideend|p2: Lightoz|move: Tailwind\n|upkeep\n|turn|5\n|-message|cobalt_poke forfeited.\n|\n|win|Lightoz\n|raw|cobalt_poke's rating: 1557 &rarr; <strong>1537<\/strong><br \/>(-20 for losing)\n|raw|Lightoz's rating: 1549 &rarr; <strong>1569<\/strong><br \/>(+20 for winning)\n|l|\u2606cobalt_poke\n|player|p1|\n|l|\u2606Lightoz\n|player|p2|\n","uploadtime":1738063374,"views":12,"formatid":"gen9vgc2025regg","rating":1537,"private":0,"password":null}