{"id":"gen9vgc2025regg-2289135931","format":"[Gen 9] VGC 2025 Reg G","players":["Ibrahimovicvgc","MadMat48"],"log":"|j|\u2606Ibrahimovicvgc\n|j|\u2606MadMat48\n|t:|1737984833\n|gametype|doubles\n|player|p1|Ibrahimovicvgc|1|1610\n|player|p2|MadMat48|101|1582\n|teamsize|p1|6\n|teamsize|p2|6\n|gen|9\n|tier|[Gen 9] VGC 2025 Reg G\n|rated|\n|rule|Species Clause: Limit one of each Pok\u00e9mon\n|rule|Item Clause: Limit 1 of each item\n|clearpoke\n|poke|p1|Tatsugiri, L50, M|\n|poke|p1|Chi-Yu, L50|\n|poke|p1|Dondozo, L50, F|\n|poke|p1|Gholdengo, L50|\n|poke|p1|Miraidon, L50|\n|poke|p1|Talonflame, L50, M|\n|poke|p2|Groudon, L50|\n|poke|p2|Jumpluff, L50, M|\n|poke|p2|Raging Bolt, L50|\n|poke|p2|Chien-Pao, L50|\n|poke|p2|Entei, L50|\n|poke|p2|Flutter Mane, L50|\n|teampreview|4\n|inactive|Battle timer is ON: inactive players will automatically lose when time's up. (requested by MadMat48)\n|inactive|MadMat48 has 60 seconds left.\n|\n|t:|1737984864\n|start\n|switch|p1a: Miraidon|Miraidon, L50|100\/100\n|switch|p1b: Chi-Yu|Chi-Yu, L50|100\/100\n|switch|p2a: Jumpluff|Jumpluff, L50, M|100\/100\n|switch|p2b: Groudon|Groudon, L50|100\/100\n|-fieldstart|move: Electric Terrain|[from] ability: Hadron Engine|[of] p1a: Miraidon\n|-ability|p1b: Chi-Yu|Beads of Ruin\n|-weather|SunnyDay|[from] ability: Drought|[of] p2b: Groudon\n|turn|1\n|inactive|Ibrahimovicvgc has 30 seconds left.\n|\n|t:|1737984891\n|move|p1a: Miraidon|Protect|p1a: Miraidon\n|-singleturn|p1a: Miraidon|Protect\n|move|p2a: Jumpluff|Tailwind|p2a: Jumpluff\n|-sidestart|p2: MadMat48|move: Tailwind\n|move|p2b: Groudon|Precipice Blades|p1b: Chi-Yu|[spread] p1b\n|-activate|p1a: Miraidon|move: Protect\n|-supereffective|p1b: Chi-Yu\n|-enditem|p1b: Chi-Yu|Focus Sash\n|-damage|p1b: Chi-Yu|1\/100\n|move|p1b: Chi-Yu|Heat Wave|p2b: Groudon|[spread] p2a\n|-miss|p1b: Chi-Yu|p2b: Groudon\n|-supereffective|p2a: Jumpluff\n|-damage|p2a: Jumpluff|0 fnt\n|faint|p2a: Jumpluff\n|\n|-weather|SunnyDay|[upkeep]\n|upkeep\n|\n|t:|1737984902\n|switch|p2a: Entei|Entei, L50|100\/100\n|turn|2\n|\n|t:|1737984918\n|switch|p1a: Tatsugiri|Tatsugiri, L50, M|100\/100\n|switch|p1b: Dondozo|Dondozo, L50, F|100\/100\n|-activate|p1a: Tatsugiri|ability: Commander|[of] p1b: Dondozo\n|-boost|p1b: Dondozo|atk|2\n|-boost|p1b: Dondozo|spa|2\n|-boost|p1b: Dondozo|spe|2\n|-boost|p1b: Dondozo|def|2\n|-boost|p1b: Dondozo|spd|2\n|move|p2a: Entei|Sacred Fire|p1a: Tatsugiri|[miss]\n|-miss|p2a: Entei|p1a: Tatsugiri\n|move|p2b: Groudon|Precipice Blades|p1b: Dondozo|[spread] p1b\n|-miss|p2b: Groudon|p1a: Tatsugiri\n|-damage|p1b: Dondozo|74\/100\n|\n|-weather|SunnyDay|[upkeep]\n|-heal|p1b: Dondozo|80\/100|[from] item: Leftovers\n|upkeep\n|turn|3\n|\n|t:|1737984938\n|move|p2a: Entei|Sacred Fire|p1b: Dondozo\n|-resisted|p1b: Dondozo\n|-damage|p1b: Dondozo|61\/100\n|-status|p1b: Dondozo|brn\n|-damage|p2a: Entei|91\/100|[from] item: Life Orb\n|move|p2b: Groudon|Precipice Blades|p1b: Dondozo|[spread] p1b\n|-miss|p2b: Groudon|p1a: Tatsugiri\n|-damage|p1b: Dondozo|35\/100 brn\n|move|p1b: Dondozo|Earthquake|p2b: Groudon|[spread] p2a,p2b\n|-miss|p1b: Dondozo|p1a: Tatsugiri\n|-supereffective|p2a: Entei\n|-damage|p2a: Entei|36\/100\n|-damage|p2b: Groudon|84\/100\n|\n|-weather|SunnyDay|[upkeep]\n|-heal|p1b: Dondozo|42\/100 brn|[from] item: Leftovers\n|-damage|p1b: Dondozo|35\/100 brn|[from] brn\n|upkeep\n|turn|4\n|\n|t:|1737984957\n|move|p1b: Dondozo|Protect|p1b: Dondozo\n|-singleturn|p1b: Dondozo|Protect\n|move|p2a: Entei|Sacred Fire|p1b: Dondozo\n|-activate|p1b: Dondozo|move: Protect\n|move|p2b: Groudon|Precipice Blades|p1a: Tatsugiri|[spread] \n|-miss|p2b: Groudon|p1a: Tatsugiri\n|-activate|p1b: Dondozo|move: Protect\n|\n|-weather|SunnyDay|[upkeep]\n|-heal|p1b: Dondozo|42\/100 brn|[from] item: Leftovers\n|-damage|p1b: Dondozo|35\/100 brn|[from] brn\n|-sideend|p2: MadMat48|move: Tailwind\n|upkeep\n|turn|5\n|\n|t:|1737984962\n|-terastallize|p2a: Entei|Normal\n|move|p2a: Entei|Extreme Speed|p1b: Dondozo\n|-damage|p1b: Dondozo|18\/100 brn\n|-damage|p2a: Entei|26\/100|[from] item: Life Orb\n|move|p1b: Dondozo|Earthquake|p2a: Entei|[spread] p2a,p2b\n|-miss|p1b: Dondozo|p1a: Tatsugiri\n|-crit|p2a: Entei\n|-damage|p2a: Entei|0 fnt\n|-damage|p2b: Groudon|67\/100\n|faint|p2a: Entei\n|move|p2b: Groudon|Precipice Blades|p1b: Dondozo|[spread] p1b\n|-miss|p2b: Groudon|p1a: Tatsugiri\n|-damage|p1b: Dondozo|0 fnt\n|faint|p1b: Dondozo\n|\n|-weather|none\n|-fieldend|move: Electric Terrain\n|upkeep\n|j| mentalrofl\n|inactive|Ibrahimovicvgc has 30 seconds left.\n|\n|t:|1737984989\n|switch|p2a: Chien-Pao|Chien-Pao, L50|100\/100\n|switch|p1b: Miraidon|Miraidon, L50|100\/100\n|-fieldstart|move: Electric Terrain|[from] ability: Hadron Engine|[of] p1b: Miraidon\n|-ability|p2a: Chien-Pao|Sword of Ruin\n|turn|6\n|inactive|Ibrahimovicvgc has 30 seconds left.\n|\n|t:|1737985016\n|move|p1b: Miraidon|Protect|p1b: Miraidon\n|-singleturn|p1b: Miraidon|Protect\n|move|p1a: Tatsugiri|Icy Wind|p2b: Groudon|[spread] p2a,p2b\n|-resisted|p2a: Chien-Pao\n|-supereffective|p2b: Groudon\n|-damage|p2a: Chien-Pao|90\/100\n|-damage|p2b: Groudon|43\/100\n|-unboost|p2a: Chien-Pao|spe|1\n|-unboost|p2b: Groudon|spe|1\n|move|p2a: Chien-Pao|Ice Spinner|p1a: Tatsugiri\n|-damage|p1a: Tatsugiri|13\/100\n|-fieldend|move: Electric Terrain\n|move|p2b: Groudon|Precipice Blades|p1b: Miraidon|[spread] \n|-activate|p1b: Miraidon|move: Protect\n|-miss|p2b: Groudon|p1a: Tatsugiri\n|\n|upkeep\n|turn|7\n|\n|t:|1737985038\n|-terastallize|p1b: Miraidon|Fairy\n|move|p1a: Tatsugiri|Icy Wind|p2b: Groudon|[spread] p2a,p2b\n|-resisted|p2a: Chien-Pao\n|-supereffective|p2b: Groudon\n|-damage|p2a: Chien-Pao|80\/100\n|-damage|p2b: Groudon|17\/100\n|-unboost|p2a: Chien-Pao|spe|1\n|-unboost|p2b: Groudon|spe|1\n|move|p1b: Miraidon|Dazzling Gleam|p2a: Chien-Pao|[spread] p2a,p2b\n|-supereffective|p2a: Chien-Pao\n|-damage|p2a: Chien-Pao|0 fnt\n|-damage|p2b: Groudon|0 fnt\n|faint|p2a: Chien-Pao\n|faint|p2b: Groudon\n|\n|win|Ibrahimovicvgc\n|raw|Ibrahimovicvgc's rating: 1610 &rarr; <strong>1628<\/strong><br \/>(+18 for winning)\n|raw|MadMat48's rating: 1582 &rarr; <strong>1564<\/strong><br \/>(-18 for losing)\n|l|\u2606MadMat48\n|player|p2|\n|l|\u2606Ibrahimovicvgc\n|player|p1|\n|l| mentalrofl\n","uploadtime":1737985182,"views":8,"formatid":"gen9vgc2025regg","rating":1564,"private":0,"password":null}