{"id":"gen9vgc2025regg-2289640870","format":"[Gen 9] VGC 2025 Reg G","players":["ponz3557","Michael Glick"],"log":"|j|\u2606ponz3557\n|j|\u2606Michael Glick\n|t:|1738041018\n|gametype|doubles\n|player|p1|ponz3557|265|1541\n|player|p2|Michael Glick|birdkeeper|1668\n|teamsize|p1|6\n|teamsize|p2|6\n|gen|9\n|tier|[Gen 9] VGC 2025 Reg G\n|rated|\n|rule|Species Clause: Limit one of each Pok\u00e9mon\n|rule|Item Clause: Limit 1 of each item\n|clearpoke\n|poke|p1|Calyrex-Shadow, L50|\n|poke|p1|Rillaboom, L50, F|\n|poke|p1|Clefairy, L50, F|\n|poke|p1|Incineroar, L50, M|\n|poke|p1|Urshifu-*, L50, F|\n|poke|p1|Tornadus, L50, M|\n|poke|p2|Terapagos, L50, M|\n|poke|p2|Tinkaton, L50, F|\n|poke|p2|Basculegion, L50, M|\n|poke|p2|Amoonguss, L50, F|\n|poke|p2|Pelipper, L50, M|\n|poke|p2|Landorus, L50, M|\n|teampreview|4\n|inactive|Battle timer is ON: inactive players will automatically lose when time's up. (requested by Michael Glick)\n|\n|t:|1738041040\n|start\n|switch|p1a: Clefairy|Clefairy, L50, F|100\/100\n|switch|p1b: Calyrex|Calyrex-Shadow, L50|100\/100\n|switch|p2a: Terapagos|Terapagos, L50, M|100\/100\n|switch|p2b: Tinkaton|Tinkaton, L50, F|100\/100\n|-ability|p1b: Calyrex|As One\n|-ability|p1b: Calyrex|Unnerve\n|-activate|p2a: Terapagos|ability: Tera Shift\n|detailschange|p2a: Terapagos|Terapagos-Terastal, L50, M\n|-heal|p2a: Terapagos|100\/100|[silent]\n|-ability|p2b: Tinkaton|Mold Breaker\n|turn|1\n|\n|t:|1738041048\n|-terastallize|p1a: Clefairy|Grass\n|move|p1b: Calyrex|Nasty Plot|p1b: Calyrex\n|-boost|p1b: Calyrex|spa|2\n|move|p2b: Tinkaton|Gigaton Hammer|p1b: Calyrex\n|-damage|p1b: Calyrex|43\/100\n|move|p2a: Terapagos|Calm Mind|p2a: Terapagos\n|-boost|p2a: Terapagos|spa|1\n|-boost|p2a: Terapagos|spd|1\n|move|p1a: Clefairy|Encore|p2a: Terapagos\n|-start|p2a: Terapagos|Encore\n|\n|upkeep\n|turn|2\n|\n|t:|1738041072\n|move|p1a: Clefairy|Helping Hand|p1b: Calyrex\n|-singleturn|p1b: Calyrex|Helping Hand|[of] p1a: Clefairy\n|move|p1b: Calyrex|Astral Barrage|p2b: Tinkaton|[spread] p2b\n|-immune|p2a: Terapagos\n|-damage|p2b: Tinkaton|0 fnt\n|faint|p2b: Tinkaton\n|-ability|p1b: Calyrex|Grim Neigh|boost\n|-boost|p1b: Calyrex|spa|1\n|move|p2a: Terapagos|Calm Mind|p2a: Terapagos\n|-boost|p2a: Terapagos|spa|1\n|-boost|p2a: Terapagos|spd|1\n|\n|upkeep\n|j| mr pogostick\n|\n|t:|1738041086\n|switch|p2b: Pelipper|Pelipper, L50, M|100\/100\n|-weather|RainDance|[from] ability: Drizzle|[of] p2b: Pelipper\n|turn|3\n|\n|t:|1738041093\n|move|p1a: Clefairy|Follow Me|p1a: Clefairy\n|-singleturn|p1a: Clefairy|move: Follow Me\n|move|p1b: Calyrex|Psychic|p2b: Pelipper\n|-enditem|p2b: Pelipper|Focus Sash\n|-damage|p2b: Pelipper|1\/100\n|move|p2b: Pelipper|Hurricane|p1a: Clefairy\n|-supereffective|p1a: Clefairy\n|-damage|p1a: Clefairy|16\/100\n|move|p2a: Terapagos|Calm Mind|p2a: Terapagos\n|-boost|p2a: Terapagos|spa|1\n|-boost|p2a: Terapagos|spd|1\n|\n|-weather|RainDance|[upkeep]\n|upkeep\n|turn|4\n|j| bluestraggler01\n|inactive|Michael Glick has 30 seconds left.\n|\n|t:|1738041119\n|move|p1a: Clefairy|Follow Me|p1a: Clefairy\n|-singleturn|p1a: Clefairy|move: Follow Me\n|move|p1b: Calyrex|Psychic|p2a: Terapagos\n|-activate|p2a: Terapagos|ability: Tera Shell\n|-resisted|p2a: Terapagos\n|-damage|p2a: Terapagos|79\/100\n|move|p2b: Pelipper|Tailwind|p2b: Pelipper\n|-sidestart|p2: Michael Glick|move: Tailwind\n|move|p2a: Terapagos|Calm Mind|p2a: Terapagos\n|-boost|p2a: Terapagos|spa|1\n|-boost|p2a: Terapagos|spd|1\n|\n|-weather|RainDance|[upkeep]\n|-heal|p2a: Terapagos|85\/100|[from] item: Leftovers\n|-end|p2a: Terapagos|Encore\n|upkeep\n|turn|5\n|-message|ponz3557 forfeited.\n|\n|win|Michael Glick\n|raw|ponz3557's rating: 1541 &rarr; <strong>1528<\/strong><br \/>(-13 for losing)\n|raw|Michael Glick's rating: 1668 &rarr; <strong>1681<\/strong><br \/>(+13 for winning)\n|l|\u2606ponz3557\n|player|p1|\n|l|\u2606Michael Glick\n|player|p2|\n|l| bluestraggler01\n","uploadtime":1738041380,"views":16,"formatid":"gen9vgc2025regg","rating":1528,"private":0,"password":null}