{"id":"gen9vgc2025regg-2289048829","format":"[Gen 9] VGC 2025 Reg G","players":["bluestraggler01","something123"],"log":"|j|\u2606bluestraggler01\n|j|\u2606something123\n|t:|1737970956\n|gametype|doubles\n|player|p1|bluestraggler01|170|1678\n|player|p2|something123|2|1640\n|teamsize|p1|6\n|teamsize|p2|6\n|gen|9\n|tier|[Gen 9] VGC 2025 Reg G\n|rated|\n|rule|Species Clause: Limit one of each Pok\u00e9mon\n|rule|Item Clause: Limit 1 of each item\n|clearpoke\n|poke|p1|Koraidon, L50|\n|poke|p1|Flutter Mane, L50|\n|poke|p1|Iron Jugulis, L50|\n|poke|p1|Armarouge, L50, M|\n|poke|p1|Ogerpon-Cornerstone, L50, F|\n|poke|p1|Raging Bolt, L50|\n|poke|p2|Farigiraf, L50, F|\n|poke|p2|Landorus, L50, M|\n|poke|p2|Calyrex-Ice, L50|\n|poke|p2|Ogerpon-Cornerstone, L50, F|\n|poke|p2|Urshifu-*, L50, M|\n|poke|p2|Regieleki, L50|\n|teampreview|4\n|inactive|Battle timer is ON: inactive players will automatically lose when time's up. (requested by something123)\n|\n|t:|1737971000\n|start\n|switch|p1a: Armarouge|Armarouge, L50, M|100\/100\n|switch|p1b: Ogerpon|Ogerpon-Cornerstone, L50, F|100\/100\n|switch|p2a: Calyrex|Calyrex-Ice, L50|100\/100\n|switch|p2b: Ogerpon|Ogerpon-Cornerstone, L50, F|100\/100\n|-ability|p2a: Calyrex|As One\n|-ability|p2a: Calyrex|Unnerve\n|turn|1\n|inactive|something123 has 30 seconds left.\n|inactive|bluestraggler01 has 30 seconds left.\n|inactive|bluestraggler01 has 20 seconds left.\n|\n|t:|1737971041\n|-terastallize|p2a: Calyrex|Water\n|move|p2b: Ogerpon|Ivy Cudgel|p1b: Ogerpon|[anim] Ivy Cudgel Rock\n|-damage|p1b: Ogerpon|27\/100\n|move|p1b: Ogerpon|Ivy Cudgel|p2a: Calyrex|[anim] Ivy Cudgel Rock\n|-damage|p2a: Calyrex|61\/100\n|move|p1a: Armarouge|Meteor Beam||[still]\n|-prepare|p1a: Armarouge|Meteor Beam\n|-boost|p1a: Armarouge|spa|1\n|-enditem|p1a: Armarouge|Power Herb\n|-anim|p1a: Armarouge|Meteor Beam|p2a: Calyrex\n|-damage|p2a: Calyrex|22\/100\n|move|p2a: Calyrex|Trick Room|p2a: Calyrex\n|-fieldstart|move: Trick Room|[of] p2a: Calyrex\n|\n|upkeep\n|turn|2\n|j| mr pogostick\n|inactive|something123 has 30 seconds left.\n|inactive|bluestraggler01 has 30 seconds left.\n|\n|t:|1737971072\n|-terastallize|p1a: Armarouge|Grass\n|move|p1a: Armarouge|Wide Guard|p1a: Armarouge\n|-singleturn|p1a: Armarouge|Wide Guard\n|move|p2a: Calyrex|Glacial Lance|p1a: Armarouge|[spread] \n|-activate|p1a: Armarouge|move: Wide Guard\n|-activate|p1b: Ogerpon|move: Wide Guard\n|move|p1b: Ogerpon|Ivy Cudgel|p2a: Calyrex|[anim] Ivy Cudgel Rock\n|-damage|p2a: Calyrex|0 fnt\n|faint|p2a: Calyrex\n|move|p2b: Ogerpon|Ivy Cudgel|p1a: Armarouge|[anim] Ivy Cudgel Rock\n|-damage|p1a: Armarouge|47\/100\n|\n|upkeep\n|\n|t:|1737971082\n|switch|p2a: Landorus|Landorus, L50, M|100\/100\n|turn|3\n|j| MegaFissure\n|inactive|something123 has 30 seconds left.\n|\n|t:|1737971109\n|move|p2a: Landorus|Protect|p2a: Landorus\n|-singleturn|p2a: Landorus|Protect\n|move|p1b: Ogerpon|Follow Me|p1b: Ogerpon\n|-singleturn|p1b: Ogerpon|move: Follow Me\n|move|p1a: Armarouge|Armor Cannon|p2a: Landorus\n|-activate|p2a: Landorus|move: Protect\n|move|p2b: Ogerpon|Ivy Cudgel|p1b: Ogerpon|[anim] Ivy Cudgel Rock\n|-damage|p1b: Ogerpon|0 fnt\n|faint|p1b: Ogerpon\n|\n|upkeep\n|\n|t:|1737971117\n|switch|p1b: Raging Bolt|Raging Bolt, L50|100\/100\n|turn|4\n|\n|t:|1737971135\n|move|p2b: Ogerpon|Follow Me|p2b: Ogerpon\n|-singleturn|p2b: Ogerpon|move: Follow Me\n|move|p1b: Raging Bolt|Thunderbolt|p2b: Ogerpon\n|-resisted|p2b: Ogerpon\n|-damage|p2b: Ogerpon|63\/100\n|-damage|p1b: Raging Bolt|91\/100|[from] item: Life Orb\n|move|p1a: Armarouge|Armor Cannon|p2b: Ogerpon\n|-damage|p2b: Ogerpon|0 fnt\n|-unboost|p1a: Armarouge|def|1\n|-unboost|p1a: Armarouge|spd|1\n|faint|p2b: Ogerpon\n|move|p2a: Landorus|Sandsear Storm|p1a: Armarouge|[spread] p1a,p1b\n|-resisted|p1a: Armarouge\n|-supereffective|p1b: Raging Bolt\n|-damage|p1a: Armarouge|0 fnt\n|-damage|p1b: Raging Bolt|0 fnt\n|faint|p1a: Armarouge\n|faint|p1b: Raging Bolt\n|-end|p1b: Raging Bolt|Protosynthesis|[silent]\n|\n|upkeep\n|\n|t:|1737971147\n|switch|p1b: Koraidon|Koraidon, L50|100\/100\n|switch|p2b: Farigiraf|Farigiraf, L50, F|100\/100\n|-weather|SunnyDay|[from] ability: Orichalcum Pulse|[of] p1b: Koraidon\n|-activate|p1b: Koraidon|Orichalcum Pulse|[source]\n|turn|5\n|\n|t:|1737971154\n|move|p2b: Farigiraf|Psychic|p1b: Koraidon\n|-supereffective|p1b: Koraidon\n|-damage|p1b: Koraidon|45\/100\n|move|p2a: Landorus|Earth Power|p1b: Koraidon\n|-damage|p1b: Koraidon|0 fnt\n|faint|p1b: Koraidon\n|\n|win|something123\n|raw|bluestraggler01's rating: 1678 &rarr; <strong>1656<\/strong><br \/>(-22 for losing)\n|raw|something123's rating: 1640 &rarr; <strong>1662<\/strong><br \/>(+22 for winning)\n|l|\u2606bluestraggler01\n|player|p1|\n|l|\u2606something123\n|player|p2|\n|l| MegaFissure\n|l| mr pogostick\n","uploadtime":1737971308,"views":41,"formatid":"gen9vgc2025regg","rating":1656,"private":0,"password":null}