{"id":"gen9vgc2025regg-2289288248","format":"[Gen 9] VGC 2025 Reg G","players":["yodapoke","Angelo Neres"],"log":"|j|\u203dyodapoke\n|j|\u2606Angelo Neres\n|t:|1738000630\n|gametype|doubles\n|player|p1|yodapoke|lucas|1597\n|player|p2|Angelo Neres|266|1519\n|teamsize|p1|6\n|teamsize|p2|6\n|gen|9\n|tier|[Gen 9] VGC 2025 Reg G\n|rated|\n|rule|Species Clause: Limit one of each Pok\u00e9mon\n|rule|Item Clause: Limit 1 of each item\n|clearpoke\n|poke|p1|Lunala, L50|\n|poke|p1|Chi-Yu, L50|\n|poke|p1|Whimsicott, L50, M|\n|poke|p1|Rillaboom, L50, F|\n|poke|p1|Incineroar, L50, M|\n|poke|p1|Urshifu-*, L50, F|\n|poke|p2|Groudon, L50|\n|poke|p2|Moltres-Galar, L50|\n|poke|p2|Scream Tail, L50|\n|poke|p2|Grimmsnarl, L50, M|\n|poke|p2|Cobalion, L50|\n|poke|p2|Amoonguss, L50, M|\n|teampreview|4\n|inactive|Battle timer is ON: inactive players will automatically lose when time's up. (requested by Angelo Neres)\n|j| mentalrofl\n|inactive|yodapoke has 60 seconds left.\n|j| D-Wrecks\n|\n|t:|1738000673\n|start\n|switch|p1a: Whimsicott|Whimsicott, L50, M|100\/100\n|switch|p1b: Lunala|Lunala, L50|100\/100\n|switch|p2a: Cobalion|Cobalion, L50, shiny|100\/100\n|switch|p2b: Grimmsnarl|Grimmsnarl, L50, M, shiny|100\/100\n|turn|1\n|\n|t:|1738000692\n|move|p1a: Whimsicott|Charm|p2a: Cobalion\n|-unboost|p2a: Cobalion|atk|2\n|move|p2b: Grimmsnarl|Light Screen|p2b: Grimmsnarl\n|-sidestart|p2: Angelo Neres|move: Light Screen\n|move|p2a: Cobalion|Stealth Rock|p1b: Lunala\n|-sidestart|p1: yodapoke|move: Stealth Rock\n|move|p1b: Lunala|Calm Mind|p1b: Lunala\n|-boost|p1b: Lunala|spa|1\n|-boost|p1b: Lunala|spd|1\n|\n|upkeep\n|turn|2\n|\n|t:|1738000710\n|switch|p2a: Scream Tail|Scream Tail, L50, shiny|100\/100\n|move|p1a: Whimsicott|Encore||[still]\n|-fail|p1a: Whimsicott\n|move|p2b: Grimmsnarl|Parting Shot|p1b: Lunala\n|-unboost|p1b: Lunala|atk|1\n|-unboost|p1b: Lunala|spa|1\n|\n|t:|1738000722\n|switch|p2b: Groudon|Groudon, L50, shiny|100\/100|[from] Parting Shot\n|-weather|SunnyDay|[from] ability: Drought|[of] p2b: Groudon\n|-activate|p2a: Scream Tail|ability: Protosynthesis\n|-start|p2a: Scream Tail|protosynthesisspe\n|move|p1b: Lunala|Calm Mind|p1b: Lunala\n|-boost|p1b: Lunala|spa|1\n|-boost|p1b: Lunala|spd|1\n|\n|-weather|SunnyDay|[upkeep]\n|upkeep\n|turn|3\n|\n|t:|1738000740\n|move|p1a: Whimsicott|Tailwind|p1a: Whimsicott\n|-sidestart|p1: yodapoke|move: Tailwind\n|move|p2a: Scream Tail|Encore|p1b: Lunala\n|-start|p1b: Lunala|Encore\n|move|p1b: Lunala|Calm Mind|p1b: Lunala\n|-boost|p1b: Lunala|spa|1\n|-boost|p1b: Lunala|spd|1\n|move|p2b: Groudon|Heat Crash|p1a: Whimsicott\n|-supereffective|p1a: Whimsicott\n|-damage|p1a: Whimsicott|0 fnt\n|faint|p1a: Whimsicott\n|\n|-weather|SunnyDay|[upkeep]\n|upkeep\n|\n|t:|1738000749\n|switch|p1a: Incineroar|Incineroar, L50, M|100\/100\n|-damage|p1a: Incineroar|76\/100|[from] Stealth Rock\n|-ability|p1a: Incineroar|Intimidate|boost\n|-unboost|p2a: Scream Tail|atk|1\n|-unboost|p2b: Groudon|atk|1\n|turn|4\n|\n|t:|1738000760\n|move|p1a: Incineroar|Fake Out|p2b: Groudon\n|-damage|p2b: Groudon|93\/100\n|move|p2a: Scream Tail|Encore|p1a: Incineroar\n|-start|p1a: Incineroar|Encore\n|move|p1b: Lunala|Calm Mind|p1b: Lunala\n|-boost|p1b: Lunala|spa|1\n|-boost|p1b: Lunala|spd|1\n|cant|p2b: Groudon|flinch\n|\n|-weather|SunnyDay|[upkeep]\n|upkeep\n|turn|5\n|\n|t:|1738000773\n|switch|p1a: Rillaboom|Rillaboom, L50, F|100\/100\n|-damage|p1a: Rillaboom|88\/100|[from] Stealth Rock\n|-fieldstart|move: Grassy Terrain|[from] ability: Grassy Surge|[of] p1a: Rillaboom\n|move|p2a: Scream Tail|Disable|p1b: Lunala\n|-start|p1b: Lunala|Disable|Calm Mind\n|cant|p1b: Lunala|Disable|Calm Mind\n|move|p2b: Groudon|Precipice Blades|p1b: Lunala|[spread] p1a,p1b\n|-resisted|p1a: Rillaboom\n|-damage|p1a: Rillaboom|69\/100\n|-damage|p1b: Lunala|84\/100\n|\n|-weather|SunnyDay|[upkeep]\n|-heal|p1b: Lunala|90\/100|[from] Grassy Terrain\n|-heal|p1b: Lunala|96\/100|[from] item: Leftovers\n|-heal|p1a: Rillaboom|75\/100|[from] Grassy Terrain\n|-heal|p2b: Groudon|99\/100|[from] Grassy Terrain\n|-end|p1b: Lunala|Encore\n|-sideend|p2: Angelo Neres|move: Light Screen\n|upkeep\n|turn|6\n|\n|t:|1738000789\n|-terastallize|p2b: Groudon|Fire\n|move|p1a: Rillaboom|Fake Out|p2a: Scream Tail\n|-crit|p2a: Scream Tail\n|-damage|p2a: Scream Tail|84\/100\n|cant|p2a: Scream Tail|flinch\n|move|p1b: Lunala|Moongeist Beam|p2a: Scream Tail\n|-supereffective|p2a: Scream Tail\n|-damage|p2a: Scream Tail|0 fnt\n|faint|p2a: Scream Tail\n|-end|p2a: Scream Tail|Protosynthesis|[silent]\n|move|p2b: Groudon|Heat Crash|p1a: Rillaboom\n|-supereffective|p1a: Rillaboom\n|-damage|p1a: Rillaboom|0 fnt\n|faint|p1a: Rillaboom\n|\n|-weather|none\n|-heal|p1b: Lunala|100\/100|[from] Grassy Terrain\n|-heal|p2b: Groudon|100\/100|[from] Grassy Terrain\n|-sideend|p1: yodapoke|move: Tailwind\n|upkeep\n|\n|t:|1738000801\n|switch|p2a: Grimmsnarl|Grimmsnarl, L50, M, shiny|100\/100\n|switch|p1a: Incineroar|Incineroar, L50, M|76\/100\n|-damage|p1a: Incineroar|51\/100|[from] Stealth Rock\n|-ability|p1a: Incineroar|Intimidate|boost\n|-unboost|p2a: Grimmsnarl|atk|1\n|-unboost|p2b: Groudon|atk|1\n|turn|7\n|\n|t:|1738000822\n|switch|p2b: Cobalion|Cobalion, L50, shiny|100\/100\n|-terastallize|p1b: Lunala|Fairy\n|move|p1a: Incineroar|Fake Out|p2a: Grimmsnarl\n|-damage|p2a: Grimmsnarl|90\/100\n|move|p2a: Grimmsnarl|Light Screen|p2a: Grimmsnarl\n|-sidestart|p2: Angelo Neres|move: Light Screen\n|move|p1b: Lunala|Dazzling Gleam|p2b: Cobalion|[spread] p2a,p2b\n|-supereffective|p2a: Grimmsnarl\n|-damage|p2a: Grimmsnarl|0 fnt\n|-damage|p2b: Cobalion|34\/100\n|faint|p2a: Grimmsnarl\n|\n|-heal|p2b: Cobalion|40\/100|[from] Grassy Terrain\n|-heal|p1a: Incineroar|57\/100|[from] Grassy Terrain\n|upkeep\n|\n|t:|1738000834\n|switch|p2a: Groudon|Groudon, L50, shiny, tera:Fire|100\/100\n|-weather|SunnyDay|[from] ability: Drought|[of] p2a: Groudon\n|turn|8\n|\n|t:|1738000843\n|move|p2b: Cobalion|Body Press|p1b: Lunala\n|-resisted|p1b: Lunala\n|-damage|p1b: Lunala|91\/100\n|move|p1b: Lunala|Dazzling Gleam|p2a: Groudon|[spread] p2a,p2b\n|-resisted|p2a: Groudon\n|-damage|p2a: Groudon|82\/100\n|-damage|p2b: Cobalion|0 fnt\n|faint|p2b: Cobalion\n|move|p2a: Groudon|Precipice Blades|p1b: Lunala|[spread] p1a,p1b\n|-supereffective|p1a: Incineroar\n|-damage|p1a: Incineroar|0 fnt\n|-damage|p1b: Lunala|42\/100\n|faint|p1a: Incineroar\n|\n|-weather|SunnyDay|[upkeep]\n|-heal|p1b: Lunala|48\/100|[from] Grassy Terrain\n|-heal|p1b: Lunala|54\/100|[from] item: Leftovers\n|-heal|p2a: Groudon|88\/100|[from] Grassy Terrain\n|-end|p1b: Lunala|Disable\n|upkeep\n|turn|9\n|\n|t:|1738000861\n|move|p1b: Lunala|Moongeist Beam|p2a: Groudon\n|-damage|p2a: Groudon|29\/100\n|move|p2a: Groudon|Heat Crash|p1b: Lunala\n|-damage|p1b: Lunala|0 fnt\n|faint|p1b: Lunala\n|\n|win|Angelo Neres\n|raw|yodapoke's rating: 1597 &rarr; <strong>1573<\/strong><br \/>(-24 for losing)\n|raw|Angelo Neres's rating: 1519 &rarr; <strong>1543<\/strong><br \/>(+24 for winning)\n|l|\u203dyodapoke\n|player|p1|\n|l| D-Wrecks\n|l|\u2606Angelo Neres\n|player|p2|\n","uploadtime":1738001012,"views":20,"formatid":"gen9vgc2025regg","rating":1543,"private":0,"password":null}