{"id":"gen9vgc2025regg-2289763745","format":"[Gen 9] VGC 2025 Reg G","players":["Weakest blow","Lightoz"],"log":"|j|\u2606Weakest blow\n|j|\u2606Lightoz\n|t:|1738063370\n|gametype|doubles\n|player|p1|Weakest blow|depotagent|1561\n|player|p2|Lightoz|blue-gen2|1586\n|teamsize|p1|6\n|teamsize|p2|6\n|gen|9\n|tier|[Gen 9] VGC 2025 Reg G\n|rated|\n|rule|Species Clause: Limit one of each Pok\u00e9mon\n|rule|Item Clause: Limit 1 of each item\n|clearpoke\n|poke|p1|Ditto, L50|\n|poke|p1|Iron Hands, L50|\n|poke|p1|Miraidon, L50|\n|poke|p1|Pelipper, L50, F|\n|poke|p1|Volcarona, L50, F|\n|poke|p1|Whimsicott, L50, M|\n|poke|p2|Gouging Fire, L50|\n|poke|p2|Urshifu-*, L50, F|\n|poke|p2|Chien-Pao, L50|\n|poke|p2|Raging Bolt, L50|\n|poke|p2|Volcarona, L50, F|\n|poke|p2|Groudon, L50|\n|teampreview|4\n|\n|t:|1738063403\n|start\n|switch|p1a: Pelipper|Pelipper, L50, F|100\/100\n|switch|p1b: Miraidon|Miraidon, L50|100\/100\n|switch|p2a: Gouging Fire|Gouging Fire, L50|100\/100\n|switch|p2b: Groudon|Groudon, L50|100\/100\n|-fieldstart|move: Electric Terrain|[from] ability: Hadron Engine|[of] p1b: Miraidon\n|-enditem|p1a: Pelipper|Electric Seed\n|-boost|p1a: Pelipper|def|1|[from] item: Electric Seed\n|-weather|SunnyDay|[from] ability: Drought|[of] p2b: Groudon\n|-activate|p2a: Gouging Fire|ability: Protosynthesis\n|-start|p2a: Gouging Fire|protosynthesisspe\n|-weather|RainDance|[from] ability: Drizzle|[of] p1a: Pelipper\n|-end|p2a: Gouging Fire|Protosynthesis\n|turn|1\n|\n|t:|1738063423\n|switch|p2b: Raging Bolt|Raging Bolt, L50|100\/100\n|move|p1a: Pelipper|Helping Hand|p1b: Miraidon\n|-singleturn|p1b: Miraidon|Helping Hand|[of] p1a: Pelipper\n|move|p2a: Gouging Fire|Burning Bulwark|p2a: Gouging Fire\n|-singleturn|p2a: Gouging Fire|move: Protect\n|move|p1b: Miraidon|Draco Meteor|p2b: Raging Bolt\n|-supereffective|p2b: Raging Bolt\n|-damage|p2b: Raging Bolt|0 fnt\n|-unboost|p1b: Miraidon|spa|2\n|faint|p2b: Raging Bolt\n|-end|p2b: Raging Bolt|Protosynthesis|[silent]\n|-damage|p1b: Miraidon|91\/100|[from] item: Life Orb\n|\n|-weather|RainDance|[upkeep]\n|upkeep\n|\n|t:|1738063430\n|switch|p2b: Groudon|Groudon, L50|100\/100\n|-weather|SunnyDay|[from] ability: Drought|[of] p2b: Groudon\n|-activate|p2a: Gouging Fire|ability: Protosynthesis\n|-start|p2a: Gouging Fire|protosynthesisspe\n|turn|2\n|\n|t:|1738063458\n|-terastallize|p1a: Pelipper|Ground\n|move|p1a: Pelipper|Wide Guard|p1a: Pelipper\n|-singleturn|p1a: Pelipper|Wide Guard\n|move|p2a: Gouging Fire|Howl|p2a: Gouging Fire|[spread] p2a,p2b\n|-boost|p2a: Gouging Fire|atk|1\n|-boost|p2b: Groudon|atk|1\n|move|p1b: Miraidon|Draco Meteor|p2a: Gouging Fire|[miss]\n|-miss|p1b: Miraidon|p2a: Gouging Fire\n|move|p2b: Groudon|Thunder Punch|p1a: Pelipper\n|-immune|p1a: Pelipper\n|\n|-weather|SunnyDay|[upkeep]\n|upkeep\n|turn|3\n|\n|t:|1738063479\n|switch|p1b: Ditto|Ditto, L50|100\/100\n|-transform|p1b: Ditto|p2a: Gouging Fire|[from] ability: Imposter\n|move|p2a: Gouging Fire|Burning Bulwark|p2a: Gouging Fire\n|-singleturn|p2a: Gouging Fire|move: Protect\n|move|p1a: Pelipper|Protect||[still]\n|-fail|p1a: Pelipper\n|move|p2b: Groudon|High Horsepower|p1b: Ditto|[miss]\n|-miss|p2b: Groudon|p1b: Ditto\n|\n|-weather|SunnyDay|[upkeep]\n|upkeep\n|turn|4\n|\n|t:|1738063499\n|move|p1a: Pelipper|Helping Hand|p1b: Ditto\n|-singleturn|p1b: Ditto|Helping Hand|[of] p1a: Pelipper\n|move|p2a: Gouging Fire|Flare Blitz|p1a: Pelipper\n|-damage|p1a: Pelipper|34\/100\n|-damage|p2a: Gouging Fire|83\/100|[from] Recoil\n|move|p1b: Ditto|Breaking Swipe|p2b: Groudon|[spread] p2a,p2b\n|-supereffective|p2a: Gouging Fire\n|-damage|p2a: Gouging Fire|22\/100\n|-damage|p2b: Groudon|72\/100\n|-unboost|p2b: Groudon|atk|1\n|move|p2b: Groudon|High Horsepower|p1b: Ditto\n|-supereffective|p1b: Ditto\n|-crit|p1b: Ditto\n|-enditem|p1b: Ditto|Focus Sash\n|-damage|p1b: Ditto|1\/100\n|\n|-weather|SunnyDay|[upkeep]\n|upkeep\n|turn|5\n|\n|t:|1738063523\n|move|p1a: Pelipper|Wide Guard|p1a: Pelipper\n|-singleturn|p1a: Pelipper|Wide Guard\n|move|p2a: Gouging Fire|Flare Blitz|p1b: Ditto\n|-resisted|p1b: Ditto\n|-damage|p1b: Ditto|0 fnt\n|faint|p1b: Ditto\n|-end|p1b: Ditto|Protosynthesis|[silent]\n|-damage|p2a: Gouging Fire|22\/100|[from] Recoil\n|move|p2b: Groudon|High Horsepower|p1a: Pelipper\n|-damage|p1a: Pelipper|1\/100\n|\n|-weather|SunnyDay|[upkeep]\n|-fieldend|move: Electric Terrain\n|upkeep\n|\n|t:|1738063552\n|switch|p1b: Miraidon|Miraidon, L50|91\/100\n|-fieldstart|move: Electric Terrain|[from] ability: Hadron Engine|[of] p1b: Miraidon\n|turn|6\n|\n|t:|1738063570\n|move|p1b: Miraidon|Protect|p1b: Miraidon\n|-singleturn|p1b: Miraidon|Protect\n|move|p2a: Gouging Fire|Breaking Swipe|p1a: Pelipper|[spread] p1a\n|-activate|p1b: Miraidon|move: Protect\n|-damage|p1a: Pelipper|0 fnt\n|faint|p1a: Pelipper\n|move|p2b: Groudon|Precipice Blades|p1b: Miraidon\n|-activate|p1b: Miraidon|move: Protect\n|\n|-weather|none\n|-end|p2a: Gouging Fire|Protosynthesis\n|upkeep\n|\n|t:|1738063582\n|switch|p1a: Volcarona|Volcarona, L50, F|100\/100\n|turn|7\n|\n|t:|1738063611\n|switch|p2b: Chien-Pao|Chien-Pao, L50|100\/100\n|-ability|p2b: Chien-Pao|Sword of Ruin\n|move|p1b: Miraidon|Electro Drift|p2b: Chien-Pao\n|-enditem|p2b: Chien-Pao|Focus Sash\n|-damage|p2b: Chien-Pao|1\/100\n|-damage|p1b: Miraidon|82\/100|[from] item: Life Orb\n|move|p2a: Gouging Fire|Flare Blitz|p1a: Volcarona\n|-damage|p1a: Volcarona|0 fnt\n|-damage|p2a: Gouging Fire|5\/100|[from] item: Rocky Helmet|[of] p1a: Volcarona\n|faint|p1a: Volcarona\n|-damage|p2a: Gouging Fire|0 fnt|[from] Recoil\n|faint|p2a: Gouging Fire\n|-end|p2a: Gouging Fire|Protosynthesis|[silent]\n|\n|upkeep\n|\n|t:|1738063623\n|switch|p2a: Groudon|Groudon, L50|72\/100\n|-weather|SunnyDay|[from] ability: Drought|[of] p2a: Groudon\n|turn|8\n|\n|t:|1738063636\n|-terastallize|p2b: Chien-Pao|Stellar\n|move|p2b: Chien-Pao|Icicle Crash|p1b: Miraidon\n|-supereffective|p1b: Miraidon\n|-damage|p1b: Miraidon|0 fnt\n|faint|p1b: Miraidon\n|\n|win|Lightoz\n|raw|Weakest blow's rating: 1561 &rarr; <strong>1542<\/strong><br \/>(-19 for losing)\n|raw|Lightoz's rating: 1586 &rarr; <strong>1605<\/strong><br \/>(+19 for winning)\n|l|\u2606Lightoz\n|player|p2|\n","uploadtime":1738063788,"views":9,"formatid":"gen9vgc2025regg","rating":1542,"private":0,"password":null}