{"id":"gen9vgc2025regg-2289753110","format":"[Gen 9] VGC 2025 Reg G","players":["TomNumbers","LowPass"],"log":"|j|\u2606TomNumbers\n|j|\u2606LowPass\n|t:|1738061589\n|gametype|doubles\n|player|p1|TomNumbers|gambler|1572\n|player|p2|LowPass|2|1505\n|teamsize|p1|6\n|teamsize|p2|6\n|gen|9\n|tier|[Gen 9] VGC 2025 Reg G\n|rated|\n|rule|Species Clause: Limit one of each Pok\u00e9mon\n|rule|Item Clause: Limit 1 of each item\n|clearpoke\n|poke|p1|Zamazenta-*, L50|\n|poke|p1|Roaring Moon, L50|\n|poke|p1|Landorus, L50, M|\n|poke|p1|Urshifu-*, L50, F|\n|poke|p1|Ogerpon-Cornerstone, L50, F|\n|poke|p1|Volcarona, L50, F|\n|poke|p2|Lugia, L50|\n|poke|p2|Sableye, L50, M|\n|poke|p2|Wo-Chien, L50|\n|poke|p2|Heatran, L50, F|\n|poke|p2|Landorus-Therian, L50, M|\n|poke|p2|Toxapex, L50, M|\n|teampreview|4\n|inactive|Battle timer is ON: inactive players will automatically lose when time's up. (requested by TomNumbers)\n|c|\u2606TomNumbers|YIKES\n|inactive|TomNumbers has 60 seconds left.\n|inactive|LowPass has 60 seconds left.\n|\n|t:|1738061635\n|start\n|switch|p1a: Urshifu|Urshifu-Rapid-Strike, L50, F|100\/100\n|switch|p1b: Ogerpon|Ogerpon-Cornerstone, L50, F|100\/100\n|switch|p2a: Landorus|Landorus-Therian, L50, M|100\/100\n|switch|p2b: Heatran|Heatran, L50, F|100\/100\n|-ability|p2a: Landorus|Intimidate|boost\n|-unboost|p1a: Urshifu|atk|1\n|-unboost|p1b: Ogerpon|atk|1\n|turn|1\n|\n|t:|1738061658\n|switch|p2b: Lugia|Lugia, L50|100\/100\n|-terastallize|p2a: Landorus|Water\n|move|p1b: Ogerpon|Spiky Shield|p1b: Ogerpon\n|-singleturn|p1b: Ogerpon|move: Protect\n|move|p1a: Urshifu|Surging Strikes|p2b: Lugia\n|-crit|p2b: Lugia\n|-damage|p2b: Lugia|94\/100\n|-crit|p2b: Lugia\n|-damage|p2b: Lugia|80\/100\n|-crit|p2b: Lugia\n|-damage|p2b: Lugia|65\/100\n|-hitcount|p2b: Lugia|3\n|move|p2a: Landorus|Earthquake|p1a: Urshifu|[spread] p1a\n|-activate|p1b: Ogerpon|move: Protect\n|-immune|p2b: Lugia\n|-damage|p1a: Urshifu|35\/100\n|\n|-heal|p2b: Lugia|71\/100|[from] item: Leftovers\n|upkeep\n|turn|2\n|l|\u2606TomNumbers\n|inactive|TomNumbers disconnected and has a minute to reconnect!\n|player|p1|\n|inactive|TomNumbers has 30 seconds left.\n|inactive|LowPass has 30 seconds left.\n|j|\u2606TomNumbers\n|inactive|TomNumbers reconnected and has 25 seconds left.\n|player|p1|TomNumbers|gambler|\n|inactive|TomNumbers has 20 seconds left.\n|inactive|LowPass has 20 seconds left.\n|inactive|TomNumbers has 15 seconds left.\n|inactive|LowPass has 15 seconds left.\n|\n|t:|1738061702\n|move|p1a: Urshifu|Detect|p1a: Urshifu\n|-singleturn|p1a: Urshifu|Protect\n|move|p1b: Ogerpon|Power Whip|p2a: Landorus|[miss]\n|-miss|p1b: Ogerpon|p2a: Landorus\n|move|p2b: Lugia|Aeroblast|p1b: Ogerpon\n|-damage|p1b: Ogerpon|59\/100\n|move|p2a: Landorus|Earthquake|p1b: Ogerpon|[spread] p1b\n|-activate|p1a: Urshifu|move: Protect\n|-immune|p2b: Lugia\n|-damage|p1b: Ogerpon|0 fnt\n|faint|p1b: Ogerpon\n|\n|-heal|p2b: Lugia|77\/100|[from] item: Leftovers\n|upkeep\n|l|\u2606TomNumbers\n|inactive|TomNumbers disconnected and has a minute to reconnect!\n|player|p1|\n|j|\u2606TomNumbers\n|inactive|TomNumbers reconnected and has 35 seconds left.\n|player|p1|TomNumbers|gambler|\n|inactive|TomNumbers has 30 seconds left.\n|\n|t:|1738061728\n|switch|p1b: Zamazenta|Zamazenta-Crowned, L50|100\/100\n|-ability|p1b: Zamazenta|Dauntless Shield|boost\n|-boost|p1b: Zamazenta|def|1\n|turn|3\n|\n|t:|1738061747\n|switch|p2a: Toxapex|Toxapex, L50, M|100\/100\n|-terastallize|p1a: Urshifu|Water\n|move|p1b: Zamazenta|Wide Guard|p1b: Zamazenta\n|-singleturn|p1b: Zamazenta|Wide Guard\n|move|p1a: Urshifu|Surging Strikes|p2b: Lugia\n|-crit|p2b: Lugia\n|-damage|p2b: Lugia|57\/100\n|-crit|p2b: Lugia\n|-damage|p2b: Lugia|36\/100\n|-crit|p2b: Lugia\n|-damage|p2b: Lugia|16\/100\n|-hitcount|p2b: Lugia|3\n|move|p2b: Lugia|Aeroblast|p1a: Urshifu\n|-damage|p1a: Urshifu|0 fnt\n|faint|p1a: Urshifu\n|\n|-heal|p2b: Lugia|23\/100|[from] item: Leftovers\n|upkeep\n|\n|t:|1738061755\n|switch|p1a: Landorus|Landorus, L50, M|100\/100\n|turn|4\n|\n|t:|1738061770\n|move|p1b: Zamazenta|Heavy Slam|p2b: Lugia\n|-damage|p2b: Lugia|4\/100\n|move|p1a: Landorus|Earth Power|p2a: Toxapex\n|-supereffective|p2a: Toxapex\n|-damage|p2a: Toxapex|0 fnt\n|faint|p2a: Toxapex\n|move|p2b: Lugia|Recover|p2b: Lugia\n|-heal|p2b: Lugia|54\/100\n|\n|-heal|p2b: Lugia|61\/100|[from] item: Leftovers\n|upkeep\n|\n|t:|1738061788\n|switch|p2a: Landorus|Landorus-Therian, L50, M, tera:Water|100\/100\n|-ability|p2a: Landorus|Intimidate|boost\n|-unboost|p1a: Landorus|atk|1\n|-unboost|p1b: Zamazenta|atk|1\n|turn|5\n|\n|t:|1738061805\n|move|p1b: Zamazenta|Protect|p1b: Zamazenta\n|-singleturn|p1b: Zamazenta|Protect\n|move|p1a: Landorus|Earth Power|p2a: Landorus\n|-damage|p2a: Landorus|18\/100\n|move|p2b: Lugia|Recover|p2b: Lugia\n|-heal|p2b: Lugia|100\/100\n|move|p2a: Landorus|Rock Slide|p1b: Zamazenta|[spread] p1a\n|-activate|p1b: Zamazenta|move: Protect\n|-damage|p1a: Landorus|68\/100\n|\n|upkeep\n|turn|6\n|\n|t:|1738061818\n|move|p1b: Zamazenta|Heavy Slam|p2b: Lugia\n|-damage|p2b: Lugia|94\/100\n|move|p1a: Landorus|Sludge Bomb|p2b: Lugia\n|-damage|p2b: Lugia|68\/100\n|move|p2b: Lugia|Calm Mind|p2b: Lugia\n|-boost|p2b: Lugia|spa|1\n|-boost|p2b: Lugia|spd|1\n|move|p2a: Landorus|Rock Slide|p1a: Landorus|[spread] p1a,p1b\n|-resisted|p1b: Zamazenta\n|-damage|p1a: Landorus|36\/100\n|-damage|p1b: Zamazenta|97\/100\n|\n|-heal|p2b: Lugia|74\/100|[from] item: Leftovers\n|upkeep\n|turn|7\n|\n|t:|1738061835\n|move|p1b: Zamazenta|Heavy Slam|p2b: Lugia\n|-damage|p2b: Lugia|62\/100\n|move|p1a: Landorus|Sludge Bomb|p2b: Lugia\n|-damage|p2b: Lugia|44\/100\n|move|p2b: Lugia|Recover|p2b: Lugia\n|-heal|p2b: Lugia|94\/100\n|move|p2a: Landorus|Rock Slide|p1b: Zamazenta|[spread] p1a,p1b\n|-resisted|p1b: Zamazenta\n|-damage|p1a: Landorus|5\/100\n|-damage|p1b: Zamazenta|94\/100\n|\n|-heal|p2b: Lugia|100\/100|[from] item: Leftovers\n|upkeep\n|turn|8\n|j| Emilia_poke\n|-message|TomNumbers forfeited.\n|\n|win|LowPass\n|raw|TomNumbers's rating: 1572 &rarr; <strong>1548<\/strong><br \/>(-24 for losing)\n|raw|LowPass's rating: 1505 &rarr; <strong>1529<\/strong><br \/>(+24 for winning)\n","uploadtime":1738061843,"views":14,"formatid":"gen9vgc2025regg","rating":1529,"private":0,"password":null}