{"id":"gen9vgc2025regg-2289155509","format":"[Gen 9] VGC 2025 Reg G","players":["MadMat48","crowz000"],"log":"|j|\u2606MadMat48\n|j|\u2606crowz000\n|t:|1737987224\n|gametype|doubles\n|player|p1|MadMat48|101|1612\n|player|p2|crowz000|265|1582\n|teamsize|p1|6\n|teamsize|p2|6\n|gen|9\n|tier|[Gen 9] VGC 2025 Reg G\n|rated|\n|rule|Species Clause: Limit one of each Pok\u00e9mon\n|rule|Item Clause: Limit 1 of each item\n|clearpoke\n|poke|p1|Groudon, L50|\n|poke|p1|Jumpluff, L50, M|\n|poke|p1|Raging Bolt, L50|\n|poke|p1|Chien-Pao, L50|\n|poke|p1|Entei, L50|\n|poke|p1|Flutter Mane, L50|\n|poke|p2|Terapagos, L50, M|\n|poke|p2|Clefairy, L50, F|\n|poke|p2|Incineroar, L50, M|\n|poke|p2|Rillaboom, L50, F|\n|poke|p2|Urshifu-*, L50, M|\n|poke|p2|Flutter Mane, L50|\n|teampreview|4\n|inactive|Battle timer is ON: inactive players will automatically lose when time's up. (requested by MadMat48)\n|inactive|crowz000 has 60 seconds left.\n|\n|t:|1737987280\n|start\n|switch|p1a: Groudon|Groudon, L50|100\/100\n|switch|p1b: Jumpluff|Jumpluff, L50, M|100\/100\n|switch|p2a: Terapagos|Terapagos, L50, M|100\/100\n|switch|p2b: Incineroar|Incineroar, L50, M|100\/100\n|-activate|p2a: Terapagos|ability: Tera Shift\n|detailschange|p2a: Terapagos|Terapagos-Terastal, L50, M\n|-heal|p2a: Terapagos|100\/100|[silent]\n|-weather|SunnyDay|[from] ability: Drought|[of] p1a: Groudon\n|-ability|p2b: Incineroar|Intimidate|boost\n|-unboost|p1a: Groudon|atk|1\n|-unboost|p1b: Jumpluff|atk|1\n|turn|1\n|inactive|crowz000 has 30 seconds left.\n|inactive|crowz000 has 20 seconds left.\n|\n|t:|1737987316\n|-terastallize|p1a: Groudon|Ghost\n|move|p2b: Incineroar|Fake Out|p1a: Groudon\n|-immune|p1a: Groudon\n|move|p1b: Jumpluff|Light Screen|p1b: Jumpluff\n|-sidestart|p1: MadMat48|move: Light Screen\n|move|p1a: Groudon|Precipice Blades|p2a: Terapagos|[spread] p2a,p2b\n|-activate|p2a: Terapagos|ability: Tera Shell\n|-resisted|p2a: Terapagos\n|-supereffective|p2b: Incineroar\n|-damage|p2a: Terapagos|79\/100\n|-damage|p2b: Incineroar|22\/100\n|move|p2a: Terapagos|Substitute|p2a: Terapagos\n|-start|p2a: Terapagos|Substitute\n|-damage|p2a: Terapagos|54\/100\n|\n|-weather|SunnyDay|[upkeep]\n|-heal|p2a: Terapagos|60\/100|[from] item: Leftovers\n|upkeep\n|turn|2\n|inactive|crowz000 has 30 seconds left.\n|inactive|crowz000 has 20 seconds left.\n|\n|t:|1737987353\n|switch|p1b: Flutter Mane|Flutter Mane, L50|100\/100\n|-activate|p1b: Flutter Mane|ability: Protosynthesis\n|-start|p1b: Flutter Mane|protosynthesisspe\n|switch|p2b: Clefairy|Clefairy, L50, F|100\/100\n|move|p2a: Terapagos|Protect|p2a: Terapagos\n|-singleturn|p2a: Terapagos|Protect\n|move|p1a: Groudon|Precipice Blades|p2a: Terapagos|[spread] p2b\n|-activate|p2a: Terapagos|move: Protect\n|-damage|p2b: Clefairy|60\/100\n|\n|-weather|SunnyDay|[upkeep]\n|-heal|p2a: Terapagos|66\/100|[from] item: Leftovers\n|upkeep\n|turn|3\n|j| SVbank\n|\n|t:|1737987372\n|switch|p1a: Jumpluff|Jumpluff, L50, M|100\/100\n|switch|p2b: Incineroar|Incineroar, L50, M|22\/100\n|-ability|p2b: Incineroar|Intimidate|boost\n|-unboost|p1a: Jumpluff|atk|1\n|-unboost|p1b: Flutter Mane|atk|1\n|move|p1b: Flutter Mane|Dazzling Gleam|p2a: Terapagos|[spread] p2a,p2b\n|-end|p2a: Terapagos|Substitute\n|-damage|p2b: Incineroar|0 fnt\n|faint|p2b: Incineroar\n|move|p2a: Terapagos|Calm Mind|p2a: Terapagos\n|-boost|p2a: Terapagos|spa|1\n|-boost|p2a: Terapagos|spd|1\n|\n|-weather|SunnyDay|[upkeep]\n|-heal|p2a: Terapagos|73\/100|[from] item: Leftovers\n|upkeep\n|\n|t:|1737987386\n|switch|p2b: Clefairy|Clefairy, L50, F|60\/100\n|turn|4\n|\n|t:|1737987408\n|-terastallize|p2a: Terapagos|Stellar\n|detailschange|p2a: Terapagos|Terapagos-Stellar, L50, M, tera:Stellar\n|-heal|p2a: Terapagos|80\/100|[silent]\n|-ability|p2a: Terapagos|Teraform Zero\n|-weather|none\n|-end|p1b: Flutter Mane|Protosynthesis\n|move|p2b: Clefairy|Protect|p2b: Clefairy\n|-singleturn|p2b: Clefairy|Protect\n|move|p1b: Flutter Mane|Dazzling Gleam|p2b: Clefairy|[spread] p2a\n|-activate|p2b: Clefairy|move: Protect\n|-damage|p2a: Terapagos|67\/100\n|move|p1a: Jumpluff|Sleep Powder|p2a: Terapagos\n|-status|p2a: Terapagos|slp|[from] move: Sleep Powder\n|cant|p2a: Terapagos|slp\n|\n|-heal|p2a: Terapagos|73\/100 slp|[from] item: Leftovers\n|upkeep\n|turn|5\n|inactive|crowz000 has 30 seconds left.\n|\n|t:|1737987436\n|switch|p1a: Groudon|Groudon, L50, tera:Ghost|100\/100\n|-weather|SunnyDay|[from] ability: Drought|[of] p1a: Groudon\n|-activate|p1b: Flutter Mane|ability: Protosynthesis\n|-start|p1b: Flutter Mane|protosynthesisspe\n|move|p1b: Flutter Mane|Dazzling Gleam|p2a: Terapagos|[spread] p2a,p2b\n|-damage|p2a: Terapagos|59\/100 slp\n|-damage|p2b: Clefairy|19\/100\n|cant|p2a: Terapagos|slp\n|move|p2b: Clefairy|Life Dew|p2b: Clefairy|[spread] p2a,p2b\n|-heal|p2a: Terapagos|85\/100 slp\n|-heal|p2b: Clefairy|43\/100\n|\n|-weather|SunnyDay|[upkeep]\n|-heal|p2a: Terapagos|91\/100 slp|[from] item: Leftovers\n|-sideend|p1: MadMat48|move: Light Screen\n|upkeep\n|turn|6\n|\n|t:|1737987458\n|-end|p1b: Flutter Mane|Protosynthesis|[silent]\n|switch|p1b: Raging Bolt|Raging Bolt, L50|100\/100\n|-activate|p1b: Raging Bolt|ability: Protosynthesis\n|-start|p1b: Raging Bolt|protosynthesisspa\n|move|p2b: Clefairy|Protect|p2b: Clefairy\n|-singleturn|p2b: Clefairy|Protect\n|move|p1a: Groudon|Precipice Blades|p2a: Terapagos|[spread] \n|-activate|p2b: Clefairy|move: Protect\n|-miss|p1a: Groudon|p2a: Terapagos\n|-curestatus|p2a: Terapagos|slp|[msg]\n|move|p2a: Terapagos|Tera Starstorm|p1a: Groudon|[spread] p1a,p1b\n|-supereffective|p1a: Groudon\n|-damage|p1a: Groudon|0 fnt\n|-damage|p1b: Raging Bolt|70\/100\n|faint|p1a: Groudon\n|\n|-weather|SunnyDay|[upkeep]\n|-heal|p2a: Terapagos|97\/100|[from] item: Leftovers\n|upkeep\n|\n|t:|1737987474\n|switch|p1a: Flutter Mane|Flutter Mane, L50|100\/100\n|-activate|p1a: Flutter Mane|ability: Protosynthesis\n|-start|p1a: Flutter Mane|protosynthesisspe\n|turn|7\n|inactive|crowz000 has 30 seconds left.\n|inactive|crowz000 has 20 seconds left.\n|\n|t:|1737987509\n|move|p2b: Clefairy|Protect||[still]\n|-fail|p2b: Clefairy\n|move|p1a: Flutter Mane|Moonblast|p2b: Clefairy\n|-damage|p2b: Clefairy|0 fnt\n|faint|p2b: Clefairy\n|move|p2a: Terapagos|Calm Mind|p2a: Terapagos\n|-boost|p2a: Terapagos|spa|1\n|-boost|p2a: Terapagos|spd|1\n|move|p1b: Raging Bolt|Snarl|p2a: Terapagos\n|-damage|p2a: Terapagos|88\/100\n|-unboost|p2a: Terapagos|spa|1\n|\n|-weather|SunnyDay|[upkeep]\n|-heal|p2a: Terapagos|94\/100|[from] item: Leftovers\n|upkeep\n|\n|t:|1737987523\n|switch|p2b: Urshifu|Urshifu-Rapid-Strike, L50, M|100\/100\n|turn|8\n|\n|t:|1737987533\n|move|p2b: Urshifu|Detect|p2b: Urshifu\n|-singleturn|p2b: Urshifu|Protect\n|move|p1a: Flutter Mane|Moonblast|p2b: Urshifu\n|-activate|p2b: Urshifu|move: Protect\n|move|p2a: Terapagos|Substitute|p2a: Terapagos\n|-start|p2a: Terapagos|Substitute\n|-damage|p2a: Terapagos|69\/100\n|move|p1b: Raging Bolt|Snarl|p2b: Urshifu|[spread] p2a\n|-activate|p2b: Urshifu|move: Protect\n|-damage|p2a: Terapagos|63\/100\n|-unboost|p2a: Terapagos|spa|1\n|\n|-weather|SunnyDay|[upkeep]\n|-heal|p2a: Terapagos|69\/100|[from] item: Leftovers\n|upkeep\n|turn|9\n|\n|t:|1737987553\n|move|p1a: Flutter Mane|Moonblast|p2b: Urshifu\n|-supereffective|p2b: Urshifu\n|-enditem|p2b: Urshifu|Focus Sash\n|-damage|p2b: Urshifu|1\/100\n|-unboost|p2b: Urshifu|spa|1\n|move|p2b: Urshifu|Close Combat|p1b: Raging Bolt\n|-damage|p1b: Raging Bolt|17\/100\n|-unboost|p2b: Urshifu|def|1\n|-unboost|p2b: Urshifu|spd|1\n|move|p2a: Terapagos|Calm Mind|p2a: Terapagos\n|-boost|p2a: Terapagos|spa|1\n|-boost|p2a: Terapagos|spd|1\n|move|p1b: Raging Bolt|Volt Switch|p2b: Urshifu\n|-supereffective|p2b: Urshifu\n|-crit|p2b: Urshifu\n|-damage|p2b: Urshifu|0 fnt\n|faint|p2b: Urshifu\n|\n|t:|1737987569\n|-end|p1b: Raging Bolt|Protosynthesis|[silent]\n|switch|p1b: Jumpluff|Jumpluff, L50, M|100\/100|[from] Volt Switch\n|\n|-weather|none\n|-end|p1a: Flutter Mane|Protosynthesis\n|-heal|p2a: Terapagos|76\/100|[from] item: Leftovers\n|upkeep\n|turn|10\n|\n|t:|1737987579\n|move|p2a: Terapagos|Protect|p2a: Terapagos\n|-singleturn|p2a: Terapagos|Protect\n|move|p1a: Flutter Mane|Moonblast|p2a: Terapagos\n|-activate|p2a: Terapagos|move: Protect\n|move|p1b: Jumpluff|Sleep Powder|p2a: Terapagos\n|-activate|p2a: Terapagos|move: Protect\n|\n|-heal|p2a: Terapagos|82\/100|[from] item: Leftovers\n|upkeep\n|turn|11\n|\n|t:|1737987601\n|move|p1a: Flutter Mane|Moonblast|p2a: Terapagos\n|-activate|p2a: Terapagos|move: Substitute|[damage]\n|move|p1b: Jumpluff|Light Screen|p1b: Jumpluff\n|-sidestart|p1: MadMat48|move: Light Screen\n|move|p2a: Terapagos|Tera Starstorm|p1b: Jumpluff|[spread] p1a,p1b\n|-crit|p1a: Flutter Mane\n|-crit|p1b: Jumpluff\n|-damage|p1a: Flutter Mane|13\/100\n|-damage|p1b: Jumpluff|5\/100\n|\n|-heal|p2a: Terapagos|88\/100|[from] item: Leftovers\n|upkeep\n|turn|12\n|\n|t:|1737987612\n|move|p2a: Terapagos|Protect|p2a: Terapagos\n|-singleturn|p2a: Terapagos|Protect\n|move|p1a: Flutter Mane|Moonblast|p2a: Terapagos\n|-activate|p2a: Terapagos|move: Protect\n|move|p1b: Jumpluff|Sleep Powder|p2a: Terapagos\n|-activate|p2a: Terapagos|move: Protect\n|\n|-heal|p2a: Terapagos|94\/100|[from] item: Leftovers\n|upkeep\n|turn|13\n|\n|t:|1737987623\n|move|p1a: Flutter Mane|Moonblast|p2a: Terapagos\n|-end|p2a: Terapagos|Substitute\n|move|p1b: Jumpluff|Sleep Powder|p2a: Terapagos\n|-status|p2a: Terapagos|slp|[from] move: Sleep Powder\n|cant|p2a: Terapagos|slp\n|\n|-heal|p2a: Terapagos|100\/100 slp|[from] item: Leftovers\n|upkeep\n|turn|14\n|\n|t:|1737987631\n|switch|p1b: Raging Bolt|Raging Bolt, L50|17\/100\n|move|p1a: Flutter Mane|Moonblast|p2a: Terapagos\n|-damage|p2a: Terapagos|82\/100 slp\n|cant|p2a: Terapagos|slp\n|\n|-heal|p2a: Terapagos|88\/100 slp|[from] item: Leftovers\n|upkeep\n|turn|15\n|\n|t:|1737987641\n|move|p1a: Flutter Mane|Moonblast|p2a: Terapagos\n|-damage|p2a: Terapagos|69\/100 slp\n|-unboost|p2a: Terapagos|spa|1\n|cant|p2a: Terapagos|slp\n|move|p1b: Raging Bolt|Snarl|p2a: Terapagos\n|-damage|p2a: Terapagos|64\/100 slp\n|-unboost|p2a: Terapagos|spa|1\n|\n|-heal|p2a: Terapagos|70\/100 slp|[from] item: Leftovers\n|-sideend|p1: MadMat48|move: Light Screen\n|upkeep\n|turn|16\n|\n|t:|1737987652\n|move|p1a: Flutter Mane|Moonblast|p2a: Terapagos\n|-damage|p2a: Terapagos|54\/100 slp\n|-curestatus|p2a: Terapagos|slp|[msg]\n|move|p2a: Terapagos|Tera Starstorm|p1b: Raging Bolt|[spread] p1a,p1b\n|-crit|p1a: Flutter Mane\n|-damage|p1a: Flutter Mane|0 fnt\n|-damage|p1b: Raging Bolt|2\/100\n|faint|p1a: Flutter Mane\n|-end|p1a: Flutter Mane|Protosynthesis|[silent]\n|move|p1b: Raging Bolt|Snarl|p2a: Terapagos\n|-damage|p2a: Terapagos|49\/100\n|-unboost|p2a: Terapagos|spa|1\n|\n|-heal|p2a: Terapagos|55\/100|[from] item: Leftovers\n|upkeep\n|\n|t:|1737987659\n|switch|p1a: Jumpluff|Jumpluff, L50, M|5\/100\n|turn|17\n|\n|t:|1737987667\n|move|p1a: Jumpluff|Sleep Powder|p2a: Terapagos\n|-status|p2a: Terapagos|slp|[from] move: Sleep Powder\n|cant|p2a: Terapagos|slp\n|move|p1b: Raging Bolt|Snarl|p2a: Terapagos\n|-damage|p2a: Terapagos|49\/100 slp\n|-unboost|p2a: Terapagos|spa|1\n|\n|-heal|p2a: Terapagos|56\/100 slp|[from] item: Leftovers\n|upkeep\n|turn|18\n|\n|t:|1737987677\n|move|p1a: Jumpluff|Tailwind|p1a: Jumpluff\n|-sidestart|p1: MadMat48|move: Tailwind\n|move|p1b: Raging Bolt|Volt Switch|p2a: Terapagos\n|-damage|p2a: Terapagos|45\/100 slp\n|cant|p2a: Terapagos|slp\n|\n|-heal|p2a: Terapagos|51\/100 slp|[from] item: Leftovers\n|upkeep\n|turn|19\n|\n|t:|1737987685\n|move|p1a: Jumpluff|Light Screen|p1a: Jumpluff\n|-sidestart|p1: MadMat48|move: Light Screen\n|move|p1b: Raging Bolt|Snarl|p2a: Terapagos\n|-damage|p2a: Terapagos|45\/100 slp\n|-unboost|p2a: Terapagos|spa|1\n|cant|p2a: Terapagos|slp\n|\n|-heal|p2a: Terapagos|51\/100 slp|[from] item: Leftovers\n|upkeep\n|turn|20\n|\n|t:|1737987699\n|move|p1a: Jumpluff|Sleep Powder|p2a: Terapagos|[miss]\n|-miss|p1a: Jumpluff|p2a: Terapagos\n|move|p1b: Raging Bolt|Draco Meteor|p2a: Terapagos|[miss]\n|-miss|p1b: Raging Bolt|p2a: Terapagos\n|-curestatus|p2a: Terapagos|slp|[msg]\n|move|p2a: Terapagos|Tera Starstorm|p1b: Raging Bolt|[spread] p1a,p1b\n|-damage|p1a: Jumpluff|0 fnt\n|-damage|p1b: Raging Bolt|0 fnt\n|faint|p1a: Jumpluff\n|faint|p1b: Raging Bolt\n|-end|p1b: Raging Bolt|Protosynthesis|[silent]\n|\n|win|crowz000\n|raw|MadMat48's rating: 1612 &rarr; <strong>1590<\/strong><br \/>(-22 for losing)\n|raw|crowz000's rating: 1582 &rarr; <strong>1604<\/strong><br \/>(+22 for winning)\n|l|\u2606MadMat48\n|player|p1|\n|l|\u2606crowz000\n|player|p2|\n|l| SVbank\n","uploadtime":1737987963,"views":4,"formatid":"gen9vgc2025regg","rating":1590,"private":0,"password":null}