{"id":"gen9vgc2025regg-2289050961","format":"[Gen 9] VGC 2025 Reg G","players":["wattovgc","onedaymob"],"log":"|j|\u2606wattovgc\n|j|\u2606onedaymob\n|t:|1737971352\n|gametype|doubles\n|player|p1|wattovgc|1|1596\n|player|p2|onedaymob|2|1550\n|teamsize|p1|6\n|teamsize|p2|6\n|gen|9\n|tier|[Gen 9] VGC 2025 Reg G\n|rated|\n|rule|Species Clause: Limit one of each Pok\u00e9mon\n|rule|Item Clause: Limit 1 of each item\n|clearpoke\n|poke|p1|Urshifu-*, L50, M|\n|poke|p1|Calyrex-Shadow, L50|\n|poke|p1|Smeargle, L50, M|\n|poke|p1|Tornadus, L50, M|\n|poke|p1|Chi-Yu, L50|\n|poke|p1|Clefairy, L50, F|\n|poke|p2|Groudon, L50|\n|poke|p2|Gouging Fire, L50|\n|poke|p2|Raging Bolt, L50|\n|poke|p2|Tornadus, L50, M|\n|poke|p2|Clefairy, L50, M|\n|poke|p2|Chien-Pao, L50|\n|teampreview|4\n|inactive|Battle timer is ON: inactive players will automatically lose when time's up. (requested by onedaymob)\n|inactive|wattovgc also wants the timer to be on.\n|j| Lewissquire\n|inactive|onedaymob has 60 seconds left.\n|\n|t:|1737971387\n|start\n|switch|p1a: Calyrex|Calyrex-Shadow, L50|100\/100\n|switch|p1b: Smeargle|Smeargle, L50, M|100\/100\n|switch|p2a: Tornadus|Tornadus, L50, M|100\/100\n|switch|p2b: Groudon|Groudon, L50|100\/100\n|-ability|p1a: Calyrex|As One\n|-ability|p1a: Calyrex|Unnerve\n|-weather|SunnyDay|[from] ability: Drought|[of] p2b: Groudon\n|turn|1\n|\n|t:|1737971408\n|move|p2a: Tornadus|Taunt|p1b: Smeargle\n|-start|p1b: Smeargle|move: Taunt\n|move|p1a: Calyrex|Nasty Plot|p1a: Calyrex\n|-boost|p1a: Calyrex|spa|2\n|cant|p1b: Smeargle|move: Taunt|Spore\n|move|p2b: Groudon|High Horsepower|p1a: Calyrex\n|-damage|p1a: Calyrex|50\/100\n|\n|-weather|SunnyDay|[upkeep]\n|-ability|p1b: Smeargle|Moody|boost\n|-boost|p1b: Smeargle|atk|2\n|-unboost|p1b: Smeargle|spd|1\n|upkeep\n|turn|2\n|inactive|onedaymob has 30 seconds left.\n|\n|t:|1737971440\n|switch|p1b: Tornadus|Tornadus, L50, M|100\/100\n|move|p1a: Calyrex|Protect|p1a: Calyrex\n|-singleturn|p1a: Calyrex|Protect\n|move|p2a: Tornadus|Tailwind|p2a: Tornadus\n|-sidestart|p2: onedaymob|move: Tailwind\n|move|p2b: Groudon|Precipice Blades|p1a: Calyrex|[spread] \n|-activate|p1a: Calyrex|move: Protect\n|-immune|p1b: Tornadus\n|\n|-weather|SunnyDay|[upkeep]\n|upkeep\n|turn|3\n|\n|t:|1737971459\n|-terastallize|p2b: Groudon|Fire\n|-terastallize|p1b: Tornadus|Dark\n|move|p2a: Tornadus|Taunt|p1b: Tornadus\n|-hint|Since gen 7, Dark is immune to Prankster moves.\n|-immune|p1b: Tornadus\n|move|p1b: Tornadus|Tailwind|p1b: Tornadus\n|-sidestart|p1: wattovgc|move: Tailwind\n|move|p1a: Calyrex|Astral Barrage|p2a: Tornadus|[spread] p2a,p2b\n|-crit|p2a: Tornadus\n|-damage|p2a: Tornadus|0 fnt\n|-damage|p2b: Groudon|45\/100\n|faint|p2a: Tornadus\n|-ability|p1a: Calyrex|Grim Neigh|boost\n|-boost|p1a: Calyrex|spa|1\n|move|p2b: Groudon|Heat Crash|p1a: Calyrex\n|-damage|p1a: Calyrex|0 fnt\n|faint|p1a: Calyrex\n|\n|-weather|SunnyDay|[upkeep]\n|upkeep\n|\n|t:|1737971481\n|switch|p1a: Chi-Yu|Chi-Yu, L50|100\/100\n|switch|p2a: Chien-Pao|Chien-Pao, L50|100\/100\n|-ability|p1a: Chi-Yu|Beads of Ruin\n|-ability|p2a: Chien-Pao|Sword of Ruin\n|turn|4\n|inactive|onedaymob has 30 seconds left.\n|inactive|wattovgc has 30 seconds left.\n|\n|t:|1737971515\n|move|p1a: Chi-Yu|Heat Wave|p2b: Groudon|[spread] p2a,p2b\n|-supereffective|p2a: Chien-Pao\n|-resisted|p2b: Groudon\n|-enditem|p2a: Chien-Pao|Focus Sash\n|-damage|p2a: Chien-Pao|1\/100\n|-damage|p2b: Groudon|19\/100\n|move|p2a: Chien-Pao|Icicle Crash|p1b: Tornadus\n|-damage|p1b: Tornadus|34\/100\n|move|p1b: Tornadus|Bleakwind Storm|p2a: Chien-Pao|[spread] p2a\n|-miss|p1b: Tornadus|p2b: Groudon\n|-damage|p2a: Chien-Pao|0 fnt\n|faint|p2a: Chien-Pao\n|move|p2b: Groudon|High Horsepower|p1a: Chi-Yu\n|-supereffective|p1a: Chi-Yu\n|-damage|p1a: Chi-Yu|0 fnt\n|faint|p1a: Chi-Yu\n|\n|-weather|SunnyDay|[upkeep]\n|upkeep\n|\n|t:|1737971534\n|switch|p2a: Raging Bolt|Raging Bolt, L50|100\/100\n|switch|p1a: Smeargle|Smeargle, L50, M|100\/100\n|-activate|p2a: Raging Bolt|ability: Protosynthesis\n|-start|p2a: Raging Bolt|protosynthesisspa\n|turn|5\n|\n|t:|1737971543\n|move|p1a: Smeargle|Fake Out|p2a: Raging Bolt\n|-damage|p2a: Raging Bolt|96\/100\n|cant|p2a: Raging Bolt|flinch\n|move|p1b: Tornadus|Bleakwind Storm|p2b: Groudon|[spread] p2b\n|-miss|p1b: Tornadus|p2a: Raging Bolt\n|-damage|p2b: Groudon|0 fnt\n|faint|p2b: Groudon\n|\n|-weather|none\n|-end|p2a: Raging Bolt|Protosynthesis\n|-sideend|p2: onedaymob|move: Tailwind\n|-ability|p1a: Smeargle|Moody|boost\n|-boost|p1a: Smeargle|def|2\n|-unboost|p1a: Smeargle|spd|1\n|upkeep\n|turn|6\n|\n|t:|1737971560\n|move|p1b: Tornadus|Rain Dance|p1b: Tornadus\n|-weather|RainDance\n|move|p2a: Raging Bolt|Thunderclap||[still]\n|-fail|p2a: Raging Bolt\n|move|p1a: Smeargle|Spore|p2a: Raging Bolt\n|-status|p2a: Raging Bolt|slp|[from] move: Spore\n|\n|-weather|RainDance|[upkeep]\n|-sideend|p1: wattovgc|move: Tailwind\n|-ability|p1a: Smeargle|Moody|boost\n|-boost|p1a: Smeargle|spd|2\n|-unboost|p1a: Smeargle|spe|1\n|upkeep\n|turn|7\n|\n|t:|1737971572\n|move|p1a: Smeargle|Follow Me|p1a: Smeargle\n|-singleturn|p1a: Smeargle|move: Follow Me\n|move|p1b: Tornadus|Bleakwind Storm|p2a: Raging Bolt\n|-resisted|p2a: Raging Bolt\n|-damage|p2a: Raging Bolt|72\/100 slp\n|cant|p2a: Raging Bolt|slp\n|\n|-weather|RainDance|[upkeep]\n|-ability|p1a: Smeargle|Moody|boost\n|-boost|p1a: Smeargle|def|2\n|-unboost|p1a: Smeargle|spd|1\n|upkeep\n|turn|8\n|\n|t:|1737971584\n|move|p1a: Smeargle|Follow Me|p1a: Smeargle\n|-singleturn|p1a: Smeargle|move: Follow Me\n|move|p1b: Tornadus|Bleakwind Storm|p2a: Raging Bolt\n|-resisted|p2a: Raging Bolt\n|-damage|p2a: Raging Bolt|49\/100 slp\n|cant|p2a: Raging Bolt|slp\n|\n|-weather|RainDance|[upkeep]\n|-ability|p1a: Smeargle|Moody|boost\n|-boost|p1a: Smeargle|spa|2\n|-unboost|p1a: Smeargle|atk|1\n|upkeep\n|turn|9\n|-message|onedaymob forfeited.\n|\n|win|wattovgc\n|raw|wattovgc's rating: 1596 &rarr; <strong>1613<\/strong><br \/>(+17 for winning)\n|raw|onedaymob's rating: 1550 &rarr; <strong>1533<\/strong><br \/>(-17 for losing)\n|l|\u2606onedaymob\n|player|p2|\n|l| Lewissquire\n","uploadtime":1737971862,"views":11,"formatid":"gen9vgc2025regg","rating":1533,"private":0,"password":null}