{"id":"gen9vgc2025regg-2289616995","format":"[Gen 9] VGC 2025 Reg G","players":["sibylla_system","Hoshinaaa"],"log":"|j|\u2606sibylla_system\n|j|\u2606Hoshinaaa\n|t:|1738037322\n|gametype|doubles\n|player|p1|sibylla_system|1|1737\n|player|p2|Hoshinaaa|rosa|1638\n|teamsize|p1|6\n|teamsize|p2|6\n|gen|9\n|tier|[Gen 9] VGC 2025 Reg G\n|rated|\n|rule|Species Clause: Limit one of each Pok\u00e9mon\n|rule|Item Clause: Limit 1 of each item\n|clearpoke\n|poke|p1|Calyrex-Ice, L50|\n|poke|p1|Raging Bolt, L50|\n|poke|p1|Landorus, L50, M|\n|poke|p1|Urshifu-*, L50, M|\n|poke|p1|Incineroar, L50, F|\n|poke|p1|Amoonguss, L50, F|\n|poke|p2|Groudon, L50|\n|poke|p2|Flutter Mane, L50|\n|poke|p2|Amoonguss, L50, F|\n|poke|p2|Incineroar, L50, M|\n|poke|p2|Indeedee, L50, M|\n|poke|p2|Raging Bolt, L50|\n|teampreview|4\n|inactive|Battle timer is ON: inactive players will automatically lose when time's up. (requested by Hoshinaaa)\n|j| Roman_Legend\n|\n|t:|1738037345\n|start\n|switch|p1a: Amoonguss|Amoonguss, L50, F|100\/100\n|switch|p1b: Landorus|Landorus, L50, M|100\/100\n|switch|p2a: Groudon|Groudon, L50|100\/100\n|switch|p2b: Incineroar|Incineroar, L50, M|100\/100\n|-weather|SunnyDay|[from] ability: Drought|[of] p2a: Groudon\n|-ability|p2b: Incineroar|Intimidate|boost\n|-unboost|p1a: Amoonguss|atk|1\n|-unboost|p1b: Landorus|atk|1\n|turn|1\n|inactive|sibylla_system has 30 seconds left.\n|inactive|Hoshinaaa has 30 seconds left.\n|inactive|sibylla_system has 20 seconds left.\n|inactive|sibylla_system has 15 seconds left.\n|\n|t:|1738037385\n|switch|p2b: Amoonguss|Amoonguss, L50, F|100\/100\n|-terastallize|p1a: Amoonguss|Dark\n|move|p1b: Landorus|Sandsear Storm|p2b: Amoonguss|[spread] p2a,p2b\n|-damage|p2a: Groudon|69\/100\n|-damage|p2b: Amoonguss|61\/100\n|move|p2a: Groudon|Heat Crash|p1a: Amoonguss\n|-damage|p1a: Amoonguss|25\/100\n|move|p1a: Amoonguss|Spore|p2a: Groudon\n|-status|p2a: Groudon|slp|[from] move: Spore\n|\n|-weather|SunnyDay|[upkeep]\n|upkeep\n|turn|2\n|\n|t:|1738037410\n|switch|p1a: Urshifu|Urshifu-Rapid-Strike, L50, M|100\/100\n|move|p1b: Landorus|Sandsear Storm|p2b: Amoonguss|[spread] p2a,p2b\n|-damage|p2a: Groudon|37\/100 slp\n|-damage|p2b: Amoonguss|22\/100\n|cant|p2a: Groudon|slp\n|move|p2b: Amoonguss|Spore|p1b: Landorus\n|-status|p1b: Landorus|slp|[from] move: Spore\n|\n|-weather|SunnyDay|[upkeep]\n|upkeep\n|turn|3\n|j| jdarcan\n|\n|t:|1738037435\n|switch|p2a: Raging Bolt|Raging Bolt, L50|100\/100\n|-activate|p2a: Raging Bolt|ability: Protosynthesis\n|-start|p2a: Raging Bolt|protosynthesisspa\n|cant|p1b: Landorus|slp\n|move|p1a: Urshifu|Taunt|p2b: Amoonguss\n|-start|p2b: Amoonguss|move: Taunt\n|cant|p2b: Amoonguss|move: Taunt|Spore\n|\n|-weather|SunnyDay|[upkeep]\n|upkeep\n|turn|4\n|\n|t:|1738037455\n|switch|p1a: Amoonguss|Amoonguss, L50, F, tera:Dark|58\/100\n|switch|p2b: Groudon|Groudon, L50|37\/100 slp\n|-terastallize|p2a: Raging Bolt|Grass\n|-curestatus|p1b: Landorus|slp|[msg]\n|move|p1b: Landorus|Sandsear Storm|p2b: Groudon|[spread] \n|-miss|p1b: Landorus|p2a: Raging Bolt\n|-miss|p1b: Landorus|p2b: Groudon\n|move|p2a: Raging Bolt|Weather Ball|p1b: Landorus\n|-damage|p1b: Landorus|0 fnt\n|faint|p1b: Landorus\n|-damage|p2a: Raging Bolt|91\/100|[from] item: Life Orb\n|\n|-weather|SunnyDay|[upkeep]\n|upkeep\n|\n|t:|1738037475\n|switch|p1b: Calyrex|Calyrex-Ice, L50|100\/100\n|-ability|p1b: Calyrex|As One\n|-ability|p1b: Calyrex|Unnerve\n|turn|5\n|\n|t:|1738037493\n|switch|p2b: Incineroar|Incineroar, L50, M|100\/100\n|-ability|p2b: Incineroar|Intimidate|boost\n|-unboost|p1a: Amoonguss|atk|1\n|-fail|p1b: Calyrex|unboost|[from] item: Clear Amulet|[of] p1b: Calyrex\n|move|p2a: Raging Bolt|Weather Ball|p1b: Calyrex\n|-supereffective|p1b: Calyrex\n|-damage|p1b: Calyrex|0 fnt\n|faint|p1b: Calyrex\n|-damage|p2a: Raging Bolt|81\/100|[from] item: Life Orb\n|move|p1a: Amoonguss|Pollen Puff|p1: Calyrex|[notarget]\n|-fail|p1a: Amoonguss\n|\n|-weather|none\n|-end|p2a: Raging Bolt|Protosynthesis\n|upkeep\n|-message|sibylla_system forfeited.\n|\n|win|Hoshinaaa\n|raw|sibylla_system's rating: 1737 &rarr; <strong>1711<\/strong><br \/>(-26 for losing)\n|raw|Hoshinaaa's rating: 1638 &rarr; <strong>1664<\/strong><br \/>(+26 for winning)\n|l|\u2606Hoshinaaa\n|player|p2|\n|l| Roman_Legend\n","uploadtime":1738037680,"views":17,"formatid":"gen9vgc2025regg","rating":1664,"private":0,"password":null}