{"id":"gen9vgc2025regg-2289363633","format":"[Gen 9] VGC 2025 Reg G","players":["MegalycanrocEX","bluestraggler01"],"log":"|j|\u2606MegalycanrocEX\n|j|\u2606bluestraggler01\n|t:|1738007643\n|gametype|doubles\n|player|p1|MegalycanrocEX|170|1513\n|player|p2|bluestraggler01|266|1584\n|teamsize|p1|6\n|teamsize|p2|6\n|gen|9\n|tier|[Gen 9] VGC 2025 Reg G\n|rated|\n|rule|Species Clause: Limit one of each Pok\u00e9mon\n|rule|Item Clause: Limit 1 of each item\n|clearpoke\n|poke|p1|Miraidon, L50|\n|poke|p1|Whimsicott, L50, F|\n|poke|p1|Urshifu-*, L50, M|\n|poke|p1|Farigiraf, L50, F|\n|poke|p1|Iron Hands, L50|\n|poke|p1|Entei, L50|\n|poke|p2|Koraidon, L50|\n|poke|p2|Flutter Mane, L50|\n|poke|p2|Iron Jugulis, L50|\n|poke|p2|Armarouge, L50, M|\n|poke|p2|Ogerpon-Cornerstone, L50, F|\n|poke|p2|Raging Bolt, L50|\n|teampreview|4\n|inactive|Battle timer is ON: inactive players will automatically lose when time's up. (requested by bluestraggler01)\nbluestraggler01 rejected open team sheets.\n|inactive|MegalycanrocEX has 60 seconds left.\n|\n|t:|1738007694\n|start\n|switch|p1a: Whimsicott|Whimsicott, L50, F|100\/100\n|switch|p1b: Miraidon|Miraidon, L50|100\/100\n|switch|p2a: Iron Jugulis|Iron Jugulis, L50|100\/100\n|switch|p2b: Koraidon|Koraidon, L50|100\/100\n|-fieldstart|move: Electric Terrain|[from] ability: Hadron Engine|[of] p1b: Miraidon\n|-activate|p2a: Iron Jugulis|ability: Quark Drive\n|-start|p2a: Iron Jugulis|quarkdrivespe\n|-weather|SunnyDay|[from] ability: Orichalcum Pulse|[of] p2b: Koraidon\n|-activate|p2b: Koraidon|Orichalcum Pulse|[source]\n|turn|1\n|inactive|MegalycanrocEX has 30 seconds left.\n|inactive|MegalycanrocEX has 20 seconds left.\n|inactive|MegalycanrocEX has 15 seconds left.\n|inactive|MegalycanrocEX has 10 seconds left.\n|inactive|MegalycanrocEX has 5 seconds left.\n|\n|t:|1738007745\n|-terastallize|p2b: Koraidon|Fire\n|move|p2a: Iron Jugulis|Protect|p2a: Iron Jugulis\n|-singleturn|p2a: Iron Jugulis|Protect\n|move|p1a: Whimsicott|Tailwind|p1a: Whimsicott\n|-sidestart|p1: MegalycanrocEX|move: Tailwind\n|move|p1b: Miraidon|Volt Switch|p2b: Koraidon\n|-damage|p2b: Koraidon|37\/100\n|\n|t:|1738007753\n|switch|p1b: Entei|Entei, L50|100\/100|[from] Volt Switch\n|move|p2b: Koraidon|Flame Charge|p1a: Whimsicott\n|-supereffective|p1a: Whimsicott\n|-damage|p1a: Whimsicott|0 fnt\n|-boost|p2b: Koraidon|spe|1\n|faint|p1a: Whimsicott\n|\n|-weather|SunnyDay|[upkeep]\n|upkeep\n|\n|t:|1738007762\n|switch|p1a: Miraidon|Miraidon, L50|100\/100\n|-activate|p1a: Miraidon|ability: Hadron Engine\n|turn|2\n|inactive|MegalycanrocEX has 30 seconds left.\n|\n|t:|1738007790\n|-end|p2a: Iron Jugulis|Quark Drive|[silent]\n|switch|p2a: Ogerpon|Ogerpon-Cornerstone, L50, F|100\/100\n|-terastallize|p1a: Miraidon|Fairy\n|move|p1a: Miraidon|Dazzling Gleam|p2a: Ogerpon|[spread] p2a,p2b\n|-resisted|p2b: Koraidon\n|-damage|p2a: Ogerpon|17\/100\n|-damage|p2b: Koraidon|17\/100\n|move|p1b: Entei|Sacred Fire|p2a: Ogerpon\n|-damage|p2a: Ogerpon|0 fnt\n|faint|p2a: Ogerpon\n|move|p2b: Koraidon|Drain Punch|p1b: Entei\n|-damage|p1b: Entei|46\/100\n|-heal|p2b: Koraidon|48\/100|[from] drain|[of] p1b: Entei\n|-enditem|p1b: Entei|Sitrus Berry|[eat]\n|-heal|p1b: Entei|71\/100|[from] item: Sitrus Berry\n|\n|-weather|SunnyDay|[upkeep]\n|upkeep\n|\n|t:|1738007811\n|switch|p2a: Flutter Mane|Flutter Mane, L50|100\/100\n|-activate|p2a: Flutter Mane|ability: Protosynthesis\n|-start|p2a: Flutter Mane|protosynthesisspe\n|turn|3\n|inactive|MegalycanrocEX has 30 seconds left.\n|inactive|bluestraggler01 has 30 seconds left.\n|\n|t:|1738007838\n|move|p1a: Miraidon|Dazzling Gleam|p2a: Flutter Mane|[spread] p2a,p2b\n|-resisted|p2b: Koraidon\n|-damage|p2a: Flutter Mane|31\/100\n|-damage|p2b: Koraidon|29\/100\n|move|p2a: Flutter Mane|Icy Wind|p1a: Miraidon|[spread] p1a,p1b\n|-resisted|p1b: Entei\n|-damage|p1a: Miraidon|88\/100\n|-damage|p1b: Entei|64\/100\n|-unboost|p1a: Miraidon|spe|1\n|-unboost|p1b: Entei|spe|1\n|move|p2b: Koraidon|Collision Course|p1b: Entei\n|-damage|p1b: Entei|0 fnt\n|faint|p1b: Entei\n|\n|-weather|SunnyDay|[upkeep]\n|upkeep\n|\n|t:|1738007851\n|switch|p1b: Urshifu|Urshifu-Rapid-Strike, L50, M|100\/100\n|turn|4\n|inactive|MegalycanrocEX has 30 seconds left.\n|j| mentalrofl\n|\n|t:|1738007882\n|switch|p2b: Iron Jugulis|Iron Jugulis, L50|100\/100\n|-activate|p2b: Iron Jugulis|ability: Quark Drive\n|-start|p2b: Iron Jugulis|quarkdrivespe\n|move|p1b: Urshifu|Aqua Jet|p2b: Iron Jugulis\n|-damage|p2b: Iron Jugulis|89\/100\n|move|p2a: Flutter Mane|Dazzling Gleam|p1b: Urshifu|[spread] p1a,p1b\n|-crit|p1a: Miraidon\n|-supereffective|p1b: Urshifu\n|-damage|p1a: Miraidon|46\/100\n|-damage|p1b: Urshifu|4\/100\n|move|p1a: Miraidon|Dazzling Gleam|p2a: Flutter Mane|[spread] p2a,p2b\n|-supereffective|p2b: Iron Jugulis\n|-damage|p2a: Flutter Mane|0 fnt\n|-damage|p2b: Iron Jugulis|0 fnt\n|faint|p2a: Flutter Mane\n|-end|p2a: Flutter Mane|Protosynthesis|[silent]\n|faint|p2b: Iron Jugulis\n|-end|p2b: Iron Jugulis|Quark Drive|[silent]\n|\n|-weather|SunnyDay|[upkeep]\n|-sideend|p1: MegalycanrocEX|move: Tailwind\n|upkeep\n|\n|t:|1738007896\n|switch|p2b: Koraidon|Koraidon, L50, tera:Fire|29\/100\n|-activate|p2b: Koraidon|ability: Orichalcum Pulse\n|turn|5\n|l| mentalrofl\n|\n|t:|1738007913\n|move|p1b: Urshifu|Protect|p1b: Urshifu\n|-singleturn|p1b: Urshifu|Protect\n|move|p2b: Koraidon|Flame Charge|p1a: Miraidon\n|-damage|p1a: Miraidon|0 fnt\n|-boost|p2b: Koraidon|spe|1\n|faint|p1a: Miraidon\n|\n|-weather|none\n|-fieldend|move: Electric Terrain\n|upkeep\n|turn|6\n|\n|t:|1738007924\n|move|p1b: Urshifu|Aqua Jet|p2b: Koraidon\n|-supereffective|p2b: Koraidon\n|-damage|p2b: Koraidon|0 fnt\n|faint|p2b: Koraidon\n|\n|win|MegalycanrocEX\n|raw|MegalycanrocEX's rating: 1513 &rarr; <strong>1537<\/strong><br \/>(+24 for winning)\n|raw|bluestraggler01's rating: 1584 &rarr; <strong>1560<\/strong><br \/>(-24 for losing)\n|l|\u2606bluestraggler01\n|player|p2|\n","uploadtime":1738007931,"views":32,"formatid":"gen9vgc2025regg","rating":1537,"private":0,"password":null}