{"id":"gen9vgc2025regg-2289701796","format":"[Gen 9] VGC 2025 Reg G","players":["Hang-jama","FelizJuevesVGC"],"log":"|j|\u2606Hang-jama\n|j|\u2606FelizJuevesVGC\n|t:|1738052597\n|gametype|doubles\n|player|p1|Hang-jama|266|1537\n|player|p2|FelizJuevesVGC|iris-gen5bw2|1631\n|teamsize|p1|6\n|teamsize|p2|6\n|gen|9\n|tier|[Gen 9] VGC 2025 Reg G\n|rated|\n|rule|Species Clause: Limit one of each Pok\u00e9mon\n|rule|Item Clause: Limit 1 of each item\n|clearpoke\n|poke|p1|Kyogre, L50|\n|poke|p1|Tornadus, L50, M|\n|poke|p1|Urshifu-*, L50, F|\n|poke|p1|Rillaboom, L50, F|\n|poke|p1|Iron Hands, L50|\n|poke|p1|Flutter Mane, L50|\n|poke|p2|Eternatus, L50|\n|poke|p2|Chi-Yu, L50|\n|poke|p2|Tornadus, L50, M|\n|poke|p2|Flutter Mane, L50|\n|poke|p2|Urshifu-*, L50, F|\n|poke|p2|Rillaboom, L50, M|\n|teampreview|4\n|inactive|Battle timer is ON: inactive players will automatically lose when time's up. (requested by FelizJuevesVGC)\n|j| SVbank\n|\n|t:|1738052629\n|start\n|switch|p1a: Tornadus|Tornadus, L50, M|100\/100\n|switch|p1b: Kyogre|Kyogre, L50|100\/100\n|switch|p2a: Benson|Eternatus, L50|100\/100\n|switch|p2b: Fives|Tornadus, L50, M|100\/100\n|-ability|p2a: Benson|Pressure\n|-weather|RainDance|[from] ability: Drizzle|[of] p1b: Kyogre\n|turn|1\n|\n|t:|1738052648\n|move|p1a: Tornadus|Tailwind|p1a: Tornadus\n|-sidestart|p1: Hang-jama|move: Tailwind\n|move|p2b: Fives|Sunny Day|p2b: Fives\n|-weather|SunnyDay\n|move|p1b: Kyogre|Origin Pulse|p2a: Benson|[spread] p2a,p2b\n|-resisted|p2a: Benson\n|-damage|p2a: Benson|85\/100\n|-damage|p2b: Fives|57\/100\n|move|p2a: Benson|Meteor Beam||[still]\n|-prepare|p2a: Benson|Meteor Beam\n|-boost|p2a: Benson|spa|1\n|-enditem|p2a: Benson|Power Herb\n|-anim|p2a: Benson|Meteor Beam|p1a: Tornadus|[miss]\n|-miss|p2a: Benson|p1a: Tornadus\n|\n|-weather|SunnyDay|[upkeep]\n|upkeep\n|turn|2\n|inactive|FelizJuevesVGC has 30 seconds left.\n|inactive|FelizJuevesVGC has 20 seconds left.\n|\n|t:|1738052684\n|move|p1a: Tornadus|Rain Dance|p1a: Tornadus\n|-weather|RainDance\n|move|p1b: Kyogre|Origin Pulse|p2b: Fives|[spread] p2a,p2b\n|-resisted|p2a: Benson\n|-damage|p2a: Benson|36\/100\n|-damage|p2b: Fives|0 fnt\n|faint|p2b: Fives\n|move|p2a: Benson|Sludge Bomb|p1a: Tornadus\n|-damage|p1a: Tornadus|23\/100\n|\n|-weather|RainDance|[upkeep]\n|upkeep\n|\n|t:|1738052690\n|switch|p2b: Muscle Man|Urshifu, L50, F|100\/100\n|turn|3\n|\n|t:|1738052705\n|-terastallize|p2b: Muscle Man|Dark\n|move|p1a: Tornadus|Bleakwind Storm|p2a: Benson|[spread] p2a,p2b\n|-damage|p2a: Benson|12\/100\n|-damage|p2b: Muscle Man|52\/100\n|-unboost|p2a: Benson|spe|1\n|-unboost|p2b: Muscle Man|spe|1\n|move|p1b: Kyogre|Origin Pulse|p2b: Muscle Man|[spread] \n|-miss|p1b: Kyogre|p2a: Benson\n|-miss|p1b: Kyogre|p2b: Muscle Man\n|move|p2a: Benson|Dynamax Cannon|p1b: Kyogre\n|-damage|p1b: Kyogre|44\/100\n|move|p2b: Muscle Man|Wicked Blow|p1b: Kyogre\n|-crit|p1b: Kyogre\n|-damage|p1b: Kyogre|0 fnt\n|faint|p1b: Kyogre\n|\n|-weather|RainDance|[upkeep]\n|upkeep\n|\n|t:|1738052729\n|switch|p1b: Flutter Mane|Flutter Mane, L50|100\/100\n|-enditem|p1b: Flutter Mane|Booster Energy\n|-activate|p1b: Flutter Mane|ability: Protosynthesis|[fromitem]\n|-start|p1b: Flutter Mane|protosynthesisspe\n|turn|4\n|inactive|FelizJuevesVGC has 30 seconds left.\n|\n|t:|1738052758\n|switch|p2a: Skips|Rillaboom, L50, M|100\/100\n|-fieldstart|move: Grassy Terrain|[from] ability: Grassy Surge|[of] p2a: Skips\n|-terastallize|p1b: Flutter Mane|Fairy\n|move|p2b: Muscle Man|Sucker Punch|p1a: Tornadus\n|-damage|p1a: Tornadus|0 fnt\n|faint|p1a: Tornadus\n|move|p1b: Flutter Mane|Icy Wind|p2a: Skips|[spread] p2a,p2b\n|-supereffective|p2a: Skips\n|-damage|p2a: Skips|83\/100\n|-damage|p2b: Muscle Man|32\/100\n|-unboost|p2a: Skips|spe|1\n|-unboost|p2b: Muscle Man|spe|1\n|\n|-weather|RainDance|[upkeep]\n|-heal|p2b: Muscle Man|38\/100|[from] Grassy Terrain\n|-heal|p2a: Skips|89\/100|[from] Grassy Terrain\n|-sideend|p1: Hang-jama|move: Tailwind\n|upkeep\n|\n|t:|1738052776\n|switch|p1a: Urshifu|Urshifu-Rapid-Strike, L50, F|100\/100\n|turn|5\n|inactive|FelizJuevesVGC has 30 seconds left.\n|\n|t:|1738052802\n|move|p1a: Urshifu|Detect|p1a: Urshifu\n|-singleturn|p1a: Urshifu|Protect\n|move|p2a: Skips|Fake Out|p1a: Urshifu\n|-activate|p1a: Urshifu|move: Protect\n|move|p2b: Muscle Man|Sucker Punch|p1b: Flutter Mane\n|-resisted|p1b: Flutter Mane\n|-damage|p1b: Flutter Mane|56\/100\n|move|p1b: Flutter Mane|Moonblast|p2b: Muscle Man\n|-supereffective|p2b: Muscle Man\n|-damage|p2b: Muscle Man|0 fnt\n|faint|p2b: Muscle Man\n|\n|-weather|RainDance|[upkeep]\n|-heal|p1b: Flutter Mane|62\/100|[from] Grassy Terrain\n|-heal|p2a: Skips|95\/100|[from] Grassy Terrain\n|upkeep\n|\n|t:|1738052807\n|switch|p2b: Benson|Eternatus, L50|12\/100\n|-ability|p2b: Benson|Pressure\n|turn|6\n|\n|t:|1738052826\n|move|p2a: Skips|Grassy Glide|p1b: Flutter Mane\n|-damage|p1b: Flutter Mane|2\/100\n|move|p1b: Flutter Mane|Moonblast|p2a: Skips\n|-damage|p2a: Skips|58\/100\n|-unboost|p2a: Skips|spa|1\n|move|p2b: Benson|Sludge Bomb|p1a: Urshifu\n|-damage|p1a: Urshifu|32\/100\n|move|p1a: Urshifu|Close Combat|p2a: Skips\n|-damage|p2a: Skips|1\/100\n|-unboost|p1a: Urshifu|def|1\n|-unboost|p1a: Urshifu|spd|1\n|\n|-weather|none\n|-heal|p1b: Flutter Mane|8\/100|[from] Grassy Terrain\n|-heal|p2b: Benson|18\/100|[from] Grassy Terrain\n|-heal|p1a: Urshifu|38\/100|[from] Grassy Terrain\n|-heal|p2a: Skips|7\/100|[from] Grassy Terrain\n|upkeep\n|turn|7\n|\n|t:|1738052849\n|move|p1a: Urshifu|Aqua Jet|p2a: Skips\n|-resisted|p2a: Skips\n|-damage|p2a: Skips|0 fnt\n|faint|p2a: Skips\n|move|p1b: Flutter Mane|Moonblast|p2b: Benson\n|-damage|p2b: Benson|0 fnt\n|faint|p2b: Benson\n|\n|win|Hang-jama\n|raw|Hang-jama's rating: 1537 &rarr; <strong>1562<\/strong><br \/>(+25 for winning)\n|raw|FelizJuevesVGC's rating: 1631 &rarr; <strong>1606<\/strong><br \/>(-25 for losing)\n|l|\u2606FelizJuevesVGC\n|player|p2|\n|l|\u2606Hang-jama\n|player|p1|\n","uploadtime":1738053025,"views":17,"formatid":"gen9vgc2025regg","rating":1562,"private":0,"password":null}