{"id":"gen9vgc2025regg-2289365753","format":"[Gen 9] VGC 2025 Reg G","players":["vbnmdfg76","chin8"],"log":"|j|\u2606vbnmdfg76\n|j|\u2606chin8\n|t:|1738007846\n|gametype|doubles\n|player|p1|vbnmdfg76|102|1560\n|player|p2|chin8|gentleman-gen4dp|1509\n|teamsize|p1|6\n|teamsize|p2|6\n|gen|9\n|tier|[Gen 9] VGC 2025 Reg G\n|rated|\n|rule|Species Clause: Limit one of each Pok\u00e9mon\n|rule|Item Clause: Limit 1 of each item\n|clearpoke\n|poke|p1|Calyrex-Ice, L50|\n|poke|p1|Landorus, L50, M|\n|poke|p1|Amoonguss, L50, F|\n|poke|p1|Urshifu-*, L50, M|\n|poke|p1|Roaring Moon, L50|\n|poke|p1|Ogerpon-Hearthflame, L50, F|\n|poke|p2|Calyrex-Shadow, L50|\n|poke|p2|Incineroar, L50, F|\n|poke|p2|Rillaboom, L50, F|\n|poke|p2|Gastrodon-East, L50, M|\n|poke|p2|Hitmonchan, L50, M|\n|poke|p2|Tropius, L50, M|\n|teampreview|4\n|inactive|Battle timer is ON: inactive players will automatically lose when time's up. (requested by chin8)\nvbnmdfg76 rejected open team sheets.\n|j| mentalrofl\n|inactive|vbnmdfg76 has 60 seconds left.\n|\n|t:|1738007923\n|start\n|switch|p1a: Urshifu|Urshifu-Rapid-Strike, L50, M|100\/100\n|switch|p1b: Roaring Moon|Roaring Moon, L50|100\/100\n|switch|p2a: Calyrex|Calyrex-Shadow, L50|100\/100\n|switch|p2b: Incineroar|Incineroar, L50, F|100\/100\n|-ability|p2a: Calyrex|As One\n|-ability|p2a: Calyrex|Unnerve\n|-ability|p2b: Incineroar|Intimidate|boost\n|-unboost|p1a: Urshifu|atk|1\n|-unboost|p1b: Roaring Moon|atk|1\n|-enditem|p1b: Roaring Moon|Booster Energy\n|-activate|p1b: Roaring Moon|ability: Protosynthesis|[fromitem]\n|-start|p1b: Roaring Moon|protosynthesisspe\n|turn|1\n|inactive|vbnmdfg76 has 30 seconds left.\n|inactive|chin8 has 30 seconds left.\n|inactive|vbnmdfg76 has 20 seconds left.\n|inactive|chin8 has 20 seconds left.\n|inactive|vbnmdfg76 has 15 seconds left.\n|inactive|vbnmdfg76 has 10 seconds left.\n|inactive|vbnmdfg76 has 5 seconds left.\n|\n|t:|1738007974\n|switch|p2b: Hitmonchan|Hitmonchan, L50, M|100\/100\n|-terastallize|p2a: Calyrex|Fairy\n|move|p1b: Roaring Moon|Protect|p1b: Roaring Moon\n|-singleturn|p1b: Roaring Moon|Protect\n|move|p1a: Urshifu|Detect|p1a: Urshifu\n|-singleturn|p1a: Urshifu|Protect\n|move|p2a: Calyrex|Calm Mind|p2a: Calyrex\n|-boost|p2a: Calyrex|spa|1\n|-boost|p2a: Calyrex|spd|1\n|\n|upkeep\n|turn|2\n|inactive|chin8 has 30 seconds left.\n|\n|t:|1738008006\n|move|p2b: Hitmonchan|Fake Out|p1b: Roaring Moon\n|-damage|p1b: Roaring Moon|88\/100\n|cant|p1b: Roaring Moon|flinch\n|move|p2a: Calyrex|Astral Barrage|p1b: Roaring Moon|[spread] p1a,p1b\n|-resisted|p1b: Roaring Moon\n|-damage|p1a: Urshifu|0 fnt\n|-damage|p1b: Roaring Moon|53\/100\n|faint|p1a: Urshifu\n|-ability|p2a: Calyrex|Grim Neigh|boost\n|-boost|p2a: Calyrex|spa|1\n|\n|upkeep\n|\n|t:|1738008030\n|switch|p1a: Ogerpon|Ogerpon-Hearthflame, L50, F|100\/100\n|-ability|p1a: Ogerpon|Mold Breaker\n|turn|3\n|\n|t:|1738008054\n|switch|p2b: Incineroar|Incineroar, L50, F|100\/100\n|-ability|p2b: Incineroar|Intimidate|boost\n|-unboost|p1a: Ogerpon|atk|1\n|-unboost|p1b: Roaring Moon|atk|1\n|-terastallize|p1a: Ogerpon|Fire\n|detailschange|p1a: Ogerpon|Ogerpon-Hearthflame-Tera, L50, F, tera:Fire\n|-ability|p1a: Ogerpon|Embody Aspect (Hearthflame)|boost\n|-boost|p1a: Ogerpon|atk|1\n|move|p2a: Calyrex|Protect|p2a: Calyrex\n|-singleturn|p2a: Calyrex|Protect\n|move|p1b: Roaring Moon|Tailwind|p1b: Roaring Moon\n|-sidestart|p1: vbnmdfg76|move: Tailwind\n|move|p1a: Ogerpon|Ivy Cudgel|p2a: Calyrex|[anim] Ivy Cudgel Fire\n|-activate|p2a: Calyrex|move: Protect\n|\n|upkeep\n|turn|4\n|\n|t:|1738008075\n|move|p1b: Roaring Moon|Protect|p1b: Roaring Moon\n|-singleturn|p1b: Roaring Moon|Protect\n|move|p1a: Ogerpon|Spiky Shield|p1a: Ogerpon\n|-singleturn|p1a: Ogerpon|move: Protect\n|move|p2b: Incineroar|Fake Out|p1a: Ogerpon\n|-activate|p1a: Ogerpon|move: Protect\n|-damage|p2b: Incineroar|88\/100|[from] Spiky Shield|[of] p1a: Ogerpon\n|move|p2a: Calyrex|Astral Barrage|p1b: Roaring Moon|[spread] \n|-activate|p1a: Ogerpon|move: Protect\n|-activate|p1b: Roaring Moon|move: Protect\n|\n|upkeep\n|turn|5\n|inactive|vbnmdfg76 has 30 seconds left.\n|\n|t:|1738008102\n|switch|p2b: Hitmonchan|Hitmonchan, L50, M|100\/100\n|move|p2a: Calyrex|Protect|p2a: Calyrex\n|-singleturn|p2a: Calyrex|Protect\n|move|p1b: Roaring Moon|Acrobatics|p2b: Hitmonchan\n|-supereffective|p2b: Hitmonchan\n|-damage|p2b: Hitmonchan|40\/100\n|move|p1a: Ogerpon|Ivy Cudgel|p2a: Calyrex|[anim] Ivy Cudgel Fire\n|-activate|p2a: Calyrex|move: Protect\n|\n|upkeep\n|turn|6\n|inactive|vbnmdfg76 has 30 seconds left.\n|\n|t:|1738008134\n|switch|p2b: Incineroar|Incineroar, L50, F|88\/100\n|-ability|p2b: Incineroar|Intimidate|boost\n|-unboost|p1a: Ogerpon|atk|1\n|-unboost|p1b: Roaring Moon|atk|1\n|move|p1b: Roaring Moon|Knock Off|p2b: Incineroar\n|-resisted|p2b: Incineroar\n|-damage|p2b: Incineroar|79\/100\n|-enditem|p2b: Incineroar|Aguav Berry|[from] move: Knock Off|[of] p1b: Roaring Moon\n|move|p1a: Ogerpon|Ivy Cudgel|p2a: Calyrex|[anim] Ivy Cudgel Fire\n|-damage|p2a: Calyrex|58\/100\n|move|p2a: Calyrex|Draining Kiss|p1b: Roaring Moon\n|-supereffective|p1b: Roaring Moon\n|-damage|p1b: Roaring Moon|0 fnt\n|-heal|p2a: Calyrex|99\/100|[from] drain|[of] p1b: Roaring Moon\n|faint|p1b: Roaring Moon\n|-end|p1b: Roaring Moon|Protosynthesis|[silent]\n|-ability|p2a: Calyrex|Grim Neigh|boost\n|-boost|p2a: Calyrex|spa|1\n|\n|-sideend|p1: vbnmdfg76|move: Tailwind\n|upkeep\n|c|\u2606vbnmdfg76|gg\n|-message|vbnmdfg76 forfeited.\n|\n|win|chin8\n|raw|vbnmdfg76's rating: 1560 &rarr; <strong>1537<\/strong><br \/>(-23 for losing)\n|raw|chin8's rating: 1509 &rarr; <strong>1532<\/strong><br \/>(+23 for winning)\n|l|\u2606vbnmdfg76\n|player|p1|\n|l|\u2606chin8\n|player|p2|\n|l| mentalrofl\n","uploadtime":1738008314,"views":11,"formatid":"gen9vgc2025regg","rating":1532,"private":0,"password":null}