{"id":"gen9vgc2025regg-2289728166","format":"[Gen 9] VGC 2025 Reg G","players":["koji muranishi","QuackwGluack"],"log":"|j|\u2606koji muranishi\n|j|\u2606QuackwGluack\n|t:|1738057345\n|gametype|doubles\n|player|p1|koji muranishi|102|1661\n|player|p2|QuackwGluack|ingo|1574\n|teamsize|p1|6\n|teamsize|p2|6\n|gen|9\n|tier|[Gen 9] VGC 2025 Reg G\n|rated|\n|rule|Species Clause: Limit one of each Pok\u00e9mon\n|rule|Item Clause: Limit 1 of each item\n|clearpoke\n|poke|p1|Whimsicott, L50, F|\n|poke|p1|Calyrex-Ice, L50|\n|poke|p1|Urshifu-*, L50, F|\n|poke|p1|Ogerpon-Cornerstone, L50, F|\n|poke|p1|Raging Bolt, L50|\n|poke|p1|Entei, L50|\n|poke|p2|Groudon, L50|\n|poke|p2|Chi-Yu, L50|\n|poke|p2|Flutter Mane, L50|\n|poke|p2|Raging Bolt, L50|\n|poke|p2|Whimsicott, L50, F|\n|poke|p2|Ogerpon-Hearthflame, L50, F|\n|teampreview|4\n|inactive|Battle timer is ON: inactive players will automatically lose when time's up. (requested by koji muranishi)\n|inactive|koji muranishi has 60 seconds left.\n|\n|t:|1738057385\n|start\n|switch|p1a: Whimsicott|Whimsicott, L50, F|100\/100\n|switch|p1b: Entei|Entei, L50|100\/100\n|switch|p2a: Whimsicott|Whimsicott, L50, F|100\/100\n|switch|p2b: Goondon|Groudon, L50|100\/100\n|-weather|SunnyDay|[from] ability: Drought|[of] p2b: Goondon\n|turn|1\n|inactive|koji muranishi has 30 seconds left.\n|\n|t:|1738057411\n|-terastallize|p1b: Entei|Grass\n|move|p2a: Whimsicott|Taunt|p1a: Whimsicott\n|-start|p1a: Whimsicott|move: Taunt\n|move|p2b: Goondon|Precipice Blades|p1a: Whimsicott|[spread] p1a,p1b\n|-resisted|p1a: Whimsicott\n|-resisted|p1b: Entei\n|-damage|p1a: Whimsicott|64\/100\n|-damage|p1b: Entei|72\/100\n|move|p1b: Entei|Sacred Fire|p2a: Whimsicott\n|-supereffective|p2a: Whimsicott\n|-damage|p2a: Whimsicott|0 fnt\n|faint|p2a: Whimsicott\n|cant|p1a: Whimsicott|move: Taunt|Trick Room\n|\n|-weather|SunnyDay|[upkeep]\n|upkeep\n|\n|t:|1738057424\n|switch|p2a: Ogerpon|Ogerpon-Hearthflame, L50, F|100\/100\n|-ability|p2a: Ogerpon|Mold Breaker\n|turn|2\n|\n|t:|1738057442\n|switch|p1a: Ogerpon|Ogerpon-Cornerstone, L50, F|100\/100\n|move|p2b: Goondon|Precipice Blades|p1b: Entei|[spread] p1a,p1b\n|-resisted|p1b: Entei\n|-damage|p1a: Ogerpon|36\/100\n|-damage|p1b: Entei|43\/100\n|move|p2a: Ogerpon|Ivy Cudgel|p1b: Entei|[anim] Ivy Cudgel Fire\n|-supereffective|p1b: Entei\n|-damage|p1b: Entei|0 fnt\n|faint|p1b: Entei\n|\n|-weather|SunnyDay|[upkeep]\n|upkeep\n|\n|t:|1738057454\n|switch|p1b: Whimsicott|Whimsicott, L50, F|64\/100\n|turn|3\n|\n|t:|1738057462\n|move|p1a: Ogerpon|Spiky Shield|p1a: Ogerpon\n|-singleturn|p1a: Ogerpon|move: Protect\n|move|p1b: Whimsicott|Tailwind|p1b: Whimsicott\n|-sidestart|p1: koji muranishi|move: Tailwind\n|move|p2b: Goondon|Precipice Blades|p1a: Ogerpon|[spread] p1b\n|-activate|p1a: Ogerpon|move: Protect\n|-resisted|p1b: Whimsicott\n|-damage|p1b: Whimsicott|28\/100\n|move|p2a: Ogerpon|Ivy Cudgel|p1b: Whimsicott|[anim] Ivy Cudgel Fire\n|-supereffective|p1b: Whimsicott\n|-damage|p1b: Whimsicott|0 fnt\n|faint|p1b: Whimsicott\n|\n|-weather|SunnyDay|[upkeep]\n|upkeep\n|\n|t:|1738057477\n|switch|p1b: Calyrex|Calyrex-Ice, L50|100\/100\n|-ability|p1b: Calyrex|As One\n|-ability|p1b: Calyrex|Unnerve\n|turn|4\n|\n|t:|1738057493\n|-terastallize|p2b: Goondon|Fire\n|move|p2a: Ogerpon|Spiky Shield|p2a: Ogerpon\n|-singleturn|p2a: Ogerpon|move: Protect\n|move|p1a: Ogerpon|Ivy Cudgel|p2a: Ogerpon|[anim] Ivy Cudgel Rock\n|-activate|p2a: Ogerpon|move: Protect\n|move|p2b: Goondon|Precipice Blades|p1a: Ogerpon|[spread] p1a,p1b\n|-damage|p1a: Ogerpon|0 fnt\n|-damage|p1b: Calyrex|63\/100\n|faint|p1a: Ogerpon\n|move|p1b: Calyrex|Glacial Lance|p2b: Goondon|[spread] p2b\n|-activate|p2a: Ogerpon|move: Protect\n|-resisted|p2b: Goondon\n|-damage|p2b: Goondon|68\/100\n|\n|-weather|SunnyDay|[upkeep]\n|upkeep\n|turn|5\n|\n|t:|1738057510\n|move|p2b: Goondon|Precipice Blades|p1b: Calyrex\n|-damage|p1b: Calyrex|10\/100\n|move|p1b: Calyrex|Glacial Lance|p2b: Goondon|[spread] p2a,p2b\n|-resisted|p2b: Goondon\n|-damage|p2a: Ogerpon|0 fnt\n|-damage|p2b: Goondon|36\/100\n|faint|p2a: Ogerpon\n|-ability|p1b: Calyrex|Chilling Neigh|boost\n|-boost|p1b: Calyrex|atk|1\n|\n|-weather|none\n|upkeep\n|inactive|QuackwGluack has 30 seconds left.\n|\n|t:|1738057544\n|switch|p2a: Raging Bolt|Raging Bolt, L50|100\/100\n|turn|6\n|\n|t:|1738057547\n|move|p2a: Raging Bolt|Thunderclap|p1b: Calyrex\n|-damage|p1b: Calyrex|0 fnt\n|faint|p1b: Calyrex\n|-damage|p2a: Raging Bolt|91\/100|[from] item: Life Orb\n|\n|win|QuackwGluack\n|raw|koji muranishi's rating: 1661 &rarr; <strong>1636<\/strong><br \/>(-25 for losing)\n|raw|QuackwGluack's rating: 1574 &rarr; <strong>1599<\/strong><br \/>(+25 for winning)\n|l|\u2606koji muranishi\n|player|p1|\n|l|\u2606QuackwGluack\n|player|p2|\n","uploadtime":1738057708,"views":18,"formatid":"gen9vgc2025regg","rating":1599,"private":0,"password":null}