{"id":"gen9vgc2025regg-2289351218","format":"[Gen 9] VGC 2025 Reg G","players":["dinglustan","bluestraggler01"],"log":"|j|\u2606dinglustan\n|j|\u2606bluestraggler01\n|t:|1738006483\n|gametype|doubles\n|player|p1|dinglustan|265|1531\n|player|p2|bluestraggler01|266|1611\n|teamsize|p1|6\n|teamsize|p2|6\n|gen|9\n|tier|[Gen 9] VGC 2025 Reg G\n|rated|\n|rule|Species Clause: Limit one of each Pok\u00e9mon\n|rule|Item Clause: Limit 1 of each item\n|clearpoke\n|poke|p1|Groudon, L50|\n|poke|p1|Rillaboom, L50, F|\n|poke|p1|Gouging Fire, L50|\n|poke|p1|Fezandipiti, L50, M|\n|poke|p1|Grimmsnarl, L50, M|\n|poke|p1|Spectrier, L50|\n|poke|p2|Koraidon, L50|\n|poke|p2|Flutter Mane, L50|\n|poke|p2|Iron Jugulis, L50|\n|poke|p2|Armarouge, L50, M|\n|poke|p2|Ogerpon-Cornerstone, L50, F|\n|poke|p2|Raging Bolt, L50|\n|teampreview|4\n|inactive|Battle timer is ON: inactive players will automatically lose when time's up. (requested by dinglustan)\n|\n|t:|1738006503\n|start\n|switch|p1a: Grimmsnarl|Grimmsnarl, L50, M|100\/100\n|switch|p1b: Spectrier|Spectrier, L50|100\/100\n|switch|p2a: Flutter Mane|Flutter Mane, L50|100\/100\n|switch|p2b: Koraidon|Koraidon, L50|100\/100\n|-weather|SunnyDay|[from] ability: Orichalcum Pulse|[of] p2b: Koraidon\n|-activate|p2a: Flutter Mane|ability: Protosynthesis\n|-start|p2a: Flutter Mane|protosynthesisspe\n|-activate|p2b: Koraidon|Orichalcum Pulse|[source]\n|turn|1\n|\n|t:|1738006524\n|-terastallize|p2b: Koraidon|Fire\n|move|p1a: Grimmsnarl|Light Screen|p1a: Grimmsnarl\n|-sidestart|p1: dinglustan|move: Light Screen\n|move|p2a: Flutter Mane|Dazzling Gleam|p1b: Spectrier|[spread] p1a,p1b\n|-supereffective|p1a: Grimmsnarl\n|-damage|p1a: Grimmsnarl|63\/100\n|-damage|p1b: Spectrier|80\/100\n|move|p1b: Spectrier|Snarl|p2a: Flutter Mane|[spread] p2a\n|-miss|p1b: Spectrier|p2b: Koraidon\n|-damage|p2a: Flutter Mane|85\/100\n|-unboost|p2a: Flutter Mane|spa|1\n|-enditem|p1b: Spectrier|Throat Spray\n|-boost|p1b: Spectrier|spa|1|[from] item: Throat Spray\n|move|p2b: Koraidon|Flame Charge|p1a: Grimmsnarl\n|-damage|p1a: Grimmsnarl|0 fnt\n|-boost|p2b: Koraidon|spe|1\n|faint|p1a: Grimmsnarl\n|\n|-weather|SunnyDay|[upkeep]\n|upkeep\n|\n|t:|1738006542\n|switch|p1a: Groudon|Groudon, L50|100\/100\n|turn|2\n|\n|t:|1738006552\n|move|p2a: Flutter Mane|Icy Wind|p1b: Spectrier|[spread] p1a,p1b\n|-supereffective|p1a: Groudon\n|-damage|p1a: Groudon|89\/100\n|-damage|p1b: Spectrier|74\/100\n|-unboost|p1b: Spectrier|spe|1\n|move|p2b: Koraidon|Flame Charge|p1b: Spectrier\n|-damage|p1b: Spectrier|2\/100\n|-boost|p2b: Koraidon|spe|1\n|move|p1b: Spectrier|Draining Kiss|p2a: Flutter Mane\n|-damage|p2a: Flutter Mane|61\/100\n|-heal|p1b: Spectrier|14\/100|[from] drain|[of] p2a: Flutter Mane\n|move|p1a: Groudon|Precipice Blades|p2b: Koraidon|[spread] p2a,p2b\n|-supereffective|p2b: Koraidon\n|-damage|p2a: Flutter Mane|0 fnt\n|-damage|p2b: Koraidon|21\/100\n|faint|p2a: Flutter Mane\n|-end|p2a: Flutter Mane|Protosynthesis|[silent]\n|\n|-weather|SunnyDay|[upkeep]\n|upkeep\n|\n|t:|1738006567\n|switch|p2a: Ogerpon|Ogerpon-Cornerstone, L50, F|100\/100\n|turn|3\n|\n|t:|1738006590\n|move|p1a: Groudon|Protect|p1a: Groudon\n|-singleturn|p1a: Groudon|Protect\n|move|p2b: Koraidon|Flare Blitz|p1a: Groudon\n|-activate|p1a: Groudon|move: Protect\n|move|p2a: Ogerpon|Ivy Cudgel|p1a: Groudon|[anim] Ivy Cudgel Rock\n|-activate|p1a: Groudon|move: Protect\n|move|p1b: Spectrier|Draining Kiss|p2a: Ogerpon\n|-damage|p2a: Ogerpon|74\/100\n|-heal|p1b: Spectrier|30\/100|[from] drain|[of] p2a: Ogerpon\n|\n|-weather|SunnyDay|[upkeep]\n|upkeep\n|turn|4\n|\n|t:|1738006605\n|move|p2b: Koraidon|Flare Blitz|p1a: Groudon\n|-damage|p1a: Groudon|1\/100\n|-damage|p2b: Koraidon|0 fnt|[from] Recoil\n|faint|p2b: Koraidon\n|move|p2a: Ogerpon|Ivy Cudgel|p1a: Groudon|[anim] Ivy Cudgel Rock\n|-resisted|p1a: Groudon\n|-crit|p1a: Groudon\n|-damage|p1a: Groudon|0 fnt\n|faint|p1a: Groudon\n|move|p1b: Spectrier|Will-O-Wisp|p2a: Ogerpon\n|-status|p2a: Ogerpon|brn\n|\n|-weather|SunnyDay|[upkeep]\n|-damage|p2a: Ogerpon|68\/100 brn|[from] brn\n|upkeep\n|\n|t:|1738006612\n|switch|p2b: Raging Bolt|Raging Bolt, L50|100\/100\n|switch|p1a: Gouging Fire|Gouging Fire, L50|100\/100\n|-activate|p1a: Gouging Fire|ability: Protosynthesis\n|-start|p1a: Gouging Fire|protosynthesisspe\n|-activate|p2b: Raging Bolt|ability: Protosynthesis\n|-start|p2b: Raging Bolt|protosynthesisspa\n|turn|5\n|\n|t:|1738006622\n|move|p2b: Raging Bolt|Thunderclap||[still]\n|-fail|p2b: Raging Bolt\n|move|p1a: Gouging Fire|Breaking Swipe|p2a: Ogerpon|[spread] p2a,p2b\n|-supereffective|p2b: Raging Bolt\n|-damage|p2a: Ogerpon|45\/100 brn\n|-damage|p2b: Raging Bolt|66\/100\n|-unboost|p2a: Ogerpon|atk|1\n|-unboost|p2b: Raging Bolt|atk|1\n|move|p2a: Ogerpon|Ivy Cudgel|p1a: Gouging Fire|[anim] Ivy Cudgel Rock\n|-supereffective|p1a: Gouging Fire\n|-damage|p1a: Gouging Fire|74\/100\n|move|p1b: Spectrier|Will-O-Wisp|p2b: Raging Bolt\n|-status|p2b: Raging Bolt|brn\n|\n|-weather|none\n|-end|p1a: Gouging Fire|Protosynthesis\n|-end|p2b: Raging Bolt|Protosynthesis\n|-damage|p2a: Ogerpon|39\/100 brn|[from] brn\n|-damage|p2b: Raging Bolt|60\/100 brn|[from] brn\n|upkeep\n|turn|6\n|\n|t:|1738006636\n|move|p2a: Ogerpon|Ivy Cudgel|p1b: Spectrier|[anim] Ivy Cudgel Rock\n|-damage|p1b: Spectrier|9\/100\n|move|p1a: Gouging Fire|Flame Charge|p2a: Ogerpon\n|-damage|p2a: Ogerpon|11\/100 brn\n|-boost|p1a: Gouging Fire|spe|1\n|move|p1b: Spectrier|Draining Kiss|p2b: Raging Bolt\n|-supereffective|p2b: Raging Bolt\n|-damage|p2b: Raging Bolt|18\/100 brn\n|-heal|p1b: Spectrier|41\/100|[from] drain|[of] p2b: Raging Bolt\n|move|p2b: Raging Bolt|Draco Meteor|p1a: Gouging Fire\n|-supereffective|p1a: Gouging Fire\n|-damage|p1a: Gouging Fire|0 fnt\n|-unboost|p2b: Raging Bolt|spa|2\n|faint|p1a: Gouging Fire\n|-end|p1a: Gouging Fire|Protosynthesis|[silent]\n|-damage|p2b: Raging Bolt|8\/100 brn|[from] item: Life Orb\n|\n|-damage|p2a: Ogerpon|6\/100 brn|[from] brn\n|-damage|p2b: Raging Bolt|2\/100 brn|[from] brn\n|upkeep\n|turn|7\n|j| mentalrofl\n|inactive|bluestraggler01 has 30 seconds left.\n|\n|t:|1738006661\n|-terastallize|p1b: Spectrier|Fairy\n|move|p2a: Ogerpon|Ivy Cudgel|p1b: Spectrier|[anim] Ivy Cudgel Rock\n|-damage|p1b: Spectrier|21\/100\n|move|p1b: Spectrier|Draining Kiss|p2b: Raging Bolt\n|-supereffective|p2b: Raging Bolt\n|-damage|p2b: Raging Bolt|0 fnt\n|-heal|p1b: Spectrier|22\/100|[from] drain|[of] p2b: Raging Bolt\n|faint|p2b: Raging Bolt\n|-end|p2b: Raging Bolt|Protosynthesis|[silent]\n|-ability|p1b: Spectrier|Grim Neigh|boost\n|-boost|p1b: Spectrier|spa|1\n|\n|-damage|p2a: Ogerpon|0 fnt|[from] brn\n|faint|p2a: Ogerpon\n|\n|win|dinglustan\n|upkeep\n|raw|dinglustan's rating: 1531 &rarr; <strong>1556<\/strong><br \/>(+25 for winning)\n|raw|bluestraggler01's rating: 1611 &rarr; <strong>1586<\/strong><br \/>(-25 for losing)\n|l|\u2606bluestraggler01\n|player|p2|\n|l|\u2606dinglustan\n|player|p1|\n|l| mentalrofl\n","uploadtime":1738006912,"views":5,"formatid":"gen9vgc2025regg","rating":1556,"private":0,"password":null}