{"id":"gen9vgc2025regg-2289423060","format":"[Gen 9] VGC 2025 Reg G","players":["kiwigal","Yung Trav"],"log":"|j|\u2606kiwigal\n|j|\u2606Yung Trav\n|t:|1738013464\n|gametype|doubles\n|player|p1|kiwigal|emma|1714\n|player|p2|Yung Trav|2|1597\n|teamsize|p1|6\n|teamsize|p2|6\n|gen|9\n|tier|[Gen 9] VGC 2025 Reg G\n|rated|\n|rule|Species Clause: Limit one of each Pok\u00e9mon\n|rule|Item Clause: Limit 1 of each item\n|clearpoke\n|poke|p1|Calyrex-Ice, L50|\n|poke|p1|Landorus, L50, M|\n|poke|p1|Amoonguss, L50, M|\n|poke|p1|Urshifu-*, L50, F|\n|poke|p1|Roaring Moon, L50|\n|poke|p1|Ogerpon-Hearthflame, L50, F|\n|poke|p2|Calyrex-Ice, L50|\n|poke|p2|Regidrago, L50|\n|poke|p2|Smeargle, L50, M|\n|poke|p2|Farigiraf, L50, M|\n|poke|p2|Urshifu-*, L50, M|\n|poke|p2|Ogerpon-Cornerstone, L50, F|\n|teampreview|4\n|\n|t:|1738013514\n|start\n|switch|p1a: SOOS|Amoonguss, L50, M|100\/100\n|switch|p1b: uno dos tres|Urshifu-Rapid-Strike, L50, F|100\/100\n|switch|p2a: Calyrex|Calyrex-Ice, L50|100\/100\n|switch|p2b: Smeargle|Smeargle, L50, M, shiny|100\/100\n|-ability|p2a: Calyrex|As One\n|-ability|p2a: Calyrex|Unnerve\n|turn|1\n|j| bluestraggler01\n|\n|t:|1738013537\n|-terastallize|p2b: Smeargle|Grass\n|move|p2b: Smeargle|Follow Me|p2b: Smeargle\n|-singleturn|p2b: Smeargle|move: Follow Me\n|move|p1b: uno dos tres|Surging Strikes|p2b: Smeargle\n|-resisted|p2b: Smeargle\n|-crit|p2b: Smeargle\n|-damage|p2b: Smeargle|84\/100\n|-resisted|p2b: Smeargle\n|-crit|p2b: Smeargle\n|-damage|p2b: Smeargle|66\/100\n|-resisted|p2b: Smeargle\n|-crit|p2b: Smeargle\n|-damage|p2b: Smeargle|49\/100\n|-hitcount|p2b: Smeargle|3\n|move|p2a: Calyrex|Glacial Lance|p1b: uno dos tres|[spread] p1a,p1b\n|-supereffective|p1a: SOOS\n|-resisted|p1b: uno dos tres\n|-damage|p1a: SOOS|4\/100\n|-damage|p1b: uno dos tres|73\/100\n|move|p1a: SOOS|Spore|p2b: Smeargle\n|-immune|p2b: Smeargle\n|\n|upkeep\n|turn|2\n|\n|t:|1738013557\n|switch|p1a: damn..|Calyrex-Ice, L50|100\/100\n|-ability|p1a: damn..|As One\n|-ability|p1a: damn..|Unnerve\n|move|p2b: Smeargle|Follow Me|p2b: Smeargle\n|-singleturn|p2b: Smeargle|move: Follow Me\n|move|p1b: uno dos tres|Taunt|p2b: Smeargle\n|-start|p2b: Smeargle|move: Taunt\n|move|p2a: Calyrex|Glacial Lance|p1b: uno dos tres|[spread] p1a,p1b\n|-resisted|p1a: damn..\n|-resisted|p1b: uno dos tres\n|-damage|p1a: damn..|82\/100\n|-damage|p1b: uno dos tres|47\/100\n|\n|upkeep\n|turn|3\n|\n|t:|1738013590\n|switch|p2b: Ogerpon|Ogerpon-Cornerstone, L50, F|100\/100\n|move|p1b: uno dos tres|Taunt|p2a: Calyrex\n|-start|p2a: Calyrex|move: Taunt\n|move|p1a: damn..|Glacial Lance|p2a: Calyrex|[spread] p2a,p2b\n|-resisted|p2a: Calyrex\n|-supereffective|p2b: Ogerpon\n|-damage|p2a: Calyrex|83\/100\n|-ability|p2b: Ogerpon|Sturdy\n|-damage|p2b: Ogerpon|1\/100\n|move|p2a: Calyrex|High Horsepower|p1b: uno dos tres\n|-damage|p1b: uno dos tres|11\/100\n|\n|upkeep\n|turn|4\n|\n|t:|1738013615\n|move|p1a: damn..|Protect|p1a: damn..\n|-singleturn|p1a: damn..|Protect\n|move|p2b: Ogerpon|Ivy Cudgel|p1a: damn..|[anim] Ivy Cudgel Rock\n|-activate|p1a: damn..|move: Protect\n|move|p1b: uno dos tres|Surging Strikes|p2b: Ogerpon\n|-crit|p2b: Ogerpon\n|-damage|p2b: Ogerpon|0 fnt\n|faint|p2b: Ogerpon\n|-hitcount|p2: Ogerpon|1\n|move|p2a: Calyrex|Glacial Lance|p1a: damn..|[spread] p1b\n|-activate|p1a: damn..|move: Protect\n|-resisted|p1b: uno dos tres\n|-damage|p1b: uno dos tres|0 fnt\n|faint|p1b: uno dos tres\n|-ability|p2a: Calyrex|Chilling Neigh|boost\n|-boost|p2a: Calyrex|atk|1\n|\n|upkeep\n|\n|t:|1738013633\n|switch|p2b: Smeargle|Smeargle, L50, M, shiny, tera:Grass|49\/100\n|switch|p1b: Wildmence|Roaring Moon, L50|100\/100\n|-enditem|p1b: Wildmence|Booster Energy\n|-activate|p1b: Wildmence|ability: Protosynthesis|[fromitem]\n|-start|p1b: Wildmence|protosynthesisspe\n|turn|5\n|\n|t:|1738013649\n|move|p2b: Smeargle|Fake Out|p1b: Wildmence\n|-damage|p1b: Wildmence|95\/100\n|cant|p1b: Wildmence|flinch\n|move|p1a: damn..|Glacial Lance|p2b: Smeargle|[spread] p2a,p2b\n|-resisted|p2a: Calyrex\n|-supereffective|p2b: Smeargle\n|-damage|p2a: Calyrex|64\/100\n|-damage|p2b: Smeargle|0 fnt\n|faint|p2b: Smeargle\n|-ability|p1a: damn..|Chilling Neigh|boost\n|-boost|p1a: damn..|atk|1\n|move|p2a: Calyrex|Glacial Lance|p1b: Wildmence|[spread] p1a,p1b\n|-resisted|p1a: damn..\n|-supereffective|p1b: Wildmence\n|-damage|p1a: damn..|56\/100\n|-damage|p1b: Wildmence|0 fnt\n|faint|p1b: Wildmence\n|-end|p1b: Wildmence|Protosynthesis|[silent]\n|-ability|p2a: Calyrex|Chilling Neigh|boost\n|-boost|p2a: Calyrex|atk|1\n|\n|-end|p2a: Calyrex|move: Taunt\n|upkeep\n|\n|t:|1738013669\n|switch|p1b: SOOS|Amoonguss, L50, M|37\/100\n|switch|p2b: Regidrago|Regidrago, L50, shiny|100\/100\n|turn|6\n|\n|t:|1738013681\n|move|p1a: damn..|Glacial Lance|p2b: Regidrago|[spread] p2a,p2b\n|-resisted|p2a: Calyrex\n|-supereffective|p2b: Regidrago\n|-damage|p2a: Calyrex|40\/100\n|-damage|p2b: Regidrago|0 fnt\n|faint|p2b: Regidrago\n|-ability|p1a: damn..|Chilling Neigh|boost\n|-boost|p1a: damn..|atk|1\n|move|p2a: Calyrex|Glacial Lance|p1b: SOOS|[spread] p1a,p1b\n|-resisted|p1a: damn..\n|-supereffective|p1b: SOOS\n|-damage|p1a: damn..|21\/100\n|-damage|p1b: SOOS|0 fnt\n|faint|p1b: SOOS\n|-ability|p2a: Calyrex|Chilling Neigh|boost\n|-boost|p2a: Calyrex|atk|1\n|\n|upkeep\n|turn|7\n|\n|t:|1738013695\n|move|p1a: damn..|High Horsepower|p2a: Calyrex\n|-damage|p2a: Calyrex|0 fnt\n|faint|p2a: Calyrex\n|\n|win|kiwigal\n|raw|kiwigal's rating: 1714 &rarr; <strong>1728<\/strong><br \/>(+14 for winning)\n|raw|Yung Trav's rating: 1597 &rarr; <strong>1583<\/strong><br \/>(-14 for losing)\n|l|\u2606kiwigal\n|player|p1|\n|l|\u2606Yung Trav\n|player|p2|\n","uploadtime":1738013832,"views":6,"formatid":"gen9vgc2025regg","rating":1583,"private":0,"password":null}