{"id":"gen9vgc2025regg-2289716078","format":"[Gen 9] VGC 2025 Reg G","players":["illuminakiwii","ZTMY ENCORE"],"log":"|j|\u2606illuminakiwii\n|j|\u2606ZTMY ENCORE\n|t:|1738055203\n|gametype|doubles\n|player|p1|illuminakiwii|acetrainerf-gen4dp|1636\n|player|p2|ZTMY ENCORE|265|1673\n|teamsize|p1|6\n|teamsize|p2|6\n|gen|9\n|tier|[Gen 9] VGC 2025 Reg G\n|rated|\n|rule|Species Clause: Limit one of each Pok\u00e9mon\n|rule|Item Clause: Limit 1 of each item\n|clearpoke\n|poke|p1|Zacian-*, L50|\n|poke|p1|Regidrago, L50|\n|poke|p1|Volcarona, L50, F|\n|poke|p1|Farigiraf, L50, F|\n|poke|p1|Tornadus, L50, M|\n|poke|p1|Urshifu-*, L50, F|\n|poke|p2|Terapagos, L50, M|\n|poke|p2|Smeargle, L50, M|\n|poke|p2|Tornadus, L50, M|\n|poke|p2|Ogerpon-Hearthflame, L50, F|\n|poke|p2|Zoroark-Hisui, L50, M|\n|poke|p2|Amoonguss, L50, M|\n|teampreview|4\n|inactive|Battle timer is ON: inactive players will automatically lose when time's up. (requested by illuminakiwii)\n|inactive|ZTMY ENCORE has 60 seconds left.\n|\n|t:|1738055235\n|start\n|switch|p1a: Dust|Zacian-Crowned, L50|100\/100\n|switch|p1b: Miku|Regidrago, L50, shiny|100\/100\n|switch|p2a: Terapagos|Terapagos, L50, M|100\/100\n|switch|p2b: Smeargle|Smeargle, L50, M|100\/100\n|-activate|p2a: Terapagos|ability: Tera Shift\n|detailschange|p2a: Terapagos|Terapagos-Terastal, L50, M\n|-heal|p2a: Terapagos|100\/100|[silent]\n|-ability|p1a: Dust|Intrepid Sword|boost\n|-boost|p1a: Dust|atk|1\n|turn|1\n|\n|t:|1738055251\n|move|p2b: Smeargle|Fake Out|p1a: Dust\n|-resisted|p1a: Dust\n|-damage|p1a: Dust|98\/100\n|cant|p1a: Dust|flinch\n|move|p1b: Miku|Dragon Energy|p2b: Smeargle|[spread] p2a,p2b\n|-activate|p2a: Terapagos|ability: Tera Shell\n|-resisted|p2a: Terapagos\n|-damage|p2a: Terapagos|51\/100\n|-enditem|p2b: Smeargle|Focus Sash\n|-damage|p2b: Smeargle|1\/100\n|-damage|p1b: Miku|91\/100|[from] item: Life Orb\n|move|p2a: Terapagos|Tera Starstorm|p1b: Miku\n|-damage|p1b: Miku|0 fnt\n|faint|p1b: Miku\n|\n|-ability|p2b: Smeargle|Moody|boost\n|-boost|p2b: Smeargle|atk|2\n|-unboost|p2b: Smeargle|spe|1\n|upkeep\n|\n|t:|1738055258\n|switch|p1b: PunchyPunch|Urshifu-Rapid-Strike, L50, F|100\/100\n|turn|2\n|\n|t:|1738055273\n|switch|p2a: Tornadus|Tornadus, L50, M|100\/100\n|move|p1b: PunchyPunch|U-turn|p2b: Smeargle\n|-damage|p2b: Smeargle|0 fnt\n|faint|p2b: Smeargle\n|\n|t:|1738055276\n|switch|p1b: Torn R Us|Tornadus, L50, M|100\/100|[from] U-turn\n|move|p1a: Dust|Behemoth Blade|p2a: Tornadus\n|-damage|p2a: Tornadus|3\/100\n|-damage|p1a: Dust|82\/100|[from] item: Rocky Helmet|[of] p2a: Tornadus\n|\n|upkeep\n|\n|t:|1738055286\n|switch|p2b: Ogerpon|Ogerpon-Hearthflame, L50, F|100\/100\n|-ability|p2b: Ogerpon|Mold Breaker\n|turn|3\n|\n|t:|1738055305\n|-terastallize|p1a: Dust|Ground\n|move|p2b: Ogerpon|Follow Me|p2b: Ogerpon\n|-singleturn|p2b: Ogerpon|move: Follow Me\n|move|p2a: Tornadus|Tailwind|p2a: Tornadus\n|-sidestart|p2: ZTMY ENCORE|move: Tailwind\n|move|p1b: Torn R Us|Tailwind|p1b: Torn R Us\n|-sidestart|p1: illuminakiwii|move: Tailwind\n|move|p1a: Dust|Tera Blast|p2b: Ogerpon|[anim] Tera Blast Ground\n|-crit|p2b: Ogerpon\n|-damage|p2b: Ogerpon|0 fnt\n|faint|p2b: Ogerpon\n|\n|upkeep\n|\n|t:|1738055315\n|switch|p2b: Terapagos|Terapagos-Terastal, L50, M|51\/100\n|turn|4\n|\n|t:|1738055326\n|-terastallize|p2b: Terapagos|Stellar\n|detailschange|p2b: Terapagos|Terapagos-Stellar, L50, M, tera:Stellar\n|-heal|p2b: Terapagos|65\/100|[silent]\n|move|p1a: Dust|Protect|p1a: Dust\n|-singleturn|p1a: Dust|Protect\n|move|p2a: Tornadus|Scary Face|p1a: Dust\n|-activate|p1a: Dust|move: Protect\n|move|p1b: Torn R Us|Bleakwind Storm|p2b: Terapagos|[spread] p2a,p2b\n|-damage|p2a: Tornadus|0 fnt\n|-damage|p2b: Terapagos|40\/100\n|faint|p2a: Tornadus\n|move|p2b: Terapagos|Tera Starstorm|p1a: Dust|[spread] p1b\n|-activate|p1a: Dust|move: Protect\n|-damage|p1b: Torn R Us|33\/100\n|\n|upkeep\n|turn|5\n|\n|t:|1738055340\n|move|p1b: Torn R Us|Rain Dance|p1b: Torn R Us\n|-weather|RainDance\n|move|p1a: Dust|Behemoth Blade|p2b: Terapagos\n|-damage|p2b: Terapagos|0 fnt\n|faint|p2b: Terapagos\n|\n|win|illuminakiwii\n|raw|illuminakiwii's rating: 1636 &rarr; <strong>1658<\/strong><br \/>(+22 for winning)\n|raw|ZTMY ENCORE's rating: 1673 &rarr; <strong>1651<\/strong><br \/>(-22 for losing)\n|l|\u2606ZTMY ENCORE\n|player|p2|\n","uploadtime":1738055347,"views":57,"formatid":"gen9vgc2025regg","rating":1651,"private":0,"password":null}