{"id":"gen9vgc2025regg-2289872211","format":"[Gen 9] VGC 2025 Reg G","players":["Muttonhead","pokefaqk"],"log":"|j|\u2606Muttonhead\n|j|\u2606pokefaqk\n|t:|1738077052\n|gametype|doubles\n|player|p1|Muttonhead|swimmerf|1630\n|player|p2|pokefaqk|265|1557\n|teamsize|p1|6\n|teamsize|p2|6\n|gen|9\n|tier|[Gen 9] VGC 2025 Reg G\n|rated|\n|rule|Species Clause: Limit one of each Pok\u00e9mon\n|rule|Item Clause: Limit 1 of each item\n|clearpoke\n|poke|p1|Terapagos, L50, M|\n|poke|p1|Farigiraf, L50, F|\n|poke|p1|Urshifu-*, L50, M|\n|poke|p1|Whimsicott, L50, F|\n|poke|p1|Landorus, L50, M|\n|poke|p1|Ogerpon-Hearthflame, L50, F|\n|poke|p2|Ho-Oh, L50|\n|poke|p2|Ting-Lu, L50|\n|poke|p2|Araquanid, L50, M|\n|poke|p2|Amoonguss, L50, F|\n|poke|p2|Regieleki, L50|\n|poke|p2|Urshifu-*, L50, M|\n|teampreview|4\n|inactive|Battle timer is ON: inactive players will automatically lose when time's up. (requested by pokefaqk)\n|inactive|Muttonhead also wants the timer to be on.\n|inactive|Muttonhead has 60 seconds left.\n|inactive|pokefaqk has 60 seconds left.\n|\n|t:|1738077103\n|start\n|switch|p1a: Landorus|Landorus, L50, M|100\/100\n|switch|p1b: Urshifu|Urshifu-Rapid-Strike, L50, M|100\/100\n|switch|p2a: Regieleki|Regieleki, L50|100\/100\n|switch|p2b: Urshifu|Urshifu, L50, M|100\/100\n|turn|1\n|\n|t:|1738077130\n|switch|p1b: Whimsicott|Whimsicott, L50, F|100\/100\n|-terastallize|p2a: Regieleki|Dragon\n|move|p2a: Regieleki|Electroweb|p1a: Landorus|[spread] p1b\n|-immune|p1a: Landorus\n|-resisted|p1b: Whimsicott\n|-damage|p1b: Whimsicott|90\/100\n|move|p1a: Landorus|Sandsear Storm|p2a: Regieleki|[spread] p2b\n|-miss|p1a: Landorus|p2a: Regieleki\n|-damage|p2b: Urshifu|12\/100\n|move|p2b: Urshifu|Wicked Blow|p1a: Landorus\n|-crit|p1a: Landorus\n|-damage|p1a: Landorus|26\/100\n|\n|upkeep\n|turn|2\n|inactive|pokefaqk has 30 seconds left.\n|inactive|pokefaqk has 20 seconds left.\n|inactive|Muttonhead has 30 seconds left.\n|\n|t:|1738077170\n|switch|p2a: Araquanid|Araquanid, L50, M|100\/100\n|switch|p2b: Ho-Oh|Ho-Oh, L50|100\/100\n|move|p1a: Landorus|Protect|p1a: Landorus\n|-singleturn|p1a: Landorus|Protect\n|move|p1b: Whimsicott|Moonblast|p2b: Ho-Oh\n|-resisted|p2b: Ho-Oh\n|-damage|p2b: Ho-Oh|93\/100\n|\n|-heal|p2b: Ho-Oh|99\/100|[from] item: Leftovers\n|upkeep\n|turn|3\n|\n|t:|1738077200\n|switch|p1a: Urshifu|Urshifu-Rapid-Strike, L50, M|100\/100\n|move|p2a: Araquanid|Protect|p2a: Araquanid\n|-singleturn|p2a: Araquanid|Protect\n|move|p1b: Whimsicott|Tailwind|p1b: Whimsicott\n|-sidestart|p1: Muttonhead|move: Tailwind\n|move|p2b: Ho-Oh|Sacred Fire|p1a: Urshifu\n|-resisted|p1a: Urshifu\n|-damage|p1a: Urshifu|80\/100\n|\n|-heal|p2b: Ho-Oh|100\/100|[from] item: Leftovers\n|upkeep\n|turn|4\n|\n|t:|1738077218\n|switch|p2b: Urshifu|Urshifu, L50, M|12\/100\n|move|p1b: Whimsicott|Encore|p2a: Araquanid\n|-start|p2a: Araquanid|Encore\n|move|p1a: Urshifu|Surging Strikes|p2b: Urshifu\n|-crit|p2b: Urshifu\n|-damage|p2b: Urshifu|0 fnt\n|faint|p2b: Urshifu\n|-hitcount|p2: Urshifu|1\n|move|p2a: Araquanid|Protect||[still]\n|-fail|p2a: Araquanid\n|\n|upkeep\n|\n|t:|1738077221\n|switch|p2b: Regieleki|Regieleki, L50, tera:Dragon|100\/100\n|turn|5\n|\n|t:|1738077231\n|switch|p2a: Ho-Oh|Ho-Oh, L50|100\/100\n|move|p1b: Whimsicott|Moonblast|p2b: Regieleki\n|-supereffective|p2b: Regieleki\n|-damage|p2b: Regieleki|29\/100\n|move|p1a: Urshifu|Surging Strikes|p2b: Regieleki\n|-resisted|p2b: Regieleki\n|-crit|p2b: Regieleki\n|-damage|p2b: Regieleki|14\/100\n|-resisted|p2b: Regieleki\n|-crit|p2b: Regieleki\n|-damage|p2b: Regieleki|2\/100\n|-resisted|p2b: Regieleki\n|-crit|p2b: Regieleki\n|-damage|p2b: Regieleki|0 fnt\n|faint|p2b: Regieleki\n|-hitcount|p2: Regieleki|3\n|\n|upkeep\n|-message|pokefaqk forfeited.\n|\n|win|Muttonhead\n|raw|Muttonhead's rating: 1630 &rarr; <strong>1646<\/strong><br \/>(+16 for winning)\n|raw|pokefaqk's rating: 1557 &rarr; <strong>1541<\/strong><br \/>(-16 for losing)\n|l|\u2606pokefaqk\n|player|p2|\n|l|\u2606Muttonhead\n|player|p1|\n","uploadtime":1738077467,"views":10,"formatid":"gen9vgc2025regg","rating":1541,"private":0,"password":null}