{"id":"gen9vgc2025regg-2289281409","format":"[Gen 9] VGC 2025 Reg G","players":["GeorgeBraun","Yung Trav"],"log":"|j|\u2606GeorgeBraun\n|j|\u2606Yung Trav\n|t:|1737999983\n|gametype|doubles\n|player|p1|GeorgeBraun|gentleman-gen4|1525\n|player|p2|Yung Trav|265|1628\n|teamsize|p1|6\n|teamsize|p2|6\n|gen|9\n|tier|[Gen 9] VGC 2025 Reg G\n|rated|\n|rule|Species Clause: Limit one of each Pok\u00e9mon\n|rule|Item Clause: Limit 1 of each item\n|clearpoke\n|poke|p1|Kyogre, L50|\n|poke|p1|Tsareena, L50, F|\n|poke|p1|Entei, L50|\n|poke|p1|Hitmontop, L50, M|\n|poke|p1|Tornadus, L50, M|\n|poke|p1|Iron Bundle, L50|\n|poke|p2|Calyrex-Ice, L50|\n|poke|p2|Regidrago, L50|\n|poke|p2|Smeargle, L50, M|\n|poke|p2|Farigiraf, L50, M|\n|poke|p2|Urshifu-*, L50, M|\n|poke|p2|Ogerpon-Cornerstone, L50, F|\n|teampreview|4\n|inactive|Battle timer is ON: inactive players will automatically lose when time's up. (requested by GeorgeBraun)\n|\n|t:|1738000004\n|start\n|switch|p1a: Iron Bundle|Iron Bundle, L50|100\/100\n|switch|p1b: Tsareena|Tsareena, L50, F|100\/100\n|switch|p2a: Calyrex|Calyrex-Ice, L50|100\/100\n|switch|p2b: Urshifu|Urshifu, L50, M|100\/100\n|-ability|p2a: Calyrex|As One\n|-ability|p2a: Calyrex|Unnerve\n|-enditem|p1a: Iron Bundle|Booster Energy\n|-activate|p1a: Iron Bundle|ability: Quark Drive|[fromitem]\n|-start|p1a: Iron Bundle|quarkdrivespe\n|turn|1\n|\n|t:|1738000028\n|move|p1a: Iron Bundle|Taunt|p2a: Calyrex\n|-start|p2a: Calyrex|move: Taunt\n|move|p2b: Urshifu|Coaching|p2a: Calyrex\n|-boost|p2a: Calyrex|atk|1\n|-boost|p2a: Calyrex|def|1\n|move|p1b: Tsareena|Power Whip|p2b: Urshifu\n|-damage|p2b: Urshifu|29\/100\n|move|p2a: Calyrex|Glacial Lance|p1b: Tsareena|[spread] p1a,p1b\n|-resisted|p1a: Iron Bundle\n|-supereffective|p1b: Tsareena\n|-damage|p1a: Iron Bundle|72\/100\n|-damage|p1b: Tsareena|0 fnt\n|faint|p1b: Tsareena\n|-ability|p2a: Calyrex|Chilling Neigh|boost\n|-boost|p2a: Calyrex|atk|1\n|\n|upkeep\n|\n|t:|1738000039\n|switch|p1b: Kyogre|Kyogre, L50|100\/100\n|-weather|RainDance|[from] ability: Drizzle|[of] p1b: Kyogre\n|turn|2\n|inactive|Yung Trav has 30 seconds left.\n|\n|t:|1738000070\n|-terastallize|p1b: Kyogre|Water\n|-terastallize|p2a: Calyrex|Water\n|move|p1a: Iron Bundle|Freeze-Dry|p2b: Urshifu\n|-damage|p2b: Urshifu|0 fnt\n|faint|p2b: Urshifu\n|move|p1b: Kyogre|Water Spout|p2a: Calyrex\n|-resisted|p2a: Calyrex\n|-damage|p2a: Calyrex|26\/100\n|move|p2a: Calyrex|High Horsepower|p1b: Kyogre\n|-damage|p1b: Kyogre|10\/100\n|\n|-weather|RainDance|[upkeep]\n|upkeep\n|\n|t:|1738000089\n|switch|p2b: Smeargle|Smeargle, L50, M, shiny|100\/100\n|turn|3\n|\n|t:|1738000106\n|move|p2b: Smeargle|Fake Out|p1a: Iron Bundle\n|-damage|p1a: Iron Bundle|65\/100\n|cant|p1a: Iron Bundle|flinch\n|move|p1b: Kyogre|Origin Pulse|p2b: Smeargle|[spread] p2a,p2b\n|-resisted|p2a: Calyrex\n|-damage|p2a: Calyrex|0 fnt\n|-enditem|p2b: Smeargle|Focus Sash\n|-damage|p2b: Smeargle|1\/100\n|faint|p2a: Calyrex\n|\n|-weather|RainDance|[upkeep]\n|upkeep\n|\n|t:|1738000119\n|switch|p2a: Regidrago|Regidrago, L50, shiny|100\/100\n|turn|4\n|\n|t:|1738000128\n|move|p1b: Kyogre|Protect|p1b: Kyogre\n|-singleturn|p1b: Kyogre|Protect\n|move|p2a: Regidrago|Protect|p2a: Regidrago\n|-singleturn|p2a: Regidrago|Protect\n|move|p1a: Iron Bundle|Icy Wind|p2a: Regidrago|[spread] p2b\n|-activate|p2a: Regidrago|move: Protect\n|-damage|p2b: Smeargle|0 fnt\n|faint|p2b: Smeargle\n|\n|-weather|RainDance|[upkeep]\n|upkeep\n|turn|5\n|\n|t:|1738000141\n|move|p1a: Iron Bundle|Freeze-Dry|p2a: Regidrago\n|-supereffective|p2a: Regidrago\n|-damage|p2a: Regidrago|28\/100\n|move|p1b: Kyogre|Ice Beam|p2a: Regidrago\n|-supereffective|p2a: Regidrago\n|-damage|p2a: Regidrago|0 fnt\n|faint|p2a: Regidrago\n|\n|win|GeorgeBraun\n|raw|GeorgeBraun's rating: 1525 &rarr; <strong>1551<\/strong><br \/>(+26 for winning)\n|raw|Yung Trav's rating: 1628 &rarr; <strong>1602<\/strong><br \/>(-26 for losing)\n|l|\u2606GeorgeBraun\n|player|p1|\n|l|\u2606Yung Trav\n|player|p2|\n","uploadtime":1738000308,"views":13,"formatid":"gen9vgc2025regg","rating":1551,"private":0,"password":null}