{"id":"gen9vgc2025regg-2289257911","format":"[Gen 9] VGC 2025 Reg G","players":["Zakmancho","LeCehlou"],"log":"|j|\u2606Zakmancho\n|j|\u2606LeCehlou\n|t:|1737997735\n|gametype|doubles\n|player|p1|Zakmancho|1|1570\n|player|p2|LeCehlou|rocker-gen3|1572\n|teamsize|p1|6\n|teamsize|p2|6\n|gen|9\n|tier|[Gen 9] VGC 2025 Reg G\n|rated|\n|rule|Species Clause: Limit one of each Pok\u00e9mon\n|rule|Item Clause: Limit 1 of each item\n|clearpoke\n|poke|p1|Calyrex-Ice, L50|\n|poke|p1|Raging Bolt, L50|\n|poke|p1|Flutter Mane, L50|\n|poke|p1|Urshifu-*, L50, F|\n|poke|p1|Murkrow, L50, F|\n|poke|p1|Ogerpon-Cornerstone, L50, F|\n|poke|p2|Ditto, L50|\n|poke|p2|Zacian-*, L50|\n|poke|p2|Amoonguss, L50, M|\n|poke|p2|Regidrago, L50|\n|poke|p2|Chi-Yu, L50|\n|poke|p2|Whimsicott, L50, F|\n|teampreview|4\n|inactive|Battle timer is ON: inactive players will automatically lose when time's up. (requested by Zakmancho)\n|c|\u2606LeCehlou|K\n|inactive|LeCehlou has 60 seconds left.\n|\n|t:|1737997766\n|start\n|switch|p1a: Murkrow|Murkrow, L50, F|100\/100\n|switch|p1b: Raging Bolt|Raging Bolt, L50|100\/100\n|switch|p2a: Zacian|Zacian-Crowned, L50|100\/100\n|switch|p2b: Chi-Yu|Chi-Yu, L50|100\/100\n|-ability|p2b: Chi-Yu|Beads of Ruin\n|-ability|p2a: Zacian|Intrepid Sword|boost\n|-boost|p2a: Zacian|atk|1\n|turn|1\n|\n|t:|1737997778\n|switch|p2b: Amoonguss|Amoonguss, L50, M|100\/100\n|-terastallize|p1b: Raging Bolt|Electric\n|move|p1a: Murkrow|Thunder Wave|p2a: Zacian\n|-status|p2a: Zacian|par\n|move|p1b: Raging Bolt|Thunderbolt|p2a: Zacian\n|-damage|p2a: Zacian|18\/100 par\n|-damage|p1b: Raging Bolt|91\/100|[from] item: Life Orb\n|move|p2a: Zacian|Behemoth Blade|p1a: Murkrow\n|-damage|p1a: Murkrow|0 fnt\n|faint|p1a: Murkrow\n|\n|upkeep\n|\n|t:|1737997794\n|switch|p1a: Calyrex|Calyrex-Ice, L50|100\/100\n|-ability|p1a: Calyrex|As One\n|-ability|p1a: Calyrex|Unnerve\n|turn|2\n|j| mentalrofl\n|\n|t:|1737997808\n|-terastallize|p2a: Zacian|Ground\n|move|p2b: Amoonguss|Protect|p2b: Amoonguss\n|-singleturn|p2b: Amoonguss|Protect\n|move|p1b: Raging Bolt|Thunderbolt|p2a: Zacian\n|-immune|p2a: Zacian\n|move|p2a: Zacian|Tera Blast|p1b: Raging Bolt|[anim] Tera Blast Ground\n|-supereffective|p1b: Raging Bolt\n|-damage|p1b: Raging Bolt|0 fnt\n|faint|p1b: Raging Bolt\n|-end|p1b: Raging Bolt|Protosynthesis|[silent]\n|move|p1a: Calyrex|Substitute|p1a: Calyrex\n|-start|p1a: Calyrex|Substitute\n|-damage|p1a: Calyrex|75\/100\n|\n|upkeep\n|\n|t:|1737997819\n|switch|p1b: Ogerpon|Ogerpon-Cornerstone, L50, F|100\/100\n|turn|3\n|\n|t:|1737997833\n|move|p1b: Ogerpon|Power Whip|p2a: Zacian\n|-supereffective|p2a: Zacian\n|-damage|p2a: Zacian|0 fnt\n|faint|p2a: Zacian\n|move|p1a: Calyrex|Glacial Lance|p2b: Amoonguss\n|-supereffective|p2b: Amoonguss\n|-damage|p2b: Amoonguss|0 fnt\n|faint|p2b: Amoonguss\n|-ability|p1a: Calyrex|Chilling Neigh|boost\n|-boost|p1a: Calyrex|atk|1\n|\n|upkeep\n|\n|t:|1737997837\n|switch|p2a: Chi-Yu|Chi-Yu, L50|100\/100\n|switch|p2b: Ditto|Ditto, L50|100\/100\n|-ability|p2a: Chi-Yu|Beads of Ruin\n|turn|4\n|\n|t:|1737997848\n|move|p2a: Chi-Yu|Heat Wave|p1b: Ogerpon|[spread] p1a,p1b\n|-supereffective|p1a: Calyrex\n|-end|p1a: Calyrex|Substitute\n|-damage|p1b: Ogerpon|48\/100\n|move|p1b: Ogerpon|Ivy Cudgel|p2a: Chi-Yu|[anim] Ivy Cudgel Rock\n|-supereffective|p2a: Chi-Yu\n|-damage|p2a: Chi-Yu|0 fnt\n|faint|p2a: Chi-Yu\n|move|p2b: Ditto|Transform|p1a: Calyrex\n|-transform|p2b: Ditto|p1a: Calyrex\n|-ability|p2b: Ditto|As One\n|-ability|p2b: Ditto|Unnerve\n|move|p1a: Calyrex|High Horsepower|p2b: Ditto\n|-damage|p2b: Ditto|48\/100\n|\n|upkeep\n|turn|5\n|\n|t:|1737997863\n|move|p1b: Ogerpon|Ivy Cudgel|p2b: Ditto|[anim] Ivy Cudgel Rock\n|-supereffective|p2b: Ditto\n|-damage|p2b: Ditto|0 fnt\n|faint|p2b: Ditto\n|\n|win|Zakmancho\n|raw|Zakmancho's rating: 1570 &rarr; <strong>1590<\/strong><br \/>(+20 for winning)\n|raw|LeCehlou's rating: 1572 &rarr; <strong>1552<\/strong><br \/>(-20 for losing)\n|l|\u2606Zakmancho\n|player|p1|\n|l|\u2606LeCehlou\n|player|p2|\n","uploadtime":1737998055,"views":5,"formatid":"gen9vgc2025regg","rating":1552,"private":0,"password":null}