{"id":"gen9vgc2025regg-2289329466","format":"[Gen 9] VGC 2025 Reg G","players":["chin8","webbyVGC"],"log":"|j|\u2606chin8\n|j|\u2606webbyVGC\n|t:|1738004474\n|gametype|doubles\n|player|p1|chin8|gentleman-gen4dp|1542\n|player|p2|webbyVGC|red|1551\n|teamsize|p1|6\n|teamsize|p2|6\n|gen|9\n|tier|[Gen 9] VGC 2025 Reg G\n|rated|\n|rule|Species Clause: Limit one of each Pok\u00e9mon\n|rule|Item Clause: Limit 1 of each item\n|clearpoke\n|poke|p1|Calyrex-Shadow, L50|\n|poke|p1|Incineroar, L50, F|\n|poke|p1|Rillaboom, L50, M|\n|poke|p1|Gastrodon-East, L50, M|\n|poke|p1|Hitmonchan, L50, M|\n|poke|p1|Tropius, L50, F|\n|poke|p2|Archaludon, L50, M|\n|poke|p2|Kyogre, L50|\n|poke|p2|Indeedee-F, L50, F|\n|poke|p2|Urshifu-*, L50, M|\n|poke|p2|Whimsicott, L50, M|\n|poke|p2|Armarouge, L50, F|\n|teampreview|4\n|inactive|Battle timer is ON: inactive players will automatically lose when time's up. (requested by chin8)\n|\n|t:|1738004513\n|start\n|switch|p1a: Calyrex|Calyrex-Shadow, L50|100\/100\n|switch|p1b: Tropius|Tropius, L50, F|100\/100\n|switch|p2a: Urshifu|Urshifu, L50, M|100\/100\n|switch|p2b: Whimsicott|Whimsicott, L50, M, shiny|100\/100\n|-ability|p1a: Calyrex|As One\n|-ability|p1a: Calyrex|Unnerve\n|turn|1\n|\n|t:|1738004529\n|-terastallize|p1a: Calyrex|Fairy\n|move|p2b: Whimsicott|Tailwind|p2b: Whimsicott\n|-sidestart|p2: webbyVGC|move: Tailwind\n|move|p2a: Urshifu|Wicked Blow|p1a: Calyrex\n|-resisted|p1a: Calyrex\n|-crit|p1a: Calyrex\n|-damage|p1a: Calyrex|68\/100\n|move|p1a: Calyrex|Draining Kiss|p2a: Urshifu\n|-supereffective|p2a: Urshifu\n|-enditem|p2a: Urshifu|Focus Sash\n|-damage|p2a: Urshifu|1\/100\n|-heal|p1a: Calyrex|100\/100|[from] drain|[of] p2a: Urshifu\n|move|p1b: Tropius|Hurricane|p2b: Whimsicott\n|-supereffective|p2b: Whimsicott\n|-damage|p2b: Whimsicott|3\/100\n|\n|upkeep\n|turn|2\n|inactive|webbyVGC has 30 seconds left.\n|\n|t:|1738004560\n|move|p2a: Urshifu|Detect|p2a: Urshifu\n|-singleturn|p2a: Urshifu|Protect\n|move|p2b: Whimsicott|Moonblast|p1a: Calyrex\n|-damage|p1a: Calyrex|69\/100\n|move|p1a: Calyrex|Astral Barrage|p2a: Urshifu|[spread] p2b\n|-activate|p2a: Urshifu|move: Protect\n|-damage|p2b: Whimsicott|0 fnt\n|faint|p2b: Whimsicott\n|-ability|p1a: Calyrex|Grim Neigh|boost\n|-boost|p1a: Calyrex|spa|1\n|move|p1b: Tropius|Substitute|p1b: Tropius\n|-start|p1b: Tropius|Substitute\n|-damage|p1b: Tropius|76\/100\n|\n|upkeep\n|\n|t:|1738004571\n|switch|p2b: Kyogre|Kyogre, L50, shiny|100\/100\n|-weather|RainDance|[from] ability: Drizzle|[of] p2b: Kyogre\n|turn|3\n|\n|t:|1738004577\n|move|p1b: Tropius|Wide Guard|p1b: Tropius\n|-singleturn|p1b: Tropius|Wide Guard\n|move|p2a: Urshifu|Wicked Blow|p1b: Tropius\n|-crit|p1b: Tropius\n|-end|p1b: Tropius|Substitute\n|move|p2b: Kyogre|Water Spout|p1b: Tropius|[spread] \n|-activate|p1a: Calyrex|move: Wide Guard\n|-activate|p1b: Tropius|move: Wide Guard\n|move|p1a: Calyrex|Astral Barrage|p2a: Urshifu|[spread] p2a,p2b\n|-resisted|p2a: Urshifu\n|-damage|p2a: Urshifu|0 fnt\n|-damage|p2b: Kyogre|49\/100\n|faint|p2a: Urshifu\n|-ability|p1a: Calyrex|Grim Neigh|boost\n|-boost|p1a: Calyrex|spa|1\n|\n|-weather|RainDance|[upkeep]\n|upkeep\n|\n|t:|1738004582\n|switch|p2a: Archaludon|Archaludon, L50, M, shiny|100\/100\n|turn|4\n|\n|t:|1738004590\n|move|p1a: Calyrex|Protect|p1a: Calyrex\n|-singleturn|p1a: Calyrex|Protect\n|move|p2b: Kyogre|Water Spout|p1b: Tropius|[spread] p1b\n|-activate|p1a: Calyrex|move: Protect\n|-resisted|p1b: Tropius\n|-damage|p1b: Tropius|52\/100\n|move|p2a: Archaludon|Draco Meteor|p1b: Tropius\n|-damage|p1b: Tropius|0 fnt\n|-unboost|p2a: Archaludon|spa|2\n|faint|p1b: Tropius\n|\n|-weather|RainDance|[upkeep]\n|-sideend|p2: webbyVGC|move: Tailwind\n|upkeep\n|\n|t:|1738004596\n|switch|p1b: Rillaboom|Rillaboom, L50, M|100\/100\n|-fieldstart|move: Grassy Terrain|[from] ability: Grassy Surge|[of] p1b: Rillaboom\n|turn|5\n|\n|t:|1738004601\n|move|p1b: Rillaboom|Fake Out|p2b: Kyogre\n|-damage|p2b: Kyogre|36\/100\n|move|p1a: Calyrex|Astral Barrage|p2b: Kyogre|[spread] p2a,p2b\n|-damage|p2a: Archaludon|7\/100\n|-damage|p2b: Kyogre|0 fnt\n|-ability|p2a: Archaludon|Stamina|boost\n|-boost|p2a: Archaludon|def|1\n|faint|p2b: Kyogre\n|-ability|p1a: Calyrex|Grim Neigh|boost\n|-boost|p1a: Calyrex|spa|1\n|move|p2a: Archaludon|Body Press|p1b: Rillaboom\n|-damage|p1b: Rillaboom|70\/100\n|\n|-weather|RainDance|[upkeep]\n|-heal|p1a: Calyrex|74\/100|[from] Grassy Terrain\n|-heal|p2a: Archaludon|13\/100|[from] Grassy Terrain\n|-heal|p1b: Rillaboom|76\/100|[from] Grassy Terrain\n|upkeep\n|turn|6\n|-message|webbyVGC forfeited.\n|\n|win|chin8\n|raw|chin8's rating: 1542 &rarr; <strong>1563<\/strong><br \/>(+21 for winning)\n|raw|webbyVGC's rating: 1551 &rarr; <strong>1530<\/strong><br \/>(-21 for losing)\n|l|\u2606webbyVGC\n|player|p2|\n","uploadtime":1738004808,"views":14,"formatid":"gen9vgc2025regg","rating":1530,"private":0,"password":null}