{"id":"gen9vgc2025regg-2289179576","format":"[Gen 9] VGC 2025 Reg G","players":["1kalameet","Geezerlad45"],"log":"|j|\u26061kalameet\n|j|\u2606Geezerlad45\n|t:|1737989866\n|gametype|doubles\n|player|p1|1kalameet|shadowtriad|1504\n|player|p2|Geezerlad45|cynthia-gen4|1550\n|teamsize|p1|6\n|teamsize|p2|6\n|gen|9\n|tier|[Gen 9] VGC 2025 Reg G\n|rated|\n|rule|Species Clause: Limit one of each Pok\u00e9mon\n|rule|Item Clause: Limit 1 of each item\n|clearpoke\n|poke|p1|Kyogre, L50|\n|poke|p1|Landorus-Therian, L50, M|\n|poke|p1|Flutter Mane, L50|\n|poke|p1|Grimmsnarl, L50, M|\n|poke|p1|Archaludon, L50, M|\n|poke|p1|Rillaboom, L50, F|\n|poke|p2|Zamazenta-*, L50|\n|poke|p2|Chien-Pao, L50|\n|poke|p2|Flutter Mane, L50|\n|poke|p2|Raging Bolt, L50|\n|poke|p2|Amoonguss, L50, F|\n|poke|p2|Chi-Yu, L50|\n|teampreview|4\n|inactive|Battle timer is ON: inactive players will automatically lose when time's up. (requested by Geezerlad45)\n1kalameet rejected open team sheets.\n|\n|t:|1737989889\n|start\n|switch|p1a: Grimmsnarl|Grimmsnarl, L50, M|100\/100\n|switch|p1b: Landorus|Landorus-Therian, L50, M|100\/100\n|switch|p2a: Zamazenta|Zamazenta-Crowned, L50|100\/100\n|switch|p2b: Flutter Mane|Flutter Mane, L50|100\/100\n|-ability|p1b: Landorus|Intimidate|boost\n|-unboost|p2a: Zamazenta|atk|1\n|-unboost|p2b: Flutter Mane|atk|1\n|-ability|p2a: Zamazenta|Dauntless Shield|boost\n|-boost|p2a: Zamazenta|def|1\n|-enditem|p2b: Flutter Mane|Booster Energy\n|-activate|p2b: Flutter Mane|ability: Protosynthesis|[fromitem]\n|-start|p2b: Flutter Mane|protosynthesisspe\n|turn|1\n|\n|t:|1737989905\n|-terastallize|p2a: Zamazenta|Dragon\n|move|p1a: Grimmsnarl|Light Screen|p1a: Grimmsnarl\n|-sidestart|p1: 1kalameet|move: Light Screen\n|move|p2b: Flutter Mane|Icy Wind|p1a: Grimmsnarl|[spread] p1a,p1b\n|-supereffective|p1b: Landorus\n|-damage|p1a: Grimmsnarl|92\/100\n|-damage|p1b: Landorus|55\/100\n|-unboost|p1a: Grimmsnarl|spe|1\n|-unboost|p1b: Landorus|spe|1\n|move|p2a: Zamazenta|Heavy Slam|p1a: Grimmsnarl\n|-supereffective|p1a: Grimmsnarl\n|-damage|p1a: Grimmsnarl|23\/100\n|move|p1b: Landorus|Stomping Tantrum|p2b: Flutter Mane\n|-damage|p2b: Flutter Mane|30\/100\n|\n|upkeep\n|turn|2\n|inactive|Geezerlad45 has 30 seconds left.\n|\n|t:|1737989931\n|move|p1a: Grimmsnarl|Reflect|p1a: Grimmsnarl\n|-sidestart|p1: 1kalameet|Reflect\n|move|p2b: Flutter Mane|Icy Wind|p1a: Grimmsnarl|[spread] p1a\n|-miss|p2b: Flutter Mane|p1b: Landorus\n|-damage|p1a: Grimmsnarl|15\/100\n|-unboost|p1a: Grimmsnarl|spe|1\n|move|p2a: Zamazenta|Body Press|p1b: Landorus\n|-resisted|p1b: Landorus\n|-damage|p1b: Landorus|29\/100\n|move|p1b: Landorus|Stomping Tantrum|p2b: Flutter Mane\n|-damage|p2b: Flutter Mane|0 fnt\n|faint|p2b: Flutter Mane\n|-end|p2b: Flutter Mane|Protosynthesis|[silent]\n|\n|upkeep\n|\n|t:|1737989946\n|switch|p2b: Chien-Pao|Chien-Pao, L50|100\/100\n|-ability|p2b: Chien-Pao|Sword of Ruin\n|turn|3\n|\n|t:|1737989960\n|move|p1a: Grimmsnarl|Thunder Wave|p2a: Zamazenta\n|-status|p2a: Zamazenta|par\n|move|p2b: Chien-Pao|Throat Chop|p1b: Landorus\n|-damage|p1b: Landorus|0 fnt\n|faint|p1b: Landorus\n|move|p2a: Zamazenta|Body Press|p1a: Grimmsnarl\n|-damage|p1a: Grimmsnarl|0 fnt\n|faint|p1a: Grimmsnarl\n|\n|upkeep\n|\n|t:|1737989968\n|switch|p1b: Archaludon|Archaludon, L50, M|100\/100\n|switch|p1a: Kyogre|Kyogre, L50|100\/100\n|-weather|RainDance|[from] ability: Drizzle|[of] p1a: Kyogre\n|turn|4\n|inactive|Geezerlad45 has 30 seconds left.\n|\n|t:|1737989995\n|move|p2b: Chien-Pao|Throat Chop|p1a: Kyogre\n|-damage|p1a: Kyogre|71\/100\n|-start|p1a: Kyogre|Throat Chop|[silent]\n|move|p1b: Archaludon|Body Press|p2b: Chien-Pao\n|-supereffective|p2b: Chien-Pao\n|-enditem|p2b: Chien-Pao|Focus Sash\n|-damage|p2b: Chien-Pao|1\/100\n|move|p1a: Kyogre|Origin Pulse|p2a: Zamazenta|[spread] p2a,p2b\n|-resisted|p2a: Zamazenta\n|-damage|p2a: Zamazenta|75\/100 par\n|-damage|p2b: Chien-Pao|0 fnt\n|faint|p2b: Chien-Pao\n|cant|p2a: Zamazenta|par\n|\n|-weather|RainDance|[upkeep]\n|-heal|p1a: Kyogre|76\/100|[from] item: Leftovers\n|upkeep\n|\n|t:|1737990010\n|switch|p2b: Raging Bolt|Raging Bolt, L50|100\/100\n|turn|5\n|\n|t:|1737990021\n|-terastallize|p1a: Kyogre|Grass\n|move|p1b: Archaludon|Draco Meteor|p2a: Zamazenta\n|-supereffective|p2a: Zamazenta\n|-damage|p2a: Zamazenta|0 fnt\n|-unboost|p1b: Archaludon|spa|2\n|faint|p2a: Zamazenta\n|move|p1a: Kyogre|Ice Beam|p2b: Raging Bolt\n|-supereffective|p2b: Raging Bolt\n|-damage|p2b: Raging Bolt|62\/100\n|move|p2b: Raging Bolt|Thunderbolt|p1a: Kyogre\n|-resisted|p1a: Kyogre\n|-damage|p1a: Kyogre|66\/100\n|-status|p1a: Kyogre|par\n|\n|-weather|RainDance|[upkeep]\n|-heal|p1a: Kyogre|72\/100 par|[from] item: Leftovers\n|-end|p1a: Kyogre|Throat Chop|[silent]\n|upkeep\n|turn|6\n|-message|Geezerlad45 forfeited.\n|\n|win|1kalameet\n|raw|1kalameet's rating: 1504 &rarr; <strong>1527<\/strong><br \/>(+23 for winning)\n|raw|Geezerlad45's rating: 1550 &rarr; <strong>1527<\/strong><br \/>(-23 for losing)\n|l|\u2606Geezerlad45\n|player|p2|\n|l|\u26061kalameet\n|player|p1|\n","uploadtime":1737990194,"views":15,"formatid":"gen9vgc2025regg","rating":1527,"private":0,"password":null}