{"id":"gen9vgc2025regg-2289350465","format":"[Gen 9] VGC 2025 Reg G","players":["shadowninja0308","PritzShow"],"log":"|j|\u2606shadowninja0308\n|j|\u2606PritzShow\n|t:|1738006414\n|gametype|doubles\n|player|p1|shadowninja0308|nate|1546\n|player|p2|PritzShow|170|1603\n|teamsize|p1|4\n|teamsize|p2|6\n|gen|9\n|tier|[Gen 9] VGC 2025 Reg G\n|rated|\n|rule|Species Clause: Limit one of each Pok\u00e9mon\n|rule|Item Clause: Limit 1 of each item\n|clearpoke\n|poke|p1|Kyogre, L50|\n|poke|p1|Incineroar, L50, F|\n|poke|p1|Grimmsnarl, L50, M|\n|poke|p1|Rillaboom, L50, F|\n|poke|p2|Zacian-*, L50|\n|poke|p2|Rillaboom, L50, F|\n|poke|p2|Incineroar, L50, M|\n|poke|p2|Farigiraf, L50, M|\n|poke|p2|Landorus-Therian, L50, M|\n|poke|p2|Raging Bolt, L50|\n|teampreview|4\n|inactive|Battle timer is ON: inactive players will automatically lose when time's up. (requested by PritzShow)\n|\n|t:|1738006431\n|start\n|switch|p1a: My King|Kyogre, L50|100\/100\n|switch|p1b: Incineroar|Incineroar, L50, F|100\/100\n|switch|p2a: Zacian|Zacian, L50|100\/100\n|switch|p2b: Rillaboom|Rillaboom, L50, F|100\/100\n|-ability|p2a: Zacian|Intrepid Sword|boost\n|-boost|p2a: Zacian|atk|1\n|-weather|RainDance|[from] ability: Drizzle|[of] p1a: My King\n|-fieldstart|move: Grassy Terrain|[from] ability: Grassy Surge|[of] p2b: Rillaboom\n|-ability|p1b: Incineroar|Intimidate|boost\n|-fail|p2a: Zacian|unboost|[from] item: Clear Amulet|[of] p2a: Zacian\n|-unboost|p2b: Rillaboom|atk|1\n|turn|1\n|\n|t:|1738006449\n|move|p1a: My King|Protect|p1a: My King\n|-singleturn|p1a: My King|Protect\n|move|p2b: Rillaboom|Fake Out|p1a: My King\n|-activate|p1a: My King|move: Protect\n|move|p1b: Incineroar|Fake Out|p2a: Zacian\n|-damage|p2a: Zacian|90\/100\n|cant|p2a: Zacian|flinch\n|\n|-weather|RainDance|[upkeep]\n|-heal|p2a: Zacian|96\/100|[from] Grassy Terrain\n|upkeep\n|turn|2\n|inactive|shadowninja0308 has 30 seconds left.\n|\n|t:|1738006478\n|-terastallize|p1a: My King|Grass\n|move|p2a: Zacian|Protect|p2a: Zacian\n|-singleturn|p2a: Zacian|Protect\n|move|p1a: My King|Origin Pulse|p2b: Rillaboom|[spread] p2b\n|-activate|p2a: Zacian|move: Protect\n|-resisted|p2b: Rillaboom\n|-damage|p2b: Rillaboom|74\/100\n|move|p2b: Rillaboom|U-turn|p1a: My King\n|-supereffective|p1a: My King\n|-damage|p1a: My King|73\/100\n|\n|t:|1738006489\n|switch|p2b: Landorus|Landorus-Therian, L50, M|100\/100|[from] U-turn\n|-ability|p2b: Landorus|Intimidate|boost\n|-unboost|p1a: My King|atk|1\n|-unboost|p1b: Incineroar|atk|1\n|move|p1b: Incineroar|Knock Off|p2a: Zacian\n|-activate|p2a: Zacian|move: Protect\n|\n|-weather|RainDance|[upkeep]\n|-heal|p2a: Zacian|100\/100|[from] Grassy Terrain\n|-heal|p1a: My King|80\/100|[from] Grassy Terrain\n|-heal|p1a: My King|86\/100|[from] item: Leftovers\n|upkeep\n|turn|3\n|\n|t:|1738006511\n|-terastallize|p2b: Landorus|Flying\n|move|p1a: My King|Protect|p1a: My King\n|-singleturn|p1a: My King|Protect\n|move|p2b: Landorus|Tera Blast|p1a: My King|[anim] Tera Blast Flying\n|-activate|p1a: My King|move: Protect\n|move|p2a: Zacian|Close Combat|p1b: Incineroar\n|-supereffective|p1b: Incineroar\n|-damage|p1b: Incineroar|0 fnt\n|-unboost|p2a: Zacian|def|1\n|-unboost|p2a: Zacian|spd|1\n|faint|p1b: Incineroar\n|\n|-weather|RainDance|[upkeep]\n|-heal|p1a: My King|92\/100|[from] Grassy Terrain\n|-heal|p1a: My King|98\/100|[from] item: Leftovers\n|upkeep\n|j| mentalrofl\n|\n|t:|1738006519\n|switch|p1b: Grimmsnarl|Grimmsnarl, L50, M|100\/100\n|turn|4\n|\n|t:|1738006536\n|switch|p2b: Rillaboom|Rillaboom, L50, F|74\/100\n|move|p2a: Zacian|Protect|p2a: Zacian\n|-singleturn|p2a: Zacian|Protect\n|move|p1b: Grimmsnarl|Thunder Wave|p2b: Rillaboom\n|-status|p2b: Rillaboom|par\n|move|p1a: My King|Origin Pulse|p2b: Rillaboom|[spread] p2b\n|-activate|p2a: Zacian|move: Protect\n|-resisted|p2b: Rillaboom\n|-damage|p2b: Rillaboom|47\/100 par\n|\n|-weather|RainDance|[upkeep]\n|-heal|p1a: My King|100\/100|[from] Grassy Terrain\n|-heal|p2b: Rillaboom|53\/100 par|[from] Grassy Terrain\n|upkeep\n|turn|5\n|\n|t:|1738006545\n|move|p1a: My King|Protect|p1a: My King\n|-singleturn|p1a: My King|Protect\n|move|p2b: Rillaboom|Fake Out|p1b: Grimmsnarl\n|-damage|p1b: Grimmsnarl|86\/100\n|cant|p1b: Grimmsnarl|flinch\n|move|p2a: Zacian|Play Rough|p1b: Grimmsnarl\n|-supereffective|p1b: Grimmsnarl\n|-damage|p1b: Grimmsnarl|0 fnt\n|faint|p1b: Grimmsnarl\n|\n|-weather|none\n|-heal|p2b: Rillaboom|58\/100 par|[from] Grassy Terrain\n|-fieldend|move: Grassy Terrain\n|upkeep\n|\n|t:|1738006547\n|switch|p1b: Keith|Rillaboom, L50, F, shiny|100\/100\n|-fieldstart|move: Grassy Terrain|[from] ability: Grassy Surge|[of] p1b: Keith\n|turn|6\n|\n|t:|1738006560\n|move|p2a: Zacian|Protect|p2a: Zacian\n|-singleturn|p2a: Zacian|Protect\n|move|p1b: Keith|U-turn|p2b: Rillaboom\n|-supereffective|p2b: Rillaboom\n|-damage|p2b: Rillaboom|11\/100 par\n|move|p1a: My King|Calm Mind|p1a: My King\n|-boost|p1a: My King|spa|1\n|-boost|p1a: My King|spd|1\n|cant|p2b: Rillaboom|par\n|\n|-heal|p2b: Rillaboom|17\/100 par|[from] Grassy Terrain\n|upkeep\n|turn|7\n|\n|t:|1738006573\n|move|p1b: Keith|Grassy Glide|p2a: Zacian\n|-damage|p2a: Zacian|47\/100\n|move|p2a: Zacian|Play Rough|p1a: My King|[miss]\n|-miss|p2a: Zacian|p1a: My King\n|move|p1a: My King|Origin Pulse|p2b: Rillaboom|[spread] p2a,p2b\n|-resisted|p2b: Rillaboom\n|-damage|p2a: Zacian|0 fnt\n|-damage|p2b: Rillaboom|0 fnt\n|faint|p2a: Zacian\n|faint|p2b: Rillaboom\n|\n|upkeep\n|\n|t:|1738006578\n|switch|p2a: Raging Bolt|Raging Bolt, L50|100\/100\n|switch|p2b: Landorus|Landorus-Therian, L50, M, tera:Flying|100\/100\n|-ability|p2b: Landorus|Intimidate|boost\n|-unboost|p1a: My King|atk|1\n|-unboost|p1b: Keith|atk|1\n|-enditem|p2a: Raging Bolt|Booster Energy\n|-activate|p2a: Raging Bolt|ability: Protosynthesis|[fromitem]\n|-start|p2a: Raging Bolt|protosynthesisspa\n|turn|8\n|\n|t:|1738006597\n|move|p2a: Raging Bolt|Thunderclap|p1a: My King\n|-resisted|p1a: My King\n|-damage|p1a: My King|88\/100\n|move|p2b: Landorus|Tera Blast|p1a: My King|[anim] Tera Blast Flying\n|-supereffective|p1a: My King\n|-damage|p1a: My King|0 fnt\n|faint|p1a: My King\n|move|p1b: Keith|Wood Hammer|p2b: Landorus\n|-resisted|p2b: Landorus\n|-damage|p2b: Landorus|70\/100\n|-damage|p1b: Keith|92\/100|[from] Recoil\n|\n|-heal|p1b: Keith|98\/100|[from] Grassy Terrain\n|upkeep\n|turn|9\n|-message|shadowninja0308 forfeited.\n|\n|win|PritzShow\n|raw|shadowninja0308's rating: 1546 &rarr; <strong>1529<\/strong><br \/>(-17 for losing)\n|raw|PritzShow's rating: 1603 &rarr; <strong>1620<\/strong><br \/>(+17 for winning)\n|l|\u2606shadowninja0308\n|player|p1|\n|l|\u2606PritzShow\n|player|p2|\n|l| mentalrofl\n","uploadtime":1738006771,"views":9,"formatid":"gen9vgc2025regg","rating":1529,"private":0,"password":null}