{"id":"gen9vgc2025regg-2289943767","format":"[Gen 9] VGC 2025 Reg G","players":["IlluminaGielBakker","CCC2023"],"log":"|j|\u2606IlluminaGielBakker\n|j|\u2606CCC2023\n|t:|1738083848\n|gametype|doubles\n|player|p1|IlluminaGielBakker|2|1658\n|player|p2|CCC2023|101|1658\n|teamsize|p1|6\n|teamsize|p2|6\n|gen|9\n|tier|[Gen 9] VGC 2025 Reg G\n|rated|\n|rule|Species Clause: Limit one of each Pok\u00e9mon\n|rule|Item Clause: Limit 1 of each item\n|clearpoke\n|poke|p1|Zamazenta-*, L50|\n|poke|p1|Volcarona, L50, M|\n|poke|p1|Chien-Pao, L50|\n|poke|p1|Flutter Mane, L50|\n|poke|p1|Raging Bolt, L50|\n|poke|p1|Urshifu-*, L50, M|\n|poke|p2|Urshifu-*, L50, M|\n|poke|p2|Amoonguss, L50, M|\n|poke|p2|Ogerpon-Hearthflame, L50, F|\n|poke|p2|Landorus, L50, M|\n|poke|p2|Calyrex-Ice, L50|\n|poke|p2|Roaring Moon, L50|\n|teampreview|4\n|inactive|Battle timer is ON: inactive players will automatically lose when time's up. (requested by IlluminaGielBakker)\n|inactive|CCC2023 has 60 seconds left.\n|inactive|CCC2023 has 30 seconds left.\n|j| Triple20\n|inactive|CCC2023 has 20 seconds left.\n|inactive|CCC2023 has 15 seconds left.\n|inactive|CCC2023 has 10 seconds left.\n|\n|t:|1738083931\n|start\n|switch|p1a: Flutter Mane|Flutter Mane, L50|100\/100\n|switch|p1b: Zamazenta|Zamazenta-Crowned, L50|100\/100\n|switch|p2a: Calyrex|Calyrex-Ice, L50|100\/100\n|switch|p2b: Roaring Moon|Roaring Moon, L50|100\/100\n|-ability|p2a: Calyrex|As One\n|-ability|p2a: Calyrex|Unnerve\n|-ability|p1b: Zamazenta|Dauntless Shield|boost\n|-boost|p1b: Zamazenta|def|1\n|-enditem|p1a: Flutter Mane|Booster Energy\n|-activate|p1a: Flutter Mane|ability: Protosynthesis|[fromitem]\n|-start|p1a: Flutter Mane|protosynthesisspe\n|-enditem|p2b: Roaring Moon|Booster Energy\n|-activate|p2b: Roaring Moon|ability: Protosynthesis|[fromitem]\n|-start|p2b: Roaring Moon|protosynthesisspe\n|turn|1\n|inactive|CCC2023 has 30 seconds left.\n|\n|t:|1738083962\n|-terastallize|p2b: Roaring Moon|Flying\n|move|p1a: Flutter Mane|Taunt|p2b: Roaring Moon\n|-start|p2b: Roaring Moon|move: Taunt\n|move|p2b: Roaring Moon|Acrobatics|p1a: Flutter Mane\n|-damage|p1a: Flutter Mane|10\/100\n|move|p1b: Zamazenta|Body Press|p2a: Calyrex\n|-damage|p2a: Calyrex|62\/100\n|move|p2a: Calyrex|Glacial Lance|p1a: Flutter Mane|[spread] p1a,p1b\n|-resisted|p1b: Zamazenta\n|-damage|p1a: Flutter Mane|0 fnt\n|-damage|p1b: Zamazenta|88\/100\n|faint|p1a: Flutter Mane\n|-end|p1a: Flutter Mane|Protosynthesis|[silent]\n|-ability|p2a: Calyrex|Chilling Neigh|boost\n|-boost|p2a: Calyrex|atk|1\n|\n|upkeep\n|\n|t:|1738083977\n|switch|p1a: Volcarona|Volcarona, L50, M|100\/100\n|turn|2\n|\n|t:|1738083996\n|move|p1a: Volcarona|Protect|p1a: Volcarona\n|-singleturn|p1a: Volcarona|Protect\n|move|p2b: Roaring Moon|Acrobatics|p1b: Zamazenta\n|-damage|p1b: Zamazenta|67\/100\n|move|p1b: Zamazenta|Heavy Slam|p2b: Roaring Moon\n|-damage|p2b: Roaring Moon|72\/100\n|move|p2a: Calyrex|Glacial Lance|p1b: Zamazenta|[spread] p1b\n|-activate|p1a: Volcarona|move: Protect\n|-resisted|p1b: Zamazenta\n|-damage|p1b: Zamazenta|52\/100\n|\n|upkeep\n|turn|3\n|inactive|IlluminaGielBakker has 30 seconds left.\n|inactive|CCC2023 has 30 seconds left.\n|\n|t:|1738084026\n|move|p2a: Calyrex|Protect|p2a: Calyrex\n|-singleturn|p2a: Calyrex|Protect\n|move|p2b: Roaring Moon|Acrobatics|p1b: Zamazenta\n|-damage|p1b: Zamazenta|31\/100\n|move|p1b: Zamazenta|Body Press|p2b: Roaring Moon\n|-resisted|p2b: Roaring Moon\n|-crit|p2b: Roaring Moon\n|-damage|p2b: Roaring Moon|13\/100\n|move|p1a: Volcarona|Flamethrower|p2a: Calyrex\n|-activate|p2a: Calyrex|move: Protect\n|\n|-end|p2b: Roaring Moon|move: Taunt\n|upkeep\n|turn|4\n|\n|t:|1738084046\n|move|p2b: Roaring Moon|Tailwind|p2b: Roaring Moon\n|-sidestart|p2: CCC2023|move: Tailwind\n|move|p1b: Zamazenta|Body Press|p2a: Calyrex\n|-crit|p2a: Calyrex\n|-damage|p2a: Calyrex|0 fnt\n|faint|p2a: Calyrex\n|move|p1a: Volcarona|Flamethrower|p2b: Roaring Moon\n|-damage|p2b: Roaring Moon|0 fnt\n|faint|p2b: Roaring Moon\n|-end|p2b: Roaring Moon|Protosynthesis|[silent]\n|\n|upkeep\n|\n|t:|1738084059\n|switch|p2b: Landorus|Landorus, L50, M|100\/100\n|switch|p2a: Urshifu|Urshifu-Rapid-Strike, L50, M|100\/100\n|turn|5\n|\n|t:|1738084077\n|-terastallize|p1a: Volcarona|Grass\n|move|p2a: Urshifu|Detect|p2a: Urshifu\n|-singleturn|p2a: Urshifu|Protect\n|move|p1a: Volcarona|Rage Powder|p1a: Volcarona\n|-singleturn|p1a: Volcarona|move: Rage Powder\n|move|p2b: Landorus|Sandsear Storm|p1b: Zamazenta|[spread] p1b\n|-miss|p2b: Landorus|p1a: Volcarona\n|-supereffective|p1b: Zamazenta\n|-damage|p1b: Zamazenta|0 fnt\n|faint|p1b: Zamazenta\n|\n|upkeep\n|\n|t:|1738084085\n|switch|p1b: Urshifu|Urshifu-Rapid-Strike, L50, M|100\/100\n|turn|6\n|inactive|CCC2023 has 30 seconds left.\n|\n|t:|1738084114\n|move|p1a: Volcarona|Rage Powder|p1a: Volcarona\n|-singleturn|p1a: Volcarona|move: Rage Powder\n|move|p2b: Landorus|Sludge Bomb|p1a: Volcarona\n|-supereffective|p1a: Volcarona\n|-damage|p1a: Volcarona|19\/100\n|move|p2a: Urshifu|Surging Strikes|p1a: Volcarona\n|-resisted|p1a: Volcarona\n|-crit|p1a: Volcarona\n|-damage|p1a: Volcarona|5\/100\n|-damage|p2a: Urshifu|84\/100|[from] item: Rocky Helmet|[of] p1a: Volcarona\n|-resisted|p1a: Volcarona\n|-crit|p1a: Volcarona\n|-damage|p1a: Volcarona|0 fnt\n|-damage|p2a: Urshifu|68\/100|[from] item: Rocky Helmet|[of] p1a: Volcarona\n|-status|p2a: Urshifu|brn|[from] ability: Flame Body|[of] p1a: Volcarona\n|faint|p1a: Volcarona\n|-hitcount|p1: Volcarona|2\n|move|p1b: Urshifu|Surging Strikes|p2b: Landorus\n|-supereffective|p2b: Landorus\n|-crit|p2b: Landorus\n|-damage|p2b: Landorus|64\/100\n|-supereffective|p2b: Landorus\n|-crit|p2b: Landorus\n|-damage|p2b: Landorus|24\/100\n|-supereffective|p2b: Landorus\n|-crit|p2b: Landorus\n|-damage|p2b: Landorus|0 fnt\n|faint|p2b: Landorus\n|-hitcount|p2: Landorus|3\n|\n|-damage|p2a: Urshifu|62\/100 brn|[from] brn\n|upkeep\n|turn|7\n|-message|CCC2023 forfeited.\n|\n|win|IlluminaGielBakker\n|raw|IlluminaGielBakker's rating: 1658 &rarr; <strong>1678<\/strong><br \/>(+20 for winning)\n|raw|CCC2023's rating: 1658 &rarr; <strong>1638<\/strong><br \/>(-20 for losing)\n|l|\u2606CCC2023\n|player|p2|\n|l| Triple20\n|l|\u2606IlluminaGielBakker\n|player|p1|\n","uploadtime":1738084305,"views":40,"formatid":"gen9vgc2025regg","rating":1638,"private":0,"password":null}