{"id":"gen9vgc2025regg-2289326650","format":"[Gen 9] VGC 2025 Reg G","players":["Moosewii7","MisterBanana7"],"log":"|j|\u2606Moosewii7\n|j|\u2606MisterBanana7\n|t:|1738004214\n|gametype|doubles\n|player|p1|Moosewii7|265|1552\n|player|p2|MisterBanana7|cynthia-gen4|1554\n|teamsize|p1|6\n|teamsize|p2|6\n|gen|9\n|tier|[Gen 9] VGC 2025 Reg G\n|rated|\n|rule|Species Clause: Limit one of each Pok\u00e9mon\n|rule|Item Clause: Limit 1 of each item\n|clearpoke\n|poke|p1|Garganacl, L50, M|\n|poke|p1|Amoonguss, L50, M|\n|poke|p1|Flutter Mane, L50|\n|poke|p1|Chi-Yu, L50|\n|poke|p1|Dragonite, L50, F|\n|poke|p1|Iron Hands, L50|\n|poke|p2|Groudon, L50|\n|poke|p2|Scovillain, L50, F|\n|poke|p2|Flutter Mane, L50|\n|poke|p2|Raging Bolt, L50|\n|poke|p2|Urshifu-*, L50, F|\n|poke|p2|Incineroar, L50, F|\n|teampreview|4\n|inactive|Battle timer is ON: inactive players will automatically lose when time's up. (requested by Moosewii7)\n|\n|t:|1738004236\n|start\n|switch|p1a: Garganacl|Garganacl, L50, M|100\/100\n|switch|p1b: Chi-Yu|Chi-Yu, L50|100\/100\n|switch|p2a: Groudon|Groudon, L50|100\/100\n|switch|p2b: Scovillain|Scovillain, L50, F|100\/100\n|-ability|p1b: Chi-Yu|Beads of Ruin\n|-weather|SunnyDay|[from] ability: Drought|[of] p2a: Groudon\n|turn|1\n|inactive|MisterBanana7 has 30 seconds left.\n|inactive|MisterBanana7 has 20 seconds left.\n|inactive|MisterBanana7 has 15 seconds left.\n|inactive|MisterBanana7 has 10 seconds left.\n|\n|t:|1738004286\n|-terastallize|p2a: Groudon|Fire\n|move|p1a: Garganacl|Wide Guard|p1a: Garganacl\n|-singleturn|p1a: Garganacl|Wide Guard\n|move|p2b: Scovillain|Spicy Extract|p2a: Groudon\n|-fail|p2a: Groudon|unboost|[from] item: Clear Amulet|[of] p2a: Groudon\n|-boost|p2a: Groudon|atk|2\n|move|p1b: Chi-Yu|Heat Wave|p2b: Scovillain|[spread] p2a,p2b\n|-resisted|p2a: Groudon\n|-damage|p2a: Groudon|56\/100\n|-enditem|p2b: Scovillain|Focus Sash\n|-damage|p2b: Scovillain|1\/100\n|-damage|p1b: Chi-Yu|91\/100|[from] item: Life Orb\n|move|p2a: Groudon|Heat Crash|p1b: Chi-Yu\n|-resisted|p1b: Chi-Yu\n|-damage|p1b: Chi-Yu|0 fnt\n|faint|p1b: Chi-Yu\n|\n|-weather|SunnyDay|[upkeep]\n|upkeep\n|\n|t:|1738004306\n|switch|p1b: Dragonite|Dragonite, L50, F|100\/100\n|turn|2\n|\n|t:|1738004316\n|move|p1a: Garganacl|Protect|p1a: Garganacl\n|-singleturn|p1a: Garganacl|Protect\n|move|p2b: Scovillain|Endeavor|p1b: Dragonite\n|-damage|p1b: Dragonite|1\/100\n|move|p2a: Groudon|Heat Crash|p1b: Dragonite\n|-resisted|p1b: Dragonite\n|-damage|p1b: Dragonite|0 fnt\n|faint|p1b: Dragonite\n|\n|-weather|SunnyDay|[upkeep]\n|upkeep\n|\n|t:|1738004328\n|switch|p1b: Flutter Mane|Flutter Mane, L50|100\/100\n|-activate|p1b: Flutter Mane|ability: Protosynthesis\n|-start|p1b: Flutter Mane|protosynthesisspe\n|turn|3\n|\n|t:|1738004337\n|-terastallize|p1a: Garganacl|Fairy\n|move|p1b: Flutter Mane|Shadow Ball|p2a: Groudon\n|-damage|p2a: Groudon|20\/100\n|move|p2b: Scovillain|Endeavor|p1a: Garganacl\n|-damage|p1a: Garganacl|1\/100\n|move|p2a: Groudon|Heat Crash|p1b: Flutter Mane\n|-enditem|p1b: Flutter Mane|Focus Sash\n|-damage|p1b: Flutter Mane|1\/100\n|move|p1a: Garganacl|Salt Cure|p2b: Scovillain\n|-supereffective|p2b: Scovillain\n|-damage|p2b: Scovillain|0 fnt\n|faint|p2b: Scovillain\n|\n|-weather|SunnyDay|[upkeep]\n|-heal|p1a: Garganacl|7\/100|[from] item: Leftovers\n|upkeep\n|\n|t:|1738004348\n|switch|p2b: Flutter Mane|Flutter Mane, L50|100\/100\n|-activate|p2b: Flutter Mane|ability: Protosynthesis\n|-start|p2b: Flutter Mane|protosynthesisspe\n|turn|4\n|\n|t:|1738004367\n|move|p1b: Flutter Mane|Protect|p1b: Flutter Mane\n|-singleturn|p1b: Flutter Mane|Protect\n|move|p2b: Flutter Mane|Shadow Ball|p1b: Flutter Mane\n|-activate|p1b: Flutter Mane|move: Protect\n|move|p2a: Groudon|Heat Crash|p1a: Garganacl\n|-damage|p1a: Garganacl|0 fnt\n|faint|p1a: Garganacl\n|\n|-weather|SunnyDay|[upkeep]\n|upkeep\n|turn|5\n|l|\u2606Moosewii7\n|inactive|Moosewii7 disconnected and has a minute to reconnect!\n|player|p1|\n|inactive|Moosewii7 has 30 seconds left.\n|inactive|Moosewii7 has 20 seconds left.\n|inactive|Moosewii7 has 15 seconds left.\n|inactive|Moosewii7 has 10 seconds left.\n|inactive|Moosewii7 has 5 seconds left.\n|-message|Moosewii7 lost due to inactivity.\n|\n|win|MisterBanana7\n|raw|Moosewii7's rating: 1552 &rarr; <strong>1532<\/strong><br \/>(-20 for losing)\n|raw|MisterBanana7's rating: 1554 &rarr; <strong>1574<\/strong><br \/>(+20 for winning)\n","uploadtime":1738004667,"views":13,"formatid":"gen9vgc2025regg","rating":1532,"private":0,"password":null}