{"id":"gen9vgc2025regg-2289571423","format":"[Gen 9] VGC 2025 Reg G","players":["Hoshinaaa","medfwurismw"],"log":"|j|\u2606Hoshinaaa\n|j|\u2606medfwurismw\n|t:|1738031161\n|gametype|doubles\n|player|p1|Hoshinaaa|rosa|1548\n|player|p2|medfwurismw|skyla|1557\n|teamsize|p1|6\n|teamsize|p2|6\n|gen|9\n|tier|[Gen 9] VGC 2025 Reg G\n|rated|\n|rule|Species Clause: Limit one of each Pok\u00e9mon\n|rule|Item Clause: Limit 1 of each item\n|clearpoke\n|poke|p1|Groudon, L50|\n|poke|p1|Flutter Mane, L50|\n|poke|p1|Incineroar, L50, F|\n|poke|p1|Raging Bolt, L50|\n|poke|p1|Indeedee, L50, M|\n|poke|p1|Amoonguss, L50, F|\n|poke|p2|Necrozma-Dawn-Wings, L50|\n|poke|p2|Indeedee-F, L50, F|\n|poke|p2|Torkoal, L50, M|\n|poke|p2|Ursaluna, L50, F|\n|poke|p2|Urshifu-*, L50, M|\n|poke|p2|Pelipper, L50, M|\n|teampreview|4\n|inactive|Battle timer is ON: inactive players will automatically lose when time's up. (requested by Hoshinaaa)\n|j| Tormentador\n|j| kiabu233\n|inactive|medfwurismw has 60 seconds left.\n|\n|t:|1738031208\n|start\n|switch|p1a: Raging Bolt|Raging Bolt, L50|100\/100\n|switch|p1b: Groudon|Groudon, L50|100\/100\n|switch|p2a: Necrozma|Necrozma-Dawn-Wings, L50, shiny|100\/100\n|switch|p2b: Indeedee|Indeedee-F, L50, F|100\/100\n|-weather|SunnyDay|[from] ability: Drought|[of] p1b: Groudon\n|-activate|p1a: Raging Bolt|ability: Protosynthesis\n|-start|p1a: Raging Bolt|protosynthesisspa\n|-fieldstart|move: Psychic Terrain|[from] ability: Psychic Surge|[of] p2b: Indeedee\n|turn|1\n|\n|t:|1738031231\n|move|p2b: Indeedee|Follow Me|p2b: Indeedee\n|-singleturn|p2b: Indeedee|move: Follow Me\n|move|p1b: Groudon|Precipice Blades|p2a: Necrozma|[spread] p2b\n|-miss|p1b: Groudon|p2a: Necrozma\n|-damage|p2b: Indeedee|51\/100\n|move|p1a: Raging Bolt|Volt Switch|p2b: Indeedee\n|-damage|p2b: Indeedee|0 fnt\n|faint|p2b: Indeedee\n|-damage|p1a: Raging Bolt|91\/100|[from] item: Life Orb\n|\n|t:|1738031244\n|-end|p1a: Raging Bolt|Protosynthesis|[silent]\n|switch|p1a: Amoonguss|Amoonguss, L50, F|100\/100|[from] Volt Switch\n|move|p2a: Necrozma|Trick Room|p2a: Necrozma\n|-fieldstart|move: Trick Room|[of] p2a: Necrozma\n|\n|-weather|SunnyDay|[upkeep]\n|upkeep\n|\n|t:|1738031247\n|switch|p2b: Torkoal|Torkoal, L50, M, shiny|100\/100\n|turn|2\n|\n|t:|1738031257\n|switch|p1b: Incineroar|Incineroar, L50, F|100\/100\n|-ability|p1b: Incineroar|Intimidate|boost\n|-unboost|p2a: Necrozma|atk|1\n|-unboost|p2b: Torkoal|atk|1\n|-terastallize|p2b: Torkoal|Fire\n|-terastallize|p1a: Amoonguss|Water\n|move|p2b: Torkoal|Eruption|p1a: Amoonguss|[spread] p1a,p1b\n|-resisted|p1a: Amoonguss\n|-resisted|p1b: Incineroar\n|-damage|p1a: Amoonguss|50\/100\n|-damage|p1b: Incineroar|45\/100\n|-enditem|p1b: Incineroar|Sitrus Berry|[eat]\n|-heal|p1b: Incineroar|70\/100|[from] item: Sitrus Berry\n|move|p1a: Amoonguss|Spore|p2b: Torkoal\n|-status|p2b: Torkoal|slp|[from] move: Spore\n|move|p2a: Necrozma|Expanding Force|p1b: Incineroar|[spread] p1a\n|-immune|p1b: Incineroar\n|-damage|p1a: Amoonguss|0 fnt\n|faint|p1a: Amoonguss\n|\n|-weather|SunnyDay|[upkeep]\n|upkeep\n|\n|t:|1738031280\n|switch|p1a: Groudon|Groudon, L50|100\/100\n|turn|3\n|\n|t:|1738031288\n|switch|p2b: Ursaluna|Ursaluna, L50, F|100\/100\n|move|p2a: Necrozma|Meteor Beam||[still]\n|-prepare|p2a: Necrozma|Meteor Beam\n|-boost|p2a: Necrozma|spa|1\n|-enditem|p2a: Necrozma|Power Herb\n|-anim|p2a: Necrozma|Meteor Beam|p1b: Incineroar|[miss]\n|-miss|p2a: Necrozma|p1b: Incineroar\n|move|p1b: Incineroar|Knock Off|p2a: Necrozma\n|-supereffective|p2a: Necrozma\n|-damage|p2a: Necrozma|33\/100\n|move|p1a: Groudon|Precipice Blades|p2b: Ursaluna|[spread] p2a,p2b\n|-damage|p2a: Necrozma|0 fnt\n|-damage|p2b: Ursaluna|59\/100\n|faint|p2a: Necrozma\n|\n|-weather|SunnyDay|[upkeep]\n|-status|p2b: Ursaluna|brn|[from] item: Flame Orb\n|upkeep\n|\n|t:|1738031296\n|switch|p2a: Torkoal|Torkoal, L50, M, shiny, tera:Fire|100\/100 slp\n|turn|4\n|\n|t:|1738031313\n|cant|p2a: Torkoal|slp\n|move|p2b: Ursaluna|Facade|p1a: Groudon\n|-damage|p1a: Groudon|18\/100\n|move|p1b: Incineroar|Parting Shot|p2b: Ursaluna\n|-unboost|p2b: Ursaluna|atk|1\n|-unboost|p2b: Ursaluna|spa|1\n|\n|t:|1738031320\n|switch|p1b: Raging Bolt|Raging Bolt, L50|91\/100|[from] Parting Shot\n|-activate|p1b: Raging Bolt|ability: Protosynthesis\n|-start|p1b: Raging Bolt|protosynthesisspa\n|move|p1a: Groudon|Precipice Blades|p2b: Ursaluna|[spread] p2a\n|-miss|p1a: Groudon|p2b: Ursaluna\n|-supereffective|p2a: Torkoal\n|-damage|p2a: Torkoal|21\/100 slp\n|\n|-weather|SunnyDay|[upkeep]\n|-damage|p2b: Ursaluna|53\/100 brn|[from] brn\n|upkeep\n|turn|5\n|j| BionicFox\n|\n|t:|1738031336\n|move|p1b: Raging Bolt|Protect|p1b: Raging Bolt\n|-singleturn|p1b: Raging Bolt|Protect\n|-curestatus|p2a: Torkoal|slp|[msg]\n|move|p2a: Torkoal|Heat Wave|p1b: Raging Bolt|[spread] p1a\n|-activate|p1b: Raging Bolt|move: Protect\n|-damage|p1a: Groudon|0 fnt\n|faint|p1a: Groudon\n|move|p2b: Ursaluna|Headlong Rush|p1b: Raging Bolt\n|-activate|p1b: Raging Bolt|move: Protect\n|\n|-weather|none\n|-end|p1b: Raging Bolt|Protosynthesis\n|-damage|p2b: Ursaluna|47\/100 brn|[from] brn\n|-fieldend|move: Trick Room\n|-fieldend|move: Psychic Terrain\n|upkeep\n|\n|t:|1738031351\n|switch|p1a: Incineroar|Incineroar, L50, F|70\/100\n|-ability|p1a: Incineroar|Intimidate|boost\n|-unboost|p2a: Torkoal|atk|1\n|-unboost|p2b: Ursaluna|atk|1\n|turn|6\n|\n|t:|1738031358\n|move|p1a: Incineroar|Fake Out|p2b: Ursaluna\n|-damage|p2b: Ursaluna|38\/100 brn\n|move|p1b: Raging Bolt|Volt Switch|p2a: Torkoal\n|-damage|p2a: Torkoal|0 fnt\n|faint|p2a: Torkoal\n|-damage|p1b: Raging Bolt|81\/100|[from] item: Life Orb\n|cant|p2b: Ursaluna|flinch\n|\n|-damage|p2b: Ursaluna|33\/100 brn|[from] brn\n|upkeep\n|turn|7\n|\n|t:|1738031373\n|move|p1b: Raging Bolt|Weather Ball|p2b: Ursaluna\n|-damage|p2b: Ursaluna|11\/100 brn\n|-damage|p1b: Raging Bolt|72\/100|[from] item: Life Orb\n|move|p1a: Incineroar|Flare Blitz|p2b: Ursaluna\n|-damage|p2b: Ursaluna|0 fnt\n|faint|p2b: Ursaluna\n|-damage|p1a: Incineroar|66\/100|[from] Recoil\n|\n|win|Hoshinaaa\n|raw|Hoshinaaa's rating: 1548 &rarr; <strong>1569<\/strong><br \/>(+21 for winning)\n|raw|medfwurismw's rating: 1557 &rarr; <strong>1536<\/strong><br \/>(-21 for losing)\n|l|\u2606medfwurismw\n|player|p2|\n|l|\u2606Hoshinaaa\n|player|p1|\n|l| BionicFox\n","uploadtime":1738031586,"views":15,"formatid":"gen9vgc2025regg","rating":1536,"private":0,"password":null}