{"id":"gen9vgc2025regg-2289569490","format":"[Gen 9] VGC 2025 Reg G","players":["GeorgeBraun","medfwurismw"],"log":"|j|\u2606GeorgeBraun\n|j|\u2606medfwurismw\n|t:|1738030907\n|gametype|doubles\n|player|p1|GeorgeBraun|gentleman-gen4|1571\n|player|p2|medfwurismw|skyla|1535\n|teamsize|p1|6\n|teamsize|p2|6\n|gen|9\n|tier|[Gen 9] VGC 2025 Reg G\n|rated|\n|rule|Species Clause: Limit one of each Pok\u00e9mon\n|rule|Item Clause: Limit 1 of each item\n|clearpoke\n|poke|p1|Chien-Pao, L50|\n|poke|p1|Entei, L50|\n|poke|p1|Kyogre, L50|\n|poke|p1|Rillaboom, L50, F|\n|poke|p1|Hitmontop, L50, M|\n|poke|p1|Whimsicott, L50, M|\n|poke|p2|Necrozma-Dawn-Wings, L50|\n|poke|p2|Indeedee-F, L50, F|\n|poke|p2|Torkoal, L50, F|\n|poke|p2|Ursaluna, L50, M|\n|poke|p2|Urshifu-*, L50, F|\n|poke|p2|Pelipper, L50, M|\n|teampreview|4\n|inactive|Battle timer is ON: inactive players will automatically lose when time's up. (requested by GeorgeBraun)\n|\n|t:|1738030927\n|start\n|switch|p1a: Kyogre|Kyogre, L50|100\/100\n|switch|p1b: Hitmontop|Hitmontop, L50, M|100\/100\n|switch|p2a: Necrozma|Necrozma-Dawn-Wings, L50, shiny|100\/100\n|switch|p2b: Indeedee|Indeedee-F, L50, F|100\/100\n|-weather|RainDance|[from] ability: Drizzle|[of] p1a: Kyogre\n|-fieldstart|move: Psychic Terrain|[from] ability: Psychic Surge|[of] p2b: Indeedee\n|-ability|p1b: Hitmontop|Intimidate|boost\n|-unboost|p2a: Necrozma|atk|1\n|-unboost|p2b: Indeedee|atk|1\n|turn|1\n|inactive|medfwurismw has 30 seconds left.\n|\n|t:|1738030959\n|switch|p1b: Rillaboom|Rillaboom, L50, F|100\/100\n|-fieldstart|move: Grassy Terrain|[from] ability: Grassy Surge|[of] p1b: Rillaboom\n|-terastallize|p2a: Necrozma|Water\n|move|p2b: Indeedee|Follow Me|p2b: Indeedee\n|-singleturn|p2b: Indeedee|move: Follow Me\n|move|p1a: Kyogre|Water Spout|p2a: Necrozma|[spread] p2a,p2b\n|-resisted|p2a: Necrozma\n|-damage|p2a: Necrozma|53\/100\n|-damage|p2b: Indeedee|0 fnt\n|faint|p2b: Indeedee\n|move|p2a: Necrozma|Trick Room|p2a: Necrozma\n|-fieldstart|move: Trick Room|[of] p2a: Necrozma\n|\n|-weather|RainDance|[upkeep]\n|-heal|p2a: Necrozma|59\/100|[from] Grassy Terrain\n|upkeep\n|\n|t:|1738030971\n|switch|p2b: Pelipper|Pelipper, L50, M|100\/100\n|turn|2\n|\n|t:|1738030982\n|move|p1b: Rillaboom|Fake Out|p2b: Pelipper\n|-damage|p2b: Pelipper|86\/100\n|move|p2a: Necrozma|Meteor Beam||[still]\n|-prepare|p2a: Necrozma|Meteor Beam\n|-boost|p2a: Necrozma|spa|1\n|-enditem|p2a: Necrozma|Power Herb\n|-anim|p2a: Necrozma|Meteor Beam|p1a: Kyogre\n|-damage|p1a: Kyogre|41\/100\n|cant|p2b: Pelipper|flinch\n|move|p1a: Kyogre|Ice Beam|p2b: Pelipper\n|-damage|p2b: Pelipper|33\/100\n|\n|-weather|RainDance|[upkeep]\n|-heal|p2a: Necrozma|65\/100|[from] Grassy Terrain\n|-heal|p1a: Kyogre|47\/100|[from] Grassy Terrain\n|upkeep\n|turn|3\n|\n|t:|1738031001\n|move|p1a: Kyogre|Protect|p1a: Kyogre\n|-singleturn|p1a: Kyogre|Protect\n|move|p1b: Rillaboom|Grassy Glide|p2a: Necrozma\n|-supereffective|p2a: Necrozma\n|-damage|p2a: Necrozma|12\/100\n|move|p2a: Necrozma|Moongeist Beam|p1a: Kyogre\n|-activate|p1a: Kyogre|move: Protect\n|move|p2b: Pelipper|Hurricane|p1b: Rillaboom\n|-supereffective|p1b: Rillaboom\n|-crit|p1b: Rillaboom\n|-damage|p1b: Rillaboom|0 fnt\n|faint|p1b: Rillaboom\n|-damage|p2b: Pelipper|23\/100|[from] item: Life Orb\n|\n|-weather|RainDance|[upkeep]\n|-heal|p2a: Necrozma|18\/100|[from] Grassy Terrain\n|-heal|p1a: Kyogre|53\/100|[from] Grassy Terrain\n|upkeep\n|\n|t:|1738031015\n|switch|p1b: Hitmontop|Hitmontop, L50, M|100\/100\n|-ability|p1b: Hitmontop|Intimidate|boost\n|-unboost|p2a: Necrozma|atk|1\n|-unboost|p2b: Pelipper|atk|1\n|turn|4\n|\n|t:|1738031021\n|-terastallize|p1b: Hitmontop|Steel\n|move|p1b: Hitmontop|Fake Out|p2a: Necrozma\n|-damage|p2a: Necrozma|9\/100\n|cant|p2a: Necrozma|flinch\n|move|p2b: Pelipper|Hurricane|p1a: Kyogre\n|-damage|p1a: Kyogre|4\/100\n|-damage|p2b: Pelipper|14\/100|[from] item: Life Orb\n|move|p1a: Kyogre|Ice Beam|p2b: Pelipper\n|-damage|p2b: Pelipper|0 fnt\n|faint|p2b: Pelipper\n|\n|-weather|RainDance|[upkeep]\n|-heal|p2a: Necrozma|15\/100|[from] Grassy Terrain\n|-heal|p1a: Kyogre|10\/100|[from] Grassy Terrain\n|upkeep\n|\n|t:|1738031029\n|switch|p2b: Urshifu|Urshifu-Rapid-Strike, L50, F|100\/100\n|turn|5\n|inactive|GeorgeBraun has 30 seconds left.\n|\n|t:|1738031062\n|move|p2a: Necrozma|Moongeist Beam|p1a: Kyogre\n|-damage|p1a: Kyogre|0 fnt\n|faint|p1a: Kyogre\n|move|p1b: Hitmontop|Low Kick|p2a: Necrozma\n|-damage|p2a: Necrozma|0 fnt\n|faint|p2a: Necrozma\n|move|p2b: Urshifu|Surging Strikes|p1b: Hitmontop\n|-crit|p1b: Hitmontop\n|-damage|p1b: Hitmontop|60\/100\n|-damage|p2b: Urshifu|84\/100|[from] item: Rocky Helmet|[of] p1b: Hitmontop\n|-crit|p1b: Hitmontop\n|-damage|p1b: Hitmontop|18\/100\n|-damage|p2b: Urshifu|68\/100|[from] item: Rocky Helmet|[of] p1b: Hitmontop\n|-crit|p1b: Hitmontop\n|-damage|p1b: Hitmontop|0 fnt\n|-damage|p2b: Urshifu|51\/100|[from] item: Rocky Helmet|[of] p1b: Hitmontop\n|faint|p1b: Hitmontop\n|-hitcount|p1: Hitmontop|3\n|\n|-weather|none\n|-heal|p2b: Urshifu|57\/100|[from] Grassy Terrain\n|-fieldend|move: Trick Room\n|-fieldend|move: Grassy Terrain\n|upkeep\n|j| kiabu233\n|\n|t:|1738031086\n|switch|p1a: Entei|Entei, L50|100\/100\n|turn|6\n|\n|t:|1738031101\n|move|p1a: Entei|Sacred Fire|p2b: Urshifu\n|-resisted|p2b: Urshifu\n|-damage|p2b: Urshifu|30\/100\n|-damage|p1a: Entei|90\/100|[from] item: Life Orb\n|move|p2b: Urshifu|Surging Strikes|p1a: Entei\n|-supereffective|p1a: Entei\n|-crit|p1a: Entei\n|-damage|p1a: Entei|34\/100\n|-supereffective|p1a: Entei\n|-crit|p1a: Entei\n|-damage|p1a: Entei|0 fnt\n|faint|p1a: Entei\n|-hitcount|p1: Entei|2\n|\n|win|medfwurismw\n|raw|GeorgeBraun's rating: 1571 &rarr; <strong>1549<\/strong><br \/>(-22 for losing)\n|raw|medfwurismw's rating: 1535 &rarr; <strong>1557<\/strong><br \/>(+22 for winning)\n|l|\u2606GeorgeBraun\n|player|p1|\n|l|\u2606medfwurismw\n|player|p2|\n|l| kiabu233\n","uploadtime":1738031309,"views":9,"formatid":"gen9vgc2025regg","rating":1549,"private":0,"password":null}