{"id":"gen9vgc2025regg-2289768322","format":"[Gen 9] VGC 2025 Reg G","players":["ZTMY ENCORE","plata47"],"log":"|j|\u2606ZTMY ENCORE\n|j|\u2606plata47\n|t:|1738064102\n|gametype|doubles\n|player|p1|ZTMY ENCORE|265|1639\n|player|p2|plata47|erika|1636\n|teamsize|p1|6\n|teamsize|p2|6\n|gen|9\n|tier|[Gen 9] VGC 2025 Reg G\n|rated|\n|rule|Species Clause: Limit one of each Pok\u00e9mon\n|rule|Item Clause: Limit 1 of each item\n|clearpoke\n|poke|p1|Terapagos, L50, M|\n|poke|p1|Smeargle, L50, F|\n|poke|p1|Tornadus, L50, M|\n|poke|p1|Ogerpon-Hearthflame, L50, F|\n|poke|p1|Iron Hands, L50|\n|poke|p1|Iron Valiant, L50|\n|poke|p2|Calyrex-Shadow, L50|\n|poke|p2|Maushold-Four, L50|\n|poke|p2|Weezing-Galar, L50, F|\n|poke|p2|Tatsugiri-Stretchy, L50, M|\n|poke|p2|Dondozo, L50, F|\n|poke|p2|Iron Hands, L50|\n|teampreview|4\n|inactive|Battle timer is ON: inactive players will automatically lose when time's up. (requested by plata47)\n|inactive|plata47 has 60 seconds left.\n|inactive|plata47 has 30 seconds left.\n|inactive|plata47 has 20 seconds left.\n|inactive|plata47 has 15 seconds left.\n|inactive|plata47 has 10 seconds left.\n|inactive|plata47 has 5 seconds left.\n|\n|t:|1738064190\n|start\n|switch|p1a: Terapagos|Terapagos, L50, M|100\/100\n|switch|p1b: Smeargle|Smeargle, L50, F|100\/100\n|switch|p2a: Iron Hands|Iron Hands, L50|100\/100\n|switch|p2b: Calyrex|Calyrex-Shadow, L50|100\/100\n|-ability|p2b: Calyrex|As One\n|-ability|p2b: Calyrex|Unnerve\n|-activate|p1a: Terapagos|ability: Tera Shift\n|detailschange|p1a: Terapagos|Terapagos-Terastal, L50, M\n|-heal|p1a: Terapagos|100\/100|[silent]\n|turn|1\n|\n|t:|1738064214\n|move|p1b: Smeargle|Fake Out|p2a: Iron Hands\n|-damage|p2a: Iron Hands|98\/100\n|cant|p2a: Iron Hands|flinch\n|move|p2b: Calyrex|Psychic|p1b: Smeargle\n|-enditem|p1b: Smeargle|Focus Sash\n|-damage|p1b: Smeargle|1\/100\n|-damage|p2b: Calyrex|91\/100|[from] item: Life Orb\n|move|p1a: Terapagos|Dark Pulse|p2b: Calyrex\n|-supereffective|p2b: Calyrex\n|-damage|p2b: Calyrex|0 fnt\n|faint|p2b: Calyrex\n|\n|-ability|p1b: Smeargle|Moody|boost\n|-boost|p1b: Smeargle|def|2\n|-unboost|p1b: Smeargle|spd|1\n|upkeep\n|\n|t:|1738064232\n|switch|p2b: Dondozo|Dondozo, L50, F|100\/100\n|turn|2\n|\n|t:|1738064244\n|switch|p1a: Tornadus|Tornadus, L50, M|100\/100\n|-end|p2a: Iron Hands|Quark Drive|[silent]\n|switch|p2a: Tatsugiri|Tatsugiri-Stretchy, L50, M|100\/100\n|-activate|p2a: Tatsugiri|ability: Commander|[of] p2b: Dondozo\n|-boost|p2b: Dondozo|atk|2\n|-boost|p2b: Dondozo|spa|2\n|-boost|p2b: Dondozo|spe|2\n|-boost|p2b: Dondozo|def|2\n|-boost|p2b: Dondozo|spd|2\n|move|p2b: Dondozo|Order Up|p1b: Smeargle\n|-damage|p1b: Smeargle|0 fnt\n|faint|p1b: Smeargle\n|-boost|p2b: Dondozo|spe|1\n|\n|upkeep\n|\n|t:|1738064258\n|switch|p1b: Terapagos|Terapagos-Terastal, L50, M|100\/100\n|turn|3\n|\n|t:|1738064266\n|move|p1a: Tornadus|Tailwind|p1a: Tornadus\n|-sidestart|p1: ZTMY ENCORE|move: Tailwind\n|move|p1b: Terapagos|Tera Starstorm|p2b: Dondozo\n|-damage|p2b: Dondozo|50\/100\n|move|p2b: Dondozo|Order Up|p1a: Tornadus\n|-damage|p1a: Tornadus|44\/100\n|-boost|p2b: Dondozo|spe|1\n|\n|upkeep\n|turn|4\n|\n|t:|1738064277\n|move|p2b: Dondozo|Protect|p2b: Dondozo\n|-singleturn|p2b: Dondozo|Protect\n|move|p1a: Tornadus|Scary Face|p2b: Dondozo\n|-activate|p2b: Dondozo|move: Protect\n|move|p1b: Terapagos|Tera Starstorm|p2b: Dondozo\n|-activate|p2b: Dondozo|move: Protect\n|\n|upkeep\n|turn|5\n|\n|t:|1738064289\n|move|p1a: Tornadus|Scary Face|p2b: Dondozo\n|-fail|p2b: Dondozo|unboost|[from] item: Clear Amulet|[of] p2b: Dondozo\n|move|p1b: Terapagos|Tera Starstorm|p2b: Dondozo\n|-damage|p2b: Dondozo|2\/100\n|move|p2b: Dondozo|Order Up|p1a: Tornadus\n|-damage|p1a: Tornadus|0 fnt\n|faint|p1a: Tornadus\n|-boost|p2b: Dondozo|spe|1\n|\n|upkeep\n|\n|t:|1738064298\n|switch|p1a: Ogerpon|Ogerpon-Hearthflame, L50, F|100\/100\n|-ability|p1a: Ogerpon|Mold Breaker\n|turn|6\n|\n|t:|1738064306\n|move|p2b: Dondozo|Protect|p2b: Dondozo\n|-singleturn|p2b: Dondozo|Protect\n|move|p1a: Ogerpon|Ivy Cudgel|p2b: Dondozo|[anim] Ivy Cudgel Fire\n|-activate|p2b: Dondozo|move: Protect\n|move|p1b: Terapagos|Tera Starstorm|p2b: Dondozo\n|-activate|p2b: Dondozo|move: Protect\n|\n|-sideend|p1: ZTMY ENCORE|move: Tailwind\n|upkeep\n|turn|7\n|\n|t:|1738064322\n|move|p2b: Dondozo|Earthquake|p1b: Terapagos|[spread] p1a,p1b\n|-miss|p2b: Dondozo|p2a: Tatsugiri\n|-activate|p1b: Terapagos|ability: Tera Shell\n|-resisted|p1b: Terapagos\n|-damage|p1a: Ogerpon|51\/100\n|-damage|p1b: Terapagos|76\/100\n|move|p1a: Ogerpon|Ivy Cudgel|p2b: Dondozo|[anim] Ivy Cudgel Fire\n|-resisted|p2b: Dondozo\n|-crit|p2b: Dondozo\n|-damage|p2b: Dondozo|0 fnt\n|faint|p2b: Dondozo\n|move|p1b: Terapagos|Tera Starstorm|p2a: Tatsugiri\n|-enditem|p2a: Tatsugiri|Focus Sash\n|-damage|p2a: Tatsugiri|1\/100\n|\n|upkeep\n|\n|t:|1738064337\n|switch|p2b: Iron Hands|Iron Hands, L50|98\/100\n|turn|8\n|inactive|plata47 has 30 seconds left.\n|inactive|plata47 has 20 seconds left.\n|inactive|plata47 has 15 seconds left.\n|inactive|plata47 has 10 seconds left.\n|inactive|plata47 has 5 seconds left.\n|\n|t:|1738064389\n|-terastallize|p1b: Terapagos|Stellar\n|detailschange|p1b: Terapagos|Terapagos-Stellar, L50, M, tera:Stellar\n|-heal|p1b: Terapagos|83\/100|[silent]\n|move|p2b: Iron Hands|Fake Out|p1a: Ogerpon\n|-damage|p1a: Ogerpon|32\/100\n|cant|p1a: Ogerpon|flinch\n|move|p2a: Tatsugiri|Muddy Water|p1a: Ogerpon|[spread] p1a,p1b\n|-damage|p1a: Ogerpon|0 fnt\n|-damage|p1b: Terapagos|57\/100\n|faint|p1a: Ogerpon\n|move|p1b: Terapagos|Tera Starstorm|p2a: Tatsugiri|[spread] p2a,p2b\n|-damage|p2a: Tatsugiri|0 fnt\n|-damage|p2b: Iron Hands|57\/100\n|faint|p2a: Tatsugiri\n|\n|upkeep\n|turn|9\n|\n|t:|1738064408\n|move|p1b: Terapagos|Tera Starstorm|p2b: Iron Hands\n|-damage|p2b: Iron Hands|3\/100\n|move|p2b: Iron Hands|Drain Punch|p1b: Terapagos\n|-supereffective|p1b: Terapagos\n|-damage|p1b: Terapagos|0 fnt\n|-heal|p2b: Iron Hands|31\/100|[from] drain|[of] p1b: Terapagos\n|faint|p1b: Terapagos\n|\n|win|plata47\n|raw|ZTMY ENCORE's rating: 1639 &rarr; <strong>1619<\/strong><br \/>(-20 for losing)\n|raw|plata47's rating: 1636 &rarr; <strong>1656<\/strong><br \/>(+20 for winning)\n|l|\u2606ZTMY ENCORE\n|player|p1|\n|l|\u2606plata47\n|player|p2|\n","uploadtime":1738064617,"views":44,"formatid":"gen9vgc2025regg","rating":1619,"private":0,"password":null}