{"id":"gen9vgc2025regg-2289361936","format":"[Gen 9] VGC 2025 Reg G","players":["ggttmmhh","Zakmancho"],"log":"|j|\u2606ggttmmhh\n|j|\u2606Zakmancho\n|t:|1738007486\n|gametype|doubles\n|player|p1|ggttmmhh|brycenman|1625\n|player|p2|Zakmancho|102|1644\n|teamsize|p1|6\n|teamsize|p2|6\n|gen|9\n|tier|[Gen 9] VGC 2025 Reg G\n|rated|\n|rule|Species Clause: Limit one of each Pok\u00e9mon\n|rule|Item Clause: Limit 1 of each item\n|clearpoke\n|poke|p1|Koraidon, L50|\n|poke|p1|Umbreon, L50, M|\n|poke|p1|Raging Bolt, L50|\n|poke|p1|Flutter Mane, L50|\n|poke|p1|Ogerpon-Cornerstone, L50, F|\n|poke|p1|Entei, L50|\n|poke|p2|Calyrex-Ice, L50|\n|poke|p2|Raging Bolt, L50|\n|poke|p2|Flutter Mane, L50|\n|poke|p2|Urshifu-*, L50, M|\n|poke|p2|Murkrow, L50, M|\n|poke|p2|Ogerpon-Cornerstone, L50, F|\n|teampreview|4\n|inactive|Battle timer is ON: inactive players will automatically lose when time's up. (requested by Zakmancho)\n|j| mentalrofl\n|inactive|ggttmmhh has 60 seconds left.\n|\n|t:|1738007521\n|start\n|switch|p1a: Koraidon|Koraidon, L50|100\/100\n|switch|p1b: Flutter Mane|Flutter Mane, L50|100\/100\n|switch|p2a: Murkrow|Murkrow, L50, M|100\/100\n|switch|p2b: Raging Bolt|Raging Bolt, L50|100\/100\n|-weather|SunnyDay|[from] ability: Orichalcum Pulse|[of] p1a: Koraidon\n|-activate|p1b: Flutter Mane|ability: Protosynthesis\n|-start|p1b: Flutter Mane|protosynthesisspe\n|-activate|p2b: Raging Bolt|ability: Protosynthesis\n|-start|p2b: Raging Bolt|protosynthesisspa\n|-activate|p1a: Koraidon|Orichalcum Pulse|[source]\n|turn|1\n|inactive|ggttmmhh has 30 seconds left.\n|\n|t:|1738007548\n|-terastallize|p2b: Raging Bolt|Electric\n|move|p1a: Koraidon|Protect|p1a: Koraidon\n|-singleturn|p1a: Koraidon|Protect\n|move|p2a: Murkrow|Thunder Wave|p1a: Koraidon\n|-activate|p1a: Koraidon|move: Protect\n|move|p1b: Flutter Mane|Icy Wind|p2b: Raging Bolt|[spread] p2a,p2b\n|-supereffective|p2a: Murkrow\n|-damage|p2a: Murkrow|72\/100\n|-damage|p2b: Raging Bolt|86\/100\n|-unboost|p2a: Murkrow|spe|1\n|-unboost|p2b: Raging Bolt|spe|1\n|move|p2b: Raging Bolt|Thunderbolt|p1a: Koraidon\n|-activate|p1a: Koraidon|move: Protect\n|\n|-weather|SunnyDay|[upkeep]\n|upkeep\n|turn|2\n|inactive|ggttmmhh has 30 seconds left.\n|\n|t:|1738007574\n|move|p2a: Murkrow|Thunder Wave|p1a: Koraidon\n|-status|p1a: Koraidon|par\n|move|p1b: Flutter Mane|Dazzling Gleam|p2b: Raging Bolt|[spread] p2a,p2b\n|-supereffective|p2a: Murkrow\n|-damage|p2a: Murkrow|9\/100\n|-damage|p2b: Raging Bolt|58\/100\n|cant|p1a: Koraidon|par\n|move|p2b: Raging Bolt|Thunderbolt|p1a: Koraidon\n|-resisted|p1a: Koraidon\n|-damage|p1a: Koraidon|42\/100 par\n|-damage|p2b: Raging Bolt|48\/100|[from] item: Life Orb\n|\n|-weather|SunnyDay|[upkeep]\n|upkeep\n|turn|3\n|inactive|ggttmmhh has 30 seconds left.\n|\n|t:|1738007603\n|move|p1b: Flutter Mane|Protect|p1b: Flutter Mane\n|-singleturn|p1b: Flutter Mane|Protect\n|move|p2a: Murkrow|Tailwind|p2a: Murkrow\n|-sidestart|p2: Zakmancho|move: Tailwind\n|move|p2b: Raging Bolt|Thunderbolt|p1a: Koraidon\n|-resisted|p1a: Koraidon\n|-damage|p1a: Koraidon|0 fnt\n|faint|p1a: Koraidon\n|-damage|p2b: Raging Bolt|39\/100|[from] item: Life Orb\n|\n|-weather|SunnyDay|[upkeep]\n|upkeep\n|\n|t:|1738007617\n|switch|p1a: Entei|Entei, L50|100\/100\n|turn|4\n|\n|t:|1738007638\n|-end|p1b: Flutter Mane|Protosynthesis|[silent]\n|switch|p1b: Umbreon|Umbreon, L50, M|100\/100\n|-terastallize|p1a: Entei|Normal\n|move|p2b: Raging Bolt|Protect|p2b: Raging Bolt\n|-singleturn|p2b: Raging Bolt|Protect\n|move|p1a: Entei|Extreme Speed|p2b: Raging Bolt\n|-activate|p2b: Raging Bolt|move: Protect\n|move|p2a: Murkrow|Thunder Wave|p1a: Entei\n|-status|p1a: Entei|par\n|\n|-weather|SunnyDay|[upkeep]\n|upkeep\n|turn|5\n|\n|t:|1738007657\n|-end|p2b: Raging Bolt|Protosynthesis|[silent]\n|switch|p2b: Ogerpon|Ogerpon-Cornerstone, L50, F|100\/100\n|cant|p1a: Entei|par\n|move|p2a: Murkrow|Thunder Wave|p1b: Umbreon\n|-hint|Since gen 7, Dark is immune to Prankster moves.\n|-immune|p1b: Umbreon\n|move|p1b: Umbreon|Taunt|p2a: Murkrow\n|-start|p2a: Murkrow|move: Taunt\n|\n|-weather|none\n|upkeep\n|turn|6\n|\n|t:|1738007681\n|cant|p1a: Entei|par\n|move|p2b: Ogerpon|Ivy Cudgel|p1b: Umbreon|[anim] Ivy Cudgel Rock\n|-damage|p1b: Umbreon|69\/100\n|move|p2a: Murkrow|Foul Play|p1a: Entei\n|-damage|p1a: Entei|51\/100 par\n|move|p1b: Umbreon|Yawn|p2b: Ogerpon\n|-start|p2b: Ogerpon|move: Yawn|[of] p1b: Umbreon\n|\n|-sideend|p2: Zakmancho|move: Tailwind\n|upkeep\n|turn|7\n|inactive|ggttmmhh has 30 seconds left.\n|\n|t:|1738007712\n|switch|p2b: Raging Bolt|Raging Bolt, L50, tera:Electric|39\/100\n|move|p1a: Entei|Extreme Speed|p2a: Murkrow\n|-damage|p2a: Murkrow|0 fnt\n|faint|p2a: Murkrow\n|move|p1b: Umbreon|Moonlight|p1b: Umbreon\n|-heal|p1b: Umbreon|100\/100\n|\n|upkeep\n|\n|t:|1738007726\n|switch|p2a: Calyrex|Calyrex-Ice, L50|100\/100\n|-ability|p2a: Calyrex|As One\n|-ability|p2a: Calyrex|Unnerve\n|turn|8\n|\n|t:|1738007749\n|cant|p1a: Entei|par\n|move|p2b: Raging Bolt|Thunderbolt|p1a: Entei\n|-damage|p1a: Entei|0 fnt\n|faint|p1a: Entei\n|-damage|p2b: Raging Bolt|29\/100|[from] item: Life Orb\n|move|p2a: Calyrex|Substitute|p2a: Calyrex\n|-start|p2a: Calyrex|Substitute\n|-damage|p2a: Calyrex|75\/100\n|move|p1b: Umbreon|Foul Play|p2a: Calyrex\n|-supereffective|p2a: Calyrex\n|-end|p2a: Calyrex|Substitute\n|\n|upkeep\n|\n|t:|1738007762\n|switch|p1a: Flutter Mane|Flutter Mane, L50|100\/100\n|turn|9\n|\n|t:|1738007782\n|move|p2b: Raging Bolt|Thunderclap|p1a: Flutter Mane\n|-damage|p1a: Flutter Mane|19\/100\n|-damage|p2b: Raging Bolt|20\/100|[from] item: Life Orb\n|move|p1a: Flutter Mane|Moonblast|p2b: Raging Bolt\n|-damage|p2b: Raging Bolt|0 fnt\n|faint|p2b: Raging Bolt\n|-end|p2b: Raging Bolt|Protosynthesis|[silent]\n|move|p2a: Calyrex|Glacial Lance|p1a: Flutter Mane|[spread] p1a,p1b\n|-crit|p1a: Flutter Mane\n|-damage|p1a: Flutter Mane|0 fnt\n|-damage|p1b: Umbreon|66\/100\n|faint|p1a: Flutter Mane\n|-end|p1a: Flutter Mane|Protosynthesis|[silent]\n|-ability|p2a: Calyrex|Chilling Neigh|boost\n|-boost|p2a: Calyrex|atk|1\n|move|p1b: Umbreon|Foul Play|p2a: Calyrex\n|-supereffective|p2a: Calyrex\n|-damage|p2a: Calyrex|0 fnt\n|faint|p2a: Calyrex\n|\n|upkeep\n|\n|t:|1738007794\n|switch|p2b: Ogerpon|Ogerpon-Cornerstone, L50, F|100\/100\n|turn|10\n|\n|t:|1738007803\n|move|p2b: Ogerpon|Ivy Cudgel|p1b: Umbreon|[anim] Ivy Cudgel Rock\n|-damage|p1b: Umbreon|37\/100\n|move|p1b: Umbreon|Moonlight|p1b: Umbreon\n|-heal|p1b: Umbreon|87\/100\n|\n|upkeep\n|turn|11\n|\n|t:|1738007811\n|move|p2b: Ogerpon|Ivy Cudgel|p1b: Umbreon|[anim] Ivy Cudgel Rock\n|-damage|p1b: Umbreon|60\/100\n|move|p1b: Umbreon|Moonlight|p1b: Umbreon\n|-heal|p1b: Umbreon|100\/100\n|\n|upkeep\n|turn|12\n|\n|t:|1738007818\n|move|p2b: Ogerpon|Ivy Cudgel|p1b: Umbreon|[anim] Ivy Cudgel Rock\n|-damage|p1b: Umbreon|69\/100\n|move|p1b: Umbreon|Yawn|p2b: Ogerpon\n|-start|p2b: Ogerpon|move: Yawn|[of] p1b: Umbreon\n|\n|upkeep\n|turn|13\n|inactive|ggttmmhh has 30 seconds left.\n|\n|t:|1738007843\n|move|p2b: Ogerpon|Ivy Cudgel|p1b: Umbreon|[anim] Ivy Cudgel Rock\n|-damage|p1b: Umbreon|39\/100\n|move|p1b: Umbreon|Moonlight|p1b: Umbreon\n|-heal|p1b: Umbreon|89\/100\n|\n|-end|p2b: Ogerpon|move: Yawn|[silent]\n|-status|p2b: Ogerpon|slp\n|upkeep\n|turn|14\n|\n|t:|1738007849\n|cant|p2b: Ogerpon|slp\n|move|p1b: Umbreon|Foul Play|p2b: Ogerpon\n|-damage|p2b: Ogerpon|61\/100 slp\n|\n|upkeep\n|turn|15\n|\n|t:|1738007859\n|cant|p2b: Ogerpon|slp\n|move|p1b: Umbreon|Foul Play|p2b: Ogerpon\n|-damage|p2b: Ogerpon|21\/100 slp\n|\n|upkeep\n|turn|16\n|\n|t:|1738007864\n|-curestatus|p2b: Ogerpon|slp|[msg]\n|move|p2b: Ogerpon|Ivy Cudgel|p1b: Umbreon|[anim] Ivy Cudgel Rock\n|-damage|p1b: Umbreon|58\/100\n|move|p1b: Umbreon|Foul Play|p2b: Ogerpon\n|-damage|p2b: Ogerpon|0 fnt\n|faint|p2b: Ogerpon\n|\n|win|ggttmmhh\n|raw|ggttmmhh's rating: 1625 &rarr; <strong>1646<\/strong><br \/>(+21 for winning)\n|raw|Zakmancho's rating: 1644 &rarr; <strong>1623<\/strong><br \/>(-21 for losing)\n|l| mentalrofl\n|l|\u2606Zakmancho\n|player|p2|\n","uploadtime":1738008034,"views":25,"formatid":"gen9vgc2025regg","rating":1623,"private":0,"password":null}