{"id":"gen9vgc2025regg-2289839610","format":"[Gen 9] VGC 2025 Reg G","players":["crowz000","Cdogp"],"log":"|j|\u2606crowz000\n|j|\u2606Cdogp\n|t:|1738073602\n|gametype|doubles\n|player|p1|crowz000|170|1692\n|player|p2|Cdogp|wattson|1736\n|teamsize|p1|6\n|teamsize|p2|6\n|gen|9\n|tier|[Gen 9] VGC 2025 Reg G\n|rated|\n|rule|Species Clause: Limit one of each Pok\u00e9mon\n|rule|Item Clause: Limit 1 of each item\n|clearpoke\n|poke|p1|Terapagos, L50, M|\n|poke|p1|Clefairy, L50, F|\n|poke|p1|Incineroar, L50, F|\n|poke|p1|Rillaboom, L50, F|\n|poke|p1|Ogerpon-Cornerstone, L50, F|\n|poke|p1|Flutter Mane, L50|\n|poke|p2|Calyrex-Ice, L50|\n|poke|p2|Urshifu-*, L50, F|\n|poke|p2|Whimsicott, L50, M|\n|poke|p2|Landorus, L50, M|\n|poke|p2|Ditto, L50|\n|poke|p2|Raging Bolt, L50|\n|teampreview|4\n|\n|t:|1738073640\n|start\n|switch|p1a: Terapagos|Terapagos, L50, M|100\/100\n|switch|p1b: Ogerpon|Ogerpon-Cornerstone, L50, F|100\/100\n|switch|p2a: Calyrex|Calyrex-Ice, L50|100\/100\n|switch|p2b: Whimsicott|Whimsicott, L50, M|100\/100\n|-ability|p2a: Calyrex|As One\n|-ability|p2a: Calyrex|Unnerve\n|-activate|p1a: Terapagos|ability: Tera Shift\n|detailschange|p1a: Terapagos|Terapagos-Terastal, L50, M\n|-heal|p1a: Terapagos|100\/100|[silent]\n|turn|1\n|inactive|Battle timer is ON: inactive players will automatically lose when time's up. (requested by crowz000)\n|inactive|crowz000 has 60 seconds left.\n|\n|t:|1738073673\n|switch|p1a: Incineroar|Incineroar, L50, F|100\/100\n|-ability|p1a: Incineroar|Intimidate|boost\n|-fail|p2a: Calyrex|unboost|[from] item: Clear Amulet|[of] p2a: Calyrex\n|-unboost|p2b: Whimsicott|atk|1\n|move|p2a: Calyrex|Protect|p2a: Calyrex\n|-singleturn|p2a: Calyrex|Protect\n|move|p1b: Ogerpon|Ivy Cudgel|p2a: Calyrex|[anim] Ivy Cudgel Rock\n|-activate|p2a: Calyrex|move: Protect\n|move|p2b: Whimsicott|Moonblast|p1b: Ogerpon\n|-damage|p1b: Ogerpon|69\/100\n|-unboost|p1b: Ogerpon|spa|1\n|\n|upkeep\n|turn|2\n|inactive|crowz000 has 30 seconds left.\n|\n|t:|1738073699\n|switch|p2a: Landorus|Landorus, L50, M|100\/100\n|move|p1a: Incineroar|Fake Out|p2a: Landorus\n|-crit|p2a: Landorus\n|-damage|p2a: Landorus|83\/100\n|move|p1b: Ogerpon|Ivy Cudgel|p2b: Whimsicott|[anim] Ivy Cudgel Rock\n|-damage|p2b: Whimsicott|25\/100\n|move|p2b: Whimsicott|Moonblast|p1b: Ogerpon\n|-crit|p1b: Ogerpon\n|-damage|p1b: Ogerpon|20\/100\n|-unboost|p1b: Ogerpon|spa|1\n|\n|upkeep\n|turn|3\n|\n|t:|1738073724\n|move|p1b: Ogerpon|Spiky Shield|p1b: Ogerpon\n|-singleturn|p1b: Ogerpon|move: Protect\n|move|p2b: Whimsicott|Tailwind|p2b: Whimsicott\n|-sidestart|p2: Cdogp|move: Tailwind\n|move|p2a: Landorus|Sandsear Storm|p1b: Ogerpon|[spread] \n|-activate|p1b: Ogerpon|move: Protect\n|-miss|p2a: Landorus|p1a: Incineroar\n|move|p1a: Incineroar|Parting Shot|p2a: Landorus\n|-unboost|p2a: Landorus|atk|1\n|-unboost|p2a: Landorus|spa|1\n|\n|t:|1738073736\n|switch|p1a: Terapagos|Terapagos-Terastal, L50, M|100\/100|[from] Parting Shot\n|\n|upkeep\n|turn|4\n|\n|t:|1738073745\n|switch|p1b: Clefairy|Clefairy, L50, F|100\/100\n|move|p2b: Whimsicott|Moonblast|p1b: Clefairy\n|-damage|p1b: Clefairy|75\/100\n|-unboost|p1b: Clefairy|spa|1\n|move|p2a: Landorus|Sandsear Storm|p1b: Clefairy|[spread] p1a,p1b\n|-activate|p1a: Terapagos|ability: Tera Shell\n|-resisted|p1a: Terapagos\n|-damage|p1a: Terapagos|86\/100\n|-damage|p1b: Clefairy|35\/100\n|move|p1a: Terapagos|Tera Starstorm|p2b: Whimsicott\n|-damage|p2b: Whimsicott|0 fnt\n|faint|p2b: Whimsicott\n|\n|-heal|p1a: Terapagos|92\/100|[from] item: Leftovers\n|upkeep\n|\n|t:|1738073749\n|switch|p2b: Urshifu|Urshifu, L50, F|100\/100\n|turn|5\n|\n|t:|1738073770\n|-terastallize|p1a: Terapagos|Stellar\n|detailschange|p1a: Terapagos|Terapagos-Stellar, L50, M, tera:Stellar\n|-heal|p1a: Terapagos|94\/100|[silent]\n|move|p1b: Clefairy|Follow Me|p1b: Clefairy\n|-singleturn|p1b: Clefairy|move: Follow Me\n|move|p2a: Landorus|Sandsear Storm|p1b: Clefairy|[spread] p1b\n|-miss|p2a: Landorus|p1a: Terapagos\n|-damage|p1b: Clefairy|0 fnt\n|faint|p1b: Clefairy\n|move|p2b: Urshifu|Close Combat|p1a: Terapagos\n|-supereffective|p1a: Terapagos\n|-damage|p1a: Terapagos|13\/100\n|-unboost|p2b: Urshifu|def|1\n|-unboost|p2b: Urshifu|spd|1\n|move|p1a: Terapagos|Tera Starstorm|p2b: Urshifu|[spread] p2a,p2b\n|-damage|p2a: Landorus|30\/100\n|-damage|p2b: Urshifu|10\/100\n|\n|-heal|p1a: Terapagos|19\/100|[from] item: Leftovers\n|upkeep\n|\n|t:|1738073788\n|switch|p1b: Incineroar|Incineroar, L50, F|100\/100\n|-ability|p1b: Incineroar|Intimidate|boost\n|-unboost|p2a: Landorus|atk|1\n|-unboost|p2b: Urshifu|atk|1\n|turn|6\n|\n|t:|1738073803\n|move|p1b: Incineroar|Fake Out|p2b: Urshifu\n|-damage|p2b: Urshifu|0 fnt\n|faint|p2b: Urshifu\n|move|p2a: Landorus|Earth Power|p1a: Terapagos\n|-damage|p1a: Terapagos|0 fnt\n|faint|p1a: Terapagos\n|\n|-sideend|p2: Cdogp|move: Tailwind\n|upkeep\n|\n|t:|1738073810\n|switch|p2b: Calyrex|Calyrex-Ice, L50|100\/100\n|switch|p1a: Ogerpon|Ogerpon-Cornerstone, L50, F|20\/100\n|-ability|p2b: Calyrex|As One\n|-ability|p2b: Calyrex|Unnerve\n|turn|7\n|\n|t:|1738073834\n|-terastallize|p2b: Calyrex|Water\n|move|p1a: Ogerpon|Spiky Shield|p1a: Ogerpon\n|-singleturn|p1a: Ogerpon|move: Protect\n|move|p2a: Landorus|Earth Power|p1b: Incineroar\n|-supereffective|p1b: Incineroar\n|-damage|p1b: Incineroar|15\/100\n|move|p2b: Calyrex|Glacial Lance|p1a: Ogerpon|[spread] p1b\n|-activate|p1a: Ogerpon|move: Protect\n|-resisted|p1b: Incineroar\n|-damage|p1b: Incineroar|0 fnt\n|faint|p1b: Incineroar\n|-ability|p2b: Calyrex|Chilling Neigh|boost\n|-boost|p2b: Calyrex|atk|1\n|\n|upkeep\n|turn|8\n|-message|crowz000 forfeited.\n|\n|win|Cdogp\n|raw|crowz000's rating: 1692 &rarr; <strong>1675<\/strong><br \/>(-17 for losing)\n|raw|Cdogp's rating: 1736 &rarr; <strong>1753<\/strong><br \/>(+17 for winning)\n|l|\u2606crowz000\n|player|p1|\n|l|\u2606Cdogp\n|player|p2|\n","uploadtime":1738074071,"views":44,"formatid":"gen9vgc2025regg","rating":1675,"private":0,"password":null}