{"id":"gen9vgc2025regg-2289951228","format":"[Gen 9] VGC 2025 Reg G","players":["ZTMY ENCORE","Yung Trav"],"log":"|j|\u2606ZTMY ENCORE\n|j|\u203dYung Trav\n|t:|1738084538\n|gametype|doubles\n|player|p1|ZTMY ENCORE|102|1697\n|player|p2|Yung Trav|102|1599\n|teamsize|p1|6\n|teamsize|p2|6\n|gen|9\n|tier|[Gen 9] VGC 2025 Reg G\n|rated|\n|rule|Species Clause: Limit one of each Pok\u00e9mon\n|rule|Item Clause: Limit 1 of each item\n|clearpoke\n|poke|p1|Terapagos, L50, M|\n|poke|p1|Smeargle, L50, F|\n|poke|p1|Tornadus, L50, M|\n|poke|p1|Ogerpon-Hearthflame, L50, F|\n|poke|p1|Dondozo, L50, F|\n|poke|p1|Tatsugiri-Droopy, L50, F|\n|poke|p2|Calyrex-Ice, L50|\n|poke|p2|Regidrago, L50|\n|poke|p2|Smeargle, L50, M|\n|poke|p2|Farigiraf, L50, M|\n|poke|p2|Urshifu-*, L50, M|\n|poke|p2|Ogerpon-Cornerstone, L50, F|\n|teampreview|4\n|\n|t:|1738084577\n|start\n|switch|p1a: Dondozo|Dondozo, L50, F|100\/100\n|switch|p1b: Ogerpon|Ogerpon-Hearthflame, L50, F|100\/100\n|switch|p2a: Calyrex|Calyrex-Ice, L50|100\/100\n|switch|p2b: Smeargle|Smeargle, L50, M, shiny|100\/100\n|-ability|p2a: Calyrex|As One\n|-ability|p2a: Calyrex|Unnerve\n|-ability|p1b: Ogerpon|Mold Breaker\n|turn|1\n|\n|t:|1738084617\n|switch|p1b: Tatsugiri|Tatsugiri-Droopy, L50, F|100\/100\n|-activate|p1b: Tatsugiri|ability: Commander|[of] p1a: Dondozo\n|-boost|p1a: Dondozo|atk|2\n|-boost|p1a: Dondozo|spa|2\n|-boost|p1a: Dondozo|spe|2\n|-boost|p1a: Dondozo|def|2\n|-boost|p1a: Dondozo|spd|2\n|-terastallize|p2a: Calyrex|Water\n|move|p2b: Smeargle|Fake Out|p1b: Tatsugiri|[miss]\n|-miss|p2b: Smeargle|p1b: Tatsugiri\n|move|p1a: Dondozo|Substitute|p1a: Dondozo\n|-start|p1a: Dondozo|Substitute\n|-damage|p1a: Dondozo|76\/100\n|move|p2a: Calyrex|Trick Room|p2a: Calyrex\n|-fieldstart|move: Trick Room|[of] p2a: Calyrex\n|\n|-heal|p1a: Dondozo|82\/100|[from] item: Leftovers\n|upkeep\n|turn|2\n|\n|t:|1738084645\n|switch|p2b: Regidrago|Regidrago, L50, shiny|100\/100\n|move|p2a: Calyrex|High Horsepower|p1a: Dondozo\n|-activate|p1a: Dondozo|move: Substitute|[damage]\n|move|p1a: Dondozo|Order Up|p2b: Regidrago\n|-supereffective|p2b: Regidrago\n|-damage|p2b: Regidrago|47\/100\n|-boost|p1a: Dondozo|def|1\n|\n|-heal|p1a: Dondozo|88\/100|[from] item: Leftovers\n|upkeep\n|turn|3\n|\n|t:|1738084670\n|-terastallize|p1a: Dondozo|Fairy\n|move|p2b: Regidrago|Draco Meteor|p1a: Dondozo\n|-immune|p1a: Dondozo\n|move|p2a: Calyrex|High Horsepower|p1a: Dondozo\n|-activate|p1a: Dondozo|move: Substitute|[damage]\n|move|p1a: Dondozo|Body Press|p2a: Calyrex\n|-damage|p2a: Calyrex|59\/100\n|\n|-heal|p1a: Dondozo|94\/100|[from] item: Leftovers\n|upkeep\n|turn|4\n|\n|t:|1738084691\n|move|p2b: Regidrago|Earth Power|p1a: Dondozo\n|-end|p1a: Dondozo|Substitute\n|move|p2a: Calyrex|Glacial Lance|p1a: Dondozo|[spread] p1a\n|-miss|p2a: Calyrex|p1b: Tatsugiri\n|-damage|p1a: Dondozo|83\/100\n|move|p1a: Dondozo|Order Up|p2a: Calyrex\n|-damage|p2a: Calyrex|34\/100\n|-boost|p1a: Dondozo|def|1\n|\n|-heal|p1a: Dondozo|89\/100|[from] item: Leftovers\n|upkeep\n|turn|5\n|\n|t:|1738084715\n|switch|p2b: Smeargle|Smeargle, L50, M, shiny|100\/100\n|switch|p2a: Urshifu|Urshifu, L50, M|100\/100\n|move|p1a: Dondozo|Body Press|p2a: Urshifu\n|-supereffective|p2a: Urshifu\n|-damage|p2a: Urshifu|0 fnt\n|faint|p2a: Urshifu\n|\n|-heal|p1a: Dondozo|95\/100|[from] item: Leftovers\n|-fieldend|move: Trick Room\n|upkeep\n|-message|Yung Trav forfeited.\n|\n|win|ZTMY ENCORE\n|raw|ZTMY ENCORE's rating: 1697 &rarr; <strong>1712<\/strong><br \/>(+15 for winning)\n|raw|Yung Trav's rating: 1599 &rarr; <strong>1584<\/strong><br \/>(-15 for losing)\n|l|\u203dYung Trav\n|player|p2|\n|j|\u203dYung Trav\n|player|p2|Yung Trav|102|\n|l|\u2606ZTMY ENCORE\n|player|p1|\n|l|\u203dYung Trav\n|player|p2|\n","uploadtime":1738084996,"views":52,"formatid":"gen9vgc2025regg","rating":1584,"private":0,"password":null}