{"id":"gen9vgc2025regg-2289624390","format":"[Gen 9] VGC 2025 Reg G","players":["Xermaeus","Wilfredistall"],"log":"|j|\u2606Xermaeus\n|j|\u2606Wilfredistall\n|t:|1738038409\n|gametype|doubles\n|player|p1|Xermaeus|170|1654\n|player|p2|Wilfredistall|170|1653\n|teamsize|p1|6\n|teamsize|p2|6\n|gen|9\n|tier|[Gen 9] VGC 2025 Reg G\n|rated|\n|rule|Species Clause: Limit one of each Pok\u00e9mon\n|rule|Item Clause: Limit 1 of each item\n|clearpoke\n|poke|p1|Whimsicott, L50, M|\n|poke|p1|Miraidon, L50|\n|poke|p1|Farigiraf, L50, F|\n|poke|p1|Iron Hands, L50|\n|poke|p1|Ogerpon-Hearthflame, L50, F|\n|poke|p1|Urshifu-*, L50, M|\n|poke|p2|Miraidon, L50|\n|poke|p2|Whimsicott, L50, M|\n|poke|p2|Urshifu-*, L50, M|\n|poke|p2|Ogerpon-Hearthflame, L50, F|\n|poke|p2|Farigiraf, L50, M|\n|poke|p2|Iron Hands, L50|\n|teampreview|4\nWilfredistall has agreed to open team sheets.\n|j| jdarcan\n|inactive|Battle timer is ON: inactive players will automatically lose when time's up. (requested by Wilfredistall)\n|inactive|Xermaeus has 60 seconds left.\n|inactive|Xermaeus has 30 seconds left.\n|\n|t:|1738038506\n|start\n|switch|p1a: Ogerpon|Ogerpon-Hearthflame, L50, F|100\/100\n|switch|p1b: Iron Hands|Iron Hands, L50, shiny|100\/100\n|switch|p2a: Whimsicott|Whimsicott, L50, M|100\/100\n|switch|p2b: Miraidon|Miraidon, L50|100\/100\n|-fieldstart|move: Electric Terrain|[from] ability: Hadron Engine|[of] p2b: Miraidon\n|-activate|p1b: Iron Hands|ability: Quark Drive\n|-start|p1b: Iron Hands|quarkdriveatk\n|-ability|p1a: Ogerpon|Mold Breaker\n|turn|1\n|\n|t:|1738038529\n|switch|p2a: Ogerpon|Ogerpon-Hearthflame, L50, F|100\/100\n|-ability|p2a: Ogerpon|Mold Breaker\n|move|p1b: Iron Hands|Fake Out|p2b: Miraidon\n|-damage|p2b: Miraidon|79\/100\n|cant|p2b: Miraidon|flinch\n|move|p1a: Ogerpon|Ivy Cudgel|p2a: Ogerpon|[anim] Ivy Cudgel Fire\n|-damage|p2a: Ogerpon|40\/100\n|\n|upkeep\n|turn|2\n|inactive|Xermaeus has 30 seconds left.\n|\n|t:|1738038559\n|move|p2a: Ogerpon|Spiky Shield|p2a: Ogerpon\n|-singleturn|p2a: Ogerpon|move: Protect\n|move|p2b: Miraidon|Draco Meteor|p1a: Ogerpon\n|-damage|p1a: Ogerpon|0 fnt\n|-unboost|p2b: Miraidon|spa|2\n|faint|p1a: Ogerpon\n|move|p1b: Iron Hands|Drain Punch|p2b: Miraidon\n|-damage|p2b: Miraidon|19\/100\n|\n|upkeep\n|\n|t:|1738038573\n|switch|p1a: Miraidon|Miraidon, L50|100\/100\n|-activate|p1a: Miraidon|ability: Hadron Engine\n|turn|3\n|\n|t:|1738038587\n|switch|p2b: Whimsicott|Whimsicott, L50, M|100\/100\n|move|p1a: Miraidon|Volt Switch|p2a: Ogerpon\n|-resisted|p2a: Ogerpon\n|-damage|p2a: Ogerpon|0 fnt\n|faint|p2a: Ogerpon\n|\n|t:|1738038594\n|switch|p1a: Urshifu|Urshifu, L50, M|100\/100|[from] Volt Switch\n|move|p1b: Iron Hands|Drain Punch|p2b: Whimsicott\n|-resisted|p2b: Whimsicott\n|-damage|p2b: Whimsicott|65\/100\n|\n|upkeep\n|\n|t:|1738038598\n|switch|p2a: Iron Hands|Iron Hands, L50|100\/100\n|-activate|p2a: Iron Hands|ability: Quark Drive\n|-start|p2a: Iron Hands|quarkdriveatk\n|turn|4\n|\n|t:|1738038616\n|move|p1a: Urshifu|Protect|p1a: Urshifu\n|-singleturn|p1a: Urshifu|Protect\n|move|p2a: Iron Hands|Fake Out|p1b: Iron Hands\n|-damage|p1b: Iron Hands|88\/100\n|move|p2b: Whimsicott|Tailwind|p2b: Whimsicott\n|-sidestart|p2: Wilfredistall|move: Tailwind\n|cant|p1b: Iron Hands|flinch\n|\n|upkeep\n|turn|5\n|j| takuchyan\n|inactive|Xermaeus has 30 seconds left.\n|inactive|Xermaeus has 20 seconds left.\n|\n|t:|1738038652\n|move|p2b: Whimsicott|Moonblast|p1a: Urshifu\n|-supereffective|p1a: Urshifu\n|-enditem|p1a: Urshifu|Focus Sash\n|-damage|p1a: Urshifu|1\/100\n|move|p1a: Urshifu|Close Combat|p2a: Iron Hands\n|-damage|p2a: Iron Hands|55\/100\n|-unboost|p1a: Urshifu|def|1\n|-unboost|p1a: Urshifu|spd|1\n|move|p2a: Iron Hands|Drain Punch|p1a: Urshifu\n|-supereffective|p1a: Urshifu\n|-damage|p1a: Urshifu|0 fnt\n|-heal|p2a: Iron Hands|55\/100|[from] drain|[of] p1a: Urshifu\n|faint|p1a: Urshifu\n|move|p1b: Iron Hands|Drain Punch|p2a: Iron Hands\n|-damage|p2a: Iron Hands|12\/100\n|-heal|p1b: Iron Hands|100\/100|[from] drain|[of] p2a: Iron Hands\n|\n|-fieldend|move: Electric Terrain\n|-end|p2a: Iron Hands|Quark Drive\n|-end|p1b: Iron Hands|Quark Drive\n|upkeep\n|\n|t:|1738038672\n|switch|p1a: Miraidon|Miraidon, L50|100\/100\n|-fieldstart|move: Electric Terrain|[from] ability: Hadron Engine|[of] p1a: Miraidon\n|-activate|p2a: Iron Hands|ability: Quark Drive\n|-start|p2a: Iron Hands|quarkdriveatk\n|-activate|p1b: Iron Hands|ability: Quark Drive\n|-start|p1b: Iron Hands|quarkdriveatk\n|turn|6\n|\n|t:|1738038698\n|-terastallize|p1a: Miraidon|Fairy\n|move|p2b: Whimsicott|Light Screen|p2b: Whimsicott\n|-sidestart|p2: Wilfredistall|move: Light Screen\n|move|p1a: Miraidon|Dazzling Gleam|p2b: Whimsicott|[spread] p2a,p2b\n|-supereffective|p2a: Iron Hands\n|-damage|p2a: Iron Hands|0 fnt\n|-damage|p2b: Whimsicott|13\/100\n|faint|p2a: Iron Hands\n|-end|p2a: Iron Hands|Quark Drive|[silent]\n|move|p1b: Iron Hands|Drain Punch|p2b: Whimsicott\n|-resisted|p2b: Whimsicott\n|-damage|p2b: Whimsicott|0 fnt\n|faint|p2b: Whimsicott\n|\n|upkeep\n|\n|t:|1738038701\n|switch|p2a: Miraidon|Miraidon, L50|19\/100\n|-activate|p2a: Miraidon|ability: Hadron Engine\n|turn|7\n|\n|t:|1738038717\n|-terastallize|p2a: Miraidon|Fairy\n|move|p2a: Miraidon|Dazzling Gleam|p1b: Iron Hands|[spread] p1a,p1b\n|-crit|p1a: Miraidon\n|-supereffective|p1b: Iron Hands\n|-damage|p1a: Miraidon|14\/100\n|-damage|p1b: Iron Hands|19\/100\n|move|p1a: Miraidon|Dazzling Gleam|p2a: Miraidon\n|-damage|p2a: Miraidon|0 fnt\n|faint|p2a: Miraidon\n|\n|win|Xermaeus\n|raw|Xermaeus's rating: 1654 &rarr; <strong>1674<\/strong><br \/>(+20 for winning)\n|raw|Wilfredistall's rating: 1653 &rarr; <strong>1633<\/strong><br \/>(-20 for losing)\n|l|\u2606Wilfredistall\n|player|p2|\n|l|\u2606Xermaeus\n|player|p1|\n","uploadtime":1738038927,"views":24,"formatid":"gen9vgc2025regg","rating":1633,"private":0,"password":null}