{"id":"gen9vgc2025regg-2289172124","format":"[Gen 9] VGC 2025 Reg G","players":["bluestraggler01","Snorlax Double"],"log":"|j|\u2606bluestraggler01\n|j|\u2606Snorlax Double\n|t:|1737989069\n|gametype|doubles\n|player|p1|bluestraggler01|266|1674\n|player|p2|Snorlax Double|acetrainer-gen4dp|1603\n|teamsize|p1|6\n|teamsize|p2|6\n|gen|9\n|tier|[Gen 9] VGC 2025 Reg G\n|rated|\n|rule|Species Clause: Limit one of each Pok\u00e9mon\n|rule|Item Clause: Limit 1 of each item\n|clearpoke\n|poke|p1|Koraidon, L50|\n|poke|p1|Flutter Mane, L50|\n|poke|p1|Iron Jugulis, L50|\n|poke|p1|Armarouge, L50, F|\n|poke|p1|Ogerpon-Cornerstone, L50, F|\n|poke|p1|Raging Bolt, L50|\n|poke|p2|Dondozo, L50, F|\n|poke|p2|Ting-Lu, L50|\n|poke|p2|Calyrex-Shadow, L50|\n|poke|p2|Ogerpon-Hearthflame, L50, F|\n|poke|p2|Urshifu-*, L50, F|\n|poke|p2|Whimsicott, L50, M|\n|teampreview|4\n|\n|t:|1737989097\n|start\n|switch|p1a: Ogerpon|Ogerpon-Cornerstone, L50, F|100\/100\n|switch|p1b: Raging Bolt|Raging Bolt, L50|100\/100\n|switch|p2a: Dondozo|Dondozo, L50, F|100\/100\n|switch|p2b: Ting-Lu|Ting-Lu, L50|100\/100\n|-ability|p2b: Ting-Lu|Vessel of Ruin\n|turn|1\n|inactive|Battle timer is ON: inactive players will automatically lose when time's up. (requested by bluestraggler01)\n|\n|t:|1737989128\n|-terastallize|p2a: Dondozo|Dragon\n|move|p1a: Ogerpon|Spiky Shield|p1a: Ogerpon\n|-singleturn|p1a: Ogerpon|move: Protect\n|move|p1b: Raging Bolt|Protect|p1b: Raging Bolt\n|-singleturn|p1b: Raging Bolt|Protect\n|move|p2b: Ting-Lu|Sand Tomb|p1b: Raging Bolt\n|-activate|p1b: Raging Bolt|move: Protect\n|move|p2a: Dondozo|Yawn|p1b: Raging Bolt\n|-activate|p1b: Raging Bolt|move: Protect\n|\n|upkeep\n|turn|2\n|\n|t:|1737989149\n|switch|p1a: Koraidon|Koraidon, L50|100\/100\n|-weather|SunnyDay|[from] ability: Orichalcum Pulse|[of] p1a: Koraidon\n|-activate|p1b: Raging Bolt|ability: Protosynthesis\n|-start|p1b: Raging Bolt|protosynthesisspa\n|-activate|p1a: Koraidon|Orichalcum Pulse|[source]\n|move|p2a: Dondozo|Protect|p2a: Dondozo\n|-singleturn|p2a: Dondozo|Protect\n|move|p1b: Raging Bolt|Draco Meteor|p2a: Dondozo\n|-activate|p2a: Dondozo|move: Protect\n|move|p2b: Ting-Lu|Sand Tomb|p1b: Raging Bolt\n|-supereffective|p1b: Raging Bolt\n|-damage|p1b: Raging Bolt|78\/100\n|-activate|p1b: Raging Bolt|move: Sand Tomb|[of] p2b: Ting-Lu\n|\n|-weather|SunnyDay|[upkeep]\n|-damage|p1b: Raging Bolt|65\/100|[from] move: Sand Tomb|[partiallytrapped]\n|upkeep\n|turn|3\n|\n|t:|1737989174\n|switch|p2a: Whimsicott|Whimsicott, L50, M|100\/100\n|move|p2b: Ting-Lu|Protect|p2b: Ting-Lu\n|-singleturn|p2b: Ting-Lu|Protect\n|move|p1a: Koraidon|Collision Course|p2b: Ting-Lu\n|-activate|p2b: Ting-Lu|move: Protect\n|move|p1b: Raging Bolt|Draco Meteor|p2a: Whimsicott\n|-immune|p2a: Whimsicott\n|\n|-weather|SunnyDay|[upkeep]\n|-damage|p1b: Raging Bolt|53\/100|[from] move: Sand Tomb|[partiallytrapped]\n|upkeep\n|turn|4\n|inactive|Snorlax Double has 30 seconds left.\n|inactive|Snorlax Double has 20 seconds left.\n|inactive|bluestraggler01 has 30 seconds left.\n|\n|t:|1737989216\n|-terastallize|p1a: Koraidon|Fire\n|move|p2a: Whimsicott|Moonblast|p1a: Koraidon\n|-resisted|p1a: Koraidon\n|-damage|p1a: Koraidon|94\/100\n|-unboost|p1a: Koraidon|spa|1\n|move|p1a: Koraidon|Flame Charge|p2a: Whimsicott\n|-supereffective|p2a: Whimsicott\n|-damage|p2a: Whimsicott|0 fnt\n|-boost|p1a: Koraidon|spe|1\n|faint|p2a: Whimsicott\n|move|p1b: Raging Bolt|Draco Meteor|p2b: Ting-Lu\n|-damage|p2b: Ting-Lu|44\/100\n|-unboost|p1b: Raging Bolt|spa|2\n|-damage|p1b: Raging Bolt|43\/100|[from] item: Life Orb\n|move|p2b: Ting-Lu|Ruination|p1a: Koraidon\n|-damage|p1a: Koraidon|48\/100\n|\n|-weather|SunnyDay|[upkeep]\n|-damage|p1b: Raging Bolt|31\/100|[from] move: Sand Tomb|[partiallytrapped]\n|upkeep\n|\n|t:|1737989237\n|switch|p2a: Dondozo|Dondozo, L50, F, tera:Dragon|100\/100\n|turn|5\n|\n|t:|1737989252\n|move|p2b: Ting-Lu|Protect|p2b: Ting-Lu\n|-singleturn|p2b: Ting-Lu|Protect\n|move|p1a: Koraidon|Drain Punch|p2b: Ting-Lu\n|-activate|p2b: Ting-Lu|move: Protect\n|move|p1b: Raging Bolt|Draco Meteor|p2a: Dondozo\n|-supereffective|p2a: Dondozo\n|-damage|p2a: Dondozo|23\/100\n|-unboost|p1b: Raging Bolt|spa|2\n|-damage|p1b: Raging Bolt|22\/100|[from] item: Life Orb\n|move|p2a: Dondozo|Yawn|p1a: Koraidon\n|-start|p1a: Koraidon|move: Yawn|[of] p2a: Dondozo\n|\n|-weather|SunnyDay|[upkeep]\n|-heal|p2a: Dondozo|30\/100|[from] item: Leftovers\n|-damage|p1b: Raging Bolt|9\/100|[from] move: Sand Tomb|[partiallytrapped]\n|upkeep\n|turn|6\n|inactive|bluestraggler01 has 30 seconds left.\n|inactive|Snorlax Double has 30 seconds left.\n|inactive|bluestraggler01 has 20 seconds left.\n|inactive|Snorlax Double has 20 seconds left.\n|inactive|bluestraggler01 has 15 seconds left.\n|inactive|Snorlax Double has 15 seconds left.\n|\n|t:|1737989296\n|switch|p1a: Iron Jugulis|Iron Jugulis, L50|100\/100\n|-enditem|p1a: Iron Jugulis|Booster Energy\n|-activate|p1a: Iron Jugulis|ability: Quark Drive|[fromitem]\n|-start|p1a: Iron Jugulis|quarkdrivespe\n|move|p1b: Raging Bolt|Draco Meteor|p2a: Dondozo\n|-supereffective|p2a: Dondozo\n|-damage|p2a: Dondozo|0 fnt\n|-unboost|p1b: Raging Bolt|spa|2\n|faint|p2a: Dondozo\n|-damage|p1b: Raging Bolt|0 fnt|[from] item: Life Orb\n|faint|p1b: Raging Bolt\n|-end|p1b: Raging Bolt|Protosynthesis|[silent]\n|move|p2b: Ting-Lu|Ruination|p1a: Iron Jugulis\n|-damage|p1a: Iron Jugulis|51\/100\n|\n|-weather|none\n|upkeep\n|\n|t:|1737989312\n|switch|p1b: Ogerpon|Ogerpon-Cornerstone, L50, F|100\/100\n|switch|p2a: Calyrex|Calyrex-Shadow, L50|100\/100\n|-ability|p2a: Calyrex|As One\n|-ability|p2a: Calyrex|Unnerve\n|turn|7\n|\n|t:|1737989326\n|move|p2a: Calyrex|Protect|p2a: Calyrex\n|-singleturn|p2a: Calyrex|Protect\n|move|p1a: Iron Jugulis|Snarl|p2a: Calyrex|[spread] p2b\n|-activate|p2a: Calyrex|move: Protect\n|-resisted|p2b: Ting-Lu\n|-crit|p2b: Ting-Lu\n|-damage|p2b: Ting-Lu|37\/100\n|-unboost|p2b: Ting-Lu|spa|1\n|move|p1b: Ogerpon|Power Whip|p2b: Ting-Lu\n|-supereffective|p2b: Ting-Lu\n|-damage|p2b: Ting-Lu|0 fnt\n|-damage|p1b: Ogerpon|84\/100|[from] item: Rocky Helmet|[of] p2b: Ting-Lu\n|faint|p2b: Ting-Lu\n|\n|upkeep\n|turn|8\n|\n|t:|1737989337\n|move|p1a: Iron Jugulis|Snarl|p2a: Calyrex\n|-supereffective|p2a: Calyrex\n|-damage|p2a: Calyrex|16\/100\n|-unboost|p2a: Calyrex|spa|1\n|move|p2a: Calyrex|Astral Barrage|p1b: Ogerpon|[spread] p1a,p1b\n|-resisted|p1a: Iron Jugulis\n|-damage|p1a: Iron Jugulis|24\/100\n|-damage|p1b: Ogerpon|31\/100\n|-damage|p2a: Calyrex|6\/100|[from] item: Life Orb\n|move|p1b: Ogerpon|Ivy Cudgel|p2a: Calyrex|[anim] Ivy Cudgel Rock\n|-damage|p2a: Calyrex|0 fnt\n|faint|p2a: Calyrex\n|\n|win|bluestraggler01\n|raw|bluestraggler01's rating: 1674 &rarr; <strong>1691<\/strong><br \/>(+17 for winning)\n|raw|Snorlax Double's rating: 1618 &rarr; <strong>1601<\/strong><br \/>(-17 for losing)\n|l|\u2606bluestraggler01\n|player|p1|\n|l|\u2606Snorlax Double\n|player|p2|\n","uploadtime":1737989498,"views":12,"formatid":"gen9vgc2025regg","rating":1601,"private":0,"password":null}