{"id":"gen9vgc2025regg-2289232006","format":"[Gen 9] VGC 2025 Reg G","players":["Yung Trav","meiose"],"log":"|j|\u2606Yung Trav\n|j|\u2606meiose\n|t:|1737995208\n|gametype|doubles\n|player|p1|Yung Trav|265|1651\n|player|p2|meiose|schoolkid-gen4|1761\n|teamsize|p1|6\n|teamsize|p2|6\n|gen|9\n|tier|[Gen 9] VGC 2025 Reg G\n|rated|\n|rule|Species Clause: Limit one of each Pok\u00e9mon\n|rule|Item Clause: Limit 1 of each item\n|clearpoke\n|poke|p1|Calyrex-Ice, L50|\n|poke|p1|Regidrago, L50|\n|poke|p1|Smeargle, L50, M|\n|poke|p1|Farigiraf, L50, M|\n|poke|p1|Urshifu-*, L50, M|\n|poke|p1|Ogerpon-Cornerstone, L50, F|\n|poke|p2|Zamazenta-*, L50|\n|poke|p2|Chien-Pao, L50|\n|poke|p2|Urshifu-*, L50, F|\n|poke|p2|Ogerpon-Hearthflame, L50, F|\n|poke|p2|Raging Bolt, L50|\n|poke|p2|Landorus, L50, M|\n|teampreview|4\n|\n|t:|1737995313\n|start\n|switch|p1a: Calyrex|Calyrex-Ice, L50|100\/100\n|switch|p1b: Smeargle|Smeargle, L50, M, shiny|100\/100\n|switch|p2a: Urshifu|Urshifu, L50, F|100\/100\n|switch|p2b: Zamazenta|Zamazenta-Crowned, L50|100\/100\n|-ability|p1a: Calyrex|As One\n|-ability|p1a: Calyrex|Unnerve\n|-ability|p2b: Zamazenta|Dauntless Shield|boost\n|-boost|p2b: Zamazenta|def|1\n|turn|1\n|inactive|Battle timer is ON: inactive players will automatically lose when time's up. (requested by meiose)\n|\n|t:|1737995329\n|-terastallize|p1a: Calyrex|Water\n|move|p2b: Zamazenta|Body Press|p1a: Calyrex\n|-damage|p1a: Calyrex|52\/100\n|move|p2a: Urshifu|Wicked Blow|p1a: Calyrex\n|-crit|p1a: Calyrex\n|-damage|p1a: Calyrex|9\/100\n|move|p1b: Smeargle|Spore|p2b: Zamazenta\n|-status|p2b: Zamazenta|slp|[from] move: Spore\n|move|p1a: Calyrex|Trick Room|p1a: Calyrex\n|-fieldstart|move: Trick Room|[of] p1a: Calyrex\n|\n|upkeep\n|turn|2\n|inactive|Yung Trav has 30 seconds left.\n|inactive|meiose has 30 seconds left.\n|\n|t:|1737995363\n|move|p1b: Smeargle|Spore|p2a: Urshifu\n|-activate|p2a: Urshifu|item: Safety Goggles|Spore\n|move|p1a: Calyrex|High Horsepower|p2b: Zamazenta\n|-supereffective|p2b: Zamazenta\n|-damage|p2b: Zamazenta|65\/100 slp\n|move|p2a: Urshifu|Wicked Blow|p1a: Calyrex\n|-crit|p1a: Calyrex\n|-damage|p1a: Calyrex|0 fnt\n|faint|p1a: Calyrex\n|cant|p2b: Zamazenta|slp\n|\n|upkeep\n|\n|t:|1737995375\n|switch|p1a: Regidrago|Regidrago, L50, shiny|100\/100\n|turn|3\n|j| mentalrofl\n|inactive|meiose has 30 seconds left.\n|\n|t:|1737995401\n|move|p2a: Urshifu|Detect|p2a: Urshifu\n|-singleturn|p2a: Urshifu|Protect\n|cant|p2b: Zamazenta|slp\n|move|p1a: Regidrago|Dragon Energy|p2a: Urshifu|[spread] p2b\n|-activate|p2a: Urshifu|move: Protect\n|-resisted|p2b: Zamazenta\n|-damage|p2b: Zamazenta|35\/100 slp\n|move|p1b: Smeargle|Decorate|p1a: Regidrago\n|-boost|p1a: Regidrago|atk|2\n|-boost|p1a: Regidrago|spa|2\n|\n|upkeep\n|turn|4\n|\n|t:|1737995427\n|cant|p2b: Zamazenta|slp\n|move|p1b: Smeargle|Follow Me|p1b: Smeargle\n|-singleturn|p1b: Smeargle|move: Follow Me\n|move|p1a: Regidrago|Earth Power|p2b: Zamazenta\n|-supereffective|p2b: Zamazenta\n|-damage|p2b: Zamazenta|0 fnt\n|faint|p2b: Zamazenta\n|move|p2a: Urshifu|Wicked Blow|p1b: Smeargle\n|-crit|p1b: Smeargle\n|-damage|p1b: Smeargle|8\/100\n|\n|upkeep\n|j| Triple20\n|inactive|meiose has 30 seconds left.\n|\n|t:|1737995453\n|switch|p2b: Ogerpon|Ogerpon-Hearthflame, L50, F|100\/100\n|-ability|p2b: Ogerpon|Mold Breaker\n|turn|5\n|\n|t:|1737995467\n|move|p2a: Urshifu|Detect|p2a: Urshifu\n|-singleturn|p2a: Urshifu|Protect\n|move|p2b: Ogerpon|Spiky Shield|p2b: Ogerpon\n|-singleturn|p2b: Ogerpon|move: Protect\n|move|p1a: Regidrago|Dragon Energy|p2b: Ogerpon|[spread] \n|-activate|p2a: Urshifu|move: Protect\n|-activate|p2b: Ogerpon|move: Protect\n|move|p1b: Smeargle|Decorate|p1a: Regidrago\n|-boost|p1a: Regidrago|atk|2\n|-boost|p1a: Regidrago|spa|2\n|\n|-fieldend|move: Trick Room\n|upkeep\n|turn|6\n|inactive|Yung Trav has 30 seconds left.\n|\n|t:|1737995492\n|move|p1b: Smeargle|Follow Me|p1b: Smeargle\n|-singleturn|p1b: Smeargle|move: Follow Me\n|move|p2b: Ogerpon|Ivy Cudgel|p1b: Smeargle|[anim] Ivy Cudgel Fire\n|-damage|p1b: Smeargle|0 fnt\n|faint|p1b: Smeargle\n|move|p2a: Urshifu|Close Combat|p1a: Regidrago\n|-damage|p1a: Regidrago|49\/100\n|-unboost|p2a: Urshifu|def|1\n|-unboost|p2a: Urshifu|spd|1\n|move|p1a: Regidrago|Draco Meteor|p2a: Urshifu\n|-damage|p2a: Urshifu|0 fnt\n|-unboost|p1a: Regidrago|spa|2\n|faint|p2a: Urshifu\n|\n|upkeep\n|\n|t:|1737995509\n|switch|p2a: Raging Bolt|Raging Bolt, L50|100\/100\n|switch|p1b: Ogerpon|Ogerpon-Cornerstone, L50, F|100\/100\n|turn|7\n|\n|t:|1737995534\n|-terastallize|p2a: Raging Bolt|Fairy\n|move|p2b: Ogerpon|Spiky Shield|p2b: Ogerpon\n|-singleturn|p2b: Ogerpon|move: Protect\n|move|p1b: Ogerpon|Ivy Cudgel|p2b: Ogerpon|[anim] Ivy Cudgel Rock\n|-activate|p2b: Ogerpon|move: Protect\n|move|p2a: Raging Bolt|Draco Meteor|p1a: Regidrago\n|-supereffective|p1a: Regidrago\n|-damage|p1a: Regidrago|0 fnt\n|-unboost|p2a: Raging Bolt|spa|2\n|faint|p1a: Regidrago\n|\n|upkeep\n|turn|8\n|\n|t:|1737995557\n|move|p2b: Ogerpon|Spiky Shield|p2b: Ogerpon\n|-singleturn|p2b: Ogerpon|move: Protect\n|move|p1b: Ogerpon|Ivy Cudgel|p2b: Ogerpon|[anim] Ivy Cudgel Rock\n|-activate|p2b: Ogerpon|move: Protect\n|move|p2a: Raging Bolt|Draco Meteor|p1b: Ogerpon\n|-damage|p1b: Ogerpon|56\/100\n|-unboost|p2a: Raging Bolt|spa|2\n|\n|upkeep\n|turn|9\n|\n|t:|1737995574\n|move|p1b: Ogerpon|Ivy Cudgel|p2b: Ogerpon|[anim] Ivy Cudgel Rock\n|-supereffective|p2b: Ogerpon\n|-damage|p2b: Ogerpon|0 fnt\n|faint|p2b: Ogerpon\n|move|p2a: Raging Bolt|Draco Meteor|p1b: Ogerpon\n|-damage|p1b: Ogerpon|31\/100\n|-unboost|p2a: Raging Bolt|spa|2\n|\n|upkeep\n|turn|10\n|l| Triple20\n|\n|t:|1737995587\n|move|p1b: Ogerpon|Ivy Cudgel|p2a: Raging Bolt|[anim] Ivy Cudgel Rock\n|-crit|p2a: Raging Bolt\n|-damage|p2a: Raging Bolt|37\/100\n|move|p2a: Raging Bolt|Draco Meteor|p1b: Ogerpon\n|-damage|p1b: Ogerpon|8\/100\n|\n|upkeep\n|turn|11\n|\n|t:|1737995600\n|move|p2a: Raging Bolt|Thunderclap|p1b: Ogerpon\n|-resisted|p1b: Ogerpon\n|-damage|p1b: Ogerpon|2\/100\n|move|p1b: Ogerpon|Ivy Cudgel|p2a: Raging Bolt|[anim] Ivy Cudgel Rock\n|-damage|p2a: Raging Bolt|0 fnt\n|faint|p2a: Raging Bolt\n|-end|p2a: Raging Bolt|Protosynthesis|[silent]\n|\n|win|Yung Trav\n|raw|Yung Trav's rating: 1651 &rarr; <strong>1677<\/strong><br \/>(+26 for winning)\n|raw|meiose's rating: 1761 &rarr; <strong>1735<\/strong><br \/>(-26 for losing)\n|l|\u2606Yung Trav\n|player|p1|\n|l| mentalrofl\n|l|\u2606meiose\n|player|p2|\n","uploadtime":1737995603,"views":77,"formatid":"gen9vgc2025regg","rating":1677,"private":0,"password":null}