{"id":"gen9vgc2025regg-2289894571","format":"[Gen 9] VGC 2025 Reg G","players":["lohnernest","Yung Trav"],"log":"|j|\u2606lohnernest\n|j|\u203dYung Trav\n|t:|1738079220\n|gametype|doubles\n|player|p1|lohnernest|interviewers|1544\n|player|p2|Yung Trav|102|1621\n|teamsize|p1|6\n|teamsize|p2|6\n|gen|9\n|tier|[Gen 9] VGC 2025 Reg G\n|rated|\n|rule|Species Clause: Limit one of each Pok\u00e9mon\n|rule|Item Clause: Limit 1 of each item\n|clearpoke\n|poke|p1|Calyrex-Ice, L50|\n|poke|p1|Ursaluna-Bloodmoon, L50, M|\n|poke|p1|Smeargle, L50, M|\n|poke|p1|Farigiraf, L50, M|\n|poke|p1|Annihilape, L50, F|\n|poke|p1|Electabuzz, L50, M|\n|poke|p2|Calyrex-Ice, L50|\n|poke|p2|Regidrago, L50|\n|poke|p2|Smeargle, L50, M|\n|poke|p2|Farigiraf, L50, M|\n|poke|p2|Urshifu-*, L50, M|\n|poke|p2|Ogerpon-Cornerstone, L50, F|\n|teampreview|4\n|inactive|Battle timer is ON: inactive players will automatically lose when time's up. (requested by lohnernest)\n|\n|t:|1738079246\n|start\n|switch|p1a: Calyrex-Rice|Calyrex-Ice, L50|100\/100\n|switch|p1b: Rage Fist|Annihilape, L50, F|100\/100\n|switch|p2a: Calyrex|Calyrex-Ice, L50|100\/100\n|switch|p2b: Smeargle|Smeargle, L50, M, shiny|100\/100\n|-ability|p2a: Calyrex|As One\n|-ability|p2a: Calyrex|Unnerve\n|-ability|p1a: Calyrex-Rice|As One\n|-ability|p1a: Calyrex-Rice|Unnerve\n|turn|1\n|j| armaldolorian11\n|\n|t:|1738079266\n|move|p2a: Calyrex|Protect|p2a: Calyrex\n|-singleturn|p2a: Calyrex|Protect\n|move|p1a: Calyrex-Rice|Protect|p1a: Calyrex-Rice\n|-singleturn|p1a: Calyrex-Rice|Protect\n|move|p1b: Rage Fist|Coaching|p1a: Calyrex-Rice\n|-boost|p1a: Calyrex-Rice|atk|1\n|-boost|p1a: Calyrex-Rice|def|1\n|move|p2b: Smeargle|Spore|p1b: Rage Fist\n|-status|p1b: Rage Fist|slp|[from] move: Spore\n|\n|upkeep\n|turn|2\n|j| ISkippedGen8\n|inactive|lohnernest has 30 seconds left.\n|\n|t:|1738079299\n|switch|p1b: Farigirafarigiraf|Farigiraf, L50, M|100\/100\n|move|p1a: Calyrex-Rice|Glacial Lance|p2b: Smeargle|[spread] p2a,p2b\n|-resisted|p2a: Calyrex\n|-damage|p2a: Calyrex|72\/100\n|-enditem|p2b: Smeargle|Focus Sash\n|-damage|p2b: Smeargle|1\/100\n|move|p2a: Calyrex|Glacial Lance|p1a: Calyrex-Rice|[spread] p1a,p1b\n|-resisted|p1a: Calyrex-Rice\n|-damage|p1a: Calyrex-Rice|87\/100\n|-damage|p1b: Farigirafarigiraf|55\/100\n|move|p2b: Smeargle|Spore|p1a: Calyrex-Rice\n|-status|p1a: Calyrex-Rice|slp|[from] move: Spore\n|\n|upkeep\n|turn|3\n|j| Triple20\n|inactive|Yung Trav has 30 seconds left.\n|inactive|Yung Trav has 20 seconds left.\n|inactive|Yung Trav has 15 seconds left.\n|\n|t:|1738079339\n|switch|p2b: Urshifu|Urshifu, L50, M|100\/100\n|-terastallize|p2a: Calyrex|Water\n|cant|p1a: Calyrex-Rice|slp\n|move|p2a: Calyrex|Glacial Lance|p1a: Calyrex-Rice|[spread] p1a,p1b\n|-resisted|p1a: Calyrex-Rice\n|-damage|p1a: Calyrex-Rice|74\/100 slp\n|-damage|p1b: Farigirafarigiraf|7\/100\n|move|p1b: Farigirafarigiraf|Tera Blast|p2b: Urshifu\n|-damage|p2b: Urshifu|59\/100\n|\n|upkeep\n|turn|4\n|inactive|Yung Trav has 30 seconds left.\n|\n|t:|1738079365\n|switch|p1b: Rage Fist|Annihilape, L50, F|100\/100 slp\n|-terastallize|p1a: Calyrex-Rice|Fire\n|move|p2b: Urshifu|Wicked Blow|p1a: Calyrex-Rice\n|-crit|p1a: Calyrex-Rice\n|-damage|p1a: Calyrex-Rice|32\/100 slp\n|cant|p1a: Calyrex-Rice|slp\n|move|p2a: Calyrex|Glacial Lance|p1b: Rage Fist|[spread] p1a,p1b\n|-resisted|p1a: Calyrex-Rice\n|-damage|p1a: Calyrex-Rice|20\/100 slp\n|-damage|p1b: Rage Fist|36\/100 slp\n|\n|upkeep\n|turn|5\n|-message|lohnernest forfeited.\n|\n|win|Yung Trav\n|raw|lohnernest's rating: 1544 &rarr; <strong>1528<\/strong><br \/>(-16 for losing)\n|raw|Yung Trav's rating: 1621 &rarr; <strong>1637<\/strong><br \/>(+16 for winning)\n|l|\u2606lohnernest\n|player|p1|\n|l|\u203dYung Trav\n|player|p2|\n|l| armaldolorian11\n|l| ISkippedGen8\n","uploadtime":1738079590,"views":9,"formatid":"gen9vgc2025regg","rating":1528,"private":0,"password":null}