{"id":"gen9vgc2025regg-2289985855","format":"[Gen 9] VGC 2025 Reg G","players":["Weakest blow","FelizJuevesVGC"],"log":"|j|\u2606Weakest blow\n|j|\u2606FelizJuevesVGC\n|t:|1738087756\n|gametype|doubles\n|player|p1|Weakest blow|depotagent|1593\n|player|p2|FelizJuevesVGC|iris-gen5bw2|1612\n|teamsize|p1|6\n|teamsize|p2|6\n|gen|9\n|tier|[Gen 9] VGC 2025 Reg G\n|rated|\n|rule|Species Clause: Limit one of each Pok\u00e9mon\n|rule|Item Clause: Limit 1 of each item\n|clearpoke\n|poke|p1|Ditto, L50|\n|poke|p1|Iron Hands, L50|\n|poke|p1|Miraidon, L50|\n|poke|p1|Pelipper, L50, F|\n|poke|p1|Volcarona, L50, M|\n|poke|p1|Whimsicott, L50, M|\n|poke|p2|Eternatus, L50|\n|poke|p2|Chi-Yu, L50|\n|poke|p2|Tornadus, L50, M|\n|poke|p2|Flutter Mane, L50|\n|poke|p2|Urshifu-*, L50, F|\n|poke|p2|Rillaboom, L50, M|\n|teampreview|4\n|inactive|Battle timer is ON: inactive players will automatically lose when time's up. (requested by FelizJuevesVGC)\n|inactive|Weakest blow has 60 seconds left.\n|inactive|FelizJuevesVGC has 60 seconds left.\n|\n|t:|1738087806\n|start\n|switch|p1a: Iron Hands|Iron Hands, L50|100\/100\n|switch|p1b: Miraidon|Miraidon, L50|100\/100\n|switch|p2a: Benson|Eternatus, L50|100\/100\n|switch|p2b: Fives|Tornadus, L50, M|100\/100\n|-ability|p2a: Benson|Pressure\n|-fieldstart|move: Electric Terrain|[from] ability: Hadron Engine|[of] p1b: Miraidon\n|-activate|p1a: Iron Hands|ability: Quark Drive\n|-start|p1a: Iron Hands|quarkdriveatk\n|turn|1\n|inactive|FelizJuevesVGC has 30 seconds left.\n|\n|t:|1738087839\n|switch|p2b: Skips|Rillaboom, L50, M|100\/100\n|-fieldstart|move: Grassy Terrain|[from] ability: Grassy Surge|[of] p2b: Skips\n|-end|p1a: Iron Hands|Quark Drive\n|move|p1a: Iron Hands|Fake Out|p2a: Benson\n|-damage|p2a: Benson|88\/100\n|cant|p2a: Benson|flinch\n|move|p1b: Miraidon|Dazzling Gleam|p2b: Skips|[spread] p2a,p2b\n|-damage|p2a: Benson|66\/100\n|-damage|p2b: Skips|82\/100\n|-damage|p1b: Miraidon|91\/100|[from] item: Life Orb\n|\n|-heal|p2a: Benson|72\/100|[from] Grassy Terrain\n|-heal|p1b: Miraidon|97\/100|[from] Grassy Terrain\n|-heal|p2b: Skips|87\/100|[from] Grassy Terrain\n|upkeep\n|turn|2\n|inactive|Weakest blow has 30 seconds left.\n|inactive|FelizJuevesVGC has 30 seconds left.\n|\n|t:|1738087866\n|switch|p1b: Volcarona|Volcarona, L50, M|100\/100\n|move|p2a: Benson|Meteor Beam||[still]\n|-prepare|p2a: Benson|Meteor Beam\n|-boost|p2a: Benson|spa|1\n|-enditem|p2a: Benson|Power Herb\n|-anim|p2a: Benson|Meteor Beam|p1b: Volcarona\n|-supereffective|p1b: Volcarona\n|-damage|p1b: Volcarona|0 fnt\n|faint|p1b: Volcarona\n|move|p2b: Skips|Wood Hammer|p1a: Iron Hands\n|-damage|p1a: Iron Hands|44\/100\n|-damage|p2b: Skips|66\/100|[from] Recoil\n|move|p1a: Iron Hands|Low Kick|p2b: Skips\n|-damage|p2b: Skips|22\/100\n|\n|-heal|p2a: Benson|78\/100|[from] Grassy Terrain\n|-heal|p2b: Skips|28\/100|[from] Grassy Terrain\n|-heal|p1a: Iron Hands|50\/100|[from] Grassy Terrain\n|upkeep\n|\n|t:|1738087887\n|switch|p1b: Ditto|Ditto, L50|100\/100\n|-transform|p1b: Ditto|p2a: Benson|[from] ability: Imposter\n|-ability|p1b: Ditto|Pressure\n|turn|3\n|inactive|Weakest blow has 30 seconds left.\n|\n|t:|1738087912\n|-end|p1a: Iron Hands|Quark Drive|[silent]\n|switch|p1a: Miraidon|Miraidon, L50|97\/100\n|-fieldstart|move: Electric Terrain|[from] ability: Hadron Engine|[of] p1a: Miraidon\n|move|p2a: Benson|Protect|p2a: Benson\n|-singleturn|p2a: Benson|Protect\n|move|p1b: Ditto|Dynamax Cannon|p2a: Benson\n|-activate|p2a: Benson|move: Protect\n|move|p2b: Skips|Wood Hammer|p1a: Miraidon\n|-resisted|p1a: Miraidon\n|-damage|p1a: Miraidon|65\/100\n|-damage|p2b: Skips|18\/100|[from] Recoil\n|\n|upkeep\n|turn|4\n|\n|t:|1738087935\n|switch|p2b: Mordecai|Flutter Mane, L50|100\/100\n|-enditem|p2b: Mordecai|Booster Energy\n|-activate|p2b: Mordecai|ability: Protosynthesis|[fromitem]\n|-start|p2b: Mordecai|protosynthesisspe\n|-terastallize|p2a: Benson|Steel\n|move|p1a: Miraidon|Protect|p1a: Miraidon\n|-singleturn|p1a: Miraidon|Protect\n|move|p2a: Benson|Dynamax Cannon|p1a: Miraidon\n|-activate|p1a: Miraidon|move: Protect\n|move|p1b: Ditto|Dynamax Cannon|p2a: Benson\n|-resisted|p2a: Benson\n|-damage|p2a: Benson|49\/100\n|\n|upkeep\n|turn|5\n|inactive|Weakest blow has 30 seconds left.\n|\n|t:|1738087967\n|switch|p1a: Iron Hands|Iron Hands, L50|50\/100\n|-activate|p1a: Iron Hands|ability: Quark Drive\n|-start|p1a: Iron Hands|quarkdriveatk\n|move|p2b: Mordecai|Dazzling Gleam|p1a: Iron Hands|[spread] p1a,p1b\n|-supereffective|p1a: Iron Hands\n|-damage|p1a: Iron Hands|19\/100\n|-damage|p1b: Ditto|67\/100\n|move|p1b: Ditto|Sludge Bomb|p2b: Mordecai\n|-damage|p2b: Mordecai|38\/100\n|-status|p2b: Mordecai|psn\n|move|p2a: Benson|Sludge Bomb|p1a: Iron Hands\n|-damage|p1a: Iron Hands|0 fnt\n|faint|p1a: Iron Hands\n|-end|p1a: Iron Hands|Quark Drive|[silent]\n|\n|-damage|p2b: Mordecai|26\/100 psn|[from] psn\n|upkeep\n|\n|t:|1738087986\n|switch|p1a: Miraidon|Miraidon, L50|65\/100\n|-activate|p1a: Miraidon|ability: Hadron Engine\n|turn|6\n|\n|t:|1738088005\n|-terastallize|p1a: Miraidon|Fairy\n|move|p1b: Ditto|Protect|p1b: Ditto\n|-singleturn|p1b: Ditto|Protect\n|move|p2a: Benson|Protect|p2a: Benson\n|-singleturn|p2a: Benson|Protect\n|move|p2b: Mordecai|Icy Wind|p1a: Miraidon|[spread] p1a\n|-activate|p1b: Ditto|move: Protect\n|-damage|p1a: Miraidon|52\/100\n|-unboost|p1a: Miraidon|spe|1\n|move|p1a: Miraidon|Electro Drift|p2a: Benson\n|-activate|p2a: Benson|move: Protect\n|\n|-damage|p2b: Mordecai|14\/100 psn|[from] psn\n|upkeep\n|turn|7\n|\n|t:|1738088027\n|move|p1b: Ditto|Protect|p1b: Ditto\n|-singleturn|p1b: Ditto|Protect\n|move|p2b: Mordecai|Moonblast|p1b: Ditto\n|-activate|p1b: Ditto|move: Protect\n|move|p2a: Benson|Sludge Bomb|p1a: Miraidon\n|-supereffective|p1a: Miraidon\n|-damage|p1a: Miraidon|0 fnt\n|faint|p1a: Miraidon\n|\n|-damage|p2b: Mordecai|1\/100 psn|[from] psn\n|-fieldend|move: Electric Terrain\n|upkeep\n|turn|8\n|-message|Weakest blow forfeited.\n|\n|win|FelizJuevesVGC\n|raw|Weakest blow's rating: 1593 &rarr; <strong>1574<\/strong><br \/>(-19 for losing)\n|raw|FelizJuevesVGC's rating: 1612 &rarr; <strong>1631<\/strong><br \/>(+19 for winning)\n|l|\u2606FelizJuevesVGC\n|player|p2|\n","uploadtime":1738088178,"views":13,"formatid":"gen9vgc2025regg","rating":1574,"private":0,"password":null}