{"id":"gen9vgc2025regg-2289966935","format":"[Gen 9] VGC 2025 Reg G","players":["ZTMY ENCORE","onsoni"],"log":"|j|\u2606ZTMY ENCORE\n|j|\u2606onsoni\n|t:|1738086012\n|gametype|doubles\n|player|p1|ZTMY ENCORE|102|1718\n|player|p2|onsoni|hilda-wonderlauncher|1819\n|teamsize|p1|6\n|teamsize|p2|6\n|gen|9\n|tier|[Gen 9] VGC 2025 Reg G\n|rated|\n|rule|Species Clause: Limit one of each Pok\u00e9mon\n|rule|Item Clause: Limit 1 of each item\n|clearpoke\n|poke|p1|Terapagos, L50, M|\n|poke|p1|Smeargle, L50, F|\n|poke|p1|Tornadus, L50, M|\n|poke|p1|Ogerpon-Hearthflame, L50, F|\n|poke|p1|Dondozo, L50, F|\n|poke|p1|Tatsugiri-Droopy, L50, F|\n|poke|p2|Koraidon, L50|\n|poke|p2|Iron Hands, L50|\n|poke|p2|Flutter Mane, L50|\n|poke|p2|Chi-Yu, L50|\n|poke|p2|Whimsicott, L50, M|\n|poke|p2|Raging Bolt, L50|\n|teampreview|4\n|j| Pokemonmaner\n|\n|t:|1738086053\n|start\n|switch|p1a: Terapagos|Terapagos, L50, M|100\/100\n|switch|p1b: Tornadus|Tornadus, L50, M|100\/100\n|switch|p2a: Iron Hands|Iron Hands, L50|100\/100\n|switch|p2b: Whimsicott|Whimsicott, L50, M, shiny|100\/100\n|-activate|p1a: Terapagos|ability: Tera Shift\n|detailschange|p1a: Terapagos|Terapagos-Terastal, L50, M\n|-heal|p1a: Terapagos|100\/100|[silent]\n|turn|1\n|\n|t:|1738086077\n|move|p2a: Iron Hands|Fake Out|p1a: Terapagos\n|-activate|p1a: Terapagos|ability: Tera Shell\n|-resisted|p1a: Terapagos\n|-damage|p1a: Terapagos|93\/100\n|move|p1b: Tornadus|Bleakwind Storm|p2a: Iron Hands|[spread] p2b\n|-miss|p1b: Tornadus|p2a: Iron Hands\n|-supereffective|p2b: Whimsicott\n|-damage|p2b: Whimsicott|7\/100\n|cant|p1a: Terapagos|flinch\n|move|p2b: Whimsicott|Trick Room|p2b: Whimsicott\n|-fieldstart|move: Trick Room|[of] p2b: Whimsicott\n|\n|upkeep\n|turn|2\n|\n|t:|1738086115\n|-terastallize|p1a: Terapagos|Stellar\n|detailschange|p1a: Terapagos|Terapagos-Stellar, L50, M, tera:Stellar\n|-heal|p1a: Terapagos|95\/100|[silent]\n|move|p1b: Tornadus|Scary Face|p1a: Terapagos\n|-unboost|p1a: Terapagos|spe|2\n|move|p2a: Iron Hands|Wild Charge|p1b: Tornadus\n|-supereffective|p1b: Tornadus\n|-damage|p1b: Tornadus|0 fnt\n|-damage|p2a: Iron Hands|84\/100|[from] item: Rocky Helmet|[of] p1b: Tornadus\n|faint|p1b: Tornadus\n|-damage|p2a: Iron Hands|64\/100|[from] Recoil\n|move|p1a: Terapagos|Tera Starstorm|p2a: Iron Hands|[spread] p2a,p2b\n|-damage|p2a: Iron Hands|26\/100\n|-damage|p2b: Whimsicott|0 fnt\n|faint|p2b: Whimsicott\n|\n|upkeep\n|\n|t:|1738086135\n|switch|p2b: Raging Bolt|Raging Bolt, L50|100\/100\n|switch|p1b: Smeargle|Smeargle, L50, F|100\/100\n|turn|3\n|\n|t:|1738086155\n|move|p1b: Smeargle|Fake Out|p2a: Iron Hands\n|-damage|p2a: Iron Hands|21\/100\n|cant|p2a: Iron Hands|flinch\n|move|p1a: Terapagos|Tera Starstorm|p2b: Raging Bolt|[spread] p2a,p2b\n|-crit|p2a: Iron Hands\n|-damage|p2a: Iron Hands|0 fnt\n|-damage|p2b: Raging Bolt|44\/100\n|faint|p2a: Iron Hands\n|-end|p2a: Iron Hands|Quark Drive|[silent]\n|move|p2b: Raging Bolt|Thunderbolt|p1a: Terapagos\n|-damage|p1a: Terapagos|45\/100\n|-damage|p2b: Raging Bolt|35\/100|[from] item: Life Orb\n|\n|-ability|p1b: Smeargle|Moody|boost\n|-boost|p1b: Smeargle|spe|2\n|-unboost|p1b: Smeargle|atk|1\n|upkeep\n|\n|t:|1738086159\n|switch|p2a: Koraidon|Koraidon, L50|100\/100\n|-weather|SunnyDay|[from] ability: Orichalcum Pulse|[of] p2a: Koraidon\n|-activate|p2b: Raging Bolt|ability: Protosynthesis\n|-start|p2b: Raging Bolt|protosynthesisspa\n|-activate|p2a: Koraidon|Orichalcum Pulse|[source]\n|turn|4\n|\n|t:|1738086173\n|move|p1b: Smeargle|Follow Me|p1b: Smeargle\n|-singleturn|p1b: Smeargle|move: Follow Me\n|move|p1a: Terapagos|Tera Starstorm|p2b: Raging Bolt|[spread] p2a,p2b\n|-damage|p2a: Koraidon|49\/100\n|-damage|p2b: Raging Bolt|0 fnt\n|faint|p2b: Raging Bolt\n|-end|p2b: Raging Bolt|Protosynthesis|[silent]\n|move|p2a: Koraidon|Scale Shot|p1b: Smeargle\n|-damage|p1b: Smeargle|65\/100\n|-damage|p1b: Smeargle|31\/100\n|-damage|p1b: Smeargle|0 fnt\n|faint|p1b: Smeargle\n|-hitcount|p1: Smeargle|3\n|-unboost|p2a: Koraidon|def|1\n|-boost|p2a: Koraidon|spe|1\n|\n|-weather|SunnyDay|[upkeep]\n|upkeep\n|\n|t:|1738086182\n|switch|p1b: Ogerpon|Ogerpon-Hearthflame, L50, F|100\/100\n|-ability|p1b: Ogerpon|Mold Breaker\n|turn|5\n|\n|t:|1738086187\n|move|p2a: Koraidon|Protect|p2a: Koraidon\n|-singleturn|p2a: Koraidon|Protect\n|move|p1a: Terapagos|Tera Starstorm|p2a: Koraidon\n|-activate|p2a: Koraidon|move: Protect\n|move|p1b: Ogerpon|Ivy Cudgel|p2a: Koraidon|[anim] Ivy Cudgel Fire\n|-activate|p2a: Koraidon|move: Protect\n|\n|-weather|SunnyDay|[upkeep]\n|-fieldend|move: Trick Room\n|upkeep\n|turn|6\n|\n|t:|1738086199\n|move|p1b: Ogerpon|Follow Me|p1b: Ogerpon\n|-singleturn|p1b: Ogerpon|move: Follow Me\n|move|p2a: Koraidon|Scale Shot|p1b: Ogerpon\n|-damage|p1b: Ogerpon|78\/100\n|-damage|p1b: Ogerpon|56\/100\n|-crit|p1b: Ogerpon\n|-damage|p1b: Ogerpon|21\/100\n|-damage|p1b: Ogerpon|0 fnt\n|faint|p1b: Ogerpon\n|-hitcount|p1: Ogerpon|4\n|-unboost|p2a: Koraidon|def|1\n|-boost|p2a: Koraidon|spe|1\n|move|p1a: Terapagos|Tera Starstorm|p2a: Koraidon\n|-crit|p2a: Koraidon\n|-damage|p2a: Koraidon|0 fnt\n|faint|p2a: Koraidon\n|\n|win|ZTMY ENCORE\n|raw|ZTMY ENCORE's rating: 1718 &rarr; <strong>1744<\/strong><br \/>(+26 for winning)\n|raw|onsoni's rating: 1819 &rarr; <strong>1793<\/strong><br \/>(-26 for losing)\n|l|\u2606onsoni\n|player|p2|\n|l|\u2606ZTMY ENCORE\n|player|p1|\n|l| Pokemonmaner\n","uploadtime":1738086378,"views":182,"formatid":"gen9vgc2025regg","rating":1744,"private":0,"password":null}