{"id":"gen9vgc2025regg-2289902551","format":"[Gen 9] VGC 2025 Reg G","players":["TomNumbers","vbnmdfg76"],"log":"|j|\u2606TomNumbers\n|j|\u2606vbnmdfg76\n|t:|1738079968\n|gametype|doubles\n|player|p1|TomNumbers|gambler|1555\n|player|p2|vbnmdfg76|169|1573\n|teamsize|p1|6\n|teamsize|p2|6\n|gen|9\n|tier|[Gen 9] VGC 2025 Reg G\n|rated|\n|rule|Species Clause: Limit one of each Pok\u00e9mon\n|rule|Item Clause: Limit 1 of each item\n|clearpoke\n|poke|p1|Zamazenta-*, L50|\n|poke|p1|Roaring Moon, L50|\n|poke|p1|Landorus, L50, M|\n|poke|p1|Urshifu-*, L50, F|\n|poke|p1|Volcarona, L50, M|\n|poke|p1|Rillaboom, L50, M|\n|poke|p2|Kyogre, L50|\n|poke|p2|Tsareena, L50, F|\n|poke|p2|Urshifu-*, L50, F|\n|poke|p2|Chien-Pao, L50|\n|poke|p2|Tornadus, L50, M|\n|poke|p2|Rillaboom, L50, M|\n|teampreview|4\n|inactive|Battle timer is ON: inactive players will automatically lose when time's up. (requested by TomNumbers)\n|inactive|TomNumbers has 60 seconds left.\n|inactive|vbnmdfg76 has 60 seconds left.\nvbnmdfg76 rejected open team sheets.\n|inactive|TomNumbers has 30 seconds left.\n|inactive|vbnmdfg76 has 30 seconds left.\n|inactive|TomNumbers has 20 seconds left.\n|\n|t:|1738080039\n|start\n|switch|p1a: Urshifu|Urshifu-Rapid-Strike, L50, F|100\/100\n|switch|p1b: Volcarona|Volcarona, L50, M|100\/100\n|switch|p2a: Chien-Pao|Chien-Pao, L50|100\/100\n|switch|p2b: Tornadus|Tornadus, L50, M|100\/100\n|-ability|p2a: Chien-Pao|Sword of Ruin\n|turn|1\n|inactive|TomNumbers has 30 seconds left.\n|inactive|vbnmdfg76 has 30 seconds left.\n|inactive|TomNumbers has 20 seconds left.\n|inactive|vbnmdfg76 has 20 seconds left.\n|inactive|vbnmdfg76 has 15 seconds left.\n|\n|t:|1738080082\n|switch|p2a: Kyogre|Kyogre, L50|100\/100\n|-weather|RainDance|[from] ability: Drizzle|[of] p2a: Kyogre\n|move|p1b: Volcarona|Rage Powder|p1b: Volcarona\n|-singleturn|p1b: Volcarona|move: Rage Powder\n|move|p2b: Tornadus|Hurricane|p1b: Volcarona\n|-supereffective|p1b: Volcarona\n|-damage|p1b: Volcarona|15\/100\n|-start|p1b: Volcarona|confusion\n|move|p1a: Urshifu|Surging Strikes|p2b: Tornadus\n|-crit|p2b: Tornadus\n|-damage|p2b: Tornadus|60\/100\n|-damage|p1a: Urshifu|84\/100|[from] item: Rocky Helmet|[of] p2b: Tornadus\n|-crit|p2b: Tornadus\n|-damage|p2b: Tornadus|19\/100\n|-damage|p1a: Urshifu|67\/100|[from] item: Rocky Helmet|[of] p2b: Tornadus\n|-crit|p2b: Tornadus\n|-damage|p2b: Tornadus|0 fnt\n|-damage|p1a: Urshifu|51\/100|[from] item: Rocky Helmet|[of] p2b: Tornadus\n|faint|p2b: Tornadus\n|-hitcount|p2: Tornadus|3\n|\n|-weather|RainDance|[upkeep]\n|upkeep\n|j| ISkippedGen8\n|l| ISkippedGen8\n|\n|t:|1738080102\n|switch|p2b: Tsareena|Tsareena, L50, F|100\/100\n|turn|2\n|inactive|vbnmdfg76 has 30 seconds left.\n|inactive|vbnmdfg76 has 20 seconds left.\n|\n|t:|1738080139\n|move|p1a: Urshifu|Detect|p1a: Urshifu\n|-singleturn|p1a: Urshifu|Protect\n|move|p2a: Kyogre|Water Spout|p1a: Urshifu|[spread] p1b\n|-activate|p1a: Urshifu|move: Protect\n|-supereffective|p1b: Volcarona\n|-damage|p1b: Volcarona|0 fnt\n|faint|p1b: Volcarona\n|move|p2b: Tsareena|Triple Axel|p1a: Urshifu\n|-activate|p1a: Urshifu|move: Protect\n|\n|-weather|RainDance|[upkeep]\n|upkeep\n|\n|t:|1738080153\n|switch|p1b: Zamazenta|Zamazenta-Crowned, L50|100\/100\n|-ability|p1b: Zamazenta|Dauntless Shield|boost\n|-boost|p1b: Zamazenta|def|1\n|turn|3\n|\n|t:|1738080175\n|move|p2a: Kyogre|Protect|p2a: Kyogre\n|-singleturn|p2a: Kyogre|Protect\n|move|p1b: Zamazenta|Wide Guard|p1b: Zamazenta\n|-singleturn|p1b: Zamazenta|Wide Guard\n|move|p1a: Urshifu|Close Combat|p2a: Kyogre\n|-damage|p2a: Kyogre|32\/100\n|-unboost|p1a: Urshifu|def|1\n|-unboost|p1a: Urshifu|spd|1\n|move|p2b: Tsareena|Power Whip|p1a: Urshifu\n|-supereffective|p1a: Urshifu\n|-damage|p1a: Urshifu|0 fnt\n|faint|p1a: Urshifu\n|\n|-weather|RainDance|[upkeep]\n|upkeep\n|\n|t:|1738080184\n|switch|p1a: Rillaboom|Rillaboom, L50, M|100\/100\n|-fieldstart|move: Grassy Terrain|[from] ability: Grassy Surge|[of] p1a: Rillaboom\n|turn|4\n|j| brokestupidlonely\n|inactive|vbnmdfg76 has 30 seconds left.\n|inactive|vbnmdfg76 has 20 seconds left.\n|\n|t:|1738080224\n|switch|p2a: Chien-Pao|Chien-Pao, L50|100\/100\n|-ability|p2a: Chien-Pao|Sword of Ruin\n|-terastallize|p1a: Rillaboom|Fire\n|move|p1b: Zamazenta|Body Press|p2a: Chien-Pao\n|-supereffective|p2a: Chien-Pao\n|-enditem|p2a: Chien-Pao|Focus Sash\n|-damage|p2a: Chien-Pao|1\/100\n|move|p2b: Tsareena|Triple Axel|p1a: Rillaboom\n|-resisted|p1a: Rillaboom\n|-damage|p1a: Rillaboom|96\/100\n|-resisted|p1a: Rillaboom\n|-damage|p1a: Rillaboom|86\/100\n|-resisted|p1a: Rillaboom\n|-damage|p1a: Rillaboom|73\/100\n|-hitcount|p1a: Rillaboom|3\n|move|p1a: Rillaboom|U-turn|p2b: Tsareena\n|-supereffective|p2b: Tsareena\n|-damage|p2b: Tsareena|25\/100\n|\n|-weather|RainDance|[upkeep]\n|-heal|p2a: Chien-Pao|7\/100|[from] Grassy Terrain\n|-heal|p2b: Tsareena|31\/100|[from] Grassy Terrain\n|-heal|p1a: Rillaboom|79\/100|[from] Grassy Terrain\n|upkeep\n|turn|5\n|inactive|TomNumbers has 30 seconds left.\n|inactive|vbnmdfg76 has 30 seconds left.\n|-message|vbnmdfg76 forfeited.\n|\n|win|TomNumbers\n|raw|TomNumbers's rating: 1555 &rarr; <strong>1576<\/strong><br \/>(+21 for winning)\n|raw|vbnmdfg76's rating: 1573 &rarr; <strong>1552<\/strong><br \/>(-21 for losing)\n|l|\u2606vbnmdfg76\n|player|p2|\n|l| brokestupidlonely\n|l|\u2606TomNumbers\n|player|p1|\n","uploadtime":1738080254,"views":8,"formatid":"gen9vgc2025regg","rating":1552,"private":0,"password":null}