{"id":"gen9vgc2025regg-2289778736","format":"[Gen 9] VGC 2025 Reg G","players":["IlluminaGielBakker","badpiplupvgc"],"log":"|j|\u2606IlluminaGielBakker\n|j|\u2606badpiplupvgc\n|t:|1738065719\n|gametype|doubles\n|player|p1|IlluminaGielBakker|steven|1653\n|player|p2|badpiplupvgc|102|1634\n|teamsize|p1|6\n|teamsize|p2|6\n|gen|9\n|tier|[Gen 9] VGC 2025 Reg G\n|rated|\n|rule|Species Clause: Limit one of each Pok\u00e9mon\n|rule|Item Clause: Limit 1 of each item\n|clearpoke\n|poke|p1|Zamazenta-*, L50|\n|poke|p1|Chien-Pao, L50|\n|poke|p1|Flutter Mane, L50|\n|poke|p1|Volcarona, L50, M|\n|poke|p1|Raging Bolt, L50|\n|poke|p1|Urshifu-*, L50, F|\n|poke|p2|Calyrex-Ice, L50|\n|poke|p2|Amoonguss, L50, F|\n|poke|p2|Raging Bolt, L50|\n|poke|p2|Chi-Yu, L50|\n|poke|p2|Rillaboom, L50, F|\n|poke|p2|Urshifu-*, L50, F|\n|teampreview|4\n|inactive|Battle timer is ON: inactive players will automatically lose when time's up. (requested by IlluminaGielBakker)\n|inactive|badpiplupvgc has 60 seconds left.\n|\n|t:|1738065754\n|start\n|switch|p1a: UCanFistMe|Urshifu-Rapid-Strike, L50, F|100\/100\n|switch|p1b: WhoLetHimOut|Zamazenta-Crowned, L50|100\/100\n|switch|p2a: Chi-Yu|Chi-Yu, L50|100\/100\n|switch|p2b: Raging Bolt|Raging Bolt, L50|100\/100\n|-ability|p2a: Chi-Yu|Beads of Ruin\n|-ability|p1b: WhoLetHimOut|Dauntless Shield|boost\n|-boost|p1b: WhoLetHimOut|def|1\n|-enditem|p2b: Raging Bolt|Booster Energy\n|-activate|p2b: Raging Bolt|ability: Protosynthesis|[fromitem]\n|-start|p2b: Raging Bolt|protosynthesisspa\n|turn|1\n|inactive|badpiplupvgc has 30 seconds left.\n|inactive|badpiplupvgc has 20 seconds left.\n|inactive|badpiplupvgc has 15 seconds left.\n|\n|t:|1738065794\n|switch|p1a: Katze|Chien-Pao, L50|100\/100\n|-ability|p1a: Katze|Sword of Ruin\n|-terastallize|p1b: WhoLetHimOut|Dragon\n|move|p2b: Raging Bolt|Thunderclap||[still]\n|-fail|p2b: Raging Bolt\n|move|p2a: Chi-Yu|Heat Wave|p1b: WhoLetHimOut|[spread] p1a,p1b\n|-supereffective|p1a: Katze\n|-resisted|p1b: WhoLetHimOut\n|-enditem|p1a: Katze|Focus Sash\n|-damage|p1a: Katze|1\/100\n|-damage|p1b: WhoLetHimOut|83\/100\n|move|p1b: WhoLetHimOut|Body Press|p2b: Raging Bolt\n|-damage|p2b: Raging Bolt|20\/100\n|\n|upkeep\n|turn|2\n|inactive|badpiplupvgc has 30 seconds left.\n|\n|t:|1738065823\n|switch|p2a: Amoonguss|Amoonguss, L50, F|100\/100\n|-end|p2b: Raging Bolt|Protosynthesis|[silent]\n|switch|p2b: Calyrex|Calyrex-Ice, L50|100\/100\n|-ability|p2b: Calyrex|As One\n|-ability|p2b: Calyrex|Unnerve\n|move|p1b: WhoLetHimOut|Wide Guard|p1b: WhoLetHimOut\n|-singleturn|p1b: WhoLetHimOut|Wide Guard\n|move|p1a: Katze|Sucker Punch||[still]\n|-fail|p1a: Katze\n|\n|upkeep\n|turn|3\n|inactive|IlluminaGielBakker has 30 seconds left.\n|inactive|badpiplupvgc has 30 seconds left.\n|\n|t:|1738065857\n|-terastallize|p2b: Calyrex|Fire\n|move|p2a: Amoonguss|Protect|p2a: Amoonguss\n|-singleturn|p2a: Amoonguss|Protect\n|move|p1a: Katze|Ice Spinner|p2a: Amoonguss\n|-activate|p2a: Amoonguss|move: Protect\n|move|p1b: WhoLetHimOut|Heavy Slam|p2a: Amoonguss\n|-activate|p2a: Amoonguss|move: Protect\n|move|p2b: Calyrex|Trick Room|p2b: Calyrex\n|-fieldstart|move: Trick Room|[of] p2b: Calyrex\n|\n|upkeep\n|turn|4\n|\n|t:|1738065870\n|move|p1b: WhoLetHimOut|Wide Guard|p1b: WhoLetHimOut\n|-singleturn|p1b: WhoLetHimOut|Wide Guard\n|move|p2a: Amoonguss|Spore|p1b: WhoLetHimOut\n|-status|p1b: WhoLetHimOut|slp|[from] move: Spore\n|move|p2b: Calyrex|High Horsepower|p1a: Katze\n|-damage|p1a: Katze|0 fnt\n|faint|p1a: Katze\n|-ability|p2b: Calyrex|Chilling Neigh|boost\n|-boost|p2b: Calyrex|atk|1\n|\n|upkeep\n|\n|t:|1738065877\n|switch|p1a: UCanFistMe|Urshifu-Rapid-Strike, L50, F|100\/100\n|turn|5\n|\n|t:|1738065887\n|switch|p1b: IkBenZwanger|Volcarona, L50, M|100\/100\n|move|p2a: Amoonguss|Spore|p1a: UCanFistMe\n|-activate|p1a: UCanFistMe|item: Safety Goggles|Spore\n|move|p2b: Calyrex|Glacial Lance|p1a: UCanFistMe|[spread] p1a,p1b\n|-resisted|p1a: UCanFistMe\n|-resisted|p1b: IkBenZwanger\n|-damage|p1a: UCanFistMe|60\/100\n|-damage|p1b: IkBenZwanger|60\/100\n|move|p1a: UCanFistMe|Surging Strikes|p2b: Calyrex\n|-supereffective|p2b: Calyrex\n|-crit|p2b: Calyrex\n|-damage|p2b: Calyrex|74\/100\n|-supereffective|p2b: Calyrex\n|-crit|p2b: Calyrex\n|-damage|p2b: Calyrex|51\/100\n|-supereffective|p2b: Calyrex\n|-crit|p2b: Calyrex\n|-damage|p2b: Calyrex|28\/100\n|-hitcount|p2b: Calyrex|3\n|\n|upkeep\n|turn|6\n|inactive|badpiplupvgc has 30 seconds left.\n|inactive|badpiplupvgc has 20 seconds left.\n|\n|t:|1738065926\n|move|p1a: UCanFistMe|Detect|p1a: UCanFistMe\n|-singleturn|p1a: UCanFistMe|Protect\n|move|p2a: Amoonguss|Pollen Puff|p1a: UCanFistMe\n|-activate|p1a: UCanFistMe|move: Protect\n|move|p2b: Calyrex|High Horsepower|p1a: UCanFistMe\n|-activate|p1a: UCanFistMe|move: Protect\n|move|p1b: IkBenZwanger|Flamethrower|p2a: Amoonguss\n|-supereffective|p2a: Amoonguss\n|-damage|p2a: Amoonguss|17\/100\n|\n|upkeep\n|turn|7\n|inactive|badpiplupvgc has 30 seconds left.\n|\n|t:|1738065955\n|move|p1b: IkBenZwanger|Protect|p1b: IkBenZwanger\n|-singleturn|p1b: IkBenZwanger|Protect\n|move|p2a: Amoonguss|Spore|p1b: IkBenZwanger\n|-activate|p1b: IkBenZwanger|move: Protect\n|move|p2b: Calyrex|High Horsepower|p1a: UCanFistMe\n|-damage|p1a: UCanFistMe|7\/100\n|move|p1a: UCanFistMe|Surging Strikes|p2b: Calyrex\n|-supereffective|p2b: Calyrex\n|-crit|p2b: Calyrex\n|-damage|p2b: Calyrex|2\/100\n|-supereffective|p2b: Calyrex\n|-crit|p2b: Calyrex\n|-damage|p2b: Calyrex|0 fnt\n|faint|p2b: Calyrex\n|-hitcount|p2: Calyrex|2\n|\n|-fieldend|move: Trick Room\n|upkeep\n|\n|t:|1738065970\n|switch|p2b: Chi-Yu|Chi-Yu, L50|100\/100\n|-ability|p2b: Chi-Yu|Beads of Ruin\n|turn|8\n|\n|t:|1738065979\n|switch|p1a: WhoLetHimOut|Zamazenta-Crowned, L50, tera:Dragon|83\/100 slp\n|move|p2b: Chi-Yu|Heat Wave|p1b: IkBenZwanger|[spread] p1a,p1b\n|-resisted|p1a: WhoLetHimOut\n|-damage|p1a: WhoLetHimOut|63\/100 slp\n|-damage|p1b: IkBenZwanger|8\/100\n|move|p1b: IkBenZwanger|Flamethrower|p2a: Amoonguss\n|-supereffective|p2a: Amoonguss\n|-damage|p2a: Amoonguss|0 fnt\n|faint|p2a: Amoonguss\n|\n|upkeep\n|\n|t:|1738065989\n|switch|p2a: Raging Bolt|Raging Bolt, L50|20\/100\n|turn|9\n|\n|t:|1738066000\n|move|p1b: IkBenZwanger|Protect|p1b: IkBenZwanger\n|-singleturn|p1b: IkBenZwanger|Protect\n|move|p2b: Chi-Yu|Heat Wave|p1b: IkBenZwanger|[spread] p1a\n|-activate|p1b: IkBenZwanger|move: Protect\n|-resisted|p1a: WhoLetHimOut\n|-damage|p1a: WhoLetHimOut|44\/100 slp\n|cant|p1a: WhoLetHimOut|slp\n|move|p2a: Raging Bolt|Draco Meteor|p1a: WhoLetHimOut\n|-supereffective|p1a: WhoLetHimOut\n|-damage|p1a: WhoLetHimOut|0 fnt\n|-unboost|p2a: Raging Bolt|spa|2\n|faint|p1a: WhoLetHimOut\n|\n|upkeep\n|\n|t:|1738066008\n|switch|p1a: UCanFistMe|Urshifu-Rapid-Strike, L50, F|7\/100\n|turn|10\n|\n|t:|1738066018\n|move|p1b: IkBenZwanger|Rage Powder|p1b: IkBenZwanger\n|-singleturn|p1b: IkBenZwanger|move: Rage Powder\n|move|p2b: Chi-Yu|Heat Wave|p1b: IkBenZwanger|[spread] p1a,p1b\n|-resisted|p1a: UCanFistMe\n|-damage|p1a: UCanFistMe|0 fnt\n|-damage|p1b: IkBenZwanger|0 fnt\n|faint|p1a: UCanFistMe\n|faint|p1b: IkBenZwanger\n|\n|win|badpiplupvgc\n|raw|IlluminaGielBakker's rating: 1653 &rarr; <strong>1632<\/strong><br \/>(-21 for losing)\n|raw|badpiplupvgc's rating: 1634 &rarr; <strong>1655<\/strong><br \/>(+21 for winning)\n|l|\u2606IlluminaGielBakker\n|player|p1|\n|l|\u2606badpiplupvgc\n|player|p2|\n","uploadtime":1738066275,"views":21,"formatid":"gen9vgc2025regg","rating":1632,"private":0,"password":null}