{"id":"gen9vgc2025regg-2289924877","format":"[Gen 9] VGC 2025 Reg G","players":["PritzShow","Wilfredistall"],"log":"|j|\u2606PritzShow\n|j|\u2606Wilfredistall\n|t:|1738082082\n|gametype|doubles\n|player|p1|PritzShow|2|1593\n|player|p2|Wilfredistall|170|1635\n|teamsize|p1|6\n|teamsize|p2|6\n|gen|9\n|tier|[Gen 9] VGC 2025 Reg G\n|rated|\n|rule|Species Clause: Limit one of each Pok\u00e9mon\n|rule|Item Clause: Limit 1 of each item\n|clearpoke\n|poke|p1|Zacian-*, L50|\n|poke|p1|Rillaboom, L50, F|\n|poke|p1|Incineroar, L50, F|\n|poke|p1|Farigiraf, L50, F|\n|poke|p1|Landorus-Therian, L50, M|\n|poke|p1|Raging Bolt, L50|\n|poke|p2|Miraidon, L50|\n|poke|p2|Whimsicott, L50, F|\n|poke|p2|Urshifu-*, L50, M|\n|poke|p2|Ogerpon-Hearthflame, L50, F|\n|poke|p2|Farigiraf, L50, M|\n|poke|p2|Iron Hands, L50|\n|teampreview|4\n|inactive|Battle timer is ON: inactive players will automatically lose when time's up. (requested by PritzShow)\nWilfredistall has agreed to open team sheets.\n|\n|t:|1738082112\n|start\n|switch|p1a: Rillaboom|Rillaboom, L50, F|100\/100\n|switch|p1b: Landorus|Landorus-Therian, L50, M|100\/100\n|switch|p2a: Urshifu|Urshifu-Rapid-Strike, L50, M|100\/100\n|switch|p2b: Ogerpon|Ogerpon-Hearthflame, L50, F|100\/100\n|-ability|p1b: Landorus|Intimidate|boost\n|-unboost|p2a: Urshifu|atk|1\n|-unboost|p2b: Ogerpon|atk|1\n|-ability|p2b: Ogerpon|Mold Breaker\n|-fieldstart|move: Grassy Terrain|[from] ability: Grassy Surge|[of] p1a: Rillaboom\n|turn|1\n|j| Triple20\n|\n|t:|1738082137\n|switch|p1a: Incineroar|Incineroar, L50, F|100\/100\n|-ability|p1a: Incineroar|Intimidate|boost\n|-unboost|p2a: Urshifu|atk|1\n|-unboost|p2b: Ogerpon|atk|1\n|move|p2b: Ogerpon|Spiky Shield|p2b: Ogerpon\n|-singleturn|p2b: Ogerpon|move: Protect\n|move|p2a: Urshifu|Protect|p2a: Urshifu\n|-singleturn|p2a: Urshifu|Protect\n|move|p1b: Landorus|U-turn|p2a: Urshifu\n|-activate|p2a: Urshifu|move: Protect\n|\n|upkeep\n|turn|2\n|inactive|Wilfredistall has 30 seconds left.\n|inactive|Wilfredistall has 20 seconds left.\n|inactive|Wilfredistall has 15 seconds left.\n|\n|t:|1738082181\n|switch|p2a: Whimsicott|Whimsicott, L50, F|100\/100\n|switch|p1a: Rillaboom|Rillaboom, L50, F|100\/100\n|move|p1b: Landorus|U-turn|p2a: Whimsicott\n|-damage|p2a: Whimsicott|70\/100\n|\n|t:|1738082187\n|switch|p1b: Incineroar|Incineroar, L50, F|100\/100|[from] U-turn\n|-ability|p1b: Incineroar|Intimidate|boost\n|-unboost|p2a: Whimsicott|atk|1\n|-unboost|p2b: Ogerpon|atk|1\n|move|p2b: Ogerpon|Ivy Cudgel|p1b: Incineroar|[anim] Ivy Cudgel Fire\n|-resisted|p1b: Incineroar\n|-damage|p1b: Incineroar|90\/100\n|\n|-heal|p2a: Whimsicott|76\/100|[from] Grassy Terrain\n|-heal|p1b: Incineroar|96\/100|[from] Grassy Terrain\n|upkeep\n|turn|3\n|\n|t:|1738082198\n|switch|p2a: Miraidon|Miraidon, L50|100\/100\n|-fieldstart|move: Electric Terrain|[from] ability: Hadron Engine|[of] p2a: Miraidon\n|switch|p2b: Urshifu|Urshifu-Rapid-Strike, L50, M|100\/100\n|move|p1a: Rillaboom|U-turn|p2b: Urshifu\n|-resisted|p2b: Urshifu\n|-damage|p2b: Urshifu|87\/100\n|\n|t:|1738082206\n|switch|p1a: Zacian|Zacian, L50|100\/100|[from] U-turn\n|-ability|p1a: Zacian|Intrepid Sword|boost\n|-boost|p1a: Zacian|atk|1\n|move|p1b: Incineroar|Parting Shot|p2b: Urshifu\n|-unboost|p2b: Urshifu|atk|1\n|-unboost|p2b: Urshifu|spa|1\n|\n|t:|1738082210\n|switch|p1b: Rillaboom|Rillaboom, L50, F|100\/100|[from] Parting Shot\n|-fieldstart|move: Grassy Terrain|[from] ability: Grassy Surge|[of] p1b: Rillaboom\n|\n|-heal|p2b: Urshifu|93\/100|[from] Grassy Terrain\n|upkeep\n|turn|4\n|j| LegitLadderingInc\n|\n|t:|1738082226\n|switch|p2a: Whimsicott|Whimsicott, L50, F|76\/100\n|switch|p2b: Ogerpon|Ogerpon-Hearthflame, L50, F|100\/100\n|-ability|p2b: Ogerpon|Mold Breaker\n|move|p1b: Rillaboom|Fake Out|p2b: Ogerpon\n|-damage|p2b: Ogerpon|84\/100\n|move|p1a: Zacian|Substitute|p1a: Zacian\n|-start|p1a: Zacian|Substitute\n|-damage|p1a: Zacian|75\/100\n|\n|-heal|p1a: Zacian|81\/100|[from] Grassy Terrain\n|-heal|p2a: Whimsicott|82\/100|[from] Grassy Terrain\n|-heal|p2b: Ogerpon|90\/100|[from] Grassy Terrain\n|upkeep\n|turn|5\n|\n|t:|1738082238\n|switch|p1a: Landorus|Landorus-Therian, L50, M|100\/100\n|-ability|p1a: Landorus|Intimidate|boost\n|-unboost|p2a: Whimsicott|atk|1\n|-unboost|p2b: Ogerpon|atk|1\n|switch|p2b: Miraidon|Miraidon, L50|100\/100\n|-fieldstart|move: Electric Terrain|[from] ability: Hadron Engine|[of] p2b: Miraidon\n|switch|p1b: Incineroar|Incineroar, L50, F|96\/100\n|-ability|p1b: Incineroar|Intimidate|boost\n|-unboost|p2a: Whimsicott|atk|1\n|-unboost|p2b: Miraidon|atk|1\n|move|p2a: Whimsicott|Encore||[still]\n|-fail|p2a: Whimsicott\n|\n|upkeep\n|turn|6\n|\n|t:|1738082262\n|-terastallize|p2b: Miraidon|Fairy\n|move|p1b: Incineroar|Fake Out|p2b: Miraidon\n|-damage|p2b: Miraidon|91\/100\n|move|p2a: Whimsicott|Tailwind|p2a: Whimsicott\n|-sidestart|p2: Wilfredistall|move: Tailwind\n|cant|p2b: Miraidon|flinch\n|move|p1a: Landorus|U-turn|p2a: Whimsicott\n|-damage|p2a: Whimsicott|51\/100\n|\n|t:|1738082268\n|switch|p1a: Rillaboom|Rillaboom, L50, F|100\/100|[from] U-turn\n|-fieldstart|move: Grassy Terrain|[from] ability: Grassy Surge|[of] p1a: Rillaboom\n|\n|-heal|p2b: Miraidon|97\/100|[from] Grassy Terrain\n|-heal|p2a: Whimsicott|57\/100|[from] Grassy Terrain\n|-heal|p1b: Incineroar|100\/100|[from] Grassy Terrain\n|upkeep\n|turn|7\n|inactive|PritzShow has 30 seconds left.\n|\n|t:|1738082301\n|switch|p2b: Urshifu|Urshifu-Rapid-Strike, L50, M|93\/100\n|switch|p1b: Zacian|Zacian, L50|81\/100\n|move|p2a: Whimsicott|Moonblast|p1b: Zacian\n|-damage|p1b: Zacian|54\/100\n|move|p1a: Rillaboom|Wood Hammer|p2b: Urshifu\n|-supereffective|p2b: Urshifu\n|-damage|p2b: Urshifu|0 fnt\n|faint|p2b: Urshifu\n|-damage|p1a: Rillaboom|75\/100|[from] Recoil\n|\n|-heal|p2a: Whimsicott|64\/100|[from] Grassy Terrain\n|-heal|p1b: Zacian|60\/100|[from] Grassy Terrain\n|-heal|p1a: Rillaboom|81\/100|[from] Grassy Terrain\n|upkeep\n|\n|t:|1738082310\n|switch|p2b: Miraidon|Miraidon, L50, tera:Fairy|97\/100\n|-fieldstart|move: Electric Terrain|[from] ability: Hadron Engine|[of] p2b: Miraidon\n|turn|8\n|\n|t:|1738082317\n|switch|p1a: Incineroar|Incineroar, L50, F|100\/100\n|-ability|p1a: Incineroar|Intimidate|boost\n|-unboost|p2a: Whimsicott|atk|1\n|-unboost|p2b: Miraidon|atk|1\n|move|p1b: Zacian|Protect|p1b: Zacian\n|-singleturn|p1b: Zacian|Protect\n|move|p2b: Miraidon|Dazzling Gleam|p1a: Incineroar|[spread] p1a\n|-activate|p1b: Zacian|move: Protect\n|-damage|p1a: Incineroar|45\/100\n|-enditem|p1a: Incineroar|Sitrus Berry|[eat]\n|-heal|p1a: Incineroar|70\/100|[from] item: Sitrus Berry\n|move|p2a: Whimsicott|Moonblast|p1a: Incineroar\n|-damage|p1a: Incineroar|50\/100\n|\n|upkeep\n|turn|9\n|\n|t:|1738082342\n|switch|p2a: Ogerpon|Ogerpon-Hearthflame, L50, F|90\/100\n|-ability|p2a: Ogerpon|Mold Breaker\n|switch|p1b: Rillaboom|Rillaboom, L50, F|81\/100\n|-fieldstart|move: Grassy Terrain|[from] ability: Grassy Surge|[of] p1b: Rillaboom\n|move|p1a: Incineroar|Fake Out|p2b: Miraidon\n|-damage|p2b: Miraidon|87\/100\n|cant|p2b: Miraidon|flinch\n|\n|-heal|p2b: Miraidon|93\/100|[from] Grassy Terrain\n|-heal|p2a: Ogerpon|96\/100|[from] Grassy Terrain\n|-heal|p1b: Rillaboom|86\/100|[from] Grassy Terrain\n|-heal|p1a: Incineroar|56\/100|[from] Grassy Terrain\n|-sideend|p2: Wilfredistall|move: Tailwind\n|upkeep\n|turn|10\n|j| BionicFox\n|l| BionicFox\n|inactive|PritzShow has 30 seconds left.\n|\n|t:|1738082372\n|switch|p1a: Landorus|Landorus-Therian, L50, M|100\/100\n|-ability|p1a: Landorus|Intimidate|boost\n|-unboost|p2a: Ogerpon|atk|1\n|-unboost|p2b: Miraidon|atk|1\n|move|p1b: Rillaboom|Fake Out|p2b: Miraidon\n|-crit|p2b: Miraidon\n|-damage|p2b: Miraidon|72\/100\n|cant|p2b: Miraidon|flinch\n|move|p2a: Ogerpon|Ivy Cudgel|p1b: Rillaboom|[anim] Ivy Cudgel Fire\n|-supereffective|p1b: Rillaboom\n|-crit|p1b: Rillaboom\n|-damage|p1b: Rillaboom|0 fnt\n|faint|p1b: Rillaboom\n|\n|-heal|p2b: Miraidon|78\/100|[from] Grassy Terrain\n|-heal|p2a: Ogerpon|100\/100|[from] Grassy Terrain\n|upkeep\n|\n|t:|1738082375\n|switch|p1b: Incineroar|Incineroar, L50, F|56\/100\n|-ability|p1b: Incineroar|Intimidate|boost\n|-unboost|p2a: Ogerpon|atk|1\n|-unboost|p2b: Miraidon|atk|1\n|turn|11\n|\n|t:|1738082395\n|switch|p2b: Whimsicott|Whimsicott, L50, F|64\/100\n|-terastallize|p1a: Landorus|Flying\n|move|p2a: Ogerpon|Spiky Shield|p2a: Ogerpon\n|-singleturn|p2a: Ogerpon|move: Protect\n|move|p1b: Incineroar|Fake Out|p2b: Whimsicott\n|-damage|p2b: Whimsicott|51\/100\n|move|p1a: Landorus|Tera Blast|p2a: Ogerpon|[anim] Tera Blast Flying\n|-activate|p2a: Ogerpon|move: Protect\n|\n|-heal|p2b: Whimsicott|57\/100|[from] Grassy Terrain\n|-heal|p1b: Incineroar|62\/100|[from] Grassy Terrain\n|upkeep\n|turn|12\n|\n|t:|1738082421\n|move|p2b: Whimsicott|Tailwind|p2b: Whimsicott\n|-sidestart|p2: Wilfredistall|move: Tailwind\n|move|p2a: Ogerpon|Wood Hammer|p1a: Landorus\n|-resisted|p1a: Landorus\n|-damage|p1a: Landorus|72\/100\n|-damage|p2a: Ogerpon|92\/100|[from] Recoil\n|move|p1a: Landorus|Tera Blast|p2a: Ogerpon|[anim] Tera Blast Flying\n|-supereffective|p2a: Ogerpon\n|-damage|p2a: Ogerpon|0 fnt\n|faint|p2a: Ogerpon\n|move|p1b: Incineroar|Parting Shot|p2b: Whimsicott\n|-unboost|p2b: Whimsicott|atk|1\n|-unboost|p2b: Whimsicott|spa|1\n|\n|t:|1738082426\n|switch|p1b: Zacian|Zacian, L50|60\/100|[from] Parting Shot\n|\n|-heal|p2b: Whimsicott|64\/100|[from] Grassy Terrain\n|-heal|p1b: Zacian|66\/100|[from] Grassy Terrain\n|upkeep\n|\n|t:|1738082429\n|switch|p2a: Miraidon|Miraidon, L50, tera:Fairy|78\/100\n|-fieldstart|move: Electric Terrain|[from] ability: Hadron Engine|[of] p2a: Miraidon\n|turn|13\n|inactive|Wilfredistall has 30 seconds left.\n|\n|t:|1738082456\n|move|p2a: Miraidon|Dazzling Gleam|p1b: Zacian|[spread] p1a,p1b\n|-damage|p1a: Landorus|0 fnt\n|-damage|p1b: Zacian|3\/100\n|faint|p1a: Landorus\n|move|p2b: Whimsicott|Moonblast|p1b: Zacian\n|-damage|p1b: Zacian|0 fnt\n|faint|p1b: Zacian\n|\n|upkeep\n|c|\u2606PritzShow|damn\n|c|\u2606PritzShow|gg\n|-message|PritzShow forfeited.\n|\n|win|Wilfredistall\n|raw|PritzShow's rating: 1593 &rarr; <strong>1575<\/strong><br \/>(-18 for losing)\n|raw|Wilfredistall's rating: 1635 &rarr; <strong>1653<\/strong><br \/>(+18 for winning)\n|l|\u2606PritzShow\n|player|p1|\n|c|\u2606Wilfredistall|gg\n|l| LegitLadderingInc\n|l| Triple20\n","uploadtime":1738082797,"views":15,"formatid":"gen9vgc2025regg","rating":1575,"private":0,"password":null}