{"id":"gen9vgc2025regg-2289046321","format":"[Gen 9] VGC 2025 Reg G","players":["Lucasmalt","ScribbleScribble"],"log":"|j|\u2606Lucasmalt\n|j|\u2606ScribbleScribble\n|t:|1737970495\n|gametype|doubles\n|player|p1|Lucasmalt|marshal|1578\n|player|p2|ScribbleScribble|gardenia-masters|1576\n|teamsize|p1|6\n|teamsize|p2|6\n|gen|9\n|tier|[Gen 9] VGC 2025 Reg G\n|rated|\n|rule|Species Clause: Limit one of each Pok\u00e9mon\n|rule|Item Clause: Limit 1 of each item\n|clearpoke\n|poke|p1|Kyogre, L50|\n|poke|p1|Urshifu-*, L50, F|\n|poke|p1|Roaring Moon, L50|\n|poke|p1|Rillaboom, L50, F|\n|poke|p1|Amoonguss, L50, F|\n|poke|p1|Incineroar, L50, M|\n|poke|p2|Calyrex-Ice, L50|\n|poke|p2|Farigiraf, L50, M|\n|poke|p2|Iron Valiant, L50|\n|poke|p2|Ogerpon-Wellspring, L50, F|\n|poke|p2|Roaring Moon, L50|\n|poke|p2|Landorus, L50, M|\n|teampreview|4\n|inactive|Battle timer is ON: inactive players will automatically lose when time's up. (requested by ScribbleScribble)\n|j| bluestraggler01\n|inactive|Lucasmalt has 60 seconds left.\n|inactive|ScribbleScribble has 60 seconds left.\n|\n|t:|1737970542\n|start\n|switch|p1a: Incineroar|Incineroar, L50, M|100\/100\n|switch|p1b: Kyogre|Kyogre, L50|100\/100\n|switch|p2a: Roaring Moon|Roaring Moon, L50|100\/100\n|switch|p2b: Calyrex|Calyrex-Ice, L50|100\/100\n|-ability|p2b: Calyrex|As One\n|-ability|p2b: Calyrex|Unnerve\n|-weather|RainDance|[from] ability: Drizzle|[of] p1b: Kyogre\n|-ability|p1a: Incineroar|Intimidate|boost\n|-unboost|p2a: Roaring Moon|atk|1\n|-fail|p2b: Calyrex|unboost|[from] item: Clear Amulet|[of] p2b: Calyrex\n|-enditem|p2a: Roaring Moon|Booster Energy\n|-activate|p2a: Roaring Moon|ability: Protosynthesis|[fromitem]\n|-start|p2a: Roaring Moon|protosynthesisspe\n|turn|1\n|inactive|Lucasmalt has 30 seconds left.\n|\n|t:|1737970572\n|-end|p2a: Roaring Moon|Protosynthesis|[silent]\n|switch|p2a: Ogerpon|Ogerpon-Wellspring, L50, F|100\/100\n|-terastallize|p2b: Calyrex|Dragon\n|move|p1b: Kyogre|Calm Mind|p1b: Kyogre\n|-boost|p1b: Kyogre|spa|1\n|-boost|p1b: Kyogre|spd|1\n|move|p2b: Calyrex|Glacial Lance|p1a: Incineroar|[spread] p1a,p1b\n|-resisted|p1a: Incineroar\n|-resisted|p1b: Kyogre\n|-damage|p1a: Incineroar|82\/100\n|-damage|p1b: Kyogre|80\/100\n|move|p1a: Incineroar|Knock Off|p2b: Calyrex\n|-damage|p2b: Calyrex|74\/100\n|-enditem|p2b: Calyrex|Clear Amulet|[from] move: Knock Off|[of] p1a: Incineroar\n|\n|-weather|RainDance|[upkeep]\n|-heal|p1b: Kyogre|86\/100|[from] item: Leftovers\n|upkeep\n|turn|2\n|\n|t:|1737970592\n|move|p2a: Ogerpon|Wood Hammer|p1b: Kyogre\n|-supereffective|p1b: Kyogre\n|-damage|p1b: Kyogre|0 fnt\n|faint|p1b: Kyogre\n|-damage|p2a: Ogerpon|69\/100|[from] Recoil\n|move|p2b: Calyrex|Glacial Lance|p1a: Incineroar\n|-resisted|p1a: Incineroar\n|-damage|p1a: Incineroar|58\/100\n|move|p1a: Incineroar|Parting Shot|p2b: Calyrex\n|-unboost|p2b: Calyrex|atk|1\n|-unboost|p2b: Calyrex|spa|1\n|\n|t:|1737970605\n|switch|p1a: Roaring Moon|Roaring Moon, L50|100\/100|[from] Parting Shot\n|-enditem|p1a: Roaring Moon|Booster Energy\n|-activate|p1a: Roaring Moon|ability: Protosynthesis|[fromitem]\n|-start|p1a: Roaring Moon|protosynthesisspe\n|\n|-weather|RainDance|[upkeep]\n|upkeep\n|\n|t:|1737970615\n|switch|p1b: Urshifu|Urshifu-Rapid-Strike, L50, F|100\/100\n|turn|3\n|j| MegaFissure\n|inactive|ScribbleScribble has 30 seconds left.\n|\n|t:|1737970647\n|move|p2a: Ogerpon|Follow Me|p2a: Ogerpon\n|-singleturn|p2a: Ogerpon|move: Follow Me\n|move|p1a: Roaring Moon|Acrobatics|p2a: Ogerpon\n|-supereffective|p2a: Ogerpon\n|-damage|p2a: Ogerpon|0 fnt\n|faint|p2a: Ogerpon\n|move|p1b: Urshifu|Close Combat|p2b: Calyrex\n|-damage|p2b: Calyrex|27\/100\n|-unboost|p1b: Urshifu|def|1\n|-unboost|p1b: Urshifu|spd|1\n|move|p2b: Calyrex|Trick Room|p2b: Calyrex\n|-fieldstart|move: Trick Room|[of] p2b: Calyrex\n|\n|-weather|RainDance|[upkeep]\n|upkeep\n|\n|t:|1737970653\n|switch|p2a: Landorus|Landorus, L50, M|100\/100\n|turn|4\n|l| bluestraggler01\n|\n|t:|1737970667\n|-terastallize|p1b: Urshifu|Ghost\n|move|p1a: Roaring Moon|Protect|p1a: Roaring Moon\n|-singleturn|p1a: Roaring Moon|Protect\n|move|p2b: Calyrex|Glacial Lance|p1a: Roaring Moon|[spread] p1b\n|-activate|p1a: Roaring Moon|move: Protect\n|-damage|p1b: Urshifu|51\/100\n|move|p2a: Landorus|Sandsear Storm|p1b: Urshifu|[spread] p1b\n|-activate|p1a: Roaring Moon|move: Protect\n|-damage|p1b: Urshifu|0 fnt\n|faint|p1b: Urshifu\n|\n|-weather|RainDance|[upkeep]\n|upkeep\n|\n|t:|1737970683\n|switch|p1b: Incineroar|Incineroar, L50, M|58\/100\n|-ability|p1b: Incineroar|Intimidate|boost\n|-unboost|p2a: Landorus|atk|1\n|-unboost|p2b: Calyrex|atk|1\n|turn|5\n|inactive|Lucasmalt has 30 seconds left.\n|\n|t:|1737970715\n|move|p2a: Landorus|Protect|p2a: Landorus\n|-singleturn|p2a: Landorus|Protect\n|move|p1b: Incineroar|Fake Out|p2a: Landorus\n|-activate|p2a: Landorus|move: Protect\n|move|p2b: Calyrex|Glacial Lance|p1b: Incineroar|[spread] p1a,p1b\n|-supereffective|p1a: Roaring Moon\n|-resisted|p1b: Incineroar\n|-damage|p1a: Roaring Moon|29\/100\n|-damage|p1b: Incineroar|49\/100\n|move|p1a: Roaring Moon|Knock Off|p2a: Landorus\n|-activate|p2a: Landorus|move: Protect\n|\n|-weather|none\n|upkeep\n|turn|6\n|inactive|Lucasmalt has 30 seconds left.\n|\n|t:|1737970747\n|move|p1a: Roaring Moon|Protect|p1a: Roaring Moon\n|-singleturn|p1a: Roaring Moon|Protect\n|move|p1b: Incineroar|Will-O-Wisp|p2b: Calyrex|[miss]\n|-miss|p1b: Incineroar|p2b: Calyrex\n|move|p2b: Calyrex|Glacial Lance|p1a: Roaring Moon|[spread] p1b\n|-activate|p1a: Roaring Moon|move: Protect\n|-resisted|p1b: Incineroar\n|-damage|p1b: Incineroar|39\/100\n|move|p2a: Landorus|Earth Power|p1b: Incineroar\n|-supereffective|p1b: Incineroar\n|-damage|p1b: Incineroar|0 fnt\n|faint|p1b: Incineroar\n|\n|upkeep\n|turn|7\n|-message|Lucasmalt forfeited.\n|\n|win|ScribbleScribble\n|raw|Lucasmalt's rating: 1578 &rarr; <strong>1558<\/strong><br \/>(-20 for losing)\n|raw|ScribbleScribble's rating: 1576 &rarr; <strong>1596<\/strong><br \/>(+20 for winning)\n|l| MegaFissure\n|l|\u2606ScribbleScribble\n|player|p2|\n","uploadtime":1737971032,"views":22,"formatid":"gen9vgc2025regg","rating":1558,"private":0,"password":null}