{"id":"gen9vgc2025regg-2289918794","format":"[Gen 9] VGC 2025 Reg G","players":["TViewierVGC","Pauliet123"],"log":"|j|\u2606TViewierVGC\n|j|\u2606Pauliet123\n|t:|1738081503\n|gametype|doubles\n|player|p1|TViewierVGC|tuber|1511\n|player|p2|Pauliet123|102|1599\n|teamsize|p1|6\n|teamsize|p2|6\n|gen|9\n|tier|[Gen 9] VGC 2025 Reg G\n|rated|\n|rule|Species Clause: Limit one of each Pok\u00e9mon\n|rule|Item Clause: Limit 1 of each item\n|clearpoke\n|poke|p1|Calyrex-Shadow, L50|\n|poke|p1|Chi-Yu, L50|\n|poke|p1|Ogerpon-Wellspring, L50, F|\n|poke|p1|Sneasler, L50, F|\n|poke|p1|Chien-Pao, L50|\n|poke|p1|Tornadus, L50, M|\n|poke|p2|Weezing-Galar, L50, F|\n|poke|p2|Dondozo, L50, M|\n|poke|p2|Calyrex-Shadow, L50|\n|poke|p2|Tatsugiri, L50, M|\n|poke|p2|Indeedee-F, L50, F|\n|poke|p2|Iron Hands, L50|\n|teampreview|4\n|inactive|Battle timer is ON: inactive players will automatically lose when time's up. (requested by TViewierVGC)\n|inactive|TViewierVGC has 60 seconds left.\n|j| Triple20\n|\n|t:|1738081559\n|start\n|switch|p1a: Calyrex|Calyrex-Shadow, L50|100\/100\n|switch|p1b: Tornadus|Tornadus, L50, M|100\/100\n|switch|p2a: Iron Hands|Iron Hands, L50|100\/100\n|switch|p2b: Weezing|Weezing-Galar, L50, F, shiny|100\/100\n|-ability|p1a: Calyrex|As One\n|-ability|p1a: Calyrex|Unnerve\n|-ability|p2b: Weezing|Neutralizing Gas\n|turn|1\n|inactive|TViewierVGC has 30 seconds left.\n|\n|t:|1738081591\n|move|p1a: Calyrex|Astral Barrage|p2b: Weezing|[spread] p2a,p2b\n|-damage|p2a: Iron Hands|62\/100\n|-damage|p2b: Weezing|20\/100\n|-damage|p1a: Calyrex|91\/100|[from] item: Life Orb\n|move|p1b: Tornadus|Tailwind|p1b: Tornadus\n|-sidestart|p1: TViewierVGC|move: Tailwind\n|move|p2b: Weezing|Poison Gas|p1a: Calyrex|[spread] p1a,p1b\n|-status|p1a: Calyrex|psn\n|-status|p1b: Tornadus|psn\n|move|p2a: Iron Hands|Wild Charge|p1b: Tornadus\n|-supereffective|p1b: Tornadus\n|-damage|p1b: Tornadus|0 fnt\n|faint|p1b: Tornadus\n|-damage|p2a: Iron Hands|46\/100|[from] Recoil\n|\n|-damage|p1a: Calyrex|79\/100 psn|[from] psn\n|upkeep\n|\n|t:|1738081609\n|switch|p1b: Chien-Pao|Chien-Pao, L50|100\/100\n|turn|2\n|j| mentalrofl\n|\n|t:|1738081615\n|move|p2b: Weezing|Protect|p2b: Weezing\n|-singleturn|p2b: Weezing|Protect\n|move|p1b: Chien-Pao|Sucker Punch|p2a: Iron Hands\n|-resisted|p2a: Iron Hands\n|-damage|p2a: Iron Hands|35\/100\n|move|p1a: Calyrex|Astral Barrage|p2b: Weezing|[spread] p2a\n|-activate|p2b: Weezing|move: Protect\n|-damage|p2a: Iron Hands|0 fnt\n|faint|p2a: Iron Hands\n|-end|p2a: Iron Hands|Quark Drive|[silent]\n|-ability|p1a: Calyrex|Grim Neigh|boost\n|-boost|p1a: Calyrex|spa|1\n|-damage|p1a: Calyrex|69\/100 psn|[from] item: Life Orb\n|\n|-damage|p1a: Calyrex|57\/100 psn|[from] psn\n|upkeep\n|\n|t:|1738081619\n|switch|p2a: Dondozo|Dondozo, L50, M, shiny|100\/100\n|turn|3\n|\n|t:|1738081629\n|move|p2a: Dondozo|Protect|p2a: Dondozo\n|-singleturn|p2a: Dondozo|Protect\n|move|p1a: Calyrex|Astral Barrage|p2b: Weezing|[spread] p2b\n|-activate|p2a: Dondozo|move: Protect\n|-damage|p2b: Weezing|0 fnt\n|faint|p2b: Weezing\n|-end|p2b: Weezing|ability: Neutralizing Gas\n|-ability|p1b: Chien-Pao|Sword of Ruin\n|-ability|p1a: Calyrex|Grim Neigh|boost\n|-boost|p1a: Calyrex|spa|1\n|-damage|p1a: Calyrex|48\/100 psn|[from] item: Life Orb\n|move|p1b: Chien-Pao|Sacred Sword|p2a: Dondozo\n|-activate|p2a: Dondozo|move: Protect\n|\n|-damage|p1a: Calyrex|35\/100 psn|[from] psn\n|upkeep\n|\n|t:|1738081633\n|switch|p2b: Tatsugiri|Tatsugiri, L50, M, shiny|100\/100\n|-activate|p2b: Tatsugiri|ability: Commander|[of] p2a: Dondozo\n|-boost|p2a: Dondozo|atk|2\n|-boost|p2a: Dondozo|spa|2\n|-boost|p2a: Dondozo|spe|2\n|-boost|p2a: Dondozo|def|2\n|-boost|p2a: Dondozo|spd|2\n|turn|4\n|\n|t:|1738081639\n|move|p1a: Calyrex|Astral Barrage|p2b: Tatsugiri|[spread] p2a\n|-miss|p1a: Calyrex|p2b: Tatsugiri\n|-damage|p2a: Dondozo|67\/100\n|-damage|p1a: Calyrex|26\/100 psn|[from] item: Life Orb\n|move|p1b: Chien-Pao|Sacred Sword|p2a: Dondozo\n|-damage|p2a: Dondozo|45\/100\n|move|p2a: Dondozo|Earthquake|p1b: Chien-Pao|[spread] p1a,p1b\n|-miss|p2a: Dondozo|p2b: Tatsugiri\n|-damage|p1a: Calyrex|0 fnt\n|-damage|p1b: Chien-Pao|55\/100\n|faint|p1a: Calyrex\n|\n|-heal|p2a: Dondozo|51\/100|[from] item: Leftovers\n|-sideend|p1: TViewierVGC|move: Tailwind\n|upkeep\n|\n|t:|1738081644\n|switch|p1a: Ogerpon|Ogerpon-Wellspring, L50, F|100\/100\n|turn|5\n|inactive|Pauliet123 has 30 seconds left.\n|inactive|Pauliet123 has 20 seconds left.\n|inactive|Pauliet123 has 15 seconds left.\n|inactive|Pauliet123 has 10 seconds left.\n|inactive|Pauliet123 has 5 seconds left.\n|\n|t:|1738081699\n|move|p1b: Chien-Pao|Ice Spinner|p2a: Dondozo\n|-resisted|p2a: Dondozo\n|-damage|p2a: Dondozo|44\/100\n|move|p1a: Ogerpon|Wood Hammer|p2a: Dondozo\n|-supereffective|p2a: Dondozo\n|-damage|p2a: Dondozo|0 fnt\n|faint|p2a: Dondozo\n|-damage|p1a: Ogerpon|81\/100|[from] Recoil\n|\n|upkeep\n|turn|6\n|-message|Pauliet123 forfeited.\n|\n|win|TViewierVGC\n|raw|TViewierVGC's rating: 1511 &rarr; <strong>1536<\/strong><br \/>(+25 for winning)\n|raw|Pauliet123's rating: 1599 &rarr; <strong>1574<\/strong><br \/>(-25 for losing)\n|l|\u2606Pauliet123\n|player|p2|\n|l| mentalrofl\n|l|\u2606TViewierVGC\n|player|p1|\n|l| Triple20\n","uploadtime":1738081996,"views":12,"formatid":"gen9vgc2025regg","rating":1536,"private":0,"password":null}