{"id":"gen9vgc2025regg-2289057304","format":"[Gen 9] VGC 2025 Reg G","players":["wattovgc","Yuans Reive"],"log":"|j|\u2606wattovgc\n|j|\u2606Yuans Reive\n|t:|1737972550\n|gametype|doubles\n|player|p1|wattovgc|1|1613\n|player|p2|Yuans Reive|102|1616\n|teamsize|p1|6\n|teamsize|p2|6\n|gen|9\n|tier|[Gen 9] VGC 2025 Reg G\n|rated|\n|rule|Species Clause: Limit one of each Pok\u00e9mon\n|rule|Item Clause: Limit 1 of each item\n|clearpoke\n|poke|p1|Urshifu-*, L50, F|\n|poke|p1|Calyrex-Shadow, L50|\n|poke|p1|Smeargle, L50, F|\n|poke|p1|Tornadus, L50, M|\n|poke|p1|Chi-Yu, L50|\n|poke|p1|Clefairy, L50, M|\n|poke|p2|Urshifu-*, L50, F|\n|poke|p2|Raging Bolt, L50|\n|poke|p2|Calyrex-Ice, L50|\n|poke|p2|Incineroar, L50, M|\n|poke|p2|Rillaboom, L50, F|\n|poke|p2|Farigiraf, L50, M|\n|teampreview|4\n|inactive|Battle timer is ON: inactive players will automatically lose when time's up. (requested by wattovgc)\nYuans Reive has agreed to open team sheets.\n|c|\u2606Yuans Reive|glhf\n|j| SVbank\n|\n|t:|1737972575\n|start\n|switch|p1a: Chi-Yu|Chi-Yu, L50|100\/100\n|switch|p1b: Smeargle|Smeargle, L50, F|100\/100\n|switch|p2a: Farigiraf|Farigiraf, L50, M|100\/100\n|switch|p2b: Incineroar|Incineroar, L50, M|100\/100\n|-ability|p1a: Chi-Yu|Beads of Ruin\n|-ability|p2b: Incineroar|Intimidate|boost\n|-unboost|p1a: Chi-Yu|atk|1\n|-unboost|p1b: Smeargle|atk|1\n|turn|1\n|\n|t:|1737972594\n|switch|p1b: Calyrex|Calyrex-Shadow, L50|100\/100\n|-ability|p1b: Calyrex|As One\n|-ability|p1b: Calyrex|Unnerve\n|move|p2a: Farigiraf|Protect|p2a: Farigiraf\n|-singleturn|p2a: Farigiraf|Protect\n|move|p1a: Chi-Yu|Overheat|p2a: Farigiraf\n|-activate|p2a: Farigiraf|move: Protect\n|move|p2b: Incineroar|Knock Off|p1a: Chi-Yu\n|-resisted|p1a: Chi-Yu\n|-damage|p1a: Chi-Yu|71\/100\n|-enditem|p1a: Chi-Yu|Choice Scarf|[from] move: Knock Off|[of] p2b: Incineroar\n|\n|upkeep\n|turn|2\n|inactive|Yuans Reive has 30 seconds left.\n|\n|t:|1737972621\n|-terastallize|p1b: Calyrex|Fairy\n|move|p1b: Calyrex|Nasty Plot|p1b: Calyrex\n|-boost|p1b: Calyrex|spa|2\n|move|p1a: Chi-Yu|Overheat|p2a: Farigiraf\n|-damage|p2a: Farigiraf|9\/100\n|-unboost|p1a: Chi-Yu|spa|2\n|move|p2b: Incineroar|Knock Off|p1b: Calyrex\n|-resisted|p1b: Calyrex\n|-damage|p1b: Calyrex|82\/100\n|-enditem|p1b: Calyrex|Covert Cloak|[from] move: Knock Off|[of] p2b: Incineroar\n|move|p2a: Farigiraf|Trick Room|p2a: Farigiraf\n|-fieldstart|move: Trick Room|[of] p2a: Farigiraf\n|\n|upkeep\n|turn|3\n|j| Lavenderawa\n|\n|t:|1737972631\n|switch|p1a: Clefairy|Clefairy, L50, M|100\/100\n|move|p2a: Farigiraf|Hyper Voice|p1b: Calyrex|[spread] p1a,p1b\n|-damage|p1a: Clefairy|72\/100\n|-damage|p1b: Calyrex|58\/100\n|-enditem|p2a: Farigiraf|Throat Spray\n|-boost|p2a: Farigiraf|spa|1|[from] item: Throat Spray\n|move|p2b: Incineroar|Parting Shot|p1b: Calyrex\n|-unboost|p1b: Calyrex|atk|1\n|-unboost|p1b: Calyrex|spa|1\n|\n|t:|1737972637\n|switch|p2b: Rillaboom|Rillaboom, L50, F|100\/100|[from] Parting Shot\n|-fieldstart|move: Grassy Terrain|[from] ability: Grassy Surge|[of] p2b: Rillaboom\n|move|p1b: Calyrex|Draining Kiss|p2a: Farigiraf\n|-damage|p2a: Farigiraf|0 fnt\n|-heal|p1b: Calyrex|65\/100|[from] drain|[of] p2a: Farigiraf\n|faint|p2a: Farigiraf\n|-ability|p1b: Calyrex|Grim Neigh|boost\n|-boost|p1b: Calyrex|spa|1\n|\n|-heal|p1a: Clefairy|78\/100|[from] Grassy Terrain\n|-heal|p1b: Calyrex|71\/100|[from] Grassy Terrain\n|upkeep\n|\n|t:|1737972638\n|switch|p2a: Calyrex|Calyrex-Ice, L50|100\/100\n|-ability|p2a: Calyrex|As One\n|-ability|p2a: Calyrex|Unnerve\n|turn|4\n|\n|t:|1737972642\n|-terastallize|p2a: Calyrex|Water\n|move|p1a: Clefairy|Protect|p1a: Clefairy\n|-singleturn|p1a: Clefairy|Protect\n|move|p1b: Calyrex|Protect|p1b: Calyrex\n|-singleturn|p1b: Calyrex|Protect\n|move|p2a: Calyrex|Glacial Lance|p1a: Clefairy|[spread] \n|-activate|p1a: Clefairy|move: Protect\n|-activate|p1b: Calyrex|move: Protect\n|move|p2b: Rillaboom|Wood Hammer|p1b: Calyrex\n|-activate|p1b: Calyrex|move: Protect\n|\n|-heal|p1a: Clefairy|84\/100|[from] Grassy Terrain\n|-heal|p1b: Calyrex|77\/100|[from] Grassy Terrain\n|upkeep\n|turn|5\n|j| jasper2452\n|\n|t:|1737972651\n|switch|p2b: Incineroar|Incineroar, L50, M|100\/100\n|-ability|p2b: Incineroar|Intimidate|boost\n|-unboost|p1a: Clefairy|atk|1\n|-unboost|p1b: Calyrex|atk|1\n|move|p1a: Clefairy|Follow Me|p1a: Clefairy\n|-singleturn|p1a: Clefairy|move: Follow Me\n|move|p2a: Calyrex|Glacial Lance|p1a: Clefairy|[spread] p1a,p1b\n|-damage|p1a: Clefairy|40\/100\n|-damage|p1b: Calyrex|36\/100\n|move|p1b: Calyrex|Astral Barrage|p2a: Calyrex|[spread] p2a,p2b\n|-resisted|p2b: Incineroar\n|-damage|p2a: Calyrex|39\/100\n|-damage|p2b: Incineroar|63\/100\n|\n|-heal|p1a: Clefairy|46\/100|[from] Grassy Terrain\n|-heal|p2a: Calyrex|45\/100|[from] Grassy Terrain\n|-heal|p2b: Incineroar|69\/100|[from] Grassy Terrain\n|-heal|p1b: Calyrex|42\/100|[from] Grassy Terrain\n|upkeep\n|turn|6\n|l| jasper2452\n|\n|t:|1737972669\n|switch|p1a: Smeargle|Smeargle, L50, F|100\/100\n|switch|p2b: Rillaboom|Rillaboom, L50, F|100\/100\n|move|p1b: Calyrex|Protect|p1b: Calyrex\n|-singleturn|p1b: Calyrex|Protect\n|move|p2a: Calyrex|Glacial Lance|p1a: Smeargle|[spread] p1a\n|-activate|p1b: Calyrex|move: Protect\n|-enditem|p1a: Smeargle|Focus Sash\n|-damage|p1a: Smeargle|1\/100\n|\n|-heal|p2a: Calyrex|51\/100|[from] Grassy Terrain\n|-heal|p1a: Smeargle|7\/100|[from] Grassy Terrain\n|-heal|p1b: Calyrex|48\/100|[from] Grassy Terrain\n|-fieldend|move: Trick Room\n|-ability|p1a: Smeargle|Moody|boost\n|-boost|p1a: Smeargle|spd|2\n|-unboost|p1a: Smeargle|spa|1\n|upkeep\n|turn|7\n|\n|t:|1737972682\n|move|p2a: Calyrex|Protect|p2a: Calyrex\n|-singleturn|p2a: Calyrex|Protect\n|move|p1a: Smeargle|Fake Out|p2b: Rillaboom\n|-damage|p2b: Rillaboom|96\/100\n|move|p1b: Calyrex|Astral Barrage|p2a: Calyrex|[spread] p2b\n|-activate|p2a: Calyrex|move: Protect\n|-damage|p2b: Rillaboom|29\/100\n|cant|p2b: Rillaboom|flinch\n|\n|-heal|p1b: Calyrex|53\/100|[from] Grassy Terrain\n|-heal|p1a: Smeargle|13\/100|[from] Grassy Terrain\n|-heal|p2b: Rillaboom|35\/100|[from] Grassy Terrain\n|-heal|p2a: Calyrex|57\/100|[from] Grassy Terrain\n|-fieldend|move: Grassy Terrain\n|-ability|p1a: Smeargle|Moody|boost\n|-boost|p1a: Smeargle|atk|2\n|-unboost|p1a: Smeargle|spa|1\n|upkeep\n|turn|8\n|\n|t:|1737972690\n|switch|p2b: Incineroar|Incineroar, L50, M|69\/100\n|-ability|p2b: Incineroar|Intimidate|boost\n|-unboost|p1a: Smeargle|atk|1\n|-unboost|p1b: Calyrex|atk|1\n|move|p1b: Calyrex|Astral Barrage|p2a: Calyrex|[spread] p2a,p2b\n|-resisted|p2b: Incineroar\n|-damage|p2a: Calyrex|0 fnt\n|-damage|p2b: Incineroar|36\/100\n|faint|p2a: Calyrex\n|-ability|p1b: Calyrex|Grim Neigh|boost\n|-boost|p1b: Calyrex|spa|1\n|move|p1a: Smeargle|Spore|p2b: Incineroar\n|-activate|p2b: Incineroar|item: Safety Goggles|Spore\n|\n|-ability|p1a: Smeargle|Moody|boost\n|-boost|p1a: Smeargle|def|2\n|-unboost|p1a: Smeargle|spd|1\n|upkeep\n|\n|t:|1737972693\n|switch|p2a: Rillaboom|Rillaboom, L50, F|35\/100\n|-fieldstart|move: Grassy Terrain|[from] ability: Grassy Surge|[of] p2a: Rillaboom\n|turn|9\n|\n|t:|1737972699\n|move|p1b: Calyrex|Protect|p1b: Calyrex\n|-singleturn|p1b: Calyrex|Protect\n|move|p2b: Incineroar|Fake Out|p1b: Calyrex\n|-activate|p1b: Calyrex|move: Protect\n|move|p1a: Smeargle|Follow Me|p1a: Smeargle\n|-singleturn|p1a: Smeargle|move: Follow Me\n|move|p2a: Rillaboom|Grassy Glide|p1a: Smeargle\n|-damage|p1a: Smeargle|0 fnt\n|faint|p1a: Smeargle\n|\n|-heal|p1b: Calyrex|59\/100|[from] Grassy Terrain\n|-heal|p2a: Rillaboom|41\/100|[from] Grassy Terrain\n|-heal|p2b: Incineroar|42\/100|[from] Grassy Terrain\n|upkeep\n|\n|t:|1737972702\n|switch|p1a: Clefairy|Clefairy, L50, M|46\/100\n|turn|10\n|c|\u2606wattovgc|Gg\n|\n|t:|1737972708\n|move|p1a: Clefairy|Follow Me|p1a: Clefairy\n|-singleturn|p1a: Clefairy|move: Follow Me\n|move|p2a: Rillaboom|Grassy Glide|p1a: Clefairy\n|-damage|p1a: Clefairy|17\/100\n|move|p1b: Calyrex|Astral Barrage|p2b: Incineroar|[spread] p2a,p2b\n|-resisted|p2b: Incineroar\n|-damage|p2a: Rillaboom|0 fnt\n|-damage|p2b: Incineroar|0 fnt\n|faint|p2a: Rillaboom\n|faint|p2b: Incineroar\n|\n|win|wattovgc\n|raw|wattovgc's rating: 1613 &rarr; <strong>1633<\/strong><br \/>(+20 for winning)\n|raw|Yuans Reive's rating: 1616 &rarr; <strong>1596<\/strong><br \/>(-20 for losing)\n|c|\u2606Yuans Reive|gg\n|l|\u2606Yuans Reive\n|player|p2|\n|l| Lavenderawa\n|l| SVbank\n","uploadtime":1737972969,"views":18,"formatid":"gen9vgc2025regg","rating":1596,"private":0,"password":null}