{"id":"gen9vgc2025regg-2289129435","format":"[Gen 9] VGC 2025 Reg G","players":["Bfap","sibylla_system"],"log":"|j|\u2606Bfap\n|j|\u2606sibylla_system\n|t:|1737983993\n|gametype|doubles\n|player|p1|Bfap|266|1607\n|player|p2|sibylla_system|1|1642\n|teamsize|p1|6\n|teamsize|p2|6\n|gen|9\n|tier|[Gen 9] VGC 2025 Reg G\n|rated|\n|rule|Species Clause: Limit one of each Pok\u00e9mon\n|rule|Item Clause: Limit 1 of each item\n|clearpoke\n|poke|p1|Incineroar, L50, M|\n|poke|p1|Farigiraf, L50, M|\n|poke|p1|Smeargle, L50, M|\n|poke|p1|Calyrex-Ice, L50|\n|poke|p1|Amoonguss, L50, M|\n|poke|p1|Rillaboom, L50, M|\n|poke|p2|Maushold-Four, L50|\n|poke|p2|Calyrex-Shadow, L50|\n|poke|p2|Whimsicott, L50, M|\n|poke|p2|Urshifu-*, L50, F|\n|poke|p2|Iron Valiant, L50|\n|poke|p2|Araquanid, L50, F|\n|teampreview|4\n|inactive|Battle timer is ON: inactive players will automatically lose when time's up. (requested by sibylla_system)\n|\n|t:|1737984047\n|start\n|switch|p1a: Smeargle|Smeargle, L50, M|100\/100\n|switch|p1b: Farigiraf|Farigiraf, L50, M|100\/100\n|switch|p2a: Maushold|Maushold-Four, L50|100\/100\n|switch|p2b: Calyrex|Calyrex-Shadow, L50|100\/100\n|-ability|p2b: Calyrex|As One\n|-ability|p2b: Calyrex|Unnerve\n|turn|1\n|\n|t:|1737984071\n|move|p2a: Maushold|Helping Hand|p2b: Calyrex\n|-singleturn|p2b: Calyrex|Helping Hand|[of] p2a: Maushold\n|move|p2b: Calyrex|Pollen Puff|p1b: Farigiraf\n|-supereffective|p1b: Farigiraf\n|-damage|p1b: Farigiraf|0 fnt\n|faint|p1b: Farigiraf\n|-ability|p2b: Calyrex|Grim Neigh|boost\n|-boost|p2b: Calyrex|spa|1\n|move|p1a: Smeargle|Spore|p2b: Calyrex\n|-status|p2b: Calyrex|slp|[from] move: Spore\n|\n|upkeep\n|\n|t:|1737984079\n|switch|p1b: Calyrex|Calyrex-Ice, L50|100\/100\n|-ability|p1b: Calyrex|As One\n|-ability|p1b: Calyrex|Unnerve\n|turn|2\n|\n|t:|1737984100\n|switch|p2b: Araquanid|Araquanid, L50, F|100\/100\n|move|p2a: Maushold|Follow Me|p2a: Maushold\n|-singleturn|p2a: Maushold|move: Follow Me\n|move|p1a: Smeargle|Spore|p2a: Maushold\n|-status|p2a: Maushold|slp|[from] move: Spore\n|move|p1b: Calyrex|Trick Room|p1b: Calyrex\n|-fieldstart|move: Trick Room|[of] p1b: Calyrex\n|\n|upkeep\n|turn|3\n|\n|t:|1737984120\n|cant|p2a: Maushold|slp\n|move|p2b: Araquanid|Power Split|p1b: Calyrex\n|-activate|p2b: Araquanid|move: Power Split|[of] p1b: Calyrex\n|move|p1a: Smeargle|Spore|p2b: Araquanid\n|-status|p2b: Araquanid|slp|[from] move: Spore\n|move|p1b: Calyrex|High Horsepower|p2a: Maushold\n|-damage|p2a: Maushold|76\/100 slp\n|-damage|p1b: Calyrex|84\/100|[from] item: Rocky Helmet|[of] p2a: Maushold\n|\n|upkeep\n|turn|4\n|inactive|sibylla_system has 30 seconds left.\n|\n|t:|1737984146\n|cant|p2a: Maushold|slp\n|cant|p2b: Araquanid|slp\n|move|p1a: Smeargle|Decorate|p1b: Calyrex\n|-boost|p1b: Calyrex|atk|2\n|-boost|p1b: Calyrex|spa|2\n|move|p1b: Calyrex|Glacial Lance|p2b: Araquanid|[spread] p2a,p2b\n|-resisted|p2b: Araquanid\n|-damage|p2a: Maushold|0 fnt\n|-damage|p2b: Araquanid|78\/100 slp\n|faint|p2a: Maushold\n|-ability|p1b: Calyrex|Chilling Neigh|boost\n|-boost|p1b: Calyrex|atk|1\n|\n|upkeep\n|inactive|sibylla_system has 30 seconds left.\n|\n|t:|1737984176\n|switch|p2a: Urshifu|Urshifu, L50, F|100\/100\n|turn|5\n|inactive|sibylla_system has 30 seconds left.\n|\n|t:|1737984206\n|-terastallize|p2b: Araquanid|Water\n|move|p1a: Smeargle|Follow Me|p1a: Smeargle\n|-singleturn|p1a: Smeargle|move: Follow Me\n|move|p2a: Urshifu|Sucker Punch||[still]\n|-fail|p2a: Urshifu\n|cant|p2b: Araquanid|slp\n|move|p1b: Calyrex|Glacial Lance|p2a: Urshifu|[spread] p2a,p2b\n|-resisted|p2b: Araquanid\n|-damage|p2a: Urshifu|3\/100\n|-damage|p2b: Araquanid|38\/100 slp\n|\n|upkeep\n|turn|6\n|inactive|sibylla_system has 30 seconds left.\n|\n|t:|1737984240\n|move|p1a: Smeargle|Follow Me|p1a: Smeargle\n|-singleturn|p1a: Smeargle|move: Follow Me\n|move|p2a: Urshifu|Sucker Punch||[still]\n|-fail|p2a: Urshifu\n|-curestatus|p2b: Araquanid|slp|[msg]\n|move|p2b: Araquanid|Liquidation|p1a: Smeargle\n|-enditem|p1a: Smeargle|Focus Sash\n|-damage|p1a: Smeargle|1\/100\n|move|p1b: Calyrex|High Horsepower|p2b: Araquanid\n|-damage|p2b: Araquanid|0 fnt\n|faint|p2b: Araquanid\n|-ability|p1b: Calyrex|Chilling Neigh|boost\n|-boost|p1b: Calyrex|atk|1\n|\n|-fieldend|move: Trick Room\n|upkeep\n|-message|sibylla_system forfeited.\n|\n|win|Bfap\n|raw|Bfap's rating: 1607 &rarr; <strong>1629<\/strong><br \/>(+22 for winning)\n|raw|sibylla_system's rating: 1642 &rarr; <strong>1620<\/strong><br \/>(-22 for losing)\n|l|\u2606Bfap\n|player|p1|\n","uploadtime":1737984487,"views":14,"formatid":"gen9vgc2025regg","rating":1620,"private":0,"password":null}