{"id":"gen9vgc2025regg-2289227783","format":"[Gen 9] VGC 2025 Reg G","players":["juanessamal","meiose"],"log":"|j|\u2606juanessamal\n|j|\u2606meiose\n|t:|1737994799\n|gametype|doubles\n|player|p1|juanessamal|1|1665\n|player|p2|meiose|schoolkid-gen4|1746\n|teamsize|p1|6\n|teamsize|p2|6\n|gen|9\n|tier|[Gen 9] VGC 2025 Reg G\n|rated|\n|rule|Species Clause: Limit one of each Pok\u00e9mon\n|rule|Item Clause: Limit 1 of each item\n|clearpoke\n|poke|p1|Sableye, L50, M|\n|poke|p1|Iron Valiant, L50|\n|poke|p1|Flutter Mane, L50|\n|poke|p1|Groudon, L50|\n|poke|p1|Tornadus, L50, M|\n|poke|p1|Chi-Yu, L50|\n|poke|p2|Zamazenta-*, L50|\n|poke|p2|Chien-Pao, L50|\n|poke|p2|Urshifu-*, L50, F|\n|poke|p2|Ogerpon-Hearthflame, L50, F|\n|poke|p2|Raging Bolt, L50|\n|poke|p2|Landorus, L50, M|\n|teampreview|4\nmeiose has agreed to open team sheets.\n|j| BionicFox\n|j| Finniswaybetter\n|l| Finniswaybetter\n|j| Triple20\n|inactive|Battle timer is ON: inactive players will automatically lose when time's up. (requested by juanessamal)\n|\n|t:|1737994874\n|start\n|switch|p1a: Iron Valiant|Iron Valiant, L50|100\/100\n|switch|p1b: Sableye|Sableye, L50, M|100\/100\n|switch|p2a: Zamazenta|Zamazenta-Crowned, L50|100\/100\n|switch|p2b: Ogerpon|Ogerpon-Hearthflame, L50, F|100\/100\n|-ability|p2a: Zamazenta|Dauntless Shield|boost\n|-boost|p2a: Zamazenta|def|1\n|-ability|p2b: Ogerpon|Mold Breaker\n|-enditem|p1a: Iron Valiant|Booster Energy\n|-activate|p1a: Iron Valiant|ability: Quark Drive|[fromitem]\n|-start|p1a: Iron Valiant|quarkdrivespe\n|turn|1\n|\n|t:|1737994889\n|move|p2b: Ogerpon|Follow Me|p2b: Ogerpon\n|-singleturn|p2b: Ogerpon|move: Follow Me\n|move|p1b: Sableye|Gravity|p1b: Sableye\n|-fieldstart|move: Gravity\n|move|p1a: Iron Valiant|Hypnosis|p2b: Ogerpon\n|-status|p2b: Ogerpon|slp|[from] move: Hypnosis\n|move|p2a: Zamazenta|Heavy Slam|p1a: Iron Valiant\n|-supereffective|p1a: Iron Valiant\n|-damage|p1a: Iron Valiant|0 fnt\n|faint|p1a: Iron Valiant\n|-end|p1a: Iron Valiant|Quark Drive|[silent]\n|\n|upkeep\n|j| mentalrofl\n|inactive|juanessamal has 30 seconds left.\n|\n|t:|1737994919\n|switch|p1a: Groudon|Groudon, L50, shiny|100\/100\n|-weather|SunnyDay|[from] ability: Drought|[of] p1a: Groudon\n|turn|2\n|j| Finniswaybetter\n|inactive|meiose has 30 seconds left.\n|\n|t:|1737994948\n|move|p2a: Zamazenta|Protect|p2a: Zamazenta\n|-singleturn|p2a: Zamazenta|Protect\n|cant|p2b: Ogerpon|slp\n|move|p1b: Sableye|Encore|p2a: Zamazenta\n|-activate|p2a: Zamazenta|move: Protect\n|move|p1a: Groudon|Swords Dance|p1a: Groudon\n|-boost|p1a: Groudon|atk|2\n|\n|-weather|SunnyDay|[upkeep]\n|upkeep\n|turn|3\n|l| Finniswaybetter\n|l| BionicFox\n|inactive|juanessamal has 30 seconds left.\n|inactive|meiose has 30 seconds left.\n|\n|t:|1737994980\n|move|p2a: Zamazenta|Wide Guard|p2a: Zamazenta\n|-singleturn|p2a: Zamazenta|Wide Guard\n|move|p1b: Sableye|Encore|p2b: Ogerpon\n|-start|p2b: Ogerpon|Encore\n|cant|p2b: Ogerpon|slp\n|move|p1a: Groudon|Precipice Blades|p2a: Zamazenta|[spread] \n|-activate|p2a: Zamazenta|move: Wide Guard\n|-activate|p2b: Ogerpon|move: Wide Guard\n|\n|-weather|SunnyDay|[upkeep]\n|upkeep\n|turn|4\n|l| Triple20\n|inactive|meiose has 30 seconds left.\n|inactive|meiose has 20 seconds left.\n|inactive|meiose has 15 seconds left.\n|\n|t:|1737995023\n|-terastallize|p2a: Zamazenta|Grass\n|-curestatus|p2b: Ogerpon|slp|[msg]\n|move|p2b: Ogerpon|Follow Me|p2b: Ogerpon\n|-singleturn|p2b: Ogerpon|move: Follow Me\n|move|p1b: Sableye|Disable|p2b: Ogerpon\n|-start|p2b: Ogerpon|Disable|Follow Me\n|move|p2a: Zamazenta|Body Press|p1a: Groudon\n|-damage|p1a: Groudon|52\/100\n|move|p1a: Groudon|Precipice Blades|p2a: Zamazenta|[spread] p2a,p2b\n|-resisted|p2a: Zamazenta\n|-damage|p2a: Zamazenta|71\/100\n|-damage|p2b: Ogerpon|0 fnt\n|faint|p2b: Ogerpon\n|-damage|p1a: Groudon|42\/100|[from] item: Life Orb\n|\n|-weather|SunnyDay|[upkeep]\n|upkeep\n|\n|t:|1737995029\n|switch|p2b: Landorus|Landorus, L50, M|100\/100\n|turn|5\n|inactive|juanessamal has 30 seconds left.\n|\n|t:|1737995056\n|move|p1a: Groudon|Protect|p1a: Groudon\n|-singleturn|p1a: Groudon|Protect\n|move|p1b: Sableye|Encore|p2a: Zamazenta\n|-start|p2a: Zamazenta|Encore\n|move|p2a: Zamazenta|Body Press|p1a: Groudon\n|-activate|p1a: Groudon|move: Protect\n|move|p2b: Landorus|Sandsear Storm|p1a: Groudon|[spread] p1b\n|-activate|p1a: Groudon|move: Protect\n|-damage|p1b: Sableye|25\/100\n|\n|-weather|SunnyDay|[upkeep]\n|-fieldend|move: Gravity\n|upkeep\n|turn|6\n|inactive|juanessamal has 30 seconds left.\n|inactive|juanessamal has 20 seconds left.\n|inactive|juanessamal has 15 seconds left.\n|\n|t:|1737995101\n|-terastallize|p1a: Groudon|Grass\n|move|p1b: Sableye|Gravity|p1b: Sableye\n|-fieldstart|move: Gravity\n|move|p2a: Zamazenta|Body Press|p1a: Groudon\n|-damage|p1a: Groudon|0 fnt\n|faint|p1a: Groudon\n|move|p2b: Landorus|Earth Power|p1b: Sableye\n|-crit|p1b: Sableye\n|-damage|p1b: Sableye|0 fnt\n|faint|p1b: Sableye\n|\n|-weather|none\n|upkeep\n|j| Triple20\n|\n|t:|1737995113\n|switch|p1b: Chi-Yu|Chi-Yu, L50|100\/100\n|-ability|p1b: Chi-Yu|Beads of Ruin\n|turn|7\n|l| Triple20\n|\n|t:|1737995129\n|move|p1b: Chi-Yu|Heat Wave|p2a: Zamazenta|[spread] p2a,p2b\n|-supereffective|p2a: Zamazenta\n|-damage|p2a: Zamazenta|0 fnt\n|-damage|p2b: Landorus|34\/100\n|faint|p2a: Zamazenta\n|move|p2b: Landorus|Sandsear Storm|p1b: Chi-Yu\n|-supereffective|p1b: Chi-Yu\n|-damage|p1b: Chi-Yu|0 fnt\n|faint|p1b: Chi-Yu\n|\n|win|meiose\n|raw|juanessamal's rating: 1665 &rarr; <strong>1650<\/strong><br \/>(-15 for losing)\n|raw|meiose's rating: 1746 &rarr; <strong>1761<\/strong><br \/>(+15 for winning)\n|l| mentalrofl\n|l|\u2606juanessamal\n|player|p1|\n|l|\u2606meiose\n|player|p2|\n","uploadtime":1737995132,"views":58,"formatid":"gen9vgc2025regg","rating":1650,"private":0,"password":null}