{"id":"gen9vgc2025regg-2289346058","format":"[Gen 9] VGC 2025 Reg G","players":["actuary97","FelizJuevesVGC"],"log":"|j|\u2606actuary97\n|j|\u2606FelizJuevesVGC\n|t:|1738006015\n|gametype|doubles\n|player|p1|actuary97|sabrina-frlg|1557\n|player|p2|FelizJuevesVGC|iris-gen5bw2|1647\n|teamsize|p1|6\n|teamsize|p2|6\n|gen|9\n|tier|[Gen 9] VGC 2025 Reg G\n|rated|\n|rule|Species Clause: Limit one of each Pok\u00e9mon\n|rule|Item Clause: Limit 1 of each item\n|clearpoke\n|poke|p1|Amoonguss, L50, M|\n|poke|p1|Armarouge, L50, M|\n|poke|p1|Whimsicott, L50, M|\n|poke|p1|Kyogre, L50|\n|poke|p1|Archaludon, L50, M|\n|poke|p1|Indeedee-F, L50, F|\n|poke|p2|Eternatus, L50|\n|poke|p2|Chi-Yu, L50|\n|poke|p2|Tornadus, L50, M|\n|poke|p2|Flutter Mane, L50|\n|poke|p2|Urshifu-*, L50, M|\n|poke|p2|Rillaboom, L50, F|\n|teampreview|4\nactuary97 has agreed to open team sheets.\n|inactive|Battle timer is ON: inactive players will automatically lose when time's up. (requested by FelizJuevesVGC)\n|inactive|actuary97 has 60 seconds left.\n|\n|t:|1738006061\n|start\n|switch|p1a: Armarouge|Armarouge, L50, M|100\/100\n|switch|p1b: Archaludon|Archaludon, L50, M, shiny|100\/100\n|switch|p2a: Eternatus|Eternatus, L50|100\/100\n|switch|p2b: Tornadus|Tornadus, L50, M|100\/100\n|-ability|p2a: Eternatus|Pressure\n|turn|1\n|inactive|FelizJuevesVGC has 30 seconds left.\n|\n|t:|1738006091\n|switch|p2b: Rillaboom|Rillaboom, L50, F|100\/100\n|-fieldstart|move: Grassy Terrain|[from] ability: Grassy Surge|[of] p2b: Rillaboom\n|move|p2a: Eternatus|Meteor Beam||[still]\n|-prepare|p2a: Eternatus|Meteor Beam\n|-boost|p2a: Eternatus|spa|1\n|-enditem|p2a: Eternatus|Power Herb\n|-anim|p2a: Eternatus|Meteor Beam|p1a: Armarouge\n|-supereffective|p1a: Armarouge\n|-damage|p1a: Armarouge|0 fnt\n|faint|p1a: Armarouge\n|move|p1b: Archaludon|Snarl|p2a: Eternatus|[spread] p2a,p2b\n|-damage|p2a: Eternatus|91\/100\n|-damage|p2b: Rillaboom|92\/100\n|-unboost|p2a: Eternatus|spa|1\n|-unboost|p2b: Rillaboom|spa|1\n|\n|-heal|p2a: Eternatus|97\/100|[from] Grassy Terrain\n|-heal|p2b: Rillaboom|98\/100|[from] Grassy Terrain\n|upkeep\n|\n|t:|1738006111\n|switch|p1a: Kyogre|Kyogre, L50, shiny|100\/100\n|-weather|RainDance|[from] ability: Drizzle|[of] p1a: Kyogre\n|turn|2\n|j| mentalrofl\n|\n|t:|1738006123\n|move|p2a: Eternatus|Sludge Bomb|p1a: Kyogre\n|-damage|p1a: Kyogre|68\/100\n|move|p1a: Kyogre|Calm Mind|p1a: Kyogre\n|-boost|p1a: Kyogre|spa|1\n|-boost|p1a: Kyogre|spd|1\n|move|p1b: Archaludon|Snarl|p2b: Rillaboom|[spread] p2a,p2b\n|-damage|p2a: Eternatus|87\/100\n|-damage|p2b: Rillaboom|90\/100\n|-unboost|p2a: Eternatus|spa|1\n|-unboost|p2b: Rillaboom|spa|1\n|move|p2b: Rillaboom|Wood Hammer|p1a: Kyogre\n|-supereffective|p1a: Kyogre\n|-damage|p1a: Kyogre|0 fnt\n|faint|p1a: Kyogre\n|-damage|p2b: Rillaboom|68\/100|[from] Recoil\n|\n|-weather|RainDance|[upkeep]\n|-heal|p2a: Eternatus|93\/100|[from] Grassy Terrain\n|-heal|p2b: Rillaboom|74\/100|[from] Grassy Terrain\n|upkeep\n|\n|t:|1738006130\n|switch|p1a: Indeedee|Indeedee-F, L50, F, shiny|100\/100\n|-fieldstart|move: Psychic Terrain|[from] ability: Psychic Surge|[of] p1a: Indeedee\n|-enditem|p1a: Indeedee|Psychic Seed\n|-boost|p1a: Indeedee|spd|1|[from] item: Psychic Seed\n|turn|3\n|\n|t:|1738006150\n|-terastallize|p1a: Indeedee|Grass\n|move|p2a: Eternatus|Dynamax Cannon|p1a: Indeedee\n|-damage|p1a: Indeedee|78\/100\n|move|p1b: Archaludon|Electro Shot||[still]\n|-prepare|p1b: Archaludon|Electro Shot\n|-boost|p1b: Archaludon|spa|1\n|-anim|p1b: Archaludon|Electro Shot|p2a: Eternatus\n|-resisted|p2a: Eternatus\n|-damage|p2a: Eternatus|69\/100\n|move|p2b: Rillaboom|Wood Hammer|p1a: Indeedee\n|-resisted|p1a: Indeedee\n|-damage|p1a: Indeedee|48\/100\n|-damage|p2b: Rillaboom|66\/100|[from] Recoil\n|move|p1a: Indeedee|Psychic|p2a: Eternatus\n|-supereffective|p2a: Eternatus\n|-damage|p2a: Eternatus|11\/100\n|\n|-weather|RainDance|[upkeep]\n|upkeep\n|turn|4\n|\n|t:|1738006174\n|switch|p2b: Tornadus|Tornadus, L50, M|100\/100\n|move|p1a: Indeedee|Helping Hand|p1b: Archaludon\n|-singleturn|p1b: Archaludon|Helping Hand|[of] p1a: Indeedee\n|move|p2a: Eternatus|Sludge Bomb|p1a: Indeedee\n|-supereffective|p1a: Indeedee\n|-damage|p1a: Indeedee|7\/100\n|-status|p1a: Indeedee|psn\n|move|p1b: Archaludon|Electro Shot||[still]\n|-prepare|p1b: Archaludon|Electro Shot\n|-boost|p1b: Archaludon|spa|1\n|-anim|p1b: Archaludon|Electro Shot|p2b: Tornadus\n|-supereffective|p2b: Tornadus\n|-damage|p2b: Tornadus|0 fnt\n|faint|p2b: Tornadus\n|\n|-weather|RainDance|[upkeep]\n|-damage|p1a: Indeedee|0 fnt|[from] psn\n|faint|p1a: Indeedee\n|upkeep\n|\n|t:|1738006189\n|switch|p2b: Urshifu|Urshifu, L50, M|100\/100\n|turn|5\n|\n|t:|1738006201\n|switch|p2a: Rillaboom|Rillaboom, L50, F|66\/100\n|-fieldstart|move: Grassy Terrain|[from] ability: Grassy Surge|[of] p2a: Rillaboom\n|move|p2b: Urshifu|Close Combat|p1b: Archaludon\n|-supereffective|p1b: Archaludon\n|-damage|p1b: Archaludon|5\/100\n|-unboost|p2b: Urshifu|def|1\n|-unboost|p2b: Urshifu|spd|1\n|-ability|p1b: Archaludon|Stamina|boost\n|-boost|p1b: Archaludon|def|1\n|move|p1b: Archaludon|Electro Shot||[still]\n|-prepare|p1b: Archaludon|Electro Shot\n|-boost|p1b: Archaludon|spa|1\n|-anim|p1b: Archaludon|Electro Shot|p2b: Urshifu\n|-enditem|p2b: Urshifu|Focus Sash\n|-damage|p2b: Urshifu|1\/100\n|\n|-weather|RainDance|[upkeep]\n|-heal|p2b: Urshifu|7\/100|[from] Grassy Terrain\n|-heal|p1b: Archaludon|11\/100|[from] Grassy Terrain\n|-heal|p2a: Rillaboom|72\/100|[from] Grassy Terrain\n|upkeep\n|turn|6\n|\n|t:|1738006210\n|-terastallize|p2b: Urshifu|Dark\n|move|p2a: Rillaboom|Fake Out|p1b: Archaludon\n|-resisted|p1b: Archaludon\n|-damage|p1b: Archaludon|8\/100\n|-ability|p1b: Archaludon|Stamina|boost\n|-boost|p1b: Archaludon|def|1\n|move|p2b: Urshifu|Wicked Blow|p1b: Archaludon\n|-crit|p1b: Archaludon\n|-damage|p1b: Archaludon|0 fnt\n|faint|p1b: Archaludon\n|\n|win|FelizJuevesVGC\n|raw|actuary97's rating: 1557 &rarr; <strong>1542<\/strong><br \/>(-15 for losing)\n|raw|FelizJuevesVGC's rating: 1647 &rarr; <strong>1662<\/strong><br \/>(+15 for winning)\n|l|\u2606actuary97\n|player|p1|\n|l| mentalrofl\n|c|\u2606FelizJuevesVGC|Gg\n|l|\u2606FelizJuevesVGC\n|player|p2|\n","uploadtime":1738006351,"views":13,"formatid":"gen9vgc2025regg","rating":1542,"private":0,"password":null}