{"id":"gen9vgc2025regg-2289977001","format":"[Gen 9] VGC 2025 Reg G","players":["gthbrt","anton19"],"log":"|j|\u2606gthbrt\n|j|\u2606anton19\n|t:|1738086951\n|gametype|doubles\n|player|p1|gthbrt|caitlin|1519\n|player|p2|anton19|170|1600\n|teamsize|p1|6\n|teamsize|p2|6\n|gen|9\n|tier|[Gen 9] VGC 2025 Reg G\n|rated|\n|rule|Species Clause: Limit one of each Pok\u00e9mon\n|rule|Item Clause: Limit 1 of each item\n|clearpoke\n|poke|p1|Calyrex-Shadow, L50|\n|poke|p1|Tornadus, L50, M|\n|poke|p1|Grimmsnarl, L50, M|\n|poke|p1|Clefairy, L50, M|\n|poke|p1|Rillaboom, L50, F|\n|poke|p1|Urshifu-*, L50, F|\n|poke|p2|Pelipper, L50, F|\n|poke|p2|Calyrex-Ice, L50|\n|poke|p2|Urshifu-*, L50, M|\n|poke|p2|Flutter Mane, L50|\n|poke|p2|Ogerpon-Cornerstone, L50, F|\n|poke|p2|Amoonguss, L50, M|\n|teampreview|4\n|inactive|Battle timer is ON: inactive players will automatically lose when time's up. (requested by anton19)\n|inactive|gthbrt also wants the timer to be on.\n|inactive|gthbrt has 60 seconds left.\n|\n|t:|1738086991\n|start\n|switch|p1a: Grimmsnarl|Grimmsnarl, L50, M|100\/100\n|switch|p1b: Calyrex|Calyrex-Shadow, L50|100\/100\n|switch|p2a: Amoonguss|Amoonguss, L50, M|100\/100\n|switch|p2b: Calyrex|Calyrex-Ice, L50|100\/100\n|-ability|p1b: Calyrex|As One\n|-ability|p1b: Calyrex|Unnerve\n|-ability|p2b: Calyrex|As One\n|-ability|p2b: Calyrex|Unnerve\n|turn|1\n|\n|t:|1738087005\n|-terastallize|p1b: Calyrex|Grass\n|move|p2b: Calyrex|Protect|p2b: Calyrex\n|-singleturn|p2b: Calyrex|Protect\n|move|p1a: Grimmsnarl|Fake Out|p2b: Calyrex\n|-activate|p2b: Calyrex|move: Protect\n|move|p1b: Calyrex|Nasty Plot|p1b: Calyrex\n|-boost|p1b: Calyrex|spa|2\n|move|p2a: Amoonguss|Spore|p1b: Calyrex\n|-immune|p1b: Calyrex\n|\n|upkeep\n|turn|2\n|l|\u2606gthbrt\n|inactive|gthbrt disconnected and has a minute to reconnect!\n|player|p1|\n|inactive|gthbrt has 30 seconds left.\n|j|\u2606gthbrt\n|inactive|gthbrt reconnected and has 25 seconds left.\n|player|p1|gthbrt|caitlin|\n|inactive|gthbrt has 20 seconds left.\n|inactive|gthbrt has 15 seconds left.\n|\n|t:|1738087045\n|-terastallize|p2b: Calyrex|Dragon\n|move|p1a: Grimmsnarl|Reflect|p1a: Grimmsnarl\n|-sidestart|p1: gthbrt|Reflect\n|move|p1b: Calyrex|Astral Barrage|p2a: Amoonguss|[spread] p2a,p2b\n|-damage|p2a: Amoonguss|27\/100\n|-damage|p2b: Calyrex|36\/100\n|move|p2a: Amoonguss|Spore|p1a: Grimmsnarl\n|-status|p1a: Grimmsnarl|slp|[from] move: Spore\n|move|p2b: Calyrex|Trick Room|p2b: Calyrex\n|-fieldstart|move: Trick Room|[of] p2b: Calyrex\n|\n|upkeep\n|turn|3\n|\n|t:|1738087062\n|switch|p1a: Rillaboom|Rillaboom, L50, F|100\/100\n|-fieldstart|move: Grassy Terrain|[from] ability: Grassy Surge|[of] p1a: Rillaboom\n|move|p1b: Calyrex|Protect|p1b: Calyrex\n|-singleturn|p1b: Calyrex|Protect\n|move|p2a: Amoonguss|Pollen Puff|p2b: Calyrex\n|-heal|p2b: Calyrex|86\/100\n|move|p2b: Calyrex|Glacial Lance|p1a: Rillaboom|[spread] p1a\n|-activate|p1b: Calyrex|move: Protect\n|-supereffective|p1a: Rillaboom\n|-damage|p1a: Rillaboom|25\/100\n|\n|-heal|p2a: Amoonguss|33\/100|[from] Grassy Terrain\n|-heal|p2b: Calyrex|92\/100|[from] Grassy Terrain\n|-heal|p1a: Rillaboom|31\/100|[from] Grassy Terrain\n|upkeep\n|turn|4\n|\n|t:|1738087080\n|switch|p1a: Clefairy|Clefairy, L50, M|100\/100\n|move|p2a: Amoonguss|Protect|p2a: Amoonguss\n|-singleturn|p2a: Amoonguss|Protect\n|move|p2b: Calyrex|Protect|p2b: Calyrex\n|-singleturn|p2b: Calyrex|Protect\n|move|p1b: Calyrex|Nasty Plot|p1b: Calyrex\n|-boost|p1b: Calyrex|spa|2\n|\n|-heal|p2a: Amoonguss|39\/100|[from] Grassy Terrain\n|-heal|p2b: Calyrex|98\/100|[from] Grassy Terrain\n|upkeep\n|turn|5\n|\n|t:|1738087096\n|move|p1a: Clefairy|After You|p1b: Calyrex\n|-activate|p1b: Calyrex|move: After You\n|move|p1b: Calyrex|Astral Barrage|p2a: Amoonguss|[spread] p2a,p2b\n|-damage|p2a: Amoonguss|0 fnt\n|-damage|p2b: Calyrex|0 fnt\n|faint|p2a: Amoonguss\n|faint|p2b: Calyrex\n|-ability|p1b: Calyrex|Grim Neigh|boost\n|-boost|p1b: Calyrex|spa|2\n|\n|upkeep\n|\n|t:|1738087102\n|switch|p2a: Pelipper|Pelipper, L50, F|100\/100\n|switch|p2b: Urshifu|Urshifu-Rapid-Strike, L50, M|100\/100\n|-weather|RainDance|[from] ability: Drizzle|[of] p2a: Pelipper\n|turn|6\n|-message|anton19 forfeited.\n|\n|win|gthbrt\n|raw|gthbrt's rating: 1519 &rarr; <strong>1544<\/strong><br \/>(+25 for winning)\n|raw|anton19's rating: 1600 &rarr; <strong>1575<\/strong><br \/>(-25 for losing)\n|l|\u2606anton19\n|player|p2|\n|l|\u2606gthbrt\n|player|p1|\n","uploadtime":1738087349,"views":5,"formatid":"gen9vgc2025regg","rating":1544,"private":0,"password":null}