{"id":"gen9vgc2025regg-2289419180","format":"[Gen 9] VGC 2025 Reg G","players":["Hikawari","vbnmdfg76"],"log":"|j|\u2606Hikawari\n|j|\u2606vbnmdfg76\n|t:|1738013067\n|gametype|doubles\n|player|p1|Hikawari|1|1515\n|player|p2|vbnmdfg76|102|1575\n|teamsize|p1|6\n|teamsize|p2|6\n|gen|9\n|tier|[Gen 9] VGC 2025 Reg G\n|rated|\n|rule|Species Clause: Limit one of each Pok\u00e9mon\n|rule|Item Clause: Limit 1 of each item\n|clearpoke\n|poke|p1|Zamazenta-*, L50|\n|poke|p1|Chi-Yu, L50|\n|poke|p1|Rillaboom, L50, M|\n|poke|p1|Flutter Mane, L50|\n|poke|p1|Chien-Pao, L50|\n|poke|p1|Amoonguss, L50, F|\n|poke|p2|Dondozo, L50, M|\n|poke|p2|Ting-Lu, L50|\n|poke|p2|Chien-Pao, L50|\n|poke|p2|Zamazenta-*, L50|\n|poke|p2|Amoonguss, L50, M|\n|poke|p2|Flutter Mane, L50|\n|teampreview|4\n|inactive|Battle timer is ON: inactive players will automatically lose when time's up. (requested by Hikawari)\nvbnmdfg76 rejected open team sheets.\n|inactive|vbnmdfg76 has 60 seconds left.\n|inactive|vbnmdfg76 has 30 seconds left.\n|inactive|vbnmdfg76 has 20 seconds left.\n|inactive|vbnmdfg76 has 15 seconds left.\n|\n|t:|1738013150\n|start\n|switch|p1a: Zamazenta|Zamazenta-Crowned, L50|100\/100\n|switch|p1b: Chien-Pao|Chien-Pao, L50|100\/100\n|switch|p2a: Zamazenta|Zamazenta-Crowned, L50|100\/100\n|switch|p2b: Dondozo|Dondozo, L50, M|100\/100\n|-ability|p1b: Chien-Pao|Sword of Ruin\n|-ability|p2a: Zamazenta|Dauntless Shield|boost\n|-boost|p2a: Zamazenta|def|1\n|-ability|p1a: Zamazenta|Dauntless Shield|boost\n|-boost|p1a: Zamazenta|def|1\n|turn|1\n|j| PoggibonsiCity\n|j| bluestraggler01\n|\n|t:|1738013174\n|move|p1b: Chien-Pao|Protect|p1b: Chien-Pao\n|-singleturn|p1b: Chien-Pao|Protect\n|move|p1a: Zamazenta|Protect|p1a: Zamazenta\n|-singleturn|p1a: Zamazenta|Protect\n|move|p2a: Zamazenta|Substitute|p2a: Zamazenta\n|-start|p2a: Zamazenta|Substitute\n|-damage|p2a: Zamazenta|76\/100\n|move|p2b: Dondozo|Yawn|p1b: Chien-Pao\n|-activate|p1b: Chien-Pao|move: Protect\n|\n|upkeep\n|turn|2\n|inactive|vbnmdfg76 has 30 seconds left.\n|\n|t:|1738013200\n|-terastallize|p1a: Zamazenta|Dragon\n|move|p2a: Zamazenta|Protect|p2a: Zamazenta\n|-singleturn|p2a: Zamazenta|Protect\n|move|p1b: Chien-Pao|Throat Chop|p2b: Dondozo\n|-damage|p2b: Dondozo|70\/100\n|-start|p2b: Dondozo|Throat Chop|[silent]\n|move|p1a: Zamazenta|Body Press|p2b: Dondozo\n|-damage|p2b: Dondozo|21\/100\n|move|p2b: Dondozo|Yawn|p1a: Zamazenta\n|-start|p1a: Zamazenta|move: Yawn|[of] p2b: Dondozo\n|\n|-heal|p2b: Dondozo|27\/100|[from] item: Leftovers\n|upkeep\n|turn|3\n|j| test123vgc456\n|inactive|Hikawari has 30 seconds left.\n|inactive|vbnmdfg76 has 30 seconds left.\n|inactive|vbnmdfg76 has 20 seconds left.\n|\n|t:|1738013238\n|move|p1b: Chien-Pao|Protect|p1b: Chien-Pao\n|-singleturn|p1b: Chien-Pao|Protect\n|move|p1a: Zamazenta|Body Press|p2a: Zamazenta\n|-supereffective|p2a: Zamazenta\n|-end|p2a: Zamazenta|Substitute\n|move|p2a: Zamazenta|Body Press|p1b: Chien-Pao\n|-activate|p1b: Chien-Pao|move: Protect\n|move|p2b: Dondozo|Yawn||[still]\n|-fail|p2b: Dondozo\n|\n|-heal|p2b: Dondozo|33\/100|[from] item: Leftovers\n|-end|p2b: Dondozo|Throat Chop|[silent]\n|-end|p1a: Zamazenta|move: Yawn|[silent]\n|-status|p1a: Zamazenta|slp\n|upkeep\n|turn|4\n|\n|t:|1738013261\n|move|p1b: Chien-Pao|Throat Chop|p2b: Dondozo\n|-damage|p2b: Dondozo|0 fnt\n|faint|p2b: Dondozo\n|move|p2a: Zamazenta|Body Press|p1b: Chien-Pao\n|-supereffective|p1b: Chien-Pao\n|-crit|p1b: Chien-Pao\n|-enditem|p1b: Chien-Pao|Focus Sash\n|-damage|p1b: Chien-Pao|1\/100\n|cant|p1a: Zamazenta|slp\n|\n|upkeep\n|\n|t:|1738013270\n|switch|p2b: Flutter Mane|Flutter Mane, L50|100\/100\n|-enditem|p2b: Flutter Mane|Booster Energy\n|-activate|p2b: Flutter Mane|ability: Protosynthesis|[fromitem]\n|-start|p2b: Flutter Mane|protosynthesisspe\n|turn|5\n|\n|t:|1738013289\n|cant|p1a: Zamazenta|slp\n|move|p1b: Chien-Pao|Sucker Punch|p2b: Flutter Mane\n|-damage|p2b: Flutter Mane|26\/100\n|move|p2b: Flutter Mane|Icy Wind|p1b: Chien-Pao|[spread] p1a,p1b\n|-supereffective|p1a: Zamazenta\n|-resisted|p1b: Chien-Pao\n|-damage|p1a: Zamazenta|79\/100 slp\n|-damage|p1b: Chien-Pao|0 fnt\n|-unboost|p1a: Zamazenta|spe|1\n|faint|p1b: Chien-Pao\n|move|p2a: Zamazenta|Substitute|p2a: Zamazenta\n|-start|p2a: Zamazenta|Substitute\n|-damage|p2a: Zamazenta|51\/100\n|\n|upkeep\n|\n|t:|1738013302\n|switch|p1b: Flutter Mane|Flutter Mane, L50|100\/100\n|-enditem|p1b: Flutter Mane|Booster Energy\n|-activate|p1b: Flutter Mane|ability: Protosynthesis|[fromitem]\n|-start|p1b: Flutter Mane|protosynthesisspe\n|turn|6\n|inactive|vbnmdfg76 has 30 seconds left.\n|inactive|vbnmdfg76 has 20 seconds left.\n|inactive|vbnmdfg76 has 15 seconds left.\n|inactive|vbnmdfg76 has 10 seconds left.\n|l| test123vgc456\n|inactive|vbnmdfg76 has 5 seconds left.\n|\n|t:|1738013353\n|move|p1b: Flutter Mane|Moonblast|p2b: Flutter Mane\n|-damage|p2b: Flutter Mane|0 fnt\n|faint|p2b: Flutter Mane\n|-end|p2b: Flutter Mane|Protosynthesis|[silent]\n|move|p2a: Zamazenta|Body Press|p1a: Zamazenta\n|-damage|p1a: Zamazenta|49\/100 slp\n|cant|p1a: Zamazenta|slp\n|\n|upkeep\n|\n|t:|1738013361\n|switch|p2b: Amoonguss|Amoonguss, L50, M|100\/100\n|turn|7\n|j| test123vgc456\n|inactive|vbnmdfg76 has 30 seconds left.\n|inactive|vbnmdfg76 has 20 seconds left.\n|inactive|vbnmdfg76 has 15 seconds left.\n|\n|t:|1738013406\n|move|p1b: Flutter Mane|Protect|p1b: Flutter Mane\n|-singleturn|p1b: Flutter Mane|Protect\n|move|p2a: Zamazenta|Protect|p2a: Zamazenta\n|-singleturn|p2a: Zamazenta|Protect\n|-curestatus|p1a: Zamazenta|slp|[msg]\n|move|p1a: Zamazenta|Heavy Slam|p2b: Amoonguss\n|-damage|p2b: Amoonguss|63\/100\n|move|p2b: Amoonguss|Spore|p1b: Flutter Mane\n|-activate|p1b: Flutter Mane|move: Protect\n|\n|upkeep\n|turn|8\n|inactive|vbnmdfg76 has 30 seconds left.\n|inactive|vbnmdfg76 has 20 seconds left.\n|inactive|vbnmdfg76 has 15 seconds left.\n|inactive|vbnmdfg76 has 10 seconds left.\n|inactive|vbnmdfg76 has 5 seconds left.\n|\n|t:|1738013457\n|-terastallize|p2a: Zamazenta|Dragon\n|move|p1b: Flutter Mane|Shadow Ball|p2b: Amoonguss\n|-crit|p2b: Amoonguss\n|-damage|p2b: Amoonguss|12\/100\n|-unboost|p2b: Amoonguss|spd|1\n|move|p2a: Zamazenta|Heavy Slam|p1b: Flutter Mane\n|-supereffective|p1b: Flutter Mane\n|-damage|p1b: Flutter Mane|0 fnt\n|faint|p1b: Flutter Mane\n|-end|p1b: Flutter Mane|Protosynthesis|[silent]\n|move|p1a: Zamazenta|Heavy Slam|p2b: Amoonguss\n|-damage|p2b: Amoonguss|0 fnt\n|faint|p2b: Amoonguss\n|\n|upkeep\n|\n|t:|1738013467\n|switch|p1b: Chi-Yu|Chi-Yu, L50|100\/100\n|-ability|p1b: Chi-Yu|Beads of Ruin\n|turn|9\n|\n|t:|1738013482\n|move|p2a: Zamazenta|Protect|p2a: Zamazenta\n|-singleturn|p2a: Zamazenta|Protect\n|move|p1b: Chi-Yu|Dark Pulse|p2a: Zamazenta\n|-activate|p2a: Zamazenta|move: Protect\n|move|p1a: Zamazenta|Body Press|p2a: Zamazenta\n|-activate|p2a: Zamazenta|move: Protect\n|\n|upkeep\n|turn|10\n|\n|t:|1738013491\n|move|p1b: Chi-Yu|Dark Pulse|p2a: Zamazenta\n|-end|p2a: Zamazenta|Substitute\n|move|p2a: Zamazenta|Body Press|p1b: Chi-Yu\n|-supereffective|p1b: Chi-Yu\n|-damage|p1b: Chi-Yu|0 fnt\n|faint|p1b: Chi-Yu\n|move|p1a: Zamazenta|Body Press|p2a: Zamazenta\n|-damage|p2a: Zamazenta|22\/100\n|\n|upkeep\n|turn|11\n|\n|t:|1738013502\n|move|p2a: Zamazenta|Body Press|p1a: Zamazenta\n|-damage|p1a: Zamazenta|22\/100\n|move|p1a: Zamazenta|Body Press|p2a: Zamazenta\n|-crit|p2a: Zamazenta\n|-damage|p2a: Zamazenta|0 fnt\n|faint|p2a: Zamazenta\n|\n|win|Hikawari\n|raw|Hikawari's rating: 1515 &rarr; <strong>1538<\/strong><br \/>(+23 for winning)\n|raw|vbnmdfg76's rating: 1575 &rarr; <strong>1552<\/strong><br \/>(-23 for losing)\n|c|\u2606vbnmdfg76|g\n|c|\u2606vbnmdfg76|gg\n","uploadtime":1738013511,"views":6,"formatid":"gen9vgc2025regg","rating":1538,"private":0,"password":null}