{"id":"gen9vgc2025regg-2289717828","format":"[Gen 9] VGC 2025 Reg G","players":["illuminakiwii","IlluminaGielBakker"],"log":"|j|\u2606illuminakiwii\n|j|\u2606IlluminaGielBakker\n|t:|1738055527\n|gametype|doubles\n|player|p1|illuminakiwii|acetrainerf-gen4dp|1641\n|player|p2|IlluminaGielBakker|steven|1566\n|teamsize|p1|6\n|teamsize|p2|6\n|gen|9\n|tier|[Gen 9] VGC 2025 Reg G\n|rated|\n|rule|Species Clause: Limit one of each Pok\u00e9mon\n|rule|Item Clause: Limit 1 of each item\n|clearpoke\n|poke|p1|Zacian-*, L50|\n|poke|p1|Regidrago, L50|\n|poke|p1|Volcarona, L50, M|\n|poke|p1|Farigiraf, L50, F|\n|poke|p1|Tornadus, L50, M|\n|poke|p1|Urshifu-*, L50, F|\n|poke|p2|Zamazenta-*, L50|\n|poke|p2|Chien-Pao, L50|\n|poke|p2|Flutter Mane, L50|\n|poke|p2|Volcarona, L50, M|\n|poke|p2|Raging Bolt, L50|\n|poke|p2|Urshifu-*, L50, F|\n|teampreview|4\n|inactive|Battle timer is ON: inactive players will automatically lose when time's up. (requested by IlluminaGielBakker)\n|inactive|illuminakiwii also wants the timer to be on.\n|c|\u2606IlluminaGielBakker|lmao\n|c|\u2606illuminakiwii|nah\n|c|\u2606illuminakiwii|get the fuck out\n|c|\u2606illuminakiwii|XD\n|c|\u2606IlluminaGielBakker|HAHAHAHA\n|c|\u2606IlluminaGielBakker|I DONT WANT THIS\n|c|\u2606IlluminaGielBakker|i was trying to catch up to ur elo\n|inactive|illuminakiwii has 60 seconds left.\n|inactive|IlluminaGielBakker has 60 seconds left.\n|c|\u2606illuminakiwii|welp\n|c|\u2606illuminakiwii|glhf XD\n|c|\u2606IlluminaGielBakker|glhf xD\n|inactive|illuminakiwii has 30 seconds left.\n|inactive|IlluminaGielBakker has 30 seconds left.\n|inactive|IlluminaGielBakker has 20 seconds left.\n|\n|t:|1738055598\n|start\n|switch|p1a: Dust|Zacian-Crowned, L50|100\/100\n|switch|p1b: PunchyPunch|Urshifu-Rapid-Strike, L50, F|100\/100\n|switch|p2a: ACH NEIN|Flutter Mane, L50|100\/100\n|switch|p2b: WhoLetHimOut|Zamazenta-Crowned, L50|100\/100\n|-ability|p1a: Dust|Intrepid Sword|boost\n|-boost|p1a: Dust|atk|1\n|-ability|p2b: WhoLetHimOut|Dauntless Shield|boost\n|-boost|p2b: WhoLetHimOut|def|1\n|-enditem|p2a: ACH NEIN|Booster Energy\n|-activate|p2a: ACH NEIN|ability: Protosynthesis|[fromitem]\n|-start|p2a: ACH NEIN|protosynthesisspe\n|turn|1\n|j| takuchyan\n|\n|t:|1738055616\n|-terastallize|p1b: PunchyPunch|Water\n|move|p1a: Dust|Protect|p1a: Dust\n|-singleturn|p1a: Dust|Protect\n|move|p2a: ACH NEIN|Moonblast|p1b: PunchyPunch\n|-crit|p1b: PunchyPunch\n|-damage|p1b: PunchyPunch|18\/100\n|move|p1b: PunchyPunch|Coaching|p1a: Dust\n|-boost|p1a: Dust|atk|1\n|-boost|p1a: Dust|def|1\n|move|p2b: WhoLetHimOut|Body Press|p1b: PunchyPunch\n|-damage|p1b: PunchyPunch|0 fnt\n|faint|p1b: PunchyPunch\n|\n|upkeep\n|\n|t:|1738055627\n|switch|p1b: Torn R Us|Tornadus, L50, M|100\/100\n|turn|2\n|\n|t:|1738055632\n|-end|p2a: ACH NEIN|Protosynthesis|[silent]\n|switch|p2a: IkBenZwanger|Volcarona, L50, M|100\/100\n|move|p1b: Torn R Us|Tailwind|p1b: Torn R Us\n|-sidestart|p1: illuminakiwii|move: Tailwind\n|move|p1a: Dust|Behemoth Blade|p2a: IkBenZwanger\n|-resisted|p2a: IkBenZwanger\n|-damage|p2a: IkBenZwanger|43\/100\n|-damage|p1a: Dust|84\/100|[from] item: Rocky Helmet|[of] p2a: IkBenZwanger\n|-status|p1a: Dust|brn|[from] ability: Flame Body|[of] p2a: IkBenZwanger\n|move|p2b: WhoLetHimOut|Body Press|p1a: Dust\n|-damage|p1a: Dust|46\/100 brn\n|\n|-damage|p1a: Dust|40\/100 brn|[from] brn\n|upkeep\n|turn|3\n|c|\u2606illuminakiwii|burned first one\n|c|\u2606illuminakiwii|is crazy\n|c|\u2606illuminakiwii|XD\n|c|\u2606IlluminaGielBakker|oh damn\n|c|\u2606IlluminaGielBakker|xD\n|\n|t:|1738055655\n|move|p1a: Dust|Protect|p1a: Dust\n|-singleturn|p1a: Dust|Protect\n|move|p2b: WhoLetHimOut|Wide Guard|p2b: WhoLetHimOut\n|-singleturn|p2b: WhoLetHimOut|Wide Guard\n|move|p1b: Torn R Us|Bleakwind Storm|p2b: WhoLetHimOut|[spread] \n|-activate|p2a: IkBenZwanger|move: Wide Guard\n|-activate|p2b: WhoLetHimOut|move: Wide Guard\n|move|p2a: IkBenZwanger|Flamethrower|p1b: Torn R Us\n|-damage|p1b: Torn R Us|58\/100\n|\n|-damage|p1a: Dust|33\/100 brn|[from] brn\n|upkeep\n|turn|4\n|c|\u2606illuminakiwii|i think thats just me dead then maybe\n|\n|t:|1738055665\n|switch|p1a: Miku|Regidrago, L50, shiny|100\/100\n|move|p2b: WhoLetHimOut|Wide Guard|p2b: WhoLetHimOut\n|-singleturn|p2b: WhoLetHimOut|Wide Guard\n|move|p1b: Torn R Us|Tailwind||[still]\n|-fail|p1b: Torn R Us\n|move|p2a: IkBenZwanger|Flamethrower|p1a: Miku\n|-resisted|p1a: Miku\n|-damage|p1a: Miku|76\/100\n|\n|upkeep\n|turn|5\n|c|\u2606IlluminaGielBakker|ye sorry bout that\n|c|\u2606illuminakiwii|okay now im just misclicked\n|j| VoidBloxx\n|c|\u2606illuminakiwii|i wanted rain dance XD\n|c|\u2606IlluminaGielBakker|ohno\n|inactive|illuminakiwii has 30 seconds left.\n|inactive|illuminakiwii has 20 seconds left.\n|inactive|illuminakiwii has 15 seconds left.\n|inactive|illuminakiwii has 10 seconds left.\n|inactive|illuminakiwii has 5 seconds left.\n|\n|t:|1738055717\n|switch|p2a: ACH NEIN|Flutter Mane, L50|100\/100\n|move|p1a: Miku|Protect|p1a: Miku\n|-singleturn|p1a: Miku|Protect\n|move|p1b: Torn R Us|Rain Dance|p1b: Torn R Us\n|-weather|RainDance\n|move|p2b: WhoLetHimOut|Body Press|p1a: Miku\n|-activate|p1a: Miku|move: Protect\n|\n|-weather|RainDance|[upkeep]\n|-sideend|p1: illuminakiwii|move: Tailwind\n|upkeep\n|turn|6\n|l| VoidBloxx\n|\n|t:|1738055729\n|-terastallize|p2a: ACH NEIN|Fairy\n|move|p1b: Torn R Us|Tailwind|p1b: Torn R Us\n|-sidestart|p1: illuminakiwii|move: Tailwind\n|move|p1a: Miku|Earth Power|p2b: WhoLetHimOut\n|-supereffective|p2b: WhoLetHimOut\n|-damage|p2b: WhoLetHimOut|55\/100\n|-unboost|p2b: WhoLetHimOut|spd|1\n|-damage|p1a: Miku|66\/100|[from] item: Life Orb\n|move|p2a: ACH NEIN|Moonblast|p1a: Miku\n|-supereffective|p1a: Miku\n|-damage|p1a: Miku|0 fnt\n|faint|p1a: Miku\n|move|p2b: WhoLetHimOut|Heavy Slam|p1b: Torn R Us\n|-damage|p1b: Torn R Us|0 fnt\n|faint|p1b: Torn R Us\n|\n|-weather|RainDance|[upkeep]\n|upkeep\n|\n|t:|1738055736\n|switch|p1a: Dust|Zacian-Crowned, L50|33\/100 brn\n|turn|7\n|c|\u2606illuminakiwii|ggs regardless XD\n|c|\u2606IlluminaGielBakker|ggs\n|c|\u2606illuminakiwii|even if i misclicked for half XD\n|\n|t:|1738055753\n|move|p1a: Dust|Behemoth Blade|p2b: WhoLetHimOut\n|-resisted|p2b: WhoLetHimOut\n|-damage|p2b: WhoLetHimOut|50\/100\n|move|p2a: ACH NEIN|Thunder Wave||[still]\n|-fail|p2a: ACH NEIN\n|move|p2b: WhoLetHimOut|Body Press|p1a: Dust\n|-damage|p1a: Dust|0 fnt\n|faint|p1a: Dust\n|\n|win|IlluminaGielBakker\n|raw|illuminakiwii's rating: 1641 &rarr; <strong>1617<\/strong><br \/>(-24 for losing)\n|raw|IlluminaGielBakker's rating: 1566 &rarr; <strong>1590<\/strong><br \/>(+24 for winning)\n|c|\u2606IlluminaGielBakker|sorry bro xD\n|c|\u2606illuminakiwii|nah dont be at all\n|l| takuchyan\n|l|\u2606illuminakiwii\n|player|p1|\n|c|\u2606IlluminaGielBakker|u will get back on the elo\n|l|\u2606IlluminaGielBakker\n|player|p2|\n|j|\u2606IlluminaGielBakker\n|player|p2|IlluminaGielBakker|steven|\n","uploadtime":1738055912,"views":33,"formatid":"gen9vgc2025regg","rating":1590,"private":0,"password":null}