{"id":"gen9vgc2025regg-2289189926","format":"[Gen 9] VGC 2025 Reg G","players":["Acblade","SubToPenglin"],"log":"|j|\u2606Acblade\n|j|\u2606SubToPenglin\n|t:|1737990955\n|gametype|doubles\n|player|p1|Acblade|101|1669\n|player|p2|SubToPenglin|lady|1597\n|teamsize|p1|6\n|teamsize|p2|6\n|gen|9\n|tier|[Gen 9] VGC 2025 Reg G\n|rated|\n|rule|Species Clause: Limit one of each Pok\u00e9mon\n|rule|Item Clause: Limit 1 of each item\n|clearpoke\n|poke|p1|Tornadus, L50, M|\n|poke|p1|Chi-Yu, L50|\n|poke|p1|Flutter Mane, L50|\n|poke|p1|Koraidon, L50|\n|poke|p1|Raging Bolt, L50|\n|poke|p1|Farigiraf, L50, M|\n|poke|p2|Comfey, L50, M|\n|poke|p2|Terapagos, L50, M|\n|poke|p2|Tornadus, L50, M|\n|poke|p2|Magmar, L50, M|\n|poke|p2|Landorus, L50, M|\n|poke|p2|Iron Crown, L50|\n|teampreview|4\n|inactive|Battle timer is ON: inactive players will automatically lose when time's up. (requested by SubToPenglin)\n|inactive|Acblade also wants the timer to be on.\n|\n|t:|1737990984\n|start\n|switch|p1a: Tornadus|Tornadus, L50, M|100\/100\n|switch|p1b: Koraidon|Koraidon, L50|100\/100\n|switch|p2a: Terapagos|Terapagos, L50, M|100\/100\n|switch|p2b: Magmar|Magmar, L50, M, shiny|100\/100\n|-activate|p2a: Terapagos|ability: Tera Shift\n|detailschange|p2a: Terapagos|Terapagos-Terastal, L50, M\n|-heal|p2a: Terapagos|100\/100|[silent]\n|-weather|SunnyDay|[from] ability: Orichalcum Pulse|[of] p1b: Koraidon\n|-activate|p1b: Koraidon|Orichalcum Pulse|[source]\n|turn|1\n|\n|t:|1737990991\n|move|p1b: Koraidon|Collision Course|p2b: Magmar\n|-damage|p2b: Magmar|12\/100\n|move|p1a: Tornadus|Bleakwind Storm|p2a: Terapagos|[spread] p2a\n|-miss|p1a: Tornadus|p2b: Magmar\n|-activate|p2a: Terapagos|ability: Tera Shell\n|-resisted|p2a: Terapagos\n|-damage|p2a: Terapagos|82\/100\n|move|p2b: Magmar|Will-O-Wisp|p1b: Koraidon\n|-status|p1b: Koraidon|brn\n|move|p2a: Terapagos|Calm Mind|p2a: Terapagos\n|-boost|p2a: Terapagos|spa|1\n|-boost|p2a: Terapagos|spd|1\n|\n|-weather|SunnyDay|[upkeep]\n|-damage|p1b: Koraidon|95\/100 brn|[from] brn\n|upkeep\n|turn|2\n|j| ThanksATinkaTon\n|\n|t:|1737991007\n|switch|p1b: Flutter Mane|Flutter Mane, L50|100\/100\n|-activate|p1b: Flutter Mane|ability: Protosynthesis\n|-start|p1b: Flutter Mane|protosynthesisspe\n|-terastallize|p2a: Terapagos|Stellar\n|detailschange|p2a: Terapagos|Terapagos-Stellar, L50, M, tera:Stellar\n|-heal|p2a: Terapagos|87\/100|[silent]\n|-ability|p2a: Terapagos|Teraform Zero\n|-weather|none\n|-end|p1b: Flutter Mane|Protosynthesis\n|move|p2b: Magmar|Follow Me|p2b: Magmar\n|-singleturn|p2b: Magmar|move: Follow Me\n|move|p1a: Tornadus|Bleakwind Storm|p2b: Magmar|[spread] p2a,p2b\n|-damage|p2a: Terapagos|68\/100\n|-damage|p2b: Magmar|0 fnt\n|faint|p2b: Magmar\n|move|p2a: Terapagos|Tera Starstorm|p1a: Tornadus|[spread] p1a,p1b\n|-damage|p1a: Tornadus|18\/100\n|-damage|p1b: Flutter Mane|48\/100\n|\n|upkeep\n|\n|t:|1737991020\n|switch|p2b: Comfey|Comfey, L50, M, shiny|100\/100\n|turn|3\n|\n|t:|1737991035\n|-terastallize|p1b: Flutter Mane|Fairy\n|move|p2b: Comfey|Draining Kiss|p1a: Tornadus\n|-crit|p1a: Tornadus\n|-damage|p1a: Tornadus|0 fnt\n|faint|p1a: Tornadus\n|move|p1b: Flutter Mane|Moonblast|p2b: Comfey\n|-damage|p2b: Comfey|0 fnt\n|faint|p2b: Comfey\n|move|p2a: Terapagos|Tera Starstorm|p1b: Flutter Mane\n|-supereffective|p1b: Flutter Mane\n|-damage|p1b: Flutter Mane|0 fnt\n|faint|p1b: Flutter Mane\n|-end|p1b: Flutter Mane|Protosynthesis|[silent]\n|\n|upkeep\n|\n|t:|1737991042\n|switch|p1b: Chi-Yu|Chi-Yu, L50|100\/100\n|switch|p1a: Koraidon|Koraidon, L50|95\/100 brn\n|switch|p2b: Tornadus|Tornadus, L50, M|100\/100\n|-ability|p1b: Chi-Yu|Beads of Ruin\n|-weather|SunnyDay|[from] ability: Orichalcum Pulse|[of] p1a: Koraidon\n|-activate|p1a: Koraidon|Orichalcum Pulse|[source]\n|turn|4\n|\n|t:|1737991065\n|move|p2b: Tornadus|Tailwind|p2b: Tornadus\n|-sidestart|p2: SubToPenglin|move: Tailwind\n|move|p2a: Terapagos|Earth Power|p1b: Chi-Yu\n|-supereffective|p1b: Chi-Yu\n|-damage|p1b: Chi-Yu|0 fnt\n|faint|p1b: Chi-Yu\n|move|p1a: Koraidon|Collision Course|p2a: Terapagos\n|-supereffective|p2a: Terapagos\n|-damage|p2a: Terapagos|0 fnt\n|faint|p2a: Terapagos\n|\n|-weather|SunnyDay|[upkeep]\n|-damage|p1a: Koraidon|89\/100 brn|[from] brn\n|upkeep\n|turn|5\n|\n|t:|1737991073\n|move|p2b: Tornadus|Bleakwind Storm|p1a: Koraidon\n|-supereffective|p1a: Koraidon\n|-damage|p1a: Koraidon|0 fnt\n|faint|p1a: Koraidon\n|\n|win|SubToPenglin\n|raw|Acblade's rating: 1669 &rarr; <strong>1645<\/strong><br \/>(-24 for losing)\n|raw|SubToPenglin's rating: 1597 &rarr; <strong>1621<\/strong><br \/>(+24 for winning)\n|l|\u2606SubToPenglin\n|player|p2|\n|l| ThanksATinkaTon\n|l|\u2606Acblade\n|player|p1|\n","uploadtime":1737991307,"views":31,"formatid":"gen9vgc2025regg","rating":1621,"private":0,"password":null}