{"id":"gen9vgc2025regg-2289357351","format":"[Gen 9] VGC 2025 Reg G","players":["dinglustan","Doc_MrMega"],"log":"|j|\u2606dinglustan\n|j|\u2606Doc_MrMega\n|t:|1738007051\n|gametype|doubles\n|player|p1|dinglustan|265|1573\n|player|p2|Doc_MrMega|lucas|1591\n|teamsize|p1|6\n|teamsize|p2|6\n|gen|9\n|tier|[Gen 9] VGC 2025 Reg G\n|rated|\n|rule|Species Clause: Limit one of each Pok\u00e9mon\n|rule|Item Clause: Limit 1 of each item\n|clearpoke\n|poke|p1|Groudon, L50|\n|poke|p1|Rillaboom, L50, F|\n|poke|p1|Gouging Fire, L50|\n|poke|p1|Fezandipiti, L50, M|\n|poke|p1|Grimmsnarl, L50, M|\n|poke|p1|Spectrier, L50|\n|poke|p2|Calyrex-Ice, L50|\n|poke|p2|Landorus, L50, M|\n|poke|p2|Amoonguss, L50, F|\n|poke|p2|Urshifu-*, L50, M|\n|poke|p2|Roaring Moon, L50|\n|poke|p2|Ogerpon-Hearthflame, L50, F|\n|teampreview|4\n|inactive|Battle timer is ON: inactive players will automatically lose when time's up. (requested by dinglustan)\n|\n|t:|1738007070\n|start\n|switch|p1a: Grimmsnarl|Grimmsnarl, L50, M|100\/100\n|switch|p1b: Spectrier|Spectrier, L50|100\/100\n|switch|p2a: Roaring Moon|Roaring Moon, L50|100\/100\n|switch|p2b: Calyrex|Calyrex-Ice, L50|100\/100\n|-ability|p2b: Calyrex|As One\n|-ability|p2b: Calyrex|Unnerve\n|-enditem|p2a: Roaring Moon|Booster Energy\n|-activate|p2a: Roaring Moon|ability: Protosynthesis|[fromitem]\n|-start|p2a: Roaring Moon|protosynthesisspe\n|turn|1\n|\n|t:|1738007085\n|-terastallize|p2a: Roaring Moon|Flying\n|-terastallize|p1b: Spectrier|Fairy\n|move|p1a: Grimmsnarl|Reflect|p1a: Grimmsnarl\n|-sidestart|p1: dinglustan|Reflect\n|move|p2a: Roaring Moon|Tailwind|p2a: Roaring Moon\n|-sidestart|p2: Doc_MrMega|move: Tailwind\n|move|p1b: Spectrier|Will-O-Wisp|p2b: Calyrex\n|-status|p2b: Calyrex|brn\n|move|p2b: Calyrex|Glacial Lance|p1b: Spectrier|[spread] p1a,p1b\n|-damage|p1a: Grimmsnarl|84\/100\n|-damage|p1b: Spectrier|79\/100\n|\n|-damage|p2b: Calyrex|95\/100 brn|[from] brn\n|upkeep\n|turn|2\n|\n|t:|1738007100\n|move|p1a: Grimmsnarl|Thunder Wave|p2a: Roaring Moon\n|-status|p2a: Roaring Moon|par\n|cant|p2a: Roaring Moon|par\n|move|p1b: Spectrier|Draining Kiss|p2a: Roaring Moon\n|-damage|p2a: Roaring Moon|74\/100 par\n|-heal|p1b: Spectrier|98\/100|[from] drain|[of] p2a: Roaring Moon\n|move|p2b: Calyrex|Glacial Lance|p1a: Grimmsnarl|[spread] p1a,p1b\n|-damage|p1a: Grimmsnarl|64\/100\n|-damage|p1b: Spectrier|76\/100\n|\n|-damage|p2b: Calyrex|89\/100 brn|[from] brn\n|upkeep\n|turn|3\n|\n|t:|1738007113\n|move|p1a: Grimmsnarl|Light Screen|p1a: Grimmsnarl\n|-sidestart|p1: dinglustan|move: Light Screen\n|move|p2a: Roaring Moon|Knock Off|p1b: Spectrier\n|-resisted|p1b: Spectrier\n|-damage|p1b: Spectrier|59\/100\n|-enditem|p1b: Spectrier|Throat Spray|[from] move: Knock Off|[of] p2a: Roaring Moon\n|move|p1b: Spectrier|Hex|p2b: Calyrex\n|-supereffective|p2b: Calyrex\n|-damage|p2b: Calyrex|0 fnt\n|faint|p2b: Calyrex\n|-ability|p1b: Spectrier|Grim Neigh|boost\n|-boost|p1b: Spectrier|spa|1\n|\n|upkeep\n|\n|t:|1738007124\n|switch|p2b: Landorus|Landorus, L50, M|100\/100\n|turn|4\n|\n|t:|1738007132\n|move|p2b: Landorus|Sludge Bomb|p1b: Spectrier\n|-supereffective|p1b: Spectrier\n|-damage|p1b: Spectrier|0 fnt\n|faint|p1b: Spectrier\n|cant|p2a: Roaring Moon|par\n|move|p1a: Grimmsnarl|Spirit Break|p2b: Landorus\n|-damage|p2b: Landorus|68\/100\n|-unboost|p2b: Landorus|spa|1\n|\n|-sideend|p2: Doc_MrMega|move: Tailwind\n|upkeep\n|\n|t:|1738007142\n|switch|p1b: Gouging Fire|Gouging Fire, L50|100\/100\n|turn|5\n|\n|t:|1738007147\n|switch|p1a: Groudon|Groudon, L50|100\/100\n|-weather|SunnyDay|[from] ability: Drought|[of] p1a: Groudon\n|-activate|p1b: Gouging Fire|ability: Protosynthesis\n|-start|p1b: Gouging Fire|protosynthesisspe\n|move|p1b: Gouging Fire|Howl|p1b: Gouging Fire|[spread] p1a,p1b\n|-boost|p1a: Groudon|atk|1\n|-boost|p1b: Gouging Fire|atk|1\n|move|p2b: Landorus|Earth Power|p1b: Gouging Fire\n|-supereffective|p1b: Gouging Fire\n|-damage|p1b: Gouging Fire|44\/100\n|move|p2a: Roaring Moon|Tailwind|p2a: Roaring Moon\n|-sidestart|p2: Doc_MrMega|move: Tailwind\n|\n|-weather|SunnyDay|[upkeep]\n|upkeep\n|turn|6\n|\n|t:|1738007163\n|switch|p2b: Ogerpon|Ogerpon-Hearthflame, L50, F|100\/100\n|-ability|p2b: Ogerpon|Mold Breaker\n|move|p2a: Roaring Moon|Knock Off|p1a: Groudon\n|-damage|p1a: Groudon|82\/100\n|-enditem|p1a: Groudon|Clear Amulet|[from] move: Knock Off|[of] p2a: Roaring Moon\n|move|p1b: Gouging Fire|Morning Sun|p1b: Gouging Fire\n|-heal|p1b: Gouging Fire|100\/100\n|move|p1a: Groudon|Rock Slide|p2a: Roaring Moon|[spread] p2a,p2b\n|-supereffective|p2a: Roaring Moon\n|-supereffective|p2b: Ogerpon\n|-damage|p2a: Roaring Moon|11\/100 par\n|-damage|p2b: Ogerpon|55\/100\n|\n|-weather|SunnyDay|[upkeep]\n|upkeep\n|turn|7\n|\n|t:|1738007178\n|move|p1a: Groudon|Protect|p1a: Groudon\n|-singleturn|p1a: Groudon|Protect\n|move|p2b: Ogerpon|Ivy Cudgel|p1a: Groudon|[anim] Ivy Cudgel Fire\n|-activate|p1a: Groudon|move: Protect\n|cant|p2a: Roaring Moon|par\n|move|p1b: Gouging Fire|Breaking Swipe|p2b: Ogerpon|[spread] p2a,p2b\n|-damage|p2a: Roaring Moon|0 fnt\n|-damage|p2b: Ogerpon|33\/100\n|-unboost|p2b: Ogerpon|atk|1\n|faint|p2a: Roaring Moon\n|-end|p2a: Roaring Moon|Protosynthesis|[silent]\n|\n|-weather|SunnyDay|[upkeep]\n|upkeep\n|\n|t:|1738007181\n|switch|p2a: Landorus|Landorus, L50, M|68\/100\n|turn|8\n|\n|t:|1738007191\n|move|p2a: Landorus|Sandsear Storm|p1a: Groudon|[spread] p1a,p1b\n|-supereffective|p1b: Gouging Fire\n|-damage|p1a: Groudon|50\/100\n|-damage|p1b: Gouging Fire|37\/100\n|move|p2b: Ogerpon|Ivy Cudgel|p1a: Groudon|[anim] Ivy Cudgel Fire\n|-damage|p1a: Groudon|31\/100\n|move|p1b: Gouging Fire|Breaking Swipe|p2a: Landorus|[spread] p2a,p2b\n|-damage|p2a: Landorus|43\/100\n|-damage|p2b: Ogerpon|15\/100\n|-unboost|p2a: Landorus|atk|1\n|-unboost|p2b: Ogerpon|atk|1\n|move|p1a: Groudon|Fire Punch|p2a: Landorus\n|-damage|p2a: Landorus|0 fnt\n|faint|p2a: Landorus\n|\n|-weather|SunnyDay|[upkeep]\n|-sideend|p1: dinglustan|Reflect\n|-sideend|p2: Doc_MrMega|move: Tailwind\n|upkeep\n|turn|9\n|\n|t:|1738007207\n|move|p1b: Gouging Fire|Flame Charge|p2b: Ogerpon\n|-damage|p2b: Ogerpon|0 fnt\n|-boost|p1b: Gouging Fire|spe|1\n|faint|p2b: Ogerpon\n|\n|win|dinglustan\n|raw|dinglustan's rating: 1573 &rarr; <strong>1594<\/strong><br \/>(+21 for winning)\n|raw|Doc_MrMega's rating: 1591 &rarr; <strong>1570<\/strong><br \/>(-21 for losing)\n|l|\u2606Doc_MrMega\n|player|p2|\n|l|\u2606dinglustan\n|player|p1|\n","uploadtime":1738007474,"views":28,"formatid":"gen9vgc2025regg","rating":1570,"private":0,"password":null}