{"id":"gen9vgc2025regg-2289208113","format":"[Gen 9] VGC 2025 Reg G","players":["Cdogp","Yung Trav"],"log":"|j|\u2606Cdogp\n|j|\u2606Yung Trav\n|t:|1737992824\n|gametype|doubles\n|player|p1|Cdogp|wattson|1642\n|player|p2|Yung Trav|265|1651\n|teamsize|p1|6\n|teamsize|p2|6\n|gen|9\n|tier|[Gen 9] VGC 2025 Reg G\n|rated|\n|rule|Species Clause: Limit one of each Pok\u00e9mon\n|rule|Item Clause: Limit 1 of each item\n|clearpoke\n|poke|p1|Calyrex-Ice, L50|\n|poke|p1|Urshifu-*, L50, M|\n|poke|p1|Whimsicott, L50, F|\n|poke|p1|Landorus, L50, M|\n|poke|p1|Ditto, L50|\n|poke|p1|Raging Bolt, L50|\n|poke|p2|Calyrex-Ice, L50|\n|poke|p2|Regidrago, L50|\n|poke|p2|Smeargle, L50, M|\n|poke|p2|Farigiraf, L50, M|\n|poke|p2|Urshifu-*, L50, M|\n|poke|p2|Ogerpon-Cornerstone, L50, F|\n|teampreview|4\n|j| Triple20\n|\n|t:|1737992883\n|start\n|switch|p1a: Calyrex|Calyrex-Ice, L50|100\/100\n|switch|p1b: Whimsicott|Whimsicott, L50, F|100\/100\n|switch|p2a: Calyrex|Calyrex-Ice, L50|100\/100\n|switch|p2b: Urshifu|Urshifu, L50, M|100\/100\n|-ability|p1a: Calyrex|As One\n|-ability|p1a: Calyrex|Unnerve\n|-ability|p2a: Calyrex|As One\n|-ability|p2a: Calyrex|Unnerve\n|turn|1\n|\n|t:|1737992917\n|-terastallize|p2b: Urshifu|Ghost\n|-terastallize|p1a: Calyrex|Water\n|move|p2b: Urshifu|Coaching|p2a: Calyrex\n|-boost|p2a: Calyrex|atk|1\n|-boost|p2a: Calyrex|def|1\n|move|p1b: Whimsicott|Moonblast|p2b: Urshifu\n|-damage|p2b: Urshifu|64\/100\n|-unboost|p2b: Urshifu|spa|1\n|move|p1a: Calyrex|Imprison|p1a: Calyrex\n|-start|p1a: Calyrex|move: Imprison\n|cant|p2a: Calyrex|move: Imprison|Glacial Lance\n|\n|upkeep\n|turn|2\n|\n|t:|1737992940\n|move|p2b: Urshifu|Coaching|p2a: Calyrex\n|-boost|p2a: Calyrex|atk|1\n|-boost|p2a: Calyrex|def|1\n|move|p1b: Whimsicott|Moonblast|p2b: Urshifu\n|-damage|p2b: Urshifu|25\/100\n|move|p1a: Calyrex|Glacial Lance|p2a: Calyrex|[spread] p2a,p2b\n|-resisted|p2a: Calyrex\n|-damage|p2a: Calyrex|93\/100\n|-damage|p2b: Urshifu|0 fnt\n|faint|p2b: Urshifu\n|-ability|p1a: Calyrex|Chilling Neigh|boost\n|-boost|p1a: Calyrex|atk|1\n|move|p2a: Calyrex|Trick Room|p2a: Calyrex\n|-fieldstart|move: Trick Room|[of] p2a: Calyrex\n|\n|upkeep\n|\n|t:|1737992955\n|switch|p2b: Smeargle|Smeargle, L50, M, shiny|100\/100\n|turn|3\n|\n|t:|1737992965\n|switch|p2a: Regidrago|Regidrago, L50, shiny|100\/100\n|move|p2b: Smeargle|Spore|p1a: Calyrex\n|-status|p1a: Calyrex|slp|[from] move: Spore\n|cant|p1a: Calyrex|slp\n|move|p1b: Whimsicott|Moonblast|p2b: Smeargle\n|-damage|p2b: Smeargle|50\/100\n|-unboost|p2b: Smeargle|spa|1\n|\n|upkeep\n|turn|4\n|j| pzfactory\n|\n|t:|1737993006\n|move|p2b: Smeargle|Follow Me|p2b: Smeargle\n|-singleturn|p2b: Smeargle|move: Follow Me\n|move|p1b: Whimsicott|Light Screen|p1b: Whimsicott\n|-sidestart|p1: Cdogp|move: Light Screen\n|move|p2a: Regidrago|Dragon Energy|p1b: Whimsicott|[spread] p1a\n|-immune|p1b: Whimsicott\n|-damage|p1a: Calyrex|57\/100 slp\n|cant|p1a: Calyrex|slp\n|\n|upkeep\n|turn|5\n|\n|t:|1737993038\n|move|p2a: Regidrago|Dragon Energy|p1b: Whimsicott|[spread] p1a\n|-immune|p1b: Whimsicott\n|-damage|p1a: Calyrex|18\/100 slp\n|move|p2b: Smeargle|Decorate|p2a: Regidrago\n|-boost|p2a: Regidrago|atk|2\n|-boost|p2a: Regidrago|spa|2\n|cant|p1a: Calyrex|slp\n|move|p1b: Whimsicott|Moonblast|p2a: Regidrago\n|-supereffective|p2a: Regidrago\n|-damage|p2a: Regidrago|37\/100\n|-unboost|p2a: Regidrago|spa|1\n|\n|upkeep\n|turn|6\n|\n|t:|1737993068\n|-curestatus|p1a: Calyrex|slp|[msg]\n|move|p1a: Calyrex|Protect|p1a: Calyrex\n|-singleturn|p1a: Calyrex|Protect\n|move|p2b: Smeargle|Follow Me|p2b: Smeargle\n|-singleturn|p2b: Smeargle|move: Follow Me\n|move|p2a: Regidrago|Draco Meteor|p1a: Calyrex\n|-activate|p1a: Calyrex|move: Protect\n|move|p1b: Whimsicott|Moonblast|p2b: Smeargle\n|-damage|p2b: Smeargle|0 fnt\n|faint|p2b: Smeargle\n|\n|-fieldend|move: Trick Room\n|upkeep\n|\n|t:|1737993083\n|switch|p2b: Calyrex|Calyrex-Ice, L50|93\/100\n|-ability|p2b: Calyrex|As One\n|-ability|p2b: Calyrex|Unnerve\n|turn|7\n|\n|t:|1737993098\n|move|p1b: Whimsicott|Moonblast|p2a: Regidrago\n|-supereffective|p2a: Regidrago\n|-damage|p2a: Regidrago|0 fnt\n|faint|p2a: Regidrago\n|move|p1a: Calyrex|Glacial Lance|p2b: Calyrex\n|-resisted|p2b: Calyrex\n|-damage|p2b: Calyrex|59\/100\n|move|p2b: Calyrex|Trick Room|p2b: Calyrex\n|-fieldstart|move: Trick Room|[of] p2b: Calyrex\n|\n|upkeep\n|turn|8\n|-message|Yung Trav forfeited.\n|\n|win|Cdogp\n|raw|Cdogp's rating: 1642 &rarr; <strong>1663<\/strong><br \/>(+21 for winning)\n|raw|Yung Trav's rating: 1651 &rarr; <strong>1630<\/strong><br \/>(-21 for losing)\n|l|\u2606Yung Trav\n|player|p2|\n|l| pzfactory\n","uploadtime":1737993257,"views":9,"formatid":"gen9vgc2025regg","rating":1630,"private":0,"password":null}