{"id":"gen9vgc2025regg-2289956433","format":"[Gen 9] VGC 2025 Reg G","players":["Onemagician4496","RandomDuVGCFR"],"log":"|j|\u2606Onemagician4496\n|j|\u2606RandomDuVGCFR\n|t:|1738085024\n|gametype|doubles\n|player|p1|Onemagician4496|ethan|1573\n|player|p2|RandomDuVGCFR|102|1532\n|teamsize|p1|6\n|teamsize|p2|6\n|gen|9\n|tier|[Gen 9] VGC 2025 Reg G\n|rated|\n|rule|Species Clause: Limit one of each Pok\u00e9mon\n|rule|Item Clause: Limit 1 of each item\n|clearpoke\n|poke|p1|Indeedee-F, L50, F|\n|poke|p1|Iron Crown, L50|\n|poke|p1|Chi-Yu, L50|\n|poke|p1|Raging Bolt, L50|\n|poke|p1|Koraidon, L50|\n|poke|p1|Venusaur, L50, M|\n|poke|p2|Calyrex-Ice, L50|\n|poke|p2|Landorus, L50, M|\n|poke|p2|Amoonguss, L50, F|\n|poke|p2|Urshifu-*, L50, F|\n|poke|p2|Roaring Moon, L50|\n|poke|p2|Ogerpon-Hearthflame, L50, F|\n|teampreview|4\nOnemagician4496 has agreed to open team sheets.\nRandomDuVGCFR rejected open team sheets.\n|j| sauromon\n|\n|t:|1738085067\n|start\n|switch|p1a: Cron Irown|Iron Crown, L50|100\/100\n|switch|p1b: Deedeeni|Indeedee-F, L50, F|100\/100\n|switch|p2a: Calyrex|Calyrex-Ice, L50|100\/100\n|switch|p2b: Ogerpon|Ogerpon-Hearthflame, L50, F|100\/100\n|-ability|p2a: Calyrex|As One\n|-ability|p2a: Calyrex|Unnerve\n|-ability|p2b: Ogerpon|Mold Breaker\n|-fieldstart|move: Psychic Terrain|[from] ability: Psychic Surge|[of] p1b: Deedeeni\n|-enditem|p1b: Deedeeni|Psychic Seed\n|-boost|p1b: Deedeeni|spd|1|[from] item: Psychic Seed\n|-enditem|p1a: Cron Irown|Booster Energy\n|-activate|p1a: Cron Irown|ability: Quark Drive|[fromitem]\n|-start|p1a: Cron Irown|quarkdrivespa\n|turn|1\n|j| Triple20\n|inactive|Battle timer is ON: inactive players will automatically lose when time's up. (requested by Onemagician4496)\n|\n|t:|1738085126\n|switch|p2a: Roaring Moon|Roaring Moon, L50|100\/100\n|-enditem|p2a: Roaring Moon|Booster Energy\n|-activate|p2a: Roaring Moon|ability: Protosynthesis|[fromitem]\n|-start|p2a: Roaring Moon|protosynthesisspe\n|-terastallize|p2b: Ogerpon|Fire\n|detailschange|p2b: Ogerpon|Ogerpon-Hearthflame-Tera, L50, F, tera:Fire\n|-ability|p2b: Ogerpon|Embody Aspect (Hearthflame)|boost\n|-boost|p2b: Ogerpon|atk|1\n|move|p1b: Deedeeni|Helping Hand|p1a: Cron Irown\n|-singleturn|p1a: Cron Irown|Helping Hand|[of] p1b: Deedeeni\n|move|p1a: Cron Irown|Expanding Force|p2a: Roaring Moon|[spread] p2b\n|-immune|p2a: Roaring Moon\n|-damage|p2b: Ogerpon|0 fnt\n|faint|p2b: Ogerpon\n|\n|upkeep\n|\n|t:|1738085144\n|switch|p2b: Landorus|Landorus, L50, M|100\/100\n|turn|2\n|inactive|Onemagician4496 has 30 seconds left.\n|inactive|Onemagician4496 has 20 seconds left.\n|j| jdarcan\n|inactive|Onemagician4496 has 15 seconds left.\n|\n|t:|1738085184\n|move|p1b: Deedeeni|Follow Me|p1b: Deedeeni\n|-singleturn|p1b: Deedeeni|move: Follow Me\n|move|p2a: Roaring Moon|Knock Off|p1b: Deedeeni\n|-supereffective|p1b: Deedeeni\n|-damage|p1b: Deedeeni|42\/100\n|move|p1a: Cron Irown|Expanding Force|p2b: Landorus|[spread] p2b\n|-immune|p2a: Roaring Moon\n|-damage|p2b: Landorus|17\/100\n|move|p2b: Landorus|Earth Power|p1b: Deedeeni\n|-damage|p1b: Deedeeni|0 fnt\n|faint|p1b: Deedeeni\n|\n|upkeep\n|\n|t:|1738085200\n|switch|p1b: CoreRaidon|Koraidon, L50|100\/100\n|-weather|SunnyDay|[from] ability: Orichalcum Pulse|[of] p1b: CoreRaidon\n|-activate|p1b: CoreRaidon|Orichalcum Pulse|[source]\n|turn|3\n|inactive|Onemagician4496 has 30 seconds left.\n|inactive|Onemagician4496 has 20 seconds left.\n|\n|t:|1738085237\n|move|p2b: Landorus|Protect|p2b: Landorus\n|-singleturn|p2b: Landorus|Protect\n|move|p2a: Roaring Moon|Tailwind|p2a: Roaring Moon\n|-sidestart|p2: RandomDuVGCFR|move: Tailwind\n|move|p1b: CoreRaidon|Flame Charge|p2b: Landorus\n|-activate|p2b: Landorus|move: Protect\n|move|p1a: Cron Irown|Expanding Force|p2b: Landorus|[spread] \n|-activate|p2b: Landorus|move: Protect\n|-immune|p2a: Roaring Moon\n|\n|-weather|SunnyDay|[upkeep]\n|upkeep\n|turn|4\n|inactive|Onemagician4496 has 30 seconds left.\n|\n|t:|1738085262\n|move|p1b: CoreRaidon|Protect|p1b: CoreRaidon\n|-singleturn|p1b: CoreRaidon|Protect\n|move|p2a: Roaring Moon|Acrobatics|p1b: CoreRaidon\n|-activate|p1b: CoreRaidon|move: Protect\n|move|p2b: Landorus|Earth Power|p1a: Cron Irown\n|-supereffective|p1a: Cron Irown\n|-crit|p1a: Cron Irown\n|-damage|p1a: Cron Irown|0 fnt\n|faint|p1a: Cron Irown\n|-end|p1a: Cron Irown|Quark Drive|[silent]\n|\n|-weather|SunnyDay|[upkeep]\n|upkeep\n|\n|t:|1738085270\n|switch|p1a: Baging Rolt|Raging Bolt, L50|100\/100\n|-activate|p1a: Baging Rolt|ability: Protosynthesis\n|-start|p1a: Baging Rolt|protosynthesisspa\n|turn|5\n|\n|t:|1738085287\n|move|p1b: CoreRaidon|Protect|p1b: CoreRaidon\n|-singleturn|p1b: CoreRaidon|Protect\n|move|p2a: Roaring Moon|Acrobatics|p1b: CoreRaidon\n|-activate|p1b: CoreRaidon|move: Protect\n|move|p2b: Landorus|Earth Power|p1a: Baging Rolt\n|-supereffective|p1a: Baging Rolt\n|-damage|p1a: Baging Rolt|21\/100\n|move|p1a: Baging Rolt|Draco Meteor|p2a: Roaring Moon\n|-supereffective|p2a: Roaring Moon\n|-damage|p2a: Roaring Moon|0 fnt\n|-unboost|p1a: Baging Rolt|spa|2\n|faint|p2a: Roaring Moon\n|-end|p2a: Roaring Moon|Protosynthesis|[silent]\n|\n|-weather|SunnyDay|[upkeep]\n|-fieldend|move: Psychic Terrain\n|upkeep\n|\n|t:|1738085298\n|switch|p2a: Calyrex|Calyrex-Ice, L50|100\/100\n|-ability|p2a: Calyrex|As One\n|-ability|p2a: Calyrex|Unnerve\n|turn|6\n|l|\u2606Onemagician4496\n|inactive|Onemagician4496 disconnected and has a minute to reconnect!\n|player|p1|\n|inactive|Onemagician4496 has 30 seconds left.\n|inactive|Onemagician4496 has 20 seconds left.\n|inactive|Onemagician4496 has 15 seconds left.\n|inactive|Onemagician4496 has 10 seconds left.\n|inactive|Onemagician4496 has 5 seconds left.\n|-message|Onemagician4496 lost due to inactivity.\n|\n|win|RandomDuVGCFR\n|raw|Onemagician4496's rating: 1573 &rarr; <strong>1551<\/strong><br \/>(-22 for losing)\n|raw|RandomDuVGCFR's rating: 1532 &rarr; <strong>1554<\/strong><br \/>(+22 for winning)\n|l|\u2606RandomDuVGCFR\n|player|p2|\n","uploadtime":1738085548,"views":9,"formatid":"gen9vgc2025regg","rating":1551,"private":0,"password":null}