{"id":"gen9vgc2025regg-2289382859","format":"[Gen 9] VGC 2025 Reg G","players":["chin8","Doc_MrMega"],"log":"|j|\u2606chin8\n|j|\u2606Doc_MrMega\n|t:|1738009488\n|gametype|doubles\n|player|p1|chin8|gentleman-gen4dp|1549\n|player|p2|Doc_MrMega|lucas|1537\n|teamsize|p1|6\n|teamsize|p2|6\n|gen|9\n|tier|[Gen 9] VGC 2025 Reg G\n|rated|\n|rule|Species Clause: Limit one of each Pok\u00e9mon\n|rule|Item Clause: Limit 1 of each item\n|clearpoke\n|poke|p1|Calyrex-Shadow, L50|\n|poke|p1|Incineroar, L50, F|\n|poke|p1|Rillaboom, L50, F|\n|poke|p1|Gastrodon-East, L50, M|\n|poke|p1|Hitmonchan, L50, M|\n|poke|p1|Tropius, L50, M|\n|poke|p2|Calyrex-Ice, L50|\n|poke|p2|Landorus, L50, M|\n|poke|p2|Amoonguss, L50, F|\n|poke|p2|Urshifu-*, L50, F|\n|poke|p2|Roaring Moon, L50|\n|poke|p2|Ogerpon-Hearthflame, L50, F|\n|teampreview|4\n|j| sufanova\n|inactive|Battle timer is ON: inactive players will automatically lose when time's up. (requested by Doc_MrMega)\n|j| damoria\n|\n|t:|1738009510\n|start\n|switch|p1a: Incineroar|Incineroar, L50, F|100\/100\n|switch|p1b: Calyrex|Calyrex-Shadow, L50|100\/100\n|switch|p2a: Roaring Moon|Roaring Moon, L50|100\/100\n|switch|p2b: Urshifu|Urshifu-Rapid-Strike, L50, F|100\/100\n|-ability|p1b: Calyrex|As One\n|-ability|p1b: Calyrex|Unnerve\n|-ability|p1a: Incineroar|Intimidate|boost\n|-unboost|p2a: Roaring Moon|atk|1\n|-unboost|p2b: Urshifu|atk|1\n|-enditem|p2a: Roaring Moon|Booster Energy\n|-activate|p2a: Roaring Moon|ability: Protosynthesis|[fromitem]\n|-start|p2a: Roaring Moon|protosynthesisspe\n|turn|1\n|\n|t:|1738009526\n|-terastallize|p1b: Calyrex|Fairy\n|move|p1a: Incineroar|Fake Out|p2b: Urshifu\n|-damage|p2b: Urshifu|90\/100\n|move|p2a: Roaring Moon|Tailwind|p2a: Roaring Moon\n|-sidestart|p2: Doc_MrMega|move: Tailwind\n|cant|p2b: Urshifu|flinch\n|move|p1b: Calyrex|Draining Kiss|p2b: Urshifu\n|-supereffective|p2b: Urshifu\n|-damage|p2b: Urshifu|0 fnt\n|faint|p2b: Urshifu\n|-ability|p1b: Calyrex|Grim Neigh|boost\n|-boost|p1b: Calyrex|spa|1\n|\n|upkeep\n|c| damoria|ah the classic hitmochan tropius core\n|\n|t:|1738009536\n|switch|p2b: Landorus|Landorus, L50, M|100\/100\n|turn|2\n|c| sufanova|w opening from chin\n|\n|t:|1738009550\n|switch|p1a: Tropius|Tropius, L50, M|100\/100\n|-terastallize|p2a: Roaring Moon|Flying\n|move|p1b: Calyrex|Protect|p1b: Calyrex\n|-singleturn|p1b: Calyrex|Protect\n|move|p2a: Roaring Moon|Acrobatics|p1a: Tropius\n|-supereffective|p1a: Tropius\n|-damage|p1a: Tropius|33\/100\n|-enditem|p1a: Tropius|Sitrus Berry|[eat]\n|-heal|p1a: Tropius|57\/100|[from] item: Sitrus Berry\n|move|p2b: Landorus|Earth Power|p1a: Tropius\n|-immune|p1a: Tropius\n|\n|-item|p1a: Tropius|Sitrus Berry|[from] ability: Harvest\n|upkeep\n|turn|3\n|\n|t:|1738009572\n|switch|p1b: Incineroar|Incineroar, L50, F|100\/100\n|-ability|p1b: Incineroar|Intimidate|boost\n|-unboost|p2a: Roaring Moon|atk|1\n|-unboost|p2b: Landorus|atk|1\n|move|p2a: Roaring Moon|Acrobatics|p1a: Tropius\n|-supereffective|p1a: Tropius\n|-damage|p1a: Tropius|4\/100\n|-enditem|p1a: Tropius|Sitrus Berry|[eat]\n|-heal|p1a: Tropius|29\/100|[from] item: Sitrus Berry\n|move|p2b: Landorus|Sludge Bomb|p1b: Incineroar\n|-damage|p1b: Incineroar|63\/100\n|move|p1a: Tropius|Leech Seed|p2a: Roaring Moon\n|-start|p2a: Roaring Moon|move: Leech Seed\n|\n|-damage|p2a: Roaring Moon|88\/100|[from] Leech Seed|[of] p1a: Tropius\n|-heal|p1a: Tropius|40\/100|[silent]\n|upkeep\n|turn|4\n|\n|t:|1738009592\n|switch|p1a: Calyrex|Calyrex-Shadow, L50, tera:Fairy|100\/100\n|-ability|p1a: Calyrex|As One\n|-ability|p1a: Calyrex|Unnerve\n|move|p1b: Incineroar|Fake Out|p2b: Landorus\n|-damage|p2b: Landorus|87\/100\n|move|p2a: Roaring Moon|Acrobatics|p1a: Calyrex\n|-damage|p1a: Calyrex|74\/100\n|cant|p2b: Landorus|flinch\n|\n|-damage|p2a: Roaring Moon|76\/100|[from] Leech Seed|[of] p1a: Calyrex\n|-heal|p1a: Calyrex|87\/100|[silent]\n|-sideend|p2: Doc_MrMega|move: Tailwind\n|upkeep\n|turn|5\n|c| sufanova|holy crap the bulk on that tropius\n|\n|t:|1738009610\n|switch|p1b: Hitmonchan|Hitmonchan, L50, M|100\/100\n|move|p1a: Calyrex|Protect|p1a: Calyrex\n|-singleturn|p1a: Calyrex|Protect\n|move|p2a: Roaring Moon|Tailwind|p2a: Roaring Moon\n|-sidestart|p2: Doc_MrMega|move: Tailwind\n|move|p2b: Landorus|Sludge Bomb|p1a: Calyrex\n|-activate|p1a: Calyrex|move: Protect\n|\n|-damage|p2a: Roaring Moon|64\/100|[from] Leech Seed|[of] p1a: Calyrex\n|-heal|p1a: Calyrex|99\/100|[silent]\n|upkeep\n|turn|6\n|\n|t:|1738009628\n|move|p2b: Landorus|Protect|p2b: Landorus\n|-singleturn|p2b: Landorus|Protect\n|move|p1b: Hitmonchan|Fake Out|p2b: Landorus\n|-activate|p2b: Landorus|move: Protect\n|move|p2a: Roaring Moon|Knock Off|p1a: Calyrex\n|-resisted|p1a: Calyrex\n|-damage|p1a: Calyrex|87\/100\n|-enditem|p1a: Calyrex|Clear Amulet|[from] move: Knock Off|[of] p2a: Roaring Moon\n|move|p1a: Calyrex|Astral Barrage|p2a: Roaring Moon|[spread] p2a\n|-activate|p2b: Landorus|move: Protect\n|-damage|p2a: Roaring Moon|16\/100\n|\n|-damage|p2a: Roaring Moon|4\/100|[from] Leech Seed|[of] p1a: Calyrex\n|-heal|p1a: Calyrex|99\/100|[silent]\n|upkeep\n|turn|7\n|\n|t:|1738009652\n|switch|p1b: Incineroar|Incineroar, L50, F|63\/100\n|-ability|p1b: Incineroar|Intimidate|boost\n|-unboost|p2a: Roaring Moon|atk|1\n|-unboost|p2b: Landorus|atk|1\n|move|p1a: Calyrex|Protect|p1a: Calyrex\n|-singleturn|p1a: Calyrex|Protect\n|move|p2a: Roaring Moon|Acrobatics|p1b: Incineroar\n|-damage|p1b: Incineroar|42\/100\n|move|p2b: Landorus|Sludge Bomb|p1a: Calyrex\n|-activate|p1a: Calyrex|move: Protect\n|\n|-damage|p2a: Roaring Moon|0 fnt|[from] Leech Seed|[of] p1a: Calyrex\n|-heal|p1a: Calyrex|100\/100|[silent]\n|faint|p2a: Roaring Moon\n|-end|p2a: Roaring Moon|Protosynthesis|[silent]\n|upkeep\n|\n|t:|1738009663\n|switch|p2a: Calyrex|Calyrex-Ice, L50|100\/100\n|-ability|p2a: Calyrex|As One\n|-ability|p2a: Calyrex|Unnerve\n|turn|8\n|\n|t:|1738009674\n|move|p1b: Incineroar|Fake Out|p2a: Calyrex\n|-damage|p2a: Calyrex|92\/100\n|move|p2b: Landorus|Sludge Bomb|p1a: Calyrex\n|-supereffective|p1a: Calyrex\n|-crit|p1a: Calyrex\n|-damage|p1a: Calyrex|0 fnt\n|faint|p1a: Calyrex\n|cant|p2a: Calyrex|flinch\n|\n|-sideend|p2: Doc_MrMega|move: Tailwind\n|upkeep\n|\n|t:|1738009682\n|switch|p1a: Hitmonchan|Hitmonchan, L50, M|100\/100\n|turn|9\n|c| sufanova|omg doc has a way out\n|\n|t:|1738009699\n|move|p1a: Hitmonchan|Fake Out|p2b: Landorus\n|-damage|p2b: Landorus|75\/100\n|cant|p2b: Landorus|flinch\n|move|p2a: Calyrex|Glacial Lance|p1a: Hitmonchan|[spread] p1a,p1b\n|-resisted|p1b: Incineroar\n|-damage|p1a: Hitmonchan|1\/100\n|-damage|p1b: Incineroar|17\/100\n|move|p1b: Incineroar|Will-O-Wisp|p2a: Calyrex\n|-status|p2a: Calyrex|brn\n|\n|-damage|p2a: Calyrex|86\/100 brn|[from] brn\n|upkeep\n|turn|10\n|c| damoria|hitmonchan is so little lol\n|-message|chin8 forfeited.\n|\n|win|Doc_MrMega\n|raw|chin8's rating: 1549 &rarr; <strong>1528<\/strong><br \/>(-21 for losing)\n|raw|Doc_MrMega's rating: 1537 &rarr; <strong>1558<\/strong><br \/>(+21 for winning)\n|l|\u2606chin8\n|player|p1|\n|l|\u2606Doc_MrMega\n|player|p2|\n|l| damoria\n|l| sufanova\n","uploadtime":1738009859,"views":17,"formatid":"gen9vgc2025regg","rating":1528,"private":0,"password":null}