{"id":"gen9vgc2025regg-2289971752","format":"[Gen 9] VGC 2025 Reg G","players":["Weakest blow","Forbranna"],"log":"|j|\u2606Weakest blow\n|j|\u2606Forbranna\n|t:|1738086468\n|gametype|doubles\n|player|p1|Weakest blow|depotagent|1584\n|player|p2|Forbranna|101|1538\n|teamsize|p1|6\n|teamsize|p2|6\n|gen|9\n|tier|[Gen 9] VGC 2025 Reg G\n|rated|\n|rule|Species Clause: Limit one of each Pok\u00e9mon\n|rule|Item Clause: Limit 1 of each item\n|clearpoke\n|poke|p1|Ditto, L50|\n|poke|p1|Iron Hands, L50|\n|poke|p1|Miraidon, L50|\n|poke|p1|Pelipper, L50, M|\n|poke|p1|Volcarona, L50, M|\n|poke|p1|Whimsicott, L50, F|\n|poke|p2|Grimmsnarl, L50, M|\n|poke|p2|Chi-Yu, L50|\n|poke|p2|Koraidon, L50|\n|poke|p2|Flutter Mane, L50|\n|poke|p2|Raging Bolt, L50|\n|poke|p2|Ogerpon-Cornerstone, L50, F|\n|teampreview|4\n|inactive|Battle timer is ON: inactive players will automatically lose when time's up. (requested by Forbranna)\n|\n|t:|1738086497\n|start\n|switch|p1a: Whimsicott|Whimsicott, L50, F|100\/100\n|switch|p1b: Miraidon|Miraidon, L50|100\/100\n|switch|p2a: Einstein|Grimmsnarl, L50, M, shiny|100\/100\n|switch|p2b: Queen Mary I|Flutter Mane, L50|100\/100\n|-fieldstart|move: Electric Terrain|[from] ability: Hadron Engine|[of] p1b: Miraidon\n|turn|1\n|inactive|Weakest blow has 30 seconds left.\n|\n|t:|1738086523\n|move|p1a: Whimsicott|Light Screen|p1a: Whimsicott\n|-sidestart|p1: Weakest blow|move: Light Screen\n|move|p2a: Einstein|Light Screen|p2a: Einstein\n|-sidestart|p2: Forbranna|move: Light Screen\n|move|p2b: Queen Mary I|Icy Wind|p1a: Whimsicott|[spread] p1b\n|-miss|p2b: Queen Mary I|p1a: Whimsicott\n|-supereffective|p1b: Miraidon\n|-damage|p1b: Miraidon|83\/100\n|-unboost|p1b: Miraidon|spe|1\n|move|p1b: Miraidon|Dazzling Gleam|p2a: Einstein|[spread] p2a,p2b\n|-supereffective|p2a: Einstein\n|-damage|p2a: Einstein|50\/100\n|-damage|p2b: Queen Mary I|72\/100\n|-damage|p1b: Miraidon|74\/100|[from] item: Life Orb\n|\n|upkeep\n|turn|2\n|inactive|Weakest blow has 30 seconds left.\n|\n|t:|1738086549\n|-terastallize|p1b: Miraidon|Fairy\n|move|p1a: Whimsicott|Encore|p2b: Queen Mary I\n|-start|p2b: Queen Mary I|Encore\n|move|p2a: Einstein|Reflect|p2a: Einstein\n|-sidestart|p2: Forbranna|Reflect\n|move|p2b: Queen Mary I|Icy Wind|p1b: Miraidon|[spread] p1a,p1b\n|-supereffective|p1a: Whimsicott\n|-damage|p1a: Whimsicott|78\/100\n|-damage|p1b: Miraidon|65\/100\n|-unboost|p1b: Miraidon|spe|1\n|move|p1b: Miraidon|Dazzling Gleam|p2a: Einstein|[spread] p2a,p2b\n|-supereffective|p2a: Einstein\n|-crit|p2b: Queen Mary I\n|-damage|p2a: Einstein|0 fnt\n|-damage|p2b: Queen Mary I|0 fnt\n|faint|p2a: Einstein\n|faint|p2b: Queen Mary I\n|-end|p2b: Queen Mary I|Protosynthesis|[silent]\n|-damage|p1b: Miraidon|56\/100|[from] item: Life Orb\n|\n|upkeep\n|\n|t:|1738086567\n|switch|p2b: Voltaire|Raging Bolt, L50|100\/100\n|switch|p2a: Moctezuma|Koraidon, L50|100\/100\n|-weather|SunnyDay|[from] ability: Orichalcum Pulse|[of] p2a: Moctezuma\n|-activate|p2b: Voltaire|ability: Protosynthesis\n|-start|p2b: Voltaire|protosynthesisspa\n|-activate|p2a: Moctezuma|Orichalcum Pulse|[source]\n|turn|3\n|\n|t:|1738086590\n|switch|p1b: Volcarona|Volcarona, L50, M|100\/100\n|-terastallize|p2a: Moctezuma|Fire\n|move|p2a: Moctezuma|Flame Charge|p1b: Volcarona\n|-damage|p1b: Volcarona|31\/100\n|-boost|p2a: Moctezuma|spe|1\n|-damage|p2a: Moctezuma|84\/100|[from] item: Rocky Helmet|[of] p1b: Volcarona\n|move|p1a: Whimsicott|Moonblast|p2b: Voltaire\n|-supereffective|p2b: Voltaire\n|-damage|p2b: Voltaire|81\/100\n|move|p2b: Voltaire|Thunderbolt|p1a: Whimsicott\n|-resisted|p1a: Whimsicott\n|-damage|p1a: Whimsicott|46\/100\n|\n|-weather|SunnyDay|[upkeep]\n|upkeep\n|turn|4\n|inactive|Weakest blow has 30 seconds left.\n|\n|t:|1738086621\n|move|p1a: Whimsicott|Encore|p2a: Moctezuma\n|-start|p2a: Moctezuma|Encore\n|move|p2b: Voltaire|Thunderclap|p1b: Volcarona\n|-damage|p1b: Volcarona|0 fnt\n|faint|p1b: Volcarona\n|move|p2a: Moctezuma|Flame Charge|p1a: Whimsicott\n|-supereffective|p1a: Whimsicott\n|-damage|p1a: Whimsicott|0 fnt\n|-boost|p2a: Moctezuma|spe|1\n|faint|p1a: Whimsicott\n|\n|-weather|SunnyDay|[upkeep]\n|upkeep\n|\n|t:|1738086641\n|switch|p1a: Miraidon|Miraidon, L50, tera:Fairy|56\/100\n|switch|p1b: Ditto|Ditto, L50|100\/100\n|-activate|p1a: Miraidon|ability: Hadron Engine\n|-transform|p1b: Ditto|p2a: Moctezuma|[from] ability: Imposter\n|-activate|p1b: Ditto|ability: Orichalcum Pulse\n|-start|p1b: Ditto|typechange|Fighting\/Dragon|[silent]\n|turn|5\n|inactive|Weakest blow has 30 seconds left.\n|\n|t:|1738086675\n|move|p2a: Moctezuma|Flame Charge|p1a: Miraidon\n|-damage|p1a: Miraidon|0 fnt\n|-boost|p2a: Moctezuma|spe|1\n|faint|p1a: Miraidon\n|move|p1b: Ditto|Collision Course|p2b: Voltaire\n|-damage|p2b: Voltaire|47\/100\n|move|p2b: Voltaire|Draco Meteor|p1b: Ditto\n|-supereffective|p1b: Ditto\n|-enditem|p1b: Ditto|Focus Sash\n|-damage|p1b: Ditto|1\/100\n|-unboost|p2b: Voltaire|spa|2\n|\n|-weather|SunnyDay|[upkeep]\n|-sideend|p1: Weakest blow|move: Light Screen\n|-fieldend|move: Electric Terrain\n|upkeep\n|turn|6\n|j| Pokemonmaner\n|-message|Weakest blow forfeited.\n|\n|win|Forbranna\n|raw|Weakest blow's rating: 1584 &rarr; <strong>1561<\/strong><br \/>(-23 for losing)\n|raw|Forbranna's rating: 1538 &rarr; <strong>1561<\/strong><br \/>(+23 for winning)\n|l| Pokemonmaner\n|l|\u2606Forbranna\n|player|p2|\n|j|\u2606Forbranna\n|player|p2|Forbranna|101|\n","uploadtime":1738086872,"views":7,"formatid":"gen9vgc2025regg","rating":1561,"private":0,"password":null}