{"id":"gen9vgc2025regg-2289154572","format":"[Gen 9] VGC 2025 Reg G","players":["imstuckat1300","actuary97"],"log":"|j|\u2606imstuckat1300\n|j|\u2606actuary97\n|t:|1737987119\n|gametype|doubles\n|player|p1|imstuckat1300|blue|1570\n|player|p2|actuary97|sabrina-frlg|1617\n|teamsize|p1|6\n|teamsize|p2|6\n|gen|9\n|tier|[Gen 9] VGC 2025 Reg G\n|rated|\n|rule|Species Clause: Limit one of each Pok\u00e9mon\n|rule|Item Clause: Limit 1 of each item\n|clearpoke\n|poke|p1|Tornadus, L50, M|\n|poke|p1|Ogerpon-Hearthflame, L50, F|\n|poke|p1|Farigiraf, L50, M|\n|poke|p1|Regidrago, L50|\n|poke|p1|Urshifu-*, L50, F|\n|poke|p1|Zacian-*, L50|\n|poke|p2|Amoonguss, L50, F|\n|poke|p2|Whimsicott, L50, M|\n|poke|p2|Armarouge, L50, M|\n|poke|p2|Kyogre, L50|\n|poke|p2|Archaludon, L50, M|\n|poke|p2|Indeedee-F, L50, F|\n|teampreview|4\n|j| Triple20\nactuary97 has agreed to open team sheets.\nimstuckat1300 has agreed to open team sheets.\n|showteam|p1|Tornadus||CovertCloak|Prankster|BleakwindStorm,Tailwind,Taunt,RainDance|||M|||50|,,,,,Ghost]Ogerpon-Hearthflame||HearthflameMask|MoldBreaker|IvyCudgel,WoodHammer,FollowMe,SpikyShield|||F|||50|,,,,,Fire]Farigiraf||Leftovers|ArmorTail|FoulPlay,PsychicNoise,TrickRoom,Imprison|||M|||50|,,,,,Water]Regidrago||LifeOrb|DragonsMaw|DragonEnergy,DracoMeteor,TeraBlast,Protect||||||50|,,,,,Ghost]Urshifu-Rapid-Strike||ChoiceBand|UnseenFist|SurgingStrikes,CloseCombat,AquaJet,Uturn|||F|||50|,,,,,Grass]Zacian-Crowned||RustedSword|IntrepidSword|PlayRough,behemothblade,TeraBlast,Protect||||||50|,,,,,Ground\n|showteam|p2|Amoonguss||RockyHelmet|Regenerator|ClearSmog,PollenPuff,RagePowder,Spore|||F|||50|,,,,,Water]Whimsicott||FocusSash|Prankster|BeatUp,Moonblast,Encore,Tailwind|||M|||50|,,,,,Ghost]Armarouge||PowerHerb|FlashFire|ExpandingForce,ArmorCannon,MeteorBeam,WideGuard|||M|||50|,,,,,Fairy]Kyogre||CovertCloak|Drizzle|OriginPulse,IceBeam,CalmMind,Protect||||||50|,,,,,Grass]Archaludon||AssaultVest|Stamina|ElectroShot,FlashCannon,Snarl,BodyPress|||M|||50|,,,,,Flying]Indeedee-F||PsychicSeed|PsychicSurge|Psychic,HelpingHand,FollowMe,TrickRoom|||F|||50|,,,,,Grass\n|l| Triple20\n|j| SVbank\n|\n|t:|1737987154\n|start\n|switch|p1a: Weather Report|Tornadus, L50, M|100\/100\n|switch|p1b: Urshifu|Urshifu-Rapid-Strike, L50, F|100\/100\n|switch|p2a: Whimsicott|Whimsicott, L50, M, shiny|100\/100\n|switch|p2b: Archaludon|Archaludon, L50, M, shiny|100\/100\n|turn|1\n|\n|t:|1737987172\n|switch|p2b: Amoonguss|Amoonguss, L50, F, shiny|100\/100\n|move|p1a: Weather Report|Tailwind|p1a: Weather Report\n|-sidestart|p1: imstuckat1300|move: Tailwind\n|move|p1b: Urshifu|Close Combat|p2b: Amoonguss\n|-resisted|p2b: Amoonguss\n|-damage|p2b: Amoonguss|63\/100\n|-unboost|p1b: Urshifu|def|1\n|-unboost|p1b: Urshifu|spd|1\n|-damage|p1b: Urshifu|84\/100|[from] item: Rocky Helmet|[of] p2b: Amoonguss\n|move|p2a: Whimsicott|Moonblast|p1b: Urshifu\n|-supereffective|p1b: Urshifu\n|-damage|p1b: Urshifu|0 fnt\n|faint|p1b: Urshifu\n|\n|upkeep\n|\n|t:|1737987191\n|switch|p1b: Zacian|Zacian-Crowned, L50|100\/100\n|-ability|p1b: Zacian|Intrepid Sword|boost\n|-boost|p1b: Zacian|atk|1\n|turn|2\n|\n|t:|1737987212\n|switch|p2a: Archaludon|Archaludon, L50, M, shiny|100\/100\n|-terastallize|p2b: Amoonguss|Water\n|move|p1a: Weather Report|Taunt|p2a: Archaludon\n|-start|p2a: Archaludon|move: Taunt\n|move|p1b: Zacian|Behemoth Blade|p2b: Amoonguss\n|-resisted|p2b: Amoonguss\n|-damage|p2b: Amoonguss|29\/100\n|-damage|p1b: Zacian|84\/100|[from] item: Rocky Helmet|[of] p2b: Amoonguss\n|move|p2b: Amoonguss|Spore|p1b: Zacian\n|-status|p1b: Zacian|slp|[from] move: Spore\n|\n|upkeep\n|turn|3\n|\n|t:|1737987232\n|switch|p2b: Kyogre|Kyogre, L50, shiny|100\/100\n|-weather|RainDance|[from] ability: Drizzle|[of] p2b: Kyogre\n|-terastallize|p1b: Zacian|Ground\n|cant|p1b: Zacian|slp\n|move|p1a: Weather Report|Bleakwind Storm|p2b: Kyogre|[spread] p2a,p2b\n|-resisted|p2a: Archaludon\n|-crit|p2b: Kyogre\n|-damage|p2a: Archaludon|90\/100\n|-damage|p2b: Kyogre|69\/100\n|-unboost|p2a: Archaludon|spe|1\n|-ability|p2a: Archaludon|Stamina|boost\n|-boost|p2a: Archaludon|def|1\n|move|p2a: Archaludon|Electro Shot||[still]\n|-prepare|p2a: Archaludon|Electro Shot\n|-boost|p2a: Archaludon|spa|1\n|-anim|p2a: Archaludon|Electro Shot|p1a: Weather Report\n|-supereffective|p1a: Weather Report\n|-damage|p1a: Weather Report|0 fnt\n|faint|p1a: Weather Report\n|\n|-weather|RainDance|[upkeep]\n|upkeep\n|\n|t:|1737987236\n|switch|p1a: Regidrago|Regidrago, L50|100\/100\n|turn|4\n|\n|t:|1737987253\n|switch|p2a: Whimsicott|Whimsicott, L50, M, shiny|100\/100\n|move|p2b: Kyogre|Protect|p2b: Kyogre\n|-singleturn|p2b: Kyogre|Protect\n|-curestatus|p1b: Zacian|slp|[msg]\n|move|p1b: Zacian|Tera Blast|p2a: Whimsicott|[anim] Tera Blast Ground\n|-resisted|p2a: Whimsicott\n|-damage|p2a: Whimsicott|50\/100\n|move|p1a: Regidrago|Dragon Energy|p2b: Kyogre|[spread] \n|-activate|p2b: Kyogre|move: Protect\n|-immune|p2a: Whimsicott\n|\n|-weather|RainDance|[upkeep]\n|-sideend|p1: imstuckat1300|move: Tailwind\n|upkeep\n|turn|5\n|-message|imstuckat1300 forfeited.\n|\n|win|actuary97\n|raw|imstuckat1300's rating: 1570 &rarr; <strong>1553<\/strong><br \/>(-17 for losing)\n|raw|actuary97's rating: 1617 &rarr; <strong>1634<\/strong><br \/>(+17 for winning)\n|l|\u2606imstuckat1300\n|player|p1|\n|l| SVbank\n|l|\u2606actuary97\n|player|p2|\n","uploadtime":1737987408,"views":5,"formatid":"gen9vgc2025regg","rating":1553,"private":0,"password":null}