{"id":"gen9vgc2025regg-2289758774","format":"[Gen 9] VGC 2025 Reg G","players":["igarettka","ruddyreboot"],"log":"|j|\u2606igarettka\n|j|\u2606ruddyreboot\n|t:|1738062558\n|gametype|doubles\n|player|p1|igarettka|102|1610\n|player|p2|ruddyreboot|peony|1559\n|teamsize|p1|6\n|teamsize|p2|6\n|gen|9\n|tier|[Gen 9] VGC 2025 Reg G\n|rated|\n|rule|Species Clause: Limit one of each Pok\u00e9mon\n|rule|Item Clause: Limit 1 of each item\n|clearpoke\n|poke|p1|Iron Jugulis, L50|\n|poke|p1|Raging Bolt, L50|\n|poke|p1|Calyrex-Shadow, L50|\n|poke|p1|Urshifu-*, L50, M|\n|poke|p1|Incineroar, L50, F|\n|poke|p1|Amoonguss, L50, M|\n|poke|p2|Lunala, L50|\n|poke|p2|Rillaboom, L50, M|\n|poke|p2|Incineroar, L50, F|\n|poke|p2|Regieleki, L50|\n|poke|p2|Pelipper, L50, F|\n|poke|p2|Urshifu-*, L50, F|\n|teampreview|4\n|inactive|Battle timer is ON: inactive players will automatically lose when time's up. (requested by ruddyreboot)\n|inactive|igarettka has 60 seconds left.\n|inactive|igarettka has 30 seconds left.\n|\n|t:|1738062620\n|start\n|switch|p1a: Raging Bolt|Raging Bolt, L50|100\/100\n|switch|p1b: Urshifu|Urshifu-Rapid-Strike, L50, M|100\/100\n|switch|p2a: Lunala|Lunala, L50|100\/100\n|switch|p2b: Regieleki|Regieleki, L50|100\/100\n|turn|1\n|j| summerdog\n|\n|t:|1738062641\n|switch|p1b: Amoonguss|Amoonguss, L50, M|100\/100\n|move|p2b: Regieleki|Electroweb|p1a: Raging Bolt|[spread] p1a,p1b\n|-resisted|p1a: Raging Bolt\n|-resisted|p1b: Amoonguss\n|-damage|p1a: Raging Bolt|98\/100\n|-damage|p1b: Amoonguss|92\/100\n|-unboost|p1a: Raging Bolt|spe|1\n|-unboost|p1b: Amoonguss|spe|1\n|move|p2a: Lunala|Moonblast|p1b: Amoonguss\n|-resisted|p1b: Amoonguss\n|-damage|p1b: Amoonguss|78\/100\n|move|p1a: Raging Bolt|Dragon Pulse|p2b: Regieleki\n|-damage|p2b: Regieleki|25\/100\n|\n|upkeep\n|turn|2\n|j| Tian15\n|\n|t:|1738062665\n|move|p2b: Regieleki|Light Screen|p2b: Regieleki\n|-sidestart|p2: ruddyreboot|move: Light Screen\n|move|p2a: Lunala|Calm Mind|p2a: Lunala\n|-boost|p2a: Lunala|spa|1\n|-boost|p2a: Lunala|spd|1\n|move|p1a: Raging Bolt|Volt Switch|p2b: Regieleki\n|-resisted|p2b: Regieleki\n|-damage|p2b: Regieleki|5\/100\n|\n|t:|1738062677\n|-end|p1a: Raging Bolt|Protosynthesis|[silent]\n|switch|p1a: Urshifu|Urshifu-Rapid-Strike, L50, M|100\/100|[from] Volt Switch\n|move|p1b: Amoonguss|Spore|p2a: Lunala\n|-status|p2a: Lunala|slp|[from] move: Spore\n|\n|upkeep\n|turn|3\n|inactive|igarettka has 30 seconds left.\n|inactive|igarettka has 20 seconds left.\n|inactive|igarettka has 15 seconds left.\n|inactive|igarettka has 10 seconds left.\n|inactive|igarettka has 5 seconds left.\n|l| Tian15\n|\n|t:|1738062732\n|move|p2b: Regieleki|Thunder Wave|p1a: Urshifu|[miss]\n|-miss|p2b: Regieleki|p1a: Urshifu\n|move|p1a: Urshifu|U-turn|p2b: Regieleki\n|-damage|p2b: Regieleki|0 fnt\n|faint|p2b: Regieleki\n|\n|t:|1738062738\n|switch|p1a: Raging Bolt|Raging Bolt, L50|98\/100|[from] U-turn\n|cant|p2a: Lunala|slp\n|move|p1b: Amoonguss|Pollen Puff|p1a: Raging Bolt\n|-heal|p1a: Raging Bolt|100\/100\n|\n|upkeep\n|\n|t:|1738062746\n|switch|p2b: Incineroar|Incineroar, L50, F|100\/100\n|-ability|p2b: Incineroar|Intimidate|boost\n|-unboost|p1a: Raging Bolt|atk|1\n|-unboost|p1b: Amoonguss|atk|1\n|turn|4\n|\n|t:|1738062756\n|-curestatus|p2a: Lunala|slp|[msg]\n|move|p2a: Lunala|Moonblast|p1a: Raging Bolt\n|-supereffective|p1a: Raging Bolt\n|-damage|p1a: Raging Bolt|38\/100\n|move|p1a: Raging Bolt|Volt Switch|p2a: Lunala\n|-damage|p2a: Lunala|94\/100\n|\n|t:|1738062771\n|-end|p1a: Raging Bolt|Protosynthesis|[silent]\n|switch|p1a: Urshifu|Urshifu-Rapid-Strike, L50, M|100\/100|[from] Volt Switch\n|move|p2b: Incineroar|Knock Off|p1b: Amoonguss\n|-damage|p1b: Amoonguss|44\/100\n|-damage|p2b: Incineroar|84\/100|[from] item: Rocky Helmet|[of] p1b: Amoonguss\n|-enditem|p1b: Amoonguss|Rocky Helmet|[from] move: Knock Off|[of] p2b: Incineroar\n|move|p1b: Amoonguss|Spore|p2b: Incineroar\n|-activate|p2b: Incineroar|item: Safety Goggles|Spore\n|\n|-heal|p2a: Lunala|100\/100|[from] item: Leftovers\n|upkeep\n|turn|5\n|inactive|igarettka has 30 seconds left.\n|\n|t:|1738062797\n|switch|p2b: Rillaboom|Rillaboom, L50, M|100\/100\n|-fieldstart|move: Grassy Terrain|[from] ability: Grassy Surge|[of] p2b: Rillaboom\n|move|p1b: Amoonguss|Rage Powder|p1b: Amoonguss\n|-singleturn|p1b: Amoonguss|move: Rage Powder\n|move|p1a: Urshifu|Surging Strikes|p2a: Lunala\n|-crit|p2a: Lunala\n|-damage|p2a: Lunala|92\/100\n|-crit|p2a: Lunala\n|-damage|p2a: Lunala|75\/100\n|-crit|p2a: Lunala\n|-damage|p2a: Lunala|57\/100\n|-hitcount|p2a: Lunala|3\n|move|p2a: Lunala|Moongeist Beam|p1b: Amoonguss\n|-damage|p1b: Amoonguss|0 fnt\n|faint|p1b: Amoonguss\n|\n|-heal|p2a: Lunala|63\/100|[from] Grassy Terrain\n|-heal|p2a: Lunala|70\/100|[from] item: Leftovers\n|upkeep\n|\n|t:|1738062814\n|switch|p1b: Calyrex|Calyrex-Shadow, L50|100\/100\n|-ability|p1b: Calyrex|As One\n|-ability|p1b: Calyrex|Unnerve\n|turn|6\n|\n|t:|1738062823\n|-terastallize|p1a: Urshifu|Ghost\n|-terastallize|p2a: Lunala|Fairy\n|move|p1a: Urshifu|Surging Strikes|p2a: Lunala\n|-crit|p2a: Lunala\n|-damage|p2a: Lunala|52\/100\n|-crit|p2a: Lunala\n|-damage|p2a: Lunala|36\/100\n|-crit|p2a: Lunala\n|-damage|p2a: Lunala|21\/100\n|-hitcount|p2a: Lunala|3\n|move|p1b: Calyrex|Psychic|p2a: Lunala\n|-damage|p2a: Lunala|4\/100\n|move|p2a: Lunala|Moongeist Beam|p1b: Calyrex\n|-supereffective|p1b: Calyrex\n|-enditem|p1b: Calyrex|Focus Sash\n|-damage|p1b: Calyrex|1\/100\n|move|p2b: Rillaboom|Wood Hammer|p1a: Urshifu\n|-damage|p1a: Urshifu|25\/100\n|-damage|p2b: Rillaboom|77\/100|[from] Recoil\n|\n|-heal|p1a: Urshifu|31\/100|[from] Grassy Terrain\n|-heal|p1b: Calyrex|7\/100|[from] Grassy Terrain\n|-heal|p2a: Lunala|10\/100|[from] Grassy Terrain\n|-heal|p2a: Lunala|17\/100|[from] item: Leftovers\n|-heal|p2b: Rillaboom|83\/100|[from] Grassy Terrain\n|upkeep\n|turn|7\n|inactive|igarettka has 30 seconds left.\n|\n|t:|1738062854\n|move|p2a: Lunala|Protect|p2a: Lunala\n|-singleturn|p2a: Lunala|Protect\n|move|p2b: Rillaboom|Grassy Glide|p1a: Urshifu\n|-damage|p1a: Urshifu|0 fnt\n|faint|p1a: Urshifu\n|move|p1b: Calyrex|Astral Barrage|p2b: Rillaboom|[spread] p2b\n|-activate|p2a: Lunala|move: Protect\n|-damage|p2b: Rillaboom|57\/100\n|\n|-heal|p1b: Calyrex|14\/100|[from] Grassy Terrain\n|-heal|p2a: Lunala|23\/100|[from] Grassy Terrain\n|-heal|p2a: Lunala|29\/100|[from] item: Leftovers\n|-heal|p2b: Rillaboom|62\/100|[from] Grassy Terrain\n|upkeep\n|-message|igarettka forfeited.\n|\n|win|ruddyreboot\n|raw|igarettka's rating: 1610 &rarr; <strong>1587<\/strong><br \/>(-23 for losing)\n|raw|ruddyreboot's rating: 1559 &rarr; <strong>1582<\/strong><br \/>(+23 for winning)\n|l|\u2606igarettka\n|player|p1|\n|l| summerdog\n|l|\u2606ruddyreboot\n|player|p2|\n","uploadtime":1738063097,"views":12,"formatid":"gen9vgc2025regg","rating":1582,"private":0,"password":null}