{"id":"gen9vgc2025regg-2289726559","format":"[Gen 9] VGC 2025 Reg G","players":["Onemagician4496","Gene10"],"log":"|j|\u2606Onemagician4496\n|j|\u2606Gene10\n|t:|1738057069\n|gametype|doubles\n|player|p1|Onemagician4496|ethan|1588\n|player|p2|Gene10|169|1652\n|teamsize|p1|6\n|teamsize|p2|6\n|gen|9\n|tier|[Gen 9] VGC 2025 Reg G\n|rated|\n|rule|Species Clause: Limit one of each Pok\u00e9mon\n|rule|Item Clause: Limit 1 of each item\n|clearpoke\n|poke|p1|Indeedee-F, L50, F|\n|poke|p1|Iron Crown, L50|\n|poke|p1|Chi-Yu, L50|\n|poke|p1|Raging Bolt, L50|\n|poke|p1|Koraidon, L50|\n|poke|p1|Venusaur, L50, M|\n|poke|p2|Calyrex-Ice, L50|\n|poke|p2|Urshifu-*, L50, M|\n|poke|p2|Raging Bolt, L50|\n|poke|p2|Rillaboom, L50, F|\n|poke|p2|Pelipper, L50, F|\n|poke|p2|Farigiraf, L50, M|\n|teampreview|4\n|inactive|Battle timer is ON: inactive players will automatically lose when time's up. (requested by Gene10)\nOnemagician4496 has agreed to open team sheets.\n|inactive|Onemagician4496 has 60 seconds left.\n|\n|t:|1738057123\n|start\n|switch|p1a: Yu-Chi|Chi-Yu, L50|100\/100\n|switch|p1b: Iron Crown|Iron Crown, L50|100\/100\n|switch|p2a: Calyrex|Calyrex-Ice, L50|100\/100\n|switch|p2b: Urshifu|Urshifu-Rapid-Strike, L50, M|100\/100\n|-ability|p2a: Calyrex|As One\n|-ability|p2a: Calyrex|Unnerve\n|-ability|p1a: Yu-Chi|Beads of Ruin\n|-enditem|p1b: Iron Crown|Booster Energy\n|-activate|p1b: Iron Crown|ability: Quark Drive|[fromitem]\n|-start|p1b: Iron Crown|quarkdrivespa\n|turn|1\n|\n|t:|1738057141\n|switch|p2a: Pelipper|Pelipper, L50, F|100\/100\n|-weather|RainDance|[from] ability: Drizzle|[of] p2a: Pelipper\n|move|p1a: Yu-Chi|Heat Wave|p2b: Urshifu|[spread] p2a,p2b\n|-resisted|p2a: Pelipper\n|-resisted|p2b: Urshifu\n|-damage|p2a: Pelipper|78\/100\n|-damage|p2b: Urshifu|79\/100\n|move|p2b: Urshifu|Surging Strikes|p1a: Yu-Chi\n|-supereffective|p1a: Yu-Chi\n|-crit|p1a: Yu-Chi\n|-damage|p1a: Yu-Chi|0 fnt\n|faint|p1a: Yu-Chi\n|-hitcount|p1: Yu-Chi|1\n|move|p1b: Iron Crown|Expanding Force|p2b: Urshifu\n|-supereffective|p2b: Urshifu\n|-damage|p2b: Urshifu|0 fnt\n|faint|p2b: Urshifu\n|\n|-weather|RainDance|[upkeep]\n|upkeep\n|\n|t:|1738057164\n|switch|p1a: CoreRaidon|Koraidon, L50|100\/100\n|switch|p2b: Calyrex|Calyrex-Ice, L50|100\/100\n|-ability|p2b: Calyrex|As One\n|-ability|p2b: Calyrex|Unnerve\n|-weather|SunnyDay|[from] ability: Orichalcum Pulse|[of] p1a: CoreRaidon\n|-activate|p1a: CoreRaidon|Orichalcum Pulse|[source]\n|turn|2\n|inactive|Onemagician4496 has 30 seconds left.\n|l|\u2606Onemagician4496\n|inactive|Onemagician4496 disconnected and has a minute to reconnect!\n|player|p1|\n|inactive|Onemagician4496 has 20 seconds left.\n|inactive|Onemagician4496 has 15 seconds left.\n|inactive|Onemagician4496 has 10 seconds left.\n|j|\u2606Onemagician4496\n|inactive|Onemagician4496 reconnected and has 10 seconds left.\n|player|p1|Onemagician4496|ethan|\n|inactive|Onemagician4496 has 5 seconds left.\n|\n|t:|1738057219\n|switch|p2a: Rillaboom|Rillaboom, L50, F|100\/100\n|-fieldstart|move: Grassy Terrain|[from] ability: Grassy Surge|[of] p2a: Rillaboom\n|move|p2b: Calyrex|Protect|p2b: Calyrex\n|-singleturn|p2b: Calyrex|Protect\n|move|p1a: CoreRaidon|Collision Course|p2a: Rillaboom\n|-damage|p2a: Rillaboom|42\/100\n|move|p1b: Iron Crown|Tachyon Cutter|p2b: Calyrex\n|-activate|p2b: Calyrex|move: Protect\n|\n|-weather|SunnyDay|[upkeep]\n|-heal|p2a: Rillaboom|48\/100|[from] Grassy Terrain\n|upkeep\n|turn|3\n|inactive|Gene10 has 30 seconds left.\n|inactive|Gene10 has 20 seconds left.\n|inactive|Gene10 has 15 seconds left.\n|inactive|Gene10 has 10 seconds left.\n|inactive|Gene10 has 5 seconds left.\n|\n|t:|1738057272\n|switch|p1a: Deedeeni|Indeedee-F, L50, F|100\/100\n|-fieldstart|move: Psychic Terrain|[from] ability: Psychic Surge|[of] p1a: Deedeeni\n|-enditem|p1a: Deedeeni|Psychic Seed\n|-boost|p1a: Deedeeni|spd|1|[from] item: Psychic Seed\n|switch|p2a: Pelipper|Pelipper, L50, F|78\/100\n|-weather|RainDance|[from] ability: Drizzle|[of] p2a: Pelipper\n|move|p1b: Iron Crown|Expanding Force|p2a: Pelipper|[spread] p2a,p2b\n|-resisted|p2b: Calyrex\n|-damage|p2a: Pelipper|0 fnt\n|-damage|p2b: Calyrex|77\/100\n|faint|p2a: Pelipper\n|move|p2b: Calyrex|High Horsepower|p1b: Iron Crown\n|-supereffective|p1b: Iron Crown\n|-damage|p1b: Iron Crown|4\/100\n|\n|-weather|RainDance|[upkeep]\n|upkeep\n|\n|t:|1738057289\n|switch|p2a: Rillaboom|Rillaboom, L50, F|48\/100\n|-fieldstart|move: Grassy Terrain|[from] ability: Grassy Surge|[of] p2a: Rillaboom\n|turn|4\n|\n|t:|1738057306\n|-terastallize|p2b: Calyrex|Normal\n|move|p1b: Iron Crown|Protect|p1b: Iron Crown\n|-singleturn|p1b: Iron Crown|Protect\n|move|p2a: Rillaboom|Fake Out|p1a: Deedeeni\n|-damage|p1a: Deedeeni|88\/100\n|cant|p1a: Deedeeni|flinch\n|move|p2b: Calyrex|Glacial Lance|p1a: Deedeeni|[spread] p1a\n|-activate|p1b: Iron Crown|move: Protect\n|-damage|p1a: Deedeeni|29\/100\n|\n|-weather|RainDance|[upkeep]\n|-heal|p1b: Iron Crown|10\/100|[from] Grassy Terrain\n|-heal|p2a: Rillaboom|53\/100|[from] Grassy Terrain\n|-heal|p1a: Deedeeni|35\/100|[from] Grassy Terrain\n|-heal|p2b: Calyrex|83\/100|[from] Grassy Terrain\n|upkeep\n|turn|5\n|inactive|Onemagician4496 has 30 seconds left.\n|inactive|Onemagician4496 has 20 seconds left.\n|\n|t:|1738057342\n|move|p1a: Deedeeni|Follow Me|p1a: Deedeeni\n|-singleturn|p1a: Deedeeni|move: Follow Me\n|move|p2a: Rillaboom|Grassy Glide|p1a: Deedeeni\n|-damage|p1a: Deedeeni|4\/100\n|move|p1b: Iron Crown|Tachyon Cutter|p2a: Rillaboom\n|-damage|p2a: Rillaboom|30\/100\n|-damage|p2a: Rillaboom|6\/100\n|-hitcount|p2a: Rillaboom|2\n|move|p2b: Calyrex|Glacial Lance|p1b: Iron Crown|[spread] p1a,p1b\n|-resisted|p1b: Iron Crown\n|-damage|p1a: Deedeeni|0 fnt\n|-damage|p1b: Iron Crown|0 fnt\n|faint|p1a: Deedeeni\n|faint|p1b: Iron Crown\n|-end|p1b: Iron Crown|Quark Drive|[silent]\n|-ability|p2b: Calyrex|Chilling Neigh|boost\n|-boost|p2b: Calyrex|atk|2\n|\n|-weather|RainDance|[upkeep]\n|-heal|p2a: Rillaboom|12\/100|[from] Grassy Terrain\n|-heal|p2b: Calyrex|89\/100|[from] Grassy Terrain\n|upkeep\n|\n|t:|1738057357\n|switch|p1b: CoreRaidon|Koraidon, L50|100\/100\n|-weather|SunnyDay|[from] ability: Orichalcum Pulse|[of] p1b: CoreRaidon\n|-activate|p1b: CoreRaidon|Orichalcum Pulse|[source]\n|turn|6\n|\n|t:|1738057371\n|-terastallize|p1b: CoreRaidon|Fire\n|move|p1b: CoreRaidon|Collision Course|p2b: Calyrex\n|-supereffective|p2b: Calyrex\n|-damage|p2b: Calyrex|0 fnt\n|faint|p2b: Calyrex\n|move|p2a: Rillaboom|Wood Hammer|p1b: CoreRaidon\n|-resisted|p1b: CoreRaidon\n|-damage|p1b: CoreRaidon|67\/100\n|-damage|p2a: Rillaboom|1\/100|[from] Recoil\n|\n|-weather|SunnyDay|[upkeep]\n|-heal|p1b: CoreRaidon|73\/100|[from] Grassy Terrain\n|-heal|p2a: Rillaboom|7\/100|[from] Grassy Terrain\n|upkeep\n|turn|7\n|\n|t:|1738057388\n|move|p2a: Rillaboom|Grassy Glide|p1b: CoreRaidon\n|-resisted|p1b: CoreRaidon\n|-damage|p1b: CoreRaidon|58\/100\n|move|p1b: CoreRaidon|Collision Course|p2a: Rillaboom\n|-damage|p2a: Rillaboom|0 fnt\n|faint|p2a: Rillaboom\n|\n|win|Onemagician4496\n|raw|Onemagician4496's rating: 1588 &rarr; <strong>1612<\/strong><br \/>(+24 for winning)\n|raw|Gene10's rating: 1652 &rarr; <strong>1628<\/strong><br \/>(-24 for losing)\n|l|\u2606Gene10\n|player|p2|\n|l|\u2606Onemagician4496\n|player|p1|\n","uploadtime":1738057570,"views":13,"formatid":"gen9vgc2025regg","rating":1612,"private":0,"password":null}