{"id":"gen9vgc2025regg-2289139329","format":"[Gen 9] VGC 2025 Reg G","players":["Lightoz","Ellvey96"],"log":"|j|\u2606Lightoz\n|j|\u2606Ellvey96\n|t:|1737985260\n|gametype|doubles\n|player|p1|Lightoz|blue-gen2|1578\n|player|p2|Ellvey96|guitarist|1507\n|teamsize|p1|6\n|teamsize|p2|6\n|gen|9\n|tier|[Gen 9] VGC 2025 Reg G\n|rated|\n|rule|Species Clause: Limit one of each Pok\u00e9mon\n|rule|Item Clause: Limit 1 of each item\n|clearpoke\n|poke|p1|Calyrex-Ice, L50|\n|poke|p1|Raging Bolt, L50|\n|poke|p1|Urshifu-*, L50, F|\n|poke|p1|Farigiraf, L50, M|\n|poke|p1|Rillaboom, L50, F|\n|poke|p1|Amoonguss, L50, M|\n|poke|p2|Lunala, L50|\n|poke|p2|Comfey, L50, M|\n|poke|p2|Rillaboom, L50, F|\n|poke|p2|Incineroar, L50, M|\n|poke|p2|Grimmsnarl, L50, M|\n|poke|p2|Pelipper, L50, M|\n|teampreview|4\n|\n|t:|1737985315\n|start\n|switch|p1a: Calyrex|Calyrex-Ice, L50|100\/100\n|switch|p1b: Urshifu|Urshifu-Rapid-Strike, L50, F|100\/100\n|switch|p2a: Comfey|Comfey, L50, M|100\/100\n|switch|p2b: Grimmsnarl|Grimmsnarl, L50, M|100\/100\n|-ability|p1a: Calyrex|As One\n|-ability|p1a: Calyrex|Unnerve\n|turn|1\n|\n|t:|1737985351\n|switch|p1b: Amoonguss|Amoonguss, L50, M, shiny|100\/100\n|switch|p2a: Incineroar|Incineroar, L50, M|100\/100\n|-ability|p2a: Incineroar|Intimidate|boost\n|-fail|p1a: Calyrex|unboost|[from] item: Clear Amulet|[of] p1a: Calyrex\n|-unboost|p1b: Amoonguss|atk|1\n|-terastallize|p1a: Calyrex|Fire\n|move|p2b: Grimmsnarl|Reflect|p2b: Grimmsnarl\n|-sidestart|p2: Ellvey96|Reflect\n|move|p1a: Calyrex|Glacial Lance|p2b: Grimmsnarl|[spread] p2a,p2b\n|-resisted|p2a: Incineroar\n|-damage|p2a: Incineroar|83\/100\n|-damage|p2b: Grimmsnarl|62\/100\n|\n|upkeep\n|turn|2\n|\n|t:|1737985376\n|switch|p1a: Urshifu|Urshifu-Rapid-Strike, L50, F|100\/100\n|move|p2a: Incineroar|Fake Out|p1b: Amoonguss\n|-damage|p1b: Amoonguss|92\/100\n|-damage|p2a: Incineroar|66\/100|[from] item: Rocky Helmet|[of] p1b: Amoonguss\n|move|p2b: Grimmsnarl|Thunder Wave|p1a: Urshifu\n|-status|p1a: Urshifu|par\n|cant|p1b: Amoonguss|flinch\n|\n|upkeep\n|turn|3\n|\n|t:|1737985388\n|switch|p2a: Comfey|Comfey, L50, M|100\/100\n|move|p2b: Grimmsnarl|Thunder Wave|p1b: Amoonguss\n|-status|p1b: Amoonguss|par\n|cant|p1a: Urshifu|par\n|move|p1b: Amoonguss|Spore|p2b: Grimmsnarl\n|-status|p2b: Grimmsnarl|slp|[from] move: Spore\n|\n|upkeep\n|turn|4\n|\n|t:|1737985400\n|switch|p2b: Lunala|Lunala, L50|100\/100\n|switch|p1a: Calyrex|Calyrex-Ice, L50, tera:Fire|100\/100\n|-ability|p1a: Calyrex|As One\n|-ability|p1a: Calyrex|Unnerve\n|move|p2a: Comfey|Taunt|p1b: Amoonguss\n|-start|p1b: Amoonguss|move: Taunt\n|cant|p1b: Amoonguss|move: Taunt|Spore\n|\n|upkeep\n|turn|5\n|\n|t:|1737985417\n|switch|p2a: Incineroar|Incineroar, L50, M|66\/100\n|-ability|p2a: Incineroar|Intimidate|boost\n|-fail|p1a: Calyrex|unboost|[from] item: Clear Amulet|[of] p1a: Calyrex\n|-unboost|p1b: Amoonguss|atk|1\n|switch|p1b: Farigiraf|Farigiraf, L50, M|100\/100\n|move|p1a: Calyrex|Protect|p1a: Calyrex\n|-singleturn|p1a: Calyrex|Protect\n|move|p2b: Lunala|Calm Mind|p2b: Lunala\n|-boost|p2b: Lunala|spa|1\n|-boost|p2b: Lunala|spd|1\n|\n|upkeep\n|turn|6\n|\n|t:|1737985435\n|-terastallize|p2b: Lunala|Fairy\n|move|p2b: Lunala|Calm Mind|p2b: Lunala\n|-boost|p2b: Lunala|spa|1\n|-boost|p2b: Lunala|spd|1\n|move|p2a: Incineroar|Knock Off|p1a: Calyrex\n|-damage|p1a: Calyrex|77\/100\n|-enditem|p1a: Calyrex|Clear Amulet|[from] move: Knock Off|[of] p2a: Incineroar\n|move|p1a: Calyrex|Glacial Lance|p2b: Lunala|[spread] p2a,p2b\n|-resisted|p2a: Incineroar\n|-damage|p2a: Incineroar|47\/100\n|-damage|p2b: Lunala|85\/100\n|move|p1b: Farigiraf|Trick Room|p1b: Farigiraf\n|-fieldstart|move: Trick Room|[of] p1b: Farigiraf\n|\n|-heal|p2b: Lunala|91\/100|[from] item: Leftovers\n|upkeep\n|turn|7\n|\n|t:|1737985455\n|switch|p1b: Amoonguss|Amoonguss, L50, M, shiny|100\/100 par\n|switch|p2a: Grimmsnarl|Grimmsnarl, L50, M|62\/100 slp\n|move|p1a: Calyrex|Protect|p1a: Calyrex\n|-singleturn|p1a: Calyrex|Protect\n|move|p2b: Lunala|Moongeist Beam|p1a: Calyrex\n|-activate|p1a: Calyrex|move: Protect\n|\n|-heal|p2b: Lunala|98\/100|[from] item: Leftovers\n|upkeep\n|turn|8\n|\n|t:|1737985482\n|switch|p2a: Incineroar|Incineroar, L50, M|47\/100\n|-ability|p2a: Incineroar|Intimidate|boost\n|-unboost|p1a: Calyrex|atk|1\n|-unboost|p1b: Amoonguss|atk|1\n|move|p1b: Amoonguss|Spore|p2b: Lunala\n|-status|p2b: Lunala|slp|[from] move: Spore\n|move|p1a: Calyrex|Glacial Lance|p2b: Lunala|[spread] p2a,p2b\n|-resisted|p2a: Incineroar\n|-damage|p2a: Incineroar|35\/100\n|-damage|p2b: Lunala|78\/100 slp\n|cant|p2b: Lunala|slp\n|\n|-heal|p2b: Lunala|85\/100 slp|[from] item: Leftovers\n|-sideend|p2: Ellvey96|Reflect\n|upkeep\n|turn|9\n|\n|t:|1737985498\n|-curestatus|p2b: Lunala|slp|[msg]\n|move|p2b: Lunala|Protect|p2b: Lunala\n|-singleturn|p2b: Lunala|Protect\n|move|p1b: Amoonguss|Clear Smog|p2b: Lunala\n|-activate|p2b: Lunala|move: Protect\n|move|p1a: Calyrex|High Horsepower|p2a: Incineroar\n|-supereffective|p2a: Incineroar\n|-damage|p2a: Incineroar|0 fnt\n|faint|p2a: Incineroar\n|-ability|p1a: Calyrex|Chilling Neigh|boost\n|-boost|p1a: Calyrex|atk|1\n|\n|-heal|p2b: Lunala|91\/100|[from] item: Leftovers\n|upkeep\n|\n|t:|1737985512\n|switch|p2a: Comfey|Comfey, L50, M|100\/100\n|turn|10\n|\n|t:|1737985518\n|move|p2a: Comfey|Protect|p2a: Comfey\n|-singleturn|p2a: Comfey|Protect\n|move|p1b: Amoonguss|Spore|p2b: Lunala\n|-status|p2b: Lunala|slp|[from] move: Spore\n|move|p1a: Calyrex|Glacial Lance|p2b: Lunala|[spread] p2b\n|-activate|p2a: Comfey|move: Protect\n|-damage|p2b: Lunala|48\/100 slp\n|cant|p2b: Lunala|slp\n|\n|-heal|p2b: Lunala|54\/100 slp|[from] item: Leftovers\n|-fieldend|move: Trick Room\n|upkeep\n|turn|11\n|\n|t:|1737985535\n|move|p2a: Comfey|Floral Healing|p2b: Lunala\n|-heal|p2b: Lunala|100\/100 slp\n|-curestatus|p2b: Lunala|slp|[msg]\n|move|p2b: Lunala|Moongeist Beam|p1a: Calyrex\n|-damage|p1a: Calyrex|12\/100\n|move|p1a: Calyrex|Glacial Lance|p2b: Lunala|[spread] p2a,p2b\n|-damage|p2a: Comfey|45\/100\n|-damage|p2b: Lunala|80\/100\n|cant|p1b: Amoonguss|par\n|\n|-heal|p2b: Lunala|86\/100|[from] item: Leftovers\n|upkeep\n|turn|12\n|\n|t:|1737985560\n|switch|p1a: Farigiraf|Farigiraf, L50, M|100\/100\n|move|p2b: Lunala|Moongeist Beam|p1b: Amoonguss\n|-damage|p1b: Amoonguss|0 fnt\n|faint|p1b: Amoonguss\n|move|p2a: Comfey|Taunt|p1a: Farigiraf\n|-start|p1a: Farigiraf|move: Taunt\n|\n|-heal|p2b: Lunala|93\/100|[from] item: Leftovers\n|upkeep\n|-message|Lightoz forfeited.\n|\n|win|Ellvey96\n|raw|Lightoz's rating: 1578 &rarr; <strong>1554<\/strong><br \/>(-24 for losing)\n|raw|Ellvey96's rating: 1507 &rarr; <strong>1531<\/strong><br \/>(+24 for winning)\n|l|\u2606Lightoz\n|player|p1|\n|l|\u2606Ellvey96\n|player|p2|\n","uploadtime":1737985738,"views":5,"formatid":"gen9vgc2025regg","rating":1531,"private":0,"password":null}