{"id":"gen9vgc2025regg-2289993438","format":"[Gen 9] VGC 2025 Reg G","players":["PritzShow","give-upVGC"],"log":"|j|\u2606PritzShow\n|j|\u2606give-upVGC\n|t:|1738088455\n|gametype|doubles\n|player|p1|PritzShow|2|1590\n|player|p2|give-upVGC|266|1546\n|teamsize|p1|6\n|teamsize|p2|6\n|gen|9\n|tier|[Gen 9] VGC 2025 Reg G\n|rated|\n|rule|Species Clause: Limit one of each Pok\u00e9mon\n|rule|Item Clause: Limit 1 of each item\n|clearpoke\n|poke|p1|Zacian-*, L50|\n|poke|p1|Rillaboom, L50, F|\n|poke|p1|Incineroar, L50, M|\n|poke|p1|Farigiraf, L50, F|\n|poke|p1|Landorus-Therian, L50, M|\n|poke|p1|Raging Bolt, L50|\n|poke|p2|Ogerpon-Hearthflame, L50, F|\n|poke|p2|Roaring Moon, L50|\n|poke|p2|Calyrex-Ice, L50|\n|poke|p2|Landorus, L50, M|\n|poke|p2|Urshifu-*, L50, M|\n|poke|p2|Smeargle, L50, M|\n|teampreview|4\n|inactive|Battle timer is ON: inactive players will automatically lose when time's up. (requested by PritzShow)\n|inactive|give-upVGC has 60 seconds left.\n|\n|t:|1738088500\n|start\n|switch|p1a: Landorus|Landorus-Therian, L50, M|100\/100\n|switch|p1b: Zacian|Zacian, L50|100\/100\n|switch|p2a: Roaring Moon|Roaring Moon, L50|100\/100\n|switch|p2b: Landorus|Landorus, L50, M|100\/100\n|-ability|p1a: Landorus|Intimidate|boost\n|-unboost|p2a: Roaring Moon|atk|1\n|-unboost|p2b: Landorus|atk|1\n|-ability|p1b: Zacian|Intrepid Sword|boost\n|-boost|p1b: Zacian|atk|1\n|-enditem|p2a: Roaring Moon|Booster Energy\n|-activate|p2a: Roaring Moon|ability: Protosynthesis|[fromitem]\n|-start|p2a: Roaring Moon|protosynthesisspe\n|turn|1\n|inactive|give-upVGC has 30 seconds left.\n|\n|t:|1738088525\n|move|p1b: Zacian|Protect|p1b: Zacian\n|-singleturn|p1b: Zacian|Protect\n|move|p2a: Roaring Moon|Tailwind|p2a: Roaring Moon\n|-sidestart|p2: give-upVGC|move: Tailwind\n|move|p2b: Landorus|Earth Power|p1b: Zacian\n|-activate|p1b: Zacian|move: Protect\n|move|p1a: Landorus|U-turn|p2a: Roaring Moon\n|-supereffective|p2a: Roaring Moon\n|-damage|p2a: Roaring Moon|49\/100\n|\n|t:|1738088531\n|switch|p1a: Incineroar|Incineroar, L50, M|100\/100|[from] U-turn\n|-ability|p1a: Incineroar|Intimidate|boost\n|-unboost|p2a: Roaring Moon|atk|1\n|-unboost|p2b: Landorus|atk|1\n|\n|upkeep\n|turn|2\n|\n|t:|1738088548\n|-end|p2a: Roaring Moon|Protosynthesis|[silent]\n|switch|p2a: Ogerpon|Ogerpon-Hearthflame, L50, F|100\/100\n|-ability|p2a: Ogerpon|Mold Breaker\n|move|p2b: Landorus|Protect|p2b: Landorus\n|-singleturn|p2b: Landorus|Protect\n|move|p1a: Incineroar|Fake Out|p2b: Landorus\n|-activate|p2b: Landorus|move: Protect\n|move|p1b: Zacian|Substitute|p1b: Zacian\n|-start|p1b: Zacian|Substitute\n|-damage|p1b: Zacian|75\/100\n|\n|upkeep\n|turn|3\n|\n|t:|1738088569\n|switch|p1a: Landorus|Landorus-Therian, L50, M|100\/100\n|-ability|p1a: Landorus|Intimidate|boost\n|-unboost|p2a: Ogerpon|atk|1\n|-unboost|p2b: Landorus|atk|1\n|-terastallize|p2a: Ogerpon|Fire\n|detailschange|p2a: Ogerpon|Ogerpon-Hearthflame-Tera, L50, F, tera:Fire\n|-ability|p2a: Ogerpon|Embody Aspect (Hearthflame)|boost\n|-boost|p2a: Ogerpon|atk|1\n|move|p1b: Zacian|Protect|p1b: Zacian\n|-singleturn|p1b: Zacian|Protect\n|move|p2b: Landorus|Sandsear Storm|p1b: Zacian|[spread] \n|-activate|p1b: Zacian|move: Protect\n|-immune|p1a: Landorus\n|move|p2a: Ogerpon|Ivy Cudgel|p1b: Zacian|[anim] Ivy Cudgel Fire\n|-activate|p1b: Zacian|move: Protect\n|\n|upkeep\n|turn|4\n|inactive|PritzShow has 30 seconds left.\n|\n|t:|1738088597\n|move|p2b: Landorus|Sandsear Storm|p1a: Landorus|[spread] p1b\n|-immune|p1a: Landorus\n|-end|p1b: Zacian|Substitute\n|move|p2a: Ogerpon|Ivy Cudgel|p1b: Zacian|[anim] Ivy Cudgel Fire\n|-damage|p1b: Zacian|15\/100\n|move|p1a: Landorus|Stomping Tantrum|p2a: Ogerpon\n|-supereffective|p2a: Ogerpon\n|-damage|p2a: Ogerpon|37\/100\n|move|p1b: Zacian|Play Rough|p2b: Landorus\n|-damage|p2b: Landorus|36\/100\n|\n|-sideend|p2: give-upVGC|move: Tailwind\n|upkeep\n|turn|5\n|\n|t:|1738088616\n|move|p1a: Landorus|Stomping Tantrum|p2a: Ogerpon\n|-supereffective|p2a: Ogerpon\n|-damage|p2a: Ogerpon|0 fnt\n|faint|p2a: Ogerpon\n|move|p1b: Zacian|Play Rough|p2b: Landorus|[miss]\n|-miss|p1b: Zacian|p2b: Landorus\n|move|p2b: Landorus|Earth Power|p1b: Zacian\n|-damage|p1b: Zacian|0 fnt\n|faint|p1b: Zacian\n|\n|upkeep\n|c|\u2606PritzShow|lmao zacian you lown\n|c|\u2606PritzShow|clown*\n|\n|t:|1738088629\n|switch|p1b: Incineroar|Incineroar, L50, M|100\/100\n|switch|p2a: Calyrex|Calyrex-Ice, L50|100\/100\n|-ability|p2a: Calyrex|As One\n|-ability|p2a: Calyrex|Unnerve\n|-ability|p1b: Incineroar|Intimidate|boost\n|-unboost|p2a: Calyrex|atk|1\n|-unboost|p2b: Landorus|atk|1\n|turn|6\n|\n|t:|1738088647\n|switch|p1a: Farigiraf|Farigiraf, L50, F|100\/100\n|move|p1b: Incineroar|Fake Out|p2b: Landorus\n|-damage|p2b: Landorus|25\/100\n|cant|p2b: Landorus|flinch\n|move|p2a: Calyrex|Glacial Lance|p1a: Farigiraf|[spread] p1a,p1b\n|-resisted|p1b: Incineroar\n|-damage|p1a: Farigiraf|69\/100\n|-damage|p1b: Incineroar|83\/100\n|\n|upkeep\n|turn|7\n|inactive|give-upVGC has 30 seconds left.\n|\n|t:|1738088678\n|move|p2b: Landorus|Earth Power|p1a: Farigiraf\n|-damage|p1a: Farigiraf|0 fnt\n|faint|p1a: Farigiraf\n|move|p2a: Calyrex|Glacial Lance|p1b: Incineroar\n|-resisted|p1b: Incineroar\n|-damage|p1b: Incineroar|61\/100\n|move|p1b: Incineroar|Knock Off|p2a: Calyrex\n|-supereffective|p2a: Calyrex\n|-damage|p2a: Calyrex|59\/100\n|-enditem|p2a: Calyrex|Sitrus Berry|[from] move: Knock Off|[of] p1b: Incineroar\n|\n|upkeep\n|\n|t:|1738088682\n|switch|p1a: Landorus|Landorus-Therian, L50, M|100\/100\n|-ability|p1a: Landorus|Intimidate|boost\n|-unboost|p2a: Calyrex|atk|1\n|-unboost|p2b: Landorus|atk|1\n|turn|8\n|\n|t:|1738088697\n|-terastallize|p1a: Landorus|Flying\n|move|p1a: Landorus|Tera Blast|p2b: Landorus|[anim] Tera Blast Flying\n|-damage|p2b: Landorus|0 fnt\n|faint|p2b: Landorus\n|move|p2a: Calyrex|Glacial Lance|p1a: Landorus|[spread] p1a,p1b\n|-supereffective|p1a: Landorus\n|-resisted|p1b: Incineroar\n|-damage|p1a: Landorus|35\/100\n|-damage|p1b: Incineroar|50\/100\n|move|p1b: Incineroar|Will-O-Wisp|p2a: Calyrex|[miss]\n|-miss|p1b: Incineroar|p2a: Calyrex\n|\n|upkeep\n|\n|t:|1738088706\n|switch|p2b: Roaring Moon|Roaring Moon, L50|49\/100\n|turn|9\n|\n|t:|1738088713\n|move|p1a: Landorus|Tera Blast|p2a: Calyrex|[anim] Tera Blast Flying\n|-damage|p2a: Calyrex|24\/100\n|move|p2b: Roaring Moon|Tailwind|p2b: Roaring Moon\n|-sidestart|p2: give-upVGC|move: Tailwind\n|move|p2a: Calyrex|Glacial Lance|p1a: Landorus|[spread] p1a,p1b\n|-supereffective|p1a: Landorus\n|-resisted|p1b: Incineroar\n|-damage|p1a: Landorus|0 fnt\n|-damage|p1b: Incineroar|37\/100\n|faint|p1a: Landorus\n|-ability|p2a: Calyrex|Chilling Neigh|boost\n|-boost|p2a: Calyrex|atk|1\n|move|p1b: Incineroar|Will-O-Wisp|p2b: Roaring Moon\n|-status|p2b: Roaring Moon|brn\n|\n|-damage|p2b: Roaring Moon|43\/100 brn|[from] brn\n|upkeep\n|turn|10\n|c|\u2606PritzShow|brutal acc this game gg\n|-message|PritzShow forfeited.\n|\n|win|give-upVGC\n|raw|PritzShow's rating: 1590 &rarr; <strong>1567<\/strong><br \/>(-23 for losing)\n|raw|give-upVGC's rating: 1546 &rarr; <strong>1569<\/strong><br \/>(+23 for winning)\n|l|\u2606give-upVGC\n|player|p2|\n|j|\u2606give-upVGC\n|player|p2|give-upVGC|266|\n","uploadtime":1738088869,"views":8,"formatid":"gen9vgc2025regg","rating":1567,"private":0,"password":null}