{"id":"gen9vgc2025regg-2289223551","format":"[Gen 9] VGC 2025 Reg G","players":["Yung Trav","meiose"],"log":"|j|\u2606Yung Trav\n|j|\u2606meiose\n|t:|1737994375\n|gametype|doubles\n|player|p1|Yung Trav|265|1653\n|player|p2|meiose|schoolkid-gen4|1730\n|teamsize|p1|6\n|teamsize|p2|6\n|gen|9\n|tier|[Gen 9] VGC 2025 Reg G\n|rated|\n|rule|Species Clause: Limit one of each Pok\u00e9mon\n|rule|Item Clause: Limit 1 of each item\n|clearpoke\n|poke|p1|Calyrex-Ice, L50|\n|poke|p1|Regidrago, L50|\n|poke|p1|Smeargle, L50, M|\n|poke|p1|Farigiraf, L50, M|\n|poke|p1|Urshifu-*, L50, M|\n|poke|p1|Ogerpon-Cornerstone, L50, F|\n|poke|p2|Zamazenta-*, L50|\n|poke|p2|Chien-Pao, L50|\n|poke|p2|Urshifu-*, L50, F|\n|poke|p2|Ogerpon-Hearthflame, L50, F|\n|poke|p2|Raging Bolt, L50|\n|poke|p2|Landorus, L50, M|\n|teampreview|4\n|inactive|Battle timer is ON: inactive players will automatically lose when time's up. (requested by Yung Trav)\n|j| mentalrofl\n|j| Triple20\n|inactive|meiose has 60 seconds left.\n|\n|t:|1737994508\n|start\n|switch|p1a: Calyrex|Calyrex-Ice, L50|100\/100\n|switch|p1b: Smeargle|Smeargle, L50, M, shiny|100\/100\n|switch|p2a: Urshifu|Urshifu, L50, F|100\/100\n|switch|p2b: Zamazenta|Zamazenta-Crowned, L50|100\/100\n|-ability|p1a: Calyrex|As One\n|-ability|p1a: Calyrex|Unnerve\n|-ability|p2b: Zamazenta|Dauntless Shield|boost\n|-boost|p2b: Zamazenta|def|1\n|turn|1\n|\n|t:|1737994528\n|-terastallize|p1a: Calyrex|Water\n|move|p1b: Smeargle|Fake Out|p2b: Zamazenta\n|-resisted|p2b: Zamazenta\n|-damage|p2b: Zamazenta|99\/100\n|cant|p2b: Zamazenta|flinch\n|move|p2a: Urshifu|Wicked Blow|p1a: Calyrex\n|-crit|p1a: Calyrex\n|-damage|p1a: Calyrex|59\/100\n|move|p1a: Calyrex|Trick Room|p1a: Calyrex\n|-fieldstart|move: Trick Room|[of] p1a: Calyrex\n|\n|upkeep\n|turn|2\n|inactive|Yung Trav has 30 seconds left.\n|inactive|meiose has 30 seconds left.\n|inactive|meiose has 20 seconds left.\n|inactive|meiose has 15 seconds left.\n|\n|t:|1737994573\n|-terastallize|p2b: Zamazenta|Grass\n|move|p1b: Smeargle|Decorate|p1a: Calyrex\n|-boost|p1a: Calyrex|atk|2\n|-boost|p1a: Calyrex|spa|2\n|move|p1a: Calyrex|High Horsepower|p2b: Zamazenta\n|-resisted|p2b: Zamazenta\n|-damage|p2b: Zamazenta|83\/100\n|move|p2a: Urshifu|Wicked Blow|p1a: Calyrex\n|-crit|p1a: Calyrex\n|-damage|p1a: Calyrex|19\/100\n|move|p2b: Zamazenta|Body Press|p1a: Calyrex\n|-damage|p1a: Calyrex|0 fnt\n|faint|p1a: Calyrex\n|\n|upkeep\n|\n|t:|1737994592\n|switch|p1a: Regidrago|Regidrago, L50, shiny|100\/100\n|turn|3\n|j| BionicFox\n|inactive|meiose has 30 seconds left.\n|inactive|meiose has 20 seconds left.\n|\n|t:|1737994627\n|move|p1a: Regidrago|Dragon Energy|p2b: Zamazenta|[spread] p2a,p2b\n|-damage|p2a: Urshifu|0 fnt\n|-damage|p2b: Zamazenta|23\/100\n|faint|p2a: Urshifu\n|move|p1b: Smeargle|Spore|p2b: Zamazenta\n|-immune|p2b: Zamazenta\n|move|p2b: Zamazenta|Body Press|p1a: Regidrago\n|-damage|p1a: Regidrago|43\/100\n|\n|upkeep\n|\n|t:|1737994633\n|switch|p2a: Chien-Pao|Chien-Pao, L50|100\/100\n|-ability|p2a: Chien-Pao|Sword of Ruin\n|turn|4\n|\n|t:|1737994649\n|move|p2b: Zamazenta|Wide Guard|p2b: Zamazenta\n|-singleturn|p2b: Zamazenta|Wide Guard\n|move|p1a: Regidrago|Draco Meteor|p2b: Zamazenta\n|-damage|p2b: Zamazenta|0 fnt\n|-unboost|p1a: Regidrago|spa|2\n|faint|p2b: Zamazenta\n|move|p1b: Smeargle|Spore|p2a: Chien-Pao\n|-status|p2a: Chien-Pao|slp|[from] move: Spore\n|cant|p2a: Chien-Pao|slp\n|\n|upkeep\n|\n|t:|1737994652\n|switch|p2b: Raging Bolt|Raging Bolt, L50|100\/100\n|turn|5\n|inactive|Yung Trav has 30 seconds left.\n|\n|t:|1737994685\n|cant|p2a: Chien-Pao|slp\n|move|p1a: Regidrago|Draco Meteor|p2a: Chien-Pao\n|-crit|p2a: Chien-Pao\n|-enditem|p2a: Chien-Pao|Focus Sash\n|-damage|p2a: Chien-Pao|1\/100 slp\n|-unboost|p1a: Regidrago|spa|2\n|move|p1b: Smeargle|Spore|p2b: Raging Bolt\n|-status|p2b: Raging Bolt|slp|[from] move: Spore\n|cant|p2b: Raging Bolt|slp\n|\n|-fieldend|move: Trick Room\n|upkeep\n|turn|6\n|\n|t:|1737994710\n|-curestatus|p2a: Chien-Pao|slp|[msg]\n|move|p2a: Chien-Pao|Sucker Punch|p1a: Regidrago\n|-damage|p1a: Regidrago|7\/100\n|-curestatus|p2b: Raging Bolt|slp|[msg]\n|move|p2b: Raging Bolt|Thunderbolt|p1b: Smeargle\n|-damage|p1b: Smeargle|7\/100\n|move|p1b: Smeargle|Decorate|p1a: Regidrago\n|-boost|p1a: Regidrago|atk|2\n|-boost|p1a: Regidrago|spa|2\n|move|p1a: Regidrago|Draco Meteor|p2b: Raging Bolt\n|-supereffective|p2b: Raging Bolt\n|-damage|p2b: Raging Bolt|49\/100\n|-unboost|p1a: Regidrago|spa|2\n|\n|upkeep\n|turn|7\n|inactive|Yung Trav has 30 seconds left.\n|inactive|meiose has 30 seconds left.\n|inactive|Yung Trav has 20 seconds left.\n|\n|t:|1737994748\n|move|p1b: Smeargle|Follow Me|p1b: Smeargle\n|-singleturn|p1b: Smeargle|move: Follow Me\n|move|p2a: Chien-Pao|Ice Spinner|p1b: Smeargle\n|-damage|p1b: Smeargle|0 fnt\n|faint|p1b: Smeargle\n|move|p2b: Raging Bolt|Thunderbolt|p1a: Regidrago\n|-resisted|p1a: Regidrago\n|-damage|p1a: Regidrago|0 fnt\n|faint|p1a: Regidrago\n|\n|upkeep\n|-message|Yung Trav forfeited.\n|\n|win|meiose\n|raw|Yung Trav's rating: 1653 &rarr; <strong>1637<\/strong><br \/>(-16 for losing)\n|raw|meiose's rating: 1730 &rarr; <strong>1746<\/strong><br \/>(+16 for winning)\n|l|\u2606Yung Trav\n|player|p1|\n|j|\u2606Yung Trav\n|player|p1|Yung Trav|265|\n|l|\u2606Yung Trav\n|player|p1|\n|l| Triple20\n|l|\u2606meiose\n|player|p2|\n|j| Triple20\n|l| Triple20\n|l| BionicFox\n","uploadtime":1737994762,"views":39,"formatid":"gen9vgc2025regg","rating":1637,"private":0,"password":null}