{"id":"gen9vgc2025regg-2289195621","format":"[Gen 9] VGC 2025 Reg G","players":["actuary97","SubToPenglin"],"log":"|j|\u2606actuary97\n|j|\u2606SubToPenglin\n|t:|1737991542\n|gametype|doubles\n|player|p1|actuary97|sabrina-frlg|1640\n|player|p2|SubToPenglin|lady|1656\n|teamsize|p1|6\n|teamsize|p2|6\n|gen|9\n|tier|[Gen 9] VGC 2025 Reg G\n|rated|\n|rule|Species Clause: Limit one of each Pok\u00e9mon\n|rule|Item Clause: Limit 1 of each item\n|clearpoke\n|poke|p1|Amoonguss, L50, M|\n|poke|p1|Armarouge, L50, M|\n|poke|p1|Whimsicott, L50, M|\n|poke|p1|Kyogre, L50|\n|poke|p1|Archaludon, L50, M|\n|poke|p1|Indeedee-F, L50, F|\n|poke|p2|Comfey, L50, F|\n|poke|p2|Terapagos, L50, M|\n|poke|p2|Tornadus, L50, M|\n|poke|p2|Magmar, L50, F|\n|poke|p2|Landorus, L50, M|\n|poke|p2|Iron Crown, L50|\n|teampreview|4\n|inactive|Battle timer is ON: inactive players will automatically lose when time's up. (requested by SubToPenglin)\nactuary97 has agreed to open team sheets.\nSubToPenglin has agreed to open team sheets.\n|showteam|p1|Amoonguss||RockyHelmet|Regenerator|ClearSmog,PollenPuff,RagePowder,Spore|||M|||50|,,,,,Water]Armarouge||PowerHerb|FlashFire|ExpandingForce,ArmorCannon,MeteorBeam,WideGuard|||M|||50|,,,,,Fairy]Whimsicott||FocusSash|Prankster|BeatUp,Moonblast,Encore,Tailwind|||M|||50|,,,,,Ghost]Kyogre||CovertCloak|Drizzle|OriginPulse,IceBeam,CalmMind,Protect||||||50|,,,,,Grass]Archaludon||AssaultVest|Stamina|ElectroShot,FlashCannon,Snarl,BodyPress|||M|||50|,,,,,Flying]Indeedee-F||PsychicSeed|PsychicSurge|Psychic,HelpingHand,FollowMe,TrickRoom|||F|||50|,,,,,Grass\n|showteam|p2|Comfey||SitrusBerry|Triage|FloralHealing,DrainingKiss,Taunt,Protect|||F|||50|,,,,,Fire]Terapagos||ClearAmulet|TeraShift|CalmMind,Protect,TeraStarstorm,EarthPower|||M|||50|,,,,,Stellar]Tornadus||CovertCloak|Prankster|Taunt,Tailwind,IcyWind,BleakwindStorm|||M|||50|,,,,,Steel]Magmar||Eviolite|FlameBody|FollowMe,WillOWisp,Taunt,Protect|||F|||50|,,,,,Ghost]Landorus||LifeOrb|SheerForce|Protect,SludgeBomb,EarthPower,SandsearStorm|||M|||50|,,,,,Water]Iron Crown||BoosterEnergy|QuarkDrive|TachyonCutter,PsychicNoise,Protect,TeraBlast||||||50|,,,,,Grass\n|inactive|actuary97 has 30 seconds left.\n|inactive|SubToPenglin has 30 seconds left.\n|inactive|actuary97 has 20 seconds left.\n|\n|t:|1737991591\n|start\n|switch|p1a: Whimsicott|Whimsicott, L50, M, shiny|100\/100\n|switch|p1b: Archaludon|Archaludon, L50, M, shiny|100\/100\n|switch|p2a: Tornadus|Tornadus, L50, M|100\/100\n|switch|p2b: Terapagos|Terapagos, L50, M|100\/100\n|-activate|p2b: Terapagos|ability: Tera Shift\n|detailschange|p2b: Terapagos|Terapagos-Terastal, L50, M\n|-heal|p2b: Terapagos|100\/100|[silent]\n|turn|1\n|\n|t:|1737991605\n|move|p2a: Tornadus|Taunt|p1a: Whimsicott\n|-start|p1a: Whimsicott|move: Taunt\n|move|p1a: Whimsicott|Beat Up|p1b: Archaludon\n|-damage|p1b: Archaludon|99\/100\n|-ability|p1b: Archaludon|Stamina|boost\n|-boost|p1b: Archaludon|def|1\n|-damage|p1b: Archaludon|97\/100\n|-ability|p1b: Archaludon|Stamina|boost\n|-boost|p1b: Archaludon|def|1\n|-damage|p1b: Archaludon|96\/100\n|-ability|p1b: Archaludon|Stamina|boost\n|-boost|p1b: Archaludon|def|1\n|-damage|p1b: Archaludon|96\/100\n|-ability|p1b: Archaludon|Stamina|boost\n|-boost|p1b: Archaludon|def|1\n|-hitcount|p1b: Archaludon|4\n|move|p2b: Terapagos|Calm Mind|p2b: Terapagos\n|-boost|p2b: Terapagos|spa|1\n|-boost|p2b: Terapagos|spd|1\n|move|p1b: Archaludon|Body Press|p2b: Terapagos\n|-activate|p2b: Terapagos|ability: Tera Shell\n|-resisted|p2b: Terapagos\n|-damage|p2b: Terapagos|75\/100\n|\n|upkeep\n|turn|2\n|\n|t:|1737991620\n|switch|p1a: Armarouge|Armarouge, L50, M|100\/100\n|-terastallize|p1b: Archaludon|Flying\n|move|p2b: Terapagos|Protect|p2b: Terapagos\n|-singleturn|p2b: Terapagos|Protect\n|move|p2a: Tornadus|Bleakwind Storm|p1b: Archaludon|[spread] p1b\n|-miss|p2a: Tornadus|p1a: Armarouge\n|-damage|p1b: Archaludon|76\/100\n|-ability|p1b: Archaludon|Stamina|boost\n|-boost|p1b: Archaludon|def|1\n|move|p1b: Archaludon|Body Press|p2b: Terapagos\n|-activate|p2b: Terapagos|move: Protect\n|\n|upkeep\n|turn|3\n|\n|t:|1737991635\n|-terastallize|p2b: Terapagos|Stellar\n|detailschange|p2b: Terapagos|Terapagos-Stellar, L50, M, tera:Stellar\n|-heal|p2b: Terapagos|81\/100|[silent]\n|move|p1a: Armarouge|Wide Guard|p1a: Armarouge\n|-singleturn|p1a: Armarouge|Wide Guard\n|move|p2a: Tornadus|Tailwind|p2a: Tornadus\n|-sidestart|p2: SubToPenglin|move: Tailwind\n|move|p2b: Terapagos|Tera Starstorm|p1b: Archaludon|[spread] \n|-activate|p1a: Armarouge|move: Wide Guard\n|-activate|p1b: Archaludon|move: Wide Guard\n|move|p1b: Archaludon|Body Press|p2b: Terapagos\n|-supereffective|p2b: Terapagos\n|-damage|p2b: Terapagos|0 fnt\n|faint|p2b: Terapagos\n|\n|upkeep\n|\n|t:|1737991637\n|switch|p2b: Landorus|Landorus, L50, M|100\/100\n|turn|4\n|\n|t:|1737991657\n|move|p1a: Armarouge|Wide Guard|p1a: Armarouge\n|-singleturn|p1a: Armarouge|Wide Guard\n|move|p2a: Tornadus|Bleakwind Storm|p1b: Archaludon|[spread] \n|-activate|p1a: Armarouge|move: Wide Guard\n|-activate|p1b: Archaludon|move: Wide Guard\n|move|p2b: Landorus|Sludge Bomb|p1b: Archaludon\n|-damage|p1b: Archaludon|45\/100\n|-ability|p1b: Archaludon|Stamina|boost\n|-boost|p1b: Archaludon|def|1\n|move|p1b: Archaludon|Snarl|p2b: Landorus|[spread] p2a,p2b\n|-damage|p2a: Tornadus|84\/100\n|-damage|p2b: Landorus|84\/100\n|-unboost|p2b: Landorus|spa|1\n|\n|upkeep\n|turn|5\n|\n|t:|1737991679\n|move|p1a: Armarouge|Wide Guard|p1a: Armarouge\n|-singleturn|p1a: Armarouge|Wide Guard\n|move|p2a: Tornadus|Taunt|p1a: Armarouge\n|-start|p1a: Armarouge|move: Taunt\n|move|p2b: Landorus|Sludge Bomb|p1b: Archaludon\n|-damage|p1b: Archaludon|22\/100\n|move|p1b: Archaludon|Flash Cannon|p2b: Landorus\n|-damage|p2b: Landorus|31\/100\n|\n|upkeep\n|turn|6\n|\n|t:|1737991694\n|move|p2a: Tornadus|Bleakwind Storm|p1a: Armarouge|[spread] p1a,p1b\n|-damage|p1a: Armarouge|60\/100\n|-damage|p1b: Archaludon|0 fnt\n|faint|p1b: Archaludon\n|move|p2b: Landorus|Earth Power|p1a: Armarouge\n|-supereffective|p1a: Armarouge\n|-crit|p1a: Armarouge\n|-damage|p1a: Armarouge|0 fnt\n|faint|p1a: Armarouge\n|\n|-sideend|p2: SubToPenglin|move: Tailwind\n|upkeep\n|\n|t:|1737991700\n|switch|p1a: Whimsicott|Whimsicott, L50, M, shiny|100\/100\n|switch|p1b: Kyogre|Kyogre, L50, shiny|100\/100\n|-weather|RainDance|[from] ability: Drizzle|[of] p1b: Kyogre\n|turn|7\n|\n|t:|1737991706\n|move|p2b: Landorus|Protect|p2b: Landorus\n|-singleturn|p2b: Landorus|Protect\n|move|p1a: Whimsicott|Tailwind|p1a: Whimsicott\n|-sidestart|p1: actuary97|move: Tailwind\n|move|p1b: Kyogre|Origin Pulse|p2a: Tornadus|[spread] p2a\n|-activate|p2b: Landorus|move: Protect\n|-damage|p2a: Tornadus|0 fnt\n|faint|p2a: Tornadus\n|\n|-weather|RainDance|[upkeep]\n|upkeep\n|\n|t:|1737991712\n|switch|p2a: Comfey|Comfey, L50, F, shiny|100\/100\n|turn|8\n|-message|SubToPenglin forfeited.\n|\n|win|actuary97\n|raw|actuary97's rating: 1640 &rarr; <strong>1662<\/strong><br \/>(+22 for winning)\n|raw|SubToPenglin's rating: 1679 &rarr; <strong>1657<\/strong><br \/>(-22 for losing)\n|l|\u2606SubToPenglin\n|player|p2|\n|l|\u2606actuary97\n|player|p1|\n","uploadtime":1737991864,"views":13,"formatid":"gen9vgc2025regg","rating":1657,"private":0,"password":null}