{"id":"gen9vgc2025regg-2289694842","format":"[Gen 9] VGC 2025 Reg G","players":["ZTMY ENCORE","cobalt_poke"],"log":"|j|\u2606ZTMY ENCORE\n|j|\u2606cobalt_poke\n|t:|1738051275\n|gametype|doubles\n|player|p1|ZTMY ENCORE|265|1646\n|player|p2|cobalt_poke|102|1563\n|teamsize|p1|6\n|teamsize|p2|6\n|gen|9\n|tier|[Gen 9] VGC 2025 Reg G\n|rated|\n|rule|Species Clause: Limit one of each Pok\u00e9mon\n|rule|Item Clause: Limit 1 of each item\n|clearpoke\n|poke|p1|Terapagos, L50, M|\n|poke|p1|Smeargle, L50, M|\n|poke|p1|Tornadus, L50, M|\n|poke|p1|Ogerpon-Hearthflame, L50, F|\n|poke|p1|Iron Hands, L50|\n|poke|p1|Urshifu-*, L50, F|\n|poke|p2|Weezing-Galar, L50, M|\n|poke|p2|Calyrex-Shadow, L50|\n|poke|p2|Dondozo, L50, F|\n|poke|p2|Tatsugiri, L50, M|\n|poke|p2|Incineroar, L50, F|\n|poke|p2|Roaring Moon, L50|\n|teampreview|4\n|\n|t:|1738051296\n|start\n|switch|p1a: Terapagos|Terapagos, L50, M|100\/100\n|switch|p1b: Smeargle|Smeargle, L50, M|100\/100\n|switch|p2a: Roaring Moon|Roaring Moon, L50|100\/100\n|switch|p2b: Weezing|Weezing-Galar, L50, M|100\/100\n|-activate|p1a: Terapagos|ability: Tera Shift\n|detailschange|p1a: Terapagos|Terapagos-Terastal, L50, M\n|-heal|p1a: Terapagos|100\/100|[silent]\n|-ability|p2b: Weezing|Neutralizing Gas\n|turn|1\n|inactive|Battle timer is ON: inactive players will automatically lose when time's up. (requested by cobalt_poke)\n|\n|t:|1738051321\n|-terastallize|p1a: Terapagos|Stellar\n|detailschange|p1a: Terapagos|Terapagos-Stellar, L50, M, tera:Stellar\n|-heal|p1a: Terapagos|100\/100|[silent]\n|move|p2a: Roaring Moon|Snarl|p1a: Terapagos|[spread] p1a,p1b\n|-damage|p1a: Terapagos|95\/100\n|-damage|p1b: Smeargle|81\/100\n|-unboost|p1a: Terapagos|spa|1\n|-unboost|p1b: Smeargle|spa|1\n|move|p1b: Smeargle|Decorate|p1a: Terapagos\n|-boost|p1a: Terapagos|atk|2\n|-boost|p1a: Terapagos|spa|2\n|move|p1a: Terapagos|Tera Starstorm|p2b: Weezing|[spread] p2a,p2b\n|-damage|p2a: Roaring Moon|40\/100\n|-damage|p2b: Weezing|17\/100\n|-enditem|p2b: Weezing|Sitrus Berry|[eat]\n|-heal|p2b: Weezing|42\/100|[from] item: Sitrus Berry\n|move|p2b: Weezing|Poison Gas|p1a: Terapagos|[spread] p1a,p1b\n|-status|p1a: Terapagos|psn\n|-status|p1b: Smeargle|psn\n|\n|-damage|p1b: Smeargle|69\/100 psn|[from] psn\n|-damage|p1a: Terapagos|83\/100 psn|[from] psn\n|upkeep\n|turn|2\n|inactive|ZTMY ENCORE has 30 seconds left.\n|inactive|cobalt_poke has 30 seconds left.\n|\n|t:|1738051350\n|move|p2b: Weezing|Protect|p2b: Weezing\n|-singleturn|p2b: Weezing|Protect\n|move|p2a: Roaring Moon|Knock Off|p1a: Terapagos\n|-damage|p1a: Terapagos|43\/100 psn\n|-enditem|p1a: Terapagos|Choice Specs|[from] move: Knock Off|[of] p2a: Roaring Moon\n|move|p1b: Smeargle|Decorate|p1a: Terapagos\n|-boost|p1a: Terapagos|atk|2\n|-boost|p1a: Terapagos|spa|2\n|move|p1a: Terapagos|Tera Starstorm|p2a: Roaring Moon|[spread] p2a\n|-activate|p2b: Weezing|move: Protect\n|-damage|p2a: Roaring Moon|0 fnt\n|faint|p2a: Roaring Moon\n|-end|p2a: Roaring Moon|Protosynthesis|[silent]\n|\n|-damage|p1b: Smeargle|57\/100 psn|[from] psn\n|-damage|p1a: Terapagos|31\/100 psn|[from] psn\n|upkeep\n|\n|t:|1738051359\n|switch|p2a: Dondozo|Dondozo, L50, F|100\/100\n|turn|3\n|\n|t:|1738051374\n|switch|p1a: Tornadus|Tornadus, L50, M|100\/100\n|-end|p2b: Weezing|ability: Neutralizing Gas\n|switch|p2b: Tatsugiri|Tatsugiri, L50, M|100\/100\n|-activate|p2b: Tatsugiri|ability: Commander|[of] p2a: Dondozo\n|-boost|p2a: Dondozo|atk|2\n|-boost|p2a: Dondozo|spa|2\n|-boost|p2a: Dondozo|spe|2\n|-boost|p2a: Dondozo|def|2\n|-boost|p2a: Dondozo|spd|2\n|-terastallize|p2a: Dondozo|Grass\n|move|p1b: Smeargle|Spore|p2b: Tatsugiri|[miss]\n|-miss|p1b: Smeargle|p2b: Tatsugiri\n|move|p2a: Dondozo|Earthquake|p1b: Smeargle|[spread] p1b\n|-miss|p2a: Dondozo|p2b: Tatsugiri\n|-immune|p1a: Tornadus\n|-damage|p1b: Smeargle|0 fnt\n|faint|p1b: Smeargle\n|\n|upkeep\n|\n|t:|1738051390\n|switch|p1b: Terapagos|Terapagos-Stellar, L50, M, tera:Stellar|31\/100 psn\n|turn|4\n|\n|t:|1738051396\n|move|p1a: Tornadus|Tailwind|p1a: Tornadus\n|-sidestart|p1: ZTMY ENCORE|move: Tailwind\n|move|p1b: Terapagos|Tera Starstorm|p2b: Tatsugiri|[spread] p2a\n|-miss|p1b: Terapagos|p2b: Tatsugiri\n|-supereffective|p2a: Dondozo\n|-damage|p2a: Dondozo|59\/100\n|move|p2a: Dondozo|Wave Crash|p1a: Tornadus\n|-damage|p1a: Tornadus|0 fnt\n|-damage|p2a: Dondozo|43\/100|[from] item: Rocky Helmet|[of] p1a: Tornadus\n|faint|p1a: Tornadus\n|-damage|p2a: Dondozo|19\/100|[from] Recoil\n|\n|-heal|p2a: Dondozo|25\/100|[from] item: Leftovers\n|-damage|p1b: Terapagos|19\/100 psn|[from] psn\n|upkeep\n|\n|t:|1738051406\n|switch|p1a: Ogerpon|Ogerpon-Hearthflame, L50, F|100\/100\n|-ability|p1a: Ogerpon|Mold Breaker\n|turn|5\n|\n|t:|1738051411\n|move|p2a: Dondozo|Protect|p2a: Dondozo\n|-singleturn|p2a: Dondozo|Protect\n|move|p1a: Ogerpon|Ivy Cudgel|p2a: Dondozo|[anim] Ivy Cudgel Fire\n|-activate|p2a: Dondozo|move: Protect\n|move|p1b: Terapagos|Tera Starstorm|p2a: Dondozo|[spread] \n|-miss|p1b: Terapagos|p2b: Tatsugiri\n|-activate|p2a: Dondozo|move: Protect\n|\n|-heal|p2a: Dondozo|32\/100|[from] item: Leftovers\n|-damage|p1b: Terapagos|6\/100 psn|[from] psn\n|upkeep\n|turn|6\n|\n|t:|1738051418\n|move|p2a: Dondozo|Protect|p2a: Dondozo\n|-singleturn|p2a: Dondozo|Protect\n|move|p1a: Ogerpon|Ivy Cudgel|p2a: Dondozo|[anim] Ivy Cudgel Fire\n|-activate|p2a: Dondozo|move: Protect\n|move|p1b: Terapagos|Tera Starstorm|p2b: Tatsugiri|[spread] \n|-miss|p1b: Terapagos|p2b: Tatsugiri\n|-activate|p2a: Dondozo|move: Protect\n|\n|-heal|p2a: Dondozo|38\/100|[from] item: Leftovers\n|-damage|p1b: Terapagos|0 fnt|[from] psn\n|faint|p1b: Terapagos\n|upkeep\n|turn|7\n|-message|ZTMY ENCORE forfeited.\n|\n|win|cobalt_poke\n|raw|ZTMY ENCORE's rating: 1646 &rarr; <strong>1621<\/strong><br \/>(-25 for losing)\n|raw|cobalt_poke's rating: 1563 &rarr; <strong>1588<\/strong><br \/>(+25 for winning)\n|l|\u2606ZTMY ENCORE\n|player|p1|\n|l|\u2606cobalt_poke\n|player|p2|\n","uploadtime":1738051657,"views":22,"formatid":"gen9vgc2025regg","rating":1588,"private":0,"password":null}