{"id":"gen9vgc2025regg-2289557684","format":"[Gen 9] VGC 2025 Reg G","players":["Xermaeus","elvegis1"],"log":"|j|\u2606Xermaeus\n|j|\u2606elvegis1\n|t:|1738029381\n|gametype|doubles\n|player|p1|Xermaeus|101|1612\n|player|p2|elvegis1|lucas|1594\n|teamsize|p1|6\n|teamsize|p2|6\n|gen|9\n|tier|[Gen 9] VGC 2025 Reg G\n|rated|\n|rule|Species Clause: Limit one of each Pok\u00e9mon\n|rule|Item Clause: Limit 1 of each item\n|clearpoke\n|poke|p1|Whimsicott, L50, M|\n|poke|p1|Miraidon, L50|\n|poke|p1|Farigiraf, L50, M|\n|poke|p1|Iron Hands, L50|\n|poke|p1|Ogerpon-Hearthflame, L50, F|\n|poke|p1|Urshifu-*, L50, F|\n|poke|p2|Incineroar, L50, F|\n|poke|p2|Urshifu-*, L50, M|\n|poke|p2|Rillaboom, L50, M|\n|poke|p2|Grimmsnarl, L50, M|\n|poke|p2|Amoonguss, L50, M|\n|poke|p2|Kyogre, L50|\n|teampreview|4\n|inactive|Battle timer is ON: inactive players will automatically lose when time's up. (requested by elvegis1)\n|inactive|Xermaeus has 60 seconds left.\n|\n|t:|1738029427\n|start\n|switch|p1a: Miraidon|Miraidon, L50|100\/100\n|switch|p1b: Whimsicott|Whimsicott, L50, M, shiny|100\/100\n|switch|p2a: Grimmsnarl|Grimmsnarl, L50, M|100\/100\n|switch|p2b: Rillaboom|Rillaboom, L50, M|100\/100\n|-fieldstart|move: Electric Terrain|[from] ability: Hadron Engine|[of] p1a: Miraidon\n|-fieldstart|move: Grassy Terrain|[from] ability: Grassy Surge|[of] p2b: Rillaboom\n|turn|1\n|\n|t:|1738029451\n|move|p2a: Grimmsnarl|Light Screen|p2a: Grimmsnarl\n|-sidestart|p2: elvegis1|move: Light Screen\n|move|p1a: Miraidon|Volt Switch|p2a: Grimmsnarl\n|-damage|p2a: Grimmsnarl|63\/100\n|\n|t:|1738029458\n|switch|p1a: Iron Hands|Iron Hands, L50, shiny|100\/100|[from] Volt Switch\n|move|p1b: Whimsicott|Moonblast|p2a: Grimmsnarl\n|-supereffective|p2a: Grimmsnarl\n|-damage|p2a: Grimmsnarl|27\/100\n|move|p2b: Rillaboom|U-turn|p1b: Whimsicott\n|-damage|p1b: Whimsicott|70\/100\n|\n|t:|1738029472\n|switch|p2b: Amoonguss|Amoonguss, L50, M|100\/100|[from] U-turn\n|\n|-heal|p1b: Whimsicott|76\/100|[from] Grassy Terrain\n|-heal|p2a: Grimmsnarl|33\/100|[from] Grassy Terrain\n|upkeep\n|turn|2\n|inactive|elvegis1 has 30 seconds left.\n|inactive|elvegis1 has 20 seconds left.\n|inactive|elvegis1 has 15 seconds left.\n|\n|t:|1738029513\n|move|p1a: Iron Hands|Fake Out|p2a: Grimmsnarl\n|-damage|p2a: Grimmsnarl|17\/100\n|move|p1b: Whimsicott|Light Screen|p1b: Whimsicott\n|-sidestart|p1: Xermaeus|move: Light Screen\n|cant|p2a: Grimmsnarl|flinch\n|move|p2b: Amoonguss|Pollen Puff|p1b: Whimsicott\n|-damage|p1b: Whimsicott|62\/100\n|\n|-heal|p1b: Whimsicott|68\/100|[from] Grassy Terrain\n|-heal|p2a: Grimmsnarl|23\/100|[from] Grassy Terrain\n|upkeep\n|turn|3\n|j| jdarcan\n|\n|t:|1738029536\n|-terastallize|p1a: Iron Hands|Grass\n|move|p2a: Grimmsnarl|Reflect|p2a: Grimmsnarl\n|-sidestart|p2: elvegis1|Reflect\n|move|p1b: Whimsicott|Moonblast|p2a: Grimmsnarl\n|-supereffective|p2a: Grimmsnarl\n|-damage|p2a: Grimmsnarl|0 fnt\n|faint|p2a: Grimmsnarl\n|move|p1a: Iron Hands|Ice Punch|p2b: Amoonguss\n|-supereffective|p2b: Amoonguss\n|-crit|p2b: Amoonguss\n|-damage|p2b: Amoonguss|37\/100\n|-damage|p1a: Iron Hands|84\/100|[from] item: Rocky Helmet|[of] p2b: Amoonguss\n|move|p2b: Amoonguss|Pollen Puff|p1b: Whimsicott\n|-damage|p1b: Whimsicott|54\/100\n|\n|-heal|p1b: Whimsicott|60\/100|[from] Grassy Terrain\n|-heal|p1a: Iron Hands|90\/100|[from] Grassy Terrain\n|-heal|p2b: Amoonguss|43\/100|[from] Grassy Terrain\n|upkeep\n|\n|t:|1738029551\n|switch|p2a: Kyogre|Kyogre, L50|100\/100\n|-weather|RainDance|[from] ability: Drizzle|[of] p2a: Kyogre\n|turn|4\n|\n|t:|1738029569\n|-terastallize|p2a: Kyogre|Grass\n|move|p2b: Amoonguss|Protect|p2b: Amoonguss\n|-singleturn|p2b: Amoonguss|Protect\n|move|p1b: Whimsicott|Moonblast|p2a: Kyogre\n|-damage|p2a: Kyogre|88\/100\n|move|p2a: Kyogre|Ice Beam|p1b: Whimsicott\n|-supereffective|p1b: Whimsicott\n|-damage|p1b: Whimsicott|15\/100\n|move|p1a: Iron Hands|Drain Punch|p2a: Kyogre\n|-damage|p2a: Kyogre|59\/100\n|-heal|p1a: Iron Hands|100\/100|[from] drain|[of] p2a: Kyogre\n|\n|-weather|RainDance|[upkeep]\n|-heal|p1b: Whimsicott|21\/100|[from] Grassy Terrain\n|-heal|p2a: Kyogre|65\/100|[from] Grassy Terrain\n|-heal|p2a: Kyogre|71\/100|[from] item: Leftovers\n|-heal|p2b: Amoonguss|49\/100|[from] Grassy Terrain\n|upkeep\n|turn|5\n|j| cookbayz\n|inactive|elvegis1 has 30 seconds left.\n|\n|t:|1738029594\n|move|p1b: Whimsicott|Encore|p2b: Amoonguss\n|-start|p2b: Amoonguss|Encore\n|move|p2a: Kyogre|Ice Beam|p1b: Whimsicott\n|-supereffective|p1b: Whimsicott\n|-damage|p1b: Whimsicott|0 fnt\n|faint|p1b: Whimsicott\n|move|p1a: Iron Hands|Drain Punch|p2a: Kyogre\n|-damage|p2a: Kyogre|43\/100\n|move|p2b: Amoonguss|Protect||[still]\n|-fail|p2b: Amoonguss\n|\n|-weather|RainDance|[upkeep]\n|-heal|p2a: Kyogre|49\/100|[from] Grassy Terrain\n|-heal|p2a: Kyogre|55\/100|[from] item: Leftovers\n|-heal|p2b: Amoonguss|55\/100|[from] Grassy Terrain\n|-fieldend|move: Grassy Terrain\n|upkeep\n|\n|t:|1738029612\n|switch|p1b: Urshifu|Urshifu, L50, F|100\/100\n|turn|6\n|inactive|elvegis1 has 30 seconds left.\n|\n|t:|1738029643\n|switch|p2b: Rillaboom|Rillaboom, L50, M|100\/100\n|-fieldstart|move: Grassy Terrain|[from] ability: Grassy Surge|[of] p2b: Rillaboom\n|move|p2a: Kyogre|Protect|p2a: Kyogre\n|-singleturn|p2a: Kyogre|Protect\n|move|p1b: Urshifu|Wicked Blow|p2a: Kyogre\n|-crit|p2a: Kyogre\n|-damage|p2a: Kyogre|0 fnt\n|faint|p2a: Kyogre\n|move|p1a: Iron Hands|Drain Punch|p2b: Rillaboom\n|-damage|p2b: Rillaboom|74\/100\n|\n|-weather|RainDance|[upkeep]\n|-heal|p2b: Rillaboom|80\/100|[from] Grassy Terrain\n|-sideend|p1: Xermaeus|move: Light Screen\n|upkeep\n|\n|t:|1738029653\n|switch|p2a: Amoonguss|Amoonguss, L50, M|88\/100\n|turn|7\n|-message|elvegis1 forfeited.\n|\n|win|Xermaeus\n|raw|Xermaeus's rating: 1612 &rarr; <strong>1631<\/strong><br \/>(+19 for winning)\n|raw|elvegis1's rating: 1594 &rarr; <strong>1575<\/strong><br \/>(-19 for losing)\n|l|\u2606elvegis1\n|player|p2|\n|l|\u2606Xermaeus\n|player|p1|\n|l| cookbayz\n","uploadtime":1738029925,"views":11,"formatid":"gen9vgc2025regg","rating":1575,"private":0,"password":null}