{"id":"gen9vgc2025regg-2289908380","format":"[Gen 9] VGC 2025 Reg G","players":["bobonov","Diestoise"],"log":"|j|\u2606bobonov\n|j|\u2606Diestoise\n|t:|1738080523\n|gametype|doubles\n|player|p1|bobonov|102|1654\n|player|p2|Diestoise|blue|1657\n|teamsize|p1|6\n|teamsize|p2|6\n|gen|9\n|tier|[Gen 9] VGC 2025 Reg G\n|rated|\n|rule|Species Clause: Limit one of each Pok\u00e9mon\n|rule|Item Clause: Limit 1 of each item\n|clearpoke\n|poke|p1|Kyogre, L50|\n|poke|p1|Tsareena, L50, F|\n|poke|p1|Whimsicott, L50, M|\n|poke|p1|Terrakion, L50|\n|poke|p1|Urshifu-*, L50, M|\n|poke|p1|Archaludon, L50, M|\n|poke|p2|Koraidon, L50|\n|poke|p2|Raging Bolt, L50|\n|poke|p2|Entei, L50|\n|poke|p2|Flutter Mane, L50|\n|poke|p2|Venusaur, L50, M|\n|poke|p2|Ditto, L50|\n|teampreview|4\n|j| Triple20\n|inactive|Battle timer is ON: inactive players will automatically lose when time's up. (requested by bobonov)\n|inactive|Diestoise has 60 seconds left.\n|\n|t:|1738080575\n|start\n|switch|p1a: Whimsicott|Whimsicott, L50, M|100\/100\n|switch|p1b: Terrakion|Terrakion, L50|100\/100\n|switch|p2a: Flutter Mane|Flutter Mane, L50, shiny|100\/100\n|switch|p2b: Venusaur|Venusaur, L50, M, shiny|100\/100\n|turn|1\n|\n|t:|1738080595\n|-terastallize|p1b: Terrakion|Grass\n|move|p2a: Flutter Mane|Moonblast|p1b: Terrakion\n|-damage|p1b: Terrakion|47\/100\n|-enditem|p1b: Terrakion|Sitrus Berry|[eat]\n|-heal|p1b: Terrakion|72\/100|[from] item: Sitrus Berry\n|move|p1a: Whimsicott|Beat Up|p1b: Terrakion\n|-damage|p1b: Terrakion|70\/100\n|-ability|p1b: Terrakion|Justified|boost\n|-boost|p1b: Terrakion|atk|1\n|-damage|p1b: Terrakion|66\/100\n|-ability|p1b: Terrakion|Justified|boost\n|-boost|p1b: Terrakion|atk|1\n|-damage|p1b: Terrakion|64\/100\n|-ability|p1b: Terrakion|Justified|boost\n|-boost|p1b: Terrakion|atk|1\n|-damage|p1b: Terrakion|60\/100\n|-ability|p1b: Terrakion|Justified|boost\n|-boost|p1b: Terrakion|atk|1\n|-hitcount|p1b: Terrakion|4\n|move|p1b: Terrakion|Rock Slide|p2b: Venusaur|[spread] p2b\n|-miss|p1b: Terrakion|p2a: Flutter Mane\n|-damage|p2b: Venusaur|8\/100\n|move|p2b: Venusaur|Sludge Bomb|p1b: Terrakion\n|-supereffective|p1b: Terrakion\n|-damage|p1b: Terrakion|0 fnt\n|faint|p1b: Terrakion\n|\n|upkeep\n|\n|t:|1738080619\n|switch|p1b: Kyogre|Kyogre, L50|100\/100\n|-weather|RainDance|[from] ability: Drizzle|[of] p1b: Kyogre\n|turn|2\n|\n|t:|1738080636\n|switch|p2b: Koraidon|Koraidon, L50|100\/100\n|-weather|SunnyDay|[from] ability: Orichalcum Pulse|[of] p2b: Koraidon\n|-activate|p2a: Flutter Mane|ability: Protosynthesis\n|-start|p2a: Flutter Mane|protosynthesisspe\n|-activate|p2b: Koraidon|Orichalcum Pulse|[source]\n|move|p1a: Whimsicott|Tailwind|p1a: Whimsicott\n|-sidestart|p1: bobonov|move: Tailwind\n|move|p1b: Kyogre|Water Spout|p2b: Koraidon|[spread] p2a,p2b\n|-resisted|p2b: Koraidon\n|-damage|p2a: Flutter Mane|65\/100\n|-damage|p2b: Koraidon|84\/100\n|move|p2a: Flutter Mane|Moonblast|p1b: Kyogre\n|-damage|p1b: Kyogre|59\/100\n|\n|-weather|SunnyDay|[upkeep]\n|upkeep\n|turn|3\n|inactive|Diestoise has 30 seconds left.\n|\n|t:|1738080666\n|switch|p1b: Tsareena|Tsareena, L50, F|100\/100\n|move|p2b: Koraidon|Protect|p2b: Koraidon\n|-singleturn|p2b: Koraidon|Protect\n|move|p1a: Whimsicott|Moonblast|p2b: Koraidon\n|-activate|p2b: Koraidon|move: Protect\n|move|p2a: Flutter Mane|Icy Wind|p1a: Whimsicott|[spread] p1a,p1b\n|-supereffective|p1a: Whimsicott\n|-supereffective|p1b: Tsareena\n|-damage|p1a: Whimsicott|63\/100\n|-damage|p1b: Tsareena|65\/100\n|-unboost|p1b: Tsareena|spe|1\n|\n|-weather|SunnyDay|[upkeep]\n|upkeep\n|turn|4\n|inactive|Diestoise has 30 seconds left.\n|\n|t:|1738080691\n|switch|p1a: Kyogre|Kyogre, L50|59\/100\n|-weather|RainDance|[from] ability: Drizzle|[of] p1a: Kyogre\n|-end|p2a: Flutter Mane|Protosynthesis\n|switch|p2b: Venusaur|Venusaur, L50, M, shiny|8\/100\n|move|p2a: Flutter Mane|Moonblast|p1b: Tsareena\n|-damage|p1b: Tsareena|0 fnt\n|faint|p1b: Tsareena\n|\n|-weather|RainDance|[upkeep]\n|upkeep\n|\n|t:|1738080702\n|switch|p1b: Whimsicott|Whimsicott, L50, M|63\/100\n|turn|5\n|inactive|Diestoise has 30 seconds left.\n|\n|t:|1738080732\n|move|p2a: Flutter Mane|Protect|p2a: Flutter Mane\n|-singleturn|p2a: Flutter Mane|Protect\n|move|p1a: Kyogre|Water Spout|p2b: Venusaur|[spread] p2b\n|-activate|p2a: Flutter Mane|move: Protect\n|-resisted|p2b: Venusaur\n|-damage|p2b: Venusaur|0 fnt\n|faint|p2b: Venusaur\n|move|p1b: Whimsicott|Moonblast|p2a: Flutter Mane\n|-activate|p2a: Flutter Mane|move: Protect\n|\n|-weather|RainDance|[upkeep]\n|-sideend|p1: bobonov|move: Tailwind\n|upkeep\n|\n|t:|1738080737\n|switch|p2b: Raging Bolt|Raging Bolt, L50|100\/100\n|turn|6\n|-message|bobonov forfeited.\n|\n|win|Diestoise\n|raw|bobonov's rating: 1654 &rarr; <strong>1634<\/strong><br \/>(-20 for losing)\n|raw|Diestoise's rating: 1657 &rarr; <strong>1677<\/strong><br \/>(+20 for winning)\n|l|\u2606bobonov\n|player|p1|\n|l|\u2606Diestoise\n|player|p2|\n","uploadtime":1738081005,"views":13,"formatid":"gen9vgc2025regg","rating":1634,"private":0,"password":null}