{"id":"gen9vgc2025regg-2289053787","format":"[Gen 9] VGC 2025 Reg G","players":["Yuans Reive","Lucasmalt"],"log":"|j|\u2606Yuans Reive\n|j|\u2606Lucasmalt\n|t:|1737971882\n|gametype|doubles\n|player|p1|Yuans Reive|102|1570\n|player|p2|Lucasmalt|marshal|1554\n|teamsize|p1|6\n|teamsize|p2|6\n|gen|9\n|tier|[Gen 9] VGC 2025 Reg G\n|rated|\n|rule|Species Clause: Limit one of each Pok\u00e9mon\n|rule|Item Clause: Limit 1 of each item\n|clearpoke\n|poke|p1|Urshifu-*, L50, M|\n|poke|p1|Raging Bolt, L50|\n|poke|p1|Calyrex-Ice, L50|\n|poke|p1|Incineroar, L50, M|\n|poke|p1|Rillaboom, L50, F|\n|poke|p1|Farigiraf, L50, F|\n|poke|p2|Kyogre, L50|\n|poke|p2|Urshifu-*, L50, M|\n|poke|p2|Roaring Moon, L50|\n|poke|p2|Rillaboom, L50, M|\n|poke|p2|Amoonguss, L50, F|\n|poke|p2|Incineroar, L50, F|\n|teampreview|4\nYuans Reive has agreed to open team sheets.\n|c|\u2606Yuans Reive|glhf\n|j| imstuckat1300\n|\n|t:|1737971911\n|start\n|switch|p1a: Raging Bolt|Raging Bolt, L50|100\/100\n|switch|p1b: Urshifu|Urshifu-Rapid-Strike, L50, M|100\/100\n|switch|p2a: Incineroar|Incineroar, L50, F|100\/100\n|switch|p2b: Amoonguss|Amoonguss, L50, F|100\/100\n|-ability|p2a: Incineroar|Intimidate|boost\n|-unboost|p1a: Raging Bolt|atk|1\n|-unboost|p1b: Urshifu|atk|1\n|-enditem|p1a: Raging Bolt|Booster Energy\n|-activate|p1a: Raging Bolt|ability: Protosynthesis|[fromitem]\n|-start|p1a: Raging Bolt|protosynthesisspa\n|turn|1\n|l| imstuckat1300\n|inactive|Battle timer is ON: inactive players will automatically lose when time's up. (requested by Yuans Reive)\n|j| mr pogostick\n|j| SVbank\n|\n|t:|1737971938\n|-end|p1a: Raging Bolt|Protosynthesis|[silent]\n|switch|p1a: Rillaboom|Rillaboom, L50, F|100\/100\n|-fieldstart|move: Grassy Terrain|[from] ability: Grassy Surge|[of] p1a: Rillaboom\n|move|p1b: Urshifu|Detect|p1b: Urshifu\n|-singleturn|p1b: Urshifu|Protect\n|move|p2b: Amoonguss|Rage Powder|p2b: Amoonguss\n|-singleturn|p2b: Amoonguss|move: Rage Powder\n|move|p2a: Incineroar|Will-O-Wisp|p1b: Urshifu\n|-activate|p1b: Urshifu|move: Protect\n|\n|upkeep\n|turn|2\n|inactive|Lucasmalt has 30 seconds left.\n|\n|t:|1737971968\n|move|p1a: Rillaboom|Fake Out|p2b: Amoonguss\n|-damage|p2b: Amoonguss|89\/100\n|-damage|p1a: Rillaboom|84\/100|[from] item: Rocky Helmet|[of] p2b: Amoonguss\n|cant|p2b: Amoonguss|flinch\n|move|p1b: Urshifu|Surging Strikes|p2a: Incineroar\n|-supereffective|p2a: Incineroar\n|-crit|p2a: Incineroar\n|-damage|p2a: Incineroar|67\/100\n|-supereffective|p2a: Incineroar\n|-crit|p2a: Incineroar\n|-damage|p2a: Incineroar|34\/100\n|-supereffective|p2a: Incineroar\n|-crit|p2a: Incineroar\n|-damage|p2a: Incineroar|3\/100\n|-hitcount|p2a: Incineroar|3\n|move|p2a: Incineroar|Will-O-Wisp|p1a: Rillaboom\n|-status|p1a: Rillaboom|brn\n|\n|-heal|p1a: Rillaboom|90\/100 brn|[from] Grassy Terrain\n|-heal|p2a: Incineroar|9\/100|[from] Grassy Terrain\n|-heal|p2b: Amoonguss|95\/100|[from] Grassy Terrain\n|-damage|p1a: Rillaboom|84\/100 brn|[from] brn\n|upkeep\n|turn|3\n|inactive|Lucasmalt has 30 seconds left.\n|inactive|Yuans Reive has 30 seconds left.\n|\n|t:|1737972000\n|move|p2b: Amoonguss|Rage Powder|p2b: Amoonguss\n|-singleturn|p2b: Amoonguss|move: Rage Powder\n|move|p1b: Urshifu|Surging Strikes|p2b: Amoonguss\n|-resisted|p2b: Amoonguss\n|-crit|p2b: Amoonguss\n|-damage|p2b: Amoonguss|87\/100\n|-damage|p1b: Urshifu|84\/100|[from] item: Rocky Helmet|[of] p2b: Amoonguss\n|-resisted|p2b: Amoonguss\n|-crit|p2b: Amoonguss\n|-damage|p2b: Amoonguss|78\/100\n|-damage|p1b: Urshifu|68\/100|[from] item: Rocky Helmet|[of] p2b: Amoonguss\n|-resisted|p2b: Amoonguss\n|-crit|p2b: Amoonguss\n|-damage|p2b: Amoonguss|70\/100\n|-damage|p1b: Urshifu|51\/100|[from] item: Rocky Helmet|[of] p2b: Amoonguss\n|-hitcount|p2b: Amoonguss|3\n|move|p1a: Rillaboom|U-turn|p2a: Incineroar\n|-damage|p2a: Incineroar|0 fnt\n|faint|p2a: Incineroar\n|\n|t:|1737972007\n|switch|p1a: Calyrex|Calyrex-Ice, L50|100\/100|[from] U-turn\n|-ability|p1a: Calyrex|As One\n|-ability|p1a: Calyrex|Unnerve\n|\n|-heal|p1b: Urshifu|57\/100|[from] Grassy Terrain\n|-heal|p2b: Amoonguss|76\/100|[from] Grassy Terrain\n|upkeep\n|\n|t:|1737972026\n|switch|p2a: Kyogre|Kyogre, L50|100\/100\n|-weather|RainDance|[from] ability: Drizzle|[of] p2a: Kyogre\n|turn|4\n|inactive|Lucasmalt has 30 seconds left.\n|\n|t:|1737972051\n|switch|p1b: Rillaboom|Rillaboom, L50, F|84\/100 brn\n|-terastallize|p1a: Calyrex|Water\n|move|p2a: Kyogre|Origin Pulse|p1a: Calyrex|[spread] p1b\n|-miss|p2a: Kyogre|p1a: Calyrex\n|-resisted|p1b: Rillaboom\n|-crit|p1b: Rillaboom\n|-damage|p1b: Rillaboom|48\/100 brn\n|move|p1a: Calyrex|Glacial Lance|p2a: Kyogre|[spread] p2a,p2b\n|-resisted|p2a: Kyogre\n|-supereffective|p2b: Amoonguss\n|-damage|p2a: Kyogre|74\/100\n|-damage|p2b: Amoonguss|0 fnt\n|faint|p2b: Amoonguss\n|-ability|p1a: Calyrex|Chilling Neigh|boost\n|-boost|p1a: Calyrex|atk|1\n|\n|-weather|RainDance|[upkeep]\n|-heal|p2a: Kyogre|80\/100|[from] Grassy Terrain\n|-heal|p2a: Kyogre|86\/100|[from] item: Leftovers\n|-heal|p1b: Rillaboom|54\/100 brn|[from] Grassy Terrain\n|-damage|p1b: Rillaboom|48\/100 brn|[from] brn\n|upkeep\n|\n|t:|1737972073\n|switch|p2b: Urshifu|Urshifu-Rapid-Strike, L50, M|100\/100\n|turn|5\n|\n|t:|1737972084\n|move|p1b: Rillaboom|Fake Out|p2b: Urshifu\n|-damage|p2b: Urshifu|93\/100\n|cant|p2b: Urshifu|flinch\n|move|p2a: Kyogre|Origin Pulse|p1a: Calyrex|[spread] p1a,p1b\n|-resisted|p1a: Calyrex\n|-resisted|p1b: Rillaboom\n|-damage|p1a: Calyrex|77\/100\n|-damage|p1b: Rillaboom|24\/100 brn\n|move|p1a: Calyrex|Trick Room|p1a: Calyrex\n|-fieldstart|move: Trick Room|[of] p1a: Calyrex\n|\n|-weather|RainDance|[upkeep]\n|-heal|p1a: Calyrex|83\/100|[from] Grassy Terrain\n|-heal|p1b: Rillaboom|30\/100 brn|[from] Grassy Terrain\n|-heal|p2a: Kyogre|92\/100|[from] Grassy Terrain\n|-heal|p2a: Kyogre|98\/100|[from] item: Leftovers\n|-heal|p2b: Urshifu|99\/100|[from] Grassy Terrain\n|-damage|p1b: Rillaboom|24\/100 brn|[from] brn\n|-fieldend|move: Grassy Terrain\n|upkeep\n|turn|6\n|inactive|Lucasmalt has 30 seconds left.\n|\n|t:|1737972110\n|move|p1a: Calyrex|Glacial Lance|p2a: Kyogre|[spread] p2a,p2b\n|-resisted|p2a: Kyogre\n|-resisted|p2b: Urshifu\n|-damage|p2a: Kyogre|63\/100\n|-damage|p2b: Urshifu|58\/100\n|move|p1b: Rillaboom|Wood Hammer|p2a: Kyogre\n|-supereffective|p2a: Kyogre\n|-damage|p2a: Kyogre|8\/100\n|-damage|p1b: Rillaboom|5\/100 brn|[from] Recoil\n|move|p2a: Kyogre|Origin Pulse|p1b: Rillaboom|[spread] p1a\n|-miss|p2a: Kyogre|p1b: Rillaboom\n|-resisted|p1a: Calyrex\n|-damage|p1a: Calyrex|59\/100\n|move|p2b: Urshifu|Close Combat|p1a: Calyrex\n|-damage|p1a: Calyrex|18\/100\n|-unboost|p2b: Urshifu|def|1\n|-unboost|p2b: Urshifu|spd|1\n|\n|-weather|RainDance|[upkeep]\n|-heal|p2a: Kyogre|14\/100|[from] item: Leftovers\n|-damage|p1b: Rillaboom|0 fnt|[from] brn\n|faint|p1b: Rillaboom\n|upkeep\n|\n|t:|1737972125\n|switch|p1b: Raging Bolt|Raging Bolt, L50|100\/100\n|turn|7\n|-message|Lucasmalt forfeited.\n|\n|win|Yuans Reive\n|raw|Yuans Reive's rating: 1570 &rarr; <strong>1589<\/strong><br \/>(+19 for winning)\n|raw|Lucasmalt's rating: 1554 &rarr; <strong>1535<\/strong><br \/>(-19 for losing)\n|c|\u2606Yuans Reive|gg\n|l| SVbank\n|l|\u2606Yuans Reive\n|player|p1|\n|l| mr pogostick\n","uploadtime":1737972277,"views":7,"formatid":"gen9vgc2025regg","rating":1535,"private":0,"password":null}