{"id":"gen9vgc2025regg-2289088752","format":"[Gen 9] VGC 2025 Reg G","players":["plata47","MisterBanana7"],"log":"|j|\u2606plata47\n|j|\u2606MisterBanana7\n|t:|1737977984\n|gametype|doubles\n|player|p1|plata47|erika|1606\n|player|p2|MisterBanana7|cynthia-gen4|1596\n|teamsize|p1|6\n|teamsize|p2|6\n|gen|9\n|tier|[Gen 9] VGC 2025 Reg G\n|rated|\n|rule|Species Clause: Limit one of each Pok\u00e9mon\n|rule|Item Clause: Limit 1 of each item\n|clearpoke\n|poke|p1|Miraidon, L50|\n|poke|p1|Whimsicott, L50, M|\n|poke|p1|Iron Leaves, L50|\n|poke|p1|Incineroar, L50, F|\n|poke|p1|Dondozo, L50, F|\n|poke|p1|Tatsugiri-Stretchy, L50, F|\n|poke|p2|Groudon, L50|\n|poke|p2|Scovillain, L50, F|\n|poke|p2|Flutter Mane, L50|\n|poke|p2|Raging Bolt, L50|\n|poke|p2|Urshifu-*, L50, M|\n|poke|p2|Incineroar, L50, F|\n|teampreview|4\n|inactive|Battle timer is ON: inactive players will automatically lose when time's up. (requested by plata47)\n|inactive|MisterBanana7 has 60 seconds left.\n|\n|t:|1737978023\n|start\n|switch|p1a: Whimsicott|Whimsicott, L50, M|100\/100\n|switch|p1b: Miraidon|Miraidon, L50|100\/100\n|switch|p2a: Groudon|Groudon, L50|100\/100\n|switch|p2b: Scovillain|Scovillain, L50, F|100\/100\n|-fieldstart|move: Electric Terrain|[from] ability: Hadron Engine|[of] p1b: Miraidon\n|-weather|SunnyDay|[from] ability: Drought|[of] p2a: Groudon\n|turn|1\n|inactive|plata47 has 30 seconds left.\n|inactive|plata47 has 20 seconds left.\n|inactive|plata47 has 15 seconds left.\n|inactive|plata47 has 10 seconds left.\n|inactive|plata47 has 5 seconds left.\n|\n|t:|1737978075\n|move|p2a: Groudon|Protect|p2a: Groudon\n|-singleturn|p2a: Groudon|Protect\n|move|p1a: Whimsicott|Tailwind|p1a: Whimsicott\n|-sidestart|p1: plata47|move: Tailwind\n|move|p1b: Miraidon|Volt Switch|p2b: Scovillain\n|-resisted|p2b: Scovillain\n|-damage|p2b: Scovillain|20\/100\n|\n|t:|1737978085\n|switch|p1b: Dondozo|Dondozo, L50, F|100\/100|[from] Volt Switch\n|move|p2b: Scovillain|Overheat|p1a: Whimsicott\n|-supereffective|p1a: Whimsicott\n|-damage|p1a: Whimsicott|0 fnt\n|-unboost|p2b: Scovillain|spa|2\n|faint|p1a: Whimsicott\n|\n|-weather|SunnyDay|[upkeep]\n|upkeep\n|\n|t:|1737978098\n|switch|p1a: Tatsugiri|Tatsugiri-Stretchy, L50, F|100\/100\n|-activate|p1a: Tatsugiri|ability: Commander|[of] p1b: Dondozo\n|-boost|p1b: Dondozo|atk|2\n|-boost|p1b: Dondozo|spa|2\n|-boost|p1b: Dondozo|spe|2\n|-boost|p1b: Dondozo|def|2\n|-boost|p1b: Dondozo|spd|2\n|turn|2\n|\n|t:|1737978112\n|move|p1b: Dondozo|Earthquake|p2a: Groudon|[spread] p2a,p2b\n|-miss|p1b: Dondozo|p1a: Tatsugiri\n|-damage|p2a: Groudon|66\/100\n|-damage|p2b: Scovillain|0 fnt\n|faint|p2b: Scovillain\n|move|p2a: Groudon|Precipice Blades|p1a: Tatsugiri|[spread] \n|-miss|p2a: Groudon|p1a: Tatsugiri\n|-miss|p2a: Groudon|p1b: Dondozo\n|\n|-weather|SunnyDay|[upkeep]\n|upkeep\n|j| bluestraggler01\n|\n|t:|1737978122\n|switch|p2b: Raging Bolt|Raging Bolt, L50|100\/100\n|-activate|p2b: Raging Bolt|ability: Protosynthesis\n|-start|p2b: Raging Bolt|protosynthesisspa\n|turn|3\n|inactive|MisterBanana7 has 30 seconds left.\n|\n|t:|1737978148\n|-terastallize|p1b: Dondozo|Grass\n|move|p2a: Groudon|Helping Hand|p2b: Raging Bolt\n|-singleturn|p2b: Raging Bolt|Helping Hand|[of] p2a: Groudon\n|move|p1b: Dondozo|Earthquake|p2b: Raging Bolt|[spread] p2a,p2b\n|-miss|p1b: Dondozo|p1a: Tatsugiri\n|-supereffective|p2b: Raging Bolt\n|-damage|p2a: Groudon|36\/100\n|-damage|p2b: Raging Bolt|25\/100\n|move|p2b: Raging Bolt|Volt Switch|p1b: Dondozo\n|-resisted|p1b: Dondozo\n|-damage|p1b: Dondozo|73\/100\n|\n|t:|1737978160\n|-end|p2b: Raging Bolt|Protosynthesis|[silent]\n|switch|p2b: Urshifu|Urshifu, L50, M|100\/100|[from] Volt Switch\n|\n|-weather|SunnyDay|[upkeep]\n|upkeep\n|turn|4\n|j| MegaFissure\n|\n|t:|1737978181\n|-terastallize|p2b: Urshifu|Dark\n|move|p2a: Groudon|Protect|p2a: Groudon\n|-singleturn|p2a: Groudon|Protect\n|move|p1b: Dondozo|Earthquake|p2a: Groudon|[spread] p2b\n|-miss|p1b: Dondozo|p1a: Tatsugiri\n|-activate|p2a: Groudon|move: Protect\n|-damage|p2b: Urshifu|55\/100\n|move|p2b: Urshifu|Wicked Blow|p1b: Dondozo\n|-crit|p1b: Dondozo\n|-damage|p1b: Dondozo|17\/100\n|\n|-weather|SunnyDay|[upkeep]\n|-sideend|p1: plata47|move: Tailwind\n|upkeep\n|turn|5\n|inactive|plata47 has 30 seconds left.\n|\n|t:|1737978208\n|move|p2b: Urshifu|Wicked Blow|p1b: Dondozo\n|-crit|p1b: Dondozo\n|-damage|p1b: Dondozo|0 fnt\n|faint|p1b: Dondozo\n|move|p2a: Groudon|Precipice Blades|p1a: Tatsugiri|[miss]\n|-miss|p2a: Groudon|p1a: Tatsugiri\n|\n|-weather|none\n|-fieldend|move: Electric Terrain\n|upkeep\n|\n|t:|1737978219\n|switch|p1b: Miraidon|Miraidon, L50|100\/100\n|-fieldstart|move: Electric Terrain|[from] ability: Hadron Engine|[of] p1b: Miraidon\n|turn|6\n|j| ladderissus\n|inactive|plata47 has 30 seconds left.\n|inactive|MisterBanana7 has 30 seconds left.\n|\n|t:|1737978262\n|move|p2a: Groudon|Helping Hand|p2b: Urshifu\n|-singleturn|p2b: Urshifu|Helping Hand|[of] p2a: Groudon\n|move|p2b: Urshifu|Wicked Blow|p1b: Miraidon\n|-crit|p1b: Miraidon\n|-damage|p1b: Miraidon|0 fnt\n|faint|p1b: Miraidon\n|move|p1a: Tatsugiri|Muddy Water|p2b: Urshifu|[spread] p2a\n|-miss|p1a: Tatsugiri|p2b: Urshifu\n|-supereffective|p2a: Groudon\n|-crit|p2a: Groudon\n|-damage|p2a: Groudon|0 fnt\n|faint|p2a: Groudon\n|\n|upkeep\n|\n|t:|1737978271\n|switch|p2a: Raging Bolt|Raging Bolt, L50|25\/100\n|turn|7\n|l| MegaFissure\n|\n|t:|1737978284\n|move|p2a: Raging Bolt|Thunderclap|p1a: Tatsugiri\n|-damage|p1a: Tatsugiri|34\/100\n|move|p2b: Urshifu|Wicked Blow|p1a: Tatsugiri\n|-crit|p1a: Tatsugiri\n|-damage|p1a: Tatsugiri|0 fnt\n|faint|p1a: Tatsugiri\n|\n|win|MisterBanana7\n|raw|plata47's rating: 1606 &rarr; <strong>1585<\/strong><br \/>(-21 for losing)\n|raw|MisterBanana7's rating: 1596 &rarr; <strong>1617<\/strong><br \/>(+21 for winning)\n|l|\u2606plata47\n|player|p1|\n|l| ladderissus\n|l|\u2606MisterBanana7\n|player|p2|\n|l| bluestraggler01\n","uploadtime":1737978504,"views":16,"formatid":"gen9vgc2025regg","rating":1585,"private":0,"password":null}