{"id":"gen9vgc2025regg-2289172934","format":"[Gen 9] VGC 2025 Reg G","players":["simReaper","kd-vgc711"],"log":"|j|\u2606simReaper\n|j|\u2606kd-vgc711\n|t:|1737989155\n|gametype|doubles\n|player|p1|simReaper|shadowtriad|1616\n|player|p2|kd-vgc711|170|1669\n|teamsize|p1|6\n|teamsize|p2|6\n|gen|9\n|tier|[Gen 9] VGC 2025 Reg G\n|rated|\n|rule|Species Clause: Limit one of each Pok\u00e9mon\n|rule|Item Clause: Limit 1 of each item\n|clearpoke\n|poke|p1|Annihilape, L50, M|\n|poke|p1|Whimsicott, L50, F|\n|poke|p1|Archaludon, L50, M|\n|poke|p1|Amoonguss, L50, F|\n|poke|p1|Kyogre, L50|\n|poke|p1|Grimmsnarl, L50, M|\n|poke|p2|Kyogre, L50|\n|poke|p2|Tornadus, L50, M|\n|poke|p2|Entei, L50|\n|poke|p2|Flutter Mane, L50|\n|poke|p2|Raging Bolt, L50|\n|poke|p2|Rillaboom, L50, F|\n|teampreview|4\n|inactive|Battle timer is ON: inactive players will automatically lose when time's up. (requested by simReaper)\n|\n|t:|1737989171\n|start\n|switch|p1a: Annihilape|Annihilape, L50, M, shiny|100\/100\n|switch|p1b: Whimsicott|Whimsicott, L50, F, shiny|100\/100\n|switch|p2a: Tornadus|Tornadus, L50, M, shiny|100\/100\n|switch|p2b: Flutter Mane|Flutter Mane, L50, shiny|100\/100\n|turn|1\n|\n|t:|1737989187\n|-terastallize|p1a: Annihilape|Fire\n|move|p1b: Whimsicott|Tailwind|p1b: Whimsicott\n|-sidestart|p1: simReaper|move: Tailwind\n|move|p1a: Annihilape|Rage Fist|p2b: Flutter Mane\n|-supereffective|p2b: Flutter Mane\n|-enditem|p2b: Flutter Mane|Focus Sash\n|-damage|p2b: Flutter Mane|1\/100\n|move|p2b: Flutter Mane|Dazzling Gleam|p1b: Whimsicott|[spread] p1a,p1b\n|-resisted|p1a: Annihilape\n|-crit|p1a: Annihilape\n|-damage|p1a: Annihilape|80\/100\n|-damage|p1b: Whimsicott|40\/100\n|move|p2a: Tornadus|Bleakwind Storm|p1b: Whimsicott|[spread] p1b\n|-miss|p2a: Tornadus|p1a: Annihilape\n|-supereffective|p1b: Whimsicott\n|-damage|p1b: Whimsicott|0 fnt\n|faint|p1b: Whimsicott\n|\n|-heal|p1a: Annihilape|87\/100|[from] item: Leftovers\n|upkeep\n|\n|t:|1737989199\n|switch|p1b: Archaludon|Archaludon, L50, M, shiny|100\/100\n|turn|2\n|\n|t:|1737989207\n|move|p2a: Tornadus|Tailwind|p2a: Tornadus\n|-sidestart|p2: kd-vgc711|move: Tailwind\n|move|p2b: Flutter Mane|Moonblast|p1b: Archaludon\n|-damage|p1b: Archaludon|60\/100\n|-unboost|p1b: Archaludon|spa|1\n|-ability|p1b: Archaludon|Stamina|boost\n|-boost|p1b: Archaludon|def|1\n|move|p1a: Annihilape|Rage Fist|p2a: Tornadus\n|-damage|p2a: Tornadus|41\/100\n|move|p1b: Archaludon|Snarl|p2b: Flutter Mane|[spread] p2a,p2b\n|-damage|p2a: Tornadus|31\/100\n|-damage|p2b: Flutter Mane|0 fnt\n|faint|p2b: Flutter Mane\n|-end|p2b: Flutter Mane|Protosynthesis|[silent]\n|\n|-heal|p1a: Annihilape|93\/100|[from] item: Leftovers\n|upkeep\n|\n|t:|1737989211\n|switch|p2b: Kyogre|Kyogre, L50, shiny|100\/100\n|-weather|RainDance|[from] ability: Drizzle|[of] p2b: Kyogre\n|turn|3\n|\n|t:|1737989222\n|-terastallize|p2b: Kyogre|Fire\n|move|p1a: Annihilape|Protect|p1a: Annihilape\n|-singleturn|p1a: Annihilape|Protect\n|move|p2a: Tornadus|Bleakwind Storm|p1a: Annihilape|[spread] p1b\n|-activate|p1a: Annihilape|move: Protect\n|-resisted|p1b: Archaludon\n|-damage|p1b: Archaludon|49\/100\n|-unboost|p1b: Archaludon|spe|1\n|-ability|p1b: Archaludon|Stamina|boost\n|-boost|p1b: Archaludon|def|1\n|move|p2b: Kyogre|Water Spout|p1b: Archaludon|[spread] p1b\n|-activate|p1a: Annihilape|move: Protect\n|-resisted|p1b: Archaludon\n|-damage|p1b: Archaludon|16\/100\n|-ability|p1b: Archaludon|Stamina|boost\n|-boost|p1b: Archaludon|def|1\n|move|p1b: Archaludon|Electro Shot||[still]\n|-prepare|p1b: Archaludon|Electro Shot\n|-boost|p1b: Archaludon|spa|1\n|-anim|p1b: Archaludon|Electro Shot|p2b: Kyogre\n|-damage|p2b: Kyogre|74\/100\n|\n|-weather|RainDance|[upkeep]\n|-heal|p1a: Annihilape|99\/100|[from] item: Leftovers\n|-heal|p2b: Kyogre|80\/100|[from] item: Leftovers\n|upkeep\n|turn|4\n|\n|t:|1737989236\n|move|p2a: Tornadus|Bleakwind Storm|p1b: Archaludon|[spread] p1a,p1b\n|-resisted|p1b: Archaludon\n|-damage|p1a: Annihilape|72\/100\n|-damage|p1b: Archaludon|3\/100\n|-ability|p1b: Archaludon|Stamina|boost\n|-boost|p1b: Archaludon|def|1\n|move|p1a: Annihilape|Rage Fist|p2b: Kyogre\n|-damage|p2b: Kyogre|19\/100\n|move|p2b: Kyogre|Origin Pulse|p1b: Archaludon|[spread] p1a,p1b\n|-supereffective|p1a: Annihilape\n|-resisted|p1b: Archaludon\n|-damage|p1a: Annihilape|0 fnt\n|-damage|p1b: Archaludon|0 fnt\n|faint|p1a: Annihilape\n|faint|p1b: Archaludon\n|\n|-weather|RainDance|[upkeep]\n|-heal|p2b: Kyogre|25\/100|[from] item: Leftovers\n|-sideend|p1: simReaper|move: Tailwind\n|upkeep\n|\n|t:|1737989239\n|switch|p1b: Kyogre|Kyogre, L50, shiny|100\/100\n|turn|5\n|\n|t:|1737989246\n|move|p2a: Tornadus|Bleakwind Storm|p1b: Kyogre\n|-damage|p1b: Kyogre|66\/100\n|-unboost|p1b: Kyogre|spe|1\n|move|p2b: Kyogre|Origin Pulse|p1b: Kyogre\n|-resisted|p1b: Kyogre\n|-damage|p1b: Kyogre|26\/100\n|move|p1b: Kyogre|Origin Pulse|p2b: Kyogre|[spread] p2a,p2b\n|-supereffective|p2b: Kyogre\n|-damage|p2a: Tornadus|0 fnt\n|-damage|p2b: Kyogre|0 fnt\n|faint|p2a: Tornadus\n|faint|p2b: Kyogre\n|\n|-weather|RainDance|[upkeep]\n|-sideend|p2: kd-vgc711|move: Tailwind\n|upkeep\n|\n|t:|1737989249\n|switch|p2b: Raging Bolt|Raging Bolt, L50|100\/100\n|turn|6\n|-message|simReaper forfeited.\n|\n|win|kd-vgc711\n|raw|simReaper's rating: 1616 &rarr; <strong>1599<\/strong><br \/>(-17 for losing)\n|raw|kd-vgc711's rating: 1669 &rarr; <strong>1686<\/strong><br \/>(+17 for winning)\n|l|\u2606simReaper\n|player|p1|\n|l|\u2606kd-vgc711\n|player|p2|\n","uploadtime":1737989498,"views":14,"formatid":"gen9vgc2025regg","rating":1599,"private":0,"password":null}