{"id":"gen9vgc2025regg-2289022330","format":"[Gen 9] VGC 2025 Reg G","players":["bluestraggler01","MBSSQBBDS"],"log":"|j|\u2606bluestraggler01\n|j|\u2606MBSSQBBDS\n|t:|1737965873\n|gametype|doubles\n|player|p1|bluestraggler01|170|1600\n|player|p2|MBSSQBBDS|bianca|1592\n|teamsize|p1|6\n|teamsize|p2|6\n|gen|9\n|tier|[Gen 9] VGC 2025 Reg G\n|rated|\n|rule|Species Clause: Limit one of each Pok\u00e9mon\n|rule|Item Clause: Limit 1 of each item\n|clearpoke\n|poke|p1|Koraidon, L50|\n|poke|p1|Flutter Mane, L50|\n|poke|p1|Iron Jugulis, L50|\n|poke|p1|Armarouge, L50, M|\n|poke|p1|Ogerpon-Cornerstone, L50, F|\n|poke|p1|Raging Bolt, L50|\n|poke|p2|Calyrex-Shadow, L50|\n|poke|p2|Ditto, L50|\n|poke|p2|Raging Bolt, L50|\n|poke|p2|Urshifu-*, L50, F|\n|poke|p2|Brute Bonnet, L50|\n|poke|p2|Ogerpon-Hearthflame, L50, F|\n|teampreview|4\n|inactive|Battle timer is ON: inactive players will automatically lose when time's up. (requested by MBSSQBBDS)\n|\n|t:|1737965908\n|start\n|switch|p1a: Iron Jugulis|Iron Jugulis, L50|100\/100\n|switch|p1b: Koraidon|Koraidon, L50|100\/100\n|switch|p2a: Calyrex|Calyrex-Shadow, L50|100\/100\n|switch|p2b: Brute Bonnet|Brute Bonnet, L50|100\/100\n|-ability|p2a: Calyrex|As One\n|-ability|p2a: Calyrex|Unnerve\n|-weather|SunnyDay|[from] ability: Orichalcum Pulse|[of] p1b: Koraidon\n|-activate|p2b: Brute Bonnet|ability: Protosynthesis\n|-start|p2b: Brute Bonnet|protosynthesisdef\n|-activate|p1b: Koraidon|Orichalcum Pulse|[source]\n|-enditem|p1a: Iron Jugulis|Booster Energy\n|-activate|p1a: Iron Jugulis|ability: Quark Drive|[fromitem]\n|-start|p1a: Iron Jugulis|quarkdrivespe\n|turn|1\n|\n|t:|1737965924\n|switch|p1b: Ogerpon|Ogerpon-Cornerstone, L50, F|100\/100\n|-terastallize|p2b: Brute Bonnet|Water\n|move|p2a: Calyrex|Protect|p2a: Calyrex\n|-singleturn|p2a: Calyrex|Protect\n|move|p1a: Iron Jugulis|Snarl|p2b: Brute Bonnet|[spread] p2b\n|-activate|p2a: Calyrex|move: Protect\n|-damage|p2b: Brute Bonnet|88\/100\n|-unboost|p2b: Brute Bonnet|spa|1\n|move|p2b: Brute Bonnet|Spore|p1b: Ogerpon\n|-immune|p1b: Ogerpon\n|\n|-weather|SunnyDay|[upkeep]\n|upkeep\n|turn|2\n|\n|t:|1737965941\n|switch|p2a: Raging Bolt|Raging Bolt, L50|100\/100\n|-activate|p2a: Raging Bolt|ability: Protosynthesis\n|-start|p2a: Raging Bolt|protosynthesisspa\n|move|p1b: Ogerpon|Follow Me|p1b: Ogerpon\n|-singleturn|p1b: Ogerpon|move: Follow Me\n|move|p1a: Iron Jugulis|Snarl|p2b: Brute Bonnet|[spread] p2a,p2b\n|-damage|p2a: Raging Bolt|87\/100\n|-damage|p2b: Brute Bonnet|74\/100\n|-unboost|p2a: Raging Bolt|spa|1\n|-unboost|p2b: Brute Bonnet|spa|1\n|move|p2b: Brute Bonnet|Spore|p1b: Ogerpon\n|-immune|p1b: Ogerpon\n|\n|-weather|SunnyDay|[upkeep]\n|-heal|p2a: Raging Bolt|93\/100|[from] item: Leftovers\n|upkeep\n|turn|3\n|\n|t:|1737965957\n|move|p1b: Ogerpon|Follow Me|p1b: Ogerpon\n|-singleturn|p1b: Ogerpon|move: Follow Me\n|move|p1a: Iron Jugulis|Snarl|p2b: Brute Bonnet|[spread] p2a,p2b\n|-crit|p2b: Brute Bonnet\n|-damage|p2a: Raging Bolt|80\/100\n|-damage|p2b: Brute Bonnet|55\/100\n|-unboost|p2a: Raging Bolt|spa|1\n|-unboost|p2b: Brute Bonnet|spa|1\n|move|p2a: Raging Bolt|Thunderbolt|p1b: Ogerpon\n|-resisted|p1b: Ogerpon\n|-damage|p1b: Ogerpon|83\/100\n|move|p2b: Brute Bonnet|Taunt|p1b: Ogerpon\n|-start|p1b: Ogerpon|move: Taunt\n|\n|-weather|SunnyDay|[upkeep]\n|-heal|p2a: Raging Bolt|87\/100|[from] item: Leftovers\n|upkeep\n|turn|4\n|\n|t:|1737965978\n|move|p2b: Brute Bonnet|Sucker Punch|p1b: Ogerpon\n|-damage|p1b: Ogerpon|45\/100\n|move|p1a: Iron Jugulis|Air Slash|p2b: Brute Bonnet\n|-damage|p2b: Brute Bonnet|29\/100\n|move|p1b: Ogerpon|Power Whip|p2b: Brute Bonnet\n|-supereffective|p2b: Brute Bonnet\n|-damage|p2b: Brute Bonnet|0 fnt\n|-damage|p1b: Ogerpon|28\/100|[from] item: Rocky Helmet|[of] p2b: Brute Bonnet\n|faint|p2b: Brute Bonnet\n|-end|p2b: Brute Bonnet|Protosynthesis|[silent]\n|move|p2a: Raging Bolt|Thunderbolt|p1a: Iron Jugulis\n|-supereffective|p1a: Iron Jugulis\n|-damage|p1a: Iron Jugulis|37\/100\n|\n|-weather|SunnyDay|[upkeep]\n|-heal|p2a: Raging Bolt|93\/100|[from] item: Leftovers\n|upkeep\n|\n|t:|1737965989\n|switch|p2b: Calyrex|Calyrex-Shadow, L50|100\/100\n|-ability|p2b: Calyrex|As One\n|-ability|p2b: Calyrex|Unnerve\n|turn|5\n|\n|t:|1737965996\n|switch|p1b: Koraidon|Koraidon, L50|100\/100\n|-activate|p1b: Koraidon|ability: Orichalcum Pulse\n|move|p1a: Iron Jugulis|Protect|p1a: Iron Jugulis\n|-singleturn|p1a: Iron Jugulis|Protect\n|move|p2a: Raging Bolt|Thunderclap||[still]\n|-fail|p2a: Raging Bolt\n|move|p2b: Calyrex|Astral Barrage|p1a: Iron Jugulis|[spread] p1b\n|-activate|p1a: Iron Jugulis|move: Protect\n|-damage|p1b: Koraidon|59\/100\n|-damage|p2b: Calyrex|91\/100|[from] item: Life Orb\n|\n|-weather|none\n|-end|p2a: Raging Bolt|Protosynthesis\n|-heal|p2a: Raging Bolt|99\/100|[from] item: Leftovers\n|upkeep\n|turn|6\n|inactive|bluestraggler01 has 30 seconds left.\n|inactive|MBSSQBBDS has 30 seconds left.\n|inactive|MBSSQBBDS has 20 seconds left.\n|inactive|bluestraggler01 has 20 seconds left.\n|inactive|MBSSQBBDS has 15 seconds left.\n|inactive|MBSSQBBDS has 10 seconds left.\n|inactive|MBSSQBBDS has 5 seconds left.\n|\n|t:|1737966046\n|switch|p2b: Ditto|Ditto, L50|100\/100\n|-transform|p2b: Ditto|p1a: Iron Jugulis|[from] ability: Imposter\n|move|p1a: Iron Jugulis|Tailwind|p1a: Iron Jugulis\n|-sidestart|p1: bluestraggler01|move: Tailwind\n|move|p1b: Koraidon|Drain Punch|p2a: Raging Bolt\n|-damage|p2a: Raging Bolt|63\/100\n|-heal|p1b: Koraidon|79\/100|[from] drain|[of] p2a: Raging Bolt\n|move|p2a: Raging Bolt|Thunderbolt|p1a: Iron Jugulis\n|-supereffective|p1a: Iron Jugulis\n|-crit|p1a: Iron Jugulis\n|-damage|p1a: Iron Jugulis|0 fnt\n|faint|p1a: Iron Jugulis\n|-end|p1a: Iron Jugulis|Quark Drive|[silent]\n|\n|-heal|p2a: Raging Bolt|69\/100|[from] item: Leftovers\n|upkeep\n|\n|t:|1737966060\n|switch|p1a: Ogerpon|Ogerpon-Cornerstone, L50, F|28\/100\n|turn|7\n|\n|t:|1737966082\n|-terastallize|p1b: Koraidon|Fire\n|move|p2b: Ditto|Protect|p2b: Ditto\n|-singleturn|p2b: Ditto|Protect\n|move|p1a: Ogerpon|Ivy Cudgel|p2b: Ditto|[anim] Ivy Cudgel Rock\n|-activate|p2b: Ditto|move: Protect\n|move|p1b: Koraidon|Flame Charge|p2b: Ditto\n|-activate|p2b: Ditto|move: Protect\n|move|p2a: Raging Bolt|Calm Mind|p2a: Raging Bolt\n|-boost|p2a: Raging Bolt|spa|1\n|-boost|p2a: Raging Bolt|spd|1\n|\n|-heal|p2a: Raging Bolt|75\/100|[from] item: Leftovers\n|upkeep\n|turn|8\n|\n|t:|1737966104\n|move|p1a: Ogerpon|Ivy Cudgel|p2b: Ditto|[anim] Ivy Cudgel Rock\n|-supereffective|p2b: Ditto\n|-enditem|p2b: Ditto|Focus Sash\n|-damage|p2b: Ditto|1\/100\n|move|p1b: Koraidon|Flame Charge|p2b: Ditto\n|-damage|p2b: Ditto|0 fnt\n|-boost|p1b: Koraidon|spe|1\n|faint|p2b: Ditto\n|-end|p2b: Ditto|Quark Drive|[silent]\n|move|p2a: Raging Bolt|Thunderbolt|p1a: Ogerpon\n|-resisted|p1a: Ogerpon\n|-damage|p1a: Ogerpon|8\/100\n|\n|-heal|p2a: Raging Bolt|82\/100|[from] item: Leftovers\n|upkeep\n|\n|t:|1737966116\n|switch|p2b: Calyrex|Calyrex-Shadow, L50|91\/100\n|-ability|p2b: Calyrex|As One\n|-ability|p2b: Calyrex|Unnerve\n|turn|9\n|\n|t:|1737966139\n|move|p2b: Calyrex|Protect|p2b: Calyrex\n|-singleturn|p2b: Calyrex|Protect\n|move|p2a: Raging Bolt|Protect|p2a: Raging Bolt\n|-singleturn|p2a: Raging Bolt|Protect\n|move|p1b: Koraidon|Drain Punch|p2a: Raging Bolt\n|-activate|p2a: Raging Bolt|move: Protect\n|move|p1a: Ogerpon|Ivy Cudgel|p2a: Raging Bolt|[anim] Ivy Cudgel Rock\n|-activate|p2a: Raging Bolt|move: Protect\n|\n|-heal|p2a: Raging Bolt|88\/100|[from] item: Leftovers\n|-sideend|p1: bluestraggler01|move: Tailwind\n|upkeep\n|turn|10\n|\n|t:|1737966152\n|move|p1a: Ogerpon|Spiky Shield|p1a: Ogerpon\n|-singleturn|p1a: Ogerpon|move: Protect\n|move|p1b: Koraidon|Flare Blitz|p2b: Calyrex\n|-damage|p2b: Calyrex|3\/100\n|-damage|p1b: Koraidon|54\/100|[from] Recoil\n|move|p2b: Calyrex|Astral Barrage|p1a: Ogerpon|[spread] p1b\n|-activate|p1a: Ogerpon|move: Protect\n|-damage|p1b: Koraidon|9\/100\n|-damage|p2b: Calyrex|0 fnt|[from] item: Life Orb\n|faint|p2b: Calyrex\n|move|p2a: Raging Bolt|Thunderbolt|p1b: Koraidon\n|-damage|p1b: Koraidon|0 fnt\n|faint|p1b: Koraidon\n|\n|-heal|p2a: Raging Bolt|94\/100|[from] item: Leftovers\n|upkeep\n|\n|t:|1737966160\n|switch|p1b: Raging Bolt|Raging Bolt, L50|100\/100\n|turn|11\n|\n|t:|1737966169\n|move|p2a: Raging Bolt|Thunderclap|p1a: Ogerpon\n|-resisted|p1a: Ogerpon\n|-damage|p1a: Ogerpon|0 fnt\n|faint|p1a: Ogerpon\n|move|p1b: Raging Bolt|Draco Meteor|p2a: Raging Bolt|[miss]\n|-miss|p1b: Raging Bolt|p2a: Raging Bolt\n|\n|-heal|p2a: Raging Bolt|100\/100|[from] item: Leftovers\n|upkeep\n|turn|12\n|\n|t:|1737966172\n|move|p1b: Raging Bolt|Draco Meteor|p2a: Raging Bolt\n|-supereffective|p2a: Raging Bolt\n|-damage|p2a: Raging Bolt|0 fnt\n|-unboost|p1b: Raging Bolt|spa|2\n|faint|p2a: Raging Bolt\n|-end|p2a: Raging Bolt|Protosynthesis|[silent]\n|-damage|p1b: Raging Bolt|91\/100|[from] item: Life Orb\n|\n|win|bluestraggler01\n|raw|bluestraggler01's rating: 1600 &rarr; <strong>1620<\/strong><br \/>(+20 for winning)\n|raw|MBSSQBBDS's rating: 1592 &rarr; <strong>1572<\/strong><br \/>(-20 for losing)\n|l|\u2606MBSSQBBDS\n|player|p2|\n|l|\u2606bluestraggler01\n|player|p1|\n","uploadtime":1737966429,"views":12,"formatid":"gen9vgc2025regg","rating":1572,"private":0,"password":null}