{"id":"gen9vgc2025regg-2289178265","format":"[Gen 9] VGC 2025 Reg G","players":["simReaper","gthbrt"],"log":"|j|\u2606simReaper\n|j|\u2606gthbrt\n|t:|1737989726\n|gametype|doubles\n|player|p1|simReaper|shadowtriad|1566\n|player|p2|gthbrt|caitlin|1519\n|teamsize|p1|6\n|teamsize|p2|6\n|gen|9\n|tier|[Gen 9] VGC 2025 Reg G\n|rated|\n|rule|Species Clause: Limit one of each Pok\u00e9mon\n|rule|Item Clause: Limit 1 of each item\n|clearpoke\n|poke|p1|Annihilape, L50, M|\n|poke|p1|Whimsicott, L50, M|\n|poke|p1|Archaludon, L50, F|\n|poke|p1|Amoonguss, L50, M|\n|poke|p1|Kyogre, L50|\n|poke|p1|Grimmsnarl, L50, M|\n|poke|p2|Calyrex-Shadow, L50|\n|poke|p2|Tornadus, L50, M|\n|poke|p2|Grimmsnarl, L50, M|\n|poke|p2|Clefairy, L50, F|\n|poke|p2|Rillaboom, L50, F|\n|poke|p2|Urshifu-*, L50, F|\n|teampreview|4\n|inactive|Battle timer is ON: inactive players will automatically lose when time's up. (requested by gthbrt)\n|\n|t:|1737989738\n|start\n|switch|p1a: Grimmsnarl|Grimmsnarl, L50, M, shiny|100\/100\n|switch|p1b: Archaludon|Archaludon, L50, F, shiny|100\/100\n|switch|p2a: Calyrex|Calyrex-Shadow, L50|100\/100\n|switch|p2b: Grimmsnarl|Grimmsnarl, L50, M|100\/100\n|-ability|p2a: Calyrex|As One\n|-ability|p2a: Calyrex|Unnerve\n|turn|1\n|\n|t:|1737989750\n|move|p2b: Grimmsnarl|Fake Out|p1b: Archaludon\n|-resisted|p1b: Archaludon\n|-damage|p1b: Archaludon|96\/100\n|-ability|p1b: Archaludon|Stamina|boost\n|-boost|p1b: Archaludon|def|1\n|move|p1a: Grimmsnarl|Light Screen|p1a: Grimmsnarl\n|-sidestart|p1: simReaper|move: Light Screen\n|move|p2a: Calyrex|Nasty Plot|p2a: Calyrex\n|-boost|p2a: Calyrex|spa|2\n|cant|p1b: Archaludon|flinch\n|\n|upkeep\n|turn|2\n|\n|t:|1737989771\n|-terastallize|p2a: Calyrex|Grass\n|move|p1a: Grimmsnarl|Thunder Wave|p2a: Calyrex\n|-status|p2a: Calyrex|par\n|move|p2b: Grimmsnarl|Light Screen|p2b: Grimmsnarl\n|-sidestart|p2: gthbrt|move: Light Screen\n|move|p1b: Archaludon|Snarl|p2a: Calyrex|[spread] p2a,p2b\n|-resisted|p2b: Grimmsnarl\n|-damage|p2a: Calyrex|93\/100 par\n|-damage|p2b: Grimmsnarl|99\/100\n|-unboost|p2a: Calyrex|spa|1\n|-unboost|p2b: Grimmsnarl|spa|1\n|move|p2a: Calyrex|Nasty Plot|p2a: Calyrex\n|-boost|p2a: Calyrex|spa|2\n|\n|-heal|p2a: Calyrex|99\/100 par|[from] item: Leftovers\n|upkeep\n|turn|3\n|inactive|simReaper has 30 seconds left.\n|\n|t:|1737989806\n|move|p2b: Grimmsnarl|Reflect|p2b: Grimmsnarl\n|-sidestart|p2: gthbrt|Reflect\n|move|p1b: Archaludon|Snarl|p2b: Grimmsnarl|[spread] p2a,p2b\n|-resisted|p2b: Grimmsnarl\n|-damage|p2a: Calyrex|90\/100 par\n|-damage|p2b: Grimmsnarl|97\/100\n|-unboost|p2a: Calyrex|spa|1\n|-unboost|p2b: Grimmsnarl|spa|1\n|move|p2a: Calyrex|Astral Barrage|p1b: Archaludon|[spread] p1a,p1b\n|-resisted|p1a: Grimmsnarl\n|-damage|p1a: Grimmsnarl|71\/100\n|-damage|p1b: Archaludon|56\/100\n|-ability|p1b: Archaludon|Stamina|boost\n|-boost|p1b: Archaludon|def|1\n|move|p1a: Grimmsnarl|Spirit Break|p2a: Calyrex\n|-damage|p2a: Calyrex|72\/100 par\n|-unboost|p2a: Calyrex|spa|1\n|\n|-heal|p2a: Calyrex|78\/100 par|[from] item: Leftovers\n|upkeep\n|turn|4\n|\n|t:|1737989828\n|move|p2a: Calyrex|Protect|p2a: Calyrex\n|-singleturn|p2a: Calyrex|Protect\n|move|p2b: Grimmsnarl|Parting Shot|p1b: Archaludon\n|-unboost|p1b: Archaludon|atk|1\n|-unboost|p1b: Archaludon|spa|1\n|\n|t:|1737989836\n|switch|p2b: Clefairy|Clefairy, L50, F|100\/100|[from] Parting Shot\n|move|p1b: Archaludon|Body Press|p2a: Calyrex\n|-activate|p2a: Calyrex|move: Protect\n|move|p1a: Grimmsnarl|Spirit Break|p2a: Calyrex\n|-activate|p2a: Calyrex|move: Protect\n|\n|-heal|p2a: Calyrex|84\/100 par|[from] item: Leftovers\n|upkeep\n|turn|5\n|\n|t:|1737989844\n|move|p2b: Clefairy|Follow Me|p2b: Clefairy\n|-singleturn|p2b: Clefairy|move: Follow Me\n|move|p1a: Grimmsnarl|Thunder Wave|p2b: Clefairy\n|-status|p2b: Clefairy|par\n|move|p1b: Archaludon|Snarl|p2b: Clefairy|[spread] p2a,p2b\n|-resisted|p2b: Clefairy\n|-damage|p2a: Calyrex|80\/100 par\n|-damage|p2b: Clefairy|98\/100 par\n|-unboost|p2a: Calyrex|spa|1\n|-unboost|p2b: Clefairy|spa|1\n|cant|p2a: Calyrex|par\n|\n|-heal|p2a: Calyrex|86\/100 par|[from] item: Leftovers\n|upkeep\n|turn|6\n|inactive|simReaper has 30 seconds left.\n|\n|t:|1737989869\n|switch|p1a: Amoonguss|Amoonguss, L50, M, shiny|100\/100\n|move|p1b: Archaludon|Flash Cannon|p2b: Clefairy\n|-supereffective|p2b: Clefairy\n|-damage|p2b: Clefairy|69\/100 par\n|cant|p2a: Calyrex|par\n|move|p2b: Clefairy|Life Dew|p2b: Clefairy|[spread] p2a,p2b\n|-heal|p2a: Calyrex|100\/100 par\n|-heal|p2b: Clefairy|94\/100 par\n|\n|upkeep\n|turn|7\n|\n|t:|1737989892\n|move|p1b: Archaludon|Snarl|p2b: Clefairy|[spread] p2a,p2b\n|-resisted|p2b: Clefairy\n|-damage|p2a: Calyrex|96\/100 par\n|-damage|p2b: Clefairy|91\/100 par\n|-unboost|p2a: Calyrex|spa|1\n|-unboost|p2b: Clefairy|spa|1\n|cant|p2a: Calyrex|par\n|move|p1a: Amoonguss|Pollen Puff|p1b: Archaludon\n|-heal|p1b: Archaludon|100\/100\n|cant|p2b: Clefairy|par\n|\n|-heal|p2a: Calyrex|100\/100 par|[from] item: Leftovers\n|upkeep\n|turn|8\n|\n|t:|1737989912\n|switch|p1a: Grimmsnarl|Grimmsnarl, L50, M, shiny|71\/100\n|move|p1b: Archaludon|Snarl|p2a: Calyrex|[spread] p2a\n|-miss|p1b: Archaludon|p2b: Clefairy\n|-damage|p2a: Calyrex|96\/100 par\n|-unboost|p2a: Calyrex|spa|1\n|cant|p2a: Calyrex|par\n|move|p2b: Clefairy|Life Dew|p2b: Clefairy|[spread] p2a,p2b\n|-heal|p2a: Calyrex|100\/100 par\n|-heal|p2b: Clefairy|100\/100 par\n|\n|-sideend|p1: simReaper|move: Light Screen\n|upkeep\n|turn|9\n|\n|t:|1737989933\n|move|p1b: Archaludon|Snarl|p2b: Clefairy|[spread] p2a,p2b\n|-resisted|p2b: Clefairy\n|-damage|p2a: Calyrex|96\/100 par\n|-damage|p2b: Clefairy|98\/100 par\n|-unboost|p2a: Calyrex|spa|1\n|-unboost|p2b: Clefairy|spa|1\n|move|p2a: Calyrex|Nasty Plot|p2a: Calyrex\n|-boost|p2a: Calyrex|spa|2\n|move|p1a: Grimmsnarl|Spirit Break|p2a: Calyrex\n|-damage|p2a: Calyrex|84\/100 par\n|-unboost|p2a: Calyrex|spa|1\n|move|p2b: Clefairy|Life Dew|p2b: Clefairy|[spread] p2a,p2b\n|-heal|p2a: Calyrex|100\/100 par\n|-heal|p2b: Clefairy|100\/100 par\n|\n|-sideend|p2: gthbrt|move: Light Screen\n|upkeep\n|turn|10\n|l|\u2606gthbrt\n|inactive|gthbrt disconnected and has a minute to reconnect!\n|player|p2|\n|j|\u2606gthbrt\n|inactive|gthbrt reconnected and has 45 seconds left.\n|player|p2|gthbrt|caitlin|\n|inactive|simReaper has 30 seconds left.\n|inactive|gthbrt has 30 seconds left.\n|\n|t:|1737989967\n|move|p1a: Grimmsnarl|Light Screen|p1a: Grimmsnarl\n|-sidestart|p1: simReaper|move: Light Screen\n|move|p1b: Archaludon|Electro Shot||[still]\n|-prepare|p1b: Archaludon|Electro Shot\n|-boost|p1b: Archaludon|spa|1\n|move|p2a: Calyrex|Nasty Plot|p2a: Calyrex\n|-boost|p2a: Calyrex|spa|2\n|move|p2b: Clefairy|Life Dew||[still]|[still]|[spread] \n|-fail|p2a: Calyrex|heal\n|-fail|p2b: Clefairy|heal\n|\n|-sideend|p2: gthbrt|Reflect\n|upkeep\n|turn|11\n|\n|t:|1737989980\n|move|p2b: Clefairy|Follow Me|p2b: Clefairy\n|-singleturn|p2b: Clefairy|move: Follow Me\n|move|p1b: Archaludon|Electro Shot|p2b: Clefairy|[from] lockedmove\n|-damage|p2b: Clefairy|68\/100 par\n|move|p2a: Calyrex|Nasty Plot|p2a: Calyrex\n|-boost|p2a: Calyrex|spa|2\n|move|p1a: Grimmsnarl|Spirit Break|p2b: Clefairy\n|-damage|p2b: Clefairy|42\/100 par\n|-unboost|p2b: Clefairy|spa|1\n|\n|upkeep\n|turn|12\n|\n|t:|1737989998\n|move|p2b: Clefairy|Follow Me|p2b: Clefairy\n|-singleturn|p2b: Clefairy|move: Follow Me\n|move|p1b: Archaludon|Snarl|p2b: Clefairy|[spread] p2a,p2b\n|-resisted|p2b: Clefairy\n|-damage|p2a: Calyrex|92\/100 par\n|-damage|p2b: Clefairy|36\/100 par\n|-unboost|p2a: Calyrex|spa|1\n|-unboost|p2b: Clefairy|spa|1\n|move|p2a: Calyrex|Nasty Plot|p2a: Calyrex\n|-boost|p2a: Calyrex|spa|2\n|move|p1a: Grimmsnarl|Spirit Break|p2b: Clefairy\n|-damage|p2b: Clefairy|8\/100 par\n|-unboost|p2b: Clefairy|spa|1\n|\n|-heal|p2a: Calyrex|98\/100 par|[from] item: Leftovers\n|upkeep\n|turn|13\n|j| Triple20\n|\n|t:|1737990014\n|move|p2b: Clefairy|Helping Hand|p2a: Calyrex\n|-singleturn|p2a: Calyrex|Helping Hand|[of] p2b: Clefairy\n|move|p1b: Archaludon|Flash Cannon|p2b: Clefairy\n|-supereffective|p2b: Clefairy\n|-damage|p2b: Clefairy|0 fnt\n|faint|p2b: Clefairy\n|move|p2a: Calyrex|Astral Barrage|p1b: Archaludon|[spread] p1a,p1b\n|-resisted|p1a: Grimmsnarl\n|-damage|p1a: Grimmsnarl|16\/100\n|-damage|p1b: Archaludon|15\/100\n|-ability|p1b: Archaludon|Stamina|boost\n|-boost|p1b: Archaludon|def|1\n|move|p1a: Grimmsnarl|Spirit Break|p2a: Calyrex\n|-damage|p2a: Calyrex|70\/100 par\n|-unboost|p2a: Calyrex|spa|1\n|\n|-heal|p2a: Calyrex|76\/100 par|[from] item: Leftovers\n|upkeep\n|\n|t:|1737990027\n|switch|p2b: Grimmsnarl|Grimmsnarl, L50, M|97\/100\n|turn|14\n|j| ThanksATinkaTon\n|\n|t:|1737990034\n|move|p2b: Grimmsnarl|Fake Out|p1b: Archaludon\n|-resisted|p1b: Archaludon\n|-damage|p1b: Archaludon|13\/100\n|-ability|p1b: Archaludon|Stamina|boost\n|-boost|p1b: Archaludon|def|1\n|cant|p1b: Archaludon|flinch\n|move|p2a: Calyrex|Nasty Plot|p2a: Calyrex\n|-boost|p2a: Calyrex|spa|2\n|move|p1a: Grimmsnarl|Spirit Break|p2a: Calyrex\n|-damage|p2a: Calyrex|50\/100 par\n|-unboost|p2a: Calyrex|spa|1\n|\n|-heal|p2a: Calyrex|56\/100 par|[from] item: Leftovers\n|upkeep\n|turn|15\n|inactive|simReaper has 30 seconds left.\n|\n|t:|1737990067\n|cant|p2a: Calyrex|par\n|move|p2b: Grimmsnarl|Reflect|p2b: Grimmsnarl\n|-sidestart|p2: gthbrt|Reflect\n|move|p1b: Archaludon|Body Press|p2a: Calyrex\n|-damage|p2a: Calyrex|17\/100 par\n|move|p1a: Grimmsnarl|Spirit Break|p2b: Grimmsnarl\n|-supereffective|p2b: Grimmsnarl\n|-crit|p2b: Grimmsnarl\n|-damage|p2b: Grimmsnarl|6\/100\n|-unboost|p2b: Grimmsnarl|spa|1\n|\n|-heal|p2a: Calyrex|23\/100 par|[from] item: Leftovers\n|upkeep\n|turn|16\n|inactive|simReaper has 30 seconds left.\n|inactive|simReaper has 20 seconds left.\n|inactive|simReaper has 15 seconds left.\n|inactive|simReaper has 10 seconds left.\n|inactive|simReaper has 5 seconds left.\n|\n|t:|1737990122\n|move|p2a: Calyrex|Protect|p2a: Calyrex\n|-singleturn|p2a: Calyrex|Protect\n|move|p1a: Grimmsnarl|Thunder Wave|p2b: Grimmsnarl\n|-hint|Since gen 7, Dark is immune to Prankster moves.\n|-immune|p2b: Grimmsnarl\n|move|p2b: Grimmsnarl|Parting Shot|p1b: Archaludon\n|-unboost|p1b: Archaludon|atk|1\n|-unboost|p1b: Archaludon|spa|1\n|\n|t:|1737990144\n|switch|p2b: Rillaboom|Rillaboom, L50, F|100\/100|[from] Parting Shot\n|-fieldstart|move: Grassy Terrain|[from] ability: Grassy Surge|[of] p2b: Rillaboom\n|move|p1b: Archaludon|Body Press|p2b: Rillaboom\n|-damage|p2b: Rillaboom|58\/100\n|\n|-heal|p1b: Archaludon|20\/100|[from] Grassy Terrain\n|-heal|p2b: Rillaboom|64\/100|[from] Grassy Terrain\n|-heal|p2a: Calyrex|29\/100 par|[from] Grassy Terrain\n|-heal|p2a: Calyrex|35\/100 par|[from] item: Leftovers\n|-heal|p1a: Grimmsnarl|22\/100|[from] Grassy Terrain\n|upkeep\n|turn|17\n|inactive|simReaper has 30 seconds left.\n|inactive|gthbrt has 30 seconds left.\n|inactive|simReaper has 20 seconds left.\n|inactive|gthbrt has 20 seconds left.\n|inactive|simReaper has 15 seconds left.\n|inactive|gthbrt has 15 seconds left.\n|inactive|simReaper has 10 seconds left.\n|inactive|gthbrt has 10 seconds left.\n|inactive|simReaper has 5 seconds left.\n|\n|t:|1737990199\n|move|p2b: Rillaboom|Fake Out|p1b: Archaludon\n|-resisted|p1b: Archaludon\n|-crit|p1b: Archaludon\n|-damage|p1b: Archaludon|11\/100\n|-ability|p1b: Archaludon|Stamina|boost\n|-boost|p1b: Archaludon|def|1\n|move|p1a: Grimmsnarl|Thunder Wave|p2b: Rillaboom\n|-status|p2b: Rillaboom|par\n|cant|p1b: Archaludon|flinch\n|move|p2a: Calyrex|Astral Barrage|p1b: Archaludon|[spread] p1a,p1b\n|-resisted|p1a: Grimmsnarl\n|-damage|p1a: Grimmsnarl|0 fnt\n|-damage|p1b: Archaludon|0 fnt\n|faint|p1a: Grimmsnarl\n|faint|p1b: Archaludon\n|-ability|p2a: Calyrex|Grim Neigh|boost\n|-boost|p2a: Calyrex|spa|2\n|\n|-heal|p2a: Calyrex|41\/100 par|[from] Grassy Terrain\n|-heal|p2a: Calyrex|46\/100 par|[from] item: Leftovers\n|-heal|p2b: Rillaboom|69\/100 par|[from] Grassy Terrain\n|-sideend|p1: simReaper|move: Light Screen\n|upkeep\n|inactive|simReaper has 30 seconds left.\n|j| Toemtoma\n|inactive|simReaper has 20 seconds left.\n|inactive|simReaper has 15 seconds left.\n|inactive|simReaper has 10 seconds left.\n|inactive|simReaper has 5 seconds left.\n|\n|t:|1737990254\n|switch|p1b: Amoonguss|Amoonguss, L50, M, shiny|100\/100\n|switch|p1a: Kyogre|Kyogre, L50, shiny|100\/100\n|-weather|RainDance|[from] ability: Drizzle|[of] p1a: Kyogre\n|turn|18\n|inactive|simReaper has 5 seconds left this turn.\n|l| Toemtoma\n|-message|simReaper lost due to inactivity.\n|\n|win|gthbrt\n|raw|simReaper's rating: 1566 &rarr; <strong>1543<\/strong><br \/>(-23 for losing)\n|raw|gthbrt's rating: 1519 &rarr; <strong>1542<\/strong><br \/>(+23 for winning)\n|l| ThanksATinkaTon\n|l|\u2606gthbrt\n|player|p2|\n|l| Triple20\n","uploadtime":1737990472,"views":4,"formatid":"gen9vgc2025regg","rating":1542,"private":0,"password":null}