{"id":"gen9vgc2025regg-2289214028","format":"[Gen 9] VGC 2025 Reg G","players":["Acblade","crowz000"],"log":"|j|\u2606Acblade\n|j|\u2606crowz000\n|t:|1737993421\n|gametype|doubles\n|player|p1|Acblade|101|1625\n|player|p2|crowz000|265|1667\n|teamsize|p1|6\n|teamsize|p2|6\n|gen|9\n|tier|[Gen 9] VGC 2025 Reg G\n|rated|\n|rule|Species Clause: Limit one of each Pok\u00e9mon\n|rule|Item Clause: Limit 1 of each item\n|clearpoke\n|poke|p1|Tornadus, L50, M|\n|poke|p1|Chi-Yu, L50|\n|poke|p1|Flutter Mane, L50|\n|poke|p1|Koraidon, L50|\n|poke|p1|Raging Bolt, L50|\n|poke|p1|Farigiraf, L50, F|\n|poke|p2|Terapagos, L50, M|\n|poke|p2|Clefairy, L50, M|\n|poke|p2|Incineroar, L50, M|\n|poke|p2|Rillaboom, L50, F|\n|poke|p2|Urshifu-*, L50, F|\n|poke|p2|Flutter Mane, L50|\n|teampreview|4\n|inactive|Battle timer is ON: inactive players will automatically lose when time's up. (requested by Acblade)\n|inactive|crowz000 has 60 seconds left.\n|\n|t:|1737993455\n|start\n|switch|p1a: Koraidon|Koraidon, L50|100\/100\n|switch|p1b: Flutter Mane|Flutter Mane, L50|100\/100\n|switch|p2a: Terapagos|Terapagos, L50, M|100\/100\n|switch|p2b: Incineroar|Incineroar, L50, M|100\/100\n|-activate|p2a: Terapagos|ability: Tera Shift\n|detailschange|p2a: Terapagos|Terapagos-Terastal, L50, M\n|-heal|p2a: Terapagos|100\/100|[silent]\n|-weather|SunnyDay|[from] ability: Orichalcum Pulse|[of] p1a: Koraidon\n|-activate|p1b: Flutter Mane|ability: Protosynthesis\n|-start|p1b: Flutter Mane|protosynthesisspe\n|-activate|p1a: Koraidon|Orichalcum Pulse|[source]\n|-ability|p2b: Incineroar|Intimidate|boost\n|-unboost|p1a: Koraidon|atk|1\n|-unboost|p1b: Flutter Mane|atk|1\n|turn|1\n|inactive|crowz000 has 30 seconds left.\n|\n|t:|1737993487\n|switch|p1a: Chi-Yu|Chi-Yu, L50|100\/100\n|-ability|p1a: Chi-Yu|Beads of Ruin\n|-terastallize|p1b: Flutter Mane|Fairy\n|move|p2b: Incineroar|Fake Out|p1a: Chi-Yu\n|-damage|p1a: Chi-Yu|87\/100\n|move|p1b: Flutter Mane|Moonblast|p2b: Incineroar\n|-damage|p2b: Incineroar|0 fnt\n|faint|p2b: Incineroar\n|move|p2a: Terapagos|Substitute|p2a: Terapagos\n|-start|p2a: Terapagos|Substitute\n|-damage|p2a: Terapagos|76\/100\n|\n|-weather|SunnyDay|[upkeep]\n|-heal|p2a: Terapagos|82\/100|[from] item: Leftovers\n|upkeep\n|\n|t:|1737993501\n|switch|p2b: Flutter Mane|Flutter Mane, L50|100\/100\n|-activate|p2b: Flutter Mane|ability: Protosynthesis\n|-start|p2b: Flutter Mane|protosynthesisspe\n|turn|2\n|\n|t:|1737993525\n|-terastallize|p2a: Terapagos|Stellar\n|detailschange|p2a: Terapagos|Terapagos-Stellar, L50, M, tera:Stellar\n|-heal|p2a: Terapagos|87\/100|[silent]\n|-ability|p2a: Terapagos|Teraform Zero\n|-weather|none\n|-end|p2b: Flutter Mane|Protosynthesis\n|-end|p1b: Flutter Mane|Protosynthesis\n|-enditem|p2b: Flutter Mane|Booster Energy\n|-activate|p2b: Flutter Mane|ability: Protosynthesis|[fromitem]\n|-start|p2b: Flutter Mane|protosynthesisspe\n|move|p2b: Flutter Mane|Thunder Wave|p1a: Chi-Yu\n|-status|p1a: Chi-Yu|par\n|move|p1b: Flutter Mane|Moonblast|p2b: Flutter Mane\n|-damage|p2b: Flutter Mane|0 fnt\n|faint|p2b: Flutter Mane\n|-end|p2b: Flutter Mane|Protosynthesis|[silent]\n|move|p2a: Terapagos|Tera Starstorm|p1a: Chi-Yu|[spread] p1a,p1b\n|-supereffective|p1b: Flutter Mane\n|-damage|p1a: Chi-Yu|49\/100 par\n|-damage|p1b: Flutter Mane|9\/100\n|cant|p1a: Chi-Yu|par\n|\n|-heal|p2a: Terapagos|93\/100|[from] item: Leftovers\n|upkeep\n|\n|t:|1737993546\n|switch|p2b: Clefairy|Clefairy, L50, M|100\/100\n|turn|3\n|\n|t:|1737993554\n|move|p2b: Clefairy|Protect|p2b: Clefairy\n|-singleturn|p2b: Clefairy|Protect\n|move|p1b: Flutter Mane|Moonblast|p2a: Terapagos\n|-end|p2a: Terapagos|Substitute\n|move|p2a: Terapagos|Tera Starstorm|p1a: Chi-Yu|[spread] p1a,p1b\n|-supereffective|p1b: Flutter Mane\n|-damage|p1a: Chi-Yu|9\/100 par\n|-damage|p1b: Flutter Mane|0 fnt\n|faint|p1b: Flutter Mane\n|-end|p1b: Flutter Mane|Protosynthesis|[silent]\n|move|p1a: Chi-Yu|Overheat|p2b: Clefairy\n|-activate|p2b: Clefairy|move: Protect\n|\n|-heal|p2a: Terapagos|99\/100|[from] item: Leftovers\n|upkeep\n|\n|t:|1737993564\n|switch|p1b: Tornadus|Tornadus, L50, M|100\/100\n|turn|4\n|j| BionicFox\n|\n|t:|1737993579\n|move|p1b: Tornadus|Tailwind|p1b: Tornadus\n|-sidestart|p1: Acblade|move: Tailwind\n|move|p1a: Chi-Yu|Overheat|p2b: Clefairy\n|-damage|p2b: Clefairy|8\/100\n|-unboost|p1a: Chi-Yu|spa|2\n|move|p2a: Terapagos|Calm Mind|p2a: Terapagos\n|-boost|p2a: Terapagos|spa|1\n|-boost|p2a: Terapagos|spd|1\n|move|p2b: Clefairy|Life Dew|p2b: Clefairy|[spread] p2a,p2b\n|-heal|p2a: Terapagos|100\/100\n|-heal|p2b: Clefairy|33\/100\n|\n|upkeep\n|turn|5\n|j| Triple20\n|inactive|Acblade has 30 seconds left.\n|\n|t:|1737993609\n|switch|p1a: Koraidon|Koraidon, L50|100\/100\n|-weather|SunnyDay|[from] ability: Orichalcum Pulse|[of] p1a: Koraidon\n|-activate|p1a: Koraidon|Orichalcum Pulse|[source]\n|move|p2b: Clefairy|Protect|p2b: Clefairy\n|-singleturn|p2b: Clefairy|Protect\n|move|p1b: Tornadus|Bleakwind Storm|p2b: Clefairy|[spread] p2a\n|-activate|p2b: Clefairy|move: Protect\n|-damage|p2a: Terapagos|87\/100\n|-unboost|p2a: Terapagos|spe|1\n|move|p2a: Terapagos|Substitute|p2a: Terapagos\n|-start|p2a: Terapagos|Substitute\n|-damage|p2a: Terapagos|63\/100\n|\n|-weather|SunnyDay|[upkeep]\n|-heal|p2a: Terapagos|69\/100|[from] item: Leftovers\n|upkeep\n|turn|6\n|\n|t:|1737993633\n|move|p2b: Clefairy|Helping Hand|p2a: Terapagos\n|-singleturn|p2a: Terapagos|Helping Hand|[of] p2b: Clefairy\n|move|p1a: Koraidon|U-turn|p2b: Clefairy\n|-resisted|p2b: Clefairy\n|-damage|p2b: Clefairy|14\/100\n|\n|t:|1737993637\n|switch|p1a: Chi-Yu|Chi-Yu, L50|9\/100 par|[from] U-turn\n|-ability|p1a: Chi-Yu|Beads of Ruin\n|move|p1b: Tornadus|Bleakwind Storm|p2a: Terapagos|[spread] p2a,p2b\n|-activate|p2a: Terapagos|move: Substitute|[damage]\n|-damage|p2b: Clefairy|0 fnt\n|faint|p2b: Clefairy\n|move|p2a: Terapagos|Tera Starstorm|p1b: Tornadus|[spread] p1a,p1b\n|-damage|p1a: Chi-Yu|0 fnt\n|-enditem|p1b: Tornadus|Focus Sash\n|-damage|p1b: Tornadus|1\/100\n|faint|p1a: Chi-Yu\n|\n|-weather|SunnyDay|[upkeep]\n|-heal|p2a: Terapagos|75\/100|[from] item: Leftovers\n|upkeep\n|\n|t:|1737993647\n|switch|p1a: Koraidon|Koraidon, L50|100\/100\n|-activate|p1a: Koraidon|ability: Orichalcum Pulse\n|turn|7\n|\n|t:|1737993657\n|move|p2a: Terapagos|Protect|p2a: Terapagos\n|-singleturn|p2a: Terapagos|Protect\n|move|p1a: Koraidon|Collision Course|p2a: Terapagos\n|-activate|p2a: Terapagos|move: Protect\n|move|p1b: Tornadus|Bleakwind Storm|p2a: Terapagos\n|-activate|p2a: Terapagos|move: Protect\n|\n|-weather|SunnyDay|[upkeep]\n|-heal|p2a: Terapagos|81\/100|[from] item: Leftovers\n|-sideend|p1: Acblade|move: Tailwind\n|upkeep\n|turn|8\n|\n|t:|1737993674\n|move|p1a: Koraidon|Collision Course|p2a: Terapagos\n|-supereffective|p2a: Terapagos\n|-end|p2a: Terapagos|Substitute\n|move|p1b: Tornadus|Weather Ball|p2a: Terapagos\n|-damage|p2a: Terapagos|59\/100\n|move|p2a: Terapagos|Tera Starstorm|p1b: Tornadus|[spread] p1a,p1b\n|-damage|p1a: Koraidon|47\/100\n|-damage|p1b: Tornadus|0 fnt\n|faint|p1b: Tornadus\n|\n|-weather|SunnyDay|[upkeep]\n|-heal|p2a: Terapagos|65\/100|[from] item: Leftovers\n|upkeep\n|turn|9\n|\n|t:|1737993687\n|move|p2a: Terapagos|Protect|p2a: Terapagos\n|-singleturn|p2a: Terapagos|Protect\n|move|p1a: Koraidon|Collision Course|p2a: Terapagos\n|-activate|p2a: Terapagos|move: Protect\n|\n|-weather|none\n|-heal|p2a: Terapagos|71\/100|[from] item: Leftovers\n|upkeep\n|turn|10\n|\n|t:|1737993695\n|move|p1a: Koraidon|Collision Course|p2a: Terapagos\n|-supereffective|p2a: Terapagos\n|-damage|p2a: Terapagos|0 fnt\n|faint|p2a: Terapagos\n|\n|win|Acblade\n|raw|Acblade's rating: 1625 &rarr; <strong>1647<\/strong><br \/>(+22 for winning)\n|raw|crowz000's rating: 1667 &rarr; <strong>1645<\/strong><br \/>(-22 for losing)\n|l|\u2606Acblade\n|player|p1|\n|l|\u2606crowz000\n|player|p2|\n|l| Triple20\n|l| BionicFox\n","uploadtime":1737993952,"views":9,"formatid":"gen9vgc2025regg","rating":1645,"private":0,"password":null}