{"id":"gen9vgc2025regg-2289673841","format":"[Gen 9] VGC 2025 Reg G","players":["Fehuo","Weakest blow"],"log":"|j|\u2606Fehuo\n|j|\u2606Weakest blow\n|t:|1738047136\n|gametype|doubles\n|player|p1|Fehuo|cynthia-gen4|1640\n|player|p2|Weakest blow|depotagent|1681\n|teamsize|p1|6\n|teamsize|p2|6\n|gen|9\n|tier|[Gen 9] VGC 2025 Reg G\n|rated|\n|rule|Species Clause: Limit one of each Pok\u00e9mon\n|rule|Item Clause: Limit 1 of each item\n|clearpoke\n|poke|p1|Calyrex-Ice, L50|\n|poke|p1|Raging Bolt, L50|\n|poke|p1|Urshifu-*, L50, M|\n|poke|p1|Ogerpon-Hearthflame, L50, F|\n|poke|p1|Rillaboom, L50, M|\n|poke|p1|Indeedee-F, L50, F|\n|poke|p2|Ditto, L50|\n|poke|p2|Iron Hands, L50|\n|poke|p2|Miraidon, L50|\n|poke|p2|Pelipper, L50, F|\n|poke|p2|Volcarona, L50, M|\n|poke|p2|Whimsicott, L50, M|\n|teampreview|4\n|inactive|Battle timer is ON: inactive players will automatically lose when time's up. (requested by Fehuo)\n|\n|t:|1738047163\n|start\n|switch|p1a: Calyrex|Calyrex-Ice, L50|100\/100\n|switch|p1b: Indeedee|Indeedee-F, L50, F|100\/100\n|switch|p2a: Volcarona|Volcarona, L50, M|100\/100\n|switch|p2b: Iron Hands|Iron Hands, L50|100\/100\n|-ability|p1a: Calyrex|As One\n|-ability|p1a: Calyrex|Unnerve\n|-fieldstart|move: Psychic Terrain|[from] ability: Psychic Surge|[of] p1b: Indeedee\n|turn|1\n|\n|t:|1738047181\n|move|p1b: Indeedee|Follow Me|p1b: Indeedee\n|-singleturn|p1b: Indeedee|move: Follow Me\n|move|p2a: Volcarona|Struggle Bug|p1b: Indeedee|[spread] p1a,p1b\n|-supereffective|p1a: Calyrex\n|-supereffective|p1b: Indeedee\n|-damage|p1a: Calyrex|75\/100\n|-damage|p1b: Indeedee|65\/100\n|-unboost|p1b: Indeedee|spa|1\n|move|p1a: Calyrex|Glacial Lance|p2a: Volcarona|[spread] p2a,p2b\n|-resisted|p2a: Volcarona\n|-damage|p2a: Volcarona|71\/100\n|-damage|p2b: Iron Hands|55\/100\n|move|p2b: Iron Hands|Low Kick|p1b: Indeedee\n|-damage|p1b: Indeedee|33\/100\n|-damage|p2b: Iron Hands|39\/100|[from] item: Rocky Helmet|[of] p1b: Indeedee\n|\n|upkeep\n|turn|2\n|\n|t:|1738047203\n|-end|p2b: Iron Hands|Quark Drive|[silent]\n|switch|p2b: Ditto|Ditto, L50|100\/100\n|-transform|p2b: Ditto|p1a: Calyrex|[from] ability: Imposter\n|-ability|p2b: Ditto|As One\n|-ability|p2b: Ditto|Unnerve\n|move|p1b: Indeedee|Helping Hand|p1a: Calyrex\n|-singleturn|p1a: Calyrex|Helping Hand|[of] p1b: Indeedee\n|move|p2a: Volcarona|Struggle Bug|p1b: Indeedee|[spread] p1a,p1b\n|-supereffective|p1a: Calyrex\n|-supereffective|p1b: Indeedee\n|-damage|p1a: Calyrex|46\/100\n|-damage|p1b: Indeedee|0 fnt\n|faint|p1b: Indeedee\n|move|p1a: Calyrex|Glacial Lance|p2a: Volcarona|[spread] p2a,p2b\n|-resisted|p2a: Volcarona\n|-resisted|p2b: Ditto\n|-damage|p2a: Volcarona|22\/100\n|-damage|p2b: Ditto|64\/100\n|\n|upkeep\n|\n|t:|1738047219\n|switch|p1b: Ogerpon|Ogerpon-Hearthflame, L50, F|100\/100\n|-ability|p1b: Ogerpon|Mold Breaker\n|turn|3\n|\n|t:|1738047229\n|move|p1a: Calyrex|Protect|p1a: Calyrex\n|-singleturn|p1a: Calyrex|Protect\n|move|p2b: Ditto|Protect|p2b: Ditto\n|-singleturn|p2b: Ditto|Protect\n|move|p1b: Ogerpon|Ivy Cudgel|p2b: Ditto|[anim] Ivy Cudgel Fire\n|-activate|p2b: Ditto|move: Protect\n|move|p2a: Volcarona|Fiery Dance|p1a: Calyrex\n|-activate|p1a: Calyrex|move: Protect\n|\n|upkeep\n|turn|4\n|inactive|Fehuo has 30 seconds left.\n|inactive|Weakest blow has 30 seconds left.\n|\n|t:|1738047256\n|switch|p2b: Iron Hands|Iron Hands, L50|39\/100\n|-terastallize|p1a: Calyrex|Dark\n|move|p1b: Ogerpon|Ivy Cudgel|p2a: Volcarona|[anim] Ivy Cudgel Fire\n|-damage|p2a: Volcarona|0 fnt\n|faint|p2a: Volcarona\n|move|p1a: Calyrex|Crunch|p2b: Iron Hands\n|-resisted|p2b: Iron Hands\n|-damage|p2b: Iron Hands|19\/100\n|-unboost|p2b: Iron Hands|def|1\n|\n|upkeep\n|\n|t:|1738047270\n|switch|p2a: Miraidon|Miraidon, L50|100\/100\n|-fieldstart|move: Electric Terrain|[from] ability: Hadron Engine|[of] p2a: Miraidon\n|-activate|p2b: Iron Hands|ability: Quark Drive\n|-start|p2b: Iron Hands|quarkdriveatk\n|turn|5\n|\n|t:|1738047284\n|switch|p1a: Rillaboom|Rillaboom, L50, M|100\/100\n|-fieldstart|move: Grassy Terrain|[from] ability: Grassy Surge|[of] p1a: Rillaboom\n|-end|p2b: Iron Hands|Quark Drive\n|-end|p2b: Iron Hands|Quark Drive|[silent]\n|switch|p2b: Ditto|Ditto, L50|64\/100\n|-transform|p2b: Ditto|p1a: Rillaboom|[from] ability: Imposter\n|move|p1b: Ogerpon|Spiky Shield|p1b: Ogerpon\n|-singleturn|p1b: Ogerpon|move: Protect\n|move|p2a: Miraidon|Dazzling Gleam|p1a: Rillaboom|[spread] p1a\n|-activate|p1b: Ogerpon|move: Protect\n|-damage|p1a: Rillaboom|78\/100\n|-damage|p2a: Miraidon|91\/100|[from] item: Life Orb\n|\n|-heal|p2a: Miraidon|97\/100|[from] Grassy Terrain\n|-heal|p1a: Rillaboom|84\/100|[from] Grassy Terrain\n|-heal|p2b: Ditto|70\/100|[from] Grassy Terrain\n|upkeep\n|turn|6\n|inactive|Weakest blow has 30 seconds left.\n|inactive|Weakest blow has 20 seconds left.\n|inactive|Weakest blow has 15 seconds left.\n|\n|t:|1738047327\n|switch|p2a: Iron Hands|Iron Hands, L50|19\/100\n|move|p2b: Ditto|Fake Out|p1b: Ogerpon\n|-damage|p1b: Ogerpon|83\/100\n|cant|p1b: Ogerpon|flinch\n|move|p1a: Rillaboom|High Horsepower|p2a: Iron Hands\n|-supereffective|p2a: Iron Hands\n|-damage|p2a: Iron Hands|0 fnt\n|faint|p2a: Iron Hands\n|-end|p2a: Iron Hands|Quark Drive|[silent]\n|\n|-heal|p1b: Ogerpon|89\/100|[from] Grassy Terrain\n|-heal|p1a: Rillaboom|90\/100|[from] Grassy Terrain\n|-heal|p2b: Ditto|76\/100|[from] Grassy Terrain\n|upkeep\n|\n|t:|1738047343\n|switch|p2a: Miraidon|Miraidon, L50|97\/100\n|-fieldstart|move: Electric Terrain|[from] ability: Hadron Engine|[of] p2a: Miraidon\n|turn|7\n|inactive|Weakest blow has 30 seconds left.\n|inactive|Weakest blow has 20 seconds left.\n|inactive|Weakest blow has 15 seconds left.\n|\n|t:|1738047385\n|move|p1b: Ogerpon|Spiky Shield|p1b: Ogerpon\n|-singleturn|p1b: Ogerpon|move: Protect\n|move|p2a: Miraidon|Draco Meteor|p1b: Ogerpon\n|-activate|p1b: Ogerpon|move: Protect\n|move|p1a: Rillaboom|High Horsepower|p2a: Miraidon\n|-supereffective|p2a: Miraidon\n|-damage|p2a: Miraidon|32\/100\n|move|p2b: Ditto|Wood Hammer|p1a: Rillaboom\n|-resisted|p1a: Rillaboom\n|-damage|p1a: Rillaboom|59\/100\n|-damage|p2b: Ditto|63\/100|[from] Recoil\n|\n|upkeep\n|turn|8\n|inactive|Weakest blow has 30 seconds left.\n|\n|t:|1738047411\n|switch|p1b: Calyrex|Calyrex-Ice, L50, tera:Dark|46\/100\n|-ability|p1b: Calyrex|As One\n|-ability|p1b: Calyrex|Unnerve\n|-terastallize|p2b: Ditto|Ghost\n|move|p2a: Miraidon|Protect|p2a: Miraidon\n|-singleturn|p2a: Miraidon|Protect\n|move|p1a: Rillaboom|High Horsepower|p2a: Miraidon\n|-activate|p2a: Miraidon|move: Protect\n|move|p2b: Ditto|Wood Hammer|p1a: Rillaboom\n|-resisted|p1a: Rillaboom\n|-damage|p1a: Rillaboom|23\/100\n|-damage|p2b: Ditto|48\/100|[from] Recoil\n|\n|upkeep\n|turn|9\n|inactive|Weakest blow has 30 seconds left.\n|\n|t:|1738047440\n|move|p1b: Calyrex|Protect|p1b: Calyrex\n|-singleturn|p1b: Calyrex|Protect\n|move|p2a: Miraidon|Dazzling Gleam|p1a: Rillaboom|[spread] p1a\n|-activate|p1b: Calyrex|move: Protect\n|-damage|p1a: Rillaboom|0 fnt\n|faint|p1a: Rillaboom\n|-damage|p2a: Miraidon|23\/100|[from] item: Life Orb\n|move|p2b: Ditto|Wood Hammer|p1b: Calyrex\n|-activate|p1b: Calyrex|move: Protect\n|\n|upkeep\n|\n|t:|1738047449\n|switch|p1a: Ogerpon|Ogerpon-Hearthflame, L50, F|89\/100\n|-ability|p1a: Ogerpon|Mold Breaker\n|turn|10\n|\n|t:|1738047468\n|move|p2a: Miraidon|Dazzling Gleam|p1b: Calyrex|[spread] p1a,p1b\n|-resisted|p1a: Ogerpon\n|-supereffective|p1b: Calyrex\n|-damage|p1a: Ogerpon|69\/100\n|-damage|p1b: Calyrex|0 fnt\n|faint|p1b: Calyrex\n|-damage|p2a: Miraidon|13\/100|[from] item: Life Orb\n|move|p1a: Ogerpon|Ivy Cudgel|p2a: Miraidon|[anim] Ivy Cudgel Fire\n|-resisted|p2a: Miraidon\n|-damage|p2a: Miraidon|0 fnt\n|faint|p2a: Miraidon\n|move|p2b: Ditto|High Horsepower|p1a: Ogerpon\n|-damage|p1a: Ogerpon|27\/100\n|\n|upkeep\n|turn|11\n|\n|t:|1738047485\n|move|p1a: Ogerpon|Spiky Shield|p1a: Ogerpon\n|-singleturn|p1a: Ogerpon|move: Protect\n|move|p2b: Ditto|Fake Out||[still]\n|-hint|Fake Out only works on your first turn out.\n|-fail|p2b: Ditto\n|\n|-fieldend|move: Electric Terrain\n|upkeep\n|turn|12\n|\n|t:|1738047494\n|move|p1a: Ogerpon|Ivy Cudgel|p2b: Ditto|[anim] Ivy Cudgel Fire\n|-damage|p2b: Ditto|0 fnt\n|faint|p2b: Ditto\n|\n|win|Fehuo\n|raw|Fehuo's rating: 1640 &rarr; <strong>1662<\/strong><br \/>(+22 for winning)\n|raw|Weakest blow's rating: 1681 &rarr; <strong>1659<\/strong><br \/>(-22 for losing)\n|l|\u2606Fehuo\n|player|p1|\n","uploadtime":1738047511,"views":46,"formatid":"gen9vgc2025regg","rating":1659,"private":0,"password":null}