{"id":"gen9vgc2025regg-2289275458","format":"[Gen 9] VGC 2025 Reg G","players":["berg0123","yodapoke"],"log":"|j|\u2606berg0123\n|j|\u203dyodapoke\n|t:|1737999422\n|gametype|doubles\n|player|p1|berg0123|cynthia|1555\n|player|p2|yodapoke|lucas|1608\n|teamsize|p1|6\n|teamsize|p2|6\n|gen|9\n|tier|[Gen 9] VGC 2025 Reg G\n|rated|\n|rule|Species Clause: Limit one of each Pok\u00e9mon\n|rule|Item Clause: Limit 1 of each item\n|clearpoke\n|poke|p1|Zamazenta-*, L50|\n|poke|p1|Entei, L50|\n|poke|p1|Ogerpon-Wellspring, L50, F|\n|poke|p1|Rillaboom, L50, M|\n|poke|p1|Moltres-Galar, L50|\n|poke|p1|Chien-Pao, L50|\n|poke|p2|Lunala, L50|\n|poke|p2|Chi-Yu, L50|\n|poke|p2|Whimsicott, L50, M|\n|poke|p2|Rillaboom, L50, M|\n|poke|p2|Incineroar, L50, M|\n|poke|p2|Urshifu-*, L50, M|\n|teampreview|4\n|inactive|Battle timer is ON: inactive players will automatically lose when time's up. (requested by berg0123)\n|\n|t:|1737999453\n|start\n|switch|p1a: Moltres|Moltres-Galar, L50|100\/100\n|switch|p1b: Rillaboom|Rillaboom, L50, M|100\/100\n|switch|p2a: Incineroar|Incineroar, L50, M|100\/100\n|switch|p2b: Urshifu|Urshifu-Rapid-Strike, L50, M|100\/100\n|-fieldstart|move: Grassy Terrain|[from] ability: Grassy Surge|[of] p1b: Rillaboom\n|-ability|p2a: Incineroar|Intimidate|boost\n|-unboost|p1a: Moltres|atk|1\n|-unboost|p1b: Rillaboom|atk|1\n|turn|1\n|inactive|yodapoke has 30 seconds left.\n|inactive|yodapoke has 20 seconds left.\n|\n|t:|1737999489\n|move|p2a: Incineroar|Fake Out|p1a: Moltres\n|-damage|p1a: Moltres|90\/100\n|move|p2b: Urshifu|U-turn|p1b: Rillaboom\n|-supereffective|p1b: Rillaboom\n|-damage|p1b: Rillaboom|52\/100\n|\n|t:|1737999495\n|switch|p2b: Rillaboom|Rillaboom, L50, M|100\/100|[from] U-turn\n|cant|p1a: Moltres|flinch\n|move|p1b: Rillaboom|U-turn|p2a: Incineroar\n|-damage|p2a: Incineroar|90\/100\n|\n|t:|1737999501\n|switch|p1b: Entei|Entei, L50|100\/100|[from] U-turn\n|\n|-heal|p2a: Incineroar|96\/100|[from] Grassy Terrain\n|upkeep\n|turn|2\n|j| mr pogostick\n|inactive|yodapoke has 30 seconds left.\n|inactive|yodapoke has 20 seconds left.\n|inactive|yodapoke has 15 seconds left.\n|inactive|yodapoke has 10 seconds left.\n|\n|t:|1737999548\n|-terastallize|p2b: Rillaboom|Fire\n|move|p2b: Rillaboom|Fake Out|p1a: Moltres\n|-damage|p1a: Moltres|76\/100\n|cant|p1a: Moltres|flinch\n|move|p1b: Entei|Sacred Fire|p2b: Rillaboom\n|-resisted|p2b: Rillaboom\n|-damage|p2b: Rillaboom|73\/100\n|-damage|p1b: Entei|91\/100|[from] item: Life Orb\n|move|p2a: Incineroar|Parting Shot|p1a: Moltres\n|-unboost|p1a: Moltres|atk|1\n|-unboost|p1a: Moltres|spa|1\n|\n|t:|1737999562\n|switch|p2a: Urshifu|Urshifu-Rapid-Strike, L50, M|100\/100|[from] Parting Shot\n|\n|-heal|p1b: Entei|97\/100|[from] Grassy Terrain\n|-heal|p2b: Rillaboom|79\/100|[from] Grassy Terrain\n|upkeep\n|turn|3\n|\n|t:|1737999579\n|-terastallize|p1b: Entei|Normal\n|move|p1b: Entei|Extreme Speed|p2a: Urshifu\n|-damage|p2a: Urshifu|51\/100\n|-damage|p1b: Entei|87\/100|[from] item: Life Orb\n|move|p2a: Urshifu|Surging Strikes|p1b: Entei\n|-crit|p1b: Entei\n|-damage|p1b: Entei|68\/100\n|-crit|p1b: Entei\n|-damage|p1b: Entei|50\/100\n|-crit|p1b: Entei\n|-damage|p1b: Entei|30\/100\n|-hitcount|p1b: Entei|3\n|move|p1a: Moltres|Air Slash|p2a: Urshifu\n|-supereffective|p2a: Urshifu\n|-damage|p2a: Urshifu|0 fnt\n|faint|p2a: Urshifu\n|move|p2b: Rillaboom|U-turn|p1a: Moltres\n|-damage|p1a: Moltres|52\/100\n|inactive|yodapoke has 30 seconds left.\n|inactive|yodapoke has 20 seconds left.\n|inactive|yodapoke has 15 seconds left.\n|inactive|yodapoke has 10 seconds left.\n|\n|t:|1737999629\n|switch|p2b: Lunala|Lunala, L50|100\/100|[from] U-turn\n|\n|-heal|p1b: Entei|36\/100|[from] Grassy Terrain\n|upkeep\n|\n|t:|1737999635\n|switch|p2a: Rillaboom|Rillaboom, L50, M, tera:Fire|79\/100\n|turn|4\n|\n|t:|1737999655\n|switch|p1a: Rillaboom|Rillaboom, L50, M|52\/100\n|move|p1b: Entei|Extreme Speed|p2a: Rillaboom\n|-damage|p2a: Rillaboom|36\/100\n|-damage|p1b: Entei|26\/100|[from] item: Life Orb\n|move|p2a: Rillaboom|Grassy Glide|p1b: Entei\n|-damage|p1b: Entei|0 fnt\n|faint|p1b: Entei\n|move|p2b: Lunala|Calm Mind|p2b: Lunala\n|-boost|p2b: Lunala|spa|1\n|-boost|p2b: Lunala|spd|1\n|\n|-heal|p2a: Rillaboom|42\/100|[from] Grassy Terrain\n|-heal|p1a: Rillaboom|58\/100|[from] Grassy Terrain\n|upkeep\n|\n|t:|1737999669\n|switch|p1b: Zamazenta|Zamazenta-Crowned, L50|100\/100\n|-ability|p1b: Zamazenta|Dauntless Shield|boost\n|-boost|p1b: Zamazenta|def|1\n|turn|5\n|j| jfabricio23\n|\n|t:|1737999687\n|move|p1b: Zamazenta|Body Press|p2a: Rillaboom\n|-damage|p2a: Rillaboom|0 fnt\n|faint|p2a: Rillaboom\n|move|p2b: Lunala|Moongeist Beam|p1a: Rillaboom\n|-damage|p1a: Rillaboom|1\/100\n|move|p1a: Rillaboom|Wood Hammer|p2b: Lunala\n|-damage|p2b: Lunala|68\/100\n|-damage|p1a: Rillaboom|0 fnt|[from] Recoil\n|faint|p1a: Rillaboom\n|\n|-heal|p2b: Lunala|74\/100|[from] Grassy Terrain\n|-heal|p2b: Lunala|80\/100|[from] item: Leftovers\n|-fieldend|move: Grassy Terrain\n|upkeep\n|\n|t:|1737999701\n|switch|p2a: Incineroar|Incineroar, L50, M|96\/100\n|switch|p1a: Moltres|Moltres-Galar, L50|52\/100\n|-ability|p2a: Incineroar|Intimidate|boost\n|-unboost|p1a: Moltres|atk|1\n|-unboost|p1b: Zamazenta|atk|1\n|turn|6\n|j| mentalrofl\n|\n|t:|1737999722\n|move|p2a: Incineroar|Fake Out|p1a: Moltres\n|-damage|p1a: Moltres|42\/100\n|-ability|p1a: Moltres|Berserk|boost\n|-boost|p1a: Moltres|spa|1\n|-enditem|p1a: Moltres|Sitrus Berry|[eat]\n|-heal|p1a: Moltres|67\/100|[from] item: Sitrus Berry\n|move|p1b: Zamazenta|Body Press|p2a: Incineroar\n|-supereffective|p2a: Incineroar\n|-damage|p2a: Incineroar|0 fnt\n|faint|p2a: Incineroar\n|move|p2b: Lunala|Dazzling Gleam|p1a: Moltres|[spread] p1a,p1b\n|-supereffective|p1a: Moltres\n|-damage|p1a: Moltres|16\/100\n|-damage|p1b: Zamazenta|77\/100\n|-ability|p1a: Moltres|Berserk|boost\n|-boost|p1a: Moltres|spa|1\n|cant|p1a: Moltres|flinch\n|\n|-heal|p2b: Lunala|86\/100|[from] item: Leftovers\n|upkeep\n|turn|7\n|\n|t:|1737999739\n|move|p1b: Zamazenta|Wide Guard|p1b: Zamazenta\n|-singleturn|p1b: Zamazenta|Wide Guard\n|move|p2b: Lunala|Moongeist Beam|p1a: Moltres\n|-resisted|p1a: Moltres\n|-damage|p1a: Moltres|0 fnt\n|faint|p1a: Moltres\n|\n|-heal|p2b: Lunala|92\/100|[from] item: Leftovers\n|upkeep\n|turn|8\n|\n|t:|1737999750\n|move|p1b: Zamazenta|Behemoth Bash|p2b: Lunala\n|-damage|p2b: Lunala|71\/100\n|move|p2b: Lunala|Moongeist Beam|p1b: Zamazenta\n|-damage|p1b: Zamazenta|22\/100\n|\n|-heal|p2b: Lunala|77\/100|[from] item: Leftovers\n|upkeep\n|turn|9\n|-message|berg0123 forfeited.\n|\n|win|yodapoke\n|raw|berg0123's rating: 1555 &rarr; <strong>1538<\/strong><br \/>(-17 for losing)\n|raw|yodapoke's rating: 1608 &rarr; <strong>1625<\/strong><br \/>(+17 for winning)\n|l|\u2606berg0123\n|player|p1|\n|l| mentalrofl\n|l|\u203dyodapoke\n|player|p2|\n|l| jfabricio23\n","uploadtime":1738000026,"views":5,"formatid":"gen9vgc2025regg","rating":1538,"private":0,"password":null}