{"id":"gen9vgc2025regg-2289825054","format":"[Gen 9] VGC 2025 Reg G","players":["Weakest blow","megraxVGC"],"log":"|j|\u2606Weakest blow\n|j|\u2606megraxVGC\n|t:|1738071931\n|gametype|doubles\n|player|p1|Weakest blow|depotagent|1568\n|player|p2|megraxVGC|steven|1551\n|teamsize|p1|6\n|teamsize|p2|6\n|gen|9\n|tier|[Gen 9] VGC 2025 Reg G\n|rated|\n|rule|Species Clause: Limit one of each Pok\u00e9mon\n|rule|Item Clause: Limit 1 of each item\n|clearpoke\n|poke|p1|Ditto, L50|\n|poke|p1|Iron Hands, L50|\n|poke|p1|Miraidon, L50|\n|poke|p1|Pelipper, L50, M|\n|poke|p1|Volcarona, L50, F|\n|poke|p1|Whimsicott, L50, F|\n|poke|p2|Calyrex-Shadow, L50|\n|poke|p2|Urshifu-*, L50, M|\n|poke|p2|Tornadus, L50, M|\n|poke|p2|Iron Hands, L50|\n|poke|p2|Farigiraf, L50, F|\n|poke|p2|Landorus, L50, M|\n|teampreview|4\n|inactive|Battle timer is ON: inactive players will automatically lose when time's up. (requested by megraxVGC)\n|j| wisteria812\n|inactive|megraxVGC has 60 seconds left.\n|\n|t:|1738071969\n|start\n|switch|p1a: Whimsicott|Whimsicott, L50, F|100\/100\n|switch|p1b: Miraidon|Miraidon, L50|100\/100\n|switch|p2a: Tornadus|Tornadus, L50, M|100\/100\n|switch|p2b: Landorus|Landorus, L50, M|100\/100\n|-fieldstart|move: Electric Terrain|[from] ability: Hadron Engine|[of] p1b: Miraidon\n|turn|1\n|\n|t:|1738071992\n|-terastallize|p1b: Miraidon|Fairy\n|-terastallize|p2a: Tornadus|Dark\n|move|p1a: Whimsicott|Light Screen|p1a: Whimsicott\n|-sidestart|p1: Weakest blow|move: Light Screen\n|move|p2a: Tornadus|Tailwind|p2a: Tornadus\n|-sidestart|p2: megraxVGC|move: Tailwind\n|move|p2b: Landorus|Earth Power|p1b: Miraidon\n|-damage|p1b: Miraidon|56\/100\n|move|p1b: Miraidon|Dazzling Gleam|p2b: Landorus|[spread] p2a,p2b\n|-supereffective|p2a: Tornadus\n|-damage|p2a: Tornadus|0 fnt\n|-damage|p2b: Landorus|28\/100\n|faint|p2a: Tornadus\n|-damage|p1b: Miraidon|47\/100|[from] item: Life Orb\n|\n|upkeep\n|\n|t:|1738072003\n|switch|p2a: Calyrex|Calyrex-Shadow, L50|100\/100\n|-ability|p2a: Calyrex|As One\n|-ability|p2a: Calyrex|Unnerve\n|turn|2\n|inactive|Weakest blow has 30 seconds left.\n|inactive|Weakest blow has 20 seconds left.\n|\n|t:|1738072042\n|move|p1a: Whimsicott|Tailwind|p1a: Whimsicott\n|-sidestart|p1: Weakest blow|move: Tailwind\n|move|p2a: Calyrex|Astral Barrage|p1b: Miraidon|[spread] p1a,p1b\n|-damage|p1a: Whimsicott|58\/100\n|-damage|p1b: Miraidon|14\/100\n|move|p1b: Miraidon|Dazzling Gleam|p2b: Landorus|[spread] p2a,p2b\n|-damage|p2a: Calyrex|44\/100\n|-damage|p2b: Landorus|0 fnt\n|faint|p2b: Landorus\n|-damage|p1b: Miraidon|4\/100|[from] item: Life Orb\n|\n|upkeep\n|\n|t:|1738072049\n|switch|p2b: Farigiraf|Farigiraf, L50, F|100\/100\n|turn|3\n|inactive|Weakest blow has 30 seconds left.\n|\n|t:|1738072075\n|move|p2b: Farigiraf|Helping Hand|p2a: Calyrex\n|-singleturn|p2a: Calyrex|Helping Hand|[of] p2b: Farigiraf\n|move|p2a: Calyrex|Astral Barrage|p1a: Whimsicott|[spread] p1a,p1b\n|-damage|p1a: Whimsicott|0 fnt\n|-damage|p1b: Miraidon|0 fnt\n|faint|p1a: Whimsicott\n|faint|p1b: Miraidon\n|-ability|p2a: Calyrex|Grim Neigh|boost\n|-boost|p2a: Calyrex|spa|2\n|\n|upkeep\n|\n|t:|1738072093\n|switch|p1b: Ditto|Ditto, L50|100\/100\n|switch|p1a: Iron Hands|Iron Hands, L50|100\/100\n|-transform|p1b: Ditto|p2a: Calyrex|[from] ability: Imposter\n|-ability|p1b: Ditto|As One\n|-ability|p1b: Ditto|Unnerve\n|-activate|p1a: Iron Hands|ability: Quark Drive\n|-start|p1a: Iron Hands|quarkdriveatk\n|turn|4\n|inactive|Weakest blow has 30 seconds left.\n|\n|t:|1738072120\n|move|p1b: Ditto|Psychic|p2a: Calyrex\n|-resisted|p2a: Calyrex\n|-damage|p2a: Calyrex|0 fnt\n|faint|p2a: Calyrex\n|-ability|p1b: Ditto|Grim Neigh|boost\n|-boost|p1b: Ditto|spa|1\n|move|p2b: Farigiraf|Psychic Noise|p1b: Ditto\n|-resisted|p1b: Ditto\n|-damage|p1b: Ditto|90\/100\n|-start|p1b: Ditto|move: Heal Block\n|move|p1a: Iron Hands|Low Kick|p2b: Farigiraf\n|-damage|p2b: Farigiraf|42\/100\n|\n|-heal|p2b: Farigiraf|48\/100|[from] item: Leftovers\n|-sideend|p2: megraxVGC|move: Tailwind\n|upkeep\n|turn|5\n|-message|megraxVGC forfeited.\n|\n|win|Weakest blow\n|raw|Weakest blow's rating: 1568 &rarr; <strong>1587<\/strong><br \/>(+19 for winning)\n|raw|megraxVGC's rating: 1551 &rarr; <strong>1532<\/strong><br \/>(-19 for losing)\n|l|\u2606megraxVGC\n|player|p2|\n|l| wisteria812\n","uploadtime":1738072365,"views":5,"formatid":"gen9vgc2025regg","rating":1532,"private":0,"password":null}