{"id":"gen9vgc2025regg-2289622067","format":"[Gen 9] VGC 2025 Reg G","players":["rxsdcfvgbhnm","elvegis1"],"log":"|j|\u2606rxsdcfvgbhnm\n|j|\u2606elvegis1\n|t:|1738038066\n|gametype|doubles\n|player|p1|rxsdcfvgbhnm|unknown|1567\n|player|p2|elvegis1|lucas|1587\n|teamsize|p1|6\n|teamsize|p2|6\n|gen|9\n|tier|[Gen 9] VGC 2025 Reg G\n|rated|\n|rule|Species Clause: Limit one of each Pok\u00e9mon\n|rule|Item Clause: Limit 1 of each item\n|clearpoke\n|poke|p1|Weezing-Galar, L50, M|\n|poke|p1|Calyrex-Shadow, L50|\n|poke|p1|Indeedee-F, L50, F|\n|poke|p1|Dondozo, L50, F|\n|poke|p1|Tatsugiri-Droopy, L50, M|\n|poke|p1|Urshifu-*, L50, F|\n|poke|p2|Incineroar, L50, F|\n|poke|p2|Urshifu-*, L50, M|\n|poke|p2|Rillaboom, L50, F|\n|poke|p2|Grimmsnarl, L50, M|\n|poke|p2|Amoonguss, L50, M|\n|poke|p2|Kyogre, L50|\n|teampreview|4\n|inactive|Battle timer is ON: inactive players will automatically lose when time's up. (requested by rxsdcfvgbhnm)\nrxsdcfvgbhnm rejected open team sheets.\n|\n|t:|1738038091\n|start\n|switch|p1a: combo|Dondozo, L50, F|100\/100\n|switch|p1b: pink-man|Tatsugiri-Droopy, L50, M, shiny|100\/100\n|switch|p2a: Urshifu|Urshifu, L50, M|100\/100\n|switch|p2b: Kyogre|Kyogre, L50|100\/100\n|-activate|p1b: pink-man|ability: Commander|[of] p1a: combo\n|-boost|p1a: combo|atk|2\n|-boost|p1a: combo|spa|2\n|-boost|p1a: combo|spe|2\n|-boost|p1a: combo|def|2\n|-boost|p1a: combo|spd|2\n|-weather|RainDance|[from] ability: Drizzle|[of] p2b: Kyogre\n|turn|1\n|\n|t:|1738038109\n|switch|p2b: Incineroar|Incineroar, L50, F|100\/100\n|-ability|p2b: Incineroar|Intimidate|boost\n|-unboost|p1a: combo|atk|1\n|-unboost|p1b: pink-man|atk|1\n|move|p2a: Urshifu|Detect|p2a: Urshifu\n|-singleturn|p2a: Urshifu|Protect\n|move|p1a: combo|Order Up|p2a: Urshifu\n|-activate|p2a: Urshifu|move: Protect\n|\n|-weather|RainDance|[upkeep]\n|upkeep\n|turn|2\n|\n|t:|1738038121\n|-terastallize|p2a: Urshifu|Dark\n|move|p1a: combo|Protect|p1a: combo\n|-singleturn|p1a: combo|Protect\n|move|p2b: Incineroar|Fake Out|p1a: combo\n|-activate|p1a: combo|move: Protect\n|move|p2a: Urshifu|Wicked Blow|p1a: combo\n|-crit|p1a: combo\n|-damage|p1a: combo|57\/100\n|\n|-weather|RainDance|[upkeep]\n|-heal|p1a: combo|63\/100|[from] item: Leftovers\n|upkeep\n|turn|3\n|\n|t:|1738038140\n|switch|p2b: Amoonguss|Amoonguss, L50, M|100\/100\n|move|p1a: combo|Body Press|p2a: Urshifu\n|-supereffective|p2a: Urshifu\n|-enditem|p2a: Urshifu|Focus Sash\n|-damage|p2a: Urshifu|1\/100\n|move|p2a: Urshifu|Wicked Blow|p1a: combo\n|-crit|p1a: combo\n|-damage|p1a: combo|20\/100\n|\n|-weather|RainDance|[upkeep]\n|-heal|p1a: combo|26\/100|[from] item: Leftovers\n|upkeep\n|turn|4\n|inactive|elvegis1 has 30 seconds left.\n|\n|t:|1738038170\n|switch|p2b: Incineroar|Incineroar, L50, F|100\/100\n|-ability|p2b: Incineroar|Intimidate|boost\n|-unboost|p1a: combo|atk|1\n|-unboost|p1b: pink-man|atk|1\n|move|p2a: Urshifu|Detect|p2a: Urshifu\n|-singleturn|p2a: Urshifu|Protect\n|move|p1a: combo|Order Up|p2a: Urshifu\n|-activate|p2a: Urshifu|move: Protect\n|\n|-weather|RainDance|[upkeep]\n|-heal|p1a: combo|32\/100|[from] item: Leftovers\n|upkeep\n|turn|5\n|\n|t:|1738038180\n|move|p2b: Incineroar|Fake Out|p1a: combo\n|-damage|p1a: combo|29\/100\n|cant|p1a: combo|flinch\n|move|p2a: Urshifu|Wicked Blow|p1a: combo\n|-crit|p1a: combo\n|-damage|p1a: combo|0 fnt\n|faint|p1a: combo\n|\n|-weather|none\n|upkeep\n|\n|t:|1738038192\n|switch|p1a: gustavo fring|Calyrex-Shadow, L50|100\/100\n|-ability|p1a: gustavo fring|As One\n|-ability|p1a: gustavo fring|Unnerve\n|turn|6\n|inactive|elvegis1 has 30 seconds left.\n|inactive|elvegis1 has 20 seconds left.\n|inactive|elvegis1 has 15 seconds left.\n|\n|t:|1738038233\n|switch|p1a: skyler|Indeedee-F, L50, F|100\/100\n|-fieldstart|move: Psychic Terrain|[from] ability: Psychic Surge|[of] p1a: skyler\n|-terastallize|p1b: pink-man|Stellar\n|move|p2a: Urshifu|Detect|p2a: Urshifu\n|-singleturn|p2a: Urshifu|Protect\n|move|p1b: pink-man|Muddy Water|p2a: Urshifu|[spread] p2b\n|-activate|p2a: Urshifu|move: Protect\n|-supereffective|p2b: Incineroar\n|-damage|p2b: Incineroar|23\/100\n|move|p2b: Incineroar|Parting Shot|p1b: pink-man\n|-unboost|p1b: pink-man|atk|1\n|-unboost|p1b: pink-man|spa|1\n|\n|t:|1738038258\n|switch|p2b: Kyogre|Kyogre, L50|100\/100|[from] Parting Shot\n|-weather|RainDance|[from] ability: Drizzle|[of] p2b: Kyogre\n|\n|-weather|RainDance|[upkeep]\n|upkeep\n|turn|7\n|\n|t:|1738038269\n|switch|p2a: Incineroar|Incineroar, L50, F|23\/100\n|-ability|p2a: Incineroar|Intimidate|boost\n|-unboost|p1a: skyler|atk|1\n|-unboost|p1b: pink-man|atk|1\n|move|p1a: skyler|Follow Me|p1a: skyler\n|-singleturn|p1a: skyler|move: Follow Me\n|move|p1b: pink-man|Draco Meteor|p2b: Kyogre\n|-damage|p2b: Kyogre|60\/100\n|-unboost|p1b: pink-man|spa|2\n|move|p2b: Kyogre|Calm Mind|p2b: Kyogre\n|-boost|p2b: Kyogre|spa|1\n|-boost|p2b: Kyogre|spd|1\n|\n|-weather|RainDance|[upkeep]\n|-heal|p2b: Kyogre|66\/100|[from] item: Leftovers\n|upkeep\n|turn|8\n|\n|t:|1738038294\n|move|p1a: skyler|Helping Hand|p1b: pink-man\n|-singleturn|p1b: pink-man|Helping Hand|[of] p1a: skyler\n|move|p2b: Kyogre|Protect|p2b: Kyogre\n|-singleturn|p2b: Kyogre|Protect\n|move|p1b: pink-man|Muddy Water|p2a: Incineroar|[spread] p2a\n|-activate|p2b: Kyogre|move: Protect\n|-supereffective|p2a: Incineroar\n|-damage|p2a: Incineroar|0 fnt\n|faint|p2a: Incineroar\n|\n|-weather|RainDance|[upkeep]\n|-heal|p2b: Kyogre|72\/100|[from] item: Leftovers\n|upkeep\n|\n|t:|1738038301\n|switch|p2a: Amoonguss|Amoonguss, L50, M|100\/100\n|turn|9\n|\n|t:|1738038326\n|move|p1b: pink-man|Muddy Water|p2a: Amoonguss|[spread] p2b\n|-miss|p1b: pink-man|p2a: Amoonguss\n|-resisted|p2b: Kyogre\n|-damage|p2b: Kyogre|67\/100\n|-unboost|p2b: Kyogre|accuracy|1\n|move|p2b: Kyogre|Water Spout|p1a: skyler|[spread] p1a,p1b\n|-resisted|p1b: pink-man\n|-damage|p1a: skyler|16\/100\n|-damage|p1b: pink-man|70\/100\n|move|p1a: skyler|Psyshock|p2a: Amoonguss\n|-supereffective|p2a: Amoonguss\n|-damage|p2a: Amoonguss|49\/100\n|move|p2a: Amoonguss|Spore|p1b: pink-man\n|-status|p1b: pink-man|slp|[from] move: Spore\n|\n|-weather|RainDance|[upkeep]\n|-heal|p2b: Kyogre|73\/100|[from] item: Leftovers\n|upkeep\n|turn|10\n|inactive|elvegis1 has 30 seconds left.\n|\n|t:|1738038355\n|switch|p1a: gustavo fring|Calyrex-Shadow, L50|100\/100\n|-ability|p1a: gustavo fring|As One\n|-ability|p1a: gustavo fring|Unnerve\n|switch|p2a: Urshifu|Urshifu, L50, M, tera:Dark|1\/100\n|cant|p1b: pink-man|slp\n|move|p2b: Kyogre|Calm Mind|p2b: Kyogre\n|-boost|p2b: Kyogre|spa|1\n|-boost|p2b: Kyogre|spd|1\n|\n|-weather|none\n|-heal|p2b: Kyogre|79\/100|[from] item: Leftovers\n|-fieldend|move: Psychic Terrain\n|upkeep\n|turn|11\n|j| takuchyan\n|\n|t:|1738038374\n|switch|p1b: skyler|Indeedee-F, L50, F|16\/100\n|-fieldstart|move: Psychic Terrain|[from] ability: Psychic Surge|[of] p1b: skyler\n|move|p2a: Urshifu|Detect|p2a: Urshifu\n|-singleturn|p2a: Urshifu|Protect\n|move|p1a: gustavo fring|Astral Barrage|p2a: Urshifu|[spread] p2b\n|-activate|p2a: Urshifu|move: Protect\n|-damage|p2b: Kyogre|57\/100\n|-damage|p1a: gustavo fring|91\/100|[from] item: Life Orb\n|move|p2b: Kyogre|Water Spout|p1a: gustavo fring|[spread] p1a\n|-miss|p2b: Kyogre|p1b: skyler\n|-damage|p1a: gustavo fring|21\/100\n|\n|-heal|p2b: Kyogre|63\/100|[from] item: Leftovers\n|upkeep\n|turn|12\n|\n|t:|1738038396\n|move|p1b: skyler|Helping Hand|p1a: gustavo fring\n|-singleturn|p1a: gustavo fring|Helping Hand|[of] p1b: skyler\n|move|p1a: gustavo fring|Expanding Force|p2a: Urshifu|[spread] p2b\n|-immune|p2a: Urshifu\n|-damage|p2b: Kyogre|15\/100\n|-damage|p1a: gustavo fring|11\/100|[from] item: Life Orb\n|move|p2a: Urshifu|Wicked Blow|p1a: gustavo fring\n|-supereffective|p1a: gustavo fring\n|-crit|p1a: gustavo fring\n|-damage|p1a: gustavo fring|0 fnt\n|faint|p1a: gustavo fring\n|move|p2b: Kyogre|Water Spout|p1b: skyler\n|-damage|p1b: skyler|0 fnt\n|faint|p1b: skyler\n|\n|-heal|p2b: Kyogre|21\/100|[from] item: Leftovers\n|upkeep\n|\n|t:|1738038403\n|switch|p1b: pink-man|Tatsugiri-Droopy, L50, M, shiny, tera:Stellar|70\/100 slp\n|turn|13\n|\n|t:|1738038409\n|move|p2a: Urshifu|Wicked Blow|p1b: pink-man\n|-crit|p1b: pink-man\n|-damage|p1b: pink-man|0 fnt\n|faint|p1b: pink-man\n|\n|win|elvegis1\n|raw|rxsdcfvgbhnm's rating: 1567 &rarr; <strong>1548<\/strong><br \/>(-19 for losing)\n|raw|elvegis1's rating: 1587 &rarr; <strong>1606<\/strong><br \/>(+19 for winning)\n|l|\u2606rxsdcfvgbhnm\n|player|p1|\n|l|\u2606elvegis1\n|player|p2|\n","uploadtime":1738038650,"views":9,"formatid":"gen9vgc2025regg","rating":1548,"private":0,"password":null}