{"id":"gen9vgc2025regg-2289132466","format":"[Gen 9] VGC 2025 Reg G","players":["MadMat48","Ibrahimovicvgc"],"log":"|j|\u2606MadMat48\n|j|\u2606Ibrahimovicvgc\n|t:|1737984379\n|gametype|doubles\n|player|p1|MadMat48|101|1577\n|player|p2|Ibrahimovicvgc|1|1574\n|teamsize|p1|6\n|teamsize|p2|6\n|gen|9\n|tier|[Gen 9] VGC 2025 Reg G\n|rated|\n|rule|Species Clause: Limit one of each Pok\u00e9mon\n|rule|Item Clause: Limit 1 of each item\n|clearpoke\n|poke|p1|Groudon, L50|\n|poke|p1|Jumpluff, L50, F|\n|poke|p1|Raging Bolt, L50|\n|poke|p1|Chien-Pao, L50|\n|poke|p1|Entei, L50|\n|poke|p1|Flutter Mane, L50|\n|poke|p2|Tatsugiri, L50, F|\n|poke|p2|Chi-Yu, L50|\n|poke|p2|Dondozo, L50, F|\n|poke|p2|Gholdengo, L50|\n|poke|p2|Miraidon, L50|\n|poke|p2|Talonflame, L50, M|\n|teampreview|4\n|inactive|Battle timer is ON: inactive players will automatically lose when time's up. (requested by MadMat48)\n|inactive|Ibrahimovicvgc has 60 seconds left.\n|j| Snap shot933\n|\n|t:|1737984436\n|start\n|switch|p1a: Groudon|Groudon, L50|100\/100\n|switch|p1b: Chien-Pao|Chien-Pao, L50|100\/100\n|switch|p2a: Chi-Yu|Chi-Yu, L50|100\/100\n|switch|p2b: Miraidon|Miraidon, L50|100\/100\n|-ability|p1b: Chien-Pao|Sword of Ruin\n|-fieldstart|move: Electric Terrain|[from] ability: Hadron Engine|[of] p2b: Miraidon\n|-ability|p2a: Chi-Yu|Beads of Ruin\n|-weather|SunnyDay|[from] ability: Drought|[of] p1a: Groudon\n|turn|1\n|inactive|MadMat48 has 30 seconds left.\n|\n|t:|1737984463\n|switch|p1a: Flutter Mane|Flutter Mane, L50|100\/100\n|-activate|p1a: Flutter Mane|ability: Protosynthesis\n|-start|p1a: Flutter Mane|protosynthesisspe\n|move|p2b: Miraidon|Protect|p2b: Miraidon\n|-singleturn|p2b: Miraidon|Protect\n|move|p1b: Chien-Pao|Ice Spinner|p2b: Miraidon\n|-activate|p2b: Miraidon|move: Protect\n|move|p2a: Chi-Yu|Heat Wave|p1b: Chien-Pao|[spread] p1a,p1b\n|-supereffective|p1b: Chien-Pao\n|-crit|p1b: Chien-Pao\n|-damage|p1a: Flutter Mane|19\/100\n|-enditem|p1b: Chien-Pao|Focus Sash\n|-damage|p1b: Chien-Pao|1\/100\n|\n|-weather|SunnyDay|[upkeep]\n|upkeep\n|turn|2\n|inactive|Ibrahimovicvgc has 30 seconds left.\n|inactive|Ibrahimovicvgc has 20 seconds left.\n|inactive|Ibrahimovicvgc has 15 seconds left.\n|inactive|Ibrahimovicvgc has 10 seconds left.\n|inactive|Ibrahimovicvgc has 5 seconds left.\n|\n|t:|1737984514\n|switch|p2b: Dondozo|Dondozo, L50, F|100\/100\n|switch|p2a: Tatsugiri|Tatsugiri, L50, F|100\/100\n|-activate|p2a: Tatsugiri|ability: Commander|[of] p2b: Dondozo\n|-boost|p2b: Dondozo|atk|2\n|-boost|p2b: Dondozo|spa|2\n|-boost|p2b: Dondozo|spe|2\n|-boost|p2b: Dondozo|def|2\n|-boost|p2b: Dondozo|spd|2\n|-terastallize|p1a: Flutter Mane|Fairy\n|move|p1b: Chien-Pao|Protect|p1b: Chien-Pao\n|-singleturn|p1b: Chien-Pao|Protect\n|move|p1a: Flutter Mane|Dazzling Gleam|p2a: Tatsugiri|[spread] p2b\n|-miss|p1a: Flutter Mane|p2a: Tatsugiri\n|-damage|p2b: Dondozo|67\/100\n|\n|-weather|SunnyDay|[upkeep]\n|-heal|p2b: Dondozo|73\/100|[from] item: Leftovers\n|upkeep\n|turn|3\n|l| Snap shot933\n|\n|t:|1737984536\n|switch|p1b: Groudon|Groudon, L50|100\/100\n|move|p1a: Flutter Mane|Dazzling Gleam|p2a: Tatsugiri|[spread] p2b\n|-miss|p1a: Flutter Mane|p2a: Tatsugiri\n|-damage|p2b: Dondozo|41\/100\n|move|p2b: Dondozo|Earthquake|p1b: Groudon|[spread] p1a,p1b\n|-miss|p2b: Dondozo|p2a: Tatsugiri\n|-damage|p1a: Flutter Mane|0 fnt\n|-damage|p1b: Groudon|65\/100\n|faint|p1a: Flutter Mane\n|-end|p1a: Flutter Mane|Protosynthesis|[silent]\n|\n|-weather|SunnyDay|[upkeep]\n|-heal|p2b: Dondozo|47\/100|[from] item: Leftovers\n|upkeep\n|\n|t:|1737984545\n|switch|p1a: Chien-Pao|Chien-Pao, L50|1\/100\n|-ability|p1a: Chien-Pao|Sword of Ruin\n|turn|4\n|\n|t:|1737984554\n|move|p1a: Chien-Pao|Protect|p1a: Chien-Pao\n|-singleturn|p1a: Chien-Pao|Protect\n|move|p2b: Dondozo|Protect|p2b: Dondozo\n|-singleturn|p2b: Dondozo|Protect\n|move|p1b: Groudon|High Horsepower|p2b: Dondozo\n|-activate|p2b: Dondozo|move: Protect\n|\n|-weather|SunnyDay|[upkeep]\n|-heal|p2b: Dondozo|54\/100|[from] item: Leftovers\n|upkeep\n|turn|5\n|\n|t:|1737984566\n|move|p1a: Chien-Pao|Ice Spinner|p2b: Dondozo\n|-resisted|p2b: Dondozo\n|-damage|p2b: Dondozo|43\/100\n|-fieldend|move: Electric Terrain\n|move|p2b: Dondozo|Earthquake|p1a: Chien-Pao|[spread] p1a,p1b\n|-miss|p2b: Dondozo|p2a: Tatsugiri\n|-damage|p1a: Chien-Pao|0 fnt\n|-damage|p1b: Groudon|20\/100\n|faint|p1a: Chien-Pao\n|move|p1b: Groudon|High Horsepower|p2b: Dondozo\n|-damage|p2b: Dondozo|13\/100\n|\n|-weather|none\n|-heal|p2b: Dondozo|20\/100|[from] item: Leftovers\n|upkeep\n|\n|t:|1737984572\n|switch|p1a: Entei|Entei, L50|100\/100\n|turn|6\n|\n|t:|1737984582\n|move|p2b: Dondozo|Protect|p2b: Dondozo\n|-singleturn|p2b: Dondozo|Protect\n|move|p1a: Entei|Extreme Speed|p2b: Dondozo\n|-activate|p2b: Dondozo|move: Protect\n|move|p1b: Groudon|High Horsepower|p2a: Tatsugiri|[miss]\n|-miss|p1b: Groudon|p2a: Tatsugiri\n|\n|-heal|p2b: Dondozo|26\/100|[from] item: Leftovers\n|upkeep\n|turn|7\n|\n|t:|1737984595\n|move|p1a: Entei|Extreme Speed|p2b: Dondozo\n|-damage|p2b: Dondozo|13\/100\n|-damage|p1a: Entei|91\/100|[from] item: Life Orb\n|move|p2b: Dondozo|Earthquake|p1b: Groudon|[spread] p1a,p1b\n|-miss|p2b: Dondozo|p2a: Tatsugiri\n|-supereffective|p1a: Entei\n|-damage|p1a: Entei|0 fnt\n|-damage|p1b: Groudon|0 fnt\n|faint|p1a: Entei\n|faint|p1b: Groudon\n|\n|win|Ibrahimovicvgc\n|raw|MadMat48's rating: 1577 &rarr; <strong>1557<\/strong><br \/>(-20 for losing)\n|raw|Ibrahimovicvgc's rating: 1574 &rarr; <strong>1594<\/strong><br \/>(+20 for winning)\n|l|\u2606MadMat48\n|player|p1|\n|l|\u2606Ibrahimovicvgc\n|player|p2|\n","uploadtime":1737984765,"views":5,"formatid":"gen9vgc2025regg","rating":1557,"private":0,"password":null}