{"id":"gen9vgc2025regg-2289004611","format":"[Gen 9] VGC 2025 Reg G","players":["Imnotagni","Dearp"],"log":"|j|\u2606Imnotagni\n|j|\u2606Dearp\n|t:|1737962330\n|gametype|doubles\n|player|p1|Imnotagni|policeman-gen4|1634\n|player|p2|Dearp|battlegirl|1641\n|teamsize|p1|6\n|teamsize|p2|6\n|gen|9\n|tier|[Gen 9] VGC 2025 Reg G\n|rated|\n|rule|Species Clause: Limit one of each Pok\u00e9mon\n|rule|Item Clause: Limit 1 of each item\n|clearpoke\n|poke|p1|Tornadus, L50, M|\n|poke|p1|Chien-Pao, L50|\n|poke|p1|Urshifu-*, L50, F|\n|poke|p1|Tsareena, L50, F|\n|poke|p1|Rillaboom, L50, M|\n|poke|p1|Kyogre, L50|\n|poke|p2|Torkoal, L50, F|\n|poke|p2|Ogerpon-Wellspring, L50, F|\n|poke|p2|Ting-Lu, L50|\n|poke|p2|Calyrex-Ice, L50|\n|poke|p2|Indeedee-F, L50, F|\n|poke|p2|Gallade, L50, M|\n|teampreview|4\n|inactive|Battle timer is ON: inactive players will automatically lose when time's up. (requested by Imnotagni)\n|j| tanoob\n|inactive|Imnotagni has 60 seconds left.\n|\n|t:|1737962362\n|start\n|switch|p1a: Chien-Pao|Chien-Pao, L50|100\/100\n|switch|p1b: Urshifu|Urshifu-Rapid-Strike, L50, F|100\/100\n|switch|p2a: Calyrex|Calyrex-Ice, L50|100\/100\n|switch|p2b: Ogerpon|Ogerpon-Wellspring, L50, F|100\/100\n|-ability|p2a: Calyrex|As One\n|-ability|p2a: Calyrex|Unnerve\n|-ability|p1a: Chien-Pao|Sword of Ruin\n|turn|1\n|l| tanoob\n|inactive|Imnotagni has 30 seconds left.\n|inactive|Imnotagni has 20 seconds left.\n|\n|t:|1737962399\n|switch|p2b: Torkoal|Torkoal, L50, F|100\/100\n|-weather|SunnyDay|[from] ability: Drought|[of] p2b: Torkoal\n|-terastallize|p1a: Chien-Pao|Stellar\n|-terastallize|p2a: Calyrex|Dragon\n|move|p1a: Chien-Pao|Icicle Crash|p2b: Torkoal\n|-resisted|p2b: Torkoal\n|-damage|p2b: Torkoal|72\/100\n|move|p1b: Urshifu|Surging Strikes|p2a: Calyrex\n|-resisted|p2a: Calyrex\n|-crit|p2a: Calyrex\n|-damage|p2a: Calyrex|96\/100\n|-resisted|p2a: Calyrex\n|-crit|p2a: Calyrex\n|-damage|p2a: Calyrex|91\/100\n|-resisted|p2a: Calyrex\n|-crit|p2a: Calyrex\n|-damage|p2a: Calyrex|86\/100\n|-hitcount|p2a: Calyrex|3\n|-damage|p1b: Urshifu|91\/100|[from] item: Life Orb\n|move|p2a: Calyrex|Trick Room|p2a: Calyrex\n|-fieldstart|move: Trick Room|[of] p2a: Calyrex\n|\n|-weather|SunnyDay|[upkeep]\n|upkeep\n|turn|2\n|\n|t:|1737962416\n|switch|p1a: Kyogre|Kyogre, L50, shiny|100\/100\n|-weather|RainDance|[from] ability: Drizzle|[of] p1a: Kyogre\n|move|p2b: Torkoal|Weather Ball|p1a: Kyogre\n|-resisted|p1a: Kyogre\n|-crit|p1a: Kyogre\n|-damage|p1a: Kyogre|77\/100\n|move|p2a: Calyrex|Glacial Lance|p1a: Kyogre|[spread] p1a,p1b\n|-resisted|p1a: Kyogre\n|-resisted|p1b: Urshifu\n|-damage|p1a: Kyogre|50\/100\n|-damage|p1b: Urshifu|65\/100\n|move|p1b: Urshifu|Surging Strikes|p2b: Torkoal\n|-supereffective|p2b: Torkoal\n|-crit|p2b: Torkoal\n|-damage|p2b: Torkoal|8\/100\n|-supereffective|p2b: Torkoal\n|-crit|p2b: Torkoal\n|-damage|p2b: Torkoal|0 fnt\n|faint|p2b: Torkoal\n|-hitcount|p2: Torkoal|2\n|-damage|p1b: Urshifu|55\/100|[from] item: Life Orb\n|\n|-weather|RainDance|[upkeep]\n|upkeep\n|\n|t:|1737962427\n|switch|p2b: Gallade|Gallade, L50, M|100\/100\n|turn|3\n|\n|t:|1737962441\n|move|p1b: Urshifu|Protect|p1b: Urshifu\n|-singleturn|p1b: Urshifu|Protect\n|move|p2a: Calyrex|High Horsepower|p1a: Kyogre|[miss]\n|-miss|p2a: Calyrex|p1a: Kyogre\n|move|p2b: Gallade|Sacred Sword|p1b: Urshifu\n|-activate|p1b: Urshifu|move: Protect\n|move|p1a: Kyogre|Ice Beam|p2a: Calyrex\n|-supereffective|p2a: Calyrex\n|-damage|p2a: Calyrex|39\/100\n|\n|-weather|RainDance|[upkeep]\n|upkeep\n|turn|4\n|\n|t:|1737962457\n|switch|p1b: Tornadus|Tornadus, L50, M|100\/100\n|move|p1a: Kyogre|Protect|p1a: Kyogre\n|-singleturn|p1a: Kyogre|Protect\n|move|p2a: Calyrex|High Horsepower|p1a: Kyogre\n|-activate|p1a: Kyogre|move: Protect\n|move|p2b: Gallade|Sacred Sword|p1b: Tornadus\n|-resisted|p1b: Tornadus\n|-crit|p1b: Tornadus\n|-damage|p1b: Tornadus|39\/100\n|\n|-weather|RainDance|[upkeep]\n|upkeep\n|turn|5\n|\n|t:|1737962477\n|switch|p1a: Chien-Pao|Chien-Pao, L50, tera:Stellar|100\/100\n|-ability|p1a: Chien-Pao|Sword of Ruin\n|move|p1b: Tornadus|Protect|p1b: Tornadus\n|-singleturn|p1b: Tornadus|Protect\n|move|p2a: Calyrex|Trick Room|p2a: Calyrex\n|-fieldend|move: Trick Room\n|move|p2b: Gallade|Trick Room|p2b: Gallade\n|-fieldstart|move: Trick Room|[of] p2b: Gallade\n|\n|-weather|RainDance|[upkeep]\n|upkeep\n|turn|6\n|c|\u2606Imnotagni|oh\n|\n|t:|1737962499\n|move|p1a: Chien-Pao|Sucker Punch|p2a: Calyrex\n|-damage|p2a: Calyrex|3\/100\n|move|p2a: Calyrex|Glacial Lance|p1a: Chien-Pao|[spread] p1a,p1b\n|-resisted|p1a: Chien-Pao\n|-supereffective|p1b: Tornadus\n|-damage|p1a: Chien-Pao|62\/100\n|-damage|p1b: Tornadus|0 fnt\n|faint|p1b: Tornadus\n|-ability|p2a: Calyrex|Chilling Neigh|boost\n|-boost|p2a: Calyrex|atk|1\n|move|p2b: Gallade|Sacred Sword|p1a: Chien-Pao\n|-supereffective|p1a: Chien-Pao\n|-damage|p1a: Chien-Pao|0 fnt\n|faint|p1a: Chien-Pao\n|\n|-weather|none\n|upkeep\n|\n|t:|1737962504\n|switch|p1b: Urshifu|Urshifu-Rapid-Strike, L50, F|55\/100\n|switch|p1a: Kyogre|Kyogre, L50, shiny|50\/100\n|-weather|RainDance|[from] ability: Drizzle|[of] p1a: Kyogre\n|turn|7\n|c|\u2606Dearp|Oldest trick in the book\n|\n|t:|1737962519\n|move|p1b: Urshifu|Aqua Jet|p2a: Calyrex\n|-resisted|p2a: Calyrex\n|-damage|p2a: Calyrex|0 fnt\n|faint|p2a: Calyrex\n|-damage|p1b: Urshifu|45\/100|[from] item: Life Orb\n|move|p2b: Gallade|Psycho Cut|p1b: Urshifu\n|-supereffective|p1b: Urshifu\n|-damage|p1b: Urshifu|0 fnt\n|faint|p1b: Urshifu\n|move|p1a: Kyogre|Origin Pulse|p2b: Gallade|[miss]\n|-miss|p1a: Kyogre|p2b: Gallade\n|\n|-weather|RainDance|[upkeep]\n|upkeep\n|\n|t:|1737962523\n|switch|p2a: Ogerpon|Ogerpon-Wellspring, L50, F|100\/100\n|turn|8\n|-message|Imnotagni forfeited.\n|\n|win|Dearp\n|raw|Imnotagni's rating: 1634 &rarr; <strong>1614<\/strong><br \/>(-20 for losing)\n|raw|Dearp's rating: 1641 &rarr; <strong>1661<\/strong><br \/>(+20 for winning)\n|l|\u2606Imnotagni\n|player|p1|\n|l|\u2606Dearp\n|player|p2|\n","uploadtime":1737962706,"views":9,"formatid":"gen9vgc2025regg","rating":1614,"private":0,"password":null}