{"id":"gen9vgc2025regg-2289051165","format":"[Gen 9] VGC 2025 Reg G","players":["mejian poke poke","bluestraggler01"],"log":"|j|\u2606mejian poke poke\n|j|\u2606bluestraggler01\n|t:|1737971391\n|gametype|doubles\n|player|p1|mejian poke poke|265|1666\n|player|p2|bluestraggler01|170|1669\n|teamsize|p1|6\n|teamsize|p2|6\n|gen|9\n|tier|[Gen 9] VGC 2025 Reg G\n|rated|\n|rule|Species Clause: Limit one of each Pok\u00e9mon\n|rule|Item Clause: Limit 1 of each item\n|clearpoke\n|poke|p1|Lunala, L50|\n|poke|p1|Maushold, L50|\n|poke|p1|Tornadus, L50, M|\n|poke|p1|Urshifu-*, L50, M|\n|poke|p1|Rillaboom, L50, M|\n|poke|p1|Landorus, L50, M|\n|poke|p2|Koraidon, L50|\n|poke|p2|Flutter Mane, L50|\n|poke|p2|Iron Jugulis, L50|\n|poke|p2|Armarouge, L50, M|\n|poke|p2|Ogerpon-Cornerstone, L50, F|\n|poke|p2|Raging Bolt, L50|\n|teampreview|4\n|\n|t:|1737971427\n|start\n|switch|p1a: Tornadus|Tornadus, L50, M|100\/100\n|switch|p1b: Lunala|Lunala, L50|100\/100\n|switch|p2a: Iron Jugulis|Iron Jugulis, L50|100\/100\n|switch|p2b: Ogerpon|Ogerpon-Cornerstone, L50, F|100\/100\n|-enditem|p2a: Iron Jugulis|Booster Energy\n|-activate|p2a: Iron Jugulis|ability: Quark Drive|[fromitem]\n|-start|p2a: Iron Jugulis|quarkdrivespe\n|turn|1\n|\n|t:|1737971455\n|-terastallize|p1a: Tornadus|Dragon\n|move|p1a: Tornadus|Tailwind|p1a: Tornadus\n|-sidestart|p1: mejian poke poke|move: Tailwind\n|move|p2a: Iron Jugulis|Tailwind|p2a: Iron Jugulis\n|-sidestart|p2: bluestraggler01|move: Tailwind\n|move|p2b: Ogerpon|Ivy Cudgel|p1a: Tornadus|[anim] Ivy Cudgel Rock\n|-damage|p1a: Tornadus|37\/100\n|move|p1b: Lunala|Meteor Beam||[still]\n|-prepare|p1b: Lunala|Meteor Beam\n|-boost|p1b: Lunala|spa|1\n|-enditem|p1b: Lunala|Power Herb\n|-anim|p1b: Lunala|Meteor Beam|p2a: Iron Jugulis|[miss]\n|-miss|p1b: Lunala|p2a: Iron Jugulis\n|\n|upkeep\n|turn|2\n|\n|t:|1737971475\n|move|p2a: Iron Jugulis|Snarl|p1b: Lunala|[spread] p1a,p1b\n|-supereffective|p1b: Lunala\n|-crit|p1b: Lunala\n|-damage|p1a: Tornadus|19\/100\n|-damage|p1b: Lunala|63\/100\n|-unboost|p1b: Lunala|spa|1\n|move|p2b: Ogerpon|Ivy Cudgel|p1b: Lunala|[anim] Ivy Cudgel Rock\n|-crit|p1b: Lunala\n|-damage|p1b: Lunala|0 fnt\n|faint|p1b: Lunala\n|move|p1a: Tornadus|Bleakwind Storm|p2a: Iron Jugulis|[spread] p2b\n|-miss|p1a: Tornadus|p2a: Iron Jugulis\n|-damage|p2b: Ogerpon|64\/100\n|\n|upkeep\n|\n|t:|1737971481\n|switch|p1b: Landorus|Landorus, L50, M|100\/100\n|turn|3\n|\n|t:|1737971488\n|move|p2a: Iron Jugulis|Snarl|p1a: Tornadus|[spread] p1a,p1b\n|-damage|p1a: Tornadus|1\/100\n|-damage|p1b: Landorus|80\/100\n|-unboost|p1b: Landorus|spa|1\n|move|p1b: Landorus|Sludge Bomb|p2b: Ogerpon\n|-damage|p2b: Ogerpon|32\/100\n|move|p2b: Ogerpon|Ivy Cudgel|p1b: Landorus|[anim] Ivy Cudgel Rock\n|-damage|p1b: Landorus|13\/100\n|move|p1a: Tornadus|Bleakwind Storm|p2a: Iron Jugulis|[spread] p2a,p2b\n|-damage|p2a: Iron Jugulis|65\/100\n|-damage|p2b: Ogerpon|0 fnt\n|faint|p2b: Ogerpon\n|\n|upkeep\n|\n|t:|1737971497\n|switch|p2b: Flutter Mane|Flutter Mane, L50|100\/100\n|turn|4\n|\n|t:|1737971504\n|move|p2a: Iron Jugulis|Snarl|p1a: Tornadus|[spread] p1a,p1b\n|-damage|p1a: Tornadus|0 fnt\n|-damage|p1b: Landorus|0 fnt\n|faint|p1a: Tornadus\n|faint|p1b: Landorus\n|move|p2b: Flutter Mane|Dazzling Gleam|p1: Tornadus|[notarget]\n|-fail|p2b: Flutter Mane\n|\n|-sideend|p1: mejian poke poke|move: Tailwind\n|-sideend|p2: bluestraggler01|move: Tailwind\n|upkeep\n|\n|t:|1737971508\n|switch|p1b: Urshifu|Urshifu-Rapid-Strike, L50, M|100\/100\n|turn|5\n|j| imstuckat1300\n|\n|t:|1737971515\n|move|p1b: Urshifu|Aqua Jet|p2a: Iron Jugulis\n|-damage|p2a: Iron Jugulis|43\/100\n|move|p2a: Iron Jugulis|Tailwind|p2a: Iron Jugulis\n|-sidestart|p2: bluestraggler01|move: Tailwind\n|move|p2b: Flutter Mane|Moonblast|p1b: Urshifu\n|-supereffective|p1b: Urshifu\n|-enditem|p1b: Urshifu|Focus Sash\n|-damage|p1b: Urshifu|1\/100\n|\n|upkeep\n|turn|6\n|\n|t:|1737971519\n|move|p2a: Iron Jugulis|Snarl|p1b: Urshifu\n|-resisted|p1b: Urshifu\n|-damage|p1b: Urshifu|0 fnt\n|faint|p1b: Urshifu\n|\n|win|bluestraggler01\n|raw|mejian poke poke's rating: 1666 &rarr; <strong>1646<\/strong><br \/>(-20 for losing)\n|raw|bluestraggler01's rating: 1669 &rarr; <strong>1689<\/strong><br \/>(+20 for winning)\n|l|\u2606mejian poke poke\n|player|p1|\n|l|\u2606bluestraggler01\n|player|p2|\n|l| imstuckat1300\n|j|\u2606bluestraggler01\n|player|p2|bluestraggler01|170|\n|l|\u2606bluestraggler01\n|player|p2|\n","uploadtime":1737971723,"views":18,"formatid":"gen9vgc2025regg","rating":1646,"private":0,"password":null}