{"id":"gen9vgc2025regg-2289923582","format":"[Gen 9] VGC 2025 Reg G","players":["CombatWombat925","Pauliet123"],"log":"|j|\u2606CombatWombat925\n|j|\u2606Pauliet123\n|t:|1738081962\n|gametype|doubles\n|player|p1|CombatWombat925|1|1565\n|player|p2|Pauliet123|102|1611\n|teamsize|p1|6\n|teamsize|p2|6\n|gen|9\n|tier|[Gen 9] VGC 2025 Reg G\n|rated|\n|rule|Species Clause: Limit one of each Pok\u00e9mon\n|rule|Item Clause: Limit 1 of each item\n|clearpoke\n|poke|p1|Amoonguss, L50, M|\n|poke|p1|Raging Bolt, L50|\n|poke|p1|Incineroar, L50, M|\n|poke|p1|Urshifu-*, L50, F|\n|poke|p1|Calyrex-Ice, L50|\n|poke|p1|Landorus, L50, M|\n|poke|p2|Weezing-Galar, L50, M|\n|poke|p2|Dondozo, L50, M|\n|poke|p2|Calyrex-Shadow, L50|\n|poke|p2|Tatsugiri, L50, M|\n|poke|p2|Indeedee-F, L50, F|\n|poke|p2|Iron Hands, L50|\n|teampreview|4\n|inactive|Battle timer is ON: inactive players will automatically lose when time's up. (requested by Pauliet123)\n|j| Triple20\n|\n|t:|1738081997\n|start\n|switch|p1a: Raging Bolt|Raging Bolt, L50|100\/100\n|switch|p1b: Amoonguss|Amoonguss, L50, M|100\/100\n|switch|p2a: Calyrex|Calyrex-Shadow, L50|100\/100\n|switch|p2b: Indeedee|Indeedee-F, L50, F|100\/100\n|-ability|p2a: Calyrex|As One\n|-ability|p2a: Calyrex|Unnerve\n|-fieldstart|move: Psychic Terrain|[from] ability: Psychic Surge|[of] p2b: Indeedee\n|turn|1\n|\n|t:|1738082009\n|switch|p1b: Urshifu|Urshifu, L50, F|100\/100\n|move|p2b: Indeedee|Helping Hand|p2a: Calyrex\n|-singleturn|p2a: Calyrex|Helping Hand|[of] p2b: Indeedee\n|move|p2a: Calyrex|Expanding Force|p1b: Urshifu|[spread] p1a\n|-immune|p1b: Urshifu\n|-crit|p1a: Raging Bolt\n|-damage|p1a: Raging Bolt|0 fnt\n|faint|p1a: Raging Bolt\n|-end|p1a: Raging Bolt|Protosynthesis|[silent]\n|-ability|p2a: Calyrex|Grim Neigh|boost\n|-boost|p2a: Calyrex|spa|1\n|-damage|p2a: Calyrex|91\/100|[from] item: Life Orb\n|\n|upkeep\n|\n|t:|1738082018\n|switch|p1a: Calyrex|Calyrex-Ice, L50|100\/100\n|-ability|p1a: Calyrex|As One\n|-ability|p1a: Calyrex|Unnerve\n|turn|2\n|\n|t:|1738082032\n|-terastallize|p1b: Urshifu|Dark\n|move|p2b: Indeedee|Helping Hand|p2a: Calyrex\n|-singleturn|p2a: Calyrex|Helping Hand|[of] p2b: Indeedee\n|move|p1a: Calyrex|Protect|p1a: Calyrex\n|-singleturn|p1a: Calyrex|Protect\n|move|p2a: Calyrex|Astral Barrage|p1b: Urshifu|[spread] p1b\n|-activate|p1a: Calyrex|move: Protect\n|-resisted|p1b: Urshifu\n|-enditem|p1b: Urshifu|Focus Sash\n|-damage|p1b: Urshifu|1\/100\n|-damage|p2a: Calyrex|82\/100|[from] item: Life Orb\n|move|p1b: Urshifu|Wicked Blow|p2a: Calyrex\n|-supereffective|p2a: Calyrex\n|-crit|p2a: Calyrex\n|-damage|p2a: Calyrex|0 fnt\n|faint|p2a: Calyrex\n|\n|upkeep\n|j| LegitLadderingInc\n|\n|t:|1738082041\n|switch|p2a: Tatsugiri|Tatsugiri, L50, M, shiny|100\/100\n|turn|3\n|\n|t:|1738082060\n|switch|p1b: Amoonguss|Amoonguss, L50, M|100\/100\n|move|p2b: Indeedee|Follow Me|p2b: Indeedee\n|-singleturn|p2b: Indeedee|move: Follow Me\n|move|p2a: Tatsugiri|Muddy Water|p1b: Amoonguss|[spread] p1a,p1b\n|-resisted|p1b: Amoonguss\n|-damage|p1a: Calyrex|75\/100\n|-damage|p1b: Amoonguss|84\/100\n|move|p1a: Calyrex|Glacial Lance|p2a: Tatsugiri|[spread] p2a,p2b\n|-enditem|p2a: Tatsugiri|Focus Sash\n|-damage|p2a: Tatsugiri|1\/100\n|-damage|p2b: Indeedee|37\/100\n|\n|upkeep\n|turn|4\n|\n|t:|1738082077\n|switch|p2a: Dondozo|Dondozo, L50, M, shiny|100\/100\n|move|p2b: Indeedee|Follow Me|p2b: Indeedee\n|-singleturn|p2b: Indeedee|move: Follow Me\n|move|p1a: Calyrex|Glacial Lance|p2a: Dondozo|[spread] p2a,p2b\n|-resisted|p2a: Dondozo\n|-damage|p2a: Dondozo|85\/100\n|-damage|p2b: Indeedee|0 fnt\n|faint|p2b: Indeedee\n|-ability|p1a: Calyrex|Chilling Neigh|boost\n|-boost|p1a: Calyrex|atk|1\n|move|p1b: Amoonguss|Pollen Puff|p1a: Calyrex\n|-heal|p1a: Calyrex|100\/100\n|\n|-heal|p2a: Dondozo|91\/100|[from] item: Leftovers\n|upkeep\n|\n|t:|1738082081\n|switch|p2b: Tatsugiri|Tatsugiri, L50, M, shiny|1\/100\n|-activate|p2b: Tatsugiri|ability: Commander|[of] p2a: Dondozo\n|-boost|p2a: Dondozo|atk|2\n|-boost|p2a: Dondozo|spa|2\n|-boost|p2a: Dondozo|spe|2\n|-boost|p2a: Dondozo|def|2\n|-boost|p2a: Dondozo|spd|2\n|turn|5\n|\n|t:|1738082086\n|-terastallize|p2a: Dondozo|Grass\n|move|p1a: Calyrex|Protect|p1a: Calyrex\n|-singleturn|p1a: Calyrex|Protect\n|move|p2a: Dondozo|Order Up|p1a: Calyrex\n|-activate|p1a: Calyrex|move: Protect\n|move|p1b: Amoonguss|Spore|p2a: Dondozo\n|-immune|p2a: Dondozo\n|\n|-heal|p2a: Dondozo|97\/100|[from] item: Leftovers\n|-fieldend|move: Psychic Terrain\n|upkeep\n|turn|6\n|\n|t:|1738082100\n|move|p2a: Dondozo|Order Up|p1a: Calyrex\n|-damage|p1a: Calyrex|77\/100\n|-boost|p2a: Dondozo|atk|1\n|move|p1a: Calyrex|Glacial Lance|p2a: Dondozo|[spread] p2a\n|-miss|p1a: Calyrex|p2b: Tatsugiri\n|-supereffective|p2a: Dondozo\n|-damage|p2a: Dondozo|65\/100\n|move|p1b: Amoonguss|Sludge Bomb|p2a: Dondozo\n|-supereffective|p2a: Dondozo\n|-damage|p2a: Dondozo|41\/100\n|-status|p2a: Dondozo|psn\n|\n|-heal|p2a: Dondozo|47\/100 psn|[from] item: Leftovers\n|-damage|p2a: Dondozo|35\/100 psn|[from] psn\n|upkeep\n|turn|7\n|-message|Pauliet123 forfeited.\n|\n|win|CombatWombat925\n|raw|CombatWombat925's rating: 1565 &rarr; <strong>1588<\/strong><br \/>(+23 for winning)\n|raw|Pauliet123's rating: 1611 &rarr; <strong>1588<\/strong><br \/>(-23 for losing)\n|l|\u2606Pauliet123\n|player|p2|\n|l|\u2606CombatWombat925\n|player|p1|\n|l| LegitLadderingInc\n","uploadtime":1738082279,"views":11,"formatid":"gen9vgc2025regg","rating":1588,"private":0,"password":null}