{"id":"gen9vgc2025regg-2289624458","format":"[Gen 9] VGC 2025 Reg G","players":["sibylla_system","Cdogp"],"log":"|j|\u2606sibylla_system\n|j|\u2606Cdogp\n|t:|1738038422\n|gametype|doubles\n|player|p1|sibylla_system|1|1652\n|player|p2|Cdogp|wattson|1701\n|teamsize|p1|6\n|teamsize|p2|6\n|gen|9\n|tier|[Gen 9] VGC 2025 Reg G\n|rated|\n|rule|Species Clause: Limit one of each Pok\u00e9mon\n|rule|Item Clause: Limit 1 of each item\n|clearpoke\n|poke|p1|Calyrex-Ice, L50|\n|poke|p1|Raging Bolt, L50|\n|poke|p1|Landorus, L50, M|\n|poke|p1|Urshifu-*, L50, M|\n|poke|p1|Incineroar, L50, F|\n|poke|p1|Amoonguss, L50, F|\n|poke|p2|Calyrex-Ice, L50|\n|poke|p2|Urshifu-*, L50, M|\n|poke|p2|Whimsicott, L50, M|\n|poke|p2|Landorus, L50, M|\n|poke|p2|Ditto, L50|\n|poke|p2|Raging Bolt, L50|\n|teampreview|4\n|j| jdarcan\n|\n|t:|1738038442\n|start\n|switch|p1a: Calyrex|Calyrex-Ice, L50|100\/100\n|switch|p1b: Incineroar|Incineroar, L50, F|100\/100\n|switch|p2a: Calyrex|Calyrex-Ice, L50|100\/100\n|switch|p2b: Whimsicott|Whimsicott, L50, M|100\/100\n|-ability|p2a: Calyrex|As One\n|-ability|p2a: Calyrex|Unnerve\n|-ability|p1a: Calyrex|As One\n|-ability|p1a: Calyrex|Unnerve\n|-ability|p1b: Incineroar|Intimidate|boost\n|-fail|p2a: Calyrex|unboost|[from] item: Clear Amulet|[of] p2a: Calyrex\n|-unboost|p2b: Whimsicott|atk|1\n|turn|1\n|\n|t:|1738038466\n|move|p2b: Whimsicott|Misty Terrain|p2b: Whimsicott\n|-fieldstart|move: Misty Terrain\n|move|p2a: Calyrex|Imprison|p2a: Calyrex\n|-start|p2a: Calyrex|move: Imprison\n|cant|p1a: Calyrex|move: Imprison|Glacial Lance\n|move|p1b: Incineroar|Will-O-Wisp|p2a: Calyrex\n|-activate|p2a: Calyrex|move: Misty Terrain\n|\n|upkeep\n|turn|2\n|\n|t:|1738038498\n|switch|p1a: Urshifu|Urshifu-Rapid-Strike, L50, M|100\/100\n|move|p2b: Whimsicott|Moonblast|p1b: Incineroar\n|-damage|p1b: Incineroar|76\/100\n|move|p2a: Calyrex|High Horsepower|p1b: Incineroar\n|-supereffective|p1b: Incineroar\n|-damage|p1b: Incineroar|17\/100\n|-damage|p2a: Calyrex|84\/100|[from] item: Rocky Helmet|[of] p1b: Incineroar\n|move|p1b: Incineroar|Knock Off|p2a: Calyrex\n|-supereffective|p2a: Calyrex\n|-damage|p2a: Calyrex|34\/100\n|-enditem|p2a: Calyrex|Clear Amulet|[from] move: Knock Off|[of] p1b: Incineroar\n|\n|upkeep\n|turn|3\n|\n|t:|1738038526\n|switch|p1b: Calyrex|Calyrex-Ice, L50|100\/100\n|-ability|p1b: Calyrex|As One\n|-ability|p1b: Calyrex|Unnerve\n|-terastallize|p1a: Urshifu|Fire\n|move|p2b: Whimsicott|Tailwind|p2b: Whimsicott\n|-sidestart|p2: Cdogp|move: Tailwind\n|move|p2a: Calyrex|Glacial Lance|p1b: Calyrex|[spread] p1a,p1b\n|-resisted|p1a: Urshifu\n|-resisted|p1b: Calyrex\n|-damage|p1a: Urshifu|74\/100\n|-damage|p1b: Calyrex|84\/100\n|move|p1a: Urshifu|Surging Strikes|p2a: Calyrex\n|-crit|p2a: Calyrex\n|-damage|p2a: Calyrex|14\/100\n|-crit|p2a: Calyrex\n|-damage|p2a: Calyrex|0 fnt\n|faint|p2a: Calyrex\n|-hitcount|p2: Calyrex|2\n|\n|upkeep\n|\n|t:|1738038529\n|switch|p2a: Urshifu|Urshifu, L50, M|100\/100\n|turn|4\n|\n|t:|1738038559\n|-terastallize|p2a: Urshifu|Dark\n|move|p2b: Whimsicott|Moonblast|p1b: Calyrex\n|-crit|p1b: Calyrex\n|-damage|p1b: Calyrex|54\/100\n|move|p2a: Urshifu|Wicked Blow|p1a: Urshifu\n|-crit|p1a: Urshifu\n|-damage|p1a: Urshifu|0 fnt\n|faint|p1a: Urshifu\n|move|p1b: Calyrex|Glacial Lance|p2b: Whimsicott|[spread] p2a,p2b\n|-supereffective|p2b: Whimsicott\n|-damage|p2a: Urshifu|43\/100\n|-damage|p2b: Whimsicott|0 fnt\n|faint|p2b: Whimsicott\n|-ability|p1b: Calyrex|Chilling Neigh|boost\n|-boost|p1b: Calyrex|atk|1\n|\n|upkeep\n|\n|t:|1738038576\n|switch|p2b: Landorus|Landorus, L50, M|100\/100\n|switch|p1a: Incineroar|Incineroar, L50, F|17\/100\n|-ability|p1a: Incineroar|Intimidate|boost\n|-unboost|p2a: Urshifu|atk|1\n|-unboost|p2b: Landorus|atk|1\n|turn|5\n|\n|t:|1738038589\n|move|p2a: Urshifu|Detect|p2a: Urshifu\n|-singleturn|p2a: Urshifu|Protect\n|move|p1a: Incineroar|Fake Out|p2a: Urshifu\n|-activate|p2a: Urshifu|move: Protect\n|move|p2b: Landorus|Sandsear Storm|p1a: Incineroar|[spread] p1a,p1b\n|-supereffective|p1a: Incineroar\n|-crit|p1a: Incineroar\n|-damage|p1a: Incineroar|0 fnt\n|-damage|p1b: Calyrex|6\/100\n|faint|p1a: Incineroar\n|move|p1b: Calyrex|Glacial Lance|p2b: Landorus|[spread] p2b\n|-activate|p2a: Urshifu|move: Protect\n|-supereffective|p2b: Landorus\n|-damage|p2b: Landorus|0 fnt\n|faint|p2b: Landorus\n|-ability|p1b: Calyrex|Chilling Neigh|boost\n|-boost|p1b: Calyrex|atk|1\n|\n|-fieldend|Misty Terrain\n|upkeep\n|\n|t:|1738038609\n|switch|p1a: Landorus|Landorus, L50, M|100\/100\n|turn|6\n|\n|t:|1738038616\n|move|p2a: Urshifu|Wicked Blow|p1b: Calyrex\n|-supereffective|p1b: Calyrex\n|-crit|p1b: Calyrex\n|-damage|p1b: Calyrex|0 fnt\n|faint|p1b: Calyrex\n|move|p1a: Landorus|Earth Power|p2a: Urshifu\n|-damage|p2a: Urshifu|0 fnt\n|faint|p2a: Urshifu\n|\n|win|sibylla_system\n|raw|sibylla_system's rating: 1652 &rarr; <strong>1675<\/strong><br \/>(+23 for winning)\n|raw|Cdogp's rating: 1701 &rarr; <strong>1678<\/strong><br \/>(-23 for losing)\n|l|\u2606Cdogp\n|player|p2|\n","uploadtime":1738038789,"views":46,"formatid":"gen9vgc2025regg","rating":1675,"private":0,"password":null}