{"id":"gen9vgc2025regg-2289568813","format":"[Gen 9] VGC 2025 Reg G","players":["SHHEP","PhilosophyClassAlt"],"log":"|j|\u2606SHHEP\n|j|\u2606PhilosophyClassAlt\n|t:|1738030819\n|gametype|doubles\n|player|p1|SHHEP|169|1628\n|player|p2|PhilosophyClassAlt|1|1693\n|teamsize|p1|6\n|teamsize|p2|6\n|gen|9\n|tier|[Gen 9] VGC 2025 Reg G\n|rated|\n|rule|Species Clause: Limit one of each Pok\u00e9mon\n|rule|Item Clause: Limit 1 of each item\n|clearpoke\n|poke|p1|Calyrex-Ice, L50|\n|poke|p1|Iron Valiant, L50|\n|poke|p1|Ogerpon-Cornerstone, L50, F|\n|poke|p1|Urshifu-*, L50, M|\n|poke|p1|Amoonguss, L50, M|\n|poke|p1|Entei, L50|\n|poke|p2|Iron Valiant, L50|\n|poke|p2|Calyrex-Ice, L50|\n|poke|p2|Torkoal, L50, F|\n|poke|p2|Raging Bolt, L50|\n|poke|p2|Farigiraf, L50, F|\n|poke|p2|Ogerpon-Cornerstone, L50, F|\n|teampreview|4\n|\n|t:|1738030837\n|start\n|switch|p1a: Calyrex|Calyrex-Ice, L50|100\/100\n|switch|p1b: Iron Valiant|Iron Valiant, L50|100\/100\n|switch|p2a: Ogerpon|Ogerpon-Cornerstone, L50, F|100\/100\n|switch|p2b: Calyrex|Calyrex-Ice, L50|100\/100\n|-ability|p1a: Calyrex|As One\n|-ability|p1a: Calyrex|Unnerve\n|-ability|p2b: Calyrex|As One\n|-ability|p2b: Calyrex|Unnerve\n|-enditem|p1b: Iron Valiant|Booster Energy\n|-activate|p1b: Iron Valiant|ability: Quark Drive|[fromitem]\n|-start|p1b: Iron Valiant|quarkdrivespe\n|turn|1\n|\n|t:|1738030845\n|-terastallize|p1a: Calyrex|Water\n|move|p1b: Iron Valiant|Coaching|p1a: Calyrex\n|-boost|p1a: Calyrex|atk|1\n|-boost|p1a: Calyrex|def|1\n|move|p2a: Ogerpon|Ivy Cudgel|p1b: Iron Valiant|[anim] Ivy Cudgel Rock\n|-resisted|p1b: Iron Valiant\n|-damage|p1b: Iron Valiant|67\/100\n|move|p1a: Calyrex|Glacial Lance|p2a: Ogerpon|[spread] p2a,p2b\n|-supereffective|p2a: Ogerpon\n|-resisted|p2b: Calyrex\n|-ability|p2a: Ogerpon|Sturdy\n|-damage|p2a: Ogerpon|1\/100\n|-damage|p2b: Calyrex|74\/100\n|move|p2b: Calyrex|Glacial Lance|p1b: Iron Valiant|[spread] p1a,p1b\n|-resisted|p1a: Calyrex\n|-crit|p1a: Calyrex\n|-damage|p1a: Calyrex|75\/100\n|-damage|p1b: Iron Valiant|5\/100\n|\n|upkeep\n|turn|2\n|j| BionicFox\n|\n|t:|1738030887\n|move|p1b: Iron Valiant|Destiny Bond|p1b: Iron Valiant\n|-singlemove|p1b: Iron Valiant|Destiny Bond\n|move|p2a: Ogerpon|Wood Hammer|p1a: Calyrex\n|-supereffective|p1a: Calyrex\n|-damage|p1a: Calyrex|19\/100\n|-damage|p2a: Ogerpon|0 fnt|[from] Recoil\n|faint|p2a: Ogerpon\n|move|p1a: Calyrex|Throat Chop|p2b: Calyrex\n|-supereffective|p2b: Calyrex\n|-damage|p2b: Calyrex|9\/100\n|-start|p2b: Calyrex|Throat Chop|[silent]\n|move|p2b: Calyrex|Glacial Lance|p1a: Calyrex|[spread] p1a,p1b\n|-resisted|p1a: Calyrex\n|-damage|p1a: Calyrex|6\/100\n|-damage|p1b: Iron Valiant|0 fnt\n|faint|p1b: Iron Valiant\n|-activate|p1b: Iron Valiant|move: Destiny Bond\n|-end|p1b: Iron Valiant|Quark Drive|[silent]\n|faint|p2b: Calyrex\n|\n|upkeep\n|\n|t:|1738030901\n|switch|p1b: Urshifu|Urshifu, L50, M|100\/100\n|switch|p2a: Iron Valiant|Iron Valiant, L50|100\/100\n|switch|p2b: Torkoal|Torkoal, L50, F|100\/100\n|-weather|SunnyDay|[from] ability: Drought|[of] p2b: Torkoal\n|-enditem|p2a: Iron Valiant|Booster Energy\n|-activate|p2a: Iron Valiant|ability: Quark Drive|[fromitem]\n|-start|p2a: Iron Valiant|quarkdrivespe\n|turn|3\n|\n|t:|1738030918\n|-terastallize|p2b: Torkoal|Fire\n|move|p2a: Iron Valiant|Spirit Break|p1a: Calyrex\n|-damage|p1a: Calyrex|0 fnt\n|faint|p1a: Calyrex\n|move|p1b: Urshifu|Close Combat|p2b: Torkoal\n|-damage|p2b: Torkoal|50\/100\n|-unboost|p1b: Urshifu|def|1\n|-unboost|p1b: Urshifu|spd|1\n|move|p2b: Torkoal|Flamethrower|p1b: Urshifu\n|-enditem|p1b: Urshifu|Focus Sash\n|-damage|p1b: Urshifu|1\/100\n|\n|-weather|SunnyDay|[upkeep]\n|upkeep\n|\n|t:|1738030922\n|switch|p1a: Ogerpon|Ogerpon-Cornerstone, L50, F|100\/100\n|turn|4\n|\n|t:|1738030939\n|move|p2a: Iron Valiant|Spirit Break|p1b: Urshifu\n|-supereffective|p1b: Urshifu\n|-damage|p1b: Urshifu|0 fnt\n|faint|p1b: Urshifu\n|move|p1a: Ogerpon|Ivy Cudgel|p2b: Torkoal|[anim] Ivy Cudgel Rock\n|-supereffective|p2b: Torkoal\n|-crit|p2b: Torkoal\n|-damage|p2b: Torkoal|0 fnt\n|faint|p2b: Torkoal\n|\n|-weather|SunnyDay|[upkeep]\n|upkeep\n|turn|5\n|\n|t:|1738030944\n|move|p2a: Iron Valiant|Spirit Break|p1a: Ogerpon\n|-damage|p1a: Ogerpon|55\/100\n|-unboost|p1a: Ogerpon|spa|1\n|move|p1a: Ogerpon|Power Whip|p2a: Iron Valiant\n|-damage|p2a: Iron Valiant|34\/100\n|\n|-weather|SunnyDay|[upkeep]\n|upkeep\n|turn|6\n|\n|t:|1738030951\n|move|p2a: Iron Valiant|Spirit Break|p1a: Ogerpon\n|-damage|p1a: Ogerpon|9\/100\n|-unboost|p1a: Ogerpon|spa|1\n|move|p1a: Ogerpon|Power Whip|p2a: Iron Valiant\n|-damage|p2a: Iron Valiant|0 fnt\n|faint|p2a: Iron Valiant\n|-end|p2a: Iron Valiant|Quark Drive|[silent]\n|\n|win|SHHEP\n|raw|SHHEP's rating: 1628 &rarr; <strong>1652<\/strong><br \/>(+24 for winning)\n|raw|PhilosophyClassAlt's rating: 1693 &rarr; <strong>1669<\/strong><br \/>(-24 for losing)\n|l|\u2606PhilosophyClassAlt\n|player|p2|\n|l| BionicFox\n|l|\u2606SHHEP\n|player|p1|\n","uploadtime":1738031171,"views":37,"formatid":"gen9vgc2025regg","rating":1652,"private":0,"password":null}