{"id":"gen9vgc2025regg-2289995019","format":"[Gen 9] VGC 2025 Reg G","players":["Weakest blow","actuary97"],"log":"|j|\u2606Weakest blow\n|j|\u2606actuary97\n|t:|1738088599\n|gametype|doubles\n|player|p1|Weakest blow|depotagent|1571\n|player|p2|actuary97|sabrina-frlg|1627\n|teamsize|p1|6\n|teamsize|p2|6\n|gen|9\n|tier|[Gen 9] VGC 2025 Reg G\n|rated|\n|rule|Species Clause: Limit one of each Pok\u00e9mon\n|rule|Item Clause: Limit 1 of each item\n|clearpoke\n|poke|p1|Ditto, L50|\n|poke|p1|Iron Hands, L50|\n|poke|p1|Miraidon, L50|\n|poke|p1|Pelipper, L50, F|\n|poke|p1|Volcarona, L50, M|\n|poke|p1|Whimsicott, L50, M|\n|poke|p2|Amoonguss, L50, F|\n|poke|p2|Armarouge, L50, F|\n|poke|p2|Whimsicott, L50, M|\n|poke|p2|Kyogre, L50|\n|poke|p2|Archaludon, L50, M|\n|poke|p2|Indeedee-F, L50, F|\n|teampreview|4\nactuary97 has agreed to open team sheets.\n|\n|t:|1738088637\n|start\n|switch|p1a: Volcarona|Volcarona, L50, M|100\/100\n|switch|p1b: Pelipper|Pelipper, L50, F|100\/100\n|switch|p2a: Indeedee|Indeedee-F, L50, F, shiny|100\/100\n|switch|p2b: Armarouge|Armarouge, L50, F|100\/100\n|-fieldstart|move: Psychic Terrain|[from] ability: Psychic Surge|[of] p2a: Indeedee\n|-enditem|p2a: Indeedee|Psychic Seed\n|-boost|p2a: Indeedee|spd|1|[from] item: Psychic Seed\n|-weather|RainDance|[from] ability: Drizzle|[of] p1b: Pelipper\n|turn|1\n|l|\u2606Weakest blow\n|player|p1|\n|j|\u2606Weakest blow\n|player|p1|Weakest blow|depotagent|\n|\n|t:|1738088667\n|-terastallize|p1a: Volcarona|Dragon\n|move|p2a: Indeedee|Follow Me|p2a: Indeedee\n|-singleturn|p2a: Indeedee|move: Follow Me\n|move|p1a: Volcarona|Struggle Bug|p2a: Indeedee|[spread] p2a,p2b\n|-supereffective|p2a: Indeedee\n|-damage|p2a: Indeedee|77\/100\n|-damage|p2b: Armarouge|78\/100\n|-unboost|p2a: Indeedee|spa|1\n|-unboost|p2b: Armarouge|spa|1\n|move|p2b: Armarouge|Meteor Beam||[still]\n|-prepare|p2b: Armarouge|Meteor Beam\n|-boost|p2b: Armarouge|spa|1\n|-enditem|p2b: Armarouge|Power Herb\n|-anim|p2b: Armarouge|Meteor Beam|p1a: Volcarona\n|-damage|p1a: Volcarona|60\/100\n|move|p1b: Pelipper|Hurricane|p2a: Indeedee\n|-damage|p2a: Indeedee|55\/100\n|\n|-weather|RainDance|[upkeep]\n|upkeep\n|turn|2\n|\n|t:|1738088703\n|switch|p2a: Archaludon|Archaludon, L50, M, shiny|100\/100\n|switch|p1b: Miraidon|Miraidon, L50|100\/100\n|-fieldstart|move: Electric Terrain|[from] ability: Hadron Engine|[of] p1b: Miraidon\n|move|p1a: Volcarona|Struggle Bug|p2a: Archaludon|[spread] p2a,p2b\n|-resisted|p2a: Archaludon\n|-damage|p2a: Archaludon|94\/100\n|-damage|p2b: Armarouge|53\/100\n|-unboost|p2a: Archaludon|spa|1\n|-unboost|p2b: Armarouge|spa|1\n|-ability|p2a: Archaludon|Stamina|boost\n|-boost|p2a: Archaludon|def|1\n|move|p2b: Armarouge|Expanding Force|p1a: Volcarona\n|-damage|p1a: Volcarona|31\/100\n|\n|-weather|RainDance|[upkeep]\n|upkeep\n|turn|3\n|\n|t:|1738088739\n|switch|p2b: Indeedee|Indeedee-F, L50, F, shiny|55\/100\n|-fieldstart|move: Psychic Terrain|[from] ability: Psychic Surge|[of] p2b: Indeedee\n|move|p1b: Miraidon|Dazzling Gleam|p2b: Indeedee|[spread] p2a,p2b\n|-damage|p2a: Archaludon|74\/100\n|-damage|p2b: Indeedee|25\/100\n|-ability|p2a: Archaludon|Stamina|boost\n|-boost|p2a: Archaludon|def|1\n|-damage|p1b: Miraidon|91\/100|[from] item: Life Orb\n|move|p1a: Volcarona|Struggle Bug|p2a: Archaludon|[spread] p2a,p2b\n|-resisted|p2a: Archaludon\n|-supereffective|p2b: Indeedee\n|-damage|p2a: Archaludon|68\/100\n|-damage|p2b: Indeedee|0 fnt\n|-unboost|p2a: Archaludon|spa|1\n|-ability|p2a: Archaludon|Stamina|boost\n|-boost|p2a: Archaludon|def|1\n|faint|p2b: Indeedee\n|move|p2a: Archaludon|Snarl|p1b: Miraidon|[spread] p1a,p1b\n|-damage|p1a: Volcarona|25\/100\n|-damage|p1b: Miraidon|85\/100\n|-unboost|p1a: Volcarona|spa|1\n|-unboost|p1b: Miraidon|spa|1\n|\n|-weather|RainDance|[upkeep]\n|upkeep\n|\n|t:|1738088753\n|switch|p2b: Kyogre|Kyogre, L50, shiny|100\/100\n|turn|4\n|\n|t:|1738088772\n|switch|p1b: Ditto|Ditto, L50|100\/100\n|-transform|p1b: Ditto|p2a: Archaludon|[from] ability: Imposter\n|-terastallize|p2b: Kyogre|Grass\n|move|p1a: Volcarona|Struggle Bug|p2b: Kyogre|[spread] p2a,p2b\n|-resisted|p2a: Archaludon\n|-supereffective|p2b: Kyogre\n|-damage|p2a: Archaludon|64\/100\n|-damage|p2b: Kyogre|83\/100\n|-unboost|p2a: Archaludon|spa|1\n|-ability|p2a: Archaludon|Stamina|boost\n|-boost|p2a: Archaludon|def|1\n|move|p2b: Kyogre|Calm Mind|p2b: Kyogre\n|-boost|p2b: Kyogre|spa|1\n|-boost|p2b: Kyogre|spd|1\n|move|p2a: Archaludon|Electro Shot||[still]\n|-prepare|p2a: Archaludon|Electro Shot\n|-boost|p2a: Archaludon|spa|1\n|-anim|p2a: Archaludon|Electro Shot|p1b: Ditto\n|-resisted|p1b: Ditto\n|-damage|p1b: Ditto|88\/100\n|-ability|p1b: Ditto|Stamina|boost\n|-boost|p1b: Ditto|def|1\n|\n|-weather|RainDance|[upkeep]\n|upkeep\n|turn|5\n|\n|t:|1738088818\n|move|p1a: Volcarona|Rage Powder|p1a: Volcarona\n|-singleturn|p1a: Volcarona|move: Rage Powder\n|move|p2b: Kyogre|Origin Pulse|p1a: Volcarona|[spread] p1a,p1b\n|-resisted|p1a: Volcarona\n|-crit|p1a: Volcarona\n|-resisted|p1b: Ditto\n|-damage|p1a: Volcarona|0 fnt\n|-damage|p1b: Ditto|15\/100\n|-ability|p1b: Ditto|Stamina|boost\n|-boost|p1b: Ditto|def|1\n|faint|p1a: Volcarona\n|move|p1b: Ditto|Body Press|p2b: Kyogre\n|-damage|p2b: Kyogre|13\/100\n|move|p2a: Archaludon|Body Press|p1b: Ditto\n|-supereffective|p1b: Ditto\n|-damage|p1b: Ditto|0 fnt\n|faint|p1b: Ditto\n|\n|-weather|none\n|upkeep\n|\n|t:|1738088846\n|switch|p1a: Pelipper|Pelipper, L50, F|100\/100\n|switch|p1b: Miraidon|Miraidon, L50|85\/100\n|-fieldstart|move: Electric Terrain|[from] ability: Hadron Engine|[of] p1b: Miraidon\n|-enditem|p1a: Pelipper|Electric Seed\n|-boost|p1a: Pelipper|def|1|[from] item: Electric Seed\n|-weather|RainDance|[from] ability: Drizzle|[of] p1a: Pelipper\n|turn|6\n|\n|t:|1738088861\n|move|p1a: Pelipper|Helping Hand|p1b: Miraidon\n|-singleturn|p1b: Miraidon|Helping Hand|[of] p1a: Pelipper\n|move|p1b: Miraidon|Dazzling Gleam|p2b: Kyogre|[spread] p2a,p2b\n|-damage|p2a: Archaludon|19\/100\n|-damage|p2b: Kyogre|0 fnt\n|-ability|p2a: Archaludon|Stamina|boost\n|-boost|p2a: Archaludon|def|1\n|faint|p2b: Kyogre\n|-damage|p1b: Miraidon|75\/100|[from] item: Life Orb\n|move|p2a: Archaludon|Electro Shot||[still]\n|-prepare|p2a: Archaludon|Electro Shot\n|-boost|p2a: Archaludon|spa|1\n|-anim|p2a: Archaludon|Electro Shot|p1a: Pelipper\n|-supereffective|p1a: Pelipper\n|-damage|p1a: Pelipper|0 fnt\n|faint|p1a: Pelipper\n|\n|-weather|RainDance|[upkeep]\n|upkeep\n|\n|t:|1738088866\n|switch|p2b: Armarouge|Armarouge, L50, F|53\/100\n|turn|7\n|\n|t:|1738088898\n|move|p1b: Miraidon|Electro Drift|p2a: Archaludon\n|-resisted|p2a: Archaludon\n|-damage|p2a: Archaludon|0 fnt\n|faint|p2a: Archaludon\n|-damage|p1b: Miraidon|66\/100|[from] item: Life Orb\n|move|p2b: Armarouge|Expanding Force|p1b: Miraidon\n|-damage|p1b: Miraidon|27\/100\n|\n|-weather|RainDance|[upkeep]\n|upkeep\n|turn|8\n|\n|t:|1738088910\n|move|p1b: Miraidon|Electro Drift|p2b: Armarouge\n|-damage|p2b: Armarouge|0 fnt\n|faint|p2b: Armarouge\n|-damage|p1b: Miraidon|17\/100|[from] item: Life Orb\n|\n|win|Weakest blow\n|raw|Weakest blow's rating: 1571 &rarr; <strong>1594<\/strong><br \/>(+23 for winning)\n|raw|actuary97's rating: 1627 &rarr; <strong>1604<\/strong><br \/>(-23 for losing)\n|c|\u2606actuary97|gg\n|c|\u2606Weakest blow|Gg\n|l|\u2606actuary97\n|player|p2|\n","uploadtime":1738089144,"views":9,"formatid":"gen9vgc2025regg","rating":1594,"private":0,"password":null}