{"id":"gen9vgc2025regg-2290845695","format":"[Gen 9] VGC 2025 Reg G","players":["eriksp","lichuvgc"],"log":"|j|\u2606eriksp\n|j|\u2606lichuvgc\n|t:|1738196271\n|gametype|doubles\n|player|p1|eriksp|volkner-masters|1524\n|player|p2|lichuvgc|1|1584\n|teamsize|p1|6\n|teamsize|p2|6\n|gen|9\n|tier|[Gen 9] VGC 2025 Reg G\n|rated|\n|rule|Species Clause: Limit one of each Pok\u00e9mon\n|rule|Item Clause: Limit 1 of each item\n|clearpoke\n|poke|p1|Ogerpon-Hearthflame, L50, F|\n|poke|p1|Landorus, L50, M|\n|poke|p1|Roaring Moon, L50|\n|poke|p1|Urshifu-*, L50, M|\n|poke|p1|Amoonguss, L50, M|\n|poke|p1|Calyrex-Ice, L50|\n|poke|p2|Calyrex-Ice, L50|\n|poke|p2|Urshifu-*, L50, M|\n|poke|p2|Smeargle, L50, F|\n|poke|p2|Farigiraf, L50, M|\n|poke|p2|Ursaluna-Bloodmoon, L50, M|\n|poke|p2|Torkoal, L50, F|\n|teampreview|4\neriksp has agreed to open team sheets.\n|j| dsfsfsdfdsfds\n|inactive|Battle timer is ON: inactive players will automatically lose when time's up. (requested by lichuvgc)\n|\n|t:|1738196300\n|start\n|switch|p1a: Urshifu|Urshifu-Rapid-Strike, L50, M|100\/100\n|switch|p1b: Calyrex|Calyrex-Ice, L50|100\/100\n|switch|p2a: Smeargle|Smeargle, L50, F|100\/100\n|switch|p2b: Farigiraf|Farigiraf, L50, M|100\/100\n|-ability|p1b: Calyrex|As One\n|-ability|p1b: Calyrex|Unnerve\n|turn|1\n|\n|t:|1738196324\n|move|p1a: Urshifu|Taunt|p2b: Farigiraf\n|-start|p2b: Farigiraf|move: Taunt\n|move|p2a: Smeargle|Spore|p1b: Calyrex\n|-status|p1b: Calyrex|slp|[from] move: Spore\n|cant|p1b: Calyrex|slp\n|cant|p2b: Farigiraf|move: Taunt|Trick Room\n|\n|-ability|p2a: Smeargle|Moody|boost\n|-boost|p2a: Smeargle|atk|2\n|-unboost|p2a: Smeargle|spa|1\n|-enditem|p2a: Smeargle|Eject Pack\n|upkeep\n|\n|t:|1738196335\n|switch|p2a: Calyrex|Calyrex-Ice, L50|100\/100\n|-ability|p2a: Calyrex|As One\n|-ability|p2a: Calyrex|Unnerve\n|turn|2\n|\n|t:|1738196344\n|move|p1a: Urshifu|Taunt|p2a: Calyrex\n|-start|p2a: Calyrex|move: Taunt\n|cant|p1b: Calyrex|slp\n|move|p2b: Farigiraf|Foul Play|p1b: Calyrex\n|-supereffective|p1b: Calyrex\n|-damage|p1b: Calyrex|50\/100 slp\n|move|p2a: Calyrex|Glacial Lance|p1a: Urshifu|[spread] p1a,p1b\n|-resisted|p1a: Urshifu\n|-resisted|p1b: Calyrex\n|-damage|p1a: Urshifu|69\/100\n|-damage|p1b: Calyrex|30\/100 slp\n|\n|upkeep\n|turn|3\n|j| PARAN0ISE\n|j| jdarcan\n|\n|t:|1738196368\n|-terastallize|p1a: Urshifu|Water\n|move|p1a: Urshifu|Surging Strikes|p2a: Calyrex\n|-crit|p2a: Calyrex\n|-damage|p2a: Calyrex|80\/100\n|-crit|p2a: Calyrex\n|-damage|p2a: Calyrex|60\/100\n|-crit|p2a: Calyrex\n|-damage|p2a: Calyrex|41\/100\n|-hitcount|p2a: Calyrex|3\n|-curestatus|p1b: Calyrex|slp|[msg]\n|move|p1b: Calyrex|Glacial Lance|p2a: Calyrex|[spread] p2a,p2b\n|-resisted|p2a: Calyrex\n|-damage|p2a: Calyrex|24\/100\n|-damage|p2b: Farigiraf|48\/100\n|move|p2b: Farigiraf|Foul Play|p1b: Calyrex\n|-supereffective|p1b: Calyrex\n|-damage|p1b: Calyrex|0 fnt\n|faint|p1b: Calyrex\n|move|p2a: Calyrex|Glacial Lance|p1a: Urshifu\n|-resisted|p1a: Urshifu\n|-damage|p1a: Urshifu|29\/100\n|\n|-end|p2b: Farigiraf|move: Taunt\n|upkeep\n|\n|t:|1738196375\n|switch|p1b: Ogerpon|Ogerpon-Hearthflame, L50, F|100\/100\n|-ability|p1b: Ogerpon|Mold Breaker\n|turn|4\n|inactive|lichuvgc has 30 seconds left.\n|inactive|lichuvgc has 20 seconds left.\n|l| dsfsfsdfdsfds\n|inactive|lichuvgc has 15 seconds left.\n|inactive|lichuvgc has 10 seconds left.\n|inactive|lichuvgc has 5 seconds left.\n|\n|t:|1738196430\n|move|p1b: Ogerpon|Ivy Cudgel|p2a: Calyrex|[anim] Ivy Cudgel Fire\n|-supereffective|p2a: Calyrex\n|-damage|p2a: Calyrex|0 fnt\n|faint|p2a: Calyrex\n|move|p1a: Urshifu|Close Combat|p2b: Farigiraf\n|-damage|p2b: Farigiraf|0 fnt\n|-unboost|p1a: Urshifu|def|1\n|-unboost|p1a: Urshifu|spd|1\n|faint|p2b: Farigiraf\n|\n|upkeep\n|\n|t:|1738196439\n|switch|p2b: Smeargle|Smeargle, L50, F|100\/100\n|switch|p2a: Torkoal|Torkoal, L50, F|100\/100\n|-weather|SunnyDay|[from] ability: Drought|[of] p2a: Torkoal\n|turn|5\n|inactive|lichuvgc has 30 seconds left.\n|inactive|eriksp has 30 seconds left.\n|inactive|lichuvgc has 20 seconds left.\n|inactive|lichuvgc has 15 seconds left.\n|\n|t:|1738196481\n|-terastallize|p2a: Torkoal|Fire\n|move|p1b: Ogerpon|Spiky Shield|p1b: Ogerpon\n|-singleturn|p1b: Ogerpon|move: Protect\n|move|p1a: Urshifu|Detect|p1a: Urshifu\n|-singleturn|p1a: Urshifu|Protect\n|move|p2b: Smeargle|Fake Out|p1a: Urshifu\n|-activate|p1a: Urshifu|move: Protect\n|move|p2a: Torkoal|Heat Wave|p1b: Ogerpon|[spread] \n|-activate|p1a: Urshifu|move: Protect\n|-activate|p1b: Ogerpon|move: Protect\n|\n|-weather|SunnyDay|[upkeep]\n|-ability|p2b: Smeargle|Moody|boost\n|-boost|p2b: Smeargle|spe|2\n|-unboost|p2b: Smeargle|spd|1\n|upkeep\n|turn|6\n|\n|t:|1738196500\n|move|p2b: Smeargle|Spore|p1a: Urshifu\n|-status|p1a: Urshifu|slp|[from] move: Spore\n|move|p1b: Ogerpon|Ivy Cudgel|p2b: Smeargle|[anim] Ivy Cudgel Fire\n|-damage|p2b: Smeargle|0 fnt\n|faint|p2b: Smeargle\n|cant|p1a: Urshifu|slp\n|move|p2a: Torkoal|Heat Wave|p1a: Urshifu|[spread] p1b\n|-miss|p2a: Torkoal|p1a: Urshifu\n|-damage|p1b: Ogerpon|14\/100\n|\n|-weather|SunnyDay|[upkeep]\n|upkeep\n|turn|7\n|l| jdarcan\n|\n|t:|1738196513\n|move|p1b: Ogerpon|Spiky Shield|p1b: Ogerpon\n|-singleturn|p1b: Ogerpon|move: Protect\n|cant|p1a: Urshifu|slp\n|move|p2a: Torkoal|Heat Wave|p1b: Ogerpon|[spread] p1a\n|-activate|p1b: Ogerpon|move: Protect\n|-resisted|p1a: Urshifu\n|-damage|p1a: Urshifu|0 fnt\n|faint|p1a: Urshifu\n|\n|-weather|SunnyDay|[upkeep]\n|upkeep\n|\n|t:|1738196521\n|switch|p1a: Amoonguss|Amoonguss, L50, M|100\/100\n|turn|8\n|inactive|lichuvgc has 30 seconds left.\n|\n|t:|1738196553\n|move|p1b: Ogerpon|Ivy Cudgel|p2a: Torkoal|[anim] Ivy Cudgel Fire\n|-resisted|p2a: Torkoal\n|-damage|p2a: Torkoal|72\/100\n|move|p1a: Amoonguss|Spore|p2a: Torkoal\n|-status|p2a: Torkoal|slp|[from] move: Spore\n|cant|p2a: Torkoal|slp\n|\n|-weather|SunnyDay|[upkeep]\n|upkeep\n|turn|9\n|-message|lichuvgc forfeited.\n|\n|win|eriksp\n|raw|eriksp's rating: 1524 &rarr; <strong>1547<\/strong><br \/>(+23 for winning)\n|raw|lichuvgc's rating: 1584 &rarr; <strong>1561<\/strong><br \/>(-23 for losing)\n|l|\u2606lichuvgc\n|player|p2|\n|l|\u2606eriksp\n|player|p1|\n","uploadtime":1738196727,"views":10,"formatid":"gen9vgc2025regg","rating":1547,"private":0,"password":null}