{"id":"gen9vgc2025regg-2290808786","format":"[Gen 9] VGC 2025 Reg G","players":["squiddiam","Michael Glick"],"log":"|j|\u2606squiddiam\n|j|\u2606Michael Glick\n|t:|1738191685\n|gametype|doubles\n|player|p1|squiddiam|pokemonranger-gen4|1644\n|player|p2|Michael Glick|266|1694\n|teamsize|p1|6\n|teamsize|p2|6\n|gen|9\n|tier|[Gen 9] VGC 2025 Reg G\n|rated|\n|rule|Species Clause: Limit one of each Pok\u00e9mon\n|rule|Item Clause: Limit 1 of each item\n|clearpoke\n|poke|p1|Zamazenta-*, L50|\n|poke|p1|Chi-Yu, L50|\n|poke|p1|Urshifu-*, L50, F|\n|poke|p1|Flutter Mane, L50|\n|poke|p1|Chien-Pao, L50|\n|poke|p1|Amoonguss, L50, M|\n|poke|p2|Terapagos, L50, M|\n|poke|p2|Tinkaton, L50, F|\n|poke|p2|Basculegion, L50, M|\n|poke|p2|Amoonguss, L50, M|\n|poke|p2|Pelipper, L50, F|\n|poke|p2|Landorus, L50, M|\n|teampreview|4\n|inactive|Battle timer is ON: inactive players will automatically lose when time's up. (requested by Michael Glick)\n|\n|t:|1738191757\n|start\n|switch|p1a: Chien-Pao|Chien-Pao, L50|100\/100\n|switch|p1b: Urshifu|Urshifu-Rapid-Strike, L50, F|100\/100\n|switch|p2a: Landorus|Landorus, L50, M|100\/100\n|switch|p2b: Pelipper|Pelipper, L50, F|100\/100\n|-ability|p1a: Chien-Pao|Sword of Ruin\n|-weather|RainDance|[from] ability: Drizzle|[of] p2b: Pelipper\n|turn|1\n|inactive|squiddiam has 30 seconds left.\n|\n|t:|1738191783\n|switch|p2a: Amoonguss|Amoonguss, L50, M|100\/100\n|move|p1a: Chien-Pao|Sucker Punch||[still]\n|-fail|p1a: Chien-Pao\n|move|p1b: Urshifu|Aqua Jet|p2a: Amoonguss\n|-resisted|p2a: Amoonguss\n|-damage|p2a: Amoonguss|84\/100\n|-damage|p1b: Urshifu|84\/100|[from] item: Rocky Helmet|[of] p2a: Amoonguss\n|move|p2b: Pelipper|Hurricane|p1b: Urshifu\n|-supereffective|p1b: Urshifu\n|-damage|p1b: Urshifu|0 fnt\n|faint|p1b: Urshifu\n|\n|-weather|RainDance|[upkeep]\n|upkeep\n|\n|t:|1738191791\n|switch|p1b: Zamazenta|Zamazenta-Crowned, L50|100\/100\n|-ability|p1b: Zamazenta|Dauntless Shield|boost\n|-boost|p1b: Zamazenta|def|1\n|turn|2\n|inactive|Michael Glick has 30 seconds left.\n|\n|t:|1738191820\n|move|p1a: Chien-Pao|Throat Chop|p2a: Amoonguss\n|-damage|p2a: Amoonguss|38\/100\n|-start|p2a: Amoonguss|Throat Chop|[silent]\n|-damage|p1a: Chien-Pao|84\/100|[from] item: Rocky Helmet|[of] p2a: Amoonguss\n|move|p1b: Zamazenta|Heavy Slam|p2a: Amoonguss\n|-damage|p2a: Amoonguss|0 fnt\n|-damage|p1b: Zamazenta|84\/100|[from] item: Rocky Helmet|[of] p2a: Amoonguss\n|faint|p2a: Amoonguss\n|move|p2b: Pelipper|Muddy Water|p1a: Chien-Pao|[spread] p1a,p1b\n|-damage|p1a: Chien-Pao|1\/100\n|-damage|p1b: Zamazenta|52\/100\n|-unboost|p1b: Zamazenta|accuracy|1\n|\n|-weather|RainDance|[upkeep]\n|upkeep\n|\n|t:|1738191830\n|switch|p2a: Landorus|Landorus, L50, M|100\/100\n|turn|3\n|\n|t:|1738191842\n|move|p1a: Chien-Pao|Protect|p1a: Chien-Pao\n|-singleturn|p1a: Chien-Pao|Protect\n|move|p1b: Zamazenta|Protect|p1b: Zamazenta\n|-singleturn|p1b: Zamazenta|Protect\n|move|p2a: Landorus|Sandsear Storm|p1b: Zamazenta|[spread] \n|-activate|p1a: Chien-Pao|move: Protect\n|-activate|p1b: Zamazenta|move: Protect\n|move|p2b: Pelipper|Tailwind|p2b: Pelipper\n|-sidestart|p2: Michael Glick|move: Tailwind\n|\n|-weather|RainDance|[upkeep]\n|upkeep\n|turn|4\n|\n|t:|1738191856\n|switch|p2a: Basculegion|Basculegion, L50, M|100\/100\n|move|p1b: Zamazenta|Wide Guard|p1b: Zamazenta\n|-singleturn|p1b: Zamazenta|Wide Guard\n|move|p1a: Chien-Pao|Sucker Punch|p2b: Pelipper\n|-damage|p2b: Pelipper|28\/100\n|move|p2b: Pelipper|Hurricane|p1a: Chien-Pao\n|-damage|p1a: Chien-Pao|0 fnt\n|faint|p1a: Chien-Pao\n|\n|-weather|RainDance|[upkeep]\n|upkeep\n|\n|t:|1738191866\n|switch|p1a: Amoonguss|Amoonguss, L50, M|100\/100\n|turn|5\n|inactive|Michael Glick has 30 seconds left.\n|\n|t:|1738191893\n|-terastallize|p1a: Amoonguss|Water\n|move|p1a: Amoonguss|Rage Powder|p1a: Amoonguss\n|-singleturn|p1a: Amoonguss|move: Rage Powder\n|move|p2a: Basculegion|Last Respects|p1a: Amoonguss\n|-damage|p1a: Amoonguss|56\/100\n|-damage|p2a: Basculegion|91\/100|[from] item: Life Orb\n|move|p2b: Pelipper|Hurricane|p1a: Amoonguss\n|-damage|p1a: Amoonguss|8\/100\n|-start|p1a: Amoonguss|confusion\n|move|p1b: Zamazenta|Body Press|p2b: Pelipper\n|-resisted|p2b: Pelipper\n|-damage|p2b: Pelipper|0 fnt\n|faint|p2b: Pelipper\n|\n|-weather|none\n|upkeep\n|\n|t:|1738191899\n|switch|p2b: Landorus|Landorus, L50, M|100\/100\n|turn|6\n|\n|t:|1738191909\n|-terastallize|p2a: Basculegion|Water\n|move|p1b: Zamazenta|Protect|p1b: Zamazenta\n|-singleturn|p1b: Zamazenta|Protect\n|-activate|p1a: Amoonguss|confusion\n|move|p1a: Amoonguss|Protect|p1a: Amoonguss\n|-singleturn|p1a: Amoonguss|Protect\n|move|p2a: Basculegion|Aqua Jet|p1a: Amoonguss\n|-activate|p1a: Amoonguss|move: Protect\n|move|p2b: Landorus|Earth Power|p1b: Zamazenta\n|-activate|p1b: Zamazenta|move: Protect\n|\n|-sideend|p2: Michael Glick|move: Tailwind\n|upkeep\n|turn|7\n|j| oherrodersir\n|\n|t:|1738191924\n|move|p2a: Basculegion|Aqua Jet|p1a: Amoonguss\n|-resisted|p1a: Amoonguss\n|-damage|p1a: Amoonguss|0 fnt\n|-damage|p2a: Basculegion|74\/100|[from] item: Rocky Helmet|[of] p1a: Amoonguss\n|faint|p1a: Amoonguss\n|-damage|p2a: Basculegion|65\/100|[from] item: Life Orb\n|move|p2b: Landorus|Earth Power|p1b: Zamazenta\n|-supereffective|p1b: Zamazenta\n|-damage|p1b: Zamazenta|0 fnt\n|faint|p1b: Zamazenta\n|\n|win|Michael Glick\n|raw|squiddiam's rating: 1644 &rarr; <strong>1627<\/strong><br \/>(-17 for losing)\n|raw|Michael Glick's rating: 1694 &rarr; <strong>1711<\/strong><br \/>(+17 for winning)\n|l|\u2606squiddiam\n|player|p1|\n|l|\u2606Michael Glick\n|player|p2|\n","uploadtime":1738192113,"views":34,"formatid":"gen9vgc2025regg","rating":1627,"private":0,"password":null}