{"id":"gen9vgc2025regg-2290424495","format":"[Gen 9] VGC 2025 Reg G","players":["Hanou143","Estarossa_152"],"log":"|j|\u2606Hanou143\n|j|\u2606Estarossa_152\n|t:|1738150261\n|gametype|doubles\n|player|p1|Hanou143|102|1619\n|player|p2|Estarossa_152|102|1574\n|teamsize|p1|6\n|teamsize|p2|6\n|gen|9\n|tier|[Gen 9] VGC 2025 Reg G\n|rated|\n|rule|Species Clause: Limit one of each Pok\u00e9mon\n|rule|Item Clause: Limit 1 of each item\n|clearpoke\n|poke|p1|Calyrex-Shadow, L50|\n|poke|p1|Jigglypuff, L50, F|\n|poke|p1|Pelipper, L50, M|\n|poke|p1|Rillaboom, L50, F|\n|poke|p1|Incineroar, L50, F|\n|poke|p1|Urshifu-*, L50, F|\n|poke|p2|Zamazenta-*, L50|\n|poke|p2|Chien-Pao, L50|\n|poke|p2|Flutter Mane, L50|\n|poke|p2|Raging Bolt, L50|\n|poke|p2|Amoonguss, L50, M|\n|poke|p2|Pelipper, L50, M|\n|teampreview|4\n|inactive|Battle timer is ON: inactive players will automatically lose when time's up. (requested by Hanou143)\n|inactive|Estarossa_152 has 60 seconds left.\n|\n|t:|1738150359\n|start\n|switch|p1a: Calyrex|Calyrex-Shadow, L50|100\/100\n|switch|p1b: Rillaboom|Rillaboom, L50, F|100\/100\n|switch|p2a: Raging Bolt|Raging Bolt, L50|100\/100\n|switch|p2b: Flutter Mane|Flutter Mane, L50, shiny|100\/100\n|-ability|p1a: Calyrex|As One\n|-ability|p1a: Calyrex|Unnerve\n|-fieldstart|move: Grassy Terrain|[from] ability: Grassy Surge|[of] p1b: Rillaboom\n|-enditem|p2b: Flutter Mane|Booster Energy\n|-activate|p2b: Flutter Mane|ability: Protosynthesis|[fromitem]\n|-start|p2b: Flutter Mane|protosynthesisspe\n|turn|1\n|\n|t:|1738150371\n|move|p2b: Flutter Mane|Protect|p2b: Flutter Mane\n|-singleturn|p2b: Flutter Mane|Protect\n|move|p1a: Calyrex|Protect|p1a: Calyrex\n|-singleturn|p1a: Calyrex|Protect\n|move|p1b: Rillaboom|Wood Hammer|p2b: Flutter Mane\n|-activate|p2b: Flutter Mane|move: Protect\n|move|p2a: Raging Bolt|Snarl|p1a: Calyrex|[spread] p1b\n|-activate|p1a: Calyrex|move: Protect\n|-damage|p1b: Rillaboom|86\/100\n|-unboost|p1b: Rillaboom|spa|1\n|\n|-heal|p1b: Rillaboom|93\/100|[from] Grassy Terrain\n|upkeep\n|turn|2\n|inactive|Estarossa_152 has 30 seconds left.\n|\n|t:|1738150397\n|-terastallize|p2b: Flutter Mane|Grass\n|-terastallize|p1a: Calyrex|Grass\n|move|p2b: Flutter Mane|Moonblast|p1a: Calyrex\n|-damage|p1a: Calyrex|62\/100\n|move|p1a: Calyrex|Calm Mind|p1a: Calyrex\n|-boost|p1a: Calyrex|spa|1\n|-boost|p1a: Calyrex|spd|1\n|move|p1b: Rillaboom|Wood Hammer|p2b: Flutter Mane\n|-resisted|p2b: Flutter Mane\n|-damage|p2b: Flutter Mane|34\/100\n|-damage|p1b: Rillaboom|73\/100|[from] Recoil\n|move|p2a: Raging Bolt|Thunderbolt|p1a: Calyrex\n|-resisted|p1a: Calyrex\n|-damage|p1a: Calyrex|47\/100\n|\n|-heal|p2b: Flutter Mane|40\/100|[from] Grassy Terrain\n|-heal|p1a: Calyrex|53\/100|[from] Grassy Terrain\n|-heal|p1b: Rillaboom|79\/100|[from] Grassy Terrain\n|upkeep\n|turn|3\n|j| uppercut vgc\n|inactive|Estarossa_152 has 30 seconds left.\n|l| uppercut vgc\n|inactive|Estarossa_152 has 20 seconds left.\n|inactive|Estarossa_152 has 15 seconds left.\n|inactive|Estarossa_152 has 10 seconds left.\n|\n|t:|1738150445\n|move|p2b: Flutter Mane|Protect|p2b: Flutter Mane\n|-singleturn|p2b: Flutter Mane|Protect\n|move|p1a: Calyrex|Protect|p1a: Calyrex\n|-singleturn|p1a: Calyrex|Protect\n|move|p1b: Rillaboom|U-turn|p2a: Raging Bolt\n|-damage|p2a: Raging Bolt|80\/100\n|\n|t:|1738150458\n|switch|p1b: Jigglypuff|Jigglypuff, L50, F|100\/100|[from] U-turn\n|move|p2a: Raging Bolt|Snarl|p1a: Calyrex|[spread] p1b\n|-activate|p1a: Calyrex|move: Protect\n|-resisted|p1b: Jigglypuff\n|-damage|p1b: Jigglypuff|93\/100\n|-unboost|p1b: Jigglypuff|spa|1\n|\n|-heal|p2b: Flutter Mane|46\/100|[from] Grassy Terrain\n|-heal|p1a: Calyrex|59\/100|[from] Grassy Terrain\n|-heal|p2a: Raging Bolt|86\/100|[from] Grassy Terrain\n|-heal|p1b: Jigglypuff|99\/100|[from] Grassy Terrain\n|upkeep\n|turn|4\n|inactive|Estarossa_152 has 30 seconds left.\n|\n|t:|1738150484\n|move|p2b: Flutter Mane|Icy Wind|p1b: Jigglypuff|[spread] p1a,p1b\n|-supereffective|p1a: Calyrex\n|-damage|p1a: Calyrex|48\/100\n|-damage|p1b: Jigglypuff|87\/100\n|-unboost|p1b: Jigglypuff|spe|1\n|move|p1a: Calyrex|Astral Barrage|p2a: Raging Bolt|[spread] p2a,p2b\n|-damage|p2a: Raging Bolt|48\/100\n|-damage|p2b: Flutter Mane|0 fnt\n|faint|p2b: Flutter Mane\n|-end|p2b: Flutter Mane|Protosynthesis|[silent]\n|-ability|p1a: Calyrex|Grim Neigh|boost\n|-boost|p1a: Calyrex|spa|1\n|move|p2a: Raging Bolt|Thunderbolt|p1b: Jigglypuff\n|-damage|p1b: Jigglypuff|37\/100\n|move|p1b: Jigglypuff|Heal Pulse|p1a: Calyrex\n|-heal|p1a: Calyrex|99\/100\n|\n|-heal|p1a: Calyrex|100\/100|[from] Grassy Terrain\n|-heal|p2a: Raging Bolt|55\/100|[from] Grassy Terrain\n|-heal|p1b: Jigglypuff|43\/100|[from] Grassy Terrain\n|upkeep\n|\n|t:|1738150494\n|switch|p2b: Zamazenta|Zamazenta-Crowned, L50, shiny|100\/100\n|-ability|p2b: Zamazenta|Dauntless Shield|boost\n|-boost|p2b: Zamazenta|def|1\n|turn|5\n|\n|t:|1738150517\n|-end|p2a: Raging Bolt|Protosynthesis|[silent]\n|switch|p2a: Amoonguss|Amoonguss, L50, M, shiny|100\/100\n|move|p1b: Jigglypuff|Protect|p1b: Jigglypuff\n|-singleturn|p1b: Jigglypuff|Protect\n|move|p2b: Zamazenta|Wide Guard|p2b: Zamazenta\n|-singleturn|p2b: Zamazenta|Wide Guard\n|move|p1a: Calyrex|Astral Barrage|p2b: Zamazenta|[spread] \n|-activate|p2a: Amoonguss|move: Wide Guard\n|-activate|p2b: Zamazenta|move: Wide Guard\n|\n|-heal|p1b: Jigglypuff|49\/100|[from] Grassy Terrain\n|-fieldend|move: Grassy Terrain\n|upkeep\n|turn|6\n|\n|t:|1738150530\n|move|p2b: Zamazenta|Wide Guard|p2b: Zamazenta\n|-singleturn|p2b: Zamazenta|Wide Guard\n|move|p1a: Calyrex|Astral Barrage|p2b: Zamazenta|[spread] \n|-activate|p2a: Amoonguss|move: Wide Guard\n|-activate|p2b: Zamazenta|move: Wide Guard\n|move|p2a: Amoonguss|Clear Smog|p1a: Calyrex\n|-supereffective|p1a: Calyrex\n|-damage|p1a: Calyrex|87\/100\n|-clearboost|p1a: Calyrex\n|move|p1b: Jigglypuff|Sing|p2b: Zamazenta|[miss]\n|-miss|p1b: Jigglypuff|p2b: Zamazenta\n|\n|upkeep\n|turn|7\n|inactive|Estarossa_152 has 30 seconds left.\n|\n|t:|1738150557\n|switch|p1b: Incineroar|Incineroar, L50, F|100\/100\n|-ability|p1b: Incineroar|Intimidate|boost\n|-unboost|p2a: Amoonguss|atk|1\n|-unboost|p2b: Zamazenta|atk|1\n|move|p1a: Calyrex|Protect|p1a: Calyrex\n|-singleturn|p1a: Calyrex|Protect\n|move|p2b: Zamazenta|Wide Guard|p2b: Zamazenta\n|-singleturn|p2b: Zamazenta|Wide Guard\n|move|p2a: Amoonguss|Spore|p1b: Incineroar\n|-status|p1b: Incineroar|slp|[from] move: Spore\n|\n|upkeep\n|turn|8\n|inactive|Estarossa_152 has 30 seconds left.\n|\n|t:|1738150585\n|switch|p1b: Jigglypuff|Jigglypuff, L50, F|49\/100\n|move|p2b: Zamazenta|Body Press|p1a: Calyrex\n|-damage|p1a: Calyrex|51\/100\n|move|p1a: Calyrex|Calm Mind|p1a: Calyrex\n|-boost|p1a: Calyrex|spa|1\n|-boost|p1a: Calyrex|spd|1\n|move|p2a: Amoonguss|Clear Smog|p1a: Calyrex\n|-supereffective|p1a: Calyrex\n|-damage|p1a: Calyrex|38\/100\n|-clearboost|p1a: Calyrex\n|\n|upkeep\n|turn|9\n|\n|t:|1738150605\n|switch|p1a: Rillaboom|Rillaboom, L50, F|79\/100\n|-fieldstart|move: Grassy Terrain|[from] ability: Grassy Surge|[of] p1a: Rillaboom\n|move|p2b: Zamazenta|Body Press|p1b: Jigglypuff\n|-damage|p1b: Jigglypuff|0 fnt\n|faint|p1b: Jigglypuff\n|move|p2a: Amoonguss|Clear Smog|p1a: Rillaboom\n|-supereffective|p1a: Rillaboom\n|-damage|p1a: Rillaboom|48\/100\n|-clearboost|p1a: Rillaboom\n|\n|-heal|p1a: Rillaboom|54\/100|[from] Grassy Terrain\n|upkeep\n|\n|t:|1738150611\n|switch|p1b: Incineroar|Incineroar, L50, F|100\/100 slp\n|-ability|p1b: Incineroar|Intimidate|boost\n|-unboost|p2a: Amoonguss|atk|1\n|-unboost|p2b: Zamazenta|atk|1\n|turn|10\n|inactive|Estarossa_152 has 30 seconds left.\n|\n|t:|1738150638\n|move|p1a: Rillaboom|Fake Out|p2b: Zamazenta\n|-resisted|p2b: Zamazenta\n|-damage|p2b: Zamazenta|98\/100\n|cant|p2b: Zamazenta|flinch\n|cant|p1b: Incineroar|slp\n|move|p2a: Amoonguss|Clear Smog|p1a: Rillaboom\n|-supereffective|p1a: Rillaboom\n|-crit|p1a: Rillaboom\n|-damage|p1a: Rillaboom|12\/100\n|-clearboost|p1a: Rillaboom\n|\n|-heal|p2b: Zamazenta|100\/100|[from] Grassy Terrain\n|-heal|p1a: Rillaboom|19\/100|[from] Grassy Terrain\n|upkeep\n|turn|11\n|\n|t:|1738150656\n|move|p2a: Amoonguss|Rage Powder|p2a: Amoonguss\n|-singleturn|p2a: Amoonguss|move: Rage Powder\n|move|p2b: Zamazenta|Body Press|p1b: Incineroar\n|-supereffective|p1b: Incineroar\n|-damage|p1b: Incineroar|0 fnt\n|faint|p1b: Incineroar\n|move|p1a: Rillaboom|U-turn|p2b: Zamazenta\n|-resisted|p2b: Zamazenta\n|-damage|p2b: Zamazenta|98\/100\n|-message|Hanou143 forfeited.\n|\n|win|Estarossa_152\n|raw|Hanou143's rating: 1619 &rarr; <strong>1596<\/strong><br \/>(-23 for losing)\n|raw|Estarossa_152's rating: 1574 &rarr; <strong>1597<\/strong><br \/>(+23 for winning)\n|l|\u2606Hanou143\n|player|p1|\n","uploadtime":1738150675,"views":10,"formatid":"gen9vgc2025regg","rating":1596,"private":0,"password":null}