{"id":"gen9vgc2025regg-2290250374","format":"[Gen 9] VGC 2025 Reg G","players":["Spottedwoot","meiose"],"log":"|j|\u2606Spottedwoot\n|j|\u2606meiose\n|t:|1738119999\n|gametype|doubles\n|player|p1|Spottedwoot|2|1567\n|player|p2|meiose|schoolkid-gen4|1589\n|teamsize|p1|6\n|teamsize|p2|6\n|gen|9\n|tier|[Gen 9] VGC 2025 Reg G\n|rated|\n|rule|Species Clause: Limit one of each Pok\u00e9mon\n|rule|Item Clause: Limit 1 of each item\n|clearpoke\n|poke|p1|Calyrex-Shadow, L50|\n|poke|p1|Rillaboom, L50, F|\n|poke|p1|Urshifu-*, L50, M|\n|poke|p1|Incineroar, L50, M|\n|poke|p1|Clefairy, L50, M|\n|poke|p1|Raging Bolt, L50|\n|poke|p2|Miraidon, L50|\n|poke|p2|Whimsicott, L50, M|\n|poke|p2|Urshifu-*, L50, M|\n|poke|p2|Iron Hands, L50|\n|poke|p2|Incineroar, L50, F|\n|poke|p2|Iron Boulder, L50|\n|teampreview|4\n|inactive|Battle timer is ON: inactive players will automatically lose when time's up. (requested by Spottedwoot)\n|inactive|meiose has 60 seconds left.\n|\n|t:|1738120071\n|start\n|switch|p1a: Calyrex|Calyrex-Shadow, L50|100\/100\n|switch|p1b: Urshifu|Urshifu-Rapid-Strike, L50, M|100\/100\n|switch|p2a: Incineroar|Incineroar, L50, F, shiny|100\/100\n|switch|p2b: Whimsicott|Whimsicott, L50, M, shiny|100\/100\n|-ability|p1a: Calyrex|As One\n|-ability|p1a: Calyrex|Unnerve\n|-ability|p2a: Incineroar|Intimidate|boost\n|-unboost|p1a: Calyrex|atk|1\n|-unboost|p1b: Urshifu|atk|1\n|turn|1\n|inactive|meiose has 30 seconds left.\n|inactive|meiose has 20 seconds left.\n|inactive|meiose has 15 seconds left.\n|inactive|meiose has 10 seconds left.\n|inactive|meiose has 5 seconds left.\n|\n|t:|1738120126\n|move|p2a: Incineroar|Fake Out|p1b: Urshifu\n|-damage|p1b: Urshifu|87\/100\n|cant|p1b: Urshifu|flinch\n|move|p1a: Calyrex|Astral Barrage|p2a: Incineroar|[spread] p2a,p2b\n|-resisted|p2a: Incineroar\n|-damage|p2a: Incineroar|83\/100\n|-damage|p2b: Whimsicott|32\/100\n|-damage|p1a: Calyrex|91\/100|[from] item: Life Orb\n|move|p2b: Whimsicott|Moonblast|p1a: Calyrex\n|-damage|p1a: Calyrex|67\/100\n|\n|upkeep\n|turn|2\n|\n|t:|1738120136\n|switch|p2a: Miraidon|Miraidon, L50|100\/100\n|-fieldstart|move: Electric Terrain|[from] ability: Hadron Engine|[of] p2a: Miraidon\n|move|p2b: Whimsicott|Tailwind|p2b: Whimsicott\n|-sidestart|p2: meiose|move: Tailwind\n|move|p1b: Urshifu|Surging Strikes|p2a: Miraidon\n|-resisted|p2a: Miraidon\n|-crit|p2a: Miraidon\n|-damage|p2a: Miraidon|88\/100\n|-resisted|p2a: Miraidon\n|-crit|p2a: Miraidon\n|-damage|p2a: Miraidon|78\/100\n|-resisted|p2a: Miraidon\n|-crit|p2a: Miraidon\n|-damage|p2a: Miraidon|67\/100\n|-hitcount|p2a: Miraidon|3\n|move|p1a: Calyrex|Astral Barrage|p2a: Miraidon|[spread] p2a,p2b\n|-damage|p2a: Miraidon|11\/100\n|-damage|p2b: Whimsicott|0 fnt\n|faint|p2b: Whimsicott\n|-ability|p1a: Calyrex|Grim Neigh|boost\n|-boost|p1a: Calyrex|spa|1\n|-damage|p1a: Calyrex|57\/100|[from] item: Life Orb\n|\n|upkeep\n|\n|t:|1738120139\n|switch|p2b: Iron Boulder|Iron Boulder, L50|100\/100\n|-activate|p2b: Iron Boulder|ability: Quark Drive\n|-start|p2b: Iron Boulder|quarkdriveatk\n|turn|3\n|\n|t:|1738120152\n|switch|p1b: Rillaboom|Rillaboom, L50, F|100\/100\n|-fieldstart|move: Grassy Terrain|[from] ability: Grassy Surge|[of] p1b: Rillaboom\n|-end|p2b: Iron Boulder|Quark Drive\n|move|p1a: Calyrex|Protect|p1a: Calyrex\n|-singleturn|p1a: Calyrex|Protect\n|move|p2a: Miraidon|Volt Switch|p1b: Rillaboom\n|-resisted|p1b: Rillaboom\n|-damage|p1b: Rillaboom|80\/100\n|\n|t:|1738120170\n|switch|p2a: Incineroar|Incineroar, L50, F, shiny|83\/100|[from] Volt Switch\n|-ability|p2a: Incineroar|Intimidate|boost\n|-unboost|p1a: Calyrex|atk|1\n|-unboost|p1b: Rillaboom|atk|1\n|move|p2b: Iron Boulder|Mighty Cleave|p1a: Calyrex\n|-damage|p1a: Calyrex|0 fnt\n|faint|p1a: Calyrex\n|-damage|p2b: Iron Boulder|91\/100|[from] item: Life Orb\n|\n|-heal|p2b: Iron Boulder|97\/100|[from] Grassy Terrain\n|-heal|p2a: Incineroar|89\/100|[from] Grassy Terrain\n|-heal|p1b: Rillaboom|86\/100|[from] Grassy Terrain\n|upkeep\n|\n|t:|1738120176\n|switch|p1a: Incineroar|Incineroar, L50, M|100\/100\n|-ability|p1a: Incineroar|Intimidate|boost\n|-unboost|p2a: Incineroar|atk|1\n|-unboost|p2b: Iron Boulder|atk|1\n|turn|4\n|inactive|meiose has 30 seconds left.\n|\n|t:|1738120209\n|-end|p2b: Iron Boulder|Quark Drive|[silent]\n|switch|p2b: Miraidon|Miraidon, L50|11\/100\n|-fieldstart|move: Electric Terrain|[from] ability: Hadron Engine|[of] p2b: Miraidon\n|move|p1a: Incineroar|Fake Out|p2a: Incineroar\n|-damage|p2a: Incineroar|78\/100\n|cant|p2a: Incineroar|flinch\n|move|p1b: Rillaboom|Wood Hammer|p2b: Miraidon\n|-resisted|p2b: Miraidon\n|-damage|p2b: Miraidon|0 fnt\n|faint|p2b: Miraidon\n|-damage|p1b: Rillaboom|83\/100|[from] Recoil\n|\n|upkeep\n|\n|t:|1738120210\n|switch|p2b: Iron Boulder|Iron Boulder, L50|97\/100\n|-activate|p2b: Iron Boulder|ability: Quark Drive\n|-start|p2b: Iron Boulder|quarkdriveatk\n|turn|5\n|inactive|meiose has 30 seconds left.\n|inactive|meiose has 20 seconds left.\n|\n|t:|1738120245\n|move|p2b: Iron Boulder|Mighty Cleave|p1a: Incineroar\n|-supereffective|p1a: Incineroar\n|-crit|p1a: Incineroar\n|-damage|p1a: Incineroar|0 fnt\n|faint|p1a: Incineroar\n|-damage|p2b: Iron Boulder|87\/100|[from] item: Life Orb\n|move|p2a: Incineroar|Flare Blitz|p1b: Rillaboom\n|-supereffective|p1b: Rillaboom\n|-damage|p1b: Rillaboom|0 fnt\n|faint|p1b: Rillaboom\n|-damage|p2a: Incineroar|52\/100|[from] Recoil\n|\n|-sideend|p2: meiose|move: Tailwind\n|upkeep\n|\n|t:|1738120250\n|switch|p1b: Urshifu|Urshifu-Rapid-Strike, L50, M|87\/100\n|turn|6\n|\n|t:|1738120256\n|-terastallize|p1b: Urshifu|Water\n|-terastallize|p2b: Iron Boulder|Water\n|move|p1b: Urshifu|Surging Strikes|p2b: Iron Boulder\n|-resisted|p2b: Iron Boulder\n|-crit|p2b: Iron Boulder\n|-damage|p2b: Iron Boulder|68\/100\n|-resisted|p2b: Iron Boulder\n|-crit|p2b: Iron Boulder\n|-damage|p2b: Iron Boulder|49\/100\n|-resisted|p2b: Iron Boulder\n|-crit|p2b: Iron Boulder\n|-damage|p2b: Iron Boulder|31\/100\n|-hitcount|p2b: Iron Boulder|3\n|move|p2b: Iron Boulder|Zen Headbutt|p1b: Urshifu|[miss]\n|-miss|p2b: Iron Boulder|p1b: Urshifu\n|move|p2a: Incineroar|Knock Off|p1b: Urshifu\n|-damage|p1b: Urshifu|52\/100\n|-enditem|p1b: Urshifu|Choice Scarf|[from] move: Knock Off|[of] p2a: Incineroar\n|\n|upkeep\n|turn|7\n|\n|t:|1738120265\n|move|p1b: Urshifu|Aqua Jet|p2a: Incineroar\n|-supereffective|p2a: Incineroar\n|-damage|p2a: Incineroar|0 fnt\n|faint|p2a: Incineroar\n|move|p2b: Iron Boulder|Mighty Cleave|p1b: Urshifu\n|-damage|p1b: Urshifu|0 fnt\n|faint|p1b: Urshifu\n|-damage|p2b: Iron Boulder|22\/100|[from] item: Life Orb\n|\n|win|meiose\n|raw|Spottedwoot's rating: 1567 &rarr; <strong>1549<\/strong><br \/>(-18 for losing)\n|raw|meiose's rating: 1600 &rarr; <strong>1618<\/strong><br \/>(+18 for winning)\n","uploadtime":1738120269,"views":26,"formatid":"gen9vgc2025regg","rating":1549,"private":0,"password":null}