{"id":"gen9vgc2025regg-2290200300","format":"[Gen 9] VGC 2025 Reg G","players":["Punihina","Pneumatictoad"],"log":"|j|\u2606Punihina\n|j|\u2606Pneumatictoad\n|t:|1738113494\n|gametype|doubles\n|player|p1|Punihina|shauntal|1568\n|player|p2|Pneumatictoad|janine|1533\n|teamsize|p1|6\n|teamsize|p2|6\n|gen|9\n|tier|[Gen 9] VGC 2025 Reg G\n|rated|\n|rule|Species Clause: Limit one of each Pok\u00e9mon\n|rule|Item Clause: Limit 1 of each item\n|clearpoke\n|poke|p1|Terapagos, L50, M|\n|poke|p1|Flutter Mane, L50|\n|poke|p1|Urshifu-*, L50, M|\n|poke|p1|Regidrago, L50|\n|poke|p1|Tornadus, L50, M|\n|poke|p1|Ogerpon-Hearthflame, L50, F|\n|poke|p2|Calyrex-Ice, L50|\n|poke|p2|Trapinch, L50, F|\n|poke|p2|Annihilape, L50, M|\n|poke|p2|Pelipper, L50, M|\n|poke|p2|Jigglypuff, L50, F|\n|poke|p2|Ditto, L50|\n|teampreview|4\n|\n|t:|1738113522\n|start\n|switch|p1a: Terapagos|Terapagos, L50, M|100\/100\n|switch|p1b: Flutter Mane|Flutter Mane, L50|100\/100\n|switch|p2a: Annihilape|Annihilape, L50, M|100\/100\n|switch|p2b: Calyrex|Calyrex-Ice, L50|100\/100\n|-activate|p1a: Terapagos|ability: Tera Shift\n|detailschange|p1a: Terapagos|Terapagos-Terastal, L50, M\n|-heal|p1a: Terapagos|100\/100|[silent]\n|-ability|p2b: Calyrex|As One\n|-ability|p2b: Calyrex|Unnerve\n|-enditem|p1b: Flutter Mane|Booster Energy\n|-activate|p1b: Flutter Mane|ability: Protosynthesis|[fromitem]\n|-start|p1b: Flutter Mane|protosynthesisspe\n|turn|1\n|j| Kaiju Krush\n|\n|t:|1738113546\n|-terastallize|p1a: Terapagos|Stellar\n|detailschange|p1a: Terapagos|Terapagos-Stellar, L50, M, tera:Stellar\n|-heal|p1a: Terapagos|100\/100|[silent]\n|move|p1b: Flutter Mane|Thunder Wave|p2a: Annihilape\n|-status|p2a: Annihilape|par\n|move|p1a: Terapagos|Tera Starstorm|p2a: Annihilape|[spread] p2a,p2b\n|-damage|p2a: Annihilape|50\/100 par\n|-damage|p2b: Calyrex|56\/100\n|move|p2a: Annihilape|Shadow Claw|p1b: Flutter Mane\n|-supereffective|p1b: Flutter Mane\n|-damage|p1b: Flutter Mane|13\/100\n|move|p2b: Calyrex|Trick Room|p2b: Calyrex\n|-fieldstart|move: Trick Room|[of] p2b: Calyrex\n|\n|upkeep\n|turn|2\n|\n|t:|1738113563\n|switch|p2a: Jigglypuff|Jigglypuff, L50, F|100\/100\n|-end|p1b: Flutter Mane|Protosynthesis|[silent]\n|switch|p1b: Ogerpon|Ogerpon-Hearthflame, L50, F|100\/100\n|-ability|p1b: Ogerpon|Mold Breaker\n|move|p2b: Calyrex|Glacial Lance|p1b: Ogerpon|[spread] p1a,p1b\n|-damage|p1a: Terapagos|63\/100\n|-damage|p1b: Ogerpon|33\/100\n|move|p1a: Terapagos|Tera Starstorm|p2b: Calyrex|[spread] p2a,p2b\n|-damage|p2a: Jigglypuff|42\/100\n|-damage|p2b: Calyrex|26\/100\n|\n|upkeep\n|turn|3\n|\n|t:|1738113608\n|move|p1b: Ogerpon|Follow Me|p1b: Ogerpon\n|-singleturn|p1b: Ogerpon|move: Follow Me\n|move|p2a: Jigglypuff|Knock Off|p1b: Ogerpon\n|-damage|p1b: Ogerpon|24\/100\n|move|p2b: Calyrex|Glacial Lance|p1a: Terapagos|[spread] p1a,p1b\n|-damage|p1a: Terapagos|24\/100\n|-damage|p1b: Ogerpon|0 fnt\n|faint|p1b: Ogerpon\n|-ability|p2b: Calyrex|Chilling Neigh|boost\n|-boost|p2b: Calyrex|atk|1\n|move|p1a: Terapagos|Tera Starstorm|p2a: Jigglypuff|[spread] p2a,p2b\n|-damage|p2a: Jigglypuff|0 fnt\n|-damage|p2b: Calyrex|0 fnt\n|faint|p2a: Jigglypuff\n|faint|p2b: Calyrex\n|\n|upkeep\n|inactive|Battle timer is ON: inactive players will automatically lose when time's up. (requested by Punihina)\n|\n|t:|1738113621\n|switch|p2a: Pelipper|Pelipper, L50, M|100\/100\n|switch|p2b: Annihilape|Annihilape, L50, M|50\/100 par\n|switch|p1b: Tornadus|Tornadus, L50, M|100\/100\n|-weather|RainDance|[from] ability: Drizzle|[of] p2a: Pelipper\n|turn|4\n|inactive|Pneumatictoad has 30 seconds left.\n|\n|t:|1738113654\n|switch|p1a: Flutter Mane|Flutter Mane, L50|13\/100\n|-terastallize|p2b: Annihilape|Ghost\n|move|p1b: Tornadus|Taunt|p2a: Pelipper\n|-start|p2a: Pelipper|move: Taunt\n|move|p2a: Pelipper|Weather Ball|p1a: Flutter Mane\n|-damage|p1a: Flutter Mane|0 fnt\n|faint|p1a: Flutter Mane\n|-end|p1a: Flutter Mane|Protosynthesis|[silent]\n|move|p2b: Annihilape|Close Combat|p1b: Tornadus\n|-resisted|p1b: Tornadus\n|-damage|p1b: Tornadus|67\/100\n|-unboost|p2b: Annihilape|def|1\n|-unboost|p2b: Annihilape|spd|1\n|\n|-weather|RainDance|[upkeep]\n|upkeep\n|\n|t:|1738113666\n|switch|p1a: Terapagos|Terapagos-Stellar, L50, M, tera:Stellar|24\/100\n|turn|5\n|\n|t:|1738113671\n|move|p2a: Pelipper|Weather Ball|p1b: Tornadus\n|-damage|p1b: Tornadus|0 fnt\n|faint|p1b: Tornadus\n|move|p2b: Annihilape|Close Combat|p1a: Terapagos\n|-supereffective|p1a: Terapagos\n|-damage|p1a: Terapagos|0 fnt\n|-unboost|p2b: Annihilape|def|1\n|-unboost|p2b: Annihilape|spd|1\n|faint|p1a: Terapagos\n|\n|win|Pneumatictoad\n|raw|Punihina's rating: 1568 &rarr; <strong>1545<\/strong><br \/>(-23 for losing)\n|raw|Pneumatictoad's rating: 1508 &rarr; <strong>1531<\/strong><br \/>(+23 for winning)\n|l|\u2606Punihina\n|player|p1|\n|l| Kaiju Krush\n|l|\u2606Pneumatictoad\n|player|p2|\n","uploadtime":1738113674,"views":17,"formatid":"gen9vgc2025regg","rating":1531,"private":0,"password":null}