{"id":"gen9vgc2025regg-2290458287","format":"[Gen 9] VGC 2025 Reg G","players":["Estarossa_152","Jesuuuus"],"log":"|j|\u2606Estarossa_152\n|j|\u2606Jesuuuus\n|t:|1738155362\n|gametype|doubles\n|player|p1|Estarossa_152|102|1613\n|player|p2|Jesuuuus|2|1634\n|teamsize|p1|6\n|teamsize|p2|6\n|gen|9\n|tier|[Gen 9] VGC 2025 Reg G\n|rated|\n|rule|Species Clause: Limit one of each Pok\u00e9mon\n|rule|Item Clause: Limit 1 of each item\n|clearpoke\n|poke|p1|Zamazenta-*, L50|\n|poke|p1|Chien-Pao, L50|\n|poke|p1|Flutter Mane, L50|\n|poke|p1|Raging Bolt, L50|\n|poke|p1|Amoonguss, L50, M|\n|poke|p1|Pelipper, L50, M|\n|poke|p2|Dondozo, L50, F|\n|poke|p2|Ting-Lu, L50|\n|poke|p2|Calyrex-Shadow, L50|\n|poke|p2|Ogerpon-Hearthflame, L50, F|\n|poke|p2|Urshifu-*, L50, F|\n|poke|p2|Whimsicott, L50, F|\n|teampreview|4\n|inactive|Battle timer is ON: inactive players will automatically lose when time's up. (requested by Jesuuuus)\n|inactive|Estarossa_152 has 60 seconds left.\n|\n|t:|1738155463\n|start\n|switch|p1a: Amoonguss|Amoonguss, L50, M, shiny|100\/100\n|switch|p1b: Pelipper|Pelipper, L50, M, shiny|100\/100\n|switch|p2a: Dondozo|Dondozo, L50, F|100\/100\n|switch|p2b: Ting-Lu|Ting-Lu, L50|100\/100\n|-weather|RainDance|[from] ability: Drizzle|[of] p1b: Pelipper\n|-ability|p2b: Ting-Lu|Vessel of Ruin\n|turn|1\n|\n|t:|1738155473\n|move|p1b: Pelipper|Weather Ball|p2b: Ting-Lu\n|-supereffective|p2b: Ting-Lu\n|-damage|p2b: Ting-Lu|40\/100\n|move|p2b: Ting-Lu|Sand Tomb|p1a: Amoonguss\n|-damage|p1a: Amoonguss|90\/100\n|-activate|p1a: Amoonguss|move: Sand Tomb|[of] p2b: Ting-Lu\n|move|p2a: Dondozo|Yawn|p1a: Amoonguss\n|-start|p1a: Amoonguss|move: Yawn|[of] p2a: Dondozo\n|move|p1a: Amoonguss|Spore|p2a: Dondozo\n|-status|p2a: Dondozo|slp|[from] move: Spore\n|\n|-weather|RainDance|[upkeep]\n|-damage|p1a: Amoonguss|78\/100|[from] move: Sand Tomb|[partiallytrapped]\n|upkeep\n|turn|2\n|inactive|Estarossa_152 has 30 seconds left.\n|\n|t:|1738155506\n|move|p2b: Ting-Lu|Protect|p2b: Ting-Lu\n|-singleturn|p2b: Ting-Lu|Protect\n|move|p1b: Pelipper|Hurricane|p2a: Dondozo\n|-damage|p2a: Dondozo|77\/100 slp\n|cant|p2a: Dondozo|slp\n|move|p1a: Amoonguss|Spore|p2a: Dondozo\n|-fail|p2a: Dondozo|slp\n|\n|-weather|RainDance|[upkeep]\n|-heal|p2a: Dondozo|83\/100 slp|[from] item: Leftovers\n|-damage|p1a: Amoonguss|66\/100|[from] move: Sand Tomb|[partiallytrapped]\n|-end|p1a: Amoonguss|move: Yawn|[silent]\n|-status|p1a: Amoonguss|slp\n|upkeep\n|turn|3\n|\n|t:|1738155520\n|-terastallize|p2b: Ting-Lu|Fairy\n|move|p1b: Pelipper|Weather Ball|p2b: Ting-Lu\n|-damage|p2b: Ting-Lu|13\/100\n|move|p2b: Ting-Lu|Stealth Rock|p1a: Amoonguss\n|-sidestart|p1: Estarossa_152|move: Stealth Rock\n|-curestatus|p2a: Dondozo|slp|[msg]\n|move|p2a: Dondozo|Yawn|p1b: Pelipper\n|-start|p1b: Pelipper|move: Yawn|[of] p2a: Dondozo\n|cant|p1a: Amoonguss|slp\n|\n|-weather|RainDance|[upkeep]\n|-heal|p2a: Dondozo|89\/100|[from] item: Leftovers\n|-damage|p1a: Amoonguss|53\/100 slp|[from] move: Sand Tomb|[partiallytrapped]\n|upkeep\n|turn|4\n|inactive|Estarossa_152 has 30 seconds left.\n|\n|t:|1738155545\n|switch|p1b: Raging Bolt|Raging Bolt, L50|100\/100\n|-damage|p1b: Raging Bolt|88\/100|[from] Stealth Rock\n|move|p2b: Ting-Lu|Ruination|p1b: Raging Bolt\n|-damage|p1b: Raging Bolt|44\/100\n|move|p2a: Dondozo|Yawn|p1b: Raging Bolt\n|-start|p1b: Raging Bolt|move: Yawn|[of] p2a: Dondozo\n|cant|p1a: Amoonguss|slp\n|\n|-weather|RainDance|[upkeep]\n|-heal|p2a: Dondozo|95\/100|[from] item: Leftovers\n|-damage|p1a: Amoonguss|41\/100 slp|[from] move: Sand Tomb|[partiallytrapped]\n|upkeep\n|turn|5\n|inactive|Estarossa_152 has 30 seconds left.\n|inactive|Estarossa_152 has 20 seconds left.\n|\n|t:|1738155585\n|move|p1b: Raging Bolt|Thunderbolt|p2b: Ting-Lu\n|-damage|p2b: Ting-Lu|0 fnt\n|faint|p2b: Ting-Lu\n|move|p2a: Dondozo|Heavy Slam|p1a: Amoonguss\n|-damage|p1a: Amoonguss|16\/100 slp\n|-damage|p2a: Dondozo|79\/100|[from] item: Rocky Helmet|[of] p1a: Amoonguss\n|-curestatus|p1a: Amoonguss|slp|[msg]\n|move|p1a: Amoonguss|Pollen Puff|p1b: Raging Bolt\n|-heal|p1b: Raging Bolt|94\/100\n|\n|-weather|none\n|-heal|p2a: Dondozo|85\/100|[from] item: Leftovers\n|-end|p1a: Amoonguss|Sand Tomb|[partiallytrapped]\n|-end|p1b: Raging Bolt|move: Yawn|[silent]\n|-status|p1b: Raging Bolt|slp\n|upkeep\n|\n|t:|1738155597\n|switch|p2b: Calyrex|Calyrex-Shadow, L50|100\/100\n|-ability|p2b: Calyrex|As One\n|-ability|p2b: Calyrex|Unnerve\n|turn|6\n|\n|t:|1738155618\n|switch|p2a: Ogerpon|Ogerpon-Hearthflame, L50, F|100\/100\n|-ability|p2a: Ogerpon|Mold Breaker\n|switch|p1a: Zamazenta|Zamazenta-Crowned, L50, shiny|100\/100\n|-damage|p1a: Zamazenta|98\/100|[from] Stealth Rock\n|-ability|p1a: Zamazenta|Dauntless Shield|boost\n|-boost|p1a: Zamazenta|def|1\n|move|p2b: Calyrex|Substitute|p2b: Calyrex\n|-start|p2b: Calyrex|Substitute\n|-damage|p2b: Calyrex|76\/100\n|cant|p1b: Raging Bolt|slp\n|\n|upkeep\n|turn|7\n|inactive|Estarossa_152 has 30 seconds left.\n|\n|t:|1738155651\n|move|p1a: Zamazenta|Protect|p1a: Zamazenta\n|-singleturn|p1a: Zamazenta|Protect\n|move|p2b: Calyrex|Astral Barrage|p1a: Zamazenta|[spread] p1b\n|-activate|p1a: Zamazenta|move: Protect\n|-damage|p1b: Raging Bolt|56\/100 slp\n|-damage|p2b: Calyrex|66\/100|[from] item: Life Orb\n|move|p2a: Ogerpon|Ivy Cudgel|p1a: Zamazenta|[anim] Ivy Cudgel Fire\n|-activate|p1a: Zamazenta|move: Protect\n|cant|p1b: Raging Bolt|slp\n|\n|upkeep\n|turn|8\n|inactive|Estarossa_152 has 30 seconds left.\n|\n|t:|1738155680\n|-end|p1b: Raging Bolt|Protosynthesis|[silent]\n|switch|p1b: Pelipper|Pelipper, L50, M, shiny|100\/100\n|-damage|p1b: Pelipper|76\/100|[from] Stealth Rock\n|-weather|RainDance|[from] ability: Drizzle|[of] p1b: Pelipper\n|move|p1a: Zamazenta|Wide Guard|p1a: Zamazenta\n|-singleturn|p1a: Zamazenta|Wide Guard\n|move|p2b: Calyrex|Psychic|p1b: Pelipper\n|-damage|p1b: Pelipper|0 fnt\n|faint|p1b: Pelipper\n|-ability|p2b: Calyrex|Grim Neigh|boost\n|-boost|p2b: Calyrex|spa|1\n|-damage|p2b: Calyrex|57\/100|[from] item: Life Orb\n|move|p2a: Ogerpon|Ivy Cudgel|p1a: Zamazenta|[anim] Ivy Cudgel Fire\n|-supereffective|p1a: Zamazenta\n|-damage|p1a: Zamazenta|73\/100\n|\n|-weather|RainDance|[upkeep]\n|upkeep\n|\n|t:|1738155695\n|switch|p1b: Raging Bolt|Raging Bolt, L50|56\/100 slp\n|-damage|p1b: Raging Bolt|44\/100 slp|[from] Stealth Rock\n|turn|9\n|\n|t:|1738155710\n|move|p2a: Ogerpon|Follow Me|p2a: Ogerpon\n|-singleturn|p2a: Ogerpon|move: Follow Me\n|move|p2b: Calyrex|Psychic|p1b: Raging Bolt\n|-damage|p1b: Raging Bolt|0 fnt\n|faint|p1b: Raging Bolt\n|-end|p1b: Raging Bolt|Protosynthesis|[silent]\n|-ability|p2b: Calyrex|Grim Neigh|boost\n|-boost|p2b: Calyrex|spa|1\n|-damage|p2b: Calyrex|47\/100|[from] item: Life Orb\n|move|p1a: Zamazenta|Body Press|p2a: Ogerpon\n|-damage|p2a: Ogerpon|0 fnt\n|faint|p2a: Ogerpon\n|\n|-weather|RainDance|[upkeep]\n|upkeep\n|\n|t:|1738155721\n|switch|p2a: Dondozo|Dondozo, L50, F|85\/100\n|switch|p1b: Amoonguss|Amoonguss, L50, M, shiny|49\/100\n|-damage|p1b: Amoonguss|37\/100|[from] Stealth Rock\n|turn|10\n|inactive|Estarossa_152 has 30 seconds left.\n|inactive|Estarossa_152 has 20 seconds left.\n|inactive|Estarossa_152 has 15 seconds left.\n|inactive|Estarossa_152 has 10 seconds left.\n|inactive|Estarossa_152 has 5 seconds left.\n|\n|t:|1738155776\n|move|p2b: Calyrex|Psychic|p1b: Amoonguss\n|-supereffective|p1b: Amoonguss\n|-damage|p1b: Amoonguss|0 fnt\n|faint|p1b: Amoonguss\n|-ability|p2b: Calyrex|Grim Neigh|boost\n|-boost|p2b: Calyrex|spa|1\n|-damage|p2b: Calyrex|37\/100|[from] item: Life Orb\n|move|p1a: Zamazenta|Body Press|p2a: Dondozo\n|-damage|p2a: Dondozo|42\/100\n|move|p2a: Dondozo|Yawn|p1a: Zamazenta\n|-start|p1a: Zamazenta|move: Yawn|[of] p2a: Dondozo\n|\n|-weather|RainDance|[upkeep]\n|-heal|p2a: Dondozo|48\/100|[from] item: Leftovers\n|upkeep\n|turn|11\n|inactive|Estarossa_152 has 30 seconds left.\n|c|\u2606Jesuuuus|gg\n|inactive|Estarossa_152 has 20 seconds left.\n|inactive|Estarossa_152 has 15 seconds left.\n|inactive|Estarossa_152 has 10 seconds left.\n|inactive|Estarossa_152 has 5 seconds left.\n|\n|t:|1738155831\n|move|p2a: Dondozo|Protect|p2a: Dondozo\n|-singleturn|p2a: Dondozo|Protect\n|move|p2b: Calyrex|Psychic|p1a: Zamazenta\n|-damage|p1a: Zamazenta|0 fnt\n|faint|p1a: Zamazenta\n|-damage|p2b: Calyrex|27\/100|[from] item: Life Orb\n|\n|win|Jesuuuus\n|raw|Estarossa_152's rating: 1613 &rarr; <strong>1594<\/strong><br \/>(-19 for losing)\n|raw|Jesuuuus's rating: 1634 &rarr; <strong>1653<\/strong><br \/>(+19 for winning)\n|l|\u2606Jesuuuus\n|player|p2|\n","uploadtime":1738156036,"views":28,"formatid":"gen9vgc2025regg","rating":1594,"private":0,"password":null}