{"id":"gen9vgc2025regg-2290129806","format":"[Gen 9] VGC 2025 Reg G","players":["jephre45","Lowpass"],"log":"|j|\u2606jephre45\n|j|\u2606Lowpass\n|t:|1738101777\n|gametype|doubles\n|player|p1|jephre45|plasmagrunt|1530\n|player|p2|Lowpass|lance|1561\n|teamsize|p1|6\n|teamsize|p2|6\n|gen|9\n|tier|[Gen 9] VGC 2025 Reg G\n|rated|\n|rule|Species Clause: Limit one of each Pok\u00e9mon\n|rule|Item Clause: Limit 1 of each item\n|clearpoke\n|poke|p1|Calyrex-Ice, L50|\n|poke|p1|Urshifu-*, L50, M|\n|poke|p1|Pelipper, L50, F|\n|poke|p1|Amoonguss, L50, M|\n|poke|p1|Iron Valiant, L50|\n|poke|p1|Landorus, L50, M|\n|poke|p2|Lugia, L50|\n|poke|p2|Sableye, L50, F|\n|poke|p2|Wo-Chien, L50|\n|poke|p2|Heatran, L50, F|\n|poke|p2|Landorus-Therian, L50, M|\n|poke|p2|Toxapex, L50, M|\n|teampreview|4\n|inactive|Battle timer is ON: inactive players will automatically lose when time's up. (requested by Lowpass)\n|j| Triple20\n|inactive|jephre45 has 60 seconds left.\n|inactive|Lowpass has 60 seconds left.\n|\n|t:|1738101831\n|start\n|switch|p1a: Iron Valiant|Iron Valiant, L50, shiny|100\/100\n|switch|p1b: Amoonguss|Amoonguss, L50, M|100\/100\n|switch|p2a: Sableye|Sableye, L50, F|100\/100\n|switch|p2b: Wo-Chien|Wo-Chien, L50|100\/100\n|-ability|p2b: Wo-Chien|Tablets of Ruin\n|-enditem|p1a: Iron Valiant|Booster Energy\n|-activate|p1a: Iron Valiant|ability: Quark Drive|[fromitem]\n|-start|p1a: Iron Valiant|quarkdrivespe\n|turn|1\n|inactive|jephre45 has 30 seconds left.\n|inactive|Lowpass has 30 seconds left.\n|inactive|jephre45 has 20 seconds left.\n|inactive|Lowpass has 20 seconds left.\n|\n|t:|1738101871\n|switch|p2b: Lugia|Lugia, L50|100\/100\n|move|p2a: Sableye|Taunt|p1b: Amoonguss\n|-start|p1b: Amoonguss|move: Taunt\n|move|p1a: Iron Valiant|Encore||[still]\n|-fail|p1a: Iron Valiant\n|move|p1b: Amoonguss|Clear Smog|p2b: Lugia\n|-damage|p2b: Lugia|96\/100\n|-clearboost|p2b: Lugia\n|\n|-heal|p2b: Lugia|100\/100|[from] item: Leftovers\n|upkeep\n|turn|2\n|\n|t:|1738101896\n|switch|p1b: Calyrex|Calyrex-Ice, L50|100\/100\n|-ability|p1b: Calyrex|As One\n|-ability|p1b: Calyrex|Unnerve\n|-terastallize|p1a: Iron Valiant|Ghost\n|move|p2a: Sableye|Reflect|p2a: Sableye\n|-sidestart|p2: Lowpass|Reflect\n|move|p1a: Iron Valiant|Spirit Break|p2b: Lugia\n|-damage|p2b: Lugia|94\/100\n|-unboost|p2b: Lugia|spa|1\n|move|p2b: Lugia|Aeroblast|p1a: Iron Valiant\n|-damage|p1a: Iron Valiant|60\/100\n|\n|-heal|p2b: Lugia|99\/100|[from] item: Leftovers\n|upkeep\n|turn|3\n|inactive|jephre45 has 30 seconds left.\n|\n|t:|1738101929\n|switch|p2b: Wo-Chien|Wo-Chien, L50|100\/100\n|-ability|p2b: Wo-Chien|Tablets of Ruin\n|switch|p2a: Toxapex|Toxapex, L50, M|100\/100\n|move|p1a: Iron Valiant|Spirit Break|p2a: Toxapex\n|-resisted|p2a: Toxapex\n|-damage|p2a: Toxapex|95\/100\n|-unboost|p2a: Toxapex|spa|1\n|-damage|p1a: Iron Valiant|44\/100|[from] item: Rocky Helmet|[of] p2a: Toxapex\n|move|p1b: Calyrex|Glacial Lance|p2b: Wo-Chien|[spread] p2a,p2b\n|-resisted|p2a: Toxapex\n|-supereffective|p2b: Wo-Chien\n|-damage|p2a: Toxapex|85\/100\n|-damage|p2b: Wo-Chien|52\/100\n|\n|upkeep\n|turn|4\n|\n|t:|1738101945\n|move|p1b: Calyrex|Protect|p1b: Calyrex\n|-singleturn|p1b: Calyrex|Protect\n|move|p2a: Toxapex|Wide Guard|p2a: Toxapex\n|-singleturn|p2a: Toxapex|Wide Guard\n|move|p1a: Iron Valiant|Coaching|p1b: Calyrex\n|-boost|p1b: Calyrex|atk|1\n|-boost|p1b: Calyrex|def|1\n|move|p2b: Wo-Chien|Foul Play|p1b: Calyrex\n|-activate|p1b: Calyrex|move: Protect\n|\n|upkeep\n|turn|5\n|j| dialgasucksnow\n|inactive|jephre45 has 30 seconds left.\n|\n|t:|1738101971\n|switch|p1b: Amoonguss|Amoonguss, L50, M|100\/100\n|move|p2a: Toxapex|Wide Guard|p2a: Toxapex\n|-singleturn|p2a: Toxapex|Wide Guard\n|move|p1a: Iron Valiant|Encore|p2b: Wo-Chien\n|-start|p2b: Wo-Chien|Encore\n|move|p2b: Wo-Chien|Foul Play|p1b: Amoonguss\n|-damage|p1b: Amoonguss|81\/100\n|-damage|p2b: Wo-Chien|35\/100|[from] item: Rocky Helmet|[of] p1b: Amoonguss\n|\n|upkeep\n|turn|6\n|c| dialgasucksnow|lugia stall goes crazy\n|\n|t:|1738101991\n|-end|p1a: Iron Valiant|Quark Drive|[silent]\n|switch|p1a: Pelipper|Pelipper, L50, F|100\/100\n|-weather|RainDance|[from] ability: Drizzle|[of] p1a: Pelipper\n|move|p2b: Wo-Chien|Foul Play|p1a: Pelipper\n|-damage|p1a: Pelipper|86\/100\n|move|p2a: Toxapex|Toxic|p1a: Pelipper\n|-status|p1a: Pelipper|tox\n|move|p1b: Amoonguss|Spore|p2a: Toxapex\n|-status|p2a: Toxapex|slp|[from] move: Spore\n|\n|-weather|RainDance|[upkeep]\n|-damage|p1a: Pelipper|80\/100 tox|[from] psn\n|upkeep\n|turn|7\n|\n|t:|1738102009\n|switch|p2b: Lugia|Lugia, L50|99\/100\n|switch|p2a: Sableye|Sableye, L50, F|100\/100\n|move|p1a: Pelipper|Hurricane|p2b: Lugia\n|-damage|p2b: Lugia|58\/100\n|-damage|p1a: Pelipper|70\/100 tox|[from] item: Life Orb\n|move|p1b: Amoonguss|Spore|p2b: Lugia\n|-status|p2b: Lugia|slp|[from] move: Spore\n|\n|-weather|RainDance|[upkeep]\n|-heal|p2b: Lugia|64\/100 slp|[from] item: Leftovers\n|-damage|p1a: Pelipper|58\/100 tox|[from] psn\n|upkeep\n|turn|8\n|\n|t:|1738102026\n|move|p2a: Sableye|Fake Out|p1a: Pelipper\n|-crit|p1a: Pelipper\n|-damage|p1a: Pelipper|45\/100 tox\n|cant|p2b: Lugia|slp\n|cant|p1a: Pelipper|flinch\n|move|p1b: Amoonguss|Pollen Puff|p1a: Pelipper\n|-heal|p1a: Pelipper|95\/100 tox\n|\n|-weather|RainDance|[upkeep]\n|-heal|p2b: Lugia|70\/100 slp|[from] item: Leftovers\n|-damage|p1a: Pelipper|77\/100 tox|[from] psn\n|upkeep\n|turn|9\n|\n|t:|1738102039\n|switch|p1b: Calyrex|Calyrex-Ice, L50|100\/100\n|-ability|p1b: Calyrex|As One\n|-ability|p1b: Calyrex|Unnerve\n|move|p2a: Sableye|Light Screen|p2a: Sableye\n|-sidestart|p2: Lowpass|move: Light Screen\n|cant|p2b: Lugia|slp\n|move|p1a: Pelipper|Weather Ball|p2b: Lugia\n|-damage|p2b: Lugia|38\/100 slp\n|-damage|p1a: Pelipper|68\/100 tox|[from] item: Life Orb\n|\n|-weather|RainDance|[upkeep]\n|-heal|p2b: Lugia|44\/100 slp|[from] item: Leftovers\n|-damage|p1a: Pelipper|44\/100 tox|[from] psn\n|-sideend|p2: Lowpass|Reflect\n|upkeep\n|turn|10\n|\n|t:|1738102055\n|switch|p1a: Iron Valiant|Iron Valiant, L50, shiny, tera:Ghost|44\/100\n|-terastallize|p2b: Lugia|Steel\n|move|p2a: Sableye|Reflect|p2a: Sableye\n|-sidestart|p2: Lowpass|Reflect\n|cant|p2b: Lugia|slp\n|move|p1b: Calyrex|Glacial Lance|p2a: Sableye|[spread] p2a,p2b\n|-resisted|p2b: Lugia\n|-damage|p2a: Sableye|42\/100\n|-damage|p2b: Lugia|34\/100 slp\n|\n|-weather|none\n|-heal|p2b: Lugia|40\/100 slp|[from] item: Leftovers\n|upkeep\n|turn|11\n|\n|t:|1738102077\n|switch|p2a: Wo-Chien|Wo-Chien, L50|35\/100\n|-ability|p2a: Wo-Chien|Tablets of Ruin\n|move|p1a: Iron Valiant|Encore||[still]\n|-fail|p1a: Iron Valiant\n|-curestatus|p2b: Lugia|slp|[msg]\n|move|p2b: Lugia|Recover|p2b: Lugia\n|-heal|p2b: Lugia|90\/100\n|move|p1b: Calyrex|High Horsepower|p2b: Lugia\n|-supereffective|p2b: Lugia\n|-damage|p2b: Lugia|65\/100\n|\n|-heal|p2b: Lugia|71\/100|[from] item: Leftovers\n|upkeep\n|turn|12\n|\n|t:|1738102091\n|move|p1a: Iron Valiant|Encore|p2b: Lugia\n|-start|p2b: Lugia|Encore\n|move|p2b: Lugia|Recover|p2b: Lugia\n|-heal|p2b: Lugia|100\/100\n|move|p2a: Wo-Chien|Foul Play|p1a: Iron Valiant\n|-supereffective|p1a: Iron Valiant\n|-damage|p1a: Iron Valiant|0 fnt\n|faint|p1a: Iron Valiant\n|-end|p1a: Iron Valiant|Quark Drive|[silent]\n|move|p1b: Calyrex|Glacial Lance|p2a: Wo-Chien|[spread] p2a,p2b\n|-supereffective|p2a: Wo-Chien\n|-resisted|p2b: Lugia\n|-damage|p2a: Wo-Chien|0 fnt\n|-damage|p2b: Lugia|96\/100\n|faint|p2a: Wo-Chien\n|-ability|p1b: Calyrex|Chilling Neigh|boost\n|-boost|p1b: Calyrex|atk|1\n|\n|-heal|p2b: Lugia|100\/100|[from] item: Leftovers\n|upkeep\n|\n|t:|1738102100\n|switch|p1a: Amoonguss|Amoonguss, L50, M|100\/100\n|switch|p2a: Sableye|Sableye, L50, F|42\/100\n|turn|13\n|\n|t:|1738102109\n|switch|p2b: Toxapex|Toxapex, L50, M|100\/100 slp\n|move|p2a: Sableye|Fake Out|p1b: Calyrex\n|-damage|p1b: Calyrex|96\/100\n|cant|p1b: Calyrex|flinch\n|move|p1a: Amoonguss|Spore|p2a: Sableye\n|-status|p2a: Sableye|slp|[from] move: Spore\n|\n|upkeep\n|turn|14\n|\n|t:|1738102128\n|switch|p2a: Lugia|Lugia, L50, tera:Steel|100\/100\n|cant|p2b: Toxapex|slp\n|move|p1b: Calyrex|High Horsepower|p2b: Toxapex\n|-supereffective|p2b: Toxapex\n|-damage|p2b: Toxapex|42\/100 slp\n|-damage|p1b: Calyrex|79\/100|[from] item: Rocky Helmet|[of] p2b: Toxapex\n|move|p1a: Amoonguss|Pollen Puff|p1b: Calyrex\n|-heal|p1b: Calyrex|100\/100\n|\n|upkeep\n|turn|15\n|\n|t:|1738102141\n|move|p2a: Lugia|Calm Mind|p2a: Lugia\n|-boost|p2a: Lugia|spa|1\n|-boost|p2a: Lugia|spd|1\n|-curestatus|p2b: Toxapex|slp|[msg]\n|move|p2b: Toxapex|Toxic|p1b: Calyrex\n|-status|p1b: Calyrex|tox\n|move|p1b: Calyrex|High Horsepower|p2b: Toxapex\n|-supereffective|p2b: Toxapex\n|-damage|p2b: Toxapex|0 fnt\n|-damage|p1b: Calyrex|84\/100 tox|[from] item: Rocky Helmet|[of] p2b: Toxapex\n|faint|p2b: Toxapex\n|-ability|p1b: Calyrex|Chilling Neigh|boost\n|-boost|p1b: Calyrex|atk|1\n|move|p1a: Amoonguss|Spore|p2a: Lugia\n|-status|p2a: Lugia|slp|[from] move: Spore\n|\n|-damage|p1b: Calyrex|78\/100 tox|[from] psn\n|upkeep\n|\n|t:|1738102145\n|switch|p2b: Sableye|Sableye, L50, F|42\/100 slp\n|turn|16\n|\n|t:|1738102154\n|switch|p1b: Pelipper|Pelipper, L50, F|44\/100 tox\n|-weather|RainDance|[from] ability: Drizzle|[of] p1b: Pelipper\n|cant|p2b: Sableye|slp\n|cant|p2a: Lugia|slp\n|move|p1a: Amoonguss|Pollen Puff|p1b: Pelipper\n|-heal|p1b: Pelipper|93\/100 tox\n|\n|-weather|RainDance|[upkeep]\n|-damage|p1b: Pelipper|87\/100 tox|[from] psn\n|-sideend|p2: Lowpass|move: Light Screen\n|upkeep\n|turn|17\n|\n|t:|1738102171\n|switch|p1a: Calyrex|Calyrex-Ice, L50|78\/100 tox\n|-ability|p1a: Calyrex|As One\n|-ability|p1a: Calyrex|Unnerve\n|cant|p2b: Sableye|slp\n|cant|p2a: Lugia|slp\n|move|p1b: Pelipper|Weather Ball|p2b: Sableye\n|-damage|p2b: Sableye|0 fnt\n|faint|p2b: Sableye\n|-damage|p1b: Pelipper|78\/100 tox|[from] item: Life Orb\n|\n|-weather|RainDance|[upkeep]\n|-damage|p1b: Pelipper|66\/100 tox|[from] psn\n|-damage|p1a: Calyrex|72\/100 tox|[from] psn\n|-sideend|p2: Lowpass|Reflect\n|upkeep\n|turn|18\n|\n|t:|1738102184\n|cant|p2a: Lugia|slp\n|move|p1b: Pelipper|Weather Ball|p2a: Lugia\n|-damage|p2a: Lugia|83\/100 slp\n|-damage|p1b: Pelipper|56\/100 tox|[from] item: Life Orb\n|move|p1a: Calyrex|High Horsepower|p2a: Lugia\n|-supereffective|p2a: Lugia\n|-damage|p2a: Lugia|38\/100 slp\n|\n|-weather|RainDance|[upkeep]\n|-heal|p2a: Lugia|44\/100 slp|[from] item: Leftovers\n|-damage|p1b: Pelipper|38\/100 tox|[from] psn\n|-damage|p1a: Calyrex|61\/100 tox|[from] psn\n|upkeep\n|turn|19\n|\n|t:|1738102207\n|-curestatus|p2a: Lugia|slp|[msg]\n|move|p2a: Lugia|Aeroblast|p1a: Calyrex\n|-damage|p1a: Calyrex|23\/100 tox\n|move|p1b: Pelipper|Weather Ball|p2a: Lugia\n|-damage|p2a: Lugia|9\/100\n|-damage|p1b: Pelipper|29\/100 tox|[from] item: Life Orb\n|move|p1a: Calyrex|High Horsepower|p2a: Lugia\n|-supereffective|p2a: Lugia\n|-damage|p2a: Lugia|0 fnt\n|faint|p2a: Lugia\n|\n|win|jephre45\n|raw|jephre45's rating: 1530 &rarr; <strong>1552<\/strong><br \/>(+22 for winning)\n|raw|Lowpass's rating: 1561 &rarr; <strong>1539<\/strong><br \/>(-22 for losing)\n|l|\u2606jephre45\n|player|p1|\n|l|\u2606Lowpass\n|player|p2|\n|l| dialgasucksnow\n","uploadtime":1738102432,"views":6,"formatid":"gen9vgc2025regg","rating":1539,"private":0,"password":null}