{"id":"gen9vgc2025regg-2290787848","format":"[Gen 9] VGC 2025 Reg G","players":["Bougie Oatmeal","Mildly Displeased"],"log":"|j|\u2606Bougie Oatmeal\n|j|\u2606Mildly Displeased\n|t:|1738189296\n|gametype|doubles\n|player|p1|Bougie Oatmeal|rowan|1579\n|player|p2|Mildly Displeased|lillie|1536\n|teamsize|p1|6\n|teamsize|p2|6\n|gen|9\n|tier|[Gen 9] VGC 2025 Reg G\n|rated|\n|rule|Species Clause: Limit one of each Pok\u00e9mon\n|rule|Item Clause: Limit 1 of each item\n|clearpoke\n|poke|p1|Calyrex-Shadow, L50|\n|poke|p1|Indeedee-F, L50, F|\n|poke|p1|Ogerpon-Hearthflame, L50, F|\n|poke|p1|Iron Jugulis, L50|\n|poke|p1|Iron Hands, L50|\n|poke|p1|Urshifu-*, L50, F|\n|poke|p2|Primarina, L50, M|\n|poke|p2|Talonflame, L50, F|\n|poke|p2|Zamazenta-*, L50|\n|poke|p2|Rillaboom, L50, M|\n|poke|p2|Iron Treads, L50|\n|poke|p2|Chien-Pao, L50|\n|teampreview|4\n|inactive|Battle timer is ON: inactive players will automatically lose when time's up. (requested by Bougie Oatmeal)\n|\n|t:|1738189320\n|start\n|switch|p1a: Hallothreen|Iron Jugulis, L50|100\/100\n|switch|p1b: Arizona|Ogerpon-Hearthflame, L50, F|100\/100\n|switch|p2a: Iron Treads|Iron Treads, L50|100\/100\n|switch|p2b: Chien-Pao|Chien-Pao, L50|100\/100\n|-ability|p2b: Chien-Pao|Sword of Ruin\n|-ability|p1b: Arizona|Mold Breaker\n|-enditem|p2a: Iron Treads|Booster Energy\n|-activate|p2a: Iron Treads|ability: Quark Drive|[fromitem]\n|-start|p2a: Iron Treads|quarkdrivespe\n|-enditem|p1a: Hallothreen|Booster Energy\n|-activate|p1a: Hallothreen|ability: Quark Drive|[fromitem]\n|-start|p1a: Hallothreen|quarkdrivespe\n|turn|1\n|\n|t:|1738189343\n|move|p2a: Iron Treads|High Horsepower|p1b: Arizona\n|-damage|p1b: Arizona|34\/100\n|move|p1a: Hallothreen|Tailwind|p1a: Hallothreen\n|-sidestart|p1: Bougie Oatmeal|move: Tailwind\n|move|p1b: Arizona|Ivy Cudgel|p2b: Chien-Pao|[anim] Ivy Cudgel Fire\n|-supereffective|p2b: Chien-Pao\n|-enditem|p2b: Chien-Pao|Focus Sash\n|-damage|p2b: Chien-Pao|1\/100\n|move|p2b: Chien-Pao|Ice Spinner|p1a: Hallothreen\n|-supereffective|p1a: Hallothreen\n|-damage|p1a: Hallothreen|0 fnt\n|faint|p1a: Hallothreen\n|-end|p1a: Hallothreen|Quark Drive|[silent]\n|\n|upkeep\n|\n|t:|1738189354\n|switch|p1a: Zoroastre|Calyrex-Shadow, L50|100\/100\n|-ability|p1a: Zoroastre|As One\n|-ability|p1a: Zoroastre|Unnerve\n|turn|2\n|\n|t:|1738189375\n|switch|p2b: Zamazenta|Zamazenta-Crowned, L50|100\/100\n|-ability|p2b: Zamazenta|Dauntless Shield|boost\n|-boost|p2b: Zamazenta|def|1\n|move|p1a: Zoroastre|Astral Barrage|p2b: Zamazenta|[spread] p2a,p2b\n|-damage|p2a: Iron Treads|19\/100\n|-damage|p2b: Zamazenta|61\/100\n|move|p1b: Arizona|Ivy Cudgel|p2a: Iron Treads|[anim] Ivy Cudgel Fire\n|-supereffective|p2a: Iron Treads\n|-damage|p2a: Iron Treads|0 fnt\n|faint|p2a: Iron Treads\n|-end|p2a: Iron Treads|Quark Drive|[silent]\n|\n|upkeep\n|\n|t:|1738189384\n|switch|p2a: Chien-Pao|Chien-Pao, L50|1\/100\n|-ability|p2a: Chien-Pao|Sword of Ruin\n|turn|3\n|\n|t:|1738189395\n|move|p2b: Zamazenta|Wide Guard|p2b: Zamazenta\n|-singleturn|p2b: Zamazenta|Wide Guard\n|move|p1b: Arizona|Follow Me|p1b: Arizona\n|-singleturn|p1b: Arizona|move: Follow Me\n|move|p1a: Zoroastre|Nasty Plot|p1a: Zoroastre\n|-boost|p1a: Zoroastre|spa|2\n|move|p2a: Chien-Pao|Crunch|p1b: Arizona\n|-damage|p1b: Arizona|0 fnt\n|faint|p1b: Arizona\n|\n|upkeep\n|\n|t:|1738189401\n|switch|p1b: Proshokza|Iron Hands, L50|100\/100\n|turn|4\n|\n|t:|1738189420\n|switch|p2a: Rillaboom|Rillaboom, L50, M|100\/100\n|-fieldstart|move: Grassy Terrain|[from] ability: Grassy Surge|[of] p2a: Rillaboom\n|move|p2b: Zamazenta|Wide Guard|p2b: Zamazenta\n|-singleturn|p2b: Zamazenta|Wide Guard\n|move|p1b: Proshokza|Fake Out|p2b: Zamazenta\n|-resisted|p2b: Zamazenta\n|-damage|p2b: Zamazenta|59\/100\n|move|p1a: Zoroastre|Astral Barrage|p2a: Rillaboom|[spread] \n|-activate|p2a: Rillaboom|move: Wide Guard\n|-activate|p2b: Zamazenta|move: Wide Guard\n|\n|-heal|p2b: Zamazenta|65\/100|[from] Grassy Terrain\n|-sideend|p1: Bougie Oatmeal|move: Tailwind\n|upkeep\n|turn|5\n|inactive|Bougie Oatmeal has 30 seconds left.\n|inactive|Bougie Oatmeal has 20 seconds left.\n|inactive|Bougie Oatmeal has 15 seconds left.\n|inactive|Bougie Oatmeal has 10 seconds left.\n|inactive|Mildly Displeased has 30 seconds left.\n|inactive|Bougie Oatmeal has 5 seconds left.\n|inactive|Mildly Displeased has 20 seconds left.\n|\n|t:|1738189484\n|-terastallize|p2b: Zamazenta|Ghost\n|move|p2b: Zamazenta|Wide Guard|p2b: Zamazenta\n|-singleturn|p2b: Zamazenta|Wide Guard\n|move|p1a: Zoroastre|Astral Barrage|p2a: Rillaboom|[spread] \n|-activate|p2a: Rillaboom|move: Wide Guard\n|-activate|p2b: Zamazenta|move: Wide Guard\n|move|p2a: Rillaboom|Wood Hammer|p1a: Zoroastre\n|-enditem|p1a: Zoroastre|Focus Sash\n|-damage|p1a: Zoroastre|1\/100\n|-damage|p2a: Rillaboom|72\/100|[from] Recoil\n|move|p1b: Proshokza|Wild Charge|p2b: Zamazenta\n|-damage|p2b: Zamazenta|46\/100\n|-damage|p1b: Proshokza|97\/100|[from] Recoil\n|\n|-heal|p1a: Zoroastre|7\/100|[from] Grassy Terrain\n|-heal|p2b: Zamazenta|52\/100|[from] Grassy Terrain\n|-heal|p2a: Rillaboom|78\/100|[from] Grassy Terrain\n|-heal|p1b: Proshokza|100\/100|[from] Grassy Terrain\n|upkeep\n|turn|6\n|inactive|Bougie Oatmeal has 30 seconds left.\n|inactive|Mildly Displeased has 30 seconds left.\n|inactive|Bougie Oatmeal has 20 seconds left.\n|inactive|Bougie Oatmeal has 15 seconds left.\n|inactive|Bougie Oatmeal has 10 seconds left.\n|inactive|Bougie Oatmeal has 5 seconds left.\n|\n|t:|1738189539\n|move|p2a: Rillaboom|Grassy Glide|p1a: Zoroastre\n|-damage|p1a: Zoroastre|0 fnt\n|faint|p1a: Zoroastre\n|move|p2b: Zamazenta|Body Press|p1b: Proshokza\n|-damage|p1b: Proshokza|54\/100\n|move|p1b: Proshokza|Wild Charge|p2b: Zamazenta\n|-damage|p2b: Zamazenta|33\/100\n|-damage|p1b: Proshokza|51\/100|[from] Recoil\n|\n|-heal|p2b: Zamazenta|40\/100|[from] Grassy Terrain\n|-heal|p2a: Rillaboom|84\/100|[from] Grassy Terrain\n|-heal|p1b: Proshokza|57\/100|[from] Grassy Terrain\n|upkeep\n|turn|7\n|l|\u2606Bougie Oatmeal\n|inactive|Bougie Oatmeal disconnected and has a minute to reconnect!\n|player|p1|\n|j|\u2606Bougie Oatmeal\n|inactive|Bougie Oatmeal reconnected and has 40 seconds left.\n|player|p1|Bougie Oatmeal|rowan|\n|\n|t:|1738189563\n|move|p2b: Zamazenta|Body Press|p1b: Proshokza\n|-damage|p1b: Proshokza|17\/100\n|move|p2a: Rillaboom|High Horsepower|p1b: Proshokza\n|-supereffective|p1b: Proshokza\n|-damage|p1b: Proshokza|0 fnt\n|faint|p1b: Proshokza\n|-end|p1b: Proshokza|Quark Drive|[silent]\n|\n|win|Mildly Displeased\n|raw|Bougie Oatmeal's rating: 1579 &rarr; <strong>1557<\/strong><br \/>(-22 for losing)\n|raw|Mildly Displeased's rating: 1536 &rarr; <strong>1558<\/strong><br \/>(+22 for winning)\n|l|\u2606Bougie Oatmeal\n|player|p1|\n","uploadtime":1738189738,"views":13,"formatid":"gen9vgc2025regg","rating":1557,"private":0,"password":null}