{"id":"gen9vgc2025regg-2290059194","format":"[Gen 9] VGC 2025 Reg G","players":["Light0z","Zakmancho"],"log":"|j|\u2606Light0z\n|j|\u2606Zakmancho\n|t:|1738094585\n|gametype|doubles\n|player|p1|Light0z|blue-gen2|1611\n|player|p2|Zakmancho|101|1546\n|teamsize|p1|6\n|teamsize|p2|6\n|gen|9\n|tier|[Gen 9] VGC 2025 Reg G\n|rated|\n|rule|Species Clause: Limit one of each Pok\u00e9mon\n|rule|Item Clause: Limit 1 of each item\n|clearpoke\n|poke|p1|Gouging Fire, L50|\n|poke|p1|Urshifu-*, L50, M|\n|poke|p1|Chien-Pao, L50|\n|poke|p1|Raging Bolt, L50|\n|poke|p1|Volcarona, L50, F|\n|poke|p1|Groudon, L50|\n|poke|p2|Koraidon, L50|\n|poke|p2|Chi-Yu, L50|\n|poke|p2|Flutter Mane, L50|\n|poke|p2|Ditto, L50|\n|poke|p2|Ogerpon-Cornerstone, L50, F|\n|poke|p2|Raging Bolt, L50|\n|teampreview|4\n|inactive|Battle timer is ON: inactive players will automatically lose when time's up. (requested by Zakmancho)\n|\n|t:|1738094608\n|start\n|switch|p1a: Gouging Fire|Gouging Fire, L50|100\/100\n|switch|p1b: Groudon|Groudon, L50|100\/100\n|switch|p2a: Koraidon|Koraidon, L50|100\/100\n|switch|p2b: Flutter Mane|Flutter Mane, L50|100\/100\n|-weather|SunnyDay|[from] ability: Orichalcum Pulse|[of] p2a: Koraidon\n|-activate|p2b: Flutter Mane|ability: Protosynthesis\n|-start|p2b: Flutter Mane|protosynthesisspe\n|-activate|p1a: Gouging Fire|ability: Protosynthesis\n|-start|p1a: Gouging Fire|protosynthesisspe\n|-activate|p2a: Koraidon|Orichalcum Pulse|[source]\n|turn|1\n|\n|t:|1738094626\n|-terastallize|p1b: Groudon|Fire\n|move|p2b: Flutter Mane|Dazzling Gleam|p1a: Gouging Fire|[spread] p1a,p1b\n|-resisted|p1b: Groudon\n|-damage|p1a: Gouging Fire|53\/100\n|-damage|p1b: Groudon|87\/100\n|move|p1a: Gouging Fire|Breaking Swipe|p2a: Koraidon|[spread] p2a\n|-immune|p2b: Flutter Mane\n|-supereffective|p2a: Koraidon\n|-crit|p2a: Koraidon\n|-damage|p2a: Koraidon|51\/100\n|move|p2a: Koraidon|Collision Course|p1a: Gouging Fire\n|-damage|p1a: Gouging Fire|0 fnt\n|faint|p1a: Gouging Fire\n|-end|p1a: Gouging Fire|Protosynthesis|[silent]\n|move|p1b: Groudon|Precipice Blades|p2a: Koraidon|[spread] p2a,p2b\n|-damage|p2a: Koraidon|2\/100\n|-damage|p2b: Flutter Mane|0 fnt\n|faint|p2b: Flutter Mane\n|-end|p2b: Flutter Mane|Protosynthesis|[silent]\n|\n|-weather|SunnyDay|[upkeep]\n|upkeep\n|\n|t:|1738094647\n|switch|p2b: Ogerpon|Ogerpon-Cornerstone, L50, F|100\/100\n|switch|p1a: Raging Bolt|Raging Bolt, L50|100\/100\n|-activate|p1a: Raging Bolt|ability: Protosynthesis\n|-start|p1a: Raging Bolt|protosynthesisspa\n|turn|2\n|\n|t:|1738094656\n|switch|p2a: Chi-Yu|Chi-Yu, L50|100\/100\n|-ability|p2a: Chi-Yu|Beads of Ruin\n|move|p1a: Raging Bolt|Thunderclap||[still]\n|-fail|p1a: Raging Bolt\n|move|p2b: Ogerpon|Ivy Cudgel|p1b: Groudon|[anim] Ivy Cudgel Rock\n|-supereffective|p1b: Groudon\n|-damage|p1b: Groudon|6\/100\n|move|p1b: Groudon|Heat Crash|p2b: Ogerpon\n|-ability|p2b: Ogerpon|Sturdy\n|-damage|p2b: Ogerpon|1\/100\n|\n|-weather|SunnyDay|[upkeep]\n|upkeep\n|turn|3\n|j| mr pogostick\n|\n|t:|1738094680\n|move|p2b: Ogerpon|Follow Me|p2b: Ogerpon\n|-singleturn|p2b: Ogerpon|move: Follow Me\n|move|p2a: Chi-Yu|Snarl|p1a: Raging Bolt|[spread] p1b\n|-miss|p2a: Chi-Yu|p1a: Raging Bolt\n|-damage|p1b: Groudon|0 fnt\n|faint|p1b: Groudon\n|move|p1a: Raging Bolt|Thunderbolt|p2b: Ogerpon\n|-resisted|p2b: Ogerpon\n|-damage|p2b: Ogerpon|0 fnt\n|faint|p2b: Ogerpon\n|-damage|p1a: Raging Bolt|91\/100|[from] item: Life Orb\n|\n|-weather|SunnyDay|[upkeep]\n|upkeep\n|\n|t:|1738094685\n|switch|p2b: Koraidon|Koraidon, L50|2\/100\n|switch|p1b: Volcarona|Volcarona, L50, F|100\/100\n|-activate|p2b: Koraidon|ability: Orichalcum Pulse\n|turn|4\n|j| jdarcan\n|\n|t:|1738094698\n|move|p2b: Koraidon|Protect|p2b: Koraidon\n|-singleturn|p2b: Koraidon|Protect\n|move|p1b: Volcarona|Rage Powder|p1b: Volcarona\n|-singleturn|p1b: Volcarona|move: Rage Powder\n|move|p2a: Chi-Yu|Heat Wave|p1a: Raging Bolt|[spread] p1b\n|-miss|p2a: Chi-Yu|p1a: Raging Bolt\n|-damage|p1b: Volcarona|31\/100\n|move|p1a: Raging Bolt|Draco Meteor|p2a: Chi-Yu|[miss]\n|-miss|p1a: Raging Bolt|p2a: Chi-Yu\n|\n|-weather|SunnyDay|[upkeep]\n|upkeep\n|turn|5\n|\n|t:|1738094717\n|move|p1b: Volcarona|Rage Powder|p1b: Volcarona\n|-singleturn|p1b: Volcarona|move: Rage Powder\n|move|p2b: Koraidon|Collision Course|p1b: Volcarona\n|-resisted|p1b: Volcarona\n|-damage|p1b: Volcarona|0 fnt\n|-damage|p2b: Koraidon|0 fnt|[from] item: Rocky Helmet|[of] p1b: Volcarona\n|faint|p1b: Volcarona\n|faint|p2b: Koraidon\n|move|p2a: Chi-Yu|Heat Wave|p1a: Raging Bolt\n|-resisted|p1a: Raging Bolt\n|-crit|p1a: Raging Bolt\n|-damage|p1a: Raging Bolt|22\/100\n|-status|p1a: Raging Bolt|brn\n|move|p1a: Raging Bolt|Draco Meteor|p2a: Chi-Yu\n|-enditem|p2a: Chi-Yu|Focus Sash\n|-damage|p2a: Chi-Yu|1\/100\n|-unboost|p1a: Raging Bolt|spa|2\n|-damage|p1a: Raging Bolt|12\/100 brn|[from] item: Life Orb\n|\n|-weather|none\n|-end|p1a: Raging Bolt|Protosynthesis\n|-damage|p1a: Raging Bolt|6\/100 brn|[from] brn\n|upkeep\n|turn|6\n|\n|t:|1738094732\n|move|p2a: Chi-Yu|Protect|p2a: Chi-Yu\n|-singleturn|p2a: Chi-Yu|Protect\n|move|p1a: Raging Bolt|Thunderclap||[still]\n|-fail|p1a: Raging Bolt\n|\n|-damage|p1a: Raging Bolt|0 fnt|[from] brn\n|faint|p1a: Raging Bolt\n|-end|p1a: Raging Bolt|Protosynthesis|[silent]\n|\n|win|Zakmancho\n|upkeep\n|raw|Light0z's rating: 1611 &rarr; <strong>1587<\/strong><br \/>(-24 for losing)\n|raw|Zakmancho's rating: 1546 &rarr; <strong>1570<\/strong><br \/>(+24 for winning)\n|l|\u2606Light0z\n|player|p1|\n|l|\u2606Zakmancho\n|player|p2|\n|l| mr pogostick\n","uploadtime":1738094944,"views":18,"formatid":"gen9vgc2025regg","rating":1570,"private":0,"password":null}