{"id":"gen9vgc2025regg-2290664662","format":"[Gen 9] VGC 2025 Reg G","players":["infinitygroudon","Yung Trav"],"log":"|j|\u2606infinitygroudon\n|j|\u203dYung Trav\n|t:|1738176630\n|gametype|doubles\n|player|p1|infinitygroudon|265|1546\n|player|p2|Yung Trav|101|1660\n|teamsize|p1|6\n|teamsize|p2|6\n|gen|9\n|tier|[Gen 9] VGC 2025 Reg G\n|rated|\n|rule|Species Clause: Limit one of each Pok\u00e9mon\n|rule|Item Clause: Limit 1 of each item\n|clearpoke\n|poke|p1|Calyrex-Shadow, L50|\n|poke|p1|Incineroar, L50, M|\n|poke|p1|Weezing-Galar, L50, M|\n|poke|p1|Indeedee-F, L50, F|\n|poke|p1|Iron Valiant, L50|\n|poke|p1|Ursaluna-Bloodmoon, L50, M|\n|poke|p2|Calyrex-Ice, L50|\n|poke|p2|Regidrago, L50|\n|poke|p2|Smeargle, L50, M|\n|poke|p2|Farigiraf, L50, M|\n|poke|p2|Urshifu-*, L50, M|\n|poke|p2|Ogerpon-Cornerstone, L50, F|\n|teampreview|4\n|\n|t:|1738176661\n|start\n|switch|p1a: Suthen|Indeedee-F, L50, F|100\/100\n|switch|p1b: Mr. Grizz|Ursaluna-Bloodmoon, L50, M|100\/100\n|switch|p2a: Calyrex|Calyrex-Ice, L50|100\/100\n|switch|p2b: Ogerpon|Ogerpon-Cornerstone, L50, F|100\/100\n|-ability|p2a: Calyrex|As One\n|-ability|p2a: Calyrex|Unnerve\n|-fieldstart|move: Psychic Terrain|[from] ability: Psychic Surge|[of] p1a: Suthen\n|turn|1\n|j| ChilledLotusA\n|l|\u203dYung Trav\n|player|p2|\n|j|\u203dYung Trav\n|player|p2|Yung Trav|101|\n|n|\u203dYung Trav|yungtrav\n|\n|t:|1738176729\n|-terastallize|p2a: Calyrex|Water\n|-terastallize|p1b: Mr. Grizz|Normal\n|move|p1a: Suthen|Follow Me|p1a: Suthen\n|-singleturn|p1a: Suthen|move: Follow Me\n|move|p2b: Ogerpon|Taunt|p1a: Suthen\n|-start|p1a: Suthen|move: Taunt\n|move|p1b: Mr. Grizz|Hyper Voice|p2b: Ogerpon|[spread] p2a,p2b\n|-resisted|p2b: Ogerpon\n|-damage|p2a: Calyrex|70\/100\n|-damage|p2b: Ogerpon|74\/100\n|move|p2a: Calyrex|Trick Room|p2a: Calyrex\n|-fieldstart|move: Trick Room|[of] p2a: Calyrex\n|\n|upkeep\n|turn|2\n|\n|t:|1738176746\n|move|p2b: Ogerpon|Follow Me|p2b: Ogerpon\n|-singleturn|p2b: Ogerpon|move: Follow Me\n|move|p1b: Mr. Grizz|Hyper Voice|p2a: Calyrex|[spread] p2a,p2b\n|-resisted|p2b: Ogerpon\n|-damage|p2a: Calyrex|35\/100\n|-damage|p2b: Ogerpon|47\/100\n|move|p2a: Calyrex|Glacial Lance|p1b: Mr. Grizz|[spread] p1a,p1b\n|-damage|p1a: Suthen|34\/100\n|-damage|p1b: Mr. Grizz|58\/100\n|move|p1a: Suthen|Dazzling Gleam|p2b: Ogerpon|[spread] p2a,p2b\n|-damage|p2a: Calyrex|26\/100\n|-damage|p2b: Ogerpon|31\/100\n|\n|upkeep\n|turn|3\n|\n|t:|1738176773\n|move|p1b: Mr. Grizz|Hyper Voice|p2a: Calyrex|[spread] p2a,p2b\n|-resisted|p2b: Ogerpon\n|-damage|p2a: Calyrex|0 fnt\n|-damage|p2b: Ogerpon|4\/100\n|faint|p2a: Calyrex\n|move|p1a: Suthen|Dazzling Gleam|p2b: Ogerpon\n|-damage|p2b: Ogerpon|0 fnt\n|faint|p2b: Ogerpon\n|\n|upkeep\n|\n|t:|1738176783\n|switch|p2a: Regidrago|Regidrago, L50, shiny|100\/100\n|switch|p2b: Smeargle|Smeargle, L50, M, shiny|100\/100\n|turn|4\n|\n|t:|1738176794\n|switch|p1a: Charming|Iron Valiant, L50, shiny|100\/100\n|-enditem|p1a: Charming|Booster Energy\n|-activate|p1a: Charming|ability: Quark Drive|[fromitem]\n|-start|p1a: Charming|quarkdrivespe\n|move|p2a: Regidrago|Dragon Energy|p1a: Charming|[spread] p1b\n|-immune|p1a: Charming\n|-damage|p1b: Mr. Grizz|8\/100\n|move|p1b: Mr. Grizz|Blood Moon|p2a: Regidrago\n|-damage|p2a: Regidrago|0 fnt\n|faint|p2a: Regidrago\n|move|p2b: Smeargle|Decorate|p2: Regidrago|[notarget]\n|-fail|p2b: Smeargle\n|\n|upkeep\n|turn|5\n|-message|Yung Trav forfeited.\n|\n|win|infinitygroudon\n|raw|infinitygroudon's rating: 1546 &rarr; <strong>1572<\/strong><br \/>(+26 for winning)\n|raw|Yung Trav's rating: 1660 &rarr; <strong>1634<\/strong><br \/>(-26 for losing)\n|l|\u203dYung Trav\n|player|p2|\n|j|\u203dYung Trav\n|player|p2|Yung Trav|101|\n|l|\u2606infinitygroudon\n|player|p1|\n|l|\u203dYung Trav\n|player|p2|\n|l| ChilledLotusA\n","uploadtime":1738177048,"views":7,"formatid":"gen9vgc2025regg","rating":1572,"private":0,"password":null}