{"id":"gen9vgc2025regg-2290604331","format":"[Gen 9] VGC 2025 Reg G","players":["maddokyoma","Toph Toph Grrr"],"log":"|j|\u2606maddokyoma\n|j|\u2606Toph Toph Grrr\n|t:|1738170962\n|gametype|doubles\n|player|p1|maddokyoma|volo|1507\n|player|p2|Toph Toph Grrr|169|1549\n|teamsize|p1|6\n|teamsize|p2|6\n|gen|9\n|tier|[Gen 9] VGC 2025 Reg G\n|rated|\n|rule|Species Clause: Limit one of each Pok\u00e9mon\n|rule|Item Clause: Limit 1 of each item\n|clearpoke\n|poke|p1|Miraidon, L50|\n|poke|p1|Chi-Yu, L50|\n|poke|p1|Iron Hands, L50|\n|poke|p1|Farigiraf, L50, F|\n|poke|p1|Pelipper, L50, F|\n|poke|p1|Ogerpon-Wellspring, L50, F|\n|poke|p2|Zamazenta-*, L50|\n|poke|p2|Flutter Mane, L50|\n|poke|p2|Chi-Yu, L50|\n|poke|p2|Amoonguss, L50, F|\n|poke|p2|Chien-Pao, L50|\n|poke|p2|Raging Bolt, L50|\n|teampreview|4\n|inactive|Battle timer is ON: inactive players will automatically lose when time's up. (requested by maddokyoma)\n|j| aaaydhdt\n|\n|t:|1738170999\n|start\n|switch|p1a: Miraidon|Miraidon, L50|100\/100\n|switch|p1b: Ogerpon|Ogerpon-Wellspring, L50, F|100\/100\n|switch|p2a: Chien-Pao|Chien-Pao, L50|100\/100\n|switch|p2b: Amoonguss|Amoonguss, L50, F|100\/100\n|-ability|p2a: Chien-Pao|Sword of Ruin\n|-fieldstart|move: Electric Terrain|[from] ability: Hadron Engine|[of] p1a: Miraidon\n|turn|1\n|inactive|maddokyoma has 30 seconds left.\n|inactive|Toph Toph Grrr has 30 seconds left.\n|inactive|maddokyoma has 20 seconds left.\n|\n|t:|1738171038\n|-terastallize|p1a: Miraidon|Electric\n|move|p2b: Amoonguss|Rage Powder|p2b: Amoonguss\n|-singleturn|p2b: Amoonguss|move: Rage Powder\n|move|p1a: Miraidon|Volt Switch|p2b: Amoonguss\n|-resisted|p2b: Amoonguss\n|-damage|p2b: Amoonguss|52\/100\n|-damage|p1a: Miraidon|91\/100|[from] item: Life Orb\n|\n|t:|1738171047\n|switch|p1a: Iron Hands|Iron Hands, L50|100\/100|[from] Volt Switch\n|-enditem|p1a: Iron Hands|Electric Seed\n|-boost|p1a: Iron Hands|def|1|[from] item: Electric Seed\n|-activate|p1a: Iron Hands|ability: Quark Drive\n|-start|p1a: Iron Hands|quarkdriveatk\n|move|p2a: Chien-Pao|Ice Spinner|p1a: Iron Hands\n|-damage|p1a: Iron Hands|77\/100\n|-fieldend|move: Electric Terrain\n|-end|p1a: Iron Hands|Quark Drive\n|move|p1b: Ogerpon|Ivy Cudgel|p2a: Chien-Pao|[anim] Ivy Cudgel Water\n|-damage|p2a: Chien-Pao|14\/100\n|\n|upkeep\n|turn|2\n|inactive|maddokyoma has 30 seconds left.\n|inactive|Toph Toph Grrr has 30 seconds left.\n|inactive|maddokyoma has 20 seconds left.\n|inactive|Toph Toph Grrr has 20 seconds left.\n|\n|t:|1738171085\n|switch|p2a: Zamazenta|Zamazenta-Crowned, L50|100\/100\n|-ability|p2a: Zamazenta|Dauntless Shield|boost\n|-boost|p2a: Zamazenta|def|1\n|move|p1b: Ogerpon|Ivy Cudgel|p2a: Zamazenta|[anim] Ivy Cudgel Water\n|-damage|p2a: Zamazenta|75\/100\n|move|p2b: Amoonguss|Clear Smog|p1a: Iron Hands\n|-damage|p1a: Iron Hands|63\/100\n|-clearboost|p1a: Iron Hands\n|move|p1a: Iron Hands|Swords Dance|p1a: Iron Hands\n|-boost|p1a: Iron Hands|atk|2\n|\n|upkeep\n|turn|3\n|inactive|Toph Toph Grrr has 30 seconds left.\n|inactive|Toph Toph Grrr has 20 seconds left.\n|\n|t:|1738171123\n|-terastallize|p2a: Zamazenta|Grass\n|move|p1a: Iron Hands|Protect|p1a: Iron Hands\n|-singleturn|p1a: Iron Hands|Protect\n|move|p2a: Zamazenta|Body Press|p1a: Iron Hands\n|-activate|p1a: Iron Hands|move: Protect\n|move|p1b: Ogerpon|Ivy Cudgel|p2b: Amoonguss|[anim] Ivy Cudgel Water\n|-resisted|p2b: Amoonguss\n|-damage|p2b: Amoonguss|30\/100\n|move|p2b: Amoonguss|Clear Smog|p1a: Iron Hands\n|-activate|p1a: Iron Hands|move: Protect\n|\n|upkeep\n|turn|4\n|\n|t:|1738171141\n|switch|p2b: Chien-Pao|Chien-Pao, L50|14\/100\n|-ability|p2b: Chien-Pao|Sword of Ruin\n|move|p1b: Ogerpon|Follow Me|p1b: Ogerpon\n|-singleturn|p1b: Ogerpon|move: Follow Me\n|move|p2a: Zamazenta|Body Press|p1b: Ogerpon\n|-damage|p1b: Ogerpon|0 fnt\n|faint|p1b: Ogerpon\n|move|p1a: Iron Hands|Drain Punch|p2b: Chien-Pao\n|-supereffective|p2b: Chien-Pao\n|-damage|p2b: Chien-Pao|0 fnt\n|-heal|p1a: Iron Hands|67\/100|[from] drain|[of] p2b: Chien-Pao\n|faint|p2b: Chien-Pao\n|\n|upkeep\n|\n|t:|1738171161\n|switch|p2b: Amoonguss|Amoonguss, L50, F|63\/100\n|switch|p1b: Miraidon|Miraidon, L50, tera:Electric|91\/100\n|-fieldstart|move: Electric Terrain|[from] ability: Hadron Engine|[of] p1b: Miraidon\n|-activate|p1a: Iron Hands|ability: Quark Drive\n|-start|p1a: Iron Hands|quarkdriveatk\n|turn|5\n|\n|t:|1738171177\n|move|p1b: Miraidon|Draco Meteor|p2b: Amoonguss\n|-damage|p2b: Amoonguss|0 fnt\n|-unboost|p1b: Miraidon|spa|2\n|faint|p2b: Amoonguss\n|-damage|p1b: Miraidon|81\/100|[from] item: Life Orb\n|move|p2a: Zamazenta|Body Press|p1b: Miraidon\n|-damage|p1b: Miraidon|4\/100\n|move|p1a: Iron Hands|Drain Punch|p2a: Zamazenta\n|-damage|p2a: Zamazenta|27\/100\n|-heal|p1a: Iron Hands|84\/100|[from] drain|[of] p2a: Zamazenta\n|\n|upkeep\n|\n|t:|1738171189\n|switch|p2b: Raging Bolt|Raging Bolt, L50|100\/100\n|turn|6\n|\n|t:|1738171211\n|switch|p1b: Pelipper|Pelipper, L50, F|100\/100\n|-weather|RainDance|[from] ability: Drizzle|[of] p1b: Pelipper\n|move|p2b: Raging Bolt|Thunderclap||[still]\n|-fail|p2b: Raging Bolt\n|move|p2a: Zamazenta|Body Press|p1a: Iron Hands\n|-damage|p1a: Iron Hands|39\/100\n|move|p1a: Iron Hands|Drain Punch|p2a: Zamazenta\n|-damage|p2a: Zamazenta|0 fnt\n|-heal|p1a: Iron Hands|48\/100|[from] drain|[of] p2a: Zamazenta\n|faint|p2a: Zamazenta\n|\n|-weather|RainDance|[upkeep]\n|upkeep\n|turn|7\n|j| Hvaceverything\n|\n|t:|1738171232\n|move|p1b: Pelipper|Hurricane|p2b: Raging Bolt\n|-resisted|p2b: Raging Bolt\n|-damage|p2b: Raging Bolt|88\/100\n|move|p2b: Raging Bolt|Thunderbolt|p1b: Pelipper\n|-supereffective|p1b: Pelipper\n|-enditem|p1b: Pelipper|Focus Sash\n|-damage|p1b: Pelipper|1\/100\n|move|p1a: Iron Hands|Drain Punch|p2b: Raging Bolt\n|-damage|p2b: Raging Bolt|2\/100\n|-heal|p1a: Iron Hands|85\/100|[from] drain|[of] p2b: Raging Bolt\n|\n|-weather|RainDance|[upkeep]\n|upkeep\n|turn|8\n|-message|Toph Toph Grrr forfeited.\n|\n|win|maddokyoma\n|raw|maddokyoma's rating: 1507 &rarr; <strong>1529<\/strong><br \/>(+22 for winning)\n|raw|Toph Toph Grrr's rating: 1549 &rarr; <strong>1527<\/strong><br \/>(-22 for losing)\n|l|\u2606Toph Toph Grrr\n|player|p2|\n|l| Hvaceverything\n|l|\u2606maddokyoma\n|player|p1|\n","uploadtime":1738171390,"views":8,"formatid":"gen9vgc2025regg","rating":1527,"private":0,"password":null}