{"id":"gen9vgc2025regg-2290777558","format":"[Gen 9] VGC 2025 Reg G","players":["MoodyMukVGC","RoboticRacer14a"],"log":"|j|\u2606MoodyMukVGC\n|j|\u2606RoboticRacer14a\n|t:|1738188151\n|gametype|doubles\n|player|p1|MoodyMukVGC|chuck|1534\n|player|p2|RoboticRacer14a|102|1556\n|teamsize|p1|6\n|teamsize|p2|6\n|gen|9\n|tier|[Gen 9] VGC 2025 Reg G\n|rated|\n|rule|Species Clause: Limit one of each Pok\u00e9mon\n|rule|Item Clause: Limit 1 of each item\n|clearpoke\n|poke|p1|Calyrex-Shadow, L50|\n|poke|p1|Rillaboom, L50, M|\n|poke|p1|Urshifu-*, L50, M|\n|poke|p1|Clefairy, L50, M|\n|poke|p1|Incineroar, L50, M|\n|poke|p1|Tornadus, L50, M|\n|poke|p2|Zacian-*, L50|\n|poke|p2|Tornadus, L50, M|\n|poke|p2|Regidrago, L50|\n|poke|p2|Urshifu-*, L50, F|\n|poke|p2|Rillaboom, L50, F|\n|poke|p2|Chi-Yu, L50|\n|teampreview|4\n|inactive|Battle timer is ON: inactive players will automatically lose when time's up. (requested by RoboticRacer14a)\n|inactive|MoodyMukVGC has 60 seconds left.\n|inactive|MoodyMukVGC has 30 seconds left.\n|inactive|MoodyMukVGC has 20 seconds left.\n|inactive|MoodyMukVGC has 15 seconds left.\n|inactive|MoodyMukVGC has 10 seconds left.\n|inactive|MoodyMukVGC has 5 seconds left.\n|\n|t:|1738188245\n|start\n|switch|p1a: Calyrex|Calyrex-Shadow, L50|100\/100\n|switch|p1b: Rillaboom|Rillaboom, L50, M, shiny|100\/100\n|switch|p2a: Tornadus|Tornadus, L50, M|100\/100\n|switch|p2b: Urshifu|Urshifu-Rapid-Strike, L50, F|100\/100\n|-ability|p1a: Calyrex|As One\n|-ability|p1a: Calyrex|Unnerve\n|-fieldstart|move: Grassy Terrain|[from] ability: Grassy Surge|[of] p1b: Rillaboom\n|turn|1\n|inactive|MoodyMukVGC has 30 seconds left.\n|inactive|MoodyMukVGC has 20 seconds left.\n|inactive|MoodyMukVGC has 15 seconds left.\n|\n|t:|1738188289\n|-terastallize|p2a: Tornadus|Dark\n|move|p2b: Urshifu|Detect|p2b: Urshifu\n|-singleturn|p2b: Urshifu|Protect\n|move|p1b: Rillaboom|Fake Out|p2b: Urshifu\n|-activate|p2b: Urshifu|move: Protect\n|move|p2a: Tornadus|Tailwind|p2a: Tornadus\n|-sidestart|p2: RoboticRacer14a|move: Tailwind\n|move|p1a: Calyrex|Calm Mind|p1a: Calyrex\n|-boost|p1a: Calyrex|spa|1\n|-boost|p1a: Calyrex|spd|1\n|\n|upkeep\n|turn|2\n|\n|t:|1738188304\n|switch|p1b: Clefairy|Clefairy, L50, M, shiny|100\/100\n|-terastallize|p1a: Calyrex|Fairy\n|move|p2a: Tornadus|Rain Dance|p2a: Tornadus\n|-weather|RainDance\n|move|p2b: Urshifu|Surging Strikes|p1a: Calyrex\n|-crit|p1a: Calyrex\n|-damage|p1a: Calyrex|78\/100\n|-crit|p1a: Calyrex\n|-damage|p1a: Calyrex|57\/100\n|-crit|p1a: Calyrex\n|-damage|p1a: Calyrex|36\/100\n|-hitcount|p1a: Calyrex|3\n|move|p1a: Calyrex|Draining Kiss|p2a: Tornadus\n|-supereffective|p2a: Tornadus\n|-crit|p2a: Tornadus\n|-damage|p2a: Tornadus|0 fnt\n|-heal|p1a: Calyrex|100\/100|[from] drain|[of] p2a: Tornadus\n|faint|p2a: Tornadus\n|-ability|p1a: Calyrex|Grim Neigh|boost\n|-boost|p1a: Calyrex|spa|1\n|\n|-weather|RainDance|[upkeep]\n|upkeep\n|\n|t:|1738188321\n|switch|p2a: Zacian|Zacian-Crowned, L50|100\/100\n|-ability|p2a: Zacian|Intrepid Sword|boost\n|-boost|p2a: Zacian|atk|1\n|turn|3\n|\n|t:|1738188339\n|move|p1b: Clefairy|Follow Me|p1b: Clefairy\n|-singleturn|p1b: Clefairy|move: Follow Me\n|move|p2a: Zacian|Behemoth Blade|p1b: Clefairy\n|-supereffective|p1b: Clefairy\n|-damage|p1b: Clefairy|0 fnt\n|faint|p1b: Clefairy\n|move|p2b: Urshifu|Surging Strikes|p1a: Calyrex\n|-crit|p1a: Calyrex\n|-damage|p1a: Calyrex|75\/100\n|-crit|p1a: Calyrex\n|-damage|p1a: Calyrex|46\/100\n|-crit|p1a: Calyrex\n|-damage|p1a: Calyrex|17\/100\n|-hitcount|p1a: Calyrex|3\n|move|p1a: Calyrex|Draining Kiss|p2b: Urshifu\n|-supereffective|p2b: Urshifu\n|-enditem|p2b: Urshifu|Focus Sash\n|-damage|p2b: Urshifu|1\/100\n|-heal|p1a: Calyrex|90\/100|[from] drain|[of] p2b: Urshifu\n|\n|-weather|RainDance|[upkeep]\n|-heal|p2b: Urshifu|7\/100|[from] Grassy Terrain\n|-heal|p1a: Calyrex|96\/100|[from] Grassy Terrain\n|upkeep\n|j| AllWhoWander\n|inactive|MoodyMukVGC has 30 seconds left.\n|\n|t:|1738188365\n|switch|p1b: Rillaboom|Rillaboom, L50, M, shiny|100\/100\n|turn|4\n|\n|t:|1738188384\n|move|p2a: Zacian|Protect|p2a: Zacian\n|-singleturn|p2a: Zacian|Protect\n|move|p1b: Rillaboom|Fake Out|p2a: Zacian\n|-activate|p2a: Zacian|move: Protect\n|move|p2b: Urshifu|Surging Strikes|p1a: Calyrex\n|-crit|p1a: Calyrex\n|-damage|p1a: Calyrex|69\/100\n|-crit|p1a: Calyrex\n|-damage|p1a: Calyrex|42\/100\n|-crit|p1a: Calyrex\n|-damage|p1a: Calyrex|11\/100\n|-hitcount|p1a: Calyrex|3\n|move|p1a: Calyrex|Astral Barrage|p2a: Zacian|[spread] p2b\n|-activate|p2a: Zacian|move: Protect\n|-damage|p2b: Urshifu|0 fnt\n|faint|p2b: Urshifu\n|-ability|p1a: Calyrex|Grim Neigh|boost\n|-boost|p1a: Calyrex|spa|1\n|\n|-weather|RainDance|[upkeep]\n|-heal|p1a: Calyrex|17\/100|[from] Grassy Terrain\n|-sideend|p2: RoboticRacer14a|move: Tailwind\n|upkeep\n|\n|t:|1738188401\n|switch|p2b: Chi-Yu|Chi-Yu, L50|100\/100\n|-ability|p2b: Chi-Yu|Beads of Ruin\n|turn|5\n|inactive|RoboticRacer14a has 30 seconds left.\n|\n|t:|1738188427\n|switch|p1b: Urshifu|Urshifu-Rapid-Strike, L50, M|100\/100\n|move|p1a: Calyrex|Protect|p1a: Calyrex\n|-singleturn|p1a: Calyrex|Protect\n|move|p2b: Chi-Yu|Heat Wave|p1b: Urshifu|[spread] p1b\n|-activate|p1a: Calyrex|move: Protect\n|-resisted|p1b: Urshifu\n|-damage|p1b: Urshifu|82\/100\n|move|p2a: Zacian|Behemoth Blade|p1b: Urshifu\n|-resisted|p1b: Urshifu\n|-damage|p1b: Urshifu|41\/100\n|\n|-weather|RainDance|[upkeep]\n|-heal|p1a: Calyrex|23\/100|[from] Grassy Terrain\n|-heal|p1b: Urshifu|47\/100|[from] Grassy Terrain\n|-fieldend|move: Grassy Terrain\n|upkeep\n|turn|6\n|inactive|MoodyMukVGC has 30 seconds left.\n|\n|t:|1738188461\n|move|p1b: Urshifu|Aqua Jet|p2b: Chi-Yu\n|-supereffective|p2b: Chi-Yu\n|-damage|p2b: Chi-Yu|0 fnt\n|faint|p2b: Chi-Yu\n|move|p1a: Calyrex|Astral Barrage|p2a: Zacian\n|-damage|p2a: Zacian|0 fnt\n|faint|p2a: Zacian\n|\n|win|MoodyMukVGC\n|raw|MoodyMukVGC's rating: 1534 &rarr; <strong>1555<\/strong><br \/>(+21 for winning)\n|raw|RoboticRacer14a's rating: 1556 &rarr; <strong>1535<\/strong><br \/>(-21 for losing)\n|l|\u2606RoboticRacer14a\n|player|p2|\n|l| AllWhoWander\n|l|\u2606MoodyMukVGC\n|player|p1|\n","uploadtime":1738188620,"views":9,"formatid":"gen9vgc2025regg","rating":1535,"private":0,"password":null}