{"id":"gen9vgc2025regg-2290477234","format":"[Gen 9] VGC 2025 Reg G","players":["meiose","Onemagician4496"],"log":"|j|\u2606meiose\n|j|\u2606Onemagician4496\n|t:|1738157786\n|gametype|doubles\n|player|p1|meiose|schoolkid-gen4|1546\n|player|p2|Onemagician4496|ethan|1644\n|teamsize|p1|6\n|teamsize|p2|6\n|gen|9\n|tier|[Gen 9] VGC 2025 Reg G\n|rated|\n|rule|Species Clause: Limit one of each Pok\u00e9mon\n|rule|Item Clause: Limit 1 of each item\n|clearpoke\n|poke|p1|Zamazenta-*, L50|\n|poke|p1|Chien-Pao, L50|\n|poke|p1|Urshifu-*, L50, M|\n|poke|p1|Entei, L50|\n|poke|p1|Raging Bolt, L50|\n|poke|p1|Landorus, L50, M|\n|poke|p2|Iron Crown, L50|\n|poke|p2|Indeedee-F, L50, F|\n|poke|p2|Koraidon, L50|\n|poke|p2|Venusaur, L50, M|\n|poke|p2|Raging Bolt, L50|\n|poke|p2|Flutter Mane, L50|\n|teampreview|4\n|inactive|Battle timer is ON: inactive players will automatically lose when time's up. (requested by Onemagician4496)\n|j| xiemore\n|\n|t:|1738157846\n|start\n|switch|p1a: Chien-Pao|Chien-Pao, L50|100\/100\n|switch|p1b: Urshifu|Urshifu, L50, M|100\/100\n|switch|p2a: Iron Crown|Iron Crown, L50|100\/100\n|switch|p2b: Indeedee|Indeedee-F, L50, F|100\/100\n|-ability|p1a: Chien-Pao|Sword of Ruin\n|-fieldstart|move: Psychic Terrain|[from] ability: Psychic Surge|[of] p2b: Indeedee\n|-enditem|p2b: Indeedee|Psychic Seed\n|-boost|p2b: Indeedee|spd|1|[from] item: Psychic Seed\n|-enditem|p2a: Iron Crown|Booster Energy\n|-activate|p2a: Iron Crown|ability: Quark Drive|[fromitem]\n|-start|p2a: Iron Crown|quarkdrivespa\n|turn|1\n|inactive|meiose has 30 seconds left.\n|inactive|Onemagician4496 has 30 seconds left.\n|inactive|Onemagician4496 has 20 seconds left.\n|inactive|Onemagician4496 has 15 seconds left.\n|\n|t:|1738157886\n|move|p2b: Indeedee|Follow Me|p2b: Indeedee\n|-singleturn|p2b: Indeedee|move: Follow Me\n|move|p1a: Chien-Pao|Ice Spinner|p2b: Indeedee\n|-damage|p2b: Indeedee|46\/100\n|-fieldend|move: Psychic Terrain\n|move|p1b: Urshifu|Wicked Blow|p2b: Indeedee\n|-supereffective|p2b: Indeedee\n|-crit|p2b: Indeedee\n|-damage|p2b: Indeedee|0 fnt\n|faint|p2b: Indeedee\n|move|p2a: Iron Crown|Tachyon Cutter|p1a: Chien-Pao\n|-supereffective|p1a: Chien-Pao\n|-enditem|p1a: Chien-Pao|Focus Sash\n|-damage|p1a: Chien-Pao|1\/100\n|-supereffective|p1a: Chien-Pao\n|-damage|p1a: Chien-Pao|0 fnt\n|faint|p1a: Chien-Pao\n|-hitcount|p1: Chien-Pao|2\n|\n|upkeep\n|inactive|meiose has 30 seconds left.\n|inactive|meiose has 20 seconds left.\n|inactive|meiose has 15 seconds left.\n|inactive|meiose has 10 seconds left.\n|\n|t:|1738157935\n|switch|p1a: Entei|Entei, L50|100\/100\n|switch|p2b: Koraidon|Koraidon, L50|100\/100\n|-weather|SunnyDay|[from] ability: Orichalcum Pulse|[of] p2b: Koraidon\n|-activate|p2b: Koraidon|Orichalcum Pulse|[source]\n|turn|2\n|inactive|Onemagician4496 has 30 seconds left.\n|inactive|Onemagician4496 has 20 seconds left.\n|inactive|Onemagician4496 has 15 seconds left.\n|\n|t:|1738157977\n|-terastallize|p1b: Urshifu|Ghost\n|move|p2a: Iron Crown|Protect|p2a: Iron Crown\n|-singleturn|p2a: Iron Crown|Protect\n|move|p2b: Koraidon|Collision Course|p1b: Urshifu\n|-immune|p1b: Urshifu\n|move|p1a: Entei|Sacred Fire|p2a: Iron Crown\n|-activate|p2a: Iron Crown|move: Protect\n|move|p1b: Urshifu|Close Combat|p2b: Koraidon\n|-damage|p2b: Koraidon|44\/100\n|-unboost|p1b: Urshifu|def|1\n|-unboost|p1b: Urshifu|spd|1\n|\n|-weather|SunnyDay|[upkeep]\n|upkeep\n|turn|3\n|\n|t:|1738157999\n|move|p2b: Koraidon|Flare Blitz|p1b: Urshifu\n|-damage|p1b: Urshifu|0 fnt\n|faint|p1b: Urshifu\n|-damage|p2b: Koraidon|13\/100|[from] Recoil\n|move|p1a: Entei|Sacred Fire|p2a: Iron Crown\n|-supereffective|p2a: Iron Crown\n|-damage|p2a: Iron Crown|0 fnt\n|faint|p2a: Iron Crown\n|-end|p2a: Iron Crown|Quark Drive|[silent]\n|-damage|p1a: Entei|90\/100|[from] item: Life Orb\n|\n|-weather|SunnyDay|[upkeep]\n|upkeep\n|\n|t:|1738158011\n|switch|p1b: Landorus|Landorus, L50, M|100\/100\n|switch|p2a: Venusaur|Venusaur, L50, M|100\/100\n|turn|4\n|\n|t:|1738158028\n|-terastallize|p2b: Koraidon|Fire\n|move|p1a: Entei|Extreme Speed|p2b: Koraidon\n|-damage|p2b: Koraidon|0 fnt\n|faint|p2b: Koraidon\n|-damage|p1a: Entei|80\/100|[from] item: Life Orb\n|move|p2a: Venusaur|Sleep Powder|p1a: Entei\n|-status|p1a: Entei|slp|[from] move: Sleep Powder\n|move|p1b: Landorus|Psychic|p2a: Venusaur\n|-supereffective|p2a: Venusaur\n|-damage|p2a: Venusaur|19\/100\n|\n|-weather|SunnyDay|[upkeep]\n|upkeep\n|turn|5\n|\n|t:|1738158046\n|cant|p1a: Entei|slp\n|move|p2a: Venusaur|Sleep Powder|p1b: Landorus\n|-status|p1b: Landorus|slp|[from] move: Sleep Powder\n|cant|p1b: Landorus|slp\n|\n|-weather|SunnyDay|[upkeep]\n|upkeep\n|turn|6\n|\n|t:|1738158056\n|-curestatus|p1a: Entei|slp|[msg]\n|move|p1a: Entei|Extreme Speed|p2a: Venusaur\n|-damage|p2a: Venusaur|0 fnt\n|faint|p2a: Venusaur\n|-damage|p1a: Entei|70\/100|[from] item: Life Orb\n|\n|win|meiose\n|raw|meiose's rating: 1546 &rarr; <strong>1571<\/strong><br \/>(+25 for winning)\n|raw|Onemagician4496's rating: 1644 &rarr; <strong>1619<\/strong><br \/>(-25 for losing)\n|l|\u2606Onemagician4496\n|player|p2|\n|l| xiemore\n|l|\u2606meiose\n|player|p1|\n","uploadtime":1738158252,"views":15,"formatid":"gen9vgc2025regg","rating":1571,"private":0,"password":null}