{"id":"gen9vgc2025regg-2290830355","format":"[Gen 9] VGC 2025 Reg G","players":["GC Cookin","Onemagician4496"],"log":"|j|\u2606GC Cookin\n|j|\u2606Onemagician4496\n|t:|1738194329\n|gametype|doubles\n|player|p1|GC Cookin|170|1593\n|player|p2|Onemagician4496|ethan|1573\n|teamsize|p1|6\n|teamsize|p2|6\n|gen|9\n|tier|[Gen 9] VGC 2025 Reg G\n|rated|\n|rule|Species Clause: Limit one of each Pok\u00e9mon\n|rule|Item Clause: Limit 1 of each item\n|clearpoke\n|poke|p1|Calyrex-Ice, L50|\n|poke|p1|Raging Bolt, L50|\n|poke|p1|Urshifu-*, L50, M|\n|poke|p1|Pelipper, L50, M|\n|poke|p1|Iron Valiant, L50|\n|poke|p1|Ogerpon-Cornerstone, L50, F|\n|poke|p2|Iron Crown, L50|\n|poke|p2|Indeedee-F, L50, F|\n|poke|p2|Koraidon, L50|\n|poke|p2|Venusaur, L50, F|\n|poke|p2|Raging Bolt, L50|\n|poke|p2|Ogerpon-Hearthflame, L50, F|\n|teampreview|4\nGC Cookin rejected open team sheets.\n|inactive|Battle timer is ON: inactive players will automatically lose when time's up. (requested by GC Cookin)\n|\n|t:|1738194372\n|start\n|switch|p1a: Iron Valiant|Iron Valiant, L50|100\/100\n|switch|p1b: Calyrex|Calyrex-Ice, L50|100\/100\n|switch|p2a: Iron Crown|Iron Crown, L50|100\/100\n|switch|p2b: Ogerpon|Ogerpon-Hearthflame, L50, F|100\/100\n|-ability|p1b: Calyrex|As One\n|-ability|p1b: Calyrex|Unnerve\n|-ability|p2b: Ogerpon|Mold Breaker\n|-enditem|p1a: Iron Valiant|Booster Energy\n|-activate|p1a: Iron Valiant|ability: Quark Drive|[fromitem]\n|-start|p1a: Iron Valiant|quarkdrivespe\n|turn|1\n|inactive|GC Cookin has 30 seconds left.\n|inactive|GC Cookin has 20 seconds left.\n|inactive|GC Cookin has 15 seconds left.\n|\n|t:|1738194413\n|-terastallize|p1b: Calyrex|Grass\n|move|p1a: Iron Valiant|Coaching|p1b: Calyrex\n|-boost|p1b: Calyrex|atk|1\n|-boost|p1b: Calyrex|def|1\n|move|p2a: Iron Crown|Tachyon Cutter|p1a: Iron Valiant\n|-supereffective|p1a: Iron Valiant\n|-damage|p1a: Iron Valiant|11\/100\n|-supereffective|p1a: Iron Valiant\n|-damage|p1a: Iron Valiant|0 fnt\n|faint|p1a: Iron Valiant\n|-end|p1a: Iron Valiant|Quark Drive|[silent]\n|-hitcount|p1: Iron Valiant|2\n|move|p2b: Ogerpon|Ivy Cudgel|p1b: Calyrex|[anim] Ivy Cudgel Fire\n|-supereffective|p1b: Calyrex\n|-damage|p1b: Calyrex|54\/100\n|move|p1b: Calyrex|Glacial Lance|p2b: Ogerpon|[spread] p2a,p2b\n|-resisted|p2a: Iron Crown\n|-damage|p2a: Iron Crown|54\/100\n|-damage|p2b: Ogerpon|2\/100\n|\n|upkeep\n|\n|t:|1738194433\n|switch|p1a: Raging Bolt|Raging Bolt, L50|100\/100\n|turn|2\n|j| divineko0_0\n|\n|t:|1738194456\n|move|p2b: Ogerpon|Spiky Shield|p2b: Ogerpon\n|-singleturn|p2b: Ogerpon|move: Protect\n|move|p1a: Raging Bolt|Thunderclap||[still]\n|-fail|p1a: Raging Bolt\n|move|p2a: Iron Crown|Tachyon Cutter|p1b: Calyrex\n|-damage|p1b: Calyrex|41\/100\n|-damage|p1b: Calyrex|28\/100\n|-hitcount|p1b: Calyrex|2\n|move|p1b: Calyrex|Glacial Lance|p2b: Ogerpon|[spread] p2a\n|-activate|p2b: Ogerpon|move: Protect\n|-resisted|p2a: Iron Crown\n|-damage|p2a: Iron Crown|5\/100\n|\n|upkeep\n|turn|3\n|inactive|Onemagician4496 has 30 seconds left.\n|inactive|Onemagician4496 has 20 seconds left.\n|inactive|Onemagician4496 has 15 seconds left.\n|j| JB Fightemup\n|\n|t:|1738194498\n|-end|p2a: Iron Crown|Quark Drive|[silent]\n|switch|p2a: Indeedee|Indeedee-F, L50, F|100\/100\n|-fieldstart|move: Psychic Terrain|[from] ability: Psychic Surge|[of] p2a: Indeedee\n|-enditem|p2a: Indeedee|Psychic Seed\n|-boost|p2a: Indeedee|spd|1|[from] item: Psychic Seed\n|move|p1a: Raging Bolt|Thunderclap|p2b: Ogerpon\n|-activate|p2b: Ogerpon|move: Psychic Terrain\n|move|p2b: Ogerpon|Ivy Cudgel|p1b: Calyrex|[anim] Ivy Cudgel Fire\n|-supereffective|p1b: Calyrex\n|-damage|p1b: Calyrex|0 fnt\n|faint|p1b: Calyrex\n|\n|upkeep\n|\n|t:|1738194503\n|switch|p1b: Pelipper|Pelipper, L50, M|100\/100\n|-weather|RainDance|[from] ability: Drizzle|[of] p1b: Pelipper\n|turn|4\n|l| JB Fightemup\n|\n|t:|1738194518\n|move|p2a: Indeedee|Helping Hand|p2b: Ogerpon\n|-singleturn|p2b: Ogerpon|Helping Hand|[of] p2a: Indeedee\n|move|p2b: Ogerpon|Wood Hammer|p1b: Pelipper\n|-damage|p1b: Pelipper|3\/100\n|-damage|p2b: Ogerpon|0 fnt|[from] Recoil\n|faint|p2b: Ogerpon\n|move|p1a: Raging Bolt|Thunderbolt|p2a: Indeedee\n|-damage|p2a: Indeedee|52\/100\n|-damage|p1a: Raging Bolt|91\/100|[from] item: Life Orb\n|move|p1b: Pelipper|Tailwind|p1b: Pelipper\n|-sidestart|p1: GC Cookin|move: Tailwind\n|\n|-weather|RainDance|[upkeep]\n|upkeep\n|\n|t:|1738194535\n|switch|p2b: Koraidon|Koraidon, L50|100\/100\n|-weather|SunnyDay|[from] ability: Orichalcum Pulse|[of] p2b: Koraidon\n|-activate|p1a: Raging Bolt|ability: Protosynthesis\n|-start|p1a: Raging Bolt|protosynthesisspa\n|-activate|p2b: Koraidon|Orichalcum Pulse|[source]\n|turn|5\n|inactive|GC Cookin has 30 seconds left.\n|\n|t:|1738194564\n|-terastallize|p2b: Koraidon|Fire\n|move|p2a: Indeedee|Follow Me|p2a: Indeedee\n|-singleturn|p2a: Indeedee|move: Follow Me\n|move|p1a: Raging Bolt|Thunderbolt|p2a: Indeedee\n|-damage|p2a: Indeedee|0 fnt\n|faint|p2a: Indeedee\n|-damage|p1a: Raging Bolt|81\/100|[from] item: Life Orb\n|move|p1b: Pelipper|Weather Ball|p2b: Koraidon\n|-resisted|p2b: Koraidon\n|-damage|p2b: Koraidon|80\/100\n|move|p2b: Koraidon|Flame Charge|p1b: Pelipper\n|-resisted|p1b: Pelipper\n|-damage|p1b: Pelipper|0 fnt\n|-boost|p2b: Koraidon|spe|1\n|faint|p1b: Pelipper\n|\n|-weather|SunnyDay|[upkeep]\n|upkeep\n|\n|t:|1738194574\n|switch|p2a: Iron Crown|Iron Crown, L50|5\/100\n|turn|6\n|\n|t:|1738194594\n|move|p2b: Koraidon|Protect|p2b: Koraidon\n|-singleturn|p2b: Koraidon|Protect\n|move|p1a: Raging Bolt|Draco Meteor|p2b: Koraidon\n|-activate|p2b: Koraidon|move: Protect\n|move|p2a: Iron Crown|Expanding Force|p1a: Raging Bolt\n|-damage|p1a: Raging Bolt|0 fnt\n|faint|p1a: Raging Bolt\n|-end|p1a: Raging Bolt|Protosynthesis|[silent]\n|\n|win|Onemagician4496\n|raw|GC Cookin's rating: 1593 &rarr; <strong>1572<\/strong><br \/>(-21 for losing)\n|raw|Onemagician4496's rating: 1573 &rarr; <strong>1594<\/strong><br \/>(+21 for winning)\n|l|\u2606Onemagician4496\n|player|p2|\n|l|\u2606GC Cookin\n|player|p1|\n|l| divineko0_0\n","uploadtime":1738194769,"views":15,"formatid":"gen9vgc2025regg","rating":1572,"private":0,"password":null}