{"id":"gen9vgc2025regg-2290911313","format":"[Gen 9] VGC 2025 Reg G","players":["Michael Vick 22","GengarNight_07"],"log":"|j|\u2606Michael Vick 22\n|j|\u2606GengarNight_07\n|t:|1738204861\n|gametype|doubles\n|player|p1|Michael Vick 22|102|1587\n|player|p2|GengarNight_07|1|1702\n|teamsize|p1|6\n|teamsize|p2|6\n|gen|9\n|tier|[Gen 9] VGC 2025 Reg G\n|rated|\n|rule|Species Clause: Limit one of each Pok\u00e9mon\n|rule|Item Clause: Limit 1 of each item\n|clearpoke\n|poke|p1|Urshifu-*, L50, M|\n|poke|p1|Incineroar, L50, M|\n|poke|p1|Calyrex-Ice, L50|\n|poke|p1|Landorus, L50, M|\n|poke|p1|Raging Bolt, L50|\n|poke|p1|Scream Tail, L50|\n|poke|p2|Calyrex-Shadow, L50|\n|poke|p2|Ogerpon-Hearthflame, L50, F|\n|poke|p2|Rillaboom, L50, F|\n|poke|p2|Incineroar, L50, F|\n|poke|p2|Raging Bolt, L50|\n|poke|p2|Urshifu-*, L50, F|\n|teampreview|4\n|j| jdarcan\n|\n|t:|1738204940\n|start\n|switch|p1a: Urshifu|Urshifu, L50, M|100\/100\n|switch|p1b: Scream Tail|Scream Tail, L50|100\/100\n|switch|p2a: Incineroar|Incineroar, L50, F|100\/100\n|switch|p2b: Calyrex|Calyrex-Shadow, L50|100\/100\n|-ability|p2b: Calyrex|As One\n|-ability|p2b: Calyrex|Unnerve\n|-ability|p2a: Incineroar|Intimidate|boost\n|-unboost|p1a: Urshifu|atk|1\n|-unboost|p1b: Scream Tail|atk|1\n|-enditem|p1b: Scream Tail|Booster Energy\n|-activate|p1b: Scream Tail|ability: Protosynthesis|[fromitem]\n|-start|p1b: Scream Tail|protosynthesisspe\n|turn|1\n|\n|t:|1738204981\n|switch|p2b: Urshifu|Urshifu-Rapid-Strike, L50, F|100\/100\n|-terastallize|p1b: Scream Tail|Normal\n|move|p1a: Urshifu|Protect|p1a: Urshifu\n|-singleturn|p1a: Urshifu|Protect\n|move|p1b: Scream Tail|Thunder Wave|p2b: Urshifu\n|-status|p2b: Urshifu|par\n|move|p2a: Incineroar|Taunt|p1b: Scream Tail\n|-start|p1b: Scream Tail|move: Taunt\n|\n|upkeep\n|turn|2\n|j| UI Rain\n|j| vgdjfifIFFIGgcu\n|\n|t:|1738205017\n|switch|p1a: Calyrex|Calyrex-Ice, L50|100\/100\n|-ability|p1a: Calyrex|As One\n|-ability|p1a: Calyrex|Unnerve\n|move|p1b: Scream Tail|Dazzling Gleam|p2b: Urshifu|[spread] p2a,p2b\n|-supereffective|p2b: Urshifu\n|-damage|p2a: Incineroar|89\/100\n|-damage|p2b: Urshifu|58\/100 par\n|move|p2a: Incineroar|Parting Shot|p1a: Calyrex\n|-fail|p1a: Calyrex|unboost|[from] item: Clear Amulet|[of] p1a: Calyrex\n|move|p2b: Urshifu|Close Combat|p1b: Scream Tail\n|-supereffective|p1b: Scream Tail\n|-damage|p1b: Scream Tail|0 fnt\n|-unboost|p2b: Urshifu|def|1\n|-unboost|p2b: Urshifu|spd|1\n|faint|p1b: Scream Tail\n|-end|p1b: Scream Tail|Protosynthesis|[silent]\n|\n|upkeep\n|\n|t:|1738205052\n|switch|p1b: Landorus|Landorus, L50, M|100\/100\n|turn|3\n|\n|t:|1738205073\n|move|p2b: Urshifu|Aqua Jet|p1b: Landorus\n|-supereffective|p1b: Landorus\n|-damage|p1b: Landorus|42\/100\n|move|p1b: Landorus|Sandsear Storm|p2a: Incineroar|[spread] p2a,p2b\n|-supereffective|p2a: Incineroar\n|-damage|p2a: Incineroar|0 fnt\n|-damage|p2b: Urshifu|0 fnt\n|faint|p2a: Incineroar\n|faint|p2b: Urshifu\n|move|p1a: Calyrex|Trick Room|p1a: Calyrex\n|-fieldstart|move: Trick Room|[of] p1a: Calyrex\n|\n|upkeep\n|\n|t:|1738205085\n|switch|p2a: Calyrex|Calyrex-Shadow, L50|100\/100\n|switch|p2b: Raging Bolt|Raging Bolt, L50|100\/100\n|-ability|p2a: Calyrex|As One\n|-ability|p2a: Calyrex|Unnerve\n|turn|4\n|\n|t:|1738205112\n|-terastallize|p2b: Raging Bolt|Electric\n|move|p1b: Landorus|Protect|p1b: Landorus\n|-singleturn|p1b: Landorus|Protect\n|move|p2a: Calyrex|Protect|p2a: Calyrex\n|-singleturn|p2a: Calyrex|Protect\n|move|p1a: Calyrex|Glacial Lance|p2a: Calyrex|[spread] p2b\n|-activate|p2a: Calyrex|move: Protect\n|-damage|p2b: Raging Bolt|49\/100\n|move|p2b: Raging Bolt|Thunderbolt|p1a: Calyrex\n|-damage|p1a: Calyrex|31\/100\n|-damage|p2b: Raging Bolt|39\/100|[from] item: Life Orb\n|\n|upkeep\n|turn|5\n|l| jdarcan\n|\n|t:|1738205141\n|move|p2b: Raging Bolt|Protect|p2b: Raging Bolt\n|-singleturn|p2b: Raging Bolt|Protect\n|move|p1a: Calyrex|Glacial Lance|p2b: Raging Bolt|[spread] p2a\n|-activate|p2b: Raging Bolt|move: Protect\n|-damage|p2a: Calyrex|40\/100\n|move|p1b: Landorus|Earth Power|p2b: Raging Bolt\n|-activate|p2b: Raging Bolt|move: Protect\n|move|p2a: Calyrex|Astral Barrage|p1b: Landorus|[spread] p1a,p1b\n|-supereffective|p1a: Calyrex\n|-damage|p1a: Calyrex|0 fnt\n|-damage|p1b: Landorus|0 fnt\n|faint|p1a: Calyrex\n|faint|p1b: Landorus\n|-ability|p2a: Calyrex|Grim Neigh|boost\n|-boost|p2a: Calyrex|spa|2\n|\n|upkeep\n|\n|t:|1738205159\n|switch|p1b: Urshifu|Urshifu, L50, M|100\/100\n|turn|6\n|\n|t:|1738205174\n|move|p2b: Raging Bolt|Protect|p2b: Raging Bolt\n|-singleturn|p2b: Raging Bolt|Protect\n|move|p1b: Urshifu|Wicked Blow|p2a: Calyrex\n|-supereffective|p2a: Calyrex\n|-crit|p2a: Calyrex\n|-damage|p2a: Calyrex|0 fnt\n|faint|p2a: Calyrex\n|\n|upkeep\n|turn|7\n|-message|GengarNight_07 forfeited.\n|\n|win|Michael Vick 22\n|raw|Michael Vick 22's rating: 1587 &rarr; <strong>1613<\/strong><br \/>(+26 for winning)\n|raw|GengarNight_07's rating: 1702 &rarr; <strong>1676<\/strong><br \/>(-26 for losing)\n|l|\u2606GengarNight_07\n|player|p2|\n|l|\u2606Michael Vick 22\n|player|p1|\n","uploadtime":1738205318,"views":10,"formatid":"gen9vgc2025regg","rating":1613,"private":0,"password":null}