{"id":"gen9vgc2025regg-2290052414","format":"[Gen 9] VGC 2025 Reg G","players":["juanessamal","Rabble!"],"log":"|j|\u2606juanessamal\n|j|\u2606Rabble!\n|t:|1738093937\n|gametype|doubles\n|player|p1|juanessamal|1|1584\n|player|p2|Rabble!|1|1680\n|teamsize|p1|6\n|teamsize|p2|6\n|gen|9\n|tier|[Gen 9] VGC 2025 Reg G\n|rated|\n|rule|Species Clause: Limit one of each Pok\u00e9mon\n|rule|Item Clause: Limit 1 of each item\n|clearpoke\n|poke|p1|Sableye, L50, F|\n|poke|p1|Iron Valiant, L50|\n|poke|p1|Smeargle, L50, M|\n|poke|p1|Groudon, L50|\n|poke|p1|Tornadus, L50, M|\n|poke|p1|Chi-Yu, L50|\n|poke|p2|Terapagos, L50, M|\n|poke|p2|Thundurus, L50, M|\n|poke|p2|Comfey, L50, F|\n|poke|p2|Rillaboom, L50, M|\n|poke|p2|Glimmora, L50, F|\n|poke|p2|Chi-Yu, L50|\n|teampreview|4\n|l|\u2606juanessamal\n|player|p1|\n|inactive|Battle timer is ON: inactive players will automatically lose when time's up. (requested by Rabble!)\n|j|\u2606juanessamal\n|inactive|juanessamal reconnected and has 85 seconds left.\n|player|p1|juanessamal|1|\n|inactive|juanessamal has 60 seconds left.\n|inactive|Rabble! has 60 seconds left.\n|\n|t:|1738094003\n|start\n|switch|p1a: Sableye|Sableye, L50, F|100\/100\n|switch|p1b: Iron Valiant|Iron Valiant, L50|100\/100\n|switch|p2a: Terapagos|Terapagos, L50, M|100\/100\n|switch|p2b: Thundurus|Thundurus, L50, M|100\/100\n|-activate|p2a: Terapagos|ability: Tera Shift\n|detailschange|p2a: Terapagos|Terapagos-Terastal, L50, M\n|-heal|p2a: Terapagos|100\/100|[silent]\n|-enditem|p1b: Iron Valiant|Booster Energy\n|-activate|p1b: Iron Valiant|ability: Quark Drive|[fromitem]\n|-start|p1b: Iron Valiant|quarkdrivespe\n|turn|1\n|\n|t:|1738094017\n|-terastallize|p1b: Iron Valiant|Dark\n|move|p2b: Thundurus|Taunt|p1b: Iron Valiant\n|-hint|Since gen 7, Dark is immune to Prankster moves.\n|-immune|p1b: Iron Valiant\n|move|p1a: Sableye|Gravity|p1a: Sableye\n|-fieldstart|move: Gravity\n|move|p1b: Iron Valiant|Hypnosis|p2b: Thundurus\n|-status|p2b: Thundurus|slp|[from] move: Hypnosis\n|move|p2a: Terapagos|Calm Mind|p2a: Terapagos\n|-boost|p2a: Terapagos|spa|1\n|-boost|p2a: Terapagos|spd|1\n|\n|upkeep\n|turn|2\n|j| mentalrofl\n|j| jdarcan\n|\n|t:|1738094036\n|-end|p1b: Iron Valiant|Quark Drive|[silent]\n|switch|p1b: Groudon|Groudon, L50, shiny|100\/100\n|-weather|SunnyDay|[from] ability: Drought|[of] p1b: Groudon\n|switch|p2b: Rillaboom|Rillaboom, L50, M|100\/100\n|-fieldstart|move: Grassy Terrain|[from] ability: Grassy Surge|[of] p2b: Rillaboom\n|move|p2a: Terapagos|Protect|p2a: Terapagos\n|-singleturn|p2a: Terapagos|Protect\n|move|p1a: Sableye|Encore|p2a: Terapagos\n|-activate|p2a: Terapagos|move: Protect\n|\n|-weather|SunnyDay|[upkeep]\n|upkeep\n|turn|3\n|inactive|Rabble! has 30 seconds left.\n|inactive|juanessamal has 30 seconds left.\n|inactive|Rabble! has 20 seconds left.\n|inactive|juanessamal has 20 seconds left.\n|inactive|Rabble! has 15 seconds left.\n|inactive|juanessamal has 15 seconds left.\n|inactive|juanessamal has 10 seconds left.\n|\n|t:|1738094093\n|switch|p1b: Chi-Yu|Chi-Yu, L50|100\/100\n|-ability|p1b: Chi-Yu|Beads of Ruin\n|switch|p2a: Thundurus|Thundurus, L50, M|100\/100 slp\n|-terastallize|p2b: Rillaboom|Water\n|move|p2b: Rillaboom|Wood Hammer|p1a: Sableye\n|-damage|p1a: Sableye|10\/100\n|-damage|p2b: Rillaboom|78\/100|[from] Recoil\n|-enditem|p1a: Sableye|Eject Button\n|\n|t:|1738094115\n|switch|p1a: Iron Valiant|Iron Valiant, L50, tera:Dark|100\/100\n|\n|-weather|SunnyDay|[upkeep]\n|-heal|p2b: Rillaboom|84\/100|[from] Grassy Terrain\n|upkeep\n|turn|4\n|j| BionicFox\n|inactive|Rabble! has 30 seconds left.\n|\n|t:|1738094143\n|move|p1b: Chi-Yu|Heat Wave|p2a: Thundurus|[spread] p2a,p2b\n|-resisted|p2b: Rillaboom\n|-damage|p2a: Thundurus|12\/100 slp\n|-damage|p2b: Rillaboom|59\/100\n|move|p1a: Iron Valiant|Hypnosis|p2b: Rillaboom\n|-status|p2b: Rillaboom|slp|[from] move: Hypnosis\n|cant|p2a: Thundurus|slp\n|cant|p2b: Rillaboom|slp\n|\n|-weather|SunnyDay|[upkeep]\n|-heal|p2a: Thundurus|18\/100 slp|[from] Grassy Terrain\n|-heal|p2b: Rillaboom|65\/100 slp|[from] Grassy Terrain\n|upkeep\n|turn|5\n|inactive|juanessamal has 30 seconds left.\n|inactive|juanessamal has 20 seconds left.\n|inactive|juanessamal has 15 seconds left.\n|inactive|juanessamal has 10 seconds left.\n|inactive|juanessamal has 5 seconds left.\n|\n|t:|1738094196\n|move|p1b: Chi-Yu|Heat Wave|p2a: Thundurus|[spread] p2a,p2b\n|-resisted|p2b: Rillaboom\n|-damage|p2a: Thundurus|0 fnt\n|-damage|p2b: Rillaboom|41\/100 slp\n|faint|p2a: Thundurus\n|move|p1a: Iron Valiant|Moonblast|p2b: Rillaboom\n|-damage|p2b: Rillaboom|5\/100 slp\n|cant|p2b: Rillaboom|slp\n|\n|-weather|SunnyDay|[upkeep]\n|-heal|p2b: Rillaboom|11\/100 slp|[from] Grassy Terrain\n|-fieldend|move: Gravity\n|upkeep\n|\n|t:|1738094212\n|switch|p2a: Comfey|Comfey, L50, F|100\/100\n|turn|6\n|\n|t:|1738094229\n|move|p2a: Comfey|Floral Healing|p2b: Rillaboom\n|-heal|p2b: Rillaboom|77\/100 slp\n|move|p1b: Chi-Yu|Heat Wave|p2a: Comfey|[spread] p2a,p2b\n|-resisted|p2b: Rillaboom\n|-damage|p2a: Comfey|24\/100\n|-damage|p2b: Rillaboom|53\/100 slp\n|-enditem|p2a: Comfey|Sitrus Berry|[eat]\n|-heal|p2a: Comfey|49\/100|[from] item: Sitrus Berry\n|move|p1a: Iron Valiant|Moonblast|p2b: Rillaboom\n|-damage|p2b: Rillaboom|18\/100 slp\n|-unboost|p2b: Rillaboom|spa|1\n|cant|p2b: Rillaboom|slp\n|\n|-weather|none\n|-heal|p2a: Comfey|55\/100|[from] Grassy Terrain\n|-heal|p2b: Rillaboom|24\/100 slp|[from] Grassy Terrain\n|-fieldend|move: Grassy Terrain\n|upkeep\n|turn|7\n|\n|t:|1738094252\n|switch|p2b: Terapagos|Terapagos-Terastal, L50, M|100\/100\n|move|p2a: Comfey|Protect|p2a: Comfey\n|-singleturn|p2a: Comfey|Protect\n|move|p1b: Chi-Yu|Heat Wave|p2a: Comfey|[spread] p2b\n|-activate|p2a: Comfey|move: Protect\n|-activate|p2b: Terapagos|ability: Tera Shell\n|-resisted|p2b: Terapagos\n|-damage|p2b: Terapagos|78\/100\n|move|p1a: Iron Valiant|Moonblast|p2a: Comfey\n|-activate|p2a: Comfey|move: Protect\n|\n|-heal|p2b: Terapagos|84\/100|[from] item: Leftovers\n|upkeep\n|turn|8\n|inactive|Rabble! has 30 seconds left.\n|\n|t:|1738094281\n|move|p2a: Comfey|Draining Kiss|p1a: Iron Valiant\n|-supereffective|p1a: Iron Valiant\n|-damage|p1a: Iron Valiant|31\/100\n|-heal|p2a: Comfey|100\/100|[from] drain|[of] p1a: Iron Valiant\n|move|p1b: Chi-Yu|Heat Wave|p2a: Comfey|[spread] p2a,p2b\n|-damage|p2a: Comfey|49\/100\n|-damage|p2b: Terapagos|40\/100\n|move|p1a: Iron Valiant|Moonblast|p2a: Comfey\n|-damage|p2a: Comfey|0 fnt\n|faint|p2a: Comfey\n|move|p2b: Terapagos|Tera Starstorm|p1a: Iron Valiant\n|-damage|p1a: Iron Valiant|0 fnt\n|faint|p1a: Iron Valiant\n|-end|p1a: Iron Valiant|Quark Drive|[silent]\n|\n|-heal|p2b: Terapagos|46\/100|[from] item: Leftovers\n|upkeep\n|\n|t:|1738094302\n|switch|p1a: Groudon|Groudon, L50, shiny|100\/100\n|switch|p2a: Rillaboom|Rillaboom, L50, M, tera:Water|24\/100 slp\n|-weather|SunnyDay|[from] ability: Drought|[of] p1a: Groudon\n|-fieldstart|move: Grassy Terrain|[from] ability: Grassy Surge|[of] p2a: Rillaboom\n|turn|9\n|\n|t:|1738094323\n|switch|p1b: Sableye|Sableye, L50, F|10\/100\n|move|p1a: Groudon|Protect|p1a: Groudon\n|-singleturn|p1a: Groudon|Protect\n|-curestatus|p2a: Rillaboom|slp|[msg]\n|move|p2a: Rillaboom|Wood Hammer|p1a: Groudon\n|-activate|p1a: Groudon|move: Protect\n|move|p2b: Terapagos|Tera Starstorm|p1a: Groudon\n|-activate|p1a: Groudon|move: Protect\n|\n|-weather|SunnyDay|[upkeep]\n|-heal|p2a: Rillaboom|30\/100|[from] Grassy Terrain\n|-heal|p2b: Terapagos|51\/100|[from] Grassy Terrain\n|-heal|p2b: Terapagos|57\/100|[from] item: Leftovers\n|-heal|p1b: Sableye|16\/100|[from] Grassy Terrain\n|upkeep\n|turn|10\n|inactive|Rabble! has 30 seconds left.\n|\n|t:|1738094356\n|move|p1b: Sableye|Disable|p2a: Rillaboom\n|-start|p2a: Rillaboom|Disable|Wood Hammer\n|move|p1a: Groudon|Precipice Blades|p2b: Terapagos|[spread] p2b\n|-miss|p1a: Groudon|p2a: Rillaboom\n|-damage|p2b: Terapagos|6\/100\n|-damage|p1a: Groudon|91\/100|[from] item: Life Orb\n|cant|p2a: Rillaboom|Disable|Wood Hammer\n|move|p2b: Terapagos|Scorching Sands|p1a: Groudon\n|-damage|p1a: Groudon|74\/100\n|-status|p1a: Groudon|brn\n|\n|-weather|SunnyDay|[upkeep]\n|-heal|p1a: Groudon|80\/100 brn|[from] Grassy Terrain\n|-heal|p2a: Rillaboom|36\/100|[from] Grassy Terrain\n|-heal|p2b: Terapagos|12\/100|[from] Grassy Terrain\n|-heal|p2b: Terapagos|18\/100|[from] item: Leftovers\n|-heal|p1b: Sableye|22\/100|[from] Grassy Terrain\n|-damage|p1a: Groudon|74\/100 brn|[from] brn\n|upkeep\n|turn|11\n|inactive|juanessamal has 30 seconds left.\n|inactive|juanessamal has 20 seconds left.\n|inactive|juanessamal has 15 seconds left.\n|inactive|juanessamal has 10 seconds left.\n|inactive|juanessamal has 5 seconds left.\n|\n|t:|1738094409\n|move|p2b: Terapagos|Protect|p2b: Terapagos\n|-singleturn|p2b: Terapagos|Protect\n|move|p1b: Sableye|Disable|p2b: Terapagos\n|-activate|p2b: Terapagos|move: Protect\n|move|p1a: Groudon|Precipice Blades|p2b: Terapagos|[spread] \n|-activate|p2b: Terapagos|move: Protect\n|-miss|p1a: Groudon|p2a: Rillaboom\n|move|p2a: Rillaboom|Knock Off|p1b: Sableye\n|-damage|p1b: Sableye|0 fnt\n|faint|p1b: Sableye\n|\n|-weather|SunnyDay|[upkeep]\n|-heal|p1a: Groudon|80\/100 brn|[from] Grassy Terrain\n|-heal|p2a: Rillaboom|42\/100|[from] Grassy Terrain\n|-heal|p2b: Terapagos|24\/100|[from] Grassy Terrain\n|-heal|p2b: Terapagos|30\/100|[from] item: Leftovers\n|-damage|p1a: Groudon|74\/100 brn|[from] brn\n|upkeep\n|\n|t:|1738094412\n|switch|p1b: Chi-Yu|Chi-Yu, L50|100\/100\n|-ability|p1b: Chi-Yu|Beads of Ruin\n|turn|12\n|inactive|Rabble! has 30 seconds left.\n|inactive|Rabble! has 20 seconds left.\n|inactive|Rabble! has 15 seconds left.\n|\n|t:|1738094454\n|move|p1b: Chi-Yu|Heat Wave|p2a: Rillaboom|[spread] p2a\n|-miss|p1b: Chi-Yu|p2b: Terapagos\n|-resisted|p2a: Rillaboom\n|-damage|p2a: Rillaboom|17\/100\n|move|p1a: Groudon|Precipice Blades|p2a: Rillaboom|[spread] p2a,p2b\n|-damage|p2a: Rillaboom|0 fnt\n|-damage|p2b: Terapagos|5\/100\n|faint|p2a: Rillaboom\n|-damage|p1a: Groudon|64\/100 brn|[from] item: Life Orb\n|move|p2b: Terapagos|Tera Starstorm|p1b: Chi-Yu\n|-damage|p1b: Chi-Yu|52\/100\n|\n|-weather|SunnyDay|[upkeep]\n|-heal|p1b: Chi-Yu|58\/100|[from] Grassy Terrain\n|-heal|p1a: Groudon|70\/100 brn|[from] Grassy Terrain\n|-heal|p2b: Terapagos|11\/100|[from] Grassy Terrain\n|-heal|p2b: Terapagos|17\/100|[from] item: Leftovers\n|-damage|p1a: Groudon|64\/100 brn|[from] brn\n|upkeep\n|turn|13\n|\n|t:|1738094467\n|move|p2b: Terapagos|Protect|p2b: Terapagos\n|-singleturn|p2b: Terapagos|Protect\n|move|p1b: Chi-Yu|Heat Wave|p2b: Terapagos\n|-activate|p2b: Terapagos|move: Protect\n|move|p1a: Groudon|Precipice Blades|p2b: Terapagos\n|-activate|p2b: Terapagos|move: Protect\n|\n|-weather|none\n|-heal|p1b: Chi-Yu|64\/100|[from] Grassy Terrain\n|-heal|p1a: Groudon|70\/100 brn|[from] Grassy Terrain\n|-heal|p2b: Terapagos|23\/100|[from] Grassy Terrain\n|-heal|p2b: Terapagos|29\/100|[from] item: Leftovers\n|-damage|p1a: Groudon|64\/100 brn|[from] brn\n|-fieldend|move: Grassy Terrain\n|upkeep\n|turn|14\n|\n|t:|1738094492\n|move|p1b: Chi-Yu|Heat Wave|p2b: Terapagos|[miss]\n|-miss|p1b: Chi-Yu|p2b: Terapagos\n|move|p1a: Groudon|Precipice Blades|p2b: Terapagos\n|-damage|p2b: Terapagos|0 fnt\n|faint|p2b: Terapagos\n|-damage|p1a: Groudon|55\/100 brn|[from] item: Life Orb\n|\n|win|juanessamal\n|raw|juanessamal's rating: 1584 &rarr; <strong>1609<\/strong><br \/>(+25 for winning)\n|raw|Rabble!'s rating: 1680 &rarr; <strong>1655<\/strong><br \/>(-25 for losing)\n|l|\u2606juanessamal\n|player|p1|\n|c|\u2606Rabble!|gg\n|l| mentalrofl\n|l|\u2606Rabble!\n|player|p2|\n","uploadtime":1738094668,"views":30,"formatid":"gen9vgc2025regg","rating":1609,"private":0,"password":null}