{"id":"gen9vgc2025regg-2290999159","format":"[Gen 9] VGC 2025 Reg G","players":["GengarNight_07","ren122333"],"log":"|badge|p2|bronze|gen9monotype|100-4\n|uhtml|medal-msg|<div class=\"broadcast-blue\">Curious what those medals under the avatar are? PS now has Ladder Seasons! For more information, check out the <a href=\"https:\/\/www.smogon.com\/forums\/threads\/3740067\/\">thread on Smogon.<\/a><\/div>\n|j|\u2606GengarNight_07\n|j|\u2606ren122333\n|t:|1738218563\n|gametype|doubles\n|player|p1|GengarNight_07|101|1606\n|player|p2|ren122333|hilbert|1563\n|teamsize|p1|6\n|teamsize|p2|6\n|gen|9\n|tier|[Gen 9] VGC 2025 Reg G\n|rated|\n|rule|Species Clause: Limit one of each Pok\u00e9mon\n|rule|Item Clause: Limit 1 of each item\n|clearpoke\n|poke|p1|Calyrex-Shadow, L50|\n|poke|p1|Ogerpon-Hearthflame, L50, F|\n|poke|p1|Rillaboom, L50, M|\n|poke|p1|Incineroar, L50, M|\n|poke|p1|Raging Bolt, L50|\n|poke|p1|Urshifu-*, L50, F|\n|poke|p2|Whimsicott, L50, F|\n|poke|p2|Kyurem-White, L50|\n|poke|p2|Ninetales-Alola, L50, F|\n|poke|p2|Farigiraf, L50, F|\n|poke|p2|Primarina, L50, M|\n|poke|p2|Chi-Yu, L50|\n|teampreview|4\n|inactive|Battle timer is ON: inactive players will automatically lose when time's up. (requested by ren122333)\n|inactive|GengarNight_07 has 60 seconds left.\n|j| they34\n|\n|t:|1738218604\n|start\n|switch|p1a: Ogerpon|Ogerpon-Hearthflame, L50, F|100\/100\n|switch|p1b: Urshifu|Urshifu-Rapid-Strike, L50, F|100\/100\n|switch|p2a: Whimsicott|Whimsicott, L50, F|100\/100\n|switch|p2b: Primarina|Primarina, L50, M|100\/100\n|-ability|p1a: Ogerpon|Mold Breaker\n|turn|1\n|\n|t:|1738218620\n|move|p1b: Urshifu|Detect|p1b: Urshifu\n|-singleturn|p1b: Urshifu|Protect\n|move|p2a: Whimsicott|Tailwind|p2a: Whimsicott\n|-sidestart|p2: ren122333|move: Tailwind\n|move|p2b: Primarina|Hyper Voice|p1a: Ogerpon|[spread] p1a\n|-activate|p1b: Urshifu|move: Protect\n|-damage|p1a: Ogerpon|49\/100\n|move|p1a: Ogerpon|Ivy Cudgel|p2a: Whimsicott|[anim] Ivy Cudgel Fire\n|-supereffective|p2a: Whimsicott\n|-enditem|p2a: Whimsicott|Focus Sash\n|-damage|p2a: Whimsicott|1\/100\n|\n|upkeep\n|turn|2\n|\n|t:|1738218645\n|move|p1b: Urshifu|Aqua Jet|p2a: Whimsicott\n|-resisted|p2a: Whimsicott\n|-damage|p2a: Whimsicott|0 fnt\n|faint|p2a: Whimsicott\n|move|p2b: Primarina|Hyper Voice|p1a: Ogerpon|[spread] p1a,p1b\n|-resisted|p1b: Urshifu\n|-damage|p1a: Ogerpon|0 fnt\n|-damage|p1b: Urshifu|59\/100\n|faint|p1a: Ogerpon\n|\n|upkeep\n|\n|t:|1738218655\n|switch|p2a: Kyurem|Kyurem-White, L50|100\/100\n|switch|p1a: Calyrex|Calyrex-Shadow, L50|100\/100\n|-ability|p1a: Calyrex|As One\n|-ability|p1a: Calyrex|Unnerve\n|-ability|p2a: Kyurem|Turboblaze\n|turn|3\n|\n|t:|1738218665\n|move|p1a: Calyrex|Protect|p1a: Calyrex\n|-singleturn|p1a: Calyrex|Protect\n|move|p2a: Kyurem|Freeze-Dry|p1b: Urshifu\n|-supereffective|p1b: Urshifu\n|-damage|p1b: Urshifu|0 fnt\n|faint|p1b: Urshifu\n|move|p2b: Primarina|Hyper Voice|p1a: Calyrex\n|-activate|p1a: Calyrex|move: Protect\n|\n|upkeep\n|\n|t:|1738218671\n|switch|p1b: Incineroar|Incineroar, L50, M|100\/100\n|-ability|p1b: Incineroar|Intimidate|boost\n|-unboost|p2a: Kyurem|atk|1\n|-unboost|p2b: Primarina|atk|1\n|turn|4\n|inactive|GengarNight_07 has 30 seconds left.\n|\n|t:|1738218697\n|-terastallize|p2b: Primarina|Ghost\n|move|p1b: Incineroar|Fake Out|p2a: Kyurem\n|-damage|p2a: Kyurem|92\/100\n|cant|p2a: Kyurem|flinch\n|move|p2b: Primarina|Hyper Voice|p1b: Incineroar|[spread] p1a,p1b\n|-crit|p1a: Calyrex\n|-supereffective|p1b: Incineroar\n|-damage|p1a: Calyrex|28\/100\n|-damage|p1b: Incineroar|1\/100\n|move|p1a: Calyrex|Nasty Plot|p1a: Calyrex\n|-boost|p1a: Calyrex|spa|2\n|\n|-sideend|p2: ren122333|move: Tailwind\n|upkeep\n|turn|5\n|\n|t:|1738218719\n|switch|p2b: Ninetales|Ninetales-Alola, L50, F|100\/100\n|-weather|Snow|[from] ability: Snow Warning|[of] p2b: Ninetales\n|move|p1a: Calyrex|Astral Barrage|p2a: Kyurem|[spread] p2a,p2b\n|-damage|p2a: Kyurem|24\/100\n|-damage|p2b: Ninetales|0 fnt\n|faint|p2b: Ninetales\n|-ability|p1a: Calyrex|Grim Neigh|boost\n|-boost|p1a: Calyrex|spa|1\n|move|p2a: Kyurem|Blizzard|p1a: Calyrex|[spread] p1a,p1b\n|-resisted|p1b: Incineroar\n|-damage|p1a: Calyrex|0 fnt\n|-damage|p1b: Incineroar|0 fnt\n|faint|p1a: Calyrex\n|faint|p1b: Incineroar\n|\n|win|ren122333\n|raw|GengarNight_07's rating: 1606 &rarr; <strong>1584<\/strong><br \/>(-22 for losing)\n|raw|ren122333's rating: 1563 &rarr; <strong>1585<\/strong><br \/>(+22 for winning)\n|l|\u2606ren122333\n|player|p2|\n|l|\u2606GengarNight_07\n|player|p1|\n","uploadtime":1738218937,"views":13,"formatid":"gen9vgc2025regg","rating":1584,"private":0,"password":null}