{"id":"gen9vgc2025regg-2290783895","format":"[Gen 9] VGC 2025 Reg G","players":["nachosnail","MoodyMukVGC"],"log":"|j|\u2606nachosnail\n|j|\u2606MoodyMukVGC\n|t:|1738188850\n|gametype|doubles\n|player|p1|nachosnail|265|1556\n|player|p2|MoodyMukVGC|chuck|1548\n|teamsize|p1|6\n|teamsize|p2|6\n|gen|9\n|tier|[Gen 9] VGC 2025 Reg G\n|rated|\n|rule|Species Clause: Limit one of each Pok\u00e9mon\n|rule|Item Clause: Limit 1 of each item\n|clearpoke\n|poke|p1|Weezing-Galar, L50, F|\n|poke|p1|Dondozo, L50, M|\n|poke|p1|Calyrex-Shadow, L50|\n|poke|p1|Tatsugiri-Droopy, L50, F|\n|poke|p1|Ogerpon-Cornerstone, L50, F|\n|poke|p1|Roaring Moon, L50|\n|poke|p2|Calyrex-Shadow, L50|\n|poke|p2|Rillaboom, L50, M|\n|poke|p2|Urshifu-*, L50, M|\n|poke|p2|Clefairy, L50, M|\n|poke|p2|Incineroar, L50, M|\n|poke|p2|Tornadus, L50, M|\n|teampreview|4\n|j| Duryodhan\n|inactive|Battle timer is ON: inactive players will automatically lose when time's up. (requested by nachosnail)\n|inactive|MoodyMukVGC has 60 seconds left.\n|\n|t:|1738188907\n|start\n|switch|p1a: Weezing|Weezing-Galar, L50, F|100\/100\n|switch|p1b: Calyrex|Calyrex-Shadow, L50|100\/100\n|switch|p2a: Calyrex|Calyrex-Shadow, L50|100\/100\n|switch|p2b: Incineroar|Incineroar, L50, M, shiny|100\/100\n|-ability|p1a: Weezing|Neutralizing Gas\n|-ability|p2a: Calyrex|As One\n|-ability|p2a: Calyrex|Unnerve\n|-ability|p1b: Calyrex|As One\n|-ability|p1b: Calyrex|Unnerve\n|turn|1\n|\n|t:|1738188922\n|-terastallize|p1a: Weezing|Grass\n|move|p2a: Calyrex|Protect|p2a: Calyrex\n|-singleturn|p2a: Calyrex|Protect\n|move|p1b: Calyrex|Protect|p1b: Calyrex\n|-singleturn|p1b: Calyrex|Protect\n|move|p1a: Weezing|Poison Gas|p2a: Calyrex|[spread] p2b\n|-activate|p2a: Calyrex|move: Protect\n|-status|p2b: Incineroar|psn\n|move|p2b: Incineroar|Knock Off|p1b: Calyrex\n|-activate|p1b: Calyrex|move: Protect\n|\n|-damage|p2b: Incineroar|88\/100 psn|[from] psn\n|upkeep\n|turn|2\n|\n|t:|1738188946\n|-terastallize|p2a: Calyrex|Fairy\n|move|p1b: Calyrex|Astral Barrage|p2b: Incineroar|[spread] p2a,p2b\n|-resisted|p2b: Incineroar\n|-damage|p2a: Calyrex|26\/100\n|-damage|p2b: Incineroar|52\/100 psn\n|-damage|p1b: Calyrex|91\/100|[from] item: Life Orb\n|move|p2a: Calyrex|Astral Barrage|p1b: Calyrex|[spread] p1a,p1b\n|-supereffective|p1b: Calyrex\n|-damage|p1a: Weezing|48\/100\n|-damage|p1b: Calyrex|0 fnt\n|faint|p1b: Calyrex\n|-ability|p2a: Calyrex|Grim Neigh|boost\n|-boost|p2a: Calyrex|spa|1\n|move|p1a: Weezing|Toxic Spikes|p2b: Incineroar\n|-sidestart|p2: MoodyMukVGC|move: Toxic Spikes\n|move|p2b: Incineroar|Knock Off|p1a: Weezing\n|-damage|p1a: Weezing|18\/100\n|-enditem|p1a: Weezing|Covert Cloak|[from] move: Knock Off|[of] p2b: Incineroar\n|\n|-damage|p2b: Incineroar|39\/100 psn|[from] psn\n|upkeep\n|\n|t:|1738188957\n|switch|p1b: Dondozo|Dondozo, L50, M|100\/100\n|turn|3\n|inactive|MoodyMukVGC has 30 seconds left.\n|\n|t:|1738188983\n|-end|p1a: Weezing|ability: Neutralizing Gas\n|-ability|p2b: Incineroar|Intimidate|boost\n|-unboost|p1a: Weezing|atk|1\n|-unboost|p1b: Dondozo|atk|1\n|switch|p1a: Tatsugiri|Tatsugiri-Droopy, L50, F, shiny|100\/100\n|-activate|p1a: Tatsugiri|ability: Commander|[of] p1b: Dondozo\n|-boost|p1b: Dondozo|atk|2\n|-boost|p1b: Dondozo|spa|2\n|-boost|p1b: Dondozo|spe|2\n|-boost|p1b: Dondozo|def|2\n|-boost|p1b: Dondozo|spd|2\n|move|p2a: Calyrex|Protect|p2a: Calyrex\n|-singleturn|p2a: Calyrex|Protect\n|move|p1b: Dondozo|Earthquake|p2b: Incineroar|[spread] p2b\n|-miss|p1b: Dondozo|p1a: Tatsugiri\n|-activate|p2a: Calyrex|move: Protect\n|-supereffective|p2b: Incineroar\n|-damage|p2b: Incineroar|1\/100 psn\n|move|p2b: Incineroar|Parting Shot|p1b: Dondozo\n|-unboost|p1b: Dondozo|atk|1\n|-unboost|p1b: Dondozo|spa|1\n|\n|t:|1738189003\n|switch|p2b: Rillaboom|Rillaboom, L50, M, shiny|100\/100|[from] Parting Shot\n|-status|p2b: Rillaboom|psn\n|-fieldstart|move: Grassy Terrain|[from] ability: Grassy Surge|[of] p2b: Rillaboom\n|\n|-heal|p2a: Calyrex|32\/100|[from] Grassy Terrain\n|-damage|p2b: Rillaboom|88\/100 psn|[from] psn\n|upkeep\n|turn|4\n|\n|t:|1738189010\n|move|p1b: Dondozo|Protect|p1b: Dondozo\n|-singleturn|p1b: Dondozo|Protect\n|move|p2b: Rillaboom|Fake Out|p1b: Dondozo\n|-activate|p1b: Dondozo|move: Protect\n|move|p2a: Calyrex|Astral Barrage|p1a: Tatsugiri|[spread] \n|-miss|p2a: Calyrex|p1a: Tatsugiri\n|-activate|p1b: Dondozo|move: Protect\n|\n|-heal|p2a: Calyrex|38\/100|[from] Grassy Terrain\n|-heal|p2b: Rillaboom|94\/100 psn|[from] Grassy Terrain\n|-damage|p2b: Rillaboom|82\/100 psn|[from] psn\n|upkeep\n|turn|5\n|\n|t:|1738189017\n|move|p2a: Calyrex|Astral Barrage|p1a: Tatsugiri|[spread] p1b\n|-miss|p2a: Calyrex|p1a: Tatsugiri\n|-damage|p1b: Dondozo|77\/100\n|move|p1b: Dondozo|Order Up|p2b: Rillaboom\n|-damage|p2b: Rillaboom|63\/100 psn\n|-boost|p1b: Dondozo|def|1\n|move|p2b: Rillaboom|Wood Hammer|p1b: Dondozo\n|-supereffective|p1b: Dondozo\n|-damage|p1b: Dondozo|42\/100\n|-damage|p2b: Rillaboom|50\/100 psn|[from] Recoil\n|\n|-heal|p2a: Calyrex|45\/100|[from] Grassy Terrain\n|-heal|p1b: Dondozo|48\/100|[from] Grassy Terrain\n|-heal|p1b: Dondozo|54\/100|[from] item: Leftovers\n|-heal|p2b: Rillaboom|56\/100 psn|[from] Grassy Terrain\n|-damage|p2b: Rillaboom|44\/100 psn|[from] psn\n|upkeep\n|turn|6\n|\n|t:|1738189034\n|move|p1b: Dondozo|Protect|p1b: Dondozo\n|-singleturn|p1b: Dondozo|Protect\n|move|p2a: Calyrex|Draining Kiss|p1b: Dondozo\n|-activate|p1b: Dondozo|move: Protect\n|move|p2b: Rillaboom|Wood Hammer|p1b: Dondozo\n|-activate|p1b: Dondozo|move: Protect\n|\n|-heal|p2a: Calyrex|51\/100|[from] Grassy Terrain\n|-heal|p1b: Dondozo|61\/100|[from] Grassy Terrain\n|-heal|p1b: Dondozo|67\/100|[from] item: Leftovers\n|-heal|p2b: Rillaboom|50\/100 psn|[from] Grassy Terrain\n|-damage|p2b: Rillaboom|38\/100 psn|[from] psn\n|upkeep\n|turn|7\n|\n|t:|1738189053\n|move|p2a: Calyrex|Draining Kiss|p1b: Dondozo\n|-damage|p1b: Dondozo|51\/100\n|-heal|p2a: Calyrex|66\/100|[from] drain|[of] p1b: Dondozo\n|move|p1b: Dondozo|Body Press|p2a: Calyrex\n|-resisted|p2a: Calyrex\n|-damage|p2a: Calyrex|32\/100\n|move|p2b: Rillaboom|U-turn|p1b: Dondozo\n|-damage|p1b: Dondozo|46\/100\n|\n|t:|1738189062\n|switch|p2b: Urshifu|Urshifu-Rapid-Strike, L50, M|100\/100|[from] U-turn\n|-status|p2b: Urshifu|psn\n|\n|-heal|p2a: Calyrex|38\/100|[from] Grassy Terrain\n|-heal|p1b: Dondozo|52\/100|[from] Grassy Terrain\n|-heal|p1b: Dondozo|58\/100|[from] item: Leftovers\n|-damage|p2b: Urshifu|88\/100 psn|[from] psn\n|-fieldend|move: Grassy Terrain\n|upkeep\n|turn|8\n|\n|t:|1738189075\n|move|p2a: Calyrex|Astral Barrage|p1a: Tatsugiri|[spread] p1b\n|-miss|p2a: Calyrex|p1a: Tatsugiri\n|-damage|p1b: Dondozo|34\/100\n|move|p1b: Dondozo|Body Press|p2a: Calyrex\n|-resisted|p2a: Calyrex\n|-damage|p2a: Calyrex|7\/100\n|move|p2b: Urshifu|Surging Strikes|p1b: Dondozo\n|-resisted|p1b: Dondozo\n|-crit|p1b: Dondozo\n|-damage|p1b: Dondozo|28\/100\n|-resisted|p1b: Dondozo\n|-crit|p1b: Dondozo\n|-damage|p1b: Dondozo|22\/100\n|-resisted|p1b: Dondozo\n|-crit|p1b: Dondozo\n|-damage|p1b: Dondozo|16\/100\n|-hitcount|p1b: Dondozo|3\n|\n|-heal|p1b: Dondozo|22\/100|[from] item: Leftovers\n|-damage|p2b: Urshifu|75\/100 psn|[from] psn\n|upkeep\n|turn|9\n|inactive|nachosnail has 30 seconds left.\n|\n|t:|1738189105\n|move|p2a: Calyrex|Astral Barrage|p1b: Dondozo|[spread] p1b\n|-miss|p2a: Calyrex|p1a: Tatsugiri\n|-damage|p1b: Dondozo|0 fnt\n|faint|p1b: Dondozo\n|-ability|p2a: Calyrex|Grim Neigh|boost\n|-boost|p2a: Calyrex|spa|1\n|move|p2b: Urshifu|Close Combat|p1a: Tatsugiri\n|-enditem|p1a: Tatsugiri|Focus Sash\n|-damage|p1a: Tatsugiri|1\/100\n|-unboost|p2b: Urshifu|def|1\n|-unboost|p2b: Urshifu|spd|1\n|\n|-damage|p2b: Urshifu|63\/100 psn|[from] psn\n|upkeep\n|\n|t:|1738189110\n|switch|p1b: Weezing|Weezing-Galar, L50, F, tera:Grass|18\/100\n|-ability|p1b: Weezing|Neutralizing Gas\n|turn|10\n|\n|t:|1738189117\n|move|p2b: Urshifu|Aqua Jet|p1a: Tatsugiri\n|-resisted|p1a: Tatsugiri\n|-damage|p1a: Tatsugiri|0 fnt\n|faint|p1a: Tatsugiri\n|move|p2a: Calyrex|Draining Kiss|p1b: Weezing\n|-damage|p1b: Weezing|0 fnt\n|-heal|p2a: Calyrex|19\/100|[from] drain|[of] p1b: Weezing\n|faint|p1b: Weezing\n|-end|p1b: Weezing|ability: Neutralizing Gas\n|\n|win|MoodyMukVGC\n|raw|nachosnail's rating: 1556 &rarr; <strong>1536<\/strong><br \/>(-20 for losing)\n|raw|MoodyMukVGC's rating: 1548 &rarr; <strong>1568<\/strong><br \/>(+20 for winning)\n|l|\u2606MoodyMukVGC\n|player|p2|\n|l|\u2606nachosnail\n|player|p1|\n","uploadtime":1738189319,"views":10,"formatid":"gen9vgc2025regg","rating":1536,"private":0,"password":null}