{"id":"gen9vgc2025regg-2290781943","format":"[Gen 9] VGC 2025 Reg G","players":["Atsikanu~","Bougie Oatmeal"],"log":"|j|\u2606Atsikanu~\n|j|\u2606Bougie Oatmeal\n|t:|1738188629\n|gametype|doubles\n|player|p1|Atsikanu~|2|1562\n|player|p2|Bougie Oatmeal|rowan|1603\n|teamsize|p1|6\n|teamsize|p2|6\n|gen|9\n|tier|[Gen 9] VGC 2025 Reg G\n|rated|\n|rule|Species Clause: Limit one of each Pok\u00e9mon\n|rule|Item Clause: Limit 1 of each item\n|clearpoke\n|poke|p1|Terapagos, L50, M|\n|poke|p1|Clefairy, L50, M|\n|poke|p1|Ogerpon-Cornerstone, L50, F|\n|poke|p1|Farigiraf, L50, F|\n|poke|p1|Flutter Mane, L50|\n|poke|p1|Chi-Yu, L50|\n|poke|p2|Calyrex-Shadow, L50|\n|poke|p2|Indeedee-F, L50, F|\n|poke|p2|Ogerpon-Hearthflame, L50, F|\n|poke|p2|Iron Jugulis, L50|\n|poke|p2|Iron Hands, L50|\n|poke|p2|Urshifu-*, L50, F|\n|teampreview|4\n|inactive|Battle timer is ON: inactive players will automatically lose when time's up. (requested by Bougie Oatmeal)\n|\n|t:|1738188657\n|start\n|switch|p1a: Clefairy|Clefairy, L50, M|100\/100\n|switch|p1b: Terapagos|Terapagos, L50, M|100\/100\n|switch|p2a: Hallothreen|Iron Jugulis, L50|100\/100\n|switch|p2b: Arizona|Ogerpon-Hearthflame, L50, F|100\/100\n|-activate|p1b: Terapagos|ability: Tera Shift\n|detailschange|p1b: Terapagos|Terapagos-Terastal, L50, M\n|-heal|p1b: Terapagos|100\/100|[silent]\n|-ability|p2b: Arizona|Mold Breaker\n|-enditem|p2a: Hallothreen|Booster Energy\n|-activate|p2a: Hallothreen|ability: Quark Drive|[fromitem]\n|-start|p2a: Hallothreen|quarkdrivespe\n|turn|1\n|inactive|Bougie Oatmeal has 30 seconds left.\n|j| H4yato7u7\n|\n|t:|1738188690\n|-terastallize|p2b: Arizona|Fire\n|detailschange|p2b: Arizona|Ogerpon-Hearthflame-Tera, L50, F, tera:Fire\n|-ability|p2b: Arizona|Embody Aspect (Hearthflame)|boost\n|-boost|p2b: Arizona|atk|1\n|-terastallize|p1b: Terapagos|Stellar\n|detailschange|p1b: Terapagos|Terapagos-Stellar, L50, M, tera:Stellar\n|-heal|p1b: Terapagos|100\/100|[silent]\n|move|p1a: Clefairy|Follow Me|p1a: Clefairy\n|-singleturn|p1a: Clefairy|move: Follow Me\n|move|p2a: Hallothreen|Snarl|p1a: Clefairy|[spread] p1a,p1b\n|-resisted|p1a: Clefairy\n|-damage|p1a: Clefairy|92\/100\n|-damage|p1b: Terapagos|92\/100\n|-unboost|p1a: Clefairy|spa|1\n|-unboost|p1b: Terapagos|spa|1\n|move|p2b: Arizona|Ivy Cudgel|p1a: Clefairy|[anim] Ivy Cudgel Fire\n|-crit|p1a: Clefairy\n|-damage|p1a: Clefairy|0 fnt\n|faint|p1a: Clefairy\n|move|p1b: Terapagos|Tera Starstorm|p2a: Hallothreen|[spread] p2a,p2b\n|-supereffective|p2b: Arizona\n|-damage|p2a: Hallothreen|64\/100\n|-damage|p2b: Arizona|21\/100\n|\n|upkeep\n|c|\u2606Atsikanu~|Crit..\n|inactive|Atsikanu~ has 30 seconds left.\n|\n|t:|1738188722\n|switch|p1a: Chi-Yu|Chi-Yu, L50|100\/100\n|-ability|p1a: Chi-Yu|Beads of Ruin\n|turn|2\n|\n|t:|1738188725\n|switch|p1b: Farigiraf|Farigiraf, L50, F|100\/100\n|move|p2b: Arizona|Spiky Shield|p2b: Arizona\n|-singleturn|p2b: Arizona|move: Protect\n|move|p2a: Hallothreen|Tailwind|p2a: Hallothreen\n|-sidestart|p2: Bougie Oatmeal|move: Tailwind\n|move|p1a: Chi-Yu|Heat Wave|p2b: Arizona|[spread] p2a\n|-activate|p2b: Arizona|move: Protect\n|-damage|p2a: Hallothreen|13\/100\n|\n|upkeep\n|turn|3\n|c|\u2606Bougie Oatmeal|thank you for bringing my attention to that\n|j| Duryodhan\n|\n|t:|1738188736\n|move|p2a: Hallothreen|Snarl|p1b: Farigiraf|[spread] p1a,p1b\n|-resisted|p1a: Chi-Yu\n|-supereffective|p1b: Farigiraf\n|-damage|p1a: Chi-Yu|91\/100\n|-damage|p1b: Farigiraf|60\/100\n|-unboost|p1a: Chi-Yu|spa|1\n|-unboost|p1b: Farigiraf|spa|1\n|move|p2b: Arizona|Ivy Cudgel|p1b: Farigiraf|[anim] Ivy Cudgel Fire\n|-crit|p1b: Farigiraf\n|-damage|p1b: Farigiraf|0 fnt\n|faint|p1b: Farigiraf\n|move|p1a: Chi-Yu|Heat Wave|p2b: Arizona|[spread] p2a,p2b\n|-resisted|p2b: Arizona\n|-damage|p2a: Hallothreen|0 fnt\n|-damage|p2b: Arizona|5\/100\n|faint|p2a: Hallothreen\n|-end|p2a: Hallothreen|Quark Drive|[silent]\n|\n|upkeep\n|c|\u2606Bougie Oatmeal|I did not see it\n|l| Duryodhan\n|\n|t:|1738188750\n|switch|p2a: Laotzulowei|Urshifu-Rapid-Strike, L50, F|100\/100\n|switch|p1b: Terapagos|Terapagos-Stellar, L50, M, tera:Stellar|92\/100\n|turn|4\n|c|\u2606Atsikanu~|Well I got cooked\n|c|\u2606Bougie Oatmeal|no I did see it\n|c|\u2606Bougie Oatmeal|it is obvious; there's no way I would kill clef if not\n|\n|t:|1738188772\n|move|p2a: Laotzulowei|Close Combat|p1b: Terapagos\n|-supereffective|p1b: Terapagos\n|-damage|p1b: Terapagos|13\/100\n|-unboost|p2a: Laotzulowei|def|1\n|-unboost|p2a: Laotzulowei|spd|1\n|move|p2b: Arizona|Ivy Cudgel|p1b: Terapagos|[anim] Ivy Cudgel Fire\n|-damage|p1b: Terapagos|0 fnt\n|faint|p1b: Terapagos\n|move|p1a: Chi-Yu|Heat Wave|p2b: Arizona|[spread] p2a,p2b\n|-resisted|p2a: Laotzulowei\n|-resisted|p2b: Arizona\n|-damage|p2a: Laotzulowei|66\/100\n|-damage|p2b: Arizona|0 fnt\n|-status|p2a: Laotzulowei|brn\n|faint|p2b: Arizona\n|\n|-damage|p2a: Laotzulowei|60\/100 brn|[from] brn\n|upkeep\n|c|\u2606Atsikanu~|Yeah.\n|c|\u2606Bougie Oatmeal|my point is\n|\n|t:|1738188787\n|switch|p2b: Proshokza|Iron Hands, L50|100\/100\n|turn|5\n|c|\u2606Atsikanu~|I lost\n|-message|Atsikanu~ forfeited.\n|\n|win|Bougie Oatmeal\n|raw|Atsikanu~'s rating: 1562 &rarr; <strong>1544<\/strong><br \/>(-18 for losing)\n|raw|Bougie Oatmeal's rating: 1603 &rarr; <strong>1621<\/strong><br \/>(+18 for winning)\n|l|\u2606Atsikanu~\n|player|p1|\n|l| H4yato7u7\n|l|\u2606Bougie Oatmeal\n|player|p2|\n","uploadtime":1738189039,"views":16,"formatid":"gen9vgc2025regg","rating":1544,"private":0,"password":null}