{"id":"gen9vgc2025regg-2290346335","format":"[Gen 9] VGC 2025 Reg G","players":["bluestraggler01","tep0914"],"log":"|j|\u2606bluestraggler01\n|j|\u2606tep0914\n|t:|1738136125\n|gametype|doubles\n|player|p1|bluestraggler01|170|1594\n|player|p2|tep0914|li|1595\n|teamsize|p1|6\n|teamsize|p2|6\n|gen|9\n|tier|[Gen 9] VGC 2025 Reg G\n|rated|\n|rule|Species Clause: Limit one of each Pok\u00e9mon\n|rule|Item Clause: Limit 1 of each item\n|clearpoke\n|poke|p1|Koraidon, L50|\n|poke|p1|Flutter Mane, L50|\n|poke|p1|Umbreon, L50, M|\n|poke|p1|Armarouge, L50, M|\n|poke|p1|Ogerpon-Cornerstone, L50, F|\n|poke|p1|Raging Bolt, L50|\n|poke|p2|Tornadus, L50, M|\n|poke|p2|Zacian-*, L50|\n|poke|p2|Regidrago, L50|\n|poke|p2|Indeedee-F, L50, F|\n|poke|p2|Urshifu-*, L50, M|\n|poke|p2|Chien-Pao, L50|\n|teampreview|4\n|inactive|Battle timer is ON: inactive players will automatically lose when time's up. (requested by bluestraggler01)\nbluestraggler01 rejected open team sheets.\n|\n|t:|1738136144\n|start\n|switch|p1a: Koraidon|Koraidon, L50|100\/100\n|switch|p1b: Ogerpon|Ogerpon-Cornerstone, L50, F|100\/100\n|switch|p2a: Regidrago|Regidrago, L50|100\/100\n|switch|p2b: Tornadus|Tornadus, L50, M|100\/100\n|-weather|SunnyDay|[from] ability: Orichalcum Pulse|[of] p1a: Koraidon\n|-activate|p1a: Koraidon|Orichalcum Pulse|[source]\n|turn|1\n|\n|t:|1738136153\n|switch|p1a: Flutter Mane|Flutter Mane, L50|100\/100\n|-activate|p1a: Flutter Mane|ability: Protosynthesis\n|-start|p1a: Flutter Mane|protosynthesisspe\n|move|p2b: Tornadus|Tailwind|p2b: Tornadus\n|-sidestart|p2: tep0914|move: Tailwind\n|move|p2a: Regidrago|Dragon Energy|p1a: Flutter Mane|[spread] p1b\n|-immune|p1a: Flutter Mane\n|-ability|p1b: Ogerpon|Sturdy\n|-damage|p1b: Ogerpon|1\/100\n|move|p1b: Ogerpon|Ivy Cudgel|p2b: Tornadus|[anim] Ivy Cudgel Rock\n|-supereffective|p2b: Tornadus\n|-damage|p2b: Tornadus|0 fnt\n|faint|p2b: Tornadus\n|\n|-weather|SunnyDay|[upkeep]\n|upkeep\n|\n|t:|1738136159\n|switch|p2b: Zacian|Zacian-Crowned, L50|100\/100\n|-ability|p2b: Zacian|Intrepid Sword|boost\n|-boost|p2b: Zacian|atk|1\n|turn|2\n|\n|t:|1738136184\n|move|p1b: Ogerpon|Follow Me|p1b: Ogerpon\n|-singleturn|p1b: Ogerpon|move: Follow Me\n|move|p2b: Zacian|Behemoth Blade|p1b: Ogerpon\n|-supereffective|p1b: Ogerpon\n|-damage|p1b: Ogerpon|0 fnt\n|faint|p1b: Ogerpon\n|move|p1a: Flutter Mane|Icy Wind|p2a: Regidrago|[spread] p2a,p2b\n|-supereffective|p2a: Regidrago\n|-resisted|p2b: Zacian\n|-damage|p2a: Regidrago|67\/100\n|-damage|p2b: Zacian|94\/100\n|-unboost|p2a: Regidrago|spe|1\n|-unboost|p2b: Zacian|spe|1\n|move|p2a: Regidrago|Dragon Energy|p1a: Flutter Mane\n|-immune|p1a: Flutter Mane\n|\n|-weather|SunnyDay|[upkeep]\n|upkeep\n|\n|t:|1738136198\n|switch|p1b: Raging Bolt|Raging Bolt, L50|100\/100\n|-activate|p1b: Raging Bolt|ability: Protosynthesis\n|-start|p1b: Raging Bolt|protosynthesisspa\n|turn|3\n|\n|t:|1738136210\n|switch|p2a: Indeedee|Indeedee-F, L50, F|100\/100\n|-fieldstart|move: Psychic Terrain|[from] ability: Psychic Surge|[of] p2a: Indeedee\n|move|p1b: Raging Bolt|Protect|p1b: Raging Bolt\n|-singleturn|p1b: Raging Bolt|Protect\n|move|p1a: Flutter Mane|Dazzling Gleam|p2a: Indeedee|[spread] p2a,p2b\n|-crit|p2a: Indeedee\n|-resisted|p2b: Zacian\n|-damage|p2a: Indeedee|49\/100\n|-damage|p2b: Zacian|78\/100\n|move|p2b: Zacian|Behemoth Blade|p1a: Flutter Mane\n|-supereffective|p1a: Flutter Mane\n|-enditem|p1a: Flutter Mane|Focus Sash\n|-damage|p1a: Flutter Mane|1\/100\n|\n|-weather|SunnyDay|[upkeep]\n|upkeep\n|turn|4\n|\n|t:|1738136234\n|-terastallize|p2b: Zacian|Ground\n|-terastallize|p1b: Raging Bolt|Fairy\n|move|p1a: Flutter Mane|Moonblast|p2a: Indeedee\n|-damage|p2a: Indeedee|0 fnt\n|faint|p2a: Indeedee\n|move|p2b: Zacian|Tera Blast|p1b: Raging Bolt|[anim] Tera Blast Ground\n|-damage|p1b: Raging Bolt|36\/100\n|move|p1b: Raging Bolt|Draco Meteor|p2b: Zacian\n|-damage|p2b: Zacian|0 fnt\n|-unboost|p1b: Raging Bolt|spa|2\n|faint|p2b: Zacian\n|-damage|p1b: Raging Bolt|26\/100|[from] item: Life Orb\n|\n|-weather|SunnyDay|[upkeep]\n|-sideend|p2: tep0914|move: Tailwind\n|upkeep\n|\n|t:|1738136242\n|switch|p2b: Regidrago|Regidrago, L50|67\/100\n|turn|5\n|-message|tep0914 forfeited.\n|\n|win|bluestraggler01\n|raw|bluestraggler01's rating: 1594 &rarr; <strong>1614<\/strong><br \/>(+20 for winning)\n|raw|tep0914's rating: 1595 &rarr; <strong>1575<\/strong><br \/>(-20 for losing)\n|l|\u2606tep0914\n|player|p2|\n|j|\u2606tep0914\n|player|p2|tep0914|li|\n|l|\u2606bluestraggler01\n|player|p1|\n|l|\u2606tep0914\n|player|p2|\n","uploadtime":1738136488,"views":14,"formatid":"gen9vgc2025regg","rating":1575,"private":0,"password":null}