{"id":"gen9vgc2025regg-2290488231","format":"[Gen 9] VGC 2025 Reg G","players":["MBSSQBBDS","Benjigallade"],"log":"|j|\u2606MBSSQBBDS\n|j|\u2606Benjigallade\n|t:|1738159086\n|gametype|doubles\n|player|p1|MBSSQBBDS|bianca|1591\n|player|p2|Benjigallade|lucian|1509\n|teamsize|p1|6\n|teamsize|p2|6\n|gen|9\n|tier|[Gen 9] VGC 2025 Reg G\n|rated|\n|rule|Species Clause: Limit one of each Pok\u00e9mon\n|rule|Item Clause: Limit 1 of each item\n|clearpoke\n|poke|p1|Calyrex-Shadow, L50|\n|poke|p1|Ditto, L50|\n|poke|p1|Raging Bolt, L50|\n|poke|p1|Urshifu-*, L50, M|\n|poke|p1|Brute Bonnet, L50|\n|poke|p1|Ogerpon-Hearthflame, L50, F|\n|poke|p2|Calyrex-Ice, L50|\n|poke|p2|Indeedee-F, L50, F|\n|poke|p2|Hatterene, L50, F|\n|poke|p2|Ursaluna, L50, M|\n|poke|p2|Gallade, L50, M|\n|poke|p2|Urshifu-*, L50, M|\n|teampreview|4\n|inactive|Battle timer is ON: inactive players will automatically lose when time's up. (requested by Benjigallade)\n|inactive|Benjigallade has 60 seconds left.\n|inactive|Benjigallade has 30 seconds left.\n|\n|t:|1738159147\n|start\n|switch|p1a: Calyrex|Calyrex-Shadow, L50|100\/100\n|switch|p1b: Brute Bonnet|Brute Bonnet, L50|100\/100\n|switch|p2a: Indeedee|Indeedee-F, L50, F|100\/100\n|switch|p2b: Calyrex|Calyrex-Ice, L50|100\/100\n|-ability|p1a: Calyrex|As One\n|-ability|p1a: Calyrex|Unnerve\n|-ability|p2b: Calyrex|As One\n|-ability|p2b: Calyrex|Unnerve\n|-fieldstart|move: Psychic Terrain|[from] ability: Psychic Surge|[of] p2a: Indeedee\n|turn|1\n|inactive|Benjigallade has 30 seconds left.\n|inactive|Benjigallade has 20 seconds left.\n|\n|t:|1738159186\n|-terastallize|p2a: Indeedee|Grass\n|move|p2b: Calyrex|Protect|p2b: Calyrex\n|-singleturn|p2b: Calyrex|Protect\n|move|p1a: Calyrex|Expanding Force|p2b: Calyrex|[spread] p2a\n|-activate|p2b: Calyrex|move: Protect\n|-damage|p2a: Indeedee|3\/100\n|-damage|p1a: Calyrex|91\/100|[from] item: Life Orb\n|move|p1b: Brute Bonnet|Spore|p2b: Calyrex\n|-activate|p2b: Calyrex|move: Protect\n|move|p2a: Indeedee|Trick Room|p2a: Indeedee\n|-fieldstart|move: Trick Room|[of] p2a: Indeedee\n|\n|upkeep\n|turn|2\n|inactive|MBSSQBBDS has 30 seconds left.\n|\n|t:|1738159212\n|-terastallize|p1b: Brute Bonnet|Water\n|move|p2a: Indeedee|Helping Hand|p2b: Calyrex\n|-singleturn|p2b: Calyrex|Helping Hand|[of] p2a: Indeedee\n|move|p1a: Calyrex|Protect|p1a: Calyrex\n|-singleturn|p1a: Calyrex|Protect\n|move|p2b: Calyrex|Glacial Lance|p1a: Calyrex|[spread] p1b\n|-activate|p1a: Calyrex|move: Protect\n|-resisted|p1b: Brute Bonnet\n|-damage|p1b: Brute Bonnet|71\/100\n|move|p1b: Brute Bonnet|Spore|p2b: Calyrex\n|-status|p2b: Calyrex|slp|[from] move: Spore\n|\n|upkeep\n|turn|3\n|inactive|Benjigallade has 30 seconds left.\n|\n|t:|1738159238\n|-end|p1b: Brute Bonnet|Protosynthesis|[silent]\n|switch|p1b: Urshifu|Urshifu-Rapid-Strike, L50, M|100\/100\n|cant|p2b: Calyrex|slp\n|move|p2a: Indeedee|Psychic|p1a: Calyrex\n|-resisted|p1a: Calyrex\n|-damage|p1a: Calyrex|64\/100\n|move|p1a: Calyrex|Expanding Force|p2a: Indeedee|[spread] p2a,p2b\n|-resisted|p2b: Calyrex\n|-damage|p2a: Indeedee|0 fnt\n|-damage|p2b: Calyrex|71\/100 slp\n|faint|p2a: Indeedee\n|-ability|p1a: Calyrex|Grim Neigh|boost\n|-boost|p1a: Calyrex|spa|1\n|-damage|p1a: Calyrex|54\/100|[from] item: Life Orb\n|\n|upkeep\n|\n|t:|1738159246\n|switch|p2a: Hatterene|Hatterene, L50, F|100\/100\n|turn|4\n|\n|t:|1738159253\n|move|p2a: Hatterene|Expanding Force|p1a: Calyrex|[spread] p1a,p1b\n|-resisted|p1a: Calyrex\n|-supereffective|p1b: Urshifu\n|-crit|p1b: Urshifu\n|-damage|p1a: Calyrex|8\/100\n|-damage|p1b: Urshifu|0 fnt\n|faint|p1b: Urshifu\n|-damage|p2a: Hatterene|91\/100|[from] item: Life Orb\n|-curestatus|p2b: Calyrex|slp|[msg]\n|move|p2b: Calyrex|Glacial Lance|p1a: Calyrex\n|-damage|p1a: Calyrex|0 fnt\n|faint|p1a: Calyrex\n|-ability|p2b: Calyrex|Chilling Neigh|boost\n|-boost|p2b: Calyrex|atk|1\n|\n|upkeep\n|\n|t:|1738159263\n|switch|p1b: Brute Bonnet|Brute Bonnet, L50, tera:Water|71\/100\n|switch|p1a: Ditto|Ditto, L50|100\/100\n|-transform|p1a: Ditto|p2b: Calyrex|[from] ability: Imposter\n|-ability|p1a: Ditto|As One\n|-ability|p1a: Ditto|Unnerve\n|turn|5\n|j| jdarcan\n|inactive|Benjigallade has 30 seconds left.\n|inactive|Benjigallade has 20 seconds left.\n|\n|t:|1738159300\n|move|p2a: Hatterene|Expanding Force|p1a: Ditto|[spread] p1a,p1b\n|-resisted|p1a: Ditto\n|-damage|p1a: Ditto|65\/100\n|-damage|p1b: Brute Bonnet|5\/100\n|-damage|p2a: Hatterene|81\/100|[from] item: Life Orb\n|move|p2b: Calyrex|Glacial Lance|p1b: Brute Bonnet|[spread] p1a,p1b\n|-resisted|p1a: Ditto\n|-resisted|p1b: Brute Bonnet\n|-damage|p1a: Ditto|30\/100\n|-damage|p1b: Brute Bonnet|0 fnt\n|faint|p1b: Brute Bonnet\n|-end|p1b: Brute Bonnet|Protosynthesis|[silent]\n|-ability|p2b: Calyrex|Chilling Neigh|boost\n|-boost|p2b: Calyrex|atk|1\n|move|p1a: Ditto|Glacial Lance|p2a: Hatterene|[spread] p2a,p2b\n|-resisted|p2b: Calyrex\n|-damage|p2a: Hatterene|0 fnt\n|-damage|p2b: Calyrex|44\/100\n|faint|p2a: Hatterene\n|-ability|p1a: Ditto|Chilling Neigh|boost\n|-boost|p1a: Ditto|atk|1\n|\n|-fieldend|move: Trick Room\n|-fieldend|move: Psychic Terrain\n|upkeep\n|\n|t:|1738159313\n|switch|p2a: Gallade|Gallade, L50, M|100\/100\n|turn|6\n|\n|t:|1738159328\n|move|p2b: Calyrex|Protect|p2b: Calyrex\n|-singleturn|p2b: Calyrex|Protect\n|move|p2a: Gallade|Wide Guard|p2a: Gallade\n|-singleturn|p2a: Gallade|Wide Guard\n|move|p1a: Ditto|Glacial Lance|p2a: Gallade|[spread] \n|-activate|p2a: Gallade|move: Wide Guard\n|-activate|p2b: Calyrex|move: Wide Guard\n|\n|upkeep\n|turn|7\n|\n|t:|1738159348\n|move|p2a: Gallade|Wide Guard|p2a: Gallade\n|-singleturn|p2a: Gallade|Wide Guard\n|move|p1a: Ditto|Glacial Lance|p2a: Gallade|[spread] \n|-activate|p2a: Gallade|move: Wide Guard\n|-activate|p2b: Calyrex|move: Wide Guard\n|move|p2b: Calyrex|Close Combat|p1a: Ditto\n|-damage|p1a: Ditto|0 fnt\n|-unboost|p2b: Calyrex|def|1\n|-unboost|p2b: Calyrex|spd|1\n|faint|p1a: Ditto\n|\n|win|Benjigallade\n|raw|MBSSQBBDS's rating: 1591 &rarr; <strong>1566<\/strong><br \/>(-25 for losing)\n|raw|Benjigallade's rating: 1509 &rarr; <strong>1534<\/strong><br \/>(+25 for winning)\n|l|\u2606MBSSQBBDS\n|player|p1|\n|l|\u2606Benjigallade\n|player|p2|\n|l| jdarcan\n","uploadtime":1738159499,"views":14,"formatid":"gen9vgc2025regg","rating":1534,"private":0,"password":null}