{"id":"gen9vgc2025regg-2290327938","format":"[Gen 9] VGC 2025 Reg G","players":["Hanou143","ChickenZX"],"log":"|j|\u2606Hanou143\n|j|\u2606ChickenZX\n|t:|1738132350\n|gametype|doubles\n|player|p1|Hanou143|102|1549\n|player|p2|ChickenZX|fisherman-gen4|1548\n|teamsize|p1|6\n|teamsize|p2|6\n|gen|9\n|tier|[Gen 9] VGC 2025 Reg G\n|rated|\n|rule|Species Clause: Limit one of each Pok\u00e9mon\n|rule|Item Clause: Limit 1 of each item\n|clearpoke\n|poke|p1|Calyrex-Shadow, L50|\n|poke|p1|Jigglypuff, L50, M|\n|poke|p1|Pelipper, L50, F|\n|poke|p1|Rillaboom, L50, F|\n|poke|p1|Incineroar, L50, M|\n|poke|p1|Urshifu-*, L50, M|\n|poke|p2|Lilligant-Hisui, L50, F|\n|poke|p2|Groudon, L50|\n|poke|p2|Flutter Mane, L50|\n|poke|p2|Raging Bolt, L50|\n|poke|p2|Farigiraf, L50, F|\n|poke|p2|Gouging Fire, L50|\n|teampreview|4\n|inactive|Battle timer is ON: inactive players will automatically lose when time's up. (requested by ChickenZX)\n|inactive|ChickenZX has 60 seconds left.\n|\n|t:|1738132381\n|start\n|switch|p1a: Calyrex|Calyrex-Shadow, L50|100\/100\n|switch|p1b: Incineroar|Incineroar, L50, M|100\/100\n|switch|p2a: Raging Bolt|Raging Bolt, L50|100\/100\n|switch|p2b: Flutter Mane|Flutter Mane, L50|100\/100\n|-ability|p1a: Calyrex|As One\n|-ability|p1a: Calyrex|Unnerve\n|-ability|p1b: Incineroar|Intimidate|boost\n|-unboost|p2a: Raging Bolt|atk|1\n|-unboost|p2b: Flutter Mane|atk|1\n|-enditem|p2b: Flutter Mane|Booster Energy\n|-activate|p2b: Flutter Mane|ability: Protosynthesis|[fromitem]\n|-start|p2b: Flutter Mane|protosynthesisspe\n|turn|1\n|\n|t:|1738132396\n|-end|p2a: Raging Bolt|Protosynthesis|[silent]\n|switch|p2a: Farigiraf|Farigiraf, L50, F|100\/100\n|-terastallize|p2b: Flutter Mane|Normal\n|-terastallize|p1a: Calyrex|Grass\n|move|p2b: Flutter Mane|Thunder Wave|p1a: Calyrex\n|-status|p1a: Calyrex|par\n|move|p1a: Calyrex|Calm Mind|p1a: Calyrex\n|-boost|p1a: Calyrex|spa|1\n|-boost|p1a: Calyrex|spd|1\n|move|p1b: Incineroar|Flare Blitz|p2b: Flutter Mane\n|-damage|p2b: Flutter Mane|8\/100\n|-damage|p1b: Incineroar|72\/100|[from] Recoil\n|\n|upkeep\n|turn|2\n|\n|t:|1738132414\n|move|p2b: Flutter Mane|Icy Wind|p1a: Calyrex|[spread] p1a,p1b\n|-supereffective|p1a: Calyrex\n|-resisted|p1b: Incineroar\n|-damage|p1a: Calyrex|85\/100 par\n|-damage|p1b: Incineroar|67\/100\n|-unboost|p1b: Incineroar|spe|1\n|cant|p1a: Calyrex|par\n|move|p2a: Farigiraf|Psychic Noise|p1a: Calyrex\n|-damage|p1a: Calyrex|63\/100 par\n|move|p1b: Incineroar|Flare Blitz|p2b: Flutter Mane\n|-crit|p2b: Flutter Mane\n|-damage|p2b: Flutter Mane|0 fnt\n|faint|p2b: Flutter Mane\n|-end|p2b: Flutter Mane|Protosynthesis|[silent]\n|-damage|p1b: Incineroar|64\/100|[from] Recoil\n|\n|upkeep\n|\n|t:|1738132422\n|switch|p2b: Groudon|Groudon, L50|100\/100\n|-weather|SunnyDay|[from] ability: Drought|[of] p2b: Groudon\n|turn|3\n|\n|t:|1738132435\n|switch|p1a: Pelipper|Pelipper, L50, F|100\/100\n|-weather|RainDance|[from] ability: Drizzle|[of] p1a: Pelipper\n|move|p2b: Groudon|Heat Crash|p1a: Pelipper\n|-resisted|p1a: Pelipper\n|-damage|p1a: Pelipper|89\/100\n|move|p2a: Farigiraf|Foul Play|p1a: Pelipper\n|-damage|p1a: Pelipper|79\/100\n|move|p1b: Incineroar|Knock Off|p2b: Groudon\n|-damage|p2b: Groudon|68\/100\n|-enditem|p2b: Groudon|Clear Amulet|[from] move: Knock Off|[of] p1b: Incineroar\n|\n|-weather|RainDance|[upkeep]\n|upkeep\n|turn|4\n|\n|t:|1738132455\n|switch|p2b: Raging Bolt|Raging Bolt, L50|100\/100\n|switch|p1b: Jigglypuff|Jigglypuff, L50, M|100\/100\n|move|p1a: Pelipper|Hurricane|p2a: Farigiraf\n|-damage|p2a: Farigiraf|56\/100\n|-start|p2a: Farigiraf|confusion\n|-activate|p2a: Farigiraf|confusion\n|move|p2a: Farigiraf|Psychic Noise|p1a: Pelipper\n|-damage|p1a: Pelipper|39\/100\n|-start|p1a: Pelipper|move: Heal Block\n|\n|-weather|RainDance|[upkeep]\n|upkeep\n|turn|5\n|\n|t:|1738132473\n|switch|p1a: Calyrex|Calyrex-Shadow, L50, tera:Grass|63\/100 par\n|-ability|p1a: Calyrex|As One\n|-ability|p1a: Calyrex|Unnerve\n|-activate|p2a: Farigiraf|confusion\n|move|p2a: Farigiraf|Protect|p2a: Farigiraf\n|-singleturn|p2a: Farigiraf|Protect\n|move|p2b: Raging Bolt|Thunderbolt|p1a: Calyrex\n|-resisted|p1a: Calyrex\n|-damage|p1a: Calyrex|47\/100 par\n|move|p1b: Jigglypuff|Heal Pulse|p1a: Calyrex\n|-heal|p1a: Calyrex|97\/100 par\n|\n|-weather|RainDance|[upkeep]\n|upkeep\n|turn|6\n|\n|t:|1738132491\n|move|p2b: Raging Bolt|Thunderbolt|p1b: Jigglypuff\n|-damage|p1b: Jigglypuff|47\/100\n|move|p1a: Calyrex|Calm Mind|p1a: Calyrex\n|-boost|p1a: Calyrex|spa|1\n|-boost|p1a: Calyrex|spd|1\n|-end|p2a: Farigiraf|confusion\n|move|p2a: Farigiraf|Psychic Noise|p1a: Calyrex\n|-damage|p1a: Calyrex|83\/100 par\n|move|p1b: Jigglypuff|Sing|p2b: Raging Bolt|[miss]\n|-miss|p1b: Jigglypuff|p2b: Raging Bolt\n|\n|-weather|RainDance|[upkeep]\n|upkeep\n|turn|7\n|\n|t:|1738132506\n|move|p1b: Jigglypuff|Protect|p1b: Jigglypuff\n|-singleturn|p1b: Jigglypuff|Protect\n|move|p2b: Raging Bolt|Thunderbolt|p1b: Jigglypuff\n|-activate|p1b: Jigglypuff|move: Protect\n|cant|p1a: Calyrex|par\n|move|p2a: Farigiraf|Foul Play|p1a: Calyrex\n|-damage|p1a: Calyrex|75\/100 par\n|\n|-weather|none\n|upkeep\n|turn|8\n|\n|t:|1738132525\n|move|p1b: Jigglypuff|Protect|p1b: Jigglypuff\n|-singleturn|p1b: Jigglypuff|Protect\n|move|p2b: Raging Bolt|Thunderbolt|p1b: Jigglypuff\n|-activate|p1b: Jigglypuff|move: Protect\n|move|p1a: Calyrex|Giga Drain|p2a: Farigiraf\n|-damage|p2a: Farigiraf|0 fnt\n|-heal|p1a: Calyrex|100\/100 par|[from] drain|[of] p2a: Farigiraf\n|faint|p2a: Farigiraf\n|-ability|p1a: Calyrex|Grim Neigh|boost\n|-boost|p1a: Calyrex|spa|1\n|\n|upkeep\n|\n|t:|1738132532\n|switch|p2a: Groudon|Groudon, L50|68\/100\n|-weather|SunnyDay|[from] ability: Drought|[of] p2a: Groudon\n|-activate|p2b: Raging Bolt|ability: Protosynthesis\n|-start|p2b: Raging Bolt|protosynthesisspa\n|turn|9\n|\n|t:|1738132541\n|switch|p1b: Pelipper|Pelipper, L50, F|39\/100\n|-weather|RainDance|[from] ability: Drizzle|[of] p1b: Pelipper\n|-end|p2b: Raging Bolt|Protosynthesis\n|move|p2a: Groudon|Heat Crash|p1a: Calyrex\n|-supereffective|p1a: Calyrex\n|-damage|p1a: Calyrex|71\/100 par\n|move|p2b: Raging Bolt|Thunderbolt|p1b: Pelipper\n|-supereffective|p1b: Pelipper\n|-crit|p1b: Pelipper\n|-damage|p1b: Pelipper|0 fnt\n|faint|p1b: Pelipper\n|move|p1a: Calyrex|Astral Barrage|p2b: Raging Bolt|[spread] p2a,p2b\n|-damage|p2a: Groudon|0 fnt\n|-damage|p2b: Raging Bolt|46\/100\n|faint|p2a: Groudon\n|-ability|p1a: Calyrex|Grim Neigh|boost\n|-boost|p1a: Calyrex|spa|1\n|\n|-weather|RainDance|[upkeep]\n|upkeep\n|-message|ChickenZX forfeited.\n|\n|win|Hanou143\n|raw|Hanou143's rating: 1549 &rarr; <strong>1569<\/strong><br \/>(+20 for winning)\n|raw|ChickenZX's rating: 1548 &rarr; <strong>1528<\/strong><br \/>(-20 for losing)\n|l|\u2606ChickenZX\n|player|p2|\n|l|\u2606Hanou143\n|player|p1|\n","uploadtime":1738132757,"views":8,"formatid":"gen9vgc2025regg","rating":1528,"private":0,"password":null}