{"id":"gen9vgc2025regg-2290483678","format":"[Gen 9] VGC 2025 Reg G","players":["Gyaradostyranitar","seung2742"],"log":"|j|\u2606Gyaradostyranitar\n|j|\u2606seung2742\n|t:|1738158553\n|gametype|doubles\n|player|p1|Gyaradostyranitar|adaman|1506\n|player|p2|seung2742|102|1600\n|teamsize|p1|6\n|teamsize|p2|6\n|gen|9\n|tier|[Gen 9] VGC 2025 Reg G\n|rated|\n|rule|Species Clause: Limit one of each Pok\u00e9mon\n|rule|Item Clause: Limit 1 of each item\n|clearpoke\n|poke|p1|Koraidon, L50|\n|poke|p1|Flutter Mane, L50|\n|poke|p1|Raging Bolt, L50|\n|poke|p1|Chi-Yu, L50|\n|poke|p1|Ditto, L50|\n|poke|p1|Tornadus, L50, M|\n|poke|p2|Groudon, L50|\n|poke|p2|Rillaboom, L50, M|\n|poke|p2|Gouging Fire, L50|\n|poke|p2|Regidrago, L50|\n|poke|p2|Iron Crown, L50|\n|poke|p2|Yanmega, L50, F|\n|teampreview|4\n|inactive|Battle timer is ON: inactive players will automatically lose when time's up. (requested by seung2742)\n|inactive|Gyaradostyranitar also wants the timer to be on.\n|\n|t:|1738158582\n|start\n|switch|p1a: Flutter Mane|Flutter Mane, L50|100\/100\n|switch|p1b: Koraidon|Koraidon, L50|100\/100\n|switch|p2a: Iron Crown|Iron Crown, L50|100\/100\n|switch|p2b: Yanmega|Yanmega, L50, F|100\/100\n|-weather|SunnyDay|[from] ability: Orichalcum Pulse|[of] p1b: Koraidon\n|-activate|p1a: Flutter Mane|ability: Protosynthesis\n|-start|p1a: Flutter Mane|protosynthesisspe\n|-activate|p1b: Koraidon|Orichalcum Pulse|[source]\n|-enditem|p2a: Iron Crown|Booster Energy\n|-activate|p2a: Iron Crown|ability: Quark Drive|[fromitem]\n|-start|p2a: Iron Crown|quarkdrivespe\n|turn|1\n|inactive|Gyaradostyranitar has 30 seconds left.\n|inactive|seung2742 has 30 seconds left.\n|inactive|seung2742 has 20 seconds left.\n|inactive|seung2742 has 15 seconds left.\n|\n|t:|1738158625\n|-terastallize|p1b: Koraidon|Fire\n|move|p2b: Yanmega|Protect|p2b: Yanmega\n|-singleturn|p2b: Yanmega|Protect\n|move|p1a: Flutter Mane|Thunder Wave|p2a: Iron Crown\n|-status|p2a: Iron Crown|par\n|move|p1b: Koraidon|Flame Charge|p2a: Iron Crown\n|-supereffective|p2a: Iron Crown\n|-damage|p2a: Iron Crown|0 fnt\n|-boost|p1b: Koraidon|spe|1\n|faint|p2a: Iron Crown\n|-end|p2a: Iron Crown|Quark Drive|[silent]\n|\n|-weather|SunnyDay|[upkeep]\n|-ability|p2b: Yanmega|Speed Boost|boost\n|-boost|p2b: Yanmega|spe|1\n|upkeep\n|\n|t:|1738158637\n|switch|p2a: Gouging Fire|Gouging Fire, L50|100\/100\n|-activate|p2a: Gouging Fire|ability: Protosynthesis\n|-start|p2a: Gouging Fire|protosynthesisspe\n|turn|2\n|\n|t:|1738158646\n|move|p1a: Flutter Mane|Icy Wind|p2b: Yanmega|[spread] p2a\n|-miss|p1a: Flutter Mane|p2b: Yanmega\n|-damage|p2a: Gouging Fire|89\/100\n|move|p1b: Koraidon|Flame Charge|p2b: Yanmega\n|-supereffective|p2b: Yanmega\n|-enditem|p2b: Yanmega|Focus Sash\n|-damage|p2b: Yanmega|1\/100\n|-boost|p1b: Koraidon|spe|1\n|move|p2b: Yanmega|Tailwind|p2b: Yanmega\n|-sidestart|p2: seung2742|move: Tailwind\n|move|p2a: Gouging Fire|Heat Crash|p1a: Flutter Mane\n|-damage|p1a: Flutter Mane|0 fnt\n|faint|p1a: Flutter Mane\n|-end|p1a: Flutter Mane|Protosynthesis|[silent]\n|\n|-weather|SunnyDay|[upkeep]\n|-ability|p2b: Yanmega|Speed Boost|boost\n|-boost|p2b: Yanmega|spe|1\n|upkeep\n|l|\u2606Gyaradostyranitar\n|inactive|Gyaradostyranitar disconnected and has a minute to reconnect!\n|player|p1|\n|inactive|Gyaradostyranitar has 30 seconds left.\n|j|\u2606Gyaradostyranitar\n|inactive|Gyaradostyranitar reconnected and has 25 seconds left.\n|player|p1|Gyaradostyranitar|adaman|\n|inactive|Gyaradostyranitar has 20 seconds left.\n|\n|t:|1738158684\n|switch|p1a: Ditto|Ditto, L50|100\/100\n|-transform|p1a: Ditto|p2b: Yanmega|[from] ability: Imposter\n|turn|3\n|inactive|seung2742 has 30 seconds left.\n|inactive|seung2742 has 20 seconds left.\n|inactive|seung2742 has 15 seconds left.\n|\n|t:|1738158726\n|move|p2b: Yanmega|Hypnosis|p1b: Koraidon\n|-status|p1b: Koraidon|slp|[from] move: Hypnosis\n|move|p2a: Gouging Fire|Heat Crash|p1a: Ditto\n|-supereffective|p1a: Ditto\n|-enditem|p1a: Ditto|Focus Sash\n|-damage|p1a: Ditto|1\/100\n|cant|p1b: Koraidon|slp\n|move|p1a: Ditto|Tailwind|p1a: Ditto\n|-sidestart|p1: Gyaradostyranitar|move: Tailwind\n|\n|-weather|SunnyDay|[upkeep]\n|-ability|p2b: Yanmega|Speed Boost|boost\n|-boost|p2b: Yanmega|spe|1\n|-ability|p1a: Ditto|Speed Boost|boost\n|-boost|p1a: Ditto|spe|1\n|upkeep\n|turn|4\n|\n|t:|1738158748\n|move|p1a: Ditto|Hypnosis|p2a: Gouging Fire\n|-status|p2a: Gouging Fire|slp|[from] move: Hypnosis\n|move|p2b: Yanmega|Bug Buzz|p1a: Ditto\n|-resisted|p1a: Ditto\n|-damage|p1a: Ditto|0 fnt\n|faint|p1a: Ditto\n|cant|p1b: Koraidon|slp\n|cant|p2a: Gouging Fire|slp\n|\n|-weather|SunnyDay|[upkeep]\n|-ability|p2b: Yanmega|Speed Boost|boost\n|-boost|p2b: Yanmega|spe|1\n|upkeep\n|\n|t:|1738158756\n|switch|p1a: Chi-Yu|Chi-Yu, L50|100\/100\n|-ability|p1a: Chi-Yu|Beads of Ruin\n|turn|5\n|\n|t:|1738158772\n|move|p2b: Yanmega|Tailwind||[still]\n|-fail|p2b: Yanmega\n|cant|p1b: Koraidon|slp\n|cant|p2a: Gouging Fire|slp\n|move|p1a: Chi-Yu|Heat Wave|p2a: Gouging Fire|[spread] p2b\n|-miss|p1a: Chi-Yu|p2a: Gouging Fire\n|-supereffective|p2b: Yanmega\n|-damage|p2b: Yanmega|0 fnt\n|faint|p2b: Yanmega\n|\n|-weather|none\n|-end|p2a: Gouging Fire|Protosynthesis\n|-sideend|p2: seung2742|move: Tailwind\n|upkeep\n|\n|t:|1738158776\n|switch|p2b: Groudon|Groudon, L50|100\/100\n|-weather|SunnyDay|[from] ability: Drought|[of] p2b: Groudon\n|-activate|p2a: Gouging Fire|ability: Protosynthesis\n|-start|p2a: Gouging Fire|protosynthesisspe\n|turn|6\n|\n|t:|1738158791\n|-terastallize|p2b: Groudon|Fire\n|-curestatus|p1b: Koraidon|slp|[msg]\n|move|p1b: Koraidon|Collision Course|p2a: Gouging Fire\n|-damage|p2a: Gouging Fire|34\/100 slp\n|move|p1a: Chi-Yu|Heat Wave|p2b: Groudon|[spread] p2a,p2b\n|-resisted|p2a: Gouging Fire\n|-resisted|p2b: Groudon\n|-damage|p2a: Gouging Fire|8\/100 slp\n|-damage|p2b: Groudon|50\/100\n|-curestatus|p2a: Gouging Fire|slp|[msg]\n|move|p2a: Gouging Fire|Flare Blitz|p1a: Chi-Yu\n|-resisted|p1a: Chi-Yu\n|-damage|p1a: Chi-Yu|52\/100\n|-damage|p2a: Gouging Fire|0 fnt|[from] Recoil\n|faint|p2a: Gouging Fire\n|-end|p2a: Gouging Fire|Protosynthesis|[silent]\n|move|p2b: Groudon|Precipice Blades|p1a: Chi-Yu|[spread] p1a\n|-miss|p2b: Groudon|p1b: Koraidon\n|-supereffective|p1a: Chi-Yu\n|-damage|p1a: Chi-Yu|0 fnt\n|faint|p1a: Chi-Yu\n|\n|-weather|SunnyDay|[upkeep]\n|-sideend|p1: Gyaradostyranitar|move: Tailwind\n|upkeep\n|turn|7\n|\n|t:|1738158805\n|move|p1b: Koraidon|Collision Course|p2b: Groudon\n|-damage|p2b: Groudon|0 fnt\n|faint|p2b: Groudon\n|\n|win|Gyaradostyranitar\n|raw|Gyaradostyranitar's rating: 1506 &rarr; <strong>1531<\/strong><br \/>(+25 for winning)\n|raw|seung2742's rating: 1600 &rarr; <strong>1575<\/strong><br \/>(-25 for losing)\n|l|\u2606seung2742\n|player|p2|\n|l|\u2606Gyaradostyranitar\n|player|p1|\n","uploadtime":1738158945,"views":9,"formatid":"gen9vgc2025regg","rating":1531,"private":0,"password":null}