{"id":"gen9vgc2025regg-2290877542","format":"[Gen 9] VGC 2025 Reg G","players":["PokemonBreederJoey","seung2742"],"log":"|j|\u2606PokemonBreederJoey\n|j|\u2606seung2742\n|t:|1738200382\n|gametype|doubles\n|player|p1|PokemonBreederJoey|101|1561\n|player|p2|seung2742|170|1551\n|teamsize|p1|6\n|teamsize|p2|6\n|gen|9\n|tier|[Gen 9] VGC 2025 Reg G\n|rated|\n|rule|Species Clause: Limit one of each Pok\u00e9mon\n|rule|Item Clause: Limit 1 of each item\n|clearpoke\n|poke|p1|Kyogre, L50|\n|poke|p1|Tornadus, L50, M|\n|poke|p1|Flutter Mane, L50|\n|poke|p1|Farigiraf, L50, F|\n|poke|p1|Chi-Yu, L50|\n|poke|p1|Archaludon, L50, F|\n|poke|p2|Groudon, L50|\n|poke|p2|Rillaboom, L50, M|\n|poke|p2|Gouging Fire, L50|\n|poke|p2|Regidrago, L50|\n|poke|p2|Iron Crown, L50|\n|poke|p2|Yanmega, L50, F|\n|teampreview|4\n|inactive|Battle timer is ON: inactive players will automatically lose when time's up. (requested by seung2742)\n|inactive|PokemonBreederJoey has 60 seconds left.\n|j| Pokuchu3\n|inactive|PokemonBreederJoey has 30 seconds left.\n|\n|t:|1738200448\n|start\n|switch|p1a: Flutter Mane|Flutter Mane, L50|100\/100\n|switch|p1b: Tornadus|Tornadus, L50, M|100\/100\n|switch|p2a: Iron Crown|Iron Crown, L50|100\/100\n|switch|p2b: Yanmega|Yanmega, L50, F|100\/100\n|-enditem|p1a: Flutter Mane|Booster Energy\n|-activate|p1a: Flutter Mane|ability: Protosynthesis|[fromitem]\n|-start|p1a: Flutter Mane|protosynthesisspe\n|-enditem|p2a: Iron Crown|Booster Energy\n|-activate|p2a: Iron Crown|ability: Quark Drive|[fromitem]\n|-start|p2a: Iron Crown|quarkdrivespe\n|turn|1\n|\n|t:|1738200468\n|move|p1b: Tornadus|Taunt|p2b: Yanmega\n|-start|p2b: Yanmega|move: Taunt\n|move|p1a: Flutter Mane|Thunder Wave|p2a: Iron Crown\n|-status|p2a: Iron Crown|par\n|cant|p2b: Yanmega|move: Taunt|Hypnosis\n|move|p2a: Iron Crown|Gravity|p2a: Iron Crown\n|-fieldstart|move: Gravity\n|\n|-ability|p2b: Yanmega|Speed Boost|boost\n|-boost|p2b: Yanmega|spe|1\n|upkeep\n|turn|2\n|j| jdarcan\n|\n|t:|1738200491\n|switch|p2b: Groudon|Groudon, L50|100\/100\n|-weather|SunnyDay|[from] ability: Drought|[of] p2b: Groudon\n|move|p1a: Flutter Mane|Shadow Ball|p2a: Iron Crown\n|-supereffective|p2a: Iron Crown\n|-damage|p2a: Iron Crown|34\/100 par\n|move|p1b: Tornadus|Bleakwind Storm|p2b: Groudon|[spread] p2a,p2b\n|-resisted|p2a: Iron Crown\n|-damage|p2a: Iron Crown|18\/100 par\n|-damage|p2b: Groudon|66\/100\n|-unboost|p2a: Iron Crown|spe|1\n|-unboost|p2b: Groudon|spe|1\n|move|p2a: Iron Crown|Tachyon Cutter|p1a: Flutter Mane\n|-supereffective|p1a: Flutter Mane\n|-damage|p1a: Flutter Mane|56\/100\n|-supereffective|p1a: Flutter Mane\n|-crit|p1a: Flutter Mane\n|-damage|p1a: Flutter Mane|0 fnt\n|faint|p1a: Flutter Mane\n|-end|p1a: Flutter Mane|Protosynthesis|[silent]\n|-hitcount|p1: Flutter Mane|2\n|\n|-weather|SunnyDay|[upkeep]\n|upkeep\n|\n|t:|1738200506\n|switch|p1a: Kyogre|Kyogre, L50|100\/100\n|-weather|RainDance|[from] ability: Drizzle|[of] p1a: Kyogre\n|turn|3\n|inactive|seung2742 has 30 seconds left.\n|\n|t:|1738200534\n|switch|p2b: Yanmega|Yanmega, L50, F|100\/100\n|move|p1b: Tornadus|Tailwind|p1b: Tornadus\n|-sidestart|p1: PokemonBreederJoey|move: Tailwind\n|move|p1a: Kyogre|Water Spout|p2b: Yanmega|[spread] p2a,p2b\n|-damage|p2a: Iron Crown|0 fnt\n|-enditem|p2b: Yanmega|Focus Sash\n|-damage|p2b: Yanmega|1\/100\n|faint|p2a: Iron Crown\n|-end|p2a: Iron Crown|Quark Drive|[silent]\n|\n|-weather|RainDance|[upkeep]\n|upkeep\n|\n|t:|1738200545\n|switch|p2a: Rillaboom|Rillaboom, L50, M|100\/100\n|-fieldstart|move: Grassy Terrain|[from] ability: Grassy Surge|[of] p2a: Rillaboom\n|turn|4\n|\n|t:|1738200554\n|switch|p1a: Farigiraf|Farigiraf, L50, F|100\/100\n|-terastallize|p2a: Rillaboom|Water\n|move|p1b: Tornadus|Bleakwind Storm|p2a: Rillaboom|[spread] p2a,p2b\n|-supereffective|p2b: Yanmega\n|-damage|p2a: Rillaboom|77\/100\n|-damage|p2b: Yanmega|0 fnt\n|faint|p2b: Yanmega\n|move|p2a: Rillaboom|Wood Hammer|p1a: Farigiraf\n|-damage|p1a: Farigiraf|37\/100\n|-damage|p2a: Rillaboom|53\/100|[from] Recoil\n|\n|-weather|RainDance|[upkeep]\n|-heal|p1a: Farigiraf|43\/100|[from] Grassy Terrain\n|-heal|p2a: Rillaboom|59\/100|[from] Grassy Terrain\n|upkeep\n|\n|t:|1738200561\n|switch|p2b: Groudon|Groudon, L50|66\/100\n|-weather|SunnyDay|[from] ability: Drought|[of] p2b: Groudon\n|turn|5\n|\n|t:|1738200575\n|move|p1b: Tornadus|Bleakwind Storm|p2b: Groudon|[spread] p2a,p2b\n|-damage|p2a: Rillaboom|33\/100\n|-damage|p2b: Groudon|27\/100\n|move|p1a: Farigiraf|Foul Play|p2b: Groudon\n|-damage|p2b: Groudon|2\/100\n|move|p2b: Groudon|Thunder Punch|p1b: Tornadus\n|-supereffective|p1b: Tornadus\n|-damage|p1b: Tornadus|0 fnt\n|faint|p1b: Tornadus\n|move|p2a: Rillaboom|Wood Hammer|p1a: Farigiraf\n|-damage|p1a: Farigiraf|0 fnt\n|faint|p1a: Farigiraf\n|-damage|p2a: Rillaboom|17\/100|[from] Recoil\n|\n|-weather|SunnyDay|[upkeep]\n|-heal|p2b: Groudon|8\/100|[from] Grassy Terrain\n|-heal|p2a: Rillaboom|23\/100|[from] Grassy Terrain\n|-fieldend|move: Gravity\n|upkeep\n|\n|t:|1738200585\n|switch|p1b: Kyogre|Kyogre, L50|100\/100\n|-weather|RainDance|[from] ability: Drizzle|[of] p1b: Kyogre\n|turn|6\n|\n|t:|1738200593\n|-terastallize|p1b: Kyogre|Grass\n|move|p2a: Rillaboom|Grassy Glide|p1b: Kyogre\n|-resisted|p1b: Kyogre\n|-damage|p1b: Kyogre|83\/100\n|move|p1b: Kyogre|Water Spout|p2b: Groudon|[spread] p2a,p2b\n|-resisted|p2a: Rillaboom\n|-supereffective|p2b: Groudon\n|-damage|p2a: Rillaboom|0 fnt\n|-damage|p2b: Groudon|0 fnt\n|faint|p2a: Rillaboom\n|faint|p2b: Groudon\n|\n|win|PokemonBreederJoey\n|raw|PokemonBreederJoey's rating: 1561 &rarr; <strong>1580<\/strong><br \/>(+19 for winning)\n|raw|seung2742's rating: 1551 &rarr; <strong>1532<\/strong><br \/>(-19 for losing)\n|l|\u2606PokemonBreederJoey\n|player|p1|\n|l| Pokuchu3\n|l|\u2606seung2742\n|player|p2|\n","uploadtime":1738200742,"views":15,"formatid":"gen9vgc2025regg","rating":1532,"private":0,"password":null}