{"id":"gen9vgc2025regg-2290324298","format":"[Gen 9] VGC 2025 Reg G","players":["Macmood786TTV","bluestraggler01"],"log":"|j|\u2606Macmood786TTV\n|j|\u2606bluestraggler01\n|t:|1738131625\n|gametype|doubles\n|player|p1|Macmood786TTV|101|1564\n|player|p2|bluestraggler01|170|1614\n|teamsize|p1|6\n|teamsize|p2|6\n|gen|9\n|tier|[Gen 9] VGC 2025 Reg G\n|rated|\n|rule|Species Clause: Limit one of each Pok\u00e9mon\n|rule|Item Clause: Limit 1 of each item\n|clearpoke\n|poke|p1|Kyogre, L50|\n|poke|p1|Tornadus, L50, M|\n|poke|p1|Farigiraf, L50, M|\n|poke|p1|Rillaboom, L50, M|\n|poke|p1|Landorus, L50, M|\n|poke|p1|Urshifu-*, L50, M|\n|poke|p2|Koraidon, L50|\n|poke|p2|Flutter Mane, L50|\n|poke|p2|Umbreon, L50, M|\n|poke|p2|Armarouge, L50, F|\n|poke|p2|Ogerpon-Cornerstone, L50, F|\n|poke|p2|Raging Bolt, L50|\n|teampreview|4\n|inactive|Battle timer is ON: inactive players will automatically lose when time's up. (requested by bluestraggler01)\nbluestraggler01 rejected open team sheets.\n|j| rdchtfvjh\n|inactive|Macmood786TTV has 60 seconds left.\n|c|\u2606Macmood786TTV|hi glhf\n|inactive|Macmood786TTV has 30 seconds left.\n|j| takahashi523\n|inactive|Macmood786TTV has 20 seconds left.\n|inactive|Macmood786TTV has 15 seconds left.\n|\n|t:|1738131716\n|start\n|switch|p1a: Tornadus|Tornadus, L50, M|100\/100\n|switch|p1b: Kyogre|Kyogre, L50|100\/100\n|switch|p2a: Flutter Mane|Flutter Mane, L50|100\/100\n|switch|p2b: Ogerpon|Ogerpon-Cornerstone, L50, F|100\/100\n|-weather|RainDance|[from] ability: Drizzle|[of] p1b: Kyogre\n|turn|1\n|\n|t:|1738131729\n|move|p1a: Tornadus|Tailwind|p1a: Tornadus\n|-sidestart|p1: Macmood786TTV|move: Tailwind\n|move|p1b: Kyogre|Water Spout|p2b: Ogerpon|[spread] p2a,p2b\n|-enditem|p2a: Flutter Mane|Focus Sash\n|-damage|p2a: Flutter Mane|1\/100\n|-ability|p2b: Ogerpon|Sturdy\n|-damage|p2b: Ogerpon|1\/100\n|move|p2a: Flutter Mane|Icy Wind|p1a: Tornadus|[spread] p1a,p1b\n|-supereffective|p1a: Tornadus\n|-resisted|p1b: Kyogre\n|-damage|p1a: Tornadus|59\/100\n|-damage|p1b: Kyogre|94\/100\n|-unboost|p1a: Tornadus|spe|1\n|-unboost|p1b: Kyogre|spe|1\n|move|p2b: Ogerpon|Ivy Cudgel|p1a: Tornadus|[anim] Ivy Cudgel Rock\n|-supereffective|p1a: Tornadus\n|-damage|p1a: Tornadus|0 fnt\n|faint|p1a: Tornadus\n|\n|-weather|RainDance|[upkeep]\n|upkeep\n|\n|t:|1738131751\n|switch|p1a: Landorus|Landorus, L50, M|100\/100\n|turn|2\n|\n|t:|1738131759\n|move|p2b: Ogerpon|Spiky Shield|p2b: Ogerpon\n|-singleturn|p2b: Ogerpon|move: Protect\n|move|p1a: Landorus|Sandsear Storm|p2a: Flutter Mane|[spread] p2a\n|-activate|p2b: Ogerpon|move: Protect\n|-damage|p2a: Flutter Mane|0 fnt\n|faint|p2a: Flutter Mane\n|-end|p2a: Flutter Mane|Protosynthesis|[silent]\n|move|p1b: Kyogre|Water Spout|p2b: Ogerpon\n|-activate|p2b: Ogerpon|move: Protect\n|\n|-weather|RainDance|[upkeep]\n|upkeep\n|\n|t:|1738131775\n|switch|p2a: Raging Bolt|Raging Bolt, L50|100\/100\n|turn|3\n|\n|t:|1738131795\n|switch|p2b: Koraidon|Koraidon, L50|100\/100\n|-weather|SunnyDay|[from] ability: Orichalcum Pulse|[of] p2b: Koraidon\n|-activate|p2a: Raging Bolt|ability: Protosynthesis\n|-start|p2a: Raging Bolt|protosynthesisspa\n|-activate|p2b: Koraidon|Orichalcum Pulse|[source]\n|-terastallize|p1b: Kyogre|Grass\n|-terastallize|p2a: Raging Bolt|Fairy\n|move|p1a: Landorus|Sandsear Storm|p2a: Raging Bolt|[spread] p2a\n|-miss|p1a: Landorus|p2b: Koraidon\n|-damage|p2a: Raging Bolt|50\/100\n|move|p1b: Kyogre|Water Spout|p2a: Raging Bolt|[spread] p2a,p2b\n|-resisted|p2b: Koraidon\n|-damage|p2a: Raging Bolt|12\/100\n|-damage|p2b: Koraidon|87\/100\n|move|p2a: Raging Bolt|Draco Meteor|p1a: Landorus\n|-damage|p1a: Landorus|0 fnt\n|-unboost|p2a: Raging Bolt|spa|2\n|faint|p1a: Landorus\n|-damage|p2a: Raging Bolt|2\/100|[from] item: Life Orb\n|\n|-weather|SunnyDay|[upkeep]\n|upkeep\n|\n|t:|1738131819\n|switch|p1a: Urshifu|Urshifu, L50, M|100\/100\n|turn|4\n|\n|t:|1738131836\n|move|p2a: Raging Bolt|Thunderclap|p1a: Urshifu\n|-damage|p1a: Urshifu|51\/100\n|-damage|p2a: Raging Bolt|0 fnt|[from] item: Life Orb\n|faint|p2a: Raging Bolt\n|-end|p2a: Raging Bolt|Protosynthesis|[silent]\n|move|p1a: Urshifu|Wicked Blow|p2b: Koraidon\n|-resisted|p2b: Koraidon\n|-crit|p2b: Koraidon\n|-damage|p2b: Koraidon|61\/100\n|move|p1b: Kyogre|Water Spout|p2b: Koraidon\n|-resisted|p2b: Koraidon\n|-damage|p2b: Koraidon|44\/100\n|move|p2b: Koraidon|Flare Blitz|p1b: Kyogre\n|-supereffective|p1b: Kyogre\n|-damage|p1b: Kyogre|0 fnt\n|faint|p1b: Kyogre\n|-damage|p2b: Koraidon|17\/100|[from] Recoil\n|\n|-weather|SunnyDay|[upkeep]\n|-sideend|p1: Macmood786TTV|move: Tailwind\n|upkeep\n|\n|t:|1738131839\n|switch|p2a: Ogerpon|Ogerpon-Cornerstone, L50, F|1\/100\n|turn|5\n|c|\u2606Macmood786TTV|lol im an idiot\n|c|\u2606Macmood786TTV|says fighting\n|inactive|Macmood786TTV has 30 seconds left.\n|inactive|Macmood786TTV has 20 seconds left.\n|c|\u2606Macmood786TTV|i keep thinking it fire drag\n|inactive|Macmood786TTV has 15 seconds left.\n|\n|t:|1738131881\n|move|p2a: Ogerpon|Follow Me|p2a: Ogerpon\n|-singleturn|p2a: Ogerpon|move: Follow Me\n|move|p1a: Urshifu|Wicked Blow|p2a: Ogerpon\n|-crit|p2a: Ogerpon\n|-damage|p2a: Ogerpon|0 fnt\n|faint|p2a: Ogerpon\n|move|p2b: Koraidon|Drain Punch|p1a: Urshifu\n|-supereffective|p1a: Urshifu\n|-damage|p1a: Urshifu|0 fnt\n|-heal|p2b: Koraidon|39\/100|[from] drain|[of] p1a: Urshifu\n|faint|p1a: Urshifu\n|\n|win|bluestraggler01\n|raw|Macmood786TTV's rating: 1564 &rarr; <strong>1547<\/strong><br \/>(-17 for losing)\n|raw|bluestraggler01's rating: 1614 &rarr; <strong>1631<\/strong><br \/>(+17 for winning)\n|l|\u2606bluestraggler01\n|player|p2|\n|l|\u2606Macmood786TTV\n|player|p1|\n|l| takahashi523\n|l| rdchtfvjh\n","uploadtime":1738132066,"views":8,"formatid":"gen9vgc2025regg","rating":1547,"private":0,"password":null}