{"id":"gen9vgc2025regg-2290851166","format":"[Gen 9] VGC 2025 Reg G","players":["Saltwater7","kjfhjkvhjh"],"log":"|j|\u2606Saltwater7\n|j|\u2606kjfhjkvhjh\n|t:|1738196961\n|gametype|doubles\n|player|p1|Saltwater7|170|1639\n|player|p2|kjfhjkvhjh|iris-gen5bw2|1570\n|teamsize|p1|6\n|teamsize|p2|6\n|gen|9\n|tier|[Gen 9] VGC 2025 Reg G\n|rated|\n|rule|Species Clause: Limit one of each Pok\u00e9mon\n|rule|Item Clause: Limit 1 of each item\n|clearpoke\n|poke|p1|Urshifu-*, L50, F|\n|poke|p1|Roaring Moon, L50|\n|poke|p1|Amoonguss, L50, M|\n|poke|p1|Landorus, L50, M|\n|poke|p1|Calyrex-Ice, L50|\n|poke|p1|Ogerpon-Hearthflame, L50, F|\n|poke|p2|Grimmsnarl, L50, M|\n|poke|p2|Calyrex-Shadow, L50|\n|poke|p2|Clefairy, L50, F|\n|poke|p2|Annihilape, L50, M|\n|poke|p2|Incineroar, L50, M|\n|poke|p2|Raging Bolt, L50|\n|teampreview|4\n|inactive|Battle timer is ON: inactive players will automatically lose when time's up. (requested by Saltwater7)\n|inactive|Saltwater7 has 60 seconds left.\n|\n|t:|1738197007\n|start\n|switch|p1a: Roaring Moon|Roaring Moon, L50|100\/100\n|switch|p1b: Landorus|Landorus, L50, M|100\/100\n|switch|p2a: Incineroar|Incineroar, L50, M|100\/100\n|switch|p2b: Grimmsnarl|Grimmsnarl, L50, M|100\/100\n|-ability|p2a: Incineroar|Intimidate|boost\n|-unboost|p1a: Roaring Moon|atk|1\n|-unboost|p1b: Landorus|atk|1\n|-enditem|p1a: Roaring Moon|Booster Energy\n|-activate|p1a: Roaring Moon|ability: Protosynthesis|[fromitem]\n|-start|p1a: Roaring Moon|protosynthesisspe\n|turn|1\n|inactive|Saltwater7 has 30 seconds left.\n|inactive|kjfhjkvhjh has 30 seconds left.\n|\n|t:|1738197037\n|switch|p1b: Urshifu|Urshifu-Rapid-Strike, L50, F|100\/100\n|move|p1a: Roaring Moon|Protect|p1a: Roaring Moon\n|-singleturn|p1a: Roaring Moon|Protect\n|move|p2a: Incineroar|Fake Out|p1b: Urshifu\n|-damage|p1b: Urshifu|91\/100\n|move|p2b: Grimmsnarl|Light Screen|p2b: Grimmsnarl\n|-sidestart|p2: kjfhjkvhjh|move: Light Screen\n|\n|upkeep\n|turn|2\n|\n|t:|1738197058\n|move|p2b: Grimmsnarl|Reflect|p2b: Grimmsnarl\n|-sidestart|p2: kjfhjkvhjh|Reflect\n|move|p1a: Roaring Moon|Knock Off|p2a: Incineroar\n|-resisted|p2a: Incineroar\n|-damage|p2a: Incineroar|94\/100\n|-damage|p1a: Roaring Moon|84\/100|[from] item: Rocky Helmet|[of] p2a: Incineroar\n|-enditem|p2a: Incineroar|Rocky Helmet|[from] move: Knock Off|[of] p1a: Roaring Moon\n|move|p1b: Urshifu|Surging Strikes|p2b: Grimmsnarl\n|-crit|p2b: Grimmsnarl\n|-damage|p2b: Grimmsnarl|81\/100\n|-crit|p2b: Grimmsnarl\n|-damage|p2b: Grimmsnarl|58\/100\n|-crit|p2b: Grimmsnarl\n|-damage|p2b: Grimmsnarl|36\/100\n|-hitcount|p2b: Grimmsnarl|3\n|move|p2a: Incineroar|Will-O-Wisp|p1b: Urshifu\n|-status|p1b: Urshifu|brn\n|\n|-damage|p1b: Urshifu|85\/100 brn|[from] brn\n|upkeep\n|turn|3\n|inactive|Saltwater7 has 30 seconds left.\n|inactive|kjfhjkvhjh has 30 seconds left.\n|\n|t:|1738197093\n|move|p1a: Roaring Moon|Protect|p1a: Roaring Moon\n|-singleturn|p1a: Roaring Moon|Protect\n|move|p1b: Urshifu|Surging Strikes|p2a: Incineroar\n|-supereffective|p2a: Incineroar\n|-crit|p2a: Incineroar\n|-damage|p2a: Incineroar|75\/100\n|-supereffective|p2a: Incineroar\n|-crit|p2a: Incineroar\n|-damage|p2a: Incineroar|57\/100\n|-supereffective|p2a: Incineroar\n|-crit|p2a: Incineroar\n|-damage|p2a: Incineroar|39\/100\n|-hitcount|p2a: Incineroar|3\n|move|p2b: Grimmsnarl|Spirit Break|p1a: Roaring Moon\n|-activate|p1a: Roaring Moon|move: Protect\n|move|p2a: Incineroar|Parting Shot|p1b: Urshifu\n|-unboost|p1b: Urshifu|atk|1\n|-unboost|p1b: Urshifu|spa|1\n|\n|t:|1738197098\n|switch|p2a: Calyrex|Calyrex-Shadow, L50|100\/100|[from] Parting Shot\n|-ability|p2a: Calyrex|As One\n|-ability|p2a: Calyrex|Unnerve\n|\n|-damage|p1b: Urshifu|79\/100 brn|[from] brn\n|upkeep\n|turn|4\n|inactive|Saltwater7 has 30 seconds left.\n|\n|t:|1738197125\n|switch|p2b: Incineroar|Incineroar, L50, M|39\/100\n|-ability|p2b: Incineroar|Intimidate|boost\n|-unboost|p1a: Roaring Moon|atk|1\n|-unboost|p1b: Urshifu|atk|1\n|-terastallize|p2a: Calyrex|Fairy\n|move|p1a: Roaring Moon|Tailwind|p1a: Roaring Moon\n|-sidestart|p1: Saltwater7|move: Tailwind\n|move|p1b: Urshifu|Surging Strikes|p2b: Incineroar\n|-supereffective|p2b: Incineroar\n|-crit|p2b: Incineroar\n|-damage|p2b: Incineroar|19\/100\n|-supereffective|p2b: Incineroar\n|-crit|p2b: Incineroar\n|-damage|p2b: Incineroar|1\/100\n|-supereffective|p2b: Incineroar\n|-crit|p2b: Incineroar\n|-damage|p2b: Incineroar|0 fnt\n|faint|p2b: Incineroar\n|-hitcount|p2: Incineroar|3\n|move|p2a: Calyrex|Nasty Plot|p2a: Calyrex\n|-boost|p2a: Calyrex|spa|2\n|\n|-damage|p1b: Urshifu|73\/100 brn|[from] brn\n|upkeep\n|\n|t:|1738197141\n|switch|p2b: Grimmsnarl|Grimmsnarl, L50, M|36\/100\n|turn|5\n|\n|t:|1738197150\n|move|p1a: Roaring Moon|Knock Off|p2a: Calyrex\n|-resisted|p2a: Calyrex\n|-damage|p2a: Calyrex|94\/100\n|-enditem|p2a: Calyrex|Leftovers|[from] move: Knock Off|[of] p1a: Roaring Moon\n|move|p1b: Urshifu|Surging Strikes|p2b: Grimmsnarl\n|-crit|p2b: Grimmsnarl\n|-damage|p2b: Grimmsnarl|25\/100\n|-crit|p2b: Grimmsnarl\n|-damage|p2b: Grimmsnarl|16\/100\n|-crit|p2b: Grimmsnarl\n|-damage|p2b: Grimmsnarl|6\/100\n|-hitcount|p2b: Grimmsnarl|3\n|move|p2a: Calyrex|Draining Kiss|p1a: Roaring Moon\n|-supereffective|p1a: Roaring Moon\n|-damage|p1a: Roaring Moon|0 fnt\n|-heal|p2a: Calyrex|100\/100|[from] drain|[of] p1a: Roaring Moon\n|faint|p1a: Roaring Moon\n|-end|p1a: Roaring Moon|Protosynthesis|[silent]\n|-ability|p2a: Calyrex|Grim Neigh|boost\n|-boost|p2a: Calyrex|spa|1\n|move|p2b: Grimmsnarl|Spirit Break|p1b: Urshifu\n|-supereffective|p1b: Urshifu\n|-damage|p1b: Urshifu|18\/100 brn\n|-unboost|p1b: Urshifu|spa|1\n|\n|-damage|p1b: Urshifu|12\/100 brn|[from] brn\n|upkeep\n|\n|t:|1738197173\n|switch|p1a: Landorus|Landorus, L50, M|100\/100\n|turn|6\n|\n|t:|1738197185\n|switch|p2b: Clefairy|Clefairy, L50, F|100\/100\n|-terastallize|p1b: Urshifu|Water\n|move|p1a: Landorus|Sludge Bomb|p2a: Calyrex\n|-supereffective|p2a: Calyrex\n|-damage|p2a: Calyrex|58\/100\n|move|p1b: Urshifu|Surging Strikes|p2a: Calyrex\n|-crit|p2a: Calyrex\n|-damage|p2a: Calyrex|49\/100\n|-crit|p2a: Calyrex\n|-damage|p2a: Calyrex|40\/100\n|-crit|p2a: Calyrex\n|-damage|p2a: Calyrex|29\/100\n|-hitcount|p2a: Calyrex|3\n|move|p2a: Calyrex|Astral Barrage|p1a: Landorus|[spread] p1a,p1b\n|-damage|p1a: Landorus|0 fnt\n|-damage|p1b: Urshifu|0 fnt\n|faint|p1a: Landorus\n|faint|p1b: Urshifu\n|-ability|p2a: Calyrex|Grim Neigh|boost\n|-boost|p2a: Calyrex|spa|2\n|\n|upkeep\n|-message|Saltwater7 forfeited.\n|\n|win|kjfhjkvhjh\n|raw|Saltwater7's rating: 1639 &rarr; <strong>1615<\/strong><br \/>(-24 for losing)\n|raw|kjfhjkvhjh's rating: 1570 &rarr; <strong>1594<\/strong><br \/>(+24 for winning)\n|l|\u2606Saltwater7\n|player|p1|\n|l|\u2606kjfhjkvhjh\n|player|p2|\n","uploadtime":1738197426,"views":8,"formatid":"gen9vgc2025regg","rating":1594,"private":0,"password":null}