{"id":"gen9vgc2025regg-2290108743","format":"[Gen 9] VGC 2025 Reg G","players":["onsoni","Michael Glick"],"log":"|j|\u2606onsoni\n|j|\u2606Michael Glick\n|t:|1738099551\n|gametype|doubles\n|player|p1|onsoni|hilda-wonderlauncher|1728\n|player|p2|Michael Glick|170|1679\n|teamsize|p1|6\n|teamsize|p2|6\n|gen|9\n|tier|[Gen 9] VGC 2025 Reg G\n|rated|\n|rule|Species Clause: Limit one of each Pok\u00e9mon\n|rule|Item Clause: Limit 1 of each item\n|clearpoke\n|poke|p1|Koraidon, L50|\n|poke|p1|Iron Hands, L50|\n|poke|p1|Flutter Mane, L50|\n|poke|p1|Chi-Yu, L50|\n|poke|p1|Whimsicott, L50, M|\n|poke|p1|Raging Bolt, L50|\n|poke|p2|Terapagos, L50, M|\n|poke|p2|Tinkaton, L50, F|\n|poke|p2|Basculegion, L50, M|\n|poke|p2|Amoonguss, L50, M|\n|poke|p2|Pelipper, L50, F|\n|poke|p2|Landorus, L50, M|\n|teampreview|4\n|inactive|Battle timer is ON: inactive players will automatically lose when time's up. (requested by Michael Glick)\n|inactive|onsoni has 60 seconds left.\n|\n|t:|1738099602\n|start\n|switch|p1a: Flutter Mane|Flutter Mane, L50|100\/100\n|switch|p1b: Whimsicott|Whimsicott, L50, M, shiny|100\/100\n|switch|p2a: Tinkaton|Tinkaton, L50, F|100\/100\n|switch|p2b: Landorus|Landorus, L50, M|100\/100\n|-ability|p2a: Tinkaton|Mold Breaker\n|turn|1\n|\n|t:|1738099626\n|switch|p1b: Koraidon|Koraidon, L50|100\/100\n|-weather|SunnyDay|[from] ability: Orichalcum Pulse|[of] p1b: Koraidon\n|-activate|p1a: Flutter Mane|ability: Protosynthesis\n|-start|p1a: Flutter Mane|protosynthesisspa\n|-activate|p1b: Koraidon|Orichalcum Pulse|[source]\n|move|p2b: Landorus|Sludge Bomb|p1b: Koraidon\n|-damage|p1b: Koraidon|63\/100\n|move|p2a: Tinkaton|Gigaton Hammer|p1a: Flutter Mane\n|-supereffective|p1a: Flutter Mane\n|-damage|p1a: Flutter Mane|0 fnt\n|faint|p1a: Flutter Mane\n|-end|p1a: Flutter Mane|Protosynthesis|[silent]\n|\n|-weather|SunnyDay|[upkeep]\n|upkeep\n|\n|t:|1738099644\n|switch|p1a: Iron Hands|Iron Hands, L50|100\/100\n|turn|2\n|\n|t:|1738099654\n|switch|p2b: Basculegion|Basculegion, L50, M|100\/100\n|switch|p2a: Pelipper|Pelipper, L50, F|100\/100\n|-weather|RainDance|[from] ability: Drizzle|[of] p2a: Pelipper\n|move|p1a: Iron Hands|Fake Out|p2a: Pelipper\n|-damage|p2a: Pelipper|78\/100\n|move|p1b: Koraidon|Scale Shot|p2b: Basculegion\n|-damage|p2b: Basculegion|80\/100\n|-damage|p2b: Basculegion|62\/100\n|-crit|p2b: Basculegion\n|-damage|p2b: Basculegion|35\/100\n|-damage|p2b: Basculegion|17\/100\n|-damage|p2b: Basculegion|0 fnt\n|faint|p2b: Basculegion\n|-hitcount|p2: Basculegion|5\n|-unboost|p1b: Koraidon|def|1\n|-boost|p1b: Koraidon|spe|1\n|\n|-weather|RainDance|[upkeep]\n|upkeep\n|\n|t:|1738099674\n|switch|p2b: Tinkaton|Tinkaton, L50, F|100\/100\n|-ability|p2b: Tinkaton|Mold Breaker\n|turn|3\n|\n|t:|1738099691\n|move|p1b: Koraidon|Protect|p1b: Koraidon\n|-singleturn|p1b: Koraidon|Protect\n|move|p2b: Tinkaton|Feint|p1b: Koraidon\n|-activate|p1b: Koraidon|move: Feint\n|-damage|p1b: Koraidon|55\/100\n|move|p2a: Pelipper|Hurricane|p1b: Koraidon\n|-supereffective|p1b: Koraidon\n|-damage|p1b: Koraidon|0 fnt\n|faint|p1b: Koraidon\n|move|p1a: Iron Hands|Wild Charge|p2a: Pelipper\n|-supereffective|p2a: Pelipper\n|-damage|p2a: Pelipper|0 fnt\n|faint|p2a: Pelipper\n|-damage|p1a: Iron Hands|89\/100|[from] Recoil\n|\n|-weather|RainDance|[upkeep]\n|upkeep\n|\n|t:|1738099703\n|switch|p1b: Whimsicott|Whimsicott, L50, M, shiny|100\/100\n|switch|p2a: Landorus|Landorus, L50, M|100\/100\n|turn|4\n|j| jdarcan\n|j| OSHAMane\n|inactive|onsoni has 30 seconds left.\n|inactive|onsoni has 20 seconds left.\n|inactive|onsoni has 15 seconds left.\n|inactive|onsoni has 10 seconds left.\n|\n|t:|1738099752\n|-terastallize|p1a: Iron Hands|Grass\n|move|p1b: Whimsicott|Encore|p2b: Tinkaton\n|-start|p2b: Tinkaton|Encore\n|move|p2a: Landorus|Earth Power|p1a: Iron Hands\n|-resisted|p1a: Iron Hands\n|-damage|p1a: Iron Hands|71\/100\n|move|p2b: Tinkaton|Feint|p1a: Iron Hands\n|-damage|p1a: Iron Hands|65\/100\n|move|p1a: Iron Hands|Low Kick|p2a: Landorus\n|-resisted|p2a: Landorus\n|-damage|p2a: Landorus|71\/100\n|\n|-weather|RainDance|[upkeep]\n|upkeep\n|turn|5\n|\n|t:|1738099776\n|move|p2b: Tinkaton|Feint|p1b: Whimsicott\n|-damage|p1b: Whimsicott|92\/100\n|move|p2a: Landorus|Earth Power|p1b: Whimsicott\n|-resisted|p1b: Whimsicott\n|-damage|p1b: Whimsicott|49\/100\n|move|p1b: Whimsicott|Moonblast|p2a: Landorus\n|-damage|p2a: Landorus|19\/100\n|-unboost|p2a: Landorus|spa|1\n|move|p1a: Iron Hands|Low Kick|p2a: Landorus\n|-resisted|p2a: Landorus\n|-damage|p2a: Landorus|0 fnt\n|faint|p2a: Landorus\n|\n|-weather|RainDance|[upkeep]\n|upkeep\n|turn|6\n|-message|Michael Glick forfeited.\n|\n|win|onsoni\n|raw|onsoni's rating: 1728 &rarr; <strong>1745<\/strong><br \/>(+17 for winning)\n|raw|Michael Glick's rating: 1679 &rarr; <strong>1662<\/strong><br \/>(-17 for losing)\n|l|\u2606Michael Glick\n|player|p2|\n|l|\u2606onsoni\n|player|p1|\n|l| OSHAMane\n","uploadtime":1738099941,"views":17,"formatid":"gen9vgc2025regg","rating":1662,"private":0,"password":null}