{"id":"gen9vgc2025regg-2290477139","format":"[Gen 9] VGC 2025 Reg G","players":["meiose","onsoni"],"log":"|j|\u2606meiose\n|j|\u2606onsoni\n|t:|1738157774\n|gametype|doubles\n|player|p1|meiose|schoolkid-gen4|1531\n|player|p2|onsoni|hilda-wonderlauncher|1580\n|teamsize|p1|6\n|teamsize|p2|6\n|gen|9\n|tier|[Gen 9] VGC 2025 Reg G\n|rated|\n|rule|Species Clause: Limit one of each Pok\u00e9mon\n|rule|Item Clause: Limit 1 of each item\n|clearpoke\n|poke|p1|Zamazenta-*, L50|\n|poke|p1|Chien-Pao, L50|\n|poke|p1|Urshifu-*, L50, M|\n|poke|p1|Entei, L50|\n|poke|p1|Raging Bolt, L50|\n|poke|p1|Landorus, L50, M|\n|poke|p2|Koraidon, L50|\n|poke|p2|Iron Hands, L50|\n|poke|p2|Flutter Mane, L50|\n|poke|p2|Chi-Yu, L50|\n|poke|p2|Whimsicott, L50, F|\n|poke|p2|Raging Bolt, L50|\n|teampreview|4\n|\n|t:|1738157808\n|start\n|switch|p1a: Entei|Entei, L50|100\/100\n|switch|p1b: Raging Bolt|Raging Bolt, L50|100\/100\n|switch|p2a: Iron Hands|Iron Hands, L50|100\/100\n|switch|p2b: Whimsicott|Whimsicott, L50, F, shiny|100\/100\n|turn|1\n|\n|t:|1738157857\n|-end|p1b: Raging Bolt|Protosynthesis|[silent]\n|switch|p1b: Landorus|Landorus, L50, M|100\/100\n|move|p2a: Iron Hands|Fake Out|p1b: Landorus\n|-damage|p1b: Landorus|83\/100\n|move|p1a: Entei|Sacred Fire|p2b: Whimsicott\n|-supereffective|p2b: Whimsicott\n|-enditem|p2b: Whimsicott|Focus Sash\n|-damage|p2b: Whimsicott|1\/100\n|-status|p2b: Whimsicott|brn\n|-damage|p1a: Entei|90\/100|[from] item: Life Orb\n|move|p2b: Whimsicott|Trick Room|p2b: Whimsicott\n|-fieldstart|move: Trick Room|[of] p2b: Whimsicott\n|\n|-damage|p2b: Whimsicott|0 fnt|[from] brn\n|faint|p2b: Whimsicott\n|upkeep\n|\n|t:|1738157879\n|switch|p2b: Raging Bolt|Raging Bolt, L50|100\/100\n|turn|2\n|\n|t:|1738157905\n|move|p2a: Iron Hands|Low Kick|p1a: Entei\n|-damage|p1a: Entei|27\/100\n|move|p2b: Raging Bolt|Draco Meteor|p1b: Landorus\n|-damage|p1b: Landorus|0 fnt\n|-unboost|p2b: Raging Bolt|spa|2\n|faint|p1b: Landorus\n|-damage|p2b: Raging Bolt|91\/100|[from] item: Life Orb\n|move|p1a: Entei|Sacred Fire|p2a: Iron Hands\n|-damage|p2a: Iron Hands|53\/100\n|-damage|p1a: Entei|17\/100|[from] item: Life Orb\n|\n|upkeep\n|\n|t:|1738157913\n|switch|p1b: Raging Bolt|Raging Bolt, L50|100\/100\n|turn|3\n|\n|t:|1738157939\n|-terastallize|p1b: Raging Bolt|Fairy\n|move|p1a: Entei|Protect|p1a: Entei\n|-singleturn|p1a: Entei|Protect\n|move|p2a: Iron Hands|Low Kick|p1b: Raging Bolt\n|-resisted|p1b: Raging Bolt\n|-damage|p1b: Raging Bolt|76\/100\n|move|p2b: Raging Bolt|Draco Meteor|p1b: Raging Bolt\n|-immune|p1b: Raging Bolt\n|move|p1b: Raging Bolt|Dragon Pulse|p2a: Iron Hands\n|-damage|p2a: Iron Hands|26\/100\n|\n|upkeep\n|turn|4\n|\n|t:|1738157982\n|-end|p2b: Raging Bolt|Protosynthesis|[silent]\n|switch|p2b: Koraidon|Koraidon, L50|100\/100\n|-weather|SunnyDay|[from] ability: Orichalcum Pulse|[of] p2b: Koraidon\n|-activate|p1b: Raging Bolt|ability: Protosynthesis\n|-start|p1b: Raging Bolt|protosynthesisspa\n|-activate|p2b: Koraidon|Orichalcum Pulse|[source]\n|move|p1a: Entei|Extreme Speed|p2a: Iron Hands\n|-damage|p2a: Iron Hands|4\/100\n|-damage|p1a: Entei|7\/100|[from] item: Life Orb\n|move|p2a: Iron Hands|Wild Charge|p1b: Raging Bolt\n|-damage|p1b: Raging Bolt|39\/100\n|-damage|p2a: Iron Hands|0 fnt|[from] Recoil\n|faint|p2a: Iron Hands\n|-end|p2a: Iron Hands|Quark Drive|[silent]\n|move|p1b: Raging Bolt|Dragon Pulse|p2b: Koraidon\n|-supereffective|p2b: Koraidon\n|-damage|p2b: Koraidon|4\/100\n|\n|-weather|SunnyDay|[upkeep]\n|upkeep\n|\n|t:|1738158002\n|switch|p2a: Raging Bolt|Raging Bolt, L50|91\/100\n|-activate|p2a: Raging Bolt|ability: Protosynthesis\n|-start|p2a: Raging Bolt|protosynthesisspa\n|turn|5\n|\n|t:|1738158027\n|move|p2b: Koraidon|Protect|p2b: Koraidon\n|-singleturn|p2b: Koraidon|Protect\n|move|p1a: Entei|Extreme Speed|p2b: Koraidon\n|-activate|p2b: Koraidon|move: Protect\n|move|p2a: Raging Bolt|Thunderbolt|p1b: Raging Bolt\n|-damage|p1b: Raging Bolt|0 fnt\n|faint|p1b: Raging Bolt\n|-end|p1b: Raging Bolt|Protosynthesis|[silent]\n|-damage|p2a: Raging Bolt|81\/100|[from] item: Life Orb\n|\n|-weather|SunnyDay|[upkeep]\n|-fieldend|move: Trick Room\n|upkeep\n|\n|t:|1738158030\n|switch|p1b: Chien-Pao|Chien-Pao, L50|100\/100\n|-ability|p1b: Chien-Pao|Sword of Ruin\n|turn|6\n|inactive|Battle timer is ON: inactive players will automatically lose when time's up. (requested by meiose)\n|\n|t:|1738158078\n|-terastallize|p2a: Raging Bolt|Fire\n|move|p1a: Entei|Extreme Speed|p2b: Koraidon\n|-damage|p2b: Koraidon|0 fnt\n|faint|p2b: Koraidon\n|-damage|p1a: Entei|0 fnt|[from] item: Life Orb\n|faint|p1a: Entei\n|move|p1b: Chien-Pao|Ice Spinner|p2a: Raging Bolt\n|-resisted|p2a: Raging Bolt\n|-damage|p2a: Raging Bolt|59\/100\n|move|p2a: Raging Bolt|Weather Ball|p1b: Chien-Pao\n|-supereffective|p1b: Chien-Pao\n|-enditem|p1b: Chien-Pao|Focus Sash\n|-damage|p1b: Chien-Pao|1\/100\n|-damage|p2a: Raging Bolt|49\/100|[from] item: Life Orb\n|\n|-weather|SunnyDay|[upkeep]\n|upkeep\n|turn|7\n|\n|t:|1738158099\n|move|p1b: Chien-Pao|Sucker Punch|p2a: Raging Bolt\n|-damage|p2a: Raging Bolt|10\/100\n|move|p2a: Raging Bolt|Weather Ball|p1b: Chien-Pao\n|-supereffective|p1b: Chien-Pao\n|-damage|p1b: Chien-Pao|0 fnt\n|faint|p1b: Chien-Pao\n|-damage|p2a: Raging Bolt|0 fnt|[from] item: Life Orb\n|faint|p2a: Raging Bolt\n|-end|p2a: Raging Bolt|Protosynthesis|[silent]\n|\n|win|onsoni\n|raw|meiose's rating: 1571 &rarr; <strong>1552<\/strong><br \/>(-19 for losing)\n|raw|onsoni's rating: 1580 &rarr; <strong>1599<\/strong><br \/>(+19 for winning)\n|l|\u2606meiose\n|player|p1|\n|l|\u2606onsoni\n|player|p2|\n","uploadtime":1738158252,"views":40,"formatid":"gen9vgc2025regg","rating":1552,"private":0,"password":null}