{"id":"gen9vgc2025regg-2290931002","format":"[Gen 9] VGC 2025 Reg G","players":["infinitygroudon","squiddiam"],"log":"|j|\u2606infinitygroudon\n|j|\u2606squiddiam\n|t:|1738207549\n|gametype|doubles\n|player|p1|infinitygroudon|265|1574\n|player|p2|squiddiam|pokemonranger-gen4|1591\n|teamsize|p1|6\n|teamsize|p2|6\n|gen|9\n|tier|[Gen 9] VGC 2025 Reg G\n|rated|\n|rule|Species Clause: Limit one of each Pok\u00e9mon\n|rule|Item Clause: Limit 1 of each item\n|clearpoke\n|poke|p1|Calyrex-Shadow, L50|\n|poke|p1|Incineroar, L50, M|\n|poke|p1|Weezing-Galar, L50, M|\n|poke|p1|Indeedee-F, L50, F|\n|poke|p1|Iron Valiant, L50|\n|poke|p1|Ursaluna-Bloodmoon, L50, M|\n|poke|p2|Zamazenta-*, L50|\n|poke|p2|Chi-Yu, L50|\n|poke|p2|Urshifu-*, L50, M|\n|poke|p2|Flutter Mane, L50|\n|poke|p2|Chien-Pao, L50|\n|poke|p2|Amoonguss, L50, F|\n|teampreview|4\n|\n|t:|1738207594\n|start\n|switch|p1a: Charming|Iron Valiant, L50, shiny|100\/100\n|switch|p1b: Duncan|Calyrex-Shadow, L50|100\/100\n|switch|p2a: Chi-Yu|Chi-Yu, L50|100\/100\n|switch|p2b: Zamazenta|Zamazenta-Crowned, L50|100\/100\n|-ability|p1b: Duncan|As One\n|-ability|p1b: Duncan|Unnerve\n|-ability|p2a: Chi-Yu|Beads of Ruin\n|-ability|p2b: Zamazenta|Dauntless Shield|boost\n|-boost|p2b: Zamazenta|def|1\n|-enditem|p1a: Charming|Booster Energy\n|-activate|p1a: Charming|ability: Quark Drive|[fromitem]\n|-start|p1a: Charming|quarkdrivespe\n|turn|1\n|\n|t:|1738207608\n|-terastallize|p1b: Duncan|Normal\n|move|p2b: Zamazenta|Wide Guard|p2b: Zamazenta\n|-singleturn|p2b: Zamazenta|Wide Guard\n|move|p1a: Charming|Close Combat|p2b: Zamazenta\n|-supereffective|p2b: Zamazenta\n|-damage|p2b: Zamazenta|47\/100\n|-unboost|p1a: Charming|def|1\n|-unboost|p1a: Charming|spd|1\n|move|p2a: Chi-Yu|Dark Pulse|p1b: Duncan\n|-damage|p1b: Duncan|46\/100\n|move|p1b: Duncan|Expanding Force|p2b: Zamazenta\n|-damage|p2b: Zamazenta|0 fnt\n|faint|p2b: Zamazenta\n|-ability|p1b: Duncan|Grim Neigh|boost\n|-boost|p1b: Duncan|spa|1\n|-damage|p1b: Duncan|36\/100|[from] item: Life Orb\n|\n|upkeep\n|\n|t:|1738207629\n|switch|p2b: Flutter Mane|Flutter Mane, L50|100\/100\n|-enditem|p2b: Flutter Mane|Booster Energy\n|-activate|p2b: Flutter Mane|ability: Protosynthesis|[fromitem]\n|-start|p2b: Flutter Mane|protosynthesisspe\n|turn|2\n|\n|t:|1738207656\n|move|p1b: Duncan|Protect|p1b: Duncan\n|-singleturn|p1b: Duncan|Protect\n|move|p2b: Flutter Mane|Moonblast|p1a: Charming\n|-supereffective|p1a: Charming\n|-damage|p1a: Charming|0 fnt\n|faint|p1a: Charming\n|-end|p1a: Charming|Quark Drive|[silent]\n|move|p2a: Chi-Yu|Dark Pulse|p1b: Duncan\n|-activate|p1b: Duncan|move: Protect\n|\n|upkeep\n|\n|t:|1738207670\n|switch|p1a: Suthen|Indeedee-F, L50, F|100\/100\n|-fieldstart|move: Psychic Terrain|[from] ability: Psychic Surge|[of] p1a: Suthen\n|turn|3\n|\n|t:|1738207682\n|move|p2b: Flutter Mane|Protect|p2b: Flutter Mane\n|-singleturn|p2b: Flutter Mane|Protect\n|move|p1a: Suthen|Follow Me|p1a: Suthen\n|-singleturn|p1a: Suthen|move: Follow Me\n|move|p2a: Chi-Yu|Dark Pulse|p1a: Suthen\n|-supereffective|p1a: Suthen\n|-damage|p1a: Suthen|9\/100\n|move|p1b: Duncan|Astral Barrage|p2a: Chi-Yu|[spread] p2a\n|-activate|p2b: Flutter Mane|move: Protect\n|-resisted|p2a: Chi-Yu\n|-damage|p2a: Chi-Yu|45\/100\n|-damage|p1b: Duncan|27\/100|[from] item: Life Orb\n|\n|upkeep\n|turn|4\n|\n|t:|1738207694\n|switch|p1a: Mr. Gassy|Weezing-Galar, L50, M|100\/100\n|-ability|p1a: Mr. Gassy|Neutralizing Gas\n|move|p1b: Duncan|Protect|p1b: Duncan\n|-singleturn|p1b: Duncan|Protect\n|move|p2a: Chi-Yu|Dark Pulse|p1b: Duncan\n|-activate|p1b: Duncan|move: Protect\n|move|p2b: Flutter Mane|Moonblast|p1a: Mr. Gassy\n|-resisted|p1a: Mr. Gassy\n|-damage|p1a: Mr. Gassy|78\/100\n|\n|upkeep\n|turn|5\n|\n|t:|1738207703\n|switch|p1b: Suthen|Indeedee-F, L50, F|9\/100\n|move|p2a: Chi-Yu|Dark Pulse|p1b: Suthen\n|-supereffective|p1b: Suthen\n|-damage|p1b: Suthen|0 fnt\n|faint|p1b: Suthen\n|move|p2b: Flutter Mane|Shadow Ball|p1a: Mr. Gassy\n|-damage|p1a: Mr. Gassy|41\/100\n|-enditem|p1a: Mr. Gassy|Sitrus Berry|[eat]\n|-heal|p1a: Mr. Gassy|65\/100|[from] item: Sitrus Berry\n|move|p1a: Mr. Gassy|Sludge Bomb|p2a: Chi-Yu\n|-damage|p2a: Chi-Yu|19\/100\n|-status|p2a: Chi-Yu|psn\n|\n|-damage|p2a: Chi-Yu|7\/100 psn|[from] psn\n|upkeep\n|j| Deltalini\n|\n|t:|1738207708\n|switch|p1b: Duncan|Calyrex-Shadow, L50, tera:Normal|27\/100\n|-ability|p1b: Duncan|As One\n|-ability|p1b: Duncan|Unnerve\n|turn|6\n|\n|t:|1738207730\n|switch|p2a: Chien-Pao|Chien-Pao, L50|100\/100\n|-terastallize|p2b: Flutter Mane|Grass\n|move|p1b: Duncan|Protect|p1b: Duncan\n|-singleturn|p1b: Duncan|Protect\n|move|p2b: Flutter Mane|Icy Wind|p1a: Mr. Gassy|[spread] p1a\n|-activate|p1b: Duncan|move: Protect\n|-damage|p1a: Mr. Gassy|52\/100\n|-unboost|p1a: Mr. Gassy|spe|1\n|move|p1a: Mr. Gassy|Sludge Bomb|p2b: Flutter Mane\n|-supereffective|p2b: Flutter Mane\n|-damage|p2b: Flutter Mane|48\/100\n|-status|p2b: Flutter Mane|psn\n|\n|-damage|p2b: Flutter Mane|36\/100 psn|[from] psn\n|upkeep\n|turn|7\n|\n|t:|1738207751\n|move|p2b: Flutter Mane|Protect|p2b: Flutter Mane\n|-singleturn|p2b: Flutter Mane|Protect\n|move|p1b: Duncan|Astral Barrage|p2b: Flutter Mane|[spread] p2a\n|-activate|p2b: Flutter Mane|move: Protect\n|-resisted|p2a: Chien-Pao\n|-damage|p2a: Chien-Pao|39\/100\n|-damage|p1b: Duncan|17\/100|[from] item: Life Orb\n|move|p2a: Chien-Pao|Ice Spinner|p1b: Duncan\n|-damage|p1b: Duncan|0 fnt\n|-fieldend|move: Psychic Terrain\n|faint|p1b: Duncan\n|move|p1a: Mr. Gassy|Sludge Bomb|p2a: Chien-Pao\n|-damage|p2a: Chien-Pao|0 fnt\n|faint|p2a: Chien-Pao\n|\n|-damage|p2b: Flutter Mane|23\/100 psn|[from] psn\n|upkeep\n|-message|infinitygroudon forfeited.\n|\n|win|squiddiam\n|raw|infinitygroudon's rating: 1574 &rarr; <strong>1555<\/strong><br \/>(-19 for losing)\n|raw|squiddiam's rating: 1591 &rarr; <strong>1610<\/strong><br \/>(+19 for winning)\n|l|\u2606infinitygroudon\n|player|p1|\n|l|\u2606squiddiam\n|player|p2|\n","uploadtime":1738207954,"views":13,"formatid":"gen9vgc2025regg","rating":1555,"private":0,"password":null}