{"id":"gen9vgc2025regg-2290511814","format":"[Gen 9] VGC 2025 Reg G","players":["kd-vgc711","Muttonhead"],"log":"|j|\u2606kd-vgc711\n|j|\u2606Muttonhead\n|t:|1738161739\n|gametype|doubles\n|player|p1|kd-vgc711|102|1670\n|player|p2|Muttonhead|swimmerf|1646\n|teamsize|p1|6\n|teamsize|p2|6\n|gen|9\n|tier|[Gen 9] VGC 2025 Reg G\n|rated|\n|rule|Species Clause: Limit one of each Pok\u00e9mon\n|rule|Item Clause: Limit 1 of each item\n|clearpoke\n|poke|p1|Kyogre, L50|\n|poke|p1|Tornadus, L50, M|\n|poke|p1|Entei, L50|\n|poke|p1|Flutter Mane, L50|\n|poke|p1|Raging Bolt, L50|\n|poke|p1|Rillaboom, L50, M|\n|poke|p2|Terapagos, L50, M|\n|poke|p2|Farigiraf, L50, M|\n|poke|p2|Urshifu-*, L50, F|\n|poke|p2|Whimsicott, L50, F|\n|poke|p2|Landorus, L50, M|\n|poke|p2|Ogerpon-Hearthflame, L50, F|\n|teampreview|4\n|inactive|Battle timer is ON: inactive players will automatically lose when time's up. (requested by Muttonhead)\n|\n|t:|1738161768\n|start\n|switch|p1a: Tornadus|Tornadus, L50, M, shiny|100\/100\n|switch|p1b: Entei|Entei, L50, shiny|100\/100\n|switch|p2a: Whimsicott|Whimsicott, L50, F|100\/100\n|switch|p2b: Urshifu|Urshifu-Rapid-Strike, L50, F|100\/100\n|turn|1\n|j| cyclopsian\n|inactive|Muttonhead has 30 seconds left.\n|inactive|Muttonhead has 20 seconds left.\n|inactive|Muttonhead has 15 seconds left.\n|inactive|Muttonhead has 10 seconds left.\n|\n|t:|1738161816\n|move|p1b: Entei|Extreme Speed|p2b: Urshifu\n|-crit|p2b: Urshifu\n|-damage|p2b: Urshifu|39\/100\n|move|p2a: Whimsicott|Tailwind|p2a: Whimsicott\n|-sidestart|p2: Muttonhead|move: Tailwind\n|move|p2b: Urshifu|Surging Strikes|p1a: Tornadus\n|-crit|p1a: Tornadus\n|-damage|p1a: Tornadus|74\/100\n|-crit|p1a: Tornadus\n|-damage|p1a: Tornadus|46\/100\n|-crit|p1a: Tornadus\n|-damage|p1a: Tornadus|16\/100\n|-hitcount|p1a: Tornadus|3\n|move|p1a: Tornadus|Bleakwind Storm|p2a: Whimsicott|[spread] p2a,p2b\n|-supereffective|p2a: Whimsicott\n|-supereffective|p2b: Urshifu\n|-damage|p2a: Whimsicott|11\/100\n|-damage|p2b: Urshifu|0 fnt\n|faint|p2b: Urshifu\n|\n|upkeep\n|\n|t:|1738161831\n|switch|p2b: Landorus|Landorus, L50, M|100\/100\n|turn|2\n|\n|t:|1738161842\n|move|p1b: Entei|Extreme Speed|p2a: Whimsicott\n|-damage|p2a: Whimsicott|0 fnt\n|faint|p2a: Whimsicott\n|move|p1a: Tornadus|Tailwind|p1a: Tornadus\n|-sidestart|p1: kd-vgc711|move: Tailwind\n|move|p2b: Landorus|Earth Power|p1b: Entei\n|-supereffective|p1b: Entei\n|-damage|p1b: Entei|0 fnt\n|faint|p1b: Entei\n|\n|upkeep\n|\n|t:|1738161850\n|switch|p2a: Terapagos|Terapagos, L50, M|100\/100\n|switch|p1b: Rillaboom|Rillaboom, L50, M, shiny|100\/100\n|-activate|p2a: Terapagos|ability: Tera Shift\n|detailschange|p2a: Terapagos|Terapagos-Terastal, L50, M\n|-heal|p2a: Terapagos|100\/100|[silent]\n|-fieldstart|move: Grassy Terrain|[from] ability: Grassy Surge|[of] p1b: Rillaboom\n|turn|3\n|\n|t:|1738161868\n|move|p1b: Rillaboom|Fake Out|p2a: Terapagos\n|-activate|p2a: Terapagos|ability: Tera Shell\n|-resisted|p2a: Terapagos\n|-damage|p2a: Terapagos|93\/100\n|move|p2b: Landorus|Sludge Bomb|p1a: Tornadus\n|-damage|p1a: Tornadus|0 fnt\n|faint|p1a: Tornadus\n|cant|p2a: Terapagos|flinch\n|\n|-heal|p2a: Terapagos|99\/100|[from] Grassy Terrain\n|upkeep\n|\n|t:|1738161874\n|switch|p1a: Kyogre|Kyogre, L50, shiny|100\/100\n|-weather|RainDance|[from] ability: Drizzle|[of] p1a: Kyogre\n|turn|4\n|\n|t:|1738161884\n|-terastallize|p2a: Terapagos|Stellar\n|detailschange|p2a: Terapagos|Terapagos-Stellar, L50, M, tera:Stellar\n|-heal|p2a: Terapagos|99\/100|[silent]\n|-ability|p2a: Terapagos|Teraform Zero\n|-weather|none\n|-fieldend|move: Grassy Terrain\n|move|p2b: Landorus|Sludge Bomb|p1b: Rillaboom\n|-supereffective|p1b: Rillaboom\n|-damage|p1b: Rillaboom|28\/100\n|move|p2a: Terapagos|Tera Starstorm|p1b: Rillaboom|[spread] p1a,p1b\n|-damage|p1a: Kyogre|57\/100\n|-damage|p1b: Rillaboom|0 fnt\n|faint|p1b: Rillaboom\n|move|p1a: Kyogre|Origin Pulse|p2a: Terapagos|[spread] p2b\n|-miss|p1a: Kyogre|p2a: Terapagos\n|-supereffective|p2b: Landorus\n|-damage|p2b: Landorus|0 fnt\n|faint|p2b: Landorus\n|\n|-heal|p1a: Kyogre|63\/100|[from] item: Leftovers\n|-sideend|p2: Muttonhead|move: Tailwind\n|upkeep\n|turn|5\n|\n|t:|1738161900\n|move|p1a: Kyogre|Origin Pulse|p2a: Terapagos\n|-damage|p2a: Terapagos|50\/100\n|move|p2a: Terapagos|Tera Starstorm|p1a: Kyogre\n|-damage|p1a: Kyogre|12\/100\n|\n|-heal|p1a: Kyogre|17\/100|[from] item: Leftovers\n|-sideend|p1: kd-vgc711|move: Tailwind\n|upkeep\n|turn|6\n|\n|t:|1738161908\n|move|p2a: Terapagos|Tera Starstorm|p1a: Kyogre\n|-damage|p1a: Kyogre|0 fnt\n|faint|p1a: Kyogre\n|\n|win|Muttonhead\n|raw|kd-vgc711's rating: 1670 &rarr; <strong>1649<\/strong><br \/>(-21 for losing)\n|raw|Muttonhead's rating: 1646 &rarr; <strong>1667<\/strong><br \/>(+21 for winning)\n|l|\u2606kd-vgc711\n|player|p1|\n|l|\u2606Muttonhead\n|player|p2|\n|l| cyclopsian\n","uploadtime":1738162131,"views":16,"formatid":"gen9vgc2025regg","rating":1649,"private":0,"password":null}