{"id":"gen9vgc2025regg-2290479683","format":"[Gen 9] VGC 2025 Reg G","players":["waiseng","RustyChair13"],"log":"|j|\u2606waiseng\n|j|\u2606RustyChair13\n|t:|1738158082\n|gametype|doubles\n|player|p1|waiseng|266|1544\n|player|p2|RustyChair13|scientist-gen4|1603\n|teamsize|p1|6\n|teamsize|p2|6\n|gen|9\n|tier|[Gen 9] VGC 2025 Reg G\n|rated|\n|rule|Species Clause: Limit one of each Pok\u00e9mon\n|rule|Item Clause: Limit 1 of each item\n|clearpoke\n|poke|p1|Amoonguss, L50, F|\n|poke|p1|Calyrex-Ice, L50|\n|poke|p1|Iron Valiant, L50|\n|poke|p1|Landorus, L50, M|\n|poke|p1|Pelipper, L50, F|\n|poke|p1|Urshifu-*, L50, M|\n|poke|p2|Zamazenta-*, L50|\n|poke|p2|Landorus, L50, M|\n|poke|p2|Rillaboom, L50, M|\n|poke|p2|Chien-Pao, L50|\n|poke|p2|Farigiraf, L50, M|\n|poke|p2|Whimsicott, L50, F|\n|teampreview|4\n|inactive|Battle timer is ON: inactive players will automatically lose when time's up. (requested by RustyChair13)\n|\n|t:|1738158117\n|start\n|switch|p1a: Calyrex|Calyrex-Ice, L50|100\/100\n|switch|p1b: Urshifu|Urshifu-Rapid-Strike, L50, M|100\/100\n|switch|p2a: Rillaboom|Rillaboom, L50, M, shiny|100\/100\n|switch|p2b: Chien-Pao|Chien-Pao, L50|100\/100\n|-ability|p1a: Calyrex|As One\n|-ability|p1a: Calyrex|Unnerve\n|-ability|p2b: Chien-Pao|Sword of Ruin\n|-fieldstart|move: Grassy Terrain|[from] ability: Grassy Surge|[of] p2a: Rillaboom\n|turn|1\n|\n|t:|1738158140\n|move|p2b: Chien-Pao|Icicle Crash|p1a: Calyrex\n|-resisted|p1a: Calyrex\n|-damage|p1a: Calyrex|78\/100\n|-damage|p2b: Chien-Pao|91\/100|[from] item: Life Orb\n|move|p1b: Urshifu|Surging Strikes|p2b: Chien-Pao\n|-crit|p2b: Chien-Pao\n|-damage|p2b: Chien-Pao|61\/100\n|-crit|p2b: Chien-Pao\n|-damage|p2b: Chien-Pao|30\/100\n|-crit|p2b: Chien-Pao\n|-damage|p2b: Chien-Pao|0 fnt\n|faint|p2b: Chien-Pao\n|-hitcount|p2: Chien-Pao|3\n|move|p2a: Rillaboom|Wood Hammer|p1a: Calyrex\n|-damage|p1a: Calyrex|4\/100\n|-damage|p2a: Rillaboom|74\/100|[from] Recoil\n|move|p1a: Calyrex|Trick Room|p1a: Calyrex\n|-fieldstart|move: Trick Room|[of] p1a: Calyrex\n|\n|-heal|p1a: Calyrex|10\/100|[from] Grassy Terrain\n|-heal|p2a: Rillaboom|80\/100|[from] Grassy Terrain\n|upkeep\n|\n|t:|1738158154\n|switch|p2b: Farigiraf|Farigiraf, L50, M|100\/100\n|-enditem|p2b: Farigiraf|Grassy Seed\n|-boost|p2b: Farigiraf|def|1|[from] item: Grassy Seed\n|turn|2\n|inactive|waiseng has 30 seconds left.\n|\n|t:|1738158186\n|switch|p1a: Amoonguss|Amoonguss, L50, F|100\/100\n|switch|p2a: Zamazenta|Zamazenta-Crowned, L50, shiny|100\/100\n|-ability|p2a: Zamazenta|Dauntless Shield|boost\n|-boost|p2a: Zamazenta|def|1\n|-terastallize|p1b: Urshifu|Water\n|move|p2b: Farigiraf|Foul Play|p1a: Amoonguss\n|-damage|p1a: Amoonguss|88\/100\n|-damage|p2b: Farigiraf|84\/100|[from] item: Rocky Helmet|[of] p1a: Amoonguss\n|move|p1b: Urshifu|Surging Strikes|p2b: Farigiraf\n|-crit|p2b: Farigiraf\n|-damage|p2b: Farigiraf|58\/100\n|-crit|p2b: Farigiraf\n|-damage|p2b: Farigiraf|35\/100\n|-crit|p2b: Farigiraf\n|-damage|p2b: Farigiraf|11\/100\n|-hitcount|p2b: Farigiraf|3\n|\n|-heal|p1a: Amoonguss|94\/100|[from] Grassy Terrain\n|-heal|p2b: Farigiraf|17\/100|[from] Grassy Terrain\n|upkeep\n|turn|3\n|inactive|waiseng has 30 seconds left.\n|\n|t:|1738158211\n|move|p1a: Amoonguss|Spore|p2a: Zamazenta\n|-status|p2a: Zamazenta|slp|[from] move: Spore\n|move|p2b: Farigiraf|Psychic Noise|p1a: Amoonguss\n|-supereffective|p1a: Amoonguss\n|-damage|p1a: Amoonguss|41\/100\n|-start|p1a: Amoonguss|move: Heal Block\n|move|p1b: Urshifu|Surging Strikes|p2b: Farigiraf\n|-crit|p2b: Farigiraf\n|-damage|p2b: Farigiraf|0 fnt\n|faint|p2b: Farigiraf\n|-hitcount|p2: Farigiraf|1\n|cant|p2a: Zamazenta|slp\n|\n|upkeep\n|\n|t:|1738158220\n|switch|p2b: Rillaboom|Rillaboom, L50, M, shiny|80\/100\n|turn|4\n|\n|t:|1738158240\n|switch|p1a: Calyrex|Calyrex-Ice, L50|10\/100\n|-ability|p1a: Calyrex|As One\n|-ability|p1a: Calyrex|Unnerve\n|move|p2b: Rillaboom|Wood Hammer|p1b: Urshifu\n|-supereffective|p1b: Urshifu\n|-enditem|p1b: Urshifu|Focus Sash\n|-damage|p1b: Urshifu|1\/100\n|-damage|p2b: Rillaboom|50\/100|[from] Recoil\n|move|p1b: Urshifu|Close Combat|p2b: Rillaboom\n|-damage|p2b: Rillaboom|0 fnt\n|-unboost|p1b: Urshifu|def|1\n|-unboost|p1b: Urshifu|spd|1\n|faint|p2b: Rillaboom\n|-curestatus|p2a: Zamazenta|slp|[msg]\n|move|p2a: Zamazenta|Heavy Slam|p1a: Calyrex\n|-supereffective|p1a: Calyrex\n|-damage|p1a: Calyrex|0 fnt\n|faint|p1a: Calyrex\n|\n|-heal|p1b: Urshifu|7\/100|[from] Grassy Terrain\n|upkeep\n|inactive|waiseng has 30 seconds left.\n|\n|t:|1738158267\n|switch|p1a: Amoonguss|Amoonguss, L50, F|74\/100\n|turn|5\n|\n|t:|1738158277\n|-terastallize|p2a: Zamazenta|Dragon\n|move|p2a: Zamazenta|Protect|p2a: Zamazenta\n|-singleturn|p2a: Zamazenta|Protect\n|move|p1a: Amoonguss|Spore|p2a: Zamazenta\n|-activate|p2a: Zamazenta|move: Protect\n|move|p1b: Urshifu|Surging Strikes|p2a: Zamazenta\n|-resisted|p2a: Zamazenta\n|-crit|p2a: Zamazenta\n|-damage|p2a: Zamazenta|92\/100\n|-resisted|p2a: Zamazenta\n|-crit|p2a: Zamazenta\n|-damage|p2a: Zamazenta|83\/100\n|-resisted|p2a: Zamazenta\n|-crit|p2a: Zamazenta\n|-damage|p2a: Zamazenta|74\/100\n|-hitcount|p2a: Zamazenta|3\n|\n|-heal|p1a: Amoonguss|80\/100|[from] Grassy Terrain\n|-heal|p1b: Urshifu|12\/100|[from] Grassy Terrain\n|-heal|p2a: Zamazenta|80\/100|[from] Grassy Terrain\n|-fieldend|move: Trick Room\n|-fieldend|move: Grassy Terrain\n|upkeep\n|turn|6\n|j| jluer\n|inactive|waiseng has 30 seconds left.\n|\n|t:|1738158304\n|move|p1b: Urshifu|Detect|p1b: Urshifu\n|-singleturn|p1b: Urshifu|Protect\n|move|p2a: Zamazenta|Heavy Slam|p1a: Amoonguss\n|-damage|p1a: Amoonguss|42\/100\n|-damage|p2a: Zamazenta|63\/100|[from] item: Rocky Helmet|[of] p1a: Amoonguss\n|move|p1a: Amoonguss|Spore|p2a: Zamazenta\n|-status|p2a: Zamazenta|slp|[from] move: Spore\n|\n|upkeep\n|turn|7\n|\n|t:|1738158327\n|cant|p2a: Zamazenta|slp\n|move|p1b: Urshifu|Surging Strikes|p2a: Zamazenta\n|-resisted|p2a: Zamazenta\n|-crit|p2a: Zamazenta\n|-damage|p2a: Zamazenta|55\/100 slp\n|-resisted|p2a: Zamazenta\n|-crit|p2a: Zamazenta\n|-damage|p2a: Zamazenta|47\/100 slp\n|-resisted|p2a: Zamazenta\n|-crit|p2a: Zamazenta\n|-damage|p2a: Zamazenta|38\/100 slp\n|-hitcount|p2a: Zamazenta|3\n|move|p1a: Amoonguss|Clear Smog|p2a: Zamazenta\n|-damage|p2a: Zamazenta|27\/100 slp\n|-clearboost|p2a: Zamazenta\n|\n|upkeep\n|turn|8\n|-message|RustyChair13 forfeited.\n|\n|win|waiseng\n|raw|waiseng's rating: 1544 &rarr; <strong>1567<\/strong><br \/>(+23 for winning)\n|raw|RustyChair13's rating: 1603 &rarr; <strong>1580<\/strong><br \/>(-23 for losing)\n|l|\u2606RustyChair13\n|player|p2|\n|l| jluer\n","uploadtime":1738158529,"views":9,"formatid":"gen9vgc2025regg","rating":1567,"private":0,"password":null}