{"id":"gen9vgc2025regg-2290145865","format":"[Gen 9] VGC 2025 Reg G","players":["ildrarVGC","PritzShow"],"log":"|j|\u2606ildrarVGC\n|j|\u2606PritzShow\n|t:|1738103618\n|gametype|doubles\n|player|p1|ildrarVGC|170|1547\n|player|p2|PritzShow|1|1620\n|teamsize|p1|6\n|teamsize|p2|6\n|gen|9\n|tier|[Gen 9] VGC 2025 Reg G\n|rated|\n|rule|Species Clause: Limit one of each Pok\u00e9mon\n|rule|Item Clause: Limit 1 of each item\n|clearpoke\n|poke|p1|Urshifu-*, L50, F|\n|poke|p1|Calyrex-Ice, L50|\n|poke|p1|Smeargle, L50, F|\n|poke|p1|Ogerpon-Hearthflame, L50, F|\n|poke|p1|Indeedee-F, L50, F|\n|poke|p1|Ursaluna-Bloodmoon, L50, M|\n|poke|p2|Zacian-*, L50|\n|poke|p2|Rillaboom, L50, F|\n|poke|p2|Incineroar, L50, M|\n|poke|p2|Farigiraf, L50, M|\n|poke|p2|Landorus-Therian, L50, M|\n|poke|p2|Raging Bolt, L50|\n|teampreview|4\n|inactive|Battle timer is ON: inactive players will automatically lose when time's up. (requested by PritzShow)\n|inactive|ildrarVGC has 60 seconds left.\n|inactive|PritzShow has 60 seconds left.\n|inactive|ildrarVGC has 30 seconds left.\n|inactive|PritzShow has 30 seconds left.\n|inactive|ildrarVGC has 20 seconds left.\n|inactive|PritzShow has 20 seconds left.\n|inactive|ildrarVGC has 15 seconds left.\n|inactive|PritzShow has 15 seconds left.\n|inactive|ildrarVGC has 10 seconds left.\n|inactive|PritzShow has 10 seconds left.\n|\n|t:|1738103702\n|start\n|switch|p1a: Calyrex|Calyrex-Ice, L50|100\/100\n|switch|p1b: Indeedee|Indeedee-F, L50, F|100\/100\n|switch|p2a: Zacian|Zacian, L50|100\/100\n|switch|p2b: Farigiraf|Farigiraf, L50, M|100\/100\n|-ability|p1a: Calyrex|As One\n|-ability|p1a: Calyrex|Unnerve\n|-ability|p2a: Zacian|Intrepid Sword|boost\n|-boost|p2a: Zacian|atk|1\n|-fieldstart|move: Psychic Terrain|[from] ability: Psychic Surge|[of] p1b: Indeedee\n|turn|1\n|inactive|ildrarVGC has 30 seconds left.\n|inactive|ildrarVGC has 20 seconds left.\n|inactive|ildrarVGC has 15 seconds left.\n|inactive|ildrarVGC has 10 seconds left.\n|\n|t:|1738103752\n|switch|p2b: Incineroar|Incineroar, L50, M|100\/100\n|-ability|p2b: Incineroar|Intimidate|boost\n|-fail|p1a: Calyrex|unboost|[from] item: Clear Amulet|[of] p1a: Calyrex\n|-unboost|p1b: Indeedee|atk|1\n|-terastallize|p1a: Calyrex|Water\n|move|p2a: Zacian|Substitute|p2a: Zacian\n|-start|p2a: Zacian|Substitute\n|-damage|p2a: Zacian|75\/100\n|move|p1a: Calyrex|High Horsepower|p2a: Zacian\n|-end|p2a: Zacian|Substitute\n|move|p1b: Indeedee|Trick Room|p1b: Indeedee\n|-fieldstart|move: Trick Room|[of] p1b: Indeedee\n|\n|upkeep\n|turn|2\n|inactive|ildrarVGC has 30 seconds left.\n|inactive|ildrarVGC has 20 seconds left.\n|inactive|ildrarVGC has 15 seconds left.\n|inactive|ildrarVGC has 10 seconds left.\n|\n|t:|1738103801\n|switch|p1b: Smeargle|Smeargle, L50, F|100\/100\n|move|p1a: Calyrex|High Horsepower|p2b: Incineroar\n|-supereffective|p2b: Incineroar\n|-damage|p2b: Incineroar|30\/100\n|move|p2b: Incineroar|Knock Off|p1a: Calyrex\n|-damage|p1a: Calyrex|76\/100\n|-enditem|p1a: Calyrex|Clear Amulet|[from] move: Knock Off|[of] p2b: Incineroar\n|move|p2a: Zacian|Play Rough|p1a: Calyrex\n|-damage|p1a: Calyrex|38\/100\n|\n|upkeep\n|turn|3\n|inactive|ildrarVGC has 30 seconds left.\n|\n|t:|1738103830\n|switch|p2b: Rillaboom|Rillaboom, L50, F|100\/100\n|-fieldstart|move: Grassy Terrain|[from] ability: Grassy Surge|[of] p2b: Rillaboom\n|switch|p2a: Farigiraf|Farigiraf, L50, M|100\/100\n|move|p1a: Calyrex|High Horsepower|p2b: Rillaboom\n|-resisted|p2b: Rillaboom\n|-damage|p2b: Rillaboom|81\/100\n|move|p1b: Smeargle|Spore|p2a: Farigiraf\n|-activate|p2a: Farigiraf|item: Safety Goggles|Spore\n|\n|-heal|p1a: Calyrex|43\/100|[from] Grassy Terrain\n|-heal|p2b: Rillaboom|86\/100|[from] Grassy Terrain\n|upkeep\n|turn|4\n|\n|t:|1738103849\n|switch|p2b: Incineroar|Incineroar, L50, M|30\/100\n|-ability|p2b: Incineroar|Intimidate|boost\n|-unboost|p1a: Calyrex|atk|1\n|-fail|p1b: Smeargle|unboost|Attack|[from] ability: Own Tempo|[of] p1b: Smeargle\n|switch|p1b: Indeedee|Indeedee-F, L50, F|100\/100\n|-fieldstart|move: Psychic Terrain|[from] ability: Psychic Surge|[of] p1b: Indeedee\n|move|p1a: Calyrex|Glacial Lance|p2a: Farigiraf|[spread] p2a,p2b\n|-resisted|p2b: Incineroar\n|-damage|p2a: Farigiraf|62\/100\n|-damage|p2b: Incineroar|12\/100\n|move|p2a: Farigiraf|Psychic|p1b: Indeedee\n|-resisted|p1b: Indeedee\n|-damage|p1b: Indeedee|76\/100\n|\n|upkeep\n|turn|5\n|inactive|ildrarVGC has 30 seconds left.\n|inactive|PritzShow has 30 seconds left.\n|\n|t:|1738103878\n|switch|p2b: Zacian|Zacian, L50|75\/100\n|move|p1a: Calyrex|Glacial Lance|p2b: Zacian|[spread] p2a,p2b\n|-damage|p2a: Farigiraf|29\/100\n|-damage|p2b: Zacian|39\/100\n|move|p2a: Farigiraf|Foul Play|p1b: Indeedee\n|-supereffective|p1b: Indeedee\n|-damage|p1b: Indeedee|51\/100\n|move|p1b: Indeedee|Heal Pulse|p1a: Calyrex\n|-heal|p1a: Calyrex|94\/100\n|\n|-fieldend|move: Trick Room\n|upkeep\n|turn|6\n|\n|t:|1738103898\n|switch|p2a: Incineroar|Incineroar, L50, M|12\/100\n|-ability|p2a: Incineroar|Intimidate|boost\n|-unboost|p1a: Calyrex|atk|1\n|-unboost|p1b: Indeedee|atk|1\n|move|p2b: Zacian|Play Rough|p1b: Indeedee\n|-damage|p1b: Indeedee|7\/100\n|move|p1a: Calyrex|High Horsepower|p2b: Zacian\n|-damage|p2b: Zacian|18\/100\n|move|p1b: Indeedee|Trick Room|p1b: Indeedee\n|-fieldstart|move: Trick Room|[of] p1b: Indeedee\n|\n|upkeep\n|turn|7\n|inactive|ildrarVGC has 30 seconds left.\n|\n|t:|1738103928\n|move|p2b: Zacian|Protect|p2b: Zacian\n|-singleturn|p2b: Zacian|Protect\n|move|p1a: Calyrex|Glacial Lance|p2b: Zacian|[spread] p2a\n|-activate|p2b: Zacian|move: Protect\n|-resisted|p2a: Incineroar\n|-damage|p2a: Incineroar|0 fnt\n|faint|p2a: Incineroar\n|-ability|p1a: Calyrex|Chilling Neigh|boost\n|-boost|p1a: Calyrex|atk|1\n|move|p1b: Indeedee|Psychic|p2b: Zacian\n|-activate|p2b: Zacian|move: Protect\n|\n|upkeep\n|\n|t:|1738103935\n|switch|p2a: Rillaboom|Rillaboom, L50, F|86\/100\n|-fieldstart|move: Grassy Terrain|[from] ability: Grassy Surge|[of] p2a: Rillaboom\n|turn|8\n|inactive|ildrarVGC has 30 seconds left.\n|\n|t:|1738103964\n|switch|p1a: Smeargle|Smeargle, L50, F|100\/100\n|switch|p1b: Ursaluna|Ursaluna-Bloodmoon, L50, M|100\/100\n|switch|p2b: Farigiraf|Farigiraf, L50, M|29\/100\n|-terastallize|p2a: Rillaboom|Water\n|move|p2a: Rillaboom|Wood Hammer|p1a: Smeargle\n|-enditem|p1a: Smeargle|Focus Sash\n|-damage|p1a: Smeargle|1\/100\n|-damage|p2a: Rillaboom|61\/100|[from] Recoil\n|\n|-heal|p2b: Farigiraf|35\/100|[from] Grassy Terrain\n|-heal|p2a: Rillaboom|67\/100|[from] Grassy Terrain\n|-heal|p1a: Smeargle|7\/100|[from] Grassy Terrain\n|upkeep\n|turn|9\n|-message|PritzShow forfeited.\n|\n|win|ildrarVGC\n|raw|ildrarVGC's rating: 1547 &rarr; <strong>1571<\/strong><br \/>(+24 for winning)\n|raw|PritzShow's rating: 1620 &rarr; <strong>1596<\/strong><br \/>(-24 for losing)\n|l|\u2606PritzShow\n|player|p2|\n|l|\u2606ildrarVGC\n|player|p1|\n","uploadtime":1738104230,"views":14,"formatid":"gen9vgc2025regg","rating":1571,"private":0,"password":null}