{"id":"gen9vgc2025regg-2290076775","format":"[Gen 9] VGC 2025 Reg G","players":["Chocbrewis","huskuinvgc"],"log":"|j|\u2606Chocbrewis\n|j|\u2606huskuinvgc\n|t:|1738096312\n|gametype|doubles\n|player|p1|Chocbrewis|cyclist-gen4|1578\n|player|p2|huskuinvgc|hugh|1548\n|teamsize|p1|6\n|teamsize|p2|6\n|gen|9\n|tier|[Gen 9] VGC 2025 Reg G\n|rated|\n|rule|Species Clause: Limit one of each Pok\u00e9mon\n|rule|Item Clause: Limit 1 of each item\n|clearpoke\n|poke|p1|Farigiraf, L50, M|\n|poke|p1|Regieleki, L50|\n|poke|p1|Landorus, L50, M|\n|poke|p1|Ogerpon-Cornerstone, L50, F|\n|poke|p1|Urshifu-*, L50, F|\n|poke|p1|Calyrex-Ice, L50|\n|poke|p2|Calyrex-Ice, L50|\n|poke|p2|Iron Valiant, L50|\n|poke|p2|Landorus, L50, M|\n|poke|p2|Urshifu-*, L50, M|\n|poke|p2|Pelipper, L50, F|\n|poke|p2|Raging Bolt, L50|\n|teampreview|4\n|inactive|Battle timer is ON: inactive players will automatically lose when time's up. (requested by huskuinvgc)\n|j| Cactus soils\nChocbrewis rejected open team sheets.\n|inactive|Chocbrewis has 60 seconds left.\n|inactive|huskuinvgc has 60 seconds left.\n|inactive|Chocbrewis has 30 seconds left.\n|j| jdarcan\n|inactive|Chocbrewis has 20 seconds left.\n|inactive|Chocbrewis has 15 seconds left.\n|inactive|Chocbrewis has 10 seconds left.\n|inactive|Chocbrewis has 5 seconds left.\n|j| mentalrofl\n|\n|t:|1738096401\n|start\n|switch|p1a: Regieleki|Regieleki, L50|100\/100\n|switch|p1b: Calyrex|Calyrex-Ice, L50|100\/100\n|switch|p2a: Calyrex|Calyrex-Ice, L50|100\/100\n|switch|p2b: Iron Valiant|Iron Valiant, L50|100\/100\n|-ability|p1b: Calyrex|As One\n|-ability|p1b: Calyrex|Unnerve\n|-ability|p2a: Calyrex|As One\n|-ability|p2a: Calyrex|Unnerve\n|-enditem|p2b: Iron Valiant|Booster Energy\n|-activate|p2b: Iron Valiant|ability: Quark Drive|[fromitem]\n|-start|p2b: Iron Valiant|quarkdrivespe\n|turn|1\n|l| Cactus soils\n|inactive|Chocbrewis has 30 seconds left.\n|\n|t:|1738096427\n|move|p2b: Iron Valiant|Coaching|p2a: Calyrex\n|-boost|p2a: Calyrex|atk|1\n|-boost|p2a: Calyrex|def|1\n|move|p1a: Regieleki|Thunderbolt|p2a: Calyrex\n|-damage|p2a: Calyrex|66\/100\n|move|p1b: Calyrex|Glacial Lance|p2b: Iron Valiant|[spread] p2a,p2b\n|-resisted|p2a: Calyrex\n|-crit|p2a: Calyrex\n|-damage|p2a: Calyrex|41\/100\n|-damage|p2b: Iron Valiant|40\/100\n|move|p2a: Calyrex|Glacial Lance|p1b: Calyrex|[spread] p1a,p1b\n|-resisted|p1b: Calyrex\n|-enditem|p1a: Regieleki|Focus Sash\n|-damage|p1a: Regieleki|1\/100\n|-damage|p1b: Calyrex|71\/100\n|\n|upkeep\n|turn|2\n|inactive|Chocbrewis has 30 seconds left.\n|\n|t:|1738096453\n|move|p2a: Calyrex|Protect|p2a: Calyrex\n|-singleturn|p2a: Calyrex|Protect\n|move|p2b: Iron Valiant|Spirit Break|p1a: Regieleki\n|-damage|p1a: Regieleki|0 fnt\n|faint|p1a: Regieleki\n|move|p1b: Calyrex|Glacial Lance|p2b: Iron Valiant|[spread] p2b\n|-activate|p2a: Calyrex|move: Protect\n|-damage|p2b: Iron Valiant|0 fnt\n|faint|p2b: Iron Valiant\n|-end|p2b: Iron Valiant|Quark Drive|[silent]\n|-ability|p1b: Calyrex|Chilling Neigh|boost\n|-boost|p1b: Calyrex|atk|1\n|\n|upkeep\n|\n|t:|1738096470\n|switch|p1a: Urshifu|Urshifu, L50, F|100\/100\n|switch|p2b: Urshifu|Urshifu-Rapid-Strike, L50, M|100\/100\n|turn|3\n|\n|t:|1738096487\n|-terastallize|p1a: Urshifu|Ghost\n|-terastallize|p2b: Urshifu|Stellar\n|move|p1a: Urshifu|Wicked Blow|p2a: Calyrex\n|-supereffective|p2a: Calyrex\n|-crit|p2a: Calyrex\n|-damage|p2a: Calyrex|0 fnt\n|faint|p2a: Calyrex\n|move|p2b: Urshifu|Surging Strikes|p1b: Calyrex\n|-crit|p1b: Calyrex\n|-damage|p1b: Calyrex|51\/100\n|-crit|p1b: Calyrex\n|-damage|p1b: Calyrex|31\/100\n|-crit|p1b: Calyrex\n|-damage|p1b: Calyrex|11\/100\n|-hitcount|p1b: Calyrex|3\n|move|p1b: Calyrex|Glacial Lance|p2b: Urshifu\n|-resisted|p2b: Urshifu\n|-damage|p2b: Urshifu|41\/100\n|\n|upkeep\n|\n|t:|1738096499\n|switch|p2a: Raging Bolt|Raging Bolt, L50|100\/100\n|turn|4\n|\n|t:|1738096510\n|move|p1b: Calyrex|Protect|p1b: Calyrex\n|-singleturn|p1b: Calyrex|Protect\n|move|p1a: Urshifu|Wicked Blow|p2b: Urshifu\n|-resisted|p2b: Urshifu\n|-crit|p2b: Urshifu\n|-damage|p2b: Urshifu|0 fnt\n|faint|p2b: Urshifu\n|move|p2a: Raging Bolt|Snarl|p1b: Calyrex|[spread] p1a\n|-activate|p1b: Calyrex|move: Protect\n|-supereffective|p1a: Urshifu\n|-damage|p1a: Urshifu|55\/100\n|-unboost|p1a: Urshifu|spa|1\n|\n|upkeep\n|turn|5\n|\n|t:|1738096527\n|move|p1a: Urshifu|Wicked Blow|p2a: Raging Bolt\n|-crit|p2a: Raging Bolt\n|-damage|p2a: Raging Bolt|35\/100\n|move|p2a: Raging Bolt|Snarl|p1a: Urshifu|[spread] p1a,p1b\n|-supereffective|p1a: Urshifu\n|-supereffective|p1b: Calyrex\n|-damage|p1a: Urshifu|11\/100\n|-damage|p1b: Calyrex|0 fnt\n|-unboost|p1a: Urshifu|spa|1\n|faint|p1b: Calyrex\n|\n|upkeep\n|\n|t:|1738096536\n|switch|p1b: Ogerpon|Ogerpon-Cornerstone, L50, F|100\/100\n|turn|6\n|\n|t:|1738096542\n|move|p1b: Ogerpon|Follow Me|p1b: Ogerpon\n|-singleturn|p1b: Ogerpon|move: Follow Me\n|move|p1a: Urshifu|Wicked Blow|p2a: Raging Bolt\n|-crit|p2a: Raging Bolt\n|-damage|p2a: Raging Bolt|0 fnt\n|faint|p2a: Raging Bolt\n|-end|p2a: Raging Bolt|Protosynthesis|[silent]\n|\n|win|Chocbrewis\n|raw|Chocbrewis's rating: 1578 &rarr; <strong>1596<\/strong><br \/>(+18 for winning)\n|raw|huskuinvgc's rating: 1548 &rarr; <strong>1530<\/strong><br \/>(-18 for losing)\n|l|\u2606huskuinvgc\n|player|p2|\n|l|\u2606Chocbrewis\n|player|p1|\n|l| mentalrofl\n","uploadtime":1738096543,"views":23,"formatid":"gen9vgc2025regg","rating":1530,"private":0,"password":null}