{"id":"gen9vgc2025regg-2290012056","format":"[Gen 9] VGC 2025 Reg G","players":["YxngDaws","give-upVGC"],"log":"|j|\u2606YxngDaws\n|j|\u2606give-upVGC\n|t:|1738090156\n|gametype|doubles\n|player|p1|YxngDaws|1|1535\n|player|p2|give-upVGC|266|1558\n|teamsize|p1|6\n|teamsize|p2|6\n|gen|9\n|tier|[Gen 9] VGC 2025 Reg G\n|rated|\n|rule|Species Clause: Limit one of each Pok\u00e9mon\n|rule|Item Clause: Limit 1 of each item\n|clearpoke\n|poke|p1|Lunala, L50|\n|poke|p1|Rillaboom, L50, M|\n|poke|p1|Incineroar, L50, M|\n|poke|p1|Comfey, L50, M|\n|poke|p1|Urshifu-*, L50, F|\n|poke|p1|Latias, L50, F|\n|poke|p2|Ogerpon-Hearthflame, L50, F|\n|poke|p2|Roaring Moon, L50|\n|poke|p2|Calyrex-Ice, L50|\n|poke|p2|Landorus, L50, M|\n|poke|p2|Urshifu-*, L50, M|\n|poke|p2|Smeargle, L50, M|\n|teampreview|4\n|j| DarkBANANA49\n|\n|t:|1738090185\n|start\n|switch|p1a: Incineroar|Incineroar, L50, M|100\/100\n|switch|p1b: Lunala|Lunala, L50|100\/100\n|switch|p2a: Roaring Moon|Roaring Moon, L50|100\/100\n|switch|p2b: Urshifu|Urshifu-Rapid-Strike, L50, M|100\/100\n|-ability|p1a: Incineroar|Intimidate|boost\n|-unboost|p2a: Roaring Moon|atk|1\n|-unboost|p2b: Urshifu|atk|1\n|-enditem|p2a: Roaring Moon|Booster Energy\n|-activate|p2a: Roaring Moon|ability: Protosynthesis|[fromitem]\n|-start|p2a: Roaring Moon|protosynthesisspe\n|turn|1\n|\n|t:|1738090205\n|-terastallize|p2b: Urshifu|Water\n|-terastallize|p1b: Lunala|Fairy\n|move|p2a: Roaring Moon|Protect|p2a: Roaring Moon\n|-singleturn|p2a: Roaring Moon|Protect\n|move|p1a: Incineroar|Fake Out|p2b: Urshifu\n|-damage|p2b: Urshifu|92\/100\n|cant|p2b: Urshifu|flinch\n|move|p1b: Lunala|Calm Mind|p1b: Lunala\n|-boost|p1b: Lunala|spa|1\n|-boost|p1b: Lunala|spd|1\n|\n|upkeep\n|turn|2\n|\n|t:|1738090228\n|switch|p1a: Comfey|Comfey, L50, M|100\/100\n|move|p2a: Roaring Moon|Tailwind|p2a: Roaring Moon\n|-sidestart|p2: give-upVGC|move: Tailwind\n|move|p2b: Urshifu|Surging Strikes|p1a: Comfey\n|-crit|p1a: Comfey\n|-damage|p1a: Comfey|66\/100\n|-damage|p2b: Urshifu|75\/100|[from] item: Rocky Helmet|[of] p1a: Comfey\n|-crit|p1a: Comfey\n|-damage|p1a: Comfey|36\/100\n|-damage|p2b: Urshifu|59\/100|[from] item: Rocky Helmet|[of] p1a: Comfey\n|-crit|p1a: Comfey\n|-damage|p1a: Comfey|4\/100\n|-damage|p2b: Urshifu|42\/100|[from] item: Rocky Helmet|[of] p1a: Comfey\n|-hitcount|p1a: Comfey|3\n|move|p1b: Lunala|Dazzling Gleam|p2b: Urshifu|[spread] p2a,p2b\n|-supereffective|p2a: Roaring Moon\n|-damage|p2a: Roaring Moon|0 fnt\n|-damage|p2b: Urshifu|0 fnt\n|faint|p2a: Roaring Moon\n|-end|p2a: Roaring Moon|Protosynthesis|[silent]\n|faint|p2b: Urshifu\n|\n|upkeep\n|\n|t:|1738090241\n|switch|p2a: Landorus|Landorus, L50, M|100\/100\n|switch|p2b: Calyrex|Calyrex-Ice, L50|100\/100\n|-ability|p2b: Calyrex|As One\n|-ability|p2b: Calyrex|Unnerve\n|turn|3\n|\n|t:|1738090259\n|switch|p1a: Incineroar|Incineroar, L50, M|100\/100\n|-ability|p1a: Incineroar|Intimidate|boost\n|-unboost|p2a: Landorus|atk|1\n|-unboost|p2b: Calyrex|atk|1\n|move|p2a: Landorus|Sludge Bomb|p1b: Lunala\n|-supereffective|p1b: Lunala\n|-damage|p1b: Lunala|76\/100\n|move|p2b: Calyrex|Glacial Lance|p1a: Incineroar|[spread] p1a,p1b\n|-resisted|p1a: Incineroar\n|-damage|p1a: Incineroar|86\/100\n|-damage|p1b: Lunala|48\/100\n|move|p1b: Lunala|Dazzling Gleam|p2a: Landorus|[spread] p2a,p2b\n|-damage|p2a: Landorus|42\/100\n|-damage|p2b: Calyrex|64\/100\n|\n|-heal|p1b: Lunala|54\/100|[from] item: Leftovers\n|upkeep\n|turn|4\n|l| DarkBANANA49\n|\n|t:|1738090276\n|move|p1a: Incineroar|Fake Out|p2a: Landorus\n|-damage|p2a: Landorus|30\/100\n|cant|p2a: Landorus|flinch\n|move|p2b: Calyrex|Glacial Lance|p1a: Incineroar|[spread] p1a,p1b\n|-resisted|p1a: Incineroar\n|-damage|p1a: Incineroar|69\/100\n|-damage|p1b: Lunala|27\/100\n|move|p1b: Lunala|Dazzling Gleam|p2b: Calyrex|[spread] p2a,p2b\n|-damage|p2a: Landorus|0 fnt\n|-damage|p2b: Calyrex|28\/100\n|-enditem|p2b: Calyrex|Sitrus Berry|[eat]\n|-heal|p2b: Calyrex|52\/100|[from] item: Sitrus Berry\n|faint|p2a: Landorus\n|\n|-heal|p1b: Lunala|33\/100|[from] item: Leftovers\n|upkeep\n|turn|5\n|-message|give-upVGC forfeited.\n|\n|win|YxngDaws\n|raw|YxngDaws's rating: 1535 &rarr; <strong>1556<\/strong><br \/>(+21 for winning)\n|raw|give-upVGC's rating: 1558 &rarr; <strong>1537<\/strong><br \/>(-21 for losing)\n|l|\u2606give-upVGC\n|player|p2|\n|l|\u2606YxngDaws\n|player|p1|\n","uploadtime":1738090527,"views":11,"formatid":"gen9vgc2025regg","rating":1537,"private":0,"password":null}