{"id":"gen9vgc2025regg-2290538421","format":"[Gen 9] VGC 2025 Reg G","players":["Indigo Crisp","Saltwater7"],"log":"|j|\u2606Indigo Crisp\n|j|\u2606Saltwater7\n|t:|1738164599\n|gametype|doubles\n|player|p1|Indigo Crisp|maid|1592\n|player|p2|Saltwater7|101|1644\n|teamsize|p1|6\n|teamsize|p2|6\n|gen|9\n|tier|[Gen 9] VGC 2025 Reg G\n|rated|\n|rule|Species Clause: Limit one of each Pok\u00e9mon\n|rule|Item Clause: Limit 1 of each item\n|clearpoke\n|poke|p1|Calyrex-Ice, L50|\n|poke|p1|Urshifu-*, L50, F|\n|poke|p1|Incineroar, L50, F|\n|poke|p1|Landorus, L50, M|\n|poke|p1|Raging Bolt, L50|\n|poke|p1|Amoonguss, L50, F|\n|poke|p2|Zacian-*, L50|\n|poke|p2|Regidrago, L50|\n|poke|p2|Whimsicott, L50, M|\n|poke|p2|Urshifu-*, L50, F|\n|poke|p2|Farigiraf, L50, M|\n|poke|p2|Chi-Yu, L50|\n|teampreview|4\n|inactive|Battle timer is ON: inactive players will automatically lose when time's up. (requested by Saltwater7)\n|\n|t:|1738164628\n|start\n|switch|p1a: Incineroar|Incineroar, L50, F|100\/100\n|switch|p1b: Urshifu|Urshifu, L50, F|100\/100\n|switch|p2a: Farigiraf|Farigiraf, L50, M|100\/100\n|switch|p2b: Chi-Yu|Chi-Yu, L50|100\/100\n|-ability|p2b: Chi-Yu|Beads of Ruin\n|-ability|p1a: Incineroar|Intimidate|boost\n|-unboost|p2a: Farigiraf|atk|1\n|-unboost|p2b: Chi-Yu|atk|1\n|turn|1\n|inactive|Saltwater7 has 30 seconds left.\n|inactive|Indigo Crisp has 30 seconds left.\n|j| Pokemonmaner\n|\n|t:|1738164664\n|-terastallize|p2a: Farigiraf|Water\n|move|p2a: Farigiraf|Helping Hand|p2b: Chi-Yu\n|-singleturn|p2b: Chi-Yu|Helping Hand|[of] p2a: Farigiraf\n|move|p2b: Chi-Yu|Heat Wave|p1b: Urshifu|[spread] p1a,p1b\n|-resisted|p1a: Incineroar\n|-damage|p1a: Incineroar|63\/100\n|-enditem|p1b: Urshifu|Focus Sash\n|-damage|p1b: Urshifu|1\/100\n|move|p1b: Urshifu|Close Combat|p2b: Chi-Yu\n|-supereffective|p2b: Chi-Yu\n|-damage|p2b: Chi-Yu|0 fnt\n|-unboost|p1b: Urshifu|def|1\n|-unboost|p1b: Urshifu|spd|1\n|faint|p2b: Chi-Yu\n|move|p1a: Incineroar|Knock Off|p2a: Farigiraf\n|-damage|p2a: Farigiraf|68\/100\n|-enditem|p2a: Farigiraf|Safety Goggles|[from] move: Knock Off|[of] p1a: Incineroar\n|\n|upkeep\n|j| qwedsa98765\n|\n|t:|1738164685\n|switch|p2b: Zacian|Zacian-Crowned, L50|100\/100\n|-ability|p2b: Zacian|Intrepid Sword|boost\n|-boost|p2b: Zacian|atk|1\n|turn|2\n|\n|t:|1738164702\n|switch|p1a: Amoonguss|Amoonguss, L50, F|100\/100\n|move|p2b: Zacian|Sacred Sword|p1a: Amoonguss\n|-resisted|p1a: Amoonguss\n|-damage|p1a: Amoonguss|81\/100\n|-damage|p2b: Zacian|84\/100|[from] item: Rocky Helmet|[of] p1a: Amoonguss\n|move|p1b: Urshifu|Wicked Blow|p2a: Farigiraf\n|-crit|p2a: Farigiraf\n|-damage|p2a: Farigiraf|19\/100\n|move|p2a: Farigiraf|Foul Play|p1b: Urshifu\n|-resisted|p1b: Urshifu\n|-crit|p1b: Urshifu\n|-damage|p1b: Urshifu|0 fnt\n|faint|p1b: Urshifu\n|\n|upkeep\n|l| Pokemonmaner\n|\n|t:|1738164720\n|switch|p1b: Incineroar|Incineroar, L50, F|63\/100\n|-ability|p1b: Incineroar|Intimidate|boost\n|-unboost|p2a: Farigiraf|atk|1\n|-unboost|p2b: Zacian|atk|1\n|turn|3\n|inactive|Indigo Crisp has 30 seconds left.\n|inactive|Indigo Crisp has 20 seconds left.\n|\n|t:|1738164758\n|-terastallize|p1a: Amoonguss|Water\n|move|p2b: Zacian|Behemoth Blade|p1a: Amoonguss\n|-resisted|p1a: Amoonguss\n|-damage|p1a: Amoonguss|59\/100\n|-damage|p2b: Zacian|68\/100|[from] item: Rocky Helmet|[of] p1a: Amoonguss\n|move|p1b: Incineroar|Parting Shot|p2b: Zacian\n|-unboost|p2b: Zacian|atk|1\n|-unboost|p2b: Zacian|spa|1\n|\n|t:|1738164765\n|switch|p1b: Calyrex|Calyrex-Ice, L50|100\/100|[from] Parting Shot\n|-ability|p1b: Calyrex|As One\n|-ability|p1b: Calyrex|Unnerve\n|move|p2a: Farigiraf|Psychic|p1a: Amoonguss\n|-damage|p1a: Amoonguss|30\/100\n|move|p1a: Amoonguss|Spore|p2a: Farigiraf\n|-status|p2a: Farigiraf|slp|[from] move: Spore\n|\n|upkeep\n|turn|4\n|j| iywsrh\n|\n|t:|1738164784\n|move|p2b: Zacian|Sacred Sword|p1a: Amoonguss\n|-damage|p1a: Amoonguss|13\/100\n|-damage|p2b: Zacian|52\/100|[from] item: Rocky Helmet|[of] p1a: Amoonguss\n|cant|p2a: Farigiraf|slp\n|move|p1a: Amoonguss|Pollen Puff|p1b: Calyrex\n|-immune|p1b: Calyrex\n|move|p1b: Calyrex|Trick Room|p1b: Calyrex\n|-fieldstart|move: Trick Room|[of] p1b: Calyrex\n|\n|upkeep\n|turn|5\n|l| iywsrh\n|\n|t:|1738164800\n|move|p1a: Amoonguss|Spore|p2b: Zacian\n|-status|p2b: Zacian|slp|[from] move: Spore\n|move|p1b: Calyrex|Glacial Lance|p2b: Zacian|[spread] p2a,p2b\n|-resisted|p2a: Farigiraf\n|-resisted|p2b: Zacian\n|-damage|p2a: Farigiraf|0 fnt\n|-damage|p2b: Zacian|23\/100 slp\n|faint|p2a: Farigiraf\n|-ability|p1b: Calyrex|Chilling Neigh|boost\n|-boost|p1b: Calyrex|atk|1\n|cant|p2b: Zacian|slp\n|\n|upkeep\n|-message|Saltwater7 forfeited.\n|\n|win|Indigo Crisp\n|raw|Indigo Crisp's rating: 1592 &rarr; <strong>1615<\/strong><br \/>(+23 for winning)\n|raw|Saltwater7's rating: 1644 &rarr; <strong>1621<\/strong><br \/>(-23 for losing)\n|l|\u2606Saltwater7\n|player|p2|\n|l|\u2606Indigo Crisp\n|player|p1|\n|l| qwedsa98765\n","uploadtime":1738165040,"views":24,"formatid":"gen9vgc2025regg","rating":1615,"private":0,"password":null}