{"id":"gen9vgc2025regg-2290068328","format":"[Gen 9] VGC 2025 Reg G","players":["Chocbrewis","huskuinvgc"],"log":"|j|\u2606Chocbrewis\n|j|\u2606huskuinvgc\n|t:|1738095478\n|gametype|doubles\n|player|p1|Chocbrewis|cyclist-gen4|1605\n|player|p2|huskuinvgc|hugh|1559\n|teamsize|p1|6\n|teamsize|p2|6\n|gen|9\n|tier|[Gen 9] VGC 2025 Reg G\n|rated|\n|rule|Species Clause: Limit one of each Pok\u00e9mon\n|rule|Item Clause: Limit 1 of each item\n|clearpoke\n|poke|p1|Farigiraf, L50, F|\n|poke|p1|Regieleki, L50|\n|poke|p1|Landorus, L50, M|\n|poke|p1|Ogerpon-Cornerstone, L50, F|\n|poke|p1|Urshifu-*, L50, F|\n|poke|p1|Calyrex-Ice, L50|\n|poke|p2|Calyrex-Ice, L50|\n|poke|p2|Amoonguss, L50, F|\n|poke|p2|Chien-Pao, L50|\n|poke|p2|Urshifu-*, L50, M|\n|poke|p2|Pelipper, L50, M|\n|poke|p2|Raging Bolt, L50|\n|teampreview|4\n|inactive|Battle timer is ON: inactive players will automatically lose when time's up. (requested by huskuinvgc)\nChocbrewis rejected open team sheets.\n|j| jdarcan\n|inactive|Chocbrewis has 60 seconds left.\n|j| mentalrofl\n|inactive|Chocbrewis has 30 seconds left.\n|\n|t:|1738095542\n|start\n|switch|p1a: Regieleki|Regieleki, L50|100\/100\n|switch|p1b: Ogerpon|Ogerpon-Cornerstone, L50, F|100\/100\n|switch|p2a: Calyrex|Calyrex-Ice, L50|100\/100\n|switch|p2b: Urshifu|Urshifu-Rapid-Strike, L50, M|100\/100\n|-ability|p2a: Calyrex|As One\n|-ability|p2a: Calyrex|Unnerve\n|turn|1\n|inactive|Chocbrewis has 30 seconds left.\n|\n|t:|1738095573\n|switch|p1b: Calyrex|Calyrex-Ice, L50|100\/100\n|-ability|p1b: Calyrex|As One\n|-ability|p1b: Calyrex|Unnerve\n|move|p1a: Regieleki|Volt Switch|p2b: Urshifu\n|-supereffective|p2b: Urshifu\n|-damage|p2b: Urshifu|0 fnt\n|faint|p2b: Urshifu\n|\n|t:|1738095582\n|switch|p1a: Urshifu|Urshifu, L50, F|100\/100|[from] Volt Switch\n|move|p2a: Calyrex|Trick Room|p2a: Calyrex\n|-fieldstart|move: Trick Room|[of] p2a: Calyrex\n|\n|upkeep\n|\n|t:|1738095593\n|switch|p2b: Chien-Pao|Chien-Pao, L50|100\/100\n|-ability|p2b: Chien-Pao|Sword of Ruin\n|turn|2\n|inactive|Chocbrewis has 30 seconds left.\n|inactive|Chocbrewis has 20 seconds left.\n|inactive|Chocbrewis has 15 seconds left.\n|\n|t:|1738095636\n|-terastallize|p2a: Calyrex|Fairy\n|move|p2b: Chien-Pao|Sucker Punch|p1b: Calyrex\n|-supereffective|p1b: Calyrex\n|-damage|p1b: Calyrex|41\/100\n|move|p2a: Calyrex|Glacial Lance|p1b: Calyrex|[spread] p1a,p1b\n|-resisted|p1b: Calyrex\n|-damage|p1a: Urshifu|8\/100\n|-damage|p1b: Calyrex|16\/100\n|move|p1b: Calyrex|High Horsepower|p2b: Chien-Pao\n|-damage|p2b: Chien-Pao|48\/100\n|move|p1a: Urshifu|Wicked Blow|p2b: Chien-Pao\n|-resisted|p2b: Chien-Pao\n|-crit|p2b: Chien-Pao\n|-damage|p2b: Chien-Pao|0 fnt\n|faint|p2b: Chien-Pao\n|\n|upkeep\n|\n|t:|1738095651\n|switch|p2b: Pelipper|Pelipper, L50, M|100\/100\n|-weather|RainDance|[from] ability: Drizzle|[of] p2b: Pelipper\n|turn|3\n|inactive|Chocbrewis has 30 seconds left.\n|inactive|Chocbrewis has 20 seconds left.\n|\n|t:|1738095688\n|switch|p1a: Regieleki|Regieleki, L50|100\/100\n|move|p1b: Calyrex|Protect|p1b: Calyrex\n|-singleturn|p1b: Calyrex|Protect\n|move|p2b: Pelipper|Wide Guard|p2b: Pelipper\n|-singleturn|p2b: Pelipper|Wide Guard\n|move|p2a: Calyrex|Glacial Lance|p1a: Regieleki|[spread] p1a\n|-activate|p1b: Calyrex|move: Protect\n|-enditem|p1a: Regieleki|Focus Sash\n|-damage|p1a: Regieleki|1\/100\n|\n|-weather|RainDance|[upkeep]\n|upkeep\n|turn|4\n|inactive|Chocbrewis has 30 seconds left.\n|\n|t:|1738095715\n|move|p2b: Pelipper|Helping Hand|p2a: Calyrex\n|-singleturn|p2a: Calyrex|Helping Hand|[of] p2b: Pelipper\n|move|p1b: Calyrex|Protect||[still]\n|-fail|p1b: Calyrex\n|move|p1a: Regieleki|Protect|p1a: Regieleki\n|-singleturn|p1a: Regieleki|Protect\n|move|p2a: Calyrex|Glacial Lance|p1b: Calyrex|[spread] p1b\n|-activate|p1a: Regieleki|move: Protect\n|-resisted|p1b: Calyrex\n|-damage|p1b: Calyrex|0 fnt\n|faint|p1b: Calyrex\n|-ability|p2a: Calyrex|Chilling Neigh|boost\n|-boost|p2a: Calyrex|atk|1\n|\n|-weather|RainDance|[upkeep]\n|upkeep\n|\n|t:|1738095729\n|switch|p1b: Ogerpon|Ogerpon-Cornerstone, L50, F|100\/100\n|turn|5\n|\n|t:|1738095742\n|switch|p1a: Urshifu|Urshifu, L50, F|8\/100\n|move|p1b: Ogerpon|Spiky Shield|p1b: Ogerpon\n|-singleturn|p1b: Ogerpon|move: Protect\n|move|p2a: Calyrex|Glacial Lance|p1b: Ogerpon|[spread] p1a\n|-activate|p1b: Ogerpon|move: Protect\n|-damage|p1a: Urshifu|0 fnt\n|faint|p1a: Urshifu\n|-ability|p2a: Calyrex|Chilling Neigh|boost\n|-boost|p2a: Calyrex|atk|1\n|move|p2b: Pelipper|Weather Ball|p1b: Ogerpon\n|-activate|p1b: Ogerpon|move: Protect\n|\n|-weather|RainDance|[upkeep]\n|-fieldend|move: Trick Room\n|upkeep\n|j| Roman_Legend\n|\n|t:|1738095757\n|switch|p1a: Regieleki|Regieleki, L50|1\/100\n|turn|6\n|\n|t:|1738095771\n|-terastallize|p1a: Regieleki|Electric\n|move|p1a: Regieleki|Thunderbolt|p2a: Calyrex\n|-damage|p2a: Calyrex|54\/100\n|move|p1b: Ogerpon|Ivy Cudgel|p2a: Calyrex|[anim] Ivy Cudgel Rock\n|-damage|p2a: Calyrex|20\/100\n|move|p2b: Pelipper|Hurricane|p1b: Ogerpon\n|-damage|p1b: Ogerpon|40\/100\n|-start|p1b: Ogerpon|confusion\n|move|p2a: Calyrex|Glacial Lance|p1a: Regieleki|[spread] p1a,p1b\n|-crit|p1a: Regieleki\n|-supereffective|p1b: Ogerpon\n|-damage|p1a: Regieleki|0 fnt\n|-damage|p1b: Ogerpon|0 fnt\n|faint|p1a: Regieleki\n|faint|p1b: Ogerpon\n|\n|win|huskuinvgc\n|raw|Chocbrewis's rating: 1605 &rarr; <strong>1582<\/strong><br \/>(-23 for losing)\n|raw|huskuinvgc's rating: 1559 &rarr; <strong>1582<\/strong><br \/>(+23 for winning)\n|c|\u2606Chocbrewis|gg\n|l| mentalrofl\n|l|\u2606huskuinvgc\n|player|p2|\n|l|\u2606Chocbrewis\n|player|p1|\n","uploadtime":1738095772,"views":25,"formatid":"gen9vgc2025regg","rating":1582,"private":0,"password":null}