{"id":"gen9vgc2025regg-2290005036","format":"[Gen 9] VGC 2025 Reg G","players":["Atsikanu~","FelizJuevesVGC"],"log":"|j|\u2606Atsikanu~\n|j|\u2606FelizJuevesVGC\n|t:|1738089512\n|gametype|doubles\n|player|p1|Atsikanu~|101|1520\n|player|p2|FelizJuevesVGC|iris-gen5bw2|1596\n|teamsize|p1|6\n|teamsize|p2|6\n|gen|9\n|tier|[Gen 9] VGC 2025 Reg G\n|rated|\n|rule|Species Clause: Limit one of each Pok\u00e9mon\n|rule|Item Clause: Limit 1 of each item\n|clearpoke\n|poke|p1|Urshifu-*, L50, F|\n|poke|p1|Kyogre, L50|\n|poke|p1|Electabuzz, L50, M|\n|poke|p1|Farigiraf, L50, M|\n|poke|p1|Annihilape, L50, F|\n|poke|p1|Ogerpon-Cornerstone, L50, F|\n|poke|p2|Eternatus, L50|\n|poke|p2|Chi-Yu, L50|\n|poke|p2|Tornadus, L50, M|\n|poke|p2|Flutter Mane, L50|\n|poke|p2|Urshifu-*, L50, F|\n|poke|p2|Rillaboom, L50, M|\n|teampreview|4\n|inactive|Battle timer is ON: inactive players will automatically lose when time's up. (requested by Atsikanu~)\n|\n|t:|1738089541\n|start\n|switch|p1a: Ogerpon|Ogerpon-Cornerstone, L50, F|100\/100\n|switch|p1b: Annihilape|Annihilape, L50, F|100\/100\n|switch|p2a: Rigby|Chi-Yu, L50|100\/100\n|switch|p2b: Fives|Tornadus, L50, M|100\/100\n|-ability|p2a: Rigby|Beads of Ruin\n|turn|1\n|\n|t:|1738089566\n|-terastallize|p2b: Fives|Steel\n|move|p2b: Fives|Tailwind|p2b: Fives\n|-sidestart|p2: FelizJuevesVGC|move: Tailwind\n|move|p2a: Rigby|Heat Wave|p1b: Annihilape|[spread] p1a\n|-miss|p2a: Rigby|p1b: Annihilape\n|-damage|p1a: Ogerpon|11\/100\n|move|p1b: Annihilape|U-turn|p2a: Rigby\n|-damage|p2a: Rigby|71\/100\n|\n|t:|1738089590\n|switch|p1b: Kyogre|Kyogre, L50|100\/100|[from] U-turn\n|-weather|RainDance|[from] ability: Drizzle|[of] p1b: Kyogre\n|move|p1a: Ogerpon|Ivy Cudgel|p2a: Rigby|[anim] Ivy Cudgel Rock\n|-supereffective|p2a: Rigby\n|-crit|p2a: Rigby\n|-damage|p2a: Rigby|0 fnt\n|faint|p2a: Rigby\n|\n|-weather|RainDance|[upkeep]\n|upkeep\n|\n|t:|1738089600\n|switch|p2a: Benson|Eternatus, L50|100\/100\n|-ability|p2a: Benson|Pressure\n|turn|2\n|c|\u2606Atsikanu~|Oh.\n|c|\u2606Atsikanu~|Specs sludge wave.\n|inactive|Atsikanu~ has 30 seconds left.\n|\n|t:|1738089627\n|move|p1a: Ogerpon|Follow Me|p1a: Ogerpon\n|-singleturn|p1a: Ogerpon|move: Follow Me\n|move|p2b: Fives|Sunny Day|p2b: Fives\n|-weather|SunnyDay\n|move|p2a: Benson|Meteor Beam||[still]\n|-prepare|p2a: Benson|Meteor Beam\n|-boost|p2a: Benson|spa|1\n|-enditem|p2a: Benson|Power Herb\n|-anim|p2a: Benson|Meteor Beam|p1a: Ogerpon\n|-damage|p1a: Ogerpon|0 fnt\n|faint|p1a: Ogerpon\n|move|p1b: Kyogre|Ice Beam|p2a: Benson\n|-supereffective|p2a: Benson\n|-damage|p2a: Benson|4\/100\n|\n|-weather|SunnyDay|[upkeep]\n|upkeep\n|c|\u2606Atsikanu~|No atcuallu\n|c|\u2606FelizJuevesVGC|LOL\n|\n|t:|1738089647\n|switch|p1a: Farigiraf|Farigiraf, L50, M|100\/100\n|turn|3\n|c|\u2606FelizJuevesVGC|no idea what im doing\n|inactive|Atsikanu~ has 30 seconds left.\n|inactive|FelizJuevesVGC has 30 seconds left.\n|\n|t:|1738089673\n|switch|p1b: Annihilape|Annihilape, L50, F|100\/100\n|move|p2a: Benson|Dynamax Cannon|p1a: Farigiraf\n|-damage|p1a: Farigiraf|24\/100\n|-enditem|p1a: Farigiraf|Sitrus Berry|[eat]\n|-heal|p1a: Farigiraf|49\/100|[from] item: Sitrus Berry\n|move|p2b: Fives|Bleakwind Storm|p1a: Farigiraf|[spread] p1a\n|-miss|p2b: Fives|p1b: Annihilape\n|-damage|p1a: Farigiraf|15\/100\n|-unboost|p1a: Farigiraf|spe|1\n|move|p1a: Farigiraf|Trick Room|p1a: Farigiraf\n|-fieldstart|move: Trick Room|[of] p1a: Farigiraf\n|\n|-weather|SunnyDay|[upkeep]\n|upkeep\n|turn|4\n|c|\u2606Atsikanu~|Im trollling tho\n|\n|t:|1738089697\n|switch|p2a: Skips|Rillaboom, L50, M|100\/100\n|-fieldstart|move: Grassy Terrain|[from] ability: Grassy Surge|[of] p2a: Skips\n|move|p1a: Farigiraf|Hyper Voice|p2b: Fives|[spread] p2a,p2b\n|-resisted|p2b: Fives\n|-damage|p2a: Skips|85\/100\n|-damage|p2b: Fives|87\/100\n|move|p1b: Annihilape|Final Gambit|p2b: Fives\n|-damage|p2b: Fives|0 fnt\n|faint|p1b: Annihilape\n|faint|p2b: Fives\n|\n|-weather|SunnyDay|[upkeep]\n|-heal|p1a: Farigiraf|21\/100|[from] Grassy Terrain\n|-heal|p2a: Skips|90\/100|[from] Grassy Terrain\n|-sideend|p2: FelizJuevesVGC|move: Tailwind\n|upkeep\n|c|\u2606Atsikanu~|Specs kyo min speed\n|c|\u2606FelizJuevesVGC|thats hilarious lol\n|\n|t:|1738089711\n|switch|p2b: Benson|Eternatus, L50|4\/100\n|switch|p1b: Kyogre|Kyogre, L50|100\/100\n|-weather|RainDance|[from] ability: Drizzle|[of] p1b: Kyogre\n|-ability|p2b: Benson|Pressure\n|turn|5\n|\n|t:|1738089723\n|-terastallize|p1b: Kyogre|Grass\n|move|p1a: Farigiraf|Ally Switch|p1a: Farigiraf\n|swap|p1a: Farigiraf|1|[from] move: Ally Switch\n|move|p1a: Kyogre|Water Spout|p2b: Benson|[spread] p2a,p2b\n|-resisted|p2a: Skips\n|-crit|p2a: Skips\n|-resisted|p2b: Benson\n|-damage|p2a: Skips|8\/100\n|-damage|p2b: Benson|0 fnt\n|faint|p2b: Benson\n|move|p2a: Skips|Wood Hammer|p1b: Farigiraf\n|-damage|p1b: Farigiraf|0 fnt\n|faint|p1b: Farigiraf\n|-damage|p2a: Skips|0 fnt|[from] Recoil\n|faint|p2a: Skips\n|\n|win|Atsikanu~\n|raw|Atsikanu~'s rating: 1520 &rarr; <strong>1544<\/strong><br \/>(+24 for winning)\n|raw|FelizJuevesVGC's rating: 1596 &rarr; <strong>1572<\/strong><br \/>(-24 for losing)\n|c|\u2606FelizJuevesVGC|gg haha\n|c|\u2606Atsikanu~|Gg\n|l|\u2606FelizJuevesVGC\n|player|p2|\n|l|\u2606Atsikanu~\n|player|p1|\n","uploadtime":1738089974,"views":6,"formatid":"gen9vgc2025regg","rating":1544,"private":0,"password":null}