{"id":"gen9vgc2025regg-2290309093","format":"[Gen 9] VGC 2025 Reg G","players":["bluestraggler01","YxngDaws"],"log":"|j|\u2606bluestraggler01\n|j|\u2606YxngDaws\n|t:|1738128780\n|gametype|doubles\n|player|p1|bluestraggler01|170|1676\n|player|p2|YxngDaws|169|1581\n|teamsize|p1|6\n|teamsize|p2|6\n|gen|9\n|tier|[Gen 9] VGC 2025 Reg G\n|rated|\n|rule|Species Clause: Limit one of each Pok\u00e9mon\n|rule|Item Clause: Limit 1 of each item\n|clearpoke\n|poke|p1|Koraidon, L50|\n|poke|p1|Flutter Mane, L50|\n|poke|p1|Umbreon, L50, F|\n|poke|p1|Armarouge, L50, F|\n|poke|p1|Ogerpon-Cornerstone, L50, F|\n|poke|p1|Raging Bolt, L50|\n|poke|p2|Lunala, L50|\n|poke|p2|Rillaboom, L50, M|\n|poke|p2|Urshifu-*, L50, F|\n|poke|p2|Incineroar, L50, F|\n|poke|p2|Pelipper, L50, M|\n|poke|p2|Comfey, L50, F|\n|teampreview|4\n|\n|t:|1738128800\n|start\n|switch|p1a: Umbreon|Umbreon, L50, F|100\/100\n|switch|p1b: Ogerpon|Ogerpon-Cornerstone, L50, F|100\/100\n|switch|p2a: Lunala|Lunala, L50|100\/100\n|switch|p2b: Incineroar|Incineroar, L50, F|100\/100\n|-ability|p2b: Incineroar|Intimidate|boost\n|-fail|p1a: Umbreon|unboost|Attack|[from] ability: Inner Focus|[of] p1a: Umbreon\n|-unboost|p1b: Ogerpon|atk|1\n|turn|1\n|inactive|Battle timer is ON: inactive players will automatically lose when time's up. (requested by bluestraggler01)\n|j| rdchtfvjh\n|\n|t:|1738128816\n|-terastallize|p2a: Lunala|Fairy\n|move|p2b: Incineroar|Fake Out|p1a: Umbreon\n|-damage|p1a: Umbreon|94\/100\n|move|p1b: Ogerpon|Ivy Cudgel|p2b: Incineroar|[anim] Ivy Cudgel Rock\n|-supereffective|p2b: Incineroar\n|-damage|p2b: Incineroar|26\/100\n|move|p2a: Lunala|Calm Mind|p2a: Lunala\n|-boost|p2a: Lunala|spa|1\n|-boost|p2a: Lunala|spd|1\n|move|p1a: Umbreon|Yawn|p2a: Lunala\n|-start|p2a: Lunala|move: Yawn|[of] p1a: Umbreon\n|\n|-heal|p1a: Umbreon|99\/100|[from] item: Leftovers\n|upkeep\n|turn|2\n|inactive|YxngDaws has 30 seconds left.\n|\n|t:|1738128843\n|move|p1b: Ogerpon|Ivy Cudgel|p2b: Incineroar|[anim] Ivy Cudgel Rock\n|-supereffective|p2b: Incineroar\n|-damage|p2b: Incineroar|0 fnt\n|faint|p2b: Incineroar\n|move|p2a: Lunala|Dazzling Gleam|p1a: Umbreon|[spread] p1a,p1b\n|-supereffective|p1a: Umbreon\n|-damage|p1a: Umbreon|36\/100\n|-damage|p1b: Ogerpon|41\/100\n|move|p1a: Umbreon|Foul Play|p2a: Lunala\n|-resisted|p2a: Lunala\n|-crit|p2a: Lunala\n|-damage|p2a: Lunala|92\/100\n|\n|-heal|p2a: Lunala|99\/100|[from] item: Leftovers\n|-heal|p1a: Umbreon|42\/100|[from] item: Leftovers\n|-end|p2a: Lunala|move: Yawn|[silent]\n|-status|p2a: Lunala|slp\n|upkeep\n|\n|t:|1738128859\n|switch|p2b: Comfey|Comfey, L50, F|100\/100\n|turn|3\n|\n|t:|1738128882\n|move|p2b: Comfey|Draining Kiss|p1a: Umbreon\n|-supereffective|p1a: Umbreon\n|-damage|p1a: Umbreon|24\/100\n|move|p1b: Ogerpon|Ivy Cudgel|p2b: Comfey|[anim] Ivy Cudgel Rock\n|-crit|p2b: Comfey\n|-damage|p2b: Comfey|28\/100\n|cant|p2a: Lunala|slp\n|move|p1a: Umbreon|Yawn|p2b: Comfey\n|-start|p2b: Comfey|move: Yawn|[of] p1a: Umbreon\n|\n|-heal|p2a: Lunala|100\/100 slp|[from] item: Leftovers\n|-heal|p1a: Umbreon|30\/100|[from] item: Leftovers\n|upkeep\n|turn|4\n|inactive|YxngDaws has 30 seconds left.\n|\n|t:|1738128914\n|move|p2b: Comfey|Draining Kiss|p1b: Ogerpon\n|-crit|p1b: Ogerpon\n|-damage|p1b: Ogerpon|16\/100\n|-heal|p2b: Comfey|47\/100|[from] drain|[of] p1b: Ogerpon\n|move|p1b: Ogerpon|Ivy Cudgel|p2b: Comfey|[anim] Ivy Cudgel Rock\n|-damage|p2b: Comfey|12\/100\n|cant|p2a: Lunala|slp\n|move|p1a: Umbreon|Taunt|p2a: Lunala\n|-start|p2a: Lunala|move: Taunt\n|\n|-heal|p1a: Umbreon|36\/100|[from] item: Leftovers\n|-end|p2b: Comfey|move: Yawn|[silent]\n|-status|p2b: Comfey|slp\n|upkeep\n|turn|5\n|\n|t:|1738128935\n|move|p1a: Umbreon|Protect|p1a: Umbreon\n|-singleturn|p1a: Umbreon|Protect\n|cant|p2b: Comfey|slp\n|move|p1b: Ogerpon|Ivy Cudgel|p2b: Comfey|[anim] Ivy Cudgel Rock\n|-damage|p2b: Comfey|0 fnt\n|faint|p2b: Comfey\n|-curestatus|p2a: Lunala|slp|[msg]\n|move|p2a: Lunala|Dazzling Gleam|p1b: Ogerpon|[spread] p1b\n|-activate|p1a: Umbreon|move: Protect\n|-damage|p1b: Ogerpon|0 fnt\n|faint|p1b: Ogerpon\n|\n|-heal|p1a: Umbreon|42\/100|[from] item: Leftovers\n|upkeep\n|\n|t:|1738128952\n|switch|p1b: Raging Bolt|Raging Bolt, L50|100\/100\n|switch|p2b: Pelipper|Pelipper, L50, M|100\/100\n|-weather|RainDance|[from] ability: Drizzle|[of] p2b: Pelipper\n|turn|6\n|inactive|bluestraggler01 has 30 seconds left.\n|\n|t:|1738128981\n|move|p1b: Raging Bolt|Protect|p1b: Raging Bolt\n|-singleturn|p1b: Raging Bolt|Protect\n|move|p2a: Lunala|Dazzling Gleam|p1a: Umbreon|[spread] p1a\n|-activate|p1b: Raging Bolt|move: Protect\n|-supereffective|p1a: Umbreon\n|-damage|p1a: Umbreon|0 fnt\n|faint|p1a: Umbreon\n|move|p2b: Pelipper|Tailwind|p2b: Pelipper\n|-sidestart|p2: YxngDaws|move: Tailwind\n|\n|-weather|RainDance|[upkeep]\n|upkeep\n|\n|t:|1738128985\n|switch|p1a: Koraidon|Koraidon, L50|100\/100\n|-weather|SunnyDay|[from] ability: Orichalcum Pulse|[of] p1a: Koraidon\n|-activate|p1b: Raging Bolt|ability: Protosynthesis\n|-start|p1b: Raging Bolt|protosynthesisspa\n|-activate|p1a: Koraidon|Orichalcum Pulse|[source]\n|turn|7\n|inactive|YxngDaws has 30 seconds left.\n|\n|t:|1738129012\n|-terastallize|p1a: Koraidon|Fire\n|move|p1b: Raging Bolt|Thunderclap|p2a: Lunala\n|-damage|p2a: Lunala|83\/100\n|-damage|p1b: Raging Bolt|91\/100|[from] item: Life Orb\n|move|p2a: Lunala|Dazzling Gleam|p1a: Koraidon|[spread] p1a,p1b\n|-resisted|p1a: Koraidon\n|-supereffective|p1b: Raging Bolt\n|-damage|p1a: Koraidon|84\/100\n|-damage|p1b: Raging Bolt|11\/100\n|move|p2b: Pelipper|Hurricane|p1a: Koraidon\n|-damage|p1a: Koraidon|49\/100\n|-start|p1a: Koraidon|confusion\n|-damage|p2b: Pelipper|91\/100|[from] item: Life Orb\n|-activate|p1a: Koraidon|confusion\n|move|p1a: Koraidon|Flare Blitz|p2a: Lunala\n|-damage|p2a: Lunala|0 fnt\n|faint|p2a: Lunala\n|-damage|p1a: Koraidon|18\/100|[from] Recoil\n|\n|-weather|SunnyDay|[upkeep]\n|upkeep\n|turn|8\n|\n|t:|1738129037\n|move|p1b: Raging Bolt|Thunderclap|p2b: Pelipper\n|-supereffective|p2b: Pelipper\n|-crit|p2b: Pelipper\n|-damage|p2b: Pelipper|0 fnt\n|faint|p2b: Pelipper\n|-damage|p1b: Raging Bolt|1\/100|[from] item: Life Orb\n|\n|win|bluestraggler01\n|raw|bluestraggler01's rating: 1676 &rarr; <strong>1691<\/strong><br \/>(+15 for winning)\n|raw|YxngDaws's rating: 1581 &rarr; <strong>1566<\/strong><br \/>(-15 for losing)\n|l|\u2606YxngDaws\n|player|p2|\n|l|\u2606bluestraggler01\n|player|p1|\n|l| rdchtfvjh\n","uploadtime":1738129301,"views":16,"formatid":"gen9vgc2025regg","rating":1566,"private":0,"password":null}