{"id":"gen9vgc2025regg-2290023527","format":"[Gen 9] VGC 2025 Reg G","players":["Waffles4breakfast","chaddiestchad"],"log":"|j|\u2606Waffles4breakfast\n|j|\u2606chaddiestchad\n|t:|1738091242\n|gametype|doubles\n|player|p1|Waffles4breakfast|juggler|1525\n|player|p2|chaddiestchad|supernerd|1571\n|teamsize|p1|6\n|teamsize|p2|6\n|gen|9\n|tier|[Gen 9] VGC 2025 Reg G\n|rated|\n|rule|Species Clause: Limit one of each Pok\u00e9mon\n|rule|Item Clause: Limit 1 of each item\n|clearpoke\n|poke|p1|Kyogre, L50|\n|poke|p1|Tornadus, L50, M|\n|poke|p1|Annihilape, L50, M|\n|poke|p1|Flutter Mane, L50|\n|poke|p1|Dragonite, L50, F|\n|poke|p1|Indeedee-F, L50, F|\n|poke|p2|Calyrex-Shadow, L50|\n|poke|p2|Ogerpon-Hearthflame, L50, F|\n|poke|p2|Incineroar, L50, F|\n|poke|p2|Urshifu-*, L50, M|\n|poke|p2|Rillaboom, L50, F|\n|poke|p2|Raging Bolt, L50|\n|teampreview|4\n|inactive|Battle timer is ON: inactive players will automatically lose when time's up. (requested by chaddiestchad)\n|inactive|chaddiestchad has 60 seconds left.\n|inactive|chaddiestchad has 30 seconds left.\n|inactive|chaddiestchad has 20 seconds left.\n|inactive|chaddiestchad has 15 seconds left.\n|\n|t:|1738091326\n|start\n|switch|p1a: Flutter Mane|Flutter Mane, L50|100\/100\n|switch|p1b: Dragonite|Dragonite, L50, F|100\/100\n|switch|p2a: Urshifu|Urshifu-Rapid-Strike, L50, M|100\/100\n|switch|p2b: Raging Bolt|Raging Bolt, L50|100\/100\n|-enditem|p2b: Raging Bolt|Booster Energy\n|-activate|p2b: Raging Bolt|ability: Protosynthesis|[fromitem]\n|-start|p2b: Raging Bolt|protosynthesisspa\n|turn|1\n|inactive|Waffles4breakfast has 30 seconds left.\n|inactive|chaddiestchad has 30 seconds left.\n|\n|t:|1738091357\n|-terastallize|p1b: Dragonite|Normal\n|move|p2b: Raging Bolt|Protect|p2b: Raging Bolt\n|-singleturn|p2b: Raging Bolt|Protect\n|move|p1b: Dragonite|Extreme Speed|p2a: Urshifu\n|-damage|p2a: Urshifu|33\/100\n|move|p1a: Flutter Mane|Dazzling Gleam|p2b: Raging Bolt|[spread] p2a\n|-activate|p2b: Raging Bolt|move: Protect\n|-supereffective|p2a: Urshifu\n|-damage|p2a: Urshifu|0 fnt\n|faint|p2a: Urshifu\n|\n|upkeep\n|\n|t:|1738091371\n|switch|p2a: Rillaboom|Rillaboom, L50, F|100\/100\n|-fieldstart|move: Grassy Terrain|[from] ability: Grassy Surge|[of] p2a: Rillaboom\n|turn|2\n|\n|t:|1738091381\n|-end|p2b: Raging Bolt|Protosynthesis|[silent]\n|switch|p2b: Calyrex|Calyrex-Shadow, L50|100\/100\n|-ability|p2b: Calyrex|As One\n|-ability|p2b: Calyrex|Unnerve\n|move|p1b: Dragonite|Extreme Speed|p2b: Calyrex\n|-immune|p2b: Calyrex\n|move|p1a: Flutter Mane|Moonblast|p2b: Calyrex\n|-damage|p2b: Calyrex|47\/100\n|move|p2a: Rillaboom|Wood Hammer|p1b: Dragonite\n|-damage|p1b: Dragonite|26\/100\n|-damage|p2a: Rillaboom|78\/100|[from] Recoil\n|\n|-heal|p2b: Calyrex|52\/100|[from] Grassy Terrain\n|-heal|p2a: Rillaboom|84\/100|[from] Grassy Terrain\n|-heal|p1b: Dragonite|32\/100|[from] Grassy Terrain\n|upkeep\n|turn|3\n|\n|t:|1738091402\n|move|p1b: Dragonite|Extreme Speed|p2a: Rillaboom\n|-damage|p2a: Rillaboom|13\/100\n|move|p2a: Rillaboom|Grassy Glide|p1a: Flutter Mane\n|-damage|p1a: Flutter Mane|27\/100\n|move|p2b: Calyrex|Astral Barrage|p1b: Dragonite|[spread] p1a\n|-immune|p1b: Dragonite\n|-supereffective|p1a: Flutter Mane\n|-damage|p1a: Flutter Mane|0 fnt\n|faint|p1a: Flutter Mane\n|-end|p1a: Flutter Mane|Protosynthesis|[silent]\n|-ability|p2b: Calyrex|Grim Neigh|boost\n|-boost|p2b: Calyrex|spa|1\n|\n|-heal|p2b: Calyrex|58\/100|[from] Grassy Terrain\n|-heal|p2a: Rillaboom|19\/100|[from] Grassy Terrain\n|-heal|p1b: Dragonite|38\/100|[from] Grassy Terrain\n|upkeep\n|\n|t:|1738091405\n|switch|p1a: Kyogre|Kyogre, L50|100\/100\n|-weather|RainDance|[from] ability: Drizzle|[of] p1a: Kyogre\n|turn|4\n|inactive|chaddiestchad has 30 seconds left.\n|\n|t:|1738091435\n|move|p1b: Dragonite|Extreme Speed|p2a: Rillaboom\n|-damage|p2a: Rillaboom|0 fnt\n|faint|p2a: Rillaboom\n|move|p2b: Calyrex|Psychic|p1b: Dragonite\n|-damage|p1b: Dragonite|0 fnt\n|faint|p1b: Dragonite\n|-ability|p2b: Calyrex|Grim Neigh|boost\n|-boost|p2b: Calyrex|spa|1\n|move|p1a: Kyogre|Origin Pulse|p2b: Calyrex\n|-damage|p2b: Calyrex|0 fnt\n|faint|p2b: Calyrex\n|\n|-weather|RainDance|[upkeep]\n|upkeep\n|\n|t:|1738091451\n|switch|p2b: Raging Bolt|Raging Bolt, L50|100\/100\n|switch|p1b: Indeedee|Indeedee-F, L50, F|100\/100\n|-fieldstart|move: Psychic Terrain|[from] ability: Psychic Surge|[of] p1b: Indeedee\n|turn|5\n|\n|t:|1738091460\n|move|p1b: Indeedee|Follow Me|p1b: Indeedee\n|-singleturn|p1b: Indeedee|move: Follow Me\n|move|p1a: Kyogre|Origin Pulse|p2b: Raging Bolt\n|-resisted|p2b: Raging Bolt\n|-damage|p2b: Raging Bolt|42\/100\n|move|p2b: Raging Bolt|Thunderbolt|p1b: Indeedee\n|-damage|p1b: Indeedee|52\/100\n|-status|p1b: Indeedee|par\n|\n|-weather|RainDance|[upkeep]\n|upkeep\n|turn|6\n|-message|chaddiestchad forfeited.\n|\n|win|Waffles4breakfast\n|raw|Waffles4breakfast's rating: 1525 &rarr; <strong>1548<\/strong><br \/>(+23 for winning)\n|raw|chaddiestchad's rating: 1571 &rarr; <strong>1548<\/strong><br \/>(-23 for losing)\n|l|\u2606chaddiestchad\n|player|p2|\n|l|\u2606Waffles4breakfast\n|player|p1|\n","uploadtime":1738091631,"views":21,"formatid":"gen9vgc2025regg","rating":1548,"private":0,"password":null}