{"id":"gen9vgc2025regg-2290512956","format":"[Gen 9] VGC 2025 Reg G","players":["Cammyrupt12","ComputerYui"],"log":"|j|\u2606Cammyrupt12\n|j|\u2606ComputerYui\n|t:|1738161864\n|gametype|doubles\n|player|p1|Cammyrupt12|ballguy|1516\n|player|p2|ComputerYui|102|1608\n|teamsize|p1|6\n|teamsize|p2|6\n|gen|9\n|tier|[Gen 9] VGC 2025 Reg G\n|rated|\n|rule|Species Clause: Limit one of each Pok\u00e9mon\n|rule|Item Clause: Limit 1 of each item\n|clearpoke\n|poke|p1|Miraidon, L50|\n|poke|p1|Iron Hands, L50|\n|poke|p1|Ogerpon-Hearthflame, L50, F|\n|poke|p1|Urshifu-*, L50, F|\n|poke|p1|Bronzong, L50|\n|poke|p1|Talonflame, L50, F|\n|poke|p2|Armarouge, L50, M|\n|poke|p2|Indeedee-F, L50, F|\n|poke|p2|Koraidon, L50|\n|poke|p2|Whimsicott, L50, F|\n|poke|p2|Walking Wake, L50|\n|poke|p2|Iron Valiant, L50|\n|teampreview|4\n|\n|t:|1738161909\n|start\n|switch|p1a: Ogerpon|Ogerpon-Hearthflame, L50, F|100\/100\n|switch|p1b: Talonflame|Talonflame, L50, F|100\/100\n|switch|p2a: Koraidon|Koraidon, L50|100\/100\n|switch|p2b: Whimsicott|Whimsicott, L50, F, shiny|100\/100\n|-weather|SunnyDay|[from] ability: Orichalcum Pulse|[of] p2a: Koraidon\n|-activate|p2a: Koraidon|Orichalcum Pulse|[source]\n|-ability|p1a: Ogerpon|Mold Breaker\n|turn|1\n|j| cyclopsian\n|\n|t:|1738161952\n|switch|p2a: Indeedee|Indeedee-F, L50, F, shiny|100\/100\n|-fieldstart|move: Psychic Terrain|[from] ability: Psychic Surge|[of] p2a: Indeedee\n|move|p1a: Ogerpon|Spiky Shield|p1a: Ogerpon\n|-singleturn|p1a: Ogerpon|move: Protect\n|move|p1b: Talonflame|Tailwind|p1b: Talonflame\n|-sidestart|p1: Cammyrupt12|move: Tailwind\n|move|p2b: Whimsicott|Taunt|p1a: Ogerpon\n|-activate|p1a: Ogerpon|move: Protect\n|\n|-weather|SunnyDay|[upkeep]\n|upkeep\n|turn|2\n|\n|t:|1738161979\n|-terastallize|p1a: Ogerpon|Fire\n|detailschange|p1a: Ogerpon|Ogerpon-Hearthflame-Tera, L50, F, tera:Fire\n|-ability|p1a: Ogerpon|Embody Aspect (Hearthflame)|boost\n|-boost|p1a: Ogerpon|atk|1\n|move|p2a: Indeedee|Fake Out|p1b: Talonflame\n|-hint|Psychic Terrain doesn't affect Pok\u00e9mon immune to Ground.\n|-damage|p1b: Talonflame|87\/100\n|cant|p1b: Talonflame|flinch\n|move|p2b: Whimsicott|Tailwind|p2b: Whimsicott\n|-sidestart|p2: ComputerYui|move: Tailwind\n|move|p1a: Ogerpon|Ivy Cudgel|p2a: Indeedee|[anim] Ivy Cudgel Fire\n|-damage|p2a: Indeedee|0 fnt\n|faint|p2a: Indeedee\n|\n|-weather|SunnyDay|[upkeep]\n|upkeep\n|\n|t:|1738161996\n|switch|p2a: Armarouge|Armarouge, L50, M, shiny|100\/100\n|turn|3\n|\n|t:|1738162014\n|move|p2b: Whimsicott|Beat Up|p2a: Armarouge\n|-supereffective|p2a: Armarouge\n|-damage|p2a: Armarouge|96\/100\n|-ability|p2a: Armarouge|Weak Armor|boost\n|-unboost|p2a: Armarouge|def|1\n|-boost|p2a: Armarouge|spe|2\n|-enditem|p2a: Armarouge|Weakness Policy\n|-boost|p2a: Armarouge|atk|2|[from] item: Weakness Policy\n|-boost|p2a: Armarouge|spa|2|[from] item: Weakness Policy\n|-supereffective|p2a: Armarouge\n|-damage|p2a: Armarouge|89\/100\n|-ability|p2a: Armarouge|Weak Armor|boost\n|-unboost|p2a: Armarouge|def|1\n|-boost|p2a: Armarouge|spe|2\n|-supereffective|p2a: Armarouge\n|-damage|p2a: Armarouge|77\/100\n|-ability|p2a: Armarouge|Weak Armor|boost\n|-unboost|p2a: Armarouge|def|1\n|-boost|p2a: Armarouge|spe|2\n|-hitcount|p2a: Armarouge|3\n|move|p2a: Armarouge|Expanding Force|p1b: Talonflame|[spread] p1a,p1b\n|-damage|p1a: Ogerpon|0 fnt\n|-damage|p1b: Talonflame|0 fnt\n|faint|p1a: Ogerpon\n|faint|p1b: Talonflame\n|\n|-weather|SunnyDay|[upkeep]\n|upkeep\n|\n|t:|1738162019\n|switch|p1b: Urshifu|Urshifu, L50, F|100\/100\n|switch|p1a: Miraidon|Miraidon, L50|100\/100\n|-fieldstart|move: Electric Terrain|[from] ability: Hadron Engine|[of] p1a: Miraidon\n|turn|4\n|\n|t:|1738162058\n|move|p2a: Armarouge|Endure|p2a: Armarouge\n|-singleturn|p2a: Armarouge|move: Endure\n|move|p1b: Urshifu|Sucker Punch||[still]\n|-fail|p1b: Urshifu\n|move|p2b: Whimsicott|Dazzling Gleam|p1b: Urshifu|[spread] p1a,p1b\n|-supereffective|p1a: Miraidon\n|-supereffective|p1b: Urshifu\n|-damage|p1a: Miraidon|62\/100\n|-enditem|p1b: Urshifu|Focus Sash\n|-damage|p1b: Urshifu|1\/100\n|move|p1a: Miraidon|Electro Drift|p2a: Armarouge\n|-activate|p2a: Armarouge|move: Endure\n|-damage|p2a: Armarouge|1\/100\n|\n|-weather|SunnyDay|[upkeep]\n|-sideend|p1: Cammyrupt12|move: Tailwind\n|upkeep\n|turn|5\n|\n|t:|1738162080\n|move|p2a: Armarouge|Endure|p2a: Armarouge\n|-singleturn|p2a: Armarouge|move: Endure\n|move|p1b: Urshifu|Detect|p1b: Urshifu\n|-singleturn|p1b: Urshifu|Protect\n|move|p2b: Whimsicott|Dazzling Gleam|p1a: Miraidon|[spread] p1a\n|-activate|p1b: Urshifu|move: Protect\n|-supereffective|p1a: Miraidon\n|-damage|p1a: Miraidon|20\/100\n|move|p1a: Miraidon|Electro Drift|p2b: Whimsicott\n|-resisted|p2b: Whimsicott\n|-enditem|p2b: Whimsicott|Focus Sash\n|-damage|p2b: Whimsicott|1\/100\n|\n|-weather|none\n|-sideend|p2: ComputerYui|move: Tailwind\n|upkeep\n|turn|6\n|l|\u2606ComputerYui\n|player|p2|\n|inactive|Battle timer is ON: inactive players will automatically lose when time's up. (requested by Cammyrupt12)\n|inactive|ComputerYui has 30 seconds to reconnect!\n|inactive|ComputerYui has 20 seconds to reconnect!\n|inactive|ComputerYui has 15 seconds to reconnect!\n|inactive|ComputerYui has 10 seconds to reconnect!\n|inactive|ComputerYui has 5 seconds to reconnect!\n|-message|ComputerYui lost due to inactivity.\n|\n|win|Cammyrupt12\n|raw|Cammyrupt12's rating: 1516 &rarr; <strong>1541<\/strong><br \/>(+25 for winning)\n|raw|ComputerYui's rating: 1608 &rarr; <strong>1583<\/strong><br \/>(-25 for losing)\n|l|\u2606Cammyrupt12\n|player|p1|\n|l| cyclopsian\n","uploadtime":1738162408,"views":8,"formatid":"gen9vgc2025regg","rating":1541,"private":0,"password":null}