{"id":"gen9vgc2025regg-2290300843","format":"[Gen 9] VGC 2025 Reg G","players":["sheepie_sheep1","bluestraggler01"],"log":"|j|\u2606sheepie_sheep1\n|j|\u2606bluestraggler01\n|t:|1738127392\n|gametype|doubles\n|player|p1|sheepie_sheep1|youngcouple|1548\n|player|p2|bluestraggler01|170|1680\n|teamsize|p1|6\n|teamsize|p2|6\n|gen|9\n|tier|[Gen 9] VGC 2025 Reg G\n|rated|\n|rule|Species Clause: Limit one of each Pok\u00e9mon\n|rule|Item Clause: Limit 1 of each item\n|clearpoke\n|poke|p1|Lunala, L50|\n|poke|p1|Ursaluna-Bloodmoon, L50, M|\n|poke|p1|Roaring Moon, L50|\n|poke|p1|Iron Hands, L50|\n|poke|p1|Chien-Pao, L50|\n|poke|p1|Amoonguss, L50, M|\n|poke|p2|Koraidon, L50|\n|poke|p2|Flutter Mane, L50|\n|poke|p2|Umbreon, L50, F|\n|poke|p2|Armarouge, L50, F|\n|poke|p2|Ogerpon-Cornerstone, L50, F|\n|poke|p2|Raging Bolt, L50|\n|teampreview|4\nsheepie_sheep1 has agreed to open team sheets.\n|\n|t:|1738127427\n|start\n|switch|p1a: Roaring Moon|Roaring Moon, L50|100\/100\n|switch|p1b: Lunala|Lunala, L50|100\/100\n|switch|p2a: Koraidon|Koraidon, L50|100\/100\n|switch|p2b: Ogerpon|Ogerpon-Cornerstone, L50, F|100\/100\n|-weather|SunnyDay|[from] ability: Orichalcum Pulse|[of] p2a: Koraidon\n|-activate|p1a: Roaring Moon|ability: Protosynthesis\n|-start|p1a: Roaring Moon|protosynthesisatk\n|-activate|p2a: Koraidon|Orichalcum Pulse|[source]\n|turn|1\n|\n|t:|1738127442\n|-terastallize|p2a: Koraidon|Fire\n|move|p2b: Ogerpon|Ivy Cudgel|p1a: Roaring Moon|[anim] Ivy Cudgel Rock\n|-damage|p1a: Roaring Moon|22\/100\n|move|p1a: Roaring Moon|Tailwind|p1a: Roaring Moon\n|-sidestart|p1: sheepie_sheep1|move: Tailwind\n|move|p1b: Lunala|Meteor Beam||[still]\n|-prepare|p1b: Lunala|Meteor Beam\n|-boost|p1b: Lunala|spa|1\n|-enditem|p1b: Lunala|Power Herb\n|-anim|p1b: Lunala|Meteor Beam|p2b: Ogerpon|[miss]\n|-miss|p1b: Lunala|p2b: Ogerpon\n|move|p2a: Koraidon|Flame Charge|p1a: Roaring Moon\n|-resisted|p1a: Roaring Moon\n|-damage|p1a: Roaring Moon|0 fnt\n|-boost|p2a: Koraidon|spe|1\n|faint|p1a: Roaring Moon\n|-end|p1a: Roaring Moon|Protosynthesis|[silent]\n|\n|-weather|SunnyDay|[upkeep]\n|upkeep\n|\n|t:|1738127464\n|switch|p1a: Chien-Pao|Chien-Pao, L50|100\/100\n|-ability|p1a: Chien-Pao|Sword of Ruin\n|turn|2\n|\n|t:|1738127470\n|move|p2b: Ogerpon|Follow Me|p2b: Ogerpon\n|-singleturn|p2b: Ogerpon|move: Follow Me\n|move|p1a: Chien-Pao|Throat Chop|p2b: Ogerpon\n|-damage|p2b: Ogerpon|27\/100\n|-start|p2b: Ogerpon|Throat Chop|[silent]\n|move|p2a: Koraidon|Flame Charge|p1b: Lunala\n|-damage|p1b: Lunala|62\/100\n|-boost|p2a: Koraidon|spe|1\n|move|p1b: Lunala|Moongeist Beam|p2b: Ogerpon\n|-damage|p2b: Ogerpon|0 fnt\n|faint|p2b: Ogerpon\n|\n|-weather|SunnyDay|[upkeep]\n|upkeep\n|\n|t:|1738127486\n|switch|p2b: Flutter Mane|Flutter Mane, L50|100\/100\n|-activate|p2b: Flutter Mane|ability: Protosynthesis\n|-start|p2b: Flutter Mane|protosynthesisspe\n|turn|3\n|\n|t:|1738127505\n|switch|p1b: Iron Hands|Iron Hands, L50|100\/100\n|move|p1a: Chien-Pao|Ice Spinner|p2b: Flutter Mane\n|-enditem|p2b: Flutter Mane|Focus Sash\n|-damage|p2b: Flutter Mane|1\/100\n|move|p2a: Koraidon|Flame Charge|p1b: Iron Hands\n|-damage|p1b: Iron Hands|41\/100\n|-boost|p2a: Koraidon|spe|1\n|move|p2b: Flutter Mane|Icy Wind|p1a: Chien-Pao|[spread] p1a,p1b\n|-resisted|p1a: Chien-Pao\n|-damage|p1a: Chien-Pao|88\/100\n|-damage|p1b: Iron Hands|33\/100\n|-unboost|p1a: Chien-Pao|spe|1\n|-unboost|p1b: Iron Hands|spe|1\n|\n|-weather|SunnyDay|[upkeep]\n|upkeep\n|turn|4\n|\n|t:|1738127529\n|move|p1b: Iron Hands|Fake Out|p2a: Koraidon\n|-damage|p2a: Koraidon|85\/100\n|cant|p2a: Koraidon|flinch\n|move|p2b: Flutter Mane|Imprison|p2b: Flutter Mane\n|-start|p2b: Flutter Mane|move: Imprison\n|move|p1a: Chien-Pao|Throat Chop|p2b: Flutter Mane\n|-damage|p2b: Flutter Mane|0 fnt\n|faint|p2b: Flutter Mane\n|-end|p2b: Flutter Mane|Protosynthesis|[silent]\n|\n|-weather|SunnyDay|[upkeep]\n|-sideend|p1: sheepie_sheep1|move: Tailwind\n|upkeep\n|\n|t:|1738127538\n|switch|p2b: Armarouge|Armarouge, L50, F|100\/100\n|turn|5\n|j| Baguettezzz\n|\n|t:|1738127560\n|-end|p1b: Iron Hands|Quark Drive|[silent]\n|switch|p1b: Lunala|Lunala, L50|62\/100\n|move|p1a: Chien-Pao|Protect|p1a: Chien-Pao\n|-singleturn|p1a: Chien-Pao|Protect\n|move|p2a: Koraidon|Drain Punch|p1a: Chien-Pao\n|-activate|p1a: Chien-Pao|move: Protect\n|move|p2b: Armarouge|Heat Wave|p1a: Chien-Pao|[spread] p1b\n|-activate|p1a: Chien-Pao|move: Protect\n|-damage|p1b: Lunala|24\/100\n|\n|-weather|none\n|upkeep\n|turn|6\n|\n|t:|1738127576\n|-terastallize|p1a: Chien-Pao|Ghost\n|move|p1a: Chien-Pao|Sucker Punch|p2a: Koraidon\n|-damage|p2a: Koraidon|51\/100\n|move|p2a: Koraidon|Flame Charge|p1b: Lunala\n|-damage|p1b: Lunala|0 fnt\n|-boost|p2a: Koraidon|spe|1\n|faint|p1b: Lunala\n|move|p2b: Armarouge|Meteor Beam||[still]\n|-prepare|p2b: Armarouge|Meteor Beam\n|-boost|p2b: Armarouge|spa|1\n|-enditem|p2b: Armarouge|Power Herb\n|-anim|p2b: Armarouge|Meteor Beam|p1a: Chien-Pao\n|-damage|p1a: Chien-Pao|0 fnt\n|faint|p1a: Chien-Pao\n|\n|upkeep\n|-message|sheepie_sheep1 forfeited.\n|\n|win|bluestraggler01\n|raw|sheepie_sheep1's rating: 1548 &rarr; <strong>1535<\/strong><br \/>(-13 for losing)\n|raw|bluestraggler01's rating: 1680 &rarr; <strong>1693<\/strong><br \/>(+13 for winning)\n|l|\u2606sheepie_sheep1\n|player|p1|\n|l|\u2606bluestraggler01\n|player|p2|\n|l| Baguettezzz\n","uploadtime":1738127781,"views":280,"formatid":"gen9vgc2025regg","rating":1535,"private":0,"password":null}