{"id":"gen9vgc2025regg-2290484118","format":"[Gen 9] VGC 2025 Reg G","players":["Crysantimo","ComputerYui"],"log":"|j|\u2606Crysantimo\n|j|\u2606ComputerYui\n|t:|1738158605\n|gametype|doubles\n|player|p1|Crysantimo|zinzolin|1529\n|player|p2|ComputerYui|102|1583\n|teamsize|p1|6\n|teamsize|p2|6\n|gen|9\n|tier|[Gen 9] VGC 2025 Reg G\n|rated|\n|rule|Species Clause: Limit one of each Pok\u00e9mon\n|rule|Item Clause: Limit 1 of each item\n|clearpoke\n|poke|p1|Calyrex-Shadow, L50|\n|poke|p1|Clefairy, L50, M|\n|poke|p1|Chi-Yu, L50|\n|poke|p1|Weezing-Galar, L50, M|\n|poke|p1|Pawmot, L50, M|\n|poke|p1|Dragonite, L50, F|\n|poke|p2|Armarouge, L50, M|\n|poke|p2|Indeedee-F, L50, F|\n|poke|p2|Koraidon, L50|\n|poke|p2|Whimsicott, L50, F|\n|poke|p2|Walking Wake, L50|\n|poke|p2|Iron Valiant, L50|\n|teampreview|4\n|inactive|Battle timer is ON: inactive players will automatically lose when time's up. (requested by Crysantimo)\n|inactive|Crysantimo has 60 seconds left.\n|inactive|Crysantimo has 30 seconds left.\n|\n|t:|1738158725\n|start\n|switch|p1a: Calyrex|Calyrex-Shadow, L50|100\/100\n|switch|p1b: Weezing|Weezing-Galar, L50, M|100\/100\n|switch|p2a: Walking Wake|Walking Wake, L50|100\/100\n|switch|p2b: Koraidon|Koraidon, L50|100\/100\n|-ability|p1b: Weezing|Neutralizing Gas\n|-ability|p1a: Calyrex|As One\n|-ability|p1a: Calyrex|Unnerve\n|turn|1\n|inactive|ComputerYui has 30 seconds left.\n|inactive|ComputerYui has 20 seconds left.\n|inactive|ComputerYui has 15 seconds left.\n|\n|t:|1738158767\n|-terastallize|p2a: Walking Wake|Normal\n|move|p2b: Koraidon|Flare Blitz|p1b: Weezing\n|-damage|p1b: Weezing|64\/100\n|-damage|p2b: Koraidon|89\/100|[from] Recoil\n|move|p1a: Calyrex|Astral Barrage|p2b: Koraidon|[spread] p2b\n|-immune|p2a: Walking Wake\n|-damage|p2b: Koraidon|11\/100\n|move|p2a: Walking Wake|Hydro Steam|p1b: Weezing\n|-damage|p1b: Weezing|6\/100\n|-enditem|p1b: Weezing|Sitrus Berry|[eat]\n|-heal|p1b: Weezing|30\/100|[from] item: Sitrus Berry\n|-damage|p2a: Walking Wake|91\/100|[from] item: Life Orb\n|move|p1b: Weezing|Play Rough|p2b: Koraidon\n|-supereffective|p2b: Koraidon\n|-damage|p2b: Koraidon|0 fnt\n|faint|p2b: Koraidon\n|\n|upkeep\n|\n|t:|1738158791\n|switch|p2b: Indeedee|Indeedee-F, L50, F, shiny|100\/100\n|turn|2\n|\n|t:|1738158816\n|switch|p1a: Dragonite|Dragonite, L50, F|100\/100\n|move|p2b: Indeedee|Helping Hand|p2a: Walking Wake\n|-singleturn|p2a: Walking Wake|Helping Hand|[of] p2b: Indeedee\n|move|p1b: Weezing|Protect|p1b: Weezing\n|-singleturn|p1b: Weezing|Protect\n|move|p2a: Walking Wake|Draco Meteor|p1a: Dragonite\n|-supereffective|p1a: Dragonite\n|-damage|p1a: Dragonite|0 fnt\n|-unboost|p2a: Walking Wake|spa|2\n|faint|p1a: Dragonite\n|-damage|p2a: Walking Wake|81\/100|[from] item: Life Orb\n|\n|upkeep\n|inactive|Crysantimo has 30 seconds left.\n|\n|t:|1738158842\n|switch|p1a: Calyrex|Calyrex-Shadow, L50|100\/100\n|-ability|p1a: Calyrex|As One\n|-ability|p1a: Calyrex|Unnerve\n|turn|3\n|\n|t:|1738158851\n|switch|p2b: Armarouge|Armarouge, L50, M, shiny|100\/100\n|move|p1a: Calyrex|Pollen Puff|p2b: Armarouge\n|-damage|p2b: Armarouge|23\/100\n|move|p2a: Walking Wake|Hydro Steam|p1b: Weezing\n|-damage|p1b: Weezing|2\/100\n|-damage|p2a: Walking Wake|72\/100|[from] item: Life Orb\n|move|p1b: Weezing|Play Rough|p2b: Armarouge\n|-resisted|p2b: Armarouge\n|-damage|p2b: Armarouge|4\/100\n|\n|upkeep\n|turn|4\n|inactive|ComputerYui has 30 seconds left.\n|\n|t:|1738158882\n|switch|p2b: Indeedee|Indeedee-F, L50, F, shiny|100\/100\n|move|p1b: Weezing|Protect|p1b: Weezing\n|-singleturn|p1b: Weezing|Protect\n|move|p1a: Calyrex|Pollen Puff|p2a: Walking Wake\n|-damage|p2a: Walking Wake|15\/100\n|move|p2a: Walking Wake|Roar|p1b: Weezing\n|-end|p1b: Weezing|ability: Neutralizing Gas\n|-fieldstart|move: Psychic Terrain|[from] ability: Psychic Surge|[of] p2b: Indeedee\n|drag|p1b: Pawmot|Pawmot, L50, M|100\/100\n|\n|upkeep\n|turn|5\n|inactive|Crysantimo has 30 seconds left.\n|inactive|ComputerYui has 30 seconds left.\n|inactive|Crysantimo has 20 seconds left.\n|inactive|ComputerYui has 20 seconds left.\n|inactive|Crysantimo has 15 seconds left.\n|inactive|ComputerYui has 15 seconds left.\n|inactive|Crysantimo has 10 seconds left.\n|\n|t:|1738158929\n|move|p2b: Indeedee|Follow Me|p2b: Indeedee\n|-singleturn|p2b: Indeedee|move: Follow Me\n|move|p1a: Calyrex|Pollen Puff|p2b: Indeedee\n|-supereffective|p2b: Indeedee\n|-damage|p2b: Indeedee|1\/100\n|-enditem|p2b: Indeedee|Eject Button\n|\n|t:|1738158935\n|switch|p2b: Armarouge|Armarouge, L50, M, shiny|4\/100\n|move|p1b: Pawmot|Close Combat|p2b: Armarouge\n|-resisted|p2b: Armarouge\n|-damage|p2b: Armarouge|0 fnt\n|-unboost|p1b: Pawmot|def|1\n|-unboost|p1b: Pawmot|spd|1\n|faint|p2b: Armarouge\n|move|p2a: Walking Wake|Hydro Steam|p1b: Pawmot\n|-damage|p1b: Pawmot|21\/100\n|-damage|p2a: Walking Wake|5\/100|[from] item: Life Orb\n|\n|upkeep\n|-message|ComputerYui forfeited.\n|\n|win|Crysantimo\n|raw|Crysantimo's rating: 1529 &rarr; <strong>1552<\/strong><br \/>(+23 for winning)\n|raw|ComputerYui's rating: 1583 &rarr; <strong>1560<\/strong><br \/>(-23 for losing)\n|l|\u2606ComputerYui\n|player|p2|\n|l|\u2606Crysantimo\n|player|p1|\n","uploadtime":1738159026,"views":15,"formatid":"gen9vgc2025regg","rating":1552,"private":0,"password":null}