{"id":"gen9vgc2025regg-2290567401","format":"[Gen 9] VGC 2025 Reg G","players":["RyanPowneysDrama","bluestraggler01"],"log":"|j|\u2606RyanPowneysDrama\n|j|\u2606bluestraggler01\n|t:|1738167437\n|gametype|doubles\n|player|p1|RyanPowneysDrama|harlequin|1581\n|player|p2|bluestraggler01|170|1525\n|teamsize|p1|6\n|teamsize|p2|6\n|gen|9\n|tier|[Gen 9] VGC 2025 Reg G\n|rated|\n|rule|Species Clause: Limit one of each Pok\u00e9mon\n|rule|Item Clause: Limit 1 of each item\n|clearpoke\n|poke|p1|Venonat, L50, F|\n|poke|p1|Kyogre, L50|\n|poke|p1|Farigiraf, L50, M|\n|poke|p1|Iron Hands, L50|\n|poke|p1|Roaring Moon, L50|\n|poke|p1|Ogerpon-Cornerstone, L50, F|\n|poke|p2|Koraidon, L50|\n|poke|p2|Flutter Mane, L50|\n|poke|p2|Umbreon, L50, F|\n|poke|p2|Armarouge, L50, F|\n|poke|p2|Ogerpon-Cornerstone, L50, F|\n|poke|p2|Raging Bolt, L50|\n|teampreview|4\n|\n|t:|1738167465\n|start\n|switch|p1a: Ogerpon|Ogerpon-Cornerstone, L50, F|100\/100\n|switch|p1b: Farigiraf|Farigiraf, L50, M|100\/100\n|switch|p2a: Flutter Mane|Flutter Mane, L50|100\/100\n|switch|p2b: Ogerpon|Ogerpon-Cornerstone, L50, F|100\/100\n|turn|1\n|inactive|Battle timer is ON: inactive players will automatically lose when time's up. (requested by bluestraggler01)\n|\n|t:|1738167479\n|-terastallize|p2a: Flutter Mane|Fairy\n|move|p1b: Farigiraf|Protect|p1b: Farigiraf\n|-singleturn|p1b: Farigiraf|Protect\n|move|p2a: Flutter Mane|Moonblast|p1b: Farigiraf\n|-activate|p1b: Farigiraf|move: Protect\n|move|p2b: Ogerpon|Ivy Cudgel|p1b: Farigiraf|[anim] Ivy Cudgel Rock\n|-activate|p1b: Farigiraf|move: Protect\n|move|p1a: Ogerpon|Ivy Cudgel|p2a: Flutter Mane|[anim] Ivy Cudgel Rock\n|-enditem|p2a: Flutter Mane|Focus Sash\n|-damage|p2a: Flutter Mane|1\/100\n|\n|upkeep\n|turn|2\n|\n|t:|1738167499\n|switch|p2b: Raging Bolt|Raging Bolt, L50|100\/100\n|move|p1a: Ogerpon|Follow Me|p1a: Ogerpon\n|-singleturn|p1a: Ogerpon|move: Follow Me\n|move|p2a: Flutter Mane|Dazzling Gleam|p1a: Ogerpon|[spread] p1a,p1b\n|-damage|p1a: Ogerpon|54\/100\n|-damage|p1b: Farigiraf|60\/100\n|move|p1b: Farigiraf|Trick Room|p1b: Farigiraf\n|-fieldstart|move: Trick Room|[of] p1b: Farigiraf\n|\n|upkeep\n|turn|3\n|\n|t:|1738167523\n|-end|p2a: Flutter Mane|Protosynthesis|[silent]\n|switch|p2a: Koraidon|Koraidon, L50|100\/100\n|-weather|SunnyDay|[from] ability: Orichalcum Pulse|[of] p2a: Koraidon\n|-activate|p2b: Raging Bolt|ability: Protosynthesis\n|-start|p2b: Raging Bolt|protosynthesisspa\n|-activate|p2a: Koraidon|Orichalcum Pulse|[source]\n|move|p1b: Farigiraf|Hyper Voice|p2b: Raging Bolt|[spread] p2a,p2b\n|-damage|p2a: Koraidon|82\/100\n|-damage|p2b: Raging Bolt|73\/100\n|-enditem|p1b: Farigiraf|Throat Spray\n|-boost|p1b: Farigiraf|spa|1|[from] item: Throat Spray\n|move|p2b: Raging Bolt|Thunderbolt|p1b: Farigiraf\n|-damage|p1b: Farigiraf|0 fnt\n|faint|p1b: Farigiraf\n|-damage|p2b: Raging Bolt|64\/100|[from] item: Life Orb\n|move|p1a: Ogerpon|Ivy Cudgel|p2b: Raging Bolt|[anim] Ivy Cudgel Rock\n|-damage|p2b: Raging Bolt|6\/100\n|\n|-weather|SunnyDay|[upkeep]\n|upkeep\n|\n|t:|1738167530\n|switch|p1b: Venonat|Venonat, L50, F, shiny|100\/100\n|turn|4\n|\n|t:|1738167548\n|switch|p1a: Kyogre|Kyogre, L50|100\/100\n|-weather|RainDance|[from] ability: Drizzle|[of] p1a: Kyogre\n|-end|p2b: Raging Bolt|Protosynthesis\n|move|p2b: Raging Bolt|Protect|p2b: Raging Bolt\n|-singleturn|p2b: Raging Bolt|Protect\n|move|p1b: Venonat|Sleep Powder|p2b: Raging Bolt\n|-activate|p2b: Raging Bolt|move: Protect\n|move|p2a: Koraidon|Drain Punch|p1a: Kyogre\n|-damage|p1a: Kyogre|63\/100\n|-heal|p2a: Koraidon|100\/100|[from] drain|[of] p1a: Kyogre\n|\n|-weather|RainDance|[upkeep]\n|upkeep\n|turn|5\n|\n|t:|1738167568\n|switch|p2a: Ogerpon|Ogerpon-Cornerstone, L50, F|100\/100\n|move|p1a: Kyogre|Protect|p1a: Kyogre\n|-singleturn|p1a: Kyogre|Protect\n|move|p2b: Raging Bolt|Thunderclap||[still]\n|-fail|p2b: Raging Bolt\n|move|p1b: Venonat|Sleep Powder|p2b: Raging Bolt\n|-status|p2b: Raging Bolt|slp|[from] move: Sleep Powder\n|\n|-weather|RainDance|[upkeep]\n|upkeep\n|turn|6\n|\n|t:|1738167580\n|-end|p2b: Raging Bolt|Protosynthesis|[silent]\n|switch|p2b: Koraidon|Koraidon, L50|100\/100\n|-weather|SunnyDay|[from] ability: Orichalcum Pulse|[of] p2b: Koraidon\n|-activate|p2b: Koraidon|Orichalcum Pulse|[source]\n|move|p1b: Venonat|Acid Spray|p2a: Ogerpon\n|-damage|p2a: Ogerpon|91\/100\n|-unboost|p2a: Ogerpon|spd|2\n|move|p1a: Kyogre|Origin Pulse|p2a: Ogerpon|[spread] p2a,p2b\n|-resisted|p2b: Koraidon\n|-damage|p2a: Ogerpon|21\/100\n|-damage|p2b: Koraidon|92\/100\n|move|p2a: Ogerpon|Power Whip|p1a: Kyogre\n|-supereffective|p1a: Kyogre\n|-damage|p1a: Kyogre|0 fnt\n|faint|p1a: Kyogre\n|\n|-weather|SunnyDay|[upkeep]\n|-fieldend|move: Trick Room\n|upkeep\n|-message|RyanPowneysDrama forfeited.\n|\n|win|bluestraggler01\n|raw|RyanPowneysDrama's rating: 1581 &rarr; <strong>1558<\/strong><br \/>(-23 for losing)\n|raw|bluestraggler01's rating: 1525 &rarr; <strong>1548<\/strong><br \/>(+23 for winning)\n|l|\u2606bluestraggler01\n|player|p2|\n|l|\u2606RyanPowneysDrama\n|player|p1|\n","uploadtime":1738167811,"views":15,"formatid":"gen9vgc2025regg","rating":1548,"private":0,"password":null}