{"id":"gen9vgc2025regg-2290779759","format":"[Gen 9] VGC 2025 Reg G","players":["Sazandoramx","JudeVGC"],"log":"|j|\u2606Sazandoramx\n|j|\u2606JudeVGC\n|t:|1738188393\n|gametype|doubles\n|player|p1|Sazandoramx|2|1555\n|player|p2|JudeVGC|169|1566\n|teamsize|p1|6\n|teamsize|p2|6\n|gen|9\n|tier|[Gen 9] VGC 2025 Reg G\n|rated|\n|rule|Species Clause: Limit one of each Pok\u00e9mon\n|rule|Item Clause: Limit 1 of each item\n|clearpoke\n|poke|p1|Necrozma-Dawn-Wings, L50|\n|poke|p1|Ogerpon-Wellspring, L50, F|\n|poke|p1|Gallade, L50, M|\n|poke|p1|Ursaluna, L50, M|\n|poke|p1|Torkoal, L50, F|\n|poke|p1|Indeedee-F, L50, F|\n|poke|p2|Calyrex-Shadow, L50|\n|poke|p2|Dondozo, L50, M|\n|poke|p2|Weezing-Galar, L50, F|\n|poke|p2|Indeedee-F, L50, F|\n|poke|p2|Chi-Yu, L50|\n|poke|p2|Tatsugiri, L50, F|\n|teampreview|4\n|inactive|Battle timer is ON: inactive players will automatically lose when time's up. (requested by JudeVGC)\n|inactive|Sazandoramx has 60 seconds left.\n|inactive|JudeVGC has 60 seconds left.\n|inactive|JudeVGC has 30 seconds left.\n|inactive|JudeVGC has 20 seconds left.\n|\n|t:|1738188465\n|start\n|switch|p1a: Necrozma|Necrozma-Dawn-Wings, L50|100\/100\n|switch|p1b: Gallade|Gallade, L50, M|100\/100\n|switch|p2a: Chi-Yu|Chi-Yu, L50|100\/100\n|switch|p2b: Weezing|Weezing-Galar, L50, F|100\/100\n|-ability|p2a: Chi-Yu|Beads of Ruin\n|turn|1\n|inactive|Sazandoramx has 30 seconds left.\n|inactive|Sazandoramx has 20 seconds left.\n|inactive|Sazandoramx has 15 seconds left.\n|\n|t:|1738188506\n|-terastallize|p1a: Necrozma|Water\n|-terastallize|p2b: Weezing|Water\n|move|p1b: Gallade|Wide Guard|p1b: Gallade\n|-singleturn|p1b: Gallade|Wide Guard\n|move|p2a: Chi-Yu|Dark Pulse|p1a: Necrozma\n|-damage|p1a: Necrozma|61\/100\n|move|p2b: Weezing|Poison Gas|p1a: Necrozma|[spread] \n|-activate|p1a: Necrozma|move: Wide Guard\n|-activate|p1b: Gallade|move: Wide Guard\n|cant|p1a: Necrozma|flinch\n|\n|upkeep\n|turn|2\n|j| H4yato7u7\n|inactive|Sazandoramx has 30 seconds left.\n|l| H4yato7u7\n|inactive|Sazandoramx has 20 seconds left.\n|\n|t:|1738188542\n|move|p2a: Chi-Yu|Dark Pulse|p1a: Necrozma\n|-damage|p1a: Necrozma|21\/100\n|move|p1a: Necrozma|Meteor Beam||[still]\n|-prepare|p1a: Necrozma|Meteor Beam\n|-boost|p1a: Necrozma|spa|1\n|-enditem|p1a: Necrozma|Power Herb\n|-anim|p1a: Necrozma|Meteor Beam|p2a: Chi-Yu\n|-supereffective|p2a: Chi-Yu\n|-damage|p2a: Chi-Yu|0 fnt\n|faint|p2a: Chi-Yu\n|move|p2b: Weezing|Toxic Spikes|p1b: Gallade\n|-sidestart|p1: Sazandoramx|move: Toxic Spikes\n|move|p1b: Gallade|Trick Room|p1b: Gallade\n|-fieldstart|move: Trick Room|[of] p1b: Gallade\n|\n|upkeep\n|\n|t:|1738188557\n|switch|p2a: Dondozo|Dondozo, L50, M|100\/100\n|turn|3\n|\n|t:|1738188579\n|move|p2a: Dondozo|Wave Crash|p1b: Gallade\n|-damage|p1b: Gallade|44\/100\n|-damage|p2a: Dondozo|87\/100|[from] Recoil\n|move|p2b: Weezing|Poison Gas|p1a: Necrozma|[spread] p1b\n|-miss|p2b: Weezing|p1a: Necrozma\n|-status|p1b: Gallade|psn\n|move|p1a: Necrozma|Moongeist Beam|p2b: Weezing\n|-damage|p2b: Weezing|0 fnt\n|faint|p2b: Weezing\n|move|p1b: Gallade|Sacred Sword|p2a: Dondozo\n|-damage|p2a: Dondozo|48\/100\n|\n|-heal|p2a: Dondozo|54\/100|[from] item: Leftovers\n|-damage|p1b: Gallade|32\/100 psn|[from] psn\n|upkeep\n|\n|t:|1738188589\n|switch|p2b: Calyrex|Calyrex-Shadow, L50|100\/100\n|-ability|p2b: Calyrex|As One\n|-ability|p2b: Calyrex|Unnerve\n|turn|4\n|inactive|Sazandoramx has 30 seconds left.\n|\n|t:|1738188619\n|switch|p1b: Indeedee|Indeedee-F, L50, F|100\/100\n|-status|p1b: Indeedee|psn\n|-fieldstart|move: Psychic Terrain|[from] ability: Psychic Surge|[of] p1b: Indeedee\n|move|p2a: Dondozo|Body Press|p1a: Necrozma\n|-damage|p1a: Necrozma|1\/100\n|move|p1a: Necrozma|Moongeist Beam|p2a: Dondozo\n|-damage|p2a: Dondozo|0 fnt\n|faint|p2a: Dondozo\n|move|p2b: Calyrex|Expanding Force|p1b: Indeedee|[spread] p1a,p1b\n|-resisted|p1b: Indeedee\n|-crit|p1b: Indeedee\n|-damage|p1a: Necrozma|0 fnt\n|-damage|p1b: Indeedee|37\/100 psn\n|faint|p1a: Necrozma\n|-ability|p2b: Calyrex|Grim Neigh|boost\n|-boost|p2b: Calyrex|spa|1\n|-damage|p2b: Calyrex|91\/100|[from] item: Life Orb\n|\n|-damage|p1b: Indeedee|24\/100 psn|[from] psn\n|upkeep\n|j| Duryodhan\n|\n|t:|1738188642\n|switch|p1a: Ursaluna|Ursaluna, L50, M|100\/100\n|-status|p1a: Ursaluna|psn\n|turn|5\n|\n|t:|1738188654\n|switch|p1b: Gallade|Gallade, L50, M|32\/100 psn\n|move|p1a: Ursaluna|Headlong Rush|p2b: Calyrex\n|-damage|p2b: Calyrex|0 fnt\n|-unboost|p1a: Ursaluna|def|1\n|-unboost|p1a: Ursaluna|spd|1\n|faint|p2b: Calyrex\n|\n|win|Sazandoramx\n|raw|Sazandoramx's rating: 1555 &rarr; <strong>1576<\/strong><br \/>(+21 for winning)\n|raw|JudeVGC's rating: 1566 &rarr; <strong>1545<\/strong><br \/>(-21 for losing)\n|l|\u2606Sazandoramx\n|player|p1|\n|l| Duryodhan\n","uploadtime":1738188900,"views":10,"formatid":"gen9vgc2025regg","rating":1545,"private":0,"password":null}