{"id":"gen9vgc2025regg-2290844332","format":"[Gen 9] VGC 2025 Reg G","players":["Argian","Sazandoramx"],"log":"|j|\u2606Argian\n|j|\u2606Sazandoramx\n|t:|1738196099\n|gametype|doubles\n|player|p1|Argian|red|1554\n|player|p2|Sazandoramx|101|1565\n|teamsize|p1|6\n|teamsize|p2|6\n|gen|9\n|tier|[Gen 9] VGC 2025 Reg G\n|rated|\n|rule|Species Clause: Limit one of each Pok\u00e9mon\n|rule|Item Clause: Limit 1 of each item\n|clearpoke\n|poke|p1|Zacian-*, L50|\n|poke|p1|Urshifu-*, L50, M|\n|poke|p1|Incineroar, L50, M|\n|poke|p1|Amoonguss, L50, F|\n|poke|p1|Flutter Mane, L50|\n|poke|p1|Raging Bolt, L50|\n|poke|p2|Necrozma-Dawn-Wings, L50|\n|poke|p2|Ogerpon-Wellspring, L50, F|\n|poke|p2|Gallade, L50, M|\n|poke|p2|Ursaluna, L50, M|\n|poke|p2|Torkoal, L50, M|\n|poke|p2|Indeedee-F, L50, F|\n|teampreview|4\n|j| oherrodersir\n|inactive|Battle timer is ON: inactive players will automatically lose when time's up. (requested by Argian)\n|\n|t:|1738196127\n|start\n|switch|p1a: Urshifu|Urshifu, L50, M|100\/100\n|switch|p1b: Incineroar|Incineroar, L50, M, shiny|100\/100\n|switch|p2a: Necrozma|Necrozma-Dawn-Wings, L50|100\/100\n|switch|p2b: Indeedee|Indeedee-F, L50, F|100\/100\n|-fieldstart|move: Psychic Terrain|[from] ability: Psychic Surge|[of] p2b: Indeedee\n|-ability|p1b: Incineroar|Intimidate|boost\n|-unboost|p2a: Necrozma|atk|1\n|-unboost|p2b: Indeedee|atk|1\n|turn|1\n|inactive|Sazandoramx has 30 seconds left.\n|inactive|Sazandoramx has 20 seconds left.\n|inactive|Sazandoramx has 15 seconds left.\n|\n|t:|1738196171\n|move|p2b: Indeedee|Follow Me|p2b: Indeedee\n|-singleturn|p2b: Indeedee|move: Follow Me\n|move|p1a: Urshifu|Wicked Blow|p2b: Indeedee\n|-supereffective|p2b: Indeedee\n|-crit|p2b: Indeedee\n|-damage|p2b: Indeedee|0 fnt\n|-damage|p1a: Urshifu|84\/100|[from] item: Rocky Helmet|[of] p2b: Indeedee\n|faint|p2b: Indeedee\n|move|p2a: Necrozma|Meteor Beam||[still]\n|-prepare|p2a: Necrozma|Meteor Beam\n|-boost|p2a: Necrozma|spa|1\n|-enditem|p2a: Necrozma|Power Herb\n|-anim|p2a: Necrozma|Meteor Beam|p1b: Incineroar\n|-supereffective|p1b: Incineroar\n|-damage|p1b: Incineroar|0 fnt\n|faint|p1b: Incineroar\n|\n|upkeep\n|\n|t:|1738196195\n|switch|p2b: Torkoal|Torkoal, L50, M|100\/100\n|switch|p1b: Zacian|Zacian-Crowned, L50, shiny|100\/100\n|-ability|p1b: Zacian|Intrepid Sword|boost\n|-boost|p1b: Zacian|atk|1\n|-weather|SunnyDay|[from] ability: Drought|[of] p2b: Torkoal\n|turn|2\n|j| WeGoVrooooom\n|j| jdarcan\n|inactive|Argian has 30 seconds left.\n|inactive|Argian has 20 seconds left.\n|\n|t:|1738196233\n|-terastallize|p1a: Urshifu|Stellar\n|-terastallize|p2a: Necrozma|Water\n|move|p1b: Zacian|Behemoth Blade|p2a: Necrozma\n|-resisted|p2a: Necrozma\n|-damage|p2a: Necrozma|70\/100\n|move|p1a: Urshifu|Wicked Blow|p2b: Torkoal\n|-crit|p2b: Torkoal\n|-damage|p2b: Torkoal|28\/100\n|move|p2b: Torkoal|Eruption|p1a: Urshifu|[spread] p1a,p1b\n|-supereffective|p1b: Zacian\n|-damage|p1a: Urshifu|39\/100\n|-damage|p1b: Zacian|50\/100\n|move|p2a: Necrozma|Trick Room|p2a: Necrozma\n|-fieldstart|move: Trick Room|[of] p2a: Necrozma\n|\n|-weather|SunnyDay|[upkeep]\n|upkeep\n|turn|3\n|inactive|Argian has 30 seconds left.\n|inactive|Sazandoramx has 30 seconds left.\n|inactive|Sazandoramx has 20 seconds left.\n|inactive|Sazandoramx has 15 seconds left.\n|\n|t:|1738196274\n|switch|p2b: Ursaluna|Ursaluna, L50, M|100\/100\n|move|p1a: Urshifu|Detect|p1a: Urshifu\n|-singleturn|p1a: Urshifu|Protect\n|move|p1b: Zacian|Protect|p1b: Zacian\n|-singleturn|p1b: Zacian|Protect\n|move|p2a: Necrozma|Moongeist Beam|p1a: Urshifu\n|-activate|p1a: Urshifu|move: Protect\n|\n|-weather|SunnyDay|[upkeep]\n|-status|p2b: Ursaluna|brn|[from] item: Flame Orb\n|upkeep\n|turn|4\n|inactive|Argian has 30 seconds left.\n|inactive|Sazandoramx has 30 seconds left.\n|\n|t:|1738196304\n|switch|p1b: Amoonguss|Amoonguss, L50, F, shiny|100\/100\n|move|p2b: Ursaluna|Headlong Rush|p1a: Urshifu\n|-damage|p1a: Urshifu|0 fnt\n|-unboost|p2b: Ursaluna|def|1\n|-unboost|p2b: Ursaluna|spd|1\n|faint|p1a: Urshifu\n|move|p2a: Necrozma|Moongeist Beam|p1b: Amoonguss\n|-damage|p1b: Amoonguss|18\/100\n|\n|-weather|SunnyDay|[upkeep]\n|-damage|p2b: Ursaluna|95\/100 brn|[from] brn\n|upkeep\n|\n|t:|1738196315\n|switch|p1a: Zacian|Zacian-Crowned, L50, shiny|50\/100\n|turn|5\n|\n|t:|1738196337\n|switch|p2a: Torkoal|Torkoal, L50, M|28\/100\n|move|p1b: Amoonguss|Protect|p1b: Amoonguss\n|-singleturn|p1b: Amoonguss|Protect\n|move|p2b: Ursaluna|Earthquake|p1b: Amoonguss|[spread] p2a,p1a\n|-activate|p1b: Amoonguss|move: Protect\n|-supereffective|p2a: Torkoal\n|-supereffective|p1a: Zacian\n|-damage|p2a: Torkoal|0 fnt\n|-damage|p1a: Zacian|0 fnt\n|faint|p2a: Torkoal\n|faint|p1a: Zacian\n|\n|-weather|SunnyDay|[upkeep]\n|-damage|p2b: Ursaluna|89\/100 brn|[from] brn\n|-fieldend|move: Psychic Terrain\n|upkeep\n|j| PARAN0ISE\n|-message|Argian forfeited.\n|\n|win|Sazandoramx\n|raw|Argian's rating: 1554 &rarr; <strong>1535<\/strong><br \/>(-19 for losing)\n|raw|Sazandoramx's rating: 1565 &rarr; <strong>1584<\/strong><br \/>(+19 for winning)\n|l|\u2606Argian\n|player|p1|\n|l| WeGoVrooooom\n|l|\u2606Sazandoramx\n|player|p2|\n|l| jdarcan\n","uploadtime":1738196587,"views":8,"formatid":"gen9vgc2025regg","rating":1535,"private":0,"password":null}