{"id":"gen9vgc2025regg-2290873930","format":"[Gen 9] VGC 2025 Reg G","players":["seung2742","Saltwater7"],"log":"|j|\u2606seung2742\n|j|\u2606Saltwater7\n|t:|1738199905\n|gametype|doubles\n|player|p1|seung2742|170|1549\n|player|p2|Saltwater7|170|1629\n|teamsize|p1|6\n|teamsize|p2|6\n|gen|9\n|tier|[Gen 9] VGC 2025 Reg G\n|rated|\n|rule|Species Clause: Limit one of each Pok\u00e9mon\n|rule|Item Clause: Limit 1 of each item\n|clearpoke\n|poke|p1|Groudon, L50|\n|poke|p1|Rillaboom, L50, M|\n|poke|p1|Gouging Fire, L50|\n|poke|p1|Regidrago, L50|\n|poke|p1|Iron Crown, L50|\n|poke|p1|Yanmega, L50, M|\n|poke|p2|Urshifu-*, L50, M|\n|poke|p2|Roaring Moon, L50|\n|poke|p2|Amoonguss, L50, F|\n|poke|p2|Landorus, L50, M|\n|poke|p2|Calyrex-Ice, L50|\n|poke|p2|Ogerpon-Hearthflame, L50, F|\n|teampreview|4\n|inactive|Battle timer is ON: inactive players will automatically lose when time's up. (requested by Saltwater7)\n|inactive|seung2742 also wants the timer to be on.\n|j| jdarcan\n|inactive|Saltwater7 has 60 seconds left.\n|\n|t:|1738199954\n|start\n|switch|p1a: Iron Crown|Iron Crown, L50|100\/100\n|switch|p1b: Yanmega|Yanmega, L50, M|100\/100\n|switch|p2a: Roaring Moon|Roaring Moon, L50|100\/100\n|switch|p2b: Urshifu|Urshifu-Rapid-Strike, L50, M|100\/100\n|-enditem|p2a: Roaring Moon|Booster Energy\n|-activate|p2a: Roaring Moon|ability: Protosynthesis|[fromitem]\n|-start|p2a: Roaring Moon|protosynthesisspe\n|-enditem|p1a: Iron Crown|Booster Energy\n|-activate|p1a: Iron Crown|ability: Quark Drive|[fromitem]\n|-start|p1a: Iron Crown|quarkdrivespe\n|turn|1\n|inactive|seung2742 has 30 seconds left.\n|inactive|seung2742 has 20 seconds left.\n|\n|t:|1738199993\n|-terastallize|p1a: Iron Crown|Dark\n|move|p2a: Roaring Moon|Tailwind|p2a: Roaring Moon\n|-sidestart|p2: Saltwater7|move: Tailwind\n|move|p2b: Urshifu|Taunt|p1a: Iron Crown\n|-start|p1a: Iron Crown|move: Taunt\n|cant|p1a: Iron Crown|move: Taunt|Gravity\n|move|p1b: Yanmega|Hypnosis|p2a: Roaring Moon|[miss]\n|-miss|p1b: Yanmega|p2a: Roaring Moon\n|\n|-ability|p1b: Yanmega|Speed Boost|boost\n|-boost|p1b: Yanmega|spe|1\n|upkeep\n|turn|2\n|inactive|Saltwater7 has 30 seconds left.\n|inactive|seung2742 has 30 seconds left.\n|\n|t:|1738200026\n|move|p2a: Roaring Moon|Acrobatics|p1b: Yanmega\n|-supereffective|p1b: Yanmega\n|-damage|p1b: Yanmega|27\/100\n|move|p2b: Urshifu|Close Combat|p1a: Iron Crown\n|-supereffective|p1a: Iron Crown\n|-damage|p1a: Iron Crown|0 fnt\n|-unboost|p2b: Urshifu|def|1\n|-unboost|p2b: Urshifu|spd|1\n|faint|p1a: Iron Crown\n|-end|p1a: Iron Crown|Quark Drive|[silent]\n|move|p1b: Yanmega|Tailwind|p1b: Yanmega\n|-sidestart|p1: seung2742|move: Tailwind\n|\n|-ability|p1b: Yanmega|Speed Boost|boost\n|-boost|p1b: Yanmega|spe|1\n|upkeep\n|\n|t:|1738200041\n|switch|p1a: Gouging Fire|Gouging Fire, L50|100\/100\n|turn|3\n|inactive|Saltwater7 has 30 seconds left.\n|\n|t:|1738200072\n|move|p1b: Yanmega|Hypnosis|p2a: Roaring Moon\n|-status|p2a: Roaring Moon|slp|[from] move: Hypnosis\n|cant|p2a: Roaring Moon|slp\n|move|p1a: Gouging Fire|Breaking Swipe|p2a: Roaring Moon|[spread] p2a,p2b\n|-supereffective|p2a: Roaring Moon\n|-damage|p2a: Roaring Moon|61\/100 slp\n|-damage|p2b: Urshifu|74\/100\n|-unboost|p2a: Roaring Moon|atk|1\n|-unboost|p2b: Urshifu|atk|1\n|move|p2b: Urshifu|Surging Strikes|p1b: Yanmega\n|-crit|p1b: Yanmega\n|-damage|p1b: Yanmega|0 fnt\n|faint|p1b: Yanmega\n|-hitcount|p1: Yanmega|1\n|\n|upkeep\n|j| Pokuchu3\n|\n|t:|1738200083\n|switch|p1b: Groudon|Groudon, L50|100\/100\n|-weather|SunnyDay|[from] ability: Drought|[of] p1b: Groudon\n|-activate|p1a: Gouging Fire|ability: Protosynthesis\n|-start|p1a: Gouging Fire|protosynthesisspe\n|turn|4\n|inactive|seung2742 has 30 seconds left.\n|inactive|Saltwater7 has 30 seconds left.\n|inactive|Saltwater7 has 20 seconds left.\n|inactive|Saltwater7 has 15 seconds left.\n|\n|t:|1738200127\n|cant|p2a: Roaring Moon|slp\n|move|p1a: Gouging Fire|Breaking Swipe|p2a: Roaring Moon|[spread] p2a,p2b\n|-supereffective|p2a: Roaring Moon\n|-damage|p2a: Roaring Moon|22\/100 slp\n|-damage|p2b: Urshifu|47\/100\n|-unboost|p2a: Roaring Moon|atk|1\n|-unboost|p2b: Urshifu|atk|1\n|move|p2b: Urshifu|Surging Strikes|p1b: Groudon\n|-supereffective|p1b: Groudon\n|-crit|p1b: Groudon\n|-damage|p1b: Groudon|86\/100\n|-supereffective|p1b: Groudon\n|-crit|p1b: Groudon\n|-damage|p1b: Groudon|71\/100\n|-supereffective|p1b: Groudon\n|-crit|p1b: Groudon\n|-damage|p1b: Groudon|53\/100\n|-hitcount|p1b: Groudon|3\n|move|p1b: Groudon|High Horsepower|p2b: Urshifu\n|-damage|p2b: Urshifu|0 fnt\n|faint|p2b: Urshifu\n|\n|-weather|SunnyDay|[upkeep]\n|-sideend|p2: Saltwater7|move: Tailwind\n|upkeep\n|j| yukina VGC\n|\n|t:|1738200146\n|switch|p2b: Landorus|Landorus, L50, M|100\/100\n|turn|5\n|\n|t:|1738200152\n|cant|p2a: Roaring Moon|slp\n|move|p2b: Landorus|Protect|p2b: Landorus\n|-singleturn|p2b: Landorus|Protect\n|move|p1a: Gouging Fire|Flare Blitz|p2b: Landorus\n|-activate|p2b: Landorus|move: Protect\n|move|p1b: Groudon|High Horsepower|p2a: Roaring Moon\n|-damage|p2a: Roaring Moon|0 fnt\n|faint|p2a: Roaring Moon\n|-end|p2a: Roaring Moon|Protosynthesis|[silent]\n|\n|-weather|SunnyDay|[upkeep]\n|-sideend|p1: seung2742|move: Tailwind\n|upkeep\n|\n|t:|1738200163\n|switch|p2a: Calyrex|Calyrex-Ice, L50|100\/100\n|-ability|p2a: Calyrex|As One\n|-ability|p2a: Calyrex|Unnerve\n|turn|6\n|\n|t:|1738200181\n|-terastallize|p2b: Landorus|Water\n|move|p1a: Gouging Fire|Heat Crash|p2b: Landorus\n|-resisted|p2b: Landorus\n|-damage|p2b: Landorus|60\/100\n|move|p2b: Landorus|Sandsear Storm|p1a: Gouging Fire|[spread] p1a,p1b\n|-supereffective|p1a: Gouging Fire\n|-damage|p1a: Gouging Fire|0 fnt\n|-damage|p1b: Groudon|0 fnt\n|faint|p1a: Gouging Fire\n|-end|p1a: Gouging Fire|Protosynthesis|[silent]\n|faint|p1b: Groudon\n|\n|win|Saltwater7\n|raw|seung2742's rating: 1549 &rarr; <strong>1534<\/strong><br \/>(-15 for losing)\n|raw|Saltwater7's rating: 1629 &rarr; <strong>1644<\/strong><br \/>(+15 for winning)\n|l|\u2606seung2742\n|player|p1|\n|l|\u2606Saltwater7\n|player|p2|\n","uploadtime":1738200326,"views":19,"formatid":"gen9vgc2025regg","rating":1534,"private":0,"password":null}