{"id":"gen9vgc2025regg-2290014731","format":"[Gen 9] VGC 2025 Reg G","players":["xiyeye","GreaterBalrogCat"],"log":"|j|\u2606xiyeye\n|j|\u2606GreaterBalrogCat\n|t:|1738090420\n|gametype|doubles\n|player|p1|xiyeye|akari|1559\n|player|p2|GreaterBalrogCat|sabrina|1562\n|teamsize|p1|6\n|teamsize|p2|6\n|gen|9\n|tier|[Gen 9] VGC 2025 Reg G\n|rated|\n|rule|Species Clause: Limit one of each Pok\u00e9mon\n|rule|Item Clause: Limit 1 of each item\n|clearpoke\n|poke|p1|Torkoal, L50, F|\n|poke|p1|Annihilape, L50, F|\n|poke|p1|Urshifu-*, L50, M|\n|poke|p1|Indeedee-F, L50, F|\n|poke|p1|Brute Bonnet, L50|\n|poke|p1|Calyrex-Ice, L50|\n|poke|p2|Calyrex-Shadow, L50|\n|poke|p2|Smeargle, L50, M|\n|poke|p2|Urshifu-*, L50, F|\n|poke|p2|Tornadus, L50, M|\n|poke|p2|Ursaluna-Bloodmoon, L50, M|\n|poke|p2|Ogerpon-Hearthflame, L50, F|\n|teampreview|4\n|\n|t:|1738090458\n|start\n|switch|p1a: Indeedee|Indeedee-F, L50, F|100\/100\n|switch|p1b: Calyrex|Calyrex-Ice, L50|100\/100\n|switch|p2a: Tornadus|Tornadus, L50, M|100\/100\n|switch|p2b: Ogerpon|Ogerpon-Hearthflame, L50, F|100\/100\n|-ability|p1b: Calyrex|As One\n|-ability|p1b: Calyrex|Unnerve\n|-ability|p2b: Ogerpon|Mold Breaker\n|-fieldstart|move: Psychic Terrain|[from] ability: Psychic Surge|[of] p1a: Indeedee\n|turn|1\n|\n|t:|1738090482\n|move|p1a: Indeedee|Follow Me|p1a: Indeedee\n|-singleturn|p1a: Indeedee|move: Follow Me\n|move|p2b: Ogerpon|Ivy Cudgel|p1a: Indeedee|[anim] Ivy Cudgel Fire\n|-damage|p1a: Indeedee|42\/100\n|move|p2a: Tornadus|Bleakwind Storm|p1b: Calyrex|[spread] p1a,p1b\n|-damage|p1a: Indeedee|2\/100\n|-damage|p1b: Calyrex|74\/100\n|move|p1b: Calyrex|Trick Room|p1b: Calyrex\n|-fieldstart|move: Trick Room|[of] p1b: Calyrex\n|\n|upkeep\n|turn|2\n|\n|t:|1738090521\n|-terastallize|p1b: Calyrex|Water\n|move|p2b: Ogerpon|Spiky Shield|p2b: Ogerpon\n|-singleturn|p2b: Ogerpon|move: Protect\n|move|p1a: Indeedee|Follow Me|p1a: Indeedee\n|-singleturn|p1a: Indeedee|move: Follow Me\n|move|p2a: Tornadus|Sunny Day|p2a: Tornadus\n|-weather|SunnyDay\n|move|p1b: Calyrex|Glacial Lance|p2b: Ogerpon|[spread] p2a\n|-activate|p2b: Ogerpon|move: Protect\n|-supereffective|p2a: Tornadus\n|-damage|p2a: Tornadus|0 fnt\n|faint|p2a: Tornadus\n|-ability|p1b: Calyrex|Chilling Neigh|boost\n|-boost|p1b: Calyrex|atk|1\n|\n|-weather|SunnyDay|[upkeep]\n|upkeep\n|\n|t:|1738090538\n|switch|p2a: Dark Void|Smeargle, L50, M|100\/100\n|turn|3\n|\n|t:|1738090582\n|move|p2a: Dark Void|Wide Guard|p2a: Dark Void\n|-singleturn|p2a: Dark Void|Wide Guard\n|move|p1a: Indeedee|Follow Me|p1a: Indeedee\n|-singleturn|p1a: Indeedee|move: Follow Me\n|move|p1b: Calyrex|High Horsepower|p2b: Ogerpon\n|-damage|p2b: Ogerpon|30\/100\n|move|p2b: Ogerpon|Horn Leech|p1a: Indeedee\n|-damage|p1a: Indeedee|0 fnt\n|-heal|p2b: Ogerpon|30\/100|[from] drain|[of] p1a: Indeedee\n|faint|p1a: Indeedee\n|\n|-weather|SunnyDay|[upkeep]\n|-ability|p2a: Dark Void|Moody|boost\n|-boost|p2a: Dark Void|spe|2\n|-unboost|p2a: Dark Void|def|1\n|upkeep\n|\n|t:|1738090598\n|switch|p1a: Torkoal|Torkoal, L50, F|100\/100\n|turn|4\n|\n|t:|1738090651\n|move|p2a: Dark Void|Wide Guard|p2a: Dark Void\n|-singleturn|p2a: Dark Void|Wide Guard\n|move|p1a: Torkoal|Weather Ball|p2b: Ogerpon\n|-damage|p2b: Ogerpon|0 fnt\n|faint|p2b: Ogerpon\n|move|p1b: Calyrex|Glacial Lance|p2a: Dark Void\n|-activate|p2a: Dark Void|move: Wide Guard\n|\n|-weather|SunnyDay|[upkeep]\n|-ability|p2a: Dark Void|Moody|boost\n|-boost|p2a: Dark Void|spd|2\n|-unboost|p2a: Dark Void|def|1\n|upkeep\n|\n|t:|1738090663\n|switch|p2b: Calyrex|Calyrex-Shadow, L50|100\/100\n|-ability|p2b: Calyrex|As One\n|-ability|p2b: Calyrex|Unnerve\n|turn|5\n|\n|t:|1738090676\n|move|p2b: Calyrex|Protect|p2b: Calyrex\n|-singleturn|p2b: Calyrex|Protect\n|move|p1a: Torkoal|Weather Ball|p2a: Dark Void\n|-damage|p2a: Dark Void|4\/100\n|move|p1b: Calyrex|High Horsepower|p2a: Dark Void\n|-damage|p2a: Dark Void|0 fnt\n|faint|p2a: Dark Void\n|-ability|p1b: Calyrex|Chilling Neigh|boost\n|-boost|p1b: Calyrex|atk|1\n|\n|-weather|SunnyDay|[upkeep]\n|-fieldend|move: Trick Room\n|-fieldend|move: Psychic Terrain\n|upkeep\n|turn|6\n|\n|t:|1738090694\n|-terastallize|p2b: Calyrex|Normal\n|move|p2b: Calyrex|Astral Barrage|p1b: Calyrex|[spread] p1a,p1b\n|-damage|p1a: Torkoal|31\/100\n|-damage|p1b: Calyrex|35\/100\n|move|p1a: Torkoal|Weather Ball|p2b: Calyrex\n|-damage|p2b: Calyrex|0 fnt\n|faint|p2b: Calyrex\n|\n|win|xiyeye\n|raw|xiyeye's rating: 1559 &rarr; <strong>1579<\/strong><br \/>(+20 for winning)\n|raw|GreaterBalrogCat's rating: 1562 &rarr; <strong>1542<\/strong><br \/>(-20 for losing)\n|l|\u2606GreaterBalrogCat\n|player|p2|\n|l|\u2606xiyeye\n|player|p1|\n","uploadtime":1738090941,"views":11,"formatid":"gen9vgc2025regg","rating":1542,"private":0,"password":null}