{"id":"gen9vgc2025regg-2290373054","format":"[Gen 9] VGC 2025 Reg G","players":["Mugiwaralux","Hanou143"],"log":"|j|\u2606Mugiwaralux\n|j|\u2606Hanou143\n|t:|1738141324\n|gametype|doubles\n|player|p1|Mugiwaralux|101|1555\n|player|p2|Hanou143|102|1647\n|teamsize|p1|6\n|teamsize|p2|6\n|gen|9\n|tier|[Gen 9] VGC 2025 Reg G\n|rated|\n|rule|Species Clause: Limit one of each Pok\u00e9mon\n|rule|Item Clause: Limit 1 of each item\n|clearpoke\n|poke|p1|Incineroar, L50, M|\n|poke|p1|Raging Bolt, L50|\n|poke|p1|Calyrex-Shadow, L50|\n|poke|p1|Rillaboom, L50, M|\n|poke|p1|Urshifu-*, L50, F|\n|poke|p1|Farigiraf, L50, M|\n|poke|p2|Calyrex-Shadow, L50|\n|poke|p2|Jigglypuff, L50, F|\n|poke|p2|Pelipper, L50, M|\n|poke|p2|Rillaboom, L50, M|\n|poke|p2|Incineroar, L50, M|\n|poke|p2|Urshifu-*, L50, F|\n|teampreview|4\n|inactive|Battle timer is ON: inactive players will automatically lose when time's up. (requested by Mugiwaralux)\n|inactive|Mugiwaralux has 60 seconds left.\n|inactive|Hanou143 has 60 seconds left.\n|\n|t:|1738141383\n|start\n|switch|p1a: Farigiraf|Farigiraf, L50, M|100\/100\n|switch|p1b: Incineroar|Incineroar, L50, M|100\/100\n|switch|p2a: Calyrex|Calyrex-Shadow, L50|100\/100\n|switch|p2b: Incineroar|Incineroar, L50, M|100\/100\n|-ability|p2a: Calyrex|As One\n|-ability|p2a: Calyrex|Unnerve\n|-ability|p2b: Incineroar|Intimidate|boost\n|-unboost|p1a: Farigiraf|atk|1\n|-unboost|p1b: Incineroar|atk|1\n|-ability|p1b: Incineroar|Intimidate|boost\n|-unboost|p2a: Calyrex|atk|1\n|-unboost|p2b: Incineroar|atk|1\n|turn|1\n|\n|t:|1738141398\n|-terastallize|p2a: Calyrex|Grass\n|move|p1b: Incineroar|Fake Out|p2b: Incineroar\n|-damage|p2b: Incineroar|92\/100\n|move|p2a: Calyrex|Calm Mind|p2a: Calyrex\n|-boost|p2a: Calyrex|spa|1\n|-boost|p2a: Calyrex|spd|1\n|cant|p2b: Incineroar|flinch\n|move|p1a: Farigiraf|Trick Room|p1a: Farigiraf\n|-fieldstart|move: Trick Room|[of] p1a: Farigiraf\n|\n|upkeep\n|turn|2\n|\n|t:|1738141423\n|move|p1b: Incineroar|Knock Off|p2a: Calyrex\n|-damage|p2a: Calyrex|81\/100\n|-enditem|p2a: Calyrex|Covert Cloak|[from] move: Knock Off|[of] p1b: Incineroar\n|move|p1a: Farigiraf|Hyper Voice|p2a: Calyrex|[spread] p2a,p2b\n|-damage|p2a: Calyrex|64\/100\n|-damage|p2b: Incineroar|64\/100\n|-enditem|p1a: Farigiraf|Throat Spray\n|-boost|p1a: Farigiraf|spa|1|[from] item: Throat Spray\n|move|p2b: Incineroar|Knock Off|p1a: Farigiraf\n|-supereffective|p1a: Farigiraf\n|-damage|p1a: Farigiraf|51\/100\n|move|p2a: Calyrex|Calm Mind|p2a: Calyrex\n|-boost|p2a: Calyrex|spa|1\n|-boost|p2a: Calyrex|spd|1\n|\n|upkeep\n|turn|3\n|\n|t:|1738141437\n|switch|p2b: Jigglypuff|Jigglypuff, L50, F|100\/100\n|move|p1a: Farigiraf|Protect|p1a: Farigiraf\n|-singleturn|p1a: Farigiraf|Protect\n|move|p1b: Incineroar|Parting Shot|p2a: Calyrex\n|-unboost|p2a: Calyrex|atk|1\n|-unboost|p2a: Calyrex|spa|1\n|\n|t:|1738141444\n|switch|p1b: Urshifu|Urshifu-Rapid-Strike, L50, F|100\/100|[from] Parting Shot\n|move|p2a: Calyrex|Giga Drain|p1a: Farigiraf\n|-activate|p1a: Farigiraf|move: Protect\n|\n|upkeep\n|turn|4\n|\n|t:|1738141454\n|-terastallize|p1a: Farigiraf|Grass\n|move|p1b: Urshifu|Detect|p1b: Urshifu\n|-singleturn|p1b: Urshifu|Protect\n|move|p2b: Jigglypuff|Sing|p1b: Urshifu\n|-activate|p1b: Urshifu|move: Protect\n|move|p1a: Farigiraf|Hyper Voice|p2a: Calyrex|[spread] p2a,p2b\n|-damage|p2a: Calyrex|50\/100\n|-damage|p2b: Jigglypuff|55\/100\n|move|p2a: Calyrex|Giga Drain|p1a: Farigiraf\n|-resisted|p1a: Farigiraf\n|-damage|p1a: Farigiraf|25\/100\n|-heal|p2a: Calyrex|64\/100|[from] drain|[of] p1a: Farigiraf\n|\n|upkeep\n|turn|5\n|inactive|Hanou143 has 30 seconds left.\n|\n|t:|1738141480\n|move|p2b: Jigglypuff|Heal Pulse|p2a: Calyrex\n|-heal|p2a: Calyrex|100\/100\n|move|p1a: Farigiraf|Hyper Voice|p2a: Calyrex|[spread] p2a,p2b\n|-damage|p2a: Calyrex|84\/100\n|-damage|p2b: Jigglypuff|5\/100\n|move|p1b: Urshifu|Close Combat|p2a: Calyrex\n|-damage|p2a: Calyrex|46\/100\n|-unboost|p1b: Urshifu|def|1\n|-unboost|p1b: Urshifu|spd|1\n|move|p2a: Calyrex|Astral Barrage|p1b: Urshifu|[spread] p1a,p1b\n|-damage|p1a: Farigiraf|0 fnt\n|-enditem|p1b: Urshifu|Focus Sash\n|-damage|p1b: Urshifu|1\/100\n|faint|p1a: Farigiraf\n|-ability|p2a: Calyrex|Grim Neigh|boost\n|-boost|p2a: Calyrex|spa|1\n|\n|-fieldend|move: Trick Room\n|upkeep\n|\n|t:|1738141484\n|switch|p1a: Incineroar|Incineroar, L50, M|100\/100\n|-ability|p1a: Incineroar|Intimidate|boost\n|-unboost|p2a: Calyrex|atk|1\n|-unboost|p2b: Jigglypuff|atk|1\n|turn|6\n|inactive|Hanou143 has 30 seconds left.\n|inactive|Hanou143 has 20 seconds left.\n|inactive|Hanou143 has 15 seconds left.\n|\n|t:|1738141526\n|switch|p2a: Rillaboom|Rillaboom, L50, M|100\/100\n|-fieldstart|move: Grassy Terrain|[from] ability: Grassy Surge|[of] p2a: Rillaboom\n|switch|p2b: Incineroar|Incineroar, L50, M|64\/100\n|-ability|p2b: Incineroar|Intimidate|boost\n|-unboost|p1a: Incineroar|atk|1\n|-unboost|p1b: Urshifu|atk|1\n|move|p1a: Incineroar|Fake Out|p2a: Rillaboom\n|-damage|p2a: Rillaboom|92\/100\n|move|p1b: Urshifu|Close Combat|p2a: Rillaboom\n|-damage|p2a: Rillaboom|42\/100\n|-unboost|p1b: Urshifu|def|1\n|-unboost|p1b: Urshifu|spd|1\n|\n|-heal|p1b: Urshifu|7\/100|[from] Grassy Terrain\n|-heal|p2a: Rillaboom|48\/100|[from] Grassy Terrain\n|-heal|p2b: Incineroar|70\/100|[from] Grassy Terrain\n|upkeep\n|turn|7\n|j| Kal0stest\n|inactive|Mugiwaralux has 30 seconds left.\n|inactive|Hanou143 has 30 seconds left.\n|inactive|Hanou143 has 20 seconds left.\n|\n|t:|1738141565\n|switch|p1b: Calyrex|Calyrex-Shadow, L50|100\/100\n|-ability|p1b: Calyrex|As One\n|-ability|p1b: Calyrex|Unnerve\n|move|p2a: Rillaboom|Fake Out|p1a: Incineroar\n|-damage|p1a: Incineroar|88\/100\n|move|p2b: Incineroar|Knock Off|p1a: Incineroar\n|-resisted|p1a: Incineroar\n|-crit|p1a: Incineroar\n|-damage|p1a: Incineroar|57\/100\n|-enditem|p1a: Incineroar|Safety Goggles|[from] move: Knock Off|[of] p2b: Incineroar\n|cant|p1a: Incineroar|flinch\n|\n|-heal|p2a: Rillaboom|54\/100|[from] Grassy Terrain\n|-heal|p2b: Incineroar|76\/100|[from] Grassy Terrain\n|-heal|p1a: Incineroar|63\/100|[from] Grassy Terrain\n|upkeep\n|turn|8\n|\n|t:|1738141583\n|switch|p2a: Jigglypuff|Jigglypuff, L50, F|5\/100\n|move|p1b: Calyrex|Protect|p1b: Calyrex\n|-singleturn|p1b: Calyrex|Protect\n|move|p2b: Incineroar|Knock Off|p1b: Calyrex\n|-activate|p1b: Calyrex|move: Protect\n|move|p1a: Incineroar|Parting Shot|p2b: Incineroar\n|-unboost|p2b: Incineroar|atk|1\n|-unboost|p2b: Incineroar|spa|1\n|\n|t:|1738141587\n|switch|p1a: Urshifu|Urshifu-Rapid-Strike, L50, F|7\/100|[from] Parting Shot\n|\n|-heal|p1a: Urshifu|12\/100|[from] Grassy Terrain\n|-heal|p2b: Incineroar|82\/100|[from] Grassy Terrain\n|-heal|p2a: Jigglypuff|10\/100|[from] Grassy Terrain\n|upkeep\n|turn|9\n|\n|t:|1738141605\n|switch|p2b: Rillaboom|Rillaboom, L50, M|54\/100\n|move|p2a: Jigglypuff|Protect|p2a: Jigglypuff\n|-singleturn|p2a: Jigglypuff|Protect\n|move|p1b: Calyrex|Psyshock|p2a: Jigglypuff\n|-activate|p2a: Jigglypuff|move: Protect\n|move|p1a: Urshifu|Surging Strikes|p2b: Rillaboom\n|-resisted|p2b: Rillaboom\n|-crit|p2b: Rillaboom\n|-damage|p2b: Rillaboom|45\/100\n|-resisted|p2b: Rillaboom\n|-crit|p2b: Rillaboom\n|-damage|p2b: Rillaboom|35\/100\n|-resisted|p2b: Rillaboom\n|-crit|p2b: Rillaboom\n|-damage|p2b: Rillaboom|25\/100\n|-hitcount|p2b: Rillaboom|3\n|\n|-heal|p1a: Urshifu|18\/100|[from] Grassy Terrain\n|-heal|p2b: Rillaboom|31\/100|[from] Grassy Terrain\n|-heal|p2a: Jigglypuff|16\/100|[from] Grassy Terrain\n|upkeep\n|turn|10\n|\n|t:|1738141626\n|switch|p1a: Incineroar|Incineroar, L50, M|63\/100\n|-ability|p1a: Incineroar|Intimidate|boost\n|-unboost|p2a: Jigglypuff|atk|1\n|-unboost|p2b: Rillaboom|atk|1\n|switch|p2b: Calyrex|Calyrex-Shadow, L50, tera:Grass|46\/100\n|-ability|p2b: Calyrex|As One\n|-ability|p2b: Calyrex|Unnerve\n|switch|p2a: Incineroar|Incineroar, L50, M|82\/100\n|-ability|p2a: Incineroar|Intimidate|boost\n|-unboost|p1a: Incineroar|atk|1\n|-unboost|p1b: Calyrex|atk|1\n|move|p1b: Calyrex|Astral Barrage|p2a: Incineroar|[spread] p2a,p2b\n|-resisted|p2a: Incineroar\n|-damage|p2a: Incineroar|59\/100\n|-damage|p2b: Calyrex|0 fnt\n|faint|p2b: Calyrex\n|-ability|p1b: Calyrex|Grim Neigh|boost\n|-boost|p1b: Calyrex|spa|1\n|\n|-heal|p2a: Incineroar|65\/100|[from] Grassy Terrain\n|-heal|p1a: Incineroar|69\/100|[from] Grassy Terrain\n|-fieldend|move: Grassy Terrain\n|upkeep\n|\n|t:|1738141641\n|switch|p2b: Jigglypuff|Jigglypuff, L50, F|16\/100\n|turn|11\n|-message|Hanou143 forfeited.\n|\n|win|Mugiwaralux\n|raw|Mugiwaralux's rating: 1555 &rarr; <strong>1580<\/strong><br \/>(+25 for winning)\n|raw|Hanou143's rating: 1647 &rarr; <strong>1622<\/strong><br \/>(-25 for losing)\n|l|\u2606Hanou143\n|player|p2|\n|l|\u2606Mugiwaralux\n|player|p1|\n|l| Kal0stest\n","uploadtime":1738141899,"views":8,"formatid":"gen9vgc2025regg","rating":1580,"private":0,"password":null}