{"id":"gen9vgc2025regg-2290797575","format":"[Gen 9] VGC 2025 Reg G","players":["Duryodhan","squiddiam"],"log":"|j|\u2606Duryodhan\n|j|\u2606squiddiam\n|t:|1738190377\n|gametype|doubles\n|player|p1|Duryodhan|169|1665\n|player|p2|squiddiam|pokemonranger-gen4|1574\n|teamsize|p1|6\n|teamsize|p2|6\n|gen|9\n|tier|[Gen 9] VGC 2025 Reg G\n|rated|\n|rule|Species Clause: Limit one of each Pok\u00e9mon\n|rule|Item Clause: Limit 1 of each item\n|clearpoke\n|poke|p1|Calyrex-Ice, L50|\n|poke|p1|Gallade, L50, M|\n|poke|p1|Indeedee-F, L50, F|\n|poke|p1|Raging Bolt, L50|\n|poke|p1|Amoonguss, L50, M|\n|poke|p1|Ursaluna, L50, M|\n|poke|p2|Zamazenta-*, L50|\n|poke|p2|Chi-Yu, L50|\n|poke|p2|Urshifu-*, L50, M|\n|poke|p2|Flutter Mane, L50|\n|poke|p2|Chien-Pao, L50|\n|poke|p2|Amoonguss, L50, M|\n|teampreview|4\n|inactive|Battle timer is ON: inactive players will automatically lose when time's up. (requested by Duryodhan)\n|inactive|squiddiam has 60 seconds left.\n|\n|t:|1738190419\n|start\n|switch|p1a: Gallade|Gallade, L50, M|100\/100\n|switch|p1b: Indeedee|Indeedee-F, L50, F|100\/100\n|switch|p2a: Chien-Pao|Chien-Pao, L50|100\/100\n|switch|p2b: Urshifu|Urshifu-Rapid-Strike, L50, M|100\/100\n|-ability|p2a: Chien-Pao|Sword of Ruin\n|-fieldstart|move: Psychic Terrain|[from] ability: Psychic Surge|[of] p1b: Indeedee\n|turn|1\n|inactive|Duryodhan has 30 seconds left.\n|\n|t:|1738190449\n|switch|p1a: Amoonguss|Amoonguss, L50, M|100\/100\n|move|p2a: Chien-Pao|Ice Spinner|p1a: Amoonguss\n|-supereffective|p1a: Amoonguss\n|-damage|p1a: Amoonguss|1\/100\n|-fieldend|move: Psychic Terrain\n|move|p2b: Urshifu|Surging Strikes|p1b: Indeedee\n|-crit|p1b: Indeedee\n|-damage|p1b: Indeedee|70\/100\n|-crit|p1b: Indeedee\n|-damage|p1b: Indeedee|42\/100\n|-crit|p1b: Indeedee\n|-damage|p1b: Indeedee|15\/100\n|-hitcount|p1b: Indeedee|3\n|move|p1b: Indeedee|Trick Room|p1b: Indeedee\n|-fieldstart|move: Trick Room|[of] p1b: Indeedee\n|\n|upkeep\n|turn|2\n|inactive|squiddiam has 30 seconds left.\n|\n|t:|1738190478\n|switch|p2a: Amoonguss|Amoonguss, L50, M|100\/100\n|move|p1b: Indeedee|Follow Me|p1b: Indeedee\n|-singleturn|p1b: Indeedee|move: Follow Me\n|move|p1a: Amoonguss|Spore|p2a: Amoonguss\n|-immune|p2a: Amoonguss\n|move|p2b: Urshifu|Surging Strikes|p1b: Indeedee\n|-crit|p1b: Indeedee\n|-damage|p1b: Indeedee|0 fnt\n|faint|p1b: Indeedee\n|-hitcount|p1: Indeedee|1\n|\n|upkeep\n|\n|t:|1738190487\n|switch|p1b: Ursaluna|Ursaluna, L50, M|100\/100\n|turn|3\n|\n|t:|1738190506\n|switch|p1a: Gallade|Gallade, L50, M|100\/100\n|move|p1b: Ursaluna|Protect|p1b: Ursaluna\n|-singleturn|p1b: Ursaluna|Protect\n|move|p2a: Amoonguss|Spore|p1b: Ursaluna\n|-activate|p1b: Ursaluna|move: Protect\n|move|p2b: Urshifu|Surging Strikes|p1a: Gallade\n|-crit|p1a: Gallade\n|-damage|p1a: Gallade|75\/100\n|-crit|p1a: Gallade\n|-damage|p1a: Gallade|50\/100\n|-crit|p1a: Gallade\n|-damage|p1a: Gallade|23\/100\n|-hitcount|p1a: Gallade|3\n|\n|-status|p1b: Ursaluna|brn|[from] item: Flame Orb\n|upkeep\n|turn|4\n|\n|t:|1738190528\n|move|p2b: Urshifu|Protect|p2b: Urshifu\n|-singleturn|p2b: Urshifu|Protect\n|move|p2a: Amoonguss|Sludge Bomb|p1a: Gallade\n|-damage|p1a: Gallade|0 fnt\n|faint|p1a: Gallade\n|move|p1b: Ursaluna|Facade|p2a: Amoonguss\n|-damage|p2a: Amoonguss|15\/100\n|-damage|p1b: Ursaluna|84\/100 brn|[from] item: Rocky Helmet|[of] p2a: Amoonguss\n|\n|-damage|p1b: Ursaluna|78\/100 brn|[from] brn\n|upkeep\n|\n|t:|1738190538\n|switch|p1a: Amoonguss|Amoonguss, L50, M|34\/100\n|turn|5\n|\n|t:|1738190553\n|move|p2a: Amoonguss|Rage Powder|p2a: Amoonguss\n|-singleturn|p2a: Amoonguss|move: Rage Powder\n|move|p1a: Amoonguss|Spore|p2b: Urshifu\n|-activate|p2b: Urshifu|item: Safety Goggles|Spore\n|move|p1b: Ursaluna|Facade|p2a: Amoonguss\n|-damage|p2a: Amoonguss|0 fnt\n|-damage|p1b: Ursaluna|62\/100 brn|[from] item: Rocky Helmet|[of] p2a: Amoonguss\n|faint|p2a: Amoonguss\n|move|p2b: Urshifu|Surging Strikes|p1b: Ursaluna\n|-supereffective|p1b: Ursaluna\n|-crit|p1b: Ursaluna\n|-damage|p1b: Ursaluna|31\/100 brn\n|-supereffective|p1b: Ursaluna\n|-crit|p1b: Ursaluna\n|-damage|p1b: Ursaluna|0 fnt\n|faint|p1b: Ursaluna\n|-hitcount|p1: Ursaluna|2\n|\n|-fieldend|move: Trick Room\n|upkeep\n|\n|t:|1738190559\n|switch|p2a: Chien-Pao|Chien-Pao, L50|100\/100\n|-ability|p2a: Chien-Pao|Sword of Ruin\n|turn|6\n|-message|Duryodhan forfeited.\n|\n|win|squiddiam\n|raw|Duryodhan's rating: 1665 &rarr; <strong>1640<\/strong><br \/>(-25 for losing)\n|raw|squiddiam's rating: 1574 &rarr; <strong>1599<\/strong><br \/>(+25 for winning)\n|l|\u2606Duryodhan\n|player|p1|\n|l|\u2606squiddiam\n|player|p2|\n","uploadtime":1738190716,"views":15,"formatid":"gen9vgc2025regg","rating":1599,"private":0,"password":null}