{"id":"gen9vgc2025regg-2290618933","format":"[Gen 9] VGC 2025 Reg G","players":["bluestraggler01","Hanou143"],"log":"|j|\u2606bluestraggler01\n|j|\u2606Hanou143\n|t:|1738172338\n|gametype|doubles\n|player|p1|bluestraggler01|170|1603\n|player|p2|Hanou143|266|1584\n|teamsize|p1|6\n|teamsize|p2|6\n|gen|9\n|tier|[Gen 9] VGC 2025 Reg G\n|rated|\n|rule|Species Clause: Limit one of each Pok\u00e9mon\n|rule|Item Clause: Limit 1 of each item\n|clearpoke\n|poke|p1|Koraidon, L50|\n|poke|p1|Flutter Mane, L50|\n|poke|p1|Umbreon, L50, M|\n|poke|p1|Armarouge, L50, M|\n|poke|p1|Ogerpon-Cornerstone, L50, F|\n|poke|p1|Raging Bolt, L50|\n|poke|p2|Calyrex-Shadow, L50|\n|poke|p2|Jigglypuff, L50, M|\n|poke|p2|Pelipper, L50, M|\n|poke|p2|Rillaboom, L50, M|\n|poke|p2|Incineroar, L50, M|\n|poke|p2|Urshifu-*, L50, M|\n|teampreview|4\n|j| ChiYuIC\n|inactive|Battle timer is ON: inactive players will automatically lose when time's up. (requested by Hanou143)\n|\n|t:|1738172375\n|start\n|switch|p1a: Umbreon|Umbreon, L50, M|100\/100\n|switch|p1b: Raging Bolt|Raging Bolt, L50|100\/100\n|switch|p2a: Calyrex|Calyrex-Shadow, L50|100\/100\n|switch|p2b: Urshifu|Urshifu-Rapid-Strike, L50, M|100\/100\n|-ability|p2a: Calyrex|As One\n|-ability|p2a: Calyrex|Unnerve\n|turn|1\n|l| ChiYuIC\n|inactive|Hanou143 has 30 seconds left.\n|inactive|Hanou143 has 20 seconds left.\n|\n|t:|1738172415\n|switch|p2b: Jigglypuff|Jigglypuff, L50, M|100\/100\n|-terastallize|p2a: Calyrex|Grass\n|move|p1b: Raging Bolt|Thunderclap||[still]\n|-fail|p1b: Raging Bolt\n|move|p2a: Calyrex|Calm Mind|p2a: Calyrex\n|-boost|p2a: Calyrex|spa|1\n|-boost|p2a: Calyrex|spd|1\n|move|p1a: Umbreon|Yawn|p2a: Calyrex\n|-start|p2a: Calyrex|move: Yawn|[of] p1a: Umbreon\n|\n|upkeep\n|turn|2\n|\n|t:|1738172436\n|move|p2a: Calyrex|Calm Mind|p2a: Calyrex\n|-boost|p2a: Calyrex|spa|1\n|-boost|p2a: Calyrex|spd|1\n|move|p1b: Raging Bolt|Thunderbolt|p2b: Jigglypuff\n|-damage|p2b: Jigglypuff|31\/100\n|-damage|p1b: Raging Bolt|91\/100|[from] item: Life Orb\n|move|p1a: Umbreon|Yawn|p2b: Jigglypuff\n|-start|p2b: Jigglypuff|move: Yawn|[of] p1a: Umbreon\n|move|p2b: Jigglypuff|Sing|p1a: Umbreon\n|-status|p1a: Umbreon|slp|[from] move: Sing\n|\n|-end|p2a: Calyrex|move: Yawn|[silent]\n|-status|p2a: Calyrex|slp\n|upkeep\n|turn|3\n|inactive|Hanou143 has 30 seconds left.\n|inactive|Hanou143 has 20 seconds left.\n|\n|t:|1738172474\n|switch|p1a: Flutter Mane|Flutter Mane, L50|100\/100\n|move|p2b: Jigglypuff|Protect|p2b: Jigglypuff\n|-singleturn|p2b: Jigglypuff|Protect\n|cant|p2a: Calyrex|slp\n|move|p1b: Raging Bolt|Thunderbolt|p2b: Jigglypuff\n|-activate|p2b: Jigglypuff|move: Protect\n|\n|-end|p2b: Jigglypuff|move: Yawn|[silent]\n|-status|p2b: Jigglypuff|slp\n|upkeep\n|turn|4\n|\n|t:|1738172493\n|move|p1a: Flutter Mane|Icy Wind|p2b: Jigglypuff|[spread] p2a,p2b\n|-supereffective|p2a: Calyrex\n|-damage|p2a: Calyrex|91\/100 slp\n|-damage|p2b: Jigglypuff|16\/100 slp\n|-unboost|p2b: Jigglypuff|spe|1\n|-curestatus|p2a: Calyrex|slp|[msg]\n|move|p2a: Calyrex|Astral Barrage|p1b: Raging Bolt|[spread] p1a,p1b\n|-supereffective|p1a: Flutter Mane\n|-enditem|p1a: Flutter Mane|Focus Sash\n|-damage|p1a: Flutter Mane|1\/100\n|-damage|p1b: Raging Bolt|9\/100\n|move|p1b: Raging Bolt|Thunderbolt|p2b: Jigglypuff\n|-damage|p2b: Jigglypuff|0 fnt\n|faint|p2b: Jigglypuff\n|-damage|p1b: Raging Bolt|0 fnt|[from] item: Life Orb\n|faint|p1b: Raging Bolt\n|-end|p1b: Raging Bolt|Protosynthesis|[silent]\n|\n|upkeep\n|inactive|bluestraggler01 has 30 seconds left.\n|\n|t:|1738172519\n|switch|p1b: Umbreon|Umbreon, L50, M|100\/100 slp\n|switch|p2b: Urshifu|Urshifu-Rapid-Strike, L50, M|100\/100\n|turn|5\n|\n|t:|1738172528\n|switch|p1b: Koraidon|Koraidon, L50|100\/100\n|-weather|SunnyDay|[from] ability: Orichalcum Pulse|[of] p1b: Koraidon\n|-activate|p1a: Flutter Mane|ability: Protosynthesis\n|-start|p1a: Flutter Mane|protosynthesisspe\n|-activate|p1b: Koraidon|Orichalcum Pulse|[source]\n|move|p2b: Urshifu|Aqua Jet|p1a: Flutter Mane\n|-damage|p1a: Flutter Mane|0 fnt\n|faint|p1a: Flutter Mane\n|-end|p1a: Flutter Mane|Protosynthesis|[silent]\n|move|p2a: Calyrex|Calm Mind|p2a: Calyrex\n|-boost|p2a: Calyrex|spa|1\n|-boost|p2a: Calyrex|spd|1\n|\n|-weather|SunnyDay|[upkeep]\n|upkeep\n|-message|bluestraggler01 forfeited.\n|\n|win|Hanou143\n|raw|bluestraggler01's rating: 1603 &rarr; <strong>1582<\/strong><br \/>(-21 for losing)\n|raw|Hanou143's rating: 1584 &rarr; <strong>1605<\/strong><br \/>(+21 for winning)\n|l|\u2606bluestraggler01\n|player|p1|\n|l|\u2606Hanou143\n|player|p2|\n","uploadtime":1738172770,"views":9,"formatid":"gen9vgc2025regg","rating":1582,"private":0,"password":null}