{"id":"gen9vgc2025regg-2290129427","format":"[Gen 9] VGC 2025 Reg G","players":["MoodyMukVGC","onsoni"],"log":"|j|\u2606MoodyMukVGC\n|j|\u2606onsoni\n|t:|1738101737\n|gametype|doubles\n|player|p1|MoodyMukVGC|chuck|1561\n|player|p2|onsoni|hilda-wonderlauncher|1628\n|teamsize|p1|6\n|teamsize|p2|6\n|gen|9\n|tier|[Gen 9] VGC 2025 Reg G\n|rated|\n|rule|Species Clause: Limit one of each Pok\u00e9mon\n|rule|Item Clause: Limit 1 of each item\n|clearpoke\n|poke|p1|Calyrex-Shadow, L50|\n|poke|p1|Rillaboom, L50, M|\n|poke|p1|Urshifu-*, L50, M|\n|poke|p1|Clefairy, L50, M|\n|poke|p1|Incineroar, L50, M|\n|poke|p1|Tornadus, L50, M|\n|poke|p2|Koraidon, L50|\n|poke|p2|Iron Hands, L50|\n|poke|p2|Flutter Mane, L50|\n|poke|p2|Chi-Yu, L50|\n|poke|p2|Whimsicott, L50, M|\n|poke|p2|Raging Bolt, L50|\n|teampreview|4\n|\n|t:|1738101778\n|start\n|switch|p1a: Calyrex|Calyrex-Shadow, L50|100\/100\n|switch|p1b: Tornadus|Tornadus, L50, M, shiny|100\/100\n|switch|p2a: Flutter Mane|Flutter Mane, L50|100\/100\n|switch|p2b: Whimsicott|Whimsicott, L50, M, shiny|100\/100\n|-ability|p1a: Calyrex|As One\n|-ability|p1a: Calyrex|Unnerve\n|turn|1\n|\n|t:|1738101796\n|-terastallize|p1a: Calyrex|Fairy\n|-terastallize|p2a: Flutter Mane|Fairy\n|move|p1b: Tornadus|Taunt|p2b: Whimsicott\n|-start|p2b: Whimsicott|move: Taunt\n|move|p1a: Calyrex|Calm Mind|p1a: Calyrex\n|-boost|p1a: Calyrex|spa|1\n|-boost|p1a: Calyrex|spd|1\n|move|p2a: Flutter Mane|Dazzling Gleam|p1a: Calyrex|[spread] p1a,p1b\n|-damage|p1a: Calyrex|66\/100\n|-damage|p1b: Tornadus|38\/100\n|cant|p2b: Whimsicott|move: Taunt|Trick Room\n|\n|upkeep\n|turn|2\n|\n|t:|1738101825\n|switch|p1b: Clefairy|Clefairy, L50, M, shiny|100\/100\n|switch|p2b: Chi-Yu|Chi-Yu, L50|100\/100\n|-ability|p2b: Chi-Yu|Beads of Ruin\n|move|p1a: Calyrex|Draining Kiss|p2a: Flutter Mane\n|-damage|p2a: Flutter Mane|44\/100\n|-heal|p1a: Calyrex|100\/100|[from] drain|[of] p2a: Flutter Mane\n|move|p2a: Flutter Mane|Dazzling Gleam|p1b: Clefairy|[spread] p1a,p1b\n|-damage|p1a: Calyrex|64\/100\n|-damage|p1b: Clefairy|29\/100\n|\n|upkeep\n|turn|3\n|\n|t:|1738101851\n|-end|p2a: Flutter Mane|Protosynthesis|[silent]\n|switch|p2a: Whimsicott|Whimsicott, L50, M, shiny|100\/100\n|move|p1b: Clefairy|Protect|p1b: Clefairy\n|-singleturn|p1b: Clefairy|Protect\n|move|p1a: Calyrex|Draining Kiss|p2a: Whimsicott\n|-damage|p2a: Whimsicott|12\/100\n|-heal|p1a: Calyrex|100\/100|[from] drain|[of] p2a: Whimsicott\n|move|p2b: Chi-Yu|Heat Wave|p1b: Clefairy|[spread] p1a\n|-activate|p1b: Clefairy|move: Protect\n|-damage|p1a: Calyrex|74\/100\n|\n|upkeep\n|turn|4\n|\n|t:|1738101867\n|move|p1b: Clefairy|Follow Me|p1b: Clefairy\n|-singleturn|p1b: Clefairy|move: Follow Me\n|move|p2a: Whimsicott|Tailwind|p2a: Whimsicott\n|-sidestart|p2: onsoni|move: Tailwind\n|move|p2b: Chi-Yu|Nasty Plot|p2b: Chi-Yu\n|-boost|p2b: Chi-Yu|spa|2\n|move|p1a: Calyrex|Astral Barrage|p2b: Chi-Yu|[spread] p2a,p2b\n|-resisted|p2b: Chi-Yu\n|-damage|p2a: Whimsicott|0 fnt\n|-damage|p2b: Chi-Yu|67\/100\n|faint|p2a: Whimsicott\n|-ability|p1a: Calyrex|Grim Neigh|boost\n|-boost|p1a: Calyrex|spa|1\n|\n|upkeep\n|\n|t:|1738101877\n|switch|p2a: Flutter Mane|Flutter Mane, L50, tera:Fairy|44\/100\n|turn|5\n|\n|t:|1738101883\n|move|p1a: Calyrex|Protect|p1a: Calyrex\n|-singleturn|p1a: Calyrex|Protect\n|move|p1b: Clefairy|Follow Me|p1b: Clefairy\n|-singleturn|p1b: Clefairy|move: Follow Me\n|move|p2a: Flutter Mane|Dazzling Gleam|p1b: Clefairy|[spread] p1b\n|-activate|p1a: Calyrex|move: Protect\n|-damage|p1b: Clefairy|0 fnt\n|faint|p1b: Clefairy\n|move|p2b: Chi-Yu|Heat Wave|p1a: Calyrex\n|-activate|p1a: Calyrex|move: Protect\n|\n|upkeep\n|\n|t:|1738101888\n|switch|p1b: Tornadus|Tornadus, L50, M, shiny|38\/100\n|turn|6\n|\n|t:|1738101898\n|-end|p2a: Flutter Mane|Protosynthesis|[silent]\n|switch|p2a: Koraidon|Koraidon, L50|100\/100\n|-weather|SunnyDay|[from] ability: Orichalcum Pulse|[of] p2a: Koraidon\n|-activate|p2a: Koraidon|Orichalcum Pulse|[source]\n|move|p1b: Tornadus|Tailwind|p1b: Tornadus\n|-sidestart|p1: MoodyMukVGC|move: Tailwind\n|move|p1a: Calyrex|Draining Kiss|p2a: Koraidon\n|-supereffective|p2a: Koraidon\n|-damage|p2a: Koraidon|0 fnt\n|-heal|p1a: Calyrex|100\/100|[from] drain|[of] p2a: Koraidon\n|faint|p2a: Koraidon\n|-ability|p1a: Calyrex|Grim Neigh|boost\n|-boost|p1a: Calyrex|spa|1\n|move|p2b: Chi-Yu|Heat Wave|p1b: Tornadus|[spread] p1a,p1b\n|-damage|p1a: Calyrex|0 fnt\n|-damage|p1b: Tornadus|0 fnt\n|faint|p1a: Calyrex\n|faint|p1b: Tornadus\n|\n|-weather|SunnyDay|[upkeep]\n|upkeep\n|\n|t:|1738101919\n|switch|p1b: Urshifu|Urshifu-Rapid-Strike, L50, M|100\/100\n|switch|p2a: Flutter Mane|Flutter Mane, L50, tera:Fairy|44\/100\n|-activate|p2a: Flutter Mane|ability: Protosynthesis\n|-start|p2a: Flutter Mane|protosynthesisspa\n|turn|7\n|\n|t:|1738101929\n|move|p1b: Urshifu|Protect|p1b: Urshifu\n|-singleturn|p1b: Urshifu|Protect\n|move|p2a: Flutter Mane|Moonblast|p1b: Urshifu\n|-activate|p1b: Urshifu|move: Protect\n|move|p2b: Chi-Yu|Dark Pulse|p1b: Urshifu\n|-activate|p1b: Urshifu|move: Protect\n|\n|-weather|SunnyDay|[upkeep]\n|-sideend|p2: onsoni|move: Tailwind\n|upkeep\n|turn|8\n|\n|t:|1738101947\n|move|p1b: Urshifu|Surging Strikes|p2a: Flutter Mane\n|-crit|p2a: Flutter Mane\n|-damage|p2a: Flutter Mane|25\/100\n|-crit|p2a: Flutter Mane\n|-damage|p2a: Flutter Mane|8\/100\n|-crit|p2a: Flutter Mane\n|-damage|p2a: Flutter Mane|0 fnt\n|faint|p2a: Flutter Mane\n|-end|p2a: Flutter Mane|Protosynthesis|[silent]\n|-hitcount|p2: Flutter Mane|3\n|move|p2b: Chi-Yu|Heat Wave|p1b: Urshifu\n|-resisted|p1b: Urshifu\n|-enditem|p1b: Urshifu|Focus Sash\n|-damage|p1b: Urshifu|1\/100\n|\n|-weather|SunnyDay|[upkeep]\n|upkeep\n|turn|9\n|j| Suffixussy\n|c|\u2606MoodyMukVGC|gg\n|\n|t:|1738101955\n|move|p1b: Urshifu|Close Combat|p2b: Chi-Yu\n|-supereffective|p2b: Chi-Yu\n|-damage|p2b: Chi-Yu|0 fnt\n|-unboost|p1b: Urshifu|def|1\n|-unboost|p1b: Urshifu|spd|1\n|faint|p2b: Chi-Yu\n|\n|win|MoodyMukVGC\n|raw|MoodyMukVGC's rating: 1561 &rarr; <strong>1585<\/strong><br \/>(+24 for winning)\n|raw|onsoni's rating: 1628 &rarr; <strong>1604<\/strong><br \/>(-24 for losing)\n|l|\u2606onsoni\n|player|p2|\n|l|\u2606MoodyMukVGC\n|player|p1|\n|l| Suffixussy\n","uploadtime":1738102155,"views":7,"formatid":"gen9vgc2025regg","rating":1585,"private":0,"password":null}