{"id":"gen9vgc2025regg-2290125114","format":"[Gen 9] VGC 2025 Reg G","players":["Atsikanu~","onsoni"],"log":"|j|\u2606Atsikanu~\n|j|\u2606onsoni\n|t:|1738101269\n|gametype|doubles\n|player|p1|Atsikanu~|170|1580\n|player|p2|onsoni|hilda-wonderlauncher|1634\n|teamsize|p1|6\n|teamsize|p2|6\n|gen|9\n|tier|[Gen 9] VGC 2025 Reg G\n|rated|\n|rule|Species Clause: Limit one of each Pok\u00e9mon\n|rule|Item Clause: Limit 1 of each item\n|clearpoke\n|poke|p1|Urshifu-*, L50, F|\n|poke|p1|Kyogre, L50|\n|poke|p1|Electabuzz, L50, F|\n|poke|p1|Farigiraf, L50, F|\n|poke|p1|Annihilape, L50, M|\n|poke|p1|Ogerpon-Cornerstone, L50, F|\n|poke|p2|Koraidon, L50|\n|poke|p2|Iron Hands, L50|\n|poke|p2|Flutter Mane, L50|\n|poke|p2|Chi-Yu, L50|\n|poke|p2|Whimsicott, L50, F|\n|poke|p2|Raging Bolt, L50|\n|teampreview|4\n|c|\u2606Atsikanu~|Our worst matchups respectively\n|inactive|Battle timer is ON: inactive players will automatically lose when time's up. (requested by Atsikanu~)\n|inactive|Atsikanu~ has 60 seconds left.\n|\n|t:|1738101346\n|start\n|switch|p1a: Farigiraf|Farigiraf, L50, F|100\/100\n|switch|p1b: Ogerpon|Ogerpon-Cornerstone, L50, F|100\/100\n|switch|p2a: Iron Hands|Iron Hands, L50|100\/100\n|switch|p2b: Whimsicott|Whimsicott, L50, F, shiny|100\/100\n|turn|1\n|inactive|Atsikanu~ has 30 seconds left.\n|\n|t:|1738101371\n|move|p1b: Ogerpon|Ivy Cudgel|p2b: Whimsicott|[anim] Ivy Cudgel Rock\n|-damage|p2b: Whimsicott|33\/100\n|move|p2b: Whimsicott|Moonblast|p1a: Farigiraf\n|-damage|p1a: Farigiraf|66\/100\n|-unboost|p1a: Farigiraf|spa|1\n|move|p2a: Iron Hands|Low Kick|p1a: Farigiraf\n|-damage|p1a: Farigiraf|16\/100\n|-enditem|p1a: Farigiraf|Sitrus Berry|[eat]\n|-heal|p1a: Farigiraf|41\/100|[from] item: Sitrus Berry\n|move|p1a: Farigiraf|Trick Room|p1a: Farigiraf\n|-fieldstart|move: Trick Room|[of] p1a: Farigiraf\n|\n|upkeep\n|turn|2\n|\n|t:|1738101391\n|move|p2a: Iron Hands|Low Kick|p1b: Ogerpon\n|-supereffective|p1b: Ogerpon\n|-damage|p1b: Ogerpon|3\/100\n|move|p1a: Farigiraf|Hyper Voice|p2a: Iron Hands|[spread] p2a,p2b\n|-damage|p2a: Iron Hands|90\/100\n|-damage|p2b: Whimsicott|12\/100\n|move|p2b: Whimsicott|Moonblast|p1b: Ogerpon\n|-damage|p1b: Ogerpon|0 fnt\n|faint|p1b: Ogerpon\n|\n|upkeep\n|\n|t:|1738101403\n|switch|p1b: Urshifu|Urshifu-Rapid-Strike, L50, F|100\/100\n|turn|3\n|\n|t:|1738101418\n|-terastallize|p1b: Urshifu|Ghost\n|move|p2a: Iron Hands|Low Kick|p1a: Farigiraf\n|-damage|p1a: Farigiraf|0 fnt\n|faint|p1a: Farigiraf\n|move|p1b: Urshifu|Close Combat|p2a: Iron Hands\n|-crit|p2a: Iron Hands\n|-damage|p2a: Iron Hands|0 fnt\n|-unboost|p1b: Urshifu|def|1\n|-unboost|p1b: Urshifu|spd|1\n|faint|p2a: Iron Hands\n|-end|p2a: Iron Hands|Quark Drive|[silent]\n|move|p2b: Whimsicott|Moonblast|p1b: Urshifu\n|-damage|p1b: Urshifu|30\/100\n|\n|upkeep\n|j| jfabricio23\n|\n|t:|1738101432\n|switch|p2a: Raging Bolt|Raging Bolt, L50|100\/100\n|switch|p1a: Kyogre|Kyogre, L50|100\/100\n|-weather|RainDance|[from] ability: Drizzle|[of] p1a: Kyogre\n|turn|4\n|j| Triple20\n|\n|t:|1738101452\n|move|p2a: Raging Bolt|Thunderbolt|p1a: Kyogre\n|-supereffective|p1a: Kyogre\n|-damage|p1a: Kyogre|10\/100\n|-damage|p2a: Raging Bolt|91\/100|[from] item: Life Orb\n|move|p1a: Kyogre|Origin Pulse|p2a: Raging Bolt|[spread] p2b\n|-miss|p1a: Kyogre|p2a: Raging Bolt\n|-resisted|p2b: Whimsicott\n|-damage|p2b: Whimsicott|0 fnt\n|faint|p2b: Whimsicott\n|move|p1b: Urshifu|Close Combat|p2a: Raging Bolt\n|-damage|p2a: Raging Bolt|5\/100\n|-unboost|p1b: Urshifu|def|1\n|-unboost|p1b: Urshifu|spd|1\n|\n|-weather|RainDance|[upkeep]\n|upkeep\n|\n|t:|1738101460\n|switch|p2b: Koraidon|Koraidon, L50|100\/100\n|-weather|SunnyDay|[from] ability: Orichalcum Pulse|[of] p2b: Koraidon\n|-activate|p2a: Raging Bolt|ability: Protosynthesis\n|-start|p2a: Raging Bolt|protosynthesisspa\n|-activate|p2b: Koraidon|Orichalcum Pulse|[source]\n|turn|5\n|\n|t:|1738101470\n|move|p2a: Raging Bolt|Thunderclap|p1a: Kyogre\n|-supereffective|p1a: Kyogre\n|-damage|p1a: Kyogre|0 fnt\n|faint|p1a: Kyogre\n|-damage|p2a: Raging Bolt|0 fnt|[from] item: Life Orb\n|faint|p2a: Raging Bolt\n|-end|p2a: Raging Bolt|Protosynthesis|[silent]\n|move|p1b: Urshifu|Close Combat|p2b: Koraidon\n|-crit|p2b: Koraidon\n|-damage|p2b: Koraidon|0 fnt\n|-unboost|p1b: Urshifu|def|1\n|-unboost|p1b: Urshifu|spd|1\n|faint|p2b: Koraidon\n|\n|win|Atsikanu~\n|raw|Atsikanu~'s rating: 1580 &rarr; <strong>1603<\/strong><br \/>(+23 for winning)\n|raw|onsoni's rating: 1634 &rarr; <strong>1611<\/strong><br \/>(-23 for losing)\n|c|\u2606Atsikanu~|You sold last turn I could have won turn 4\n|l|\u2606onsoni\n|player|p2|\n|l|\u2606Atsikanu~\n|player|p1|\n|l| Triple20\n|l| jfabricio23\n","uploadtime":1738101740,"views":27,"formatid":"gen9vgc2025regg","rating":1603,"private":0,"password":null}