{"id":"gen9vgc2025regg-2290695676","format":"[Gen 9] VGC 2025 Reg G","players":["MoodyMukVGC","tommy2436"],"log":"|j|\u2606MoodyMukVGC\n|j|\u2606tommy2436\n|t:|1738179609\n|gametype|doubles\n|player|p1|MoodyMukVGC|chuck|1625\n|player|p2|tommy2436|2|1583\n|teamsize|p1|6\n|teamsize|p2|6\n|gen|9\n|tier|[Gen 9] VGC 2025 Reg G\n|rated|\n|rule|Species Clause: Limit one of each Pok\u00e9mon\n|rule|Item Clause: Limit 1 of each item\n|clearpoke\n|poke|p1|Calyrex-Shadow, L50|\n|poke|p1|Rillaboom, L50, M|\n|poke|p1|Urshifu-*, L50, M|\n|poke|p1|Clefairy, L50, M|\n|poke|p1|Incineroar, L50, M|\n|poke|p1|Tornadus, L50, M|\n|poke|p2|Calyrex-Ice, L50|\n|poke|p2|Urshifu-*, L50, F|\n|poke|p2|Raging Bolt, L50|\n|poke|p2|Pelipper, L50, F|\n|poke|p2|Iron Valiant, L50|\n|poke|p2|Chien-Pao, L50|\n|teampreview|4\n|j| Millamojake\ntommy2436 rejected open team sheets.\n|inactive|Battle timer is ON: inactive players will automatically lose when time's up. (requested by tommy2436)\n|\n|t:|1738179664\n|start\n|switch|p1a: Incineroar|Incineroar, L50, M, shiny|100\/100\n|switch|p1b: Calyrex|Calyrex-Shadow, L50|100\/100\n|switch|p2a: Calyrex|Calyrex-Ice, L50|100\/100\n|switch|p2b: Pelipper|Pelipper, L50, F|100\/100\n|-ability|p1b: Calyrex|As One\n|-ability|p1b: Calyrex|Unnerve\n|-ability|p2a: Calyrex|As One\n|-ability|p2a: Calyrex|Unnerve\n|-weather|RainDance|[from] ability: Drizzle|[of] p2b: Pelipper\n|-ability|p1a: Incineroar|Intimidate|boost\n|-unboost|p2a: Calyrex|atk|1\n|-unboost|p2b: Pelipper|atk|1\n|turn|1\n|inactive|tommy2436 has 30 seconds left.\n|\n|t:|1738179696\n|-terastallize|p2a: Calyrex|Fire\n|move|p1a: Incineroar|Fake Out|p2b: Pelipper\n|-damage|p2b: Pelipper|89\/100\n|move|p1b: Calyrex|Calm Mind|p1b: Calyrex\n|-boost|p1b: Calyrex|spa|1\n|-boost|p1b: Calyrex|spd|1\n|move|p2b: Pelipper|Tailwind|p2b: Pelipper\n|-sidestart|p2: tommy2436|move: Tailwind\n|move|p2a: Calyrex|Lash Out|p1b: Calyrex\n|-supereffective|p1b: Calyrex\n|-damage|p1b: Calyrex|0 fnt\n|faint|p1b: Calyrex\n|-ability|p2a: Calyrex|Chilling Neigh|boost\n|-boost|p2a: Calyrex|atk|1\n|\n|-weather|RainDance|[upkeep]\n|upkeep\n|j| aaaydhdt\n|j| Kukkurukku\n|\n|t:|1738179718\n|switch|p1b: Urshifu|Urshifu-Rapid-Strike, L50, M|100\/100\n|turn|2\n|j| Hvaceverything\n|inactive|tommy2436 has 30 seconds left.\n|\n|t:|1738179748\n|move|p1b: Urshifu|Protect|p1b: Urshifu\n|-singleturn|p1b: Urshifu|Protect\n|move|p2b: Pelipper|Hurricane|p1b: Urshifu\n|-activate|p1b: Urshifu|move: Protect\n|move|p2a: Calyrex|High Horsepower|p1b: Urshifu\n|-activate|p1b: Urshifu|move: Protect\n|move|p1a: Incineroar|Parting Shot|p2b: Pelipper\n|-unboost|p2b: Pelipper|atk|1\n|-unboost|p2b: Pelipper|spa|1\n|\n|t:|1738179756\n|switch|p1a: Clefairy|Clefairy, L50, M, shiny|100\/100|[from] Parting Shot\n|\n|-weather|RainDance|[upkeep]\n|upkeep\n|turn|3\n|inactive|tommy2436 has 30 seconds left.\n|\n|t:|1738179794\n|switch|p2b: Urshifu|Urshifu-Rapid-Strike, L50, F|100\/100\n|switch|p2a: Raging Bolt|Raging Bolt, L50|100\/100\n|-terastallize|p1b: Urshifu|Stellar\n|move|p1a: Clefairy|Follow Me|p1a: Clefairy\n|-singleturn|p1a: Clefairy|move: Follow Me\n|move|p1b: Urshifu|Surging Strikes|p2b: Urshifu\n|-resisted|p2b: Urshifu\n|-crit|p2b: Urshifu\n|-damage|p2b: Urshifu|78\/100\n|-resisted|p2b: Urshifu\n|-crit|p2b: Urshifu\n|-damage|p2b: Urshifu|53\/100\n|-resisted|p2b: Urshifu\n|-crit|p2b: Urshifu\n|-damage|p2b: Urshifu|29\/100\n|-hitcount|p2b: Urshifu|3\n|\n|-weather|RainDance|[upkeep]\n|upkeep\n|turn|4\n|l| Hvaceverything\n|\n|t:|1738179816\n|move|p1a: Clefairy|Follow Me|p1a: Clefairy\n|-singleturn|p1a: Clefairy|move: Follow Me\n|move|p2b: Urshifu|Surging Strikes|p1a: Clefairy\n|-crit|p1a: Clefairy\n|-damage|p1a: Clefairy|76\/100\n|-crit|p1a: Clefairy\n|-damage|p1a: Clefairy|50\/100\n|-crit|p1a: Clefairy\n|-damage|p1a: Clefairy|23\/100\n|-hitcount|p1a: Clefairy|3\n|move|p2a: Raging Bolt|Thunderbolt|p1a: Clefairy\n|-damage|p1a: Clefairy|0 fnt\n|faint|p1a: Clefairy\n|move|p1b: Urshifu|Close Combat|p2a: Raging Bolt\n|-damage|p2a: Raging Bolt|16\/100\n|-unboost|p1b: Urshifu|def|1\n|-unboost|p1b: Urshifu|spd|1\n|\n|-weather|RainDance|[upkeep]\n|-sideend|p2: tommy2436|move: Tailwind\n|upkeep\n|\n|t:|1738179827\n|switch|p1a: Incineroar|Incineroar, L50, M, shiny|100\/100\n|-ability|p1a: Incineroar|Intimidate|boost\n|-unboost|p2a: Raging Bolt|atk|1\n|-unboost|p2b: Urshifu|atk|1\n|turn|5\n|inactive|tommy2436 has 30 seconds left.\n|inactive|tommy2436 has 20 seconds left.\n|\n|t:|1738179865\n|move|p1a: Incineroar|Fake Out|p2a: Raging Bolt\n|-damage|p2a: Raging Bolt|6\/100\n|cant|p2a: Raging Bolt|flinch\n|move|p1b: Urshifu|Close Combat|p2b: Urshifu\n|-damage|p2b: Urshifu|0 fnt\n|-unboost|p1b: Urshifu|def|1\n|-unboost|p1b: Urshifu|spd|1\n|faint|p2b: Urshifu\n|\n|-weather|none\n|upkeep\n|\n|t:|1738179876\n|switch|p2b: Calyrex|Calyrex-Ice, L50, tera:Fire|100\/100\n|-ability|p2b: Calyrex|As One\n|-ability|p2b: Calyrex|Unnerve\n|turn|6\n|inactive|tommy2436 has 30 seconds left.\n|\n|t:|1738179910\n|move|p1b: Urshifu|Aqua Jet|p2a: Raging Bolt\n|-resisted|p2a: Raging Bolt\n|-damage|p2a: Raging Bolt|0 fnt\n|faint|p2a: Raging Bolt\n|-end|p2a: Raging Bolt|Protosynthesis|[silent]\n|move|p2b: Calyrex|Seed Bomb|p1b: Urshifu\n|-supereffective|p1b: Urshifu\n|-enditem|p1b: Urshifu|Focus Sash\n|-damage|p1b: Urshifu|1\/100\n|move|p1a: Incineroar|Taunt|p2b: Calyrex\n|-start|p2b: Calyrex|move: Taunt\n|\n|upkeep\n|\n|t:|1738179921\n|switch|p2a: Pelipper|Pelipper, L50, F|89\/100\n|-weather|RainDance|[from] ability: Drizzle|[of] p2a: Pelipper\n|turn|7\n|\n|t:|1738179944\n|move|p1b: Urshifu|Surging Strikes|p2b: Calyrex\n|-supereffective|p2b: Calyrex\n|-crit|p2b: Calyrex\n|-damage|p2b: Calyrex|54\/100\n|-supereffective|p2b: Calyrex\n|-crit|p2b: Calyrex\n|-damage|p2b: Calyrex|10\/100\n|-supereffective|p2b: Calyrex\n|-crit|p2b: Calyrex\n|-damage|p2b: Calyrex|0 fnt\n|faint|p2b: Calyrex\n|-hitcount|p2: Calyrex|3\n|move|p2a: Pelipper|Hurricane|p1b: Urshifu\n|-supereffective|p1b: Urshifu\n|-damage|p1b: Urshifu|0 fnt\n|faint|p1b: Urshifu\n|move|p1a: Incineroar|Knock Off|p2a: Pelipper\n|-damage|p2a: Pelipper|51\/100\n|-enditem|p2a: Pelipper|Covert Cloak|[from] move: Knock Off|[of] p1a: Incineroar\n|\n|-weather|RainDance|[upkeep]\n|upkeep\n|turn|8\n|\n|t:|1738179960\n|move|p2a: Pelipper|Weather Ball|p1a: Incineroar\n|-supereffective|p1a: Incineroar\n|-damage|p1a: Incineroar|0 fnt\n|faint|p1a: Incineroar\n|\n|win|tommy2436\n|raw|MoodyMukVGC's rating: 1625 &rarr; <strong>1603<\/strong><br \/>(-22 for losing)\n|raw|tommy2436's rating: 1583 &rarr; <strong>1605<\/strong><br \/>(+22 for winning)\n|l|\u2606MoodyMukVGC\n|player|p1|\n|l|\u2606tommy2436\n|player|p2|\n|l| Kukkurukku\n","uploadtime":1738180221,"views":10,"formatid":"gen9vgc2025regg","rating":1603,"private":0,"password":null}