{"id":"gen9vgc2025regg-2290641818","format":"[Gen 9] VGC 2025 Reg G","players":["ParadoxPerry","pashmak"],"log":"|j|\u2606ParadoxPerry\n|j|\u2606pashmak\n|t:|1738174488\n|gametype|doubles\n|player|p1|ParadoxPerry|guitarist|1550\n|player|p2|pashmak|waiter|1549\n|teamsize|p1|6\n|teamsize|p2|6\n|gen|9\n|tier|[Gen 9] VGC 2025 Reg G\n|rated|\n|rule|Species Clause: Limit one of each Pok\u00e9mon\n|rule|Item Clause: Limit 1 of each item\n|clearpoke\n|poke|p1|Calyrex-Ice, L50|\n|poke|p1|Ogerpon-Hearthflame, L50, F|\n|poke|p1|Urshifu-*, L50, M|\n|poke|p1|Amoonguss, L50, M|\n|poke|p1|Roaring Moon, L50|\n|poke|p1|Landorus, L50, M|\n|poke|p2|Groudon, L50|\n|poke|p2|Raging Bolt, L50|\n|poke|p2|Flutter Mane, L50|\n|poke|p2|Chien-Pao, L50|\n|poke|p2|Volcarona, L50, F|\n|poke|p2|Urshifu-*, L50, F|\n|teampreview|4\n|inactive|Battle timer is ON: inactive players will automatically lose when time's up. (requested by ParadoxPerry)\n|\n|t:|1738174515\n|start\n|switch|p1a: Roaring Moon|Roaring Moon, L50|100\/100\n|switch|p1b: Calyrex|Calyrex-Ice, L50|100\/100\n|switch|p2a: Groudon|Groudon, L50|100\/100\n|switch|p2b: Volcarona|Volcarona, L50, F|100\/100\n|-ability|p1b: Calyrex|As One\n|-ability|p1b: Calyrex|Unnerve\n|-weather|SunnyDay|[from] ability: Drought|[of] p2a: Groudon\n|-activate|p1a: Roaring Moon|ability: Protosynthesis\n|-start|p1a: Roaring Moon|protosynthesisspe\n|turn|1\n|inactive|pashmak has 30 seconds left.\n|\n|t:|1738174551\n|-terastallize|p2a: Groudon|Fire\n|-terastallize|p1b: Calyrex|Fairy\n|move|p1a: Roaring Moon|Tailwind|p1a: Roaring Moon\n|-sidestart|p1: ParadoxPerry|move: Tailwind\n|move|p1b: Calyrex|Glacial Lance|p2a: Groudon|[spread] p2a,p2b\n|-resisted|p2a: Groudon\n|-resisted|p2b: Volcarona\n|-damage|p2a: Groudon|82\/100\n|-damage|p2b: Volcarona|75\/100\n|move|p2a: Groudon|Precipice Blades|p1a: Roaring Moon|[spread] p1a,p1b\n|-damage|p1a: Roaring Moon|55\/100\n|-damage|p1b: Calyrex|73\/100\n|move|p2b: Volcarona|Will-O-Wisp|p1b: Calyrex\n|-status|p1b: Calyrex|brn\n|\n|-weather|SunnyDay|[upkeep]\n|-damage|p1b: Calyrex|67\/100 brn|[from] brn\n|upkeep\n|turn|2\n|\n|t:|1738174572\n|switch|p1b: Landorus|Landorus, L50, M|100\/100\n|move|p1a: Roaring Moon|Acrobatics|p2b: Volcarona\n|-supereffective|p2b: Volcarona\n|-damage|p2b: Volcarona|45\/100\n|-enditem|p2b: Volcarona|Sitrus Berry|[eat]\n|-heal|p2b: Volcarona|70\/100|[from] item: Sitrus Berry\n|move|p2a: Groudon|Precipice Blades|p1b: Landorus|[spread] \n|-immune|p1b: Landorus\n|-miss|p2a: Groudon|p1a: Roaring Moon\n|move|p2b: Volcarona|Will-O-Wisp|p1a: Roaring Moon\n|-status|p1a: Roaring Moon|brn\n|\n|-weather|SunnyDay|[upkeep]\n|-damage|p1a: Roaring Moon|49\/100 brn|[from] brn\n|upkeep\n|turn|3\n|j| kiabu233\n|\n|t:|1738174596\n|-end|p1a: Roaring Moon|Protosynthesis|[silent]\n|switch|p1a: Ogerpon|Ogerpon-Hearthflame, L50, F|100\/100\n|-ability|p1a: Ogerpon|Mold Breaker\n|move|p2b: Volcarona|Rage Powder|p2b: Volcarona\n|-singleturn|p2b: Volcarona|move: Rage Powder\n|move|p1b: Landorus|Sandsear Storm|p2a: Groudon|[spread] p2a\n|-miss|p1b: Landorus|p2b: Volcarona\n|-supereffective|p2a: Groudon\n|-damage|p2a: Groudon|0 fnt\n|faint|p2a: Groudon\n|\n|-weather|SunnyDay|[upkeep]\n|upkeep\n|\n|t:|1738174612\n|switch|p2a: Urshifu|Urshifu, L50, F|100\/100\n|turn|4\n|\n|t:|1738174622\n|move|p1b: Landorus|Sandsear Storm|p2a: Urshifu|[spread] p2a\n|-miss|p1b: Landorus|p2b: Volcarona\n|-damage|p2a: Urshifu|14\/100\n|move|p1a: Ogerpon|Horn Leech|p2a: Urshifu\n|-damage|p2a: Urshifu|0 fnt\n|faint|p2a: Urshifu\n|move|p2b: Volcarona|Heat Wave|p1a: Ogerpon|[spread] p1a\n|-miss|p2b: Volcarona|p1b: Landorus\n|-damage|p1a: Ogerpon|55\/100\n|\n|-weather|SunnyDay|[upkeep]\n|-sideend|p1: ParadoxPerry|move: Tailwind\n|upkeep\n|\n|t:|1738174631\n|switch|p2a: Chien-Pao|Chien-Pao, L50|100\/100\n|-ability|p2a: Chien-Pao|Sword of Ruin\n|turn|5\n|\n|t:|1738174651\n|move|p1b: Landorus|Protect|p1b: Landorus\n|-singleturn|p1b: Landorus|Protect\n|move|p1a: Ogerpon|Spiky Shield|p1a: Ogerpon\n|-singleturn|p1a: Ogerpon|move: Protect\n|move|p2a: Chien-Pao|Ice Spinner|p1a: Ogerpon\n|-activate|p1a: Ogerpon|move: Protect\n|-damage|p2a: Chien-Pao|88\/100|[from] Spiky Shield|[of] p1a: Ogerpon\n|move|p2b: Volcarona|Heat Wave|p1b: Landorus|[spread] \n|-activate|p1a: Ogerpon|move: Protect\n|-activate|p1b: Landorus|move: Protect\n|\n|-weather|none\n|upkeep\n|turn|6\n|j| ChiYuIC\n|\n|t:|1738174667\n|move|p1a: Ogerpon|Follow Me|p1a: Ogerpon\n|-singleturn|p1a: Ogerpon|move: Follow Me\n|move|p2a: Chien-Pao|Ice Spinner|p1a: Ogerpon\n|-damage|p1a: Ogerpon|0 fnt\n|faint|p1a: Ogerpon\n|-damage|p2a: Chien-Pao|79\/100|[from] item: Life Orb\n|move|p1b: Landorus|Earth Power|p2b: Volcarona\n|-damage|p2b: Volcarona|9\/100\n|move|p2b: Volcarona|Heat Wave|p1b: Landorus\n|-damage|p1b: Landorus|53\/100\n|\n|upkeep\n|l| ChiYuIC\n|\n|t:|1738174683\n|switch|p1a: Calyrex|Calyrex-Ice, L50, tera:Fairy|67\/100 brn\n|-ability|p1a: Calyrex|As One\n|-ability|p1a: Calyrex|Unnerve\n|turn|7\n|\n|t:|1738174693\n|move|p1b: Landorus|Protect|p1b: Landorus\n|-singleturn|p1b: Landorus|Protect\n|move|p1a: Calyrex|Protect|p1a: Calyrex\n|-singleturn|p1a: Calyrex|Protect\n|move|p2a: Chien-Pao|Ice Spinner|p1b: Landorus\n|-activate|p1b: Landorus|move: Protect\n|move|p2b: Volcarona|Heat Wave|p1a: Calyrex|[spread] \n|-activate|p1a: Calyrex|move: Protect\n|-activate|p1b: Landorus|move: Protect\n|\n|-damage|p1a: Calyrex|61\/100 brn|[from] brn\n|upkeep\n|turn|8\n|\n|t:|1738174709\n|switch|p1b: Roaring Moon|Roaring Moon, L50|49\/100 brn\n|-enditem|p1b: Roaring Moon|Booster Energy\n|-activate|p1b: Roaring Moon|ability: Protosynthesis|[fromitem]\n|-start|p1b: Roaring Moon|protosynthesisspe\n|move|p2b: Volcarona|Protect|p2b: Volcarona\n|-singleturn|p2b: Volcarona|Protect\n|move|p2a: Chien-Pao|Ice Spinner|p1b: Roaring Moon\n|-supereffective|p1b: Roaring Moon\n|-damage|p1b: Roaring Moon|0 fnt\n|faint|p1b: Roaring Moon\n|-end|p1b: Roaring Moon|Protosynthesis|[silent]\n|-damage|p2a: Chien-Pao|69\/100|[from] item: Life Orb\n|move|p1a: Calyrex|Glacial Lance|p2b: Volcarona|[spread] p2a\n|-activate|p2b: Volcarona|move: Protect\n|-resisted|p2a: Chien-Pao\n|-damage|p2a: Chien-Pao|50\/100\n|\n|-damage|p1a: Calyrex|56\/100 brn|[from] brn\n|upkeep\n|\n|t:|1738174725\n|switch|p1b: Landorus|Landorus, L50, M|53\/100\n|turn|9\n|\n|t:|1738174734\n|move|p2a: Chien-Pao|Protect|p2a: Chien-Pao\n|-singleturn|p2a: Chien-Pao|Protect\n|move|p1b: Landorus|Protect|p1b: Landorus\n|-singleturn|p1b: Landorus|Protect\n|move|p2b: Volcarona|Heat Wave|p1b: Landorus|[spread] p1a\n|-activate|p1b: Landorus|move: Protect\n|-damage|p1a: Calyrex|32\/100 brn\n|move|p1a: Calyrex|Trick Room|p1a: Calyrex\n|-fieldstart|move: Trick Room|[of] p1a: Calyrex\n|\n|-damage|p1a: Calyrex|26\/100 brn|[from] brn\n|upkeep\n|turn|10\n|\n|t:|1738174748\n|move|p2a: Chien-Pao|Ice Shard|p1b: Landorus\n|-supereffective|p1b: Landorus\n|-damage|p1b: Landorus|0 fnt\n|faint|p1b: Landorus\n|-damage|p2a: Chien-Pao|40\/100|[from] item: Life Orb\n|move|p1a: Calyrex|Glacial Lance|p2b: Volcarona|[spread] p2a,p2b\n|-resisted|p2a: Chien-Pao\n|-resisted|p2b: Volcarona\n|-damage|p2a: Chien-Pao|20\/100\n|-damage|p2b: Volcarona|0 fnt\n|faint|p2b: Volcarona\n|-ability|p1a: Calyrex|Chilling Neigh|boost\n|-boost|p1a: Calyrex|atk|1\n|\n|-damage|p1a: Calyrex|20\/100 brn|[from] brn\n|upkeep\n|turn|11\n|\n|t:|1738174759\n|move|p2a: Chien-Pao|Protect|p2a: Chien-Pao\n|-singleturn|p2a: Chien-Pao|Protect\n|move|p1a: Calyrex|High Horsepower|p2a: Chien-Pao\n|-activate|p2a: Chien-Pao|move: Protect\n|\n|-damage|p1a: Calyrex|15\/100 brn|[from] brn\n|upkeep\n|turn|12\n|\n|t:|1738174767\n|move|p2a: Chien-Pao|Ice Shard|p1a: Calyrex\n|-damage|p1a: Calyrex|0 fnt\n|faint|p1a: Calyrex\n|-damage|p2a: Chien-Pao|10\/100|[from] item: Life Orb\n|\n|win|pashmak\n|raw|ParadoxPerry's rating: 1550 &rarr; <strong>1530<\/strong><br \/>(-20 for losing)\n|raw|pashmak's rating: 1549 &rarr; <strong>1569<\/strong><br \/>(+20 for winning)\n|l|\u2606pashmak\n|player|p2|\n|l| kiabu233\n|l|\u2606ParadoxPerry\n|player|p1|\n","uploadtime":1738174978,"views":259,"formatid":"gen9vgc2025regg","rating":1530,"private":0,"password":null}