{"id":"gen9vgc2025regg-2290764527","format":"[Gen 9] VGC 2025 Reg G","players":["Duryodhan","matpat vgc"],"log":"|j|\u2606Duryodhan\n|j|\u2606matpat vgc\n|t:|1738186730\n|gametype|doubles\n|player|p1|Duryodhan|169|1651\n|player|p2|matpat vgc|clown|1541\n|teamsize|p1|6\n|teamsize|p2|6\n|gen|9\n|tier|[Gen 9] VGC 2025 Reg G\n|rated|\n|rule|Species Clause: Limit one of each Pok\u00e9mon\n|rule|Item Clause: Limit 1 of each item\n|clearpoke\n|poke|p1|Calyrex-Ice, L50|\n|poke|p1|Gallade, L50, M|\n|poke|p1|Indeedee-F, L50, F|\n|poke|p1|Raging Bolt, L50|\n|poke|p1|Amoonguss, L50, M|\n|poke|p1|Ursaluna, L50, M|\n|poke|p2|Calyrex-Ice, L50|\n|poke|p2|Ogerpon-Hearthflame, L50, F|\n|poke|p2|Urshifu-*, L50, M|\n|poke|p2|Landorus, L50, M|\n|poke|p2|Amoonguss, L50, F|\n|poke|p2|Roaring Moon, L50|\n|teampreview|4\n|inactive|Battle timer is ON: inactive players will automatically lose when time's up. (requested by matpat vgc)\n|j| surgevgc\n|inactive|matpat vgc has 60 seconds left.\n|\n|t:|1738186771\n|start\n|switch|p1a: Calyrex|Calyrex-Ice, L50|100\/100\n|switch|p1b: Indeedee|Indeedee-F, L50, F|100\/100\n|switch|p2a: Urshifu|Urshifu-Rapid-Strike, L50, M|100\/100\n|switch|p2b: Ogerpon|Ogerpon-Hearthflame, L50, F|100\/100\n|-ability|p1a: Calyrex|As One\n|-ability|p1a: Calyrex|Unnerve\n|-ability|p2b: Ogerpon|Mold Breaker\n|-fieldstart|move: Psychic Terrain|[from] ability: Psychic Surge|[of] p1b: Indeedee\n|turn|1\n|j| jfabricio23\n|\n|t:|1738186780\n|move|p1b: Indeedee|Follow Me|p1b: Indeedee\n|-singleturn|p1b: Indeedee|move: Follow Me\n|move|p2b: Ogerpon|Ivy Cudgel|p1b: Indeedee|[anim] Ivy Cudgel Fire\n|-damage|p1b: Indeedee|49\/100\n|move|p2a: Urshifu|Taunt|p1b: Indeedee\n|-start|p1b: Indeedee|move: Taunt\n|-enditem|p1b: Indeedee|Mental Herb\n|-end|p1b: Indeedee|move: Taunt\n|move|p1a: Calyrex|Trick Room|p1a: Calyrex\n|-fieldstart|move: Trick Room|[of] p1a: Calyrex\n|\n|upkeep\n|turn|2\n|inactive|matpat vgc has 30 seconds left.\n|inactive|matpat vgc has 20 seconds left.\n|inactive|matpat vgc has 15 seconds left.\n|\n|t:|1738186823\n|-terastallize|p2b: Ogerpon|Fire\n|detailschange|p2b: Ogerpon|Ogerpon-Hearthflame-Tera, L50, F, tera:Fire\n|-ability|p2b: Ogerpon|Embody Aspect (Hearthflame)|boost\n|-boost|p2b: Ogerpon|atk|1\n|move|p1b: Indeedee|Helping Hand|p1a: Calyrex\n|-singleturn|p1a: Calyrex|Helping Hand|[of] p1b: Indeedee\n|move|p1a: Calyrex|Glacial Lance|p2a: Urshifu|[spread] p2a,p2b\n|-resisted|p2a: Urshifu\n|-resisted|p2b: Ogerpon\n|-damage|p2a: Urshifu|63\/100\n|-damage|p2b: Ogerpon|64\/100\n|move|p2a: Urshifu|Surging Strikes|p1a: Calyrex\n|-crit|p1a: Calyrex\n|-damage|p1a: Calyrex|83\/100\n|-crit|p1a: Calyrex\n|-damage|p1a: Calyrex|68\/100\n|-crit|p1a: Calyrex\n|-damage|p1a: Calyrex|52\/100\n|-hitcount|p1a: Calyrex|3\n|move|p2b: Ogerpon|Ivy Cudgel|p1a: Calyrex|[anim] Ivy Cudgel Fire\n|-supereffective|p1a: Calyrex\n|-damage|p1a: Calyrex|0 fnt\n|faint|p1a: Calyrex\n|\n|upkeep\n|\n|t:|1738186833\n|switch|p1a: Amoonguss|Amoonguss, L50, M|100\/100\n|turn|3\n|\n|t:|1738186858\n|switch|p1b: Ursaluna|Ursaluna, L50, M|100\/100\n|switch|p2b: Amoonguss|Amoonguss, L50, F|100\/100\n|move|p2a: Urshifu|Detect|p2a: Urshifu\n|-singleturn|p2a: Urshifu|Protect\n|move|p1a: Amoonguss|Spore|p2a: Urshifu\n|-activate|p2a: Urshifu|move: Protect\n|\n|-status|p1b: Ursaluna|brn|[from] item: Flame Orb\n|upkeep\n|turn|4\n|\n|t:|1738186878\n|move|p2b: Amoonguss|Pollen Puff|p2a: Urshifu\n|-heal|p2a: Urshifu|100\/100\n|move|p1a: Amoonguss|Spore|p2a: Urshifu\n|-status|p2a: Urshifu|slp|[from] move: Spore\n|move|p1b: Ursaluna|Facade|p2b: Amoonguss\n|-damage|p2b: Amoonguss|5\/100\n|cant|p2a: Urshifu|slp\n|\n|-damage|p1b: Ursaluna|95\/100 brn|[from] brn\n|upkeep\n|turn|5\n|\n|t:|1738186896\n|-curestatus|p2a: Urshifu|slp|[msg]\n|move|p2a: Urshifu|Detect|p2a: Urshifu\n|-singleturn|p2a: Urshifu|Protect\n|move|p2b: Amoonguss|Spore|p1a: Amoonguss\n|-immune|p1a: Amoonguss\n|move|p1a: Amoonguss|Pollen Puff|p2b: Amoonguss\n|-crit|p2b: Amoonguss\n|-damage|p2b: Amoonguss|0 fnt\n|faint|p2b: Amoonguss\n|move|p1b: Ursaluna|Facade|p2a: Urshifu\n|-activate|p2a: Urshifu|move: Protect\n|\n|-damage|p1b: Ursaluna|89\/100 brn|[from] brn\n|-fieldend|move: Trick Room\n|-fieldend|move: Psychic Terrain\n|upkeep\n|\n|t:|1738186913\n|switch|p2b: Calyrex|Calyrex-Ice, L50|100\/100\n|-ability|p2b: Calyrex|As One\n|-ability|p2b: Calyrex|Unnerve\n|turn|6\n|\n|t:|1738186924\n|-terastallize|p1a: Amoonguss|Water\n|move|p1b: Ursaluna|Protect|p1b: Ursaluna\n|-singleturn|p1b: Ursaluna|Protect\n|move|p2a: Urshifu|Close Combat|p1a: Amoonguss\n|-damage|p1a: Amoonguss|43\/100\n|-unboost|p2a: Urshifu|def|1\n|-unboost|p2a: Urshifu|spd|1\n|move|p2b: Calyrex|Glacial Lance|p1a: Amoonguss|[spread] p1a\n|-activate|p1b: Ursaluna|move: Protect\n|-resisted|p1a: Amoonguss\n|-damage|p1a: Amoonguss|19\/100\n|move|p1a: Amoonguss|Spore|p2a: Urshifu\n|-status|p2a: Urshifu|slp|[from] move: Spore\n|\n|-damage|p1b: Ursaluna|83\/100 brn|[from] brn\n|upkeep\n|turn|7\n|inactive|Duryodhan has 30 seconds left.\n|inactive|Duryodhan has 20 seconds left.\n|\n|t:|1738186961\n|switch|p1a: Indeedee|Indeedee-F, L50, F|49\/100\n|-fieldstart|move: Psychic Terrain|[from] ability: Psychic Surge|[of] p1a: Indeedee\n|cant|p2a: Urshifu|slp\n|move|p2b: Calyrex|Glacial Lance|p1b: Ursaluna|[spread] p1a,p1b\n|-supereffective|p1b: Ursaluna\n|-damage|p1a: Indeedee|0 fnt\n|-damage|p1b: Ursaluna|4\/100 brn\n|faint|p1a: Indeedee\n|-ability|p2b: Calyrex|Chilling Neigh|boost\n|-boost|p2b: Calyrex|atk|1\n|move|p1b: Ursaluna|Earthquake|p2b: Calyrex|[spread] p2a,p2b\n|-crit|p2b: Calyrex\n|-damage|p2a: Urshifu|17\/100 slp\n|-damage|p2b: Calyrex|45\/100\n|\n|-damage|p1b: Ursaluna|0 fnt|[from] brn\n|faint|p1b: Ursaluna\n|upkeep\n|-message|Duryodhan forfeited.\n|\n|win|matpat vgc\n|raw|Duryodhan's rating: 1651 &rarr; <strong>1625<\/strong><br \/>(-26 for losing)\n|raw|matpat vgc's rating: 1541 &rarr; <strong>1567<\/strong><br \/>(+26 for winning)\n|l|\u2606Duryodhan\n|player|p1|\n|l|\u2606matpat vgc\n|player|p2|\n|l| surgevgc\n|l| jfabricio23\n","uploadtime":1738187223,"views":8,"formatid":"gen9vgc2025regg","rating":1567,"private":0,"password":null}