{"id":"gen9vgc2025regg-2290954038","format":"[Gen 9] VGC 2025 Reg G","players":["Geodude3138","907vgc"],"log":"|j|\u2606Geodude3138\n|j|\u2606907vgc\n|t:|1738210773\n|gametype|doubles\n|player|p1|Geodude3138|lady-gen4|1550\n|player|p2|907vgc|palmer|1579\n|teamsize|p1|6\n|teamsize|p2|6\n|gen|9\n|tier|[Gen 9] VGC 2025 Reg G\n|rated|\n|rule|Species Clause: Limit one of each Pok\u00e9mon\n|rule|Item Clause: Limit 1 of each item\n|clearpoke\n|poke|p1|Koraidon, L50|\n|poke|p1|Flutter Mane, L50|\n|poke|p1|Ogerpon-Cornerstone, L50, F|\n|poke|p1|Chi-Yu, L50|\n|poke|p1|Raging Bolt, L50|\n|poke|p1|Ditto, L50|\n|poke|p2|Calyrex-Shadow, L50|\n|poke|p2|Indeedee-F, L50, F|\n|poke|p2|Chi-Yu, L50|\n|poke|p2|Tornadus, L50, M|\n|poke|p2|Urshifu-*, L50, F|\n|poke|p2|Ogerpon-Cornerstone, L50, F|\n|teampreview|4\n|inactive|Battle timer is ON: inactive players will automatically lose when time's up. (requested by 907vgc)\n|\n|t:|1738210816\n|start\n|switch|p1a: Ogerpon|Ogerpon-Cornerstone, L50, F|100\/100\n|switch|p1b: Ditto|Ditto, L50|100\/100\n|switch|p2a: Tornadus|Tornadus, L50, M|100\/100\n|switch|p2b: Ogerpon|Ogerpon-Cornerstone, L50, F|100\/100\n|-transform|p1b: Ditto|p2a: Tornadus|[from] ability: Imposter\n|turn|1\n|inactive|907vgc has 30 seconds left.\n|\n|t:|1738210846\n|move|p1b: Ditto|Tailwind|p1b: Ditto\n|-sidestart|p1: Geodude3138|move: Tailwind\n|move|p2a: Tornadus|Tailwind|p2a: Tornadus\n|-sidestart|p2: 907vgc|move: Tailwind\n|move|p1a: Ogerpon|Ivy Cudgel|p2a: Tornadus|[anim] Ivy Cudgel Rock\n|-supereffective|p2a: Tornadus\n|-damage|p2a: Tornadus|0 fnt\n|faint|p2a: Tornadus\n|move|p2b: Ogerpon|Ivy Cudgel|p1b: Ditto|[anim] Ivy Cudgel Rock\n|-supereffective|p1b: Ditto\n|-enditem|p1b: Ditto|Focus Sash\n|-damage|p1b: Ditto|1\/100\n|\n|upkeep\n|\n|t:|1738210861\n|switch|p2a: Chi-Yu|Chi-Yu, L50|100\/100\n|-ability|p2a: Chi-Yu|Beads of Ruin\n|turn|2\n|inactive|Geodude3138 has 30 seconds left.\n|inactive|Geodude3138 has 20 seconds left.\n|\n|t:|1738210898\n|switch|p1b: Flutter Mane|Flutter Mane, L50|100\/100\n|-enditem|p1b: Flutter Mane|Booster Energy\n|-activate|p1b: Flutter Mane|ability: Protosynthesis|[fromitem]\n|-start|p1b: Flutter Mane|protosynthesisspe\n|move|p2b: Ogerpon|Follow Me|p2b: Ogerpon\n|-singleturn|p2b: Ogerpon|move: Follow Me\n|move|p2a: Chi-Yu|Heat Wave|p1a: Ogerpon|[spread] p1a,p1b\n|-damage|p1a: Ogerpon|34\/100\n|-damage|p1b: Flutter Mane|50\/100\n|move|p1a: Ogerpon|Ivy Cudgel|p2b: Ogerpon|[anim] Ivy Cudgel Rock\n|-damage|p2b: Ogerpon|38\/100\n|\n|upkeep\n|turn|3\n|inactive|907vgc has 30 seconds left.\n|\n|t:|1738210928\n|-terastallize|p2b: Ogerpon|Rock\n|detailschange|p2b: Ogerpon|Ogerpon-Cornerstone-Tera, L50, F, tera:Rock\n|-ability|p2b: Ogerpon|Embody Aspect (Cornerstone)|boost\n|-boost|p2b: Ogerpon|def|1\n|move|p2b: Ogerpon|Follow Me|p2b: Ogerpon\n|-singleturn|p2b: Ogerpon|move: Follow Me\n|move|p1b: Flutter Mane|Icy Wind|p2a: Chi-Yu|[spread] p2a,p2b\n|-resisted|p2a: Chi-Yu\n|-damage|p2a: Chi-Yu|93\/100\n|-damage|p2b: Ogerpon|21\/100\n|-unboost|p2a: Chi-Yu|spe|1\n|-unboost|p2b: Ogerpon|spe|1\n|move|p1a: Ogerpon|Ivy Cudgel|p2b: Ogerpon|[anim] Ivy Cudgel Rock\n|-damage|p2b: Ogerpon|0 fnt\n|faint|p2b: Ogerpon\n|move|p2a: Chi-Yu|Heat Wave|p1b: Flutter Mane|[spread] p1b\n|-miss|p2a: Chi-Yu|p1a: Ogerpon\n|-damage|p1b: Flutter Mane|4\/100\n|-status|p1b: Flutter Mane|brn\n|\n|-damage|p1b: Flutter Mane|0 fnt|[from] brn\n|faint|p1b: Flutter Mane\n|-end|p1b: Flutter Mane|Protosynthesis|[silent]\n|upkeep\n|\n|t:|1738210949\n|switch|p1b: Koraidon|Koraidon, L50|100\/100\n|switch|p2b: Calyrex|Calyrex-Shadow, L50|100\/100\n|-ability|p2b: Calyrex|As One\n|-ability|p2b: Calyrex|Unnerve\n|-weather|SunnyDay|[from] ability: Orichalcum Pulse|[of] p1b: Koraidon\n|-activate|p1b: Koraidon|Orichalcum Pulse|[source]\n|turn|4\n|\n|t:|1738210967\n|-terastallize|p1b: Koraidon|Fire\n|move|p1a: Ogerpon|Spiky Shield|p1a: Ogerpon\n|-singleturn|p1a: Ogerpon|move: Protect\n|move|p2b: Calyrex|Astral Barrage|p1a: Ogerpon|[spread] p1b\n|-activate|p1a: Ogerpon|move: Protect\n|-damage|p1b: Koraidon|39\/100\n|move|p1b: Koraidon|Flame Charge|p2b: Calyrex\n|-damage|p2b: Calyrex|22\/100\n|-boost|p1b: Koraidon|spe|1\n|move|p2a: Chi-Yu|Heat Wave|p1b: Koraidon|[spread] p1b\n|-activate|p1a: Ogerpon|move: Protect\n|-resisted|p1b: Koraidon\n|-damage|p1b: Koraidon|8\/100\n|\n|-weather|SunnyDay|[upkeep]\n|-sideend|p2: 907vgc|move: Tailwind\n|-sideend|p1: Geodude3138|move: Tailwind\n|upkeep\n|turn|5\n|inactive|907vgc has 30 seconds left.\n|\n|t:|1738210996\n|move|p1b: Koraidon|Flare Blitz|p2b: Calyrex\n|-damage|p2b: Calyrex|0 fnt\n|faint|p2b: Calyrex\n|-damage|p1b: Koraidon|2\/100|[from] Recoil\n|move|p1a: Ogerpon|Ivy Cudgel|p2a: Chi-Yu|[anim] Ivy Cudgel Rock\n|-supereffective|p2a: Chi-Yu\n|-damage|p2a: Chi-Yu|0 fnt\n|faint|p2a: Chi-Yu\n|\n|win|Geodude3138\n|raw|Geodude3138's rating: 1550 &rarr; <strong>1572<\/strong><br \/>(+22 for winning)\n|raw|907vgc's rating: 1579 &rarr; <strong>1557<\/strong><br \/>(-22 for losing)\n|l|\u2606Geodude3138\n|player|p1|\n|l|\u2606907vgc\n|player|p2|\n","uploadtime":1738211143,"views":11,"formatid":"gen9vgc2025regg","rating":1557,"private":0,"password":null}