{"id":"gen9vgc2025regg-2290646586","format":"[Gen 9] VGC 2025 Reg G","players":["bluestraggler01","kd-vgc711"],"log":"|j|\u2606bluestraggler01\n|j|\u2606kd-vgc711\n|t:|1738174938\n|gametype|doubles\n|player|p1|bluestraggler01|170|1620\n|player|p2|kd-vgc711|2|1682\n|teamsize|p1|6\n|teamsize|p2|6\n|gen|9\n|tier|[Gen 9] VGC 2025 Reg G\n|rated|\n|rule|Species Clause: Limit one of each Pok\u00e9mon\n|rule|Item Clause: Limit 1 of each item\n|clearpoke\n|poke|p1|Koraidon, L50|\n|poke|p1|Flutter Mane, L50|\n|poke|p1|Umbreon, L50, F|\n|poke|p1|Armarouge, L50, M|\n|poke|p1|Ogerpon-Cornerstone, L50, F|\n|poke|p1|Raging Bolt, L50|\n|poke|p2|Calyrex-Ice, L50|\n|poke|p2|Torkoal, L50, F|\n|poke|p2|Lilligant-Hisui, L50, F|\n|poke|p2|Kingambit, L50, M|\n|poke|p2|Flutter Mane, L50|\n|poke|p2|Indeedee-F, L50, F|\n|teampreview|4\n|inactive|Battle timer is ON: inactive players will automatically lose when time's up. (requested by bluestraggler01)\nbluestraggler01 rejected open team sheets.\n|\n|t:|1738174976\n|start\n|switch|p1a: Ogerpon|Ogerpon-Cornerstone, L50, F|100\/100\n|switch|p1b: Armarouge|Armarouge, L50, M|100\/100\n|switch|p2a: Calyrex|Calyrex-Ice, L50|100\/100\n|switch|p2b: Lilligant|Lilligant-Hisui, L50, F, shiny|100\/100\n|-ability|p2a: Calyrex|As One\n|-ability|p2a: Calyrex|Unnerve\n|turn|1\n|inactive|bluestraggler01 has 30 seconds left.\n|inactive|kd-vgc711 has 30 seconds left.\n|\n|t:|1738175004\n|-terastallize|p2a: Calyrex|Water\n|move|p1a: Ogerpon|Ivy Cudgel|p2b: Lilligant|[anim] Ivy Cudgel Rock\n|-resisted|p2b: Lilligant\n|-damage|p2b: Lilligant|51\/100\n|move|p2b: Lilligant|Coaching|p2a: Calyrex\n|-boost|p2a: Calyrex|atk|1\n|-boost|p2a: Calyrex|def|1\n|move|p1b: Armarouge|Meteor Beam||[still]\n|-prepare|p1b: Armarouge|Meteor Beam\n|-boost|p1b: Armarouge|spa|1\n|-enditem|p1b: Armarouge|Power Herb\n|-anim|p1b: Armarouge|Meteor Beam|p2b: Lilligant\n|-resisted|p2b: Lilligant\n|-damage|p2b: Lilligant|1\/100\n|move|p2a: Calyrex|Glacial Lance|p1a: Ogerpon|[spread] p1a,p1b\n|-supereffective|p1a: Ogerpon\n|-resisted|p1b: Armarouge\n|-ability|p1a: Ogerpon|Sturdy\n|-damage|p1a: Ogerpon|1\/100\n|-damage|p1b: Armarouge|60\/100\n|\n|upkeep\n|turn|2\n|j| ChilledLotusA\n|inactive|kd-vgc711 has 30 seconds left.\n|inactive|bluestraggler01 has 30 seconds left.\n|inactive|kd-vgc711 has 20 seconds left.\n|inactive|kd-vgc711 has 15 seconds left.\n|l|\u2606kd-vgc711\n|inactive|kd-vgc711 disconnected and has a minute to reconnect!\n|player|p2|\n|inactive|kd-vgc711 has 10 seconds left.\n|j|\u2606kd-vgc711\n|inactive|kd-vgc711 reconnected and has 10 seconds left.\n|player|p2|kd-vgc711|2|\n|inactive|kd-vgc711 has 5 seconds left.\n|\n|t:|1738175057\n|move|p1a: Ogerpon|Power Whip|p2a: Calyrex|[miss]\n|-miss|p1a: Ogerpon|p2a: Calyrex\n|move|p2b: Lilligant|Close Combat|p1a: Ogerpon\n|-supereffective|p1a: Ogerpon\n|-damage|p1a: Ogerpon|0 fnt\n|-unboost|p2b: Lilligant|def|1\n|-unboost|p2b: Lilligant|spd|1\n|faint|p1a: Ogerpon\n|move|p1b: Armarouge|Heat Wave|p2b: Lilligant|[spread] p2a,p2b\n|-resisted|p2a: Calyrex\n|-supereffective|p2b: Lilligant\n|-damage|p2a: Calyrex|83\/100\n|-damage|p2b: Lilligant|0 fnt\n|faint|p2b: Lilligant\n|move|p2a: Calyrex|High Horsepower|p1b: Armarouge\n|-supereffective|p1b: Armarouge\n|-damage|p1b: Armarouge|0 fnt\n|faint|p1b: Armarouge\n|-ability|p2a: Calyrex|Chilling Neigh|boost\n|-boost|p2a: Calyrex|atk|1\n|\n|upkeep\n|\n|t:|1738175068\n|switch|p1a: Koraidon|Koraidon, L50|100\/100\n|switch|p2b: Indeedee|Indeedee-F, L50, F, shiny|100\/100\n|switch|p1b: Umbreon|Umbreon, L50, F|100\/100\n|-weather|SunnyDay|[from] ability: Orichalcum Pulse|[of] p1a: Koraidon\n|-activate|p1a: Koraidon|Orichalcum Pulse|[source]\n|-fieldstart|move: Psychic Terrain|[from] ability: Psychic Surge|[of] p2b: Indeedee\n|-enditem|p2b: Indeedee|Psychic Seed\n|-boost|p2b: Indeedee|spd|1|[from] item: Psychic Seed\n|turn|3\n|\n|t:|1738175079\n|-terastallize|p1a: Koraidon|Fire\n|move|p2b: Indeedee|Follow Me|p2b: Indeedee\n|-singleturn|p2b: Indeedee|move: Follow Me\n|move|p1a: Koraidon|Flare Blitz|p2b: Indeedee\n|-damage|p2b: Indeedee|0 fnt\n|faint|p2b: Indeedee\n|-damage|p1a: Koraidon|71\/100|[from] Recoil\n|move|p1b: Umbreon|Foul Play|p2a: Calyrex\n|-damage|p2a: Calyrex|34\/100\n|move|p2a: Calyrex|Glacial Lance|p1a: Koraidon|[spread] p1a,p1b\n|-resisted|p1a: Koraidon\n|-damage|p1a: Koraidon|26\/100\n|-damage|p1b: Umbreon|23\/100\n|\n|-weather|SunnyDay|[upkeep]\n|-heal|p1b: Umbreon|29\/100|[from] item: Leftovers\n|upkeep\n|\n|t:|1738175091\n|switch|p2b: Flutter Mane|Flutter Mane, L50, shiny|100\/100\n|-activate|p2b: Flutter Mane|ability: Protosynthesis\n|-start|p2b: Flutter Mane|protosynthesisspe\n|turn|4\n|\n|t:|1738175102\n|move|p1b: Umbreon|Protect|p1b: Umbreon\n|-singleturn|p1b: Umbreon|Protect\n|move|p2a: Calyrex|Protect|p2a: Calyrex\n|-singleturn|p2a: Calyrex|Protect\n|move|p2b: Flutter Mane|Shadow Ball|p1a: Koraidon\n|-damage|p1a: Koraidon|0 fnt\n|faint|p1a: Koraidon\n|\n|-weather|SunnyDay|[upkeep]\n|-heal|p1b: Umbreon|35\/100|[from] item: Leftovers\n|upkeep\n|turn|5\n|-message|bluestraggler01 forfeited.\n|\n|win|kd-vgc711\n|raw|bluestraggler01's rating: 1620 &rarr; <strong>1604<\/strong><br \/>(-16 for losing)\n|raw|kd-vgc711's rating: 1682 &rarr; <strong>1698<\/strong><br \/>(+16 for winning)\n|l|\u2606bluestraggler01\n|player|p1|\n|l| ChilledLotusA\n|l|\u2606kd-vgc711\n|player|p2|\n","uploadtime":1738175254,"views":21,"formatid":"gen9vgc2025regg","rating":1604,"private":0,"password":null}