{"id":"gen9vgc2025regg-2290879651","format":"[Gen 9] VGC 2025 Reg G","players":["PokemonBreederJoey","R0gueVGC"],"log":"|j|\u2606PokemonBreederJoey\n|j|\u2606R0gueVGC\n|t:|1738200652\n|gametype|doubles\n|player|p1|PokemonBreederJoey|101|1580\n|player|p2|R0gueVGC|ingo|1564\n|teamsize|p1|6\n|teamsize|p2|6\n|gen|9\n|tier|[Gen 9] VGC 2025 Reg G\n|rated|\n|rule|Species Clause: Limit one of each Pok\u00e9mon\n|rule|Item Clause: Limit 1 of each item\n|clearpoke\n|poke|p1|Kyogre, L50|\n|poke|p1|Tornadus, L50, M|\n|poke|p1|Flutter Mane, L50|\n|poke|p1|Farigiraf, L50, F|\n|poke|p1|Chi-Yu, L50|\n|poke|p1|Archaludon, L50, F|\n|poke|p2|Terapagos, L50, M|\n|poke|p2|Iron Hands, L50|\n|poke|p2|Chi-Yu, L50|\n|poke|p2|Amoonguss, L50, M|\n|poke|p2|Ogerpon-Cornerstone, L50, F|\n|poke|p2|Tornadus, L50, M|\n|teampreview|4\n|inactive|Battle timer is ON: inactive players will automatically lose when time's up. (requested by R0gueVGC)\n|inactive|PokemonBreederJoey has 60 seconds left.\n|j| Pokuchu3\n|j| jdarcan\n|\n|t:|1738200707\n|start\n|switch|p1a: Tornadus|Tornadus, L50, M|100\/100\n|switch|p1b: Flutter Mane|Flutter Mane, L50|100\/100\n|switch|p2a: Tornadus|Tornadus, L50, M|100\/100\n|switch|p2b: Ogerpon|Ogerpon-Cornerstone, L50, F|100\/100\n|-enditem|p1b: Flutter Mane|Booster Energy\n|-activate|p1b: Flutter Mane|ability: Protosynthesis|[fromitem]\n|-start|p1b: Flutter Mane|protosynthesisspe\n|turn|1\n|\n|t:|1738200731\n|move|p1a: Tornadus|Tailwind|p1a: Tornadus\n|-sidestart|p1: PokemonBreederJoey|move: Tailwind\n|move|p2a: Tornadus|Tailwind|p2a: Tornadus\n|-sidestart|p2: R0gueVGC|move: Tailwind\n|move|p1b: Flutter Mane|Thunder Wave|p2b: Ogerpon\n|-status|p2b: Ogerpon|par\n|move|p2b: Ogerpon|Ivy Cudgel|p1b: Flutter Mane|[anim] Ivy Cudgel Rock\n|-damage|p1b: Flutter Mane|22\/100\n|\n|upkeep\n|turn|2\n|inactive|R0gueVGC has 30 seconds left.\n|\n|t:|1738200758\n|move|p1b: Flutter Mane|Dazzling Gleam|p2b: Ogerpon|[spread] p2a,p2b\n|-damage|p2a: Tornadus|69\/100\n|-damage|p2b: Ogerpon|69\/100 par\n|move|p1a: Tornadus|Bleakwind Storm|p2b: Ogerpon|[spread] p2a,p2b\n|-damage|p2a: Tornadus|27\/100\n|-damage|p2b: Ogerpon|27\/100 par\n|move|p2a: Tornadus|Bleakwind Storm|p1b: Flutter Mane|[spread] p1a,p1b\n|-damage|p1a: Tornadus|56\/100\n|-damage|p1b: Flutter Mane|0 fnt\n|faint|p1b: Flutter Mane\n|-end|p1b: Flutter Mane|Protosynthesis|[silent]\n|move|p2b: Ogerpon|Ivy Cudgel|p1a: Tornadus|[anim] Ivy Cudgel Rock\n|-supereffective|p1a: Tornadus\n|-damage|p1a: Tornadus|0 fnt\n|faint|p1a: Tornadus\n|\n|upkeep\n|\n|t:|1738200768\n|switch|p1a: Kyogre|Kyogre, L50|100\/100\n|switch|p1b: Archaludon|Archaludon, L50, F|100\/100\n|-weather|RainDance|[from] ability: Drizzle|[of] p1a: Kyogre\n|turn|3\n|\n|t:|1738200787\n|switch|p2a: Iron Hands|Iron Hands, L50|100\/100\n|move|p1a: Kyogre|Protect|p1a: Kyogre\n|-singleturn|p1a: Kyogre|Protect\n|move|p1b: Archaludon|Electro Shot||[still]\n|-prepare|p1b: Archaludon|Electro Shot\n|-boost|p1b: Archaludon|spa|1\n|-anim|p1b: Archaludon|Electro Shot|p2a: Iron Hands\n|-resisted|p2a: Iron Hands\n|-damage|p2a: Iron Hands|84\/100\n|cant|p2b: Ogerpon|par\n|\n|-weather|RainDance|[upkeep]\n|upkeep\n|turn|4\n|\n|t:|1738200804\n|move|p2b: Ogerpon|Spiky Shield|p2b: Ogerpon\n|-singleturn|p2b: Ogerpon|move: Protect\n|move|p1a: Kyogre|Water Spout|p2a: Iron Hands|[spread] p2a\n|-activate|p2b: Ogerpon|move: Protect\n|-damage|p2a: Iron Hands|16\/100\n|move|p1b: Archaludon|Electro Shot||[still]\n|-prepare|p1b: Archaludon|Electro Shot\n|-boost|p1b: Archaludon|spa|1\n|-anim|p1b: Archaludon|Electro Shot|p2b: Ogerpon\n|-activate|p2b: Ogerpon|move: Protect\n|move|p2a: Iron Hands|Drain Punch|p1b: Archaludon\n|-supereffective|p1b: Archaludon\n|-damage|p1b: Archaludon|40\/100\n|-heal|p2a: Iron Hands|42\/100|[from] drain|[of] p1b: Archaludon\n|-ability|p1b: Archaludon|Stamina|boost\n|-boost|p1b: Archaludon|def|1\n|\n|-weather|RainDance|[upkeep]\n|-sideend|p2: R0gueVGC|move: Tailwind\n|-sideend|p1: PokemonBreederJoey|move: Tailwind\n|upkeep\n|turn|5\n|\n|t:|1738200826\n|move|p1a: Kyogre|Water Spout|p2a: Iron Hands|[spread] p2a,p2b\n|-damage|p2a: Iron Hands|0 fnt\n|-damage|p2b: Ogerpon|0 fnt\n|faint|p2a: Iron Hands\n|-end|p2a: Iron Hands|Quark Drive|[silent]\n|faint|p2b: Ogerpon\n|move|p1b: Archaludon|Electro Shot||[still]\n|-prepare|p1b: Archaludon|Electro Shot\n|-boost|p1b: Archaludon|spa|1\n|-anim|p1b: Archaludon|Electro Shot|p2: Iron Hands|[notarget]\n|-fail|p1b: Archaludon\n|\n|-weather|RainDance|[upkeep]\n|upkeep\n|\n|t:|1738200836\n|switch|p2b: Terapagos|Terapagos, L50, M|100\/100\n|switch|p2a: Tornadus|Tornadus, L50, M|27\/100\n|-activate|p2b: Terapagos|ability: Tera Shift\n|detailschange|p2b: Terapagos|Terapagos-Terastal, L50, M\n|-heal|p2b: Terapagos|100\/100|[silent]\n|turn|6\n|inactive|PokemonBreederJoey has 30 seconds left.\n|\n|t:|1738200866\n|-terastallize|p2b: Terapagos|Stellar\n|detailschange|p2b: Terapagos|Terapagos-Stellar, L50, M, tera:Stellar\n|-heal|p2b: Terapagos|100\/100|[silent]\n|-ability|p2b: Terapagos|Teraform Zero\n|-weather|none\n|move|p2a: Tornadus|Tailwind|p2a: Tornadus\n|-sidestart|p2: R0gueVGC|move: Tailwind\n|move|p2b: Terapagos|Tera Starstorm|p1b: Archaludon|[spread] p1a,p1b\n|-damage|p1a: Kyogre|73\/100\n|-damage|p1b: Archaludon|12\/100\n|-ability|p1b: Archaludon|Stamina|boost\n|-boost|p1b: Archaludon|def|1\n|move|p1a: Kyogre|Water Spout|p2a: Tornadus|[spread] p2a,p2b\n|-damage|p2a: Tornadus|0 fnt\n|-damage|p2b: Terapagos|59\/100\n|faint|p2a: Tornadus\n|move|p1b: Archaludon|Draco Meteor|p2b: Terapagos\n|-damage|p2b: Terapagos|0 fnt\n|-unboost|p1b: Archaludon|spa|2\n|faint|p2b: Terapagos\n|\n|win|PokemonBreederJoey\n|raw|PokemonBreederJoey's rating: 1580 &rarr; <strong>1599<\/strong><br \/>(+19 for winning)\n|raw|R0gueVGC's rating: 1564 &rarr; <strong>1545<\/strong><br \/>(-19 for losing)\n|l|\u2606R0gueVGC\n|player|p2|\n|l| Pokuchu3\n|l|\u2606PokemonBreederJoey\n|player|p1|\n","uploadtime":1738201020,"views":13,"formatid":"gen9vgc2025regg","rating":1545,"private":0,"password":null}