{"id":"gen9vgc2025regg-2290630337","format":"[Gen 9] VGC 2025 Reg G","players":["MoodyMukVGC","avaddov"],"log":"|j|\u2606MoodyMukVGC\n|j|\u2606avaddov\n|t:|1738173420\n|gametype|doubles\n|player|p1|MoodyMukVGC|chuck|1553\n|player|p2|avaddov|cynthia-masters|1566\n|teamsize|p1|6\n|teamsize|p2|6\n|gen|9\n|tier|[Gen 9] VGC 2025 Reg G\n|rated|\n|rule|Species Clause: Limit one of each Pok\u00e9mon\n|rule|Item Clause: Limit 1 of each item\n|clearpoke\n|poke|p1|Incineroar, L50, M|\n|poke|p1|Rillaboom, L50, M|\n|poke|p1|Urshifu-*, L50, M|\n|poke|p1|Terapagos, L50, M|\n|poke|p1|Amoonguss, L50, M|\n|poke|p1|Grimmsnarl, L50, M|\n|poke|p2|Miraidon, L50|\n|poke|p2|Iron Bundle, L50|\n|poke|p2|Iron Hands, L50|\n|poke|p2|Farigiraf, L50, M|\n|poke|p2|Chi-Yu, L50|\n|poke|p2|Ursaluna-Bloodmoon, L50, M|\n|teampreview|4\n|j| mr pogostick\n|j| ThatPelli\n|\n|t:|1738173454\n|start\n|switch|p1a: Rillaboom|Rillaboom, L50, M, shiny|100\/100\n|switch|p1b: Grimmsnarl|Grimmsnarl, L50, M, shiny|100\/100\n|switch|p2a: Agias|Miraidon, L50|100\/100\n|switch|p2b: Dell-eBird|Iron Bundle, L50, shiny|100\/100\n|-fieldstart|move: Electric Terrain|[from] ability: Hadron Engine|[of] p2a: Agias\n|-activate|p2b: Dell-eBird|ability: Quark Drive\n|-start|p2b: Dell-eBird|quarkdrivespe\n|-fieldstart|move: Grassy Terrain|[from] ability: Grassy Surge|[of] p1a: Rillaboom\n|-end|p2b: Dell-eBird|Quark Drive\n|turn|1\n|\n|t:|1738173468\n|switch|p2a: Grifaffes|Farigiraf, L50, M|100\/100\n|move|p1b: Grimmsnarl|Light Screen|p1b: Grimmsnarl\n|-sidestart|p1: MoodyMukVGC|move: Light Screen\n|move|p2b: Dell-eBird|Freeze-Dry|p1a: Rillaboom\n|-supereffective|p1a: Rillaboom\n|-damage|p1a: Rillaboom|70\/100\n|move|p1a: Rillaboom|U-turn|p2b: Dell-eBird\n|-damage|p2b: Dell-eBird|73\/100\n|\n|t:|1738173476\n|switch|p1a: Terapagos|Terapagos, L50, M|100\/100|[from] U-turn\n|-activate|p1a: Terapagos|ability: Tera Shift\n|detailschange|p1a: Terapagos|Terapagos-Terastal, L50, M\n|-heal|p1a: Terapagos|100\/100|[silent]\n|\n|-heal|p2b: Dell-eBird|79\/100|[from] Grassy Terrain\n|upkeep\n|turn|2\n|\n|t:|1738173490\n|move|p2b: Dell-eBird|Freeze-Dry|p1a: Terapagos\n|-activate|p1a: Terapagos|ability: Tera Shell\n|-resisted|p1a: Terapagos\n|-damage|p1a: Terapagos|91\/100\n|move|p1a: Terapagos|Calm Mind|p1a: Terapagos\n|-boost|p1a: Terapagos|spa|1\n|-boost|p1a: Terapagos|spd|1\n|move|p1b: Grimmsnarl|Spirit Break|p2b: Dell-eBird\n|-crit|p2b: Dell-eBird\n|-damage|p2b: Dell-eBird|22\/100\n|-unboost|p2b: Dell-eBird|spa|1\n|move|p2a: Grifaffes|Psychic Noise|p1a: Terapagos\n|-damage|p1a: Terapagos|80\/100\n|-start|p1a: Terapagos|move: Heal Block\n|\n|-heal|p2b: Dell-eBird|28\/100|[from] Grassy Terrain\n|upkeep\n|turn|3\n|\n|t:|1738173507\n|-end|p2b: Dell-eBird|Quark Drive|[silent]\n|switch|p2b: Bigweld|Iron Hands, L50, shiny|100\/100\n|move|p1a: Terapagos|Substitute|p1a: Terapagos\n|-start|p1a: Terapagos|Substitute\n|-damage|p1a: Terapagos|55\/100\n|move|p1b: Grimmsnarl|Spirit Break|p2b: Bigweld\n|-supereffective|p2b: Bigweld\n|-damage|p2b: Bigweld|60\/100\n|-unboost|p2b: Bigweld|spa|1\n|move|p2a: Grifaffes|Trick Room|p2a: Grifaffes\n|-fieldstart|move: Trick Room|[of] p2a: Grifaffes\n|\n|-heal|p2b: Bigweld|67\/100|[from] Grassy Terrain\n|-end|p1a: Terapagos|move: Heal Block\n|upkeep\n|turn|4\n|\n|t:|1738173522\n|move|p1a: Terapagos|Protect|p1a: Terapagos\n|-singleturn|p1a: Terapagos|Protect\n|move|p1b: Grimmsnarl|Reflect|p1b: Grimmsnarl\n|-sidestart|p1: MoodyMukVGC|Reflect\n|move|p2a: Grifaffes|Psychic Noise|p1a: Terapagos\n|-activate|p1a: Terapagos|move: Protect\n|move|p2b: Bigweld|Drain Punch|p1a: Terapagos\n|-activate|p1a: Terapagos|move: Protect\n|\n|-heal|p2b: Bigweld|73\/100|[from] Grassy Terrain\n|-heal|p1a: Terapagos|61\/100|[from] Grassy Terrain\n|-heal|p1a: Terapagos|68\/100|[from] item: Leftovers\n|upkeep\n|turn|5\n|\n|t:|1738173537\n|switch|p1b: Incineroar|Incineroar, L50, M, shiny|100\/100\n|-ability|p1b: Incineroar|Intimidate|boost\n|-unboost|p2a: Grifaffes|atk|1\n|-unboost|p2b: Bigweld|atk|1\n|move|p2a: Grifaffes|Psychic Noise|p1a: Terapagos\n|-damage|p1a: Terapagos|57\/100\n|-start|p1a: Terapagos|move: Heal Block\n|move|p2b: Bigweld|Drain Punch|p1a: Terapagos\n|-supereffective|p1a: Terapagos\n|-activate|p1a: Terapagos|move: Substitute|[damage]\n|-heal|p2b: Bigweld|82\/100|[from] drain|[of] p1a: Terapagos\n|move|p1a: Terapagos|Substitute|p1a: Terapagos\n|-fail|p1a: Terapagos|move: Substitute\n|\n|-heal|p2b: Bigweld|88\/100|[from] Grassy Terrain\n|-fieldend|move: Grassy Terrain\n|upkeep\n|turn|6\n|\n|t:|1738173566\n|-end|p2b: Bigweld|Quark Drive|[silent]\n|switch|p2b: Agias|Miraidon, L50|100\/100\n|-fieldstart|move: Electric Terrain|[from] ability: Hadron Engine|[of] p2b: Agias\n|-enditem|p2a: Grifaffes|Electric Seed\n|-boost|p2a: Grifaffes|def|1|[from] item: Electric Seed\n|move|p1a: Terapagos|Protect|p1a: Terapagos\n|-singleturn|p1a: Terapagos|Protect\n|move|p2a: Grifaffes|Psychic Noise|p1a: Terapagos\n|-activate|p1a: Terapagos|move: Protect\n|move|p1b: Incineroar|Will-O-Wisp|p2b: Agias\n|-status|p2b: Agias|brn\n|\n|-damage|p2b: Agias|94\/100 brn|[from] brn\n|-end|p1a: Terapagos|move: Heal Block\n|upkeep\n|turn|7\n|\n|t:|1738173593\n|-terastallize|p1a: Terapagos|Stellar\n|detailschange|p1a: Terapagos|Terapagos-Stellar, L50, M, tera:Stellar\n|-heal|p1a: Terapagos|68\/100|[silent]\n|-ability|p1a: Terapagos|Teraform Zero\n|-fieldend|move: Electric Terrain\n|move|p2a: Grifaffes|Psychic Noise|p1a: Terapagos\n|-damage|p1a: Terapagos|60\/100\n|-start|p1a: Terapagos|move: Heal Block\n|move|p1b: Incineroar|Knock Off|p2b: Agias\n|-damage|p2b: Agias|60\/100 brn\n|-enditem|p2b: Agias|Choice Specs|[from] move: Knock Off|[of] p1b: Incineroar\n|move|p1a: Terapagos|Tera Starstorm|p2a: Grifaffes|[spread] p2a,p2b\n|-damage|p2a: Grifaffes|60\/100\n|-damage|p2b: Agias|21\/100 brn\n|move|p2b: Agias|Electro Drift|p1b: Incineroar\n|-damage|p1b: Incineroar|70\/100\n|-damage|p2b: Agias|5\/100 brn|[from] item: Rocky Helmet|[of] p1b: Incineroar\n|\n|-damage|p2b: Agias|0 fnt|[from] brn\n|faint|p2b: Agias\n|-fieldend|move: Trick Room\n|upkeep\n|\n|t:|1738173616\n|switch|p2b: Bigweld|Iron Hands, L50, shiny|88\/100\n|turn|8\n|j| highturf\n|\n|t:|1738173636\n|move|p2a: Grifaffes|Helping Hand|p2b: Bigweld\n|-singleturn|p2b: Bigweld|Helping Hand|[of] p2a: Grifaffes\n|move|p1a: Terapagos|Tera Starstorm|p2a: Grifaffes|[spread] p2a,p2b\n|-damage|p2a: Grifaffes|19\/100\n|-damage|p2b: Bigweld|66\/100\n|move|p1b: Incineroar|Will-O-Wisp|p2b: Bigweld|[miss]\n|-miss|p1b: Incineroar|p2b: Bigweld\n|move|p2b: Bigweld|Drain Punch|p1b: Incineroar\n|-supereffective|p1b: Incineroar\n|-damage|p1b: Incineroar|16\/100\n|-heal|p2b: Bigweld|88\/100|[from] drain|[of] p1b: Incineroar\n|-damage|p2b: Bigweld|72\/100|[from] item: Rocky Helmet|[of] p1b: Incineroar\n|\n|-end|p1a: Terapagos|move: Heal Block\n|-sideend|p1: MoodyMukVGC|move: Light Screen\n|upkeep\n|turn|9\n|\n|t:|1738173657\n|move|p1a: Terapagos|Tera Starstorm|p2a: Grifaffes|[spread] p2a,p2b\n|-damage|p2a: Grifaffes|0 fnt\n|-damage|p2b: Bigweld|47\/100\n|faint|p2a: Grifaffes\n|move|p1b: Incineroar|Will-O-Wisp|p2b: Bigweld\n|-status|p2b: Bigweld|brn\n|move|p2b: Bigweld|Drain Punch|p1a: Terapagos\n|-supereffective|p1a: Terapagos\n|-end|p1a: Terapagos|Substitute\n|-heal|p2b: Bigweld|48\/100 brn|[from] drain|[of] p1a: Terapagos\n|\n|-heal|p1a: Terapagos|67\/100|[from] item: Leftovers\n|-damage|p2b: Bigweld|42\/100 brn|[from] brn\n|upkeep\n|\n|t:|1738173663\n|switch|p2a: Dell-eBird|Iron Bundle, L50, shiny|28\/100\n|turn|10\n|l| ThatPelli\n|\n|t:|1738173683\n|move|p1a: Terapagos|Protect|p1a: Terapagos\n|-singleturn|p1a: Terapagos|Protect\n|move|p2a: Dell-eBird|Freeze-Dry|p1b: Incineroar\n|-resisted|p1b: Incineroar\n|-damage|p1b: Incineroar|1\/100\n|move|p1b: Incineroar|Knock Off|p2b: Bigweld\n|-resisted|p2b: Bigweld\n|-damage|p2b: Bigweld|29\/100 brn\n|-enditem|p2b: Bigweld|Assault Vest|[from] move: Knock Off|[of] p1b: Incineroar\n|move|p2b: Bigweld|Wild Charge|p1b: Incineroar\n|-damage|p1b: Incineroar|0 fnt\n|-damage|p2b: Bigweld|12\/100 brn|[from] item: Rocky Helmet|[of] p1b: Incineroar\n|faint|p1b: Incineroar\n|-damage|p2b: Bigweld|12\/100 brn|[from] Recoil\n|\n|-heal|p1a: Terapagos|73\/100|[from] item: Leftovers\n|-damage|p2b: Bigweld|6\/100 brn|[from] brn\n|upkeep\n|\n|t:|1738173743\n|switch|p1b: Rillaboom|Rillaboom, L50, M, shiny|70\/100\n|-fieldstart|move: Grassy Terrain|[from] ability: Grassy Surge|[of] p1b: Rillaboom\n|turn|11\n|\n|t:|1738173765\n|move|p1b: Rillaboom|Grassy Glide|p2a: Dell-eBird\n|-supereffective|p2a: Dell-eBird\n|-damage|p2a: Dell-eBird|0 fnt\n|faint|p2a: Dell-eBird\n|-end|p2a: Dell-eBird|Quark Drive|[silent]\n|move|p1a: Terapagos|Tera Starstorm|p2b: Bigweld\n|-crit|p2b: Bigweld\n|-damage|p2b: Bigweld|0 fnt\n|faint|p2b: Bigweld\n|-end|p2b: Bigweld|Quark Drive|[silent]\n|\n|win|MoodyMukVGC\n|raw|MoodyMukVGC's rating: 1553 &rarr; <strong>1574<\/strong><br \/>(+21 for winning)\n|raw|avaddov's rating: 1566 &rarr; <strong>1545<\/strong><br \/>(-21 for losing)\n|l|\u2606avaddov\n|player|p2|\n|l| mr pogostick\n|l|\u2606MoodyMukVGC\n|player|p1|\n","uploadtime":1738174012,"views":16,"formatid":"gen9vgc2025regg","rating":1545,"private":0,"password":null}