{"id":"gen9vgc2025regg-2290624134","format":"[Gen 9] VGC 2025 Reg G","players":["PokemonBreederJoey","TheGamingMammoth"],"log":"|j|\u2606PokemonBreederJoey\n|j|\u2606TheGamingMammoth\n|t:|1738172830\n|gametype|doubles\n|player|p1|PokemonBreederJoey|170|1554\n|player|p2|TheGamingMammoth|169|1549\n|teamsize|p1|6\n|teamsize|p2|6\n|gen|9\n|tier|[Gen 9] VGC 2025 Reg G\n|rated|\n|rule|Species Clause: Limit one of each Pok\u00e9mon\n|rule|Item Clause: Limit 1 of each item\n|clearpoke\n|poke|p1|Kyogre, L50|\n|poke|p1|Tornadus, L50, M|\n|poke|p1|Flutter Mane, L50|\n|poke|p1|Farigiraf, L50, F|\n|poke|p1|Chi-Yu, L50|\n|poke|p1|Archaludon, L50, M|\n|poke|p2|Calyrex-Ice, L50|\n|poke|p2|Ursaluna-Bloodmoon, L50, M|\n|poke|p2|Smeargle, L50, M|\n|poke|p2|Indeedee-F, L50, F|\n|poke|p2|Ogerpon-Hearthflame, L50, F|\n|poke|p2|Urshifu-*, L50, M|\n|teampreview|4\n|j| ChiYuIC\n|inactive|Battle timer is ON: inactive players will automatically lose when time's up. (requested by TheGamingMammoth)\n|\n|t:|1738172929\n|start\n|switch|p1a: Kyogre|Kyogre, L50|100\/100\n|switch|p1b: Archaludon|Archaludon, L50, M|100\/100\n|switch|p2a: Smeargle|Smeargle, L50, M|100\/100\n|switch|p2b: Calyrex|Calyrex-Ice, L50|100\/100\n|-ability|p2b: Calyrex|As One\n|-ability|p2b: Calyrex|Unnerve\n|-weather|RainDance|[from] ability: Drizzle|[of] p1a: Kyogre\n|turn|1\n|\n|t:|1738172949\n|move|p2a: Smeargle|Fake Out|p1a: Kyogre\n|-damage|p1a: Kyogre|95\/100\n|cant|p1a: Kyogre|flinch\n|move|p1b: Archaludon|Electro Shot||[still]\n|-prepare|p1b: Archaludon|Electro Shot\n|-boost|p1b: Archaludon|spa|1\n|-anim|p1b: Archaludon|Electro Shot|p2a: Smeargle\n|-enditem|p2a: Smeargle|Focus Sash\n|-damage|p2a: Smeargle|1\/100\n|move|p2b: Calyrex|Trick Room|p2b: Calyrex\n|-fieldstart|move: Trick Room|[of] p2b: Calyrex\n|\n|-weather|RainDance|[upkeep]\n|upkeep\n|turn|2\n|\n|t:|1738172973\n|move|p2a: Smeargle|Spore|p1a: Kyogre\n|-status|p1a: Kyogre|slp|[from] move: Spore\n|move|p2b: Calyrex|Glacial Lance|p1b: Archaludon|[spread] p1a,p1b\n|-resisted|p1a: Kyogre\n|-damage|p1a: Kyogre|62\/100 slp\n|-damage|p1b: Archaludon|57\/100\n|-ability|p1b: Archaludon|Stamina|boost\n|-boost|p1b: Archaludon|def|1\n|move|p1b: Archaludon|Flash Cannon|p2b: Calyrex\n|-supereffective|p2b: Calyrex\n|-damage|p2b: Calyrex|28\/100\n|cant|p1a: Kyogre|slp\n|\n|-weather|RainDance|[upkeep]\n|upkeep\n|turn|3\n|\n|t:|1738172992\n|move|p2a: Smeargle|Spore|p1b: Archaludon\n|-status|p1b: Archaludon|slp|[from] move: Spore\n|move|p2b: Calyrex|Glacial Lance|p1b: Archaludon|[spread] p1a,p1b\n|-resisted|p1a: Kyogre\n|-damage|p1a: Kyogre|34\/100 slp\n|-damage|p1b: Archaludon|31\/100 slp\n|-ability|p1b: Archaludon|Stamina|boost\n|-boost|p1b: Archaludon|def|1\n|cant|p1b: Archaludon|slp\n|cant|p1a: Kyogre|slp\n|\n|-weather|RainDance|[upkeep]\n|upkeep\n|turn|4\n|\n|t:|1738173004\n|move|p2a: Smeargle|Decorate|p2b: Calyrex\n|-boost|p2b: Calyrex|atk|2\n|-boost|p2b: Calyrex|spa|2\n|move|p2b: Calyrex|Glacial Lance|p1a: Kyogre|[spread] p1a,p1b\n|-resisted|p1a: Kyogre\n|-damage|p1a: Kyogre|0 fnt\n|-damage|p1b: Archaludon|0 fnt\n|faint|p1a: Kyogre\n|faint|p1b: Archaludon\n|-ability|p2b: Calyrex|Chilling Neigh|boost\n|-boost|p2b: Calyrex|atk|2\n|\n|-weather|RainDance|[upkeep]\n|upkeep\n|\n|t:|1738173012\n|switch|p1b: Flutter Mane|Flutter Mane, L50|100\/100\n|switch|p1a: Farigiraf|Farigiraf, L50, F|100\/100\n|-enditem|p1b: Flutter Mane|Booster Energy\n|-activate|p1b: Flutter Mane|ability: Protosynthesis|[fromitem]\n|-start|p1b: Flutter Mane|protosynthesisspe\n|turn|5\n|\n|t:|1738173025\n|move|p2a: Smeargle|Spore|p1a: Farigiraf\n|-status|p1a: Farigiraf|slp|[from] move: Spore\n|move|p2b: Calyrex|Glacial Lance|p1b: Flutter Mane|[spread] p1a,p1b\n|-damage|p1a: Farigiraf|0 fnt\n|-damage|p1b: Flutter Mane|0 fnt\n|faint|p1a: Farigiraf\n|faint|p1b: Flutter Mane\n|-end|p1b: Flutter Mane|Protosynthesis|[silent]\n|\n|win|TheGamingMammoth\n|raw|PokemonBreederJoey's rating: 1554 &rarr; <strong>1534<\/strong><br \/>(-20 for losing)\n|raw|TheGamingMammoth's rating: 1549 &rarr; <strong>1569<\/strong><br \/>(+20 for winning)\n|l|\u2606PokemonBreederJoey\n|player|p1|\n|l|\u2606TheGamingMammoth\n|player|p2|\n","uploadtime":1738173184,"views":16,"formatid":"gen9vgc2025regg","rating":1534,"private":0,"password":null}