{"id":"gen9vgc2025regg-2290023106","format":"[Gen 9] VGC 2025 Reg G","players":["PritzShow","longhq"],"log":"|j|\u2606PritzShow\n|j|\u203dlonghq\n|t:|1738091204\n|gametype|doubles\n|player|p1|PritzShow|2|1601\n|player|p2|longhq|dawn|1574\n|teamsize|p1|6\n|teamsize|p2|6\n|gen|9\n|tier|[Gen 9] VGC 2025 Reg G\n|rated|\n|rule|Species Clause: Limit one of each Pok\u00e9mon\n|rule|Item Clause: Limit 1 of each item\n|clearpoke\n|poke|p1|Zacian-*, L50|\n|poke|p1|Rillaboom, L50, F|\n|poke|p1|Incineroar, L50, F|\n|poke|p1|Farigiraf, L50, M|\n|poke|p1|Landorus-Therian, L50, M|\n|poke|p1|Raging Bolt, L50|\n|poke|p2|Miraidon, L50|\n|poke|p2|Iron Hands, L50|\n|poke|p2|Smeargle, L50, F|\n|poke|p2|Tornadus, L50, M|\n|poke|p2|Ogerpon-Hearthflame, L50, F|\n|poke|p2|Incineroar, L50, M|\n|teampreview|4\n|inactive|Battle timer is ON: inactive players will automatically lose when time's up. (requested by PritzShow)\n|inactive|longhq has 60 seconds left.\n|\n|t:|1738091240\n|start\n|switch|p1a: Rillaboom|Rillaboom, L50, F|100\/100\n|switch|p1b: Landorus|Landorus-Therian, L50, M|100\/100\n|switch|p2a: Incineroar|Incineroar, L50, M|100\/100\n|switch|p2b: Tornadus|Tornadus, L50, M|100\/100\n|-ability|p1b: Landorus|Intimidate|boost\n|-unboost|p2a: Incineroar|atk|1\n|-unboost|p2b: Tornadus|atk|1\n|-ability|p2a: Incineroar|Intimidate|boost\n|-unboost|p1a: Rillaboom|atk|1\n|-unboost|p1b: Landorus|atk|1\n|-fieldstart|move: Grassy Terrain|[from] ability: Grassy Surge|[of] p1a: Rillaboom\n|turn|1\n|inactive|PritzShow has 30 seconds left.\n|\n|t:|1738091272\n|switch|p1a: Incineroar|Incineroar, L50, F|100\/100\n|-ability|p1a: Incineroar|Intimidate|boost\n|-unboost|p2a: Incineroar|atk|1\n|-unboost|p2b: Tornadus|atk|1\n|move|p2a: Incineroar|Fake Out|p1b: Landorus\n|-damage|p1b: Landorus|94\/100\n|cant|p1b: Landorus|flinch\n|move|p2b: Tornadus|Icy Wind|p1a: Incineroar|[spread] p1a\n|-miss|p2b: Tornadus|p1b: Landorus\n|-resisted|p1a: Incineroar\n|-damage|p1a: Incineroar|96\/100\n|-unboost|p1a: Incineroar|spe|1\n|\n|-heal|p1a: Incineroar|100\/100|[from] Grassy Terrain\n|upkeep\n|turn|2\n|inactive|longhq has 30 seconds left.\n|inactive|longhq has 20 seconds left.\n|\n|t:|1738091310\n|switch|p1b: Zacian|Zacian, L50|100\/100\n|-ability|p1b: Zacian|Intrepid Sword|boost\n|-boost|p1b: Zacian|atk|1\n|move|p2b: Tornadus|Tailwind|p2b: Tornadus\n|-sidestart|p2: longhq|move: Tailwind\n|move|p2a: Incineroar|Parting Shot|p1b: Zacian\n|-fail|p1b: Zacian|unboost|[from] item: Clear Amulet|[of] p1b: Zacian\n|move|p1a: Incineroar|Parting Shot|p2b: Tornadus\n|-unboost|p2b: Tornadus|atk|1\n|-unboost|p2b: Tornadus|spa|1\n|\n|t:|1738091319\n|switch|p1a: Landorus|Landorus-Therian, L50, M|94\/100|[from] Parting Shot\n|-ability|p1a: Landorus|Intimidate|boost\n|-unboost|p2a: Incineroar|atk|1\n|-unboost|p2b: Tornadus|atk|1\n|\n|upkeep\n|turn|3\n|inactive|longhq has 30 seconds left.\n|inactive|longhq has 20 seconds left.\n|inactive|longhq has 15 seconds left.\n|inactive|longhq has 10 seconds left.\n|\n|t:|1738091366\n|switch|p1a: Incineroar|Incineroar, L50, F|100\/100\n|-ability|p1a: Incineroar|Intimidate|boost\n|-unboost|p2a: Incineroar|atk|1\n|-unboost|p2b: Tornadus|atk|1\n|move|p2b: Tornadus|Icy Wind|p1b: Zacian|[spread] p1a,p1b\n|-resisted|p1a: Incineroar\n|-damage|p1a: Incineroar|98\/100\n|-damage|p1b: Zacian|92\/100\n|-unboost|p1a: Incineroar|spe|1\n|move|p2a: Incineroar|Parting Shot|p1a: Incineroar\n|-unboost|p1a: Incineroar|atk|1\n|-unboost|p1a: Incineroar|spa|1\n|\n|t:|1738091378\n|switch|p2a: Smeargle|Smeargle, L50, F|100\/100|[from] Parting Shot\n|move|p1b: Zacian|Play Rough|p2b: Tornadus\n|-damage|p2b: Tornadus|7\/100\n|\n|-heal|p1b: Zacian|98\/100|[from] Grassy Terrain\n|-heal|p1a: Incineroar|100\/100|[from] Grassy Terrain\n|-ability|p2a: Smeargle|Moody|boost\n|-boost|p2a: Smeargle|spa|2\n|-unboost|p2a: Smeargle|spe|1\n|upkeep\n|turn|4\n|inactive|longhq has 30 seconds left.\n|\n|t:|1738091410\n|switch|p2b: Incineroar|Incineroar, L50, M|100\/100\n|-ability|p2b: Incineroar|Intimidate|boost\n|-unboost|p1a: Incineroar|atk|1\n|-fail|p1b: Zacian|unboost|[from] item: Clear Amulet|[of] p1b: Zacian\n|switch|p1a: Rillaboom|Rillaboom, L50, F|100\/100\n|-terastallize|p2a: Smeargle|Ghost\n|move|p1b: Zacian|Protect|p1b: Zacian\n|-singleturn|p1b: Zacian|Protect\n|move|p2a: Smeargle|Spore|p1b: Zacian\n|-activate|p1b: Zacian|move: Protect\n|\n|-heal|p1b: Zacian|100\/100|[from] Grassy Terrain\n|-ability|p2a: Smeargle|Moody|boost\n|-boost|p2a: Smeargle|atk|2\n|-unboost|p2a: Smeargle|def|1\n|upkeep\n|turn|5\n|\n|t:|1738091433\n|move|p2b: Incineroar|Fake Out|p1a: Rillaboom\n|-damage|p1a: Rillaboom|90\/100\n|move|p1b: Zacian|Substitute|p1b: Zacian\n|-start|p1b: Zacian|Substitute\n|-damage|p1b: Zacian|75\/100\n|move|p2a: Smeargle|Spore||[still]\n|-fail|p2a: Smeargle\n|cant|p1a: Rillaboom|flinch\n|\n|-heal|p1b: Zacian|81\/100|[from] Grassy Terrain\n|-heal|p1a: Rillaboom|96\/100|[from] Grassy Terrain\n|-sideend|p2: longhq|move: Tailwind\n|-fieldend|move: Grassy Terrain\n|-ability|p2a: Smeargle|Moody|boost\n|-boost|p2a: Smeargle|spd|2\n|-unboost|p2a: Smeargle|def|1\n|upkeep\n|turn|6\n|inactive|longhq has 30 seconds left.\n|inactive|longhq has 20 seconds left.\n|\n|t:|1738091468\n|move|p2a: Smeargle|Follow Me|p2a: Smeargle\n|-singleturn|p2a: Smeargle|move: Follow Me\n|move|p1b: Zacian|Play Rough|p2a: Smeargle\n|-enditem|p2a: Smeargle|Focus Sash\n|-damage|p2a: Smeargle|1\/100\n|move|p2b: Incineroar|Flare Blitz|p1b: Zacian\n|-end|p1b: Zacian|Substitute\n|-damage|p2b: Incineroar|94\/100|[from] Recoil|[of] p1b: Zacian\n|move|p1a: Rillaboom|Wood Hammer|p2a: Smeargle\n|-damage|p2a: Smeargle|0 fnt\n|faint|p2a: Smeargle\n|-damage|p1a: Rillaboom|95\/100|[from] Recoil\n|\n|upkeep\n|\n|t:|1738091482\n|switch|p2a: Tornadus|Tornadus, L50, M|7\/100\n|turn|7\n|inactive|longhq has 30 seconds left.\n|\n|t:|1738091509\n|move|p1b: Zacian|Close Combat|p2b: Incineroar\n|-supereffective|p2b: Incineroar\n|-damage|p2b: Incineroar|0 fnt\n|-unboost|p1b: Zacian|def|1\n|-unboost|p1b: Zacian|spd|1\n|-damage|p1b: Zacian|65\/100|[from] item: Rocky Helmet|[of] p2b: Incineroar\n|faint|p2b: Incineroar\n|move|p2a: Tornadus|Bleakwind Storm|p1b: Zacian|[spread] p1a,p1b\n|-supereffective|p1a: Rillaboom\n|-damage|p1a: Rillaboom|42\/100\n|-damage|p1b: Zacian|13\/100\n|move|p1a: Rillaboom|U-turn|p2a: Tornadus\n|-resisted|p2a: Tornadus\n|-crit|p2a: Tornadus\n|-damage|p2a: Tornadus|0 fnt\n|faint|p2a: Tornadus\n|\n|t:|1738091518\n|switch|p1a: Incineroar|Incineroar, L50, F|100\/100|[from] U-turn\n|\n|upkeep\n|\n|t:|1738091523\n|switch|p2b: Miraidon|Miraidon, L50|100\/100\n|-fieldstart|move: Electric Terrain|[from] ability: Hadron Engine|[of] p2b: Miraidon\n|turn|8\n|-message|longhq forfeited.\n|\n|win|PritzShow\n|raw|PritzShow's rating: 1601 &rarr; <strong>1619<\/strong><br \/>(+18 for winning)\n|raw|longhq's rating: 1574 &rarr; <strong>1556<\/strong><br \/>(-18 for losing)\n|l|\u203dlonghq\n|player|p2|\n","uploadtime":1738091769,"views":10,"formatid":"gen9vgc2025regg","rating":1556,"private":0,"password":null}