{"id":"gen9vgc2025regg-2290385080","format":"[Gen 9] VGC 2025 Reg G","players":["MBSSQBBDS","he0"],"log":"|j|\u2606MBSSQBBDS\n|j|\u2606he0\n|t:|1738143547\n|gametype|doubles\n|player|p1|MBSSQBBDS|bianca|1613\n|player|p2|he0|sabrina-masters|1559\n|teamsize|p1|6\n|teamsize|p2|6\n|gen|9\n|tier|[Gen 9] VGC 2025 Reg G\n|rated|\n|rule|Species Clause: Limit one of each Pok\u00e9mon\n|rule|Item Clause: Limit 1 of each item\n|clearpoke\n|poke|p1|Calyrex-Shadow, L50|\n|poke|p1|Ditto, L50|\n|poke|p1|Raging Bolt, L50|\n|poke|p1|Urshifu-*, L50, F|\n|poke|p1|Brute Bonnet, L50|\n|poke|p1|Ogerpon-Hearthflame, L50, F|\n|poke|p2|Ogerpon-Wellspring, L50, F|\n|poke|p2|Incineroar, L50, M|\n|poke|p2|Flutter Mane, L50|\n|poke|p2|Farigiraf, L50, M|\n|poke|p2|Calyrex-Ice, L50|\n|poke|p2|Chi-Yu, L50|\n|teampreview|4\n|inactive|Battle timer is ON: inactive players will automatically lose when time's up. (requested by MBSSQBBDS)\n|\n|t:|1738143590\n|start\n|switch|p1a: Calyrex|Calyrex-Shadow, L50|100\/100\n|switch|p1b: Brute Bonnet|Brute Bonnet, L50|100\/100\n|switch|p2a: Ogerpon|Ogerpon-Wellspring, L50, F|100\/100\n|switch|p2b: Calyrex|Calyrex-Ice, L50|100\/100\n|-ability|p1a: Calyrex|As One\n|-ability|p1a: Calyrex|Unnerve\n|-ability|p2b: Calyrex|As One\n|-ability|p2b: Calyrex|Unnerve\n|turn|1\n|\n|t:|1738143611\n|-terastallize|p1b: Brute Bonnet|Water\n|-terastallize|p2b: Calyrex|Fire\n|move|p2a: Ogerpon|Follow Me|p2a: Ogerpon\n|-singleturn|p2a: Ogerpon|move: Follow Me\n|move|p1a: Calyrex|Astral Barrage|p2a: Ogerpon|[spread] p2a,p2b\n|-damage|p2a: Ogerpon|23\/100\n|-damage|p2b: Calyrex|57\/100\n|-damage|p1a: Calyrex|91\/100|[from] item: Life Orb\n|move|p1b: Brute Bonnet|Spore|p2a: Ogerpon\n|-immune|p2a: Ogerpon\n|move|p2b: Calyrex|Glacial Lance|p1b: Brute Bonnet|[spread] p1a,p1b\n|-resisted|p1b: Brute Bonnet\n|-damage|p1a: Calyrex|21\/100\n|-damage|p1b: Brute Bonnet|81\/100\n|\n|upkeep\n|turn|2\n|inactive|he0 has 30 seconds left.\n|inactive|he0 has 20 seconds left.\n|inactive|he0 has 15 seconds left.\n|inactive|he0 has 10 seconds left.\n|\n|t:|1738143658\n|move|p2a: Ogerpon|Spiky Shield|p2a: Ogerpon\n|-singleturn|p2a: Ogerpon|move: Protect\n|move|p1b: Brute Bonnet|Sucker Punch|p2b: Calyrex\n|-damage|p2b: Calyrex|39\/100\n|move|p1a: Calyrex|Astral Barrage|p2b: Calyrex|[spread] p2b\n|-activate|p2a: Ogerpon|move: Protect\n|-damage|p2b: Calyrex|0 fnt\n|faint|p2b: Calyrex\n|-ability|p1a: Calyrex|Grim Neigh|boost\n|-boost|p1a: Calyrex|spa|1\n|-damage|p1a: Calyrex|11\/100|[from] item: Life Orb\n|\n|upkeep\n|\n|t:|1738143671\n|switch|p2b: Flutter Mane|Flutter Mane, L50|100\/100\n|-enditem|p2b: Flutter Mane|Booster Energy\n|-activate|p2b: Flutter Mane|ability: Protosynthesis|[fromitem]\n|-start|p2b: Flutter Mane|protosynthesisspe\n|turn|3\n|\n|t:|1738143687\n|move|p1a: Calyrex|Protect|p1a: Calyrex\n|-singleturn|p1a: Calyrex|Protect\n|move|p2b: Flutter Mane|Shadow Ball|p1a: Calyrex\n|-activate|p1a: Calyrex|move: Protect\n|move|p2a: Ogerpon|Wood Hammer|p1b: Brute Bonnet\n|-supereffective|p1b: Brute Bonnet\n|-damage|p1b: Brute Bonnet|0 fnt\n|-damage|p2a: Ogerpon|7\/100|[from] item: Rocky Helmet|[of] p1b: Brute Bonnet\n|faint|p1b: Brute Bonnet\n|-end|p1b: Brute Bonnet|Protosynthesis|[silent]\n|-damage|p2a: Ogerpon|0 fnt|[from] Recoil\n|faint|p2a: Ogerpon\n|\n|upkeep\n|\n|t:|1738143702\n|switch|p2a: Chi-Yu|Chi-Yu, L50|100\/100\n|switch|p1b: Ditto|Ditto, L50|100\/100\n|-ability|p2a: Chi-Yu|Beads of Ruin\n|-transform|p1b: Ditto|p2a: Chi-Yu|[from] ability: Imposter\n|-ability|p1b: Ditto|Beads of Ruin\n|turn|4\n|\n|t:|1738143721\n|switch|p1a: Urshifu|Urshifu-Rapid-Strike, L50, F|100\/100\n|move|p2b: Flutter Mane|Moonblast|p1b: Ditto\n|-damage|p1b: Ditto|55\/100\n|move|p2a: Chi-Yu|Heat Wave|p1b: Ditto|[spread] p1a,p1b\n|-resisted|p1a: Urshifu\n|-crit|p1a: Urshifu\n|-resisted|p1b: Ditto\n|-damage|p1a: Urshifu|34\/100\n|-damage|p1b: Ditto|36\/100\n|-status|p1a: Urshifu|brn\n|move|p1b: Ditto|Heat Wave|p2b: Flutter Mane|[spread] p2a,p2b\n|-resisted|p2a: Chi-Yu\n|-damage|p2a: Chi-Yu|75\/100\n|-damage|p2b: Flutter Mane|48\/100\n|\n|-damage|p1a: Urshifu|28\/100 brn|[from] brn\n|upkeep\n|turn|5\n|\n|t:|1738143742\n|move|p1a: Urshifu|Aqua Jet|p2a: Chi-Yu\n|-supereffective|p2a: Chi-Yu\n|-damage|p2a: Chi-Yu|40\/100\n|move|p2b: Flutter Mane|Moonblast|p1b: Ditto\n|-damage|p1b: Ditto|0 fnt\n|faint|p1b: Ditto\n|move|p2a: Chi-Yu|Heat Wave|p1a: Urshifu\n|-resisted|p1a: Urshifu\n|-damage|p1a: Urshifu|0 fnt\n|faint|p1a: Urshifu\n|\n|upkeep\n|\n|t:|1738143752\n|switch|p1a: Calyrex|Calyrex-Shadow, L50|11\/100\n|-ability|p1a: Calyrex|As One\n|-ability|p1a: Calyrex|Unnerve\n|turn|6\n|-message|MBSSQBBDS forfeited.\n|\n|win|he0\n|raw|MBSSQBBDS's rating: 1613 &rarr; <strong>1590<\/strong><br \/>(-23 for losing)\n|raw|he0's rating: 1559 &rarr; <strong>1582<\/strong><br \/>(+23 for winning)\n|l|\u2606MBSSQBBDS\n|player|p1|\n|l|\u2606he0\n|player|p2|\n|j|\u2606he0\n|player|p2|he0|sabrina-masters|\n","uploadtime":1738143773,"views":14,"formatid":"gen9vgc2025regg","rating":1582,"private":0,"password":null}