{"id":"gen9vgc2025regg-2290934914","format":"[Gen 9] VGC 2025 Reg G","players":["infinitygroudon","Imnotagni"],"log":"|j|\u2606infinitygroudon\n|j|\u2606Imnotagni\n|t:|1738208081\n|gametype|doubles\n|player|p1|infinitygroudon|265|1552\n|player|p2|Imnotagni|policeman-gen4|1595\n|teamsize|p1|6\n|teamsize|p2|6\n|gen|9\n|tier|[Gen 9] VGC 2025 Reg G\n|rated|\n|rule|Species Clause: Limit one of each Pok\u00e9mon\n|rule|Item Clause: Limit 1 of each item\n|clearpoke\n|poke|p1|Calyrex-Shadow, L50|\n|poke|p1|Incineroar, L50, M|\n|poke|p1|Weezing-Galar, L50, M|\n|poke|p1|Indeedee-F, L50, F|\n|poke|p1|Iron Valiant, L50|\n|poke|p1|Ursaluna-Bloodmoon, L50, M|\n|poke|p2|Tornadus, L50, M|\n|poke|p2|Chien-Pao, L50|\n|poke|p2|Urshifu-*, L50, M|\n|poke|p2|Tsareena, L50, F|\n|poke|p2|Kyogre, L50|\n|poke|p2|Gholdengo, L50|\n|teampreview|4\n|inactive|Battle timer is ON: inactive players will automatically lose when time's up. (requested by Imnotagni)\n|\n|t:|1738208102\n|start\n|switch|p1a: Mr. Gassy|Weezing-Galar, L50, M|100\/100\n|switch|p1b: Charming|Iron Valiant, L50, shiny|100\/100\n|switch|p2a: Tornadus|Tornadus, L50, M|100\/100\n|switch|p2b: Gholdengo|Gholdengo, L50|100\/100\n|-ability|p1a: Mr. Gassy|Neutralizing Gas\n|turn|1\n|\n|t:|1738208119\n|-terastallize|p1a: Mr. Gassy|Steel\n|move|p1b: Charming|Spirit Break|p2b: Gholdengo\n|-resisted|p2b: Gholdengo\n|-damage|p2b: Gholdengo|80\/100\n|-unboost|p2b: Gholdengo|spa|1\n|move|p2a: Tornadus|Tailwind|p2a: Tornadus\n|-sidestart|p2: Imnotagni|move: Tailwind\n|move|p2b: Gholdengo|Trick||[still]\n|-fail|p2b: Gholdengo\n|move|p1a: Mr. Gassy|Taunt|p2a: Tornadus\n|-start|p2a: Tornadus|move: Taunt\n|\n|upkeep\n|turn|2\n|c|\u2606Imnotagni|bruh\n|inactive|Imnotagni has 30 seconds left.\n|\n|t:|1738208149\n|switch|p2b: Kyogre|Kyogre, L50, shiny|100\/100\n|move|p2a: Tornadus|Hurricane|p1b: Charming\n|-supereffective|p1b: Charming\n|-damage|p1b: Charming|0 fnt\n|faint|p1b: Charming\n|-end|p1b: Charming|Quark Drive|[silent]\n|move|p1a: Mr. Gassy|Sludge Bomb|p2a: Tornadus\n|-damage|p2a: Tornadus|69\/100\n|\n|upkeep\n|j| Hvaceverything\n|\n|t:|1738208154\n|switch|p1b: Duncan|Calyrex-Shadow, L50|100\/100\n|-ability|p1b: Duncan|As One\n|-ability|p1b: Duncan|Unnerve\n|turn|3\n|\n|t:|1738208160\n|move|p1b: Duncan|Protect|p1b: Duncan\n|-singleturn|p1b: Duncan|Protect\n|move|p2a: Tornadus|Hurricane|p1b: Duncan\n|-activate|p1b: Duncan|move: Protect\n|move|p2b: Kyogre|Water Spout|p1b: Duncan|[spread] p1a\n|-activate|p1b: Duncan|move: Protect\n|-damage|p1a: Mr. Gassy|11\/100\n|-enditem|p1a: Mr. Gassy|Sitrus Berry|[eat]\n|-heal|p1a: Mr. Gassy|35\/100|[from] item: Sitrus Berry\n|move|p1a: Mr. Gassy|Sludge Bomb|p2b: Kyogre\n|-damage|p2b: Kyogre|81\/100\n|\n|upkeep\n|turn|4\n|\n|t:|1738208175\n|switch|p1b: Suthen|Indeedee-F, L50, F|100\/100\n|move|p1a: Mr. Gassy|Protect|p1a: Mr. Gassy\n|-singleturn|p1a: Mr. Gassy|Protect\n|move|p2a: Tornadus|Hurricane|p1b: Suthen\n|-crit|p1b: Suthen\n|-damage|p1b: Suthen|34\/100\n|move|p2b: Kyogre|Water Spout|p1b: Suthen|[spread] p1b\n|-activate|p1a: Mr. Gassy|move: Protect\n|-damage|p1b: Suthen|0 fnt\n|faint|p1b: Suthen\n|\n|-end|p2a: Tornadus|move: Taunt\n|-sideend|p2: Imnotagni|move: Tailwind\n|upkeep\n|\n|t:|1738208178\n|switch|p1b: Duncan|Calyrex-Shadow, L50|100\/100\n|-ability|p1b: Duncan|As One\n|-ability|p1b: Duncan|Unnerve\n|turn|5\n|\n|t:|1738208183\n|move|p2a: Tornadus|Protect|p2a: Tornadus\n|-singleturn|p2a: Tornadus|Protect\n|move|p1b: Duncan|Astral Barrage|p2b: Kyogre|[spread] p2b\n|-activate|p2a: Tornadus|move: Protect\n|-damage|p2b: Kyogre|34\/100\n|-damage|p1b: Duncan|91\/100|[from] item: Life Orb\n|move|p2b: Kyogre|Origin Pulse|p1b: Duncan|[spread] p1a,p1b\n|-damage|p1a: Mr. Gassy|0 fnt\n|-damage|p1b: Duncan|29\/100\n|faint|p1a: Mr. Gassy\n|-end|p1a: Mr. Gassy|ability: Neutralizing Gas\n|-weather|RainDance|[from] ability: Drizzle|[of] p2b: Kyogre\n|\n|-weather|RainDance|[upkeep]\n|upkeep\n|turn|6\n|j| ThanksATinkaTon\n|\n|t:|1738208187\n|move|p2a: Tornadus|Tailwind|p2a: Tornadus\n|-sidestart|p2: Imnotagni|move: Tailwind\n|move|p2b: Kyogre|Origin Pulse|p1b: Duncan\n|-damage|p1b: Duncan|0 fnt\n|faint|p1b: Duncan\n|\n|win|Imnotagni\n|raw|infinitygroudon's rating: 1552 &rarr; <strong>1534<\/strong><br \/>(-18 for losing)\n|raw|Imnotagni's rating: 1595 &rarr; <strong>1613<\/strong><br \/>(+18 for winning)\n|l|\u2606infinitygroudon\n|player|p1|\n|l| ThanksATinkaTon\n|l|\u2606Imnotagni\n|player|p2|\n|l| Hvaceverything\n","uploadtime":1738208370,"views":10,"formatid":"gen9vgc2025regg","rating":1534,"private":0,"password":null}