{"id":"gen9vgc2025regg-2290462235","format":"[Gen 9] VGC 2025 Reg G","players":["bluestraggler01","give-upVGC"],"log":"|j|\u2606bluestraggler01\n|j|\u2606give-upVGC\n|t:|1738155899\n|gametype|doubles\n|player|p1|bluestraggler01|170|1622\n|player|p2|give-upVGC|1|1562\n|teamsize|p1|6\n|teamsize|p2|6\n|gen|9\n|tier|[Gen 9] VGC 2025 Reg G\n|rated|\n|rule|Species Clause: Limit one of each Pok\u00e9mon\n|rule|Item Clause: Limit 1 of each item\n|clearpoke\n|poke|p1|Koraidon, L50|\n|poke|p1|Flutter Mane, L50|\n|poke|p1|Umbreon, L50, F|\n|poke|p1|Armarouge, L50, F|\n|poke|p1|Ogerpon-Cornerstone, L50, F|\n|poke|p1|Raging Bolt, L50|\n|poke|p2|Ogerpon-Hearthflame, L50, F|\n|poke|p2|Roaring Moon, L50|\n|poke|p2|Calyrex-Ice, L50|\n|poke|p2|Landorus, L50, M|\n|poke|p2|Urshifu-*, L50, M|\n|poke|p2|Smeargle, L50, F|\n|teampreview|4\n|\n|t:|1738155939\n|start\n|switch|p1a: Flutter Mane|Flutter Mane, L50|100\/100\n|switch|p1b: Koraidon|Koraidon, L50|100\/100\n|switch|p2a: Roaring Moon|Roaring Moon, L50|100\/100\n|switch|p2b: Calyrex|Calyrex-Ice, L50|100\/100\n|-ability|p2b: Calyrex|As One\n|-ability|p2b: Calyrex|Unnerve\n|-weather|SunnyDay|[from] ability: Orichalcum Pulse|[of] p1b: Koraidon\n|-activate|p1a: Flutter Mane|ability: Protosynthesis\n|-start|p1a: Flutter Mane|protosynthesisspe\n|-activate|p2a: Roaring Moon|ability: Protosynthesis\n|-start|p2a: Roaring Moon|protosynthesisspe\n|-activate|p1b: Koraidon|Orichalcum Pulse|[source]\n|turn|1\n|\n|t:|1738155969\n|-end|p2a: Roaring Moon|Protosynthesis|[silent]\n|switch|p2a: Ogerpon|Ogerpon-Hearthflame, L50, F|100\/100\n|-ability|p2a: Ogerpon|Mold Breaker\n|-terastallize|p1b: Koraidon|Fire\n|-terastallize|p2b: Calyrex|Water\n|move|p1a: Flutter Mane|Icy Wind|p2a: Ogerpon|[spread] p2a,p2b\n|-resisted|p2b: Calyrex\n|-damage|p2a: Ogerpon|85\/100\n|-damage|p2b: Calyrex|96\/100\n|-unboost|p2a: Ogerpon|spe|1\n|-unboost|p2b: Calyrex|spe|1\n|move|p1b: Koraidon|Flame Charge|p2a: Ogerpon\n|-damage|p2a: Ogerpon|32\/100\n|-boost|p1b: Koraidon|spe|1\n|move|p2b: Calyrex|Trick Room|p2b: Calyrex\n|-fieldstart|move: Trick Room|[of] p2b: Calyrex\n|\n|-weather|SunnyDay|[upkeep]\n|upkeep\n|turn|2\n|\n|t:|1738155997\n|-end|p1a: Flutter Mane|Protosynthesis|[silent]\n|switch|p1a: Armarouge|Armarouge, L50, F|100\/100\n|move|p2a: Ogerpon|Spiky Shield|p2a: Ogerpon\n|-singleturn|p2a: Ogerpon|move: Protect\n|move|p2b: Calyrex|Glacial Lance|p1b: Koraidon|[spread] p1a,p1b\n|-resisted|p1a: Armarouge\n|-resisted|p1b: Koraidon\n|-damage|p1a: Armarouge|75\/100\n|-damage|p1b: Koraidon|79\/100\n|move|p1b: Koraidon|Drain Punch|p2b: Calyrex\n|-damage|p2b: Calyrex|62\/100\n|-heal|p1b: Koraidon|97\/100|[from] drain|[of] p2b: Calyrex\n|\n|-weather|SunnyDay|[upkeep]\n|upkeep\n|turn|3\n|\n|t:|1738156039\n|move|p2a: Ogerpon|Follow Me|p2a: Ogerpon\n|-singleturn|p2a: Ogerpon|move: Follow Me\n|move|p2b: Calyrex|High Horsepower|p1a: Armarouge\n|-supereffective|p1a: Armarouge\n|-damage|p1a: Armarouge|0 fnt\n|faint|p1a: Armarouge\n|-ability|p2b: Calyrex|Chilling Neigh|boost\n|-boost|p2b: Calyrex|atk|1\n|move|p1b: Koraidon|Collision Course|p2a: Ogerpon\n|-damage|p2a: Ogerpon|0 fnt\n|faint|p2a: Ogerpon\n|\n|-weather|SunnyDay|[upkeep]\n|upkeep\n|\n|t:|1738156052\n|switch|p1a: Umbreon|Umbreon, L50, F|100\/100\n|switch|p2a: Landorus|Landorus, L50, M|100\/100\n|turn|4\n|\n|t:|1738156068\n|move|p2b: Calyrex|Protect|p2b: Calyrex\n|-singleturn|p2b: Calyrex|Protect\n|move|p1a: Umbreon|Foul Play|p2b: Calyrex\n|-activate|p2b: Calyrex|move: Protect\n|move|p2a: Landorus|Earth Power|p1b: Koraidon\n|-supereffective|p1b: Koraidon\n|-damage|p1b: Koraidon|6\/100\n|move|p1b: Koraidon|Drain Punch|p2b: Calyrex\n|-activate|p2b: Calyrex|move: Protect\n|\n|-weather|SunnyDay|[upkeep]\n|upkeep\n|turn|5\n|\n|t:|1738156087\n|switch|p2b: Roaring Moon|Roaring Moon, L50|100\/100\n|-activate|p2b: Roaring Moon|ability: Protosynthesis\n|-start|p2b: Roaring Moon|protosynthesisspe\n|switch|p1b: Flutter Mane|Flutter Mane, L50|100\/100\n|-activate|p1b: Flutter Mane|ability: Protosynthesis\n|-start|p1b: Flutter Mane|protosynthesisspe\n|move|p1a: Umbreon|Protect|p1a: Umbreon\n|-singleturn|p1a: Umbreon|Protect\n|move|p2a: Landorus|Sandsear Storm|p1a: Umbreon|[spread] p1b\n|-activate|p1a: Umbreon|move: Protect\n|-damage|p1b: Flutter Mane|37\/100\n|\n|-weather|none\n|-end|p2b: Roaring Moon|Protosynthesis\n|-end|p1b: Flutter Mane|Protosynthesis\n|-fieldend|move: Trick Room\n|upkeep\n|-enditem|p2b: Roaring Moon|Booster Energy\n|-activate|p2b: Roaring Moon|ability: Protosynthesis|[fromitem]\n|-start|p2b: Roaring Moon|protosynthesisspe\n|turn|6\n|\n|t:|1738156117\n|switch|p1a: Koraidon|Koraidon, L50, tera:Fire|6\/100\n|-weather|SunnyDay|[from] ability: Orichalcum Pulse|[of] p1a: Koraidon\n|-activate|p1b: Flutter Mane|ability: Protosynthesis\n|-start|p1b: Flutter Mane|protosynthesisspe\n|-activate|p1a: Koraidon|Orichalcum Pulse|[source]\n|move|p1b: Flutter Mane|Dazzling Gleam|p2b: Roaring Moon|[spread] p2a,p2b\n|-supereffective|p2b: Roaring Moon\n|-damage|p2a: Landorus|63\/100\n|-damage|p2b: Roaring Moon|0 fnt\n|faint|p2b: Roaring Moon\n|-end|p2b: Roaring Moon|Protosynthesis|[silent]\n|move|p2a: Landorus|Sandsear Storm|p1b: Flutter Mane|[spread] p1a,p1b\n|-supereffective|p1a: Koraidon\n|-damage|p1a: Koraidon|0 fnt\n|-damage|p1b: Flutter Mane|0 fnt\n|faint|p1a: Koraidon\n|faint|p1b: Flutter Mane\n|-end|p1b: Flutter Mane|Protosynthesis|[silent]\n|\n|-weather|SunnyDay|[upkeep]\n|upkeep\n|-message|bluestraggler01 forfeited.\n|\n|win|give-upVGC\n|raw|bluestraggler01's rating: 1622 &rarr; <strong>1599<\/strong><br \/>(-23 for losing)\n|raw|give-upVGC's rating: 1562 &rarr; <strong>1585<\/strong><br \/>(+23 for winning)\n|l|\u2606bluestraggler01\n|player|p1|\n|l|\u2606give-upVGC\n|player|p2|\n","uploadtime":1738156313,"views":11,"formatid":"gen9vgc2025regg","rating":1585,"private":0,"password":null}