{"id":"gen9vgc2025regg-2290973134","format":"[Gen 9] VGC 2025 Reg G","players":["Imnotagni","ChaosTenma"],"log":"|j|\u2606Imnotagni\n|j|\u2606ChaosTenma\n|t:|1738213755\n|gametype|doubles\n|player|p1|Imnotagni|policeman-gen4|1656\n|player|p2|ChaosTenma|red|1639\n|teamsize|p1|6\n|teamsize|p2|6\n|gen|9\n|tier|[Gen 9] VGC 2025 Reg G\n|rated|\n|rule|Species Clause: Limit one of each Pok\u00e9mon\n|rule|Item Clause: Limit 1 of each item\n|clearpoke\n|poke|p1|Tornadus, L50, M|\n|poke|p1|Chien-Pao, L50|\n|poke|p1|Urshifu-*, L50, M|\n|poke|p1|Tsareena, L50, F|\n|poke|p1|Kyogre, L50|\n|poke|p1|Gholdengo, L50|\n|poke|p2|Pelipper, L50, M|\n|poke|p2|Landorus, L50, M|\n|poke|p2|Rillaboom, L50, M|\n|poke|p2|Zamazenta-*, L50|\n|poke|p2|Flutter Mane, L50|\n|poke|p2|Chien-Pao, L50|\n|teampreview|4\n|inactive|Battle timer is ON: inactive players will automatically lose when time's up. (requested by Imnotagni)\n|inactive|ChaosTenma has 60 seconds left.\n|\n|t:|1738213797\n|start\n|switch|p1a: Tornadus|Tornadus, L50, M|100\/100\n|switch|p1b: Urshifu|Urshifu-Rapid-Strike, L50, M|100\/100\n|switch|p2a: Chien-Pao|Chien-Pao, L50|100\/100\n|switch|p2b: Rillaboom|Rillaboom, L50, M|100\/100\n|-ability|p2a: Chien-Pao|Sword of Ruin\n|-fieldstart|move: Grassy Terrain|[from] ability: Grassy Surge|[of] p2b: Rillaboom\n|turn|1\n|j| Pokuchu3\n|\n|t:|1738213820\n|-terastallize|p1b: Urshifu|Grass\n|move|p1a: Tornadus|Tailwind|p1a: Tornadus\n|-sidestart|p1: Imnotagni|move: Tailwind\n|move|p1b: Urshifu|Surging Strikes|p2a: Chien-Pao\n|-crit|p2a: Chien-Pao\n|-damage|p2a: Chien-Pao|71\/100\n|-crit|p2a: Chien-Pao\n|-damage|p2a: Chien-Pao|44\/100\n|-crit|p2a: Chien-Pao\n|-damage|p2a: Chien-Pao|13\/100\n|-hitcount|p2a: Chien-Pao|3\n|move|p2a: Chien-Pao|Ice Spinner|p1a: Tornadus\n|-supereffective|p1a: Tornadus\n|-damage|p1a: Tornadus|0 fnt\n|-fieldend|move: Grassy Terrain\n|faint|p1a: Tornadus\n|move|p2b: Rillaboom|Wood Hammer|p1b: Urshifu\n|-resisted|p1b: Urshifu\n|-damage|p1b: Urshifu|61\/100\n|-damage|p2b: Rillaboom|89\/100|[from] Recoil\n|\n|upkeep\n|\n|t:|1738213840\n|switch|p1a: Kyogre|Kyogre, L50, shiny|100\/100\n|-weather|RainDance|[from] ability: Drizzle|[of] p1a: Kyogre\n|turn|2\n|\n|t:|1738213854\n|switch|p2a: Pelipper|Pelipper, L50, M|100\/100\n|move|p1b: Urshifu|Surging Strikes|p2b: Rillaboom\n|-resisted|p2b: Rillaboom\n|-crit|p2b: Rillaboom\n|-damage|p2b: Rillaboom|75\/100\n|-resisted|p2b: Rillaboom\n|-crit|p2b: Rillaboom\n|-damage|p2b: Rillaboom|61\/100\n|-resisted|p2b: Rillaboom\n|-crit|p2b: Rillaboom\n|-damage|p2b: Rillaboom|48\/100\n|-hitcount|p2b: Rillaboom|3\n|move|p1a: Kyogre|Water Spout|p2b: Rillaboom|[spread] p2a,p2b\n|-resisted|p2a: Pelipper\n|-resisted|p2b: Rillaboom\n|-damage|p2a: Pelipper|24\/100\n|-damage|p2b: Rillaboom|0 fnt\n|faint|p2b: Rillaboom\n|\n|-weather|RainDance|[upkeep]\n|upkeep\n|\n|t:|1738213872\n|switch|p2b: Zamazenta|Zamazenta-Crowned, L50, shiny|100\/100\n|-ability|p2b: Zamazenta|Dauntless Shield|boost\n|-boost|p2b: Zamazenta|def|1\n|turn|3\n|\n|t:|1738213891\n|-terastallize|p2b: Zamazenta|Dragon\n|move|p1b: Urshifu|Surging Strikes|p2b: Zamazenta\n|-resisted|p2b: Zamazenta\n|-crit|p2b: Zamazenta\n|-damage|p2b: Zamazenta|90\/100\n|-resisted|p2b: Zamazenta\n|-crit|p2b: Zamazenta\n|-damage|p2b: Zamazenta|81\/100\n|-resisted|p2b: Zamazenta\n|-crit|p2b: Zamazenta\n|-damage|p2b: Zamazenta|71\/100\n|-hitcount|p2b: Zamazenta|3\n|move|p1a: Kyogre|Ice Beam|p2a: Pelipper\n|-damage|p2a: Pelipper|0 fnt\n|faint|p2a: Pelipper\n|move|p2b: Zamazenta|Body Press|p1a: Kyogre\n|-damage|p1a: Kyogre|25\/100\n|\n|-weather|RainDance|[upkeep]\n|upkeep\n|\n|t:|1738213908\n|switch|p2a: Chien-Pao|Chien-Pao, L50|13\/100\n|-ability|p2a: Chien-Pao|Sword of Ruin\n|turn|4\n|\n|t:|1738213922\n|move|p2a: Chien-Pao|Sucker Punch|p1b: Urshifu\n|-damage|p1b: Urshifu|8\/100\n|move|p1b: Urshifu|Surging Strikes|p2a: Chien-Pao\n|-crit|p2a: Chien-Pao\n|-damage|p2a: Chien-Pao|0 fnt\n|faint|p2a: Chien-Pao\n|-hitcount|p2: Chien-Pao|1\n|move|p1a: Kyogre|Ice Beam|p2b: Zamazenta\n|-supereffective|p2b: Zamazenta\n|-damage|p2b: Zamazenta|21\/100\n|move|p2b: Zamazenta|Body Press|p1a: Kyogre\n|-damage|p1a: Kyogre|0 fnt\n|faint|p1a: Kyogre\n|\n|-weather|RainDance|[upkeep]\n|-sideend|p1: Imnotagni|move: Tailwind\n|upkeep\n|\n|t:|1738213927\n|switch|p1a: Gholdengo|Gholdengo, L50|100\/100\n|turn|5\n|\n|t:|1738213942\n|move|p1b: Urshifu|Surging Strikes|p2b: Zamazenta\n|-resisted|p2b: Zamazenta\n|-crit|p2b: Zamazenta\n|-damage|p2b: Zamazenta|12\/100\n|-resisted|p2b: Zamazenta\n|-crit|p2b: Zamazenta\n|-damage|p2b: Zamazenta|3\/100\n|-resisted|p2b: Zamazenta\n|-crit|p2b: Zamazenta\n|-damage|p2b: Zamazenta|0 fnt\n|faint|p2b: Zamazenta\n|-hitcount|p2: Zamazenta|3\n|\n|win|Imnotagni\n|raw|Imnotagni's rating: 1656 &rarr; <strong>1675<\/strong><br \/>(+19 for winning)\n|raw|ChaosTenma's rating: 1639 &rarr; <strong>1620<\/strong><br \/>(-19 for losing)\n|l|\u2606Imnotagni\n|player|p1|\n|l|\u2606ChaosTenma\n|player|p2|\n","uploadtime":1738214198,"views":18,"formatid":"gen9vgc2025regg","rating":1620,"private":0,"password":null}