{"id":"gen9vgc2025regg-2290831816","format":"[Gen 9] VGC 2025 Reg G","players":["907vgc","grovyleuwu"],"log":"|j|\u2606907vgc\n|j|\u2606grovyleuwu\n|t:|1738194516\n|gametype|doubles\n|player|p1|907vgc|palmer|1579\n|player|p2|grovyleuwu|dawn|1574\n|teamsize|p1|6\n|teamsize|p2|6\n|gen|9\n|tier|[Gen 9] VGC 2025 Reg G\n|rated|\n|rule|Species Clause: Limit one of each Pok\u00e9mon\n|rule|Item Clause: Limit 1 of each item\n|clearpoke\n|poke|p1|Calyrex-Shadow, L50|\n|poke|p1|Indeedee-F, L50, F|\n|poke|p1|Chi-Yu, L50|\n|poke|p1|Tornadus, L50, M|\n|poke|p1|Urshifu-*, L50, M|\n|poke|p1|Ogerpon-Cornerstone, L50, F|\n|poke|p2|Terapagos, L50, M|\n|poke|p2|Incineroar, L50, F|\n|poke|p2|Flutter Mane, L50|\n|poke|p2|Urshifu-*, L50, M|\n|poke|p2|Amoonguss, L50, F|\n|poke|p2|Ditto, L50|\n|teampreview|4\n|inactive|Battle timer is ON: inactive players will automatically lose when time's up. (requested by grovyleuwu)\n|j| JB Fightemup\n|j| caZISA\n|inactive|907vgc has 60 seconds left.\n|\n|t:|1738194554\n|start\n|switch|p1a: Tornadus|Tornadus, L50, M|100\/100\n|switch|p1b: Urshifu|Urshifu-Rapid-Strike, L50, M|100\/100\n|switch|p2a: Incineroar|Incineroar, L50, F|100\/100\n|switch|p2b: Terapagos|Terapagos, L50, M|100\/100\n|-activate|p2b: Terapagos|ability: Tera Shift\n|detailschange|p2b: Terapagos|Terapagos-Terastal, L50, M\n|-heal|p2b: Terapagos|100\/100|[silent]\n|-ability|p2a: Incineroar|Intimidate|boost\n|-unboost|p1a: Tornadus|atk|1\n|-unboost|p1b: Urshifu|atk|1\n|turn|1\n|\n|t:|1738194575\n|move|p2a: Incineroar|Fake Out|p1b: Urshifu\n|-damage|p1b: Urshifu|91\/100\n|move|p1a: Tornadus|Icy Wind|p2a: Incineroar|[spread] p2a,p2b\n|-resisted|p2a: Incineroar\n|-activate|p2b: Terapagos|ability: Tera Shell\n|-resisted|p2b: Terapagos\n|-damage|p2a: Incineroar|94\/100\n|-damage|p2b: Terapagos|95\/100\n|-unboost|p2b: Terapagos|spe|1\n|cant|p1b: Urshifu|flinch\n|move|p2b: Terapagos|Calm Mind|p2b: Terapagos\n|-boost|p2b: Terapagos|spa|1\n|-boost|p2b: Terapagos|spd|1\n|\n|upkeep\n|turn|2\n|inactive|907vgc has 30 seconds left.\n|\n|t:|1738194600\n|-terastallize|p2b: Terapagos|Stellar\n|detailschange|p2b: Terapagos|Terapagos-Stellar, L50, M, tera:Stellar\n|-heal|p2b: Terapagos|97\/100|[silent]\n|move|p1a: Tornadus|Bleakwind Storm|p2a: Incineroar|[spread] p2a\n|-miss|p1a: Tornadus|p2b: Terapagos\n|-damage|p2a: Incineroar|59\/100\n|move|p1b: Urshifu|Surging Strikes|p2a: Incineroar\n|-supereffective|p2a: Incineroar\n|-crit|p2a: Incineroar\n|-damage|p2a: Incineroar|19\/100\n|-supereffective|p2a: Incineroar\n|-crit|p2a: Incineroar\n|-damage|p2a: Incineroar|0 fnt\n|faint|p2a: Incineroar\n|-hitcount|p2: Incineroar|2\n|move|p2b: Terapagos|Tera Starstorm|p1a: Tornadus|[spread] p1a,p1b\n|-damage|p1a: Tornadus|47\/100\n|-damage|p1b: Urshifu|35\/100\n|\n|upkeep\n|\n|t:|1738194618\n|switch|p2a: Urshifu|Urshifu, L50, M|100\/100\n|turn|3\n|inactive|907vgc has 30 seconds left.\n|inactive|907vgc has 20 seconds left.\n|\n|t:|1738194653\n|switch|p1b: Indeedee|Indeedee-F, L50, F, shiny|100\/100\n|-fieldstart|move: Psychic Terrain|[from] ability: Psychic Surge|[of] p1b: Indeedee\n|move|p2a: Urshifu|Sucker Punch||[still]\n|-fail|p2a: Urshifu\n|move|p1a: Tornadus|Bleakwind Storm|p2b: Terapagos|[spread] p2a,p2b\n|-supereffective|p2a: Urshifu\n|-damage|p2a: Urshifu|15\/100\n|-damage|p2b: Terapagos|80\/100\n|-unboost|p2b: Terapagos|spe|1\n|move|p2b: Terapagos|Tera Starstorm|p1a: Tornadus|[spread] p1a,p1b\n|-damage|p1a: Tornadus|0 fnt\n|-damage|p1b: Indeedee|53\/100\n|faint|p1a: Tornadus\n|\n|upkeep\n|\n|t:|1738194666\n|switch|p1a: Urshifu|Urshifu-Rapid-Strike, L50, M|35\/100\n|turn|4\n|inactive|grovyleuwu has 30 seconds left.\n|\n|t:|1738194698\n|switch|p2a: Ditto|Ditto, L50|100\/100\n|-transform|p2a: Ditto|p1b: Indeedee|[from] ability: Imposter\n|move|p1b: Indeedee|Follow Me|p1b: Indeedee\n|-singleturn|p1b: Indeedee|move: Follow Me\n|move|p1a: Urshifu|Close Combat|p2b: Terapagos\n|-supereffective|p2b: Terapagos\n|-damage|p2b: Terapagos|0 fnt\n|-unboost|p1a: Urshifu|def|1\n|-unboost|p1a: Urshifu|spd|1\n|faint|p2b: Terapagos\n|\n|upkeep\n|l| caZISA\n|\n|t:|1738194709\n|switch|p2b: Urshifu|Urshifu, L50, M|15\/100\n|turn|5\n|\n|t:|1738194719\n|move|p1b: Indeedee|Follow Me|p1b: Indeedee\n|-singleturn|p1b: Indeedee|move: Follow Me\n|move|p2b: Urshifu|Wicked Blow|p1b: Indeedee\n|-supereffective|p1b: Indeedee\n|-crit|p1b: Indeedee\n|-damage|p1b: Indeedee|0 fnt\n|faint|p1b: Indeedee\n|move|p1a: Urshifu|Close Combat|p2b: Urshifu\n|-supereffective|p2b: Urshifu\n|-damage|p2b: Urshifu|0 fnt\n|-unboost|p1a: Urshifu|def|1\n|-unboost|p1a: Urshifu|spd|1\n|faint|p2b: Urshifu\n|move|p2a: Ditto|Alluring Voice|p1a: Urshifu\n|-supereffective|p1a: Urshifu\n|-damage|p1a: Urshifu|0 fnt\n|faint|p1a: Urshifu\n|\n|upkeep\n|\n|t:|1738194727\n|switch|p1b: Calyrex|Calyrex-Shadow, L50|100\/100\n|-ability|p1b: Calyrex|As One\n|-ability|p1b: Calyrex|Unnerve\n|turn|6\n|\n|t:|1738194740\n|-terastallize|p1b: Calyrex|Stellar\n|move|p1b: Calyrex|Expanding Force|p2a: Ditto\n|-resisted|p2a: Ditto\n|-damage|p2a: Ditto|28\/100\n|move|p2a: Ditto|Alluring Voice|p1b: Calyrex\n|-damage|p1b: Calyrex|82\/100\n|\n|upkeep\n|turn|7\n|-message|grovyleuwu forfeited.\n|\n|win|907vgc\n|raw|907vgc's rating: 1565 &rarr; <strong>1586<\/strong><br \/>(+21 for winning)\n|raw|grovyleuwu's rating: 1574 &rarr; <strong>1553<\/strong><br \/>(-21 for losing)\n|l|\u2606grovyleuwu\n|player|p2|\n|l| JB Fightemup\n|l|\u2606907vgc\n|player|p1|\n","uploadtime":1738194909,"views":12,"formatid":"gen9vgc2025regg","rating":1553,"private":0,"password":null}