{"id":"gen9vgc2025regg-2290939595","format":"[Gen 9] VGC 2025 Reg G","players":["madgiraffe","squiddiam"],"log":"|j|\u2606madgiraffe\n|j|\u2606squiddiam\n|t:|1738208719\n|gametype|doubles\n|player|p1|madgiraffe|101|1567\n|player|p2|squiddiam|pokemonranger-gen4|1584\n|teamsize|p1|6\n|teamsize|p2|6\n|gen|9\n|tier|[Gen 9] VGC 2025 Reg G\n|rated|\n|rule|Species Clause: Limit one of each Pok\u00e9mon\n|rule|Item Clause: Limit 1 of each item\n|clearpoke\n|poke|p1|Miraidon, L50|\n|poke|p1|Landorus, L50, M|\n|poke|p1|Iron Jugulis, L50|\n|poke|p1|Electivire, L50, F|\n|poke|p1|Urshifu-*, L50, M|\n|poke|p1|Chien-Pao, L50|\n|poke|p2|Zamazenta-*, L50|\n|poke|p2|Chi-Yu, L50|\n|poke|p2|Urshifu-*, L50, M|\n|poke|p2|Flutter Mane, L50|\n|poke|p2|Chien-Pao, L50|\n|poke|p2|Amoonguss, L50, M|\n|teampreview|4\n|inactive|Battle timer is ON: inactive players will automatically lose when time's up. (requested by madgiraffe)\n|\n|t:|1738208746\n|start\n|switch|p1a: Miraidon|Miraidon, L50|100\/100\n|switch|p1b: Electivire|Electivire, L50, F|100\/100\n|switch|p2a: Flutter Mane|Flutter Mane, L50|100\/100\n|switch|p2b: Chi-Yu|Chi-Yu, L50|100\/100\n|-fieldstart|move: Electric Terrain|[from] ability: Hadron Engine|[of] p1a: Miraidon\n|-enditem|p1b: Electivire|Electric Seed\n|-boost|p1b: Electivire|def|1|[from] item: Electric Seed\n|-ability|p2b: Chi-Yu|Beads of Ruin\n|-enditem|p2a: Flutter Mane|Booster Energy\n|-activate|p2a: Flutter Mane|ability: Protosynthesis|[fromitem]\n|-start|p2a: Flutter Mane|protosynthesisspe\n|turn|1\n|\n|t:|1738208761\n|-terastallize|p1a: Miraidon|Electric\n|move|p2a: Flutter Mane|Icy Wind|p1a: Miraidon|[spread] p1a,p1b\n|-damage|p1a: Miraidon|85\/100\n|-damage|p1b: Electivire|81\/100\n|-unboost|p1a: Miraidon|spe|1\n|-unboost|p1b: Electivire|spe|1\n|move|p2b: Chi-Yu|Snarl|p1b: Electivire|[spread] p1a,p1b\n|-damage|p1a: Miraidon|58\/100\n|-damage|p1b: Electivire|48\/100\n|-unboost|p1a: Miraidon|spa|1\n|-unboost|p1b: Electivire|spa|1\n|move|p1a: Miraidon|Discharge|p2b: Chi-Yu|[spread] p2a,p2b\n|-ability|p1b: Electivire|Motor Drive|boost\n|-boost|p1b: Electivire|spe|1\n|-damage|p2a: Flutter Mane|38\/100\n|-damage|p2b: Chi-Yu|45\/100\n|move|p1b: Electivire|Wild Charge|p2b: Chi-Yu\n|-damage|p2b: Chi-Yu|0 fnt\n|faint|p2b: Chi-Yu\n|-damage|p1b: Electivire|38\/100|[from] Recoil\n|\n|upkeep\n|\n|t:|1738208779\n|switch|p2b: Chien-Pao|Chien-Pao, L50|100\/100\n|-ability|p2b: Chien-Pao|Sword of Ruin\n|turn|2\n|\n|t:|1738208784\n|move|p1b: Electivire|Follow Me|p1b: Electivire\n|-singleturn|p1b: Electivire|move: Follow Me\n|move|p2a: Flutter Mane|Icy Wind|p1b: Electivire|[spread] p1a,p1b\n|-damage|p1a: Miraidon|48\/100\n|-damage|p1b: Electivire|23\/100\n|-unboost|p1a: Miraidon|spe|1\n|-unboost|p1b: Electivire|spe|1\n|move|p2b: Chien-Pao|Ice Spinner|p1b: Electivire\n|-damage|p1b: Electivire|0 fnt\n|-fieldend|move: Electric Terrain\n|faint|p1b: Electivire\n|move|p1a: Miraidon|Discharge|p2a: Flutter Mane|[spread] p2a,p2b\n|-crit|p2a: Flutter Mane\n|-damage|p2a: Flutter Mane|0 fnt\n|-damage|p2b: Chien-Pao|46\/100\n|-status|p2b: Chien-Pao|par\n|faint|p2a: Flutter Mane\n|-end|p2a: Flutter Mane|Protosynthesis|[silent]\n|\n|upkeep\n|\n|t:|1738208790\n|switch|p2a: Zamazenta|Zamazenta-Crowned, L50|100\/100\n|switch|p1b: Landorus|Landorus, L50, M|100\/100\n|-ability|p2a: Zamazenta|Dauntless Shield|boost\n|-boost|p2a: Zamazenta|def|1\n|turn|3\n|\n|t:|1738208806\n|switch|p1a: Chien-Pao|Chien-Pao, L50|100\/100\n|-ability|p1a: Chien-Pao|Sword of Ruin\n|-terastallize|p2a: Zamazenta|Dragon\n|move|p2b: Chien-Pao|Sucker Punch||[still]\n|-fail|p2b: Chien-Pao\n|move|p2a: Zamazenta|Heavy Slam|p1b: Landorus\n|-damage|p1b: Landorus|33\/100\n|move|p1b: Landorus|Earth Power|p2b: Chien-Pao\n|-damage|p2b: Chien-Pao|0 fnt\n|faint|p2b: Chien-Pao\n|\n|upkeep\n|turn|4\n|\n|t:|1738208814\n|move|p1a: Chien-Pao|Icicle Crash|p2a: Zamazenta\n|-supereffective|p2a: Zamazenta\n|-damage|p2a: Zamazenta|54\/100\n|move|p2a: Zamazenta|Heavy Slam|p1b: Landorus\n|-damage|p1b: Landorus|0 fnt\n|faint|p1b: Landorus\n|\n|upkeep\n|\n|t:|1738208817\n|switch|p1b: Miraidon|Miraidon, L50, tera:Electric|48\/100\n|-fieldstart|move: Electric Terrain|[from] ability: Hadron Engine|[of] p1b: Miraidon\n|turn|5\n|\n|t:|1738208827\n|move|p2a: Zamazenta|Protect|p2a: Zamazenta\n|-singleturn|p2a: Zamazenta|Protect\n|move|p1b: Miraidon|Draco Meteor|p2a: Zamazenta\n|-activate|p2a: Zamazenta|move: Protect\n|move|p1a: Chien-Pao|Icicle Crash|p2a: Zamazenta\n|-activate|p2a: Zamazenta|move: Protect\n|\n|upkeep\n|turn|6\n|\n|t:|1738208832\n|move|p1b: Miraidon|Draco Meteor|p2a: Zamazenta\n|-supereffective|p2a: Zamazenta\n|-damage|p2a: Zamazenta|0 fnt\n|-unboost|p1b: Miraidon|spa|2\n|faint|p2a: Zamazenta\n|\n|win|madgiraffe\n|raw|madgiraffe's rating: 1567 &rarr; <strong>1588<\/strong><br \/>(+21 for winning)\n|raw|squiddiam's rating: 1584 &rarr; <strong>1563<\/strong><br \/>(-21 for losing)\n|l|\u2606squiddiam\n|player|p2|\n|l|\u2606madgiraffe\n|player|p1|\n","uploadtime":1738209063,"views":17,"formatid":"gen9vgc2025regg","rating":1563,"private":0,"password":null}