{"id":"gen9vgc2025regg-2290394955","format":"[Gen 9] VGC 2025 Reg G","players":["Admj8pgx'phj","bluestraggler01"],"log":"|j|\u2606Admj8pgx'phj\n|j|\u2606bluestraggler01\n|t:|1738145272\n|gametype|doubles\n|player|p1|Admj8pgx'phj|1|1550\n|player|p2|bluestraggler01|170|1571\n|teamsize|p1|5\n|teamsize|p2|6\n|gen|9\n|tier|[Gen 9] VGC 2025 Reg G\n|rated|\n|rule|Species Clause: Limit one of each Pok\u00e9mon\n|rule|Item Clause: Limit 1 of each item\n|clearpoke\n|poke|p1|Calyrex-Ice, L50|\n|poke|p1|Urshifu-*, L50, F|\n|poke|p1|Electabuzz, L50, F|\n|poke|p1|Pelipper, L50, M|\n|poke|p1|Flutter Mane, L50|\n|poke|p2|Koraidon, L50|\n|poke|p2|Flutter Mane, L50|\n|poke|p2|Umbreon, L50, F|\n|poke|p2|Armarouge, L50, F|\n|poke|p2|Ogerpon-Cornerstone, L50, F|\n|poke|p2|Raging Bolt, L50|\n|teampreview|4\n|\n|t:|1738145302\n|start\n|switch|p1a: Electabuzz|Electabuzz, L50, F|100\/100\n|switch|p1b: Calyrex|Calyrex-Ice, L50|100\/100\n|switch|p2a: Ogerpon|Ogerpon-Cornerstone, L50, F|100\/100\n|switch|p2b: Umbreon|Umbreon, L50, F|100\/100\n|-ability|p1b: Calyrex|As One\n|-ability|p1b: Calyrex|Unnerve\n|turn|1\n|\n|t:|1738145327\n|move|p2a: Ogerpon|Spiky Shield|p2a: Ogerpon\n|-singleturn|p2a: Ogerpon|move: Protect\n|move|p1a: Electabuzz|Follow Me|p1a: Electabuzz\n|-singleturn|p1a: Electabuzz|move: Follow Me\n|move|p1b: Calyrex|Glacial Lance|p2a: Ogerpon|[spread] p2b\n|-activate|p2a: Ogerpon|move: Protect\n|-damage|p2b: Umbreon|62\/100\n|move|p2b: Umbreon|Taunt|p1a: Electabuzz\n|-start|p1a: Electabuzz|move: Taunt\n|\n|-heal|p2b: Umbreon|68\/100|[from] item: Leftovers\n|upkeep\n|turn|2\n|\n|t:|1738145341\n|-terastallize|p1b: Calyrex|Grass\n|move|p2a: Ogerpon|Ivy Cudgel|p1b: Calyrex|[anim] Ivy Cudgel Rock\n|-damage|p1b: Calyrex|61\/100\n|move|p1a: Electabuzz|Electroweb|p2b: Umbreon|[spread] p2a,p2b\n|-resisted|p2a: Ogerpon\n|-damage|p2a: Ogerpon|92\/100\n|-damage|p2b: Umbreon|58\/100\n|-unboost|p2a: Ogerpon|spe|1\n|-unboost|p2b: Umbreon|spe|1\n|move|p1b: Calyrex|Glacial Lance|p2b: Umbreon|[spread] p2a,p2b\n|-supereffective|p2a: Ogerpon\n|-crit|p2a: Ogerpon\n|-damage|p2a: Ogerpon|0 fnt\n|-damage|p2b: Umbreon|21\/100\n|faint|p2a: Ogerpon\n|-ability|p1b: Calyrex|Chilling Neigh|boost\n|-boost|p1b: Calyrex|atk|1\n|move|p2b: Umbreon|Yawn|p1a: Electabuzz\n|-immune|p1a: Electabuzz|[from] ability: Vital Spirit\n|\n|-heal|p2b: Umbreon|27\/100|[from] item: Leftovers\n|upkeep\n|\n|t:|1738145353\n|switch|p2a: Armarouge|Armarouge, L50, F|100\/100\n|turn|3\n|\n|t:|1738145370\n|switch|p1b: Flutter Mane|Flutter Mane, L50|100\/100\n|move|p2a: Armarouge|Wide Guard|p2a: Armarouge\n|-singleturn|p2a: Armarouge|Wide Guard\n|move|p1a: Electabuzz|Electroweb|p2b: Umbreon|[spread] \n|-activate|p2a: Armarouge|move: Wide Guard\n|-activate|p2b: Umbreon|move: Wide Guard\n|move|p2b: Umbreon|Foul Play|p1b: Flutter Mane\n|-damage|p1b: Flutter Mane|79\/100\n|\n|-heal|p2b: Umbreon|33\/100|[from] item: Leftovers\n|upkeep\n|turn|4\n|\n|t:|1738145385\n|move|p2b: Umbreon|Protect|p2b: Umbreon\n|-singleturn|p2b: Umbreon|Protect\n|move|p1a: Electabuzz|Feint|p2a: Armarouge\n|-damage|p2a: Armarouge|96\/100\n|move|p1b: Flutter Mane|Dazzling Gleam|p2a: Armarouge|[spread] p2a\n|-activate|p2b: Umbreon|move: Protect\n|-resisted|p2a: Armarouge\n|-damage|p2a: Armarouge|72\/100\n|move|p2a: Armarouge|Meteor Beam||[still]\n|-prepare|p2a: Armarouge|Meteor Beam\n|-boost|p2a: Armarouge|spa|1\n|-enditem|p2a: Armarouge|Power Herb\n|-anim|p2a: Armarouge|Meteor Beam|p1b: Flutter Mane\n|-damage|p1b: Flutter Mane|30\/100\n|\n|-heal|p2b: Umbreon|39\/100|[from] item: Leftovers\n|-end|p1a: Electabuzz|move: Taunt\n|upkeep\n|turn|5\n|\n|t:|1738145405\n|-terastallize|p2b: Umbreon|Water\n|move|p1a: Electabuzz|Feint|p2b: Umbreon\n|-damage|p2b: Umbreon|35\/100\n|move|p1b: Flutter Mane|Dazzling Gleam|p2a: Armarouge|[spread] p2a,p2b\n|-resisted|p2a: Armarouge\n|-damage|p2a: Armarouge|50\/100\n|-damage|p2b: Umbreon|3\/100\n|move|p2a: Armarouge|Heat Wave|p1b: Flutter Mane|[spread] p1a\n|-miss|p2a: Armarouge|p1b: Flutter Mane\n|-crit|p1a: Electabuzz\n|-damage|p1a: Electabuzz|42\/100\n|move|p2b: Umbreon|Taunt|p1a: Electabuzz\n|-start|p1a: Electabuzz|move: Taunt\n|\n|-heal|p2b: Umbreon|9\/100|[from] item: Leftovers\n|upkeep\n|turn|6\n|\n|t:|1738145428\n|move|p2b: Umbreon|Protect|p2b: Umbreon\n|-singleturn|p2b: Umbreon|Protect\n|move|p1a: Electabuzz|Electroweb|p2b: Umbreon|[spread] p2a\n|-activate|p2b: Umbreon|move: Protect\n|-damage|p2a: Armarouge|38\/100\n|-unboost|p2a: Armarouge|spe|1\n|move|p1b: Flutter Mane|Dazzling Gleam|p2b: Umbreon|[spread] p2a\n|-activate|p2b: Umbreon|move: Protect\n|-resisted|p2a: Armarouge\n|-damage|p2a: Armarouge|17\/100\n|move|p2a: Armarouge|Heat Wave|p1b: Flutter Mane|[spread] p1a,p1b\n|-damage|p1a: Electabuzz|4\/100\n|-damage|p1b: Flutter Mane|0 fnt\n|faint|p1b: Flutter Mane\n|-end|p1b: Flutter Mane|Protosynthesis|[silent]\n|\n|-heal|p2b: Umbreon|15\/100|[from] item: Leftovers\n|upkeep\n|\n|t:|1738145440\n|switch|p1b: Calyrex|Calyrex-Ice, L50, tera:Grass|61\/100\n|-ability|p1b: Calyrex|As One\n|-ability|p1b: Calyrex|Unnerve\n|turn|7\n|\n|t:|1738145450\n|move|p2a: Armarouge|Wide Guard|p2a: Armarouge\n|-singleturn|p2a: Armarouge|Wide Guard\n|move|p1a: Electabuzz|Feint|p2a: Armarouge\n|-activate|p2a: Armarouge|move: Feint\n|-damage|p2a: Armarouge|12\/100\n|move|p1b: Calyrex|Glacial Lance|p2a: Armarouge|[spread] p2a,p2b\n|-resisted|p2a: Armarouge\n|-resisted|p2b: Umbreon\n|-damage|p2a: Armarouge|0 fnt\n|-damage|p2b: Umbreon|0 fnt\n|faint|p2a: Armarouge\n|faint|p2b: Umbreon\n|-ability|p1b: Calyrex|Chilling Neigh|boost\n|-boost|p1b: Calyrex|atk|2\n|\n|upkeep\n|-message|bluestraggler01 forfeited.\n|\n|win|Admj8pgx'phj\n|raw|Admj8pgx&apos;phj's rating: 1550 &rarr; <strong>1571<\/strong><br \/>(+21 for winning)\n|raw|bluestraggler01's rating: 1571 &rarr; <strong>1550<\/strong><br \/>(-21 for losing)\n|l|\u2606bluestraggler01\n|player|p2|\n|l|\u2606Admj8pgx'phj\n|player|p1|\n","uploadtime":1738145703,"views":8,"formatid":"gen9vgc2025regg","rating":1550,"private":0,"password":null}