{"id":"gen9vgc2025regg-2290115839","format":"[Gen 9] VGC 2025 Reg G","players":["xiyeye","zhanlinxie"],"log":"|j|\u2606xiyeye\n|j|\u2606zhanlinxie\n|t:|1738100288\n|gametype|doubles\n|player|p1|xiyeye|akari|1599\n|player|p2|zhanlinxie|marley|1626\n|teamsize|p1|6\n|teamsize|p2|6\n|gen|9\n|tier|[Gen 9] VGC 2025 Reg G\n|rated|\n|rule|Species Clause: Limit one of each Pok\u00e9mon\n|rule|Item Clause: Limit 1 of each item\n|clearpoke\n|poke|p1|Torkoal, L50, M|\n|poke|p1|Annihilape, L50, M|\n|poke|p1|Urshifu-*, L50, M|\n|poke|p1|Indeedee-F, L50, F|\n|poke|p1|Brute Bonnet, L50|\n|poke|p1|Calyrex-Ice, L50|\n|poke|p2|Calyrex-Ice, L50|\n|poke|p2|Iron Valiant, L50|\n|poke|p2|Urshifu-*, L50, F|\n|poke|p2|Pelipper, L50, F|\n|poke|p2|Landorus, L50, M|\n|poke|p2|Amoonguss, L50, F|\n|teampreview|4\n|l|\u2606zhanlinxie\n|player|p2|\n|inactive|Battle timer is ON: inactive players will automatically lose when time's up. (requested by xiyeye)\n|j|\u2606zhanlinxie\n|inactive|zhanlinxie reconnected and has 80 seconds left.\n|player|p2|zhanlinxie|marley|\n|j| Triple20\n|inactive|zhanlinxie has 60 seconds left.\n|inactive|zhanlinxie has 30 seconds left.\n|inactive|zhanlinxie has 20 seconds left.\n|\n|t:|1738100382\n|start\n|switch|p1a: Brute Bonnet|Brute Bonnet, L50|100\/100\n|switch|p1b: Calyrex|Calyrex-Ice, L50|100\/100\n|switch|p2a: Iron Valiant|Iron Valiant, L50|100\/100\n|switch|p2b: Landorus|Landorus, L50, M|100\/100\n|-ability|p1b: Calyrex|As One\n|-ability|p1b: Calyrex|Unnerve\n|-enditem|p2a: Iron Valiant|Booster Energy\n|-activate|p2a: Iron Valiant|ability: Quark Drive|[fromitem]\n|-start|p2a: Iron Valiant|quarkdrivespe\n|turn|1\n|inactive|xiyeye has 30 seconds left.\n|\n|t:|1738100414\n|-terastallize|p1a: Brute Bonnet|Poison\n|move|p2a: Iron Valiant|Spirit Break|p1a: Brute Bonnet\n|-resisted|p1a: Brute Bonnet\n|-damage|p1a: Brute Bonnet|90\/100\n|-unboost|p1a: Brute Bonnet|spa|1\n|move|p2b: Landorus|U-turn|p1a: Brute Bonnet\n|-resisted|p1a: Brute Bonnet\n|-damage|p1a: Brute Bonnet|84\/100\n|\n|t:|1738100420\n|switch|p2b: Calyrex|Calyrex-Ice, L50|100\/100|[from] U-turn\n|-ability|p2b: Calyrex|As One\n|-ability|p2b: Calyrex|Unnerve\n|move|p1a: Brute Bonnet|Spore|p2a: Iron Valiant\n|-status|p2a: Iron Valiant|slp|[from] move: Spore\n|move|p1b: Calyrex|Trick Room|p1b: Calyrex\n|-fieldstart|move: Trick Room|[of] p1b: Calyrex\n|\n|upkeep\n|turn|2\n|inactive|zhanlinxie has 30 seconds left.\n|\n|t:|1738100447\n|-end|p2a: Iron Valiant|Quark Drive|[silent]\n|switch|p2a: Pelipper|Pelipper, L50, F|100\/100\n|-weather|RainDance|[from] ability: Drizzle|[of] p2a: Pelipper\n|move|p2b: Calyrex|Protect|p2b: Calyrex\n|-singleturn|p2b: Calyrex|Protect\n|move|p1b: Calyrex|Glacial Lance|p2a: Pelipper|[spread] p2a\n|-activate|p2b: Calyrex|move: Protect\n|-damage|p2a: Pelipper|39\/100\n|move|p1a: Brute Bonnet|Spore|p2b: Calyrex\n|-activate|p2b: Calyrex|move: Protect\n|\n|-weather|RainDance|[upkeep]\n|upkeep\n|turn|3\n|inactive|xiyeye has 30 seconds left.\n|inactive|zhanlinxie has 30 seconds left.\n|inactive|zhanlinxie has 20 seconds left.\n|inactive|zhanlinxie has 15 seconds left.\n|\n|t:|1738100496\n|move|p2a: Pelipper|Wide Guard|p2a: Pelipper\n|-singleturn|p2a: Pelipper|Wide Guard\n|move|p2b: Calyrex|High Horsepower|p1a: Brute Bonnet\n|-supereffective|p1a: Brute Bonnet\n|-damage|p1a: Brute Bonnet|32\/100\n|move|p1b: Calyrex|Glacial Lance|p2a: Pelipper|[spread] \n|-activate|p2a: Pelipper|move: Wide Guard\n|-activate|p2b: Calyrex|move: Wide Guard\n|move|p1a: Brute Bonnet|Spore|p2b: Calyrex\n|-status|p2b: Calyrex|slp|[from] move: Spore\n|\n|-weather|RainDance|[upkeep]\n|upkeep\n|turn|4\n|\n|t:|1738100519\n|switch|p2a: Iron Valiant|Iron Valiant, L50|100\/100 slp\n|cant|p2b: Calyrex|slp\n|move|p1b: Calyrex|High Horsepower|p2b: Calyrex\n|-damage|p2b: Calyrex|76\/100 slp\n|move|p1a: Brute Bonnet|Crunch|p2a: Iron Valiant\n|-resisted|p2a: Iron Valiant\n|-damage|p2a: Iron Valiant|93\/100 slp\n|\n|-weather|RainDance|[upkeep]\n|upkeep\n|turn|5\n|inactive|xiyeye has 30 seconds left.\n|\n|t:|1738100546\n|cant|p2b: Calyrex|slp\n|move|p1b: Calyrex|Glacial Lance|p2b: Calyrex|[spread] p2a,p2b\n|-resisted|p2b: Calyrex\n|-damage|p2a: Iron Valiant|34\/100 slp\n|-damage|p2b: Calyrex|59\/100 slp\n|move|p1a: Brute Bonnet|Spore|p2a: Iron Valiant\n|-fail|p2a: Iron Valiant|slp\n|cant|p2a: Iron Valiant|slp\n|\n|-weather|RainDance|[upkeep]\n|-fieldend|move: Trick Room\n|upkeep\n|turn|6\n|inactive|xiyeye has 30 seconds left.\n|\n|t:|1738100575\n|cant|p2a: Iron Valiant|slp\n|move|p1a: Brute Bonnet|Spore|p2b: Calyrex\n|-fail|p2b: Calyrex|slp\n|move|p1b: Calyrex|Glacial Lance|p2b: Calyrex|[spread] p2a,p2b\n|-resisted|p2b: Calyrex\n|-damage|p2a: Iron Valiant|0 fnt\n|-damage|p2b: Calyrex|43\/100 slp\n|faint|p2a: Iron Valiant\n|-end|p2a: Iron Valiant|Quark Drive|[silent]\n|-ability|p1b: Calyrex|Chilling Neigh|boost\n|-boost|p1b: Calyrex|atk|1\n|-curestatus|p2b: Calyrex|slp|[msg]\n|move|p2b: Calyrex|Glacial Lance|p1a: Brute Bonnet|[spread] p1a,p1b\n|-resisted|p1b: Calyrex\n|-damage|p1a: Brute Bonnet|0 fnt\n|-damage|p1b: Calyrex|83\/100\n|faint|p1a: Brute Bonnet\n|-end|p1a: Brute Bonnet|Protosynthesis|[silent]\n|-ability|p2b: Calyrex|Chilling Neigh|boost\n|-boost|p2b: Calyrex|atk|1\n|\n|-weather|none\n|upkeep\n|inactive|xiyeye has 30 seconds left.\n|inactive|zhanlinxie has 30 seconds left.\n|j| jfabricio23\n|inactive|zhanlinxie has 20 seconds left.\n|inactive|zhanlinxie has 15 seconds left.\n|\n|t:|1738100625\n|switch|p2a: Pelipper|Pelipper, L50, F|39\/100\n|switch|p1a: Indeedee|Indeedee-F, L50, F|100\/100\n|-fieldstart|move: Psychic Terrain|[from] ability: Psychic Surge|[of] p1a: Indeedee\n|-weather|RainDance|[from] ability: Drizzle|[of] p2a: Pelipper\n|turn|7\n|inactive|zhanlinxie has 30 seconds left.\n|\n|t:|1738100654\n|move|p1a: Indeedee|Follow Me|p1a: Indeedee\n|-singleturn|p1a: Indeedee|move: Follow Me\n|move|p2a: Pelipper|Weather Ball|p1a: Indeedee\n|-damage|p1a: Indeedee|16\/100\n|-damage|p2a: Pelipper|30\/100|[from] item: Life Orb\n|move|p1b: Calyrex|Trick Room|p1b: Calyrex\n|-fieldstart|move: Trick Room|[of] p1b: Calyrex\n|move|p2b: Calyrex|Trick Room|p2b: Calyrex\n|-fieldend|move: Trick Room\n|\n|-weather|RainDance|[upkeep]\n|upkeep\n|turn|8\n|inactive|xiyeye has 30 seconds left.\n|inactive|zhanlinxie has 30 seconds left.\n|\n|t:|1738100686\n|switch|p2b: Landorus|Landorus, L50, M|100\/100\n|move|p1a: Indeedee|Helping Hand|p1b: Calyrex\n|-singleturn|p1b: Calyrex|Helping Hand|[of] p1a: Indeedee\n|move|p2a: Pelipper|Wide Guard|p2a: Pelipper\n|-singleturn|p2a: Pelipper|Wide Guard\n|move|p1b: Calyrex|High Horsepower|p2b: Landorus\n|-immune|p2b: Landorus\n|\n|-weather|RainDance|[upkeep]\n|upkeep\n|turn|9\n|inactive|xiyeye has 30 seconds left.\n|\n|t:|1738100711\n|move|p1a: Indeedee|Follow Me|p1a: Indeedee\n|-singleturn|p1a: Indeedee|move: Follow Me\n|move|p2b: Landorus|Sandsear Storm|p1a: Indeedee|[spread] p1a,p1b\n|-damage|p1a: Indeedee|0 fnt\n|-damage|p1b: Calyrex|52\/100\n|faint|p1a: Indeedee\n|move|p2a: Pelipper|Weather Ball|p1b: Calyrex\n|-damage|p1b: Calyrex|0 fnt\n|faint|p1b: Calyrex\n|-damage|p2a: Pelipper|20\/100|[from] item: Life Orb\n|\n|-weather|RainDance|[upkeep]\n|upkeep\n|-message|xiyeye forfeited.\n|\n|win|zhanlinxie\n|raw|xiyeye's rating: 1599 &rarr; <strong>1581<\/strong><br \/>(-18 for losing)\n|raw|zhanlinxie's rating: 1626 &rarr; <strong>1644<\/strong><br \/>(+18 for winning)\n|l|\u2606xiyeye\n|player|p1|\n|l| Triple20\n|l|\u2606zhanlinxie\n|player|p2|\n|l| jfabricio23\n","uploadtime":1738100910,"views":5,"formatid":"gen9vgc2025regg","rating":1581,"private":0,"password":null}