{"id":"gen9vgc2025regg-2290993111","format":"[Gen 9] VGC 2025 Reg G","players":["give-upVGC","ren122333"],"log":"|badge|p2|bronze|gen9monotype|100-4\n|uhtml|medal-msg|<div class=\"broadcast-blue\">Curious what those medals under the avatar are? PS now has Ladder Seasons! For more information, check out the <a href=\"https:\/\/www.smogon.com\/forums\/threads\/3740067\/\">thread on Smogon.<\/a><\/div>\n|j|\u2606give-upVGC\n|j|\u2606ren122333\n|t:|1738217352\n|gametype|doubles\n|player|p1|give-upVGC|102|1598\n|player|p2|ren122333|hilbert|1546\n|teamsize|p1|6\n|teamsize|p2|6\n|gen|9\n|tier|[Gen 9] VGC 2025 Reg G\n|rated|\n|rule|Species Clause: Limit one of each Pok\u00e9mon\n|rule|Item Clause: Limit 1 of each item\n|clearpoke\n|poke|p1|Ogerpon-Hearthflame, L50, F|\n|poke|p1|Roaring Moon, L50|\n|poke|p1|Calyrex-Ice, L50|\n|poke|p1|Landorus, L50, M|\n|poke|p1|Urshifu-*, L50, M|\n|poke|p1|Smeargle, L50, F|\n|poke|p2|Ribombee, L50, M|\n|poke|p2|Ninetales-Alola, L50, F|\n|poke|p2|Kyurem-White, L50|\n|poke|p2|Farigiraf, L50, M|\n|poke|p2|Primarina, L50, M|\n|poke|p2|Chi-Yu, L50|\n|teampreview|4\n|inactive|Battle timer is ON: inactive players will automatically lose when time's up. (requested by ren122333)\n|inactive|ren122333 has 60 seconds left.\n|\n|t:|1738217395\n|start\n|switch|p1a: Roaring Moon|Roaring Moon, L50|100\/100\n|switch|p1b: Urshifu|Urshifu-Rapid-Strike, L50, M|100\/100\n|switch|p2a: Ribombee|Ribombee, L50, M|100\/100\n|switch|p2b: Chi-Yu|Chi-Yu, L50|100\/100\n|-ability|p2b: Chi-Yu|Beads of Ruin\n|-enditem|p1a: Roaring Moon|Booster Energy\n|-activate|p1a: Roaring Moon|ability: Protosynthesis|[fromitem]\n|-start|p1a: Roaring Moon|protosynthesisspe\n|turn|1\n|\n|t:|1738217412\n|move|p1a: Roaring Moon|Tailwind|p1a: Roaring Moon\n|-sidestart|p1: give-upVGC|move: Tailwind\n|move|p1b: Urshifu|Taunt|p2a: Ribombee\n|-start|p2a: Ribombee|move: Taunt\n|cant|p2a: Ribombee|move: Taunt|Tailwind\n|move|p2b: Chi-Yu|Will-O-Wisp|p1b: Urshifu\n|-status|p1b: Urshifu|brn\n|\n|-damage|p1b: Urshifu|95\/100 brn|[from] brn\n|upkeep\n|turn|2\n|j| kiabu233\n|inactive|give-upVGC has 30 seconds left.\n|\n|t:|1738217444\n|-terastallize|p2b: Chi-Yu|Grass\n|move|p1a: Roaring Moon|Protect|p1a: Roaring Moon\n|-singleturn|p1a: Roaring Moon|Protect\n|move|p1b: Urshifu|Surging Strikes|p2b: Chi-Yu\n|-resisted|p2b: Chi-Yu\n|-crit|p2b: Chi-Yu\n|-damage|p2b: Chi-Yu|90\/100\n|-resisted|p2b: Chi-Yu\n|-crit|p2b: Chi-Yu\n|-damage|p2b: Chi-Yu|79\/100\n|-resisted|p2b: Chi-Yu\n|-crit|p2b: Chi-Yu\n|-damage|p2b: Chi-Yu|70\/100\n|-hitcount|p2b: Chi-Yu|3\n|move|p2a: Ribombee|Pollen Puff|p1a: Roaring Moon\n|-activate|p1a: Roaring Moon|move: Protect\n|move|p2b: Chi-Yu|Heat Wave|p1a: Roaring Moon|[spread] p1b\n|-activate|p1a: Roaring Moon|move: Protect\n|-resisted|p1b: Urshifu\n|-damage|p1b: Urshifu|56\/100 brn\n|\n|-damage|p1b: Urshifu|50\/100 brn|[from] brn\n|upkeep\n|turn|3\n|inactive|give-upVGC has 30 seconds left.\n|\n|t:|1738217472\n|move|p1a: Roaring Moon|Acrobatics|p2b: Chi-Yu\n|-supereffective|p2b: Chi-Yu\n|-damage|p2b: Chi-Yu|0 fnt\n|faint|p2b: Chi-Yu\n|move|p1b: Urshifu|Surging Strikes|p2a: Ribombee\n|-crit|p2a: Ribombee\n|-damage|p2a: Ribombee|81\/100\n|-crit|p2a: Ribombee\n|-damage|p2a: Ribombee|60\/100\n|-crit|p2a: Ribombee\n|-damage|p2a: Ribombee|42\/100\n|-hitcount|p2a: Ribombee|3\n|move|p2a: Ribombee|Pollen Puff|p1a: Roaring Moon\n|-supereffective|p1a: Roaring Moon\n|-damage|p1a: Roaring Moon|54\/100\n|\n|-damage|p1b: Urshifu|44\/100 brn|[from] brn\n|-end|p2a: Ribombee|move: Taunt\n|upkeep\n|\n|t:|1738217480\n|switch|p2b: Ninetales|Ninetales-Alola, L50, F|100\/100\n|-weather|Snow|[from] ability: Snow Warning|[of] p2b: Ninetales\n|turn|4\n|inactive|give-upVGC has 30 seconds left.\n|\n|t:|1738217506\n|move|p1a: Roaring Moon|Acrobatics|p2a: Ribombee\n|-supereffective|p2a: Ribombee\n|-damage|p2a: Ribombee|0 fnt\n|faint|p2a: Ribombee\n|move|p1b: Urshifu|Taunt|p2b: Ninetales\n|-start|p2b: Ninetales|move: Taunt\n|move|p2b: Ninetales|Blizzard|p1b: Urshifu|[spread] p1a,p1b\n|-supereffective|p1a: Roaring Moon\n|-resisted|p1b: Urshifu\n|-damage|p1a: Roaring Moon|0 fnt\n|-damage|p1b: Urshifu|24\/100 brn\n|faint|p1a: Roaring Moon\n|-end|p1a: Roaring Moon|Protosynthesis|[silent]\n|\n|-weather|Snow|[upkeep]\n|-damage|p1b: Urshifu|18\/100 brn|[from] brn\n|-sideend|p1: give-upVGC|move: Tailwind\n|upkeep\n|\n|t:|1738217516\n|switch|p2a: Kyurem|Kyurem-White, L50|100\/100\n|switch|p1a: Calyrex|Calyrex-Ice, L50|100\/100\n|-ability|p1a: Calyrex|As One\n|-ability|p1a: Calyrex|Unnerve\n|-ability|p2a: Kyurem|Turboblaze\n|turn|5\n|\n|t:|1738217537\n|-terastallize|p1a: Calyrex|Water\n|move|p2b: Ninetales|Blizzard|p1b: Urshifu|[spread] p1a,p1b\n|-resisted|p1a: Calyrex\n|-resisted|p1b: Urshifu\n|-damage|p1a: Calyrex|89\/100\n|-damage|p1b: Urshifu|0 fnt\n|faint|p1b: Urshifu\n|move|p2a: Kyurem|Fusion Flare|p1a: Calyrex\n|-resisted|p1a: Calyrex\n|-damage|p1a: Calyrex|73\/100\n|move|p1a: Calyrex|High Horsepower|p2a: Kyurem\n|-damage|p2a: Kyurem|76\/100\n|\n|-weather|Snow|[upkeep]\n|upkeep\n|\n|t:|1738217549\n|switch|p1b: Ogerpon|Ogerpon-Hearthflame, L50, F|100\/100\n|-ability|p1b: Ogerpon|Mold Breaker\n|turn|6\n|\n|t:|1738217556\n|move|p2b: Ninetales|Blizzard|p1b: Ogerpon|[spread] p1a,p1b\n|-resisted|p1a: Calyrex\n|-damage|p1a: Calyrex|61\/100\n|-damage|p1b: Ogerpon|71\/100\n|-status|p1b: Ogerpon|frz\n|cant|p1b: Ogerpon|frz\n|move|p2a: Kyurem|Blizzard|p1b: Ogerpon|[spread] p1a,p1b\n|-resisted|p1a: Calyrex\n|-damage|p1a: Calyrex|43\/100\n|-damage|p1b: Ogerpon|15\/100 frz\n|-enditem|p1a: Calyrex|Sitrus Berry|[eat]\n|-heal|p1a: Calyrex|67\/100|[from] item: Sitrus Berry\n|move|p1a: Calyrex|Glacial Lance|p2a: Kyurem|[spread] p2a,p2b\n|-resisted|p2b: Ninetales\n|-damage|p2a: Kyurem|46\/100\n|-damage|p2b: Ninetales|72\/100\n|\n|-weather|Snow|[upkeep]\n|-end|p2b: Ninetales|move: Taunt\n|upkeep\n|turn|7\n|\n|t:|1738217573\n|move|p2b: Ninetales|Blizzard|p1b: Ogerpon|[spread] p1a,p1b\n|-resisted|p1a: Calyrex\n|-damage|p1a: Calyrex|56\/100\n|-damage|p1b: Ogerpon|0 fnt\n|faint|p1b: Ogerpon\n|move|p2a: Kyurem|Freeze-Dry|p1a: Calyrex\n|-supereffective|p1a: Calyrex\n|-damage|p1a: Calyrex|0 fnt\n|faint|p1a: Calyrex\n|\n|win|ren122333\n|raw|give-upVGC's rating: 1598 &rarr; <strong>1575<\/strong><br \/>(-23 for losing)\n|raw|ren122333's rating: 1546 &rarr; <strong>1569<\/strong><br \/>(+23 for winning)\n|l|\u2606give-upVGC\n|player|p1|\n|l| kiabu233\n|l|\u2606ren122333\n|player|p2|\n","uploadtime":1738217822,"views":18,"formatid":"gen9vgc2025regg","rating":1569,"private":0,"password":null}