{"id":"gen9vgc2025regg-2290092751","format":"[Gen 9] VGC 2025 Reg G","players":["elvegis1","xiyeye"],"log":"|j|\u2606elvegis1\n|j|\u2606xiyeye\n|t:|1738097917\n|gametype|doubles\n|player|p1|elvegis1|lucas|1589\n|player|p2|xiyeye|akari|1566\n|teamsize|p1|6\n|teamsize|p2|6\n|gen|9\n|tier|[Gen 9] VGC 2025 Reg G\n|rated|\n|rule|Species Clause: Limit one of each Pok\u00e9mon\n|rule|Item Clause: Limit 1 of each item\n|clearpoke\n|poke|p1|Incineroar, L50, M|\n|poke|p1|Urshifu-*, L50, M|\n|poke|p1|Rillaboom, L50, F|\n|poke|p1|Grimmsnarl, L50, M|\n|poke|p1|Amoonguss, L50, F|\n|poke|p1|Kyogre, L50|\n|poke|p2|Torkoal, L50, F|\n|poke|p2|Annihilape, L50, F|\n|poke|p2|Urshifu-*, L50, F|\n|poke|p2|Indeedee-F, L50, F|\n|poke|p2|Brute Bonnet, L50|\n|poke|p2|Calyrex-Ice, L50|\n|teampreview|4\n|inactive|Battle timer is ON: inactive players will automatically lose when time's up. (requested by elvegis1)\n|j| Gutenman\n|inactive|elvegis1 has 60 seconds left.\n|inactive|xiyeye has 60 seconds left.\n|inactive|xiyeye has 30 seconds left.\n|\n|t:|1738097984\n|start\n|switch|p1a: Urshifu|Urshifu, L50, M|100\/100\n|switch|p1b: Grimmsnarl|Grimmsnarl, L50, M|100\/100\n|switch|p2a: Annihilape|Annihilape, L50, F|100\/100\n|switch|p2b: Torkoal|Torkoal, L50, F|100\/100\n|-weather|SunnyDay|[from] ability: Drought|[of] p2b: Torkoal\n|turn|1\n|inactive|elvegis1 has 30 seconds left.\n|\n|t:|1738098013\n|switch|p2b: Calyrex|Calyrex-Ice, L50|100\/100\n|-ability|p2b: Calyrex|As One\n|-ability|p2b: Calyrex|Unnerve\n|move|p1a: Urshifu|Detect|p1a: Urshifu\n|-singleturn|p1a: Urshifu|Protect\n|move|p1b: Grimmsnarl|Light Screen|p1b: Grimmsnarl\n|-sidestart|p1: elvegis1|move: Light Screen\n|move|p2a: Annihilape|Coaching|p2b: Calyrex\n|-boost|p2b: Calyrex|atk|1\n|-boost|p2b: Calyrex|def|1\n|\n|-weather|SunnyDay|[upkeep]\n|upkeep\n|turn|2\n|\n|t:|1738098035\n|-terastallize|p1a: Urshifu|Dark\n|-terastallize|p2b: Calyrex|Water\n|move|p1b: Grimmsnarl|Reflect|p1b: Grimmsnarl\n|-sidestart|p1: elvegis1|Reflect\n|move|p2a: Annihilape|Coaching|p2b: Calyrex\n|-boost|p2b: Calyrex|atk|1\n|-boost|p2b: Calyrex|def|1\n|move|p1a: Urshifu|Wicked Blow|p2b: Calyrex\n|-crit|p2b: Calyrex\n|-damage|p2b: Calyrex|46\/100\n|move|p2b: Calyrex|Trick Room|p2b: Calyrex\n|-fieldstart|move: Trick Room|[of] p2b: Calyrex\n|\n|-weather|SunnyDay|[upkeep]\n|upkeep\n|turn|3\n|inactive|elvegis1 has 30 seconds left.\n|inactive|xiyeye has 30 seconds left.\n|inactive|xiyeye has 20 seconds left.\n|\n|t:|1738098071\n|switch|p2a: Indeedee|Indeedee-F, L50, F|100\/100\n|-fieldstart|move: Psychic Terrain|[from] ability: Psychic Surge|[of] p2a: Indeedee\n|move|p1b: Grimmsnarl|Thunder Wave|p2b: Calyrex\n|-activate|p2b: Calyrex|move: Psychic Terrain\n|move|p2b: Calyrex|Glacial Lance|p1a: Urshifu|[spread] p1a,p1b\n|-damage|p1a: Urshifu|17\/100\n|-damage|p1b: Grimmsnarl|24\/100\n|move|p1a: Urshifu|Wicked Blow|p2b: Calyrex\n|-crit|p2b: Calyrex\n|-damage|p2b: Calyrex|0 fnt\n|faint|p2b: Calyrex\n|\n|-weather|SunnyDay|[upkeep]\n|upkeep\n|\n|t:|1738098085\n|switch|p2b: Torkoal|Torkoal, L50, F|100\/100\n|turn|4\n|\n|t:|1738098101\n|switch|p1b: Incineroar|Incineroar, L50, M|100\/100\n|-ability|p1b: Incineroar|Intimidate|boost\n|-unboost|p2a: Indeedee|atk|1\n|-unboost|p2b: Torkoal|atk|1\n|switch|p1a: Kyogre|Kyogre, L50|100\/100\n|-weather|RainDance|[from] ability: Drizzle|[of] p1a: Kyogre\n|move|p2b: Torkoal|Weather Ball|p1b: Incineroar\n|-supereffective|p1b: Incineroar\n|-damage|p1b: Incineroar|33\/100\n|move|p2a: Indeedee|Dazzling Gleam|p1a: Kyogre|[spread] p1a,p1b\n|-damage|p1a: Kyogre|94\/100\n|-damage|p1b: Incineroar|26\/100\n|\n|-weather|RainDance|[upkeep]\n|-heal|p1a: Kyogre|99\/100|[from] item: Leftovers\n|upkeep\n|turn|5\n|inactive|xiyeye has 30 seconds left.\n|inactive|xiyeye has 20 seconds left.\n|inactive|xiyeye has 15 seconds left.\n|inactive|xiyeye has 10 seconds left.\n|inactive|xiyeye has 5 seconds left.\n|\n|t:|1738098152\n|move|p2b: Torkoal|Weather Ball|p1b: Incineroar\n|-supereffective|p1b: Incineroar\n|-damage|p1b: Incineroar|0 fnt\n|faint|p1b: Incineroar\n|move|p2a: Indeedee|Dazzling Gleam|p1a: Kyogre\n|-damage|p1a: Kyogre|92\/100\n|move|p1a: Kyogre|Water Spout|p2b: Torkoal|[spread] p2a,p2b\n|-supereffective|p2b: Torkoal\n|-damage|p2a: Indeedee|8\/100\n|-damage|p2b: Torkoal|0 fnt\n|faint|p2b: Torkoal\n|\n|-weather|RainDance|[upkeep]\n|-heal|p1a: Kyogre|98\/100|[from] item: Leftovers\n|upkeep\n|\n|t:|1738098164\n|switch|p2b: Annihilape|Annihilape, L50, F|100\/100\n|switch|p1b: Grimmsnarl|Grimmsnarl, L50, M|24\/100\n|turn|6\n|\n|t:|1738098182\n|move|p1b: Grimmsnarl|Spirit Break|p2b: Annihilape\n|-supereffective|p2b: Annihilape\n|-damage|p2b: Annihilape|42\/100\n|-unboost|p2b: Annihilape|spa|1\n|-ability|p2b: Annihilape|Defiant|boost\n|-boost|p2b: Annihilape|atk|2\n|move|p2a: Indeedee|Dazzling Gleam|p1b: Grimmsnarl|[spread] p1a,p1b\n|-crit|p1a: Kyogre\n|-supereffective|p1b: Grimmsnarl\n|-damage|p1a: Kyogre|84\/100\n|-damage|p1b: Grimmsnarl|8\/100\n|move|p1a: Kyogre|Water Spout|p2b: Annihilape|[spread] p2a,p2b\n|-damage|p2a: Indeedee|0 fnt\n|-damage|p2b: Annihilape|0 fnt\n|faint|p2a: Indeedee\n|faint|p2b: Annihilape\n|\n|win|elvegis1\n|raw|elvegis1's rating: 1589 &rarr; <strong>1608<\/strong><br \/>(+19 for winning)\n|raw|xiyeye's rating: 1566 &rarr; <strong>1547<\/strong><br \/>(-19 for losing)\n|l|\u2606elvegis1\n|player|p1|\n|l|\u2606xiyeye\n|player|p2|\n","uploadtime":1738098417,"views":15,"formatid":"gen9vgc2025regg","rating":1547,"private":0,"password":null}