{"id":"gen9vgc2025regg-2290008187","format":"[Gen 9] VGC 2025 Reg G","players":["PritzShow","Yung Trav"],"log":"|j|\u2606PritzShow\n|j|\u203dYung Trav\n|t:|1738089801\n|gametype|doubles\n|player|p1|PritzShow|2|1572\n|player|p2|Yung Trav|102|1582\n|teamsize|p1|6\n|teamsize|p2|6\n|gen|9\n|tier|[Gen 9] VGC 2025 Reg G\n|rated|\n|rule|Species Clause: Limit one of each Pok\u00e9mon\n|rule|Item Clause: Limit 1 of each item\n|clearpoke\n|poke|p1|Zacian-*, L50|\n|poke|p1|Rillaboom, L50, F|\n|poke|p1|Incineroar, L50, M|\n|poke|p1|Farigiraf, L50, F|\n|poke|p1|Landorus-Therian, L50, M|\n|poke|p1|Raging Bolt, L50|\n|poke|p2|Calyrex-Ice, L50|\n|poke|p2|Regidrago, L50|\n|poke|p2|Smeargle, L50, M|\n|poke|p2|Farigiraf, L50, M|\n|poke|p2|Urshifu-*, L50, M|\n|poke|p2|Ogerpon-Cornerstone, L50, F|\n|teampreview|4\n|inactive|Battle timer is ON: inactive players will automatically lose when time's up. (requested by PritzShow)\n|\n|t:|1738089824\n|start\n|switch|p1a: Landorus|Landorus-Therian, L50, M|100\/100\n|switch|p1b: Farigiraf|Farigiraf, L50, F|100\/100\n|switch|p2a: Calyrex|Calyrex-Ice, L50|100\/100\n|switch|p2b: Smeargle|Smeargle, L50, M, shiny|100\/100\n|-ability|p2a: Calyrex|As One\n|-ability|p2a: Calyrex|Unnerve\n|-ability|p1a: Landorus|Intimidate|boost\n|-fail|p2a: Calyrex|unboost|[from] item: Clear Amulet|[of] p2a: Calyrex\n|-fail|p2b: Smeargle|unboost|Attack|[from] ability: Own Tempo|[of] p2b: Smeargle\n|turn|1\n|inactive|Yung Trav has 30 seconds left.\n|inactive|Yung Trav has 20 seconds left.\n|inactive|Yung Trav has 15 seconds left.\n|\n|t:|1738089865\n|-terastallize|p2a: Calyrex|Water\n|move|p1a: Landorus|U-turn|p2b: Smeargle\n|-damage|p2b: Smeargle|62\/100\n|\n|t:|1738089868\n|switch|p1a: Incineroar|Incineroar, L50, M|100\/100|[from] U-turn\n|-ability|p1a: Incineroar|Intimidate|boost\n|-fail|p2a: Calyrex|unboost|[from] item: Clear Amulet|[of] p2a: Calyrex\n|-fail|p2b: Smeargle|unboost|Attack|[from] ability: Own Tempo|[of] p2b: Smeargle\n|move|p1b: Farigiraf|Psychic|p2b: Smeargle\n|-damage|p2b: Smeargle|0 fnt\n|faint|p2b: Smeargle\n|move|p2a: Calyrex|Glacial Lance|p1a: Incineroar|[spread] p1a,p1b\n|-resisted|p1a: Incineroar\n|-damage|p1a: Incineroar|74\/100\n|-damage|p1b: Farigiraf|45\/100\n|\n|upkeep\n|\n|t:|1738089883\n|switch|p2b: Farigiraf|Farigiraf, L50, M, shiny|100\/100\n|turn|2\n|\n|t:|1738089898\n|move|p1b: Farigiraf|Foul Play|p2a: Calyrex\n|-damage|p2a: Calyrex|74\/100\n|move|p2b: Farigiraf|Foul Play|p1b: Farigiraf\n|-supereffective|p1b: Farigiraf\n|-damage|p1b: Farigiraf|16\/100\n|move|p1a: Incineroar|Will-O-Wisp|p2a: Calyrex\n|-status|p2a: Calyrex|brn\n|move|p2a: Calyrex|Trick Room|p2a: Calyrex\n|-fieldstart|move: Trick Room|[of] p2a: Calyrex\n|\n|-damage|p2a: Calyrex|68\/100 brn|[from] brn\n|upkeep\n|turn|3\n|\n|t:|1738089920\n|move|p1b: Farigiraf|Protect|p1b: Farigiraf\n|-singleturn|p1b: Farigiraf|Protect\n|move|p2a: Calyrex|High Horsepower|p1a: Incineroar\n|-supereffective|p1a: Incineroar\n|-damage|p1a: Incineroar|39\/100\n|move|p1a: Incineroar|Knock Off|p2a: Calyrex\n|-damage|p2a: Calyrex|44\/100 brn\n|-enditem|p2a: Calyrex|Clear Amulet|[from] move: Knock Off|[of] p1a: Incineroar\n|move|p2b: Farigiraf|Foul Play|p1b: Farigiraf\n|-activate|p1b: Farigiraf|move: Protect\n|\n|-damage|p2a: Calyrex|38\/100 brn|[from] brn\n|upkeep\n|turn|4\n|\n|t:|1738089940\n|switch|p1a: Landorus|Landorus-Therian, L50, M|100\/100\n|-ability|p1a: Landorus|Intimidate|boost\n|-unboost|p2a: Calyrex|atk|1\n|-unboost|p2b: Farigiraf|atk|1\n|move|p2b: Farigiraf|Helping Hand|p2a: Calyrex\n|-singleturn|p2a: Calyrex|Helping Hand|[of] p2b: Farigiraf\n|move|p2a: Calyrex|Glacial Lance|p1b: Farigiraf|[spread] p1a,p1b\n|-supereffective|p1a: Landorus\n|-damage|p1a: Landorus|0 fnt\n|-damage|p1b: Farigiraf|0 fnt\n|faint|p1a: Landorus\n|faint|p1b: Farigiraf\n|-ability|p2a: Calyrex|Chilling Neigh|boost\n|-boost|p2a: Calyrex|atk|2\n|\n|-damage|p2a: Calyrex|32\/100 brn|[from] brn\n|upkeep\n|\n|t:|1738089948\n|switch|p1b: Incineroar|Incineroar, L50, M|39\/100\n|switch|p1a: Zacian|Zacian, L50|100\/100\n|-ability|p1b: Incineroar|Intimidate|boost\n|-unboost|p2a: Calyrex|atk|1\n|-unboost|p2b: Farigiraf|atk|1\n|-ability|p1a: Zacian|Intrepid Sword|boost\n|-boost|p1a: Zacian|atk|1\n|turn|5\n|inactive|Yung Trav has 30 seconds left.\n|\n|t:|1738089985\n|move|p2b: Farigiraf|Helping Hand|p2a: Calyrex\n|-singleturn|p2a: Calyrex|Helping Hand|[of] p2b: Farigiraf\n|move|p2a: Calyrex|High Horsepower|p1b: Incineroar\n|-supereffective|p1b: Incineroar\n|-damage|p1b: Incineroar|0 fnt\n|faint|p1b: Incineroar\n|-ability|p2a: Calyrex|Chilling Neigh|boost\n|-boost|p2a: Calyrex|atk|1\n|move|p1a: Zacian|Play Rough|p2a: Calyrex\n|-damage|p2a: Calyrex|0 fnt\n|faint|p2a: Calyrex\n|\n|upkeep\n|\n|t:|1738089998\n|switch|p2a: Regidrago|Regidrago, L50, shiny|100\/100\n|turn|6\n|\n|t:|1738090003\n|move|p2b: Farigiraf|Helping Hand|p2a: Regidrago\n|-singleturn|p2a: Regidrago|Helping Hand|[of] p2b: Farigiraf\n|move|p1a: Zacian|Protect|p1a: Zacian\n|-singleturn|p1a: Zacian|Protect\n|move|p2a: Regidrago|Earth Power|p1a: Zacian\n|-activate|p1a: Zacian|move: Protect\n|\n|-fieldend|move: Trick Room\n|upkeep\n|turn|7\n|\n|t:|1738090017\n|move|p2a: Regidrago|Protect|p2a: Regidrago\n|-singleturn|p2a: Regidrago|Protect\n|move|p1a: Zacian|Play Rough|p2a: Regidrago\n|-activate|p2a: Regidrago|move: Protect\n|move|p2b: Farigiraf|Trick Room|p2b: Farigiraf\n|-fieldstart|move: Trick Room|[of] p2b: Farigiraf\n|\n|upkeep\n|turn|8\n|\n|t:|1738090027\n|-terastallize|p1a: Zacian|Grass\n|move|p2b: Farigiraf|Helping Hand|p2a: Regidrago\n|-singleturn|p2a: Regidrago|Helping Hand|[of] p2b: Farigiraf\n|move|p2a: Regidrago|Earth Power|p1a: Zacian\n|-resisted|p1a: Zacian\n|-damage|p1a: Zacian|79\/100\n|move|p1a: Zacian|Play Rough|p2a: Regidrago|[miss]\n|-miss|p1a: Zacian|p2a: Regidrago\n|\n|upkeep\n|turn|9\n|c|\u2606PritzShow|god dammit zacian\n|c|\u2606PritzShow|you clown\n|c|\u2606PritzShow|report zacian\n|\n|t:|1738090041\n|move|p2b: Farigiraf|Helping Hand|p2a: Regidrago\n|-singleturn|p2a: Regidrago|Helping Hand|[of] p2b: Farigiraf\n|move|p1a: Zacian|Protect|p1a: Zacian\n|-singleturn|p1a: Zacian|Protect\n|move|p2a: Regidrago|Dragon Energy|p1a: Zacian\n|-activate|p1a: Zacian|move: Protect\n|\n|upkeep\n|turn|10\n|\n|t:|1738090051\n|move|p2b: Farigiraf|Helping Hand|p2a: Regidrago\n|-singleturn|p2a: Regidrago|Helping Hand|[of] p2b: Farigiraf\n|move|p1a: Zacian|Protect||[still]\n|-fail|p1a: Zacian\n|move|p2a: Regidrago|Dragon Energy|p1a: Zacian\n|-damage|p1a: Zacian|0 fnt\n|faint|p1a: Zacian\n|\n|win|Yung Trav\n|raw|PritzShow's rating: 1572 &rarr; <strong>1553<\/strong><br \/>(-19 for losing)\n|raw|Yung Trav's rating: 1582 &rarr; <strong>1601<\/strong><br \/>(+19 for winning)\n|c|\u2606PritzShow|gg\n|l|\u203dYung Trav\n|player|p2|\n","uploadtime":1738090249,"views":13,"formatid":"gen9vgc2025regg","rating":1553,"private":0,"password":null}