{"id":"gen9vgc2025regg-2290991342","format":"[Gen 9] VGC 2025 Reg G","players":["Nerd159","GengarNight_07"],"log":"|j|\u2606Nerd159\n|j|\u2606GengarNight_07\n|t:|1738217019\n|gametype|doubles\n|player|p1|Nerd159|101|1529\n|player|p2|GengarNight_07|101|1625\n|teamsize|p1|6\n|teamsize|p2|6\n|gen|9\n|tier|[Gen 9] VGC 2025 Reg G\n|rated|\n|rule|Species Clause: Limit one of each Pok\u00e9mon\n|rule|Item Clause: Limit 1 of each item\n|clearpoke\n|poke|p1|Eternatus, L50|\n|poke|p1|Regieleki, L50|\n|poke|p1|Tinkaton, L50, F|\n|poke|p1|Kingambit, L50, M|\n|poke|p1|Farigiraf, L50, M|\n|poke|p1|Urshifu-*, L50, M|\n|poke|p2|Calyrex-Shadow, L50|\n|poke|p2|Ogerpon-Hearthflame, L50, F|\n|poke|p2|Rillaboom, L50, F|\n|poke|p2|Incineroar, L50, M|\n|poke|p2|Raging Bolt, L50|\n|poke|p2|Urshifu-*, L50, F|\n|teampreview|4\n|inactive|Battle timer is ON: inactive players will automatically lose when time's up. (requested by Nerd159)\n|j| kiabu233\n|inactive|GengarNight_07 has 60 seconds left.\n|\n|t:|1738217090\n|start\n|switch|p1a: Eternatus|Eternatus, L50|100\/100\n|switch|p1b: Regieleki|Regieleki, L50|100\/100\n|switch|p2a: Raging Bolt|Raging Bolt, L50|100\/100\n|switch|p2b: Urshifu|Urshifu-Rapid-Strike, L50, F|100\/100\n|-ability|p1a: Eternatus|Pressure\n|turn|1\n|inactive|GengarNight_07 has 30 seconds left.\n|inactive|GengarNight_07 has 20 seconds left.\n|\n|t:|1738217129\n|-terastallize|p1a: Eternatus|Poison\n|-terastallize|p2a: Raging Bolt|Electric\n|move|p2b: Urshifu|Aqua Jet|p1b: Regieleki\n|-damage|p1b: Regieleki|56\/100\n|move|p2a: Raging Bolt|Thunderclap|p1b: Regieleki\n|-resisted|p1b: Regieleki\n|-damage|p1b: Regieleki|0 fnt\n|faint|p1b: Regieleki\n|-damage|p2a: Raging Bolt|90\/100|[from] item: Life Orb\n|move|p1a: Eternatus|Sludge Bomb|p2a: Raging Bolt\n|-damage|p2a: Raging Bolt|0 fnt\n|faint|p2a: Raging Bolt\n|-end|p2a: Raging Bolt|Protosynthesis|[silent]\n|\n|upkeep\n|\n|t:|1738217144\n|switch|p1b: Kingambit|Kingambit, L50, M, shiny|100\/100\n|switch|p2a: Calyrex|Calyrex-Shadow, L50|100\/100\n|-ability|p2a: Calyrex|As One\n|-ability|p2a: Calyrex|Unnerve\n|turn|2\n|\n|t:|1738217150\n|move|p2a: Calyrex|Protect|p2a: Calyrex\n|-singleturn|p2a: Calyrex|Protect\n|move|p1b: Kingambit|Sucker Punch||[still]\n|-fail|p1b: Kingambit\n|move|p1a: Eternatus|Sludge Bomb|p2b: Urshifu\n|-enditem|p2b: Urshifu|Focus Sash\n|-damage|p2b: Urshifu|1\/100\n|-status|p2b: Urshifu|psn\n|move|p2b: Urshifu|Close Combat|p1b: Kingambit\n|-supereffective|p1b: Kingambit\n|-crit|p1b: Kingambit\n|-damage|p1b: Kingambit|0 fnt\n|-unboost|p2b: Urshifu|def|1\n|-unboost|p2b: Urshifu|spd|1\n|faint|p1b: Kingambit\n|\n|-damage|p2b: Urshifu|0 fnt|[from] psn\n|faint|p2b: Urshifu\n|upkeep\n|\n|t:|1738217156\n|switch|p2b: Ogerpon|Ogerpon-Hearthflame, L50, F|100\/100\n|switch|p1b: Farigiraf|Farigiraf, L50, M|100\/100\n|-ability|p2b: Ogerpon|Mold Breaker\n|turn|3\n|\n|t:|1738217167\n|move|p2b: Ogerpon|Follow Me|p2b: Ogerpon\n|-singleturn|p2b: Ogerpon|move: Follow Me\n|move|p2a: Calyrex|Expanding Force|p1a: Eternatus\n|-supereffective|p1a: Eternatus\n|-damage|p1a: Eternatus|20\/100\n|move|p1a: Eternatus|Sludge Bomb|p2b: Ogerpon\n|-supereffective|p2b: Ogerpon\n|-crit|p2b: Ogerpon\n|-damage|p2b: Ogerpon|0 fnt\n|faint|p2b: Ogerpon\n|move|p1b: Farigiraf|Trick Room|p1b: Farigiraf\n|-fieldstart|move: Trick Room|[of] p1b: Farigiraf\n|\n|upkeep\n|turn|4\n|\n|t:|1738217176\n|move|p1b: Farigiraf|Psychic|p2a: Calyrex\n|-resisted|p2a: Calyrex\n|-damage|p2a: Calyrex|82\/100\n|-unboost|p2a: Calyrex|spd|1\n|move|p1a: Eternatus|Sludge Bomb|p2a: Calyrex\n|-resisted|p2a: Calyrex\n|-damage|p2a: Calyrex|14\/100\n|-status|p2a: Calyrex|psn\n|move|p2a: Calyrex|Expanding Force|p1a: Eternatus\n|-supereffective|p1a: Eternatus\n|-damage|p1a: Eternatus|0 fnt\n|faint|p1a: Eternatus\n|-ability|p2a: Calyrex|Grim Neigh|boost\n|-boost|p2a: Calyrex|spa|1\n|\n|-damage|p2a: Calyrex|2\/100 psn|[from] psn\n|upkeep\n|turn|5\n|\n|t:|1738217180\n|move|p1b: Farigiraf|Protect|p1b: Farigiraf\n|-singleturn|p1b: Farigiraf|Protect\n|move|p2a: Calyrex|Expanding Force|p1b: Farigiraf\n|-activate|p1b: Farigiraf|move: Protect\n|\n|-damage|p2a: Calyrex|0 fnt|[from] psn\n|faint|p2a: Calyrex\n|\n|win|Nerd159\n|upkeep\n|raw|Nerd159's rating: 1549 &rarr; <strong>1573<\/strong><br \/>(+24 for winning)\n|raw|GengarNight_07's rating: 1625 &rarr; <strong>1601<\/strong><br \/>(-24 for losing)\n|l|\u2606GengarNight_07\n|player|p2|\n|c|\u2606Nerd159|Gg\n|l|\u2606Nerd159\n|player|p1|\n|l| kiabu233\n","uploadtime":1738217404,"views":20,"formatid":"gen9vgc2025regg","rating":1573,"private":0,"password":null}