{"id":"gen9vgc2025regg-2290767048","format":"[Gen 9] VGC 2025 Reg G","players":["Exaltold","matpat vgc"],"log":"|j|\u2606Exaltold\n|j|\u2606matpat vgc\n|t:|1738186995\n|gametype|doubles\n|player|p1|Exaltold|miku-psychic|1569\n|player|p2|matpat vgc|clown|1567\n|teamsize|p1|6\n|teamsize|p2|6\n|gen|9\n|tier|[Gen 9] VGC 2025 Reg G\n|rated|\n|rule|Species Clause: Limit one of each Pok\u00e9mon\n|rule|Item Clause: Limit 1 of each item\n|clearpoke\n|poke|p1|Alcremie, L50, F|\n|poke|p1|Calyrex-Ice, L50|\n|poke|p1|Ursaluna-Bloodmoon, L50, M|\n|poke|p1|Incineroar, L50, F|\n|poke|p1|Rillaboom, L50, F|\n|poke|p1|Ogerpon-Wellspring, L50, F|\n|poke|p2|Calyrex-Ice, L50|\n|poke|p2|Ogerpon-Hearthflame, L50, F|\n|poke|p2|Urshifu-*, L50, F|\n|poke|p2|Landorus, L50, M|\n|poke|p2|Amoonguss, L50, F|\n|poke|p2|Roaring Moon, L50|\n|teampreview|4\n|inactive|Battle timer is ON: inactive players will automatically lose when time's up. (requested by Exaltold)\n|inactive|matpat vgc has 60 seconds left.\n|\n|t:|1738187041\n|start\n|switch|p1a: Calyrex|Calyrex-Ice, L50|100\/100\n|switch|p1b: Ogerpon|Ogerpon-Wellspring, L50, F|100\/100\n|switch|p2a: Urshifu|Urshifu-Rapid-Strike, L50, F|100\/100\n|switch|p2b: Ogerpon|Ogerpon-Hearthflame, L50, F|100\/100\n|-ability|p1a: Calyrex|As One\n|-ability|p1a: Calyrex|Unnerve\n|-ability|p2b: Ogerpon|Mold Breaker\n|turn|1\n|\n|t:|1738187051\n|move|p1b: Ogerpon|Follow Me|p1b: Ogerpon\n|-singleturn|p1b: Ogerpon|move: Follow Me\n|move|p2b: Ogerpon|Follow Me|p2b: Ogerpon\n|-singleturn|p2b: Ogerpon|move: Follow Me\n|move|p2a: Urshifu|Taunt|p1b: Ogerpon\n|-start|p1b: Ogerpon|move: Taunt\n|move|p1a: Calyrex|Trick Room|p1a: Calyrex\n|-fieldstart|move: Trick Room|[of] p1a: Calyrex\n|\n|upkeep\n|turn|2\n|inactive|matpat vgc has 30 seconds left.\n|\n|t:|1738187084\n|move|p1a: Calyrex|High Horsepower|p2b: Ogerpon|[miss]\n|-miss|p1a: Calyrex|p2b: Ogerpon\n|move|p2a: Urshifu|Surging Strikes|p1a: Calyrex\n|-crit|p1a: Calyrex\n|-damage|p1a: Calyrex|86\/100\n|-crit|p1a: Calyrex\n|-damage|p1a: Calyrex|70\/100\n|-crit|p1a: Calyrex\n|-damage|p1a: Calyrex|53\/100\n|-hitcount|p1a: Calyrex|3\n|move|p2b: Ogerpon|Ivy Cudgel|p1b: Ogerpon|[anim] Ivy Cudgel Fire\n|-damage|p1b: Ogerpon|52\/100\n|move|p1b: Ogerpon|Wood Hammer|p2a: Urshifu\n|-supereffective|p2a: Urshifu\n|-damage|p2a: Urshifu|0 fnt\n|faint|p2a: Urshifu\n|-damage|p1b: Ogerpon|17\/100|[from] Recoil\n|\n|upkeep\n|\n|t:|1738187109\n|switch|p2a: Amoonguss|Amoonguss, L50, F|100\/100\n|turn|3\n|\n|t:|1738187119\n|switch|p1b: Alcremie|Alcremie, L50, F, shiny|100\/100\n|move|p1a: Calyrex|Protect|p1a: Calyrex\n|-singleturn|p1a: Calyrex|Protect\n|move|p2a: Amoonguss|Spore|p1a: Calyrex\n|-activate|p1a: Calyrex|move: Protect\n|move|p2b: Ogerpon|Ivy Cudgel|p1b: Alcremie|[anim] Ivy Cudgel Fire\n|-damage|p1b: Alcremie|48\/100\n|\n|upkeep\n|turn|4\n|inactive|matpat vgc has 30 seconds left.\n|\n|t:|1738187149\n|-terastallize|p2b: Ogerpon|Fire\n|detailschange|p2b: Ogerpon|Ogerpon-Hearthflame-Tera, L50, F, tera:Fire\n|-ability|p2b: Ogerpon|Embody Aspect (Hearthflame)|boost\n|-boost|p2b: Ogerpon|atk|1\n|move|p2a: Amoonguss|Rage Powder|p2a: Amoonguss\n|-singleturn|p2a: Amoonguss|move: Rage Powder\n|move|p1b: Alcremie|Decorate|p2a: Amoonguss\n|-boost|p2a: Amoonguss|atk|2\n|-boost|p2a: Amoonguss|spa|2\n|move|p1a: Calyrex|High Horsepower|p2a: Amoonguss\n|-damage|p2a: Amoonguss|64\/100\n|move|p2b: Ogerpon|Ivy Cudgel|p1a: Calyrex|[anim] Ivy Cudgel Fire\n|-supereffective|p1a: Calyrex\n|-damage|p1a: Calyrex|0 fnt\n|faint|p1a: Calyrex\n|\n|upkeep\n|\n|t:|1738187164\n|switch|p1a: Incineroar|Incineroar, L50, F|100\/100\n|-ability|p1a: Incineroar|Intimidate|boost\n|-unboost|p2a: Amoonguss|atk|1\n|-unboost|p2b: Ogerpon|atk|1\n|turn|5\n|\n|t:|1738187184\n|move|p2a: Amoonguss|Pollen Puff|p1a: Incineroar\n|-damage|p1a: Incineroar|68\/100\n|move|p1b: Alcremie|Decorate|p1a: Incineroar\n|-boost|p1a: Incineroar|atk|2\n|-boost|p1a: Incineroar|spa|2\n|move|p1a: Incineroar|Flare Blitz|p2a: Amoonguss\n|-supereffective|p2a: Amoonguss\n|-damage|p2a: Amoonguss|0 fnt\n|faint|p2a: Amoonguss\n|-damage|p1a: Incineroar|45\/100|[from] Recoil\n|move|p2b: Ogerpon|Ivy Cudgel|p1b: Alcremie|[anim] Ivy Cudgel Fire\n|-crit|p1b: Alcremie\n|-damage|p1b: Alcremie|0 fnt\n|faint|p1b: Alcremie\n|\n|-fieldend|move: Trick Room\n|upkeep\n|\n|t:|1738187197\n|switch|p1b: Ogerpon|Ogerpon-Wellspring, L50, F|17\/100\n|switch|p2a: Calyrex|Calyrex-Ice, L50|100\/100\n|-ability|p2a: Calyrex|As One\n|-ability|p2a: Calyrex|Unnerve\n|turn|6\n|\n|t:|1738187207\n|-terastallize|p1b: Ogerpon|Water\n|detailschange|p1b: Ogerpon|Ogerpon-Wellspring-Tera, L50, F, tera:Water\n|-ability|p1b: Ogerpon|Embody Aspect (Wellspring)|boost\n|-boost|p1b: Ogerpon|spd|1\n|move|p1b: Ogerpon|Ivy Cudgel|p2b: Ogerpon|[anim] Ivy Cudgel Water\n|-supereffective|p2b: Ogerpon\n|-damage|p2b: Ogerpon|0 fnt\n|faint|p2b: Ogerpon\n|move|p2a: Calyrex|Glacial Lance|p1a: Incineroar|[spread] p1a,p1b\n|-resisted|p1a: Incineroar\n|-resisted|p1b: Ogerpon\n|-damage|p1a: Incineroar|24\/100\n|-damage|p1b: Ogerpon|0 fnt\n|faint|p1b: Ogerpon\n|-ability|p2a: Calyrex|Chilling Neigh|boost\n|-boost|p2a: Calyrex|atk|1\n|move|p1a: Incineroar|Flare Blitz|p2a: Calyrex\n|-supereffective|p2a: Calyrex\n|-damage|p2a: Calyrex|0 fnt\n|faint|p2a: Calyrex\n|-damage|p1a: Incineroar|0 fnt|[from] Recoil\n|faint|p1a: Incineroar\n|\n|win|Exaltold\n|raw|Exaltold's rating: 1569 &rarr; <strong>1589<\/strong><br \/>(+20 for winning)\n|raw|matpat vgc's rating: 1567 &rarr; <strong>1547<\/strong><br \/>(-20 for losing)\n|l|\u2606matpat vgc\n|player|p2|\n","uploadtime":1738187363,"views":16,"formatid":"gen9vgc2025regg","rating":1547,"private":0,"password":null}