{"id":"gen9vgc2025regg-2290298400","format":"[Gen 9] VGC 2025 Reg G","players":["sibylla_system","bluestraggler01"],"log":"|j|\u2606sibylla_system\n|j|\u2606bluestraggler01\n|t:|1738126984\n|gametype|doubles\n|player|p1|sibylla_system|102|1640\n|player|p2|bluestraggler01|170|1661\n|teamsize|p1|6\n|teamsize|p2|6\n|gen|9\n|tier|[Gen 9] VGC 2025 Reg G\n|rated|\n|rule|Species Clause: Limit one of each Pok\u00e9mon\n|rule|Item Clause: Limit 1 of each item\n|clearpoke\n|poke|p1|Calyrex-Ice, L50|\n|poke|p1|Raging Bolt, L50|\n|poke|p1|Landorus, L50, M|\n|poke|p1|Urshifu-*, L50, M|\n|poke|p1|Incineroar, L50, F|\n|poke|p1|Amoonguss, L50, F|\n|poke|p2|Koraidon, L50|\n|poke|p2|Flutter Mane, L50|\n|poke|p2|Umbreon, L50, F|\n|poke|p2|Armarouge, L50, F|\n|poke|p2|Ogerpon-Cornerstone, L50, F|\n|poke|p2|Raging Bolt, L50|\n|teampreview|4\n|inactive|Battle timer is ON: inactive players will automatically lose when time's up. (requested by bluestraggler01)\nbluestraggler01 rejected open team sheets.\n|\n|t:|1738127026\n|start\n|switch|p1a: Landorus|Landorus, L50, M|100\/100\n|switch|p1b: Amoonguss|Amoonguss, L50, F|100\/100\n|switch|p2a: Umbreon|Umbreon, L50, F|100\/100\n|switch|p2b: Koraidon|Koraidon, L50|100\/100\n|-weather|SunnyDay|[from] ability: Orichalcum Pulse|[of] p2b: Koraidon\n|-activate|p2b: Koraidon|Orichalcum Pulse|[source]\n|turn|1\n|j| Baguettezzz\n|\n|t:|1738127048\n|move|p1a: Landorus|Rain Dance|p1a: Landorus\n|-weather|RainDance\n|move|p2b: Koraidon|Flare Blitz|p1a: Landorus\n|-damage|p1a: Landorus|76\/100\n|-damage|p2b: Koraidon|94\/100|[from] Recoil\n|move|p2a: Umbreon|Taunt|p1b: Amoonguss\n|-start|p1b: Amoonguss|move: Taunt\n|-enditem|p1b: Amoonguss|Mental Herb\n|-end|p1b: Amoonguss|move: Taunt\n|move|p1b: Amoonguss|Spore|p2b: Koraidon\n|-status|p2b: Koraidon|slp|[from] move: Spore\n|\n|-weather|RainDance|[upkeep]\n|upkeep\n|turn|2\n|\n|t:|1738127069\n|switch|p1a: Urshifu|Urshifu-Rapid-Strike, L50, M|100\/100\n|switch|p2b: Ogerpon|Ogerpon-Cornerstone, L50, F|100\/100\n|switch|p1b: Calyrex|Calyrex-Ice, L50|100\/100\n|-ability|p1b: Calyrex|As One\n|-ability|p1b: Calyrex|Unnerve\n|move|p2a: Umbreon|Taunt|p1b: Calyrex\n|-start|p1b: Calyrex|move: Taunt\n|\n|-weather|RainDance|[upkeep]\n|upkeep\n|turn|3\n|inactive|sibylla_system has 30 seconds left.\n|inactive|bluestraggler01 has 30 seconds left.\n|inactive|sibylla_system has 20 seconds left.\n|\n|t:|1738127105\n|switch|p1b: Landorus|Landorus, L50, M|76\/100\n|-terastallize|p1a: Urshifu|Fire\n|-terastallize|p2a: Umbreon|Water\n|move|p2b: Ogerpon|Ivy Cudgel|p1b: Landorus|[anim] Ivy Cudgel Rock\n|-damage|p1b: Landorus|11\/100\n|move|p1a: Urshifu|Surging Strikes|p2b: Ogerpon\n|-crit|p2b: Ogerpon\n|-damage|p2b: Ogerpon|47\/100\n|-crit|p2b: Ogerpon\n|-damage|p2b: Ogerpon|0 fnt\n|faint|p2b: Ogerpon\n|-hitcount|p2: Ogerpon|2\n|move|p2a: Umbreon|Foul Play|p1b: Landorus\n|-damage|p1b: Landorus|0 fnt\n|faint|p1b: Landorus\n|\n|-weather|RainDance|[upkeep]\n|upkeep\n|inactive|sibylla_system has 30 seconds left.\n|inactive|bluestraggler01 has 30 seconds left.\n|\n|t:|1738127138\n|switch|p2b: Raging Bolt|Raging Bolt, L50|100\/100\n|switch|p1b: Amoonguss|Amoonguss, L50, F|100\/100\n|turn|4\n|\n|t:|1738127156\n|move|p1a: Urshifu|Taunt|p2a: Umbreon\n|-start|p2a: Umbreon|move: Taunt\n|move|p2b: Raging Bolt|Draco Meteor|p1a: Urshifu\n|-damage|p1a: Urshifu|0 fnt\n|-unboost|p2b: Raging Bolt|spa|2\n|faint|p1a: Urshifu\n|-damage|p2b: Raging Bolt|91\/100|[from] item: Life Orb\n|cant|p2a: Umbreon|move: Taunt|Taunt\n|move|p1b: Amoonguss|Spore|p2b: Raging Bolt\n|-status|p2b: Raging Bolt|slp|[from] move: Spore\n|\n|-weather|RainDance|[upkeep]\n|upkeep\n|l| Baguettezzz\n|\n|t:|1738127172\n|switch|p1a: Calyrex|Calyrex-Ice, L50|100\/100\n|-ability|p1a: Calyrex|As One\n|-ability|p1a: Calyrex|Unnerve\n|turn|5\n|\n|t:|1738127187\n|switch|p2a: Koraidon|Koraidon, L50|94\/100 slp\n|-weather|SunnyDay|[from] ability: Orichalcum Pulse|[of] p2a: Koraidon\n|-activate|p2b: Raging Bolt|ability: Protosynthesis\n|-start|p2b: Raging Bolt|protosynthesisspd\n|-activate|p2a: Koraidon|Orichalcum Pulse|[source]\n|cant|p2b: Raging Bolt|slp\n|move|p1a: Calyrex|Glacial Lance|p2b: Raging Bolt|[spread] p2a,p2b\n|-supereffective|p2a: Koraidon\n|-supereffective|p2b: Raging Bolt\n|-damage|p2a: Koraidon|15\/100 slp\n|-damage|p2b: Raging Bolt|0 fnt\n|faint|p2b: Raging Bolt\n|-end|p2b: Raging Bolt|Protosynthesis|[silent]\n|-ability|p1a: Calyrex|Chilling Neigh|boost\n|-boost|p1a: Calyrex|atk|1\n|move|p1b: Amoonguss|Spore|p2a: Koraidon\n|-fail|p2a: Koraidon|slp\n|\n|-weather|SunnyDay|[upkeep]\n|upkeep\n|\n|t:|1738127198\n|switch|p2b: Umbreon|Umbreon, L50, F, tera:Water|100\/100\n|turn|6\n|\n|t:|1738127221\n|cant|p2a: Koraidon|slp\n|move|p1a: Calyrex|Glacial Lance|p2a: Koraidon|[spread] p2a,p2b\n|-supereffective|p2a: Koraidon\n|-resisted|p2b: Umbreon\n|-damage|p2a: Koraidon|0 fnt\n|-damage|p2b: Umbreon|72\/100\n|faint|p2a: Koraidon\n|-ability|p1a: Calyrex|Chilling Neigh|boost\n|-boost|p1a: Calyrex|atk|1\n|move|p2b: Umbreon|Taunt|p1b: Amoonguss\n|-start|p1b: Amoonguss|move: Taunt\n|move|p1b: Amoonguss|Pollen Puff|p2b: Umbreon\n|-damage|p2b: Umbreon|60\/100\n|\n|-weather|SunnyDay|[upkeep]\n|-heal|p2b: Umbreon|66\/100|[from] item: Leftovers\n|upkeep\n|turn|7\n|\n|t:|1738127246\n|move|p1a: Calyrex|High Horsepower|p2b: Umbreon\n|-damage|p2b: Umbreon|18\/100\n|move|p2b: Umbreon|Foul Play|p1a: Calyrex\n|-supereffective|p1a: Calyrex\n|-damage|p1a: Calyrex|0 fnt\n|faint|p1a: Calyrex\n|move|p1b: Amoonguss|Pollen Puff|p2b: Umbreon\n|-damage|p2b: Umbreon|6\/100\n|\n|-weather|SunnyDay|[upkeep]\n|-heal|p2b: Umbreon|12\/100|[from] item: Leftovers\n|upkeep\n|turn|8\n|\n|t:|1738127264\n|move|p2b: Umbreon|Protect|p2b: Umbreon\n|-singleturn|p2b: Umbreon|Protect\n|move|p1b: Amoonguss|Pollen Puff|p2b: Umbreon\n|-activate|p2b: Umbreon|move: Protect\n|\n|-weather|SunnyDay|[upkeep]\n|-heal|p2b: Umbreon|18\/100|[from] item: Leftovers\n|-end|p1b: Amoonguss|move: Taunt\n|upkeep\n|turn|9\n|j| Baguettezzz\n|\n|t:|1738127285\n|move|p2b: Umbreon|Yawn|p1b: Amoonguss\n|-start|p1b: Amoonguss|move: Yawn|[of] p2b: Umbreon\n|move|p1b: Amoonguss|Pollen Puff|p2b: Umbreon\n|-damage|p2b: Umbreon|5\/100\n|\n|-weather|none\n|-heal|p2b: Umbreon|11\/100|[from] item: Leftovers\n|upkeep\n|turn|10\n|\n|t:|1738127297\n|move|p2b: Umbreon|Protect|p2b: Umbreon\n|-singleturn|p2b: Umbreon|Protect\n|move|p1b: Amoonguss|Spore|p2b: Umbreon\n|-activate|p2b: Umbreon|move: Protect\n|\n|-heal|p2b: Umbreon|17\/100|[from] item: Leftovers\n|-end|p1b: Amoonguss|move: Yawn|[silent]\n|-status|p1b: Amoonguss|slp\n|upkeep\n|turn|11\n|\n|t:|1738127308\n|move|p2b: Umbreon|Foul Play|p1b: Amoonguss\n|-damage|p1b: Amoonguss|79\/100 slp\n|cant|p1b: Amoonguss|slp\n|\n|-heal|p2b: Umbreon|23\/100|[from] item: Leftovers\n|upkeep\n|turn|12\n|\n|t:|1738127321\n|move|p2b: Umbreon|Taunt|p1b: Amoonguss\n|-start|p1b: Amoonguss|move: Taunt\n|cant|p1b: Amoonguss|slp\n|\n|-heal|p2b: Umbreon|29\/100|[from] item: Leftovers\n|upkeep\n|turn|13\n|\n|t:|1738127332\n|move|p2b: Umbreon|Foul Play|p1b: Amoonguss\n|-damage|p1b: Amoonguss|55\/100 slp\n|cant|p1b: Amoonguss|slp\n|\n|-heal|p2b: Umbreon|35\/100|[from] item: Leftovers\n|upkeep\n|turn|14\n|-message|sibylla_system forfeited.\n|\n|win|bluestraggler01\n|raw|sibylla_system's rating: 1640 &rarr; <strong>1621<\/strong><br \/>(-19 for losing)\n|raw|bluestraggler01's rating: 1661 &rarr; <strong>1680<\/strong><br \/>(+19 for winning)\n|l|\u2606bluestraggler01\n|player|p2|\n|l| Baguettezzz\n","uploadtime":1738127505,"views":20,"formatid":"gen9vgc2025regg","rating":1621,"private":0,"password":null}