{"id":"gen9vgc2025regg-2290136066","format":"[Gen 9] VGC 2025 Reg G","players":["coummmfpk","xiyeye"],"log":"|j|\u2606coummmfpk\n|j|\u2606xiyeye\n|t:|1738102464\n|gametype|doubles\n|player|p1|coummmfpk|flannery|1615\n|player|p2|xiyeye|akari|1581\n|teamsize|p1|6\n|teamsize|p2|6\n|gen|9\n|tier|[Gen 9] VGC 2025 Reg G\n|rated|\n|rule|Species Clause: Limit one of each Pok\u00e9mon\n|rule|Item Clause: Limit 1 of each item\n|clearpoke\n|poke|p1|Miraidon, L50|\n|poke|p1|Iron Hands, L50|\n|poke|p1|Whimsicott, L50, F|\n|poke|p1|Ursaluna-Bloodmoon, L50, M|\n|poke|p1|Volcarona, L50, F|\n|poke|p1|Incineroar, L50, F|\n|poke|p2|Torkoal, L50, F|\n|poke|p2|Annihilape, L50, F|\n|poke|p2|Urshifu-*, L50, F|\n|poke|p2|Indeedee-F, L50, F|\n|poke|p2|Brute Bonnet, L50|\n|poke|p2|Calyrex-Ice, L50|\n|teampreview|4\n|j| Triple20\n|\n|t:|1738102523\n|start\n|switch|p1a: Incineroar|Incineroar, L50, F|100\/100\n|switch|p1b: Iron Hands|Iron Hands, L50|100\/100\n|switch|p2a: Indeedee|Indeedee-F, L50, F|100\/100\n|switch|p2b: Calyrex|Calyrex-Ice, L50|100\/100\n|-ability|p2b: Calyrex|As One\n|-ability|p2b: Calyrex|Unnerve\n|-fieldstart|move: Psychic Terrain|[from] ability: Psychic Surge|[of] p2a: Indeedee\n|-ability|p1a: Incineroar|Intimidate|boost\n|-unboost|p2a: Indeedee|atk|1\n|-fail|p2b: Calyrex|unboost|[from] item: Clear Amulet|[of] p2b: Calyrex\n|turn|1\n|inactive|Battle timer is ON: inactive players will automatically lose when time's up. (requested by coummmfpk)\n|\n|t:|1738102551\n|-end|p1b: Iron Hands|Quark Drive|[silent]\n|switch|p1b: Miraidon|Miraidon, L50|100\/100\n|-fieldstart|move: Electric Terrain|[from] ability: Hadron Engine|[of] p1b: Miraidon\n|move|p2b: Calyrex|Protect|p2b: Calyrex\n|-singleturn|p2b: Calyrex|Protect\n|move|p1a: Incineroar|Fake Out|p2b: Calyrex\n|-activate|p2b: Calyrex|move: Protect\n|move|p2a: Indeedee|Trick Room|p2a: Indeedee\n|-fieldstart|move: Trick Room|[of] p2a: Indeedee\n|\n|upkeep\n|turn|2\n|\n|t:|1738102576\n|-terastallize|p1b: Miraidon|Electric\n|move|p2a: Indeedee|Follow Me|p2a: Indeedee\n|-singleturn|p2a: Indeedee|move: Follow Me\n|move|p2b: Calyrex|Glacial Lance|p1b: Miraidon|[spread] p1a,p1b\n|-resisted|p1a: Incineroar\n|-damage|p1a: Incineroar|72\/100\n|-damage|p1b: Miraidon|60\/100\n|move|p1a: Incineroar|Parting Shot|p2a: Indeedee\n|-unboost|p2a: Indeedee|atk|1\n|-unboost|p2a: Indeedee|spa|1\n|\n|t:|1738102584\n|switch|p1a: Iron Hands|Iron Hands, L50|100\/100|[from] Parting Shot\n|-activate|p1a: Iron Hands|ability: Quark Drive\n|-start|p1a: Iron Hands|quarkdriveatk\n|move|p1b: Miraidon|Volt Switch|p2a: Indeedee\n|-damage|p2a: Indeedee|0 fnt\n|faint|p2a: Indeedee\n|\n|t:|1738102594\n|switch|p1b: Incineroar|Incineroar, L50, F|72\/100|[from] Volt Switch\n|-ability|p1b: Incineroar|Intimidate|boost\n|-fail|p2b: Calyrex|unboost|[from] item: Clear Amulet|[of] p2b: Calyrex\n|\n|upkeep\n|\n|t:|1738102608\n|switch|p2a: Torkoal|Torkoal, L50, F|100\/100\n|-weather|SunnyDay|[from] ability: Drought|[of] p2a: Torkoal\n|turn|3\n|inactive|xiyeye has 30 seconds left.\n|\n|t:|1738102641\n|move|p2b: Calyrex|Protect|p2b: Calyrex\n|-singleturn|p2b: Calyrex|Protect\n|move|p1a: Iron Hands|Fake Out|p2a: Torkoal\n|-damage|p2a: Torkoal|85\/100\n|cant|p2a: Torkoal|flinch\n|move|p1b: Incineroar|Snarl|p2a: Torkoal|[spread] p2a\n|-activate|p2b: Calyrex|move: Protect\n|-damage|p2a: Torkoal|71\/100\n|-unboost|p2a: Torkoal|spa|1\n|\n|-weather|SunnyDay|[upkeep]\n|upkeep\n|turn|4\n|inactive|xiyeye has 30 seconds left.\n|\n|t:|1738102669\n|move|p2a: Torkoal|Earth Power|p1b: Incineroar\n|-supereffective|p1b: Incineroar\n|-damage|p1b: Incineroar|33\/100\n|move|p1a: Iron Hands|Volt Switch|p2a: Torkoal\n|-damage|p2a: Torkoal|50\/100\n|\n|t:|1738102675\n|-end|p1a: Iron Hands|Quark Drive|[silent]\n|switch|p1a: Volcarona|Volcarona, L50, F|100\/100|[from] Volt Switch\n|move|p2b: Calyrex|High Horsepower|p1b: Incineroar\n|-supereffective|p1b: Incineroar\n|-damage|p1b: Incineroar|0 fnt\n|faint|p1b: Incineroar\n|-ability|p2b: Calyrex|Chilling Neigh|boost\n|-boost|p2b: Calyrex|atk|1\n|\n|-weather|SunnyDay|[upkeep]\n|upkeep\n|\n|t:|1738102686\n|switch|p1b: Iron Hands|Iron Hands, L50|100\/100\n|-activate|p1b: Iron Hands|ability: Quark Drive\n|-start|p1b: Iron Hands|quarkdriveatk\n|turn|5\n|inactive|xiyeye has 30 seconds left.\n|\n|t:|1738102720\n|switch|p2a: Brute Bonnet|Brute Bonnet, L50|100\/100\n|-activate|p2a: Brute Bonnet|ability: Protosynthesis\n|-start|p2a: Brute Bonnet|protosynthesisdef\n|move|p2b: Calyrex|Protect|p2b: Calyrex\n|-singleturn|p2b: Calyrex|Protect\n|move|p1b: Iron Hands|Fake Out|p2b: Calyrex\n|-activate|p2b: Calyrex|move: Protect\n|move|p1a: Volcarona|Overheat|p2b: Calyrex\n|-activate|p2b: Calyrex|move: Protect\n|\n|-weather|SunnyDay|[upkeep]\n|-fieldend|move: Trick Room\n|-fieldend|move: Electric Terrain\n|-end|p1b: Iron Hands|Quark Drive\n|upkeep\n|turn|6\n|inactive|coummmfpk has 30 seconds left.\n|inactive|xiyeye has 30 seconds left.\n|inactive|coummmfpk has 20 seconds left.\n|inactive|xiyeye has 20 seconds left.\n|inactive|coummmfpk has 15 seconds left.\n|\n|t:|1738102762\n|-terastallize|p2a: Brute Bonnet|Poison\n|move|p2a: Brute Bonnet|Rage Powder|p2a: Brute Bonnet\n|-singleturn|p2a: Brute Bonnet|move: Rage Powder\n|move|p1a: Volcarona|Overheat|p2a: Brute Bonnet\n|-damage|p2a: Brute Bonnet|14\/100\n|-unboost|p1a: Volcarona|spa|2\n|-enditem|p2a: Brute Bonnet|Sitrus Berry|[eat]\n|-heal|p2a: Brute Bonnet|39\/100|[from] item: Sitrus Berry\n|move|p1b: Iron Hands|Drain Punch|p2a: Brute Bonnet\n|-resisted|p2a: Brute Bonnet\n|-damage|p2a: Brute Bonnet|28\/100\n|move|p2b: Calyrex|Trick Room|p2b: Calyrex\n|-fieldstart|move: Trick Room|[of] p2b: Calyrex\n|\n|-weather|SunnyDay|[upkeep]\n|upkeep\n|turn|7\n|inactive|coummmfpk has 30 seconds left.\n|inactive|xiyeye has 30 seconds left.\n|j| TG511\n|inactive|coummmfpk has 20 seconds left.\n|inactive|coummmfpk has 15 seconds left.\n|inactive|coummmfpk has 10 seconds left.\n|\n|t:|1738102809\n|-end|p1b: Iron Hands|Quark Drive|[silent]\n|switch|p1b: Miraidon|Miraidon, L50, tera:Electric|60\/100\n|-fieldstart|move: Electric Terrain|[from] ability: Hadron Engine|[of] p1b: Miraidon\n|move|p2b: Calyrex|Glacial Lance|p1b: Miraidon|[spread] p1a,p1b\n|-resisted|p1a: Volcarona\n|-damage|p1a: Volcarona|60\/100\n|-damage|p1b: Miraidon|0 fnt\n|faint|p1b: Miraidon\n|-ability|p2b: Calyrex|Chilling Neigh|boost\n|-boost|p2b: Calyrex|atk|1\n|move|p2a: Brute Bonnet|Spore|p1a: Volcarona\n|-activate|p1a: Volcarona|move: Electric Terrain\n|move|p1a: Volcarona|Overheat|p2a: Brute Bonnet\n|-damage|p2a: Brute Bonnet|0 fnt\n|-unboost|p1a: Volcarona|spa|2\n|faint|p2a: Brute Bonnet\n|-end|p2a: Brute Bonnet|Protosynthesis|[silent]\n|\n|-weather|none\n|upkeep\n|-message|coummmfpk forfeited.\n|\n|win|xiyeye\n|raw|coummmfpk's rating: 1615 &rarr; <strong>1593<\/strong><br \/>(-22 for losing)\n|raw|xiyeye's rating: 1581 &rarr; <strong>1603<\/strong><br \/>(+22 for winning)\n|l|\u2606xiyeye\n|player|p2|\n|l| Triple20\n|l|\u2606coummmfpk\n|player|p1|\n","uploadtime":1738102985,"views":6,"formatid":"gen9vgc2025regg","rating":1593,"private":0,"password":null}