{"id":"gen9vgc2025regg-2290803770","format":"[Gen 9] VGC 2025 Reg G","players":["907vgc","Zeropoke7310"],"log":"|j|\u2606907vgc\n|j|\u2606Zeropoke7310\n|t:|1738191088\n|gametype|doubles\n|player|p1|907vgc|palmer|1572\n|player|p2|Zeropoke7310|steven|1664\n|teamsize|p1|6\n|teamsize|p2|6\n|gen|9\n|tier|[Gen 9] VGC 2025 Reg G\n|rated|\n|rule|Species Clause: Limit one of each Pok\u00e9mon\n|rule|Item Clause: Limit 1 of each item\n|clearpoke\n|poke|p1|Calyrex-Shadow, L50|\n|poke|p1|Indeedee-F, L50, F|\n|poke|p1|Chi-Yu, L50|\n|poke|p1|Tornadus, L50, M|\n|poke|p1|Urshifu-*, L50, M|\n|poke|p1|Ogerpon-Cornerstone, L50, F|\n|poke|p2|Zamazenta-*, L50|\n|poke|p2|Chien-Pao, L50|\n|poke|p2|Urshifu-*, L50, M|\n|poke|p2|Amoonguss, L50, F|\n|poke|p2|Rillaboom, L50, M|\n|poke|p2|Pelipper, L50, M|\n|teampreview|4\n|\n|t:|1738191115\n|start\n|switch|p1a: Urshifu|Urshifu-Rapid-Strike, L50, M|100\/100\n|switch|p1b: Chi-Yu|Chi-Yu, L50|100\/100\n|switch|p2a: Zamazenta|Zamazenta-Crowned, L50, shiny|100\/100\n|switch|p2b: Chien-Pao|Chien-Pao, L50|100\/100\n|-ability|p1b: Chi-Yu|Beads of Ruin\n|-ability|p2b: Chien-Pao|Sword of Ruin\n|-ability|p2a: Zamazenta|Dauntless Shield|boost\n|-boost|p2a: Zamazenta|def|1\n|turn|1\n|\n|t:|1738191140\n|switch|p2b: Urshifu|Urshifu-Rapid-Strike, L50, M|100\/100\n|-terastallize|p2a: Zamazenta|Grass\n|move|p1b: Chi-Yu|Heat Wave|p2a: Zamazenta|[spread] p2a\n|-miss|p1b: Chi-Yu|p2b: Urshifu\n|-supereffective|p2a: Zamazenta\n|-damage|p2a: Zamazenta|35\/100\n|move|p2a: Zamazenta|Body Press|p1b: Chi-Yu\n|-supereffective|p1b: Chi-Yu\n|-damage|p1b: Chi-Yu|0 fnt\n|faint|p1b: Chi-Yu\n|move|p1a: Urshifu|U-turn|p2b: Urshifu\n|-resisted|p2b: Urshifu\n|-damage|p2b: Urshifu|84\/100\n|\n|t:|1738191153\n|switch|p1a: Calyrex|Calyrex-Shadow, L50|100\/100|[from] U-turn\n|-ability|p1a: Calyrex|As One\n|-ability|p1a: Calyrex|Unnerve\n|\n|upkeep\n|\n|t:|1738191164\n|switch|p1b: Indeedee|Indeedee-F, L50, F, shiny|100\/100\n|-fieldstart|move: Psychic Terrain|[from] ability: Psychic Surge|[of] p1b: Indeedee\n|turn|2\n|j| oherrodersir\n|\n|t:|1738191196\n|-terastallize|p1a: Calyrex|Stellar\n|move|p2a: Zamazenta|Wide Guard|p2a: Zamazenta\n|-singleturn|p2a: Zamazenta|Wide Guard\n|move|p1b: Indeedee|Follow Me|p1b: Indeedee\n|-singleturn|p1b: Indeedee|move: Follow Me\n|move|p2b: Urshifu|U-turn|p1b: Indeedee\n|-supereffective|p1b: Indeedee\n|-damage|p1b: Indeedee|48\/100\n|\n|t:|1738191221\n|switch|p2b: Chien-Pao|Chien-Pao, L50|100\/100|[from] U-turn\n|-ability|p2b: Chien-Pao|Sword of Ruin\n|move|p1a: Calyrex|Tera Blast|p2a: Zamazenta|[anim] Tera Blast Stellar\n|-supereffective|p2a: Zamazenta\n|-damage|p2a: Zamazenta|0 fnt\n|-unboost|p1a: Calyrex|atk|1\n|-unboost|p1a: Calyrex|spa|1\n|faint|p2a: Zamazenta\n|-ability|p1a: Calyrex|Grim Neigh|boost\n|-boost|p1a: Calyrex|spa|1\n|\n|upkeep\n|\n|t:|1738191235\n|switch|p2a: Rillaboom|Rillaboom, L50, M|100\/100\n|-fieldstart|move: Grassy Terrain|[from] ability: Grassy Surge|[of] p2a: Rillaboom\n|turn|3\n|\n|t:|1738191254\n|switch|p1b: Urshifu|Urshifu-Rapid-Strike, L50, M|100\/100\n|move|p1a: Calyrex|Protect|p1a: Calyrex\n|-singleturn|p1a: Calyrex|Protect\n|move|p2a: Rillaboom|Fake Out|p1b: Urshifu\n|-damage|p1b: Urshifu|82\/100\n|move|p2b: Chien-Pao|Sucker Punch||[still]\n|-fail|p2b: Chien-Pao\n|\n|-heal|p1b: Urshifu|88\/100|[from] Grassy Terrain\n|upkeep\n|turn|4\n|\n|t:|1738191291\n|switch|p1a: Indeedee|Indeedee-F, L50, F, shiny|48\/100\n|-fieldstart|move: Psychic Terrain|[from] ability: Psychic Surge|[of] p1a: Indeedee\n|move|p2b: Chien-Pao|Sucker Punch||[still]\n|-fail|p2b: Chien-Pao\n|move|p1b: Urshifu|Surging Strikes|p2b: Chien-Pao\n|-crit|p2b: Chien-Pao\n|-damage|p2b: Chien-Pao|61\/100\n|-crit|p2b: Chien-Pao\n|-damage|p2b: Chien-Pao|22\/100\n|-crit|p2b: Chien-Pao\n|-damage|p2b: Chien-Pao|0 fnt\n|faint|p2b: Chien-Pao\n|-hitcount|p2: Chien-Pao|3\n|move|p2a: Rillaboom|Wood Hammer|p1a: Indeedee\n|-damage|p1a: Indeedee|0 fnt\n|faint|p1a: Indeedee\n|-damage|p2a: Rillaboom|87\/100|[from] Recoil\n|\n|upkeep\n|\n|t:|1738191311\n|switch|p2b: Urshifu|Urshifu-Rapid-Strike, L50, M|84\/100\n|switch|p1a: Calyrex|Calyrex-Shadow, L50, tera:Stellar|100\/100\n|-ability|p1a: Calyrex|As One\n|-ability|p1a: Calyrex|Unnerve\n|turn|5\n|\n|t:|1738191326\n|move|p2b: Urshifu|Surging Strikes|p1a: Calyrex\n|-crit|p1a: Calyrex\n|-damage|p1a: Calyrex|71\/100\n|-crit|p1a: Calyrex\n|-damage|p1a: Calyrex|42\/100\n|-crit|p1a: Calyrex\n|-damage|p1a: Calyrex|13\/100\n|-hitcount|p1a: Calyrex|3\n|move|p1a: Calyrex|Expanding Force|p2b: Urshifu|[spread] p2a,p2b\n|-supereffective|p2b: Urshifu\n|-damage|p2a: Rillaboom|22\/100\n|-damage|p2b: Urshifu|0 fnt\n|faint|p2b: Urshifu\n|-ability|p1a: Calyrex|Grim Neigh|boost\n|-boost|p1a: Calyrex|spa|1\n|move|p1b: Urshifu|Surging Strikes|p2a: Rillaboom\n|-resisted|p2a: Rillaboom\n|-crit|p2a: Rillaboom\n|-damage|p2a: Rillaboom|8\/100\n|-resisted|p2a: Rillaboom\n|-crit|p2a: Rillaboom\n|-damage|p2a: Rillaboom|0 fnt\n|faint|p2a: Rillaboom\n|-hitcount|p2: Rillaboom|2\n|\n|win|907vgc\n|raw|907vgc's rating: 1572 &rarr; <strong>1597<\/strong><br \/>(+25 for winning)\n|raw|Zeropoke7310's rating: 1664 &rarr; <strong>1639<\/strong><br \/>(-25 for losing)\n|l|\u2606Zeropoke7310\n|player|p2|\n","uploadtime":1738191340,"views":10,"formatid":"gen9vgc2025regg","rating":1597,"private":0,"password":null}