{"id":"gen9vgc2025regg-2290829113","format":"[Gen 9] VGC 2025 Reg G","players":["Duryodhan","907vgc"],"log":"|j|\u2606Duryodhan\n|j|\u2606907vgc\n|t:|1738194172\n|gametype|doubles\n|player|p1|Duryodhan|169|1568\n|player|p2|907vgc|palmer|1601\n|teamsize|p1|6\n|teamsize|p2|6\n|gen|9\n|tier|[Gen 9] VGC 2025 Reg G\n|rated|\n|rule|Species Clause: Limit one of each Pok\u00e9mon\n|rule|Item Clause: Limit 1 of each item\n|clearpoke\n|poke|p1|Calyrex-Ice, L50|\n|poke|p1|Gallade, L50, M|\n|poke|p1|Indeedee-F, L50, F|\n|poke|p1|Raging Bolt, L50|\n|poke|p1|Amoonguss, L50, M|\n|poke|p1|Ursaluna, L50, M|\n|poke|p2|Calyrex-Shadow, L50|\n|poke|p2|Indeedee-F, L50, F|\n|poke|p2|Chi-Yu, L50|\n|poke|p2|Tornadus, L50, M|\n|poke|p2|Urshifu-*, L50, M|\n|poke|p2|Ogerpon-Cornerstone, L50, F|\n|teampreview|4\n|inactive|Battle timer is ON: inactive players will automatically lose when time's up. (requested by Duryodhan)\n|\n|t:|1738194207\n|start\n|switch|p1a: Gallade|Gallade, L50, M|100\/100\n|switch|p1b: Indeedee|Indeedee-F, L50, F|100\/100\n|switch|p2a: Urshifu|Urshifu-Rapid-Strike, L50, M|100\/100\n|switch|p2b: Indeedee|Indeedee-F, L50, F, shiny|100\/100\n|-fieldstart|move: Psychic Terrain|[from] ability: Psychic Surge|[of] p2b: Indeedee\n|turn|1\n|\n|t:|1738194225\n|move|p2b: Indeedee|Helping Hand|p2a: Urshifu\n|-singleturn|p2a: Urshifu|Helping Hand|[of] p2b: Indeedee\n|move|p2a: Urshifu|Surging Strikes|p1a: Gallade\n|-crit|p1a: Gallade\n|-damage|p1a: Gallade|46\/100\n|-crit|p1a: Gallade\n|-damage|p1a: Gallade|0 fnt\n|faint|p1a: Gallade\n|-hitcount|p1: Gallade|2\n|move|p1b: Indeedee|Trick Room|p1b: Indeedee\n|-fieldstart|move: Trick Room|[of] p1b: Indeedee\n|\n|upkeep\n|\n|t:|1738194249\n|switch|p1a: Calyrex|Calyrex-Ice, L50|100\/100\n|-ability|p1a: Calyrex|As One\n|-ability|p1a: Calyrex|Unnerve\n|turn|2\n|\n|t:|1738194258\n|-terastallize|p1a: Calyrex|Dark\n|-terastallize|p2b: Indeedee|Water\n|move|p1b: Indeedee|Helping Hand|p1a: Calyrex\n|-singleturn|p1a: Calyrex|Helping Hand|[of] p1b: Indeedee\n|move|p1a: Calyrex|Crunch|p2b: Indeedee\n|-damage|p2b: Indeedee|15\/100\n|-unboost|p2b: Indeedee|def|1\n|move|p2a: Urshifu|Surging Strikes|p1b: Indeedee\n|-crit|p1b: Indeedee\n|-damage|p1b: Indeedee|72\/100\n|-crit|p1b: Indeedee\n|-damage|p1b: Indeedee|45\/100\n|-crit|p1b: Indeedee\n|-damage|p1b: Indeedee|15\/100\n|-hitcount|p1b: Indeedee|3\n|move|p2b: Indeedee|Trick Room|p2b: Indeedee\n|-fieldend|move: Trick Room\n|\n|upkeep\n|turn|3\n|j| JB Fightemup\n|inactive|907vgc has 30 seconds left.\n|\n|t:|1738194284\n|move|p1b: Indeedee|Follow Me|p1b: Indeedee\n|-singleturn|p1b: Indeedee|move: Follow Me\n|move|p2a: Urshifu|Surging Strikes|p1b: Indeedee\n|-crit|p1b: Indeedee\n|-damage|p1b: Indeedee|0 fnt\n|faint|p1b: Indeedee\n|-hitcount|p1: Indeedee|1\n|move|p2b: Indeedee|Alluring Voice|p1a: Calyrex\n|-supereffective|p1a: Calyrex\n|-damage|p1a: Calyrex|74\/100\n|move|p1a: Calyrex|Glacial Lance|p2a: Urshifu|[spread] p2a,p2b\n|-resisted|p2a: Urshifu\n|-resisted|p2b: Indeedee\n|-damage|p2a: Urshifu|71\/100\n|-damage|p2b: Indeedee|0 fnt\n|faint|p2b: Indeedee\n|-ability|p1a: Calyrex|Chilling Neigh|boost\n|-boost|p1a: Calyrex|atk|1\n|\n|upkeep\n|\n|t:|1738194305\n|switch|p2b: Chi-Yu|Chi-Yu, L50|100\/100\n|switch|p1b: Ursaluna|Ursaluna, L50, M|100\/100\n|-ability|p2b: Chi-Yu|Beads of Ruin\n|turn|4\n|\n|t:|1738194324\n|move|p2b: Chi-Yu|Overheat|p1a: Calyrex|[miss]\n|-miss|p2b: Chi-Yu|p1a: Calyrex\n|move|p2a: Urshifu|Surging Strikes|p1a: Calyrex\n|-crit|p1a: Calyrex\n|-damage|p1a: Calyrex|56\/100\n|-crit|p1a: Calyrex\n|-damage|p1a: Calyrex|37\/100\n|-crit|p1a: Calyrex\n|-damage|p1a: Calyrex|18\/100\n|-hitcount|p1a: Calyrex|3\n|move|p1b: Ursaluna|Headlong Rush|p2b: Chi-Yu\n|-supereffective|p2b: Chi-Yu\n|-damage|p2b: Chi-Yu|0 fnt\n|-unboost|p1b: Ursaluna|def|1\n|-unboost|p1b: Ursaluna|spd|1\n|faint|p2b: Chi-Yu\n|move|p1a: Calyrex|Trick Room|p1a: Calyrex\n|-fieldstart|move: Trick Room|[of] p1a: Calyrex\n|\n|-status|p1b: Ursaluna|brn|[from] item: Flame Orb\n|upkeep\n|\n|t:|1738194332\n|switch|p2b: Calyrex|Calyrex-Shadow, L50|100\/100\n|-ability|p2b: Calyrex|As One\n|-ability|p2b: Calyrex|Unnerve\n|turn|5\n|j| mr pogostick\n|inactive|907vgc has 30 seconds left.\n|\n|t:|1738194364\n|move|p1a: Calyrex|Crunch|p2b: Calyrex\n|-supereffective|p2b: Calyrex\n|-enditem|p2b: Calyrex|Focus Sash\n|-damage|p2b: Calyrex|1\/100\n|move|p1b: Ursaluna|Facade|p2a: Urshifu\n|-damage|p2a: Urshifu|0 fnt\n|faint|p2a: Urshifu\n|move|p2b: Calyrex|Expanding Force|p1b: Ursaluna|[spread] p1b\n|-immune|p1a: Calyrex\n|-damage|p1b: Ursaluna|0 fnt\n|faint|p1b: Ursaluna\n|-ability|p2b: Calyrex|Grim Neigh|boost\n|-boost|p2b: Calyrex|spa|1\n|\n|-fieldend|move: Psychic Terrain\n|upkeep\n|turn|6\n|\n|t:|1738194374\n|move|p2b: Calyrex|Protect|p2b: Calyrex\n|-singleturn|p2b: Calyrex|Protect\n|move|p1a: Calyrex|Glacial Lance|p2b: Calyrex\n|-activate|p2b: Calyrex|move: Protect\n|\n|upkeep\n|turn|7\n|\n|t:|1738194377\n|move|p2b: Calyrex|Protect||[still]\n|-fail|p2b: Calyrex\n|move|p1a: Calyrex|Glacial Lance|p2b: Calyrex\n|-damage|p2b: Calyrex|0 fnt\n|faint|p2b: Calyrex\n|\n|win|Duryodhan\n|raw|Duryodhan's rating: 1568 &rarr; <strong>1590<\/strong><br \/>(+22 for winning)\n|raw|907vgc's rating: 1601 &rarr; <strong>1579<\/strong><br \/>(-22 for losing)\n|l|\u2606Duryodhan\n|player|p1|\n|l| mr pogostick\n|l| JB Fightemup\n|l|\u2606907vgc\n|player|p2|\n","uploadtime":1738194630,"views":18,"formatid":"gen9vgc2025regg","rating":1579,"private":0,"password":null}