{"id":"gen9vgc2025regg-2290646903","format":"[Gen 9] VGC 2025 Reg G","players":["avaddov","ParadoxPerry"],"log":"|j|\u2606avaddov\n|j|\u2606ParadoxPerry\n|t:|1738174969\n|gametype|doubles\n|player|p1|avaddov|cynthia-masters|1549\n|player|p2|ParadoxPerry|guitarist|1558\n|teamsize|p1|6\n|teamsize|p2|6\n|gen|9\n|tier|[Gen 9] VGC 2025 Reg G\n|rated|\n|rule|Species Clause: Limit one of each Pok\u00e9mon\n|rule|Item Clause: Limit 1 of each item\n|clearpoke\n|poke|p1|Miraidon, L50|\n|poke|p1|Iron Bundle, L50|\n|poke|p1|Iron Hands, L50|\n|poke|p1|Farigiraf, L50, F|\n|poke|p1|Chi-Yu, L50|\n|poke|p1|Ursaluna-Bloodmoon, L50, M|\n|poke|p2|Calyrex-Ice, L50|\n|poke|p2|Ogerpon-Hearthflame, L50, F|\n|poke|p2|Urshifu-*, L50, F|\n|poke|p2|Amoonguss, L50, M|\n|poke|p2|Roaring Moon, L50|\n|poke|p2|Landorus, L50, M|\n|teampreview|4\n|inactive|Battle timer is ON: inactive players will automatically lose when time's up. (requested by ParadoxPerry)\n|inactive|avaddov has 60 seconds left.\n|\n|t:|1738175020\n|start\n|switch|p1a: Agias|Miraidon, L50|100\/100\n|switch|p1b: Dell-eBird|Iron Bundle, L50, shiny|100\/100\n|switch|p2a: Calyrex|Calyrex-Ice, L50|100\/100\n|switch|p2b: Ogerpon|Ogerpon-Hearthflame, L50, F|100\/100\n|-ability|p2a: Calyrex|As One\n|-ability|p2a: Calyrex|Unnerve\n|-fieldstart|move: Electric Terrain|[from] ability: Hadron Engine|[of] p1a: Agias\n|-activate|p1b: Dell-eBird|ability: Quark Drive\n|-start|p1b: Dell-eBird|quarkdrivespe\n|-ability|p2b: Ogerpon|Mold Breaker\n|turn|1\n|inactive|avaddov has 30 seconds left.\n|inactive|avaddov has 20 seconds left.\n|inactive|avaddov has 15 seconds left.\n|\n|t:|1738175065\n|move|p2b: Ogerpon|Follow Me|p2b: Ogerpon\n|-singleturn|p2b: Ogerpon|move: Follow Me\n|move|p1b: Dell-eBird|Freeze-Dry|p2b: Ogerpon\n|-damage|p2b: Ogerpon|64\/100\n|move|p1a: Agias|Electro Drift|p2b: Ogerpon\n|-resisted|p2b: Ogerpon\n|-crit|p2b: Ogerpon\n|-damage|p2b: Ogerpon|0 fnt\n|faint|p2b: Ogerpon\n|move|p2a: Calyrex|Trick Room|p2a: Calyrex\n|-fieldstart|move: Trick Room|[of] p2a: Calyrex\n|\n|upkeep\n|\n|t:|1738175073\n|switch|p2b: Landorus|Landorus, L50, M|100\/100\n|turn|2\n|\n|t:|1738175096\n|switch|p1a: Bigweld|Iron Hands, L50, shiny|100\/100\n|-activate|p1a: Bigweld|ability: Quark Drive\n|-start|p1a: Bigweld|quarkdriveatk\n|-terastallize|p2b: Landorus|Water\n|move|p2a: Calyrex|Glacial Lance|p1b: Dell-eBird|[spread] p1a,p1b\n|-resisted|p1b: Dell-eBird\n|-damage|p1a: Bigweld|65\/100\n|-damage|p1b: Dell-eBird|84\/100\n|move|p2b: Landorus|Earth Power|p1a: Bigweld\n|-supereffective|p1a: Bigweld\n|-damage|p1a: Bigweld|0 fnt\n|faint|p1a: Bigweld\n|-end|p1a: Bigweld|Quark Drive|[silent]\n|move|p1b: Dell-eBird|Freeze-Dry|p2b: Landorus\n|-supereffective|p2b: Landorus\n|-damage|p2b: Landorus|29\/100\n|\n|upkeep\n|j| ChilledLotusA\n|\n|t:|1738175121\n|switch|p1a: Envy|Chi-Yu, L50|100\/100\n|-ability|p1a: Envy|Beads of Ruin\n|turn|3\n|inactive|ParadoxPerry has 30 seconds left.\n|\n|t:|1738175147\n|move|p2a: Calyrex|Glacial Lance|p1a: Envy|[spread] p1a,p1b\n|-resisted|p1a: Envy\n|-resisted|p1b: Dell-eBird\n|-damage|p1a: Envy|58\/100\n|-damage|p1b: Dell-eBird|68\/100\n|move|p2b: Landorus|Earth Power|p1a: Envy\n|-supereffective|p1a: Envy\n|-damage|p1a: Envy|0 fnt\n|faint|p1a: Envy\n|move|p1b: Dell-eBird|Freeze-Dry|p2b: Landorus\n|-supereffective|p2b: Landorus\n|-damage|p2b: Landorus|0 fnt\n|faint|p2b: Landorus\n|\n|upkeep\n|\n|t:|1738175158\n|switch|p2b: Roaring Moon|Roaring Moon, L50|100\/100\n|switch|p1a: Agias|Miraidon, L50|100\/100\n|-activate|p1a: Agias|ability: Hadron Engine\n|-enditem|p2b: Roaring Moon|Booster Energy\n|-activate|p2b: Roaring Moon|ability: Protosynthesis|[fromitem]\n|-start|p2b: Roaring Moon|protosynthesisspe\n|turn|4\n|inactive|ParadoxPerry has 30 seconds left.\n|inactive|ParadoxPerry has 20 seconds left.\n|inactive|ParadoxPerry has 15 seconds left.\n|inactive|ParadoxPerry has 10 seconds left.\n|\n|t:|1738175206\n|-terastallize|p1a: Agias|Electric\n|move|p2a: Calyrex|Glacial Lance|p1b: Dell-eBird|[spread] p1a,p1b\n|-resisted|p1b: Dell-eBird\n|-damage|p1a: Agias|44\/100\n|-damage|p1b: Dell-eBird|52\/100\n|move|p1a: Agias|Electro Drift|p2a: Calyrex\n|-damage|p2a: Calyrex|0 fnt\n|faint|p2a: Calyrex\n|move|p2b: Roaring Moon|Acrobatics|p1a: Agias\n|-resisted|p1a: Agias\n|-damage|p1a: Agias|27\/100\n|move|p1b: Dell-eBird|Freeze-Dry|p2b: Roaring Moon\n|-supereffective|p2b: Roaring Moon\n|-crit|p2b: Roaring Moon\n|-damage|p2b: Roaring Moon|12\/100\n|\n|upkeep\n|turn|5\n|\n|t:|1738175226\n|move|p1a: Agias|Electro Drift|p2b: Roaring Moon\n|-resisted|p2b: Roaring Moon\n|-damage|p2b: Roaring Moon|0 fnt\n|faint|p2b: Roaring Moon\n|-end|p2b: Roaring Moon|Protosynthesis|[silent]\n|\n|win|avaddov\n|raw|avaddov's rating: 1549 &rarr; <strong>1570<\/strong><br \/>(+21 for winning)\n|raw|ParadoxPerry's rating: 1558 &rarr; <strong>1537<\/strong><br \/>(-21 for losing)\n|l|\u2606ParadoxPerry\n|player|p2|\n|l| ChilledLotusA\n","uploadtime":1738175392,"views":18,"formatid":"gen9vgc2025regg","rating":1537,"private":0,"password":null}