{"id":"gen9vgc2025regg-2290719360","format":"[Gen 9] VGC 2025 Reg G","players":["Mildly Displeased","tommy2436"],"log":"|j|\u2606Mildly Displeased\n|j|\u2606tommy2436\n|t:|1738181952\n|gametype|doubles\n|player|p1|Mildly Displeased|lillie|1518\n|player|p2|tommy2436|2|1596\n|teamsize|p1|6\n|teamsize|p2|6\n|gen|9\n|tier|[Gen 9] VGC 2025 Reg G\n|rated|\n|rule|Species Clause: Limit one of each Pok\u00e9mon\n|rule|Item Clause: Limit 1 of each item\n|clearpoke\n|poke|p1|Primarina, L50, M|\n|poke|p1|Talonflame, L50, F|\n|poke|p1|Zamazenta-*, L50|\n|poke|p1|Rillaboom, L50, M|\n|poke|p1|Iron Treads, L50|\n|poke|p1|Chien-Pao, L50|\n|poke|p2|Calyrex-Ice, L50|\n|poke|p2|Urshifu-*, L50, M|\n|poke|p2|Raging Bolt, L50|\n|poke|p2|Pelipper, L50, F|\n|poke|p2|Iron Valiant, L50|\n|poke|p2|Chien-Pao, L50|\n|teampreview|4\n|inactive|Battle timer is ON: inactive players will automatically lose when time's up. (requested by Mildly Displeased)\n|inactive|tommy2436 has 60 seconds left.\n|\n|t:|1738181999\n|start\n|switch|p1a: Talonflame|Talonflame, L50, F, shiny|100\/100\n|switch|p1b: Zamazenta|Zamazenta-Crowned, L50|100\/100\n|switch|p2a: Urshifu|Urshifu-Rapid-Strike, L50, M|100\/100\n|switch|p2b: Iron Valiant|Iron Valiant, L50|100\/100\n|-ability|p1b: Zamazenta|Dauntless Shield|boost\n|-boost|p1b: Zamazenta|def|1\n|-enditem|p2b: Iron Valiant|Booster Energy\n|-activate|p2b: Iron Valiant|ability: Quark Drive|[fromitem]\n|-start|p2b: Iron Valiant|quarkdrivespe\n|turn|1\n|\n|t:|1738182031\n|-terastallize|p2b: Iron Valiant|Steel\n|move|p1a: Talonflame|Brave Bird|p2a: Urshifu\n|-supereffective|p2a: Urshifu\n|-enditem|p2a: Urshifu|Focus Sash\n|-damage|p2a: Urshifu|1\/100\n|-damage|p1a: Talonflame|63\/100|[from] Recoil\n|move|p2b: Iron Valiant|Icy Wind|p1a: Talonflame|[spread] p1a,p1b\n|-resisted|p1b: Zamazenta\n|-damage|p1a: Talonflame|45\/100\n|-damage|p1b: Zamazenta|97\/100\n|-unboost|p1a: Talonflame|spe|1\n|-unboost|p1b: Zamazenta|spe|1\n|move|p2a: Urshifu|Surging Strikes|p1b: Zamazenta\n|-crit|p1b: Zamazenta\n|-damage|p1b: Zamazenta|83\/100\n|-crit|p1b: Zamazenta\n|-damage|p1b: Zamazenta|69\/100\n|-crit|p1b: Zamazenta\n|-damage|p1b: Zamazenta|57\/100\n|-hitcount|p1b: Zamazenta|3\n|move|p1b: Zamazenta|Heavy Slam|p2b: Iron Valiant\n|-resisted|p2b: Iron Valiant\n|-damage|p2b: Iron Valiant|76\/100\n|\n|upkeep\n|turn|2\n|inactive|tommy2436 has 30 seconds left.\n|inactive|tommy2436 has 20 seconds left.\n|inactive|tommy2436 has 15 seconds left.\n|inactive|tommy2436 has 10 seconds left.\n|inactive|tommy2436 has 5 seconds left.\n|\n|t:|1738182083\n|-terastallize|p1b: Zamazenta|Ghost\n|move|p2b: Iron Valiant|Encore|p1b: Zamazenta\n|-start|p1b: Zamazenta|Encore\n|move|p2a: Urshifu|Surging Strikes|p1a: Talonflame\n|-supereffective|p1a: Talonflame\n|-crit|p1a: Talonflame\n|-damage|p1a: Talonflame|0 fnt\n|faint|p1a: Talonflame\n|-hitcount|p1: Talonflame|1\n|move|p1b: Zamazenta|Heavy Slam|p2b: Iron Valiant\n|-resisted|p2b: Iron Valiant\n|-damage|p2b: Iron Valiant|52\/100\n|\n|upkeep\n|\n|t:|1738182095\n|switch|p1a: Rillaboom|Rillaboom, L50, M|100\/100\n|-fieldstart|move: Grassy Terrain|[from] ability: Grassy Surge|[of] p1a: Rillaboom\n|turn|3\n|\n|t:|1738182116\n|switch|p2a: Raging Bolt|Raging Bolt, L50|100\/100\n|switch|p1b: Iron Treads|Iron Treads, L50|100\/100\n|-enditem|p1b: Iron Treads|Booster Energy\n|-activate|p1b: Iron Treads|ability: Quark Drive|[fromitem]\n|-start|p1b: Iron Treads|quarkdrivespe\n|move|p1a: Rillaboom|Fake Out|p2a: Raging Bolt\n|-damage|p2a: Raging Bolt|86\/100\n|move|p2b: Iron Valiant|Moonblast|p1b: Iron Treads\n|-resisted|p1b: Iron Treads\n|-damage|p1b: Iron Treads|72\/100\n|\n|-heal|p1b: Iron Treads|78\/100|[from] Grassy Terrain\n|-heal|p2b: Iron Valiant|59\/100|[from] Grassy Terrain\n|-heal|p2a: Raging Bolt|92\/100|[from] Grassy Terrain\n|upkeep\n|turn|4\n|inactive|tommy2436 has 30 seconds left.\n|inactive|tommy2436 has 20 seconds left.\n|inactive|tommy2436 has 15 seconds left.\n|inactive|tommy2436 has 10 seconds left.\n|j| Mimikyu1193\n|\n|t:|1738182165\n|move|p1b: Iron Treads|High Horsepower|p2b: Iron Valiant\n|-supereffective|p2b: Iron Valiant\n|-damage|p2b: Iron Valiant|0 fnt\n|faint|p2b: Iron Valiant\n|-end|p2b: Iron Valiant|Quark Drive|[silent]\n|move|p2a: Raging Bolt|Draco Meteor|p1b: Iron Treads\n|-resisted|p1b: Iron Treads\n|-damage|p1b: Iron Treads|27\/100\n|-unboost|p2a: Raging Bolt|spa|2\n|move|p1a: Rillaboom|High Horsepower|p2a: Raging Bolt\n|-supereffective|p2a: Raging Bolt\n|-damage|p2a: Raging Bolt|23\/100\n|\n|-heal|p1b: Iron Treads|33\/100|[from] Grassy Terrain\n|-heal|p2a: Raging Bolt|29\/100|[from] Grassy Terrain\n|upkeep\n|\n|t:|1738182180\n|switch|p2b: Calyrex|Calyrex-Ice, L50|100\/100\n|-ability|p2b: Calyrex|As One\n|-ability|p2b: Calyrex|Unnerve\n|turn|5\n|\n|t:|1738182201\n|move|p2a: Raging Bolt|Protect|p2a: Raging Bolt\n|-singleturn|p2a: Raging Bolt|Protect\n|move|p1b: Iron Treads|Iron Head|p2b: Calyrex\n|-supereffective|p2b: Calyrex\n|-damage|p2b: Calyrex|47\/100\n|move|p1a: Rillaboom|Wood Hammer|p2b: Calyrex\n|-damage|p2b: Calyrex|0 fnt\n|faint|p2b: Calyrex\n|-damage|p1a: Rillaboom|86\/100|[from] Recoil\n|\n|-heal|p1b: Iron Treads|39\/100|[from] Grassy Terrain\n|-heal|p2a: Raging Bolt|35\/100|[from] Grassy Terrain\n|-heal|p1a: Rillaboom|92\/100|[from] Grassy Terrain\n|upkeep\n|-message|tommy2436 forfeited.\n|\n|win|Mildly Displeased\n|raw|Mildly Displeased's rating: 1518 &rarr; <strong>1542<\/strong><br \/>(+24 for winning)\n|raw|tommy2436's rating: 1596 &rarr; <strong>1572<\/strong><br \/>(-24 for losing)\n|l| Mimikyu1193\n|l|\u2606Mildly Displeased\n|player|p1|\n","uploadtime":1738182429,"views":15,"formatid":"gen9vgc2025regg","rating":1542,"private":0,"password":null}