{"id":"gen9vgc2025regg-2290921569","format":"[Gen 9] VGC 2025 Reg G","players":["madgiraffe","cobalt_poke"],"log":"|j|\u2606madgiraffe\n|j|\u2606cobalt_poke\n|t:|1738206236\n|gametype|doubles\n|player|p1|madgiraffe|101|1524\n|player|p2|cobalt_poke|102|1610\n|teamsize|p1|6\n|teamsize|p2|6\n|gen|9\n|tier|[Gen 9] VGC 2025 Reg G\n|rated|\n|rule|Species Clause: Limit one of each Pok\u00e9mon\n|rule|Item Clause: Limit 1 of each item\n|clearpoke\n|poke|p1|Miraidon, L50|\n|poke|p1|Landorus, L50, M|\n|poke|p1|Iron Jugulis, L50|\n|poke|p1|Electivire, L50, M|\n|poke|p1|Urshifu-*, L50, M|\n|poke|p1|Chien-Pao, L50|\n|poke|p2|Weezing-Galar, L50, F|\n|poke|p2|Calyrex-Shadow, L50|\n|poke|p2|Dondozo, L50, M|\n|poke|p2|Tatsugiri, L50, F|\n|poke|p2|Incineroar, L50, F|\n|poke|p2|Roaring Moon, L50|\n|teampreview|4\n|inactive|Battle timer is ON: inactive players will automatically lose when time's up. (requested by madgiraffe)\n|inactive|madgiraffe has 60 seconds left.\n|inactive|cobalt_poke has 60 seconds left.\n|\n|t:|1738206283\n|start\n|switch|p1a: Landorus|Landorus, L50, M|100\/100\n|switch|p1b: Iron Jugulis|Iron Jugulis, L50|100\/100\n|switch|p2a: Calyrex|Calyrex-Shadow, L50|100\/100\n|switch|p2b: Weezing|Weezing-Galar, L50, F|100\/100\n|-ability|p2b: Weezing|Neutralizing Gas\n|-ability|p2a: Calyrex|As One\n|-ability|p2a: Calyrex|Unnerve\n|turn|1\n|\n|t:|1738206304\n|move|p1a: Landorus|Protect|p1a: Landorus\n|-singleturn|p1a: Landorus|Protect\n|move|p2a: Calyrex|Astral Barrage|p1b: Iron Jugulis|[spread] p1b\n|-activate|p1a: Landorus|move: Protect\n|-resisted|p1b: Iron Jugulis\n|-damage|p1b: Iron Jugulis|62\/100\n|move|p1b: Iron Jugulis|Tailwind|p1b: Iron Jugulis\n|-sidestart|p1: madgiraffe|move: Tailwind\n|move|p2b: Weezing|Poison Gas|p1a: Landorus|[spread] p1b\n|-activate|p1a: Landorus|move: Protect\n|-status|p1b: Iron Jugulis|psn\n|\n|-damage|p1b: Iron Jugulis|49\/100 psn|[from] psn\n|upkeep\n|turn|2\n|j| jdarcan\n|\n|t:|1738206314\n|move|p1b: Iron Jugulis|Dark Pulse|p2a: Calyrex\n|-supereffective|p2a: Calyrex\n|-damage|p2a: Calyrex|0 fnt\n|faint|p2a: Calyrex\n|move|p1a: Landorus|Earth Power|p2b: Weezing\n|-supereffective|p2b: Weezing\n|-damage|p2b: Weezing|10\/100\n|-enditem|p2b: Weezing|Sitrus Berry|[eat]\n|-heal|p2b: Weezing|35\/100|[from] item: Sitrus Berry\n|-damage|p1a: Landorus|91\/100|[from] item: Life Orb\n|move|p2b: Weezing|Toxic Spikes|p1a: Landorus\n|-sidestart|p1: madgiraffe|move: Toxic Spikes\n|\n|-damage|p1b: Iron Jugulis|37\/100 psn|[from] psn\n|upkeep\n|\n|t:|1738206336\n|switch|p2a: Dondozo|Dondozo, L50, M|100\/100\n|turn|3\n|\n|t:|1738206347\n|-end|p2b: Weezing|ability: Neutralizing Gas\n|switch|p2b: Tatsugiri|Tatsugiri, L50, F|100\/100\n|-enditem|p1b: Iron Jugulis|Booster Energy\n|-activate|p1b: Iron Jugulis|ability: Quark Drive|[fromitem]\n|-start|p1b: Iron Jugulis|quarkdrivespe\n|-activate|p2b: Tatsugiri|ability: Commander|[of] p2a: Dondozo\n|-boost|p2a: Dondozo|atk|2\n|-boost|p2a: Dondozo|spa|2\n|-boost|p2a: Dondozo|spe|2\n|-boost|p2a: Dondozo|def|2\n|-boost|p2a: Dondozo|spd|2\n|move|p1b: Iron Jugulis|Taunt|p2a: Dondozo\n|-start|p2a: Dondozo|move: Taunt\n|move|p1a: Landorus|Substitute|p1a: Landorus\n|-start|p1a: Landorus|Substitute\n|-damage|p1a: Landorus|66\/100\n|move|p2a: Dondozo|Wave Crash|p1a: Landorus\n|-supereffective|p1a: Landorus\n|-end|p1a: Landorus|Substitute\n|-damage|p2a: Dondozo|95\/100|[from] Recoil|[of] p1a: Landorus\n|\n|-heal|p2a: Dondozo|100\/100|[from] item: Leftovers\n|-damage|p1b: Iron Jugulis|24\/100 psn|[from] psn\n|upkeep\n|turn|4\n|\n|t:|1738206370\n|move|p1b: Iron Jugulis|Air Slash|p2a: Dondozo\n|-damage|p2a: Dondozo|85\/100\n|move|p1a: Landorus|Earth Power|p2a: Dondozo\n|-damage|p2a: Dondozo|50\/100\n|cant|p2a: Dondozo|flinch\n|\n|-heal|p2a: Dondozo|56\/100|[from] item: Leftovers\n|-damage|p1b: Iron Jugulis|12\/100 psn|[from] psn\n|-sideend|p1: madgiraffe|move: Tailwind\n|upkeep\n|turn|5\n|-message|cobalt_poke forfeited.\n|\n|win|madgiraffe\n|raw|madgiraffe's rating: 1524 &rarr; <strong>1549<\/strong><br \/>(+25 for winning)\n|raw|cobalt_poke's rating: 1610 &rarr; <strong>1585<\/strong><br \/>(-25 for losing)\n|l|\u2606cobalt_poke\n|player|p2|\n|l|\u2606madgiraffe\n|player|p1|\n","uploadtime":1738206567,"views":8,"formatid":"gen9vgc2025regg","rating":1549,"private":0,"password":null}