{"id":"gen9vgc2025regg-2290498528","format":"[Gen 9] VGC 2025 Reg G","players":["ComputerYui","maddokyoma"],"log":"|j|\u2606ComputerYui\n|j|\u2606maddokyoma\n|t:|1738160264\n|gametype|doubles\n|player|p1|ComputerYui|102|1555\n|player|p2|maddokyoma|volo|1562\n|teamsize|p1|6\n|teamsize|p2|6\n|gen|9\n|tier|[Gen 9] VGC 2025 Reg G\n|rated|\n|rule|Species Clause: Limit one of each Pok\u00e9mon\n|rule|Item Clause: Limit 1 of each item\n|clearpoke\n|poke|p1|Armarouge, L50, M|\n|poke|p1|Indeedee-F, L50, F|\n|poke|p1|Koraidon, L50|\n|poke|p1|Whimsicott, L50, F|\n|poke|p1|Walking Wake, L50|\n|poke|p1|Iron Valiant, L50|\n|poke|p2|Miraidon, L50|\n|poke|p2|Chi-Yu, L50|\n|poke|p2|Iron Hands, L50|\n|poke|p2|Farigiraf, L50, F|\n|poke|p2|Pelipper, L50, M|\n|poke|p2|Ogerpon-Wellspring, L50, F|\n|teampreview|4\n|inactive|Battle timer is ON: inactive players will automatically lose when time's up. (requested by maddokyoma)\nmaddokyoma rejected open team sheets.\n|\n|t:|1738160295\n|start\n|switch|p1a: Walking Wake|Walking Wake, L50|100\/100\n|switch|p1b: Koraidon|Koraidon, L50|100\/100\n|switch|p2a: Miraidon|Miraidon, L50|100\/100\n|switch|p2b: Iron Hands|Iron Hands, L50|100\/100\n|-weather|SunnyDay|[from] ability: Orichalcum Pulse|[of] p1b: Koraidon\n|-activate|p1a: Walking Wake|ability: Protosynthesis\n|-start|p1a: Walking Wake|protosynthesisspa\n|-activate|p1b: Koraidon|Orichalcum Pulse|[source]\n|-fieldstart|move: Electric Terrain|[from] ability: Hadron Engine|[of] p2a: Miraidon\n|-activate|p2b: Iron Hands|ability: Quark Drive\n|-start|p2b: Iron Hands|quarkdriveatk\n|-enditem|p2b: Iron Hands|Electric Seed\n|-boost|p2b: Iron Hands|def|1|[from] item: Electric Seed\n|turn|1\n|inactive|ComputerYui has 30 seconds left.\n|inactive|maddokyoma has 30 seconds left.\n|inactive|ComputerYui has 20 seconds left.\n|inactive|ComputerYui has 15 seconds left.\n|\n|t:|1738160337\n|switch|p1b: Indeedee|Indeedee-F, L50, F, shiny|100\/100\n|-fieldstart|move: Psychic Terrain|[from] ability: Psychic Surge|[of] p1b: Indeedee\n|-end|p2b: Iron Hands|Quark Drive\n|switch|p2a: Pelipper|Pelipper, L50, M|100\/100\n|-weather|RainDance|[from] ability: Drizzle|[of] p2a: Pelipper\n|-end|p1a: Walking Wake|Protosynthesis\n|-terastallize|p2b: Iron Hands|Grass\n|move|p1a: Walking Wake|Hydro Steam|p2b: Iron Hands\n|-resisted|p2b: Iron Hands\n|-damage|p2b: Iron Hands|60\/100\n|-damage|p1a: Walking Wake|91\/100|[from] item: Life Orb\n|move|p2b: Iron Hands|Swords Dance|p2b: Iron Hands\n|-boost|p2b: Iron Hands|atk|2\n|\n|-weather|RainDance|[upkeep]\n|upkeep\n|turn|2\n|inactive|ComputerYui has 30 seconds left.\n|inactive|maddokyoma has 30 seconds left.\n|inactive|ComputerYui has 20 seconds left.\n|\n|t:|1738160375\n|switch|p2a: Farigiraf|Farigiraf, L50, F|100\/100\n|move|p1b: Indeedee|Fake Out||[still]\n|cant|p2a: Farigiraf|ability: Armor Tail|Fake Out|[of] p1b: Indeedee\n|move|p1a: Walking Wake|Draco Meteor|p2a: Farigiraf\n|-damage|p2a: Farigiraf|23\/100\n|-unboost|p1a: Walking Wake|spa|2\n|-damage|p1a: Walking Wake|81\/100|[from] item: Life Orb\n|move|p2b: Iron Hands|Drain Punch|p1a: Walking Wake\n|-damage|p1a: Walking Wake|0 fnt\n|-heal|p2b: Iron Hands|91\/100|[from] drain|[of] p1a: Walking Wake\n|faint|p1a: Walking Wake\n|-end|p1a: Walking Wake|Protosynthesis|[silent]\n|\n|-weather|RainDance|[upkeep]\n|upkeep\n|c|\u2606maddokyoma|fake out on pshic terrain=\n|c|\u2606maddokyoma|?\n|inactive|ComputerYui has 30 seconds left.\n|\n|t:|1738160403\n|switch|p1a: Armarouge|Armarouge, L50, M, shiny|100\/100\n|turn|3\n|\n|t:|1738160418\n|switch|p2a: Miraidon|Miraidon, L50|100\/100\n|-fieldstart|move: Electric Terrain|[from] ability: Hadron Engine|[of] p2a: Miraidon\n|-activate|p2b: Iron Hands|ability: Quark Drive\n|-start|p2b: Iron Hands|quarkdriveatk\n|move|p1b: Indeedee|Follow Me|p1b: Indeedee\n|-singleturn|p1b: Indeedee|move: Follow Me\n|move|p1a: Armarouge|Expanding Force|p2a: Miraidon\n|-damage|p2a: Miraidon|61\/100\n|move|p2b: Iron Hands|Thunder Punch|p1b: Indeedee\n|-damage|p1b: Indeedee|0 fnt\n|faint|p1b: Indeedee\n|\n|-weather|RainDance|[upkeep]\n|upkeep\n|\n|t:|1738160434\n|switch|p1b: Koraidon|Koraidon, L50|100\/100\n|-weather|SunnyDay|[from] ability: Orichalcum Pulse|[of] p1b: Koraidon\n|-activate|p1b: Koraidon|Orichalcum Pulse|[source]\n|turn|4\n|\n|t:|1738160448\n|switch|p2a: Pelipper|Pelipper, L50, M|100\/100\n|-weather|RainDance|[from] ability: Drizzle|[of] p2a: Pelipper\n|-terastallize|p1a: Armarouge|Stellar\n|move|p1b: Koraidon|Bulldoze|p2b: Iron Hands|[spread] p1a,p2b\n|-immune|p2a: Pelipper\n|-supereffective|p1a: Armarouge\n|-resisted|p2b: Iron Hands\n|-damage|p1a: Armarouge|66\/100\n|-damage|p2b: Iron Hands|88\/100\n|-unboost|p1a: Armarouge|spe|1\n|-unboost|p2b: Iron Hands|spe|1\n|-ability|p1a: Armarouge|Weak Armor|boost\n|-unboost|p1a: Armarouge|def|1\n|-boost|p1a: Armarouge|spe|2\n|-enditem|p1a: Armarouge|Weakness Policy\n|-boost|p1a: Armarouge|atk|2|[from] item: Weakness Policy\n|-boost|p1a: Armarouge|spa|2|[from] item: Weakness Policy\n|move|p1a: Armarouge|Heat Wave|p2a: Pelipper|[spread] p2a,p2b\n|-resisted|p2a: Pelipper\n|-supereffective|p2b: Iron Hands\n|-damage|p2a: Pelipper|52\/100\n|-damage|p2b: Iron Hands|0 fnt\n|faint|p2b: Iron Hands\n|-end|p2b: Iron Hands|Quark Drive|[silent]\n|\n|-weather|RainDance|[upkeep]\n|upkeep\n|inactive|maddokyoma has 30 seconds left.\n|inactive|maddokyoma has 20 seconds left.\n|\n|t:|1738160486\n|switch|p2b: Farigiraf|Farigiraf, L50, F|23\/100\n|turn|5\n|\n|t:|1738160508\n|move|p2a: Pelipper|Wide Guard|p2a: Pelipper\n|-singleturn|p2a: Pelipper|Wide Guard\n|move|p1b: Koraidon|Bulldoze|p2b: Farigiraf|[spread] p1a\n|-activate|p2a: Pelipper|move: Wide Guard\n|-activate|p2b: Farigiraf|move: Wide Guard\n|-supereffective|p1a: Armarouge\n|-damage|p1a: Armarouge|10\/100\n|-unboost|p1a: Armarouge|spe|1\n|-ability|p1a: Armarouge|Weak Armor|boost\n|-unboost|p1a: Armarouge|def|1\n|-boost|p1a: Armarouge|spe|2\n|move|p1a: Armarouge|Stored Power|p2a: Pelipper\n|-damage|p2a: Pelipper|0 fnt\n|faint|p2a: Pelipper\n|move|p2b: Farigiraf|Trick Room|p2b: Farigiraf\n|-fieldstart|move: Trick Room|[of] p2b: Farigiraf\n|\n|-weather|RainDance|[upkeep]\n|upkeep\n|inactive|maddokyoma has 30 seconds left.\n|inactive|maddokyoma has 20 seconds left.\n|-message|ComputerYui forfeited.\n|\n|win|maddokyoma\n|raw|ComputerYui's rating: 1555 &rarr; <strong>1535<\/strong><br \/>(-20 for losing)\n|raw|maddokyoma's rating: 1562 &rarr; <strong>1582<\/strong><br \/>(+20 for winning)\n|l|\u2606ComputerYui\n|player|p1|\n","uploadtime":1738160746,"views":12,"formatid":"gen9vgc2025regg","rating":1535,"private":0,"password":null}