{"id":"gen9vgc2025regg-2290618713","format":"[Gen 9] VGC 2025 Reg G","players":["avaddov","MoodyMukVGC"],"log":"|j|\u2606avaddov\n|j|\u2606MoodyMukVGC\n|t:|1738172318\n|gametype|doubles\n|player|p1|avaddov|cynthia-masters|1520\n|player|p2|MoodyMukVGC|chuck|1603\n|teamsize|p1|6\n|teamsize|p2|6\n|gen|9\n|tier|[Gen 9] VGC 2025 Reg G\n|rated|\n|rule|Species Clause: Limit one of each Pok\u00e9mon\n|rule|Item Clause: Limit 1 of each item\n|clearpoke\n|poke|p1|Miraidon, L50|\n|poke|p1|Iron Bundle, L50|\n|poke|p1|Iron Hands, L50|\n|poke|p1|Farigiraf, L50, M|\n|poke|p1|Chi-Yu, L50|\n|poke|p1|Ursaluna-Bloodmoon, L50, M|\n|poke|p2|Incineroar, L50, M|\n|poke|p2|Rillaboom, L50, M|\n|poke|p2|Urshifu-*, L50, M|\n|poke|p2|Terapagos, L50, M|\n|poke|p2|Amoonguss, L50, M|\n|poke|p2|Grimmsnarl, L50, M|\n|teampreview|4\n|j| mr pogostick\n|\n|t:|1738172349\n|start\n|switch|p1a: Agias|Miraidon, L50|100\/100\n|switch|p1b: Bigweld|Iron Hands, L50, shiny|100\/100\n|switch|p2a: Rillaboom|Rillaboom, L50, M, shiny|100\/100\n|switch|p2b: Terapagos|Terapagos, L50, M|100\/100\n|-activate|p2b: Terapagos|ability: Tera Shift\n|detailschange|p2b: Terapagos|Terapagos-Terastal, L50, M\n|-heal|p2b: Terapagos|100\/100|[silent]\n|-fieldstart|move: Electric Terrain|[from] ability: Hadron Engine|[of] p1a: Agias\n|-activate|p1b: Bigweld|ability: Quark Drive\n|-start|p1b: Bigweld|quarkdriveatk\n|-fieldstart|move: Grassy Terrain|[from] ability: Grassy Surge|[of] p2a: Rillaboom\n|-end|p1b: Bigweld|Quark Drive\n|turn|1\n|j| ChiYuIC\n|l| ChiYuIC\n|inactive|Battle timer is ON: inactive players will automatically lose when time's up. (requested by avaddov)\n|\n|t:|1738172396\n|move|p1a: Agias|Volt Switch|p2b: Terapagos\n|-activate|p2b: Terapagos|ability: Tera Shell\n|-resisted|p2b: Terapagos\n|-damage|p2b: Terapagos|78\/100\n|inactive|avaddov has 30 seconds left.\n|\n|t:|1738172425\n|switch|p1a: Grifaffes|Farigiraf, L50, M|100\/100|[from] Volt Switch\n|move|p2b: Terapagos|Calm Mind|p2b: Terapagos\n|-boost|p2b: Terapagos|spa|1\n|-boost|p2b: Terapagos|spd|1\n|move|p2a: Rillaboom|U-turn|p1a: Grifaffes\n|-supereffective|p1a: Grifaffes\n|-damage|p1a: Grifaffes|57\/100\n|\n|t:|1738172436\n|switch|p2a: Urshifu|Urshifu-Rapid-Strike, L50, M|100\/100|[from] U-turn\n|move|p1b: Bigweld|Drain Punch|p2b: Terapagos\n|-supereffective|p2b: Terapagos\n|-damage|p2b: Terapagos|18\/100\n|\n|-heal|p2b: Terapagos|24\/100|[from] Grassy Terrain\n|-heal|p2b: Terapagos|31\/100|[from] item: Leftovers\n|-heal|p1a: Grifaffes|63\/100|[from] Grassy Terrain\n|upkeep\n|turn|2\n|inactive|avaddov has 30 seconds left.\n|\n|t:|1738172465\n|move|p2a: Urshifu|Surging Strikes|p1a: Grifaffes\n|-crit|p1a: Grifaffes\n|-damage|p1a: Grifaffes|45\/100\n|-crit|p1a: Grifaffes\n|-damage|p1a: Grifaffes|26\/100\n|-crit|p1a: Grifaffes\n|-damage|p1a: Grifaffes|7\/100\n|-hitcount|p1a: Grifaffes|3\n|move|p2b: Terapagos|Substitute|p2b: Terapagos\n|-start|p2b: Terapagos|Substitute\n|-damage|p2b: Terapagos|6\/100\n|move|p1b: Bigweld|Drain Punch|p2b: Terapagos\n|-supereffective|p2b: Terapagos\n|-end|p2b: Terapagos|Substitute\n|move|p1a: Grifaffes|Trick Room|p1a: Grifaffes\n|-fieldstart|move: Trick Room|[of] p1a: Grifaffes\n|\n|-heal|p1a: Grifaffes|13\/100|[from] Grassy Terrain\n|-heal|p2b: Terapagos|12\/100|[from] Grassy Terrain\n|-heal|p2b: Terapagos|18\/100|[from] item: Leftovers\n|upkeep\n|turn|3\n|inactive|avaddov has 30 seconds left.\n|inactive|avaddov has 20 seconds left.\n|\n|t:|1738172504\n|switch|p2a: Grimmsnarl|Grimmsnarl, L50, M, shiny|100\/100\n|move|p2b: Terapagos|Protect|p2b: Terapagos\n|-singleturn|p2b: Terapagos|Protect\n|move|p1a: Grifaffes|Psychic Noise|p2a: Grimmsnarl\n|-immune|p2a: Grimmsnarl\n|move|p1b: Bigweld|Drain Punch|p2b: Terapagos\n|-activate|p2b: Terapagos|move: Protect\n|\n|-heal|p1a: Grifaffes|19\/100|[from] Grassy Terrain\n|-heal|p2b: Terapagos|24\/100|[from] Grassy Terrain\n|-heal|p2b: Terapagos|31\/100|[from] item: Leftovers\n|upkeep\n|turn|4\n|j| ChiYuIC\n|inactive|avaddov has 30 seconds left.\n|l| ChiYuIC\n|inactive|avaddov has 20 seconds left.\n|\n|t:|1738172540\n|switch|p2b: Rillaboom|Rillaboom, L50, M, shiny|100\/100\n|move|p2a: Grimmsnarl|Reflect|p2a: Grimmsnarl\n|-sidestart|p2: MoodyMukVGC|Reflect\n|move|p1a: Grifaffes|Foul Play|p2b: Rillaboom\n|-damage|p2b: Rillaboom|83\/100\n|move|p1b: Bigweld|Drain Punch|p2b: Rillaboom\n|-damage|p2b: Rillaboom|57\/100\n|\n|-heal|p1a: Grifaffes|26\/100|[from] Grassy Terrain\n|-heal|p2b: Rillaboom|62\/100|[from] Grassy Terrain\n|upkeep\n|turn|5\n|j| highturf\n|l| highturf\n|inactive|avaddov has 30 seconds left.\n|\n|t:|1738172567\n|move|p1a: Grifaffes|Psychic Noise|p2b: Rillaboom\n|-damage|p2b: Rillaboom|43\/100\n|-start|p2b: Rillaboom|move: Heal Block\n|move|p1b: Bigweld|Low Kick|p2b: Rillaboom\n|-damage|p2b: Rillaboom|18\/100\n|move|p2a: Grimmsnarl|Spirit Break|p1b: Bigweld\n|-supereffective|p1b: Bigweld\n|-damage|p1b: Bigweld|56\/100\n|-unboost|p1b: Bigweld|spa|1\n|move|p2b: Rillaboom|U-turn|p1b: Bigweld\n|-resisted|p1b: Bigweld\n|-damage|p1b: Bigweld|49\/100\n|\n|t:|1738172580\n|switch|p2b: Terapagos|Terapagos-Terastal, L50, M|31\/100|[from] U-turn\n|\n|-heal|p1a: Grifaffes|32\/100|[from] Grassy Terrain\n|-heal|p1b: Bigweld|55\/100|[from] Grassy Terrain\n|-heal|p2b: Terapagos|37\/100|[from] Grassy Terrain\n|-heal|p2b: Terapagos|43\/100|[from] item: Leftovers\n|-fieldend|move: Grassy Terrain\n|upkeep\n|turn|6\n|\n|t:|1738172604\n|move|p2b: Terapagos|Protect|p2b: Terapagos\n|-singleturn|p2b: Terapagos|Protect\n|move|p1a: Grifaffes|Psychic Noise|p2b: Terapagos\n|-activate|p2b: Terapagos|move: Protect\n|move|p1b: Bigweld|Drain Punch|p2a: Grimmsnarl\n|-damage|p2a: Grimmsnarl|72\/100\n|-heal|p1b: Bigweld|66\/100|[from] drain|[of] p2a: Grimmsnarl\n|move|p2a: Grimmsnarl|Spirit Break|p1b: Bigweld\n|-supereffective|p1b: Bigweld\n|-damage|p1b: Bigweld|27\/100\n|-unboost|p1b: Bigweld|spa|1\n|\n|-heal|p2b: Terapagos|49\/100|[from] item: Leftovers\n|-fieldend|move: Trick Room\n|upkeep\n|turn|7\n|inactive|avaddov has 30 seconds left.\n|inactive|MoodyMukVGC has 30 seconds left.\n|\n|t:|1738172635\n|move|p2b: Terapagos|Tera Starstorm|p1a: Grifaffes\n|-damage|p1a: Grifaffes|0 fnt\n|faint|p1a: Grifaffes\n|move|p2a: Grimmsnarl|Spirit Break|p1b: Bigweld\n|-supereffective|p1b: Bigweld\n|-damage|p1b: Bigweld|0 fnt\n|faint|p1b: Bigweld\n|-end|p1b: Bigweld|Quark Drive|[silent]\n|\n|-heal|p2b: Terapagos|56\/100|[from] item: Leftovers\n|upkeep\n|\n|t:|1738172640\n|switch|p1b: Dell-eBird|Iron Bundle, L50, shiny|100\/100\n|switch|p1a: Agias|Miraidon, L50|100\/100\n|-fieldstart|move: Electric Terrain|[from] ability: Hadron Engine|[of] p1a: Agias\n|-activate|p1b: Dell-eBird|ability: Quark Drive\n|-start|p1b: Dell-eBird|quarkdrivespe\n|turn|8\n|\n|t:|1738172654\n|-terastallize|p1b: Dell-eBird|Ground\n|move|p2b: Terapagos|Protect|p2b: Terapagos\n|-singleturn|p2b: Terapagos|Protect\n|move|p2a: Grimmsnarl|Light Screen|p2a: Grimmsnarl\n|-sidestart|p2: MoodyMukVGC|move: Light Screen\n|move|p1b: Dell-eBird|Freeze-Dry|p2b: Terapagos\n|-activate|p2b: Terapagos|move: Protect\n|move|p1a: Agias|Discharge|p2a: Grimmsnarl|[spread] p2a\n|-activate|p2b: Terapagos|move: Protect\n|-immune|p1b: Dell-eBird\n|-damage|p2a: Grimmsnarl|23\/100\n|\n|-heal|p2b: Terapagos|62\/100|[from] item: Leftovers\n|upkeep\n|turn|9\n|inactive|MoodyMukVGC has 30 seconds left.\n|\n|t:|1738172682\n|switch|p2b: Rillaboom|Rillaboom, L50, M, shiny|18\/100\n|-fieldstart|move: Grassy Terrain|[from] ability: Grassy Surge|[of] p2b: Rillaboom\n|-end|p1b: Dell-eBird|Quark Drive\n|move|p1b: Dell-eBird|Freeze-Dry|p2b: Rillaboom\n|-supereffective|p2b: Rillaboom\n|-damage|p2b: Rillaboom|0 fnt\n|faint|p2b: Rillaboom\n|move|p1a: Agias|Discharge|p2a: Grimmsnarl|[spread] p2a\n|-immune|p1b: Dell-eBird\n|-damage|p2a: Grimmsnarl|0 fnt\n|faint|p2a: Grimmsnarl\n|\n|upkeep\n|\n|t:|1738172693\n|switch|p2b: Terapagos|Terapagos-Terastal, L50, M|62\/100\n|switch|p2a: Urshifu|Urshifu-Rapid-Strike, L50, M|100\/100\n|turn|10\n|\n|t:|1738172703\n|move|p2a: Urshifu|Protect|p2a: Urshifu\n|-singleturn|p2a: Urshifu|Protect\n|move|p2b: Terapagos|Protect|p2b: Terapagos\n|-singleturn|p2b: Terapagos|Protect\n|move|p1b: Dell-eBird|Freeze-Dry|p2a: Urshifu\n|-activate|p2a: Urshifu|move: Protect\n|move|p1a: Agias|Discharge|p2b: Terapagos|[spread] \n|-activate|p2a: Urshifu|move: Protect\n|-activate|p2b: Terapagos|move: Protect\n|-immune|p1b: Dell-eBird\n|\n|-heal|p2b: Terapagos|68\/100|[from] Grassy Terrain\n|-heal|p2b: Terapagos|74\/100|[from] item: Leftovers\n|upkeep\n|turn|11\n|\n|t:|1738172725\n|-terastallize|p2b: Terapagos|Stellar\n|detailschange|p2b: Terapagos|Terapagos-Stellar, L50, M, tera:Stellar\n|-heal|p2b: Terapagos|81\/100|[silent]\n|-ability|p2b: Terapagos|Teraform Zero\n|-fieldend|move: Grassy Terrain\n|move|p1b: Dell-eBird|Freeze-Dry|p2a: Urshifu\n|-supereffective|p2a: Urshifu\n|-damage|p2a: Urshifu|25\/100\n|move|p1a: Agias|Discharge|p2a: Urshifu|[spread] p2a,p2b\n|-immune|p1b: Dell-eBird\n|-supereffective|p2a: Urshifu\n|-crit|p2a: Urshifu\n|-damage|p2a: Urshifu|0 fnt\n|-damage|p2b: Terapagos|61\/100\n|faint|p2a: Urshifu\n|move|p2b: Terapagos|Calm Mind|p2b: Terapagos\n|-boost|p2b: Terapagos|spa|1\n|-boost|p2b: Terapagos|spd|1\n|\n|-heal|p2b: Terapagos|67\/100|[from] item: Leftovers\n|-sideend|p2: MoodyMukVGC|Reflect\n|upkeep\n|turn|12\n|\n|t:|1738172743\n|move|p2b: Terapagos|Protect|p2b: Terapagos\n|-singleturn|p2b: Terapagos|Protect\n|move|p1b: Dell-eBird|Freeze-Dry|p2b: Terapagos\n|-activate|p2b: Terapagos|move: Protect\n|move|p1a: Agias|Discharge|p2b: Terapagos|[spread] \n|-activate|p2b: Terapagos|move: Protect\n|-immune|p1b: Dell-eBird\n|\n|-heal|p2b: Terapagos|73\/100|[from] item: Leftovers\n|upkeep\n|turn|13\n|\n|t:|1738172752\n|move|p1b: Dell-eBird|Freeze-Dry|p2b: Terapagos\n|-damage|p2b: Terapagos|63\/100\n|move|p1a: Agias|Discharge|p2b: Terapagos|[spread] p2b\n|-immune|p1b: Dell-eBird\n|-damage|p2b: Terapagos|50\/100\n|-status|p2b: Terapagos|par\n|move|p2b: Terapagos|Tera Starstorm|p1a: Agias|[spread] p1a,p1b\n|-supereffective|p1b: Dell-eBird\n|-damage|p1a: Agias|58\/100\n|-enditem|p1b: Dell-eBird|Focus Sash\n|-damage|p1b: Dell-eBird|1\/100\n|\n|-heal|p2b: Terapagos|56\/100 par|[from] item: Leftovers\n|upkeep\n|turn|14\n|\n|t:|1738172771\n|move|p2b: Terapagos|Protect|p2b: Terapagos\n|-singleturn|p2b: Terapagos|Protect\n|move|p1b: Dell-eBird|Hydro Pump|p2b: Terapagos\n|-activate|p2b: Terapagos|move: Protect\n|move|p1a: Agias|Discharge|p2b: Terapagos|[spread] \n|-activate|p2b: Terapagos|move: Protect\n|-immune|p1b: Dell-eBird\n|\n|-heal|p2b: Terapagos|62\/100 par|[from] item: Leftovers\n|upkeep\n|turn|15\n|\n|t:|1738172774\n|move|p1b: Dell-eBird|Hydro Pump|p2b: Terapagos\n|-damage|p2b: Terapagos|46\/100 par\n|move|p1a: Agias|Discharge|p2b: Terapagos|[spread] p2b\n|-immune|p1b: Dell-eBird\n|-damage|p2b: Terapagos|32\/100 par\n|move|p2b: Terapagos|Tera Starstorm|p1b: Dell-eBird|[spread] p1a,p1b\n|-supereffective|p1b: Dell-eBird\n|-damage|p1a: Agias|17\/100\n|-damage|p1b: Dell-eBird|0 fnt\n|faint|p1b: Dell-eBird\n|-end|p1b: Dell-eBird|Quark Drive|[silent]\n|\n|-heal|p2b: Terapagos|39\/100 par|[from] item: Leftovers\n|-sideend|p2: MoodyMukVGC|move: Light Screen\n|upkeep\n|turn|16\n|\n|t:|1738172782\n|cant|p2b: Terapagos|par\n|move|p1a: Agias|Discharge|p2b: Terapagos\n|-damage|p2b: Terapagos|13\/100 par\n|\n|-heal|p2b: Terapagos|19\/100 par|[from] item: Leftovers\n|upkeep\n|turn|17\n|\n|t:|1738172789\n|move|p1a: Agias|Discharge|p2b: Terapagos\n|-damage|p2b: Terapagos|0 fnt\n|faint|p2b: Terapagos\n|\n|win|avaddov\n|raw|avaddov's rating: 1520 &rarr; <strong>1545<\/strong><br \/>(+25 for winning)\n|raw|MoodyMukVGC's rating: 1603 &rarr; <strong>1578<\/strong><br \/>(-25 for losing)\n|c|\u2606avaddov|gg\n|l|\u2606MoodyMukVGC\n|player|p2|\n","uploadtime":1738172806,"views":34,"formatid":"gen9vgc2025regg","rating":1545,"private":0,"password":null}