{"id":"gen9vgc2025regg-2290523782","format":"[Gen 9] VGC 2025 Reg G","players":["GuevaraGaming2","kd-vgc711"],"log":"|j|\u2606GuevaraGaming2\n|j|\u2606kd-vgc711\n|t:|1738163063\n|gametype|doubles\n|player|p1|GuevaraGaming2|hilbert-wonderlauncher|1586\n|player|p2|kd-vgc711|102|1574\n|teamsize|p1|6\n|teamsize|p2|6\n|gen|9\n|tier|[Gen 9] VGC 2025 Reg G\n|rated|\n|rule|Species Clause: Limit one of each Pok\u00e9mon\n|rule|Item Clause: Limit 1 of each item\n|clearpoke\n|poke|p1|Rillaboom, L50, F|\n|poke|p1|Tornadus, L50, M|\n|poke|p1|Zamazenta-*, L50|\n|poke|p1|Landorus, L50, M|\n|poke|p1|Incineroar, L50, F|\n|poke|p1|Urshifu-*, L50, F|\n|poke|p2|Kyogre, L50|\n|poke|p2|Tornadus, L50, M|\n|poke|p2|Entei, L50|\n|poke|p2|Flutter Mane, L50|\n|poke|p2|Raging Bolt, L50|\n|poke|p2|Rillaboom, L50, M|\n|teampreview|4\n|\n|t:|1738163081\n|start\n|switch|p1a: Tornadus|Tornadus, L50, M, shiny|100\/100\n|switch|p1b: Rillaboom|Rillaboom, L50, F, shiny|100\/100\n|switch|p2a: Tornadus|Tornadus, L50, M, shiny|100\/100\n|switch|p2b: Entei|Entei, L50, shiny|100\/100\n|-fieldstart|move: Grassy Terrain|[from] ability: Grassy Surge|[of] p1b: Rillaboom\n|turn|1\n|inactive|Battle timer is ON: inactive players will automatically lose when time's up. (requested by kd-vgc711)\n|\n|t:|1738163110\n|move|p1b: Rillaboom|Fake Out|p2a: Tornadus\n|-crit|p2a: Tornadus\n|-damage|p2a: Tornadus|76\/100\n|move|p2a: Tornadus|Tailwind|p2a: Tornadus\n|-sidestart|p2: kd-vgc711|move: Tailwind\n|move|p2b: Entei|Sacred Fire|p1b: Rillaboom\n|-supereffective|p1b: Rillaboom\n|-damage|p1b: Rillaboom|0 fnt\n|faint|p1b: Rillaboom\n|move|p1a: Tornadus|Bleakwind Storm|p2a: Tornadus|[spread] p2a,p2b\n|-damage|p2a: Tornadus|29\/100\n|-damage|p2b: Entei|55\/100\n|\n|-heal|p2b: Entei|61\/100|[from] Grassy Terrain\n|upkeep\n|j| ThanksATinkaTon\n|\n|t:|1738163128\n|switch|p1b: Landorus|Landorus, L50, M, shiny|100\/100\n|turn|2\n|l| ThanksATinkaTon\n|\n|t:|1738163137\n|-terastallize|p1a: Tornadus|Dark\n|move|p2a: Tornadus|Taunt|p1a: Tornadus\n|-hint|Since gen 7, Dark is immune to Prankster moves.\n|-immune|p1a: Tornadus\n|move|p1a: Tornadus|Tailwind|p1a: Tornadus\n|-sidestart|p1: GuevaraGaming2|move: Tailwind\n|move|p1b: Landorus|Earth Power|p2b: Entei\n|-supereffective|p2b: Entei\n|-damage|p2b: Entei|0 fnt\n|faint|p2b: Entei\n|\n|upkeep\n|\n|t:|1738163142\n|switch|p2b: Flutter Mane|Flutter Mane, L50, shiny|100\/100\n|turn|3\n|\n|t:|1738163155\n|switch|p1b: Zamazenta|Zamazenta-Crowned, L50, shiny|100\/100\n|-ability|p1b: Zamazenta|Dauntless Shield|boost\n|-boost|p1b: Zamazenta|def|1\n|-terastallize|p2b: Flutter Mane|Fairy\n|move|p2a: Tornadus|Sunny Day|p2a: Tornadus\n|-weather|SunnyDay\n|-activate|p2b: Flutter Mane|ability: Protosynthesis\n|-start|p2b: Flutter Mane|protosynthesisspa\n|move|p2b: Flutter Mane|Dazzling Gleam|p1b: Zamazenta|[spread] p1a,p1b\n|-supereffective|p1a: Tornadus\n|-enditem|p1a: Tornadus|Focus Sash\n|-damage|p1a: Tornadus|1\/100\n|-damage|p1b: Zamazenta|60\/100\n|move|p1a: Tornadus|Bleakwind Storm|p2a: Tornadus|[spread] p2a,p2b\n|-damage|p2a: Tornadus|0 fnt\n|-damage|p2b: Flutter Mane|62\/100\n|faint|p2a: Tornadus\n|\n|-weather|SunnyDay|[upkeep]\n|-heal|p2b: Flutter Mane|68\/100|[from] Grassy Terrain\n|-heal|p1a: Tornadus|7\/100|[from] Grassy Terrain\n|-heal|p1b: Zamazenta|66\/100|[from] Grassy Terrain\n|upkeep\n|\n|t:|1738163160\n|switch|p2a: Kyogre|Kyogre, L50, shiny|100\/100\n|-weather|RainDance|[from] ability: Drizzle|[of] p2a: Kyogre\n|-end|p2b: Flutter Mane|Protosynthesis\n|turn|4\n|\n|t:|1738163172\n|move|p1a: Tornadus|Protect|p1a: Tornadus\n|-singleturn|p1a: Tornadus|Protect\n|move|p1b: Zamazenta|Protect|p1b: Zamazenta\n|-singleturn|p1b: Zamazenta|Protect\n|move|p2b: Flutter Mane|Moonblast|p1b: Zamazenta\n|-activate|p1b: Zamazenta|move: Protect\n|move|p2a: Kyogre|Origin Pulse|p1a: Tornadus|[spread] \n|-activate|p1a: Tornadus|move: Protect\n|-activate|p1b: Zamazenta|move: Protect\n|\n|-weather|RainDance|[upkeep]\n|-heal|p2b: Flutter Mane|74\/100|[from] Grassy Terrain\n|-heal|p1a: Tornadus|13\/100|[from] Grassy Terrain\n|-heal|p1b: Zamazenta|72\/100|[from] Grassy Terrain\n|-sideend|p2: kd-vgc711|move: Tailwind\n|upkeep\n|turn|5\n|\n|t:|1738163190\n|move|p2b: Flutter Mane|Protect|p2b: Flutter Mane\n|-singleturn|p2b: Flutter Mane|Protect\n|move|p1a: Tornadus|Bleakwind Storm|p2b: Flutter Mane|[spread] p2a\n|-activate|p2b: Flutter Mane|move: Protect\n|-damage|p2a: Kyogre|76\/100\n|-unboost|p2a: Kyogre|spe|1\n|move|p1b: Zamazenta|Heavy Slam|p2b: Flutter Mane\n|-activate|p2b: Flutter Mane|move: Protect\n|move|p2a: Kyogre|Origin Pulse|p1a: Tornadus|[spread] p1a,p1b\n|-crit|p1a: Tornadus\n|-damage|p1a: Tornadus|0 fnt\n|-damage|p1b: Zamazenta|22\/100\n|faint|p1a: Tornadus\n|\n|-weather|RainDance|[upkeep]\n|-heal|p1b: Zamazenta|28\/100|[from] Grassy Terrain\n|-heal|p2b: Flutter Mane|80\/100|[from] Grassy Terrain\n|-heal|p2a: Kyogre|82\/100|[from] Grassy Terrain\n|-heal|p2a: Kyogre|87\/100|[from] item: Leftovers\n|-sideend|p1: GuevaraGaming2|move: Tailwind\n|-fieldend|move: Grassy Terrain\n|upkeep\n|\n|t:|1738163192\n|switch|p1a: Landorus|Landorus, L50, M, shiny|100\/100\n|turn|6\n|-message|GuevaraGaming2 forfeited.\n|\n|win|kd-vgc711\n|raw|GuevaraGaming2's rating: 1586 &rarr; <strong>1565<\/strong><br \/>(-21 for losing)\n|raw|kd-vgc711's rating: 1574 &rarr; <strong>1595<\/strong><br \/>(+21 for winning)\n|l|\u2606GuevaraGaming2\n|player|p1|\n|l|\u2606kd-vgc711\n|player|p2|\n","uploadtime":1738163378,"views":23,"formatid":"gen9vgc2025regg","rating":1565,"private":0,"password":null}