{"id":"gen9vgc2025regg-2290120005","format":"[Gen 9] VGC 2025 Reg G","players":["xiyeye","Punihina"],"log":"|j|\u2606xiyeye\n|j|\u2606Punihina\n|t:|1738100729\n|gametype|doubles\n|player|p1|xiyeye|akari|1581\n|player|p2|Punihina|shauntal|1613\n|teamsize|p1|6\n|teamsize|p2|6\n|gen|9\n|tier|[Gen 9] VGC 2025 Reg G\n|rated|\n|rule|Species Clause: Limit one of each Pok\u00e9mon\n|rule|Item Clause: Limit 1 of each item\n|clearpoke\n|poke|p1|Torkoal, L50, M|\n|poke|p1|Annihilape, L50, F|\n|poke|p1|Urshifu-*, L50, M|\n|poke|p1|Indeedee-F, L50, F|\n|poke|p1|Brute Bonnet, L50|\n|poke|p1|Calyrex-Ice, L50|\n|poke|p2|Terapagos, L50, M|\n|poke|p2|Flutter Mane, L50|\n|poke|p2|Urshifu-*, L50, F|\n|poke|p2|Regidrago, L50|\n|poke|p2|Tornadus, L50, M|\n|poke|p2|Ogerpon-Hearthflame, L50, F|\n|teampreview|4\n|j| Triple20\n|j| jfabricio23\n|\n|t:|1738100799\n|start\n|switch|p1a: Indeedee|Indeedee-F, L50, F|100\/100\n|switch|p1b: Calyrex|Calyrex-Ice, L50|100\/100\n|switch|p2a: Terapagos|Terapagos, L50, M|100\/100\n|switch|p2b: Flutter Mane|Flutter Mane, L50|100\/100\n|-activate|p2a: Terapagos|ability: Tera Shift\n|detailschange|p2a: Terapagos|Terapagos-Terastal, L50, M\n|-heal|p2a: Terapagos|100\/100|[silent]\n|-ability|p1b: Calyrex|As One\n|-ability|p1b: Calyrex|Unnerve\n|-fieldstart|move: Psychic Terrain|[from] ability: Psychic Surge|[of] p1a: Indeedee\n|-enditem|p2b: Flutter Mane|Booster Energy\n|-activate|p2b: Flutter Mane|ability: Protosynthesis|[fromitem]\n|-start|p2b: Flutter Mane|protosynthesisspe\n|turn|1\n|inactive|Battle timer is ON: inactive players will automatically lose when time's up. (requested by Punihina)\n|\n|t:|1738100820\n|move|p1a: Indeedee|Follow Me|p1a: Indeedee\n|-singleturn|p1a: Indeedee|move: Follow Me\n|move|p2b: Flutter Mane|Taunt|p1a: Indeedee\n|-start|p1a: Indeedee|move: Taunt\n|move|p2a: Terapagos|Tera Starstorm|p1a: Indeedee\n|-damage|p1a: Indeedee|22\/100\n|move|p1b: Calyrex|Trick Room|p1b: Calyrex\n|-fieldstart|move: Trick Room|[of] p1b: Calyrex\n|\n|upkeep\n|turn|2\n|inactive|xiyeye has 30 seconds left.\n|inactive|xiyeye has 20 seconds left.\n|\n|t:|1738100859\n|switch|p1a: Brute Bonnet|Brute Bonnet, L50|100\/100\n|move|p1b: Calyrex|Protect|p1b: Calyrex\n|-singleturn|p1b: Calyrex|Protect\n|move|p2a: Terapagos|Tera Starstorm|p1b: Calyrex\n|-activate|p1b: Calyrex|move: Protect\n|move|p2b: Flutter Mane|Thunder Wave|p1b: Calyrex\n|-activate|p1b: Calyrex|move: Protect\n|\n|upkeep\n|turn|3\n|\n|t:|1738100880\n|switch|p2a: Ogerpon|Ogerpon-Hearthflame, L50, F|100\/100\n|-ability|p2a: Ogerpon|Mold Breaker\n|move|p1b: Calyrex|Glacial Lance|p2a: Ogerpon|[spread] p2a,p2b\n|-damage|p2a: Ogerpon|35\/100\n|-damage|p2b: Flutter Mane|13\/100\n|move|p1a: Brute Bonnet|Spore|p2b: Flutter Mane\n|-status|p2b: Flutter Mane|slp|[from] move: Spore\n|cant|p2b: Flutter Mane|slp\n|\n|upkeep\n|turn|4\n|\n|t:|1738100901\n|move|p2a: Ogerpon|Spiky Shield|p2a: Ogerpon\n|-singleturn|p2a: Ogerpon|move: Protect\n|move|p1b: Calyrex|High Horsepower|p2a: Ogerpon\n|-activate|p2a: Ogerpon|move: Protect\n|-damage|p1b: Calyrex|88\/100|[from] Spiky Shield|[of] p2a: Ogerpon\n|move|p1a: Brute Bonnet|Crunch|p2b: Flutter Mane\n|-damage|p2b: Flutter Mane|0 fnt\n|faint|p2b: Flutter Mane\n|-end|p2b: Flutter Mane|Protosynthesis|[silent]\n|\n|upkeep\n|\n|t:|1738100908\n|switch|p2b: Regidrago|Regidrago, L50|100\/100\n|turn|5\n|inactive|xiyeye has 30 seconds left.\n|inactive|xiyeye has 20 seconds left.\n|inactive|xiyeye has 15 seconds left.\n|\n|t:|1738100949\n|switch|p2a: Terapagos|Terapagos-Terastal, L50, M|100\/100\n|move|p1b: Calyrex|Protect|p1b: Calyrex\n|-singleturn|p1b: Calyrex|Protect\n|move|p2b: Regidrago|Protect|p2b: Regidrago\n|-singleturn|p2b: Regidrago|Protect\n|move|p1a: Brute Bonnet|Spore|p2b: Regidrago\n|-activate|p2b: Regidrago|move: Protect\n|\n|-fieldend|move: Trick Room\n|-fieldend|move: Psychic Terrain\n|upkeep\n|turn|6\n|inactive|xiyeye has 30 seconds left.\n|\n|t:|1738100974\n|switch|p1b: Indeedee|Indeedee-F, L50, F|22\/100\n|-fieldstart|move: Psychic Terrain|[from] ability: Psychic Surge|[of] p1b: Indeedee\n|-terastallize|p2a: Terapagos|Stellar\n|detailschange|p2a: Terapagos|Terapagos-Stellar, L50, M, tera:Stellar\n|-heal|p2a: Terapagos|100\/100|[silent]\n|-ability|p2a: Terapagos|Teraform Zero\n|-fieldend|move: Psychic Terrain\n|move|p2b: Regidrago|Dragon Energy|p1b: Indeedee|[spread] p1a,p1b\n|-damage|p1a: Brute Bonnet|43\/100\n|-damage|p1b: Indeedee|0 fnt\n|-enditem|p1a: Brute Bonnet|Sitrus Berry|[eat]\n|-heal|p1a: Brute Bonnet|67\/100|[from] item: Sitrus Berry\n|faint|p1b: Indeedee\n|move|p2a: Terapagos|Tera Starstorm|p1a: Brute Bonnet\n|-crit|p1a: Brute Bonnet\n|-damage|p1a: Brute Bonnet|0 fnt\n|faint|p1a: Brute Bonnet\n|-end|p1a: Brute Bonnet|Protosynthesis|[silent]\n|\n|upkeep\n|\n|t:|1738100993\n|switch|p1b: Calyrex|Calyrex-Ice, L50|88\/100\n|switch|p1a: Torkoal|Torkoal, L50, M|100\/100\n|-ability|p1b: Calyrex|As One\n|-ability|p1b: Calyrex|Unnerve\n|-weather|SunnyDay|[from] ability: Drought|[of] p1a: Torkoal\n|turn|7\n|inactive|xiyeye has 30 seconds left.\n|inactive|xiyeye has 20 seconds left.\n|inactive|xiyeye has 15 seconds left.\n|inactive|xiyeye has 10 seconds left.\n|\n|t:|1738101038\n|move|p1b: Calyrex|Protect|p1b: Calyrex\n|-singleturn|p1b: Calyrex|Protect\n|move|p2b: Regidrago|Draco Meteor|p1b: Calyrex\n|-activate|p1b: Calyrex|move: Protect\n|move|p2a: Terapagos|Tera Starstorm|p1b: Calyrex|[spread] p1a\n|-activate|p1b: Calyrex|move: Protect\n|-damage|p1a: Torkoal|26\/100\n|move|p1a: Torkoal|Weather Ball|p2b: Regidrago\n|-resisted|p2b: Regidrago\n|-damage|p2b: Regidrago|46\/100\n|\n|-weather|SunnyDay|[upkeep]\n|upkeep\n|turn|8\n|inactive|xiyeye has 30 seconds left.\n|\n|t:|1738101064\n|move|p2b: Regidrago|Draco Meteor|p1b: Calyrex\n|-damage|p1b: Calyrex|26\/100\n|-unboost|p2b: Regidrago|spa|2\n|move|p2a: Terapagos|Tera Starstorm|p1a: Torkoal|[spread] p1a,p1b\n|-damage|p1a: Torkoal|0 fnt\n|-damage|p1b: Calyrex|0 fnt\n|faint|p1a: Torkoal\n|faint|p1b: Calyrex\n|\n|win|Punihina\n|raw|xiyeye's rating: 1581 &rarr; <strong>1563<\/strong><br \/>(-18 for losing)\n|raw|Punihina's rating: 1613 &rarr; <strong>1631<\/strong><br \/>(+18 for winning)\n|l|\u2606xiyeye\n|player|p1|\n|l| jfabricio23\n|l| Triple20\n","uploadtime":1738101325,"views":26,"formatid":"gen9vgc2025regg","rating":1563,"private":0,"password":null}