{"id":"gen9vgc2025regg-2290374784","format":"[Gen 9] VGC 2025 Reg G","players":["bluestraggler01","Hanou143"],"log":"|j|\u2606bluestraggler01\n|j|\u2606Hanou143\n|t:|1738141653\n|gametype|doubles\n|player|p1|bluestraggler01|170|1542\n|player|p2|Hanou143|102|1622\n|teamsize|p1|6\n|teamsize|p2|6\n|gen|9\n|tier|[Gen 9] VGC 2025 Reg G\n|rated|\n|rule|Species Clause: Limit one of each Pok\u00e9mon\n|rule|Item Clause: Limit 1 of each item\n|clearpoke\n|poke|p1|Koraidon, L50|\n|poke|p1|Flutter Mane, L50|\n|poke|p1|Umbreon, L50, F|\n|poke|p1|Armarouge, L50, M|\n|poke|p1|Ogerpon-Cornerstone, L50, F|\n|poke|p1|Raging Bolt, L50|\n|poke|p2|Calyrex-Shadow, L50|\n|poke|p2|Jigglypuff, L50, F|\n|poke|p2|Pelipper, L50, M|\n|poke|p2|Rillaboom, L50, M|\n|poke|p2|Incineroar, L50, F|\n|poke|p2|Urshifu-*, L50, M|\n|teampreview|4\n|\n|t:|1738141683\n|start\n|switch|p1a: Umbreon|Umbreon, L50, F|100\/100\n|switch|p1b: Raging Bolt|Raging Bolt, L50|100\/100\n|switch|p2a: Calyrex|Calyrex-Shadow, L50|100\/100\n|switch|p2b: Urshifu|Urshifu-Rapid-Strike, L50, M|100\/100\n|-ability|p2a: Calyrex|As One\n|-ability|p2a: Calyrex|Unnerve\n|turn|1\n|inactive|Battle timer is ON: inactive players will automatically lose when time's up. (requested by bluestraggler01)\n|\n|t:|1738141714\n|switch|p2b: Jigglypuff|Jigglypuff, L50, F|100\/100\n|-terastallize|p2a: Calyrex|Grass\n|move|p1b: Raging Bolt|Thunderclap||[still]\n|-fail|p1b: Raging Bolt\n|move|p2a: Calyrex|Calm Mind|p2a: Calyrex\n|-boost|p2a: Calyrex|spa|1\n|-boost|p2a: Calyrex|spd|1\n|move|p1a: Umbreon|Yawn|p2a: Calyrex\n|-start|p2a: Calyrex|move: Yawn|[of] p1a: Umbreon\n|\n|upkeep\n|turn|2\n|\n|t:|1738141728\n|move|p1b: Raging Bolt|Protect|p1b: Raging Bolt\n|-singleturn|p1b: Raging Bolt|Protect\n|move|p2a: Calyrex|Calm Mind|p2a: Calyrex\n|-boost|p2a: Calyrex|spa|1\n|-boost|p2a: Calyrex|spd|1\n|move|p1a: Umbreon|Yawn|p2b: Jigglypuff\n|-start|p2b: Jigglypuff|move: Yawn|[of] p1a: Umbreon\n|move|p2b: Jigglypuff|Sing|p1a: Umbreon|[miss]\n|-miss|p2b: Jigglypuff|p1a: Umbreon\n|\n|-end|p2a: Calyrex|move: Yawn|[silent]\n|-status|p2a: Calyrex|slp\n|upkeep\n|turn|3\n|\n|t:|1738141743\n|-end|p1b: Raging Bolt|Protosynthesis|[silent]\n|switch|p1b: Koraidon|Koraidon, L50|100\/100\n|-weather|SunnyDay|[from] ability: Orichalcum Pulse|[of] p1b: Koraidon\n|-activate|p1b: Koraidon|Orichalcum Pulse|[source]\n|cant|p2a: Calyrex|slp\n|move|p1a: Umbreon|Taunt|p2b: Jigglypuff\n|-start|p2b: Jigglypuff|move: Taunt\n|cant|p2b: Jigglypuff|move: Taunt|Sing\n|\n|-weather|SunnyDay|[upkeep]\n|-end|p2b: Jigglypuff|move: Yawn|[silent]\n|-status|p2b: Jigglypuff|slp\n|upkeep\n|turn|4\n|\n|t:|1738141767\n|switch|p2b: Pelipper|Pelipper, L50, M|100\/100\n|-weather|RainDance|[from] ability: Drizzle|[of] p2b: Pelipper\n|-terastallize|p1b: Koraidon|Fire\n|cant|p2a: Calyrex|slp\n|move|p1b: Koraidon|Flare Blitz|p2a: Calyrex\n|-supereffective|p2a: Calyrex\n|-damage|p2a: Calyrex|51\/100 slp\n|-damage|p1b: Koraidon|83\/100|[from] Recoil\n|move|p1a: Umbreon|Yawn|p2b: Pelipper\n|-start|p2b: Pelipper|move: Yawn|[of] p1a: Umbreon\n|\n|-weather|RainDance|[upkeep]\n|upkeep\n|turn|5\n|\n|t:|1738141787\n|switch|p2b: Jigglypuff|Jigglypuff, L50, F|100\/100 slp\n|-curestatus|p2a: Calyrex|slp|[msg]\n|move|p2a: Calyrex|Astral Barrage|p1a: Umbreon|[spread] p1a,p1b\n|-resisted|p1a: Umbreon\n|-damage|p1a: Umbreon|67\/100\n|-damage|p1b: Koraidon|26\/100\n|move|p1b: Koraidon|Flare Blitz|p2a: Calyrex\n|-supereffective|p2a: Calyrex\n|-damage|p2a: Calyrex|15\/100\n|-damage|p1b: Koraidon|13\/100|[from] Recoil\n|move|p1a: Umbreon|Foul Play|p2a: Calyrex\n|-damage|p2a: Calyrex|2\/100\n|\n|-weather|RainDance|[upkeep]\n|-heal|p1a: Umbreon|73\/100|[from] item: Leftovers\n|upkeep\n|turn|6\n|\n|t:|1738141809\n|move|p2a: Calyrex|Protect|p2a: Calyrex\n|-singleturn|p2a: Calyrex|Protect\n|move|p1b: Koraidon|Flare Blitz|p2a: Calyrex\n|-activate|p2a: Calyrex|move: Protect\n|move|p1a: Umbreon|Foul Play|p2a: Calyrex\n|-activate|p2a: Calyrex|move: Protect\n|cant|p2b: Jigglypuff|slp\n|\n|-weather|RainDance|[upkeep]\n|-heal|p1a: Umbreon|79\/100|[from] item: Leftovers\n|upkeep\n|turn|7\n|inactive|Hanou143 has 30 seconds left.\n|\n|t:|1738141835\n|switch|p1b: Flutter Mane|Flutter Mane, L50|100\/100\n|move|p2a: Calyrex|Astral Barrage|p1b: Flutter Mane|[spread] p1a,p1b\n|-resisted|p1a: Umbreon\n|-supereffective|p1b: Flutter Mane\n|-damage|p1a: Umbreon|48\/100\n|-enditem|p1b: Flutter Mane|Focus Sash\n|-damage|p1b: Flutter Mane|1\/100\n|move|p1a: Umbreon|Foul Play|p2a: Calyrex\n|-damage|p2a: Calyrex|0 fnt\n|faint|p2a: Calyrex\n|-curestatus|p2b: Jigglypuff|slp|[msg]\n|move|p2b: Jigglypuff|Alluring Voice|p1a: Umbreon\n|-supereffective|p1a: Umbreon\n|-damage|p1a: Umbreon|24\/100\n|\n|-weather|RainDance|[upkeep]\n|-heal|p1a: Umbreon|30\/100|[from] item: Leftovers\n|upkeep\n|\n|t:|1738141852\n|switch|p2a: Urshifu|Urshifu-Rapid-Strike, L50, M|100\/100\n|turn|8\n|\n|t:|1738141861\n|-end|p1b: Flutter Mane|Protosynthesis|[silent]\n|switch|p1b: Koraidon|Koraidon, L50, tera:Fire|13\/100\n|-weather|SunnyDay|[from] ability: Orichalcum Pulse|[of] p1b: Koraidon\n|-activate|p1b: Koraidon|Orichalcum Pulse|[source]\n|move|p2a: Urshifu|Aqua Jet|p1b: Koraidon\n|-supereffective|p1b: Koraidon\n|-damage|p1b: Koraidon|0 fnt\n|faint|p1b: Koraidon\n|move|p1a: Umbreon|Taunt|p2b: Jigglypuff\n|-start|p2b: Jigglypuff|move: Taunt\n|move|p2b: Jigglypuff|Alluring Voice|p1a: Umbreon\n|-supereffective|p1a: Umbreon\n|-damage|p1a: Umbreon|11\/100\n|\n|-weather|SunnyDay|[upkeep]\n|-heal|p1a: Umbreon|17\/100|[from] item: Leftovers\n|upkeep\n|\n|t:|1738141871\n|switch|p1b: Raging Bolt|Raging Bolt, L50|100\/100\n|-activate|p1b: Raging Bolt|ability: Protosynthesis\n|-start|p1b: Raging Bolt|protosynthesisspa\n|turn|9\n|\n|t:|1738141886\n|switch|p1a: Flutter Mane|Flutter Mane, L50|1\/100\n|-activate|p1a: Flutter Mane|ability: Protosynthesis\n|-start|p1a: Flutter Mane|protosynthesisspe\n|move|p2a: Urshifu|Aqua Jet|p1a: Flutter Mane\n|-damage|p1a: Flutter Mane|0 fnt\n|faint|p1a: Flutter Mane\n|-end|p1a: Flutter Mane|Protosynthesis|[silent]\n|move|p1b: Raging Bolt|Thunderbolt|p2a: Urshifu\n|-supereffective|p2a: Urshifu\n|-damage|p2a: Urshifu|0 fnt\n|faint|p2a: Urshifu\n|-damage|p1b: Raging Bolt|91\/100|[from] item: Life Orb\n|move|p2b: Jigglypuff|Alluring Voice|p1b: Raging Bolt\n|-supereffective|p1b: Raging Bolt\n|-damage|p1b: Raging Bolt|67\/100\n|\n|-weather|SunnyDay|[upkeep]\n|upkeep\n|\n|t:|1738141900\n|switch|p1a: Umbreon|Umbreon, L50, F|17\/100\n|switch|p2a: Pelipper|Pelipper, L50, M|100\/100\n|-weather|RainDance|[from] ability: Drizzle|[of] p2a: Pelipper\n|-end|p1b: Raging Bolt|Protosynthesis\n|turn|10\n|\n|t:|1738141918\n|move|p1a: Umbreon|Protect|p1a: Umbreon\n|-singleturn|p1a: Umbreon|Protect\n|move|p1b: Raging Bolt|Thunderbolt|p2a: Pelipper\n|-supereffective|p2a: Pelipper\n|-enditem|p2a: Pelipper|Focus Sash\n|-damage|p2a: Pelipper|1\/100\n|-status|p2a: Pelipper|par\n|-damage|p1b: Raging Bolt|57\/100|[from] item: Life Orb\n|move|p2a: Pelipper|Hurricane|p1a: Umbreon\n|-activate|p1a: Umbreon|move: Protect\n|move|p2b: Jigglypuff|Alluring Voice|p1b: Raging Bolt\n|-supereffective|p1b: Raging Bolt\n|-damage|p1b: Raging Bolt|32\/100\n|\n|-weather|RainDance|[upkeep]\n|-heal|p1a: Umbreon|23\/100|[from] item: Leftovers\n|-end|p2b: Jigglypuff|move: Taunt\n|upkeep\n|turn|11\n|inactive|bluestraggler01 has 30 seconds left.\n|\n|t:|1738141944\n|move|p1b: Raging Bolt|Protect|p1b: Raging Bolt\n|-singleturn|p1b: Raging Bolt|Protect\n|move|p1a: Umbreon|Foul Play|p2a: Pelipper\n|-damage|p2a: Pelipper|0 fnt\n|faint|p2a: Pelipper\n|move|p2b: Jigglypuff|Alluring Voice|p1b: Raging Bolt\n|-activate|p1b: Raging Bolt|move: Protect\n|\n|-weather|RainDance|[upkeep]\n|-heal|p1a: Umbreon|29\/100|[from] item: Leftovers\n|upkeep\n|turn|12\n|\n|t:|1738141960\n|move|p1b: Raging Bolt|Thunderbolt|p2b: Jigglypuff\n|-damage|p2b: Jigglypuff|37\/100\n|-damage|p1b: Raging Bolt|22\/100|[from] item: Life Orb\n|move|p1a: Umbreon|Yawn|p2b: Jigglypuff\n|-start|p2b: Jigglypuff|move: Yawn|[of] p1a: Umbreon\n|move|p2b: Jigglypuff|Alluring Voice|p1b: Raging Bolt\n|-supereffective|p1b: Raging Bolt\n|-damage|p1b: Raging Bolt|0 fnt\n|faint|p1b: Raging Bolt\n|-end|p1b: Raging Bolt|Protosynthesis|[silent]\n|\n|-weather|RainDance|[upkeep]\n|-heal|p1a: Umbreon|35\/100|[from] item: Leftovers\n|upkeep\n|turn|13\n|\n|t:|1738141970\n|move|p1a: Umbreon|Protect|p1a: Umbreon\n|-singleturn|p1a: Umbreon|Protect\n|move|p2b: Jigglypuff|Sing|p1a: Umbreon\n|-activate|p1a: Umbreon|move: Protect\n|\n|-weather|RainDance|[upkeep]\n|-heal|p1a: Umbreon|41\/100|[from] item: Leftovers\n|-end|p2b: Jigglypuff|move: Yawn|[silent]\n|-status|p2b: Jigglypuff|slp\n|upkeep\n|turn|14\n|\n|t:|1738141976\n|move|p1a: Umbreon|Foul Play|p2b: Jigglypuff\n|-resisted|p2b: Jigglypuff\n|-damage|p2b: Jigglypuff|31\/100 slp\n|cant|p2b: Jigglypuff|slp\n|\n|-weather|none\n|-heal|p1a: Umbreon|47\/100|[from] item: Leftovers\n|upkeep\n|turn|15\n|\n|t:|1738141982\n|move|p1a: Umbreon|Foul Play|p2b: Jigglypuff\n|-resisted|p2b: Jigglypuff\n|-damage|p2b: Jigglypuff|25\/100 slp\n|-curestatus|p2b: Jigglypuff|slp|[msg]\n|move|p2b: Jigglypuff|Sing|p1a: Umbreon\n|-status|p1a: Umbreon|slp|[from] move: Sing\n|\n|-heal|p1a: Umbreon|53\/100 slp|[from] item: Leftovers\n|upkeep\n|turn|16\n|\n|t:|1738141990\n|cant|p1a: Umbreon|slp\n|move|p2b: Jigglypuff|Alluring Voice|p1a: Umbreon\n|-supereffective|p1a: Umbreon\n|-damage|p1a: Umbreon|31\/100 slp\n|\n|-heal|p1a: Umbreon|37\/100 slp|[from] item: Leftovers\n|upkeep\n|turn|17\n|\n|t:|1738141997\n|-curestatus|p1a: Umbreon|slp|[msg]\n|move|p1a: Umbreon|Yawn|p2b: Jigglypuff\n|-start|p2b: Jigglypuff|move: Yawn|[of] p1a: Umbreon\n|move|p2b: Jigglypuff|Alluring Voice|p1a: Umbreon\n|-supereffective|p1a: Umbreon\n|-damage|p1a: Umbreon|15\/100\n|\n|-heal|p1a: Umbreon|21\/100|[from] item: Leftovers\n|upkeep\n|turn|18\n|\n|t:|1738142012\n|move|p1a: Umbreon|Protect|p1a: Umbreon\n|-singleturn|p1a: Umbreon|Protect\n|move|p2b: Jigglypuff|Alluring Voice|p1a: Umbreon\n|-activate|p1a: Umbreon|move: Protect\n|\n|-heal|p1a: Umbreon|27\/100|[from] item: Leftovers\n|-end|p2b: Jigglypuff|move: Yawn|[silent]\n|-status|p2b: Jigglypuff|slp\n|upkeep\n|turn|19\n|\n|t:|1738142017\n|cant|p2b: Jigglypuff|slp\n|move|p1a: Umbreon|Foul Play|p2b: Jigglypuff\n|-resisted|p2b: Jigglypuff\n|-damage|p2b: Jigglypuff|18\/100 slp\n|\n|-heal|p1a: Umbreon|33\/100|[from] item: Leftovers\n|upkeep\n|turn|20\n|\n|t:|1738142026\n|move|p1a: Umbreon|Taunt|p2b: Jigglypuff\n|-start|p2b: Jigglypuff|move: Taunt\n|cant|p2b: Jigglypuff|slp\n|\n|-heal|p1a: Umbreon|39\/100|[from] item: Leftovers\n|upkeep\n|turn|21\n|\n|t:|1738142030\n|move|p1a: Umbreon|Foul Play|p2b: Jigglypuff\n|-resisted|p2b: Jigglypuff\n|-damage|p2b: Jigglypuff|12\/100 slp\n|-curestatus|p2b: Jigglypuff|slp|[msg]\n|move|p2b: Jigglypuff|Alluring Voice|p1a: Umbreon\n|-supereffective|p1a: Umbreon\n|-damage|p1a: Umbreon|18\/100\n|\n|-heal|p1a: Umbreon|24\/100|[from] item: Leftovers\n|upkeep\n|turn|22\n|\n|t:|1738142041\n|move|p1a: Umbreon|Yawn|p2b: Jigglypuff\n|-start|p2b: Jigglypuff|move: Yawn|[of] p1a: Umbreon\n|move|p2b: Jigglypuff|Alluring Voice|p1a: Umbreon\n|-supereffective|p1a: Umbreon\n|-damage|p1a: Umbreon|3\/100\n|\n|-heal|p1a: Umbreon|9\/100|[from] item: Leftovers\n|-end|p2b: Jigglypuff|move: Taunt\n|upkeep\n|turn|23\n|\n|t:|1738142050\n|move|p1a: Umbreon|Protect|p1a: Umbreon\n|-singleturn|p1a: Umbreon|Protect\n|move|p2b: Jigglypuff|Alluring Voice|p1a: Umbreon\n|-activate|p1a: Umbreon|move: Protect\n|\n|-heal|p1a: Umbreon|15\/100|[from] item: Leftovers\n|-end|p2b: Jigglypuff|move: Yawn|[silent]\n|-status|p2b: Jigglypuff|slp\n|upkeep\n|turn|24\n|\n|t:|1738142054\n|cant|p2b: Jigglypuff|slp\n|move|p1a: Umbreon|Foul Play|p2b: Jigglypuff\n|-resisted|p2b: Jigglypuff\n|-damage|p2b: Jigglypuff|6\/100 slp\n|\n|-heal|p1a: Umbreon|21\/100|[from] item: Leftovers\n|upkeep\n|turn|25\n|\n|t:|1738142062\n|move|p1a: Umbreon|Foul Play|p2b: Jigglypuff\n|-resisted|p2b: Jigglypuff\n|-damage|p2b: Jigglypuff|0 fnt\n|faint|p2b: Jigglypuff\n|\n|win|bluestraggler01\n|raw|bluestraggler01's rating: 1542 &rarr; <strong>1567<\/strong><br \/>(+25 for winning)\n|raw|Hanou143's rating: 1622 &rarr; <strong>1597<\/strong><br \/>(-25 for losing)\n|l|\u2606Hanou143\n|player|p2|\n","uploadtime":1738142064,"views":28,"formatid":"gen9vgc2025regg","rating":1567,"private":0,"password":null}