{"id":"gen9vgc2025regg-2291223139","format":"[Gen 9] VGC 2025 Reg G","players":["Yung Trav","AIM yon1995"],"log":"|j|\u203dYung Trav\n|j|\u2606AIM yon1995\n|t:|1738252856\n|gametype|doubles\n|player|p1|Yung Trav|266|1636\n|player|p2|AIM yon1995|101|1706\n|teamsize|p1|6\n|teamsize|p2|6\n|gen|9\n|tier|[Gen 9] VGC 2025 Reg G\n|rated|\n|rule|Species Clause: Limit one of each Pok\u00e9mon\n|rule|Item Clause: Limit 1 of each item\n|clearpoke\n|poke|p1|Calyrex-Ice, L50|\n|poke|p1|Regidrago, L50|\n|poke|p1|Smeargle, L50, M|\n|poke|p1|Farigiraf, L50, M|\n|poke|p1|Urshifu-*, L50, M|\n|poke|p1|Ogerpon-Cornerstone, L50, F|\n|poke|p2|Terapagos, L50, M|\n|poke|p2|Smeargle, L50, M|\n|poke|p2|Tornadus, L50, M|\n|poke|p2|Ogerpon-Hearthflame, L50, F|\n|poke|p2|Dondozo, L50, M|\n|poke|p2|Tatsugiri-Droopy, L50, F|\n|teampreview|4\n|j| Mukmogs\n|l| Mukmogs\n|\n|t:|1738252891\n|start\n|switch|p1a: Calyrex|Calyrex-Ice, L50|100\/100\n|switch|p1b: Smeargle|Smeargle, L50, M, shiny|100\/100\n|switch|p2a: Dondozo|Dondozo, L50, M|100\/100\n|switch|p2b: Smeargle|Smeargle, L50, M|100\/100\n|-ability|p1a: Calyrex|As One\n|-ability|p1a: Calyrex|Unnerve\n|turn|1\n|\n|t:|1738252921\n|-terastallize|p1b: Smeargle|Grass\n|move|p1a: Calyrex|Protect|p1a: Calyrex\n|-singleturn|p1a: Calyrex|Protect\n|move|p2b: Smeargle|Fake Out|p1b: Smeargle\n|-damage|p1b: Smeargle|93\/100\n|cant|p1b: Smeargle|flinch\n|move|p2a: Dondozo|Substitute|p2a: Dondozo\n|-start|p2a: Dondozo|Substitute\n|-damage|p2a: Dondozo|76\/100\n|\n|-heal|p2a: Dondozo|82\/100|[from] item: Leftovers\n|-ability|p2b: Smeargle|Moody|boost\n|-boost|p2b: Smeargle|atk|2\n|-unboost|p2b: Smeargle|spe|1\n|upkeep\n|turn|2\n|\n|t:|1738252946\n|switch|p2b: Tatsugiri|Tatsugiri-Droopy, L50, F|100\/100\n|-activate|p2b: Tatsugiri|ability: Commander|[of] p2a: Dondozo\n|-boost|p2a: Dondozo|atk|2\n|-boost|p2a: Dondozo|spa|2\n|-boost|p2a: Dondozo|spe|2\n|-boost|p2a: Dondozo|def|2\n|-boost|p2a: Dondozo|spd|2\n|move|p2a: Dondozo|Order Up|p1b: Smeargle\n|-damage|p1b: Smeargle|40\/100\n|-boost|p2a: Dondozo|def|1\n|move|p1a: Calyrex|Glacial Lance|p2b: Tatsugiri|[spread] p2a\n|-miss|p1a: Calyrex|p2b: Tatsugiri\n|-resisted|p2a: Dondozo\n|-activate|p2a: Dondozo|move: Substitute|[damage]\n|move|p1b: Smeargle|Spore|p2b: Tatsugiri|[miss]\n|-miss|p1b: Smeargle|p2b: Tatsugiri\n|\n|-heal|p2a: Dondozo|88\/100|[from] item: Leftovers\n|upkeep\n|turn|3\n|\n|t:|1738252978\n|switch|p1b: Regidrago|Regidrago, L50, shiny|100\/100\n|move|p2a: Dondozo|Order Up|p1b: Regidrago\n|-supereffective|p1b: Regidrago\n|-damage|p1b: Regidrago|39\/100\n|-boost|p2a: Dondozo|def|1\n|move|p1a: Calyrex|Glacial Lance|p2b: Tatsugiri|[spread] p2a\n|-miss|p1a: Calyrex|p2b: Tatsugiri\n|-resisted|p2a: Dondozo\n|-activate|p2a: Dondozo|move: Substitute|[damage]\n|\n|-heal|p2a: Dondozo|94\/100|[from] item: Leftovers\n|upkeep\n|turn|4\n|\n|t:|1738252993\n|-terastallize|p2a: Dondozo|Fairy\n|move|p1b: Regidrago|Protect|p1b: Regidrago\n|-singleturn|p1b: Regidrago|Protect\n|move|p2a: Dondozo|Order Up|p1b: Regidrago\n|-activate|p1b: Regidrago|move: Protect\n|move|p1a: Calyrex|Trick Room|p1a: Calyrex\n|-fieldstart|move: Trick Room|[of] p1a: Calyrex\n|\n|-heal|p2a: Dondozo|99\/100|[from] item: Leftovers\n|upkeep\n|turn|5\n|\n|t:|1738253007\n|move|p1b: Regidrago|Earth Power|p2a: Dondozo\n|-activate|p2a: Dondozo|move: Substitute|[damage]\n|move|p1a: Calyrex|Glacial Lance|p2b: Tatsugiri|[spread] p2a\n|-miss|p1a: Calyrex|p2b: Tatsugiri\n|-end|p2a: Dondozo|Substitute\n|move|p2a: Dondozo|Order Up|p1b: Regidrago\n|-supereffective|p1b: Regidrago\n|-damage|p1b: Regidrago|0 fnt\n|faint|p1b: Regidrago\n|-boost|p2a: Dondozo|def|1\n|\n|-heal|p2a: Dondozo|100\/100|[from] item: Leftovers\n|upkeep\n|\n|t:|1738253023\n|switch|p1b: Smeargle|Smeargle, L50, M, shiny, tera:Grass|40\/100\n|turn|6\n|\n|t:|1738253034\n|move|p2a: Dondozo|Protect|p2a: Dondozo\n|-singleturn|p2a: Dondozo|Protect\n|move|p1b: Smeargle|Spore|p2a: Dondozo\n|-activate|p2a: Dondozo|move: Protect\n|move|p1a: Calyrex|Glacial Lance|p2a: Dondozo|[spread] \n|-miss|p1a: Calyrex|p2b: Tatsugiri\n|-activate|p2a: Dondozo|move: Protect\n|\n|upkeep\n|turn|7\n|\n|t:|1738253048\n|move|p1b: Smeargle|Spore|p2a: Dondozo\n|-status|p2a: Dondozo|slp|[from] move: Spore\n|move|p1a: Calyrex|Glacial Lance|p2a: Dondozo|[spread] p2a\n|-miss|p1a: Calyrex|p2b: Tatsugiri\n|-damage|p2a: Dondozo|92\/100 slp\n|cant|p2a: Dondozo|slp\n|\n|-heal|p2a: Dondozo|98\/100 slp|[from] item: Leftovers\n|upkeep\n|turn|8\n|\n|t:|1738253061\n|switch|p1b: Urshifu|Urshifu, L50, M|100\/100\n|move|p1a: Calyrex|Glacial Lance|p2b: Tatsugiri|[spread] p2a\n|-miss|p1a: Calyrex|p2b: Tatsugiri\n|-damage|p2a: Dondozo|89\/100 slp\n|cant|p2a: Dondozo|slp\n|\n|-heal|p2a: Dondozo|95\/100 slp|[from] item: Leftovers\n|-fieldend|move: Trick Room\n|upkeep\n|turn|9\n|\n|t:|1738253075\n|move|p1b: Urshifu|Wicked Blow|p2a: Dondozo\n|-resisted|p2a: Dondozo\n|-crit|p2a: Dondozo\n|-damage|p2a: Dondozo|80\/100 slp\n|cant|p2a: Dondozo|slp\n|move|p1a: Calyrex|Glacial Lance|p2a: Dondozo|[spread] p2a\n|-miss|p1a: Calyrex|p2b: Tatsugiri\n|-damage|p2a: Dondozo|71\/100 slp\n|\n|-heal|p2a: Dondozo|77\/100 slp|[from] item: Leftovers\n|upkeep\n|turn|10\n|-message|Yung Trav forfeited.\n|\n|win|AIM yon1995\n|raw|Yung Trav's rating: 1636 &rarr; <strong>1620<\/strong><br \/>(-16 for losing)\n|raw|AIM yon1995's rating: 1706 &rarr; <strong>1722<\/strong><br \/>(+16 for winning)\n|l|\u203dYung Trav\n|player|p1|\n|j|\u203dYung Trav\n|player|p1|Yung Trav|266|\n|l|\u2606AIM yon1995\n|player|p2|\n|l|\u203dYung Trav\n|player|p1|\n","uploadtime":1738253295,"views":57,"formatid":"gen9vgc2025regg","rating":1620,"private":0,"password":null}