{"id":"gen9vgc2025regg-2291657386","format":"[Gen 9] VGC 2025 Reg G","players":["Playeroo7","jkimkim1"],"log":"|j|\u2606Playeroo7\n|j|\u2606jkimkim1\n|t:|1738307328\n|gametype|doubles\n|player|p1|Playeroo7|170|1579\n|player|p2|jkimkim1|170|1681\n|teamsize|p1|6\n|teamsize|p2|6\n|gen|9\n|tier|[Gen 9] VGC 2025 Reg G\n|rated|\n|rule|Species Clause: Limit one of each Pok\u00e9mon\n|rule|Item Clause: Limit 1 of each item\n|clearpoke\n|poke|p1|Ogerpon-Hearthflame, L50, F|\n|poke|p1|Landorus, L50, M|\n|poke|p1|Roaring Moon, L50|\n|poke|p1|Urshifu-*, L50, M|\n|poke|p1|Amoonguss, L50, F|\n|poke|p1|Calyrex-Ice, L50|\n|poke|p2|Miraidon, L50|\n|poke|p2|Cresselia, L50, F|\n|poke|p2|Landorus, L50, M|\n|poke|p2|Incineroar, L50, M|\n|poke|p2|Ursaluna, L50, M|\n|poke|p2|Whimsicott, L50, M|\n|teampreview|4\n|inactive|Battle timer is ON: inactive players will automatically lose when time's up. (requested by Playeroo7)\n|inactive|Playeroo7 has 60 seconds left.\n|\n|t:|1738307360\n|start\n|switch|p1a: Calyrex|Calyrex-Ice, L50|100\/100\n|switch|p1b: Ogerpon|Ogerpon-Hearthflame, L50, F|100\/100\n|switch|p2a: \uc0ac\uc2b9\ud5cc|Cresselia, L50, F, shiny|100\/100\n|switch|p2b: Jayson tatum|Miraidon, L50|100\/100\n|-ability|p1a: Calyrex|As One\n|-ability|p1a: Calyrex|Unnerve\n|-fieldstart|move: Electric Terrain|[from] ability: Hadron Engine|[of] p2b: Jayson tatum\n|-ability|p1b: Ogerpon|Mold Breaker\n|turn|1\n|inactive|jkimkim1 has 30 seconds left.\n|\n|t:|1738307385\n|move|p2a: \uc0ac\uc2b9\ud5cc|Helping Hand|p2b: Jayson tatum\n|-singleturn|p2b: Jayson tatum|Helping Hand|[of] p2a: \uc0ac\uc2b9\ud5cc\n|move|p1b: Ogerpon|Spiky Shield|p1b: Ogerpon\n|-singleturn|p1b: Ogerpon|move: Protect\n|move|p1a: Calyrex|Protect|p1a: Calyrex\n|-singleturn|p1a: Calyrex|Protect\n|move|p2b: Jayson tatum|Volt Switch|p1a: Calyrex\n|-activate|p1a: Calyrex|move: Protect\n|\n|upkeep\n|turn|2\n|\n|t:|1738307403\n|switch|p1a: Landorus|Landorus, L50, M|100\/100\n|move|p2a: \uc0ac\uc2b9\ud5cc|Helping Hand|p2b: Jayson tatum\n|-singleturn|p2b: Jayson tatum|Helping Hand|[of] p2a: \uc0ac\uc2b9\ud5cc\n|move|p2b: Jayson tatum|Volt Switch|p1a: Landorus\n|-immune|p1a: Landorus\n|move|p1b: Ogerpon|Ivy Cudgel|p2a: \uc0ac\uc2b9\ud5cc|[anim] Ivy Cudgel Fire\n|-damage|p2a: \uc0ac\uc2b9\ud5cc|63\/100\n|\n|upkeep\n|turn|3\n|\n|t:|1738307426\n|switch|p2b: Canada bear|Ursaluna, L50, M|100\/100\n|move|p1b: Ogerpon|Spiky Shield|p1b: Ogerpon\n|-singleturn|p1b: Ogerpon|move: Protect\n|move|p1a: Landorus|Sludge Bomb|p2b: Canada bear\n|-resisted|p2b: Canada bear\n|-damage|p2b: Canada bear|81\/100\n|move|p2a: \uc0ac\uc2b9\ud5cc|Trick Room|p2a: \uc0ac\uc2b9\ud5cc\n|-fieldstart|move: Trick Room|[of] p2a: \uc0ac\uc2b9\ud5cc\n|\n|-status|p2b: Canada bear|brn|[from] item: Flame Orb\n|upkeep\n|turn|4\n|\n|t:|1738307443\n|move|p2b: Canada bear|Facade|p1b: Ogerpon\n|-damage|p1b: Ogerpon|8\/100\n|move|p2a: \uc0ac\uc2b9\ud5cc|Ice Beam|p1a: Landorus\n|-supereffective|p1a: Landorus\n|-damage|p1a: Landorus|16\/100\n|move|p1b: Ogerpon|Horn Leech|p2b: Canada bear\n|-supereffective|p2b: Canada bear\n|-damage|p2b: Canada bear|25\/100 brn\n|-heal|p1b: Ogerpon|44\/100|[from] drain|[of] p2b: Canada bear\n|move|p1a: Landorus|Earth Power|p2b: Canada bear\n|-damage|p2b: Canada bear|0 fnt\n|faint|p2b: Canada bear\n|\n|upkeep\n|\n|t:|1738307460\n|switch|p2b: Jayson tatum|Miraidon, L50|100\/100\n|-activate|p2b: Jayson tatum|ability: Hadron Engine\n|turn|5\n|\n|t:|1738307469\n|move|p1b: Ogerpon|Follow Me|p1b: Ogerpon\n|-singleturn|p1b: Ogerpon|move: Follow Me\n|move|p2a: \uc0ac\uc2b9\ud5cc|Ice Beam|p1b: Ogerpon\n|-damage|p1b: Ogerpon|23\/100\n|-status|p1b: Ogerpon|frz\n|move|p1a: Landorus|Earth Power|p2b: Jayson tatum\n|-supereffective|p2b: Jayson tatum\n|-damage|p2b: Jayson tatum|0 fnt\n|faint|p2b: Jayson tatum\n|\n|-fieldend|move: Electric Terrain\n|upkeep\n|-message|jkimkim1 forfeited.\n|\n|win|Playeroo7\n|raw|Playeroo7's rating: 1579 &rarr; <strong>1605<\/strong><br \/>(+26 for winning)\n|raw|jkimkim1's rating: 1681 &rarr; <strong>1655<\/strong><br \/>(-26 for losing)\n|c|\u2606Playeroo7|Gg\n","uploadtime":1738307494,"views":25,"formatid":"gen9vgc2025regg","rating":1605,"private":0,"password":null}