{"id":"gen9vgc2025regg-2291231355","format":"[Gen 9] VGC 2025 Reg G","players":["drdoctorfunk","meiose"],"log":"|j|\u2606drdoctorfunk\n|j|\u2606meiose\n|t:|1738253699\n|gametype|doubles\n|player|p1|drdoctorfunk|1|1504\n|player|p2|meiose|schoolkid-gen4|1556\n|teamsize|p1|6\n|teamsize|p2|6\n|gen|9\n|tier|[Gen 9] VGC 2025 Reg G\n|rated|\n|rule|Species Clause: Limit one of each Pok\u00e9mon\n|rule|Item Clause: Limit 1 of each item\n|clearpoke\n|poke|p1|Calyrex-Ice, L50|\n|poke|p1|Indeedee-F, L50, F|\n|poke|p1|Rabsca, L50, F|\n|poke|p1|Ursaluna-Bloodmoon, L50, M|\n|poke|p1|Araquanid, L50, M|\n|poke|p1|Ogerpon, L50, F|\n|poke|p2|Calyrex-Shadow, L50|\n|poke|p2|Ting-Lu, L50|\n|poke|p2|Araquanid, L50, F|\n|poke|p2|Raging Bolt, L50|\n|poke|p2|Ogerpon, L50, F|\n|poke|p2|Whimsicott, L50, F|\n|teampreview|4\n|\n|t:|1738253745\n|start\n|switch|p1a: Indeedee|Indeedee-F, L50, F|100\/100\n|switch|p1b: Calyrex|Calyrex-Ice, L50|100\/100\n|switch|p2a: Calyrex|Calyrex-Shadow, L50|100\/100\n|switch|p2b: Araquanid|Araquanid, L50, F|100\/100\n|-ability|p2a: Calyrex|As One\n|-ability|p2a: Calyrex|Unnerve\n|-ability|p1b: Calyrex|As One\n|-ability|p1b: Calyrex|Unnerve\n|-fieldstart|move: Psychic Terrain|[from] ability: Psychic Surge|[of] p1a: Indeedee\n|turn|1\n|\n|t:|1738253765\n|-terastallize|p1b: Calyrex|Water\n|move|p2a: Calyrex|Astral Barrage|p1a: Indeedee|[spread] p1b\n|-immune|p1a: Indeedee\n|-damage|p1b: Calyrex|62\/100\n|move|p1b: Calyrex|Glacial Lance|p2b: Araquanid|[spread] p2a,p2b\n|-resisted|p2b: Araquanid\n|-damage|p2a: Calyrex|24\/100\n|-damage|p2b: Araquanid|76\/100\n|move|p2b: Araquanid|Leech Life|p1a: Indeedee\n|-supereffective|p1a: Indeedee\n|-damage|p1a: Indeedee|62\/100\n|-heal|p2b: Araquanid|96\/100|[from] drain|[of] p1a: Indeedee\n|move|p1a: Indeedee|Trick Room|p1a: Indeedee\n|-fieldstart|move: Trick Room|[of] p1a: Indeedee\n|\n|upkeep\n|turn|2\n|\n|t:|1738253804\n|switch|p1b: Ursaluna|Ursaluna-Bloodmoon, L50, M|100\/100\n|move|p2a: Calyrex|Protect|p2a: Calyrex\n|-singleturn|p2a: Calyrex|Protect\n|move|p2b: Araquanid|Infestation|p1b: Ursaluna\n|-damage|p1b: Ursaluna|96\/100\n|-activate|p1b: Ursaluna|move: Infestation|[of] p2b: Araquanid\n|move|p1a: Indeedee|Dazzling Gleam|p2a: Calyrex|[spread] p2b\n|-activate|p2a: Calyrex|move: Protect\n|-damage|p2b: Araquanid|86\/100\n|\n|-damage|p1b: Ursaluna|83\/100|[from] move: Infestation|[partiallytrapped]\n|upkeep\n|turn|3\n|j| UltimoRyu\n|\n|t:|1738253831\n|switch|p1a: Rabsca|Rabsca, L50, F|100\/100\n|-enditem|p1a: Rabsca|Psychic Seed\n|-boost|p1a: Rabsca|spd|1|[from] item: Psychic Seed\n|switch|p2a: Ting-Lu|Ting-Lu, L50|100\/100\n|-ability|p2a: Ting-Lu|Vessel of Ruin\n|move|p2b: Araquanid|Liquidation|p1b: Ursaluna\n|-supereffective|p1b: Ursaluna\n|-damage|p1b: Ursaluna|17\/100\n|move|p1b: Ursaluna|Earth Power|p2a: Ting-Lu\n|-damage|p2a: Ting-Lu|70\/100\n|-unboost|p2a: Ting-Lu|spd|1\n|-damage|p1b: Ursaluna|8\/100|[from] item: Life Orb\n|\n|-heal|p2a: Ting-Lu|77\/100|[from] item: Leftovers\n|-damage|p1b: Ursaluna|0 fnt|[from] move: Infestation|[partiallytrapped]\n|faint|p1b: Ursaluna\n|upkeep\n|\n|t:|1738253851\n|switch|p1b: Calyrex|Calyrex-Ice, L50, tera:Water|62\/100\n|-ability|p1b: Calyrex|As One\n|-ability|p1b: Calyrex|Unnerve\n|turn|4\n|\n|t:|1738253869\n|-terastallize|p2a: Ting-Lu|Fairy\n|move|p2b: Araquanid|Leech Life|p1b: Calyrex\n|-damage|p1b: Calyrex|49\/100\n|-heal|p2b: Araquanid|94\/100|[from] drain|[of] p1b: Calyrex\n|move|p1a: Rabsca|Revival Blessing|p1a: Rabsca\n|\n|t:|1738253877\n|-heal|p1: Ursaluna|50\/100|[from] move: Revival Blessing\n|move|p1b: Calyrex|Glacial Lance|p2b: Araquanid|[spread] p2a,p2b\n|-resisted|p2b: Araquanid\n|-damage|p2a: Ting-Lu|45\/100\n|-damage|p2b: Araquanid|65\/100\n|move|p2a: Ting-Lu|Sand Tomb|p1b: Calyrex\n|-damage|p1b: Calyrex|42\/100\n|-activate|p1b: Calyrex|move: Sand Tomb|[of] p2a: Ting-Lu\n|\n|-heal|p2a: Ting-Lu|51\/100|[from] item: Leftovers\n|-damage|p1b: Calyrex|29\/100|[from] move: Sand Tomb|[partiallytrapped]\n|upkeep\n|turn|5\n|\n|t:|1738253917\n|move|p2a: Ting-Lu|Protect|p2a: Ting-Lu\n|-singleturn|p2a: Ting-Lu|Protect\n|move|p2b: Araquanid|Liquidation|p1a: Rabsca\n|-damage|p1a: Rabsca|60\/100\n|move|p1a: Rabsca|Expanding Force|p2a: Ting-Lu|[spread] p2b\n|-activate|p2a: Ting-Lu|move: Protect\n|-damage|p2b: Araquanid|36\/100\n|move|p1b: Calyrex|Glacial Lance|p2b: Araquanid|[spread] p2b\n|-activate|p2a: Ting-Lu|move: Protect\n|-resisted|p2b: Araquanid\n|-damage|p2b: Araquanid|10\/100\n|\n|-heal|p2a: Ting-Lu|57\/100|[from] item: Leftovers\n|-damage|p1b: Calyrex|17\/100|[from] move: Sand Tomb|[partiallytrapped]\n|-fieldend|move: Trick Room\n|-fieldend|move: Psychic Terrain\n|upkeep\n|turn|6\n|\n|t:|1738253950\n|move|p2b: Araquanid|Protect|p2b: Araquanid\n|-singleturn|p2b: Araquanid|Protect\n|move|p2a: Ting-Lu|Sand Tomb|p1b: Calyrex\n|-damage|p1b: Calyrex|9\/100\n|move|p1b: Calyrex|Glacial Lance|p2a: Ting-Lu|[spread] p2a\n|-activate|p2b: Araquanid|move: Protect\n|-damage|p2a: Ting-Lu|27\/100\n|move|p1a: Rabsca|Expanding Force|p2b: Araquanid\n|-activate|p2b: Araquanid|move: Protect\n|\n|-heal|p2a: Ting-Lu|33\/100|[from] item: Leftovers\n|-damage|p1b: Calyrex|0 fnt|[from] move: Sand Tomb|[partiallytrapped]\n|faint|p1b: Calyrex\n|upkeep\n|\n|t:|1738253969\n|switch|p1b: Indeedee|Indeedee-F, L50, F|62\/100\n|-fieldstart|move: Psychic Terrain|[from] ability: Psychic Surge|[of] p1b: Indeedee\n|turn|7\n|\n|t:|1738254027\n|switch|p2a: Raging Bolt|Raging Bolt, L50|100\/100\n|move|p1a: Rabsca|Expanding Force|p2a: Raging Bolt|[spread] p2a,p2b\n|-damage|p2a: Raging Bolt|72\/100\n|-damage|p2b: Araquanid|0 fnt\n|faint|p2b: Araquanid\n|move|p1b: Indeedee|Trick Room|p1b: Indeedee\n|-fieldstart|move: Trick Room|[of] p1b: Indeedee\n|\n|upkeep\n|\n|t:|1738254036\n|switch|p2b: Ting-Lu|Ting-Lu, L50, tera:Fairy|33\/100\n|-ability|p2b: Ting-Lu|Vessel of Ruin\n|turn|8\n|\n|t:|1738254054\n|move|p1a: Rabsca|Expanding Force|p2a: Raging Bolt|[spread] p2a,p2b\n|-damage|p2a: Raging Bolt|50\/100\n|-damage|p2b: Ting-Lu|5\/100\n|move|p2b: Ting-Lu|Ruination|p1b: Indeedee\n|-damage|p1b: Indeedee|32\/100\n|move|p1b: Indeedee|Healing Wish|p1b: Indeedee\n|faint|p1b: Indeedee\n|move|p2a: Raging Bolt|Thunderbolt|p1a: Rabsca\n|-damage|p1a: Rabsca|37\/100\n|\n|-heal|p2b: Ting-Lu|11\/100|[from] item: Leftovers\n|upkeep\n|\n|t:|1738254067\n|switch|p1b: Ursaluna|Ursaluna-Bloodmoon, L50, M|50\/100\n|-heal|p1b: Ursaluna|100\/100|[from] move: Healing Wish\n|turn|9\n|\n|t:|1738254082\n|move|p2b: Ting-Lu|Protect|p2b: Ting-Lu\n|-singleturn|p2b: Ting-Lu|Protect\n|move|p1a: Rabsca|Expanding Force|p2a: Raging Bolt|[spread] p2a\n|-activate|p2b: Ting-Lu|move: Protect\n|-damage|p2a: Raging Bolt|28\/100\n|move|p1b: Ursaluna|Earth Power|p2a: Raging Bolt\n|-supereffective|p2a: Raging Bolt\n|-damage|p2a: Raging Bolt|0 fnt\n|faint|p2a: Raging Bolt\n|-end|p2a: Raging Bolt|Protosynthesis|[silent]\n|-damage|p1b: Ursaluna|91\/100|[from] item: Life Orb\n|\n|-heal|p2b: Ting-Lu|17\/100|[from] item: Leftovers\n|upkeep\n|\n|t:|1738254084\n|switch|p2a: Calyrex|Calyrex-Shadow, L50|24\/100\n|-ability|p2a: Calyrex|As One\n|-ability|p2a: Calyrex|Unnerve\n|turn|10\n|\n|t:|1738254105\n|move|p2a: Calyrex|Protect|p2a: Calyrex\n|-singleturn|p2a: Calyrex|Protect\n|move|p1a: Rabsca|Expanding Force|p2b: Ting-Lu|[spread] p2b\n|-activate|p2a: Calyrex|move: Protect\n|-damage|p2b: Ting-Lu|0 fnt\n|faint|p2b: Ting-Lu\n|move|p1b: Ursaluna|Hyper Voice|p2a: Calyrex\n|-activate|p2a: Calyrex|move: Protect\n|\n|upkeep\n|turn|11\n|\n|t:|1738254130\n|move|p2a: Calyrex|Protect||[still]\n|-fail|p2a: Calyrex\n|move|p1a: Rabsca|Bug Buzz|p2a: Calyrex\n|-damage|p2a: Calyrex|0 fnt\n|faint|p2a: Calyrex\n|\n|win|drdoctorfunk\n|raw|drdoctorfunk's rating: 1504 &rarr; <strong>1527<\/strong><br \/>(+23 for winning)\n|raw|meiose's rating: 1556 &rarr; <strong>1533<\/strong><br \/>(-23 for losing)\n|l|\u2606meiose\n|player|p2|\n|l| UltimoRyu\n","uploadtime":1738254398,"views":11,"formatid":"gen9vgc2025regg","rating":1527,"private":0,"password":null}