{"id":"gen9vgc2025regg-2291269156","format":"[Gen 9] VGC 2025 Reg G","players":["Mildly Displeased","AIM yon1995"],"log":"|j|\u2606Mildly Displeased\n|j|\u2606AIM yon1995\n|t:|1738257447\n|gametype|doubles\n|player|p1|Mildly Displeased|lillie|1703\n|player|p2|AIM yon1995|101|1802\n|teamsize|p1|6\n|teamsize|p2|6\n|gen|9\n|tier|[Gen 9] VGC 2025 Reg G\n|rated|\n|rule|Species Clause: Limit one of each Pok\u00e9mon\n|rule|Item Clause: Limit 1 of each item\n|clearpoke\n|poke|p1|Primarina, L50, M|\n|poke|p1|Talonflame, L50, F|\n|poke|p1|Zamazenta-*, L50|\n|poke|p1|Rillaboom, L50, F|\n|poke|p1|Iron Treads, L50|\n|poke|p1|Chien-Pao, L50|\n|poke|p2|Terapagos, L50, M|\n|poke|p2|Smeargle, L50, M|\n|poke|p2|Tornadus, L50, M|\n|poke|p2|Ogerpon-Hearthflame, L50, F|\n|poke|p2|Dondozo, L50, F|\n|poke|p2|Tatsugiri-Droopy, L50, M|\n|teampreview|4\n|j| Mr-High-Tower\n|\n|t:|1738257471\n|start\n|switch|p1a: Talonflame|Talonflame, L50, F, shiny|100\/100\n|switch|p1b: Rillaboom|Rillaboom, L50, F|100\/100\n|switch|p2a: Terapagos|Terapagos, L50, M|100\/100\n|switch|p2b: Dondozo|Dondozo, L50, F|100\/100\n|-activate|p2a: Terapagos|ability: Tera Shift\n|detailschange|p2a: Terapagos|Terapagos-Terastal, L50, M\n|-heal|p2a: Terapagos|100\/100|[silent]\n|-fieldstart|move: Grassy Terrain|[from] ability: Grassy Surge|[of] p1b: Rillaboom\n|turn|1\n|inactive|Battle timer is ON: inactive players will automatically lose when time's up. (requested by Mildly Displeased)\n|\n|t:|1738257487\n|move|p2b: Dondozo|Protect|p2b: Dondozo\n|-singleturn|p2b: Dondozo|Protect\n|move|p1a: Talonflame|Taunt|p2a: Terapagos\n|-start|p2a: Terapagos|move: Taunt\n|move|p2a: Terapagos|Tera Starstorm|p1a: Talonflame\n|-damage|p1a: Talonflame|0 fnt\n|faint|p1a: Talonflame\n|move|p1b: Rillaboom|Wood Hammer|p2b: Dondozo\n|-activate|p2b: Dondozo|move: Protect\n|\n|upkeep\n|\n|t:|1738257492\n|switch|p1a: Zamazenta|Zamazenta-Crowned, L50|100\/100\n|-ability|p1a: Zamazenta|Dauntless Shield|boost\n|-boost|p1a: Zamazenta|def|1\n|turn|2\n|l| Mr-High-Tower\n|\n|t:|1738257508\n|switch|p2a: Tatsugiri|Tatsugiri-Droopy, L50, M|100\/100\n|-activate|p2a: Tatsugiri|ability: Commander|[of] p2b: Dondozo\n|-boost|p2b: Dondozo|atk|2\n|-boost|p2b: Dondozo|spa|2\n|-boost|p2b: Dondozo|spe|2\n|-boost|p2b: Dondozo|def|2\n|-boost|p2b: Dondozo|spd|2\n|-terastallize|p1a: Zamazenta|Ghost\n|-terastallize|p2b: Dondozo|Fairy\n|move|p1a: Zamazenta|Iron Defense|p1a: Zamazenta\n|-boost|p1a: Zamazenta|def|2\n|move|p2b: Dondozo|Order Up|p1b: Rillaboom\n|-damage|p1b: Rillaboom|67\/100\n|-boost|p2b: Dondozo|def|1\n|move|p1b: Rillaboom|Wood Hammer|p2b: Dondozo\n|-damage|p2b: Dondozo|84\/100\n|-damage|p1b: Rillaboom|60\/100|[from] Recoil\n|\n|-heal|p2b: Dondozo|90\/100|[from] Grassy Terrain\n|-heal|p2b: Dondozo|96\/100|[from] item: Leftovers\n|-heal|p1b: Rillaboom|66\/100|[from] Grassy Terrain\n|upkeep\n|turn|3\n|\n|t:|1738257530\n|move|p1a: Zamazenta|Heavy Slam|p2b: Dondozo\n|-supereffective|p2b: Dondozo\n|-damage|p2b: Dondozo|83\/100\n|move|p2b: Dondozo|Order Up|p1b: Rillaboom\n|-damage|p1b: Rillaboom|29\/100\n|-boost|p2b: Dondozo|def|1\n|move|p1b: Rillaboom|Wood Hammer|p2b: Dondozo\n|-damage|p2b: Dondozo|70\/100\n|-damage|p1b: Rillaboom|24\/100|[from] Recoil\n|\n|-heal|p2b: Dondozo|76\/100|[from] Grassy Terrain\n|-heal|p2b: Dondozo|82\/100|[from] item: Leftovers\n|-heal|p1b: Rillaboom|29\/100|[from] Grassy Terrain\n|upkeep\n|turn|4\n|\n|t:|1738257540\n|move|p1a: Zamazenta|Heavy Slam|p2b: Dondozo\n|-supereffective|p2b: Dondozo\n|-damage|p2b: Dondozo|71\/100\n|move|p2b: Dondozo|Order Up|p1b: Rillaboom\n|-damage|p1b: Rillaboom|0 fnt\n|faint|p1b: Rillaboom\n|-boost|p2b: Dondozo|def|1\n|\n|-heal|p2b: Dondozo|77\/100|[from] Grassy Terrain\n|-heal|p2b: Dondozo|83\/100|[from] item: Leftovers\n|upkeep\n|\n|t:|1738257545\n|switch|p1b: Chien-Pao|Chien-Pao, L50|100\/100\n|-ability|p1b: Chien-Pao|Sword of Ruin\n|turn|5\n|\n|t:|1738257557\n|move|p1b: Chien-Pao|Sacred Sword|p2b: Dondozo\n|-resisted|p2b: Dondozo\n|-damage|p2b: Dondozo|75\/100\n|move|p1a: Zamazenta|Heavy Slam|p2b: Dondozo\n|-supereffective|p2b: Dondozo\n|-damage|p2b: Dondozo|62\/100\n|move|p2b: Dondozo|Body Press|p1b: Chien-Pao\n|-supereffective|p1b: Chien-Pao\n|-enditem|p1b: Chien-Pao|Focus Sash\n|-damage|p1b: Chien-Pao|1\/100\n|\n|-heal|p1b: Chien-Pao|7\/100|[from] Grassy Terrain\n|-heal|p2b: Dondozo|68\/100|[from] Grassy Terrain\n|-heal|p2b: Dondozo|74\/100|[from] item: Leftovers\n|-fieldend|move: Grassy Terrain\n|upkeep\n|turn|6\n|-message|Mildly Displeased forfeited.\n|\n|win|AIM yon1995\n|raw|Mildly Displeased's rating: 1703 &rarr; <strong>1689<\/strong><br \/>(-14 for losing)\n|raw|AIM yon1995's rating: 1802 &rarr; <strong>1816<\/strong><br \/>(+14 for winning)\n|l|\u2606Mildly Displeased\n|player|p1|\n|l|\u2606AIM yon1995\n|player|p2|\n","uploadtime":1738257811,"views":60,"formatid":"gen9vgc2025regg","rating":1689,"private":0,"password":null}