{"id":"gen9vgc2025regg-2291444316","format":"[Gen 9] VGC 2025 Reg G","players":["MoodyMukVGC","Acblade"],"log":"|j|\u2606MoodyMukVGC\n|j|\u2606Acblade\n|t:|1738275576\n|gametype|doubles\n|player|p1|MoodyMukVGC|102|1583\n|player|p2|Acblade|lucas|1674\n|teamsize|p1|6\n|teamsize|p2|6\n|gen|9\n|tier|[Gen 9] VGC 2025 Reg G\n|rated|\n|rule|Species Clause: Limit one of each Pok\u00e9mon\n|rule|Item Clause: Limit 1 of each item\n|clearpoke\n|poke|p1|Calyrex-Shadow, L50|\n|poke|p1|Rillaboom, L50, M|\n|poke|p1|Urshifu-*, L50, M|\n|poke|p1|Clefairy, L50, M|\n|poke|p1|Incineroar, L50, M|\n|poke|p1|Tornadus, L50, M|\n|poke|p2|Tornadus, L50, M|\n|poke|p2|Chi-Yu, L50|\n|poke|p2|Flutter Mane, L50|\n|poke|p2|Koraidon, L50|\n|poke|p2|Raging Bolt, L50|\n|poke|p2|Farigiraf, L50, F|\n|teampreview|4\n|inactive|Battle timer is ON: inactive players will automatically lose when time's up. (requested by Acblade)\n|\n|t:|1738275605\n|start\n|switch|p1a: Calyrex|Calyrex-Shadow, L50|100\/100\n|switch|p1b: Tornadus|Tornadus, L50, M, shiny|100\/100\n|switch|p2a: Tornadus|Tornadus, L50, M|100\/100\n|switch|p2b: Koraidon|Koraidon, L50|100\/100\n|-ability|p1a: Calyrex|As One\n|-ability|p1a: Calyrex|Unnerve\n|-weather|SunnyDay|[from] ability: Orichalcum Pulse|[of] p2b: Koraidon\n|-activate|p2b: Koraidon|Orichalcum Pulse|[source]\n|turn|1\n|\n|t:|1738275620\n|move|p2a: Tornadus|Tailwind|p2a: Tornadus\n|-sidestart|p2: Acblade|move: Tailwind\n|move|p1b: Tornadus|Rain Dance|p1b: Tornadus\n|-weather|RainDance\n|move|p2b: Koraidon|Flare Blitz|p1b: Tornadus\n|-damage|p1b: Tornadus|69\/100\n|-damage|p2b: Koraidon|90\/100|[from] Recoil\n|move|p1a: Calyrex|Astral Barrage|p2a: Tornadus|[spread] p2a,p2b\n|-damage|p2a: Tornadus|37\/100\n|-damage|p2b: Koraidon|41\/100\n|\n|-weather|RainDance|[upkeep]\n|upkeep\n|turn|2\n|\n|t:|1738275637\n|-terastallize|p2a: Tornadus|Dark\n|move|p1b: Tornadus|Tailwind|p1b: Tornadus\n|-sidestart|p1: MoodyMukVGC|move: Tailwind\n|move|p1a: Calyrex|Astral Barrage|p2b: Koraidon|[spread] p2a,p2b\n|-resisted|p2a: Tornadus\n|-damage|p2a: Tornadus|5\/100\n|-damage|p2b: Koraidon|0 fnt\n|faint|p2b: Koraidon\n|-ability|p1a: Calyrex|Grim Neigh|boost\n|-boost|p1a: Calyrex|spa|1\n|move|p2a: Tornadus|Bleakwind Storm|p1a: Calyrex|[spread] p1a,p1b\n|-crit|p1b: Tornadus\n|-damage|p1a: Calyrex|59\/100\n|-damage|p1b: Tornadus|0 fnt\n|faint|p1b: Tornadus\n|\n|-weather|RainDance|[upkeep]\n|upkeep\n|\n|t:|1738275655\n|switch|p2b: Chi-Yu|Chi-Yu, L50|100\/100\n|switch|p1b: Clefairy|Clefairy, L50, M, shiny|100\/100\n|-ability|p2b: Chi-Yu|Beads of Ruin\n|turn|3\n|\n|t:|1738275677\n|-terastallize|p1a: Calyrex|Fairy\n|move|p1b: Clefairy|Helping Hand|p1a: Calyrex\n|-singleturn|p1a: Calyrex|Helping Hand|[of] p1b: Clefairy\n|move|p2a: Tornadus|Sunny Day|p2a: Tornadus\n|-weather|SunnyDay\n|move|p2b: Chi-Yu|Heat Wave|p1b: Clefairy|[spread] p1a,p1b\n|-damage|p1a: Calyrex|2\/100\n|-damage|p1b: Clefairy|27\/100\n|move|p1a: Calyrex|Draining Kiss|p2b: Chi-Yu\n|-damage|p2b: Chi-Yu|32\/100\n|-heal|p1a: Calyrex|44\/100|[from] drain|[of] p2b: Chi-Yu\n|\n|-weather|SunnyDay|[upkeep]\n|upkeep\n|turn|4\n|\n|t:|1738275700\n|move|p1a: Calyrex|Protect|p1a: Calyrex\n|-singleturn|p1a: Calyrex|Protect\n|move|p1b: Clefairy|Follow Me|p1b: Clefairy\n|-singleturn|p1b: Clefairy|move: Follow Me\n|move|p2b: Chi-Yu|Heat Wave|p1a: Calyrex|[spread] p1b\n|-activate|p1a: Calyrex|move: Protect\n|-damage|p1b: Clefairy|0 fnt\n|faint|p1b: Clefairy\n|move|p2a: Tornadus|Weather Ball|p1a: Calyrex\n|-activate|p1a: Calyrex|move: Protect\n|\n|-weather|SunnyDay|[upkeep]\n|-sideend|p2: Acblade|move: Tailwind\n|upkeep\n|\n|t:|1738275706\n|switch|p1b: Urshifu|Urshifu-Rapid-Strike, L50, M|100\/100\n|turn|5\n|\n|t:|1738275719\n|move|p2a: Tornadus|Tailwind|p2a: Tornadus\n|-sidestart|p2: Acblade|move: Tailwind\n|move|p2b: Chi-Yu|Heat Wave|p1b: Urshifu|[spread] p1a,p1b\n|-resisted|p1b: Urshifu\n|-damage|p1a: Calyrex|0 fnt\n|-damage|p1b: Urshifu|44\/100\n|faint|p1a: Calyrex\n|move|p1b: Urshifu|Surging Strikes|p2a: Tornadus\n|-crit|p2a: Tornadus\n|-damage|p2a: Tornadus|0 fnt\n|faint|p2a: Tornadus\n|-hitcount|p2: Tornadus|1\n|\n|-weather|SunnyDay|[upkeep]\n|-sideend|p1: MoodyMukVGC|move: Tailwind\n|upkeep\n|\n|t:|1738275725\n|switch|p2a: Flutter Mane|Flutter Mane, L50|100\/100\n|-activate|p2a: Flutter Mane|ability: Protosynthesis\n|-start|p2a: Flutter Mane|protosynthesisspe\n|turn|6\n|-message|MoodyMukVGC forfeited.\n|\n|win|Acblade\n|raw|MoodyMukVGC's rating: 1583 &rarr; <strong>1568<\/strong><br \/>(-15 for losing)\n|raw|Acblade's rating: 1674 &rarr; <strong>1689<\/strong><br \/>(+15 for winning)\n|l|\u2606Acblade\n|player|p2|\n","uploadtime":1738275914,"views":6,"formatid":"gen9vgc2025regg","rating":1568,"private":0,"password":null}