{"id":"gen9vgc2025regg-2291907428","format":"[Gen 9] VGC 2025 Reg G","players":["techinsan3","Mildly Displeased"],"log":"|j|\u2606techinsan3\n|j|\u2606Mildly Displeased\n|t:|1738343297\n|gametype|doubles\n|player|p1|techinsan3|alder|1583\n|player|p2|Mildly Displeased|lillie|1547\n|teamsize|p1|6\n|teamsize|p2|6\n|gen|9\n|tier|[Gen 9] VGC 2025 Reg G\n|rated|\n|rule|Species Clause: Limit one of each Pok\u00e9mon\n|rule|Item Clause: Limit 1 of each item\n|clearpoke\n|poke|p1|Calyrex-Shadow, L50|\n|poke|p1|Ting-Lu, L50|\n|poke|p1|Dondozo, L50, M|\n|poke|p1|Urshifu-*, L50, F|\n|poke|p1|Ogerpon-Hearthflame, L50, F|\n|poke|p1|Whimsicott, L50, F|\n|poke|p2|Primarina, L50, M|\n|poke|p2|Talonflame, L50, F|\n|poke|p2|Zamazenta-*, L50|\n|poke|p2|Rillaboom, L50, M|\n|poke|p2|Iron Treads, L50|\n|poke|p2|Chien-Pao, L50|\n|teampreview|4\n|inactive|Battle timer is ON: inactive players will automatically lose when time's up. (requested by Mildly Displeased)\n|\n|t:|1738343315\n|start\n|switch|p1a: Ting-Lu|Ting-Lu, L50|100\/100\n|switch|p1b: Dondozo|Dondozo, L50, M|100\/100\n|switch|p2a: Talonflame|Talonflame, L50, F, shiny|100\/100\n|switch|p2b: Iron Treads|Iron Treads, L50|100\/100\n|-ability|p1a: Ting-Lu|Vessel of Ruin\n|-enditem|p2b: Iron Treads|Booster Energy\n|-activate|p2b: Iron Treads|ability: Quark Drive|[fromitem]\n|-start|p2b: Iron Treads|quarkdrivespe\n|turn|1\n|\n|t:|1738343328\n|move|p2a: Talonflame|Brave Bird|p1b: Dondozo\n|-damage|p1b: Dondozo|68\/100\n|-damage|p2a: Talonflame|82\/100|[from] Recoil\n|move|p2b: Iron Treads|High Horsepower|p1b: Dondozo\n|-damage|p1b: Dondozo|43\/100\n|move|p1a: Ting-Lu|Stealth Rock|p2b: Iron Treads\n|-sidestart|p2: Mildly Displeased|move: Stealth Rock\n|move|p1b: Dondozo|Yawn|p2b: Iron Treads\n|-start|p2b: Iron Treads|move: Yawn|[of] p1b: Dondozo\n|\n|-heal|p1b: Dondozo|49\/100|[from] item: Leftovers\n|upkeep\n|turn|2\n|\n|t:|1738343342\n|-end|p2b: Iron Treads|Quark Drive|[silent]\n|switch|p2b: Rillaboom|Rillaboom, L50, M|100\/100\n|-damage|p2b: Rillaboom|88\/100|[from] Stealth Rock\n|-fieldstart|move: Grassy Terrain|[from] ability: Grassy Surge|[of] p2b: Rillaboom\n|move|p1b: Dondozo|Protect|p1b: Dondozo\n|-singleturn|p1b: Dondozo|Protect\n|move|p2a: Talonflame|Brave Bird|p1b: Dondozo\n|-activate|p1b: Dondozo|move: Protect\n|move|p1a: Ting-Lu|Sand Tomb|p2b: Rillaboom\n|-resisted|p2b: Rillaboom\n|-damage|p2b: Rillaboom|83\/100\n|-activate|p2b: Rillaboom|move: Sand Tomb|[of] p1a: Ting-Lu\n|\n|-heal|p2b: Rillaboom|88\/100|[from] Grassy Terrain\n|-heal|p1b: Dondozo|55\/100|[from] Grassy Terrain\n|-heal|p1b: Dondozo|61\/100|[from] item: Leftovers\n|-damage|p2b: Rillaboom|76\/100|[from] move: Sand Tomb|[partiallytrapped]\n|upkeep\n|turn|3\n|j| 2-2-2 Ape\n|\n|t:|1738343361\n|switch|p1b: Ogerpon|Ogerpon-Hearthflame, L50, F|100\/100\n|-ability|p1b: Ogerpon|Mold Breaker\n|move|p2a: Talonflame|Tailwind|p2a: Talonflame\n|-sidestart|p2: Mildly Displeased|move: Tailwind\n|move|p2b: Rillaboom|Wood Hammer|p1b: Ogerpon\n|-resisted|p1b: Ogerpon\n|-damage|p1b: Ogerpon|73\/100\n|-damage|p2b: Rillaboom|68\/100|[from] Recoil\n|-damage|p2b: Rillaboom|58\/100|[from] item: Life Orb\n|move|p1a: Ting-Lu|Ruination|p2b: Rillaboom\n|-damage|p2b: Rillaboom|29\/100\n|\n|-heal|p2b: Rillaboom|35\/100|[from] Grassy Terrain\n|-heal|p1b: Ogerpon|79\/100|[from] Grassy Terrain\n|-damage|p2b: Rillaboom|23\/100|[from] move: Sand Tomb|[partiallytrapped]\n|upkeep\n|turn|4\n|l| 2-2-2 Ape\n|j| 2-2-2 Ape\n|inactive|techinsan3 has 30 seconds left.\n|\n|t:|1738343387\n|-terastallize|p2b: Rillaboom|Grass\n|move|p1b: Ogerpon|Spiky Shield|p1b: Ogerpon\n|-singleturn|p1b: Ogerpon|move: Protect\n|move|p1a: Ting-Lu|Protect|p1a: Ting-Lu\n|-singleturn|p1a: Ting-Lu|Protect\n|move|p2a: Talonflame|Brave Bird|p1b: Ogerpon\n|-activate|p1b: Ogerpon|move: Protect\n|-damage|p2a: Talonflame|70\/100|[from] Spiky Shield|[of] p1b: Ogerpon\n|move|p2b: Rillaboom|Wood Hammer|p1a: Ting-Lu\n|-activate|p1a: Ting-Lu|move: Protect\n|\n|-heal|p2b: Rillaboom|29\/100|[from] Grassy Terrain\n|-heal|p1b: Ogerpon|84\/100|[from] Grassy Terrain\n|-damage|p2b: Rillaboom|17\/100|[from] move: Sand Tomb|[partiallytrapped]\n|upkeep\n|turn|5\n|l| 2-2-2 Ape\n|\n|t:|1738343406\n|switch|p1b: Dondozo|Dondozo, L50, M|61\/100\n|-terastallize|p1a: Ting-Lu|Fairy\n|move|p2a: Talonflame|Brave Bird|p1b: Dondozo\n|-damage|p1b: Dondozo|29\/100\n|-damage|p2a: Talonflame|52\/100|[from] Recoil\n|move|p2b: Rillaboom|Wood Hammer|p1a: Ting-Lu\n|-damage|p1a: Ting-Lu|21\/100\n|-damage|p2b: Rillaboom|0 fnt|[from] item: Rocky Helmet|[of] p1a: Ting-Lu\n|faint|p2b: Rillaboom\n|move|p1a: Ting-Lu|Ruination|p2a: Talonflame\n|-damage|p2a: Talonflame|26\/100\n|\n|-heal|p1a: Ting-Lu|28\/100|[from] Grassy Terrain\n|-heal|p1b: Dondozo|35\/100|[from] Grassy Terrain\n|-heal|p1b: Dondozo|41\/100|[from] item: Leftovers\n|upkeep\n|\n|t:|1738343419\n|switch|p2b: Zamazenta|Zamazenta-Crowned, L50|100\/100\n|-damage|p2b: Zamazenta|98\/100|[from] Stealth Rock\n|-ability|p2b: Zamazenta|Dauntless Shield|boost\n|-boost|p2b: Zamazenta|def|1\n|turn|6\n|\n|t:|1738343429\n|move|p1a: Ting-Lu|Protect|p1a: Ting-Lu\n|-singleturn|p1a: Ting-Lu|Protect\n|move|p1b: Dondozo|Protect|p1b: Dondozo\n|-singleturn|p1b: Dondozo|Protect\n|move|p2a: Talonflame|Brave Bird|p1a: Ting-Lu\n|-activate|p1a: Ting-Lu|move: Protect\n|move|p2b: Zamazenta|Body Press|p1b: Dondozo\n|-activate|p1b: Dondozo|move: Protect\n|\n|-heal|p2b: Zamazenta|100\/100|[from] Grassy Terrain\n|-heal|p1a: Ting-Lu|34\/100|[from] Grassy Terrain\n|-heal|p1b: Dondozo|47\/100|[from] Grassy Terrain\n|-heal|p1b: Dondozo|54\/100|[from] item: Leftovers\n|-sideend|p2: Mildly Displeased|move: Tailwind\n|-fieldend|move: Grassy Terrain\n|upkeep\n|turn|7\n|\n|t:|1738343445\n|move|p2a: Talonflame|Brave Bird|p1a: Ting-Lu\n|-damage|p1a: Ting-Lu|4\/100\n|-damage|p2a: Talonflame|10\/100|[from] item: Rocky Helmet|[of] p1a: Ting-Lu\n|-damage|p2a: Talonflame|0 fnt|[from] Recoil\n|faint|p2a: Talonflame\n|move|p2b: Zamazenta|Body Press|p1a: Ting-Lu\n|-resisted|p1a: Ting-Lu\n|-damage|p1a: Ting-Lu|0 fnt\n|-damage|p2b: Zamazenta|84\/100|[from] item: Rocky Helmet|[of] p1a: Ting-Lu\n|faint|p1a: Ting-Lu\n|move|p1b: Dondozo|Yawn|p2b: Zamazenta\n|-start|p2b: Zamazenta|move: Yawn|[of] p1b: Dondozo\n|\n|-heal|p1b: Dondozo|60\/100|[from] item: Leftovers\n|upkeep\n|j| Millamojake\n|\n|t:|1738343456\n|switch|p2a: Iron Treads|Iron Treads, L50|100\/100\n|switch|p1a: Calyrex|Calyrex-Shadow, L50|100\/100\n|-ability|p1a: Calyrex|As One\n|-ability|p1a: Calyrex|Unnerve\n|-damage|p2a: Iron Treads|97\/100|[from] Stealth Rock\n|turn|8\n|\n|t:|1738343461\n|move|p1a: Calyrex|Protect|p1a: Calyrex\n|-singleturn|p1a: Calyrex|Protect\n|move|p2b: Zamazenta|Wide Guard|p2b: Zamazenta\n|-singleturn|p2b: Zamazenta|Wide Guard\n|move|p2a: Iron Treads|Knock Off|p1a: Calyrex\n|-activate|p1a: Calyrex|move: Protect\n|move|p1b: Dondozo|Wave Crash|p2a: Iron Treads\n|-supereffective|p2a: Iron Treads\n|-damage|p2a: Iron Treads|24\/100\n|-damage|p1b: Dondozo|44\/100|[from] Recoil\n|\n|-heal|p1b: Dondozo|50\/100|[from] item: Leftovers\n|-end|p2b: Zamazenta|move: Yawn|[silent]\n|-status|p2b: Zamazenta|slp\n|upkeep\n|turn|9\n|\n|t:|1738343471\n|cant|p2b: Zamazenta|slp\n|move|p1a: Calyrex|Astral Barrage|p2a: Iron Treads|[spread] p2a,p2b\n|-damage|p2a: Iron Treads|0 fnt\n|-damage|p2b: Zamazenta|30\/100 slp\n|faint|p2a: Iron Treads\n|-end|p2a: Iron Treads|Quark Drive|[silent]\n|-ability|p1a: Calyrex|Grim Neigh|boost\n|-boost|p1a: Calyrex|spa|1\n|-damage|p1a: Calyrex|91\/100|[from] item: Life Orb\n|move|p1b: Dondozo|Fissure|p2b: Zamazenta|[miss]\n|-miss|p1b: Dondozo|p2b: Zamazenta\n|\n|-heal|p1b: Dondozo|57\/100|[from] item: Leftovers\n|upkeep\n|turn|10\n|-message|Mildly Displeased forfeited.\n|\n|win|techinsan3\n|raw|techinsan3's rating: 1583 &rarr; <strong>1601<\/strong><br \/>(+18 for winning)\n|raw|Mildly Displeased's rating: 1547 &rarr; <strong>1529<\/strong><br \/>(-18 for losing)\n|l|\u2606Mildly Displeased\n|player|p2|\n|l|\u2606techinsan3\n|player|p1|\n|l| Millamojake\n","uploadtime":1738343651,"views":6,"formatid":"gen9vgc2025regg","rating":1529,"private":0,"password":null}