{"id":"gen9vgc2025regg-2291162402","format":"[Gen 9] VGC 2025 Reg G","players":["Muttonhead","Slackermaru"],"log":"|j|\u2606Muttonhead\n|j|\u2606Slackermaru\n|t:|1738246344\n|gametype|doubles\n|player|p1|Muttonhead|swimmerf|1650\n|player|p2|Slackermaru|workerice|1590\n|teamsize|p1|6\n|teamsize|p2|6\n|gen|9\n|tier|[Gen 9] VGC 2025 Reg G\n|rated|\n|rule|Species Clause: Limit one of each Pok\u00e9mon\n|rule|Item Clause: Limit 1 of each item\n|clearpoke\n|poke|p1|Terapagos, L50, M|\n|poke|p1|Farigiraf, L50, M|\n|poke|p1|Urshifu-*, L50, M|\n|poke|p1|Whimsicott, L50, M|\n|poke|p1|Landorus, L50, M|\n|poke|p1|Ogerpon-Hearthflame, L50, F|\n|poke|p2|Calyrex-Ice, L50|\n|poke|p2|Raging Bolt, L50|\n|poke|p2|Urshifu-*, L50, F|\n|poke|p2|Landorus, L50, M|\n|poke|p2|Incineroar, L50, F|\n|poke|p2|Amoonguss, L50, F|\n|teampreview|4\n|inactive|Battle timer is ON: inactive players will automatically lose when time's up. (requested by Muttonhead)\n|inactive|Muttonhead has 60 seconds left.\n|\n|t:|1738246390\n|start\n|switch|p1a: Ogerpon|Ogerpon-Hearthflame, L50, F|100\/100\n|switch|p1b: Terapagos|Terapagos, L50, M|100\/100\n|switch|p2a: Raging Bolt|Raging Bolt, L50|100\/100\n|switch|p2b: Calyrex|Calyrex-Ice, L50|100\/100\n|-activate|p1b: Terapagos|ability: Tera Shift\n|detailschange|p1b: Terapagos|Terapagos-Terastal, L50, M\n|-heal|p1b: Terapagos|100\/100|[silent]\n|-ability|p2b: Calyrex|As One\n|-ability|p2b: Calyrex|Unnerve\n|-ability|p1a: Ogerpon|Mold Breaker\n|turn|1\n|inactive|Muttonhead has 30 seconds left.\n|inactive|Muttonhead has 20 seconds left.\n|\n|t:|1738246429\n|-terastallize|p1b: Terapagos|Stellar\n|detailschange|p1b: Terapagos|Terapagos-Stellar, L50, M, tera:Stellar\n|-heal|p1b: Terapagos|100\/100|[silent]\n|move|p2b: Calyrex|Protect|p2b: Calyrex\n|-singleturn|p2b: Calyrex|Protect\n|move|p1a: Ogerpon|Ivy Cudgel|p2b: Calyrex|[anim] Ivy Cudgel Fire\n|-activate|p2b: Calyrex|move: Protect\n|move|p1b: Terapagos|Tera Starstorm|p2a: Raging Bolt|[spread] p2a\n|-activate|p2b: Calyrex|move: Protect\n|-damage|p2a: Raging Bolt|63\/100\n|move|p2a: Raging Bolt|Electroweb|p1a: Ogerpon|[spread] p1a,p1b\n|-resisted|p1a: Ogerpon\n|-damage|p1a: Ogerpon|89\/100\n|-damage|p1b: Terapagos|86\/100\n|-unboost|p1a: Ogerpon|spe|1\n|-unboost|p1b: Terapagos|spe|1\n|\n|upkeep\n|turn|2\n|inactive|Muttonhead has 30 seconds left.\n|\n|t:|1738246454\n|-terastallize|p2b: Calyrex|Fairy\n|move|p1a: Ogerpon|Ivy Cudgel|p2b: Calyrex|[anim] Ivy Cudgel Fire\n|-damage|p2b: Calyrex|71\/100\n|move|p2a: Raging Bolt|Electroweb|p1b: Terapagos|[spread] p1a,p1b\n|-resisted|p1a: Ogerpon\n|-damage|p1a: Ogerpon|79\/100\n|-damage|p1b: Terapagos|71\/100\n|-unboost|p1a: Ogerpon|spe|1\n|-unboost|p1b: Terapagos|spe|1\n|move|p2b: Calyrex|Glacial Lance|p1b: Terapagos|[spread] p1a,p1b\n|-damage|p1a: Ogerpon|18\/100\n|-damage|p1b: Terapagos|31\/100\n|move|p1b: Terapagos|Tera Starstorm|p2b: Calyrex|[spread] p2a,p2b\n|-supereffective|p2b: Calyrex\n|-damage|p2a: Raging Bolt|28\/100\n|-damage|p2b: Calyrex|0 fnt\n|faint|p2b: Calyrex\n|\n|upkeep\n|\n|t:|1738246470\n|switch|p2b: Urshifu|Urshifu, L50, F|100\/100\n|turn|3\n|\n|t:|1738246488\n|move|p1a: Ogerpon|Follow Me|p1a: Ogerpon\n|-singleturn|p1a: Ogerpon|move: Follow Me\n|move|p2b: Urshifu|Wicked Blow|p1a: Ogerpon\n|-crit|p1a: Ogerpon\n|-damage|p1a: Ogerpon|0 fnt\n|faint|p1a: Ogerpon\n|move|p2a: Raging Bolt|Volt Switch|p1b: Terapagos\n|-damage|p1b: Terapagos|6\/100\n|\n|t:|1738246495\n|-end|p2a: Raging Bolt|Protosynthesis|[silent]\n|switch|p2a: Landorus|Landorus, L50, M|100\/100|[from] Volt Switch\n|move|p1b: Terapagos|Tera Starstorm|p2b: Urshifu|[spread] p2a,p2b\n|-damage|p2a: Landorus|16\/100\n|-damage|p2b: Urshifu|6\/100\n|\n|upkeep\n|\n|t:|1738246508\n|switch|p1a: Urshifu|Urshifu-Rapid-Strike, L50, M|100\/100\n|turn|4\n|\n|t:|1738246516\n|move|p1a: Urshifu|Aqua Jet|p2a: Landorus\n|-supereffective|p2a: Landorus\n|-crit|p2a: Landorus\n|-damage|p2a: Landorus|0 fnt\n|faint|p2a: Landorus\n|move|p2b: Urshifu|Close Combat|p1a: Urshifu\n|-damage|p1a: Urshifu|30\/100\n|-unboost|p2b: Urshifu|def|1\n|-unboost|p2b: Urshifu|spd|1\n|move|p1b: Terapagos|Tera Starstorm|p2b: Urshifu\n|-damage|p2b: Urshifu|0 fnt\n|faint|p2b: Urshifu\n|\n|upkeep\n|\n|t:|1738246528\n|switch|p2b: Raging Bolt|Raging Bolt, L50|28\/100\n|turn|5\n|j| q77182\n|\n|t:|1738246531\n|move|p1a: Urshifu|Protect|p1a: Urshifu\n|-singleturn|p1a: Urshifu|Protect\n|move|p2b: Raging Bolt|Electroweb|p1b: Terapagos|[spread] p1b\n|-activate|p1a: Urshifu|move: Protect\n|-damage|p1b: Terapagos|0 fnt\n|faint|p1b: Terapagos\n|\n|upkeep\n|\n|t:|1738246536\n|switch|p1b: Farigiraf|Farigiraf, L50, M, shiny|100\/100\n|turn|6\n|\n|t:|1738246541\n|move|p1a: Urshifu|Close Combat|p2b: Raging Bolt\n|-damage|p2b: Raging Bolt|0 fnt\n|-unboost|p1a: Urshifu|def|1\n|-unboost|p1a: Urshifu|spd|1\n|faint|p2b: Raging Bolt\n|-end|p2b: Raging Bolt|Protosynthesis|[silent]\n|\n|win|Muttonhead\n|raw|Muttonhead's rating: 1650 &rarr; <strong>1667<\/strong><br \/>(+17 for winning)\n|raw|Slackermaru's rating: 1590 &rarr; <strong>1573<\/strong><br \/>(-17 for losing)\n|l| q77182\n|l|\u2606Slackermaru\n|player|p2|\n|l|\u2606Muttonhead\n|player|p1|\n","uploadtime":1738246676,"views":11,"formatid":"gen9vgc2025regg","rating":1573,"private":0,"password":null}