{"id":"gen9vgc2025regg-2291167048","format":"[Gen 9] VGC 2025 Reg G","players":["madgiraffe","cobalt_poke"],"log":"|j|\u2606madgiraffe\n|j|\u2606cobalt_poke\n|t:|1738246891\n|gametype|doubles\n|player|p1|madgiraffe|170|1584\n|player|p2|cobalt_poke|102|1601\n|teamsize|p1|6\n|teamsize|p2|6\n|gen|9\n|tier|[Gen 9] VGC 2025 Reg G\n|rated|\n|rule|Species Clause: Limit one of each Pok\u00e9mon\n|rule|Item Clause: Limit 1 of each item\n|clearpoke\n|poke|p1|Miraidon, L50|\n|poke|p1|Landorus, L50, M|\n|poke|p1|Iron Jugulis, L50|\n|poke|p1|Electivire, L50, M|\n|poke|p1|Urshifu-*, L50, F|\n|poke|p1|Chien-Pao, L50|\n|poke|p2|Weezing-Galar, L50, F|\n|poke|p2|Calyrex-Shadow, L50|\n|poke|p2|Dondozo, L50, F|\n|poke|p2|Tatsugiri, L50, F|\n|poke|p2|Incineroar, L50, M|\n|poke|p2|Roaring Moon, L50|\n|teampreview|4\n|inactive|Battle timer is ON: inactive players will automatically lose when time's up. (requested by madgiraffe)\n|j| Panda Man7567\n|inactive|cobalt_poke has 60 seconds left.\n|\n|t:|1738246953\n|start\n|switch|p1a: Miraidon|Miraidon, L50|100\/100\n|switch|p1b: Iron Jugulis|Iron Jugulis, L50|100\/100\n|switch|p2a: Roaring Moon|Roaring Moon, L50|100\/100\n|switch|p2b: Weezing|Weezing-Galar, L50, F|100\/100\n|-ability|p2b: Weezing|Neutralizing Gas\n|turn|1\n|\n|t:|1738246972\n|-terastallize|p2a: Roaring Moon|Fairy\n|move|p2b: Weezing|Protect|p2b: Weezing\n|-singleturn|p2b: Weezing|Protect\n|move|p1a: Miraidon|Draco Meteor|p2a: Roaring Moon\n|-immune|p2a: Roaring Moon\n|move|p1b: Iron Jugulis|Taunt|p2b: Weezing\n|-activate|p2b: Weezing|move: Protect\n|move|p2a: Roaring Moon|Tera Blast|p1a: Miraidon|[anim] Tera Blast Fairy\n|-supereffective|p1a: Miraidon\n|-damage|p1a: Miraidon|7\/100\n|\n|upkeep\n|turn|2\n|\n|t:|1738246995\n|switch|p1a: Landorus|Landorus, L50, M|100\/100\n|move|p1b: Iron Jugulis|Tailwind|p1b: Iron Jugulis\n|-sidestart|p1: madgiraffe|move: Tailwind\n|move|p2a: Roaring Moon|Tera Blast|p1b: Iron Jugulis|[anim] Tera Blast Fairy\n|-supereffective|p1b: Iron Jugulis\n|-damage|p1b: Iron Jugulis|1\/100\n|move|p2b: Weezing|Poison Gas|p1b: Iron Jugulis|[spread] p1a\n|-miss|p2b: Weezing|p1b: Iron Jugulis\n|-status|p1a: Landorus|psn\n|\n|-damage|p1a: Landorus|88\/100 psn|[from] psn\n|upkeep\n|turn|3\n|j| vgcvillains\n|inactive|cobalt_poke has 30 seconds left.\n|\n|t:|1738247027\n|move|p2b: Weezing|Protect|p2b: Weezing\n|-singleturn|p2b: Weezing|Protect\n|move|p1b: Iron Jugulis|Taunt|p2b: Weezing\n|-activate|p2b: Weezing|move: Protect\n|move|p1a: Landorus|Sludge Bomb|p2a: Roaring Moon\n|-supereffective|p2a: Roaring Moon\n|-damage|p2a: Roaring Moon|54\/100\n|-damage|p1a: Landorus|79\/100 psn|[from] item: Life Orb\n|move|p2a: Roaring Moon|Knock Off|p1a: Landorus\n|-damage|p1a: Landorus|13\/100 psn\n|-enditem|p1a: Landorus|Life Orb|[from] move: Knock Off|[of] p2a: Roaring Moon\n|\n|-damage|p1a: Landorus|1\/100 psn|[from] psn\n|upkeep\n|turn|4\n|inactive|cobalt_poke has 30 seconds left.\n|\n|t:|1738247053\n|move|p1b: Iron Jugulis|Air Slash|p2a: Roaring Moon\n|-damage|p2a: Roaring Moon|34\/100\n|move|p1a: Landorus|Earth Power|p2b: Weezing\n|-supereffective|p2b: Weezing\n|-damage|p2b: Weezing|23\/100\n|-enditem|p2b: Weezing|Sitrus Berry|[eat]\n|-heal|p2b: Weezing|48\/100|[from] item: Sitrus Berry\n|cant|p2a: Roaring Moon|flinch\n|move|p2b: Weezing|Toxic Spikes|p1b: Iron Jugulis\n|-sidestart|p1: madgiraffe|move: Toxic Spikes\n|\n|-damage|p1a: Landorus|0 fnt|[from] psn\n|faint|p1a: Landorus\n|upkeep\n|inactive|madgiraffe has 30 seconds left.\n|\n|t:|1738247078\n|switch|p1a: Miraidon|Miraidon, L50|7\/100\n|-status|p1a: Miraidon|psn\n|turn|5\n|\n|t:|1738247091\n|-end|p2a: Roaring Moon|Protosynthesis|[silent]\n|switch|p2a: Tatsugiri|Tatsugiri, L50, F|100\/100\n|-end|p2b: Weezing|ability: Neutralizing Gas\n|-fieldstart|move: Electric Terrain|[from] ability: Hadron Engine|[of] p1a: Miraidon\n|-activate|p1b: Iron Jugulis|ability: Quark Drive\n|-start|p1b: Iron Jugulis|quarkdrivespe\n|switch|p2b: Dondozo|Dondozo, L50, F|100\/100\n|-activate|p2a: Tatsugiri|ability: Commander|[of] p2b: Dondozo\n|-boost|p2b: Dondozo|atk|2\n|-boost|p2b: Dondozo|spa|2\n|-boost|p2b: Dondozo|spe|2\n|-boost|p2b: Dondozo|def|2\n|-boost|p2b: Dondozo|spd|2\n|move|p1a: Miraidon|Volt Switch|p2a: Tatsugiri|[miss]\n|-miss|p1a: Miraidon|p2a: Tatsugiri\n|move|p1b: Iron Jugulis|Air Slash|p2b: Dondozo|[miss]\n|-miss|p1b: Iron Jugulis|p2b: Dondozo\n|\n|-damage|p1a: Miraidon|0 fnt|[from] psn\n|faint|p1a: Miraidon\n|-sideend|p1: madgiraffe|move: Tailwind\n|upkeep\n|\n|t:|1738247097\n|switch|p1a: Chien-Pao|Chien-Pao, L50|100\/100\n|-status|p1a: Chien-Pao|psn\n|-ability|p1a: Chien-Pao|Sword of Ruin\n|turn|6\n|\n|t:|1738247114\n|move|p1b: Iron Jugulis|Air Slash|p2b: Dondozo\n|-damage|p2b: Dondozo|85\/100\n|move|p1a: Chien-Pao|Sacred Sword|p2b: Dondozo\n|-damage|p2b: Dondozo|62\/100\n|move|p2b: Dondozo|Wave Crash|p1b: Iron Jugulis\n|-damage|p1b: Iron Jugulis|0 fnt\n|faint|p1b: Iron Jugulis\n|-end|p1b: Iron Jugulis|Quark Drive|[silent]\n|-damage|p2b: Dondozo|61\/100|[from] Recoil\n|\n|-heal|p2b: Dondozo|67\/100|[from] item: Leftovers\n|-damage|p1a: Chien-Pao|88\/100 psn|[from] psn\n|upkeep\n|turn|7\n|-message|madgiraffe forfeited.\n|\n|win|cobalt_poke\n|raw|madgiraffe's rating: 1584 &rarr; <strong>1565<\/strong><br \/>(-19 for losing)\n|raw|cobalt_poke's rating: 1601 &rarr; <strong>1620<\/strong><br \/>(+19 for winning)\n|l|\u2606madgiraffe\n|player|p1|\n|l|\u2606cobalt_poke\n|player|p2|\n|l| Panda Man7567\n","uploadtime":1738247366,"views":27,"formatid":"gen9vgc2025regg","rating":1565,"private":0,"password":null}