{"id":"gen9vgc2025regg-2291026013","format":"[Gen 9] VGC 2025 Reg G","players":["lichuvgc","aoiharada"],"log":"|j|\u2606lichuvgc\n|j|\u2606aoiharada\n|t:|1738224113\n|gametype|doubles\n|player|p1|lichuvgc|101|1590\n|player|p2|aoiharada|170|1595\n|teamsize|p1|6\n|teamsize|p2|6\n|gen|9\n|tier|[Gen 9] VGC 2025 Reg G\n|rated|\n|rule|Species Clause: Limit one of each Pok\u00e9mon\n|rule|Item Clause: Limit 1 of each item\n|clearpoke\n|poke|p1|Calyrex-Ice, L50|\n|poke|p1|Urshifu-*, L50, M|\n|poke|p1|Smeargle, L50, F|\n|poke|p1|Farigiraf, L50, F|\n|poke|p1|Ursaluna-Bloodmoon, L50, M|\n|poke|p1|Torkoal, L50, M|\n|poke|p2|Weezing-Galar, L50, M|\n|poke|p2|Calyrex-Shadow, L50|\n|poke|p2|Dondozo, L50, M|\n|poke|p2|Tatsugiri, L50, M|\n|poke|p2|Incineroar, L50, F|\n|poke|p2|Roaring Moon, L50|\n|teampreview|4\n|\n|t:|1738224136\n|start\n|switch|p1a: Calyrex|Calyrex-Ice, L50|100\/100\n|switch|p1b: Farigiraf|Farigiraf, L50, F|100\/100\n|switch|p2a: Weezing|Weezing-Galar, L50, M|100\/100\n|switch|p2b: Dondozo|Dondozo, L50, M|100\/100\n|-ability|p2a: Weezing|Neutralizing Gas\n|-ability|p1a: Calyrex|As One\n|-ability|p1a: Calyrex|Unnerve\n|turn|1\n|\n|t:|1738224151\n|move|p2a: Weezing|Poison Gas|p1b: Farigiraf|[spread] p1a\n|-miss|p2a: Weezing|p1b: Farigiraf\n|-status|p1a: Calyrex|psn\n|move|p2b: Dondozo|Substitute|p2b: Dondozo\n|-start|p2b: Dondozo|Substitute\n|-damage|p2b: Dondozo|76\/100\n|move|p1a: Calyrex|Glacial Lance|p2a: Weezing|[spread] p2a,p2b\n|-resisted|p2b: Dondozo\n|-activate|p2b: Dondozo|move: Substitute|[damage]\n|-damage|p2a: Weezing|34\/100\n|move|p1b: Farigiraf|Trick Room|p1b: Farigiraf\n|-fieldstart|move: Trick Room|[of] p1b: Farigiraf\n|\n|-heal|p2b: Dondozo|82\/100|[from] item: Leftovers\n|-damage|p1a: Calyrex|88\/100 psn|[from] psn\n|upkeep\n|turn|2\n|\n|t:|1738224171\n|move|p2a: Weezing|Protect|p2a: Weezing\n|-singleturn|p2a: Weezing|Protect\n|move|p1a: Calyrex|Glacial Lance|p2a: Weezing|[spread] p2b\n|-activate|p2a: Weezing|move: Protect\n|-resisted|p2b: Dondozo\n|-end|p2b: Dondozo|Substitute\n|move|p1b: Farigiraf|Foul Play|p2b: Dondozo\n|-damage|p2b: Dondozo|64\/100\n|move|p2b: Dondozo|Earthquake|p1b: Farigiraf|[spread] p1a,p1b\n|-activate|p2a: Weezing|move: Protect\n|-damage|p1a: Calyrex|74\/100 psn\n|-damage|p1b: Farigiraf|82\/100\n|\n|-heal|p2b: Dondozo|70\/100|[from] item: Leftovers\n|-damage|p1a: Calyrex|62\/100 psn|[from] psn\n|upkeep\n|turn|3\n|\n|t:|1738224194\n|-end|p2a: Weezing|ability: Neutralizing Gas\n|switch|p2a: Tatsugiri|Tatsugiri, L50, M|100\/100\n|-activate|p2a: Tatsugiri|ability: Commander|[of] p2b: Dondozo\n|-boost|p2b: Dondozo|atk|2\n|-boost|p2b: Dondozo|spa|2\n|-boost|p2b: Dondozo|spe|2\n|-boost|p2b: Dondozo|def|2\n|-boost|p2b: Dondozo|spd|2\n|move|p1a: Calyrex|High Horsepower|p2b: Dondozo\n|-damage|p2b: Dondozo|57\/100\n|move|p1b: Farigiraf|Foul Play|p2b: Dondozo\n|-damage|p2b: Dondozo|48\/100\n|move|p2b: Dondozo|Substitute|p2b: Dondozo\n|-start|p2b: Dondozo|Substitute\n|-damage|p2b: Dondozo|23\/100\n|\n|-heal|p2b: Dondozo|30\/100|[from] item: Leftovers\n|-damage|p1a: Calyrex|50\/100 psn|[from] psn\n|upkeep\n|turn|4\n|\n|t:|1738224221\n|switch|p1a: Urshifu|Urshifu, L50, M|100\/100\n|move|p2b: Dondozo|Protect|p2b: Dondozo\n|-singleturn|p2b: Dondozo|Protect\n|move|p1b: Farigiraf|Foul Play|p2b: Dondozo\n|-activate|p2b: Dondozo|move: Protect\n|\n|-heal|p2b: Dondozo|36\/100|[from] item: Leftovers\n|upkeep\n|turn|5\n|\n|t:|1738224233\n|move|p1b: Farigiraf|Ally Switch|p1b: Farigiraf\n|swap|p1b: Farigiraf|0|[from] move: Ally Switch\n|move|p1b: Urshifu|Wicked Blow|p2b: Dondozo\n|-crit|p2b: Dondozo\n|-end|p2b: Dondozo|Substitute\n|move|p2b: Dondozo|Wave Crash|p1a: Farigiraf\n|-damage|p1a: Farigiraf|0 fnt\n|faint|p1a: Farigiraf\n|-damage|p2b: Dondozo|13\/100|[from] Recoil\n|\n|-heal|p2b: Dondozo|19\/100|[from] item: Leftovers\n|-fieldend|move: Trick Room\n|upkeep\n|\n|t:|1738224244\n|switch|p1a: Calyrex|Calyrex-Ice, L50|50\/100 psn\n|-ability|p1a: Calyrex|As One\n|-ability|p1a: Calyrex|Unnerve\n|turn|6\n|\n|t:|1738224258\n|move|p2b: Dondozo|Wave Crash|p1a: Calyrex\n|-damage|p1a: Calyrex|0 fnt\n|faint|p1a: Calyrex\n|-damage|p2b: Dondozo|6\/100|[from] Recoil\n|move|p1b: Urshifu|Wicked Blow|p2b: Dondozo\n|-crit|p2b: Dondozo\n|-damage|p2b: Dondozo|0 fnt\n|faint|p2b: Dondozo\n|\n|upkeep\n|\n|t:|1738224269\n|switch|p2b: Roaring Moon|Roaring Moon, L50|100\/100\n|switch|p1a: Ursaluna|Ursaluna-Bloodmoon, L50, M|100\/100\n|turn|7\n|\n|t:|1738224276\n|-terastallize|p2b: Roaring Moon|Fairy\n|move|p2b: Roaring Moon|Tera Blast|p1b: Urshifu|[anim] Tera Blast Fairy\n|-supereffective|p1b: Urshifu\n|-damage|p1b: Urshifu|0 fnt\n|faint|p1b: Urshifu\n|move|p2a: Tatsugiri|Muddy Water|p1a: Ursaluna\n|-supereffective|p1a: Ursaluna\n|-damage|p1a: Ursaluna|0 fnt\n|faint|p1a: Ursaluna\n|\n|win|aoiharada\n|raw|lichuvgc's rating: 1590 &rarr; <strong>1570<\/strong><br \/>(-20 for losing)\n|raw|aoiharada's rating: 1595 &rarr; <strong>1615<\/strong><br \/>(+20 for winning)\n|l|\u2606lichuvgc\n|player|p1|\n|l|\u2606aoiharada\n|player|p2|\n","uploadtime":1738224513,"views":13,"formatid":"gen9vgc2025regg","rating":1570,"private":0,"password":null}