{"id":"gen9vgc2025regg-2291863794","format":"[Gen 9] VGC 2025 Reg G","players":["Luh_simoes-04","Hanou143"],"log":"|j|\u2606Luh_simoes-04\n|j|\u2606Hanou143\n|t:|1738338858\n|gametype|doubles\n|player|p1|Luh_simoes-04|drayden|1518\n|player|p2|Hanou143|170|1630\n|teamsize|p1|6\n|teamsize|p2|6\n|gen|9\n|tier|[Gen 9] VGC 2025 Reg G\n|rated|\n|rule|Species Clause: Limit one of each Pok\u00e9mon\n|rule|Item Clause: Limit 1 of each item\n|clearpoke\n|poke|p1|Indeedee-F, L50, F|\n|poke|p1|Calyrex-Ice, L50|\n|poke|p1|Urshifu-*, L50, F|\n|poke|p1|Chandelure, L50, M|\n|poke|p1|Enamorus-Therian, L50, F|\n|poke|p1|Ogerpon-Cornerstone, L50, F|\n|poke|p2|Calyrex-Shadow, L50|\n|poke|p2|Jigglypuff, L50, F|\n|poke|p2|Pelipper, L50, F|\n|poke|p2|Rillaboom, L50, M|\n|poke|p2|Incineroar, L50, M|\n|poke|p2|Urshifu-*, L50, F|\n|teampreview|4\n|inactive|Battle timer is ON: inactive players will automatically lose when time's up. (requested by Luh_simoes-04)\n|\n|t:|1738338880\n|start\n|switch|p1a: Indeedee|Indeedee-F, L50, F|100\/100\n|switch|p1b: Calyrex|Calyrex-Ice, L50|100\/100\n|switch|p2a: Calyrex|Calyrex-Shadow, L50|100\/100\n|switch|p2b: Incineroar|Incineroar, L50, M|100\/100\n|-ability|p2a: Calyrex|As One\n|-ability|p2a: Calyrex|Unnerve\n|-ability|p1b: Calyrex|As One\n|-ability|p1b: Calyrex|Unnerve\n|-fieldstart|move: Psychic Terrain|[from] ability: Psychic Surge|[of] p1a: Indeedee\n|-ability|p2b: Incineroar|Intimidate|boost\n|-unboost|p1a: Indeedee|atk|1\n|-fail|p1b: Calyrex|unboost|[from] item: Clear Amulet|[of] p1b: Calyrex\n|turn|1\n|\n|t:|1738338897\n|move|p1b: Calyrex|Protect|p1b: Calyrex\n|-singleturn|p1b: Calyrex|Protect\n|move|p2a: Calyrex|Giga Drain|p1a: Indeedee\n|-damage|p1a: Indeedee|75\/100\n|move|p2b: Incineroar|Knock Off|p1a: Indeedee\n|-supereffective|p1a: Indeedee\n|-damage|p1a: Indeedee|0 fnt\n|-enditem|p1a: Indeedee|Mental Herb|[from] move: Knock Off|[of] p2b: Incineroar\n|faint|p1a: Indeedee\n|\n|upkeep\n|\n|t:|1738338905\n|switch|p1a: Ogerpon|Ogerpon-Cornerstone, L50, F|100\/100\n|turn|2\n|inactive|Hanou143 has 30 seconds left.\n|\n|t:|1738338937\n|-terastallize|p2b: Incineroar|Grass\n|-terastallize|p1b: Calyrex|Water\n|move|p1a: Ogerpon|Follow Me|p1a: Ogerpon\n|-singleturn|p1a: Ogerpon|move: Follow Me\n|move|p2a: Calyrex|Astral Barrage|p1a: Ogerpon|[spread] p1a,p1b\n|-damage|p1a: Ogerpon|51\/100\n|-damage|p1b: Calyrex|72\/100\n|move|p2b: Incineroar|Flare Blitz|p1a: Ogerpon\n|-damage|p1a: Ogerpon|0 fnt\n|faint|p1a: Ogerpon\n|-damage|p2b: Incineroar|84\/100|[from] Recoil\n|move|p1b: Calyrex|Trick Room|p1b: Calyrex\n|-fieldstart|move: Trick Room|[of] p1b: Calyrex\n|\n|upkeep\n|\n|t:|1738338949\n|switch|p1a: Enamorus|Enamorus-Therian, L50, F|100\/100\n|turn|3\n|\n|t:|1738338958\n|switch|p2b: Jigglypuff|Jigglypuff, L50, F|100\/100\n|move|p1a: Enamorus|Dazzling Gleam|p2a: Calyrex|[spread] p2a,p2b\n|-damage|p2a: Calyrex|71\/100\n|-damage|p2b: Jigglypuff|58\/100\n|-damage|p1a: Enamorus|91\/100|[from] item: Life Orb\n|move|p1b: Calyrex|Glacial Lance|p2b: Jigglypuff|[spread] p2a,p2b\n|-damage|p2a: Calyrex|42\/100\n|-damage|p2b: Jigglypuff|0 fnt\n|faint|p2b: Jigglypuff\n|-ability|p1b: Calyrex|Chilling Neigh|boost\n|-boost|p1b: Calyrex|atk|1\n|move|p2a: Calyrex|Giga Drain|p1b: Calyrex\n|-supereffective|p1b: Calyrex\n|-damage|p1b: Calyrex|35\/100\n|-heal|p2a: Calyrex|60\/100|[from] drain|[of] p1b: Calyrex\n|\n|upkeep\n|\n|t:|1738338978\n|switch|p2b: Incineroar|Incineroar, L50, M, tera:Grass|84\/100\n|-ability|p2b: Incineroar|Intimidate|boost\n|-unboost|p1a: Enamorus|atk|1\n|-fail|p1b: Calyrex|unboost|[from] item: Clear Amulet|[of] p1b: Calyrex\n|turn|4\n|j| Triple20\n|\n|t:|1738338992\n|move|p2a: Calyrex|Protect|p2a: Calyrex\n|-singleturn|p2a: Calyrex|Protect\n|move|p1a: Enamorus|Sludge Bomb|p2a: Calyrex\n|-activate|p2a: Calyrex|move: Protect\n|move|p1b: Calyrex|Glacial Lance|p2a: Calyrex|[spread] p2b\n|-activate|p2a: Calyrex|move: Protect\n|-supereffective|p2b: Incineroar\n|-damage|p2b: Incineroar|0 fnt\n|faint|p2b: Incineroar\n|-ability|p1b: Calyrex|Chilling Neigh|boost\n|-boost|p1b: Calyrex|atk|1\n|\n|upkeep\n|\n|t:|1738338998\n|switch|p2b: Pelipper|Pelipper, L50, F|100\/100\n|-weather|RainDance|[from] ability: Drizzle|[of] p2b: Pelipper\n|turn|5\n|\n|t:|1738339013\n|move|p1a: Enamorus|Sludge Bomb|p2a: Calyrex\n|-resisted|p2a: Calyrex\n|-damage|p2a: Calyrex|42\/100\n|-damage|p1a: Enamorus|81\/100|[from] item: Life Orb\n|move|p1b: Calyrex|Glacial Lance|p2a: Calyrex|[spread] p2a,p2b\n|-crit|p2b: Pelipper\n|-damage|p2a: Calyrex|0 fnt\n|-enditem|p2b: Pelipper|Focus Sash\n|-damage|p2b: Pelipper|1\/100\n|faint|p2a: Calyrex\n|-ability|p1b: Calyrex|Chilling Neigh|boost\n|-boost|p1b: Calyrex|atk|1\n|move|p2b: Pelipper|Hurricane|p1b: Calyrex\n|-damage|p1b: Calyrex|1\/100\n|\n|-weather|RainDance|[upkeep]\n|-fieldend|move: Psychic Terrain\n|upkeep\n|turn|6\n|-message|Hanou143 forfeited.\n|\n|win|Luh_simoes-04\n|raw|Luh_simoes-04's rating: 1518 &rarr; <strong>1544<\/strong><br \/>(+26 for winning)\n|raw|Hanou143's rating: 1630 &rarr; <strong>1604<\/strong><br \/>(-26 for losing)\n|l|\u2606Hanou143\n|player|p2|\n|l|\u2606Luh_simoes-04\n|player|p1|\n|l| Triple20\n|j| Triple20\n","uploadtime":1738339199,"views":5,"formatid":"gen9vgc2025regg","rating":1544,"private":0,"password":null}