{"id":"gen9vgc2025regg-2291106317","format":"[Gen 9] VGC 2025 Reg G","players":["Edbbbb","iorimoti"],"log":"|j|\u2606Edbbbb\n|j|\u2606iorimoti\n|t:|1738238707\n|gametype|doubles\n|player|p1|Edbbbb|swimmerf-gen4dp|1587\n|player|p2|iorimoti|102|1535\n|teamsize|p1|6\n|teamsize|p2|6\n|gen|9\n|tier|[Gen 9] VGC 2025 Reg G\n|rated|\n|rule|Species Clause: Limit one of each Pok\u00e9mon\n|rule|Item Clause: Limit 1 of each item\n|clearpoke\n|poke|p1|Calyrex-Ice, L50|\n|poke|p1|Incineroar, L50, F|\n|poke|p1|Rillaboom, L50, F|\n|poke|p1|Ursaluna-Bloodmoon, L50, M|\n|poke|p1|Araquanid, L50, M|\n|poke|p1|Ogerpon-Cornerstone, L50, F|\n|poke|p2|Calyrex-Ice, L50|\n|poke|p2|Roaring Moon, L50|\n|poke|p2|Landorus, L50, M|\n|poke|p2|Amoonguss, L50, F|\n|poke|p2|Ogerpon-Hearthflame, L50, F|\n|poke|p2|Ditto, L50|\n|teampreview|4\n|\n|t:|1738238769\n|start\n|switch|p1a: Incineroar|Incineroar, L50, F, shiny|100\/100\n|switch|p1b: Ogerpon|Ogerpon-Cornerstone, L50, F|100\/100\n|switch|p2a: Calyrex|Calyrex-Ice, L50|100\/100\n|switch|p2b: Landorus|Landorus, L50, M|100\/100\n|-ability|p2a: Calyrex|As One\n|-ability|p2a: Calyrex|Unnerve\n|-ability|p1a: Incineroar|Intimidate|boost\n|-fail|p2a: Calyrex|unboost|[from] item: Clear Amulet|[of] p2a: Calyrex\n|-unboost|p2b: Landorus|atk|1\n|turn|1\n|\n|t:|1738238793\n|switch|p2a: Amoonguss|Amoonguss, L50, F|100\/100\n|move|p2b: Landorus|Protect|p2b: Landorus\n|-singleturn|p2b: Landorus|Protect\n|move|p1a: Incineroar|Fake Out|p2b: Landorus\n|-activate|p2b: Landorus|move: Protect\n|move|p1b: Ogerpon|Ivy Cudgel|p2a: Amoonguss|[anim] Ivy Cudgel Rock\n|-damage|p2a: Amoonguss|54\/100\n|\n|upkeep\n|turn|2\n|j| Mukmogs\n|j| emgaii\n|c| Mukmogs|Araquanid??\n|c| Mukmogs|W\n|\n|t:|1738238835\n|move|p1b: Ogerpon|Horn Leech|p2b: Landorus\n|-damage|p2b: Landorus|51\/100\n|move|p2b: Landorus|Sandsear Storm|p1a: Incineroar|[spread] p1a,p1b\n|-supereffective|p1a: Incineroar\n|-damage|p1a: Incineroar|0 fnt\n|-damage|p1b: Ogerpon|28\/100\n|faint|p1a: Incineroar\n|move|p2a: Amoonguss|Pollen Puff|p1b: Ogerpon\n|-supereffective|p1b: Ogerpon\n|-damage|p1b: Ogerpon|0 fnt\n|faint|p1b: Ogerpon\n|\n|upkeep\n|\n|t:|1738238846\n|switch|p1b: Araquanid|Araquanid, L50, M, shiny|100\/100\n|switch|p1a: Calyrex|Calyrex-Ice, L50|100\/100\n|-ability|p1a: Calyrex|As One\n|-ability|p1a: Calyrex|Unnerve\n|turn|3\n|\n|t:|1738238867\n|move|p2b: Landorus|Sludge Bomb|p1b: Araquanid\n|-damage|p1b: Araquanid|59\/100\n|move|p1b: Araquanid|Leech Life|p2a: Amoonguss\n|-damage|p2a: Amoonguss|31\/100\n|-heal|p1b: Araquanid|74\/100|[from] drain|[of] p2a: Amoonguss\n|-damage|p1b: Araquanid|57\/100|[from] item: Rocky Helmet|[of] p2a: Amoonguss\n|move|p1a: Calyrex|Glacial Lance|p2a: Amoonguss|[spread] p2a,p2b\n|-supereffective|p2a: Amoonguss\n|-supereffective|p2b: Landorus\n|-damage|p2a: Amoonguss|0 fnt\n|-damage|p2b: Landorus|0 fnt\n|faint|p2a: Amoonguss\n|faint|p2b: Landorus\n|-ability|p1a: Calyrex|Chilling Neigh|boost\n|-boost|p1a: Calyrex|atk|2\n|\n|-heal|p1b: Araquanid|63\/100|[from] item: Leftovers\n|upkeep\n|\n|t:|1738238878\n|switch|p2b: Calyrex|Calyrex-Ice, L50|100\/100\n|switch|p2a: Ogerpon|Ogerpon-Hearthflame, L50, F|100\/100\n|-ability|p2b: Calyrex|As One\n|-ability|p2b: Calyrex|Unnerve\n|-ability|p2a: Ogerpon|Mold Breaker\n|turn|4\n|l| emgaii\n|\n|t:|1738238902\n|-terastallize|p2a: Ogerpon|Fire\n|detailschange|p2a: Ogerpon|Ogerpon-Hearthflame-Tera, L50, F, tera:Fire\n|-ability|p2a: Ogerpon|Embody Aspect (Hearthflame)|boost\n|-boost|p2a: Ogerpon|atk|1\n|-terastallize|p1a: Calyrex|Fire\n|move|p1b: Araquanid|Protect|p1b: Araquanid\n|-singleturn|p1b: Araquanid|Protect\n|move|p2a: Ogerpon|Ivy Cudgel|p1b: Araquanid|[anim] Ivy Cudgel Fire\n|-activate|p1b: Araquanid|move: Protect\n|move|p2b: Calyrex|Imprison|p2b: Calyrex\n|-start|p2b: Calyrex|move: Imprison\n|cant|p1a: Calyrex|move: Imprison|Trick Room\n|\n|-heal|p1b: Araquanid|68\/100|[from] item: Leftovers\n|upkeep\n|turn|5\n|\n|t:|1738238934\n|move|p1a: Calyrex|Protect|p1a: Calyrex\n|-singleturn|p1a: Calyrex|Protect\n|move|p2a: Ogerpon|Ivy Cudgel|p1b: Araquanid|[anim] Ivy Cudgel Fire\n|-damage|p1b: Araquanid|3\/100\n|move|p2b: Calyrex|Glacial Lance|p1a: Calyrex|[spread] p1b\n|-activate|p1a: Calyrex|move: Protect\n|-resisted|p1b: Araquanid\n|-damage|p1b: Araquanid|0 fnt\n|faint|p1b: Araquanid\n|-ability|p2b: Calyrex|Chilling Neigh|boost\n|-boost|p2b: Calyrex|atk|1\n|\n|upkeep\n|turn|6\n|-message|Edbbbb forfeited.\n|\n|win|iorimoti\n|raw|Edbbbb's rating: 1587 &rarr; <strong>1564<\/strong><br \/>(-23 for losing)\n|raw|iorimoti's rating: 1535 &rarr; <strong>1558<\/strong><br \/>(+23 for winning)\n|l|\u2606Edbbbb\n|player|p1|\n|l|\u2606iorimoti\n|player|p2|\n|l| Mukmogs\n","uploadtime":1738239093,"views":15,"formatid":"gen9vgc2025regg","rating":1558,"private":0,"password":null}