{"id":"gen9vgc2025regg-2291287154","format":"[Gen 9] VGC 2025 Reg G","players":["GeorgeBraun","chaddiestchad"],"log":"|j|\u2606GeorgeBraun\n|j|\u2606chaddiestchad\n|t:|1738259222\n|gametype|doubles\n|player|p1|GeorgeBraun|gentleman-gen4|1624\n|player|p2|chaddiestchad|supernerd|1607\n|teamsize|p1|6\n|teamsize|p2|6\n|gen|9\n|tier|[Gen 9] VGC 2025 Reg G\n|rated|\n|rule|Species Clause: Limit one of each Pok\u00e9mon\n|rule|Item Clause: Limit 1 of each item\n|clearpoke\n|poke|p1|Chien-Pao, L50|\n|poke|p1|Hitmontop, L50, M|\n|poke|p1|Entei, L50|\n|poke|p1|Kyogre, L50|\n|poke|p1|Roaring Moon, L50|\n|poke|p1|Rillaboom, L50, F|\n|poke|p2|Calyrex-Shadow, L50|\n|poke|p2|Ogerpon-Hearthflame, L50, F|\n|poke|p2|Incineroar, L50, M|\n|poke|p2|Urshifu-*, L50, M|\n|poke|p2|Rillaboom, L50, F|\n|poke|p2|Raging Bolt, L50|\n|teampreview|4\n|inactive|Battle timer is ON: inactive players will automatically lose when time's up. (requested by chaddiestchad)\n|inactive|chaddiestchad has 60 seconds left.\n|\n|t:|1738259259\n|start\n|switch|p1a: Entei|Entei, L50|100\/100\n|switch|p1b: Roaring Moon|Roaring Moon, L50|100\/100\n|switch|p2a: Urshifu|Urshifu-Rapid-Strike, L50, M|100\/100\n|switch|p2b: Raging Bolt|Raging Bolt, L50|100\/100\n|-enditem|p1b: Roaring Moon|Booster Energy\n|-activate|p1b: Roaring Moon|ability: Protosynthesis|[fromitem]\n|-start|p1b: Roaring Moon|protosynthesisspe\n|-enditem|p2b: Raging Bolt|Booster Energy\n|-activate|p2b: Raging Bolt|ability: Protosynthesis|[fromitem]\n|-start|p2b: Raging Bolt|protosynthesisspa\n|turn|1\n|inactive|GeorgeBraun has 30 seconds left.\n|inactive|GeorgeBraun has 20 seconds left.\n|inactive|GeorgeBraun has 15 seconds left.\n|\n|t:|1738259299\n|move|p1b: Roaring Moon|Dragon Claw|p2b: Raging Bolt\n|-supereffective|p2b: Raging Bolt\n|-damage|p2b: Raging Bolt|36\/100\n|move|p1a: Entei|Sacred Fire|p2a: Urshifu\n|-resisted|p2a: Urshifu\n|-damage|p2a: Urshifu|63\/100\n|-status|p2a: Urshifu|brn\n|move|p2a: Urshifu|Surging Strikes|p1a: Entei\n|-supereffective|p1a: Entei\n|-crit|p1a: Entei\n|-damage|p1a: Entei|77\/100\n|-supereffective|p1a: Entei\n|-crit|p1a: Entei\n|-damage|p1a: Entei|53\/100\n|-supereffective|p1a: Entei\n|-crit|p1a: Entei\n|-damage|p1a: Entei|30\/100\n|-hitcount|p1a: Entei|3\n|move|p2b: Raging Bolt|Dragon Pulse|p1b: Roaring Moon\n|-supereffective|p1b: Roaring Moon\n|-crit|p1b: Roaring Moon\n|-damage|p1b: Roaring Moon|0 fnt\n|faint|p1b: Roaring Moon\n|-end|p1b: Roaring Moon|Protosynthesis|[silent]\n|\n|-damage|p2a: Urshifu|57\/100 brn|[from] brn\n|upkeep\n|\n|t:|1738259313\n|switch|p1b: Kyogre|Kyogre, L50|100\/100\n|-weather|RainDance|[from] ability: Drizzle|[of] p1b: Kyogre\n|turn|2\n|\n|t:|1738259334\n|switch|p1a: Hitmontop|Hitmontop, L50, M|100\/100\n|-terastallize|p1b: Kyogre|Grass\n|move|p2b: Raging Bolt|Thunderclap||[still]\n|-fail|p2b: Raging Bolt\n|move|p2a: Urshifu|Close Combat|p1b: Kyogre\n|-damage|p1b: Kyogre|62\/100\n|-unboost|p2a: Urshifu|def|1\n|-unboost|p2a: Urshifu|spd|1\n|move|p1b: Kyogre|Water Spout|p2b: Raging Bolt|[spread] p2a,p2b\n|-resisted|p2a: Urshifu\n|-resisted|p2b: Raging Bolt\n|-damage|p2a: Urshifu|0 fnt\n|-damage|p2b: Raging Bolt|4\/100\n|faint|p2a: Urshifu\n|\n|-weather|RainDance|[upkeep]\n|upkeep\n|\n|t:|1738259354\n|switch|p2a: Calyrex|Calyrex-Shadow, L50|100\/100\n|-ability|p2a: Calyrex|As One\n|-ability|p2a: Calyrex|Unnerve\n|turn|3\n|\n|t:|1738259365\n|-end|p2b: Raging Bolt|Protosynthesis|[silent]\n|switch|p2b: Rillaboom|Rillaboom, L50, F|100\/100\n|-fieldstart|move: Grassy Terrain|[from] ability: Grassy Surge|[of] p2b: Rillaboom\n|move|p1a: Hitmontop|Feint|p2b: Rillaboom\n|-damage|p2b: Rillaboom|88\/100\n|move|p2a: Calyrex|Psychic|p1a: Hitmontop\n|-supereffective|p1a: Hitmontop\n|-crit|p1a: Hitmontop\n|-damage|p1a: Hitmontop|0 fnt\n|faint|p1a: Hitmontop\n|-ability|p2a: Calyrex|Grim Neigh|boost\n|-boost|p2a: Calyrex|spa|1\n|move|p1b: Kyogre|Origin Pulse|p2b: Rillaboom|[spread] p2a\n|-miss|p1b: Kyogre|p2b: Rillaboom\n|-damage|p2a: Calyrex|2\/100\n|\n|-weather|RainDance|[upkeep]\n|-heal|p2a: Calyrex|8\/100|[from] Grassy Terrain\n|-heal|p1b: Kyogre|69\/100|[from] Grassy Terrain\n|-heal|p2b: Rillaboom|94\/100|[from] Grassy Terrain\n|upkeep\n|\n|t:|1738259376\n|switch|p1a: Entei|Entei, L50|30\/100\n|turn|4\n|\n|t:|1738259392\n|move|p1b: Kyogre|Protect|p1b: Kyogre\n|-singleturn|p1b: Kyogre|Protect\n|move|p2b: Rillaboom|Fake Out|p1b: Kyogre\n|-activate|p1b: Kyogre|move: Protect\n|move|p2a: Calyrex|Astral Barrage|p1b: Kyogre|[spread] p1a\n|-activate|p1b: Kyogre|move: Protect\n|-damage|p1a: Entei|0 fnt\n|faint|p1a: Entei\n|-ability|p2a: Calyrex|Grim Neigh|boost\n|-boost|p2a: Calyrex|spa|1\n|\n|-weather|RainDance|[upkeep]\n|-heal|p2a: Calyrex|14\/100|[from] Grassy Terrain\n|-heal|p1b: Kyogre|75\/100|[from] Grassy Terrain\n|-heal|p2b: Rillaboom|99\/100|[from] Grassy Terrain\n|upkeep\n|turn|5\n|-message|GeorgeBraun forfeited.\n|\n|win|chaddiestchad\n|raw|GeorgeBraun's rating: 1624 &rarr; <strong>1603<\/strong><br \/>(-21 for losing)\n|raw|chaddiestchad's rating: 1607 &rarr; <strong>1628<\/strong><br \/>(+21 for winning)\n|l|\u2606GeorgeBraun\n|player|p1|\n|l|\u2606chaddiestchad\n|player|p2|\n","uploadtime":1738259613,"views":19,"formatid":"gen9vgc2025regg","rating":1603,"private":0,"password":null}