{"id":"gen9vgc2025regg-2291286941","format":"[Gen 9] VGC 2025 Reg G","players":["meiose","Ibberdytten"],"log":"|j|\u2606meiose\n|j|\u2606Ibberdytten\n|t:|1738259203\n|gametype|doubles\n|player|p1|meiose|schoolkid-gen4|1555\n|player|p2|Ibberdytten|clerkf|1573\n|teamsize|p1|6\n|teamsize|p2|6\n|gen|9\n|tier|[Gen 9] VGC 2025 Reg G\n|rated|\n|rule|Species Clause: Limit one of each Pok\u00e9mon\n|rule|Item Clause: Limit 1 of each item\n|clearpoke\n|poke|p1|Calyrex-Shadow, L50|\n|poke|p1|Ting-Lu, L50|\n|poke|p1|Araquanid, L50, F|\n|poke|p1|Raging Bolt, L50|\n|poke|p1|Ogerpon-Cornerstone, L50, F|\n|poke|p1|Whimsicott, L50, M|\n|poke|p2|Calyrex-Shadow, L50|\n|poke|p2|Weezing-Galar, L50, M|\n|poke|p2|Dondozo, L50, M|\n|poke|p2|Tatsugiri-Droopy, L50, F|\n|poke|p2|Indeedee-F, L50, F|\n|poke|p2|Urshifu-*, L50, M|\n|teampreview|4\n|inactive|Battle timer is ON: inactive players will automatically lose when time's up. (requested by Ibberdytten)\n|j| Funn yIy\n|inactive|meiose has 60 seconds left.\n|\n|t:|1738259256\n|start\n|switch|p1a: Ting-Lu|Ting-Lu, L50|100\/100\n|switch|p1b: Ogerpon|Ogerpon-Cornerstone, L50, F|100\/100\n|switch|p2a: Weezing|Weezing-Galar, L50, M|100\/100\n|switch|p2b: Calyrex|Calyrex-Shadow, L50|100\/100\n|-ability|p2a: Weezing|Neutralizing Gas\n|-ability|p2b: Calyrex|As One\n|-ability|p2b: Calyrex|Unnerve\n|turn|1\n|j| surgevgc\n|inactive|meiose has 30 seconds left.\n|inactive|Ibberdytten has 30 seconds left.\n|inactive|meiose has 20 seconds left.\n|inactive|Ibberdytten has 20 seconds left.\n|inactive|Ibberdytten has 15 seconds left.\n|inactive|Ibberdytten has 10 seconds left.\n|\n|t:|1738259302\n|move|p2b: Calyrex|Astral Barrage|p1a: Ting-Lu|[spread] p1a,p1b\n|-resisted|p1a: Ting-Lu\n|-damage|p1a: Ting-Lu|77\/100\n|-damage|p1b: Ogerpon|13\/100\n|-damage|p2b: Calyrex|91\/100|[from] item: Life Orb\n|move|p1b: Ogerpon|Ivy Cudgel|p2b: Calyrex|[anim] Ivy Cudgel Rock\n|-damage|p2b: Calyrex|22\/100\n|move|p2a: Weezing|Poison Gas|p1b: Ogerpon|[spread] p1a,p1b\n|-status|p1a: Ting-Lu|psn\n|-status|p1b: Ogerpon|psn\n|move|p1a: Ting-Lu|Sand Tomb|p2b: Calyrex\n|-damage|p2b: Calyrex|6\/100\n|-activate|p2b: Calyrex|move: Sand Tomb|[of] p1a: Ting-Lu\n|\n|-damage|p1b: Ogerpon|0 fnt|[from] psn\n|faint|p1b: Ogerpon\n|-damage|p1a: Ting-Lu|65\/100 psn|[from] psn\n|-damage|p2b: Calyrex|0 fnt|[from] move: Sand Tomb|[partiallytrapped]\n|faint|p2b: Calyrex\n|upkeep\n|\n|t:|1738259323\n|switch|p2b: Dondozo|Dondozo, L50, M|100\/100\n|switch|p1b: Calyrex|Calyrex-Shadow, L50|100\/100\n|-ability|p1b: Calyrex|As One\n|-ability|p1b: Calyrex|Unnerve\n|turn|2\n|\n|t:|1738259339\n|-end|p2a: Weezing|ability: Neutralizing Gas\n|-ability|p1a: Ting-Lu|Vessel of Ruin\n|switch|p2a: Tatsugiri|Tatsugiri-Droopy, L50, F|100\/100\n|-activate|p2a: Tatsugiri|ability: Commander|[of] p2b: Dondozo\n|-boost|p2b: Dondozo|atk|2\n|-boost|p2b: Dondozo|spa|2\n|-boost|p2b: Dondozo|spe|2\n|-boost|p2b: Dondozo|def|2\n|-boost|p2b: Dondozo|spd|2\n|move|p1b: Calyrex|Protect|p1b: Calyrex\n|-singleturn|p1b: Calyrex|Protect\n|move|p2b: Dondozo|Wave Crash|p1b: Calyrex\n|-activate|p1b: Calyrex|move: Protect\n|move|p1a: Ting-Lu|Ruination|p2b: Dondozo\n|-damage|p2b: Dondozo|50\/100\n|\n|-heal|p2b: Dondozo|57\/100|[from] item: Leftovers\n|-damage|p1a: Ting-Lu|53\/100 psn|[from] psn\n|upkeep\n|turn|3\n|inactive|meiose has 30 seconds left.\n|inactive|meiose has 20 seconds left.\n|inactive|meiose has 15 seconds left.\n|inactive|meiose has 10 seconds left.\n|\n|t:|1738259387\n|switch|p1a: Araquanid|Araquanid, L50, F|100\/100\n|-terastallize|p1b: Calyrex|Ghost\n|move|p2b: Dondozo|Protect|p2b: Dondozo\n|-singleturn|p2b: Dondozo|Protect\n|move|p1b: Calyrex|Astral Barrage|p2b: Dondozo|[spread] \n|-miss|p1b: Calyrex|p2a: Tatsugiri\n|-activate|p2b: Dondozo|move: Protect\n|\n|-heal|p2b: Dondozo|63\/100|[from] item: Leftovers\n|upkeep\n|turn|4\n|\n|t:|1738259405\n|move|p1b: Calyrex|Astral Barrage|p2b: Dondozo|[spread] p2b\n|-miss|p1b: Calyrex|p2a: Tatsugiri\n|-damage|p2b: Dondozo|30\/100\n|move|p2b: Dondozo|Wave Crash|p1b: Calyrex\n|-enditem|p1b: Calyrex|Focus Sash\n|-damage|p1b: Calyrex|1\/100\n|-damage|p2b: Dondozo|5\/100|[from] Recoil\n|move|p1a: Araquanid|Aqua Ring|p1a: Araquanid\n|-start|p1a: Araquanid|Aqua Ring\n|\n|-heal|p2b: Dondozo|11\/100|[from] item: Leftovers\n|upkeep\n|turn|5\n|inactive|Ibberdytten has 30 seconds left.\n|\n|t:|1738259432\n|move|p2b: Dondozo|Protect|p2b: Dondozo\n|-singleturn|p2b: Dondozo|Protect\n|move|p1b: Calyrex|Astral Barrage|p2a: Tatsugiri|[spread] \n|-miss|p1b: Calyrex|p2a: Tatsugiri\n|-activate|p2b: Dondozo|move: Protect\n|move|p1a: Araquanid|Leech Life|p2a: Tatsugiri|[miss]\n|-miss|p1a: Araquanid|p2a: Tatsugiri\n|\n|-heal|p2b: Dondozo|17\/100|[from] item: Leftovers\n|upkeep\n|turn|6\n|\n|t:|1738259447\n|move|p2b: Dondozo|Protect|p2b: Dondozo\n|-singleturn|p2b: Dondozo|Protect\n|move|p1b: Calyrex|Astral Barrage|p2a: Tatsugiri|[spread] \n|-miss|p1b: Calyrex|p2a: Tatsugiri\n|-activate|p2b: Dondozo|move: Protect\n|move|p1a: Araquanid|Leech Life|p2a: Tatsugiri|[miss]\n|-miss|p1a: Araquanid|p2a: Tatsugiri\n|\n|-heal|p2b: Dondozo|24\/100|[from] item: Leftovers\n|upkeep\n|turn|7\n|inactive|Ibberdytten has 30 seconds left.\n|\n|t:|1738259475\n|move|p2b: Dondozo|Protect||[still]\n|-fail|p2b: Dondozo\n|move|p1b: Calyrex|Astral Barrage|p2a: Tatsugiri|[spread] p2b\n|-miss|p1b: Calyrex|p2a: Tatsugiri\n|-damage|p2b: Dondozo|0 fnt\n|faint|p2b: Dondozo\n|-ability|p1b: Calyrex|Grim Neigh|boost\n|-boost|p1b: Calyrex|spa|1\n|move|p1a: Araquanid|Leech Life|p2a: Tatsugiri\n|-damage|p2a: Tatsugiri|61\/100\n|\n|upkeep\n|\n|t:|1738259477\n|switch|p2b: Weezing|Weezing-Galar, L50, M|100\/100\n|-ability|p2b: Weezing|Neutralizing Gas\n|turn|8\n|\n|t:|1738259492\n|move|p1b: Calyrex|Protect|p1b: Calyrex\n|-singleturn|p1b: Calyrex|Protect\n|move|p2a: Tatsugiri|Protect|p2a: Tatsugiri\n|-singleturn|p2a: Tatsugiri|Protect\n|move|p2b: Weezing|Poison Gas|p1b: Calyrex|[spread] p1a\n|-activate|p1b: Calyrex|move: Protect\n|-status|p1a: Araquanid|psn\n|move|p1a: Araquanid|Leech Life|p2a: Tatsugiri\n|-activate|p2a: Tatsugiri|move: Protect\n|\n|-damage|p1a: Araquanid|88\/100 psn|[from] psn\n|upkeep\n|turn|9\n|\n|t:|1738259515\n|move|p2a: Tatsugiri|Protect||[still]\n|-fail|p2a: Tatsugiri\n|move|p1b: Calyrex|Astral Barrage|p2a: Tatsugiri|[spread] p2a,p2b\n|-damage|p2a: Tatsugiri|0 fnt\n|-damage|p2b: Weezing|0 fnt\n|faint|p2a: Tatsugiri\n|faint|p2b: Weezing\n|-end|p2b: Weezing|ability: Neutralizing Gas\n|\n|win|meiose\n|raw|meiose's rating: 1555 &rarr; <strong>1576<\/strong><br \/>(+21 for winning)\n|raw|Ibberdytten's rating: 1573 &rarr; <strong>1552<\/strong><br \/>(-21 for losing)\n|l|\u2606Ibberdytten\n|player|p2|\n|l| Funn yIy\n|l| surgevgc\n","uploadtime":1738259751,"views":8,"formatid":"gen9vgc2025regg","rating":1552,"private":0,"password":null}