{"id":"gen9vgc2025regg-2291904602","format":"[Gen 9] VGC 2025 Reg G","players":["infinitygroudon","TheGamingMammoth"],"log":"|j|\u2606infinitygroudon\n|j|\u2606TheGamingMammoth\n|t:|1738343009\n|gametype|doubles\n|player|p1|infinitygroudon|169|1517\n|player|p2|TheGamingMammoth|170|1598\n|teamsize|p1|6\n|teamsize|p2|6\n|gen|9\n|tier|[Gen 9] VGC 2025 Reg G\n|rated|\n|rule|Species Clause: Limit one of each Pok\u00e9mon\n|rule|Item Clause: Limit 1 of each item\n|clearpoke\n|poke|p1|Calyrex-Shadow, L50|\n|poke|p1|Incineroar, L50, M|\n|poke|p1|Weezing-Galar, L50, M|\n|poke|p1|Indeedee-F, L50, F|\n|poke|p1|Iron Valiant, L50|\n|poke|p1|Ursaluna-Bloodmoon, L50, M|\n|poke|p2|Calyrex-Ice, L50|\n|poke|p2|Ursaluna-Bloodmoon, L50, M|\n|poke|p2|Smeargle, L50, M|\n|poke|p2|Indeedee-F, L50, F|\n|poke|p2|Ogerpon-Hearthflame, L50, F|\n|poke|p2|Urshifu-*, L50, F|\n|teampreview|4\n|\n|t:|1738343038\n|start\n|switch|p1a: Mr. Grizz|Ursaluna-Bloodmoon, L50, M|100\/100\n|switch|p1b: Duncan|Calyrex-Shadow, L50|100\/100\n|switch|p2a: Indeedee|Indeedee-F, L50, F|100\/100\n|switch|p2b: Urshifu|Urshifu, L50, F|100\/100\n|-ability|p1b: Duncan|As One\n|-ability|p1b: Duncan|Unnerve\n|-fieldstart|move: Psychic Terrain|[from] ability: Psychic Surge|[of] p2a: Indeedee\n|turn|1\n|\n|t:|1738343055\n|switch|p1b: Banderilla|Incineroar, L50, M|100\/100\n|-ability|p1b: Banderilla|Intimidate|boost\n|-unboost|p2a: Indeedee|atk|1\n|-unboost|p2b: Urshifu|atk|1\n|-terastallize|p1a: Mr. Grizz|Normal\n|move|p2a: Indeedee|Follow Me|p2a: Indeedee\n|-singleturn|p2a: Indeedee|move: Follow Me\n|move|p2b: Urshifu|Wicked Blow|p1b: Banderilla\n|-resisted|p1b: Banderilla\n|-crit|p1b: Banderilla\n|-damage|p1b: Banderilla|53\/100\n|move|p1a: Mr. Grizz|Hyper Voice|p2a: Indeedee|[spread] p2a,p2b\n|-damage|p2a: Indeedee|61\/100\n|-damage|p2b: Urshifu|42\/100\n|\n|upkeep\n|turn|2\n|\n|t:|1738343080\n|switch|p2b: Smeargle|Smeargle, L50, M|100\/100\n|move|p1b: Banderilla|Knock Off|p2a: Indeedee\n|-supereffective|p2a: Indeedee\n|-damage|p2a: Indeedee|0 fnt\n|-enditem|p2a: Indeedee|Safety Goggles|[from] move: Knock Off|[of] p1b: Banderilla\n|faint|p2a: Indeedee\n|move|p1a: Mr. Grizz|Hyper Voice|p2b: Smeargle\n|-enditem|p2b: Smeargle|Focus Sash\n|-damage|p2b: Smeargle|1\/100\n|\n|upkeep\n|\n|t:|1738343099\n|switch|p2a: Urshifu|Urshifu, L50, F|42\/100\n|turn|3\n|\n|t:|1738343113\n|switch|p1a: Duncan|Calyrex-Shadow, L50|100\/100\n|-ability|p1a: Duncan|As One\n|-ability|p1a: Duncan|Unnerve\n|move|p2a: Urshifu|Close Combat|p1b: Banderilla\n|-supereffective|p1b: Banderilla\n|-damage|p1b: Banderilla|0 fnt\n|-unboost|p2a: Urshifu|def|1\n|-unboost|p2a: Urshifu|spd|1\n|faint|p1b: Banderilla\n|move|p2b: Smeargle|Spore|p1a: Duncan\n|-status|p1a: Duncan|slp|[from] move: Spore\n|\n|upkeep\n|\n|t:|1738343124\n|switch|p1b: Mr. Gassy|Weezing-Galar, L50, M|100\/100\n|-ability|p1b: Mr. Gassy|Neutralizing Gas\n|turn|4\n|\n|t:|1738343137\n|switch|p2a: Calyrex|Calyrex-Ice, L50|100\/100\n|-ability|p2a: Calyrex|As One\n|-ability|p2a: Calyrex|Unnerve\n|cant|p1a: Duncan|slp\n|move|p1b: Mr. Gassy|Will-O-Wisp|p2a: Calyrex\n|-status|p2a: Calyrex|brn\n|move|p2b: Smeargle|Spore|p1b: Mr. Gassy\n|-status|p1b: Mr. Gassy|slp|[from] move: Spore\n|\n|-damage|p2a: Calyrex|95\/100 brn|[from] brn\n|upkeep\n|turn|5\n|\n|t:|1738343157\n|-curestatus|p1a: Duncan|slp|[msg]\n|move|p1a: Duncan|Expanding Force|p2b: Smeargle|[spread] p2a,p2b\n|-resisted|p2a: Calyrex\n|-damage|p2a: Calyrex|62\/100 brn\n|-damage|p2b: Smeargle|0 fnt\n|faint|p2b: Smeargle\n|-ability|p1a: Duncan|Grim Neigh|boost\n|-boost|p1a: Duncan|spa|1\n|-damage|p1a: Duncan|91\/100|[from] item: Life Orb\n|cant|p1b: Mr. Gassy|slp\n|move|p2a: Calyrex|Glacial Lance|p1b: Mr. Gassy|[spread] p1a,p1b\n|-damage|p1a: Duncan|53\/100\n|-damage|p1b: Mr. Gassy|75\/100 slp\n|\n|-damage|p2a: Calyrex|56\/100 brn|[from] brn\n|-fieldend|move: Psychic Terrain\n|upkeep\n|\n|t:|1738343170\n|switch|p2b: Urshifu|Urshifu, L50, F|42\/100\n|turn|6\n|\n|t:|1738343194\n|switch|p1a: Mr. Grizz|Ursaluna-Bloodmoon, L50, M, tera:Normal|100\/100\n|-terastallize|p2a: Calyrex|Fairy\n|move|p2b: Urshifu|Wicked Blow|p1b: Mr. Gassy\n|-resisted|p1b: Mr. Gassy\n|-crit|p1b: Mr. Gassy\n|-damage|p1b: Mr. Gassy|34\/100 slp\n|-curestatus|p1b: Mr. Gassy|slp|[msg]\n|move|p1b: Mr. Gassy|Sludge Bomb|p2b: Urshifu\n|-damage|p2b: Urshifu|8\/100\n|move|p2a: Calyrex|High Horsepower|p1b: Mr. Gassy\n|-supereffective|p1b: Mr. Gassy\n|-damage|p1b: Mr. Gassy|0 fnt\n|faint|p1b: Mr. Gassy\n|-end|p1b: Mr. Gassy|ability: Neutralizing Gas\n|-ability|p2a: Calyrex|Chilling Neigh|boost\n|-boost|p2a: Calyrex|atk|1\n|\n|-damage|p2a: Calyrex|50\/100 brn|[from] brn\n|upkeep\n|\n|t:|1738343206\n|switch|p1b: Duncan|Calyrex-Shadow, L50|53\/100\n|-ability|p1b: Duncan|As One\n|-ability|p1b: Duncan|Unnerve\n|turn|7\n|\n|t:|1738343216\n|move|p1b: Duncan|Astral Barrage|p2a: Calyrex|[spread] p2a,p2b\n|-crit|p2a: Calyrex\n|-resisted|p2b: Urshifu\n|-damage|p2a: Calyrex|0 fnt\n|-damage|p2b: Urshifu|0 fnt\n|faint|p2a: Calyrex\n|faint|p2b: Urshifu\n|-damage|p1b: Duncan|44\/100|[from] item: Life Orb\n|\n|win|infinitygroudon\n|raw|infinitygroudon's rating: 1517 &rarr; <strong>1542<\/strong><br \/>(+25 for winning)\n|raw|TheGamingMammoth's rating: 1598 &rarr; <strong>1573<\/strong><br \/>(-25 for losing)\n|l|\u2606infinitygroudon\n|player|p1|\n|l|\u2606TheGamingMammoth\n|player|p2|\n","uploadtime":1738343372,"views":6,"formatid":"gen9vgc2025regg","rating":1542,"private":0,"password":null}