{"id":"gen9vgc2025regg-2291867040","format":"[Gen 9] VGC 2025 Reg G","players":["kfjtdhynd","Luh_simoes-04"],"log":"|j|\u2606kfjtdhynd\n|j|\u2606Luh_simoes-04\n|t:|1738339197\n|gametype|doubles\n|player|p1|kfjtdhynd|102|1583\n|player|p2|Luh_simoes-04|drayden|1566\n|teamsize|p1|6\n|teamsize|p2|6\n|gen|9\n|tier|[Gen 9] VGC 2025 Reg G\n|rated|\n|rule|Species Clause: Limit one of each Pok\u00e9mon\n|rule|Item Clause: Limit 1 of each item\n|clearpoke\n|poke|p1|Lunala, L50|\n|poke|p1|Rillaboom, L50, F|\n|poke|p1|Urshifu-*, L50, F|\n|poke|p1|Ursaluna, L50, M|\n|poke|p1|Incineroar, L50, F|\n|poke|p1|Amoonguss, L50, M|\n|poke|p2|Indeedee-F, L50, F|\n|poke|p2|Calyrex-Ice, L50|\n|poke|p2|Urshifu-*, L50, F|\n|poke|p2|Chandelure, L50, M|\n|poke|p2|Enamorus-Therian, L50, F|\n|poke|p2|Ogerpon-Cornerstone, L50, F|\n|teampreview|4\n|inactive|Battle timer is ON: inactive players will automatically lose when time's up. (requested by Luh_simoes-04)\n|inactive|kfjtdhynd has 60 seconds left.\n|\n|t:|1738339236\n|start\n|switch|p1a: Urshifu|Urshifu-Rapid-Strike, L50, F|100\/100\n|switch|p1b: Lunala|Lunala, L50|100\/100\n|switch|p2a: Indeedee|Indeedee-F, L50, F|100\/100\n|switch|p2b: Calyrex|Calyrex-Ice, L50|100\/100\n|-ability|p2b: Calyrex|As One\n|-ability|p2b: Calyrex|Unnerve\n|-fieldstart|move: Psychic Terrain|[from] ability: Psychic Surge|[of] p2a: Indeedee\n|turn|1\n|\n|t:|1738339253\n|move|p2a: Indeedee|Follow Me|p2a: Indeedee\n|-singleturn|p2a: Indeedee|move: Follow Me\n|move|p1a: Urshifu|Surging Strikes|p2a: Indeedee\n|-crit|p2a: Indeedee\n|-damage|p2a: Indeedee|81\/100\n|-crit|p2a: Indeedee\n|-damage|p2a: Indeedee|62\/100\n|-crit|p2a: Indeedee\n|-damage|p2a: Indeedee|41\/100\n|-hitcount|p2a: Indeedee|3\n|move|p1b: Lunala|Meteor Beam||[still]\n|-prepare|p1b: Lunala|Meteor Beam\n|-boost|p1b: Lunala|spa|1\n|-enditem|p1b: Lunala|Power Herb\n|-anim|p1b: Lunala|Meteor Beam|p2a: Indeedee\n|-damage|p2a: Indeedee|0 fnt\n|faint|p2a: Indeedee\n|move|p2b: Calyrex|Trick Room|p2b: Calyrex\n|-fieldstart|move: Trick Room|[of] p2b: Calyrex\n|\n|upkeep\n|\n|t:|1738339260\n|switch|p2a: Enamorus|Enamorus-Therian, L50, F|100\/100\n|turn|2\n|\n|t:|1738339273\n|-terastallize|p2b: Calyrex|Water\n|move|p1b: Lunala|Protect|p1b: Lunala\n|-singleturn|p1b: Lunala|Protect\n|move|p1a: Urshifu|Protect|p1a: Urshifu\n|-singleturn|p1a: Urshifu|Protect\n|move|p2a: Enamorus|Dazzling Gleam|p1a: Urshifu|[spread] \n|-activate|p1a: Urshifu|move: Protect\n|-activate|p1b: Lunala|move: Protect\n|move|p2b: Calyrex|Glacial Lance|p1a: Urshifu|[spread] \n|-activate|p1a: Urshifu|move: Protect\n|-activate|p1b: Lunala|move: Protect\n|\n|upkeep\n|turn|3\n|\n|t:|1738339290\n|switch|p1a: Incineroar|Incineroar, L50, F|100\/100\n|-ability|p1a: Incineroar|Intimidate|boost\n|-unboost|p2a: Enamorus|atk|1\n|-fail|p2b: Calyrex|unboost|[from] item: Clear Amulet|[of] p2b: Calyrex\n|move|p2a: Enamorus|Dazzling Gleam|p1b: Lunala|[spread] p1a,p1b\n|-damage|p1a: Incineroar|64\/100\n|-damage|p1b: Lunala|86\/100\n|-damage|p2a: Enamorus|91\/100|[from] item: Life Orb\n|move|p2b: Calyrex|Glacial Lance|p1b: Lunala|[spread] p1a,p1b\n|-resisted|p1a: Incineroar\n|-damage|p1a: Incineroar|37\/100\n|-damage|p1b: Lunala|42\/100\n|move|p1b: Lunala|Moonblast|p2b: Calyrex\n|-damage|p2b: Calyrex|66\/100\n|\n|upkeep\n|turn|4\n|inactive|kfjtdhynd has 30 seconds left.\n|inactive|kfjtdhynd has 20 seconds left.\n|inactive|kfjtdhynd has 15 seconds left.\n|inactive|kfjtdhynd has 10 seconds left.\n|\n|t:|1738339336\n|move|p1a: Incineroar|Fake Out|p2b: Calyrex\n|-activate|p2b: Calyrex|move: Psychic Terrain\n|move|p2a: Enamorus|Dazzling Gleam|p1a: Incineroar|[spread] p1a,p1b\n|-damage|p1a: Incineroar|0 fnt\n|-damage|p1b: Lunala|10\/100\n|faint|p1a: Incineroar\n|-damage|p2a: Enamorus|81\/100|[from] item: Life Orb\n|move|p2b: Calyrex|Glacial Lance|p1b: Lunala\n|-damage|p1b: Lunala|0 fnt\n|faint|p1b: Lunala\n|-ability|p2b: Calyrex|Chilling Neigh|boost\n|-boost|p2b: Calyrex|atk|1\n|\n|upkeep\n|\n|t:|1738339345\n|switch|p1a: Ursaluna|Ursaluna, L50, M|100\/100\n|switch|p1b: Urshifu|Urshifu-Rapid-Strike, L50, F|100\/100\n|turn|5\n|\n|t:|1738339358\n|switch|p2a: Ogerpon|Ogerpon-Cornerstone, L50, F|100\/100\n|move|p1b: Urshifu|Protect|p1b: Urshifu\n|-singleturn|p1b: Urshifu|Protect\n|move|p2b: Calyrex|Glacial Lance|p1b: Urshifu|[spread] p1a\n|-activate|p1b: Urshifu|move: Protect\n|-supereffective|p1a: Ursaluna\n|-damage|p1a: Ursaluna|0 fnt\n|faint|p1a: Ursaluna\n|-ability|p2b: Calyrex|Chilling Neigh|boost\n|-boost|p2b: Calyrex|atk|1\n|\n|-fieldend|move: Trick Room\n|-fieldend|move: Psychic Terrain\n|upkeep\n|turn|6\n|j| Triple20\n|-message|kfjtdhynd forfeited.\n|\n|win|Luh_simoes-04\n|raw|kfjtdhynd's rating: 1583 &rarr; <strong>1562<\/strong><br \/>(-21 for losing)\n|raw|Luh_simoes-04's rating: 1566 &rarr; <strong>1587<\/strong><br \/>(+21 for winning)\n|l|\u2606kfjtdhynd\n|player|p1|\n|l|\u2606Luh_simoes-04\n|player|p2|\n","uploadtime":1738339614,"views":10,"formatid":"gen9vgc2025regg","rating":1562,"private":0,"password":null}