{"id":"gen9vgc2025regg-2291023724","format":"[Gen 9] VGC 2025 Reg G","players":["lichuvgc","knife12138"],"log":"|j|\u2606lichuvgc\n|j|\u2606knife12138\n|t:|1738223630\n|gametype|doubles\n|player|p1|lichuvgc|101|1554\n|player|p2|knife12138|miku-ground|1621\n|teamsize|p1|6\n|teamsize|p2|6\n|gen|9\n|tier|[Gen 9] VGC 2025 Reg G\n|rated|\n|rule|Species Clause: Limit one of each Pok\u00e9mon\n|rule|Item Clause: Limit 1 of each item\n|clearpoke\n|poke|p1|Calyrex-Ice, L50|\n|poke|p1|Urshifu-*, L50, M|\n|poke|p1|Smeargle, L50, F|\n|poke|p1|Farigiraf, L50, F|\n|poke|p1|Ursaluna-Bloodmoon, L50, M|\n|poke|p1|Torkoal, L50, F|\n|poke|p2|Calyrex-Shadow, L50|\n|poke|p2|Weezing-Galar, L50, M|\n|poke|p2|Dondozo, L50, M|\n|poke|p2|Tatsugiri, L50, F|\n|poke|p2|Indeedee-F, L50, F|\n|poke|p2|Mienshao, L50, F|\n|teampreview|4\n|j| baolaiwugewu\n|inactive|Battle timer is ON: inactive players will automatically lose when time's up. (requested by lichuvgc)\n|\n|t:|1738223677\n|start\n|switch|p1a: Calyrex|Calyrex-Ice, L50|100\/100\n|switch|p1b: Farigiraf|Farigiraf, L50, F|100\/100\n|switch|p2a: \u5168\u9632\u51fa\u53bb|Mienshao, L50, F, shiny|100\/100\n|switch|p2b: \u552f\u4e00\u8d85\u6a21|Calyrex-Shadow, L50|100\/100\n|-ability|p2b: \u552f\u4e00\u8d85\u6a21|As One\n|-ability|p2b: \u552f\u4e00\u8d85\u6a21|Unnerve\n|-ability|p1a: Calyrex|As One\n|-ability|p1a: Calyrex|Unnerve\n|turn|1\n|\n|t:|1738223702\n|-terastallize|p1a: Calyrex|Fairy\n|move|p2b: \u552f\u4e00\u8d85\u6a21|Astral Barrage|p1a: Calyrex|[spread] p1a\n|-immune|p1b: Farigiraf\n|-damage|p1a: Calyrex|44\/100\n|move|p2a: \u5168\u9632\u51fa\u53bb|Close Combat|p1b: Farigiraf\n|-damage|p1b: Farigiraf|51\/100\n|-unboost|p2a: \u5168\u9632\u51fa\u53bb|def|1\n|-unboost|p2a: \u5168\u9632\u51fa\u53bb|spd|1\n|move|p1a: Calyrex|High Horsepower|p2a: \u5168\u9632\u51fa\u53bb\n|-enditem|p2a: \u5168\u9632\u51fa\u53bb|Focus Sash\n|-damage|p2a: \u5168\u9632\u51fa\u53bb|1\/100\n|move|p1b: Farigiraf|Trick Room|p1b: Farigiraf\n|-fieldstart|move: Trick Room|[of] p1b: Farigiraf\n|\n|upkeep\n|turn|2\n|inactive|lichuvgc has 30 seconds left.\n|inactive|knife12138 has 30 seconds left.\n|inactive|knife12138 has 20 seconds left.\n|\n|t:|1738223738\n|move|p1a: Calyrex|Protect|p1a: Calyrex\n|-singleturn|p1a: Calyrex|Protect\n|move|p2a: \u5168\u9632\u51fa\u53bb|Wide Guard|p2a: \u5168\u9632\u51fa\u53bb\n|-singleturn|p2a: \u5168\u9632\u51fa\u53bb|Wide Guard\n|move|p1b: Farigiraf|Foul Play|p2a: \u5168\u9632\u51fa\u53bb\n|-resisted|p2a: \u5168\u9632\u51fa\u53bb\n|-damage|p2a: \u5168\u9632\u51fa\u53bb|0 fnt\n|faint|p2a: \u5168\u9632\u51fa\u53bb\n|move|p2b: \u552f\u4e00\u8d85\u6a21|Astral Barrage|p1a: Calyrex|[spread] \n|-activate|p1a: Calyrex|move: Protect\n|-immune|p1b: Farigiraf\n|\n|upkeep\n|\n|t:|1738223746\n|switch|p2a: \u4f60\u6ca1\u4e8b\u5427|Dondozo, L50, M, shiny|100\/100\n|turn|3\n|inactive|lichuvgc has 30 seconds left.\n|inactive|lichuvgc has 20 seconds left.\n|\n|t:|1738223784\n|switch|p2b: \u4f60\u6ca1\u4e8b\u5417|Tatsugiri, L50, F, shiny|100\/100\n|-activate|p2b: \u4f60\u6ca1\u4e8b\u5417|ability: Commander|[of] p2a: \u4f60\u6ca1\u4e8b\u5427\n|-boost|p2a: \u4f60\u6ca1\u4e8b\u5427|atk|2\n|-boost|p2a: \u4f60\u6ca1\u4e8b\u5427|spa|2\n|-boost|p2a: \u4f60\u6ca1\u4e8b\u5427|spe|2\n|-boost|p2a: \u4f60\u6ca1\u4e8b\u5427|def|2\n|-boost|p2a: \u4f60\u6ca1\u4e8b\u5427|spd|2\n|move|p1a: Calyrex|Glacial Lance|p2a: \u4f60\u6ca1\u4e8b\u5427|[spread] p2a\n|-miss|p1a: Calyrex|p2b: \u4f60\u6ca1\u4e8b\u5417\n|-resisted|p2a: \u4f60\u6ca1\u4e8b\u5427\n|-damage|p2a: \u4f60\u6ca1\u4e8b\u5427|89\/100\n|move|p1b: Farigiraf|Foul Play|p2b: \u4f60\u6ca1\u4e8b\u5417|[miss]\n|-miss|p1b: Farigiraf|p2b: \u4f60\u6ca1\u4e8b\u5417\n|move|p2a: \u4f60\u6ca1\u4e8b\u5427|Wave Crash|p1a: Calyrex\n|-crit|p1a: Calyrex\n|-damage|p1a: Calyrex|0 fnt\n|faint|p1a: Calyrex\n|-damage|p2a: \u4f60\u6ca1\u4e8b\u5427|77\/100|[from] Recoil\n|\n|-heal|p2a: \u4f60\u6ca1\u4e8b\u5427|83\/100|[from] item: Leftovers\n|upkeep\n|\n|t:|1738223802\n|switch|p1a: Urshifu|Urshifu, L50, M|100\/100\n|turn|4\n|\n|t:|1738223810\n|move|p1b: Farigiraf|Ally Switch|p1b: Farigiraf\n|swap|p1b: Farigiraf|0|[from] move: Ally Switch\n|move|p1b: Urshifu|Wicked Blow|p2a: \u4f60\u6ca1\u4e8b\u5427\n|-crit|p2a: \u4f60\u6ca1\u4e8b\u5427\n|-damage|p2a: \u4f60\u6ca1\u4e8b\u5427|18\/100\n|move|p2a: \u4f60\u6ca1\u4e8b\u5427|Wave Crash|p1a: Farigiraf\n|-damage|p1a: Farigiraf|0 fnt\n|faint|p1a: Farigiraf\n|-damage|p2a: \u4f60\u6ca1\u4e8b\u5427|3\/100|[from] Recoil\n|\n|-heal|p2a: \u4f60\u6ca1\u4e8b\u5427|9\/100|[from] item: Leftovers\n|upkeep\n|\n|t:|1738223820\n|switch|p1a: Ursaluna|Ursaluna-Bloodmoon, L50, M|100\/100\n|turn|5\n|\n|t:|1738223835\n|move|p1a: Ursaluna|Hyper Voice|p2a: \u4f60\u6ca1\u4e8b\u5427|[spread] p2a\n|-miss|p1a: Ursaluna|p2b: \u4f60\u6ca1\u4e8b\u5417\n|-damage|p2a: \u4f60\u6ca1\u4e8b\u5427|0 fnt\n|faint|p2a: \u4f60\u6ca1\u4e8b\u5427\n|-damage|p1a: Ursaluna|91\/100|[from] item: Life Orb\n|move|p1b: Urshifu|Wicked Blow|p2b: \u4f60\u6ca1\u4e8b\u5417\n|-crit|p2b: \u4f60\u6ca1\u4e8b\u5417\n|-damage|p2b: \u4f60\u6ca1\u4e8b\u5417|0 fnt\n|faint|p2b: \u4f60\u6ca1\u4e8b\u5417\n|\n|-fieldend|move: Trick Room\n|upkeep\n|\n|t:|1738223848\n|switch|p2a: \u552f\u4e00\u8d85\u6a21|Calyrex-Shadow, L50|100\/100\n|-ability|p2a: \u552f\u4e00\u8d85\u6a21|As One\n|-ability|p2a: \u552f\u4e00\u8d85\u6a21|Unnerve\n|turn|6\n|\n|t:|1738223858\n|-terastallize|p2a: \u552f\u4e00\u8d85\u6a21|Ghost\n|move|p2a: \u552f\u4e00\u8d85\u6a21|Draining Kiss|p1b: Urshifu\n|-supereffective|p1b: Urshifu\n|-damage|p1b: Urshifu|0 fnt\n|faint|p1b: Urshifu\n|-ability|p2a: \u552f\u4e00\u8d85\u6a21|Grim Neigh|boost\n|-boost|p2a: \u552f\u4e00\u8d85\u6a21|spa|1\n|move|p1a: Ursaluna|Blood Moon|p2a: \u552f\u4e00\u8d85\u6a21\n|-damage|p2a: \u552f\u4e00\u8d85\u6a21|0 fnt\n|faint|p2a: \u552f\u4e00\u8d85\u6a21\n|-damage|p1a: Ursaluna|81\/100|[from] item: Life Orb\n|\n|win|lichuvgc\n|raw|lichuvgc's rating: 1554 &rarr; <strong>1578<\/strong><br \/>(+24 for winning)\n|raw|knife12138's rating: 1621 &rarr; <strong>1597<\/strong><br \/>(-24 for losing)\n|l|\u2606knife12138\n|player|p2|\n|l| baolaiwugewu\n|l|\u2606lichuvgc\n|player|p1|\n","uploadtime":1738224095,"views":16,"formatid":"gen9vgc2025regg","rating":1578,"private":0,"password":null}