{"id":"gen9vgc2025regg-2291837352","format":"[Gen 9] VGC 2025 Reg G","players":["kd-vgc711","caZISA"],"log":"|j|\u2606kd-vgc711\n|j|\u2606caZISA\n|t:|1738336051\n|gametype|doubles\n|player|p1|kd-vgc711|266|1686\n|player|p2|caZISA|red|1781\n|teamsize|p1|6\n|teamsize|p2|6\n|gen|9\n|tier|[Gen 9] VGC 2025 Reg G\n|rated|\n|rule|Species Clause: Limit one of each Pok\u00e9mon\n|rule|Item Clause: Limit 1 of each item\n|clearpoke\n|poke|p1|Calyrex-Ice, L50|\n|poke|p1|Torkoal, L50, M|\n|poke|p1|Lilligant-Hisui, L50, F|\n|poke|p1|Kingambit, L50, M|\n|poke|p1|Flutter Mane, L50|\n|poke|p1|Indeedee-F, L50, F|\n|poke|p2|Calyrex-Ice, L50|\n|poke|p2|Urshifu-*, L50, F|\n|poke|p2|Raging Bolt, L50|\n|poke|p2|Rillaboom, L50, F|\n|poke|p2|Torkoal, L50, F|\n|poke|p2|Smeargle, L50, F|\n|teampreview|4\n|inactive|Battle timer is ON: inactive players will automatically lose when time's up. (requested by kd-vgc711)\n|\n|t:|1738336078\n|start\n|switch|p1a: Calyrex|Calyrex-Ice, L50|100\/100\n|switch|p1b: Lilligant|Lilligant-Hisui, L50, F, shiny|100\/100\n|switch|p2a: Smeargle|Smeargle, L50, F|100\/100\n|switch|p2b: Urshifu|Urshifu, L50, F|100\/100\n|-ability|p1a: Calyrex|As One\n|-ability|p1a: Calyrex|Unnerve\n|turn|1\n|inactive|caZISA has 30 seconds left.\n|\n|t:|1738336109\n|-terastallize|p1a: Calyrex|Water\n|move|p2a: Smeargle|Fake Out|p1b: Lilligant\n|-damage|p1b: Lilligant|94\/100\n|cant|p1b: Lilligant|flinch\n|move|p2b: Urshifu|Wicked Blow|p1a: Calyrex\n|-crit|p1a: Calyrex\n|-damage|p1a: Calyrex|48\/100\n|move|p1a: Calyrex|Glacial Lance|p2a: Smeargle|[spread] p2a,p2b\n|-enditem|p2a: Smeargle|Focus Sash\n|-damage|p2a: Smeargle|1\/100\n|-damage|p2b: Urshifu|39\/100\n|\n|-ability|p2a: Smeargle|Moody|boost\n|-boost|p2a: Smeargle|def|2\n|-unboost|p2a: Smeargle|atk|1\n|upkeep\n|turn|2\n|inactive|kd-vgc711 has 30 seconds left.\n|inactive|kd-vgc711 has 20 seconds left.\n|\n|t:|1738336144\n|switch|p1a: Torkoal|Torkoal, L50, M, shiny|100\/100\n|-weather|SunnyDay|[from] ability: Drought|[of] p1a: Torkoal\n|move|p2a: Smeargle|Follow Me|p2a: Smeargle\n|-singleturn|p2a: Smeargle|move: Follow Me\n|move|p1b: Lilligant|Close Combat|p2a: Smeargle\n|-supereffective|p2a: Smeargle\n|-damage|p2a: Smeargle|0 fnt\n|-unboost|p1b: Lilligant|def|1\n|-unboost|p1b: Lilligant|spd|1\n|faint|p2a: Smeargle\n|move|p2b: Urshifu|Wicked Blow|p1a: Torkoal\n|-crit|p1a: Torkoal\n|-damage|p1a: Torkoal|36\/100\n|\n|-weather|SunnyDay|[upkeep]\n|upkeep\n|\n|t:|1738336153\n|switch|p2a: Calyrex|Calyrex-Ice, L50|100\/100\n|-ability|p2a: Calyrex|As One\n|-ability|p2a: Calyrex|Unnerve\n|turn|3\n|inactive|kd-vgc711 has 30 seconds left.\n|\n|t:|1738336178\n|-terastallize|p2a: Calyrex|Fire\n|move|p1b: Lilligant|Sleep Powder|p2a: Calyrex\n|-status|p2a: Calyrex|slp|[from] move: Sleep Powder\n|move|p2b: Urshifu|Wicked Blow|p1a: Torkoal\n|-crit|p1a: Torkoal\n|-damage|p1a: Torkoal|0 fnt\n|faint|p1a: Torkoal\n|cant|p2a: Calyrex|slp\n|\n|-weather|SunnyDay|[upkeep]\n|upkeep\n|\n|t:|1738336182\n|switch|p1a: Calyrex|Calyrex-Ice, L50, tera:Water|48\/100\n|-ability|p1a: Calyrex|As One\n|-ability|p1a: Calyrex|Unnerve\n|turn|4\n|\n|t:|1738336190\n|move|p1b: Lilligant|After You|p1a: Calyrex\n|-activate|p1a: Calyrex|move: After You\n|move|p1a: Calyrex|Glacial Lance|p2b: Urshifu|[spread] p2a,p2b\n|-resisted|p2a: Calyrex\n|-damage|p2a: Calyrex|83\/100 slp\n|-damage|p2b: Urshifu|0 fnt\n|faint|p2b: Urshifu\n|-ability|p1a: Calyrex|Chilling Neigh|boost\n|-boost|p1a: Calyrex|atk|1\n|-curestatus|p2a: Calyrex|slp|[msg]\n|move|p2a: Calyrex|Trick Room|p2a: Calyrex\n|-fieldstart|move: Trick Room|[of] p2a: Calyrex\n|\n|-weather|SunnyDay|[upkeep]\n|upkeep\n|j| Blueaquajet3\n|\n|t:|1738336194\n|switch|p2b: Torkoal|Torkoal, L50, F|100\/100\n|turn|5\n|inactive|kd-vgc711 has 30 seconds left.\n|\n|t:|1738336225\n|move|p1a: Calyrex|Protect|p1a: Calyrex\n|-singleturn|p1a: Calyrex|Protect\n|move|p2b: Torkoal|Eruption|p1b: Lilligant|[spread] p1b\n|-activate|p1a: Calyrex|move: Protect\n|-supereffective|p1b: Lilligant\n|-damage|p1b: Lilligant|0 fnt\n|faint|p1b: Lilligant\n|move|p2a: Calyrex|High Horsepower|p1a: Calyrex\n|-activate|p1a: Calyrex|move: Protect\n|\n|-weather|SunnyDay|[upkeep]\n|upkeep\n|\n|t:|1738336228\n|switch|p1b: Indeedee|Indeedee-F, L50, F, shiny|100\/100\n|-fieldstart|move: Psychic Terrain|[from] ability: Psychic Surge|[of] p1b: Indeedee\n|-enditem|p1b: Indeedee|Psychic Seed\n|-boost|p1b: Indeedee|spd|1|[from] item: Psychic Seed\n|turn|6\n|\n|t:|1738336250\n|move|p1b: Indeedee|Protect|p1b: Indeedee\n|-singleturn|p1b: Indeedee|Protect\n|move|p2b: Torkoal|Eruption|p1b: Indeedee|[spread] p1a\n|-activate|p1b: Indeedee|move: Protect\n|-resisted|p1a: Calyrex\n|-damage|p1a: Calyrex|18\/100\n|move|p2a: Calyrex|Glacial Lance|p1b: Indeedee|[spread] p1a\n|-activate|p1b: Indeedee|move: Protect\n|-resisted|p1a: Calyrex\n|-damage|p1a: Calyrex|0 fnt\n|faint|p1a: Calyrex\n|-ability|p2a: Calyrex|Chilling Neigh|boost\n|-boost|p2a: Calyrex|atk|1\n|\n|-weather|none\n|upkeep\n|turn|7\n|-message|kd-vgc711 forfeited.\n|\n|win|caZISA\n|raw|kd-vgc711's rating: 1686 &rarr; <strong>1671<\/strong><br \/>(-15 for losing)\n|raw|caZISA's rating: 1781 &rarr; <strong>1796<\/strong><br \/>(+15 for winning)\n|l|\u2606kd-vgc711\n|player|p1|\n|l|\u2606caZISA\n|player|p2|\n|l| Blueaquajet3\n","uploadtime":1738336431,"views":29,"formatid":"gen9vgc2025regg","rating":1671,"private":0,"password":null}