{"id":"gen9vgc2025regg-2291388079","format":"[Gen 9] VGC 2025 Reg G","players":["meiose","Grissin Bon"],"log":"|j|\u2606meiose\n|j|\u2606Grissin Bon\n|t:|1738269294\n|gametype|doubles\n|player|p1|meiose|schoolkid-gen4|1618\n|player|p2|Grissin Bon|proton|1760\n|teamsize|p1|6\n|teamsize|p2|6\n|gen|9\n|tier|[Gen 9] VGC 2025 Reg G\n|rated|\n|rule|Species Clause: Limit one of each Pok\u00e9mon\n|rule|Item Clause: Limit 1 of each item\n|clearpoke\n|poke|p1|Calyrex-Shadow, L50|\n|poke|p1|Ting-Lu, L50|\n|poke|p1|Araquanid, L50, M|\n|poke|p1|Raging Bolt, L50|\n|poke|p1|Urshifu-*, L50, F|\n|poke|p1|Whimsicott, L50, F|\n|poke|p2|Calyrex-Ice, L50|\n|poke|p2|Urshifu-*, L50, F|\n|poke|p2|Torkoal, L50, M|\n|poke|p2|Ogerpon-Hearthflame, L50, F|\n|poke|p2|Indeedee-F, L50, F|\n|poke|p2|Alcremie-Rainbow-Swirl, L50, F|\n|teampreview|4\n|inactive|Battle timer is ON: inactive players will automatically lose when time's up. (requested by Grissin Bon)\n|inactive|meiose has 60 seconds left.\n|inactive|Grissin Bon has 60 seconds left.\n|inactive|meiose has 30 seconds left.\n|inactive|meiose has 20 seconds left.\n|inactive|meiose has 15 seconds left.\n|inactive|meiose has 10 seconds left.\n|inactive|meiose has 5 seconds left.\n|\n|t:|1738269386\n|start\n|switch|p1a: Calyrex|Calyrex-Shadow, L50|100\/100\n|switch|p1b: Urshifu|Urshifu, L50, F|100\/100\n|switch|p2a: Alcremie|Alcremie-Rainbow-Swirl, L50, F|100\/100\n|switch|p2b: Calyrex|Calyrex-Ice, L50|100\/100\n|-ability|p1a: Calyrex|As One\n|-ability|p1a: Calyrex|Unnerve\n|-ability|p2b: Calyrex|As One\n|-ability|p2b: Calyrex|Unnerve\n|turn|1\n|\n|t:|1738269410\n|-terastallize|p2b: Calyrex|Fire\n|move|p1a: Calyrex|Astral Barrage|p2b: Calyrex|[spread] p2a,p2b\n|-damage|p2a: Alcremie|53\/100\n|-damage|p2b: Calyrex|64\/100\n|move|p1b: Urshifu|Wicked Blow|p2b: Calyrex\n|-crit|p2b: Calyrex\n|-damage|p2b: Calyrex|19\/100\n|-damage|p1b: Urshifu|91\/100|[from] item: Life Orb\n|move|p2a: Alcremie|Decorate|p2b: Calyrex\n|-boost|p2b: Calyrex|atk|2\n|-boost|p2b: Calyrex|spa|2\n|move|p2b: Calyrex|Trick Room|p2b: Calyrex\n|-fieldstart|move: Trick Room|[of] p2b: Calyrex\n|-enditem|p2a: Alcremie|Room Service\n|-unboost|p2a: Alcremie|spe|1|[from] item: Room Service\n|\n|upkeep\n|turn|2\n|inactive|meiose has 30 seconds left.\n|\n|t:|1738269443\n|switch|p2a: Indeedee|Indeedee-F, L50, F|100\/100\n|-fieldstart|move: Psychic Terrain|[from] ability: Psychic Surge|[of] p2a: Indeedee\n|move|p1b: Urshifu|Sucker Punch|p2b: Calyrex\n|-activate|p2b: Calyrex|move: Psychic Terrain\n|move|p2b: Calyrex|Glacial Lance|p1a: Calyrex|[spread] p1a,p1b\n|-enditem|p1a: Calyrex|Focus Sash\n|-damage|p1a: Calyrex|1\/100\n|-damage|p1b: Urshifu|0 fnt\n|faint|p1b: Urshifu\n|-ability|p2b: Calyrex|Chilling Neigh|boost\n|-boost|p2b: Calyrex|atk|1\n|move|p1a: Calyrex|Astral Barrage|p2a: Indeedee|[spread] p2b\n|-immune|p2a: Indeedee\n|-damage|p2b: Calyrex|0 fnt\n|faint|p2b: Calyrex\n|-ability|p1a: Calyrex|Grim Neigh|boost\n|-boost|p1a: Calyrex|spa|1\n|\n|upkeep\n|\n|t:|1738269458\n|switch|p2b: Urshifu|Urshifu, L50, F|100\/100\n|switch|p1b: Ting-Lu|Ting-Lu, L50|100\/100\n|-ability|p1b: Ting-Lu|Vessel of Ruin\n|turn|3\n|inactive|meiose has 30 seconds left.\n|\n|t:|1738269491\n|-terastallize|p1b: Ting-Lu|Fairy\n|move|p1b: Ting-Lu|Ruination|p2a: Indeedee\n|-damage|p2a: Indeedee|51\/100\n|-enditem|p2a: Indeedee|Eject Button\n|\n|t:|1738269498\n|switch|p2a: Alcremie|Alcremie-Rainbow-Swirl, L50, F|53\/100\n|move|p2b: Urshifu|Close Combat|p1b: Ting-Lu\n|-resisted|p1b: Ting-Lu\n|-damage|p1b: Ting-Lu|76\/100\n|-unboost|p2b: Urshifu|def|1\n|-unboost|p2b: Urshifu|spd|1\n|-damage|p2b: Urshifu|84\/100|[from] item: Rocky Helmet|[of] p1b: Ting-Lu\n|move|p1a: Calyrex|Psychic|p2a: Alcremie\n|-damage|p2a: Alcremie|0 fnt\n|faint|p2a: Alcremie\n|-ability|p1a: Calyrex|Grim Neigh|boost\n|-boost|p1a: Calyrex|spa|1\n|\n|upkeep\n|\n|t:|1738269507\n|switch|p2a: Indeedee|Indeedee-F, L50, F|51\/100\n|turn|4\n|\n|t:|1738269513\n|move|p1b: Ting-Lu|Sand Tomb|p2a: Indeedee\n|-damage|p2a: Indeedee|37\/100\n|-activate|p2a: Indeedee|move: Sand Tomb|[of] p1b: Ting-Lu\n|move|p2a: Indeedee|Psychic|p1a: Calyrex\n|-resisted|p1a: Calyrex\n|-damage|p1a: Calyrex|0 fnt\n|faint|p1a: Calyrex\n|move|p2b: Urshifu|Close Combat|p1b: Ting-Lu\n|-resisted|p1b: Ting-Lu\n|-damage|p1b: Ting-Lu|50\/100\n|-unboost|p2b: Urshifu|def|1\n|-unboost|p2b: Urshifu|spd|1\n|-damage|p2b: Urshifu|68\/100|[from] item: Rocky Helmet|[of] p1b: Ting-Lu\n|\n|-damage|p2a: Indeedee|25\/100|[from] move: Sand Tomb|[partiallytrapped]\n|upkeep\n|\n|t:|1738269516\n|switch|p1a: Araquanid|Araquanid, L50, M|100\/100\n|turn|5\n|-message|Grissin Bon forfeited.\n|\n|win|meiose\n|raw|meiose's rating: 1618 &rarr; <strong>1646<\/strong><br \/>(+28 for winning)\n|raw|Grissin Bon's rating: 1760 &rarr; <strong>1732<\/strong><br \/>(-28 for losing)\n","uploadtime":1738269725,"views":20,"formatid":"gen9vgc2025regg","rating":1646,"private":0,"password":null}