{"id":"gen9vgc2025regg-2291714679","format":"[Gen 9] VGC 2025 Reg G","players":["MTcxing","chin8"],"log":"|j|\u2606MTcxing\n|j|\u2606chin8\n|t:|1738318388\n|gametype|doubles\n|player|p1|MTcxing|drayden|1577\n|player|p2|chin8|gentleman-gen4dp|1653\n|teamsize|p1|6\n|teamsize|p2|6\n|gen|9\n|tier|[Gen 9] VGC 2025 Reg G\n|rated|\n|rule|Species Clause: Limit one of each Pok\u00e9mon\n|rule|Item Clause: Limit 1 of each item\n|clearpoke\n|poke|p1|Calyrex-Ice, L50|\n|poke|p1|Urshifu-*, L50, M|\n|poke|p1|Rillaboom, L50, F|\n|poke|p1|Pelipper, L50, F|\n|poke|p1|Landorus, L50, M|\n|poke|p1|Amoonguss, L50, M|\n|poke|p2|Calyrex-Shadow, L50|\n|poke|p2|Incineroar, L50, F|\n|poke|p2|Rillaboom, L50, F|\n|poke|p2|Gastrodon-East, L50, M|\n|poke|p2|Hitmonchan, L50, M|\n|poke|p2|Tropius, L50, F|\n|teampreview|4\n|inactive|Battle timer is ON: inactive players will automatically lose when time's up. (requested by MTcxing)\n|inactive|MTcxing has 60 seconds left.\n|\n|t:|1738318423\n|start\n|switch|p1a: Urshifu|Urshifu-Rapid-Strike, L50, M|100\/100\n|switch|p1b: Rillaboom|Rillaboom, L50, F|100\/100\n|switch|p2a: Calyrex|Calyrex-Shadow, L50|100\/100\n|switch|p2b: Hitmonchan|Hitmonchan, L50, M|100\/100\n|-ability|p2a: Calyrex|As One\n|-ability|p2a: Calyrex|Unnerve\n|-fieldstart|move: Grassy Terrain|[from] ability: Grassy Surge|[of] p1b: Rillaboom\n|turn|1\n|\n|t:|1738318442\n|-terastallize|p1a: Urshifu|Water\n|-terastallize|p2a: Calyrex|Fairy\n|move|p2b: Hitmonchan|Fake Out|p1a: Urshifu\n|-damage|p1a: Urshifu|87\/100\n|move|p1b: Rillaboom|Grassy Glide|p2b: Hitmonchan\n|-damage|p2b: Hitmonchan|40\/100\n|cant|p1a: Urshifu|flinch\n|move|p2a: Calyrex|Draining Kiss|p1a: Urshifu\n|-damage|p1a: Urshifu|32\/100\n|\n|-heal|p1a: Urshifu|38\/100|[from] Grassy Terrain\n|-heal|p2b: Hitmonchan|45\/100|[from] Grassy Terrain\n|upkeep\n|turn|2\n|\n|t:|1738318460\n|switch|p2a: Gastrodon|Gastrodon-East, L50, M, shiny|100\/100\n|switch|p2b: Tropius|Tropius, L50, F|100\/100\n|move|p1b: Rillaboom|Grassy Glide|p2b: Tropius\n|-resisted|p2b: Tropius\n|-damage|p2b: Tropius|91\/100\n|move|p1a: Urshifu|Surging Strikes|p2a: Gastrodon\n|-ability|p2a: Gastrodon|Storm Drain|boost\n|-boost|p2a: Gastrodon|spa|1\n|\n|-heal|p1a: Urshifu|44\/100|[from] Grassy Terrain\n|upkeep\n|turn|3\n|\n|t:|1738318478\n|switch|p1a: Calyrex|Calyrex-Ice, L50|100\/100\n|-ability|p1a: Calyrex|As One\n|-ability|p1a: Calyrex|Unnerve\n|move|p2a: Gastrodon|Protect|p2a: Gastrodon\n|-singleturn|p2a: Gastrodon|Protect\n|move|p1b: Rillaboom|Grassy Glide|p2a: Gastrodon\n|-activate|p2a: Gastrodon|move: Protect\n|move|p2b: Tropius|Leech Seed|p1a: Calyrex\n|-start|p1a: Calyrex|move: Leech Seed\n|\n|-damage|p1a: Calyrex|88\/100|[from] Leech Seed|[of] p2b: Tropius\n|-heal|p2b: Tropius|100\/100|[silent]\n|upkeep\n|turn|4\n|\n|t:|1738318497\n|switch|p2a: Hitmonchan|Hitmonchan, L50, M|45\/100\n|move|p2b: Tropius|Wide Guard|p2b: Tropius\n|-singleturn|p2b: Tropius|Wide Guard\n|move|p1b: Rillaboom|Wood Hammer|p2a: Hitmonchan\n|-damage|p2a: Hitmonchan|0 fnt\n|faint|p2a: Hitmonchan\n|-damage|p1b: Rillaboom|92\/100|[from] Recoil\n|move|p1a: Calyrex|Glacial Lance|p2b: Tropius\n|-activate|p2b: Tropius|move: Wide Guard\n|\n|-heal|p1b: Rillaboom|98\/100|[from] Grassy Terrain\n|-heal|p1a: Calyrex|94\/100|[from] Grassy Terrain\n|-damage|p1a: Calyrex|82\/100|[from] Leech Seed|[of] p2b: Tropius\n|upkeep\n|\n|t:|1738318501\n|switch|p2a: Calyrex|Calyrex-Shadow, L50, tera:Fairy|100\/100\n|-ability|p2a: Calyrex|As One\n|-ability|p2a: Calyrex|Unnerve\n|turn|5\n|inactive|MTcxing has 30 seconds left.\n|\n|t:|1738318530\n|move|p1a: Calyrex|Protect|p1a: Calyrex\n|-singleturn|p1a: Calyrex|Protect\n|move|p2a: Calyrex|Calm Mind|p2a: Calyrex\n|-boost|p2a: Calyrex|spa|1\n|-boost|p2a: Calyrex|spd|1\n|move|p1b: Rillaboom|U-turn|p2b: Tropius\n|-damage|p2b: Tropius|78\/100\n|\n|t:|1738318536\n|switch|p1b: Pelipper|Pelipper, L50, F|100\/100|[from] U-turn\n|-weather|RainDance|[from] ability: Drizzle|[of] p1b: Pelipper\n|move|p2b: Tropius|Substitute|p2b: Tropius\n|-start|p2b: Tropius|Substitute\n|-damage|p2b: Tropius|53\/100\n|\n|-weather|RainDance|[upkeep]\n|-heal|p1a: Calyrex|88\/100|[from] Grassy Terrain\n|-damage|p1a: Calyrex|76\/100|[from] Leech Seed|[of] p2b: Tropius\n|-heal|p2b: Tropius|65\/100|[silent]\n|-fieldend|move: Grassy Terrain\n|upkeep\n|turn|6\n|\n|t:|1738318552\n|move|p1b: Pelipper|Wide Guard|p1b: Pelipper\n|-singleturn|p1b: Pelipper|Wide Guard\n|move|p2a: Calyrex|Draining Kiss|p1a: Calyrex\n|-damage|p1a: Calyrex|38\/100\n|move|p1a: Calyrex|Glacial Lance|p2a: Calyrex|[spread] p2a,p2b\n|-supereffective|p2b: Tropius\n|-end|p2b: Tropius|Substitute\n|-damage|p2a: Calyrex|40\/100\n|move|p2b: Tropius|Hurricane|p1a: Calyrex\n|-damage|p1a: Calyrex|18\/100\n|-start|p1a: Calyrex|confusion\n|\n|-weather|RainDance|[upkeep]\n|-damage|p1a: Calyrex|6\/100|[from] Leech Seed|[of] p2b: Tropius\n|-heal|p2b: Tropius|77\/100|[silent]\n|upkeep\n|turn|7\n|inactive|MTcxing has 30 seconds left.\n|\n|t:|1738318577\n|move|p2b: Tropius|Wide Guard|p2b: Tropius\n|-singleturn|p2b: Tropius|Wide Guard\n|move|p2a: Calyrex|Draining Kiss|p1b: Pelipper\n|-damage|p1b: Pelipper|15\/100\n|-heal|p2a: Calyrex|86\/100|[from] drain|[of] p1b: Pelipper\n|move|p1b: Pelipper|Weather Ball|p2a: Calyrex\n|-damage|p2a: Calyrex|42\/100\n|-activate|p1a: Calyrex|confusion\n|-damage|p1a: Calyrex|0 fnt|[from] confusion\n|faint|p1a: Calyrex\n|\n|-weather|RainDance|[upkeep]\n|upkeep\n|\n|t:|1738318584\n|switch|p1a: Urshifu|Urshifu-Rapid-Strike, L50, M, tera:Water|44\/100\n|turn|8\n|\n|t:|1738318601\n|switch|p1a: Rillaboom|Rillaboom, L50, F|98\/100\n|-fieldstart|move: Grassy Terrain|[from] ability: Grassy Surge|[of] p1a: Rillaboom\n|switch|p2b: Gastrodon|Gastrodon-East, L50, M, shiny|100\/100\n|move|p2a: Calyrex|Draining Kiss|p1a: Rillaboom\n|-damage|p1a: Rillaboom|62\/100\n|-heal|p2a: Calyrex|71\/100|[from] drain|[of] p1a: Rillaboom\n|move|p1b: Pelipper|Tailwind|p1b: Pelipper\n|-sidestart|p1: MTcxing|move: Tailwind\n|\n|-weather|RainDance|[upkeep]\n|-heal|p1a: Rillaboom|68\/100|[from] Grassy Terrain\n|-heal|p2a: Calyrex|77\/100|[from] Grassy Terrain\n|upkeep\n|turn|9\n|\n|t:|1738318625\n|switch|p2b: Tropius|Tropius, L50, F|77\/100\n|move|p2a: Calyrex|Protect|p2a: Calyrex\n|-singleturn|p2a: Calyrex|Protect\n|move|p1a: Rillaboom|Fake Out|p2a: Calyrex\n|-activate|p2a: Calyrex|move: Protect\n|move|p1b: Pelipper|Hurricane|p2a: Calyrex\n|-activate|p2a: Calyrex|move: Protect\n|\n|-weather|none\n|-heal|p1a: Rillaboom|74\/100|[from] Grassy Terrain\n|-heal|p2a: Calyrex|83\/100|[from] Grassy Terrain\n|upkeep\n|turn|10\n|-message|MTcxing forfeited.\n|\n|win|chin8\n|raw|MTcxing's rating: 1577 &rarr; <strong>1561<\/strong><br \/>(-16 for losing)\n|raw|chin8's rating: 1653 &rarr; <strong>1669<\/strong><br \/>(+16 for winning)\n|l|\u2606MTcxing\n|player|p1|\n|l|\u2606chin8\n|player|p2|\n","uploadtime":1738318861,"views":11,"formatid":"gen9vgc2025regg","rating":1561,"private":0,"password":null}