{"id":"gen9vgc2025regg-2291750643","format":"[Gen 9] VGC 2025 Reg G","players":["Valquesse","jkimkim1"],"log":"|j|\u2606Valquesse\n|j|\u2606jkimkim1\n|t:|1738324712\n|gametype|doubles\n|player|p1|Valquesse|roughneck-gen4|1593\n|player|p2|jkimkim1|2|1711\n|teamsize|p1|6\n|teamsize|p2|6\n|gen|9\n|tier|[Gen 9] VGC 2025 Reg G\n|rated|\n|rule|Species Clause: Limit one of each Pok\u00e9mon\n|rule|Item Clause: Limit 1 of each item\n|clearpoke\n|poke|p1|Terapagos, L50, M|\n|poke|p1|Urshifu-*, L50, F|\n|poke|p1|Rillaboom, L50, F|\n|poke|p1|Incineroar, L50, M|\n|poke|p1|Ogerpon-Hearthflame, L50, F|\n|poke|p1|Flutter Mane, L50|\n|poke|p2|Miraidon, L50|\n|poke|p2|Cresselia, L50, F|\n|poke|p2|Landorus, L50, M|\n|poke|p2|Incineroar, L50, F|\n|poke|p2|Ursaluna, L50, F|\n|poke|p2|Whimsicott, L50, F|\n|teampreview|4\n|j| Acblade\n|inactive|Battle timer is ON: inactive players will automatically lose when time's up. (requested by jkimkim1)\n|inactive|jkimkim1 has 60 seconds left.\n|\n|t:|1738324750\n|start\n|switch|p1a: Rillaboom|Rillaboom, L50, F|100\/100\n|switch|p1b: Terapagos|Terapagos, L50, M|100\/100\n|switch|p2a: \uc0ac\uc2b9\ud5cc|Cresselia, L50, F, shiny|100\/100\n|switch|p2b: Kingjames|Incineroar, L50, F|100\/100\n|-activate|p1b: Terapagos|ability: Tera Shift\n|detailschange|p1b: Terapagos|Terapagos-Terastal, L50, M\n|-heal|p1b: Terapagos|100\/100|[silent]\n|-ability|p2b: Kingjames|Intimidate|boost\n|-unboost|p1a: Rillaboom|atk|1\n|-unboost|p1b: Terapagos|atk|1\n|-fieldstart|move: Grassy Terrain|[from] ability: Grassy Surge|[of] p1a: Rillaboom\n|turn|1\n|\n|t:|1738324766\n|switch|p1a: Incineroar|Incineroar, L50, M|100\/100\n|-ability|p1a: Incineroar|Intimidate|boost\n|-unboost|p2a: \uc0ac\uc2b9\ud5cc|atk|1\n|-unboost|p2b: Kingjames|atk|1\n|move|p2b: Kingjames|Fake Out|p1b: Terapagos\n|-activate|p1b: Terapagos|ability: Tera Shell\n|-resisted|p1b: Terapagos\n|-damage|p1b: Terapagos|98\/100\n|cant|p1b: Terapagos|flinch\n|move|p2a: \uc0ac\uc2b9\ud5cc|Trick Room|p2a: \uc0ac\uc2b9\ud5cc\n|-fieldstart|move: Trick Room|[of] p2a: \uc0ac\uc2b9\ud5cc\n|\n|-heal|p1b: Terapagos|100\/100|[from] Grassy Terrain\n|upkeep\n|turn|2\n|\n|t:|1738324789\n|switch|p2a: Canada bear|Ursaluna, L50, F|100\/100\n|move|p1a: Incineroar|Knock Off|p2a: Canada bear\n|-damage|p2a: Canada bear|74\/100\n|-enditem|p2a: Canada bear|Flame Orb|[from] move: Knock Off|[of] p1a: Incineroar\n|move|p1b: Terapagos|Calm Mind|p1b: Terapagos\n|-boost|p1b: Terapagos|spa|1\n|-boost|p1b: Terapagos|spd|1\n|move|p2b: Kingjames|Parting Shot|p1b: Terapagos\n|-unboost|p1b: Terapagos|atk|1\n|-unboost|p1b: Terapagos|spa|1\n|\n|t:|1738324796\n|switch|p2b: \uc0ac\uc2b9\ud5cc|Cresselia, L50, F, shiny|100\/100|[from] Parting Shot\n|\n|-heal|p2a: Canada bear|80\/100|[from] Grassy Terrain\n|upkeep\n|turn|3\n|inactive|jkimkim1 has 30 seconds left.\n|inactive|jkimkim1 has 20 seconds left.\n|inactive|jkimkim1 has 15 seconds left.\n|\n|t:|1738324843\n|switch|p1a: Rillaboom|Rillaboom, L50, F|100\/100\n|move|p2b: \uc0ac\uc2b9\ud5cc|Helping Hand|p2a: Canada bear\n|-singleturn|p2a: Canada bear|Helping Hand|[of] p2b: \uc0ac\uc2b9\ud5cc\n|move|p2a: Canada bear|Headlong Rush|p1b: Terapagos\n|-activate|p1b: Terapagos|ability: Tera Shell\n|-resisted|p1b: Terapagos\n|-damage|p1b: Terapagos|53\/100\n|-unboost|p2a: Canada bear|def|1\n|-unboost|p2a: Canada bear|spd|1\n|move|p1b: Terapagos|Calm Mind|p1b: Terapagos\n|-boost|p1b: Terapagos|spa|1\n|-boost|p1b: Terapagos|spd|1\n|\n|-heal|p2a: Canada bear|86\/100|[from] Grassy Terrain\n|-heal|p1b: Terapagos|59\/100|[from] Grassy Terrain\n|-heal|p1b: Terapagos|66\/100|[from] item: Leftovers\n|upkeep\n|turn|4\n|inactive|jkimkim1 has 30 seconds left.\n|inactive|jkimkim1 has 20 seconds left.\n|\n|t:|1738324880\n|-terastallize|p2a: Canada bear|Ghost\n|move|p2b: \uc0ac\uc2b9\ud5cc|Helping Hand|p2a: Canada bear\n|-singleturn|p2a: Canada bear|Helping Hand|[of] p2b: \uc0ac\uc2b9\ud5cc\n|move|p1a: Rillaboom|Fake Out|p2a: Canada bear\n|-immune|p2a: Canada bear\n|move|p2a: Canada bear|Headlong Rush|p1b: Terapagos\n|-damage|p1b: Terapagos|0 fnt\n|-unboost|p2a: Canada bear|def|1\n|-unboost|p2a: Canada bear|spd|1\n|faint|p1b: Terapagos\n|\n|-heal|p2a: Canada bear|92\/100|[from] Grassy Terrain\n|upkeep\n|\n|t:|1738324888\n|switch|p1b: Incineroar|Incineroar, L50, M|100\/100\n|-ability|p1b: Incineroar|Intimidate|boost\n|-unboost|p2a: Canada bear|atk|1\n|-unboost|p2b: \uc0ac\uc2b9\ud5cc|atk|1\n|turn|5\n|inactive|Valquesse has 30 seconds left.\n|\n|t:|1738324928\n|switch|p1b: Ogerpon|Ogerpon-Hearthflame, L50, F|100\/100\n|-ability|p1b: Ogerpon|Mold Breaker\n|move|p2b: \uc0ac\uc2b9\ud5cc|Helping Hand|p2a: Canada bear\n|-singleturn|p2a: Canada bear|Helping Hand|[of] p2b: \uc0ac\uc2b9\ud5cc\n|move|p2a: Canada bear|Headlong Rush|p1b: Ogerpon\n|-damage|p1b: Ogerpon|47\/100\n|-unboost|p2a: Canada bear|def|1\n|-unboost|p2a: Canada bear|spd|1\n|move|p1a: Rillaboom|Wood Hammer|p2a: Canada bear\n|-damage|p2a: Canada bear|0 fnt\n|faint|p2a: Canada bear\n|-damage|p1a: Rillaboom|66\/100|[from] Recoil\n|\n|-heal|p1a: Rillaboom|72\/100|[from] Grassy Terrain\n|-heal|p1b: Ogerpon|53\/100|[from] Grassy Terrain\n|-fieldend|move: Trick Room\n|-fieldend|move: Grassy Terrain\n|upkeep\n|\n|t:|1738324946\n|switch|p2a: Jayson tatum|Miraidon, L50|100\/100\n|-fieldstart|move: Electric Terrain|[from] ability: Hadron Engine|[of] p2a: Jayson tatum\n|turn|6\n|\n|t:|1738324962\n|switch|p2b: Kingjames|Incineroar, L50, F|100\/100\n|-ability|p2b: Kingjames|Intimidate|boost\n|-unboost|p1a: Rillaboom|atk|1\n|-unboost|p1b: Ogerpon|atk|1\n|move|p1b: Ogerpon|Follow Me|p1b: Ogerpon\n|-singleturn|p1b: Ogerpon|move: Follow Me\n|move|p2a: Jayson tatum|Draco Meteor|p1b: Ogerpon\n|-damage|p1b: Ogerpon|0 fnt\n|-unboost|p2a: Jayson tatum|spa|2\n|faint|p1b: Ogerpon\n|move|p1a: Rillaboom|U-turn|p2b: Kingjames\n|-damage|p2b: Kingjames|85\/100\n|\n|t:|1738324971\n|switch|p1a: Incineroar|Incineroar, L50, M|100\/100|[from] U-turn\n|-ability|p1a: Incineroar|Intimidate|boost\n|-unboost|p2a: Jayson tatum|atk|1\n|-unboost|p2b: Kingjames|atk|1\n|\n|upkeep\n|\n|t:|1738324973\n|switch|p1b: Rillaboom|Rillaboom, L50, F|72\/100\n|-fieldstart|move: Grassy Terrain|[from] ability: Grassy Surge|[of] p1b: Rillaboom\n|turn|7\n|-message|Valquesse forfeited.\n|\n|win|jkimkim1\n|raw|Valquesse's rating: 1593 &rarr; <strong>1580<\/strong><br \/>(-13 for losing)\n|raw|jkimkim1's rating: 1711 &rarr; <strong>1724<\/strong><br \/>(+13 for winning)\n|l|\u2606Valquesse\n|player|p1|\n|l| Acblade\n","uploadtime":1738325214,"views":17,"formatid":"gen9vgc2025regg","rating":1580,"private":0,"password":null}