{"id":"gen9vgc2025regg-2291756337","format":"[Gen 9] VGC 2025 Reg G","players":["MTcxing","Lacossg"],"log":"|j|\u2606MTcxing\n|j|\u2606Lacossg\n|t:|1738325667\n|gametype|doubles\n|player|p1|MTcxing|drayden|1605\n|player|p2|Lacossg|170|1647\n|teamsize|p1|6\n|teamsize|p2|6\n|gen|9\n|tier|[Gen 9] VGC 2025 Reg G\n|rated|\n|rule|Species Clause: Limit one of each Pok\u00e9mon\n|rule|Item Clause: Limit 1 of each item\n|clearpoke\n|poke|p1|Calyrex-Ice, L50|\n|poke|p1|Urshifu-*, L50, M|\n|poke|p1|Rillaboom, L50, M|\n|poke|p1|Pelipper, L50, M|\n|poke|p1|Landorus, L50, M|\n|poke|p1|Amoonguss, L50, F|\n|poke|p2|Grimmsnarl, L50, M|\n|poke|p2|Lunala, L50|\n|poke|p2|Indeedee-F, L50, F|\n|poke|p2|Roaring Moon, L50|\n|poke|p2|Urshifu-*, L50, F|\n|poke|p2|Ursaluna, L50, F|\n|teampreview|4\n|inactive|Battle timer is ON: inactive players will automatically lose when time's up. (requested by MTcxing)\n|l|\u2606Lacossg\n|inactive|Lacossg disconnected and has a minute to reconnect!\n|player|p2|\n|inactive|MTcxing has 60 seconds left.\n|j|\u2606Lacossg\n|inactive|Lacossg reconnected.\n|player|p2|Lacossg|170|\n|l|\u2606Lacossg\n|inactive|Lacossg disconnected and has a minute to reconnect!\n|player|p2|\n|inactive|MTcxing has 30 seconds left.\n|\n|t:|1738325732\n|start\n|switch|p1a: Calyrex|Calyrex-Ice, L50|100\/100\n|switch|p1b: Amoonguss|Amoonguss, L50, F|100\/100\n|switch|p2a: Roaring Moon|Roaring Moon, L50|100\/100\n|switch|p2b: Urshifu|Urshifu-Rapid-Strike, L50, F|100\/100\n|-ability|p1a: Calyrex|As One\n|-ability|p1a: Calyrex|Unnerve\n|-enditem|p2a: Roaring Moon|Booster Energy\n|-activate|p2a: Roaring Moon|ability: Protosynthesis|[fromitem]\n|-start|p2a: Roaring Moon|protosynthesisspe\n|turn|1\n|j|\u2606Lacossg\n|inactive|Lacossg reconnected and has 50 seconds left.\n|player|p2|Lacossg|170|\n|\n|t:|1738325748\n|-terastallize|p2a: Roaring Moon|Ghost\n|-terastallize|p1b: Amoonguss|Water\n|move|p2b: Urshifu|Detect|p2b: Urshifu\n|-singleturn|p2b: Urshifu|Protect\n|move|p1b: Amoonguss|Rage Powder|p1b: Amoonguss\n|-singleturn|p1b: Amoonguss|move: Rage Powder\n|move|p2a: Roaring Moon|Taunt|p1b: Amoonguss\n|-start|p1b: Amoonguss|move: Taunt\n|move|p1a: Calyrex|Glacial Lance|p2a: Roaring Moon|[spread] p2a\n|-activate|p2b: Urshifu|move: Protect\n|-damage|p2a: Roaring Moon|39\/100\n|\n|upkeep\n|turn|2\n|inactive|MTcxing has 30 seconds left.\n|inactive|MTcxing has 20 seconds left.\n|inactive|MTcxing has 15 seconds left.\n|\n|t:|1738325792\n|switch|p1b: Urshifu|Urshifu-Rapid-Strike, L50, M|100\/100\n|move|p1a: Calyrex|Protect|p1a: Calyrex\n|-singleturn|p1a: Calyrex|Protect\n|move|p2a: Roaring Moon|Knock Off|p1a: Calyrex\n|-activate|p1a: Calyrex|move: Protect\n|move|p2b: Urshifu|Close Combat|p1a: Calyrex\n|-damage|p1a: Calyrex|48\/100\n|-unboost|p2b: Urshifu|def|1\n|-unboost|p2b: Urshifu|spd|1\n|-damage|p2b: Urshifu|91\/100|[from] item: Life Orb\n|\n|upkeep\n|turn|3\n|l|\u2606Lacossg\n|inactive|Lacossg disconnected and has a minute to reconnect!\n|player|p2|\n|j|\u2606Lacossg\n|inactive|Lacossg reconnected and has 35 seconds left.\n|player|p2|Lacossg|170|\n|inactive|MTcxing has 30 seconds left.\n|inactive|Lacossg has 30 seconds left.\n|\n|t:|1738325825\n|switch|p1a: Amoonguss|Amoonguss, L50, F, tera:Water|100\/100\n|move|p2a: Roaring Moon|Knock Off|p1b: Urshifu\n|-resisted|p1b: Urshifu\n|-damage|p1b: Urshifu|76\/100\n|-enditem|p1b: Urshifu|Choice Scarf|[from] move: Knock Off|[of] p2a: Roaring Moon\n|move|p2b: Urshifu|Close Combat|p1b: Urshifu\n|-damage|p1b: Urshifu|0 fnt\n|-unboost|p2b: Urshifu|def|1\n|-unboost|p2b: Urshifu|spd|1\n|faint|p1b: Urshifu\n|-damage|p2b: Urshifu|81\/100|[from] item: Life Orb\n|\n|upkeep\n|\n|t:|1738325838\n|switch|p1b: Calyrex|Calyrex-Ice, L50|48\/100\n|-ability|p1b: Calyrex|As One\n|-ability|p1b: Calyrex|Unnerve\n|turn|4\n|\n|t:|1738325852\n|move|p1a: Amoonguss|Rage Powder|p1a: Amoonguss\n|-singleturn|p1a: Amoonguss|move: Rage Powder\n|move|p2a: Roaring Moon|Taunt|p1a: Amoonguss\n|-start|p1a: Amoonguss|move: Taunt\n|move|p2b: Urshifu|Close Combat|p1a: Amoonguss\n|-damage|p1a: Amoonguss|42\/100\n|-unboost|p2b: Urshifu|def|1\n|-unboost|p2b: Urshifu|spd|1\n|-damage|p2b: Urshifu|64\/100|[from] item: Rocky Helmet|[of] p1a: Amoonguss\n|-damage|p2b: Urshifu|55\/100|[from] item: Life Orb\n|move|p1b: Calyrex|Glacial Lance|p2a: Roaring Moon|[spread] p2a,p2b\n|-resisted|p2b: Urshifu\n|-damage|p2a: Roaring Moon|0 fnt\n|-damage|p2b: Urshifu|0 fnt\n|faint|p2a: Roaring Moon\n|-end|p2a: Roaring Moon|Protosynthesis|[silent]\n|faint|p2b: Urshifu\n|-ability|p1b: Calyrex|Chilling Neigh|boost\n|-boost|p1b: Calyrex|atk|2\n|\n|upkeep\n|\n|t:|1738325855\n|switch|p2a: Lunala|Lunala, L50|100\/100\n|switch|p2b: Indeedee|Indeedee-F, L50, F|100\/100\n|-fieldstart|move: Psychic Terrain|[from] ability: Psychic Surge|[of] p2b: Indeedee\n|turn|5\n|\n|t:|1738325873\n|switch|p1a: Landorus|Landorus, L50, M|100\/100\n|move|p2b: Indeedee|Helping Hand|p2a: Lunala\n|-singleturn|p2a: Lunala|Helping Hand|[of] p2b: Indeedee\n|move|p1b: Calyrex|Protect|p1b: Calyrex\n|-singleturn|p1b: Calyrex|Protect\n|move|p2a: Lunala|Meteor Beam||[still]\n|-prepare|p2a: Lunala|Meteor Beam\n|-boost|p2a: Lunala|spa|1\n|-enditem|p2a: Lunala|Power Herb\n|-anim|p2a: Lunala|Meteor Beam|p1b: Calyrex\n|-activate|p1b: Calyrex|move: Protect\n|\n|upkeep\n|turn|6\n|\n|t:|1738325892\n|switch|p1b: Amoonguss|Amoonguss, L50, F, tera:Water|75\/100\n|move|p1a: Landorus|Sandsear Storm|p2a: Lunala|[spread] p2a,p2b\n|-damage|p2a: Lunala|78\/100\n|-damage|p2b: Indeedee|46\/100\n|move|p2a: Lunala|Expanding Force|p1b: Amoonguss|[spread] p1a,p1b\n|-damage|p1a: Landorus|0 fnt\n|-damage|p1b: Amoonguss|0 fnt\n|faint|p1a: Landorus\n|faint|p1b: Amoonguss\n|move|p2b: Indeedee|Heal Pulse|p2a: Lunala\n|-heal|p2a: Lunala|100\/100\n|\n|upkeep\n|\n|t:|1738325895\n|switch|p1b: Calyrex|Calyrex-Ice, L50|48\/100\n|-ability|p1b: Calyrex|As One\n|-ability|p1b: Calyrex|Unnerve\n|turn|7\n|-message|MTcxing forfeited.\n|\n|win|Lacossg\n|raw|MTcxing's rating: 1605 &rarr; <strong>1587<\/strong><br \/>(-18 for losing)\n|raw|Lacossg's rating: 1647 &rarr; <strong>1665<\/strong><br \/>(+18 for winning)\n|l|\u2606MTcxing\n|player|p1|\n|l|\u2606Lacossg\n|player|p2|\n","uploadtime":1738326042,"views":33,"formatid":"gen9vgc2025regg","rating":1587,"private":0,"password":null}