{"id":"gen9vgc2025regg-2291562703","format":"[Gen 9] VGC 2025 Reg G","players":["adaal","badpiplupvgc"],"log":"|j|\u2606adaal\n|j|\u2606badpiplupvgc\n|t:|1738291450\n|gametype|doubles\n|player|p1|adaal|diantha|1541\n|player|p2|badpiplupvgc|170|1623\n|teamsize|p1|6\n|teamsize|p2|6\n|gen|9\n|tier|[Gen 9] VGC 2025 Reg G\n|rated|\n|rule|Species Clause: Limit one of each Pok\u00e9mon\n|rule|Item Clause: Limit 1 of each item\n|clearpoke\n|poke|p1|Kyogre, L50|\n|poke|p1|Iron Jugulis, L50|\n|poke|p1|Archaludon, L50, M|\n|poke|p1|Landorus, L50, M|\n|poke|p1|Incineroar, L50, M|\n|poke|p1|Ogerpon-Wellspring, L50, F|\n|poke|p2|Calyrex-Ice, L50|\n|poke|p2|Amoonguss, L50, M|\n|poke|p2|Raging Bolt, L50|\n|poke|p2|Chi-Yu, L50|\n|poke|p2|Rillaboom, L50, F|\n|poke|p2|Urshifu-*, L50, M|\n|teampreview|4\n|j| Pokuchu3\n|\n|t:|1738291468\n|start\n|switch|p1a: Kyogre|Kyogre, L50|100\/100\n|switch|p1b: Ogerpon|Ogerpon-Wellspring, L50, F|100\/100\n|switch|p2a: Rillaboom|Rillaboom, L50, F|100\/100\n|switch|p2b: Calyrex|Calyrex-Ice, L50|100\/100\n|-ability|p2b: Calyrex|As One\n|-ability|p2b: Calyrex|Unnerve\n|-weather|RainDance|[from] ability: Drizzle|[of] p1a: Kyogre\n|-fieldstart|move: Grassy Terrain|[from] ability: Grassy Surge|[of] p2a: Rillaboom\n|turn|1\n|\n|t:|1738291493\n|move|p2a: Rillaboom|Fake Out|p1a: Kyogre\n|-damage|p1a: Kyogre|88\/100\n|move|p1b: Ogerpon|Ivy Cudgel|p2b: Calyrex|[anim] Ivy Cudgel Water\n|-damage|p2b: Calyrex|50\/100\n|cant|p1a: Kyogre|flinch\n|move|p2b: Calyrex|Trick Room|p2b: Calyrex\n|-fieldstart|move: Trick Room|[of] p2b: Calyrex\n|\n|-weather|RainDance|[upkeep]\n|-heal|p2b: Calyrex|56\/100|[from] Grassy Terrain\n|-heal|p1a: Kyogre|94\/100|[from] Grassy Terrain\n|upkeep\n|turn|2\n|\n|t:|1738291526\n|move|p2b: Calyrex|Protect|p2b: Calyrex\n|-singleturn|p2b: Calyrex|Protect\n|move|p1b: Ogerpon|Follow Me|p1b: Ogerpon\n|-singleturn|p1b: Ogerpon|move: Follow Me\n|move|p2a: Rillaboom|Wood Hammer|p1b: Ogerpon\n|-damage|p1b: Ogerpon|15\/100\n|-damage|p2a: Rillaboom|75\/100|[from] Recoil\n|move|p1a: Kyogre|Water Spout|p2b: Calyrex|[spread] p2a\n|-activate|p2b: Calyrex|move: Protect\n|-resisted|p2a: Rillaboom\n|-damage|p2a: Rillaboom|38\/100\n|\n|-weather|RainDance|[upkeep]\n|-heal|p2b: Calyrex|61\/100|[from] Grassy Terrain\n|-heal|p2a: Rillaboom|44\/100|[from] Grassy Terrain\n|-heal|p1a: Kyogre|99\/100|[from] Grassy Terrain\n|-heal|p1b: Ogerpon|21\/100|[from] Grassy Terrain\n|upkeep\n|turn|3\n|\n|t:|1738291549\n|switch|p1a: Incineroar|Incineroar, L50, M, shiny|100\/100\n|-ability|p1a: Incineroar|Intimidate|boost\n|-unboost|p2a: Rillaboom|atk|1\n|-fail|p2b: Calyrex|unboost|[from] item: Clear Amulet|[of] p2b: Calyrex\n|move|p1b: Ogerpon|Spiky Shield|p1b: Ogerpon\n|-singleturn|p1b: Ogerpon|move: Protect\n|move|p2b: Calyrex|Glacial Lance|p1b: Ogerpon|[spread] p1a\n|-activate|p1b: Ogerpon|move: Protect\n|-resisted|p1a: Incineroar\n|-damage|p1a: Incineroar|73\/100\n|move|p2a: Rillaboom|U-turn|p1a: Incineroar\n|-damage|p1a: Incineroar|58\/100\n|\n|t:|1738291562\n|switch|p2a: Amoonguss|Amoonguss, L50, M|100\/100|[from] U-turn\n|\n|-weather|RainDance|[upkeep]\n|-heal|p2b: Calyrex|67\/100|[from] Grassy Terrain\n|-heal|p1a: Incineroar|64\/100|[from] Grassy Terrain\n|-heal|p1b: Ogerpon|27\/100|[from] Grassy Terrain\n|upkeep\n|turn|4\n|\n|t:|1738291582\n|move|p1a: Incineroar|Fake Out|p2b: Calyrex\n|-damage|p2b: Calyrex|60\/100\n|move|p2a: Amoonguss|Pollen Puff|p1b: Ogerpon\n|-supereffective|p1b: Ogerpon\n|-damage|p1b: Ogerpon|0 fnt\n|faint|p1b: Ogerpon\n|cant|p2b: Calyrex|flinch\n|\n|-weather|RainDance|[upkeep]\n|-heal|p2b: Calyrex|66\/100|[from] Grassy Terrain\n|-heal|p1a: Incineroar|70\/100|[from] Grassy Terrain\n|upkeep\n|\n|t:|1738291598\n|switch|p1b: Kyogre|Kyogre, L50|99\/100\n|turn|5\n|\n|t:|1738291606\n|move|p1b: Kyogre|Protect|p1b: Kyogre\n|-singleturn|p1b: Kyogre|Protect\n|move|p2a: Amoonguss|Pollen Puff|p1a: Incineroar\n|-damage|p1a: Incineroar|55\/100\n|move|p2b: Calyrex|High Horsepower|p1a: Incineroar\n|-supereffective|p1a: Incineroar\n|-damage|p1a: Incineroar|0 fnt\n|faint|p1a: Incineroar\n|-ability|p2b: Calyrex|Chilling Neigh|boost\n|-boost|p2b: Calyrex|atk|1\n|\n|-weather|none\n|-heal|p2b: Calyrex|72\/100|[from] Grassy Terrain\n|-heal|p1b: Kyogre|100\/100|[from] Grassy Terrain\n|-fieldend|move: Trick Room\n|-fieldend|move: Grassy Terrain\n|upkeep\n|\n|t:|1738291612\n|switch|p1a: Archaludon|Archaludon, L50, M|100\/100\n|turn|6\n|\n|t:|1738291629\n|move|p2b: Calyrex|Protect|p2b: Calyrex\n|-singleturn|p2b: Calyrex|Protect\n|move|p1b: Kyogre|Ice Beam|p2a: Amoonguss\n|-supereffective|p2a: Amoonguss\n|-damage|p2a: Amoonguss|32\/100\n|move|p1a: Archaludon|Flash Cannon|p2a: Amoonguss\n|-damage|p2a: Amoonguss|0 fnt\n|faint|p2a: Amoonguss\n|\n|upkeep\n|j| 647w\n|\n|t:|1738291650\n|switch|p2a: Urshifu|Urshifu, L50, M|100\/100\n|turn|7\n|\n|t:|1738291664\n|-terastallize|p1a: Archaludon|Fairy\n|move|p2a: Urshifu|Close Combat|p1a: Archaludon\n|-resisted|p1a: Archaludon\n|-damage|p1a: Archaludon|74\/100\n|-unboost|p2a: Urshifu|def|1\n|-unboost|p2a: Urshifu|spd|1\n|-ability|p1a: Archaludon|Stamina|boost\n|-boost|p1a: Archaludon|def|1\n|move|p1b: Kyogre|Origin Pulse|p2b: Calyrex|[spread] p2b\n|-miss|p1b: Kyogre|p2a: Urshifu\n|-damage|p2b: Calyrex|34\/100\n|move|p1a: Archaludon|Flash Cannon|p2b: Calyrex\n|-supereffective|p2b: Calyrex\n|-damage|p2b: Calyrex|0 fnt\n|faint|p2b: Calyrex\n|\n|upkeep\n|\n|t:|1738291678\n|switch|p2b: Rillaboom|Rillaboom, L50, F|44\/100\n|-fieldstart|move: Grassy Terrain|[from] ability: Grassy Surge|[of] p2b: Rillaboom\n|turn|8\n|\n|t:|1738291697\n|-terastallize|p2a: Urshifu|Dark\n|move|p2a: Urshifu|Wicked Blow|p1b: Kyogre\n|-crit|p1b: Kyogre\n|-damage|p1b: Kyogre|25\/100\n|move|p1b: Kyogre|Ice Beam|p2a: Urshifu\n|-damage|p2a: Urshifu|18\/100\n|move|p1a: Archaludon|Flash Cannon|p2a: Urshifu\n|-damage|p2a: Urshifu|0 fnt\n|faint|p2a: Urshifu\n|move|p2b: Rillaboom|Wood Hammer|p1a: Archaludon\n|-damage|p1a: Archaludon|36\/100\n|-ability|p1a: Archaludon|Stamina|boost\n|-boost|p1a: Archaludon|def|1\n|-damage|p2b: Rillaboom|32\/100|[from] Recoil\n|\n|-heal|p1b: Kyogre|31\/100|[from] Grassy Terrain\n|-heal|p1a: Archaludon|43\/100|[from] Grassy Terrain\n|-heal|p2b: Rillaboom|38\/100|[from] Grassy Terrain\n|upkeep\n|turn|9\n|-message|badpiplupvgc forfeited.\n|\n|win|adaal\n|raw|adaal's rating: 1541 &rarr; <strong>1566<\/strong><br \/>(+25 for winning)\n|raw|badpiplupvgc's rating: 1623 &rarr; <strong>1598<\/strong><br \/>(-25 for losing)\n|l|\u2606badpiplupvgc\n|player|p2|\n|l|\u2606adaal\n|player|p1|\n|l| Pokuchu3\n|l| 647w\n","uploadtime":1738291981,"views":12,"formatid":"gen9vgc2025regg","rating":1566,"private":0,"password":null}