{"id":"gen9vgc2025regg-2291681507","format":"[Gen 9] VGC 2025 Reg G","players":["dominicex","Acblade"],"log":"|j|\u2606dominicex\n|j|\u2606Acblade\n|t:|1738312143\n|gametype|doubles\n|player|p1|dominicex|pokemonranger-gen4|1529\n|player|p2|Acblade|lucas|1805\n|teamsize|p1|6\n|teamsize|p2|6\n|gen|9\n|tier|[Gen 9] VGC 2025 Reg G\n|rated|\n|rule|Species Clause: Limit one of each Pok\u00e9mon\n|rule|Item Clause: Limit 1 of each item\n|clearpoke\n|poke|p1|Calyrex-Ice, L50|\n|poke|p1|Landorus, L50, M|\n|poke|p1|Chandelure, L50, M|\n|poke|p1|Iron Hands, L50|\n|poke|p1|Amoonguss, L50, F|\n|poke|p1|Roaring Moon, L50|\n|poke|p2|Tornadus, L50, M|\n|poke|p2|Chi-Yu, L50|\n|poke|p2|Flutter Mane, L50|\n|poke|p2|Koraidon, L50|\n|poke|p2|Raging Bolt, L50|\n|poke|p2|Farigiraf, L50, F|\n|teampreview|4\n|inactive|Battle timer is ON: inactive players will automatically lose when time's up. (requested by Acblade)\n|\n|t:|1738312161\n|start\n|switch|p1a: Calyrex|Calyrex-Ice, L50|100\/100\n|switch|p1b: Chandelure|Chandelure, L50, M|100\/100\n|switch|p2a: Farigiraf|Farigiraf, L50, F|100\/100\n|switch|p2b: Koraidon|Koraidon, L50|100\/100\n|-ability|p1a: Calyrex|As One\n|-ability|p1a: Calyrex|Unnerve\n|-weather|SunnyDay|[from] ability: Orichalcum Pulse|[of] p2b: Koraidon\n|-activate|p2b: Koraidon|Orichalcum Pulse|[source]\n|turn|1\n|\n|t:|1738312175\n|-terastallize|p2b: Koraidon|Fire\n|move|p1a: Calyrex|Protect|p1a: Calyrex\n|-singleturn|p1a: Calyrex|Protect\n|move|p2b: Koraidon|Breaking Swipe|p1b: Chandelure|[spread] p1b\n|-activate|p1a: Calyrex|move: Protect\n|-damage|p1b: Chandelure|25\/100\n|-unboost|p1b: Chandelure|atk|1\n|move|p1b: Chandelure|Heat Wave|p2a: Farigiraf|[spread] p2a,p2b\n|-resisted|p2b: Koraidon\n|-damage|p2a: Farigiraf|33\/100\n|-damage|p2b: Koraidon|65\/100\n|move|p2a: Farigiraf|Imprison|p2a: Farigiraf\n|-start|p2a: Farigiraf|move: Imprison\n|\n|-weather|SunnyDay|[upkeep]\n|upkeep\n|turn|2\n|j| mr pogostick\n|inactive|dominicex has 30 seconds left.\n|inactive|dominicex has 20 seconds left.\n|\n|t:|1738312212\n|switch|p1b: Amoonguss|Amoonguss, L50, F|100\/100\n|-terastallize|p1a: Calyrex|Water\n|move|p2b: Koraidon|Breaking Swipe|p1a: Calyrex|[spread] p1a,p1b\n|-damage|p1a: Calyrex|71\/100\n|-damage|p1b: Amoonguss|62\/100\n|move|p1a: Calyrex|High Horsepower|p2b: Koraidon\n|-supereffective|p2b: Koraidon\n|-damage|p2b: Koraidon|0 fnt\n|faint|p2b: Koraidon\n|-ability|p1a: Calyrex|Chilling Neigh|boost\n|-boost|p1a: Calyrex|atk|1\n|move|p2a: Farigiraf|Foul Play|p1a: Calyrex\n|-damage|p1a: Calyrex|32\/100\n|\n|-weather|SunnyDay|[upkeep]\n|upkeep\n|inactive|Acblade has 30 seconds left.\n|\n|t:|1738312239\n|switch|p2b: Chi-Yu|Chi-Yu, L50|100\/100\n|-ability|p2b: Chi-Yu|Beads of Ruin\n|turn|3\n|\n|t:|1738312263\n|move|p2a: Farigiraf|Protect|p2a: Farigiraf\n|-singleturn|p2a: Farigiraf|Protect\n|move|p1b: Amoonguss|Rage Powder|p1b: Amoonguss\n|-singleturn|p1b: Amoonguss|move: Rage Powder\n|move|p2b: Chi-Yu|Snarl|p1a: Calyrex|[spread] p1a,p1b\n|-damage|p1a: Calyrex|11\/100\n|-damage|p1b: Amoonguss|31\/100\n|move|p1a: Calyrex|Glacial Lance|p2a: Farigiraf|[spread] p2b\n|-activate|p2a: Farigiraf|move: Protect\n|-resisted|p2b: Chi-Yu\n|-damage|p2b: Chi-Yu|44\/100\n|\n|-weather|SunnyDay|[upkeep]\n|upkeep\n|turn|4\n|\n|t:|1738312286\n|switch|p1b: Chandelure|Chandelure, L50, M|25\/100\n|move|p2b: Chi-Yu|Snarl|p1b: Chandelure|[spread] p1a,p1b\n|-supereffective|p1b: Chandelure\n|-damage|p1a: Calyrex|0 fnt\n|-damage|p1b: Chandelure|0 fnt\n|faint|p1a: Calyrex\n|faint|p1b: Chandelure\n|move|p2a: Farigiraf|Foul Play|p1: Calyrex|[notarget]\n|-fail|p2a: Farigiraf\n|\n|-weather|SunnyDay|[upkeep]\n|upkeep\n|\n|t:|1738312291\n|switch|p1b: Iron Hands|Iron Hands, L50|100\/100\n|switch|p1a: Amoonguss|Amoonguss, L50, F|64\/100\n|turn|5\n|\n|t:|1738312310\n|move|p2b: Chi-Yu|Snarl|p1b: Iron Hands|[spread] p1a,p1b\n|-crit|p1a: Amoonguss\n|-resisted|p1b: Iron Hands\n|-damage|p1a: Amoonguss|21\/100\n|-damage|p1b: Iron Hands|93\/100\n|-unboost|p1b: Iron Hands|spa|1\n|move|p2a: Farigiraf|Foul Play|p1b: Iron Hands\n|-resisted|p1b: Iron Hands\n|-damage|p1b: Iron Hands|80\/100\n|move|p1b: Iron Hands|Drain Punch|p2b: Chi-Yu\n|-supereffective|p2b: Chi-Yu\n|-damage|p2b: Chi-Yu|0 fnt\n|-heal|p1b: Iron Hands|93\/100|[from] drain|[of] p2b: Chi-Yu\n|faint|p2b: Chi-Yu\n|move|p1a: Amoonguss|Spore|p2a: Farigiraf\n|-status|p2a: Farigiraf|slp|[from] move: Spore\n|\n|-weather|none\n|upkeep\n|\n|t:|1738312322\n|switch|p2b: Flutter Mane|Flutter Mane, L50|100\/100\n|turn|6\n|inactive|dominicex has 30 seconds left.\n|\n|t:|1738312348\n|move|p2b: Flutter Mane|Dazzling Gleam|p1b: Iron Hands|[spread] p1a,p1b\n|-resisted|p1a: Amoonguss\n|-supereffective|p1b: Iron Hands\n|-damage|p1a: Amoonguss|0 fnt\n|-damage|p1b: Iron Hands|48\/100\n|faint|p1a: Amoonguss\n|cant|p2a: Farigiraf|slp\n|move|p1b: Iron Hands|Wild Charge|p2b: Flutter Mane\n|-damage|p2b: Flutter Mane|0 fnt\n|faint|p2b: Flutter Mane\n|-end|p2b: Flutter Mane|Protosynthesis|[silent]\n|-damage|p1b: Iron Hands|34\/100|[from] Recoil\n|\n|upkeep\n|turn|7\n|\n|t:|1738312364\n|-curestatus|p2a: Farigiraf|slp|[msg]\n|move|p2a: Farigiraf|Foul Play|p1b: Iron Hands\n|-resisted|p1b: Iron Hands\n|-damage|p1b: Iron Hands|22\/100\n|move|p1b: Iron Hands|Low Kick|p2a: Farigiraf\n|-damage|p2a: Farigiraf|0 fnt\n|-damage|p1b: Iron Hands|5\/100|[from] item: Rocky Helmet|[of] p2a: Farigiraf\n|faint|p2a: Farigiraf\n|\n|win|dominicex\n|raw|dominicex's rating: 1529 &rarr; <strong>1562<\/strong><br \/>(+33 for winning)\n|raw|Acblade's rating: 1805 &rarr; <strong>1772<\/strong><br \/>(-33 for losing)\n|l|\u2606dominicex\n|player|p1|\n|l| mr pogostick\n|l|\u2606Acblade\n|player|p2|\n","uploadtime":1738312576,"views":18,"formatid":"gen9vgc2025regg","rating":1562,"private":0,"password":null}