{"id":"gen9vgc2025regg-2291579017","format":"[Gen 9] VGC 2025 Reg G","players":["ponz3557","huyuplan"],"log":"|j|\u2606ponz3557\n|j|\u2606huyuplan\n|t:|1738293733\n|gametype|doubles\n|player|p1|ponz3557|170|1584\n|player|p2|huyuplan|lucas|1691\n|teamsize|p1|6\n|teamsize|p2|6\n|gen|9\n|tier|[Gen 9] VGC 2025 Reg G\n|rated|\n|rule|Species Clause: Limit one of each Pok\u00e9mon\n|rule|Item Clause: Limit 1 of each item\n|clearpoke\n|poke|p1|Groudon, L50|\n|poke|p1|Flutter Mane, L50|\n|poke|p1|Raging Bolt, L50|\n|poke|p1|Grimmsnarl, L50, M|\n|poke|p1|Ogerpon-Hearthflame, L50, F|\n|poke|p1|Chi-Yu, L50|\n|poke|p2|Lunala, L50|\n|poke|p2|Indeedee-F, L50, F|\n|poke|p2|Urshifu-*, L50, M|\n|poke|p2|Ursaluna, L50, F|\n|poke|p2|Incineroar, L50, F|\n|poke|p2|Iron Valiant, L50|\n|teampreview|4\n|\n|t:|1738293782\n|start\n|switch|p1a: Groudon|Groudon, L50|100\/100\n|switch|p1b: Grimmsnarl|Grimmsnarl, L50, M|100\/100\n|switch|p2a: Lunala|Lunala, L50|100\/100\n|switch|p2b: Ursaluna|Ursaluna, L50, F|100\/100\n|-weather|SunnyDay|[from] ability: Drought|[of] p1a: Groudon\n|turn|1\n|\n|t:|1738293827\n|-terastallize|p2a: Lunala|Fairy\n|move|p1b: Grimmsnarl|Light Screen|p1b: Grimmsnarl\n|-sidestart|p1: ponz3557|move: Light Screen\n|move|p1a: Groudon|Precipice Blades|p2a: Lunala|[spread] p2a,p2b\n|-damage|p2a: Lunala|78\/100\n|-damage|p2b: Ursaluna|60\/100\n|move|p2b: Ursaluna|Headlong Rush|p1a: Groudon\n|-damage|p1a: Groudon|47\/100\n|-unboost|p2b: Ursaluna|def|1\n|-unboost|p2b: Ursaluna|spd|1\n|move|p2a: Lunala|Trick Room|p2a: Lunala\n|-fieldstart|move: Trick Room|[of] p2a: Lunala\n|\n|-weather|SunnyDay|[upkeep]\n|-status|p2b: Ursaluna|brn|[from] item: Flame Orb\n|upkeep\n|turn|2\n|\n|t:|1738293849\n|switch|p2a: Indeedee|Indeedee-F, L50, F|100\/100\n|-fieldstart|move: Psychic Terrain|[from] ability: Psychic Surge|[of] p2a: Indeedee\n|move|p1a: Groudon|Protect|p1a: Groudon\n|-singleturn|p1a: Groudon|Protect\n|move|p1b: Grimmsnarl|Reflect|p1b: Grimmsnarl\n|-sidestart|p1: ponz3557|Reflect\n|move|p2b: Ursaluna|Facade|p1a: Groudon\n|-activate|p1a: Groudon|move: Protect\n|\n|-weather|SunnyDay|[upkeep]\n|-damage|p2b: Ursaluna|54\/100 brn|[from] brn\n|upkeep\n|turn|3\n|\n|t:|1738293870\n|switch|p1a: Flutter Mane|Flutter Mane, L50|100\/100\n|-activate|p1a: Flutter Mane|ability: Protosynthesis\n|-start|p1a: Flutter Mane|protosynthesisspe\n|move|p2b: Ursaluna|Facade|p1a: Flutter Mane\n|-immune|p1a: Flutter Mane\n|move|p1b: Grimmsnarl|Spirit Break|p2b: Ursaluna\n|-damage|p2b: Ursaluna|16\/100 brn\n|-unboost|p2b: Ursaluna|spa|1\n|move|p2a: Indeedee|Heal Pulse|p2b: Ursaluna\n|-heal|p2b: Ursaluna|66\/100 brn\n|\n|-weather|SunnyDay|[upkeep]\n|-damage|p2b: Ursaluna|61\/100 brn|[from] brn\n|upkeep\n|turn|4\n|\n|t:|1738293895\n|-end|p1a: Flutter Mane|Protosynthesis|[silent]\n|switch|p1a: Ogerpon|Ogerpon-Hearthflame, L50, F|100\/100\n|-ability|p1a: Ogerpon|Mold Breaker\n|move|p2b: Ursaluna|Headlong Rush|p1a: Ogerpon\n|-damage|p1a: Ogerpon|36\/100\n|-unboost|p2b: Ursaluna|def|1\n|-unboost|p2b: Ursaluna|spd|1\n|move|p1b: Grimmsnarl|Spirit Break|p2b: Ursaluna\n|-damage|p2b: Ursaluna|12\/100 brn\n|-unboost|p2b: Ursaluna|spa|1\n|move|p2a: Indeedee|Heal Pulse|p2b: Ursaluna\n|-heal|p2b: Ursaluna|62\/100 brn\n|\n|-weather|SunnyDay|[upkeep]\n|-damage|p2b: Ursaluna|56\/100 brn|[from] brn\n|upkeep\n|turn|5\n|\n|t:|1738293931\n|switch|p1b: Flutter Mane|Flutter Mane, L50|100\/100\n|-activate|p1b: Flutter Mane|ability: Protosynthesis\n|-start|p1b: Flutter Mane|protosynthesisspe\n|switch|p2a: Iron Valiant|Iron Valiant, L50|100\/100\n|-enditem|p2a: Iron Valiant|Booster Energy\n|-activate|p2a: Iron Valiant|ability: Quark Drive|[fromitem]\n|-start|p2a: Iron Valiant|quarkdrivespe\n|move|p2b: Ursaluna|Facade|p1b: Flutter Mane\n|-immune|p1b: Flutter Mane\n|move|p1a: Ogerpon|Ivy Cudgel|p2a: Iron Valiant|[anim] Ivy Cudgel Fire\n|-damage|p2a: Iron Valiant|19\/100\n|\n|-weather|none\n|-end|p1b: Flutter Mane|Protosynthesis\n|-damage|p2b: Ursaluna|50\/100 brn|[from] brn\n|-fieldend|move: Trick Room\n|upkeep\n|turn|6\n|\n|t:|1738293956\n|move|p2a: Iron Valiant|Protect|p2a: Iron Valiant\n|-singleturn|p2a: Iron Valiant|Protect\n|move|p1a: Ogerpon|Follow Me|p1a: Ogerpon\n|-singleturn|p1a: Ogerpon|move: Follow Me\n|move|p1b: Flutter Mane|Moonblast|p2a: Iron Valiant\n|-activate|p2a: Iron Valiant|move: Protect\n|move|p2b: Ursaluna|Earthquake|p1a: Ogerpon|[spread] p1a,p1b\n|-activate|p2a: Iron Valiant|move: Protect\n|-damage|p1a: Ogerpon|0 fnt\n|-damage|p1b: Flutter Mane|12\/100\n|faint|p1a: Ogerpon\n|\n|-damage|p2b: Ursaluna|44\/100 brn|[from] brn\n|-fieldend|move: Psychic Terrain\n|upkeep\n|\n|t:|1738293959\n|switch|p1a: Groudon|Groudon, L50|47\/100\n|-weather|SunnyDay|[from] ability: Drought|[of] p1a: Groudon\n|-activate|p1b: Flutter Mane|ability: Protosynthesis\n|-start|p1b: Flutter Mane|protosynthesisspe\n|turn|7\n|\n|t:|1738293990\n|move|p1b: Flutter Mane|Moonblast|p2a: Iron Valiant\n|-supereffective|p2a: Iron Valiant\n|-damage|p2a: Iron Valiant|0 fnt\n|faint|p2a: Iron Valiant\n|-end|p2a: Iron Valiant|Quark Drive|[silent]\n|move|p1a: Groudon|Precipice Blades|p2b: Ursaluna\n|-damage|p2b: Ursaluna|0 fnt\n|faint|p2b: Ursaluna\n|\n|-weather|SunnyDay|[upkeep]\n|upkeep\n|\n|t:|1738294001\n|switch|p2a: Lunala|Lunala, L50, tera:Fairy|78\/100\n|switch|p2b: Indeedee|Indeedee-F, L50, F|100\/100\n|-fieldstart|move: Psychic Terrain|[from] ability: Psychic Surge|[of] p2b: Indeedee\n|turn|8\n|\n|t:|1738294010\n|-terastallize|p1b: Flutter Mane|Fairy\n|move|p1b: Flutter Mane|Moonblast|p2b: Indeedee\n|-damage|p2b: Indeedee|4\/100\n|move|p1a: Groudon|Precipice Blades|p2a: Lunala|[spread] p2a\n|-miss|p1a: Groudon|p2b: Indeedee\n|-damage|p2a: Lunala|31\/100\n|move|p2a: Lunala|Expanding Force|p1b: Flutter Mane|[spread] p1a,p1b\n|-damage|p1a: Groudon|3\/100\n|-damage|p1b: Flutter Mane|0 fnt\n|faint|p1b: Flutter Mane\n|-end|p1b: Flutter Mane|Protosynthesis|[silent]\n|move|p2b: Indeedee|Heal Pulse|p2a: Lunala\n|-heal|p2a: Lunala|81\/100\n|\n|-weather|SunnyDay|[upkeep]\n|-sideend|p1: ponz3557|move: Light Screen\n|upkeep\n|\n|t:|1738294021\n|switch|p1b: Grimmsnarl|Grimmsnarl, L50, M|100\/100\n|turn|9\n|\n|t:|1738294055\n|move|p1a: Groudon|Precipice Blades|p2a: Lunala|[spread] p2a,p2b\n|-damage|p2a: Lunala|35\/100\n|-damage|p2b: Indeedee|0 fnt\n|faint|p2b: Indeedee\n|move|p2a: Lunala|Expanding Force|p1b: Grimmsnarl|[spread] p1a\n|-immune|p1b: Grimmsnarl\n|-damage|p1a: Groudon|0 fnt\n|faint|p1a: Groudon\n|move|p1b: Grimmsnarl|Spirit Break|p2a: Lunala\n|-damage|p2a: Lunala|9\/100\n|-unboost|p2a: Lunala|spa|1\n|\n|-weather|SunnyDay|[upkeep]\n|-sideend|p1: ponz3557|Reflect\n|upkeep\n|turn|10\n|\n|t:|1738294070\n|move|p2a: Lunala|Meteor Beam||[still]\n|-prepare|p2a: Lunala|Meteor Beam\n|-boost|p2a: Lunala|spa|1\n|-enditem|p2a: Lunala|Power Herb\n|-anim|p2a: Lunala|Meteor Beam|p1b: Grimmsnarl\n|-damage|p1b: Grimmsnarl|56\/100\n|move|p1b: Grimmsnarl|Spirit Break|p2a: Lunala\n|-damage|p2a: Lunala|0 fnt\n|faint|p2a: Lunala\n|\n|win|ponz3557\n|raw|ponz3557's rating: 1584 &rarr; <strong>1610<\/strong><br \/>(+26 for winning)\n|raw|huyuplan's rating: 1691 &rarr; <strong>1665<\/strong><br \/>(-26 for losing)\n|l|\u2606ponz3557\n|player|p1|\n|l|\u2606huyuplan\n|player|p2|\n","uploadtime":1738294340,"views":15,"formatid":"gen9vgc2025regg","rating":1610,"private":0,"password":null}