{"id":"gen9vgc2025regg-2291105290","format":"[Gen 9] VGC 2025 Reg G","players":["Mildly Displeased","Estarossa_152"],"log":"|j|\u2606Mildly Displeased\n|j|\u2606Estarossa_152\n|t:|1738238540\n|gametype|doubles\n|player|p1|Mildly Displeased|lillie|1694\n|player|p2|Estarossa_152|266|1712\n|teamsize|p1|6\n|teamsize|p2|6\n|gen|9\n|tier|[Gen 9] VGC 2025 Reg G\n|rated|\n|rule|Species Clause: Limit one of each Pok\u00e9mon\n|rule|Item Clause: Limit 1 of each item\n|clearpoke\n|poke|p1|Primarina, L50, M|\n|poke|p1|Talonflame, L50, F|\n|poke|p1|Zamazenta-*, L50|\n|poke|p1|Rillaboom, L50, F|\n|poke|p1|Iron Treads, L50|\n|poke|p1|Chien-Pao, L50|\n|poke|p2|Zamazenta-*, L50|\n|poke|p2|Chien-Pao, L50|\n|poke|p2|Flutter Mane, L50|\n|poke|p2|Raging Bolt, L50|\n|poke|p2|Amoonguss, L50, M|\n|poke|p2|Pelipper, L50, M|\n|teampreview|4\n|inactive|Battle timer is ON: inactive players will automatically lose when time's up. (requested by Mildly Displeased)\n|inactive|Estarossa_152 has 60 seconds left.\n|inactive|Estarossa_152 has 30 seconds left.\n|inactive|Estarossa_152 has 20 seconds left.\n|inactive|Estarossa_152 has 15 seconds left.\n|inactive|Estarossa_152 has 10 seconds left.\n|\n|t:|1738238638\n|start\n|switch|p1a: Talonflame|Talonflame, L50, F, shiny|100\/100\n|switch|p1b: Chien-Pao|Chien-Pao, L50|100\/100\n|switch|p2a: Zamazenta|Zamazenta-Crowned, L50, shiny|100\/100\n|switch|p2b: Raging Bolt|Raging Bolt, L50|100\/100\n|-ability|p1b: Chien-Pao|Sword of Ruin\n|-ability|p2a: Zamazenta|Dauntless Shield|boost\n|-boost|p2a: Zamazenta|def|1\n|turn|1\n|inactive|Estarossa_152 has 30 seconds left.\n|\n|t:|1738238666\n|-terastallize|p2b: Raging Bolt|Water\n|move|p1a: Talonflame|Tailwind|p1a: Talonflame\n|-sidestart|p1: Mildly Displeased|move: Tailwind\n|move|p1b: Chien-Pao|Ice Spinner|p2b: Raging Bolt\n|-resisted|p2b: Raging Bolt\n|-damage|p2b: Raging Bolt|79\/100\n|move|p2a: Zamazenta|Heavy Slam|p1b: Chien-Pao\n|-supereffective|p1b: Chien-Pao\n|-enditem|p1b: Chien-Pao|Focus Sash\n|-damage|p1b: Chien-Pao|1\/100\n|move|p2b: Raging Bolt|Thunderbolt|p1a: Talonflame\n|-supereffective|p1a: Talonflame\n|-damage|p1a: Talonflame|0 fnt\n|faint|p1a: Talonflame\n|\n|upkeep\n|\n|t:|1738238674\n|switch|p1a: Zamazenta|Zamazenta-Crowned, L50|100\/100\n|-ability|p1a: Zamazenta|Dauntless Shield|boost\n|-boost|p1a: Zamazenta|def|1\n|turn|2\n|\n|t:|1738238690\n|-end|p2b: Raging Bolt|Protosynthesis|[silent]\n|switch|p2b: Amoonguss|Amoonguss, L50, M, shiny|100\/100\n|-terastallize|p1a: Zamazenta|Ghost\n|move|p2a: Zamazenta|Protect|p2a: Zamazenta\n|-singleturn|p2a: Zamazenta|Protect\n|move|p1b: Chien-Pao|Sacred Sword|p2a: Zamazenta\n|-activate|p2a: Zamazenta|move: Protect\n|move|p1a: Zamazenta|Body Press|p2b: Amoonguss\n|-resisted|p2b: Amoonguss\n|-damage|p2b: Amoonguss|68\/100\n|-damage|p1a: Zamazenta|84\/100|[from] item: Rocky Helmet|[of] p2b: Amoonguss\n|\n|upkeep\n|turn|3\n|inactive|Estarossa_152 has 30 seconds left.\n|\n|t:|1738238715\n|switch|p2b: Raging Bolt|Raging Bolt, L50, tera:Water|79\/100\n|move|p1b: Chien-Pao|Ice Spinner|p2b: Raging Bolt\n|-resisted|p2b: Raging Bolt\n|-damage|p2b: Raging Bolt|59\/100\n|move|p1a: Zamazenta|Iron Defense|p1a: Zamazenta\n|-boost|p1a: Zamazenta|def|2\n|move|p2a: Zamazenta|Heavy Slam|p1b: Chien-Pao\n|-supereffective|p1b: Chien-Pao\n|-damage|p1b: Chien-Pao|0 fnt\n|faint|p1b: Chien-Pao\n|\n|upkeep\n|\n|t:|1738238722\n|switch|p1b: Primarina|Primarina, L50, M, shiny|100\/100\n|turn|4\n|inactive|Estarossa_152 has 30 seconds left.\n|\n|t:|1738238748\n|-end|p2b: Raging Bolt|Protosynthesis|[silent]\n|switch|p2b: Amoonguss|Amoonguss, L50, M, shiny|100\/100\n|move|p2a: Zamazenta|Protect|p2a: Zamazenta\n|-singleturn|p2a: Zamazenta|Protect\n|move|p1b: Primarina|Protect|p1b: Primarina\n|-singleturn|p1b: Primarina|Protect\n|move|p1a: Zamazenta|Body Press|p2b: Amoonguss\n|-resisted|p2b: Amoonguss\n|-damage|p2b: Amoonguss|57\/100\n|-damage|p1a: Zamazenta|68\/100|[from] item: Rocky Helmet|[of] p2b: Amoonguss\n|\n|-sideend|p1: Mildly Displeased|move: Tailwind\n|upkeep\n|turn|5\n|\n|t:|1738238767\n|move|p2a: Zamazenta|Heavy Slam|p1b: Primarina\n|-damage|p1b: Primarina|46\/100\n|move|p1a: Zamazenta|Body Press|p2a: Zamazenta\n|-supereffective|p2a: Zamazenta\n|-damage|p2a: Zamazenta|4\/100\n|move|p1b: Primarina|Ice Beam|p2b: Amoonguss\n|-supereffective|p2b: Amoonguss\n|-damage|p2b: Amoonguss|0 fnt\n|faint|p2b: Amoonguss\n|\n|upkeep\n|inactive|Estarossa_152 has 30 seconds left.\n|\n|t:|1738238797\n|switch|p2b: Raging Bolt|Raging Bolt, L50, tera:Water|59\/100\n|turn|6\n|\n|t:|1738238812\n|move|p1b: Primarina|Protect|p1b: Primarina\n|-singleturn|p1b: Primarina|Protect\n|move|p2b: Raging Bolt|Thunderclap|p1a: Zamazenta\n|-damage|p1a: Zamazenta|38\/100\n|move|p2a: Zamazenta|Heavy Slam|p1b: Primarina\n|-activate|p1b: Primarina|move: Protect\n|move|p1a: Zamazenta|Body Press|p2b: Raging Bolt\n|-damage|p2b: Raging Bolt|0 fnt\n|faint|p2b: Raging Bolt\n|-end|p2b: Raging Bolt|Protosynthesis|[silent]\n|\n|upkeep\n|\n|t:|1738238824\n|switch|p2b: Flutter Mane|Flutter Mane, L50, shiny|100\/100\n|-enditem|p2b: Flutter Mane|Booster Energy\n|-activate|p2b: Flutter Mane|ability: Protosynthesis|[fromitem]\n|-start|p2b: Flutter Mane|protosynthesisspe\n|turn|7\n|\n|t:|1738238831\n|move|p2b: Flutter Mane|Shadow Ball|p1a: Zamazenta\n|-supereffective|p1a: Zamazenta\n|-damage|p1a: Zamazenta|0 fnt\n|faint|p1a: Zamazenta\n|move|p2a: Zamazenta|Heavy Slam|p1b: Primarina\n|-damage|p1b: Primarina|0 fnt\n|faint|p1b: Primarina\n|\n|win|Estarossa_152\n|raw|Mildly Displeased's rating: 1694 &rarr; <strong>1675<\/strong><br \/>(-19 for losing)\n|raw|Estarossa_152's rating: 1712 &rarr; <strong>1731<\/strong><br \/>(+19 for winning)\n|l|\u2606Mildly Displeased\n|player|p1|\n|l|\u2606Estarossa_152\n|player|p2|\n","uploadtime":1738239093,"views":60,"formatid":"gen9vgc2025regg","rating":1675,"private":0,"password":null}