{"id":"gen9vgc2025regg-2291698609","format":"[Gen 9] VGC 2025 Reg G","players":["TomNumbers","huyuplan"],"log":"|j|\u2606TomNumbers\n|j|\u2606huyuplan\n|t:|1738315477\n|gametype|doubles\n|player|p1|TomNumbers|gambler|1597\n|player|p2|huyuplan|lucas|1706\n|teamsize|p1|6\n|teamsize|p2|6\n|gen|9\n|tier|[Gen 9] VGC 2025 Reg G\n|rated|\n|rule|Species Clause: Limit one of each Pok\u00e9mon\n|rule|Item Clause: Limit 1 of each item\n|clearpoke\n|poke|p1|Zamazenta-*, L50|\n|poke|p1|Roaring Moon, L50|\n|poke|p1|Landorus, L50, M|\n|poke|p1|Urshifu-*, L50, M|\n|poke|p1|Volcarona, L50, F|\n|poke|p1|Rillaboom, L50, M|\n|poke|p2|Lunala, L50|\n|poke|p2|Indeedee-F, L50, F|\n|poke|p2|Urshifu-*, L50, F|\n|poke|p2|Ursaluna, L50, M|\n|poke|p2|Incineroar, L50, M|\n|poke|p2|Iron Valiant, L50|\n|teampreview|4\n|inactive|Battle timer is ON: inactive players will automatically lose when time's up. (requested by TomNumbers)\n|inactive|TomNumbers has 60 seconds left.\n|inactive|huyuplan has 60 seconds left.\n|\n|t:|1738315535\n|start\n|switch|p1a: Urshifu|Urshifu-Rapid-Strike, L50, M|100\/100\n|switch|p1b: Zamazenta|Zamazenta-Crowned, L50|100\/100\n|switch|p2a: Lunala|Lunala, L50|100\/100\n|switch|p2b: Indeedee|Indeedee-F, L50, F|100\/100\n|-ability|p1b: Zamazenta|Dauntless Shield|boost\n|-boost|p1b: Zamazenta|def|1\n|-fieldstart|move: Psychic Terrain|[from] ability: Psychic Surge|[of] p2b: Indeedee\n|turn|1\n|inactive|TomNumbers has 30 seconds left.\n|inactive|huyuplan has 30 seconds left.\n|\n|t:|1738315566\n|-terastallize|p1a: Urshifu|Water\n|move|p1b: Zamazenta|Wide Guard|p1b: Zamazenta\n|-singleturn|p1b: Zamazenta|Wide Guard\n|move|p2b: Indeedee|Follow Me|p2b: Indeedee\n|-singleturn|p2b: Indeedee|move: Follow Me\n|move|p1a: Urshifu|Surging Strikes|p2b: Indeedee\n|-crit|p2b: Indeedee\n|-damage|p2b: Indeedee|70\/100\n|-damage|p1a: Urshifu|84\/100|[from] item: Rocky Helmet|[of] p2b: Indeedee\n|-crit|p2b: Indeedee\n|-damage|p2b: Indeedee|36\/100\n|-damage|p1a: Urshifu|68\/100|[from] item: Rocky Helmet|[of] p2b: Indeedee\n|-crit|p2b: Indeedee\n|-damage|p2b: Indeedee|3\/100\n|-damage|p1a: Urshifu|52\/100|[from] item: Rocky Helmet|[of] p2b: Indeedee\n|-hitcount|p2b: Indeedee|3\n|move|p2a: Lunala|Expanding Force|p1a: Urshifu|[spread] \n|-activate|p1a: Urshifu|move: Wide Guard\n|-activate|p1b: Zamazenta|move: Wide Guard\n|\n|upkeep\n|turn|2\n|inactive|huyuplan has 30 seconds left.\n|\n|t:|1738315594\n|move|p1a: Urshifu|Detect|p1a: Urshifu\n|-singleturn|p1a: Urshifu|Protect\n|move|p2b: Indeedee|Follow Me|p2b: Indeedee\n|-singleturn|p2b: Indeedee|move: Follow Me\n|move|p1b: Zamazenta|Body Press|p2b: Indeedee\n|-damage|p2b: Indeedee|0 fnt\n|-damage|p1b: Zamazenta|84\/100|[from] item: Rocky Helmet|[of] p2b: Indeedee\n|faint|p2b: Indeedee\n|move|p2a: Lunala|Trick Room|p2a: Lunala\n|-fieldstart|move: Trick Room|[of] p2a: Lunala\n|\n|upkeep\n|\n|t:|1738315611\n|switch|p2b: Ursaluna|Ursaluna, L50, M|100\/100\n|turn|3\n|\n|t:|1738315628\n|switch|p1a: Rillaboom|Rillaboom, L50, M|100\/100\n|-fieldstart|move: Grassy Terrain|[from] ability: Grassy Surge|[of] p1a: Rillaboom\n|-terastallize|p2b: Ursaluna|Ghost\n|move|p2b: Ursaluna|Headlong Rush|p1b: Zamazenta\n|-supereffective|p1b: Zamazenta\n|-damage|p1b: Zamazenta|27\/100\n|-unboost|p2b: Ursaluna|def|1\n|-unboost|p2b: Ursaluna|spd|1\n|move|p2a: Lunala|Moongeist Beam|p1a: Rillaboom\n|-damage|p1a: Rillaboom|58\/100\n|move|p1b: Zamazenta|Body Press|p2b: Ursaluna\n|-immune|p2b: Ursaluna\n|\n|-heal|p1a: Rillaboom|64\/100|[from] Grassy Terrain\n|-heal|p1b: Zamazenta|33\/100|[from] Grassy Terrain\n|-status|p2b: Ursaluna|brn|[from] item: Flame Orb\n|upkeep\n|turn|4\n|inactive|TomNumbers has 30 seconds left.\n|inactive|huyuplan has 30 seconds left.\n|inactive|TomNumbers has 20 seconds left.\n|\n|t:|1738315664\n|move|p1b: Zamazenta|Protect|p1b: Zamazenta\n|-singleturn|p1b: Zamazenta|Protect\n|move|p1a: Rillaboom|Grassy Glide|p2a: Lunala\n|-damage|p2a: Lunala|85\/100\n|move|p2b: Ursaluna|Facade|p1a: Rillaboom\n|-damage|p1a: Rillaboom|0 fnt\n|faint|p1a: Rillaboom\n|move|p2a: Lunala|Moongeist Beam|p1b: Zamazenta\n|-activate|p1b: Zamazenta|move: Protect\n|\n|-heal|p2a: Lunala|91\/100|[from] Grassy Terrain\n|-heal|p1b: Zamazenta|39\/100|[from] Grassy Terrain\n|-damage|p2b: Ursaluna|95\/100 brn|[from] brn\n|upkeep\n|inactive|TomNumbers has 30 seconds left.\n|inactive|TomNumbers has 20 seconds left.\n|\n|t:|1738315702\n|switch|p1a: Roaring Moon|Roaring Moon, L50|100\/100\n|-enditem|p1a: Roaring Moon|Booster Energy\n|-activate|p1a: Roaring Moon|ability: Protosynthesis|[fromitem]\n|-start|p1a: Roaring Moon|protosynthesisspe\n|turn|5\n|\n|t:|1738315720\n|move|p1a: Roaring Moon|Protect|p1a: Roaring Moon\n|-singleturn|p1a: Roaring Moon|Protect\n|move|p2b: Ursaluna|Facade|p1a: Roaring Moon\n|-activate|p1a: Roaring Moon|move: Protect\n|move|p2a: Lunala|Moongeist Beam|p1b: Zamazenta\n|-damage|p1b: Zamazenta|0 fnt\n|faint|p1b: Zamazenta\n|\n|-heal|p2b: Ursaluna|100\/100 brn|[from] Grassy Terrain\n|-heal|p2a: Lunala|97\/100|[from] Grassy Terrain\n|-damage|p2b: Ursaluna|95\/100 brn|[from] brn\n|upkeep\n|\n|t:|1738315728\n|switch|p1b: Urshifu|Urshifu-Rapid-Strike, L50, M, tera:Water|52\/100\n|turn|6\n|\n|t:|1738315743\n|move|p1b: Urshifu|Detect|p1b: Urshifu\n|-singleturn|p1b: Urshifu|Protect\n|move|p1a: Roaring Moon|Protect||[still]\n|-fail|p1a: Roaring Moon\n|move|p2b: Ursaluna|Facade|p1a: Roaring Moon\n|-damage|p1a: Roaring Moon|0 fnt\n|faint|p1a: Roaring Moon\n|-end|p1a: Roaring Moon|Protosynthesis|[silent]\n|move|p2a: Lunala|Moongeist Beam|p1b: Urshifu\n|-activate|p1b: Urshifu|move: Protect\n|\n|-heal|p2b: Ursaluna|100\/100 brn|[from] Grassy Terrain\n|-heal|p2a: Lunala|100\/100|[from] Grassy Terrain\n|-heal|p1b: Urshifu|58\/100|[from] Grassy Terrain\n|-damage|p2b: Ursaluna|95\/100 brn|[from] brn\n|-fieldend|move: Trick Room\n|upkeep\n|turn|7\n|\n|t:|1738315765\n|move|p1b: Urshifu|Surging Strikes|p2b: Ursaluna\n|-crit|p2b: Ursaluna\n|-damage|p2b: Ursaluna|60\/100 brn\n|-crit|p2b: Ursaluna\n|-damage|p2b: Ursaluna|21\/100 brn\n|-crit|p2b: Ursaluna\n|-damage|p2b: Ursaluna|0 fnt\n|faint|p2b: Ursaluna\n|-hitcount|p2: Ursaluna|3\n|move|p2a: Lunala|Moongeist Beam|p1b: Urshifu\n|-damage|p1b: Urshifu|0 fnt\n|faint|p1b: Urshifu\n|\n|win|huyuplan\n|raw|TomNumbers's rating: 1597 &rarr; <strong>1583<\/strong><br \/>(-14 for losing)\n|raw|huyuplan's rating: 1706 &rarr; <strong>1720<\/strong><br \/>(+14 for winning)\n|l|\u2606huyuplan\n|player|p2|\n|l|\u2606TomNumbers\n|player|p1|\n","uploadtime":1738315771,"views":24,"formatid":"gen9vgc2025regg","rating":1583,"private":0,"password":null}