{"id":"gen9vgc2025regg-2291839318","format":"[Gen 9] VGC 2025 Reg G","players":["stbai","Ayae.Hakamada"],"log":"|j|\u2606stbai\n|j|\u2606Ayae.Hakamada\n|t:|1738336268\n|gametype|doubles\n|player|p1|stbai|janitor|1637\n|player|p2|Ayae.Hakamada|skyla|1610\n|teamsize|p1|6\n|teamsize|p2|6\n|gen|9\n|tier|[Gen 9] VGC 2025 Reg G\n|rated|\n|rule|Species Clause: Limit one of each Pok\u00e9mon\n|rule|Item Clause: Limit 1 of each item\n|clearpoke\n|poke|p1|Tatsugiri, L50, M|\n|poke|p1|Latios, L50, M|\n|poke|p1|Entei, L50|\n|poke|p1|Iron Leaves, L50|\n|poke|p1|Terapagos, L50, M|\n|poke|p1|Dondozo, L50, F|\n|poke|p2|Kyogre, L50|\n|poke|p2|Tornadus, L50, M|\n|poke|p2|Urshifu-*, L50, F|\n|poke|p2|Wo-Chien, L50|\n|poke|p2|Incineroar, L50, M|\n|poke|p2|Flutter Mane, L50|\n|teampreview|4\n|inactive|Battle timer is ON: inactive players will automatically lose when time's up. (requested by Ayae.Hakamada)\n|inactive|stbai also wants the timer to be on.\n|inactive|stbai has 60 seconds left.\n|\n|t:|1738336303\n|start\n|switch|p1a: Latios|Latios, L50, M|100\/100\n|switch|p1b: Terapagos|Terapagos, L50, M|100\/100\n|switch|p2a: Flutter Mane|Flutter Mane, L50|100\/100\n|switch|p2b: Incineroar|Incineroar, L50, M|100\/100\n|-activate|p1b: Terapagos|ability: Tera Shift\n|detailschange|p1b: Terapagos|Terapagos-Terastal, L50, M\n|-heal|p1b: Terapagos|100\/100|[silent]\n|-ability|p2b: Incineroar|Intimidate|boost\n|-unboost|p1a: Latios|atk|1\n|-unboost|p1b: Terapagos|atk|1\n|-enditem|p2a: Flutter Mane|Booster Energy\n|-activate|p2a: Flutter Mane|ability: Protosynthesis|[fromitem]\n|-start|p2a: Flutter Mane|protosynthesisspe\n|turn|1\n|inactive|Ayae.Hakamada has 30 seconds left.\n|inactive|Ayae.Hakamada has 20 seconds left.\n|inactive|Ayae.Hakamada has 15 seconds left.\n|\n|t:|1738336345\n|move|p2b: Incineroar|Fake Out|p1a: Latios\n|-damage|p1a: Latios|87\/100\n|move|p2a: Flutter Mane|Taunt|p1b: Terapagos\n|-start|p1b: Terapagos|move: Taunt\n|move|p1a: Latios|Tailwind|p1a: Latios\n|-sidestart|p1: stbai|move: Tailwind\n|move|p1b: Terapagos|Tera Starstorm|p2b: Incineroar\n|-damage|p2b: Incineroar|58\/100\n|\n|upkeep\n|turn|2\n|\n|t:|1738336364\n|-terastallize|p1b: Terapagos|Stellar\n|detailschange|p1b: Terapagos|Terapagos-Stellar, L50, M, tera:Stellar\n|-heal|p1b: Terapagos|100\/100|[silent]\n|move|p1a: Latios|Luster Purge|p2a: Flutter Mane\n|-damage|p2a: Flutter Mane|62\/100\n|move|p2a: Flutter Mane|Thunder Wave|p1b: Terapagos\n|-status|p1b: Terapagos|par\n|move|p1b: Terapagos|Tera Starstorm|p2b: Incineroar|[spread] p2a,p2b\n|-damage|p2a: Flutter Mane|26\/100\n|-damage|p2b: Incineroar|26\/100\n|move|p2b: Incineroar|Knock Off|p1a: Latios\n|-supereffective|p1a: Latios\n|-damage|p1a: Latios|0 fnt\n|-enditem|p1a: Latios|Covert Cloak|[from] move: Knock Off|[of] p2b: Incineroar\n|faint|p1a: Latios\n|\n|upkeep\n|\n|t:|1738336385\n|switch|p1a: Iron Leaves|Iron Leaves, L50|100\/100\n|turn|3\n|\n|t:|1738336396\n|switch|p2b: Wo-Chien|Wo-Chien, L50|100\/100\n|-ability|p2b: Wo-Chien|Tablets of Ruin\n|move|p2a: Flutter Mane|Protect|p2a: Flutter Mane\n|-singleturn|p2a: Flutter Mane|Protect\n|move|p1a: Iron Leaves|Leaf Blade|p2a: Flutter Mane\n|-activate|p2a: Flutter Mane|move: Protect\n|cant|p1b: Terapagos|par\n|\n|-end|p1b: Terapagos|move: Taunt\n|upkeep\n|turn|4\n|\n|t:|1738336417\n|-end|p2a: Flutter Mane|Protosynthesis|[silent]\n|switch|p2a: Incineroar|Incineroar, L50, M|26\/100\n|-ability|p2a: Incineroar|Intimidate|boost\n|-unboost|p1a: Iron Leaves|atk|1\n|-unboost|p1b: Terapagos|atk|1\n|move|p1a: Iron Leaves|Sacred Sword|p2b: Wo-Chien\n|-supereffective|p2b: Wo-Chien\n|-damage|p2b: Wo-Chien|71\/100\n|-damage|p1a: Iron Leaves|84\/100|[from] item: Rocky Helmet|[of] p2b: Wo-Chien\n|-damage|p1a: Iron Leaves|75\/100|[from] item: Life Orb\n|move|p1b: Terapagos|Tera Starstorm|p2b: Wo-Chien|[spread] p2a,p2b\n|-damage|p2a: Incineroar|0 fnt\n|-damage|p2b: Wo-Chien|40\/100\n|faint|p2a: Incineroar\n|move|p2b: Wo-Chien|Pollen Puff|p2: Incineroar|[notarget]\n|-fail|p2b: Wo-Chien\n|\n|-sideend|p1: stbai|move: Tailwind\n|upkeep\n|\n|t:|1738336435\n|switch|p2a: Flutter Mane|Flutter Mane, L50|26\/100\n|turn|5\n|\n|t:|1738336454\n|-end|p1a: Iron Leaves|Quark Drive|[silent]\n|switch|p1a: Entei|Entei, L50|100\/100\n|move|p2a: Flutter Mane|Thunder Wave|p1a: Entei\n|-status|p1a: Entei|par\n|move|p2b: Wo-Chien|Pollen Puff|p1a: Entei\n|-resisted|p1a: Entei\n|-damage|p1a: Entei|93\/100 par\n|cant|p1b: Terapagos|par\n|\n|upkeep\n|turn|6\n|\n|t:|1738336472\n|move|p2b: Wo-Chien|Protect|p2b: Wo-Chien\n|-singleturn|p2b: Wo-Chien|Protect\n|move|p2a: Flutter Mane|Moonblast|p1b: Terapagos\n|-damage|p1b: Terapagos|72\/100 par\n|move|p1a: Entei|Sacred Fire|p2b: Wo-Chien\n|-activate|p2b: Wo-Chien|move: Protect\n|cant|p1b: Terapagos|par\n|\n|upkeep\n|turn|7\n|j| Pokemonmaner\n|inactive|Ayae.Hakamada has 30 seconds left.\n|inactive|Ayae.Hakamada has 20 seconds left.\n|\n|t:|1738336510\n|move|p2a: Flutter Mane|Protect|p2a: Flutter Mane\n|-singleturn|p2a: Flutter Mane|Protect\n|move|p2b: Wo-Chien|Foul Play|p1a: Entei\n|-damage|p1a: Entei|48\/100 par\n|cant|p1a: Entei|par\n|move|p1b: Terapagos|Tera Starstorm|p2b: Wo-Chien|[spread] p2b\n|-activate|p2a: Flutter Mane|move: Protect\n|-damage|p2b: Wo-Chien|10\/100\n|\n|upkeep\n|turn|8\n|\n|t:|1738336534\n|cant|p1a: Entei|par\n|move|p2a: Flutter Mane|Moonblast|p1b: Terapagos\n|-damage|p1b: Terapagos|44\/100 par\n|move|p2b: Wo-Chien|Foul Play|p1a: Entei\n|-damage|p1a: Entei|0 fnt\n|faint|p1a: Entei\n|move|p1b: Terapagos|Tera Starstorm|p2a: Flutter Mane|[spread] p2a,p2b\n|-damage|p2a: Flutter Mane|0 fnt\n|-damage|p2b: Wo-Chien|0 fnt\n|faint|p2a: Flutter Mane\n|-end|p2a: Flutter Mane|Protosynthesis|[silent]\n|faint|p2b: Wo-Chien\n|\n|upkeep\n|\n|t:|1738336554\n|switch|p1a: Iron Leaves|Iron Leaves, L50|75\/100\n|switch|p2b: Kyogre|Kyogre, L50|100\/100\n|-weather|RainDance|[from] ability: Drizzle|[of] p2b: Kyogre\n|turn|9\n|\n|t:|1738336562\n|-terastallize|p2b: Kyogre|Grass\n|move|p1a: Iron Leaves|Leaf Blade|p2b: Kyogre\n|-resisted|p2b: Kyogre\n|-damage|p2b: Kyogre|76\/100\n|-damage|p1a: Iron Leaves|65\/100|[from] item: Life Orb\n|move|p2b: Kyogre|Water Spout|p1a: Iron Leaves|[spread] p1a,p1b\n|-resisted|p1a: Iron Leaves\n|-damage|p1a: Iron Leaves|29\/100\n|-damage|p1b: Terapagos|0 fnt\n|faint|p1b: Terapagos\n|\n|-weather|RainDance|[upkeep]\n|upkeep\n|turn|10\n|\n|t:|1738336577\n|move|p1a: Iron Leaves|Psyblade|p2b: Kyogre\n|-damage|p2b: Kyogre|35\/100\n|-damage|p1a: Iron Leaves|20\/100|[from] item: Life Orb\n|move|p2b: Kyogre|Ice Beam|p1a: Iron Leaves\n|-supereffective|p1a: Iron Leaves\n|-damage|p1a: Iron Leaves|0 fnt\n|faint|p1a: Iron Leaves\n|-end|p1a: Iron Leaves|Quark Drive|[silent]\n|\n|win|Ayae.Hakamada\n|raw|stbai's rating: 1637 &rarr; <strong>1615<\/strong><br \/>(-22 for losing)\n|raw|Ayae.Hakamada's rating: 1610 &rarr; <strong>1632<\/strong><br \/>(+22 for winning)\n|l|\u2606stbai\n|player|p1|\n|l|\u2606Ayae.Hakamada\n|player|p2|\n|l| Pokemonmaner\n","uploadtime":1738336846,"views":11,"formatid":"gen9vgc2025regg","rating":1615,"private":0,"password":null}