{"id":"gen9vgc2025regg-2291654879","format":"[Gen 9] VGC 2025 Reg G","players":["Prometheus756","Futomaki0610"],"log":"|j|\u2606Prometheus756\n|j|\u2606Futomaki0610\n|t:|1738306796\n|gametype|doubles\n|player|p1|Prometheus756|gentleman-gen4dp|1556\n|player|p2|Futomaki0610|dawn|1506\n|teamsize|p1|6\n|teamsize|p2|6\n|gen|9\n|tier|[Gen 9] VGC 2025 Reg G\n|rated|\n|rule|Species Clause: Limit one of each Pok\u00e9mon\n|rule|Item Clause: Limit 1 of each item\n|clearpoke\n|poke|p1|Sableye, L50, F|\n|poke|p1|Comfey, L50, F|\n|poke|p1|Calyrex-Ice, L50|\n|poke|p1|Walking Wake, L50|\n|poke|p1|Amoonguss, L50, M|\n|poke|p1|Ditto, L50|\n|poke|p2|Calyrex-Ice, L50|\n|poke|p2|Roaring Moon, L50|\n|poke|p2|Urshifu-*, L50, F|\n|poke|p2|Ogerpon-Hearthflame, L50, F|\n|poke|p2|Landorus, L50, M|\n|poke|p2|Rillaboom, L50, M|\n|teampreview|4\n|inactive|Battle timer is ON: inactive players will automatically lose when time's up. (requested by Prometheus756)\n|\n|t:|1738306815\n|start\n|switch|p1a: Sableye|Sableye, L50, F|100\/100\n|switch|p1b: Calyrex|Calyrex-Ice, L50|100\/100\n|switch|p2a: Calyrex|Calyrex-Ice, L50|100\/100\n|switch|p2b: Ogerpon|Ogerpon-Hearthflame, L50, F|100\/100\n|-ability|p2a: Calyrex|As One\n|-ability|p2a: Calyrex|Unnerve\n|-ability|p1b: Calyrex|As One\n|-ability|p1b: Calyrex|Unnerve\n|-ability|p2b: Ogerpon|Mold Breaker\n|turn|1\n|\n|t:|1738306832\n|-terastallize|p1b: Calyrex|Water\n|move|p2b: Ogerpon|Follow Me|p2b: Ogerpon\n|-singleturn|p2b: Ogerpon|move: Follow Me\n|move|p1a: Sableye|Reflect|p1a: Sableye\n|-sidestart|p1: Prometheus756|Reflect\n|move|p1b: Calyrex|Glacial Lance|p2a: Calyrex|[spread] p2a,p2b\n|-resisted|p2a: Calyrex\n|-damage|p2a: Calyrex|86\/100\n|-damage|p2b: Ogerpon|45\/100\n|move|p2a: Calyrex|Imprison|p2a: Calyrex\n|-start|p2a: Calyrex|move: Imprison\n|\n|upkeep\n|turn|2\n|inactive|Prometheus756 has 30 seconds left.\n|inactive|Prometheus756 has 20 seconds left.\n|\n|t:|1738306869\n|switch|p1b: Walking Wake|Walking Wake, L50|100\/100\n|-enditem|p1b: Walking Wake|Booster Energy\n|-activate|p1b: Walking Wake|ability: Protosynthesis|[fromitem]\n|-start|p1b: Walking Wake|protosynthesisspa\n|move|p2b: Ogerpon|Follow Me|p2b: Ogerpon\n|-singleturn|p2b: Ogerpon|move: Follow Me\n|move|p1a: Sableye|Will-O-Wisp|p2b: Ogerpon\n|-immune|p2b: Ogerpon\n|move|p2a: Calyrex|Glacial Lance|p1a: Sableye|[spread] p1a,p1b\n|-crit|p1a: Sableye\n|-damage|p1a: Sableye|0 fnt\n|-damage|p1b: Walking Wake|66\/100\n|faint|p1a: Sableye\n|-ability|p2a: Calyrex|Chilling Neigh|boost\n|-boost|p2a: Calyrex|atk|1\n|\n|upkeep\n|\n|t:|1738306883\n|switch|p1a: Comfey|Comfey, L50, F|100\/100\n|turn|3\n|\n|t:|1738306897\n|move|p1a: Comfey|Floral Healing|p1b: Walking Wake\n|-heal|p1b: Walking Wake|100\/100\n|move|p2b: Ogerpon|Follow Me|p2b: Ogerpon\n|-singleturn|p2b: Ogerpon|move: Follow Me\n|move|p1b: Walking Wake|Flamethrower|p2b: Ogerpon\n|-damage|p2b: Ogerpon|0 fnt\n|faint|p2b: Ogerpon\n|move|p2a: Calyrex|Glacial Lance|p1a: Comfey|[spread] p1a,p1b\n|-damage|p1a: Comfey|33\/100\n|-damage|p1b: Walking Wake|45\/100\n|\n|upkeep\n|\n|t:|1738306902\n|switch|p2b: Rillaboom|Rillaboom, L50, M|100\/100\n|-fieldstart|move: Grassy Terrain|[from] ability: Grassy Surge|[of] p2b: Rillaboom\n|turn|4\n|\n|t:|1738306916\n|move|p1a: Comfey|Floral Healing|p1b: Walking Wake\n|-heal|p1b: Walking Wake|100\/100\n|move|p2b: Rillaboom|Fake Out|p1b: Walking Wake\n|-damage|p1b: Walking Wake|92\/100\n|cant|p1b: Walking Wake|flinch\n|move|p2a: Calyrex|Glacial Lance|p1b: Walking Wake|[spread] p1a,p1b\n|-damage|p1a: Comfey|0 fnt\n|-damage|p1b: Walking Wake|37\/100\n|faint|p1a: Comfey\n|-ability|p2a: Calyrex|Chilling Neigh|boost\n|-boost|p2a: Calyrex|atk|1\n|\n|-heal|p1b: Walking Wake|43\/100|[from] Grassy Terrain\n|-heal|p2a: Calyrex|92\/100|[from] Grassy Terrain\n|upkeep\n|\n|t:|1738306922\n|switch|p1a: Calyrex|Calyrex-Ice, L50, tera:Water|100\/100\n|-ability|p1a: Calyrex|As One\n|-ability|p1a: Calyrex|Unnerve\n|turn|5\n|\n|t:|1738306938\n|-terastallize|p2a: Calyrex|Fairy\n|move|p1b: Walking Wake|Flamethrower|p2a: Calyrex\n|-crit|p2a: Calyrex\n|-damage|p2a: Calyrex|48\/100\n|move|p2b: Rillaboom|Wood Hammer|p1a: Calyrex\n|-supereffective|p1a: Calyrex\n|-damage|p1a: Calyrex|43\/100\n|-damage|p2b: Rillaboom|81\/100|[from] Recoil\n|move|p2a: Calyrex|Glacial Lance|p1b: Walking Wake|[spread] p1a,p1b\n|-resisted|p1a: Calyrex\n|-damage|p1a: Calyrex|21\/100\n|-damage|p1b: Walking Wake|0 fnt\n|faint|p1b: Walking Wake\n|-end|p1b: Walking Wake|Protosynthesis|[silent]\n|-ability|p2a: Calyrex|Chilling Neigh|boost\n|-boost|p2a: Calyrex|atk|1\n|move|p1a: Calyrex|Swords Dance|p1a: Calyrex\n|-boost|p1a: Calyrex|atk|2\n|\n|-heal|p2b: Rillaboom|87\/100|[from] Grassy Terrain\n|-heal|p1a: Calyrex|27\/100|[from] Grassy Terrain\n|-heal|p2a: Calyrex|54\/100|[from] Grassy Terrain\n|upkeep\n|turn|6\n|\n|t:|1738306958\n|move|p2b: Rillaboom|Grassy Glide|p1a: Calyrex\n|-supereffective|p1a: Calyrex\n|-damage|p1a: Calyrex|0 fnt\n|faint|p1a: Calyrex\n|\n|win|Futomaki0610\n|raw|Prometheus756's rating: 1556 &rarr; <strong>1533<\/strong><br \/>(-23 for losing)\n|raw|Futomaki0610's rating: 1506 &rarr; <strong>1529<\/strong><br \/>(+23 for winning)\n|l|\u2606Prometheus756\n|player|p1|\n|l|\u2606Futomaki0610\n|player|p2|\n","uploadtime":1738307144,"views":17,"formatid":"gen9vgc2025regg","rating":1529,"private":0,"password":null}