{"id":"gen9vgc2025regg-2291166083","format":"[Gen 9] VGC 2025 Reg G","players":["meanrook","Slackermaru"],"log":"|j|\u2606meanrook\n|j|\u2606Slackermaru\n|t:|1738246785\n|gametype|doubles\n|player|p1|meanrook|ethan|1522\n|player|p2|Slackermaru|workerice|1589\n|teamsize|p1|6\n|teamsize|p2|6\n|gen|9\n|tier|[Gen 9] VGC 2025 Reg G\n|rated|\n|rule|Species Clause: Limit one of each Pok\u00e9mon\n|rule|Item Clause: Limit 1 of each item\n|clearpoke\n|poke|p1|Miraidon, L50|\n|poke|p1|Farigiraf, L50, F|\n|poke|p1|Whimsicott, L50, M|\n|poke|p1|Urshifu-*, L50, M|\n|poke|p1|Iron Hands, L50|\n|poke|p1|Entei, L50|\n|poke|p2|Calyrex-Ice, L50|\n|poke|p2|Raging Bolt, L50|\n|poke|p2|Urshifu-*, L50, F|\n|poke|p2|Landorus, L50, M|\n|poke|p2|Incineroar, L50, F|\n|poke|p2|Amoonguss, L50, M|\n|teampreview|4\n|inactive|Battle timer is ON: inactive players will automatically lose when time's up. (requested by meanrook)\n|\n|t:|1738246795\n|start\n|switch|p1a: Miraidon|Miraidon, L50|100\/100\n|switch|p1b: Farigiraf|Farigiraf, L50, F|100\/100\n|switch|p2a: Calyrex|Calyrex-Ice, L50|100\/100\n|switch|p2b: Amoonguss|Amoonguss, L50, M|100\/100\n|-ability|p2a: Calyrex|As One\n|-ability|p2a: Calyrex|Unnerve\n|-fieldstart|move: Electric Terrain|[from] ability: Hadron Engine|[of] p1a: Miraidon\n|-enditem|p1b: Farigiraf|Electric Seed\n|-boost|p1b: Farigiraf|def|1|[from] item: Electric Seed\n|turn|1\n|j| Panda Man7567\n|\n|t:|1738246809\n|-terastallize|p1a: Miraidon|Fairy\n|-terastallize|p2a: Calyrex|Fairy\n|move|p2b: Amoonguss|Rage Powder|p2b: Amoonguss\n|-singleturn|p2b: Amoonguss|move: Rage Powder\n|move|p1a: Miraidon|Dazzling Gleam|p2a: Calyrex|[spread] p2a,p2b\n|-resisted|p2b: Amoonguss\n|-damage|p2a: Calyrex|61\/100\n|-damage|p2b: Amoonguss|76\/100\n|move|p2a: Calyrex|Glacial Lance|p1b: Farigiraf|[spread] p1a,p1b\n|-damage|p1a: Miraidon|46\/100\n|-damage|p1b: Farigiraf|70\/100\n|move|p1b: Farigiraf|Psychic|p2b: Amoonguss\n|-supereffective|p2b: Amoonguss\n|-damage|p2b: Amoonguss|23\/100\n|\n|upkeep\n|turn|2\n|inactive|Slackermaru has 30 seconds left.\n|\n|t:|1738246835\n|move|p1a: Miraidon|Dazzling Gleam|p2b: Amoonguss|[spread] p2a,p2b\n|-resisted|p2b: Amoonguss\n|-damage|p2a: Calyrex|18\/100\n|-damage|p2b: Amoonguss|0 fnt\n|faint|p2b: Amoonguss\n|move|p2a: Calyrex|Glacial Lance|p1a: Miraidon|[spread] p1a,p1b\n|-damage|p1a: Miraidon|0 fnt\n|-damage|p1b: Farigiraf|39\/100\n|faint|p1a: Miraidon\n|-ability|p2a: Calyrex|Chilling Neigh|boost\n|-boost|p2a: Calyrex|atk|1\n|move|p1b: Farigiraf|Psychic|p2a: Calyrex\n|-damage|p2a: Calyrex|0 fnt\n|faint|p2a: Calyrex\n|\n|upkeep\n|\n|t:|1738246848\n|switch|p1a: Urshifu|Urshifu, L50, M|100\/100\n|switch|p2a: Landorus|Landorus, L50, M|100\/100\n|switch|p2b: Raging Bolt|Raging Bolt, L50|100\/100\n|turn|3\n|\n|t:|1738246862\n|move|p1b: Farigiraf|Helping Hand|p1a: Urshifu\n|-singleturn|p1a: Urshifu|Helping Hand|[of] p1b: Farigiraf\n|move|p2a: Landorus|Sandsear Storm|p1a: Urshifu|[spread] p1a,p1b\n|-crit|p1b: Farigiraf\n|-damage|p1a: Urshifu|18\/100\n|-damage|p1b: Farigiraf|0 fnt\n|faint|p1b: Farigiraf\n|move|p1a: Urshifu|Wicked Blow|p2a: Landorus\n|-crit|p2a: Landorus\n|-damage|p2a: Landorus|0 fnt\n|faint|p2a: Landorus\n|move|p2b: Raging Bolt|Electroweb|p1a: Urshifu\n|-damage|p1a: Urshifu|0 fnt\n|faint|p1a: Urshifu\n|\n|upkeep\n|\n|t:|1738246867\n|switch|p1b: Iron Hands|Iron Hands, L50|100\/100\n|-activate|p1b: Iron Hands|ability: Quark Drive\n|-start|p1b: Iron Hands|quarkdriveatk\n|turn|4\n|\n|t:|1738246878\n|move|p1b: Iron Hands|Fake Out|p2b: Raging Bolt\n|-damage|p2b: Raging Bolt|85\/100\n|cant|p2b: Raging Bolt|flinch\n|\n|upkeep\n|turn|5\n|\n|t:|1738246883\n|move|p2b: Raging Bolt|Dragon Pulse|p1b: Iron Hands\n|-damage|p1b: Iron Hands|74\/100\n|move|p1b: Iron Hands|Low Kick|p2b: Raging Bolt\n|-damage|p2b: Raging Bolt|13\/100\n|\n|-fieldend|move: Electric Terrain\n|-end|p1b: Iron Hands|Quark Drive\n|upkeep\n|turn|6\n|-message|Slackermaru forfeited.\n|\n|win|meanrook\n|raw|meanrook's rating: 1522 &rarr; <strong>1546<\/strong><br \/>(+24 for winning)\n|raw|Slackermaru's rating: 1589 &rarr; <strong>1565<\/strong><br \/>(-24 for losing)\n|l|\u2606Slackermaru\n|player|p2|\n|l| Panda Man7567\n|l|\u2606meanrook\n|player|p1|\n","uploadtime":1738247090,"views":9,"formatid":"gen9vgc2025regg","rating":1546,"private":0,"password":null}