{"id":"gen9vgc2025regg-2291012507","format":"[Gen 9] VGC 2025 Reg G","players":["Imnotagni","fuleya"],"log":"|j|\u2606Imnotagni\n|j|\u2606fuleya\n|t:|1738221337\n|gametype|doubles\n|player|p1|Imnotagni|policeman-gen4|1561\n|player|p2|fuleya|265|1763\n|teamsize|p1|6\n|teamsize|p2|6\n|gen|9\n|tier|[Gen 9] VGC 2025 Reg G\n|rated|\n|rule|Species Clause: Limit one of each Pok\u00e9mon\n|rule|Item Clause: Limit 1 of each item\n|clearpoke\n|poke|p1|Kyogre, L50|\n|poke|p1|Tornadus, L50, M|\n|poke|p1|Tsareena, L50, F|\n|poke|p1|Regieleki, L50|\n|poke|p1|Landorus, L50, M|\n|poke|p1|Urshifu-*, L50, M|\n|poke|p2|Muk-Alola, L50, F|\n|poke|p2|Smeargle, L50, M|\n|poke|p2|Dondozo, L50, M|\n|poke|p2|Tatsugiri, L50, M|\n|poke|p2|Flamigo, L50, F|\n|poke|p2|Calyrex-Shadow, L50|\n|teampreview|4\n|inactive|Battle timer is ON: inactive players will automatically lose when time's up. (requested by Imnotagni)\n|\n|t:|1738221349\n|start\n|switch|p1a: Tsareena|Tsareena, L50, F, shiny|100\/100\n|switch|p1b: Urshifu|Urshifu-Rapid-Strike, L50, M|100\/100\n|switch|p2a: Dondozo|Dondozo, L50, M|100\/100\n|switch|p2b: Muk|Muk-Alola, L50, F|100\/100\n|turn|1\n|\n|t:|1738221364\n|move|p2a: Dondozo|Protect|p2a: Dondozo\n|-singleturn|p2a: Dondozo|Protect\n|move|p1b: Urshifu|U-turn|p2b: Muk\n|-damage|p2b: Muk|73\/100\n|\n|t:|1738221370\n|switch|p1b: Regieleki|Regieleki, L50|100\/100|[from] U-turn\n|move|p1a: Tsareena|Taunt|p2b: Muk\n|-start|p2b: Muk|move: Taunt\n|cant|p2b: Muk|move: Taunt|Poison Gas\n|\n|-heal|p2b: Muk|79\/100|[from] item: Leftovers\n|upkeep\n|turn|2\n|inactive|Imnotagni has 30 seconds left.\n|\n|t:|1738221398\n|switch|p1a: Kyogre|Kyogre, L50, shiny|100\/100\n|-weather|RainDance|[from] ability: Drizzle|[of] p1a: Kyogre\n|switch|p2b: Tatsugiri|Tatsugiri, L50, M|100\/100\n|-activate|p2b: Tatsugiri|ability: Commander|[of] p2a: Dondozo\n|-boost|p2a: Dondozo|atk|2\n|-boost|p2a: Dondozo|spa|2\n|-boost|p2a: Dondozo|spe|2\n|-boost|p2a: Dondozo|def|2\n|-boost|p2a: Dondozo|spd|2\n|-terastallize|p2a: Dondozo|Grass\n|move|p1b: Regieleki|Thunder|p2a: Dondozo\n|-resisted|p2a: Dondozo\n|-damage|p2a: Dondozo|84\/100\n|-status|p2a: Dondozo|par\n|move|p2a: Dondozo|Order Up|p1a: Kyogre\n|-damage|p1a: Kyogre|48\/100\n|-boost|p2a: Dondozo|atk|1\n|\n|-weather|RainDance|[upkeep]\n|upkeep\n|turn|3\n|\n|t:|1738221422\n|switch|p1b: Urshifu|Urshifu-Rapid-Strike, L50, M|100\/100\n|move|p1a: Kyogre|Ice Beam|p2a: Dondozo\n|-supereffective|p2a: Dondozo\n|-damage|p2a: Dondozo|43\/100 par\n|cant|p2a: Dondozo|par\n|\n|-weather|RainDance|[upkeep]\n|upkeep\n|turn|4\n|\n|t:|1738221435\n|move|p1b: Urshifu|U-turn|p2a: Dondozo\n|-supereffective|p2a: Dondozo\n|-damage|p2a: Dondozo|18\/100 par\n|-damage|p1b: Urshifu|84\/100|[from] item: Rocky Helmet|[of] p2a: Dondozo\n|\n|t:|1738221440\n|switch|p1b: Regieleki|Regieleki, L50|100\/100|[from] U-turn\n|move|p1a: Kyogre|Ice Beam|p2a: Dondozo\n|-supereffective|p2a: Dondozo\n|-damage|p2a: Dondozo|0 fnt\n|faint|p2a: Dondozo\n|\n|-weather|RainDance|[upkeep]\n|upkeep\n|\n|t:|1738221445\n|switch|p2a: Muk|Muk-Alola, L50, F|79\/100\n|turn|5\n|\n|t:|1738221465\n|move|p1b: Regieleki|Thunder|p2a: Muk\n|-damage|p2a: Muk|22\/100\n|move|p2b: Tatsugiri|Icy Wind|p1b: Regieleki|[spread] p1a\n|-miss|p2b: Tatsugiri|p1b: Regieleki\n|-resisted|p1a: Kyogre\n|-damage|p1a: Kyogre|43\/100\n|-unboost|p1a: Kyogre|spe|1\n|move|p1a: Kyogre|Origin Pulse|p2b: Tatsugiri|[spread] p2a\n|-miss|p1a: Kyogre|p2b: Tatsugiri\n|-damage|p2a: Muk|0 fnt\n|faint|p2a: Muk\n|\n|-weather|RainDance|[upkeep]\n|upkeep\n|\n|t:|1738221469\n|switch|p2a: Calyrex|Calyrex-Shadow, L50|100\/100\n|-ability|p2a: Calyrex|As One\n|-ability|p2a: Calyrex|Unnerve\n|turn|6\n|\n|t:|1738221487\n|-terastallize|p1b: Regieleki|Ghost\n|move|p1b: Regieleki|Tera Blast|p2a: Calyrex|[anim] Tera Blast Ghost\n|-supereffective|p2a: Calyrex\n|-damage|p2a: Calyrex|0 fnt\n|faint|p2a: Calyrex\n|move|p2b: Tatsugiri|Icy Wind|p1b: Regieleki|[spread] p1a,p1b\n|-resisted|p1a: Kyogre\n|-damage|p1a: Kyogre|37\/100\n|-damage|p1b: Regieleki|73\/100\n|-unboost|p1a: Kyogre|spe|1\n|-unboost|p1b: Regieleki|spe|1\n|move|p1a: Kyogre|Origin Pulse|p2b: Tatsugiri\n|-resisted|p2b: Tatsugiri\n|-damage|p2b: Tatsugiri|60\/100\n|\n|-weather|none\n|upkeep\n|turn|7\n|-message|fuleya forfeited.\n|\n|win|Imnotagni\n|raw|Imnotagni's rating: 1561 &rarr; <strong>1591<\/strong><br \/>(+30 for winning)\n|raw|fuleya's rating: 1763 &rarr; <strong>1733<\/strong><br \/>(-30 for losing)\n|l|\u2606fuleya\n|player|p2|\n|l|\u2606Imnotagni\n|player|p1|\n","uploadtime":1738221724,"views":13,"formatid":"gen9vgc2025regg","rating":1591,"private":0,"password":null}