{"id":"gen9vgc2025regg-2291487684","format":"[Gen 9] VGC 2025 Reg G","players":["FlyAwayVGC","Bougie Oatmeal"],"log":"|j|\u2606FlyAwayVGC\n|j|\u2606Bougie Oatmeal\n|t:|1738281084\n|gametype|doubles\n|player|p1|FlyAwayVGC|beauty|1564\n|player|p2|Bougie Oatmeal|rowan|1582\n|teamsize|p1|6\n|teamsize|p2|6\n|gen|9\n|tier|[Gen 9] VGC 2025 Reg G\n|rated|\n|rule|Species Clause: Limit one of each Pok\u00e9mon\n|rule|Item Clause: Limit 1 of each item\n|clearpoke\n|poke|p1|Koraidon, L50|\n|poke|p1|Flutter Mane, L50|\n|poke|p1|Raging Bolt, L50|\n|poke|p1|Umbreon, L50, F|\n|poke|p1|Ogerpon-Cornerstone, L50, F|\n|poke|p1|Ditto, L50|\n|poke|p2|Calyrex-Shadow, L50|\n|poke|p2|Indeedee-F, L50, F|\n|poke|p2|Ogerpon-Hearthflame, L50, F|\n|poke|p2|Iron Jugulis, L50|\n|poke|p2|Iron Hands, L50|\n|poke|p2|Urshifu-*, L50, F|\n|teampreview|4\n|inactive|Battle timer is ON: inactive players will automatically lose when time's up. (requested by Bougie Oatmeal)\n|inactive|FlyAwayVGC also wants the timer to be on.\n|inactive|FlyAwayVGC has 60 seconds left.\n|\n|t:|1738281140\n|start\n|switch|p1a: Raging Bolt|Raging Bolt, L50|100\/100\n|switch|p1b: Koraidon|Koraidon, L50|100\/100\n|switch|p2a: Hallothreen|Iron Jugulis, L50|100\/100\n|switch|p2b: Arizona|Ogerpon-Hearthflame, L50, F|100\/100\n|-weather|SunnyDay|[from] ability: Orichalcum Pulse|[of] p1b: Koraidon\n|-activate|p1a: Raging Bolt|ability: Protosynthesis\n|-start|p1a: Raging Bolt|protosynthesisspa\n|-activate|p1b: Koraidon|Orichalcum Pulse|[source]\n|-ability|p2b: Arizona|Mold Breaker\n|-enditem|p2a: Hallothreen|Booster Energy\n|-activate|p2a: Hallothreen|ability: Quark Drive|[fromitem]\n|-start|p2a: Hallothreen|quarkdrivespe\n|turn|1\n|\n|t:|1738281160\n|-terastallize|p1b: Koraidon|Fire\n|-terastallize|p2b: Arizona|Fire\n|detailschange|p2b: Arizona|Ogerpon-Hearthflame-Tera, L50, F, tera:Fire\n|-ability|p2b: Arizona|Embody Aspect (Hearthflame)|boost\n|-boost|p2b: Arizona|atk|1\n|move|p2a: Hallothreen|Tailwind|p2a: Hallothreen\n|-sidestart|p2: Bougie Oatmeal|move: Tailwind\n|move|p2b: Arizona|Ivy Cudgel|p1b: Koraidon|[anim] Ivy Cudgel Fire\n|-resisted|p1b: Koraidon\n|-damage|p1b: Koraidon|36\/100\n|move|p1b: Koraidon|Flare Blitz|p2b: Arizona\n|-resisted|p2b: Arizona\n|-damage|p2b: Arizona|24\/100\n|-damage|p1b: Koraidon|10\/100|[from] Recoil\n|move|p1a: Raging Bolt|Thunderbolt|p2a: Hallothreen\n|-supereffective|p2a: Hallothreen\n|-damage|p2a: Hallothreen|0 fnt\n|faint|p2a: Hallothreen\n|-end|p2a: Hallothreen|Quark Drive|[silent]\n|\n|-weather|SunnyDay|[upkeep]\n|upkeep\n|\n|t:|1738281163\n|switch|p2a: Zoroastre|Calyrex-Shadow, L50|100\/100\n|-ability|p2a: Zoroastre|As One\n|-ability|p2a: Zoroastre|Unnerve\n|turn|2\n|inactive|FlyAwayVGC has 30 seconds left.\n|\n|t:|1738281194\n|move|p1b: Koraidon|Protect|p1b: Koraidon\n|-singleturn|p1b: Koraidon|Protect\n|move|p2a: Zoroastre|Astral Barrage|p1b: Koraidon|[spread] p1a\n|-activate|p1b: Koraidon|move: Protect\n|-damage|p1a: Raging Bolt|70\/100\n|move|p2b: Arizona|Ivy Cudgel|p1a: Raging Bolt|[anim] Ivy Cudgel Fire\n|-resisted|p1a: Raging Bolt\n|-damage|p1a: Raging Bolt|12\/100\n|move|p1a: Raging Bolt|Snarl|p2b: Arizona|[spread] p2a,p2b\n|-supereffective|p2a: Zoroastre\n|-damage|p2a: Zoroastre|28\/100\n|-damage|p2b: Arizona|4\/100\n|-unboost|p2a: Zoroastre|spa|1\n|-unboost|p2b: Arizona|spa|1\n|\n|-weather|SunnyDay|[upkeep]\n|upkeep\n|turn|3\n|c|\u2606Bougie Oatmeal|dang it\n|inactive|FlyAwayVGC has 30 seconds left.\n|\n|t:|1738281221\n|move|p2b: Arizona|Follow Me|p2b: Arizona\n|-singleturn|p2b: Arizona|move: Follow Me\n|move|p1a: Raging Bolt|Thunderclap||[still]\n|-fail|p1a: Raging Bolt\n|move|p2a: Zoroastre|Astral Barrage|p1a: Raging Bolt|[spread] p1a,p1b\n|-damage|p1a: Raging Bolt|0 fnt\n|-damage|p1b: Koraidon|0 fnt\n|faint|p1a: Raging Bolt\n|-end|p1a: Raging Bolt|Protosynthesis|[silent]\n|faint|p1b: Koraidon\n|-ability|p2a: Zoroastre|Grim Neigh|boost\n|-boost|p2a: Zoroastre|spa|2\n|\n|-weather|SunnyDay|[upkeep]\n|upkeep\n|\n|t:|1738281223\n|switch|p1b: Ditto|Ditto, L50|100\/100\n|switch|p1a: Flutter Mane|Flutter Mane, L50|100\/100\n|-transform|p1b: Ditto|p2a: Zoroastre|[from] ability: Imposter\n|-ability|p1b: Ditto|As One\n|-ability|p1b: Ditto|Unnerve\n|-activate|p1a: Flutter Mane|ability: Protosynthesis\n|-start|p1a: Flutter Mane|protosynthesisspe\n|turn|4\n|j| BragiZero\n|\n|t:|1738281235\n|move|p1a: Flutter Mane|Protect|p1a: Flutter Mane\n|-singleturn|p1a: Flutter Mane|Protect\n|move|p1b: Ditto|Protect|p1b: Ditto\n|-singleturn|p1b: Ditto|Protect\n|move|p2a: Zoroastre|Astral Barrage|p1b: Ditto|[spread] \n|-activate|p1a: Flutter Mane|move: Protect\n|-activate|p1b: Ditto|move: Protect\n|move|p2b: Arizona|Ivy Cudgel|p1a: Flutter Mane|[anim] Ivy Cudgel Fire\n|-activate|p1a: Flutter Mane|move: Protect\n|\n|-weather|SunnyDay|[upkeep]\n|-sideend|p2: Bougie Oatmeal|move: Tailwind\n|upkeep\n|turn|5\n|-message|Bougie Oatmeal forfeited.\n|\n|win|FlyAwayVGC\n|raw|FlyAwayVGC's rating: 1564 &rarr; <strong>1585<\/strong><br \/>(+21 for winning)\n|raw|Bougie Oatmeal's rating: 1582 &rarr; <strong>1561<\/strong><br \/>(-21 for losing)\n|l|\u2606Bougie Oatmeal\n|player|p2|\n|l|\u2606FlyAwayVGC\n|player|p1|\n","uploadtime":1738281444,"views":5,"formatid":"gen9vgc2025regg","rating":1561,"private":0,"password":null}