{"id":"gen9vgc2025regg-2291298106","format":"[Gen 9] VGC 2025 Reg G","players":["ZTMY ENCORE","qiin5"],"log":"|j|\u2606ZTMY ENCORE\n|j|\u2606qiin5\n|t:|1738260288\n|gametype|doubles\n|player|p1|ZTMY ENCORE|101|1798\n|player|p2|qiin5|169|1682\n|teamsize|p1|6\n|teamsize|p2|6\n|gen|9\n|tier|[Gen 9] VGC 2025 Reg G\n|rated|\n|rule|Species Clause: Limit one of each Pok\u00e9mon\n|rule|Item Clause: Limit 1 of each item\n|clearpoke\n|poke|p1|Terapagos, L50, M|\n|poke|p1|Smeargle, L50, F|\n|poke|p1|Tornadus, L50, M|\n|poke|p1|Ogerpon-Hearthflame, L50, F|\n|poke|p1|Dondozo, L50, F|\n|poke|p1|Tatsugiri-Droopy, L50, F|\n|poke|p2|Incineroar, L50, M|\n|poke|p2|Rillaboom, L50, M|\n|poke|p2|Urshifu-*, L50, F|\n|poke|p2|Kyogre, L50|\n|poke|p2|Amoonguss, L50, M|\n|poke|p2|Roaring Moon, L50|\n|teampreview|4\n|j| stewpeed\n|\n|t:|1738260329\n|start\n|switch|p1a: Terapagos|Terapagos, L50, M|100\/100\n|switch|p1b: Smeargle|Smeargle, L50, F|100\/100\n|switch|p2a: Urshifu|Urshifu-Rapid-Strike, L50, F|100\/100\n|switch|p2b: Roaring Moon|Roaring Moon, L50|100\/100\n|-activate|p1a: Terapagos|ability: Tera Shift\n|detailschange|p1a: Terapagos|Terapagos-Terastal, L50, M\n|-heal|p1a: Terapagos|100\/100|[silent]\n|-enditem|p2b: Roaring Moon|Booster Energy\n|-activate|p2b: Roaring Moon|ability: Protosynthesis|[fromitem]\n|-start|p2b: Roaring Moon|protosynthesisspe\n|turn|1\n|j| mentalrofl\n|\n|t:|1738260351\n|move|p1b: Smeargle|Fake Out|p2a: Urshifu\n|-damage|p2a: Urshifu|95\/100\n|move|p2b: Roaring Moon|Knock Off|p1a: Terapagos\n|-activate|p1a: Terapagos|ability: Tera Shell\n|-resisted|p1a: Terapagos\n|-damage|p1a: Terapagos|78\/100\n|-enditem|p1a: Terapagos|Choice Specs|[from] move: Knock Off|[of] p2b: Roaring Moon\n|cant|p2a: Urshifu|flinch\n|move|p1a: Terapagos|Dazzling Gleam|p2b: Roaring Moon|[spread] p2a,p2b\n|-supereffective|p2a: Urshifu\n|-supereffective|p2b: Roaring Moon\n|-damage|p2a: Urshifu|42\/100\n|-damage|p2b: Roaring Moon|29\/100\n|\n|-ability|p1b: Smeargle|Moody|boost\n|-boost|p1b: Smeargle|spe|2\n|-unboost|p1b: Smeargle|spa|1\n|upkeep\n|turn|2\n|\n|t:|1738260374\n|move|p2b: Roaring Moon|Tailwind|p2b: Roaring Moon\n|-sidestart|p2: qiin5|move: Tailwind\n|move|p2a: Urshifu|Close Combat|p1a: Terapagos\n|-supereffective|p1a: Terapagos\n|-damage|p1a: Terapagos|0 fnt\n|-unboost|p2a: Urshifu|def|1\n|-unboost|p2a: Urshifu|spd|1\n|faint|p1a: Terapagos\n|move|p1b: Smeargle|Spore|p2a: Urshifu\n|-status|p2a: Urshifu|slp|[from] move: Spore\n|\n|-ability|p1b: Smeargle|Moody|boost\n|-boost|p1b: Smeargle|atk|2\n|-unboost|p1b: Smeargle|spd|1\n|upkeep\n|\n|t:|1738260380\n|switch|p1a: Tornadus|Tornadus, L50, M|100\/100\n|turn|3\n|\n|t:|1738260401\n|move|p2b: Roaring Moon|Knock Off|p1b: Smeargle\n|-crit|p1b: Smeargle\n|-enditem|p1b: Smeargle|Focus Sash\n|-damage|p1b: Smeargle|1\/100\n|cant|p2a: Urshifu|slp\n|move|p1b: Smeargle|Decorate|p1a: Tornadus\n|-boost|p1a: Tornadus|atk|2\n|-boost|p1a: Tornadus|spa|2\n|move|p1a: Tornadus|Bleakwind Storm|p2a: Urshifu|[spread] p2a,p2b\n|-supereffective|p2a: Urshifu\n|-damage|p2a: Urshifu|0 fnt\n|-damage|p2b: Roaring Moon|0 fnt\n|faint|p2a: Urshifu\n|faint|p2b: Roaring Moon\n|-end|p2b: Roaring Moon|Protosynthesis|[silent]\n|\n|-ability|p1b: Smeargle|Moody|boost\n|-boost|p1b: Smeargle|spd|2\n|-unboost|p1b: Smeargle|def|1\n|upkeep\n|\n|t:|1738260405\n|switch|p2b: Kyogre|Kyogre, L50|100\/100\n|switch|p2a: Amoonguss|Amoonguss, L50, M|100\/100\n|-weather|RainDance|[from] ability: Drizzle|[of] p2b: Kyogre\n|turn|4\n|\n|t:|1738260434\n|-terastallize|p2a: Amoonguss|Fairy\n|move|p1b: Smeargle|Spore|p2b: Kyogre\n|-status|p2b: Kyogre|slp|[from] move: Spore\n|cant|p2b: Kyogre|slp\n|move|p1a: Tornadus|Bleakwind Storm|p2a: Amoonguss|[spread] p2a,p2b\n|-damage|p2a: Amoonguss|43\/100\n|-damage|p2b: Kyogre|57\/100 slp\n|move|p2a: Amoonguss|Spore|p1a: Tornadus\n|-status|p1a: Tornadus|slp|[from] move: Spore\n|\n|-weather|RainDance|[upkeep]\n|-heal|p2b: Kyogre|63\/100 slp|[from] item: Leftovers\n|-ability|p1b: Smeargle|Moody|boost\n|-boost|p1b: Smeargle|spa|2\n|-unboost|p1b: Smeargle|spe|1\n|upkeep\n|turn|5\n|\n|t:|1738260449\n|move|p2a: Amoonguss|Protect|p2a: Amoonguss\n|-singleturn|p2a: Amoonguss|Protect\n|cant|p2b: Kyogre|slp\n|move|p1b: Smeargle|Spore|p2a: Amoonguss\n|-activate|p2a: Amoonguss|move: Protect\n|cant|p1a: Tornadus|slp\n|\n|-weather|RainDance|[upkeep]\n|-heal|p2b: Kyogre|69\/100 slp|[from] item: Leftovers\n|-sideend|p2: qiin5|move: Tailwind\n|-ability|p1b: Smeargle|Moody|boost\n|-boost|p1b: Smeargle|spd|2\n|-unboost|p1b: Smeargle|atk|1\n|upkeep\n|turn|6\n|\n|t:|1738260460\n|move|p1b: Smeargle|Spore|p2a: Amoonguss\n|-status|p2a: Amoonguss|slp|[from] move: Spore\n|cant|p1a: Tornadus|slp\n|-curestatus|p2b: Kyogre|slp|[msg]\n|move|p2b: Kyogre|Origin Pulse|p1a: Tornadus|[spread] p1a\n|-miss|p2b: Kyogre|p1b: Smeargle\n|-damage|p1a: Tornadus|23\/100 slp\n|cant|p2a: Amoonguss|slp\n|\n|-weather|RainDance|[upkeep]\n|-heal|p2b: Kyogre|75\/100|[from] item: Leftovers\n|-ability|p1b: Smeargle|Moody|boost\n|-boost|p1b: Smeargle|spa|2\n|-unboost|p1b: Smeargle|spe|1\n|upkeep\n|turn|7\n|\n|t:|1738260473\n|cant|p2a: Amoonguss|slp\n|cant|p1a: Tornadus|slp\n|move|p1b: Smeargle|Spore|p2b: Kyogre\n|-status|p2b: Kyogre|slp|[from] move: Spore\n|cant|p2b: Kyogre|slp\n|\n|-weather|RainDance|[upkeep]\n|-heal|p2b: Kyogre|82\/100 slp|[from] item: Leftovers\n|-ability|p1b: Smeargle|Moody|boost\n|-boost|p1b: Smeargle|def|2\n|-unboost|p1b: Smeargle|spa|1\n|upkeep\n|turn|8\n|-message|qiin5 forfeited.\n|\n|win|ZTMY ENCORE\n|raw|ZTMY ENCORE's rating: 1798 &rarr; <strong>1812<\/strong><br \/>(+14 for winning)\n|raw|qiin5's rating: 1682 &rarr; <strong>1668<\/strong><br \/>(-14 for losing)\n|l|\u2606qiin5\n|player|p2|\n|l| stewpeed\n|l|\u2606ZTMY ENCORE\n|player|p1|\n|l| mentalrofl\n","uploadtime":1738260721,"views":63,"formatid":"gen9vgc2025regg","rating":1668,"private":0,"password":null}