{"id":"gen9vgc2025regg-2291005553","format":"[Gen 9] VGC 2025 Reg G","players":["fuleya","aceatelle"],"log":"|j|\u2606fuleya\n|j|\u2606aceatelle\n|t:|1738219887\n|gametype|doubles\n|player|p1|fuleya|265|1686\n|player|p2|aceatelle|guitarist|1726\n|teamsize|p1|6\n|teamsize|p2|6\n|gen|9\n|tier|[Gen 9] VGC 2025 Reg G\n|rated|\n|rule|Species Clause: Limit one of each Pok\u00e9mon\n|rule|Item Clause: Limit 1 of each item\n|clearpoke\n|poke|p1|Tornadus, L50, M|\n|poke|p1|Calyrex-Shadow, L50|\n|poke|p1|Urshifu-*, L50, F|\n|poke|p1|Farigiraf, L50, F|\n|poke|p1|Clefairy, L50, M|\n|poke|p1|Ogerpon-Cornerstone, L50, F|\n|poke|p2|Calyrex-Ice, L50|\n|poke|p2|Raging Bolt, L50|\n|poke|p2|Ogerpon-Cornerstone, L50, F|\n|poke|p2|Landorus, L50, M|\n|poke|p2|Incineroar, L50, F|\n|poke|p2|Pelipper, L50, F|\n|teampreview|4\n|c|\u2606aceatelle|glhf!\n|\n|t:|1738219958\n|start\n|switch|p1a: Urshifu|Urshifu, L50, F|100\/100\n|switch|p1b: Clefairy|Clefairy, L50, M|100\/100\n|switch|p2a: Landorus|Landorus, L50, M|100\/100\n|switch|p2b: Pelipper|Pelipper, L50, F|100\/100\n|-weather|RainDance|[from] ability: Drizzle|[of] p2b: Pelipper\n|turn|1\n|j| Wheeel\n|\n|t:|1738219987\n|move|p2b: Pelipper|Helping Hand|p2a: Landorus\n|-singleturn|p2a: Landorus|Helping Hand|[of] p2b: Pelipper\n|move|p1a: Urshifu|Detect|p1a: Urshifu\n|-singleturn|p1a: Urshifu|Protect\n|move|p2a: Landorus|Sandsear Storm|p1b: Clefairy|[spread] p1b\n|-activate|p1a: Urshifu|move: Protect\n|-damage|p1b: Clefairy|38\/100\n|move|p1b: Clefairy|Icy Wind|p2a: Landorus|[spread] p2a,p2b\n|-supereffective|p2a: Landorus\n|-damage|p2a: Landorus|69\/100\n|-damage|p2b: Pelipper|89\/100\n|-unboost|p2a: Landorus|spe|1\n|-unboost|p2b: Pelipper|spe|1\n|\n|-weather|RainDance|[upkeep]\n|upkeep\n|turn|2\n|\n|t:|1738220016\n|move|p1b: Clefairy|Follow Me|p1b: Clefairy\n|-singleturn|p1b: Clefairy|move: Follow Me\n|move|p2a: Landorus|Sandsear Storm|p1a: Urshifu|[spread] p1a,p1b\n|-damage|p1a: Urshifu|47\/100\n|-damage|p1b: Clefairy|0 fnt\n|faint|p1b: Clefairy\n|move|p1a: Urshifu|Wicked Blow|p2a: Landorus\n|-crit|p2a: Landorus\n|-damage|p2a: Landorus|0 fnt\n|faint|p2a: Landorus\n|move|p2b: Pelipper|Hurricane|p1a: Urshifu\n|-supereffective|p1a: Urshifu\n|-crit|p1a: Urshifu\n|-damage|p1a: Urshifu|0 fnt\n|faint|p1a: Urshifu\n|\n|-weather|RainDance|[upkeep]\n|upkeep\n|\n|t:|1738220026\n|switch|p2a: Calyrex|Calyrex-Ice, L50|100\/100\n|switch|p1a: Tornadus|Tornadus, L50, M|100\/100\n|switch|p1b: Calyrex|Calyrex-Shadow, L50|100\/100\n|-ability|p1b: Calyrex|As One\n|-ability|p1b: Calyrex|Unnerve\n|-ability|p2a: Calyrex|As One\n|-ability|p2a: Calyrex|Unnerve\n|turn|3\n|\n|t:|1738220037\n|-terastallize|p1b: Calyrex|Ghost\n|move|p2b: Pelipper|Wide Guard|p2b: Pelipper\n|-singleturn|p2b: Pelipper|Wide Guard\n|move|p1a: Tornadus|Taunt|p2b: Pelipper\n|-start|p2b: Pelipper|move: Taunt\n|move|p1b: Calyrex|Shadow Ball|p2a: Calyrex\n|-supereffective|p2a: Calyrex\n|-damage|p2a: Calyrex|0 fnt\n|faint|p2a: Calyrex\n|-ability|p1b: Calyrex|Grim Neigh|boost\n|-boost|p1b: Calyrex|spa|1\n|\n|-weather|RainDance|[upkeep]\n|upkeep\n|\n|t:|1738220046\n|switch|p2a: Incineroar|Incineroar, L50, F|100\/100\n|-ability|p2a: Incineroar|Intimidate|boost\n|-unboost|p1a: Tornadus|atk|1\n|-unboost|p1b: Calyrex|atk|1\n|turn|4\n|\n|t:|1738220058\n|move|p1b: Calyrex|Shadow Ball|p2b: Pelipper\n|-damage|p2b: Pelipper|0 fnt\n|faint|p2b: Pelipper\n|-ability|p1b: Calyrex|Grim Neigh|boost\n|-boost|p1b: Calyrex|spa|1\n|move|p1a: Tornadus|Bleakwind Storm|p2a: Incineroar\n|-damage|p2a: Incineroar|64\/100\n|-unboost|p2a: Incineroar|spe|1\n|move|p2a: Incineroar|Knock Off|p1b: Calyrex\n|-supereffective|p1b: Calyrex\n|-damage|p1b: Calyrex|2\/100\n|-enditem|p1b: Calyrex|Choice Specs|[from] move: Knock Off|[of] p2a: Incineroar\n|\n|-weather|RainDance|[upkeep]\n|upkeep\n|turn|5\n|c|\u2606aceatelle|ouch\n|c|\u2606aceatelle|I had a good roll there\n|c|\u2606aceatelle|gg\n|-message|aceatelle forfeited.\n|\n|win|fuleya\n|raw|fuleya's rating: 1686 &rarr; <strong>1708<\/strong><br \/>(+22 for winning)\n|raw|aceatelle's rating: 1726 &rarr; <strong>1704<\/strong><br \/>(-22 for losing)\n|l|\u2606aceatelle\n|player|p2|\n|l|\u2606fuleya\n|player|p1|\n|l| Wheeel\n","uploadtime":1738220330,"views":63,"formatid":"gen9vgc2025regg","rating":1704,"private":0,"password":null}