{"id":"gen9vgc2025regg-2291146800","format":"[Gen 9] VGC 2025 Reg G","players":["Light0z","seagel"],"log":"|j|\u2606Light0z\n|j|\u2606seagel\n|t:|1738244415\n|gametype|doubles\n|player|p1|Light0z|blue-gen2|1606\n|player|p2|seagel|dawn-gen4pt|1585\n|teamsize|p1|6\n|teamsize|p2|6\n|gen|9\n|tier|[Gen 9] VGC 2025 Reg G\n|rated|\n|rule|Species Clause: Limit one of each Pok\u00e9mon\n|rule|Item Clause: Limit 1 of each item\n|clearpoke\n|poke|p1|Gouging Fire, L50|\n|poke|p1|Urshifu-*, L50, F|\n|poke|p1|Chien-Pao, L50|\n|poke|p1|Raging Bolt, L50|\n|poke|p1|Volcarona, L50, M|\n|poke|p1|Groudon, L50|\n|poke|p2|Calyrex-Shadow, L50|\n|poke|p2|Weezing-Galar, L50, F|\n|poke|p2|Dondozo, L50, M|\n|poke|p2|Tatsugiri, L50, F|\n|poke|p2|Iron Hands, L50|\n|poke|p2|Indeedee-F, L50, F|\n|teampreview|4\n|\n|t:|1738244481\n|start\n|switch|p1a: Groudon|Groudon, L50|100\/100\n|switch|p1b: Gouging Fire|Gouging Fire, L50|100\/100\n|switch|p2a: Calyrex|Calyrex-Shadow, L50|100\/100\n|switch|p2b: Indeedee|Indeedee-F, L50, F|100\/100\n|-ability|p2a: Calyrex|As One\n|-ability|p2a: Calyrex|Unnerve\n|-weather|SunnyDay|[from] ability: Drought|[of] p1a: Groudon\n|-activate|p1b: Gouging Fire|ability: Protosynthesis\n|-start|p1b: Gouging Fire|protosynthesisspe\n|-fieldstart|move: Psychic Terrain|[from] ability: Psychic Surge|[of] p2b: Indeedee\n|turn|1\n|j| vgcvillains\n|\n|t:|1738244499\n|move|p2b: Indeedee|Helping Hand|p2a: Calyrex\n|-singleturn|p2a: Calyrex|Helping Hand|[of] p2b: Indeedee\n|move|p1b: Gouging Fire|Howl|p1b: Gouging Fire|[spread] p1a,p1b\n|-boost|p1a: Groudon|atk|1\n|-boost|p1b: Gouging Fire|atk|1\n|move|p2a: Calyrex|Expanding Force|p1a: Groudon|[spread] p1a,p1b\n|-damage|p1a: Groudon|6\/100\n|-damage|p1b: Gouging Fire|0 fnt\n|faint|p1b: Gouging Fire\n|-end|p1b: Gouging Fire|Protosynthesis|[silent]\n|-ability|p2a: Calyrex|Grim Neigh|boost\n|-boost|p2a: Calyrex|spa|1\n|move|p1a: Groudon|Precipice Blades|p2a: Calyrex|[spread] p2a,p2b\n|-damage|p2a: Calyrex|0 fnt\n|-damage|p2b: Indeedee|22\/100\n|faint|p2a: Calyrex\n|\n|-weather|SunnyDay|[upkeep]\n|upkeep\n|\n|t:|1738244513\n|switch|p2a: Dondozo|Dondozo, L50, M|100\/100\n|switch|p1b: Volcarona|Volcarona, L50, M|100\/100\n|turn|2\n|\n|t:|1738244529\n|switch|p2b: Tatsugiri|Tatsugiri, L50, F|100\/100\n|-activate|p2b: Tatsugiri|ability: Commander|[of] p2a: Dondozo\n|-boost|p2a: Dondozo|atk|2\n|-boost|p2a: Dondozo|spa|2\n|-boost|p2a: Dondozo|spe|2\n|-boost|p2a: Dondozo|def|2\n|-boost|p2a: Dondozo|spd|2\n|move|p2a: Dondozo|Earthquake|p1b: Volcarona|[spread] p1a,p1b\n|-miss|p2a: Dondozo|p2b: Tatsugiri\n|-damage|p1a: Groudon|0 fnt\n|-damage|p1b: Volcarona|59\/100\n|faint|p1a: Groudon\n|move|p1b: Volcarona|Tailwind|p1b: Volcarona\n|-sidestart|p1: Light0z|move: Tailwind\n|\n|-weather|SunnyDay|[upkeep]\n|upkeep\n|\n|t:|1738244538\n|switch|p1a: Urshifu|Urshifu, L50, F|100\/100\n|turn|3\n|\n|t:|1738244549\n|-terastallize|p1a: Urshifu|Dark\n|move|p1a: Urshifu|Wicked Blow|p2a: Dondozo\n|-crit|p2a: Dondozo\n|-damage|p2a: Dondozo|28\/100\n|move|p1b: Volcarona|Will-O-Wisp|p2a: Dondozo\n|-status|p2a: Dondozo|brn\n|move|p2a: Dondozo|Body Press|p1a: Urshifu\n|-supereffective|p1a: Urshifu\n|-damage|p1a: Urshifu|40\/100\n|\n|-weather|SunnyDay|[upkeep]\n|-heal|p2a: Dondozo|34\/100 brn|[from] item: Leftovers\n|-damage|p2a: Dondozo|28\/100 brn|[from] brn\n|upkeep\n|turn|4\n|\n|t:|1738244565\n|move|p1a: Urshifu|Wicked Blow|p2a: Dondozo\n|-crit|p2a: Dondozo\n|-damage|p2a: Dondozo|0 fnt\n|faint|p2a: Dondozo\n|move|p1b: Volcarona|Heat Wave|p2b: Tatsugiri|[miss]\n|-miss|p1b: Volcarona|p2b: Tatsugiri\n|\n|-weather|SunnyDay|[upkeep]\n|upkeep\n|\n|t:|1738244574\n|switch|p2a: Indeedee|Indeedee-F, L50, F|22\/100\n|turn|5\n|\n|t:|1738244595\n|move|p2a: Indeedee|Follow Me|p2a: Indeedee\n|-singleturn|p2a: Indeedee|move: Follow Me\n|move|p1a: Urshifu|Wicked Blow|p2a: Indeedee\n|-supereffective|p2a: Indeedee\n|-crit|p2a: Indeedee\n|-damage|p2a: Indeedee|0 fnt\n|-damage|p1a: Urshifu|24\/100|[from] item: Rocky Helmet|[of] p2a: Indeedee\n|faint|p2a: Indeedee\n|move|p1b: Volcarona|Heat Wave|p2b: Tatsugiri\n|-resisted|p2b: Tatsugiri\n|-damage|p2b: Tatsugiri|80\/100\n|move|p2b: Tatsugiri|Icy Wind|p1b: Volcarona|[spread] p1a,p1b\n|-resisted|p1b: Volcarona\n|-damage|p1a: Urshifu|3\/100\n|-damage|p1b: Volcarona|53\/100\n|-unboost|p1a: Urshifu|spe|1\n|-unboost|p1b: Volcarona|spe|1\n|\n|-weather|none\n|-sideend|p1: Light0z|move: Tailwind\n|-fieldend|move: Psychic Terrain\n|upkeep\n|turn|6\n|\n|t:|1738244611\n|move|p1b: Volcarona|Rage Powder|p1b: Volcarona\n|-singleturn|p1b: Volcarona|move: Rage Powder\n|move|p2b: Tatsugiri|Icy Wind|p1b: Volcarona|[spread] p1a,p1b\n|-resisted|p1b: Volcarona\n|-damage|p1a: Urshifu|0 fnt\n|-damage|p1b: Volcarona|47\/100\n|-unboost|p1b: Volcarona|spe|1\n|faint|p1a: Urshifu\n|\n|upkeep\n|turn|7\n|-message|Light0z forfeited.\n|\n|win|seagel\n|raw|Light0z's rating: 1606 &rarr; <strong>1585<\/strong><br \/>(-21 for losing)\n|raw|seagel's rating: 1585 &rarr; <strong>1606<\/strong><br \/>(+21 for winning)\n|l|\u2606Light0z\n|player|p1|\n|l|\u2606seagel\n|player|p2|\n|l| vgcvillains\n","uploadtime":1738244884,"views":17,"formatid":"gen9vgc2025regg","rating":1585,"private":0,"password":null}