{"id":"gen9vgc2025regg-2291132076","format":"[Gen 9] VGC 2025 Reg G","players":["abc11451419198","meiose"],"log":"|j|\u203dabc11451419198\n|j|\u2606meiose\n|t:|1738242484\n|gametype|doubles\n|player|p1|abc11451419198|170|1547\n|player|p2|meiose|schoolkid-gen4|1525\n|teamsize|p1|6\n|teamsize|p2|6\n|gen|9\n|tier|[Gen 9] VGC 2025 Reg G\n|rated|\n|rule|Species Clause: Limit one of each Pok\u00e9mon\n|rule|Item Clause: Limit 1 of each item\n|clearpoke\n|poke|p1|Whimsicott, L50, M|\n|poke|p1|Farigiraf, L50, M|\n|poke|p1|Kyogre, L50|\n|poke|p1|Ursaluna, L50, M|\n|poke|p1|Indeedee-F, L50, F|\n|poke|p1|Iron Bundle, L50|\n|poke|p2|Calyrex-Shadow, L50|\n|poke|p2|Ting-Lu, L50|\n|poke|p2|Dondozo, L50, M|\n|poke|p2|Urshifu-*, L50, M|\n|poke|p2|Ogerpon-Hearthflame, L50, F|\n|poke|p2|Whimsicott, L50, M|\n|teampreview|4\n|j| opnew\n|\n|t:|1738242558\n|start\n|switch|p1a: Iron Bundle|Iron Bundle, L50, shiny|100\/100\n|switch|p1b: Whimsicott|Whimsicott, L50, M, shiny|100\/100\n|switch|p2a: Urshifu|Urshifu, L50, M|100\/100\n|switch|p2b: Ting-Lu|Ting-Lu, L50|100\/100\n|-ability|p2b: Ting-Lu|Vessel of Ruin\n|turn|1\n|\n|t:|1738242622\n|switch|p2a: Dondozo|Dondozo, L50, M|100\/100\n|-terastallize|p2b: Ting-Lu|Fairy\n|move|p1b: Whimsicott|Tailwind|p1b: Whimsicott\n|-sidestart|p1: abc11451419198|move: Tailwind\n|move|p1a: Iron Bundle|Icy Wind|p2b: Ting-Lu|[spread] p2a,p2b\n|-resisted|p2a: Dondozo\n|-damage|p2a: Dondozo|93\/100\n|-damage|p2b: Ting-Lu|88\/100\n|-unboost|p2a: Dondozo|spe|1\n|-unboost|p2b: Ting-Lu|spe|1\n|-damage|p1a: Iron Bundle|91\/100|[from] item: Life Orb\n|move|p2b: Ting-Lu|Sand Tomb|p1a: Iron Bundle\n|-damage|p1a: Iron Bundle|72\/100\n|-activate|p1a: Iron Bundle|move: Sand Tomb|[of] p2b: Ting-Lu\n|\n|-heal|p2a: Dondozo|99\/100|[from] item: Leftovers\n|-damage|p1a: Iron Bundle|60\/100|[from] move: Sand Tomb|[partiallytrapped]\n|upkeep\n|turn|2\n|j| Pokuchu3\n|\n|t:|1738242659\n|move|p1b: Whimsicott|Encore|p2b: Ting-Lu\n|-start|p2b: Ting-Lu|Encore\n|move|p1a: Iron Bundle|Freeze-Dry|p2a: Dondozo\n|-supereffective|p2a: Dondozo\n|-damage|p2a: Dondozo|52\/100\n|-damage|p1a: Iron Bundle|50\/100|[from] item: Life Orb\n|move|p2b: Ting-Lu|Sand Tomb|p1a: Iron Bundle|[miss]\n|-miss|p2b: Ting-Lu|p1a: Iron Bundle\n|move|p2a: Dondozo|Yawn|p1a: Iron Bundle\n|-start|p1a: Iron Bundle|move: Yawn|[of] p2a: Dondozo\n|\n|-heal|p2a: Dondozo|59\/100|[from] item: Leftovers\n|-damage|p1a: Iron Bundle|38\/100|[from] move: Sand Tomb|[partiallytrapped]\n|upkeep\n|turn|3\n|\n|t:|1738242694\n|move|p2a: Dondozo|Protect|p2a: Dondozo\n|-singleturn|p2a: Dondozo|Protect\n|move|p1a: Iron Bundle|Freeze-Dry|p2a: Dondozo\n|-activate|p2a: Dondozo|move: Protect\n|move|p1b: Whimsicott|Moonblast|p2a: Dondozo\n|-activate|p2a: Dondozo|move: Protect\n|move|p2b: Ting-Lu|Sand Tomb|p1b: Whimsicott|[miss]\n|-miss|p2b: Ting-Lu|p1b: Whimsicott\n|\n|-heal|p2a: Dondozo|65\/100|[from] item: Leftovers\n|-damage|p1a: Iron Bundle|26\/100|[from] move: Sand Tomb|[partiallytrapped]\n|-end|p1a: Iron Bundle|move: Yawn|[silent]\n|-status|p1a: Iron Bundle|slp\n|upkeep\n|turn|4\n|j| Mukmogs\n|l| Mukmogs\n|\n|t:|1738242742\n|cant|p1a: Iron Bundle|slp\n|move|p1b: Whimsicott|Moonblast|p2a: Dondozo\n|-damage|p2a: Dondozo|50\/100\n|move|p2b: Ting-Lu|Sand Tomb|p1b: Whimsicott\n|-resisted|p1b: Whimsicott\n|-damage|p1b: Whimsicott|92\/100\n|-activate|p1b: Whimsicott|move: Sand Tomb|[of] p2b: Ting-Lu\n|-enditem|p1b: Whimsicott|Eject Button\n|\n|t:|1738242753\n|switch|p1b: Ursaluna|Ursaluna, L50, M|100\/100\n|move|p2a: Dondozo|Yawn|p1b: Ursaluna\n|-start|p1b: Ursaluna|move: Yawn|[of] p2a: Dondozo\n|\n|-heal|p2a: Dondozo|56\/100|[from] item: Leftovers\n|-damage|p1a: Iron Bundle|13\/100 slp|[from] move: Sand Tomb|[partiallytrapped]\n|-end|p2b: Ting-Lu|Encore\n|-sideend|p1: abc11451419198|move: Tailwind\n|-status|p1b: Ursaluna|brn|[from] item: Flame Orb\n|upkeep\n|turn|5\n|\n|t:|1738242792\n|switch|p2a: Calyrex|Calyrex-Shadow, L50|100\/100\n|-ability|p2a: Calyrex|As One\n|-ability|p2a: Calyrex|Unnerve\n|-terastallize|p1b: Ursaluna|Ground\n|cant|p1a: Iron Bundle|slp\n|move|p1b: Ursaluna|Earthquake|p2b: Ting-Lu|[spread] p1a,p2a,p2b\n|-damage|p1a: Iron Bundle|0 fnt\n|-damage|p2a: Calyrex|2\/100\n|-damage|p2b: Ting-Lu|47\/100\n|faint|p1a: Iron Bundle\n|-end|p1a: Iron Bundle|Quark Drive|[silent]\n|move|p2b: Ting-Lu|Ruination|p1b: Ursaluna\n|-damage|p1b: Ursaluna|51\/100 brn\n|\n|-damage|p1b: Ursaluna|45\/100 brn|[from] brn\n|-end|p1b: Ursaluna|move: Yawn|[silent]\n|upkeep\n|\n|t:|1738242810\n|switch|p1a: Whimsicott|Whimsicott, L50, M, shiny|92\/100\n|turn|6\n|\n|t:|1738242822\n|move|p1b: Ursaluna|Protect|p1b: Ursaluna\n|-singleturn|p1b: Ursaluna|Protect\n|move|p1a: Whimsicott|Tailwind|p1a: Whimsicott\n|-sidestart|p1: abc11451419198|move: Tailwind\n|move|p2a: Calyrex|Astral Barrage|p1a: Whimsicott|[spread] p1a\n|-activate|p1b: Ursaluna|move: Protect\n|-damage|p1a: Whimsicott|38\/100\n|-damage|p2a: Calyrex|0 fnt|[from] item: Life Orb\n|faint|p2a: Calyrex\n|move|p2b: Ting-Lu|Ruination|p1a: Whimsicott\n|-damage|p1a: Whimsicott|19\/100\n|\n|-damage|p1b: Ursaluna|39\/100 brn|[from] brn\n|upkeep\n|\n|t:|1738242834\n|switch|p2a: Urshifu|Urshifu, L50, M|100\/100\n|turn|7\n|\n|t:|1738242857\n|move|p2a: Urshifu|Detect|p2a: Urshifu\n|-singleturn|p2a: Urshifu|Protect\n|move|p1a: Whimsicott|Moonblast|p2a: Urshifu\n|-activate|p2a: Urshifu|move: Protect\n|move|p1b: Ursaluna|Facade|p2b: Ting-Lu\n|-damage|p2b: Ting-Lu|0 fnt\n|-damage|p1b: Ursaluna|22\/100 brn|[from] item: Rocky Helmet|[of] p2b: Ting-Lu\n|faint|p2b: Ting-Lu\n|\n|-damage|p1b: Ursaluna|17\/100 brn|[from] brn\n|upkeep\n|\n|t:|1738242860\n|switch|p2b: Dondozo|Dondozo, L50, M|56\/100\n|turn|8\n|\n|t:|1738242900\n|move|p2a: Urshifu|Sucker Punch|p1b: Ursaluna\n|-damage|p1b: Ursaluna|0 fnt\n|faint|p1b: Ursaluna\n|move|p1a: Whimsicott|Moonblast|p2a: Urshifu\n|-supereffective|p2a: Urshifu\n|-enditem|p2a: Urshifu|Focus Sash\n|-damage|p2a: Urshifu|1\/100\n|move|p2b: Dondozo|Wave Crash|p1a: Whimsicott\n|-resisted|p1a: Whimsicott\n|-damage|p1a: Whimsicott|0 fnt\n|faint|p1a: Whimsicott\n|-damage|p2b: Dondozo|52\/100|[from] Recoil\n|\n|-heal|p2b: Dondozo|58\/100|[from] item: Leftovers\n|upkeep\n|\n|t:|1738242909\n|switch|p1b: Kyogre|Kyogre, L50, shiny|100\/100\n|-weather|RainDance|[from] ability: Drizzle|[of] p1b: Kyogre\n|turn|9\n|l| Pokuchu3\n|\n|t:|1738242921\n|move|p2a: Urshifu|Detect|p2a: Urshifu\n|-singleturn|p2a: Urshifu|Protect\n|move|p2b: Dondozo|Protect|p2b: Dondozo\n|-singleturn|p2b: Dondozo|Protect\n|move|p1b: Kyogre|Water Spout|p2a: Urshifu|[spread] \n|-activate|p2a: Urshifu|move: Protect\n|-activate|p2b: Dondozo|move: Protect\n|\n|-weather|RainDance|[upkeep]\n|-heal|p2b: Dondozo|65\/100|[from] item: Leftovers\n|-sideend|p1: abc11451419198|move: Tailwind\n|upkeep\n|turn|10\n|\n|t:|1738242930\n|move|p2a: Urshifu|Close Combat|p1b: Kyogre\n|-damage|p1b: Kyogre|24\/100\n|-unboost|p2a: Urshifu|def|1\n|-unboost|p2a: Urshifu|spd|1\n|move|p1b: Kyogre|Origin Pulse|p2a: Urshifu|[spread] p2a,p2b\n|-resisted|p2b: Dondozo\n|-damage|p2a: Urshifu|0 fnt\n|-damage|p2b: Dondozo|31\/100\n|faint|p2a: Urshifu\n|move|p2b: Dondozo|Yawn|p1b: Kyogre\n|-start|p1b: Kyogre|move: Yawn|[of] p2b: Dondozo\n|\n|-weather|RainDance|[upkeep]\n|-heal|p2b: Dondozo|37\/100|[from] item: Leftovers\n|upkeep\n|turn|11\n|\n|t:|1738242941\n|move|p2b: Dondozo|Protect|p2b: Dondozo\n|-singleturn|p2b: Dondozo|Protect\n|move|p1b: Kyogre|Water Spout|p2b: Dondozo\n|-activate|p2b: Dondozo|move: Protect\n|\n|-weather|RainDance|[upkeep]\n|-heal|p2b: Dondozo|43\/100|[from] item: Leftovers\n|-end|p1b: Kyogre|move: Yawn|[silent]\n|-status|p1b: Kyogre|slp\n|upkeep\n|turn|12\n|\n|t:|1738242949\n|cant|p1b: Kyogre|slp\n|move|p2b: Dondozo|Wave Crash|p1b: Kyogre\n|-resisted|p1b: Kyogre\n|-damage|p1b: Kyogre|0 fnt\n|faint|p1b: Kyogre\n|-damage|p2b: Dondozo|38\/100|[from] Recoil\n|\n|win|meiose\n|raw|abc11451419198's rating: 1547 &rarr; <strong>1527<\/strong><br \/>(-20 for losing)\n|raw|meiose's rating: 1541 &rarr; <strong>1561<\/strong><br \/>(+20 for winning)\n|l|\u203dabc11451419198\n|player|p1|\n|l|\u2606meiose\n|player|p2|\n","uploadtime":1738243092,"views":16,"formatid":"gen9vgc2025regg","rating":1527,"private":0,"password":null}