{"id":"gen9vgc2025regg-2291442827","format":"[Gen 9] VGC 2025 Reg G","players":["huyuplan","Gene10"],"log":"|j|\u2606huyuplan\n|j|\u2606Gene10\n|t:|1738275401\n|gametype|doubles\n|player|p1|huyuplan|lucas|1652\n|player|p2|Gene10|266|1637\n|teamsize|p1|6\n|teamsize|p2|6\n|gen|9\n|tier|[Gen 9] VGC 2025 Reg G\n|rated|\n|rule|Species Clause: Limit one of each Pok\u00e9mon\n|rule|Item Clause: Limit 1 of each item\n|clearpoke\n|poke|p1|Lunala, L50|\n|poke|p1|Indeedee-F, L50, F|\n|poke|p1|Urshifu-*, L50, M|\n|poke|p1|Ursaluna, L50, M|\n|poke|p1|Incineroar, L50, M|\n|poke|p1|Iron Valiant, L50|\n|poke|p2|Calyrex-Ice, L50|\n|poke|p2|Urshifu-*, L50, M|\n|poke|p2|Raging Bolt, L50|\n|poke|p2|Rillaboom, L50, M|\n|poke|p2|Pelipper, L50, M|\n|poke|p2|Farigiraf, L50, M|\n|teampreview|4\n|inactive|Battle timer is ON: inactive players will automatically lose when time's up. (requested by Gene10)\n|inactive|huyuplan has 60 seconds left.\n|\n|t:|1738275446\n|start\n|switch|p1a: Lunala|Lunala, L50|100\/100\n|switch|p1b: Indeedee|Indeedee-F, L50, F|100\/100\n|switch|p2a: Calyrex|Calyrex-Ice, L50|100\/100\n|switch|p2b: Urshifu|Urshifu-Rapid-Strike, L50, M|100\/100\n|-ability|p2a: Calyrex|As One\n|-ability|p2a: Calyrex|Unnerve\n|-fieldstart|move: Psychic Terrain|[from] ability: Psychic Surge|[of] p1b: Indeedee\n|turn|1\n|\n|t:|1738275466\n|-terastallize|p2a: Calyrex|Normal\n|move|p2b: Urshifu|U-turn|p1a: Lunala\n|-damage|p1a: Lunala|90\/100\n|\n|t:|1738275470\n|switch|p2b: Rillaboom|Rillaboom, L50, M|100\/100|[from] U-turn\n|-fieldstart|move: Grassy Terrain|[from] ability: Grassy Surge|[of] p2b: Rillaboom\n|move|p1a: Lunala|Meteor Beam||[still]\n|-prepare|p1a: Lunala|Meteor Beam\n|-boost|p1a: Lunala|spa|1\n|-enditem|p1a: Lunala|Power Herb\n|-anim|p1a: Lunala|Meteor Beam|p2a: Calyrex|[miss]\n|-miss|p1a: Lunala|p2a: Calyrex\n|move|p1b: Indeedee|Heal Pulse|p1a: Lunala\n|-heal|p1a: Lunala|100\/100\n|move|p2a: Calyrex|Glacial Lance|p1a: Lunala|[spread] p1a,p1b\n|-damage|p1a: Lunala|78\/100\n|-damage|p1b: Indeedee|44\/100\n|\n|-heal|p1a: Lunala|84\/100|[from] Grassy Terrain\n|-heal|p1b: Indeedee|50\/100|[from] Grassy Terrain\n|upkeep\n|turn|2\n|inactive|huyuplan has 30 seconds left.\n|inactive|Gene10 has 30 seconds left.\n|inactive|huyuplan has 20 seconds left.\n|\n|t:|1738275506\n|switch|p1b: Incineroar|Incineroar, L50, M|100\/100\n|-ability|p1b: Incineroar|Intimidate|boost\n|-fail|p2a: Calyrex|unboost|[from] item: Clear Amulet|[of] p2a: Calyrex\n|-unboost|p2b: Rillaboom|atk|1\n|move|p1a: Lunala|Moongeist Beam|p2b: Rillaboom\n|-crit|p2b: Rillaboom\n|-damage|p2b: Rillaboom|9\/100\n|move|p2b: Rillaboom|U-turn|p1b: Incineroar\n|-damage|p1b: Incineroar|90\/100\n|\n|t:|1738275523\n|switch|p2b: Urshifu|Urshifu-Rapid-Strike, L50, M|100\/100|[from] U-turn\n|move|p2a: Calyrex|Glacial Lance|p1a: Lunala|[spread] p1a,p1b\n|-resisted|p1b: Incineroar\n|-damage|p1a: Lunala|36\/100\n|-damage|p1b: Incineroar|68\/100\n|\n|-heal|p1a: Lunala|42\/100|[from] Grassy Terrain\n|-heal|p1b: Incineroar|74\/100|[from] Grassy Terrain\n|upkeep\n|turn|3\n|\n|t:|1738275548\n|switch|p2b: Pelipper|Pelipper, L50, M|100\/100\n|-weather|RainDance|[from] ability: Drizzle|[of] p2b: Pelipper\n|move|p1b: Incineroar|Fake Out|p2b: Pelipper\n|-damage|p2b: Pelipper|86\/100\n|move|p1a: Lunala|Moongeist Beam|p2b: Pelipper\n|-damage|p2b: Pelipper|0 fnt\n|faint|p2b: Pelipper\n|move|p2a: Calyrex|Glacial Lance|p1a: Lunala|[spread] p1a,p1b\n|-resisted|p1b: Incineroar\n|-damage|p1a: Lunala|0 fnt\n|-damage|p1b: Incineroar|54\/100\n|faint|p1a: Lunala\n|-ability|p2a: Calyrex|Chilling Neigh|boost\n|-boost|p2a: Calyrex|atk|1\n|\n|-weather|RainDance|[upkeep]\n|-heal|p1b: Incineroar|60\/100|[from] Grassy Terrain\n|upkeep\n|\n|t:|1738275569\n|switch|p1a: Urshifu|Urshifu, L50, M|100\/100\n|switch|p2b: Urshifu|Urshifu-Rapid-Strike, L50, M|100\/100\n|turn|4\n|inactive|huyuplan has 30 seconds left.\n|inactive|huyuplan has 20 seconds left.\n|inactive|huyuplan has 15 seconds left.\n|inactive|huyuplan has 10 seconds left.\n|\n|t:|1738275615\n|move|p2b: Urshifu|Close Combat|p1a: Urshifu\n|-supereffective|p1a: Urshifu\n|-damage|p1a: Urshifu|0 fnt\n|-unboost|p2b: Urshifu|def|1\n|-unboost|p2b: Urshifu|spd|1\n|faint|p1a: Urshifu\n|move|p1b: Incineroar|U-turn|p2b: Urshifu\n|-resisted|p2b: Urshifu\n|-damage|p2b: Urshifu|86\/100\n|\n|t:|1738275623\n|switch|p1b: Indeedee|Indeedee-F, L50, F|50\/100|[from] U-turn\n|-fieldstart|move: Psychic Terrain|[from] ability: Psychic Surge|[of] p1b: Indeedee\n|move|p2a: Calyrex|Glacial Lance|p1b: Indeedee\n|-damage|p1b: Indeedee|0 fnt\n|faint|p1b: Indeedee\n|-ability|p2a: Calyrex|Chilling Neigh|boost\n|-boost|p2a: Calyrex|atk|1\n|\n|-weather|RainDance|[upkeep]\n|upkeep\n|\n|t:|1738275636\n|switch|p1b: Incineroar|Incineroar, L50, M|60\/100\n|-ability|p1b: Incineroar|Intimidate|boost\n|-fail|p2a: Calyrex|unboost|[from] item: Clear Amulet|[of] p2a: Calyrex\n|-unboost|p2b: Urshifu|atk|1\n|turn|5\n|\n|t:|1738275648\n|move|p2b: Urshifu|Close Combat|p1b: Incineroar\n|-supereffective|p1b: Incineroar\n|-damage|p1b: Incineroar|0 fnt\n|-unboost|p2b: Urshifu|def|1\n|-unboost|p2b: Urshifu|spd|1\n|faint|p1b: Incineroar\n|\n|win|Gene10\n|raw|huyuplan's rating: 1652 &rarr; <strong>1631<\/strong><br \/>(-21 for losing)\n|raw|Gene10's rating: 1637 &rarr; <strong>1658<\/strong><br \/>(+21 for winning)\n|l|\u2606Gene10\n|player|p2|\n|l|\u2606huyuplan\n|player|p1|\n","uploadtime":1738275914,"views":6,"formatid":"gen9vgc2025regg","rating":1631,"private":0,"password":null}