{"id":"gen9vgc2025regg-2291784428","format":"[Gen 9] VGC 2025 Reg G","players":["zonavideovigilada","Futomaki0610"],"log":"|j|\u2606zonavideovigilada\n|j|\u2606Futomaki0610\n|t:|1738329800\n|gametype|doubles\n|player|p1|zonavideovigilada|102|1570\n|player|p2|Futomaki0610|dawn|1578\n|teamsize|p1|6\n|teamsize|p2|6\n|gen|9\n|tier|[Gen 9] VGC 2025 Reg G\n|rated|\n|rule|Species Clause: Limit one of each Pok\u00e9mon\n|rule|Item Clause: Limit 1 of each item\n|clearpoke\n|poke|p1|Urshifu-*, L50, M|\n|poke|p1|Whimsicott, L50, F|\n|poke|p1|Miraidon, L50|\n|poke|p1|Iron Hands, L50|\n|poke|p1|Incineroar, L50, M|\n|poke|p1|Iron Leaves, L50|\n|poke|p2|Calyrex-Shadow, L50|\n|poke|p2|Clefairy, L50, F|\n|poke|p2|Flutter Mane, L50|\n|poke|p2|Chi-Yu, L50|\n|poke|p2|Urshifu-*, L50, M|\n|poke|p2|Whimsicott, L50, F|\n|teampreview|4\n|inactive|Battle timer is ON: inactive players will automatically lose when time's up. (requested by Futomaki0610)\n|\n|t:|1738329852\n|start\n|switch|p1a: Miraidon|Miraidon, L50|100\/100\n|switch|p1b: Whimsicott|Whimsicott, L50, F|100\/100\n|switch|p2a: Chi-Yu|Chi-Yu, L50|100\/100\n|switch|p2b: Whimsicott|Whimsicott, L50, F|100\/100\n|-ability|p2a: Chi-Yu|Beads of Ruin\n|-fieldstart|move: Electric Terrain|[from] ability: Hadron Engine|[of] p1a: Miraidon\n|turn|1\n|\n|t:|1738329865\n|-terastallize|p1b: Whimsicott|Water\n|move|p2b: Whimsicott|Tailwind|p2b: Whimsicott\n|-sidestart|p2: Futomaki0610|move: Tailwind\n|move|p1b: Whimsicott|Tailwind|p1b: Whimsicott\n|-sidestart|p1: zonavideovigilada|move: Tailwind\n|move|p2a: Chi-Yu|Heat Wave|p1b: Whimsicott|[spread] p1a,p1b\n|-resisted|p1a: Miraidon\n|-resisted|p1b: Whimsicott\n|-damage|p1a: Miraidon|79\/100\n|-damage|p1b: Whimsicott|68\/100\n|move|p1a: Miraidon|Dazzling Gleam|p2a: Chi-Yu|[spread] p2a,p2b\n|-crit|p2a: Chi-Yu\n|-damage|p2a: Chi-Yu|20\/100\n|-damage|p2b: Whimsicott|12\/100\n|\n|upkeep\n|turn|2\n|\n|t:|1738329888\n|move|p2b: Whimsicott|Light Screen|p2b: Whimsicott\n|-sidestart|p2: Futomaki0610|move: Light Screen\n|move|p1b: Whimsicott|Light Screen|p1b: Whimsicott\n|-sidestart|p1: zonavideovigilada|move: Light Screen\n|move|p2a: Chi-Yu|Heat Wave|p1b: Whimsicott|[spread] p1a,p1b\n|-resisted|p1a: Miraidon\n|-resisted|p1b: Whimsicott\n|-damage|p1a: Miraidon|64\/100\n|-damage|p1b: Whimsicott|45\/100\n|move|p1a: Miraidon|Dazzling Gleam|p2b: Whimsicott|[spread] p2a,p2b\n|-damage|p2a: Chi-Yu|0 fnt\n|-damage|p2b: Whimsicott|0 fnt\n|faint|p2a: Chi-Yu\n|faint|p2b: Whimsicott\n|\n|upkeep\n|\n|t:|1738329894\n|switch|p2b: Flutter Mane|Flutter Mane, L50|100\/100\n|switch|p2a: Calyrex|Calyrex-Shadow, L50|100\/100\n|-ability|p2a: Calyrex|As One\n|-ability|p2a: Calyrex|Unnerve\n|-enditem|p2b: Flutter Mane|Booster Energy\n|-activate|p2b: Flutter Mane|ability: Protosynthesis|[fromitem]\n|-start|p2b: Flutter Mane|protosynthesisspe\n|turn|3\n|inactive|zonavideovigilada has 30 seconds left.\n|\n|t:|1738329928\n|switch|p1b: Incineroar|Incineroar, L50, M|100\/100\n|-ability|p1b: Incineroar|Intimidate|boost\n|-unboost|p2a: Calyrex|atk|1\n|-unboost|p2b: Flutter Mane|atk|1\n|move|p2b: Flutter Mane|Dazzling Gleam|p1b: Incineroar|[spread] p1a,p1b\n|-supereffective|p1a: Miraidon\n|-damage|p1a: Miraidon|30\/100\n|-damage|p1b: Incineroar|84\/100\n|move|p2a: Calyrex|Astral Barrage|p1a: Miraidon|[spread] p1a,p1b\n|-resisted|p1b: Incineroar\n|-damage|p1a: Miraidon|0 fnt\n|-damage|p1b: Incineroar|67\/100\n|faint|p1a: Miraidon\n|-ability|p2a: Calyrex|Grim Neigh|boost\n|-boost|p2a: Calyrex|spa|1\n|\n|upkeep\n|\n|t:|1738329940\n|switch|p1a: Iron Leaves|Iron Leaves, L50|100\/100\n|-activate|p1a: Iron Leaves|ability: Quark Drive\n|-start|p1a: Iron Leaves|quarkdrivespe\n|turn|4\n|\n|t:|1738329961\n|-terastallize|p2a: Calyrex|Water\n|move|p1a: Iron Leaves|Protect|p1a: Iron Leaves\n|-singleturn|p1a: Iron Leaves|Protect\n|move|p2b: Flutter Mane|Icy Wind|p1a: Iron Leaves|[spread] p1b\n|-activate|p1a: Iron Leaves|move: Protect\n|-resisted|p1b: Incineroar\n|-damage|p1b: Incineroar|64\/100\n|-unboost|p1b: Incineroar|spe|1\n|move|p2a: Calyrex|Astral Barrage|p1b: Incineroar|[spread] p1b\n|-activate|p1a: Iron Leaves|move: Protect\n|-resisted|p1b: Incineroar\n|-damage|p1b: Incineroar|39\/100\n|move|p1b: Incineroar|Knock Off|p2a: Calyrex\n|-damage|p2a: Calyrex|58\/100\n|-enditem|p2a: Calyrex|Spell Tag|[from] move: Knock Off|[of] p1b: Incineroar\n|\n|-sideend|p2: Futomaki0610|move: Tailwind\n|-sideend|p1: zonavideovigilada|move: Tailwind\n|upkeep\n|turn|5\n|inactive|zonavideovigilada has 30 seconds left.\n|\n|t:|1738329992\n|move|p2b: Flutter Mane|Protect|p2b: Flutter Mane\n|-singleturn|p2b: Flutter Mane|Protect\n|move|p1a: Iron Leaves|Protect||[still]\n|-fail|p1a: Iron Leaves\n|move|p2a: Calyrex|Protect|p2a: Calyrex\n|-singleturn|p2a: Calyrex|Protect\n|move|p1b: Incineroar|Parting Shot|p2b: Flutter Mane\n|-activate|p2b: Flutter Mane|move: Protect\n|\n|-fieldend|move: Electric Terrain\n|-end|p1a: Iron Leaves|Quark Drive\n|upkeep\n|turn|6\n|\n|t:|1738330015\n|move|p1a: Iron Leaves|Protect|p1a: Iron Leaves\n|-singleturn|p1a: Iron Leaves|Protect\n|move|p2b: Flutter Mane|Dazzling Gleam|p1b: Incineroar|[spread] p1b\n|-activate|p1a: Iron Leaves|move: Protect\n|-crit|p1b: Incineroar\n|-damage|p1b: Incineroar|6\/100\n|move|p2a: Calyrex|Astral Barrage|p1a: Iron Leaves|[spread] p1b\n|-activate|p1a: Iron Leaves|move: Protect\n|-resisted|p1b: Incineroar\n|-damage|p1b: Incineroar|0 fnt\n|faint|p1b: Incineroar\n|-ability|p2a: Calyrex|Grim Neigh|boost\n|-boost|p2a: Calyrex|spa|1\n|\n|-sideend|p2: Futomaki0610|move: Light Screen\n|-sideend|p1: zonavideovigilada|move: Light Screen\n|upkeep\n|\n|t:|1738330037\n|switch|p1b: Whimsicott|Whimsicott, L50, F, tera:Water|45\/100\n|turn|7\n|\n|t:|1738330051\n|move|p2a: Calyrex|Protect|p2a: Calyrex\n|-singleturn|p2a: Calyrex|Protect\n|move|p1b: Whimsicott|Light Screen|p1b: Whimsicott\n|-sidestart|p1: zonavideovigilada|move: Light Screen\n|move|p2b: Flutter Mane|Icy Wind|p1a: Iron Leaves|[spread] p1a,p1b\n|-supereffective|p1a: Iron Leaves\n|-resisted|p1b: Whimsicott\n|-damage|p1a: Iron Leaves|80\/100\n|-damage|p1b: Whimsicott|38\/100\n|-unboost|p1a: Iron Leaves|spe|1\n|move|p1a: Iron Leaves|Leaf Blade|p2b: Flutter Mane\n|-crit|p2b: Flutter Mane\n|-damage|p2b: Flutter Mane|0 fnt\n|faint|p2b: Flutter Mane\n|-end|p2b: Flutter Mane|Protosynthesis|[silent]\n|-damage|p1a: Iron Leaves|71\/100|[from] item: Life Orb\n|\n|upkeep\n|turn|8\n|\n|t:|1738330066\n|move|p1b: Whimsicott|Encore|p2a: Calyrex\n|-start|p2a: Calyrex|Encore\n|move|p2a: Calyrex|Protect|p2a: Calyrex\n|-singleturn|p2a: Calyrex|Protect\n|move|p1a: Iron Leaves|Leaf Blade|p2a: Calyrex\n|-activate|p2a: Calyrex|move: Protect\n|\n|upkeep\n|turn|9\n|-message|Futomaki0610 forfeited.\n|\n|win|zonavideovigilada\n|raw|zonavideovigilada's rating: 1570 &rarr; <strong>1590<\/strong><br \/>(+20 for winning)\n|raw|Futomaki0610's rating: 1578 &rarr; <strong>1558<\/strong><br \/>(-20 for losing)\n|l|\u2606Futomaki0610\n|player|p2|\n|l|\u2606zonavideovigilada\n|player|p1|\n","uploadtime":1738330343,"views":9,"formatid":"gen9vgc2025regg","rating":1558,"private":0,"password":null}