{"id":"gen9vgc2025regg-2291214612","format":"[Gen 9] VGC 2025 Reg G","players":["drdoctorfunk","YxngDaws"],"log":"|j|\u2606drdoctorfunk\n|j|\u2606YxngDaws\n|t:|1738251978\n|gametype|doubles\n|player|p1|drdoctorfunk|1|1517\n|player|p2|YxngDaws|1|1583\n|teamsize|p1|6\n|teamsize|p2|6\n|gen|9\n|tier|[Gen 9] VGC 2025 Reg G\n|rated|\n|rule|Species Clause: Limit one of each Pok\u00e9mon\n|rule|Item Clause: Limit 1 of each item\n|clearpoke\n|poke|p1|Calyrex-Ice, L50|\n|poke|p1|Indeedee-F, L50, F|\n|poke|p1|Rabsca, L50, M|\n|poke|p1|Ursaluna-Bloodmoon, L50, M|\n|poke|p1|Araquanid, L50, F|\n|poke|p1|Ogerpon, L50, F|\n|poke|p2|Lunala, L50|\n|poke|p2|Rillaboom, L50, F|\n|poke|p2|Urshifu-*, L50, F|\n|poke|p2|Incineroar, L50, M|\n|poke|p2|Pelipper, L50, M|\n|poke|p2|Comfey, L50, F|\n|teampreview|4\n|inactive|Battle timer is ON: inactive players will automatically lose when time's up. (requested by YxngDaws)\n|\n|t:|1738252017\n|start\n|switch|p1a: Ogerpon|Ogerpon, L50, F|100\/100\n|switch|p1b: Calyrex|Calyrex-Ice, L50|100\/100\n|switch|p2a: Incineroar|Incineroar, L50, M|100\/100\n|switch|p2b: Lunala|Lunala, L50|100\/100\n|-ability|p1b: Calyrex|As One\n|-ability|p1b: Calyrex|Unnerve\n|-ability|p2a: Incineroar|Intimidate|boost\n|-unboost|p1a: Ogerpon|atk|1\n|-ability|p1a: Ogerpon|Defiant|boost\n|-boost|p1a: Ogerpon|atk|2\n|-fail|p1b: Calyrex|unboost|[from] item: Clear Amulet|[of] p1b: Calyrex\n|turn|1\n|inactive|YxngDaws has 30 seconds left.\n|\n|t:|1738252042\n|-terastallize|p1b: Calyrex|Water\n|move|p2a: Incineroar|Fake Out|p1a: Ogerpon\n|-damage|p1a: Ogerpon|86\/100\n|cant|p1a: Ogerpon|flinch\n|move|p2b: Lunala|Calm Mind|p2b: Lunala\n|-boost|p2b: Lunala|spa|1\n|-boost|p2b: Lunala|spd|1\n|move|p1b: Calyrex|Trick Room|p1b: Calyrex\n|-fieldstart|move: Trick Room|[of] p1b: Calyrex\n|\n|upkeep\n|turn|2\n|inactive|YxngDaws has 30 seconds left.\n|\n|t:|1738252075\n|move|p1b: Calyrex|Close Combat|p2a: Incineroar\n|-supereffective|p2a: Incineroar\n|-damage|p2a: Incineroar|8\/100\n|-unboost|p1b: Calyrex|def|1\n|-unboost|p1b: Calyrex|spd|1\n|move|p2a: Incineroar|Knock Off|p1b: Calyrex\n|-damage|p1b: Calyrex|69\/100\n|-enditem|p1b: Calyrex|Clear Amulet|[from] move: Knock Off|[of] p2a: Incineroar\n|move|p2b: Lunala|Dazzling Gleam|p1b: Calyrex|[spread] p1a,p1b\n|-damage|p1a: Ogerpon|46\/100\n|-damage|p1b: Calyrex|32\/100\n|move|p1a: Ogerpon|Ivy Cudgel|p2a: Incineroar\n|-resisted|p2a: Incineroar\n|-damage|p2a: Incineroar|0 fnt\n|faint|p2a: Incineroar\n|\n|upkeep\n|\n|t:|1738252093\n|switch|p2a: Rillaboom|Rillaboom, L50, F|100\/100\n|-fieldstart|move: Grassy Terrain|[from] ability: Grassy Surge|[of] p2a: Rillaboom\n|turn|3\n|\n|t:|1738252103\n|switch|p1a: Indeedee|Indeedee-F, L50, F|100\/100\n|-fieldstart|move: Psychic Terrain|[from] ability: Psychic Surge|[of] p1a: Indeedee\n|move|p1b: Calyrex|Glacial Lance|p2b: Lunala|[spread] p2a,p2b\n|-supereffective|p2a: Rillaboom\n|-damage|p2a: Rillaboom|0 fnt\n|-damage|p2b: Lunala|78\/100\n|faint|p2a: Rillaboom\n|-ability|p1b: Calyrex|Chilling Neigh|boost\n|-boost|p1b: Calyrex|atk|1\n|move|p2b: Lunala|Calm Mind|p2b: Lunala\n|-boost|p2b: Lunala|spa|1\n|-boost|p2b: Lunala|spd|1\n|\n|-heal|p2b: Lunala|84\/100|[from] item: Leftovers\n|upkeep\n|\n|t:|1738252118\n|switch|p2a: Comfey|Comfey, L50, F|100\/100\n|turn|4\n|\n|t:|1738252143\n|-terastallize|p2b: Lunala|Fairy\n|move|p2a: Comfey|Floral Healing|p2b: Lunala\n|-heal|p2b: Lunala|100\/100\n|move|p1a: Indeedee|Follow Me|p1a: Indeedee\n|-singleturn|p1a: Indeedee|move: Follow Me\n|move|p1b: Calyrex|Glacial Lance|p2b: Lunala|[spread] p2a,p2b\n|-damage|p2a: Comfey|26\/100\n|-damage|p2b: Lunala|64\/100\n|move|p2b: Lunala|Dazzling Gleam|p1a: Indeedee|[spread] p1a,p1b\n|-damage|p1a: Indeedee|29\/100\n|-damage|p1b: Calyrex|0 fnt\n|faint|p1b: Calyrex\n|\n|-heal|p2b: Lunala|71\/100|[from] item: Leftovers\n|upkeep\n|\n|t:|1738252164\n|switch|p1b: Araquanid|Araquanid, L50, F|100\/100\n|turn|5\n|\n|t:|1738252173\n|move|p2b: Lunala|Protect|p2b: Lunala\n|-singleturn|p2b: Lunala|Protect\n|move|p2a: Comfey|Protect|p2a: Comfey\n|-singleturn|p2a: Comfey|Protect\n|move|p1b: Araquanid|Liquidation|p2a: Comfey\n|-activate|p2a: Comfey|move: Protect\n|move|p1a: Indeedee|Healing Wish|p1a: Indeedee\n|faint|p1a: Indeedee\n|\n|-heal|p2b: Lunala|77\/100|[from] item: Leftovers\n|-fieldend|move: Trick Room\n|upkeep\n|\n|t:|1738252186\n|switch|p1a: Ogerpon|Ogerpon, L50, F|46\/100\n|-heal|p1a: Ogerpon|100\/100|[from] move: Healing Wish\n|turn|6\n|inactive|drdoctorfunk has 30 seconds left.\n|\n|t:|1738252212\n|move|p2a: Comfey|Floral Healing|p2b: Lunala\n|-heal|p2b: Lunala|100\/100\n|move|p1a: Ogerpon|Ivy Cudgel|p2a: Comfey\n|-damage|p2a: Comfey|0 fnt\n|faint|p2a: Comfey\n|move|p2b: Lunala|Moongeist Beam|p1a: Ogerpon\n|-enditem|p1a: Ogerpon|Focus Sash\n|-damage|p1a: Ogerpon|1\/100\n|move|p1b: Araquanid|Liquidation|p2b: Lunala\n|-damage|p2b: Lunala|72\/100\n|\n|-heal|p2b: Lunala|79\/100|[from] item: Leftovers\n|upkeep\n|turn|7\n|\n|t:|1738252233\n|move|p2b: Lunala|Protect|p2b: Lunala\n|-singleturn|p2b: Lunala|Protect\n|move|p1a: Ogerpon|Ivy Cudgel|p2b: Lunala\n|-activate|p2b: Lunala|move: Protect\n|move|p1b: Araquanid|Liquidation|p2b: Lunala\n|-activate|p2b: Lunala|move: Protect\n|\n|-heal|p2b: Lunala|85\/100|[from] item: Leftovers\n|-fieldend|move: Psychic Terrain\n|upkeep\n|turn|8\n|\n|t:|1738252244\n|move|p1a: Ogerpon|Ivy Cudgel|p2b: Lunala\n|-damage|p2b: Lunala|44\/100\n|move|p2b: Lunala|Dazzling Gleam|p1b: Araquanid|[spread] p1a,p1b\n|-damage|p1a: Ogerpon|0 fnt\n|-damage|p1b: Araquanid|42\/100\n|faint|p1a: Ogerpon\n|move|p1b: Araquanid|Liquidation|p2b: Lunala\n|-damage|p2b: Lunala|0 fnt\n|faint|p2b: Lunala\n|\n|win|drdoctorfunk\n|raw|drdoctorfunk's rating: 1517 &rarr; <strong>1541<\/strong><br \/>(+24 for winning)\n|raw|YxngDaws's rating: 1583 &rarr; <strong>1559<\/strong><br \/>(-24 for losing)\n|l|\u2606YxngDaws\n|player|p2|\n","uploadtime":1738252467,"views":16,"formatid":"gen9vgc2025regg","rating":1541,"private":0,"password":null}