{"id":"gen9vgc2025regg-2291529595","format":"[Gen 9] VGC 2025 Reg G","players":["madgiraffe","Pneumatictoad"],"log":"|j|\u2606madgiraffe\n|j|\u2606Pneumatictoad\n|t:|1738286888\n|gametype|doubles\n|player|p1|madgiraffe|101|1537\n|player|p2|Pneumatictoad|janine|1561\n|teamsize|p1|6\n|teamsize|p2|6\n|gen|9\n|tier|[Gen 9] VGC 2025 Reg G\n|rated|\n|rule|Species Clause: Limit one of each Pok\u00e9mon\n|rule|Item Clause: Limit 1 of each item\n|clearpoke\n|poke|p1|Miraidon, L50|\n|poke|p1|Landorus, L50, M|\n|poke|p1|Iron Jugulis, L50|\n|poke|p1|Electivire, L50, M|\n|poke|p1|Urshifu-*, L50, F|\n|poke|p1|Chien-Pao, L50|\n|poke|p2|Calyrex-Ice, L50|\n|poke|p2|Trapinch, L50, M|\n|poke|p2|Annihilape, L50, F|\n|poke|p2|Pelipper, L50, F|\n|poke|p2|Jigglypuff, L50, F|\n|poke|p2|Ditto, L50|\n|teampreview|4\n|inactive|Battle timer is ON: inactive players will automatically lose when time's up. (requested by madgiraffe)\n|inactive|madgiraffe has 60 seconds left.\n|\n|t:|1738286924\n|start\n|switch|p1a: Miraidon|Miraidon, L50|100\/100\n|switch|p1b: Urshifu|Urshifu-Rapid-Strike, L50, F|100\/100\n|switch|p2a: Annihilape|Annihilape, L50, F|100\/100\n|switch|p2b: Calyrex|Calyrex-Ice, L50|100\/100\n|-ability|p2b: Calyrex|As One\n|-ability|p2b: Calyrex|Unnerve\n|-fieldstart|move: Electric Terrain|[from] ability: Hadron Engine|[of] p1a: Miraidon\n|turn|1\n|\n|t:|1738286941\n|-terastallize|p1a: Miraidon|Electric\n|-terastallize|p2b: Calyrex|Grass\n|move|p1b: Urshifu|Detect|p1b: Urshifu\n|-singleturn|p1b: Urshifu|Protect\n|move|p1a: Miraidon|Discharge|p2a: Annihilape|[spread] p2a,p2b\n|-activate|p1b: Urshifu|move: Protect\n|-resisted|p2b: Calyrex\n|-damage|p2a: Annihilape|26\/100\n|-damage|p2b: Calyrex|71\/100\n|move|p2a: Annihilape|Final Gambit|p1b: Urshifu\n|-activate|p1b: Urshifu|move: Protect\n|move|p2b: Calyrex|Glacial Lance|p1b: Urshifu|[spread] p1a\n|-activate|p1b: Urshifu|move: Protect\n|-damage|p1a: Miraidon|37\/100\n|\n|upkeep\n|turn|2\n|\n|t:|1738286965\n|switch|p1a: Chien-Pao|Chien-Pao, L50|100\/100\n|-ability|p1a: Chien-Pao|Sword of Ruin\n|switch|p2a: Trapinch|Trapinch, L50, M|100\/100\n|move|p1b: Urshifu|Close Combat|p2b: Calyrex\n|-damage|p2b: Calyrex|21\/100\n|-unboost|p1b: Urshifu|def|1\n|-unboost|p1b: Urshifu|spd|1\n|move|p2b: Calyrex|Trick Room|p2b: Calyrex\n|-fieldstart|move: Trick Room|[of] p2b: Calyrex\n|\n|upkeep\n|turn|3\n|inactive|Pneumatictoad has 30 seconds left.\n|inactive|Pneumatictoad has 20 seconds left.\n|inactive|Pneumatictoad has 15 seconds left.\n|\n|t:|1738287010\n|switch|p2b: Annihilape|Annihilape, L50, F|26\/100\n|move|p1a: Chien-Pao|Sucker Punch||[still]\n|-fail|p1a: Chien-Pao\n|move|p2a: Trapinch|Earthquake|p1a: Chien-Pao|[spread] p2b,p1a,p1b\n|-crit|p1a: Chien-Pao\n|-damage|p2b: Annihilape|0 fnt\n|-damage|p1a: Chien-Pao|27\/100\n|-damage|p1b: Urshifu|28\/100\n|faint|p2b: Annihilape\n|move|p1b: Urshifu|Surging Strikes|p2a: Trapinch\n|-supereffective|p2a: Trapinch\n|-crit|p2a: Trapinch\n|-enditem|p2a: Trapinch|Focus Sash\n|-damage|p2a: Trapinch|1\/100\n|-supereffective|p2a: Trapinch\n|-crit|p2a: Trapinch\n|-damage|p2a: Trapinch|0 fnt\n|faint|p2a: Trapinch\n|-hitcount|p2: Trapinch|2\n|\n|upkeep\n|\n|t:|1738287019\n|switch|p2a: Calyrex|Calyrex-Ice, L50, tera:Grass|21\/100\n|switch|p2b: Ditto|Ditto, L50|100\/100\n|-ability|p2a: Calyrex|As One\n|-ability|p2a: Calyrex|Unnerve\n|-transform|p2b: Ditto|p1a: Chien-Pao|[from] ability: Imposter\n|-ability|p2b: Ditto|Sword of Ruin\n|turn|4\n|\n|t:|1738287033\n|move|p2a: Calyrex|Protect|p2a: Calyrex\n|-singleturn|p2a: Calyrex|Protect\n|move|p1b: Urshifu|Detect|p1b: Urshifu\n|-singleturn|p1b: Urshifu|Protect\n|move|p1a: Chien-Pao|Protect|p1a: Chien-Pao\n|-singleturn|p1a: Chien-Pao|Protect\n|move|p2b: Ditto|Sacred Sword|p1b: Urshifu\n|-activate|p1b: Urshifu|move: Protect\n|\n|upkeep\n|turn|5\n|-message|Pneumatictoad forfeited.\n|\n|win|madgiraffe\n|raw|madgiraffe's rating: 1537 &rarr; <strong>1558<\/strong><br \/>(+21 for winning)\n|raw|Pneumatictoad's rating: 1561 &rarr; <strong>1540<\/strong><br \/>(-21 for losing)\n|l|\u2606Pneumatictoad\n|player|p2|\n|l|\u2606madgiraffe\n|player|p1|\n","uploadtime":1738287282,"views":8,"formatid":"gen9vgc2025regg","rating":1540,"private":0,"password":null}