{"id":"gen9vgc2025regg-2291871515","format":"[Gen 9] VGC 2025 Reg G","players":["Luh_simoes-04","zero_the_enforcer"],"log":"|j|\u2606Luh_simoes-04\n|j|\u2606zero_the_enforcer\n|t:|1738339658\n|gametype|doubles\n|player|p1|Luh_simoes-04|drayden|1566\n|player|p2|zero_the_enforcer|170|1550\n|teamsize|p1|6\n|teamsize|p2|6\n|gen|9\n|tier|[Gen 9] VGC 2025 Reg G\n|rated|\n|rule|Species Clause: Limit one of each Pok\u00e9mon\n|rule|Item Clause: Limit 1 of each item\n|clearpoke\n|poke|p1|Indeedee-F, L50, F|\n|poke|p1|Calyrex-Ice, L50|\n|poke|p1|Urshifu-*, L50, M|\n|poke|p1|Chandelure, L50, M|\n|poke|p1|Enamorus-Therian, L50, F|\n|poke|p1|Ogerpon-Cornerstone, L50, F|\n|poke|p2|Miraidon, L50|\n|poke|p2|Chi-Yu, L50|\n|poke|p2|Whimsicott, L50, F|\n|poke|p2|Farigiraf, L50, F|\n|poke|p2|Ursaluna, L50, M|\n|poke|p2|Grimmsnarl, L50, M|\n|teampreview|4\n|inactive|Battle timer is ON: inactive players will automatically lose when time's up. (requested by Luh_simoes-04)\n|\n|t:|1738339668\n|start\n|switch|p1a: Indeedee|Indeedee-F, L50, F|100\/100\n|switch|p1b: Calyrex|Calyrex-Ice, L50|100\/100\n|switch|p2a: Miraidon|Miraidon, L50|100\/100\n|switch|p2b: Grimmsnarl|Grimmsnarl, L50, M|100\/100\n|-ability|p1b: Calyrex|As One\n|-ability|p1b: Calyrex|Unnerve\n|-fieldstart|move: Electric Terrain|[from] ability: Hadron Engine|[of] p2a: Miraidon\n|-fieldstart|move: Psychic Terrain|[from] ability: Psychic Surge|[of] p1a: Indeedee\n|turn|1\n|inactive|zero_the_enforcer has 30 seconds left.\n|inactive|zero_the_enforcer has 20 seconds left.\n|inactive|zero_the_enforcer has 15 seconds left.\n|inactive|zero_the_enforcer has 10 seconds left.\n|\n|t:|1738339715\n|move|p1a: Indeedee|Follow Me|p1a: Indeedee\n|-singleturn|p1a: Indeedee|move: Follow Me\n|move|p2b: Grimmsnarl|Reflect|p2b: Grimmsnarl\n|-sidestart|p2: zero_the_enforcer|Reflect\n|move|p2a: Miraidon|Volt Switch|p1a: Indeedee\n|-damage|p1a: Indeedee|44\/100\n|\n|t:|1738339722\n|switch|p2a: Farigiraf|Farigiraf, L50, F|100\/100|[from] Volt Switch\n|move|p1b: Calyrex|Trick Room|p1b: Calyrex\n|-fieldstart|move: Trick Room|[of] p1b: Calyrex\n|\n|upkeep\n|turn|2\n|l|\u2606Luh_simoes-04\n|inactive|Luh_simoes-04 disconnected and has a minute to reconnect!\n|player|p1|\n|inactive|Luh_simoes-04 has 30 seconds left.\n|inactive|zero_the_enforcer has 30 seconds left.\n|inactive|Luh_simoes-04 has 20 seconds left.\n|inactive|zero_the_enforcer has 20 seconds left.\n|j|\u2606Luh_simoes-04\n|inactive|Luh_simoes-04 reconnected and has 20 seconds left.\n|player|p1|Luh_simoes-04|drayden|\n|inactive|Luh_simoes-04 has 15 seconds left.\n|inactive|zero_the_enforcer has 15 seconds left.\n|inactive|zero_the_enforcer has 10 seconds left.\n|inactive|zero_the_enforcer has 5 seconds left.\n|\n|t:|1738339773\n|-terastallize|p1b: Calyrex|Water\n|move|p2a: Farigiraf|Helping Hand|p2b: Grimmsnarl\n|-singleturn|p2b: Grimmsnarl|Helping Hand|[of] p2a: Farigiraf\n|move|p1a: Indeedee|Helping Hand|p1b: Calyrex\n|-singleturn|p1b: Calyrex|Helping Hand|[of] p1a: Indeedee\n|move|p1b: Calyrex|Glacial Lance|p2b: Grimmsnarl|[spread] p2a,p2b\n|-damage|p2a: Farigiraf|44\/100\n|-damage|p2b: Grimmsnarl|40\/100\n|move|p2b: Grimmsnarl|Foul Play|p1b: Calyrex\n|-damage|p1b: Calyrex|30\/100\n|\n|upkeep\n|turn|3\n|inactive|zero_the_enforcer has 30 seconds left.\n|\n|t:|1738339800\n|-terastallize|p2a: Farigiraf|Water\n|move|p1a: Indeedee|Follow Me|p1a: Indeedee\n|-singleturn|p1a: Indeedee|move: Follow Me\n|move|p1b: Calyrex|Glacial Lance|p2b: Grimmsnarl|[spread] p2a,p2b\n|-resisted|p2a: Farigiraf\n|-damage|p2a: Farigiraf|23\/100\n|-damage|p2b: Grimmsnarl|0 fnt\n|faint|p2b: Grimmsnarl\n|-ability|p1b: Calyrex|Chilling Neigh|boost\n|-boost|p1b: Calyrex|atk|1\n|move|p2a: Farigiraf|Trick Room|p2a: Farigiraf\n|-fieldend|move: Trick Room\n|\n|upkeep\n|\n|t:|1738339808\n|switch|p2b: Miraidon|Miraidon, L50|100\/100\n|-fieldstart|move: Electric Terrain|[from] ability: Hadron Engine|[of] p2b: Miraidon\n|-enditem|p2a: Farigiraf|Electric Seed\n|-boost|p2a: Farigiraf|def|1|[from] item: Electric Seed\n|turn|4\n|\n|t:|1738339816\n|switch|p1a: Ogerpon|Ogerpon-Cornerstone, L50, F|100\/100\n|move|p2a: Farigiraf|Helping Hand|p2b: Miraidon\n|-singleturn|p2b: Miraidon|Helping Hand|[of] p2a: Farigiraf\n|move|p1b: Calyrex|Protect|p1b: Calyrex\n|-singleturn|p1b: Calyrex|Protect\n|move|p2b: Miraidon|Dazzling Gleam|p1b: Calyrex|[spread] p1a\n|-activate|p1b: Calyrex|move: Protect\n|-damage|p1a: Ogerpon|28\/100\n|\n|upkeep\n|turn|5\n|inactive|Luh_simoes-04 has 30 seconds left.\n|\n|t:|1738339845\n|move|p2a: Farigiraf|Helping Hand|p2b: Miraidon\n|-singleturn|p2b: Miraidon|Helping Hand|[of] p2a: Farigiraf\n|move|p2b: Miraidon|Dazzling Gleam|p1a: Ogerpon|[spread] p1a,p1b\n|-damage|p1a: Ogerpon|0 fnt\n|-damage|p1b: Calyrex|0 fnt\n|faint|p1a: Ogerpon\n|faint|p1b: Calyrex\n|\n|-sideend|p2: zero_the_enforcer|Reflect\n|upkeep\n|\n|t:|1738339848\n|switch|p1a: Enamorus|Enamorus-Therian, L50, F|100\/100\n|switch|p1b: Indeedee|Indeedee-F, L50, F|44\/100\n|-fieldstart|move: Psychic Terrain|[from] ability: Psychic Surge|[of] p1b: Indeedee\n|turn|6\n|\n|t:|1738339860\n|move|p1b: Indeedee|Helping Hand|p1a: Enamorus\n|-singleturn|p1a: Enamorus|Helping Hand|[of] p1b: Indeedee\n|move|p2a: Farigiraf|Helping Hand|p2b: Miraidon\n|-singleturn|p2b: Miraidon|Helping Hand|[of] p2a: Farigiraf\n|move|p2b: Miraidon|Dazzling Gleam|p1b: Indeedee|[spread] p1a,p1b\n|-damage|p1a: Enamorus|50\/100\n|-damage|p1b: Indeedee|0 fnt\n|faint|p1b: Indeedee\n|move|p1a: Enamorus|Dazzling Gleam|p2b: Miraidon|[spread] p2a,p2b\n|-supereffective|p2b: Miraidon\n|-damage|p2a: Farigiraf|0 fnt\n|-damage|p2b: Miraidon|6\/100\n|faint|p2a: Farigiraf\n|-damage|p1a: Enamorus|40\/100|[from] item: Life Orb\n|\n|upkeep\n|\n|t:|1738339868\n|switch|p2a: Ursaluna|Ursaluna, L50, M|100\/100\n|turn|7\n|\n|t:|1738339872\n|move|p2b: Miraidon|Dazzling Gleam|p1a: Enamorus\n|-damage|p1a: Enamorus|0 fnt\n|faint|p1a: Enamorus\n|\n|win|zero_the_enforcer\n|raw|Luh_simoes-04's rating: 1566 &rarr; <strong>1545<\/strong><br \/>(-21 for losing)\n|raw|zero_the_enforcer's rating: 1550 &rarr; <strong>1571<\/strong><br \/>(+21 for winning)\n|l|\u2606zero_the_enforcer\n|player|p2|\n|l|\u2606Luh_simoes-04\n|player|p1|\n|j|\u2606Luh_simoes-04\n|player|p1|Luh_simoes-04|drayden|\n|l|\u2606Luh_simoes-04\n|player|p1|\n","uploadtime":1738340029,"views":9,"formatid":"gen9vgc2025regg","rating":1545,"private":0,"password":null}