{"id":"gen9vgc2025regg-2291091193","format":"[Gen 9] VGC 2025 Reg G","players":["Mildly Displeased","sibylla_system"],"log":"|j|\u2606Mildly Displeased\n|j|\u2606sibylla_system\n|t:|1738236248\n|gametype|doubles\n|player|p1|Mildly Displeased|lillie|1601\n|player|p2|sibylla_system|169|1624\n|teamsize|p1|6\n|teamsize|p2|6\n|gen|9\n|tier|[Gen 9] VGC 2025 Reg G\n|rated|\n|rule|Species Clause: Limit one of each Pok\u00e9mon\n|rule|Item Clause: Limit 1 of each item\n|clearpoke\n|poke|p1|Primarina, L50, M|\n|poke|p1|Talonflame, L50, F|\n|poke|p1|Zamazenta-*, L50|\n|poke|p1|Rillaboom, L50, M|\n|poke|p1|Iron Treads, L50|\n|poke|p1|Chien-Pao, L50|\n|poke|p2|Calyrex-Ice, L50|\n|poke|p2|Urshifu-*, L50, F|\n|poke|p2|Amoonguss, L50, F|\n|poke|p2|Raging Bolt, L50|\n|poke|p2|Incineroar, L50, F|\n|poke|p2|Landorus, L50, M|\n|teampreview|4\nsibylla_system rejected open team sheets.\n|inactive|Battle timer is ON: inactive players will automatically lose when time's up. (requested by Mildly Displeased)\n|\n|t:|1738236296\n|start\n|switch|p1a: Talonflame|Talonflame, L50, F, shiny|100\/100\n|switch|p1b: Rillaboom|Rillaboom, L50, M|100\/100\n|switch|p2a: Urshifu|Urshifu-Rapid-Strike, L50, F|100\/100\n|switch|p2b: Amoonguss|Amoonguss, L50, F|100\/100\n|-fieldstart|move: Grassy Terrain|[from] ability: Grassy Surge|[of] p1b: Rillaboom\n|turn|1\n|\n|t:|1738236309\n|move|p1b: Rillaboom|Fake Out|p2a: Urshifu\n|-damage|p2a: Urshifu|87\/100\n|move|p1a: Talonflame|Brave Bird|p2a: Urshifu\n|-supereffective|p2a: Urshifu\n|-damage|p2a: Urshifu|0 fnt\n|faint|p2a: Urshifu\n|-damage|p1a: Talonflame|65\/100|[from] Recoil\n|move|p2b: Amoonguss|Spore|p1a: Talonflame\n|-status|p1a: Talonflame|slp|[from] move: Spore\n|\n|upkeep\n|\n|t:|1738236319\n|switch|p2a: Calyrex|Calyrex-Ice, L50|100\/100\n|-ability|p2a: Calyrex|As One\n|-ability|p2a: Calyrex|Unnerve\n|turn|2\n|\n|t:|1738236328\n|cant|p1a: Talonflame|slp\n|move|p1b: Rillaboom|Wood Hammer|p2a: Calyrex\n|-damage|p2a: Calyrex|48\/100\n|-damage|p1b: Rillaboom|83\/100|[from] Recoil\n|move|p2b: Amoonguss|Pollen Puff|p2a: Calyrex\n|-heal|p2a: Calyrex|98\/100\n|move|p2a: Calyrex|Trick Room|p2a: Calyrex\n|-fieldstart|move: Trick Room|[of] p2a: Calyrex\n|\n|-heal|p2a: Calyrex|100\/100|[from] Grassy Terrain\n|-heal|p1b: Rillaboom|89\/100|[from] Grassy Terrain\n|upkeep\n|turn|3\n|\n|t:|1738236342\n|switch|p1b: Zamazenta|Zamazenta-Crowned, L50|100\/100\n|-ability|p1b: Zamazenta|Dauntless Shield|boost\n|-boost|p1b: Zamazenta|def|1\n|move|p2b: Amoonguss|Spore|p1b: Zamazenta\n|-status|p1b: Zamazenta|slp|[from] move: Spore\n|move|p2a: Calyrex|Glacial Lance|p1a: Talonflame|[spread] p1a,p1b\n|-resisted|p1b: Zamazenta\n|-damage|p1a: Talonflame|0 fnt\n|-damage|p1b: Zamazenta|89\/100 slp\n|faint|p1a: Talonflame\n|-ability|p2a: Calyrex|Chilling Neigh|boost\n|-boost|p2a: Calyrex|atk|1\n|\n|-heal|p1b: Zamazenta|95\/100 slp|[from] Grassy Terrain\n|upkeep\n|\n|t:|1738236354\n|switch|p1a: Rillaboom|Rillaboom, L50, M|89\/100\n|turn|4\n|\n|t:|1738236362\n|move|p1a: Rillaboom|Fake Out|p2a: Calyrex\n|-damage|p2a: Calyrex|91\/100\n|move|p2b: Amoonguss|Pollen Puff|p1a: Rillaboom\n|-supereffective|p1a: Rillaboom\n|-damage|p1a: Rillaboom|63\/100\n|cant|p2a: Calyrex|flinch\n|cant|p1b: Zamazenta|slp\n|\n|-heal|p2a: Calyrex|97\/100|[from] Grassy Terrain\n|-heal|p1a: Rillaboom|69\/100|[from] Grassy Terrain\n|-heal|p1b: Zamazenta|100\/100 slp|[from] Grassy Terrain\n|upkeep\n|turn|5\n|\n|t:|1738236379\n|-curestatus|p1b: Zamazenta|slp|[msg]\n|move|p1b: Zamazenta|Wide Guard|p1b: Zamazenta\n|-singleturn|p1b: Zamazenta|Wide Guard\n|move|p2b: Amoonguss|Spore|p1a: Rillaboom\n|-immune|p1a: Rillaboom\n|move|p2a: Calyrex|Glacial Lance|p1a: Rillaboom|[spread] \n|-activate|p1a: Rillaboom|move: Wide Guard\n|-activate|p1b: Zamazenta|move: Wide Guard\n|move|p1a: Rillaboom|Wood Hammer|p2a: Calyrex\n|-damage|p2a: Calyrex|46\/100\n|-damage|p1a: Rillaboom|52\/100|[from] Recoil\n|\n|-heal|p2a: Calyrex|52\/100|[from] Grassy Terrain\n|-heal|p1a: Rillaboom|58\/100|[from] Grassy Terrain\n|-fieldend|move: Grassy Terrain\n|upkeep\n|turn|6\n|j| Lavenderawa\n|\n|t:|1738236399\n|move|p1b: Zamazenta|Wide Guard|p1b: Zamazenta\n|-singleturn|p1b: Zamazenta|Wide Guard\n|move|p2b: Amoonguss|Spore|p1b: Zamazenta\n|-status|p1b: Zamazenta|slp|[from] move: Spore\n|move|p2a: Calyrex|Glacial Lance|p1b: Zamazenta|[spread] \n|-activate|p1a: Rillaboom|move: Wide Guard\n|-activate|p1b: Zamazenta|move: Wide Guard\n|move|p1a: Rillaboom|Wood Hammer|p2a: Calyrex\n|-damage|p2a: Calyrex|11\/100\n|-damage|p1a: Rillaboom|44\/100|[from] Recoil\n|\n|-fieldend|move: Trick Room\n|upkeep\n|turn|7\n|\n|t:|1738236419\n|switch|p2b: Landorus|Landorus, L50, M|100\/100\n|move|p2a: Calyrex|Protect|p2a: Calyrex\n|-singleturn|p2a: Calyrex|Protect\n|cant|p1b: Zamazenta|slp\n|move|p1a: Rillaboom|Wood Hammer|p2a: Calyrex\n|-activate|p2a: Calyrex|move: Protect\n|\n|upkeep\n|turn|8\n|\n|t:|1738236434\n|switch|p2a: Amoonguss|Amoonguss, L50, F|100\/100\n|-terastallize|p1b: Zamazenta|Ghost\n|move|p2b: Landorus|Earth Power|p1b: Zamazenta\n|-damage|p1b: Zamazenta|54\/100 slp\n|cant|p1b: Zamazenta|slp\n|move|p1a: Rillaboom|Wood Hammer|p2a: Amoonguss\n|-resisted|p2a: Amoonguss\n|-damage|p2a: Amoonguss|83\/100\n|-damage|p1a: Rillaboom|38\/100|[from] Recoil\n|\n|upkeep\n|turn|9\n|\n|t:|1738236453\n|move|p2b: Landorus|Earth Power|p1b: Zamazenta\n|-damage|p1b: Zamazenta|10\/100 slp\n|-curestatus|p1b: Zamazenta|slp|[msg]\n|move|p1b: Zamazenta|Heavy Slam|p2a: Amoonguss\n|-damage|p2a: Amoonguss|34\/100\n|move|p1a: Rillaboom|High Horsepower|p2a: Amoonguss|[miss]\n|-miss|p1a: Rillaboom|p2a: Amoonguss\n|move|p2a: Amoonguss|Pollen Puff|p1a: Rillaboom\n|-supereffective|p1a: Rillaboom\n|-damage|p1a: Rillaboom|11\/100\n|\n|upkeep\n|turn|10\n|inactive|sibylla_system has 30 seconds left.\n|\n|t:|1738236483\n|switch|p2a: Calyrex|Calyrex-Ice, L50|11\/100\n|-ability|p2a: Calyrex|As One\n|-ability|p2a: Calyrex|Unnerve\n|move|p2b: Landorus|Earth Power|p1a: Rillaboom\n|-resisted|p1a: Rillaboom\n|-damage|p1a: Rillaboom|0 fnt\n|faint|p1a: Rillaboom\n|move|p1b: Zamazenta|Heavy Slam|p2a: Calyrex\n|-supereffective|p2a: Calyrex\n|-damage|p2a: Calyrex|0 fnt\n|faint|p2a: Calyrex\n|\n|upkeep\n|j| jfabricio23\n|\n|t:|1738236495\n|switch|p1a: Iron Treads|Iron Treads, L50|100\/100\n|switch|p2a: Amoonguss|Amoonguss, L50, F|67\/100\n|-enditem|p1a: Iron Treads|Booster Energy\n|-activate|p1a: Iron Treads|ability: Quark Drive|[fromitem]\n|-start|p1a: Iron Treads|quarkdrivespe\n|turn|11\n|\n|t:|1738236506\n|move|p1a: Iron Treads|Ice Spinner|p2b: Landorus\n|-supereffective|p2b: Landorus\n|-damage|p2b: Landorus|0 fnt\n|faint|p2b: Landorus\n|move|p1b: Zamazenta|Heavy Slam|p2a: Amoonguss\n|-damage|p2a: Amoonguss|18\/100\n|move|p2a: Amoonguss|Spore|p1a: Iron Treads\n|-status|p1a: Iron Treads|slp|[from] move: Spore\n|\n|upkeep\n|turn|12\n|-message|sibylla_system forfeited.\n|\n|win|Mildly Displeased\n|raw|Mildly Displeased's rating: 1601 &rarr; <strong>1622<\/strong><br \/>(+21 for winning)\n|raw|sibylla_system's rating: 1624 &rarr; <strong>1603<\/strong><br \/>(-21 for losing)\n|l|\u2606Mildly Displeased\n|player|p1|\n","uploadtime":1738236741,"views":17,"formatid":"gen9vgc2025regg","rating":1603,"private":0,"password":null}