{"id":"gen9vgc2025regg-2291656372","format":"[Gen 9] VGC 2025 Reg G","players":["dominicex","jkimkim1"],"log":"|j|\u2606dominicex\n|j|\u2606jkimkim1\n|t:|1738307113\n|gametype|doubles\n|player|p1|dominicex|pokemonranger-gen4|1510\n|player|p2|jkimkim1|170|1711\n|teamsize|p1|6\n|teamsize|p2|6\n|gen|9\n|tier|[Gen 9] VGC 2025 Reg G\n|rated|\n|rule|Species Clause: Limit one of each Pok\u00e9mon\n|rule|Item Clause: Limit 1 of each item\n|clearpoke\n|poke|p1|Calyrex-Ice, L50|\n|poke|p1|Landorus, L50, M|\n|poke|p1|Chandelure, L50, F|\n|poke|p1|Iron Hands, L50|\n|poke|p1|Amoonguss, L50, F|\n|poke|p1|Roaring Moon, L50|\n|poke|p2|Miraidon, L50|\n|poke|p2|Cresselia, L50, F|\n|poke|p2|Landorus, L50, M|\n|poke|p2|Incineroar, L50, F|\n|poke|p2|Ursaluna, L50, F|\n|poke|p2|Whimsicott, L50, F|\n|teampreview|4\n|inactive|Battle timer is ON: inactive players will automatically lose when time's up. (requested by jkimkim1)\n|inactive|jkimkim1 has 60 seconds left.\n|\n|t:|1738307150\n|start\n|switch|p1a: Iron Hands|Iron Hands, L50|100\/100\n|switch|p1b: Landorus|Landorus, L50, M|100\/100\n|switch|p2a: \uc0ac\uc2b9\ud5cc|Cresselia, L50, F, shiny|100\/100\n|switch|p2b: Kingjames|Incineroar, L50, F|100\/100\n|-ability|p2b: Kingjames|Intimidate|boost\n|-unboost|p1a: Iron Hands|atk|1\n|-unboost|p1b: Landorus|atk|1\n|turn|1\n|\n|t:|1738307169\n|move|p2b: Kingjames|Fake Out|p1a: Iron Hands\n|-damage|p1a: Iron Hands|93\/100\n|move|p1b: Landorus|Earth Power|p2b: Kingjames\n|-supereffective|p2b: Kingjames\n|-damage|p2b: Kingjames|0 fnt\n|faint|p2b: Kingjames\n|move|p2a: \uc0ac\uc2b9\ud5cc|Ice Beam|p1b: Landorus\n|-supereffective|p1b: Landorus\n|-damage|p1b: Landorus|18\/100\n|cant|p1a: Iron Hands|flinch\n|\n|upkeep\n|\n|t:|1738307179\n|switch|p2b: Jayson tatum|Miraidon, L50|100\/100\n|-fieldstart|move: Electric Terrain|[from] ability: Hadron Engine|[of] p2b: Jayson tatum\n|-activate|p1a: Iron Hands|ability: Quark Drive\n|-start|p1a: Iron Hands|quarkdriveatk\n|turn|2\n|\n|t:|1738307199\n|-end|p1a: Iron Hands|Quark Drive|[silent]\n|switch|p1a: Amoonguss|Amoonguss, L50, F|100\/100\n|-terastallize|p2b: Jayson tatum|Fairy\n|move|p2a: \uc0ac\uc2b9\ud5cc|Helping Hand|p2b: Jayson tatum\n|-singleturn|p2b: Jayson tatum|Helping Hand|[of] p2a: \uc0ac\uc2b9\ud5cc\n|move|p2b: Jayson tatum|Dazzling Gleam|p1a: Amoonguss|[spread] p1a,p1b\n|-resisted|p1a: Amoonguss\n|-damage|p1a: Amoonguss|50\/100\n|-damage|p1b: Landorus|0 fnt\n|faint|p1b: Landorus\n|\n|upkeep\n|inactive|dominicex has 30 seconds left.\n|\n|t:|1738307227\n|switch|p1b: Iron Hands|Iron Hands, L50|93\/100\n|-activate|p1b: Iron Hands|ability: Quark Drive\n|-start|p1b: Iron Hands|quarkdriveatk\n|turn|3\n|\n|t:|1738307233\n|switch|p2a: Canada bear|Ursaluna, L50, F|100\/100\n|switch|p1a: Calyrex|Calyrex-Ice, L50|100\/100\n|-ability|p1a: Calyrex|As One\n|-ability|p1a: Calyrex|Unnerve\n|move|p1b: Iron Hands|Fake Out|p2b: Jayson tatum\n|-damage|p2b: Jayson tatum|81\/100\n|cant|p2b: Jayson tatum|flinch\n|\n|-status|p2a: Canada bear|brn|[from] item: Flame Orb\n|upkeep\n|turn|4\n|\n|t:|1738307254\n|switch|p2a: \uc0ac\uc2b9\ud5cc|Cresselia, L50, F, shiny|100\/100\n|-terastallize|p1b: Iron Hands|Grass\n|move|p2b: Jayson tatum|Dazzling Gleam|p1b: Iron Hands|[spread] p1a,p1b\n|-damage|p1a: Calyrex|50\/100\n|-damage|p1b: Iron Hands|56\/100\n|move|p1a: Calyrex|Glacial Lance|p2a: \uc0ac\uc2b9\ud5cc|[spread] p2a,p2b\n|-damage|p2a: \uc0ac\uc2b9\ud5cc|60\/100\n|-damage|p2b: Jayson tatum|28\/100\n|move|p1b: Iron Hands|Wild Charge|p2b: Jayson tatum\n|-damage|p2b: Jayson tatum|0 fnt\n|faint|p2b: Jayson tatum\n|-damage|p1b: Iron Hands|50\/100|[from] Recoil\n|\n|upkeep\n|\n|t:|1738307268\n|switch|p2b: Canada bear|Ursaluna, L50, F|100\/100 brn\n|turn|5\n|\n|t:|1738307292\n|move|p2b: Canada bear|Protect|p2b: Canada bear\n|-singleturn|p2b: Canada bear|Protect\n|move|p1a: Calyrex|Glacial Lance|p2b: Canada bear|[spread] p2a\n|-activate|p2b: Canada bear|move: Protect\n|-damage|p2a: \uc0ac\uc2b9\ud5cc|19\/100\n|move|p1b: Iron Hands|Wild Charge|p2a: \uc0ac\uc2b9\ud5cc\n|-damage|p2a: \uc0ac\uc2b9\ud5cc|0 fnt\n|faint|p2a: \uc0ac\uc2b9\ud5cc\n|-damage|p1b: Iron Hands|46\/100|[from] Recoil\n|\n|-damage|p2b: Canada bear|95\/100 brn|[from] brn\n|upkeep\n|turn|6\n|\n|t:|1738307305\n|move|p1a: Calyrex|Glacial Lance|p2b: Canada bear\n|-supereffective|p2b: Canada bear\n|-damage|p2b: Canada bear|0 fnt\n|faint|p2b: Canada bear\n|\n|win|dominicex\n|raw|dominicex's rating: 1510 &rarr; <strong>1540<\/strong><br \/>(+30 for winning)\n|raw|jkimkim1's rating: 1711 &rarr; <strong>1681<\/strong><br \/>(-30 for losing)\n|l|\u2606dominicex\n|player|p1|\n","uploadtime":1738307562,"views":8,"formatid":"gen9vgc2025regg","rating":1540,"private":0,"password":null}