{"id":"gen9vgc2025regg-2291837444","format":"[Gen 9] VGC 2025 Reg G","players":["Ayae.Hakamada","YX3003"],"log":"|j|\u2606Ayae.Hakamada\n|j|\u203dYX3003\n|t:|1738336060\n|gametype|doubles\n|player|p1|Ayae.Hakamada|skyla|1591\n|player|p2|YX3003|1|1567\n|teamsize|p1|6\n|teamsize|p2|6\n|gen|9\n|tier|[Gen 9] VGC 2025 Reg G\n|rated|\n|rule|Species Clause: Limit one of each Pok\u00e9mon\n|rule|Item Clause: Limit 1 of each item\n|clearpoke\n|poke|p1|Kyogre, L50|\n|poke|p1|Tornadus, L50, M|\n|poke|p1|Urshifu-*, L50, M|\n|poke|p1|Wo-Chien, L50|\n|poke|p1|Incineroar, L50, M|\n|poke|p1|Flutter Mane, L50|\n|poke|p2|Terapagos, L50, M|\n|poke|p2|Tornadus, L50, M|\n|poke|p2|Urshifu-*, L50, F|\n|poke|p2|Chi-Yu, L50|\n|poke|p2|Iron Valiant, L50|\n|poke|p2|Amoonguss, L50, F|\n|teampreview|4\n|inactive|Battle timer is ON: inactive players will automatically lose when time's up. (requested by Ayae.Hakamada)\n|j| TcChains\n|inactive|Ayae.Hakamada has 60 seconds left.\n|inactive|YX3003 has 60 seconds left.\n|\n|t:|1738336099\n|start\n|switch|p1a: Flutter Mane|Flutter Mane, L50|100\/100\n|switch|p1b: Incineroar|Incineroar, L50, M|100\/100\n|switch|p2a: Tornadus|Tornadus, L50, M|100\/100\n|switch|p2b: Urshifu|Urshifu-Rapid-Strike, L50, F|100\/100\n|-ability|p1b: Incineroar|Intimidate|boost\n|-unboost|p2a: Tornadus|atk|1\n|-unboost|p2b: Urshifu|atk|1\n|-enditem|p1a: Flutter Mane|Booster Energy\n|-activate|p1a: Flutter Mane|ability: Protosynthesis|[fromitem]\n|-start|p1a: Flutter Mane|protosynthesisspe\n|turn|1\n|\n|t:|1738336124\n|move|p1b: Incineroar|Fake Out|p2b: Urshifu\n|-damage|p2b: Urshifu|90\/100\n|move|p2a: Tornadus|Tailwind|p2a: Tornadus\n|-sidestart|p2: YX3003|move: Tailwind\n|cant|p2b: Urshifu|flinch\n|move|p1a: Flutter Mane|Moonblast|p2a: Tornadus\n|-damage|p2a: Tornadus|41\/100\n|\n|upkeep\n|turn|2\n|\n|t:|1738336141\n|switch|p1b: Wo-Chien|Wo-Chien, L50|100\/100\n|-ability|p1b: Wo-Chien|Tablets of Ruin\n|move|p2b: Urshifu|Close Combat|p1b: Wo-Chien\n|-supereffective|p1b: Wo-Chien\n|-damage|p1b: Wo-Chien|41\/100\n|-unboost|p2b: Urshifu|def|1\n|-unboost|p2b: Urshifu|spd|1\n|-damage|p2b: Urshifu|74\/100|[from] item: Rocky Helmet|[of] p1b: Wo-Chien\n|move|p2a: Tornadus|Bleakwind Storm|p1a: Flutter Mane|[spread] p1a,p1b\n|-supereffective|p1b: Wo-Chien\n|-damage|p1a: Flutter Mane|58\/100\n|-damage|p1b: Wo-Chien|0 fnt\n|faint|p1b: Wo-Chien\n|move|p1a: Flutter Mane|Moonblast|p2b: Urshifu\n|-supereffective|p2b: Urshifu\n|-crit|p2b: Urshifu\n|-damage|p2b: Urshifu|0 fnt\n|faint|p2b: Urshifu\n|\n|upkeep\n|\n|t:|1738336161\n|switch|p2b: Terapagos|Terapagos, L50, M|100\/100\n|switch|p1b: Incineroar|Incineroar, L50, M|100\/100\n|-activate|p2b: Terapagos|ability: Tera Shift\n|detailschange|p2b: Terapagos|Terapagos-Terastal, L50, M\n|-heal|p2b: Terapagos|100\/100|[silent]\n|-ability|p1b: Incineroar|Intimidate|boost\n|-unboost|p2a: Tornadus|atk|1\n|-unboost|p2b: Terapagos|atk|1\n|turn|3\n|\n|t:|1738336186\n|-terastallize|p2b: Terapagos|Stellar\n|detailschange|p2b: Terapagos|Terapagos-Stellar, L50, M, tera:Stellar\n|-heal|p2b: Terapagos|100\/100|[silent]\n|move|p1b: Incineroar|Fake Out|p2b: Terapagos\n|-damage|p2b: Terapagos|94\/100\n|move|p2a: Tornadus|Bleakwind Storm|p1b: Incineroar|[spread] p1a\n|-miss|p2a: Tornadus|p1b: Incineroar\n|-damage|p1a: Flutter Mane|21\/100\n|move|p1a: Flutter Mane|Thunder Wave|p2b: Terapagos\n|-status|p2b: Terapagos|par\n|cant|p2b: Terapagos|flinch\n|\n|upkeep\n|turn|4\n|\n|t:|1738336205\n|move|p1a: Flutter Mane|Protect|p1a: Flutter Mane\n|-singleturn|p1a: Flutter Mane|Protect\n|move|p2a: Tornadus|Bleakwind Storm|p1a: Flutter Mane|[spread] p1b\n|-activate|p1a: Flutter Mane|move: Protect\n|-damage|p1b: Incineroar|69\/100\n|move|p2b: Terapagos|Tera Starstorm|p1a: Flutter Mane|[spread] p1b\n|-activate|p1a: Flutter Mane|move: Protect\n|-damage|p1b: Incineroar|22\/100\n|move|p1b: Incineroar|Knock Off|p2a: Tornadus\n|-damage|p2a: Tornadus|0 fnt\n|-enditem|p2a: Tornadus|Focus Sash|[from] move: Knock Off|[of] p1b: Incineroar\n|faint|p2a: Tornadus\n|\n|-sideend|p2: YX3003|move: Tailwind\n|upkeep\n|\n|t:|1738336208\n|switch|p2a: Iron Valiant|Iron Valiant, L50|100\/100\n|-enditem|p2a: Iron Valiant|Booster Energy\n|-activate|p2a: Iron Valiant|ability: Quark Drive|[fromitem]\n|-start|p2a: Iron Valiant|quarkdrivespe\n|turn|5\n|\n|t:|1738336233\n|move|p1a: Flutter Mane|Moonblast|p2a: Iron Valiant\n|-supereffective|p2a: Iron Valiant\n|-damage|p2a: Iron Valiant|0 fnt\n|faint|p2a: Iron Valiant\n|-end|p2a: Iron Valiant|Quark Drive|[silent]\n|move|p1b: Incineroar|Knock Off|p2b: Terapagos\n|-crit|p2b: Terapagos\n|-damage|p2b: Terapagos|60\/100 par\n|-enditem|p2b: Terapagos|Choice Specs|[from] move: Knock Off|[of] p1b: Incineroar\n|cant|p2b: Terapagos|par\n|\n|upkeep\n|turn|6\n|-message|YX3003 forfeited.\n|\n|win|Ayae.Hakamada\n|raw|Ayae.Hakamada's rating: 1591 &rarr; <strong>1610<\/strong><br \/>(+19 for winning)\n|raw|YX3003's rating: 1567 &rarr; <strong>1548<\/strong><br \/>(-19 for losing)\n|l|\u203dYX3003\n|player|p2|\n|l| TcChains\n|l|\u2606Ayae.Hakamada\n|player|p1|\n","uploadtime":1738336431,"views":5,"formatid":"gen9vgc2025regg","rating":1548,"private":0,"password":null}