{"id":"gen9vgc2025regg-2291838973","format":"[Gen 9] VGC 2025 Reg G","players":["Nociee","Yung Trav"],"log":"|j|\u2606Nociee\n|j|\u203dYung Trav\n|t:|1738336229\n|gametype|doubles\n|player|p1|Nociee|266|1509\n|player|p2|Yung Trav|102|1609\n|teamsize|p1|6\n|teamsize|p2|6\n|gen|9\n|tier|[Gen 9] VGC 2025 Reg G\n|rated|\n|rule|Species Clause: Limit one of each Pok\u00e9mon\n|rule|Item Clause: Limit 1 of each item\n|clearpoke\n|poke|p1|Calyrex-Shadow, L50|\n|poke|p1|Weezing-Galar, L50, F|\n|poke|p1|Dondozo, L50, M|\n|poke|p1|Tatsugiri-Droopy, L50, F|\n|poke|p1|Ting-Lu, L50|\n|poke|p1|Maushold-Four, L50|\n|poke|p2|Calyrex-Ice, L50|\n|poke|p2|Regidrago, L50|\n|poke|p2|Smeargle, L50, M|\n|poke|p2|Farigiraf, L50, M|\n|poke|p2|Urshifu-*, L50, M|\n|poke|p2|Ogerpon-Cornerstone, L50, F|\n|teampreview|4\n|inactive|Battle timer is ON: inactive players will automatically lose when time's up. (requested by Nociee)\n|\n|t:|1738336251\n|start\n|switch|p1a: Weezing|Weezing-Galar, L50, F|100\/100\n|switch|p1b: Ting-Lu|Ting-Lu, L50|100\/100\n|switch|p2a: Calyrex|Calyrex-Ice, L50|100\/100\n|switch|p2b: Smeargle|Smeargle, L50, M, shiny|100\/100\n|-ability|p1a: Weezing|Neutralizing Gas\n|-block|p1b: Ting-Lu|item: Ability Shield\n|-ability|p2a: Calyrex|As One\n|-ability|p2a: Calyrex|Unnerve\n|-ability|p1b: Ting-Lu|Vessel of Ruin\n|turn|1\n|j| TcChains\n|\n|t:|1738336276\n|-terastallize|p2a: Calyrex|Water\n|move|p1a: Weezing|Poison Gas|p2a: Calyrex|[spread] p2a,p2b\n|-status|p2a: Calyrex|psn\n|-status|p2b: Smeargle|psn\n|move|p2a: Calyrex|Glacial Lance|p1a: Weezing|[spread] p1a,p1b\n|-supereffective|p1b: Ting-Lu\n|-damage|p1a: Weezing|48\/100\n|-damage|p1b: Ting-Lu|37\/100\n|move|p2b: Smeargle|Spore|p1a: Weezing\n|-status|p1a: Weezing|slp|[from] move: Spore\n|move|p1b: Ting-Lu|Stealth Rock|p2b: Smeargle\n|-sidestart|p2: Yung Trav|move: Stealth Rock\n|\n|-damage|p2a: Calyrex|88\/100 psn|[from] psn\n|-damage|p2b: Smeargle|88\/100 psn|[from] psn\n|upkeep\n|turn|2\n|inactive|Yung Trav has 30 seconds left.\n|\n|t:|1738336301\n|-end|p1a: Weezing|ability: Neutralizing Gas\n|switch|p1a: Dondozo|Dondozo, L50, M|100\/100\n|switch|p1b: Tatsugiri|Tatsugiri-Droopy, L50, F|100\/100\n|-activate|p1b: Tatsugiri|ability: Commander|[of] p1a: Dondozo\n|-boost|p1a: Dondozo|atk|2\n|-boost|p1a: Dondozo|spa|2\n|-boost|p1a: Dondozo|spe|2\n|-boost|p1a: Dondozo|def|2\n|-boost|p1a: Dondozo|spd|2\n|move|p2b: Smeargle|Spore|p1b: Tatsugiri|[miss]\n|-miss|p2b: Smeargle|p1b: Tatsugiri\n|move|p2a: Calyrex|Trick Room|p2a: Calyrex\n|-fieldstart|move: Trick Room|[of] p2a: Calyrex\n|\n|-damage|p2b: Smeargle|76\/100 psn|[from] psn\n|-damage|p2a: Calyrex|76\/100 psn|[from] psn\n|upkeep\n|turn|3\n|inactive|Nociee has 30 seconds left.\n|\n|t:|1738336333\n|-terastallize|p1a: Dondozo|Grass\n|move|p2b: Smeargle|Spore|p1a: Dondozo\n|-immune|p1a: Dondozo\n|move|p2a: Calyrex|Glacial Lance|p1b: Tatsugiri|[spread] p1a\n|-miss|p2a: Calyrex|p1b: Tatsugiri\n|-supereffective|p1a: Dondozo\n|-damage|p1a: Dondozo|61\/100\n|move|p1a: Dondozo|Order Up|p2a: Calyrex\n|-damage|p2a: Calyrex|43\/100 psn\n|-boost|p1a: Dondozo|def|1\n|\n|-heal|p1a: Dondozo|67\/100|[from] item: Leftovers\n|-damage|p2b: Smeargle|63\/100 psn|[from] psn\n|-damage|p2a: Calyrex|31\/100 psn|[from] psn\n|upkeep\n|turn|4\n|\n|t:|1738336353\n|switch|p2b: Regidrago|Regidrago, L50, shiny|100\/100\n|-damage|p2b: Regidrago|88\/100|[from] Stealth Rock\n|move|p1a: Dondozo|Protect|p1a: Dondozo\n|-singleturn|p1a: Dondozo|Protect\n|move|p2a: Calyrex|Glacial Lance|p1a: Dondozo|[spread] \n|-miss|p2a: Calyrex|p1b: Tatsugiri\n|-activate|p1a: Dondozo|move: Protect\n|\n|-heal|p1a: Dondozo|73\/100|[from] item: Leftovers\n|-damage|p2a: Calyrex|18\/100 psn|[from] psn\n|upkeep\n|turn|5\n|\n|t:|1738336369\n|move|p2b: Regidrago|Dragon Energy|p1b: Tatsugiri|[spread] p1a\n|-miss|p2b: Regidrago|p1b: Tatsugiri\n|-damage|p1a: Dondozo|38\/100\n|move|p2a: Calyrex|Glacial Lance|p1a: Dondozo|[spread] p1a\n|-miss|p2a: Calyrex|p1b: Tatsugiri\n|-supereffective|p1a: Dondozo\n|-crit|p1a: Dondozo\n|-damage|p1a: Dondozo|0 fnt\n|faint|p1a: Dondozo\n|-ability|p2a: Calyrex|Chilling Neigh|boost\n|-boost|p2a: Calyrex|atk|1\n|\n|-damage|p2a: Calyrex|6\/100 psn|[from] psn\n|upkeep\n|\n|t:|1738336387\n|switch|p1a: Ting-Lu|Ting-Lu, L50|37\/100\n|-ability|p1a: Ting-Lu|Vessel of Ruin\n|turn|6\n|\n|t:|1738336395\n|move|p1a: Ting-Lu|Protect|p1a: Ting-Lu\n|-singleturn|p1a: Ting-Lu|Protect\n|move|p1b: Tatsugiri|Protect|p1b: Tatsugiri\n|-singleturn|p1b: Tatsugiri|Protect\n|move|p2b: Regidrago|Dragon Energy|p1a: Ting-Lu|[spread] \n|-activate|p1a: Ting-Lu|move: Protect\n|-activate|p1b: Tatsugiri|move: Protect\n|move|p2a: Calyrex|Glacial Lance|p1b: Tatsugiri|[spread] \n|-activate|p1a: Ting-Lu|move: Protect\n|-activate|p1b: Tatsugiri|move: Protect\n|\n|-damage|p2a: Calyrex|0 fnt|[from] psn\n|faint|p2a: Calyrex\n|-fieldend|move: Trick Room\n|upkeep\n|\n|t:|1738336414\n|switch|p2a: Smeargle|Smeargle, L50, M, shiny|63\/100 psn\n|-damage|p2a: Smeargle|51\/100 psn|[from] Stealth Rock\n|turn|7\n|\n|t:|1738336423\n|switch|p1b: Weezing|Weezing-Galar, L50, F|48\/100 slp\n|-enditem|p1b: Weezing|Sitrus Berry|[eat]\n|-heal|p1b: Weezing|73\/100 slp|[from] item: Sitrus Berry\n|-ability|p1b: Weezing|Neutralizing Gas\n|-block|p1a: Ting-Lu|item: Ability Shield\n|move|p2a: Smeargle|Fake Out|p1b: Weezing\n|-damage|p1b: Weezing|69\/100 slp\n|move|p1a: Ting-Lu|Stomping Tantrum|p2b: Regidrago\n|-damage|p2b: Regidrago|65\/100\n|move|p2b: Regidrago|Dragon Energy|p1a: Ting-Lu|[spread] p1a\n|-immune|p1b: Weezing\n|-damage|p1a: Ting-Lu|16\/100\n|\n|-damage|p2a: Smeargle|39\/100 psn|[from] psn\n|upkeep\n|turn|8\n|\n|t:|1738336446\n|cant|p1b: Weezing|slp\n|move|p2a: Smeargle|Spore|p1a: Ting-Lu\n|-status|p1a: Ting-Lu|slp|[from] move: Spore\n|cant|p1a: Ting-Lu|slp\n|move|p2b: Regidrago|Earth Power|p1b: Weezing\n|-supereffective|p1b: Weezing\n|-damage|p1b: Weezing|25\/100 slp\n|\n|-damage|p2a: Smeargle|26\/100 psn|[from] psn\n|upkeep\n|turn|9\n|inactive|Yung Trav has 30 seconds left.\n|\n|t:|1738336474\n|cant|p1b: Weezing|slp\n|move|p2a: Smeargle|Decorate|p2b: Regidrago\n|-boost|p2b: Regidrago|atk|2\n|-boost|p2b: Regidrago|spa|2\n|-curestatus|p1a: Ting-Lu|slp|[msg]\n|move|p1a: Ting-Lu|Stomping Tantrum|p2b: Regidrago\n|-damage|p2b: Regidrago|13\/100\n|move|p2b: Regidrago|Earth Power|p1b: Weezing\n|-supereffective|p1b: Weezing\n|-damage|p1b: Weezing|0 fnt\n|faint|p1b: Weezing\n|-end|p1b: Weezing|ability: Neutralizing Gas\n|\n|-damage|p2a: Smeargle|14\/100 psn|[from] psn\n|upkeep\n|\n|t:|1738336488\n|switch|p1b: Tatsugiri|Tatsugiri-Droopy, L50, F|100\/100\n|turn|10\n|\n|t:|1738336502\n|move|p1b: Tatsugiri|Protect|p1b: Tatsugiri\n|-singleturn|p1b: Tatsugiri|Protect\n|move|p2a: Smeargle|Spore|p1b: Tatsugiri\n|-activate|p1b: Tatsugiri|move: Protect\n|move|p1a: Ting-Lu|Stomping Tantrum|p2b: Regidrago\n|-damage|p2b: Regidrago|0 fnt\n|faint|p2b: Regidrago\n|\n|-damage|p2a: Smeargle|2\/100 psn|[from] psn\n|upkeep\n|\n|t:|1738336514\n|switch|p2b: Urshifu|Urshifu, L50, M|100\/100\n|-damage|p2b: Urshifu|94\/100|[from] Stealth Rock\n|turn|11\n|\n|t:|1738336524\n|move|p2b: Urshifu|Wicked Blow|p1a: Ting-Lu\n|-resisted|p1a: Ting-Lu\n|-crit|p1a: Ting-Lu\n|-damage|p1a: Ting-Lu|0 fnt\n|faint|p1a: Ting-Lu\n|move|p1b: Tatsugiri|Muddy Water|p2b: Urshifu|[spread] p2a,p2b\n|-damage|p2a: Smeargle|0 fnt\n|-damage|p2b: Urshifu|44\/100\n|faint|p2a: Smeargle\n|\n|upkeep\n|turn|12\n|\n|t:|1738336536\n|move|p2b: Urshifu|Wicked Blow|p1b: Tatsugiri\n|-crit|p1b: Tatsugiri\n|-enditem|p1b: Tatsugiri|Focus Sash\n|-damage|p1b: Tatsugiri|1\/100\n|move|p1b: Tatsugiri|Draco Meteor|p2b: Urshifu\n|-damage|p2b: Urshifu|0 fnt\n|-unboost|p1b: Tatsugiri|spa|2\n|faint|p2b: Urshifu\n|\n|win|Nociee\n|raw|Nociee's rating: 1509 &rarr; <strong>1535<\/strong><br \/>(+26 for winning)\n|raw|Yung Trav's rating: 1609 &rarr; <strong>1583<\/strong><br \/>(-26 for losing)\n|l| TcChains\n|l|\u2606Nociee\n|player|p1|\n|l|\u203dYung Trav\n|player|p2|\n","uploadtime":1738336708,"views":13,"formatid":"gen9vgc2025regg","rating":1535,"private":0,"password":null}