{"id":"gen9vgc2025regg-2291709708","format":"[Gen 9] VGC 2025 Reg G","players":["zero_the_enforcer","Lacossg"],"log":"|j|\u2606zero_the_enforcer\n|j|\u2606Lacossg\n|t:|1738317474\n|gametype|doubles\n|player|p1|zero_the_enforcer|1|1509\n|player|p2|Lacossg|170|1557\n|teamsize|p1|6\n|teamsize|p2|6\n|gen|9\n|tier|[Gen 9] VGC 2025 Reg G\n|rated|\n|rule|Species Clause: Limit one of each Pok\u00e9mon\n|rule|Item Clause: Limit 1 of each item\n|clearpoke\n|poke|p1|Miraidon, L50|\n|poke|p1|Chi-Yu, L50|\n|poke|p1|Whimsicott, L50, F|\n|poke|p1|Farigiraf, L50, F|\n|poke|p1|Ursaluna, L50, F|\n|poke|p1|Grimmsnarl, L50, M|\n|poke|p2|Grimmsnarl, L50, M|\n|poke|p2|Lunala, L50|\n|poke|p2|Indeedee-F, L50, F|\n|poke|p2|Roaring Moon, L50|\n|poke|p2|Urshifu-*, L50, M|\n|poke|p2|Ursaluna, L50, M|\n|teampreview|4\n|l|\u2606Lacossg\n|player|p2|\n|j|\u2606Lacossg\n|player|p2|Lacossg|170|\n|\n|t:|1738317520\n|start\n|switch|p1a: Chi-Yu|Chi-Yu, L50|100\/100\n|switch|p1b: Miraidon|Miraidon, L50|100\/100\n|switch|p2a: Roaring Moon|Roaring Moon, L50|100\/100\n|switch|p2b: Lunala|Lunala, L50|100\/100\n|-ability|p1a: Chi-Yu|Beads of Ruin\n|-fieldstart|move: Electric Terrain|[from] ability: Hadron Engine|[of] p1b: Miraidon\n|-enditem|p2a: Roaring Moon|Booster Energy\n|-activate|p2a: Roaring Moon|ability: Protosynthesis|[fromitem]\n|-start|p2a: Roaring Moon|protosynthesisspe\n|turn|1\n|j| shiweiye\n|\n|t:|1738317550\n|move|p2a: Roaring Moon|Tailwind|p2a: Roaring Moon\n|-sidestart|p2: Lacossg|move: Tailwind\n|move|p2b: Lunala|Meteor Beam||[still]\n|-prepare|p2b: Lunala|Meteor Beam\n|-boost|p2b: Lunala|spa|1\n|-enditem|p2b: Lunala|Power Herb\n|-anim|p2b: Lunala|Meteor Beam|p1a: Chi-Yu\n|-supereffective|p1a: Chi-Yu\n|-damage|p1a: Chi-Yu|0 fnt\n|faint|p1a: Chi-Yu\n|move|p1b: Miraidon|Volt Switch|p2b: Lunala\n|-damage|p2b: Lunala|62\/100\n|\n|t:|1738317563\n|switch|p1b: Grimmsnarl|Grimmsnarl, L50, M|100\/100|[from] Volt Switch\n|\n|upkeep\n|\n|t:|1738317567\n|switch|p1a: Miraidon|Miraidon, L50|100\/100\n|-activate|p1a: Miraidon|ability: Hadron Engine\n|turn|2\n|\n|t:|1738317586\n|-terastallize|p1a: Miraidon|Fairy\n|move|p1b: Grimmsnarl|Sucker Punch|p2b: Lunala\n|-supereffective|p2b: Lunala\n|-damage|p2b: Lunala|0 fnt\n|faint|p2b: Lunala\n|move|p2a: Roaring Moon|Knock Off|p1a: Miraidon\n|-resisted|p1a: Miraidon\n|-damage|p1a: Miraidon|80\/100\n|-enditem|p1a: Miraidon|Choice Specs|[from] move: Knock Off|[of] p2a: Roaring Moon\n|move|p1a: Miraidon|Dazzling Gleam|p2a: Roaring Moon\n|-supereffective|p2a: Roaring Moon\n|-damage|p2a: Roaring Moon|0 fnt\n|faint|p2a: Roaring Moon\n|-end|p2a: Roaring Moon|Protosynthesis|[silent]\n|\n|upkeep\n|\n|t:|1738317594\n|switch|p2a: Indeedee|Indeedee-F, L50, F|100\/100\n|switch|p2b: Ursaluna|Ursaluna, L50, M|100\/100\n|-fieldstart|move: Psychic Terrain|[from] ability: Psychic Surge|[of] p2a: Indeedee\n|turn|3\n|\n|t:|1738317608\n|move|p1b: Grimmsnarl|Reflect|p1b: Grimmsnarl\n|-sidestart|p1: zero_the_enforcer|Reflect\n|move|p2a: Indeedee|Heal Pulse|p2b: Ursaluna\n|-fail|p2b: Ursaluna|heal\n|move|p1a: Miraidon|Dazzling Gleam|p2a: Indeedee|[spread] p2a,p2b\n|-crit|p2a: Indeedee\n|-damage|p2a: Indeedee|56\/100\n|-damage|p2b: Ursaluna|74\/100\n|move|p2b: Ursaluna|Substitute|p2b: Ursaluna\n|-start|p2b: Ursaluna|Substitute\n|-damage|p2b: Ursaluna|49\/100\n|\n|-status|p2b: Ursaluna|brn|[from] item: Flame Orb\n|upkeep\n|turn|4\n|l|\u2606Lacossg\n|player|p2|\n|j|\u2606Lacossg\n|player|p2|Lacossg|170|\n|\n|t:|1738317650\n|-terastallize|p2b: Ursaluna|Fairy\n|move|p2a: Indeedee|Helping Hand|p2b: Ursaluna\n|-singleturn|p2b: Ursaluna|Helping Hand|[of] p2a: Indeedee\n|move|p1a: Miraidon|Dazzling Gleam|p2b: Ursaluna|[spread] p2a,p2b\n|-end|p2b: Ursaluna|Substitute\n|-damage|p2a: Indeedee|28\/100\n|move|p2b: Ursaluna|Facade|p1a: Miraidon\n|-damage|p1a: Miraidon|0 fnt\n|faint|p1a: Miraidon\n|move|p1b: Grimmsnarl|Foul Play|p2b: Ursaluna\n|-resisted|p2b: Ursaluna\n|-damage|p2b: Ursaluna|25\/100 brn\n|\n|-damage|p2b: Ursaluna|19\/100 brn|[from] brn\n|-sideend|p2: Lacossg|move: Tailwind\n|upkeep\n|l|\u2606Lacossg\n|player|p2|\n|\n|t:|1738317666\n|switch|p1a: Ursaluna|Ursaluna, L50, F|100\/100\n|turn|5\n|j|\u2606Lacossg\n|player|p2|Lacossg|170|\n|\n|t:|1738317695\n|move|p2a: Indeedee|Heal Pulse|p2b: Ursaluna\n|-heal|p2b: Ursaluna|69\/100 brn\n|move|p2b: Ursaluna|Facade|p1a: Ursaluna\n|-damage|p1a: Ursaluna|38\/100\n|move|p1b: Grimmsnarl|Foul Play|p2b: Ursaluna\n|-resisted|p2b: Ursaluna\n|-damage|p2b: Ursaluna|46\/100 brn\n|move|p1a: Ursaluna|Earthquake|p2a: Indeedee|[spread] p1b,p2a,p2b\n|-damage|p1b: Grimmsnarl|70\/100\n|-damage|p2a: Indeedee|0 fnt\n|-damage|p2b: Ursaluna|13\/100 brn\n|faint|p2a: Indeedee\n|\n|-damage|p2b: Ursaluna|7\/100 brn|[from] brn\n|-status|p1a: Ursaluna|brn|[from] item: Flame Orb\n|upkeep\n|turn|6\n|\n|t:|1738317710\n|move|p2b: Ursaluna|Facade|p1a: Ursaluna\n|-damage|p1a: Ursaluna|0 fnt\n|faint|p1a: Ursaluna\n|move|p1b: Grimmsnarl|Foul Play|p2b: Ursaluna\n|-resisted|p2b: Ursaluna\n|-damage|p2b: Ursaluna|0 fnt\n|faint|p2b: Ursaluna\n|\n|win|zero_the_enforcer\n|raw|zero_the_enforcer's rating: 1509 &rarr; <strong>1532<\/strong><br \/>(+23 for winning)\n|raw|Lacossg's rating: 1557 &rarr; <strong>1534<\/strong><br \/>(-23 for losing)\n|l|\u2606Lacossg\n|player|p2|\n|l| shiweiye\n|l|\u2606zero_the_enforcer\n|player|p1|\n|j|\u2606zero_the_enforcer\n|player|p1|zero_the_enforcer|1|\n","uploadtime":1738317720,"views":10,"formatid":"gen9vgc2025regg","rating":1532,"private":0,"password":null}