{"id":"gen9vgc2025regg-2291281282","format":"[Gen 9] VGC 2025 Reg G","players":["Mildly Displeased","lichuvgc"],"log":"|j|\u2606Mildly Displeased\n|j|\u2606lichuvgc\n|t:|1738258650\n|gametype|doubles\n|player|p1|Mildly Displeased|lillie|1675\n|player|p2|lichuvgc|170|1566\n|teamsize|p1|6\n|teamsize|p2|6\n|gen|9\n|tier|[Gen 9] VGC 2025 Reg G\n|rated|\n|rule|Species Clause: Limit one of each Pok\u00e9mon\n|rule|Item Clause: Limit 1 of each item\n|clearpoke\n|poke|p1|Primarina, L50, M|\n|poke|p1|Talonflame, L50, F|\n|poke|p1|Zamazenta-*, L50|\n|poke|p1|Rillaboom, L50, M|\n|poke|p1|Iron Treads, L50|\n|poke|p1|Chien-Pao, L50|\n|poke|p2|Calyrex-Ice, L50|\n|poke|p2|Urshifu-*, L50, M|\n|poke|p2|Smeargle, L50, F|\n|poke|p2|Farigiraf, L50, F|\n|poke|p2|Ursaluna-Bloodmoon, L50, M|\n|poke|p2|Torkoal, L50, M|\n|teampreview|4\n|inactive|Battle timer is ON: inactive players will automatically lose when time's up. (requested by Mildly Displeased)\nMildly Displeased rejected open team sheets.\n|inactive|lichuvgc has 60 seconds left.\n|\n|t:|1738258709\n|start\n|switch|p1a: Talonflame|Talonflame, L50, F, shiny|100\/100\n|switch|p1b: Chien-Pao|Chien-Pao, L50|100\/100\n|switch|p2a: Smeargle|Smeargle, L50, F|100\/100\n|switch|p2b: Farigiraf|Farigiraf, L50, F|100\/100\n|-ability|p1b: Chien-Pao|Sword of Ruin\n|turn|1\n|\n|t:|1738258729\n|move|p2a: Smeargle|Fake Out|p1b: Chien-Pao\n|-damage|p1b: Chien-Pao|93\/100\n|cant|p1b: Chien-Pao|flinch\n|move|p1a: Talonflame|Taunt|p2b: Farigiraf\n|-start|p2b: Farigiraf|move: Taunt\n|cant|p2b: Farigiraf|move: Taunt|Trick Room\n|\n|-ability|p2a: Smeargle|Moody|boost\n|-boost|p2a: Smeargle|atk|2\n|-unboost|p2a: Smeargle|spe|1\n|-enditem|p2a: Smeargle|Eject Pack\n|upkeep\n|j| surgevgc\n|\n|t:|1738258740\n|switch|p2a: Calyrex|Calyrex-Ice, L50|100\/100\n|-ability|p2a: Calyrex|As One\n|-ability|p2a: Calyrex|Unnerve\n|turn|2\n|\n|t:|1738258763\n|-terastallize|p1b: Chien-Pao|Dark\n|move|p1a: Talonflame|Brave Bird||[still]\n|cant|p2b: Farigiraf|ability: Armor Tail|Brave Bird|[of] p1a: Talonflame\n|move|p1b: Chien-Pao|Crunch|p2a: Calyrex\n|-supereffective|p2a: Calyrex\n|-damage|p2a: Calyrex|6\/100\n|move|p2b: Farigiraf|Foul Play|p1b: Chien-Pao\n|-resisted|p1b: Chien-Pao\n|-damage|p1b: Chien-Pao|72\/100\n|move|p2a: Calyrex|Glacial Lance|p1b: Chien-Pao|[spread] p1a,p1b\n|-damage|p1a: Talonflame|0 fnt\n|-damage|p1b: Chien-Pao|0 fnt\n|faint|p1a: Talonflame\n|faint|p1b: Chien-Pao\n|-ability|p2a: Calyrex|Chilling Neigh|boost\n|-boost|p2a: Calyrex|atk|2\n|\n|upkeep\n|\n|t:|1738258771\n|switch|p1b: Zamazenta|Zamazenta-Crowned, L50|100\/100\n|switch|p1a: Primarina|Primarina, L50, M, shiny|100\/100\n|-ability|p1b: Zamazenta|Dauntless Shield|boost\n|-boost|p1b: Zamazenta|def|1\n|turn|3\n|inactive|lichuvgc has 30 seconds left.\n|\n|t:|1738258799\n|switch|p2b: Smeargle|Smeargle, L50, F|100\/100\n|move|p2a: Calyrex|Protect|p2a: Calyrex\n|-singleturn|p2a: Calyrex|Protect\n|move|p1b: Zamazenta|Iron Defense|p1b: Zamazenta\n|-boost|p1b: Zamazenta|def|2\n|move|p1a: Primarina|Hyper Voice|p2b: Smeargle|[spread] p2b\n|-activate|p2a: Calyrex|move: Protect\n|-damage|p2b: Smeargle|24\/100\n|-enditem|p1a: Primarina|Throat Spray\n|-boost|p1a: Primarina|spa|1|[from] item: Throat Spray\n|\n|-ability|p2b: Smeargle|Moody|boost\n|-boost|p2b: Smeargle|spd|2\n|-unboost|p2b: Smeargle|spe|1\n|upkeep\n|turn|4\n|\n|t:|1738258818\n|move|p2b: Smeargle|Wide Guard|p2b: Smeargle\n|-singleturn|p2b: Smeargle|Wide Guard\n|move|p1b: Zamazenta|Body Press|p2a: Calyrex\n|-damage|p2a: Calyrex|0 fnt\n|faint|p2a: Calyrex\n|move|p1a: Primarina|Hyper Voice|p2b: Smeargle\n|-activate|p2b: Smeargle|move: Wide Guard\n|\n|-ability|p2b: Smeargle|Moody|boost\n|-boost|p2b: Smeargle|atk|2\n|-unboost|p2b: Smeargle|def|1\n|upkeep\n|\n|t:|1738258829\n|switch|p2a: Farigiraf|Farigiraf, L50, F|100\/100\n|turn|5\n|\n|t:|1738258842\n|move|p2b: Smeargle|Follow Me|p2b: Smeargle\n|-singleturn|p2b: Smeargle|move: Follow Me\n|move|p1b: Zamazenta|Body Press|p2b: Smeargle\n|-supereffective|p2b: Smeargle\n|-damage|p2b: Smeargle|0 fnt\n|faint|p2b: Smeargle\n|move|p1a: Primarina|Hyper Voice|p2a: Farigiraf\n|-damage|p2a: Farigiraf|36\/100\n|move|p2a: Farigiraf|Trick Room|p2a: Farigiraf\n|-fieldstart|move: Trick Room|[of] p2a: Farigiraf\n|\n|upkeep\n|\n|t:|1738258855\n|switch|p2b: Ursaluna|Ursaluna-Bloodmoon, L50, M|100\/100\n|turn|6\n|\n|t:|1738258873\n|-terastallize|p2b: Ursaluna|Ghost\n|move|p2a: Farigiraf|Helping Hand|p2b: Ursaluna\n|-singleturn|p2b: Ursaluna|Helping Hand|[of] p2a: Farigiraf\n|move|p2b: Ursaluna|Blood Moon|p1a: Primarina\n|-damage|p1a: Primarina|0 fnt\n|faint|p1a: Primarina\n|-damage|p2b: Ursaluna|91\/100|[from] item: Life Orb\n|move|p1b: Zamazenta|Body Press|p2b: Ursaluna\n|-immune|p2b: Ursaluna\n|\n|upkeep\n|turn|7\n|\n|t:|1738258888\n|move|p2a: Farigiraf|Ally Switch|p2a: Farigiraf\n|swap|p2a: Farigiraf|1|[from] move: Ally Switch\n|move|p2a: Ursaluna|Earth Power|p1b: Zamazenta\n|-supereffective|p1b: Zamazenta\n|-damage|p1b: Zamazenta|0 fnt\n|faint|p1b: Zamazenta\n|-damage|p2a: Ursaluna|81\/100|[from] item: Life Orb\n|\n|win|lichuvgc\n|raw|Mildly Displeased's rating: 1675 &rarr; <strong>1649<\/strong><br \/>(-26 for losing)\n|raw|lichuvgc's rating: 1566 &rarr; <strong>1592<\/strong><br \/>(+26 for winning)\n|l|\u2606Mildly Displeased\n|player|p1|\n|l| surgevgc\n","uploadtime":1738258924,"views":30,"formatid":"gen9vgc2025regg","rating":1592,"private":0,"password":null}