{"id":"gen9vgc2025regg-2291868808","format":"[Gen 9] VGC 2025 Reg G","players":["Farhaz_VGC","Luh_simoes-04"],"log":"|j|\u2606Farhaz_VGC\n|j|\u2606Luh_simoes-04\n|t:|1738339376\n|gametype|doubles\n|player|p1|Farhaz_VGC|rosa|1570\n|player|p2|Luh_simoes-04|drayden|1587\n|teamsize|p1|6\n|teamsize|p2|6\n|gen|9\n|tier|[Gen 9] VGC 2025 Reg G\n|rated|\n|rule|Species Clause: Limit one of each Pok\u00e9mon\n|rule|Item Clause: Limit 1 of each item\n|clearpoke\n|poke|p1|Tornadus, L50, M|\n|poke|p1|Urshifu-*, L50, F|\n|poke|p1|Incineroar, L50, F|\n|poke|p1|Landorus-Therian, L50, M|\n|poke|p1|Calyrex-Shadow, L50|\n|poke|p1|Farigiraf, L50, F|\n|poke|p2|Indeedee-F, L50, F|\n|poke|p2|Calyrex-Ice, L50|\n|poke|p2|Urshifu-*, L50, F|\n|poke|p2|Chandelure, L50, F|\n|poke|p2|Enamorus-Therian, L50, F|\n|poke|p2|Ogerpon-Cornerstone, L50, F|\n|teampreview|4\n|inactive|Battle timer is ON: inactive players will automatically lose when time's up. (requested by Luh_simoes-04)\n|inactive|Farhaz_VGC has 60 seconds left.\n|j| Triple20\n|\n|t:|1738339432\n|start\n|switch|p1a: Urshifu|Urshifu, L50, F|100\/100\n|switch|p1b: Farigiraf|Farigiraf, L50, F|100\/100\n|switch|p2a: Indeedee|Indeedee-F, L50, F|100\/100\n|switch|p2b: Calyrex|Calyrex-Ice, L50|100\/100\n|-ability|p2b: Calyrex|As One\n|-ability|p2b: Calyrex|Unnerve\n|-fieldstart|move: Psychic Terrain|[from] ability: Psychic Surge|[of] p2a: Indeedee\n|turn|1\n|\n|t:|1738339449\n|-terastallize|p2a: Indeedee|Grass\n|move|p2a: Indeedee|Follow Me|p2a: Indeedee\n|-singleturn|p2a: Indeedee|move: Follow Me\n|move|p1a: Urshifu|Wicked Blow|p2a: Indeedee\n|-crit|p2a: Indeedee\n|-damage|p2a: Indeedee|36\/100\n|move|p1b: Farigiraf|Imprison|p1b: Farigiraf\n|-start|p1b: Farigiraf|move: Imprison\n|move|p2b: Calyrex|Glacial Lance|p1a: Urshifu|[spread] p1a,p1b\n|-crit|p1a: Urshifu\n|-damage|p1a: Urshifu|15\/100\n|-damage|p1b: Farigiraf|43\/100\n|\n|upkeep\n|turn|2\n|inactive|Farhaz_VGC has 30 seconds left.\n|\n|t:|1738339475\n|move|p1a: Urshifu|Detect|p1a: Urshifu\n|-singleturn|p1a: Urshifu|Protect\n|move|p2a: Indeedee|Follow Me|p2a: Indeedee\n|-singleturn|p2a: Indeedee|move: Follow Me\n|move|p1b: Farigiraf|Hyper Voice|p2a: Indeedee|[spread] p2a,p2b\n|-damage|p2a: Indeedee|8\/100\n|-damage|p2b: Calyrex|79\/100\n|-enditem|p1b: Farigiraf|Throat Spray\n|-boost|p1b: Farigiraf|spa|1|[from] item: Throat Spray\n|move|p2b: Calyrex|Glacial Lance|p1a: Urshifu|[spread] p1b\n|-activate|p1a: Urshifu|move: Protect\n|-damage|p1b: Farigiraf|0 fnt\n|faint|p1b: Farigiraf\n|-ability|p2b: Calyrex|Chilling Neigh|boost\n|-boost|p2b: Calyrex|atk|1\n|\n|upkeep\n|\n|t:|1738339489\n|switch|p1b: Calyrex|Calyrex-Shadow, L50|100\/100\n|-ability|p1b: Calyrex|As One\n|-ability|p1b: Calyrex|Unnerve\n|turn|3\n|\n|t:|1738339513\n|switch|p2b: Enamorus|Enamorus-Therian, L50, F|100\/100\n|move|p1b: Calyrex|Astral Barrage|p2a: Indeedee|[spread] p2a,p2b\n|-damage|p2a: Indeedee|0 fnt\n|-damage|p2b: Enamorus|30\/100\n|faint|p2a: Indeedee\n|-ability|p1b: Calyrex|Grim Neigh|boost\n|-boost|p1b: Calyrex|spa|1\n|move|p1a: Urshifu|Wicked Blow|p2b: Enamorus\n|-resisted|p2b: Enamorus\n|-crit|p2b: Enamorus\n|-damage|p2b: Enamorus|1\/100\n|\n|upkeep\n|\n|t:|1738339527\n|switch|p2a: Ogerpon|Ogerpon-Cornerstone, L50, F|100\/100\n|turn|4\n|\n|t:|1738339536\n|move|p2b: Enamorus|Protect|p2b: Enamorus\n|-singleturn|p2b: Enamorus|Protect\n|move|p1b: Calyrex|Astral Barrage|p2a: Ogerpon|[spread] p2a\n|-activate|p2b: Enamorus|move: Protect\n|-ability|p2a: Ogerpon|Sturdy\n|-damage|p2a: Ogerpon|1\/100\n|move|p1a: Urshifu|Wicked Blow|p2a: Ogerpon\n|-crit|p2a: Ogerpon\n|-damage|p2a: Ogerpon|0 fnt\n|faint|p2a: Ogerpon\n|\n|upkeep\n|\n|t:|1738339541\n|switch|p2a: Calyrex|Calyrex-Ice, L50|79\/100\n|-ability|p2a: Calyrex|As One\n|-ability|p2a: Calyrex|Unnerve\n|turn|5\n|\n|t:|1738339554\n|move|p1b: Calyrex|Astral Barrage|p2a: Calyrex|[spread] p2a,p2b\n|-supereffective|p2a: Calyrex\n|-damage|p2a: Calyrex|0 fnt\n|-damage|p2b: Enamorus|0 fnt\n|faint|p2a: Calyrex\n|faint|p2b: Enamorus\n|\n|win|Farhaz_VGC\n|raw|Farhaz_VGC's rating: 1570 &rarr; <strong>1591<\/strong><br \/>(+21 for winning)\n|raw|Luh_simoes-04's rating: 1587 &rarr; <strong>1566<\/strong><br \/>(-21 for losing)\n|l|\u2606Luh_simoes-04\n|player|p2|\n|l|\u2606Farhaz_VGC\n|player|p1|\n","uploadtime":1738339752,"views":12,"formatid":"gen9vgc2025regg","rating":1566,"private":0,"password":null}