{"id":"gen9vgc2025regg-2291848593","format":"[Gen 9] VGC 2025 Reg G","players":["Hanou143","kfjtdhynd"],"log":"|j|\u2606Hanou143\n|j|\u2606kfjtdhynd\n|t:|1738337265\n|gametype|doubles\n|player|p1|Hanou143|170|1611\n|player|p2|kfjtdhynd|102|1591\n|teamsize|p1|6\n|teamsize|p2|6\n|gen|9\n|tier|[Gen 9] VGC 2025 Reg G\n|rated|\n|rule|Species Clause: Limit one of each Pok\u00e9mon\n|rule|Item Clause: Limit 1 of each item\n|clearpoke\n|poke|p1|Calyrex-Shadow, L50|\n|poke|p1|Jigglypuff, L50, F|\n|poke|p1|Pelipper, L50, M|\n|poke|p1|Rillaboom, L50, M|\n|poke|p1|Incineroar, L50, M|\n|poke|p1|Urshifu-*, L50, M|\n|poke|p2|Lunala, L50|\n|poke|p2|Rillaboom, L50, M|\n|poke|p2|Urshifu-*, L50, F|\n|poke|p2|Ursaluna, L50, M|\n|poke|p2|Incineroar, L50, F|\n|poke|p2|Amoonguss, L50, F|\n|teampreview|4\n|j| cccue6tu\n|inactive|Battle timer is ON: inactive players will automatically lose when time's up. (requested by Hanou143)\n|\n|t:|1738337320\n|start\n|switch|p1a: Calyrex|Calyrex-Shadow, L50|100\/100\n|switch|p1b: Incineroar|Incineroar, L50, M|100\/100\n|switch|p2a: Urshifu|Urshifu-Rapid-Strike, L50, F|100\/100\n|switch|p2b: Lunala|Lunala, L50|100\/100\n|-ability|p1a: Calyrex|As One\n|-ability|p1a: Calyrex|Unnerve\n|-ability|p1b: Incineroar|Intimidate|boost\n|-unboost|p2a: Urshifu|atk|1\n|-unboost|p2b: Lunala|atk|1\n|turn|1\n|\n|t:|1738337338\n|switch|p2a: Ursaluna|Ursaluna, L50, M|100\/100\n|-terastallize|p1a: Calyrex|Grass\n|-terastallize|p2b: Lunala|Fairy\n|move|p1b: Incineroar|Fake Out|p2a: Ursaluna\n|-damage|p2a: Ursaluna|90\/100\n|move|p1a: Calyrex|Calm Mind|p1a: Calyrex\n|-boost|p1a: Calyrex|spa|1\n|-boost|p1a: Calyrex|spd|1\n|move|p2b: Lunala|Trick Room|p2b: Lunala\n|-fieldstart|move: Trick Room|[of] p2b: Lunala\n|\n|-status|p2a: Ursaluna|brn|[from] item: Flame Orb\n|upkeep\n|turn|2\n|\n|t:|1738337358\n|move|p1a: Calyrex|Protect|p1a: Calyrex\n|-singleturn|p1a: Calyrex|Protect\n|move|p2a: Ursaluna|Facade|p1a: Calyrex\n|-activate|p1a: Calyrex|move: Protect\n|move|p1b: Incineroar|Parting Shot|p2a: Ursaluna\n|-unboost|p2a: Ursaluna|atk|1\n|-unboost|p2a: Ursaluna|spa|1\n|\n|t:|1738337378\n|switch|p1b: Rillaboom|Rillaboom, L50, M|100\/100|[from] Parting Shot\n|-fieldstart|move: Grassy Terrain|[from] ability: Grassy Surge|[of] p1b: Rillaboom\n|move|p2b: Lunala|Meteor Beam||[still]\n|-prepare|p2b: Lunala|Meteor Beam\n|-boost|p2b: Lunala|spa|1\n|-enditem|p2b: Lunala|Power Herb\n|-anim|p2b: Lunala|Meteor Beam|p1b: Rillaboom\n|-damage|p1b: Rillaboom|57\/100\n|\n|-heal|p2a: Ursaluna|96\/100 brn|[from] Grassy Terrain\n|-heal|p1b: Rillaboom|63\/100|[from] Grassy Terrain\n|-damage|p2a: Ursaluna|90\/100 brn|[from] brn\n|upkeep\n|turn|3\n|inactive|Hanou143 has 30 seconds left.\n|inactive|kfjtdhynd has 30 seconds left.\n|inactive|Hanou143 has 20 seconds left.\n|inactive|kfjtdhynd has 20 seconds left.\n|\n|t:|1738337421\n|switch|p2a: Amoonguss|Amoonguss, L50, F|100\/100\n|move|p1b: Rillaboom|Fake Out|p2a: Amoonguss\n|-damage|p2a: Amoonguss|89\/100\n|move|p2b: Lunala|Moonblast|p1b: Rillaboom\n|-damage|p1b: Rillaboom|15\/100\n|move|p1a: Calyrex|Calm Mind|p1a: Calyrex\n|-boost|p1a: Calyrex|spa|1\n|-boost|p1a: Calyrex|spd|1\n|\n|-heal|p2a: Amoonguss|95\/100|[from] Grassy Terrain\n|-heal|p1b: Rillaboom|21\/100|[from] Grassy Terrain\n|upkeep\n|turn|4\n|inactive|Hanou143 has 30 seconds left.\n|inactive|kfjtdhynd has 30 seconds left.\n|\n|t:|1738337451\n|switch|p1b: Jigglypuff|Jigglypuff, L50, F|100\/100\n|move|p2a: Amoonguss|Pollen Puff|p1b: Jigglypuff\n|-resisted|p1b: Jigglypuff\n|-crit|p1b: Jigglypuff\n|-damage|p1b: Jigglypuff|87\/100\n|move|p2b: Lunala|Moonblast|p1a: Calyrex\n|-damage|p1a: Calyrex|75\/100\n|move|p1a: Calyrex|Astral Barrage|p2a: Amoonguss|[spread] p2a,p2b\n|-damage|p2a: Amoonguss|16\/100\n|-damage|p2b: Lunala|67\/100\n|\n|-heal|p1b: Jigglypuff|93\/100|[from] Grassy Terrain\n|-heal|p2a: Amoonguss|22\/100|[from] Grassy Terrain\n|-heal|p2b: Lunala|73\/100|[from] Grassy Terrain\n|-heal|p1a: Calyrex|81\/100|[from] Grassy Terrain\n|upkeep\n|turn|5\n|inactive|kfjtdhynd has 30 seconds left.\n|inactive|Hanou143 has 30 seconds left.\n|inactive|kfjtdhynd has 20 seconds left.\n|inactive|kfjtdhynd has 15 seconds left.\n|inactive|kfjtdhynd has 10 seconds left.\n|\n|t:|1738337497\n|switch|p2b: Ursaluna|Ursaluna, L50, M|90\/100 brn\n|move|p1b: Jigglypuff|Sing|p2b: Ursaluna|[miss]\n|-miss|p1b: Jigglypuff|p2b: Ursaluna\n|move|p2a: Amoonguss|Spore|p1b: Jigglypuff\n|-status|p1b: Jigglypuff|slp|[from] move: Spore\n|move|p1a: Calyrex|Giga Drain|p2a: Amoonguss\n|-resisted|p2a: Amoonguss\n|-damage|p2a: Amoonguss|0 fnt\n|-heal|p1a: Calyrex|93\/100|[from] drain|[of] p2a: Amoonguss\n|faint|p2a: Amoonguss\n|-ability|p1a: Calyrex|Grim Neigh|boost\n|-boost|p1a: Calyrex|spa|1\n|\n|-heal|p1b: Jigglypuff|98\/100 slp|[from] Grassy Terrain\n|-heal|p2b: Ursaluna|96\/100 brn|[from] Grassy Terrain\n|-heal|p1a: Calyrex|99\/100|[from] Grassy Terrain\n|-damage|p2b: Ursaluna|90\/100 brn|[from] brn\n|-fieldend|move: Trick Room\n|upkeep\n|\n|t:|1738337509\n|switch|p2a: Urshifu|Urshifu-Rapid-Strike, L50, F|100\/100\n|turn|6\n|inactive|kfjtdhynd has 30 seconds left.\n|inactive|kfjtdhynd has 20 seconds left.\n|inactive|kfjtdhynd has 15 seconds left.\n|\n|t:|1738337550\n|move|p1a: Calyrex|Giga Drain|p2b: Ursaluna\n|-supereffective|p2b: Ursaluna\n|-damage|p2b: Ursaluna|0 fnt\n|-heal|p1a: Calyrex|100\/100|[from] drain|[of] p2b: Ursaluna\n|faint|p2b: Ursaluna\n|-ability|p1a: Calyrex|Grim Neigh|boost\n|-boost|p1a: Calyrex|spa|1\n|move|p2a: Urshifu|Close Combat|p1a: Calyrex\n|-damage|p1a: Calyrex|67\/100\n|-unboost|p2a: Urshifu|def|1\n|-unboost|p2a: Urshifu|spd|1\n|cant|p1b: Jigglypuff|slp\n|\n|-heal|p1a: Calyrex|72\/100|[from] Grassy Terrain\n|-heal|p1b: Jigglypuff|100\/100 slp|[from] Grassy Terrain\n|-fieldend|move: Grassy Terrain\n|upkeep\n|\n|t:|1738337552\n|switch|p2b: Lunala|Lunala, L50, tera:Fairy|73\/100\n|turn|7\n|-message|kfjtdhynd forfeited.\n|\n|win|Hanou143\n|raw|Hanou143's rating: 1611 &rarr; <strong>1630<\/strong><br \/>(+19 for winning)\n|raw|kfjtdhynd's rating: 1591 &rarr; <strong>1572<\/strong><br \/>(-19 for losing)\n|l|\u2606kfjtdhynd\n|player|p2|\n|l|\u2606Hanou143\n|player|p1|\n","uploadtime":1738337815,"views":10,"formatid":"gen9vgc2025regg","rating":1572,"private":0,"password":null}