{"id":"gen9vgc2025regg-2291566106","format":"[Gen 9] VGC 2025 Reg G","players":["GucciSoup","ponz3557"],"log":"|j|\u2606GucciSoup\n|j|\u2606ponz3557\n|t:|1738291919\n|gametype|doubles\n|player|p1|GucciSoup|wallace|1554\n|player|p2|ponz3557|170|1592\n|teamsize|p1|6\n|teamsize|p2|6\n|gen|9\n|tier|[Gen 9] VGC 2025 Reg G\n|rated|\n|rule|Species Clause: Limit one of each Pok\u00e9mon\n|rule|Item Clause: Limit 1 of each item\n|clearpoke\n|poke|p1|Miraidon, L50|\n|poke|p1|Incineroar, L50, F|\n|poke|p1|Scizor, L50, M|\n|poke|p1|Grimmsnarl, L50, M|\n|poke|p1|Pelipper, L50, M|\n|poke|p1|Landorus, L50, M|\n|poke|p2|Calyrex-Shadow, L50|\n|poke|p2|Rillaboom, L50, M|\n|poke|p2|Raging Bolt, L50|\n|poke|p2|Clefairy, L50, F|\n|poke|p2|Incineroar, L50, M|\n|poke|p2|Urshifu-*, L50, F|\n|teampreview|4\n|\n|t:|1738291965\n|start\n|switch|p1a: Grimmsnarl|Grimmsnarl, L50, M|100\/100\n|switch|p1b: Incineroar|Incineroar, L50, F|100\/100\n|switch|p2a: Calyrex|Calyrex-Shadow, L50|100\/100\n|switch|p2b: Incineroar|Incineroar, L50, M|100\/100\n|-ability|p2a: Calyrex|As One\n|-ability|p2a: Calyrex|Unnerve\n|-ability|p2b: Incineroar|Intimidate|boost\n|-unboost|p1a: Grimmsnarl|atk|1\n|-unboost|p1b: Incineroar|atk|1\n|-ability|p1b: Incineroar|Intimidate|boost\n|-unboost|p2a: Calyrex|atk|1\n|-unboost|p2b: Incineroar|atk|1\n|turn|1\n|\n|t:|1738291979\n|-terastallize|p2a: Calyrex|Normal\n|move|p2b: Incineroar|Fake Out|p1a: Grimmsnarl\n|-damage|p1a: Grimmsnarl|93\/100\n|move|p1b: Incineroar|Fake Out|p2b: Incineroar\n|-damage|p2b: Incineroar|96\/100\n|-damage|p1b: Incineroar|84\/100|[from] item: Rocky Helmet|[of] p2b: Incineroar\n|cant|p1a: Grimmsnarl|flinch\n|move|p2a: Calyrex|Nasty Plot|p2a: Calyrex\n|-boost|p2a: Calyrex|spa|2\n|\n|upkeep\n|turn|2\n|\n|t:|1738291994\n|move|p2a: Calyrex|Protect|p2a: Calyrex\n|-singleturn|p2a: Calyrex|Protect\n|move|p1a: Grimmsnarl|Thunder Wave|p2a: Calyrex\n|-activate|p2a: Calyrex|move: Protect\n|move|p2b: Incineroar|Taunt|p1a: Grimmsnarl\n|-start|p1a: Grimmsnarl|move: Taunt\n|move|p1b: Incineroar|Roar|p2a: Calyrex\n|drag|p2a: Rillaboom|Rillaboom, L50, M|100\/100\n|-fieldstart|move: Grassy Terrain|[from] ability: Grassy Surge|[of] p2a: Rillaboom\n|\n|-heal|p2b: Incineroar|100\/100|[from] Grassy Terrain\n|-heal|p1b: Incineroar|90\/100|[from] Grassy Terrain\n|-heal|p1a: Grimmsnarl|99\/100|[from] Grassy Terrain\n|upkeep\n|turn|3\n|j| Bubsnz\n|\n|t:|1738292009\n|switch|p1a: Scizor|Scizor, L50, M|100\/100\n|move|p2a: Rillaboom|U-turn|p1a: Scizor\n|-resisted|p1a: Scizor\n|-damage|p1a: Scizor|89\/100\n|\n|t:|1738292015\n|switch|p2a: Calyrex|Calyrex-Shadow, L50, tera:Normal|100\/100|[from] U-turn\n|-ability|p2a: Calyrex|As One\n|-ability|p2a: Calyrex|Unnerve\n|move|p2b: Incineroar|Parting Shot|p1b: Incineroar\n|-unboost|p1b: Incineroar|atk|1\n|-unboost|p1b: Incineroar|spa|1\n|j| 647w\n|\n|t:|1738292023\n|switch|p2b: Rillaboom|Rillaboom, L50, M|100\/100|[from] Parting Shot\n|move|p1b: Incineroar|Parting Shot|p2b: Rillaboom\n|-unboost|p2b: Rillaboom|atk|1\n|-unboost|p2b: Rillaboom|spa|1\n|\n|t:|1738292036\n|switch|p1b: Grimmsnarl|Grimmsnarl, L50, M|99\/100|[from] Parting Shot\n|\n|-heal|p1a: Scizor|95\/100|[from] Grassy Terrain\n|-heal|p1b: Grimmsnarl|100\/100|[from] Grassy Terrain\n|upkeep\n|turn|4\n|\n|t:|1738292052\n|switch|p2b: Incineroar|Incineroar, L50, M|100\/100\n|-ability|p2b: Incineroar|Intimidate|boost\n|-fail|p1a: Scizor|unboost|[from] item: Clear Amulet|[of] p1a: Scizor\n|-unboost|p1b: Grimmsnarl|atk|1\n|move|p2a: Calyrex|Protect|p2a: Calyrex\n|-singleturn|p2a: Calyrex|Protect\n|move|p1b: Grimmsnarl|Thunder Wave|p2a: Calyrex\n|-activate|p2a: Calyrex|move: Protect\n|move|p1a: Scizor|Pounce|p2b: Incineroar\n|-damage|p2b: Incineroar|67\/100\n|-unboost|p2b: Incineroar|spe|1\n|-damage|p1a: Scizor|79\/100|[from] item: Rocky Helmet|[of] p2b: Incineroar\n|\n|-heal|p1a: Scizor|85\/100|[from] Grassy Terrain\n|-heal|p2b: Incineroar|73\/100|[from] Grassy Terrain\n|upkeep\n|turn|5\n|\n|t:|1738292069\n|switch|p1b: Incineroar|Incineroar, L50, F|90\/100\n|-ability|p1b: Incineroar|Intimidate|boost\n|-unboost|p2a: Calyrex|atk|1\n|-unboost|p2b: Incineroar|atk|1\n|-terastallize|p1a: Scizor|Water\n|move|p2b: Incineroar|Fake Out|p1b: Incineroar\n|-damage|p1b: Incineroar|84\/100\n|move|p2a: Calyrex|Nasty Plot|p2a: Calyrex\n|-boost|p2a: Calyrex|spa|2\n|move|p1a: Scizor|Swords Dance|p1a: Scizor\n|-boost|p1a: Scizor|atk|2\n|\n|-heal|p1a: Scizor|91\/100|[from] Grassy Terrain\n|-heal|p1b: Incineroar|90\/100|[from] Grassy Terrain\n|-heal|p2b: Incineroar|79\/100|[from] Grassy Terrain\n|upkeep\n|turn|6\n|\n|t:|1738292101\n|move|p1a: Scizor|Protect|p1a: Scizor\n|-singleturn|p1a: Scizor|Protect\n|move|p2a: Calyrex|Astral Barrage|p1b: Incineroar|[spread] p1b\n|-activate|p1a: Scizor|move: Protect\n|-resisted|p1b: Incineroar\n|-damage|p1b: Incineroar|50\/100\n|move|p2b: Incineroar|Taunt|p1b: Incineroar\n|-start|p1b: Incineroar|move: Taunt\n|cant|p1b: Incineroar|move: Taunt|Roar\n|\n|-heal|p1a: Scizor|98\/100|[from] Grassy Terrain\n|-heal|p1b: Incineroar|55\/100|[from] Grassy Terrain\n|-heal|p2b: Incineroar|85\/100|[from] Grassy Terrain\n|-fieldend|move: Grassy Terrain\n|upkeep\n|turn|7\n|\n|t:|1738292145\n|switch|p1b: Grimmsnarl|Grimmsnarl, L50, M|100\/100\n|switch|p2b: Clefairy|Clefairy, L50, F|100\/100\n|move|p2a: Calyrex|Astral Barrage|p1a: Scizor|[spread] p1a,p1b\n|-resisted|p1b: Grimmsnarl\n|-damage|p1a: Scizor|0 fnt\n|-damage|p1b: Grimmsnarl|61\/100\n|faint|p1a: Scizor\n|-ability|p2a: Calyrex|Grim Neigh|boost\n|-boost|p2a: Calyrex|spa|1\n|\n|upkeep\n|\n|t:|1738292156\n|switch|p1a: Incineroar|Incineroar, L50, F|55\/100\n|-ability|p1a: Incineroar|Intimidate|boost\n|-unboost|p2a: Calyrex|atk|1\n|-unboost|p2b: Clefairy|atk|1\n|turn|8\n|\n|t:|1738292164\n|switch|p1a: Miraidon|Miraidon, L50|100\/100\n|-fieldstart|move: Electric Terrain|[from] ability: Hadron Engine|[of] p1a: Miraidon\n|-enditem|p1a: Miraidon|Electric Seed\n|-boost|p1a: Miraidon|def|1|[from] item: Electric Seed\n|move|p2b: Clefairy|Follow Me|p2b: Clefairy\n|-singleturn|p2b: Clefairy|move: Follow Me\n|move|p1b: Grimmsnarl|Parting Shot|p2b: Clefairy\n|-unboost|p2b: Clefairy|atk|1\n|-unboost|p2b: Clefairy|spa|1\n|\n|t:|1738292173\n|switch|p1b: Incineroar|Incineroar, L50, F|55\/100|[from] Parting Shot\n|-ability|p1b: Incineroar|Intimidate|boost\n|-unboost|p2a: Calyrex|atk|1\n|-unboost|p2b: Clefairy|atk|1\n|move|p2a: Calyrex|Astral Barrage|p1a: Miraidon|[spread] p1a,p1b\n|-resisted|p1b: Incineroar\n|-damage|p1a: Miraidon|2\/100\n|-damage|p1b: Incineroar|9\/100\n|\n|upkeep\n|turn|9\n|-message|GucciSoup forfeited.\n|\n|win|ponz3557\n|raw|GucciSoup's rating: 1554 &rarr; <strong>1536<\/strong><br \/>(-18 for losing)\n|raw|ponz3557's rating: 1592 &rarr; <strong>1610<\/strong><br \/>(+18 for winning)\n|l|\u2606GucciSoup\n|player|p1|\n|l| Bubsnz\n|l| 647w\n|l|\u2606ponz3557\n|player|p2|\n","uploadtime":1738292395,"views":7,"formatid":"gen9vgc2025regg","rating":1536,"private":0,"password":null}