{"id":"gen9vgc2025regg-2291653455","format":"[Gen 9] VGC 2025 Reg G","players":["kirakirabushi","longhq"],"log":"|j|\u2606kirakirabushi\n|j|\u203dlonghq\n|t:|1738306493\n|gametype|doubles\n|player|p1|kirakirabushi|1|1520\n|player|p2|longhq|dawn|1580\n|teamsize|p1|6\n|teamsize|p2|6\n|gen|9\n|tier|[Gen 9] VGC 2025 Reg G\n|rated|\n|rule|Species Clause: Limit one of each Pok\u00e9mon\n|rule|Item Clause: Limit 1 of each item\n|clearpoke\n|poke|p1|Calyrex-Shadow, L50|\n|poke|p1|Roaring Moon, L50|\n|poke|p1|Weezing-Galar, L50, M|\n|poke|p1|Dondozo, L50, F|\n|poke|p1|Tatsugiri, L50, F|\n|poke|p1|Iron Hands, L50|\n|poke|p2|Raging Bolt, L50|\n|poke|p2|Tornadus, L50, M|\n|poke|p2|Gouging Fire, L50|\n|poke|p2|Koraidon, L50|\n|poke|p2|Indeedee-F, L50, F|\n|poke|p2|Kingambit, L50, M|\n|teampreview|4\n|\n|t:|1738306559\n|start\n|switch|p1a: Calyrex|Calyrex-Shadow, L50|100\/100\n|switch|p1b: Weezing|Weezing-Galar, L50, M|100\/100\n|switch|p2a: Indeedee|Indeedee-F, L50, F|100\/100\n|switch|p2b: Kingambit|Kingambit, L50, M|100\/100\n|-ability|p1b: Weezing|Neutralizing Gas\n|-ability|p1a: Calyrex|As One\n|-ability|p1a: Calyrex|Unnerve\n|turn|1\n|\n|t:|1738306593\n|move|p1a: Calyrex|Snarl|p2a: Indeedee|[spread] p2a,p2b\n|-supereffective|p2a: Indeedee\n|-resisted|p2b: Kingambit\n|-damage|p2a: Indeedee|62\/100\n|-damage|p2b: Kingambit|90\/100\n|-unboost|p2a: Indeedee|spa|1\n|-unboost|p2b: Kingambit|spa|1\n|-damage|p1a: Calyrex|91\/100|[from] item: Life Orb\n|move|p1b: Weezing|Toxic Spikes|p2a: Indeedee\n|-sidestart|p2: longhq|move: Toxic Spikes\n|move|p2b: Kingambit|Iron Head|p1b: Weezing\n|-supereffective|p1b: Weezing\n|-damage|p1b: Weezing|13\/100\n|-enditem|p1b: Weezing|Sitrus Berry|[eat]\n|-heal|p1b: Weezing|38\/100|[from] item: Sitrus Berry\n|move|p2a: Indeedee|Trick Room|p2a: Indeedee\n|-fieldstart|move: Trick Room|[of] p2a: Indeedee\n|\n|upkeep\n|turn|2\n|\n|t:|1738306623\n|-end|p1b: Weezing|ability: Neutralizing Gas\n|-fieldstart|move: Psychic Terrain|[from] ability: Psychic Surge|[of] p2a: Indeedee\n|switch|p1b: Dondozo|Dondozo, L50, F|100\/100\n|move|p1a: Calyrex|Protect|p1a: Calyrex\n|-singleturn|p1a: Calyrex|Protect\n|move|p2b: Kingambit|Kowtow Cleave|p1a: Calyrex\n|-activate|p1a: Calyrex|move: Protect\n|move|p2a: Indeedee|Psychic|p1b: Dondozo\n|-damage|p1b: Dondozo|67\/100\n|\n|-heal|p1b: Dondozo|74\/100|[from] item: Leftovers\n|upkeep\n|turn|3\n|\n|t:|1738306649\n|switch|p2a: Raging Bolt|Raging Bolt, L50|100\/100\n|-status|p2a: Raging Bolt|psn\n|switch|p1a: Tatsugiri|Tatsugiri, L50, F|100\/100\n|-activate|p1a: Tatsugiri|ability: Commander|[of] p1b: Dondozo\n|-boost|p1b: Dondozo|atk|2\n|-boost|p1b: Dondozo|spa|2\n|-boost|p1b: Dondozo|spe|2\n|-boost|p1b: Dondozo|def|2\n|-boost|p1b: Dondozo|spd|2\n|move|p2b: Kingambit|Protect|p2b: Kingambit\n|-singleturn|p2b: Kingambit|Protect\n|move|p1b: Dondozo|Earthquake|p2b: Kingambit|[spread] p2a\n|-miss|p1b: Dondozo|p1a: Tatsugiri\n|-activate|p2b: Kingambit|move: Protect\n|-supereffective|p2a: Raging Bolt\n|-damage|p2a: Raging Bolt|25\/100 psn\n|\n|-heal|p1b: Dondozo|80\/100|[from] item: Leftovers\n|-damage|p2a: Raging Bolt|12\/100 psn|[from] psn\n|upkeep\n|turn|4\n|j| mpudi\n|\n|t:|1738306671\n|move|p1b: Dondozo|Protect|p1b: Dondozo\n|-singleturn|p1b: Dondozo|Protect\n|move|p2b: Kingambit|Kowtow Cleave|p1b: Dondozo\n|-activate|p1b: Dondozo|move: Protect\n|move|p2a: Raging Bolt|Thunderbolt|p1b: Dondozo\n|-activate|p1b: Dondozo|move: Protect\n|\n|-heal|p1b: Dondozo|86\/100|[from] item: Leftovers\n|-damage|p2a: Raging Bolt|0 fnt|[from] psn\n|faint|p2a: Raging Bolt\n|-end|p2a: Raging Bolt|Protosynthesis|[silent]\n|upkeep\n|\n|t:|1738306674\n|switch|p2a: Koraidon|Koraidon, L50|100\/100\n|-status|p2a: Koraidon|psn\n|-weather|SunnyDay|[from] ability: Orichalcum Pulse|[of] p2a: Koraidon\n|-activate|p2a: Koraidon|Orichalcum Pulse|[source]\n|turn|5\n|\n|t:|1738306698\n|-terastallize|p2b: Kingambit|Ghost\n|move|p2b: Kingambit|Kowtow Cleave|p1b: Dondozo\n|-damage|p1b: Dondozo|67\/100\n|move|p1b: Dondozo|Earthquake|p2a: Koraidon|[spread] p2a,p2b\n|-miss|p1b: Dondozo|p1a: Tatsugiri\n|-crit|p2a: Koraidon\n|-damage|p2a: Koraidon|49\/100 psn\n|-damage|p2b: Kingambit|57\/100\n|move|p2a: Koraidon|Collision Course|p1b: Dondozo\n|-damage|p1b: Dondozo|33\/100\n|\n|-weather|SunnyDay|[upkeep]\n|-heal|p1b: Dondozo|39\/100|[from] item: Leftovers\n|-damage|p2a: Koraidon|37\/100 psn|[from] psn\n|-fieldend|move: Trick Room\n|upkeep\n|turn|6\n|\n|t:|1738306724\n|move|p1b: Dondozo|Protect|p1b: Dondozo\n|-singleturn|p1b: Dondozo|Protect\n|move|p2a: Koraidon|Collision Course|p1b: Dondozo\n|-activate|p1b: Dondozo|move: Protect\n|move|p2b: Kingambit|Kowtow Cleave|p1b: Dondozo\n|-activate|p1b: Dondozo|move: Protect\n|\n|-weather|SunnyDay|[upkeep]\n|-heal|p1b: Dondozo|45\/100|[from] item: Leftovers\n|-damage|p2a: Koraidon|24\/100 psn|[from] psn\n|-fieldend|move: Psychic Terrain\n|upkeep\n|turn|7\n|\n|t:|1738306738\n|move|p2b: Kingambit|Sucker Punch|p1b: Dondozo\n|-damage|p1b: Dondozo|31\/100\n|move|p2a: Koraidon|Collision Course|p1b: Dondozo\n|-damage|p1b: Dondozo|0 fnt\n|faint|p1b: Dondozo\n|\n|-weather|SunnyDay|[upkeep]\n|-damage|p2a: Koraidon|12\/100 psn|[from] psn\n|upkeep\n|\n|t:|1738306760\n|switch|p1b: Calyrex|Calyrex-Shadow, L50|91\/100\n|-ability|p1b: Calyrex|As One\n|-ability|p1b: Calyrex|Unnerve\n|turn|8\n|\n|t:|1738306773\n|switch|p2a: Indeedee|Indeedee-F, L50, F|62\/100\n|-status|p2a: Indeedee|psn\n|-fieldstart|move: Psychic Terrain|[from] ability: Psychic Surge|[of] p2a: Indeedee\n|move|p1b: Calyrex|Protect|p1b: Calyrex\n|-singleturn|p1b: Calyrex|Protect\n|move|p1a: Tatsugiri|Protect|p1a: Tatsugiri\n|-singleturn|p1a: Tatsugiri|Protect\n|move|p2b: Kingambit|Sucker Punch||[still]\n|-fail|p2b: Kingambit\n|\n|-weather|SunnyDay|[upkeep]\n|-damage|p2a: Indeedee|50\/100 psn|[from] psn\n|upkeep\n|turn|9\n|\n|t:|1738306802\n|move|p1b: Calyrex|Astral Barrage|p2a: Indeedee|[spread] p2b\n|-immune|p2a: Indeedee\n|-supereffective|p2b: Kingambit\n|-damage|p2b: Kingambit|0 fnt\n|faint|p2b: Kingambit\n|-ability|p1b: Calyrex|Grim Neigh|boost\n|-boost|p1b: Calyrex|spa|1\n|-damage|p1b: Calyrex|81\/100|[from] item: Life Orb\n|move|p1a: Tatsugiri|Draco Meteor|p2a: Indeedee\n|-damage|p2a: Indeedee|0 fnt\n|-unboost|p1a: Tatsugiri|spa|2\n|faint|p2a: Indeedee\n|\n|-weather|none\n|upkeep\n|-message|longhq forfeited.\n|\n|win|kirakirabushi\n|raw|kirakirabushi's rating: 1520 &rarr; <strong>1543<\/strong><br \/>(+23 for winning)\n|raw|longhq's rating: 1580 &rarr; <strong>1557<\/strong><br \/>(-23 for losing)\n|l|\u203dlonghq\n|player|p2|\n|l| mpudi\n|l|\u2606kirakirabushi\n|player|p1|\n","uploadtime":1738307005,"views":8,"formatid":"gen9vgc2025regg","rating":1543,"private":0,"password":null}