{"id":"gen9vgc2025regg-2291319786","format":"[Gen 9] VGC 2025 Reg G","players":["maddokyoma","FelizJuevesVGC"],"log":"|j|\u2606maddokyoma\n|j|\u2606FelizJuevesVGC\n|t:|1738262366\n|gametype|doubles\n|player|p1|maddokyoma|volo|1570\n|player|p2|FelizJuevesVGC|iris-gen5bw2|1676\n|teamsize|p1|6\n|teamsize|p2|6\n|gen|9\n|tier|[Gen 9] VGC 2025 Reg G\n|rated|\n|rule|Species Clause: Limit one of each Pok\u00e9mon\n|rule|Item Clause: Limit 1 of each item\n|clearpoke\n|poke|p1|Miraidon, L50|\n|poke|p1|Chi-Yu, L50|\n|poke|p1|Iron Hands, L50|\n|poke|p1|Farigiraf, L50, M|\n|poke|p1|Pelipper, L50, F|\n|poke|p1|Ogerpon-Wellspring, L50, F|\n|poke|p2|Eternatus, L50|\n|poke|p2|Chi-Yu, L50|\n|poke|p2|Tornadus, L50, M|\n|poke|p2|Flutter Mane, L50|\n|poke|p2|Urshifu-*, L50, M|\n|poke|p2|Rillaboom, L50, F|\n|teampreview|4\n|inactive|Battle timer is ON: inactive players will automatically lose when time's up. (requested by maddokyoma)\n|\n|t:|1738262388\n|start\n|switch|p1a: Miraidon|Miraidon, L50|100\/100\n|switch|p1b: Iron Hands|Iron Hands, L50|100\/100\n|switch|p2a: Flutter Mane|Flutter Mane, L50|100\/100\n|switch|p2b: Chi-Yu|Chi-Yu, L50|100\/100\n|-fieldstart|move: Electric Terrain|[from] ability: Hadron Engine|[of] p1a: Miraidon\n|-activate|p1b: Iron Hands|ability: Quark Drive\n|-start|p1b: Iron Hands|quarkdriveatk\n|-enditem|p1b: Iron Hands|Electric Seed\n|-boost|p1b: Iron Hands|def|1|[from] item: Electric Seed\n|-ability|p2b: Chi-Yu|Beads of Ruin\n|-enditem|p2a: Flutter Mane|Booster Energy\n|-activate|p2a: Flutter Mane|ability: Protosynthesis|[fromitem]\n|-start|p2a: Flutter Mane|protosynthesisspe\n|turn|1\n|inactive|maddokyoma has 30 seconds left.\n|inactive|FelizJuevesVGC has 30 seconds left.\n|inactive|maddokyoma has 20 seconds left.\n|\n|t:|1738262427\n|-terastallize|p1a: Miraidon|Electric\n|move|p2a: Flutter Mane|Icy Wind|p1a: Miraidon|[spread] p1a,p1b\n|-damage|p1a: Miraidon|83\/100\n|-damage|p1b: Iron Hands|85\/100\n|-unboost|p1a: Miraidon|spe|1\n|-unboost|p1b: Iron Hands|spe|1\n|move|p2b: Chi-Yu|Overheat|p1b: Iron Hands\n|-damage|p1b: Iron Hands|0 fnt\n|-unboost|p2b: Chi-Yu|spa|2\n|faint|p1b: Iron Hands\n|-end|p1b: Iron Hands|Quark Drive|[silent]\n|move|p1a: Miraidon|Electro Drift|p2a: Flutter Mane\n|-crit|p2a: Flutter Mane\n|-damage|p2a: Flutter Mane|0 fnt\n|faint|p2a: Flutter Mane\n|-end|p2a: Flutter Mane|Protosynthesis|[silent]\n|-damage|p1a: Miraidon|73\/100|[from] item: Life Orb\n|\n|upkeep\n|\n|t:|1738262447\n|switch|p2a: Rillaboom|Rillaboom, L50, F|100\/100\n|switch|p1b: Pelipper|Pelipper, L50, F|100\/100\n|-weather|RainDance|[from] ability: Drizzle|[of] p1b: Pelipper\n|-fieldstart|move: Grassy Terrain|[from] ability: Grassy Surge|[of] p2a: Rillaboom\n|turn|2\n|\n|t:|1738262462\n|switch|p2b: Eternatus|Eternatus, L50|100\/100\n|-ability|p2b: Eternatus|Pressure\n|switch|p1a: Farigiraf|Farigiraf, L50, M|100\/100\n|move|p2a: Rillaboom|Fake Out||[still]\n|cant|p1a: Farigiraf|ability: Armor Tail|Fake Out|[of] p2a: Rillaboom\n|move|p1b: Pelipper|Hurricane|p2a: Rillaboom\n|-supereffective|p2a: Rillaboom\n|-damage|p2a: Rillaboom|44\/100\n|-start|p2a: Rillaboom|confusion\n|\n|-weather|RainDance|[upkeep]\n|-heal|p2a: Rillaboom|50\/100|[from] Grassy Terrain\n|upkeep\n|turn|3\n|\n|t:|1738262486\n|switch|p1a: Miraidon|Miraidon, L50, tera:Electric|73\/100\n|-fieldstart|move: Electric Terrain|[from] ability: Hadron Engine|[of] p1a: Miraidon\n|move|p2b: Eternatus|Meteor Beam||[still]\n|-prepare|p2b: Eternatus|Meteor Beam\n|-boost|p2b: Eternatus|spa|1\n|-enditem|p2b: Eternatus|Power Herb\n|-anim|p2b: Eternatus|Meteor Beam|p1b: Pelipper\n|-supereffective|p1b: Pelipper\n|-enditem|p1b: Pelipper|Focus Sash\n|-damage|p1b: Pelipper|1\/100\n|move|p1b: Pelipper|Hurricane|p2a: Rillaboom\n|-supereffective|p2a: Rillaboom\n|-damage|p2a: Rillaboom|0 fnt\n|faint|p2a: Rillaboom\n|\n|-weather|RainDance|[upkeep]\n|upkeep\n|\n|t:|1738262495\n|switch|p2a: Chi-Yu|Chi-Yu, L50|100\/100\n|-ability|p2a: Chi-Yu|Beads of Ruin\n|turn|4\n|inactive|maddokyoma has 30 seconds left.\n|\n|t:|1738262522\n|-terastallize|p2b: Eternatus|Steel\n|move|p1a: Miraidon|Volt Switch|p2a: Chi-Yu\n|-damage|p2a: Chi-Yu|0 fnt\n|faint|p2a: Chi-Yu\n|-damage|p1a: Miraidon|64\/100|[from] item: Life Orb\n|\n|t:|1738262528\n|switch|p1a: Farigiraf|Farigiraf, L50, M|100\/100|[from] Volt Switch\n|move|p2b: Eternatus|Dynamax Cannon|p1a: Farigiraf\n|-damage|p1a: Farigiraf|37\/100\n|move|p1b: Pelipper|Hurricane|p2b: Eternatus\n|-resisted|p2b: Eternatus\n|-damage|p2b: Eternatus|82\/100\n|\n|-weather|RainDance|[upkeep]\n|upkeep\n|turn|5\n|\n|t:|1738262552\n|move|p2b: Eternatus|Dynamax Cannon|p1b: Pelipper\n|-damage|p1b: Pelipper|0 fnt\n|faint|p1b: Pelipper\n|move|p1a: Farigiraf|Dazzling Gleam|p2b: Eternatus\n|-resisted|p2b: Eternatus\n|-damage|p2b: Eternatus|74\/100\n|\n|-weather|RainDance|[upkeep]\n|upkeep\n|\n|t:|1738262558\n|switch|p1b: Miraidon|Miraidon, L50, tera:Electric|64\/100\n|-activate|p1b: Miraidon|ability: Hadron Engine\n|turn|6\n|\n|t:|1738262564\n|move|p1a: Farigiraf|Helping Hand|p1b: Miraidon\n|-singleturn|p1b: Miraidon|Helping Hand|[of] p1a: Farigiraf\n|move|p1b: Miraidon|Electro Drift|p2b: Eternatus\n|-damage|p2b: Eternatus|0 fnt\n|faint|p2b: Eternatus\n|-damage|p1b: Miraidon|54\/100|[from] item: Life Orb\n|\n|win|maddokyoma\n|raw|maddokyoma's rating: 1570 &rarr; <strong>1596<\/strong><br \/>(+26 for winning)\n|raw|FelizJuevesVGC's rating: 1676 &rarr; <strong>1650<\/strong><br \/>(-26 for losing)\n|l|\u2606FelizJuevesVGC\n|player|p2|\n|l|\u2606maddokyoma\n|player|p1|\n","uploadtime":1738262798,"views":17,"formatid":"gen9vgc2025regg","rating":1596,"private":0,"password":null}