{"id":"gen9vgc2025regg-2291862090","format":"[Gen 9] VGC 2025 Reg G","players":["jhyjhyt","BLiiNDProdiigy"],"log":"|j|\u2606jhyjhyt\n|j|\u2606BLiiNDProdiigy\n|t:|1738338683\n|gametype|doubles\n|player|p1|jhyjhyt|170|1553\n|player|p2|BLiiNDProdiigy|rocketgrunt|1573\n|teamsize|p1|6\n|teamsize|p2|6\n|gen|9\n|tier|[Gen 9] VGC 2025 Reg G\n|rated|\n|rule|Species Clause: Limit one of each Pok\u00e9mon\n|rule|Item Clause: Limit 1 of each item\n|clearpoke\n|poke|p1|Calyrex-Shadow, L50|\n|poke|p1|Rillaboom, L50, M|\n|poke|p1|Incineroar, L50, M|\n|poke|p1|Dondozo, L50, M|\n|poke|p1|Tatsugiri, L50, F|\n|poke|p1|Pelipper, L50, F|\n|poke|p2|Terapagos, L50, M|\n|poke|p2|Incineroar, L50, M|\n|poke|p2|Rillaboom, L50, M|\n|poke|p2|Urshifu-*, L50, F|\n|poke|p2|Flutter Mane, L50|\n|poke|p2|Ogerpon-Hearthflame, L50, F|\n|teampreview|4\n|inactive|Battle timer is ON: inactive players will automatically lose when time's up. (requested by jhyjhyt)\n|j| Triple20\n|\n|t:|1738338708\n|start\n|switch|p1a: Dondozo|Dondozo, L50, M|100\/100\n|switch|p1b: Pelipper|Pelipper, L50, F|100\/100\n|switch|p2a: Incineroar|Incineroar, L50, M|100\/100\n|switch|p2b: Ogerpon|Ogerpon-Hearthflame, L50, F|100\/100\n|-ability|p2b: Ogerpon|Mold Breaker\n|-weather|RainDance|[from] ability: Drizzle|[of] p1b: Pelipper\n|-ability|p2a: Incineroar|Intimidate|boost\n|-unboost|p1a: Dondozo|atk|1\n|-unboost|p1b: Pelipper|atk|1\n|turn|1\n|inactive|jhyjhyt has 30 seconds left.\n|inactive|jhyjhyt has 20 seconds left.\n|inactive|jhyjhyt has 15 seconds left.\n|inactive|jhyjhyt has 10 seconds left.\n|inactive|jhyjhyt has 5 seconds left.\n|\n|t:|1738338763\n|switch|p2a: Rillaboom|Rillaboom, L50, M|100\/100\n|-fieldstart|move: Grassy Terrain|[from] ability: Grassy Surge|[of] p2a: Rillaboom\n|move|p2b: Ogerpon|Wood Hammer|p1b: Pelipper\n|-damage|p1b: Pelipper|6\/100\n|-damage|p2b: Ogerpon|71\/100|[from] Recoil\n|move|p1b: Pelipper|Tailwind|p1b: Pelipper\n|-sidestart|p1: jhyjhyt|move: Tailwind\n|move|p1a: Dondozo|Surf|p2b: Ogerpon|[spread] p1b,p2a,p2b\n|-resisted|p1b: Pelipper\n|-resisted|p2a: Rillaboom\n|-damage|p1b: Pelipper|0 fnt\n|-damage|p2a: Rillaboom|89\/100\n|-damage|p2b: Ogerpon|29\/100\n|faint|p1b: Pelipper\n|\n|-weather|RainDance|[upkeep]\n|-heal|p2b: Ogerpon|36\/100|[from] Grassy Terrain\n|-heal|p2a: Rillaboom|95\/100|[from] Grassy Terrain\n|upkeep\n|\n|t:|1738338785\n|switch|p1b: Calyrex|Calyrex-Shadow, L50|100\/100\n|-ability|p1b: Calyrex|As One\n|-ability|p1b: Calyrex|Unnerve\n|turn|2\n|\n|t:|1738338797\n|move|p2b: Ogerpon|Spiky Shield|p2b: Ogerpon\n|-singleturn|p2b: Ogerpon|move: Protect\n|move|p1a: Dondozo|Protect|p1a: Dondozo\n|-singleturn|p1a: Dondozo|Protect\n|move|p1b: Calyrex|Astral Barrage|p2b: Ogerpon|[spread] p2a\n|-activate|p2b: Ogerpon|move: Protect\n|-damage|p2a: Rillaboom|57\/100\n|move|p2a: Rillaboom|U-turn|p1a: Dondozo\n|-activate|p1a: Dondozo|move: Protect\n|\n|-weather|RainDance|[upkeep]\n|-heal|p2b: Ogerpon|42\/100|[from] Grassy Terrain\n|-heal|p2a: Rillaboom|63\/100|[from] Grassy Terrain\n|upkeep\n|turn|3\n|inactive|BLiiNDProdiigy has 30 seconds left.\n|\n|t:|1738338823\n|switch|p1b: Tatsugiri|Tatsugiri, L50, F|100\/100\n|-activate|p1b: Tatsugiri|ability: Commander|[of] p1a: Dondozo\n|-boost|p1a: Dondozo|atk|2\n|-boost|p1a: Dondozo|spa|2\n|-boost|p1a: Dondozo|spe|2\n|-boost|p1a: Dondozo|def|2\n|-boost|p1a: Dondozo|spd|2\n|switch|p2b: Incineroar|Incineroar, L50, M|100\/100\n|-ability|p2b: Incineroar|Intimidate|boost\n|-unboost|p1a: Dondozo|atk|1\n|-unboost|p1b: Tatsugiri|atk|1\n|-terastallize|p1a: Dondozo|Water\n|move|p1a: Dondozo|Surf|p2a: Rillaboom|[spread] p2a,p2b\n|-miss|p1a: Dondozo|p1b: Tatsugiri\n|-resisted|p2a: Rillaboom\n|-supereffective|p2b: Incineroar\n|-damage|p2a: Rillaboom|28\/100\n|-damage|p2b: Incineroar|0 fnt\n|faint|p2b: Incineroar\n|move|p2a: Rillaboom|Wood Hammer|p1b: Tatsugiri|[miss]\n|-miss|p2a: Rillaboom|p1b: Tatsugiri\n|\n|-weather|RainDance|[upkeep]\n|-heal|p2a: Rillaboom|34\/100|[from] Grassy Terrain\n|upkeep\n|\n|t:|1738338834\n|switch|p2b: Flutter Mane|Flutter Mane, L50|100\/100\n|-enditem|p2b: Flutter Mane|Booster Energy\n|-activate|p2b: Flutter Mane|ability: Protosynthesis|[fromitem]\n|-start|p2b: Flutter Mane|protosynthesisspe\n|turn|4\n|inactive|BLiiNDProdiigy has 30 seconds left.\n|\n|t:|1738338862\n|move|p2b: Flutter Mane|Thunder Wave|p1a: Dondozo\n|-status|p1a: Dondozo|par\n|move|p2a: Rillaboom|Wood Hammer|p1a: Dondozo\n|-supereffective|p1a: Dondozo\n|-damage|p1a: Dondozo|46\/100 par\n|-damage|p2a: Rillaboom|13\/100|[from] Recoil\n|cant|p1a: Dondozo|par\n|\n|-weather|RainDance|[upkeep]\n|-heal|p2a: Rillaboom|19\/100|[from] Grassy Terrain\n|-heal|p1a: Dondozo|52\/100 par|[from] Grassy Terrain\n|-heal|p1a: Dondozo|58\/100 par|[from] item: Leftovers\n|-sideend|p1: jhyjhyt|move: Tailwind\n|upkeep\n|turn|5\n|\n|t:|1738338875\n|move|p2b: Flutter Mane|Protect|p2b: Flutter Mane\n|-singleturn|p2b: Flutter Mane|Protect\n|cant|p1a: Dondozo|par\n|move|p2a: Rillaboom|U-turn|p1a: Dondozo\n|-damage|p1a: Dondozo|49\/100 par\n|\n|t:|1738338881\n|switch|p2a: Ogerpon|Ogerpon-Hearthflame, L50, F|42\/100|[from] U-turn\n|-ability|p2a: Ogerpon|Mold Breaker\n|\n|-weather|RainDance|[upkeep]\n|-heal|p2a: Ogerpon|48\/100|[from] Grassy Terrain\n|-heal|p1a: Dondozo|55\/100 par|[from] Grassy Terrain\n|-heal|p1a: Dondozo|62\/100 par|[from] item: Leftovers\n|-fieldend|move: Grassy Terrain\n|upkeep\n|turn|6\n|\n|t:|1738338892\n|cant|p1a: Dondozo|par\n|move|p2b: Flutter Mane|Moonblast|p1a: Dondozo\n|-damage|p1a: Dondozo|45\/100 par\n|move|p2a: Ogerpon|Wood Hammer|p1a: Dondozo\n|-supereffective|p1a: Dondozo\n|-damage|p1a: Dondozo|0 fnt\n|faint|p1a: Dondozo\n|-damage|p2a: Ogerpon|29\/100|[from] Recoil\n|\n|-weather|RainDance|[upkeep]\n|upkeep\n|\n|t:|1738338902\n|switch|p1a: Calyrex|Calyrex-Shadow, L50|100\/100\n|-ability|p1a: Calyrex|As One\n|-ability|p1a: Calyrex|Unnerve\n|turn|7\n|\n|t:|1738338910\n|move|p2b: Flutter Mane|Protect|p2b: Flutter Mane\n|-singleturn|p2b: Flutter Mane|Protect\n|move|p2a: Ogerpon|Spiky Shield|p2a: Ogerpon\n|-singleturn|p2a: Ogerpon|move: Protect\n|move|p1b: Tatsugiri|Muddy Water|p2a: Ogerpon|[spread] \n|-activate|p2a: Ogerpon|move: Protect\n|-activate|p2b: Flutter Mane|move: Protect\n|move|p1a: Calyrex|Astral Barrage|p2a: Ogerpon|[spread] \n|-activate|p2a: Ogerpon|move: Protect\n|-activate|p2b: Flutter Mane|move: Protect\n|\n|-weather|RainDance|[upkeep]\n|upkeep\n|turn|8\n|inactive|BLiiNDProdiigy has 30 seconds left.\n|\n|t:|1738338936\n|move|p1a: Calyrex|Protect|p1a: Calyrex\n|-singleturn|p1a: Calyrex|Protect\n|move|p2b: Flutter Mane|Thunder Wave|p1a: Calyrex\n|-activate|p1a: Calyrex|move: Protect\n|move|p1b: Tatsugiri|Muddy Water|p2a: Ogerpon|[spread] p2a,p2b\n|-damage|p2a: Ogerpon|0 fnt\n|-damage|p2b: Flutter Mane|59\/100\n|faint|p2a: Ogerpon\n|\n|-weather|none\n|upkeep\n|\n|t:|1738338938\n|switch|p2a: Rillaboom|Rillaboom, L50, M|19\/100\n|-fieldstart|move: Grassy Terrain|[from] ability: Grassy Surge|[of] p2a: Rillaboom\n|turn|9\n|\n|t:|1738338951\n|move|p2b: Flutter Mane|Thunder Wave|p1a: Calyrex\n|-status|p1a: Calyrex|par\n|move|p1b: Tatsugiri|Muddy Water|p2b: Flutter Mane|[spread] p2a\n|-miss|p1b: Tatsugiri|p2b: Flutter Mane\n|-resisted|p2a: Rillaboom\n|-damage|p2a: Rillaboom|6\/100\n|-unboost|p2a: Rillaboom|accuracy|1\n|move|p2a: Rillaboom|Wood Hammer|p1a: Calyrex\n|-damage|p1a: Calyrex|12\/100 par\n|-damage|p2a: Rillaboom|0 fnt|[from] Recoil\n|faint|p2a: Rillaboom\n|move|p1a: Calyrex|Astral Barrage|p2b: Flutter Mane\n|-supereffective|p2b: Flutter Mane\n|-damage|p2b: Flutter Mane|0 fnt\n|faint|p2b: Flutter Mane\n|-end|p2b: Flutter Mane|Protosynthesis|[silent]\n|\n|win|jhyjhyt\n|raw|jhyjhyt's rating: 1553 &rarr; <strong>1574<\/strong><br \/>(+21 for winning)\n|raw|BLiiNDProdiigy's rating: 1573 &rarr; <strong>1552<\/strong><br \/>(-21 for losing)\n|l|\u2606BLiiNDProdiigy\n|player|p2|\n|l|\u2606jhyjhyt\n|player|p1|\n|l| Triple20\n","uploadtime":1738339199,"views":6,"formatid":"gen9vgc2025regg","rating":1552,"private":0,"password":null}