{"id":"gen9vgc2025regg-2291462516","format":"[Gen 9] VGC 2025 Reg G","players":["50cm meter stick","Michael Glick"],"log":"|j|\u203d50cm meter stick\n|j|\u2606Michael Glick\n|t:|1738277774\n|gametype|doubles\n|player|p1|50cm meter stick|102|1598\n|player|p2|Michael Glick|169|1746\n|teamsize|p1|6\n|teamsize|p2|6\n|gen|9\n|tier|[Gen 9] VGC 2025 Reg G\n|rated|\n|rule|Species Clause: Limit one of each Pok\u00e9mon\n|rule|Item Clause: Limit 1 of each item\n|clearpoke\n|poke|p1|Calyrex-Shadow, L50|\n|poke|p1|Mienshao, L50, M|\n|poke|p1|Amoonguss, L50, F|\n|poke|p1|Farigiraf, L50, M|\n|poke|p1|Roaring Moon, L50|\n|poke|p1|Iron Hands, L50|\n|poke|p2|Terapagos, L50, M|\n|poke|p2|Tinkaton, L50, F|\n|poke|p2|Basculegion, L50, M|\n|poke|p2|Amoonguss, L50, M|\n|poke|p2|Pelipper, L50, M|\n|poke|p2|Landorus, L50, M|\n|teampreview|4\n|inactive|Battle timer is ON: inactive players will automatically lose when time's up. (requested by Michael Glick)\n|inactive|50cm meter stick has 60 seconds left.\n|\n|t:|1738277813\n|start\n|switch|p1a: Farigiraf|Farigiraf, L50, M|100\/100\n|switch|p1b: Amoonguss|Amoonguss, L50, F|100\/100\n|switch|p2a: Terapagos|Terapagos, L50, M|100\/100\n|switch|p2b: Tinkaton|Tinkaton, L50, F|100\/100\n|-activate|p2a: Terapagos|ability: Tera Shift\n|detailschange|p2a: Terapagos|Terapagos-Terastal, L50, M\n|-heal|p2a: Terapagos|100\/100|[silent]\n|-ability|p2b: Tinkaton|Mold Breaker\n|turn|1\n|\n|t:|1738277836\n|move|p2b: Tinkaton|Gigaton Hammer|p1a: Farigiraf\n|-damage|p1a: Farigiraf|40\/100\n|move|p2a: Terapagos|Substitute|p2a: Terapagos\n|-start|p2a: Terapagos|Substitute\n|-damage|p2a: Terapagos|75\/100\n|move|p1a: Farigiraf|Hyper Voice|p2b: Tinkaton|[spread] p2a,p2b\n|-resisted|p2b: Tinkaton\n|-crit|p2b: Tinkaton\n|-damage|p2a: Terapagos|49\/100\n|-damage|p2b: Tinkaton|83\/100\n|-enditem|p1a: Farigiraf|Throat Spray\n|-boost|p1a: Farigiraf|spa|1|[from] item: Throat Spray\n|move|p1b: Amoonguss|Spore||[still]\n|-fail|p1b: Amoonguss\n|\n|-heal|p2a: Terapagos|55\/100|[from] item: Leftovers\n|upkeep\n|turn|2\n|\n|t:|1738277852\n|move|p2b: Tinkaton|Play Rough|p1a: Farigiraf\n|-damage|p1a: Farigiraf|5\/100\n|move|p2a: Terapagos|Calm Mind|p2a: Terapagos\n|-boost|p2a: Terapagos|spa|1\n|-boost|p2a: Terapagos|spd|1\n|move|p1a: Farigiraf|Psychic|p2a: Terapagos\n|-end|p2a: Terapagos|Substitute\n|move|p1b: Amoonguss|Spore|p2b: Tinkaton\n|-status|p2b: Tinkaton|slp|[from] move: Spore\n|\n|-heal|p2a: Terapagos|61\/100|[from] item: Leftovers\n|upkeep\n|turn|3\n|\n|t:|1738277867\n|move|p2a: Terapagos|Protect|p2a: Terapagos\n|-singleturn|p2a: Terapagos|Protect\n|cant|p2b: Tinkaton|slp\n|move|p1a: Farigiraf|Psychic|p2a: Terapagos\n|-activate|p2a: Terapagos|move: Protect\n|move|p1b: Amoonguss|Spore|p2a: Terapagos\n|-activate|p2a: Terapagos|move: Protect\n|\n|-heal|p2a: Terapagos|68\/100|[from] item: Leftovers\n|upkeep\n|turn|4\n|\n|t:|1738277886\n|-curestatus|p2b: Tinkaton|slp|[msg]\n|move|p2b: Tinkaton|Feint|p1a: Farigiraf\n|-damage|p1a: Farigiraf|0 fnt\n|faint|p1a: Farigiraf\n|move|p2a: Terapagos|Substitute|p2a: Terapagos\n|-start|p2a: Terapagos|Substitute\n|-damage|p2a: Terapagos|43\/100\n|move|p1b: Amoonguss|Spore||[still]\n|-fail|p1b: Amoonguss\n|\n|-heal|p2a: Terapagos|49\/100|[from] item: Leftovers\n|upkeep\n|\n|t:|1738277892\n|switch|p1a: Calyrex|Calyrex-Shadow, L50|100\/100\n|-ability|p1a: Calyrex|As One\n|-ability|p1a: Calyrex|Unnerve\n|turn|5\n|inactive|Michael Glick has 30 seconds left.\n|\n|t:|1738277927\n|move|p2a: Terapagos|Protect|p2a: Terapagos\n|-singleturn|p2a: Terapagos|Protect\n|move|p1a: Calyrex|Nasty Plot|p1a: Calyrex\n|-boost|p1a: Calyrex|spa|2\n|move|p2b: Tinkaton|Gigaton Hammer|p1a: Calyrex\n|-damage|p1a: Calyrex|38\/100\n|move|p1b: Amoonguss|Pollen Puff|p1a: Calyrex\n|-heal|p1a: Calyrex|88\/100\n|\n|-heal|p2a: Terapagos|55\/100|[from] item: Leftovers\n|upkeep\n|turn|6\n|\n|t:|1738277941\n|-terastallize|p2a: Terapagos|Stellar\n|detailschange|p2a: Terapagos|Terapagos-Stellar, L50, M, tera:Stellar\n|-heal|p2a: Terapagos|67\/100|[silent]\n|move|p1a: Calyrex|Psyshock|p2a: Terapagos\n|-end|p2a: Terapagos|Substitute\n|move|p2b: Tinkaton|Play Rough|p1a: Calyrex\n|-damage|p1a: Calyrex|50\/100\n|move|p2a: Terapagos|Tera Starstorm|p1a: Calyrex|[spread] p1a,p1b\n|-damage|p1a: Calyrex|6\/100\n|-damage|p1b: Amoonguss|59\/100\n|move|p1b: Amoonguss|Spore|p2a: Terapagos\n|-status|p2a: Terapagos|slp|[from] move: Spore\n|\n|-heal|p2a: Terapagos|73\/100 slp|[from] item: Leftovers\n|upkeep\n|turn|7\n|\n|t:|1738277964\n|switch|p1a: Iron Hands|Iron Hands, L50|100\/100\n|move|p2b: Tinkaton|Play Rough|p1a: Iron Hands\n|-supereffective|p1a: Iron Hands\n|-damage|p1a: Iron Hands|57\/100\n|cant|p2a: Terapagos|slp\n|move|p1b: Amoonguss|Spore|p2b: Tinkaton\n|-status|p2b: Tinkaton|slp|[from] move: Spore\n|\n|-heal|p2a: Terapagos|79\/100 slp|[from] item: Leftovers\n|upkeep\n|turn|8\n|inactive|Michael Glick has 30 seconds left.\n|\n|t:|1738277994\n|switch|p2b: Pelipper|Pelipper, L50, M|100\/100\n|-weather|RainDance|[from] ability: Drizzle|[of] p2b: Pelipper\n|switch|p2a: Landorus|Landorus, L50, M|100\/100\n|move|p1a: Iron Hands|Close Combat|p2a: Landorus\n|-resisted|p2a: Landorus\n|-damage|p2a: Landorus|56\/100\n|-unboost|p1a: Iron Hands|def|1\n|-unboost|p1a: Iron Hands|spd|1\n|move|p1b: Amoonguss|Pollen Puff|p1a: Iron Hands\n|-heal|p1a: Iron Hands|100\/100\n|\n|-weather|RainDance|[upkeep]\n|upkeep\n|turn|9\n|\n|t:|1738278002\n|-terastallize|p1a: Iron Hands|Bug\n|move|p2a: Landorus|Sandsear Storm|p1b: Amoonguss|[spread] p1a,p1b\n|-resisted|p1a: Iron Hands\n|-damage|p1a: Iron Hands|80\/100\n|-damage|p1b: Amoonguss|16\/100\n|-enditem|p1b: Amoonguss|Sitrus Berry|[eat]\n|-heal|p1b: Amoonguss|41\/100|[from] item: Sitrus Berry\n|move|p2b: Pelipper|Hurricane|p1b: Amoonguss\n|-supereffective|p1b: Amoonguss\n|-damage|p1b: Amoonguss|0 fnt\n|faint|p1b: Amoonguss\n|move|p1a: Iron Hands|Wild Charge|p2b: Pelipper\n|-supereffective|p2b: Pelipper\n|-crit|p2b: Pelipper\n|-enditem|p2b: Pelipper|Focus Sash\n|-damage|p2b: Pelipper|1\/100\n|-damage|p1a: Iron Hands|66\/100|[from] Recoil\n|\n|-weather|RainDance|[upkeep]\n|upkeep\n|\n|t:|1738278004\n|switch|p1b: Calyrex|Calyrex-Shadow, L50|6\/100\n|-ability|p1b: Calyrex|As One\n|-ability|p1b: Calyrex|Unnerve\n|turn|10\n|\n|t:|1738278018\n|move|p2a: Landorus|Sandsear Storm|p1b: Calyrex|[spread] p1a,p1b\n|-resisted|p1a: Iron Hands\n|-damage|p1a: Iron Hands|45\/100\n|-damage|p1b: Calyrex|0 fnt\n|faint|p1b: Calyrex\n|move|p2b: Pelipper|Hurricane|p1a: Iron Hands\n|-supereffective|p1a: Iron Hands\n|-damage|p1a: Iron Hands|0 fnt\n|faint|p1a: Iron Hands\n|-end|p1a: Iron Hands|Quark Drive|[silent]\n|\n|win|Michael Glick\n|raw|50cm meter stick's rating: 1598 &rarr; <strong>1586<\/strong><br \/>(-12 for losing)\n|raw|Michael Glick's rating: 1746 &rarr; <strong>1758<\/strong><br \/>(+12 for winning)\n|l|\u203d50cm meter stick\n|player|p1|\n|l|\u2606Michael Glick\n|player|p2|\n","uploadtime":1738278265,"views":19,"formatid":"gen9vgc2025regg","rating":1586,"private":0,"password":null}