{"id":"gen9vgc2025regg-2291404540","format":"[Gen 9] VGC 2025 Reg G","players":["lichuvgc","Hanou143"],"log":"|j|\u2606lichuvgc\n|j|\u2606Hanou143\n|t:|1738271076\n|gametype|doubles\n|player|p1|lichuvgc|1|1600\n|player|p2|Hanou143|169|1623\n|teamsize|p1|6\n|teamsize|p2|6\n|gen|9\n|tier|[Gen 9] VGC 2025 Reg G\n|rated|\n|rule|Species Clause: Limit one of each Pok\u00e9mon\n|rule|Item Clause: Limit 1 of each item\n|clearpoke\n|poke|p1|Calyrex-Ice, L50|\n|poke|p1|Urshifu-*, L50, F|\n|poke|p1|Smeargle, L50, F|\n|poke|p1|Farigiraf, L50, F|\n|poke|p1|Ursaluna-Bloodmoon, L50, M|\n|poke|p1|Torkoal, L50, M|\n|poke|p2|Calyrex-Shadow, L50|\n|poke|p2|Jigglypuff, L50, F|\n|poke|p2|Pelipper, L50, M|\n|poke|p2|Rillaboom, L50, M|\n|poke|p2|Incineroar, L50, M|\n|poke|p2|Urshifu-*, L50, F|\n|teampreview|4\n|j| aveorni\n|\n|t:|1738271116\n|start\n|switch|p1a: Calyrex|Calyrex-Ice, L50|100\/100\n|switch|p1b: Farigiraf|Farigiraf, L50, F|100\/100\n|switch|p2a: Calyrex|Calyrex-Shadow, L50|100\/100\n|switch|p2b: Incineroar|Incineroar, L50, M|100\/100\n|-ability|p2a: Calyrex|As One\n|-ability|p2a: Calyrex|Unnerve\n|-ability|p1a: Calyrex|As One\n|-ability|p1a: Calyrex|Unnerve\n|-ability|p2b: Incineroar|Intimidate|boost\n|-unboost|p1a: Calyrex|atk|1\n|-unboost|p1b: Farigiraf|atk|1\n|turn|1\n|\n|t:|1738271155\n|switch|p1a: Ursaluna|Ursaluna-Bloodmoon, L50, M|100\/100\n|move|p2a: Calyrex|Giga Drain|p1b: Farigiraf\n|-damage|p1b: Farigiraf|79\/100\n|move|p2b: Incineroar|Knock Off|p1b: Farigiraf\n|-supereffective|p1b: Farigiraf\n|-damage|p1b: Farigiraf|0 fnt\n|-enditem|p1b: Farigiraf|Safety Goggles|[from] move: Knock Off|[of] p2b: Incineroar\n|faint|p1b: Farigiraf\n|\n|upkeep\n|\n|t:|1738271167\n|switch|p1b: Calyrex|Calyrex-Ice, L50|100\/100\n|-ability|p1b: Calyrex|As One\n|-ability|p1b: Calyrex|Unnerve\n|turn|2\n|\n|t:|1738271180\n|-terastallize|p1b: Calyrex|Grass\n|move|p2a: Calyrex|Giga Drain|p1a: Ursaluna\n|-supereffective|p1a: Ursaluna\n|-damage|p1a: Ursaluna|40\/100\n|move|p2b: Incineroar|Knock Off|p1a: Ursaluna\n|-damage|p1a: Ursaluna|6\/100\n|-enditem|p1a: Ursaluna|Life Orb|[from] move: Knock Off|[of] p2b: Incineroar\n|move|p1a: Ursaluna|Earth Power|p2b: Incineroar\n|-supereffective|p2b: Incineroar\n|-damage|p2b: Incineroar|1\/100\n|move|p1b: Calyrex|Trick Room|p1b: Calyrex\n|-fieldstart|move: Trick Room|[of] p1b: Calyrex\n|\n|upkeep\n|turn|3\n|\n|t:|1738271222\n|switch|p2b: Jigglypuff|Jigglypuff, L50, F|100\/100\n|move|p2a: Calyrex|Protect|p2a: Calyrex\n|-singleturn|p2a: Calyrex|Protect\n|move|p1b: Calyrex|Glacial Lance|p2b: Jigglypuff|[spread] p2b\n|-activate|p2a: Calyrex|move: Protect\n|-damage|p2b: Jigglypuff|45\/100\n|move|p1a: Ursaluna|Blood Moon|p2a: Calyrex\n|-activate|p2a: Calyrex|move: Protect\n|\n|upkeep\n|turn|4\n|\n|t:|1738271266\n|move|p2b: Jigglypuff|Sing|p1b: Calyrex|[miss]\n|-miss|p2b: Jigglypuff|p1b: Calyrex\n|move|p1b: Calyrex|Glacial Lance|p2a: Calyrex|[spread] p2a,p2b\n|-damage|p2a: Calyrex|70\/100\n|-damage|p2b: Jigglypuff|0 fnt\n|faint|p2b: Jigglypuff\n|-ability|p1b: Calyrex|Chilling Neigh|boost\n|-boost|p1b: Calyrex|atk|1\n|move|p1a: Ursaluna|Hyper Voice|p2a: Calyrex\n|-damage|p2a: Calyrex|22\/100\n|move|p2a: Calyrex|Calm Mind|p2a: Calyrex\n|-boost|p2a: Calyrex|spa|1\n|-boost|p2a: Calyrex|spd|1\n|\n|upkeep\n|\n|t:|1738271281\n|switch|p2b: Incineroar|Incineroar, L50, M|1\/100\n|-ability|p2b: Incineroar|Intimidate|boost\n|-unboost|p1a: Ursaluna|atk|1\n|-unboost|p1b: Calyrex|atk|1\n|turn|5\n|\n|t:|1738271310\n|move|p2b: Incineroar|Fake Out|p1b: Calyrex\n|-damage|p1b: Calyrex|92\/100\n|cant|p1b: Calyrex|flinch\n|move|p1a: Ursaluna|Hyper Voice|p2a: Calyrex|[spread] p2a,p2b\n|-damage|p2a: Calyrex|0 fnt\n|-damage|p2b: Incineroar|0 fnt\n|faint|p2a: Calyrex\n|faint|p2b: Incineroar\n|\n|upkeep\n|-message|Hanou143 forfeited.\n|\n|win|lichuvgc\n|raw|lichuvgc's rating: 1600 &rarr; <strong>1621<\/strong><br \/>(+21 for winning)\n|raw|Hanou143's rating: 1623 &rarr; <strong>1602<\/strong><br \/>(-21 for losing)\n|l|\u2606Hanou143\n|player|p2|\n|c| aveorni|man this set was painful to watch\n|l| aveorni\n|l|\u2606lichuvgc\n|player|p1|\n","uploadtime":1738271490,"views":13,"formatid":"gen9vgc2025regg","rating":1602,"private":0,"password":null}