{"id":"gen9vgc2025regg-2291552071","format":"[Gen 9] VGC 2025 Reg G","players":["PokemonBreederJoey","infinitygroudon"],"log":"|j|\u2606PokemonBreederJoey\n|j|\u2606infinitygroudon\n|t:|1738289998\n|gametype|doubles\n|player|p1|PokemonBreederJoey|1|1677\n|player|p2|infinitygroudon|2|1577\n|teamsize|p1|6\n|teamsize|p2|6\n|gen|9\n|tier|[Gen 9] VGC 2025 Reg G\n|rated|\n|rule|Species Clause: Limit one of each Pok\u00e9mon\n|rule|Item Clause: Limit 1 of each item\n|clearpoke\n|poke|p1|Kyogre, L50|\n|poke|p1|Tornadus, L50, M|\n|poke|p1|Flutter Mane, L50|\n|poke|p1|Farigiraf, L50, F|\n|poke|p1|Chi-Yu, L50|\n|poke|p1|Archaludon, L50, F|\n|poke|p2|Calyrex-Shadow, L50|\n|poke|p2|Incineroar, L50, M|\n|poke|p2|Weezing-Galar, L50, M|\n|poke|p2|Indeedee-F, L50, F|\n|poke|p2|Iron Valiant, L50|\n|poke|p2|Ursaluna-Bloodmoon, L50, M|\n|teampreview|4\n|\n|t:|1738290040\n|start\n|switch|p1a: Tornadus|Tornadus, L50, M|100\/100\n|switch|p1b: Kyogre|Kyogre, L50|100\/100\n|switch|p2a: Mr. Gassy|Weezing-Galar, L50, M|100\/100\n|switch|p2b: Charming|Iron Valiant, L50, shiny|100\/100\n|-ability|p2a: Mr. Gassy|Neutralizing Gas\n|turn|1\n|\n|t:|1738290050\n|-terastallize|p2b: Charming|Fairy\n|move|p1b: Kyogre|Protect|p1b: Kyogre\n|-singleturn|p1b: Kyogre|Protect\n|move|p2b: Charming|Spirit Break|p1b: Kyogre\n|-activate|p1b: Kyogre|move: Protect\n|move|p1a: Tornadus|Taunt|p2b: Charming\n|-start|p2b: Charming|move: Taunt\n|move|p2a: Mr. Gassy|Sludge Bomb|p1a: Tornadus\n|-damage|p1a: Tornadus|61\/100\n|\n|upkeep\n|turn|2\n|\n|t:|1738290072\n|move|p2b: Charming|Spirit Break|p1b: Kyogre\n|-damage|p1b: Kyogre|52\/100\n|-unboost|p1b: Kyogre|spa|1\n|move|p1a: Tornadus|Tailwind|p1a: Tornadus\n|-sidestart|p1: PokemonBreederJoey|move: Tailwind\n|move|p1b: Kyogre|Water Spout|p2b: Charming|[spread] p2a,p2b\n|-damage|p2a: Mr. Gassy|68\/100\n|-damage|p2b: Charming|54\/100\n|move|p2a: Mr. Gassy|Sludge Bomb|p1b: Kyogre\n|-damage|p1b: Kyogre|33\/100\n|\n|upkeep\n|turn|3\n|\n|t:|1738290086\n|-end|p2b: Charming|Quark Drive|[silent]\n|switch|p2b: Suthen|Indeedee-F, L50, F|100\/100\n|move|p1a: Tornadus|Rain Dance|p1a: Tornadus\n|-weather|RainDance\n|move|p1b: Kyogre|Origin Pulse|p2b: Suthen|[spread] p2a,p2b\n|-damage|p2a: Mr. Gassy|2\/100\n|-damage|p2b: Suthen|50\/100\n|-enditem|p2a: Mr. Gassy|Sitrus Berry|[eat]\n|-heal|p2a: Mr. Gassy|26\/100|[from] item: Sitrus Berry\n|move|p2a: Mr. Gassy|Sludge Bomb|p1a: Tornadus\n|-damage|p1a: Tornadus|24\/100\n|\n|-weather|RainDance|[upkeep]\n|upkeep\n|turn|4\n|\n|t:|1738290115\n|move|p2a: Mr. Gassy|Protect|p2a: Mr. Gassy\n|-singleturn|p2a: Mr. Gassy|Protect\n|move|p1a: Tornadus|Bleakwind Storm|p2a: Mr. Gassy|[spread] p2b\n|-activate|p2a: Mr. Gassy|move: Protect\n|-damage|p2b: Suthen|15\/100\n|move|p1b: Kyogre|Origin Pulse|p2a: Mr. Gassy|[spread] p2b\n|-activate|p2a: Mr. Gassy|move: Protect\n|-damage|p2b: Suthen|0 fnt\n|faint|p2b: Suthen\n|\n|-weather|RainDance|[upkeep]\n|upkeep\n|j| Pokuchu3\n|\n|t:|1738290121\n|switch|p2b: Duncan|Calyrex-Shadow, L50|100\/100\n|-ability|p2b: Duncan|As One\n|-ability|p2b: Duncan|Unnerve\n|turn|5\n|\n|t:|1738290130\n|-end|p2a: Mr. Gassy|ability: Neutralizing Gas\n|switch|p2a: Charming|Iron Valiant, L50, shiny, tera:Fairy|54\/100\n|-enditem|p2a: Charming|Booster Energy\n|-activate|p2a: Charming|ability: Quark Drive|[fromitem]\n|-start|p2a: Charming|quarkdrivespe\n|move|p2b: Duncan|Protect|p2b: Duncan\n|-singleturn|p2b: Duncan|Protect\n|move|p1a: Tornadus|Bleakwind Storm|p2b: Duncan|[spread] p2a\n|-activate|p2b: Duncan|move: Protect\n|-damage|p2a: Charming|0 fnt\n|faint|p2a: Charming\n|-end|p2a: Charming|Quark Drive|[silent]\n|move|p1b: Kyogre|Origin Pulse|p2b: Duncan\n|-activate|p2b: Duncan|move: Protect\n|\n|-weather|RainDance|[upkeep]\n|-sideend|p1: PokemonBreederJoey|move: Tailwind\n|upkeep\n|\n|t:|1738290133\n|switch|p2a: Mr. Gassy|Weezing-Galar, L50, M|26\/100\n|-ability|p2a: Mr. Gassy|Neutralizing Gas\n|turn|6\n|\n|t:|1738290144\n|-terastallize|p1a: Tornadus|Normal\n|move|p1b: Kyogre|Protect|p1b: Kyogre\n|-singleturn|p1b: Kyogre|Protect\n|move|p2b: Duncan|Astral Barrage|p1a: Tornadus|[spread] \n|-activate|p1b: Kyogre|move: Protect\n|-immune|p1a: Tornadus\n|move|p1a: Tornadus|Tailwind|p1a: Tornadus\n|-sidestart|p1: PokemonBreederJoey|move: Tailwind\n|move|p2a: Mr. Gassy|Sludge Bomb|p1b: Kyogre\n|-activate|p1b: Kyogre|move: Protect\n|\n|-weather|RainDance|[upkeep]\n|upkeep\n|turn|7\n|\n|t:|1738290157\n|move|p2b: Duncan|Protect|p2b: Duncan\n|-singleturn|p2b: Duncan|Protect\n|move|p2a: Mr. Gassy|Protect|p2a: Mr. Gassy\n|-singleturn|p2a: Mr. Gassy|Protect\n|move|p1a: Tornadus|Bleakwind Storm|p2a: Mr. Gassy|[spread] \n|-activate|p2a: Mr. Gassy|move: Protect\n|-activate|p2b: Duncan|move: Protect\n|move|p1b: Kyogre|Origin Pulse|p2b: Duncan|[spread] \n|-activate|p2a: Mr. Gassy|move: Protect\n|-activate|p2b: Duncan|move: Protect\n|\n|-weather|none\n|upkeep\n|turn|8\n|\n|t:|1738290164\n|move|p1a: Tornadus|Rain Dance|p1a: Tornadus\n|-weather|RainDance\n|move|p1b: Kyogre|Origin Pulse|p2a: Mr. Gassy|[spread] p2a,p2b\n|-damage|p2a: Mr. Gassy|0 fnt\n|-damage|p2b: Duncan|39\/100\n|faint|p2a: Mr. Gassy\n|-end|p2a: Mr. Gassy|ability: Neutralizing Gas\n|move|p2b: Duncan|Astral Barrage|p1a: Tornadus|[spread] p1b\n|-immune|p1a: Tornadus\n|-damage|p1b: Kyogre|0 fnt\n|faint|p1b: Kyogre\n|-ability|p2b: Duncan|Grim Neigh|boost\n|-boost|p2b: Duncan|spa|1\n|-damage|p2b: Duncan|29\/100|[from] item: Life Orb\n|\n|-weather|RainDance|[upkeep]\n|upkeep\n|\n|t:|1738290176\n|switch|p1b: Chi-Yu|Chi-Yu, L50|100\/100\n|-ability|p1b: Chi-Yu|Beads of Ruin\n|turn|9\n|\n|t:|1738290180\n|move|p1b: Chi-Yu|Dark Pulse|p2b: Duncan\n|-supereffective|p2b: Duncan\n|-damage|p2b: Duncan|0 fnt\n|faint|p2b: Duncan\n|\n|win|PokemonBreederJoey\n|raw|PokemonBreederJoey's rating: 1677 &rarr; <strong>1691<\/strong><br \/>(+14 for winning)\n|raw|infinitygroudon's rating: 1560 &rarr; <strong>1546<\/strong><br \/>(-14 for losing)\n|l| Pokuchu3\n|l|\u2606infinitygroudon\n|player|p2|\n","uploadtime":1738290322,"views":5,"formatid":"gen9vgc2025regg","rating":1546,"private":0,"password":null}