{"id":"gen9vgc2025regg-2291705989","format":"[Gen 9] VGC 2025 Reg G","players":["longhq","chaddiestchad"],"log":"|j|\u203dlonghq\n|j|\u2606chaddiestchad\n|t:|1738316796\n|gametype|doubles\n|player|p1|longhq|dawn|1563\n|player|p2|chaddiestchad|supernerd|1536\n|teamsize|p1|6\n|teamsize|p2|6\n|gen|9\n|tier|[Gen 9] VGC 2025 Reg G\n|rated|\n|rule|Species Clause: Limit one of each Pok\u00e9mon\n|rule|Item Clause: Limit 1 of each item\n|clearpoke\n|poke|p1|Miraidon, L50|\n|poke|p1|Iron Hands, L50|\n|poke|p1|Ogerpon-Hearthflame, L50, F|\n|poke|p1|Incineroar, L50, M|\n|poke|p1|Iron Bundle, L50|\n|poke|p1|Farigiraf, L50, M|\n|poke|p2|Calyrex-Shadow, L50|\n|poke|p2|Ogerpon-Hearthflame, L50, F|\n|poke|p2|Incineroar, L50, F|\n|poke|p2|Urshifu-*, L50, M|\n|poke|p2|Rillaboom, L50, M|\n|poke|p2|Raging Bolt, L50|\n|teampreview|4\n|inactive|Battle timer is ON: inactive players will automatically lose when time's up. (requested by chaddiestchad)\n|\n|t:|1738316836\n|start\n|switch|p1a: Incineroar|Incineroar, L50, M|100\/100\n|switch|p1b: Farigiraf|Farigiraf, L50, M|100\/100\n|switch|p2a: Rillaboom|Rillaboom, L50, M|100\/100\n|switch|p2b: Urshifu|Urshifu-Rapid-Strike, L50, M|100\/100\n|-ability|p1a: Incineroar|Intimidate|boost\n|-unboost|p2a: Rillaboom|atk|1\n|-unboost|p2b: Urshifu|atk|1\n|-fieldstart|move: Grassy Terrain|[from] ability: Grassy Surge|[of] p2a: Rillaboom\n|turn|1\n|inactive|longhq has 30 seconds left.\n|inactive|chaddiestchad has 30 seconds left.\n|inactive|longhq has 20 seconds left.\n|inactive|chaddiestchad has 20 seconds left.\n|inactive|longhq has 15 seconds left.\n|inactive|chaddiestchad has 15 seconds left.\n|inactive|chaddiestchad has 10 seconds left.\n|\n|t:|1738316884\n|switch|p1a: Miraidon|Miraidon, L50|100\/100\n|-fieldstart|move: Electric Terrain|[from] ability: Hadron Engine|[of] p1a: Miraidon\n|-enditem|p1b: Farigiraf|Electric Seed\n|-boost|p1b: Farigiraf|def|1|[from] item: Electric Seed\n|-terastallize|p1b: Farigiraf|Bug\n|move|p2b: Urshifu|Surging Strikes|p1b: Farigiraf\n|-crit|p1b: Farigiraf\n|-damage|p1b: Farigiraf|82\/100\n|-crit|p1b: Farigiraf\n|-damage|p1b: Farigiraf|62\/100\n|-crit|p1b: Farigiraf\n|-damage|p1b: Farigiraf|42\/100\n|-hitcount|p1b: Farigiraf|3\n|move|p2a: Rillaboom|U-turn|p1b: Farigiraf\n|-damage|p1b: Farigiraf|32\/100\n|\n|t:|1738316901\n|switch|p2a: Calyrex|Calyrex-Shadow, L50|100\/100|[from] U-turn\n|-ability|p2a: Calyrex|As One\n|-ability|p2a: Calyrex|Unnerve\n|move|p1b: Farigiraf|Psychic|p2b: Urshifu\n|-supereffective|p2b: Urshifu\n|-enditem|p2b: Urshifu|Focus Sash\n|-damage|p2b: Urshifu|1\/100\n|\n|upkeep\n|turn|2\n|\n|t:|1738316917\n|switch|p2b: Rillaboom|Rillaboom, L50, M|100\/100\n|-fieldstart|move: Grassy Terrain|[from] ability: Grassy Surge|[of] p2b: Rillaboom\n|switch|p1b: Incineroar|Incineroar, L50, M|100\/100\n|-ability|p1b: Incineroar|Intimidate|boost\n|-unboost|p2a: Calyrex|atk|1\n|-unboost|p2b: Rillaboom|atk|1\n|move|p2a: Calyrex|Astral Barrage|p1a: Miraidon|[spread] p1a,p1b\n|-resisted|p1b: Incineroar\n|-damage|p1a: Miraidon|43\/100\n|-damage|p1b: Incineroar|74\/100\n|move|p1a: Miraidon|Volt Switch|p2a: Calyrex\n|-damage|p2a: Calyrex|37\/100\n|inactive|longhq has 30 seconds left.\n|\n|t:|1738316945\n|switch|p1a: Farigiraf|Farigiraf, L50, M, tera:Bug|32\/100|[from] Volt Switch\n|\n|-heal|p2a: Calyrex|43\/100|[from] Grassy Terrain\n|-heal|p1b: Incineroar|80\/100|[from] Grassy Terrain\n|-heal|p1a: Farigiraf|38\/100|[from] Grassy Terrain\n|upkeep\n|turn|3\n|\n|t:|1738316963\n|move|p1a: Farigiraf|Helping Hand|p1b: Incineroar\n|-singleturn|p1b: Incineroar|Helping Hand|[of] p1a: Farigiraf\n|move|p2a: Calyrex|Astral Barrage|p1b: Incineroar|[spread] p1a,p1b\n|-resisted|p1b: Incineroar\n|-damage|p1a: Farigiraf|0 fnt\n|-damage|p1b: Incineroar|51\/100\n|faint|p1a: Farigiraf\n|-ability|p2a: Calyrex|Grim Neigh|boost\n|-boost|p2a: Calyrex|spa|1\n|move|p1b: Incineroar|Flare Blitz|p2b: Rillaboom\n|-supereffective|p2b: Rillaboom\n|-damage|p2b: Rillaboom|0 fnt\n|faint|p2b: Rillaboom\n|-damage|p1b: Incineroar|17\/100|[from] Recoil\n|\n|-heal|p2a: Calyrex|49\/100|[from] Grassy Terrain\n|-heal|p1b: Incineroar|23\/100|[from] Grassy Terrain\n|upkeep\n|\n|t:|1738316985\n|switch|p2b: Urshifu|Urshifu-Rapid-Strike, L50, M|1\/100\n|switch|p1a: Miraidon|Miraidon, L50|43\/100\n|-fieldstart|move: Electric Terrain|[from] ability: Hadron Engine|[of] p1a: Miraidon\n|turn|4\n|\n|t:|1738317001\n|switch|p2b: Ogerpon|Ogerpon-Hearthflame, L50, F|100\/100\n|-ability|p2b: Ogerpon|Mold Breaker\n|switch|p1b: Iron Hands|Iron Hands, L50|100\/100\n|-activate|p1b: Iron Hands|ability: Quark Drive\n|-start|p1b: Iron Hands|quarkdriveatk\n|move|p2a: Calyrex|Astral Barrage|p1b: Iron Hands|[spread] p1a,p1b\n|-damage|p1a: Miraidon|0 fnt\n|-damage|p1b: Iron Hands|51\/100\n|faint|p1a: Miraidon\n|-ability|p2a: Calyrex|Grim Neigh|boost\n|-boost|p2a: Calyrex|spa|1\n|\n|upkeep\n|\n|t:|1738317012\n|switch|p1a: Incineroar|Incineroar, L50, M|23\/100\n|-ability|p1a: Incineroar|Intimidate|boost\n|-unboost|p2a: Calyrex|atk|1\n|-unboost|p2b: Ogerpon|atk|1\n|turn|5\n|-message|longhq forfeited.\n|\n|win|chaddiestchad\n|raw|longhq's rating: 1563 &rarr; <strong>1541<\/strong><br \/>(-22 for losing)\n|raw|chaddiestchad's rating: 1536 &rarr; <strong>1558<\/strong><br \/>(+22 for winning)\n|l|\u203dlonghq\n|player|p1|\n|l|\u2606chaddiestchad\n|player|p2|\n","uploadtime":1738317203,"views":8,"formatid":"gen9vgc2025regg","rating":1541,"private":0,"password":null}