{"id":"gen9vgc2025regg-2291174592","format":"[Gen 9] VGC 2025 Reg G","players":["cobalt_poke","kd-vgc711"],"log":"|j|\u2606cobalt_poke\n|j|\u2606kd-vgc711\n|t:|1738247748\n|gametype|doubles\n|player|p1|cobalt_poke|102|1607\n|player|p2|kd-vgc711|102|1735\n|teamsize|p1|6\n|teamsize|p2|6\n|gen|9\n|tier|[Gen 9] VGC 2025 Reg G\n|rated|\n|rule|Species Clause: Limit one of each Pok\u00e9mon\n|rule|Item Clause: Limit 1 of each item\n|clearpoke\n|poke|p1|Weezing-Galar, L50, M|\n|poke|p1|Calyrex-Shadow, L50|\n|poke|p1|Dondozo, L50, F|\n|poke|p1|Tatsugiri, L50, M|\n|poke|p1|Incineroar, L50, M|\n|poke|p1|Roaring Moon, L50|\n|poke|p2|Calyrex-Ice, L50|\n|poke|p2|Torkoal, L50, M|\n|poke|p2|Lilligant-Hisui, L50, F|\n|poke|p2|Kingambit, L50, F|\n|poke|p2|Flutter Mane, L50|\n|poke|p2|Indeedee-F, L50, F|\n|teampreview|4\n|inactive|Battle timer is ON: inactive players will automatically lose when time's up. (requested by kd-vgc711)\n|\n|t:|1738247772\n|start\n|switch|p1a: Incineroar|Incineroar, L50, M|100\/100\n|switch|p1b: Weezing|Weezing-Galar, L50, M|100\/100\n|switch|p2a: Kingambit|Kingambit, L50, F, shiny|100\/100\n|switch|p2b: Indeedee|Indeedee-F, L50, F, shiny|100\/100\n|-ability|p1b: Weezing|Neutralizing Gas\n|turn|1\n|\n|t:|1738247797\n|move|p1a: Incineroar|Fake Out|p2a: Kingambit\n|-resisted|p2a: Kingambit\n|-damage|p2a: Kingambit|97\/100\n|move|p1b: Weezing|Toxic Spikes|p2b: Indeedee\n|-sidestart|p2: kd-vgc711|move: Toxic Spikes\n|cant|p2a: Kingambit|flinch\n|move|p2b: Indeedee|Trick Room|p2b: Indeedee\n|-fieldstart|move: Trick Room|[of] p2b: Indeedee\n|\n|upkeep\n|turn|2\n|\n|t:|1738247816\n|move|p1b: Weezing|Protect|p1b: Weezing\n|-singleturn|p1b: Weezing|Protect\n|move|p2a: Kingambit|Iron Head|p1b: Weezing\n|-activate|p1b: Weezing|move: Protect\n|move|p2b: Indeedee|Psychic|p1b: Weezing\n|-activate|p1b: Weezing|move: Protect\n|move|p1a: Incineroar|Will-O-Wisp|p2a: Kingambit\n|-status|p2a: Kingambit|brn\n|\n|-damage|p2a: Kingambit|91\/100 brn|[from] brn\n|upkeep\n|turn|3\n|\n|t:|1738247835\n|switch|p2a: Calyrex|Calyrex-Ice, L50|100\/100\n|-ability|p2a: Calyrex|As One\n|-ability|p2a: Calyrex|Unnerve\n|-status|p2a: Calyrex|psn\n|move|p1b: Weezing|Strange Steam|p2b: Indeedee\n|-damage|p2b: Indeedee|73\/100\n|move|p2b: Indeedee|Psychic|p1b: Weezing\n|-supereffective|p1b: Weezing\n|-damage|p1b: Weezing|48\/100\n|move|p1a: Incineroar|Knock Off|p2b: Indeedee\n|-supereffective|p2b: Indeedee\n|-crit|p2b: Indeedee\n|-damage|p2b: Indeedee|0 fnt\n|-enditem|p2b: Indeedee|Psychic Seed|[from] move: Knock Off|[of] p1a: Incineroar\n|faint|p2b: Indeedee\n|\n|-damage|p2a: Calyrex|88\/100 psn|[from] psn\n|upkeep\n|\n|t:|1738247839\n|switch|p2b: Torkoal|Torkoal, L50, M, shiny|100\/100\n|-status|p2b: Torkoal|psn\n|turn|4\n|\n|t:|1738247855\n|move|p1b: Weezing|Protect|p1b: Weezing\n|-singleturn|p1b: Weezing|Protect\n|move|p2b: Torkoal|Eruption|p1b: Weezing|[spread] p1a\n|-activate|p1b: Weezing|move: Protect\n|-resisted|p1a: Incineroar\n|-damage|p1a: Incineroar|74\/100\n|move|p2a: Calyrex|High Horsepower|p1a: Incineroar\n|-supereffective|p1a: Incineroar\n|-damage|p1a: Incineroar|0 fnt\n|faint|p1a: Incineroar\n|-ability|p2a: Calyrex|Chilling Neigh|boost\n|-boost|p2a: Calyrex|atk|1\n|\n|-damage|p2b: Torkoal|88\/100 psn|[from] psn\n|-damage|p2a: Calyrex|76\/100 psn|[from] psn\n|upkeep\n|\n|t:|1738247865\n|switch|p1a: Dondozo|Dondozo, L50, F|100\/100\n|turn|5\n|\n|t:|1738247871\n|-end|p1b: Weezing|ability: Neutralizing Gas\n|-weather|SunnyDay|[from] ability: Drought|[of] p2b: Torkoal\n|switch|p1b: Tatsugiri|Tatsugiri, L50, M|100\/100\n|-activate|p1b: Tatsugiri|ability: Commander|[of] p1a: Dondozo\n|-boost|p1a: Dondozo|atk|2\n|-boost|p1a: Dondozo|spa|2\n|-boost|p1a: Dondozo|spe|2\n|-boost|p1a: Dondozo|def|2\n|-boost|p1a: Dondozo|spd|2\n|move|p2b: Torkoal|Clear Smog|p1a: Dondozo\n|-damage|p1a: Dondozo|93\/100\n|-clearboost|p1a: Dondozo\n|move|p2a: Calyrex|Glacial Lance|p1b: Tatsugiri|[spread] p1a\n|-miss|p2a: Calyrex|p1b: Tatsugiri\n|-resisted|p1a: Dondozo\n|-damage|p1a: Dondozo|74\/100\n|move|p1a: Dondozo|Earthquake|p2a: Calyrex|[spread] p2a,p2b\n|-miss|p1a: Dondozo|p1b: Tatsugiri\n|-supereffective|p2b: Torkoal\n|-damage|p2a: Calyrex|63\/100 psn\n|-damage|p2b: Torkoal|52\/100 psn\n|\n|-weather|SunnyDay|[upkeep]\n|-heal|p1a: Dondozo|80\/100|[from] item: Leftovers\n|-damage|p2b: Torkoal|39\/100 psn|[from] psn\n|-damage|p2a: Calyrex|51\/100 psn|[from] psn\n|-fieldend|move: Trick Room\n|upkeep\n|turn|6\n|\n|t:|1738247893\n|move|p2b: Torkoal|Protect|p2b: Torkoal\n|-singleturn|p2b: Torkoal|Protect\n|move|p1a: Dondozo|Earthquake|p2b: Torkoal|[spread] p2a\n|-miss|p1a: Dondozo|p1b: Tatsugiri\n|-activate|p2b: Torkoal|move: Protect\n|-damage|p2a: Calyrex|36\/100 psn\n|move|p2a: Calyrex|Trick Room|p2a: Calyrex\n|-fieldstart|move: Trick Room|[of] p2a: Calyrex\n|\n|-weather|SunnyDay|[upkeep]\n|-heal|p1a: Dondozo|86\/100|[from] item: Leftovers\n|-damage|p2b: Torkoal|27\/100 psn|[from] psn\n|-damage|p2a: Calyrex|24\/100 psn|[from] psn\n|upkeep\n|turn|7\n|\n|t:|1738247899\n|-terastallize|p2b: Torkoal|Fire\n|move|p1a: Dondozo|Protect|p1a: Dondozo\n|-singleturn|p1a: Dondozo|Protect\n|move|p2b: Torkoal|Flamethrower|p1a: Dondozo\n|-activate|p1a: Dondozo|move: Protect\n|move|p2a: Calyrex|High Horsepower|p1a: Dondozo\n|-activate|p1a: Dondozo|move: Protect\n|\n|-weather|SunnyDay|[upkeep]\n|-heal|p1a: Dondozo|93\/100|[from] item: Leftovers\n|-damage|p2b: Torkoal|15\/100 psn|[from] psn\n|-damage|p2a: Calyrex|12\/100 psn|[from] psn\n|upkeep\n|turn|8\n|\n|t:|1738247906\n|move|p2b: Torkoal|Flamethrower|p1a: Dondozo\n|-resisted|p1a: Dondozo\n|-crit|p1a: Dondozo\n|-damage|p1a: Dondozo|30\/100\n|move|p2a: Calyrex|High Horsepower|p1a: Dondozo\n|-damage|p1a: Dondozo|5\/100\n|move|p1a: Dondozo|Earthquake|p2b: Torkoal|[spread] p2a,p2b\n|-miss|p1a: Dondozo|p1b: Tatsugiri\n|-supereffective|p2b: Torkoal\n|-damage|p2a: Calyrex|0 fnt\n|-damage|p2b: Torkoal|0 fnt\n|faint|p2a: Calyrex\n|faint|p2b: Torkoal\n|\n|-weather|SunnyDay|[upkeep]\n|-heal|p1a: Dondozo|11\/100|[from] item: Leftovers\n|upkeep\n|\n|t:|1738247910\n|switch|p2b: Kingambit|Kingambit, L50, F, shiny|91\/100 brn\n|turn|9\n|\n|t:|1738247914\n|move|p2b: Kingambit|Kowtow Cleave|p1a: Dondozo\n|-damage|p1a: Dondozo|0 fnt\n|faint|p1a: Dondozo\n|\n|-weather|none\n|-damage|p2b: Kingambit|86\/100 brn|[from] brn\n|upkeep\n|\n|t:|1738247917\n|switch|p1a: Weezing|Weezing-Galar, L50, M|48\/100\n|-enditem|p1a: Weezing|Sitrus Berry|[eat]\n|-heal|p1a: Weezing|73\/100|[from] item: Sitrus Berry\n|-ability|p1a: Weezing|Neutralizing Gas\n|turn|10\n|\n|t:|1738247922\n|move|p1b: Tatsugiri|Protect|p1b: Tatsugiri\n|-singleturn|p1b: Tatsugiri|Protect\n|move|p2b: Kingambit|Iron Head|p1a: Weezing\n|-supereffective|p1a: Weezing\n|-damage|p1a: Weezing|32\/100\n|move|p1a: Weezing|Strange Steam|p2b: Kingambit|[miss]\n|-miss|p1a: Weezing|p2b: Kingambit\n|\n|-damage|p2b: Kingambit|80\/100 brn|[from] brn\n|-fieldend|move: Trick Room\n|upkeep\n|turn|11\n|\n|t:|1738247929\n|move|p1a: Weezing|Protect|p1a: Weezing\n|-singleturn|p1a: Weezing|Protect\n|move|p1b: Tatsugiri|Muddy Water|p2b: Kingambit|[miss]\n|-miss|p1b: Tatsugiri|p2b: Kingambit\n|move|p2b: Kingambit|Kowtow Cleave|p1b: Tatsugiri\n|-damage|p1b: Tatsugiri|61\/100\n|\n|-damage|p2b: Kingambit|74\/100 brn|[from] brn\n|upkeep\n|turn|12\n|\n|t:|1738247936\n|move|p1b: Tatsugiri|Muddy Water|p2b: Kingambit\n|-damage|p2b: Kingambit|51\/100 brn\n|-unboost|p2b: Kingambit|accuracy|1\n|move|p1a: Weezing|Strange Steam|p2b: Kingambit\n|-damage|p2b: Kingambit|35\/100 brn\n|move|p2b: Kingambit|Iron Head|p1a: Weezing\n|-supereffective|p1a: Weezing\n|-damage|p1a: Weezing|0 fnt\n|faint|p1a: Weezing\n|-end|p1a: Weezing|ability: Neutralizing Gas\n|\n|-damage|p2b: Kingambit|29\/100 brn|[from] brn\n|upkeep\n|turn|13\n|\n|t:|1738247945\n|move|p1b: Tatsugiri|Protect|p1b: Tatsugiri\n|-singleturn|p1b: Tatsugiri|Protect\n|move|p2b: Kingambit|Sucker Punch||[still]\n|-fail|p2b: Kingambit\n|\n|-damage|p2b: Kingambit|23\/100 brn|[from] brn\n|upkeep\n|turn|14\n|\n|t:|1738247949\n|move|p2b: Kingambit|Sucker Punch|p1b: Tatsugiri\n|-damage|p1b: Tatsugiri|29\/100\n|move|p1b: Tatsugiri|Muddy Water|p2b: Kingambit|[miss]\n|-miss|p1b: Tatsugiri|p2b: Kingambit\n|\n|-damage|p2b: Kingambit|17\/100 brn|[from] brn\n|upkeep\n|turn|15\n|\n|t:|1738247955\n|move|p1b: Tatsugiri|Muddy Water|p2b: Kingambit|[miss]\n|-miss|p1b: Tatsugiri|p2b: Kingambit\n|move|p2b: Kingambit|Kowtow Cleave|p1b: Tatsugiri\n|-damage|p1b: Tatsugiri|0 fnt\n|faint|p1b: Tatsugiri\n|\n|win|kd-vgc711\n|raw|cobalt_poke's rating: 1607 &rarr; <strong>1594<\/strong><br \/>(-13 for losing)\n|raw|kd-vgc711's rating: 1735 &rarr; <strong>1748<\/strong><br \/>(+13 for winning)\n|l|\u2606cobalt_poke\n|player|p1|\n|l|\u2606kd-vgc711\n|player|p2|\n","uploadtime":1738248193,"views":15,"formatid":"gen9vgc2025regg","rating":1594,"private":0,"password":null}