{"id":"gen9vgc2025regg-2291803346","format":"[Gen 9] VGC 2025 Reg G","players":["Grimmjane","Imnotagni"],"log":"|j|\u2606Grimmjane\n|j|\u2606Imnotagni\n|t:|1738332203\n|gametype|doubles\n|player|p1|Grimmjane|266|1576\n|player|p2|Imnotagni|policeman-gen4|1730\n|teamsize|p1|6\n|teamsize|p2|6\n|gen|9\n|tier|[Gen 9] VGC 2025 Reg G\n|rated|\n|rule|Species Clause: Limit one of each Pok\u00e9mon\n|rule|Item Clause: Limit 1 of each item\n|clearpoke\n|poke|p1|Zacian-*, L50|\n|poke|p1|Entei, L50|\n|poke|p1|Araquanid, L50, F|\n|poke|p1|Brute Bonnet, L50|\n|poke|p1|Tornadus, L50, M|\n|poke|p1|Ditto, L50|\n|poke|p2|Kyogre, L50|\n|poke|p2|Tornadus, L50, M|\n|poke|p2|Tsareena, L50, F|\n|poke|p2|Regieleki, L50|\n|poke|p2|Landorus, L50, M|\n|poke|p2|Urshifu-*, L50, M|\n|teampreview|4\n|inactive|Battle timer is ON: inactive players will automatically lose when time's up. (requested by Imnotagni)\n|inactive|Grimmjane has 60 seconds left.\n|inactive|Imnotagni has 60 seconds left.\n|\n|t:|1738332262\n|start\n|switch|p1a: Tornadus|Tornadus, L50, M|100\/100\n|switch|p1b: Brute Bonnet|Brute Bonnet, L50|100\/100\n|switch|p2a: Tornadus|Tornadus, L50, M|100\/100\n|switch|p2b: Kyogre|Kyogre, L50, shiny|100\/100\n|-weather|RainDance|[from] ability: Drizzle|[of] p2b: Kyogre\n|turn|1\n|\n|t:|1738332286\n|-terastallize|p2b: Kyogre|Grass\n|move|p1a: Tornadus|Sunny Day|p1a: Tornadus\n|-weather|SunnyDay\n|-activate|p1b: Brute Bonnet|ability: Protosynthesis\n|-start|p1b: Brute Bonnet|protosynthesisatk\n|move|p2a: Tornadus|Bleakwind Storm|p1b: Brute Bonnet|[spread] p1a\n|-miss|p2a: Tornadus|p1b: Brute Bonnet\n|-damage|p1a: Tornadus|54\/100\n|move|p2b: Kyogre|Water Spout|p1b: Brute Bonnet|[spread] p1a,p1b\n|-resisted|p1b: Brute Bonnet\n|-damage|p1a: Tornadus|6\/100\n|-damage|p1b: Brute Bonnet|84\/100\n|move|p1b: Brute Bonnet|Spore|p2a: Tornadus\n|-status|p2a: Tornadus|slp|[from] move: Spore\n|\n|-weather|SunnyDay|[upkeep]\n|upkeep\n|turn|2\n|inactive|Imnotagni has 30 seconds left.\n|\n|t:|1738332316\n|move|p1a: Tornadus|Tailwind|p1a: Tornadus\n|-sidestart|p1: Grimmjane|move: Tailwind\n|cant|p2a: Tornadus|slp\n|move|p1b: Brute Bonnet|Crunch|p2a: Tornadus\n|-damage|p2a: Tornadus|44\/100 slp\n|move|p2b: Kyogre|Ice Beam|p1b: Brute Bonnet\n|-supereffective|p1b: Brute Bonnet\n|-damage|p1b: Brute Bonnet|27\/100\n|\n|-weather|SunnyDay|[upkeep]\n|upkeep\n|turn|3\n|\n|t:|1738332329\n|cant|p2a: Tornadus|slp\n|move|p1a: Tornadus|Bleakwind Storm|p2a: Tornadus|[spread] p2a,p2b\n|-supereffective|p2b: Kyogre\n|-damage|p2a: Tornadus|0 fnt\n|-damage|p2b: Kyogre|45\/100\n|faint|p2a: Tornadus\n|move|p1b: Brute Bonnet|Crunch|p2b: Kyogre\n|-damage|p2b: Kyogre|0 fnt\n|faint|p2b: Kyogre\n|\n|-weather|SunnyDay|[upkeep]\n|upkeep\n|\n|t:|1738332336\n|switch|p2a: Regieleki|Regieleki, L50|100\/100\n|switch|p2b: Urshifu|Urshifu-Rapid-Strike, L50, M|100\/100\n|turn|4\n|\n|t:|1738332353\n|move|p1a: Tornadus|Bleakwind Storm|p2b: Urshifu|[spread] p2a,p2b\n|-resisted|p2a: Regieleki\n|-supereffective|p2b: Urshifu\n|-damage|p2a: Regieleki|62\/100\n|-damage|p2b: Urshifu|0 fnt\n|faint|p2b: Urshifu\n|move|p2a: Regieleki|Electroweb|p1b: Brute Bonnet|[spread] p1b\n|-miss|p2a: Regieleki|p1a: Tornadus\n|-resisted|p1b: Brute Bonnet\n|-damage|p1b: Brute Bonnet|18\/100\n|move|p1b: Brute Bonnet|Spore|p2a: Regieleki\n|-status|p2a: Regieleki|slp|[from] move: Spore\n|\n|-weather|SunnyDay|[upkeep]\n|upkeep\n|turn|5\n|-message|Imnotagni forfeited.\n|\n|win|Grimmjane\n|raw|Grimmjane's rating: 1576 &rarr; <strong>1604<\/strong><br \/>(+28 for winning)\n|raw|Imnotagni's rating: 1730 &rarr; <strong>1702<\/strong><br \/>(-28 for losing)\n|l|\u2606Imnotagni\n|player|p2|\n|l|\u2606Grimmjane\n|player|p1|\n","uploadtime":1738332556,"views":14,"formatid":"gen9vgc2025regg","rating":1604,"private":0,"password":null}