{"id":"gen9vgc2025regg-2291296164","format":"[Gen 9] VGC 2025 Reg G","players":["is washed","GeorgeBraun"],"log":"|j|\u2606is washed\n|j|\u2606GeorgeBraun\n|t:|1738260099\n|gametype|doubles\n|player|p1|is washed|cameraman|1587\n|player|p2|GeorgeBraun|gentleman-gen4|1561\n|teamsize|p1|6\n|teamsize|p2|6\n|gen|9\n|tier|[Gen 9] VGC 2025 Reg G\n|rated|\n|rule|Species Clause: Limit one of each Pok\u00e9mon\n|rule|Item Clause: Limit 1 of each item\n|clearpoke\n|poke|p1|Kyogre, L50|\n|poke|p1|Tornadus, L50, M|\n|poke|p1|Urshifu-*, L50, F|\n|poke|p1|Chien-Pao, L50|\n|poke|p1|Rillaboom, L50, M|\n|poke|p1|Tsareena, L50, F|\n|poke|p2|Chien-Pao, L50|\n|poke|p2|Hitmontop, L50, M|\n|poke|p2|Entei, L50|\n|poke|p2|Kyogre, L50|\n|poke|p2|Roaring Moon, L50|\n|poke|p2|Rillaboom, L50, F|\n|teampreview|4\n|j| vgcvillains\n|inactive|Battle timer is ON: inactive players will automatically lose when time's up. (requested by GeorgeBraun)\n|inactive|GeorgeBraun has 60 seconds left.\n|\n|t:|1738260139\n|start\n|switch|p1a: Tornadus|Tornadus, L50, M|100\/100\n|switch|p1b: Urshifu|Urshifu-Rapid-Strike, L50, F|100\/100\n|switch|p2a: Roaring Moon|Roaring Moon, L50|100\/100\n|switch|p2b: Rillaboom|Rillaboom, L50, F|100\/100\n|-fieldstart|move: Grassy Terrain|[from] ability: Grassy Surge|[of] p2b: Rillaboom\n|-enditem|p2a: Roaring Moon|Booster Energy\n|-activate|p2a: Roaring Moon|ability: Protosynthesis|[fromitem]\n|-start|p2a: Roaring Moon|protosynthesisspe\n|turn|1\n|inactive|is washed has 30 seconds left.\n|inactive|is washed has 20 seconds left.\n|inactive|is washed has 15 seconds left.\n|inactive|is washed has 10 seconds left.\n|inactive|is washed has 5 seconds left.\n|\n|t:|1738260192\n|switch|p1a: Tsareena|Tsareena, L50, F, shiny|100\/100\n|-terastallize|p1b: Urshifu|Grass\n|move|p2b: Rillaboom|Fake Out||[still]\n|cant|p1a: Tsareena|ability: Queenly Majesty|Fake Out|[of] p2b: Rillaboom\n|move|p2a: Roaring Moon|Tailwind|p2a: Roaring Moon\n|-sidestart|p2: GeorgeBraun|move: Tailwind\n|move|p1b: Urshifu|Close Combat|p2a: Roaring Moon\n|-supereffective|p2a: Roaring Moon\n|-damage|p2a: Roaring Moon|0 fnt\n|-unboost|p1b: Urshifu|def|1\n|-unboost|p1b: Urshifu|spd|1\n|faint|p2a: Roaring Moon\n|-end|p2a: Roaring Moon|Protosynthesis|[silent]\n|-damage|p1b: Urshifu|91\/100|[from] item: Life Orb\n|\n|-heal|p1b: Urshifu|97\/100|[from] Grassy Terrain\n|upkeep\n|\n|t:|1738260206\n|switch|p2a: Kyogre|Kyogre, L50|100\/100\n|-weather|RainDance|[from] ability: Drizzle|[of] p2a: Kyogre\n|turn|2\n|j| stewpeed\n|j| mentalrofl\n|inactive|is washed has 30 seconds left.\n|\n|t:|1738260239\n|-terastallize|p2a: Kyogre|Grass\n|move|p1b: Urshifu|Detect|p1b: Urshifu\n|-singleturn|p1b: Urshifu|Protect\n|move|p2a: Kyogre|Water Spout|p1a: Tsareena|[spread] p1a\n|-activate|p1b: Urshifu|move: Protect\n|-resisted|p1a: Tsareena\n|-damage|p1a: Tsareena|32\/100\n|move|p2b: Rillaboom|U-turn|p1a: Tsareena\n|-supereffective|p1a: Tsareena\n|-damage|p1a: Tsareena|0 fnt\n|faint|p1a: Tsareena\n|\n|t:|1738260252\n|switch|p2b: Chien-Pao|Chien-Pao, L50|100\/100|[from] U-turn\n|-ability|p2b: Chien-Pao|Sword of Ruin\n|\n|-weather|RainDance|[upkeep]\n|-heal|p1b: Urshifu|100\/100|[from] Grassy Terrain\n|upkeep\n|\n|t:|1738260255\n|switch|p1a: Tornadus|Tornadus, L50, M|100\/100\n|turn|3\n|\n|t:|1738260269\n|move|p2b: Chien-Pao|Ice Shard|p1b: Urshifu\n|-supereffective|p1b: Urshifu\n|-crit|p1b: Urshifu\n|-damage|p1b: Urshifu|0 fnt\n|faint|p1b: Urshifu\n|move|p1a: Tornadus|Tailwind|p1a: Tornadus\n|-sidestart|p1: is washed|move: Tailwind\n|move|p2a: Kyogre|Origin Pulse|p1a: Tornadus\n|-damage|p1a: Tornadus|0 fnt\n|faint|p1a: Tornadus\n|\n|-weather|RainDance|[upkeep]\n|upkeep\n|j| enokinokinoki\n|l| mentalrofl\n|\n|t:|1738260287\n|switch|p1b: Chien-Pao|Chien-Pao, L50|100\/100\n|-ability|p1b: Chien-Pao|Sword of Ruin\n|turn|4\n|\n|t:|1738260301\n|move|p2b: Chien-Pao|Protect|p2b: Chien-Pao\n|-singleturn|p2b: Chien-Pao|Protect\n|move|p2a: Kyogre|Protect|p2a: Kyogre\n|-singleturn|p2a: Kyogre|Protect\n|move|p1b: Chien-Pao|Icicle Crash|p2b: Chien-Pao\n|-activate|p2b: Chien-Pao|move: Protect\n|\n|-weather|RainDance|[upkeep]\n|-sideend|p2: GeorgeBraun|move: Tailwind\n|upkeep\n|turn|5\n|\n|t:|1738260319\n|move|p1b: Chien-Pao|Icicle Crash|p2a: Kyogre|[miss]\n|-miss|p1b: Chien-Pao|p2a: Kyogre\n|move|p2b: Chien-Pao|Crunch|p1b: Chien-Pao\n|-resisted|p1b: Chien-Pao\n|-damage|p1b: Chien-Pao|74\/100\n|move|p2a: Kyogre|Origin Pulse|p1b: Chien-Pao\n|-damage|p1b: Chien-Pao|0 fnt\n|faint|p1b: Chien-Pao\n|\n|win|GeorgeBraun\n|raw|is washed's rating: 1587 &rarr; <strong>1566<\/strong><br \/>(-21 for losing)\n|raw|GeorgeBraun's rating: 1561 &rarr; <strong>1582<\/strong><br \/>(+21 for winning)\n|c|\u2606is washed|lol\n|l| stewpeed\n|c|\u2606GeorgeBraun|gg\n|l|\u2606is washed\n|player|p1|\n|l|\u2606GeorgeBraun\n|player|p2|\n","uploadtime":1738260582,"views":8,"formatid":"gen9vgc2025regg","rating":1566,"private":0,"password":null}