{"id":"gen9vgc2025regg-2291805630","format":"[Gen 9] VGC 2025 Reg G","players":["trchlt1","Waffles4breakfast"],"log":"|j|\u2606trchlt1\n|j|\u2606Waffles4breakfast\n|t:|1738332480\n|gametype|doubles\n|player|p1|trchlt1|169|1507\n|player|p2|Waffles4breakfast|juggler|1579\n|teamsize|p1|6\n|teamsize|p2|6\n|gen|9\n|tier|[Gen 9] VGC 2025 Reg G\n|rated|\n|rule|Species Clause: Limit one of each Pok\u00e9mon\n|rule|Item Clause: Limit 1 of each item\n|clearpoke\n|poke|p1|Chi-Yu, L50|\n|poke|p1|Regidrago, L50|\n|poke|p1|Zacian-*, L50|\n|poke|p1|Tornadus, L50, M|\n|poke|p1|Rillaboom, L50, F|\n|poke|p1|Farigiraf, L50, M|\n|poke|p2|Kyogre, L50|\n|poke|p2|Tornadus, L50, M|\n|poke|p2|Annihilape, L50, M|\n|poke|p2|Flutter Mane, L50|\n|poke|p2|Dragonite, L50, M|\n|poke|p2|Indeedee-F, L50, F|\n|teampreview|4\n|inactive|Battle timer is ON: inactive players will automatically lose when time's up. (requested by Waffles4breakfast)\n|\n|t:|1738332509\n|start\n|switch|p1a: Tornadus|Tornadus, L50, M|100\/100\n|switch|p1b: Zacian|Zacian-Crowned, L50|100\/100\n|switch|p2a: Tornadus|Tornadus, L50, M|100\/100\n|switch|p2b: Dragonite|Dragonite, L50, M|100\/100\n|-ability|p1b: Zacian|Intrepid Sword|boost\n|-boost|p1b: Zacian|atk|1\n|turn|1\n|\n|t:|1738332522\n|move|p2a: Tornadus|Tailwind|p2a: Tornadus\n|-sidestart|p2: Waffles4breakfast|move: Tailwind\n|move|p2b: Dragonite|Earthquake|p1a: Tornadus|[spread] p1b\n|-immune|p2a: Tornadus\n|-immune|p1a: Tornadus\n|-supereffective|p1b: Zacian\n|-damage|p1b: Zacian|17\/100\n|move|p1b: Zacian|Play Rough|p2b: Dragonite\n|-supereffective|p2b: Dragonite\n|-damage|p2b: Dragonite|0 fnt\n|faint|p2b: Dragonite\n|move|p1a: Tornadus|Bleakwind Storm|p2a: Tornadus\n|-damage|p2a: Tornadus|40\/100\n|\n|upkeep\n|\n|t:|1738332529\n|switch|p2b: Kyogre|Kyogre, L50|100\/100\n|-weather|RainDance|[from] ability: Drizzle|[of] p2b: Kyogre\n|turn|2\n|\n|t:|1738332541\n|move|p1b: Zacian|Protect|p1b: Zacian\n|-singleturn|p1b: Zacian|Protect\n|move|p2a: Tornadus|Scary Face|p1b: Zacian\n|-activate|p1b: Zacian|move: Protect\n|move|p1a: Tornadus|Sunny Day|p1a: Tornadus\n|-weather|SunnyDay\n|move|p2b: Kyogre|Water Spout|p1b: Zacian|[spread] p1a\n|-activate|p1b: Zacian|move: Protect\n|-damage|p1a: Tornadus|38\/100\n|\n|-weather|SunnyDay|[upkeep]\n|upkeep\n|turn|3\n|inactive|Waffles4breakfast has 30 seconds left.\n|inactive|Waffles4breakfast has 20 seconds left.\n|inactive|Waffles4breakfast has 15 seconds left.\n|inactive|Waffles4breakfast has 10 seconds left.\n|inactive|Waffles4breakfast has 5 seconds left.\n|\n|t:|1738332596\n|move|p1a: Tornadus|Tailwind|p1a: Tornadus\n|-sidestart|p1: trchlt1|move: Tailwind\n|move|p1b: Zacian|Play Rough|p2b: Kyogre\n|-damage|p2b: Kyogre|23\/100\n|move|p2a: Tornadus|Bleakwind Storm|p1a: Tornadus|[spread] p1a\n|-miss|p2a: Tornadus|p1b: Zacian\n|-damage|p1a: Tornadus|0 fnt\n|faint|p1a: Tornadus\n|move|p2b: Kyogre|Water Spout|p1b: Zacian\n|-damage|p1b: Zacian|3\/100\n|\n|-weather|SunnyDay|[upkeep]\n|upkeep\n|j| jkimkim1\n|\n|t:|1738332616\n|switch|p1a: Regidrago|Regidrago, L50|100\/100\n|turn|4\n|\n|t:|1738332639\n|switch|p2b: Annihilape|Annihilape, L50, M|100\/100\n|move|p2a: Tornadus|Scary Face|p1a: Regidrago\n|-unboost|p1a: Regidrago|spe|2\n|move|p1b: Zacian|Behemoth Blade|p2b: Annihilape\n|-damage|p2b: Annihilape|11\/100\n|move|p1a: Regidrago|Dragon Energy|p2a: Tornadus|[spread] p2a,p2b\n|-damage|p2a: Tornadus|0 fnt\n|-damage|p2b: Annihilape|0 fnt\n|faint|p2a: Tornadus\n|faint|p2b: Annihilape\n|\n|-weather|SunnyDay|[upkeep]\n|-sideend|p2: Waffles4breakfast|move: Tailwind\n|upkeep\n|\n|t:|1738332642\n|switch|p2b: Kyogre|Kyogre, L50|23\/100\n|-weather|RainDance|[from] ability: Drizzle|[of] p2b: Kyogre\n|turn|5\n|\n|t:|1738332659\n|-terastallize|p2b: Kyogre|Ghost\n|move|p1b: Zacian|Behemoth Blade|p2b: Kyogre\n|-damage|p2b: Kyogre|0 fnt\n|faint|p2b: Kyogre\n|\n|win|trchlt1\n|raw|trchlt1's rating: 1507 &rarr; <strong>1531<\/strong><br \/>(+24 for winning)\n|raw|Waffles4breakfast's rating: 1579 &rarr; <strong>1555<\/strong><br \/>(-24 for losing)\n|l|\u2606trchlt1\n|player|p1|\n","uploadtime":1738332833,"views":5,"formatid":"gen9vgc2025regg","rating":1531,"private":0,"password":null}