{"id":"gen9vgc2025regg-2291842404","format":"[Gen 9] VGC 2025 Reg G","players":["kfjtdhynd","Unstylish_Harry"],"log":"|j|\u2606kfjtdhynd\n|j|\u2606Unstylish_Harry\n|t:|1738336609\n|gametype|doubles\n|player|p1|kfjtdhynd|102|1589\n|player|p2|Unstylish_Harry|169|1539\n|teamsize|p1|6\n|teamsize|p2|6\n|gen|9\n|tier|[Gen 9] VGC 2025 Reg G\n|rated|\n|rule|Species Clause: Limit one of each Pok\u00e9mon\n|rule|Item Clause: Limit 1 of each item\n|clearpoke\n|poke|p1|Lunala, L50|\n|poke|p1|Rillaboom, L50, M|\n|poke|p1|Urshifu-*, L50, M|\n|poke|p1|Ursaluna, L50, M|\n|poke|p1|Incineroar, L50, F|\n|poke|p1|Amoonguss, L50, F|\n|poke|p2|Calyrex-Ice, L50|\n|poke|p2|Incineroar, L50, F|\n|poke|p2|Amoonguss, L50, M|\n|poke|p2|Ting-Lu, L50|\n|poke|p2|Urshifu-*, L50, M|\n|poke|p2|Pelipper, L50, M|\n|teampreview|4\n|inactive|Battle timer is ON: inactive players will automatically lose when time's up. (requested by Unstylish_Harry)\n|inactive|kfjtdhynd has 60 seconds left.\n|inactive|Unstylish_Harry has 60 seconds left.\n|inactive|kfjtdhynd has 30 seconds left.\n|\n|t:|1738336671\n|start\n|switch|p1a: Urshifu|Urshifu-Rapid-Strike, L50, M|100\/100\n|switch|p1b: Lunala|Lunala, L50|100\/100\n|switch|p2a: Incineroar|Incineroar, L50, F|100\/100\n|switch|p2b: Amoonguss|Amoonguss, L50, M|100\/100\n|-ability|p2a: Incineroar|Intimidate|boost\n|-unboost|p1a: Urshifu|atk|1\n|-unboost|p1b: Lunala|atk|1\n|turn|1\n|inactive|Unstylish_Harry has 30 seconds left.\n|inactive|Unstylish_Harry has 20 seconds left.\n|\n|t:|1738336706\n|switch|p1a: Ursaluna|Ursaluna, L50, M|100\/100\n|switch|p2a: Ting-Lu|Ting-Lu, L50|100\/100\n|-ability|p2a: Ting-Lu|Vessel of Ruin\n|move|p1b: Lunala|Protect|p1b: Lunala\n|-singleturn|p1b: Lunala|Protect\n|move|p2b: Amoonguss|Spore|p1a: Ursaluna\n|-status|p1a: Ursaluna|slp|[from] move: Spore\n|\n|upkeep\n|turn|2\n|inactive|Unstylish_Harry has 30 seconds left.\n|\n|t:|1738336737\n|switch|p1b: Rillaboom|Rillaboom, L50, M|100\/100\n|-fieldstart|move: Grassy Terrain|[from] ability: Grassy Surge|[of] p1b: Rillaboom\n|switch|p2b: Calyrex|Calyrex-Ice, L50|100\/100\n|-ability|p2b: Calyrex|As One\n|-ability|p2b: Calyrex|Unnerve\n|cant|p1a: Ursaluna|slp\n|move|p2a: Ting-Lu|Lash Out|p1b: Rillaboom\n|-damage|p1b: Rillaboom|70\/100\n|\n|-heal|p1b: Rillaboom|75\/100|[from] Grassy Terrain\n|upkeep\n|turn|3\n|inactive|kfjtdhynd has 30 seconds left.\n|inactive|Unstylish_Harry has 30 seconds left.\n|\n|t:|1738336763\n|switch|p2a: Incineroar|Incineroar, L50, F|100\/100\n|-ability|p2a: Incineroar|Intimidate|boost\n|-unboost|p1a: Ursaluna|atk|1\n|-unboost|p1b: Rillaboom|atk|1\n|move|p1b: Rillaboom|Fake Out|p2b: Calyrex\n|-damage|p2b: Calyrex|95\/100\n|cant|p2b: Calyrex|flinch\n|-curestatus|p1a: Ursaluna|slp|[msg]\n|move|p1a: Ursaluna|Facade|p2b: Calyrex\n|-damage|p2b: Calyrex|77\/100\n|\n|-heal|p1b: Rillaboom|81\/100|[from] Grassy Terrain\n|-heal|p2b: Calyrex|83\/100|[from] Grassy Terrain\n|-status|p1a: Ursaluna|brn|[from] item: Flame Orb\n|upkeep\n|turn|4\n|inactive|kfjtdhynd has 30 seconds left.\n|inactive|Unstylish_Harry has 30 seconds left.\n|inactive|kfjtdhynd has 20 seconds left.\n|\n|t:|1738336802\n|switch|p1a: Lunala|Lunala, L50|100\/100\n|move|p1b: Rillaboom|U-turn|p2b: Calyrex\n|-supereffective|p2b: Calyrex\n|-damage|p2b: Calyrex|65\/100\n|\n|t:|1738336807\n|switch|p1b: Urshifu|Urshifu-Rapid-Strike, L50, M|100\/100|[from] U-turn\n|move|p2a: Incineroar|Parting Shot|p1b: Urshifu\n|-unboost|p1b: Urshifu|atk|1\n|-unboost|p1b: Urshifu|spa|1\n|\n|t:|1738336832\n|switch|p2a: Ting-Lu|Ting-Lu, L50|100\/100|[from] Parting Shot\n|-ability|p2a: Ting-Lu|Vessel of Ruin\n|move|p2b: Calyrex|Glacial Lance|p1b: Urshifu|[spread] p1a,p1b\n|-resisted|p1b: Urshifu\n|-damage|p1a: Lunala|77\/100\n|-damage|p1b: Urshifu|71\/100\n|\n|-heal|p1b: Urshifu|77\/100|[from] Grassy Terrain\n|-heal|p1a: Lunala|83\/100|[from] Grassy Terrain\n|-heal|p2b: Calyrex|70\/100|[from] Grassy Terrain\n|upkeep\n|turn|5\n|\n|t:|1738336851\n|switch|p2b: Amoonguss|Amoonguss, L50, M|100\/100\n|-terastallize|p1a: Lunala|Fairy\n|-terastallize|p2a: Ting-Lu|Fairy\n|move|p1b: Urshifu|Surging Strikes|p2b: Amoonguss\n|-resisted|p2b: Amoonguss\n|-crit|p2b: Amoonguss\n|-damage|p2b: Amoonguss|92\/100\n|-resisted|p2b: Amoonguss\n|-crit|p2b: Amoonguss\n|-damage|p2b: Amoonguss|83\/100\n|-resisted|p2b: Amoonguss\n|-crit|p2b: Amoonguss\n|-damage|p2b: Amoonguss|75\/100\n|-hitcount|p2b: Amoonguss|3\n|move|p1a: Lunala|Meteor Beam||[still]\n|-prepare|p1a: Lunala|Meteor Beam\n|-boost|p1a: Lunala|spa|1\n|-enditem|p1a: Lunala|Power Herb\n|-anim|p1a: Lunala|Meteor Beam|p2b: Amoonguss\n|-damage|p2b: Amoonguss|34\/100\n|move|p2a: Ting-Lu|Tera Blast|p1b: Urshifu|[anim] Tera Blast Fairy\n|-supereffective|p1b: Urshifu\n|-damage|p1b: Urshifu|0 fnt\n|faint|p1b: Urshifu\n|\n|-heal|p1a: Lunala|89\/100|[from] Grassy Terrain\n|-heal|p2b: Amoonguss|40\/100|[from] Grassy Terrain\n|upkeep\n|\n|t:|1738336854\n|switch|p1b: Ursaluna|Ursaluna, L50, M|100\/100 brn\n|turn|6\n|inactive|Unstylish_Harry has 30 seconds left.\n|inactive|Unstylish_Harry has 20 seconds left.\n|inactive|Unstylish_Harry has 15 seconds left.\n|inactive|Unstylish_Harry has 10 seconds left.\n|j| Baitong1997\n|\n|t:|1738336902\n|move|p2b: Amoonguss|Rage Powder|p2b: Amoonguss\n|-singleturn|p2b: Amoonguss|move: Rage Powder\n|move|p1a: Lunala|Meteor Beam||[still]\n|-prepare|p1a: Lunala|Meteor Beam\n|-boost|p1a: Lunala|spa|1\n|move|p1b: Ursaluna|Facade|p2b: Amoonguss\n|-damage|p2b: Amoonguss|0 fnt\n|faint|p2b: Amoonguss\n|move|p2a: Ting-Lu|Tera Blast|p1b: Ursaluna|[anim] Tera Blast Fairy\n|-damage|p1b: Ursaluna|72\/100 brn\n|\n|-heal|p1a: Lunala|95\/100|[from] Grassy Terrain\n|-heal|p1b: Ursaluna|78\/100 brn|[from] Grassy Terrain\n|-damage|p1b: Ursaluna|72\/100 brn|[from] brn\n|-fieldend|move: Grassy Terrain\n|upkeep\n|\n|t:|1738336916\n|switch|p2b: Incineroar|Incineroar, L50, F|100\/100\n|-ability|p2b: Incineroar|Intimidate|boost\n|-unboost|p1a: Lunala|atk|1\n|-unboost|p1b: Ursaluna|atk|1\n|turn|7\n|\n|t:|1738336926\n|switch|p1b: Rillaboom|Rillaboom, L50, M|81\/100\n|-fieldstart|move: Grassy Terrain|[from] ability: Grassy Surge|[of] p1b: Rillaboom\n|move|p2b: Incineroar|Fake Out|p1a: Lunala\n|-damage|p1a: Lunala|86\/100\n|cant|p1a: Lunala|flinch\n|move|p2a: Ting-Lu|Heavy Slam|p1a: Lunala\n|-supereffective|p1a: Lunala\n|-damage|p1a: Lunala|27\/100\n|\n|-heal|p1a: Lunala|33\/100|[from] Grassy Terrain\n|-heal|p1b: Rillaboom|87\/100|[from] Grassy Terrain\n|upkeep\n|turn|8\n|inactive|kfjtdhynd has 30 seconds left.\n|inactive|Unstylish_Harry has 30 seconds left.\n|l| Baitong1997\n|inactive|kfjtdhynd has 20 seconds left.\n|inactive|Unstylish_Harry has 20 seconds left.\n|inactive|kfjtdhynd has 15 seconds left.\n|inactive|Unstylish_Harry has 15 seconds left.\n|inactive|kfjtdhynd has 10 seconds left.\n|\n|t:|1738336976\n|move|p1a: Lunala|Protect|p1a: Lunala\n|-singleturn|p1a: Lunala|Protect\n|move|p1b: Rillaboom|Wood Hammer|p2a: Ting-Lu\n|-damage|p2a: Ting-Lu|57\/100\n|-damage|p1b: Rillaboom|70\/100|[from] Recoil\n|move|p2b: Incineroar|Parting Shot|p1b: Rillaboom\n|-unboost|p1b: Rillaboom|atk|1\n|-unboost|p1b: Rillaboom|spa|1\n|\n|t:|1738336985\n|switch|p2b: Calyrex|Calyrex-Ice, L50|70\/100|[from] Parting Shot\n|-ability|p2b: Calyrex|As One\n|-ability|p2b: Calyrex|Unnerve\n|move|p2a: Ting-Lu|Heavy Slam|p1a: Lunala\n|-activate|p1a: Lunala|move: Protect\n|\n|-heal|p1a: Lunala|39\/100|[from] Grassy Terrain\n|-heal|p1b: Rillaboom|76\/100|[from] Grassy Terrain\n|-heal|p2b: Calyrex|76\/100|[from] Grassy Terrain\n|-heal|p2a: Ting-Lu|63\/100|[from] Grassy Terrain\n|upkeep\n|turn|9\n|inactive|kfjtdhynd has 30 seconds left.\n|inactive|Unstylish_Harry has 30 seconds left.\n|inactive|kfjtdhynd has 20 seconds left.\n|inactive|Unstylish_Harry has 20 seconds left.\n|inactive|kfjtdhynd has 15 seconds left.\n|\n|t:|1738337025\n|switch|p2b: Incineroar|Incineroar, L50, F|100\/100\n|-ability|p2b: Incineroar|Intimidate|boost\n|-unboost|p1a: Lunala|atk|1\n|-unboost|p1b: Rillaboom|atk|1\n|move|p1a: Lunala|Moonblast|p2a: Ting-Lu\n|-damage|p2a: Ting-Lu|30\/100\n|-unboost|p2a: Ting-Lu|spa|1\n|move|p1b: Rillaboom|Wood Hammer|p2a: Ting-Lu\n|-damage|p2a: Ting-Lu|5\/100\n|-damage|p1b: Rillaboom|66\/100|[from] Recoil\n|move|p2a: Ting-Lu|Heavy Slam|p1a: Lunala\n|-supereffective|p1a: Lunala\n|-damage|p1a: Lunala|0 fnt\n|faint|p1a: Lunala\n|\n|-heal|p1b: Rillaboom|72\/100|[from] Grassy Terrain\n|-heal|p2a: Ting-Lu|12\/100|[from] Grassy Terrain\n|upkeep\n|\n|t:|1738337037\n|switch|p1a: Ursaluna|Ursaluna, L50, M|72\/100 brn\n|turn|10\n|\n|t:|1738337052\n|move|p2b: Incineroar|Fake Out|p1a: Ursaluna\n|-damage|p1a: Ursaluna|64\/100 brn\n|move|p1b: Rillaboom|Wood Hammer|p2a: Ting-Lu\n|-damage|p2a: Ting-Lu|0 fnt\n|faint|p2a: Ting-Lu\n|-damage|p1b: Rillaboom|68\/100|[from] Recoil\n|cant|p1a: Ursaluna|flinch\n|\n|-heal|p1b: Rillaboom|73\/100|[from] Grassy Terrain\n|-heal|p1a: Ursaluna|70\/100 brn|[from] Grassy Terrain\n|-damage|p1a: Ursaluna|64\/100 brn|[from] brn\n|upkeep\n|\n|t:|1738337057\n|switch|p2a: Calyrex|Calyrex-Ice, L50|76\/100\n|-ability|p2a: Calyrex|As One\n|-ability|p2a: Calyrex|Unnerve\n|turn|11\n|\n|t:|1738337063\n|move|p1b: Rillaboom|U-turn|p2a: Calyrex\n|-supereffective|p2a: Calyrex\n|-damage|p2a: Calyrex|62\/100\n|move|p2b: Incineroar|Knock Off|p1a: Ursaluna\n|-damage|p1a: Ursaluna|35\/100 brn\n|-enditem|p1a: Ursaluna|Flame Orb|[from] move: Knock Off|[of] p2b: Incineroar\n|move|p2a: Calyrex|Glacial Lance|p1a: Ursaluna|[spread] p1a,p1b\n|-supereffective|p1a: Ursaluna\n|-supereffective|p1b: Rillaboom\n|-damage|p1a: Ursaluna|0 fnt\n|-damage|p1b: Rillaboom|0 fnt\n|faint|p1a: Ursaluna\n|faint|p1b: Rillaboom\n|\n|win|Unstylish_Harry\n|raw|kfjtdhynd's rating: 1589 &rarr; <strong>1566<\/strong><br \/>(-23 for losing)\n|raw|Unstylish_Harry's rating: 1539 &rarr; <strong>1562<\/strong><br \/>(+23 for winning)\n|l|\u2606kfjtdhynd\n|player|p1|\n","uploadtime":1738337072,"views":13,"formatid":"gen9vgc2025regg","rating":1562,"private":0,"password":null}