{"id":"gen9vgc2025regg-2291023569","format":"[Gen 9] VGC 2025 Reg G","players":["Imnotagni","AIM yon1995"],"log":"|j|\u2606Imnotagni\n|j|\u2606AIM yon1995\n|t:|1738223596\n|gametype|doubles\n|player|p1|Imnotagni|policeman-gen4|1646\n|player|p2|AIM yon1995|101|1701\n|teamsize|p1|6\n|teamsize|p2|6\n|gen|9\n|tier|[Gen 9] VGC 2025 Reg G\n|rated|\n|rule|Species Clause: Limit one of each Pok\u00e9mon\n|rule|Item Clause: Limit 1 of each item\n|clearpoke\n|poke|p1|Kyogre, L50|\n|poke|p1|Tornadus, L50, M|\n|poke|p1|Tsareena, L50, F|\n|poke|p1|Regieleki, L50|\n|poke|p1|Landorus, L50, M|\n|poke|p1|Urshifu-*, L50, F|\n|poke|p2|Terapagos, L50, M|\n|poke|p2|Smeargle, L50, F|\n|poke|p2|Tornadus, L50, M|\n|poke|p2|Ogerpon-Hearthflame, L50, F|\n|poke|p2|Iron Hands, L50|\n|poke|p2|Iron Valiant, L50|\n|teampreview|4\n|inactive|Battle timer is ON: inactive players will automatically lose when time's up. (requested by Imnotagni)\n|\n|t:|1738223626\n|start\n|switch|p1a: Regieleki|Regieleki, L50|100\/100\n|switch|p1b: Kyogre|Kyogre, L50, shiny|100\/100\n|switch|p2a: Terapagos|Terapagos, L50, M|100\/100\n|switch|p2b: Tornadus|Tornadus, L50, M|100\/100\n|-activate|p2a: Terapagos|ability: Tera Shift\n|detailschange|p2a: Terapagos|Terapagos-Terastal, L50, M\n|-heal|p2a: Terapagos|100\/100|[silent]\n|-weather|RainDance|[from] ability: Drizzle|[of] p1b: Kyogre\n|turn|1\n|\n|t:|1738223651\n|-terastallize|p2a: Terapagos|Stellar\n|detailschange|p2a: Terapagos|Terapagos-Stellar, L50, M, tera:Stellar\n|-heal|p2a: Terapagos|100\/100|[silent]\n|-ability|p2a: Terapagos|Teraform Zero\n|-weather|none\n|move|p2b: Tornadus|Tailwind|p2b: Tornadus\n|-sidestart|p2: AIM yon1995|move: Tailwind\n|move|p1a: Regieleki|Electroweb|p2a: Terapagos|[spread] p2a,p2b\n|-supereffective|p2b: Tornadus\n|-damage|p2a: Terapagos|85\/100\n|-damage|p2b: Tornadus|48\/100\n|-unboost|p2a: Terapagos|spe|1\n|-unboost|p2b: Tornadus|spe|1\n|move|p2a: Terapagos|Tera Starstorm|p1a: Regieleki|[spread] p1a,p1b\n|-enditem|p1a: Regieleki|Focus Sash\n|-damage|p1a: Regieleki|1\/100\n|-damage|p1b: Kyogre|50\/100\n|move|p1b: Kyogre|Origin Pulse|p2a: Terapagos|[spread] p2b\n|-miss|p1b: Kyogre|p2a: Terapagos\n|-damage|p2b: Tornadus|0 fnt\n|faint|p2b: Tornadus\n|\n|upkeep\n|\n|t:|1738223674\n|switch|p2b: Ogerpon|Ogerpon-Hearthflame, L50, F|100\/100\n|-ability|p2b: Ogerpon|Mold Breaker\n|turn|2\n|\n|t:|1738223682\n|switch|p1b: Tornadus|Tornadus, L50, M|100\/100\n|move|p1a: Regieleki|Protect|p1a: Regieleki\n|-singleturn|p1a: Regieleki|Protect\n|move|p2b: Ogerpon|Ivy Cudgel|p1a: Regieleki|[anim] Ivy Cudgel Fire\n|-activate|p1a: Regieleki|move: Protect\n|move|p2a: Terapagos|Tera Starstorm|p1b: Tornadus|[spread] p1b\n|-activate|p1a: Regieleki|move: Protect\n|-damage|p1b: Tornadus|34\/100\n|\n|upkeep\n|turn|3\n|inactive|AIM yon1995 has 30 seconds left.\n|\n|t:|1738223709\n|move|p2b: Ogerpon|Spiky Shield|p2b: Ogerpon\n|-singleturn|p2b: Ogerpon|move: Protect\n|move|p1b: Tornadus|Tailwind|p1b: Tornadus\n|-sidestart|p1: Imnotagni|move: Tailwind\n|move|p1a: Regieleki|Electroweb|p2b: Ogerpon|[spread] p2a\n|-activate|p2b: Ogerpon|move: Protect\n|-damage|p2a: Terapagos|68\/100\n|-unboost|p2a: Terapagos|spe|1\n|move|p2a: Terapagos|Tera Starstorm|p1b: Tornadus|[spread] p1a,p1b\n|-damage|p1a: Regieleki|0 fnt\n|-damage|p1b: Tornadus|0 fnt\n|faint|p1a: Regieleki\n|faint|p1b: Tornadus\n|\n|upkeep\n|\n|t:|1738223712\n|switch|p1a: Kyogre|Kyogre, L50, shiny|50\/100\n|switch|p1b: Urshifu|Urshifu-Rapid-Strike, L50, F|100\/100\n|-weather|RainDance|[from] ability: Drizzle|[of] p1a: Kyogre\n|turn|4\n|inactive|Imnotagni has 30 seconds left.\n|inactive|Imnotagni has 20 seconds left.\n|inactive|Imnotagni has 15 seconds left.\n|inactive|Imnotagni has 10 seconds left.\n|inactive|Imnotagni has 5 seconds left.\n|\n|t:|1738223768\n|-terastallize|p1b: Urshifu|Grass\n|move|p1b: Urshifu|Surging Strikes|p2b: Ogerpon\n|-crit|p2b: Ogerpon\n|-damage|p2b: Ogerpon|54\/100\n|-crit|p2b: Ogerpon\n|-damage|p2b: Ogerpon|2\/100\n|-crit|p2b: Ogerpon\n|-damage|p2b: Ogerpon|0 fnt\n|faint|p2b: Ogerpon\n|-hitcount|p2: Ogerpon|3\n|move|p1a: Kyogre|Origin Pulse|p2a: Terapagos\n|-damage|p2a: Terapagos|0 fnt\n|faint|p2a: Terapagos\n|\n|-weather|RainDance|[upkeep]\n|-sideend|p2: AIM yon1995|move: Tailwind\n|upkeep\n|\n|t:|1738223783\n|switch|p2a: Iron Hands|Iron Hands, L50|100\/100\n|turn|5\n|-message|AIM yon1995 forfeited.\n|\n|win|Imnotagni\n|raw|Imnotagni's rating: 1646 &rarr; <strong>1669<\/strong><br \/>(+23 for winning)\n|raw|AIM yon1995's rating: 1701 &rarr; <strong>1678<\/strong><br \/>(-23 for losing)\n|l|\u2606AIM yon1995\n|player|p2|\n|l|\u2606Imnotagni\n|player|p1|\n","uploadtime":1738223955,"views":48,"formatid":"gen9vgc2025regg","rating":1669,"private":0,"password":null}