{"id":"gen9vgc2025regg-2291008600","format":"[Gen 9] VGC 2025 Reg G","players":["aceatelle","fuleya"],"log":"|j|\u2606aceatelle\n|j|\u2606fuleya\n|t:|1738220521\n|gametype|doubles\n|player|p1|aceatelle|guitarist|1708\n|player|p2|fuleya|265|1758\n|teamsize|p1|6\n|teamsize|p2|6\n|gen|9\n|tier|[Gen 9] VGC 2025 Reg G\n|rated|\n|rule|Species Clause: Limit one of each Pok\u00e9mon\n|rule|Item Clause: Limit 1 of each item\n|clearpoke\n|poke|p1|Calyrex-Ice, L50|\n|poke|p1|Raging Bolt, L50|\n|poke|p1|Ogerpon-Cornerstone, L50, F|\n|poke|p1|Landorus, L50, M|\n|poke|p1|Incineroar, L50, F|\n|poke|p1|Pelipper, L50, M|\n|poke|p2|Tornadus, L50, M|\n|poke|p2|Calyrex-Shadow, L50|\n|poke|p2|Urshifu-*, L50, F|\n|poke|p2|Farigiraf, L50, M|\n|poke|p2|Clefairy, L50, F|\n|poke|p2|Ogerpon-Cornerstone, L50, F|\n|teampreview|4\n|c|\u2606aceatelle|glhf!\n|inactive|Battle timer is ON: inactive players will automatically lose when time's up. (requested by fuleya)\n|\n|t:|1738220564\n|start\n|switch|p1a: Landorus|Landorus, L50, M|100\/100\n|switch|p1b: Pelipper|Pelipper, L50, M|100\/100\n|switch|p2a: Urshifu|Urshifu, L50, F|100\/100\n|switch|p2b: Clefairy|Clefairy, L50, F|100\/100\n|-weather|RainDance|[from] ability: Drizzle|[of] p1b: Pelipper\n|turn|1\n|\n|t:|1738220577\n|move|p2a: Urshifu|Detect|p2a: Urshifu\n|-singleturn|p2a: Urshifu|Protect\n|move|p1b: Pelipper|Wide Guard|p1b: Pelipper\n|-singleturn|p1b: Pelipper|Wide Guard\n|move|p1a: Landorus|Sandsear Storm|p2b: Clefairy|[spread] p2b\n|-activate|p2a: Urshifu|move: Protect\n|-damage|p2b: Clefairy|62\/100\n|move|p2b: Clefairy|Icy Wind|p1b: Pelipper|[spread] \n|-activate|p1a: Landorus|move: Wide Guard\n|-activate|p1b: Pelipper|move: Wide Guard\n|\n|-weather|RainDance|[upkeep]\n|upkeep\n|turn|2\n|inactive|aceatelle has 30 seconds left.\n|\n|t:|1738220606\n|-terastallize|p2a: Urshifu|Dark\n|move|p1b: Pelipper|Helping Hand|p1a: Landorus\n|-singleturn|p1a: Landorus|Helping Hand|[of] p1b: Pelipper\n|move|p2b: Clefairy|Helping Hand|p2a: Urshifu\n|-singleturn|p2a: Urshifu|Helping Hand|[of] p2b: Clefairy\n|move|p2a: Urshifu|Sucker Punch|p1a: Landorus\n|-damage|p1a: Landorus|14\/100\n|move|p1a: Landorus|Sandsear Storm|p2a: Urshifu|[spread] p2a,p2b\n|-damage|p2a: Urshifu|22\/100\n|-damage|p2b: Clefairy|0 fnt\n|faint|p2b: Clefairy\n|\n|-weather|RainDance|[upkeep]\n|upkeep\n|\n|t:|1738220617\n|switch|p2b: Tornadus|Tornadus, L50, M|100\/100\n|turn|3\n|\n|t:|1738220640\n|switch|p1b: Calyrex|Calyrex-Ice, L50|100\/100\n|-ability|p1b: Calyrex|As One\n|-ability|p1b: Calyrex|Unnerve\n|move|p2b: Tornadus|Tailwind|p2b: Tornadus\n|-sidestart|p2: fuleya|move: Tailwind\n|move|p2a: Urshifu|Close Combat|p1a: Landorus\n|-resisted|p1a: Landorus\n|-damage|p1a: Landorus|0 fnt\n|-unboost|p2a: Urshifu|def|1\n|-unboost|p2a: Urshifu|spd|1\n|faint|p1a: Landorus\n|\n|-weather|RainDance|[upkeep]\n|upkeep\n|\n|t:|1738220649\n|switch|p1a: Ogerpon|Ogerpon-Cornerstone, L50, F|100\/100\n|turn|4\n|\n|t:|1738220663\n|move|p2a: Urshifu|Detect|p2a: Urshifu\n|-singleturn|p2a: Urshifu|Protect\n|move|p1a: Ogerpon|Follow Me|p1a: Ogerpon\n|-singleturn|p1a: Ogerpon|move: Follow Me\n|move|p2b: Tornadus|Taunt|p1a: Ogerpon\n|-start|p1a: Ogerpon|move: Taunt\n|move|p1b: Calyrex|Trick Room|p1b: Calyrex\n|-fieldstart|move: Trick Room|[of] p1b: Calyrex\n|\n|-weather|RainDance|[upkeep]\n|upkeep\n|turn|5\n|\n|t:|1738220678\n|-terastallize|p1b: Calyrex|Water\n|move|p2b: Tornadus|Protect|p2b: Tornadus\n|-singleturn|p2b: Tornadus|Protect\n|move|p2a: Urshifu|Sucker Punch|p1b: Calyrex\n|-damage|p1b: Calyrex|70\/100\n|move|p1b: Calyrex|Glacial Lance|p2a: Urshifu|[spread] p2a\n|-activate|p2b: Tornadus|move: Protect\n|-damage|p2a: Urshifu|0 fnt\n|faint|p2a: Urshifu\n|-ability|p1b: Calyrex|Chilling Neigh|boost\n|-boost|p1b: Calyrex|atk|1\n|move|p1a: Ogerpon|Ivy Cudgel|p2b: Tornadus|[anim] Ivy Cudgel Rock\n|-activate|p2b: Tornadus|move: Protect\n|\n|-weather|none\n|upkeep\n|-message|fuleya forfeited.\n|\n|win|aceatelle\n|raw|aceatelle's rating: 1708 &rarr; <strong>1731<\/strong><br \/>(+23 for winning)\n|raw|fuleya's rating: 1758 &rarr; <strong>1735<\/strong><br \/>(-23 for losing)\n|l|\u2606fuleya\n|player|p2|\n|l|\u2606aceatelle\n|player|p1|\n","uploadtime":1738220888,"views":134,"formatid":"gen9vgc2025regg","rating":1731,"private":0,"password":null}