{"id":"gen9vgc2025regg-2291760823","format":"[Gen 9] VGC 2025 Reg G","players":["iorimoti","FeemonVGC"],"log":"|j|\u2606iorimoti\n|j|\u2606FeemonVGC\n|t:|1738326371\n|gametype|doubles\n|player|p1|iorimoti|1|1563\n|player|p2|FeemonVGC|102|1623\n|teamsize|p1|6\n|teamsize|p2|6\n|gen|9\n|tier|[Gen 9] VGC 2025 Reg G\n|rated|\n|rule|Species Clause: Limit one of each Pok\u00e9mon\n|rule|Item Clause: Limit 1 of each item\n|clearpoke\n|poke|p1|Calyrex-Ice, L50|\n|poke|p1|Roaring Moon, L50|\n|poke|p1|Landorus, L50, M|\n|poke|p1|Amoonguss, L50, F|\n|poke|p1|Ogerpon-Hearthflame, L50, F|\n|poke|p1|Ditto, L50|\n|poke|p2|Kyogre, L50|\n|poke|p2|Tornadus, L50, M|\n|poke|p2|Tsareena, L50, F|\n|poke|p2|Electabuzz, L50, M|\n|poke|p2|Kingambit, L50, M|\n|poke|p2|Urshifu-*, L50, M|\n|teampreview|4\n|\n|t:|1738326390\n|start\n|switch|p1a: Roaring Moon|Roaring Moon, L50|100\/100\n|switch|p1b: Landorus|Landorus, L50, M|100\/100\n|switch|p2a: Electabuzz|Electabuzz, L50, M|100\/100\n|switch|p2b: Kingambit|Kingambit, L50, M|100\/100\n|-enditem|p1a: Roaring Moon|Booster Energy\n|-activate|p1a: Roaring Moon|ability: Protosynthesis|[fromitem]\n|-start|p1a: Roaring Moon|protosynthesisspe\n|turn|1\n|\n|t:|1738326407\n|-terastallize|p2b: Kingambit|Fairy\n|move|p1a: Roaring Moon|Protect|p1a: Roaring Moon\n|-singleturn|p1a: Roaring Moon|Protect\n|move|p1b: Landorus|Protect|p1b: Landorus\n|-singleturn|p1b: Landorus|Protect\n|move|p2a: Electabuzz|Protect|p2a: Electabuzz\n|-singleturn|p2a: Electabuzz|Protect\n|move|p2b: Kingambit|Tera Blast|p1a: Roaring Moon|[anim] Tera Blast Fairy\n|-activate|p1a: Roaring Moon|move: Protect\n|\n|upkeep\n|turn|2\n|\n|t:|1738326430\n|switch|p2a: Tornadus|Tornadus, L50, M|100\/100\n|move|p1a: Roaring Moon|Tailwind|p1a: Roaring Moon\n|-sidestart|p1: iorimoti|move: Tailwind\n|move|p1b: Landorus|Earth Power|p2a: Tornadus\n|-immune|p2a: Tornadus\n|move|p2b: Kingambit|Kowtow Cleave|p1a: Roaring Moon\n|-resisted|p1a: Roaring Moon\n|-damage|p1a: Roaring Moon|76\/100\n|\n|upkeep\n|turn|3\n|\n|t:|1738326443\n|move|p2a: Tornadus|Tailwind|p2a: Tornadus\n|-sidestart|p2: FeemonVGC|move: Tailwind\n|move|p1a: Roaring Moon|Knock Off|p2b: Kingambit\n|-resisted|p2b: Kingambit\n|-damage|p2b: Kingambit|82\/100\n|-enditem|p2b: Kingambit|Assault Vest|[from] move: Knock Off|[of] p1a: Roaring Moon\n|move|p1b: Landorus|Sludge Bomb|p2b: Kingambit\n|-supereffective|p2b: Kingambit\n|-damage|p2b: Kingambit|0 fnt\n|faint|p2b: Kingambit\n|\n|upkeep\n|\n|t:|1738326454\n|switch|p2b: Kyogre|Kyogre, L50|100\/100\n|-weather|RainDance|[from] ability: Drizzle|[of] p2b: Kyogre\n|turn|4\n|\n|t:|1738326467\n|-terastallize|p1b: Landorus|Water\n|move|p1a: Roaring Moon|Knock Off|p2a: Tornadus\n|-damage|p2a: Tornadus|27\/100\n|-enditem|p2a: Tornadus|Focus Sash|[from] move: Knock Off|[of] p1a: Roaring Moon\n|move|p2a: Tornadus|Bleakwind Storm|p1a: Roaring Moon|[spread] p1a,p1b\n|-damage|p1a: Roaring Moon|41\/100\n|-damage|p1b: Landorus|55\/100\n|move|p2b: Kyogre|Origin Pulse|p1b: Landorus|[spread] p1a,p1b\n|-resisted|p1a: Roaring Moon\n|-crit|p1a: Roaring Moon\n|-resisted|p1b: Landorus\n|-damage|p1a: Roaring Moon|0 fnt\n|-damage|p1b: Landorus|0 fnt\n|faint|p1a: Roaring Moon\n|-end|p1a: Roaring Moon|Protosynthesis|[silent]\n|faint|p1b: Landorus\n|\n|-weather|RainDance|[upkeep]\n|upkeep\n|\n|t:|1738326479\n|switch|p1a: Ditto|Ditto, L50|100\/100\n|switch|p1b: Calyrex|Calyrex-Ice, L50|100\/100\n|-ability|p1b: Calyrex|As One\n|-ability|p1b: Calyrex|Unnerve\n|-transform|p1a: Ditto|p2b: Kyogre|[from] ability: Imposter\n|turn|5\n|inactive|Battle timer is ON: inactive players will automatically lose when time's up. (requested by FeemonVGC)\n|\n|t:|1738326502\n|switch|p2b: Electabuzz|Electabuzz, L50, M|100\/100\n|move|p2a: Tornadus|Protect|p2a: Tornadus\n|-singleturn|p2a: Tornadus|Protect\n|move|p1a: Ditto|Thunder|p2b: Electabuzz\n|-resisted|p2b: Electabuzz\n|-damage|p2b: Electabuzz|85\/100\n|move|p1b: Calyrex|Trick Room|p1b: Calyrex\n|-fieldstart|move: Trick Room|[of] p1b: Calyrex\n|\n|-weather|RainDance|[upkeep]\n|-sideend|p1: iorimoti|move: Tailwind\n|upkeep\n|turn|6\n|\n|t:|1738326524\n|move|p1b: Calyrex|Glacial Lance|p2a: Tornadus|[spread] p2a,p2b\n|-supereffective|p2a: Tornadus\n|-damage|p2a: Tornadus|0 fnt\n|-damage|p2b: Electabuzz|48\/100\n|faint|p2a: Tornadus\n|-ability|p1b: Calyrex|Chilling Neigh|boost\n|-boost|p1b: Calyrex|atk|1\n|move|p1a: Ditto|Water Spout|p2b: Electabuzz\n|-damage|p2b: Electabuzz|0 fnt\n|faint|p2b: Electabuzz\n|\n|-weather|RainDance|[upkeep]\n|-sideend|p2: FeemonVGC|move: Tailwind\n|upkeep\n|c|\u2606FeemonVGC|gg\n|\n|t:|1738326535\n|switch|p2b: Kyogre|Kyogre, L50|100\/100\n|turn|7\n|\n|t:|1738326542\n|move|p1b: Calyrex|Glacial Lance|p2b: Kyogre\n|-resisted|p2b: Kyogre\n|-damage|p2b: Kyogre|42\/100\n|move|p2b: Kyogre|Origin Pulse|p1b: Calyrex|[spread] p1b\n|-miss|p2b: Kyogre|p1a: Ditto\n|-damage|p1b: Calyrex|26\/100\n|move|p1a: Ditto|Thunder|p2b: Kyogre\n|-supereffective|p2b: Kyogre\n|-damage|p2b: Kyogre|0 fnt\n|faint|p2b: Kyogre\n|\n|win|iorimoti\n|raw|iorimoti's rating: 1563 &rarr; <strong>1586<\/strong><br \/>(+23 for winning)\n|raw|FeemonVGC's rating: 1623 &rarr; <strong>1600<\/strong><br \/>(-23 for losing)\n|l|\u2606FeemonVGC\n|player|p2|\n|l|\u2606iorimoti\n|player|p1|\n","uploadtime":1738326733,"views":9,"formatid":"gen9vgc2025regg","rating":1586,"private":0,"password":null}