{"id":"gen9vgc2025regg-2291064530","format":"[Gen 9] VGC 2025 Reg G","players":["sibylla_system","ChaosTenma"],"log":"|j|\u2606sibylla_system\n|j|\u2606ChaosTenma\n|t:|1738231534\n|gametype|doubles\n|player|p1|sibylla_system|169|1548\n|player|p2|ChaosTenma|red|1645\n|teamsize|p1|6\n|teamsize|p2|6\n|gen|9\n|tier|[Gen 9] VGC 2025 Reg G\n|rated|\n|rule|Species Clause: Limit one of each Pok\u00e9mon\n|rule|Item Clause: Limit 1 of each item\n|clearpoke\n|poke|p1|Calyrex-Ice, L50|\n|poke|p1|Raging Bolt, L50|\n|poke|p1|Landorus, L50, M|\n|poke|p1|Urshifu-*, L50, M|\n|poke|p1|Incineroar, L50, M|\n|poke|p1|Amoonguss, L50, F|\n|poke|p2|Pelipper, L50, M|\n|poke|p2|Landorus, L50, M|\n|poke|p2|Rillaboom, L50, M|\n|poke|p2|Zamazenta-*, L50|\n|poke|p2|Flutter Mane, L50|\n|poke|p2|Chien-Pao, L50|\n|teampreview|4\n|inactive|Battle timer is ON: inactive players will automatically lose when time's up. (requested by ChaosTenma)\n|inactive|sibylla_system has 60 seconds left.\n|\n|t:|1738231586\n|start\n|switch|p1a: Urshifu|Urshifu-Rapid-Strike, L50, M|100\/100\n|switch|p1b: Amoonguss|Amoonguss, L50, F|100\/100\n|switch|p2a: Flutter Mane|Flutter Mane, L50|100\/100\n|switch|p2b: Zamazenta|Zamazenta-Crowned, L50, shiny|100\/100\n|-ability|p2b: Zamazenta|Dauntless Shield|boost\n|-boost|p2b: Zamazenta|def|1\n|-enditem|p2a: Flutter Mane|Booster Energy\n|-activate|p2a: Flutter Mane|ability: Protosynthesis|[fromitem]\n|-start|p2a: Flutter Mane|protosynthesisspe\n|turn|1\n|inactive|sibylla_system has 30 seconds left.\n|inactive|ChaosTenma has 30 seconds left.\n|inactive|sibylla_system has 20 seconds left.\n|inactive|ChaosTenma has 20 seconds left.\n|inactive|sibylla_system has 15 seconds left.\n|\n|t:|1738231630\n|-terastallize|p1a: Urshifu|Grass\n|move|p2a: Flutter Mane|Taunt|p1b: Amoonguss\n|-start|p1b: Amoonguss|move: Taunt\n|-enditem|p1b: Amoonguss|Mental Herb\n|-end|p1b: Amoonguss|move: Taunt\n|move|p2b: Zamazenta|Body Press|p1a: Urshifu\n|-damage|p1a: Urshifu|40\/100\n|move|p1a: Urshifu|Surging Strikes|p2b: Zamazenta\n|-crit|p2b: Zamazenta\n|-damage|p2b: Zamazenta|85\/100\n|-crit|p2b: Zamazenta\n|-damage|p2b: Zamazenta|69\/100\n|-crit|p2b: Zamazenta\n|-damage|p2b: Zamazenta|55\/100\n|-hitcount|p2b: Zamazenta|3\n|move|p1b: Amoonguss|Spore|p2a: Flutter Mane\n|-status|p2a: Flutter Mane|slp|[from] move: Spore\n|\n|upkeep\n|turn|2\n|inactive|sibylla_system has 30 seconds left.\n|inactive|ChaosTenma has 30 seconds left.\n|\n|t:|1738231659\n|move|p1b: Amoonguss|Rage Powder|p1b: Amoonguss\n|-singleturn|p1b: Amoonguss|move: Rage Powder\n|cant|p2a: Flutter Mane|slp\n|move|p2b: Zamazenta|Body Press|p1b: Amoonguss\n|-resisted|p1b: Amoonguss\n|-damage|p1b: Amoonguss|64\/100\n|move|p1a: Urshifu|Surging Strikes|p2a: Flutter Mane\n|-crit|p2a: Flutter Mane\n|-damage|p2a: Flutter Mane|58\/100 slp\n|-crit|p2a: Flutter Mane\n|-damage|p2a: Flutter Mane|15\/100 slp\n|-crit|p2a: Flutter Mane\n|-damage|p2a: Flutter Mane|0 fnt\n|faint|p2a: Flutter Mane\n|-end|p2a: Flutter Mane|Protosynthesis|[silent]\n|-hitcount|p2: Flutter Mane|3\n|\n|upkeep\n|\n|t:|1738231682\n|switch|p2a: Landorus|Landorus, L50, M|100\/100\n|turn|3\n|\n|t:|1738231706\n|-terastallize|p2a: Landorus|Ghost\n|move|p2b: Zamazenta|Body Press|p1a: Urshifu\n|-damage|p1a: Urshifu|0 fnt\n|faint|p1a: Urshifu\n|move|p2a: Landorus|Sandsear Storm|p1b: Amoonguss|[miss]\n|-miss|p2a: Landorus|p1b: Amoonguss\n|move|p1b: Amoonguss|Spore|p2b: Zamazenta\n|-status|p2b: Zamazenta|slp|[from] move: Spore\n|\n|upkeep\n|\n|t:|1738231718\n|switch|p1a: Calyrex|Calyrex-Ice, L50|100\/100\n|-ability|p1a: Calyrex|As One\n|-ability|p1a: Calyrex|Unnerve\n|turn|4\n|\n|t:|1738231736\n|cant|p2b: Zamazenta|slp\n|move|p2a: Landorus|Sandsear Storm|p1b: Amoonguss|[spread] p1a,p1b\n|-damage|p1a: Calyrex|58\/100\n|-damage|p1b: Amoonguss|20\/100\n|move|p1a: Calyrex|Glacial Lance|p2a: Landorus|[spread] p2a,p2b\n|-resisted|p2b: Zamazenta\n|-damage|p2a: Landorus|37\/100\n|-damage|p2b: Zamazenta|44\/100 slp\n|move|p1b: Amoonguss|Spore|p2a: Landorus\n|-status|p2a: Landorus|slp|[from] move: Spore\n|\n|upkeep\n|turn|5\n|\n|t:|1738231754\n|cant|p2a: Landorus|slp\n|cant|p2b: Zamazenta|slp\n|move|p1b: Amoonguss|Pollen Puff|p1a: Calyrex\n|-heal|p1a: Calyrex|100\/100\n|move|p1a: Calyrex|Trick Room|p1a: Calyrex\n|-fieldstart|move: Trick Room|[of] p1a: Calyrex\n|\n|upkeep\n|turn|6\n|\n|t:|1738231774\n|cant|p2a: Landorus|slp\n|move|p1b: Amoonguss|Spore|p2b: Zamazenta\n|-fail|p2b: Zamazenta|slp\n|move|p1a: Calyrex|Glacial Lance|p2b: Zamazenta|[spread] p2a,p2b\n|-resisted|p2b: Zamazenta\n|-damage|p2a: Landorus|0 fnt\n|-damage|p2b: Zamazenta|33\/100 slp\n|faint|p2a: Landorus\n|-ability|p1a: Calyrex|Chilling Neigh|boost\n|-boost|p1a: Calyrex|atk|1\n|cant|p2b: Zamazenta|slp\n|\n|upkeep\n|j| kurokurokuro3\n|\n|t:|1738231788\n|switch|p2a: Pelipper|Pelipper, L50, M|100\/100\n|-weather|RainDance|[from] ability: Drizzle|[of] p2a: Pelipper\n|turn|7\n|\n|t:|1738231811\n|move|p2a: Pelipper|Wide Guard|p2a: Pelipper\n|-singleturn|p2a: Pelipper|Wide Guard\n|move|p1b: Amoonguss|Spore|p2a: Pelipper\n|-status|p2a: Pelipper|slp|[from] move: Spore\n|move|p1a: Calyrex|High Horsepower|p2b: Zamazenta\n|-supereffective|p2b: Zamazenta\n|-crit|p2b: Zamazenta\n|-damage|p2b: Zamazenta|0 fnt\n|faint|p2b: Zamazenta\n|-ability|p1a: Calyrex|Chilling Neigh|boost\n|-boost|p1a: Calyrex|atk|1\n|\n|-weather|RainDance|[upkeep]\n|upkeep\n|turn|8\n|-message|ChaosTenma forfeited.\n|\n|win|sibylla_system\n|raw|sibylla_system's rating: 1548 &rarr; <strong>1573<\/strong><br \/>(+25 for winning)\n|raw|ChaosTenma's rating: 1645 &rarr; <strong>1620<\/strong><br \/>(-25 for losing)\n|l|\u2606ChaosTenma\n|player|p2|\n|l|\u2606sibylla_system\n|player|p1|\n","uploadtime":1738232036,"views":8,"formatid":"gen9vgc2025regg","rating":1573,"private":0,"password":null}