{"id":"gen9vgc2025regg-2291845622","format":"[Gen 9] VGC 2025 Reg G","players":["chin8","caZISA"],"log":"|j|\u2606chin8\n|j|\u2606caZISA\n|t:|1738336951\n|gametype|doubles\n|player|p1|chin8|gentleman-gen4dp|1623\n|player|p2|caZISA|red|1722\n|teamsize|p1|6\n|teamsize|p2|6\n|gen|9\n|tier|[Gen 9] VGC 2025 Reg G\n|rated|\n|rule|Species Clause: Limit one of each Pok\u00e9mon\n|rule|Item Clause: Limit 1 of each item\n|clearpoke\n|poke|p1|Calyrex-Shadow, L50|\n|poke|p1|Incineroar, L50, F|\n|poke|p1|Rillaboom, L50, M|\n|poke|p1|Gastrodon-East, L50, M|\n|poke|p1|Hitmonchan, L50, M|\n|poke|p1|Tropius, L50, F|\n|poke|p2|Calyrex-Ice, L50|\n|poke|p2|Urshifu-*, L50, M|\n|poke|p2|Raging Bolt, L50|\n|poke|p2|Rillaboom, L50, M|\n|poke|p2|Torkoal, L50, M|\n|poke|p2|Smeargle, L50, F|\n|teampreview|4\n|inactive|Battle timer is ON: inactive players will automatically lose when time's up. (requested by chin8)\n|\n|t:|1738336967\n|start\n|switch|p1a: Calyrex|Calyrex-Shadow, L50|100\/100\n|switch|p1b: Hitmonchan|Hitmonchan, L50, M|100\/100\n|switch|p2a: Smeargle|Smeargle, L50, F|100\/100\n|switch|p2b: Calyrex|Calyrex-Ice, L50|100\/100\n|-ability|p1a: Calyrex|As One\n|-ability|p1a: Calyrex|Unnerve\n|-ability|p2b: Calyrex|As One\n|-ability|p2b: Calyrex|Unnerve\n|turn|1\n|inactive|chin8 has 30 seconds left.\n|\n|t:|1738337001\n|-terastallize|p2b: Calyrex|Fire\n|move|p2a: Smeargle|Wide Guard|p2a: Smeargle\n|-singleturn|p2a: Smeargle|Wide Guard\n|move|p1a: Calyrex|Calm Mind|p1a: Calyrex\n|-boost|p1a: Calyrex|spa|1\n|-boost|p1a: Calyrex|spd|1\n|move|p1b: Hitmonchan|Taunt|p2a: Smeargle\n|-start|p2a: Smeargle|move: Taunt\n|move|p2b: Calyrex|Trick Room|p2b: Calyrex\n|-fieldstart|move: Trick Room|[of] p2b: Calyrex\n|\n|-ability|p2a: Smeargle|Moody|boost\n|-boost|p2a: Smeargle|atk|2\n|-unboost|p2a: Smeargle|spe|1\n|upkeep\n|turn|2\n|\n|t:|1738337019\n|switch|p2a: Torkoal|Torkoal, L50, M|100\/100\n|-weather|SunnyDay|[from] ability: Drought|[of] p2a: Torkoal\n|move|p2b: Calyrex|Protect|p2b: Calyrex\n|-singleturn|p2b: Calyrex|Protect\n|move|p1b: Hitmonchan|Close Combat|p2b: Calyrex\n|-activate|p2b: Calyrex|move: Protect\n|move|p1a: Calyrex|Astral Barrage|p2b: Calyrex|[spread] p2a\n|-activate|p2b: Calyrex|move: Protect\n|-damage|p2a: Torkoal|0 fnt\n|faint|p2a: Torkoal\n|-ability|p1a: Calyrex|Grim Neigh|boost\n|-boost|p1a: Calyrex|spa|1\n|\n|-weather|SunnyDay|[upkeep]\n|upkeep\n|\n|t:|1738337030\n|switch|p2a: Raging Bolt|Raging Bolt, L50|100\/100\n|-activate|p2a: Raging Bolt|ability: Protosynthesis\n|-start|p2a: Raging Bolt|protosynthesisspa\n|turn|3\n|\n|t:|1738337039\n|switch|p1b: Rillaboom|Rillaboom, L50, M|100\/100\n|-fieldstart|move: Grassy Terrain|[from] ability: Grassy Surge|[of] p1b: Rillaboom\n|move|p1a: Calyrex|Protect|p1a: Calyrex\n|-singleturn|p1a: Calyrex|Protect\n|move|p2b: Calyrex|Glacial Lance|p1a: Calyrex|[spread] p1b\n|-activate|p1a: Calyrex|move: Protect\n|-supereffective|p1b: Rillaboom\n|-damage|p1b: Rillaboom|0 fnt\n|faint|p1b: Rillaboom\n|-ability|p2b: Calyrex|Chilling Neigh|boost\n|-boost|p2b: Calyrex|atk|1\n|move|p2a: Raging Bolt|Thunderbolt|p1a: Calyrex\n|-activate|p1a: Calyrex|move: Protect\n|\n|-weather|SunnyDay|[upkeep]\n|upkeep\n|\n|t:|1738337047\n|switch|p1b: Hitmonchan|Hitmonchan, L50, M|100\/100\n|turn|4\n|\n|t:|1738337057\n|move|p1b: Hitmonchan|Fake Out|p2b: Calyrex\n|-damage|p2b: Calyrex|93\/100\n|cant|p2b: Calyrex|flinch\n|move|p2a: Raging Bolt|Thunderbolt|p1a: Calyrex\n|-damage|p1a: Calyrex|49\/100\n|-damage|p2a: Raging Bolt|91\/100|[from] item: Life Orb\n|move|p1a: Calyrex|Astral Barrage|p2a: Raging Bolt|[spread] p2a,p2b\n|-damage|p2a: Raging Bolt|10\/100\n|-damage|p2b: Calyrex|18\/100\n|\n|-weather|SunnyDay|[upkeep]\n|-heal|p2b: Calyrex|24\/100|[from] Grassy Terrain\n|-heal|p2a: Raging Bolt|16\/100|[from] Grassy Terrain\n|-heal|p1a: Calyrex|55\/100|[from] Grassy Terrain\n|upkeep\n|turn|5\n|\n|t:|1738337070\n|-end|p2a: Raging Bolt|Protosynthesis|[silent]\n|switch|p2a: Smeargle|Smeargle, L50, F|100\/100\n|move|p1a: Calyrex|Protect|p1a: Calyrex\n|-singleturn|p1a: Calyrex|Protect\n|move|p2b: Calyrex|Glacial Lance|p1b: Hitmonchan|[spread] p1b\n|-activate|p1a: Calyrex|move: Protect\n|-enditem|p1b: Hitmonchan|Focus Sash\n|-damage|p1b: Hitmonchan|1\/100\n|move|p1b: Hitmonchan|Close Combat|p2b: Calyrex\n|-damage|p2b: Calyrex|0 fnt\n|-unboost|p1b: Hitmonchan|def|1\n|-unboost|p1b: Hitmonchan|spd|1\n|faint|p2b: Calyrex\n|\n|-weather|SunnyDay|[upkeep]\n|-heal|p1b: Hitmonchan|7\/100|[from] Grassy Terrain\n|-heal|p1a: Calyrex|61\/100|[from] Grassy Terrain\n|-fieldend|move: Trick Room\n|-ability|p2a: Smeargle|Moody|boost\n|-boost|p2a: Smeargle|atk|2\n|-unboost|p2a: Smeargle|def|1\n|upkeep\n|\n|t:|1738337077\n|switch|p2b: Raging Bolt|Raging Bolt, L50|16\/100\n|-activate|p2b: Raging Bolt|ability: Protosynthesis\n|-start|p2b: Raging Bolt|protosynthesisspa\n|turn|6\n|\n|t:|1738337083\n|move|p2a: Smeargle|Wide Guard|p2a: Smeargle\n|-singleturn|p2a: Smeargle|Wide Guard\n|move|p2b: Raging Bolt|Thunderclap|p1b: Hitmonchan\n|-damage|p1b: Hitmonchan|0 fnt\n|faint|p1b: Hitmonchan\n|-damage|p2b: Raging Bolt|7\/100|[from] item: Life Orb\n|move|p1a: Calyrex|Astral Barrage|p2a: Smeargle|[spread] \n|-activate|p2a: Smeargle|move: Wide Guard\n|-activate|p2b: Raging Bolt|move: Wide Guard\n|\n|-weather|none\n|-end|p2b: Raging Bolt|Protosynthesis\n|-heal|p1a: Calyrex|66\/100|[from] Grassy Terrain\n|-heal|p2b: Raging Bolt|13\/100|[from] Grassy Terrain\n|-ability|p2a: Smeargle|Moody|boost\n|-boost|p2a: Smeargle|atk|2\n|-unboost|p2a: Smeargle|spd|1\n|upkeep\n|\n|t:|1738337086\n|switch|p1b: Tropius|Tropius, L50, F|100\/100\n|turn|7\n|\n|t:|1738337095\n|move|p2b: Raging Bolt|Protect|p2b: Raging Bolt\n|-singleturn|p2b: Raging Bolt|Protect\n|move|p1a: Calyrex|Draining Kiss|p2b: Raging Bolt\n|-activate|p2b: Raging Bolt|move: Protect\n|move|p2a: Smeargle|Spore|p1a: Calyrex\n|-status|p1a: Calyrex|slp|[from] move: Spore\n|move|p1b: Tropius|Substitute|p1b: Tropius\n|-start|p1b: Tropius|Substitute\n|-damage|p1b: Tropius|76\/100\n|\n|-heal|p1a: Calyrex|72\/100 slp|[from] Grassy Terrain\n|-heal|p2b: Raging Bolt|19\/100|[from] Grassy Terrain\n|-fieldend|move: Grassy Terrain\n|-ability|p2a: Smeargle|Moody|boost\n|-boost|p2a: Smeargle|atk|2\n|-unboost|p2a: Smeargle|spe|1\n|upkeep\n|turn|8\n|\n|t:|1738337106\n|move|p2a: Smeargle|Follow Me|p2a: Smeargle\n|-singleturn|p2a: Smeargle|move: Follow Me\n|cant|p1a: Calyrex|slp\n|move|p2b: Raging Bolt|Thunderbolt|p1a: Calyrex\n|-damage|p1a: Calyrex|33\/100 slp\n|-damage|p2b: Raging Bolt|9\/100|[from] item: Life Orb\n|move|p1b: Tropius|Leech Seed|p2a: Smeargle\n|-start|p2a: Smeargle|move: Leech Seed\n|\n|-damage|p2a: Smeargle|88\/100|[from] Leech Seed|[of] p1b: Tropius\n|-heal|p1b: Tropius|84\/100|[silent]\n|-ability|p2a: Smeargle|Moody|boost\n|-boost|p2a: Smeargle|def|2\n|-unboost|p2a: Smeargle|spd|1\n|upkeep\n|turn|9\n|\n|t:|1738337121\n|move|p2a: Smeargle|Follow Me|p2a: Smeargle\n|-singleturn|p2a: Smeargle|move: Follow Me\n|cant|p1a: Calyrex|slp\n|move|p2b: Raging Bolt|Thunderbolt|p1a: Calyrex\n|-damage|p1a: Calyrex|0 fnt\n|faint|p1a: Calyrex\n|-damage|p2b: Raging Bolt|0 fnt|[from] item: Life Orb\n|faint|p2b: Raging Bolt\n|-end|p2b: Raging Bolt|Protosynthesis|[silent]\n|move|p1b: Tropius|Substitute|p1b: Tropius\n|-fail|p1b: Tropius|move: Substitute\n|\n|-damage|p2a: Smeargle|76\/100|[from] Leech Seed|[of] p1b: Tropius\n|-heal|p1b: Tropius|91\/100|[silent]\n|-ability|p2a: Smeargle|Moody|boost\n|-boost|p2a: Smeargle|spa|2\n|-unboost|p2a: Smeargle|def|1\n|upkeep\n|turn|10\n|-message|caZISA forfeited.\n|\n|win|chin8\n|raw|chin8's rating: 1623 &rarr; <strong>1649<\/strong><br \/>(+26 for winning)\n|raw|caZISA's rating: 1722 &rarr; <strong>1696<\/strong><br \/>(-26 for losing)\n|l|\u2606caZISA\n|player|p2|\n|l|\u2606chin8\n|player|p1|\n","uploadtime":1738337261,"views":29,"formatid":"gen9vgc2025regg","rating":1649,"private":0,"password":null}