{"id":"gen9vgc2025regg-2291427958","format":"[Gen 9] VGC 2025 Reg G","players":["AJOIII","stellalunala"],"log":"|j|\u2606AJOIII\n|j|\u2606stellalunala\n|t:|1738273671\n|gametype|doubles\n|player|p1|AJOIII|170|1540\n|player|p2|stellalunala|266|1547\n|teamsize|p1|6\n|teamsize|p2|6\n|gen|9\n|tier|[Gen 9] VGC 2025 Reg G\n|rated|\n|rule|Species Clause: Limit one of each Pok\u00e9mon\n|rule|Item Clause: Limit 1 of each item\n|clearpoke\n|poke|p1|Dialga-Origin, L50|\n|poke|p1|Ursaluna, L50, M|\n|poke|p1|Incineroar, L50, F|\n|poke|p1|Amoonguss, L50, F|\n|poke|p1|Tornadus, L50, M|\n|poke|p1|Urshifu-*, L50, M|\n|poke|p2|Koraidon, L50|\n|poke|p2|Umbreon, L50, M|\n|poke|p2|Raging Bolt, L50|\n|poke|p2|Flutter Mane, L50|\n|poke|p2|Ogerpon-Cornerstone, L50, F|\n|poke|p2|Entei, L50|\n|teampreview|4\n|inactive|Battle timer is ON: inactive players will automatically lose when time's up. (requested by AJOIII)\n|c|\u2606stellalunala|glhf\n|j| mr pogostick\n|inactive|AJOIII has 60 seconds left.\n|inactive|stellalunala has 60 seconds left.\n|c|\u2606AJOIII|Glhf\n|inactive|stellalunala has 30 seconds left.\n|inactive|stellalunala has 20 seconds left.\n|\n|t:|1738273749\n|start\n|switch|p1a: Amoonguss|Amoonguss, L50, F|100\/100\n|switch|p1b: Dialga|Dialga-Origin, L50|100\/100\n|switch|p2a: Umbreon|Umbreon, L50, M|100\/100\n|switch|p2b: Raging Bolt|Raging Bolt, L50|100\/100\n|turn|1\n|inactive|stellalunala has 30 seconds left.\n|inactive|AJOIII has 30 seconds left.\n|inactive|stellalunala has 20 seconds left.\n|inactive|stellalunala has 15 seconds left.\n|\n|t:|1738273790\n|move|p1b: Dialga|Protect|p1b: Dialga\n|-singleturn|p1b: Dialga|Protect\n|move|p2b: Raging Bolt|Draco Meteor|p1a: Amoonguss\n|-damage|p1a: Amoonguss|33\/100\n|-unboost|p2b: Raging Bolt|spa|2\n|move|p2a: Umbreon|Yawn|p1b: Dialga\n|-activate|p1b: Dialga|move: Protect\n|move|p1a: Amoonguss|Spore|p2b: Raging Bolt\n|-status|p2b: Raging Bolt|slp|[from] move: Spore\n|\n|upkeep\n|turn|2\n|inactive|AJOIII has 30 seconds left.\n|\n|t:|1738273817\n|switch|p1a: Ursaluna|Ursaluna, L50, M|100\/100\n|cant|p2b: Raging Bolt|slp\n|move|p2a: Umbreon|Taunt|p1b: Dialga\n|-start|p1b: Dialga|move: Taunt\n|cant|p1b: Dialga|move: Taunt|Trick Room\n|\n|-status|p1a: Ursaluna|brn|[from] item: Flame Orb\n|upkeep\n|turn|3\n|\n|t:|1738273839\n|move|p1b: Dialga|Dragon Pulse|p2a: Umbreon\n|-damage|p2a: Umbreon|63\/100\n|cant|p2b: Raging Bolt|slp\n|move|p1a: Ursaluna|Earthquake|p2b: Raging Bolt|[spread] p2a,p2b\n|-activate|p1b: Dialga|ability: Telepathy\n|-supereffective|p2b: Raging Bolt\n|-damage|p2a: Umbreon|18\/100\n|-damage|p2b: Raging Bolt|0 fnt\n|faint|p2b: Raging Bolt\n|-end|p2b: Raging Bolt|Protosynthesis|[silent]\n|move|p2a: Umbreon|Foul Play|p1a: Ursaluna\n|-damage|p1a: Ursaluna|56\/100 brn\n|\n|-damage|p1a: Ursaluna|50\/100 brn|[from] brn\n|upkeep\n|inactive|stellalunala has 30 seconds left.\n|inactive|stellalunala has 20 seconds left.\n|inactive|stellalunala has 15 seconds left.\n|\n|t:|1738273880\n|switch|p2b: Koraidon|Koraidon, L50|100\/100\n|-weather|SunnyDay|[from] ability: Orichalcum Pulse|[of] p2b: Koraidon\n|-activate|p2b: Koraidon|Orichalcum Pulse|[source]\n|turn|4\n|inactive|AJOIII has 30 seconds left.\n|\n|t:|1738273906\n|switch|p1a: Amoonguss|Amoonguss, L50, F|67\/100\n|-terastallize|p2b: Koraidon|Fire\n|-terastallize|p1b: Dialga|Ghost\n|move|p2b: Koraidon|Scale Shot|p1a: Amoonguss\n|-damage|p1a: Amoonguss|52\/100\n|-damage|p1a: Amoonguss|37\/100\n|-damage|p1a: Amoonguss|22\/100\n|-damage|p1a: Amoonguss|8\/100\n|-damage|p1a: Amoonguss|0 fnt\n|faint|p1a: Amoonguss\n|-hitcount|p1: Amoonguss|5\n|-unboost|p2b: Koraidon|def|1\n|-boost|p2b: Koraidon|spe|1\n|move|p1b: Dialga|Dragon Pulse|p2b: Koraidon\n|-damage|p2b: Koraidon|39\/100\n|move|p2a: Umbreon|Moonlight|p2a: Umbreon\n|-heal|p2a: Umbreon|85\/100\n|\n|-weather|SunnyDay|[upkeep]\n|-end|p1b: Dialga|move: Taunt\n|upkeep\n|inactive|AJOIII has 30 seconds left.\n|\n|t:|1738273940\n|switch|p1a: Urshifu|Urshifu-Rapid-Strike, L50, M|100\/100\n|turn|5\n|inactive|stellalunala has 30 seconds left.\n|j| Mukmogs\n|inactive|stellalunala has 20 seconds left.\n|inactive|stellalunala has 15 seconds left.\n|inactive|stellalunala has 10 seconds left.\n|inactive|stellalunala has 5 seconds left.\n|\n|t:|1738273993\n|move|p2b: Koraidon|Scale Shot|p1a: Urshifu\n|-damage|p1a: Urshifu|81\/100\n|-damage|p1a: Urshifu|62\/100\n|-damage|p1a: Urshifu|44\/100\n|-damage|p1a: Urshifu|26\/100\n|-hitcount|p1a: Urshifu|4\n|-unboost|p2b: Koraidon|def|1\n|-boost|p2b: Koraidon|spe|1\n|move|p1a: Urshifu|Surging Strikes|p2b: Koraidon\n|-supereffective|p2b: Koraidon\n|-crit|p2b: Koraidon\n|-damage|p2b: Koraidon|4\/100\n|-supereffective|p2b: Koraidon\n|-crit|p2b: Koraidon\n|-damage|p2b: Koraidon|0 fnt\n|faint|p2b: Koraidon\n|-hitcount|p2: Koraidon|2\n|move|p1b: Dialga|Dragon Pulse|p2a: Umbreon\n|-damage|p2a: Umbreon|51\/100\n|move|p2a: Umbreon|Taunt|p1b: Dialga\n|-start|p1b: Dialga|move: Taunt\n|\n|-weather|SunnyDay|[upkeep]\n|upkeep\n|\n|t:|1738273997\n|switch|p2b: Flutter Mane|Flutter Mane, L50|100\/100\n|-activate|p2b: Flutter Mane|ability: Protosynthesis\n|-start|p2b: Flutter Mane|protosynthesisspe\n|turn|6\n|inactive|AJOIII has 30 seconds left.\n|inactive|AJOIII has 20 seconds left.\n|inactive|AJOIII has 15 seconds left.\n|\n|t:|1738274038\n|move|p2b: Flutter Mane|Dazzling Gleam|p1a: Urshifu|[spread] p1a,p1b\n|-supereffective|p1a: Urshifu\n|-damage|p1a: Urshifu|0 fnt\n|-damage|p1b: Dialga|81\/100\n|faint|p1a: Urshifu\n|move|p1b: Dialga|Flash Cannon|p2b: Flutter Mane\n|-supereffective|p2b: Flutter Mane\n|-enditem|p2b: Flutter Mane|Focus Sash\n|-damage|p2b: Flutter Mane|1\/100\n|move|p2a: Umbreon|Foul Play|p1b: Dialga\n|-supereffective|p1b: Dialga\n|-damage|p1b: Dialga|46\/100\n|\n|-weather|SunnyDay|[upkeep]\n|upkeep\n|\n|t:|1738274044\n|switch|p1a: Ursaluna|Ursaluna, L50, M|50\/100 brn\n|turn|7\n|inactive|stellalunala has 30 seconds left.\n|inactive|AJOIII has 30 seconds left.\n|inactive|stellalunala has 20 seconds left.\n|inactive|stellalunala has 15 seconds left.\n|inactive|stellalunala has 10 seconds left.\n|\n|t:|1738274092\n|move|p2b: Flutter Mane|Moonblast|p1a: Ursaluna\n|-damage|p1a: Ursaluna|2\/100 brn\n|move|p1b: Dialga|Flash Cannon|p2b: Flutter Mane\n|-supereffective|p2b: Flutter Mane\n|-damage|p2b: Flutter Mane|0 fnt\n|faint|p2b: Flutter Mane\n|-end|p2b: Flutter Mane|Protosynthesis|[silent]\n|move|p1a: Ursaluna|Earthquake|p2a: Umbreon|[spread] p2a\n|-activate|p1b: Dialga|ability: Telepathy\n|-damage|p2a: Umbreon|2\/100\n|move|p2a: Umbreon|Moonlight|p2a: Umbreon\n|-heal|p2a: Umbreon|69\/100\n|\n|-weather|SunnyDay|[upkeep]\n|-damage|p1a: Ursaluna|0 fnt|[from] brn\n|faint|p1a: Ursaluna\n|upkeep\n|turn|8\n|inactive|stellalunala has 30 seconds left.\n|\n|t:|1738274119\n|move|p1b: Dialga|Dragon Pulse|p2a: Umbreon\n|-damage|p2a: Umbreon|30\/100\n|move|p2a: Umbreon|Foul Play|p1b: Dialga\n|-supereffective|p1b: Dialga\n|-damage|p1b: Dialga|8\/100\n|\n|-weather|none\n|-end|p1b: Dialga|move: Taunt\n|upkeep\n|turn|9\n|c|\u2606stellalunala|gg\n|-message|stellalunala forfeited.\n|\n|win|AJOIII\n|raw|AJOIII's rating: 1540 &rarr; <strong>1560<\/strong><br \/>(+20 for winning)\n|raw|stellalunala's rating: 1547 &rarr; <strong>1527<\/strong><br \/>(-20 for losing)\n|c|\u2606AJOIII|Gg\n|l|\u2606AJOIII\n|player|p1|\n|l| mr pogostick\n|l| Mukmogs\n","uploadtime":1738274393,"views":7,"formatid":"gen9vgc2025regg","rating":1527,"private":0,"password":null}