{"id":"gen9vgc2025regg-2291289491","format":"[Gen 9] VGC 2025 Reg G","players":["MigraineMan","Yung Trav"],"log":"|j|\u2606MigraineMan\n|j|\u203dYung Trav\n|t:|1738259445\n|gametype|doubles\n|player|p1|MigraineMan|102|1523\n|player|p2|Yung Trav|2|1620\n|teamsize|p1|6\n|teamsize|p2|6\n|gen|9\n|tier|[Gen 9] VGC 2025 Reg G\n|rated|\n|rule|Species Clause: Limit one of each Pok\u00e9mon\n|rule|Item Clause: Limit 1 of each item\n|clearpoke\n|poke|p1|Eternatus, L50|\n|poke|p1|Regieleki, L50|\n|poke|p1|Tinkaton, L50, F|\n|poke|p1|Kingambit, L50, F|\n|poke|p1|Farigiraf, L50, M|\n|poke|p1|Urshifu-*, L50, M|\n|poke|p2|Calyrex-Ice, L50|\n|poke|p2|Regidrago, L50|\n|poke|p2|Smeargle, L50, M|\n|poke|p2|Farigiraf, L50, M|\n|poke|p2|Urshifu-*, L50, M|\n|poke|p2|Ogerpon-Cornerstone, L50, F|\n|teampreview|4\n|\n|t:|1738259469\n|start\n|switch|p1a: Eternatus|Eternatus, L50|100\/100\n|switch|p1b: Tinkaton|Tinkaton, L50, F|100\/100\n|switch|p2a: Calyrex|Calyrex-Ice, L50|100\/100\n|switch|p2b: Ogerpon|Ogerpon-Cornerstone, L50, F|100\/100\n|-ability|p2a: Calyrex|As One\n|-ability|p2a: Calyrex|Unnerve\n|-ability|p1a: Eternatus|Pressure\n|-ability|p1b: Tinkaton|Mold Breaker\n|turn|1\n|\n|t:|1738259497\n|move|p1b: Tinkaton|Fake Out|p2a: Calyrex\n|-damage|p2a: Calyrex|96\/100\n|move|p2b: Ogerpon|Follow Me|p2b: Ogerpon\n|-singleturn|p2b: Ogerpon|move: Follow Me\n|move|p1a: Eternatus|Sludge Wave|p2a: Calyrex|[spread] p2a,p2b\n|-immune|p1b: Tinkaton\n|-damage|p2a: Calyrex|51\/100\n|-damage|p2b: Ogerpon|21\/100\n|cant|p2a: Calyrex|flinch\n|\n|upkeep\n|turn|2\n|\n|t:|1738259520\n|move|p1b: Tinkaton|Helping Hand|p1a: Eternatus\n|-singleturn|p1a: Eternatus|Helping Hand|[of] p1b: Tinkaton\n|move|p2a: Calyrex|Protect|p2a: Calyrex\n|-singleturn|p2a: Calyrex|Protect\n|move|p1a: Eternatus|Sludge Wave|p2b: Ogerpon|[spread] p2b\n|-activate|p2a: Calyrex|move: Protect\n|-immune|p1b: Tinkaton\n|-damage|p2b: Ogerpon|0 fnt\n|faint|p2b: Ogerpon\n|\n|upkeep\n|\n|t:|1738259532\n|switch|p2b: Smeargle|Smeargle, L50, M, shiny|100\/100\n|turn|3\n|\n|t:|1738259539\n|-terastallize|p1a: Eternatus|Poison\n|-terastallize|p2a: Calyrex|Water\n|move|p2b: Smeargle|Fake Out|p1a: Eternatus\n|-damage|p1a: Eternatus|96\/100\n|move|p1b: Tinkaton|Feint|p2b: Smeargle\n|-damage|p2b: Smeargle|92\/100\n|cant|p1a: Eternatus|flinch\n|move|p2a: Calyrex|Trick Room|p2a: Calyrex\n|-fieldstart|move: Trick Room|[of] p2a: Calyrex\n|\n|upkeep\n|turn|4\n|\n|t:|1738259562\n|switch|p1a: Kingambit|Kingambit, L50, F, shiny|100\/100\n|move|p2b: Smeargle|Decorate|p2a: Calyrex\n|-boost|p2a: Calyrex|atk|2\n|-boost|p2a: Calyrex|spa|2\n|move|p2a: Calyrex|Glacial Lance|p1a: Kingambit|[spread] p1a,p1b\n|-resisted|p1a: Kingambit\n|-resisted|p1b: Tinkaton\n|-damage|p1a: Kingambit|59\/100\n|-damage|p1b: Tinkaton|37\/100\n|move|p1b: Tinkaton|Gigaton Hammer|p2b: Smeargle\n|-damage|p2b: Smeargle|26\/100\n|\n|upkeep\n|turn|5\n|\n|t:|1738259597\n|move|p1b: Tinkaton|Helping Hand|p1a: Kingambit\n|-singleturn|p1a: Kingambit|Helping Hand|[of] p1b: Tinkaton\n|move|p2b: Smeargle|Follow Me|p2b: Smeargle\n|-singleturn|p2b: Smeargle|move: Follow Me\n|move|p1a: Kingambit|Kowtow Cleave|p2b: Smeargle\n|-damage|p2b: Smeargle|0 fnt\n|faint|p2b: Smeargle\n|move|p2a: Calyrex|Glacial Lance|p1a: Kingambit|[spread] p1a,p1b\n|-resisted|p1a: Kingambit\n|-resisted|p1b: Tinkaton\n|-crit|p1b: Tinkaton\n|-damage|p1a: Kingambit|15\/100\n|-damage|p1b: Tinkaton|0 fnt\n|faint|p1b: Tinkaton\n|-ability|p2a: Calyrex|Chilling Neigh|boost\n|-boost|p2a: Calyrex|atk|1\n|\n|upkeep\n|\n|t:|1738259613\n|switch|p2b: Regidrago|Regidrago, L50, shiny|100\/100\n|switch|p1b: Urshifu|Urshifu-Rapid-Strike, L50, M|100\/100\n|turn|6\n|\n|t:|1738259625\n|move|p1a: Kingambit|Protect|p1a: Kingambit\n|-singleturn|p1a: Kingambit|Protect\n|move|p1b: Urshifu|Detect|p1b: Urshifu\n|-singleturn|p1b: Urshifu|Protect\n|move|p2b: Regidrago|Dragon Energy|p1a: Kingambit|[spread] \n|-activate|p1a: Kingambit|move: Protect\n|-activate|p1b: Urshifu|move: Protect\n|move|p2a: Calyrex|Glacial Lance|p1b: Urshifu|[spread] \n|-activate|p1a: Kingambit|move: Protect\n|-activate|p1b: Urshifu|move: Protect\n|\n|upkeep\n|turn|7\n|\n|t:|1738259649\n|move|p1a: Kingambit|Sucker Punch|p2b: Regidrago\n|-damage|p2b: Regidrago|66\/100\n|move|p2b: Regidrago|Dragon Energy|p1b: Urshifu|[spread] p1a,p1b\n|-resisted|p1a: Kingambit\n|-damage|p1a: Kingambit|0 fnt\n|-damage|p1b: Urshifu|35\/100\n|faint|p1a: Kingambit\n|move|p2a: Calyrex|Glacial Lance|p1b: Urshifu\n|-resisted|p1b: Urshifu\n|-damage|p1b: Urshifu|0 fnt\n|faint|p1b: Urshifu\n|-ability|p2a: Calyrex|Chilling Neigh|boost\n|-boost|p2a: Calyrex|atk|1\n|\n|-fieldend|move: Trick Room\n|upkeep\n|\n|t:|1738259655\n|switch|p1b: Eternatus|Eternatus, L50, tera:Poison|96\/100\n|-ability|p1b: Eternatus|Pressure\n|turn|8\n|\n|t:|1738259669\n|move|p1b: Eternatus|Sludge Wave|p2a: Calyrex|[spread] p2a,p2b\n|-damage|p2a: Calyrex|0 fnt\n|-damage|p2b: Regidrago|0 fnt\n|faint|p2a: Calyrex\n|faint|p2b: Regidrago\n|\n|win|MigraineMan\n|raw|MigraineMan's rating: 1523 &rarr; <strong>1548<\/strong><br \/>(+25 for winning)\n|raw|Yung Trav's rating: 1620 &rarr; <strong>1595<\/strong><br \/>(-25 for losing)\n|l|\u203dYung Trav\n|player|p2|\n|l|\u2606MigraineMan\n|player|p1|\n","uploadtime":1738259890,"views":32,"formatid":"gen9vgc2025regg","rating":1548,"private":0,"password":null}