{"id":"gen9vgc2025regg-2291911388","format":"[Gen 9] VGC 2025 Reg G","players":["BLiiNDProdiigy","juanessamal"],"log":"|j|\u2606BLiiNDProdiigy\n|j|\u2606juanessamal\n|t:|1738343704\n|gametype|doubles\n|player|p1|BLiiNDProdiigy|rocketgrunt|1561\n|player|p2|juanessamal|266|1636\n|teamsize|p1|6\n|teamsize|p2|6\n|gen|9\n|tier|[Gen 9] VGC 2025 Reg G\n|rated|\n|rule|Species Clause: Limit one of each Pok\u00e9mon\n|rule|Item Clause: Limit 1 of each item\n|clearpoke\n|poke|p1|Terapagos, L50, M|\n|poke|p1|Incineroar, L50, F|\n|poke|p1|Rillaboom, L50, M|\n|poke|p1|Urshifu-*, L50, M|\n|poke|p1|Flutter Mane, L50|\n|poke|p1|Ogerpon-Hearthflame, L50, F|\n|poke|p2|Sableye, L50, M|\n|poke|p2|Iron Valiant, L50|\n|poke|p2|Smeargle, L50, M|\n|poke|p2|Groudon, L50|\n|poke|p2|Tornadus, L50, M|\n|poke|p2|Chi-Yu, L50|\n|teampreview|4\n|j| Millamojake\n|inactive|Battle timer is ON: inactive players will automatically lose when time's up. (requested by BLiiNDProdiigy)\n|\n|t:|1738343751\n|start\n|switch|p1a: Incineroar|Incineroar, L50, F|100\/100\n|switch|p1b: Flutter Mane|Flutter Mane, L50|100\/100\n|switch|p2a: Sableye|Sableye, L50, M|100\/100\n|switch|p2b: Iron Valiant|Iron Valiant, L50|100\/100\n|-ability|p1a: Incineroar|Intimidate|boost\n|-unboost|p2a: Sableye|atk|1\n|-unboost|p2b: Iron Valiant|atk|1\n|-enditem|p1b: Flutter Mane|Booster Energy\n|-activate|p1b: Flutter Mane|ability: Protosynthesis|[fromitem]\n|-start|p1b: Flutter Mane|protosynthesisspe\n|-enditem|p2b: Iron Valiant|Booster Energy\n|-activate|p2b: Iron Valiant|ability: Quark Drive|[fromitem]\n|-start|p2b: Iron Valiant|quarkdrivespe\n|turn|1\n|\n|t:|1738343759\n|move|p2b: Iron Valiant|Protect|p2b: Iron Valiant\n|-singleturn|p2b: Iron Valiant|Protect\n|move|p1a: Incineroar|Fake Out|p2b: Iron Valiant\n|-activate|p2b: Iron Valiant|move: Protect\n|move|p2a: Sableye|Gravity|p2a: Sableye\n|-fieldstart|move: Gravity\n|move|p1b: Flutter Mane|Moonblast|p2b: Iron Valiant\n|-activate|p2b: Iron Valiant|move: Protect\n|\n|upkeep\n|turn|2\n|\n|t:|1738343775\n|move|p1b: Flutter Mane|Protect|p1b: Flutter Mane\n|-singleturn|p1b: Flutter Mane|Protect\n|move|p2a: Sableye|Disable|p1b: Flutter Mane\n|-activate|p1b: Flutter Mane|move: Protect\n|move|p2b: Iron Valiant|Hypnosis|p1a: Incineroar\n|-status|p1a: Incineroar|slp|[from] move: Hypnosis\n|cant|p1a: Incineroar|slp\n|\n|upkeep\n|turn|3\n|\n|t:|1738343798\n|move|p2a: Sableye|Encore|p1b: Flutter Mane\n|-start|p1b: Flutter Mane|Encore\n|move|p1b: Flutter Mane|Protect||[still]\n|-fail|p1b: Flutter Mane\n|move|p2b: Iron Valiant|Moonblast|p1a: Incineroar\n|-damage|p1a: Incineroar|60\/100 slp\n|cant|p1a: Incineroar|slp\n|\n|upkeep\n|turn|4\n|\n|t:|1738343812\n|switch|p2a: Groudon|Groudon, L50, shiny|100\/100\n|-weather|SunnyDay|[from] ability: Drought|[of] p2a: Groudon\n|move|p1b: Flutter Mane|Protect|p1b: Flutter Mane\n|-singleturn|p1b: Flutter Mane|Protect\n|move|p2b: Iron Valiant|Hypnosis|p1b: Flutter Mane\n|-activate|p1b: Flutter Mane|move: Protect\n|-curestatus|p1a: Incineroar|slp|[msg]\n|move|p1a: Incineroar|Parting Shot|p2b: Iron Valiant\n|-unboost|p2b: Iron Valiant|atk|1\n|-unboost|p2b: Iron Valiant|spa|1\n|\n|t:|1738343822\n|switch|p1a: Terapagos|Terapagos, L50, M|100\/100|[from] Parting Shot\n|-activate|p1a: Terapagos|ability: Tera Shift\n|detailschange|p1a: Terapagos|Terapagos-Terastal, L50, M\n|-heal|p1a: Terapagos|100\/100|[silent]\n|\n|-weather|SunnyDay|[upkeep]\n|upkeep\n|turn|5\n|\n|t:|1738343841\n|-end|p1b: Flutter Mane|Protosynthesis|[silent]\n|switch|p1b: Incineroar|Incineroar, L50, F|60\/100\n|-ability|p1b: Incineroar|Intimidate|boost\n|-unboost|p2a: Groudon|atk|1\n|-unboost|p2b: Iron Valiant|atk|1\n|move|p1a: Terapagos|Protect|p1a: Terapagos\n|-singleturn|p1a: Terapagos|Protect\n|move|p2b: Iron Valiant|Hypnosis|p1b: Incineroar\n|-status|p1b: Incineroar|slp|[from] move: Hypnosis\n|move|p2a: Groudon|Swords Dance|p2a: Groudon\n|-boost|p2a: Groudon|atk|2\n|\n|-weather|SunnyDay|[upkeep]\n|-fieldend|move: Gravity\n|upkeep\n|turn|6\n|\n|t:|1738343858\n|-terastallize|p1a: Terapagos|Stellar\n|detailschange|p1a: Terapagos|Terapagos-Stellar, L50, M, tera:Stellar\n|-heal|p1a: Terapagos|100\/100|[silent]\n|-ability|p1a: Terapagos|Teraform Zero\n|-weather|none\n|cant|p1b: Incineroar|slp\n|move|p2b: Iron Valiant|Moonblast|p1a: Terapagos\n|-crit|p1a: Terapagos\n|-damage|p1a: Terapagos|58\/100\n|-unboost|p1a: Terapagos|spa|1\n|move|p2a: Groudon|Precipice Blades|p1a: Terapagos|[spread] p1a,p1b\n|-supereffective|p1b: Incineroar\n|-damage|p1a: Terapagos|0 fnt\n|-damage|p1b: Incineroar|0 fnt\n|faint|p1a: Terapagos\n|faint|p1b: Incineroar\n|-damage|p2a: Groudon|91\/100|[from] item: Life Orb\n|\n|upkeep\n|-message|BLiiNDProdiigy forfeited.\n|\n|win|juanessamal\n|raw|BLiiNDProdiigy's rating: 1561 &rarr; <strong>1545<\/strong><br \/>(-16 for losing)\n|raw|juanessamal's rating: 1636 &rarr; <strong>1652<\/strong><br \/>(+16 for winning)\n|l|\u2606BLiiNDProdiigy\n|player|p1|\n|l| Millamojake\n|l|\u2606juanessamal\n|player|p2|\n","uploadtime":1738344071,"views":6,"formatid":"gen9vgc2025regg","rating":1545,"private":0,"password":null}