{"id":"gen9vgc2025regg-2291753866","format":"[Gen 9] VGC 2025 Reg G","players":["Lacossg","Valquesse"],"log":"|j|\u2606Lacossg\n|j|\u2606Valquesse\n|t:|1738325256\n|gametype|doubles\n|player|p1|Lacossg|170|1608\n|player|p2|Valquesse|roughneck-gen4|1593\n|teamsize|p1|6\n|teamsize|p2|6\n|gen|9\n|tier|[Gen 9] VGC 2025 Reg G\n|rated|\n|rule|Species Clause: Limit one of each Pok\u00e9mon\n|rule|Item Clause: Limit 1 of each item\n|clearpoke\n|poke|p1|Grimmsnarl, L50, M|\n|poke|p1|Lunala, L50|\n|poke|p1|Indeedee-F, L50, F|\n|poke|p1|Roaring Moon, L50|\n|poke|p1|Urshifu-*, L50, F|\n|poke|p1|Ursaluna, L50, F|\n|poke|p2|Terapagos, L50, M|\n|poke|p2|Urshifu-*, L50, F|\n|poke|p2|Rillaboom, L50, F|\n|poke|p2|Incineroar, L50, M|\n|poke|p2|Ogerpon-Hearthflame, L50, F|\n|poke|p2|Flutter Mane, L50|\n|teampreview|4\n|inactive|Battle timer is ON: inactive players will automatically lose when time's up. (requested by Lacossg)\n|\n|t:|1738325305\n|start\n|switch|p1a: Roaring Moon|Roaring Moon, L50|100\/100\n|switch|p1b: Lunala|Lunala, L50|100\/100\n|switch|p2a: Incineroar|Incineroar, L50, M|100\/100\n|switch|p2b: Terapagos|Terapagos, L50, M|100\/100\n|-activate|p2b: Terapagos|ability: Tera Shift\n|detailschange|p2b: Terapagos|Terapagos-Terastal, L50, M\n|-heal|p2b: Terapagos|100\/100|[silent]\n|-ability|p2a: Incineroar|Intimidate|boost\n|-unboost|p1a: Roaring Moon|atk|1\n|-unboost|p1b: Lunala|atk|1\n|-enditem|p1a: Roaring Moon|Booster Energy\n|-activate|p1a: Roaring Moon|ability: Protosynthesis|[fromitem]\n|-start|p1a: Roaring Moon|protosynthesisspe\n|turn|1\n|\n|t:|1738325325\n|-terastallize|p1a: Roaring Moon|Ghost\n|move|p1a: Roaring Moon|Taunt|p2b: Terapagos\n|-start|p2b: Terapagos|move: Taunt\n|move|p1b: Lunala|Meteor Beam||[still]\n|-prepare|p1b: Lunala|Meteor Beam\n|-boost|p1b: Lunala|spa|1\n|-enditem|p1b: Lunala|Power Herb\n|-anim|p1b: Lunala|Meteor Beam|p2a: Incineroar\n|-supereffective|p2a: Incineroar\n|-damage|p2a: Incineroar|0 fnt\n|faint|p2a: Incineroar\n|cant|p2b: Terapagos|move: Taunt|Calm Mind\n|\n|upkeep\n|l|\u2606Lacossg\n|inactive|Lacossg disconnected and has a minute to reconnect!\n|player|p1|\n|j|\u2606Lacossg\n|inactive|Lacossg reconnected.\n|player|p1|Lacossg|170|\n|inactive|Valquesse has 30 seconds left.\n|inactive|Valquesse has 20 seconds left.\n|inactive|Valquesse has 15 seconds left.\n|inactive|Valquesse has 10 seconds left.\n|inactive|Valquesse has 5 seconds left.\n|\n|t:|1738325379\n|switch|p2a: Flutter Mane|Flutter Mane, L50|100\/100\n|-enditem|p2a: Flutter Mane|Booster Energy\n|-activate|p2a: Flutter Mane|ability: Protosynthesis|[fromitem]\n|-start|p2a: Flutter Mane|protosynthesisspe\n|turn|2\n|inactive|Valquesse has 30 seconds left.\n|\n|t:|1738325405\n|-terastallize|p2b: Terapagos|Stellar\n|detailschange|p2b: Terapagos|Terapagos-Stellar, L50, M, tera:Stellar\n|-heal|p2b: Terapagos|100\/100|[silent]\n|move|p2a: Flutter Mane|Icy Wind|p1a: Roaring Moon|[spread] p1a,p1b\n|-damage|p1a: Roaring Moon|90\/100\n|-damage|p1b: Lunala|95\/100\n|-unboost|p1a: Roaring Moon|spe|1\n|-unboost|p1b: Lunala|spe|1\n|move|p1a: Roaring Moon|Snarl|p2b: Terapagos|[spread] p2a,p2b\n|-crit|p2b: Terapagos\n|-damage|p2a: Flutter Mane|94\/100\n|-damage|p2b: Terapagos|93\/100\n|-unboost|p2a: Flutter Mane|spa|1\n|-unboost|p2b: Terapagos|spa|1\n|move|p2b: Terapagos|Tera Starstorm|p1b: Lunala|[spread] p1a,p1b\n|-supereffective|p1a: Roaring Moon\n|-damage|p1a: Roaring Moon|40\/100\n|-damage|p1b: Lunala|76\/100\n|move|p1b: Lunala|Moongeist Beam|p2a: Flutter Mane\n|-supereffective|p2a: Flutter Mane\n|-damage|p2a: Flutter Mane|0 fnt\n|faint|p2a: Flutter Mane\n|-end|p2a: Flutter Mane|Protosynthesis|[silent]\n|\n|-heal|p2b: Terapagos|99\/100|[from] item: Leftovers\n|upkeep\n|\n|t:|1738325417\n|switch|p2a: Ogerpon|Ogerpon-Hearthflame, L50, F|100\/100\n|-ability|p2a: Ogerpon|Mold Breaker\n|turn|3\n|l|\u2606Lacossg\n|inactive|Lacossg disconnected and has a minute to reconnect!\n|player|p1|\n|j|\u2606Lacossg\n|inactive|Lacossg reconnected and has 35 seconds left.\n|player|p1|Lacossg|170|\n|inactive|Lacossg has 30 seconds left.\n|\n|t:|1738325444\n|move|p1a: Roaring Moon|Tailwind|p1a: Roaring Moon\n|-sidestart|p1: Lacossg|move: Tailwind\n|move|p1b: Lunala|Moongeist Beam|p2a: Ogerpon\n|-damage|p2a: Ogerpon|19\/100\n|move|p2a: Ogerpon|Ivy Cudgel|p1b: Lunala|[anim] Ivy Cudgel Fire\n|-damage|p1b: Lunala|41\/100\n|move|p2b: Terapagos|Tera Starstorm|p1a: Roaring Moon|[spread] p1a,p1b\n|-supereffective|p1a: Roaring Moon\n|-damage|p1a: Roaring Moon|0 fnt\n|-damage|p1b: Lunala|21\/100\n|faint|p1a: Roaring Moon\n|-end|p1a: Roaring Moon|Protosynthesis|[silent]\n|\n|-heal|p2b: Terapagos|100\/100|[from] item: Leftovers\n|-end|p2b: Terapagos|move: Taunt\n|upkeep\n|\n|t:|1738325452\n|switch|p1a: Indeedee|Indeedee-F, L50, F|100\/100\n|-fieldstart|move: Psychic Terrain|[from] ability: Psychic Surge|[of] p1a: Indeedee\n|turn|4\n|\n|t:|1738325469\n|move|p2a: Ogerpon|Spiky Shield|p2a: Ogerpon\n|-singleturn|p2a: Ogerpon|move: Protect\n|move|p1a: Indeedee|Heal Pulse|p1b: Lunala\n|-heal|p1b: Lunala|71\/100\n|move|p1b: Lunala|Expanding Force|p2b: Terapagos|[spread] p2b\n|-activate|p2a: Ogerpon|move: Protect\n|-damage|p2b: Terapagos|36\/100\n|move|p2b: Terapagos|Calm Mind|p2b: Terapagos\n|-boost|p2b: Terapagos|spa|1\n|-boost|p2b: Terapagos|spd|1\n|\n|-heal|p2b: Terapagos|42\/100|[from] item: Leftovers\n|upkeep\n|turn|5\n|-message|Valquesse forfeited.\n|\n|win|Lacossg\n|raw|Lacossg's rating: 1608 &rarr; <strong>1627<\/strong><br \/>(+19 for winning)\n|raw|Valquesse's rating: 1593 &rarr; <strong>1574<\/strong><br \/>(-19 for losing)\n|l|\u2606Valquesse\n|player|p2|\n|l|\u2606Lacossg\n|player|p1|\n","uploadtime":1738325481,"views":8,"formatid":"gen9vgc2025regg","rating":1574,"private":0,"password":null}