{"id":"gen9vgc2025regg-2291283987","format":"[Gen 9] VGC 2025 Reg G","players":["speedduels","uekfl"],"log":"|j|\u2606speedduels\n|j|\u2606uekfl\n|t:|1738258921\n|gametype|doubles\n|player|p1|speedduels|102|1557\n|player|p2|uekfl|swimmer-gen4dp|1512\n|teamsize|p1|6\n|teamsize|p2|6\n|gen|9\n|tier|[Gen 9] VGC 2025 Reg G\n|rated|\n|rule|Species Clause: Limit one of each Pok\u00e9mon\n|rule|Item Clause: Limit 1 of each item\n|clearpoke\n|poke|p1|Miraidon, L50|\n|poke|p1|Gholdengo, L50|\n|poke|p1|Dondozo, L50, M|\n|poke|p1|Dragonite, L50, F|\n|poke|p1|Tatsugiri, L50, F|\n|poke|p1|Chi-Yu, L50|\n|poke|p2|Calyrex-Shadow, L50|\n|poke|p2|Cresselia, L50, F|\n|poke|p2|Ursaluna, L50, M|\n|poke|p2|Indeedee-F, L50, F|\n|poke|p2|Clefairy, L50, M|\n|poke|p2|Annihilape, L50, F|\n|teampreview|4\n|j| mr pogostick\n|c|\u2606uekfl|The worlds team\n|c|\u2606uekfl|Top 4 right?\n|c|\u2606speedduels|no\n|\n|t:|1738259006\n|start\n|switch|p1a: Gholdengo|Gholdengo, L50|100\/100\n|switch|p1b: Chi-Yu|Chi-Yu, L50|100\/100\n|switch|p2a: Calyrex|Calyrex-Shadow, L50|100\/100\n|switch|p2b: Indeedee|Indeedee-F, L50, F|100\/100\n|-ability|p2a: Calyrex|As One\n|-ability|p2a: Calyrex|Unnerve\n|-ability|p1b: Chi-Yu|Beads of Ruin\n|-fieldstart|move: Psychic Terrain|[from] ability: Psychic Surge|[of] p2b: Indeedee\n|-enditem|p2b: Indeedee|Psychic Seed\n|-boost|p2b: Indeedee|spd|1|[from] item: Psychic Seed\n|turn|1\n|\n|t:|1738259035\n|-terastallize|p1a: Gholdengo|Steel\n|move|p2b: Indeedee|Helping Hand|p2a: Calyrex\n|-singleturn|p2a: Calyrex|Helping Hand|[of] p2b: Indeedee\n|move|p2a: Calyrex|Astral Barrage|p1a: Gholdengo|[spread] p1a,p1b\n|-resisted|p1b: Chi-Yu\n|-damage|p1a: Gholdengo|0 fnt\n|-damage|p1b: Chi-Yu|48\/100\n|faint|p1a: Gholdengo\n|-ability|p2a: Calyrex|Grim Neigh|boost\n|-boost|p2a: Calyrex|spa|1\n|move|p1b: Chi-Yu|Heat Wave|p2b: Indeedee|[spread] p2a,p2b\n|-damage|p2a: Calyrex|48\/100\n|-damage|p2b: Indeedee|63\/100\n|\n|upkeep\n|\n|t:|1738259045\n|switch|p1a: Dondozo|Dondozo, L50, M|100\/100\n|turn|2\n|\n|t:|1738259049\n|switch|p1b: Tatsugiri|Tatsugiri, L50, F|100\/100\n|-activate|p1b: Tatsugiri|ability: Commander|[of] p1a: Dondozo\n|-boost|p1a: Dondozo|atk|2\n|-boost|p1a: Dondozo|spa|2\n|-boost|p1a: Dondozo|spe|2\n|-boost|p1a: Dondozo|def|2\n|-boost|p1a: Dondozo|spd|2\n|move|p2b: Indeedee|Helping Hand|p2a: Calyrex\n|-singleturn|p2a: Calyrex|Helping Hand|[of] p2b: Indeedee\n|move|p2a: Calyrex|Astral Barrage|p1b: Tatsugiri|[spread] p1a\n|-miss|p2a: Calyrex|p1b: Tatsugiri\n|-damage|p1a: Dondozo|59\/100\n|move|p1a: Dondozo|Earthquake|p2b: Indeedee|[spread] p2a,p2b\n|-miss|p1a: Dondozo|p1b: Tatsugiri\n|-damage|p2a: Calyrex|0 fnt\n|-damage|p2b: Indeedee|24\/100\n|faint|p2a: Calyrex\n|\n|-heal|p1a: Dondozo|66\/100|[from] item: Leftovers\n|upkeep\n|\n|t:|1738259064\n|switch|p2a: Ursaluna|Ursaluna, L50, M|100\/100\n|turn|3\n|\n|t:|1738259076\n|-terastallize|p2a: Ursaluna|Water\n|move|p1a: Dondozo|Order Up|p2b: Indeedee\n|-damage|p2b: Indeedee|0 fnt\n|faint|p2b: Indeedee\n|-boost|p1a: Dondozo|atk|1\n|move|p2a: Ursaluna|Headlong Rush|p1a: Dondozo\n|-damage|p1a: Dondozo|40\/100\n|-unboost|p2a: Ursaluna|def|1\n|-unboost|p2a: Ursaluna|spd|1\n|\n|-heal|p1a: Dondozo|46\/100|[from] item: Leftovers\n|-status|p2a: Ursaluna|brn|[from] item: Flame Orb\n|upkeep\n|\n|t:|1738259080\n|switch|p2b: Cresselia|Cresselia, L50, F|100\/100\n|turn|4\n|\n|t:|1738259100\n|move|p1a: Dondozo|Order Up|p2b: Cresselia\n|-damage|p2b: Cresselia|64\/100\n|-boost|p1a: Dondozo|atk|1\n|move|p2a: Ursaluna|Facade|p1a: Dondozo\n|-damage|p1a: Dondozo|4\/100\n|move|p2b: Cresselia|Trick Room|p2b: Cresselia\n|-fieldstart|move: Trick Room|[of] p2b: Cresselia\n|\n|-heal|p1a: Dondozo|10\/100|[from] item: Leftovers\n|-damage|p2a: Ursaluna|95\/100 brn|[from] brn\n|upkeep\n|turn|5\n|\n|t:|1738259110\n|move|p1a: Dondozo|Protect|p1a: Dondozo\n|-singleturn|p1a: Dondozo|Protect\n|move|p2a: Ursaluna|Facade|p1a: Dondozo\n|-activate|p1a: Dondozo|move: Protect\n|move|p2b: Cresselia|Lunar Blessing|p2b: Cresselia|[spread] p2a,p2b\n|-heal|p2a: Ursaluna|100\/100 brn\n|-curestatus|p2a: Ursaluna|brn|[msg]\n|-heal|p2b: Cresselia|89\/100\n|\n|-heal|p1a: Dondozo|16\/100|[from] item: Leftovers\n|-fieldend|move: Psychic Terrain\n|-status|p2a: Ursaluna|brn|[from] item: Flame Orb\n|upkeep\n|turn|6\n|\n|t:|1738259115\n|move|p1a: Dondozo|Protect||[still]\n|-fail|p1a: Dondozo\n|move|p2a: Ursaluna|Facade|p1a: Dondozo\n|-damage|p1a: Dondozo|0 fnt\n|faint|p1a: Dondozo\n|move|p2b: Cresselia|Moonblast|p1b: Tatsugiri\n|-supereffective|p1b: Tatsugiri\n|-damage|p1b: Tatsugiri|58\/100\n|-unboost|p1b: Tatsugiri|spa|1\n|\n|-damage|p2a: Ursaluna|95\/100 brn|[from] brn\n|upkeep\n|\n|t:|1738259118\n|switch|p1a: Chi-Yu|Chi-Yu, L50|48\/100\n|-ability|p1a: Chi-Yu|Beads of Ruin\n|turn|7\n|\n|t:|1738259126\n|move|p2b: Cresselia|Helping Hand|p2a: Ursaluna\n|-singleturn|p2a: Ursaluna|Helping Hand|[of] p2b: Cresselia\n|move|p1a: Chi-Yu|Protect|p1a: Chi-Yu\n|-singleturn|p1a: Chi-Yu|Protect\n|move|p2a: Ursaluna|Earthquake|p1b: Tatsugiri|[spread] p1b\n|-activate|p1a: Chi-Yu|move: Protect\n|-immune|p2b: Cresselia|[from] ability: Levitate\n|-damage|p1b: Tatsugiri|0 fnt\n|faint|p1b: Tatsugiri\n|\n|-damage|p2a: Ursaluna|89\/100 brn|[from] brn\n|upkeep\n|turn|8\n|\n|t:|1738259132\n|move|p1a: Chi-Yu|Protect||[still]\n|-fail|p1a: Chi-Yu\n|move|p2a: Ursaluna|Earthquake|p1a: Chi-Yu|[spread] p1a\n|-immune|p2b: Cresselia|[from] ability: Levitate\n|-supereffective|p1a: Chi-Yu\n|-damage|p1a: Chi-Yu|0 fnt\n|faint|p1a: Chi-Yu\n|\n|win|uekfl\n|raw|speedduels's rating: 1557 &rarr; <strong>1534<\/strong><br \/>(-23 for losing)\n|raw|uekfl's rating: 1512 &rarr; <strong>1535<\/strong><br \/>(+23 for winning)\n|l|\u2606speedduels\n|player|p1|\n|l| mr pogostick\n|l|\u2606uekfl\n|player|p2|\n","uploadtime":1738259336,"views":11,"formatid":"gen9vgc2025regg","rating":1534,"private":0,"password":null}