{"id":"gen9vgc2025regg-2291159642","format":"[Gen 9] VGC 2025 Reg G","players":["madgiraffe","crowz000"],"log":"|j|\u2606madgiraffe\n|j|\u2606crowz000\n|t:|1738246011\n|gametype|doubles\n|player|p1|madgiraffe|170|1604\n|player|p2|crowz000|266|1623\n|teamsize|p1|6\n|teamsize|p2|6\n|gen|9\n|tier|[Gen 9] VGC 2025 Reg G\n|rated|\n|rule|Species Clause: Limit one of each Pok\u00e9mon\n|rule|Item Clause: Limit 1 of each item\n|clearpoke\n|poke|p1|Miraidon, L50|\n|poke|p1|Landorus, L50, M|\n|poke|p1|Iron Jugulis, L50|\n|poke|p1|Electivire, L50, M|\n|poke|p1|Urshifu-*, L50, M|\n|poke|p1|Chien-Pao, L50|\n|poke|p2|Terapagos, L50, M|\n|poke|p2|Grimmsnarl, L50, M|\n|poke|p2|Okidogi, L50, M|\n|poke|p2|Sinistcha, L50|\n|poke|p2|Entei, L50|\n|poke|p2|Iron Crown, L50|\n|teampreview|4\n|inactive|Battle timer is ON: inactive players will automatically lose when time's up. (requested by madgiraffe)\n|inactive|crowz000 has 60 seconds left.\n|\n|t:|1738246057\n|start\n|switch|p1a: Miraidon|Miraidon, L50|100\/100\n|switch|p1b: Landorus|Landorus, L50, M|100\/100\n|switch|p2a: Terapagos|Terapagos, L50, M|100\/100\n|switch|p2b: Grimmsnarl|Grimmsnarl, L50, M|100\/100\n|-activate|p2a: Terapagos|ability: Tera Shift\n|detailschange|p2a: Terapagos|Terapagos-Terastal, L50, M\n|-heal|p2a: Terapagos|100\/100|[silent]\n|-fieldstart|move: Electric Terrain|[from] ability: Hadron Engine|[of] p1a: Miraidon\n|turn|1\n|j| vgcvillains\n|\n|t:|1738246082\n|move|p2b: Grimmsnarl|Light Screen|p2b: Grimmsnarl\n|-sidestart|p2: crowz000|move: Light Screen\n|move|p1a: Miraidon|Discharge|p2b: Grimmsnarl|[spread] p2a,p2b\n|-immune|p1b: Landorus\n|-activate|p2a: Terapagos|ability: Tera Shell\n|-resisted|p2a: Terapagos\n|-damage|p2a: Terapagos|82\/100\n|-damage|p2b: Grimmsnarl|65\/100\n|-status|p2b: Grimmsnarl|par\n|move|p1b: Landorus|Sludge Bomb|p2b: Grimmsnarl\n|-supereffective|p2b: Grimmsnarl\n|-damage|p2b: Grimmsnarl|14\/100 par\n|move|p2a: Terapagos|Calm Mind|p2a: Terapagos\n|-boost|p2a: Terapagos|spa|1\n|-boost|p2a: Terapagos|spd|1\n|\n|-heal|p2a: Terapagos|89\/100|[from] item: Leftovers\n|upkeep\n|turn|2\n|inactive|crowz000 has 30 seconds left.\n|\n|t:|1738246111\n|move|p2b: Grimmsnarl|Parting Shot|p1b: Landorus\n|-unboost|p1b: Landorus|atk|1\n|-unboost|p1b: Landorus|spa|1\n|\n|t:|1738246114\n|switch|p2b: Sinistcha|Sinistcha, L50|100\/100|[from] Parting Shot\n|-heal|p2a: Terapagos|100\/100|[from] ability: Hospitality|[of] p2b: Sinistcha\n|move|p1a: Miraidon|Discharge|p2a: Terapagos|[spread] p2a,p2b\n|-immune|p1b: Landorus\n|-activate|p2a: Terapagos|ability: Tera Shell\n|-resisted|p2a: Terapagos\n|-resisted|p2b: Sinistcha\n|-damage|p2a: Terapagos|90\/100\n|-damage|p2b: Sinistcha|79\/100\n|move|p1b: Landorus|Earth Power|p2a: Terapagos\n|-damage|p2a: Terapagos|71\/100\n|move|p2a: Terapagos|Tera Starstorm|p1a: Miraidon\n|-damage|p1a: Miraidon|30\/100\n|\n|-heal|p2a: Terapagos|78\/100|[from] item: Leftovers\n|upkeep\n|turn|3\n|\n|t:|1738246136\n|-terastallize|p2a: Terapagos|Stellar\n|detailschange|p2a: Terapagos|Terapagos-Stellar, L50, M, tera:Stellar\n|-heal|p2a: Terapagos|83\/100|[silent]\n|-ability|p2a: Terapagos|Teraform Zero\n|-fieldend|move: Electric Terrain\n|move|p1a: Miraidon|Discharge|p2b: Sinistcha|[spread] p2a,p2b\n|-immune|p1b: Landorus\n|-resisted|p2b: Sinistcha\n|-damage|p2a: Terapagos|74\/100\n|-damage|p2b: Sinistcha|66\/100\n|-status|p2a: Terapagos|par\n|move|p1b: Landorus|Substitute|p1b: Landorus\n|-start|p1b: Landorus|Substitute\n|-damage|p1b: Landorus|76\/100\n|move|p2a: Terapagos|Tera Starstorm|p1a: Miraidon|[spread] p1a,p1b\n|-end|p1b: Landorus|Substitute\n|-damage|p1a: Miraidon|0 fnt\n|faint|p1a: Miraidon\n|move|p2b: Sinistcha|Trick Room|p2b: Sinistcha\n|-fieldstart|move: Trick Room|[of] p2b: Sinistcha\n|\n|-heal|p2a: Terapagos|80\/100 par|[from] item: Leftovers\n|upkeep\n|inactive|madgiraffe has 30 seconds left.\n|\n|t:|1738246161\n|switch|p1a: Chien-Pao|Chien-Pao, L50|100\/100\n|-ability|p1a: Chien-Pao|Sword of Ruin\n|turn|4\n|\n|t:|1738246180\n|move|p1b: Landorus|Protect|p1b: Landorus\n|-singleturn|p1b: Landorus|Protect\n|move|p1a: Chien-Pao|Sucker Punch||[still]\n|-fail|p1a: Chien-Pao\n|move|p2a: Terapagos|Tera Starstorm|p1a: Chien-Pao|[spread] p1a\n|-activate|p1b: Landorus|move: Protect\n|-damage|p1a: Chien-Pao|7\/100\n|move|p2b: Sinistcha|Life Dew|p2b: Sinistcha|[spread] p2a,p2b\n|-heal|p2a: Terapagos|100\/100 par\n|-heal|p2b: Sinistcha|91\/100\n|\n|upkeep\n|turn|5\n|\n|t:|1738246194\n|move|p1a: Chien-Pao|Protect|p1a: Chien-Pao\n|-singleturn|p1a: Chien-Pao|Protect\n|move|p2a: Terapagos|Tera Starstorm|p1a: Chien-Pao|[spread] p1b\n|-activate|p1a: Chien-Pao|move: Protect\n|-damage|p1b: Landorus|12\/100\n|move|p2b: Sinistcha|Matcha Gotcha|p1a: Chien-Pao|[spread] p1b\n|-activate|p1a: Chien-Pao|move: Protect\n|-damage|p1b: Landorus|0 fnt\n|-heal|p2b: Sinistcha|97\/100|[from] drain|[of] p1b: Landorus\n|faint|p1b: Landorus\n|\n|upkeep\n|\n|t:|1738246199\n|switch|p1b: Urshifu|Urshifu-Rapid-Strike, L50, M|100\/100\n|turn|6\n|\n|t:|1738246214\n|move|p2b: Sinistcha|Rage Powder|p2b: Sinistcha\n|-singleturn|p2b: Sinistcha|move: Rage Powder\n|move|p1a: Chien-Pao|Sucker Punch||[still]\n|-fail|p1a: Chien-Pao\n|move|p2a: Terapagos|Tera Starstorm|p1a: Chien-Pao|[spread] p1a,p1b\n|-damage|p1a: Chien-Pao|0 fnt\n|-damage|p1b: Urshifu|23\/100\n|faint|p1a: Chien-Pao\n|move|p1b: Urshifu|Close Combat|p2b: Sinistcha\n|-immune|p2b: Sinistcha\n|\n|upkeep\n|turn|7\n|-message|madgiraffe forfeited.\n|\n|win|crowz000\n|raw|madgiraffe's rating: 1604 &rarr; <strong>1585<\/strong><br \/>(-19 for losing)\n|raw|crowz000's rating: 1623 &rarr; <strong>1642<\/strong><br \/>(+19 for winning)\n|l|\u2606madgiraffe\n|player|p1|\n|l|\u2606crowz000\n|player|p2|\n","uploadtime":1738246401,"views":15,"formatid":"gen9vgc2025regg","rating":1585,"private":0,"password":null}