{"id":"gen9vgc2025regg-2291841957","format":"[Gen 9] VGC 2025 Reg G","players":["kd-vgc711","Yung Trav"],"log":"|j|\u2606kd-vgc711\n|j|\u203dYung Trav\n|t:|1738336563\n|gametype|doubles\n|player|p1|kd-vgc711|266|1624\n|player|p2|Yung Trav|102|1583\n|teamsize|p1|6\n|teamsize|p2|6\n|gen|9\n|tier|[Gen 9] VGC 2025 Reg G\n|rated|\n|rule|Species Clause: Limit one of each Pok\u00e9mon\n|rule|Item Clause: Limit 1 of each item\n|clearpoke\n|poke|p1|Calyrex-Ice, L50|\n|poke|p1|Torkoal, L50, F|\n|poke|p1|Lilligant-Hisui, L50, F|\n|poke|p1|Kingambit, L50, F|\n|poke|p1|Flutter Mane, L50|\n|poke|p1|Indeedee-F, L50, F|\n|poke|p2|Calyrex-Ice, L50|\n|poke|p2|Regidrago, L50|\n|poke|p2|Smeargle, L50, M|\n|poke|p2|Farigiraf, L50, M|\n|poke|p2|Urshifu-*, L50, M|\n|poke|p2|Ogerpon-Cornerstone, L50, F|\n|teampreview|4\n|j| jkimkim1\n|\n|t:|1738336626\n|start\n|switch|p1a: Calyrex|Calyrex-Ice, L50|100\/100\n|switch|p1b: Flutter Mane|Flutter Mane, L50, shiny|100\/100\n|switch|p2a: Calyrex|Calyrex-Ice, L50|100\/100\n|switch|p2b: Ogerpon|Ogerpon-Cornerstone, L50, F|100\/100\n|-ability|p2a: Calyrex|As One\n|-ability|p2a: Calyrex|Unnerve\n|-ability|p1a: Calyrex|As One\n|-ability|p1a: Calyrex|Unnerve\n|turn|1\n|inactive|Battle timer is ON: inactive players will automatically lose when time's up. (requested by kd-vgc711)\n|\n|t:|1738336649\n|-terastallize|p2a: Calyrex|Water\n|-terastallize|p1a: Calyrex|Water\n|move|p1b: Flutter Mane|Dazzling Gleam|p2b: Ogerpon|[spread] p2a,p2b\n|-damage|p2a: Calyrex|66\/100\n|-damage|p2b: Ogerpon|41\/100\n|move|p2b: Ogerpon|Ivy Cudgel|p1b: Flutter Mane|[anim] Ivy Cudgel Rock\n|-damage|p1b: Flutter Mane|0 fnt\n|faint|p1b: Flutter Mane\n|-end|p1b: Flutter Mane|Protosynthesis|[silent]\n|move|p2a: Calyrex|Glacial Lance|p1a: Calyrex\n|-resisted|p1a: Calyrex\n|-damage|p1a: Calyrex|75\/100\n|move|p1a: Calyrex|Glacial Lance|p2b: Ogerpon|[spread] p2a,p2b\n|-resisted|p2a: Calyrex\n|-supereffective|p2b: Ogerpon\n|-damage|p2a: Calyrex|49\/100\n|-damage|p2b: Ogerpon|0 fnt\n|faint|p2b: Ogerpon\n|-ability|p1a: Calyrex|Chilling Neigh|boost\n|-boost|p1a: Calyrex|atk|1\n|\n|upkeep\n|\n|t:|1738336672\n|switch|p1b: Lilligant|Lilligant-Hisui, L50, F, shiny|100\/100\n|switch|p2b: Urshifu|Urshifu, L50, M|100\/100\n|turn|2\n|inactive|Yung Trav has 30 seconds left.\n|\n|t:|1738336700\n|move|p2b: Urshifu|Coaching|p2a: Calyrex\n|-boost|p2a: Calyrex|atk|1\n|-boost|p2a: Calyrex|def|1\n|move|p1b: Lilligant|Sleep Powder|p2a: Calyrex|[miss]\n|-miss|p1b: Lilligant|p2a: Calyrex\n|move|p2a: Calyrex|Glacial Lance|p1b: Lilligant|[spread] p1a,p1b\n|-resisted|p1a: Calyrex\n|-supereffective|p1b: Lilligant\n|-damage|p1a: Calyrex|49\/100\n|-enditem|p1b: Lilligant|Focus Sash\n|-damage|p1b: Lilligant|1\/100\n|move|p1a: Calyrex|Glacial Lance|p2a: Calyrex|[spread] p2a,p2b\n|-resisted|p2a: Calyrex\n|-damage|p2a: Calyrex|28\/100\n|-damage|p2b: Urshifu|10\/100\n|\n|upkeep\n|turn|3\n|\n|t:|1738336722\n|move|p2a: Calyrex|Protect|p2a: Calyrex\n|-singleturn|p2a: Calyrex|Protect\n|move|p2b: Urshifu|Coaching|p2a: Calyrex\n|-boost|p2a: Calyrex|atk|1\n|-boost|p2a: Calyrex|def|1\n|move|p1b: Lilligant|Sleep Powder|p2a: Calyrex\n|-activate|p2a: Calyrex|move: Protect\n|move|p1a: Calyrex|Trick Room|p1a: Calyrex\n|-fieldstart|move: Trick Room|[of] p1a: Calyrex\n|\n|upkeep\n|turn|4\n|\n|t:|1738336738\n|move|p1a: Calyrex|Glacial Lance|p2a: Calyrex|[spread] p2a,p2b\n|-resisted|p2a: Calyrex\n|-damage|p2a: Calyrex|13\/100\n|-damage|p2b: Urshifu|0 fnt\n|faint|p2b: Urshifu\n|-ability|p1a: Calyrex|Chilling Neigh|boost\n|-boost|p1a: Calyrex|atk|1\n|move|p2a: Calyrex|Glacial Lance|p1b: Lilligant|[spread] p1a,p1b\n|-resisted|p1a: Calyrex\n|-supereffective|p1b: Lilligant\n|-damage|p1a: Calyrex|13\/100\n|-damage|p1b: Lilligant|0 fnt\n|faint|p1b: Lilligant\n|-ability|p2a: Calyrex|Chilling Neigh|boost\n|-boost|p2a: Calyrex|atk|1\n|\n|upkeep\n|\n|t:|1738336752\n|switch|p2b: Farigiraf|Farigiraf, L50, M, shiny|100\/100\n|switch|p1b: Torkoal|Torkoal, L50, F, shiny|100\/100\n|-weather|SunnyDay|[from] ability: Drought|[of] p1b: Torkoal\n|turn|5\n|-message|Yung Trav forfeited.\n|\n|win|kd-vgc711\n|raw|kd-vgc711's rating: 1624 &rarr; <strong>1642<\/strong><br \/>(+18 for winning)\n|raw|Yung Trav's rating: 1583 &rarr; <strong>1565<\/strong><br \/>(-18 for losing)\n|l|\u203dYung Trav\n|player|p2|\n|j|\u203dYung Trav\n|player|p2|Yung Trav|102|\n|l|\u203dYung Trav\n|player|p2|\n|l|\u2606kd-vgc711\n|player|p1|\n","uploadtime":1738336985,"views":13,"formatid":"gen9vgc2025regg","rating":1565,"private":0,"password":null}