{"id":"gen9vgc2025regg-2291060565","format":"[Gen 9] VGC 2025 Reg G","players":["RICHARDHAVOC","unoriginal tea"],"log":"|j|\u2606RICHARDHAVOC\n|j|\u2606unoriginal tea\n|t:|1738230803\n|gametype|doubles\n|player|p1|RICHARDHAVOC|brycen|1555\n|player|p2|unoriginal tea|102|1511\n|teamsize|p1|6\n|teamsize|p2|6\n|gen|9\n|tier|[Gen 9] VGC 2025 Reg G\n|rated|\n|rule|Species Clause: Limit one of each Pok\u00e9mon\n|rule|Item Clause: Limit 1 of each item\n|clearpoke\n|poke|p1|Zamazenta-*, L50|\n|poke|p1|Amoonguss, L50, F|\n|poke|p1|Chien-Pao, L50|\n|poke|p1|Entei, L50|\n|poke|p1|Latios, L50, M|\n|poke|p1|Landorus, L50, M|\n|poke|p2|Calyrex-Shadow, L50|\n|poke|p2|Incineroar, L50, M|\n|poke|p2|Ogerpon-Hearthflame, L50, F|\n|poke|p2|Rillaboom, L50, M|\n|poke|p2|Raging Bolt, L50|\n|poke|p2|Urshifu-*, L50, M|\n|teampreview|4\nunoriginal tea rejected open team sheets.\n|\n|t:|1738230841\n|start\n|switch|p1a: Entei|Entei, L50, shiny|100\/100\n|switch|p1b: Chien-Pao|Chien-Pao, L50|100\/100\n|switch|p2a: Urshifu|Urshifu-Rapid-Strike, L50, M|100\/100\n|switch|p2b: Incineroar|Incineroar, L50, M|100\/100\n|-ability|p1b: Chien-Pao|Sword of Ruin\n|-ability|p2b: Incineroar|Intimidate|boost\n|-fail|p1a: Entei|unboost|Attack|[from] ability: Inner Focus|[of] p1a: Entei\n|-unboost|p1b: Chien-Pao|atk|1\n|turn|1\n|\n|t:|1738230880\n|-terastallize|p1a: Entei|Normal\n|move|p2a: Urshifu|Detect|p2a: Urshifu\n|-singleturn|p2a: Urshifu|Protect\n|move|p1a: Entei|Extreme Speed|p2a: Urshifu\n|-activate|p2a: Urshifu|move: Protect\n|move|p1b: Chien-Pao|Crunch|p2a: Urshifu\n|-activate|p2a: Urshifu|move: Protect\n|move|p2b: Incineroar|Parting Shot|p1a: Entei\n|-unboost|p1a: Entei|atk|1\n|-unboost|p1a: Entei|spa|1\n|\n|t:|1738230890\n|switch|p2b: Ogerpon|Ogerpon-Hearthflame, L50, F|100\/100|[from] Parting Shot\n|-ability|p2b: Ogerpon|Mold Breaker\n|\n|upkeep\n|turn|2\n|\n|t:|1738230900\n|move|p2b: Ogerpon|Follow Me|p2b: Ogerpon\n|-singleturn|p2b: Ogerpon|move: Follow Me\n|move|p1a: Entei|Extreme Speed|p2b: Ogerpon\n|-damage|p2b: Ogerpon|56\/100\n|move|p1b: Chien-Pao|Crunch|p2b: Ogerpon\n|-damage|p2b: Ogerpon|13\/100\n|move|p2a: Urshifu|Surging Strikes|p1b: Chien-Pao\n|-crit|p1b: Chien-Pao\n|-damage|p1b: Chien-Pao|71\/100\n|-crit|p1b: Chien-Pao\n|-damage|p1b: Chien-Pao|39\/100\n|-crit|p1b: Chien-Pao\n|-damage|p1b: Chien-Pao|5\/100\n|-hitcount|p1b: Chien-Pao|3\n|\n|upkeep\n|turn|3\n|\n|t:|1738230927\n|move|p2b: Ogerpon|Spiky Shield|p2b: Ogerpon\n|-singleturn|p2b: Ogerpon|move: Protect\n|move|p1a: Entei|Extreme Speed|p2a: Urshifu\n|-damage|p2a: Urshifu|68\/100\n|move|p1b: Chien-Pao|Ice Shard|p2b: Ogerpon\n|-activate|p2b: Ogerpon|move: Protect\n|move|p2a: Urshifu|Aqua Jet|p1b: Chien-Pao\n|-damage|p1b: Chien-Pao|0 fnt\n|faint|p1b: Chien-Pao\n|\n|upkeep\n|\n|t:|1738230934\n|switch|p1b: Landorus|Landorus, L50, M, shiny|100\/100\n|turn|4\n|\n|t:|1738230962\n|switch|p1a: Zamazenta|Zamazenta-Crowned, L50|100\/100\n|-ability|p1a: Zamazenta|Dauntless Shield|boost\n|-boost|p1a: Zamazenta|def|1\n|-terastallize|p2a: Urshifu|Stellar\n|move|p2b: Ogerpon|Follow Me|p2b: Ogerpon\n|-singleturn|p2b: Ogerpon|move: Follow Me\n|move|p2a: Urshifu|Aqua Jet|p1b: Landorus\n|-supereffective|p1b: Landorus\n|-damage|p1b: Landorus|25\/100\n|move|p1b: Landorus|Sandsear Storm|p2b: Ogerpon|[spread] p2b\n|-miss|p1b: Landorus|p2a: Urshifu\n|-damage|p2b: Ogerpon|0 fnt\n|faint|p2b: Ogerpon\n|\n|upkeep\n|\n|t:|1738230977\n|switch|p2b: Calyrex|Calyrex-Shadow, L50|100\/100\n|-ability|p2b: Calyrex|As One\n|-ability|p2b: Calyrex|Unnerve\n|turn|5\n|\n|t:|1738230986\n|move|p2a: Urshifu|Aqua Jet|p1b: Landorus\n|-supereffective|p1b: Landorus\n|-damage|p1b: Landorus|0 fnt\n|faint|p1b: Landorus\n|move|p2b: Calyrex|Astral Barrage|p1a: Zamazenta\n|-damage|p1a: Zamazenta|39\/100\n|move|p1a: Zamazenta|Body Press|p2a: Urshifu\n|-damage|p2a: Urshifu|0 fnt\n|faint|p2a: Urshifu\n|\n|upkeep\n|\n|t:|1738230995\n|switch|p1b: Entei|Entei, L50, shiny, tera:Normal|100\/100\n|switch|p2a: Incineroar|Incineroar, L50, M|100\/100\n|-ability|p2a: Incineroar|Intimidate|boost\n|-unboost|p1a: Zamazenta|atk|1\n|-fail|p1b: Entei|unboost|Attack|[from] ability: Inner Focus|[of] p1b: Entei\n|turn|6\n|\n|t:|1738231008\n|move|p2b: Calyrex|Protect|p2b: Calyrex\n|-singleturn|p2b: Calyrex|Protect\n|move|p1a: Zamazenta|Protect|p1a: Zamazenta\n|-singleturn|p1a: Zamazenta|Protect\n|move|p1b: Entei|Crunch|p2b: Calyrex\n|-activate|p2b: Calyrex|move: Protect\n|move|p2a: Incineroar|Knock Off|p1b: Entei\n|-damage|p1b: Entei|58\/100\n|-enditem|p1b: Entei|Assault Vest|[from] move: Knock Off|[of] p2a: Incineroar\n|\n|upkeep\n|turn|7\n|\n|t:|1738231029\n|move|p2b: Calyrex|Psychic|p1a: Zamazenta\n|-damage|p1a: Zamazenta|0 fnt\n|faint|p1a: Zamazenta\n|-ability|p2b: Calyrex|Grim Neigh|boost\n|-boost|p2b: Calyrex|spa|1\n|move|p1b: Entei|Crunch|p2b: Calyrex\n|-supereffective|p2b: Calyrex\n|-crit|p2b: Calyrex\n|-damage|p2b: Calyrex|0 fnt\n|faint|p2b: Calyrex\n|move|p2a: Incineroar|Flare Blitz|p1b: Entei\n|-damage|p1b: Entei|12\/100\n|-damage|p2a: Incineroar|86\/100|[from] Recoil\n|\n|upkeep\n|turn|8\n|\n|t:|1738231037\n|move|p1b: Entei|Stone Edge|p2a: Incineroar\n|-supereffective|p2a: Incineroar\n|-damage|p2a: Incineroar|41\/100\n|move|p2a: Incineroar|Parting Shot|p1b: Entei\n|-unboost|p1b: Entei|atk|1\n|-unboost|p1b: Entei|spa|1\n|\n|upkeep\n|turn|9\n|\n|t:|1738231045\n|move|p1b: Entei|Stone Edge|p2a: Incineroar|[miss]\n|-miss|p1b: Entei|p2a: Incineroar\n|move|p2a: Incineroar|Flare Blitz|p1b: Entei\n|-damage|p1b: Entei|0 fnt\n|faint|p1b: Entei\n|-damage|p2a: Incineroar|37\/100|[from] Recoil\n|\n|win|unoriginal tea\n|raw|RICHARDHAVOC's rating: 1555 &rarr; <strong>1532<\/strong><br \/>(-23 for losing)\n|raw|unoriginal tea's rating: 1511 &rarr; <strong>1534<\/strong><br \/>(+23 for winning)\n|l|\u2606RICHARDHAVOC\n|player|p1|\n|l|\u2606unoriginal tea\n|player|p2|\n","uploadtime":1738231206,"views":8,"formatid":"gen9vgc2025regg","rating":1532,"private":0,"password":null}