{"id":"gen9vgc2025regg-2291913602","format":"[Gen 9] VGC 2025 Reg G","players":["techinsan3","juanessamal"],"log":"|j|\u2606techinsan3\n|j|\u2606juanessamal\n|t:|1738343931\n|gametype|doubles\n|player|p1|techinsan3|alder|1647\n|player|p2|juanessamal|266|1652\n|teamsize|p1|6\n|teamsize|p2|6\n|gen|9\n|tier|[Gen 9] VGC 2025 Reg G\n|rated|\n|rule|Species Clause: Limit one of each Pok\u00e9mon\n|rule|Item Clause: Limit 1 of each item\n|clearpoke\n|poke|p1|Calyrex-Shadow, L50|\n|poke|p1|Ting-Lu, L50|\n|poke|p1|Dondozo, L50, F|\n|poke|p1|Urshifu-*, L50, M|\n|poke|p1|Ogerpon-Hearthflame, L50, F|\n|poke|p1|Whimsicott, L50, M|\n|poke|p2|Sableye, L50, M|\n|poke|p2|Iron Valiant, L50|\n|poke|p2|Smeargle, L50, F|\n|poke|p2|Groudon, L50|\n|poke|p2|Tornadus, L50, M|\n|poke|p2|Chi-Yu, L50|\n|teampreview|4\ntechinsan3 rejected open team sheets.\n|\n|t:|1738343968\n|start\n|switch|p1a: Ogerpon|Ogerpon-Hearthflame, L50, F|100\/100\n|switch|p1b: Ting-Lu|Ting-Lu, L50|100\/100\n|switch|p2a: Chi-Yu|Chi-Yu, L50|100\/100\n|switch|p2b: Tornadus|Tornadus, L50, M|100\/100\n|-ability|p2a: Chi-Yu|Beads of Ruin\n|-ability|p1a: Ogerpon|Mold Breaker\n|-ability|p1b: Ting-Lu|Vessel of Ruin\n|turn|1\n|\n|t:|1738344016\n|-terastallize|p2a: Chi-Yu|Ground\n|-terastallize|p1a: Ogerpon|Fire\n|detailschange|p1a: Ogerpon|Ogerpon-Hearthflame-Tera, L50, F, tera:Fire\n|-ability|p1a: Ogerpon|Embody Aspect (Hearthflame)|boost\n|-boost|p1a: Ogerpon|atk|1\n|move|p2a: Chi-Yu|Overheat|p1a: Ogerpon\n|-resisted|p1a: Ogerpon\n|-damage|p1a: Ogerpon|60\/100\n|-unboost|p2a: Chi-Yu|spa|2\n|move|p2b: Tornadus|Bleakwind Storm|p1a: Ogerpon|[spread] p1a\n|-miss|p2b: Tornadus|p1b: Ting-Lu\n|-damage|p1a: Ogerpon|18\/100\n|move|p1a: Ogerpon|Ivy Cudgel|p2b: Tornadus|[anim] Ivy Cudgel Fire\n|-crit|p2b: Tornadus\n|-damage|p2b: Tornadus|0 fnt\n|faint|p2b: Tornadus\n|move|p1b: Ting-Lu|Stealth Rock|p2a: Chi-Yu\n|-sidestart|p2: juanessamal|move: Stealth Rock\n|\n|upkeep\n|j| Millamojake\n|\n|t:|1738344042\n|switch|p2b: Smeargle|Smeargle, L50, F|100\/100\n|-damage|p2b: Smeargle|88\/100|[from] Stealth Rock\n|turn|2\n|\n|t:|1738344069\n|switch|p2a: Groudon|Groudon, L50, shiny|100\/100\n|-damage|p2a: Groudon|94\/100|[from] Stealth Rock\n|-weather|SunnyDay|[from] ability: Drought|[of] p2a: Groudon\n|switch|p1b: Whimsicott|Whimsicott, L50, M|100\/100\n|move|p1a: Ogerpon|Spiky Shield|p1a: Ogerpon\n|-singleturn|p1a: Ogerpon|move: Protect\n|move|p2b: Smeargle|Tailwind|p2b: Smeargle\n|-sidestart|p2: juanessamal|move: Tailwind\n|\n|-weather|SunnyDay|[upkeep]\n|-ability|p2b: Smeargle|Moody|boost\n|-boost|p2b: Smeargle|spd|2\n|-unboost|p2b: Smeargle|spa|1\n|upkeep\n|turn|3\n|\n|t:|1738344093\n|move|p2b: Smeargle|Follow Me|p2b: Smeargle\n|-singleturn|p2b: Smeargle|move: Follow Me\n|move|p1b: Whimsicott|Encore|p2b: Smeargle\n|-start|p2b: Smeargle|Encore\n|move|p2a: Groudon|Precipice Blades|p1b: Whimsicott|[spread] p1a,p1b\n|-supereffective|p1a: Ogerpon\n|-crit|p1a: Ogerpon\n|-resisted|p1b: Whimsicott\n|-damage|p1a: Ogerpon|0 fnt\n|-damage|p1b: Whimsicott|53\/100\n|faint|p1a: Ogerpon\n|-damage|p2a: Groudon|85\/100|[from] item: Life Orb\n|\n|-weather|SunnyDay|[upkeep]\n|-ability|p2b: Smeargle|Moody|boost\n|-boost|p2b: Smeargle|def|2\n|-unboost|p2b: Smeargle|spd|1\n|upkeep\n|\n|t:|1738344104\n|switch|p1a: Calyrex|Calyrex-Shadow, L50|100\/100\n|-ability|p1a: Calyrex|As One\n|-ability|p1a: Calyrex|Unnerve\n|turn|4\n|\n|t:|1738344122\n|switch|p2b: Chi-Yu|Chi-Yu, L50, tera:Ground|100\/100\n|-damage|p2b: Chi-Yu|94\/100|[from] Stealth Rock\n|-ability|p2b: Chi-Yu|Beads of Ruin\n|move|p2a: Groudon|Protect|p2a: Groudon\n|-singleturn|p2a: Groudon|Protect\n|move|p1b: Whimsicott|Tailwind|p1b: Whimsicott\n|-sidestart|p1: techinsan3|move: Tailwind\n|move|p1a: Calyrex|Astral Barrage|p2a: Groudon|[spread] p2b\n|-activate|p2a: Groudon|move: Protect\n|-damage|p2b: Chi-Yu|17\/100\n|-damage|p1a: Calyrex|91\/100|[from] item: Life Orb\n|\n|-weather|SunnyDay|[upkeep]\n|upkeep\n|turn|5\n|\n|t:|1738344149\n|switch|p2a: Smeargle|Smeargle, L50, F|88\/100\n|-damage|p2a: Smeargle|76\/100|[from] Stealth Rock\n|move|p1a: Calyrex|Protect|p1a: Calyrex\n|-singleturn|p1a: Calyrex|Protect\n|move|p1b: Whimsicott|Encore||[still]\n|-fail|p1b: Whimsicott\n|move|p2b: Chi-Yu|Heat Wave|p1a: Calyrex|[spread] p1b\n|-activate|p1a: Calyrex|move: Protect\n|-supereffective|p1b: Whimsicott\n|-damage|p1b: Whimsicott|0 fnt\n|faint|p1b: Whimsicott\n|\n|-weather|SunnyDay|[upkeep]\n|-sideend|p2: juanessamal|move: Tailwind\n|-ability|p2a: Smeargle|Moody|boost\n|-boost|p2a: Smeargle|spa|2\n|-unboost|p2a: Smeargle|spd|1\n|upkeep\n|\n|t:|1738344152\n|switch|p1b: Ting-Lu|Ting-Lu, L50|100\/100\n|-ability|p1b: Ting-Lu|Vessel of Ruin\n|turn|6\n|\n|t:|1738344206\n|switch|p2b: Groudon|Groudon, L50, shiny|85\/100\n|-damage|p2b: Groudon|79\/100|[from] Stealth Rock\n|move|p1a: Calyrex|Psychic|p2a: Smeargle\n|-damage|p2a: Smeargle|0 fnt\n|faint|p2a: Smeargle\n|-ability|p1a: Calyrex|Grim Neigh|boost\n|-boost|p1a: Calyrex|spa|1\n|-damage|p1a: Calyrex|81\/100|[from] item: Life Orb\n|move|p1b: Ting-Lu|Sand Tomb|p2b: Groudon\n|-damage|p2b: Groudon|70\/100\n|-activate|p2b: Groudon|move: Sand Tomb|[of] p1b: Ting-Lu\n|\n|-weather|none\n|-damage|p2b: Groudon|58\/100|[from] move: Sand Tomb|[partiallytrapped]\n|upkeep\n|\n|t:|1738344219\n|switch|p2a: Chi-Yu|Chi-Yu, L50, tera:Ground|17\/100\n|-damage|p2a: Chi-Yu|10\/100|[from] Stealth Rock\n|-ability|p2a: Chi-Yu|Beads of Ruin\n|turn|7\n|\n|t:|1738344227\n|move|p1a: Calyrex|Astral Barrage|p2a: Chi-Yu|[spread] p2a,p2b\n|-crit|p2b: Groudon\n|-damage|p2a: Chi-Yu|0 fnt\n|-damage|p2b: Groudon|0 fnt\n|faint|p2a: Chi-Yu\n|faint|p2b: Groudon\n|-damage|p1a: Calyrex|71\/100|[from] item: Life Orb\n|\n|win|techinsan3\n|raw|techinsan3's rating: 1647 &rarr; <strong>1667<\/strong><br \/>(+20 for winning)\n|raw|juanessamal's rating: 1652 &rarr; <strong>1632<\/strong><br \/>(-20 for losing)\n|l|\u2606juanessamal\n|player|p2|\n|l| Millamojake\n|l|\u2606techinsan3\n|player|p1|\n","uploadtime":1738344490,"views":5,"formatid":"gen9vgc2025regg","rating":1632,"private":0,"password":null}