{"id":"gen9vgc2025regg-2291549846","format":"[Gen 9] VGC 2025 Reg G","players":["GeorgeBraun","infinitygroudon"],"log":"|j|\u2606GeorgeBraun\n|j|\u2606infinitygroudon\n|t:|1738289688\n|gametype|doubles\n|player|p1|GeorgeBraun|gentleman-gen4|1574\n|player|p2|infinitygroudon|2|1580\n|teamsize|p1|6\n|teamsize|p2|6\n|gen|9\n|tier|[Gen 9] VGC 2025 Reg G\n|rated|\n|rule|Species Clause: Limit one of each Pok\u00e9mon\n|rule|Item Clause: Limit 1 of each item\n|clearpoke\n|poke|p1|Chien-Pao, L50|\n|poke|p1|Entei, L50|\n|poke|p1|Kyogre, L50|\n|poke|p1|Ogerpon-Cornerstone, L50, F|\n|poke|p1|Murkrow, L50, F|\n|poke|p1|Hitmontop, L50, M|\n|poke|p2|Calyrex-Shadow, L50|\n|poke|p2|Incineroar, L50, M|\n|poke|p2|Weezing-Galar, L50, M|\n|poke|p2|Indeedee-F, L50, F|\n|poke|p2|Iron Valiant, L50|\n|poke|p2|Ursaluna-Bloodmoon, L50, M|\n|teampreview|4\n|inactive|Battle timer is ON: inactive players will automatically lose when time's up. (requested by GeorgeBraun)\n|\n|t:|1738289709\n|start\n|switch|p1a: Entei|Entei, L50|100\/100\n|switch|p1b: Chien-Pao|Chien-Pao, L50|100\/100\n|switch|p2a: Mr. Gassy|Weezing-Galar, L50, M|100\/100\n|switch|p2b: Charming|Iron Valiant, L50, shiny|100\/100\n|-ability|p2a: Mr. Gassy|Neutralizing Gas\n|turn|1\n|\n|t:|1738289725\n|-terastallize|p1a: Entei|Normal\n|move|p2b: Charming|Protect|p2b: Charming\n|-singleturn|p2b: Charming|Protect\n|move|p1a: Entei|Extreme Speed|p2b: Charming\n|-activate|p2b: Charming|move: Protect\n|move|p1b: Chien-Pao|Ice Shard|p2b: Charming\n|-activate|p2b: Charming|move: Protect\n|move|p2a: Mr. Gassy|Sludge Bomb|p1b: Chien-Pao\n|-damage|p1b: Chien-Pao|58\/100\n|\n|upkeep\n|turn|2\n|\n|t:|1738289733\n|-end|p2a: Mr. Gassy|ability: Neutralizing Gas\n|-ability|p1b: Chien-Pao|Sword of Ruin\n|switch|p2a: Suthen|Indeedee-F, L50, F|100\/100\n|-enditem|p2b: Charming|Booster Energy\n|-activate|p2b: Charming|ability: Quark Drive|[fromitem]\n|-start|p2b: Charming|quarkdrivespe\n|-fieldstart|move: Psychic Terrain|[from] ability: Psychic Surge|[of] p2a: Suthen\n|move|p1a: Entei|Extreme Speed|p2b: Charming\n|-activate|p2b: Charming|move: Psychic Terrain\n|move|p2b: Charming|Close Combat|p1a: Entei\n|-supereffective|p1a: Entei\n|-damage|p1a: Entei|0 fnt\n|-unboost|p2b: Charming|def|1\n|-unboost|p2b: Charming|spd|1\n|faint|p1a: Entei\n|move|p1b: Chien-Pao|Ice Spinner|p2b: Charming\n|-damage|p2b: Charming|0 fnt\n|-fieldend|move: Psychic Terrain\n|faint|p2b: Charming\n|-end|p2b: Charming|Quark Drive|[silent]\n|\n|upkeep\n|\n|t:|1738289751\n|switch|p2b: Duncan|Calyrex-Shadow, L50|100\/100\n|switch|p1a: Murkrow|Murkrow, L50, F|100\/100\n|-ability|p2b: Duncan|As One\n|-ability|p2b: Duncan|Unnerve\n|turn|3\n|\n|t:|1738289760\n|-terastallize|p2a: Suthen|Fairy\n|move|p2b: Duncan|Protect|p2b: Duncan\n|-singleturn|p2b: Duncan|Protect\n|move|p1a: Murkrow|Thunder Wave|p2b: Duncan\n|-activate|p2b: Duncan|move: Protect\n|move|p1b: Chien-Pao|Crunch|p2a: Suthen\n|-resisted|p2a: Suthen\n|-damage|p2a: Suthen|69\/100\n|-damage|p1b: Chien-Pao|42\/100|[from] item: Rocky Helmet|[of] p2a: Suthen\n|move|p2a: Suthen|Trick Room|p2a: Suthen\n|-fieldstart|move: Trick Room|[of] p2a: Suthen\n|\n|upkeep\n|turn|4\n|\n|t:|1738289774\n|switch|p2b: Mr. Gassy|Weezing-Galar, L50, M|100\/100\n|-ability|p2b: Mr. Gassy|Neutralizing Gas\n|move|p2a: Suthen|Dazzling Gleam|p1a: Murkrow|[spread] p1a,p1b\n|-supereffective|p1a: Murkrow\n|-supereffective|p1b: Chien-Pao\n|-damage|p1a: Murkrow|60\/100\n|-damage|p1b: Chien-Pao|0 fnt\n|faint|p1b: Chien-Pao\n|move|p1a: Murkrow|Air Slash|p2b: Mr. Gassy\n|-damage|p2b: Mr. Gassy|75\/100\n|\n|upkeep\n|\n|t:|1738289780\n|switch|p1b: Kyogre|Kyogre, L50|100\/100\n|turn|5\n|\n|t:|1738289786\n|move|p1a: Murkrow|Protect|p1a: Murkrow\n|-singleturn|p1a: Murkrow|Protect\n|move|p2b: Mr. Gassy|Sludge Bomb|p1b: Kyogre\n|-damage|p1b: Kyogre|78\/100\n|-status|p1b: Kyogre|psn\n|move|p2a: Suthen|Dazzling Gleam|p1b: Kyogre|[spread] p1b\n|-activate|p1a: Murkrow|move: Protect\n|-damage|p1b: Kyogre|62\/100 psn\n|move|p1b: Kyogre|Water Spout|p2b: Mr. Gassy|[spread] p2a,p2b\n|-damage|p2a: Suthen|27\/100\n|-damage|p2b: Mr. Gassy|16\/100\n|-enditem|p2b: Mr. Gassy|Sitrus Berry|[eat]\n|-heal|p2b: Mr. Gassy|41\/100|[from] item: Sitrus Berry\n|\n|-damage|p1b: Kyogre|50\/100 psn|[from] psn\n|upkeep\n|turn|6\n|\n|t:|1738289805\n|move|p2b: Mr. Gassy|Sludge Bomb|p1b: Kyogre\n|-damage|p1b: Kyogre|27\/100 psn\n|move|p2a: Suthen|Dazzling Gleam|p1a: Murkrow|[spread] p1a,p1b\n|-supereffective|p1a: Murkrow\n|-damage|p1a: Murkrow|23\/100\n|-damage|p1b: Kyogre|13\/100 psn\n|move|p1a: Murkrow|Air Slash|p2a: Suthen\n|-damage|p2a: Suthen|8\/100\n|move|p1b: Kyogre|Origin Pulse|p2a: Suthen|[spread] p2a,p2b\n|-damage|p2a: Suthen|0 fnt\n|-damage|p2b: Mr. Gassy|0 fnt\n|faint|p2a: Suthen\n|faint|p2b: Mr. Gassy\n|-end|p2b: Mr. Gassy|ability: Neutralizing Gas\n|-weather|RainDance|[from] ability: Drizzle|[of] p1b: Kyogre\n|\n|-weather|RainDance|[upkeep]\n|-damage|p1b: Kyogre|0 fnt|[from] psn\n|faint|p1b: Kyogre\n|upkeep\n|\n|t:|1738289811\n|switch|p2b: Duncan|Calyrex-Shadow, L50|100\/100\n|-ability|p2b: Duncan|As One\n|-ability|p2b: Duncan|Unnerve\n|turn|7\n|\n|t:|1738289816\n|move|p2b: Duncan|Protect|p2b: Duncan\n|-singleturn|p2b: Duncan|Protect\n|move|p1a: Murkrow|Thunder Wave|p2b: Duncan\n|-activate|p2b: Duncan|move: Protect\n|\n|-weather|RainDance|[upkeep]\n|-fieldend|move: Trick Room\n|upkeep\n|turn|8\n|\n|t:|1738289818\n|move|p1a: Murkrow|Thunder Wave|p2b: Duncan\n|-status|p2b: Duncan|par\n|cant|p2b: Duncan|par\n|\n|-weather|RainDance|[upkeep]\n|upkeep\n|turn|9\n|\n|t:|1738289822\n|move|p1a: Murkrow|Air Slash|p2b: Duncan\n|-damage|p2b: Duncan|75\/100 par\n|move|p2b: Duncan|Astral Barrage|p1a: Murkrow\n|-resisted|p1a: Murkrow\n|-damage|p1a: Murkrow|0 fnt\n|faint|p1a: Murkrow\n|-damage|p2b: Duncan|65\/100 par|[from] item: Life Orb\n|\n|win|infinitygroudon\n|raw|GeorgeBraun's rating: 1574 &rarr; <strong>1554<\/strong><br \/>(-20 for losing)\n|raw|infinitygroudon's rating: 1580 &rarr; <strong>1600<\/strong><br \/>(+20 for winning)\n|l|\u2606GeorgeBraun\n|player|p1|\n|l|\u2606infinitygroudon\n|player|p2|\n","uploadtime":1738290046,"views":9,"formatid":"gen9vgc2025regg","rating":1554,"private":0,"password":null}