{"id":"gen9vgc2025regg-2291385648","format":"[Gen 9] VGC 2025 Reg G","players":["gyaradostyranitar","lichuvgc"],"log":"|j|\u2606gyaradostyranitar\n|j|\u2606lichuvgc\n|t:|1738269026\n|gametype|doubles\n|player|p1|gyaradostyranitar|adaman|1522\n|player|p2|lichuvgc|1|1584\n|teamsize|p1|6\n|teamsize|p2|6\n|gen|9\n|tier|[Gen 9] VGC 2025 Reg G\n|rated|\n|rule|Species Clause: Limit one of each Pok\u00e9mon\n|rule|Item Clause: Limit 1 of each item\n|clearpoke\n|poke|p1|Koraidon, L50|\n|poke|p1|Flutter Mane, L50|\n|poke|p1|Raging Bolt, L50|\n|poke|p1|Chi-Yu, L50|\n|poke|p1|Ditto, L50|\n|poke|p1|Tornadus, L50, M|\n|poke|p2|Calyrex-Ice, L50|\n|poke|p2|Urshifu-*, L50, M|\n|poke|p2|Smeargle, L50, M|\n|poke|p2|Farigiraf, L50, M|\n|poke|p2|Ursaluna-Bloodmoon, L50, M|\n|poke|p2|Torkoal, L50, F|\n|teampreview|4\n|inactive|Battle timer is ON: inactive players will automatically lose when time's up. (requested by gyaradostyranitar)\n|j| Luigi05\n|\n|t:|1738269056\n|start\n|switch|p1a: Chi-Yu|Chi-Yu, L50|100\/100\n|switch|p1b: Koraidon|Koraidon, L50|100\/100\n|switch|p2a: Smeargle|Smeargle, L50, M|100\/100\n|switch|p2b: Farigiraf|Farigiraf, L50, M|100\/100\n|-weather|SunnyDay|[from] ability: Orichalcum Pulse|[of] p1b: Koraidon\n|-activate|p1b: Koraidon|Orichalcum Pulse|[source]\n|-ability|p1a: Chi-Yu|Beads of Ruin\n|turn|1\n|inactive|gyaradostyranitar has 30 seconds left.\n|inactive|gyaradostyranitar has 20 seconds left.\n|inactive|gyaradostyranitar has 15 seconds left.\n|inactive|lichuvgc has 30 seconds left.\n|\n|t:|1738269108\n|switch|p1b: Raging Bolt|Raging Bolt, L50|100\/100\n|-activate|p1b: Raging Bolt|ability: Protosynthesis\n|-start|p1b: Raging Bolt|protosynthesisspa\n|-terastallize|p2b: Farigiraf|Fire\n|move|p2a: Smeargle|Fake Out|p1b: Raging Bolt\n|-damage|p1b: Raging Bolt|96\/100\n|move|p1a: Chi-Yu|Snarl|p2a: Smeargle|[spread] p2a,p2b\n|-crit|p2b: Farigiraf\n|-damage|p2a: Smeargle|23\/100\n|-damage|p2b: Farigiraf|52\/100\n|-unboost|p2a: Smeargle|spa|1\n|-enditem|p2a: Smeargle|Eject Pack\n|-unboost|p2b: Farigiraf|spa|1\n|\n|t:|1738269122\n|switch|p2a: Calyrex|Calyrex-Ice, L50|100\/100\n|-ability|p2a: Calyrex|As One\n|-ability|p2a: Calyrex|Unnerve\n|move|p2b: Farigiraf|Trick Room|p2b: Farigiraf\n|-fieldstart|move: Trick Room|[of] p2b: Farigiraf\n|\n|-weather|SunnyDay|[upkeep]\n|upkeep\n|turn|2\n|\n|t:|1738269146\n|-terastallize|p1b: Raging Bolt|Fairy\n|move|p2b: Farigiraf|Ally Switch|p2b: Farigiraf\n|swap|p2b: Farigiraf|0|[from] move: Ally Switch\n|move|p2b: Calyrex|Glacial Lance|p1a: Chi-Yu|[spread] p1a,p1b\n|-resisted|p1a: Chi-Yu\n|-crit|p1a: Chi-Yu\n|-damage|p1a: Chi-Yu|39\/100\n|-damage|p1b: Raging Bolt|55\/100\n|move|p1b: Raging Bolt|Thunderbolt|p2a: Farigiraf\n|-damage|p2a: Farigiraf|0 fnt\n|faint|p2a: Farigiraf\n|-damage|p1b: Raging Bolt|45\/100|[from] item: Life Orb\n|move|p1a: Chi-Yu|Snarl|p2b: Calyrex\n|-supereffective|p2b: Calyrex\n|-damage|p2b: Calyrex|27\/100\n|-unboost|p2b: Calyrex|spa|1\n|\n|-weather|SunnyDay|[upkeep]\n|upkeep\n|\n|t:|1738269167\n|switch|p2a: Smeargle|Smeargle, L50, M|23\/100\n|turn|3\n|\n|t:|1738269190\n|move|p2a: Smeargle|Fake Out|p1b: Raging Bolt\n|-damage|p1b: Raging Bolt|41\/100\n|cant|p1b: Raging Bolt|flinch\n|move|p2b: Calyrex|Glacial Lance|p1b: Raging Bolt|[spread] p1a,p1b\n|-resisted|p1a: Chi-Yu\n|-damage|p1a: Chi-Yu|1\/100\n|-damage|p1b: Raging Bolt|0 fnt\n|faint|p1b: Raging Bolt\n|-end|p1b: Raging Bolt|Protosynthesis|[silent]\n|-ability|p2b: Calyrex|Chilling Neigh|boost\n|-boost|p2b: Calyrex|atk|1\n|move|p1a: Chi-Yu|Snarl|p2b: Calyrex|[spread] p2a,p2b\n|-supereffective|p2b: Calyrex\n|-damage|p2a: Smeargle|0 fnt\n|-damage|p2b: Calyrex|0 fnt\n|faint|p2a: Smeargle\n|faint|p2b: Calyrex\n|\n|-weather|SunnyDay|[upkeep]\n|upkeep\n|\n|t:|1738269205\n|switch|p2b: Ursaluna|Ursaluna-Bloodmoon, L50, M|100\/100\n|switch|p1b: Ditto|Ditto, L50|100\/100\n|turn|4\n|\n|t:|1738269215\n|switch|p1b: Koraidon|Koraidon, L50|100\/100\n|-activate|p1b: Koraidon|ability: Orichalcum Pulse\n|move|p2b: Ursaluna|Hyper Voice|p1a: Chi-Yu|[spread] p1a,p1b\n|-damage|p1a: Chi-Yu|0 fnt\n|-damage|p1b: Koraidon|38\/100\n|faint|p1a: Chi-Yu\n|-damage|p2b: Ursaluna|91\/100|[from] item: Life Orb\n|\n|-weather|SunnyDay|[upkeep]\n|upkeep\n|\n|t:|1738269221\n|switch|p1a: Ditto|Ditto, L50|100\/100\n|-transform|p1a: Ditto|p2b: Ursaluna|[from] ability: Imposter\n|turn|5\n|\n|t:|1738269233\n|move|p1b: Koraidon|Protect|p1b: Koraidon\n|-singleturn|p1b: Koraidon|Protect\n|move|p1a: Ditto|Vacuum Wave|p2b: Ursaluna\n|-supereffective|p2b: Ursaluna\n|-damage|p2b: Ursaluna|56\/100\n|move|p2b: Ursaluna|Hyper Voice|p1a: Ditto|[spread] p1a\n|-activate|p1b: Koraidon|move: Protect\n|-damage|p1a: Ditto|24\/100\n|-damage|p2b: Ursaluna|47\/100|[from] item: Life Orb\n|\n|-weather|none\n|-fieldend|move: Trick Room\n|upkeep\n|turn|6\n|c|\u2606gyaradostyranitar|gg\n|\n|t:|1738269247\n|move|p2b: Ursaluna|Vacuum Wave|p1b: Koraidon\n|-damage|p1b: Koraidon|20\/100\n|-damage|p2b: Ursaluna|37\/100|[from] item: Life Orb\n|move|p1a: Ditto|Vacuum Wave|p2b: Ursaluna\n|-supereffective|p2b: Ursaluna\n|-damage|p2b: Ursaluna|3\/100\n|move|p1b: Koraidon|Collision Course|p2b: Ursaluna\n|-supereffective|p2b: Ursaluna\n|-damage|p2b: Ursaluna|0 fnt\n|faint|p2b: Ursaluna\n|\n|win|gyaradostyranitar\n|raw|gyaradostyranitar's rating: 1522 &rarr; <strong>1546<\/strong><br \/>(+24 for winning)\n|raw|lichuvgc's rating: 1584 &rarr; <strong>1560<\/strong><br \/>(-24 for losing)\n|l|\u2606lichuvgc\n|player|p2|\n|l|\u2606gyaradostyranitar\n|player|p1|\n","uploadtime":1738269447,"views":6,"formatid":"gen9vgc2025regg","rating":1546,"private":0,"password":null}