{"id":"gen9vgc2025regg-2291075465","format":"[Gen 9] VGC 2025 Reg G","players":["unoriginal tea","koji muranishi"],"log":"|j|\u2606unoriginal tea\n|j|\u2606koji muranishi\n|t:|1738233516\n|gametype|doubles\n|player|p1|unoriginal tea|102|1571\n|player|p2|koji muranishi|169|1699\n|teamsize|p1|6\n|teamsize|p2|6\n|gen|9\n|tier|[Gen 9] VGC 2025 Reg G\n|rated|\n|rule|Species Clause: Limit one of each Pok\u00e9mon\n|rule|Item Clause: Limit 1 of each item\n|clearpoke\n|poke|p1|Calyrex-Shadow, L50|\n|poke|p1|Incineroar, L50, M|\n|poke|p1|Ogerpon-Hearthflame, L50, F|\n|poke|p1|Rillaboom, L50, M|\n|poke|p1|Raging Bolt, L50|\n|poke|p1|Urshifu-*, L50, F|\n|poke|p2|Calyrex-Ice, L50|\n|poke|p2|Flutter Mane, L50|\n|poke|p2|Urshifu-*, L50, M|\n|poke|p2|Raging Bolt, L50|\n|poke|p2|Chien-Pao, L50|\n|poke|p2|Dragonite, L50, F|\n|teampreview|4\nunoriginal tea rejected open team sheets.\n|inactive|Battle timer is ON: inactive players will automatically lose when time's up. (requested by unoriginal tea)\n|inactive|koji muranishi also wants the timer to be on.\n|inactive|unoriginal tea has 60 seconds left.\n|inactive|unoriginal tea has 30 seconds left.\n|\n|t:|1738233582\n|start\n|switch|p1a: Incineroar|Incineroar, L50, M|100\/100\n|switch|p1b: Ogerpon|Ogerpon-Hearthflame, L50, F|100\/100\n|switch|p2a: Urshifu|Urshifu-Rapid-Strike, L50, M|100\/100\n|switch|p2b: Dragonite|Dragonite, L50, F|100\/100\n|-ability|p1b: Ogerpon|Mold Breaker\n|-ability|p1a: Incineroar|Intimidate|boost\n|-unboost|p2a: Urshifu|atk|1\n|-fail|p2b: Dragonite|unboost|Attack|[from] ability: Inner Focus|[of] p2b: Dragonite\n|turn|1\n|inactive|unoriginal tea has 30 seconds left.\n|inactive|unoriginal tea has 20 seconds left.\n|inactive|unoriginal tea has 15 seconds left.\n|\n|t:|1738233626\n|move|p1a: Incineroar|Fake Out|p2a: Urshifu\n|-damage|p2a: Urshifu|90\/100\n|cant|p2a: Urshifu|flinch\n|move|p1b: Ogerpon|Grassy Glide|p2a: Urshifu\n|-supereffective|p2a: Urshifu\n|-damage|p2a: Urshifu|25\/100\n|move|p2b: Dragonite|Rock Slide|p1a: Incineroar|[spread] p1a,p1b\n|-supereffective|p1a: Incineroar\n|-supereffective|p1b: Ogerpon\n|-damage|p1a: Incineroar|59\/100\n|-damage|p1b: Ogerpon|6\/100\n|\n|upkeep\n|turn|2\n|inactive|unoriginal tea has 30 seconds left.\n|\n|t:|1738233656\n|move|p1b: Ogerpon|Follow Me|p1b: Ogerpon\n|-singleturn|p1b: Ogerpon|move: Follow Me\n|move|p2a: Urshifu|Rock Slide|p1a: Incineroar|[spread] p1a,p1b\n|-supereffective|p1a: Incineroar\n|-supereffective|p1b: Ogerpon\n|-damage|p1a: Incineroar|38\/100\n|-damage|p1b: Ogerpon|0 fnt\n|faint|p1b: Ogerpon\n|move|p2b: Dragonite|Rock Slide|p1a: Incineroar\n|-supereffective|p1a: Incineroar\n|-damage|p1a: Incineroar|0 fnt\n|faint|p1a: Incineroar\n|\n|upkeep\n|\n|t:|1738233669\n|switch|p1b: Urshifu|Urshifu-Rapid-Strike, L50, F|100\/100\n|switch|p1a: Calyrex|Calyrex-Shadow, L50|100\/100\n|-ability|p1a: Calyrex|As One\n|-ability|p1a: Calyrex|Unnerve\n|turn|3\n|\n|t:|1738233692\n|move|p2a: Urshifu|Rock Slide|p1b: Urshifu|[spread] p1a,p1b\n|-resisted|p1b: Urshifu\n|-damage|p1a: Calyrex|85\/100\n|-damage|p1b: Urshifu|94\/100\n|move|p1a: Calyrex|Astral Barrage|p2a: Urshifu|[spread] p2a,p2b\n|-damage|p2a: Urshifu|0 fnt\n|-damage|p2b: Dragonite|46\/100\n|faint|p2a: Urshifu\n|-ability|p1a: Calyrex|Grim Neigh|boost\n|-boost|p1a: Calyrex|spa|1\n|move|p1b: Urshifu|Close Combat|p2b: Dragonite\n|-resisted|p2b: Dragonite\n|-damage|p2b: Dragonite|13\/100\n|-unboost|p1b: Urshifu|def|1\n|-unboost|p1b: Urshifu|spd|1\n|move|p2b: Dragonite|Rock Slide|p1b: Urshifu|[spread] p1a,p1b\n|-resisted|p1b: Urshifu\n|-damage|p1a: Calyrex|47\/100\n|-damage|p1b: Urshifu|69\/100\n|\n|upkeep\n|inactive|koji muranishi has 30 seconds left.\n|inactive|koji muranishi has 20 seconds left.\n|\n|t:|1738233730\n|switch|p2a: Chien-Pao|Chien-Pao, L50|100\/100\n|-ability|p2a: Chien-Pao|Sword of Ruin\n|turn|4\n|j| Kal0stest\n|\n|t:|1738233738\n|switch|p2b: Calyrex|Calyrex-Ice, L50|100\/100\n|-ability|p2b: Calyrex|As One\n|-ability|p2b: Calyrex|Unnerve\n|-terastallize|p1a: Calyrex|Normal\n|move|p1a: Calyrex|Astral Barrage|p2b: Calyrex|[spread] p2a,p2b\n|-resisted|p2a: Chien-Pao\n|-supereffective|p2b: Calyrex\n|-damage|p2a: Chien-Pao|32\/100\n|-damage|p2b: Calyrex|19\/100\n|move|p2a: Chien-Pao|Sacred Sword|p1b: Urshifu\n|-damage|p1b: Urshifu|14\/100\n|-damage|p2a: Chien-Pao|22\/100|[from] item: Life Orb\n|move|p1b: Urshifu|Surging Strikes|p2a: Chien-Pao\n|-crit|p2a: Chien-Pao\n|-damage|p2a: Chien-Pao|0 fnt\n|faint|p2a: Chien-Pao\n|-hitcount|p2: Chien-Pao|1\n|\n|upkeep\n|\n|t:|1738233759\n|switch|p2a: Dragonite|Dragonite, L50, F|13\/100\n|turn|5\n|\n|t:|1738233770\n|-terastallize|p2a: Dragonite|Normal\n|move|p2a: Dragonite|Extreme Speed|p1b: Urshifu\n|-damage|p1b: Urshifu|0 fnt\n|faint|p1b: Urshifu\n|move|p1a: Calyrex|Astral Barrage|p2a: Dragonite|[spread] p2b\n|-immune|p2a: Dragonite\n|-supereffective|p2b: Calyrex\n|-damage|p2b: Calyrex|0 fnt\n|faint|p2b: Calyrex\n|-ability|p1a: Calyrex|Grim Neigh|boost\n|-boost|p1a: Calyrex|spa|1\n|\n|upkeep\n|turn|6\n|\n|t:|1738233785\n|move|p1a: Calyrex|Protect|p1a: Calyrex\n|-singleturn|p1a: Calyrex|Protect\n|move|p2a: Dragonite|Extreme Speed|p1a: Calyrex\n|-activate|p1a: Calyrex|move: Protect\n|\n|upkeep\n|turn|7\n|\n|t:|1738233792\n|move|p2a: Dragonite|Extreme Speed|p1a: Calyrex\n|-crit|p1a: Calyrex\n|-damage|p1a: Calyrex|0 fnt\n|faint|p1a: Calyrex\n|\n|win|koji muranishi\n|raw|unoriginal tea's rating: 1571 &rarr; <strong>1558<\/strong><br \/>(-13 for losing)\n|raw|koji muranishi's rating: 1699 &rarr; <strong>1712<\/strong><br \/>(+13 for winning)\n|l|\u2606unoriginal tea\n|player|p1|\n|l| Kal0stest\n|l|\u2606koji muranishi\n|player|p2|\n","uploadtime":1738233975,"views":10,"formatid":"gen9vgc2025regg","rating":1558,"private":0,"password":null}