{"id":"gen9vgc2025regg-2291722044","format":"[Gen 9] VGC 2025 Reg G","players":["regidracofan712","ren122333"],"log":"|badge|p2|bronze|gen9monotype|100-4\n|uhtml|medal-msg|<div class=\"broadcast-blue\">Curious what those medals under the avatar are? PS now has Ladder Seasons! For more information, check out the <a href=\"https:\/\/www.smogon.com\/forums\/threads\/3740067\/\">thread on Smogon.<\/a><\/div>\n|j|\u2606regidracofan712\n|j|\u2606ren122333\n|t:|1738319717\n|gametype|doubles\n|player|p1|regidracofan712|kimonogirl|1546\n|player|p2|ren122333|hilbert|1557\n|teamsize|p1|6\n|teamsize|p2|6\n|gen|9\n|tier|[Gen 9] VGC 2025 Reg G\n|rated|\n|rule|Species Clause: Limit one of each Pok\u00e9mon\n|rule|Item Clause: Limit 1 of each item\n|clearpoke\n|poke|p1|Farigiraf, L50, F|\n|poke|p1|Rillaboom, L50, F|\n|poke|p1|Incineroar, L50, F|\n|poke|p1|Zamazenta-*, L50|\n|poke|p1|Chien-Pao, L50|\n|poke|p1|Raging Bolt, L50|\n|poke|p2|Whimsicott, L50, M|\n|poke|p2|Kyurem-White, L50|\n|poke|p2|Ninetales-Alola, L50, F|\n|poke|p2|Farigiraf, L50, M|\n|poke|p2|Primarina, L50, F|\n|poke|p2|Chi-Yu, L50|\n|teampreview|4\n|inactive|Battle timer is ON: inactive players will automatically lose when time's up. (requested by ren122333)\nregidracofan712 has agreed to open team sheets.\nren122333 has agreed to open team sheets.\n|showteam|p1|Farigiraf||ThroatSpray|ArmorTail|HyperVoice,Protect,TrickRoom,TwinBeam|||F|||50|,,,,,Water]Rillaboom||AssaultVest|GrassySurge|WoodHammer,Uturn,GrassyGlide,FakeOut|||F|||50|,,,,,Fire]Incineroar||SafetyGoggles|Intimidate|KnockOff,FakeOut,PartingShot,WillOWisp|||F|||50|,,,,,Ghost]Zamazenta-Crowned||RustedShield|DauntlessShield|BodyPress,HeavySlam,Protect,WideGuard||||||50|,,,,,Dragon]Chien-Pao||FocusSash|SwordofRuin|IcicleCrash,Protect,SuckerPunch,ThroatChop||||||50|,,,,,Ghost]Raging Bolt||BoosterEnergy|Protosynthesis|Thunderbolt,Thunderclap,Protect,DragonPulse||||||50|,,,,,Fairy\n|showteam|p2|Whimsicott||FocusSash|Prankster|Tailwind,Moonblast,CottonSpore,Encore|||M|||50|,,,,,Ghost]Kyurem-White||AssaultVest|Turboblaze|FreezeDry,Blizzard,EarthPower,FusionFlare||||||50|,,,,,Fire]Ninetales-Alola||LightClay|SnowWarning|AuroraVeil,Blizzard,FakeTears,Snowscape|||F|||50|,,,,,Ghost]Farigiraf||MentalHerb|ArmorTail|HyperVoice,TrickRoom,Imprison,Psychic|||M|||50|,,,,,Water]Primarina||ChoiceSpecs|LiquidVoice|Haze,HyperVoice,Moonblast,TeraBlast|||F|||50|,,,,,Ghost]Chi-Yu||CovertCloak|BeadsofRuin|HeatWave,Protect,SunnyDay,WillOWisp||||||50|,,,,,Water\n|\n|t:|1738319754\n|start\n|switch|p1a: Zamazenta|Zamazenta-Crowned, L50|100\/100\n|switch|p1b: Farigiraf|Farigiraf, L50, F|100\/100\n|switch|p2a: Whimsicott|Whimsicott, L50, M|100\/100\n|switch|p2b: Chi-Yu|Chi-Yu, L50|100\/100\n|-ability|p1a: Zamazenta|Dauntless Shield|boost\n|-boost|p1a: Zamazenta|def|1\n|-ability|p2b: Chi-Yu|Beads of Ruin\n|turn|1\n|c|\u2606ren122333|You really need four priority mons?\n|inactive|ren122333 has 30 seconds left.\n|\n|t:|1738319784\n|-terastallize|p1a: Zamazenta|Dragon\n|move|p1a: Zamazenta|Wide Guard|p1a: Zamazenta\n|-singleturn|p1a: Zamazenta|Wide Guard\n|move|p2a: Whimsicott|Moonblast|p1b: Farigiraf\n|-damage|p1b: Farigiraf|70\/100\n|-unboost|p1b: Farigiraf|spa|1\n|move|p2b: Chi-Yu|Will-O-Wisp|p1a: Zamazenta\n|-status|p1a: Zamazenta|brn\n|move|p1b: Farigiraf|Trick Room|p1b: Farigiraf\n|-fieldstart|move: Trick Room|[of] p1b: Farigiraf\n|\n|-damage|p1a: Zamazenta|94\/100 brn|[from] brn\n|upkeep\n|turn|2\n|inactive|ren122333 has 30 seconds left.\n|\n|t:|1738319817\n|switch|p1b: Lay Ciege|Raging Bolt, L50|100\/100\n|-enditem|p1b: Lay Ciege|Booster Energy\n|-activate|p1b: Lay Ciege|ability: Protosynthesis|[fromitem]\n|-start|p1b: Lay Ciege|protosynthesisspa\n|move|p2b: Chi-Yu|Heat Wave|p1b: Lay Ciege|[spread] p1a,p1b\n|-resisted|p1a: Zamazenta\n|-resisted|p1b: Lay Ciege\n|-damage|p1a: Zamazenta|73\/100 brn\n|-damage|p1b: Lay Ciege|78\/100\n|move|p1a: Zamazenta|Body Press|p2b: Chi-Yu\n|-supereffective|p2b: Chi-Yu\n|-damage|p2b: Chi-Yu|0 fnt\n|faint|p2b: Chi-Yu\n|move|p2a: Whimsicott|Moonblast|p1a: Zamazenta\n|-supereffective|p1a: Zamazenta\n|-damage|p1a: Zamazenta|31\/100 brn\n|-unboost|p1a: Zamazenta|spa|1\n|\n|-damage|p1a: Zamazenta|25\/100 brn|[from] brn\n|upkeep\n|\n|t:|1738319832\n|switch|p2b: Kyurem|Kyurem-White, L50|100\/100\n|-ability|p2b: Kyurem|Turboblaze\n|turn|3\n|\n|t:|1738319854\n|-terastallize|p2b: Kyurem|Fire\n|move|p1b: Lay Ciege|Protect|p1b: Lay Ciege\n|-singleturn|p1b: Lay Ciege|Protect\n|move|p2b: Kyurem|Earth Power|p1b: Lay Ciege\n|-activate|p1b: Lay Ciege|move: Protect\n|move|p1a: Zamazenta|Body Press|p2b: Kyurem\n|-damage|p2b: Kyurem|69\/100\n|move|p2a: Whimsicott|Moonblast|p1b: Lay Ciege\n|-activate|p1b: Lay Ciege|move: Protect\n|\n|-damage|p1a: Zamazenta|19\/100 brn|[from] brn\n|upkeep\n|turn|4\n|inactive|regidracofan712 has 30 seconds left.\n|\n|t:|1738319885\n|move|p2a: Whimsicott|Encore|p1b: Lay Ciege\n|-start|p1b: Lay Ciege|Encore\n|move|p1b: Lay Ciege|Protect||[still]\n|-fail|p1b: Lay Ciege\n|move|p2b: Kyurem|Freeze-Dry|p1a: Zamazenta\n|-supereffective|p1a: Zamazenta\n|-damage|p1a: Zamazenta|0 fnt\n|faint|p1a: Zamazenta\n|\n|upkeep\n|\n|t:|1738319890\n|switch|p1a: Farigiraf|Farigiraf, L50, F|70\/100\n|turn|5\n|\n|t:|1738319895\n|-end|p1b: Lay Ciege|Protosynthesis|[silent]\n|switch|p1b: Incineroar|Incineroar, L50, F, shiny|100\/100\n|-ability|p1b: Incineroar|Intimidate|boost\n|-unboost|p2a: Whimsicott|atk|1\n|-unboost|p2b: Kyurem|atk|1\n|switch|p2a: Ninetales|Ninetales-Alola, L50, F|100\/100\n|-weather|Snow|[from] ability: Snow Warning|[of] p2a: Ninetales\n|move|p1a: Farigiraf|Hyper Voice|p2a: Ninetales|[spread] p2a,p2b\n|-damage|p2a: Ninetales|58\/100\n|-damage|p2b: Kyurem|52\/100\n|-enditem|p1a: Farigiraf|Throat Spray\n|-boost|p1a: Farigiraf|spa|1|[from] item: Throat Spray\n|move|p2b: Kyurem|Blizzard|p1b: Incineroar|[spread] p1a,p1b\n|-resisted|p1b: Incineroar\n|-damage|p1a: Farigiraf|18\/100\n|-damage|p1b: Incineroar|78\/100\n|-status|p1a: Farigiraf|frz\n|\n|-weather|Snow|[upkeep]\n|-fieldend|move: Trick Room\n|upkeep\n|turn|6\n|\n|t:|1738319908\n|move|p1b: Incineroar|Fake Out|p2b: Kyurem\n|-damage|p2b: Kyurem|44\/100\n|move|p2a: Ninetales|Aurora Veil|p2a: Ninetales\n|-sidestart|p2: ren122333|move: Aurora Veil\n|cant|p2b: Kyurem|flinch\n|cant|p1a: Farigiraf|frz\n|\n|-weather|Snow|[upkeep]\n|upkeep\n|turn|7\n|\n|t:|1738319919\n|cant|p1a: Farigiraf|frz\n|move|p2a: Ninetales|Blizzard|p1b: Incineroar|[spread] p1a,p1b\n|-resisted|p1b: Incineroar\n|-damage|p1a: Farigiraf|0 fnt\n|-damage|p1b: Incineroar|64\/100\n|faint|p1a: Farigiraf\n|move|p2b: Kyurem|Earth Power|p1b: Incineroar\n|-supereffective|p1b: Incineroar\n|-damage|p1b: Incineroar|2\/100\n|move|p1b: Incineroar|Parting Shot|p2b: Kyurem\n|-unboost|p2b: Kyurem|atk|1\n|-unboost|p2b: Kyurem|spa|1\n|\n|t:|1738319921\n|switch|p1b: Lay Ciege|Raging Bolt, L50|78\/100|[from] Parting Shot\n|\n|-weather|Snow|[upkeep]\n|upkeep\n|\n|t:|1738319923\n|switch|p1a: Incineroar|Incineroar, L50, F, shiny|2\/100\n|-ability|p1a: Incineroar|Intimidate|boost\n|-unboost|p2a: Ninetales|atk|1\n|-unboost|p2b: Kyurem|atk|1\n|turn|8\n|\n|t:|1738319935\n|switch|p2b: Whimsicott|Whimsicott, L50, M|100\/100\n|move|p1a: Incineroar|Fake Out|p2a: Ninetales\n|-damage|p2a: Ninetales|52\/100\n|cant|p2a: Ninetales|flinch\n|move|p1b: Lay Ciege|Thunderbolt|p2b: Whimsicott\n|-resisted|p2b: Whimsicott\n|-damage|p2b: Whimsicott|76\/100\n|\n|-weather|Snow|[upkeep]\n|upkeep\n|turn|9\n|\n|t:|1738319947\n|move|p1b: Lay Ciege|Thunderclap|p2a: Ninetales\n|-crit|p2a: Ninetales\n|-damage|p2a: Ninetales|0 fnt\n|faint|p2a: Ninetales\n|move|p2b: Whimsicott|Moonblast|p1b: Lay Ciege\n|-supereffective|p1b: Lay Ciege\n|-damage|p1b: Lay Ciege|29\/100\n|move|p1a: Incineroar|Knock Off|p2b: Whimsicott\n|-resisted|p2b: Whimsicott\n|-damage|p2b: Whimsicott|60\/100\n|-enditem|p2b: Whimsicott|Focus Sash|[from] move: Knock Off|[of] p1a: Incineroar\n|\n|-weather|none\n|upkeep\n|\n|t:|1738319950\n|switch|p2a: Kyurem|Kyurem-White, L50, tera:Fire|44\/100\n|-ability|p2a: Kyurem|Turboblaze\n|turn|10\n|\n|t:|1738319960\n|move|p1b: Lay Ciege|Thunderclap|p2a: Kyurem\n|-damage|p2a: Kyurem|30\/100\n|move|p2b: Whimsicott|Moonblast|p1a: Incineroar\n|-crit|p1a: Incineroar\n|-damage|p1a: Incineroar|0 fnt\n|faint|p1a: Incineroar\n|move|p2a: Kyurem|Earth Power|p1b: Lay Ciege\n|-supereffective|p1b: Lay Ciege\n|-damage|p1b: Lay Ciege|0 fnt\n|faint|p1b: Lay Ciege\n|-end|p1b: Lay Ciege|Protosynthesis|[silent]\n|\n|win|ren122333\n|raw|regidracofan712's rating: 1546 &rarr; <strong>1527<\/strong><br \/>(-19 for losing)\n|raw|ren122333's rating: 1557 &rarr; <strong>1576<\/strong><br \/>(+19 for winning)\n|l|\u2606regidracofan712\n|player|p1|\n|l|\u2606ren122333\n|player|p2|\n","uploadtime":1738320104,"views":9,"formatid":"gen9vgc2025regg","rating":1527,"private":0,"password":null}