{"id":"gen9vgc2025regg-2291543910","format":"[Gen 9] VGC 2025 Reg G","players":["ponz3557","GeorgeBraun"],"log":"|j|\u2606ponz3557\n|j|\u2606GeorgeBraun\n|t:|1738288872\n|gametype|doubles\n|player|p1|ponz3557|170|1562\n|player|p2|GeorgeBraun|gentleman-gen4|1571\n|teamsize|p1|6\n|teamsize|p2|6\n|gen|9\n|tier|[Gen 9] VGC 2025 Reg G\n|rated|\n|rule|Species Clause: Limit one of each Pok\u00e9mon\n|rule|Item Clause: Limit 1 of each item\n|clearpoke\n|poke|p1|Calyrex-Shadow, L50|\n|poke|p1|Rillaboom, L50, M|\n|poke|p1|Raging Bolt, L50|\n|poke|p1|Clefairy, L50, M|\n|poke|p1|Incineroar, L50, F|\n|poke|p1|Urshifu-*, L50, M|\n|poke|p2|Chien-Pao, L50|\n|poke|p2|Entei, L50|\n|poke|p2|Kyogre, L50|\n|poke|p2|Ogerpon-Cornerstone, L50, F|\n|poke|p2|Murkrow, L50, M|\n|poke|p2|Hitmontop, L50, M|\n|teampreview|4\n|inactive|Battle timer is ON: inactive players will automatically lose when time's up. (requested by GeorgeBraun)\n|inactive|GeorgeBraun has 60 seconds left.\n|\n|t:|1738288912\n|start\n|switch|p1a: Raging Bolt|Raging Bolt, L50|100\/100\n|switch|p1b: Urshifu|Urshifu-Rapid-Strike, L50, M|100\/100\n|switch|p2a: Murkrow|Murkrow, L50, M|100\/100\n|switch|p2b: Entei|Entei, L50|100\/100\n|turn|1\n|\n|t:|1738288932\n|move|p2a: Murkrow|Thunder Wave|p1b: Urshifu\n|-status|p1b: Urshifu|par\n|move|p2b: Entei|Stomping Tantrum|p1a: Raging Bolt\n|-supereffective|p1a: Raging Bolt\n|-damage|p1a: Raging Bolt|19\/100\n|move|p1a: Raging Bolt|Thunderbolt|p2a: Murkrow\n|-supereffective|p2a: Murkrow\n|-enditem|p2a: Murkrow|Focus Sash\n|-damage|p2a: Murkrow|1\/100\n|-damage|p1a: Raging Bolt|9\/100|[from] item: Life Orb\n|cant|p1b: Urshifu|par\n|\n|upkeep\n|turn|2\n|inactive|ponz3557 has 30 seconds left.\n|inactive|ponz3557 has 20 seconds left.\n|\n|t:|1738288971\n|move|p1a: Raging Bolt|Protect|p1a: Raging Bolt\n|-singleturn|p1a: Raging Bolt|Protect\n|move|p2a: Murkrow|Tailwind|p2a: Murkrow\n|-sidestart|p2: GeorgeBraun|move: Tailwind\n|move|p2b: Entei|Stomping Tantrum|p1a: Raging Bolt\n|-activate|p1a: Raging Bolt|move: Protect\n|move|p1b: Urshifu|Surging Strikes|p2b: Entei\n|-supereffective|p2b: Entei\n|-crit|p2b: Entei\n|-damage|p2b: Entei|59\/100\n|-supereffective|p2b: Entei\n|-crit|p2b: Entei\n|-damage|p2b: Entei|15\/100\n|-supereffective|p2b: Entei\n|-crit|p2b: Entei\n|-damage|p2b: Entei|0 fnt\n|faint|p2b: Entei\n|-hitcount|p2: Entei|3\n|\n|upkeep\n|\n|t:|1738288976\n|switch|p2b: Kyogre|Kyogre, L50|100\/100\n|-weather|RainDance|[from] ability: Drizzle|[of] p2b: Kyogre\n|turn|3\n|inactive|ponz3557 has 30 seconds left.\n|\n|t:|1738289010\n|-terastallize|p2b: Kyogre|Grass\n|move|p1a: Raging Bolt|Thunderclap|p2b: Kyogre\n|-resisted|p2b: Kyogre\n|-damage|p2b: Kyogre|81\/100\n|-damage|p1a: Raging Bolt|0 fnt|[from] item: Life Orb\n|faint|p1a: Raging Bolt\n|-end|p1a: Raging Bolt|Protosynthesis|[silent]\n|move|p1b: Urshifu|Aqua Jet|p2a: Murkrow\n|-damage|p2a: Murkrow|0 fnt\n|faint|p2a: Murkrow\n|move|p2b: Kyogre|Water Spout|p1b: Urshifu\n|-resisted|p1b: Urshifu\n|-enditem|p1b: Urshifu|Focus Sash\n|-damage|p1b: Urshifu|1\/100 par\n|\n|-weather|RainDance|[upkeep]\n|upkeep\n|\n|t:|1738289034\n|switch|p2a: Chien-Pao|Chien-Pao, L50|100\/100\n|switch|p1a: Calyrex|Calyrex-Shadow, L50|100\/100\n|-ability|p1a: Calyrex|As One\n|-ability|p1a: Calyrex|Unnerve\n|-ability|p2a: Chien-Pao|Sword of Ruin\n|turn|4\n|\n|t:|1738289051\n|move|p1a: Calyrex|Protect|p1a: Calyrex\n|-singleturn|p1a: Calyrex|Protect\n|move|p2a: Chien-Pao|Ice Shard|p1b: Urshifu\n|-resisted|p1b: Urshifu\n|-damage|p1b: Urshifu|0 fnt\n|faint|p1b: Urshifu\n|-damage|p2a: Chien-Pao|91\/100|[from] item: Life Orb\n|move|p2b: Kyogre|Water Spout|p1a: Calyrex\n|-activate|p1a: Calyrex|move: Protect\n|\n|-weather|RainDance|[upkeep]\n|upkeep\n|\n|t:|1738289063\n|switch|p1b: Clefairy|Clefairy, L50, M|100\/100\n|turn|5\n|\n|t:|1738289079\n|-terastallize|p1b: Clefairy|Water\n|move|p1b: Clefairy|Follow Me|p1b: Clefairy\n|-singleturn|p1b: Clefairy|move: Follow Me\n|move|p2a: Chien-Pao|Ice Spinner|p1b: Clefairy\n|-resisted|p1b: Clefairy\n|-damage|p1b: Clefairy|73\/100\n|-damage|p2a: Chien-Pao|81\/100|[from] item: Life Orb\n|move|p2b: Kyogre|Water Spout|p1b: Clefairy|[spread] p1a,p1b\n|-resisted|p1b: Clefairy\n|-damage|p1a: Calyrex|30\/100\n|-damage|p1b: Clefairy|31\/100\n|move|p1a: Calyrex|Nasty Plot|p1a: Calyrex\n|-boost|p1a: Calyrex|spa|2\n|\n|-weather|RainDance|[upkeep]\n|-sideend|p2: GeorgeBraun|move: Tailwind\n|upkeep\n|turn|6\n|inactive|ponz3557 has 30 seconds left.\n|\n|t:|1738289111\n|move|p1b: Clefairy|Follow Me|p1b: Clefairy\n|-singleturn|p1b: Clefairy|move: Follow Me\n|move|p1a: Calyrex|Astral Barrage|p2a: Chien-Pao|[spread] p2a,p2b\n|-resisted|p2a: Chien-Pao\n|-damage|p2a: Chien-Pao|8\/100\n|-damage|p2b: Kyogre|12\/100\n|move|p2a: Chien-Pao|Ice Spinner|p1b: Clefairy\n|-resisted|p1b: Clefairy\n|-damage|p1b: Clefairy|2\/100\n|-damage|p2a: Chien-Pao|0 fnt|[from] item: Life Orb\n|faint|p2a: Chien-Pao\n|move|p2b: Kyogre|Origin Pulse|p1a: Calyrex|[spread] p1a,p1b\n|-resisted|p1b: Clefairy\n|-crit|p1b: Clefairy\n|-damage|p1a: Calyrex|0 fnt\n|-damage|p1b: Clefairy|0 fnt\n|faint|p1a: Calyrex\n|faint|p1b: Clefairy\n|\n|win|GeorgeBraun\n|raw|ponz3557's rating: 1562 &rarr; <strong>1543<\/strong><br \/>(-19 for losing)\n|raw|GeorgeBraun's rating: 1571 &rarr; <strong>1590<\/strong><br \/>(+19 for winning)\n|l|\u2606ponz3557\n|player|p1|\n|l|\u2606GeorgeBraun\n|player|p2|\n","uploadtime":1738289355,"views":13,"formatid":"gen9vgc2025regg","rating":1543,"private":0,"password":null}