{"id":"gen9vgc2025regg-2291292034","format":"[Gen 9] VGC 2025 Reg G","players":["meiose","MigraineMan"],"log":"|j|\u2606meiose\n|j|\u2606MigraineMan\n|t:|1738259693\n|gametype|doubles\n|player|p1|meiose|schoolkid-gen4|1606\n|player|p2|MigraineMan|102|1548\n|teamsize|p1|6\n|teamsize|p2|6\n|gen|9\n|tier|[Gen 9] VGC 2025 Reg G\n|rated|\n|rule|Species Clause: Limit one of each Pok\u00e9mon\n|rule|Item Clause: Limit 1 of each item\n|clearpoke\n|poke|p1|Calyrex-Shadow, L50|\n|poke|p1|Ting-Lu, L50|\n|poke|p1|Araquanid, L50, M|\n|poke|p1|Raging Bolt, L50|\n|poke|p1|Ogerpon-Cornerstone, L50, F|\n|poke|p1|Whimsicott, L50, F|\n|poke|p2|Eternatus, L50|\n|poke|p2|Regieleki, L50|\n|poke|p2|Tinkaton, L50, F|\n|poke|p2|Kingambit, L50, M|\n|poke|p2|Farigiraf, L50, F|\n|poke|p2|Urshifu-*, L50, M|\n|teampreview|4\n|j| surgevgc\n|\n|t:|1738259755\n|start\n|switch|p1a: Ting-Lu|Ting-Lu, L50|100\/100\n|switch|p1b: Calyrex|Calyrex-Shadow, L50|100\/100\n|switch|p2a: Eternatus|Eternatus, L50|100\/100\n|switch|p2b: Urshifu|Urshifu-Rapid-Strike, L50, M|100\/100\n|-ability|p1b: Calyrex|As One\n|-ability|p1b: Calyrex|Unnerve\n|-ability|p2a: Eternatus|Pressure\n|-ability|p1a: Ting-Lu|Vessel of Ruin\n|turn|1\n|j| stewpeed\n|inactive|Battle timer is ON: inactive players will automatically lose when time's up. (requested by meiose)\n|\n|t:|1738259797\n|switch|p1b: Araquanid|Araquanid, L50, M|100\/100\n|-terastallize|p2b: Urshifu|Water\n|-terastallize|p1a: Ting-Lu|Fairy\n|move|p2a: Eternatus|Dynamax Cannon|p1a: Ting-Lu\n|-immune|p1a: Ting-Lu\n|move|p2b: Urshifu|Surging Strikes|p1b: Araquanid\n|-resisted|p1b: Araquanid\n|-crit|p1b: Araquanid\n|-damage|p1b: Araquanid|86\/100\n|-resisted|p1b: Araquanid\n|-crit|p1b: Araquanid\n|-damage|p1b: Araquanid|72\/100\n|-resisted|p1b: Araquanid\n|-crit|p1b: Araquanid\n|-damage|p1b: Araquanid|59\/100\n|-hitcount|p1b: Araquanid|3\n|move|p1a: Ting-Lu|Sand Tomb|p2a: Eternatus\n|-supereffective|p2a: Eternatus\n|-damage|p2a: Eternatus|78\/100\n|-activate|p2a: Eternatus|move: Sand Tomb|[of] p1a: Ting-Lu\n|\n|-heal|p1b: Araquanid|65\/100|[from] item: Leftovers\n|-damage|p2a: Eternatus|66\/100|[from] move: Sand Tomb|[partiallytrapped]\n|upkeep\n|turn|2\n|inactive|meiose has 30 seconds left.\n|\n|t:|1738259822\n|move|p2b: Urshifu|Detect|p2b: Urshifu\n|-singleturn|p2b: Urshifu|Protect\n|move|p2a: Eternatus|Dynamax Cannon|p1b: Araquanid\n|-damage|p1b: Araquanid|13\/100\n|move|p1a: Ting-Lu|Sand Tomb|p2b: Urshifu\n|-activate|p2b: Urshifu|move: Protect\n|move|p1b: Araquanid|Aqua Ring|p1b: Araquanid\n|-start|p1b: Araquanid|Aqua Ring\n|\n|-heal|p1b: Araquanid|19\/100|[from] item: Leftovers\n|-heal|p1b: Araquanid|24\/100|[from] Aqua Ring\n|-damage|p2a: Eternatus|53\/100|[from] move: Sand Tomb|[partiallytrapped]\n|upkeep\n|turn|3\n|\n|t:|1738259838\n|move|p1b: Araquanid|Protect|p1b: Araquanid\n|-singleturn|p1b: Araquanid|Protect\n|move|p2a: Eternatus|Dynamax Cannon|p1b: Araquanid\n|-activate|p1b: Araquanid|move: Protect\n|move|p2b: Urshifu|Surging Strikes|p1a: Ting-Lu\n|-crit|p1a: Ting-Lu\n|-damage|p1a: Ting-Lu|84\/100\n|-damage|p2b: Urshifu|84\/100|[from] item: Rocky Helmet|[of] p1a: Ting-Lu\n|-crit|p1a: Ting-Lu\n|-damage|p1a: Ting-Lu|67\/100\n|-damage|p2b: Urshifu|67\/100|[from] item: Rocky Helmet|[of] p1a: Ting-Lu\n|-crit|p1a: Ting-Lu\n|-damage|p1a: Ting-Lu|49\/100\n|-damage|p2b: Urshifu|50\/100|[from] item: Rocky Helmet|[of] p1a: Ting-Lu\n|-hitcount|p1a: Ting-Lu|3\n|move|p1a: Ting-Lu|Sand Tomb|p2b: Urshifu\n|-damage|p2b: Urshifu|38\/100\n|-activate|p2b: Urshifu|move: Sand Tomb|[of] p1a: Ting-Lu\n|\n|-heal|p1b: Araquanid|30\/100|[from] item: Leftovers\n|-heal|p1b: Araquanid|36\/100|[from] Aqua Ring\n|-damage|p2a: Eternatus|41\/100|[from] move: Sand Tomb|[partiallytrapped]\n|-damage|p2b: Urshifu|26\/100|[from] move: Sand Tomb|[partiallytrapped]\n|upkeep\n|turn|4\n|\n|t:|1738259860\n|move|p2a: Eternatus|Dynamax Cannon|p1b: Araquanid\n|-damage|p1b: Araquanid|0 fnt\n|faint|p1b: Araquanid\n|move|p2b: Urshifu|Surging Strikes|p1a: Ting-Lu\n|-crit|p1a: Ting-Lu\n|-damage|p1a: Ting-Lu|30\/100\n|-damage|p2b: Urshifu|9\/100|[from] item: Rocky Helmet|[of] p1a: Ting-Lu\n|-crit|p1a: Ting-Lu\n|-damage|p1a: Ting-Lu|14\/100\n|-damage|p2b: Urshifu|0 fnt|[from] item: Rocky Helmet|[of] p1a: Ting-Lu\n|faint|p2b: Urshifu\n|-hitcount|p1a: Ting-Lu|2\n|move|p1a: Ting-Lu|Sand Tomb|p2a: Eternatus\n|-supereffective|p2a: Eternatus\n|-damage|p2a: Eternatus|18\/100\n|\n|-damage|p2a: Eternatus|5\/100|[from] move: Sand Tomb|[partiallytrapped]\n|upkeep\n|\n|t:|1738259870\n|switch|p2b: Kingambit|Kingambit, L50, M, shiny|100\/100\n|switch|p1b: Raging Bolt|Raging Bolt, L50|100\/100\n|turn|5\n|inactive|meiose has 30 seconds left.\n|\n|t:|1738259899\n|move|p1a: Ting-Lu|Protect|p1a: Ting-Lu\n|-singleturn|p1a: Ting-Lu|Protect\n|move|p1b: Raging Bolt|Thunderclap|p2a: Eternatus\n|-resisted|p2a: Eternatus\n|-damage|p2a: Eternatus|0 fnt\n|faint|p2a: Eternatus\n|move|p2b: Kingambit|Iron Head|p1a: Ting-Lu\n|-activate|p1a: Ting-Lu|move: Protect\n|\n|upkeep\n|\n|t:|1738259906\n|switch|p2a: Tinkaton|Tinkaton, L50, F|100\/100\n|-ability|p2a: Tinkaton|Mold Breaker\n|turn|6\n|inactive|MigraineMan has 30 seconds left.\n|\n|t:|1738259931\n|move|p2a: Tinkaton|Fake Out|p1b: Raging Bolt\n|-damage|p1b: Raging Bolt|94\/100\n|cant|p1b: Raging Bolt|flinch\n|move|p1a: Ting-Lu|Ruination|p2b: Kingambit\n|-damage|p2b: Kingambit|51\/100\n|move|p2b: Kingambit|Iron Head|p1a: Ting-Lu\n|-supereffective|p1a: Ting-Lu\n|-damage|p1a: Ting-Lu|0 fnt\n|-damage|p2b: Kingambit|34\/100|[from] item: Rocky Helmet|[of] p1a: Ting-Lu\n|faint|p1a: Ting-Lu\n|\n|upkeep\n|j| mentalrofl\n|\n|t:|1738259951\n|switch|p1a: Calyrex|Calyrex-Shadow, L50|100\/100\n|-ability|p1a: Calyrex|As One\n|-ability|p1a: Calyrex|Unnerve\n|turn|7\n|\n|t:|1738259962\n|move|p1a: Calyrex|Protect|p1a: Calyrex\n|-singleturn|p1a: Calyrex|Protect\n|move|p2b: Kingambit|Sucker Punch|p1b: Raging Bolt\n|-damage|p1b: Raging Bolt|62\/100\n|move|p2a: Tinkaton|Gigaton Hammer|p1a: Calyrex\n|-activate|p1a: Calyrex|move: Protect\n|move|p1b: Raging Bolt|Thunderbolt|p2b: Kingambit\n|-damage|p2b: Kingambit|0 fnt\n|faint|p2b: Kingambit\n|\n|upkeep\n|turn|8\n|l|\u2606MigraineMan\n|inactive|MigraineMan disconnected and has a minute to reconnect!\n|player|p2|\n|c| surgevgc|not the dc\n|inactive|MigraineMan has 30 seconds left.\n|c|\u2606meiose|hahahahahaha\n|inactive|MigraineMan has 20 seconds left.\n|inactive|MigraineMan has 15 seconds left.\n|inactive|MigraineMan has 10 seconds left.\n|c| surgevgc|ur ting lu is goated btw\n|inactive|MigraineMan has 5 seconds left.\n|c|\u2606meiose|he is! :D\n|-message|MigraineMan lost due to inactivity.\n|\n|win|meiose\n|raw|meiose's rating: 1606 &rarr; <strong>1623<\/strong><br \/>(+17 for winning)\n|raw|MigraineMan's rating: 1548 &rarr; <strong>1531<\/strong><br \/>(-17 for losing)\n","uploadtime":1738260020,"views":25,"formatid":"gen9vgc2025regg","rating":1531,"private":0,"password":null}