{"id":"gen9vgc2025regg-2291745329","format":"[Gen 9] VGC 2025 Reg G","players":["Futomaki0610","jkimkim1"],"log":"|j|\u2606Futomaki0610\n|j|\u2606jkimkim1\n|t:|1738323846\n|gametype|doubles\n|player|p1|Futomaki0610|dawn|1582\n|player|p2|jkimkim1|2|1649\n|teamsize|p1|6\n|teamsize|p2|6\n|gen|9\n|tier|[Gen 9] VGC 2025 Reg G\n|rated|\n|rule|Species Clause: Limit one of each Pok\u00e9mon\n|rule|Item Clause: Limit 1 of each item\n|clearpoke\n|poke|p1|Calyrex-Shadow, L50|\n|poke|p1|Clefairy, L50, M|\n|poke|p1|Indeedee-F, L50, F|\n|poke|p1|Chi-Yu, L50|\n|poke|p1|Urshifu-*, L50, F|\n|poke|p1|Whimsicott, L50, M|\n|poke|p2|Miraidon, L50|\n|poke|p2|Cresselia, L50, F|\n|poke|p2|Landorus, L50, M|\n|poke|p2|Incineroar, L50, M|\n|poke|p2|Ursaluna, L50, F|\n|poke|p2|Whimsicott, L50, F|\n|teampreview|4\n|inactive|Battle timer is ON: inactive players will automatically lose when time's up. (requested by jkimkim1)\n|\n|t:|1738323868\n|start\n|switch|p1a: Urshifu|Urshifu, L50, F|100\/100\n|switch|p1b: Calyrex|Calyrex-Shadow, L50|100\/100\n|switch|p2a: \uc0ac\uc2b9\ud5cc|Cresselia, L50, F, shiny|100\/100\n|switch|p2b: Kingjames|Incineroar, L50, M|100\/100\n|-ability|p1b: Calyrex|As One\n|-ability|p1b: Calyrex|Unnerve\n|-ability|p2b: Kingjames|Intimidate|boost\n|-unboost|p1a: Urshifu|atk|1\n|-unboost|p1b: Calyrex|atk|1\n|turn|1\n|inactive|jkimkim1 has 30 seconds left.\n|j| Acblade\n|\n|t:|1738323900\n|switch|p1b: Indeedee|Indeedee-F, L50, F|100\/100\n|-fieldstart|move: Psychic Terrain|[from] ability: Psychic Surge|[of] p1b: Indeedee\n|-enditem|p1b: Indeedee|Psychic Seed\n|-boost|p1b: Indeedee|spd|1|[from] item: Psychic Seed\n|move|p2b: Kingjames|Fake Out|p1a: Urshifu\n|-activate|p1a: Urshifu|move: Psychic Terrain\n|move|p1a: Urshifu|Wicked Blow|p2a: \uc0ac\uc2b9\ud5cc\n|-supereffective|p2a: \uc0ac\uc2b9\ud5cc\n|-crit|p2a: \uc0ac\uc2b9\ud5cc\n|-damage|p2a: \uc0ac\uc2b9\ud5cc|0 fnt\n|faint|p2a: \uc0ac\uc2b9\ud5cc\n|\n|upkeep\n|\n|t:|1738323910\n|switch|p2a: Jayson tatum|Miraidon, L50|100\/100\n|-fieldstart|move: Electric Terrain|[from] ability: Hadron Engine|[of] p2a: Jayson tatum\n|turn|2\n|inactive|Futomaki0610 has 30 seconds left.\n|\n|t:|1738323935\n|-terastallize|p2a: Jayson tatum|Fairy\n|move|p1b: Indeedee|Follow Me|p1b: Indeedee\n|-singleturn|p1b: Indeedee|move: Follow Me\n|move|p2a: Jayson tatum|Dazzling Gleam|p1a: Urshifu|[spread] p1a,p1b\n|-supereffective|p1a: Urshifu\n|-crit|p1b: Indeedee\n|-damage|p1a: Urshifu|0 fnt\n|-damage|p1b: Indeedee|7\/100\n|faint|p1a: Urshifu\n|move|p2b: Kingjames|Knock Off|p1b: Indeedee\n|-supereffective|p1b: Indeedee\n|-damage|p1b: Indeedee|0 fnt\n|faint|p1b: Indeedee\n|\n|upkeep\n|\n|t:|1738323943\n|switch|p1a: Chi-Yu|Chi-Yu, L50|100\/100\n|switch|p1b: Calyrex|Calyrex-Shadow, L50|100\/100\n|-ability|p1b: Calyrex|As One\n|-ability|p1b: Calyrex|Unnerve\n|-ability|p1a: Chi-Yu|Beads of Ruin\n|turn|3\n|\n|t:|1738323957\n|-terastallize|p1b: Calyrex|Water\n|move|p1a: Chi-Yu|Heat Wave|p2b: Kingjames|[spread] p2b\n|-miss|p1a: Chi-Yu|p2a: Jayson tatum\n|-resisted|p2b: Kingjames\n|-damage|p2b: Kingjames|76\/100\n|move|p1b: Calyrex|Astral Barrage|p2b: Kingjames|[spread] p2a,p2b\n|-resisted|p2b: Kingjames\n|-damage|p2a: Jayson tatum|0 fnt\n|-damage|p2b: Kingjames|27\/100\n|faint|p2a: Jayson tatum\n|-ability|p1b: Calyrex|Grim Neigh|boost\n|-boost|p1b: Calyrex|spa|1\n|move|p2b: Kingjames|Knock Off|p1a: Chi-Yu\n|-resisted|p1a: Chi-Yu\n|-damage|p1a: Chi-Yu|68\/100\n|-enditem|p1a: Chi-Yu|Choice Scarf|[from] move: Knock Off|[of] p2b: Kingjames\n|\n|upkeep\n|\n|t:|1738323972\n|switch|p2a: Canada bear|Ursaluna, L50, F|100\/100\n|turn|4\n|\n|t:|1738323985\n|move|p1b: Calyrex|Astral Barrage|p2b: Kingjames|[spread] p2b\n|-immune|p2a: Canada bear\n|-resisted|p2b: Kingjames\n|-damage|p2b: Kingjames|0 fnt\n|faint|p2b: Kingjames\n|-ability|p1b: Calyrex|Grim Neigh|boost\n|-boost|p1b: Calyrex|spa|1\n|move|p1a: Chi-Yu|Heat Wave|p2a: Canada bear|[miss]\n|-miss|p1a: Chi-Yu|p2a: Canada bear\n|move|p2a: Canada bear|Earthquake|p1a: Chi-Yu|[spread] p1a,p1b\n|-supereffective|p1a: Chi-Yu\n|-crit|p1a: Chi-Yu\n|-damage|p1a: Chi-Yu|0 fnt\n|-damage|p1b: Calyrex|46\/100\n|faint|p1a: Chi-Yu\n|\n|-status|p2a: Canada bear|brn|[from] item: Flame Orb\n|upkeep\n|turn|5\n|-message|Futomaki0610 forfeited.\n|\n|win|jkimkim1\n|raw|Futomaki0610's rating: 1582 &rarr; <strong>1566<\/strong><br \/>(-16 for losing)\n|raw|jkimkim1's rating: 1649 &rarr; <strong>1665<\/strong><br \/>(+16 for winning)\n|l|\u2606Futomaki0610\n|player|p1|\n|l| Acblade\n","uploadtime":1738324247,"views":8,"formatid":"gen9vgc2025regg","rating":1566,"private":0,"password":null}