{"id":"gen9vgc2025regg-2291971241","format":"[Gen 9] VGC 2025 Reg G","players":["trchlt1","Lacossg"],"log":"|j|\u2606trchlt1\n|j|\u2606Lacossg\n|t:|1738349742\n|gametype|doubles\n|player|p1|trchlt1|169|1602\n|player|p2|Lacossg|169|1696\n|teamsize|p1|6\n|teamsize|p2|6\n|gen|9\n|tier|[Gen 9] VGC 2025 Reg G\n|rated|\n|rule|Species Clause: Limit one of each Pok\u00e9mon\n|rule|Item Clause: Limit 1 of each item\n|clearpoke\n|poke|p1|Chi-Yu, L50|\n|poke|p1|Regidrago, L50|\n|poke|p1|Zacian-*, L50|\n|poke|p1|Tornadus, L50, M|\n|poke|p1|Rillaboom, L50, F|\n|poke|p1|Farigiraf, L50, F|\n|poke|p2|Ditto, L50|\n|poke|p2|Lunala, L50|\n|poke|p2|Indeedee-F, L50, F|\n|poke|p2|Roaring Moon, L50|\n|poke|p2|Urshifu-*, L50, M|\n|poke|p2|Ursaluna, L50, M|\n|teampreview|4\n|\n|t:|1738349773\n|start\n|switch|p1a: Farigiraf|Farigiraf, L50, F|100\/100\n|switch|p1b: Chi-Yu|Chi-Yu, L50|100\/100\n|switch|p2a: Roaring Moon|Roaring Moon, L50|100\/100\n|switch|p2b: Lunala|Lunala, L50|100\/100\n|-ability|p1b: Chi-Yu|Beads of Ruin\n|-enditem|p2a: Roaring Moon|Booster Energy\n|-activate|p2a: Roaring Moon|ability: Protosynthesis|[fromitem]\n|-start|p2a: Roaring Moon|protosynthesisspe\n|turn|1\n|\n|t:|1738349782\n|switch|p1a: Zacian|Zacian-Crowned, L50|100\/100\n|-ability|p1a: Zacian|Intrepid Sword|boost\n|-boost|p1a: Zacian|atk|1\n|move|p2a: Roaring Moon|Tailwind|p2a: Roaring Moon\n|-sidestart|p2: Lacossg|move: Tailwind\n|move|p2b: Lunala|Meteor Beam||[still]\n|-prepare|p2b: Lunala|Meteor Beam\n|-boost|p2b: Lunala|spa|1\n|-enditem|p2b: Lunala|Power Herb\n|-anim|p2b: Lunala|Meteor Beam|p1b: Chi-Yu\n|-supereffective|p1b: Chi-Yu\n|-enditem|p1b: Chi-Yu|Focus Sash\n|-damage|p1b: Chi-Yu|1\/100\n|move|p1b: Chi-Yu|Heat Wave|p2b: Lunala|[spread] p2a,p2b\n|-resisted|p2a: Roaring Moon\n|-damage|p2a: Roaring Moon|77\/100\n|-damage|p2b: Lunala|81\/100\n|\n|upkeep\n|turn|2\n|\n|t:|1738349807\n|switch|p1b: Tornadus|Tornadus, L50, M|100\/100\n|move|p2a: Roaring Moon|Knock Off|p1b: Tornadus\n|-crit|p1b: Tornadus\n|-damage|p1b: Tornadus|31\/100\n|-damage|p2a: Roaring Moon|61\/100|[from] item: Rocky Helmet|[of] p1b: Tornadus\n|-enditem|p1b: Tornadus|Rocky Helmet|[from] move: Knock Off|[of] p2a: Roaring Moon\n|move|p2b: Lunala|Moongeist Beam|p1a: Zacian\n|-damage|p1a: Zacian|23\/100\n|move|p1a: Zacian|Behemoth Blade|p2b: Lunala\n|-damage|p2b: Lunala|16\/100\n|\n|upkeep\n|turn|3\n|l|\u2606trchlt1\n|player|p1|\n|j|\u2606trchlt1\n|player|p1|trchlt1|169|\n|\n|t:|1738349860\n|switch|p2b: Indeedee|Indeedee-F, L50, F|100\/100\n|-fieldstart|move: Psychic Terrain|[from] ability: Psychic Surge|[of] p2b: Indeedee\n|move|p1a: Zacian|Protect|p1a: Zacian\n|-singleturn|p1a: Zacian|Protect\n|move|p1b: Tornadus|Tailwind|p1b: Tornadus\n|-sidestart|p1: trchlt1|move: Tailwind\n|move|p2a: Roaring Moon|Knock Off|p1a: Zacian\n|-activate|p1a: Zacian|move: Protect\n|\n|upkeep\n|turn|4\n|\n|t:|1738349877\n|move|p2a: Roaring Moon|Knock Off|p1b: Tornadus\n|-damage|p1b: Tornadus|0 fnt\n|faint|p1b: Tornadus\n|move|p1a: Zacian|Behemoth Blade|p2b: Indeedee\n|-damage|p2b: Indeedee|15\/100\n|-damage|p1a: Zacian|7\/100|[from] item: Rocky Helmet|[of] p2b: Indeedee\n|move|p2b: Indeedee|Trick Room|p2b: Indeedee\n|-fieldstart|move: Trick Room|[of] p2b: Indeedee\n|\n|-sideend|p2: Lacossg|move: Tailwind\n|upkeep\n|\n|t:|1738349889\n|switch|p1b: Farigiraf|Farigiraf, L50, F|100\/100\n|turn|5\n|\n|t:|1738349907\n|move|p1a: Zacian|Protect|p1a: Zacian\n|-singleturn|p1a: Zacian|Protect\n|move|p2b: Indeedee|Follow Me|p2b: Indeedee\n|-singleturn|p2b: Indeedee|move: Follow Me\n|move|p1b: Farigiraf|Foul Play|p2b: Indeedee\n|-supereffective|p2b: Indeedee\n|-damage|p2b: Indeedee|0 fnt\n|-damage|p1b: Farigiraf|84\/100|[from] item: Rocky Helmet|[of] p2b: Indeedee\n|faint|p2b: Indeedee\n|move|p2a: Roaring Moon|Taunt|p1b: Farigiraf\n|-start|p1b: Farigiraf|move: Taunt\n|\n|upkeep\n|\n|t:|1738349923\n|switch|p2b: Lunala|Lunala, L50|16\/100\n|turn|6\n|\n|t:|1738349933\n|switch|p1a: Chi-Yu|Chi-Yu, L50|1\/100\n|-ability|p1a: Chi-Yu|Beads of Ruin\n|-terastallize|p1b: Farigiraf|Dark\n|move|p2b: Lunala|Moongeist Beam|p1a: Chi-Yu\n|-resisted|p1a: Chi-Yu\n|-damage|p1a: Chi-Yu|0 fnt\n|faint|p1a: Chi-Yu\n|move|p1b: Farigiraf|Foul Play|p2b: Lunala\n|-supereffective|p2b: Lunala\n|-damage|p2b: Lunala|0 fnt\n|faint|p2b: Lunala\n|move|p2a: Roaring Moon|Knock Off|p1b: Farigiraf\n|-resisted|p1b: Farigiraf\n|-damage|p1b: Farigiraf|66\/100\n|-enditem|p1b: Farigiraf|Safety Goggles|[from] move: Knock Off|[of] p2a: Roaring Moon\n|\n|-sideend|p1: trchlt1|move: Tailwind\n|upkeep\n|j| Sh0wmak3r\n|\n|t:|1738349950\n|switch|p2b: Urshifu|Urshifu-Rapid-Strike, L50, M|100\/100\n|switch|p1a: Zacian|Zacian-Crowned, L50|7\/100\n|turn|7\n|\n|t:|1738349960\n|-terastallize|p2b: Urshifu|Water\n|move|p1b: Farigiraf|Psychic Noise|p2b: Urshifu\n|-damage|p2b: Urshifu|50\/100\n|-start|p2b: Urshifu|move: Heal Block\n|move|p2b: Urshifu|Surging Strikes|p1a: Zacian\n|-crit|p1a: Zacian\n|-damage|p1a: Zacian|0 fnt\n|faint|p1a: Zacian\n|-hitcount|p1: Zacian|1\n|-damage|p2b: Urshifu|40\/100|[from] item: Life Orb\n|move|p2a: Roaring Moon|Snarl|p1b: Farigiraf\n|-resisted|p1b: Farigiraf\n|-damage|p1b: Farigiraf|61\/100\n|-unboost|p1b: Farigiraf|spa|1\n|\n|-fieldend|move: Psychic Terrain\n|upkeep\n|turn|8\n|\n|t:|1738349975\n|move|p2b: Urshifu|Detect|p2b: Urshifu\n|-singleturn|p2b: Urshifu|Protect\n|move|p1b: Farigiraf|Psychic Noise|p2b: Urshifu\n|-activate|p2b: Urshifu|move: Protect\n|move|p2a: Roaring Moon|Knock Off|p1b: Farigiraf\n|-resisted|p1b: Farigiraf\n|-damage|p1b: Farigiraf|49\/100\n|\n|-end|p1b: Farigiraf|move: Taunt\n|-end|p2b: Urshifu|move: Heal Block\n|-fieldend|move: Trick Room\n|upkeep\n|turn|9\n|\n|t:|1738349982\n|move|p2a: Roaring Moon|Knock Off|p1b: Farigiraf\n|-resisted|p1b: Farigiraf\n|-damage|p1b: Farigiraf|35\/100\n|move|p2b: Urshifu|Close Combat|p1b: Farigiraf\n|-supereffective|p1b: Farigiraf\n|-damage|p1b: Farigiraf|0 fnt\n|-unboost|p2b: Urshifu|def|1\n|-unboost|p2b: Urshifu|spd|1\n|faint|p1b: Farigiraf\n|-damage|p2b: Urshifu|30\/100|[from] item: Life Orb\n|\n|win|Lacossg\n|raw|trchlt1's rating: 1602 &rarr; <strong>1587<\/strong><br \/>(-15 for losing)\n|raw|Lacossg's rating: 1696 &rarr; <strong>1711<\/strong><br \/>(+15 for winning)\n|l|\u2606trchlt1\n|player|p1|\n","uploadtime":1738349992,"views":5,"formatid":"gen9vgc2025regg","rating":1587,"private":0,"password":null}