{"id":"gen9vgc2025regg-2292481863","format":"[Gen 9] VGC 2025 Reg G","players":["Lacossg","RustyChair13"],"log":"|j|\u2606Lacossg\n|j|\u2606RustyChair13\n|t:|1738429200\n|gametype|doubles\n|player|p1|Lacossg|1|1701\n|player|p2|RustyChair13|scientist-gen4|1637\n|teamsize|p1|6\n|teamsize|p2|6\n|gen|9\n|tier|[Gen 9] VGC 2025 Reg G\n|rated|\n|rule|Species Clause: Limit one of each Pok\u00e9mon\n|rule|Item Clause: Limit 1 of each item\n|clearpoke\n|poke|p1|Ditto, L50|\n|poke|p1|Lunala, L50|\n|poke|p1|Indeedee-F, L50, F|\n|poke|p1|Roaring Moon, L50|\n|poke|p1|Urshifu-*, L50, M|\n|poke|p1|Ursaluna, L50, M|\n|poke|p2|Zamazenta-*, L50|\n|poke|p2|Landorus, L50, M|\n|poke|p2|Rillaboom, L50, M|\n|poke|p2|Chien-Pao, L50|\n|poke|p2|Farigiraf, L50, F|\n|poke|p2|Tornadus, L50, M|\n|teampreview|4\n|\n|t:|1738429221\n|start\n|switch|p1a: Roaring Moon|Roaring Moon, L50|100\/100\n|switch|p1b: Urshifu|Urshifu-Rapid-Strike, L50, M|100\/100\n|switch|p2a: Farigiraf|Farigiraf, L50, F|100\/100\n|switch|p2b: Chien-Pao|Chien-Pao, L50|100\/100\n|-ability|p2b: Chien-Pao|Sword of Ruin\n|-enditem|p1a: Roaring Moon|Booster Energy\n|-activate|p1a: Roaring Moon|ability: Protosynthesis|[fromitem]\n|-start|p1a: Roaring Moon|protosynthesisspe\n|turn|1\n|l|\u2606Lacossg\n|player|p1|\n|inactive|Battle timer is ON: inactive players will automatically lose when time's up. (requested by RustyChair13)\n|j|\u2606Lacossg\n|inactive|Lacossg reconnected and has 90 seconds left.\n|player|p1|Lacossg|1|\n|\n|t:|1738429256\n|switch|p2b: Zamazenta|Zamazenta-Crowned, L50, shiny|100\/100\n|-ability|p2b: Zamazenta|Dauntless Shield|boost\n|-boost|p2b: Zamazenta|def|1\n|-terastallize|p1a: Roaring Moon|Ghost\n|-terastallize|p2a: Farigiraf|Grass\n|move|p1a: Roaring Moon|Tailwind|p1a: Roaring Moon\n|-sidestart|p1: Lacossg|move: Tailwind\n|move|p1b: Urshifu|U-turn|p2b: Zamazenta\n|-resisted|p2b: Zamazenta\n|-damage|p2b: Zamazenta|98\/100\n|-damage|p1b: Urshifu|91\/100|[from] item: Life Orb\n|\n|t:|1738429270\n|switch|p1b: Lunala|Lunala, L50|100\/100|[from] U-turn\n|move|p2a: Farigiraf|Trick Room|p2a: Farigiraf\n|-fieldstart|move: Trick Room|[of] p2a: Farigiraf\n|\n|upkeep\n|turn|2\n|\n|t:|1738429280\n|move|p2a: Farigiraf|Foul Play|p1a: Roaring Moon\n|-supereffective|p1a: Roaring Moon\n|-damage|p1a: Roaring Moon|34\/100\n|move|p2b: Zamazenta|Heavy Slam|p1b: Lunala\n|-damage|p1b: Lunala|82\/100\n|move|p1a: Roaring Moon|Taunt|p2a: Farigiraf\n|-start|p2a: Farigiraf|move: Taunt\n|move|p1b: Lunala|Trick Room|p1b: Lunala\n|-fieldend|move: Trick Room\n|\n|upkeep\n|turn|3\n|\n|t:|1738429293\n|move|p1a: Roaring Moon|Knock Off|p2a: Farigiraf\n|-damage|p2a: Farigiraf|61\/100\n|-enditem|p2a: Farigiraf|Grassy Seed|[from] move: Knock Off|[of] p1a: Roaring Moon\n|move|p1b: Lunala|Meteor Beam||[still]\n|-prepare|p1b: Lunala|Meteor Beam\n|-boost|p1b: Lunala|spa|1\n|-enditem|p1b: Lunala|Power Herb\n|-anim|p1b: Lunala|Meteor Beam|p2a: Farigiraf\n|-damage|p2a: Farigiraf|0 fnt\n|faint|p2a: Farigiraf\n|move|p2b: Zamazenta|Heavy Slam|p1b: Lunala\n|-damage|p1b: Lunala|44\/100\n|\n|upkeep\n|\n|t:|1738429306\n|switch|p2a: Rillaboom|Rillaboom, L50, M, shiny|100\/100\n|-fieldstart|move: Grassy Terrain|[from] ability: Grassy Surge|[of] p2a: Rillaboom\n|turn|4\n|\n|t:|1738429315\n|-end|p1a: Roaring Moon|Protosynthesis|[silent]\n|switch|p1a: Ditto|Ditto, L50|100\/100\n|-transform|p1a: Ditto|p2b: Zamazenta|[from] ability: Imposter\n|-ability|p1a: Ditto|Dauntless Shield|boost\n|-boost|p1a: Ditto|def|1\n|move|p2b: Zamazenta|Protect|p2b: Zamazenta\n|-singleturn|p2b: Zamazenta|Protect\n|move|p2a: Rillaboom|Grassy Glide|p1b: Lunala\n|-crit|p1b: Lunala\n|-damage|p1b: Lunala|0 fnt\n|faint|p1b: Lunala\n|\n|-heal|p2b: Zamazenta|100\/100|[from] Grassy Terrain\n|-sideend|p1: Lacossg|move: Tailwind\n|upkeep\n|\n|t:|1738429323\n|switch|p1b: Roaring Moon|Roaring Moon, L50, tera:Ghost|34\/100\n|turn|5\n|\n|t:|1738429335\n|move|p2a: Rillaboom|Grassy Glide|p1b: Roaring Moon\n|-damage|p1b: Roaring Moon|0 fnt\n|faint|p1b: Roaring Moon\n|-end|p1b: Roaring Moon|Protosynthesis|[silent]\n|move|p1a: Ditto|Body Press|p2b: Zamazenta\n|-supereffective|p2b: Zamazenta\n|-damage|p2b: Zamazenta|27\/100\n|move|p2b: Zamazenta|Body Press|p1a: Ditto\n|-supereffective|p1a: Ditto\n|-damage|p1a: Ditto|54\/100\n|\n|-heal|p2b: Zamazenta|33\/100|[from] Grassy Terrain\n|-heal|p1a: Ditto|60\/100|[from] Grassy Terrain\n|upkeep\n|\n|t:|1738429339\n|switch|p1b: Urshifu|Urshifu-Rapid-Strike, L50, M|91\/100\n|turn|6\n|\n|t:|1738429354\n|switch|p2a: Chien-Pao|Chien-Pao, L50|100\/100\n|-ability|p2a: Chien-Pao|Sword of Ruin\n|move|p1b: Urshifu|Detect|p1b: Urshifu\n|-singleturn|p1b: Urshifu|Protect\n|move|p1a: Ditto|Body Press|p2a: Chien-Pao\n|-supereffective|p2a: Chien-Pao\n|-damage|p2a: Chien-Pao|0 fnt\n|faint|p2a: Chien-Pao\n|move|p2b: Zamazenta|Body Press|p1a: Ditto\n|-supereffective|p1a: Ditto\n|-damage|p1a: Ditto|10\/100\n|\n|-heal|p1a: Ditto|15\/100|[from] Grassy Terrain\n|-heal|p2b: Zamazenta|39\/100|[from] Grassy Terrain\n|-heal|p1b: Urshifu|97\/100|[from] Grassy Terrain\n|upkeep\n|\n|t:|1738429366\n|switch|p2a: Rillaboom|Rillaboom, L50, M, shiny|100\/100\n|turn|7\n|\n|t:|1738429377\n|move|p2b: Zamazenta|Protect|p2b: Zamazenta\n|-singleturn|p2b: Zamazenta|Protect\n|move|p2a: Rillaboom|Grassy Glide|p1b: Urshifu\n|-supereffective|p1b: Urshifu\n|-damage|p1b: Urshifu|0 fnt\n|faint|p1b: Urshifu\n|move|p1a: Ditto|Body Press|p2b: Zamazenta\n|-activate|p2b: Zamazenta|move: Protect\n|\n|-heal|p1a: Ditto|21\/100|[from] Grassy Terrain\n|-heal|p2b: Zamazenta|45\/100|[from] Grassy Terrain\n|upkeep\n|turn|8\n|\n|t:|1738429391\n|move|p1a: Ditto|Protect|p1a: Ditto\n|-singleturn|p1a: Ditto|Protect\n|move|p2b: Zamazenta|Protect|p2b: Zamazenta\n|-singleturn|p2b: Zamazenta|Protect\n|move|p2a: Rillaboom|Grassy Glide|p1a: Ditto\n|-activate|p1a: Ditto|move: Protect\n|\n|-heal|p1a: Ditto|27\/100|[from] Grassy Terrain\n|-heal|p2b: Zamazenta|52\/100|[from] Grassy Terrain\n|-fieldend|move: Grassy Terrain\n|upkeep\n|turn|9\n|\n|t:|1738429399\n|move|p2b: Zamazenta|Body Press|p1a: Ditto\n|-supereffective|p1a: Ditto\n|-damage|p1a: Ditto|0 fnt\n|faint|p1a: Ditto\n|\n|win|RustyChair13\n|raw|Lacossg's rating: 1701 &rarr; <strong>1677<\/strong><br \/>(-24 for losing)\n|raw|RustyChair13's rating: 1637 &rarr; <strong>1661<\/strong><br \/>(+24 for winning)\n|l|\u2606Lacossg\n|player|p1|\n|l|\u2606RustyChair13\n|player|p2|\n","uploadtime":1738429609,"views":17,"formatid":"gen9vgc2025regg","rating":1661,"private":0,"password":null}