{"id":"gen9vgc2025regg-2292995191","format":"[Gen 9] VGC 2025 Reg G","players":["bidoofutopia","Zyros Phade"],"log":"|j|\u2606bidoofutopia\n|j|\u2606Zyros Phade\n|t:|1738510080\n|gametype|doubles\n|player|p1|bidoofutopia|lucas|1556\n|player|p2|Zyros Phade|170|1685\n|teamsize|p1|6\n|teamsize|p2|6\n|gen|9\n|tier|[Gen 9] VGC 2025 Reg G\n|rated|\n|rule|Species Clause: Limit one of each Pok\u00e9mon\n|rule|Item Clause: Limit 1 of each item\n|clearpoke\n|poke|p1|Calyrex-Ice, L50|\n|poke|p1|Urshifu-*, L50, M|\n|poke|p1|Pelipper, L50, F|\n|poke|p1|Amoonguss, L50, M|\n|poke|p1|Iron Valiant, L50|\n|poke|p1|Landorus, L50, M|\n|poke|p2|Urshifu-*, L50, M|\n|poke|p2|Kyogre, L50|\n|poke|p2|Iron Hands, L50|\n|poke|p2|Baxcalibur, L50, F|\n|poke|p2|Indeedee-F, L50, F|\n|poke|p2|Murkrow, L50, M|\n|teampreview|4\n|inactive|Battle timer is ON: inactive players will automatically lose when time's up. (requested by bidoofutopia)\n|\n|t:|1738510102\n|start\n|switch|p1a: Iron Valiant|Iron Valiant, L50, shiny|100\/100\n|switch|p1b: Calyrex|Calyrex-Ice, L50|100\/100\n|switch|p2a: Indeedee|Indeedee-F, L50, F|100\/100\n|switch|p2b: Kyogre|Kyogre, L50, shiny|100\/100\n|-ability|p1b: Calyrex|As One\n|-ability|p1b: Calyrex|Unnerve\n|-weather|RainDance|[from] ability: Drizzle|[of] p2b: Kyogre\n|-fieldstart|move: Psychic Terrain|[from] ability: Psychic Surge|[of] p2a: Indeedee\n|-enditem|p1a: Iron Valiant|Booster Energy\n|-activate|p1a: Iron Valiant|ability: Quark Drive|[fromitem]\n|-start|p1a: Iron Valiant|quarkdrivespe\n|turn|1\n|\n|t:|1738510110\n|-terastallize|p2b: Kyogre|Water\n|-terastallize|p1b: Calyrex|Grass\n|move|p2a: Indeedee|Follow Me|p2a: Indeedee\n|-singleturn|p2a: Indeedee|move: Follow Me\n|move|p1a: Iron Valiant|Coaching|p1b: Calyrex\n|-boost|p1b: Calyrex|atk|1\n|-boost|p1b: Calyrex|def|1\n|move|p2b: Kyogre|Tera Blast|p1b: Calyrex|[anim] Tera Blast Water\n|-resisted|p1b: Calyrex\n|-damage|p1b: Calyrex|54\/100\n|move|p1b: Calyrex|Glacial Lance|p2b: Kyogre|[spread] p2a,p2b\n|-resisted|p2b: Kyogre\n|-damage|p2a: Indeedee|22\/100\n|-damage|p2b: Kyogre|55\/100\n|\n|-weather|RainDance|[upkeep]\n|upkeep\n|turn|2\n|\n|t:|1738510123\n|switch|p2b: Murkrow|Murkrow, L50, M|100\/100\n|move|p2a: Indeedee|Protect|p2a: Indeedee\n|-singleturn|p2a: Indeedee|Protect\n|move|p1a: Iron Valiant|Coaching|p1b: Calyrex\n|-boost|p1b: Calyrex|atk|1\n|-boost|p1b: Calyrex|def|1\n|move|p1b: Calyrex|Glacial Lance|p2b: Murkrow|[spread] p2b\n|-activate|p2a: Indeedee|move: Protect\n|-supereffective|p2b: Murkrow\n|-enditem|p2b: Murkrow|Focus Sash\n|-damage|p2b: Murkrow|1\/100\n|\n|-weather|RainDance|[upkeep]\n|upkeep\n|turn|3\n|j| sitojuri\n|\n|t:|1738510143\n|move|p2a: Indeedee|Follow Me|p2a: Indeedee\n|-singleturn|p2a: Indeedee|move: Follow Me\n|move|p1a: Iron Valiant|Spirit Break|p2a: Indeedee\n|-damage|p2a: Indeedee|0 fnt\n|-damage|p1a: Iron Valiant|84\/100|[from] item: Rocky Helmet|[of] p2a: Indeedee\n|faint|p2a: Indeedee\n|move|p2b: Murkrow|Hurricane|p1b: Calyrex\n|-supereffective|p1b: Calyrex\n|-damage|p1b: Calyrex|0 fnt\n|faint|p1b: Calyrex\n|\n|-weather|RainDance|[upkeep]\n|upkeep\n|\n|t:|1738510151\n|switch|p2a: Baxcalibur|Baxcalibur, L50, F|100\/100\n|switch|p1b: Urshifu|Urshifu-Rapid-Strike, L50, M|100\/100\n|turn|4\n|\n|t:|1738510165\n|move|p2a: Baxcalibur|Protect|p2a: Baxcalibur\n|-singleturn|p2a: Baxcalibur|Protect\n|move|p1a: Iron Valiant|Spirit Break|p2b: Murkrow\n|-supereffective|p2b: Murkrow\n|-damage|p2b: Murkrow|0 fnt\n|faint|p2b: Murkrow\n|move|p1b: Urshifu|Close Combat|p2a: Baxcalibur\n|-supereffective|p2a: Baxcalibur\n|-damage|p2a: Baxcalibur|0 fnt\n|-unboost|p1b: Urshifu|def|1\n|-unboost|p1b: Urshifu|spd|1\n|faint|p2a: Baxcalibur\n|\n|-weather|RainDance|[upkeep]\n|upkeep\n|\n|t:|1738510189\n|switch|p2b: Kyogre|Kyogre, L50, shiny, tera:Water|55\/100\n|turn|5\n|-message|Zyros Phade forfeited.\n|\n|win|bidoofutopia\n|raw|bidoofutopia's rating: 1556 &rarr; <strong>1582<\/strong><br \/>(+26 for winning)\n|raw|Zyros Phade's rating: 1660 &rarr; <strong>1634<\/strong><br \/>(-26 for losing)\n|l|\u2606Zyros Phade\n|player|p2|\n|l|\u2606bidoofutopia\n|player|p1|\n|l| sitojuri\n","uploadtime":1738510458,"views":9,"formatid":"gen9vgc2025regg","rating":1582,"private":0,"password":null}