{"id":"gen9vgc2025regg-2292597338","format":"[Gen 9] VGC 2025 Reg G","players":["Rorain Fearow","RustyChair13"],"log":"|j|\u2606Rorain Fearow\n|j|\u2606RustyChair13\n|t:|1738443685\n|gametype|doubles\n|player|p1|Rorain Fearow|birdkeeper-gen4dp|1503\n|player|p2|RustyChair13|scientist-gen4|1577\n|teamsize|p1|6\n|teamsize|p2|6\n|gen|9\n|tier|[Gen 9] VGC 2025 Reg G\n|rated|\n|rule|Species Clause: Limit one of each Pok\u00e9mon\n|rule|Item Clause: Limit 1 of each item\n|clearpoke\n|poke|p1|Koraidon, L50|\n|poke|p1|Flutter Mane, L50|\n|poke|p1|Raging Bolt, L50|\n|poke|p1|Farigiraf, L50, F|\n|poke|p1|Venusaur, L50, M|\n|poke|p1|Ditto, L50|\n|poke|p2|Zamazenta-*, L50|\n|poke|p2|Landorus, L50, M|\n|poke|p2|Rillaboom, L50, M|\n|poke|p2|Chien-Pao, L50|\n|poke|p2|Farigiraf, L50, F|\n|poke|p2|Tornadus, L50, M|\n|teampreview|4\n|\n|t:|1738443727\n|start\n|switch|p1a: Venusaur|Venusaur, L50, M|100\/100\n|switch|p1b: Koraidon|Koraidon, L50|100\/100\n|switch|p2a: Tornadus|Tornadus, L50, M|100\/100\n|switch|p2b: Chien-Pao|Chien-Pao, L50|100\/100\n|-ability|p2b: Chien-Pao|Sword of Ruin\n|-weather|SunnyDay|[from] ability: Orichalcum Pulse|[of] p1b: Koraidon\n|-activate|p1b: Koraidon|Orichalcum Pulse|[source]\n|turn|1\n|j| egieggz1\n|inactive|Battle timer is ON: inactive players will automatically lose when time's up. (requested by RustyChair13)\n|inactive|Rorain Fearow has 60 seconds left.\n|inactive|Rorain Fearow has 30 seconds left.\n|inactive|Rorain Fearow has 20 seconds left.\n|inactive|Rorain Fearow has 15 seconds left.\n|\n|t:|1738443855\n|switch|p1b: Farigiraf|Farigiraf, L50, F|100\/100\n|move|p2a: Tornadus|Rain Dance|p2a: Tornadus\n|-weather|RainDance\n|move|p2b: Chien-Pao|Icicle Crash|p1a: Venusaur\n|-supereffective|p1a: Venusaur\n|-damage|p1a: Venusaur|0 fnt\n|faint|p1a: Venusaur\n|-damage|p2b: Chien-Pao|91\/100|[from] item: Life Orb\n|\n|-weather|RainDance|[upkeep]\n|upkeep\n|\n|t:|1738443863\n|switch|p1a: Flutter Mane|Flutter Mane, L50|100\/100\n|turn|2\n|l| egieggz1\n|inactive|RustyChair13 has 30 seconds left.\n|inactive|RustyChair13 has 20 seconds left.\n|inactive|RustyChair13 has 15 seconds left.\n|\n|t:|1738443908\n|-terastallize|p2b: Chien-Pao|Dark\n|move|p1a: Flutter Mane|Protect|p1a: Flutter Mane\n|-singleturn|p1a: Flutter Mane|Protect\n|move|p2a: Tornadus|Tailwind|p2a: Tornadus\n|-sidestart|p2: RustyChair13|move: Tailwind\n|move|p2b: Chien-Pao|Throat Chop|p1a: Flutter Mane\n|-activate|p1a: Flutter Mane|move: Protect\n|move|p1b: Farigiraf|Trick Room|p1b: Farigiraf\n|-fieldstart|move: Trick Room|[of] p1b: Farigiraf\n|\n|-weather|RainDance|[upkeep]\n|upkeep\n|turn|3\n|\n|t:|1738443926\n|-terastallize|p1a: Flutter Mane|Fairy\n|move|p1b: Farigiraf|Psychic|p2a: Tornadus\n|-damage|p2a: Tornadus|60\/100\n|move|p1a: Flutter Mane|Dazzling Gleam|p2a: Tornadus|[spread] p2a,p2b\n|-supereffective|p2b: Chien-Pao\n|-damage|p2a: Tornadus|12\/100\n|-damage|p2b: Chien-Pao|0 fnt\n|faint|p2b: Chien-Pao\n|move|p2a: Tornadus|Bleakwind Storm|p1b: Farigiraf|[spread] p1a,p1b\n|-damage|p1a: Flutter Mane|61\/100\n|-damage|p1b: Farigiraf|67\/100\n|-unboost|p1a: Flutter Mane|spe|1\n|\n|-weather|RainDance|[upkeep]\n|upkeep\n|\n|t:|1738443939\n|switch|p2b: Zamazenta|Zamazenta-Crowned, L50, shiny|100\/100\n|-ability|p2b: Zamazenta|Dauntless Shield|boost\n|-boost|p2b: Zamazenta|def|1\n|turn|4\n|\n|t:|1738443963\n|switch|p2a: Landorus|Landorus, L50, M|100\/100\n|move|p1a: Flutter Mane|Protect|p1a: Flutter Mane\n|-singleturn|p1a: Flutter Mane|Protect\n|move|p1b: Farigiraf|Psychic|p2a: Landorus\n|-damage|p2a: Landorus|60\/100\n|move|p2b: Zamazenta|Body Press|p1b: Farigiraf\n|-damage|p1b: Farigiraf|12\/100\n|-enditem|p1b: Farigiraf|Sitrus Berry|[eat]\n|-heal|p1b: Farigiraf|37\/100|[from] item: Sitrus Berry\n|\n|-weather|RainDance|[upkeep]\n|upkeep\n|turn|5\n|inactive|Rorain Fearow has 30 seconds left.\n|inactive|Rorain Fearow has 20 seconds left.\n|inactive|Rorain Fearow has 15 seconds left.\n|inactive|Rorain Fearow has 10 seconds left.\n|inactive|Rorain Fearow has 5 seconds left.\n|\n|t:|1738444013\n|move|p1b: Farigiraf|Psychic|p2a: Landorus\n|-damage|p2a: Landorus|17\/100\n|-unboost|p2a: Landorus|spd|1\n|move|p1a: Flutter Mane|Dazzling Gleam|p2a: Landorus|[spread] p2a,p2b\n|-damage|p2a: Landorus|0 fnt\n|-damage|p2b: Zamazenta|68\/100\n|faint|p2a: Landorus\n|move|p2b: Zamazenta|Heavy Slam|p1a: Flutter Mane\n|-supereffective|p1a: Flutter Mane\n|-damage|p1a: Flutter Mane|0 fnt\n|faint|p1a: Flutter Mane\n|-end|p1a: Flutter Mane|Protosynthesis|[silent]\n|\n|-weather|none\n|-sideend|p2: RustyChair13|move: Tailwind\n|upkeep\n|\n|t:|1738444022\n|switch|p2a: Tornadus|Tornadus, L50, M|12\/100\n|switch|p1a: Koraidon|Koraidon, L50|100\/100\n|-weather|SunnyDay|[from] ability: Orichalcum Pulse|[of] p1a: Koraidon\n|-activate|p1a: Koraidon|Orichalcum Pulse|[source]\n|turn|6\n|\n|t:|1738444028\n|move|p2a: Tornadus|Rain Dance|p2a: Tornadus\n|-weather|RainDance\n|move|p1b: Farigiraf|Psychic|p2a: Tornadus\n|-damage|p2a: Tornadus|0 fnt\n|faint|p2a: Tornadus\n|move|p2b: Zamazenta|Body Press|p1b: Farigiraf\n|-damage|p1b: Farigiraf|0 fnt\n|faint|p1b: Farigiraf\n|move|p1a: Koraidon|Collision Course|p2b: Zamazenta\n|-supereffective|p2b: Zamazenta\n|-damage|p2b: Zamazenta|10\/100\n|\n|-weather|RainDance|[upkeep]\n|-fieldend|move: Trick Room\n|upkeep\n|turn|7\n|\n|t:|1738444039\n|move|p1a: Koraidon|Collision Course|p2b: Zamazenta\n|-supereffective|p2b: Zamazenta\n|-damage|p2b: Zamazenta|0 fnt\n|faint|p2b: Zamazenta\n|\n|win|Rorain Fearow\n|raw|Rorain Fearow's rating: 1503 &rarr; <strong>1527<\/strong><br \/>(+24 for winning)\n|raw|RustyChair13's rating: 1577 &rarr; <strong>1553<\/strong><br \/>(-24 for losing)\n|l|\u2606RustyChair13\n|player|p2|\n|l|\u2606Rorain Fearow\n|player|p1|\n","uploadtime":1738444184,"views":9,"formatid":"gen9vgc2025regg","rating":1527,"private":0,"password":null}