{"id":"gen9vgc2025regg-2292992754","format":"[Gen 9] VGC 2025 Reg G","players":["snipedrone","Zeropoke7310"],"log":"|j|\u2606snipedrone\n|j|\u2606Zeropoke7310\n|t:|1738509725\n|gametype|doubles\n|player|p1|snipedrone|266|1583\n|player|p2|Zeropoke7310|steven|1602\n|teamsize|p1|6\n|teamsize|p2|6\n|gen|9\n|tier|[Gen 9] VGC 2025 Reg G\n|rated|\n|rule|Species Clause: Limit one of each Pok\u00e9mon\n|rule|Item Clause: Limit 1 of each item\n|clearpoke\n|poke|p1|Groudon, L50|\n|poke|p1|Jumpluff, L50, M|\n|poke|p1|Flutter Mane, L50|\n|poke|p1|Raging Bolt, L50|\n|poke|p1|Urshifu-*, L50, M|\n|poke|p1|Raichu, L50, M|\n|poke|p2|Miraidon, L50|\n|poke|p2|Grimmsnarl, L50, M|\n|poke|p2|Iron Hands, L50|\n|poke|p2|Urshifu-*, L50, M|\n|poke|p2|Chien-Pao, L50|\n|poke|p2|Ogerpon-Hearthflame, L50, F|\n|teampreview|4\n|\n|t:|1738509783\n|start\n|switch|p1a: Raichu|Raichu, L50, M, shiny|100\/100\n|switch|p1b: Jumpluff|Jumpluff, L50, M, shiny|100\/100\n|switch|p2a: Grimmsnarl|Grimmsnarl, L50, M|100\/100\n|switch|p2b: Ogerpon|Ogerpon-Hearthflame, L50, F|100\/100\n|-ability|p2b: Ogerpon|Mold Breaker\n|turn|1\n|\n|t:|1738509821\n|switch|p2a: Miraidon|Miraidon, L50|100\/100\n|-fieldstart|move: Electric Terrain|[from] ability: Hadron Engine|[of] p2a: Miraidon\n|move|p1a: Raichu|Fake Out|p2b: Ogerpon\n|-damage|p2b: Ogerpon|92\/100\n|move|p1b: Jumpluff|Sleep Powder|p2a: Miraidon|[miss]\n|-miss|p1b: Jumpluff|p2a: Miraidon\n|cant|p2b: Ogerpon|flinch\n|\n|upkeep\n|turn|2\n|j| jdarcan\n|\n|t:|1738509847\n|switch|p1b: Flutter Mane|Flutter Mane, L50, shiny|100\/100\n|move|p2a: Miraidon|Calm Mind|p2a: Miraidon\n|-boost|p2a: Miraidon|spa|1\n|-boost|p2a: Miraidon|spd|1\n|move|p1a: Raichu|Volt Switch|p2a: Miraidon\n|-resisted|p2a: Miraidon\n|-damage|p2a: Miraidon|96\/100\n|j| sitojuri\n|\n|t:|1738509859\n|switch|p1a: Groudon|Groudon, L50, shiny|100\/100|[from] Volt Switch\n|-weather|SunnyDay|[from] ability: Drought|[of] p1a: Groudon\n|-activate|p1b: Flutter Mane|ability: Protosynthesis\n|-start|p1b: Flutter Mane|protosynthesisspe\n|move|p2b: Ogerpon|Ivy Cudgel|p1b: Flutter Mane|[anim] Ivy Cudgel Fire\n|-crit|p1b: Flutter Mane\n|-enditem|p1b: Flutter Mane|Focus Sash\n|-damage|p1b: Flutter Mane|1\/100\n|\n|-weather|SunnyDay|[upkeep]\n|-heal|p2a: Miraidon|100\/100|[from] item: Leftovers\n|upkeep\n|turn|3\n|\n|t:|1738509898\n|switch|p2b: Grimmsnarl|Grimmsnarl, L50, M|100\/100\n|-terastallize|p1a: Groudon|Fire\n|move|p2a: Miraidon|Protect|p2a: Miraidon\n|-singleturn|p2a: Miraidon|Protect\n|move|p1b: Flutter Mane|Icy Wind|p2a: Miraidon|[spread] p2b\n|-activate|p2a: Miraidon|move: Protect\n|-damage|p2b: Grimmsnarl|87\/100\n|-unboost|p2b: Grimmsnarl|spe|1\n|move|p1a: Groudon|Heat Wave|p2b: Grimmsnarl|[spread] p2b\n|-activate|p2a: Miraidon|move: Protect\n|-damage|p2b: Grimmsnarl|22\/100\n|\n|-weather|SunnyDay|[upkeep]\n|upkeep\n|turn|4\n|\n|t:|1738509925\n|-end|p1b: Flutter Mane|Protosynthesis|[silent]\n|switch|p1b: Raichu|Raichu, L50, M, shiny|100\/100\n|move|p2b: Grimmsnarl|Thunder Wave|p1b: Raichu\n|-ability|p1b: Raichu|Lightning Rod|boost\n|-boost|p1b: Raichu|spa|1\n|move|p2a: Miraidon|Electro Drift|p1b: Raichu\n|-ability|p1b: Raichu|Lightning Rod|boost\n|-boost|p1b: Raichu|spa|1\n|move|p1a: Groudon|Heat Wave|p2b: Grimmsnarl|[spread] p2b\n|-miss|p1a: Groudon|p2a: Miraidon\n|-damage|p2b: Grimmsnarl|0 fnt\n|faint|p2b: Grimmsnarl\n|\n|-weather|SunnyDay|[upkeep]\n|upkeep\n|\n|t:|1738509942\n|switch|p2b: Ogerpon|Ogerpon-Hearthflame, L50, F|92\/100\n|-ability|p2b: Ogerpon|Mold Breaker\n|turn|5\n|\n|t:|1738509956\n|switch|p1b: Jumpluff|Jumpluff, L50, M, shiny|100\/100\n|-terastallize|p2b: Ogerpon|Fire\n|detailschange|p2b: Ogerpon|Ogerpon-Hearthflame-Tera, L50, F, tera:Fire\n|-ability|p2b: Ogerpon|Embody Aspect (Hearthflame)|boost\n|-boost|p2b: Ogerpon|atk|1\n|move|p2a: Miraidon|Calm Mind|p2a: Miraidon\n|-boost|p2a: Miraidon|spa|1\n|-boost|p2a: Miraidon|spd|1\n|move|p2b: Ogerpon|Ivy Cudgel|p1a: Groudon|[anim] Ivy Cudgel Fire\n|-resisted|p1a: Groudon\n|-damage|p1a: Groudon|47\/100\n|move|p1a: Groudon|Heat Wave|p2b: Ogerpon|[spread] p2a,p2b\n|-resisted|p2a: Miraidon\n|-resisted|p2b: Ogerpon\n|-damage|p2a: Miraidon|85\/100\n|-damage|p2b: Ogerpon|59\/100\n|-status|p2a: Miraidon|brn\n|\n|-weather|SunnyDay|[upkeep]\n|-heal|p2a: Miraidon|92\/100 brn|[from] item: Leftovers\n|-damage|p2a: Miraidon|85\/100 brn|[from] brn\n|-fieldend|move: Electric Terrain\n|upkeep\n|turn|6\n|\n|t:|1738509984\n|move|p1b: Jumpluff|Sleep Powder|p2b: Ogerpon\n|-status|p2b: Ogerpon|slp|[from] move: Sleep Powder\n|move|p2a: Miraidon|Dragon Pulse|p1a: Groudon\n|-damage|p1a: Groudon|0 fnt\n|faint|p1a: Groudon\n|cant|p2b: Ogerpon|slp\n|\n|-weather|none\n|-heal|p2a: Miraidon|92\/100 brn|[from] item: Leftovers\n|-damage|p2a: Miraidon|85\/100 brn|[from] brn\n|upkeep\n|\n|t:|1738509993\n|switch|p1a: Flutter Mane|Flutter Mane, L50, shiny|1\/100\n|turn|7\n|\n|t:|1738510032\n|move|p1a: Flutter Mane|Icy Wind|p2b: Ogerpon|[spread] p2a,p2b\n|-supereffective|p2a: Miraidon\n|-resisted|p2b: Ogerpon\n|-damage|p2a: Miraidon|74\/100 brn\n|-damage|p2b: Ogerpon|52\/100 slp\n|-unboost|p2a: Miraidon|spe|1\n|-unboost|p2b: Ogerpon|spe|1\n|move|p1b: Jumpluff|Tailwind|p1b: Jumpluff\n|-sidestart|p1: snipedrone|move: Tailwind\n|move|p2a: Miraidon|Dragon Pulse|p1b: Jumpluff\n|-damage|p1b: Jumpluff|0 fnt\n|faint|p1b: Jumpluff\n|cant|p2b: Ogerpon|slp\n|\n|-heal|p2a: Miraidon|80\/100 brn|[from] item: Leftovers\n|-damage|p2a: Miraidon|74\/100 brn|[from] brn\n|upkeep\n|\n|t:|1738510035\n|switch|p1b: Raichu|Raichu, L50, M, shiny|100\/100\n|turn|8\n|\n|t:|1738510056\n|move|p2a: Miraidon|Protect|p2a: Miraidon\n|-singleturn|p2a: Miraidon|Protect\n|move|p1b: Raichu|Fake Out|p2b: Ogerpon\n|-damage|p2b: Ogerpon|44\/100 slp\n|move|p1a: Flutter Mane|Moonblast|p2a: Miraidon\n|-activate|p2a: Miraidon|move: Protect\n|cant|p2b: Ogerpon|slp\n|\n|-heal|p2a: Miraidon|80\/100 brn|[from] item: Leftovers\n|-damage|p2a: Miraidon|74\/100 brn|[from] brn\n|upkeep\n|turn|9\n|\n|t:|1738510090\n|move|p1a: Flutter Mane|Protect|p1a: Flutter Mane\n|-singleturn|p1a: Flutter Mane|Protect\n|-curestatus|p2b: Ogerpon|slp|[msg]\n|move|p2b: Ogerpon|Follow Me|p2b: Ogerpon\n|-singleturn|p2b: Ogerpon|move: Follow Me\n|move|p1b: Raichu|Endeavor|p2b: Ogerpon\n|-immune|p2b: Ogerpon\n|move|p2a: Miraidon|Dragon Pulse|p1b: Raichu\n|-damage|p1b: Raichu|23\/100\n|\n|-heal|p2a: Miraidon|80\/100 brn|[from] item: Leftovers\n|-damage|p2a: Miraidon|74\/100 brn|[from] brn\n|upkeep\n|turn|10\n|l| jdarcan\n|-message|snipedrone forfeited.\n|\n|win|Zeropoke7310\n|raw|snipedrone's rating: 1583 &rarr; <strong>1564<\/strong><br \/>(-19 for losing)\n|raw|Zeropoke7310's rating: 1602 &rarr; <strong>1621<\/strong><br \/>(+19 for winning)\n|l|\u2606snipedrone\n|player|p1|\n|l| sitojuri\n|l|\u2606Zeropoke7310\n|player|p2|\n","uploadtime":1738510318,"views":13,"formatid":"gen9vgc2025regg","rating":1564,"private":0,"password":null}