{"id":"gen9vgc2025regg-2292981454","format":"[Gen 9] VGC 2025 Reg G","players":["The Slimmest Jesus","kuanyou"],"log":"|j|\u2606The Slimmest Jesus\n|j|\u2606kuanyou\n|t:|1738508023\n|gametype|doubles\n|player|p1|The Slimmest Jesus|169|1597\n|player|p2|kuanyou|101|1504\n|teamsize|p1|6\n|teamsize|p2|6\n|gen|9\n|tier|[Gen 9] VGC 2025 Reg G\n|rated|\n|rule|Species Clause: Limit one of each Pok\u00e9mon\n|rule|Item Clause: Limit 1 of each item\n|clearpoke\n|poke|p1|Indeedee-F, L50, F|\n|poke|p1|Regidrago, L50|\n|poke|p1|Torkoal, L50, F|\n|poke|p1|Gallade, L50, M|\n|poke|p1|Calyrex-Ice, L50|\n|poke|p1|Lilligant-Hisui, L50, F|\n|poke|p2|Weezing-Galar, L50, M|\n|poke|p2|Calyrex-Shadow, L50|\n|poke|p2|Tatsugiri-Droopy, L50, F|\n|poke|p2|Dondozo, L50, M|\n|poke|p2|Urshifu-*, L50, F|\n|poke|p2|Indeedee-F, L50, F|\n|teampreview|4\n|\n|t:|1738508086\n|start\n|switch|p1a: Calyrex|Calyrex-Ice, L50|100\/100\n|switch|p1b: Torkoal|Torkoal, L50, F|100\/100\n|switch|p2a: Weezing|Weezing-Galar, L50, M|100\/100\n|switch|p2b: Calyrex|Calyrex-Shadow, L50|100\/100\n|-ability|p2a: Weezing|Neutralizing Gas\n|-ability|p2b: Calyrex|As One\n|-ability|p2b: Calyrex|Unnerve\n|-ability|p1a: Calyrex|As One\n|-ability|p1a: Calyrex|Unnerve\n|turn|1\n|inactive|Battle timer is ON: inactive players will automatically lose when time's up. (requested by The Slimmest Jesus)\n|\n|t:|1738508101\n|-terastallize|p1a: Calyrex|Normal\n|move|p1b: Torkoal|Protect|p1b: Torkoal\n|-singleturn|p1b: Torkoal|Protect\n|move|p2b: Calyrex|Astral Barrage|p1a: Calyrex|[spread] \n|-activate|p1b: Torkoal|move: Protect\n|-immune|p1a: Calyrex\n|move|p2a: Weezing|Poison Gas|p1b: Torkoal|[spread] p1a\n|-activate|p1b: Torkoal|move: Protect\n|-status|p1a: Calyrex|psn\n|move|p1a: Calyrex|Trick Room|p1a: Calyrex\n|-fieldstart|move: Trick Room|[of] p1a: Calyrex\n|\n|-damage|p1a: Calyrex|88\/100 psn|[from] psn\n|upkeep\n|turn|2\n|inactive|The Slimmest Jesus has 30 seconds left.\n|inactive|The Slimmest Jesus has 20 seconds left.\n|\n|t:|1738508140\n|move|p2a: Weezing|Protect|p2a: Weezing\n|-singleturn|p2a: Weezing|Protect\n|move|p2b: Calyrex|Protect|p2b: Calyrex\n|-singleturn|p2b: Calyrex|Protect\n|move|p1b: Torkoal|Eruption|p2b: Calyrex|[spread] \n|-activate|p2a: Weezing|move: Protect\n|-activate|p2b: Calyrex|move: Protect\n|move|p1a: Calyrex|Glacial Lance|p2b: Calyrex|[spread] \n|-activate|p2a: Weezing|move: Protect\n|-activate|p2b: Calyrex|move: Protect\n|\n|-damage|p1a: Calyrex|76\/100 psn|[from] psn\n|upkeep\n|turn|3\n|\n|t:|1738508160\n|move|p1b: Torkoal|Clear Smog|p2a: Weezing\n|-damage|p2a: Weezing|85\/100\n|-clearboost|p2a: Weezing\n|move|p1a: Calyrex|Glacial Lance|p2b: Calyrex|[spread] p2a,p2b\n|-damage|p2a: Weezing|35\/100\n|-damage|p2b: Calyrex|22\/100\n|move|p2a: Weezing|Poison Gas|p1b: Torkoal|[spread] p1a,p1b\n|-fail|p1a: Calyrex|psn\n|-status|p1b: Torkoal|psn\n|move|p2b: Calyrex|Astral Barrage|p1a: Calyrex|[spread] p1b\n|-immune|p1a: Calyrex\n|-damage|p1b: Torkoal|5\/100 psn\n|-damage|p2b: Calyrex|12\/100|[from] item: Life Orb\n|\n|-damage|p1b: Torkoal|0 fnt|[from] psn\n|faint|p1b: Torkoal\n|-damage|p1a: Calyrex|64\/100 psn|[from] psn\n|upkeep\n|\n|t:|1738508176\n|switch|p1b: Gallade|Gallade, L50, M|100\/100\n|turn|4\n|\n|t:|1738508201\n|move|p2a: Weezing|Protect|p2a: Weezing\n|-singleturn|p2a: Weezing|Protect\n|move|p2b: Calyrex|Protect|p2b: Calyrex\n|-singleturn|p2b: Calyrex|Protect\n|move|p1a: Calyrex|Glacial Lance|p2b: Calyrex|[spread] \n|-activate|p2a: Weezing|move: Protect\n|-activate|p2b: Calyrex|move: Protect\n|move|p1b: Gallade|Sacred Sword|p2a: Weezing\n|-activate|p2a: Weezing|move: Protect\n|\n|-damage|p1a: Calyrex|52\/100 psn|[from] psn\n|upkeep\n|turn|5\n|\n|t:|1738508224\n|move|p1a: Calyrex|Glacial Lance|p2a: Weezing|[spread] p2a,p2b\n|-damage|p2a: Weezing|0 fnt\n|-damage|p2b: Calyrex|0 fnt\n|faint|p2a: Weezing\n|-end|p2a: Weezing|ability: Neutralizing Gas\n|faint|p2b: Calyrex\n|-ability|p1a: Calyrex|Chilling Neigh|boost\n|-boost|p1a: Calyrex|atk|2\n|move|p1b: Gallade|Sacred Sword|p2: Weezing|[notarget]\n|-fail|p1b: Gallade\n|\n|-damage|p1a: Calyrex|40\/100 psn|[from] psn\n|-fieldend|move: Trick Room\n|upkeep\n|\n|t:|1738508237\n|switch|p2b: Tatsugiri|Tatsugiri-Droopy, L50, F, shiny|100\/100\n|switch|p2a: Dondozo|Dondozo, L50, M|100\/100\n|-activate|p2b: Tatsugiri|ability: Commander|[of] p2a: Dondozo\n|-boost|p2a: Dondozo|atk|2\n|-boost|p2a: Dondozo|spa|2\n|-boost|p2a: Dondozo|spe|2\n|-boost|p2a: Dondozo|def|2\n|-boost|p2a: Dondozo|spd|2\n|turn|6\n|\n|t:|1738508261\n|move|p1a: Calyrex|Protect|p1a: Calyrex\n|-singleturn|p1a: Calyrex|Protect\n|move|p2a: Dondozo|Order Up|p1b: Gallade\n|-damage|p1b: Gallade|51\/100\n|-boost|p2a: Dondozo|def|1\n|move|p1b: Gallade|Trick Room|p1b: Gallade\n|-fieldstart|move: Trick Room|[of] p1b: Gallade\n|\n|-damage|p1a: Calyrex|28\/100 psn|[from] psn\n|upkeep\n|turn|7\n|\n|t:|1738508273\n|move|p2a: Dondozo|Protect|p2a: Dondozo\n|-singleturn|p2a: Dondozo|Protect\n|move|p1a: Calyrex|Close Combat|p2a: Dondozo\n|-activate|p2a: Dondozo|move: Protect\n|move|p1b: Gallade|Sacred Sword|p2a: Dondozo\n|-activate|p2a: Dondozo|move: Protect\n|\n|-damage|p1a: Calyrex|16\/100 psn|[from] psn\n|upkeep\n|turn|8\n|\n|t:|1738508283\n|move|p1a: Calyrex|Close Combat|p2a: Dondozo\n|-damage|p2a: Dondozo|88\/100\n|-unboost|p1a: Calyrex|def|1\n|-unboost|p1a: Calyrex|spd|1\n|-enditem|p1a: Calyrex|White Herb\n|-clearnegativeboost|p1a: Calyrex|[silent]\n|move|p1b: Gallade|Sacred Sword|p2a: Dondozo\n|-damage|p2a: Dondozo|46\/100\n|move|p2a: Dondozo|Wave Crash|p1b: Gallade\n|-damage|p1b: Gallade|0 fnt\n|faint|p1b: Gallade\n|-damage|p2a: Dondozo|34\/100|[from] Recoil\n|\n|-heal|p2a: Dondozo|40\/100|[from] item: Leftovers\n|-damage|p1a: Calyrex|4\/100 psn|[from] psn\n|upkeep\n|\n|t:|1738508295\n|switch|p1b: Regidrago|Regidrago, L50|100\/100\n|turn|9\n|\n|t:|1738508303\n|move|p2a: Dondozo|Protect|p2a: Dondozo\n|-singleturn|p2a: Dondozo|Protect\n|move|p1b: Regidrago|Dragon Energy|p2a: Dondozo|[spread] \n|-miss|p1b: Regidrago|p2b: Tatsugiri\n|-activate|p2a: Dondozo|move: Protect\n|move|p1a: Calyrex|Glacial Lance|p2b: Tatsugiri|[spread] \n|-miss|p1a: Calyrex|p2b: Tatsugiri\n|-activate|p2a: Dondozo|move: Protect\n|\n|-heal|p2a: Dondozo|46\/100|[from] item: Leftovers\n|-damage|p1a: Calyrex|0 fnt|[from] psn\n|faint|p1a: Calyrex\n|upkeep\n|turn|10\n|\n|t:|1738508318\n|move|p1b: Regidrago|Dragon Energy|p2a: Dondozo|[spread] p2a\n|-miss|p1b: Regidrago|p2b: Tatsugiri\n|-damage|p2a: Dondozo|11\/100\n|move|p2a: Dondozo|Order Up|p1b: Regidrago\n|-supereffective|p1b: Regidrago\n|-damage|p1b: Regidrago|26\/100\n|-boost|p2a: Dondozo|def|1\n|\n|-heal|p2a: Dondozo|18\/100|[from] item: Leftovers\n|-fieldend|move: Trick Room\n|upkeep\n|turn|11\n|-message|The Slimmest Jesus forfeited.\n|\n|win|kuanyou\n|raw|The Slimmest Jesus's rating: 1597 &rarr; <strong>1572<\/strong><br \/>(-25 for losing)\n|raw|kuanyou's rating: 1504 &rarr; <strong>1529<\/strong><br \/>(+25 for winning)\n|l|\u2606The Slimmest Jesus\n|player|p1|\n","uploadtime":1738508493,"views":9,"formatid":"gen9vgc2025regg","rating":1529,"private":0,"password":null}