{"id":"gen9vgc2025regg-2292740173","format":"[Gen 9] VGC 2025 Reg G","players":["Dr Scoob","cobalt_poke"],"log":"|j|\u2606Dr Scoob\n|j|\u2606cobalt_poke\n|t:|1738462813\n|gametype|doubles\n|player|p1|Dr Scoob|101|1588\n|player|p2|cobalt_poke|101|1687\n|teamsize|p1|6\n|teamsize|p2|6\n|gen|9\n|tier|[Gen 9] VGC 2025 Reg G\n|rated|\n|rule|Species Clause: Limit one of each Pok\u00e9mon\n|rule|Item Clause: Limit 1 of each item\n|clearpoke\n|poke|p1|Calyrex-Shadow, L50|\n|poke|p1|Flutter Mane, L50|\n|poke|p1|Grimmsnarl, L50, M|\n|poke|p1|Rillaboom, L50, F|\n|poke|p1|Raging Bolt, L50|\n|poke|p1|Incineroar, L50, M|\n|poke|p2|Weezing-Galar, L50, M|\n|poke|p2|Calyrex-Shadow, L50|\n|poke|p2|Dondozo, L50, F|\n|poke|p2|Tatsugiri, L50, M|\n|poke|p2|Incineroar, L50, F|\n|poke|p2|Roaring Moon, L50|\n|teampreview|4\n|inactive|Battle timer is ON: inactive players will automatically lose when time's up. (requested by cobalt_poke)\n|l|\u2606cobalt_poke\n|inactive|cobalt_poke disconnected and has a minute to reconnect!\n|player|p2|\n|j|\u2606cobalt_poke\n|inactive|cobalt_poke reconnected.\n|player|p2|cobalt_poke|101|\n|inactive|Dr Scoob has 60 seconds left.\n|\n|t:|1738462854\n|start\n|switch|p1a: Trololol|Grimmsnarl, L50, M|100\/100\n|switch|p1b: Revelation 6:8|Calyrex-Shadow, L50|100\/100\n|switch|p2a: Roaring Moon|Roaring Moon, L50|100\/100\n|switch|p2b: Weezing|Weezing-Galar, L50, M|100\/100\n|-ability|p2b: Weezing|Neutralizing Gas\n|-ability|p1b: Revelation 6:8|As One\n|-ability|p1b: Revelation 6:8|Unnerve\n|turn|1\n|j| jdarcan\n|\n|t:|1738462871\n|-terastallize|p1b: Revelation 6:8|Fairy\n|-terastallize|p2a: Roaring Moon|Fairy\n|move|p1a: Trololol|Fake Out|p2b: Weezing\n|-damage|p2b: Weezing|90\/100\n|move|p1b: Revelation 6:8|Draining Kiss|p2a: Roaring Moon\n|-damage|p2a: Roaring Moon|77\/100\n|move|p2a: Roaring Moon|Tera Blast|p1a: Trololol|[anim] Tera Blast Fairy\n|-supereffective|p1a: Trololol\n|-crit|p1a: Trololol\n|-damage|p1a: Trololol|0 fnt\n|faint|p1a: Trololol\n|cant|p2b: Weezing|flinch\n|\n|upkeep\n|\n|t:|1738462887\n|switch|p1a: Gimme Neck|Raging Bolt, L50|100\/100\n|turn|2\n|\n|t:|1738462904\n|move|p2b: Weezing|Protect|p2b: Weezing\n|-singleturn|p2b: Weezing|Protect\n|move|p1a: Gimme Neck|Thunderclap||[still]\n|-fail|p1a: Gimme Neck\n|move|p1b: Revelation 6:8|Astral Barrage|p2a: Roaring Moon|[spread] p2a\n|-activate|p2b: Weezing|move: Protect\n|-damage|p2a: Roaring Moon|38\/100\n|move|p2a: Roaring Moon|Earthquake|p1a: Gimme Neck|[spread] p1a,p1b\n|-activate|p2b: Weezing|move: Protect\n|-supereffective|p1a: Gimme Neck\n|-damage|p1a: Gimme Neck|53\/100\n|-damage|p1b: Revelation 6:8|62\/100\n|\n|upkeep\n|turn|3\n|inactive|Dr Scoob has 30 seconds left.\n|\n|t:|1738462938\n|move|p1a: Gimme Neck|Thunderclap||[still]\n|-fail|p1a: Gimme Neck\n|move|p1b: Revelation 6:8|Astral Barrage|p2b: Weezing|[spread] p2a,p2b\n|-damage|p2a: Roaring Moon|3\/100\n|-damage|p2b: Weezing|38\/100\n|move|p2a: Roaring Moon|Tera Blast|p1a: Gimme Neck|[anim] Tera Blast Fairy\n|-supereffective|p1a: Gimme Neck\n|-damage|p1a: Gimme Neck|0 fnt\n|faint|p1a: Gimme Neck\n|-end|p1a: Gimme Neck|Protosynthesis|[silent]\n|move|p2b: Weezing|Poison Gas|p1b: Revelation 6:8\n|-status|p1b: Revelation 6:8|psn\n|\n|-damage|p1b: Revelation 6:8|50\/100 psn|[from] psn\n|upkeep\n|\n|t:|1738462945\n|switch|p1a: John Cena|Incineroar, L50, M|100\/100\n|turn|4\n|\n|t:|1738462960\n|move|p2b: Weezing|Protect|p2b: Weezing\n|-singleturn|p2b: Weezing|Protect\n|move|p1a: John Cena|Fake Out|p2b: Weezing\n|-activate|p2b: Weezing|move: Protect\n|move|p1b: Revelation 6:8|Astral Barrage|p2a: Roaring Moon|[spread] p2a\n|-activate|p2b: Weezing|move: Protect\n|-damage|p2a: Roaring Moon|0 fnt\n|faint|p2a: Roaring Moon\n|-end|p2a: Roaring Moon|Protosynthesis|[silent]\n|-ability|p1b: Revelation 6:8|Grim Neigh|boost\n|-boost|p1b: Revelation 6:8|spa|1\n|\n|-damage|p1b: Revelation 6:8|38\/100 psn|[from] psn\n|upkeep\n|\n|t:|1738462965\n|switch|p2a: Dondozo|Dondozo, L50, F|100\/100\n|turn|5\n|\n|t:|1738462981\n|-end|p2b: Weezing|ability: Neutralizing Gas\n|-ability|p1a: John Cena|Intimidate|boost\n|-unboost|p2a: Dondozo|atk|1\n|-unboost|p2b: Weezing|atk|1\n|switch|p2b: Tatsugiri|Tatsugiri, L50, M|100\/100\n|-activate|p2b: Tatsugiri|ability: Commander|[of] p2a: Dondozo\n|-boost|p2a: Dondozo|atk|2\n|-boost|p2a: Dondozo|spa|2\n|-boost|p2a: Dondozo|spe|2\n|-boost|p2a: Dondozo|def|2\n|-boost|p2a: Dondozo|spd|2\n|move|p1b: Revelation 6:8|Astral Barrage|p2b: Tatsugiri|[spread] p2a\n|-miss|p1b: Revelation 6:8|p2b: Tatsugiri\n|-damage|p2a: Dondozo|75\/100\n|move|p2a: Dondozo|Wave Crash|p1a: John Cena\n|-supereffective|p1a: John Cena\n|-damage|p1a: John Cena|0 fnt\n|faint|p1a: John Cena\n|-damage|p2a: Dondozo|49\/100|[from] Recoil\n|\n|-heal|p2a: Dondozo|55\/100|[from] item: Leftovers\n|-damage|p1b: Revelation 6:8|26\/100 psn|[from] psn\n|upkeep\n|turn|6\n|inactive|Dr Scoob has 30 seconds left.\n|l| jdarcan\n|\n|t:|1738463016\n|move|p1b: Revelation 6:8|Draining Kiss|p2a: Dondozo\n|-damage|p2a: Dondozo|37\/100\n|-heal|p1b: Revelation 6:8|46\/100 psn|[from] drain|[of] p2a: Dondozo\n|move|p2a: Dondozo|Wave Crash|p1b: Revelation 6:8\n|-damage|p1b: Revelation 6:8|0 fnt\n|faint|p1b: Revelation 6:8\n|-damage|p2a: Dondozo|27\/100|[from] Recoil\n|\n|win|cobalt_poke\n|raw|Dr Scoob's rating: 1588 &rarr; <strong>1574<\/strong><br \/>(-14 for losing)\n|raw|cobalt_poke's rating: 1687 &rarr; <strong>1701<\/strong><br \/>(+14 for winning)\n|l|\u2606cobalt_poke\n|player|p2|\n","uploadtime":1738463188,"views":11,"formatid":"gen9vgc2025regg","rating":1574,"private":0,"password":null}