{"id":"gen9vgc2025regg-2292044581","format":"[Gen 9] VGC 2025 Reg G","players":["infinitygroudon","GucciSoup"],"log":"|j|\u2606infinitygroudon\n|j|\u2606GucciSoup\n|t:|1738357661\n|gametype|doubles\n|player|p1|infinitygroudon|169|1514\n|player|p2|GucciSoup|wallace|1580\n|teamsize|p1|6\n|teamsize|p2|6\n|gen|9\n|tier|[Gen 9] VGC 2025 Reg G\n|rated|\n|rule|Species Clause: Limit one of each Pok\u00e9mon\n|rule|Item Clause: Limit 1 of each item\n|clearpoke\n|poke|p1|Terapagos, L50, M|\n|poke|p1|Clefairy, L50, F|\n|poke|p1|Rillaboom, L50, F|\n|poke|p1|Skeledirge, L50, M|\n|poke|p1|Urshifu-*, L50, F|\n|poke|p1|Chien-Pao, L50|\n|poke|p2|Miraidon, L50|\n|poke|p2|Incineroar, L50, F|\n|poke|p2|Scizor, L50, F|\n|poke|p2|Grimmsnarl, L50, M|\n|poke|p2|Pelipper, L50, F|\n|poke|p2|Landorus, L50, M|\n|teampreview|4\n|\n|t:|1738357691\n|start\n|switch|p1a: Moonwater|Clefairy, L50, F|100\/100\n|switch|p1b: Perrine|Terapagos, L50, M|100\/100\n|switch|p2a: Grimmsnarl|Grimmsnarl, L50, M|100\/100\n|switch|p2b: Incineroar|Incineroar, L50, F|100\/100\n|-activate|p1b: Perrine|ability: Tera Shift\n|detailschange|p1b: Perrine|Terapagos-Terastal, L50, M\n|-heal|p1b: Perrine|100\/100|[silent]\n|-ability|p2b: Incineroar|Intimidate|boost\n|-unboost|p1a: Moonwater|atk|1\n|-unboost|p1b: Perrine|atk|1\n|turn|1\n|\n|t:|1738357705\n|move|p2b: Incineroar|Fake Out|p1a: Moonwater\n|-damage|p1a: Moonwater|92\/100\n|move|p2a: Grimmsnarl|Thunder Wave|p1b: Perrine\n|-status|p1b: Perrine|par\n|move|p1b: Perrine|Calm Mind|p1b: Perrine\n|-boost|p1b: Perrine|spa|1\n|-boost|p1b: Perrine|spd|1\n|cant|p1a: Moonwater|flinch\n|\n|upkeep\n|turn|2\n|\n|t:|1738357718\n|move|p1a: Moonwater|Follow Me|p1a: Moonwater\n|-singleturn|p1a: Moonwater|move: Follow Me\n|move|p2a: Grimmsnarl|Spirit Break|p1a: Moonwater\n|-damage|p1a: Moonwater|69\/100\n|-unboost|p1a: Moonwater|spa|1\n|move|p1b: Perrine|Calm Mind|p1b: Perrine\n|-boost|p1b: Perrine|spa|1\n|-boost|p1b: Perrine|spd|1\n|move|p2b: Incineroar|Roar|p1a: Moonwater\n|drag|p1a: Lion's Roar|Rillaboom, L50, F|100\/100\n|-fieldstart|move: Grassy Terrain|[from] ability: Grassy Surge|[of] p1a: Lion's Roar\n|\n|upkeep\n|turn|3\n|j| jdarcan\n|j| IceIceCrazy\n|\n|t:|1738357735\n|move|p1a: Lion's Roar|Fake Out|p2b: Incineroar\n|-damage|p2b: Incineroar|90\/100\n|move|p2a: Grimmsnarl|Thunder Wave|p1a: Lion's Roar\n|-status|p1a: Lion's Roar|par\n|move|p1b: Perrine|Earth Power|p2b: Incineroar\n|-supereffective|p2b: Incineroar\n|-damage|p2b: Incineroar|8\/100\n|move|p2b: Incineroar|Roar|p1b: Perrine\n|drag|p1b: Presto|Chien-Pao, L50|100\/100\n|-ability|p1b: Presto|Sword of Ruin\n|\n|-heal|p2b: Incineroar|14\/100|[from] Grassy Terrain\n|upkeep\n|turn|4\n|\n|t:|1738357755\n|switch|p2b: Scizor|Scizor, L50, F|100\/100\n|move|p1b: Presto|Sacred Sword|p2b: Scizor\n|-damage|p2b: Scizor|60\/100\n|move|p2a: Grimmsnarl|Spirit Break|p1b: Presto\n|-supereffective|p1b: Presto\n|-damage|p1b: Presto|11\/100\n|-unboost|p1b: Presto|spa|1\n|cant|p1a: Lion's Roar|par\n|\n|-heal|p1b: Presto|17\/100|[from] Grassy Terrain\n|-heal|p2b: Scizor|66\/100|[from] Grassy Terrain\n|upkeep\n|turn|5\n|\n|t:|1738357775\n|switch|p1b: Perrine|Terapagos-Terastal, L50, M|100\/100 par\n|move|p2a: Grimmsnarl|Parting Shot|p1a: Lion's Roar\n|-unboost|p1a: Lion's Roar|atk|1\n|-unboost|p1a: Lion's Roar|spa|1\n|\n|t:|1738357779\n|switch|p2a: Incineroar|Incineroar, L50, F|14\/100|[from] Parting Shot\n|-ability|p2a: Incineroar|Intimidate|boost\n|-unboost|p1a: Lion's Roar|atk|1\n|-unboost|p1b: Perrine|atk|1\n|move|p2b: Scizor|Swords Dance|p2b: Scizor\n|-boost|p2b: Scizor|atk|2\n|move|p1a: Lion's Roar|Wood Hammer|p2a: Incineroar\n|-resisted|p2a: Incineroar\n|-damage|p2a: Incineroar|0 fnt\n|faint|p2a: Incineroar\n|-damage|p1a: Lion's Roar|96\/100 par|[from] Recoil\n|\n|-heal|p2b: Scizor|72\/100|[from] Grassy Terrain\n|-heal|p1a: Lion's Roar|100\/100 par|[from] Grassy Terrain\n|upkeep\n|\n|t:|1738357793\n|switch|p2a: Miraidon|Miraidon, L50|100\/100\n|-fieldstart|move: Electric Terrain|[from] ability: Hadron Engine|[of] p2a: Miraidon\n|-enditem|p2a: Miraidon|Electric Seed\n|-boost|p2a: Miraidon|def|1|[from] item: Electric Seed\n|turn|6\n|\n|t:|1738357803\n|switch|p1a: Moonwater|Clefairy, L50, F|69\/100\n|move|p1b: Perrine|Protect|p1b: Perrine\n|-singleturn|p1b: Perrine|Protect\n|move|p2a: Miraidon|Calm Mind|p2a: Miraidon\n|-boost|p2a: Miraidon|spa|1\n|-boost|p2a: Miraidon|spd|1\n|move|p2b: Scizor|Pounce|p1b: Perrine\n|-activate|p1b: Perrine|move: Protect\n|\n|upkeep\n|turn|7\n|\n|t:|1738357814\n|move|p2b: Scizor|Bullet Punch|p1a: Moonwater\n|-supereffective|p1a: Moonwater\n|-damage|p1a: Moonwater|0 fnt\n|faint|p1a: Moonwater\n|move|p2a: Miraidon|Dragon Pulse|p1b: Perrine\n|-activate|p1b: Perrine|ability: Tera Shell\n|-resisted|p1b: Perrine\n|-damage|p1b: Perrine|68\/100 par\n|move|p1b: Perrine|Calm Mind|p1b: Perrine\n|-boost|p1b: Perrine|spa|1\n|-boost|p1b: Perrine|spd|1\n|\n|-heal|p1b: Perrine|74\/100 par|[from] item: Leftovers\n|upkeep\n|\n|t:|1738357817\n|switch|p1a: Lion's Roar|Rillaboom, L50, F|100\/100 par\n|-fieldstart|move: Grassy Terrain|[from] ability: Grassy Surge|[of] p1a: Lion's Roar\n|turn|8\n|\n|t:|1738357821\n|move|p2a: Miraidon|Protect|p2a: Miraidon\n|-singleturn|p2a: Miraidon|Protect\n|move|p2b: Scizor|Protect|p2b: Scizor\n|-singleturn|p2b: Scizor|Protect\n|move|p1a: Lion's Roar|Fake Out|p2a: Miraidon\n|-activate|p2a: Miraidon|move: Protect\n|move|p1b: Perrine|Calm Mind|p1b: Perrine\n|-boost|p1b: Perrine|spa|1\n|-boost|p1b: Perrine|spd|1\n|\n|-heal|p2b: Scizor|78\/100|[from] Grassy Terrain\n|-heal|p1b: Perrine|80\/100 par|[from] Grassy Terrain\n|-heal|p1b: Perrine|87\/100 par|[from] item: Leftovers\n|upkeep\n|turn|9\n|\n|t:|1738357842\n|-terastallize|p1b: Perrine|Stellar\n|detailschange|p1b: Perrine|Terapagos-Stellar, L50, M, tera:Stellar\n|-heal|p1b: Perrine|90\/100 par|[silent]\n|-ability|p1b: Perrine|Teraform Zero\n|-fieldend|move: Grassy Terrain\n|move|p2a: Miraidon|Calm Mind|p2a: Miraidon\n|-boost|p2a: Miraidon|spa|1\n|-boost|p2a: Miraidon|spd|1\n|move|p2b: Scizor|Pounce|p1a: Lion's Roar\n|-supereffective|p1a: Lion's Roar\n|-damage|p1a: Lion's Roar|0 fnt\n|faint|p1a: Lion's Roar\n|move|p1b: Perrine|Tera Starstorm|p2b: Scizor|[spread] p2a,p2b\n|-damage|p2a: Miraidon|73\/100\n|-damage|p2b: Scizor|0 fnt\n|faint|p2b: Scizor\n|\n|-heal|p1b: Perrine|96\/100 par|[from] item: Leftovers\n|upkeep\n|\n|t:|1738357856\n|switch|p1a: Presto|Chien-Pao, L50|17\/100\n|switch|p2b: Grimmsnarl|Grimmsnarl, L50, M|100\/100\n|-ability|p1a: Presto|Sword of Ruin\n|turn|10\n|\n|t:|1738357878\n|move|p1a: Presto|Protect|p1a: Presto\n|-singleturn|p1a: Presto|Protect\n|move|p2a: Miraidon|Protect|p2a: Miraidon\n|-singleturn|p2a: Miraidon|Protect\n|move|p2b: Grimmsnarl|Spirit Break|p1b: Perrine\n|-damage|p1b: Perrine|73\/100 par\n|-unboost|p1b: Perrine|spa|1\n|cant|p1b: Perrine|par\n|\n|-heal|p1b: Perrine|79\/100 par|[from] item: Leftovers\n|upkeep\n|turn|11\n|\n|t:|1738357904\n|-terastallize|p2a: Miraidon|Electric\n|move|p2b: Grimmsnarl|Parting Shot|p1b: Perrine\n|-unboost|p1b: Perrine|atk|1\n|-unboost|p1b: Perrine|spa|1\n|move|p1a: Presto|Ice Spinner|p2a: Miraidon\n|-damage|p2a: Miraidon|40\/100\n|move|p2a: Miraidon|Parabolic Charge|p1a: Presto|[spread] p2b,p1a,p1b\n|-crit|p2b: Grimmsnarl\n|-damage|p2b: Grimmsnarl|21\/100\n|-heal|p2a: Miraidon|78\/100|[from] drain|[of] p2b: Grimmsnarl\n|-damage|p1a: Presto|0 fnt\n|-heal|p2a: Miraidon|85\/100|[from] drain|[of] p1a: Presto\n|-damage|p1b: Perrine|60\/100 par\n|-heal|p2a: Miraidon|97\/100|[from] drain|[of] p1b: Perrine\n|faint|p1a: Presto\n|move|p1b: Perrine|Tera Starstorm|p2b: Grimmsnarl|[spread] p2a,p2b\n|-supereffective|p2a: Miraidon\n|-damage|p2a: Miraidon|69\/100\n|-damage|p2b: Grimmsnarl|0 fnt\n|faint|p2b: Grimmsnarl\n|\n|-heal|p1b: Perrine|66\/100 par|[from] item: Leftovers\n|upkeep\n|turn|12\n|\n|t:|1738357924\n|move|p2a: Miraidon|Dragon Pulse|p1b: Perrine\n|-damage|p1b: Perrine|39\/100 par\n|move|p1b: Perrine|Calm Mind|p1b: Perrine\n|-boost|p1b: Perrine|spa|1\n|-boost|p1b: Perrine|spd|1\n|\n|-heal|p1b: Perrine|45\/100 par|[from] item: Leftovers\n|upkeep\n|turn|13\n|\n|t:|1738357931\n|move|p2a: Miraidon|Calm Mind|p2a: Miraidon\n|-boost|p2a: Miraidon|spa|1\n|-boost|p2a: Miraidon|spd|1\n|move|p1b: Perrine|Calm Mind|p1b: Perrine\n|-boost|p1b: Perrine|spa|1\n|-boost|p1b: Perrine|spd|1\n|\n|-heal|p1b: Perrine|52\/100 par|[from] item: Leftovers\n|upkeep\n|turn|14\n|\n|t:|1738357936\n|move|p2a: Miraidon|Calm Mind|p2a: Miraidon\n|-boost|p2a: Miraidon|spa|1\n|-boost|p2a: Miraidon|spd|1\n|move|p1b: Perrine|Calm Mind|p1b: Perrine\n|-boost|p1b: Perrine|spa|1\n|-boost|p1b: Perrine|spd|1\n|\n|-heal|p1b: Perrine|58\/100 par|[from] item: Leftovers\n|upkeep\n|turn|15\n|\n|t:|1738357939\n|move|p2a: Miraidon|Calm Mind|p2a: Miraidon\n|-boost|p2a: Miraidon|spa|1\n|-boost|p2a: Miraidon|spd|1\n|move|p1b: Perrine|Calm Mind|p1b: Perrine\n|-boost|p1b: Perrine|spa|1\n|-boost|p1b: Perrine|spd|1\n|\n|-heal|p1b: Perrine|64\/100 par|[from] item: Leftovers\n|upkeep\n|turn|16\n|\n|t:|1738357942\n|move|p2a: Miraidon|Calm Mind|p2a: Miraidon\n|-boost|p2a: Miraidon|spa|1\n|-boost|p2a: Miraidon|spd|1\n|move|p1b: Perrine|Calm Mind|p1b: Perrine\n|-boost|p1b: Perrine|spa|1\n|-boost|p1b: Perrine|spd|0\n|\n|-heal|p1b: Perrine|70\/100 par|[from] item: Leftovers\n|upkeep\n|turn|17\n|\n|t:|1738357948\n|move|p2a: Miraidon|Parabolic Charge|p1b: Perrine\n|-damage|p1b: Perrine|45\/100 par\n|-heal|p2a: Miraidon|85\/100|[from] drain|[of] p1b: Perrine\n|move|p1b: Perrine|Calm Mind|p1b: Perrine\n|-boost|p1b: Perrine|spa|1\n|-boost|p1b: Perrine|spd|0\n|\n|-heal|p1b: Perrine|52\/100 par|[from] item: Leftovers\n|upkeep\n|turn|18\n|\n|t:|1738357953\n|move|p1b: Perrine|Protect|p1b: Perrine\n|-singleturn|p1b: Perrine|Protect\n|move|p2a: Miraidon|Dragon Pulse|p1b: Perrine\n|-activate|p1b: Perrine|move: Protect\n|\n|-heal|p1b: Perrine|58\/100 par|[from] item: Leftovers\n|upkeep\n|turn|19\n|\n|t:|1738357956\n|move|p2a: Miraidon|Dragon Pulse|p1b: Perrine\n|-damage|p1b: Perrine|32\/100 par\n|move|p1b: Perrine|Earth Power|p2a: Miraidon\n|-supereffective|p2a: Miraidon\n|-damage|p2a: Miraidon|28\/100\n|\n|-heal|p1b: Perrine|39\/100 par|[from] item: Leftovers\n|upkeep\n|turn|20\n|\n|t:|1738357961\n|cant|p1b: Perrine|par\n|move|p2a: Miraidon|Dragon Pulse|p1b: Perrine\n|-damage|p1b: Perrine|14\/100 par\n|\n|-heal|p1b: Perrine|20\/100 par|[from] item: Leftovers\n|upkeep\n|turn|21\n|\n|t:|1738357965\n|move|p1b: Perrine|Protect|p1b: Perrine\n|-singleturn|p1b: Perrine|Protect\n|move|p2a: Miraidon|Dragon Pulse|p1b: Perrine\n|-activate|p1b: Perrine|move: Protect\n|\n|-heal|p1b: Perrine|26\/100 par|[from] item: Leftovers\n|upkeep\n|turn|22\n|\n|t:|1738357967\n|move|p2a: Miraidon|Dragon Pulse|p1b: Perrine\n|-damage|p1b: Perrine|2\/100 par\n|move|p1b: Perrine|Tera Starstorm|p2a: Miraidon\n|-supereffective|p2a: Miraidon\n|-damage|p2a: Miraidon|0 fnt\n|faint|p2a: Miraidon\n|\n|win|infinitygroudon\n|raw|infinitygroudon's rating: 1514 &rarr; <strong>1538<\/strong><br \/>(+24 for winning)\n|raw|GucciSoup's rating: 1580 &rarr; <strong>1556<\/strong><br \/>(-24 for losing)\n|l|\u2606GucciSoup\n|player|p2|\n|l|\u2606infinitygroudon\n|player|p1|\n|l| IceIceCrazy\n","uploadtime":1738357974,"views":5,"formatid":"gen9vgc2025regg","rating":1538,"private":0,"password":null}