{"id":"gen9vgc2025regg-2292724834","format":"[Gen 9] VGC 2025 Reg G","players":["cobalt_poke","yoyotaka"],"log":"|j|\u2606cobalt_poke\n|j|\u2606yoyotaka\n|t:|1738460648\n|gametype|doubles\n|player|p1|cobalt_poke|101|1682\n|player|p2|yoyotaka|169|1580\n|teamsize|p1|6\n|teamsize|p2|6\n|gen|9\n|tier|[Gen 9] VGC 2025 Reg G\n|rated|\n|rule|Species Clause: Limit one of each Pok\u00e9mon\n|rule|Item Clause: Limit 1 of each item\n|clearpoke\n|poke|p1|Weezing-Galar, L50, M|\n|poke|p1|Calyrex-Shadow, L50|\n|poke|p1|Dondozo, L50, F|\n|poke|p1|Tatsugiri, L50, M|\n|poke|p1|Incineroar, L50, M|\n|poke|p1|Roaring Moon, L50|\n|poke|p2|Calyrex-Ice, L50|\n|poke|p2|Iron Valiant, L50|\n|poke|p2|Urshifu-*, L50, F|\n|poke|p2|Ogerpon-Cornerstone, L50, F|\n|poke|p2|Raging Bolt, L50|\n|poke|p2|Clefairy, L50, M|\n|teampreview|4\n|\n|t:|1738460665\n|start\n|switch|p1a: Calyrex|Calyrex-Shadow, L50|100\/100\n|switch|p1b: Weezing|Weezing-Galar, L50, M|100\/100\n|switch|p2a: Calyrex|Calyrex-Ice, L50|100\/100\n|switch|p2b: Clefairy|Clefairy, L50, M|100\/100\n|-ability|p1b: Weezing|Neutralizing Gas\n|-ability|p1a: Calyrex|As One\n|-ability|p1a: Calyrex|Unnerve\n|-ability|p2a: Calyrex|As One\n|-ability|p2a: Calyrex|Unnerve\n|turn|1\n|\n|t:|1738460687\n|switch|p1a: Dondozo|Dondozo, L50, F|100\/100\n|-terastallize|p2a: Calyrex|Normal\n|move|p2b: Clefairy|Helping Hand|p2a: Calyrex\n|-singleturn|p2a: Calyrex|Helping Hand|[of] p2b: Clefairy\n|move|p1b: Weezing|Poison Gas|p2a: Calyrex|[spread] p2a,p2b\n|-status|p2a: Calyrex|psn\n|-status|p2b: Clefairy|psn\n|move|p2a: Calyrex|Glacial Lance|p1a: Dondozo|[spread] p1a,p1b\n|-resisted|p1a: Dondozo\n|-damage|p1a: Dondozo|72\/100\n|-damage|p1b: Weezing|12\/100\n|\n|-heal|p1a: Dondozo|79\/100|[from] item: Leftovers\n|-damage|p2a: Calyrex|88\/100 psn|[from] psn\n|-damage|p2b: Clefairy|88\/100 psn|[from] psn\n|upkeep\n|turn|2\n|\n|t:|1738460709\n|switch|p2b: Iron Valiant|Iron Valiant, L50|100\/100\n|move|p1b: Weezing|Toxic Spikes|p2a: Calyrex\n|-sidestart|p2: yoyotaka|move: Toxic Spikes\n|move|p1a: Dondozo|Substitute|p1a: Dondozo\n|-start|p1a: Dondozo|Substitute\n|-damage|p1a: Dondozo|54\/100\n|move|p2a: Calyrex|Glacial Lance|p1a: Dondozo|[spread] p1a,p1b\n|-resisted|p1a: Dondozo\n|-activate|p1a: Dondozo|move: Substitute|[damage]\n|-crit|p1b: Weezing\n|-damage|p1b: Weezing|0 fnt\n|faint|p1b: Weezing\n|-end|p1b: Weezing|ability: Neutralizing Gas\n|-ability|p2a: Calyrex|Chilling Neigh|boost\n|-boost|p2a: Calyrex|atk|1\n|-enditem|p2b: Iron Valiant|Booster Energy\n|-activate|p2b: Iron Valiant|ability: Quark Drive|[fromitem]\n|-start|p2b: Iron Valiant|quarkdrivespe\n|\n|-heal|p1a: Dondozo|60\/100|[from] item: Leftovers\n|-damage|p2a: Calyrex|76\/100 psn|[from] psn\n|upkeep\n|\n|t:|1738460714\n|switch|p1b: Calyrex|Calyrex-Shadow, L50|100\/100\n|-ability|p1b: Calyrex|As One\n|-ability|p1b: Calyrex|Unnerve\n|turn|3\n|\n|t:|1738460736\n|move|p1a: Dondozo|Protect|p1a: Dondozo\n|-singleturn|p1a: Dondozo|Protect\n|move|p2b: Iron Valiant|Encore|p1a: Dondozo\n|-activate|p1a: Dondozo|move: Protect\n|move|p1b: Calyrex|Psychic|p2a: Calyrex\n|-damage|p2a: Calyrex|24\/100 psn\n|move|p2a: Calyrex|Glacial Lance|p1b: Calyrex|[spread] p1b\n|-activate|p1a: Dondozo|move: Protect\n|-damage|p1b: Calyrex|0 fnt\n|faint|p1b: Calyrex\n|-ability|p2a: Calyrex|Chilling Neigh|boost\n|-boost|p2a: Calyrex|atk|1\n|\n|-heal|p1a: Dondozo|66\/100|[from] item: Leftovers\n|-damage|p2a: Calyrex|12\/100 psn|[from] psn\n|upkeep\n|\n|t:|1738460746\n|switch|p1b: Tatsugiri|Tatsugiri, L50, M|100\/100\n|-activate|p1b: Tatsugiri|ability: Commander|[of] p1a: Dondozo\n|-boost|p1a: Dondozo|atk|2\n|-boost|p1a: Dondozo|spa|2\n|-boost|p1a: Dondozo|spe|2\n|-boost|p1a: Dondozo|def|2\n|-boost|p1a: Dondozo|spd|2\n|turn|4\n|\n|t:|1738460764\n|move|p2b: Iron Valiant|Encore|p1a: Dondozo\n|-start|p1a: Dondozo|Encore\n|move|p1a: Dondozo|Protect||[still]\n|-fail|p1a: Dondozo\n|move|p2a: Calyrex|Glacial Lance|p1b: Tatsugiri|[spread] p1a\n|-miss|p2a: Calyrex|p1b: Tatsugiri\n|-resisted|p1a: Dondozo\n|-end|p1a: Dondozo|Substitute\n|\n|-heal|p1a: Dondozo|72\/100|[from] item: Leftovers\n|-damage|p2a: Calyrex|0 fnt|[from] psn\n|faint|p2a: Calyrex\n|upkeep\n|inactive|Battle timer is ON: inactive players will automatically lose when time's up. (requested by cobalt_poke)\n|\n|t:|1738460778\n|switch|p2a: Urshifu|Urshifu-Rapid-Strike, L50, F|100\/100\n|-status|p2a: Urshifu|psn\n|turn|5\n|-message|cobalt_poke forfeited.\n|\n|win|yoyotaka\n|raw|cobalt_poke's rating: 1682 &rarr; <strong>1656<\/strong><br \/>(-26 for losing)\n|raw|yoyotaka's rating: 1580 &rarr; <strong>1606<\/strong><br \/>(+26 for winning)\n|l|\u2606cobalt_poke\n|player|p1|\n|l|\u2606yoyotaka\n|player|p2|\n","uploadtime":1738461013,"views":17,"formatid":"gen9vgc2025regg","rating":1606,"private":0,"password":null}