{"id":"gen9vgc2025regg-2292983756","format":"[Gen 9] VGC 2025 Reg G","players":["ahfoong0411","Zeropoke7310"],"log":"|j|\u2606ahfoong0411\n|j|\u2606Zeropoke7310\n|t:|1738508364\n|gametype|doubles\n|player|p1|ahfoong0411|265|1661\n|player|p2|Zeropoke7310|steven|1562\n|teamsize|p1|6\n|teamsize|p2|6\n|gen|9\n|tier|[Gen 9] VGC 2025 Reg G\n|rated|\n|rule|Species Clause: Limit one of each Pok\u00e9mon\n|rule|Item Clause: Limit 1 of each item\n|clearpoke\n|poke|p1|Calyrex-Ice, L50|\n|poke|p1|Amoonguss, L50, M|\n|poke|p1|Pelipper, L50, M|\n|poke|p1|Landorus, L50, M|\n|poke|p1|Urshifu-*, L50, M|\n|poke|p1|Roaring Moon, L50|\n|poke|p2|Miraidon, L50|\n|poke|p2|Grimmsnarl, L50, M|\n|poke|p2|Iron Hands, L50|\n|poke|p2|Urshifu-*, L50, M|\n|poke|p2|Chien-Pao, L50|\n|poke|p2|Ogerpon-Hearthflame, L50, F|\n|teampreview|4\n|\n|t:|1738508423\n|start\n|switch|p1a: Roaring Moon|Roaring Moon, L50|100\/100\n|switch|p1b: Landorus|Landorus, L50, M|100\/100\n|switch|p2a: Grimmsnarl|Grimmsnarl, L50, M|100\/100\n|switch|p2b: Iron Hands|Iron Hands, L50|100\/100\n|-enditem|p1a: Roaring Moon|Booster Energy\n|-activate|p1a: Roaring Moon|ability: Protosynthesis|[fromitem]\n|-start|p1a: Roaring Moon|protosynthesisspe\n|turn|1\n|\n|t:|1738508459\n|move|p1b: Landorus|Protect|p1b: Landorus\n|-singleturn|p1b: Landorus|Protect\n|move|p2b: Iron Hands|Fake Out|p1b: Landorus\n|-activate|p1b: Landorus|move: Protect\n|move|p2a: Grimmsnarl|Reflect|p2a: Grimmsnarl\n|-sidestart|p2: Zeropoke7310|Reflect\n|move|p1a: Roaring Moon|Knock Off|p2b: Iron Hands\n|-resisted|p2b: Iron Hands\n|-damage|p2b: Iron Hands|90\/100\n|-enditem|p2b: Iron Hands|Assault Vest|[from] move: Knock Off|[of] p1a: Roaring Moon\n|\n|upkeep\n|turn|2\n|j| Funn yIy\n|l| Funn yIy\n|\n|t:|1738508506\n|-terastallize|p2b: Iron Hands|Water\n|move|p1a: Roaring Moon|Protect|p1a: Roaring Moon\n|-singleturn|p1a: Roaring Moon|Protect\n|move|p2a: Grimmsnarl|Light Screen|p2a: Grimmsnarl\n|-sidestart|p2: Zeropoke7310|move: Light Screen\n|move|p1b: Landorus|Sludge Bomb|p2a: Grimmsnarl\n|-supereffective|p2a: Grimmsnarl\n|-damage|p2a: Grimmsnarl|46\/100\n|move|p2b: Iron Hands|Drain Punch|p1a: Roaring Moon\n|-activate|p1a: Roaring Moon|move: Protect\n|\n|upkeep\n|turn|3\n|j| Funn yIy\n|\n|t:|1738508590\n|switch|p2a: Chien-Pao|Chien-Pao, L50|100\/100\n|-ability|p2a: Chien-Pao|Sword of Ruin\n|move|p1a: Roaring Moon|Knock Off|p2b: Iron Hands\n|-damage|p2b: Iron Hands|71\/100\n|move|p1b: Landorus|Sludge Bomb|p2a: Chien-Pao\n|-damage|p2a: Chien-Pao|44\/100\n|move|p2b: Iron Hands|Wild Charge|p1a: Roaring Moon\n|-resisted|p1a: Roaring Moon\n|-damage|p1a: Roaring Moon|64\/100\n|-damage|p2b: Iron Hands|64\/100|[from] Recoil\n|\n|upkeep\n|turn|4\n|j| kurokurokuro3\n|\n|t:|1738508621\n|move|p2a: Chien-Pao|Protect|p2a: Chien-Pao\n|-singleturn|p2a: Chien-Pao|Protect\n|move|p1a: Roaring Moon|Tailwind|p1a: Roaring Moon\n|-sidestart|p1: ahfoong0411|move: Tailwind\n|move|p1b: Landorus|Earth Power|p2a: Chien-Pao\n|-activate|p2a: Chien-Pao|move: Protect\n|move|p2b: Iron Hands|Drain Punch|p1a: Roaring Moon\n|-supereffective|p1a: Roaring Moon\n|-damage|p1a: Roaring Moon|0 fnt\n|-heal|p2b: Iron Hands|91\/100|[from] drain|[of] p1a: Roaring Moon\n|faint|p1a: Roaring Moon\n|-end|p1a: Roaring Moon|Protosynthesis|[silent]\n|\n|upkeep\n|\n|t:|1738508641\n|switch|p1a: Calyrex|Calyrex-Ice, L50|100\/100\n|-ability|p1a: Calyrex|As One\n|-ability|p1a: Calyrex|Unnerve\n|turn|5\n|\n|t:|1738508681\n|move|p2a: Chien-Pao|Ice Shard|p1b: Landorus\n|-supereffective|p1b: Landorus\n|-damage|p1b: Landorus|0 fnt\n|faint|p1b: Landorus\n|move|p1a: Calyrex|Glacial Lance|p2b: Iron Hands|[spread] p2a,p2b\n|-resisted|p2a: Chien-Pao\n|-resisted|p2b: Iron Hands\n|-damage|p2a: Chien-Pao|16\/100\n|-damage|p2b: Iron Hands|72\/100\n|move|p2b: Iron Hands|Low Kick|p1a: Calyrex\n|-damage|p1a: Calyrex|37\/100\n|\n|upkeep\n|\n|t:|1738508690\n|switch|p1b: Urshifu|Urshifu-Rapid-Strike, L50, M|100\/100\n|turn|6\n|j| jdarcan\n|\n|t:|1738508708\n|-terastallize|p1a: Calyrex|Fairy\n|move|p2a: Chien-Pao|Sucker Punch|p1a: Calyrex\n|-resisted|p1a: Calyrex\n|-damage|p1a: Calyrex|22\/100\n|move|p1b: Urshifu|Surging Strikes|p2a: Chien-Pao\n|-crit|p2a: Chien-Pao\n|-damage|p2a: Chien-Pao|0 fnt\n|faint|p2a: Chien-Pao\n|-hitcount|p2: Chien-Pao|1\n|move|p1a: Calyrex|Glacial Lance|p2b: Iron Hands\n|-resisted|p2b: Iron Hands\n|-damage|p2b: Iron Hands|54\/100\n|move|p2b: Iron Hands|Wild Charge|p1b: Urshifu\n|-supereffective|p1b: Urshifu\n|-damage|p1b: Urshifu|4\/100\n|-damage|p2b: Iron Hands|34\/100|[from] Recoil\n|\n|upkeep\n|\n|t:|1738508727\n|switch|p2a: Miraidon|Miraidon, L50|100\/100\n|-fieldstart|move: Electric Terrain|[from] ability: Hadron Engine|[of] p2a: Miraidon\n|-activate|p2b: Iron Hands|ability: Quark Drive\n|-start|p2b: Iron Hands|quarkdriveatk\n|turn|7\n|\n|t:|1738508744\n|move|p1b: Urshifu|Close Combat|p2a: Miraidon\n|-damage|p2a: Miraidon|62\/100\n|-unboost|p1b: Urshifu|def|1\n|-unboost|p1b: Urshifu|spd|1\n|move|p1a: Calyrex|Glacial Lance|p2b: Iron Hands|[spread] p2a,p2b\n|-supereffective|p2a: Miraidon\n|-resisted|p2b: Iron Hands\n|-damage|p2a: Miraidon|0 fnt\n|-damage|p2b: Iron Hands|20\/100\n|faint|p2a: Miraidon\n|-ability|p1a: Calyrex|Chilling Neigh|boost\n|-boost|p1a: Calyrex|atk|1\n|move|p2b: Iron Hands|Drain Punch|p1b: Urshifu\n|-damage|p1b: Urshifu|0 fnt\n|-heal|p2b: Iron Hands|22\/100|[from] drain|[of] p1b: Urshifu\n|faint|p1b: Urshifu\n|\n|-sideend|p1: ahfoong0411|move: Tailwind\n|upkeep\n|\n|t:|1738508762\n|switch|p2a: Grimmsnarl|Grimmsnarl, L50, M|46\/100\n|turn|8\n|\n|t:|1738508768\n|move|p2a: Grimmsnarl|Thunder Wave|p1a: Calyrex|[miss]\n|-miss|p2a: Grimmsnarl|p1a: Calyrex\n|move|p1a: Calyrex|Glacial Lance|p2b: Iron Hands|[spread] p2a,p2b\n|-resisted|p2b: Iron Hands\n|-damage|p2a: Grimmsnarl|0 fnt\n|-damage|p2b: Iron Hands|3\/100\n|faint|p2a: Grimmsnarl\n|-ability|p1a: Calyrex|Chilling Neigh|boost\n|-boost|p1a: Calyrex|atk|1\n|move|p2b: Iron Hands|Wild Charge|p1a: Calyrex\n|-damage|p1a: Calyrex|0 fnt\n|faint|p1a: Calyrex\n|-damage|p2b: Iron Hands|0 fnt|[from] Recoil\n|faint|p2b: Iron Hands\n|-end|p2b: Iron Hands|Quark Drive|[silent]\n|\n|win|Zeropoke7310\n|raw|ahfoong0411's rating: 1661 &rarr; <strong>1635<\/strong><br \/>(-26 for losing)\n|raw|Zeropoke7310's rating: 1562 &rarr; <strong>1588<\/strong><br \/>(+26 for winning)\n|l|\u2606ahfoong0411\n|player|p1|\n|l| Funn yIy\n|l|\u2606Zeropoke7310\n|player|p2|\n|l| kurokurokuro3\n","uploadtime":1738508914,"views":9,"formatid":"gen9vgc2025regg","rating":1588,"private":0,"password":null}