{"id":"gen9vgc2025regg-2292890272","format":"[Gen 9] VGC 2025 Reg G","players":["Mature Madness","zyros phade"],"log":"|j|\u2606Mature Madness\n|j|\u2606zyros phade\n|t:|1738490510\n|gametype|doubles\n|player|p1|Mature Madness|101|1556\n|player|p2|zyros phade|spenser-gen3|1742\n|teamsize|p1|6\n|teamsize|p2|6\n|gen|9\n|tier|[Gen 9] VGC 2025 Reg G\n|rated|\n|rule|Species Clause: Limit one of each Pok\u00e9mon\n|rule|Item Clause: Limit 1 of each item\n|clearpoke\n|poke|p1|Calyrex-Shadow, L50|\n|poke|p1|Raging Bolt, L50|\n|poke|p1|Amoonguss, L50, F|\n|poke|p1|Cresselia, L50, F|\n|poke|p1|Incineroar, L50, M|\n|poke|p1|Ursaluna, L50, F|\n|poke|p2|Urshifu-*, L50, M|\n|poke|p2|Kyogre, L50|\n|poke|p2|Iron Hands, L50|\n|poke|p2|Baxcalibur, L50, F|\n|poke|p2|Indeedee-F, L50, F|\n|poke|p2|Murkrow, L50, F|\n|teampreview|4\n|inactive|Battle timer is ON: inactive players will automatically lose when time's up. (requested by Mature Madness)\n|\n|t:|1738490533\n|start\n|switch|p1a: Calyrex|Calyrex-Shadow, L50|100\/100\n|switch|p1b: Incineroar|Incineroar, L50, M|100\/100\n|switch|p2a: Baxcalibur|Baxcalibur, L50, F|100\/100\n|switch|p2b: Kyogre|Kyogre, L50, shiny|100\/100\n|-ability|p1a: Calyrex|As One\n|-ability|p1a: Calyrex|Unnerve\n|-weather|RainDance|[from] ability: Drizzle|[of] p2b: Kyogre\n|-ability|p1b: Incineroar|Intimidate|boost\n|-unboost|p2a: Baxcalibur|atk|1\n|-unboost|p2b: Kyogre|atk|1\n|turn|1\n|\n|t:|1738490548\n|switch|p2a: Indeedee|Indeedee-F, L50, F|100\/100\n|-fieldstart|move: Psychic Terrain|[from] ability: Psychic Surge|[of] p2a: Indeedee\n|switch|p1b: Cresselia|Cresselia, L50, F|100\/100\n|-terastallize|p2b: Kyogre|Water\n|move|p1a: Calyrex|Astral Barrage|p2b: Kyogre|[spread] p2b\n|-immune|p2a: Indeedee\n|-damage|p2b: Kyogre|61\/100\n|move|p2b: Kyogre|Water Spout|p1b: Cresselia|[spread] p1a,p1b\n|-enditem|p1a: Calyrex|Focus Sash\n|-damage|p1a: Calyrex|1\/100\n|-damage|p1b: Cresselia|11\/100\n|\n|-weather|RainDance|[upkeep]\n|upkeep\n|turn|2\n|inactive|Mature Madness has 30 seconds left.\n|\n|t:|1738490573\n|move|p2a: Indeedee|Helping Hand|p2b: Kyogre\n|-singleturn|p2b: Kyogre|Helping Hand|[of] p2a: Indeedee\n|move|p1b: Cresselia|Helping Hand|p1a: Calyrex\n|-singleturn|p1a: Calyrex|Helping Hand|[of] p1b: Cresselia\n|move|p1a: Calyrex|Astral Barrage|p2b: Kyogre|[spread] p2b\n|-immune|p2a: Indeedee\n|-damage|p2b: Kyogre|3\/100\n|move|p2b: Kyogre|Water Spout|p1a: Calyrex|[spread] p1a,p1b\n|-damage|p1a: Calyrex|0 fnt\n|-damage|p1b: Cresselia|6\/100\n|faint|p1a: Calyrex\n|\n|-weather|RainDance|[upkeep]\n|upkeep\n|\n|t:|1738490588\n|switch|p1a: Ursaluna|Ursaluna, L50, F|100\/100\n|turn|3\n|\n|t:|1738490595\n|switch|p2b: Urshifu|Urshifu-Rapid-Strike, L50, M|100\/100\n|move|p2a: Indeedee|Protect|p2a: Indeedee\n|-singleturn|p2a: Indeedee|Protect\n|move|p1b: Cresselia|Lunar Blessing|p1b: Cresselia|[spread] p1a,p1b\n|-heal|p1b: Cresselia|31\/100\n|move|p1a: Ursaluna|Bulk Up|p1a: Ursaluna\n|-boost|p1a: Ursaluna|atk|1\n|-boost|p1a: Ursaluna|def|1\n|\n|-weather|RainDance|[upkeep]\n|-status|p1a: Ursaluna|brn|[from] item: Flame Orb\n|upkeep\n|turn|4\n|\n|t:|1738490618\n|-terastallize|p1a: Ursaluna|Ghost\n|move|p1b: Cresselia|Helping Hand|p1a: Ursaluna\n|-singleturn|p1a: Ursaluna|Helping Hand|[of] p1b: Cresselia\n|move|p2a: Indeedee|Follow Me|p2a: Indeedee\n|-singleturn|p2a: Indeedee|move: Follow Me\n|move|p2b: Urshifu|Surging Strikes|p1b: Cresselia\n|-crit|p1b: Cresselia\n|-damage|p1b: Cresselia|14\/100\n|-crit|p1b: Cresselia\n|-damage|p1b: Cresselia|0 fnt\n|faint|p1b: Cresselia\n|-hitcount|p1: Cresselia|2\n|move|p1a: Ursaluna|Earthquake|p2a: Indeedee|[spread] p2a,p2b\n|-damage|p2a: Indeedee|0 fnt\n|-damage|p2b: Urshifu|0 fnt\n|faint|p2a: Indeedee\n|faint|p2b: Urshifu\n|\n|-weather|RainDance|[upkeep]\n|-damage|p1a: Ursaluna|95\/100 brn|[from] brn\n|upkeep\n|\n|t:|1738490635\n|switch|p2b: Kyogre|Kyogre, L50, shiny, tera:Water|3\/100\n|switch|p2a: Baxcalibur|Baxcalibur, L50, F|100\/100\n|switch|p1b: Incineroar|Incineroar, L50, M|100\/100\n|-ability|p1b: Incineroar|Intimidate|boost\n|-unboost|p2a: Baxcalibur|atk|1\n|-unboost|p2b: Kyogre|atk|1\n|turn|5\n|\n|t:|1738490648\n|move|p2a: Baxcalibur|Dragon Dance|p2a: Baxcalibur\n|-boost|p2a: Baxcalibur|atk|1\n|-boost|p2a: Baxcalibur|spe|1\n|move|p2b: Kyogre|Tera Blast|p1a: Ursaluna|[anim] Tera Blast Water\n|-damage|p1a: Ursaluna|0 fnt\n|faint|p1a: Ursaluna\n|move|p1b: Incineroar|Knock Off|p2a: Baxcalibur\n|-damage|p2a: Baxcalibur|62\/100\n|-enditem|p2a: Baxcalibur|Loaded Dice|[from] move: Knock Off|[of] p1b: Incineroar\n|\n|-weather|none\n|-fieldend|move: Psychic Terrain\n|upkeep\n|turn|6\n|\n|t:|1738490660\n|move|p2a: Baxcalibur|Glaive Rush|p1b: Incineroar\n|-damage|p1b: Incineroar|47\/100\n|-singlemove|p2a: Baxcalibur|Glaive Rush|[silent]\n|move|p2b: Kyogre|Tera Blast|p1b: Incineroar|[anim] Tera Blast Water\n|-supereffective|p1b: Incineroar\n|-damage|p1b: Incineroar|0 fnt\n|faint|p1b: Incineroar\n|\n|win|zyros phade\n|raw|Mature Madness's rating: 1556 &rarr; <strong>1546<\/strong><br \/>(-10 for losing)\n|raw|zyros phade's rating: 1742 &rarr; <strong>1752<\/strong><br \/>(+10 for winning)\n|l|\u2606zyros phade\n|player|p2|\n|l|\u2606Mature Madness\n|player|p1|\n","uploadtime":1738490828,"views":12,"formatid":"gen9vgc2025regg","rating":1546,"private":0,"password":null}