{"id":"gen9vgc2025regg-2292951459","format":"[Gen 9] VGC 2025 Reg G","players":["Prometheus756","ahfoong0411"],"log":"|j|\u2606Prometheus756\n|j|\u2606ahfoong0411\n|t:|1738503125\n|gametype|doubles\n|player|p1|Prometheus756|gentleman-gen4dp|1729\n|player|p2|ahfoong0411|265|1658\n|teamsize|p1|6\n|teamsize|p2|6\n|gen|9\n|tier|[Gen 9] VGC 2025 Reg G\n|rated|\n|rule|Species Clause: Limit one of each Pok\u00e9mon\n|rule|Item Clause: Limit 1 of each item\n|clearpoke\n|poke|p1|Rayquaza, L50|\n|poke|p1|Rillaboom, L50, F|\n|poke|p1|Chien-Pao, L50|\n|poke|p1|Smeargle, L50, M|\n|poke|p1|Amoonguss, L50, M|\n|poke|p1|Muk-Alola, L50, F|\n|poke|p2|Calyrex-Ice, L50|\n|poke|p2|Amoonguss, L50, M|\n|poke|p2|Pelipper, L50, F|\n|poke|p2|Landorus, L50, M|\n|poke|p2|Urshifu-*, L50, F|\n|poke|p2|Roaring Moon, L50|\n|teampreview|4\n|inactive|Battle timer is ON: inactive players will automatically lose when time's up. (requested by Prometheus756)\n|inactive|Prometheus756 has 60 seconds left.\n|inactive|ahfoong0411 has 60 seconds left.\n|j| Darmatan3\n|inactive|Prometheus756 has 30 seconds left.\n|inactive|ahfoong0411 has 30 seconds left.\n|inactive|Prometheus756 has 20 seconds left.\n|inactive|ahfoong0411 has 20 seconds left.\n|inactive|ahfoong0411 has 15 seconds left.\nPrometheus756 rejected open team sheets.\n|inactive|ahfoong0411 has 10 seconds left.\n|\n|t:|1738503208\n|start\n|switch|p1a: Rayquaza|Rayquaza, L50|100\/100\n|switch|p1b: Smeargle|Smeargle, L50, M|100\/100\n|switch|p2a: Amoonguss|Amoonguss, L50, M|100\/100\n|switch|p2b: Urshifu|Urshifu-Rapid-Strike, L50, F|100\/100\n|-ability|p1a: Rayquaza|Air Lock\n|turn|1\n|j| LinkMartin\n|inactive|ahfoong0411 has 30 seconds left.\n|l| LinkMartin\n|inactive|ahfoong0411 has 20 seconds left.\n|inactive|ahfoong0411 has 15 seconds left.\n|\n|t:|1738503249\n|-terastallize|p2a: Amoonguss|Water\n|move|p1b: Smeargle|Fake Out|p2a: Amoonguss\n|-damage|p2a: Amoonguss|96\/100\n|move|p1a: Rayquaza|Swords Dance|p1a: Rayquaza\n|-boost|p1a: Rayquaza|atk|2\n|move|p2b: Urshifu|Surging Strikes|p1b: Smeargle\n|-crit|p1b: Smeargle\n|-damage|p1b: Smeargle|39\/100\n|-crit|p1b: Smeargle\n|-damage|p1b: Smeargle|0 fnt\n|faint|p1b: Smeargle\n|-hitcount|p1: Smeargle|2\n|move|p2a: Amoonguss|Spore|p1a: Rayquaza\n|-status|p1a: Rayquaza|slp|[from] move: Spore\n|\n|upkeep\n|\n|t:|1738503267\n|switch|p1b: Rillaboom|Rillaboom, L50, F|100\/100\n|-fieldstart|move: Grassy Terrain|[from] ability: Grassy Surge|[of] p1b: Rillaboom\n|turn|2\n|\n|t:|1738503288\n|switch|p2b: Calyrex|Calyrex-Ice, L50|100\/100\n|-ability|p2b: Calyrex|As One\n|-ability|p2b: Calyrex|Unnerve\n|move|p1b: Rillaboom|Fake Out|p2b: Calyrex\n|-damage|p2b: Calyrex|91\/100\n|cant|p1a: Rayquaza|slp\n|move|p2a: Amoonguss|Pollen Puff|p2b: Calyrex\n|-heal|p2b: Calyrex|100\/100\n|\n|-heal|p2a: Amoonguss|100\/100|[from] Grassy Terrain\n|upkeep\n|turn|3\n|inactive|Prometheus756 has 30 seconds left.\n|inactive|ahfoong0411 has 30 seconds left.\n|\n|t:|1738503319\n|-terastallize|p1a: Rayquaza|Normal\n|cant|p1a: Rayquaza|slp\n|move|p1b: Rillaboom|Wood Hammer|p2a: Amoonguss\n|-supereffective|p2a: Amoonguss\n|-damage|p2a: Amoonguss|0 fnt\n|faint|p2a: Amoonguss\n|-damage|p1b: Rillaboom|59\/100|[from] Recoil\n|move|p2b: Calyrex|Glacial Lance|p1a: Rayquaza|[spread] p1a,p1b\n|-supereffective|p1b: Rillaboom\n|-damage|p1a: Rayquaza|34\/100 slp\n|-damage|p1b: Rillaboom|0 fnt\n|faint|p1b: Rillaboom\n|-ability|p2b: Calyrex|Chilling Neigh|boost\n|-boost|p2b: Calyrex|atk|1\n|\n|-heal|p1a: Rayquaza|40\/100 slp|[from] Grassy Terrain\n|upkeep\n|\n|t:|1738503334\n|switch|p1b: Chien-Pao|Chien-Pao, L50|100\/100\n|switch|p2a: Urshifu|Urshifu-Rapid-Strike, L50, F|100\/100\n|-ability|p1b: Chien-Pao|Sword of Ruin\n|turn|4\n|inactive|Prometheus756 has 30 seconds left.\n|\n|t:|1738503360\n|-curestatus|p1a: Rayquaza|slp|[msg]\n|move|p1a: Rayquaza|Extreme Speed|p2a: Urshifu\n|-damage|p2a: Urshifu|0 fnt\n|faint|p2a: Urshifu\n|move|p1b: Chien-Pao|Throat Chop|p2b: Calyrex\n|-supereffective|p2b: Calyrex\n|-crit|p2b: Calyrex\n|-damage|p2b: Calyrex|0 fnt\n|faint|p2b: Calyrex\n|\n|-heal|p1a: Rayquaza|46\/100|[from] Grassy Terrain\n|upkeep\n|c|\u2606Prometheus756|Phew\n|\n|t:|1738503372\n|switch|p2b: Landorus|Landorus, L50, M|100\/100\n|turn|5\n|l| Darmatan3\n|j| SiKen't\n|c|\u2606ahfoong0411|youre lucky\n|c|\u2606Prometheus756|sorry for the crit\n|c|\u2606Prometheus756|i know\n|-message|ahfoong0411 forfeited.\n|\n|win|Prometheus756\n|raw|Prometheus756's rating: 1729 &rarr; <strong>1745<\/strong><br \/>(+16 for winning)\n|raw|ahfoong0411's rating: 1658 &rarr; <strong>1642<\/strong><br \/>(-16 for losing)\n|l|\u2606ahfoong0411\n|player|p2|\n|l|\u2606Prometheus756\n|player|p1|\n","uploadtime":1738503582,"views":10,"formatid":"gen9vgc2025regg","rating":1642,"private":0,"password":null}