{"id":"gen9vgc2025regg-2292467210","format":"[Gen 9] VGC 2025 Reg G","players":["badpiplupvgc","meanrook"],"log":"|j|\u2606badpiplupvgc\n|j|\u2606meanrook\n|t:|1738427257\n|gametype|doubles\n|player|p1|badpiplupvgc|101|1578\n|player|p2|meanrook|aetherfoundation|1555\n|teamsize|p1|6\n|teamsize|p2|6\n|gen|9\n|tier|[Gen 9] VGC 2025 Reg G\n|rated|\n|rule|Species Clause: Limit one of each Pok\u00e9mon\n|rule|Item Clause: Limit 1 of each item\n|clearpoke\n|poke|p1|Calyrex-Ice, L50|\n|poke|p1|Amoonguss, L50, M|\n|poke|p1|Raging Bolt, L50|\n|poke|p1|Chi-Yu, L50|\n|poke|p1|Rillaboom, L50, F|\n|poke|p1|Urshifu-*, L50, M|\n|poke|p2|Weezing-Galar, L50, F|\n|poke|p2|Dondozo, L50, M|\n|poke|p2|Calyrex-Shadow, L50|\n|poke|p2|Tatsugiri-Droopy, L50, M|\n|poke|p2|Indeedee-F, L50, F|\n|poke|p2|Urshifu-*, L50, M|\n|teampreview|4\n|\n|t:|1738427280\n|start\n|switch|p1a: Chi-Yu|Chi-Yu, L50|100\/100\n|switch|p1b: Raging Bolt|Raging Bolt, L50|100\/100\n|switch|p2a: Calyrex|Calyrex-Shadow, L50|100\/100\n|switch|p2b: Weezing|Weezing-Galar, L50, F, shiny|100\/100\n|-ability|p2b: Weezing|Neutralizing Gas\n|-ability|p2a: Calyrex|As One\n|-ability|p2a: Calyrex|Unnerve\n|turn|1\n|\n|t:|1738427302\n|-terastallize|p1b: Raging Bolt|Electric\n|move|p2a: Calyrex|Protect|p2a: Calyrex\n|-singleturn|p2a: Calyrex|Protect\n|move|p1a: Chi-Yu|Heat Wave|p2a: Calyrex|[spread] p2b\n|-activate|p2a: Calyrex|move: Protect\n|-damage|p2b: Weezing|62\/100\n|move|p1b: Raging Bolt|Thunderbolt|p2b: Weezing\n|-damage|p2b: Weezing|0 fnt\n|faint|p2b: Weezing\n|-end|p2b: Weezing|ability: Neutralizing Gas\n|-ability|p1a: Chi-Yu|Beads of Ruin\n|-enditem|p1b: Raging Bolt|Booster Energy\n|-activate|p1b: Raging Bolt|ability: Protosynthesis|[fromitem]\n|-start|p1b: Raging Bolt|protosynthesisspa\n|\n|upkeep\n|\n|t:|1738427311\n|switch|p2b: Dondozo|Dondozo, L50, M|100\/100\n|turn|2\n|j| Papa bear square\n|\n|t:|1738427338\n|switch|p1a: Rillaboom|Rillaboom, L50, F|100\/100\n|-fieldstart|move: Grassy Terrain|[from] ability: Grassy Surge|[of] p1a: Rillaboom\n|switch|p2a: Tatsugiri|Tatsugiri-Droopy, L50, M, shiny|100\/100\n|-activate|p2a: Tatsugiri|ability: Commander|[of] p2b: Dondozo\n|-boost|p2b: Dondozo|atk|2\n|-boost|p2b: Dondozo|spa|2\n|-boost|p2b: Dondozo|spe|2\n|-boost|p2b: Dondozo|def|2\n|-boost|p2b: Dondozo|spd|2\n|-terastallize|p2b: Dondozo|Grass\n|move|p1b: Raging Bolt|Protect|p1b: Raging Bolt\n|-singleturn|p1b: Raging Bolt|Protect\n|move|p2b: Dondozo|Body Press|p1a: Rillaboom\n|-damage|p1a: Rillaboom|47\/100\n|\n|-heal|p1a: Rillaboom|53\/100|[from] Grassy Terrain\n|upkeep\n|turn|3\n|\n|t:|1738427362\n|move|p1a: Rillaboom|Fake Out|p2b: Dondozo\n|-damage|p2b: Dondozo|96\/100\n|cant|p2b: Dondozo|flinch\n|move|p1b: Raging Bolt|Thunderbolt|p2b: Dondozo\n|-resisted|p2b: Dondozo\n|-damage|p2b: Dondozo|74\/100\n|\n|-heal|p2b: Dondozo|81\/100|[from] Grassy Terrain\n|-heal|p2b: Dondozo|87\/100|[from] item: Leftovers\n|-heal|p1a: Rillaboom|59\/100|[from] Grassy Terrain\n|upkeep\n|turn|4\n|\n|t:|1738427375\n|move|p2b: Dondozo|Order Up|p1a: Rillaboom\n|-damage|p1a: Rillaboom|22\/100\n|-boost|p2b: Dondozo|def|1\n|move|p1b: Raging Bolt|Draco Meteor|p2b: Dondozo\n|-damage|p2b: Dondozo|42\/100\n|-unboost|p1b: Raging Bolt|spa|2\n|move|p1a: Rillaboom|U-turn|p2b: Dondozo\n|-supereffective|p2b: Dondozo\n|-damage|p2b: Dondozo|31\/100\n|\n|t:|1738427390\n|switch|p1a: Urshifu|Urshifu, L50, M|100\/100|[from] U-turn\n|\n|-heal|p2b: Dondozo|37\/100|[from] Grassy Terrain\n|-heal|p2b: Dondozo|43\/100|[from] item: Leftovers\n|upkeep\n|turn|5\n|\n|t:|1738427405\n|-end|p1b: Raging Bolt|Protosynthesis|[silent]\n|switch|p1b: Rillaboom|Rillaboom, L50, F|22\/100\n|move|p2b: Dondozo|Body Press|p1a: Urshifu\n|-supereffective|p1a: Urshifu\n|-enditem|p1a: Urshifu|Focus Sash\n|-damage|p1a: Urshifu|1\/100\n|move|p1a: Urshifu|Wicked Blow|p2b: Dondozo\n|-crit|p2b: Dondozo\n|-damage|p2b: Dondozo|7\/100\n|\n|-heal|p2b: Dondozo|13\/100|[from] Grassy Terrain\n|-heal|p2b: Dondozo|20\/100|[from] item: Leftovers\n|-heal|p1a: Urshifu|7\/100|[from] Grassy Terrain\n|-heal|p1b: Rillaboom|28\/100|[from] Grassy Terrain\n|upkeep\n|turn|6\n|\n|t:|1738427423\n|move|p2b: Dondozo|Protect|p2b: Dondozo\n|-singleturn|p2b: Dondozo|Protect\n|move|p1b: Rillaboom|Fake Out|p2b: Dondozo\n|-activate|p2b: Dondozo|move: Protect\n|move|p1a: Urshifu|Wicked Blow|p2b: Dondozo\n|-crit|p2b: Dondozo\n|-damage|p2b: Dondozo|0 fnt\n|faint|p2b: Dondozo\n|\n|-heal|p1a: Urshifu|12\/100|[from] Grassy Terrain\n|-heal|p1b: Rillaboom|34\/100|[from] Grassy Terrain\n|-fieldend|move: Grassy Terrain\n|upkeep\n|\n|t:|1738427428\n|switch|p2b: Calyrex|Calyrex-Shadow, L50|100\/100\n|-ability|p2b: Calyrex|As One\n|-ability|p2b: Calyrex|Unnerve\n|turn|7\n|\n|t:|1738427448\n|move|p1a: Urshifu|Sucker Punch|p2a: Tatsugiri\n|-damage|p2a: Tatsugiri|19\/100\n|move|p2b: Calyrex|Substitute|p2b: Calyrex\n|-start|p2b: Calyrex|Substitute\n|-damage|p2b: Calyrex|76\/100\n|move|p2a: Tatsugiri|Muddy Water|p1b: Rillaboom|[spread] p1a,p1b\n|-resisted|p1b: Rillaboom\n|-damage|p1a: Urshifu|0 fnt\n|-damage|p1b: Rillaboom|22\/100\n|faint|p1a: Urshifu\n|move|p1b: Rillaboom|U-turn|p2a: Tatsugiri\n|-damage|p2a: Tatsugiri|0 fnt\n|faint|p2a: Tatsugiri\n|\n|t:|1738427464\n|switch|p1b: Chi-Yu|Chi-Yu, L50|100\/100|[from] U-turn\n|-ability|p1b: Chi-Yu|Beads of Ruin\n|\n|upkeep\n|\n|t:|1738427468\n|switch|p1a: Raging Bolt|Raging Bolt, L50, tera:Electric|100\/100\n|turn|8\n|\n|t:|1738427479\n|move|p1a: Raging Bolt|Thunderclap|p2b: Calyrex\n|-end|p2b: Calyrex|Substitute\n|move|p1b: Chi-Yu|Dark Pulse|p2b: Calyrex\n|-supereffective|p2b: Calyrex\n|-damage|p2b: Calyrex|0 fnt\n|faint|p2b: Calyrex\n|\n|win|badpiplupvgc\n|raw|badpiplupvgc's rating: 1578 &rarr; <strong>1597<\/strong><br \/>(+19 for winning)\n|raw|meanrook's rating: 1555 &rarr; <strong>1536<\/strong><br \/>(-19 for losing)\n|l|\u2606meanrook\n|player|p2|\n|l|\u2606badpiplupvgc\n|player|p1|\n|l| Papa bear square\n","uploadtime":1738427674,"views":9,"formatid":"gen9vgc2025regg","rating":1536,"private":0,"password":null}