{"id":"gen9vgc2025regg-2292943582","format":"[Gen 9] VGC 2025 Reg G","players":["Elnabo","Pa7mmm"],"log":"|j|\u2606Elnabo\n|j|\u2606Pa7mmm\n|t:|1738501710\n|gametype|doubles\n|player|p1|Elnabo|266|1552\n|player|p2|Pa7mmm|101|1608\n|teamsize|p1|6\n|teamsize|p2|6\n|gen|9\n|tier|[Gen 9] VGC 2025 Reg G\n|rated|\n|rule|Species Clause: Limit one of each Pok\u00e9mon\n|rule|Item Clause: Limit 1 of each item\n|clearpoke\n|poke|p1|Incineroar, L50, M|\n|poke|p1|Rillaboom, L50, F|\n|poke|p1|Calyrex-Ice, L50|\n|poke|p1|Urshifu-*, L50, M|\n|poke|p1|Pelipper, L50, F|\n|poke|p1|Raging Bolt, L50|\n|poke|p2|Miraidon, L50|\n|poke|p2|Ogerpon-Hearthflame, L50, F|\n|poke|p2|Landorus, L50, M|\n|poke|p2|Iron Bundle, L50|\n|poke|p2|Iron Hands, L50|\n|poke|p2|Tornadus, L50, M|\n|teampreview|4\n|inactive|Battle timer is ON: inactive players will automatically lose when time's up. (requested by Elnabo)\n|inactive|Pa7mmm also wants the timer to be on.\n|inactive|Elnabo has 60 seconds left.\n|inactive|Pa7mmm has 60 seconds left.\n|\n|t:|1738501751\n|start\n|switch|p1a: Rillaboom|Rillaboom, L50, F, shiny|100\/100\n|switch|p1b: Calyrex|Calyrex-Ice, L50|100\/100\n|switch|p2a: Landorus|Landorus, L50, M|100\/100\n|switch|p2b: Iron Bundle|Iron Bundle, L50|100\/100\n|-ability|p1b: Calyrex|As One\n|-ability|p1b: Calyrex|Unnerve\n|-fieldstart|move: Grassy Terrain|[from] ability: Grassy Surge|[of] p1a: Rillaboom\n|turn|1\n|inactive|Pa7mmm has 30 seconds left.\n|\n|t:|1738501784\n|move|p1a: Rillaboom|Fake Out|p2a: Landorus\n|-damage|p2a: Landorus|84\/100\n|move|p2b: Iron Bundle|Taunt|p1b: Calyrex\n|-start|p1b: Calyrex|move: Taunt\n|cant|p2a: Landorus|flinch\n|cant|p1b: Calyrex|move: Taunt|Trick Room\n|\n|upkeep\n|turn|2\n|\n|t:|1738501804\n|-terastallize|p2a: Landorus|Water\n|move|p1a: Rillaboom|Grassy Glide|p2b: Iron Bundle\n|-supereffective|p2b: Iron Bundle\n|-damage|p2b: Iron Bundle|9\/100\n|move|p2b: Iron Bundle|Freeze-Dry|p1a: Rillaboom\n|-supereffective|p1a: Rillaboom\n|-damage|p1a: Rillaboom|53\/100\n|move|p2a: Landorus|Sandsear Storm|p1a: Rillaboom|[spread] p1a,p1b\n|-resisted|p1a: Rillaboom\n|-damage|p1a: Rillaboom|28\/100\n|-damage|p1b: Calyrex|58\/100\n|move|p1b: Calyrex|Glacial Lance|p2b: Iron Bundle|[spread] p2a,p2b\n|-resisted|p2a: Landorus\n|-resisted|p2b: Iron Bundle\n|-damage|p2a: Landorus|50\/100\n|-damage|p2b: Iron Bundle|0 fnt\n|faint|p2b: Iron Bundle\n|-end|p2b: Iron Bundle|Quark Drive|[silent]\n|-ability|p1b: Calyrex|Chilling Neigh|boost\n|-boost|p1b: Calyrex|atk|1\n|\n|-heal|p2a: Landorus|56\/100|[from] Grassy Terrain\n|-heal|p1a: Rillaboom|34\/100|[from] Grassy Terrain\n|-heal|p1b: Calyrex|64\/100|[from] Grassy Terrain\n|upkeep\n|\n|t:|1738501817\n|switch|p2b: Miraidon|Miraidon, L50|100\/100\n|-fieldstart|move: Electric Terrain|[from] ability: Hadron Engine|[of] p2b: Miraidon\n|turn|3\n|inactive|Elnabo has 30 seconds left.\n|\n|t:|1738501844\n|switch|p1a: Incineroar|Incineroar, L50, M, shiny|100\/100\n|-ability|p1a: Incineroar|Intimidate|boost\n|-unboost|p2a: Landorus|atk|1\n|-unboost|p2b: Miraidon|atk|1\n|move|p2b: Miraidon|Volt Switch|p1b: Calyrex\n|-damage|p1b: Calyrex|3\/100\n|\n|t:|1738501852\n|switch|p2b: Iron Hands|Iron Hands, L50, shiny|100\/100|[from] Volt Switch\n|-activate|p2b: Iron Hands|ability: Quark Drive\n|-start|p2b: Iron Hands|quarkdriveatk\n|move|p2a: Landorus|Earth Power|p1a: Incineroar\n|-supereffective|p1a: Incineroar\n|-damage|p1a: Incineroar|0 fnt\n|faint|p1a: Incineroar\n|move|p1b: Calyrex|Glacial Lance|p2b: Iron Hands|[spread] p2a,p2b\n|-resisted|p2a: Landorus\n|-damage|p2a: Landorus|9\/100\n|-damage|p2b: Iron Hands|49\/100\n|\n|-end|p1b: Calyrex|move: Taunt\n|upkeep\n|\n|t:|1738501868\n|switch|p1a: Urshifu|Urshifu-Rapid-Strike, L50, M|100\/100\n|turn|4\n|inactive|Elnabo has 30 seconds left.\n|\n|t:|1738501897\n|move|p2b: Iron Hands|Fake Out|p1a: Urshifu\n|-damage|p1a: Urshifu|80\/100\n|cant|p1a: Urshifu|flinch\n|move|p2a: Landorus|Sandsear Storm|p1a: Urshifu|[spread] p1a,p1b\n|-damage|p1a: Urshifu|0 fnt\n|-damage|p1b: Calyrex|0 fnt\n|faint|p1a: Urshifu\n|faint|p1b: Calyrex\n|\n|upkeep\n|\n|t:|1738501904\n|switch|p1b: Rillaboom|Rillaboom, L50, F, shiny|34\/100\n|-fieldstart|move: Grassy Terrain|[from] ability: Grassy Surge|[of] p1b: Rillaboom\n|-end|p2b: Iron Hands|Quark Drive\n|turn|5\n|-message|Elnabo forfeited.\n|\n|win|Pa7mmm\n|raw|Elnabo's rating: 1552 &rarr; <strong>1535<\/strong><br \/>(-17 for losing)\n|raw|Pa7mmm's rating: 1608 &rarr; <strong>1625<\/strong><br \/>(+17 for winning)\n|l|\u2606Elnabo\n|player|p1|\n|l|\u2606Pa7mmm\n|player|p2|\n","uploadtime":1738502179,"views":8,"formatid":"gen9vgc2025regg","rating":1535,"private":0,"password":null}