{"id":"gen9vgc2025regg-2292441538","format":"[Gen 9] VGC 2025 Reg G","players":["infinitygroudon","he0"],"log":"|j|\u2606infinitygroudon\n|j|\u2606he0\n|t:|1738423720\n|gametype|doubles\n|player|p1|infinitygroudon|266|1503\n|player|p2|he0|bellelba|1589\n|teamsize|p1|6\n|teamsize|p2|6\n|gen|9\n|tier|[Gen 9] VGC 2025 Reg G\n|rated|\n|rule|Species Clause: Limit one of each Pok\u00e9mon\n|rule|Item Clause: Limit 1 of each item\n|clearpoke\n|poke|p1|Terapagos, L50, M|\n|poke|p1|Clefairy, L50, F|\n|poke|p1|Rillaboom, L50, F|\n|poke|p1|Skeledirge, L50, M|\n|poke|p1|Urshifu-*, L50, M|\n|poke|p1|Chien-Pao, L50|\n|poke|p2|Ogerpon-Wellspring, L50, F|\n|poke|p2|Incineroar, L50, M|\n|poke|p2|Flutter Mane, L50|\n|poke|p2|Farigiraf, L50, M|\n|poke|p2|Calyrex-Ice, L50|\n|poke|p2|Chi-Yu, L50|\n|teampreview|4\n|\n|t:|1738423754\n|start\n|switch|p1a: Moonwater|Clefairy, L50, F|100\/100\n|switch|p1b: Perrine|Terapagos, L50, M|100\/100\n|switch|p2a: \u793e\u4f1a\u4f60\u864e\u54e5|Incineroar, L50, M|100\/100\n|switch|p2b: Calyrex|Calyrex-Ice, L50|100\/100\n|-activate|p1b: Perrine|ability: Tera Shift\n|detailschange|p1b: Perrine|Terapagos-Terastal, L50, M\n|-heal|p1b: Perrine|100\/100|[silent]\n|-ability|p2b: Calyrex|As One\n|-ability|p2b: Calyrex|Unnerve\n|-ability|p2a: \u793e\u4f1a\u4f60\u864e\u54e5|Intimidate|boost\n|-unboost|p1a: Moonwater|atk|1\n|-unboost|p1b: Perrine|atk|1\n|turn|1\n|\n|t:|1738423777\n|move|p2b: Calyrex|Protect|p2b: Calyrex\n|-singleturn|p2b: Calyrex|Protect\n|move|p1b: Perrine|Calm Mind|p1b: Perrine\n|-boost|p1b: Perrine|spa|1\n|-boost|p1b: Perrine|spd|1\n|move|p2a: \u793e\u4f1a\u4f60\u864e\u54e5|Parting Shot|p1b: Perrine\n|-unboost|p1b: Perrine|atk|1\n|-unboost|p1b: Perrine|spa|1\n|\n|t:|1738423783\n|switch|p2a: Ogerpon|Ogerpon-Wellspring, L50, F|100\/100|[from] Parting Shot\n|move|p1a: Moonwater|Life Dew||[still]|[still]|[spread] \n|-fail|p1a: Moonwater|heal\n|-fail|p1b: Perrine|heal\n|\n|upkeep\n|turn|2\n|\n|t:|1738423797\n|switch|p2a: \u793e\u4f1a\u4f60\u864e\u54e5|Incineroar, L50, M|100\/100\n|-ability|p2a: \u793e\u4f1a\u4f60\u864e\u54e5|Intimidate|boost\n|-unboost|p1a: Moonwater|atk|1\n|-unboost|p1b: Perrine|atk|1\n|move|p1a: Moonwater|Protect|p1a: Moonwater\n|-singleturn|p1a: Moonwater|Protect\n|move|p1b: Perrine|Calm Mind|p1b: Perrine\n|-boost|p1b: Perrine|spa|1\n|-boost|p1b: Perrine|spd|1\n|move|p2b: Calyrex|Glacial Lance|p1a: Moonwater|[spread] p1b\n|-activate|p1a: Moonwater|move: Protect\n|-activate|p1b: Perrine|ability: Tera Shell\n|-resisted|p1b: Perrine\n|-damage|p1b: Perrine|86\/100\n|\n|-heal|p1b: Perrine|92\/100|[from] item: Leftovers\n|upkeep\n|turn|3\n|\n|t:|1738423810\n|move|p1b: Perrine|Protect|p1b: Perrine\n|-singleturn|p1b: Perrine|Protect\n|move|p2a: \u793e\u4f1a\u4f60\u864e\u54e5|Will-O-Wisp|p1b: Perrine\n|-activate|p1b: Perrine|move: Protect\n|move|p2b: Calyrex|Glacial Lance|p1b: Perrine|[spread] p1a\n|-activate|p1b: Perrine|move: Protect\n|-damage|p1a: Moonwater|58\/100\n|move|p1a: Moonwater|Life Dew|p1a: Moonwater|[spread] p1a,p1b\n|-heal|p1a: Moonwater|83\/100\n|-heal|p1b: Perrine|100\/100\n|\n|upkeep\n|turn|4\n|\n|t:|1738423821\n|move|p2b: Calyrex|Protect|p2b: Calyrex\n|-singleturn|p2b: Calyrex|Protect\n|move|p1a: Moonwater|Follow Me|p1a: Moonwater\n|-singleturn|p1a: Moonwater|move: Follow Me\n|move|p1b: Perrine|Calm Mind|p1b: Perrine\n|-boost|p1b: Perrine|spa|1\n|-boost|p1b: Perrine|spd|1\n|move|p2a: \u793e\u4f1a\u4f60\u864e\u54e5|Will-O-Wisp|p1a: Moonwater\n|-status|p1a: Moonwater|brn\n|\n|-damage|p1a: Moonwater|77\/100 brn|[from] brn\n|upkeep\n|turn|5\n|\n|t:|1738423832\n|move|p1a: Moonwater|Follow Me|p1a: Moonwater\n|-singleturn|p1a: Moonwater|move: Follow Me\n|move|p1b: Perrine|Calm Mind|p1b: Perrine\n|-boost|p1b: Perrine|spa|1\n|-boost|p1b: Perrine|spd|1\n|move|p2a: \u793e\u4f1a\u4f60\u864e\u54e5|Parting Shot|p1a: Moonwater\n|-unboost|p1a: Moonwater|atk|1\n|-unboost|p1a: Moonwater|spa|1\n|\n|t:|1738423834\n|switch|p2a: Flutter Mane|Flutter Mane, L50|100\/100|[from] Parting Shot\n|-enditem|p2a: Flutter Mane|Booster Energy\n|-activate|p2a: Flutter Mane|ability: Protosynthesis|[fromitem]\n|-start|p2a: Flutter Mane|protosynthesisspe\n|move|p2b: Calyrex|Glacial Lance|p1b: Perrine|[spread] p1a,p1b\n|-activate|p1b: Perrine|ability: Tera Shell\n|-resisted|p1b: Perrine\n|-damage|p1a: Moonwater|34\/100 brn\n|-damage|p1b: Perrine|85\/100\n|\n|-heal|p1b: Perrine|91\/100|[from] item: Leftovers\n|-damage|p1a: Moonwater|28\/100 brn|[from] brn\n|upkeep\n|turn|6\n|\n|t:|1738423848\n|-terastallize|p1b: Perrine|Stellar\n|detailschange|p1b: Perrine|Terapagos-Stellar, L50, M, tera:Stellar\n|-heal|p1b: Perrine|93\/100|[silent]\n|move|p1a: Moonwater|Protect|p1a: Moonwater\n|-singleturn|p1a: Moonwater|Protect\n|move|p2a: Flutter Mane|Icy Wind|p1a: Moonwater|[spread] p1b\n|-activate|p1a: Moonwater|move: Protect\n|-damage|p1b: Perrine|92\/100\n|-unboost|p1b: Perrine|spe|1\n|move|p1b: Perrine|Tera Starstorm|p2b: Calyrex|[spread] p2a,p2b\n|-damage|p2a: Flutter Mane|14\/100\n|-damage|p2b: Calyrex|46\/100\n|move|p2b: Calyrex|Glacial Lance|p1b: Perrine|[spread] p1b\n|-activate|p1a: Moonwater|move: Protect\n|-damage|p1b: Perrine|69\/100\n|\n|-heal|p1b: Perrine|75\/100|[from] item: Leftovers\n|-damage|p1a: Moonwater|22\/100 brn|[from] brn\n|upkeep\n|turn|7\n|\n|t:|1738423870\n|switch|p1a: Ernesto|Skeledirge, L50, M|100\/100\n|move|p2b: Calyrex|Protect|p2b: Calyrex\n|-singleturn|p2b: Calyrex|Protect\n|move|p2a: Flutter Mane|Icy Wind|p1a: Ernesto|[spread] p1a,p1b\n|-resisted|p1a: Ernesto\n|-damage|p1a: Ernesto|95\/100\n|-damage|p1b: Perrine|73\/100\n|-unboost|p1a: Ernesto|spe|1\n|-unboost|p1b: Perrine|spe|1\n|move|p1b: Perrine|Tera Starstorm|p2b: Calyrex|[spread] p2a\n|-activate|p2b: Calyrex|move: Protect\n|-damage|p2a: Flutter Mane|0 fnt\n|faint|p2a: Flutter Mane\n|-end|p2a: Flutter Mane|Protosynthesis|[silent]\n|\n|-heal|p1b: Perrine|79\/100|[from] item: Leftovers\n|upkeep\n|\n|t:|1738423881\n|switch|p2a: Ogerpon|Ogerpon-Wellspring, L50, F|100\/100\n|turn|8\n|\n|t:|1738423897\n|move|p1b: Perrine|Protect|p1b: Perrine\n|-singleturn|p1b: Perrine|Protect\n|move|p2a: Ogerpon|Ivy Cudgel|p1a: Ernesto|[anim] Ivy Cudgel Water\n|-supereffective|p1a: Ernesto\n|-damage|p1a: Ernesto|13\/100\n|move|p2b: Calyrex|Glacial Lance|p1b: Perrine|[spread] p1a\n|-activate|p1b: Perrine|move: Protect\n|-resisted|p1a: Ernesto\n|-damage|p1a: Ernesto|0 fnt\n|faint|p1a: Ernesto\n|-ability|p2b: Calyrex|Chilling Neigh|boost\n|-boost|p2b: Calyrex|atk|1\n|\n|-heal|p1b: Perrine|85\/100|[from] item: Leftovers\n|upkeep\n|\n|t:|1738423909\n|switch|p1a: Ram|Urshifu, L50, M|100\/100\n|turn|9\n|\n|t:|1738423930\n|switch|p2a: \u793e\u4f1a\u4f60\u864e\u54e5|Incineroar, L50, M|100\/100\n|-ability|p2a: \u793e\u4f1a\u4f60\u864e\u54e5|Intimidate|boost\n|-unboost|p1a: Ram|atk|1\n|-unboost|p1b: Perrine|atk|1\n|-terastallize|p2b: Calyrex|Water\n|move|p1a: Ram|Wicked Blow|p2b: Calyrex\n|-crit|p2b: Calyrex\n|-damage|p2b: Calyrex|0 fnt\n|faint|p2b: Calyrex\n|move|p1b: Perrine|Tera Starstorm|p2a: \u793e\u4f1a\u4f60\u864e\u54e5\n|-damage|p2a: \u793e\u4f1a\u4f60\u864e\u54e5|0 fnt\n|faint|p2a: \u793e\u4f1a\u4f60\u864e\u54e5\n|\n|-heal|p1b: Perrine|91\/100|[from] item: Leftovers\n|upkeep\n|\n|t:|1738423942\n|switch|p2b: Ogerpon|Ogerpon-Wellspring, L50, F|100\/100\n|turn|10\n|\n|t:|1738423950\n|move|p2b: Ogerpon|Ivy Cudgel|p1b: Perrine|[anim] Ivy Cudgel Water\n|-damage|p1b: Perrine|60\/100\n|move|p1a: Ram|Wicked Blow|p2b: Ogerpon\n|-crit|p2b: Ogerpon\n|-damage|p2b: Ogerpon|0 fnt\n|faint|p2b: Ogerpon\n|\n|win|infinitygroudon\n|raw|infinitygroudon's rating: 1503 &rarr; <strong>1528<\/strong><br \/>(+25 for winning)\n|raw|he0's rating: 1589 &rarr; <strong>1564<\/strong><br \/>(-25 for losing)\n|l|\u2606infinitygroudon\n|player|p1|\n|l|\u2606he0\n|player|p2|\n","uploadtime":1738424216,"views":10,"formatid":"gen9vgc2025regg","rating":1528,"private":0,"password":null}