{"id":"gen9vgc2025regg-2292925667","format":"[Gen 9] VGC 2025 Reg G","players":["Diestoise","ahfoong0411"],"log":"|j|\u2606Diestoise\n|j|\u2606ahfoong0411\n|t:|1738498201\n|gametype|doubles\n|player|p1|Diestoise|blue|1527\n|player|p2|ahfoong0411|265|1636\n|teamsize|p1|6\n|teamsize|p2|6\n|gen|9\n|tier|[Gen 9] VGC 2025 Reg G\n|rated|\n|rule|Species Clause: Limit one of each Pok\u00e9mon\n|rule|Item Clause: Limit 1 of each item\n|clearpoke\n|poke|p1|Kyogre, L50|\n|poke|p1|Roaring Moon, L50|\n|poke|p1|Rillaboom, L50, M|\n|poke|p1|Farigiraf, L50, F|\n|poke|p1|Urshifu-*, L50, M|\n|poke|p1|Amoonguss, L50, F|\n|poke|p2|Calyrex-Ice, L50|\n|poke|p2|Amoonguss, L50, M|\n|poke|p2|Pelipper, L50, M|\n|poke|p2|Landorus, L50, M|\n|poke|p2|Urshifu-*, L50, M|\n|poke|p2|Roaring Moon, L50|\n|teampreview|4\n|\n|t:|1738498299\n|start\n|switch|p1a: Urshifu|Urshifu-Rapid-Strike, L50, M|100\/100\n|switch|p1b: Roaring Moon|Roaring Moon, L50, shiny|100\/100\n|switch|p2a: Roaring Moon|Roaring Moon, L50|100\/100\n|switch|p2b: Urshifu|Urshifu-Rapid-Strike, L50, M|100\/100\n|-enditem|p1b: Roaring Moon|Booster Energy\n|-activate|p1b: Roaring Moon|ability: Protosynthesis|[fromitem]\n|-start|p1b: Roaring Moon|protosynthesisspe\n|-enditem|p2a: Roaring Moon|Booster Energy\n|-activate|p2a: Roaring Moon|ability: Protosynthesis|[fromitem]\n|-start|p2a: Roaring Moon|protosynthesisspe\n|turn|1\n|\n|t:|1738498355\n|-terastallize|p1b: Roaring Moon|Flying\n|move|p1b: Roaring Moon|Tailwind|p1b: Roaring Moon\n|-sidestart|p1: Diestoise|move: Tailwind\n|move|p1a: Urshifu|U-turn|p2a: Roaring Moon\n|-supereffective|p2a: Roaring Moon\n|-damage|p2a: Roaring Moon|50\/100\n|\n|t:|1738498369\n|switch|p1a: Amoonguss|Amoonguss, L50, F|100\/100|[from] U-turn\n|move|p2a: Roaring Moon|Acrobatics|p1a: Amoonguss\n|-supereffective|p1a: Amoonguss\n|-damage|p1a: Amoonguss|48\/100\n|-damage|p2a: Roaring Moon|34\/100|[from] item: Rocky Helmet|[of] p1a: Amoonguss\n|move|p2b: Urshifu|Close Combat|p1b: Roaring Moon\n|-resisted|p1b: Roaring Moon\n|-damage|p1b: Roaring Moon|61\/100\n|-unboost|p2b: Urshifu|def|1\n|-unboost|p2b: Urshifu|spd|1\n|\n|upkeep\n|turn|2\n|\n|t:|1738498417\n|switch|p2b: Calyrex|Calyrex-Ice, L50|100\/100\n|-ability|p2b: Calyrex|As One\n|-ability|p2b: Calyrex|Unnerve\n|move|p1a: Amoonguss|Rage Powder|p1a: Amoonguss\n|-singleturn|p1a: Amoonguss|move: Rage Powder\n|move|p1b: Roaring Moon|Acrobatics|p2a: Roaring Moon\n|-damage|p2a: Roaring Moon|0 fnt\n|faint|p2a: Roaring Moon\n|-end|p2a: Roaring Moon|Protosynthesis|[silent]\n|\n|upkeep\n|inactive|Battle timer is ON: inactive players will automatically lose when time's up. (requested by Diestoise)\n|\n|t:|1738498469\n|switch|p2a: Urshifu|Urshifu-Rapid-Strike, L50, M|100\/100\n|turn|3\n|inactive|ahfoong0411 has 30 seconds left.\n|inactive|Diestoise has 30 seconds left.\n|inactive|ahfoong0411 has 20 seconds left.\n|\n|t:|1738498509\n|-terastallize|p2b: Calyrex|Fairy\n|move|p2a: Urshifu|Detect|p2a: Urshifu\n|-singleturn|p2a: Urshifu|Protect\n|move|p1b: Roaring Moon|Acrobatics|p2a: Urshifu\n|-activate|p2a: Urshifu|move: Protect\n|move|p1a: Amoonguss|Spore|p2b: Calyrex\n|-status|p2b: Calyrex|slp|[from] move: Spore\n|cant|p2b: Calyrex|slp\n|\n|upkeep\n|turn|4\n|\n|t:|1738498529\n|switch|p2a: Landorus|Landorus, L50, M|100\/100\n|move|p1b: Roaring Moon|Acrobatics|p2a: Landorus\n|-damage|p2a: Landorus|38\/100\n|move|p1a: Amoonguss|Sludge Bomb|p2a: Landorus\n|-resisted|p2a: Landorus\n|-damage|p2a: Landorus|22\/100\n|-status|p2a: Landorus|psn\n|cant|p2b: Calyrex|slp\n|\n|-damage|p2a: Landorus|10\/100 psn|[from] psn\n|-sideend|p1: Diestoise|move: Tailwind\n|upkeep\n|turn|5\n|inactive|Diestoise has 30 seconds left.\n|inactive|ahfoong0411 has 30 seconds left.\n|\n|t:|1738498567\n|switch|p1a: Urshifu|Urshifu-Rapid-Strike, L50, M|100\/100\n|move|p2a: Landorus|Protect|p2a: Landorus\n|-singleturn|p2a: Landorus|Protect\n|move|p1b: Roaring Moon|Acrobatics|p2a: Landorus\n|-activate|p2a: Landorus|move: Protect\n|-curestatus|p2b: Calyrex|slp|[msg]\n|move|p2b: Calyrex|Glacial Lance|p1b: Roaring Moon|[spread] p1a,p1b\n|-resisted|p1a: Urshifu\n|-supereffective|p1b: Roaring Moon\n|-damage|p1a: Urshifu|72\/100\n|-damage|p1b: Roaring Moon|0 fnt\n|faint|p1b: Roaring Moon\n|-end|p1b: Roaring Moon|Protosynthesis|[silent]\n|-ability|p2b: Calyrex|Chilling Neigh|boost\n|-boost|p2b: Calyrex|atk|1\n|\n|-damage|p2a: Landorus|0 fnt|[from] psn\n|faint|p2a: Landorus\n|upkeep\n|inactive|Diestoise has 30 seconds left.\n|\n|t:|1738498598\n|switch|p1b: Kyogre|Kyogre, L50|100\/100\n|switch|p2a: Urshifu|Urshifu-Rapid-Strike, L50, M|100\/100\n|-weather|RainDance|[from] ability: Drizzle|[of] p1b: Kyogre\n|turn|6\n|\n|t:|1738498622\n|move|p1a: Urshifu|Surging Strikes|p2b: Calyrex\n|-crit|p2b: Calyrex\n|-damage|p2b: Calyrex|81\/100\n|-crit|p2b: Calyrex\n|-damage|p2b: Calyrex|62\/100\n|-crit|p2b: Calyrex\n|-damage|p2b: Calyrex|42\/100\n|-hitcount|p2b: Calyrex|3\n|move|p2a: Urshifu|Surging Strikes|p1a: Urshifu\n|-resisted|p1a: Urshifu\n|-crit|p1a: Urshifu\n|-damage|p1a: Urshifu|55\/100\n|-resisted|p1a: Urshifu\n|-crit|p1a: Urshifu\n|-damage|p1a: Urshifu|39\/100\n|-resisted|p1a: Urshifu\n|-crit|p1a: Urshifu\n|-damage|p1a: Urshifu|23\/100\n|-hitcount|p1a: Urshifu|3\n|move|p1b: Kyogre|Origin Pulse|p2a: Urshifu|[spread] p2a,p2b\n|-resisted|p2a: Urshifu\n|-damage|p2a: Urshifu|52\/100\n|-damage|p2b: Calyrex|0 fnt\n|faint|p2b: Calyrex\n|\n|-weather|RainDance|[upkeep]\n|upkeep\n|turn|7\n|-message|ahfoong0411 forfeited.\n|\n|win|Diestoise\n|raw|Diestoise's rating: 1527 &rarr; <strong>1553<\/strong><br \/>(+26 for winning)\n|raw|ahfoong0411's rating: 1636 &rarr; <strong>1610<\/strong><br \/>(-26 for losing)\n|l|\u2606ahfoong0411\n|player|p2|\n|l|\u2606Diestoise\n|player|p1|\n","uploadtime":1738498897,"views":9,"formatid":"gen9vgc2025regg","rating":1553,"private":0,"password":null}