{"id":"gen9vgc2025regg-2292487235","format":"[Gen 9] VGC 2025 Reg G","players":["bidoofutopia","LunarLooser"],"log":"|j|\u2606bidoofutopia\n|j|\u203dLunarLooser\n|t:|1738429903\n|gametype|doubles\n|player|p1|bidoofutopia|lucas|1620\n|player|p2|LunarLooser|266|1568\n|teamsize|p1|6\n|teamsize|p2|6\n|gen|9\n|tier|[Gen 9] VGC 2025 Reg G\n|rated|\n|rule|Species Clause: Limit one of each Pok\u00e9mon\n|rule|Item Clause: Limit 1 of each item\n|clearpoke\n|poke|p1|Landorus, L50, M|\n|poke|p1|Pelipper, L50, F|\n|poke|p1|Urshifu-*, L50, F|\n|poke|p1|Calyrex-Ice, L50|\n|poke|p1|Amoonguss, L50, F|\n|poke|p1|Raging Bolt, L50|\n|poke|p2|Kyogre, L50|\n|poke|p2|Tsareena, L50, F|\n|poke|p2|Urshifu-*, L50, M|\n|poke|p2|Landorus, L50, M|\n|poke|p2|Tornadus, L50, M|\n|poke|p2|Raging Bolt, L50|\n|teampreview|4\n|inactive|Battle timer is ON: inactive players will automatically lose when time's up. (requested by LunarLooser)\n|inactive|bidoofutopia also wants the timer to be on.\n|\n|t:|1738429932\n|start\n|switch|p1a: Raging Bolt|Raging Bolt, L50|100\/100\n|switch|p1b: Calyrex|Calyrex-Ice, L50|100\/100\n|switch|p2a: Kyogre|Kyogre, L50|100\/100\n|switch|p2b: Tornadus|Tornadus, L50, M|100\/100\n|-ability|p1b: Calyrex|As One\n|-ability|p1b: Calyrex|Unnerve\n|-weather|RainDance|[from] ability: Drizzle|[of] p2a: Kyogre\n|turn|1\n|\n|t:|1738429955\n|switch|p2b: Tsareena|Tsareena, L50, F|100\/100\n|-terastallize|p2a: Kyogre|Water\n|-terastallize|p1b: Calyrex|Grass\n|move|p1a: Raging Bolt|Thunderclap||[still]\n|cant|p2b: Tsareena|ability: Queenly Majesty|Thunderclap|[of] p1a: Raging Bolt\n|move|p2a: Kyogre|Water Spout|p1b: Calyrex|[spread] p1a,p1b\n|-resisted|p1a: Raging Bolt\n|-crit|p1a: Raging Bolt\n|-resisted|p1b: Calyrex\n|-damage|p1a: Raging Bolt|26\/100\n|-damage|p1b: Calyrex|45\/100\n|move|p1b: Calyrex|Trick Room|p1b: Calyrex\n|-fieldstart|move: Trick Room|[of] p1b: Calyrex\n|\n|-weather|RainDance|[upkeep]\n|upkeep\n|turn|2\n|inactive|LunarLooser has 30 seconds left.\n|\n|t:|1738429985\n|move|p1b: Calyrex|Glacial Lance|p2a: Kyogre|[spread] p2a,p2b\n|-resisted|p2a: Kyogre\n|-supereffective|p2b: Tsareena\n|-damage|p2a: Kyogre|63\/100\n|-enditem|p2b: Tsareena|Focus Sash\n|-damage|p2b: Tsareena|1\/100\n|move|p1a: Raging Bolt|Thunderbolt|p2a: Kyogre\n|-supereffective|p2a: Kyogre\n|-damage|p2a: Kyogre|0 fnt\n|faint|p2a: Kyogre\n|move|p2b: Tsareena|Triple Axel|p1b: Calyrex\n|-supereffective|p1b: Calyrex\n|-damage|p1b: Calyrex|37\/100\n|-supereffective|p1b: Calyrex\n|-damage|p1b: Calyrex|21\/100\n|-supereffective|p1b: Calyrex\n|-damage|p1b: Calyrex|0 fnt\n|faint|p1b: Calyrex\n|-hitcount|p1: Calyrex|3\n|\n|-weather|RainDance|[upkeep]\n|upkeep\n|\n|t:|1738429995\n|switch|p1b: Amoonguss|Amoonguss, L50, F|100\/100\n|switch|p2a: Raging Bolt|Raging Bolt, L50|100\/100\n|turn|3\n|\n|t:|1738430008\n|move|p2b: Tsareena|Protect|p2b: Tsareena\n|-singleturn|p2b: Tsareena|Protect\n|move|p1b: Amoonguss|Spore|p2a: Raging Bolt\n|-status|p2a: Raging Bolt|slp|[from] move: Spore\n|move|p1a: Raging Bolt|Thunderbolt|p2b: Tsareena\n|-activate|p2b: Tsareena|move: Protect\n|cant|p2a: Raging Bolt|slp\n|\n|-weather|RainDance|[upkeep]\n|upkeep\n|turn|4\n|\n|t:|1738430029\n|move|p2b: Tsareena|Protect||[still]\n|-fail|p2b: Tsareena\n|move|p1b: Amoonguss|Clear Smog|p2b: Tsareena\n|-supereffective|p2b: Tsareena\n|-damage|p2b: Tsareena|0 fnt\n|-clearboost|p2b: Tsareena\n|faint|p2b: Tsareena\n|move|p1a: Raging Bolt|Draco Meteor|p2a: Raging Bolt|[miss]\n|-miss|p1a: Raging Bolt|p2a: Raging Bolt\n|cant|p2a: Raging Bolt|slp\n|\n|-weather|RainDance|[upkeep]\n|upkeep\n|\n|t:|1738430031\n|switch|p2b: Tornadus|Tornadus, L50, M|100\/100\n|turn|5\n|\n|t:|1738430054\n|move|p2b: Tornadus|Taunt|p1b: Amoonguss\n|-start|p1b: Amoonguss|move: Taunt\n|move|p1b: Amoonguss|Pollen Puff|p1a: Raging Bolt\n|-heal|p1a: Raging Bolt|76\/100\n|move|p1a: Raging Bolt|Draco Meteor|p2a: Raging Bolt\n|-supereffective|p2a: Raging Bolt\n|-damage|p2a: Raging Bolt|22\/100 slp\n|-unboost|p1a: Raging Bolt|spa|2\n|cant|p2a: Raging Bolt|slp\n|\n|-weather|none\n|-fieldend|move: Trick Room\n|upkeep\n|turn|6\n|\n|t:|1738430075\n|switch|p1b: Urshifu|Urshifu-Rapid-Strike, L50, F|100\/100\n|move|p2b: Tornadus|Bleakwind Storm|p1b: Urshifu|[spread] p1a,p1b\n|-resisted|p1a: Raging Bolt\n|-supereffective|p1b: Urshifu\n|-damage|p1a: Raging Bolt|68\/100\n|-damage|p1b: Urshifu|22\/100\n|-curestatus|p2a: Raging Bolt|slp|[msg]\n|move|p2a: Raging Bolt|Dragon Pulse|p1a: Raging Bolt\n|-supereffective|p1a: Raging Bolt\n|-damage|p1a: Raging Bolt|21\/100\n|move|p1a: Raging Bolt|Draco Meteor|p2a: Raging Bolt\n|-supereffective|p2a: Raging Bolt\n|-damage|p2a: Raging Bolt|0 fnt\n|-unboost|p1a: Raging Bolt|spa|2\n|faint|p2a: Raging Bolt\n|-end|p2a: Raging Bolt|Protosynthesis|[silent]\n|\n|upkeep\n|turn|7\n|\n|t:|1738430088\n|-end|p1a: Raging Bolt|Protosynthesis|[silent]\n|switch|p1a: Amoonguss|Amoonguss, L50, F|100\/100\n|move|p1b: Urshifu|Detect|p1b: Urshifu\n|-singleturn|p1b: Urshifu|Protect\n|move|p2b: Tornadus|Bleakwind Storm|p1a: Amoonguss|[spread] p1a\n|-activate|p1b: Urshifu|move: Protect\n|-supereffective|p1a: Amoonguss\n|-damage|p1a: Amoonguss|51\/100\n|\n|upkeep\n|turn|8\n|\n|t:|1738430098\n|move|p1b: Urshifu|Aqua Jet|p2b: Tornadus\n|-damage|p2b: Tornadus|73\/100\n|move|p2b: Tornadus|Bleakwind Storm|p1b: Urshifu|[spread] p1b\n|-miss|p2b: Tornadus|p1a: Amoonguss\n|-supereffective|p1b: Urshifu\n|-crit|p1b: Urshifu\n|-damage|p1b: Urshifu|0 fnt\n|faint|p1b: Urshifu\n|move|p1a: Amoonguss|Spore|p2b: Tornadus\n|-status|p2b: Tornadus|slp|[from] move: Spore\n|\n|upkeep\n|-message|LunarLooser forfeited.\n|\n|win|bidoofutopia\n|raw|bidoofutopia's rating: 1604 &rarr; <strong>1622<\/strong><br \/>(+18 for winning)\n|raw|LunarLooser's rating: 1568 &rarr; <strong>1550<\/strong><br \/>(-18 for losing)\n|l|\u203dLunarLooser\n|player|p2|\n|l|\u2606bidoofutopia\n|player|p1|\n","uploadtime":1738430292,"views":8,"formatid":"gen9vgc2025regg","rating":1550,"private":0,"password":null}