{"id":"gen9vgc2025regg-2292069325","format":"[Gen 9] VGC 2025 Reg G","players":["FunkyPengu1n","Wilfredistall"],"log":"|j|\u203dFunkyPengu1n\n|j|\u2606Wilfredistall\n|t:|1738360520\n|gametype|doubles\n|player|p1|FunkyPengu1n|266|1602\n|player|p2|Wilfredistall|2|1725\n|teamsize|p1|6\n|teamsize|p2|6\n|gen|9\n|tier|[Gen 9] VGC 2025 Reg G\n|rated|\n|rule|Species Clause: Limit one of each Pok\u00e9mon\n|rule|Item Clause: Limit 1 of each item\n|clearpoke\n|poke|p1|Calyrex-Shadow, L50|\n|poke|p1|Rillaboom, L50, F|\n|poke|p1|Urshifu-*, L50, M|\n|poke|p1|Incineroar, L50, F|\n|poke|p1|Amoonguss, L50, F|\n|poke|p1|Tornadus, L50, M|\n|poke|p2|Miraidon, L50|\n|poke|p2|Whimsicott, L50, M|\n|poke|p2|Urshifu-*, L50, F|\n|poke|p2|Ogerpon-Hearthflame, L50, F|\n|poke|p2|Farigiraf, L50, M|\n|poke|p2|Iron Hands, L50|\n|teampreview|4\n|j| artinhistory\nWilfredistall has agreed to open team sheets.\n|\n|t:|1738360543\n|start\n|switch|p1a: Calyrex|Calyrex-Shadow, L50|100\/100\n|switch|p1b: Incineroar|Incineroar, L50, F|100\/100\n|switch|p2a: Miraidon|Miraidon, L50|100\/100\n|switch|p2b: Ogerpon|Ogerpon-Hearthflame, L50, F|100\/100\n|-ability|p1a: Calyrex|As One\n|-ability|p1a: Calyrex|Unnerve\n|-fieldstart|move: Electric Terrain|[from] ability: Hadron Engine|[of] p2a: Miraidon\n|-ability|p2b: Ogerpon|Mold Breaker\n|-ability|p1b: Incineroar|Intimidate|boost\n|-unboost|p2a: Miraidon|atk|1\n|-unboost|p2b: Ogerpon|atk|1\n|turn|1\n|\n|t:|1738360571\n|switch|p2b: Farigiraf|Farigiraf, L50, M|100\/100\n|-enditem|p2b: Farigiraf|Electric Seed\n|-boost|p2b: Farigiraf|def|1|[from] item: Electric Seed\n|move|p1b: Incineroar|Fake Out||[still]\n|cant|p2b: Farigiraf|ability: Armor Tail|Fake Out|[of] p1b: Incineroar\n|move|p1a: Calyrex|Astral Barrage|p2b: Farigiraf|[spread] p2a\n|-immune|p2b: Farigiraf\n|-damage|p2a: Miraidon|57\/100\n|move|p2a: Miraidon|Volt Switch|p1a: Calyrex\n|-damage|p1a: Calyrex|12\/100\n|\n|t:|1738360586\n|switch|p2a: Whimsicott|Whimsicott, L50, M|100\/100|[from] Volt Switch\n|\n|upkeep\n|turn|2\n|\n|t:|1738360607\n|switch|p1a: Amoonguss|Amoonguss, L50, F|100\/100\n|move|p2a: Whimsicott|Light Screen|p2a: Whimsicott\n|-sidestart|p2: Wilfredistall|move: Light Screen\n|move|p2b: Farigiraf|Foul Play|p1a: Amoonguss\n|-damage|p1a: Amoonguss|89\/100\n|move|p1b: Incineroar|Knock Off|p2b: Farigiraf\n|-supereffective|p2b: Farigiraf\n|-damage|p2b: Farigiraf|75\/100\n|\n|upkeep\n|turn|3\n|\n|t:|1738360627\n|switch|p2a: Miraidon|Miraidon, L50|57\/100\n|-activate|p2a: Miraidon|ability: Hadron Engine\n|move|p2b: Farigiraf|Psychic Noise|p1a: Amoonguss\n|-supereffective|p1a: Amoonguss\n|-damage|p1a: Amoonguss|37\/100\n|-start|p1a: Amoonguss|move: Heal Block\n|-enditem|p1a: Amoonguss|Mental Herb\n|-end|p1a: Amoonguss|move: Heal Block\n|move|p1b: Incineroar|Parting Shot|p2a: Miraidon\n|-unboost|p2a: Miraidon|atk|1\n|-unboost|p2a: Miraidon|spa|1\n|\n|t:|1738360640\n|switch|p1b: Rillaboom|Rillaboom, L50, F|100\/100|[from] Parting Shot\n|-fieldstart|move: Grassy Terrain|[from] ability: Grassy Surge|[of] p1b: Rillaboom\n|move|p1a: Amoonguss|Spore|p2b: Farigiraf\n|-status|p2b: Farigiraf|slp|[from] move: Spore\n|\n|-heal|p2a: Miraidon|63\/100|[from] Grassy Terrain\n|-heal|p2b: Farigiraf|81\/100 slp|[from] Grassy Terrain\n|-heal|p1a: Amoonguss|43\/100|[from] Grassy Terrain\n|upkeep\n|turn|4\n|\n|t:|1738360659\n|cant|p2b: Farigiraf|slp\n|move|p2a: Miraidon|Draco Meteor|p1a: Amoonguss\n|-damage|p1a: Amoonguss|0 fnt\n|-unboost|p2a: Miraidon|spa|2\n|faint|p1a: Amoonguss\n|move|p1b: Rillaboom|U-turn|p2b: Farigiraf\n|-supereffective|p2b: Farigiraf\n|-damage|p2b: Farigiraf|54\/100 slp\n|\n|t:|1738360665\n|switch|p1b: Calyrex|Calyrex-Shadow, L50|12\/100|[from] U-turn\n|-ability|p1b: Calyrex|As One\n|-ability|p1b: Calyrex|Unnerve\n|\n|-heal|p1b: Calyrex|18\/100|[from] Grassy Terrain\n|-heal|p2a: Miraidon|69\/100|[from] Grassy Terrain\n|-heal|p2b: Farigiraf|60\/100 slp|[from] Grassy Terrain\n|upkeep\n|\n|t:|1738360673\n|switch|p1a: Rillaboom|Rillaboom, L50, F|100\/100\n|turn|5\n|\n|t:|1738360685\n|switch|p2a: Whimsicott|Whimsicott, L50, M|100\/100\n|-terastallize|p1b: Calyrex|Fairy\n|move|p1b: Calyrex|Draining Kiss|p2a: Whimsicott\n|-damage|p2a: Whimsicott|77\/100\n|-heal|p1b: Calyrex|32\/100|[from] drain|[of] p2a: Whimsicott\n|move|p1a: Rillaboom|Wood Hammer|p2b: Farigiraf\n|-damage|p2b: Farigiraf|15\/100 slp\n|-damage|p1a: Rillaboom|84\/100|[from] Recoil\n|cant|p2b: Farigiraf|slp\n|\n|-heal|p1b: Calyrex|38\/100|[from] Grassy Terrain\n|-heal|p2a: Whimsicott|83\/100|[from] Grassy Terrain\n|-heal|p1a: Rillaboom|90\/100|[from] Grassy Terrain\n|-heal|p2b: Farigiraf|20\/100 slp|[from] Grassy Terrain\n|upkeep\n|turn|6\n|\n|t:|1738360703\n|move|p2a: Whimsicott|Tailwind|p2a: Whimsicott\n|-sidestart|p2: Wilfredistall|move: Tailwind\n|move|p1b: Calyrex|Draining Kiss|p2a: Whimsicott\n|-damage|p2a: Whimsicott|56\/100\n|-heal|p1b: Calyrex|55\/100|[from] drain|[of] p2a: Whimsicott\n|cant|p2b: Farigiraf|slp\n|move|p1a: Rillaboom|Wood Hammer|p2b: Farigiraf\n|-damage|p2b: Farigiraf|0 fnt\n|faint|p2b: Farigiraf\n|-damage|p1a: Rillaboom|83\/100|[from] Recoil\n|\n|-heal|p2a: Whimsicott|62\/100|[from] Grassy Terrain\n|-heal|p1b: Calyrex|61\/100|[from] Grassy Terrain\n|-heal|p1a: Rillaboom|89\/100|[from] Grassy Terrain\n|-sideend|p2: Wilfredistall|move: Light Screen\n|upkeep\n|\n|t:|1738360713\n|switch|p2b: Miraidon|Miraidon, L50|69\/100\n|-fieldstart|move: Electric Terrain|[from] ability: Hadron Engine|[of] p2b: Miraidon\n|turn|7\n|\n|t:|1738360721\n|switch|p1a: Incineroar|Incineroar, L50, F|100\/100\n|-ability|p1a: Incineroar|Intimidate|boost\n|-unboost|p2a: Whimsicott|atk|1\n|-unboost|p2b: Miraidon|atk|1\n|-terastallize|p2b: Miraidon|Fairy\n|move|p1b: Calyrex|Protect|p1b: Calyrex\n|-singleturn|p1b: Calyrex|Protect\n|move|p2a: Whimsicott|Light Screen|p2a: Whimsicott\n|-sidestart|p2: Wilfredistall|move: Light Screen\n|move|p2b: Miraidon|Dazzling Gleam|p1a: Incineroar|[spread] p1a\n|-activate|p1b: Calyrex|move: Protect\n|-damage|p1a: Incineroar|44\/100\n|\n|upkeep\n|turn|8\n|\n|t:|1738360744\n|switch|p2b: Ogerpon|Ogerpon-Hearthflame, L50, F|100\/100\n|-ability|p2b: Ogerpon|Mold Breaker\n|switch|p1b: Rillaboom|Rillaboom, L50, F|89\/100\n|-fieldstart|move: Grassy Terrain|[from] ability: Grassy Surge|[of] p1b: Rillaboom\n|move|p1a: Incineroar|Fake Out|p2b: Ogerpon\n|-crit|p2b: Ogerpon\n|-damage|p2b: Ogerpon|83\/100\n|move|p2a: Whimsicott|Encore||[still]\n|-fail|p2a: Whimsicott\n|\n|-heal|p2a: Whimsicott|68\/100|[from] Grassy Terrain\n|-heal|p2b: Ogerpon|89\/100|[from] Grassy Terrain\n|-heal|p1b: Rillaboom|95\/100|[from] Grassy Terrain\n|-heal|p1a: Incineroar|50\/100|[from] Grassy Terrain\n|upkeep\n|turn|9\n|\n|t:|1738360772\n|move|p1b: Rillaboom|Fake Out|p2b: Ogerpon\n|-damage|p2b: Ogerpon|75\/100\n|move|p2a: Whimsicott|Moonblast|p1a: Incineroar\n|-damage|p1a: Incineroar|27\/100\n|cant|p2b: Ogerpon|flinch\n|move|p1a: Incineroar|Parting Shot|p2a: Whimsicott\n|-unboost|p2a: Whimsicott|atk|1\n|-unboost|p2a: Whimsicott|spa|1\n|\n|t:|1738360778\n|switch|p1a: Calyrex|Calyrex-Shadow, L50, tera:Fairy|61\/100|[from] Parting Shot\n|-ability|p1a: Calyrex|As One\n|-ability|p1a: Calyrex|Unnerve\n|\n|-heal|p2a: Whimsicott|74\/100|[from] Grassy Terrain\n|-heal|p2b: Ogerpon|82\/100|[from] Grassy Terrain\n|-heal|p1a: Calyrex|67\/100|[from] Grassy Terrain\n|-heal|p1b: Rillaboom|100\/100|[from] Grassy Terrain\n|-sideend|p2: Wilfredistall|move: Tailwind\n|upkeep\n|turn|10\n|j| Sh0wmak3r\n|\n|t:|1738360785\n|switch|p1b: Incineroar|Incineroar, L50, F|27\/100\n|-ability|p1b: Incineroar|Intimidate|boost\n|-unboost|p2a: Whimsicott|atk|1\n|-unboost|p2b: Ogerpon|atk|1\n|move|p2a: Whimsicott|Tailwind|p2a: Whimsicott\n|-sidestart|p2: Wilfredistall|move: Tailwind\n|move|p2b: Ogerpon|Wood Hammer|p1a: Calyrex\n|-damage|p1a: Calyrex|9\/100\n|-damage|p2b: Ogerpon|60\/100|[from] Recoil\n|move|p1a: Calyrex|Astral Barrage|p2a: Whimsicott|[spread] p2a,p2b\n|-damage|p2a: Whimsicott|39\/100\n|-damage|p2b: Ogerpon|26\/100\n|\n|-heal|p2a: Whimsicott|45\/100|[from] Grassy Terrain\n|-heal|p2b: Ogerpon|32\/100|[from] Grassy Terrain\n|-heal|p1a: Calyrex|15\/100|[from] Grassy Terrain\n|-heal|p1b: Incineroar|33\/100|[from] Grassy Terrain\n|upkeep\n|turn|11\n|l| Sh0wmak3r\n|\n|t:|1738360806\n|switch|p2b: Miraidon|Miraidon, L50, tera:Fairy|69\/100\n|-fieldstart|move: Electric Terrain|[from] ability: Hadron Engine|[of] p2b: Miraidon\n|move|p1b: Incineroar|Fake Out|p2b: Miraidon\n|-damage|p2b: Miraidon|59\/100\n|move|p2a: Whimsicott|Moonblast|p1a: Calyrex\n|-damage|p1a: Calyrex|0 fnt\n|faint|p1a: Calyrex\n|\n|-sideend|p2: Wilfredistall|move: Light Screen\n|upkeep\n|\n|t:|1738360814\n|switch|p1a: Rillaboom|Rillaboom, L50, F|100\/100\n|-fieldstart|move: Grassy Terrain|[from] ability: Grassy Surge|[of] p1a: Rillaboom\n|turn|12\n|\n|t:|1738360822\n|switch|p2b: Ogerpon|Ogerpon-Hearthflame, L50, F|32\/100\n|-ability|p2b: Ogerpon|Mold Breaker\n|move|p2a: Whimsicott|Moonblast|p1b: Incineroar\n|-damage|p1b: Incineroar|17\/100\n|move|p1a: Rillaboom|Wood Hammer|p2b: Ogerpon\n|-resisted|p2b: Ogerpon\n|-damage|p2b: Ogerpon|11\/100\n|-damage|p1a: Rillaboom|95\/100|[from] Recoil\n|move|p1b: Incineroar|Knock Off|p2b: Ogerpon\n|-damage|p2b: Ogerpon|0 fnt\n|faint|p2b: Ogerpon\n|\n|-heal|p2a: Whimsicott|51\/100|[from] Grassy Terrain\n|-heal|p1a: Rillaboom|100\/100|[from] Grassy Terrain\n|-heal|p1b: Incineroar|23\/100|[from] Grassy Terrain\n|upkeep\n|\n|t:|1738360825\n|switch|p2b: Miraidon|Miraidon, L50, tera:Fairy|59\/100\n|-fieldstart|move: Electric Terrain|[from] ability: Hadron Engine|[of] p2b: Miraidon\n|turn|13\n|\n|t:|1738360834\n|move|p2b: Miraidon|Dazzling Gleam|p1b: Incineroar|[spread] p1a,p1b\n|-damage|p1a: Rillaboom|50\/100\n|-damage|p1b: Incineroar|0 fnt\n|faint|p1b: Incineroar\n|move|p2a: Whimsicott|Moonblast|p1a: Rillaboom\n|-damage|p1a: Rillaboom|38\/100\n|-unboost|p1a: Rillaboom|spa|1\n|move|p1a: Rillaboom|Wood Hammer|p2b: Miraidon\n|-damage|p2b: Miraidon|2\/100\n|-damage|p1a: Rillaboom|21\/100|[from] Recoil\n|\n|-sideend|p2: Wilfredistall|move: Tailwind\n|upkeep\n|turn|14\n|\n|t:|1738360840\n|move|p2b: Miraidon|Dazzling Gleam|p1a: Rillaboom\n|-damage|p1a: Rillaboom|0 fnt\n|faint|p1a: Rillaboom\n|\n|win|Wilfredistall\n|raw|FunkyPengu1n's rating: 1602 &rarr; <strong>1589<\/strong><br \/>(-13 for losing)\n|raw|Wilfredistall's rating: 1725 &rarr; <strong>1738<\/strong><br \/>(+13 for winning)\n|l|\u2606Wilfredistall\n|player|p2|\n|l| artinhistory\n|l|\u203dFunkyPengu1n\n|player|p1|\n","uploadtime":1738361033,"views":5,"formatid":"gen9vgc2025regg","rating":1589,"private":0,"password":null}