{"id":"gen9vgc2025regg-2292936210","format":"[Gen 9] VGC 2025 Reg G","players":["ahfoong0411","arkjsmith"],"log":"|j|\u2606ahfoong0411\n|j|\u2606arkjsmith\n|t:|1738500329\n|gametype|doubles\n|player|p1|ahfoong0411|265|1589\n|player|p2|arkjsmith|roxie|1575\n|teamsize|p1|6\n|teamsize|p2|6\n|gen|9\n|tier|[Gen 9] VGC 2025 Reg G\n|rated|\n|rule|Species Clause: Limit one of each Pok\u00e9mon\n|rule|Item Clause: Limit 1 of each item\n|clearpoke\n|poke|p1|Calyrex-Ice, L50|\n|poke|p1|Amoonguss, L50, M|\n|poke|p1|Pelipper, L50, M|\n|poke|p1|Landorus, L50, M|\n|poke|p1|Urshifu-*, L50, M|\n|poke|p1|Roaring Moon, L50|\n|poke|p2|Dondozo, L50, M|\n|poke|p2|Tatsugiri-Droopy, L50, F|\n|poke|p2|Miraidon, L50|\n|poke|p2|Sneasler, L50, F|\n|poke|p2|Iron Treads, L50|\n|poke|p2|Volcarona, L50, M|\n|teampreview|4\n|inactive|Battle timer is ON: inactive players will automatically lose when time's up. (requested by arkjsmith)\n|j| yukina VGC\n|inactive|ahfoong0411 has 60 seconds left.\n|inactive|ahfoong0411 has 30 seconds left.\n|inactive|ahfoong0411 has 20 seconds left.\n|inactive|ahfoong0411 has 15 seconds left.\n|\n|t:|1738500409\n|start\n|switch|p1a: Calyrex|Calyrex-Ice, L50|100\/100\n|switch|p1b: Roaring Moon|Roaring Moon, L50|100\/100\n|switch|p2a: Miraidon|Miraidon, L50|100\/100\n|switch|p2b: Sneasler|Sneasler, L50, F|100\/100\n|-ability|p1a: Calyrex|As One\n|-ability|p1a: Calyrex|Unnerve\n|-fieldstart|move: Electric Terrain|[from] ability: Hadron Engine|[of] p2a: Miraidon\n|-enditem|p2b: Sneasler|Electric Seed\n|-boost|p2b: Sneasler|def|1|[from] item: Electric Seed\n|-enditem|p1b: Roaring Moon|Booster Energy\n|-activate|p1b: Roaring Moon|ability: Protosynthesis|[fromitem]\n|-start|p1b: Roaring Moon|protosynthesisspe\n|turn|1\n|inactive|ahfoong0411 has 30 seconds left.\n|inactive|arkjsmith has 30 seconds left.\n|inactive|ahfoong0411 has 20 seconds left.\n|\n|t:|1738500445\n|move|p1b: Roaring Moon|Protect|p1b: Roaring Moon\n|-singleturn|p1b: Roaring Moon|Protect\n|move|p1a: Calyrex|Protect|p1a: Calyrex\n|-singleturn|p1a: Calyrex|Protect\n|move|p2b: Sneasler|Close Combat|p1b: Roaring Moon\n|-activate|p1b: Roaring Moon|move: Protect\n|move|p2a: Miraidon|Electro Drift|p1a: Calyrex\n|-activate|p1a: Calyrex|move: Protect\n|\n|upkeep\n|turn|2\n|inactive|ahfoong0411 has 30 seconds left.\n|inactive|arkjsmith has 30 seconds left.\n|inactive|ahfoong0411 has 20 seconds left.\n|inactive|arkjsmith has 20 seconds left.\n|inactive|ahfoong0411 has 15 seconds left.\n|inactive|arkjsmith has 15 seconds left.\n|\n|t:|1738500488\n|switch|p1a: Amoonguss|Amoonguss, L50, M|100\/100\n|-terastallize|p2b: Sneasler|Stellar\n|-terastallize|p1b: Roaring Moon|Flying\n|move|p2b: Sneasler|Throat Chop|p1a: Amoonguss\n|-damage|p1a: Amoonguss|69\/100\n|-start|p1a: Amoonguss|Throat Chop|[silent]\n|-damage|p2b: Sneasler|84\/100|[from] item: Rocky Helmet|[of] p1a: Amoonguss\n|move|p1b: Roaring Moon|Acrobatics|p2b: Sneasler\n|-supereffective|p2b: Sneasler\n|-damage|p2b: Sneasler|0 fnt\n|faint|p2b: Sneasler\n|move|p2a: Miraidon|Electro Drift|p1b: Roaring Moon\n|-supereffective|p1b: Roaring Moon\n|-crit|p1b: Roaring Moon\n|-damage|p1b: Roaring Moon|0 fnt\n|faint|p1b: Roaring Moon\n|-end|p1b: Roaring Moon|Protosynthesis|[silent]\n|\n|upkeep\n|inactive|ahfoong0411 has 30 seconds left.\n|\n|t:|1738500514\n|switch|p1b: Calyrex|Calyrex-Ice, L50|100\/100\n|switch|p2b: Tatsugiri|Tatsugiri-Droopy, L50, F, shiny|100\/100\n|-ability|p1b: Calyrex|As One\n|-ability|p1b: Calyrex|Unnerve\n|turn|3\n|inactive|ahfoong0411 has 30 seconds left.\n|\n|t:|1738500540\n|move|p1a: Amoonguss|Rage Powder|p1a: Amoonguss\n|-singleturn|p1a: Amoonguss|move: Rage Powder\n|move|p2a: Miraidon|Electro Drift|p1a: Amoonguss\n|-resisted|p1a: Amoonguss\n|-damage|p1a: Amoonguss|12\/100\n|-damage|p2a: Miraidon|84\/100|[from] item: Rocky Helmet|[of] p1a: Amoonguss\n|move|p2b: Tatsugiri|Draco Meteor|p1a: Amoonguss\n|-damage|p1a: Amoonguss|0 fnt\n|-unboost|p2b: Tatsugiri|spa|2\n|faint|p1a: Amoonguss\n|move|p1b: Calyrex|Glacial Lance|p2b: Tatsugiri|[spread] p2a,p2b\n|-supereffective|p2a: Miraidon\n|-damage|p2a: Miraidon|0 fnt\n|-enditem|p2b: Tatsugiri|Focus Sash\n|-damage|p2b: Tatsugiri|1\/100\n|faint|p2a: Miraidon\n|-ability|p1b: Calyrex|Chilling Neigh|boost\n|-boost|p1b: Calyrex|atk|1\n|\n|upkeep\n|\n|t:|1738500558\n|switch|p2a: Dondozo|Dondozo, L50, M, shiny|100\/100\n|switch|p1a: Landorus|Landorus, L50, M|100\/100\n|-activate|p2b: Tatsugiri|ability: Commander|[of] p2a: Dondozo\n|-boost|p2a: Dondozo|atk|2\n|-boost|p2a: Dondozo|spa|2\n|-boost|p2a: Dondozo|spe|2\n|-boost|p2a: Dondozo|def|2\n|-boost|p2a: Dondozo|spd|2\n|turn|4\n|\n|t:|1738500580\n|move|p1a: Landorus|Protect|p1a: Landorus\n|-singleturn|p1a: Landorus|Protect\n|move|p2a: Dondozo|Wave Crash|p1a: Landorus\n|-activate|p1a: Landorus|move: Protect\n|move|p1b: Calyrex|High Horsepower|p2a: Dondozo\n|-damage|p2a: Dondozo|89\/100\n|\n|-heal|p2a: Dondozo|95\/100|[from] item: Leftovers\n|upkeep\n|turn|5\n|\n|t:|1738500594\n|move|p2a: Dondozo|Wave Crash|p1a: Landorus\n|-supereffective|p1a: Landorus\n|-damage|p1a: Landorus|0 fnt\n|faint|p1a: Landorus\n|-damage|p2a: Dondozo|67\/100|[from] Recoil\n|move|p1b: Calyrex|High Horsepower|p2a: Dondozo\n|-damage|p2a: Dondozo|56\/100\n|\n|-heal|p2a: Dondozo|62\/100|[from] item: Leftovers\n|-fieldend|move: Electric Terrain\n|upkeep\n|turn|6\n|\n|t:|1738500604\n|move|p2a: Dondozo|Order Up|p1b: Calyrex\n|-damage|p1b: Calyrex|79\/100\n|-boost|p2a: Dondozo|def|1\n|move|p1b: Calyrex|High Horsepower|p2a: Dondozo\n|-damage|p2a: Dondozo|54\/100\n|\n|-heal|p2a: Dondozo|60\/100|[from] item: Leftovers\n|upkeep\n|turn|7\n|-message|ahfoong0411 forfeited.\n|\n|win|arkjsmith\n|raw|ahfoong0411's rating: 1589 &rarr; <strong>1568<\/strong><br \/>(-21 for losing)\n|raw|arkjsmith's rating: 1575 &rarr; <strong>1596<\/strong><br \/>(+21 for winning)\n|l|\u2606ahfoong0411\n|player|p1|\n","uploadtime":1738500625,"views":22,"formatid":"gen9vgc2025regg","rating":1568,"private":0,"password":null}