{"id":"gen9vgc2025regg-2292565239","format":"[Gen 9] VGC 2025 Reg G","players":["Yung Trav","atsikanu~"],"log":"|j|\u203dYung Trav\n|j|\u2606atsikanu~\n|t:|1738439625\n|gametype|doubles\n|player|p1|Yung Trav|2|1600\n|player|p2|atsikanu~|102|1509\n|teamsize|p1|6\n|teamsize|p2|6\n|gen|9\n|tier|[Gen 9] VGC 2025 Reg G\n|rated|\n|rule|Species Clause: Limit one of each Pok\u00e9mon\n|rule|Item Clause: Limit 1 of each item\n|clearpoke\n|poke|p1|Calyrex-Ice, L50|\n|poke|p1|Regidrago, L50|\n|poke|p1|Smeargle, L50, M|\n|poke|p1|Farigiraf, L50, M|\n|poke|p1|Urshifu-*, L50, M|\n|poke|p1|Ogerpon-Cornerstone, L50, F|\n|poke|p2|Eternatus, L50|\n|poke|p2|Weezing, L50, F|\n|poke|p2|Klefki, L50, F|\n|poke|p2|Urshifu-*, L50, M|\n|poke|p2|Dondozo, L50, M|\n|poke|p2|Tatsugiri-Droopy, L50, M|\n|teampreview|4\n|\n|t:|1738439662\n|start\n|switch|p1a: Calyrex|Calyrex-Ice, L50|100\/100\n|switch|p1b: Smeargle|Smeargle, L50, M, shiny|100\/100\n|switch|p2a: Klefki|Klefki, L50, F|100\/100\n|switch|p2b: Dondozo|Dondozo, L50, M|100\/100\n|-ability|p1a: Calyrex|As One\n|-ability|p1a: Calyrex|Unnerve\n|turn|1\n|\n|t:|1738439690\n|move|p2b: Dondozo|Protect|p2b: Dondozo\n|-singleturn|p2b: Dondozo|Protect\n|move|p2a: Klefki|Reflect|p2a: Klefki\n|-sidestart|p2: atsikanu~|Reflect\n|move|p1a: Calyrex|High Horsepower|p2a: Klefki\n|-supereffective|p2a: Klefki\n|-damage|p2a: Klefki|47\/100\n|move|p1b: Smeargle|Spore|p2b: Dondozo\n|-activate|p2b: Dondozo|move: Protect\n|\n|upkeep\n|turn|2\n|\n|t:|1738439742\n|switch|p2a: Tatsugiri|Tatsugiri-Droopy, L50, M|100\/100\n|-activate|p2a: Tatsugiri|ability: Commander|[of] p2b: Dondozo\n|-boost|p2b: Dondozo|atk|2\n|-boost|p2b: Dondozo|spa|2\n|-boost|p2b: Dondozo|spe|2\n|-boost|p2b: Dondozo|def|2\n|-boost|p2b: Dondozo|spd|2\n|move|p2b: Dondozo|Order Up|p1b: Smeargle\n|-damage|p1b: Smeargle|47\/100\n|-boost|p2b: Dondozo|def|1\n|move|p1a: Calyrex|Glacial Lance|p2b: Dondozo|[spread] p2b\n|-miss|p1a: Calyrex|p2a: Tatsugiri\n|-resisted|p2b: Dondozo\n|-damage|p2b: Dondozo|96\/100\n|move|p1b: Smeargle|Decorate|p1a: Calyrex\n|-boost|p1a: Calyrex|atk|2\n|-boost|p1a: Calyrex|spa|2\n|\n|-heal|p2b: Dondozo|100\/100|[from] item: Leftovers\n|upkeep\n|turn|3\n|\n|t:|1738439769\n|switch|p1b: Regidrago|Regidrago, L50, shiny|100\/100\n|move|p2b: Dondozo|Order Up|p1b: Regidrago\n|-supereffective|p1b: Regidrago\n|-damage|p1b: Regidrago|47\/100\n|-boost|p2b: Dondozo|def|1\n|move|p1a: Calyrex|Trick Room|p1a: Calyrex\n|-fieldstart|move: Trick Room|[of] p1a: Calyrex\n|\n|upkeep\n|turn|4\n|inactive|Battle timer is ON: inactive players will automatically lose when time's up. (requested by atsikanu~)\n|\n|t:|1738439794\n|switch|p1a: Smeargle|Smeargle, L50, M, shiny|47\/100\n|-terastallize|p1b: Regidrago|Dragon\n|move|p2b: Dondozo|Protect|p2b: Dondozo\n|-singleturn|p2b: Dondozo|Protect\n|move|p1b: Regidrago|Draco Meteor|p2b: Dondozo\n|-activate|p2b: Dondozo|move: Protect\n|\n|upkeep\n|turn|5\n|\n|t:|1738439814\n|move|p1b: Regidrago|Draco Meteor|p2b: Dondozo|[miss]\n|-miss|p1b: Regidrago|p2b: Dondozo\n|move|p1a: Smeargle|Spore|p2b: Dondozo\n|-status|p2b: Dondozo|slp|[from] move: Spore\n|cant|p2b: Dondozo|slp\n|\n|upkeep\n|turn|6\n|\n|t:|1738439832\n|move|p1b: Regidrago|Draco Meteor|p2b: Dondozo\n|-damage|p2b: Dondozo|52\/100 slp\n|-unboost|p1b: Regidrago|spa|2\n|move|p1a: Smeargle|Decorate|p1b: Regidrago\n|-boost|p1b: Regidrago|atk|2\n|-boost|p1b: Regidrago|spa|2\n|-curestatus|p2b: Dondozo|slp|[msg]\n|move|p2b: Dondozo|Earthquake|p1b: Regidrago|[spread] p1a,p1b\n|-miss|p2b: Dondozo|p2a: Tatsugiri\n|-damage|p1a: Smeargle|0 fnt\n|-damage|p1b: Regidrago|21\/100\n|faint|p1a: Smeargle\n|\n|-heal|p2b: Dondozo|58\/100|[from] item: Leftovers\n|upkeep\n|c|\u2606atsikanu~|so you are a slow smeargle\n|\n|t:|1738439853\n|switch|p1a: Urshifu|Urshifu, L50, M|100\/100\n|turn|7\n|\n|t:|1738439866\n|move|p2b: Dondozo|Protect|p2b: Dondozo\n|-singleturn|p2b: Dondozo|Protect\n|move|p1b: Regidrago|Draco Meteor|p2b: Dondozo\n|-activate|p2b: Dondozo|move: Protect\n|move|p1a: Urshifu|Wicked Blow|p2b: Dondozo\n|-crit|p2b: Dondozo\n|-damage|p2b: Dondozo|25\/100\n|\n|-heal|p2b: Dondozo|32\/100|[from] item: Leftovers\n|-fieldend|move: Trick Room\n|upkeep\n|turn|8\n|\n|t:|1738439882\n|move|p1a: Urshifu|Wicked Blow|p2b: Dondozo\n|-crit|p2b: Dondozo\n|-damage|p2b: Dondozo|0 fnt\n|faint|p2b: Dondozo\n|move|p1b: Regidrago|Draco Meteor|p2a: Tatsugiri\n|-supereffective|p2a: Tatsugiri\n|-crit|p2a: Tatsugiri\n|-damage|p2a: Tatsugiri|0 fnt\n|-unboost|p1b: Regidrago|spa|2\n|faint|p2a: Tatsugiri\n|\n|-sideend|p2: atsikanu~|Reflect\n|upkeep\n|c|\u2606atsikanu~|but not a slow urshifu\n|\n|t:|1738439894\n|switch|p2a: Klefki|Klefki, L50, F|47\/100\n|switch|p2b: Urshifu|Urshifu, L50, M|100\/100\n|turn|9\n|\n|t:|1738439920\n|move|p1a: Urshifu|Wicked Blow|p2a: Klefki\n|-resisted|p2a: Klefki\n|-crit|p2a: Klefki\n|-damage|p2a: Klefki|19\/100\n|move|p2b: Urshifu|Wicked Blow|p1b: Regidrago\n|-crit|p1b: Regidrago\n|-damage|p1b: Regidrago|0 fnt\n|faint|p1b: Regidrago\n|move|p2a: Klefki|Dazzling Gleam|p1a: Urshifu\n|-supereffective|p1a: Urshifu\n|-damage|p1a: Urshifu|0 fnt\n|faint|p1a: Urshifu\n|\n|upkeep\n|j| Triple20\n|\n|t:|1738439933\n|switch|p1a: Calyrex|Calyrex-Ice, L50|100\/100\n|-ability|p1a: Calyrex|As One\n|-ability|p1a: Calyrex|Unnerve\n|turn|10\n|-message|Yung Trav forfeited.\n|\n|win|atsikanu~\n|raw|Yung Trav's rating: 1600 &rarr; <strong>1575<\/strong><br \/>(-25 for losing)\n|raw|atsikanu~'s rating: 1509 &rarr; <strong>1534<\/strong><br \/>(+25 for winning)\n|l|\u203dYung Trav\n|player|p1|\n|l|\u2606atsikanu~\n|player|p2|\n|l| Triple20\n","uploadtime":1738440149,"views":19,"formatid":"gen9vgc2025regg","rating":1534,"private":0,"password":null}