{"id":"gen9vgc2025regg-2292178761","format":"[Gen 9] VGC 2025 Reg G","players":["infinitygroudon","wattovgc"],"log":"|j|\u2606infinitygroudon\n|j|\u2606wattovgc\n|t:|1738375326\n|gametype|doubles\n|player|p1|infinitygroudon|169|1545\n|player|p2|wattovgc|102|1566\n|teamsize|p1|6\n|teamsize|p2|6\n|gen|9\n|tier|[Gen 9] VGC 2025 Reg G\n|rated|\n|rule|Species Clause: Limit one of each Pok\u00e9mon\n|rule|Item Clause: Limit 1 of each item\n|clearpoke\n|poke|p1|Terapagos, L50, M|\n|poke|p1|Clefairy, L50, F|\n|poke|p1|Rillaboom, L50, F|\n|poke|p1|Skeledirge, L50, M|\n|poke|p1|Urshifu-*, L50, F|\n|poke|p1|Chien-Pao, L50|\n|poke|p2|Urshifu-*, L50, M|\n|poke|p2|Calyrex-Shadow, L50|\n|poke|p2|Smeargle, L50, M|\n|poke|p2|Tornadus, L50, M|\n|poke|p2|Chi-Yu, L50|\n|poke|p2|Clefairy, L50, M|\n|teampreview|4\n|inactive|Battle timer is ON: inactive players will automatically lose when time's up. (requested by wattovgc)\n|\n|t:|1738375345\n|start\n|switch|p1a: Lion's Roar|Rillaboom, L50, F|100\/100\n|switch|p1b: Perrine|Terapagos, L50, M|100\/100\n|switch|p2a: Tornadus|Tornadus, L50, M|100\/100\n|switch|p2b: Urshifu|Urshifu-Rapid-Strike, L50, M|100\/100\n|-activate|p1b: Perrine|ability: Tera Shift\n|detailschange|p1b: Perrine|Terapagos-Terastal, L50, M\n|-heal|p1b: Perrine|100\/100|[silent]\n|-fieldstart|move: Grassy Terrain|[from] ability: Grassy Surge|[of] p1a: Lion's Roar\n|turn|1\n|\n|t:|1738375357\n|move|p2b: Urshifu|Protect|p2b: Urshifu\n|-singleturn|p2b: Urshifu|Protect\n|move|p1a: Lion's Roar|Fake Out|p2b: Urshifu\n|-activate|p2b: Urshifu|move: Protect\n|move|p2a: Tornadus|Taunt|p1b: Perrine\n|-start|p1b: Perrine|move: Taunt\n|cant|p1b: Perrine|move: Taunt|Calm Mind\n|\n|upkeep\n|turn|2\n|inactive|infinitygroudon has 30 seconds left.\n|\n|t:|1738375382\n|-terastallize|p1b: Perrine|Stellar\n|detailschange|p1b: Perrine|Terapagos-Stellar, L50, M, tera:Stellar\n|-heal|p1b: Perrine|100\/100|[silent]\n|-ability|p1b: Perrine|Teraform Zero\n|-fieldend|move: Grassy Terrain\n|move|p2a: Tornadus|Bleakwind Storm|p1a: Lion's Roar|[spread] p1a,p1b\n|-supereffective|p1a: Lion's Roar\n|-damage|p1a: Lion's Roar|50\/100\n|-damage|p1b: Perrine|82\/100\n|-unboost|p1b: Perrine|spe|1\n|move|p2b: Urshifu|Close Combat|p1b: Perrine\n|-supereffective|p1b: Perrine\n|-damage|p1b: Perrine|0 fnt\n|-unboost|p2b: Urshifu|def|1\n|-unboost|p2b: Urshifu|spd|1\n|faint|p1b: Perrine\n|move|p1a: Lion's Roar|U-turn|p2b: Urshifu\n|-resisted|p2b: Urshifu\n|-damage|p2b: Urshifu|83\/100\n|c|\u2606wattovgc|Gg\n|\n|t:|1738375395\n|switch|p1a: Presto|Chien-Pao, L50|100\/100|[from] U-turn\n|-ability|p1a: Presto|Sword of Ruin\n|\n|upkeep\n|\n|t:|1738375397\n|switch|p1b: Lion's Roar|Rillaboom, L50, F|50\/100\n|-fieldstart|move: Grassy Terrain|[from] ability: Grassy Surge|[of] p1b: Lion's Roar\n|turn|3\n|inactive|wattovgc has 30 seconds left.\n|inactive|wattovgc has 20 seconds left.\n|inactive|wattovgc has 15 seconds left.\n|inactive|wattovgc has 10 seconds left.\n|\n|t:|1738375443\n|-terastallize|p2a: Tornadus|Dark\n|move|p1b: Lion's Roar|Grassy Glide|p2b: Urshifu\n|-supereffective|p2b: Urshifu\n|-damage|p2b: Urshifu|0 fnt\n|faint|p2b: Urshifu\n|move|p1a: Presto|Ice Spinner|p2a: Tornadus\n|-damage|p2a: Tornadus|31\/100\n|-fieldend|move: Grassy Terrain\n|move|p2a: Tornadus|Bleakwind Storm|p1b: Lion's Roar|[spread] p1a,p1b\n|-supereffective|p1b: Lion's Roar\n|-damage|p1a: Presto|48\/100\n|-damage|p1b: Lion's Roar|1\/100\n|-unboost|p1a: Presto|spe|1\n|\n|upkeep\n|\n|t:|1738375451\n|switch|p2b: Smeargle|Smeargle, L50, M|100\/100\n|turn|4\n|\n|t:|1738375462\n|move|p1a: Presto|Protect|p1a: Presto\n|-singleturn|p1a: Presto|Protect\n|move|p2b: Smeargle|Fake Out|p1a: Presto\n|-activate|p1a: Presto|move: Protect\n|move|p2a: Tornadus|Tailwind|p2a: Tornadus\n|-sidestart|p2: wattovgc|move: Tailwind\n|move|p1b: Lion's Roar|U-turn|p2a: Tornadus\n|-supereffective|p2a: Tornadus\n|-damage|p2a: Tornadus|0 fnt\n|faint|p2a: Tornadus\n|\n|t:|1738375467\n|switch|p1b: Ram|Urshifu, L50, F|100\/100|[from] U-turn\n|\n|-ability|p2b: Smeargle|Moody|boost\n|-boost|p2b: Smeargle|def|2\n|-unboost|p2b: Smeargle|atk|1\n|upkeep\n|\n|t:|1738375470\n|switch|p2a: Calyrex|Calyrex-Shadow, L50|100\/100\n|-ability|p2a: Calyrex|As One\n|-ability|p2a: Calyrex|Unnerve\n|turn|5\n|\n|t:|1738375493\n|move|p2b: Smeargle|Follow Me|p2b: Smeargle\n|-singleturn|p2b: Smeargle|move: Follow Me\n|move|p2a: Calyrex|Draining Kiss|p1b: Ram\n|-supereffective|p1b: Ram\n|-damage|p1b: Ram|0 fnt\n|faint|p1b: Ram\n|-ability|p2a: Calyrex|Grim Neigh|boost\n|-boost|p2a: Calyrex|spa|1\n|move|p1a: Presto|Sacred Sword|p2b: Smeargle\n|-supereffective|p2b: Smeargle\n|-enditem|p2b: Smeargle|Focus Sash\n|-damage|p2b: Smeargle|1\/100\n|\n|-ability|p2b: Smeargle|Moody|boost\n|-boost|p2b: Smeargle|spa|2\n|-unboost|p2b: Smeargle|def|1\n|upkeep\n|\n|t:|1738375496\n|switch|p1b: Lion's Roar|Rillaboom, L50, F|1\/100\n|-fieldstart|move: Grassy Terrain|[from] ability: Grassy Surge|[of] p1b: Lion's Roar\n|turn|6\n|\n|t:|1738375514\n|move|p1b: Lion's Roar|Fake Out|p2b: Smeargle\n|-damage|p2b: Smeargle|0 fnt\n|faint|p2b: Smeargle\n|move|p1a: Presto|Sucker Punch||[still]\n|-fail|p1a: Presto\n|move|p2a: Calyrex|Nasty Plot|p2a: Calyrex\n|-boost|p2a: Calyrex|spa|2\n|\n|-heal|p1a: Presto|54\/100|[from] Grassy Terrain\n|-heal|p1b: Lion's Roar|7\/100|[from] Grassy Terrain\n|upkeep\n|turn|7\n|\n|t:|1738375520\n|move|p2a: Calyrex|Protect|p2a: Calyrex\n|-singleturn|p2a: Calyrex|Protect\n|move|p1a: Presto|Sucker Punch||[still]\n|-fail|p1a: Presto\n|move|p1b: Lion's Roar|Grassy Glide|p2a: Calyrex\n|-activate|p2a: Calyrex|move: Protect\n|\n|-heal|p1a: Presto|60\/100|[from] Grassy Terrain\n|-heal|p1b: Lion's Roar|13\/100|[from] Grassy Terrain\n|-sideend|p2: wattovgc|move: Tailwind\n|upkeep\n|turn|8\n|\n|t:|1738375525\n|move|p1a: Presto|Sucker Punch||[still]\n|-fail|p1a: Presto\n|move|p1b: Lion's Roar|Grassy Glide|p2a: Calyrex\n|-damage|p2a: Calyrex|55\/100\n|move|p2a: Calyrex|Nasty Plot|p2a: Calyrex\n|-boost|p2a: Calyrex|spa|2\n|\n|-heal|p2a: Calyrex|61\/100|[from] Grassy Terrain\n|-heal|p1a: Presto|66\/100|[from] Grassy Terrain\n|-heal|p1b: Lion's Roar|18\/100|[from] Grassy Terrain\n|upkeep\n|turn|9\n|\n|t:|1738375531\n|move|p2a: Calyrex|Protect|p2a: Calyrex\n|-singleturn|p2a: Calyrex|Protect\n|move|p1a: Presto|Sucker Punch||[still]\n|-fail|p1a: Presto\n|move|p1b: Lion's Roar|Wood Hammer|p2a: Calyrex\n|-activate|p2a: Calyrex|move: Protect\n|\n|-heal|p2a: Calyrex|67\/100|[from] Grassy Terrain\n|-heal|p1a: Presto|71\/100|[from] Grassy Terrain\n|-heal|p1b: Lion's Roar|24\/100|[from] Grassy Terrain\n|upkeep\n|turn|10\n|\n|t:|1738375536\n|move|p2a: Calyrex|Protect||[still]\n|-fail|p2a: Calyrex\n|move|p1a: Presto|Sucker Punch||[still]\n|-fail|p1a: Presto\n|move|p1b: Lion's Roar|Wood Hammer|p2a: Calyrex\n|-damage|p2a: Calyrex|0 fnt\n|faint|p2a: Calyrex\n|-damage|p1b: Lion's Roar|4\/100|[from] Recoil\n|\n|win|infinitygroudon\n|raw|infinitygroudon's rating: 1563 &rarr; <strong>1582<\/strong><br \/>(+19 for winning)\n|raw|wattovgc's rating: 1548 &rarr; <strong>1529<\/strong><br \/>(-19 for losing)\n|c|\u2606infinitygroudon|gg\n","uploadtime":1738375545,"views":8,"formatid":"gen9vgc2025regg","rating":1529,"private":0,"password":null}