{"id":"gen9vgc2025regg-2292891396","format":"[Gen 9] VGC 2025 Reg G","players":["iAcidicOwl","2022 Miel"],"log":"|j|\u2606iAcidicOwl\n|j|\u26062022 Miel\n|t:|1738490755\n|gametype|doubles\n|player|p1|iAcidicOwl|marley|1556\n|player|p2|2022 Miel|169|1506\n|teamsize|p1|6\n|teamsize|p2|6\n|gen|9\n|tier|[Gen 9] VGC 2025 Reg G\n|rated|\n|rule|Species Clause: Limit one of each Pok\u00e9mon\n|rule|Item Clause: Limit 1 of each item\n|clearpoke\n|poke|p1|Calyrex-Ice, L50|\n|poke|p1|Stonjourner, L50, F|\n|poke|p1|Whimsicott, L50, F|\n|poke|p1|Kingambit, L50, F|\n|poke|p1|Ursaluna-Bloodmoon, L50, M|\n|poke|p1|Raging Bolt, L50|\n|poke|p2|Calyrex-Ice, L50|\n|poke|p2|Pelipper, L50, M|\n|poke|p2|Farigiraf, L50, M|\n|poke|p2|Urshifu-*, L50, M|\n|poke|p2|Rillaboom, L50, M|\n|poke|p2|Amoonguss, L50, M|\n|teampreview|4\n|\n|t:|1738490794\n|start\n|switch|p1a: Kingambit|Kingambit, L50, F|100\/100\n|switch|p1b: Ursaluna|Ursaluna-Bloodmoon, L50, M|100\/100\n|switch|p2a: Calyrex|Calyrex-Ice, L50|100\/100\n|switch|p2b: Urshifu|Urshifu-Rapid-Strike, L50, M|100\/100\n|-ability|p2a: Calyrex|As One\n|-ability|p2a: Calyrex|Unnerve\n|turn|1\n|\n|t:|1738490819\n|switch|p2a: Pelipper|Pelipper, L50, M|100\/100\n|-weather|RainDance|[from] ability: Drizzle|[of] p2a: Pelipper\n|-terastallize|p2b: Urshifu|Stellar\n|move|p2b: Urshifu|Surging Strikes|p1b: Ursaluna\n|-supereffective|p1b: Ursaluna\n|-crit|p1b: Ursaluna\n|-damage|p1b: Ursaluna|40\/100\n|-supereffective|p1b: Ursaluna\n|-crit|p1b: Ursaluna\n|-damage|p1b: Ursaluna|0 fnt\n|faint|p1b: Ursaluna\n|-hitcount|p1: Ursaluna|2\n|move|p1a: Kingambit|Kowtow Cleave|p2a: Pelipper\n|-damage|p2a: Pelipper|51\/100\n|\n|-weather|RainDance|[upkeep]\n|upkeep\n|\n|t:|1738490839\n|switch|p1b: Stonjourner|Stonjourner, L50, F|100\/100\n|turn|2\n|j| kiabu233\n|j| Salvato1902V\n|\n|t:|1738490865\n|-terastallize|p1a: Kingambit|Flying\n|move|p2b: Urshifu|Surging Strikes|p1a: Kingambit\n|-crit|p1a: Kingambit\n|-damage|p1a: Kingambit|76\/100\n|-crit|p1a: Kingambit\n|-damage|p1a: Kingambit|52\/100\n|-crit|p1a: Kingambit\n|-damage|p1a: Kingambit|25\/100\n|-hitcount|p1a: Kingambit|3\n|move|p1a: Kingambit|Kowtow Cleave|p2a: Pelipper\n|-damage|p2a: Pelipper|0 fnt\n|faint|p2a: Pelipper\n|move|p1b: Stonjourner|Body Press|p2b: Urshifu\n|-damage|p2b: Urshifu|67\/100\n|\n|-weather|RainDance|[upkeep]\n|upkeep\n|\n|t:|1738490883\n|switch|p2a: Rillaboom|Rillaboom, L50, M|100\/100\n|-fieldstart|move: Grassy Terrain|[from] ability: Grassy Surge|[of] p2a: Rillaboom\n|turn|3\n|j| ABlueDoge\n|\n|t:|1738490902\n|move|p2b: Urshifu|Surging Strikes|p1a: Kingambit\n|-crit|p1a: Kingambit\n|-damage|p1a: Kingambit|0 fnt\n|faint|p1a: Kingambit\n|-hitcount|p1: Kingambit|1\n|move|p2a: Rillaboom|Wood Hammer|p1b: Stonjourner\n|-supereffective|p1b: Stonjourner\n|-damage|p1b: Stonjourner|28\/100\n|-damage|p2a: Rillaboom|84\/100|[from] item: Rocky Helmet|[of] p1b: Stonjourner\n|-damage|p2a: Rillaboom|60\/100|[from] Recoil\n|move|p1b: Stonjourner|Body Press|p2b: Urshifu\n|-damage|p2b: Urshifu|34\/100\n|\n|-weather|RainDance|[upkeep]\n|-heal|p2b: Urshifu|39\/100|[from] Grassy Terrain\n|-heal|p2a: Rillaboom|66\/100|[from] Grassy Terrain\n|-heal|p1b: Stonjourner|34\/100|[from] Grassy Terrain\n|upkeep\n|\n|t:|1738490914\n|switch|p1a: Calyrex|Calyrex-Ice, L50|100\/100\n|-ability|p1a: Calyrex|As One\n|-ability|p1a: Calyrex|Unnerve\n|turn|4\n|\n|t:|1738490924\n|move|p2b: Urshifu|Surging Strikes|p1a: Calyrex\n|-crit|p1a: Calyrex\n|-damage|p1a: Calyrex|79\/100\n|-crit|p1a: Calyrex\n|-damage|p1a: Calyrex|57\/100\n|-crit|p1a: Calyrex\n|-damage|p1a: Calyrex|38\/100\n|-hitcount|p1a: Calyrex|3\n|move|p2a: Rillaboom|U-turn|p1a: Calyrex\n|-supereffective|p1a: Calyrex\n|-damage|p1a: Calyrex|9\/100\n|\n|t:|1738490933\n|switch|p2a: Calyrex|Calyrex-Ice, L50|100\/100|[from] U-turn\n|-ability|p2a: Calyrex|As One\n|-ability|p2a: Calyrex|Unnerve\n|move|p1a: Calyrex|Glacial Lance|p2b: Urshifu|[spread] p2a,p2b\n|-resisted|p2a: Calyrex\n|-resisted|p2b: Urshifu\n|-damage|p2a: Calyrex|74\/100\n|-damage|p2b: Urshifu|0 fnt\n|faint|p2b: Urshifu\n|-ability|p1a: Calyrex|Chilling Neigh|boost\n|-boost|p1a: Calyrex|atk|1\n|move|p1b: Stonjourner|Body Press|p2a: Calyrex\n|-damage|p2a: Calyrex|56\/100\n|\n|-weather|RainDance|[upkeep]\n|-heal|p1a: Calyrex|15\/100|[from] Grassy Terrain\n|-heal|p1b: Stonjourner|40\/100|[from] Grassy Terrain\n|-heal|p2a: Calyrex|62\/100|[from] Grassy Terrain\n|upkeep\n|\n|t:|1738490942\n|switch|p2b: Rillaboom|Rillaboom, L50, M|66\/100\n|turn|5\n|\n|t:|1738490960\n|move|p1a: Calyrex|Protect|p1a: Calyrex\n|-singleturn|p1a: Calyrex|Protect\n|move|p1b: Stonjourner|Protect|p1b: Stonjourner\n|-singleturn|p1b: Stonjourner|Protect\n|move|p2b: Rillaboom|Wood Hammer|p1b: Stonjourner\n|-activate|p1b: Stonjourner|move: Protect\n|move|p2a: Calyrex|Glacial Lance|p1b: Stonjourner|[spread] \n|-activate|p1a: Calyrex|move: Protect\n|-activate|p1b: Stonjourner|move: Protect\n|\n|-weather|none\n|-heal|p2b: Rillaboom|71\/100|[from] Grassy Terrain\n|-heal|p1a: Calyrex|20\/100|[from] Grassy Terrain\n|-heal|p1b: Stonjourner|45\/100|[from] Grassy Terrain\n|-heal|p2a: Calyrex|68\/100|[from] Grassy Terrain\n|upkeep\n|turn|6\n|\n|t:|1738490975\n|move|p1b: Stonjourner|Wide Guard|p1b: Stonjourner\n|-singleturn|p1b: Stonjourner|Wide Guard\n|move|p2b: Rillaboom|Wood Hammer|p1a: Calyrex\n|-damage|p1a: Calyrex|0 fnt\n|faint|p1a: Calyrex\n|-damage|p2b: Rillaboom|65\/100|[from] Recoil\n|move|p2a: Calyrex|High Horsepower|p1b: Stonjourner\n|-supereffective|p1b: Stonjourner\n|-damage|p1b: Stonjourner|5\/100\n|-damage|p2a: Calyrex|51\/100|[from] item: Rocky Helmet|[of] p1b: Stonjourner\n|\n|-heal|p2b: Rillaboom|70\/100|[from] Grassy Terrain\n|-heal|p1b: Stonjourner|11\/100|[from] Grassy Terrain\n|-heal|p2a: Calyrex|57\/100|[from] Grassy Terrain\n|upkeep\n|turn|7\n|\n|t:|1738490988\n|move|p1b: Stonjourner|Wide Guard|p1b: Stonjourner\n|-singleturn|p1b: Stonjourner|Wide Guard\n|move|p2b: Rillaboom|Grassy Glide|p1b: Stonjourner\n|-supereffective|p1b: Stonjourner\n|-damage|p1b: Stonjourner|0 fnt\n|-damage|p2b: Rillaboom|54\/100|[from] item: Rocky Helmet|[of] p1b: Stonjourner\n|faint|p1b: Stonjourner\n|\n|win|2022 Miel\n|raw|iAcidicOwl's rating: 1556 &rarr; <strong>1533<\/strong><br \/>(-23 for losing)\n|raw|2022 Miel's rating: 1506 &rarr; <strong>1529<\/strong><br \/>(+23 for winning)\n|l|\u2606iAcidicOwl\n|player|p1|\n|l| ABlueDoge\n|l|\u26062022 Miel\n|player|p2|\n|l| Salvato1902V\n|l| kiabu233\n","uploadtime":1738491246,"views":14,"formatid":"gen9vgc2025regg","rating":1529,"private":0,"password":null}