{"id":"gen9vgc2025regg-2292067467","format":"[Gen 9] VGC 2025 Reg G","players":["zonavideovigilada","FunkyPengu1n"],"log":"|j|\u2606zonavideovigilada\n|j|\u203dFunkyPengu1n\n|t:|1738360300\n|gametype|doubles\n|player|p1|zonavideovigilada|265|1569\n|player|p2|FunkyPengu1n|266|1583\n|teamsize|p1|6\n|teamsize|p2|6\n|gen|9\n|tier|[Gen 9] VGC 2025 Reg G\n|rated|\n|rule|Species Clause: Limit one of each Pok\u00e9mon\n|rule|Item Clause: Limit 1 of each item\n|clearpoke\n|poke|p1|Urshifu-*, L50, F|\n|poke|p1|Whimsicott, L50, F|\n|poke|p1|Miraidon, L50|\n|poke|p1|Iron Hands, L50|\n|poke|p1|Incineroar, L50, M|\n|poke|p1|Iron Leaves, L50|\n|poke|p2|Calyrex-Shadow, L50|\n|poke|p2|Rillaboom, L50, F|\n|poke|p2|Urshifu-*, L50, F|\n|poke|p2|Incineroar, L50, F|\n|poke|p2|Amoonguss, L50, F|\n|poke|p2|Tornadus, L50, M|\n|teampreview|4\n|j| artinhistory\n|inactive|Battle timer is ON: inactive players will automatically lose when time's up. (requested by FunkyPengu1n)\n|\n|t:|1738360339\n|start\n|switch|p1a: Whimsicott|Whimsicott, L50, F|100\/100\n|switch|p1b: Incineroar|Incineroar, L50, M|100\/100\n|switch|p2a: Calyrex|Calyrex-Shadow, L50|100\/100\n|switch|p2b: Amoonguss|Amoonguss, L50, F|100\/100\n|-ability|p2a: Calyrex|As One\n|-ability|p2a: Calyrex|Unnerve\n|-ability|p1b: Incineroar|Intimidate|boost\n|-unboost|p2a: Calyrex|atk|1\n|-unboost|p2b: Amoonguss|atk|1\n|turn|1\n|\n|t:|1738360360\n|-terastallize|p2a: Calyrex|Fairy\n|move|p1a: Whimsicott|Tailwind|p1a: Whimsicott\n|-sidestart|p1: zonavideovigilada|move: Tailwind\n|move|p2a: Calyrex|Astral Barrage|p1b: Incineroar|[spread] p1a,p1b\n|-resisted|p1b: Incineroar\n|-damage|p1a: Whimsicott|35\/100\n|-damage|p1b: Incineroar|84\/100\n|move|p1b: Incineroar|Knock Off|p2a: Calyrex\n|-resisted|p2a: Calyrex\n|-damage|p2a: Calyrex|83\/100\n|-enditem|p2a: Calyrex|Covert Cloak|[from] move: Knock Off|[of] p1b: Incineroar\n|move|p2b: Amoonguss|Clear Smog|p1a: Whimsicott\n|-supereffective|p1a: Whimsicott\n|-damage|p1a: Whimsicott|0 fnt\n|-clearboost|p1a: Whimsicott\n|faint|p1a: Whimsicott\n|\n|upkeep\n|\n|t:|1738360370\n|switch|p1a: Miraidon|Miraidon, L50|100\/100\n|-fieldstart|move: Electric Terrain|[from] ability: Hadron Engine|[of] p1a: Miraidon\n|turn|2\n|\n|t:|1738360391\n|move|p2b: Amoonguss|Rage Powder|p2b: Amoonguss\n|-singleturn|p2b: Amoonguss|move: Rage Powder\n|move|p1a: Miraidon|Dazzling Gleam|p2a: Calyrex|[spread] p2a,p2b\n|-resisted|p2b: Amoonguss\n|-damage|p2a: Calyrex|41\/100\n|-damage|p2b: Amoonguss|80\/100\n|move|p2a: Calyrex|Draining Kiss|p1a: Miraidon\n|-supereffective|p1a: Miraidon\n|-crit|p1a: Miraidon\n|-damage|p1a: Miraidon|12\/100\n|-heal|p2a: Calyrex|99\/100|[from] drain|[of] p1a: Miraidon\n|move|p1b: Incineroar|Parting Shot|p2a: Calyrex\n|-unboost|p2a: Calyrex|atk|1\n|-unboost|p2a: Calyrex|spa|1\n|\n|t:|1738360401\n|switch|p1b: Iron Leaves|Iron Leaves, L50|100\/100|[from] Parting Shot\n|-activate|p1b: Iron Leaves|ability: Quark Drive\n|-start|p1b: Iron Leaves|quarkdrivespe\n|\n|upkeep\n|turn|3\n|\n|t:|1738360414\n|switch|p2b: Incineroar|Incineroar, L50, F|100\/100\n|-ability|p2b: Incineroar|Intimidate|boost\n|-unboost|p1a: Miraidon|atk|1\n|-unboost|p1b: Iron Leaves|atk|1\n|-terastallize|p1b: Iron Leaves|Normal\n|move|p2a: Calyrex|Protect|p2a: Calyrex\n|-singleturn|p2a: Calyrex|Protect\n|move|p1b: Iron Leaves|Psyblade|p2a: Calyrex\n|-activate|p2a: Calyrex|move: Protect\n|move|p1a: Miraidon|Dazzling Gleam|p2b: Incineroar|[spread] p2b\n|-activate|p2a: Calyrex|move: Protect\n|-damage|p2b: Incineroar|62\/100\n|\n|upkeep\n|turn|4\n|\n|t:|1738360434\n|switch|p1a: Incineroar|Incineroar, L50, M|84\/100\n|-ability|p1a: Incineroar|Intimidate|boost\n|-unboost|p2a: Calyrex|atk|1\n|-unboost|p2b: Incineroar|atk|1\n|move|p2b: Incineroar|Fake Out|p1b: Iron Leaves\n|-damage|p1b: Iron Leaves|92\/100\n|cant|p1b: Iron Leaves|flinch\n|move|p2a: Calyrex|Draining Kiss|p1a: Incineroar\n|-damage|p1a: Incineroar|68\/100\n|-heal|p2a: Calyrex|100\/100|[from] drain|[of] p1a: Incineroar\n|\n|-sideend|p1: zonavideovigilada|move: Tailwind\n|upkeep\n|turn|5\n|\n|t:|1738360452\n|move|p2a: Calyrex|Protect|p2a: Calyrex\n|-singleturn|p2a: Calyrex|Protect\n|move|p1a: Incineroar|Fake Out|p2b: Incineroar\n|-damage|p2b: Incineroar|54\/100\n|move|p1b: Iron Leaves|Psyblade|p2a: Calyrex\n|-activate|p2a: Calyrex|move: Protect\n|cant|p2b: Incineroar|flinch\n|\n|upkeep\n|turn|6\n|\n|t:|1738360464\n|switch|p2b: Rillaboom|Rillaboom, L50, F|100\/100\n|-fieldstart|move: Grassy Terrain|[from] ability: Grassy Surge|[of] p2b: Rillaboom\n|-end|p1b: Iron Leaves|Quark Drive\n|move|p2a: Calyrex|Nasty Plot|p2a: Calyrex\n|-boost|p2a: Calyrex|spa|2\n|move|p1b: Iron Leaves|Psyblade|p2a: Calyrex\n|-damage|p2a: Calyrex|68\/100\n|-damage|p1b: Iron Leaves|83\/100|[from] item: Life Orb\n|move|p1a: Incineroar|Knock Off|p2b: Rillaboom\n|-damage|p2b: Rillaboom|66\/100\n|-enditem|p2b: Rillaboom|Assault Vest|[from] move: Knock Off|[of] p1a: Incineroar\n|\n|-heal|p2a: Calyrex|74\/100|[from] Grassy Terrain\n|-heal|p1b: Iron Leaves|89\/100|[from] Grassy Terrain\n|-heal|p2b: Rillaboom|71\/100|[from] Grassy Terrain\n|-heal|p1a: Incineroar|74\/100|[from] Grassy Terrain\n|upkeep\n|turn|7\n|\n|t:|1738360487\n|move|p1b: Iron Leaves|Protect|p1b: Iron Leaves\n|-singleturn|p1b: Iron Leaves|Protect\n|move|p2b: Rillaboom|Fake Out|p1b: Iron Leaves\n|-activate|p1b: Iron Leaves|move: Protect\n|move|p2a: Calyrex|Draining Kiss|p1a: Incineroar\n|-damage|p1a: Incineroar|38\/100\n|-heal|p2a: Calyrex|100\/100|[from] drain|[of] p1a: Incineroar\n|move|p1a: Incineroar|Parting Shot|p2b: Rillaboom\n|-unboost|p2b: Rillaboom|atk|1\n|-unboost|p2b: Rillaboom|spa|1\n|\n|t:|1738360495\n|switch|p1a: Miraidon|Miraidon, L50|12\/100|[from] Parting Shot\n|-fieldstart|move: Electric Terrain|[from] ability: Hadron Engine|[of] p1a: Miraidon\n|-activate|p1b: Iron Leaves|ability: Quark Drive\n|-start|p1b: Iron Leaves|quarkdrivespe\n|\n|upkeep\n|turn|8\n|-message|zonavideovigilada forfeited.\n|\n|win|FunkyPengu1n\n|raw|zonavideovigilada's rating: 1569 &rarr; <strong>1550<\/strong><br \/>(-19 for losing)\n|raw|FunkyPengu1n's rating: 1583 &rarr; <strong>1602<\/strong><br \/>(+19 for winning)\n|l|\u2606zonavideovigilada\n|player|p1|\n|l|\u203dFunkyPengu1n\n|player|p2|\n|l| artinhistory\n","uploadtime":1738360760,"views":6,"formatid":"gen9vgc2025regg","rating":1550,"private":0,"password":null}