{"id":"gen9vgc2025regg-2292195612","format":"[Gen 9] VGC 2025 Reg G","players":["roykeenkennedy","jecheonjo"],"log":"|j|\u2606roykeenkennedy\n|j|\u2606jecheonjo\n|t:|1738377696\n|gametype|doubles\n|player|p1|roykeenkennedy|alder|1561\n|player|p2|jecheonjo|steven|1701\n|teamsize|p1|6\n|teamsize|p2|6\n|gen|9\n|tier|[Gen 9] VGC 2025 Reg G\n|rated|\n|rule|Species Clause: Limit one of each Pok\u00e9mon\n|rule|Item Clause: Limit 1 of each item\n|clearpoke\n|poke|p1|Calyrex-Shadow, L50|\n|poke|p1|Weezing, L50, F|\n|poke|p1|Indeedee-F, L50, F|\n|poke|p1|Incineroar, L50, M|\n|poke|p1|Urshifu-*, L50, F|\n|poke|p1|Regieleki, L50|\n|poke|p2|Terapagos, L50, M|\n|poke|p2|Incineroar, L50, F|\n|poke|p2|Amoonguss, L50, M|\n|poke|p2|Urshifu-*, L50, M|\n|poke|p2|Flutter Mane, L50|\n|poke|p2|Raging Bolt, L50|\n|teampreview|4\n|\n|t:|1738377756\n|start\n|switch|p1a: Calyrex|Calyrex-Shadow, L50|100\/100\n|switch|p1b: Indeedee|Indeedee-F, L50, F|100\/100\n|switch|p2a: Terapagos|Terapagos, L50, M|100\/100\n|switch|p2b: Incineroar|Incineroar, L50, F|100\/100\n|-activate|p2a: Terapagos|ability: Tera Shift\n|detailschange|p2a: Terapagos|Terapagos-Terastal, L50, M\n|-heal|p2a: Terapagos|100\/100|[silent]\n|-ability|p1a: Calyrex|As One\n|-ability|p1a: Calyrex|Unnerve\n|-fieldstart|move: Psychic Terrain|[from] ability: Psychic Surge|[of] p1b: Indeedee\n|-ability|p2b: Incineroar|Intimidate|boost\n|-unboost|p1a: Calyrex|atk|1\n|-unboost|p1b: Indeedee|atk|1\n|turn|1\n|\n|t:|1738377790\n|-terastallize|p1a: Calyrex|Fighting\n|move|p1b: Indeedee|Helping Hand|p1a: Calyrex\n|-singleturn|p1a: Calyrex|Helping Hand|[of] p1b: Indeedee\n|move|p2a: Terapagos|Protect|p2a: Terapagos\n|-singleturn|p2a: Terapagos|Protect\n|move|p1a: Calyrex|Tera Blast|p2a: Terapagos|[anim] Tera Blast Fighting\n|-activate|p2a: Terapagos|move: Protect\n|move|p2b: Incineroar|Parting Shot|p1a: Calyrex\n|-unboost|p1a: Calyrex|atk|1\n|-unboost|p1a: Calyrex|spa|1\n|\n|t:|1738377809\n|switch|p2b: Flutter Mane|Flutter Mane, L50|100\/100|[from] Parting Shot\n|-enditem|p2b: Flutter Mane|Booster Energy\n|-activate|p2b: Flutter Mane|ability: Protosynthesis|[fromitem]\n|-start|p2b: Flutter Mane|protosynthesisspe\n|\n|upkeep\n|turn|2\n|\n|t:|1738377844\n|switch|p1b: Weezing|Weezing, L50, F|100\/100\n|-ability|p1b: Weezing|Neutralizing Gas\n|move|p1a: Calyrex|Expanding Force|p2b: Flutter Mane|[spread] p2a,p2b\n|-damage|p2a: Terapagos|46\/100\n|-damage|p2b: Flutter Mane|51\/100\n|-damage|p1a: Calyrex|91\/100|[from] item: Life Orb\n|move|p2b: Flutter Mane|Moonblast|p1a: Calyrex\n|-supereffective|p1a: Calyrex\n|-damage|p1a: Calyrex|4\/100\n|move|p2a: Terapagos|Calm Mind|p2a: Terapagos\n|-boost|p2a: Terapagos|spa|1\n|-boost|p2a: Terapagos|spd|1\n|\n|-heal|p2a: Terapagos|52\/100|[from] item: Leftovers\n|upkeep\n|turn|3\n|\n|t:|1738377871\n|move|p2a: Terapagos|Protect|p2a: Terapagos\n|-singleturn|p2a: Terapagos|Protect\n|move|p1a: Calyrex|Astral Barrage|p2b: Flutter Mane|[spread] p2b\n|-activate|p2a: Terapagos|move: Protect\n|-supereffective|p2b: Flutter Mane\n|-damage|p2b: Flutter Mane|0 fnt\n|faint|p2b: Flutter Mane\n|-end|p2b: Flutter Mane|Protosynthesis|[silent]\n|-ability|p1a: Calyrex|Grim Neigh|boost\n|-boost|p1a: Calyrex|spa|1\n|-damage|p1a: Calyrex|0 fnt|[from] item: Life Orb\n|faint|p1a: Calyrex\n|move|p1b: Weezing|Taunt|p2a: Terapagos\n|-activate|p2a: Terapagos|move: Protect\n|\n|-heal|p2a: Terapagos|58\/100|[from] item: Leftovers\n|upkeep\n|\n|t:|1738377896\n|switch|p1a: Urshifu|Urshifu-Rapid-Strike, L50, F|100\/100\n|switch|p2b: Incineroar|Incineroar, L50, F|100\/100\n|turn|4\n|\n|t:|1738377914\n|switch|p2a: Raging Bolt|Raging Bolt, L50|100\/100\n|-terastallize|p2b: Incineroar|Ghost\n|move|p1a: Urshifu|Close Combat|p2a: Raging Bolt\n|-damage|p2a: Raging Bolt|52\/100\n|-unboost|p1a: Urshifu|def|1\n|-unboost|p1a: Urshifu|spd|1\n|move|p1b: Weezing|Sludge Bomb|p2b: Incineroar\n|-resisted|p2b: Incineroar\n|-damage|p2b: Incineroar|91\/100\n|-status|p2b: Incineroar|psn\n|move|p2b: Incineroar|Will-O-Wisp|p1a: Urshifu\n|-status|p1a: Urshifu|brn\n|\n|-damage|p2b: Incineroar|79\/100 psn|[from] psn\n|-damage|p1a: Urshifu|94\/100 brn|[from] brn\n|upkeep\n|turn|5\n|\n|t:|1738377938\n|switch|p1a: Indeedee|Indeedee-F, L50, F|100\/100\n|move|p1b: Weezing|Sludge Bomb|p2a: Raging Bolt\n|-damage|p2a: Raging Bolt|36\/100\n|-status|p2a: Raging Bolt|psn\n|move|p2a: Raging Bolt|Electroweb|p1a: Indeedee|[spread] p1a,p1b\n|-damage|p1a: Indeedee|80\/100\n|-damage|p1b: Weezing|71\/100\n|-unboost|p1a: Indeedee|spe|1\n|-unboost|p1b: Weezing|spe|1\n|move|p2b: Incineroar|Knock Off|p1b: Weezing\n|-damage|p1b: Weezing|37\/100\n|-enditem|p1b: Weezing|Leftovers|[from] move: Knock Off|[of] p2b: Incineroar\n|\n|-damage|p2a: Raging Bolt|23\/100 psn|[from] psn\n|-damage|p2b: Incineroar|66\/100 psn|[from] psn\n|-fieldend|move: Psychic Terrain\n|upkeep\n|turn|6\n|\n|t:|1738377966\n|move|p2a: Raging Bolt|Volt Switch|p1a: Indeedee\n|-damage|p1a: Indeedee|45\/100\n|\n|t:|1738377969\n|-end|p2a: Raging Bolt|Protosynthesis|[silent]\n|switch|p2a: Terapagos|Terapagos-Terastal, L50, M|58\/100|[from] Volt Switch\n|move|p2b: Incineroar|Parting Shot|p1b: Weezing\n|-unboost|p1b: Weezing|atk|1\n|-unboost|p1b: Weezing|spa|1\n|\n|t:|1738377976\n|switch|p2b: Raging Bolt|Raging Bolt, L50|23\/100 psn|[from] Parting Shot\n|move|p1a: Indeedee|Healing Wish|p1a: Indeedee\n|faint|p1a: Indeedee\n|move|p1b: Weezing|Sludge Bomb|p2a: Terapagos\n|-damage|p2a: Terapagos|43\/100\n|\n|-heal|p2a: Terapagos|49\/100|[from] item: Leftovers\n|-damage|p2b: Raging Bolt|11\/100 psn|[from] psn\n|upkeep\n|\n|t:|1738377988\n|switch|p1a: Urshifu|Urshifu-Rapid-Strike, L50, F|94\/100 brn\n|-heal|p1a: Urshifu|100\/100|[from] move: Healing Wish\n|turn|7\n|\n|t:|1738378009\n|move|p2a: Terapagos|Protect|p2a: Terapagos\n|-singleturn|p2a: Terapagos|Protect\n|move|p1a: Urshifu|Aqua Jet|p2a: Terapagos\n|-activate|p2a: Terapagos|move: Protect\n|move|p2b: Raging Bolt|Electroweb|p1b: Weezing|[spread] p1a,p1b\n|-supereffective|p1a: Urshifu\n|-damage|p1a: Urshifu|22\/100\n|-damage|p1b: Weezing|7\/100\n|-unboost|p1a: Urshifu|spe|1\n|-unboost|p1b: Weezing|spe|1\n|move|p1b: Weezing|Sludge Bomb|p2a: Terapagos\n|-activate|p2a: Terapagos|move: Protect\n|\n|-heal|p2a: Terapagos|55\/100|[from] item: Leftovers\n|-damage|p2b: Raging Bolt|0 fnt|[from] psn\n|faint|p2b: Raging Bolt\n|-end|p2b: Raging Bolt|Protosynthesis|[silent]\n|upkeep\n|\n|t:|1738378021\n|switch|p2b: Incineroar|Incineroar, L50, F, tera:Ghost|66\/100 psn\n|turn|8\n|\n|t:|1738378034\n|move|p2b: Incineroar|Fake Out|p1b: Weezing\n|-damage|p1b: Weezing|0 fnt\n|faint|p1b: Weezing\n|-end|p1b: Weezing|ability: Neutralizing Gas\n|-ability|p2b: Incineroar|Intimidate|boost\n|-unboost|p1a: Urshifu|atk|1\n|move|p1a: Urshifu|Aqua Jet|p2a: Terapagos\n|-damage|p2a: Terapagos|45\/100\n|move|p2a: Terapagos|Tera Starstorm|p1a: Urshifu\n|-damage|p1a: Urshifu|0 fnt\n|faint|p1a: Urshifu\n|\n|win|jecheonjo\n|raw|roykeenkennedy's rating: 1561 &rarr; <strong>1549<\/strong><br \/>(-12 for losing)\n|raw|jecheonjo's rating: 1701 &rarr; <strong>1713<\/strong><br \/>(+12 for winning)\n|l|\u2606jecheonjo\n|player|p2|\n|l|\u2606roykeenkennedy\n|player|p1|\n","uploadtime":1738378265,"views":8,"formatid":"gen9vgc2025regg","rating":1549,"private":0,"password":null}