{"id":"gen9vgc2025regg-2292618193","format":"[Gen 9] VGC 2025 Reg G","players":["GucciSoup","Prometheus756"],"log":"|j|\u2606GucciSoup\n|j|\u2606Prometheus756\n|t:|1738446368\n|gametype|doubles\n|player|p1|GucciSoup|wallace|1621\n|player|p2|Prometheus756|gentleman-gen4dp|1598\n|teamsize|p1|6\n|teamsize|p2|6\n|gen|9\n|tier|[Gen 9] VGC 2025 Reg G\n|rated|\n|rule|Species Clause: Limit one of each Pok\u00e9mon\n|rule|Item Clause: Limit 1 of each item\n|clearpoke\n|poke|p1|Miraidon, L50|\n|poke|p1|Incineroar, L50, M|\n|poke|p1|Scizor, L50, F|\n|poke|p1|Grimmsnarl, L50, M|\n|poke|p1|Pelipper, L50, M|\n|poke|p1|Landorus, L50, M|\n|poke|p2|Rayquaza, L50|\n|poke|p2|Rillaboom, L50, F|\n|poke|p2|Chien-Pao, L50|\n|poke|p2|Smeargle, L50, M|\n|poke|p2|Amoonguss, L50, F|\n|poke|p2|Muk-Alola, L50, M|\n|teampreview|4\n|inactive|Battle timer is ON: inactive players will automatically lose when time's up. (requested by Prometheus756)\n|inactive|GucciSoup has 60 seconds left.\n|inactive|Prometheus756 has 60 seconds left.\n|inactive|GucciSoup has 30 seconds left.\n|inactive|Prometheus756 has 30 seconds left.\n|inactive|GucciSoup has 20 seconds left.\n|inactive|GucciSoup has 15 seconds left.\n|inactive|GucciSoup has 10 seconds left.\n|\n|t:|1738446453\n|start\n|switch|p1a: Kendrick|Incineroar, L50, M|100\/100\n|switch|p1b: Jasper|Scizor, L50, F|100\/100\n|switch|p2a: Rayquaza|Rayquaza, L50|100\/100\n|switch|p2b: Smeargle|Smeargle, L50, M|100\/100\n|-ability|p2a: Rayquaza|Air Lock\n|-ability|p1a: Kendrick|Intimidate|boost\n|-fail|p2a: Rayquaza|unboost|[from] item: Clear Amulet|[of] p2a: Rayquaza\n|-unboost|p2b: Smeargle|atk|1\n|turn|1\n|inactive|Prometheus756 has 30 seconds left.\n|\n|t:|1738446479\n|move|p2a: Rayquaza|Swords Dance|p2a: Rayquaza\n|-boost|p2a: Rayquaza|atk|2\n|move|p2b: Smeargle|Spore|p1b: Jasper\n|-status|p1b: Jasper|slp|[from] move: Spore\n|cant|p1b: Jasper|slp\n|move|p1a: Kendrick|Knock Off|p2a: Rayquaza\n|-damage|p2a: Rayquaza|62\/100\n|-enditem|p2a: Rayquaza|Clear Amulet|[from] move: Knock Off|[of] p1a: Kendrick\n|\n|-ability|p2b: Smeargle|Moody|boost\n|-boost|p2b: Smeargle|atk|2\n|-unboost|p2b: Smeargle|spe|1\n|upkeep\n|turn|2\n|\n|t:|1738446503\n|move|p2b: Smeargle|Follow Me|p2b: Smeargle\n|-singleturn|p2b: Smeargle|move: Follow Me\n|move|p2a: Rayquaza|Dragon Ascent|p1b: Jasper\n|-damage|p1b: Jasper|0 fnt\n|-unboost|p2a: Rayquaza|def|1\n|-unboost|p2a: Rayquaza|spd|1\n|faint|p1b: Jasper\n|move|p1a: Kendrick|Roar|p2b: Smeargle\n|drag|p2b: Rillaboom|Rillaboom, L50, F|100\/100\n|-fieldstart|move: Grassy Terrain|[from] ability: Grassy Surge|[of] p2b: Rillaboom\n|\n|upkeep\n|\n|t:|1738446516\n|switch|p1b: Mister J|Grimmsnarl, L50, M|100\/100\n|turn|3\n|\n|t:|1738446529\n|-terastallize|p1b: Mister J|Ghost\n|move|p2b: Rillaboom|Fake Out|p1b: Mister J\n|-immune|p1b: Mister J\n|move|p1b: Mister J|Thunder Wave|p2a: Rayquaza\n|-status|p2a: Rayquaza|par\n|move|p1a: Kendrick|Knock Off|p2a: Rayquaza\n|-damage|p2a: Rayquaza|19\/100 par\n|cant|p2a: Rayquaza|par\n|\n|upkeep\n|turn|4\n|\n|t:|1738446550\n|switch|p2b: Chien-Pao|Chien-Pao, L50|100\/100\n|-ability|p2b: Chien-Pao|Sword of Ruin\n|-terastallize|p2a: Rayquaza|Normal\n|move|p2a: Rayquaza|Extreme Speed|p1a: Kendrick\n|-damage|p1a: Kendrick|0 fnt\n|faint|p1a: Kendrick\n|move|p1b: Mister J|Thunder Wave|p2b: Chien-Pao\n|-hint|Since gen 7, Dark is immune to Prankster moves.\n|-immune|p2b: Chien-Pao\n|\n|-heal|p2a: Rayquaza|25\/100 par|[from] Grassy Terrain\n|upkeep\n|\n|t:|1738446559\n|switch|p1a: Metal Overlord|Miraidon, L50|100\/100\n|-fieldstart|move: Electric Terrain|[from] ability: Hadron Engine|[of] p1a: Metal Overlord\n|-enditem|p1a: Metal Overlord|Electric Seed\n|-boost|p1a: Metal Overlord|def|1|[from] item: Electric Seed\n|turn|5\n|\n|t:|1738446582\n|move|p2a: Rayquaza|Extreme Speed|p1a: Metal Overlord\n|-damage|p1a: Metal Overlord|18\/100\n|move|p2b: Chien-Pao|Sucker Punch|p1b: Mister J\n|-supereffective|p1b: Mister J\n|-damage|p1b: Mister J|0 fnt\n|faint|p1b: Mister J\n|move|p1a: Metal Overlord|Parabolic Charge|p2a: Rayquaza|[spread] p2a,p2b\n|-damage|p2a: Rayquaza|0 fnt\n|-heal|p1a: Metal Overlord|30\/100|[from] drain|[of] p2a: Rayquaza\n|-damage|p2b: Chien-Pao|34\/100\n|-heal|p1a: Metal Overlord|56\/100|[from] drain|[of] p2b: Chien-Pao\n|faint|p2a: Rayquaza\n|\n|upkeep\n|\n|t:|1738446592\n|switch|p2a: Rillaboom|Rillaboom, L50, F|100\/100\n|-fieldstart|move: Grassy Terrain|[from] ability: Grassy Surge|[of] p2a: Rillaboom\n|turn|6\n|c|\u2606Prometheus756|Gg\n|\n|t:|1738446610\n|move|p1a: Metal Overlord|Protect|p1a: Metal Overlord\n|-singleturn|p1a: Metal Overlord|Protect\n|move|p2a: Rillaboom|Fake Out|p1a: Metal Overlord\n|-activate|p1a: Metal Overlord|move: Protect\n|move|p2b: Chien-Pao|Icicle Crash|p1a: Metal Overlord\n|-activate|p1a: Metal Overlord|move: Protect\n|\n|-heal|p2b: Chien-Pao|40\/100|[from] Grassy Terrain\n|-heal|p1a: Metal Overlord|63\/100|[from] Grassy Terrain\n|upkeep\n|turn|7\n|\n|t:|1738446623\n|move|p2b: Chien-Pao|Sucker Punch|p1a: Metal Overlord\n|-damage|p1a: Metal Overlord|36\/100\n|move|p1a: Metal Overlord|Parabolic Charge|p2a: Rillaboom|[spread] p2a,p2b\n|-resisted|p2a: Rillaboom\n|-damage|p2a: Rillaboom|85\/100\n|-heal|p1a: Metal Overlord|44\/100|[from] drain|[of] p2a: Rillaboom\n|-damage|p2b: Chien-Pao|0 fnt\n|-heal|p1a: Metal Overlord|59\/100|[from] drain|[of] p2b: Chien-Pao\n|faint|p2b: Chien-Pao\n|move|p2a: Rillaboom|High Horsepower|p1a: Metal Overlord\n|-supereffective|p1a: Metal Overlord\n|-damage|p1a: Metal Overlord|20\/100\n|\n|-heal|p1a: Metal Overlord|27\/100|[from] Grassy Terrain\n|-heal|p2a: Rillaboom|91\/100|[from] Grassy Terrain\n|upkeep\n|-message|GucciSoup forfeited.\n|\n|win|Prometheus756\n|raw|GucciSoup's rating: 1621 &rarr; <strong>1600<\/strong><br \/>(-21 for losing)\n|raw|Prometheus756's rating: 1598 &rarr; <strong>1619<\/strong><br \/>(+21 for winning)\n|l|\u2606GucciSoup\n|player|p1|\n|l|\u2606Prometheus756\n|player|p2|\n","uploadtime":1738446812,"views":15,"formatid":"gen9vgc2025regg","rating":1600,"private":0,"password":null}