{"id":"gen9vgc2025regg-2292450786","format":"[Gen 9] VGC 2025 Reg G","players":["RustyChair13","koji muranishi"],"log":"|j|\u2606RustyChair13\n|j|\u2606koji muranishi\n|t:|1738425002\n|gametype|doubles\n|player|p1|RustyChair13|scientist-gen4|1623\n|player|p2|koji muranishi|265|1654\n|teamsize|p1|6\n|teamsize|p2|6\n|gen|9\n|tier|[Gen 9] VGC 2025 Reg G\n|rated|\n|rule|Species Clause: Limit one of each Pok\u00e9mon\n|rule|Item Clause: Limit 1 of each item\n|clearpoke\n|poke|p1|Zamazenta-*, L50|\n|poke|p1|Landorus, L50, M|\n|poke|p1|Rillaboom, L50, M|\n|poke|p1|Chien-Pao, L50|\n|poke|p1|Farigiraf, L50, M|\n|poke|p1|Tornadus, L50, M|\n|poke|p2|Whimsicott, L50, M|\n|poke|p2|Calyrex-Ice, L50|\n|poke|p2|Urshifu-*, L50, M|\n|poke|p2|Entei, L50|\n|poke|p2|Raging Bolt, L50|\n|poke|p2|Landorus, L50, M|\n|teampreview|4\n|inactive|Battle timer is ON: inactive players will automatically lose when time's up. (requested by koji muranishi)\n|\n|t:|1738425027\n|start\n|switch|p1a: Chien-Pao|Chien-Pao, L50|100\/100\n|switch|p1b: Tornadus|Tornadus, L50, M|100\/100\n|switch|p2a: Whimsicott|Whimsicott, L50, M|100\/100\n|switch|p2b: Entei|Entei, L50|100\/100\n|-ability|p1a: Chien-Pao|Sword of Ruin\n|turn|1\n|\n|t:|1738425041\n|switch|p1a: Zamazenta|Zamazenta-Crowned, L50, shiny|100\/100\n|-ability|p1a: Zamazenta|Dauntless Shield|boost\n|-boost|p1a: Zamazenta|def|1\n|-terastallize|p1b: Tornadus|Steel\n|move|p1b: Tornadus|Bleakwind Storm|p2b: Entei|[spread] p2a,p2b\n|-supereffective|p2a: Whimsicott\n|-enditem|p2a: Whimsicott|Focus Sash\n|-damage|p2a: Whimsicott|1\/100\n|-damage|p2b: Entei|74\/100\n|-unboost|p2a: Whimsicott|spe|1\n|-unboost|p2b: Entei|spe|1\n|move|p2b: Entei|Sacred Fire|p1a: Zamazenta\n|-supereffective|p1a: Zamazenta\n|-damage|p1a: Zamazenta|56\/100\n|move|p2a: Whimsicott|Trick Room|p2a: Whimsicott\n|-fieldstart|move: Trick Room|[of] p2a: Whimsicott\n|\n|upkeep\n|turn|2\n|inactive|RustyChair13 has 30 seconds left.\n|inactive|koji muranishi has 30 seconds left.\n|\n|t:|1738425074\n|move|p1b: Tornadus|Rain Dance|p1b: Tornadus\n|-weather|RainDance\n|move|p2b: Entei|Sacred Fire|p1b: Tornadus\n|-supereffective|p1b: Tornadus\n|-damage|p1b: Tornadus|38\/100\n|move|p2a: Whimsicott|Moonblast|p1a: Zamazenta\n|-damage|p1a: Zamazenta|25\/100\n|move|p1a: Zamazenta|Body Press|p2b: Entei\n|-damage|p2b: Entei|0 fnt\n|faint|p2b: Entei\n|\n|-weather|RainDance|[upkeep]\n|upkeep\n|\n|t:|1738425088\n|switch|p2b: Landorus|Landorus, L50, M|100\/100\n|turn|3\n|\n|t:|1738425100\n|move|p2a: Whimsicott|Moonblast|p1b: Tornadus\n|-resisted|p1b: Tornadus\n|-damage|p1b: Tornadus|16\/100\n|move|p2b: Landorus|Sandsear Storm|p1a: Zamazenta|[spread] p1a,p1b\n|-supereffective|p1a: Zamazenta\n|-crit|p1a: Zamazenta\n|-supereffective|p1b: Tornadus\n|-crit|p1b: Tornadus\n|-damage|p1a: Zamazenta|0 fnt\n|-damage|p1b: Tornadus|0 fnt\n|faint|p1a: Zamazenta\n|faint|p1b: Tornadus\n|\n|-weather|RainDance|[upkeep]\n|upkeep\n|\n|t:|1738425106\n|switch|p1b: Landorus|Landorus, L50, M|100\/100\n|switch|p1a: Chien-Pao|Chien-Pao, L50|100\/100\n|-ability|p1a: Chien-Pao|Sword of Ruin\n|turn|4\n|\n|t:|1738425128\n|move|p2b: Landorus|Protect|p2b: Landorus\n|-singleturn|p2b: Landorus|Protect\n|move|p1a: Chien-Pao|Sucker Punch|p2a: Whimsicott\n|-resisted|p2a: Whimsicott\n|-damage|p2a: Whimsicott|0 fnt\n|faint|p2a: Whimsicott\n|-damage|p1a: Chien-Pao|91\/100|[from] item: Life Orb\n|move|p1b: Landorus|Sludge Bomb|p2b: Landorus\n|-activate|p2b: Landorus|move: Protect\n|\n|-weather|RainDance|[upkeep]\n|upkeep\n|\n|t:|1738425144\n|switch|p2a: Urshifu|Urshifu-Rapid-Strike, L50, M|100\/100\n|turn|5\n|\n|t:|1738425154\n|move|p1a: Chien-Pao|Sucker Punch|p2b: Landorus\n|-damage|p2b: Landorus|29\/100\n|-damage|p1a: Chien-Pao|81\/100|[from] item: Life Orb\n|move|p2b: Landorus|Sandsear Storm|p1a: Chien-Pao|[spread] p1a\n|-immune|p1b: Landorus\n|-damage|p1a: Chien-Pao|0 fnt\n|faint|p1a: Chien-Pao\n|move|p2a: Urshifu|Surging Strikes|p1b: Landorus\n|-supereffective|p1b: Landorus\n|-crit|p1b: Landorus\n|-damage|p1b: Landorus|27\/100\n|-supereffective|p1b: Landorus\n|-crit|p1b: Landorus\n|-damage|p1b: Landorus|0 fnt\n|faint|p1b: Landorus\n|-hitcount|p1: Landorus|2\n|\n|win|koji muranishi\n|raw|RustyChair13's rating: 1623 &rarr; <strong>1605<\/strong><br \/>(-18 for losing)\n|raw|koji muranishi's rating: 1654 &rarr; <strong>1672<\/strong><br \/>(+18 for winning)\n|l|\u2606RustyChair13\n|player|p1|\n|l|\u2606koji muranishi\n|player|p2|\n","uploadtime":1738425323,"views":11,"formatid":"gen9vgc2025regg","rating":1605,"private":0,"password":null}