{"id":"gen9vgc2025regg-2292336128","format":"[Gen 9] VGC 2025 Reg G","players":["BigBoyWally","Diestoise"],"log":"|j|\u2606BigBoyWally\n|j|\u2606Diestoise\n|t:|1738404255\n|gametype|doubles\n|player|p1|BigBoyWally|miku-fire|1575\n|player|p2|Diestoise|blue|1706\n|teamsize|p1|6\n|teamsize|p2|6\n|gen|9\n|tier|[Gen 9] VGC 2025 Reg G\n|rated|\n|rule|Species Clause: Limit one of each Pok\u00e9mon\n|rule|Item Clause: Limit 1 of each item\n|clearpoke\n|poke|p1|Slowking, L50, M|\n|poke|p1|Weezing-Galar, L50, F|\n|poke|p1|Baxcalibur, L50, F|\n|poke|p1|Kyogre, L50|\n|poke|p1|Indeedee-F, L50, F|\n|poke|p1|Smeargle, L50, M|\n|poke|p2|Kyogre, L50|\n|poke|p2|Roaring Moon, L50|\n|poke|p2|Rillaboom, L50, F|\n|poke|p2|Pawmot, L50, M|\n|poke|p2|Urshifu-*, L50, M|\n|poke|p2|Amoonguss, L50, F|\n|teampreview|4\n|inactive|Battle timer is ON: inactive players will automatically lose when time's up. (requested by BigBoyWally)\n|j| ephedrine004\n|inactive|BigBoyWally has 60 seconds left.\n|inactive|Diestoise has 60 seconds left.\n|\n|t:|1738404310\n|start\n|switch|p1a: Weezing|Weezing-Galar, L50, F, shiny|100\/100\n|switch|p1b: Baxcalibur|Baxcalibur, L50, F, shiny|100\/100\n|switch|p2a: Urshifu|Urshifu-Rapid-Strike, L50, M|100\/100\n|switch|p2b: Roaring Moon|Roaring Moon, L50, shiny|100\/100\n|-ability|p1a: Weezing|Neutralizing Gas\n|turn|1\n|inactive|BigBoyWally has 30 seconds left.\n|inactive|Diestoise has 30 seconds left.\n|\n|t:|1738404342\n|-end|p2b: Roaring Moon|Protosynthesis|[silent]\n|switch|p2b: Kyogre|Kyogre, L50|100\/100\n|move|p1b: Baxcalibur|Protect|p1b: Baxcalibur\n|-singleturn|p1b: Baxcalibur|Protect\n|move|p2a: Urshifu|Close Combat|p1b: Baxcalibur\n|-activate|p1b: Baxcalibur|move: Protect\n|move|p1a: Weezing|Play Rough|p2a: Urshifu\n|-supereffective|p2a: Urshifu\n|-damage|p2a: Urshifu|11\/100\n|\n|upkeep\n|turn|2\n|inactive|BigBoyWally has 30 seconds left.\n|inactive|BigBoyWally has 20 seconds left.\n|\n|t:|1738404380\n|-terastallize|p1b: Baxcalibur|Poison\n|move|p2a: Urshifu|Close Combat|p1b: Baxcalibur\n|-resisted|p1b: Baxcalibur\n|-crit|p1b: Baxcalibur\n|-damage|p1b: Baxcalibur|50\/100\n|-unboost|p2a: Urshifu|def|1\n|-unboost|p2a: Urshifu|spd|1\n|move|p1b: Baxcalibur|Scale Shot|p2b: Kyogre\n|-damage|p2b: Kyogre|86\/100\n|-damage|p2b: Kyogre|70\/100\n|-damage|p2b: Kyogre|56\/100\n|-damage|p2b: Kyogre|42\/100\n|-damage|p2b: Kyogre|27\/100\n|-hitcount|p2b: Kyogre|5\n|-unboost|p1b: Baxcalibur|def|1\n|-boost|p1b: Baxcalibur|spe|1\n|move|p2b: Kyogre|Water Spout|p1a: Weezing|[spread] p1a,p1b\n|-damage|p1a: Weezing|86\/100\n|-damage|p1b: Baxcalibur|33\/100\n|move|p1a: Weezing|Gunk Shot|p2b: Kyogre\n|-damage|p2b: Kyogre|0 fnt\n|faint|p2b: Kyogre\n|\n|upkeep\n|\n|t:|1738404401\n|switch|p2b: Rillaboom|Rillaboom, L50, F|100\/100\n|turn|3\n|\n|t:|1738404423\n|switch|p2a: Roaring Moon|Roaring Moon, L50, shiny|100\/100\n|-end|p1a: Weezing|ability: Neutralizing Gas\n|-fieldstart|move: Grassy Terrain|[from] ability: Grassy Surge|[of] p2b: Rillaboom\n|switch|p1a: Indeedee|Indeedee-F, L50, F, shiny|100\/100\n|-enditem|p2a: Roaring Moon|Booster Energy\n|-activate|p2a: Roaring Moon|ability: Protosynthesis|[fromitem]\n|-start|p2a: Roaring Moon|protosynthesisspe\n|-fieldstart|move: Psychic Terrain|[from] ability: Psychic Surge|[of] p1a: Indeedee\n|move|p1b: Baxcalibur|Scale Shot|p2a: Roaring Moon\n|-supereffective|p2a: Roaring Moon\n|-damage|p2a: Roaring Moon|65\/100\n|-supereffective|p2a: Roaring Moon\n|-damage|p2a: Roaring Moon|28\/100\n|-supereffective|p2a: Roaring Moon\n|-damage|p2a: Roaring Moon|0 fnt\n|faint|p2a: Roaring Moon\n|-end|p2a: Roaring Moon|Protosynthesis|[silent]\n|-hitcount|p2: Roaring Moon|3\n|-unboost|p1b: Baxcalibur|def|1\n|-boost|p1b: Baxcalibur|spe|1\n|move|p2b: Rillaboom|U-turn|p1a: Indeedee\n|-supereffective|p1a: Indeedee\n|-damage|p1a: Indeedee|57\/100\n|-damage|p2b: Rillaboom|84\/100|[from] item: Rocky Helmet|[of] p1a: Indeedee\n|\n|t:|1738404435\n|switch|p2b: Urshifu|Urshifu-Rapid-Strike, L50, M|11\/100|[from] U-turn\n|\n|upkeep\n|\n|t:|1738404437\n|switch|p2a: Rillaboom|Rillaboom, L50, F|84\/100\n|-fieldstart|move: Grassy Terrain|[from] ability: Grassy Surge|[of] p2a: Rillaboom\n|turn|4\n|\n|t:|1738404451\n|switch|p1a: Weezing|Weezing-Galar, L50, F, shiny|86\/100\n|-ability|p1a: Weezing|Neutralizing Gas\n|move|p1b: Baxcalibur|Protect|p1b: Baxcalibur\n|-singleturn|p1b: Baxcalibur|Protect\n|move|p2a: Rillaboom|Fake Out|p1a: Weezing\n|-damage|p1a: Weezing|74\/100\n|move|p2b: Urshifu|Surging Strikes|p1b: Baxcalibur\n|-activate|p1b: Baxcalibur|move: Protect\n|\n|-heal|p1b: Baxcalibur|40\/100|[from] Grassy Terrain\n|-heal|p2b: Urshifu|17\/100|[from] Grassy Terrain\n|-heal|p2a: Rillaboom|90\/100|[from] Grassy Terrain\n|-heal|p1a: Weezing|80\/100|[from] Grassy Terrain\n|upkeep\n|turn|5\n|-message|Diestoise forfeited.\n|\n|win|BigBoyWally\n|raw|BigBoyWally's rating: 1575 &rarr; <strong>1602<\/strong><br \/>(+27 for winning)\n|raw|Diestoise's rating: 1706 &rarr; <strong>1679<\/strong><br \/>(-27 for losing)\n|l|\u2606Diestoise\n|player|p2|\n|j| mistball479\n|l|\u2606BigBoyWally\n|player|p1|\n|l| mistball479\n|l| ephedrine004\n","uploadtime":1738404476,"views":41,"formatid":"gen9vgc2025regg","rating":1602,"private":0,"password":null}