{"id":"gen9vgc2025regg-2292066078","format":"[Gen 9] VGC 2025 Reg G","players":["zonavideovigilada","Wilfredistall"],"log":"|j|\u2606zonavideovigilada\n|j|\u2606Wilfredistall\n|t:|1738360129\n|gametype|doubles\n|player|p1|zonavideovigilada|265|1580\n|player|p2|Wilfredistall|2|1743\n|teamsize|p1|6\n|teamsize|p2|6\n|gen|9\n|tier|[Gen 9] VGC 2025 Reg G\n|rated|\n|rule|Species Clause: Limit one of each Pok\u00e9mon\n|rule|Item Clause: Limit 1 of each item\n|clearpoke\n|poke|p1|Urshifu-*, L50, M|\n|poke|p1|Whimsicott, L50, F|\n|poke|p1|Miraidon, L50|\n|poke|p1|Iron Hands, L50|\n|poke|p1|Incineroar, L50, M|\n|poke|p1|Iron Leaves, L50|\n|poke|p2|Miraidon, L50|\n|poke|p2|Whimsicott, L50, M|\n|poke|p2|Urshifu-*, L50, F|\n|poke|p2|Ogerpon-Hearthflame, L50, F|\n|poke|p2|Farigiraf, L50, M|\n|poke|p2|Iron Hands, L50|\n|teampreview|4\nWilfredistall has agreed to open team sheets.\n|\n|t:|1738360150\n|start\n|switch|p1a: Miraidon|Miraidon, L50|100\/100\n|switch|p1b: Whimsicott|Whimsicott, L50, F|100\/100\n|switch|p2a: Whimsicott|Whimsicott, L50, M|100\/100\n|switch|p2b: Miraidon|Miraidon, L50|100\/100\n|-fieldstart|move: Electric Terrain|[from] ability: Hadron Engine|[of] p1a: Miraidon\n|-activate|p2b: Miraidon|ability: Hadron Engine\n|turn|1\n|inactive|Battle timer is ON: inactive players will automatically lose when time's up. (requested by zonavideovigilada)\n|\n|t:|1738360161\n|-terastallize|p1a: Miraidon|Fairy\n|-terastallize|p2b: Miraidon|Fairy\n|move|p1b: Whimsicott|Light Screen|p1b: Whimsicott\n|-sidestart|p1: zonavideovigilada|move: Light Screen\n|move|p2a: Whimsicott|Light Screen|p2a: Whimsicott\n|-sidestart|p2: Wilfredistall|move: Light Screen\n|move|p1a: Miraidon|Dazzling Gleam|p2a: Whimsicott|[spread] p2a,p2b\n|-damage|p2a: Whimsicott|46\/100\n|-damage|p2b: Miraidon|59\/100\n|move|p2b: Miraidon|Dazzling Gleam|p1b: Whimsicott|[spread] p1a,p1b\n|-damage|p1a: Miraidon|57\/100\n|-damage|p1b: Whimsicott|32\/100\n|\n|upkeep\n|turn|2\n|\n|t:|1738360182\n|move|p1b: Whimsicott|Tailwind|p1b: Whimsicott\n|-sidestart|p1: zonavideovigilada|move: Tailwind\n|move|p2a: Whimsicott|Encore|p1b: Whimsicott\n|-start|p1b: Whimsicott|Encore\n|move|p1a: Miraidon|Dazzling Gleam|p2b: Miraidon|[spread] p2a,p2b\n|-damage|p2a: Whimsicott|0 fnt\n|-damage|p2b: Miraidon|18\/100\n|faint|p2a: Whimsicott\n|move|p2b: Miraidon|Dazzling Gleam|p1a: Miraidon|[spread] p1a,p1b\n|-damage|p1a: Miraidon|14\/100\n|-damage|p1b: Whimsicott|0 fnt\n|faint|p1b: Whimsicott\n|\n|upkeep\n|j| artinhistory\n|\n|t:|1738360198\n|switch|p1b: Iron Leaves|Iron Leaves, L50|100\/100\n|switch|p2a: Urshifu|Urshifu-Rapid-Strike, L50, F|100\/100\n|-activate|p1b: Iron Leaves|ability: Quark Drive\n|-start|p1b: Iron Leaves|quarkdrivespe\n|turn|3\n|\n|t:|1738360211\n|move|p2a: Urshifu|Aqua Jet|p1a: Miraidon\n|-damage|p1a: Miraidon|0 fnt\n|faint|p1a: Miraidon\n|move|p1b: Iron Leaves|Psyblade|p2b: Miraidon\n|-damage|p2b: Miraidon|0 fnt\n|faint|p2b: Miraidon\n|-damage|p1b: Iron Leaves|91\/100|[from] item: Life Orb\n|\n|upkeep\n|\n|t:|1738360216\n|switch|p1a: Iron Hands|Iron Hands, L50|100\/100\n|switch|p2b: Farigiraf|Farigiraf, L50, M|100\/100\n|-enditem|p1a: Iron Hands|Electric Seed\n|-boost|p1a: Iron Hands|def|1|[from] item: Electric Seed\n|-enditem|p2b: Farigiraf|Electric Seed\n|-boost|p2b: Farigiraf|def|1|[from] item: Electric Seed\n|-activate|p1a: Iron Hands|ability: Quark Drive\n|-start|p1a: Iron Hands|quarkdriveatk\n|turn|4\n|\n|t:|1738360236\n|move|p2a: Urshifu|Protect|p2a: Urshifu\n|-singleturn|p2a: Urshifu|Protect\n|move|p1b: Iron Leaves|Leaf Blade|p2a: Urshifu\n|-activate|p2a: Urshifu|move: Protect\n|move|p1a: Iron Hands|Swords Dance|p1a: Iron Hands\n|-boost|p1a: Iron Hands|atk|2\n|move|p2b: Farigiraf|Foul Play|p1b: Iron Leaves\n|-supereffective|p1b: Iron Leaves\n|-damage|p1b: Iron Leaves|20\/100\n|\n|upkeep\n|turn|5\n|\n|t:|1738360252\n|move|p2a: Urshifu|Aqua Jet|p1b: Iron Leaves\n|-resisted|p1b: Iron Leaves\n|-crit|p1b: Iron Leaves\n|-damage|p1b: Iron Leaves|0 fnt\n|faint|p1b: Iron Leaves\n|-end|p1b: Iron Leaves|Quark Drive|[silent]\n|move|p1a: Iron Hands|Thunder Punch|p2a: Urshifu\n|-supereffective|p2a: Urshifu\n|-enditem|p2a: Urshifu|Focus Sash\n|-damage|p2a: Urshifu|1\/100\n|move|p2b: Farigiraf|Psychic Noise|p1a: Iron Hands\n|-supereffective|p1a: Iron Hands\n|-damage|p1a: Iron Hands|70\/100\n|-start|p1a: Iron Hands|move: Heal Block\n|\n|-sideend|p1: zonavideovigilada|move: Light Screen\n|-sideend|p2: Wilfredistall|move: Light Screen\n|-sideend|p1: zonavideovigilada|move: Tailwind\n|-fieldend|move: Electric Terrain\n|-end|p1a: Iron Hands|Quark Drive\n|upkeep\n|turn|6\n|\n|t:|1738360275\n|move|p2a: Urshifu|Surging Strikes|p1a: Iron Hands\n|-crit|p1a: Iron Hands\n|-damage|p1a: Iron Hands|56\/100\n|-crit|p1a: Iron Hands\n|-damage|p1a: Iron Hands|41\/100\n|-crit|p1a: Iron Hands\n|-damage|p1a: Iron Hands|26\/100\n|-hitcount|p1a: Iron Hands|3\n|move|p2b: Farigiraf|Foul Play|p1a: Iron Hands\n|-resisted|p1a: Iron Hands\n|-damage|p1a: Iron Hands|10\/100\n|move|p1a: Iron Hands|Thunder Punch|p2a: Urshifu\n|-supereffective|p2a: Urshifu\n|-damage|p2a: Urshifu|0 fnt\n|faint|p2a: Urshifu\n|\n|-end|p1a: Iron Hands|move: Heal Block\n|upkeep\n|turn|7\n|\n|t:|1738360282\n|move|p1a: Iron Hands|Detect|p1a: Iron Hands\n|-singleturn|p1a: Iron Hands|Protect\n|move|p2b: Farigiraf|Psychic Noise|p1a: Iron Hands\n|-activate|p1a: Iron Hands|move: Protect\n|\n|upkeep\n|turn|8\n|\n|t:|1738360293\n|move|p2b: Farigiraf|Psychic Noise|p1a: Iron Hands\n|-supereffective|p1a: Iron Hands\n|-damage|p1a: Iron Hands|0 fnt\n|faint|p1a: Iron Hands\n|-end|p1a: Iron Hands|Quark Drive|[silent]\n|\n|win|Wilfredistall\n|raw|zonavideovigilada's rating: 1580 &rarr; <strong>1569<\/strong><br \/>(-11 for losing)\n|raw|Wilfredistall's rating: 1743 &rarr; <strong>1754<\/strong><br \/>(+11 for winning)\n|l|\u2606zonavideovigilada\n|player|p1|\n|l|\u2606Wilfredistall\n|player|p2|\n|l| artinhistory\n","uploadtime":1738360488,"views":9,"formatid":"gen9vgc2025regg","rating":1569,"private":0,"password":null}