{"id":"gen9vgc2025regg-2292612033","format":"[Gen 9] VGC 2025 Reg G","players":["GucciSoup","Mature Madness"],"log":"|j|\u2606GucciSoup\n|j|\u2606Mature Madness\n|t:|1738445590\n|gametype|doubles\n|player|p1|GucciSoup|wallace|1616\n|player|p2|Mature Madness|1|1572\n|teamsize|p1|6\n|teamsize|p2|6\n|gen|9\n|tier|[Gen 9] VGC 2025 Reg G\n|rated|\n|rule|Species Clause: Limit one of each Pok\u00e9mon\n|rule|Item Clause: Limit 1 of each item\n|clearpoke\n|poke|p1|Miraidon, L50|\n|poke|p1|Incineroar, L50, M|\n|poke|p1|Scizor, L50, M|\n|poke|p1|Grimmsnarl, L50, M|\n|poke|p1|Pelipper, L50, M|\n|poke|p1|Landorus, L50, M|\n|poke|p2|Calyrex-Shadow, L50|\n|poke|p2|Raging Bolt, L50|\n|poke|p2|Amoonguss, L50, M|\n|poke|p2|Cresselia, L50, F|\n|poke|p2|Incineroar, L50, M|\n|poke|p2|Ursaluna, L50, F|\n|teampreview|4\n|inactive|Battle timer is ON: inactive players will automatically lose when time's up. (requested by Mature Madness)\n|\n|t:|1738445650\n|start\n|switch|p1a: Jasper|Scizor, L50, M|100\/100\n|switch|p1b: Kendrick|Incineroar, L50, M|100\/100\n|switch|p2a: Calyrex|Calyrex-Shadow, L50|100\/100\n|switch|p2b: Incineroar|Incineroar, L50, M|100\/100\n|-ability|p2a: Calyrex|As One\n|-ability|p2a: Calyrex|Unnerve\n|-ability|p2b: Incineroar|Intimidate|boost\n|-fail|p1a: Jasper|unboost|[from] item: Clear Amulet|[of] p1a: Jasper\n|-unboost|p1b: Kendrick|atk|1\n|-ability|p1b: Kendrick|Intimidate|boost\n|-unboost|p2a: Calyrex|atk|1\n|-unboost|p2b: Incineroar|atk|1\n|turn|1\n|inactive|Mature Madness has 30 seconds left.\n|\n|t:|1738445683\n|move|p1b: Kendrick|Fake Out|p2b: Incineroar\n|-damage|p2b: Incineroar|94\/100\n|move|p2a: Calyrex|Astral Barrage|p1b: Kendrick|[spread] p1a,p1b\n|-resisted|p1b: Kendrick\n|-crit|p1b: Kendrick\n|-damage|p1a: Jasper|39\/100\n|-damage|p1b: Kendrick|67\/100\n|move|p1a: Jasper|Swords Dance|p1a: Jasper\n|-boost|p1a: Jasper|atk|2\n|cant|p2b: Incineroar|flinch\n|\n|upkeep\n|turn|2\n|\n|t:|1738445706\n|move|p2a: Calyrex|Protect|p2a: Calyrex\n|-singleturn|p2a: Calyrex|Protect\n|move|p1a: Jasper|Pounce|p2b: Incineroar\n|-damage|p2b: Incineroar|25\/100\n|-unboost|p2b: Incineroar|spe|1\n|move|p2b: Incineroar|Will-O-Wisp|p1a: Jasper\n|-status|p1a: Jasper|brn\n|move|p1b: Kendrick|Roar|p2a: Calyrex\n|drag|p2a: Cresselia|Cresselia, L50, F|100\/100\n|\n|-damage|p1a: Jasper|33\/100 brn|[from] brn\n|upkeep\n|turn|3\n|\n|t:|1738445727\n|move|p1a: Jasper|Pounce|p2a: Cresselia\n|-supereffective|p2a: Cresselia\n|-damage|p2a: Cresselia|52\/100\n|-unboost|p2a: Cresselia|spe|1\n|move|p1b: Kendrick|Knock Off|p2b: Incineroar\n|-resisted|p2b: Incineroar\n|-damage|p2b: Incineroar|14\/100\n|-enditem|p2b: Incineroar|Chople Berry|[from] move: Knock Off|[of] p1b: Kendrick\n|move|p2b: Incineroar|Parting Shot|p1b: Kendrick\n|-unboost|p1b: Kendrick|atk|1\n|-unboost|p1b: Kendrick|spa|1\n|\n|t:|1738445738\n|switch|p2b: Ursaluna|Ursaluna, L50, F|100\/100|[from] Parting Shot\n|move|p2a: Cresselia|Trick Room|p2a: Cresselia\n|-fieldstart|move: Trick Room|[of] p2a: Cresselia\n|\n|-damage|p1a: Jasper|27\/100 brn|[from] brn\n|-status|p2b: Ursaluna|brn|[from] item: Flame Orb\n|upkeep\n|turn|4\n|\n|t:|1738445761\n|move|p2a: Cresselia|Helping Hand|p2b: Ursaluna\n|-singleturn|p2b: Ursaluna|Helping Hand|[of] p2a: Cresselia\n|move|p2b: Ursaluna|Earthquake|p1b: Kendrick|[spread] p1a,p1b\n|-immune|p2a: Cresselia|[from] ability: Levitate\n|-supereffective|p1b: Kendrick\n|-damage|p1a: Jasper|0 fnt\n|-damage|p1b: Kendrick|0 fnt\n|faint|p1a: Jasper\n|faint|p1b: Kendrick\n|\n|-damage|p2b: Ursaluna|95\/100 brn|[from] brn\n|upkeep\n|\n|t:|1738445767\n|switch|p1b: Mister J|Grimmsnarl, L50, M|100\/100\n|switch|p1a: Metal Overlord|Miraidon, L50|100\/100\n|-fieldstart|move: Electric Terrain|[from] ability: Hadron Engine|[of] p1a: Metal Overlord\n|-enditem|p1a: Metal Overlord|Electric Seed\n|-boost|p1a: Metal Overlord|def|1|[from] item: Electric Seed\n|turn|5\n|inactive|GucciSoup has 30 seconds left.\n|\n|t:|1738445794\n|-terastallize|p2b: Ursaluna|Ghost\n|move|p2a: Cresselia|Helping Hand|p2b: Ursaluna\n|-singleturn|p2b: Ursaluna|Helping Hand|[of] p2a: Cresselia\n|move|p1a: Metal Overlord|Protect|p1a: Metal Overlord\n|-singleturn|p1a: Metal Overlord|Protect\n|move|p1b: Mister J|Parting Shot|p2b: Ursaluna\n|-unboost|p2b: Ursaluna|atk|1\n|-unboost|p2b: Ursaluna|spa|1\n|move|p2b: Ursaluna|Earthquake|p1b: Mister J|[spread] p1b\n|-activate|p1a: Metal Overlord|move: Protect\n|-immune|p2a: Cresselia|[from] ability: Levitate\n|-damage|p1b: Mister J|37\/100\n|\n|-damage|p2b: Ursaluna|89\/100 brn|[from] brn\n|upkeep\n|turn|6\n|l|\u2606Mature Madness\n|inactive|Mature Madness disconnected and has a minute to reconnect!\n|player|p2|\n|inactive|Mature Madness has 30 seconds left.\n|inactive|Mature Madness has 20 seconds left.\n|inactive|Mature Madness has 15 seconds left.\n|inactive|Mature Madness has 10 seconds left.\n|inactive|Mature Madness has 5 seconds left.\n|-message|Mature Madness lost due to inactivity.\n|\n|win|GucciSoup\n|raw|GucciSoup's rating: 1616 &rarr; <strong>1633<\/strong><br \/>(+17 for winning)\n|raw|Mature Madness's rating: 1572 &rarr; <strong>1555<\/strong><br \/>(-17 for losing)\n|l|\u2606GucciSoup\n|player|p1|\n","uploadtime":1738446120,"views":15,"formatid":"gen9vgc2025regg","rating":1555,"private":0,"password":null}