{"id":"gen9vgc2025regg-2292073270","format":"[Gen 9] VGC 2025 Reg G","players":["Wilfredistall","Yung Trav"],"log":"|j|\u2606Wilfredistall\n|j|\u203dYung Trav\n|t:|1738361000\n|gametype|doubles\n|player|p1|Wilfredistall|2|1715\n|player|p2|Yung Trav|102|1633\n|teamsize|p1|6\n|teamsize|p2|6\n|gen|9\n|tier|[Gen 9] VGC 2025 Reg G\n|rated|\n|rule|Species Clause: Limit one of each Pok\u00e9mon\n|rule|Item Clause: Limit 1 of each item\n|clearpoke\n|poke|p1|Miraidon, L50|\n|poke|p1|Whimsicott, L50, F|\n|poke|p1|Urshifu-*, L50, M|\n|poke|p1|Ogerpon-Hearthflame, L50, F|\n|poke|p1|Farigiraf, L50, M|\n|poke|p1|Iron Hands, L50|\n|poke|p2|Calyrex-Ice, L50|\n|poke|p2|Regidrago, L50|\n|poke|p2|Smeargle, L50, M|\n|poke|p2|Farigiraf, L50, M|\n|poke|p2|Urshifu-*, L50, M|\n|poke|p2|Ogerpon-Cornerstone, L50, F|\n|teampreview|4\n|j| artinhistory\n|\n|t:|1738361015\n|start\n|switch|p1a: Miraidon|Miraidon, L50|100\/100\n|switch|p1b: Whimsicott|Whimsicott, L50, F|100\/100\n|switch|p2a: Calyrex|Calyrex-Ice, L50|100\/100\n|switch|p2b: Ogerpon|Ogerpon-Cornerstone, L50, F|100\/100\n|-ability|p2a: Calyrex|As One\n|-ability|p2a: Calyrex|Unnerve\n|-fieldstart|move: Electric Terrain|[from] ability: Hadron Engine|[of] p1a: Miraidon\n|turn|1\n|\n|t:|1738361032\n|switch|p1b: Urshifu|Urshifu-Rapid-Strike, L50, M|100\/100\n|move|p2b: Ogerpon|Follow Me|p2b: Ogerpon\n|-singleturn|p2b: Ogerpon|move: Follow Me\n|move|p1a: Miraidon|Volt Switch|p2b: Ogerpon\n|-resisted|p2b: Ogerpon\n|-damage|p2b: Ogerpon|41\/100\n|\n|t:|1738361039\n|switch|p1a: Farigiraf|Farigiraf, L50, M|100\/100|[from] Volt Switch\n|-enditem|p1a: Farigiraf|Electric Seed\n|-boost|p1a: Farigiraf|def|1|[from] item: Electric Seed\n|move|p2a: Calyrex|Trick Room|p2a: Calyrex\n|-fieldstart|move: Trick Room|[of] p2a: Calyrex\n|\n|upkeep\n|turn|2\n|j| jdarcan\n|\n|t:|1738361069\n|-terastallize|p2a: Calyrex|Water\n|move|p2a: Calyrex|Glacial Lance|p1b: Urshifu|[spread] p1a,p1b\n|-resisted|p1b: Urshifu\n|-damage|p1a: Farigiraf|70\/100\n|-damage|p1b: Urshifu|70\/100\n|move|p1a: Farigiraf|Foul Play|p2a: Calyrex\n|-damage|p2a: Calyrex|73\/100\n|move|p1b: Urshifu|Surging Strikes|p2a: Calyrex\n|-resisted|p2a: Calyrex\n|-crit|p2a: Calyrex\n|-damage|p2a: Calyrex|66\/100\n|-resisted|p2a: Calyrex\n|-crit|p2a: Calyrex\n|-damage|p2a: Calyrex|59\/100\n|-resisted|p2a: Calyrex\n|-crit|p2a: Calyrex\n|-damage|p2a: Calyrex|52\/100\n|-hitcount|p2a: Calyrex|3\n|move|p2b: Ogerpon|Taunt|p1a: Farigiraf\n|-start|p1a: Farigiraf|move: Taunt\n|\n|upkeep\n|turn|3\n|\n|t:|1738361091\n|switch|p2b: Regidrago|Regidrago, L50, shiny|100\/100\n|move|p2a: Calyrex|Glacial Lance|p1a: Farigiraf|[spread] p1a,p1b\n|-resisted|p1b: Urshifu\n|-damage|p1a: Farigiraf|39\/100\n|-damage|p1b: Urshifu|38\/100\n|move|p1a: Farigiraf|Foul Play|p2a: Calyrex\n|-damage|p2a: Calyrex|27\/100\n|move|p1b: Urshifu|Close Combat|p2a: Calyrex\n|-damage|p2a: Calyrex|0 fnt\n|-unboost|p1b: Urshifu|def|1\n|-unboost|p1b: Urshifu|spd|1\n|faint|p2a: Calyrex\n|\n|upkeep\n|\n|t:|1738361107\n|switch|p2a: Smeargle|Smeargle, L50, M, shiny|100\/100\n|turn|4\n|\n|t:|1738361115\n|move|p2b: Regidrago|Dragon Energy|p1b: Urshifu|[spread] p1a,p1b\n|-damage|p1a: Farigiraf|0 fnt\n|-damage|p1b: Urshifu|0 fnt\n|faint|p1a: Farigiraf\n|faint|p1b: Urshifu\n|move|p2a: Smeargle|Decorate|p2b: Regidrago\n|-boost|p2b: Regidrago|atk|2\n|-boost|p2b: Regidrago|spa|2\n|\n|upkeep\n|\n|t:|1738361119\n|switch|p1a: Miraidon|Miraidon, L50|100\/100\n|switch|p1b: Whimsicott|Whimsicott, L50, F|100\/100\n|-activate|p1a: Miraidon|ability: Hadron Engine\n|turn|5\n|j| CalebXD786\n|\n|t:|1738361152\n|-terastallize|p1a: Miraidon|Fairy\n|move|p1b: Whimsicott|Encore|p2a: Smeargle\n|-start|p2a: Smeargle|Encore\n|move|p2b: Regidrago|Earth Power|p1b: Whimsicott\n|-resisted|p1b: Whimsicott\n|-damage|p1b: Whimsicott|68\/100\n|move|p2a: Smeargle|Decorate|p2b: Regidrago\n|-boost|p2b: Regidrago|atk|2\n|-boost|p2b: Regidrago|spa|2\n|move|p1a: Miraidon|Electro Drift|p2b: Regidrago\n|-resisted|p2b: Regidrago\n|-damage|p2b: Regidrago|19\/100\n|\n|-fieldend|move: Trick Room\n|-fieldend|move: Electric Terrain\n|upkeep\n|turn|6\n|\n|t:|1738361178\n|move|p2b: Regidrago|Protect|p2b: Regidrago\n|-singleturn|p2b: Regidrago|Protect\n|move|p1a: Miraidon|Electro Drift|p2b: Regidrago\n|-activate|p2b: Regidrago|move: Protect\n|move|p1b: Whimsicott|Moonblast|p2b: Regidrago\n|-activate|p2b: Regidrago|move: Protect\n|move|p2a: Smeargle|Decorate|p2b: Regidrago\n|-boost|p2b: Regidrago|atk|2\n|-boost|p2b: Regidrago|spa|2\n|\n|upkeep\n|turn|7\n|\n|t:|1738361195\n|switch|p2a: Ogerpon|Ogerpon-Cornerstone, L50, F|41\/100\n|move|p1a: Miraidon|Electro Drift|p2a: Ogerpon\n|-resisted|p2a: Ogerpon\n|-damage|p2a: Ogerpon|0 fnt\n|faint|p2a: Ogerpon\n|move|p1b: Whimsicott|Moonblast|p2b: Regidrago\n|-supereffective|p2b: Regidrago\n|-damage|p2b: Regidrago|0 fnt\n|faint|p2b: Regidrago\n|\n|upkeep\n|-message|Yung Trav forfeited.\n|\n|win|Wilfredistall\n|raw|Wilfredistall's rating: 1715 &rarr; <strong>1730<\/strong><br \/>(+15 for winning)\n|raw|Yung Trav's rating: 1633 &rarr; <strong>1618<\/strong><br \/>(-15 for losing)\n|l|\u203dYung Trav\n|player|p2|\n|c| CalebXD786|gg\n|c|\u2606Wilfredistall|gg\n|l| artinhistory\n|l|\u2606Wilfredistall\n|player|p1|\n|l| CalebXD786\n|l| jdarcan\n","uploadtime":1738361441,"views":9,"formatid":"gen9vgc2025regg","rating":1618,"private":0,"password":null}