{"id":"gen9vgc2025regg-2292129282","format":"[Gen 9] VGC 2025 Reg G","players":["snipedrone","jecheonjo"],"log":"|j|\u2606snipedrone\n|j|\u2606jecheonjo\n|t:|1738368237\n|gametype|doubles\n|player|p1|snipedrone|265|1599\n|player|p2|jecheonjo|steven|1727\n|teamsize|p1|6\n|teamsize|p2|6\n|gen|9\n|tier|[Gen 9] VGC 2025 Reg G\n|rated|\n|rule|Species Clause: Limit one of each Pok\u00e9mon\n|rule|Item Clause: Limit 1 of each item\n|clearpoke\n|poke|p1|Groudon, L50|\n|poke|p1|Jumpluff, L50, M|\n|poke|p1|Flutter Mane, L50|\n|poke|p1|Raging Bolt, L50|\n|poke|p1|Raichu, L50, M|\n|poke|p1|Urshifu-*, L50, M|\n|poke|p2|Terapagos, L50, M|\n|poke|p2|Incineroar, L50, F|\n|poke|p2|Amoonguss, L50, M|\n|poke|p2|Urshifu-*, L50, M|\n|poke|p2|Flutter Mane, L50|\n|poke|p2|Raging Bolt, L50|\n|teampreview|4\n|\n|t:|1738368325\n|start\n|switch|p1a: Raichu|Raichu, L50, M, shiny|100\/100\n|switch|p1b: Groudon|Groudon, L50, shiny|100\/100\n|switch|p2a: Terapagos|Terapagos, L50, M|100\/100\n|switch|p2b: Flutter Mane|Flutter Mane, L50|100\/100\n|-activate|p2a: Terapagos|ability: Tera Shift\n|detailschange|p2a: Terapagos|Terapagos-Terastal, L50, M\n|-heal|p2a: Terapagos|100\/100|[silent]\n|-weather|SunnyDay|[from] ability: Drought|[of] p1b: Groudon\n|-activate|p2b: Flutter Mane|ability: Protosynthesis\n|-start|p2b: Flutter Mane|protosynthesisspe\n|turn|1\n|j| mr pogostick\n|\n|t:|1738368355\n|move|p2a: Terapagos|Protect|p2a: Terapagos\n|-singleturn|p2a: Terapagos|Protect\n|move|p2b: Flutter Mane|Moonblast|p1a: Raichu\n|-damage|p1a: Raichu|67\/100\n|-unboost|p1a: Raichu|spa|1\n|move|p1a: Raichu|Volt Switch|p2b: Flutter Mane\n|-damage|p2b: Flutter Mane|89\/100\n|\n|t:|1738368364\n|switch|p1a: Flutter Mane|Flutter Mane, L50, shiny|100\/100|[from] Volt Switch\n|-activate|p1a: Flutter Mane|ability: Protosynthesis\n|-start|p1a: Flutter Mane|protosynthesisspe\n|move|p1b: Groudon|Eruption|p2a: Terapagos|[spread] p2b\n|-activate|p2a: Terapagos|move: Protect\n|-damage|p2b: Flutter Mane|14\/100\n|\n|-weather|SunnyDay|[upkeep]\n|upkeep\n|turn|2\n|\n|t:|1738368380\n|-terastallize|p2a: Terapagos|Stellar\n|detailschange|p2a: Terapagos|Terapagos-Stellar, L50, M, tera:Stellar\n|-heal|p2a: Terapagos|100\/100|[silent]\n|-ability|p2a: Terapagos|Teraform Zero\n|-weather|none\n|-end|p1a: Flutter Mane|Protosynthesis\n|-end|p2b: Flutter Mane|Protosynthesis\n|-enditem|p2b: Flutter Mane|Booster Energy\n|-activate|p2b: Flutter Mane|ability: Protosynthesis|[fromitem]\n|-start|p2b: Flutter Mane|protosynthesisspe\n|move|p2b: Flutter Mane|Icy Wind|p1a: Flutter Mane|[spread] p1a,p1b\n|-supereffective|p1b: Groudon\n|-damage|p1a: Flutter Mane|88\/100\n|-damage|p1b: Groudon|79\/100\n|-unboost|p1a: Flutter Mane|spe|1\n|-unboost|p1b: Groudon|spe|1\n|move|p1a: Flutter Mane|Icy Wind|p2b: Flutter Mane|[spread] p2a,p2b\n|-damage|p2a: Terapagos|90\/100\n|-damage|p2b: Flutter Mane|0 fnt\n|-unboost|p2a: Terapagos|spe|1\n|faint|p2b: Flutter Mane\n|-end|p2b: Flutter Mane|Protosynthesis|[silent]\n|move|p1b: Groudon|Eruption|p2a: Terapagos\n|-damage|p2a: Terapagos|55\/100\n|move|p2a: Terapagos|Tera Starstorm|p1b: Groudon|[spread] p1a,p1b\n|-damage|p1a: Flutter Mane|55\/100\n|-damage|p1b: Groudon|44\/100\n|\n|-heal|p2a: Terapagos|62\/100|[from] item: Leftovers\n|upkeep\n|\n|t:|1738368404\n|switch|p2b: Urshifu|Urshifu-Rapid-Strike, L50, M|100\/100\n|turn|3\n|\n|t:|1738368437\n|-end|p1a: Flutter Mane|Protosynthesis|[silent]\n|switch|p1a: Raging Bolt|Raging Bolt, L50|100\/100\n|switch|p1b: Raichu|Raichu, L50, M, shiny|67\/100\n|move|p2b: Urshifu|Surging Strikes|p1a: Raging Bolt\n|-resisted|p1a: Raging Bolt\n|-crit|p1a: Raging Bolt\n|-damage|p1a: Raging Bolt|87\/100\n|-resisted|p1a: Raging Bolt\n|-crit|p1a: Raging Bolt\n|-damage|p1a: Raging Bolt|75\/100\n|-resisted|p1a: Raging Bolt\n|-crit|p1a: Raging Bolt\n|-damage|p1a: Raging Bolt|63\/100\n|-hitcount|p1a: Raging Bolt|3\n|move|p2a: Terapagos|Calm Mind|p2a: Terapagos\n|-boost|p2a: Terapagos|spa|1\n|-boost|p2a: Terapagos|spd|1\n|\n|-heal|p2a: Terapagos|68\/100|[from] item: Leftovers\n|upkeep\n|turn|4\n|\n|t:|1738368473\n|move|p2b: Urshifu|Detect|p2b: Urshifu\n|-singleturn|p2b: Urshifu|Protect\n|move|p2a: Terapagos|Protect|p2a: Terapagos\n|-singleturn|p2a: Terapagos|Protect\n|move|p1b: Raichu|Fake Out|p2a: Terapagos\n|-activate|p2a: Terapagos|move: Protect\n|move|p1a: Raging Bolt|Draco Meteor|p2b: Urshifu\n|-activate|p2b: Urshifu|move: Protect\n|\n|-heal|p2a: Terapagos|74\/100|[from] item: Leftovers\n|upkeep\n|turn|5\n|\n|t:|1738368495\n|switch|p2b: Amoonguss|Amoonguss, L50, M|100\/100\n|move|p1b: Raichu|Nuzzle|p2b: Amoonguss\n|-resisted|p2b: Amoonguss\n|-damage|p2b: Amoonguss|98\/100\n|-status|p2b: Amoonguss|par\n|-damage|p1b: Raichu|50\/100|[from] item: Rocky Helmet|[of] p2b: Amoonguss\n|move|p1a: Raging Bolt|Thunderbolt|p1b: Raichu\n|-activate|p1b: Raichu|ability: Lightning Rod\n|-ability|p1b: Raichu|Lightning Rod|boost\n|-boost|p1b: Raichu|spa|1\n|move|p2a: Terapagos|Calm Mind|p2a: Terapagos\n|-boost|p2a: Terapagos|spa|1\n|-boost|p2a: Terapagos|spd|1\n|\n|-heal|p2a: Terapagos|80\/100|[from] item: Leftovers\n|upkeep\n|turn|6\n|\n|t:|1738368537\n|cant|p2b: Amoonguss|par\n|move|p1b: Raichu|Nuzzle|p2a: Terapagos\n|-damage|p2a: Terapagos|77\/100\n|-status|p2a: Terapagos|par\n|move|p1a: Raging Bolt|Draco Meteor|p2b: Amoonguss\n|-damage|p2b: Amoonguss|6\/100 par\n|-unboost|p1a: Raging Bolt|spa|2\n|-damage|p1a: Raging Bolt|53\/100|[from] item: Life Orb\n|move|p2a: Terapagos|Tera Starstorm|p1a: Raging Bolt|[spread] p1a,p1b\n|-damage|p1a: Raging Bolt|0 fnt\n|-damage|p1b: Raichu|0 fnt\n|faint|p1a: Raging Bolt\n|-end|p1a: Raging Bolt|Protosynthesis|[silent]\n|faint|p1b: Raichu\n|\n|-heal|p2a: Terapagos|83\/100 par|[from] item: Leftovers\n|upkeep\n|\n|t:|1738368544\n|switch|p1b: Flutter Mane|Flutter Mane, L50, shiny|55\/100\n|switch|p1a: Groudon|Groudon, L50, shiny|44\/100\n|-weather|SunnyDay|[from] ability: Drought|[of] p1a: Groudon\n|-activate|p1b: Flutter Mane|ability: Protosynthesis\n|-start|p1b: Flutter Mane|protosynthesisspe\n|turn|7\n|\n|t:|1738368579\n|-terastallize|p1a: Groudon|Fire\n|move|p2b: Amoonguss|Rage Powder|p2b: Amoonguss\n|-singleturn|p2b: Amoonguss|move: Rage Powder\n|move|p1b: Flutter Mane|Fake Tears|p2b: Amoonguss\n|-unboost|p2b: Amoonguss|spd|2\n|move|p1a: Groudon|Heat Wave|p2b: Amoonguss|[spread] p2a\n|-miss|p1a: Groudon|p2b: Amoonguss\n|-damage|p2a: Terapagos|58\/100 par\n|move|p2a: Terapagos|Tera Starstorm|p1a: Groudon|[spread] p1a,p1b\n|-supereffective|p1a: Groudon\n|-damage|p1a: Groudon|0 fnt\n|-damage|p1b: Flutter Mane|0 fnt\n|faint|p1a: Groudon\n|faint|p1b: Flutter Mane\n|-end|p1b: Flutter Mane|Protosynthesis|[silent]\n|\n|win|jecheonjo\n|raw|snipedrone's rating: 1599 &rarr; <strong>1586<\/strong><br \/>(-13 for losing)\n|raw|jecheonjo's rating: 1727 &rarr; <strong>1740<\/strong><br \/>(+13 for winning)\n|l|\u2606snipedrone\n|player|p1|\n|l|\u2606jecheonjo\n|player|p2|\n|l| mr pogostick\n","uploadtime":1738368783,"views":12,"formatid":"gen9vgc2025regg","rating":1586,"private":0,"password":null}