{"id":"gen9vgc2025regg-2292445590","format":"[Gen 9] VGC 2025 Reg G","players":["Gyaradostyranitar","infinitygroudon"],"log":"|j|\u2606Gyaradostyranitar\n|j|\u2606infinitygroudon\n|t:|1738424291\n|gametype|doubles\n|player|p1|Gyaradostyranitar|adaman|1560\n|player|p2|infinitygroudon|266|1532\n|teamsize|p1|6\n|teamsize|p2|6\n|gen|9\n|tier|[Gen 9] VGC 2025 Reg G\n|rated|\n|rule|Species Clause: Limit one of each Pok\u00e9mon\n|rule|Item Clause: Limit 1 of each item\n|clearpoke\n|poke|p1|Koraidon, L50|\n|poke|p1|Flutter Mane, L50|\n|poke|p1|Raging Bolt, L50|\n|poke|p1|Chi-Yu, L50|\n|poke|p1|Ditto, L50|\n|poke|p1|Tornadus, L50, M|\n|poke|p2|Terapagos, L50, M|\n|poke|p2|Clefairy, L50, F|\n|poke|p2|Rillaboom, L50, F|\n|poke|p2|Skeledirge, L50, M|\n|poke|p2|Urshifu-*, L50, M|\n|poke|p2|Chien-Pao, L50|\n|teampreview|4\n|inactive|Battle timer is ON: inactive players will automatically lose when time's up. (requested by Gyaradostyranitar)\n|inactive|Gyaradostyranitar has 60 seconds left.\n|\n|t:|1738424324\n|start\n|switch|p1a: Flutter Mane|Flutter Mane, L50|100\/100\n|switch|p1b: Chi-Yu|Chi-Yu, L50|100\/100\n|switch|p2a: Presto|Chien-Pao, L50|100\/100\n|switch|p2b: Ernesto|Skeledirge, L50, M|100\/100\n|-ability|p2a: Presto|Sword of Ruin\n|-ability|p1b: Chi-Yu|Beads of Ruin\n|-enditem|p1a: Flutter Mane|Booster Energy\n|-activate|p1a: Flutter Mane|ability: Protosynthesis|[fromitem]\n|-start|p1a: Flutter Mane|protosynthesisspe\n|turn|1\n|\n|t:|1738424345\n|move|p2a: Presto|Protect|p2a: Presto\n|-singleturn|p2a: Presto|Protect\n|move|p1a: Flutter Mane|Icy Wind|p2a: Presto|[spread] \n|-activate|p2a: Presto|move: Protect\n|-miss|p1a: Flutter Mane|p2b: Ernesto\n|move|p1b: Chi-Yu|Heat Wave|p2a: Presto|[spread] p2b\n|-activate|p2a: Presto|move: Protect\n|-resisted|p2b: Ernesto\n|-damage|p2b: Ernesto|70\/100\n|move|p2b: Ernesto|Shadow Ball|p1a: Flutter Mane\n|-supereffective|p1a: Flutter Mane\n|-damage|p1a: Flutter Mane|28\/100\n|\n|upkeep\n|turn|2\n|\n|t:|1738424363\n|move|p2a: Presto|Sucker Punch|p1a: Flutter Mane\n|-damage|p1a: Flutter Mane|0 fnt\n|faint|p1a: Flutter Mane\n|-end|p1a: Flutter Mane|Protosynthesis|[silent]\n|move|p1b: Chi-Yu|Heat Wave|p2a: Presto|[spread] p2a,p2b\n|-supereffective|p2a: Presto\n|-resisted|p2b: Ernesto\n|-enditem|p2a: Presto|Focus Sash\n|-damage|p2a: Presto|1\/100\n|-damage|p2b: Ernesto|43\/100\n|move|p2b: Ernesto|Yawn|p1b: Chi-Yu\n|-start|p1b: Chi-Yu|move: Yawn|[of] p2b: Ernesto\n|\n|upkeep\n|\n|t:|1738424377\n|switch|p1a: Koraidon|Koraidon, L50|100\/100\n|-weather|SunnyDay|[from] ability: Orichalcum Pulse|[of] p1a: Koraidon\n|-activate|p1a: Koraidon|Orichalcum Pulse|[source]\n|turn|3\n|\n|t:|1738424391\n|switch|p1b: Raging Bolt|Raging Bolt, L50|100\/100\n|-activate|p1b: Raging Bolt|ability: Protosynthesis\n|-start|p1b: Raging Bolt|protosynthesisspa\n|-terastallize|p1a: Koraidon|Fire\n|move|p2a: Presto|Sacred Sword|p1b: Raging Bolt\n|-damage|p1b: Raging Bolt|72\/100\n|move|p1a: Koraidon|Flame Charge|p2a: Presto\n|-supereffective|p2a: Presto\n|-damage|p2a: Presto|0 fnt\n|-boost|p1a: Koraidon|spe|1\n|faint|p2a: Presto\n|move|p2b: Ernesto|Slack Off|p2b: Ernesto\n|-heal|p2b: Ernesto|93\/100\n|\n|-weather|SunnyDay|[upkeep]\n|upkeep\n|\n|t:|1738424404\n|switch|p2a: Perrine|Terapagos, L50, M|100\/100\n|-activate|p2a: Perrine|ability: Tera Shift\n|detailschange|p2a: Perrine|Terapagos-Terastal, L50, M\n|-heal|p2a: Perrine|100\/100|[silent]\n|turn|4\n|\n|t:|1738424420\n|switch|p1a: Chi-Yu|Chi-Yu, L50|100\/100\n|-ability|p1a: Chi-Yu|Beads of Ruin\n|-terastallize|p2a: Perrine|Stellar\n|detailschange|p2a: Perrine|Terapagos-Stellar, L50, M, tera:Stellar\n|-heal|p2a: Perrine|100\/100|[silent]\n|-ability|p2a: Perrine|Teraform Zero\n|-weather|none\n|-end|p1b: Raging Bolt|Protosynthesis\n|move|p2a: Perrine|Tera Starstorm|p1b: Raging Bolt|[spread] p1a,p1b\n|-damage|p1a: Chi-Yu|67\/100\n|-damage|p1b: Raging Bolt|31\/100\n|move|p1b: Raging Bolt|Thunderbolt|p2b: Ernesto\n|-damage|p2b: Ernesto|19\/100\n|-damage|p1b: Raging Bolt|21\/100|[from] item: Life Orb\n|move|p2b: Ernesto|Yawn|p1a: Chi-Yu\n|-start|p1a: Chi-Yu|move: Yawn|[of] p2b: Ernesto\n|\n|upkeep\n|turn|5\n|inactive|Gyaradostyranitar has 30 seconds left.\n|\n|t:|1738424448\n|switch|p2b: Moonwater|Clefairy, L50, F|100\/100\n|move|p2a: Perrine|Protect|p2a: Perrine\n|-singleturn|p2a: Perrine|Protect\n|move|p1b: Raging Bolt|Thunderclap||[still]\n|-fail|p1b: Raging Bolt\n|move|p1a: Chi-Yu|Heat Wave|p2a: Perrine|[spread] p2b\n|-activate|p2a: Perrine|move: Protect\n|-damage|p2b: Moonwater|34\/100\n|\n|-end|p1a: Chi-Yu|move: Yawn|[silent]\n|-status|p1a: Chi-Yu|slp\n|upkeep\n|turn|6\n|\n|t:|1738424461\n|move|p2b: Moonwater|Protect|p2b: Moonwater\n|-singleturn|p2b: Moonwater|Protect\n|cant|p1a: Chi-Yu|slp\n|move|p2a: Perrine|Tera Starstorm|p1a: Chi-Yu|[spread] p1a,p1b\n|-damage|p1a: Chi-Yu|35\/100 slp\n|-damage|p1b: Raging Bolt|0 fnt\n|faint|p1b: Raging Bolt\n|-end|p1b: Raging Bolt|Protosynthesis|[silent]\n|\n|upkeep\n|\n|t:|1738424465\n|switch|p1b: Koraidon|Koraidon, L50, tera:Fire|100\/100\n|-weather|SunnyDay|[from] ability: Orichalcum Pulse|[of] p1b: Koraidon\n|-activate|p1b: Koraidon|Orichalcum Pulse|[source]\n|turn|7\n|\n|t:|1738424481\n|move|p2b: Moonwater|Follow Me|p2b: Moonwater\n|-singleturn|p2b: Moonwater|move: Follow Me\n|move|p1b: Koraidon|Flame Charge|p2b: Moonwater\n|-damage|p2b: Moonwater|0 fnt\n|-boost|p1b: Koraidon|spe|1\n|faint|p2b: Moonwater\n|-curestatus|p1a: Chi-Yu|slp|[msg]\n|move|p1a: Chi-Yu|Heat Wave|p2a: Perrine\n|-damage|p2a: Perrine|23\/100\n|move|p2a: Perrine|Tera Starstorm|p1a: Chi-Yu|[spread] p1a,p1b\n|-supereffective|p1b: Koraidon\n|-damage|p1a: Chi-Yu|0 fnt\n|-damage|p1b: Koraidon|25\/100\n|faint|p1a: Chi-Yu\n|\n|-weather|SunnyDay|[upkeep]\n|-heal|p2a: Perrine|29\/100|[from] item: Leftovers\n|upkeep\n|\n|t:|1738424485\n|switch|p2b: Ernesto|Skeledirge, L50, M|19\/100\n|turn|8\n|\n|t:|1738424504\n|move|p1b: Koraidon|Protect|p1b: Koraidon\n|-singleturn|p1b: Koraidon|Protect\n|move|p2a: Perrine|Tera Starstorm|p1b: Koraidon\n|-activate|p1b: Koraidon|move: Protect\n|move|p2b: Ernesto|Shadow Ball|p1b: Koraidon\n|-activate|p1b: Koraidon|move: Protect\n|\n|-weather|SunnyDay|[upkeep]\n|-heal|p2a: Perrine|35\/100|[from] item: Leftovers\n|upkeep\n|turn|9\n|\n|t:|1738424511\n|move|p1b: Koraidon|Collision Course|p2a: Perrine\n|-supereffective|p2a: Perrine\n|-damage|p2a: Perrine|0 fnt\n|faint|p2a: Perrine\n|move|p2b: Ernesto|Shadow Ball|p1b: Koraidon\n|-damage|p1b: Koraidon|0 fnt\n|faint|p1b: Koraidon\n|\n|win|infinitygroudon\n|raw|Gyaradostyranitar's rating: 1560 &rarr; <strong>1538<\/strong><br \/>(-22 for losing)\n|raw|infinitygroudon's rating: 1532 &rarr; <strong>1554<\/strong><br \/>(+22 for winning)\n|l|\u2606Gyaradostyranitar\n|player|p1|\n|l|\u2606infinitygroudon\n|player|p2|\n","uploadtime":1738424770,"views":21,"formatid":"gen9vgc2025regg","rating":1538,"private":0,"password":null}