{"id":"gen9vgc2025regg-2292056796","format":"[Gen 9] VGC 2025 Reg G","players":["infinitygroudon","mastermind212"],"log":"|j|\u2606infinitygroudon\n|j|\u2606mastermind212\n|t:|1738359047\n|gametype|doubles\n|player|p1|infinitygroudon|169|1538\n|player|p2|mastermind212|169|1579\n|teamsize|p1|6\n|teamsize|p2|6\n|gen|9\n|tier|[Gen 9] VGC 2025 Reg G\n|rated|\n|rule|Species Clause: Limit one of each Pok\u00e9mon\n|rule|Item Clause: Limit 1 of each item\n|clearpoke\n|poke|p1|Terapagos, L50, M|\n|poke|p1|Clefairy, L50, F|\n|poke|p1|Rillaboom, L50, F|\n|poke|p1|Skeledirge, L50, M|\n|poke|p1|Urshifu-*, L50, M|\n|poke|p1|Chien-Pao, L50|\n|poke|p2|Kyogre, L50|\n|poke|p2|Tsareena, L50, F|\n|poke|p2|Urshifu-*, L50, F|\n|poke|p2|Tornadus, L50, M|\n|poke|p2|Rillaboom, L50, F|\n|poke|p2|Gholdengo, L50|\n|teampreview|4\n|inactive|Battle timer is ON: inactive players will automatically lose when time's up. (requested by mastermind212)\n|\n|t:|1738359077\n|start\n|switch|p1a: Moonwater|Clefairy, L50, F|100\/100\n|switch|p1b: Perrine|Terapagos, L50, M|100\/100\n|switch|p2a: Tornadus|Tornadus, L50, M|100\/100\n|switch|p2b: Urshifu|Urshifu-Rapid-Strike, L50, F|100\/100\n|-activate|p1b: Perrine|ability: Tera Shift\n|detailschange|p1b: Perrine|Terapagos-Terastal, L50, M\n|-heal|p1b: Perrine|100\/100|[silent]\n|turn|1\n|\n|t:|1738359097\n|switch|p2a: Kyogre|Kyogre, L50|100\/100\n|-weather|RainDance|[from] ability: Drizzle|[of] p2a: Kyogre\n|move|p1a: Moonwater|Follow Me|p1a: Moonwater\n|-singleturn|p1a: Moonwater|move: Follow Me\n|move|p2b: Urshifu|Surging Strikes|p1a: Moonwater\n|-crit|p1a: Moonwater\n|-damage|p1a: Moonwater|75\/100\n|-crit|p1a: Moonwater\n|-damage|p1a: Moonwater|51\/100\n|-crit|p1a: Moonwater\n|-damage|p1a: Moonwater|25\/100\n|-hitcount|p1a: Moonwater|3\n|move|p1b: Perrine|Calm Mind|p1b: Perrine\n|-boost|p1b: Perrine|spa|1\n|-boost|p1b: Perrine|spd|1\n|\n|-weather|RainDance|[upkeep]\n|upkeep\n|turn|2\n|\n|t:|1738359121\n|switch|p2a: Tsareena|Tsareena, L50, F|100\/100\n|-terastallize|p1b: Perrine|Stellar\n|detailschange|p1b: Perrine|Terapagos-Stellar, L50, M, tera:Stellar\n|-heal|p1b: Perrine|100\/100|[silent]\n|-ability|p1b: Perrine|Teraform Zero\n|-weather|none\n|move|p1a: Moonwater|Helping Hand|p1b: Perrine\n|-singleturn|p1b: Perrine|Helping Hand|[of] p1a: Moonwater\n|move|p2b: Urshifu|Surging Strikes|p1b: Perrine\n|-crit|p1b: Perrine\n|-damage|p1b: Perrine|91\/100\n|-crit|p1b: Perrine\n|-damage|p1b: Perrine|80\/100\n|-crit|p1b: Perrine\n|-damage|p1b: Perrine|71\/100\n|-hitcount|p1b: Perrine|3\n|move|p1b: Perrine|Tera Starstorm|p2a: Tsareena|[spread] p2a,p2b\n|-damage|p2a: Tsareena|15\/100\n|-enditem|p2b: Urshifu|Focus Sash\n|-damage|p2b: Urshifu|1\/100\n|\n|-heal|p1b: Perrine|77\/100|[from] item: Leftovers\n|upkeep\n|turn|3\n|inactive|mastermind212 has 30 seconds left.\n|\n|t:|1738359148\n|move|p1a: Moonwater|Follow Me|p1a: Moonwater\n|-singleturn|p1a: Moonwater|move: Follow Me\n|move|p2b: Urshifu|Close Combat|p1a: Moonwater\n|-resisted|p1a: Moonwater\n|-damage|p1a: Moonwater|0 fnt\n|-unboost|p2b: Urshifu|def|1\n|-unboost|p2b: Urshifu|spd|1\n|faint|p1a: Moonwater\n|move|p2a: Tsareena|Power Whip|p1b: Perrine\n|-damage|p1b: Perrine|43\/100\n|move|p1b: Perrine|Tera Starstorm|p2b: Urshifu|[spread] p2a,p2b\n|-damage|p2a: Tsareena|0 fnt\n|-damage|p2b: Urshifu|0 fnt\n|faint|p2a: Tsareena\n|faint|p2b: Urshifu\n|\n|-heal|p1b: Perrine|49\/100|[from] item: Leftovers\n|upkeep\n|j| artinhistory\n|\n|t:|1738359163\n|switch|p2b: Kyogre|Kyogre, L50|100\/100\n|switch|p2a: Tornadus|Tornadus, L50, M|100\/100\n|switch|p1a: Lion's Roar|Rillaboom, L50, F|100\/100\n|-weather|RainDance|[from] ability: Drizzle|[of] p2b: Kyogre\n|-fieldstart|move: Grassy Terrain|[from] ability: Grassy Surge|[of] p1a: Lion's Roar\n|turn|4\n|inactive|mastermind212 has 30 seconds left.\n|\n|t:|1738359189\n|move|p2b: Kyogre|Protect|p2b: Kyogre\n|-singleturn|p2b: Kyogre|Protect\n|move|p1a: Lion's Roar|Fake Out|p2b: Kyogre\n|-activate|p2b: Kyogre|move: Protect\n|move|p2a: Tornadus|Hurricane|p1a: Lion's Roar\n|-supereffective|p1a: Lion's Roar\n|-damage|p1a: Lion's Roar|28\/100\n|move|p1b: Perrine|Tera Starstorm|p2b: Kyogre|[spread] p2a\n|-activate|p2b: Kyogre|move: Protect\n|-damage|p2a: Tornadus|23\/100\n|\n|-weather|RainDance|[upkeep]\n|-heal|p1b: Perrine|56\/100|[from] Grassy Terrain\n|-heal|p1b: Perrine|62\/100|[from] item: Leftovers\n|-heal|p1a: Lion's Roar|34\/100|[from] Grassy Terrain\n|upkeep\n|turn|5\n|\n|t:|1738359208\n|-terastallize|p2b: Kyogre|Grass\n|move|p1a: Lion's Roar|Grassy Glide|p2b: Kyogre\n|-resisted|p2b: Kyogre\n|-damage|p2b: Kyogre|83\/100\n|move|p2a: Tornadus|Bleakwind Storm|p1b: Perrine|[spread] p1a,p1b\n|-supereffective|p1a: Lion's Roar\n|-damage|p1a: Lion's Roar|0 fnt\n|-damage|p1b: Perrine|48\/100\n|-unboost|p1b: Perrine|spe|1\n|faint|p1a: Lion's Roar\n|move|p2b: Kyogre|Water Spout|p1b: Perrine\n|-damage|p1b: Perrine|0 fnt\n|faint|p1b: Perrine\n|\n|-weather|RainDance|[upkeep]\n|-heal|p2b: Kyogre|89\/100|[from] Grassy Terrain\n|upkeep\n|\n|t:|1738359230\n|switch|p1b: Presto|Chien-Pao, L50|100\/100\n|-ability|p1b: Presto|Sword of Ruin\n|turn|6\n|\n|t:|1738359240\n|move|p1b: Presto|Ice Spinner|p2a: Tornadus\n|-supereffective|p2a: Tornadus\n|-crit|p2a: Tornadus\n|-damage|p2a: Tornadus|0 fnt\n|-fieldend|move: Grassy Terrain\n|faint|p2a: Tornadus\n|move|p2b: Kyogre|Origin Pulse|p1b: Presto\n|-enditem|p1b: Presto|Focus Sash\n|-damage|p1b: Presto|1\/100\n|\n|-weather|RainDance|[upkeep]\n|upkeep\n|turn|7\n|\n|t:|1738359252\n|move|p1b: Presto|Ice Spinner|p2b: Kyogre\n|-supereffective|p2b: Kyogre\n|-damage|p2b: Kyogre|0 fnt\n|faint|p2b: Kyogre\n|\n|win|infinitygroudon\n|raw|infinitygroudon's rating: 1538 &rarr; <strong>1560<\/strong><br \/>(+22 for winning)\n|raw|mastermind212's rating: 1579 &rarr; <strong>1557<\/strong><br \/>(-22 for losing)\n|l|\u2606mastermind212\n|player|p2|\n|l|\u2606infinitygroudon\n|player|p1|\n","uploadtime":1738359256,"views":5,"formatid":"gen9vgc2025regg","rating":1557,"private":0,"password":null}