{"id":"gen9vgc2025regg-2292427928","format":"[Gen 9] VGC 2025 Reg G","players":["meanrook","koji muranishi"],"log":"|j|\u2606meanrook\n|j|\u2606koji muranishi\n|t:|1738421724\n|gametype|doubles\n|player|p1|meanrook|aetherfoundation|1586\n|player|p2|koji muranishi|265|1647\n|teamsize|p1|6\n|teamsize|p2|6\n|gen|9\n|tier|[Gen 9] VGC 2025 Reg G\n|rated|\n|rule|Species Clause: Limit one of each Pok\u00e9mon\n|rule|Item Clause: Limit 1 of each item\n|clearpoke\n|poke|p1|Weezing-Galar, L50, F|\n|poke|p1|Dondozo, L50, M|\n|poke|p1|Calyrex-Shadow, L50|\n|poke|p1|Tatsugiri-Droopy, L50, F|\n|poke|p1|Indeedee-F, L50, F|\n|poke|p1|Urshifu-*, L50, M|\n|poke|p2|Whimsicott, L50, F|\n|poke|p2|Calyrex-Ice, L50|\n|poke|p2|Urshifu-*, L50, M|\n|poke|p2|Entei, L50|\n|poke|p2|Raging Bolt, L50|\n|poke|p2|Landorus, L50, M|\n|teampreview|4\n|inactive|Battle timer is ON: inactive players will automatically lose when time's up. (requested by koji muranishi)\n|\n|t:|1738421737\n|start\n|switch|p1a: Calyrex|Calyrex-Shadow, L50|100\/100\n|switch|p1b: Weezing|Weezing-Galar, L50, F, shiny|100\/100\n|switch|p2a: Whimsicott|Whimsicott, L50, F|100\/100\n|switch|p2b: Landorus|Landorus, L50, M|100\/100\n|-ability|p1b: Weezing|Neutralizing Gas\n|-ability|p1a: Calyrex|As One\n|-ability|p1a: Calyrex|Unnerve\n|turn|1\n|inactive|meanrook has 30 seconds left.\n|inactive|meanrook has 20 seconds left.\n|\n|t:|1738421776\n|move|p2b: Landorus|Protect|p2b: Landorus\n|-singleturn|p2b: Landorus|Protect\n|move|p1a: Calyrex|Astral Barrage|p2b: Landorus|[spread] p2a\n|-activate|p2b: Landorus|move: Protect\n|-enditem|p2a: Whimsicott|Focus Sash\n|-damage|p2a: Whimsicott|1\/100\n|-damage|p1a: Calyrex|91\/100|[from] item: Life Orb\n|move|p2a: Whimsicott|Tailwind|p2a: Whimsicott\n|-sidestart|p2: koji muranishi|move: Tailwind\n|move|p1b: Weezing|Toxic Spikes|p2b: Landorus\n|-sidestart|p2: koji muranishi|move: Toxic Spikes\n|\n|upkeep\n|turn|2\n|\n|t:|1738421796\n|move|p2a: Whimsicott|Moonblast|p1a: Calyrex\n|-damage|p1a: Calyrex|56\/100\n|-unboost|p1a: Calyrex|spa|1\n|move|p2b: Landorus|Sandsear Storm|p1a: Calyrex|[spread] p1a,p1b\n|-supereffective|p1b: Weezing\n|-damage|p1a: Calyrex|6\/100\n|-damage|p1b: Weezing|4\/100\n|-damage|p2b: Landorus|91\/100|[from] item: Life Orb\n|move|p1a: Calyrex|Astral Barrage|p2b: Landorus|[spread] p2a,p2b\n|-damage|p2a: Whimsicott|0 fnt\n|-damage|p2b: Landorus|32\/100\n|faint|p2a: Whimsicott\n|-ability|p1a: Calyrex|Grim Neigh|boost\n|-boost|p1a: Calyrex|spa|1\n|-damage|p1a: Calyrex|0 fnt|[from] item: Life Orb\n|faint|p1a: Calyrex\n|move|p1b: Weezing|Poison Gas|p2b: Landorus\n|-status|p2b: Landorus|psn\n|\n|-damage|p2b: Landorus|20\/100 psn|[from] psn\n|upkeep\n|inactive|koji muranishi has 30 seconds left.\n|\n|t:|1738421822\n|switch|p1a: Dondozo|Dondozo, L50, M|100\/100\n|switch|p2a: Raging Bolt|Raging Bolt, L50|100\/100\n|-status|p2a: Raging Bolt|psn\n|turn|3\n|\n|t:|1738421837\n|move|p1a: Dondozo|Protect|p1a: Dondozo\n|-singleturn|p1a: Dondozo|Protect\n|move|p2b: Landorus|Sandsear Storm|p1b: Weezing|[spread] p1b\n|-activate|p1a: Dondozo|move: Protect\n|-supereffective|p1b: Weezing\n|-damage|p1b: Weezing|0 fnt\n|faint|p1b: Weezing\n|-end|p1b: Weezing|ability: Neutralizing Gas\n|-enditem|p2a: Raging Bolt|Booster Energy\n|-activate|p2a: Raging Bolt|ability: Protosynthesis|[fromitem]\n|-start|p2a: Raging Bolt|protosynthesisspa\n|-damage|p2b: Landorus|10\/100 psn|[from] item: Life Orb\n|move|p2a: Raging Bolt|Draco Meteor|p1a: Dondozo\n|-activate|p1a: Dondozo|move: Protect\n|\n|-damage|p2b: Landorus|0 fnt|[from] psn\n|faint|p2b: Landorus\n|-damage|p2a: Raging Bolt|88\/100 psn|[from] psn\n|upkeep\n|\n|t:|1738421856\n|switch|p2b: Calyrex|Calyrex-Ice, L50|100\/100\n|switch|p1b: Tatsugiri|Tatsugiri-Droopy, L50, F, shiny|100\/100\n|-ability|p2b: Calyrex|As One\n|-ability|p2b: Calyrex|Unnerve\n|-status|p2b: Calyrex|psn\n|-activate|p1b: Tatsugiri|ability: Commander|[of] p1a: Dondozo\n|-boost|p1a: Dondozo|atk|2\n|-boost|p1a: Dondozo|spa|2\n|-boost|p1a: Dondozo|spe|2\n|-boost|p1a: Dondozo|def|2\n|-boost|p1a: Dondozo|spd|2\n|turn|4\n|\n|t:|1738421876\n|-terastallize|p2b: Calyrex|Ice\n|-terastallize|p1a: Dondozo|Grass\n|move|p2a: Raging Bolt|Thunderbolt|p1a: Dondozo\n|-resisted|p1a: Dondozo\n|-damage|p1a: Dondozo|86\/100\n|move|p2b: Calyrex|Glacial Lance|p1a: Dondozo|[spread] p1a\n|-miss|p2b: Calyrex|p1b: Tatsugiri\n|-supereffective|p1a: Dondozo\n|-damage|p1a: Dondozo|26\/100\n|move|p1a: Dondozo|Order Up|p2a: Raging Bolt\n|-supereffective|p2a: Raging Bolt\n|-damage|p2a: Raging Bolt|19\/100 psn\n|-boost|p1a: Dondozo|def|1\n|\n|-heal|p1a: Dondozo|32\/100|[from] item: Leftovers\n|-damage|p2a: Raging Bolt|7\/100 psn|[from] psn\n|-damage|p2b: Calyrex|88\/100 psn|[from] psn\n|-sideend|p2: koji muranishi|move: Tailwind\n|upkeep\n|turn|5\n|\n|t:|1738421897\n|move|p1a: Dondozo|Protect|p1a: Dondozo\n|-singleturn|p1a: Dondozo|Protect\n|move|p2a: Raging Bolt|Thunderbolt|p1a: Dondozo\n|-activate|p1a: Dondozo|move: Protect\n|move|p2b: Calyrex|Glacial Lance|p1b: Tatsugiri|[spread] \n|-miss|p2b: Calyrex|p1b: Tatsugiri\n|-activate|p1a: Dondozo|move: Protect\n|\n|-heal|p1a: Dondozo|38\/100|[from] item: Leftovers\n|-damage|p2a: Raging Bolt|0 fnt|[from] psn\n|faint|p2a: Raging Bolt\n|-end|p2a: Raging Bolt|Protosynthesis|[silent]\n|-damage|p2b: Calyrex|75\/100 psn|[from] psn\n|upkeep\n|turn|6\n|\n|t:|1738421913\n|move|p1a: Dondozo|Body Press|p2b: Calyrex\n|-supereffective|p2b: Calyrex\n|-damage|p2b: Calyrex|0 fnt\n|faint|p2b: Calyrex\n|\n|win|meanrook\n|raw|meanrook's rating: 1586 &rarr; <strong>1609<\/strong><br \/>(+23 for winning)\n|raw|koji muranishi's rating: 1647 &rarr; <strong>1624<\/strong><br \/>(-23 for losing)\n|l|\u2606meanrook\n|player|p1|\n","uploadtime":1738422142,"views":17,"formatid":"gen9vgc2025regg","rating":1609,"private":0,"password":null}