{"id":"gen9vgc2025regg-2292432858","format":"[Gen 9] VGC 2025 Reg G","players":["ahfoong0411","meanrook"],"log":"|j|\u2606ahfoong0411\n|j|\u2606meanrook\n|t:|1738422449\n|gametype|doubles\n|player|p1|ahfoong0411|2|1571\n|player|p2|meanrook|aetherfoundation|1609\n|teamsize|p1|6\n|teamsize|p2|6\n|gen|9\n|tier|[Gen 9] VGC 2025 Reg G\n|rated|\n|rule|Species Clause: Limit one of each Pok\u00e9mon\n|rule|Item Clause: Limit 1 of each item\n|clearpoke\n|poke|p1|Calyrex-Ice, L50|\n|poke|p1|Amoonguss, L50, M|\n|poke|p1|Pelipper, L50, F|\n|poke|p1|Landorus, L50, M|\n|poke|p1|Urshifu-*, L50, F|\n|poke|p1|Roaring Moon, L50|\n|poke|p2|Weezing-Galar, L50, F|\n|poke|p2|Dondozo, L50, M|\n|poke|p2|Calyrex-Shadow, L50|\n|poke|p2|Tatsugiri-Droopy, L50, F|\n|poke|p2|Indeedee-F, L50, F|\n|poke|p2|Urshifu-*, L50, M|\n|teampreview|4\n|inactive|Battle timer is ON: inactive players will automatically lose when time's up. (requested by meanrook)\nmeanrook rejected open team sheets.\n|inactive|ahfoong0411 has 60 seconds left.\n|j| Mixam91\n|inactive|ahfoong0411 has 30 seconds left.\n|\n|t:|1738422533\n|start\n|switch|p1a: Roaring Moon|Roaring Moon, L50|100\/100\n|switch|p1b: Landorus|Landorus, L50, M|100\/100\n|switch|p2a: Calyrex|Calyrex-Shadow, L50|100\/100\n|switch|p2b: Weezing|Weezing-Galar, L50, F, shiny|100\/100\n|-ability|p2b: Weezing|Neutralizing Gas\n|-ability|p2a: Calyrex|As One\n|-ability|p2a: Calyrex|Unnerve\n|turn|1\n|inactive|ahfoong0411 has 30 seconds left.\n|inactive|ahfoong0411 has 20 seconds left.\n|inactive|ahfoong0411 has 15 seconds left.\n|inactive|ahfoong0411 has 10 seconds left.\n|\n|t:|1738422583\n|move|p2a: Calyrex|Protect|p2a: Calyrex\n|-singleturn|p2a: Calyrex|Protect\n|move|p1a: Roaring Moon|Protect|p1a: Roaring Moon\n|-singleturn|p1a: Roaring Moon|Protect\n|move|p1b: Landorus|Earth Power|p2b: Weezing\n|-supereffective|p2b: Weezing\n|-damage|p2b: Weezing|0 fnt\n|faint|p2b: Weezing\n|-end|p2b: Weezing|ability: Neutralizing Gas\n|-enditem|p1a: Roaring Moon|Booster Energy\n|-activate|p1a: Roaring Moon|ability: Protosynthesis|[fromitem]\n|-start|p1a: Roaring Moon|protosynthesisspe\n|-damage|p1b: Landorus|91\/100|[from] item: Life Orb\n|\n|upkeep\n|\n|t:|1738422590\n|switch|p2b: Dondozo|Dondozo, L50, M|100\/100\n|turn|2\n|inactive|ahfoong0411 has 30 seconds left.\n|inactive|ahfoong0411 has 20 seconds left.\n|\n|t:|1738422629\n|switch|p2a: Tatsugiri|Tatsugiri-Droopy, L50, F, shiny|100\/100\n|-activate|p2a: Tatsugiri|ability: Commander|[of] p2b: Dondozo\n|-boost|p2b: Dondozo|atk|2\n|-boost|p2b: Dondozo|spa|2\n|-boost|p2b: Dondozo|spe|2\n|-boost|p2b: Dondozo|def|2\n|-boost|p2b: Dondozo|spd|2\n|move|p1a: Roaring Moon|Tailwind|p1a: Roaring Moon\n|-sidestart|p1: ahfoong0411|move: Tailwind\n|move|p1b: Landorus|Sandsear Storm|p2a: Tatsugiri|[spread] p2b\n|-miss|p1b: Landorus|p2a: Tatsugiri\n|-damage|p2b: Dondozo|73\/100\n|move|p2b: Dondozo|Wave Crash|p1b: Landorus\n|-supereffective|p1b: Landorus\n|-damage|p1b: Landorus|0 fnt\n|faint|p1b: Landorus\n|-damage|p2b: Dondozo|48\/100|[from] Recoil\n|\n|-heal|p2b: Dondozo|54\/100|[from] item: Leftovers\n|upkeep\n|\n|t:|1738422643\n|switch|p1b: Amoonguss|Amoonguss, L50, M|100\/100\n|turn|3\n|inactive|ahfoong0411 has 30 seconds left.\n|\n|t:|1738422674\n|-end|p1a: Roaring Moon|Protosynthesis|[silent]\n|switch|p1a: Calyrex|Calyrex-Ice, L50|100\/100\n|-ability|p1a: Calyrex|As One\n|-ability|p1a: Calyrex|Unnerve\n|-terastallize|p2b: Dondozo|Grass\n|move|p2b: Dondozo|Order Up|p1a: Calyrex\n|-damage|p1a: Calyrex|77\/100\n|-boost|p2b: Dondozo|def|1\n|move|p1b: Amoonguss|Spore|p2b: Dondozo\n|-immune|p2b: Dondozo\n|\n|-heal|p2b: Dondozo|60\/100|[from] item: Leftovers\n|upkeep\n|turn|4\n|inactive|ahfoong0411 has 30 seconds left.\n|\n|t:|1738422706\n|-terastallize|p1a: Calyrex|Fairy\n|move|p2b: Dondozo|Protect|p2b: Dondozo\n|-singleturn|p2b: Dondozo|Protect\n|move|p1a: Calyrex|Glacial Lance|p2a: Tatsugiri|[spread] \n|-miss|p1a: Calyrex|p2a: Tatsugiri\n|-activate|p2b: Dondozo|move: Protect\n|move|p1b: Amoonguss|Pollen Puff|p1a: Calyrex\n|-heal|p1a: Calyrex|100\/100\n|\n|-heal|p2b: Dondozo|66\/100|[from] item: Leftovers\n|upkeep\n|turn|5\n|\n|t:|1738422714\n|move|p1a: Calyrex|Glacial Lance|p2a: Tatsugiri|[spread] p2b\n|-miss|p1a: Calyrex|p2a: Tatsugiri\n|-supereffective|p2b: Dondozo\n|-damage|p2b: Dondozo|42\/100\n|move|p2b: Dondozo|Order Up|p1b: Amoonguss\n|-damage|p1b: Amoonguss|69\/100\n|-boost|p2b: Dondozo|def|1\n|move|p1b: Amoonguss|Pollen Puff|p1a: Calyrex\n|-immune|p1a: Calyrex\n|\n|-heal|p2b: Dondozo|48\/100|[from] item: Leftovers\n|-sideend|p1: ahfoong0411|move: Tailwind\n|upkeep\n|turn|6\n|\n|t:|1738422731\n|move|p2b: Dondozo|Order Up|p1b: Amoonguss\n|-damage|p1b: Amoonguss|40\/100\n|-boost|p2b: Dondozo|def|1\n|move|p1a: Calyrex|Glacial Lance|p2a: Tatsugiri|[spread] p2b\n|-miss|p1a: Calyrex|p2a: Tatsugiri\n|-supereffective|p2b: Dondozo\n|-damage|p2b: Dondozo|29\/100\n|move|p1b: Amoonguss|Pollen Puff|p2b: Dondozo\n|-supereffective|p2b: Dondozo\n|-damage|p2b: Dondozo|14\/100\n|\n|-heal|p2b: Dondozo|20\/100|[from] item: Leftovers\n|upkeep\n|turn|7\n|inactive|ahfoong0411 has 30 seconds left.\n|\n|t:|1738422763\n|move|p2b: Dondozo|Wave Crash|p1a: Calyrex\n|-damage|p1a: Calyrex|51\/100\n|-damage|p2b: Dondozo|6\/100|[from] Recoil\n|move|p1a: Calyrex|Glacial Lance|p2a: Tatsugiri|[spread] p2b\n|-miss|p1a: Calyrex|p2a: Tatsugiri\n|-supereffective|p2b: Dondozo\n|-damage|p2b: Dondozo|0 fnt\n|faint|p2b: Dondozo\n|-ability|p1a: Calyrex|Chilling Neigh|boost\n|-boost|p1a: Calyrex|atk|1\n|move|p1b: Amoonguss|Pollen Puff|p1a: Calyrex\n|-heal|p1a: Calyrex|100\/100\n|\n|upkeep\n|\n|t:|1738422769\n|switch|p2b: Calyrex|Calyrex-Shadow, L50|100\/100\n|-ability|p2b: Calyrex|As One\n|-ability|p2b: Calyrex|Unnerve\n|turn|8\n|\n|t:|1738422783\n|move|p2a: Tatsugiri|Helping Hand|p2b: Calyrex\n|-singleturn|p2b: Calyrex|Helping Hand|[of] p2a: Tatsugiri\n|move|p1b: Amoonguss|Protect|p1b: Amoonguss\n|-singleturn|p1b: Amoonguss|Protect\n|move|p2b: Calyrex|Astral Barrage|p1b: Amoonguss|[spread] p1a\n|-activate|p1b: Amoonguss|move: Protect\n|-damage|p1a: Calyrex|27\/100\n|-damage|p2b: Calyrex|91\/100|[from] item: Life Orb\n|move|p1a: Calyrex|Glacial Lance|p2b: Calyrex|[spread] p2a,p2b\n|-enditem|p2a: Tatsugiri|Focus Sash\n|-damage|p2a: Tatsugiri|1\/100\n|-damage|p2b: Calyrex|0 fnt\n|faint|p2b: Calyrex\n|-ability|p1a: Calyrex|Chilling Neigh|boost\n|-boost|p1a: Calyrex|atk|1\n|\n|upkeep\n|turn|9\n|-message|meanrook forfeited.\n|\n|win|ahfoong0411\n|raw|ahfoong0411's rating: 1571 &rarr; <strong>1593<\/strong><br \/>(+22 for winning)\n|raw|meanrook's rating: 1609 &rarr; <strong>1587<\/strong><br \/>(-22 for losing)\n|l|\u2606meanrook\n|player|p2|\n|l| Mixam91\n","uploadtime":1738422971,"views":11,"formatid":"gen9vgc2025regg","rating":1587,"private":0,"password":null}