{"id":"gen9vgc2025regg-2292484845","format":"[Gen 9] VGC 2025 Reg G","players":["Yung Trav","atsikanu~"],"log":"|j|\u203dYung Trav\n|j|\u2606atsikanu~\n|t:|1738429596\n|gametype|doubles\n|player|p1|Yung Trav|2|1613\n|player|p2|atsikanu~|265|1565\n|teamsize|p1|6\n|teamsize|p2|6\n|gen|9\n|tier|[Gen 9] VGC 2025 Reg G\n|rated|\n|rule|Species Clause: Limit one of each Pok\u00e9mon\n|rule|Item Clause: Limit 1 of each item\n|clearpoke\n|poke|p1|Calyrex-Ice, L50|\n|poke|p1|Regidrago, L50|\n|poke|p1|Smeargle, L50, M|\n|poke|p1|Farigiraf, L50, M|\n|poke|p1|Urshifu-*, L50, M|\n|poke|p1|Ogerpon-Cornerstone, L50, F|\n|poke|p2|Terapagos, L50, M|\n|poke|p2|Incineroar, L50, F|\n|poke|p2|Amoonguss, L50, M|\n|poke|p2|Urshifu-*, L50, M|\n|poke|p2|Flutter Mane, L50|\n|poke|p2|Raging Bolt, L50|\n|teampreview|4\n|\n|t:|1738429627\n|start\n|switch|p1a: Calyrex|Calyrex-Ice, L50|100\/100\n|switch|p1b: Smeargle|Smeargle, L50, M, shiny|100\/100\n|switch|p2a: Terapagos|Terapagos, L50, M|100\/100\n|switch|p2b: Flutter Mane|Flutter Mane, L50|100\/100\n|-activate|p2a: Terapagos|ability: Tera Shift\n|detailschange|p2a: Terapagos|Terapagos-Terastal, L50, M\n|-heal|p2a: Terapagos|100\/100|[silent]\n|-ability|p1a: Calyrex|As One\n|-ability|p1a: Calyrex|Unnerve\n|-enditem|p2b: Flutter Mane|Booster Energy\n|-activate|p2b: Flutter Mane|ability: Protosynthesis|[fromitem]\n|-start|p2b: Flutter Mane|protosynthesisspe\n|turn|1\n|\n|t:|1738429657\n|move|p1b: Smeargle|Follow Me|p1b: Smeargle\n|-singleturn|p1b: Smeargle|move: Follow Me\n|move|p2b: Flutter Mane|Taunt|p1b: Smeargle\n|-start|p1b: Smeargle|move: Taunt\n|move|p2a: Terapagos|Substitute|p2a: Terapagos\n|-start|p2a: Terapagos|Substitute\n|-damage|p2a: Terapagos|75\/100\n|move|p1a: Calyrex|Trick Room|p1a: Calyrex\n|-fieldstart|move: Trick Room|[of] p1a: Calyrex\n|\n|-heal|p2a: Terapagos|82\/100|[from] item: Leftovers\n|upkeep\n|turn|2\n|\n|t:|1738429686\n|switch|p1b: Regidrago|Regidrago, L50, shiny|100\/100\n|-terastallize|p2a: Terapagos|Stellar\n|detailschange|p2a: Terapagos|Terapagos-Stellar, L50, M, tera:Stellar\n|-heal|p2a: Terapagos|86\/100|[silent]\n|move|p1a: Calyrex|Glacial Lance|p2b: Flutter Mane|[spread] p2a,p2b\n|-end|p2a: Terapagos|Substitute\n|-damage|p2b: Flutter Mane|8\/100\n|move|p2a: Terapagos|Calm Mind|p2a: Terapagos\n|-boost|p2a: Terapagos|spa|1\n|-boost|p2a: Terapagos|spd|1\n|move|p2b: Flutter Mane|Thunder Wave|p1a: Calyrex\n|-status|p1a: Calyrex|par\n|\n|-heal|p2a: Terapagos|93\/100|[from] item: Leftovers\n|upkeep\n|turn|3\n|\n|t:|1738429717\n|-end|p2b: Flutter Mane|Protosynthesis|[silent]\n|switch|p2b: Urshifu|Urshifu-Rapid-Strike, L50, M|100\/100\n|-terastallize|p1b: Regidrago|Dragon\n|move|p1a: Calyrex|Glacial Lance|p2b: Urshifu|[spread] p2a,p2b\n|-resisted|p2b: Urshifu\n|-damage|p2a: Terapagos|62\/100\n|-damage|p2b: Urshifu|72\/100\n|move|p1b: Regidrago|Dragon Energy|p2a: Terapagos|[spread] p2a,p2b\n|-damage|p2a: Terapagos|18\/100\n|-damage|p2b: Urshifu|0 fnt\n|faint|p2b: Urshifu\n|move|p2a: Terapagos|Tera Starstorm|p1a: Calyrex|[spread] p1a,p1b\n|-supereffective|p1b: Regidrago\n|-damage|p1a: Calyrex|63\/100 par\n|-damage|p1b: Regidrago|0 fnt\n|faint|p1b: Regidrago\n|\n|-heal|p2a: Terapagos|24\/100|[from] item: Leftovers\n|upkeep\n|j| egieggz1\n|c|\u2606atsikanu~|why did I thunder wave. ...o\n|\n|t:|1738429745\n|switch|p1b: Ogerpon|Ogerpon-Cornerstone, L50, F|100\/100\n|switch|p2b: Amoonguss|Amoonguss, L50, M|100\/100\n|turn|4\n|\n|t:|1738429756\n|move|p2b: Amoonguss|Protect|p2b: Amoonguss\n|-singleturn|p2b: Amoonguss|Protect\n|move|p2a: Terapagos|Protect|p2a: Terapagos\n|-singleturn|p2a: Terapagos|Protect\n|move|p1b: Ogerpon|Follow Me|p1b: Ogerpon\n|-singleturn|p1b: Ogerpon|move: Follow Me\n|move|p1a: Calyrex|Glacial Lance|p2a: Terapagos|[spread] \n|-activate|p2a: Terapagos|move: Protect\n|-activate|p2b: Amoonguss|move: Protect\n|\n|-heal|p2a: Terapagos|30\/100|[from] item: Leftovers\n|upkeep\n|turn|5\n|c|\u2606atsikanu~|para!\n|\n|t:|1738429773\n|move|p1b: Ogerpon|Follow Me|p1b: Ogerpon\n|-singleturn|p1b: Ogerpon|move: Follow Me\n|move|p1a: Calyrex|Glacial Lance|p2a: Terapagos|[spread] p2a,p2b\n|-supereffective|p2b: Amoonguss\n|-damage|p2a: Terapagos|1\/100\n|-damage|p2b: Amoonguss|13\/100\n|move|p2b: Amoonguss|Sludge Bomb|p1b: Ogerpon\n|-damage|p1b: Ogerpon|67\/100\n|-status|p1b: Ogerpon|psn\n|move|p2a: Terapagos|Tera Starstorm|p1a: Calyrex|[spread] p1a,p1b\n|-damage|p1a: Calyrex|26\/100 par\n|-damage|p1b: Ogerpon|10\/100 psn\n|\n|-heal|p2a: Terapagos|7\/100|[from] item: Leftovers\n|-damage|p1b: Ogerpon|0 fnt|[from] psn\n|faint|p1b: Ogerpon\n|-fieldend|move: Trick Room\n|upkeep\n|c|\u2606atsikanu~|OHHH\n|c|\u2606atsikanu~|1 HP\n|\n|t:|1738429791\n|switch|p1b: Smeargle|Smeargle, L50, M, shiny|100\/100\n|turn|6\n|\n|t:|1738429801\n|move|p1b: Smeargle|Fake Out|p2a: Terapagos\n|-damage|p2a: Terapagos|4\/100\n|cant|p2a: Terapagos|flinch\n|move|p2b: Amoonguss|Sludge Bomb|p1a: Calyrex\n|-damage|p1a: Calyrex|8\/100 par\n|move|p1a: Calyrex|Glacial Lance|p2b: Amoonguss|[spread] p2a,p2b\n|-supereffective|p2b: Amoonguss\n|-damage|p2a: Terapagos|0 fnt\n|-damage|p2b: Amoonguss|0 fnt\n|faint|p2a: Terapagos\n|faint|p2b: Amoonguss\n|-ability|p1a: Calyrex|Chilling Neigh|boost\n|-boost|p1a: Calyrex|atk|2\n|\n|upkeep\n|\n|t:|1738429808\n|switch|p2a: Flutter Mane|Flutter Mane, L50|8\/100\n|turn|7\n|\n|t:|1738429819\n|cant|p1a: Calyrex|par\n|move|p2a: Flutter Mane|Moonblast|p1a: Calyrex\n|-damage|p1a: Calyrex|0 fnt\n|faint|p1a: Calyrex\n|move|p1b: Smeargle|Spore|p2a: Flutter Mane\n|-status|p2a: Flutter Mane|slp|[from] move: Spore\n|\n|upkeep\n|turn|8\n|c|\u2606atsikanu~|no attacks moment\n|-message|Yung Trav forfeited.\n|\n|win|atsikanu~\n|raw|Yung Trav's rating: 1613 &rarr; <strong>1590<\/strong><br \/>(-23 for losing)\n|raw|atsikanu~'s rating: 1565 &rarr; <strong>1588<\/strong><br \/>(+23 for winning)\n|l|\u203dYung Trav\n|player|p1|\n|j|\u203dYung Trav\n|player|p1|Yung Trav|2|\n|l|\u2606atsikanu~\n|player|p2|\n|l|\u203dYung Trav\n|player|p1|\n|l| egieggz1\n","uploadtime":1738430019,"views":17,"formatid":"gen9vgc2025regg","rating":1588,"private":0,"password":null}