{"id":"gen9vgc2025regg-2292620935","format":"[Gen 9] VGC 2025 Reg G","players":["microwaveca","snipedrone"],"log":"|j|\u2606microwaveca\n|j|\u2606snipedrone\n|t:|1738446719\n|gametype|doubles\n|player|p1|microwaveca|266|1538\n|player|p2|snipedrone|265|1656\n|teamsize|p1|6\n|teamsize|p2|6\n|gen|9\n|tier|[Gen 9] VGC 2025 Reg G\n|rated|\n|rule|Species Clause: Limit one of each Pok\u00e9mon\n|rule|Item Clause: Limit 1 of each item\n|clearpoke\n|poke|p1|Incineroar, L50, M|\n|poke|p1|Rillaboom, L50, F|\n|poke|p1|Calyrex-Ice, L50|\n|poke|p1|Urshifu-*, L50, M|\n|poke|p1|Pelipper, L50, M|\n|poke|p1|Raging Bolt, L50|\n|poke|p2|Groudon, L50|\n|poke|p2|Jumpluff, L50, M|\n|poke|p2|Flutter Mane, L50|\n|poke|p2|Raging Bolt, L50|\n|poke|p2|Raichu, L50, M|\n|poke|p2|Urshifu-*, L50, M|\n|teampreview|4\n|\n|t:|1738446762\n|start\n|switch|p1a: Urshifu|Urshifu-Rapid-Strike, L50, M|100\/100\n|switch|p1b: Incineroar|Incineroar, L50, M, shiny|100\/100\n|switch|p2a: Raichu|Raichu, L50, M, shiny|100\/100\n|switch|p2b: Jumpluff|Jumpluff, L50, M, shiny|100\/100\n|-ability|p1b: Incineroar|Intimidate|boost\n|-unboost|p2a: Raichu|atk|1\n|-unboost|p2b: Jumpluff|atk|1\n|turn|1\n|inactive|Battle timer is ON: inactive players will automatically lose when time's up. (requested by snipedrone)\n|\n|t:|1738446797\n|switch|p1a: Calyrex|Calyrex-Ice, L50|100\/100\n|-ability|p1a: Calyrex|As One\n|-ability|p1a: Calyrex|Unnerve\n|move|p2a: Raichu|Fake Out|p1b: Incineroar\n|-damage|p1b: Incineroar|96\/100\n|move|p2b: Jumpluff|Sleep Powder|p1a: Calyrex\n|-status|p1a: Calyrex|slp|[from] move: Sleep Powder\n|cant|p1b: Incineroar|flinch\n|\n|upkeep\n|turn|2\n|inactive|snipedrone has 30 seconds left.\n|\n|t:|1738446831\n|move|p2b: Jumpluff|Tailwind|p2b: Jumpluff\n|-sidestart|p2: snipedrone|move: Tailwind\n|move|p2a: Raichu|Volt Switch|p1b: Incineroar\n|-crit|p1b: Incineroar\n|-damage|p1b: Incineroar|65\/100\n|\n|t:|1738446836\n|switch|p2a: Groudon|Groudon, L50, shiny|100\/100|[from] Volt Switch\n|-weather|SunnyDay|[from] ability: Drought|[of] p2a: Groudon\n|move|p1b: Incineroar|Parting Shot|p2a: Groudon\n|-unboost|p2a: Groudon|atk|1\n|-unboost|p2a: Groudon|spa|1\n|\n|t:|1738446843\n|switch|p1b: Pelipper|Pelipper, L50, M, shiny|100\/100|[from] Parting Shot\n|-weather|RainDance|[from] ability: Drizzle|[of] p1b: Pelipper\n|cant|p1a: Calyrex|slp\n|\n|-weather|RainDance|[upkeep]\n|upkeep\n|turn|3\n|inactive|microwaveca has 30 seconds left.\n|\n|t:|1738446876\n|-terastallize|p2a: Groudon|Fire\n|-terastallize|p1a: Calyrex|Water\n|move|p1b: Pelipper|Wide Guard|p1b: Pelipper\n|-singleturn|p1b: Pelipper|Wide Guard\n|move|p2b: Jumpluff|Sunny Day|p2b: Jumpluff\n|-weather|SunnyDay\n|move|p2a: Groudon|Eruption|p1a: Calyrex|[spread] \n|-activate|p1a: Calyrex|move: Wide Guard\n|-activate|p1b: Pelipper|move: Wide Guard\n|cant|p1a: Calyrex|slp\n|\n|-weather|SunnyDay|[upkeep]\n|upkeep\n|turn|4\n|inactive|microwaveca has 30 seconds left.\n|\n|t:|1738446904\n|switch|p2a: Raichu|Raichu, L50, M, shiny|100\/100\n|move|p1b: Pelipper|Wide Guard|p1b: Pelipper\n|-singleturn|p1b: Pelipper|Wide Guard\n|move|p2b: Jumpluff|Sleep Powder|p1b: Pelipper\n|-status|p1b: Pelipper|slp|[from] move: Sleep Powder\n|cant|p1a: Calyrex|slp\n|\n|-weather|SunnyDay|[upkeep]\n|upkeep\n|turn|5\n|\n|t:|1738446924\n|switch|p2b: Groudon|Groudon, L50, shiny, tera:Fire|100\/100\n|switch|p1b: Incineroar|Incineroar, L50, M, shiny|65\/100\n|-ability|p1b: Incineroar|Intimidate|boost\n|-unboost|p2a: Raichu|atk|1\n|-unboost|p2b: Groudon|atk|1\n|move|p2a: Raichu|Volt Switch|p1b: Incineroar\n|-damage|p1b: Incineroar|46\/100\n|\n|t:|1738446932\n|switch|p2a: Flutter Mane|Flutter Mane, L50, shiny|100\/100|[from] Volt Switch\n|-activate|p2a: Flutter Mane|ability: Protosynthesis\n|-start|p2a: Flutter Mane|protosynthesisspe\n|-curestatus|p1a: Calyrex|slp|[msg]\n|move|p1a: Calyrex|Trick Room|p1a: Calyrex\n|-fieldstart|move: Trick Room|[of] p1a: Calyrex\n|\n|-weather|SunnyDay|[upkeep]\n|-sideend|p2: snipedrone|move: Tailwind\n|upkeep\n|turn|6\n|inactive|microwaveca has 30 seconds left.\n|inactive|microwaveca has 20 seconds left.\n|inactive|microwaveca has 15 seconds left.\n|inactive|microwaveca has 10 seconds left.\n|\n|t:|1738446978\n|switch|p2b: Jumpluff|Jumpluff, L50, M, shiny|100\/100\n|move|p2a: Flutter Mane|Protect|p2a: Flutter Mane\n|-singleturn|p2a: Flutter Mane|Protect\n|move|p1b: Incineroar|Fake Out|p2b: Jumpluff\n|-damage|p2b: Jumpluff|85\/100\n|move|p1a: Calyrex|Glacial Lance|p2a: Flutter Mane|[spread] p2b\n|-activate|p2a: Flutter Mane|move: Protect\n|-supereffective|p2b: Jumpluff\n|-damage|p2b: Jumpluff|0 fnt\n|faint|p2b: Jumpluff\n|-ability|p1a: Calyrex|Chilling Neigh|boost\n|-boost|p1a: Calyrex|atk|1\n|\n|-weather|SunnyDay|[upkeep]\n|upkeep\n|\n|t:|1738447002\n|switch|p2b: Raichu|Raichu, L50, M, shiny|100\/100\n|turn|7\n|inactive|microwaveca has 30 seconds left.\n|inactive|snipedrone has 30 seconds left.\n|inactive|microwaveca has 20 seconds left.\n|\n|t:|1738447040\n|switch|p1b: Urshifu|Urshifu-Rapid-Strike, L50, M|100\/100\n|move|p1a: Calyrex|Protect|p1a: Calyrex\n|-singleturn|p1a: Calyrex|Protect\n|move|p2b: Raichu|Fake Out|p1b: Urshifu\n|-damage|p1b: Urshifu|93\/100\n|move|p2a: Flutter Mane|Moonblast|p1b: Urshifu\n|-supereffective|p1b: Urshifu\n|-damage|p1b: Urshifu|0 fnt\n|faint|p1b: Urshifu\n|\n|-weather|none\n|-end|p2a: Flutter Mane|Protosynthesis\n|upkeep\n|\n|t:|1738447057\n|switch|p1b: Pelipper|Pelipper, L50, M, shiny|100\/100 slp\n|-weather|RainDance|[from] ability: Drizzle|[of] p1b: Pelipper\n|turn|8\n|inactive|microwaveca has 30 seconds left.\n|inactive|snipedrone has 30 seconds left.\n|\n|t:|1738447088\n|switch|p2b: Groudon|Groudon, L50, shiny, tera:Fire|100\/100\n|-weather|SunnyDay|[from] ability: Drought|[of] p2b: Groudon\n|-activate|p2a: Flutter Mane|ability: Protosynthesis\n|-start|p2a: Flutter Mane|protosynthesisspe\n|move|p1a: Calyrex|Glacial Lance|p2a: Flutter Mane|[spread] p2a,p2b\n|-resisted|p2b: Groudon\n|-enditem|p2a: Flutter Mane|Focus Sash\n|-damage|p2a: Flutter Mane|1\/100\n|-damage|p2b: Groudon|71\/100\n|cant|p1b: Pelipper|slp\n|move|p2a: Flutter Mane|Icy Wind|p1b: Pelipper|[spread] p1a,p1b\n|-resisted|p1a: Calyrex\n|-damage|p1a: Calyrex|96\/100\n|-damage|p1b: Pelipper|76\/100 slp\n|-unboost|p1b: Pelipper|spe|1\n|\n|-weather|SunnyDay|[upkeep]\n|upkeep\n|turn|9\n|inactive|microwaveca has 30 seconds left.\n|inactive|snipedrone has 30 seconds left.\n|inactive|snipedrone has 20 seconds left.\n|inactive|snipedrone has 15 seconds left.\n|inactive|snipedrone has 10 seconds left.\n|\n|t:|1738447136\n|switch|p1b: Incineroar|Incineroar, L50, M, shiny|46\/100\n|-ability|p1b: Incineroar|Intimidate|boost\n|-unboost|p2a: Flutter Mane|atk|1\n|-unboost|p2b: Groudon|atk|1\n|switch|p2b: Raichu|Raichu, L50, M, shiny|100\/100\n|move|p2a: Flutter Mane|Protect|p2a: Flutter Mane\n|-singleturn|p2a: Flutter Mane|Protect\n|move|p1a: Calyrex|Glacial Lance|p2b: Raichu|[spread] p2b\n|-activate|p2a: Flutter Mane|move: Protect\n|-damage|p2b: Raichu|0 fnt\n|faint|p2b: Raichu\n|-ability|p1a: Calyrex|Chilling Neigh|boost\n|-boost|p1a: Calyrex|atk|1\n|\n|-weather|SunnyDay|[upkeep]\n|-fieldend|move: Trick Room\n|upkeep\n|\n|t:|1738447139\n|switch|p2b: Groudon|Groudon, L50, shiny, tera:Fire|71\/100\n|turn|10\n|\n|t:|1738447159\n|move|p1b: Incineroar|Fake Out|p2b: Groudon\n|-damage|p2b: Groudon|63\/100\n|move|p2a: Flutter Mane|Fake Tears|p1a: Calyrex\n|-fail|p1a: Calyrex|unboost|[from] item: Clear Amulet|[of] p1a: Calyrex\n|cant|p2b: Groudon|flinch\n|move|p1a: Calyrex|Glacial Lance|p2a: Flutter Mane|[spread] p2a,p2b\n|-resisted|p2b: Groudon\n|-damage|p2a: Flutter Mane|0 fnt\n|-damage|p2b: Groudon|25\/100\n|faint|p2a: Flutter Mane\n|-end|p2a: Flutter Mane|Protosynthesis|[silent]\n|-ability|p1a: Calyrex|Chilling Neigh|boost\n|-boost|p1a: Calyrex|atk|1\n|\n|-weather|SunnyDay|[upkeep]\n|upkeep\n|turn|11\n|-message|snipedrone forfeited.\n|\n|win|microwaveca\n|raw|microwaveca's rating: 1538 &rarr; <strong>1565<\/strong><br \/>(+27 for winning)\n|raw|snipedrone's rating: 1656 &rarr; <strong>1629<\/strong><br \/>(-27 for losing)\n|l|\u2606snipedrone\n|player|p2|\n","uploadtime":1738447365,"views":8,"formatid":"gen9vgc2025regg","rating":1565,"private":0,"password":null}