{"id":"gen9vgc2025regg-2292642046","format":"[Gen 9] VGC 2025 Reg G","players":["Hanou143","Peckham"],"log":"|j|\u2606Hanou143\n|j|\u2606Peckham\n|t:|1738449426\n|gametype|doubles\n|player|p1|Hanou143|2|1663\n|player|p2|Peckham|169|1601\n|teamsize|p1|6\n|teamsize|p2|6\n|gen|9\n|tier|[Gen 9] VGC 2025 Reg G\n|rated|\n|rule|Species Clause: Limit one of each Pok\u00e9mon\n|rule|Item Clause: Limit 1 of each item\n|clearpoke\n|poke|p1|Calyrex-Shadow, L50|\n|poke|p1|Jigglypuff, L50, M|\n|poke|p1|Pelipper, L50, M|\n|poke|p1|Rillaboom, L50, F|\n|poke|p1|Incineroar, L50, M|\n|poke|p1|Urshifu-*, L50, M|\n|poke|p2|Grimmsnarl, L50, M|\n|poke|p2|Terapagos, L50, M|\n|poke|p2|Flutter Mane, L50|\n|poke|p2|Rillaboom, L50, F|\n|poke|p2|Urshifu-*, L50, F|\n|poke|p2|Chi-Yu, L50|\n|teampreview|4\n|inactive|Battle timer is ON: inactive players will automatically lose when time's up. (requested by Hanou143)\n|j| sauromon\n|\n|t:|1738449465\n|start\n|switch|p1a: Urshifu|Urshifu-Rapid-Strike, L50, M|100\/100\n|switch|p1b: Pelipper|Pelipper, L50, M|100\/100\n|switch|p2a: Flutter Mane|Flutter Mane, L50|100\/100\n|switch|p2b: Chi-Yu|Chi-Yu, L50|100\/100\n|-ability|p2b: Chi-Yu|Beads of Ruin\n|-weather|RainDance|[from] ability: Drizzle|[of] p1b: Pelipper\n|-enditem|p2a: Flutter Mane|Booster Energy\n|-activate|p2a: Flutter Mane|ability: Protosynthesis|[fromitem]\n|-start|p2a: Flutter Mane|protosynthesisspe\n|turn|1\n|j| Bubsnz\n|\n|t:|1738449483\n|switch|p1a: Jigglypuff|Jigglypuff, L50, M|100\/100\n|move|p2a: Flutter Mane|Moonblast|p1a: Jigglypuff\n|-damage|p1a: Jigglypuff|47\/100\n|move|p2b: Chi-Yu|Dark Pulse|p1b: Pelipper\n|-damage|p1b: Pelipper|39\/100\n|move|p1b: Pelipper|Tailwind|p1b: Pelipper\n|-sidestart|p1: Hanou143|move: Tailwind\n|\n|-weather|RainDance|[upkeep]\n|upkeep\n|turn|2\n|j| CaueGui\n|inactive|Hanou143 has 30 seconds left.\n|inactive|Hanou143 has 20 seconds left.\n|\n|t:|1738449519\n|move|p1a: Jigglypuff|Protect|p1a: Jigglypuff\n|-singleturn|p1a: Jigglypuff|Protect\n|move|p2a: Flutter Mane|Moonblast|p1a: Jigglypuff\n|-activate|p1a: Jigglypuff|move: Protect\n|move|p1b: Pelipper|Water Pulse|p2b: Chi-Yu\n|-supereffective|p2b: Chi-Yu\n|-enditem|p2b: Chi-Yu|Focus Sash\n|-damage|p2b: Chi-Yu|1\/100\n|move|p2b: Chi-Yu|Dark Pulse|p1b: Pelipper\n|-damage|p1b: Pelipper|0 fnt\n|faint|p1b: Pelipper\n|\n|-weather|RainDance|[upkeep]\n|upkeep\n|\n|t:|1738449531\n|switch|p1b: Calyrex|Calyrex-Shadow, L50|100\/100\n|-ability|p1b: Calyrex|As One\n|-ability|p1b: Calyrex|Unnerve\n|turn|3\n|inactive|Hanou143 has 30 seconds left.\n|inactive|Peckham has 30 seconds left.\n|\n|t:|1738449559\n|-terastallize|p1b: Calyrex|Grass\n|-terastallize|p2a: Flutter Mane|Fairy\n|move|p2b: Chi-Yu|Protect|p2b: Chi-Yu\n|-singleturn|p2b: Chi-Yu|Protect\n|move|p1b: Calyrex|Calm Mind|p1b: Calyrex\n|-boost|p1b: Calyrex|spa|1\n|-boost|p1b: Calyrex|spd|1\n|move|p2a: Flutter Mane|Icy Wind|p1a: Jigglypuff|[spread] p1a,p1b\n|-supereffective|p1b: Calyrex\n|-damage|p1a: Jigglypuff|31\/100\n|-damage|p1b: Calyrex|86\/100\n|-unboost|p1a: Jigglypuff|spe|1\n|move|p1a: Jigglypuff|Sing|p2a: Flutter Mane|[miss]\n|-miss|p1a: Jigglypuff|p2a: Flutter Mane\n|\n|-weather|RainDance|[upkeep]\n|upkeep\n|turn|4\n|inactive|Hanou143 has 30 seconds left.\n|\n|t:|1738449585\n|move|p2a: Flutter Mane|Protect|p2a: Flutter Mane\n|-singleturn|p2a: Flutter Mane|Protect\n|move|p1a: Jigglypuff|Protect|p1a: Jigglypuff\n|-singleturn|p1a: Jigglypuff|Protect\n|move|p1b: Calyrex|Astral Barrage|p2a: Flutter Mane|[spread] p2b\n|-activate|p2a: Flutter Mane|move: Protect\n|-resisted|p2b: Chi-Yu\n|-damage|p2b: Chi-Yu|0 fnt\n|faint|p2b: Chi-Yu\n|-ability|p1b: Calyrex|Grim Neigh|boost\n|-boost|p1b: Calyrex|spa|1\n|\n|-weather|RainDance|[upkeep]\n|-sideend|p1: Hanou143|move: Tailwind\n|upkeep\n|\n|t:|1738449603\n|switch|p2b: Terapagos|Terapagos, L50, M|100\/100\n|-activate|p2b: Terapagos|ability: Tera Shift\n|detailschange|p2b: Terapagos|Terapagos-Terastal, L50, M\n|-heal|p2b: Terapagos|100\/100|[silent]\n|turn|5\n|\n|t:|1738449625\n|move|p1a: Jigglypuff|Protect|p1a: Jigglypuff\n|-singleturn|p1a: Jigglypuff|Protect\n|move|p2a: Flutter Mane|Moonblast|p1a: Jigglypuff\n|-activate|p1a: Jigglypuff|move: Protect\n|move|p1b: Calyrex|Giga Drain|p2a: Flutter Mane\n|-damage|p2a: Flutter Mane|28\/100\n|-heal|p1b: Calyrex|100\/100|[from] drain|[of] p2a: Flutter Mane\n|move|p2b: Terapagos|Hyper Beam|p1b: Calyrex\n|-crit|p1b: Calyrex\n|-damage|p1b: Calyrex|2\/100\n|-mustrecharge|p2b: Terapagos\n|\n|-weather|none\n|upkeep\n|turn|6\n|inactive|Hanou143 has 30 seconds left.\n|\n|t:|1738449658\n|move|p1b: Calyrex|Protect|p1b: Calyrex\n|-singleturn|p1b: Calyrex|Protect\n|move|p2a: Flutter Mane|Icy Wind|p1b: Calyrex|[spread] \n|-activate|p1b: Calyrex|move: Protect\n|-miss|p2a: Flutter Mane|p1a: Jigglypuff\n|cant|p2b: Terapagos|recharge\n|move|p1a: Jigglypuff|Sing|p2a: Flutter Mane\n|-status|p2a: Flutter Mane|slp|[from] move: Sing\n|\n|upkeep\n|turn|7\n|inactive|Hanou143 has 30 seconds left.\n|\n|t:|1738449690\n|cant|p2a: Flutter Mane|slp\n|move|p1b: Calyrex|Giga Drain|p2a: Flutter Mane\n|-damage|p2a: Flutter Mane|0 fnt\n|-heal|p1b: Calyrex|13\/100|[from] drain|[of] p2a: Flutter Mane\n|faint|p2a: Flutter Mane\n|-end|p2a: Flutter Mane|Protosynthesis|[silent]\n|-ability|p1b: Calyrex|Grim Neigh|boost\n|-boost|p1b: Calyrex|spa|1\n|move|p2b: Terapagos|Hyper Beam|p1b: Calyrex\n|-damage|p1b: Calyrex|0 fnt\n|-mustrecharge|p2b: Terapagos\n|faint|p1b: Calyrex\n|move|p1a: Jigglypuff|Sing|p2b: Terapagos\n|-status|p2b: Terapagos|slp|[from] move: Sing\n|\n|upkeep\n|\n|t:|1738449704\n|switch|p2a: Grimmsnarl|Grimmsnarl, L50, M|100\/100\n|switch|p1b: Urshifu|Urshifu-Rapid-Strike, L50, M|100\/100\n|turn|8\n|\n|t:|1738449714\n|move|p2a: Grimmsnarl|Thunder Wave|p1b: Urshifu\n|-status|p1b: Urshifu|par\n|cant|p2b: Terapagos|recharge\n|move|p1b: Urshifu|Surging Strikes|p2a: Grimmsnarl\n|-crit|p2a: Grimmsnarl\n|-damage|p2a: Grimmsnarl|79\/100\n|-crit|p2a: Grimmsnarl\n|-damage|p2a: Grimmsnarl|57\/100\n|-crit|p2a: Grimmsnarl\n|-damage|p2a: Grimmsnarl|35\/100\n|-hitcount|p2a: Grimmsnarl|3\n|move|p1a: Jigglypuff|Alluring Voice|p2a: Grimmsnarl\n|-supereffective|p2a: Grimmsnarl\n|-damage|p2a: Grimmsnarl|10\/100\n|\n|upkeep\n|turn|9\n|\n|t:|1738449734\n|move|p2a: Grimmsnarl|Thunder Wave|p1a: Jigglypuff\n|-status|p1a: Jigglypuff|par\n|cant|p2b: Terapagos|slp\n|move|p1b: Urshifu|Surging Strikes|p2a: Grimmsnarl\n|-crit|p2a: Grimmsnarl\n|-damage|p2a: Grimmsnarl|0 fnt\n|faint|p2a: Grimmsnarl\n|-hitcount|p2: Grimmsnarl|1\n|move|p1a: Jigglypuff|Alluring Voice|p2b: Terapagos\n|-activate|p2b: Terapagos|ability: Tera Shell\n|-resisted|p2b: Terapagos\n|-damage|p2b: Terapagos|93\/100 slp\n|\n|upkeep\n|turn|10\n|\n|t:|1738449749\n|cant|p2b: Terapagos|slp\n|move|p1b: Urshifu|Surging Strikes|p2b: Terapagos\n|-crit|p2b: Terapagos\n|-damage|p2b: Terapagos|74\/100 slp\n|-crit|p2b: Terapagos\n|-damage|p2b: Terapagos|50\/100 slp\n|-crit|p2b: Terapagos\n|-damage|p2b: Terapagos|31\/100 slp\n|-hitcount|p2b: Terapagos|3\n|move|p1a: Jigglypuff|Sing|p2b: Terapagos|[miss]\n|-miss|p1a: Jigglypuff|p2b: Terapagos\n|\n|upkeep\n|turn|11\n|\n|t:|1738449760\n|-curestatus|p2b: Terapagos|slp|[msg]\n|move|p2b: Terapagos|Hyper Beam|p1b: Urshifu\n|-damage|p1b: Urshifu|0 fnt\n|-mustrecharge|p2b: Terapagos\n|faint|p1b: Urshifu\n|move|p1a: Jigglypuff|Alluring Voice|p2b: Terapagos\n|-damage|p2b: Terapagos|15\/100\n|\n|upkeep\n|turn|12\n|\n|t:|1738449776\n|cant|p2b: Terapagos|recharge\n|move|p1a: Jigglypuff|Alluring Voice|p2b: Terapagos\n|-damage|p2b: Terapagos|0 fnt\n|faint|p2b: Terapagos\n|\n|win|Hanou143\n|raw|Hanou143's rating: 1663 &rarr; <strong>1679<\/strong><br \/>(+16 for winning)\n|raw|Peckham's rating: 1601 &rarr; <strong>1585<\/strong><br \/>(-16 for losing)\n|l|\u2606Hanou143\n|player|p1|\n|l|\u2606Peckham\n|player|p2|\n|l| sauromon\n","uploadtime":1738449795,"views":22,"formatid":"gen9vgc2025regg","rating":1585,"private":0,"password":null}