{"id":"gen9vgc2025regg-2292973796","format":"[Gen 9] VGC 2025 Reg G","players":["bidoofutopia","Mildly Displeased"],"log":"|j|\u2606bidoofutopia\n|j|\u2606Mildly Displeased\n|t:|1738506846\n|gametype|doubles\n|player|p1|bidoofutopia|lucas|1629\n|player|p2|Mildly Displeased|lillie|1572\n|teamsize|p1|6\n|teamsize|p2|6\n|gen|9\n|tier|[Gen 9] VGC 2025 Reg G\n|rated|\n|rule|Species Clause: Limit one of each Pok\u00e9mon\n|rule|Item Clause: Limit 1 of each item\n|clearpoke\n|poke|p1|Landorus, L50, M|\n|poke|p1|Pelipper, L50, M|\n|poke|p1|Urshifu-*, L50, F|\n|poke|p1|Calyrex-Ice, L50|\n|poke|p1|Amoonguss, L50, M|\n|poke|p1|Raging Bolt, L50|\n|poke|p2|Primarina, L50, M|\n|poke|p2|Talonflame, L50, F|\n|poke|p2|Zamazenta-*, L50|\n|poke|p2|Rillaboom, L50, M|\n|poke|p2|Iron Treads, L50|\n|poke|p2|Chien-Pao, L50|\n|teampreview|4\n|inactive|Battle timer is ON: inactive players will automatically lose when time's up. (requested by Mildly Displeased)\n|inactive|bidoofutopia also wants the timer to be on.\nMildly Displeased rejected open team sheets.\n|\n|t:|1738506867\n|start\n|switch|p1a: Amoonguss|Amoonguss, L50, M|100\/100\n|switch|p1b: Calyrex|Calyrex-Ice, L50|100\/100\n|switch|p2a: Phoenix|Talonflame, L50, F, shiny|100\/100\n|switch|p2b: Tankie|Iron Treads, L50|100\/100\n|-ability|p1b: Calyrex|As One\n|-ability|p1b: Calyrex|Unnerve\n|-enditem|p2b: Tankie|Booster Energy\n|-activate|p2b: Tankie|ability: Quark Drive|[fromitem]\n|-start|p2b: Tankie|quarkdrivespe\n|turn|1\n|\n|t:|1738506879\n|-end|p2b: Tankie|Quark Drive|[silent]\n|switch|p2b: Pippin|Zamazenta-Crowned, L50|100\/100\n|-ability|p2b: Pippin|Dauntless Shield|boost\n|-boost|p2b: Pippin|def|1\n|move|p1a: Amoonguss|Rage Powder|p1a: Amoonguss\n|-singleturn|p1a: Amoonguss|move: Rage Powder\n|move|p2a: Phoenix|Taunt|p1a: Amoonguss\n|-start|p1a: Amoonguss|move: Taunt\n|move|p1b: Calyrex|Trick Room|p1b: Calyrex\n|-fieldstart|move: Trick Room|[of] p1b: Calyrex\n|\n|upkeep\n|turn|2\n|\n|t:|1738506898\n|switch|p1a: Pelipper|Pelipper, L50, M|100\/100\n|-weather|RainDance|[from] ability: Drizzle|[of] p1a: Pelipper\n|move|p1b: Calyrex|High Horsepower|p2b: Pippin\n|-supereffective|p2b: Pippin\n|-damage|p2b: Pippin|73\/100\n|move|p2b: Pippin|Iron Defense|p2b: Pippin\n|-boost|p2b: Pippin|def|2\n|move|p2a: Phoenix|Will-O-Wisp|p1b: Calyrex|[miss]\n|-miss|p2a: Phoenix|p1b: Calyrex\n|\n|-weather|RainDance|[upkeep]\n|upkeep\n|turn|3\n|inactive|bidoofutopia has 30 seconds left.\n|inactive|bidoofutopia has 20 seconds left.\n|inactive|Mildly Displeased has 30 seconds left.\n|\n|t:|1738506939\n|switch|p1b: Amoonguss|Amoonguss, L50, M|100\/100\n|-terastallize|p1a: Pelipper|Ghost\n|move|p2a: Phoenix|Brave Bird|p1b: Amoonguss\n|-supereffective|p1b: Amoonguss\n|-damage|p1b: Amoonguss|7\/100\n|-damage|p2a: Phoenix|56\/100|[from] Recoil\n|move|p1a: Pelipper|Weather Ball|p2b: Pippin\n|-damage|p2b: Pippin|14\/100\n|-damage|p1a: Pelipper|91\/100|[from] item: Life Orb\n|move|p2b: Pippin|Body Press|p1b: Amoonguss\n|-resisted|p1b: Amoonguss\n|-damage|p1b: Amoonguss|0 fnt\n|faint|p1b: Amoonguss\n|\n|-weather|RainDance|[upkeep]\n|upkeep\n|\n|t:|1738506952\n|switch|p1b: Calyrex|Calyrex-Ice, L50|100\/100\n|-ability|p1b: Calyrex|As One\n|-ability|p1b: Calyrex|Unnerve\n|turn|4\n|\n|t:|1738506960\n|move|p2b: Pippin|Wide Guard|p2b: Pippin\n|-singleturn|p2b: Pippin|Wide Guard\n|move|p1b: Calyrex|Glacial Lance|p2b: Pippin|[spread] \n|-activate|p2a: Phoenix|move: Wide Guard\n|-activate|p2b: Pippin|move: Wide Guard\n|move|p1a: Pelipper|Weather Ball|p2b: Pippin\n|-damage|p2b: Pippin|0 fnt\n|faint|p2b: Pippin\n|-damage|p1a: Pelipper|81\/100|[from] item: Life Orb\n|move|p2a: Phoenix|Brave Bird|p1a: Pelipper\n|-damage|p1a: Pelipper|32\/100\n|-damage|p2a: Phoenix|39\/100|[from] Recoil\n|\n|-weather|RainDance|[upkeep]\n|upkeep\n|\n|t:|1738506972\n|switch|p2b: Weavile 2.0|Chien-Pao, L50|100\/100\n|-ability|p2b: Weavile 2.0|Sword of Ruin\n|turn|5\n|\n|t:|1738506979\n|switch|p1a: Urshifu|Urshifu-Rapid-Strike, L50, F|100\/100\n|move|p2b: Weavile 2.0|Sucker Punch||[still]\n|-fail|p2b: Weavile 2.0\n|move|p1b: Calyrex|Glacial Lance|p2b: Weavile 2.0|[spread] p2a,p2b\n|-resisted|p2b: Weavile 2.0\n|-crit|p2b: Weavile 2.0\n|-damage|p2a: Phoenix|0 fnt\n|-damage|p2b: Weavile 2.0|31\/100\n|faint|p2a: Phoenix\n|-ability|p1b: Calyrex|Chilling Neigh|boost\n|-boost|p1b: Calyrex|atk|1\n|\n|-weather|RainDance|[upkeep]\n|-fieldend|move: Trick Room\n|upkeep\n|\n|t:|1738506983\n|switch|p2a: Tankie|Iron Treads, L50|100\/100\n|turn|6\n|\n|t:|1738506994\n|-terastallize|p2b: Weavile 2.0|Dark\n|move|p1a: Urshifu|Aqua Jet|p2b: Weavile 2.0\n|-damage|p2b: Weavile 2.0|0 fnt\n|faint|p2b: Weavile 2.0\n|move|p2a: Tankie|High Horsepower|p1a: Urshifu\n|-damage|p1a: Urshifu|54\/100\n|move|p1b: Calyrex|Trick Room|p1b: Calyrex\n|-fieldstart|move: Trick Room|[of] p1b: Calyrex\n|\n|-weather|none\n|upkeep\n|turn|7\n|-message|Mildly Displeased forfeited.\n|\n|win|bidoofutopia\n|raw|bidoofutopia's rating: 1629 &rarr; <strong>1646<\/strong><br \/>(+17 for winning)\n|raw|Mildly Displeased's rating: 1572 &rarr; <strong>1555<\/strong><br \/>(-17 for losing)\n|l|\u2606Mildly Displeased\n|player|p2|\n|l|\u2606bidoofutopia\n|player|p1|\n","uploadtime":1738507231,"views":8,"formatid":"gen9vgc2025regg","rating":1555,"private":0,"password":null}