{"id":"gen9vgc2025regg-2292483618","format":"[Gen 9] VGC 2025 Reg G","players":["atsikanu~","RustyChair13"],"log":"|j|\u2606atsikanu~\n|j|\u2606RustyChair13\n|t:|1738429433\n|gametype|doubles\n|player|p1|atsikanu~|265|1580\n|player|p2|RustyChair13|scientist-gen4|1661\n|teamsize|p1|6\n|teamsize|p2|6\n|gen|9\n|tier|[Gen 9] VGC 2025 Reg G\n|rated|\n|rule|Species Clause: Limit one of each Pok\u00e9mon\n|rule|Item Clause: Limit 1 of each item\n|clearpoke\n|poke|p1|Terapagos, L50, M|\n|poke|p1|Incineroar, L50, M|\n|poke|p1|Amoonguss, L50, F|\n|poke|p1|Urshifu-*, L50, F|\n|poke|p1|Flutter Mane, L50|\n|poke|p1|Raging Bolt, L50|\n|poke|p2|Zamazenta-*, L50|\n|poke|p2|Landorus, L50, M|\n|poke|p2|Rillaboom, L50, M|\n|poke|p2|Chien-Pao, L50|\n|poke|p2|Farigiraf, L50, M|\n|poke|p2|Tornadus, L50, M|\n|teampreview|4\n|inactive|Battle timer is ON: inactive players will automatically lose when time's up. (requested by RustyChair13)\n|\n|t:|1738429454\n|start\n|switch|p1a: Terapagos|Terapagos, L50, M|100\/100\n|switch|p1b: Flutter Mane|Flutter Mane, L50|100\/100\n|switch|p2a: Tornadus|Tornadus, L50, M|100\/100\n|switch|p2b: Landorus|Landorus, L50, M|100\/100\n|-activate|p1a: Terapagos|ability: Tera Shift\n|detailschange|p1a: Terapagos|Terapagos-Terastal, L50, M\n|-heal|p1a: Terapagos|100\/100|[silent]\n|-enditem|p1b: Flutter Mane|Booster Energy\n|-activate|p1b: Flutter Mane|ability: Protosynthesis|[fromitem]\n|-start|p1b: Flutter Mane|protosynthesisspe\n|turn|1\n|\n|t:|1738429466\n|move|p2a: Tornadus|Tailwind|p2a: Tornadus\n|-sidestart|p2: RustyChair13|move: Tailwind\n|move|p2b: Landorus|Sandsear Storm|p1a: Terapagos|[spread] p1a,p1b\n|-activate|p1a: Terapagos|ability: Tera Shell\n|-resisted|p1a: Terapagos\n|-damage|p1a: Terapagos|80\/100\n|-damage|p1b: Flutter Mane|52\/100\n|move|p1b: Flutter Mane|Icy Wind|p2a: Tornadus|[spread] p2a,p2b\n|-supereffective|p2a: Tornadus\n|-supereffective|p2b: Landorus\n|-damage|p2a: Tornadus|74\/100\n|-damage|p2b: Landorus|37\/100\n|-unboost|p2b: Landorus|spe|1\n|move|p1a: Terapagos|Calm Mind|p1a: Terapagos\n|-boost|p1a: Terapagos|spa|1\n|-boost|p1a: Terapagos|spd|1\n|\n|-heal|p1a: Terapagos|86\/100|[from] item: Leftovers\n|upkeep\n|turn|2\n|\n|t:|1738429491\n|-terastallize|p1a: Terapagos|Stellar\n|detailschange|p1a: Terapagos|Terapagos-Stellar, L50, M, tera:Stellar\n|-heal|p1a: Terapagos|90\/100|[silent]\n|move|p2a: Tornadus|Bleakwind Storm|p1b: Flutter Mane|[spread] p1a,p1b\n|-damage|p1a: Terapagos|74\/100\n|-damage|p1b: Flutter Mane|22\/100\n|move|p2b: Landorus|Sandsear Storm|p1b: Flutter Mane|[spread] p1a,p1b\n|-damage|p1a: Terapagos|52\/100\n|-damage|p1b: Flutter Mane|0 fnt\n|faint|p1b: Flutter Mane\n|-end|p1b: Flutter Mane|Protosynthesis|[silent]\n|move|p1a: Terapagos|Tera Starstorm|p2a: Tornadus|[spread] p2a,p2b\n|-damage|p2a: Tornadus|19\/100\n|-damage|p2b: Landorus|0 fnt\n|faint|p2b: Landorus\n|\n|-heal|p1a: Terapagos|58\/100|[from] item: Leftovers\n|upkeep\n|\n|t:|1738429503\n|switch|p1b: Amoonguss|Amoonguss, L50, F|100\/100\n|switch|p2b: Zamazenta|Zamazenta-Crowned, L50, shiny|100\/100\n|-ability|p2b: Zamazenta|Dauntless Shield|boost\n|-boost|p2b: Zamazenta|def|1\n|turn|3\n|\n|t:|1738429518\n|move|p1a: Terapagos|Protect|p1a: Terapagos\n|-singleturn|p1a: Terapagos|Protect\n|move|p2b: Zamazenta|Wide Guard|p2b: Zamazenta\n|-singleturn|p2b: Zamazenta|Wide Guard\n|move|p2a: Tornadus|Taunt|p1b: Amoonguss\n|-start|p1b: Amoonguss|move: Taunt\n|cant|p1b: Amoonguss|move: Taunt|Spore\n|\n|-heal|p1a: Terapagos|64\/100|[from] item: Leftovers\n|upkeep\n|turn|4\n|inactive|atsikanu~ has 30 seconds left.\n|\n|t:|1738429548\n|move|p2b: Zamazenta|Body Press|p1a: Terapagos\n|-supereffective|p1a: Terapagos\n|-damage|p1a: Terapagos|0 fnt\n|faint|p1a: Terapagos\n|move|p2a: Tornadus|Bleakwind Storm|p1b: Amoonguss\n|-supereffective|p1b: Amoonguss\n|-damage|p1b: Amoonguss|5\/100\n|move|p1b: Amoonguss|Sludge Bomb|p2a: Tornadus\n|-damage|p2a: Tornadus|0 fnt\n|faint|p2a: Tornadus\n|\n|-sideend|p2: RustyChair13|move: Tailwind\n|upkeep\n|\n|t:|1738429556\n|switch|p2a: Chien-Pao|Chien-Pao, L50|100\/100\n|switch|p1a: Urshifu|Urshifu-Rapid-Strike, L50, F|100\/100\n|-ability|p2a: Chien-Pao|Sword of Ruin\n|turn|5\n|\n|t:|1738429569\n|-terastallize|p2b: Zamazenta|Dragon\n|move|p2a: Chien-Pao|Sucker Punch|p1a: Urshifu\n|-resisted|p1a: Urshifu\n|-damage|p1a: Urshifu|67\/100\n|-damage|p2a: Chien-Pao|91\/100|[from] item: Life Orb\n|move|p2b: Zamazenta|Heavy Slam|p1b: Amoonguss\n|-damage|p1b: Amoonguss|0 fnt\n|-damage|p2b: Zamazenta|84\/100|[from] item: Rocky Helmet|[of] p1b: Amoonguss\n|faint|p1b: Amoonguss\n|move|p1a: Urshifu|Surging Strikes|p2b: Zamazenta\n|-resisted|p2b: Zamazenta\n|-crit|p2b: Zamazenta\n|-damage|p2b: Zamazenta|74\/100\n|-resisted|p2b: Zamazenta\n|-crit|p2b: Zamazenta\n|-damage|p2b: Zamazenta|65\/100\n|-resisted|p2b: Zamazenta\n|-crit|p2b: Zamazenta\n|-damage|p2b: Zamazenta|55\/100\n|-hitcount|p2b: Zamazenta|3\n|\n|upkeep\n|turn|6\n|c|\u2606RustyChair13|gg\n|\n|t:|1738429582\n|move|p2a: Chien-Pao|Sacred Sword|p1a: Urshifu\n|-damage|p1a: Urshifu|7\/100\n|-damage|p2a: Chien-Pao|81\/100|[from] item: Life Orb\n|move|p2b: Zamazenta|Body Press|p1a: Urshifu\n|-damage|p1a: Urshifu|0 fnt\n|faint|p1a: Urshifu\n|\n|win|RustyChair13\n|raw|atsikanu~'s rating: 1580 &rarr; <strong>1565<\/strong><br \/>(-15 for losing)\n|raw|RustyChair13's rating: 1661 &rarr; <strong>1676<\/strong><br \/>(+15 for winning)\n|c|\u2606atsikanu~|gg\n|l|\u2606RustyChair13\n|player|p2|\n|l|\u2606atsikanu~\n|player|p1|\n","uploadtime":1738429746,"views":9,"formatid":"gen9vgc2025regg","rating":1565,"private":0,"password":null}