{"id":"gen9vgc2025regg-2292993633","format":"[Gen 9] VGC 2025 Reg G","players":["Zyros Phade","avaddov"],"log":"|j|\u2606Zyros Phade\n|j|\u2606avaddov\n|t:|1738509851\n|gametype|doubles\n|player|p1|Zyros Phade|170|1711\n|player|p2|avaddov|cynthia-masters|1600\n|teamsize|p1|6\n|teamsize|p2|6\n|gen|9\n|tier|[Gen 9] VGC 2025 Reg G\n|rated|\n|rule|Species Clause: Limit one of each Pok\u00e9mon\n|rule|Item Clause: Limit 1 of each item\n|clearpoke\n|poke|p1|Urshifu-*, L50, F|\n|poke|p1|Kyogre, L50|\n|poke|p1|Iron Hands, L50|\n|poke|p1|Baxcalibur, L50, F|\n|poke|p1|Indeedee-F, L50, F|\n|poke|p1|Murkrow, L50, F|\n|poke|p2|Miraidon, L50|\n|poke|p2|Iron Bundle, L50|\n|poke|p2|Iron Hands, L50|\n|poke|p2|Farigiraf, L50, M|\n|poke|p2|Chi-Yu, L50|\n|poke|p2|Ursaluna-Bloodmoon, L50, M|\n|teampreview|4\n|inactive|Battle timer is ON: inactive players will automatically lose when time's up. (requested by Zyros Phade)\n|\n|t:|1738509872\n|start\n|switch|p1a: Indeedee|Indeedee-F, L50, F|100\/100\n|switch|p1b: Baxcalibur|Baxcalibur, L50, F|100\/100\n|switch|p2a: Agias|Miraidon, L50|100\/100\n|switch|p2b: Grifaffes|Farigiraf, L50, M|100\/100\n|-fieldstart|move: Electric Terrain|[from] ability: Hadron Engine|[of] p2a: Agias\n|-enditem|p2b: Grifaffes|Electric Seed\n|-boost|p2b: Grifaffes|def|1|[from] item: Electric Seed\n|-fieldstart|move: Psychic Terrain|[from] ability: Psychic Surge|[of] p1a: Indeedee\n|turn|1\n|\n|t:|1738509889\n|-terastallize|p1b: Baxcalibur|Poison\n|move|p1a: Indeedee|Helping Hand|p1b: Baxcalibur\n|-singleturn|p1b: Baxcalibur|Helping Hand|[of] p1a: Indeedee\n|move|p2a: Agias|Electro Drift|p1b: Baxcalibur\n|-damage|p1b: Baxcalibur|22\/100\n|move|p1b: Baxcalibur|Icicle Spear|p2a: Agias\n|-supereffective|p2a: Agias\n|-crit|p2a: Agias\n|-damage|p2a: Agias|47\/100\n|-supereffective|p2a: Agias\n|-damage|p2a: Agias|10\/100\n|-supereffective|p2a: Agias\n|-damage|p2a: Agias|0 fnt\n|faint|p2a: Agias\n|-hitcount|p2: Agias|3\n|move|p2b: Grifaffes|Trick Room|p2b: Grifaffes\n|-fieldstart|move: Trick Room|[of] p2b: Grifaffes\n|\n|upkeep\n|\n|t:|1738509897\n|switch|p2a: Desmond|Ursaluna-Bloodmoon, L50, M|100\/100\n|turn|2\n|\n|t:|1738509901\n|-terastallize|p2a: Desmond|Normal\n|move|p2b: Grifaffes|Helping Hand|p2a: Desmond\n|-singleturn|p2a: Desmond|Helping Hand|[of] p2b: Grifaffes\n|move|p1a: Indeedee|Protect|p1a: Indeedee\n|-singleturn|p1a: Indeedee|Protect\n|move|p1b: Baxcalibur|Protect|p1b: Baxcalibur\n|-singleturn|p1b: Baxcalibur|Protect\n|move|p2a: Desmond|Hyper Voice|p1a: Indeedee|[spread] \n|-activate|p1a: Indeedee|move: Protect\n|-activate|p1b: Baxcalibur|move: Protect\n|\n|upkeep\n|turn|3\n|\n|t:|1738509912\n|switch|p1b: Murkrow|Murkrow, L50, F|100\/100\n|move|p2b: Grifaffes|Helping Hand|p2a: Desmond\n|-singleturn|p2a: Desmond|Helping Hand|[of] p2b: Grifaffes\n|move|p2a: Desmond|Hyper Voice|p1b: Murkrow|[spread] p1a,p1b\n|-damage|p1a: Indeedee|3\/100\n|-enditem|p1b: Murkrow|Focus Sash\n|-damage|p1b: Murkrow|1\/100\n|-damage|p2a: Desmond|91\/100|[from] item: Life Orb\n|move|p1a: Indeedee|Trick Room|p1a: Indeedee\n|-fieldend|move: Trick Room\n|\n|upkeep\n|turn|4\n|inactive|Zyros Phade has 30 seconds left.\n|\n|t:|1738509941\n|switch|p1b: Kyogre|Kyogre, L50, shiny|100\/100\n|-weather|RainDance|[from] ability: Drizzle|[of] p1b: Kyogre\n|move|p2a: Desmond|Hyper Voice|p1a: Indeedee|[spread] p1a,p1b\n|-damage|p1a: Indeedee|0 fnt\n|-damage|p1b: Kyogre|55\/100\n|faint|p1a: Indeedee\n|-damage|p2a: Desmond|81\/100|[from] item: Life Orb\n|move|p2b: Grifaffes|Trick Room|p2b: Grifaffes\n|-fieldstart|move: Trick Room|[of] p2b: Grifaffes\n|\n|-weather|RainDance|[upkeep]\n|upkeep\n|\n|t:|1738509948\n|switch|p1a: Baxcalibur|Baxcalibur, L50, F, tera:Poison|22\/100\n|turn|5\n|\n|t:|1738509971\n|move|p2b: Grifaffes|Helping Hand|p2a: Desmond\n|-singleturn|p2a: Desmond|Helping Hand|[of] p2b: Grifaffes\n|move|p2a: Desmond|Hyper Voice|p1a: Baxcalibur|[spread] p1a,p1b\n|-damage|p1a: Baxcalibur|0 fnt\n|-damage|p1b: Kyogre|0 fnt\n|faint|p1a: Baxcalibur\n|faint|p1b: Kyogre\n|-damage|p2a: Desmond|72\/100|[from] item: Life Orb\n|\n|-weather|RainDance|[upkeep]\n|-fieldend|move: Psychic Terrain\n|upkeep\n|-message|Zyros Phade forfeited.\n|\n|win|avaddov\n|raw|Zyros Phade's rating: 1711 &rarr; <strong>1685<\/strong><br \/>(-26 for losing)\n|raw|avaddov's rating: 1600 &rarr; <strong>1626<\/strong><br \/>(+26 for winning)\n|l|\u2606Zyros Phade\n|player|p1|\n","uploadtime":1738510178,"views":9,"formatid":"gen9vgc2025regg","rating":1626,"private":0,"password":null}