{"id":"gen9vgc2025regg-2292277998","format":"[Gen 9] VGC 2025 Reg G","players":["Prometheus756","Freshveggies2"],"log":"|j|\u2606Prometheus756\n|j|\u2606Freshveggies2\n|t:|1738391064\n|gametype|doubles\n|player|p1|Prometheus756|gentleman-gen4dp|1532\n|player|p2|Freshveggies2|170|1666\n|teamsize|p1|6\n|teamsize|p2|6\n|gen|9\n|tier|[Gen 9] VGC 2025 Reg G\n|rated|\n|rule|Species Clause: Limit one of each Pok\u00e9mon\n|rule|Item Clause: Limit 1 of each item\n|clearpoke\n|poke|p1|Regieleki, L50|\n|poke|p1|Regidrago, L50|\n|poke|p1|Tornadus, L50, M|\n|poke|p1|Miraidon, L50|\n|poke|p1|Chien-Pao, L50|\n|poke|p1|Urshifu-*, L50, M|\n|poke|p2|Koraidon, L50|\n|poke|p2|Umbreon, L50, F|\n|poke|p2|Raging Bolt, L50|\n|poke|p2|Flutter Mane, L50|\n|poke|p2|Ogerpon-Cornerstone, L50, F|\n|poke|p2|Entei, L50|\n|teampreview|4\n|inactive|Battle timer is ON: inactive players will automatically lose when time's up. (requested by Prometheus756)\n|j| CoronaVirus125884\n|j| Dionysus17\n|inactive|Prometheus756 has 60 seconds left.\n|\n|t:|1738391107\n|start\n|switch|p1a: Tornadus|Tornadus, L50, M|100\/100\n|switch|p1b: Miraidon|Miraidon, L50|100\/100\n|switch|p2a: Koraidon|Koraidon, L50|100\/100\n|switch|p2b: Flutter Mane|Flutter Mane, L50|100\/100\n|-weather|SunnyDay|[from] ability: Orichalcum Pulse|[of] p2a: Koraidon\n|-activate|p2b: Flutter Mane|ability: Protosynthesis\n|-start|p2b: Flutter Mane|protosynthesisspe\n|-activate|p2a: Koraidon|Orichalcum Pulse|[source]\n|-fieldstart|move: Electric Terrain|[from] ability: Hadron Engine|[of] p1b: Miraidon\n|turn|1\n|\n|t:|1738391131\n|switch|p2a: Raging Bolt|Raging Bolt, L50|100\/100\n|-activate|p2a: Raging Bolt|ability: Protosynthesis\n|-start|p2a: Raging Bolt|protosynthesisspa\n|-terastallize|p1b: Miraidon|Fairy\n|move|p1a: Tornadus|Tailwind|p1a: Tornadus\n|-sidestart|p1: Prometheus756|move: Tailwind\n|move|p1b: Miraidon|Electro Drift|p2b: Flutter Mane\n|-enditem|p2b: Flutter Mane|Focus Sash\n|-damage|p2b: Flutter Mane|1\/100\n|-damage|p1b: Miraidon|91\/100|[from] item: Life Orb\n|move|p2b: Flutter Mane|Icy Wind|p1a: Tornadus|[spread] p1a,p1b\n|-supereffective|p1a: Tornadus\n|-damage|p1a: Tornadus|56\/100\n|-damage|p1b: Miraidon|78\/100\n|-unboost|p1b: Miraidon|spe|1\n|\n|-weather|SunnyDay|[upkeep]\n|upkeep\n|turn|2\n|inactive|Freshveggies2 has 30 seconds left.\n|\n|t:|1738391165\n|move|p2b: Flutter Mane|Protect|p2b: Flutter Mane\n|-singleturn|p2b: Flutter Mane|Protect\n|move|p1a: Tornadus|Icy Wind|p2a: Raging Bolt|[spread] p2a\n|-activate|p2b: Flutter Mane|move: Protect\n|-supereffective|p2a: Raging Bolt\n|-damage|p2a: Raging Bolt|82\/100\n|-unboost|p2a: Raging Bolt|spe|1\n|move|p1b: Miraidon|Draco Meteor|p2a: Raging Bolt\n|-supereffective|p2a: Raging Bolt\n|-damage|p2a: Raging Bolt|0 fnt\n|-unboost|p1b: Miraidon|spa|2\n|faint|p2a: Raging Bolt\n|-end|p2a: Raging Bolt|Protosynthesis|[silent]\n|-damage|p1b: Miraidon|68\/100|[from] item: Life Orb\n|\n|-weather|SunnyDay|[upkeep]\n|upkeep\n|\n|t:|1738391183\n|switch|p2a: Entei|Entei, L50|100\/100\n|turn|3\n|\n|t:|1738391201\n|-terastallize|p2a: Entei|Normal\n|move|p2a: Entei|Extreme Speed|p1a: Tornadus\n|-damage|p1a: Tornadus|0 fnt\n|faint|p1a: Tornadus\n|move|p2b: Flutter Mane|Moonblast|p1b: Miraidon\n|-crit|p1b: Miraidon\n|-damage|p1b: Miraidon|3\/100\n|move|p1b: Miraidon|Volt Switch|p2a: Entei\n|-damage|p2a: Entei|47\/100\n|-damage|p1b: Miraidon|0 fnt|[from] item: Life Orb\n|faint|p1b: Miraidon\n|\n|-weather|SunnyDay|[upkeep]\n|upkeep\n|\n|t:|1738391209\n|switch|p1b: Chien-Pao|Chien-Pao, L50|100\/100\n|switch|p1a: Urshifu|Urshifu, L50, M|100\/100\n|-ability|p1b: Chien-Pao|Sword of Ruin\n|turn|4\n|inactive|Prometheus756 has 30 seconds left.\n|\n|t:|1738391241\n|-end|p2b: Flutter Mane|Protosynthesis|[silent]\n|switch|p2b: Koraidon|Koraidon, L50|100\/100\n|-activate|p2b: Koraidon|ability: Orichalcum Pulse\n|move|p2a: Entei|Extreme Speed|p1b: Chien-Pao\n|-damage|p1b: Chien-Pao|21\/100\n|move|p1b: Chien-Pao|Icicle Crash|p2b: Koraidon\n|-supereffective|p2b: Koraidon\n|-damage|p2b: Koraidon|0 fnt\n|faint|p2b: Koraidon\n|move|p1a: Urshifu|Close Combat|p2a: Entei\n|-supereffective|p2a: Entei\n|-damage|p2a: Entei|0 fnt\n|-unboost|p1a: Urshifu|def|1\n|-unboost|p1a: Urshifu|spd|1\n|faint|p2a: Entei\n|\n|-weather|SunnyDay|[upkeep]\n|-sideend|p1: Prometheus756|move: Tailwind\n|upkeep\n|\n|t:|1738391251\n|switch|p2b: Flutter Mane|Flutter Mane, L50|1\/100\n|-activate|p2b: Flutter Mane|ability: Protosynthesis\n|-start|p2b: Flutter Mane|protosynthesisspe\n|turn|5\n|j| summerdog\n|\n|t:|1738391261\n|move|p1b: Chien-Pao|Sucker Punch|p2b: Flutter Mane\n|-crit|p2b: Flutter Mane\n|-damage|p2b: Flutter Mane|0 fnt\n|faint|p2b: Flutter Mane\n|-end|p2b: Flutter Mane|Protosynthesis|[silent]\n|\n|win|Prometheus756\n|raw|Prometheus756's rating: 1532 &rarr; <strong>1559<\/strong><br \/>(+27 for winning)\n|raw|Freshveggies2's rating: 1666 &rarr; <strong>1639<\/strong><br \/>(-27 for losing)\n|c|\u2606Prometheus756|Gg\n|c|\u2606Freshveggies2|gg\n|l|\u2606Freshveggies2\n|player|p2|\n|l|\u2606Prometheus756\n|player|p1|\n|l| Dionysus17\n|l| summerdog\n","uploadtime":1738391530,"views":5,"formatid":"gen9vgc2025regg","rating":1559,"private":0,"password":null}