{"id":"gen9vgc2025regg-2292455873","format":"[Gen 9] VGC 2025 Reg G","players":["infinitygroudon","snipedrone"],"log":"|j|\u2606infinitygroudon\n|j|\u2606snipedrone\n|t:|1738425712\n|gametype|doubles\n|player|p1|infinitygroudon|266|1521\n|player|p2|snipedrone|1|1659\n|teamsize|p1|6\n|teamsize|p2|6\n|gen|9\n|tier|[Gen 9] VGC 2025 Reg G\n|rated|\n|rule|Species Clause: Limit one of each Pok\u00e9mon\n|rule|Item Clause: Limit 1 of each item\n|clearpoke\n|poke|p1|Terapagos, L50, M|\n|poke|p1|Clefairy, L50, F|\n|poke|p1|Rillaboom, L50, F|\n|poke|p1|Skeledirge, L50, M|\n|poke|p1|Urshifu-*, L50, M|\n|poke|p1|Chien-Pao, L50|\n|poke|p2|Groudon, L50|\n|poke|p2|Jumpluff, L50, M|\n|poke|p2|Flutter Mane, L50|\n|poke|p2|Raging Bolt, L50|\n|poke|p2|Raichu, L50, M|\n|poke|p2|Urshifu-*, L50, M|\n|teampreview|4\n|\n|t:|1738425741\n|start\n|switch|p1a: Presto|Chien-Pao, L50|100\/100\n|switch|p1b: Perrine|Terapagos, L50, M|100\/100\n|switch|p2a: Groudon|Groudon, L50, shiny|100\/100\n|switch|p2b: Jumpluff|Jumpluff, L50, M, shiny|100\/100\n|-activate|p1b: Perrine|ability: Tera Shift\n|detailschange|p1b: Perrine|Terapagos-Terastal, L50, M\n|-heal|p1b: Perrine|100\/100|[silent]\n|-ability|p1a: Presto|Sword of Ruin\n|-weather|SunnyDay|[from] ability: Drought|[of] p2a: Groudon\n|turn|1\n|\n|t:|1738425758\n|-terastallize|p1b: Perrine|Stellar\n|detailschange|p1b: Perrine|Terapagos-Stellar, L50, M, tera:Stellar\n|-heal|p1b: Perrine|100\/100|[silent]\n|-ability|p1b: Perrine|Teraform Zero\n|-weather|none\n|move|p1a: Presto|Ice Spinner|p2b: Jumpluff\n|-supereffective|p2b: Jumpluff\n|-damage|p2b: Jumpluff|0 fnt\n|faint|p2b: Jumpluff\n|move|p2a: Groudon|Eruption|p1a: Presto|[spread] p1a,p1b\n|-supereffective|p1a: Presto\n|-crit|p1b: Perrine\n|-enditem|p1a: Presto|Focus Sash\n|-damage|p1a: Presto|1\/100\n|-damage|p1b: Perrine|54\/100\n|move|p1b: Perrine|Calm Mind|p1b: Perrine\n|-boost|p1b: Perrine|spa|1\n|-boost|p1b: Perrine|spd|1\n|\n|-heal|p1b: Perrine|60\/100|[from] item: Leftovers\n|upkeep\n|\n|t:|1738425764\n|switch|p2b: Flutter Mane|Flutter Mane, L50, shiny|100\/100\n|turn|2\n|\n|t:|1738425783\n|switch|p2a: Raging Bolt|Raging Bolt, L50|100\/100\n|move|p1a: Presto|Protect|p1a: Presto\n|-singleturn|p1a: Presto|Protect\n|move|p2b: Flutter Mane|Icy Wind|p1a: Presto|[spread] p1b\n|-activate|p1a: Presto|move: Protect\n|-damage|p1b: Perrine|54\/100\n|-unboost|p1b: Perrine|spe|1\n|move|p1b: Perrine|Tera Starstorm|p2b: Flutter Mane|[spread] p2a,p2b\n|-damage|p2a: Raging Bolt|49\/100\n|-damage|p2b: Flutter Mane|50\/100\n|\n|-heal|p1b: Perrine|60\/100|[from] item: Leftovers\n|upkeep\n|turn|3\n|\n|t:|1738425797\n|switch|p1a: Ernesto|Skeledirge, L50, M|100\/100\n|move|p2b: Flutter Mane|Protect|p2b: Flutter Mane\n|-singleturn|p2b: Flutter Mane|Protect\n|move|p2a: Raging Bolt|Thunderclap||[still]\n|-fail|p2a: Raging Bolt\n|move|p1b: Perrine|Tera Starstorm|p2a: Raging Bolt|[spread] p2a\n|-activate|p2b: Flutter Mane|move: Protect\n|-damage|p2a: Raging Bolt|0 fnt\n|faint|p2a: Raging Bolt\n|-end|p2a: Raging Bolt|Protosynthesis|[silent]\n|\n|-heal|p1b: Perrine|67\/100|[from] item: Leftovers\n|upkeep\n|\n|t:|1738425799\n|switch|p2a: Groudon|Groudon, L50, shiny|100\/100\n|-weather|SunnyDay|[from] ability: Drought|[of] p2a: Groudon\n|-activate|p2b: Flutter Mane|ability: Protosynthesis\n|-start|p2b: Flutter Mane|protosynthesisspe\n|turn|4\n|\n|t:|1738425810\n|-terastallize|p2a: Groudon|Fire\n|move|p1b: Perrine|Protect|p1b: Perrine\n|-singleturn|p1b: Perrine|Protect\n|move|p2b: Flutter Mane|Icy Wind|p1a: Ernesto|[spread] p1a\n|-activate|p1b: Perrine|move: Protect\n|-resisted|p1a: Ernesto\n|-damage|p1a: Ernesto|94\/100\n|-unboost|p1a: Ernesto|spe|1\n|move|p2a: Groudon|Eruption|p1b: Perrine|[spread] p1a\n|-activate|p1b: Perrine|move: Protect\n|-resisted|p1a: Ernesto\n|-damage|p1a: Ernesto|46\/100\n|move|p1a: Ernesto|Yawn|p2a: Groudon\n|-start|p2a: Groudon|move: Yawn|[of] p1a: Ernesto\n|\n|-weather|SunnyDay|[upkeep]\n|-heal|p1b: Perrine|73\/100|[from] item: Leftovers\n|upkeep\n|turn|5\n|j| Prometheus756\n|\n|t:|1738425826\n|move|p2b: Flutter Mane|Moonblast|p1b: Perrine\n|-damage|p1b: Perrine|54\/100\n|move|p2a: Groudon|Eruption|p1b: Perrine|[spread] p1a,p1b\n|-resisted|p1a: Ernesto\n|-damage|p1a: Ernesto|0 fnt\n|-damage|p1b: Perrine|12\/100\n|faint|p1a: Ernesto\n|move|p1b: Perrine|Tera Starstorm|p2b: Flutter Mane|[spread] p2a,p2b\n|-supereffective|p2a: Groudon\n|-damage|p2a: Groudon|0 fnt\n|-damage|p2b: Flutter Mane|0 fnt\n|faint|p2a: Groudon\n|faint|p2b: Flutter Mane\n|-end|p2b: Flutter Mane|Protosynthesis|[silent]\n|\n|win|infinitygroudon\n|raw|infinitygroudon's rating: 1521 &rarr; <strong>1549<\/strong><br \/>(+28 for winning)\n|raw|snipedrone's rating: 1659 &rarr; <strong>1631<\/strong><br \/>(-28 for losing)\n|l|\u2606snipedrone\n|player|p2|\n|l|\u2606infinitygroudon\n|player|p1|\n|l| Prometheus756\n","uploadtime":1738426014,"views":8,"formatid":"gen9vgc2025regg","rating":1549,"private":0,"password":null}