{"id":"gen9vgc2025regg-2292439087","format":"[Gen 9] VGC 2025 Reg G","players":["chin8","GubbsVGC"],"log":"|j|\u2606chin8\n|j|\u2606GubbsVGC\n|t:|1738423370\n|gametype|doubles\n|player|p1|chin8|gentleman-gen4dp|1630\n|player|p2|GubbsVGC|265|1524\n|teamsize|p1|6\n|teamsize|p2|6\n|gen|9\n|tier|[Gen 9] VGC 2025 Reg G\n|rated|\n|rule|Species Clause: Limit one of each Pok\u00e9mon\n|rule|Item Clause: Limit 1 of each item\n|clearpoke\n|poke|p1|Calyrex-Shadow, L50|\n|poke|p1|Incineroar, L50, F|\n|poke|p1|Rillaboom, L50, M|\n|poke|p1|Gastrodon-East, L50, M|\n|poke|p1|Hitmonchan, L50, M|\n|poke|p1|Tropius, L50, F|\n|poke|p2|Raichu, L50, M|\n|poke|p2|Moltres-Galar, L50|\n|poke|p2|Politoed, L50, M|\n|poke|p2|Zamazenta-*, L50|\n|poke|p2|Cresselia, L50, F|\n|poke|p2|Sinistcha, L50|\n|teampreview|4\n|inactive|Battle timer is ON: inactive players will automatically lose when time's up. (requested by chin8)\n|\n|t:|1738423417\n|start\n|switch|p1a: Tropius|Tropius, L50, F|100\/100\n|switch|p1b: Hitmonchan|Hitmonchan, L50, M|100\/100\n|switch|p2a: Raichu|Raichu, L50, M|100\/100\n|switch|p2b: Zamazenta|Zamazenta-Crowned, L50|100\/100\n|-ability|p2b: Zamazenta|Dauntless Shield|boost\n|-boost|p2b: Zamazenta|def|1\n|turn|1\n|j| Killer mm\n|inactive|chin8 has 30 seconds left.\n|inactive|chin8 has 20 seconds left.\n|inactive|chin8 has 15 seconds left.\n|inactive|chin8 has 10 seconds left.\n|inactive|chin8 has 5 seconds left.\n|\n|t:|1738423468\n|move|p2a: Raichu|Fake Out|p1a: Tropius\n|-damage|p1a: Tropius|93\/100\n|move|p1b: Hitmonchan|Fake Out|p2a: Raichu\n|-damage|p2a: Raichu|81\/100\n|move|p2b: Zamazenta|Body Press|p1b: Hitmonchan\n|-enditem|p1b: Hitmonchan|Focus Sash\n|-damage|p1b: Hitmonchan|1\/100\n|cant|p1a: Tropius|flinch\n|\n|upkeep\n|turn|2\n|\n|t:|1738423487\n|move|p2a: Raichu|Volt Switch|p1a: Tropius\n|-damage|p1a: Tropius|78\/100\n|\n|t:|1738423491\n|switch|p2a: Moltres|Moltres-Galar, L50|100\/100|[from] Volt Switch\n|move|p2b: Zamazenta|Behemoth Bash|p1b: Hitmonchan\n|-damage|p1b: Hitmonchan|0 fnt\n|faint|p1b: Hitmonchan\n|move|p1a: Tropius|Leech Seed|p2b: Zamazenta\n|-start|p2b: Zamazenta|move: Leech Seed\n|\n|-damage|p2b: Zamazenta|88\/100|[from] Leech Seed|[of] p1a: Tropius\n|-heal|p1a: Tropius|89\/100|[silent]\n|upkeep\n|\n|t:|1738423497\n|switch|p1b: Incineroar|Incineroar, L50, F|100\/100\n|-ability|p1b: Incineroar|Intimidate|boost\n|-unboost|p2a: Moltres|atk|1\n|-unboost|p2b: Zamazenta|atk|1\n|turn|3\n|\n|t:|1738423517\n|switch|p1b: Calyrex|Calyrex-Shadow, L50|100\/100\n|-ability|p1b: Calyrex|As One\n|-ability|p1b: Calyrex|Unnerve\n|move|p2b: Zamazenta|Body Press|p1b: Calyrex\n|-immune|p1b: Calyrex\n|move|p2a: Moltres|Hurricane|p1a: Tropius|[miss]\n|-miss|p2a: Moltres|p1a: Tropius\n|move|p1a: Tropius|Substitute|p1a: Tropius\n|-start|p1a: Tropius|Substitute\n|-damage|p1a: Tropius|64\/100\n|\n|-damage|p2b: Zamazenta|76\/100|[from] Leech Seed|[of] p1a: Tropius\n|-heal|p1a: Tropius|75\/100|[silent]\n|upkeep\n|turn|4\n|inactive|GubbsVGC has 30 seconds left.\n|\n|t:|1738423542\n|switch|p2b: Raichu|Raichu, L50, M|81\/100\n|move|p1b: Calyrex|Protect|p1b: Calyrex\n|-singleturn|p1b: Calyrex|Protect\n|move|p2a: Moltres|Protect|p2a: Moltres\n|-singleturn|p2a: Moltres|Protect\n|move|p1a: Tropius|Leech Seed|p2a: Moltres\n|-activate|p2a: Moltres|move: Protect\n|\n|upkeep\n|turn|5\n|inactive|chin8 has 30 seconds left.\n|inactive|chin8 has 20 seconds left.\n|\n|t:|1738423578\n|-terastallize|p1b: Calyrex|Fairy\n|move|p2b: Raichu|Fake Out|p1b: Calyrex\n|-damage|p1b: Calyrex|93\/100\n|cant|p1b: Calyrex|flinch\n|move|p2a: Moltres|Fiery Wrath|p1a: Tropius|[spread] p1a,p1b\n|-activate|p1a: Tropius|move: Substitute|[damage]\n|-resisted|p1b: Calyrex\n|-damage|p1b: Calyrex|79\/100\n|move|p1a: Tropius|Leech Seed|p2a: Moltres\n|-start|p2a: Moltres|move: Leech Seed\n|\n|-damage|p2a: Moltres|88\/100|[from] Leech Seed|[of] p1a: Tropius\n|-heal|p1a: Tropius|86\/100|[silent]\n|upkeep\n|turn|6\n|\n|t:|1738423599\n|move|p1b: Calyrex|Calm Mind|p1b: Calyrex\n|-boost|p1b: Calyrex|spa|1\n|-boost|p1b: Calyrex|spd|1\n|move|p2b: Raichu|Nuzzle|p1b: Calyrex\n|-damage|p1b: Calyrex|73\/100\n|-status|p1b: Calyrex|par\n|move|p2a: Moltres|Hurricane|p1a: Tropius\n|-supereffective|p1a: Tropius\n|-end|p1a: Tropius|Substitute\n|move|p1a: Tropius|Leech Seed|p2b: Raichu\n|-start|p2b: Raichu|move: Leech Seed\n|\n|-damage|p2b: Raichu|69\/100|[from] Leech Seed|[of] p1a: Tropius\n|-heal|p1a: Tropius|96\/100|[silent]\n|-damage|p2a: Moltres|76\/100|[from] Leech Seed|[of] p1a: Tropius\n|-heal|p1a: Tropius|100\/100|[silent]\n|upkeep\n|turn|7\n|inactive|chin8 has 30 seconds left.\n|inactive|GubbsVGC has 30 seconds left.\n|inactive|GubbsVGC has 20 seconds left.\n|\n|t:|1738423638\n|switch|p2b: Zamazenta|Zamazenta-Crowned, L50|76\/100\n|move|p2a: Moltres|Hurricane|p1a: Tropius\n|-supereffective|p1a: Tropius\n|-damage|p1a: Tropius|34\/100\n|-enditem|p1a: Tropius|Sitrus Berry|[eat]\n|-heal|p1a: Tropius|58\/100|[from] item: Sitrus Berry\n|move|p1b: Calyrex|Draining Kiss|p2b: Zamazenta\n|-damage|p2b: Zamazenta|37\/100\n|-heal|p1b: Calyrex|100\/100 par|[from] drain|[of] p2b: Zamazenta\n|move|p1a: Tropius|Substitute|p1a: Tropius\n|-start|p1a: Tropius|Substitute\n|-damage|p1a: Tropius|34\/100\n|\n|-damage|p2a: Moltres|64\/100|[from] Leech Seed|[of] p1a: Tropius\n|-heal|p1a: Tropius|45\/100|[silent]\n|-item|p1a: Tropius|Sitrus Berry|[from] ability: Harvest\n|upkeep\n|-enditem|p1a: Tropius|Sitrus Berry|[eat]\n|-heal|p1a: Tropius|70\/100|[from] item: Sitrus Berry\n|turn|8\n|inactive|GubbsVGC has 30 seconds left.\n|inactive|GubbsVGC has 20 seconds left.\n|\n|t:|1738423674\n|switch|p2a: Sinistcha|Sinistcha, L50|100\/100\n|-heal|p2b: Zamazenta|62\/100|[from] ability: Hospitality|[of] p2a: Sinistcha\n|switch|p1b: Incineroar|Incineroar, L50, F|100\/100\n|-ability|p1b: Incineroar|Intimidate|boost\n|-unboost|p2a: Sinistcha|atk|1\n|-unboost|p2b: Zamazenta|atk|1\n|move|p2b: Zamazenta|Protect|p2b: Zamazenta\n|-singleturn|p2b: Zamazenta|Protect\n|move|p1a: Tropius|Leech Seed|p2b: Zamazenta\n|-activate|p2b: Zamazenta|move: Protect\n|\n|upkeep\n|turn|9\n|inactive|GubbsVGC has 30 seconds left.\n|inactive|GubbsVGC has 20 seconds left.\n|inactive|GubbsVGC has 15 seconds left.\n|\n|t:|1738423717\n|switch|p2b: Raichu|Raichu, L50, M|69\/100\n|switch|p2a: Moltres|Moltres-Galar, L50|64\/100\n|move|p1b: Incineroar|Fake Out|p2b: Raichu\n|-damage|p2b: Raichu|50\/100\n|move|p1a: Tropius|Leech Seed|p2b: Raichu|[miss]\n|-miss|p1a: Tropius|p2b: Raichu\n|\n|-item|p1a: Tropius|Sitrus Berry|[from] ability: Harvest\n|upkeep\n|turn|10\n|inactive|GubbsVGC has 30 seconds left.\n|\n|t:|1738423745\n|switch|p1b: Calyrex|Calyrex-Shadow, L50, tera:Fairy|100\/100 par\n|-ability|p1b: Calyrex|As One\n|-ability|p1b: Calyrex|Unnerve\n|move|p2b: Raichu|Endeavor|p1b: Calyrex\n|-damage|p1b: Calyrex|44\/100 par\n|move|p2a: Moltres|Hurricane|p1a: Tropius\n|-supereffective|p1a: Tropius\n|-end|p1a: Tropius|Substitute\n|move|p1a: Tropius|Leech Seed|p2a: Moltres\n|-start|p2a: Moltres|move: Leech Seed\n|\n|-damage|p2a: Moltres|52\/100|[from] Leech Seed|[of] p1a: Tropius\n|-heal|p1a: Tropius|82\/100|[silent]\n|upkeep\n|turn|11\n|inactive|GubbsVGC has 30 seconds left.\n|\n|t:|1738423776\n|move|p2b: Raichu|Nuzzle|p1a: Tropius\n|-damage|p1a: Tropius|76\/100\n|-status|p1a: Tropius|par\n|move|p2a: Moltres|Hurricane|p1a: Tropius\n|-supereffective|p1a: Tropius\n|-damage|p1a: Tropius|11\/100 par\n|-start|p1a: Tropius|confusion\n|-enditem|p1a: Tropius|Sitrus Berry|[eat]\n|-heal|p1a: Tropius|35\/100 par|[from] item: Sitrus Berry\n|move|p1b: Calyrex|Draining Kiss|p2b: Raichu\n|-damage|p2b: Raichu|20\/100\n|-heal|p1b: Calyrex|64\/100 par|[from] drain|[of] p2b: Raichu\n|-activate|p1a: Tropius|confusion\n|move|p1a: Tropius|Substitute|p1a: Tropius\n|-start|p1a: Tropius|Substitute\n|-damage|p1a: Tropius|11\/100 par\n|\n|-damage|p2a: Moltres|40\/100|[from] Leech Seed|[of] p1a: Tropius\n|-heal|p1a: Tropius|22\/100 par|[silent]\n|upkeep\n|turn|12\n|inactive|GubbsVGC has 30 seconds left.\n|inactive|GubbsVGC has 20 seconds left.\n|\n|t:|1738423812\n|switch|p2a: Zamazenta|Zamazenta-Crowned, L50|62\/100\n|move|p2b: Raichu|Endeavor|p1b: Calyrex\n|-damage|p1b: Calyrex|18\/100 par\n|move|p1b: Calyrex|Draining Kiss|p2a: Zamazenta\n|-damage|p2a: Zamazenta|36\/100\n|-heal|p1b: Calyrex|36\/100 par|[from] drain|[of] p2a: Zamazenta\n|-end|p1a: Tropius|confusion\n|move|p1a: Tropius|Leech Seed|p2b: Raichu\n|-start|p2b: Raichu|move: Leech Seed\n|\n|-damage|p2b: Raichu|8\/100|[from] Leech Seed|[of] p1a: Tropius\n|-heal|p1a: Tropius|32\/100 par|[silent]\n|upkeep\n|turn|13\n|inactive|chin8 has 30 seconds left.\n|\n|t:|1738423840\n|move|p2b: Raichu|Volt Switch|p1a: Tropius\n|-activate|p1a: Tropius|move: Substitute|[damage]\n|l| Killer mm\n|\n|t:|1738423843\n|switch|p2b: Sinistcha|Sinistcha, L50|100\/100|[from] Volt Switch\n|-heal|p2a: Zamazenta|61\/100|[from] ability: Hospitality|[of] p2b: Sinistcha\n|move|p2a: Zamazenta|Behemoth Bash|p1b: Calyrex\n|-supereffective|p1b: Calyrex\n|-damage|p1b: Calyrex|0 fnt\n|faint|p1b: Calyrex\n|cant|p1a: Tropius|par\n|\n|-item|p1a: Tropius|Sitrus Berry|[from] ability: Harvest\n|upkeep\n|-enditem|p1a: Tropius|Sitrus Berry|[eat]\n|-heal|p1a: Tropius|57\/100 par|[from] item: Sitrus Berry\n|-message|chin8 forfeited.\n|\n|win|GubbsVGC\n|raw|chin8's rating: 1630 &rarr; <strong>1604<\/strong><br \/>(-26 for losing)\n|raw|GubbsVGC's rating: 1524 &rarr; <strong>1550<\/strong><br \/>(+26 for winning)\n|l|\u2606chin8\n|player|p1|\n|l|\u2606GubbsVGC\n|player|p2|\n","uploadtime":1738424078,"views":15,"formatid":"gen9vgc2025regg","rating":1550,"private":0,"password":null}