{"id":"gen9vgc2025regg-2292517914","format":"[Gen 9] VGC 2025 Reg G","players":["Hanou143","TheGreatDondozo"],"log":"|j|\u2606Hanou143\n|j|\u203dTheGreatDondozo\n|t:|1738433744\n|gametype|doubles\n|player|p1|Hanou143|1|1649\n|player|p2|TheGreatDondozo|steven|1547\n|teamsize|p1|6\n|teamsize|p2|6\n|gen|9\n|tier|[Gen 9] VGC 2025 Reg G\n|rated|\n|rule|Species Clause: Limit one of each Pok\u00e9mon\n|rule|Item Clause: Limit 1 of each item\n|clearpoke\n|poke|p1|Calyrex-Shadow, L50|\n|poke|p1|Jigglypuff, L50, M|\n|poke|p1|Pelipper, L50, F|\n|poke|p1|Rillaboom, L50, F|\n|poke|p1|Incineroar, L50, M|\n|poke|p1|Urshifu-*, L50, M|\n|poke|p2|Incineroar, L50, M|\n|poke|p2|Landorus, L50, M|\n|poke|p2|Calyrex-Ice, L50|\n|poke|p2|Pelipper, L50, M|\n|poke|p2|Urshifu-*, L50, F|\n|poke|p2|Rillaboom, L50, M|\n|teampreview|4\n|inactive|Battle timer is ON: inactive players will automatically lose when time's up. (requested by TheGreatDondozo)\n|inactive|TheGreatDondozo has 60 seconds left.\n|\n|t:|1738433776\n|start\n|switch|p1a: Calyrex|Calyrex-Shadow, L50|100\/100\n|switch|p1b: Incineroar|Incineroar, L50, M|100\/100\n|switch|p2a: Urshifu|Urshifu-Rapid-Strike, L50, F|100\/100\n|switch|p2b: Calyrex|Calyrex-Ice, L50|100\/100\n|-ability|p1a: Calyrex|As One\n|-ability|p1a: Calyrex|Unnerve\n|-ability|p2b: Calyrex|As One\n|-ability|p2b: Calyrex|Unnerve\n|-ability|p1b: Incineroar|Intimidate|boost\n|-unboost|p2a: Urshifu|atk|1\n|-unboost|p2b: Calyrex|atk|1\n|turn|1\n|inactive|Hanou143 has 30 seconds left.\n|inactive|Hanou143 has 20 seconds left.\n|\n|t:|1738433812\n|switch|p2b: Pelipper|Pelipper, L50, M|100\/100\n|-weather|RainDance|[from] ability: Drizzle|[of] p2b: Pelipper\n|switch|p1b: Jigglypuff|Jigglypuff, L50, M|100\/100\n|-terastallize|p2a: Urshifu|Ghost\n|move|p2a: Urshifu|Surging Strikes|p1a: Calyrex\n|-crit|p1a: Calyrex\n|-damage|p1a: Calyrex|81\/100\n|-crit|p1a: Calyrex\n|-damage|p1a: Calyrex|62\/100\n|-crit|p1a: Calyrex\n|-damage|p1a: Calyrex|43\/100\n|-hitcount|p1a: Calyrex|3\n|move|p1a: Calyrex|Astral Barrage|p2b: Pelipper|[spread] p2a,p2b\n|-supereffective|p2a: Urshifu\n|-damage|p2a: Urshifu|0 fnt\n|-damage|p2b: Pelipper|20\/100\n|faint|p2a: Urshifu\n|-ability|p1a: Calyrex|Grim Neigh|boost\n|-boost|p1a: Calyrex|spa|1\n|\n|-weather|RainDance|[upkeep]\n|upkeep\n|\n|t:|1738433829\n|switch|p2a: Rillaboom|Rillaboom, L50, M|100\/100\n|-fieldstart|move: Grassy Terrain|[from] ability: Grassy Surge|[of] p2a: Rillaboom\n|turn|2\n|\n|t:|1738433845\n|-terastallize|p1a: Calyrex|Grass\n|move|p2b: Pelipper|Wide Guard|p2b: Pelipper\n|-singleturn|p2b: Pelipper|Wide Guard\n|move|p1a: Calyrex|Giga Drain|p2b: Pelipper\n|-damage|p2b: Pelipper|0 fnt\n|-heal|p1a: Calyrex|50\/100|[from] drain|[of] p2b: Pelipper\n|faint|p2b: Pelipper\n|-ability|p1a: Calyrex|Grim Neigh|boost\n|-boost|p1a: Calyrex|spa|1\n|move|p2a: Rillaboom|Drum Beating|p1a: Calyrex\n|-resisted|p1a: Calyrex\n|-damage|p1a: Calyrex|33\/100\n|move|p1b: Jigglypuff|Heal Pulse|p1a: Calyrex\n|-heal|p1a: Calyrex|84\/100\n|\n|-weather|RainDance|[upkeep]\n|-heal|p1a: Calyrex|89\/100|[from] Grassy Terrain\n|upkeep\n|\n|t:|1738433853\n|switch|p2b: Calyrex|Calyrex-Ice, L50|100\/100\n|-ability|p2b: Calyrex|As One\n|-ability|p2b: Calyrex|Unnerve\n|turn|3\n|\n|t:|1738433866\n|switch|p1b: Incineroar|Incineroar, L50, M|100\/100\n|-ability|p1b: Incineroar|Intimidate|boost\n|-unboost|p2a: Rillaboom|atk|1\n|-unboost|p2b: Calyrex|atk|1\n|move|p1a: Calyrex|Protect|p1a: Calyrex\n|-singleturn|p1a: Calyrex|Protect\n|move|p2a: Rillaboom|Drum Beating|p1b: Incineroar\n|-resisted|p1b: Incineroar\n|-damage|p1b: Incineroar|79\/100\n|-unboost|p1b: Incineroar|spe|1\n|move|p2b: Calyrex|Glacial Lance|p1b: Incineroar|[spread] p1b\n|-activate|p1a: Calyrex|move: Protect\n|-resisted|p1b: Incineroar\n|-damage|p1b: Incineroar|57\/100\n|\n|-weather|RainDance|[upkeep]\n|-heal|p1a: Calyrex|95\/100|[from] Grassy Terrain\n|-heal|p1b: Incineroar|62\/100|[from] Grassy Terrain\n|upkeep\n|turn|4\n|j| powerpuff eddy\n|\n|t:|1738433883\n|switch|p1b: Jigglypuff|Jigglypuff, L50, M|100\/100\n|move|p1a: Calyrex|Astral Barrage|p2a: Rillaboom|[spread] p2a,p2b\n|-supereffective|p2b: Calyrex\n|-damage|p2a: Rillaboom|8\/100\n|-damage|p2b: Calyrex|16\/100\n|move|p2a: Rillaboom|High Horsepower|p1b: Jigglypuff\n|-damage|p1b: Jigglypuff|80\/100\n|move|p2b: Calyrex|Glacial Lance|p1b: Jigglypuff|[spread] p1a,p1b\n|-supereffective|p1a: Calyrex\n|-damage|p1a: Calyrex|51\/100\n|-damage|p1b: Jigglypuff|42\/100\n|\n|-weather|RainDance|[upkeep]\n|-heal|p1a: Calyrex|57\/100|[from] Grassy Terrain\n|-heal|p2a: Rillaboom|14\/100|[from] Grassy Terrain\n|-heal|p2b: Calyrex|22\/100|[from] Grassy Terrain\n|-heal|p1b: Jigglypuff|48\/100|[from] Grassy Terrain\n|upkeep\n|turn|5\n|-message|TheGreatDondozo forfeited.\n|\n|win|Hanou143\n|raw|Hanou143's rating: 1649 &rarr; <strong>1663<\/strong><br \/>(+14 for winning)\n|raw|TheGreatDondozo's rating: 1547 &rarr; <strong>1533<\/strong><br \/>(-14 for losing)\n|l|\u203dTheGreatDondozo\n|player|p2|\n|l|\u2606Hanou143\n|player|p1|\n|l| powerpuff eddy\n","uploadtime":1738434128,"views":14,"formatid":"gen9vgc2025regg","rating":1533,"private":0,"password":null}