{"id":"gen9vgc2025regg-2292180530","format":"[Gen 9] VGC 2025 Reg G","players":["donteatfiber","infinitygroudon"],"log":"|j|\u2606donteatfiber\n|j|\u2606infinitygroudon\n|t:|1738375583\n|gametype|doubles\n|player|p1|donteatfiber|youngster-gen4|1583\n|player|p2|infinitygroudon|169|1582\n|teamsize|p1|6\n|teamsize|p2|6\n|gen|9\n|tier|[Gen 9] VGC 2025 Reg G\n|rated|\n|rule|Species Clause: Limit one of each Pok\u00e9mon\n|rule|Item Clause: Limit 1 of each item\n|clearpoke\n|poke|p1|Incineroar, L50, M|\n|poke|p1|Rillaboom, L50, F|\n|poke|p1|Calyrex-Ice, L50|\n|poke|p1|Urshifu-*, L50, M|\n|poke|p1|Pelipper, L50, M|\n|poke|p1|Amoonguss, L50, F|\n|poke|p2|Terapagos, L50, M|\n|poke|p2|Clefairy, L50, F|\n|poke|p2|Rillaboom, L50, F|\n|poke|p2|Skeledirge, L50, M|\n|poke|p2|Urshifu-*, L50, F|\n|poke|p2|Chien-Pao, L50|\n|teampreview|4\ndonteatfiber has agreed to open team sheets.\ninfinitygroudon has agreed to open team sheets.\n|showteam|p1|Incineroar||SafetyGoggles|Intimidate|KnockOff,WillOWisp,PartingShot,FakeOut|||M|||50|,,,,,Ghost]Rillaboom||AssaultVest|GrassySurge|WoodHammer,GrassyGlide,Uturn,FakeOut|||F|||50|,,,,,Normal]Calyrex-Ice||ClearAmulet|AsOneGlastrier|Protect,GlacialLance,HighHorsepower,TrickRoom||||||50|,,,,,Fire]Urshifu-Rapid-Strike||ChoiceScarf|UnseenFist|SurgingStrikes,CloseCombat,AquaJet,Uturn|||M|||50|,,,,,Water]Pelipper||FocusSash|Drizzle|Protect,Hurricane,WeatherBall,WideGuard|||M|||50|,,,,,Ghost]Amoonguss||SitrusBerry|Regenerator|Spore,RagePowder,PollenPuff,SludgeBomb|||F|||50|,,,,,Fairy\n|showteam|p2|Terapagos||Leftovers|TeraShift|TeraStarstorm,EarthPower,CalmMind,Protect|||M|||50|,,,,,Stellar]Clefairy||Eviolite|FriendGuard|LifeDew,FollowMe,HelpingHand,Protect|||F|||50|,,,,,Ghost]Rillaboom||AssaultVest|GrassySurge|FakeOut,GrassyGlide,WoodHammer,Uturn|||F|||50|,,,,,Fire]Skeledirge||ThroatSpray|Unaware|TorchSong,ShadowBall,Yawn,SlackOff|||M|||50|,,,,,Fairy]Urshifu||ChoiceBand|UnseenFist|CloseCombat,WickedBlow,Uturn,SuckerPunch|||F|||50|,,,,,Dark]Chien-Pao||FocusSash|SwordofRuin|SuckerPunch,IceSpinner,SacredSword,Protect||||||50|,,,,,Ice\n|\n|t:|1738375612\n|start\n|switch|p1a: Incineroar|Incineroar, L50, M, shiny|100\/100\n|switch|p1b: Amoonguss|Amoonguss, L50, F|100\/100\n|switch|p2a: Lion's Roar|Rillaboom, L50, F|100\/100\n|switch|p2b: Ram|Urshifu, L50, F|100\/100\n|-fieldstart|move: Grassy Terrain|[from] ability: Grassy Surge|[of] p2a: Lion's Roar\n|-ability|p1a: Incineroar|Intimidate|boost\n|-unboost|p2a: Lion's Roar|atk|1\n|-unboost|p2b: Ram|atk|1\n|turn|1\n|\n|t:|1738375632\n|-terastallize|p1a: Incineroar|Ghost\n|move|p2a: Lion's Roar|Fake Out|p1b: Amoonguss\n|-damage|p1b: Amoonguss|93\/100\n|move|p2b: Ram|Wicked Blow|p1b: Amoonguss\n|-crit|p1b: Amoonguss\n|-damage|p1b: Amoonguss|20\/100\n|-enditem|p1b: Amoonguss|Sitrus Berry|[eat]\n|-heal|p1b: Amoonguss|45\/100|[from] item: Sitrus Berry\n|move|p1a: Incineroar|Will-O-Wisp|p2b: Ram\n|-status|p2b: Ram|brn\n|cant|p1b: Amoonguss|flinch\n|\n|-heal|p1b: Amoonguss|51\/100|[from] Grassy Terrain\n|-damage|p2b: Ram|94\/100 brn|[from] brn\n|upkeep\n|turn|2\n|\n|t:|1738375648\n|-terastallize|p2b: Ram|Dark\n|move|p2b: Ram|Wicked Blow|p1b: Amoonguss\n|-crit|p1b: Amoonguss\n|-damage|p1b: Amoonguss|0 fnt\n|faint|p1b: Amoonguss\n|move|p2a: Lion's Roar|U-turn|p1a: Incineroar\n|-resisted|p1a: Incineroar\n|-damage|p1a: Incineroar|94\/100\n|\n|t:|1738375657\n|switch|p2a: Perrine|Terapagos, L50, M|100\/100|[from] U-turn\n|-activate|p2a: Perrine|ability: Tera Shift\n|detailschange|p2a: Perrine|Terapagos-Terastal, L50, M\n|-heal|p2a: Perrine|100\/100|[silent]\n|move|p1a: Incineroar|Knock Off|p2a: Perrine\n|-activate|p2a: Perrine|ability: Tera Shell\n|-resisted|p2a: Perrine\n|-damage|p2a: Perrine|85\/100\n|-enditem|p2a: Perrine|Leftovers|[from] move: Knock Off|[of] p1a: Incineroar\n|\n|-heal|p2b: Ram|100\/100 brn|[from] Grassy Terrain\n|-heal|p2a: Perrine|91\/100|[from] Grassy Terrain\n|-heal|p1a: Incineroar|99\/100|[from] Grassy Terrain\n|-damage|p2b: Ram|94\/100 brn|[from] brn\n|upkeep\n|\n|t:|1738375662\n|switch|p1b: Urshifu|Urshifu-Rapid-Strike, L50, M|100\/100\n|turn|3\n|\n|t:|1738375681\n|switch|p2b: Lion's Roar|Rillaboom, L50, F|100\/100\n|move|p1b: Urshifu|Close Combat|p2b: Lion's Roar\n|-damage|p2b: Lion's Roar|42\/100\n|-unboost|p1b: Urshifu|def|1\n|-unboost|p1b: Urshifu|spd|1\n|move|p2a: Perrine|Tera Starstorm|p1b: Urshifu\n|-damage|p1b: Urshifu|0 fnt\n|faint|p1b: Urshifu\n|move|p1a: Incineroar|Parting Shot|p2a: Perrine\n|-unboost|p2a: Perrine|atk|1\n|-unboost|p2a: Perrine|spa|1\n|\n|t:|1738375686\n|switch|p1a: Calyrex|Calyrex-Ice, L50|100\/100|[from] Parting Shot\n|-ability|p1a: Calyrex|As One\n|-ability|p1a: Calyrex|Unnerve\n|\n|-heal|p2a: Perrine|97\/100|[from] Grassy Terrain\n|-heal|p2b: Lion's Roar|48\/100|[from] Grassy Terrain\n|upkeep\n|\n|t:|1738375689\n|switch|p1b: Incineroar|Incineroar, L50, M, shiny, tera:Ghost|99\/100\n|-ability|p1b: Incineroar|Intimidate|boost\n|-unboost|p2a: Perrine|atk|1\n|-unboost|p2b: Lion's Roar|atk|1\n|turn|4\n|\n|t:|1738375706\n|switch|p2a: Ram|Urshifu, L50, F, tera:Dark|94\/100 brn\n|move|p2b: Lion's Roar|Fake Out|p1a: Calyrex\n|-damage|p1a: Calyrex|95\/100\n|move|p1b: Incineroar|Parting Shot|p2a: Ram\n|-unboost|p2a: Ram|atk|1\n|-unboost|p2a: Ram|spa|1\n|cant|p1a: Calyrex|flinch\n|\n|-heal|p2a: Ram|100\/100 brn|[from] Grassy Terrain\n|-heal|p2b: Lion's Roar|54\/100|[from] Grassy Terrain\n|-heal|p1b: Incineroar|100\/100|[from] Grassy Terrain\n|-heal|p1a: Calyrex|100\/100|[from] Grassy Terrain\n|-damage|p2a: Ram|94\/100 brn|[from] brn\n|upkeep\n|turn|5\n|\n|t:|1738375721\n|move|p2a: Ram|Wicked Blow|p1a: Calyrex\n|-supereffective|p1a: Calyrex\n|-crit|p1a: Calyrex\n|-damage|p1a: Calyrex|22\/100\n|move|p2b: Lion's Roar|Wood Hammer|p1a: Calyrex\n|-damage|p1a: Calyrex|0 fnt\n|faint|p1a: Calyrex\n|-damage|p2b: Lion's Roar|46\/100|[from] Recoil\n|move|p1b: Incineroar|Will-O-Wisp|p2b: Lion's Roar\n|-status|p2b: Lion's Roar|brn\n|\n|-heal|p2a: Ram|100\/100 brn|[from] Grassy Terrain\n|-heal|p2b: Lion's Roar|52\/100 brn|[from] Grassy Terrain\n|-damage|p2a: Ram|94\/100 brn|[from] brn\n|-damage|p2b: Lion's Roar|46\/100 brn|[from] brn\n|-fieldend|move: Grassy Terrain\n|upkeep\n|turn|6\n|\n|t:|1738375732\n|move|p2a: Ram|Wicked Blow|p1b: Incineroar\n|-supereffective|p1b: Incineroar\n|-crit|p1b: Incineroar\n|-damage|p1b: Incineroar|0 fnt\n|faint|p1b: Incineroar\n|\n|win|infinitygroudon\n|raw|donteatfiber's rating: 1583 &rarr; <strong>1563<\/strong><br \/>(-20 for losing)\n|raw|infinitygroudon's rating: 1582 &rarr; <strong>1602<\/strong><br \/>(+20 for winning)\n|l|\u2606infinitygroudon\n|player|p2|\n","uploadtime":1738375911,"views":12,"formatid":"gen9vgc2025regg","rating":1563,"private":0,"password":null}