{"id":"gen9vgc2025regg-2292962999","format":"[Gen 9] VGC 2025 Reg G","players":["Prometheus756","ahfoong0411"],"log":"|j|\u2606Prometheus756\n|j|\u2606ahfoong0411\n|t:|1738505103\n|gametype|doubles\n|player|p1|Prometheus756|gentleman-gen4dp|1745\n|player|p2|ahfoong0411|265|1615\n|teamsize|p1|6\n|teamsize|p2|6\n|gen|9\n|tier|[Gen 9] VGC 2025 Reg G\n|rated|\n|rule|Species Clause: Limit one of each Pok\u00e9mon\n|rule|Item Clause: Limit 1 of each item\n|clearpoke\n|poke|p1|Rayquaza, L50|\n|poke|p1|Rillaboom, L50, F|\n|poke|p1|Chien-Pao, L50|\n|poke|p1|Smeargle, L50, M|\n|poke|p1|Amoonguss, L50, F|\n|poke|p1|Muk-Alola, L50, F|\n|poke|p2|Calyrex-Ice, L50|\n|poke|p2|Amoonguss, L50, M|\n|poke|p2|Pelipper, L50, F|\n|poke|p2|Landorus, L50, M|\n|poke|p2|Urshifu-*, L50, M|\n|poke|p2|Roaring Moon, L50|\n|teampreview|4\n|inactive|Battle timer is ON: inactive players will automatically lose when time's up. (requested by Prometheus756)\n|j| UI Rain\n|inactive|ahfoong0411 has 60 seconds left.\n|\n|t:|1738505163\n|start\n|switch|p1a: Rayquaza|Rayquaza, L50|100\/100\n|switch|p1b: Smeargle|Smeargle, L50, M|100\/100\n|switch|p2a: Amoonguss|Amoonguss, L50, M|100\/100\n|switch|p2b: Urshifu|Urshifu-Rapid-Strike, L50, M|100\/100\n|-ability|p1a: Rayquaza|Air Lock\n|turn|1\n|inactive|Prometheus756 has 30 seconds left.\n|inactive|ahfoong0411 has 30 seconds left.\n|inactive|Prometheus756 has 20 seconds left.\n|inactive|ahfoong0411 has 20 seconds left.\n|inactive|Prometheus756 has 15 seconds left.\n|inactive|ahfoong0411 has 15 seconds left.\n|inactive|Prometheus756 has 10 seconds left.\n|inactive|Prometheus756 has 5 seconds left.\n|\n|t:|1738505218\n|-terastallize|p2b: Urshifu|Water\n|move|p1b: Smeargle|Fake Out|p2b: Urshifu\n|-damage|p2b: Urshifu|96\/100\n|move|p1a: Rayquaza|Dragon Ascent|p2a: Amoonguss\n|-supereffective|p2a: Amoonguss\n|-damage|p2a: Amoonguss|0 fnt\n|-unboost|p1a: Rayquaza|def|1\n|-unboost|p1a: Rayquaza|spd|1\n|faint|p2a: Amoonguss\n|cant|p2b: Urshifu|flinch\n|\n|-ability|p1b: Smeargle|Moody|boost\n|-boost|p1b: Smeargle|spa|2\n|-unboost|p1b: Smeargle|def|1\n|upkeep\n|\n|t:|1738505237\n|switch|p2a: Calyrex|Calyrex-Ice, L50|100\/100\n|-ability|p2a: Calyrex|As One\n|-ability|p2a: Calyrex|Unnerve\n|turn|2\n|c|\u2606Prometheus756|Glad that killed\n|c|\u2606Prometheus756|I\u2019ve seen some crazy bulky amoonguss before\n|inactive|Prometheus756 has 30 seconds left.\n|inactive|Prometheus756 has 20 seconds left.\n|inactive|Prometheus756 has 15 seconds left.\n|inactive|Prometheus756 has 10 seconds left.\n|inactive|Prometheus756 has 5 seconds left.\n|\n|t:|1738505288\n|move|p1b: Smeargle|Wide Guard|p1b: Smeargle\n|-singleturn|p1b: Smeargle|Wide Guard\n|move|p1a: Rayquaza|Swords Dance|p1a: Rayquaza\n|-boost|p1a: Rayquaza|atk|2\n|move|p2b: Urshifu|Surging Strikes|p1b: Smeargle\n|-crit|p1b: Smeargle\n|-enditem|p1b: Smeargle|Focus Sash\n|-damage|p1b: Smeargle|1\/100\n|-crit|p1b: Smeargle\n|-damage|p1b: Smeargle|0 fnt\n|faint|p1b: Smeargle\n|-hitcount|p1: Smeargle|2\n|move|p2a: Calyrex|Glacial Lance|p1a: Rayquaza\n|-activate|p1a: Rayquaza|move: Wide Guard\n|\n|upkeep\n|inactive|Prometheus756 has 30 seconds left.\n|\n|t:|1738505313\n|switch|p1b: Rillaboom|Rillaboom, L50, F|100\/100\n|-fieldstart|move: Grassy Terrain|[from] ability: Grassy Surge|[of] p1b: Rillaboom\n|turn|3\n|inactive|ahfoong0411 has 30 seconds left.\n|inactive|ahfoong0411 has 20 seconds left.\n|\n|t:|1738505351\n|-terastallize|p1a: Rayquaza|Normal\n|move|p1b: Rillaboom|Fake Out|p2a: Calyrex\n|-damage|p2a: Calyrex|91\/100\n|move|p1a: Rayquaza|Extreme Speed|p2b: Urshifu\n|-damage|p2b: Urshifu|2\/100\n|move|p2b: Urshifu|Close Combat|p1a: Rayquaza\n|-supereffective|p1a: Rayquaza\n|-crit|p1a: Rayquaza\n|-damage|p1a: Rayquaza|0 fnt\n|-unboost|p2b: Urshifu|def|1\n|-unboost|p2b: Urshifu|spd|1\n|faint|p1a: Rayquaza\n|cant|p2a: Calyrex|flinch\n|\n|-heal|p2b: Urshifu|8\/100|[from] Grassy Terrain\n|-heal|p2a: Calyrex|97\/100|[from] Grassy Terrain\n|upkeep\n|c|\u2606Prometheus756|Ah shoot lol\n|c|\u2606Prometheus756|Assumed it would kill\n|inactive|Prometheus756 has 30 seconds left.\n|\n|t:|1738505378\n|switch|p1a: Chien-Pao|Chien-Pao, L50|100\/100\n|-ability|p1a: Chien-Pao|Sword of Ruin\n|turn|4\n|\n|t:|1738505401\n|move|p1b: Rillaboom|Grassy Glide|p2b: Urshifu\n|-supereffective|p2b: Urshifu\n|-damage|p2b: Urshifu|0 fnt\n|faint|p2b: Urshifu\n|move|p1a: Chien-Pao|Throat Chop|p2a: Calyrex\n|-supereffective|p2a: Calyrex\n|-damage|p2a: Calyrex|22\/100\n|-start|p2a: Calyrex|Throat Chop|[silent]\n|move|p2a: Calyrex|Glacial Lance|p1a: Chien-Pao|[spread] p1a,p1b\n|-resisted|p1a: Chien-Pao\n|-supereffective|p1b: Rillaboom\n|-damage|p1a: Chien-Pao|60\/100\n|-damage|p1b: Rillaboom|0 fnt\n|faint|p1b: Rillaboom\n|-ability|p2a: Calyrex|Chilling Neigh|boost\n|-boost|p2a: Calyrex|atk|1\n|\n|-heal|p1a: Chien-Pao|66\/100|[from] Grassy Terrain\n|-heal|p2a: Calyrex|28\/100|[from] Grassy Terrain\n|upkeep\n|\n|t:|1738505410\n|switch|p2b: Pelipper|Pelipper, L50, F|100\/100\n|-weather|RainDance|[from] ability: Drizzle|[of] p2b: Pelipper\n|turn|5\n|\n|t:|1738505420\n|move|p1a: Chien-Pao|Throat Chop|p2a: Calyrex\n|-supereffective|p2a: Calyrex\n|-damage|p2a: Calyrex|0 fnt\n|faint|p2a: Calyrex\n|move|p2b: Pelipper|Weather Ball|p1a: Chien-Pao\n|-damage|p1a: Chien-Pao|0 fnt\n|faint|p1a: Chien-Pao\n|\n|win|ahfoong0411\n|raw|Prometheus756's rating: 1745 &rarr; <strong>1718<\/strong><br \/>(-27 for losing)\n|raw|ahfoong0411's rating: 1615 &rarr; <strong>1642<\/strong><br \/>(+27 for winning)\n|c|\u2606Prometheus756|Gg\n|l|\u2606ahfoong0411\n|player|p2|\n|l|\u2606Prometheus756\n|player|p1|\n|l| UI Rain\n","uploadtime":1738505687,"views":10,"formatid":"gen9vgc2025regg","rating":1642,"private":0,"password":null}