{"id":"gen9vgc2025regg-2292986250","format":"[Gen 9] VGC 2025 Reg G","players":["MilekMistrz","Zyros Phade"],"log":"|j|\u2606MilekMistrz\n|j|\u2606Zyros Phade\n|t:|1738508748\n|gametype|doubles\n|player|p1|MilekMistrz|102|1559\n|player|p2|Zyros Phade|170|1687\n|teamsize|p1|6\n|teamsize|p2|6\n|gen|9\n|tier|[Gen 9] VGC 2025 Reg G\n|rated|\n|rule|Species Clause: Limit one of each Pok\u00e9mon\n|rule|Item Clause: Limit 1 of each item\n|clearpoke\n|poke|p1|Koraidon, L50|\n|poke|p1|Umbreon, L50, F|\n|poke|p1|Raging Bolt, L50|\n|poke|p1|Flutter Mane, L50|\n|poke|p1|Ogerpon-Cornerstone, L50, F|\n|poke|p1|Entei, L50|\n|poke|p2|Urshifu-*, L50, M|\n|poke|p2|Kyogre, L50|\n|poke|p2|Iron Hands, L50|\n|poke|p2|Baxcalibur, L50, F|\n|poke|p2|Indeedee-F, L50, F|\n|poke|p2|Murkrow, L50, M|\n|teampreview|4\n|inactive|Battle timer is ON: inactive players will automatically lose when time's up. (requested by Zyros Phade)\n|\n|t:|1738508780\n|start\n|switch|p1a: Raging Bolt|Raging Bolt, L50|100\/100\n|switch|p1b: Flutter Mane|Flutter Mane, L50|100\/100\n|switch|p2a: Murkrow|Murkrow, L50, M|100\/100\n|switch|p2b: Baxcalibur|Baxcalibur, L50, F|100\/100\n|turn|1\n|j| Funn yIy\n|inactive|MilekMistrz has 30 seconds left.\n|inactive|MilekMistrz has 20 seconds left.\n|inactive|MilekMistrz has 15 seconds left.\n|\n|t:|1738508823\n|-terastallize|p1a: Raging Bolt|Fairy\n|move|p2b: Baxcalibur|Protect|p2b: Baxcalibur\n|-singleturn|p2b: Baxcalibur|Protect\n|move|p2a: Murkrow|Tailwind|p2a: Murkrow\n|-sidestart|p2: Zyros Phade|move: Tailwind\n|move|p1b: Flutter Mane|Moonblast|p2b: Baxcalibur\n|-activate|p2b: Baxcalibur|move: Protect\n|move|p1a: Raging Bolt|Volt Switch|p2a: Murkrow\n|-supereffective|p2a: Murkrow\n|-enditem|p2a: Murkrow|Focus Sash\n|-damage|p2a: Murkrow|1\/100\n|\n|t:|1738508838\n|-end|p1a: Raging Bolt|Protosynthesis|[silent]\n|switch|p1a: Koraidon|Koraidon, L50|100\/100|[from] Volt Switch\n|-weather|SunnyDay|[from] ability: Orichalcum Pulse|[of] p1a: Koraidon\n|-activate|p1b: Flutter Mane|ability: Protosynthesis\n|-start|p1b: Flutter Mane|protosynthesisspe\n|-activate|p1a: Koraidon|Orichalcum Pulse|[source]\n|\n|-weather|SunnyDay|[upkeep]\n|upkeep\n|turn|2\n|\n|t:|1738508856\n|move|p2a: Murkrow|Rain Dance|p2a: Murkrow\n|-weather|RainDance\n|-end|p1b: Flutter Mane|Protosynthesis\n|move|p2b: Baxcalibur|Icicle Spear|p1b: Flutter Mane\n|-damage|p1b: Flutter Mane|70\/100\n|-damage|p1b: Flutter Mane|35\/100\n|-damage|p1b: Flutter Mane|2\/100\n|-crit|p1b: Flutter Mane\n|-damage|p1b: Flutter Mane|0 fnt\n|faint|p1b: Flutter Mane\n|-end|p1b: Flutter Mane|Protosynthesis|[silent]\n|-hitcount|p1: Flutter Mane|4\n|move|p1a: Koraidon|Scale Shot|p2a: Murkrow\n|-damage|p2a: Murkrow|0 fnt\n|faint|p2a: Murkrow\n|-hitcount|p2: Murkrow|1\n|-unboost|p1a: Koraidon|def|1\n|-boost|p1a: Koraidon|spe|1\n|\n|-weather|RainDance|[upkeep]\n|upkeep\n|\n|t:|1738508873\n|switch|p1b: Raging Bolt|Raging Bolt, L50, tera:Fairy|100\/100\n|switch|p2a: Indeedee|Indeedee-F, L50, F|100\/100\n|-fieldstart|move: Psychic Terrain|[from] ability: Psychic Surge|[of] p2a: Indeedee\n|turn|3\n|l| Funn yIy\n|\n|t:|1738508894\n|move|p1a: Koraidon|Protect|p1a: Koraidon\n|-singleturn|p1a: Koraidon|Protect\n|move|p2a: Indeedee|Follow Me|p2a: Indeedee\n|-singleturn|p2a: Indeedee|move: Follow Me\n|move|p2b: Baxcalibur|Dragon Dance|p2b: Baxcalibur\n|-boost|p2b: Baxcalibur|atk|1\n|-boost|p2b: Baxcalibur|spe|1\n|move|p1b: Raging Bolt|Thunderbolt|p2a: Indeedee\n|-damage|p2a: Indeedee|52\/100\n|-status|p2a: Indeedee|par\n|\n|-weather|RainDance|[upkeep]\n|upkeep\n|turn|4\n|inactive|MilekMistrz has 30 seconds left.\n|inactive|Zyros Phade has 30 seconds left.\n|inactive|Zyros Phade has 20 seconds left.\n|\n|t:|1738508937\n|switch|p1a: Ogerpon|Ogerpon-Cornerstone, L50, F|100\/100\n|move|p2a: Indeedee|Protect|p2a: Indeedee\n|-singleturn|p2a: Indeedee|Protect\n|move|p2b: Baxcalibur|Icicle Spear|p1a: Ogerpon\n|-supereffective|p1a: Ogerpon\n|-damage|p1a: Ogerpon|42\/100\n|-supereffective|p1a: Ogerpon\n|-damage|p1a: Ogerpon|0 fnt\n|faint|p1a: Ogerpon\n|-hitcount|p1: Ogerpon|2\n|move|p1b: Raging Bolt|Thunderbolt|p2a: Indeedee\n|-activate|p2a: Indeedee|move: Protect\n|\n|-weather|RainDance|[upkeep]\n|-sideend|p2: Zyros Phade|move: Tailwind\n|upkeep\n|j| liangzaishiwo\n|\n|t:|1738508945\n|switch|p1a: Koraidon|Koraidon, L50|100\/100\n|-weather|SunnyDay|[from] ability: Orichalcum Pulse|[of] p1a: Koraidon\n|-activate|p1b: Raging Bolt|ability: Protosynthesis\n|-start|p1b: Raging Bolt|protosynthesisspa\n|-activate|p1a: Koraidon|Orichalcum Pulse|[source]\n|turn|5\n|j| jdarcan\n|\n|t:|1738508967\n|move|p2a: Indeedee|Helping Hand|p2b: Baxcalibur\n|-singleturn|p2b: Baxcalibur|Helping Hand|[of] p2a: Indeedee\n|move|p2b: Baxcalibur|Icicle Spear|p1b: Raging Bolt\n|-damage|p1b: Raging Bolt|79\/100\n|-damage|p1b: Raging Bolt|55\/100\n|-crit|p1b: Raging Bolt\n|-damage|p1b: Raging Bolt|17\/100\n|-damage|p1b: Raging Bolt|0 fnt\n|faint|p1b: Raging Bolt\n|-end|p1b: Raging Bolt|Protosynthesis|[silent]\n|-hitcount|p1: Raging Bolt|4\n|move|p1a: Koraidon|Scale Shot|p2a: Indeedee\n|-damage|p2a: Indeedee|35\/100 par\n|-damage|p2a: Indeedee|18\/100 par\n|-damage|p2a: Indeedee|0 fnt\n|faint|p2a: Indeedee\n|-hitcount|p2: Indeedee|3\n|-unboost|p1a: Koraidon|def|1\n|-boost|p1a: Koraidon|spe|1\n|\n|-weather|SunnyDay|[upkeep]\n|upkeep\n|\n|t:|1738508975\n|switch|p2a: Kyogre|Kyogre, L50, shiny|100\/100\n|-weather|RainDance|[from] ability: Drizzle|[of] p2a: Kyogre\n|turn|6\n|\n|t:|1738508987\n|move|p1a: Koraidon|Collision Course|p2b: Baxcalibur\n|-supereffective|p2b: Baxcalibur\n|-damage|p2b: Baxcalibur|0 fnt\n|faint|p2b: Baxcalibur\n|move|p2a: Kyogre|Ice Beam|p1a: Koraidon\n|-supereffective|p1a: Koraidon\n|-damage|p1a: Koraidon|0 fnt\n|faint|p1a: Koraidon\n|\n|win|Zyros Phade\n|raw|MilekMistrz's rating: 1559 &rarr; <strong>1546<\/strong><br \/>(-13 for losing)\n|raw|Zyros Phade's rating: 1687 &rarr; <strong>1700<\/strong><br \/>(+13 for winning)\n|l|\u2606Zyros Phade\n|player|p2|\n|l|\u2606MilekMistrz\n|player|p1|\n","uploadtime":1738509195,"views":9,"formatid":"gen9vgc2025regg","rating":1546,"private":0,"password":null}