{"id":"gen9vgc2025regg-2292498165","format":"[Gen 9] VGC 2025 Reg G","players":["AndyLaVGC","bidoofutopia"],"log":"|j|\u2606AndyLaVGC\n|j|\u2606bidoofutopia\n|t:|1738431260\n|gametype|doubles\n|player|p1|AndyLaVGC|102|1532\n|player|p2|bidoofutopia|lucas|1573\n|teamsize|p1|6\n|teamsize|p2|6\n|gen|9\n|tier|[Gen 9] VGC 2025 Reg G\n|rated|\n|rule|Species Clause: Limit one of each Pok\u00e9mon\n|rule|Item Clause: Limit 1 of each item\n|clearpoke\n|poke|p1|Luvdisc, L50, F|\n|poke|p1|Kyogre, L50|\n|poke|p1|Farigiraf, L50, M|\n|poke|p1|Amoonguss, L50, F|\n|poke|p1|Urshifu-*, L50, F|\n|poke|p1|Tornadus, L50, M|\n|poke|p2|Miraidon, L50|\n|poke|p2|Whimsicott, L50, M|\n|poke|p2|Farigiraf, L50, M|\n|poke|p2|Iron Hands, L50|\n|poke|p2|Chi-Yu, L50|\n|poke|p2|Urshifu-*, L50, M|\n|teampreview|4\n|inactive|Battle timer is ON: inactive players will automatically lose when time's up. (requested by bidoofutopia)\n|\n|t:|1738431285\n|start\n|switch|p1a: Luvdisc|Luvdisc, L50, F|100\/100\n|switch|p1b: Kyogre|Kyogre, L50|100\/100\n|switch|p2a: Whimsicott|Whimsicott, L50, M|100\/100\n|switch|p2b: Miraidon|Miraidon, L50|100\/100\n|-fieldstart|move: Electric Terrain|[from] ability: Hadron Engine|[of] p2b: Miraidon\n|-weather|RainDance|[from] ability: Drizzle|[of] p1b: Kyogre\n|turn|1\n|\n|t:|1738431300\n|move|p1b: Kyogre|Protect|p1b: Kyogre\n|-singleturn|p1b: Kyogre|Protect\n|move|p2a: Whimsicott|Light Screen|p2a: Whimsicott\n|-sidestart|p2: bidoofutopia|move: Light Screen\n|move|p1a: Luvdisc|Endeavor|p2b: Miraidon\n|-damage|p2b: Miraidon|68\/100\n|move|p2b: Miraidon|Volt Switch|p1b: Kyogre\n|-activate|p1b: Kyogre|move: Protect\n|\n|-weather|RainDance|[upkeep]\n|upkeep\n|turn|2\n|j| jkimkim1\n|inactive|AndyLaVGC has 30 seconds left.\n|\n|t:|1738431327\n|move|p1a: Luvdisc|Icy Wind|p2a: Whimsicott|[spread] p2a,p2b\n|-supereffective|p2a: Whimsicott\n|-supereffective|p2b: Miraidon\n|-damage|p2a: Whimsicott|90\/100\n|-damage|p2b: Miraidon|59\/100\n|-unboost|p2b: Miraidon|spe|1\n|move|p2a: Whimsicott|Moonblast|p1a: Luvdisc\n|-damage|p1a: Luvdisc|47\/100\n|move|p1b: Kyogre|Ice Beam|p2b: Miraidon\n|-supereffective|p2b: Miraidon\n|-damage|p2b: Miraidon|1\/100\n|-damage|p1b: Kyogre|91\/100|[from] item: Life Orb\n|move|p2b: Miraidon|Volt Switch|p1a: Luvdisc\n|-supereffective|p1a: Luvdisc\n|-damage|p1a: Luvdisc|0 fnt\n|faint|p1a: Luvdisc\n|\n|t:|1738431336\n|switch|p2b: Iron Hands|Iron Hands, L50|100\/100|[from] Volt Switch\n|-activate|p2b: Iron Hands|ability: Quark Drive\n|-start|p2b: Iron Hands|quarkdriveatk\n|\n|-weather|RainDance|[upkeep]\n|upkeep\n|\n|t:|1738431345\n|switch|p1a: Urshifu|Urshifu-Rapid-Strike, L50, F|100\/100\n|turn|3\n|\n|t:|1738431359\n|-terastallize|p1a: Urshifu|Water\n|move|p2b: Iron Hands|Fake Out|p1b: Kyogre\n|-damage|p1b: Kyogre|67\/100\n|move|p1a: Urshifu|Surging Strikes|p2b: Iron Hands\n|-crit|p2b: Iron Hands\n|-damage|p2b: Iron Hands|72\/100\n|-crit|p2b: Iron Hands\n|-damage|p2b: Iron Hands|43\/100\n|-crit|p2b: Iron Hands\n|-damage|p2b: Iron Hands|16\/100\n|-hitcount|p2b: Iron Hands|3\n|move|p2a: Whimsicott|Moonblast|p1a: Urshifu\n|-damage|p1a: Urshifu|63\/100\n|cant|p1b: Kyogre|flinch\n|\n|-weather|RainDance|[upkeep]\n|upkeep\n|turn|4\n|inactive|AndyLaVGC has 30 seconds left.\n|\n|t:|1738431385\n|move|p1a: Urshifu|Surging Strikes|p2a: Whimsicott\n|-resisted|p2a: Whimsicott\n|-crit|p2a: Whimsicott\n|-damage|p2a: Whimsicott|61\/100\n|-resisted|p2a: Whimsicott\n|-crit|p2a: Whimsicott\n|-damage|p2a: Whimsicott|32\/100\n|-resisted|p2a: Whimsicott\n|-crit|p2a: Whimsicott\n|-damage|p2a: Whimsicott|5\/100\n|-hitcount|p2a: Whimsicott|3\n|move|p2a: Whimsicott|Moonblast|p1b: Kyogre\n|-damage|p1b: Kyogre|48\/100\n|-unboost|p1b: Kyogre|spa|1\n|move|p1b: Kyogre|Origin Pulse|p2a: Whimsicott|[spread] p2a,p2b\n|-resisted|p2a: Whimsicott\n|-damage|p2a: Whimsicott|0 fnt\n|-damage|p2b: Iron Hands|0 fnt\n|faint|p2a: Whimsicott\n|faint|p2b: Iron Hands\n|-end|p2b: Iron Hands|Quark Drive|[silent]\n|-damage|p1b: Kyogre|38\/100|[from] item: Life Orb\n|\n|-weather|RainDance|[upkeep]\n|upkeep\n|\n|t:|1738431398\n|switch|p2a: Urshifu|Urshifu-Rapid-Strike, L50, M|100\/100\n|switch|p2b: Miraidon|Miraidon, L50|1\/100\n|-activate|p2b: Miraidon|ability: Hadron Engine\n|turn|5\n|\n|t:|1738431408\n|move|p1a: Urshifu|Surging Strikes|p2b: Miraidon\n|-resisted|p2b: Miraidon\n|-crit|p2b: Miraidon\n|-damage|p2b: Miraidon|0 fnt\n|faint|p2b: Miraidon\n|-hitcount|p2: Miraidon|1\n|move|p2a: Urshifu|Close Combat|p1b: Kyogre\n|-damage|p1b: Kyogre|0 fnt\n|-unboost|p2a: Urshifu|def|1\n|-unboost|p2a: Urshifu|spd|1\n|faint|p1b: Kyogre\n|\n|-weather|none\n|-sideend|p2: bidoofutopia|move: Light Screen\n|-fieldend|move: Electric Terrain\n|upkeep\n|\n|t:|1738431411\n|switch|p1b: Tornadus|Tornadus, L50, M|100\/100\n|turn|6\n|\n|t:|1738431419\n|-terastallize|p2a: Urshifu|Stellar\n|move|p1a: Urshifu|Surging Strikes|p2a: Urshifu\n|-resisted|p2a: Urshifu\n|-crit|p2a: Urshifu\n|-damage|p2a: Urshifu|79\/100\n|-resisted|p2a: Urshifu\n|-crit|p2a: Urshifu\n|-damage|p2a: Urshifu|57\/100\n|-resisted|p2a: Urshifu\n|-crit|p2a: Urshifu\n|-damage|p2a: Urshifu|34\/100\n|-hitcount|p2a: Urshifu|3\n|move|p1b: Tornadus|Bleakwind Storm|p2a: Urshifu\n|-supereffective|p2a: Urshifu\n|-damage|p2a: Urshifu|0 fnt\n|faint|p2a: Urshifu\n|\n|win|AndyLaVGC\n|raw|AndyLaVGC's rating: 1532 &rarr; <strong>1553<\/strong><br \/>(+21 for winning)\n|raw|bidoofutopia's rating: 1549 &rarr; <strong>1528<\/strong><br \/>(-21 for losing)\n|l|\u2606bidoofutopia\n|player|p2|\n|l| jkimkim1\n","uploadtime":1738431666,"views":14,"formatid":"gen9vgc2025regg","rating":1528,"private":0,"password":null}