{"id":"gen9vgc2025regg-2292182107","format":"[Gen 9] VGC 2025 Reg G","players":["roykeenkennedy","infinitygroudon"],"log":"|j|\u2606roykeenkennedy\n|j|\u2606infinitygroudon\n|t:|1738375804\n|gametype|doubles\n|player|p1|roykeenkennedy|alder|1537\n|player|p2|infinitygroudon|169|1602\n|teamsize|p1|6\n|teamsize|p2|6\n|gen|9\n|tier|[Gen 9] VGC 2025 Reg G\n|rated|\n|rule|Species Clause: Limit one of each Pok\u00e9mon\n|rule|Item Clause: Limit 1 of each item\n|clearpoke\n|poke|p1|Calyrex-Shadow, L50|\n|poke|p1|Weezing, L50, M|\n|poke|p1|Indeedee-F, L50, F|\n|poke|p1|Incineroar, L50, M|\n|poke|p1|Urshifu-*, L50, F|\n|poke|p1|Regieleki, L50|\n|poke|p2|Terapagos, L50, M|\n|poke|p2|Clefairy, L50, F|\n|poke|p2|Rillaboom, L50, F|\n|poke|p2|Skeledirge, L50, M|\n|poke|p2|Urshifu-*, L50, M|\n|poke|p2|Chien-Pao, L50|\n|teampreview|4\n|\n|t:|1738375823\n|start\n|switch|p1a: Calyrex|Calyrex-Shadow, L50|100\/100\n|switch|p1b: Indeedee|Indeedee-F, L50, F|100\/100\n|switch|p2a: Moonwater|Clefairy, L50, F|100\/100\n|switch|p2b: Perrine|Terapagos, L50, M|100\/100\n|-activate|p2b: Perrine|ability: Tera Shift\n|detailschange|p2b: Perrine|Terapagos-Terastal, L50, M\n|-heal|p2b: Perrine|100\/100|[silent]\n|-ability|p1a: Calyrex|As One\n|-ability|p1a: Calyrex|Unnerve\n|-fieldstart|move: Psychic Terrain|[from] ability: Psychic Surge|[of] p1b: Indeedee\n|turn|1\n|j| zzz1994000\n|\n|t:|1738375842\n|switch|p1b: Weezing|Weezing, L50, M|100\/100\n|-ability|p1b: Weezing|Neutralizing Gas\n|switch|p2a: Lion's Roar|Rillaboom, L50, F|100\/100\n|move|p1a: Calyrex|Expanding Force|p2b: Perrine|[spread] p2a,p2b\n|-damage|p2a: Lion's Roar|38\/100\n|-damage|p2b: Perrine|36\/100\n|-damage|p1a: Calyrex|91\/100|[from] item: Life Orb\n|move|p2b: Perrine|Calm Mind|p2b: Perrine\n|-boost|p2b: Perrine|spa|1\n|-boost|p2b: Perrine|spd|1\n|\n|-heal|p2b: Perrine|42\/100|[from] item: Leftovers\n|upkeep\n|turn|2\n|\n|t:|1738375863\n|switch|p2a: Presto|Chien-Pao, L50|100\/100\n|move|p2b: Perrine|Protect|p2b: Perrine\n|-singleturn|p2b: Perrine|Protect\n|move|p1a: Calyrex|Expanding Force|p2b: Perrine|[spread] \n|-activate|p2b: Perrine|move: Protect\n|-immune|p2a: Presto\n|move|p1b: Weezing|Sludge Bomb|p2a: Presto\n|-damage|p2a: Presto|53\/100\n|\n|-heal|p2b: Perrine|48\/100|[from] item: Leftovers\n|upkeep\n|turn|3\n|\n|t:|1738375881\n|-terastallize|p1a: Calyrex|Fighting\n|-terastallize|p2b: Perrine|Stellar\n|detailschange|p2b: Perrine|Terapagos-Stellar, L50, M, tera:Stellar\n|-heal|p2b: Perrine|61\/100|[silent]\n|move|p1a: Calyrex|Tera Blast|p2b: Perrine|[anim] Tera Blast Fighting\n|-supereffective|p2b: Perrine\n|-damage|p2b: Perrine|13\/100\n|-damage|p1a: Calyrex|81\/100|[from] item: Life Orb\n|move|p2a: Presto|Ice Spinner|p1a: Calyrex\n|-damage|p1a: Calyrex|35\/100\n|-fieldend|move: Psychic Terrain\n|move|p2b: Perrine|Tera Starstorm|p1b: Weezing|[spread] p1a,p1b\n|-supereffective|p1a: Calyrex\n|-crit|p1a: Calyrex\n|-damage|p1a: Calyrex|0 fnt\n|-damage|p1b: Weezing|33\/100\n|faint|p1a: Calyrex\n|move|p1b: Weezing|Sludge Bomb|p2a: Presto\n|-damage|p2a: Presto|8\/100\n|\n|-heal|p2b: Perrine|19\/100|[from] item: Leftovers\n|-heal|p1b: Weezing|40\/100|[from] item: Leftovers\n|upkeep\n|\n|t:|1738375904\n|switch|p1a: Urshifu|Urshifu-Rapid-Strike, L50, F|100\/100\n|turn|4\n|\n|t:|1738375914\n|move|p1a: Urshifu|Surging Strikes|p2b: Perrine\n|-crit|p2b: Perrine\n|-damage|p2b: Perrine|7\/100\n|-crit|p2b: Perrine\n|-damage|p2b: Perrine|0 fnt\n|faint|p2b: Perrine\n|-hitcount|p2: Perrine|2\n|move|p2a: Presto|Ice Spinner|p1b: Weezing\n|-damage|p1b: Weezing|7\/100\n|move|p1b: Weezing|Sludge Bomb|p2a: Presto\n|-damage|p2a: Presto|0 fnt\n|faint|p2a: Presto\n|\n|-heal|p1b: Weezing|14\/100|[from] item: Leftovers\n|upkeep\n|\n|t:|1738375917\n|switch|p2a: Moonwater|Clefairy, L50, F|100\/100\n|switch|p2b: Lion's Roar|Rillaboom, L50, F|38\/100\n|turn|5\n|j| brrkz\n|l| zzz1994000\n|\n|t:|1738375939\n|switch|p1a: Indeedee|Indeedee-F, L50, F|100\/100\n|move|p1b: Weezing|Protect|p1b: Weezing\n|-singleturn|p1b: Weezing|Protect\n|move|p2b: Lion's Roar|Wood Hammer|p1b: Weezing\n|-activate|p1b: Weezing|move: Protect\n|move|p2a: Moonwater|Life Dew||[still]|[spread] p2a,p2b\n|-fail|p2a: Moonwater|heal\n|-heal|p2b: Lion's Roar|63\/100\n|\n|-heal|p1b: Weezing|20\/100|[from] item: Leftovers\n|upkeep\n|turn|6\n|\n|t:|1738375957\n|move|p1a: Indeedee|Follow Me|p1a: Indeedee\n|-singleturn|p1a: Indeedee|move: Follow Me\n|move|p2b: Lion's Roar|Wood Hammer|p1a: Indeedee\n|-damage|p1a: Indeedee|34\/100\n|-damage|p2b: Lion's Roar|47\/100|[from] item: Rocky Helmet|[of] p1a: Indeedee\n|-damage|p2b: Lion's Roar|28\/100|[from] Recoil\n|move|p1b: Weezing|Sludge Bomb|p2b: Lion's Roar\n|-supereffective|p2b: Lion's Roar\n|-damage|p2b: Lion's Roar|0 fnt\n|faint|p2b: Lion's Roar\n|move|p2a: Moonwater|Life Dew||[still]\n|-fail|p2a: Moonwater|heal\n|\n|-heal|p1b: Weezing|26\/100|[from] item: Leftovers\n|upkeep\n|turn|7\n|-message|infinitygroudon forfeited.\n|\n|win|roykeenkennedy\n|raw|roykeenkennedy's rating: 1537 &rarr; <strong>1561<\/strong><br \/>(+24 for winning)\n|raw|infinitygroudon's rating: 1602 &rarr; <strong>1578<\/strong><br \/>(-24 for losing)\n|l|\u2606infinitygroudon\n|player|p2|\n|l|\u2606roykeenkennedy\n|player|p1|\n|l| brrkz\n","uploadtime":1738376188,"views":8,"formatid":"gen9vgc2025regg","rating":1561,"private":0,"password":null}