{"id":"gen9vgc2025regg-2292094007","format":"[Gen 9] VGC 2025 Reg G","players":["DimensionalFool","Bbjhots"],"log":"|j|\u203dDimensionalFool\n|j|\u2606Bbjhots\n|t:|1738363590\n|gametype|doubles\n|player|p1|DimensionalFool|steven|1569\n|player|p2|Bbjhots|1|1549\n|teamsize|p1|6\n|teamsize|p2|6\n|gen|9\n|tier|[Gen 9] VGC 2025 Reg G\n|rated|\n|rule|Species Clause: Limit one of each Pok\u00e9mon\n|rule|Item Clause: Limit 1 of each item\n|clearpoke\n|poke|p1|Grimmsnarl, L50, M|\n|poke|p1|Landorus, L50, M|\n|poke|p1|Calyrex-Ice, L50|\n|poke|p1|Pelipper, L50, M|\n|poke|p1|Urshifu-*, L50, M|\n|poke|p1|Rillaboom, L50, M|\n|poke|p2|Koraidon, L50|\n|poke|p2|Flutter Mane, L50|\n|poke|p2|Brute Bonnet, L50|\n|poke|p2|Indeedee-F, L50, F|\n|poke|p2|Gouging Fire, L50|\n|poke|p2|Walking Wake, L50|\n|teampreview|4\n|inactive|Battle timer is ON: inactive players will automatically lose when time's up. (requested by Bbjhots)\n|inactive|DimensionalFool also wants the timer to be on.\n|inactive|Bbjhots has 60 seconds left.\n|\n|t:|1738363624\n|start\n|switch|p1a: Pelipper|Pelipper, L50, M|100\/100\n|switch|p1b: Calyrex|Calyrex-Ice, L50|100\/100\n|switch|p2a: Brute Bonnet|Brute Bonnet, L50|100\/100\n|switch|p2b: Walking Wake|Walking Wake, L50|100\/100\n|-ability|p1b: Calyrex|As One\n|-ability|p1b: Calyrex|Unnerve\n|-weather|RainDance|[from] ability: Drizzle|[of] p1a: Pelipper\n|turn|1\n|\n|t:|1738363644\n|move|p2b: Walking Wake|Hydro Steam|p1a: Pelipper\n|-resisted|p1a: Pelipper\n|-damage|p1a: Pelipper|27\/100\n|-damage|p2b: Walking Wake|91\/100|[from] item: Life Orb\n|move|p1a: Pelipper|Weather Ball|p2a: Brute Bonnet\n|-resisted|p2a: Brute Bonnet\n|-damage|p2a: Brute Bonnet|71\/100\n|move|p2a: Brute Bonnet|Taunt|p1b: Calyrex\n|-start|p1b: Calyrex|move: Taunt\n|move|p1b: Calyrex|Glacial Lance|p2b: Walking Wake|[spread] p2a,p2b\n|-supereffective|p2a: Brute Bonnet\n|-damage|p2a: Brute Bonnet|0 fnt\n|-damage|p2b: Walking Wake|37\/100\n|faint|p2a: Brute Bonnet\n|-end|p2a: Brute Bonnet|Protosynthesis|[silent]\n|-ability|p1b: Calyrex|Chilling Neigh|boost\n|-boost|p1b: Calyrex|atk|1\n|\n|-weather|RainDance|[upkeep]\n|upkeep\n|\n|t:|1738363657\n|switch|p2a: Koraidon|Koraidon, L50|100\/100\n|-weather|SunnyDay|[from] ability: Orichalcum Pulse|[of] p2a: Koraidon\n|-activate|p2b: Walking Wake|ability: Protosynthesis\n|-start|p2b: Walking Wake|protosynthesisspa\n|-activate|p2a: Koraidon|Orichalcum Pulse|[source]\n|turn|2\n|\n|t:|1738363680\n|switch|p1a: Rillaboom|Rillaboom, L50, M|100\/100\n|-fieldstart|move: Grassy Terrain|[from] ability: Grassy Surge|[of] p1a: Rillaboom\n|-terastallize|p2a: Koraidon|Fire\n|-terastallize|p1b: Calyrex|Water\n|move|p2a: Koraidon|Collision Course|p1b: Calyrex\n|-damage|p1b: Calyrex|54\/100\n|move|p2b: Walking Wake|Weather Ball|p1a: Rillaboom\n|-supereffective|p1a: Rillaboom\n|-damage|p1a: Rillaboom|0 fnt\n|faint|p1a: Rillaboom\n|-damage|p2b: Walking Wake|27\/100|[from] item: Life Orb\n|move|p1b: Calyrex|Glacial Lance|p2b: Walking Wake|[spread] p2a,p2b\n|-resisted|p2a: Koraidon\n|-damage|p2a: Koraidon|64\/100\n|-damage|p2b: Walking Wake|0 fnt\n|faint|p2b: Walking Wake\n|-end|p2b: Walking Wake|Protosynthesis|[silent]\n|-ability|p1b: Calyrex|Chilling Neigh|boost\n|-boost|p1b: Calyrex|atk|1\n|\n|-weather|SunnyDay|[upkeep]\n|-heal|p2a: Koraidon|70\/100|[from] Grassy Terrain\n|-heal|p1b: Calyrex|60\/100|[from] Grassy Terrain\n|upkeep\n|\n|t:|1738363697\n|switch|p2b: Gouging Fire|Gouging Fire, L50|100\/100\n|switch|p1a: Pelipper|Pelipper, L50, M|27\/100\n|-weather|RainDance|[from] ability: Drizzle|[of] p1a: Pelipper\n|turn|3\n|\n|t:|1738363715\n|move|p2a: Koraidon|Collision Course|p1b: Calyrex\n|-damage|p1b: Calyrex|29\/100\n|move|p2b: Gouging Fire|Outrage|p1b: Calyrex\n|-damage|p1b: Calyrex|0 fnt\n|faint|p1b: Calyrex\n|move|p1a: Pelipper|Tailwind|p1a: Pelipper\n|-sidestart|p1: DimensionalFool|move: Tailwind\n|\n|-weather|RainDance|[upkeep]\n|-heal|p2a: Koraidon|75\/100|[from] Grassy Terrain\n|upkeep\n|\n|t:|1738363721\n|switch|p1b: Urshifu|Urshifu-Rapid-Strike, L50, M|100\/100\n|turn|4\n|\n|t:|1738363726\n|move|p1b: Urshifu|Surging Strikes|p2b: Gouging Fire\n|-crit|p2b: Gouging Fire\n|-damage|p2b: Gouging Fire|76\/100\n|-crit|p2b: Gouging Fire\n|-damage|p2b: Gouging Fire|53\/100\n|-crit|p2b: Gouging Fire\n|-damage|p2b: Gouging Fire|29\/100\n|-hitcount|p2b: Gouging Fire|3\n|move|p1a: Pelipper|Weather Ball|p2a: Koraidon\n|-supereffective|p2a: Koraidon\n|-damage|p2a: Koraidon|0 fnt\n|faint|p2a: Koraidon\n|move|p2b: Gouging Fire|Outrage|p1b: Urshifu|[from] lockedmove\n|-damage|p1b: Urshifu|24\/100\n|\n|-weather|RainDance|[upkeep]\n|-heal|p1b: Urshifu|30\/100|[from] Grassy Terrain\n|-heal|p2b: Gouging Fire|35\/100|[from] Grassy Terrain\n|upkeep\n|turn|5\n|\n|t:|1738363733\n|move|p1b: Urshifu|Surging Strikes|p2b: Gouging Fire\n|-crit|p2b: Gouging Fire\n|-damage|p2b: Gouging Fire|11\/100\n|-crit|p2b: Gouging Fire\n|-damage|p2b: Gouging Fire|0 fnt\n|faint|p2b: Gouging Fire\n|-end|p2b: Gouging Fire|Protosynthesis|[silent]\n|-hitcount|p2: Gouging Fire|2\n|\n|win|DimensionalFool\n|raw|DimensionalFool's rating: 1569 &rarr; <strong>1588<\/strong><br \/>(+19 for winning)\n|raw|Bbjhots's rating: 1549 &rarr; <strong>1530<\/strong><br \/>(-19 for losing)\n|l|\u203dDimensionalFool\n|player|p1|\n|l|\u2606Bbjhots\n|player|p2|\n","uploadtime":1738363888,"views":15,"formatid":"gen9vgc2025regg","rating":1530,"private":0,"password":null}