{"id":"gen9vgc2025regg-2292555776","format":"[Gen 9] VGC 2025 Reg G","players":["Diestoise","Cdogp"],"log":"|j|\u2606Diestoise\n|j|\u2606Cdogp\n|t:|1738438448\n|gametype|doubles\n|player|p1|Diestoise|blue|1580\n|player|p2|Cdogp|wattson|1849\n|teamsize|p1|6\n|teamsize|p2|6\n|gen|9\n|tier|[Gen 9] VGC 2025 Reg G\n|rated|\n|rule|Species Clause: Limit one of each Pok\u00e9mon\n|rule|Item Clause: Limit 1 of each item\n|clearpoke\n|poke|p1|Kyogre, L50|\n|poke|p1|Roaring Moon, L50|\n|poke|p1|Rillaboom, L50, M|\n|poke|p1|Orthworm, L50, F|\n|poke|p1|Urshifu-*, L50, F|\n|poke|p1|Amoonguss, L50, F|\n|poke|p2|Calyrex-Ice, L50|\n|poke|p2|Urshifu-*, L50, M|\n|poke|p2|Whimsicott, L50, M|\n|poke|p2|Landorus, L50, M|\n|poke|p2|Ditto, L50|\n|poke|p2|Raging Bolt, L50|\n|teampreview|4\n|\n|t:|1738438490\n|start\n|switch|p1a: Amoonguss|Amoonguss, L50, F|100\/100\n|switch|p1b: Orthworm|Orthworm, L50, F|100\/100\n|switch|p2a: Calyrex|Calyrex-Ice, L50|100\/100\n|switch|p2b: Urshifu|Urshifu, L50, M|100\/100\n|-ability|p2a: Calyrex|As One\n|-ability|p2a: Calyrex|Unnerve\n|turn|1\n|\n|t:|1738438513\n|-terastallize|p1a: Amoonguss|Water\n|move|p1a: Amoonguss|Rage Powder|p1a: Amoonguss\n|-singleturn|p1a: Amoonguss|move: Rage Powder\n|move|p2b: Urshifu|Close Combat|p1a: Amoonguss\n|-damage|p1a: Amoonguss|50\/100\n|-unboost|p2b: Urshifu|def|1\n|-unboost|p2b: Urshifu|spd|1\n|-damage|p2b: Urshifu|84\/100|[from] item: Rocky Helmet|[of] p1a: Amoonguss\n|move|p2a: Calyrex|Glacial Lance|p1b: Orthworm|[spread] p1a,p1b\n|-resisted|p1a: Amoonguss\n|-resisted|p1b: Orthworm\n|-damage|p1a: Amoonguss|28\/100\n|-damage|p1b: Orthworm|82\/100\n|move|p1b: Orthworm|Body Press|p2b: Urshifu\n|-supereffective|p2b: Urshifu\n|-damage|p2b: Urshifu|0 fnt\n|faint|p2b: Urshifu\n|\n|upkeep\n|\n|t:|1738438522\n|switch|p2b: Raging Bolt|Raging Bolt, L50|100\/100\n|-enditem|p2b: Raging Bolt|Booster Energy\n|-activate|p2b: Raging Bolt|ability: Protosynthesis|[fromitem]\n|-start|p2b: Raging Bolt|protosynthesisspa\n|turn|2\n|\n|t:|1738438540\n|move|p2b: Raging Bolt|Thunderbolt|p1b: Orthworm\n|-damage|p1b: Orthworm|3\/100\n|move|p2a: Calyrex|Glacial Lance|p1a: Amoonguss|[spread] p1a,p1b\n|-resisted|p1a: Amoonguss\n|-resisted|p1b: Orthworm\n|-damage|p1a: Amoonguss|8\/100\n|-damage|p1b: Orthworm|0 fnt\n|faint|p1b: Orthworm\n|-ability|p2a: Calyrex|Chilling Neigh|boost\n|-boost|p2a: Calyrex|atk|1\n|move|p1a: Amoonguss|Spore|p2a: Calyrex\n|-status|p2a: Calyrex|slp|[from] move: Spore\n|\n|upkeep\n|\n|t:|1738438564\n|switch|p1b: Kyogre|Kyogre, L50|100\/100\n|-weather|RainDance|[from] ability: Drizzle|[of] p1b: Kyogre\n|turn|3\n|\n|t:|1738438573\n|-terastallize|p2a: Calyrex|Water\n|move|p1a: Amoonguss|Rage Powder|p1a: Amoonguss\n|-singleturn|p1a: Amoonguss|move: Rage Powder\n|move|p1b: Kyogre|Water Spout|p2a: Calyrex|[spread] p2a,p2b\n|-resisted|p2a: Calyrex\n|-resisted|p2b: Raging Bolt\n|-damage|p2a: Calyrex|59\/100 slp\n|-damage|p2b: Raging Bolt|51\/100\n|move|p2b: Raging Bolt|Thunderbolt|p1a: Amoonguss\n|-supereffective|p1a: Amoonguss\n|-damage|p1a: Amoonguss|0 fnt\n|faint|p1a: Amoonguss\n|cant|p2a: Calyrex|slp\n|\n|-weather|RainDance|[upkeep]\n|upkeep\n|\n|t:|1738438582\n|switch|p1a: Rillaboom|Rillaboom, L50, M|100\/100\n|-fieldstart|move: Grassy Terrain|[from] ability: Grassy Surge|[of] p1a: Rillaboom\n|turn|4\n|\n|t:|1738438592\n|move|p2b: Raging Bolt|Protect|p2b: Raging Bolt\n|-singleturn|p2b: Raging Bolt|Protect\n|move|p1a: Rillaboom|Fake Out|p2b: Raging Bolt\n|-activate|p2b: Raging Bolt|move: Protect\n|move|p1b: Kyogre|Origin Pulse|p2b: Raging Bolt|[spread] p2a\n|-activate|p2b: Raging Bolt|move: Protect\n|-resisted|p2a: Calyrex\n|-damage|p2a: Calyrex|30\/100 slp\n|cant|p2a: Calyrex|slp\n|\n|-weather|RainDance|[upkeep]\n|-heal|p2b: Raging Bolt|57\/100|[from] Grassy Terrain\n|-heal|p2a: Calyrex|36\/100 slp|[from] Grassy Terrain\n|upkeep\n|turn|5\n|\n|t:|1738438612\n|move|p2b: Raging Bolt|Thunderclap|p1b: Kyogre\n|-supereffective|p1b: Kyogre\n|-damage|p1b: Kyogre|33\/100\n|move|p1b: Kyogre|Ice Beam|p2b: Raging Bolt\n|-supereffective|p2b: Raging Bolt\n|-damage|p2b: Raging Bolt|0 fnt\n|faint|p2b: Raging Bolt\n|-end|p2b: Raging Bolt|Protosynthesis|[silent]\n|-curestatus|p2a: Calyrex|slp|[msg]\n|move|p2a: Calyrex|Glacial Lance|p1b: Kyogre|[spread] p1a,p1b\n|-supereffective|p1a: Rillaboom\n|-resisted|p1b: Kyogre\n|-damage|p1a: Rillaboom|0 fnt\n|-damage|p1b: Kyogre|0 fnt\n|faint|p1a: Rillaboom\n|faint|p1b: Kyogre\n|\n|win|Cdogp\n|raw|Diestoise's rating: 1580 &rarr; <strong>1573<\/strong><br \/>(-7 for losing)\n|raw|Cdogp's rating: 1849 &rarr; <strong>1856<\/strong><br \/>(+7 for winning)\n|l|\u2606Cdogp\n|player|p2|\n|l|\u2606Diestoise\n|player|p1|\n","uploadtime":1738438780,"views":39,"formatid":"gen9vgc2025regg","rating":1573,"private":0,"password":null}