{"id":"gen9vgc2025regg-2292610221","format":"[Gen 9] VGC 2025 Reg G","players":["TheGreatDondozo","snipedrone"],"log":"|j|\u203dTheGreatDondozo\n|j|\u2606snipedrone\n|t:|1738445349\n|gametype|doubles\n|player|p1|TheGreatDondozo|steven|1582\n|player|p2|snipedrone|265|1639\n|teamsize|p1|6\n|teamsize|p2|6\n|gen|9\n|tier|[Gen 9] VGC 2025 Reg G\n|rated|\n|rule|Species Clause: Limit one of each Pok\u00e9mon\n|rule|Item Clause: Limit 1 of each item\n|clearpoke\n|poke|p1|Incineroar, L50, F|\n|poke|p1|Landorus, L50, M|\n|poke|p1|Calyrex-Ice, L50|\n|poke|p1|Pelipper, L50, F|\n|poke|p1|Urshifu-*, L50, F|\n|poke|p1|Rillaboom, L50, F|\n|poke|p2|Groudon, L50|\n|poke|p2|Jumpluff, L50, M|\n|poke|p2|Flutter Mane, L50|\n|poke|p2|Raging Bolt, L50|\n|poke|p2|Raichu, L50, M|\n|poke|p2|Urshifu-*, L50, M|\n|teampreview|4\n|inactive|Battle timer is ON: inactive players will automatically lose when time's up. (requested by TheGreatDondozo)\n|inactive|TheGreatDondozo has 60 seconds left.\n|inactive|snipedrone has 60 seconds left.\n|\n|t:|1738445402\n|start\n|switch|p1a: Incineroar|Incineroar, L50, F|100\/100\n|switch|p1b: Pelipper|Pelipper, L50, F|100\/100\n|switch|p2a: Jumpluff|Jumpluff, L50, M, shiny|100\/100\n|switch|p2b: Raichu|Raichu, L50, M, shiny|100\/100\n|-weather|RainDance|[from] ability: Drizzle|[of] p1b: Pelipper\n|-ability|p1a: Incineroar|Intimidate|boost\n|-unboost|p2a: Jumpluff|atk|1\n|-unboost|p2b: Raichu|atk|1\n|turn|1\n|inactive|snipedrone has 30 seconds left.\n|\n|t:|1738445430\n|-terastallize|p1b: Pelipper|Grass\n|move|p2b: Raichu|Fake Out|p1a: Incineroar\n|-damage|p1a: Incineroar|95\/100\n|move|p2a: Jumpluff|Sleep Powder|p1b: Pelipper\n|-immune|p1b: Pelipper\n|move|p1b: Pelipper|Weather Ball|p2a: Jumpluff\n|-resisted|p2a: Jumpluff\n|-crit|p2a: Jumpluff\n|-damage|p2a: Jumpluff|49\/100\n|cant|p1a: Incineroar|flinch\n|\n|-weather|RainDance|[upkeep]\n|upkeep\n|turn|2\n|inactive|snipedrone has 30 seconds left.\n|\n|t:|1738445461\n|move|p2a: Jumpluff|Tailwind|p2a: Jumpluff\n|-sidestart|p2: snipedrone|move: Tailwind\n|move|p2b: Raichu|Volt Switch|p1b: Pelipper\n|-resisted|p1b: Pelipper\n|-damage|p1b: Pelipper|83\/100\n|\n|t:|1738445467\n|switch|p2b: Groudon|Groudon, L50, shiny|100\/100|[from] Volt Switch\n|-weather|SunnyDay|[from] ability: Drought|[of] p2b: Groudon\n|move|p1b: Pelipper|Weather Ball|p2a: Jumpluff\n|-supereffective|p2a: Jumpluff\n|-damage|p2a: Jumpluff|0 fnt\n|faint|p2a: Jumpluff\n|move|p1a: Incineroar|Knock Off|p2b: Groudon\n|-damage|p2b: Groudon|74\/100\n|-enditem|p2b: Groudon|Choice Specs|[from] move: Knock Off|[of] p1a: Incineroar\n|\n|-weather|SunnyDay|[upkeep]\n|upkeep\n|\n|t:|1738445473\n|switch|p2a: Flutter Mane|Flutter Mane, L50, shiny|100\/100\n|-activate|p2a: Flutter Mane|ability: Protosynthesis\n|-start|p2a: Flutter Mane|protosynthesisspe\n|turn|3\n|\n|t:|1738445498\n|switch|p1b: Calyrex|Calyrex-Ice, L50|100\/100\n|-ability|p1b: Calyrex|As One\n|-ability|p1b: Calyrex|Unnerve\n|switch|p1a: Landorus|Landorus, L50, M|100\/100\n|-terastallize|p2b: Groudon|Fire\n|move|p2a: Flutter Mane|Fake Tears|p1a: Landorus\n|-unboost|p1a: Landorus|spd|2\n|move|p2b: Groudon|Eruption|p1a: Landorus|[spread] p1a,p1b\n|-supereffective|p1b: Calyrex\n|-damage|p1a: Landorus|0 fnt\n|-damage|p1b: Calyrex|47\/100\n|faint|p1a: Landorus\n|\n|-weather|SunnyDay|[upkeep]\n|upkeep\n|\n|t:|1738445512\n|switch|p1a: Pelipper|Pelipper, L50, F, tera:Grass|83\/100\n|-weather|RainDance|[from] ability: Drizzle|[of] p1a: Pelipper\n|-end|p2a: Flutter Mane|Protosynthesis\n|turn|4\n|\n|t:|1738445523\n|move|p1a: Pelipper|Wide Guard|p1a: Pelipper\n|-singleturn|p1a: Pelipper|Wide Guard\n|move|p2a: Flutter Mane|Fake Tears|p1b: Calyrex\n|-unboost|p1b: Calyrex|spd|2\n|move|p2b: Groudon|Eruption|p1b: Calyrex|[spread] \n|-activate|p1a: Pelipper|move: Wide Guard\n|-activate|p1b: Calyrex|move: Wide Guard\n|move|p1b: Calyrex|High Horsepower|p2b: Groudon\n|-supereffective|p2b: Groudon\n|-damage|p2b: Groudon|22\/100\n|\n|-weather|RainDance|[upkeep]\n|upkeep\n|turn|5\n|\n|t:|1738445546\n|switch|p2b: Raichu|Raichu, L50, M, shiny|100\/100\n|switch|p1b: Incineroar|Incineroar, L50, F|95\/100\n|-ability|p1b: Incineroar|Intimidate|boost\n|-unboost|p2a: Flutter Mane|atk|1\n|-unboost|p2b: Raichu|atk|1\n|move|p2a: Flutter Mane|Moonblast|p1b: Incineroar\n|-damage|p1b: Incineroar|59\/100\n|-unboost|p1b: Incineroar|spa|1\n|move|p1a: Pelipper|Weather Ball|p2b: Raichu\n|-damage|p2b: Raichu|46\/100\n|\n|-weather|RainDance|[upkeep]\n|-sideend|p2: snipedrone|move: Tailwind\n|upkeep\n|turn|6\n|inactive|snipedrone has 30 seconds left.\n|inactive|TheGreatDondozo has 30 seconds left.\n|inactive|snipedrone has 20 seconds left.\n|\n|t:|1738445584\n|switch|p1a: Calyrex|Calyrex-Ice, L50|47\/100\n|-ability|p1a: Calyrex|As One\n|-ability|p1a: Calyrex|Unnerve\n|move|p2a: Flutter Mane|Protect|p2a: Flutter Mane\n|-singleturn|p2a: Flutter Mane|Protect\n|move|p2b: Raichu|Nuzzle|p1a: Calyrex\n|-damage|p1a: Calyrex|44\/100\n|-status|p1a: Calyrex|par\n|move|p1b: Incineroar|Knock Off|p2a: Flutter Mane\n|-activate|p2a: Flutter Mane|move: Protect\n|\n|-weather|RainDance|[upkeep]\n|upkeep\n|turn|7\n|\n|t:|1738445605\n|move|p2a: Flutter Mane|Moonblast|p1a: Calyrex\n|-damage|p1a: Calyrex|23\/100 par\n|-unboost|p1a: Calyrex|spa|1\n|move|p2b: Raichu|Volt Switch|p1a: Calyrex\n|-damage|p1a: Calyrex|13\/100 par\n|\n|t:|1738445607\n|switch|p2b: Groudon|Groudon, L50, shiny, tera:Fire|22\/100|[from] Volt Switch\n|-weather|SunnyDay|[from] ability: Drought|[of] p2b: Groudon\n|-activate|p2a: Flutter Mane|ability: Protosynthesis\n|-start|p2a: Flutter Mane|protosynthesisspe\n|move|p1b: Incineroar|Knock Off|p2a: Flutter Mane\n|-damage|p2a: Flutter Mane|23\/100\n|-enditem|p2a: Flutter Mane|Focus Sash|[from] move: Knock Off|[of] p1b: Incineroar\n|cant|p1a: Calyrex|par\n|\n|-weather|SunnyDay|[upkeep]\n|upkeep\n|turn|8\n|inactive|TheGreatDondozo has 30 seconds left.\n|\n|t:|1738445634\n|switch|p1a: Pelipper|Pelipper, L50, F, tera:Grass|83\/100\n|-weather|RainDance|[from] ability: Drizzle|[of] p1a: Pelipper\n|-end|p2a: Flutter Mane|Protosynthesis\n|move|p2a: Flutter Mane|Fake Tears|p1b: Incineroar\n|-unboost|p1b: Incineroar|spd|2\n|move|p2b: Groudon|Heat Wave|p1a: Pelipper|[spread] p1a,p1b\n|-supereffective|p1a: Pelipper\n|-resisted|p1b: Incineroar\n|-damage|p1a: Pelipper|21\/100\n|-damage|p1b: Incineroar|49\/100\n|move|p1b: Incineroar|Knock Off|p2b: Groudon\n|-damage|p2b: Groudon|5\/100\n|\n|-weather|RainDance|[upkeep]\n|upkeep\n|turn|9\n|\n|t:|1738445655\n|switch|p2b: Raichu|Raichu, L50, M, shiny|46\/100\n|move|p2a: Flutter Mane|Moonblast|p1a: Pelipper\n|-damage|p1a: Pelipper|0 fnt\n|faint|p1a: Pelipper\n|move|p1b: Incineroar|Knock Off|p2a: Flutter Mane\n|-damage|p2a: Flutter Mane|0 fnt\n|faint|p2a: Flutter Mane\n|-end|p2a: Flutter Mane|Protosynthesis|[silent]\n|\n|-weather|RainDance|[upkeep]\n|upkeep\n|\n|t:|1738445659\n|switch|p2a: Groudon|Groudon, L50, shiny, tera:Fire|5\/100\n|switch|p1a: Calyrex|Calyrex-Ice, L50|13\/100 par\n|-ability|p1a: Calyrex|As One\n|-ability|p1a: Calyrex|Unnerve\n|-weather|SunnyDay|[from] ability: Drought|[of] p2a: Groudon\n|turn|10\n|\n|t:|1738445674\n|move|p2b: Raichu|Fake Out|p1b: Incineroar\n|-damage|p1b: Incineroar|40\/100\n|move|p2a: Groudon|Heat Wave|p1a: Calyrex|[spread] p1a,p1b\n|-supereffective|p1a: Calyrex\n|-resisted|p1b: Incineroar\n|-damage|p1a: Calyrex|0 fnt\n|-damage|p1b: Incineroar|4\/100\n|faint|p1a: Calyrex\n|cant|p1b: Incineroar|flinch\n|\n|-weather|SunnyDay|[upkeep]\n|upkeep\n|turn|11\n|\n|t:|1738445684\n|move|p2b: Raichu|Volt Switch|p1b: Incineroar\n|-damage|p1b: Incineroar|0 fnt\n|faint|p1b: Incineroar\n|\n|win|snipedrone\n|raw|TheGreatDondozo's rating: 1582 &rarr; <strong>1565<\/strong><br \/>(-17 for losing)\n|raw|snipedrone's rating: 1639 &rarr; <strong>1656<\/strong><br \/>(+17 for winning)\n|l|\u2606snipedrone\n|player|p2|\n|l|\u203dTheGreatDondozo\n|player|p1|\n","uploadtime":1738445843,"views":8,"formatid":"gen9vgc2025regg","rating":1565,"private":0,"password":null}