{"id":"gen9vgc2025regg-2292622266","format":"[Gen 9] VGC 2025 Reg G","players":["Prometheus756","Yung Trav"],"log":"|j|\u2606Prometheus756\n|j|\u203dYung Trav\n|t:|1738446892\n|gametype|doubles\n|player|p1|Prometheus756|gentleman-gen4dp|1619\n|player|p2|Yung Trav|2|1614\n|teamsize|p1|6\n|teamsize|p2|6\n|gen|9\n|tier|[Gen 9] VGC 2025 Reg G\n|rated|\n|rule|Species Clause: Limit one of each Pok\u00e9mon\n|rule|Item Clause: Limit 1 of each item\n|clearpoke\n|poke|p1|Rayquaza, L50|\n|poke|p1|Rillaboom, L50, F|\n|poke|p1|Chien-Pao, L50|\n|poke|p1|Smeargle, L50, F|\n|poke|p1|Amoonguss, L50, F|\n|poke|p1|Muk-Alola, L50, F|\n|poke|p2|Calyrex-Ice, L50|\n|poke|p2|Regidrago, L50|\n|poke|p2|Smeargle, L50, M|\n|poke|p2|Farigiraf, L50, M|\n|poke|p2|Urshifu-*, L50, M|\n|poke|p2|Ogerpon-Cornerstone, L50, F|\n|teampreview|4\n|inactive|Battle timer is ON: inactive players will automatically lose when time's up. (requested by Prometheus756)\n|inactive|Yung Trav has 60 seconds left.\n|\n|t:|1738446941\n|start\n|switch|p1a: Smeargle|Smeargle, L50, F|100\/100\n|switch|p1b: Muk|Muk-Alola, L50, F|100\/100\n|switch|p2a: Calyrex|Calyrex-Ice, L50|100\/100\n|switch|p2b: Smeargle|Smeargle, L50, M, shiny|100\/100\n|-ability|p2a: Calyrex|As One\n|-ability|p2a: Calyrex|Unnerve\n|turn|1\n|inactive|Prometheus756 has 30 seconds left.\n|inactive|Yung Trav has 30 seconds left.\n|\n|t:|1738446972\n|move|p1a: Smeargle|Fake Out|p2b: Smeargle\n|-damage|p2b: Smeargle|93\/100\n|cant|p2b: Smeargle|flinch\n|move|p2a: Calyrex|Glacial Lance|p1b: Muk|[spread] p1a,p1b\n|-enditem|p1a: Smeargle|Focus Sash\n|-damage|p1a: Smeargle|1\/100\n|-damage|p1b: Muk|55\/100\n|move|p1b: Muk|Minimize|p1b: Muk\n|-boost|p1b: Muk|evasion|2\n|\n|-heal|p1b: Muk|61\/100|[from] item: Leftovers\n|-ability|p1a: Smeargle|Moody|boost\n|-boost|p1a: Smeargle|atk|2\n|-unboost|p1a: Smeargle|def|1\n|upkeep\n|turn|2\n|inactive|Prometheus756 has 30 seconds left.\n|inactive|Yung Trav has 30 seconds left.\n|inactive|Yung Trav has 20 seconds left.\n|\n|t:|1738447009\n|move|p1a: Smeargle|Spore|p2a: Calyrex\n|-status|p2a: Calyrex|slp|[from] move: Spore\n|cant|p2a: Calyrex|slp\n|move|p2b: Smeargle|Spore|p1b: Muk|[miss]\n|-miss|p2b: Smeargle|p1b: Muk\n|move|p1b: Muk|Minimize|p1b: Muk\n|-boost|p1b: Muk|evasion|2\n|\n|-heal|p1b: Muk|67\/100|[from] item: Leftovers\n|-ability|p1a: Smeargle|Moody|boost\n|-boost|p1a: Smeargle|def|2\n|-unboost|p1a: Smeargle|atk|1\n|upkeep\n|turn|3\n|\n|t:|1738447030\n|move|p1a: Smeargle|Spore|p2b: Smeargle\n|-status|p2b: Smeargle|slp|[from] move: Spore\n|-curestatus|p2a: Calyrex|slp|[msg]\n|move|p2a: Calyrex|Glacial Lance|p1a: Smeargle|[spread] p1a,p1b\n|-damage|p1a: Smeargle|0 fnt\n|-damage|p1b: Muk|19\/100\n|faint|p1a: Smeargle\n|-ability|p1b: Muk|Moody|[from] ability: Power of Alchemy|[of] p1a: Smeargle\n|-ability|p2a: Calyrex|Chilling Neigh|boost\n|-boost|p2a: Calyrex|atk|1\n|cant|p2b: Smeargle|slp\n|move|p1b: Muk|Minimize|p1b: Muk\n|-boost|p1b: Muk|evasion|2\n|\n|-heal|p1b: Muk|25\/100|[from] item: Leftovers\n|-ability|p1b: Muk|Moody|boost\n|-boost|p1b: Muk|atk|2\n|-unboost|p1b: Muk|spa|1\n|upkeep\n|\n|t:|1738447039\n|switch|p1a: Amoonguss|Amoonguss, L50, F|100\/100\n|turn|4\n|inactive|Yung Trav has 30 seconds left.\n|\n|t:|1738447065\n|-terastallize|p2a: Calyrex|Water\n|-terastallize|p1a: Amoonguss|Water\n|move|p1b: Muk|Protect|p1b: Muk\n|-singleturn|p1b: Muk|Protect\n|move|p2a: Calyrex|Glacial Lance|p1a: Amoonguss|[spread] p1a\n|-activate|p1b: Muk|move: Protect\n|-resisted|p1a: Amoonguss\n|-damage|p1a: Amoonguss|58\/100\n|cant|p2b: Smeargle|slp\n|move|p1a: Amoonguss|Spore|p2a: Calyrex\n|-status|p2a: Calyrex|slp|[from] move: Spore\n|\n|-heal|p1b: Muk|31\/100|[from] item: Leftovers\n|-ability|p1b: Muk|Moody|boost\n|-boost|p1b: Muk|def|2\n|-unboost|p1b: Muk|spa|1\n|upkeep\n|turn|5\n|inactive|Prometheus756 has 30 seconds left.\n|\n|t:|1738447096\n|cant|p2a: Calyrex|slp\n|cant|p2b: Smeargle|slp\n|move|p1b: Muk|Substitute|p1b: Muk\n|-start|p1b: Muk|Substitute\n|-damage|p1b: Muk|6\/100\n|move|p1a: Amoonguss|Foul Play|p2a: Calyrex\n|-damage|p2a: Calyrex|61\/100 slp\n|\n|-heal|p1b: Muk|12\/100|[from] item: Leftovers\n|-ability|p1b: Muk|Moody|boost\n|-boost|p1b: Muk|def|2\n|-unboost|p1b: Muk|atk|1\n|upkeep\n|turn|6\n|inactive|Prometheus756 has 30 seconds left.\n|\n|t:|1738447128\n|cant|p2a: Calyrex|slp\n|-curestatus|p2b: Smeargle|slp|[msg]\n|move|p2b: Smeargle|Spore|p1a: Amoonguss\n|-status|p1a: Amoonguss|slp|[from] move: Spore\n|move|p1b: Muk|Toxic|p2b: Smeargle\n|-status|p2b: Smeargle|tox\n|cant|p1a: Amoonguss|slp\n|\n|-heal|p1b: Muk|19\/100|[from] item: Leftovers\n|-damage|p2b: Smeargle|87\/100 tox|[from] psn\n|-ability|p1b: Muk|Moody|boost\n|-boost|p1b: Muk|spa|2\n|-unboost|p1b: Muk|atk|1\n|upkeep\n|turn|7\n|\n|t:|1738447149\n|move|p1b: Muk|Protect|p1b: Muk\n|-singleturn|p1b: Muk|Protect\n|-curestatus|p2a: Calyrex|slp|[msg]\n|move|p2a: Calyrex|Glacial Lance|p1b: Muk|[spread] p1a\n|-activate|p1b: Muk|move: Protect\n|-resisted|p1a: Amoonguss\n|-crit|p1a: Amoonguss\n|-damage|p1a: Amoonguss|0 fnt\n|faint|p1a: Amoonguss\n|-ability|p2a: Calyrex|Chilling Neigh|boost\n|-boost|p2a: Calyrex|atk|1\n|move|p2b: Smeargle|Decorate|p2a: Calyrex\n|-boost|p2a: Calyrex|atk|2\n|-boost|p2a: Calyrex|spa|2\n|\n|-heal|p1b: Muk|25\/100|[from] item: Leftovers\n|-damage|p2b: Smeargle|75\/100 tox|[from] psn\n|-ability|p1b: Muk|Moody|boost\n|-boost|p1b: Muk|spa|2\n|-unboost|p1b: Muk|spe|1\n|upkeep\n|\n|t:|1738447162\n|switch|p1a: Rillaboom|Rillaboom, L50, F|100\/100\n|-fieldstart|move: Grassy Terrain|[from] ability: Grassy Surge|[of] p1a: Rillaboom\n|turn|8\n|\n|t:|1738447182\n|move|p1a: Rillaboom|Fake Out|p2a: Calyrex\n|-crit|p2a: Calyrex\n|-damage|p2a: Calyrex|47\/100\n|move|p2b: Smeargle|Follow Me|p2b: Smeargle\n|-singleturn|p2b: Smeargle|move: Follow Me\n|cant|p2a: Calyrex|flinch\n|move|p1b: Muk|Toxic|p2b: Smeargle\n|-fail|p2b: Smeargle|tox\n|\n|-heal|p2a: Calyrex|53\/100|[from] Grassy Terrain\n|-heal|p2b: Smeargle|81\/100 tox|[from] Grassy Terrain\n|-heal|p1b: Muk|31\/100|[from] Grassy Terrain\n|-heal|p1b: Muk|37\/100|[from] item: Leftovers\n|-damage|p2b: Smeargle|62\/100 tox|[from] psn\n|-ability|p1b: Muk|Moody|boost\n|-boost|p1b: Muk|atk|2\n|-unboost|p1b: Muk|spd|1\n|upkeep\n|turn|9\n|inactive|Prometheus756 has 30 seconds left.\n|\n|t:|1738447215\n|move|p2b: Smeargle|Follow Me|p2b: Smeargle\n|-singleturn|p2b: Smeargle|move: Follow Me\n|move|p1a: Rillaboom|Wood Hammer|p2b: Smeargle\n|-damage|p2b: Smeargle|0 fnt\n|faint|p2b: Smeargle\n|-damage|p1a: Rillaboom|82\/100|[from] Recoil\n|move|p2a: Calyrex|Glacial Lance|p1b: Muk|[spread] p1a\n|-miss|p2a: Calyrex|p1b: Muk\n|-supereffective|p1a: Rillaboom\n|-damage|p1a: Rillaboom|0 fnt\n|faint|p1a: Rillaboom\n|-ability|p2a: Calyrex|Chilling Neigh|boost\n|-boost|p2a: Calyrex|atk|1\n|move|p1b: Muk|Toxic|p2a: Calyrex\n|-status|p2a: Calyrex|tox\n|\n|-heal|p2a: Calyrex|59\/100 tox|[from] Grassy Terrain\n|-heal|p1b: Muk|43\/100|[from] Grassy Terrain\n|-heal|p1b: Muk|49\/100|[from] item: Leftovers\n|-damage|p2a: Calyrex|53\/100 tox|[from] psn\n|-ability|p1b: Muk|Moody|boost\n|-boost|p1b: Muk|def|2\n|-unboost|p1b: Muk|spd|1\n|upkeep\n|inactive|Yung Trav has 30 seconds left.\n|\n|t:|1738447246\n|switch|p2b: Ogerpon|Ogerpon-Cornerstone, L50, F|100\/100\n|turn|10\n|\n|t:|1738447252\n|move|p1b: Muk|Protect|p1b: Muk\n|-singleturn|p1b: Muk|Protect\n|move|p2b: Ogerpon|Ivy Cudgel|p1b: Muk|[anim] Ivy Cudgel Rock\n|-activate|p1b: Muk|move: Protect\n|move|p2a: Calyrex|Glacial Lance|p1b: Muk\n|-activate|p1b: Muk|move: Protect\n|\n|-heal|p2a: Calyrex|59\/100 tox|[from] Grassy Terrain\n|-heal|p1b: Muk|55\/100|[from] Grassy Terrain\n|-heal|p1b: Muk|62\/100|[from] item: Leftovers\n|-damage|p2a: Calyrex|47\/100 tox|[from] psn\n|-ability|p1b: Muk|Moody|boost\n|-boost|p1b: Muk|atk|2\n|-unboost|p1b: Muk|spd|1\n|upkeep\n|turn|11\n|\n|t:|1738447273\n|move|p2b: Ogerpon|Ivy Cudgel|p1b: Muk|[anim] Ivy Cudgel Rock|[miss]\n|-miss|p2b: Ogerpon|p1b: Muk\n|move|p2a: Calyrex|Glacial Lance|p1b: Muk\n|-end|p1b: Muk|Substitute\n|move|p1b: Muk|Toxic|p2b: Ogerpon\n|-status|p2b: Ogerpon|tox\n|\n|-heal|p2a: Calyrex|53\/100 tox|[from] Grassy Terrain\n|-heal|p1b: Muk|68\/100|[from] Grassy Terrain\n|-heal|p1b: Muk|74\/100|[from] item: Leftovers\n|-damage|p2b: Ogerpon|95\/100 tox|[from] psn\n|-damage|p2a: Calyrex|35\/100 tox|[from] psn\n|-ability|p1b: Muk|Moody|boost\n|-boost|p1b: Muk|spe|2\n|-unboost|p1b: Muk|def|1\n|upkeep\n|turn|12\n|\n|t:|1738447292\n|move|p1b: Muk|Protect|p1b: Muk\n|-singleturn|p1b: Muk|Protect\n|move|p2b: Ogerpon|Ivy Cudgel|p1b: Muk|[anim] Ivy Cudgel Rock\n|-activate|p1b: Muk|move: Protect\n|move|p2a: Calyrex|Glacial Lance|p1b: Muk\n|-activate|p1b: Muk|move: Protect\n|\n|-heal|p2b: Ogerpon|100\/100 tox|[from] Grassy Terrain\n|-heal|p1b: Muk|80\/100|[from] Grassy Terrain\n|-heal|p1b: Muk|86\/100|[from] item: Leftovers\n|-heal|p2a: Calyrex|41\/100 tox|[from] Grassy Terrain\n|-damage|p2b: Ogerpon|89\/100 tox|[from] psn\n|-damage|p2a: Calyrex|17\/100 tox|[from] psn\n|-fieldend|move: Grassy Terrain\n|-ability|p1b: Muk|Moody|boost\n|-boost|p1b: Muk|spd|2\n|-unboost|p1b: Muk|spe|1\n|upkeep\n|turn|13\n|inactive|Prometheus756 has 30 seconds left.\n|\n|t:|1738447319\n|move|p2b: Ogerpon|Ivy Cudgel|p1b: Muk|[anim] Ivy Cudgel Rock\n|-damage|p1b: Muk|73\/100\n|move|p2a: Calyrex|High Horsepower|p1b: Muk|[miss]\n|-miss|p2a: Calyrex|p1b: Muk\n|move|p1b: Muk|Substitute|p1b: Muk\n|-start|p1b: Muk|Substitute\n|-damage|p1b: Muk|48\/100\n|\n|-heal|p1b: Muk|55\/100|[from] item: Leftovers\n|-damage|p2b: Ogerpon|72\/100 tox|[from] psn\n|-damage|p2a: Calyrex|0 fnt|[from] psn\n|faint|p2a: Calyrex\n|-ability|p1b: Muk|Moody|boost\n|-boost|p1b: Muk|spe|2\n|-unboost|p1b: Muk|spd|1\n|upkeep\n|\n|t:|1738447335\n|switch|p2a: Farigiraf|Farigiraf, L50, M, shiny|100\/100\n|turn|14\n|\n|t:|1738447343\n|move|p1b: Muk|Protect|p1b: Muk\n|-singleturn|p1b: Muk|Protect\n|move|p2b: Ogerpon|Ivy Cudgel|p1b: Muk|[anim] Ivy Cudgel Rock\n|-activate|p1b: Muk|move: Protect\n|move|p2a: Farigiraf|Psychic Noise|p1b: Muk\n|-activate|p1b: Muk|move: Protect\n|\n|-heal|p1b: Muk|61\/100|[from] item: Leftovers\n|-damage|p2b: Ogerpon|49\/100 tox|[from] psn\n|-ability|p1b: Muk|Moody|boost\n|-boost|p1b: Muk|spd|2\n|-unboost|p1b: Muk|def|1\n|upkeep\n|turn|15\n|\n|t:|1738447360\n|move|p2b: Ogerpon|Ivy Cudgel|p1b: Muk|[anim] Ivy Cudgel Rock|[miss]\n|-miss|p2b: Ogerpon|p1b: Muk\n|move|p1b: Muk|Toxic|p2a: Farigiraf\n|-status|p2a: Farigiraf|tox\n|move|p2a: Farigiraf|Foul Play|p1b: Muk|[miss]\n|-miss|p2a: Farigiraf|p1b: Muk\n|\n|-heal|p1b: Muk|67\/100|[from] item: Leftovers\n|-damage|p2b: Ogerpon|20\/100 tox|[from] psn\n|-damage|p2a: Farigiraf|94\/100 tox|[from] psn\n|-ability|p1b: Muk|Moody|boost\n|-boost|p1b: Muk|spd|2\n|-unboost|p1b: Muk|spe|1\n|upkeep\n|turn|16\n|\n|t:|1738447377\n|move|p2b: Ogerpon|Ivy Cudgel|p1b: Muk|[anim] Ivy Cudgel Rock\n|-activate|p1b: Muk|move: Substitute|[damage]\n|move|p1b: Muk|Substitute|p1b: Muk\n|-fail|p1b: Muk|move: Substitute\n|move|p2a: Farigiraf|Psychic Noise|p1b: Muk\n|-immune|p1b: Muk\n|\n|-heal|p1b: Muk|73\/100|[from] item: Leftovers\n|-damage|p2b: Ogerpon|0 fnt|[from] psn\n|faint|p2b: Ogerpon\n|-damage|p2a: Farigiraf|82\/100 tox|[from] psn\n|-ability|p1b: Muk|Moody|boost\n|-boost|p1b: Muk|spd|2\n|-unboost|p1b: Muk|def|1\n|upkeep\n|turn|17\n|\n|t:|1738447396\n|move|p1b: Muk|Protect|p1b: Muk\n|-singleturn|p1b: Muk|Protect\n|move|p2a: Farigiraf|Psychic Noise|p1b: Muk\n|-activate|p1b: Muk|move: Protect\n|\n|-heal|p1b: Muk|79\/100|[from] item: Leftovers\n|-damage|p2a: Farigiraf|64\/100 tox|[from] psn\n|-ability|p1b: Muk|Moody|boost\n|-boost|p1b: Muk|spa|2\n|-unboost|p1b: Muk|spd|1\n|upkeep\n|turn|18\n|\n|t:|1738447409\n|move|p1b: Muk|Substitute|p1b: Muk\n|-fail|p1b: Muk|move: Substitute\n|move|p2a: Farigiraf|Psychic Noise|p1b: Muk\n|-immune|p1b: Muk\n|\n|-heal|p1b: Muk|85\/100|[from] item: Leftovers\n|-damage|p2a: Farigiraf|39\/100 tox|[from] psn\n|-ability|p1b: Muk|Moody|boost\n|-boost|p1b: Muk|spa|2\n|-unboost|p1b: Muk|atk|1\n|upkeep\n|turn|19\n|c|\u2606Prometheus756|Gg\n|-message|Yung Trav forfeited.\n|\n|win|Prometheus756\n|raw|Prometheus756's rating: 1619 &rarr; <strong>1639<\/strong><br \/>(+20 for winning)\n|raw|Yung Trav's rating: 1614 &rarr; <strong>1594<\/strong><br \/>(-20 for losing)\n|l|\u203dYung Trav\n|player|p2|\n|l|\u2606Prometheus756\n|player|p1|\n","uploadtime":1738447642,"views":17,"formatid":"gen9vgc2025regg","rating":1594,"private":0,"password":null}