{"id":"gen9vgc2025regg-2292108470","format":"[Gen 9] VGC 2025 Reg G","players":["FunkyPengu1n","meiose"],"log":"|j|\u203dFunkyPengu1n\n|j|\u2606meiose\n|t:|1738365443\n|gametype|doubles\n|player|p1|FunkyPengu1n|266|1582\n|player|p2|meiose|morty|1621\n|teamsize|p1|6\n|teamsize|p2|6\n|gen|9\n|tier|[Gen 9] VGC 2025 Reg G\n|rated|\n|rule|Species Clause: Limit one of each Pok\u00e9mon\n|rule|Item Clause: Limit 1 of each item\n|clearpoke\n|poke|p1|Calyrex-Ice, L50|\n|poke|p1|Landorus, L50, M|\n|poke|p1|Amoonguss, L50, M|\n|poke|p1|Urshifu-*, L50, M|\n|poke|p1|Roaring Moon, L50|\n|poke|p1|Ogerpon-Hearthflame, L50, F|\n|poke|p2|Koraidon, L50|\n|poke|p2|Umbreon, L50, M|\n|poke|p2|Raging Bolt, L50|\n|poke|p2|Flutter Mane, L50|\n|poke|p2|Ogerpon-Cornerstone, L50, F|\n|poke|p2|Entei, L50|\n|teampreview|4\n|\n|t:|1738365510\n|start\n|switch|p1a: Roaring Moon|Roaring Moon, L50|100\/100\n|switch|p1b: Landorus|Landorus, L50, M|100\/100\n|switch|p2a: Entei|Entei, L50|100\/100\n|switch|p2b: Koraidon|Koraidon, L50|100\/100\n|-weather|SunnyDay|[from] ability: Orichalcum Pulse|[of] p2b: Koraidon\n|-activate|p1a: Roaring Moon|ability: Protosynthesis\n|-start|p1a: Roaring Moon|protosynthesisspe\n|-activate|p2b: Koraidon|Orichalcum Pulse|[source]\n|turn|1\n|\n|t:|1738365566\n|-terastallize|p2a: Entei|Normal\n|move|p1a: Roaring Moon|Tailwind|p1a: Roaring Moon\n|-sidestart|p1: FunkyPengu1n|move: Tailwind\n|move|p1b: Landorus|Sandsear Storm|p2b: Koraidon|[spread] p2a\n|-miss|p1b: Landorus|p2b: Koraidon\n|-damage|p2a: Entei|24\/100\n|move|p2b: Koraidon|Scale Shot|p1a: Roaring Moon\n|-supereffective|p1a: Roaring Moon\n|-damage|p1a: Roaring Moon|61\/100\n|-supereffective|p1a: Roaring Moon\n|-damage|p1a: Roaring Moon|24\/100\n|-supereffective|p1a: Roaring Moon\n|-crit|p1a: Roaring Moon\n|-damage|p1a: Roaring Moon|0 fnt\n|faint|p1a: Roaring Moon\n|-end|p1a: Roaring Moon|Protosynthesis|[silent]\n|-hitcount|p1: Roaring Moon|3\n|-unboost|p2b: Koraidon|def|1\n|-boost|p2b: Koraidon|spe|1\n|move|p2a: Entei|Sacred Fire|p1b: Landorus\n|-damage|p1b: Landorus|2\/100\n|\n|-weather|SunnyDay|[upkeep]\n|upkeep\n|\n|t:|1738365589\n|switch|p1a: Ogerpon|Ogerpon-Hearthflame, L50, F|100\/100\n|-ability|p1a: Ogerpon|Mold Breaker\n|turn|2\n|\n|t:|1738365608\n|switch|p2a: Umbreon|Umbreon, L50, M|100\/100\n|move|p1b: Landorus|Protect|p1b: Landorus\n|-singleturn|p1b: Landorus|Protect\n|move|p2b: Koraidon|Scale Shot|p1b: Landorus\n|-activate|p1b: Landorus|move: Protect\n|move|p1a: Ogerpon|Ivy Cudgel|p2a: Umbreon|[anim] Ivy Cudgel Fire\n|-damage|p2a: Umbreon|51\/100\n|\n|-weather|SunnyDay|[upkeep]\n|upkeep\n|turn|3\n|j| cccue6tu\n|inactive|Battle timer is ON: inactive players will automatically lose when time's up. (requested by meiose)\n|\n|t:|1738365661\n|-terastallize|p1a: Ogerpon|Fire\n|detailschange|p1a: Ogerpon|Ogerpon-Hearthflame-Tera, L50, F, tera:Fire\n|-ability|p1a: Ogerpon|Embody Aspect (Hearthflame)|boost\n|-boost|p1a: Ogerpon|atk|1\n|move|p2b: Koraidon|Scale Shot|p1b: Landorus\n|-damage|p1b: Landorus|0 fnt\n|faint|p1b: Landorus\n|-hitcount|p1: Landorus|1\n|-unboost|p2b: Koraidon|def|1\n|-boost|p2b: Koraidon|spe|1\n|move|p1a: Ogerpon|Ivy Cudgel|p2a: Umbreon|[anim] Ivy Cudgel Fire\n|-damage|p2a: Umbreon|0 fnt\n|faint|p2a: Umbreon\n|\n|-weather|SunnyDay|[upkeep]\n|upkeep\n|\n|t:|1738365680\n|switch|p1b: Calyrex|Calyrex-Ice, L50|100\/100\n|switch|p2a: Ogerpon|Ogerpon-Cornerstone, L50, F|100\/100\n|-ability|p1b: Calyrex|As One\n|-ability|p1b: Calyrex|Unnerve\n|turn|4\n|inactive|meiose has 30 seconds left.\n|inactive|meiose has 20 seconds left.\n|inactive|meiose has 15 seconds left.\n|\n|t:|1738365720\n|move|p1a: Ogerpon|Spiky Shield|p1a: Ogerpon\n|-singleturn|p1a: Ogerpon|move: Protect\n|move|p2b: Koraidon|Flare Blitz|p1b: Calyrex\n|-supereffective|p1b: Calyrex\n|-damage|p1b: Calyrex|0 fnt\n|faint|p1b: Calyrex\n|-damage|p2b: Koraidon|62\/100|[from] Recoil\n|move|p2a: Ogerpon|Ivy Cudgel|p1a: Ogerpon|[anim] Ivy Cudgel Rock\n|-activate|p1a: Ogerpon|move: Protect\n|\n|-weather|SunnyDay|[upkeep]\n|-sideend|p1: FunkyPengu1n|move: Tailwind\n|upkeep\n|turn|5\n|-message|FunkyPengu1n forfeited.\n|\n|win|meiose\n|raw|FunkyPengu1n's rating: 1582 &rarr; <strong>1564<\/strong><br \/>(-18 for losing)\n|raw|meiose's rating: 1621 &rarr; <strong>1639<\/strong><br \/>(+18 for winning)\n|l|\u203dFunkyPengu1n\n|player|p1|\n|l| cccue6tu\n","uploadtime":1738365928,"views":13,"formatid":"gen9vgc2025regg","rating":1564,"private":0,"password":null}