{"id":"gen9vgc2025regg-2292805301","format":"[Gen 9] VGC 2025 Reg G","players":["TheLoanRanger","jdarcan"],"log":"|j|\u2606TheLoanRanger\n|j|\u2606jdarcan\n|t:|1738472617\n|gametype|doubles\n|player|p1|TheLoanRanger|gardenia|1549\n|player|p2|jdarcan|pokemonranger|1569\n|teamsize|p1|6\n|teamsize|p2|6\n|gen|9\n|tier|[Gen 9] VGC 2025 Reg G\n|rated|\n|rule|Species Clause: Limit one of each Pok\u00e9mon\n|rule|Item Clause: Limit 1 of each item\n|clearpoke\n|poke|p1|Miraidon, L50|\n|poke|p1|Talonflame, L50, M|\n|poke|p1|Urshifu-*, L50, F|\n|poke|p1|Ogerpon-Hearthflame, L50, F|\n|poke|p1|Kingambit, L50, F|\n|poke|p1|Flutter Mane, L50|\n|poke|p2|Calyrex-Ice, L50|\n|poke|p2|Landorus, L50, M|\n|poke|p2|Urshifu-*, L50, M|\n|poke|p2|Raging Bolt, L50|\n|poke|p2|Pelipper, L50, F|\n|poke|p2|Smeargle, L50, M|\n|teampreview|4\nTheLoanRanger has agreed to open team sheets.\n|\n|t:|1738472664\n|start\n|switch|p1a: Miraidon|Miraidon, L50|100\/100\n|switch|p1b: Talonflame|Talonflame, L50, M|100\/100\n|switch|p2a: Calyrex|Calyrex-Ice, L50|100\/100\n|switch|p2b: Smeargle|Smeargle, L50, M|100\/100\n|-ability|p2a: Calyrex|As One\n|-ability|p2a: Calyrex|Unnerve\n|-fieldstart|move: Electric Terrain|[from] ability: Hadron Engine|[of] p1a: Miraidon\n|turn|1\n|\n|t:|1738472687\n|move|p2b: Smeargle|Baneful Bunker|p2b: Smeargle\n|-singleturn|p2b: Smeargle|move: Protect\n|move|p2a: Calyrex|Protect|p2a: Calyrex\n|-singleturn|p2a: Calyrex|Protect\n|move|p1b: Talonflame|Quick Guard|p1b: Talonflame\n|-singleturn|p1b: Talonflame|Quick Guard\n|move|p1a: Miraidon|Electro Drift|p2a: Calyrex\n|-activate|p2a: Calyrex|move: Protect\n|\n|-ability|p2b: Smeargle|Moody|boost\n|-boost|p2b: Smeargle|spd|2\n|-unboost|p2b: Smeargle|atk|1\n|upkeep\n|turn|2\n|\n|t:|1738472703\n|move|p2b: Smeargle|Follow Me|p2b: Smeargle\n|-singleturn|p2b: Smeargle|move: Follow Me\n|move|p1b: Talonflame|Will-O-Wisp|p2b: Smeargle\n|-status|p2b: Smeargle|brn\n|move|p1a: Miraidon|Electro Drift|p2b: Smeargle\n|-enditem|p2b: Smeargle|Focus Sash\n|-damage|p2b: Smeargle|1\/100 brn\n|move|p2a: Calyrex|Glacial Lance|p1b: Talonflame|[spread] p1a,p1b\n|-supereffective|p1a: Miraidon\n|-damage|p1a: Miraidon|4\/100\n|-damage|p1b: Talonflame|2\/100\n|\n|-damage|p2b: Smeargle|0 fnt|[from] brn\n|faint|p2b: Smeargle\n|upkeep\n|\n|t:|1738472731\n|switch|p2b: Raging Bolt|Raging Bolt, L50|100\/100\n|turn|3\n|\n|t:|1738472760\n|move|p2a: Calyrex|Protect|p2a: Calyrex\n|-singleturn|p2a: Calyrex|Protect\n|move|p1b: Talonflame|Quick Guard|p1b: Talonflame\n|-singleturn|p1b: Talonflame|Quick Guard\n|move|p1a: Miraidon|Electro Drift|p2a: Calyrex\n|-activate|p2a: Calyrex|move: Protect\n|move|p2b: Raging Bolt|Snarl|p1a: Miraidon|[spread] p1a,p1b\n|-damage|p1a: Miraidon|0 fnt\n|-damage|p1b: Talonflame|0 fnt\n|faint|p1a: Miraidon\n|faint|p1b: Talonflame\n|\n|upkeep\n|\n|t:|1738472763\n|switch|p1b: Kingambit|Kingambit, L50, F|100\/100\n|switch|p1a: Urshifu|Urshifu-Rapid-Strike, L50, F|100\/100\n|turn|4\n|\n|t:|1738472804\n|-terastallize|p1a: Urshifu|Stellar\n|-terastallize|p2a: Calyrex|Water\n|move|p2b: Raging Bolt|Thunderclap|p1a: Urshifu\n|-supereffective|p1a: Urshifu\n|-enditem|p1a: Urshifu|Focus Sash\n|-damage|p1a: Urshifu|1\/100\n|move|p1a: Urshifu|Close Combat|p2b: Raging Bolt\n|-damage|p2b: Raging Bolt|44\/100\n|-unboost|p1a: Urshifu|def|1\n|-unboost|p1a: Urshifu|spd|1\n|move|p1b: Kingambit|Kowtow Cleave|p2b: Raging Bolt\n|-damage|p2b: Raging Bolt|8\/100\n|move|p2a: Calyrex|High Horsepower|p1b: Kingambit\n|-supereffective|p1b: Kingambit\n|-damage|p1b: Kingambit|38\/100\n|\n|upkeep\n|turn|5\n|-message|TheLoanRanger forfeited.\n|\n|win|jdarcan\n|raw|TheLoanRanger's rating: 1549 &rarr; <strong>1530<\/strong><br \/>(-19 for losing)\n|raw|jdarcan's rating: 1569 &rarr; <strong>1588<\/strong><br \/>(+19 for winning)\n|l|\u2606TheLoanRanger\n|player|p1|\n|l|\u2606jdarcan\n|player|p2|\n","uploadtime":1738472986,"views":9,"formatid":"gen9vgc2025regg","rating":1530,"private":0,"password":null}