{"id":"gen9vgc2025regg-2292622493","format":"[Gen 9] VGC 2025 Reg G","players":["Pneumatictoad","MoodyMukVGC"],"log":"|j|\u2606Pneumatictoad\n|j|\u2606MoodyMukVGC\n|t:|1738446919\n|gametype|doubles\n|player|p1|Pneumatictoad|janine|1608\n|player|p2|MoodyMukVGC|chuck|1565\n|teamsize|p1|6\n|teamsize|p2|4\n|gen|9\n|tier|[Gen 9] VGC 2025 Reg G\n|rated|\n|rule|Species Clause: Limit one of each Pok\u00e9mon\n|rule|Item Clause: Limit 1 of each item\n|clearpoke\n|poke|p1|Calyrex-Ice, L50|\n|poke|p1|Trapinch, L50, F|\n|poke|p1|Annihilape, L50, M|\n|poke|p1|Pelipper, L50, F|\n|poke|p1|Jigglypuff, L50, F|\n|poke|p1|Urshifu-*, L50, M|\n|poke|p2|Calyrex-Shadow, L50|\n|poke|p2|Clefairy, L50, M|\n|poke|p2|Grimmsnarl, L50, M|\n|poke|p2|Gyarados, L50, M|\n|teampreview|4\n|c|\u2606MoodyMukVGC|my team\n|c|\u2606MoodyMukVGC|you stole my team\n|\n|t:|1738446965\n|start\n|switch|p1a: Annihilape|Annihilape, L50, M|100\/100\n|switch|p1b: Calyrex|Calyrex-Ice, L50|100\/100\n|switch|p2a: Gyarados|Gyarados, L50, M, shiny|100\/100\n|switch|p2b: Calyrex|Calyrex-Shadow, L50|100\/100\n|-ability|p2b: Calyrex|As One\n|-ability|p2b: Calyrex|Unnerve\n|-ability|p1b: Calyrex|As One\n|-ability|p1b: Calyrex|Unnerve\n|-ability|p2a: Gyarados|Intimidate|boost\n|-unboost|p1a: Annihilape|atk|1\n|-unboost|p1b: Calyrex|atk|1\n|turn|1\n|c|\u2606Pneumatictoad|No ive been running this since reg g started\n|c|\u2606MoodyMukVGC|really\n|c|\u2606Pneumatictoad|Elektriktoad is my main account\n|c|\u2606MoodyMukVGC|how successful have you been?\n|c|\u2606MoodyMukVGC|i found this composition on porydex\n|c|\u2606Pneumatictoad|Last reg g i got to 1799\n|c|\u2606MoodyMukVGC|woah!\n|c|\u2606Pneumatictoad|having a harder time this go around\n|c|\u2606MoodyMukVGC|glhf it's a good combination\n|\n|t:|1738447041\n|-terastallize|p2b: Calyrex|Fairy\n|-terastallize|p1b: Calyrex|Grass\n|move|p1a: Annihilape|Final Gambit|p2a: Gyarados\n|-damage|p2a: Gyarados|0 fnt\n|faint|p1a: Annihilape\n|faint|p2a: Gyarados\n|move|p2b: Calyrex|Calm Mind|p2b: Calyrex\n|-boost|p2b: Calyrex|spa|1\n|-boost|p2b: Calyrex|spd|1\n|move|p1b: Calyrex|Trick Room|p1b: Calyrex\n|-fieldstart|move: Trick Room|[of] p1b: Calyrex\n|\n|upkeep\n|c|\u2606Pneumatictoad|Perish on jigglypuff does crazy work as a finisher lol\n|c|\u2606MoodyMukVGC|w\/friend guard\n|c|\u2606MoodyMukVGC|it's sick\n|\n|t:|1738447067\n|switch|p2a: Clefairy|Clefairy, L50, M, shiny|100\/100\n|switch|p1a: Pelipper|Pelipper, L50, F|100\/100\n|-weather|RainDance|[from] ability: Drizzle|[of] p1a: Pelipper\n|turn|2\n|c|\u2606Pneumatictoad|Yeah im max def and a little hp to survive heavy slam from no attack zam\n|\n|t:|1738447092\n|switch|p1b: Jigglypuff|Jigglypuff, L50, F|100\/100\n|move|p2a: Clefairy|Helping Hand|p2b: Calyrex\n|-singleturn|p2b: Calyrex|Helping Hand|[of] p2a: Clefairy\n|move|p1a: Pelipper|Weather Ball|p2a: Clefairy\n|-damage|p2a: Clefairy|39\/100\n|move|p2b: Calyrex|Draining Kiss|p1a: Pelipper\n|-damage|p1a: Pelipper|39\/100\n|\n|-weather|RainDance|[upkeep]\n|upkeep\n|turn|3\n|\n|t:|1738447115\n|move|p1b: Jigglypuff|Protect|p1b: Jigglypuff\n|-singleturn|p1b: Jigglypuff|Protect\n|move|p2a: Clefairy|After You|p2b: Calyrex\n|-activate|p2b: Calyrex|move: After You\n|move|p2b: Calyrex|Astral Barrage|p1b: Jigglypuff|[spread] p1a\n|-activate|p1b: Jigglypuff|move: Protect\n|-damage|p1a: Pelipper|0 fnt\n|faint|p1a: Pelipper\n|-ability|p2b: Calyrex|Grim Neigh|boost\n|-boost|p2b: Calyrex|spa|1\n|\n|-weather|RainDance|[upkeep]\n|upkeep\n|\n|t:|1738447118\n|switch|p1a: Calyrex|Calyrex-Ice, L50, tera:Grass|100\/100\n|-ability|p1a: Calyrex|As One\n|-ability|p1a: Calyrex|Unnerve\n|turn|4\n|\n|t:|1738447133\n|move|p2a: Clefairy|Follow Me|p2a: Clefairy\n|-singleturn|p2a: Clefairy|move: Follow Me\n|move|p1b: Jigglypuff|Heal Pulse|p2a: Clefairy\n|-heal|p2a: Clefairy|89\/100\n|move|p1a: Calyrex|Glacial Lance|p2a: Clefairy|[spread] p2a,p2b\n|-damage|p2a: Clefairy|44\/100\n|-damage|p2b: Calyrex|60\/100\n|move|p2b: Calyrex|Astral Barrage|p1a: Calyrex|[spread] p1a\n|-immune|p1b: Jigglypuff\n|-damage|p1a: Calyrex|55\/100\n|\n|-weather|RainDance|[upkeep]\n|upkeep\n|turn|5\n|\n|t:|1738447156\n|move|p2a: Clefairy|Follow Me|p2a: Clefairy\n|-singleturn|p2a: Clefairy|move: Follow Me\n|move|p1b: Jigglypuff|Knock Off|p2a: Clefairy\n|-resisted|p2a: Clefairy\n|-damage|p2a: Clefairy|40\/100\n|-enditem|p2a: Clefairy|Eviolite|[from] move: Knock Off|[of] p1b: Jigglypuff\n|move|p1a: Calyrex|Glacial Lance|p2b: Calyrex|[spread] p2a,p2b\n|-damage|p2a: Clefairy|0 fnt\n|-damage|p2b: Calyrex|14\/100\n|faint|p2a: Clefairy\n|-ability|p1a: Calyrex|Chilling Neigh|boost\n|-boost|p1a: Calyrex|atk|1\n|move|p2b: Calyrex|Draining Kiss|p1a: Calyrex\n|-damage|p1a: Calyrex|21\/100\n|-heal|p2b: Calyrex|43\/100|[from] drain|[of] p1a: Calyrex\n|\n|-weather|RainDance|[upkeep]\n|-fieldend|move: Trick Room\n|upkeep\n|\n|t:|1738447165\n|switch|p2a: Grimmsnarl|Grimmsnarl, L50, M, shiny|100\/100\n|turn|6\n|\n|t:|1738447176\n|move|p1a: Calyrex|Protect|p1a: Calyrex\n|-singleturn|p1a: Calyrex|Protect\n|move|p2a: Grimmsnarl|Reflect|p2a: Grimmsnarl\n|-sidestart|p2: MoodyMukVGC|Reflect\n|move|p2b: Calyrex|Draining Kiss|p1a: Calyrex\n|-activate|p1a: Calyrex|move: Protect\n|move|p1b: Jigglypuff|Perish Song|p1b: Jigglypuff\n|-start|p1a: Calyrex|perish3|[silent]\n|-start|p1b: Jigglypuff|perish3|[silent]\n|-start|p2a: Grimmsnarl|perish3|[silent]\n|-start|p2b: Calyrex|perish3|[silent]\n|-fieldactivate|move: Perish Song\n|\n|-weather|none\n|-start|p2b: Calyrex|perish3\n|-start|p2a: Grimmsnarl|perish3\n|-start|p1a: Calyrex|perish3\n|-start|p1b: Jigglypuff|perish3\n|upkeep\n|turn|7\n|\n|t:|1738447189\n|move|p1b: Jigglypuff|Protect|p1b: Jigglypuff\n|-singleturn|p1b: Jigglypuff|Protect\n|move|p2b: Calyrex|Draining Kiss|p1b: Jigglypuff\n|-activate|p1b: Jigglypuff|move: Protect\n|move|p2a: Grimmsnarl|Foul Play|p1a: Calyrex\n|-damage|p1a: Calyrex|0 fnt\n|faint|p1a: Calyrex\n|\n|-start|p2b: Calyrex|perish2\n|-start|p2a: Grimmsnarl|perish2\n|-start|p1b: Jigglypuff|perish2\n|upkeep\n|turn|8\n|\n|t:|1738447197\n|move|p2b: Calyrex|Draining Kiss|p1b: Jigglypuff\n|-damage|p1b: Jigglypuff|36\/100\n|-heal|p2b: Calyrex|94\/100|[from] drain|[of] p1b: Jigglypuff\n|move|p2a: Grimmsnarl|Spirit Break|p1b: Jigglypuff\n|-damage|p1b: Jigglypuff|9\/100\n|-unboost|p1b: Jigglypuff|spa|1\n|move|p1b: Jigglypuff|Knock Off|p2b: Calyrex\n|-resisted|p2b: Calyrex\n|-damage|p2b: Calyrex|91\/100\n|-enditem|p2b: Calyrex|Covert Cloak|[from] move: Knock Off|[of] p1b: Jigglypuff\n|\n|-start|p2b: Calyrex|perish1\n|-start|p2a: Grimmsnarl|perish1\n|-start|p1b: Jigglypuff|perish1\n|upkeep\n|turn|9\n|c|\u2606Pneumatictoad|Cmon little guy\n|c|\u2606MoodyMukVGC|gg\n|c|\u2606Pneumatictoad|Gg\n|c|\u2606MoodyMukVGC|crap\n|\n|t:|1738447212\n|move|p1b: Jigglypuff|Protect|p1b: Jigglypuff\n|-singleturn|p1b: Jigglypuff|Protect\n|move|p2b: Calyrex|Draining Kiss|p1b: Jigglypuff\n|-activate|p1b: Jigglypuff|move: Protect\n|move|p2a: Grimmsnarl|Spirit Break|p1b: Jigglypuff\n|-activate|p1b: Jigglypuff|move: Protect\n|\n|-start|p2b: Calyrex|perish0\n|-start|p2a: Grimmsnarl|perish0\n|-start|p1b: Jigglypuff|perish0\n|faint|p2b: Calyrex\n|faint|p2a: Grimmsnarl\n|faint|p1b: Jigglypuff\n|\n|win|Pneumatictoad\n|upkeep\n|raw|Pneumatictoad's rating: 1629 &rarr; <strong>1645<\/strong><br \/>(+16 for winning)\n|raw|MoodyMukVGC's rating: 1565 &rarr; <strong>1549<\/strong><br \/>(-16 for losing)\n|l|\u2606MoodyMukVGC\n|player|p2|\n|l|\u2606Pneumatictoad\n|player|p1|\n|j|\u2606Pneumatictoad\n|player|p1|Pneumatictoad|janine|\n","uploadtime":1738447221,"views":28,"formatid":"gen9vgc2025regg","rating":1549,"private":0,"password":null}