{"id":"gen9vgc2025regg-2292644075","format":"[Gen 9] VGC 2025 Reg G","players":["roykeenkennedy","psychicmesprit"],"log":"|j|\u2606roykeenkennedy\n|j|\u2606psychicmesprit\n|t:|1738449687\n|gametype|doubles\n|player|p1|roykeenkennedy|alder|1561\n|player|p2|psychicmesprit|palmer|1520\n|teamsize|p1|6\n|teamsize|p2|6\n|gen|9\n|tier|[Gen 9] VGC 2025 Reg G\n|rated|\n|rule|Species Clause: Limit one of each Pok\u00e9mon\n|rule|Item Clause: Limit 1 of each item\n|clearpoke\n|poke|p1|Amoonguss, L50, M|\n|poke|p1|Calyrex-Ice, L50|\n|poke|p1|Annihilape, L50, M|\n|poke|p1|Ogerpon-Cornerstone, L50, F|\n|poke|p1|Incineroar, L50, M|\n|poke|p1|Farigiraf, L50, F|\n|poke|p2|Lunala, L50|\n|poke|p2|Chi-Yu, L50|\n|poke|p2|Urshifu-*, L50, M|\n|poke|p2|Flutter Mane, L50|\n|poke|p2|Raging Bolt, L50|\n|poke|p2|Tornadus, L50, M|\n|teampreview|4\n|inactive|Battle timer is ON: inactive players will automatically lose when time's up. (requested by psychicmesprit)\n|j| Killer mm\n|inactive|roykeenkennedy has 60 seconds left.\n|\n|t:|1738449720\n|start\n|switch|p1a: Calyrex|Calyrex-Ice, L50|100\/100\n|switch|p1b: Incineroar|Incineroar, L50, M|100\/100\n|switch|p2a: Chi-Yu|Chi-Yu, L50|100\/100\n|switch|p2b: Urshifu|Urshifu, L50, M|100\/100\n|-ability|p1a: Calyrex|As One\n|-ability|p1a: Calyrex|Unnerve\n|-ability|p2a: Chi-Yu|Beads of Ruin\n|-ability|p1b: Incineroar|Intimidate|boost\n|-unboost|p2a: Chi-Yu|atk|1\n|-unboost|p2b: Urshifu|atk|1\n|turn|1\n|\n|t:|1738449743\n|-terastallize|p1a: Calyrex|Water\n|move|p2a: Chi-Yu|Dark Pulse|p1a: Calyrex\n|-damage|p1a: Calyrex|59\/100\n|move|p2b: Urshifu|Wicked Blow|p1a: Calyrex\n|-crit|p1a: Calyrex\n|-damage|p1a: Calyrex|5\/100\n|move|p1b: Incineroar|Parting Shot|p2a: Chi-Yu\n|-unboost|p2a: Chi-Yu|atk|1\n|-unboost|p2a: Chi-Yu|spa|1\n|\n|t:|1738449757\n|switch|p1b: Farigiraf|Farigiraf, L50, F|100\/100|[from] Parting Shot\n|move|p1a: Calyrex|Trick Room|p1a: Calyrex\n|-fieldstart|move: Trick Room|[of] p1a: Calyrex\n|\n|upkeep\n|turn|2\n|\n|t:|1738449771\n|move|p1a: Calyrex|High Horsepower|p2a: Chi-Yu\n|-supereffective|p2a: Chi-Yu\n|-enditem|p2a: Chi-Yu|Focus Sash\n|-damage|p2a: Chi-Yu|1\/100\n|move|p1b: Farigiraf|Hyper Voice|p2a: Chi-Yu|[spread] p2a,p2b\n|-damage|p2a: Chi-Yu|0 fnt\n|-damage|p2b: Urshifu|41\/100\n|faint|p2a: Chi-Yu\n|-enditem|p1b: Farigiraf|Throat Spray\n|-boost|p1b: Farigiraf|spa|1|[from] item: Throat Spray\n|move|p2b: Urshifu|Wicked Blow|p1b: Farigiraf\n|-supereffective|p1b: Farigiraf\n|-crit|p1b: Farigiraf\n|-damage|p1b: Farigiraf|0 fnt\n|faint|p1b: Farigiraf\n|\n|upkeep\n|j| Bubsnz\n|\n|t:|1738449790\n|switch|p1b: Amoonguss|Amoonguss, L50, M|100\/100\n|switch|p2a: Lunala|Lunala, L50|100\/100\n|turn|3\n|\n|t:|1738449814\n|switch|p1a: Incineroar|Incineroar, L50, M|100\/100\n|-ability|p1a: Incineroar|Intimidate|boost\n|-unboost|p2a: Lunala|atk|1\n|-unboost|p2b: Urshifu|atk|1\n|-terastallize|p2b: Urshifu|Dark\n|move|p2a: Lunala|Wide Guard|p2a: Lunala\n|-singleturn|p2a: Lunala|Wide Guard\n|move|p1b: Amoonguss|Spore|p2a: Lunala\n|-status|p2a: Lunala|slp|[from] move: Spore\n|move|p2b: Urshifu|Wicked Blow|p1b: Amoonguss\n|-crit|p1b: Amoonguss\n|-damage|p1b: Amoonguss|17\/100\n|-damage|p2b: Urshifu|24\/100|[from] item: Rocky Helmet|[of] p1b: Amoonguss\n|\n|upkeep\n|turn|4\n|inactive|roykeenkennedy has 30 seconds left.\n|\n|t:|1738449841\n|switch|p1a: Calyrex|Calyrex-Ice, L50, tera:Water|5\/100\n|-ability|p1a: Calyrex|As One\n|-ability|p1a: Calyrex|Unnerve\n|switch|p2b: Flutter Mane|Flutter Mane, L50|100\/100\n|-enditem|p2b: Flutter Mane|Booster Energy\n|-activate|p2b: Flutter Mane|ability: Protosynthesis|[fromitem]\n|-start|p2b: Flutter Mane|protosynthesisspe\n|move|p1b: Amoonguss|Pollen Puff|p1a: Calyrex\n|-heal|p1a: Calyrex|55\/100\n|cant|p2a: Lunala|slp\n|\n|upkeep\n|turn|5\n|\n|t:|1738449861\n|move|p2b: Flutter Mane|Protect|p2b: Flutter Mane\n|-singleturn|p2b: Flutter Mane|Protect\n|move|p1b: Amoonguss|Pollen Puff|p1a: Calyrex\n|-heal|p1a: Calyrex|100\/100\n|move|p1a: Calyrex|Glacial Lance|p2a: Lunala|[spread] p2a\n|-activate|p2b: Flutter Mane|move: Protect\n|-damage|p2a: Lunala|77\/100 slp\n|-curestatus|p2a: Lunala|slp|[msg]\n|move|p2a: Lunala|Meteor Beam||[still]\n|-prepare|p2a: Lunala|Meteor Beam\n|-boost|p2a: Lunala|spa|1\n|-enditem|p2a: Lunala|Power Herb\n|-anim|p2a: Lunala|Meteor Beam|p1a: Calyrex\n|-damage|p1a: Calyrex|59\/100\n|\n|-fieldend|move: Trick Room\n|upkeep\n|turn|6\n|inactive|roykeenkennedy has 30 seconds left.\n|\n|t:|1738449893\n|move|p1b: Amoonguss|Rage Powder|p1b: Amoonguss\n|-singleturn|p1b: Amoonguss|move: Rage Powder\n|move|p2b: Flutter Mane|Moonblast|p1b: Amoonguss\n|-resisted|p1b: Amoonguss\n|-damage|p1b: Amoonguss|0 fnt\n|faint|p1b: Amoonguss\n|move|p2a: Lunala|Moongeist Beam|p1a: Calyrex\n|-damage|p1a: Calyrex|4\/100\n|move|p1a: Calyrex|Trick Room|p1a: Calyrex\n|-fieldstart|move: Trick Room|[of] p1a: Calyrex\n|\n|upkeep\n|\n|t:|1738449905\n|switch|p1b: Incineroar|Incineroar, L50, M|100\/100\n|-ability|p1b: Incineroar|Intimidate|boost\n|-unboost|p2a: Lunala|atk|1\n|-unboost|p2b: Flutter Mane|atk|1\n|turn|7\n|inactive|roykeenkennedy has 30 seconds left.\n|\n|t:|1738449936\n|move|p1a: Calyrex|Protect|p1a: Calyrex\n|-singleturn|p1a: Calyrex|Protect\n|move|p2a: Lunala|Wide Guard|p2a: Lunala\n|-singleturn|p2a: Lunala|Wide Guard\n|move|p1b: Incineroar|Knock Off|p2a: Lunala\n|-supereffective|p2a: Lunala\n|-damage|p2a: Lunala|0 fnt\n|faint|p2a: Lunala\n|move|p2b: Flutter Mane|Moonblast|p1a: Calyrex\n|-activate|p1a: Calyrex|move: Protect\n|\n|upkeep\n|\n|t:|1738449939\n|switch|p2a: Urshifu|Urshifu, L50, M, tera:Dark|24\/100\n|turn|8\n|\n|t:|1738449963\n|move|p1a: Calyrex|Protect||[still]\n|-fail|p1a: Calyrex\n|move|p2a: Urshifu|Sucker Punch||[still]\n|-fail|p2a: Urshifu\n|move|p1b: Incineroar|Will-O-Wisp|p2a: Urshifu|[miss]\n|-miss|p1b: Incineroar|p2a: Urshifu\n|move|p2b: Flutter Mane|Moonblast|p1b: Incineroar\n|-crit|p1b: Incineroar\n|-damage|p1b: Incineroar|41\/100\n|\n|upkeep\n|turn|9\n|\n|t:|1738449978\n|move|p2a: Urshifu|Sucker Punch|p1a: Calyrex\n|-damage|p1a: Calyrex|0 fnt\n|faint|p1a: Calyrex\n|move|p1b: Incineroar|Knock Off|p2a: Urshifu\n|-resisted|p2a: Urshifu\n|-crit|p2a: Urshifu\n|-damage|p2a: Urshifu|0 fnt\n|-enditem|p2a: Urshifu|Choice Band|[from] move: Knock Off|[of] p1b: Incineroar\n|faint|p2a: Urshifu\n|move|p2b: Flutter Mane|Moonblast|p1b: Incineroar\n|-damage|p1b: Incineroar|7\/100\n|\n|upkeep\n|turn|10\n|-message|roykeenkennedy forfeited.\n|\n|win|psychicmesprit\n|raw|roykeenkennedy's rating: 1561 &rarr; <strong>1539<\/strong><br \/>(-22 for losing)\n|raw|psychicmesprit's rating: 1520 &rarr; <strong>1542<\/strong><br \/>(+22 for winning)\n|l|\u2606roykeenkennedy\n|player|p1|\n|l|\u2606psychicmesprit\n|player|p2|\n","uploadtime":1738450130,"views":9,"formatid":"gen9vgc2025regg","rating":1539,"private":0,"password":null}