{"id":"gen9vgc2025regg-2292608281","format":"[Gen 9] VGC 2025 Reg G","players":["GucciSoup","Grimmjane"],"log":"|j|\u2606GucciSoup\n|j|\u2606Grimmjane\n|t:|1738445094\n|gametype|doubles\n|player|p1|GucciSoup|wallace|1650\n|player|p2|Grimmjane|102|1631\n|teamsize|p1|6\n|teamsize|p2|6\n|gen|9\n|tier|[Gen 9] VGC 2025 Reg G\n|rated|\n|rule|Species Clause: Limit one of each Pok\u00e9mon\n|rule|Item Clause: Limit 1 of each item\n|clearpoke\n|poke|p1|Miraidon, L50|\n|poke|p1|Incineroar, L50, M|\n|poke|p1|Scizor, L50, F|\n|poke|p1|Grimmsnarl, L50, M|\n|poke|p1|Pelipper, L50, F|\n|poke|p1|Landorus, L50, M|\n|poke|p2|Zacian-*, L50|\n|poke|p2|Entei, L50|\n|poke|p2|Araquanid, L50, F|\n|poke|p2|Brute Bonnet, L50|\n|poke|p2|Tornadus, L50, M|\n|poke|p2|Ditto, L50|\n|teampreview|4\n|inactive|Battle timer is ON: inactive players will automatically lose when time's up. (requested by Grimmjane)\n|\n|t:|1738445145\n|start\n|switch|p1a: Mister J|Grimmsnarl, L50, M|100\/100\n|switch|p1b: Kendrick|Incineroar, L50, M|100\/100\n|switch|p2a: Tornadus|Tornadus, L50, M|100\/100\n|switch|p2b: Khairo|Zacian-Crowned, L50|100\/100\n|-ability|p2b: Khairo|Intrepid Sword|boost\n|-boost|p2b: Khairo|atk|1\n|-ability|p1b: Kendrick|Intimidate|boost\n|-unboost|p2a: Tornadus|atk|1\n|-unboost|p2b: Khairo|atk|1\n|turn|1\n|\n|t:|1738445164\n|move|p2b: Khairo|Protect|p2b: Khairo\n|-singleturn|p2b: Khairo|Protect\n|move|p1b: Kendrick|Fake Out|p2b: Khairo\n|-activate|p2b: Khairo|move: Protect\n|move|p2a: Tornadus|Rain Dance|p2a: Tornadus\n|-weather|RainDance\n|move|p1a: Mister J|Thunder Wave|p2a: Tornadus\n|-status|p2a: Tornadus|par\n|\n|-weather|RainDance|[upkeep]\n|upkeep\n|turn|2\n|\n|t:|1738445189\n|-terastallize|p2b: Khairo|Ground\n|move|p1a: Mister J|Parting Shot|p2b: Khairo\n|-unboost|p2b: Khairo|atk|1\n|-unboost|p2b: Khairo|spa|1\n|\n|t:|1738445194\n|switch|p1a: Thunder Bringer|Landorus, L50, M|100\/100|[from] Parting Shot\n|move|p2b: Khairo|Tera Blast|p1b: Kendrick|[anim] Tera Blast Ground\n|-supereffective|p1b: Kendrick\n|-damage|p1b: Kendrick|55\/100\n|move|p2a: Tornadus|Bleakwind Storm|p1a: Thunder Bringer|[spread] p1a,p1b\n|-damage|p1a: Thunder Bringer|54\/100\n|-damage|p1b: Kendrick|25\/100\n|move|p1b: Kendrick|Knock Off|p2a: Tornadus\n|-damage|p2a: Tornadus|46\/100 par\n|-enditem|p2a: Tornadus|Focus Sash|[from] move: Knock Off|[of] p1b: Kendrick\n|\n|-weather|RainDance|[upkeep]\n|upkeep\n|turn|3\n|inactive|GucciSoup has 30 seconds left.\n|inactive|Grimmjane has 30 seconds left.\n|inactive|GucciSoup has 20 seconds left.\n|\n|t:|1738445229\n|switch|p2b: Ditto|Ditto, L50|100\/100\n|-transform|p2b: Ditto|p1a: Thunder Bringer|[from] ability: Imposter\n|switch|p1b: Mister J|Grimmsnarl, L50, M|100\/100\n|move|p2a: Tornadus|Tailwind|p2a: Tornadus\n|-sidestart|p2: Grimmjane|move: Tailwind\n|move|p1a: Thunder Bringer|Sandsear Storm|p2a: Tornadus|[spread] \n|-immune|p2a: Tornadus\n|-immune|p2b: Ditto\n|\n|-weather|RainDance|[upkeep]\n|upkeep\n|turn|4\n|\n|t:|1738445251\n|move|p1b: Mister J|Parting Shot|p2b: Ditto\n|-unboost|p2b: Ditto|atk|1\n|-unboost|p2b: Ditto|spa|1\n|\n|t:|1738445259\n|switch|p1b: Kendrick|Incineroar, L50, M|25\/100|[from] Parting Shot\n|-ability|p1b: Kendrick|Intimidate|boost\n|-unboost|p2a: Tornadus|atk|1\n|-unboost|p2b: Ditto|atk|1\n|move|p2b: Ditto|Sandsear Storm|p1b: Kendrick|[spread] p1b\n|-immune|p1a: Thunder Bringer\n|-supereffective|p1b: Kendrick\n|-damage|p1b: Kendrick|0 fnt\n|faint|p1b: Kendrick\n|move|p1a: Thunder Bringer|Sludge Bomb|p2a: Tornadus\n|-damage|p2a: Tornadus|0 fnt\n|faint|p2a: Tornadus\n|\n|-weather|RainDance|[upkeep]\n|upkeep\n|\n|t:|1738445278\n|switch|p2a: Khairo|Zacian-Crowned, L50, tera:Ground|100\/100\n|switch|p1b: Mister J|Grimmsnarl, L50, M|100\/100\n|turn|5\n|inactive|GucciSoup has 30 seconds left.\n|\n|t:|1738445304\n|move|p2a: Khairo|Protect|p2a: Khairo\n|-singleturn|p2a: Khairo|Protect\n|move|p1b: Mister J|Light Screen|p1b: Mister J\n|-sidestart|p1: GucciSoup|move: Light Screen\n|move|p2b: Ditto|Sandsear Storm|p1b: Mister J|[spread] p1b\n|-immune|p1a: Thunder Bringer\n|-damage|p1b: Mister J|84\/100\n|move|p1a: Thunder Bringer|Sandsear Storm|p2b: Ditto|[spread] \n|-activate|p2a: Khairo|move: Protect\n|-immune|p2b: Ditto\n|\n|-weather|none\n|upkeep\n|turn|6\n|\n|t:|1738445325\n|move|p2b: Ditto|Sandsear Storm|p1b: Mister J|[spread] p1b\n|-immune|p1a: Thunder Bringer\n|-damage|p1b: Mister J|67\/100\n|move|p2a: Khairo|Behemoth Blade|p1a: Thunder Bringer\n|-damage|p1a: Thunder Bringer|0 fnt\n|faint|p1a: Thunder Bringer\n|move|p1b: Mister J|Spirit Break|p2b: Ditto\n|-damage|p2b: Ditto|65\/100\n|-unboost|p2b: Ditto|spa|1\n|\n|-sideend|p2: Grimmjane|move: Tailwind\n|upkeep\n|\n|t:|1738445339\n|switch|p1a: Metal Overlord|Miraidon, L50|100\/100\n|-fieldstart|move: Electric Terrain|[from] ability: Hadron Engine|[of] p1a: Metal Overlord\n|-enditem|p1a: Metal Overlord|Electric Seed\n|-boost|p1a: Metal Overlord|def|1|[from] item: Electric Seed\n|turn|7\n|\n|t:|1738445354\n|switch|p2b: Entei|Entei, L50|100\/100\n|move|p2a: Khairo|Protect|p2a: Khairo\n|-singleturn|p2a: Khairo|Protect\n|move|p1a: Metal Overlord|Protect|p1a: Metal Overlord\n|-singleturn|p1a: Metal Overlord|Protect\n|move|p1b: Mister J|Spirit Break|p2a: Khairo\n|-activate|p2a: Khairo|move: Protect\n|\n|upkeep\n|turn|8\n|\n|t:|1738445370\n|move|p1b: Mister J|Parting Shot|p2a: Khairo\n|-unboost|p2a: Khairo|atk|1\n|-unboost|p2a: Khairo|spa|1\n|move|p2a: Khairo|Behemoth Blade|p1b: Mister J\n|-supereffective|p1b: Mister J\n|-damage|p1b: Mister J|0 fnt\n|faint|p1b: Mister J\n|move|p1a: Metal Overlord|Calm Mind|p1a: Metal Overlord\n|-boost|p1a: Metal Overlord|spa|1\n|-boost|p1a: Metal Overlord|spd|1\n|move|p2b: Entei|Snarl|p1a: Metal Overlord\n|-damage|p1a: Metal Overlord|96\/100\n|-unboost|p1a: Metal Overlord|spa|1\n|\n|upkeep\n|turn|9\n|\n|t:|1738445387\n|-terastallize|p1a: Metal Overlord|Electric\n|move|p2a: Khairo|Play Rough|p1a: Metal Overlord\n|-damage|p1a: Metal Overlord|76\/100\n|move|p1a: Metal Overlord|Parabolic Charge|p2a: Khairo|[spread] p2b\n|-immune|p2a: Khairo\n|-damage|p2b: Entei|42\/100\n|-heal|p1a: Metal Overlord|100\/100|[from] drain|[of] p2b: Entei\n|move|p2b: Entei|Snarl|p1a: Metal Overlord\n|-damage|p1a: Metal Overlord|96\/100\n|-unboost|p1a: Metal Overlord|spa|1\n|\n|upkeep\n|turn|10\n|\n|t:|1738445412\n|move|p2a: Khairo|Tera Blast|p1a: Metal Overlord|[anim] Tera Blast Ground\n|-supereffective|p1a: Metal Overlord\n|-damage|p1a: Metal Overlord|58\/100\n|move|p1a: Metal Overlord|Dragon Pulse|p2b: Entei\n|-damage|p2b: Entei|4\/100\n|move|p2b: Entei|Snarl|p1a: Metal Overlord\n|-damage|p1a: Metal Overlord|54\/100\n|-unboost|p1a: Metal Overlord|spa|1\n|\n|upkeep\n|turn|11\n|-message|GucciSoup forfeited.\n|\n|win|Grimmjane\n|raw|GucciSoup's rating: 1650 &rarr; <strong>1629<\/strong><br \/>(-21 for losing)\n|raw|Grimmjane's rating: 1631 &rarr; <strong>1652<\/strong><br \/>(+21 for winning)\n|l|\u2606GucciSoup\n|player|p1|\n|l|\u2606Grimmjane\n|player|p2|\n","uploadtime":1738445566,"views":18,"formatid":"gen9vgc2025regg","rating":1629,"private":0,"password":null}