{"id":"gen9vgc2025regg-2292612379","format":"[Gen 9] VGC 2025 Reg G","players":["Futomaki0610","MisterBanana7"],"log":"|j|\u2606Futomaki0610\n|j|\u2606MisterBanana7\n|t:|1738445636\n|gametype|doubles\n|player|p1|Futomaki0610|dawn|1530\n|player|p2|MisterBanana7|cynthia-gen4|1554\n|teamsize|p1|6\n|teamsize|p2|6\n|gen|9\n|tier|[Gen 9] VGC 2025 Reg G\n|rated|\n|rule|Species Clause: Limit one of each Pok\u00e9mon\n|rule|Item Clause: Limit 1 of each item\n|clearpoke\n|poke|p1|Kyogre, L50|\n|poke|p1|Tornadus, L50, M|\n|poke|p1|Ogerpon-Cornerstone, L50, F|\n|poke|p1|Landorus, L50, M|\n|poke|p1|Regieleki, L50|\n|poke|p1|Farigiraf, L50, M|\n|poke|p2|Groudon, L50|\n|poke|p2|Scovillain, L50, M|\n|poke|p2|Raging Bolt, L50|\n|poke|p2|Incineroar, L50, F|\n|poke|p2|Flutter Mane, L50|\n|poke|p2|Chi-Yu, L50|\n|teampreview|4\n|inactive|Battle timer is ON: inactive players will automatically lose when time's up. (requested by Futomaki0610)\n|\n|t:|1738445672\n|start\n|switch|p1a: Landorus|Landorus, L50, M|100\/100\n|switch|p1b: Tornadus|Tornadus, L50, M|100\/100\n|switch|p2a: Flutter Mane|Flutter Mane, L50|100\/100\n|switch|p2b: Raging Bolt|Raging Bolt, L50|100\/100\n|-enditem|p2a: Flutter Mane|Booster Energy\n|-activate|p2a: Flutter Mane|ability: Protosynthesis|[fromitem]\n|-start|p2a: Flutter Mane|protosynthesisspe\n|turn|1\n|\n|t:|1738445698\n|move|p1b: Tornadus|Rain Dance|p1b: Tornadus\n|-weather|RainDance\n|move|p2a: Flutter Mane|Icy Wind|p1b: Tornadus|[spread] p1a,p1b\n|-supereffective|p1a: Landorus\n|-supereffective|p1b: Tornadus\n|-crit|p1b: Tornadus\n|-damage|p1a: Landorus|33\/100\n|-damage|p1b: Tornadus|50\/100\n|-unboost|p1a: Landorus|spe|1\n|-unboost|p1b: Tornadus|spe|1\n|move|p1a: Landorus|Sandsear Storm|p2b: Raging Bolt|[spread] p2a,p2b\n|-supereffective|p2b: Raging Bolt\n|-damage|p2a: Flutter Mane|46\/100\n|-damage|p2b: Raging Bolt|33\/100\n|move|p2b: Raging Bolt|Volt Switch|p1b: Tornadus\n|-supereffective|p1b: Tornadus\n|-damage|p1b: Tornadus|0 fnt\n|faint|p1b: Tornadus\n|\n|t:|1738445713\n|-end|p2b: Raging Bolt|Protosynthesis|[silent]\n|switch|p2b: Incineroar|Incineroar, L50, F|100\/100|[from] Volt Switch\n|-ability|p2b: Incineroar|Intimidate|boost\n|-unboost|p1a: Landorus|atk|1\n|\n|-weather|RainDance|[upkeep]\n|upkeep\n|\n|t:|1738445719\n|switch|p1b: Regieleki|Regieleki, L50|100\/100\n|turn|2\n|\n|t:|1738445725\n|move|p1a: Landorus|Protect|p1a: Landorus\n|-singleturn|p1a: Landorus|Protect\n|move|p2b: Incineroar|Fake Out|p1b: Regieleki\n|-damage|p1b: Regieleki|79\/100\n|move|p1b: Regieleki|Thunderbolt|p2a: Flutter Mane\n|-damage|p2a: Flutter Mane|3\/100\n|move|p2a: Flutter Mane|Icy Wind|p1a: Landorus|[spread] p1b\n|-activate|p1a: Landorus|move: Protect\n|-damage|p1b: Regieleki|56\/100\n|\n|-weather|RainDance|[upkeep]\n|upkeep\n|turn|3\n|\n|t:|1738445747\n|-terastallize|p2b: Incineroar|Water\n|move|p2a: Flutter Mane|Protect|p2a: Flutter Mane\n|-singleturn|p2a: Flutter Mane|Protect\n|move|p1b: Regieleki|Electroweb|p2a: Flutter Mane|[spread] p2b\n|-activate|p2a: Flutter Mane|move: Protect\n|-supereffective|p2b: Incineroar\n|-damage|p2b: Incineroar|61\/100\n|-unboost|p2b: Incineroar|spe|1\n|move|p1a: Landorus|Sandsear Storm|p2a: Flutter Mane|[spread] p2b\n|-activate|p2a: Flutter Mane|move: Protect\n|-damage|p2b: Incineroar|4\/100\n|move|p2b: Incineroar|Knock Off|p1b: Regieleki\n|-damage|p1b: Regieleki|0 fnt\n|-enditem|p1b: Regieleki|Covert Cloak|[from] move: Knock Off|[of] p2b: Incineroar\n|faint|p1b: Regieleki\n|\n|-weather|RainDance|[upkeep]\n|upkeep\n|\n|t:|1738445751\n|switch|p1b: Kyogre|Kyogre, L50|100\/100\n|turn|4\n|inactive|MisterBanana7 has 30 seconds left.\n|inactive|MisterBanana7 has 20 seconds left.\n|\n|t:|1738445787\n|-end|p2a: Flutter Mane|Protosynthesis|[silent]\n|switch|p2a: Raging Bolt|Raging Bolt, L50|33\/100\n|-terastallize|p1b: Kyogre|Water\n|move|p1b: Kyogre|Origin Pulse|p2b: Incineroar|[spread] p2a,p2b\n|-resisted|p2a: Raging Bolt\n|-resisted|p2b: Incineroar\n|-damage|p2a: Raging Bolt|0 fnt\n|-damage|p2b: Incineroar|0 fnt\n|faint|p2a: Raging Bolt\n|-end|p2a: Raging Bolt|Protosynthesis|[silent]\n|faint|p2b: Incineroar\n|move|p1a: Landorus|Sandsear Storm|p2: Raging Bolt|[notarget]\n|-fail|p1a: Landorus\n|\n|-weather|RainDance|[upkeep]\n|upkeep\n|\n|t:|1738445802\n|switch|p2a: Groudon|Groudon, L50|100\/100\n|switch|p2b: Flutter Mane|Flutter Mane, L50|3\/100\n|-weather|SunnyDay|[from] ability: Drought|[of] p2a: Groudon\n|-activate|p2b: Flutter Mane|ability: Protosynthesis\n|-start|p2b: Flutter Mane|protosynthesisspe\n|turn|5\n|\n|t:|1738445810\n|move|p2b: Flutter Mane|Protect|p2b: Flutter Mane\n|-singleturn|p2b: Flutter Mane|Protect\n|move|p2a: Groudon|Protect|p2a: Groudon\n|-singleturn|p2a: Groudon|Protect\n|move|p1a: Landorus|Protect|p1a: Landorus\n|-singleturn|p1a: Landorus|Protect\n|move|p1b: Kyogre|Origin Pulse|p2a: Groudon|[spread] \n|-activate|p2a: Groudon|move: Protect\n|-activate|p2b: Flutter Mane|move: Protect\n|\n|-weather|SunnyDay|[upkeep]\n|upkeep\n|turn|6\n|\n|t:|1738445818\n|move|p1a: Landorus|Protect|p1a: Landorus\n|-singleturn|p1a: Landorus|Protect\n|move|p2b: Flutter Mane|Icy Wind|p1a: Landorus|[spread] p1b\n|-activate|p1a: Landorus|move: Protect\n|-resisted|p1b: Kyogre\n|-crit|p1b: Kyogre\n|-damage|p1b: Kyogre|94\/100\n|-unboost|p1b: Kyogre|spe|1\n|move|p2a: Groudon|Precipice Blades|p1a: Landorus|[spread] p1b\n|-activate|p1a: Landorus|move: Protect\n|-damage|p1b: Kyogre|42\/100\n|move|p1b: Kyogre|Origin Pulse|p2b: Flutter Mane|[spread] p2a,p2b\n|-supereffective|p2a: Groudon\n|-damage|p2a: Groudon|13\/100\n|-damage|p2b: Flutter Mane|0 fnt\n|faint|p2b: Flutter Mane\n|-end|p2b: Flutter Mane|Protosynthesis|[silent]\n|\n|-weather|SunnyDay|[upkeep]\n|upkeep\n|turn|7\n|c|\u2606MisterBanana7|Wp\n|c|\u2606MisterBanana7|On the double\n|inactive|MisterBanana7 has 30 seconds left.\n|\n|t:|1738445852\n|move|p2a: Groudon|Precipice Blades|p1a: Landorus|[spread] p1b\n|-immune|p1a: Landorus\n|-damage|p1b: Kyogre|0 fnt\n|faint|p1b: Kyogre\n|move|p1a: Landorus|Earth Power|p2a: Groudon\n|-damage|p2a: Groudon|0 fnt\n|faint|p2a: Groudon\n|\n|win|Futomaki0610\n|raw|Futomaki0610's rating: 1530 &rarr; <strong>1551<\/strong><br \/>(+21 for winning)\n|raw|MisterBanana7's rating: 1554 &rarr; <strong>1533<\/strong><br \/>(-21 for losing)\n|l|\u2606MisterBanana7\n|player|p2|\n|l|\u2606Futomaki0610\n|player|p1|\n","uploadtime":1738446120,"views":8,"formatid":"gen9vgc2025regg","rating":1533,"private":0,"password":null}