{"id":"gen9vgc2025regg-2292389944","format":"[Gen 9] VGC 2025 Reg G","players":["Ayae.Hakamada","tyrone woods"],"log":"|j|\u2606Ayae.Hakamada\n|j|\u2606tyrone woods\n|t:|1738415498\n|gametype|doubles\n|player|p1|Ayae.Hakamada|skyla|1569\n|player|p2|tyrone woods|266|1533\n|teamsize|p1|6\n|teamsize|p2|6\n|gen|9\n|tier|[Gen 9] VGC 2025 Reg G\n|rated|\n|rule|Species Clause: Limit one of each Pok\u00e9mon\n|rule|Item Clause: Limit 1 of each item\n|clearpoke\n|poke|p1|Zamazenta-*, L50|\n|poke|p1|Chien-Pao, L50|\n|poke|p1|Rillaboom, L50, F|\n|poke|p1|Urshifu-*, L50, F|\n|poke|p1|Flutter Mane, L50|\n|poke|p1|Raging Bolt, L50|\n|poke|p2|Calyrex-Shadow, L50|\n|poke|p2|Urshifu-*, L50, F|\n|poke|p2|Rillaboom, L50, M|\n|poke|p2|Incineroar, L50, M|\n|poke|p2|Clefairy, L50, M|\n|poke|p2|Iron Jugulis, L50|\n|teampreview|4\n|inactive|Battle timer is ON: inactive players will automatically lose when time's up. (requested by Ayae.Hakamada)\n|\n|t:|1738415523\n|start\n|switch|p1a: Zamazenta|Zamazenta-Crowned, L50, shiny|100\/100\n|switch|p1b: Flutter Mane|Flutter Mane, L50|100\/100\n|switch|p2a: Calyrex|Calyrex-Shadow, L50|100\/100\n|switch|p2b: Incineroar|Incineroar, L50, M|100\/100\n|-ability|p2a: Calyrex|As One\n|-ability|p2a: Calyrex|Unnerve\n|-ability|p1a: Zamazenta|Dauntless Shield|boost\n|-boost|p1a: Zamazenta|def|1\n|-ability|p2b: Incineroar|Intimidate|boost\n|-unboost|p1a: Zamazenta|atk|1\n|-unboost|p1b: Flutter Mane|atk|1\n|-enditem|p1b: Flutter Mane|Booster Energy\n|-activate|p1b: Flutter Mane|ability: Protosynthesis|[fromitem]\n|-start|p1b: Flutter Mane|protosynthesisspe\n|turn|1\n|\n|t:|1738415546\n|-terastallize|p1b: Flutter Mane|Normal\n|-terastallize|p2a: Calyrex|Fairy\n|move|p1a: Zamazenta|Protect|p1a: Zamazenta\n|-singleturn|p1a: Zamazenta|Protect\n|move|p2b: Incineroar|Fake Out|p1a: Zamazenta\n|-activate|p1a: Zamazenta|move: Protect\n|move|p1b: Flutter Mane|Icy Wind|p2b: Incineroar|[spread] p2a,p2b\n|-resisted|p2b: Incineroar\n|-damage|p2a: Calyrex|89\/100\n|-damage|p2b: Incineroar|95\/100\n|-unboost|p2b: Incineroar|spe|1\n|move|p2a: Calyrex|Calm Mind|p2a: Calyrex\n|-boost|p2a: Calyrex|spa|1\n|-boost|p2a: Calyrex|spd|1\n|\n|upkeep\n|turn|2\n|inactive|Ayae.Hakamada has 30 seconds left.\n|inactive|tyrone woods has 30 seconds left.\n|inactive|Ayae.Hakamada has 20 seconds left.\n|inactive|tyrone woods has 20 seconds left.\n|\n|t:|1738415584\n|switch|p2b: Clefairy|Clefairy, L50, M|100\/100\n|move|p1b: Flutter Mane|Moonblast|p2a: Calyrex\n|-damage|p2a: Calyrex|70\/100\n|move|p2a: Calyrex|Draining Kiss|p1a: Zamazenta\n|-damage|p1a: Zamazenta|67\/100\n|-heal|p2a: Calyrex|95\/100|[from] drain|[of] p1a: Zamazenta\n|move|p1a: Zamazenta|Body Press|p2b: Clefairy\n|-resisted|p2b: Clefairy\n|-damage|p2b: Clefairy|75\/100\n|\n|upkeep\n|turn|3\n|inactive|tyrone woods has 30 seconds left.\n|inactive|tyrone woods has 20 seconds left.\n|inactive|tyrone woods has 15 seconds left.\n|\n|t:|1738415626\n|switch|p2b: Incineroar|Incineroar, L50, M|95\/100\n|-ability|p2b: Incineroar|Intimidate|boost\n|-unboost|p1a: Zamazenta|atk|1\n|-unboost|p1b: Flutter Mane|atk|1\n|move|p1b: Flutter Mane|Moonblast|p2a: Calyrex\n|-damage|p2a: Calyrex|66\/100\n|move|p2a: Calyrex|Draining Kiss|p1a: Zamazenta\n|-damage|p1a: Zamazenta|36\/100\n|-heal|p2a: Calyrex|90\/100|[from] drain|[of] p1a: Zamazenta\n|move|p1a: Zamazenta|Heavy Slam|p2a: Calyrex\n|-supereffective|p2a: Calyrex\n|-damage|p2a: Calyrex|37\/100\n|\n|upkeep\n|turn|4\n|inactive|tyrone woods has 30 seconds left.\n|\n|t:|1738415658\n|move|p1b: Flutter Mane|Protect|p1b: Flutter Mane\n|-singleturn|p1b: Flutter Mane|Protect\n|move|p1a: Zamazenta|Protect|p1a: Zamazenta\n|-singleturn|p1a: Zamazenta|Protect\n|move|p2b: Incineroar|Fake Out|p1b: Flutter Mane\n|-activate|p1b: Flutter Mane|move: Protect\n|move|p2a: Calyrex|Draining Kiss|p1a: Zamazenta\n|-activate|p1a: Zamazenta|move: Protect\n|\n|upkeep\n|turn|5\n|\n|t:|1738415675\n|switch|p2b: Clefairy|Clefairy, L50, M|75\/100\n|move|p1b: Flutter Mane|Moonblast|p2a: Calyrex\n|-damage|p2a: Calyrex|17\/100\n|move|p2a: Calyrex|Draining Kiss|p1a: Zamazenta\n|-damage|p1a: Zamazenta|2\/100\n|-heal|p2a: Calyrex|44\/100|[from] drain|[of] p1a: Zamazenta\n|move|p1a: Zamazenta|Body Press|p2b: Clefairy\n|-resisted|p2b: Clefairy\n|-damage|p2b: Clefairy|51\/100\n|\n|upkeep\n|turn|6\n|inactive|Ayae.Hakamada has 30 seconds left.\n|-message|Ayae.Hakamada forfeited.\n|\n|win|tyrone woods\n|raw|Ayae.Hakamada's rating: 1569 &rarr; <strong>1547<\/strong><br \/>(-22 for losing)\n|raw|tyrone woods's rating: 1533 &rarr; <strong>1555<\/strong><br \/>(+22 for winning)\n|l|\u2606Ayae.Hakamada\n|player|p1|\n|l|\u2606tyrone woods\n|player|p2|\n|j| rubio_ra\n|l| rubio_ra\n","uploadtime":1738415918,"views":9,"formatid":"gen9vgc2025regg","rating":1547,"private":0,"password":null}