{"id":"gen9vgc2025regg-2292398600","format":"[Gen 9] VGC 2025 Reg G","players":["tyrone woods","pm5768"],"log":"|j|\u2606tyrone woods\n|j|\u2606pm5768\n|t:|1738417021\n|gametype|doubles\n|player|p1|tyrone woods|266|1555\n|player|p2|pm5768|nurseryaide|1541\n|teamsize|p1|6\n|teamsize|p2|6\n|gen|9\n|tier|[Gen 9] VGC 2025 Reg G\n|rated|\n|rule|Species Clause: Limit one of each Pok\u00e9mon\n|rule|Item Clause: Limit 1 of each item\n|clearpoke\n|poke|p1|Calyrex-Shadow, L50|\n|poke|p1|Urshifu-*, L50, M|\n|poke|p1|Rillaboom, L50, F|\n|poke|p1|Incineroar, L50, M|\n|poke|p1|Clefairy, L50, M|\n|poke|p1|Iron Jugulis, L50|\n|poke|p2|Calyrex-Shadow, L50|\n|poke|p2|Wo-Chien, L50|\n|poke|p2|Urshifu-*, L50, F|\n|poke|p2|Incineroar, L50, F|\n|poke|p2|Raging Bolt, L50|\n|poke|p2|Smeargle, L50, M|\n|teampreview|4\n|inactive|Battle timer is ON: inactive players will automatically lose when time's up. (requested by pm5768)\n|\n|t:|1738417060\n|start\n|switch|p1a: Calyrex|Calyrex-Shadow, L50|100\/100\n|switch|p1b: Iron Jugulis|Iron Jugulis, L50|100\/100\n|switch|p2a: Calyrex|Calyrex-Shadow, L50|100\/100\n|switch|p2b: Smeargle|Smeargle, L50, M|100\/100\n|-ability|p1a: Calyrex|As One\n|-ability|p1a: Calyrex|Unnerve\n|-ability|p2a: Calyrex|As One\n|-ability|p2a: Calyrex|Unnerve\n|-enditem|p1b: Iron Jugulis|Booster Energy\n|-activate|p1b: Iron Jugulis|ability: Quark Drive|[fromitem]\n|-start|p1b: Iron Jugulis|quarkdrivespe\n|turn|1\n|\n|t:|1738417082\n|-terastallize|p1a: Calyrex|Fairy\n|-terastallize|p2a: Calyrex|Fairy\n|move|p2b: Smeargle|Fake Out|p1b: Iron Jugulis\n|-damage|p1b: Iron Jugulis|95\/100\n|cant|p1b: Iron Jugulis|flinch\n|move|p1a: Calyrex|Calm Mind|p1a: Calyrex\n|-boost|p1a: Calyrex|spa|1\n|-boost|p1a: Calyrex|spd|1\n|move|p2a: Calyrex|Calm Mind|p2a: Calyrex\n|-boost|p2a: Calyrex|spa|1\n|-boost|p2a: Calyrex|spd|1\n|\n|-ability|p2b: Smeargle|Moody|boost\n|-boost|p2b: Smeargle|spe|2\n|-unboost|p2b: Smeargle|def|1\n|upkeep\n|turn|2\n|inactive|tyrone woods has 30 seconds left.\n|inactive|pm5768 has 30 seconds left.\n|inactive|tyrone woods has 20 seconds left.\n|\n|t:|1738417117\n|move|p2b: Smeargle|Spore|p1b: Iron Jugulis\n|-status|p1b: Iron Jugulis|slp|[from] move: Spore\n|cant|p1b: Iron Jugulis|slp\n|move|p1a: Calyrex|Calm Mind|p1a: Calyrex\n|-boost|p1a: Calyrex|spa|1\n|-boost|p1a: Calyrex|spd|1\n|move|p2a: Calyrex|Astral Barrage|p1b: Iron Jugulis|[spread] p1a,p1b\n|-resisted|p1b: Iron Jugulis\n|-damage|p1a: Calyrex|65\/100\n|-damage|p1b: Iron Jugulis|60\/100 slp\n|\n|-ability|p2b: Smeargle|Moody|boost\n|-boost|p2b: Smeargle|def|2\n|-unboost|p2b: Smeargle|atk|1\n|upkeep\n|turn|3\n|\n|t:|1738417136\n|move|p1a: Calyrex|Protect|p1a: Calyrex\n|-singleturn|p1a: Calyrex|Protect\n|move|p2b: Smeargle|Spore|p1a: Calyrex\n|-activate|p1a: Calyrex|move: Protect\n|-curestatus|p1b: Iron Jugulis|slp|[msg]\n|move|p1b: Iron Jugulis|Taunt|p2b: Smeargle\n|-start|p2b: Smeargle|move: Taunt\n|move|p2a: Calyrex|Draining Kiss|p1b: Iron Jugulis\n|-supereffective|p1b: Iron Jugulis\n|-damage|p1b: Iron Jugulis|0 fnt\n|faint|p1b: Iron Jugulis\n|-end|p1b: Iron Jugulis|Quark Drive|[silent]\n|-ability|p2a: Calyrex|Grim Neigh|boost\n|-boost|p2a: Calyrex|spa|1\n|\n|-ability|p2b: Smeargle|Moody|boost\n|-boost|p2b: Smeargle|atk|2\n|-unboost|p2b: Smeargle|spe|1\n|upkeep\n|\n|t:|1738417155\n|switch|p1b: Urshifu|Urshifu-Rapid-Strike, L50, M|100\/100\n|turn|4\n|\n|t:|1738417178\n|switch|p2b: Wo-Chien|Wo-Chien, L50|100\/100\n|-ability|p2b: Wo-Chien|Tablets of Ruin\n|move|p1a: Calyrex|Draining Kiss|p2a: Calyrex\n|-damage|p2a: Calyrex|64\/100\n|-heal|p1a: Calyrex|93\/100|[from] drain|[of] p2a: Calyrex\n|move|p2a: Calyrex|Astral Barrage|p1b: Urshifu|[spread] p1a,p1b\n|-damage|p1a: Calyrex|50\/100\n|-enditem|p1b: Urshifu|Focus Sash\n|-damage|p1b: Urshifu|1\/100\n|move|p1b: Urshifu|Surging Strikes|p2a: Calyrex\n|-crit|p2a: Calyrex\n|-damage|p2a: Calyrex|48\/100\n|-crit|p2a: Calyrex\n|-damage|p2a: Calyrex|31\/100\n|-crit|p2a: Calyrex\n|-damage|p2a: Calyrex|16\/100\n|-hitcount|p2a: Calyrex|3\n|\n|upkeep\n|turn|5\n|inactive|tyrone woods has 30 seconds left.\n|inactive|pm5768 has 30 seconds left.\n|inactive|pm5768 has 20 seconds left.\n|inactive|pm5768 has 15 seconds left.\n|inactive|pm5768 has 10 seconds left.\n|\n|t:|1738417225\n|move|p2a: Calyrex|Protect|p2a: Calyrex\n|-singleturn|p2a: Calyrex|Protect\n|move|p1a: Calyrex|Astral Barrage|p2b: Wo-Chien|[spread] p2b\n|-activate|p2a: Calyrex|move: Protect\n|-resisted|p2b: Wo-Chien\n|-damage|p2b: Wo-Chien|79\/100\n|move|p1b: Urshifu|Close Combat|p2b: Wo-Chien\n|-supereffective|p2b: Wo-Chien\n|-damage|p2b: Wo-Chien|6\/100\n|-unboost|p1b: Urshifu|def|1\n|-unboost|p1b: Urshifu|spd|1\n|move|p2b: Wo-Chien|Snarl|p1b: Urshifu|[spread] p1a\n|-miss|p2b: Wo-Chien|p1b: Urshifu\n|-resisted|p1a: Calyrex\n|-damage|p1a: Calyrex|47\/100\n|\n|upkeep\n|turn|6\n|inactive|tyrone woods has 30 seconds left.\n|\n|t:|1738417252\n|move|p1a: Calyrex|Astral Barrage|p2a: Calyrex|[spread] p2a,p2b\n|-resisted|p2b: Wo-Chien\n|-damage|p2a: Calyrex|0 fnt\n|-damage|p2b: Wo-Chien|0 fnt\n|faint|p2a: Calyrex\n|faint|p2b: Wo-Chien\n|-ability|p1a: Calyrex|Grim Neigh|boost\n|-boost|p1a: Calyrex|spa|2\n|move|p1b: Urshifu|Close Combat|p2: Calyrex|[notarget]\n|-fail|p1b: Urshifu\n|\n|upkeep\n|\n|t:|1738417255\n|switch|p2a: Smeargle|Smeargle, L50, M|100\/100\n|switch|p2b: Urshifu|Urshifu-Rapid-Strike, L50, F|100\/100\n|turn|7\n|inactive|tyrone woods has 30 seconds left.\n|inactive|tyrone woods has 20 seconds left.\n|inactive|tyrone woods has 15 seconds left.\n|inactive|tyrone woods has 10 seconds left.\n|\n|t:|1738417302\n|switch|p1a: Clefairy|Clefairy, L50, M|100\/100\n|move|p2a: Smeargle|Fake Out|p1b: Urshifu\n|-damage|p1b: Urshifu|0 fnt\n|faint|p1b: Urshifu\n|move|p2b: Urshifu|Surging Strikes|p1a: Clefairy\n|-crit|p1a: Clefairy\n|-damage|p1a: Clefairy|84\/100\n|-crit|p1a: Clefairy\n|-damage|p1a: Clefairy|64\/100\n|-crit|p1a: Clefairy\n|-damage|p1a: Clefairy|47\/100\n|-hitcount|p1a: Clefairy|3\n|\n|-ability|p2a: Smeargle|Moody|boost\n|-boost|p2a: Smeargle|spe|2\n|-unboost|p2a: Smeargle|spd|1\n|upkeep\n|\n|t:|1738417315\n|switch|p1b: Calyrex|Calyrex-Shadow, L50, tera:Fairy|47\/100\n|-ability|p1b: Calyrex|As One\n|-ability|p1b: Calyrex|Unnerve\n|turn|8\n|j| grain cookie\n|inactive|pm5768 has 30 seconds left.\n|\n|t:|1738417344\n|move|p2a: Smeargle|Wide Guard|p2a: Smeargle\n|-singleturn|p2a: Smeargle|Wide Guard\n|move|p1a: Clefairy|Follow Me|p1a: Clefairy\n|-singleturn|p1a: Clefairy|move: Follow Me\n|move|p2b: Urshifu|Surging Strikes|p1a: Clefairy\n|-crit|p1a: Clefairy\n|-damage|p1a: Clefairy|29\/100\n|-crit|p1a: Clefairy\n|-damage|p1a: Clefairy|12\/100\n|-crit|p1a: Clefairy\n|-damage|p1a: Clefairy|0 fnt\n|faint|p1a: Clefairy\n|-hitcount|p1: Clefairy|3\n|move|p1b: Calyrex|Draining Kiss|p2b: Urshifu\n|-supereffective|p2b: Urshifu\n|-damage|p2b: Urshifu|7\/100\n|-heal|p1b: Calyrex|100\/100|[from] drain|[of] p2b: Urshifu\n|\n|-ability|p2a: Smeargle|Moody|boost\n|-boost|p2a: Smeargle|spd|2\n|-unboost|p2a: Smeargle|spa|1\n|upkeep\n|turn|9\n|\n|t:|1738417362\n|move|p1b: Calyrex|Protect|p1b: Calyrex\n|-singleturn|p1b: Calyrex|Protect\n|move|p2a: Smeargle|Spore|p1b: Calyrex\n|-activate|p1b: Calyrex|move: Protect\n|move|p2b: Urshifu|Surging Strikes|p1b: Calyrex\n|-crit|p1b: Calyrex\n|-damage|p1b: Calyrex|80\/100\n|-crit|p1b: Calyrex\n|-damage|p1b: Calyrex|59\/100\n|-crit|p1b: Calyrex\n|-damage|p1b: Calyrex|37\/100\n|-hitcount|p1b: Calyrex|3\n|\n|-ability|p2a: Smeargle|Moody|boost\n|-boost|p2a: Smeargle|spd|2\n|-unboost|p2a: Smeargle|atk|1\n|upkeep\n|turn|10\n|-message|tyrone woods forfeited.\n|\n|win|pm5768\n|raw|tyrone woods's rating: 1555 &rarr; <strong>1534<\/strong><br \/>(-21 for losing)\n|raw|pm5768's rating: 1541 &rarr; <strong>1562<\/strong><br \/>(+21 for winning)\n|l|\u2606tyrone woods\n|player|p1|\n|l|\u2606pm5768\n|player|p2|\n|l| grain cookie\n","uploadtime":1738417577,"views":12,"formatid":"gen9vgc2025regg","rating":1534,"private":0,"password":null}