{"id":"gen9vgc2025regg-2292646277","format":"[Gen 9] VGC 2025 Reg G","players":["Hanou143","TheGreatDondozo"],"log":"|j|\u2606Hanou143\n|j|\u203dTheGreatDondozo\n|t:|1738449972\n|gametype|doubles\n|player|p1|Hanou143|2|1658\n|player|p2|TheGreatDondozo|steven|1584\n|teamsize|p1|6\n|teamsize|p2|6\n|gen|9\n|tier|[Gen 9] VGC 2025 Reg G\n|rated|\n|rule|Species Clause: Limit one of each Pok\u00e9mon\n|rule|Item Clause: Limit 1 of each item\n|clearpoke\n|poke|p1|Calyrex-Shadow, L50|\n|poke|p1|Jigglypuff, L50, M|\n|poke|p1|Pelipper, L50, F|\n|poke|p1|Rillaboom, L50, M|\n|poke|p1|Incineroar, L50, M|\n|poke|p1|Urshifu-*, L50, F|\n|poke|p2|Incineroar, L50, F|\n|poke|p2|Landorus, L50, M|\n|poke|p2|Calyrex-Ice, L50|\n|poke|p2|Pelipper, L50, M|\n|poke|p2|Urshifu-*, L50, M|\n|poke|p2|Rillaboom, L50, M|\n|teampreview|4\n|inactive|Battle timer is ON: inactive players will automatically lose when time's up. (requested by TheGreatDondozo)\n|\n|t:|1738450000\n|start\n|switch|p1a: Calyrex|Calyrex-Shadow, L50|100\/100\n|switch|p1b: Incineroar|Incineroar, L50, M|100\/100\n|switch|p2a: Urshifu|Urshifu-Rapid-Strike, L50, M|100\/100\n|switch|p2b: Incineroar|Incineroar, L50, F|100\/100\n|-ability|p1a: Calyrex|As One\n|-ability|p1a: Calyrex|Unnerve\n|-ability|p1b: Incineroar|Intimidate|boost\n|-unboost|p2a: Urshifu|atk|1\n|-unboost|p2b: Incineroar|atk|1\n|-ability|p2b: Incineroar|Intimidate|boost\n|-unboost|p1a: Calyrex|atk|1\n|-unboost|p1b: Incineroar|atk|1\n|turn|1\n|j| Bubsnz\n|\n|t:|1738450013\n|switch|p1b: Jigglypuff|Jigglypuff, L50, M|100\/100\n|switch|p2b: Pelipper|Pelipper, L50, M|100\/100\n|-weather|RainDance|[from] ability: Drizzle|[of] p2b: Pelipper\n|-terastallize|p2a: Urshifu|Ghost\n|move|p2a: Urshifu|Surging Strikes|p1a: Calyrex\n|-crit|p1a: Calyrex\n|-damage|p1a: Calyrex|81\/100\n|-crit|p1a: Calyrex\n|-damage|p1a: Calyrex|61\/100\n|-crit|p1a: Calyrex\n|-damage|p1a: Calyrex|43\/100\n|-hitcount|p1a: Calyrex|3\n|move|p1a: Calyrex|Giga Drain|p2a: Urshifu\n|-damage|p2a: Urshifu|62\/100\n|-heal|p1a: Calyrex|59\/100|[from] drain|[of] p2a: Urshifu\n|\n|-weather|RainDance|[upkeep]\n|upkeep\n|turn|2\n|\n|t:|1738450035\n|-terastallize|p1a: Calyrex|Grass\n|move|p2b: Pelipper|Wide Guard|p2b: Pelipper\n|-singleturn|p2b: Pelipper|Wide Guard\n|move|p2a: Urshifu|Surging Strikes|p1a: Calyrex\n|-resisted|p1a: Calyrex\n|-crit|p1a: Calyrex\n|-damage|p1a: Calyrex|50\/100\n|-resisted|p1a: Calyrex\n|-crit|p1a: Calyrex\n|-damage|p1a: Calyrex|41\/100\n|-resisted|p1a: Calyrex\n|-crit|p1a: Calyrex\n|-damage|p1a: Calyrex|31\/100\n|-hitcount|p1a: Calyrex|3\n|move|p1a: Calyrex|Giga Drain|p2b: Pelipper\n|-damage|p2b: Pelipper|30\/100\n|-heal|p1a: Calyrex|55\/100|[from] drain|[of] p2b: Pelipper\n|move|p1b: Jigglypuff|Sing|p2a: Urshifu|[miss]\n|-miss|p1b: Jigglypuff|p2a: Urshifu\n|\n|-weather|RainDance|[upkeep]\n|upkeep\n|turn|3\n|\n|t:|1738450060\n|move|p2a: Urshifu|Surging Strikes|p1b: Jigglypuff\n|-crit|p1b: Jigglypuff\n|-damage|p1b: Jigglypuff|67\/100\n|-crit|p1b: Jigglypuff\n|-damage|p1b: Jigglypuff|32\/100\n|-crit|p1b: Jigglypuff\n|-damage|p1b: Jigglypuff|3\/100\n|-hitcount|p1b: Jigglypuff|3\n|move|p1a: Calyrex|Giga Drain|p2a: Urshifu\n|-damage|p2a: Urshifu|3\/100\n|-heal|p1a: Calyrex|80\/100|[from] drain|[of] p2a: Urshifu\n|move|p2b: Pelipper|Hurricane|p1a: Calyrex\n|-supereffective|p1a: Calyrex\n|-damage|p1a: Calyrex|18\/100\n|move|p1b: Jigglypuff|Sing|p2b: Pelipper\n|-status|p2b: Pelipper|slp|[from] move: Sing\n|\n|-weather|RainDance|[upkeep]\n|upkeep\n|turn|4\n|j| GooglePay\n|inactive|Hanou143 has 30 seconds left.\n|inactive|Hanou143 has 20 seconds left.\n|inactive|Hanou143 has 15 seconds left.\n|inactive|Hanou143 has 10 seconds left.\n|\n|t:|1738450108\n|switch|p1a: Pelipper|Pelipper, L50, F|100\/100\n|move|p2a: Urshifu|Surging Strikes|p1a: Pelipper\n|-resisted|p1a: Pelipper\n|-crit|p1a: Pelipper\n|-damage|p1a: Pelipper|87\/100\n|-resisted|p1a: Pelipper\n|-crit|p1a: Pelipper\n|-damage|p1a: Pelipper|74\/100\n|-resisted|p1a: Pelipper\n|-crit|p1a: Pelipper\n|-damage|p1a: Pelipper|60\/100\n|-hitcount|p1a: Pelipper|3\n|cant|p2b: Pelipper|slp\n|move|p1b: Jigglypuff|Alluring Voice|p2a: Urshifu\n|-damage|p2a: Urshifu|0 fnt\n|faint|p2a: Urshifu\n|\n|-weather|RainDance|[upkeep]\n|upkeep\n|\n|t:|1738450114\n|switch|p2a: Calyrex|Calyrex-Ice, L50|100\/100\n|-ability|p2a: Calyrex|As One\n|-ability|p2a: Calyrex|Unnerve\n|turn|5\n|\n|t:|1738450127\n|cant|p2b: Pelipper|slp\n|move|p1a: Pelipper|Hurricane|p2a: Calyrex\n|-damage|p2a: Calyrex|76\/100\n|move|p2a: Calyrex|Glacial Lance|p1a: Pelipper|[spread] p1a,p1b\n|-damage|p1a: Pelipper|15\/100\n|-damage|p1b: Jigglypuff|0 fnt\n|faint|p1b: Jigglypuff\n|-ability|p2a: Calyrex|Chilling Neigh|boost\n|-boost|p2a: Calyrex|atk|1\n|\n|-weather|none\n|upkeep\n|\n|t:|1738450134\n|switch|p1b: Incineroar|Incineroar, L50, M|100\/100\n|-ability|p1b: Incineroar|Intimidate|boost\n|-unboost|p2a: Calyrex|atk|1\n|-unboost|p2b: Pelipper|atk|1\n|turn|6\n|\n|t:|1738450150\n|switch|p2b: Incineroar|Incineroar, L50, F|100\/100\n|-ability|p2b: Incineroar|Intimidate|boost\n|-unboost|p1a: Pelipper|atk|1\n|-unboost|p1b: Incineroar|atk|1\n|move|p1a: Pelipper|Water Pulse|p2a: Calyrex\n|-damage|p2a: Calyrex|63\/100\n|-start|p2a: Calyrex|confusion\n|-activate|p2a: Calyrex|confusion\n|move|p2a: Calyrex|Glacial Lance|p1b: Incineroar|[spread] p1a,p1b\n|-resisted|p1b: Incineroar\n|-damage|p1a: Pelipper|0 fnt\n|-damage|p1b: Incineroar|68\/100\n|faint|p1a: Pelipper\n|-ability|p2a: Calyrex|Chilling Neigh|boost\n|-boost|p2a: Calyrex|atk|1\n|move|p1b: Incineroar|Flare Blitz|p2a: Calyrex\n|-supereffective|p2a: Calyrex\n|-damage|p2a: Calyrex|13\/100\n|-damage|p1b: Incineroar|48\/100|[from] Recoil\n|\n|upkeep\n|\n|t:|1738450160\n|switch|p1a: Calyrex|Calyrex-Shadow, L50, tera:Grass|18\/100\n|-ability|p1a: Calyrex|As One\n|-ability|p1a: Calyrex|Unnerve\n|turn|7\n|\n|t:|1738450172\n|move|p2b: Incineroar|Fake Out|p1a: Calyrex\n|-damage|p1a: Calyrex|10\/100\n|move|p1a: Calyrex|Giga Drain|p2a: Calyrex\n|-damage|p2a: Calyrex|0 fnt\n|-heal|p1a: Calyrex|16\/100|[from] drain|[of] p2a: Calyrex\n|-enditem|p1b: Incineroar|Sitrus Berry|[eat]\n|-heal|p1b: Incineroar|72\/100|[from] item: Sitrus Berry\n|faint|p2a: Calyrex\n|-ability|p1a: Calyrex|Grim Neigh|boost\n|-boost|p1a: Calyrex|spa|1\n|move|p1b: Incineroar|Knock Off|p2b: Incineroar\n|-resisted|p2b: Incineroar\n|-damage|p2b: Incineroar|85\/100\n|-enditem|p2b: Incineroar|Safety Goggles|[from] move: Knock Off|[of] p1b: Incineroar\n|\n|upkeep\n|\n|t:|1738450176\n|switch|p2a: Pelipper|Pelipper, L50, M|30\/100 slp\n|-weather|RainDance|[from] ability: Drizzle|[of] p2a: Pelipper\n|turn|8\n|inactive|Hanou143 has 30 seconds left.\n|\n|t:|1738450210\n|move|p1a: Calyrex|Astral Barrage|p2a: Pelipper|[spread] p2a,p2b\n|-resisted|p2b: Incineroar\n|-damage|p2a: Pelipper|0 fnt\n|-damage|p2b: Incineroar|60\/100\n|faint|p2a: Pelipper\n|-ability|p1a: Calyrex|Grim Neigh|boost\n|-boost|p1a: Calyrex|spa|1\n|move|p2b: Incineroar|Knock Off|p1a: Calyrex\n|-damage|p1a: Calyrex|0 fnt\n|-enditem|p1a: Calyrex|Covert Cloak|[from] move: Knock Off|[of] p2b: Incineroar\n|faint|p1a: Calyrex\n|move|p1b: Incineroar|Parting Shot|p2b: Incineroar\n|-unboost|p2b: Incineroar|atk|1\n|-unboost|p2b: Incineroar|spa|1\n|\n|-weather|RainDance|[upkeep]\n|upkeep\n|turn|9\n|\n|t:|1738450223\n|move|p2b: Incineroar|Knock Off|p1b: Incineroar\n|-resisted|p1b: Incineroar\n|-damage|p1b: Incineroar|62\/100\n|move|p1b: Incineroar|Knock Off|p2b: Incineroar\n|-resisted|p2b: Incineroar\n|-damage|p2b: Incineroar|49\/100\n|\n|-weather|RainDance|[upkeep]\n|upkeep\n|turn|10\n|\n|t:|1738450230\n|move|p2b: Incineroar|Knock Off|p1b: Incineroar\n|-resisted|p1b: Incineroar\n|-damage|p1b: Incineroar|54\/100\n|move|p1b: Incineroar|Knock Off|p2b: Incineroar\n|-resisted|p2b: Incineroar\n|-damage|p2b: Incineroar|39\/100\n|\n|-weather|RainDance|[upkeep]\n|upkeep\n|turn|11\n|\n|t:|1738450237\n|move|p1b: Incineroar|Knock Off|p2b: Incineroar\n|-resisted|p2b: Incineroar\n|-crit|p2b: Incineroar\n|-damage|p2b: Incineroar|12\/100\n|move|p2b: Incineroar|Parting Shot|p1b: Incineroar\n|-unboost|p1b: Incineroar|atk|1\n|-unboost|p1b: Incineroar|spa|1\n|\n|-weather|RainDance|[upkeep]\n|upkeep\n|turn|12\n|\n|t:|1738450244\n|move|p2b: Incineroar|Knock Off|p1b: Incineroar\n|-resisted|p1b: Incineroar\n|-damage|p1b: Incineroar|44\/100\n|move|p1b: Incineroar|Knock Off|p2b: Incineroar\n|-resisted|p2b: Incineroar\n|-damage|p2b: Incineroar|4\/100\n|\n|-weather|none\n|upkeep\n|turn|13\n|\n|t:|1738450257\n|move|p2b: Incineroar|Knock Off|p1b: Incineroar\n|-resisted|p1b: Incineroar\n|-damage|p1b: Incineroar|34\/100\n|move|p1b: Incineroar|Flare Blitz|p2b: Incineroar\n|-resisted|p2b: Incineroar\n|-damage|p2b: Incineroar|0 fnt\n|faint|p2b: Incineroar\n|-damage|p1b: Incineroar|33\/100|[from] Recoil\n|\n|win|Hanou143\n|raw|Hanou143's rating: 1658 &rarr; <strong>1672<\/strong><br \/>(+14 for winning)\n|raw|TheGreatDondozo's rating: 1556 &rarr; <strong>1542<\/strong><br \/>(-14 for losing)\n|l|\u203dTheGreatDondozo\n|player|p2|\n|l|\u2606Hanou143\n|player|p1|\n","uploadtime":1738450406,"views":18,"formatid":"gen9vgc2025regg","rating":1542,"private":0,"password":null}