{"id":"gen9vgc2025regg-2292079545","format":"[Gen 9] VGC 2025 Reg G","players":["CombatWombat925","waterspoutingogre"],"log":"|j|\u2606CombatWombat925\n|j|\u2606waterspoutingogre\n|t:|1738361786\n|gametype|doubles\n|player|p1|CombatWombat925|170|1609\n|player|p2|waterspoutingogre|unknown|1612\n|teamsize|p1|6\n|teamsize|p2|6\n|gen|9\n|tier|[Gen 9] VGC 2025 Reg G\n|rated|\n|rule|Species Clause: Limit one of each Pok\u00e9mon\n|rule|Item Clause: Limit 1 of each item\n|clearpoke\n|poke|p1|Kyogre, L50|\n|poke|p1|Urshifu-*, L50, M|\n|poke|p1|Roaring Moon, L50|\n|poke|p1|Rillaboom, L50, F|\n|poke|p1|Amoonguss, L50, M|\n|poke|p1|Incineroar, L50, F|\n|poke|p2|Dondozo, L50, M|\n|poke|p2|Ting-Lu, L50|\n|poke|p2|Calyrex-Shadow, L50|\n|poke|p2|Ogerpon-Hearthflame, L50, F|\n|poke|p2|Urshifu-*, L50, M|\n|poke|p2|Whimsicott, L50, F|\n|teampreview|4\n|inactive|Battle timer is ON: inactive players will automatically lose when time's up. (requested by waterspoutingogre)\n|j| Sh0wmak3r\n|inactive|waterspoutingogre has 60 seconds left.\n|inactive|waterspoutingogre has 30 seconds left.\n|inactive|waterspoutingogre has 20 seconds left.\n|inactive|waterspoutingogre has 15 seconds left.\n|inactive|waterspoutingogre has 10 seconds left.\n|\n|t:|1738361884\n|start\n|switch|p1a: Incineroar|Incineroar, L50, F|100\/100\n|switch|p1b: Amoonguss|Amoonguss, L50, M|100\/100\n|switch|p2a: Calyrex|Calyrex-Shadow, L50|100\/100\n|switch|p2b: Whimsicott|Whimsicott, L50, F, shiny|100\/100\n|-ability|p2a: Calyrex|As One\n|-ability|p2a: Calyrex|Unnerve\n|-ability|p1a: Incineroar|Intimidate|boost\n|-unboost|p2a: Calyrex|atk|1\n|-unboost|p2b: Whimsicott|atk|1\n|turn|1\n|inactive|waterspoutingogre has 30 seconds left.\n|inactive|waterspoutingogre has 20 seconds left.\n|inactive|waterspoutingogre has 15 seconds left.\n|\n|t:|1738361926\n|-terastallize|p2a: Calyrex|Dark\n|move|p2a: Calyrex|Substitute|p2a: Calyrex\n|-start|p2a: Calyrex|Substitute\n|-damage|p2a: Calyrex|76\/100\n|move|p2b: Whimsicott|Moonblast|p1a: Incineroar\n|-damage|p1a: Incineroar|75\/100\n|move|p1a: Incineroar|Parting Shot|p2a: Calyrex\n|-unboost|p2a: Calyrex|atk|1\n|-unboost|p2a: Calyrex|spa|1\n|\n|t:|1738361939\n|switch|p1a: Kyogre|Kyogre, L50|100\/100|[from] Parting Shot\n|-weather|RainDance|[from] ability: Drizzle|[of] p1a: Kyogre\n|move|p1b: Amoonguss|Sludge Bomb|p2b: Whimsicott\n|-supereffective|p2b: Whimsicott\n|-damage|p2b: Whimsicott|0 fnt\n|faint|p2b: Whimsicott\n|\n|-weather|RainDance|[upkeep]\n|upkeep\n|\n|t:|1738361950\n|switch|p2b: Ogerpon|Ogerpon-Hearthflame, L50, F|100\/100\n|-ability|p2b: Ogerpon|Mold Breaker\n|turn|2\n|\n|t:|1738361973\n|switch|p1a: Incineroar|Incineroar, L50, F|75\/100\n|-ability|p1a: Incineroar|Intimidate|boost\n|-immune|p2a: Calyrex\n|-unboost|p2b: Ogerpon|atk|1\n|-terastallize|p1b: Amoonguss|Steel\n|move|p2a: Calyrex|Psychic|p1b: Amoonguss\n|-resisted|p1b: Amoonguss\n|-damage|p1b: Amoonguss|79\/100\n|-damage|p2a: Calyrex|66\/100|[from] item: Life Orb\n|move|p2b: Ogerpon|Ivy Cudgel|p1b: Amoonguss|[anim] Ivy Cudgel Fire\n|-supereffective|p1b: Amoonguss\n|-damage|p1b: Amoonguss|53\/100\n|move|p1b: Amoonguss|Sludge Bomb|p2b: Ogerpon\n|-supereffective|p2b: Ogerpon\n|-damage|p2b: Ogerpon|43\/100\n|-status|p2b: Ogerpon|psn\n|\n|-weather|RainDance|[upkeep]\n|-damage|p2b: Ogerpon|30\/100 psn|[from] psn\n|upkeep\n|turn|3\n|l| Sh0wmak3r\n|\n|t:|1738361998\n|switch|p1b: Kyogre|Kyogre, L50|100\/100\n|move|p2b: Ogerpon|Spiky Shield|p2b: Ogerpon\n|-singleturn|p2b: Ogerpon|move: Protect\n|move|p2a: Calyrex|Astral Barrage|p1a: Incineroar|[spread] p1a,p1b\n|-resisted|p1a: Incineroar\n|-damage|p1a: Incineroar|50\/100\n|-damage|p1b: Kyogre|69\/100\n|-damage|p2a: Calyrex|57\/100|[from] item: Life Orb\n|move|p1a: Incineroar|Parting Shot|p2a: Calyrex\n|-unboost|p2a: Calyrex|atk|1\n|-unboost|p2a: Calyrex|spa|1\n|\n|t:|1738362011\n|switch|p1a: Amoonguss|Amoonguss, L50, M, tera:Steel|87\/100|[from] Parting Shot\n|\n|-weather|RainDance|[upkeep]\n|-heal|p1b: Kyogre|74\/100|[from] item: Leftovers\n|-damage|p2b: Ogerpon|18\/100 psn|[from] psn\n|upkeep\n|turn|4\n|\n|t:|1738362020\n|move|p1b: Kyogre|Protect|p1b: Kyogre\n|-singleturn|p1b: Kyogre|Protect\n|move|p2a: Calyrex|Astral Barrage|p1b: Kyogre|[spread] p1a\n|-activate|p1b: Kyogre|move: Protect\n|-damage|p1a: Amoonguss|53\/100\n|-damage|p2a: Calyrex|47\/100|[from] item: Life Orb\n|move|p2b: Ogerpon|Ivy Cudgel|p1a: Amoonguss|[anim] Ivy Cudgel Fire\n|-supereffective|p1a: Amoonguss\n|-damage|p1a: Amoonguss|27\/100\n|move|p1a: Amoonguss|Sludge Bomb|p2a: Calyrex\n|-end|p2a: Calyrex|Substitute\n|\n|-weather|RainDance|[upkeep]\n|-heal|p1b: Kyogre|80\/100|[from] item: Leftovers\n|-damage|p2b: Ogerpon|6\/100 psn|[from] psn\n|upkeep\n|turn|5\n|inactive|CombatWombat925 has 30 seconds left.\n|\n|t:|1738362049\n|switch|p2b: Urshifu|Urshifu, L50, M|100\/100\n|switch|p1a: Incineroar|Incineroar, L50, F|50\/100\n|-ability|p1a: Incineroar|Intimidate|boost\n|-unboost|p2a: Calyrex|atk|1\n|-unboost|p2b: Urshifu|atk|1\n|move|p2a: Calyrex|Astral Barrage|p1a: Incineroar|[spread] p1a,p1b\n|-resisted|p1a: Incineroar\n|-crit|p1a: Incineroar\n|-damage|p1a: Incineroar|0 fnt\n|-damage|p1b: Kyogre|57\/100\n|faint|p1a: Incineroar\n|-ability|p2a: Calyrex|Grim Neigh|boost\n|-boost|p2a: Calyrex|spa|1\n|-damage|p2a: Calyrex|37\/100|[from] item: Life Orb\n|move|p1b: Kyogre|Origin Pulse|p2b: Urshifu|[spread] p2a,p2b\n|-damage|p2a: Calyrex|0 fnt\n|-enditem|p2b: Urshifu|Focus Sash\n|-damage|p2b: Urshifu|1\/100\n|faint|p2a: Calyrex\n|\n|-weather|none\n|-heal|p1b: Kyogre|63\/100|[from] item: Leftovers\n|upkeep\n|-message|waterspoutingogre forfeited.\n|\n|win|CombatWombat925\n|raw|CombatWombat925's rating: 1609 &rarr; <strong>1629<\/strong><br \/>(+20 for winning)\n|raw|waterspoutingogre's rating: 1612 &rarr; <strong>1592<\/strong><br \/>(-20 for losing)\n|l|\u2606waterspoutingogre\n|player|p2|\n|l|\u2606CombatWombat925\n|player|p1|\n","uploadtime":1738362257,"views":9,"formatid":"gen9vgc2025regg","rating":1592,"private":0,"password":null}