{"id":"gen9vgc2025regg-2292993747","format":"[Gen 9] VGC 2025 Reg G","players":["Zyros Phade","ahfoong0411"],"log":"|j|\u2606Zyros Phade\n|j|\u2606ahfoong0411\n|t:|1738509866\n|gametype|doubles\n|player|p1|Zyros Phade|170|1711\n|player|p2|ahfoong0411|265|1617\n|teamsize|p1|6\n|teamsize|p2|6\n|gen|9\n|tier|[Gen 9] VGC 2025 Reg G\n|rated|\n|rule|Species Clause: Limit one of each Pok\u00e9mon\n|rule|Item Clause: Limit 1 of each item\n|clearpoke\n|poke|p1|Urshifu-*, L50, M|\n|poke|p1|Kyogre, L50|\n|poke|p1|Iron Hands, L50|\n|poke|p1|Baxcalibur, L50, M|\n|poke|p1|Indeedee-F, L50, F|\n|poke|p1|Murkrow, L50, F|\n|poke|p2|Calyrex-Ice, L50|\n|poke|p2|Amoonguss, L50, M|\n|poke|p2|Pelipper, L50, F|\n|poke|p2|Landorus, L50, M|\n|poke|p2|Urshifu-*, L50, F|\n|poke|p2|Roaring Moon, L50|\n|teampreview|4\n|inactive|Battle timer is ON: inactive players will automatically lose when time's up. (requested by Zyros Phade)\n|inactive|ahfoong0411 has 60 seconds left.\n|inactive|ahfoong0411 has 30 seconds left.\n|inactive|ahfoong0411 has 20 seconds left.\n|inactive|ahfoong0411 has 15 seconds left.\n|inactive|ahfoong0411 has 10 seconds left.\n|\n|t:|1738509956\n|start\n|switch|p1a: Indeedee|Indeedee-F, L50, F|100\/100\n|switch|p1b: Kyogre|Kyogre, L50, shiny|100\/100\n|switch|p2a: Calyrex|Calyrex-Ice, L50|100\/100\n|switch|p2b: Roaring Moon|Roaring Moon, L50|100\/100\n|-ability|p2a: Calyrex|As One\n|-ability|p2a: Calyrex|Unnerve\n|-weather|RainDance|[from] ability: Drizzle|[of] p1b: Kyogre\n|-fieldstart|move: Psychic Terrain|[from] ability: Psychic Surge|[of] p1a: Indeedee\n|-enditem|p2b: Roaring Moon|Booster Energy\n|-activate|p2b: Roaring Moon|ability: Protosynthesis|[fromitem]\n|-start|p2b: Roaring Moon|protosynthesisspe\n|turn|1\n|inactive|ahfoong0411 has 30 seconds left.\n|\n|t:|1738509984\n|-terastallize|p1b: Kyogre|Water\n|move|p1a: Indeedee|Helping Hand|p1b: Kyogre\n|-singleturn|p1b: Kyogre|Helping Hand|[of] p1a: Indeedee\n|move|p2a: Calyrex|Protect|p2a: Calyrex\n|-singleturn|p2a: Calyrex|Protect\n|move|p2b: Roaring Moon|Knock Off|p1b: Kyogre\n|-crit|p1b: Kyogre\n|-damage|p1b: Kyogre|30\/100\n|-enditem|p1b: Kyogre|Choice Specs|[from] move: Knock Off|[of] p2b: Roaring Moon\n|move|p1b: Kyogre|Water Spout|p2a: Calyrex|[spread] p2b\n|-activate|p2a: Calyrex|move: Protect\n|-resisted|p2b: Roaring Moon\n|-damage|p2b: Roaring Moon|72\/100\n|\n|-weather|RainDance|[upkeep]\n|upkeep\n|turn|2\n|inactive|ahfoong0411 has 30 seconds left.\n|\n|t:|1738510018\n|move|p1a: Indeedee|Follow Me|p1a: Indeedee\n|-singleturn|p1a: Indeedee|move: Follow Me\n|move|p2b: Roaring Moon|Knock Off|p1a: Indeedee\n|-supereffective|p1a: Indeedee\n|-damage|p1a: Indeedee|14\/100\n|-damage|p2b: Roaring Moon|55\/100|[from] item: Rocky Helmet|[of] p1a: Indeedee\n|-enditem|p1a: Indeedee|Rocky Helmet|[from] move: Knock Off|[of] p2b: Roaring Moon\n|move|p1b: Kyogre|Tera Blast|p2a: Calyrex|[anim] Tera Blast Water\n|-damage|p2a: Calyrex|22\/100\n|move|p2a: Calyrex|Glacial Lance|p1a: Indeedee|[spread] p1a,p1b\n|-resisted|p1b: Kyogre\n|-damage|p1a: Indeedee|0 fnt\n|-damage|p1b: Kyogre|4\/100\n|faint|p1a: Indeedee\n|-ability|p2a: Calyrex|Chilling Neigh|boost\n|-boost|p2a: Calyrex|atk|1\n|\n|-weather|RainDance|[upkeep]\n|upkeep\n|\n|t:|1738510030\n|switch|p1a: Murkrow|Murkrow, L50, F|100\/100\n|turn|3\n|inactive|ahfoong0411 has 30 seconds left.\n|\n|t:|1738510060\n|move|p2b: Roaring Moon|Knock Off|p1b: Kyogre\n|-damage|p1b: Kyogre|0 fnt\n|faint|p1b: Kyogre\n|move|p1a: Murkrow|Hurricane|p2a: Calyrex\n|-damage|p2a: Calyrex|0 fnt\n|faint|p2a: Calyrex\n|\n|-weather|RainDance|[upkeep]\n|upkeep\n|\n|t:|1738510080\n|switch|p1b: Baxcalibur|Baxcalibur, L50, M|100\/100\n|switch|p2a: Pelipper|Pelipper, L50, F|100\/100\n|turn|4\n|inactive|ahfoong0411 has 30 seconds left.\n|inactive|ahfoong0411 has 20 seconds left.\n|inactive|ahfoong0411 has 15 seconds left.\n|\n|t:|1738510121\n|move|p1a: Murkrow|Tailwind|p1a: Murkrow\n|-sidestart|p1: Zyros Phade|move: Tailwind\n|move|p1b: Baxcalibur|Dragon Dance|p1b: Baxcalibur\n|-boost|p1b: Baxcalibur|atk|1\n|-boost|p1b: Baxcalibur|spe|1\n|move|p2b: Roaring Moon|Acrobatics|p1a: Murkrow\n|-damage|p1a: Murkrow|9\/100\n|move|p2a: Pelipper|Weather Ball|p1a: Murkrow\n|-damage|p1a: Murkrow|0 fnt\n|faint|p1a: Murkrow\n|\n|-weather|RainDance|[upkeep]\n|upkeep\n|turn|5\n|inactive|ahfoong0411 has 30 seconds left.\n|\n|t:|1738510152\n|move|p1b: Baxcalibur|Icicle Spear|p2a: Pelipper\n|-damage|p2a: Pelipper|72\/100\n|-damage|p2a: Pelipper|46\/100\n|-damage|p2a: Pelipper|18\/100\n|-damage|p2a: Pelipper|0 fnt\n|faint|p2a: Pelipper\n|-hitcount|p2: Pelipper|4\n|move|p2b: Roaring Moon|Knock Off|p1b: Baxcalibur\n|-damage|p1b: Baxcalibur|56\/100\n|-enditem|p1b: Baxcalibur|Loaded Dice|[from] move: Knock Off|[of] p2b: Roaring Moon\n|\n|-weather|none\n|-fieldend|move: Psychic Terrain\n|upkeep\n|\n|t:|1738510164\n|switch|p2a: Urshifu|Urshifu-Rapid-Strike, L50, F|100\/100\n|turn|6\n|inactive|ahfoong0411 has 30 seconds left.\n|\n|t:|1738510196\n|move|p1b: Baxcalibur|Glaive Rush|p2a: Urshifu\n|-damage|p2a: Urshifu|14\/100\n|-singlemove|p1b: Baxcalibur|Glaive Rush|[silent]\n|move|p2b: Roaring Moon|Knock Off|p1b: Baxcalibur\n|-damage|p1b: Baxcalibur|0 fnt\n|faint|p1b: Baxcalibur\n|\n|win|ahfoong0411\n|raw|Zyros Phade's rating: 1634 &rarr; <strong>1613<\/strong><br \/>(-21 for losing)\n|raw|ahfoong0411's rating: 1617 &rarr; <strong>1638<\/strong><br \/>(+21 for winning)\n|l|\u2606Zyros Phade\n|player|p1|\n|j| sitojuri\n","uploadtime":1738510458,"views":9,"formatid":"gen9vgc2025regg","rating":1613,"private":0,"password":null}