{"id":"gen9vgc2025regg-2292979498","format":"[Gen 9] VGC 2025 Reg G","players":["Mildly Displeased","Diestoise"],"log":"|j|\u2606Mildly Displeased\n|j|\u2606Diestoise\n|t:|1738507724\n|gametype|doubles\n|player|p1|Mildly Displeased|lillie|1558\n|player|p2|Diestoise|blue|1595\n|teamsize|p1|6\n|teamsize|p2|6\n|gen|9\n|tier|[Gen 9] VGC 2025 Reg G\n|rated|\n|rule|Species Clause: Limit one of each Pok\u00e9mon\n|rule|Item Clause: Limit 1 of each item\n|clearpoke\n|poke|p1|Primarina, L50, M|\n|poke|p1|Talonflame, L50, F|\n|poke|p1|Zamazenta-*, L50|\n|poke|p1|Rillaboom, L50, M|\n|poke|p1|Iron Treads, L50|\n|poke|p1|Chien-Pao, L50|\n|poke|p2|Koraidon, L50|\n|poke|p2|Raging Bolt, L50|\n|poke|p2|Entei, L50|\n|poke|p2|Flutter Mane, L50|\n|poke|p2|Venusaur, L50, M|\n|poke|p2|Ditto, L50|\n|teampreview|4\n|inactive|Battle timer is ON: inactive players will automatically lose when time's up. (requested by Mildly Displeased)\n|inactive|Mildly Displeased has 60 seconds left.\n|inactive|Diestoise has 60 seconds left.\n|\n|t:|1738507769\n|start\n|switch|p1a: Phoenix|Talonflame, L50, F, shiny|100\/100\n|switch|p1b: Weavile 2.0|Chien-Pao, L50|100\/100\n|switch|p2a: Entei|Entei, L50|100\/100\n|switch|p2b: Raging Bolt|Raging Bolt, L50|100\/100\n|-ability|p1b: Weavile 2.0|Sword of Ruin\n|turn|1\n|inactive|Diestoise has 30 seconds left.\n|\n|t:|1738507800\n|move|p2b: Raging Bolt|Protect|p2b: Raging Bolt\n|-singleturn|p2b: Raging Bolt|Protect\n|move|p1a: Phoenix|Brave Bird|p2a: Entei\n|-damage|p2a: Entei|34\/100\n|-damage|p1a: Phoenix|69\/100|[from] Recoil\n|move|p1b: Weavile 2.0|Crunch|p2a: Entei\n|-damage|p2a: Entei|0 fnt\n|faint|p2a: Entei\n|\n|upkeep\n|\n|t:|1738507815\n|switch|p2a: Koraidon|Koraidon, L50|100\/100\n|-weather|SunnyDay|[from] ability: Orichalcum Pulse|[of] p2a: Koraidon\n|-activate|p2b: Raging Bolt|ability: Protosynthesis\n|-start|p2b: Raging Bolt|protosynthesisspa\n|-activate|p2a: Koraidon|Orichalcum Pulse|[source]\n|turn|2\n|j| hdwyzdmszrj\n|\n|t:|1738507828\n|-terastallize|p2a: Koraidon|Fire\n|move|p2b: Raging Bolt|Thunderclap||[still]\n|-fail|p2b: Raging Bolt\n|move|p2a: Koraidon|Scale Shot|p1b: Weavile 2.0\n|-crit|p1b: Weavile 2.0\n|-damage|p1b: Weavile 2.0|63\/100\n|-damage|p1b: Weavile 2.0|40\/100\n|-damage|p1b: Weavile 2.0|17\/100\n|-damage|p1b: Weavile 2.0|0 fnt\n|faint|p1b: Weavile 2.0\n|-hitcount|p1: Weavile 2.0|4\n|-unboost|p2a: Koraidon|def|1\n|-boost|p2a: Koraidon|spe|1\n|move|p1a: Phoenix|Tailwind|p1a: Phoenix\n|-sidestart|p1: Mildly Displeased|move: Tailwind\n|\n|-weather|SunnyDay|[upkeep]\n|upkeep\n|\n|t:|1738507841\n|switch|p1b: Pippin|Zamazenta-Crowned, L50|100\/100\n|-ability|p1b: Pippin|Dauntless Shield|boost\n|-boost|p1b: Pippin|def|1\n|turn|3\n|\n|t:|1738507866\n|-terastallize|p1b: Pippin|Ghost\n|move|p2a: Koraidon|Protect|p2a: Koraidon\n|-singleturn|p2a: Koraidon|Protect\n|move|p1a: Phoenix|Brave Bird|p2a: Koraidon\n|-activate|p2a: Koraidon|move: Protect\n|move|p1b: Pippin|Body Press|p2b: Raging Bolt\n|-damage|p2b: Raging Bolt|41\/100\n|move|p2b: Raging Bolt|Thunderbolt|p1a: Phoenix\n|-supereffective|p1a: Phoenix\n|-damage|p1a: Phoenix|0 fnt\n|faint|p1a: Phoenix\n|-damage|p2b: Raging Bolt|31\/100|[from] item: Life Orb\n|\n|-weather|SunnyDay|[upkeep]\n|upkeep\n|\n|t:|1738507871\n|switch|p1a: Knotweed|Rillaboom, L50, M|100\/100\n|-fieldstart|move: Grassy Terrain|[from] ability: Grassy Surge|[of] p1a: Knotweed\n|turn|4\n|inactive|Diestoise has 30 seconds left.\n|\n|t:|1738507898\n|switch|p2a: Ditto|Ditto, L50|100\/100\n|-transform|p2a: Ditto|p1b: Pippin|[from] ability: Imposter\n|-ability|p2a: Ditto|Dauntless Shield|boost\n|-boost|p2a: Ditto|def|1\n|move|p1a: Knotweed|Fake Out|p2b: Raging Bolt\n|-damage|p2b: Raging Bolt|14\/100\n|-damage|p1a: Knotweed|91\/100|[from] item: Life Orb\n|cant|p2b: Raging Bolt|flinch\n|move|p1b: Pippin|Body Press|p2a: Ditto\n|-supereffective|p2a: Ditto\n|-damage|p2a: Ditto|57\/100\n|\n|-weather|SunnyDay|[upkeep]\n|-heal|p1a: Knotweed|97\/100|[from] Grassy Terrain\n|-heal|p2a: Ditto|62\/100|[from] Grassy Terrain\n|-heal|p2b: Raging Bolt|20\/100|[from] Grassy Terrain\n|upkeep\n|-start|p2a: Ditto|typechange|Fighting\/Steel|[silent]\n|turn|5\n|inactive|Diestoise has 30 seconds left.\n|\n|t:|1738507928\n|move|p2b: Raging Bolt|Protect|p2b: Raging Bolt\n|-singleturn|p2b: Raging Bolt|Protect\n|move|p1b: Pippin|Iron Defense|p1b: Pippin\n|-boost|p1b: Pippin|def|2\n|move|p1a: Knotweed|High Horsepower|p2b: Raging Bolt\n|-activate|p2b: Raging Bolt|move: Protect\n|move|p2a: Ditto|Body Press|p1a: Knotweed\n|-damage|p1a: Knotweed|10\/100\n|\n|-weather|SunnyDay|[upkeep]\n|-heal|p1a: Knotweed|15\/100|[from] Grassy Terrain\n|-heal|p2a: Ditto|68\/100|[from] Grassy Terrain\n|-heal|p2b: Raging Bolt|26\/100|[from] Grassy Terrain\n|-sideend|p1: Mildly Displeased|move: Tailwind\n|upkeep\n|turn|6\n|\n|t:|1738507950\n|move|p2b: Raging Bolt|Thunderclap|p1b: Pippin\n|-damage|p1b: Pippin|46\/100\n|-damage|p2b: Raging Bolt|17\/100|[from] item: Life Orb\n|move|p1b: Pippin|Body Press|p2b: Raging Bolt\n|-damage|p2b: Raging Bolt|0 fnt\n|faint|p2b: Raging Bolt\n|-end|p2b: Raging Bolt|Protosynthesis|[silent]\n|move|p2a: Ditto|Body Press|p1a: Knotweed\n|-damage|p1a: Knotweed|0 fnt\n|faint|p1a: Knotweed\n|\n|-weather|none\n|-heal|p1b: Pippin|52\/100|[from] Grassy Terrain\n|-heal|p2a: Ditto|74\/100|[from] Grassy Terrain\n|upkeep\n|j| jdarcan\n|\n|t:|1738507961\n|switch|p2b: Koraidon|Koraidon, L50, tera:Fire|100\/100\n|-weather|SunnyDay|[from] ability: Orichalcum Pulse|[of] p2b: Koraidon\n|-activate|p2b: Koraidon|Orichalcum Pulse|[source]\n|turn|7\n|\n|t:|1738507970\n|move|p2b: Koraidon|Flare Blitz|p1b: Pippin\n|-damage|p1b: Pippin|25\/100\n|-damage|p2b: Koraidon|91\/100|[from] Recoil\n|move|p2a: Ditto|Heavy Slam|p1b: Pippin\n|-damage|p1b: Pippin|21\/100\n|move|p1b: Pippin|Body Press|p2b: Koraidon\n|-damage|p2b: Koraidon|0 fnt\n|faint|p2b: Koraidon\n|\n|-weather|SunnyDay|[upkeep]\n|-heal|p1b: Pippin|27\/100|[from] Grassy Terrain\n|-heal|p2a: Ditto|80\/100|[from] Grassy Terrain\n|upkeep\n|turn|8\n|c|\u2606Mildly Displeased|Gg\n|\n|t:|1738507993\n|move|p1b: Pippin|Body Press|p2a: Ditto\n|-supereffective|p2a: Ditto\n|-damage|p2a: Ditto|5\/100\n|move|p2a: Ditto|Heavy Slam|p1b: Pippin\n|-damage|p1b: Pippin|23\/100\n|\n|-weather|SunnyDay|[upkeep]\n|-heal|p1b: Pippin|30\/100|[from] Grassy Terrain\n|-heal|p2a: Ditto|11\/100|[from] Grassy Terrain\n|-fieldend|move: Grassy Terrain\n|upkeep\n|turn|9\n|\n|t:|1738507997\n|move|p2a: Ditto|Heavy Slam|p1b: Pippin\n|-damage|p1b: Pippin|26\/100\n|move|p1b: Pippin|Body Press|p2a: Ditto\n|-supereffective|p2a: Ditto\n|-damage|p2a: Ditto|0 fnt\n|faint|p2a: Ditto\n|\n|win|Mildly Displeased\n|raw|Mildly Displeased's rating: 1558 &rarr; <strong>1580<\/strong><br \/>(+22 for winning)\n|raw|Diestoise's rating: 1595 &rarr; <strong>1573<\/strong><br \/>(-22 for losing)\n|l| hdwyzdmszrj\n|l|\u2606Diestoise\n|player|p2|\n|l|\u2606Mildly Displeased\n|player|p1|\n","uploadtime":1738508214,"views":8,"formatid":"gen9vgc2025regg","rating":1573,"private":0,"password":null}