{"id":"gen9vgc2025regg-2292993821","format":"[Gen 9] VGC 2025 Reg G","players":["Yung Trav","bidoofutopia"],"log":"|j|\u2606Yung Trav\n|j|\u2606bidoofutopia\n|t:|1738509877\n|gametype|doubles\n|player|p1|Yung Trav|1|1572\n|player|p2|bidoofutopia|lucas|1534\n|teamsize|p1|6\n|teamsize|p2|6\n|gen|9\n|tier|[Gen 9] VGC 2025 Reg G\n|rated|\n|rule|Species Clause: Limit one of each Pok\u00e9mon\n|rule|Item Clause: Limit 1 of each item\n|clearpoke\n|poke|p1|Calyrex-Ice, L50|\n|poke|p1|Regidrago, L50|\n|poke|p1|Smeargle, L50, M|\n|poke|p1|Farigiraf, L50, M|\n|poke|p1|Urshifu-*, L50, M|\n|poke|p1|Ogerpon-Cornerstone, L50, F|\n|poke|p2|Calyrex-Ice, L50|\n|poke|p2|Urshifu-*, L50, M|\n|poke|p2|Pelipper, L50, M|\n|poke|p2|Amoonguss, L50, F|\n|poke|p2|Iron Valiant, L50|\n|poke|p2|Landorus, L50, M|\n|teampreview|4\n|inactive|Battle timer is ON: inactive players will automatically lose when time's up. (requested by bidoofutopia)\n|inactive|Yung Trav has 60 seconds left.\n|\n|t:|1738509914\n|start\n|switch|p1a: Calyrex|Calyrex-Ice, L50|100\/100\n|switch|p1b: Urshifu|Urshifu, L50, M|100\/100\n|switch|p2a: Pelipper|Pelipper, L50, M|100\/100\n|switch|p2b: Urshifu|Urshifu-Rapid-Strike, L50, M|100\/100\n|-ability|p1a: Calyrex|As One\n|-ability|p1a: Calyrex|Unnerve\n|-weather|RainDance|[from] ability: Drizzle|[of] p2a: Pelipper\n|turn|1\n|inactive|Yung Trav has 30 seconds left.\n|\n|t:|1738509946\n|-terastallize|p2b: Urshifu|Water\n|-terastallize|p1a: Calyrex|Water\n|move|p2a: Pelipper|Helping Hand|p2b: Urshifu\n|-singleturn|p2b: Urshifu|Helping Hand|[of] p2a: Pelipper\n|move|p1b: Urshifu|Coaching|p1a: Calyrex\n|-boost|p1a: Calyrex|atk|1\n|-boost|p1a: Calyrex|def|1\n|move|p2b: Urshifu|Surging Strikes|p1a: Calyrex\n|-resisted|p1a: Calyrex\n|-crit|p1a: Calyrex\n|-damage|p1a: Calyrex|81\/100\n|-resisted|p1a: Calyrex\n|-crit|p1a: Calyrex\n|-damage|p1a: Calyrex|61\/100\n|-resisted|p1a: Calyrex\n|-crit|p1a: Calyrex\n|-damage|p1a: Calyrex|41\/100\n|-hitcount|p1a: Calyrex|3\n|move|p1a: Calyrex|Glacial Lance|p2b: Urshifu|[spread] p2a,p2b\n|-resisted|p2b: Urshifu\n|-damage|p2a: Pelipper|10\/100\n|-damage|p2b: Urshifu|52\/100\n|\n|-weather|RainDance|[upkeep]\n|upkeep\n|turn|2\n|inactive|Yung Trav has 30 seconds left.\n|\n|t:|1738509972\n|switch|p1b: Ogerpon|Ogerpon-Cornerstone, L50, F|100\/100\n|switch|p1a: Farigiraf|Farigiraf, L50, M, shiny|100\/100\n|move|p2b: Urshifu|Surging Strikes|p1a: Farigiraf\n|-crit|p1a: Farigiraf\n|-damage|p1a: Farigiraf|67\/100\n|-crit|p1a: Farigiraf\n|-damage|p1a: Farigiraf|31\/100\n|-crit|p1a: Farigiraf\n|-damage|p1a: Farigiraf|0 fnt\n|faint|p1a: Farigiraf\n|-hitcount|p1: Farigiraf|3\n|move|p2a: Pelipper|Hurricane|p1b: Ogerpon\n|-damage|p1b: Ogerpon|15\/100\n|-start|p1b: Ogerpon|confusion\n|-damage|p2a: Pelipper|0 fnt|[from] item: Life Orb\n|faint|p2a: Pelipper\n|\n|-weather|RainDance|[upkeep]\n|upkeep\n|\n|t:|1738509996\n|switch|p2a: Calyrex|Calyrex-Ice, L50|100\/100\n|switch|p1a: Urshifu|Urshifu, L50, M|100\/100\n|-ability|p2a: Calyrex|As One\n|-ability|p2a: Calyrex|Unnerve\n|turn|3\n|\n|t:|1738510019\n|move|p2b: Urshifu|Aqua Jet|p1b: Ogerpon\n|-damage|p1b: Ogerpon|0 fnt\n|faint|p1b: Ogerpon\n|move|p1a: Urshifu|Wicked Blow|p2a: Calyrex\n|-supereffective|p2a: Calyrex\n|-crit|p2a: Calyrex\n|-damage|p2a: Calyrex|14\/100\n|move|p2a: Calyrex|Glacial Lance|p1a: Urshifu\n|-damage|p1a: Urshifu|25\/100\n|\n|-weather|RainDance|[upkeep]\n|upkeep\n|\n|t:|1738510030\n|switch|p1b: Calyrex|Calyrex-Ice, L50, tera:Water|41\/100\n|-ability|p1b: Calyrex|As One\n|-ability|p1b: Calyrex|Unnerve\n|turn|4\n|\n|t:|1738510041\n|move|p2b: Urshifu|Aqua Jet|p1a: Urshifu\n|-damage|p1a: Urshifu|0 fnt\n|faint|p1a: Urshifu\n|move|p1b: Calyrex|Glacial Lance|p2a: Calyrex|[spread] p2a,p2b\n|-resisted|p2a: Calyrex\n|-resisted|p2b: Urshifu\n|-damage|p2a: Calyrex|0 fnt\n|-damage|p2b: Urshifu|19\/100\n|faint|p2a: Calyrex\n|-ability|p1b: Calyrex|Chilling Neigh|boost\n|-boost|p1b: Calyrex|atk|1\n|\n|-weather|RainDance|[upkeep]\n|upkeep\n|\n|t:|1738510048\n|switch|p2a: Amoonguss|Amoonguss, L50, F|100\/100\n|turn|5\n|\n|t:|1738510069\n|move|p2b: Urshifu|Close Combat|p1b: Calyrex\n|-damage|p1b: Calyrex|0 fnt\n|-unboost|p2b: Urshifu|def|1\n|-unboost|p2b: Urshifu|spd|1\n|faint|p1b: Calyrex\n|\n|win|bidoofutopia\n|raw|Yung Trav's rating: 1572 &rarr; <strong>1550<\/strong><br \/>(-22 for losing)\n|raw|bidoofutopia's rating: 1534 &rarr; <strong>1556<\/strong><br \/>(+22 for winning)\n|l|\u2606bidoofutopia\n|player|p2|\n|l|\u2606Yung Trav\n|player|p1|\n","uploadtime":1738510318,"views":8,"formatid":"gen9vgc2025regg","rating":1550,"private":0,"password":null}