{"id":"gen9vgc2025regg-2292766284","format":"[Gen 9] VGC 2025 Reg G","players":["TheLoanRanger","Sazandoramx"],"log":"|j|\u2606TheLoanRanger\n|j|\u2606Sazandoramx\n|t:|1738466614\n|gametype|doubles\n|player|p1|TheLoanRanger|gardenia|1605\n|player|p2|Sazandoramx|101|1630\n|teamsize|p1|5\n|teamsize|p2|6\n|gen|9\n|tier|[Gen 9] VGC 2025 Reg G\n|rated|\n|rule|Species Clause: Limit one of each Pok\u00e9mon\n|rule|Item Clause: Limit 1 of each item\n|clearpoke\n|poke|p1|Miraidon, L50|\n|poke|p1|Talonflame, L50, M|\n|poke|p1|Grimmsnarl, L50, M|\n|poke|p1|Urshifu-*, L50, F|\n|poke|p1|Ogerpon-Hearthflame, L50, F|\n|poke|p2|Necrozma-Dawn-Wings, L50|\n|poke|p2|Ogerpon-Cornerstone, L50, F|\n|poke|p2|Annihilape, L50, F|\n|poke|p2|Ursaluna, L50, F|\n|poke|p2|Torkoal, L50, F|\n|poke|p2|Indeedee-F, L50, F|\n|teampreview|4\nTheLoanRanger has agreed to open team sheets.\n|j| UI Rain\n|inactive|Battle timer is ON: inactive players will automatically lose when time's up. (requested by Sazandoramx)\n|\n|t:|1738466685\n|start\n|switch|p1a: Talonflame|Talonflame, L50, M|100\/100\n|switch|p1b: Grimmsnarl|Grimmsnarl, L50, M|100\/100\n|switch|p2a: Necrozma|Necrozma-Dawn-Wings, L50|100\/100\n|switch|p2b: Indeedee|Indeedee-F, L50, F|100\/100\n|-fieldstart|move: Psychic Terrain|[from] ability: Psychic Surge|[of] p2b: Indeedee\n|turn|1\n|inactive|Sazandoramx has 30 seconds left.\n|\n|t:|1738466714\n|switch|p1a: Miraidon|Miraidon, L50|100\/100\n|-fieldstart|move: Electric Terrain|[from] ability: Hadron Engine|[of] p1a: Miraidon\n|move|p1b: Grimmsnarl|Light Screen|p1b: Grimmsnarl\n|-sidestart|p1: TheLoanRanger|move: Light Screen\n|move|p2a: Necrozma|Meteor Beam||[still]\n|-prepare|p2a: Necrozma|Meteor Beam\n|-boost|p2a: Necrozma|spa|1\n|-enditem|p2a: Necrozma|Power Herb\n|-anim|p2a: Necrozma|Meteor Beam|p1a: Miraidon\n|-damage|p1a: Miraidon|61\/100\n|move|p2b: Indeedee|Trick Room|p2b: Indeedee\n|-fieldstart|move: Trick Room|[of] p2b: Indeedee\n|\n|upkeep\n|turn|2\n|inactive|TheLoanRanger has 30 seconds left.\n|inactive|Sazandoramx has 30 seconds left.\n|inactive|TheLoanRanger has 20 seconds left.\n|inactive|TheLoanRanger has 15 seconds left.\n|\n|t:|1738466758\n|move|p2b: Indeedee|Helping Hand|p2a: Necrozma\n|-singleturn|p2a: Necrozma|Helping Hand|[of] p2b: Indeedee\n|move|p1b: Grimmsnarl|Foul Play|p2a: Necrozma\n|-supereffective|p2a: Necrozma\n|-damage|p2a: Necrozma|25\/100\n|move|p2a: Necrozma|Moongeist Beam|p1a: Miraidon\n|-damage|p1a: Miraidon|0 fnt\n|faint|p1a: Miraidon\n|\n|upkeep\n|\n|t:|1738466764\n|switch|p1a: Ogerpon|Ogerpon-Hearthflame, L50, F|100\/100\n|-ability|p1a: Ogerpon|Mold Breaker\n|turn|3\n|inactive|Sazandoramx has 30 seconds left.\n|inactive|Sazandoramx has 20 seconds left.\n|inactive|Sazandoramx has 15 seconds left.\n|inactive|Sazandoramx has 10 seconds left.\n|\n|t:|1738466810\n|switch|p2b: Ursaluna|Ursaluna, L50, F|100\/100\n|-terastallize|p2a: Necrozma|Water\n|-terastallize|p1a: Ogerpon|Fire\n|detailschange|p1a: Ogerpon|Ogerpon-Hearthflame-Tera, L50, F, tera:Fire\n|-ability|p1a: Ogerpon|Embody Aspect (Hearthflame)|boost\n|-boost|p1a: Ogerpon|atk|1\n|move|p1b: Grimmsnarl|Foul Play|p2a: Necrozma\n|-damage|p2a: Necrozma|2\/100\n|move|p2a: Necrozma|Moongeist Beam|p1a: Ogerpon\n|-damage|p1a: Ogerpon|40\/100\n|move|p1a: Ogerpon|Ivy Cudgel|p2b: Ursaluna|[anim] Ivy Cudgel Fire\n|-damage|p2b: Ursaluna|27\/100\n|\n|-status|p2b: Ursaluna|brn|[from] item: Flame Orb\n|upkeep\n|turn|4\n|inactive|TheLoanRanger has 30 seconds left.\n|inactive|Sazandoramx has 30 seconds left.\n|inactive|TheLoanRanger has 20 seconds left.\n|inactive|Sazandoramx has 20 seconds left.\n|inactive|TheLoanRanger has 15 seconds left.\n|inactive|Sazandoramx has 15 seconds left.\n|inactive|TheLoanRanger has 10 seconds left.\n|\n|t:|1738466856\n|move|p1a: Ogerpon|Spiky Shield|p1a: Ogerpon\n|-singleturn|p1a: Ogerpon|move: Protect\n|move|p2b: Ursaluna|Facade|p1b: Grimmsnarl\n|-damage|p1b: Grimmsnarl|0 fnt\n|faint|p1b: Grimmsnarl\n|move|p2a: Necrozma|Moongeist Beam|p1a: Ogerpon\n|-activate|p1a: Ogerpon|move: Protect\n|\n|-damage|p2b: Ursaluna|21\/100 brn|[from] brn\n|upkeep\n|\n|t:|1738466858\n|switch|p1b: Talonflame|Talonflame, L50, M|100\/100\n|turn|5\n|inactive|Sazandoramx has 30 seconds left.\n|\n|t:|1738466887\n|switch|p2b: Indeedee|Indeedee-F, L50, F|100\/100\n|-fieldstart|move: Psychic Terrain|[from] ability: Psychic Surge|[of] p2b: Indeedee\n|move|p1a: Ogerpon|Spiky Shield|p1a: Ogerpon\n|-singleturn|p1a: Ogerpon|move: Protect\n|move|p1b: Talonflame|Brave Bird|p2b: Indeedee\n|-activate|p2b: Indeedee|move: Psychic Terrain\n|move|p2a: Necrozma|Expanding Force|p1b: Talonflame|[spread] p1b\n|-activate|p1a: Ogerpon|move: Protect\n|-damage|p1b: Talonflame|0 fnt\n|faint|p1b: Talonflame\n|\n|-fieldend|move: Trick Room\n|upkeep\n|turn|6\n|-message|TheLoanRanger forfeited.\n|\n|win|Sazandoramx\n|raw|TheLoanRanger's rating: 1605 &rarr; <strong>1586<\/strong><br \/>(-19 for losing)\n|raw|Sazandoramx's rating: 1630 &rarr; <strong>1649<\/strong><br \/>(+19 for winning)\n|l|\u2606TheLoanRanger\n|player|p1|\n|l| UI Rain\n|l|\u2606Sazandoramx\n|player|p2|\n","uploadtime":1738467131,"views":12,"formatid":"gen9vgc2025regg","rating":1586,"private":0,"password":null}