{"id":"gen9vgc2025regg-2292079404","format":"[Gen 9] VGC 2025 Reg G","players":["Kwiper","infinitygroudon"],"log":"|j|\u2606Kwiper\n|j|\u2606infinitygroudon\n|t:|1738361769\n|gametype|doubles\n|player|p1|Kwiper|sycamore|1562\n|player|p2|infinitygroudon|169|1624\n|teamsize|p1|6\n|teamsize|p2|6\n|gen|9\n|tier|[Gen 9] VGC 2025 Reg G\n|rated|\n|rule|Species Clause: Limit one of each Pok\u00e9mon\n|rule|Item Clause: Limit 1 of each item\n|clearpoke\n|poke|p1|Koraidon, L50|\n|poke|p1|Flutter Mane, L50|\n|poke|p1|Raging Bolt, L50|\n|poke|p1|Tornadus, L50, M|\n|poke|p1|Chi-Yu, L50|\n|poke|p1|Bastiodon, L50, M|\n|poke|p2|Terapagos, L50, M|\n|poke|p2|Clefairy, L50, F|\n|poke|p2|Rillaboom, L50, F|\n|poke|p2|Skeledirge, L50, M|\n|poke|p2|Urshifu-*, L50, F|\n|poke|p2|Chien-Pao, L50|\n|teampreview|4\n|inactive|Battle timer is ON: inactive players will automatically lose when time's up. (requested by Kwiper)\n|\n|t:|1738361783\n|start\n|switch|p1a: Tornadus|Tornadus, L50, M|100\/100\n|switch|p1b: Flutter Mane|Flutter Mane, L50|100\/100\n|switch|p2a: Ernesto|Skeledirge, L50, M|100\/100\n|switch|p2b: Presto|Chien-Pao, L50|100\/100\n|-ability|p2b: Presto|Sword of Ruin\n|turn|1\n|\n|t:|1738361795\n|move|p1a: Tornadus|Tailwind|p1a: Tornadus\n|-sidestart|p1: Kwiper|move: Tailwind\n|move|p1b: Flutter Mane|Moonblast|p2b: Presto\n|-supereffective|p2b: Presto\n|-enditem|p2b: Presto|Focus Sash\n|-damage|p2b: Presto|1\/100\n|-unboost|p2b: Presto|spa|1\n|move|p2b: Presto|Ice Spinner|p1a: Tornadus\n|-supereffective|p1a: Tornadus\n|-damage|p1a: Tornadus|0 fnt\n|faint|p1a: Tornadus\n|move|p2a: Ernesto|Yawn|p1b: Flutter Mane\n|-start|p1b: Flutter Mane|move: Yawn|[of] p2a: Ernesto\n|\n|upkeep\n|\n|t:|1738361800\n|switch|p1a: Chi-Yu|Chi-Yu, L50|100\/100\n|-ability|p1a: Chi-Yu|Beads of Ruin\n|turn|2\n|\n|t:|1738361815\n|-end|p1b: Flutter Mane|Protosynthesis|[silent]\n|switch|p1b: Koraidon|Koraidon, L50|100\/100\n|-weather|SunnyDay|[from] ability: Orichalcum Pulse|[of] p1b: Koraidon\n|-activate|p1b: Koraidon|Orichalcum Pulse|[source]\n|switch|p2a: Moonwater|Clefairy, L50, F|100\/100\n|move|p2b: Presto|Protect|p2b: Presto\n|-singleturn|p2b: Presto|Protect\n|move|p1a: Chi-Yu|Snarl|p2a: Moonwater|[spread] p2a\n|-activate|p2b: Presto|move: Protect\n|-resisted|p2a: Moonwater\n|-damage|p2a: Moonwater|80\/100\n|-unboost|p2a: Moonwater|spa|1\n|\n|-weather|SunnyDay|[upkeep]\n|upkeep\n|turn|3\n|j| Sh0wmak3r\n|\n|t:|1738361830\n|switch|p2b: Ernesto|Skeledirge, L50, M|100\/100\n|move|p2a: Moonwater|Protect|p2a: Moonwater\n|-singleturn|p2a: Moonwater|Protect\n|move|p1b: Koraidon|Flare Blitz|p2a: Moonwater\n|-activate|p2a: Moonwater|move: Protect\n|move|p1a: Chi-Yu|Snarl|p2b: Ernesto|[spread] p2b\n|-activate|p2a: Moonwater|move: Protect\n|-supereffective|p2b: Ernesto\n|-damage|p2b: Ernesto|43\/100\n|-unboost|p2b: Ernesto|spa|1\n|\n|-weather|SunnyDay|[upkeep]\n|upkeep\n|turn|4\n|\n|t:|1738361848\n|move|p1b: Koraidon|Flare Blitz|p2a: Moonwater\n|-damage|p2a: Moonwater|8\/100\n|-damage|p1b: Koraidon|78\/100|[from] Recoil\n|move|p1a: Chi-Yu|Snarl|p2a: Moonwater|[spread] p2a,p2b\n|-resisted|p2a: Moonwater\n|-supereffective|p2b: Ernesto\n|-damage|p2a: Moonwater|0 fnt\n|-damage|p2b: Ernesto|0 fnt\n|faint|p2a: Moonwater\n|faint|p2b: Ernesto\n|\n|-weather|SunnyDay|[upkeep]\n|-sideend|p1: Kwiper|move: Tailwind\n|upkeep\n|\n|t:|1738361854\n|switch|p2b: Presto|Chien-Pao, L50|1\/100\n|switch|p2a: Perrine|Terapagos, L50, M|100\/100\n|-activate|p2a: Perrine|ability: Tera Shift\n|detailschange|p2a: Perrine|Terapagos-Terastal, L50, M\n|-heal|p2a: Perrine|100\/100|[silent]\n|-ability|p2b: Presto|Sword of Ruin\n|turn|5\n|\n|t:|1738361861\n|switch|p1a: Flutter Mane|Flutter Mane, L50|100\/100\n|-activate|p1a: Flutter Mane|ability: Protosynthesis\n|-start|p1a: Flutter Mane|protosynthesisspe\n|move|p2b: Presto|Protect|p2b: Presto\n|-singleturn|p2b: Presto|Protect\n|move|p1b: Koraidon|Breaking Swipe|p2a: Perrine|[spread] p2a\n|-activate|p2b: Presto|move: Protect\n|-activate|p2a: Perrine|ability: Tera Shell\n|-resisted|p2a: Perrine\n|-damage|p2a: Perrine|85\/100\n|-unboost|p2a: Perrine|atk|1\n|move|p2a: Perrine|Calm Mind|p2a: Perrine\n|-boost|p2a: Perrine|spa|1\n|-boost|p2a: Perrine|spd|1\n|\n|-weather|SunnyDay|[upkeep]\n|-heal|p2a: Perrine|91\/100|[from] item: Leftovers\n|upkeep\n|turn|6\n|\n|t:|1738361879\n|switch|p1b: Chi-Yu|Chi-Yu, L50|100\/100\n|-ability|p1b: Chi-Yu|Beads of Ruin\n|-terastallize|p2a: Perrine|Stellar\n|detailschange|p2a: Perrine|Terapagos-Stellar, L50, M, tera:Stellar\n|-heal|p2a: Perrine|94\/100|[silent]\n|-ability|p2a: Perrine|Teraform Zero\n|-weather|none\n|-end|p1a: Flutter Mane|Protosynthesis\n|move|p2b: Presto|Ice Spinner|p1b: Chi-Yu\n|-resisted|p1b: Chi-Yu\n|-damage|p1b: Chi-Yu|54\/100\n|move|p1a: Flutter Mane|Icy Wind|p2a: Perrine|[spread] p2a,p2b\n|-resisted|p2b: Presto\n|-damage|p2a: Perrine|85\/100\n|-damage|p2b: Presto|0 fnt\n|-unboost|p2a: Perrine|spe|1\n|faint|p2b: Presto\n|move|p2a: Perrine|Tera Starstorm|p1b: Chi-Yu|[spread] p1a,p1b\n|-damage|p1a: Flutter Mane|24\/100\n|-damage|p1b: Chi-Yu|0 fnt\n|faint|p1b: Chi-Yu\n|\n|-heal|p2a: Perrine|92\/100|[from] item: Leftovers\n|upkeep\n|\n|t:|1738361884\n|switch|p1b: Koraidon|Koraidon, L50|78\/100\n|-weather|SunnyDay|[from] ability: Orichalcum Pulse|[of] p1b: Koraidon\n|-activate|p1a: Flutter Mane|ability: Protosynthesis\n|-start|p1a: Flutter Mane|protosynthesisspe\n|-activate|p1b: Koraidon|Orichalcum Pulse|[source]\n|turn|7\n|\n|t:|1738361893\n|move|p2a: Perrine|Protect|p2a: Perrine\n|-singleturn|p2a: Perrine|Protect\n|move|p1a: Flutter Mane|Moonblast|p2a: Perrine\n|-activate|p2a: Perrine|move: Protect\n|move|p1b: Koraidon|Collision Course|p2a: Perrine\n|-activate|p2a: Perrine|move: Protect\n|\n|-weather|SunnyDay|[upkeep]\n|-heal|p2a: Perrine|98\/100|[from] item: Leftovers\n|upkeep\n|turn|8\n|\n|t:|1738361898\n|move|p1a: Flutter Mane|Moonblast|p2a: Perrine\n|-damage|p2a: Perrine|77\/100\n|move|p1b: Koraidon|Collision Course|p2a: Perrine\n|-supereffective|p2a: Perrine\n|-damage|p2a: Perrine|0 fnt\n|faint|p2a: Perrine\n|\n|win|Kwiper\n|raw|Kwiper's rating: 1562 &rarr; <strong>1586<\/strong><br \/>(+24 for winning)\n|raw|infinitygroudon's rating: 1624 &rarr; <strong>1600<\/strong><br \/>(-24 for losing)\n|l|\u2606infinitygroudon\n|player|p2|\n|l|\u2606Kwiper\n|player|p1|\n|l| Sh0wmak3r\n","uploadtime":1738362121,"views":15,"formatid":"gen9vgc2025regg","rating":1586,"private":0,"password":null}