{"id":"gen9vgc2025regg-2292804517","format":"[Gen 9] VGC 2025 Reg G","players":["acblade","TheLoanRanger"],"log":"|j|\u2606acblade\n|j|\u2606TheLoanRanger\n|t:|1738472490\n|gametype|doubles\n|player|p1|acblade|1|1654\n|player|p2|TheLoanRanger|gardenia|1564\n|teamsize|p1|6\n|teamsize|p2|6\n|gen|9\n|tier|[Gen 9] VGC 2025 Reg G\n|rated|\n|rule|Species Clause: Limit one of each Pok\u00e9mon\n|rule|Item Clause: Limit 1 of each item\n|clearpoke\n|poke|p1|Tornadus, L50, M|\n|poke|p1|Chi-Yu, L50|\n|poke|p1|Flutter Mane, L50|\n|poke|p1|Koraidon, L50|\n|poke|p1|Raging Bolt, L50|\n|poke|p1|Farigiraf, L50, F|\n|poke|p2|Miraidon, L50|\n|poke|p2|Talonflame, L50, M|\n|poke|p2|Urshifu-*, L50, M|\n|poke|p2|Ogerpon-Hearthflame, L50, F|\n|poke|p2|Kingambit, L50, F|\n|poke|p2|Flutter Mane, L50|\n|teampreview|4\n|inactive|Battle timer is ON: inactive players will automatically lose when time's up. (requested by acblade)\nTheLoanRanger has agreed to open team sheets.\n|\n|t:|1738472519\n|start\n|switch|p1a: Tornadus|Tornadus, L50, M|100\/100\n|switch|p1b: Raging Bolt|Raging Bolt, L50|100\/100\n|switch|p2a: Miraidon|Miraidon, L50|100\/100\n|switch|p2b: Talonflame|Talonflame, L50, M|100\/100\n|-fieldstart|move: Electric Terrain|[from] ability: Hadron Engine|[of] p2a: Miraidon\n|turn|1\n|\n|t:|1738472524\n|move|p1b: Raging Bolt|Protect|p1b: Raging Bolt\n|-singleturn|p1b: Raging Bolt|Protect\n|move|p2b: Talonflame|Tailwind|p2b: Talonflame\n|-sidestart|p2: TheLoanRanger|move: Tailwind\n|move|p2a: Miraidon|Draco Meteor|p1b: Raging Bolt\n|-activate|p1b: Raging Bolt|move: Protect\n|move|p1a: Tornadus|Bleakwind Storm|p2a: Miraidon|[spread] p2a,p2b\n|-resisted|p2a: Miraidon\n|-damage|p2a: Miraidon|86\/100\n|-damage|p2b: Talonflame|46\/100\n|\n|upkeep\n|turn|2\n|\n|t:|1738472547\n|move|p1b: Raging Bolt|Thunderclap|p2b: Talonflame\n|-supereffective|p2b: Talonflame\n|-damage|p2b: Talonflame|0 fnt\n|faint|p2b: Talonflame\n|-damage|p1b: Raging Bolt|91\/100|[from] item: Life Orb\n|move|p2a: Miraidon|Draco Meteor|p1b: Raging Bolt\n|-supereffective|p1b: Raging Bolt\n|-damage|p1b: Raging Bolt|0 fnt\n|-unboost|p2a: Miraidon|spa|2\n|faint|p1b: Raging Bolt\n|-end|p1b: Raging Bolt|Protosynthesis|[silent]\n|move|p1a: Tornadus|Bleakwind Storm|p2a: Miraidon\n|-resisted|p2a: Miraidon\n|-crit|p2a: Miraidon\n|-damage|p2a: Miraidon|55\/100\n|-unboost|p2a: Miraidon|spe|1\n|\n|upkeep\n|\n|t:|1738472553\n|switch|p2b: Flutter Mane|Flutter Mane, L50|100\/100\n|switch|p1b: Flutter Mane|Flutter Mane, L50|100\/100\n|-enditem|p2b: Flutter Mane|Booster Energy\n|-activate|p2b: Flutter Mane|ability: Protosynthesis|[fromitem]\n|-start|p2b: Flutter Mane|protosynthesisspe\n|turn|3\n|\n|t:|1738472567\n|switch|p2a: Ogerpon|Ogerpon-Hearthflame, L50, F|100\/100\n|-ability|p2a: Ogerpon|Mold Breaker\n|move|p1a: Tornadus|Tailwind|p1a: Tornadus\n|-sidestart|p1: acblade|move: Tailwind\n|move|p2b: Flutter Mane|Shadow Ball|p1b: Flutter Mane\n|-supereffective|p1b: Flutter Mane\n|-damage|p1b: Flutter Mane|20\/100\n|move|p1b: Flutter Mane|Shadow Ball|p2b: Flutter Mane\n|-supereffective|p2b: Flutter Mane\n|-damage|p2b: Flutter Mane|0 fnt\n|faint|p2b: Flutter Mane\n|-end|p2b: Flutter Mane|Protosynthesis|[silent]\n|\n|upkeep\n|\n|t:|1738472578\n|switch|p2b: Miraidon|Miraidon, L50|55\/100\n|-activate|p2b: Miraidon|ability: Hadron Engine\n|turn|4\n|\n|t:|1738472599\n|move|p1b: Flutter Mane|Shadow Ball|p2b: Miraidon\n|-damage|p2b: Miraidon|7\/100\n|move|p2b: Miraidon|Dazzling Gleam|p1a: Tornadus|[spread] p1a,p1b\n|-damage|p1a: Tornadus|47\/100\n|-damage|p1b: Flutter Mane|0 fnt\n|faint|p1b: Flutter Mane\n|-end|p1b: Flutter Mane|Protosynthesis|[silent]\n|move|p1a: Tornadus|Bleakwind Storm|p2a: Ogerpon|[spread] p2a,p2b\n|-supereffective|p2a: Ogerpon\n|-resisted|p2b: Miraidon\n|-damage|p2a: Ogerpon|20\/100\n|-damage|p2b: Miraidon|0 fnt\n|-unboost|p2a: Ogerpon|spe|1\n|faint|p2b: Miraidon\n|move|p2a: Ogerpon|Ivy Cudgel|p1a: Tornadus|[anim] Ivy Cudgel Fire\n|-damage|p1a: Tornadus|0 fnt\n|faint|p1a: Tornadus\n|\n|-sideend|p2: TheLoanRanger|move: Tailwind\n|upkeep\n|\n|t:|1738472606\n|switch|p1b: Koraidon|Koraidon, L50|100\/100\n|-weather|SunnyDay|[from] ability: Orichalcum Pulse|[of] p1b: Koraidon\n|-activate|p1b: Koraidon|Orichalcum Pulse|[source]\n|turn|5\n|\n|t:|1738472609\n|move|p2a: Ogerpon|Spiky Shield|p2a: Ogerpon\n|-singleturn|p2a: Ogerpon|move: Protect\n|move|p1b: Koraidon|Collision Course|p2a: Ogerpon\n|-activate|p2a: Ogerpon|move: Protect\n|-damage|p1b: Koraidon|88\/100|[from] Spiky Shield|[of] p2a: Ogerpon\n|\n|-weather|SunnyDay|[upkeep]\n|-fieldend|move: Electric Terrain\n|upkeep\n|turn|6\n|-message|TheLoanRanger forfeited.\n|\n|win|acblade\n|raw|acblade's rating: 1654 &rarr; <strong>1669<\/strong><br \/>(+15 for winning)\n|raw|TheLoanRanger's rating: 1564 &rarr; <strong>1549<\/strong><br \/>(-15 for losing)\n|l|\u2606TheLoanRanger\n|player|p2|\n|l|\u2606acblade\n|player|p1|\n","uploadtime":1738472846,"views":18,"formatid":"gen9vgc2025regg","rating":1549,"private":0,"password":null}