{"id":"gen9vgc2025regg-2292450735","format":"[Gen 9] VGC 2025 Reg G","players":["907vgc","Futomaki0610"],"log":"|j|\u2606907vgc\n|j|\u2606Futomaki0610\n|t:|1738424996\n|gametype|doubles\n|player|p1|907vgc|palmer|1542\n|player|p2|Futomaki0610|dawn|1558\n|teamsize|p1|6\n|teamsize|p2|6\n|gen|9\n|tier|[Gen 9] VGC 2025 Reg G\n|rated|\n|rule|Species Clause: Limit one of each Pok\u00e9mon\n|rule|Item Clause: Limit 1 of each item\n|clearpoke\n|poke|p1|Calyrex-Shadow, L50|\n|poke|p1|Indeedee-F, L50, F|\n|poke|p1|Morpeko, L50, F|\n|poke|p1|Tornadus, L50, M|\n|poke|p1|Urshifu-*, L50, M|\n|poke|p1|Archaludon, L50, F|\n|poke|p2|Kyogre, L50|\n|poke|p2|Tornadus, L50, M|\n|poke|p2|Ogerpon-Cornerstone, L50, F|\n|poke|p2|Landorus, L50, M|\n|poke|p2|Regieleki, L50|\n|poke|p2|Farigiraf, L50, F|\n|teampreview|4\n|inactive|Battle timer is ON: inactive players will automatically lose when time's up. (requested by Futomaki0610)\n|\n|t:|1738425052\n|start\n|switch|p1a: Morpeko|Morpeko, L50, F|100\/100\n|switch|p1b: Tornadus|Tornadus, L50, M|100\/100\n|switch|p2a: Tornadus|Tornadus, L50, M|100\/100\n|switch|p2b: Regieleki|Regieleki, L50|100\/100\n|turn|1\n|inactive|Futomaki0610 has 30 seconds left.\n|\n|t:|1738425079\n|switch|p2a: Landorus|Landorus, L50, M|100\/100\n|move|p1b: Tornadus|Protect|p1b: Tornadus\n|-singleturn|p1b: Tornadus|Protect\n|move|p2b: Regieleki|Volt Switch|p1b: Tornadus\n|-activate|p1b: Tornadus|move: Protect\n|move|p1a: Morpeko|Aura Wheel|p2a: Landorus\n|-immune|p2a: Landorus\n|\n|-formechange|p1a: Morpeko|Morpeko-Hangry||[from] ability: Hunger Switch\n|upkeep\n|turn|2\n|\n|t:|1738425096\n|move|p1b: Tornadus|Tailwind|p1b: Tornadus\n|-sidestart|p1: 907vgc|move: Tailwind\n|move|p1a: Morpeko|Aura Wheel|p2b: Regieleki\n|-damage|p2b: Regieleki|15\/100\n|-boost|p1a: Morpeko|spe|1\n|move|p2b: Regieleki|Volt Switch|p1b: Tornadus\n|-supereffective|p1b: Tornadus\n|-damage|p1b: Tornadus|19\/100\n|\n|t:|1738425108\n|switch|p2b: Kyogre|Kyogre, L50|100\/100|[from] Volt Switch\n|-weather|RainDance|[from] ability: Drizzle|[of] p2b: Kyogre\n|move|p2a: Landorus|Sandsear Storm|p1b: Tornadus|[spread] p1a\n|-immune|p1b: Tornadus\n|-supereffective|p1a: Morpeko\n|-enditem|p1a: Morpeko|Focus Sash\n|-damage|p1a: Morpeko|1\/100\n|\n|-weather|RainDance|[upkeep]\n|-formechange|p1a: Morpeko|Morpeko||[from] ability: Hunger Switch\n|upkeep\n|turn|3\n|inactive|907vgc has 30 seconds left.\n|inactive|Futomaki0610 has 30 seconds left.\n|inactive|907vgc has 20 seconds left.\n|\n|t:|1738425146\n|switch|p2b: Regieleki|Regieleki, L50|15\/100\n|move|p1a: Morpeko|Endeavor|p2b: Regieleki\n|-damage|p2b: Regieleki|1\/100\n|move|p1b: Tornadus|Bleakwind Storm|p2a: Landorus|[spread] p2a,p2b\n|-resisted|p2b: Regieleki\n|-damage|p2a: Landorus|55\/100\n|-damage|p2b: Regieleki|0 fnt\n|-unboost|p2a: Landorus|spe|1\n|faint|p2b: Regieleki\n|move|p2a: Landorus|Sandsear Storm|p1b: Tornadus|[spread] p1a\n|-immune|p1b: Tornadus\n|-supereffective|p1a: Morpeko\n|-damage|p1a: Morpeko|0 fnt\n|faint|p1a: Morpeko\n|\n|-weather|RainDance|[upkeep]\n|upkeep\n|\n|t:|1738425158\n|switch|p2b: Tornadus|Tornadus, L50, M|100\/100\n|switch|p1a: Calyrex|Calyrex-Shadow, L50|100\/100\n|-ability|p1a: Calyrex|As One\n|-ability|p1a: Calyrex|Unnerve\n|turn|4\n|\n|t:|1738425175\n|switch|p1b: Indeedee|Indeedee-F, L50, F, shiny|100\/100\n|-fieldstart|move: Psychic Terrain|[from] ability: Psychic Surge|[of] p1b: Indeedee\n|move|p2b: Tornadus|Tailwind|p2b: Tornadus\n|-sidestart|p2: Futomaki0610|move: Tailwind\n|move|p1a: Calyrex|Expanding Force|p2b: Tornadus|[spread] p2a,p2b\n|-damage|p2a: Landorus|0 fnt\n|-enditem|p2b: Tornadus|Focus Sash\n|-damage|p2b: Tornadus|1\/100\n|faint|p2a: Landorus\n|-ability|p1a: Calyrex|Grim Neigh|boost\n|-boost|p1a: Calyrex|spa|1\n|-damage|p1a: Calyrex|91\/100|[from] item: Life Orb\n|\n|-weather|RainDance|[upkeep]\n|upkeep\n|\n|t:|1738425183\n|switch|p2a: Kyogre|Kyogre, L50|100\/100\n|turn|5\n|\n|t:|1738425195\n|-terastallize|p2a: Kyogre|Water\n|move|p1b: Indeedee|Helping Hand|p1a: Calyrex\n|-singleturn|p1a: Calyrex|Helping Hand|[of] p1b: Indeedee\n|move|p1a: Calyrex|Expanding Force|p2a: Kyogre|[spread] p2a,p2b\n|-damage|p2a: Kyogre|0 fnt\n|-damage|p2b: Tornadus|0 fnt\n|faint|p2a: Kyogre\n|faint|p2b: Tornadus\n|-damage|p1a: Calyrex|81\/100|[from] item: Life Orb\n|\n|win|907vgc\n|raw|907vgc's rating: 1542 &rarr; <strong>1563<\/strong><br \/>(+21 for winning)\n|raw|Futomaki0610's rating: 1558 &rarr; <strong>1537<\/strong><br \/>(-21 for losing)\n|l|\u2606Futomaki0610\n|player|p2|\n|l|\u2606907vgc\n|player|p1|\n","uploadtime":1738425461,"views":19,"formatid":"gen9vgc2025regg","rating":1537,"private":0,"password":null}