{"id":"gen9vgc2025regg-2292177627","format":"[Gen 9] VGC 2025 Reg G","players":["wattovgc","Hanou143"],"log":"|j|\u2606wattovgc\n|j|\u2606Hanou143\n|t:|1738375166\n|gametype|doubles\n|player|p1|wattovgc|102|1566\n|player|p2|Hanou143|170|1604\n|teamsize|p1|6\n|teamsize|p2|6\n|gen|9\n|tier|[Gen 9] VGC 2025 Reg G\n|rated|\n|rule|Species Clause: Limit one of each Pok\u00e9mon\n|rule|Item Clause: Limit 1 of each item\n|clearpoke\n|poke|p1|Urshifu-*, L50, M|\n|poke|p1|Calyrex-Shadow, L50|\n|poke|p1|Smeargle, L50, M|\n|poke|p1|Tornadus, L50, M|\n|poke|p1|Chi-Yu, L50|\n|poke|p1|Clefairy, L50, M|\n|poke|p2|Calyrex-Shadow, L50|\n|poke|p2|Jigglypuff, L50, F|\n|poke|p2|Pelipper, L50, M|\n|poke|p2|Rillaboom, L50, M|\n|poke|p2|Incineroar, L50, F|\n|poke|p2|Urshifu-*, L50, F|\n|teampreview|4\n|inactive|Battle timer is ON: inactive players will automatically lose when time's up. (requested by wattovgc)\n|inactive|Hanou143 has 60 seconds left.\n|\n|t:|1738375205\n|start\n|switch|p1a: Calyrex|Calyrex-Shadow, L50|100\/100\n|switch|p1b: Clefairy|Clefairy, L50, M|100\/100\n|switch|p2a: Calyrex|Calyrex-Shadow, L50|100\/100\n|switch|p2b: Incineroar|Incineroar, L50, F|100\/100\n|-ability|p1a: Calyrex|As One\n|-ability|p1a: Calyrex|Unnerve\n|-ability|p2a: Calyrex|As One\n|-ability|p2a: Calyrex|Unnerve\n|-ability|p2b: Incineroar|Intimidate|boost\n|-unboost|p1a: Calyrex|atk|1\n|-unboost|p1b: Clefairy|atk|1\n|turn|1\n|j| zzz1994000\n|\n|t:|1738375219\n|switch|p1b: Smeargle|Smeargle, L50, M|100\/100\n|-terastallize|p1a: Calyrex|Fairy\n|-terastallize|p2a: Calyrex|Grass\n|move|p1a: Calyrex|Nasty Plot|p1a: Calyrex\n|-boost|p1a: Calyrex|spa|2\n|move|p2a: Calyrex|Calm Mind|p2a: Calyrex\n|-boost|p2a: Calyrex|spa|1\n|-boost|p2a: Calyrex|spd|1\n|move|p2b: Incineroar|Knock Off|p1a: Calyrex\n|-resisted|p1a: Calyrex\n|-damage|p1a: Calyrex|76\/100\n|-enditem|p1a: Calyrex|Covert Cloak|[from] move: Knock Off|[of] p2b: Incineroar\n|\n|-ability|p1b: Smeargle|Moody|boost\n|-boost|p1b: Smeargle|def|2\n|-unboost|p1b: Smeargle|spa|1\n|upkeep\n|turn|2\n|inactive|Hanou143 has 30 seconds left.\n|\n|t:|1738375246\n|switch|p2b: Jigglypuff|Jigglypuff, L50, F|100\/100\n|move|p1b: Smeargle|Fake Out|p2b: Jigglypuff\n|-damage|p2b: Jigglypuff|96\/100\n|move|p1a: Calyrex|Astral Barrage|p2a: Calyrex|[spread] p2a\n|-immune|p2b: Jigglypuff\n|-damage|p2a: Calyrex|59\/100\n|move|p2a: Calyrex|Giga Drain|p1a: Calyrex\n|-damage|p1a: Calyrex|19\/100\n|-heal|p2a: Calyrex|85\/100|[from] drain|[of] p1a: Calyrex\n|\n|-ability|p1b: Smeargle|Moody|boost\n|-boost|p1b: Smeargle|spa|2\n|-unboost|p1b: Smeargle|atk|1\n|upkeep\n|turn|3\n|l| zzz1994000\n|inactive|Hanou143 has 30 seconds left.\n|\n|t:|1738375273\n|switch|p1a: Tornadus|Tornadus, L50, M|100\/100\n|move|p2b: Jigglypuff|Protect|p2b: Jigglypuff\n|-singleturn|p2b: Jigglypuff|Protect\n|move|p2a: Calyrex|Giga Drain|p1a: Tornadus\n|-resisted|p1a: Tornadus\n|-damage|p1a: Tornadus|67\/100\n|-heal|p2a: Calyrex|100\/100|[from] drain|[of] p1a: Tornadus\n|move|p1b: Smeargle|Spore|p2b: Jigglypuff\n|-activate|p2b: Jigglypuff|move: Protect\n|\n|-ability|p1b: Smeargle|Moody|boost\n|-boost|p1b: Smeargle|def|2\n|-unboost|p1b: Smeargle|spe|1\n|upkeep\n|turn|4\n|\n|t:|1738375292\n|move|p1a: Tornadus|Tailwind|p1a: Tornadus\n|-sidestart|p1: wattovgc|move: Tailwind\n|move|p1b: Smeargle|Spore|p2b: Jigglypuff\n|-status|p2b: Jigglypuff|slp|[from] move: Spore\n|move|p2a: Calyrex|Astral Barrage|p1b: Smeargle|[spread] p1a\n|-immune|p1b: Smeargle\n|-damage|p1a: Tornadus|0 fnt\n|faint|p1a: Tornadus\n|-ability|p2a: Calyrex|Grim Neigh|boost\n|-boost|p2a: Calyrex|spa|1\n|cant|p2b: Jigglypuff|slp\n|\n|-ability|p1b: Smeargle|Moody|boost\n|-boost|p1b: Smeargle|spd|2\n|-unboost|p1b: Smeargle|def|1\n|upkeep\n|\n|t:|1738375297\n|switch|p1a: Calyrex|Calyrex-Shadow, L50, tera:Fairy|19\/100\n|-ability|p1a: Calyrex|As One\n|-ability|p1a: Calyrex|Unnerve\n|turn|5\n|\n|t:|1738375314\n|switch|p2b: Incineroar|Incineroar, L50, F|100\/100\n|-ability|p2b: Incineroar|Intimidate|boost\n|-unboost|p1a: Calyrex|atk|1\n|-unboost|p1b: Smeargle|atk|1\n|move|p1b: Smeargle|Follow Me|p1b: Smeargle\n|-singleturn|p1b: Smeargle|move: Follow Me\n|move|p1a: Calyrex|Astral Barrage|p2b: Incineroar|[spread] p2a,p2b\n|-resisted|p2b: Incineroar\n|-damage|p2a: Calyrex|75\/100\n|-damage|p2b: Incineroar|79\/100\n|move|p2a: Calyrex|Astral Barrage|p1b: Smeargle|[spread] p1a\n|-immune|p1b: Smeargle\n|-damage|p1a: Calyrex|0 fnt\n|faint|p1a: Calyrex\n|-ability|p2a: Calyrex|Grim Neigh|boost\n|-boost|p2a: Calyrex|spa|1\n|\n|-ability|p1b: Smeargle|Moody|boost\n|-boost|p1b: Smeargle|atk|2\n|-unboost|p1b: Smeargle|spa|1\n|upkeep\n|-message|wattovgc forfeited.\n|\n|win|Hanou143\n|raw|wattovgc's rating: 1566 &rarr; <strong>1548<\/strong><br \/>(-18 for losing)\n|raw|Hanou143's rating: 1604 &rarr; <strong>1622<\/strong><br \/>(+18 for winning)\n|l|\u2606wattovgc\n|player|p1|\n","uploadtime":1738375495,"views":9,"formatid":"gen9vgc2025regg","rating":1548,"private":0,"password":null}