{"id":"gen9vgc2025regg-2292200413","format":"[Gen 9] VGC 2025 Reg G","players":["elvegis1","jecheonjo"],"log":"|j|\u2606elvegis1\n|j|\u2606jecheonjo\n|t:|1738378372\n|gametype|doubles\n|player|p1|elvegis1|lucas|1627\n|player|p2|jecheonjo|steven|1696\n|teamsize|p1|6\n|teamsize|p2|6\n|gen|9\n|tier|[Gen 9] VGC 2025 Reg G\n|rated|\n|rule|Species Clause: Limit one of each Pok\u00e9mon\n|rule|Item Clause: Limit 1 of each item\n|clearpoke\n|poke|p1|Incineroar, L50, M|\n|poke|p1|Urshifu-*, L50, F|\n|poke|p1|Rillaboom, L50, F|\n|poke|p1|Grimmsnarl, L50, M|\n|poke|p1|Amoonguss, L50, M|\n|poke|p1|Kyogre, L50|\n|poke|p2|Terapagos, L50, M|\n|poke|p2|Incineroar, L50, F|\n|poke|p2|Amoonguss, L50, M|\n|poke|p2|Urshifu-*, L50, F|\n|poke|p2|Flutter Mane, L50|\n|poke|p2|Raging Bolt, L50|\n|teampreview|4\n|inactive|Battle timer is ON: inactive players will automatically lose when time's up. (requested by elvegis1)\n|\n|t:|1738378409\n|start\n|switch|p1a: Incineroar|Incineroar, L50, M|100\/100\n|switch|p1b: Amoonguss|Amoonguss, L50, M|100\/100\n|switch|p2a: Terapagos|Terapagos, L50, M|100\/100\n|switch|p2b: Flutter Mane|Flutter Mane, L50|100\/100\n|-activate|p2a: Terapagos|ability: Tera Shift\n|detailschange|p2a: Terapagos|Terapagos-Terastal, L50, M\n|-heal|p2a: Terapagos|100\/100|[silent]\n|-ability|p1a: Incineroar|Intimidate|boost\n|-unboost|p2a: Terapagos|atk|1\n|-unboost|p2b: Flutter Mane|atk|1\n|-enditem|p2b: Flutter Mane|Booster Energy\n|-activate|p2b: Flutter Mane|ability: Protosynthesis|[fromitem]\n|-start|p2b: Flutter Mane|protosynthesisspe\n|turn|1\n|inactive|jecheonjo has 30 seconds left.\n|inactive|jecheonjo has 20 seconds left.\n|\n|t:|1738378448\n|move|p1b: Amoonguss|Protect|p1b: Amoonguss\n|-singleturn|p1b: Amoonguss|Protect\n|move|p2b: Flutter Mane|Taunt|p1b: Amoonguss\n|-activate|p1b: Amoonguss|move: Protect\n|move|p2a: Terapagos|Calm Mind|p2a: Terapagos\n|-boost|p2a: Terapagos|spa|1\n|-boost|p2a: Terapagos|spd|1\n|move|p1a: Incineroar|Knock Off|p2a: Terapagos\n|-activate|p2a: Terapagos|ability: Tera Shell\n|-resisted|p2a: Terapagos\n|-damage|p2a: Terapagos|87\/100\n|-enditem|p2a: Terapagos|Leftovers|[from] move: Knock Off|[of] p1a: Incineroar\n|\n|upkeep\n|turn|2\n|inactive|jecheonjo has 30 seconds left.\n|\n|t:|1738378481\n|move|p2b: Flutter Mane|Taunt|p1a: Incineroar\n|-start|p1a: Incineroar|move: Taunt\n|move|p2a: Terapagos|Substitute|p2a: Terapagos\n|-start|p2a: Terapagos|Substitute\n|-damage|p2a: Terapagos|62\/100\n|cant|p1a: Incineroar|move: Taunt|Parting Shot\n|move|p1b: Amoonguss|Spore|p2b: Flutter Mane\n|-status|p2b: Flutter Mane|slp|[from] move: Spore\n|\n|upkeep\n|turn|3\n|\n|t:|1738378496\n|cant|p2b: Flutter Mane|slp\n|move|p2a: Terapagos|Calm Mind|p2a: Terapagos\n|-boost|p2a: Terapagos|spa|1\n|-boost|p2a: Terapagos|spd|1\n|move|p1a: Incineroar|Flare Blitz|p2a: Terapagos\n|-end|p2a: Terapagos|Substitute\n|-damage|p1a: Incineroar|93\/100|[from] Recoil|[of] p2a: Terapagos\n|move|p1b: Amoonguss|Spore|p2a: Terapagos\n|-status|p2a: Terapagos|slp|[from] move: Spore\n|\n|upkeep\n|turn|4\n|inactive|elvegis1 has 30 seconds left.\n|inactive|jecheonjo has 30 seconds left.\n|inactive|elvegis1 has 20 seconds left.\n|inactive|elvegis1 has 15 seconds left.\n|\n|t:|1738378537\n|switch|p1a: Kyogre|Kyogre, L50|100\/100\n|-weather|RainDance|[from] ability: Drizzle|[of] p1a: Kyogre\n|cant|p2a: Terapagos|slp\n|-curestatus|p2b: Flutter Mane|slp|[msg]\n|move|p2b: Flutter Mane|Taunt|p1b: Amoonguss\n|-start|p1b: Amoonguss|move: Taunt\n|move|p1b: Amoonguss|Pollen Puff|p1a: Kyogre\n|-immune|p1a: Kyogre\n|\n|-weather|RainDance|[upkeep]\n|upkeep\n|turn|5\n|\n|t:|1738378561\n|switch|p1b: Incineroar|Incineroar, L50, M|93\/100\n|-ability|p1b: Incineroar|Intimidate|boost\n|-unboost|p2a: Terapagos|atk|1\n|-unboost|p2b: Flutter Mane|atk|1\n|-terastallize|p2a: Terapagos|Stellar\n|detailschange|p2a: Terapagos|Terapagos-Stellar, L50, M, tera:Stellar\n|-heal|p2a: Terapagos|72\/100 slp|[silent]\n|-ability|p2a: Terapagos|Teraform Zero\n|-weather|none\n|move|p2b: Flutter Mane|Thunder Wave|p1a: Kyogre\n|-status|p1a: Kyogre|par\n|-curestatus|p2a: Terapagos|slp|[msg]\n|move|p2a: Terapagos|Tera Starstorm|p1b: Incineroar|[spread] p1a,p1b\n|-crit|p1a: Kyogre\n|-damage|p1a: Kyogre|29\/100 par\n|-damage|p1b: Incineroar|40\/100\n|move|p1a: Kyogre|Water Spout|p2a: Terapagos|[spread] p2a,p2b\n|-damage|p2a: Terapagos|66\/100\n|-damage|p2b: Flutter Mane|85\/100\n|\n|-heal|p1a: Kyogre|35\/100 par|[from] item: Leftovers\n|upkeep\n|turn|6\n|inactive|elvegis1 has 30 seconds left.\n|inactive|jecheonjo has 30 seconds left.\n|\n|t:|1738378590\n|move|p2a: Terapagos|Protect|p2a: Terapagos\n|-singleturn|p2a: Terapagos|Protect\n|move|p1b: Incineroar|Fake Out|p2a: Terapagos\n|-activate|p2a: Terapagos|move: Protect\n|move|p2b: Flutter Mane|Taunt|p1b: Incineroar\n|-start|p1b: Incineroar|move: Taunt\n|move|p1a: Kyogre|Calm Mind|p1a: Kyogre\n|-boost|p1a: Kyogre|spa|1\n|-boost|p1a: Kyogre|spd|1\n|\n|-heal|p1a: Kyogre|41\/100 par|[from] item: Leftovers\n|upkeep\n|turn|7\n|\n|t:|1738378605\n|cant|p1a: Kyogre|par\n|move|p2b: Flutter Mane|Moonblast|p1a: Kyogre\n|-damage|p1a: Kyogre|22\/100 par\n|-unboost|p1a: Kyogre|spa|1\n|move|p2a: Terapagos|Tera Starstorm|p1b: Incineroar|[spread] p1a,p1b\n|-damage|p1a: Kyogre|0 fnt\n|-damage|p1b: Incineroar|0 fnt\n|faint|p1a: Kyogre\n|faint|p1b: Incineroar\n|\n|upkeep\n|\n|t:|1738378609\n|switch|p1a: Amoonguss|Amoonguss, L50, M|100\/100\n|switch|p1b: Urshifu|Urshifu, L50, F|100\/100\n|turn|8\n|\n|t:|1738378616\n|move|p2b: Flutter Mane|Icy Wind|p1b: Urshifu|[spread] p1a,p1b\n|-supereffective|p1a: Amoonguss\n|-damage|p1a: Amoonguss|77\/100\n|-damage|p1b: Urshifu|82\/100\n|-unboost|p1a: Amoonguss|spe|1\n|-unboost|p1b: Urshifu|spe|1\n|move|p2a: Terapagos|Tera Starstorm|p1b: Urshifu|[spread] p1a,p1b\n|-damage|p1a: Amoonguss|9\/100\n|-damage|p1b: Urshifu|0 fnt\n|faint|p1b: Urshifu\n|move|p1a: Amoonguss|Spore|p2b: Flutter Mane\n|-status|p2b: Flutter Mane|slp|[from] move: Spore\n|\n|upkeep\n|turn|9\n|\n|t:|1738378626\n|cant|p2b: Flutter Mane|slp\n|move|p2a: Terapagos|Tera Starstorm|p1a: Amoonguss\n|-crit|p1a: Amoonguss\n|-damage|p1a: Amoonguss|0 fnt\n|faint|p1a: Amoonguss\n|\n|win|jecheonjo\n|raw|elvegis1's rating: 1627 &rarr; <strong>1611<\/strong><br \/>(-16 for losing)\n|raw|jecheonjo's rating: 1696 &rarr; <strong>1712<\/strong><br \/>(+16 for winning)\n|l|\u2606jecheonjo\n|player|p2|\n|l|\u2606elvegis1\n|player|p1|\n","uploadtime":1738378819,"views":12,"formatid":"gen9vgc2025regg","rating":1611,"private":0,"password":null}