{"id":"gen9vgc2025regg-2292620274","format":"[Gen 9] VGC 2025 Reg G","players":["GucciSoup","LunarLooser"],"log":"|j|\u2606GucciSoup\n|j|\u2606LunarLooser\n|t:|1738446634\n|gametype|doubles\n|player|p1|GucciSoup|wallace|1600\n|player|p2|LunarLooser|266|1611\n|teamsize|p1|6\n|teamsize|p2|6\n|gen|9\n|tier|[Gen 9] VGC 2025 Reg G\n|rated|\n|rule|Species Clause: Limit one of each Pok\u00e9mon\n|rule|Item Clause: Limit 1 of each item\n|clearpoke\n|poke|p1|Miraidon, L50|\n|poke|p1|Incineroar, L50, F|\n|poke|p1|Scizor, L50, F|\n|poke|p1|Grimmsnarl, L50, M|\n|poke|p1|Pelipper, L50, F|\n|poke|p1|Landorus, L50, M|\n|poke|p2|Kyogre, L50|\n|poke|p2|Tsareena, L50, F|\n|poke|p2|Urshifu-*, L50, F|\n|poke|p2|Landorus, L50, M|\n|poke|p2|Tornadus, L50, M|\n|poke|p2|Raging Bolt, L50|\n|teampreview|4\n|inactive|Battle timer is ON: inactive players will automatically lose when time's up. (requested by LunarLooser)\n|inactive|LunarLooser has 60 seconds left.\n|\n|t:|1738446666\n|start\n|switch|p1a: Cpt. Planet|Pelipper, L50, F|100\/100\n|switch|p1b: Thunder Bringer|Landorus, L50, M|100\/100\n|switch|p2a: Tornadus|Tornadus, L50, M|100\/100\n|switch|p2b: Landorus|Landorus, L50, M|100\/100\n|-weather|RainDance|[from] ability: Drizzle|[of] p1a: Cpt. Planet\n|turn|1\n|inactive|GucciSoup has 30 seconds left.\n|inactive|GucciSoup has 20 seconds left.\n|inactive|GucciSoup has 15 seconds left.\n|inactive|GucciSoup has 10 seconds left.\n|\n|t:|1738446712\n|move|p1b: Thunder Bringer|Sludge Bomb|p2a: Tornadus\n|-damage|p2a: Tornadus|47\/100\n|move|p2b: Landorus|Sludge Bomb|p1a: Cpt. Planet\n|-damage|p1a: Cpt. Planet|21\/100\n|move|p2a: Tornadus|Bleakwind Storm|p1b: Thunder Bringer|[spread] p1a,p1b\n|-damage|p1a: Cpt. Planet|0 fnt\n|-damage|p1b: Thunder Bringer|60\/100\n|faint|p1a: Cpt. Planet\n|\n|-weather|RainDance|[upkeep]\n|upkeep\n|\n|t:|1738446722\n|switch|p1a: Mister J|Grimmsnarl, L50, M|100\/100\n|turn|2\n|\n|t:|1738446731\n|move|p2a: Tornadus|Tailwind|p2a: Tornadus\n|-sidestart|p2: LunarLooser|move: Tailwind\n|move|p1a: Mister J|Light Screen|p1a: Mister J\n|-sidestart|p1: GucciSoup|move: Light Screen\n|move|p2b: Landorus|Sludge Bomb|p1a: Mister J\n|-supereffective|p1a: Mister J\n|-damage|p1a: Mister J|51\/100\n|move|p1b: Thunder Bringer|Sludge Bomb|p2a: Tornadus\n|-damage|p2a: Tornadus|0 fnt\n|faint|p2a: Tornadus\n|\n|-weather|RainDance|[upkeep]\n|upkeep\n|\n|t:|1738446742\n|switch|p2a: Urshifu|Urshifu-Rapid-Strike, L50, F|100\/100\n|turn|3\n|\n|t:|1738446756\n|move|p1a: Mister J|Thunder Wave|p2a: Urshifu|[miss]\n|-miss|p1a: Mister J|p2a: Urshifu\n|move|p2a: Urshifu|Surging Strikes|p1b: Thunder Bringer\n|-supereffective|p1b: Thunder Bringer\n|-crit|p1b: Thunder Bringer\n|-damage|p1b: Thunder Bringer|0 fnt\n|faint|p1b: Thunder Bringer\n|-hitcount|p1: Thunder Bringer|1\n|move|p2b: Landorus|Sandsear Storm|p1a: Mister J\n|-damage|p1a: Mister J|11\/100\n|\n|-weather|RainDance|[upkeep]\n|upkeep\n|\n|t:|1738446762\n|switch|p1b: Metal Overlord|Miraidon, L50|100\/100\n|-fieldstart|move: Electric Terrain|[from] ability: Hadron Engine|[of] p1b: Metal Overlord\n|-enditem|p1b: Metal Overlord|Electric Seed\n|-boost|p1b: Metal Overlord|def|1|[from] item: Electric Seed\n|turn|4\n|inactive|GucciSoup has 30 seconds left.\n|\n|t:|1738446787\n|move|p2b: Landorus|Protect|p2b: Landorus\n|-singleturn|p2b: Landorus|Protect\n|move|p1a: Mister J|Parting Shot|p2b: Landorus\n|-activate|p2b: Landorus|move: Protect\n|move|p2a: Urshifu|Surging Strikes|p1a: Mister J\n|-crit|p1a: Mister J\n|-damage|p1a: Mister J|0 fnt\n|faint|p1a: Mister J\n|-hitcount|p1: Mister J|1\n|move|p1b: Metal Overlord|Calm Mind|p1b: Metal Overlord\n|-boost|p1b: Metal Overlord|spa|1\n|-boost|p1b: Metal Overlord|spd|1\n|\n|-weather|RainDance|[upkeep]\n|upkeep\n|turn|5\n|\n|t:|1738446807\n|-terastallize|p2b: Landorus|Poison\n|move|p1b: Metal Overlord|Protect|p1b: Metal Overlord\n|-singleturn|p1b: Metal Overlord|Protect\n|move|p2a: Urshifu|Surging Strikes|p1b: Metal Overlord\n|-resisted|p1b: Metal Overlord\n|-crit|p1b: Metal Overlord\n|-damage|p1b: Metal Overlord|87\/100\n|-resisted|p1b: Metal Overlord\n|-crit|p1b: Metal Overlord\n|-damage|p1b: Metal Overlord|75\/100\n|-resisted|p1b: Metal Overlord\n|-crit|p1b: Metal Overlord\n|-damage|p1b: Metal Overlord|61\/100\n|-hitcount|p1b: Metal Overlord|3\n|move|p2b: Landorus|Sandsear Storm|p1b: Metal Overlord\n|-activate|p1b: Metal Overlord|move: Protect\n|\n|-weather|none\n|-sideend|p2: LunarLooser|move: Tailwind\n|upkeep\n|turn|6\n|\n|t:|1738446817\n|move|p2b: Landorus|Protect|p2b: Landorus\n|-singleturn|p2b: Landorus|Protect\n|move|p2a: Urshifu|Surging Strikes|p1b: Metal Overlord\n|-resisted|p1b: Metal Overlord\n|-crit|p1b: Metal Overlord\n|-damage|p1b: Metal Overlord|53\/100\n|-resisted|p1b: Metal Overlord\n|-crit|p1b: Metal Overlord\n|-damage|p1b: Metal Overlord|44\/100\n|-resisted|p1b: Metal Overlord\n|-crit|p1b: Metal Overlord\n|-damage|p1b: Metal Overlord|35\/100\n|-hitcount|p1b: Metal Overlord|3\n|move|p1b: Metal Overlord|Parabolic Charge|p2a: Urshifu|[spread] p2a\n|-activate|p2b: Landorus|move: Protect\n|-supereffective|p2a: Urshifu\n|-damage|p2a: Urshifu|0 fnt\n|-heal|p1b: Metal Overlord|80\/100|[from] drain|[of] p2a: Urshifu\n|faint|p2a: Urshifu\n|\n|upkeep\n|\n|t:|1738446820\n|switch|p2a: Kyogre|Kyogre, L50|100\/100\n|-weather|RainDance|[from] ability: Drizzle|[of] p2a: Kyogre\n|turn|7\n|inactive|LunarLooser has 30 seconds left.\n|\n|t:|1738446847\n|move|p1b: Metal Overlord|Parabolic Charge|p2b: Landorus|[spread] p2a,p2b\n|-supereffective|p2a: Kyogre\n|-crit|p2a: Kyogre\n|-crit|p2b: Landorus\n|-damage|p2a: Kyogre|0 fnt\n|-heal|p1b: Metal Overlord|100\/100|[from] drain|[of] p2a: Kyogre\n|-damage|p2b: Landorus|0 fnt\n|faint|p2a: Kyogre\n|faint|p2b: Landorus\n|\n|win|GucciSoup\n|raw|GucciSoup's rating: 1600 &rarr; <strong>1621<\/strong><br \/>(+21 for winning)\n|raw|LunarLooser's rating: 1611 &rarr; <strong>1590<\/strong><br \/>(-21 for losing)\n|l|\u2606GucciSoup\n|player|p1|\n|l|\u2606LunarLooser\n|player|p2|\n","uploadtime":1738447089,"views":8,"formatid":"gen9vgc2025regg","rating":1590,"private":0,"password":null}