{"id":"gen9vgc2025regg-2292991189","format":"[Gen 9] VGC 2025 Reg G","players":["bidoofutopia","ahfoong0411"],"log":"|j|\u2606bidoofutopia\n|j|\u2606ahfoong0411\n|t:|1738509491\n|gametype|doubles\n|player|p1|bidoofutopia|lucas|1586\n|player|p2|ahfoong0411|265|1598\n|teamsize|p1|6\n|teamsize|p2|6\n|gen|9\n|tier|[Gen 9] VGC 2025 Reg G\n|rated|\n|rule|Species Clause: Limit one of each Pok\u00e9mon\n|rule|Item Clause: Limit 1 of each item\n|clearpoke\n|poke|p1|Calyrex-Ice, L50|\n|poke|p1|Urshifu-*, L50, M|\n|poke|p1|Pelipper, L50, M|\n|poke|p1|Amoonguss, L50, F|\n|poke|p1|Iron Valiant, L50|\n|poke|p1|Landorus, L50, M|\n|poke|p2|Calyrex-Ice, L50|\n|poke|p2|Amoonguss, L50, F|\n|poke|p2|Pelipper, L50, M|\n|poke|p2|Landorus, L50, M|\n|poke|p2|Urshifu-*, L50, F|\n|poke|p2|Roaring Moon, L50|\n|teampreview|4\n|inactive|Battle timer is ON: inactive players will automatically lose when time's up. (requested by bidoofutopia)\n|j| daodizenyang\n|inactive|ahfoong0411 has 60 seconds left.\n|j| jdarcan\n|inactive|ahfoong0411 has 30 seconds left.\n|inactive|ahfoong0411 has 20 seconds left.\n|inactive|ahfoong0411 has 15 seconds left.\n|inactive|ahfoong0411 has 10 seconds left.\n|\n|t:|1738509574\n|start\n|switch|p1a: Urshifu|Urshifu-Rapid-Strike, L50, M|100\/100\n|switch|p1b: Pelipper|Pelipper, L50, M|100\/100\n|switch|p2a: Pelipper|Pelipper, L50, M|100\/100\n|switch|p2b: Landorus|Landorus, L50, M|100\/100\n|-weather|RainDance|[from] ability: Drizzle|[of] p2a: Pelipper\n|turn|1\n|inactive|ahfoong0411 has 30 seconds left.\n|\n|t:|1738509604\n|-terastallize|p2b: Landorus|Water\n|move|p1a: Urshifu|Aqua Jet|p2b: Landorus\n|-resisted|p2b: Landorus\n|-damage|p2b: Landorus|84\/100\n|move|p2b: Landorus|Earth Power|p1a: Urshifu\n|-enditem|p1a: Urshifu|Focus Sash\n|-damage|p1a: Urshifu|1\/100\n|move|p2a: Pelipper|Hurricane|p1a: Urshifu\n|-supereffective|p1a: Urshifu\n|-damage|p1a: Urshifu|0 fnt\n|faint|p1a: Urshifu\n|move|p1b: Pelipper|Hurricane|p2a: Pelipper\n|-enditem|p2a: Pelipper|Focus Sash\n|-damage|p2a: Pelipper|1\/100\n|-damage|p1b: Pelipper|91\/100|[from] item: Life Orb\n|\n|-weather|RainDance|[upkeep]\n|upkeep\n|\n|t:|1738509612\n|switch|p1a: Calyrex|Calyrex-Ice, L50|100\/100\n|-ability|p1a: Calyrex|As One\n|-ability|p1a: Calyrex|Unnerve\n|turn|2\n|inactive|ahfoong0411 has 30 seconds left.\n|\n|t:|1738509645\n|-terastallize|p1a: Calyrex|Grass\n|move|p2a: Pelipper|Wide Guard|p2a: Pelipper\n|-singleturn|p2a: Pelipper|Wide Guard\n|move|p2b: Landorus|Sludge Bomb|p1b: Pelipper\n|-damage|p1b: Pelipper|21\/100\n|move|p1b: Pelipper|Hurricane|p2b: Landorus\n|-damage|p2b: Landorus|15\/100\n|-damage|p1b: Pelipper|12\/100|[from] item: Life Orb\n|move|p1a: Calyrex|Trick Room|p1a: Calyrex\n|-fieldstart|move: Trick Room|[of] p1a: Calyrex\n|\n|-weather|RainDance|[upkeep]\n|upkeep\n|turn|3\n|inactive|ahfoong0411 has 30 seconds left.\n|inactive|ahfoong0411 has 20 seconds left.\n|inactive|ahfoong0411 has 15 seconds left.\n|\n|t:|1738509685\n|move|p2b: Landorus|Protect|p2b: Landorus\n|-singleturn|p2b: Landorus|Protect\n|move|p2a: Pelipper|Wide Guard|p2a: Pelipper\n|-singleturn|p2a: Pelipper|Wide Guard\n|move|p1a: Calyrex|High Horsepower|p2b: Landorus\n|-activate|p2b: Landorus|move: Protect\n|move|p1b: Pelipper|Hurricane|p2a: Pelipper\n|-damage|p2a: Pelipper|0 fnt\n|faint|p2a: Pelipper\n|-damage|p1b: Pelipper|2\/100|[from] item: Life Orb\n|\n|-weather|RainDance|[upkeep]\n|upkeep\n|\n|t:|1738509699\n|switch|p2a: Urshifu|Urshifu-Rapid-Strike, L50, F|100\/100\n|turn|4\n|\n|t:|1738509716\n|switch|p1b: Amoonguss|Amoonguss, L50, F|100\/100\n|switch|p2b: Calyrex|Calyrex-Ice, L50|100\/100\n|-ability|p2b: Calyrex|As One\n|-ability|p2b: Calyrex|Unnerve\n|move|p2a: Urshifu|Aqua Jet|p1b: Amoonguss\n|-resisted|p1b: Amoonguss\n|-damage|p1b: Amoonguss|85\/100\n|-damage|p2a: Urshifu|84\/100|[from] item: Rocky Helmet|[of] p1b: Amoonguss\n|move|p1a: Calyrex|Glacial Lance|p2a: Urshifu|[spread] p2a,p2b\n|-resisted|p2a: Urshifu\n|-resisted|p2b: Calyrex\n|-damage|p2a: Urshifu|57\/100\n|-damage|p2b: Calyrex|83\/100\n|\n|-weather|RainDance|[upkeep]\n|upkeep\n|turn|5\n|inactive|ahfoong0411 has 30 seconds left.\n|inactive|ahfoong0411 has 20 seconds left.\n|\n|t:|1738509754\n|move|p2b: Calyrex|Protect|p2b: Calyrex\n|-singleturn|p2b: Calyrex|Protect\n|move|p1b: Amoonguss|Spore|p2b: Calyrex\n|-activate|p2b: Calyrex|move: Protect\n|move|p1a: Calyrex|Glacial Lance|p2a: Urshifu|[spread] p2a\n|-activate|p2b: Calyrex|move: Protect\n|-resisted|p2a: Urshifu\n|-damage|p2a: Urshifu|31\/100\n|move|p2a: Urshifu|Surging Strikes|p1b: Amoonguss\n|-resisted|p1b: Amoonguss\n|-crit|p1b: Amoonguss\n|-damage|p1b: Amoonguss|69\/100\n|-damage|p2a: Urshifu|15\/100|[from] item: Rocky Helmet|[of] p1b: Amoonguss\n|-resisted|p1b: Amoonguss\n|-crit|p1b: Amoonguss\n|-damage|p1b: Amoonguss|55\/100\n|-damage|p2a: Urshifu|0 fnt|[from] item: Rocky Helmet|[of] p1b: Amoonguss\n|faint|p2a: Urshifu\n|-hitcount|p1b: Amoonguss|2\n|\n|-weather|none\n|upkeep\n|\n|t:|1738509771\n|switch|p2a: Landorus|Landorus, L50, M, tera:Water|15\/100\n|turn|6\n|\n|t:|1738509777\n|move|p1b: Amoonguss|Spore|p2b: Calyrex\n|-status|p2b: Calyrex|slp|[from] move: Spore\n|move|p1a: Calyrex|High Horsepower|p2b: Calyrex\n|-damage|p2b: Calyrex|56\/100 slp\n|cant|p2b: Calyrex|slp\n|move|p2a: Landorus|Sandsear Storm|p1b: Amoonguss|[spread] p1b\n|-miss|p2a: Landorus|p1a: Calyrex\n|-damage|p1b: Amoonguss|0 fnt\n|faint|p1b: Amoonguss\n|\n|-fieldend|move: Trick Room\n|upkeep\n|\n|t:|1738509786\n|switch|p1b: Pelipper|Pelipper, L50, M|2\/100\n|-weather|RainDance|[from] ability: Drizzle|[of] p1b: Pelipper\n|turn|7\n|inactive|ahfoong0411 has 30 seconds left.\n|\n|t:|1738509813\n|move|p1b: Pelipper|Helping Hand|p1a: Calyrex\n|-singleturn|p1a: Calyrex|Helping Hand|[of] p1b: Pelipper\n|move|p2a: Landorus|Sludge Bomb|p1b: Pelipper\n|-damage|p1b: Pelipper|0 fnt\n|faint|p1b: Pelipper\n|-curestatus|p2b: Calyrex|slp|[msg]\n|move|p2b: Calyrex|Glacial Lance|p1a: Calyrex\n|-supereffective|p1a: Calyrex\n|-damage|p1a: Calyrex|8\/100\n|move|p1a: Calyrex|Glacial Lance|p2a: Landorus|[spread] p2a,p2b\n|-resisted|p2a: Landorus\n|-resisted|p2b: Calyrex\n|-damage|p2a: Landorus|0 fnt\n|-damage|p2b: Calyrex|29\/100\n|faint|p2a: Landorus\n|-ability|p1a: Calyrex|Chilling Neigh|boost\n|-boost|p1a: Calyrex|atk|1\n|\n|-weather|RainDance|[upkeep]\n|upkeep\n|turn|8\n|c|\u2606bidoofutopia|hnz\\gpgqPANPV9\n|c|\u2606bidoofutopia|1 turn\n|c|\u2606bidoofutopia|shoot me\n|\n|t:|1738509827\n|move|p2b: Calyrex|Glacial Lance|p1a: Calyrex\n|-supereffective|p1a: Calyrex\n|-crit|p1a: Calyrex\n|-damage|p1a: Calyrex|0 fnt\n|faint|p1a: Calyrex\n|\n|win|ahfoong0411\n|raw|bidoofutopia's rating: 1573 &rarr; <strong>1554<\/strong><br \/>(-19 for losing)\n|raw|ahfoong0411's rating: 1598 &rarr; <strong>1617<\/strong><br \/>(+19 for winning)\n|l|\u2606bidoofutopia\n|player|p1|\n|l| daodizenyang\n|l|\u2606ahfoong0411\n|player|p2|\n","uploadtime":1738510038,"views":9,"formatid":"gen9vgc2025regg","rating":1554,"private":0,"password":null}