{"id":"gen9vgc2025regg-2292772457","format":"[Gen 9] VGC 2025 Reg G","players":["TheLoanRanger","kasdfds"],"log":"|j|\u2606TheLoanRanger\n|j|\u2606kasdfds\n|t:|1738467538\n|gametype|doubles\n|player|p1|TheLoanRanger|gardenia|1582\n|player|p2|kasdfds|2|1537\n|teamsize|p1|5\n|teamsize|p2|6\n|gen|9\n|tier|[Gen 9] VGC 2025 Reg G\n|rated|\n|rule|Species Clause: Limit one of each Pok\u00e9mon\n|rule|Item Clause: Limit 1 of each item\n|clearpoke\n|poke|p1|Miraidon, L50|\n|poke|p1|Talonflame, L50, M|\n|poke|p1|Grimmsnarl, L50, M|\n|poke|p1|Urshifu-*, L50, F|\n|poke|p1|Ogerpon-Hearthflame, L50, F|\n|poke|p2|Zacian-*, L50|\n|poke|p2|Chien-Pao, L50|\n|poke|p2|Ogerpon-Wellspring, L50, F|\n|poke|p2|Tornadus, L50, M|\n|poke|p2|Snorlax, L50, M|\n|poke|p2|Okidogi, L50, M|\n|teampreview|4\nTheLoanRanger has agreed to open team sheets.\nkasdfds has agreed to open team sheets.\n|showteam|p1|Miraidon||ChoiceSpecs|HadronEngine|ElectroDrift,DracoMeteor,VoltSwitch,DazzlingGleam||||||50|,,,,,Fairy]Talonflame||SharpBeak|GaleWings|BraveBird,Tailwind,WillOWisp,QuickGuard|||M|||50|,,,,,Grass]Grimmsnarl||LightClay|Prankster|FoulPlay,Reflect,LightScreen,ThunderWave|||M|||50|,,,,,Water]Urshifu-Rapid-Strike||FocusSash|UnseenFist|SurgingStrikes,CloseCombat,AquaJet,Detect|||F|||50|,,,,,Stellar]Ogerpon-Hearthflame||HearthflameMask|MoldBreaker|IvyCudgel,WoodHammer,FollowMe,SpikyShield|||F|||50|,,,,,Fire\n|showteam|p2|Zacian-Crowned||RustedSword|IntrepidSword|PlayRough,behemothblade,Protect,TeraBlast||||||50|,,,,,Ground]Chien-Pao||FocusSash|SwordofRuin|IceSpinner,SuckerPunch,SacredSword,Protect||||||50|,,,,,Stellar]Ogerpon-Wellspring||WellspringMask|WaterAbsorb|IvyCudgel,WoodHammer,FollowMe,SpikyShield|||F|||50|,,,,,Water]Tornadus||CovertCloak|Prankster|BleakwindStorm,Tailwind,Leer,RainDance|||M|||50|,,,,,Flying]Snorlax||SafetyGoggles|ThickFat|Encore,BodySlam,Crunch,Yawn|||M|||50|,,,,,Fairy]Okidogi||AssaultVest|GuardDog|PoisonJab,UpperHand,DrainPunch,KnockOff|||M|||50|,,,,,Dark\n|\n|t:|1738467592\n|start\n|switch|p1a: Talonflame|Talonflame, L50, M|100\/100\n|switch|p1b: Urshifu|Urshifu-Rapid-Strike, L50, F|100\/100\n|switch|p2a: Ogerpon|Ogerpon-Wellspring, L50, F|100\/100\n|switch|p2b: Chien-Pao|Chien-Pao, L50|100\/100\n|-ability|p2b: Chien-Pao|Sword of Ruin\n|turn|1\n|\n|t:|1738467617\n|move|p2a: Ogerpon|Spiky Shield|p2a: Ogerpon\n|-singleturn|p2a: Ogerpon|move: Protect\n|move|p1a: Talonflame|Brave Bird|p2a: Ogerpon\n|-activate|p2a: Ogerpon|move: Protect\n|-damage|p1a: Talonflame|88\/100|[from] Spiky Shield|[of] p2a: Ogerpon\n|move|p2b: Chien-Pao|Ice Spinner|p1a: Talonflame\n|-damage|p1a: Talonflame|16\/100\n|move|p1b: Urshifu|Surging Strikes|p2b: Chien-Pao\n|-crit|p2b: Chien-Pao\n|-damage|p2b: Chien-Pao|74\/100\n|-crit|p2b: Chien-Pao\n|-damage|p2b: Chien-Pao|47\/100\n|-crit|p2b: Chien-Pao\n|-damage|p2b: Chien-Pao|17\/100\n|-hitcount|p2b: Chien-Pao|3\n|\n|upkeep\n|turn|2\n|\n|t:|1738467636\n|move|p2a: Ogerpon|Follow Me|p2a: Ogerpon\n|-singleturn|p2a: Ogerpon|move: Follow Me\n|move|p2b: Chien-Pao|Ice Spinner|p1a: Talonflame\n|-damage|p1a: Talonflame|0 fnt\n|faint|p1a: Talonflame\n|move|p1b: Urshifu|Close Combat|p2a: Ogerpon\n|-damage|p2a: Ogerpon|0 fnt\n|-unboost|p1b: Urshifu|def|1\n|-unboost|p1b: Urshifu|spd|1\n|faint|p2a: Ogerpon\n|\n|upkeep\n|\n|t:|1738467644\n|switch|p1a: Miraidon|Miraidon, L50|100\/100\n|switch|p2a: Tornadus|Tornadus, L50, M|100\/100\n|-fieldstart|move: Electric Terrain|[from] ability: Hadron Engine|[of] p1a: Miraidon\n|turn|3\n|\n|t:|1738467669\n|move|p2b: Chien-Pao|Sucker Punch|p1b: Urshifu\n|-resisted|p1b: Urshifu\n|-damage|p1b: Urshifu|64\/100\n|move|p1b: Urshifu|Aqua Jet|p2b: Chien-Pao\n|-damage|p2b: Chien-Pao|0 fnt\n|faint|p2b: Chien-Pao\n|move|p2a: Tornadus|Bleakwind Storm|p1b: Urshifu|[spread] p1a,p1b\n|-resisted|p1a: Miraidon\n|-supereffective|p1b: Urshifu\n|-damage|p1a: Miraidon|86\/100\n|-damage|p1b: Urshifu|0 fnt\n|faint|p1b: Urshifu\n|move|p1a: Miraidon|Volt Switch|p2a: Tornadus\n|-supereffective|p2a: Tornadus\n|-damage|p2a: Tornadus|0 fnt\n|faint|p2a: Tornadus\n|\n|t:|1738467674\n|switch|p1a: Ogerpon|Ogerpon-Hearthflame, L50, F|100\/100|[from] Volt Switch\n|-ability|p1a: Ogerpon|Mold Breaker\n|\n|upkeep\n|\n|t:|1738467676\n|switch|p2b: Zacian|Zacian-Crowned, L50|100\/100\n|switch|p1b: Miraidon|Miraidon, L50|86\/100\n|-ability|p2b: Zacian|Intrepid Sword|boost\n|-boost|p2b: Zacian|atk|1\n|-activate|p1b: Miraidon|ability: Hadron Engine\n|turn|4\n|j| ihavenocatharsis\n|\n|t:|1738467711\n|-terastallize|p1a: Ogerpon|Fire\n|detailschange|p1a: Ogerpon|Ogerpon-Hearthflame-Tera, L50, F, tera:Fire\n|-ability|p1a: Ogerpon|Embody Aspect (Hearthflame)|boost\n|-boost|p1a: Ogerpon|atk|1\n|move|p2b: Zacian|Protect|p2b: Zacian\n|-singleturn|p2b: Zacian|Protect\n|move|p1b: Miraidon|Dazzling Gleam|p2b: Zacian\n|-activate|p2b: Zacian|move: Protect\n|move|p1a: Ogerpon|Ivy Cudgel|p2b: Zacian|[anim] Ivy Cudgel Fire\n|-activate|p2b: Zacian|move: Protect\n|\n|upkeep\n|turn|5\n|\n|t:|1738467731\n|move|p2b: Zacian|Play Rough|p1b: Miraidon\n|-supereffective|p1b: Miraidon\n|-damage|p1b: Miraidon|0 fnt\n|faint|p1b: Miraidon\n|move|p1a: Ogerpon|Wood Hammer|p2b: Zacian\n|-resisted|p2b: Zacian\n|-damage|p2b: Zacian|59\/100\n|-damage|p1a: Ogerpon|88\/100|[from] Recoil\n|\n|upkeep\n|turn|6\n|\n|t:|1738467738\n|-terastallize|p2b: Zacian|Ground\n|move|p2b: Zacian|Tera Blast|p1a: Ogerpon|[anim] Tera Blast Ground\n|-supereffective|p1a: Ogerpon\n|-damage|p1a: Ogerpon|0 fnt\n|faint|p1a: Ogerpon\n|\n|win|kasdfds\n|raw|TheLoanRanger's rating: 1582 &rarr; <strong>1559<\/strong><br \/>(-23 for losing)\n|raw|kasdfds's rating: 1537 &rarr; <strong>1560<\/strong><br \/>(+23 for winning)\n|l|\u2606TheLoanRanger\n|player|p1|\n|l|\u2606kasdfds\n|player|p2|\n","uploadtime":1738467947,"views":18,"formatid":"gen9vgc2025regg","rating":1559,"private":0,"password":null}