{"id":"gen9vgc2025regg-2292523874","format":"[Gen 9] VGC 2025 Reg G","players":["AndyLaVGC","Pneumatictoad"],"log":"|j|\u2606AndyLaVGC\n|j|\u2606Pneumatictoad\n|t:|1738434476\n|gametype|doubles\n|player|p1|AndyLaVGC|102|1531\n|player|p2|Pneumatictoad|janine|1568\n|teamsize|p1|6\n|teamsize|p2|6\n|gen|9\n|tier|[Gen 9] VGC 2025 Reg G\n|rated|\n|rule|Species Clause: Limit one of each Pok\u00e9mon\n|rule|Item Clause: Limit 1 of each item\n|clearpoke\n|poke|p1|Luvdisc, L50, F|\n|poke|p1|Kyogre, L50|\n|poke|p1|Farigiraf, L50, F|\n|poke|p1|Amoonguss, L50, F|\n|poke|p1|Urshifu-*, L50, F|\n|poke|p1|Tornadus, L50, M|\n|poke|p2|Calyrex-Ice, L50|\n|poke|p2|Trapinch, L50, M|\n|poke|p2|Annihilape, L50, F|\n|poke|p2|Pelipper, L50, M|\n|poke|p2|Jigglypuff, L50, M|\n|poke|p2|Urshifu-*, L50, F|\n|teampreview|4\n|c|\u2606Pneumatictoad|Aw yes I tried luvdisc kyogre awhile back\n|\n|t:|1738434507\n|start\n|switch|p1a: Farigiraf|Farigiraf, L50, F|100\/100\n|switch|p1b: Kyogre|Kyogre, L50|100\/100\n|switch|p2a: Annihilape|Annihilape, L50, F|100\/100\n|switch|p2b: Calyrex|Calyrex-Ice, L50|100\/100\n|-ability|p2b: Calyrex|As One\n|-ability|p2b: Calyrex|Unnerve\n|-weather|RainDance|[from] ability: Drizzle|[of] p1b: Kyogre\n|turn|1\n|c|\u2606AndyLaVGC|It's fun at least lol\n|c|\u2606Pneumatictoad|Is it entrainment swift swim?\n|c|\u2606AndyLaVGC|ye\n|c|\u2606AndyLaVGC|it's not very good into this team a lot of the time\n|\n|t:|1738434540\n|-terastallize|p2b: Calyrex|Grass\n|move|p1b: Kyogre|Protect|p1b: Kyogre\n|-singleturn|p1b: Kyogre|Protect\n|move|p1a: Farigiraf|Protect|p1a: Farigiraf\n|-singleturn|p1a: Farigiraf|Protect\n|move|p2a: Annihilape|Final Gambit|p1a: Farigiraf\n|-activate|p1a: Farigiraf|move: Protect\n|move|p2b: Calyrex|Seed Bomb|p1b: Kyogre\n|-activate|p1b: Kyogre|move: Protect\n|\n|-weather|RainDance|[upkeep]\n|upkeep\n|turn|2\n|\n|t:|1738434555\n|switch|p1b: Amoonguss|Amoonguss, L50, F|100\/100\n|move|p2a: Annihilape|Final Gambit|p1b: Amoonguss\n|-damage|p1b: Amoonguss|2\/100\n|faint|p2a: Annihilape\n|move|p1a: Farigiraf|Psychic|p2b: Calyrex\n|-damage|p2b: Calyrex|75\/100\n|move|p2b: Calyrex|Glacial Lance|p1b: Amoonguss|[spread] p1a,p1b\n|-supereffective|p1b: Amoonguss\n|-damage|p1a: Farigiraf|48\/100\n|-damage|p1b: Amoonguss|0 fnt\n|faint|p1b: Amoonguss\n|-ability|p2b: Calyrex|Chilling Neigh|boost\n|-boost|p2b: Calyrex|atk|1\n|\n|-weather|RainDance|[upkeep]\n|upkeep\n|\n|t:|1738434580\n|switch|p2a: Pelipper|Pelipper, L50, M|100\/100\n|switch|p1b: Kyogre|Kyogre, L50|100\/100\n|turn|3\n|c|\u2606AndyLaVGC|why did all the calyrex players suddenly decide kyogre was this big a problem? lol\n|\n|t:|1738434601\n|move|p1a: Farigiraf|Helping Hand|p1b: Kyogre\n|-singleturn|p1b: Kyogre|Helping Hand|[of] p1a: Farigiraf\n|move|p2b: Calyrex|Protect|p2b: Calyrex\n|-singleturn|p2b: Calyrex|Protect\n|move|p1b: Kyogre|Ice Beam|p2b: Calyrex\n|-activate|p2b: Calyrex|move: Protect\n|move|p2a: Pelipper|Weather Ball|p1a: Farigiraf\n|-damage|p1a: Farigiraf|0 fnt\n|faint|p1a: Farigiraf\n|\n|-weather|RainDance|[upkeep]\n|upkeep\n|\n|t:|1738434607\n|switch|p1a: Urshifu|Urshifu-Rapid-Strike, L50, F|100\/100\n|turn|4\n|c|\u2606Pneumatictoad|Lol ive had tera grass seed bomb since last reg g and never looked back XD\n|c|\u2606Pneumatictoad|really hurts my mirror though\n|c|\u2606AndyLaVGC|it's all the CSR too\n|\n|t:|1738434644\n|-terastallize|p1a: Urshifu|Water\n|move|p1a: Urshifu|Surging Strikes|p2b: Calyrex\n|-resisted|p2b: Calyrex\n|-crit|p2b: Calyrex\n|-damage|p2b: Calyrex|62\/100\n|-resisted|p2b: Calyrex\n|-crit|p2b: Calyrex\n|-damage|p2b: Calyrex|48\/100\n|-resisted|p2b: Calyrex\n|-crit|p2b: Calyrex\n|-damage|p2b: Calyrex|36\/100\n|-hitcount|p2b: Calyrex|3\n|move|p1b: Kyogre|Ice Beam|p2b: Calyrex\n|-supereffective|p2b: Calyrex\n|-damage|p2b: Calyrex|0 fnt\n|faint|p2b: Calyrex\n|-damage|p1b: Kyogre|91\/100|[from] item: Life Orb\n|move|p2a: Pelipper|Hurricane|p1a: Urshifu\n|-damage|p1a: Urshifu|21\/100\n|\n|-weather|RainDance|[upkeep]\n|upkeep\n|\n|t:|1738434646\n|switch|p2b: Trapinch|Trapinch, L50, M|100\/100\n|turn|5\n|c|\u2606AndyLaVGC|theyre all nlike tera water or grass today\n|\n|t:|1738434676\n|move|p1a: Urshifu|Surging Strikes|p2b: Trapinch\n|-supereffective|p2b: Trapinch\n|-crit|p2b: Trapinch\n|-enditem|p2b: Trapinch|Focus Sash\n|-damage|p2b: Trapinch|1\/100\n|-supereffective|p2b: Trapinch\n|-crit|p2b: Trapinch\n|-damage|p2b: Trapinch|0 fnt\n|faint|p2b: Trapinch\n|-hitcount|p2: Trapinch|2\n|move|p1b: Kyogre|Ice Beam|p2a: Pelipper\n|-damage|p2a: Pelipper|40\/100\n|-damage|p1b: Kyogre|81\/100|[from] item: Life Orb\n|move|p2a: Pelipper|Hurricane|p1a: Urshifu\n|-damage|p1a: Urshifu|0 fnt\n|faint|p1a: Urshifu\n|\n|-weather|none\n|upkeep\n|turn|6\n|\n|t:|1738434682\n|move|p1b: Kyogre|Ice Beam|p2a: Pelipper\n|-damage|p2a: Pelipper|0 fnt\n|faint|p2a: Pelipper\n|-damage|p1b: Kyogre|71\/100|[from] item: Life Orb\n|\n|win|AndyLaVGC\n|raw|AndyLaVGC's rating: 1531 &rarr; <strong>1553<\/strong><br \/>(+22 for winning)\n|raw|Pneumatictoad's rating: 1568 &rarr; <strong>1546<\/strong><br \/>(-22 for losing)\n|c|\u2606Pneumatictoad|Ggwp\n|c|\u2606AndyLaVGC|gg\n|l|\u2606Pneumatictoad\n|player|p2|\n","uploadtime":1738434696,"views":17,"formatid":"gen9vgc2025regg","rating":1546,"private":0,"password":null}