{"id":"gen9vgc2025regg-2292400215","format":"[Gen 9] VGC 2025 Reg G","players":["Diestoise","qiin5"],"log":"|j|\u2606Diestoise\n|j|\u2606qiin5\n|t:|1738417301\n|gametype|doubles\n|player|p1|Diestoise|blue|1574\n|player|p2|qiin5|2|1595\n|teamsize|p1|6\n|teamsize|p2|6\n|gen|9\n|tier|[Gen 9] VGC 2025 Reg G\n|rated|\n|rule|Species Clause: Limit one of each Pok\u00e9mon\n|rule|Item Clause: Limit 1 of each item\n|clearpoke\n|poke|p1|Koraidon, L50|\n|poke|p1|Raging Bolt, L50|\n|poke|p1|Entei, L50|\n|poke|p1|Flutter Mane, L50|\n|poke|p1|Venusaur, L50, M|\n|poke|p1|Ditto, L50|\n|poke|p2|Miraidon, L50|\n|poke|p2|Dondozo, L50, M|\n|poke|p2|Tatsugiri, L50, F|\n|poke|p2|Chi-Yu, L50|\n|poke|p2|Dragonite, L50, F|\n|poke|p2|Gholdengo, L50|\n|teampreview|4\n|j| grain cookie\n|\n|t:|1738417350\n|start\n|switch|p1a: Flutter Mane|Flutter Mane, L50, shiny|100\/100\n|switch|p1b: Venusaur|Venusaur, L50, M, shiny|100\/100\n|switch|p2a: Dondozo|Dondozo, L50, M|100\/100\n|switch|p2b: Miraidon|Miraidon, L50|100\/100\n|-fieldstart|move: Electric Terrain|[from] ability: Hadron Engine|[of] p2b: Miraidon\n|turn|1\n|\n|t:|1738417373\n|switch|p2a: Gholdengo|Gholdengo, L50|100\/100\n|move|p1a: Flutter Mane|Protect|p1a: Flutter Mane\n|-singleturn|p1a: Flutter Mane|Protect\n|move|p2b: Miraidon|Volt Switch|p1a: Flutter Mane\n|-activate|p1a: Flutter Mane|move: Protect\n|move|p1b: Venusaur|Sludge Bomb|p2b: Miraidon\n|-damage|p2b: Miraidon|84\/100\n|\n|upkeep\n|turn|2\n|\n|t:|1738417404\n|switch|p1b: Koraidon|Koraidon, L50|100\/100\n|-weather|SunnyDay|[from] ability: Orichalcum Pulse|[of] p1b: Koraidon\n|-activate|p1a: Flutter Mane|ability: Protosynthesis\n|-start|p1a: Flutter Mane|protosynthesisspe\n|-activate|p1b: Koraidon|Orichalcum Pulse|[source]\n|move|p1a: Flutter Mane|Moonblast|p2b: Miraidon\n|-supereffective|p2b: Miraidon\n|-damage|p2b: Miraidon|32\/100\n|move|p2b: Miraidon|Dazzling Gleam|p1a: Flutter Mane|[spread] p1a,p1b\n|-supereffective|p1b: Koraidon\n|-damage|p1a: Flutter Mane|71\/100\n|-damage|p1b: Koraidon|0 fnt\n|faint|p1b: Koraidon\n|move|p2a: Gholdengo|Make It Rain|p1a: Flutter Mane\n|-supereffective|p1a: Flutter Mane\n|-damage|p1a: Flutter Mane|0 fnt\n|-unboost|p2a: Gholdengo|spa|1\n|faint|p1a: Flutter Mane\n|-end|p1a: Flutter Mane|Protosynthesis|[silent]\n|\n|-weather|SunnyDay|[upkeep]\n|upkeep\n|\n|t:|1738417417\n|switch|p1a: Entei|Entei, L50|100\/100\n|switch|p1b: Venusaur|Venusaur, L50, M, shiny|100\/100\n|turn|3\n|j| PokamonMaster1\n|\n|t:|1738417446\n|move|p1b: Venusaur|Sludge Bomb|p2b: Miraidon\n|-damage|p2b: Miraidon|16\/100\n|-status|p2b: Miraidon|psn\n|move|p2b: Miraidon|Electro Drift|p1a: Entei\n|-damage|p1a: Entei|43\/100\n|move|p1a: Entei|Sacred Fire|p2a: Gholdengo\n|-supereffective|p2a: Gholdengo\n|-damage|p2a: Gholdengo|0 fnt\n|faint|p2a: Gholdengo\n|\n|-weather|SunnyDay|[upkeep]\n|-damage|p2b: Miraidon|4\/100 psn|[from] psn\n|upkeep\n|\n|t:|1738417463\n|switch|p2a: Dondozo|Dondozo, L50, M|100\/100\n|turn|4\n|\n|t:|1738417479\n|switch|p2b: Tatsugiri|Tatsugiri, L50, F|100\/100\n|-activate|p2b: Tatsugiri|ability: Commander|[of] p2a: Dondozo\n|-boost|p2a: Dondozo|atk|2\n|-boost|p2a: Dondozo|spa|2\n|-boost|p2a: Dondozo|spe|2\n|-boost|p2a: Dondozo|def|2\n|-boost|p2a: Dondozo|spd|2\n|-terastallize|p1a: Entei|Normal\n|move|p1a: Entei|Extreme Speed|p2b: Tatsugiri|[miss]\n|-miss|p1a: Entei|p2b: Tatsugiri\n|move|p1b: Venusaur|Leaf Storm|p2a: Dondozo\n|-supereffective|p2a: Dondozo\n|-damage|p2a: Dondozo|55\/100\n|-unboost|p1b: Venusaur|spa|2\n|move|p2a: Dondozo|Earthquake|p1a: Entei|[spread] p1a,p1b\n|-miss|p2a: Dondozo|p2b: Tatsugiri\n|-damage|p1a: Entei|4\/100\n|-damage|p1b: Venusaur|53\/100\n|\n|-weather|SunnyDay|[upkeep]\n|-heal|p2a: Dondozo|62\/100|[from] item: Leftovers\n|upkeep\n|turn|5\n|\n|t:|1738417492\n|move|p2a: Dondozo|Protect|p2a: Dondozo\n|-singleturn|p2a: Dondozo|Protect\n|move|p1a: Entei|Extreme Speed|p2a: Dondozo\n|-activate|p2a: Dondozo|move: Protect\n|move|p1b: Venusaur|Leaf Storm|p2a: Dondozo\n|-activate|p2a: Dondozo|move: Protect\n|\n|-weather|SunnyDay|[upkeep]\n|-heal|p2a: Dondozo|68\/100|[from] item: Leftovers\n|-fieldend|move: Electric Terrain\n|upkeep\n|turn|6\n|\n|t:|1738417506\n|-terastallize|p2a: Dondozo|Grass\n|move|p1a: Entei|Extreme Speed|p2a: Dondozo\n|-damage|p2a: Dondozo|54\/100\n|move|p1b: Venusaur|Sleep Powder|p2a: Dondozo\n|-immune|p2a: Dondozo\n|move|p2a: Dondozo|Earthquake|p1a: Entei|[spread] p1a,p1b\n|-miss|p2a: Dondozo|p2b: Tatsugiri\n|-damage|p1a: Entei|0 fnt\n|-damage|p1b: Venusaur|8\/100\n|faint|p1a: Entei\n|\n|-weather|none\n|-heal|p2a: Dondozo|60\/100|[from] item: Leftovers\n|upkeep\n|turn|7\n|\n|t:|1738417512\n|move|p2a: Dondozo|Earthquake|p1b: Venusaur|[spread] p1b\n|-miss|p2a: Dondozo|p2b: Tatsugiri\n|-damage|p1b: Venusaur|0 fnt\n|faint|p1b: Venusaur\n|\n|win|qiin5\n|raw|Diestoise's rating: 1574 &rarr; <strong>1555<\/strong><br \/>(-19 for losing)\n|raw|qiin5's rating: 1595 &rarr; <strong>1614<\/strong><br \/>(+19 for winning)\n|l|\u2606Diestoise\n|player|p1|\n|l|\u2606qiin5\n|player|p2|\n|l| grain cookie\n","uploadtime":1738417716,"views":19,"formatid":"gen9vgc2025regg","rating":1555,"private":0,"password":null}