{"id":"gen9vgc2025regg-2292972990","format":"[Gen 9] VGC 2025 Reg G","players":["Yung Trav","my pony my horse"],"log":"|j|\u2606Yung Trav\n|j|\u2606my pony my horse\n|t:|1738506718\n|gametype|doubles\n|player|p1|Yung Trav|1|1585\n|player|p2|my pony my horse|unknown|1531\n|teamsize|p1|6\n|teamsize|p2|6\n|gen|9\n|tier|[Gen 9] VGC 2025 Reg G\n|rated|\n|rule|Species Clause: Limit one of each Pok\u00e9mon\n|rule|Item Clause: Limit 1 of each item\n|clearpoke\n|poke|p1|Calyrex-Ice, L50|\n|poke|p1|Regidrago, L50|\n|poke|p1|Smeargle, L50, M|\n|poke|p1|Farigiraf, L50, M|\n|poke|p1|Urshifu-*, L50, M|\n|poke|p1|Ogerpon-Cornerstone, L50, F|\n|poke|p2|Urshifu-*, L50, F|\n|poke|p2|Kyogre, L50|\n|poke|p2|Roaring Moon, L50|\n|poke|p2|Rillaboom, L50, F|\n|poke|p2|Incineroar, L50, F|\n|poke|p2|Amoonguss, L50, M|\n|teampreview|4\n|inactive|Battle timer is ON: inactive players will automatically lose when time's up. (requested by my pony my horse)\n|inactive|my pony my horse has 60 seconds left.\n|\n|t:|1738506751\n|start\n|switch|p1a: Calyrex|Calyrex-Ice, L50|100\/100\n|switch|p1b: Smeargle|Smeargle, L50, M|100\/100\n|switch|p2a: Kyogre|Kyogre, L50, shiny|100\/100\n|switch|p2b: Incineroar|Incineroar, L50, F|100\/100\n|-ability|p1a: Calyrex|As One\n|-ability|p1a: Calyrex|Unnerve\n|-weather|RainDance|[from] ability: Drizzle|[of] p2a: Kyogre\n|-ability|p2b: Incineroar|Intimidate|boost\n|-fail|p1a: Calyrex|unboost|[from] item: Clear Amulet|[of] p1a: Calyrex\n|-fail|p1b: Smeargle|unboost|Attack|[from] ability: Own Tempo|[of] p1b: Smeargle\n|turn|1\n|inactive|my pony my horse has 30 seconds left.\n|\n|t:|1738506784\n|-terastallize|p2a: Kyogre|Grass\n|-terastallize|p1a: Calyrex|Water\n|move|p2b: Incineroar|Fake Out|p1a: Calyrex\n|-damage|p1a: Calyrex|93\/100\n|move|p1b: Smeargle|Fake Out|p2b: Incineroar\n|-damage|p2b: Incineroar|96\/100\n|move|p2a: Kyogre|Origin Pulse|p1b: Smeargle|[spread] p1a,p1b\n|-resisted|p1a: Calyrex\n|-crit|p1b: Smeargle\n|-damage|p1a: Calyrex|66\/100\n|-enditem|p1b: Smeargle|Focus Sash\n|-damage|p1b: Smeargle|1\/100\n|cant|p1a: Calyrex|flinch\n|\n|-weather|RainDance|[upkeep]\n|upkeep\n|turn|2\n|\n|t:|1738506807\n|move|p2a: Kyogre|Origin Pulse|p1a: Calyrex|[spread] p1a,p1b\n|-resisted|p1a: Calyrex\n|-damage|p1a: Calyrex|41\/100\n|-damage|p1b: Smeargle|0 fnt\n|faint|p1b: Smeargle\n|move|p2b: Incineroar|Knock Off|p1a: Calyrex\n|-damage|p1a: Calyrex|12\/100\n|-enditem|p1a: Calyrex|Clear Amulet|[from] move: Knock Off|[of] p2b: Incineroar\n|move|p1a: Calyrex|Trick Room|p1a: Calyrex\n|-fieldstart|move: Trick Room|[of] p1a: Calyrex\n|\n|-weather|RainDance|[upkeep]\n|upkeep\n|\n|t:|1738506819\n|switch|p1b: Regidrago|Regidrago, L50, shiny|100\/100\n|turn|3\n|\n|t:|1738506835\n|move|p1b: Regidrago|Dragon Energy|p2b: Incineroar|[spread] p2a,p2b\n|-damage|p2a: Kyogre|41\/100\n|-damage|p2b: Incineroar|20\/100\n|move|p1a: Calyrex|High Horsepower|p2b: Incineroar\n|-supereffective|p2b: Incineroar\n|-damage|p2b: Incineroar|0 fnt\n|faint|p2b: Incineroar\n|-ability|p1a: Calyrex|Chilling Neigh|boost\n|-boost|p1a: Calyrex|atk|1\n|move|p2a: Kyogre|Ice Beam|p1b: Regidrago\n|-supereffective|p1b: Regidrago\n|-damage|p1b: Regidrago|26\/100\n|\n|-weather|RainDance|[upkeep]\n|-heal|p2a: Kyogre|47\/100|[from] item: Leftovers\n|upkeep\n|\n|t:|1738506849\n|switch|p2b: Amoonguss|Amoonguss, L50, M|100\/100\n|turn|4\n|\n|t:|1738506860\n|move|p2a: Kyogre|Protect|p2a: Kyogre\n|-singleturn|p2a: Kyogre|Protect\n|move|p1b: Regidrago|Draco Meteor|p2a: Kyogre\n|-activate|p2a: Kyogre|move: Protect\n|move|p2b: Amoonguss|Spore|p1a: Calyrex\n|-status|p1a: Calyrex|slp|[from] move: Spore\n|cant|p1a: Calyrex|slp\n|\n|-weather|RainDance|[upkeep]\n|-heal|p2a: Kyogre|53\/100|[from] item: Leftovers\n|upkeep\n|turn|5\n|\n|t:|1738506876\n|cant|p1a: Calyrex|slp\n|move|p1b: Regidrago|Draco Meteor|p2a: Kyogre\n|-damage|p2a: Kyogre|0 fnt\n|-unboost|p1b: Regidrago|spa|2\n|faint|p2a: Kyogre\n|move|p2b: Amoonguss|Sludge Bomb|p1a: Calyrex\n|-damage|p1a: Calyrex|0 fnt\n|faint|p1a: Calyrex\n|\n|-weather|none\n|upkeep\n|\n|t:|1738506889\n|switch|p1a: Ogerpon|Ogerpon-Cornerstone, L50, F|100\/100\n|switch|p2a: Urshifu|Urshifu-Rapid-Strike, L50, F|100\/100\n|turn|6\n|inactive|Yung Trav has 30 seconds left.\n|inactive|my pony my horse has 30 seconds left.\n|\n|t:|1738506936\n|move|p2a: Urshifu|Aqua Jet|p1a: Ogerpon\n|-damage|p1a: Ogerpon|72\/100\n|move|p1b: Regidrago|Draco Meteor|p2b: Amoonguss|[miss]\n|-miss|p1b: Regidrago|p2b: Amoonguss\n|move|p2b: Amoonguss|Spore|p1b: Regidrago\n|-status|p1b: Regidrago|slp|[from] move: Spore\n|move|p1a: Ogerpon|Power Whip|p2a: Urshifu\n|-supereffective|p2a: Urshifu\n|-damage|p2a: Urshifu|0 fnt\n|faint|p2a: Urshifu\n|\n|-fieldend|move: Trick Room\n|upkeep\n|turn|7\n|\n|t:|1738506956\n|move|p1a: Ogerpon|Ivy Cudgel|p2b: Amoonguss|[anim] Ivy Cudgel Rock\n|-damage|p2b: Amoonguss|51\/100\n|move|p2b: Amoonguss|Sludge Bomb|p1a: Ogerpon\n|-damage|p1a: Ogerpon|38\/100\n|-status|p1a: Ogerpon|psn\n|cant|p1b: Regidrago|slp\n|\n|-damage|p1a: Ogerpon|26\/100 psn|[from] psn\n|upkeep\n|turn|8\n|\n|t:|1738506971\n|move|p2b: Amoonguss|Protect|p2b: Amoonguss\n|-singleturn|p2b: Amoonguss|Protect\n|move|p1a: Ogerpon|Ivy Cudgel|p2b: Amoonguss|[anim] Ivy Cudgel Rock\n|-activate|p2b: Amoonguss|move: Protect\n|cant|p1b: Regidrago|slp\n|\n|-damage|p1a: Ogerpon|14\/100 psn|[from] psn\n|upkeep\n|turn|9\n|\n|t:|1738506984\n|move|p1a: Ogerpon|Ivy Cudgel|p2b: Amoonguss|[anim] Ivy Cudgel Rock\n|-damage|p2b: Amoonguss|1\/100\n|move|p2b: Amoonguss|Sludge Bomb|p1b: Regidrago\n|-damage|p1b: Regidrago|0 fnt\n|faint|p1b: Regidrago\n|\n|-damage|p1a: Ogerpon|2\/100 psn|[from] psn\n|upkeep\n|turn|10\n|c|\u2606my pony my horse|Gg\n|-message|Yung Trav forfeited.\n|\n|win|my pony my horse\n|raw|Yung Trav's rating: 1585 &rarr; <strong>1562<\/strong><br \/>(-23 for losing)\n|raw|my pony my horse's rating: 1531 &rarr; <strong>1554<\/strong><br \/>(+23 for winning)\n|l|\u2606Yung Trav\n|player|p1|\n|j|\u2606Yung Trav\n|player|p1|Yung Trav|1|\n|l|\u2606my pony my horse\n|player|p2|\n|l|\u2606Yung Trav\n|player|p1|\n","uploadtime":1738507231,"views":8,"formatid":"gen9vgc2025regg","rating":1554,"private":0,"password":null}