{"id":"gen9vgc2025regg-2292094312","format":"[Gen 9] VGC 2025 Reg G","players":["lichuvgc","CombatWombat925"],"log":"|j|\u2606lichuvgc\n|j|\u2606CombatWombat925\n|t:|1738363628\n|gametype|doubles\n|player|p1|lichuvgc|2|1621\n|player|p2|CombatWombat925|170|1641\n|teamsize|p1|6\n|teamsize|p2|6\n|gen|9\n|tier|[Gen 9] VGC 2025 Reg G\n|rated|\n|rule|Species Clause: Limit one of each Pok\u00e9mon\n|rule|Item Clause: Limit 1 of each item\n|clearpoke\n|poke|p1|Calyrex-Ice, L50|\n|poke|p1|Urshifu-*, L50, F|\n|poke|p1|Smeargle, L50, M|\n|poke|p1|Farigiraf, L50, F|\n|poke|p1|Ursaluna-Bloodmoon, L50, M|\n|poke|p1|Torkoal, L50, M|\n|poke|p2|Ogerpon-Hearthflame, L50, F|\n|poke|p2|Farigiraf, L50, M|\n|poke|p2|Whimsicott, L50, F|\n|poke|p2|Landorus, L50, M|\n|poke|p2|Terapagos, L50, M|\n|poke|p2|Urshifu-*, L50, M|\n|teampreview|4\n|inactive|Battle timer is ON: inactive players will automatically lose when time's up. (requested by lichuvgc)\n|\n|t:|1738363679\n|start\n|switch|p1a: Calyrex|Calyrex-Ice, L50|100\/100\n|switch|p1b: Smeargle|Smeargle, L50, M|100\/100\n|switch|p2a: Ogerpon|Ogerpon-Hearthflame, L50, F|100\/100\n|switch|p2b: Whimsicott|Whimsicott, L50, F|100\/100\n|-ability|p1a: Calyrex|As One\n|-ability|p1a: Calyrex|Unnerve\n|-ability|p2a: Ogerpon|Mold Breaker\n|turn|1\n|inactive|lichuvgc has 30 seconds left.\n|inactive|CombatWombat925 has 30 seconds left.\n|inactive|lichuvgc has 20 seconds left.\n|inactive|CombatWombat925 has 20 seconds left.\n|\n|t:|1738363715\n|move|p1b: Smeargle|Follow Me|p1b: Smeargle\n|-singleturn|p1b: Smeargle|move: Follow Me\n|move|p2b: Whimsicott|Moonblast|p1b: Smeargle\n|-damage|p1b: Smeargle|44\/100\n|move|p2a: Ogerpon|Ivy Cudgel|p1b: Smeargle|[anim] Ivy Cudgel Fire\n|-damage|p1b: Smeargle|0 fnt\n|faint|p1b: Smeargle\n|move|p1a: Calyrex|Trick Room|p1a: Calyrex\n|-fieldstart|move: Trick Room|[of] p1a: Calyrex\n|\n|upkeep\n|inactive|lichuvgc has 30 seconds left.\n|\n|t:|1738363743\n|switch|p1b: Ursaluna|Ursaluna-Bloodmoon, L50, M|100\/100\n|turn|2\n|\n|t:|1738363761\n|switch|p1a: Urshifu|Urshifu, L50, F|100\/100\n|move|p2b: Whimsicott|Encore|p1a: Urshifu\n|-hint|Since gen 7, Dark is immune to Prankster moves.\n|-immune|p1a: Urshifu\n|move|p1b: Ursaluna|Blood Moon|p2a: Ogerpon\n|-damage|p2a: Ogerpon|0 fnt\n|faint|p2a: Ogerpon\n|-damage|p1b: Ursaluna|91\/100|[from] item: Life Orb\n|\n|upkeep\n|\n|t:|1738363777\n|switch|p2a: Farigiraf|Farigiraf, L50, M|100\/100\n|turn|3\n|inactive|lichuvgc has 30 seconds left.\n|inactive|CombatWombat925 has 30 seconds left.\n|inactive|lichuvgc has 20 seconds left.\n|inactive|CombatWombat925 has 20 seconds left.\n|inactive|lichuvgc has 15 seconds left.\n|\n|t:|1738363820\n|-terastallize|p2a: Farigiraf|Water\n|move|p1b: Ursaluna|Hyper Voice|p2a: Farigiraf|[spread] p2a,p2b\n|-damage|p2a: Farigiraf|42\/100\n|-damage|p2b: Whimsicott|48\/100\n|-damage|p1b: Ursaluna|81\/100|[from] item: Life Orb\n|move|p2a: Farigiraf|Foul Play|p1a: Urshifu\n|-resisted|p1a: Urshifu\n|-damage|p1a: Urshifu|93\/100\n|move|p1a: Urshifu|Close Combat|p2a: Farigiraf\n|-damage|p2a: Farigiraf|0 fnt\n|-unboost|p1a: Urshifu|def|1\n|-unboost|p1a: Urshifu|spd|1\n|faint|p2a: Farigiraf\n|move|p2b: Whimsicott|Moonblast|p1a: Urshifu\n|-supereffective|p1a: Urshifu\n|-damage|p1a: Urshifu|0 fnt\n|faint|p1a: Urshifu\n|\n|upkeep\n|\n|t:|1738363836\n|switch|p2a: Terapagos|Terapagos, L50, M|100\/100\n|switch|p1a: Calyrex|Calyrex-Ice, L50|100\/100\n|-activate|p2a: Terapagos|ability: Tera Shift\n|detailschange|p2a: Terapagos|Terapagos-Terastal, L50, M\n|-heal|p2a: Terapagos|100\/100|[silent]\n|-ability|p1a: Calyrex|As One\n|-ability|p1a: Calyrex|Unnerve\n|turn|4\n|\n|t:|1738363856\n|move|p2b: Whimsicott|Encore|p1b: Ursaluna\n|-start|p1b: Ursaluna|Encore\n|move|p1a: Calyrex|Glacial Lance|p2b: Whimsicott|[spread] p2a,p2b\n|-activate|p2a: Terapagos|ability: Tera Shell\n|-resisted|p2a: Terapagos\n|-supereffective|p2b: Whimsicott\n|-damage|p2a: Terapagos|74\/100\n|-damage|p2b: Whimsicott|0 fnt\n|faint|p2b: Whimsicott\n|-ability|p1a: Calyrex|Chilling Neigh|boost\n|-boost|p1a: Calyrex|atk|1\n|move|p1b: Ursaluna|Hyper Voice|p2a: Terapagos\n|-damage|p2a: Terapagos|18\/100\n|-damage|p1b: Ursaluna|72\/100|[from] item: Life Orb\n|move|p2a: Terapagos|Tera Starstorm|p1b: Ursaluna\n|-damage|p1b: Ursaluna|11\/100\n|\n|upkeep\n|turn|5\n|\n|t:|1738363872\n|move|p2a: Terapagos|Protect|p2a: Terapagos\n|-singleturn|p2a: Terapagos|Protect\n|move|p1a: Calyrex|Glacial Lance|p2a: Terapagos\n|-activate|p2a: Terapagos|move: Protect\n|move|p1b: Ursaluna|Hyper Voice|p2a: Terapagos\n|-activate|p2a: Terapagos|move: Protect\n|\n|-fieldend|move: Trick Room\n|upkeep\n|turn|6\n|\n|t:|1738363890\n|move|p2a: Terapagos|Meteor Beam||[still]\n|-prepare|p2a: Terapagos|Meteor Beam\n|-boost|p2a: Terapagos|spa|1\n|-enditem|p2a: Terapagos|Power Herb\n|-anim|p2a: Terapagos|Meteor Beam|p1a: Calyrex\n|-supereffective|p1a: Calyrex\n|-damage|p1a: Calyrex|24\/100\n|move|p1b: Ursaluna|Hyper Voice|p2a: Terapagos\n|-crit|p2a: Terapagos\n|-damage|p2a: Terapagos|0 fnt\n|faint|p2a: Terapagos\n|-damage|p1b: Ursaluna|2\/100|[from] item: Life Orb\n|\n|win|lichuvgc\n|raw|lichuvgc's rating: 1621 &rarr; <strong>1642<\/strong><br \/>(+21 for winning)\n|raw|CombatWombat925's rating: 1641 &rarr; <strong>1620<\/strong><br \/>(-21 for losing)\n|l|\u2606CombatWombat925\n|player|p2|\n|l|\u2606lichuvgc\n|player|p1|\n","uploadtime":1738364025,"views":13,"formatid":"gen9vgc2025regg","rating":1620,"private":0,"password":null}