{"id":"gen9vgc2025regg-2292791310","format":"[Gen 9] VGC 2025 Reg G","players":["eriksp","Bougie Oatmeal"],"log":"|j|\u2606eriksp\n|j|\u2606Bougie Oatmeal\n|t:|1738470395\n|gametype|doubles\n|player|p1|eriksp|volkner-masters|1595\n|player|p2|Bougie Oatmeal|rowan|1504\n|teamsize|p1|6\n|teamsize|p2|6\n|gen|9\n|tier|[Gen 9] VGC 2025 Reg G\n|rated|\n|rule|Species Clause: Limit one of each Pok\u00e9mon\n|rule|Item Clause: Limit 1 of each item\n|clearpoke\n|poke|p1|Ogerpon-Hearthflame, L50, F|\n|poke|p1|Landorus, L50, M|\n|poke|p1|Roaring Moon, L50|\n|poke|p1|Urshifu-*, L50, M|\n|poke|p1|Amoonguss, L50, M|\n|poke|p1|Calyrex-Ice, L50|\n|poke|p2|Calyrex-Shadow, L50|\n|poke|p2|Indeedee-F, L50, F|\n|poke|p2|Ogerpon-Hearthflame, L50, F|\n|poke|p2|Iron Jugulis, L50|\n|poke|p2|Iron Hands, L50|\n|poke|p2|Urshifu-*, L50, M|\n|teampreview|4\n|inactive|Battle timer is ON: inactive players will automatically lose when time's up. (requested by Bougie Oatmeal)\neriksp has agreed to open team sheets.\nBougie Oatmeal has agreed to open team sheets.\n|showteam|p1|Ogerpon-Hearthflame||HearthflameMask|MoldBreaker|IvyCudgel,HornLeech,SpikyShield,FollowMe|||F|||50|,,,,,Fire]Landorus||LifeOrb|SheerForce|EarthPower,SandsearStorm,SludgeBomb,Protect|||M|||50|,,,,,Water]Roaring Moon||BoosterEnergy|Protosynthesis|Acrobatics,KnockOff,Tailwind,Protect||||||50|,,,,,Flying]Urshifu-Rapid-Strike||MysticWater|UnseenFist|SurgingStrikes,CloseCombat,Taunt,Detect|||M|||50|,,,,,Water]Amoonguss||CovertCloak|Regenerator|Spore,PollenPuff,Protect,RagePowder|||M|||50|,,,,,Water]Calyrex-Ice||ClearAmulet|AsOneGlastrier|GlacialLance,HighHorsepower,TrickRoom,Protect||||||50|,,,,,Fairy\n|showteam|p2|Calyrex-Shadow||FocusSash|AsOneSpectrier|AstralBarrage,ExpandingForce,NastyPlot,Protect||||||50|,,,,,Ghost]Indeedee-F||PsychicSeed|PsychicSurge|Psyshock,FollowMe,TrickRoom,Imprison|||F|||50|,,,,,Fairy]Ogerpon-Hearthflame||HearthflameMask|MoldBreaker|IvyCudgel,HornLeech,FollowMe,SpikyShield|||F|||50|,,,,,Fire]Iron Jugulis||BoosterEnergy|QuarkDrive|AirSlash,Snarl,Tailwind,Protect||||||50|,,,,,Poison]Iron Hands||AssaultVest|QuarkDrive|WildCharge,DrainPunch,HeavySlam,FakeOut||||||50|,,,,,Grass]Urshifu-Rapid-Strike||ChoiceScarf|UnseenFist|SurgingStrikes,CloseCombat,IceSpinner,Uturn|||M|||50|,,,,,Water\n|inactive|Bougie Oatmeal has 30 seconds left.\n|\n|t:|1738470429\n|start\n|switch|p1a: Roaring Moon|Roaring Moon, L50|100\/100\n|switch|p1b: Urshifu|Urshifu-Rapid-Strike, L50, M|100\/100\n|switch|p2a: Proshokza|Iron Hands, L50|100\/100\n|switch|p2b: Hallothreen|Iron Jugulis, L50|100\/100\n|-enditem|p1a: Roaring Moon|Booster Energy\n|-activate|p1a: Roaring Moon|ability: Protosynthesis|[fromitem]\n|-start|p1a: Roaring Moon|protosynthesisspe\n|-enditem|p2b: Hallothreen|Booster Energy\n|-activate|p2b: Hallothreen|ability: Quark Drive|[fromitem]\n|-start|p2b: Hallothreen|quarkdrivespe\n|turn|1\n|\n|t:|1738470452\n|move|p1a: Roaring Moon|Tailwind|p1a: Roaring Moon\n|-sidestart|p1: eriksp|move: Tailwind\n|move|p1b: Urshifu|Taunt|p2b: Hallothreen\n|-start|p2b: Hallothreen|move: Taunt\n|cant|p2b: Hallothreen|move: Taunt|Tailwind\n|move|p2a: Proshokza|Drain Punch|p1a: Roaring Moon\n|-supereffective|p1a: Roaring Moon\n|-crit|p1a: Roaring Moon\n|-damage|p1a: Roaring Moon|0 fnt\n|faint|p1a: Roaring Moon\n|-end|p1a: Roaring Moon|Protosynthesis|[silent]\n|\n|upkeep\n|\n|t:|1738470460\n|switch|p1a: Landorus|Landorus, L50, M|100\/100\n|turn|2\n|\n|t:|1738470480\n|-terastallize|p2a: Proshokza|Grass\n|move|p1b: Urshifu|Detect|p1b: Urshifu\n|-singleturn|p1b: Urshifu|Protect\n|move|p1a: Landorus|Earth Power|p2a: Proshokza\n|-resisted|p2a: Proshokza\n|-damage|p2a: Proshokza|79\/100\n|move|p2b: Hallothreen|Air Slash|p1b: Urshifu\n|-activate|p1b: Urshifu|move: Protect\n|move|p2a: Proshokza|Heavy Slam|p1b: Urshifu\n|-activate|p1b: Urshifu|move: Protect\n|\n|upkeep\n|turn|3\n|\n|t:|1738470502\n|-terastallize|p1b: Urshifu|Water\n|move|p1a: Landorus|Sludge Bomb|p2a: Proshokza\n|-supereffective|p2a: Proshokza\n|-damage|p2a: Proshokza|26\/100\n|move|p1b: Urshifu|Surging Strikes|p2b: Hallothreen\n|-crit|p2b: Hallothreen\n|-damage|p2b: Hallothreen|66\/100\n|-crit|p2b: Hallothreen\n|-damage|p2b: Hallothreen|33\/100\n|-crit|p2b: Hallothreen\n|-damage|p2b: Hallothreen|0 fnt\n|faint|p2b: Hallothreen\n|-end|p2b: Hallothreen|Quark Drive|[silent]\n|-hitcount|p2: Hallothreen|3\n|move|p2a: Proshokza|Wild Charge|p1b: Urshifu\n|-supereffective|p1b: Urshifu\n|-damage|p1b: Urshifu|23\/100\n|-damage|p2a: Proshokza|11\/100|[from] Recoil\n|\n|upkeep\n|\n|t:|1738470516\n|switch|p2b: Arizona|Ogerpon-Hearthflame, L50, F|100\/100\n|-ability|p2b: Arizona|Mold Breaker\n|turn|4\n|\n|t:|1738470524\n|move|p2b: Arizona|Spiky Shield|p2b: Arizona\n|-singleturn|p2b: Arizona|move: Protect\n|move|p1a: Landorus|Sandsear Storm|p2a: Proshokza|[spread] p2a\n|-activate|p2b: Arizona|move: Protect\n|-resisted|p2a: Proshokza\n|-damage|p2a: Proshokza|0 fnt\n|faint|p2a: Proshokza\n|-end|p2a: Proshokza|Quark Drive|[silent]\n|move|p1b: Urshifu|Surging Strikes|p2b: Arizona\n|-crit|p2b: Arizona\n|-damage|p2b: Arizona|64\/100\n|-crit|p2b: Arizona\n|-damage|p2b: Arizona|27\/100\n|-crit|p2b: Arizona\n|-damage|p2b: Arizona|0 fnt\n|faint|p2b: Arizona\n|-hitcount|p2: Arizona|3\n|\n|-sideend|p1: eriksp|move: Tailwind\n|upkeep\n|c|\u2606Bougie Oatmeal|oh\n|\n|t:|1738470533\n|switch|p2b: Zoroastre|Calyrex-Shadow, L50|100\/100\n|-ability|p2b: Zoroastre|As One\n|-ability|p2b: Zoroastre|Unnerve\n|turn|5\n|c|\u2606Bougie Oatmeal|I didn't think of that\n|\n|t:|1738470541\n|move|p1b: Urshifu|Detect|p1b: Urshifu\n|-singleturn|p1b: Urshifu|Protect\n|move|p2b: Zoroastre|Astral Barrage|p1a: Landorus|[spread] p1a\n|-activate|p1b: Urshifu|move: Protect\n|-damage|p1a: Landorus|44\/100\n|move|p1a: Landorus|Earth Power|p2b: Zoroastre\n|-damage|p2b: Zoroastre|23\/100\n|\n|upkeep\n|turn|6\n|\n|t:|1738470546\n|move|p2b: Zoroastre|Astral Barrage|p1a: Landorus|[spread] p1a,p1b\n|-damage|p1a: Landorus|0 fnt\n|-damage|p1b: Urshifu|0 fnt\n|faint|p1a: Landorus\n|faint|p1b: Urshifu\n|-ability|p2b: Zoroastre|Grim Neigh|boost\n|-boost|p2b: Zoroastre|spa|2\n|\n|upkeep\n|\n|t:|1738470548\n|switch|p1b: Ogerpon|Ogerpon-Hearthflame, L50, F|100\/100\n|-ability|p1b: Ogerpon|Mold Breaker\n|turn|7\n|c|\u2606eriksp|gg\n|c|\u2606Bougie Oatmeal|but I still win!\n|c|\u2606Bougie Oatmeal|I think\n|\n|t:|1738470561\n|move|p2b: Zoroastre|Astral Barrage|p1b: Ogerpon\n|-damage|p1b: Ogerpon|0 fnt\n|faint|p1b: Ogerpon\n|\n|win|Bougie Oatmeal\n|raw|eriksp's rating: 1595 &rarr; <strong>1570<\/strong><br \/>(-25 for losing)\n|raw|Bougie Oatmeal's rating: 1504 &rarr; <strong>1529<\/strong><br \/>(+25 for winning)\n|l|\u2606eriksp\n|player|p1|\n|j|\u2606eriksp\n|player|p1|eriksp|volkner-masters|\n|l|\u2606eriksp\n|player|p1|\n|l|\u2606Bougie Oatmeal\n|player|p2|\n","uploadtime":1738470566,"views":117,"formatid":"gen9vgc2025regg","rating":1529,"private":0,"password":null}