{"id":"gen9vgc2025regg-2292638635","format":"[Gen 9] VGC 2025 Reg G","players":["snipedrone","Hanou143"],"log":"|j|\u2606snipedrone\n|j|\u2606Hanou143\n|t:|1738448988\n|gametype|doubles\n|player|p1|snipedrone|265|1636\n|player|p2|Hanou143|2|1671\n|teamsize|p1|6\n|teamsize|p2|6\n|gen|9\n|tier|[Gen 9] VGC 2025 Reg G\n|rated|\n|rule|Species Clause: Limit one of each Pok\u00e9mon\n|rule|Item Clause: Limit 1 of each item\n|clearpoke\n|poke|p1|Groudon, L50|\n|poke|p1|Jumpluff, L50, M|\n|poke|p1|Flutter Mane, L50|\n|poke|p1|Raging Bolt, L50|\n|poke|p1|Raichu, L50, M|\n|poke|p1|Urshifu-*, L50, M|\n|poke|p2|Calyrex-Shadow, L50|\n|poke|p2|Jigglypuff, L50, F|\n|poke|p2|Pelipper, L50, F|\n|poke|p2|Rillaboom, L50, M|\n|poke|p2|Incineroar, L50, M|\n|poke|p2|Urshifu-*, L50, M|\n|teampreview|4\n|inactive|Battle timer is ON: inactive players will automatically lose when time's up. (requested by Hanou143)\n|inactive|snipedrone has 60 seconds left.\n|\n|t:|1738449078\n|start\n|switch|p1a: Raichu|Raichu, L50, M, shiny|100\/100\n|switch|p1b: Jumpluff|Jumpluff, L50, M, shiny|100\/100\n|switch|p2a: Calyrex|Calyrex-Shadow, L50|100\/100\n|switch|p2b: Incineroar|Incineroar, L50, M|100\/100\n|-ability|p2a: Calyrex|As One\n|-ability|p2a: Calyrex|Unnerve\n|-ability|p2b: Incineroar|Intimidate|boost\n|-unboost|p1a: Raichu|atk|1\n|-unboost|p1b: Jumpluff|atk|1\n|turn|1\n|\n|t:|1738449101\n|switch|p1a: Groudon|Groudon, L50, shiny|100\/100\n|-weather|SunnyDay|[from] ability: Drought|[of] p1a: Groudon\n|move|p2a: Calyrex|Protect|p2a: Calyrex\n|-singleturn|p2a: Calyrex|Protect\n|move|p1b: Jumpluff|Sleep Powder|p2a: Calyrex\n|-activate|p2a: Calyrex|move: Protect\n|move|p2b: Incineroar|Flare Blitz|p1b: Jumpluff\n|-supereffective|p1b: Jumpluff\n|-damage|p1b: Jumpluff|0 fnt\n|faint|p1b: Jumpluff\n|-damage|p2b: Incineroar|65\/100|[from] Recoil\n|\n|-weather|SunnyDay|[upkeep]\n|upkeep\n|\n|t:|1738449116\n|switch|p1b: Raichu|Raichu, L50, M, shiny|100\/100\n|turn|2\n|\n|t:|1738449138\n|switch|p2a: Pelipper|Pelipper, L50, F|100\/100\n|-weather|RainDance|[from] ability: Drizzle|[of] p2a: Pelipper\n|-terastallize|p1a: Groudon|Fire\n|-terastallize|p2b: Incineroar|Grass\n|move|p1b: Raichu|Nuzzle|p2a: Pelipper\n|-supereffective|p2a: Pelipper\n|-damage|p2a: Pelipper|77\/100\n|-status|p2a: Pelipper|par\n|move|p1a: Groudon|Heat Wave|p2b: Incineroar|[spread] p2a,p2b\n|-resisted|p2a: Pelipper\n|-supereffective|p2b: Incineroar\n|-damage|p2a: Pelipper|60\/100 par\n|-damage|p2b: Incineroar|16\/100\n|-enditem|p2b: Incineroar|Sitrus Berry|[eat]\n|-heal|p2b: Incineroar|41\/100|[from] item: Sitrus Berry\n|move|p2b: Incineroar|Knock Off|p1a: Groudon\n|-damage|p1a: Groudon|68\/100\n|-enditem|p1a: Groudon|Choice Specs|[from] move: Knock Off|[of] p2b: Incineroar\n|\n|-weather|RainDance|[upkeep]\n|upkeep\n|turn|3\n|inactive|snipedrone has 30 seconds left.\n|inactive|Hanou143 has 30 seconds left.\n|inactive|snipedrone has 20 seconds left.\n|inactive|snipedrone has 15 seconds left.\n|\n|t:|1738449180\n|switch|p1a: Raging Bolt|Raging Bolt, L50|100\/100\n|switch|p2b: Calyrex|Calyrex-Shadow, L50|100\/100\n|-ability|p2b: Calyrex|As One\n|-ability|p2b: Calyrex|Unnerve\n|switch|p2a: Jigglypuff|Jigglypuff, L50, F|100\/100\n|move|p1b: Raichu|Volt Switch|p2a: Jigglypuff\n|-damage|p2a: Jigglypuff|79\/100\n|\n|t:|1738449191\n|switch|p1b: Groudon|Groudon, L50, shiny, tera:Fire|68\/100|[from] Volt Switch\n|-weather|SunnyDay|[from] ability: Drought|[of] p1b: Groudon\n|-activate|p1a: Raging Bolt|ability: Protosynthesis\n|-start|p1a: Raging Bolt|protosynthesisspa\n|\n|-weather|SunnyDay|[upkeep]\n|upkeep\n|turn|4\n|\n|t:|1738449213\n|switch|p2a: Incineroar|Incineroar, L50, M, tera:Grass|41\/100\n|-ability|p2a: Incineroar|Intimidate|boost\n|-unboost|p1a: Raging Bolt|atk|1\n|-unboost|p1b: Groudon|atk|1\n|move|p2b: Calyrex|Protect|p2b: Calyrex\n|-singleturn|p2b: Calyrex|Protect\n|move|p1a: Raging Bolt|Thunderbolt|p2b: Calyrex\n|-activate|p2b: Calyrex|move: Protect\n|move|p1b: Groudon|Heat Wave|p2a: Incineroar|[spread] \n|-activate|p2b: Calyrex|move: Protect\n|-miss|p1b: Groudon|p2a: Incineroar\n|\n|-weather|SunnyDay|[upkeep]\n|upkeep\n|turn|5\n|inactive|snipedrone has 30 seconds left.\n|\n|t:|1738449243\n|switch|p1b: Raichu|Raichu, L50, M, shiny|100\/100\n|move|p2a: Incineroar|Fake Out|p1a: Raging Bolt\n|-damage|p1a: Raging Bolt|87\/100\n|move|p2b: Calyrex|Calm Mind|p2b: Calyrex\n|-boost|p2b: Calyrex|spa|1\n|-boost|p2b: Calyrex|spd|1\n|cant|p1a: Raging Bolt|flinch\n|\n|-weather|SunnyDay|[upkeep]\n|upkeep\n|turn|6\n|inactive|snipedrone has 30 seconds left.\n|inactive|Hanou143 has 30 seconds left.\n|\n|t:|1738449275\n|move|p1b: Raichu|Nuzzle|p2b: Calyrex\n|-damage|p2b: Calyrex|96\/100\n|move|p2b: Calyrex|Astral Barrage|p1b: Raichu|[spread] p1a,p1b\n|-damage|p1a: Raging Bolt|19\/100\n|-damage|p1b: Raichu|43\/100\n|move|p1a: Raging Bolt|Draco Meteor|p2b: Calyrex\n|-damage|p2b: Calyrex|26\/100\n|-unboost|p1a: Raging Bolt|spa|2\n|-damage|p1a: Raging Bolt|9\/100|[from] item: Life Orb\n|move|p2a: Incineroar|Knock Off|p1b: Raichu\n|-damage|p1b: Raichu|0 fnt\n|-enditem|p1b: Raichu|Assault Vest|[from] move: Knock Off|[of] p2a: Incineroar\n|faint|p1b: Raichu\n|\n|-weather|SunnyDay|[upkeep]\n|upkeep\n|\n|t:|1738449283\n|switch|p1b: Groudon|Groudon, L50, shiny, tera:Fire|68\/100\n|turn|7\n|\n|t:|1738449299\n|switch|p2a: Jigglypuff|Jigglypuff, L50, F|79\/100\n|move|p1a: Raging Bolt|Thunderclap|p2b: Calyrex\n|-damage|p2b: Calyrex|11\/100\n|-damage|p1a: Raging Bolt|0 fnt|[from] item: Life Orb\n|faint|p1a: Raging Bolt\n|-end|p1a: Raging Bolt|Protosynthesis|[silent]\n|move|p2b: Calyrex|Astral Barrage|p1b: Groudon\n|-damage|p1b: Groudon|0 fnt\n|faint|p1b: Groudon\n|\n|win|Hanou143\n|raw|snipedrone's rating: 1636 &rarr; <strong>1618<\/strong><br \/>(-18 for losing)\n|raw|Hanou143's rating: 1671 &rarr; <strong>1689<\/strong><br \/>(+18 for winning)\n|l|\u2606snipedrone\n|player|p1|\n|l|\u2606Hanou143\n|player|p2|\n","uploadtime":1738449439,"views":17,"formatid":"gen9vgc2025regg","rating":1618,"private":0,"password":null}