{"id":"gen9vgc2025regg-2292077795","format":"[Gen 9] VGC 2025 Reg G","players":["DimensionalFool","juanessamal"],"log":"|j|\u203dDimensionalFool\n|j|\u2606juanessamal\n|t:|1738361565\n|gametype|doubles\n|player|p1|DimensionalFool|steven|1594\n|player|p2|juanessamal|170|1631\n|teamsize|p1|6\n|teamsize|p2|6\n|gen|9\n|tier|[Gen 9] VGC 2025 Reg G\n|rated|\n|rule|Species Clause: Limit one of each Pok\u00e9mon\n|rule|Item Clause: Limit 1 of each item\n|clearpoke\n|poke|p1|Grimmsnarl, L50, M|\n|poke|p1|Landorus, L50, M|\n|poke|p1|Calyrex-Ice, L50|\n|poke|p1|Pelipper, L50, F|\n|poke|p1|Urshifu-*, L50, F|\n|poke|p1|Rillaboom, L50, F|\n|poke|p2|Sableye, L50, M|\n|poke|p2|Iron Valiant, L50|\n|poke|p2|Smeargle, L50, M|\n|poke|p2|Groudon, L50|\n|poke|p2|Tornadus, L50, M|\n|poke|p2|Chi-Yu, L50|\n|teampreview|4\n|inactive|Battle timer is ON: inactive players will automatically lose when time's up. (requested by DimensionalFool)\n|j| PoggibonsiCity\n|\n|t:|1738361589\n|start\n|switch|p1a: Calyrex|Calyrex-Ice, L50|100\/100\n|switch|p1b: Urshifu|Urshifu-Rapid-Strike, L50, F|100\/100\n|switch|p2a: Sableye|Sableye, L50, M|100\/100\n|switch|p2b: Iron Valiant|Iron Valiant, L50|100\/100\n|-ability|p1a: Calyrex|As One\n|-ability|p1a: Calyrex|Unnerve\n|-enditem|p2b: Iron Valiant|Booster Energy\n|-activate|p2b: Iron Valiant|ability: Quark Drive|[fromitem]\n|-start|p2b: Iron Valiant|quarkdrivespe\n|turn|1\n|\n|t:|1738361605\n|switch|p1a: Pelipper|Pelipper, L50, F|100\/100\n|-weather|RainDance|[from] ability: Drizzle|[of] p1a: Pelipper\n|-terastallize|p1b: Urshifu|Ghost\n|move|p2a: Sableye|Gravity|p2a: Sableye\n|-fieldstart|move: Gravity\n|move|p2b: Iron Valiant|Hypnosis|p1b: Urshifu\n|-status|p1b: Urshifu|slp|[from] move: Hypnosis\n|cant|p1b: Urshifu|slp\n|\n|-weather|RainDance|[upkeep]\n|upkeep\n|turn|2\n|\n|t:|1738361621\n|switch|p2a: Groudon|Groudon, L50, shiny|100\/100\n|-weather|SunnyDay|[from] ability: Drought|[of] p2a: Groudon\n|move|p2b: Iron Valiant|Hypnosis|p1a: Pelipper\n|-status|p1a: Pelipper|slp|[from] move: Hypnosis\n|-curestatus|p1b: Urshifu|slp|[msg]\n|move|p1b: Urshifu|Surging Strikes|p2b: Iron Valiant\n|-crit|p2b: Iron Valiant\n|-damage|p2b: Iron Valiant|86\/100\n|-crit|p2b: Iron Valiant\n|-damage|p2b: Iron Valiant|72\/100\n|-crit|p2b: Iron Valiant\n|-damage|p2b: Iron Valiant|58\/100\n|-hitcount|p2b: Iron Valiant|3\n|cant|p1a: Pelipper|slp\n|\n|-weather|SunnyDay|[upkeep]\n|upkeep\n|turn|3\n|\n|t:|1738361639\n|switch|p1a: Landorus|Landorus, L50, M|100\/100\n|move|p2b: Iron Valiant|Hypnosis|p1b: Urshifu\n|-status|p1b: Urshifu|slp|[from] move: Hypnosis\n|cant|p1b: Urshifu|slp\n|move|p2a: Groudon|Swords Dance|p2a: Groudon\n|-boost|p2a: Groudon|atk|2\n|\n|-weather|SunnyDay|[upkeep]\n|upkeep\n|turn|4\n|inactive|juanessamal has 30 seconds left.\n|\n|t:|1738361667\n|switch|p1b: Pelipper|Pelipper, L50, F|100\/100 slp\n|-weather|RainDance|[from] ability: Drizzle|[of] p1b: Pelipper\n|move|p1a: Landorus|Protect|p1a: Landorus\n|-singleturn|p1a: Landorus|Protect\n|move|p2b: Iron Valiant|Hypnosis|p1a: Landorus\n|-activate|p1a: Landorus|move: Protect\n|move|p2a: Groudon|Precipice Blades|p1a: Landorus|[spread] p1b\n|-activate|p1a: Landorus|move: Protect\n|-enditem|p1b: Pelipper|Focus Sash\n|-damage|p1b: Pelipper|1\/100 slp\n|-damage|p2a: Groudon|91\/100|[from] item: Life Orb\n|\n|-weather|RainDance|[upkeep]\n|upkeep\n|turn|5\n|\n|t:|1738361690\n|switch|p1a: Urshifu|Urshifu-Rapid-Strike, L50, F, tera:Ghost|100\/100 slp\n|move|p2b: Iron Valiant|Hypnosis|p1a: Urshifu\n|-fail|p1a: Urshifu|slp\n|move|p2a: Groudon|Precipice Blades|p1b: Pelipper|[spread] p1a,p1b\n|-damage|p1a: Urshifu|0 fnt\n|-damage|p1b: Pelipper|0 fnt\n|faint|p1a: Urshifu\n|faint|p1b: Pelipper\n|-damage|p2a: Groudon|81\/100|[from] item: Life Orb\n|\n|-weather|RainDance|[upkeep]\n|-fieldend|move: Gravity\n|upkeep\n|\n|t:|1738361697\n|switch|p1a: Calyrex|Calyrex-Ice, L50|100\/100\n|switch|p1b: Landorus|Landorus, L50, M|100\/100\n|-ability|p1a: Calyrex|As One\n|-ability|p1a: Calyrex|Unnerve\n|turn|6\n|\n|t:|1738361710\n|move|p2b: Iron Valiant|Hypnosis|p1a: Calyrex|[miss]\n|-miss|p2b: Iron Valiant|p1a: Calyrex\n|move|p1b: Landorus|Earth Power|p2b: Iron Valiant\n|-crit|p2b: Iron Valiant\n|-damage|p2b: Iron Valiant|0 fnt\n|faint|p2b: Iron Valiant\n|-end|p2b: Iron Valiant|Quark Drive|[silent]\n|move|p2a: Groudon|Precipice Blades|p1a: Calyrex|[spread] p1a\n|-immune|p1b: Landorus\n|-damage|p1a: Calyrex|16\/100\n|-damage|p2a: Groudon|72\/100|[from] item: Life Orb\n|move|p1a: Calyrex|Glacial Lance|p2a: Groudon\n|-supereffective|p2a: Groudon\n|-damage|p2a: Groudon|0 fnt\n|faint|p2a: Groudon\n|-ability|p1a: Calyrex|Chilling Neigh|boost\n|-boost|p1a: Calyrex|atk|1\n|\n|-weather|RainDance|[upkeep]\n|upkeep\n|\n|t:|1738361728\n|switch|p2b: Sableye|Sableye, L50, M|100\/100\n|switch|p2a: Tornadus|Tornadus, L50, M|100\/100\n|turn|7\n|\n|t:|1738361739\n|move|p2b: Sableye|Encore|p1b: Landorus\n|-start|p1b: Landorus|Encore\n|move|p1b: Landorus|Earth Power|p2b: Sableye\n|-damage|p2b: Sableye|18\/100\n|move|p2a: Tornadus|Bleakwind Storm|p1b: Landorus|[spread] p1a,p1b\n|-damage|p1a: Calyrex|0 fnt\n|-damage|p1b: Landorus|49\/100\n|faint|p1a: Calyrex\n|\n|-weather|RainDance|[upkeep]\n|upkeep\n|turn|8\n|\n|t:|1738361751\n|move|p2b: Sableye|Disable|p1b: Landorus\n|-start|p1b: Landorus|Disable|Earth Power\n|cant|p1b: Landorus|Disable|Earth Power\n|move|p2a: Tornadus|Bleakwind Storm|p1b: Landorus\n|-damage|p1b: Landorus|0 fnt\n|faint|p1b: Landorus\n|\n|win|juanessamal\n|raw|DimensionalFool's rating: 1594 &rarr; <strong>1576<\/strong><br \/>(-18 for losing)\n|raw|juanessamal's rating: 1631 &rarr; <strong>1649<\/strong><br \/>(+18 for winning)\n|l|\u203dDimensionalFool\n|player|p1|\n|l|\u2606juanessamal\n|player|p2|\n|l| PoggibonsiCity\n","uploadtime":1738361985,"views":14,"formatid":"gen9vgc2025regg","rating":1576,"private":0,"password":null}