{"id":"gen9vgc2025regg-2292663690","format":"[Gen 9] VGC 2025 Reg G","players":["Hanou143","Lacossg"],"log":"|j|\u2606Hanou143\n|j|\u2606Lacossg\n|t:|1738452265\n|gametype|doubles\n|player|p1|Hanou143|2|1666\n|player|p2|Lacossg|265|1727\n|teamsize|p1|6\n|teamsize|p2|6\n|gen|9\n|tier|[Gen 9] VGC 2025 Reg G\n|rated|\n|rule|Species Clause: Limit one of each Pok\u00e9mon\n|rule|Item Clause: Limit 1 of each item\n|clearpoke\n|poke|p1|Calyrex-Shadow, L50|\n|poke|p1|Jigglypuff, L50, F|\n|poke|p1|Pelipper, L50, M|\n|poke|p1|Rillaboom, L50, M|\n|poke|p1|Incineroar, L50, M|\n|poke|p1|Urshifu-*, L50, M|\n|poke|p2|Ditto, L50|\n|poke|p2|Lunala, L50|\n|poke|p2|Indeedee-F, L50, F|\n|poke|p2|Roaring Moon, L50|\n|poke|p2|Urshifu-*, L50, F|\n|poke|p2|Ursaluna, L50, M|\n|teampreview|4\n|l|\u2606Lacossg\n|player|p2|\n|j|\u2606Lacossg\n|player|p2|Lacossg|265|\n|\n|t:|1738452293\n|start\n|switch|p1a: Calyrex|Calyrex-Shadow, L50|100\/100\n|switch|p1b: Incineroar|Incineroar, L50, M|100\/100\n|switch|p2a: Roaring Moon|Roaring Moon, L50|100\/100\n|switch|p2b: Lunala|Lunala, L50|100\/100\n|-ability|p1a: Calyrex|As One\n|-ability|p1a: Calyrex|Unnerve\n|-ability|p1b: Incineroar|Intimidate|boost\n|-unboost|p2a: Roaring Moon|atk|1\n|-unboost|p2b: Lunala|atk|1\n|-enditem|p2a: Roaring Moon|Booster Energy\n|-activate|p2a: Roaring Moon|ability: Protosynthesis|[fromitem]\n|-start|p2a: Roaring Moon|protosynthesisspe\n|turn|1\n|\n|t:|1738452304\n|-terastallize|p1a: Calyrex|Grass\n|-terastallize|p2b: Lunala|Fairy\n|move|p1b: Incineroar|Fake Out|p2a: Roaring Moon\n|-damage|p2a: Roaring Moon|84\/100\n|cant|p2a: Roaring Moon|flinch\n|move|p1a: Calyrex|Calm Mind|p1a: Calyrex\n|-boost|p1a: Calyrex|spa|1\n|-boost|p1a: Calyrex|spd|1\n|move|p2b: Lunala|Meteor Beam||[still]\n|-prepare|p2b: Lunala|Meteor Beam\n|-boost|p2b: Lunala|spa|1\n|-enditem|p2b: Lunala|Power Herb\n|-anim|p2b: Lunala|Meteor Beam|p1b: Incineroar\n|-supereffective|p1b: Incineroar\n|-damage|p1b: Incineroar|0 fnt\n|faint|p1b: Incineroar\n|\n|upkeep\n|\n|t:|1738452321\n|switch|p1b: Jigglypuff|Jigglypuff, L50, F|100\/100\n|turn|2\n|\n|t:|1738452330\n|move|p2a: Roaring Moon|Taunt|p1b: Jigglypuff\n|-start|p1b: Jigglypuff|move: Taunt\n|move|p1a: Calyrex|Calm Mind|p1a: Calyrex\n|-boost|p1a: Calyrex|spa|1\n|-boost|p1a: Calyrex|spd|1\n|move|p2b: Lunala|Moongeist Beam|p1a: Calyrex\n|-damage|p1a: Calyrex|65\/100\n|cant|p1b: Jigglypuff|move: Taunt|Heal Pulse\n|\n|upkeep\n|turn|3\n|\n|t:|1738452353\n|move|p2a: Roaring Moon|Knock Off|p1a: Calyrex\n|-damage|p1a: Calyrex|49\/100\n|-enditem|p1a: Calyrex|Covert Cloak|[from] move: Knock Off|[of] p2a: Roaring Moon\n|move|p1a: Calyrex|Giga Drain|p2b: Lunala\n|-damage|p2b: Lunala|67\/100\n|-heal|p1a: Calyrex|66\/100|[from] drain|[of] p2b: Lunala\n|move|p2b: Lunala|Moongeist Beam|p1a: Calyrex\n|-damage|p1a: Calyrex|27\/100\n|move|p1b: Jigglypuff|Alluring Voice|p2a: Roaring Moon\n|-supereffective|p2a: Roaring Moon\n|-damage|p2a: Roaring Moon|33\/100\n|\n|upkeep\n|turn|4\n|\n|t:|1738452368\n|move|p1a: Calyrex|Protect|p1a: Calyrex\n|-singleturn|p1a: Calyrex|Protect\n|move|p2a: Roaring Moon|Tailwind|p2a: Roaring Moon\n|-sidestart|p2: Lacossg|move: Tailwind\n|move|p2b: Lunala|Moongeist Beam|p1a: Calyrex\n|-activate|p1a: Calyrex|move: Protect\n|move|p1b: Jigglypuff|Alluring Voice|p2a: Roaring Moon\n|-supereffective|p2a: Roaring Moon\n|-damage|p2a: Roaring Moon|0 fnt\n|faint|p2a: Roaring Moon\n|-end|p2a: Roaring Moon|Protosynthesis|[silent]\n|\n|-end|p1b: Jigglypuff|move: Taunt\n|upkeep\n|\n|t:|1738452375\n|switch|p2a: Urshifu|Urshifu-Rapid-Strike, L50, F|100\/100\n|turn|5\n|\n|t:|1738452386\n|switch|p1a: Rillaboom|Rillaboom, L50, M|100\/100\n|-fieldstart|move: Grassy Terrain|[from] ability: Grassy Surge|[of] p1a: Rillaboom\n|move|p2a: Urshifu|U-turn|p1a: Rillaboom\n|-supereffective|p1a: Rillaboom\n|-damage|p1a: Rillaboom|52\/100\n|-damage|p2a: Urshifu|91\/100|[from] item: Life Orb\n|\n|t:|1738452395\n|switch|p2a: Indeedee|Indeedee-F, L50, F|100\/100|[from] U-turn\n|-fieldstart|move: Psychic Terrain|[from] ability: Psychic Surge|[of] p2a: Indeedee\n|move|p2b: Lunala|Expanding Force|p1b: Jigglypuff|[spread] p1a,p1b\n|-damage|p1a: Rillaboom|0 fnt\n|-damage|p1b: Jigglypuff|0 fnt\n|faint|p1a: Rillaboom\n|faint|p1b: Jigglypuff\n|\n|upkeep\n|-message|Hanou143 forfeited.\n|\n|win|Lacossg\n|raw|Hanou143's rating: 1666 &rarr; <strong>1649<\/strong><br \/>(-17 for losing)\n|raw|Lacossg's rating: 1727 &rarr; <strong>1744<\/strong><br \/>(+17 for winning)\n|l|\u2606Hanou143\n|player|p1|\n|l|\u2606Lacossg\n|player|p2|\n","uploadtime":1738452618,"views":32,"formatid":"gen9vgc2025regg","rating":1649,"private":0,"password":null}