{"id":"gen9vgc2025regg-2292974835","format":"[Gen 9] VGC 2025 Reg G","players":["bidoofutopia","my pony my horse"],"log":"|j|\u2606bidoofutopia\n|j|\u2606my pony my horse\n|t:|1738507008\n|gametype|doubles\n|player|p1|bidoofutopia|lucas|1646\n|player|p2|my pony my horse|unknown|1554\n|teamsize|p1|6\n|teamsize|p2|6\n|gen|9\n|tier|[Gen 9] VGC 2025 Reg G\n|rated|\n|rule|Species Clause: Limit one of each Pok\u00e9mon\n|rule|Item Clause: Limit 1 of each item\n|clearpoke\n|poke|p1|Landorus, L50, M|\n|poke|p1|Pelipper, L50, F|\n|poke|p1|Urshifu-*, L50, M|\n|poke|p1|Calyrex-Ice, L50|\n|poke|p1|Amoonguss, L50, M|\n|poke|p1|Raging Bolt, L50|\n|poke|p2|Urshifu-*, L50, M|\n|poke|p2|Kyogre, L50|\n|poke|p2|Roaring Moon, L50|\n|poke|p2|Rillaboom, L50, F|\n|poke|p2|Incineroar, L50, F|\n|poke|p2|Amoonguss, L50, M|\n|teampreview|4\n|inactive|Battle timer is ON: inactive players will automatically lose when time's up. (requested by my pony my horse)\n|inactive|bidoofutopia also wants the timer to be on.\n|inactive|bidoofutopia has 60 seconds left.\n|inactive|my pony my horse has 60 seconds left.\n|inactive|bidoofutopia has 30 seconds left.\n|inactive|bidoofutopia has 20 seconds left.\n|\n|t:|1738507079\n|start\n|switch|p1a: Calyrex|Calyrex-Ice, L50|100\/100\n|switch|p1b: Urshifu|Urshifu-Rapid-Strike, L50, M|100\/100\n|switch|p2a: Incineroar|Incineroar, L50, F|100\/100\n|switch|p2b: Kyogre|Kyogre, L50, shiny|100\/100\n|-ability|p1a: Calyrex|As One\n|-ability|p1a: Calyrex|Unnerve\n|-weather|RainDance|[from] ability: Drizzle|[of] p2b: Kyogre\n|-ability|p2a: Incineroar|Intimidate|boost\n|-unboost|p1a: Calyrex|atk|1\n|-unboost|p1b: Urshifu|atk|1\n|turn|1\n|\n|t:|1738507101\n|switch|p2a: Amoonguss|Amoonguss, L50, M|100\/100\n|switch|p1a: Raging Bolt|Raging Bolt, L50|100\/100\n|move|p1b: Urshifu|Surging Strikes|p2a: Amoonguss\n|-resisted|p2a: Amoonguss\n|-crit|p2a: Amoonguss\n|-damage|p2a: Amoonguss|86\/100\n|-damage|p1b: Urshifu|84\/100|[from] item: Rocky Helmet|[of] p2a: Amoonguss\n|-resisted|p2a: Amoonguss\n|-crit|p2a: Amoonguss\n|-damage|p2a: Amoonguss|69\/100\n|-damage|p1b: Urshifu|67\/100|[from] item: Rocky Helmet|[of] p2a: Amoonguss\n|-resisted|p2a: Amoonguss\n|-crit|p2a: Amoonguss\n|-damage|p2a: Amoonguss|55\/100\n|-damage|p1b: Urshifu|51\/100|[from] item: Rocky Helmet|[of] p2a: Amoonguss\n|-hitcount|p2a: Amoonguss|3\n|move|p2b: Kyogre|Origin Pulse|p1a: Raging Bolt|[spread] p1a\n|-miss|p2b: Kyogre|p1b: Urshifu\n|-resisted|p1a: Raging Bolt\n|-damage|p1a: Raging Bolt|81\/100\n|\n|-weather|RainDance|[upkeep]\n|upkeep\n|turn|2\n|inactive|my pony my horse has 30 seconds left.\n|j| Therazer456\n|inactive|bidoofutopia has 30 seconds left.\n|\n|t:|1738507132\n|-terastallize|p2b: Kyogre|Grass\n|move|p1b: Urshifu|Detect|p1b: Urshifu\n|-singleturn|p1b: Urshifu|Protect\n|move|p2b: Kyogre|Calm Mind|p2b: Kyogre\n|-boost|p2b: Kyogre|spa|1\n|-boost|p2b: Kyogre|spd|1\n|move|p1a: Raging Bolt|Draco Meteor|p2a: Amoonguss\n|-crit|p2a: Amoonguss\n|-damage|p2a: Amoonguss|0 fnt\n|-unboost|p1a: Raging Bolt|spa|2\n|faint|p2a: Amoonguss\n|\n|-weather|RainDance|[upkeep]\n|upkeep\n|\n|t:|1738507155\n|switch|p2a: Rillaboom|Rillaboom, L50, F|100\/100\n|-fieldstart|move: Grassy Terrain|[from] ability: Grassy Surge|[of] p2a: Rillaboom\n|turn|3\n|\n|t:|1738507174\n|switch|p1b: Amoonguss|Amoonguss, L50, M|100\/100\n|move|p2a: Rillaboom|U-turn|p1a: Raging Bolt\n|-damage|p1a: Raging Bolt|64\/100\n|\n|t:|1738507179\n|switch|p2a: Incineroar|Incineroar, L50, F|100\/100|[from] U-turn\n|-ability|p2a: Incineroar|Intimidate|boost\n|-unboost|p1a: Raging Bolt|atk|1\n|-unboost|p1b: Amoonguss|atk|1\n|move|p2b: Kyogre|Calm Mind|p2b: Kyogre\n|-boost|p2b: Kyogre|spa|1\n|-boost|p2b: Kyogre|spd|1\n|move|p1a: Raging Bolt|Snarl|p2b: Kyogre|[spread] p2a\n|-miss|p1a: Raging Bolt|p2b: Kyogre\n|-resisted|p2a: Incineroar\n|-damage|p2a: Incineroar|97\/100\n|-unboost|p2a: Incineroar|spa|1\n|\n|-weather|RainDance|[upkeep]\n|-heal|p2a: Incineroar|100\/100|[from] Grassy Terrain\n|-heal|p1a: Raging Bolt|71\/100|[from] Grassy Terrain\n|upkeep\n|turn|4\n|inactive|bidoofutopia has 30 seconds left.\n|\n|t:|1738507207\n|-end|p1a: Raging Bolt|Protosynthesis|[silent]\n|switch|p1a: Calyrex|Calyrex-Ice, L50|100\/100\n|-ability|p1a: Calyrex|As One\n|-ability|p1a: Calyrex|Unnerve\n|-terastallize|p1b: Amoonguss|Water\n|move|p2a: Incineroar|Fake Out|p1a: Calyrex\n|-damage|p1a: Calyrex|93\/100\n|move|p2b: Kyogre|Ice Beam|p1b: Amoonguss\n|-resisted|p1b: Amoonguss\n|-damage|p1b: Amoonguss|71\/100\n|move|p1b: Amoonguss|Clear Smog|p2b: Kyogre\n|-supereffective|p2b: Kyogre\n|-damage|p2b: Kyogre|88\/100\n|-clearboost|p2b: Kyogre\n|\n|-weather|RainDance|[upkeep]\n|-heal|p2b: Kyogre|94\/100|[from] Grassy Terrain\n|-heal|p2b: Kyogre|100\/100|[from] item: Leftovers\n|-heal|p1a: Calyrex|99\/100|[from] Grassy Terrain\n|-heal|p1b: Amoonguss|77\/100|[from] Grassy Terrain\n|upkeep\n|turn|5\n|inactive|bidoofutopia has 30 seconds left.\n|\n|t:|1738507234\n|switch|p1b: Urshifu|Urshifu-Rapid-Strike, L50, M|51\/100\n|move|p2b: Kyogre|Origin Pulse|p1b: Urshifu|[spread] p1a,p1b\n|-resisted|p1b: Urshifu\n|-crit|p1b: Urshifu\n|-damage|p1a: Calyrex|52\/100\n|-damage|p1b: Urshifu|0 fnt\n|faint|p1b: Urshifu\n|move|p2a: Incineroar|Knock Off|p1a: Calyrex\n|-supereffective|p1a: Calyrex\n|-damage|p1a: Calyrex|4\/100\n|-enditem|p1a: Calyrex|Never-Melt Ice|[from] move: Knock Off|[of] p2a: Incineroar\n|move|p1a: Calyrex|High Horsepower|p2a: Incineroar\n|-supereffective|p2a: Incineroar\n|-damage|p2a: Incineroar|23\/100\n|\n|-weather|none\n|-heal|p2a: Incineroar|29\/100|[from] Grassy Terrain\n|-heal|p1a: Calyrex|10\/100|[from] Grassy Terrain\n|upkeep\n|inactive|bidoofutopia has 30 seconds left.\n|inactive|bidoofutopia has 20 seconds left.\n|inactive|bidoofutopia has 15 seconds left.\n|\n|t:|1738507277\n|switch|p1b: Raging Bolt|Raging Bolt, L50|71\/100\n|turn|6\n|\n|t:|1738507298\n|move|p2b: Kyogre|Origin Pulse|p1b: Raging Bolt|[spread] p1a,p1b\n|-resisted|p1b: Raging Bolt\n|-damage|p1a: Calyrex|0 fnt\n|-damage|p1b: Raging Bolt|58\/100\n|faint|p1a: Calyrex\n|move|p2a: Incineroar|Parting Shot|p1b: Raging Bolt\n|-unboost|p1b: Raging Bolt|atk|1\n|-unboost|p1b: Raging Bolt|spa|1\n|\n|t:|1738507301\n|switch|p2a: Rillaboom|Rillaboom, L50, F|100\/100|[from] Parting Shot\n|move|p1b: Raging Bolt|Thunderbolt|p2a: Rillaboom\n|-resisted|p2a: Rillaboom\n|-damage|p2a: Rillaboom|88\/100\n|\n|-heal|p2a: Rillaboom|94\/100|[from] Grassy Terrain\n|-heal|p1b: Raging Bolt|64\/100|[from] Grassy Terrain\n|upkeep\n|-message|bidoofutopia forfeited.\n|\n|win|my pony my horse\n|raw|bidoofutopia's rating: 1646 &rarr; <strong>1621<\/strong><br \/>(-25 for losing)\n|raw|my pony my horse's rating: 1554 &rarr; <strong>1579<\/strong><br \/>(+25 for winning)\n|l|\u2606bidoofutopia\n|player|p1|\n|c|\u2606my pony my horse|Gg\n|l| Therazer456\n|l|\u2606my pony my horse\n|player|p2|\n","uploadtime":1738507314,"views":41,"formatid":"gen9vgc2025regg","rating":1579,"private":0,"password":null}