{"id":"gen9vgc2025regg-2292722396","format":"[Gen 9] VGC 2025 Reg G","players":["FireYeti07","cobalt_poke"],"log":"|j|\u2606FireYeti07\n|j|\u2606cobalt_poke\n|t:|1738460307\n|gametype|doubles\n|player|p1|FireYeti07|hilbert|1512\n|player|p2|cobalt_poke|101|1692\n|teamsize|p1|6\n|teamsize|p2|6\n|gen|9\n|tier|[Gen 9] VGC 2025 Reg G\n|rated|\n|rule|Species Clause: Limit one of each Pok\u00e9mon\n|rule|Item Clause: Limit 1 of each item\n|clearpoke\n|poke|p1|Slowpoke, L50, M|\n|poke|p1|Calyrex-Ice, L50|\n|poke|p1|Ogerpon-Cornerstone, L50, F|\n|poke|p1|Urshifu-*, L50, F|\n|poke|p1|Rillaboom, L50, F|\n|poke|p1|Ursaluna-Bloodmoon, L50, M|\n|poke|p2|Weezing-Galar, L50, F|\n|poke|p2|Calyrex-Shadow, L50|\n|poke|p2|Dondozo, L50, M|\n|poke|p2|Tatsugiri, L50, M|\n|poke|p2|Incineroar, L50, F|\n|poke|p2|Roaring Moon, L50|\n|teampreview|4\n|inactive|Battle timer is ON: inactive players will automatically lose when time's up. (requested by FireYeti07)\n|\n|t:|1738460321\n|start\n|switch|p1a: Ursaluna|Ursaluna-Bloodmoon, L50, M|100\/100\n|switch|p1b: Calyrex|Calyrex-Ice, L50|100\/100\n|switch|p2a: Roaring Moon|Roaring Moon, L50|100\/100\n|switch|p2b: Weezing|Weezing-Galar, L50, F|100\/100\n|-ability|p2b: Weezing|Neutralizing Gas\n|-ability|p1b: Calyrex|As One\n|-ability|p1b: Calyrex|Unnerve\n|turn|1\n|j| Longtoudishu56\n|\n|t:|1738460332\n|move|p2a: Roaring Moon|Knock Off|p1b: Calyrex\n|-supereffective|p1b: Calyrex\n|-damage|p1b: Calyrex|34\/100\n|-enditem|p1b: Calyrex|Weakness Policy\n|-boost|p1b: Calyrex|atk|2|[from] item: Weakness Policy\n|-boost|p1b: Calyrex|spa|2|[from] item: Weakness Policy\n|move|p2b: Weezing|Toxic Spikes|p1a: Ursaluna\n|-sidestart|p1: FireYeti07|move: Toxic Spikes\n|move|p1a: Ursaluna|Hyper Voice|p2b: Weezing|[spread] p2a,p2b\n|-damage|p2a: Roaring Moon|71\/100\n|-damage|p2b: Weezing|57\/100\n|move|p1b: Calyrex|Glacial Lance|p2b: Weezing|[spread] p2a,p2b\n|-supereffective|p2a: Roaring Moon\n|-crit|p2b: Weezing\n|-damage|p2a: Roaring Moon|0 fnt\n|-damage|p2b: Weezing|0 fnt\n|faint|p2a: Roaring Moon\n|-end|p2a: Roaring Moon|Protosynthesis|[silent]\n|faint|p2b: Weezing\n|-end|p2b: Weezing|ability: Neutralizing Gas\n|-ability|p1b: Calyrex|Chilling Neigh|boost\n|-boost|p1b: Calyrex|atk|2\n|\n|upkeep\n|\n|t:|1738460339\n|switch|p2a: Dondozo|Dondozo, L50, M|100\/100\n|switch|p2b: Tatsugiri|Tatsugiri, L50, M|100\/100\n|-activate|p2b: Tatsugiri|ability: Commander|[of] p2a: Dondozo\n|-boost|p2a: Dondozo|atk|2\n|-boost|p2a: Dondozo|spa|2\n|-boost|p2a: Dondozo|spe|2\n|-boost|p2a: Dondozo|def|2\n|-boost|p2a: Dondozo|spd|2\n|turn|2\n|\n|t:|1738460362\n|move|p1b: Calyrex|Protect|p1b: Calyrex\n|-singleturn|p1b: Calyrex|Protect\n|move|p2a: Dondozo|Wave Crash|p1a: Ursaluna\n|-supereffective|p1a: Ursaluna\n|-damage|p1a: Ursaluna|0 fnt\n|faint|p1a: Ursaluna\n|-damage|p2a: Dondozo|72\/100|[from] Recoil\n|\n|-heal|p2a: Dondozo|78\/100|[from] item: Leftovers\n|upkeep\n|\n|t:|1738460371\n|switch|p1a: Ogerpon|Ogerpon-Cornerstone, L50, F|100\/100\n|-status|p1a: Ogerpon|psn\n|turn|3\n|\n|t:|1738460382\n|-terastallize|p2a: Dondozo|Grass\n|move|p1a: Ogerpon|Follow Me|p1a: Ogerpon\n|-singleturn|p1a: Ogerpon|move: Follow Me\n|move|p2a: Dondozo|Wave Crash|p1a: Ogerpon\n|-ability|p1a: Ogerpon|Sturdy\n|-damage|p1a: Ogerpon|1\/100 psn\n|-damage|p2a: Dondozo|58\/100|[from] Recoil\n|move|p1b: Calyrex|High Horsepower|p2a: Dondozo\n|-resisted|p2a: Dondozo\n|-damage|p2a: Dondozo|51\/100\n|\n|-heal|p2a: Dondozo|58\/100|[from] item: Leftovers\n|-damage|p1a: Ogerpon|0 fnt|[from] psn\n|faint|p1a: Ogerpon\n|upkeep\n|\n|t:|1738460389\n|switch|p1a: Urshifu|Urshifu, L50, F|100\/100\n|-status|p1a: Urshifu|psn\n|turn|4\n|\n|t:|1738460397\n|-terastallize|p1a: Urshifu|Dark\n|move|p1a: Urshifu|Wicked Blow|p2a: Dondozo\n|-crit|p2a: Dondozo\n|-damage|p2a: Dondozo|0 fnt\n|faint|p2a: Dondozo\n|move|p1b: Calyrex|Glacial Lance|p2b: Tatsugiri\n|-enditem|p2b: Tatsugiri|Focus Sash\n|-damage|p2b: Tatsugiri|1\/100\n|\n|-damage|p1a: Urshifu|88\/100 psn|[from] psn\n|upkeep\n|turn|5\n|-message|cobalt_poke forfeited.\n|\n|win|FireYeti07\n|raw|FireYeti07's rating: 1512 &rarr; <strong>1542<\/strong><br \/>(+30 for winning)\n|raw|cobalt_poke's rating: 1692 &rarr; <strong>1662<\/strong><br \/>(-30 for losing)\n|l|\u2606cobalt_poke\n|player|p2|\n|l|\u2606FireYeti07\n|player|p1|\n|l| Longtoudishu56\n","uploadtime":1738460605,"views":13,"formatid":"gen9vgc2025regg","rating":1542,"private":0,"password":null}