{"id":"gen9vgc2025regg-2292218006","format":"[Gen 9] VGC 2025 Reg G","players":["Tester_SF03","PokemonBreederJoey"],"log":"|j|\u2606Tester_SF03\n|j|\u2606PokemonBreederJoey\n|t:|1738380949\n|gametype|doubles\n|player|p1|Tester_SF03|hiker-gen4|1556\n|player|p2|PokemonBreederJoey|265|1606\n|teamsize|p1|6\n|teamsize|p2|6\n|gen|9\n|tier|[Gen 9] VGC 2025 Reg G\n|rated|\n|rule|Species Clause: Limit one of each Pok\u00e9mon\n|rule|Item Clause: Limit 1 of each item\n|clearpoke\n|poke|p1|Groudon, L50|\n|poke|p1|Farigiraf, L50, F|\n|poke|p1|Incineroar, L50, M|\n|poke|p1|Roaring Moon, L50|\n|poke|p1|Raging Bolt, L50|\n|poke|p1|Ogerpon-Cornerstone, L50, F|\n|poke|p2|Kyogre, L50|\n|poke|p2|Tornadus, L50, M|\n|poke|p2|Flutter Mane, L50|\n|poke|p2|Farigiraf, L50, F|\n|poke|p2|Chi-Yu, L50|\n|poke|p2|Archaludon, L50, F|\n|teampreview|4\n|inactive|Battle timer is ON: inactive players will automatically lose when time's up. (requested by Tester_SF03)\n|inactive|PokemonBreederJoey has 60 seconds left.\n|\n|t:|1738381016\n|start\n|switch|p1a: Raging Bolt|Raging Bolt, L50|100\/100\n|switch|p1b: Incineroar|Incineroar, L50, M|100\/100\n|switch|p2a: Tornadus|Tornadus, L50, M|100\/100\n|switch|p2b: Flutter Mane|Flutter Mane, L50|100\/100\n|-ability|p1b: Incineroar|Intimidate|boost\n|-unboost|p2a: Tornadus|atk|1\n|-unboost|p2b: Flutter Mane|atk|1\n|-enditem|p2b: Flutter Mane|Booster Energy\n|-activate|p2b: Flutter Mane|ability: Protosynthesis|[fromitem]\n|-start|p2b: Flutter Mane|protosynthesisspe\n|turn|1\n|\n|t:|1738381039\n|move|p2a: Tornadus|Taunt|p1b: Incineroar\n|-hint|Since gen 7, Dark is immune to Prankster moves.\n|-immune|p1b: Incineroar\n|move|p2b: Flutter Mane|Moonblast|p1a: Raging Bolt\n|-supereffective|p1a: Raging Bolt\n|-damage|p1a: Raging Bolt|47\/100\n|move|p1a: Raging Bolt|Snarl|p2b: Flutter Mane|[spread] p2a,p2b\n|-damage|p2a: Tornadus|79\/100\n|-damage|p2b: Flutter Mane|87\/100\n|-unboost|p2b: Flutter Mane|spa|1\n|move|p1b: Incineroar|Parting Shot|p2b: Flutter Mane\n|-unboost|p2b: Flutter Mane|atk|1\n|-unboost|p2b: Flutter Mane|spa|1\n|\n|t:|1738381053\n|switch|p1b: Groudon|Groudon, L50|100\/100|[from] Parting Shot\n|-weather|SunnyDay|[from] ability: Drought|[of] p1b: Groudon\n|-activate|p1a: Raging Bolt|ability: Protosynthesis\n|-start|p1a: Raging Bolt|protosynthesisspa\n|\n|-weather|SunnyDay|[upkeep]\n|upkeep\n|turn|2\n|\n|t:|1738381068\n|move|p2a: Tornadus|Rain Dance|p2a: Tornadus\n|-weather|RainDance\n|-end|p1a: Raging Bolt|Protosynthesis\n|move|p2b: Flutter Mane|Moonblast|p1a: Raging Bolt\n|-supereffective|p1a: Raging Bolt\n|-damage|p1a: Raging Bolt|20\/100\n|-unboost|p1a: Raging Bolt|spa|1\n|move|p1b: Groudon|Heat Crash|p2b: Flutter Mane\n|-damage|p2b: Flutter Mane|44\/100\n|-damage|p1b: Groudon|91\/100|[from] item: Life Orb\n|move|p1a: Raging Bolt|Volt Switch|p2a: Tornadus\n|-supereffective|p2a: Tornadus\n|-damage|p2a: Tornadus|0 fnt\n|faint|p2a: Tornadus\n|\n|t:|1738381089\n|-end|p1a: Raging Bolt|Protosynthesis|[silent]\n|switch|p1a: Farigiraf|Farigiraf, L50, F|100\/100|[from] Volt Switch\n|\n|-weather|RainDance|[upkeep]\n|upkeep\n|\n|t:|1738381094\n|switch|p2a: Kyogre|Kyogre, L50|100\/100\n|turn|3\n|\n|t:|1738381104\n|-end|p2b: Flutter Mane|Protosynthesis|[silent]\n|switch|p2b: Farigiraf|Farigiraf, L50, F|100\/100\n|-terastallize|p1a: Farigiraf|Water\n|move|p1b: Groudon|Protect|p1b: Groudon\n|-singleturn|p1b: Groudon|Protect\n|move|p2a: Kyogre|Water Spout|p1a: Farigiraf|[spread] p1a\n|-activate|p1b: Groudon|move: Protect\n|-resisted|p1a: Farigiraf\n|-damage|p1a: Farigiraf|48\/100\n|move|p1a: Farigiraf|Trick Room|p1a: Farigiraf\n|-fieldstart|move: Trick Room|[of] p1a: Farigiraf\n|\n|-weather|RainDance|[upkeep]\n|upkeep\n|turn|4\n|\n|t:|1738381118\n|move|p2a: Kyogre|Protect|p2a: Kyogre\n|-singleturn|p2a: Kyogre|Protect\n|move|p1b: Groudon|Precipice Blades|p2b: Farigiraf|[spread] p2b\n|-activate|p2a: Kyogre|move: Protect\n|-damage|p2b: Farigiraf|45\/100\n|-damage|p1b: Groudon|81\/100|[from] item: Life Orb\n|move|p1a: Farigiraf|Trick Room|p1a: Farigiraf\n|-fieldend|move: Trick Room\n|move|p2b: Farigiraf|Trick Room|p2b: Farigiraf\n|-fieldstart|move: Trick Room|[of] p2b: Farigiraf\n|\n|-weather|RainDance|[upkeep]\n|upkeep\n|turn|5\n|\n|t:|1738381134\n|move|p1a: Farigiraf|Helping Hand|p1b: Groudon\n|-singleturn|p1b: Groudon|Helping Hand|[of] p1a: Farigiraf\n|move|p1b: Groudon|Precipice Blades|p2b: Farigiraf|[spread] p2a,p2b\n|-damage|p2a: Kyogre|0 fnt\n|-damage|p2b: Farigiraf|0 fnt\n|faint|p2a: Kyogre\n|faint|p2b: Farigiraf\n|-damage|p1b: Groudon|72\/100|[from] item: Life Orb\n|\n|-weather|RainDance|[upkeep]\n|upkeep\n|-message|PokemonBreederJoey forfeited.\n|\n|win|Tester_SF03\n|raw|Tester_SF03's rating: 1556 &rarr; <strong>1579<\/strong><br \/>(+23 for winning)\n|raw|PokemonBreederJoey's rating: 1606 &rarr; <strong>1583<\/strong><br \/>(-23 for losing)\n|l|\u2606PokemonBreederJoey\n|player|p2|\n","uploadtime":1738381144,"views":19,"formatid":"gen9vgc2025regg","rating":1579,"private":0,"password":null}