{"id":"gen9vgc2025regg-2292987970","format":"[Gen 9] VGC 2025 Reg G","players":["ahfoong0411","MilekMistrz"],"log":"|j|\u2606ahfoong0411\n|j|\u2606MilekMistrz\n|t:|1738509005\n|gametype|doubles\n|player|p1|ahfoong0411|265|1608\n|player|p2|MilekMistrz|102|1546\n|teamsize|p1|6\n|teamsize|p2|6\n|gen|9\n|tier|[Gen 9] VGC 2025 Reg G\n|rated|\n|rule|Species Clause: Limit one of each Pok\u00e9mon\n|rule|Item Clause: Limit 1 of each item\n|clearpoke\n|poke|p1|Calyrex-Ice, L50|\n|poke|p1|Amoonguss, L50, M|\n|poke|p1|Pelipper, L50, F|\n|poke|p1|Landorus, L50, M|\n|poke|p1|Urshifu-*, L50, F|\n|poke|p1|Roaring Moon, L50|\n|poke|p2|Koraidon, L50|\n|poke|p2|Umbreon, L50, M|\n|poke|p2|Raging Bolt, L50|\n|poke|p2|Flutter Mane, L50|\n|poke|p2|Ogerpon-Cornerstone, L50, F|\n|poke|p2|Entei, L50|\n|teampreview|4\n|inactive|Battle timer is ON: inactive players will automatically lose when time's up. (requested by MilekMistrz)\nMilekMistrz has agreed to open team sheets.\n|\n|t:|1738509043\n|start\n|switch|p1a: Amoonguss|Amoonguss, L50, M|100\/100\n|switch|p1b: Calyrex|Calyrex-Ice, L50|100\/100\n|switch|p2a: Koraidon|Koraidon, L50|100\/100\n|switch|p2b: Flutter Mane|Flutter Mane, L50|100\/100\n|-ability|p1b: Calyrex|As One\n|-ability|p1b: Calyrex|Unnerve\n|-weather|SunnyDay|[from] ability: Orichalcum Pulse|[of] p2a: Koraidon\n|-activate|p2b: Flutter Mane|ability: Protosynthesis\n|-start|p2b: Flutter Mane|protosynthesisspe\n|-activate|p2a: Koraidon|Orichalcum Pulse|[source]\n|turn|1\n|inactive|ahfoong0411 has 30 seconds left.\n|j| jdarcan\n|inactive|ahfoong0411 has 20 seconds left.\n|inactive|MilekMistrz has 30 seconds left.\n|inactive|ahfoong0411 has 15 seconds left.\n|\n|t:|1738509086\n|switch|p1a: Pelipper|Pelipper, L50, F|100\/100\n|-weather|RainDance|[from] ability: Drizzle|[of] p1a: Pelipper\n|-end|p2b: Flutter Mane|Protosynthesis\n|-terastallize|p1b: Calyrex|Fairy\n|move|p2b: Flutter Mane|Taunt|p1b: Calyrex\n|-start|p1b: Calyrex|move: Taunt\n|move|p2a: Koraidon|Flare Blitz|p1b: Calyrex\n|-damage|p1b: Calyrex|88\/100\n|-status|p1b: Calyrex|brn\n|-damage|p2a: Koraidon|96\/100|[from] Recoil\n|move|p1b: Calyrex|Glacial Lance|p2b: Flutter Mane|[spread] p2a,p2b\n|-supereffective|p2a: Koraidon\n|-crit|p2b: Flutter Mane\n|-damage|p2a: Koraidon|49\/100\n|-damage|p2b: Flutter Mane|10\/100\n|\n|-weather|RainDance|[upkeep]\n|-damage|p1b: Calyrex|82\/100 brn|[from] brn\n|upkeep\n|turn|2\n|inactive|ahfoong0411 has 30 seconds left.\n|inactive|MilekMistrz has 30 seconds left.\n|inactive|ahfoong0411 has 20 seconds left.\n|inactive|ahfoong0411 has 15 seconds left.\n|\n|t:|1738509131\n|move|p2a: Koraidon|Protect|p2a: Koraidon\n|-singleturn|p2a: Koraidon|Protect\n|move|p2b: Flutter Mane|Moonblast|p1b: Calyrex\n|-damage|p1b: Calyrex|45\/100 brn\n|move|p1a: Pelipper|Weather Ball|p2b: Flutter Mane\n|-damage|p2b: Flutter Mane|0 fnt\n|faint|p2b: Flutter Mane\n|-end|p2b: Flutter Mane|Protosynthesis|[silent]\n|move|p1b: Calyrex|Glacial Lance|p2a: Koraidon\n|-activate|p2a: Koraidon|move: Protect\n|\n|-weather|RainDance|[upkeep]\n|-damage|p1b: Calyrex|39\/100 brn|[from] brn\n|upkeep\n|\n|t:|1738509145\n|switch|p2b: Ogerpon|Ogerpon-Cornerstone, L50, F|100\/100\n|turn|3\n|\n|t:|1738509159\n|move|p2a: Koraidon|Scale Shot|p1a: Pelipper\n|-damage|p1a: Pelipper|83\/100\n|-damage|p1a: Pelipper|65\/100\n|-damage|p1a: Pelipper|47\/100\n|-damage|p1a: Pelipper|30\/100\n|-damage|p1a: Pelipper|13\/100\n|-hitcount|p1a: Pelipper|5\n|-unboost|p2a: Koraidon|def|1\n|-boost|p2a: Koraidon|spe|1\n|move|p2b: Ogerpon|Ivy Cudgel|p1b: Calyrex|[anim] Ivy Cudgel Rock\n|-damage|p1b: Calyrex|4\/100 brn\n|move|p1a: Pelipper|Weather Ball|p2a: Koraidon\n|-resisted|p2a: Koraidon\n|-damage|p2a: Koraidon|16\/100\n|move|p1b: Calyrex|Glacial Lance|p2a: Koraidon|[spread] p2a,p2b\n|-supereffective|p2a: Koraidon\n|-supereffective|p2b: Ogerpon\n|-damage|p2a: Koraidon|0 fnt\n|-damage|p2b: Ogerpon|30\/100\n|faint|p2a: Koraidon\n|-ability|p1b: Calyrex|Chilling Neigh|boost\n|-boost|p1b: Calyrex|atk|1\n|\n|-weather|RainDance|[upkeep]\n|-damage|p1b: Calyrex|0 fnt|[from] brn\n|faint|p1b: Calyrex\n|upkeep\n|inactive|ahfoong0411 has 30 seconds left.\n|inactive|ahfoong0411 has 20 seconds left.\n|inactive|ahfoong0411 has 15 seconds left.\n|\n|t:|1738509200\n|switch|p2a: Umbreon|Umbreon, L50, M|100\/100\n|switch|p1b: Landorus|Landorus, L50, M|100\/100\n|turn|4\n|\n|t:|1738509216\n|move|p2b: Ogerpon|Spiky Shield|p2b: Ogerpon\n|-singleturn|p2b: Ogerpon|move: Protect\n|move|p1b: Landorus|Sandsear Storm|p2b: Ogerpon|[spread] p2a\n|-activate|p2b: Ogerpon|move: Protect\n|-damage|p2a: Umbreon|58\/100\n|move|p1a: Pelipper|Hurricane|p2a: Umbreon\n|-damage|p2a: Umbreon|23\/100\n|move|p2a: Umbreon|Yawn|p1b: Landorus\n|-start|p1b: Landorus|move: Yawn|[of] p2a: Umbreon\n|\n|-weather|RainDance|[upkeep]\n|upkeep\n|turn|5\n|\n|t:|1738509240\n|move|p2b: Ogerpon|Spiky Shield|p2b: Ogerpon\n|-singleturn|p2b: Ogerpon|move: Protect\n|move|p1b: Landorus|Sandsear Storm|p2a: Umbreon|[spread] p2a\n|-activate|p2b: Ogerpon|move: Protect\n|-damage|p2a: Umbreon|0 fnt\n|faint|p2a: Umbreon\n|move|p1a: Pelipper|Hurricane|p2b: Ogerpon\n|-activate|p2b: Ogerpon|move: Protect\n|\n|-weather|none\n|-end|p1b: Landorus|move: Yawn|[silent]\n|-status|p1b: Landorus|slp\n|upkeep\n|turn|6\n|inactive|MilekMistrz has 30 seconds left.\n|inactive|ahfoong0411 has 30 seconds left.\n|inactive|MilekMistrz has 20 seconds left.\n|inactive|MilekMistrz has 15 seconds left.\n|\n|t:|1738509283\n|-terastallize|p2b: Ogerpon|Rock\n|detailschange|p2b: Ogerpon|Ogerpon-Cornerstone-Tera, L50, F, tera:Rock\n|-ability|p2b: Ogerpon|Embody Aspect (Cornerstone)|boost\n|-boost|p2b: Ogerpon|def|1\n|move|p2b: Ogerpon|Ivy Cudgel|p1b: Landorus|[anim] Ivy Cudgel Rock\n|-damage|p1b: Landorus|14\/100 slp\n|cant|p1b: Landorus|slp\n|move|p1a: Pelipper|Hurricane|p2b: Ogerpon\n|-resisted|p2b: Ogerpon\n|-damage|p2b: Ogerpon|1\/100\n|\n|upkeep\n|turn|7\n|\n|t:|1738509303\n|move|p2b: Ogerpon|Ivy Cudgel|p1b: Landorus|[anim] Ivy Cudgel Rock\n|-crit|p1b: Landorus\n|-damage|p1b: Landorus|0 fnt\n|faint|p1b: Landorus\n|move|p1a: Pelipper|Weather Ball|p2b: Ogerpon\n|-resisted|p2b: Ogerpon\n|-damage|p2b: Ogerpon|0 fnt\n|faint|p2b: Ogerpon\n|\n|win|ahfoong0411\n|raw|ahfoong0411's rating: 1608 &rarr; <strong>1624<\/strong><br \/>(+16 for winning)\n|raw|MilekMistrz's rating: 1546 &rarr; <strong>1530<\/strong><br \/>(-16 for losing)\n|l|\u2606MilekMistrz\n|player|p2|\n|l|\u2606ahfoong0411\n|player|p1|\n","uploadtime":1738509476,"views":9,"formatid":"gen9vgc2025regg","rating":1530,"private":0,"password":null}