{"id":"gen9vgc2025regg-2292293909","format":"[Gen 9] VGC 2025 Reg G","players":["ScaryQwQ","Kwiper"],"log":"|j|\u2606ScaryQwQ\n|j|\u2606Kwiper\n|t:|1738394431\n|gametype|doubles\n|player|p1|ScaryQwQ|argenta|1553\n|player|p2|Kwiper|sycamore|1554\n|teamsize|p1|6\n|teamsize|p2|6\n|gen|9\n|tier|[Gen 9] VGC 2025 Reg G\n|rated|\n|rule|Species Clause: Limit one of each Pok\u00e9mon\n|rule|Item Clause: Limit 1 of each item\n|clearpoke\n|poke|p1|Zacian-*, L50|\n|poke|p1|Regidrago, L50|\n|poke|p1|Whimsicott, L50, M|\n|poke|p1|Chi-Yu, L50|\n|poke|p1|Amoonguss, L50, F|\n|poke|p1|Ditto, L50|\n|poke|p2|Koraidon, L50|\n|poke|p2|Flutter Mane, L50|\n|poke|p2|Raging Bolt, L50|\n|poke|p2|Tornadus, L50, M|\n|poke|p2|Chi-Yu, L50|\n|poke|p2|Bastiodon, L50, F|\n|teampreview|4\n|inactive|Battle timer is ON: inactive players will automatically lose when time's up. (requested by Kwiper)\n|j| losernumber84\n|\n|t:|1738394460\n|start\n|switch|p1a: Zacian|Zacian-Crowned, L50|100\/100\n|switch|p1b: Whimsicott|Whimsicott, L50, M|100\/100\n|switch|p2a: Tornadus|Tornadus, L50, M|100\/100\n|switch|p2b: Flutter Mane|Flutter Mane, L50|100\/100\n|-ability|p1a: Zacian|Intrepid Sword|boost\n|-boost|p1a: Zacian|atk|1\n|turn|1\n|\n|t:|1738394469\n|move|p2a: Tornadus|Tailwind|p2a: Tornadus\n|-sidestart|p2: Kwiper|move: Tailwind\n|move|p1b: Whimsicott|Tailwind|p1b: Whimsicott\n|-sidestart|p1: ScaryQwQ|move: Tailwind\n|move|p1a: Zacian|Behemoth Blade|p2b: Flutter Mane\n|-supereffective|p2b: Flutter Mane\n|-enditem|p2b: Flutter Mane|Focus Sash\n|-damage|p2b: Flutter Mane|1\/100\n|move|p2b: Flutter Mane|Thunder Wave|p1a: Zacian\n|-status|p1a: Zacian|par\n|\n|upkeep\n|turn|2\n|\n|t:|1738394480\n|move|p2b: Flutter Mane|Moonblast|p1b: Whimsicott\n|-damage|p1b: Whimsicott|37\/100\n|move|p2a: Tornadus|Bleakwind Storm|p1a: Zacian|[spread] p1a,p1b\n|-resisted|p1a: Zacian\n|-supereffective|p1b: Whimsicott\n|-damage|p1a: Zacian|84\/100 par\n|-damage|p1b: Whimsicott|0 fnt\n|faint|p1b: Whimsicott\n|move|p1a: Zacian|Behemoth Blade|p2a: Tornadus\n|-damage|p2a: Tornadus|0 fnt\n|faint|p2a: Tornadus\n|\n|upkeep\n|\n|t:|1738394490\n|switch|p2a: Koraidon|Koraidon, L50|100\/100\n|switch|p1b: Chi-Yu|Chi-Yu, L50|100\/100\n|-weather|SunnyDay|[from] ability: Orichalcum Pulse|[of] p2a: Koraidon\n|-activate|p2b: Flutter Mane|ability: Protosynthesis\n|-start|p2b: Flutter Mane|protosynthesisspe\n|-activate|p2a: Koraidon|Orichalcum Pulse|[source]\n|-ability|p1b: Chi-Yu|Beads of Ruin\n|turn|3\n|inactive|ScaryQwQ has 30 seconds left.\n|inactive|ScaryQwQ has 20 seconds left.\n|inactive|ScaryQwQ has 15 seconds left.\n|inactive|ScaryQwQ has 10 seconds left.\n|\n|t:|1738394538\n|-terastallize|p2a: Koraidon|Fire\n|cant|p1a: Zacian|par\n|move|p2b: Flutter Mane|Thunder Wave|p1b: Chi-Yu\n|-status|p1b: Chi-Yu|par\n|move|p2a: Koraidon|Collision Course|p1b: Chi-Yu\n|-supereffective|p1b: Chi-Yu\n|-enditem|p1b: Chi-Yu|Focus Sash\n|-damage|p1b: Chi-Yu|1\/100 par\n|move|p1b: Chi-Yu|Heat Wave|p2a: Koraidon|[spread] p2a,p2b\n|-resisted|p2a: Koraidon\n|-damage|p2a: Koraidon|68\/100\n|-damage|p2b: Flutter Mane|0 fnt\n|faint|p2b: Flutter Mane\n|-end|p2b: Flutter Mane|Protosynthesis|[silent]\n|\n|-weather|SunnyDay|[upkeep]\n|upkeep\n|\n|t:|1738394545\n|switch|p2b: Chi-Yu|Chi-Yu, L50|100\/100\n|-ability|p2b: Chi-Yu|Beads of Ruin\n|turn|4\n|\n|t:|1738394564\n|-terastallize|p1a: Zacian|Ground\n|cant|p1b: Chi-Yu|par\n|move|p2a: Koraidon|Breaking Swipe|p1b: Chi-Yu|[spread] p1a,p1b\n|-damage|p1a: Zacian|55\/100 par\n|-damage|p1b: Chi-Yu|0 fnt\n|-unboost|p1a: Zacian|atk|1\n|faint|p1b: Chi-Yu\n|move|p2b: Chi-Yu|Heat Wave|p1a: Zacian\n|-damage|p1a: Zacian|0 fnt\n|faint|p1a: Zacian\n|\n|-weather|SunnyDay|[upkeep]\n|-sideend|p1: ScaryQwQ|move: Tailwind\n|-sideend|p2: Kwiper|move: Tailwind\n|upkeep\n|\n|t:|1738394581\n|switch|p1a: Regidrago|Regidrago, L50|100\/100\n|turn|5\n|\n|t:|1738394585\n|move|p2a: Koraidon|Breaking Swipe|p1a: Regidrago\n|-supereffective|p1a: Regidrago\n|-crit|p1a: Regidrago\n|-damage|p1a: Regidrago|0 fnt\n|faint|p1a: Regidrago\n|\n|win|Kwiper\n|raw|ScaryQwQ's rating: 1553 &rarr; <strong>1533<\/strong><br \/>(-20 for losing)\n|raw|Kwiper's rating: 1554 &rarr; <strong>1574<\/strong><br \/>(+20 for winning)\n|l|\u2606ScaryQwQ\n|player|p1|\n|l|\u2606Kwiper\n|player|p2|\n|l| losernumber84\n","uploadtime":1738394847,"views":10,"formatid":"gen9vgc2025regg","rating":1533,"private":0,"password":null}