{"id":"gen9vgc2025regg-2292445917","format":"[Gen 9] VGC 2025 Reg G","players":["via mario fani","koji muranishi"],"log":"|j|\u2606via mario fani\n|j|\u2606koji muranishi\n|t:|1738424335\n|gametype|doubles\n|player|p1|via mario fani|169|1598\n|player|p2|koji muranishi|265|1624\n|teamsize|p1|6\n|teamsize|p2|6\n|gen|9\n|tier|[Gen 9] VGC 2025 Reg G\n|rated|\n|rule|Species Clause: Limit one of each Pok\u00e9mon\n|rule|Item Clause: Limit 1 of each item\n|clearpoke\n|poke|p1|Kyogre, L50|\n|poke|p1|Incineroar, L50, F|\n|poke|p1|Amoonguss, L50, F|\n|poke|p1|Raging Bolt, L50|\n|poke|p1|Chien-Pao, L50|\n|poke|p1|Urshifu-*, L50, F|\n|poke|p2|Whimsicott, L50, F|\n|poke|p2|Calyrex-Ice, L50|\n|poke|p2|Urshifu-*, L50, M|\n|poke|p2|Entei, L50|\n|poke|p2|Raging Bolt, L50|\n|poke|p2|Landorus, L50, M|\n|teampreview|4\nvia mario fani has agreed to open team sheets.\n|j| Killer mm\n|j| GT Thunder\n|inactive|Battle timer is ON: inactive players will automatically lose when time's up. (requested by via mario fani)\n|\n|t:|1738424394\n|start\n|switch|p1a: Amoonguss|Amoonguss, L50, F|100\/100\n|switch|p1b: Kyogre|Kyogre, L50|100\/100\n|switch|p2a: Whimsicott|Whimsicott, L50, F|100\/100\n|switch|p2b: Urshifu|Urshifu-Rapid-Strike, L50, M|100\/100\n|-weather|RainDance|[from] ability: Drizzle|[of] p1b: Kyogre\n|turn|1\n|inactive|koji muranishi has 30 seconds left.\n|\n|t:|1738424419\n|move|p2b: Urshifu|Ice Spinner|p1a: Amoonguss\n|-supereffective|p1a: Amoonguss\n|-damage|p1a: Amoonguss|51\/100\n|-damage|p2b: Urshifu|84\/100|[from] item: Rocky Helmet|[of] p1a: Amoonguss\n|move|p2a: Whimsicott|Moonblast|p1b: Kyogre\n|-damage|p1b: Kyogre|73\/100\n|move|p1b: Kyogre|Origin Pulse|p2a: Whimsicott|[spread] p2a,p2b\n|-resisted|p2a: Whimsicott\n|-resisted|p2b: Urshifu\n|-damage|p2a: Whimsicott|42\/100\n|-damage|p2b: Urshifu|34\/100\n|move|p1a: Amoonguss|Sludge Bomb|p2a: Whimsicott\n|-supereffective|p2a: Whimsicott\n|-damage|p2a: Whimsicott|0 fnt\n|faint|p2a: Whimsicott\n|\n|-weather|RainDance|[upkeep]\n|-heal|p1b: Kyogre|79\/100|[from] item: Leftovers\n|upkeep\n|\n|t:|1738424438\n|switch|p2a: Calyrex|Calyrex-Ice, L50|100\/100\n|-ability|p2a: Calyrex|As One\n|-ability|p2a: Calyrex|Unnerve\n|turn|2\n|\n|t:|1738424446\n|move|p1a: Amoonguss|Protect|p1a: Amoonguss\n|-singleturn|p1a: Amoonguss|Protect\n|move|p2b: Urshifu|Ice Spinner|p1a: Amoonguss\n|-supereffective|p1a: Amoonguss\n|-damage|p1a: Amoonguss|0 fnt\n|-damage|p2b: Urshifu|18\/100|[from] item: Rocky Helmet|[of] p1a: Amoonguss\n|faint|p1a: Amoonguss\n|move|p1b: Kyogre|Origin Pulse|p2a: Calyrex|[spread] p2b\n|-miss|p1b: Kyogre|p2a: Calyrex\n|-resisted|p2b: Urshifu\n|-damage|p2b: Urshifu|0 fnt\n|faint|p2b: Urshifu\n|move|p2a: Calyrex|Seed Bomb|p1b: Kyogre\n|-supereffective|p1b: Kyogre\n|-damage|p1b: Kyogre|2\/100\n|\n|-weather|RainDance|[upkeep]\n|-heal|p1b: Kyogre|8\/100|[from] item: Leftovers\n|upkeep\n|c|\u2606via mario fani|kinda forgot it does that for a second ngl\n|\n|t:|1738424468\n|switch|p2b: Raging Bolt|Raging Bolt, L50|100\/100\n|switch|p1a: Urshifu|Urshifu-Rapid-Strike, L50, F|100\/100\n|-enditem|p2b: Raging Bolt|Booster Energy\n|-activate|p2b: Raging Bolt|ability: Protosynthesis|[fromitem]\n|-start|p2b: Raging Bolt|protosynthesisspa\n|turn|3\n|\n|t:|1738424485\n|-terastallize|p1a: Urshifu|Ghost\n|move|p1b: Kyogre|Protect|p1b: Kyogre\n|-singleturn|p1b: Kyogre|Protect\n|move|p1a: Urshifu|Ice Spinner|p2b: Raging Bolt\n|-supereffective|p2b: Raging Bolt\n|-damage|p2b: Raging Bolt|41\/100\n|move|p2b: Raging Bolt|Thunderbolt|p1a: Urshifu\n|-crit|p1a: Urshifu\n|-damage|p1a: Urshifu|0 fnt\n|faint|p1a: Urshifu\n|move|p2a: Calyrex|Seed Bomb|p1b: Kyogre\n|-activate|p1b: Kyogre|move: Protect\n|\n|-weather|RainDance|[upkeep]\n|-heal|p1b: Kyogre|14\/100|[from] item: Leftovers\n|upkeep\n|\n|t:|1738424493\n|switch|p1a: Chien-Pao|Chien-Pao, L50|100\/100\n|-ability|p1a: Chien-Pao|Sword of Ruin\n|turn|4\n|\n|t:|1738424508\n|move|p2b: Raging Bolt|Protect|p2b: Raging Bolt\n|-singleturn|p2b: Raging Bolt|Protect\n|move|p1a: Chien-Pao|Throat Chop|p2a: Calyrex\n|-supereffective|p2a: Calyrex\n|-damage|p2a: Calyrex|28\/100\n|-start|p2a: Calyrex|Throat Chop|[silent]\n|move|p1b: Kyogre|Origin Pulse|p2b: Raging Bolt|[spread] p2a\n|-activate|p2b: Raging Bolt|move: Protect\n|-damage|p2a: Calyrex|0 fnt\n|faint|p2a: Calyrex\n|\n|-weather|RainDance|[upkeep]\n|-heal|p1b: Kyogre|20\/100|[from] item: Leftovers\n|upkeep\n|turn|5\n|-message|koji muranishi forfeited.\n|\n|win|via mario fani\n|raw|via mario fani's rating: 1598 &rarr; <strong>1619<\/strong><br \/>(+21 for winning)\n|raw|koji muranishi's rating: 1624 &rarr; <strong>1603<\/strong><br \/>(-21 for losing)\n|l|\u2606koji muranishi\n|player|p2|\n|l|\u2606via mario fani\n|player|p1|\n","uploadtime":1738424520,"views":9,"formatid":"gen9vgc2025regg","rating":1603,"private":0,"password":null}