{"id":"gen9vgc2025regg-2292058755","format":"[Gen 9] VGC 2025 Reg G","players":["CombatWombat925","mastermind212"],"log":"|j|\u2606CombatWombat925\n|j|\u2606mastermind212\n|t:|1738359270\n|gametype|doubles\n|player|p1|CombatWombat925|170|1566\n|player|p2|mastermind212|169|1557\n|teamsize|p1|6\n|teamsize|p2|6\n|gen|9\n|tier|[Gen 9] VGC 2025 Reg G\n|rated|\n|rule|Species Clause: Limit one of each Pok\u00e9mon\n|rule|Item Clause: Limit 1 of each item\n|clearpoke\n|poke|p1|Clefairy, L50, F|\n|poke|p1|Urshifu-*, L50, F|\n|poke|p1|Calyrex-Shadow, L50|\n|poke|p1|Roaring Moon, L50|\n|poke|p1|Incineroar, L50, F|\n|poke|p1|Rillaboom, L50, F|\n|poke|p2|Kyogre, L50|\n|poke|p2|Tsareena, L50, F|\n|poke|p2|Urshifu-*, L50, F|\n|poke|p2|Tornadus, L50, M|\n|poke|p2|Rillaboom, L50, F|\n|poke|p2|Gholdengo, L50|\n|teampreview|4\n|inactive|Battle timer is ON: inactive players will automatically lose when time's up. (requested by mastermind212)\n|j| artinhistory\n|\n|t:|1738359300\n|start\n|switch|p1a: Roaring Moon|Roaring Moon, L50|100\/100\n|switch|p1b: Rillaboom|Rillaboom, L50, F|100\/100\n|switch|p2a: Urshifu|Urshifu-Rapid-Strike, L50, F|100\/100\n|switch|p2b: Tornadus|Tornadus, L50, M|100\/100\n|-fieldstart|move: Grassy Terrain|[from] ability: Grassy Surge|[of] p1b: Rillaboom\n|-enditem|p1a: Roaring Moon|Booster Energy\n|-activate|p1a: Roaring Moon|ability: Protosynthesis|[fromitem]\n|-start|p1a: Roaring Moon|protosynthesisspe\n|turn|1\n|\n|t:|1738359312\n|switch|p2b: Tsareena|Tsareena, L50, F|100\/100\n|move|p1b: Rillaboom|Fake Out||[still]\n|cant|p2b: Tsareena|ability: Queenly Majesty|Fake Out|[of] p1b: Rillaboom\n|move|p1a: Roaring Moon|Tailwind|p1a: Roaring Moon\n|-sidestart|p1: CombatWombat925|move: Tailwind\n|move|p2a: Urshifu|Close Combat|p1a: Roaring Moon\n|-supereffective|p1a: Roaring Moon\n|-damage|p1a: Roaring Moon|0 fnt\n|-unboost|p2a: Urshifu|def|1\n|-unboost|p2a: Urshifu|spd|1\n|faint|p1a: Roaring Moon\n|-end|p1a: Roaring Moon|Protosynthesis|[silent]\n|\n|upkeep\n|\n|t:|1738359317\n|switch|p1a: Calyrex|Calyrex-Shadow, L50|100\/100\n|-ability|p1a: Calyrex|As One\n|-ability|p1a: Calyrex|Unnerve\n|turn|2\n|inactive|mastermind212 has 30 seconds left.\n|\n|t:|1738359344\n|-terastallize|p2a: Urshifu|Stellar\n|move|p1a: Calyrex|Astral Barrage|p2b: Tsareena|[spread] p2a,p2b\n|-enditem|p2a: Urshifu|Focus Sash\n|-damage|p2a: Urshifu|1\/100\n|-damage|p2b: Tsareena|9\/100\n|-damage|p1a: Calyrex|91\/100|[from] item: Life Orb\n|move|p1b: Rillaboom|Wood Hammer|p2b: Tsareena\n|-resisted|p2b: Tsareena\n|-damage|p2b: Tsareena|0 fnt\n|faint|p2b: Tsareena\n|-damage|p1b: Rillaboom|99\/100|[from] Recoil\n|move|p2a: Urshifu|Surging Strikes|p1a: Calyrex\n|-crit|p1a: Calyrex\n|-damage|p1a: Calyrex|57\/100\n|-crit|p1a: Calyrex\n|-damage|p1a: Calyrex|26\/100\n|-crit|p1a: Calyrex\n|-damage|p1a: Calyrex|0 fnt\n|faint|p1a: Calyrex\n|-hitcount|p1: Calyrex|3\n|\n|-heal|p1b: Rillaboom|100\/100|[from] Grassy Terrain\n|-heal|p2a: Urshifu|7\/100|[from] Grassy Terrain\n|upkeep\n|\n|t:|1738359366\n|switch|p1a: Urshifu|Urshifu-Rapid-Strike, L50, F|100\/100\n|switch|p2b: Tornadus|Tornadus, L50, M|100\/100\n|turn|3\n|\n|t:|1738359382\n|-terastallize|p1a: Urshifu|Stellar\n|move|p2b: Tornadus|Tailwind|p2b: Tornadus\n|-sidestart|p2: mastermind212|move: Tailwind\n|move|p2a: Urshifu|Close Combat|p1a: Urshifu\n|-damage|p1a: Urshifu|24\/100\n|-unboost|p2a: Urshifu|def|1\n|-unboost|p2a: Urshifu|spd|1\n|move|p1a: Urshifu|Surging Strikes|p2b: Tornadus\n|-crit|p2b: Tornadus\n|-damage|p2b: Tornadus|46\/100\n|-crit|p2b: Tornadus\n|-damage|p2b: Tornadus|0 fnt\n|faint|p2b: Tornadus\n|-hitcount|p2: Tornadus|2\n|move|p1b: Rillaboom|Wood Hammer|p2a: Urshifu\n|-supereffective|p2a: Urshifu\n|-damage|p2a: Urshifu|0 fnt\n|faint|p2a: Urshifu\n|-damage|p1b: Rillaboom|99\/100|[from] Recoil\n|\n|-heal|p1a: Urshifu|30\/100|[from] Grassy Terrain\n|-heal|p1b: Rillaboom|100\/100|[from] Grassy Terrain\n|upkeep\n|\n|t:|1738359403\n|switch|p2b: Kyogre|Kyogre, L50|100\/100\n|-weather|RainDance|[from] ability: Drizzle|[of] p2b: Kyogre\n|turn|4\n|\n|t:|1738359407\n|move|p2b: Kyogre|Protect|p2b: Kyogre\n|-singleturn|p2b: Kyogre|Protect\n|move|p1a: Urshifu|Detect|p1a: Urshifu\n|-singleturn|p1a: Urshifu|Protect\n|move|p1b: Rillaboom|Grassy Glide|p2b: Kyogre\n|-activate|p2b: Kyogre|move: Protect\n|\n|-weather|RainDance|[upkeep]\n|-heal|p1a: Urshifu|36\/100|[from] Grassy Terrain\n|-sideend|p1: CombatWombat925|move: Tailwind\n|upkeep\n|turn|5\n|\n|t:|1738359421\n|move|p1b: Rillaboom|Grassy Glide|p2b: Kyogre\n|-supereffective|p2b: Kyogre\n|-damage|p2b: Kyogre|28\/100\n|move|p2b: Kyogre|Origin Pulse|p1a: Urshifu|[spread] p1a,p1b\n|-resisted|p1a: Urshifu\n|-resisted|p1b: Rillaboom\n|-damage|p1a: Urshifu|0 fnt\n|-damage|p1b: Rillaboom|65\/100\n|faint|p1a: Urshifu\n|\n|-weather|RainDance|[upkeep]\n|-heal|p2b: Kyogre|34\/100|[from] Grassy Terrain\n|-heal|p1b: Rillaboom|70\/100|[from] Grassy Terrain\n|-fieldend|move: Grassy Terrain\n|upkeep\n|turn|6\n|\n|t:|1738359438\n|move|p2b: Kyogre|Ice Beam|p1b: Rillaboom\n|-supereffective|p1b: Rillaboom\n|-damage|p1b: Rillaboom|8\/100\n|move|p1b: Rillaboom|Wood Hammer|p2b: Kyogre\n|-supereffective|p2b: Kyogre\n|-damage|p2b: Kyogre|0 fnt\n|faint|p2b: Kyogre\n|-damage|p1b: Rillaboom|0 fnt|[from] Recoil\n|faint|p1b: Rillaboom\n|\n|win|CombatWombat925\n|raw|CombatWombat925's rating: 1566 &rarr; <strong>1585<\/strong><br \/>(+19 for winning)\n|raw|mastermind212's rating: 1557 &rarr; <strong>1538<\/strong><br \/>(-19 for losing)\n|l|\u2606CombatWombat925\n|player|p1|\n|l|\u2606mastermind212\n|player|p2|\n|l| artinhistory\n","uploadtime":1738359673,"views":5,"formatid":"gen9vgc2025regg","rating":1538,"private":0,"password":null}