{"id":"gen9vgc2025regg-2293116877","format":"[Gen 9] VGC 2025 Reg G","players":["meiose","SuperOinge22"],"log":"|j|\u2606meiose\n|j|\u2606SuperOinge22\n|t:|1738525624\n|gametype|doubles\n|player|p1|meiose|schoolkid-gen4|1637\n|player|p2|SuperOinge22|169|1618\n|teamsize|p1|6\n|teamsize|p2|6\n|gen|9\n|tier|[Gen 9] VGC 2025 Reg G\n|rated|\n|rule|Species Clause: Limit one of each Pok\u00e9mon\n|rule|Item Clause: Limit 1 of each item\n|clearpoke\n|poke|p1|Calyrex-Shadow, L50|\n|poke|p1|Raging Bolt, L50|\n|poke|p1|Ting-Lu, L50|\n|poke|p1|Dondozo, L50, F|\n|poke|p1|Ogerpon-Hearthflame, L50, F|\n|poke|p1|Scream Tail, L50|\n|poke|p2|Calyrex-Shadow, L50|\n|poke|p2|Indeedee-F, L50, F|\n|poke|p2|Whimsicott, L50, M|\n|poke|p2|Ogerpon-Wellspring, L50, F|\n|poke|p2|Chi-Yu, L50|\n|poke|p2|Iron Crown, L50|\n|teampreview|4\n|\n|t:|1738525676\n|start\n|switch|p1a: Ting-Lu|Ting-Lu, L50|100\/100\n|switch|p1b: Dondozo|Dondozo, L50, F, shiny|100\/100\n|switch|p2a: Calyrex|Calyrex-Shadow, L50|100\/100\n|switch|p2b: Chi-Yu|Chi-Yu, L50|100\/100\n|-ability|p2a: Calyrex|As One\n|-ability|p2a: Calyrex|Unnerve\n|-ability|p2b: Chi-Yu|Beads of Ruin\n|-ability|p1a: Ting-Lu|Vessel of Ruin\n|turn|1\n|\n|t:|1738525700\n|move|p2a: Calyrex|Protect|p2a: Calyrex\n|-singleturn|p2a: Calyrex|Protect\n|move|p2b: Chi-Yu|Overheat|p1a: Ting-Lu\n|-damage|p1a: Ting-Lu|53\/100\n|-unboost|p2b: Chi-Yu|spa|2\n|move|p1a: Ting-Lu|Sand Tomb|p2b: Chi-Yu\n|-supereffective|p2b: Chi-Yu\n|-damage|p2b: Chi-Yu|62\/100\n|-activate|p2b: Chi-Yu|move: Sand Tomb|[of] p1a: Ting-Lu\n|move|p1b: Dondozo|Wave Crash|p2b: Chi-Yu\n|-supereffective|p2b: Chi-Yu\n|-damage|p2b: Chi-Yu|0 fnt\n|faint|p2b: Chi-Yu\n|-damage|p1b: Dondozo|89\/100|[from] Recoil\n|\n|-heal|p1b: Dondozo|95\/100|[from] item: Leftovers\n|upkeep\n|\n|t:|1738525712\n|switch|p2b: Ogerpon|Ogerpon-Wellspring, L50, F|100\/100\n|turn|2\n|inactive|Battle timer is ON: inactive players will automatically lose when time's up. (requested by SuperOinge22)\n|\n|t:|1738525743\n|move|p1a: Ting-Lu|Protect|p1a: Ting-Lu\n|-singleturn|p1a: Ting-Lu|Protect\n|move|p2b: Ogerpon|Follow Me|p2b: Ogerpon\n|-singleturn|p2b: Ogerpon|move: Follow Me\n|move|p2a: Calyrex|Nasty Plot|p2a: Calyrex\n|-boost|p2a: Calyrex|spa|2\n|move|p1b: Dondozo|Yawn|p2b: Ogerpon\n|-start|p2b: Ogerpon|move: Yawn|[of] p1b: Dondozo\n|\n|-heal|p1b: Dondozo|100\/100|[from] item: Leftovers\n|upkeep\n|turn|3\n|inactive|SuperOinge22 has 30 seconds left.\n|\n|t:|1738525768\n|switch|p2b: Indeedee|Indeedee-F, L50, F|100\/100\n|-fieldstart|move: Psychic Terrain|[from] ability: Psychic Surge|[of] p2b: Indeedee\n|move|p2a: Calyrex|Protect|p2a: Calyrex\n|-singleturn|p2a: Calyrex|Protect\n|move|p1a: Ting-Lu|Ruination|p2a: Calyrex\n|-activate|p2a: Calyrex|move: Protect\n|move|p1b: Dondozo|Yawn|p2b: Indeedee\n|-start|p2b: Indeedee|move: Yawn|[of] p1b: Dondozo\n|\n|upkeep\n|turn|4\n|inactive|meiose has 30 seconds left.\n|\n|t:|1738525799\n|switch|p2b: Ogerpon|Ogerpon-Wellspring, L50, F|100\/100\n|-terastallize|p2a: Calyrex|Fairy\n|move|p1b: Dondozo|Protect|p1b: Dondozo\n|-singleturn|p1b: Dondozo|Protect\n|move|p2a: Calyrex|Draining Kiss|p1a: Ting-Lu\n|-supereffective|p1a: Ting-Lu\n|-damage|p1a: Ting-Lu|0 fnt\n|-damage|p2a: Calyrex|84\/100|[from] item: Rocky Helmet|[of] p1a: Ting-Lu\n|faint|p1a: Ting-Lu\n|-ability|p2a: Calyrex|Grim Neigh|boost\n|-boost|p2a: Calyrex|spa|1\n|\n|upkeep\n|\n|t:|1738525810\n|switch|p1a: Calyrex|Calyrex-Shadow, L50|100\/100\n|-ability|p1a: Calyrex|As One\n|-ability|p1a: Calyrex|Unnerve\n|turn|5\n|\n|t:|1738525827\n|-terastallize|p1a: Calyrex|Ghost\n|move|p2b: Ogerpon|Follow Me|p2b: Ogerpon\n|-singleturn|p2b: Ogerpon|move: Follow Me\n|move|p2a: Calyrex|Astral Barrage|p1b: Dondozo|[spread] p1a,p1b\n|-supereffective|p1a: Calyrex\n|-enditem|p1a: Calyrex|Focus Sash\n|-damage|p1a: Calyrex|1\/100\n|-damage|p1b: Dondozo|10\/100\n|move|p1a: Calyrex|Astral Barrage|p2a: Calyrex|[spread] p2a,p2b\n|-crit|p2b: Ogerpon\n|-damage|p2a: Calyrex|20\/100\n|-damage|p2b: Ogerpon|0 fnt\n|faint|p2b: Ogerpon\n|-ability|p1a: Calyrex|Grim Neigh|boost\n|-boost|p1a: Calyrex|spa|1\n|move|p1b: Dondozo|Wave Crash|p2a: Calyrex\n|-damage|p2a: Calyrex|0 fnt\n|faint|p2a: Calyrex\n|-damage|p1b: Dondozo|5\/100|[from] Recoil\n|\n|-heal|p1b: Dondozo|11\/100|[from] item: Leftovers\n|upkeep\n|\n|t:|1738525845\n|switch|p2a: Indeedee|Indeedee-F, L50, F|100\/100\n|turn|6\n|\n|t:|1738525852\n|move|p1a: Calyrex|Pollen Puff|p2a: Indeedee\n|-supereffective|p2a: Indeedee\n|-damage|p2a: Indeedee|0 fnt\n|faint|p2a: Indeedee\n|\n|win|meiose\n|raw|meiose's rating: 1637 &rarr; <strong>1656<\/strong><br \/>(+19 for winning)\n|raw|SuperOinge22's rating: 1618 &rarr; <strong>1599<\/strong><br \/>(-19 for losing)\n|l|\u2606SuperOinge22\n|player|p2|\n|l|\u2606meiose\n|player|p1|\n","uploadtime":1738525989,"views":18,"formatid":"gen9vgc2025regg","rating":1599,"private":0,"password":null}