{"id":"gen9vgc2025regg-2293182337","format":"[Gen 9] VGC 2025 Reg G","players":["illuminakiwii","uekfl"],"log":"|j|\u2606illuminakiwii\n|j|\u2606uekfl\n|t:|1738533290\n|gametype|doubles\n|player|p1|illuminakiwii|acetrainerf-gen4dp|1598\n|player|p2|uekfl|swimmer-gen4dp|1628\n|teamsize|p1|6\n|teamsize|p2|6\n|gen|9\n|tier|[Gen 9] VGC 2025 Reg G\n|rated|\n|rule|Species Clause: Limit one of each Pok\u00e9mon\n|rule|Item Clause: Limit 1 of each item\n|clearpoke\n|poke|p1|Zacian-*, L50|\n|poke|p1|Regidrago, L50|\n|poke|p1|Volcarona, L50, M|\n|poke|p1|Farigiraf, L50, F|\n|poke|p1|Tornadus, L50, M|\n|poke|p1|Urshifu-*, L50, F|\n|poke|p2|Calyrex-Shadow, L50|\n|poke|p2|Cresselia, L50, F|\n|poke|p2|Ursaluna, L50, F|\n|poke|p2|Indeedee-F, L50, F|\n|poke|p2|Clefairy, L50, M|\n|poke|p2|Annihilape, L50, M|\n|teampreview|4\n|inactive|Battle timer is ON: inactive players will automatically lose when time's up. (requested by illuminakiwii)\n|inactive|uekfl has 60 seconds left.\n|\n|t:|1738533327\n|start\n|switch|p1a: PunchyPunch|Urshifu-Rapid-Strike, L50, F|100\/100\n|switch|p1b: Fidget|Volcarona, L50, M, shiny|100\/100\n|switch|p2a: Annihilape|Annihilape, L50, M|100\/100\n|switch|p2b: Clefairy|Clefairy, L50, M|100\/100\n|turn|1\n|\n|t:|1738533342\n|-terastallize|p1a: PunchyPunch|Water\n|move|p1b: Fidget|Rage Powder|p1b: Fidget\n|-singleturn|p1b: Fidget|move: Rage Powder\n|move|p2b: Clefairy|Follow Me|p2b: Clefairy\n|-singleturn|p2b: Clefairy|move: Follow Me\n|move|p1a: PunchyPunch|Surging Strikes|p2b: Clefairy\n|-crit|p2b: Clefairy\n|-damage|p2b: Clefairy|81\/100\n|-crit|p2b: Clefairy\n|-damage|p2b: Clefairy|61\/100\n|-crit|p2b: Clefairy\n|-damage|p2b: Clefairy|41\/100\n|-hitcount|p2b: Clefairy|3\n|move|p2a: Annihilape|Bulk Up|p2a: Annihilape\n|-boost|p2a: Annihilape|atk|1\n|-boost|p2a: Annihilape|def|1\n|\n|upkeep\n|turn|2\n|inactive|uekfl has 30 seconds left.\n|\n|t:|1738533375\n|-terastallize|p2a: Annihilape|Water\n|move|p1a: PunchyPunch|Surging Strikes|p2b: Clefairy\n|-crit|p2b: Clefairy\n|-damage|p2b: Clefairy|20\/100\n|-crit|p2b: Clefairy\n|-damage|p2b: Clefairy|0 fnt\n|faint|p2b: Clefairy\n|-hitcount|p2: Clefairy|2\n|move|p1b: Fidget|Will-O-Wisp|p2a: Annihilape\n|-status|p2a: Annihilape|brn\n|move|p2a: Annihilape|Bulk Up|p2a: Annihilape\n|-boost|p2a: Annihilape|atk|1\n|-boost|p2a: Annihilape|def|1\n|\n|-damage|p2a: Annihilape|94\/100 brn|[from] brn\n|upkeep\n|\n|t:|1738533383\n|switch|p2b: Indeedee|Indeedee-F, L50, F|100\/100\n|-fieldstart|move: Psychic Terrain|[from] ability: Psychic Surge|[of] p2b: Indeedee\n|-enditem|p2b: Indeedee|Psychic Seed\n|-boost|p2b: Indeedee|spd|1|[from] item: Psychic Seed\n|turn|3\n|\n|t:|1738533396\n|move|p1a: PunchyPunch|Surging Strikes|p2b: Indeedee\n|-crit|p2b: Indeedee\n|-damage|p2b: Indeedee|76\/100\n|-crit|p2b: Indeedee\n|-damage|p2b: Indeedee|49\/100\n|-crit|p2b: Indeedee\n|-damage|p2b: Indeedee|21\/100\n|-hitcount|p2b: Indeedee|3\n|move|p1b: Fidget|Flamethrower|p2b: Indeedee\n|-crit|p2b: Indeedee\n|-damage|p2b: Indeedee|0 fnt\n|faint|p2b: Indeedee\n|move|p2a: Annihilape|Drain Punch|p1a: PunchyPunch\n|-damage|p1a: PunchyPunch|67\/100\n|-heal|p2a: Annihilape|100\/100 brn|[from] drain|[of] p1a: PunchyPunch\n|\n|-damage|p2a: Annihilape|94\/100 brn|[from] brn\n|upkeep\n|\n|t:|1738533410\n|switch|p2b: Calyrex|Calyrex-Shadow, L50|100\/100\n|-ability|p2b: Calyrex|As One\n|-ability|p2b: Calyrex|Unnerve\n|turn|4\n|\n|t:|1738533416\n|move|p1b: Fidget|Rage Powder|p1b: Fidget\n|-singleturn|p1b: Fidget|move: Rage Powder\n|move|p1a: PunchyPunch|Surging Strikes|p2b: Calyrex\n|-crit|p2b: Calyrex\n|-damage|p2b: Calyrex|68\/100\n|-crit|p2b: Calyrex\n|-damage|p2b: Calyrex|35\/100\n|-crit|p2b: Calyrex\n|-damage|p2b: Calyrex|2\/100\n|-hitcount|p2b: Calyrex|3\n|move|p2b: Calyrex|Expanding Force|p1a: PunchyPunch|[spread] p1a,p1b\n|-damage|p1a: PunchyPunch|0 fnt\n|-damage|p1b: Fidget|37\/100\n|faint|p1a: PunchyPunch\n|-ability|p2b: Calyrex|Grim Neigh|boost\n|-boost|p2b: Calyrex|spa|1\n|move|p2a: Annihilape|Drain Punch|p1b: Fidget\n|-resisted|p1b: Fidget\n|-damage|p1b: Fidget|23\/100\n|-heal|p2a: Annihilape|100\/100 brn|[from] drain|[of] p1b: Fidget\n|-damage|p2a: Annihilape|84\/100 brn|[from] item: Rocky Helmet|[of] p1b: Fidget\n|\n|-heal|p2a: Annihilape|90\/100 brn|[from] item: Leftovers\n|-damage|p2a: Annihilape|84\/100 brn|[from] brn\n|upkeep\n|\n|t:|1738533426\n|switch|p1a: DippertjeDap|Farigiraf, L50, F|100\/100\n|turn|5\n|\n|t:|1738533435\n|move|p1b: Fidget|Rage Powder|p1b: Fidget\n|-singleturn|p1b: Fidget|move: Rage Powder\n|move|p2b: Calyrex|Expanding Force|p1b: Fidget|[spread] p1a,p1b\n|-resisted|p1a: DippertjeDap\n|-damage|p1a: DippertjeDap|48\/100\n|-damage|p1b: Fidget|0 fnt\n|faint|p1b: Fidget\n|-ability|p2b: Calyrex|Grim Neigh|boost\n|-boost|p2b: Calyrex|spa|1\n|move|p2a: Annihilape|Drain Punch|p1a: DippertjeDap\n|-damage|p1a: DippertjeDap|22\/100\n|-heal|p2a: Annihilape|98\/100 brn|[from] drain|[of] p1a: DippertjeDap\n|move|p1a: DippertjeDap|Foul Play|p2b: Calyrex\n|-supereffective|p2b: Calyrex\n|-damage|p2b: Calyrex|0 fnt\n|faint|p2b: Calyrex\n|\n|-heal|p2a: Annihilape|100\/100 brn|[from] item: Leftovers\n|-damage|p2a: Annihilape|94\/100 brn|[from] brn\n|upkeep\n|\n|t:|1738533439\n|switch|p1b: Dust|Zacian-Crowned, L50, shiny|100\/100\n|-ability|p1b: Dust|Intrepid Sword|boost\n|-boost|p1b: Dust|atk|1\n|turn|6\n|\n|t:|1738533458\n|move|p1b: Dust|Protect|p1b: Dust\n|-singleturn|p1b: Dust|Protect\n|move|p2a: Annihilape|Protect|p2a: Annihilape\n|-singleturn|p2a: Annihilape|Protect\n|move|p1a: DippertjeDap|Psychic Noise|p2a: Annihilape\n|-activate|p2a: Annihilape|move: Protect\n|\n|-heal|p2a: Annihilape|100\/100 brn|[from] item: Leftovers\n|-damage|p2a: Annihilape|94\/100 brn|[from] brn\n|upkeep\n|turn|7\n|\n|t:|1738533469\n|move|p1b: Dust|Play Rough|p2a: Annihilape|[miss]\n|-miss|p1b: Dust|p2a: Annihilape\n|move|p2a: Annihilape|Rage Fist|p1b: Dust\n|-damage|p1b: Dust|80\/100\n|move|p1a: DippertjeDap|Psychic Noise|p2a: Annihilape\n|-crit|p2a: Annihilape\n|-damage|p2a: Annihilape|49\/100 brn\n|-start|p2a: Annihilape|move: Heal Block\n|\n|-damage|p2a: Annihilape|43\/100 brn|[from] brn\n|-fieldend|move: Psychic Terrain\n|upkeep\n|turn|8\n|-message|uekfl forfeited.\n|\n|win|illuminakiwii\n|raw|illuminakiwii's rating: 1598 &rarr; <strong>1620<\/strong><br \/>(+22 for winning)\n|raw|uekfl's rating: 1628 &rarr; <strong>1606<\/strong><br \/>(-22 for losing)\n|l|\u2606uekfl\n|player|p2|\n|l|\u2606illuminakiwii\n|player|p1|\n","uploadtime":1738533653,"views":9,"formatid":"gen9vgc2025regg","rating":1606,"private":0,"password":null}