{"id":"gen9vgc2025regg-2293096249","format":"[Gen 9] VGC 2025 Reg G","players":["Grimmjane","meiose"],"log":"|j|\u2606Grimmjane\n|j|\u2606meiose\n|t:|1738523140\n|gametype|doubles\n|player|p1|Grimmjane|266|1609\n|player|p2|meiose|schoolkid-gen4|1643\n|teamsize|p1|6\n|teamsize|p2|6\n|gen|9\n|tier|[Gen 9] VGC 2025 Reg G\n|rated|\n|rule|Species Clause: Limit one of each Pok\u00e9mon\n|rule|Item Clause: Limit 1 of each item\n|clearpoke\n|poke|p1|Zacian-*, L50|\n|poke|p1|Entei, L50|\n|poke|p1|Araquanid, L50, M|\n|poke|p1|Brute Bonnet, L50|\n|poke|p1|Tornadus, L50, M|\n|poke|p1|Ditto, L50|\n|poke|p2|Koraidon, L50|\n|poke|p2|Umbreon, L50, M|\n|poke|p2|Raging Bolt, L50|\n|poke|p2|Flutter Mane, L50|\n|poke|p2|Ogerpon-Cornerstone, L50, F|\n|poke|p2|Entei, L50|\n|teampreview|4\n|inactive|Battle timer is ON: inactive players will automatically lose when time's up. (requested by Grimmjane)\n|\n|t:|1738523187\n|start\n|switch|p1a: Tornadus|Tornadus, L50, M|100\/100\n|switch|p1b: Khairo|Zacian-Crowned, L50|100\/100\n|switch|p2a: Ogerpon|Ogerpon-Cornerstone, L50, F|100\/100\n|switch|p2b: Entei|Entei, L50|100\/100\n|-ability|p1b: Khairo|Intrepid Sword|boost\n|-boost|p1b: Khairo|atk|1\n|turn|1\n|\n|t:|1738523207\n|-terastallize|p1b: Khairo|Ground\n|move|p1b: Khairo|Tera Blast|p2b: Entei|[anim] Tera Blast Ground\n|-supereffective|p2b: Entei\n|-damage|p2b: Entei|0 fnt\n|faint|p2b: Entei\n|move|p2a: Ogerpon|Ivy Cudgel|p1a: Tornadus|[anim] Ivy Cudgel Rock\n|-supereffective|p1a: Tornadus\n|-enditem|p1a: Tornadus|Focus Sash\n|-damage|p1a: Tornadus|1\/100\n|move|p1a: Tornadus|Bleakwind Storm|p2a: Ogerpon\n|-damage|p2a: Ogerpon|38\/100\n|\n|upkeep\n|\n|t:|1738523213\n|switch|p2b: Koraidon|Koraidon, L50|100\/100\n|-weather|SunnyDay|[from] ability: Orichalcum Pulse|[of] p2b: Koraidon\n|-activate|p2b: Koraidon|Orichalcum Pulse|[source]\n|turn|2\n|inactive|meiose has 30 seconds left.\n|\n|t:|1738523239\n|-terastallize|p2b: Koraidon|Fire\n|move|p1a: Tornadus|Rain Dance|p1a: Tornadus\n|-weather|RainDance\n|move|p1b: Khairo|Behemoth Blade|p2a: Ogerpon\n|-supereffective|p2a: Ogerpon\n|-damage|p2a: Ogerpon|0 fnt\n|faint|p2a: Ogerpon\n|move|p2b: Koraidon|Scale Shot|p1a: Tornadus\n|-damage|p1a: Tornadus|0 fnt\n|faint|p1a: Tornadus\n|-hitcount|p1: Tornadus|1\n|-unboost|p2b: Koraidon|def|1\n|-boost|p2b: Koraidon|spe|1\n|\n|-weather|RainDance|[upkeep]\n|upkeep\n|\n|t:|1738523260\n|switch|p2a: Raging Bolt|Raging Bolt, L50|100\/100\n|switch|p1a: Brute Bonnet|Brute Bonnet, L50|100\/100\n|turn|3\n|\n|t:|1738523280\n|move|p2b: Koraidon|Collision Course|p1a: Brute Bonnet\n|-supereffective|p1a: Brute Bonnet\n|-damage|p1a: Brute Bonnet|0 fnt\n|faint|p1a: Brute Bonnet\n|-end|p1a: Brute Bonnet|Protosynthesis|[silent]\n|move|p1b: Khairo|Tera Blast|p2a: Raging Bolt|[anim] Tera Blast Ground\n|-supereffective|p2a: Raging Bolt\n|-damage|p2a: Raging Bolt|1\/100\n|move|p2a: Raging Bolt|Dragon Pulse|p1b: Khairo\n|-damage|p1b: Khairo|62\/100\n|\n|-weather|RainDance|[upkeep]\n|upkeep\n|\n|t:|1738523290\n|switch|p1a: Araquanid|Araquanid, L50, M|100\/100\n|turn|4\n|\n|t:|1738523310\n|move|p1a: Araquanid|Protect|p1a: Araquanid\n|-singleturn|p1a: Araquanid|Protect\n|move|p2a: Raging Bolt|Thunderclap||[still]\n|-fail|p2a: Raging Bolt\n|move|p2b: Koraidon|Scale Shot|p1b: Khairo\n|-damage|p1b: Khairo|50\/100\n|-damage|p1b: Khairo|38\/100\n|-damage|p1b: Khairo|24\/100\n|-crit|p1b: Khairo\n|-damage|p1b: Khairo|5\/100\n|-hitcount|p1b: Khairo|4\n|-unboost|p2b: Koraidon|def|1\n|-boost|p2b: Koraidon|spe|1\n|move|p1b: Khairo|Behemoth Blade|p2a: Raging Bolt\n|-resisted|p2a: Raging Bolt\n|-damage|p2a: Raging Bolt|0 fnt\n|faint|p2a: Raging Bolt\n|-end|p2a: Raging Bolt|Protosynthesis|[silent]\n|\n|-weather|RainDance|[upkeep]\n|upkeep\n|turn|5\n|\n|t:|1738523333\n|move|p2b: Koraidon|Scale Shot|p1b: Khairo\n|-damage|p1b: Khairo|0 fnt\n|faint|p1b: Khairo\n|-hitcount|p1: Khairo|1\n|-unboost|p2b: Koraidon|def|1\n|-boost|p2b: Koraidon|spe|1\n|move|p1a: Araquanid|Liquidation|p2b: Koraidon\n|-supereffective|p2b: Koraidon\n|-damage|p2b: Koraidon|0 fnt\n|faint|p2b: Koraidon\n|\n|win|Grimmjane\n|raw|Grimmjane's rating: 1609 &rarr; <strong>1631<\/strong><br \/>(+22 for winning)\n|raw|meiose's rating: 1643 &rarr; <strong>1621<\/strong><br \/>(-22 for losing)\n|l|\u2606Grimmjane\n|player|p1|\n","uploadtime":1738523498,"views":32,"formatid":"gen9vgc2025regg","rating":1621,"private":0,"password":null}