{"id":"gen9vgc2025regg-2293086990","format":"[Gen 9] VGC 2025 Reg G","players":["Grimmjane","NPC Red Panther"],"log":"|j|\u2606Grimmjane\n|j|\u2606NPC Red Panther\n|t:|1738522031\n|gametype|doubles\n|player|p1|Grimmjane|266|1644\n|player|p2|NPC Red Panther|169|1539\n|teamsize|p1|6\n|teamsize|p2|6\n|gen|9\n|tier|[Gen 9] VGC 2025 Reg G\n|rated|\n|rule|Species Clause: Limit one of each Pok\u00e9mon\n|rule|Item Clause: Limit 1 of each item\n|clearpoke\n|poke|p1|Zacian-*, L50|\n|poke|p1|Entei, L50|\n|poke|p1|Araquanid, L50, M|\n|poke|p1|Brute Bonnet, L50|\n|poke|p1|Tornadus, L50, M|\n|poke|p1|Ditto, L50|\n|poke|p2|Calyrex-Ice, L50|\n|poke|p2|Mienshao, L50, M|\n|poke|p2|Tornadus, L50, M|\n|poke|p2|Ting-Lu, L50|\n|poke|p2|Scream Tail, L50|\n|poke|p2|Gothitelle, L50, F|\n|teampreview|4\n|inactive|Battle timer is ON: inactive players will automatically lose when time's up. (requested by Grimmjane)\n|\n|t:|1738522051\n|start\n|switch|p1a: Tornadus|Tornadus, L50, M|100\/100\n|switch|p1b: Brute Bonnet|Brute Bonnet, L50|100\/100\n|switch|p2a: Mienshao|Mienshao, L50, M|100\/100\n|switch|p2b: Calyrex|Calyrex-Ice, L50|100\/100\n|-ability|p2b: Calyrex|As One\n|-ability|p2b: Calyrex|Unnerve\n|turn|1\n|j| kiabu233\n|\n|t:|1738522065\n|move|p2a: Mienshao|Fake Out|p1b: Brute Bonnet\n|-damage|p1b: Brute Bonnet|88\/100\n|move|p1a: Tornadus|Bleakwind Storm|p2b: Calyrex|[spread] p2a,p2b\n|-supereffective|p2a: Mienshao\n|-enditem|p2a: Mienshao|Focus Sash\n|-damage|p2a: Mienshao|1\/100\n|-damage|p2b: Calyrex|76\/100\n|move|p1b: Brute Bonnet|Spore|p2b: Calyrex\n|-status|p2b: Calyrex|slp|[from] move: Spore\n|cant|p2b: Calyrex|slp\n|\n|upkeep\n|turn|2\n|\n|t:|1738522078\n|-terastallize|p1b: Brute Bonnet|Poison\n|move|p2a: Mienshao|Coaching|p2b: Calyrex\n|-boost|p2b: Calyrex|atk|1\n|-boost|p2b: Calyrex|def|1\n|move|p1a: Tornadus|Bleakwind Storm|p2b: Calyrex|[spread] p2a\n|-miss|p1a: Tornadus|p2b: Calyrex\n|-supereffective|p2a: Mienshao\n|-damage|p2a: Mienshao|0 fnt\n|faint|p2a: Mienshao\n|move|p1b: Brute Bonnet|Crunch|p2b: Calyrex\n|-supereffective|p2b: Calyrex\n|-damage|p2b: Calyrex|44\/100 slp\n|cant|p2b: Calyrex|slp\n|\n|upkeep\n|\n|t:|1738522084\n|switch|p2a: Gothitelle|Gothitelle, L50, F|100\/100\n|turn|3\n|\n|t:|1738522096\n|move|p1a: Tornadus|Bleakwind Storm|p2a: Gothitelle|[spread] \n|-miss|p1a: Tornadus|p2a: Gothitelle\n|-miss|p1a: Tornadus|p2b: Calyrex\n|move|p1b: Brute Bonnet|Spore|p2a: Gothitelle\n|-status|p2a: Gothitelle|slp|[from] move: Spore\n|cant|p2a: Gothitelle|slp\n|-curestatus|p2b: Calyrex|slp|[msg]\n|move|p2b: Calyrex|Glacial Lance|p1b: Brute Bonnet|[spread] p1a,p1b\n|-supereffective|p1a: Tornadus\n|-enditem|p1a: Tornadus|Focus Sash\n|-damage|p1a: Tornadus|1\/100\n|-damage|p1b: Brute Bonnet|20\/100\n|\n|upkeep\n|turn|4\n|\n|t:|1738522113\n|switch|p2a: Scream Tail|Scream Tail, L50|100\/100\n|-enditem|p2a: Scream Tail|Booster Energy\n|-activate|p2a: Scream Tail|ability: Protosynthesis|[fromitem]\n|-start|p2a: Scream Tail|protosynthesisspe\n|move|p2b: Calyrex|Protect|p2b: Calyrex\n|-singleturn|p2b: Calyrex|Protect\n|move|p1a: Tornadus|Bleakwind Storm|p2b: Calyrex|[spread] p2a\n|-activate|p2b: Calyrex|move: Protect\n|-damage|p2a: Scream Tail|74\/100\n|move|p1b: Brute Bonnet|Clear Smog|p2b: Calyrex\n|-activate|p2b: Calyrex|move: Protect\n|\n|upkeep\n|turn|5\n|\n|t:|1738522128\n|move|p1a: Tornadus|Tailwind|p1a: Tornadus\n|-sidestart|p1: Grimmjane|move: Tailwind\n|move|p2a: Scream Tail|Encore|p1b: Brute Bonnet\n|-start|p1b: Brute Bonnet|Encore\n|move|p1b: Brute Bonnet|Clear Smog|p2a: Scream Tail\n|-supereffective|p2a: Scream Tail\n|-damage|p2a: Scream Tail|55\/100\n|-clearboost|p2a: Scream Tail\n|move|p2b: Calyrex|Glacial Lance|p1a: Tornadus|[spread] p1a,p1b\n|-supereffective|p1a: Tornadus\n|-damage|p1a: Tornadus|0 fnt\n|-damage|p1b: Brute Bonnet|0 fnt\n|faint|p1a: Tornadus\n|faint|p1b: Brute Bonnet\n|-end|p1b: Brute Bonnet|Protosynthesis|[silent]\n|-ability|p2b: Calyrex|Chilling Neigh|boost\n|-boost|p2b: Calyrex|atk|2\n|\n|upkeep\n|\n|t:|1738522136\n|switch|p1a: Khairo|Zacian-Crowned, L50|100\/100\n|switch|p1b: Araquanid|Araquanid, L50, M|100\/100\n|-ability|p1a: Khairo|Intrepid Sword|boost\n|-boost|p1a: Khairo|atk|1\n|turn|6\n|\n|t:|1738522156\n|-terastallize|p2a: Scream Tail|Dark\n|move|p2b: Calyrex|Protect|p2b: Calyrex\n|-singleturn|p2b: Calyrex|Protect\n|move|p1a: Khairo|Behemoth Blade|p2b: Calyrex\n|-activate|p2b: Calyrex|move: Protect\n|move|p2a: Scream Tail|Perish Song|p2a: Scream Tail\n|-start|p1a: Khairo|perish3|[silent]\n|-start|p1b: Araquanid|perish3|[silent]\n|-start|p2a: Scream Tail|perish3|[silent]\n|-start|p2b: Calyrex|perish3|[silent]\n|-fieldactivate|move: Perish Song\n|move|p1b: Araquanid|Leech Life|p2b: Calyrex\n|-activate|p2b: Calyrex|move: Protect\n|\n|-start|p1a: Khairo|perish3\n|-start|p2a: Scream Tail|perish3\n|-start|p1b: Araquanid|perish3\n|-start|p2b: Calyrex|perish3\n|upkeep\n|turn|7\n|\n|t:|1738522175\n|switch|p2b: Gothitelle|Gothitelle, L50, F|100\/100 slp\n|move|p2a: Scream Tail|Protect|p2a: Scream Tail\n|-singleturn|p2a: Scream Tail|Protect\n|move|p1a: Khairo|Behemoth Blade|p2b: Gothitelle\n|-damage|p2b: Gothitelle|32\/100 slp\n|-enditem|p2b: Gothitelle|Sitrus Berry|[eat]\n|-heal|p2b: Gothitelle|57\/100 slp|[from] item: Sitrus Berry\n|move|p1b: Araquanid|Liquidation|p2b: Gothitelle\n|-damage|p2b: Gothitelle|2\/100 slp\n|\n|-start|p1a: Khairo|perish2\n|-start|p2a: Scream Tail|perish2\n|-start|p1b: Araquanid|perish2\n|upkeep\n|turn|8\n|j| jdarcan\n|\n|t:|1738522198\n|-end|p2a: Scream Tail|Protosynthesis|[silent]\n|switch|p2a: Calyrex|Calyrex-Ice, L50|44\/100\n|-ability|p2a: Calyrex|As One\n|-ability|p2a: Calyrex|Unnerve\n|cant|p2b: Gothitelle|slp\n|move|p1a: Khairo|Behemoth Blade|p2a: Calyrex\n|-supereffective|p2a: Calyrex\n|-damage|p2a: Calyrex|0 fnt\n|faint|p2a: Calyrex\n|move|p1b: Araquanid|Liquidation|p2b: Gothitelle\n|-damage|p2b: Gothitelle|0 fnt\n|faint|p2b: Gothitelle\n|\n|-start|p1a: Khairo|perish1\n|-start|p1b: Araquanid|perish1\n|-sideend|p1: Grimmjane|move: Tailwind\n|upkeep\n|\n|t:|1738522214\n|switch|p2b: Scream Tail|Scream Tail, L50, tera:Dark|55\/100\n|turn|9\n|\n|t:|1738522220\n|move|p2b: Scream Tail|Protect|p2b: Scream Tail\n|-singleturn|p2b: Scream Tail|Protect\n|move|p1a: Khairo|Behemoth Blade|p2b: Scream Tail\n|-activate|p2b: Scream Tail|move: Protect\n|move|p1b: Araquanid|Liquidation|p2b: Scream Tail\n|-activate|p2b: Scream Tail|move: Protect\n|\n|-start|p1a: Khairo|perish0\n|-start|p1b: Araquanid|perish0\n|faint|p1a: Khairo\n|faint|p1b: Araquanid\n|\n|win|NPC Red Panther\n|upkeep\n|raw|Grimmjane's rating: 1644 &rarr; <strong>1618<\/strong><br \/>(-26 for losing)\n|raw|NPC Red Panther's rating: 1539 &rarr; <strong>1565<\/strong><br \/>(+26 for winning)\n|l|\u2606Grimmjane\n|player|p1|\n|l| kiabu233\n","uploadtime":1738522393,"views":18,"formatid":"gen9vgc2025regg","rating":1565,"private":0,"password":null}