{"id":"gen9vgc2025regg-2293567413","format":"[Gen 9] VGC 2025 Reg G","players":["trchlt1","yamagoh18"],"log":"|j|\u2606trchlt1\n|j|\u2606yamagoh18\n|t:|1738593027\n|gametype|doubles\n|player|p1|trchlt1|1|1624\n|player|p2|yamagoh18|169|1590\n|teamsize|p1|6\n|teamsize|p2|6\n|gen|9\n|tier|[Gen 9] VGC 2025 Reg G\n|rated|\n|rule|Species Clause: Limit one of each Pok\u00e9mon\n|rule|Item Clause: Limit 1 of each item\n|clearpoke\n|poke|p1|Chi-Yu, L50|\n|poke|p1|Regidrago, L50|\n|poke|p1|Zacian-*, L50|\n|poke|p1|Tornadus, L50, M|\n|poke|p1|Rillaboom, L50, M|\n|poke|p1|Farigiraf, L50, F|\n|poke|p2|Zamazenta-*, L50|\n|poke|p2|Farigiraf, L50, M|\n|poke|p2|Amoonguss, L50, F|\n|poke|p2|Gastrodon, L50, M|\n|poke|p2|Mimikyu, L50, F|\n|poke|p2|Iron Hands, L50|\n|teampreview|4\n|j| shadow193\n|\n|t:|1738593084\n|start\n|switch|p1a: Rillaboom|Rillaboom, L50, M|100\/100\n|switch|p1b: Zacian|Zacian-Crowned, L50|100\/100\n|switch|p2a: Mimikyu|Mimikyu, L50, F|100\/100\n|switch|p2b: Iron Hands|Iron Hands, L50|100\/100\n|-ability|p1b: Zacian|Intrepid Sword|boost\n|-boost|p1b: Zacian|atk|1\n|-fieldstart|move: Grassy Terrain|[from] ability: Grassy Surge|[of] p1a: Rillaboom\n|turn|1\n|\n|t:|1738593099\n|move|p2b: Iron Hands|Detect|p2b: Iron Hands\n|-singleturn|p2b: Iron Hands|Protect\n|move|p1a: Rillaboom|Fake Out|p2b: Iron Hands\n|-activate|p2b: Iron Hands|move: Protect\n|move|p1b: Zacian|Substitute|p1b: Zacian\n|-start|p1b: Zacian|Substitute\n|-damage|p1b: Zacian|75\/100\n|move|p2a: Mimikyu|Trick Room|p2a: Mimikyu\n|-fieldstart|move: Trick Room|[of] p2a: Mimikyu\n|\n|-heal|p1b: Zacian|82\/100|[from] Grassy Terrain\n|upkeep\n|turn|2\n|\n|t:|1738593123\n|-terastallize|p2b: Iron Hands|Ghost\n|move|p1a: Rillaboom|Grassy Glide|p2a: Mimikyu\n|-activate|p2a: Mimikyu|ability: Disguise\n|-damage|p2a: Mimikyu|100\/100\n|detailschange|p2a: Mimikyu|Mimikyu-Busted, L50, F\n|-damage|p2a: Mimikyu|88\/100|[from] pokemon: Mimikyu-Busted\n|move|p2b: Iron Hands|Belly Drum|p2b: Iron Hands\n|-damage|p2b: Iron Hands|50\/100\n|-setboost|p2b: Iron Hands|atk|6|[from] move: Belly Drum\n|-enditem|p2b: Iron Hands|Sitrus Berry|[eat]\n|-heal|p2b: Iron Hands|75\/100|[from] item: Sitrus Berry\n|move|p2a: Mimikyu|Psych Up|p2b: Iron Hands\n|-copyboost|p2a: Mimikyu|p2b: Iron Hands|[from] move: Psych Up\n|move|p1b: Zacian|Behemoth Blade|p2a: Mimikyu\n|-supereffective|p2a: Mimikyu\n|-damage|p2a: Mimikyu|0 fnt\n|faint|p2a: Mimikyu\n|\n|-heal|p2b: Iron Hands|82\/100|[from] Grassy Terrain\n|-heal|p1b: Zacian|88\/100|[from] Grassy Terrain\n|upkeep\n|\n|t:|1738593148\n|switch|p2a: Amoonguss|Amoonguss, L50, F|100\/100\n|turn|3\n|\n|t:|1738593161\n|move|p1b: Zacian|Protect|p1b: Zacian\n|-singleturn|p1b: Zacian|Protect\n|move|p2a: Amoonguss|Pollen Puff|p2b: Iron Hands\n|-heal|p2b: Iron Hands|100\/100\n|move|p2b: Iron Hands|Drain Punch|p1a: Rillaboom\n|-damage|p1a: Rillaboom|0 fnt\n|faint|p1a: Rillaboom\n|\n|-heal|p1b: Zacian|94\/100|[from] Grassy Terrain\n|upkeep\n|\n|t:|1738593173\n|switch|p1a: Chi-Yu|Chi-Yu, L50|100\/100\n|-ability|p1a: Chi-Yu|Beads of Ruin\n|turn|4\n|\n|t:|1738593194\n|move|p1a: Chi-Yu|Protect|p1a: Chi-Yu\n|-singleturn|p1a: Chi-Yu|Protect\n|move|p2a: Amoonguss|Pollen Puff|p1a: Chi-Yu\n|-activate|p1a: Chi-Yu|move: Protect\n|move|p2b: Iron Hands|Rock Slide|p1b: Zacian|[spread] p1b\n|-activate|p1a: Chi-Yu|move: Protect\n|-resisted|p1b: Zacian\n|-end|p1b: Zacian|Substitute\n|move|p1b: Zacian|Behemoth Blade|p2a: Amoonguss\n|-damage|p2a: Amoonguss|34\/100\n|\n|-heal|p2a: Amoonguss|39\/100|[from] Grassy Terrain\n|-heal|p1b: Zacian|99\/100|[from] Grassy Terrain\n|upkeep\n|turn|5\n|\n|t:|1738593218\n|switch|p1a: Tornadus|Tornadus, L50, M|100\/100\n|move|p1b: Zacian|Protect|p1b: Zacian\n|-singleturn|p1b: Zacian|Protect\n|move|p2a: Amoonguss|Spore|p1b: Zacian\n|-activate|p1b: Zacian|move: Protect\n|move|p2b: Iron Hands|Rock Slide|p1a: Tornadus|[spread] p1a\n|-activate|p1b: Zacian|move: Protect\n|-supereffective|p1a: Tornadus\n|-damage|p1a: Tornadus|0 fnt\n|faint|p1a: Tornadus\n|\n|-heal|p2a: Amoonguss|45\/100|[from] Grassy Terrain\n|-heal|p1b: Zacian|100\/100|[from] Grassy Terrain\n|-fieldend|move: Trick Room\n|-fieldend|move: Grassy Terrain\n|upkeep\n|\n|t:|1738593228\n|switch|p1a: Chi-Yu|Chi-Yu, L50|100\/100\n|-ability|p1a: Chi-Yu|Beads of Ruin\n|turn|6\n|\n|t:|1738593249\n|move|p2b: Iron Hands|Detect|p2b: Iron Hands\n|-singleturn|p2b: Iron Hands|Protect\n|move|p1b: Zacian|Behemoth Blade|p2a: Amoonguss\n|-damage|p2a: Amoonguss|0 fnt\n|faint|p2a: Amoonguss\n|move|p1a: Chi-Yu|Overheat|p2b: Iron Hands\n|-activate|p2b: Iron Hands|move: Protect\n|\n|upkeep\n|\n|t:|1738593259\n|switch|p2a: Zamazenta|Zamazenta-Crowned, L50|100\/100\n|-ability|p2a: Zamazenta|Dauntless Shield|boost\n|-boost|p2a: Zamazenta|def|1\n|turn|7\n|\n|t:|1738593284\n|-terastallize|p1a: Chi-Yu|Ghost\n|move|p1b: Zacian|Behemoth Blade|p2b: Iron Hands\n|-damage|p2b: Iron Hands|40\/100\n|move|p1a: Chi-Yu|Dark Pulse|p2b: Iron Hands\n|-supereffective|p2b: Iron Hands\n|-damage|p2b: Iron Hands|0 fnt\n|faint|p2b: Iron Hands\n|-end|p2b: Iron Hands|Quark Drive|[silent]\n|move|p2a: Zamazenta|Body Press|p1b: Zacian\n|-crit|p1b: Zacian\n|-damage|p1b: Zacian|7\/100\n|\n|upkeep\n|turn|8\n|\n|t:|1738593301\n|move|p1b: Zacian|Behemoth Blade|p2a: Zamazenta\n|-resisted|p2a: Zamazenta\n|-damage|p2a: Zamazenta|85\/100\n|move|p1a: Chi-Yu|Overheat|p2a: Zamazenta\n|-supereffective|p2a: Zamazenta\n|-damage|p2a: Zamazenta|0 fnt\n|-unboost|p1a: Chi-Yu|spa|2\n|faint|p2a: Zamazenta\n|\n|win|trchlt1\n|raw|trchlt1's rating: 1624 &rarr; <strong>1642<\/strong><br \/>(+18 for winning)\n|raw|yamagoh18's rating: 1590 &rarr; <strong>1572<\/strong><br \/>(-18 for losing)\n|l|\u2606trchlt1\n|player|p1|\n|l| shadow193\n|l|\u2606yamagoh18\n|player|p2|\n","uploadtime":1738593443,"views":19,"formatid":"gen9vgc2025regg","rating":1572,"private":0,"password":null}