{"id":"gen9vgc2025regg-2293818455","format":"[Gen 9] VGC 2025 Reg G","players":["Prometheus756","via mario fani"],"log":"|j|\u2606Prometheus756\n|j|\u2606via mario fani\n|t:|1738618969\n|gametype|doubles\n|player|p1|Prometheus756|gentleman-gen4dp|1711\n|player|p2|via mario fani|waitress|1649\n|teamsize|p1|6\n|teamsize|p2|6\n|gen|9\n|tier|[Gen 9] VGC 2025 Reg G\n|rated|\n|rule|Species Clause: Limit one of each Pok\u00e9mon\n|rule|Item Clause: Limit 1 of each item\n|clearpoke\n|poke|p1|Ditto, L50|\n|poke|p1|Smeargle, L50, M|\n|poke|p1|Muk-Alola, L50, F|\n|poke|p1|Kyogre, L50|\n|poke|p1|Tornadus, L50, M|\n|poke|p1|Ogerpon-Cornerstone, L50, F|\n|poke|p2|Incineroar, L50, M|\n|poke|p2|Amoonguss, L50, F|\n|poke|p2|Kyogre, L50|\n|poke|p2|Rillaboom, L50, M|\n|poke|p2|Gholdengo, L50|\n|poke|p2|Urshifu-*, L50, F|\n|teampreview|4\n|inactive|Battle timer is ON: inactive players will automatically lose when time's up. (requested by Prometheus756)\nvia mario fani has agreed to open team sheets.\n|j| Funn yIy\n|inactive|via mario fani has 60 seconds left.\n|inactive|via mario fani has 30 seconds left.\nPrometheus756 rejected open team sheets.\n|inactive|via mario fani has 20 seconds left.\n|\n|t:|1738619041\n|start\n|switch|p1a: Smeargle|Smeargle, L50, M|100\/100\n|switch|p1b: Kyogre|Kyogre, L50|100\/100\n|switch|p2a: Incineroar|Incineroar, L50, M|100\/100\n|switch|p2b: Gholdengo|Gholdengo, L50|100\/100\n|-weather|RainDance|[from] ability: Drizzle|[of] p1b: Kyogre\n|-ability|p2a: Incineroar|Intimidate|boost\n|-unboost|p1a: Smeargle|atk|1\n|-unboost|p1b: Kyogre|atk|1\n|turn|1\n|\n|t:|1738619059\n|-terastallize|p1b: Kyogre|Water\n|move|p1a: Smeargle|Fake Out|p2a: Incineroar\n|-damage|p2a: Incineroar|98\/100\n|cant|p2a: Incineroar|flinch\n|move|p2b: Gholdengo|Make It Rain|p1b: Kyogre|[spread] p1a,p1b\n|-resisted|p1b: Kyogre\n|-enditem|p1a: Smeargle|Focus Sash\n|-damage|p1a: Smeargle|1\/100\n|-damage|p1b: Kyogre|82\/100\n|-unboost|p2b: Gholdengo|spa|1\n|move|p1b: Kyogre|Water Spout|p2b: Gholdengo|[spread] p2a,p2b\n|-supereffective|p2a: Incineroar\n|-damage|p2a: Incineroar|0 fnt\n|-damage|p2b: Gholdengo|0 fnt\n|faint|p2a: Incineroar\n|faint|p2b: Gholdengo\n|\n|-weather|RainDance|[upkeep]\n|-ability|p1a: Smeargle|Moody|boost\n|-boost|p1a: Smeargle|spd|2\n|-unboost|p1a: Smeargle|spa|1\n|upkeep\n|\n|t:|1738619068\n|switch|p2b: Kyogre|Kyogre, L50|100\/100\n|switch|p2a: Rillaboom|Rillaboom, L50, M|100\/100\n|-fieldstart|move: Grassy Terrain|[from] ability: Grassy Surge|[of] p2a: Rillaboom\n|turn|2\n|inactive|Prometheus756 has 30 seconds left.\n|\n|t:|1738619095\n|switch|p1b: Ditto|Ditto, L50|100\/100\n|-transform|p1b: Ditto|p2a: Rillaboom|[from] ability: Imposter\n|-terastallize|p2b: Kyogre|Grass\n|move|p1a: Smeargle|Wide Guard|p1a: Smeargle\n|-singleturn|p1a: Smeargle|Wide Guard\n|move|p2a: Rillaboom|Fake Out|p1b: Ditto\n|-damage|p1b: Ditto|83\/100\n|move|p2b: Kyogre|Calm Mind|p2b: Kyogre\n|-boost|p2b: Kyogre|spa|1\n|-boost|p2b: Kyogre|spd|1\n|\n|-weather|RainDance|[upkeep]\n|-heal|p1b: Ditto|89\/100|[from] Grassy Terrain\n|-heal|p1a: Smeargle|7\/100|[from] Grassy Terrain\n|-ability|p1a: Smeargle|Moody|boost\n|-boost|p1a: Smeargle|spa|2\n|-unboost|p1a: Smeargle|spe|1\n|upkeep\n|turn|3\n|j| xiaoliyun.official\n|j| Triple20\n|inactive|Prometheus756 has 30 seconds left.\n|\n|t:|1738619123\n|move|p1b: Ditto|Fake Out|p2b: Kyogre\n|-damage|p2b: Kyogre|89\/100\n|move|p1a: Smeargle|Follow Me|p1a: Smeargle\n|-singleturn|p1a: Smeargle|move: Follow Me\n|cant|p2b: Kyogre|flinch\n|move|p2a: Rillaboom|U-turn|p1a: Smeargle\n|-damage|p1a: Smeargle|0 fnt\n|faint|p1a: Smeargle\n|\n|-weather|RainDance|[upkeep]\n|-heal|p1b: Ditto|95\/100|[from] Grassy Terrain\n|-heal|p2b: Kyogre|95\/100|[from] Grassy Terrain\n|-heal|p2b: Kyogre|100\/100|[from] item: Leftovers\n|upkeep\n|l| xiaoliyun.official\n|\n|t:|1738619133\n|switch|p1a: Tornadus|Tornadus, L50, M|100\/100\n|turn|4\n|j| Therazer456\n|inactive|Prometheus756 has 30 seconds left.\n|\n|t:|1738619160\n|switch|p1b: Kyogre|Kyogre, L50, tera:Water|82\/100\n|move|p1a: Tornadus|Bleakwind Storm|p2b: Kyogre|[spread] p2a,p2b\n|-supereffective|p2a: Rillaboom\n|-supereffective|p2b: Kyogre\n|-damage|p2a: Rillaboom|51\/100\n|-damage|p2b: Kyogre|69\/100\n|move|p2b: Kyogre|Origin Pulse|p1a: Tornadus|[spread] p1a,p1b\n|-resisted|p1b: Kyogre\n|-damage|p1a: Tornadus|0 fnt\n|-damage|p1b: Kyogre|39\/100\n|faint|p1a: Tornadus\n|move|p2a: Rillaboom|U-turn|p1b: Kyogre\n|-damage|p1b: Kyogre|11\/100\n|\n|-weather|RainDance|[upkeep]\n|-heal|p1b: Kyogre|17\/100|[from] Grassy Terrain\n|-heal|p2b: Kyogre|74\/100|[from] Grassy Terrain\n|-heal|p2b: Kyogre|80\/100|[from] item: Leftovers\n|-heal|p2a: Rillaboom|57\/100|[from] Grassy Terrain\n|upkeep\n|\n|t:|1738619169\n|switch|p1a: Ditto|Ditto, L50|95\/100\n|-transform|p1a: Ditto|p2b: Kyogre|[from] ability: Imposter\n|-start|p1a: Ditto|typechange|Water|[silent]\n|turn|5\n|\n|t:|1738619179\n|move|p2a: Rillaboom|Grassy Glide|p1b: Kyogre\n|-supereffective|p1b: Kyogre\n|-damage|p1b: Kyogre|0 fnt\n|faint|p1b: Kyogre\n|move|p1a: Ditto|Ice Beam|p2a: Rillaboom\n|-supereffective|p2a: Rillaboom\n|-damage|p2a: Rillaboom|0 fnt\n|faint|p2a: Rillaboom\n|move|p2b: Kyogre|Calm Mind|p2b: Kyogre\n|-boost|p2b: Kyogre|spa|1\n|-boost|p2b: Kyogre|spd|1\n|\n|-weather|none\n|-heal|p1a: Ditto|100\/100|[from] Grassy Terrain\n|-heal|p2b: Kyogre|86\/100|[from] Grassy Terrain\n|-heal|p2b: Kyogre|92\/100|[from] item: Leftovers\n|upkeep\n|turn|6\n|\n|t:|1738619185\n|move|p1a: Ditto|Ice Beam|p2b: Kyogre\n|-supereffective|p2b: Kyogre\n|-damage|p2b: Kyogre|59\/100\n|move|p2b: Kyogre|Ice Beam|p1a: Ditto\n|-resisted|p1a: Ditto\n|-damage|p1a: Ditto|81\/100\n|\n|-heal|p1a: Ditto|87\/100|[from] Grassy Terrain\n|-heal|p2b: Kyogre|65\/100|[from] Grassy Terrain\n|-heal|p2b: Kyogre|71\/100|[from] item: Leftovers\n|-fieldend|move: Grassy Terrain\n|upkeep\n|turn|7\n|\n|t:|1738619189\n|move|p2b: Kyogre|Protect|p2b: Kyogre\n|-singleturn|p2b: Kyogre|Protect\n|move|p1a: Ditto|Ice Beam|p2b: Kyogre\n|-activate|p2b: Kyogre|move: Protect\n|\n|-heal|p2b: Kyogre|76\/100|[from] item: Leftovers\n|upkeep\n|turn|8\n|\n|t:|1738619193\n|move|p1a: Ditto|Ice Beam|p2b: Kyogre\n|-supereffective|p2b: Kyogre\n|-damage|p2b: Kyogre|42\/100\n|move|p2b: Kyogre|Origin Pulse|p1a: Ditto|[miss]\n|-miss|p2b: Kyogre|p1a: Ditto\n|\n|-heal|p2b: Kyogre|47\/100|[from] item: Leftovers\n|upkeep\n|turn|9\n|\n|t:|1738619196\n|move|p2b: Kyogre|Protect|p2b: Kyogre\n|-singleturn|p2b: Kyogre|Protect\n|move|p1a: Ditto|Ice Beam|p2b: Kyogre\n|-activate|p2b: Kyogre|move: Protect\n|\n|-heal|p2b: Kyogre|53\/100|[from] item: Leftovers\n|upkeep\n|turn|10\n|\n|t:|1738619199\n|-activate|p1a: Ditto|move: Struggle\n|move|p1a: Ditto|Struggle|p2b: Kyogre\n|-damage|p2b: Kyogre|46\/100\n|-damage|p1a: Ditto|62\/100|[from] recoil\n|move|p2b: Kyogre|Calm Mind|p2b: Kyogre\n|-boost|p2b: Kyogre|spa|1\n|-boost|p2b: Kyogre|spd|1\n|\n|-heal|p2b: Kyogre|52\/100|[from] item: Leftovers\n|upkeep\n|turn|11\n|\n|t:|1738619203\n|move|p2b: Kyogre|Protect|p2b: Kyogre\n|-singleturn|p2b: Kyogre|Protect\n|-activate|p1a: Ditto|move: Struggle\n|move|p1a: Ditto|Struggle|p2b: Kyogre\n|-activate|p2b: Kyogre|move: Protect\n|\n|-heal|p2b: Kyogre|58\/100|[from] item: Leftovers\n|upkeep\n|turn|12\n|c|\u2606Prometheus756|The weakness of ditto\n|c|\u2606Prometheus756|only gets 5 pp \ud83d\ude2d\n|\n|t:|1738619223\n|-activate|p1a: Ditto|move: Struggle\n|move|p1a: Ditto|Struggle|p2b: Kyogre\n|-damage|p2b: Kyogre|50\/100\n|-damage|p1a: Ditto|37\/100|[from] recoil\n|move|p2b: Kyogre|Origin Pulse|p1a: Ditto\n|-resisted|p1a: Ditto\n|-damage|p1a: Ditto|0 fnt\n|faint|p1a: Ditto\n|\n|win|via mario fani\n|raw|Prometheus756's rating: 1711 &rarr; <strong>1687<\/strong><br \/>(-24 for losing)\n|raw|via mario fani's rating: 1649 &rarr; <strong>1673<\/strong><br \/>(+24 for winning)\n|c|\u2606via mario fani|gg\n|c|\u2606Prometheus756|Gg\n|l|\u2606via mario fani\n|player|p2|\n|l|\u2606Prometheus756\n|player|p1|\n","uploadtime":1738619427,"views":19,"formatid":"gen9vgc2025regg","rating":1673,"private":0,"password":null}