{"id":"gen9vgc2025regg-2293617979","format":"[Gen 9] VGC 2025 Reg G","players":["WobCob","ahfoong0411"],"log":"|j|\u2606WobCob\n|j|\u2606ahfoong0411\n|t:|1738598669\n|gametype|doubles\n|player|p1|WobCob|caitlin|1596\n|player|p2|ahfoong0411|1|1622\n|teamsize|p1|6\n|teamsize|p2|6\n|gen|9\n|tier|[Gen 9] VGC 2025 Reg G\n|rated|\n|rule|Species Clause: Limit one of each Pok\u00e9mon\n|rule|Item Clause: Limit 1 of each item\n|clearpoke\n|poke|p1|Urshifu-*, L50, F|\n|poke|p1|Kyogre, L50|\n|poke|p1|Chien-Pao, L50|\n|poke|p1|Whimsicott, L50, F|\n|poke|p1|Gholdengo, L50|\n|poke|p1|Amoonguss, L50, F|\n|poke|p2|Calyrex-Ice, L50|\n|poke|p2|Amoonguss, L50, F|\n|poke|p2|Pelipper, L50, F|\n|poke|p2|Landorus, L50, M|\n|poke|p2|Urshifu-*, L50, F|\n|poke|p2|Ogerpon-Hearthflame, L50, F|\n|teampreview|4\n|inactive|Battle timer is ON: inactive players will automatically lose when time's up. (requested by WobCob)\n|inactive|WobCob has 60 seconds left.\n|inactive|ahfoong0411 has 60 seconds left.\n|inactive|ahfoong0411 has 30 seconds left.\n|inactive|ahfoong0411 has 20 seconds left.\n|inactive|ahfoong0411 has 15 seconds left.\n|inactive|ahfoong0411 has 10 seconds left.\n|inactive|ahfoong0411 has 5 seconds left.\n|\n|t:|1738598757\n|start\n|switch|p1a: Chien-Pao|Chien-Pao, L50|100\/100\n|switch|p1b: Gholdengo|Gholdengo, L50, shiny|100\/100\n|switch|p2a: Urshifu|Urshifu-Rapid-Strike, L50, F|100\/100\n|switch|p2b: Pelipper|Pelipper, L50, F|100\/100\n|-ability|p1a: Chien-Pao|Sword of Ruin\n|-weather|RainDance|[from] ability: Drizzle|[of] p2b: Pelipper\n|turn|1\n|inactive|WobCob has 30 seconds left.\n|inactive|ahfoong0411 has 30 seconds left.\n|inactive|WobCob has 20 seconds left.\n|\n|t:|1738598792\n|-terastallize|p1b: Gholdengo|Water\n|move|p2b: Pelipper|Helping Hand|p2a: Urshifu\n|-singleturn|p2a: Urshifu|Helping Hand|[of] p2b: Pelipper\n|move|p2a: Urshifu|Surging Strikes|p1b: Gholdengo\n|-resisted|p1b: Gholdengo\n|-crit|p1b: Gholdengo\n|-damage|p1b: Gholdengo|69\/100\n|-resisted|p1b: Gholdengo\n|-crit|p1b: Gholdengo\n|-damage|p1b: Gholdengo|40\/100\n|-resisted|p1b: Gholdengo\n|-crit|p1b: Gholdengo\n|-damage|p1b: Gholdengo|13\/100\n|-hitcount|p1b: Gholdengo|3\n|move|p1a: Chien-Pao|Icicle Crash|p2a: Urshifu\n|-resisted|p2a: Urshifu\n|-damage|p2a: Urshifu|76\/100\n|move|p1b: Gholdengo|Shadow Ball|p2a: Urshifu\n|-damage|p2a: Urshifu|3\/100\n|-damage|p1b: Gholdengo|3\/100|[from] item: Life Orb\n|\n|-weather|RainDance|[upkeep]\n|upkeep\n|turn|2\n|j| Mukmogs\n|inactive|ahfoong0411 has 30 seconds left.\n|inactive|ahfoong0411 has 20 seconds left.\n|\n|t:|1738598828\n|switch|p2a: Ogerpon|Ogerpon-Hearthflame, L50, F|100\/100\n|-ability|p2a: Ogerpon|Mold Breaker\n|switch|p1b: Urshifu|Urshifu-Rapid-Strike, L50, F|100\/100\n|move|p1a: Chien-Pao|Sucker Punch||[still]\n|-fail|p1a: Chien-Pao\n|move|p2b: Pelipper|Weather Ball|p1a: Chien-Pao\n|-enditem|p1a: Chien-Pao|Focus Sash\n|-damage|p1a: Chien-Pao|1\/100\n|\n|-weather|RainDance|[upkeep]\n|upkeep\n|turn|3\n|inactive|ahfoong0411 has 30 seconds left.\n|\n|t:|1738598861\n|move|p2a: Ogerpon|Follow Me|p2a: Ogerpon\n|-singleturn|p2a: Ogerpon|move: Follow Me\n|move|p1a: Chien-Pao|Icicle Crash|p2a: Ogerpon\n|-damage|p2a: Ogerpon|55\/100\n|move|p1b: Urshifu|Surging Strikes|p2a: Ogerpon\n|-crit|p2a: Ogerpon\n|-damage|p2a: Ogerpon|14\/100\n|-crit|p2a: Ogerpon\n|-damage|p2a: Ogerpon|0 fnt\n|faint|p2a: Ogerpon\n|-hitcount|p2: Ogerpon|2\n|move|p2b: Pelipper|Hurricane|p1b: Urshifu\n|-supereffective|p1b: Urshifu\n|-damage|p1b: Urshifu|0 fnt\n|faint|p1b: Urshifu\n|\n|-weather|RainDance|[upkeep]\n|upkeep\n|inactive|ahfoong0411 has 30 seconds left.\n|\n|t:|1738598887\n|switch|p1b: Kyogre|Kyogre, L50|100\/100\n|switch|p2a: Urshifu|Urshifu-Rapid-Strike, L50, F|3\/100\n|turn|4\n|inactive|WobCob has 30 seconds left.\n|inactive|ahfoong0411 has 30 seconds left.\n|\n|t:|1738598914\n|-terastallize|p2b: Pelipper|Grass\n|move|p2a: Urshifu|Aqua Jet|p1a: Chien-Pao\n|-damage|p1a: Chien-Pao|0 fnt\n|faint|p1a: Chien-Pao\n|move|p1b: Kyogre|Thunder|p2a: Urshifu\n|-supereffective|p2a: Urshifu\n|-damage|p2a: Urshifu|0 fnt\n|faint|p2a: Urshifu\n|move|p2b: Pelipper|Hurricane|p1b: Kyogre\n|-damage|p1b: Kyogre|77\/100\n|\n|-weather|RainDance|[upkeep]\n|upkeep\n|\n|t:|1738598925\n|switch|p1a: Gholdengo|Gholdengo, L50, shiny, tera:Water|3\/100\n|switch|p2a: Calyrex|Calyrex-Ice, L50|100\/100\n|-ability|p2a: Calyrex|As One\n|-ability|p2a: Calyrex|Unnerve\n|turn|5\n|inactive|WobCob has 30 seconds left.\n|\n|t:|1738598951\n|move|p2a: Calyrex|Protect|p2a: Calyrex\n|-singleturn|p2a: Calyrex|Protect\n|move|p1a: Gholdengo|Make It Rain|p2a: Calyrex|[spread] p2b\n|-activate|p2a: Calyrex|move: Protect\n|-damage|p2b: Pelipper|2\/100\n|-unboost|p1a: Gholdengo|spa|1\n|-damage|p1a: Gholdengo|0 fnt|[from] item: Life Orb\n|faint|p1a: Gholdengo\n|move|p1b: Kyogre|Ice Beam|p2b: Pelipper\n|-supereffective|p2b: Pelipper\n|-damage|p2b: Pelipper|0 fnt\n|faint|p2b: Pelipper\n|\n|-weather|none\n|upkeep\n|turn|6\n|\n|t:|1738598966\n|move|p1b: Kyogre|Water Spout|p2a: Calyrex\n|-damage|p2a: Calyrex|49\/100\n|move|p2a: Calyrex|High Horsepower|p1b: Kyogre\n|-damage|p1b: Kyogre|46\/100\n|\n|upkeep\n|turn|7\n|\n|t:|1738598974\n|move|p1b: Kyogre|Origin Pulse|p2a: Calyrex\n|-damage|p2a: Calyrex|0 fnt\n|faint|p2a: Calyrex\n|\n|win|WobCob\n|raw|WobCob's rating: 1596 &rarr; <strong>1617<\/strong><br \/>(+21 for winning)\n|raw|ahfoong0411's rating: 1622 &rarr; <strong>1601<\/strong><br \/>(-21 for losing)\n|l|\u2606WobCob\n|player|p1|\n|l|\u2606ahfoong0411\n|player|p2|\n|l| Mukmogs\n","uploadtime":1738599123,"views":15,"formatid":"gen9vgc2025regg","rating":1601,"private":0,"password":null}