{"id":"gen9vgc2025regg-2293667259","format":"[Gen 9] VGC 2025 Reg G","players":["angelluisenjoyer","Farmyom"],"log":"|j|\u2606angelluisenjoyer\n|j|\u2606Farmyom\n|t:|1738603676\n|gametype|doubles\n|player|p1|angelluisenjoyer|volkner|1555\n|player|p2|Farmyom|beauty-gen5bw2|1543\n|teamsize|p1|6\n|teamsize|p2|6\n|gen|9\n|tier|[Gen 9] VGC 2025 Reg G\n|rated|\n|rule|Species Clause: Limit one of each Pok\u00e9mon\n|rule|Item Clause: Limit 1 of each item\n|clearpoke\n|poke|p1|Calyrex-Ice, L50|\n|poke|p1|Milotic, L50, F|\n|poke|p1|Ursaluna-Bloodmoon, L50, M|\n|poke|p1|Urshifu-*, L50, M|\n|poke|p1|Amoonguss, L50, F|\n|poke|p1|Iron Hands, L50|\n|poke|p2|Terapagos, L50, M|\n|poke|p2|Flutter Mane, L50|\n|poke|p2|Tornadus, L50, M|\n|poke|p2|Incineroar, L50, F|\n|poke|p2|Rillaboom, L50, M|\n|poke|p2|Walking Wake, L50|\n|teampreview|4\n|inactive|Battle timer is ON: inactive players will automatically lose when time's up. (requested by Farmyom)\n|inactive|Farmyom has 60 seconds left.\n|\n|t:|1738603708\n|start\n|switch|p1a: Calyrex|Calyrex-Ice, L50|100\/100\n|switch|p1b: Milotic|Milotic, L50, F|100\/100\n|switch|p2a: Rillaboom|Rillaboom, L50, M|100\/100\n|switch|p2b: Tornadus|Tornadus, L50, M|100\/100\n|-ability|p1a: Calyrex|As One\n|-ability|p1a: Calyrex|Unnerve\n|-fieldstart|move: Grassy Terrain|[from] ability: Grassy Surge|[of] p2a: Rillaboom\n|turn|1\n|\n|t:|1738603731\n|move|p1b: Milotic|Protect|p1b: Milotic\n|-singleturn|p1b: Milotic|Protect\n|move|p2a: Rillaboom|Fake Out|p1a: Calyrex\n|-damage|p1a: Calyrex|92\/100\n|move|p2b: Tornadus|Taunt|p1a: Calyrex\n|-start|p1a: Calyrex|move: Taunt\n|cant|p1a: Calyrex|flinch\n|\n|-heal|p1a: Calyrex|98\/100|[from] Grassy Terrain\n|upkeep\n|turn|2\n|\n|t:|1738603749\n|switch|p2b: Incineroar|Incineroar, L50, F|100\/100\n|-ability|p2b: Incineroar|Intimidate|boost\n|-unboost|p1a: Calyrex|atk|1\n|-unboost|p1b: Milotic|atk|1\n|-ability|p1b: Milotic|Competitive|boost\n|-boost|p1b: Milotic|spa|2\n|switch|p1b: Iron Hands|Iron Hands, L50|100\/100\n|-terastallize|p2a: Rillaboom|Fire\n|move|p2a: Rillaboom|Wood Hammer|p1b: Iron Hands\n|-damage|p1b: Iron Hands|47\/100\n|-damage|p2a: Rillaboom|79\/100|[from] Recoil\n|move|p1a: Calyrex|Glacial Lance|p2b: Incineroar|[spread] p2a,p2b\n|-resisted|p2a: Rillaboom\n|-resisted|p2b: Incineroar\n|-damage|p2a: Rillaboom|56\/100\n|-damage|p2b: Incineroar|84\/100\n|\n|-heal|p2a: Rillaboom|62\/100|[from] Grassy Terrain\n|-heal|p2b: Incineroar|90\/100|[from] Grassy Terrain\n|-heal|p1a: Calyrex|100\/100|[from] Grassy Terrain\n|-heal|p1b: Iron Hands|53\/100|[from] Grassy Terrain\n|upkeep\n|turn|3\n|inactive|Farmyom has 30 seconds left.\n|\n|t:|1738603780\n|switch|p1a: Milotic|Milotic, L50, F|100\/100\n|move|p2a: Rillaboom|Wood Hammer|p1b: Iron Hands\n|-damage|p1b: Iron Hands|0 fnt\n|faint|p1b: Iron Hands\n|-end|p1b: Iron Hands|Quark Drive|[silent]\n|-damage|p2a: Rillaboom|42\/100|[from] Recoil\n|move|p2b: Incineroar|Knock Off|p1a: Milotic\n|-damage|p1a: Milotic|72\/100\n|-enditem|p1a: Milotic|Leftovers|[from] move: Knock Off|[of] p2b: Incineroar\n|\n|-heal|p2a: Rillaboom|48\/100|[from] Grassy Terrain\n|-heal|p1a: Milotic|79\/100|[from] Grassy Terrain\n|-heal|p2b: Incineroar|96\/100|[from] Grassy Terrain\n|upkeep\n|\n|t:|1738603790\n|switch|p1b: Urshifu|Urshifu, L50, M|100\/100\n|turn|4\n|\n|t:|1738603807\n|switch|p2a: Tornadus|Tornadus, L50, M|100\/100\n|move|p1a: Milotic|Protect|p1a: Milotic\n|-singleturn|p1a: Milotic|Protect\n|move|p1b: Urshifu|Wicked Blow|p2a: Tornadus\n|-crit|p2a: Tornadus\n|-damage|p2a: Tornadus|32\/100\n|move|p2b: Incineroar|Parting Shot|p1b: Urshifu\n|-unboost|p1b: Urshifu|atk|1\n|-unboost|p1b: Urshifu|spa|1\n|\n|t:|1738603819\n|switch|p2b: Terapagos|Terapagos, L50, M|100\/100|[from] Parting Shot\n|-activate|p2b: Terapagos|ability: Tera Shift\n|detailschange|p2b: Terapagos|Terapagos-Terastal, L50, M\n|-heal|p2b: Terapagos|100\/100|[silent]\n|\n|-heal|p1a: Milotic|85\/100|[from] Grassy Terrain\n|upkeep\n|turn|5\n|j| 17 character name\n|inactive|Farmyom has 30 seconds left.\n|\n|t:|1738603849\n|switch|p1b: Calyrex|Calyrex-Ice, L50|100\/100\n|-ability|p1b: Calyrex|As One\n|-ability|p1b: Calyrex|Unnerve\n|move|p2a: Tornadus|Bleakwind Storm|p1a: Milotic|[spread] p1a,p1b\n|-damage|p1a: Milotic|60\/100\n|-damage|p1b: Calyrex|76\/100\n|move|p2b: Terapagos|Tera Starstorm|p1b: Calyrex\n|-damage|p1b: Calyrex|36\/100\n|move|p1a: Milotic|Scald|p2b: Terapagos\n|-activate|p2b: Terapagos|ability: Tera Shell\n|-resisted|p2b: Terapagos\n|-damage|p2b: Terapagos|88\/100\n|\n|-heal|p2b: Terapagos|94\/100|[from] Grassy Terrain\n|-heal|p1a: Milotic|66\/100|[from] Grassy Terrain\n|-heal|p1b: Calyrex|42\/100|[from] Grassy Terrain\n|-fieldend|move: Grassy Terrain\n|upkeep\n|turn|6\n|inactive|angelluisenjoyer has 30 seconds left.\n|\n|t:|1738603878\n|move|p2a: Tornadus|Bleakwind Storm|p1b: Calyrex|[spread] p1a\n|-miss|p2a: Tornadus|p1b: Calyrex\n|-damage|p1a: Milotic|40\/100\n|-unboost|p1a: Milotic|spe|1\n|-ability|p1a: Milotic|Competitive|boost\n|-boost|p1a: Milotic|spa|2\n|move|p2b: Terapagos|Meteor Beam||[still]\n|-prepare|p2b: Terapagos|Meteor Beam\n|-boost|p2b: Terapagos|spa|1\n|-enditem|p2b: Terapagos|Power Herb\n|-anim|p2b: Terapagos|Meteor Beam|p1b: Calyrex\n|-supereffective|p1b: Calyrex\n|-damage|p1b: Calyrex|0 fnt\n|faint|p1b: Calyrex\n|move|p1a: Milotic|Life Dew|p1a: Milotic\n|-heal|p1a: Milotic|65\/100\n|\n|upkeep\n|\n|t:|1738603884\n|switch|p1b: Urshifu|Urshifu, L50, M|100\/100\n|turn|7\n|\n|t:|1738603890\n|move|p2a: Tornadus|Tailwind|p2a: Tornadus\n|-sidestart|p2: Farmyom|move: Tailwind\n|move|p2b: Terapagos|Tera Starstorm|p1a: Milotic\n|-crit|p1a: Milotic\n|-damage|p1a: Milotic|0 fnt\n|faint|p1a: Milotic\n|move|p1b: Urshifu|Close Combat|p2b: Terapagos\n|-supereffective|p2b: Terapagos\n|-damage|p2b: Terapagos|0 fnt\n|-unboost|p1b: Urshifu|def|1\n|-unboost|p1b: Urshifu|spd|1\n|faint|p2b: Terapagos\n|\n|upkeep\n|\n|t:|1738603895\n|switch|p2b: Rillaboom|Rillaboom, L50, M, tera:Fire|48\/100\n|-fieldstart|move: Grassy Terrain|[from] ability: Grassy Surge|[of] p2b: Rillaboom\n|turn|8\n|\n|t:|1738603902\n|switch|p2a: Incineroar|Incineroar, L50, F|96\/100\n|-ability|p2a: Incineroar|Intimidate|boost\n|-unboost|p1b: Urshifu|atk|1\n|move|p1b: Urshifu|Detect|p1b: Urshifu\n|-singleturn|p1b: Urshifu|Protect\n|move|p2b: Rillaboom|Fake Out|p1b: Urshifu\n|-activate|p1b: Urshifu|move: Protect\n|\n|-heal|p2b: Rillaboom|54\/100|[from] Grassy Terrain\n|-heal|p2a: Incineroar|100\/100|[from] Grassy Terrain\n|upkeep\n|turn|9\n|\n|t:|1738603910\n|-terastallize|p1b: Urshifu|Dark\n|move|p2a: Incineroar|Fake Out|p1b: Urshifu\n|-damage|p1b: Urshifu|85\/100\n|move|p2b: Rillaboom|Wood Hammer|p1b: Urshifu\n|-damage|p1b: Urshifu|0 fnt\n|faint|p1b: Urshifu\n|-damage|p2b: Rillaboom|29\/100|[from] Recoil\n|\n|win|Farmyom\n|raw|angelluisenjoyer's rating: 1555 &rarr; <strong>1534<\/strong><br \/>(-21 for losing)\n|raw|Farmyom's rating: 1543 &rarr; <strong>1564<\/strong><br \/>(+21 for winning)\n|l|\u2606angelluisenjoyer\n|player|p1|\n|l|\u2606Farmyom\n|player|p2|\n|l| 17 character name\n|j|\u2606Farmyom\n|player|p2|Farmyom|beauty-gen5bw2|\n","uploadtime":1738604077,"views":11,"formatid":"gen9vgc2025regg","rating":1534,"private":0,"password":null}