{"id":"gen9vgc2025regg-2293081523","format":"[Gen 9] VGC 2025 Reg G","players":["PokemonBreederJoey","Grimmjane"],"log":"|j|\u2606PokemonBreederJoey\n|j|\u2606Grimmjane\n|t:|1738521377\n|gametype|doubles\n|player|p1|PokemonBreederJoey|102|1559\n|player|p2|Grimmjane|266|1670\n|teamsize|p1|6\n|teamsize|p2|6\n|gen|9\n|tier|[Gen 9] VGC 2025 Reg G\n|rated|\n|rule|Species Clause: Limit one of each Pok\u00e9mon\n|rule|Item Clause: Limit 1 of each item\n|clearpoke\n|poke|p1|Kyogre, L50|\n|poke|p1|Tornadus, L50, M|\n|poke|p1|Flutter Mane, L50|\n|poke|p1|Farigiraf, L50, F|\n|poke|p1|Chi-Yu, L50|\n|poke|p1|Archaludon, L50, M|\n|poke|p2|Zacian-*, L50|\n|poke|p2|Entei, L50|\n|poke|p2|Araquanid, L50, M|\n|poke|p2|Brute Bonnet, L50|\n|poke|p2|Tornadus, L50, M|\n|poke|p2|Ditto, L50|\n|teampreview|4\n|j| Sack35\n|inactive|Battle timer is ON: inactive players will automatically lose when time's up. (requested by Grimmjane)\n|\n|t:|1738521402\n|start\n|switch|p1a: Tornadus|Tornadus, L50, M|100\/100\n|switch|p1b: Flutter Mane|Flutter Mane, L50|100\/100\n|switch|p2a: Tornadus|Tornadus, L50, M|100\/100\n|switch|p2b: Brute Bonnet|Brute Bonnet, L50|100\/100\n|-enditem|p1b: Flutter Mane|Booster Energy\n|-activate|p1b: Flutter Mane|ability: Protosynthesis|[fromitem]\n|-start|p1b: Flutter Mane|protosynthesisspe\n|turn|1\n|inactive|PokemonBreederJoey has 30 seconds left.\n|\n|t:|1738521432\n|-terastallize|p2b: Brute Bonnet|Poison\n|move|p1a: Tornadus|Taunt|p2b: Brute Bonnet\n|-start|p2b: Brute Bonnet|move: Taunt\n|move|p2a: Tornadus|Tailwind|p2a: Tornadus\n|-sidestart|p2: Grimmjane|move: Tailwind\n|move|p1b: Flutter Mane|Thunder Wave|p2a: Tornadus\n|-status|p2a: Tornadus|par\n|cant|p2b: Brute Bonnet|move: Taunt|Spore\n|\n|upkeep\n|turn|2\n|\n|t:|1738521452\n|move|p1a: Tornadus|Tailwind|p1a: Tornadus\n|-sidestart|p1: PokemonBreederJoey|move: Tailwind\n|move|p1b: Flutter Mane|Shadow Ball|p2b: Brute Bonnet\n|-damage|p2b: Brute Bonnet|71\/100\n|move|p2b: Brute Bonnet|Crunch|p1a: Tornadus\n|-damage|p1a: Tornadus|50\/100\n|move|p2a: Tornadus|Bleakwind Storm|p1b: Flutter Mane|[spread] p1a,p1b\n|-damage|p1a: Tornadus|0 fnt\n|-damage|p1b: Flutter Mane|67\/100\n|faint|p1a: Tornadus\n|\n|upkeep\n|\n|t:|1738521463\n|switch|p1a: Kyogre|Kyogre, L50|100\/100\n|-weather|RainDance|[from] ability: Drizzle|[of] p1a: Kyogre\n|turn|3\n|\n|t:|1738521471\n|move|p2a: Tornadus|Sunny Day|p2a: Tornadus\n|-weather|SunnyDay\n|-activate|p2b: Brute Bonnet|ability: Protosynthesis\n|-start|p2b: Brute Bonnet|protosynthesisatk\n|move|p1b: Flutter Mane|Dazzling Gleam|p2b: Brute Bonnet|[spread] p2a,p2b\n|-resisted|p2b: Brute Bonnet\n|-damage|p2a: Tornadus|66\/100 par\n|-damage|p2b: Brute Bonnet|60\/100\n|move|p1a: Kyogre|Water Spout|p2b: Brute Bonnet|[spread] p2a,p2b\n|-crit|p2a: Tornadus\n|-damage|p2a: Tornadus|0 fnt\n|-damage|p2b: Brute Bonnet|25\/100\n|faint|p2a: Tornadus\n|move|p2b: Brute Bonnet|Seed Bomb|p1a: Kyogre\n|-supereffective|p1a: Kyogre\n|-damage|p1a: Kyogre|8\/100\n|\n|-weather|SunnyDay|[upkeep]\n|-end|p2b: Brute Bonnet|move: Taunt\n|upkeep\n|inactive|Grimmjane has 30 seconds left.\n|\n|t:|1738521496\n|switch|p2a: Khairo|Zacian-Crowned, L50|100\/100\n|-ability|p2a: Khairo|Intrepid Sword|boost\n|-boost|p2a: Khairo|atk|1\n|turn|4\n|j| kiabu233\n|\n|t:|1738521508\n|switch|p1a: Archaludon|Archaludon, L50, M|100\/100\n|move|p1b: Flutter Mane|Thunder Wave|p2a: Khairo\n|-status|p2a: Khairo|par\n|move|p2b: Brute Bonnet|Spore|p1a: Archaludon\n|-status|p1a: Archaludon|slp|[from] move: Spore\n|move|p2a: Khairo|Behemoth Blade|p1b: Flutter Mane\n|-supereffective|p1b: Flutter Mane\n|-damage|p1b: Flutter Mane|0 fnt\n|faint|p1b: Flutter Mane\n|-end|p1b: Flutter Mane|Protosynthesis|[silent]\n|\n|-weather|SunnyDay|[upkeep]\n|-sideend|p2: Grimmjane|move: Tailwind\n|upkeep\n|\n|t:|1738521518\n|switch|p1b: Kyogre|Kyogre, L50|8\/100\n|-weather|RainDance|[from] ability: Drizzle|[of] p1b: Kyogre\n|-end|p2b: Brute Bonnet|Protosynthesis\n|turn|5\n|\n|t:|1738521532\n|move|p2a: Khairo|Protect|p2a: Khairo\n|-singleturn|p2a: Khairo|Protect\n|move|p1b: Kyogre|Origin Pulse|p2a: Khairo|[spread] p2b\n|-activate|p2a: Khairo|move: Protect\n|-damage|p2b: Brute Bonnet|0 fnt\n|faint|p2b: Brute Bonnet\n|-end|p2b: Brute Bonnet|Protosynthesis|[silent]\n|cant|p1a: Archaludon|slp\n|\n|-weather|RainDance|[upkeep]\n|-sideend|p1: PokemonBreederJoey|move: Tailwind\n|upkeep\n|\n|t:|1738521538\n|switch|p2b: Ditto|Ditto, L50|100\/100\n|-transform|p2b: Ditto|p1a: Archaludon|[from] ability: Imposter\n|turn|6\n|\n|t:|1738521547\n|move|p2b: Ditto|Draco Meteor|p1a: Archaludon\n|-damage|p1a: Archaludon|60\/100 slp\n|-unboost|p2b: Ditto|spa|2\n|-ability|p1a: Archaludon|Stamina|boost\n|-boost|p1a: Archaludon|def|1\n|move|p1b: Kyogre|Origin Pulse|p2a: Khairo|[spread] p2a,p2b\n|-resisted|p2b: Ditto\n|-damage|p2a: Khairo|15\/100 par\n|-damage|p2b: Ditto|37\/100\n|-ability|p2b: Ditto|Stamina|boost\n|-boost|p2b: Ditto|def|1\n|-curestatus|p1a: Archaludon|slp|[msg]\n|move|p1a: Archaludon|Electro Shot||[still]\n|-prepare|p1a: Archaludon|Electro Shot\n|-boost|p1a: Archaludon|spa|1\n|-anim|p1a: Archaludon|Electro Shot|p2a: Khairo\n|-damage|p2a: Khairo|0 fnt\n|faint|p2a: Khairo\n|\n|-weather|RainDance|[upkeep]\n|upkeep\n|turn|7\n|l|\u2606Grimmjane\n|inactive|Grimmjane disconnected and has a minute to reconnect!\n|player|p2|\n|j| FairyOfDoom\n|inactive|Grimmjane has 30 seconds left.\n|l| FairyOfDoom\n|inactive|Grimmjane has 20 seconds left.\n|inactive|Grimmjane has 15 seconds left.\n|inactive|Grimmjane has 10 seconds left.\n|inactive|Grimmjane has 5 seconds left.\n|-message|Grimmjane lost due to inactivity.\n|\n|win|PokemonBreederJoey\n|raw|PokemonBreederJoey's rating: 1559 &rarr; <strong>1585<\/strong><br \/>(+26 for winning)\n|raw|Grimmjane's rating: 1670 &rarr; <strong>1644<\/strong><br \/>(-26 for losing)\n|l| kiabu233\n|l|\u2606PokemonBreederJoey\n|player|p1|\n","uploadtime":1738521840,"views":13,"formatid":"gen9vgc2025regg","rating":1585,"private":0,"password":null}