{"id":"gen9vgc2025regg-2293591533","format":"[Gen 9] VGC 2025 Reg G","players":["ekalsow","koji muranishi"],"log":"|j|\u2606ekalsow\n|j|\u2606koji muranishi\n|t:|1738595824\n|gametype|doubles\n|player|p1|ekalsow|gambler|1499\n|player|p2|koji muranishi|101|1688\n|teamsize|p1|6\n|teamsize|p2|6\n|gen|9\n|tier|[Gen 9] VGC 2025 Reg G\n|rated|\n|rule|Species Clause: Limit one of each Pok\u00e9mon\n|rule|Item Clause: Limit 1 of each item\n|clearpoke\n|poke|p1|Pelipper, L50, M|\n|poke|p1|Zacian-*, L50|\n|poke|p1|Kingambit, L50, M|\n|poke|p1|Rillaboom, L50, M|\n|poke|p1|Farigiraf, L50, M|\n|poke|p1|Ogerpon-Hearthflame, L50, F|\n|poke|p2|Whimsicott, L50, M|\n|poke|p2|Calyrex-Ice, L50|\n|poke|p2|Urshifu-*, L50, M|\n|poke|p2|Entei, L50|\n|poke|p2|Raging Bolt, L50|\n|poke|p2|Landorus, L50, M|\n|teampreview|4\n|inactive|Battle timer is ON: inactive players will automatically lose when time's up. (requested by koji muranishi)\n|\n|t:|1738595856\n|start\n|switch|p1a: Farigiraf|Farigiraf, L50, M|100\/100\n|switch|p1b: Zacian|Zacian-Crowned, L50|100\/100\n|switch|p2a: Whimsicott|Whimsicott, L50, M|100\/100\n|switch|p2b: Entei|Entei, L50|100\/100\n|-ability|p1b: Zacian|Intrepid Sword|boost\n|-boost|p1b: Zacian|atk|1\n|turn|1\n|inactive|ekalsow has 30 seconds left.\n|\n|t:|1738595884\n|move|p2a: Whimsicott|Tailwind|p2a: Whimsicott\n|-sidestart|p2: koji muranishi|move: Tailwind\n|move|p2b: Entei|Sacred Fire|p1b: Zacian\n|-supereffective|p1b: Zacian\n|-damage|p1b: Zacian|0 fnt\n|faint|p1b: Zacian\n|move|p1a: Farigiraf|Hyper Voice|p2b: Entei|[spread] p2a,p2b\n|-damage|p2a: Whimsicott|43\/100\n|-damage|p2b: Entei|75\/100\n|-enditem|p1a: Farigiraf|Throat Spray\n|-boost|p1a: Farigiraf|spa|1|[from] item: Throat Spray\n|\n|upkeep\n|\n|t:|1738595893\n|switch|p1b: Ogerpon|Ogerpon-Hearthflame, L50, F|100\/100\n|-ability|p1b: Ogerpon|Mold Breaker\n|turn|2\n|\n|t:|1738595914\n|move|p2a: Whimsicott|Moonblast|p1b: Ogerpon\n|-resisted|p1b: Ogerpon\n|-damage|p1b: Ogerpon|77\/100\n|move|p2b: Entei|Stone Edge|p1b: Ogerpon\n|-supereffective|p1b: Ogerpon\n|-crit|p1b: Ogerpon\n|-damage|p1b: Ogerpon|0 fnt\n|faint|p1b: Ogerpon\n|move|p1a: Farigiraf|Trick Room|p1a: Farigiraf\n|-fieldstart|move: Trick Room|[of] p1a: Farigiraf\n|\n|upkeep\n|\n|t:|1738595921\n|switch|p1b: Rillaboom|Rillaboom, L50, M|100\/100\n|-fieldstart|move: Grassy Terrain|[from] ability: Grassy Surge|[of] p1b: Rillaboom\n|turn|3\n|\n|t:|1738595933\n|-terastallize|p1a: Farigiraf|Normal\n|move|p1a: Farigiraf|Hyper Voice|p2a: Whimsicott|[spread] p2a,p2b\n|-damage|p2a: Whimsicott|0 fnt\n|-damage|p2b: Entei|26\/100\n|faint|p2a: Whimsicott\n|move|p1b: Rillaboom|Wood Hammer|p2b: Entei\n|-resisted|p2b: Entei\n|-damage|p2b: Entei|0 fnt\n|faint|p2b: Entei\n|-damage|p1b: Rillaboom|93\/100|[from] Recoil\n|\n|-heal|p1b: Rillaboom|99\/100|[from] Grassy Terrain\n|upkeep\n|\n|t:|1738595947\n|switch|p2b: Calyrex|Calyrex-Ice, L50|100\/100\n|switch|p2a: Landorus|Landorus, L50, M|100\/100\n|-ability|p2b: Calyrex|As One\n|-ability|p2b: Calyrex|Unnerve\n|turn|4\n|\n|t:|1738595964\n|move|p1a: Farigiraf|Hyper Voice|p2b: Calyrex|[spread] p2a,p2b\n|-crit|p2b: Calyrex\n|-damage|p2a: Landorus|22\/100\n|-damage|p2b: Calyrex|25\/100\n|move|p1b: Rillaboom|Wood Hammer|p2a: Landorus\n|-damage|p2a: Landorus|0 fnt\n|faint|p2a: Landorus\n|-damage|p1b: Rillaboom|93\/100|[from] Recoil\n|move|p2b: Calyrex|Glacial Lance|p1a: Farigiraf|[spread] p1a,p1b\n|-supereffective|p1b: Rillaboom\n|-damage|p1a: Farigiraf|21\/100\n|-damage|p1b: Rillaboom|0 fnt\n|faint|p1b: Rillaboom\n|-ability|p2b: Calyrex|Chilling Neigh|boost\n|-boost|p2b: Calyrex|atk|1\n|\n|-heal|p1a: Farigiraf|27\/100|[from] Grassy Terrain\n|-heal|p2b: Calyrex|32\/100|[from] Grassy Terrain\n|-sideend|p2: koji muranishi|move: Tailwind\n|upkeep\n|turn|5\n|\n|t:|1738595984\n|move|p1a: Farigiraf|Hyper Voice|p2b: Calyrex\n|-damage|p2b: Calyrex|0 fnt\n|faint|p2b: Calyrex\n|\n|win|ekalsow\n|raw|ekalsow's rating: 1499 &rarr; <strong>1529<\/strong><br \/>(+30 for winning)\n|raw|koji muranishi's rating: 1688 &rarr; <strong>1658<\/strong><br \/>(-30 for losing)\n|l|\u2606koji muranishi\n|player|p2|\n|l|\u2606ekalsow\n|player|p1|\n","uploadtime":1738596213,"views":5,"formatid":"gen9vgc2025regg","rating":1529,"private":0,"password":null}