{"id":"gen9vgc2025regg-2293047418","format":"[Gen 9] VGC 2025 Reg G","players":["Pneumatictoad","kasdfds"],"log":"|j|\u2606Pneumatictoad\n|j|\u2606kasdfds\n|t:|1738517089\n|gametype|doubles\n|player|p1|Pneumatictoad|janine|1654\n|player|p2|kasdfds|102|1540\n|teamsize|p1|6\n|teamsize|p2|6\n|gen|9\n|tier|[Gen 9] VGC 2025 Reg G\n|rated|\n|rule|Species Clause: Limit one of each Pok\u00e9mon\n|rule|Item Clause: Limit 1 of each item\n|clearpoke\n|poke|p1|Calyrex-Ice, L50|\n|poke|p1|Trapinch, L50, M|\n|poke|p1|Annihilape, L50, F|\n|poke|p1|Pelipper, L50, F|\n|poke|p1|Jigglypuff, L50, F|\n|poke|p1|Urshifu-*, L50, F|\n|poke|p2|Zacian-*, L50|\n|poke|p2|Chien-Pao, L50|\n|poke|p2|Ogerpon-Wellspring, L50, F|\n|poke|p2|Tornadus, L50, M|\n|poke|p2|Snorlax, L50, F|\n|poke|p2|Okidogi, L50, M|\n|teampreview|4\n|\n|t:|1738517134\n|start\n|switch|p1a: Annihilape|Annihilape, L50, F|100\/100\n|switch|p1b: Calyrex|Calyrex-Ice, L50|100\/100\n|switch|p2a: Tornadus|Tornadus, L50, M|100\/100\n|switch|p2b: Snorlax|Snorlax, L50, F|100\/100\n|-ability|p1b: Calyrex|As One\n|-ability|p1b: Calyrex|Unnerve\n|turn|1\n|j| Salvato1902V\n|\n|t:|1738517151\n|move|p1a: Annihilape|Coaching|p1b: Calyrex\n|-boost|p1b: Calyrex|atk|1\n|-boost|p1b: Calyrex|def|1\n|move|p2a: Tornadus|Bleakwind Storm|p1a: Annihilape|[spread] p1a,p1b\n|-supereffective|p1a: Annihilape\n|-damage|p1a: Annihilape|37\/100\n|-damage|p1b: Calyrex|72\/100\n|move|p1b: Calyrex|Glacial Lance|p2a: Tornadus|[spread] p2a,p2b\n|-supereffective|p2a: Tornadus\n|-damage|p2a: Tornadus|0 fnt\n|-damage|p2b: Snorlax|68\/100\n|faint|p2a: Tornadus\n|-ability|p1b: Calyrex|Chilling Neigh|boost\n|-boost|p1b: Calyrex|atk|1\n|move|p2b: Snorlax|Crunch|p1b: Calyrex\n|-supereffective|p1b: Calyrex\n|-damage|p1b: Calyrex|54\/100\n|\n|upkeep\n|\n|t:|1738517161\n|switch|p2a: Zacian|Zacian-Crowned, L50|100\/100\n|-ability|p2a: Zacian|Intrepid Sword|boost\n|-boost|p2a: Zacian|atk|1\n|turn|2\n|\n|t:|1738517187\n|-terastallize|p1b: Calyrex|Grass\n|move|p1a: Annihilape|Coaching|p1b: Calyrex\n|-boost|p1b: Calyrex|atk|1\n|-boost|p1b: Calyrex|def|1\n|move|p2a: Zacian|Behemoth Blade|p1a: Annihilape\n|-damage|p1a: Annihilape|0 fnt\n|faint|p1a: Annihilape\n|move|p2b: Snorlax|Yawn|p1b: Calyrex\n|-start|p1b: Calyrex|move: Yawn|[of] p2b: Snorlax\n|move|p1b: Calyrex|Trick Room|p1b: Calyrex\n|-fieldstart|move: Trick Room|[of] p1b: Calyrex\n|\n|upkeep\n|\n|t:|1738517204\n|switch|p1a: Trapinch|Trapinch, L50, M|100\/100\n|turn|3\n|\n|t:|1738517208\n|move|p2a: Zacian|Protect|p2a: Zacian\n|-singleturn|p2a: Zacian|Protect\n|move|p1a: Trapinch|Feint|p2b: Snorlax\n|-damage|p2b: Snorlax|61\/100\n|move|p2b: Snorlax|Body Slam|p1a: Trapinch\n|-damage|p1a: Trapinch|25\/100\n|move|p1b: Calyrex|Seed Bomb|p2b: Snorlax\n|-damage|p2b: Snorlax|0 fnt\n|faint|p2b: Snorlax\n|-ability|p1b: Calyrex|Chilling Neigh|boost\n|-boost|p1b: Calyrex|atk|1\n|\n|-end|p1b: Calyrex|move: Yawn|[silent]\n|-status|p1b: Calyrex|slp\n|upkeep\n|\n|t:|1738517216\n|switch|p2b: Ogerpon|Ogerpon-Wellspring, L50, F|100\/100\n|turn|4\n|\n|t:|1738517228\n|-terastallize|p2a: Zacian|Ground\n|move|p1a: Trapinch|Protect|p1a: Trapinch\n|-singleturn|p1a: Trapinch|Protect\n|cant|p1b: Calyrex|slp\n|move|p2b: Ogerpon|Ivy Cudgel|p1b: Calyrex|[anim] Ivy Cudgel Water\n|-resisted|p1b: Calyrex\n|-damage|p1b: Calyrex|45\/100 slp\n|move|p2a: Zacian|Behemoth Blade|p1b: Calyrex\n|-damage|p1b: Calyrex|18\/100 slp\n|\n|upkeep\n|turn|5\n|\n|t:|1738517248\n|move|p1a: Trapinch|Feint|p2a: Zacian\n|-damage|p2a: Zacian|90\/100\n|cant|p1b: Calyrex|slp\n|move|p2b: Ogerpon|Ivy Cudgel|p1a: Trapinch|[anim] Ivy Cudgel Water\n|-supereffective|p1a: Trapinch\n|-crit|p1a: Trapinch\n|-damage|p1a: Trapinch|0 fnt\n|faint|p1a: Trapinch\n|move|p2a: Zacian|Behemoth Blade|p1b: Calyrex\n|-damage|p1b: Calyrex|0 fnt\n|faint|p1b: Calyrex\n|\n|upkeep\n|\n|t:|1738517254\n|switch|p1b: Pelipper|Pelipper, L50, F|100\/100\n|-weather|RainDance|[from] ability: Drizzle|[of] p1b: Pelipper\n|turn|6\n|\n|t:|1738517261\n|move|p2b: Ogerpon|Spiky Shield|p2b: Ogerpon\n|-singleturn|p2b: Ogerpon|move: Protect\n|move|p2a: Zacian|Protect|p2a: Zacian\n|-singleturn|p2a: Zacian|Protect\n|move|p1b: Pelipper|Hurricane|p2b: Ogerpon\n|-activate|p2b: Ogerpon|move: Protect\n|\n|-weather|RainDance|[upkeep]\n|-fieldend|move: Trick Room\n|upkeep\n|turn|7\n|-message|Pneumatictoad forfeited.\n|\n|win|kasdfds\n|raw|Pneumatictoad's rating: 1654 &rarr; <strong>1628<\/strong><br \/>(-26 for losing)\n|raw|kasdfds's rating: 1540 &rarr; <strong>1566<\/strong><br \/>(+26 for winning)\n|l|\u2606Pneumatictoad\n|player|p1|\n|l|\u2606kasdfds\n|player|p2|\n|l| Salvato1902V\n","uploadtime":1738517414,"views":15,"formatid":"gen9vgc2025regg","rating":1566,"private":0,"password":null}