{"id":"gen9vgc2025regg-2293803724","format":"[Gen 9] VGC 2025 Reg G","players":["qunqun24","Yung Trav"],"log":"|j|\u2606qunqun24\n|j|\u2606Yung Trav\n|t:|1738617367\n|gametype|doubles\n|player|p1|qunqun24|169|1631\n|player|p2|Yung Trav|169|1683\n|teamsize|p1|6\n|teamsize|p2|6\n|gen|9\n|tier|[Gen 9] VGC 2025 Reg G\n|rated|\n|rule|Species Clause: Limit one of each Pok\u00e9mon\n|rule|Item Clause: Limit 1 of each item\n|clearpoke\n|poke|p1|Calyrex-Shadow, L50|\n|poke|p1|Ting-Lu, L50|\n|poke|p1|Dondozo, L50, F|\n|poke|p1|Urshifu-*, L50, F|\n|poke|p1|Ogerpon-Hearthflame, L50, F|\n|poke|p1|Whimsicott, L50, F|\n|poke|p2|Calyrex-Ice, L50|\n|poke|p2|Regidrago, L50|\n|poke|p2|Smeargle, L50, M|\n|poke|p2|Farigiraf, L50, M|\n|poke|p2|Urshifu-*, L50, M|\n|poke|p2|Ogerpon-Cornerstone, L50, F|\n|teampreview|4\n|inactive|Battle timer is ON: inactive players will automatically lose when time's up. (requested by qunqun24)\n|j| fairytailrpg\n|\n|t:|1738617396\n|start\n|switch|p1a: Ting-Lu|Ting-Lu, L50|100\/100\n|switch|p1b: Dondozo|Dondozo, L50, F|100\/100\n|switch|p2a: Calyrex|Calyrex-Ice, L50|100\/100\n|switch|p2b: Smeargle|Smeargle, L50, M, shiny|100\/100\n|-ability|p2a: Calyrex|As One\n|-ability|p2a: Calyrex|Unnerve\n|-ability|p1a: Ting-Lu|Vessel of Ruin\n|turn|1\n|\n|t:|1738617418\n|-terastallize|p2a: Calyrex|Water\n|-terastallize|p1a: Ting-Lu|Fairy\n|move|p2a: Calyrex|Glacial Lance|p1b: Dondozo|[spread] p1a,p1b\n|-resisted|p1b: Dondozo\n|-crit|p1b: Dondozo\n|-damage|p1a: Ting-Lu|68\/100\n|-damage|p1b: Dondozo|73\/100\n|move|p2b: Smeargle|Spore|p1b: Dondozo\n|-status|p1b: Dondozo|slp|[from] move: Spore\n|move|p1a: Ting-Lu|Stealth Rock|p2a: Calyrex\n|-sidestart|p2: Yung Trav|move: Stealth Rock\n|cant|p1b: Dondozo|slp\n|\n|-heal|p1b: Dondozo|79\/100 slp|[from] item: Leftovers\n|upkeep\n|turn|2\n|\n|t:|1738617437\n|move|p1a: Ting-Lu|Protect|p1a: Ting-Lu\n|-singleturn|p1a: Ting-Lu|Protect\n|move|p2a: Calyrex|Glacial Lance|p1a: Ting-Lu|[spread] p1b\n|-activate|p1a: Ting-Lu|move: Protect\n|-resisted|p1b: Dondozo\n|-damage|p1b: Dondozo|63\/100 slp\n|move|p2b: Smeargle|Decorate|p2a: Calyrex\n|-boost|p2a: Calyrex|atk|2\n|-boost|p2a: Calyrex|spa|2\n|cant|p1b: Dondozo|slp\n|\n|-heal|p1b: Dondozo|69\/100 slp|[from] item: Leftovers\n|upkeep\n|turn|3\n|j| Funn yIy\n|\n|t:|1738617461\n|move|p2a: Calyrex|Glacial Lance|p1b: Dondozo|[spread] p1a,p1b\n|-resisted|p1b: Dondozo\n|-damage|p1a: Ting-Lu|7\/100\n|-damage|p1b: Dondozo|35\/100 slp\n|move|p2b: Smeargle|Decorate|p2a: Calyrex\n|-boost|p2a: Calyrex|atk|2\n|-boost|p2a: Calyrex|spa|2\n|move|p1a: Ting-Lu|Ruination|p2a: Calyrex\n|-damage|p2a: Calyrex|50\/100\n|cant|p1b: Dondozo|slp\n|\n|-heal|p1b: Dondozo|42\/100 slp|[from] item: Leftovers\n|upkeep\n|turn|4\n|inactive|Yung Trav has 30 seconds left.\n|\n|t:|1738617491\n|move|p2b: Smeargle|Spore|p1a: Ting-Lu\n|-status|p1a: Ting-Lu|slp|[from] move: Spore\n|cant|p1a: Ting-Lu|slp\n|-curestatus|p1b: Dondozo|slp|[msg]\n|move|p1b: Dondozo|Wave Crash|p2b: Smeargle\n|-crit|p2b: Smeargle\n|-damage|p2b: Smeargle|17\/100\n|-damage|p1b: Dondozo|24\/100|[from] Recoil\n|move|p2a: Calyrex|Trick Room|p2a: Calyrex\n|-fieldstart|move: Trick Room|[of] p2a: Calyrex\n|\n|-heal|p1b: Dondozo|30\/100|[from] item: Leftovers\n|upkeep\n|turn|5\n|\n|t:|1738617512\n|move|p1b: Dondozo|Protect|p1b: Dondozo\n|-singleturn|p1b: Dondozo|Protect\n|move|p2b: Smeargle|Follow Me|p2b: Smeargle\n|-singleturn|p2b: Smeargle|move: Follow Me\n|cant|p1a: Ting-Lu|slp\n|move|p2a: Calyrex|Glacial Lance|p1a: Ting-Lu|[spread] p1a\n|-activate|p1b: Dondozo|move: Protect\n|-damage|p1a: Ting-Lu|0 fnt\n|faint|p1a: Ting-Lu\n|-ability|p2a: Calyrex|Chilling Neigh|boost\n|-boost|p2a: Calyrex|atk|1\n|\n|-heal|p1b: Dondozo|36\/100|[from] item: Leftovers\n|upkeep\n|\n|t:|1738617520\n|switch|p1a: Urshifu|Urshifu, L50, F|100\/100\n|turn|6\n|\n|t:|1738617531\n|move|p1a: Urshifu|Detect|p1a: Urshifu\n|-singleturn|p1a: Urshifu|Protect\n|move|p2b: Smeargle|Follow Me|p2b: Smeargle\n|-singleturn|p2b: Smeargle|move: Follow Me\n|move|p1b: Dondozo|Yawn|p2b: Smeargle\n|-start|p2b: Smeargle|move: Yawn|[of] p1b: Dondozo\n|move|p2a: Calyrex|Glacial Lance|p1b: Dondozo|[spread] p1b\n|-activate|p1a: Urshifu|move: Protect\n|-resisted|p1b: Dondozo\n|-damage|p1b: Dondozo|0 fnt\n|faint|p1b: Dondozo\n|-ability|p2a: Calyrex|Chilling Neigh|boost\n|-boost|p2a: Calyrex|atk|1\n|\n|upkeep\n|\n|t:|1738617535\n|switch|p1b: Calyrex|Calyrex-Shadow, L50|100\/100\n|-ability|p1b: Calyrex|As One\n|-ability|p1b: Calyrex|Unnerve\n|turn|7\n|\n|t:|1738617557\n|switch|p2b: Ogerpon|Ogerpon-Cornerstone, L50, F|100\/100\n|-damage|p2b: Ogerpon|88\/100|[from] Stealth Rock\n|move|p1b: Calyrex|Protect|p1b: Calyrex\n|-singleturn|p1b: Calyrex|Protect\n|move|p2a: Calyrex|Glacial Lance|p1a: Urshifu|[spread] p1a\n|-activate|p1b: Calyrex|move: Protect\n|-enditem|p1a: Urshifu|Focus Sash\n|-damage|p1a: Urshifu|1\/100\n|move|p1a: Urshifu|Wicked Blow|p2a: Calyrex\n|-crit|p2a: Calyrex\n|-damage|p2a: Calyrex|7\/100\n|\n|upkeep\n|turn|8\n|\n|t:|1738617575\n|move|p2b: Ogerpon|Follow Me|p2b: Ogerpon\n|-singleturn|p2b: Ogerpon|move: Follow Me\n|move|p1a: Urshifu|Sucker Punch||[still]\n|-fail|p1a: Urshifu\n|move|p2a: Calyrex|Glacial Lance|p1b: Calyrex|[spread] p1a,p1b\n|-damage|p1a: Urshifu|0 fnt\n|-damage|p1b: Calyrex|0 fnt\n|faint|p1a: Urshifu\n|faint|p1b: Calyrex\n|\n|win|Yung Trav\n|raw|qunqun24's rating: 1631 &rarr; <strong>1614<\/strong><br \/>(-17 for losing)\n|raw|Yung Trav's rating: 1683 &rarr; <strong>1700<\/strong><br \/>(+17 for winning)\n|l| Funn yIy\n|l|\u2606Yung Trav\n|player|p2|\n|l| fairytailrpg\n","uploadtime":1738617769,"views":12,"formatid":"gen9vgc2025regg","rating":1614,"private":0,"password":null}