{"id":"gen9vgc2025regg-2293495616","format":"[Gen 9] VGC 2025 Reg G","players":["roykeenkennedy","jkimkim1"],"log":"|j|\u2606roykeenkennedy\n|j|\u2606jkimkim1\n|t:|1738582682\n|gametype|doubles\n|player|p1|roykeenkennedy|alder|1587\n|player|p2|jkimkim1|1|1722\n|teamsize|p1|6\n|teamsize|p2|6\n|gen|9\n|tier|[Gen 9] VGC 2025 Reg G\n|rated|\n|rule|Species Clause: Limit one of each Pok\u00e9mon\n|rule|Item Clause: Limit 1 of each item\n|clearpoke\n|poke|p1|Calyrex-Shadow, L50|\n|poke|p1|Weezing, L50, F|\n|poke|p1|Indeedee-F, L50, F|\n|poke|p1|Incineroar, L50, M|\n|poke|p1|Urshifu-*, L50, M|\n|poke|p1|Regieleki, L50|\n|poke|p2|Miraidon, L50|\n|poke|p2|Cresselia, L50, F|\n|poke|p2|Thundurus-Therian, L50, M|\n|poke|p2|Incineroar, L50, F|\n|poke|p2|Ursaluna, L50, M|\n|poke|p2|Whimsicott, L50, M|\n|teampreview|4\n|inactive|Battle timer is ON: inactive players will automatically lose when time's up. (requested by jkimkim1)\n|inactive|jkimkim1 has 60 seconds left.\n|\n|t:|1738582719\n|start\n|switch|p1a: Calyrex|Calyrex-Shadow, L50|100\/100\n|switch|p1b: Indeedee|Indeedee-F, L50, F|100\/100\n|switch|p2a: \uc0ac\uc2b9\ud5cc|Cresselia, L50, F, shiny|100\/100\n|switch|p2b: Kingjames|Incineroar, L50, F|100\/100\n|-ability|p1a: Calyrex|As One\n|-ability|p1a: Calyrex|Unnerve\n|-ability|p2b: Kingjames|Intimidate|boost\n|-unboost|p1a: Calyrex|atk|1\n|-unboost|p1b: Indeedee|atk|1\n|-fieldstart|move: Psychic Terrain|[from] ability: Psychic Surge|[of] p1b: Indeedee\n|turn|1\n|inactive|roykeenkennedy has 30 seconds left.\n|\n|t:|1738582744\n|-terastallize|p1a: Calyrex|Fighting\n|-terastallize|p2a: \uc0ac\uc2b9\ud5cc|Dark\n|move|p1b: Indeedee|Follow Me|p1b: Indeedee\n|-singleturn|p1b: Indeedee|move: Follow Me\n|move|p1a: Calyrex|Tera Blast|p2b: Kingjames|[anim] Tera Blast Fighting\n|-supereffective|p2b: Kingjames\n|-damage|p2b: Kingjames|0 fnt\n|faint|p2b: Kingjames\n|-ability|p1a: Calyrex|Grim Neigh|boost\n|-boost|p1a: Calyrex|spa|1\n|-damage|p1a: Calyrex|91\/100|[from] item: Life Orb\n|move|p2a: \uc0ac\uc2b9\ud5cc|Trick Room|p2a: \uc0ac\uc2b9\ud5cc\n|-fieldstart|move: Trick Room|[of] p2a: \uc0ac\uc2b9\ud5cc\n|\n|upkeep\n|\n|t:|1738582755\n|switch|p2b: Canada bear|Ursaluna, L50, M|100\/100\n|turn|2\n|\n|t:|1738582767\n|move|p2a: \uc0ac\uc2b9\ud5cc|Helping Hand|p2b: Canada bear\n|-singleturn|p2b: Canada bear|Helping Hand|[of] p2a: \uc0ac\uc2b9\ud5cc\n|move|p1b: Indeedee|Follow Me|p1b: Indeedee\n|-singleturn|p1b: Indeedee|move: Follow Me\n|move|p2b: Canada bear|Earthquake|p1a: Calyrex|[spread] p1a,p1b\n|-immune|p2a: \uc0ac\uc2b9\ud5cc|[from] ability: Levitate\n|-damage|p1a: Calyrex|5\/100\n|-damage|p1b: Indeedee|27\/100\n|move|p1a: Calyrex|Tera Blast|p2a: \uc0ac\uc2b9\ud5cc|[anim] Tera Blast Fighting\n|-supereffective|p2a: \uc0ac\uc2b9\ud5cc\n|-damage|p2a: \uc0ac\uc2b9\ud5cc|0 fnt\n|faint|p2a: \uc0ac\uc2b9\ud5cc\n|-ability|p1a: Calyrex|Grim Neigh|boost\n|-boost|p1a: Calyrex|spa|1\n|-damage|p1a: Calyrex|0 fnt|[from] item: Life Orb\n|faint|p1a: Calyrex\n|\n|-status|p2b: Canada bear|brn|[from] item: Flame Orb\n|upkeep\n|\n|t:|1738582788\n|switch|p2a: Jayson tatum|Miraidon, L50|100\/100\n|switch|p1a: Weezing|Weezing, L50, F|100\/100\n|-ability|p1a: Weezing|Neutralizing Gas\n|turn|3\n|\n|t:|1738582805\n|switch|p1b: Incineroar|Incineroar, L50, M|100\/100\n|-ability|p1b: Incineroar|Intimidate|boost\n|-unboost|p2a: Jayson tatum|atk|1\n|-unboost|p2b: Canada bear|atk|1\n|move|p1a: Weezing|Protect|p1a: Weezing\n|-singleturn|p1a: Weezing|Protect\n|move|p2b: Canada bear|Facade|p1a: Weezing\n|-activate|p1a: Weezing|move: Protect\n|move|p2a: Jayson tatum|Dazzling Gleam|p1b: Incineroar|[spread] p1b\n|-activate|p1a: Weezing|move: Protect\n|-damage|p1b: Incineroar|71\/100\n|\n|-damage|p2b: Canada bear|95\/100 brn|[from] brn\n|upkeep\n|turn|4\n|inactive|roykeenkennedy has 30 seconds left.\n|\n|t:|1738582838\n|move|p2b: Canada bear|Facade|p1a: Weezing\n|-damage|p1a: Weezing|53\/100\n|move|p1b: Incineroar|Parting Shot|p2a: Jayson tatum\n|-unboost|p2a: Jayson tatum|atk|1\n|-unboost|p2a: Jayson tatum|spa|1\n|\n|t:|1738582845\n|switch|p1b: Indeedee|Indeedee-F, L50, F|27\/100|[from] Parting Shot\n|move|p1a: Weezing|Sludge Bomb|p2a: Jayson tatum\n|-crit|p2a: Jayson tatum\n|-damage|p2a: Jayson tatum|62\/100\n|move|p2a: Jayson tatum|Dazzling Gleam|p1b: Indeedee|[spread] p1a,p1b\n|-resisted|p1a: Weezing\n|-damage|p1a: Weezing|38\/100\n|-damage|p1b: Indeedee|6\/100\n|\n|-heal|p1a: Weezing|45\/100|[from] item: Leftovers\n|-damage|p2b: Canada bear|89\/100 brn|[from] brn\n|upkeep\n|turn|5\n|inactive|roykeenkennedy has 30 seconds left.\n|inactive|roykeenkennedy has 20 seconds left.\n|\n|t:|1738582880\n|move|p1b: Indeedee|Follow Me|p1b: Indeedee\n|-singleturn|p1b: Indeedee|move: Follow Me\n|move|p2b: Canada bear|Headlong Rush|p1b: Indeedee\n|-damage|p1b: Indeedee|0 fnt\n|-unboost|p2b: Canada bear|def|1\n|-unboost|p2b: Canada bear|spd|1\n|-damage|p2b: Canada bear|72\/100 brn|[from] item: Rocky Helmet|[of] p1b: Indeedee\n|faint|p1b: Indeedee\n|move|p1a: Weezing|Sludge Bomb|p2a: Jayson tatum\n|-damage|p2a: Jayson tatum|36\/100\n|move|p2a: Jayson tatum|Dazzling Gleam|p1a: Weezing\n|-resisted|p1a: Weezing\n|-damage|p1a: Weezing|25\/100\n|\n|-heal|p1a: Weezing|31\/100|[from] item: Leftovers\n|-damage|p2b: Canada bear|66\/100 brn|[from] brn\n|-fieldend|move: Trick Room\n|-fieldend|move: Psychic Terrain\n|upkeep\n|\n|t:|1738582901\n|switch|p1b: Incineroar|Incineroar, L50, M|71\/100\n|-ability|p1b: Incineroar|Intimidate|boost\n|-unboost|p2a: Jayson tatum|atk|1\n|-unboost|p2b: Canada bear|atk|1\n|turn|6\n|\n|t:|1738582913\n|move|p1b: Incineroar|Fake Out|p2a: Jayson tatum\n|-damage|p2a: Jayson tatum|25\/100\n|cant|p2a: Jayson tatum|flinch\n|move|p1a: Weezing|Sludge Bomb|p2a: Jayson tatum\n|-damage|p2a: Jayson tatum|0 fnt\n|faint|p2a: Jayson tatum\n|move|p2b: Canada bear|Facade|p1a: Weezing\n|-damage|p1a: Weezing|0 fnt\n|faint|p1a: Weezing\n|-end|p1a: Weezing|ability: Neutralizing Gas\n|\n|-damage|p2b: Canada bear|60\/100 brn|[from] brn\n|upkeep\n|turn|7\n|\n|t:|1738582934\n|move|p1b: Incineroar|Flare Blitz|p2b: Canada bear\n|-damage|p2b: Canada bear|6\/100 brn\n|-damage|p1b: Incineroar|50\/100|[from] Recoil\n|move|p2b: Canada bear|Headlong Rush|p1b: Incineroar\n|-supereffective|p1b: Incineroar\n|-damage|p1b: Incineroar|0 fnt\n|-unboost|p2b: Canada bear|def|1\n|-unboost|p2b: Canada bear|spd|1\n|faint|p1b: Incineroar\n|\n|win|jkimkim1\n|raw|roykeenkennedy's rating: 1587 &rarr; <strong>1574<\/strong><br \/>(-13 for losing)\n|raw|jkimkim1's rating: 1722 &rarr; <strong>1735<\/strong><br \/>(+13 for winning)\n|l|\u2606roykeenkennedy\n|player|p1|\n","uploadtime":1738583165,"views":18,"formatid":"gen9vgc2025regg","rating":1574,"private":0,"password":null}