{"id":"gen9vgc2025regg-2293597349","format":"[Gen 9] VGC 2025 Reg G","players":["koji muranishi","Diestoise"],"log":"|j|\u2606koji muranishi\n|j|\u2606Diestoise\n|t:|1738596463\n|gametype|doubles\n|player|p1|koji muranishi|101|1600\n|player|p2|Diestoise|blue|1650\n|teamsize|p1|6\n|teamsize|p2|6\n|gen|9\n|tier|[Gen 9] VGC 2025 Reg G\n|rated|\n|rule|Species Clause: Limit one of each Pok\u00e9mon\n|rule|Item Clause: Limit 1 of each item\n|clearpoke\n|poke|p1|Whimsicott, L50, M|\n|poke|p1|Calyrex-Ice, L50|\n|poke|p1|Urshifu-*, L50, F|\n|poke|p1|Entei, L50|\n|poke|p1|Raging Bolt, L50|\n|poke|p1|Landorus, L50, M|\n|poke|p2|Kyogre, L50|\n|poke|p2|Roaring Moon, L50|\n|poke|p2|Rillaboom, L50, F|\n|poke|p2|Farigiraf, L50, M|\n|poke|p2|Urshifu-*, L50, M|\n|poke|p2|Amoonguss, L50, M|\n|teampreview|4\n|inactive|Battle timer is ON: inactive players will automatically lose when time's up. (requested by koji muranishi)\n|inactive|Diestoise has 60 seconds left.\n|\n|t:|1738596505\n|start\n|switch|p1a: Whimsicott|Whimsicott, L50, M|100\/100\n|switch|p1b: Landorus|Landorus, L50, M|100\/100\n|switch|p2a: Kyogre|Kyogre, L50|100\/100\n|switch|p2b: Rillaboom|Rillaboom, L50, F|100\/100\n|-weather|RainDance|[from] ability: Drizzle|[of] p2a: Kyogre\n|-fieldstart|move: Grassy Terrain|[from] ability: Grassy Surge|[of] p2b: Rillaboom\n|turn|1\n|inactive|koji muranishi has 30 seconds left.\n|\n|t:|1738596531\n|move|p1b: Landorus|Protect|p1b: Landorus\n|-singleturn|p1b: Landorus|Protect\n|move|p2b: Rillaboom|Fake Out|p1b: Landorus\n|-activate|p1b: Landorus|move: Protect\n|move|p1a: Whimsicott|Tailwind|p1a: Whimsicott\n|-sidestart|p1: koji muranishi|move: Tailwind\n|move|p2a: Kyogre|Water Spout|p1a: Whimsicott|[spread] p1a\n|-activate|p1b: Landorus|move: Protect\n|-resisted|p1a: Whimsicott\n|-damage|p1a: Whimsicott|16\/100\n|\n|-weather|RainDance|[upkeep]\n|-heal|p1a: Whimsicott|22\/100|[from] Grassy Terrain\n|upkeep\n|turn|2\n|inactive|Diestoise has 30 seconds left.\n|\n|t:|1738596558\n|switch|p2b: Farigiraf|Farigiraf, L50, M, shiny|100\/100\n|move|p1a: Whimsicott|Moonblast|p2a: Kyogre\n|-damage|p2a: Kyogre|73\/100\n|move|p1b: Landorus|Sandsear Storm|p2b: Farigiraf|[spread] p2a,p2b\n|-damage|p2a: Kyogre|24\/100\n|-damage|p2b: Farigiraf|44\/100\n|move|p2a: Kyogre|Origin Pulse|p1b: Landorus|[spread] p1a,p1b\n|-resisted|p1a: Whimsicott\n|-supereffective|p1b: Landorus\n|-damage|p1a: Whimsicott|0 fnt\n|-damage|p1b: Landorus|0 fnt\n|faint|p1a: Whimsicott\n|faint|p1b: Landorus\n|\n|-weather|RainDance|[upkeep]\n|-heal|p2a: Kyogre|29\/100|[from] Grassy Terrain\n|-heal|p2a: Kyogre|35\/100|[from] item: Leftovers\n|-heal|p2b: Farigiraf|50\/100|[from] Grassy Terrain\n|upkeep\n|j| mentalrofl\n|l| mentalrofl\n|\n|t:|1738596578\n|switch|p1a: Raging Bolt|Raging Bolt, L50|100\/100\n|switch|p1b: Calyrex|Calyrex-Ice, L50|100\/100\n|-ability|p1b: Calyrex|As One\n|-ability|p1b: Calyrex|Unnerve\n|-enditem|p1a: Raging Bolt|Booster Energy\n|-activate|p1a: Raging Bolt|ability: Protosynthesis|[fromitem]\n|-start|p1a: Raging Bolt|protosynthesisspa\n|turn|3\n|j| cyclopsian\n|inactive|Diestoise has 30 seconds left.\n|inactive|Diestoise has 20 seconds left.\n|inactive|Diestoise has 15 seconds left.\n|\n|t:|1738596618\n|-terastallize|p1b: Calyrex|Ice\n|move|p2a: Kyogre|Protect|p2a: Kyogre\n|-singleturn|p2a: Kyogre|Protect\n|move|p1a: Raging Bolt|Thunderbolt|p2a: Kyogre\n|-activate|p2a: Kyogre|move: Protect\n|move|p1b: Calyrex|Glacial Lance|p2b: Farigiraf|[spread] p2b\n|-activate|p2a: Kyogre|move: Protect\n|-damage|p2b: Farigiraf|0 fnt\n|faint|p2b: Farigiraf\n|-ability|p1b: Calyrex|Chilling Neigh|boost\n|-boost|p1b: Calyrex|atk|1\n|\n|-weather|RainDance|[upkeep]\n|-heal|p2a: Kyogre|41\/100|[from] Grassy Terrain\n|-heal|p2a: Kyogre|47\/100|[from] item: Leftovers\n|upkeep\n|inactive|Diestoise has 30 seconds left.\n|l| cyclopsian\n|inactive|Diestoise has 20 seconds left.\n|\n|t:|1738596657\n|switch|p2b: Rillaboom|Rillaboom, L50, F|100\/100\n|turn|4\n|\n|t:|1738596680\n|-terastallize|p2a: Kyogre|Grass\n|move|p2b: Rillaboom|Fake Out|p1b: Calyrex\n|-damage|p1b: Calyrex|91\/100\n|move|p1a: Raging Bolt|Draco Meteor|p2a: Kyogre\n|-damage|p2a: Kyogre|0 fnt\n|-unboost|p1a: Raging Bolt|spa|2\n|faint|p2a: Kyogre\n|cant|p1b: Calyrex|flinch\n|\n|-weather|RainDance|[upkeep]\n|-heal|p1b: Calyrex|98\/100|[from] Grassy Terrain\n|-sideend|p1: koji muranishi|move: Tailwind\n|upkeep\n|\n|t:|1738596688\n|switch|p2a: Amoonguss|Amoonguss, L50, M|100\/100\n|turn|5\n|\n|t:|1738596704\n|move|p2a: Amoonguss|Protect|p2a: Amoonguss\n|-singleturn|p2a: Amoonguss|Protect\n|move|p1a: Raging Bolt|Draco Meteor|p2a: Amoonguss\n|-activate|p2a: Amoonguss|move: Protect\n|move|p1b: Calyrex|Glacial Lance|p2b: Rillaboom|[spread] p2b\n|-activate|p2a: Amoonguss|move: Protect\n|-supereffective|p2b: Rillaboom\n|-damage|p2b: Rillaboom|0 fnt\n|faint|p2b: Rillaboom\n|-ability|p1b: Calyrex|Chilling Neigh|boost\n|-boost|p1b: Calyrex|atk|1\n|\n|-weather|none\n|-heal|p1b: Calyrex|100\/100|[from] Grassy Terrain\n|-fieldend|move: Grassy Terrain\n|upkeep\n|turn|6\n|-message|Diestoise forfeited.\n|\n|win|koji muranishi\n|raw|koji muranishi's rating: 1600 &rarr; <strong>1623<\/strong><br \/>(+23 for winning)\n|raw|Diestoise's rating: 1650 &rarr; <strong>1627<\/strong><br \/>(-23 for losing)\n|l|\u2606Diestoise\n|player|p2|\n|l|\u2606koji muranishi\n|player|p1|\n","uploadtime":1738596906,"views":6,"formatid":"gen9vgc2025regg","rating":1623,"private":0,"password":null}