{"id":"gen9vgc2025regg-2293961428","format":"[Gen 9] VGC 2025 Reg G","players":["Kwiper","jecheonjo"],"log":"|j|\u2606Kwiper\n|j|\u2606jecheonjo\n|t:|1738636713\n|gametype|doubles\n|player|p1|Kwiper|sycamore|1579\n|player|p2|jecheonjo|steven|1612\n|teamsize|p1|6\n|teamsize|p2|6\n|gen|9\n|tier|[Gen 9] VGC 2025 Reg G\n|rated|\n|rule|Species Clause: Limit one of each Pok\u00e9mon\n|rule|Item Clause: Limit 1 of each item\n|clearpoke\n|poke|p1|Koraidon, L50|\n|poke|p1|Flutter Mane, L50|\n|poke|p1|Raging Bolt, L50|\n|poke|p1|Tornadus, L50, M|\n|poke|p1|Chi-Yu, L50|\n|poke|p1|Bastiodon, L50, F|\n|poke|p2|Terapagos, L50, M|\n|poke|p2|Incineroar, L50, M|\n|poke|p2|Amoonguss, L50, F|\n|poke|p2|Urshifu-*, L50, F|\n|poke|p2|Flutter Mane, L50|\n|poke|p2|Raging Bolt, L50|\n|teampreview|4\n|inactive|Battle timer is ON: inactive players will automatically lose when time's up. (requested by Kwiper)\n|inactive|jecheonjo has 60 seconds left.\n|inactive|jecheonjo has 30 seconds left.\n|inactive|jecheonjo has 20 seconds left.\n|inactive|jecheonjo has 15 seconds left.\n|\n|t:|1738636792\n|start\n|switch|p1a: Tornadus|Tornadus, L50, M|100\/100\n|switch|p1b: Flutter Mane|Flutter Mane, L50|100\/100\n|switch|p2a: Terapagos|Terapagos, L50, M|100\/100\n|switch|p2b: Amoonguss|Amoonguss, L50, F|100\/100\n|-activate|p2a: Terapagos|ability: Tera Shift\n|detailschange|p2a: Terapagos|Terapagos-Terastal, L50, M\n|-heal|p2a: Terapagos|100\/100|[silent]\n|turn|1\n|\n|t:|1738636811\n|move|p1b: Flutter Mane|Taunt|p2b: Amoonguss\n|-start|p2b: Amoonguss|move: Taunt\n|move|p1a: Tornadus|Bleakwind Storm|p2b: Amoonguss|[spread] p2a,p2b\n|-activate|p2a: Terapagos|ability: Tera Shell\n|-resisted|p2a: Terapagos\n|-supereffective|p2b: Amoonguss\n|-damage|p2a: Terapagos|83\/100\n|-damage|p2b: Amoonguss|32\/100\n|move|p2a: Terapagos|Rock Polish|p2a: Terapagos\n|-boost|p2a: Terapagos|spe|2\n|cant|p2b: Amoonguss|move: Taunt|Spore\n|\n|upkeep\n|turn|2\n|\n|t:|1738636827\n|switch|p2b: Raging Bolt|Raging Bolt, L50|100\/100\n|move|p1a: Tornadus|Tailwind|p1a: Tornadus\n|-sidestart|p1: Kwiper|move: Tailwind\n|move|p1b: Flutter Mane|Moonblast|p2a: Terapagos\n|-damage|p2a: Terapagos|43\/100\n|move|p2a: Terapagos|Calm Mind|p2a: Terapagos\n|-boost|p2a: Terapagos|spa|1\n|-boost|p2a: Terapagos|spd|1\n|\n|upkeep\n|turn|3\n|\n|t:|1738636845\n|move|p2a: Terapagos|Protect|p2a: Terapagos\n|-singleturn|p2a: Terapagos|Protect\n|move|p1b: Flutter Mane|Taunt|p2a: Terapagos\n|-activate|p2a: Terapagos|move: Protect\n|move|p1a: Tornadus|Bleakwind Storm|p2b: Raging Bolt|[spread] p2b\n|-activate|p2a: Terapagos|move: Protect\n|-resisted|p2b: Raging Bolt\n|-damage|p2b: Raging Bolt|89\/100\n|move|p2b: Raging Bolt|Electroweb|p1b: Flutter Mane|[spread] p1a,p1b\n|-supereffective|p1a: Tornadus\n|-damage|p1a: Tornadus|34\/100\n|-damage|p1b: Flutter Mane|78\/100\n|-unboost|p1b: Flutter Mane|spe|1\n|\n|upkeep\n|turn|4\n|inactive|jecheonjo has 30 seconds left.\n|inactive|jecheonjo has 20 seconds left.\n|inactive|jecheonjo has 15 seconds left.\n|inactive|jecheonjo has 10 seconds left.\n|\n|t:|1738636891\n|-terastallize|p2a: Terapagos|Stellar\n|detailschange|p2a: Terapagos|Terapagos-Stellar, L50, M, tera:Stellar\n|-heal|p2a: Terapagos|57\/100|[silent]\n|move|p2b: Raging Bolt|Thunderclap|p1a: Tornadus\n|-supereffective|p1a: Tornadus\n|-damage|p1a: Tornadus|0 fnt\n|faint|p1a: Tornadus\n|move|p1b: Flutter Mane|Thunder Wave|p2a: Terapagos\n|-status|p2a: Terapagos|par\n|move|p2a: Terapagos|Tera Starstorm|p1b: Flutter Mane\n|-damage|p1b: Flutter Mane|0 fnt\n|faint|p1b: Flutter Mane\n|-end|p1b: Flutter Mane|Protosynthesis|[silent]\n|\n|upkeep\n|\n|t:|1738636897\n|switch|p1b: Chi-Yu|Chi-Yu, L50|100\/100\n|switch|p1a: Koraidon|Koraidon, L50|100\/100\n|-weather|SunnyDay|[from] ability: Orichalcum Pulse|[of] p1a: Koraidon\n|-activate|p2b: Raging Bolt|ability: Protosynthesis\n|-start|p2b: Raging Bolt|protosynthesisspa\n|-activate|p1a: Koraidon|Orichalcum Pulse|[source]\n|-ability|p1b: Chi-Yu|Beads of Ruin\n|turn|5\n|\n|t:|1738636920\n|move|p1a: Koraidon|Collision Course|p2b: Raging Bolt\n|-damage|p2b: Raging Bolt|29\/100\n|move|p1b: Chi-Yu|Snarl|p2a: Terapagos|[spread] p2a,p2b\n|-damage|p2a: Terapagos|40\/100 par\n|-damage|p2b: Raging Bolt|1\/100\n|-unboost|p2b: Raging Bolt|spa|1\n|move|p2a: Terapagos|Tera Starstorm|p1b: Chi-Yu|[spread] p1a,p1b\n|-damage|p1a: Koraidon|20\/100\n|-damage|p1b: Chi-Yu|33\/100\n|move|p2b: Raging Bolt|Dragon Pulse|p1a: Koraidon\n|-supereffective|p1a: Koraidon\n|-damage|p1a: Koraidon|0 fnt\n|faint|p1a: Koraidon\n|\n|-weather|SunnyDay|[upkeep]\n|-sideend|p1: Kwiper|move: Tailwind\n|upkeep\n|turn|6\n|-message|Kwiper forfeited.\n|\n|win|jecheonjo\n|raw|Kwiper's rating: 1579 &rarr; <strong>1561<\/strong><br \/>(-18 for losing)\n|raw|jecheonjo's rating: 1612 &rarr; <strong>1630<\/strong><br \/>(+18 for winning)\n|l|\u2606Kwiper\n|player|p1|\n|l|\u2606jecheonjo\n|player|p2|\n","uploadtime":1738637083,"views":6,"formatid":"gen9vgc2025regg","rating":1561,"private":0,"password":null}