{"id":"gen9vgc2025regg-2293678270","format":"[Gen 9] VGC 2025 Reg G","players":["Slackermaru","Mildly Displeased"],"log":"|j|\u2606Slackermaru\n|j|\u2606Mildly Displeased\n|t:|1738604773\n|gametype|doubles\n|player|p1|Slackermaru|workerice|1570\n|player|p2|Mildly Displeased|lillie|1593\n|teamsize|p1|6\n|teamsize|p2|6\n|gen|9\n|tier|[Gen 9] VGC 2025 Reg G\n|rated|\n|rule|Species Clause: Limit one of each Pok\u00e9mon\n|rule|Item Clause: Limit 1 of each item\n|clearpoke\n|poke|p1|Calyrex-Ice, L50|\n|poke|p1|Raging Bolt, L50|\n|poke|p1|Urshifu-*, L50, F|\n|poke|p1|Landorus, L50, M|\n|poke|p1|Pelipper, L50, F|\n|poke|p1|Amoonguss, L50, M|\n|poke|p2|Primarina, L50, M|\n|poke|p2|Talonflame, L50, F|\n|poke|p2|Zamazenta-*, L50|\n|poke|p2|Rillaboom, L50, F|\n|poke|p2|Iron Treads, L50|\n|poke|p2|Chien-Pao, L50|\n|teampreview|4\n|inactive|Battle timer is ON: inactive players will automatically lose when time's up. (requested by Mildly Displeased)\n|\n|t:|1738604795\n|start\n|switch|p1a: Calyrex|Calyrex-Ice, L50|100\/100\n|switch|p1b: Raging Bolt|Raging Bolt, L50|100\/100\n|switch|p2a: Phoenix|Talonflame, L50, F, shiny|100\/100\n|switch|p2b: Tankie|Iron Treads, L50|100\/100\n|-ability|p1a: Calyrex|As One\n|-ability|p1a: Calyrex|Unnerve\n|-enditem|p2b: Tankie|Booster Energy\n|-activate|p2b: Tankie|ability: Quark Drive|[fromitem]\n|-start|p2b: Tankie|quarkdrivespe\n|turn|1\n|\n|t:|1738604819\n|-terastallize|p2b: Tankie|Ground\n|-terastallize|p1a: Calyrex|Fairy\n|move|p2b: Tankie|High Horsepower|p1b: Raging Bolt\n|-supereffective|p1b: Raging Bolt\n|-damage|p1b: Raging Bolt|4\/100\n|move|p2a: Phoenix|Will-O-Wisp|p1a: Calyrex\n|-status|p1a: Calyrex|brn\n|move|p1b: Raging Bolt|Volt Switch|p2a: Phoenix\n|-supereffective|p2a: Phoenix\n|-damage|p2a: Phoenix|0 fnt\n|faint|p2a: Phoenix\n|\n|t:|1738604832\n|-end|p1b: Raging Bolt|Protosynthesis|[silent]\n|switch|p1b: Amoonguss|Amoonguss, L50, M, shiny|100\/100|[from] Volt Switch\n|move|p1a: Calyrex|Trick Room|p1a: Calyrex\n|-fieldstart|move: Trick Room|[of] p1a: Calyrex\n|\n|-damage|p1a: Calyrex|95\/100 brn|[from] brn\n|upkeep\n|\n|t:|1738604839\n|switch|p2a: Pippin|Zamazenta-Crowned, L50|100\/100\n|-ability|p2a: Pippin|Dauntless Shield|boost\n|-boost|p2a: Pippin|def|1\n|turn|2\n|\n|t:|1738604847\n|move|p1b: Amoonguss|Spore|p2a: Pippin\n|-status|p2a: Pippin|slp|[from] move: Spore\n|move|p1a: Calyrex|Glacial Lance|p2a: Pippin|[spread] p2a,p2b\n|-resisted|p2a: Pippin\n|-supereffective|p2b: Tankie\n|-damage|p2a: Pippin|95\/100 slp\n|-damage|p2b: Tankie|46\/100\n|cant|p2a: Pippin|slp\n|move|p2b: Tankie|Iron Head|p1a: Calyrex\n|-supereffective|p1a: Calyrex\n|-crit|p1a: Calyrex\n|-damage|p1a: Calyrex|25\/100 brn\n|\n|-damage|p1a: Calyrex|19\/100 brn|[from] brn\n|upkeep\n|turn|3\n|\n|t:|1738604864\n|cant|p2a: Pippin|slp\n|move|p1b: Amoonguss|Pollen Puff|p1a: Calyrex\n|-heal|p1a: Calyrex|69\/100 brn\n|move|p1a: Calyrex|Glacial Lance|p2a: Pippin|[spread] p2a,p2b\n|-resisted|p2a: Pippin\n|-supereffective|p2b: Tankie\n|-damage|p2a: Pippin|90\/100 slp\n|-damage|p2b: Tankie|0 fnt\n|faint|p2b: Tankie\n|-end|p2b: Tankie|Quark Drive|[silent]\n|-ability|p1a: Calyrex|Chilling Neigh|boost\n|-boost|p1a: Calyrex|atk|1\n|\n|-damage|p1a: Calyrex|63\/100 brn|[from] brn\n|upkeep\n|\n|t:|1738604873\n|switch|p2b: Weavile 2.0|Chien-Pao, L50|100\/100\n|-ability|p2b: Weavile 2.0|Sword of Ruin\n|turn|4\n|\n|t:|1738604888\n|move|p1b: Amoonguss|Pollen Puff|p2b: Weavile 2.0\n|-supereffective|p2b: Weavile 2.0\n|-damage|p2b: Weavile 2.0|42\/100\n|move|p1a: Calyrex|High Horsepower|p2b: Weavile 2.0\n|-damage|p2b: Weavile 2.0|0 fnt\n|faint|p2b: Weavile 2.0\n|-ability|p1a: Calyrex|Chilling Neigh|boost\n|-boost|p1a: Calyrex|atk|1\n|-curestatus|p2a: Pippin|slp|[msg]\n|move|p2a: Pippin|Iron Defense|p2a: Pippin\n|-boost|p2a: Pippin|def|2\n|\n|-damage|p1a: Calyrex|58\/100 brn|[from] brn\n|upkeep\n|turn|5\n|inactive|Slackermaru has 30 seconds left.\n|\n|t:|1738604920\n|switch|p1a: Urshifu|Urshifu-Rapid-Strike, L50, F|100\/100\n|move|p1b: Amoonguss|Spore|p2a: Pippin\n|-status|p2a: Pippin|slp|[from] move: Spore\n|cant|p2a: Pippin|slp\n|\n|-fieldend|move: Trick Room\n|upkeep\n|turn|6\n|-message|Mildly Displeased forfeited.\n|\n|win|Slackermaru\n|raw|Slackermaru's rating: 1570 &rarr; <strong>1591<\/strong><br \/>(+21 for winning)\n|raw|Mildly Displeased's rating: 1593 &rarr; <strong>1572<\/strong><br \/>(-21 for losing)\n|l|\u2606Mildly Displeased\n|player|p2|\n|l|\u2606Slackermaru\n|player|p1|\n","uploadtime":1738605187,"views":12,"formatid":"gen9vgc2025regg","rating":1572,"private":0,"password":null}