{"id":"gen9vgc2025regg-2293499093","format":"[Gen 9] VGC 2025 Reg G","players":["roykeenkennedy","Grade a type b"],"log":"|j|\u2606roykeenkennedy\n|j|\u2606Grade a type b\n|t:|1738583281\n|gametype|doubles\n|player|p1|roykeenkennedy|alder|1574\n|player|p2|Grade a type b|2|1524\n|teamsize|p1|6\n|teamsize|p2|6\n|gen|9\n|tier|[Gen 9] VGC 2025 Reg G\n|rated|\n|rule|Species Clause: Limit one of each Pok\u00e9mon\n|rule|Item Clause: Limit 1 of each item\n|clearpoke\n|poke|p1|Calyrex-Shadow, L50|\n|poke|p1|Weezing, L50, F|\n|poke|p1|Indeedee-F, L50, F|\n|poke|p1|Incineroar, L50, M|\n|poke|p1|Urshifu-*, L50, F|\n|poke|p1|Regieleki, L50|\n|poke|p2|Kyogre, L50|\n|poke|p2|Archaludon, L50, F|\n|poke|p2|Tornadus, L50, M|\n|poke|p2|Rillaboom, L50, F|\n|poke|p2|Chien-Pao, L50|\n|poke|p2|Ursaluna-Bloodmoon, L50, M|\n|teampreview|4\n|inactive|Battle timer is ON: inactive players will automatically lose when time's up. (requested by Grade a type b)\n|\n|t:|1738583304\n|start\n|switch|p1a: Calyrex|Calyrex-Shadow, L50|100\/100\n|switch|p1b: Indeedee|Indeedee-F, L50, F|100\/100\n|switch|p2a: Ursaluna|Ursaluna-Bloodmoon, L50, M|100\/100\n|switch|p2b: Tornadus|Tornadus, L50, M|100\/100\n|-ability|p1a: Calyrex|As One\n|-ability|p1a: Calyrex|Unnerve\n|-fieldstart|move: Psychic Terrain|[from] ability: Psychic Surge|[of] p1b: Indeedee\n|turn|1\n|inactive|Grade a type b has 30 seconds left.\n|\n|t:|1738583329\n|switch|p2a: Rillaboom|Rillaboom, L50, F|100\/100\n|-fieldstart|move: Grassy Terrain|[from] ability: Grassy Surge|[of] p2a: Rillaboom\n|switch|p1b: Weezing|Weezing, L50, F|100\/100\n|-ability|p1b: Weezing|Neutralizing Gas\n|-terastallize|p1a: Calyrex|Fighting\n|move|p1a: Calyrex|Tera Blast|p2b: Tornadus|[anim] Tera Blast Fighting\n|-resisted|p2b: Tornadus\n|-damage|p2b: Tornadus|65\/100\n|-damage|p1a: Calyrex|91\/100|[from] item: Life Orb\n|move|p2b: Tornadus|Bleakwind Storm|p1a: Calyrex|[spread] p1a,p1b\n|-supereffective|p1a: Calyrex\n|-damage|p1a: Calyrex|25\/100\n|-damage|p1b: Weezing|56\/100\n|\n|-heal|p1a: Calyrex|31\/100|[from] Grassy Terrain\n|-heal|p1b: Weezing|62\/100|[from] Grassy Terrain\n|-heal|p1b: Weezing|68\/100|[from] item: Leftovers\n|upkeep\n|turn|2\n|inactive|roykeenkennedy has 30 seconds left.\n|inactive|Grade a type b has 30 seconds left.\n|inactive|Grade a type b has 20 seconds left.\n|\n|t:|1738583366\n|-end|p1b: Weezing|ability: Neutralizing Gas\n|switch|p1b: Indeedee|Indeedee-F, L50, F|100\/100\n|-fieldstart|move: Psychic Terrain|[from] ability: Psychic Surge|[of] p1b: Indeedee\n|move|p2b: Tornadus|Tailwind|p2b: Tornadus\n|-sidestart|p2: Grade a type b|move: Tailwind\n|move|p1a: Calyrex|Expanding Force|p2b: Tornadus|[spread] p2a,p2b\n|-damage|p2a: Rillaboom|0 fnt\n|-damage|p2b: Tornadus|0 fnt\n|faint|p2a: Rillaboom\n|faint|p2b: Tornadus\n|-ability|p1a: Calyrex|Grim Neigh|boost\n|-boost|p1a: Calyrex|spa|2\n|-damage|p1a: Calyrex|22\/100|[from] item: Life Orb\n|\n|upkeep\n|\n|t:|1738583376\n|switch|p2b: Ursaluna|Ursaluna-Bloodmoon, L50, M|100\/100\n|switch|p2a: Kyogre|Kyogre, L50|100\/100\n|-weather|RainDance|[from] ability: Drizzle|[of] p2a: Kyogre\n|turn|3\n|inactive|roykeenkennedy has 30 seconds left.\n|inactive|roykeenkennedy has 20 seconds left.\n|inactive|roykeenkennedy has 15 seconds left.\n|inactive|roykeenkennedy has 10 seconds left.\n|\n|t:|1738583425\n|move|p1a: Calyrex|Protect|p1a: Calyrex\n|-singleturn|p1a: Calyrex|Protect\n|move|p1b: Indeedee|Follow Me|p1b: Indeedee\n|-singleturn|p1b: Indeedee|move: Follow Me\n|move|p2a: Kyogre|Water Spout|p1a: Calyrex|[spread] p1b\n|-activate|p1a: Calyrex|move: Protect\n|-damage|p1b: Indeedee|0 fnt\n|faint|p1b: Indeedee\n|move|p2b: Ursaluna|Hyper Voice|p1a: Calyrex\n|-activate|p1a: Calyrex|move: Protect\n|\n|-weather|RainDance|[upkeep]\n|upkeep\n|j| Kaiju Krush\n|\n|t:|1738583444\n|switch|p1b: Urshifu|Urshifu-Rapid-Strike, L50, F|100\/100\n|turn|4\n|\n|t:|1738583455\n|switch|p1a: Weezing|Weezing, L50, F|68\/100\n|-ability|p1a: Weezing|Neutralizing Gas\n|move|p2a: Kyogre|Water Spout|p1a: Weezing|[spread] p1a,p1b\n|-resisted|p1b: Urshifu\n|-damage|p1a: Weezing|0 fnt\n|-damage|p1b: Urshifu|2\/100\n|faint|p1a: Weezing\n|-end|p1a: Weezing|ability: Neutralizing Gas\n|move|p2b: Ursaluna|Hyper Voice|p1b: Urshifu\n|-damage|p1b: Urshifu|0 fnt\n|faint|p1b: Urshifu\n|-damage|p2b: Ursaluna|91\/100|[from] item: Life Orb\n|\n|-weather|RainDance|[upkeep]\n|upkeep\n|inactive|roykeenkennedy has 30 seconds left.\n|\n|t:|1738583482\n|switch|p1a: Calyrex|Calyrex-Shadow, L50, tera:Fighting|22\/100\n|-ability|p1a: Calyrex|As One\n|-ability|p1a: Calyrex|Unnerve\n|turn|5\n|\n|t:|1738583496\n|move|p1a: Calyrex|Protect|p1a: Calyrex\n|-singleturn|p1a: Calyrex|Protect\n|move|p2a: Kyogre|Water Spout|p1a: Calyrex\n|-activate|p1a: Calyrex|move: Protect\n|move|p2b: Ursaluna|Hyper Voice|p1a: Calyrex\n|-activate|p1a: Calyrex|move: Protect\n|\n|-weather|RainDance|[upkeep]\n|-sideend|p2: Grade a type b|move: Tailwind\n|upkeep\n|turn|6\n|\n|t:|1738583508\n|move|p2a: Kyogre|Protect|p2a: Kyogre\n|-singleturn|p2a: Kyogre|Protect\n|move|p2b: Ursaluna|Protect|p2b: Ursaluna\n|-singleturn|p2b: Ursaluna|Protect\n|move|p1a: Calyrex|Expanding Force|p2b: Ursaluna|[spread] \n|-activate|p2a: Kyogre|move: Protect\n|-activate|p2b: Ursaluna|move: Protect\n|\n|-weather|RainDance|[upkeep]\n|-fieldend|move: Psychic Terrain\n|upkeep\n|turn|7\n|\n|t:|1738583533\n|move|p1a: Calyrex|Protect|p1a: Calyrex\n|-singleturn|p1a: Calyrex|Protect\n|move|p2a: Kyogre|Water Spout|p1a: Calyrex\n|-activate|p1a: Calyrex|move: Protect\n|move|p2b: Ursaluna|Blood Moon|p1a: Calyrex\n|-activate|p1a: Calyrex|move: Protect\n|\n|-weather|none\n|upkeep\n|turn|8\n|inactive|roykeenkennedy has 30 seconds left.\n|l|\u2606roykeenkennedy\n|inactive|roykeenkennedy disconnected and has a minute to reconnect!\n|player|p1|\n|inactive|roykeenkennedy has 20 seconds left.\n|c|\u2606Grade a type b|Ggs\n|inactive|roykeenkennedy has 15 seconds left.\n|l| Kaiju Krush\n|inactive|roykeenkennedy has 10 seconds left.\n|inactive|roykeenkennedy has 5 seconds left.\n|-message|roykeenkennedy lost due to inactivity.\n|\n|win|Grade a type b\n|raw|roykeenkennedy's rating: 1574 &rarr; <strong>1551<\/strong><br \/>(-23 for losing)\n|raw|Grade a type b's rating: 1524 &rarr; <strong>1547<\/strong><br \/>(+23 for winning)\n|l|\u2606Grade a type b\n|player|p2|\n|j|\u2606roykeenkennedy\n|player|p1|roykeenkennedy|alder|\n|l|\u2606roykeenkennedy\n|player|p1|\n","uploadtime":1738583857,"views":9,"formatid":"gen9vgc2025regg","rating":1547,"private":0,"password":null}