{"id":"gen9vgc2025regg-2293605500","format":"[Gen 9] VGC 2025 Reg G","players":["Gene10","Lacossg"],"log":"|j|\u2606Gene10\n|j|\u2606Lacossg\n|t:|1738597342\n|gametype|doubles\n|player|p1|Gene10|101|1574\n|player|p2|Lacossg|2|1656\n|teamsize|p1|6\n|teamsize|p2|6\n|gen|9\n|tier|[Gen 9] VGC 2025 Reg G\n|rated|\n|rule|Species Clause: Limit one of each Pok\u00e9mon\n|rule|Item Clause: Limit 1 of each item\n|clearpoke\n|poke|p1|Kyogre, L50|\n|poke|p1|Tornadus, L50, M|\n|poke|p1|Tsareena, L50, F|\n|poke|p1|Urshifu-*, L50, M|\n|poke|p1|Flutter Mane, L50|\n|poke|p1|Kingdra, L50, F|\n|poke|p2|Ditto, L50|\n|poke|p2|Lunala, L50|\n|poke|p2|Indeedee-F, L50, F|\n|poke|p2|Roaring Moon, L50|\n|poke|p2|Urshifu-*, L50, M|\n|poke|p2|Ursaluna, L50, F|\n|teampreview|4\n|inactive|Battle timer is ON: inactive players will automatically lose when time's up. (requested by Gene10)\n|j| GooglePay\n|inactive|Gene10 has 60 seconds left.\n|\n|t:|1738597379\n|start\n|switch|p1a: Kyogre|Kyogre, L50|100\/100\n|switch|p1b: Kingdra|Kingdra, L50, F|100\/100\n|switch|p2a: Roaring Moon|Roaring Moon, L50|100\/100\n|switch|p2b: Lunala|Lunala, L50|100\/100\n|-weather|RainDance|[from] ability: Drizzle|[of] p1a: Kyogre\n|-enditem|p2a: Roaring Moon|Booster Energy\n|-activate|p2a: Roaring Moon|ability: Protosynthesis|[fromitem]\n|-start|p2a: Roaring Moon|protosynthesisspe\n|turn|1\n|inactive|Lacossg has 30 seconds left.\n|inactive|Lacossg has 20 seconds left.\n|inactive|Lacossg has 15 seconds left.\n|inactive|Lacossg has 10 seconds left.\n|inactive|Lacossg has 5 seconds left.\n|\n|t:|1738597434\n|-terastallize|p1a: Kyogre|Water\n|move|p2a: Roaring Moon|Tailwind|p2a: Roaring Moon\n|-sidestart|p2: Lacossg|move: Tailwind\n|move|p1b: Kingdra|Muddy Water|p2b: Lunala|[spread] p2a,p2b\n|-resisted|p2a: Roaring Moon\n|-damage|p2a: Roaring Moon|74\/100\n|-damage|p2b: Lunala|79\/100\n|-unboost|p2b: Lunala|accuracy|1\n|-damage|p1b: Kingdra|91\/100|[from] item: Life Orb\n|move|p2b: Lunala|Meteor Beam||[still]\n|-prepare|p2b: Lunala|Meteor Beam\n|-boost|p2b: Lunala|spa|1\n|-enditem|p2b: Lunala|Power Herb\n|-anim|p2b: Lunala|Meteor Beam|p1a: Kyogre\n|-crit|p1a: Kyogre\n|-damage|p1a: Kyogre|24\/100\n|move|p1a: Kyogre|Water Spout|p2b: Lunala|[spread] p2a,p2b\n|-resisted|p2a: Roaring Moon\n|-damage|p2a: Roaring Moon|56\/100\n|-damage|p2b: Lunala|50\/100\n|\n|-weather|RainDance|[upkeep]\n|upkeep\n|turn|2\n|j| mentalrofl\n|inactive|Gene10 has 30 seconds left.\n|inactive|Lacossg has 30 seconds left.\n|inactive|Gene10 has 20 seconds left.\n|\n|t:|1738597470\n|switch|p2b: Indeedee|Indeedee-F, L50, F|100\/100\n|-fieldstart|move: Psychic Terrain|[from] ability: Psychic Surge|[of] p2b: Indeedee\n|move|p2a: Roaring Moon|Knock Off|p1a: Kyogre\n|-damage|p1a: Kyogre|0 fnt\n|-enditem|p1a: Kyogre|Choice Scarf|[from] move: Knock Off|[of] p2a: Roaring Moon\n|faint|p1a: Kyogre\n|move|p1b: Kingdra|Dragon Dance|p1b: Kingdra\n|-boost|p1b: Kingdra|atk|1\n|-boost|p1b: Kingdra|spe|1\n|\n|-weather|RainDance|[upkeep]\n|upkeep\n|\n|t:|1738597482\n|switch|p1a: Flutter Mane|Flutter Mane, L50|100\/100\n|-enditem|p1a: Flutter Mane|Booster Energy\n|-activate|p1a: Flutter Mane|ability: Protosynthesis|[fromitem]\n|-start|p1a: Flutter Mane|protosynthesisspe\n|turn|3\n|\n|t:|1738597498\n|move|p2a: Roaring Moon|Taunt|p1a: Flutter Mane\n|-start|p1a: Flutter Mane|move: Taunt\n|move|p1b: Kingdra|Muddy Water|p2a: Roaring Moon|[spread] p2a,p2b\n|-resisted|p2a: Roaring Moon\n|-damage|p2a: Roaring Moon|27\/100\n|-damage|p2b: Indeedee|42\/100\n|-unboost|p2b: Indeedee|accuracy|1\n|-damage|p1b: Kingdra|81\/100|[from] item: Life Orb\n|cant|p1a: Flutter Mane|move: Taunt|Taunt\n|move|p2b: Indeedee|Trick Room|p2b: Indeedee\n|-fieldstart|move: Trick Room|[of] p2b: Indeedee\n|\n|-weather|RainDance|[upkeep]\n|upkeep\n|turn|4\n|inactive|Lacossg has 30 seconds left.\n|\n|t:|1738597529\n|move|p2b: Indeedee|Heal Pulse|p2a: Roaring Moon\n|-heal|p2a: Roaring Moon|77\/100\n|move|p1a: Flutter Mane|Moonblast|p2a: Roaring Moon\n|-supereffective|p2a: Roaring Moon\n|-damage|p2a: Roaring Moon|0 fnt\n|faint|p2a: Roaring Moon\n|-end|p2a: Roaring Moon|Protosynthesis|[silent]\n|move|p1b: Kingdra|Muddy Water|p2b: Indeedee\n|-damage|p2b: Indeedee|0 fnt\n|faint|p2b: Indeedee\n|-damage|p1b: Kingdra|71\/100|[from] item: Life Orb\n|\n|-weather|RainDance|[upkeep]\n|-sideend|p2: Lacossg|move: Tailwind\n|upkeep\n|\n|t:|1738597535\n|switch|p2b: Lunala|Lunala, L50|50\/100\n|switch|p2a: Urshifu|Urshifu-Rapid-Strike, L50, M|100\/100\n|turn|5\n|\n|t:|1738597550\n|-end|p1a: Flutter Mane|Protosynthesis|[silent]\n|switch|p1a: Urshifu|Urshifu, L50, M|100\/100\n|move|p2b: Lunala|Expanding Force|p1a: Urshifu|[spread] p1b\n|-immune|p1a: Urshifu\n|-damage|p1b: Kingdra|0 fnt\n|faint|p1b: Kingdra\n|move|p2a: Urshifu|Surging Strikes|p1a: Urshifu\n|-crit|p1a: Urshifu\n|-damage|p1a: Urshifu|58\/100\n|-crit|p1a: Urshifu\n|-damage|p1a: Urshifu|18\/100\n|-crit|p1a: Urshifu\n|-damage|p1a: Urshifu|0 fnt\n|faint|p1a: Urshifu\n|-hitcount|p1: Urshifu|3\n|-damage|p2a: Urshifu|91\/100|[from] item: Life Orb\n|\n|-weather|none\n|upkeep\n|\n|t:|1738597560\n|switch|p1b: Flutter Mane|Flutter Mane, L50|100\/100\n|turn|6\n|\n|t:|1738597567\n|-terastallize|p2a: Urshifu|Water\n|move|p2b: Lunala|Moongeist Beam|p1b: Flutter Mane\n|-supereffective|p1b: Flutter Mane\n|-damage|p1b: Flutter Mane|0 fnt\n|faint|p1b: Flutter Mane\n|-end|p1b: Flutter Mane|Protosynthesis|[silent]\n|\n|win|Lacossg\n|raw|Gene10's rating: 1574 &rarr; <strong>1559<\/strong><br \/>(-15 for losing)\n|raw|Lacossg's rating: 1656 &rarr; <strong>1671<\/strong><br \/>(+15 for winning)\n|l|\u2606Gene10\n|player|p1|\n|l|\u2606Lacossg\n|player|p2|\n|l| mentalrofl\n","uploadtime":1738597737,"views":11,"formatid":"gen9vgc2025regg","rating":1559,"private":0,"password":null}