{"id":"gen9vgc2025regg-2293041821","format":"[Gen 9] VGC 2025 Reg G","players":["avaddov","Pneumatictoad"],"log":"|j|\u2606avaddov\n|j|\u2606Pneumatictoad\n|t:|1738516396\n|gametype|doubles\n|player|p1|avaddov|cynthia-masters|1617\n|player|p2|Pneumatictoad|janine|1683\n|teamsize|p1|6\n|teamsize|p2|6\n|gen|9\n|tier|[Gen 9] VGC 2025 Reg G\n|rated|\n|rule|Species Clause: Limit one of each Pok\u00e9mon\n|rule|Item Clause: Limit 1 of each item\n|clearpoke\n|poke|p1|Miraidon, L50|\n|poke|p1|Iron Bundle, L50|\n|poke|p1|Iron Hands, L50|\n|poke|p1|Farigiraf, L50, M|\n|poke|p1|Chi-Yu, L50|\n|poke|p1|Ursaluna-Bloodmoon, L50, M|\n|poke|p2|Calyrex-Ice, L50|\n|poke|p2|Trapinch, L50, F|\n|poke|p2|Annihilape, L50, M|\n|poke|p2|Pelipper, L50, F|\n|poke|p2|Jigglypuff, L50, M|\n|poke|p2|Urshifu-*, L50, M|\n|teampreview|4\n|j| jdarcan\n|j| Salvato1902V\n|\n|t:|1738516440\n|start\n|switch|p1a: Agias|Miraidon, L50|100\/100\n|switch|p1b: Envy|Chi-Yu, L50|100\/100\n|switch|p2a: Pelipper|Pelipper, L50, F|100\/100\n|switch|p2b: Calyrex|Calyrex-Ice, L50|100\/100\n|-ability|p2b: Calyrex|As One\n|-ability|p2b: Calyrex|Unnerve\n|-ability|p1b: Envy|Beads of Ruin\n|-fieldstart|move: Electric Terrain|[from] ability: Hadron Engine|[of] p1a: Agias\n|-weather|RainDance|[from] ability: Drizzle|[of] p2a: Pelipper\n|turn|1\n|\n|t:|1738516459\n|switch|p2a: Trapinch|Trapinch, L50, F|100\/100\n|-terastallize|p2b: Calyrex|Grass\n|move|p1b: Envy|Dark Pulse|p2a: Trapinch\n|-enditem|p2a: Trapinch|Focus Sash\n|-damage|p2a: Trapinch|1\/100\n|move|p1a: Agias|Electro Drift|p2b: Calyrex\n|-resisted|p2b: Calyrex\n|-damage|p2b: Calyrex|43\/100\n|move|p2b: Calyrex|Trick Room|p2b: Calyrex\n|-fieldstart|move: Trick Room|[of] p2b: Calyrex\n|\n|-weather|RainDance|[upkeep]\n|upkeep\n|turn|2\n|\n|t:|1738516480\n|move|p2a: Trapinch|Earthquake|p1b: Envy|[spread] p2b,p1a,p1b\n|-resisted|p2b: Calyrex\n|-supereffective|p1a: Agias\n|-supereffective|p1b: Envy\n|-damage|p2b: Calyrex|32\/100\n|-damage|p1a: Agias|34\/100\n|-damage|p1b: Envy|0 fnt\n|faint|p1b: Envy\n|move|p2b: Calyrex|Glacial Lance|p1a: Agias\n|-supereffective|p1a: Agias\n|-damage|p1a: Agias|0 fnt\n|faint|p1a: Agias\n|-ability|p2b: Calyrex|Chilling Neigh|boost\n|-boost|p2b: Calyrex|atk|1\n|\n|-weather|RainDance|[upkeep]\n|upkeep\n|\n|t:|1738516484\n|switch|p1b: Bigweld|Iron Hands, L50, shiny|100\/100\n|switch|p1a: Dell-eBird|Iron Bundle, L50, shiny|100\/100\n|-activate|p1b: Bigweld|ability: Quark Drive\n|-start|p1b: Bigweld|quarkdriveatk\n|-activate|p1a: Dell-eBird|ability: Quark Drive\n|-start|p1a: Dell-eBird|quarkdrivespe\n|turn|3\n|\n|t:|1738516495\n|move|p2a: Trapinch|Protect|p2a: Trapinch\n|-singleturn|p2a: Trapinch|Protect\n|move|p1b: Bigweld|Fake Out|p2a: Trapinch\n|-activate|p2a: Trapinch|move: Protect\n|move|p2b: Calyrex|Seed Bomb|p1a: Dell-eBird\n|-supereffective|p1a: Dell-eBird\n|-enditem|p1a: Dell-eBird|Focus Sash\n|-damage|p1a: Dell-eBird|1\/100\n|move|p1a: Dell-eBird|Freeze-Dry|p2b: Calyrex\n|-supereffective|p2b: Calyrex\n|-damage|p2b: Calyrex|0 fnt\n|faint|p2b: Calyrex\n|\n|-weather|RainDance|[upkeep]\n|upkeep\n|\n|t:|1738516517\n|switch|p2b: Urshifu|Urshifu, L50, M|100\/100\n|turn|4\n|\n|t:|1738516533\n|-terastallize|p1b: Bigweld|Water\n|move|p2a: Trapinch|Feint|p1a: Dell-eBird\n|-damage|p1a: Dell-eBird|0 fnt\n|faint|p1a: Dell-eBird\n|-end|p1a: Dell-eBird|Quark Drive|[silent]\n|move|p2b: Urshifu|Close Combat|p1b: Bigweld\n|-damage|p1b: Bigweld|55\/100\n|-unboost|p2b: Urshifu|def|1\n|-unboost|p2b: Urshifu|spd|1\n|move|p1b: Bigweld|Drain Punch|p2b: Urshifu\n|-supereffective|p2b: Urshifu\n|-damage|p2b: Urshifu|0 fnt\n|-heal|p1b: Bigweld|97\/100|[from] drain|[of] p2b: Urshifu\n|faint|p2b: Urshifu\n|\n|-weather|RainDance|[upkeep]\n|upkeep\n|inactive|Battle timer is ON: inactive players will automatically lose when time's up. (requested by avaddov)\n|\n|t:|1738516552\n|switch|p2b: Pelipper|Pelipper, L50, F|100\/100\n|turn|5\n|j| bluestraggler02\n|\n|t:|1738516569\n|move|p2b: Pelipper|Protect|p2b: Pelipper\n|-singleturn|p2b: Pelipper|Protect\n|move|p2a: Trapinch|Fissure|p1b: Bigweld|[miss]\n|-miss|p2a: Trapinch|p1b: Bigweld\n|move|p1b: Bigweld|Wild Charge|p2b: Pelipper\n|-activate|p2b: Pelipper|move: Protect\n|\n|-weather|none\n|-fieldend|move: Trick Room\n|-fieldend|move: Electric Terrain\n|-end|p1b: Bigweld|Quark Drive\n|upkeep\n|turn|6\n|\n|t:|1738516581\n|move|p2b: Pelipper|Hurricane|p1b: Bigweld\n|-damage|p1b: Bigweld|71\/100\n|move|p1b: Bigweld|Drain Punch|p2a: Trapinch\n|-damage|p2a: Trapinch|0 fnt\n|-heal|p1b: Bigweld|72\/100|[from] drain|[of] p2a: Trapinch\n|faint|p2a: Trapinch\n|\n|upkeep\n|turn|7\n|\n|t:|1738516586\n|move|p2b: Pelipper|Hurricane|p1b: Bigweld|[miss]\n|-miss|p2b: Pelipper|p1b: Bigweld\n|move|p1b: Bigweld|Wild Charge|p2b: Pelipper\n|-supereffective|p2b: Pelipper\n|-damage|p2b: Pelipper|0 fnt\n|faint|p2b: Pelipper\n|-damage|p1b: Bigweld|54\/100|[from] Recoil\n|\n|win|avaddov\n|raw|avaddov's rating: 1617 &rarr; <strong>1641<\/strong><br \/>(+24 for winning)\n|raw|Pneumatictoad's rating: 1683 &rarr; <strong>1659<\/strong><br \/>(-24 for losing)\n|l|\u2606Pneumatictoad\n|player|p2|\n|l| Salvato1902V\n","uploadtime":1738516722,"views":30,"formatid":"gen9vgc2025regg","rating":1641,"private":0,"password":null}