{"id":"gen9vgc2025regg-2293984858","format":"[Gen 9] VGC 2025 Reg G","players":["sibylla_system","jkimkim1"],"log":"|j|\u2606sibylla_system\n|j|\u2606jkimkim1\n|t:|1738639871\n|gametype|doubles\n|player|p1|sibylla_system|2|1630\n|player|p2|jkimkim1|266|1656\n|teamsize|p1|6\n|teamsize|p2|6\n|gen|9\n|tier|[Gen 9] VGC 2025 Reg G\n|rated|\n|rule|Species Clause: Limit one of each Pok\u00e9mon\n|rule|Item Clause: Limit 1 of each item\n|clearpoke\n|poke|p1|Terapagos, L50, M|\n|poke|p1|Whimsicott, L50, M|\n|poke|p1|Incineroar, L50, F|\n|poke|p1|Urshifu-*, L50, F|\n|poke|p1|Flutter Mane, L50|\n|poke|p1|Landorus, L50, M|\n|poke|p2|Miraidon, L50|\n|poke|p2|Cresselia, L50, F|\n|poke|p2|Thundurus-Therian, L50, M|\n|poke|p2|Incineroar, L50, M|\n|poke|p2|Ursaluna, L50, F|\n|poke|p2|Whimsicott, L50, F|\n|teampreview|4\n|inactive|Battle timer is ON: inactive players will automatically lose when time's up. (requested by jkimkim1)\n|j| Salvato1902V\n|inactive|jkimkim1 has 60 seconds left.\n|\n|t:|1738639904\n|start\n|switch|p1a: Terapagos|Terapagos, L50, M|100\/100\n|switch|p1b: Incineroar|Incineroar, L50, F|100\/100\n|switch|p2a: Thundurus|Thundurus-Therian, L50, M|100\/100\n|switch|p2b: Kingjames|Incineroar, L50, M|100\/100\n|-activate|p1a: Terapagos|ability: Tera Shift\n|detailschange|p1a: Terapagos|Terapagos-Terastal, L50, M\n|-heal|p1a: Terapagos|100\/100|[silent]\n|-ability|p2b: Kingjames|Intimidate|boost\n|-unboost|p1a: Terapagos|atk|1\n|-unboost|p1b: Incineroar|atk|1\n|-ability|p1b: Incineroar|Intimidate|boost\n|-unboost|p2a: Thundurus|atk|1\n|-unboost|p2b: Kingjames|atk|1\n|turn|1\n|\n|t:|1738639925\n|move|p2b: Kingjames|Fake Out|p1b: Incineroar\n|-damage|p1b: Incineroar|96\/100\n|-damage|p2b: Kingjames|84\/100|[from] item: Rocky Helmet|[of] p1b: Incineroar\n|cant|p1b: Incineroar|flinch\n|move|p1a: Terapagos|Tera Starstorm|p2a: Thundurus\n|-crit|p2a: Thundurus\n|-damage|p2a: Thundurus|7\/100\n|move|p2a: Thundurus|Snarl|p1a: Terapagos|[spread] p1a,p1b\n|-activate|p1a: Terapagos|ability: Tera Shell\n|-resisted|p1a: Terapagos\n|-resisted|p1b: Incineroar\n|-damage|p1a: Terapagos|93\/100\n|-damage|p1b: Incineroar|89\/100\n|-unboost|p1a: Terapagos|spa|1\n|-unboost|p1b: Incineroar|spa|1\n|\n|upkeep\n|turn|2\n|inactive|jkimkim1 has 30 seconds left.\n|\n|t:|1738639957\n|switch|p2a: \uc0ac\uc2b9\ud5cc|Cresselia, L50, F, shiny|100\/100\n|move|p1a: Terapagos|Tera Starstorm|p2b: Kingjames\n|-damage|p2b: Kingjames|26\/100\n|move|p2b: Kingjames|Parting Shot|p1a: Terapagos\n|-unboost|p1a: Terapagos|atk|1\n|-unboost|p1a: Terapagos|spa|1\n|\n|t:|1738639969\n|switch|p2b: Jayson tatum|Miraidon, L50|100\/100|[from] Parting Shot\n|-fieldstart|move: Electric Terrain|[from] ability: Hadron Engine|[of] p2b: Jayson tatum\n|move|p1b: Incineroar|Knock Off|p2a: \uc0ac\uc2b9\ud5cc\n|-supereffective|p2a: \uc0ac\uc2b9\ud5cc\n|-damage|p2a: \uc0ac\uc2b9\ud5cc|67\/100\n|-enditem|p2a: \uc0ac\uc2b9\ud5cc|Sitrus Berry|[from] move: Knock Off|[of] p1b: Incineroar\n|\n|upkeep\n|turn|3\n|inactive|sibylla_system has 30 seconds left.\n|\n|t:|1738640004\n|switch|p1a: Whimsicott|Whimsicott, L50, M|100\/100\n|switch|p1b: Landorus|Landorus, L50, M|100\/100\n|-terastallize|p2b: Jayson tatum|Fairy\n|move|p2a: \uc0ac\uc2b9\ud5cc|Helping Hand|p2b: Jayson tatum\n|-singleturn|p2b: Jayson tatum|Helping Hand|[of] p2a: \uc0ac\uc2b9\ud5cc\n|move|p2b: Jayson tatum|Dazzling Gleam|p1b: Landorus|[spread] p1a,p1b\n|-damage|p1a: Whimsicott|0 fnt\n|-damage|p1b: Landorus|0 fnt\n|faint|p1a: Whimsicott\n|faint|p1b: Landorus\n|\n|upkeep\n|j| kiabu233\n|\n|t:|1738640016\n|switch|p1b: Incineroar|Incineroar, L50, F|89\/100\n|switch|p1a: Terapagos|Terapagos-Terastal, L50, M|93\/100\n|-ability|p1b: Incineroar|Intimidate|boost\n|-unboost|p2a: \uc0ac\uc2b9\ud5cc|atk|1\n|-unboost|p2b: Jayson tatum|atk|1\n|turn|4\n|j| mr pogostick\n|inactive|sibylla_system has 30 seconds left.\n|inactive|jkimkim1 has 30 seconds left.\n|inactive|jkimkim1 has 20 seconds left.\n|inactive|jkimkim1 has 15 seconds left.\n|inactive|jkimkim1 has 10 seconds left.\n|inactive|jkimkim1 has 5 seconds left.\n|\n|t:|1738640068\n|switch|p2b: Kingjames|Incineroar, L50, M|26\/100\n|-ability|p2b: Kingjames|Intimidate|boost\n|-unboost|p1a: Terapagos|atk|1\n|-unboost|p1b: Incineroar|atk|1\n|move|p1b: Incineroar|Fake Out|p2b: Kingjames\n|-damage|p2b: Kingjames|18\/100\n|move|p1a: Terapagos|Tera Starstorm|p2b: Kingjames\n|-damage|p2b: Kingjames|0 fnt\n|faint|p2b: Kingjames\n|move|p2a: \uc0ac\uc2b9\ud5cc|Psychic|p1a: Terapagos\n|-damage|p1a: Terapagos|65\/100\n|-unboost|p1a: Terapagos|spd|1\n|\n|upkeep\n|l| Salvato1902V\n|\n|t:|1738640080\n|switch|p2b: Jayson tatum|Miraidon, L50, tera:Fairy|100\/100\n|-activate|p2b: Jayson tatum|ability: Hadron Engine\n|turn|5\n|j| Salvato1902V\n|\n|t:|1738640092\n|switch|p2b: Thundurus|Thundurus-Therian, L50, M|7\/100\n|-terastallize|p1a: Terapagos|Stellar\n|detailschange|p1a: Terapagos|Terapagos-Stellar, L50, M, tera:Stellar\n|-heal|p1a: Terapagos|75\/100|[silent]\n|-ability|p1a: Terapagos|Teraform Zero\n|-fieldend|move: Electric Terrain\n|move|p1a: Terapagos|Tera Starstorm|p2a: \uc0ac\uc2b9\ud5cc|[spread] p2a,p2b\n|-damage|p2a: \uc0ac\uc2b9\ud5cc|30\/100\n|-damage|p2b: Thundurus|0 fnt\n|faint|p2b: Thundurus\n|move|p1b: Incineroar|Knock Off|p2a: \uc0ac\uc2b9\ud5cc\n|-supereffective|p2a: \uc0ac\uc2b9\ud5cc\n|-damage|p2a: \uc0ac\uc2b9\ud5cc|5\/100\n|move|p2a: \uc0ac\uc2b9\ud5cc|Psychic|p1a: Terapagos\n|-damage|p1a: Terapagos|41\/100\n|\n|upkeep\n|\n|t:|1738640106\n|switch|p2b: Jayson tatum|Miraidon, L50, tera:Fairy|100\/100\n|-fieldstart|move: Electric Terrain|[from] ability: Hadron Engine|[of] p2b: Jayson tatum\n|turn|6\n|-message|sibylla_system forfeited.\n|\n|win|jkimkim1\n|raw|sibylla_system's rating: 1630 &rarr; <strong>1611<\/strong><br \/>(-19 for losing)\n|raw|jkimkim1's rating: 1656 &rarr; <strong>1675<\/strong><br \/>(+19 for winning)\n|l|\u2606sibylla_system\n|player|p1|\n|l| mr pogostick\n|l| kiabu233\n|l| Salvato1902V\n|l|\u2606jkimkim1\n|player|p2|\n","uploadtime":1738640294,"views":12,"formatid":"gen9vgc2025regg","rating":1611,"private":0,"password":null}