{"id":"gen9vgc2025regg-2293375028","format":"[Gen 9] VGC 2025 Reg G","players":["paramita2","badpiplupvgc"],"log":"|j|\u2606paramita2\n|j|\u2606badpiplupvgc\n|t:|1738559239\n|gametype|doubles\n|player|p1|paramita2|picnicker|1506\n|player|p2|badpiplupvgc|101|1603\n|teamsize|p1|6\n|teamsize|p2|6\n|gen|9\n|tier|[Gen 9] VGC 2025 Reg G\n|rated|\n|rule|Species Clause: Limit one of each Pok\u00e9mon\n|rule|Item Clause: Limit 1 of each item\n|clearpoke\n|poke|p1|Chi-Yu, L50|\n|poke|p1|Flutter Mane, L50|\n|poke|p1|Abomasnow, L50, F|\n|poke|p1|Iron Bundle, L50|\n|poke|p1|Indeedee-F, L50, F|\n|poke|p1|Kyogre, L50|\n|poke|p2|Calyrex-Ice, L50|\n|poke|p2|Amoonguss, L50, M|\n|poke|p2|Raging Bolt, L50|\n|poke|p2|Chi-Yu, L50|\n|poke|p2|Rillaboom, L50, M|\n|poke|p2|Urshifu-*, L50, F|\n|teampreview|4\n|inactive|Battle timer is ON: inactive players will automatically lose when time's up. (requested by paramita2)\n|\n|t:|1738559263\n|start\n|switch|p1a: Kyogre|Kyogre, L50|100\/100\n|switch|p1b: Indeedee|Indeedee-F, L50, F|100\/100\n|switch|p2a: Rillaboom|Rillaboom, L50, M|100\/100\n|switch|p2b: Urshifu|Urshifu, L50, F|100\/100\n|-weather|RainDance|[from] ability: Drizzle|[of] p1a: Kyogre\n|-fieldstart|move: Grassy Terrain|[from] ability: Grassy Surge|[of] p2a: Rillaboom\n|-fieldstart|move: Psychic Terrain|[from] ability: Psychic Surge|[of] p1b: Indeedee\n|-enditem|p1b: Indeedee|Psychic Seed\n|-boost|p1b: Indeedee|spd|1|[from] item: Psychic Seed\n|turn|1\n|inactive|paramita2 has 30 seconds left.\n|\n|t:|1738559295\n|switch|p1b: Chi-Yu|Chi-Yu, L50|100\/100\n|-ability|p1b: Chi-Yu|Beads of Ruin\n|-terastallize|p1a: Kyogre|Normal\n|move|p2b: Urshifu|Wicked Blow|p1b: Chi-Yu\n|-resisted|p1b: Chi-Yu\n|-crit|p1b: Chi-Yu\n|-damage|p1b: Chi-Yu|68\/100\n|move|p1a: Kyogre|Origin Pulse|p2a: Rillaboom|[spread] p2a,p2b\n|-resisted|p2a: Rillaboom\n|-damage|p2a: Rillaboom|44\/100\n|-enditem|p2b: Urshifu|Focus Sash\n|-damage|p2b: Urshifu|1\/100\n|move|p2a: Rillaboom|U-turn|p1a: Kyogre\n|-damage|p1a: Kyogre|79\/100\n|\n|t:|1738559313\n|switch|p2a: Raging Bolt|Raging Bolt, L50|100\/100|[from] U-turn\n|-enditem|p2a: Raging Bolt|Booster Energy\n|-activate|p2a: Raging Bolt|ability: Protosynthesis|[fromitem]\n|-start|p2a: Raging Bolt|protosynthesisspa\n|\n|-weather|RainDance|[upkeep]\n|upkeep\n|turn|2\n|inactive|badpiplupvgc has 30 seconds left.\n|inactive|badpiplupvgc has 20 seconds left.\n|inactive|badpiplupvgc has 15 seconds left.\n|inactive|badpiplupvgc has 10 seconds left.\n|\n|t:|1738559363\n|move|p2b: Urshifu|Detect|p2b: Urshifu\n|-singleturn|p2b: Urshifu|Protect\n|move|p1b: Chi-Yu|Heat Wave|p2a: Raging Bolt|[spread] \n|-activate|p2b: Urshifu|move: Protect\n|-miss|p1b: Chi-Yu|p2a: Raging Bolt\n|move|p2a: Raging Bolt|Draco Meteor|p1b: Chi-Yu\n|-damage|p1b: Chi-Yu|1\/100\n|-unboost|p2a: Raging Bolt|spa|2\n|move|p1a: Kyogre|Origin Pulse|p2a: Raging Bolt|[spread] p2a\n|-activate|p2b: Urshifu|move: Protect\n|-resisted|p2a: Raging Bolt\n|-damage|p2a: Raging Bolt|18\/100\n|\n|-weather|RainDance|[upkeep]\n|upkeep\n|turn|3\n|inactive|paramita2 has 30 seconds left.\n|inactive|paramita2 has 20 seconds left.\n|\n|t:|1738559399\n|switch|p2b: Rillaboom|Rillaboom, L50, M|44\/100\n|-fieldstart|move: Grassy Terrain|[from] ability: Grassy Surge|[of] p2b: Rillaboom\n|switch|p1a: Abomasnow|Abomasnow, L50, F|100\/100\n|-weather|Snow|[from] ability: Snow Warning|[of] p1a: Abomasnow\n|move|p2a: Raging Bolt|Thunderclap|p1b: Chi-Yu\n|-damage|p1b: Chi-Yu|0 fnt\n|faint|p1b: Chi-Yu\n|\n|-weather|Snow|[upkeep]\n|-heal|p2a: Raging Bolt|24\/100|[from] Grassy Terrain\n|-heal|p2b: Rillaboom|50\/100|[from] Grassy Terrain\n|upkeep\n|c|\u2606badpiplupvgc|vest fish?\n|\n|t:|1738559413\n|switch|p1b: Indeedee|Indeedee-F, L50, F|100\/100\n|-fieldstart|move: Psychic Terrain|[from] ability: Psychic Surge|[of] p1b: Indeedee\n|turn|4\n|\n|t:|1738559433\n|switch|p2b: Calyrex|Calyrex-Ice, L50|100\/100\n|-ability|p2b: Calyrex|As One\n|-ability|p2b: Calyrex|Unnerve\n|switch|p1b: Kyogre|Kyogre, L50, tera:Normal|79\/100\n|-weather|RainDance|[from] ability: Drizzle|[of] p1b: Kyogre\n|move|p2a: Raging Bolt|Protect|p2a: Raging Bolt\n|-singleturn|p2a: Raging Bolt|Protect\n|move|p1a: Abomasnow|Blizzard|p2a: Raging Bolt|[spread] p2b\n|-activate|p2a: Raging Bolt|move: Protect\n|-resisted|p2b: Calyrex\n|-crit|p2b: Calyrex\n|-damage|p2b: Calyrex|79\/100\n|-damage|p1a: Abomasnow|91\/100|[from] item: Life Orb\n|\n|-weather|RainDance|[upkeep]\n|upkeep\n|turn|5\n|inactive|badpiplupvgc has 30 seconds left.\n|\n|t:|1738559465\n|move|p2a: Raging Bolt|Draco Meteor|p1a: Abomasnow|[miss]\n|-miss|p2a: Raging Bolt|p1a: Abomasnow\n|move|p1b: Kyogre|Origin Pulse|p2b: Calyrex|[spread] p2a,p2b\n|-resisted|p2a: Raging Bolt\n|-damage|p2a: Raging Bolt|0 fnt\n|-damage|p2b: Calyrex|1\/100\n|faint|p2a: Raging Bolt\n|-end|p2a: Raging Bolt|Protosynthesis|[silent]\n|move|p1a: Abomasnow|Leaf Storm|p2b: Calyrex\n|-damage|p2b: Calyrex|0 fnt\n|-unboost|p1a: Abomasnow|spa|2\n|faint|p2b: Calyrex\n|-damage|p1a: Abomasnow|81\/100|[from] item: Life Orb\n|\n|-weather|RainDance|[upkeep]\n|upkeep\n|\n|t:|1738559478\n|switch|p2a: Rillaboom|Rillaboom, L50, M|50\/100\n|switch|p2b: Urshifu|Urshifu, L50, F|1\/100\n|-fieldstart|move: Grassy Terrain|[from] ability: Grassy Surge|[of] p2a: Rillaboom\n|turn|6\n|inactive|badpiplupvgc has 30 seconds left.\n|\n|t:|1738559510\n|move|p1a: Abomasnow|Ice Shard|p2b: Urshifu\n|-damage|p2b: Urshifu|0 fnt\n|faint|p2b: Urshifu\n|-damage|p1a: Abomasnow|72\/100|[from] item: Life Orb\n|move|p1b: Kyogre|Origin Pulse|p2a: Rillaboom\n|-resisted|p2a: Rillaboom\n|-damage|p2a: Rillaboom|0 fnt\n|faint|p2a: Rillaboom\n|\n|win|paramita2\n|raw|paramita2's rating: 1506 &rarr; <strong>1531<\/strong><br \/>(+25 for winning)\n|raw|badpiplupvgc's rating: 1603 &rarr; <strong>1578<\/strong><br \/>(-25 for losing)\n|l|\u2606badpiplupvgc\n|player|p2|\n|l|\u2606paramita2\n|player|p1|\n","uploadtime":1738559779,"views":15,"formatid":"gen9vgc2025regg","rating":1531,"private":0,"password":null}