{"id":"gen9vgc2025regg-2293182414","format":"[Gen 9] VGC 2025 Reg G","players":["mlm2016","JoeBro8"],"log":"|j|\u2606mlm2016\n|j|\u2606JoeBro8\n|t:|1738533297\n|gametype|doubles\n|player|p1|mlm2016|juggler|1550\n|player|p2|JoeBro8|n|1526\n|teamsize|p1|6\n|teamsize|p2|6\n|gen|9\n|tier|[Gen 9] VGC 2025 Reg G\n|rated|\n|rule|Species Clause: Limit one of each Pok\u00e9mon\n|rule|Item Clause: Limit 1 of each item\n|clearpoke\n|poke|p1|Urshifu-*, L50, M|\n|poke|p1|Miraidon, L50|\n|poke|p1|Whimsicott, L50, F|\n|poke|p1|Iron Hands, L50|\n|poke|p1|Farigiraf, L50, M|\n|poke|p1|Sneasler, L50, F|\n|poke|p2|Calyrex-Ice, L50|\n|poke|p2|Landorus, L50, M|\n|poke|p2|Amoonguss, L50, M|\n|poke|p2|Urshifu-*, L50, M|\n|poke|p2|Roaring Moon, L50|\n|poke|p2|Ogerpon-Hearthflame, L50, F|\n|teampreview|4\n|inactive|Battle timer is ON: inactive players will automatically lose when time's up. (requested by mlm2016)\n|inactive|JoeBro8 has 60 seconds left.\n|inactive|JoeBro8 has 30 seconds left.\n|inactive|JoeBro8 has 20 seconds left.\n|\n|t:|1738533371\n|start\n|switch|p1a: Miraidon|Miraidon, L50|100\/100\n|switch|p1b: Sneasler|Sneasler, L50, F|100\/100\n|switch|p2a: Calyrex|Calyrex-Ice, L50|100\/100\n|switch|p2b: Amoonguss|Amoonguss, L50, M|100\/100\n|-ability|p2a: Calyrex|As One\n|-ability|p2a: Calyrex|Unnerve\n|-fieldstart|move: Electric Terrain|[from] ability: Hadron Engine|[of] p1a: Miraidon\n|-enditem|p1b: Sneasler|Electric Seed\n|-boost|p1b: Sneasler|def|1|[from] item: Electric Seed\n|turn|1\n|inactive|mlm2016 has 30 seconds left.\n|inactive|mlm2016 has 20 seconds left.\n|\n|t:|1738533409\n|move|p2a: Calyrex|Protect|p2a: Calyrex\n|-singleturn|p2a: Calyrex|Protect\n|move|p2b: Amoonguss|Protect|p2b: Amoonguss\n|-singleturn|p2b: Amoonguss|Protect\n|move|p1b: Sneasler|Fake Out|p2a: Calyrex\n|-activate|p2a: Calyrex|move: Protect\n|move|p1a: Miraidon|Volt Switch|p2b: Amoonguss\n|-activate|p2b: Amoonguss|move: Protect\n|\n|upkeep\n|turn|2\n|\n|t:|1738533422\n|move|p2b: Amoonguss|Rage Powder|p2b: Amoonguss\n|-singleturn|p2b: Amoonguss|move: Rage Powder\n|move|p1b: Sneasler|Acid Spray|p2b: Amoonguss\n|-damage|p2b: Amoonguss|95\/100\n|move|p1a: Miraidon|Volt Switch|p2b: Amoonguss\n|-resisted|p2b: Amoonguss\n|-damage|p2b: Amoonguss|65\/100\n|\n|t:|1738533429\n|switch|p1a: Iron Hands|Iron Hands, L50|100\/100|[from] Volt Switch\n|-activate|p1a: Iron Hands|ability: Quark Drive\n|-start|p1a: Iron Hands|quarkdriveatk\n|move|p2a: Calyrex|Trick Room|p2a: Calyrex\n|-fieldstart|move: Trick Room|[of] p2a: Calyrex\n|\n|upkeep\n|turn|3\n|inactive|mlm2016 has 30 seconds left.\n|\n|t:|1738533455\n|-terastallize|p1a: Iron Hands|Water\n|move|p2b: Amoonguss|Rage Powder|p2b: Amoonguss\n|-singleturn|p2b: Amoonguss|move: Rage Powder\n|move|p1a: Iron Hands|Wild Charge|p2b: Amoonguss\n|-resisted|p2b: Amoonguss\n|-damage|p2b: Amoonguss|30\/100\n|-damage|p1a: Iron Hands|92\/100|[from] Recoil\n|move|p2a: Calyrex|Glacial Lance|p1a: Iron Hands|[spread] p1a,p1b\n|-resisted|p1a: Iron Hands\n|-damage|p1a: Iron Hands|71\/100\n|-damage|p1b: Sneasler|41\/100\n|move|p1b: Sneasler|Gunk Shot|p2b: Amoonguss\n|-damage|p2b: Amoonguss|0 fnt\n|faint|p2b: Amoonguss\n|\n|upkeep\n|\n|t:|1738533472\n|switch|p2b: Ogerpon|Ogerpon-Hearthflame, L50, F|100\/100\n|-ability|p2b: Ogerpon|Mold Breaker\n|turn|4\n|\n|t:|1738533486\n|move|p2a: Calyrex|Protect|p2a: Calyrex\n|-singleturn|p2a: Calyrex|Protect\n|move|p1a: Iron Hands|Drain Punch|p2b: Ogerpon\n|-damage|p2b: Ogerpon|60\/100\n|-heal|p1a: Iron Hands|87\/100|[from] drain|[of] p2b: Ogerpon\n|move|p2b: Ogerpon|Ivy Cudgel|p1b: Sneasler|[anim] Ivy Cudgel Fire\n|-damage|p1b: Sneasler|0 fnt\n|faint|p1b: Sneasler\n|\n|upkeep\n|\n|t:|1738533495\n|switch|p1b: Master Shifu|Urshifu-Rapid-Strike, L50, M|100\/100\n|turn|5\n|\n|t:|1738533507\n|move|p1b: Master Shifu|Aqua Jet|p2b: Ogerpon\n|-damage|p2b: Ogerpon|41\/100\n|move|p1a: Iron Hands|Drain Punch|p2b: Ogerpon\n|-damage|p2b: Ogerpon|0 fnt\n|-heal|p1a: Iron Hands|100\/100|[from] drain|[of] p2b: Ogerpon\n|faint|p2b: Ogerpon\n|move|p2a: Calyrex|High Horsepower|p1a: Iron Hands\n|-damage|p1a: Iron Hands|74\/100\n|\n|-fieldend|move: Electric Terrain\n|-end|p1a: Iron Hands|Quark Drive\n|upkeep\n|\n|t:|1738533512\n|switch|p2b: Landorus|Landorus, L50, M|100\/100\n|turn|6\n|\n|t:|1738533528\n|-terastallize|p2b: Landorus|Water\n|move|p1b: Master Shifu|Detect|p1b: Master Shifu\n|-singleturn|p1b: Master Shifu|Protect\n|move|p1a: Iron Hands|Wild Charge|p2a: Calyrex\n|-damage|p2a: Calyrex|71\/100\n|-damage|p1a: Iron Hands|68\/100|[from] Recoil\n|move|p2a: Calyrex|Glacial Lance|p1a: Iron Hands|[spread] p1a\n|-activate|p1b: Master Shifu|move: Protect\n|-resisted|p1a: Iron Hands\n|-damage|p1a: Iron Hands|48\/100\n|move|p2b: Landorus|Sandsear Storm|p1b: Master Shifu|[spread] p1a\n|-activate|p1b: Master Shifu|move: Protect\n|-damage|p1a: Iron Hands|18\/100\n|\n|-fieldend|move: Trick Room\n|upkeep\n|turn|7\n|j| jdarcan\n|inactive|JoeBro8 has 30 seconds left.\n|\n|t:|1738533561\n|move|p1b: Master Shifu|Surging Strikes|p2a: Calyrex\n|-crit|p2a: Calyrex\n|-damage|p2a: Calyrex|58\/100\n|-crit|p2a: Calyrex\n|-damage|p2a: Calyrex|44\/100\n|-crit|p2a: Calyrex\n|-damage|p2a: Calyrex|31\/100\n|-hitcount|p2a: Calyrex|3\n|move|p2b: Landorus|Earth Power|p1b: Master Shifu\n|-enditem|p1b: Master Shifu|Focus Sash\n|-damage|p1b: Master Shifu|1\/100\n|move|p2a: Calyrex|Glacial Lance|p1b: Master Shifu|[spread] p1a,p1b\n|-resisted|p1a: Iron Hands\n|-resisted|p1b: Master Shifu\n|-damage|p1a: Iron Hands|0 fnt\n|-damage|p1b: Master Shifu|0 fnt\n|faint|p1a: Iron Hands\n|-end|p1a: Iron Hands|Quark Drive|[silent]\n|faint|p1b: Master Shifu\n|-ability|p2a: Calyrex|Chilling Neigh|boost\n|-boost|p2a: Calyrex|atk|2\n|\n|upkeep\n|\n|t:|1738533578\n|switch|p1b: Miraidon|Miraidon, L50|100\/100\n|-fieldstart|move: Electric Terrain|[from] ability: Hadron Engine|[of] p1b: Miraidon\n|turn|8\n|\n|t:|1738533598\n|move|p1b: Miraidon|Electro Drift|p2a: Calyrex\n|-damage|p2a: Calyrex|0 fnt\n|faint|p2a: Calyrex\n|move|p2b: Landorus|Sandsear Storm|p1b: Miraidon\n|-supereffective|p1b: Miraidon\n|-damage|p1b: Miraidon|0 fnt\n|faint|p1b: Miraidon\n|\n|win|JoeBro8\n|raw|mlm2016's rating: 1550 &rarr; <strong>1529<\/strong><br \/>(-21 for losing)\n|raw|JoeBro8's rating: 1526 &rarr; <strong>1547<\/strong><br \/>(+21 for winning)\n|l|\u2606mlm2016\n|player|p1|\n|l|\u2606JoeBro8\n|player|p2|\n","uploadtime":1738533793,"views":28,"formatid":"gen9vgc2025regg","rating":1529,"private":0,"password":null}