{"id":"gen9vgc2025regg-2293342038","format":"[Gen 9] VGC 2025 Reg G","players":["Tempest Flute","VVhistler"],"log":"|j|\u2606Tempest Flute\n|j|\u2606VVhistler\n|t:|1738554130\n|gametype|doubles\n|player|p1|Tempest Flute|policeman-gen4|1543\n|player|p2|VVhistler|rocketgrunt|1562\n|teamsize|p1|6\n|teamsize|p2|6\n|gen|9\n|tier|[Gen 9] VGC 2025 Reg G\n|rated|\n|rule|Species Clause: Limit one of each Pok\u00e9mon\n|rule|Item Clause: Limit 1 of each item\n|clearpoke\n|poke|p1|Koraidon, L50|\n|poke|p1|Umbreon, L50, M|\n|poke|p1|Raging Bolt, L50|\n|poke|p1|Flutter Mane, L50|\n|poke|p1|Ogerpon-Cornerstone, L50, F|\n|poke|p1|Entei, L50|\n|poke|p2|Calyrex-Shadow, L50|\n|poke|p2|Pawmot, L50, F|\n|poke|p2|Maushold, L50|\n|poke|p2|Ursaluna-Bloodmoon, L50, M|\n|poke|p2|Whimsicott, L50, F|\n|poke|p2|Clefairy, L50, F|\n|teampreview|4\n|inactive|Battle timer is ON: inactive players will automatically lose when time's up. (requested by Tempest Flute)\n|\n|t:|1738554157\n|start\n|switch|p1a: Raging Bolt|Raging Bolt, L50|100\/100\n|switch|p1b: Ogerpon|Ogerpon-Cornerstone, L50, F|100\/100\n|switch|p2a: Calyrex|Calyrex-Shadow, L50|100\/100\n|switch|p2b: Maushold|Maushold, L50|100\/100\n|-ability|p2a: Calyrex|As One\n|-ability|p2a: Calyrex|Unnerve\n|turn|1\n|\n|t:|1738554171\n|-terastallize|p2a: Calyrex|Ghost\n|move|p2b: Maushold|Feint|p1b: Ogerpon\n|-resisted|p1b: Ogerpon\n|-damage|p1b: Ogerpon|95\/100\n|move|p2a: Calyrex|Astral Barrage|p1b: Ogerpon|[spread] p1a,p1b\n|-damage|p1a: Raging Bolt|57\/100\n|-damage|p1b: Ogerpon|6\/100\n|move|p1b: Ogerpon|Ivy Cudgel|p2a: Calyrex|[anim] Ivy Cudgel Rock\n|-damage|p2a: Calyrex|50\/100\n|move|p1a: Raging Bolt|Volt Switch|p2a: Calyrex\n|-damage|p2a: Calyrex|22\/100\n|\n|t:|1738554187\n|-end|p1a: Raging Bolt|Protosynthesis|[silent]\n|switch|p1a: Flutter Mane|Flutter Mane, L50, shiny|100\/100|[from] Volt Switch\n|\n|upkeep\n|turn|2\n|\n|t:|1738554194\n|switch|p1b: Koraidon|Koraidon, L50|100\/100\n|-weather|SunnyDay|[from] ability: Orichalcum Pulse|[of] p1b: Koraidon\n|-activate|p1a: Flutter Mane|ability: Protosynthesis\n|-start|p1a: Flutter Mane|protosynthesisspe\n|-activate|p1b: Koraidon|Orichalcum Pulse|[source]\n|move|p2b: Maushold|Helping Hand|p2a: Calyrex\n|-singleturn|p2a: Calyrex|Helping Hand|[of] p2b: Maushold\n|move|p1a: Flutter Mane|Dazzling Gleam|p2a: Calyrex|[spread] p2a,p2b\n|-damage|p2a: Calyrex|0 fnt\n|-damage|p2b: Maushold|65\/100\n|faint|p2a: Calyrex\n|\n|-weather|SunnyDay|[upkeep]\n|upkeep\n|\n|t:|1738554212\n|switch|p2a: Ursaluna|Ursaluna-Bloodmoon, L50, M|100\/100\n|turn|3\n|\n|t:|1738554235\n|-terastallize|p1a: Flutter Mane|Fairy\n|move|p2b: Maushold|Follow Me|p2b: Maushold\n|-singleturn|p2b: Maushold|move: Follow Me\n|move|p1a: Flutter Mane|Dazzling Gleam|p2b: Maushold|[spread] p2a,p2b\n|-damage|p2a: Ursaluna|63\/100\n|-damage|p2b: Maushold|21\/100\n|move|p1b: Koraidon|Collision Course|p2b: Maushold\n|-supereffective|p2b: Maushold\n|-damage|p2b: Maushold|0 fnt\n|-damage|p1b: Koraidon|84\/100|[from] item: Rocky Helmet|[of] p2b: Maushold\n|faint|p2b: Maushold\n|move|p2a: Ursaluna|Hyper Voice|p1b: Koraidon|[spread] p1a,p1b\n|-damage|p1a: Flutter Mane|50\/100\n|-damage|p1b: Koraidon|36\/100\n|-damage|p2a: Ursaluna|54\/100|[from] item: Life Orb\n|\n|-weather|SunnyDay|[upkeep]\n|upkeep\n|\n|t:|1738554253\n|switch|p2b: Pawmot|Pawmot, L50, F|100\/100\n|turn|4\n|\n|t:|1738554264\n|move|p2b: Pawmot|Fake Out|p1a: Flutter Mane\n|-damage|p1a: Flutter Mane|20\/100\n|cant|p1a: Flutter Mane|flinch\n|move|p1b: Koraidon|Flame Charge|p2b: Pawmot\n|-damage|p2b: Pawmot|44\/100\n|-boost|p1b: Koraidon|spe|1\n|move|p2a: Ursaluna|Hyper Voice|p1b: Koraidon|[spread] p1a,p1b\n|-damage|p1a: Flutter Mane|0 fnt\n|-damage|p1b: Koraidon|0 fnt\n|faint|p1a: Flutter Mane\n|-end|p1a: Flutter Mane|Protosynthesis|[silent]\n|faint|p1b: Koraidon\n|-damage|p2a: Ursaluna|44\/100|[from] item: Life Orb\n|\n|-weather|SunnyDay|[upkeep]\n|upkeep\n|\n|t:|1738554266\n|switch|p1a: Ogerpon|Ogerpon-Cornerstone, L50, F|6\/100\n|switch|p1b: Raging Bolt|Raging Bolt, L50|57\/100\n|-activate|p1b: Raging Bolt|ability: Protosynthesis\n|-start|p1b: Raging Bolt|protosynthesisspa\n|turn|5\n|inactive|Tempest Flute has 30 seconds left.\n|inactive|VVhistler has 30 seconds left.\n|\n|t:|1738554297\n|move|p2a: Ursaluna|Protect|p2a: Ursaluna\n|-singleturn|p2a: Ursaluna|Protect\n|move|p1a: Ogerpon|Power Whip|p2b: Pawmot\n|-damage|p2b: Pawmot|0 fnt\n|faint|p2b: Pawmot\n|move|p1b: Raging Bolt|Draco Meteor|p2a: Ursaluna\n|-activate|p2a: Ursaluna|move: Protect\n|\n|-weather|SunnyDay|[upkeep]\n|upkeep\n|turn|6\n|\n|t:|1738554310\n|move|p2a: Ursaluna|Vacuum Wave|p1a: Ogerpon\n|-supereffective|p1a: Ogerpon\n|-damage|p1a: Ogerpon|0 fnt\n|faint|p1a: Ogerpon\n|-damage|p2a: Ursaluna|34\/100|[from] item: Life Orb\n|move|p1b: Raging Bolt|Draco Meteor|p2a: Ursaluna\n|-damage|p2a: Ursaluna|0 fnt\n|-unboost|p1b: Raging Bolt|spa|2\n|faint|p2a: Ursaluna\n|\n|win|Tempest Flute\n|raw|Tempest Flute's rating: 1543 &rarr; <strong>1564<\/strong><br \/>(+21 for winning)\n|raw|VVhistler's rating: 1562 &rarr; <strong>1541<\/strong><br \/>(-21 for losing)\n|l|\u2606VVhistler\n|player|p2|\n|l|\u2606Tempest Flute\n|player|p1|\n","uploadtime":1738554556,"views":6,"formatid":"gen9vgc2025regg","rating":1541,"private":0,"password":null}