{"id":"gen9vgc2025regg-2293666904","format":"[Gen 9] VGC 2025 Reg G","players":["PokemonBreederJoey","Weakest blow"],"log":"|j|\u2606PokemonBreederJoey\n|j|\u2606Weakest blow\n|t:|1738603643\n|gametype|doubles\n|player|p1|PokemonBreederJoey|2|1519\n|player|p2|Weakest blow|depotagent|1629\n|teamsize|p1|6\n|teamsize|p2|6\n|gen|9\n|tier|[Gen 9] VGC 2025 Reg G\n|rated|\n|rule|Species Clause: Limit one of each Pok\u00e9mon\n|rule|Item Clause: Limit 1 of each item\n|clearpoke\n|poke|p1|Kyogre, L50|\n|poke|p1|Tornadus, L50, M|\n|poke|p1|Farigiraf, L50, F|\n|poke|p1|Chi-Yu, L50|\n|poke|p1|Archaludon, L50, F|\n|poke|p1|Iron Valiant, L50|\n|poke|p2|Ditto, L50|\n|poke|p2|Iron Hands, L50|\n|poke|p2|Miraidon, L50|\n|poke|p2|Pelipper, L50, M|\n|poke|p2|Volcarona, L50, M|\n|poke|p2|Whimsicott, L50, M|\n|teampreview|4\n|\n|t:|1738603679\n|start\n|switch|p1a: Tornadus|Tornadus, L50, M|100\/100\n|switch|p1b: Iron Valiant|Iron Valiant, L50|100\/100\n|switch|p2a: Miraidon|Miraidon, L50|100\/100\n|switch|p2b: Whimsicott|Whimsicott, L50, M|100\/100\n|-fieldstart|move: Electric Terrain|[from] ability: Hadron Engine|[of] p2a: Miraidon\n|-activate|p1b: Iron Valiant|ability: Quark Drive\n|-start|p1b: Iron Valiant|quarkdrivespe\n|turn|1\n|\n|t:|1738603712\n|move|p2a: Miraidon|Protect|p2a: Miraidon\n|-singleturn|p2a: Miraidon|Protect\n|move|p1a: Tornadus|Tailwind|p1a: Tornadus\n|-sidestart|p1: PokemonBreederJoey|move: Tailwind\n|move|p2b: Whimsicott|Tailwind|p2b: Whimsicott\n|-sidestart|p2: Weakest blow|move: Tailwind\n|move|p1b: Iron Valiant|Spirit Break|p2a: Miraidon\n|-activate|p2a: Miraidon|move: Protect\n|\n|upkeep\n|turn|2\n|\n|t:|1738603729\n|-terastallize|p2a: Miraidon|Fairy\n|move|p1a: Tornadus|Taunt|p2b: Whimsicott\n|-start|p2b: Whimsicott|move: Taunt\n|cant|p2b: Whimsicott|move: Taunt|Encore\n|move|p1b: Iron Valiant|Spirit Break|p2a: Miraidon\n|-damage|p2a: Miraidon|68\/100\n|-unboost|p2a: Miraidon|spa|1\n|move|p2a: Miraidon|Electro Drift|p1b: Iron Valiant\n|-damage|p1b: Iron Valiant|0 fnt\n|faint|p1b: Iron Valiant\n|-end|p1b: Iron Valiant|Quark Drive|[silent]\n|-damage|p2a: Miraidon|59\/100|[from] item: Life Orb\n|\n|upkeep\n|\n|t:|1738603750\n|switch|p1b: Archaludon|Archaludon, L50, F|100\/100\n|turn|3\n|\n|t:|1738603768\n|switch|p2b: Iron Hands|Iron Hands, L50|100\/100\n|-activate|p2b: Iron Hands|ability: Quark Drive\n|-start|p2b: Iron Hands|quarkdriveatk\n|move|p1a: Tornadus|Rain Dance|p1a: Tornadus\n|-weather|RainDance\n|move|p2a: Miraidon|Draco Meteor|p1a: Tornadus\n|-damage|p1a: Tornadus|0 fnt\n|-unboost|p2a: Miraidon|spa|2\n|faint|p1a: Tornadus\n|-damage|p2a: Miraidon|49\/100|[from] item: Life Orb\n|move|p1b: Archaludon|Electro Shot||[still]\n|-prepare|p1b: Archaludon|Electro Shot\n|-boost|p1b: Archaludon|spa|1\n|-anim|p1b: Archaludon|Electro Shot|p2a: Miraidon\n|-damage|p2a: Miraidon|0 fnt\n|faint|p2a: Miraidon\n|\n|-weather|RainDance|[upkeep]\n|upkeep\n|\n|t:|1738603791\n|switch|p2a: Ditto|Ditto, L50|100\/100\n|switch|p1a: Kyogre|Kyogre, L50|100\/100\n|-transform|p2a: Ditto|p1b: Archaludon|[from] ability: Imposter\n|turn|4\n|\n|t:|1738603826\n|move|p1a: Kyogre|Protect|p1a: Kyogre\n|-singleturn|p1a: Kyogre|Protect\n|move|p2b: Iron Hands|Fake Out|p1a: Kyogre\n|-activate|p1a: Kyogre|move: Protect\n|move|p2a: Ditto|Electro Shot||[still]\n|-prepare|p2a: Ditto|Electro Shot\n|-boost|p2a: Ditto|spa|1\n|-anim|p2a: Ditto|Electro Shot|p1a: Kyogre\n|-activate|p1a: Kyogre|move: Protect\n|move|p1b: Archaludon|Electro Shot||[still]\n|-prepare|p1b: Archaludon|Electro Shot\n|-boost|p1b: Archaludon|spa|1\n|-anim|p1b: Archaludon|Electro Shot|p2b: Iron Hands\n|-resisted|p2b: Iron Hands\n|-damage|p2b: Iron Hands|75\/100\n|\n|-weather|RainDance|[upkeep]\n|-sideend|p2: Weakest blow|move: Tailwind\n|-sideend|p1: PokemonBreederJoey|move: Tailwind\n|upkeep\n|turn|5\n|\n|t:|1738603877\n|move|p1a: Kyogre|Water Spout|p2b: Iron Hands|[spread] p2a,p2b\n|-resisted|p2a: Ditto\n|-damage|p2a: Ditto|11\/100\n|-damage|p2b: Iron Hands|6\/100\n|-ability|p2a: Ditto|Stamina|boost\n|-boost|p2a: Ditto|def|1\n|move|p1b: Archaludon|Electro Shot||[still]\n|-prepare|p1b: Archaludon|Electro Shot\n|-boost|p1b: Archaludon|spa|1\n|-anim|p1b: Archaludon|Electro Shot|p2b: Iron Hands\n|-resisted|p2b: Iron Hands\n|-damage|p2b: Iron Hands|0 fnt\n|faint|p2b: Iron Hands\n|-end|p2b: Iron Hands|Quark Drive|[silent]\n|move|p2a: Ditto|Electro Shot||[still]\n|-prepare|p2a: Ditto|Electro Shot\n|-boost|p2a: Ditto|spa|1\n|-anim|p2a: Ditto|Electro Shot|p1a: Kyogre\n|-supereffective|p1a: Kyogre\n|-damage|p1a: Kyogre|0 fnt\n|faint|p1a: Kyogre\n|\n|-weather|RainDance|[upkeep]\n|-fieldend|move: Electric Terrain\n|upkeep\n|\n|t:|1738603898\n|switch|p2b: Whimsicott|Whimsicott, L50, M|100\/100\n|turn|6\n|\n|t:|1738603911\n|-terastallize|p1b: Archaludon|Fairy\n|move|p2b: Whimsicott|Tailwind|p2b: Whimsicott\n|-sidestart|p2: Weakest blow|move: Tailwind\n|move|p2a: Ditto|Draco Meteor|p1b: Archaludon\n|-immune|p1b: Archaludon\n|move|p1b: Archaludon|Electro Shot||[still]\n|-prepare|p1b: Archaludon|Electro Shot\n|-boost|p1b: Archaludon|spa|1\n|-anim|p1b: Archaludon|Electro Shot|p2a: Ditto\n|-resisted|p2a: Ditto\n|-damage|p2a: Ditto|0 fnt\n|faint|p2a: Ditto\n|\n|-weather|RainDance|[upkeep]\n|upkeep\n|turn|7\n|\n|t:|1738603931\n|move|p2b: Whimsicott|Encore|p1b: Archaludon\n|-start|p1b: Archaludon|Encore\n|move|p1b: Archaludon|Electro Shot||[still]\n|-prepare|p1b: Archaludon|Electro Shot\n|-boost|p1b: Archaludon|spa|1\n|-anim|p1b: Archaludon|Electro Shot|p2b: Whimsicott\n|-resisted|p2b: Whimsicott\n|-damage|p2b: Whimsicott|21\/100\n|\n|-weather|none\n|upkeep\n|turn|8\n|\n|t:|1738603944\n|move|p2b: Whimsicott|Moonblast|p1b: Archaludon\n|-damage|p1b: Archaludon|82\/100\n|-ability|p1b: Archaludon|Stamina|boost\n|-boost|p1b: Archaludon|def|1\n|move|p1b: Archaludon|Electro Shot||[still]\n|-prepare|p1b: Archaludon|Electro Shot\n|-boost|p1b: Archaludon|spa|1\n|\n|upkeep\n|turn|9\n|-message|Weakest blow forfeited.\n|\n|win|PokemonBreederJoey\n|raw|PokemonBreederJoey's rating: 1519 &rarr; <strong>1545<\/strong><br \/>(+26 for winning)\n|raw|Weakest blow's rating: 1629 &rarr; <strong>1603<\/strong><br \/>(-26 for losing)\n|l|\u2606PokemonBreederJoey\n|player|p1|\n","uploadtime":1738603960,"views":21,"formatid":"gen9vgc2025regg","rating":1545,"private":0,"password":null}