{"id":"gen9vgc2025regg-2293729509","format":"[Gen 9] VGC 2025 Reg G","players":["Grade a type b","ekalsow"],"log":"|j|\u2606Grade a type b\n|j|\u2606ekalsow\n|t:|1738609791\n|gametype|doubles\n|player|p1|Grade a type b|101|1598\n|player|p2|ekalsow|gambler|1660\n|teamsize|p1|6\n|teamsize|p2|6\n|gen|9\n|tier|[Gen 9] VGC 2025 Reg G\n|rated|\n|rule|Species Clause: Limit one of each Pok\u00e9mon\n|rule|Item Clause: Limit 1 of each item\n|clearpoke\n|poke|p1|Kyogre, L50|\n|poke|p1|Archaludon, L50, M|\n|poke|p1|Tornadus, L50, M|\n|poke|p1|Rillaboom, L50, M|\n|poke|p1|Chien-Pao, L50|\n|poke|p1|Ursaluna-Bloodmoon, L50, M|\n|poke|p2|Pelipper, L50, M|\n|poke|p2|Zacian-*, L50|\n|poke|p2|Kingambit, L50, M|\n|poke|p2|Rillaboom, L50, M|\n|poke|p2|Farigiraf, L50, F|\n|poke|p2|Ogerpon-Hearthflame, L50, F|\n|teampreview|4\n|inactive|Battle timer is ON: inactive players will automatically lose when time's up. (requested by Grade a type b)\n|inactive|Grade a type b has 60 seconds left.\n|inactive|ekalsow has 60 seconds left.\n|inactive|Grade a type b has 30 seconds left.\n|\n|t:|1738609854\n|start\n|switch|p1a: Mogging You Soon|Kyogre, L50|100\/100\n|switch|p1b: Difference Maker|Ursaluna-Bloodmoon, L50, M|100\/100\n|switch|p2a: Zacian|Zacian-Crowned, L50|100\/100\n|switch|p2b: Rillaboom|Rillaboom, L50, M|100\/100\n|-ability|p2a: Zacian|Intrepid Sword|boost\n|-boost|p2a: Zacian|atk|1\n|-weather|RainDance|[from] ability: Drizzle|[of] p1a: Mogging You Soon\n|-fieldstart|move: Grassy Terrain|[from] ability: Grassy Surge|[of] p2b: Rillaboom\n|turn|1\n|\n|t:|1738609871\n|-terastallize|p2a: Zacian|Fairy\n|move|p1a: Mogging You Soon|Protect|p1a: Mogging You Soon\n|-singleturn|p1a: Mogging You Soon|Protect\n|move|p1b: Difference Maker|Protect|p1b: Difference Maker\n|-singleturn|p1b: Difference Maker|Protect\n|move|p2a: Zacian|Play Rough|p1a: Mogging You Soon\n|-activate|p1a: Mogging You Soon|move: Protect\n|move|p2b: Rillaboom|Wood Hammer|p1b: Difference Maker\n|-activate|p1b: Difference Maker|move: Protect\n|\n|-weather|RainDance|[upkeep]\n|upkeep\n|turn|2\n|\n|t:|1738609895\n|-terastallize|p1a: Mogging You Soon|Grass\n|move|p2a: Zacian|Play Rough|p1a: Mogging You Soon\n|-damage|p1a: Mogging You Soon|0 fnt\n|faint|p1a: Mogging You Soon\n|move|p1b: Difference Maker|Blood Moon|p2a: Zacian\n|-damage|p2a: Zacian|21\/100\n|-damage|p1b: Difference Maker|91\/100|[from] item: Life Orb\n|move|p2b: Rillaboom|Wood Hammer|p1b: Difference Maker\n|-supereffective|p1b: Difference Maker\n|-damage|p1b: Difference Maker|0 fnt\n|faint|p1b: Difference Maker\n|-damage|p2b: Rillaboom|73\/100|[from] Recoil\n|\n|-weather|RainDance|[upkeep]\n|-heal|p2a: Zacian|27\/100|[from] Grassy Terrain\n|-heal|p2b: Rillaboom|79\/100|[from] Grassy Terrain\n|upkeep\n|\n|t:|1738609901\n|switch|p1a: HereComesTheBoom|Rillaboom, L50, M|100\/100\n|switch|p1b: Temu Dialga|Archaludon, L50, M|100\/100\n|turn|3\n|\n|t:|1738609914\n|move|p2a: Zacian|Protect|p2a: Zacian\n|-singleturn|p2a: Zacian|Protect\n|move|p1a: HereComesTheBoom|Grassy Glide|p2a: Zacian\n|-activate|p2a: Zacian|move: Protect\n|move|p1b: Temu Dialga|Electro Shot||[still]\n|-prepare|p1b: Temu Dialga|Electro Shot\n|-boost|p1b: Temu Dialga|spa|1\n|-anim|p1b: Temu Dialga|Electro Shot|p2b: Rillaboom\n|-resisted|p2b: Rillaboom\n|-damage|p2b: Rillaboom|59\/100\n|move|p2b: Rillaboom|U-turn|p1a: HereComesTheBoom\n|-supereffective|p1a: HereComesTheBoom\n|-damage|p1a: HereComesTheBoom|54\/100\n|\n|t:|1738609924\n|switch|p2b: Pelipper|Pelipper, L50, M|100\/100|[from] U-turn\n|\n|-weather|RainDance|[upkeep]\n|-heal|p2a: Zacian|33\/100|[from] Grassy Terrain\n|-heal|p1a: HereComesTheBoom|60\/100|[from] Grassy Terrain\n|upkeep\n|turn|4\n|\n|t:|1738609935\n|move|p1a: HereComesTheBoom|Grassy Glide|p2a: Zacian\n|-damage|p2a: Zacian|0 fnt\n|faint|p2a: Zacian\n|move|p1b: Temu Dialga|Electro Shot||[still]\n|-prepare|p1b: Temu Dialga|Electro Shot\n|-boost|p1b: Temu Dialga|spa|1\n|-anim|p1b: Temu Dialga|Electro Shot|p2b: Pelipper\n|-supereffective|p2b: Pelipper\n|-enditem|p2b: Pelipper|Focus Sash\n|-damage|p2b: Pelipper|1\/100\n|move|p2b: Pelipper|Hurricane|p1a: HereComesTheBoom\n|-supereffective|p1a: HereComesTheBoom\n|-damage|p1a: HereComesTheBoom|0 fnt\n|faint|p1a: HereComesTheBoom\n|\n|-weather|RainDance|[upkeep]\n|upkeep\n|\n|t:|1738609944\n|switch|p2a: Rillaboom|Rillaboom, L50, M|59\/100\n|turn|5\n|\n|t:|1738609960\n|move|p2a: Rillaboom|Fake Out|p1b: Temu Dialga\n|-resisted|p1b: Temu Dialga\n|-damage|p1b: Temu Dialga|95\/100\n|cant|p1b: Temu Dialga|flinch\n|move|p2b: Pelipper|Hurricane|p1b: Temu Dialga\n|-resisted|p1b: Temu Dialga\n|-damage|p1b: Temu Dialga|72\/100\n|\n|-weather|none\n|-heal|p1b: Temu Dialga|78\/100|[from] Grassy Terrain\n|-heal|p2a: Rillaboom|65\/100|[from] Grassy Terrain\n|-fieldend|move: Grassy Terrain\n|upkeep\n|turn|6\n|\n|t:|1738609973\n|move|p2b: Pelipper|Protect|p2b: Pelipper\n|-singleturn|p2b: Pelipper|Protect\n|move|p1b: Temu Dialga|Dark Pulse|p2a: Rillaboom\n|-damage|p2a: Rillaboom|34\/100\n|move|p2a: Rillaboom|Wood Hammer|p1b: Temu Dialga\n|-resisted|p1b: Temu Dialga\n|-damage|p1b: Temu Dialga|66\/100\n|-damage|p2a: Rillaboom|30\/100|[from] Recoil\n|\n|upkeep\n|turn|7\n|\n|t:|1738609987\n|move|p1b: Temu Dialga|Dark Pulse|p2a: Rillaboom\n|-damage|p2a: Rillaboom|0 fnt\n|faint|p2a: Rillaboom\n|move|p2b: Pelipper|Hurricane|p1b: Temu Dialga|[miss]\n|-miss|p2b: Pelipper|p1b: Temu Dialga\n|\n|upkeep\n|\n|t:|1738609991\n|switch|p2a: Ogerpon|Ogerpon-Hearthflame, L50, F|100\/100\n|-ability|p2a: Ogerpon|Mold Breaker\n|turn|8\n|\n|t:|1738610003\n|move|p2a: Ogerpon|Ivy Cudgel|p1b: Temu Dialga|[anim] Ivy Cudgel Fire\n|-damage|p1b: Temu Dialga|19\/100\n|move|p1b: Temu Dialga|Draco Meteor|p2a: Ogerpon\n|-damage|p2a: Ogerpon|0 fnt\n|-unboost|p1b: Temu Dialga|spa|2\n|faint|p2a: Ogerpon\n|move|p2b: Pelipper|Hurricane|p1b: Temu Dialga|[miss]\n|-miss|p2b: Pelipper|p1b: Temu Dialga\n|\n|upkeep\n|turn|9\n|c|\u2606Grade a type b|Lol\n|c|\u2606Grade a type b|gg\n|c|\u2606ekalsow|gg\n|c|\u2606ekalsow|wp\n|inactive|Grade a type b has 30 seconds left.\n|c|\u2606Grade a type b|That\u2019s mons right there\n|c|\u2606ekalsow|unlucky but its ok\n|c|\u2606Grade a type b|Ik\n|inactive|Grade a type b has 20 seconds left.\n|\n|t:|1738610042\n|move|p1b: Temu Dialga|Dark Pulse|p2b: Pelipper\n|-damage|p2b: Pelipper|0 fnt\n|faint|p2b: Pelipper\n|\n|win|Grade a type b\n|raw|Grade a type b's rating: 1598 &rarr; <strong>1622<\/strong><br \/>(+24 for winning)\n|raw|ekalsow's rating: 1660 &rarr; <strong>1636<\/strong><br \/>(-24 for losing)\n|l|\u2606ekalsow\n|player|p2|\n|l|\u2606Grade a type b\n|player|p1|\n","uploadtime":1738610205,"views":14,"formatid":"gen9vgc2025regg","rating":1622,"private":0,"password":null}