{"id":"gen9vgc2025regg-2293374056","format":"[Gen 9] VGC 2025 Reg G","players":["physiser","beastCookie570"],"log":"|j|\u2606physiser\n|j|\u2606beastCookie570\n|t:|1738559076\n|gametype|doubles\n|player|p1|physiser|1|1504\n|player|p2|beastCookie570|hiker-gen4|1578\n|teamsize|p1|6\n|teamsize|p2|6\n|gen|9\n|tier|[Gen 9] VGC 2025 Reg G\n|rated|\n|rule|Species Clause: Limit one of each Pok\u00e9mon\n|rule|Item Clause: Limit 1 of each item\n|clearpoke\n|poke|p1|Calyrex-Shadow, L50|\n|poke|p1|Tornadus, L50, M|\n|poke|p1|Indeedee-F, L50, F|\n|poke|p1|Ogerpon-Wellspring, L50, F|\n|poke|p1|Raging Bolt, L50|\n|poke|p1|Urshifu-*, L50, F|\n|poke|p2|Calyrex-Shadow, L50|\n|poke|p2|Weezing-Galar, L50, M|\n|poke|p2|Dondozo, L50, M|\n|poke|p2|Tatsugiri, L50, F|\n|poke|p2|Urshifu-*, L50, M|\n|poke|p2|Talonflame, L50, M|\n|teampreview|4\n|inactive|Battle timer is ON: inactive players will automatically lose when time's up. (requested by beastCookie570)\nbeastCookie570 rejected open team sheets.\n|\n|t:|1738559120\n|start\n|switch|p1a: Raging Bolt|Raging Bolt, L50|100\/100\n|switch|p1b: Urshifu|Urshifu, L50, F|100\/100\n|switch|p2a: Calyrex|Calyrex-Shadow, L50|100\/100\n|switch|p2b: Weezing|Weezing-Galar, L50, M|100\/100\n|-ability|p2b: Weezing|Neutralizing Gas\n|-ability|p2a: Calyrex|As One\n|-ability|p2a: Calyrex|Unnerve\n|turn|1\n|inactive|physiser has 30 seconds left.\n|inactive|beastCookie570 has 30 seconds left.\n|inactive|beastCookie570 has 20 seconds left.\n|\n|t:|1738559155\n|switch|p1b: Indeedee|Indeedee-F, L50, F|100\/100\n|-terastallize|p1a: Raging Bolt|Electric\n|move|p2a: Calyrex|Astral Barrage|p1b: Indeedee|[spread] p1a\n|-immune|p1b: Indeedee\n|-damage|p1a: Raging Bolt|67\/100\n|move|p1a: Raging Bolt|Thunderbolt|p2a: Calyrex\n|-damage|p2a: Calyrex|38\/100\n|move|p2b: Weezing|Strange Steam|p1b: Indeedee\n|-damage|p1b: Indeedee|73\/100\n|\n|upkeep\n|turn|2\n|inactive|physiser has 30 seconds left.\n|inactive|beastCookie570 has 30 seconds left.\n|inactive|beastCookie570 has 20 seconds left.\n|\n|t:|1738559192\n|switch|p1b: Urshifu|Urshifu, L50, F|100\/100\n|move|p1a: Raging Bolt|Thunderclap|p2a: Calyrex\n|-damage|p2a: Calyrex|0 fnt\n|faint|p2a: Calyrex\n|move|p2b: Weezing|Toxic Spikes|p1b: Urshifu\n|-sidestart|p1: physiser|move: Toxic Spikes\n|\n|upkeep\n|\n|t:|1738559203\n|switch|p2a: Dondozo|Dondozo, L50, M|100\/100\n|turn|3\n|\n|t:|1738559218\n|move|p2a: Dondozo|Protect|p2a: Dondozo\n|-singleturn|p2a: Dondozo|Protect\n|move|p1b: Urshifu|Wicked Blow|p2a: Dondozo\n|-activate|p2a: Dondozo|move: Protect\n|move|p1a: Raging Bolt|Thunderbolt|p2a: Dondozo\n|-activate|p2a: Dondozo|move: Protect\n|move|p2b: Weezing|Strange Steam|p1b: Urshifu\n|-supereffective|p1b: Urshifu\n|-damage|p1b: Urshifu|0 fnt\n|faint|p1b: Urshifu\n|\n|upkeep\n|\n|t:|1738559228\n|switch|p1b: Calyrex|Calyrex-Shadow, L50|100\/100\n|-ability|p1b: Calyrex|As One\n|-ability|p1b: Calyrex|Unnerve\n|-status|p1b: Calyrex|psn\n|turn|4\n|\n|t:|1738559239\n|-end|p2b: Weezing|ability: Neutralizing Gas\n|switch|p2b: Tatsugiri|Tatsugiri, L50, F|100\/100\n|-activate|p2b: Tatsugiri|ability: Commander|[of] p2a: Dondozo\n|-boost|p2a: Dondozo|atk|2\n|-boost|p2a: Dondozo|spa|2\n|-boost|p2a: Dondozo|spe|2\n|-boost|p2a: Dondozo|def|2\n|-boost|p2a: Dondozo|spd|2\n|-terastallize|p2a: Dondozo|Grass\n|move|p1b: Calyrex|Astral Barrage|p2b: Tatsugiri|[spread] p2a\n|-miss|p1b: Calyrex|p2b: Tatsugiri\n|-damage|p2a: Dondozo|56\/100\n|move|p2a: Dondozo|Wave Crash|p1a: Raging Bolt\n|-damage|p1a: Raging Bolt|0 fnt\n|faint|p1a: Raging Bolt\n|-end|p1a: Raging Bolt|Protosynthesis|[silent]\n|-damage|p2a: Dondozo|35\/100|[from] Recoil\n|\n|-heal|p2a: Dondozo|41\/100|[from] item: Leftovers\n|-damage|p1b: Calyrex|88\/100 psn|[from] psn\n|upkeep\n|\n|t:|1738559244\n|switch|p1a: Indeedee|Indeedee-F, L50, F|73\/100\n|-status|p1a: Indeedee|psn\n|-fieldstart|move: Psychic Terrain|[from] ability: Psychic Surge|[of] p1a: Indeedee\n|turn|5\n|\n|t:|1738559258\n|move|p1a: Indeedee|Helping Hand|p1b: Calyrex\n|-singleturn|p1b: Calyrex|Helping Hand|[of] p1a: Indeedee\n|move|p2a: Dondozo|Protect|p2a: Dondozo\n|-singleturn|p2a: Dondozo|Protect\n|move|p1b: Calyrex|Astral Barrage|p2a: Dondozo|[spread] \n|-miss|p1b: Calyrex|p2b: Tatsugiri\n|-activate|p2a: Dondozo|move: Protect\n|\n|-heal|p2a: Dondozo|48\/100|[from] item: Leftovers\n|-damage|p1b: Calyrex|75\/100 psn|[from] psn\n|-damage|p1a: Indeedee|60\/100 psn|[from] psn\n|upkeep\n|turn|6\n|\n|t:|1738559277\n|move|p1a: Indeedee|Helping Hand|p1b: Calyrex\n|-singleturn|p1b: Calyrex|Helping Hand|[of] p1a: Indeedee\n|move|p1b: Calyrex|Astral Barrage|p2a: Dondozo|[spread] p2a\n|-miss|p1b: Calyrex|p2b: Tatsugiri\n|-crit|p2a: Dondozo\n|-damage|p2a: Dondozo|0 fnt\n|faint|p2a: Dondozo\n|-ability|p1b: Calyrex|Grim Neigh|boost\n|-boost|p1b: Calyrex|spa|1\n|\n|-damage|p1b: Calyrex|63\/100 psn|[from] psn\n|-damage|p1a: Indeedee|48\/100 psn|[from] psn\n|upkeep\n|\n|t:|1738559279\n|switch|p2a: Weezing|Weezing-Galar, L50, M|100\/100\n|-ability|p2a: Weezing|Neutralizing Gas\n|turn|7\n|\n|t:|1738559291\n|move|p1a: Indeedee|Helping Hand|p1b: Calyrex\n|-singleturn|p1b: Calyrex|Helping Hand|[of] p1a: Indeedee\n|move|p1b: Calyrex|Astral Barrage|p2a: Weezing|[spread] p2a,p2b\n|-damage|p2a: Weezing|0 fnt\n|-damage|p2b: Tatsugiri|0 fnt\n|faint|p2a: Weezing\n|-end|p2a: Weezing|ability: Neutralizing Gas\n|faint|p2b: Tatsugiri\n|\n|win|physiser\n|raw|physiser's rating: 1504 &rarr; <strong>1528<\/strong><br \/>(+24 for winning)\n|raw|beastCookie570's rating: 1578 &rarr; <strong>1554<\/strong><br \/>(-24 for losing)\n|l|\u2606beastCookie570\n|player|p2|\n|l|\u2606physiser\n|player|p1|\n","uploadtime":1738559502,"views":13,"formatid":"gen9vgc2025regg","rating":1528,"private":0,"password":null}