{"id":"gen9vgc2025regg-2293662085","format":"[Gen 9] VGC 2025 Reg G","players":["jkimkim1","Vouldoon"],"log":"|j|\u2606jkimkim1\n|j|\u2606Vouldoon\n|t:|1738603167\n|gametype|doubles\n|player|p1|jkimkim1|1|1648\n|player|p2|Vouldoon|170|1624\n|teamsize|p1|6\n|teamsize|p2|6\n|gen|9\n|tier|[Gen 9] VGC 2025 Reg G\n|rated|\n|rule|Species Clause: Limit one of each Pok\u00e9mon\n|rule|Item Clause: Limit 1 of each item\n|clearpoke\n|poke|p1|Miraidon, L50|\n|poke|p1|Cresselia, L50, F|\n|poke|p1|Thundurus-Therian, L50, M|\n|poke|p1|Incineroar, L50, M|\n|poke|p1|Ursaluna, L50, M|\n|poke|p1|Whimsicott, L50, F|\n|poke|p2|Arcanine-Hisui, L50, M|\n|poke|p2|Rillaboom, L50, F|\n|poke|p2|Calyrex-Shadow, L50|\n|poke|p2|Roaring Moon, L50|\n|poke|p2|Dragonite, L50, F|\n|poke|p2|Lucario, L50, M|\n|teampreview|4\n|inactive|Battle timer is ON: inactive players will automatically lose when time's up. (requested by jkimkim1)\n|\n|t:|1738603190\n|start\n|switch|p1a: \uc2e0\uc815\ud6c8|Thundurus-Therian, L50, M|100\/100\n|switch|p1b: Kingjames|Incineroar, L50, M|100\/100\n|switch|p2a: Lucario|Lucario, L50, M|100\/100\n|switch|p2b: Arcanine|Arcanine-Hisui, L50, M|100\/100\n|-ability|p2b: Arcanine|Intimidate|boost\n|-unboost|p1a: \uc2e0\uc815\ud6c8|atk|1\n|-unboost|p1b: Kingjames|atk|1\n|-ability|p1b: Kingjames|Intimidate|boost\n|-fail|p2a: Lucario|unboost|Attack|[from] ability: Inner Focus|[of] p2a: Lucario\n|-fail|p2b: Arcanine|unboost|[from] item: Clear Amulet|[of] p2b: Arcanine\n|turn|1\n|inactive|jkimkim1 has 30 seconds left.\n|inactive|jkimkim1 has 20 seconds left.\n|\n|t:|1738603225\n|-terastallize|p1b: Kingjames|Ghost\n|move|p1b: Kingjames|Fake Out|p2b: Arcanine\n|-resisted|p2b: Arcanine\n|-damage|p2b: Arcanine|96\/100\n|move|p2a: Lucario|Aura Sphere|p1b: Kingjames\n|-immune|p1b: Kingjames\n|move|p1a: \uc2e0\uc815\ud6c8|Nasty Plot|p1a: \uc2e0\uc815\ud6c8\n|-boost|p1a: \uc2e0\uc815\ud6c8|spa|2\n|cant|p2b: Arcanine|flinch\n|\n|upkeep\n|turn|2\n|\n|t:|1738603243\n|switch|p2a: Roaring Moon|Roaring Moon, L50|100\/100\n|-enditem|p2a: Roaring Moon|Booster Energy\n|-activate|p2a: Roaring Moon|ability: Protosynthesis|[fromitem]\n|-start|p2a: Roaring Moon|protosynthesisspe\n|-terastallize|p2b: Arcanine|Grass\n|move|p1a: \uc2e0\uc815\ud6c8|Wildbolt Storm|p2a: Roaring Moon|[spread] p2a,p2b\n|-resisted|p2a: Roaring Moon\n|-resisted|p2b: Arcanine\n|-damage|p2a: Roaring Moon|58\/100\n|-damage|p2b: Arcanine|40\/100\n|move|p2b: Arcanine|Rock Slide|p1b: Kingjames|[spread] p1a,p1b\n|-supereffective|p1a: \uc2e0\uc815\ud6c8\n|-damage|p1a: \uc2e0\uc815\ud6c8|10\/100\n|-damage|p1b: Kingjames|75\/100\n|cant|p1b: Kingjames|flinch\n|\n|upkeep\n|turn|3\n|\n|t:|1738603266\n|move|p1a: \uc2e0\uc815\ud6c8|Protect|p1a: \uc2e0\uc815\ud6c8\n|-singleturn|p1a: \uc2e0\uc815\ud6c8|Protect\n|move|p2a: Roaring Moon|Tailwind|p2a: Roaring Moon\n|-sidestart|p2: Vouldoon|move: Tailwind\n|move|p2b: Arcanine|Rock Slide|p1b: Kingjames|[spread] \n|-activate|p1a: \uc2e0\uc815\ud6c8|move: Protect\n|-miss|p2b: Arcanine|p1b: Kingjames\n|move|p1b: Kingjames|Knock Off|p2a: Roaring Moon\n|-resisted|p2a: Roaring Moon\n|-damage|p2a: Roaring Moon|48\/100\n|\n|upkeep\n|turn|4\n|inactive|jkimkim1 has 30 seconds left.\n|\n|t:|1738603299\n|switch|p1a: Jayson tatum|Miraidon, L50|100\/100\n|-fieldstart|move: Electric Terrain|[from] ability: Hadron Engine|[of] p1a: Jayson tatum\n|move|p2a: Roaring Moon|Knock Off|p1b: Kingjames\n|-supereffective|p1b: Kingjames\n|-damage|p1b: Kingjames|0 fnt\n|-enditem|p1b: Kingjames|Safety Goggles|[from] move: Knock Off|[of] p2a: Roaring Moon\n|faint|p1b: Kingjames\n|move|p2b: Arcanine|Flare Blitz|p1a: Jayson tatum\n|-resisted|p1a: Jayson tatum\n|-damage|p1a: Jayson tatum|71\/100\n|-status|p1a: Jayson tatum|brn\n|-damage|p2b: Arcanine|29\/100|[from] Recoil\n|\n|-damage|p1a: Jayson tatum|65\/100 brn|[from] brn\n|upkeep\n|inactive|jkimkim1 has 30 seconds left.\n|\n|t:|1738603329\n|switch|p1b: \ub9e5\ub3c4\ud604|Whimsicott, L50, F, shiny|100\/100\n|turn|5\n|inactive|jkimkim1 has 30 seconds left.\n|inactive|jkimkim1 has 20 seconds left.\n|\n|t:|1738603369\n|move|p1b: \ub9e5\ub3c4\ud604|Tailwind|p1b: \ub9e5\ub3c4\ud604\n|-sidestart|p1: jkimkim1|move: Tailwind\n|move|p2a: Roaring Moon|Knock Off|p1a: Jayson tatum\n|-damage|p1a: Jayson tatum|18\/100 brn\n|-enditem|p1a: Jayson tatum|Choice Specs|[from] move: Knock Off|[of] p2a: Roaring Moon\n|move|p1a: Jayson tatum|Dazzling Gleam|p2b: Arcanine|[spread] p2a,p2b\n|-supereffective|p2a: Roaring Moon\n|-damage|p2a: Roaring Moon|0 fnt\n|-damage|p2b: Arcanine|0 fnt\n|faint|p2a: Roaring Moon\n|-end|p2a: Roaring Moon|Protosynthesis|[silent]\n|faint|p2b: Arcanine\n|\n|-damage|p1a: Jayson tatum|12\/100 brn|[from] brn\n|upkeep\n|\n|t:|1738603378\n|switch|p2a: Lucario|Lucario, L50, M|100\/100\n|switch|p2b: Calyrex|Calyrex-Shadow, L50|100\/100\n|-ability|p2b: Calyrex|As One\n|-ability|p2b: Calyrex|Unnerve\n|turn|6\n|inactive|jkimkim1 has 30 seconds left.\n|\n|t:|1738603408\n|switch|p1a: \uc2e0\uc815\ud6c8|Thundurus-Therian, L50, M|10\/100\n|move|p2a: Lucario|Vacuum Wave|p1a: \uc2e0\uc815\ud6c8\n|-resisted|p1a: \uc2e0\uc815\ud6c8\n|-damage|p1a: \uc2e0\uc815\ud6c8|0 fnt\n|faint|p1a: \uc2e0\uc815\ud6c8\n|move|p2b: Calyrex|Astral Barrage|p1b: \ub9e5\ub3c4\ud604\n|-enditem|p1b: \ub9e5\ub3c4\ud604|Focus Sash\n|-damage|p1b: \ub9e5\ub3c4\ud604|1\/100\n|move|p1b: \ub9e5\ub3c4\ud604|Endeavor|p2a: Lucario\n|-damage|p2a: Lucario|1\/100\n|\n|-sideend|p2: Vouldoon|move: Tailwind\n|upkeep\n|\n|t:|1738603421\n|switch|p1a: Jayson tatum|Miraidon, L50|12\/100 brn\n|-activate|p1a: Jayson tatum|ability: Hadron Engine\n|turn|7\n|\n|t:|1738603433\n|move|p2a: Lucario|Vacuum Wave|p1a: Jayson tatum\n|-damage|p1a: Jayson tatum|0 fnt\n|faint|p1a: Jayson tatum\n|move|p1b: \ub9e5\ub3c4\ud604|Moonblast|p2a: Lucario\n|-damage|p2a: Lucario|0 fnt\n|faint|p2a: Lucario\n|move|p2b: Calyrex|Astral Barrage|p1b: \ub9e5\ub3c4\ud604\n|-damage|p1b: \ub9e5\ub3c4\ud604|0 fnt\n|faint|p1b: \ub9e5\ub3c4\ud604\n|\n|win|Vouldoon\n|raw|jkimkim1's rating: 1648 &rarr; <strong>1627<\/strong><br \/>(-21 for losing)\n|raw|Vouldoon's rating: 1624 &rarr; <strong>1645<\/strong><br \/>(+21 for winning)\n|l|\u2606Vouldoon\n|player|p2|\n","uploadtime":1738603661,"views":14,"formatid":"gen9vgc2025regg","rating":1627,"private":0,"password":null}