{"id":"gen9vgc2025regg-2293608300","format":"[Gen 9] VGC 2025 Reg G","players":["WobCob","jkimkim1"],"log":"|j|\u2606WobCob\n|j|\u2606jkimkim1\n|t:|1738597646\n|gametype|doubles\n|player|p1|WobCob|caitlin|1610\n|player|p2|jkimkim1|1|1718\n|teamsize|p1|6\n|teamsize|p2|6\n|gen|9\n|tier|[Gen 9] VGC 2025 Reg G\n|rated|\n|rule|Species Clause: Limit one of each Pok\u00e9mon\n|rule|Item Clause: Limit 1 of each item\n|clearpoke\n|poke|p1|Urshifu-*, L50, M|\n|poke|p1|Kyogre, L50|\n|poke|p1|Chien-Pao, L50|\n|poke|p1|Rillaboom, L50, M|\n|poke|p1|Whimsicott, L50, F|\n|poke|p1|Ogerpon-Hearthflame, L50, F|\n|poke|p2|Miraidon, L50|\n|poke|p2|Cresselia, L50, F|\n|poke|p2|Thundurus-Therian, L50, M|\n|poke|p2|Incineroar, L50, F|\n|poke|p2|Ursaluna, L50, M|\n|poke|p2|Whimsicott, L50, F|\n|teampreview|4\n|inactive|Battle timer is ON: inactive players will automatically lose when time's up. (requested by WobCob)\n|inactive|jkimkim1 has 60 seconds left.\n|j| mentalrofl\n|inactive|jkimkim1 has 30 seconds left.\n|inactive|jkimkim1 has 20 seconds left.\n|inactive|jkimkim1 has 15 seconds left.\n|inactive|jkimkim1 has 10 seconds left.\n|inactive|jkimkim1 has 5 seconds left.\n|\n|t:|1738597732\n|start\n|switch|p1a: Urshifu|Urshifu-Rapid-Strike, L50, M|100\/100\n|switch|p1b: Chien-Pao|Chien-Pao, L50|100\/100\n|switch|p2a: \uc2e0\uc815\ud6c8|Thundurus-Therian, L50, M|100\/100\n|switch|p2b: Kingjames|Incineroar, L50, F|100\/100\n|-ability|p1b: Chien-Pao|Sword of Ruin\n|-ability|p2b: Kingjames|Intimidate|boost\n|-unboost|p1a: Urshifu|atk|1\n|-unboost|p1b: Chien-Pao|atk|1\n|turn|1\n|inactive|jkimkim1 has 30 seconds left.\n|inactive|jkimkim1 has 20 seconds left.\n|inactive|jkimkim1 has 15 seconds left.\n|inactive|jkimkim1 has 10 seconds left.\n|inactive|jkimkim1 has 5 seconds left.\n|\n|t:|1738597782\n|switch|p1a: Rillaboom|Rillaboom, L50, M|100\/100\n|-fieldstart|move: Grassy Terrain|[from] ability: Grassy Surge|[of] p1a: Rillaboom\n|move|p1b: Chien-Pao|Protect|p1b: Chien-Pao\n|-singleturn|p1b: Chien-Pao|Protect\n|move|p2b: Kingjames|Fake Out|p1b: Chien-Pao\n|-activate|p1b: Chien-Pao|move: Protect\n|move|p2a: \uc2e0\uc815\ud6c8|Nasty Plot|p2a: \uc2e0\uc815\ud6c8\n|-boost|p2a: \uc2e0\uc815\ud6c8|spa|2\n|\n|upkeep\n|turn|2\n|\n|t:|1738597802\n|switch|p1b: Urshifu|Urshifu-Rapid-Strike, L50, M|100\/100\n|-terastallize|p2b: Kingjames|Ghost\n|move|p2a: \uc2e0\uc815\ud6c8|Protect|p2a: \uc2e0\uc815\ud6c8\n|-singleturn|p2a: \uc2e0\uc815\ud6c8|Protect\n|move|p1a: Rillaboom|Fake Out|p2b: Kingjames\n|-immune|p2b: Kingjames\n|move|p2b: Kingjames|Will-O-Wisp|p1b: Urshifu\n|-status|p1b: Urshifu|brn\n|\n|-damage|p1b: Urshifu|94\/100 brn|[from] brn\n|upkeep\n|turn|3\n|\n|t:|1738597829\n|move|p1b: Urshifu|Coaching|p1a: Rillaboom\n|-boost|p1a: Rillaboom|atk|1\n|-boost|p1a: Rillaboom|def|1\n|move|p2a: \uc2e0\uc815\ud6c8|Wildbolt Storm|p1a: Rillaboom|[spread] p1a,p1b\n|-resisted|p1a: Rillaboom\n|-supereffective|p1b: Urshifu\n|-damage|p1a: Rillaboom|34\/100\n|-damage|p1b: Urshifu|0 fnt\n|-status|p1a: Rillaboom|par\n|faint|p1b: Urshifu\n|-damage|p2a: \uc2e0\uc815\ud6c8|91\/100|[from] item: Life Orb\n|move|p2b: Kingjames|Will-O-Wisp||[still]\n|-fail|p2b: Kingjames\n|move|p1a: Rillaboom|Wood Hammer|p2b: Kingjames\n|-damage|p2b: Kingjames|0 fnt\n|faint|p2b: Kingjames\n|-damage|p1a: Rillaboom|0 fnt|[from] Recoil\n|faint|p1a: Rillaboom\n|\n|upkeep\n|\n|t:|1738597846\n|switch|p1b: Kyogre|Kyogre, L50|100\/100\n|switch|p2b: \ub9e5\ub3c4\ud604|Whimsicott, L50, F, shiny|100\/100\n|switch|p1a: Chien-Pao|Chien-Pao, L50|100\/100\n|-ability|p1a: Chien-Pao|Sword of Ruin\n|-weather|RainDance|[from] ability: Drizzle|[of] p1b: Kyogre\n|turn|4\n|j| Oscar Norris\n|\n|t:|1738597867\n|-terastallize|p1b: Kyogre|Grass\n|move|p2b: \ub9e5\ub3c4\ud604|Tailwind|p2b: \ub9e5\ub3c4\ud604\n|-sidestart|p2: jkimkim1|move: Tailwind\n|move|p2a: \uc2e0\uc815\ud6c8|Wildbolt Storm|p1a: Chien-Pao|[spread] p1a,p1b\n|-resisted|p1b: Kyogre\n|-enditem|p1a: Chien-Pao|Focus Sash\n|-damage|p1a: Chien-Pao|1\/100\n|-damage|p1b: Kyogre|75\/100\n|-status|p1a: Chien-Pao|par\n|-status|p1b: Kyogre|par\n|-damage|p2a: \uc2e0\uc815\ud6c8|81\/100|[from] item: Life Orb\n|move|p1a: Chien-Pao|Icicle Crash|p2b: \ub9e5\ub3c4\ud604\n|-supereffective|p2b: \ub9e5\ub3c4\ud604\n|-enditem|p2b: \ub9e5\ub3c4\ud604|Focus Sash\n|-damage|p2b: \ub9e5\ub3c4\ud604|1\/100\n|move|p1b: Kyogre|Ice Beam|p2a: \uc2e0\uc815\ud6c8\n|-supereffective|p2a: \uc2e0\uc815\ud6c8\n|-damage|p2a: \uc2e0\uc815\ud6c8|0 fnt\n|faint|p2a: \uc2e0\uc815\ud6c8\n|\n|-weather|RainDance|[upkeep]\n|-heal|p2b: \ub9e5\ub3c4\ud604|7\/100|[from] Grassy Terrain\n|-heal|p1a: Chien-Pao|7\/100 par|[from] Grassy Terrain\n|-heal|p1b: Kyogre|81\/100 par|[from] Grassy Terrain\n|upkeep\n|\n|t:|1738597885\n|switch|p2a: Jayson tatum|Miraidon, L50|100\/100\n|-fieldstart|move: Electric Terrain|[from] ability: Hadron Engine|[of] p2a: Jayson tatum\n|turn|5\n|\n|t:|1738597896\n|move|p1a: Chien-Pao|Sucker Punch|p2a: Jayson tatum\n|-damage|p2a: Jayson tatum|54\/100\n|move|p2b: \ub9e5\ub3c4\ud604|Endeavor|p1b: Kyogre\n|-damage|p1b: Kyogre|5\/100 par\n|move|p2a: Jayson tatum|Dazzling Gleam|p1a: Chien-Pao|[spread] p1a,p1b\n|-supereffective|p1a: Chien-Pao\n|-crit|p1b: Kyogre\n|-damage|p1a: Chien-Pao|0 fnt\n|-damage|p1b: Kyogre|0 fnt\n|faint|p1a: Chien-Pao\n|faint|p1b: Kyogre\n|\n|win|jkimkim1\n|raw|WobCob's rating: 1610 &rarr; <strong>1596<\/strong><br \/>(-14 for losing)\n|raw|jkimkim1's rating: 1718 &rarr; <strong>1732<\/strong><br \/>(+14 for winning)\n|l|\u2606WobCob\n|player|p1|\n|l| Oscar Norris\n","uploadtime":1738598153,"views":12,"formatid":"gen9vgc2025regg","rating":1596,"private":0,"password":null}