{"id":"gen9vgc2025regg-2293986436","format":"[Gen 9] VGC 2025 Reg G","players":["stbai","hydmkk"],"log":"|j|\u2606stbai\n|j|\u2606hydmkk\n|t:|1738640088\n|gametype|doubles\n|player|p1|stbai|janitor|1571\n|player|p2|hydmkk|bruno|1540\n|teamsize|p1|6\n|teamsize|p2|6\n|gen|9\n|tier|[Gen 9] VGC 2025 Reg G\n|rated|\n|rule|Species Clause: Limit one of each Pok\u00e9mon\n|rule|Item Clause: Limit 1 of each item\n|clearpoke\n|poke|p1|Tatsugiri, L50, M|\n|poke|p1|Latios, L50, M|\n|poke|p1|Landorus, L50, M|\n|poke|p1|Entei, L50|\n|poke|p1|Terapagos, L50, M|\n|poke|p1|Dondozo, L50, M|\n|poke|p2|Miraidon, L50|\n|poke|p2|Dondozo, L50, F|\n|poke|p2|Tatsugiri-Droopy, L50, F|\n|poke|p2|Flutter Mane, L50|\n|poke|p2|Chi-Yu, L50|\n|poke|p2|Dragonite, L50, M|\n|teampreview|4\n|inactive|Battle timer is ON: inactive players will automatically lose when time's up. (requested by stbai)\n|inactive|hydmkk has 60 seconds left.\n|\n|t:|1738640119\n|start\n|switch|p1a: Landorus|Landorus, L50, M|100\/100\n|switch|p1b: Entei|Entei, L50|100\/100\n|switch|p2a: Flutter Mane|Flutter Mane, L50|100\/100\n|switch|p2b: Chi-Yu|Chi-Yu, L50|100\/100\n|-ability|p2b: Chi-Yu|Beads of Ruin\n|-enditem|p2a: Flutter Mane|Booster Energy\n|-activate|p2a: Flutter Mane|ability: Protosynthesis|[fromitem]\n|-start|p2a: Flutter Mane|protosynthesisspe\n|turn|1\n|j| kiabu233\n|inactive|stbai has 30 seconds left.\n|inactive|hydmkk has 30 seconds left.\n|inactive|stbai has 20 seconds left.\n|\n|t:|1738640154\n|move|p2a: Flutter Mane|Moonblast|p1a: Landorus\n|-damage|p1a: Landorus|22\/100\n|-unboost|p1a: Landorus|spa|1\n|move|p2b: Chi-Yu|Heat Wave|p1b: Entei|[spread] p1a,p1b\n|-resisted|p1b: Entei\n|-damage|p1a: Landorus|0 fnt\n|-damage|p1b: Entei|80\/100\n|faint|p1a: Landorus\n|move|p1b: Entei|Sacred Fire|p2a: Flutter Mane\n|-damage|p2a: Flutter Mane|12\/100\n|\n|upkeep\n|\n|t:|1738640162\n|switch|p1a: Latios|Latios, L50, M|100\/100\n|turn|2\n|\n|t:|1738640167\n|move|p2a: Flutter Mane|Dazzling Gleam|p1b: Entei|[spread] p1a,p1b\n|-supereffective|p1a: Latios\n|-resisted|p1b: Entei\n|-damage|p1a: Latios|25\/100\n|-damage|p1b: Entei|67\/100\n|move|p2b: Chi-Yu|Heat Wave|p1b: Entei|[spread] p1b\n|-miss|p2b: Chi-Yu|p1a: Latios\n|-resisted|p1b: Entei\n|-damage|p1b: Entei|47\/100\n|move|p1a: Latios|Tailwind|p1a: Latios\n|-sidestart|p1: stbai|move: Tailwind\n|move|p1b: Entei|Bulldoze|p2a: Flutter Mane|[spread] p2a,p2b\n|-immune|p1a: Latios|[from] ability: Levitate\n|-supereffective|p2b: Chi-Yu\n|-damage|p2a: Flutter Mane|0 fnt\n|-damage|p2b: Chi-Yu|52\/100\n|-unboost|p2b: Chi-Yu|spe|1\n|faint|p2a: Flutter Mane\n|-end|p2a: Flutter Mane|Protosynthesis|[silent]\n|\n|upkeep\n|\n|t:|1738640183\n|switch|p2a: Dragonite|Dragonite, L50, M|100\/100\n|turn|3\n|l| kiabu233\n|\n|t:|1738640198\n|-terastallize|p2a: Dragonite|Normal\n|move|p1b: Entei|Extreme Speed|p2b: Chi-Yu\n|-damage|p2b: Chi-Yu|4\/100\n|move|p2a: Dragonite|Extreme Speed|p1b: Entei\n|-damage|p1b: Entei|0 fnt\n|faint|p1b: Entei\n|move|p1a: Latios|Luster Purge|p2a: Dragonite\n|-damage|p2a: Dragonite|50\/100\n|-unboost|p2a: Dragonite|spd|1\n|move|p2b: Chi-Yu|Heat Wave|p1a: Latios\n|-resisted|p1a: Latios\n|-damage|p1a: Latios|0 fnt\n|faint|p1a: Latios\n|\n|upkeep\n|\n|t:|1738640201\n|switch|p1b: Terapagos|Terapagos, L50, M|100\/100\n|-activate|p1b: Terapagos|ability: Tera Shift\n|detailschange|p1b: Terapagos|Terapagos-Terastal, L50, M\n|-heal|p1b: Terapagos|100\/100|[silent]\n|turn|4\n|\n|t:|1738640215\n|-terastallize|p1b: Terapagos|Stellar\n|detailschange|p1b: Terapagos|Terapagos-Stellar, L50, M, tera:Stellar\n|-heal|p1b: Terapagos|100\/100|[silent]\n|move|p2a: Dragonite|Extreme Speed|p1b: Terapagos\n|-crit|p1b: Terapagos\n|-damage|p1b: Terapagos|35\/100\n|move|p1b: Terapagos|Tera Starstorm|p2b: Chi-Yu|[spread] p2a,p2b\n|-supereffective|p2a: Dragonite\n|-damage|p2a: Dragonite|0 fnt\n|-damage|p2b: Chi-Yu|0 fnt\n|faint|p2a: Dragonite\n|faint|p2b: Chi-Yu\n|\n|upkeep\n|\n|t:|1738640227\n|switch|p2b: Miraidon|Miraidon, L50|100\/100\n|-fieldstart|move: Electric Terrain|[from] ability: Hadron Engine|[of] p2b: Miraidon\n|turn|5\n|inactive|stbai has 30 seconds left.\n|\n|t:|1738640254\n|move|p1b: Terapagos|Tera Starstorm|p2b: Miraidon\n|-damage|p2b: Miraidon|44\/100\n|move|p2b: Miraidon|Electro Drift|p1b: Terapagos\n|-damage|p1b: Terapagos|0 fnt\n|faint|p1b: Terapagos\n|\n|win|hydmkk\n|raw|stbai's rating: 1571 &rarr; <strong>1549<\/strong><br \/>(-22 for losing)\n|raw|hydmkk's rating: 1540 &rarr; <strong>1562<\/strong><br \/>(+22 for winning)\n|l|\u2606stbai\n|player|p1|\n|l|\u2606hydmkk\n|player|p2|\n","uploadtime":1738640434,"views":9,"formatid":"gen9vgc2025regg","rating":1549,"private":0,"password":null}