{"id":"gen9vgc2025regg-2293161223","format":"[Gen 9] VGC 2025 Reg G","players":["Prometheus756","orudbeck"],"log":"|j|\u2606Prometheus756\n|j|\u2606orudbeck\n|t:|1738530770\n|gametype|doubles\n|player|p1|Prometheus756|gentleman-gen4dp|1611\n|player|p2|orudbeck|1|1516\n|teamsize|p1|6\n|teamsize|p2|6\n|gen|9\n|tier|[Gen 9] VGC 2025 Reg G\n|rated|\n|rule|Species Clause: Limit one of each Pok\u00e9mon\n|rule|Item Clause: Limit 1 of each item\n|clearpoke\n|poke|p1|Sableye, L50, M|\n|poke|p1|Comfey, L50, M|\n|poke|p1|Calyrex-Ice, L50|\n|poke|p1|Walking Wake, L50|\n|poke|p1|Amoonguss, L50, M|\n|poke|p1|Smeargle, L50, F|\n|poke|p2|Dialga-Origin, L50|\n|poke|p2|Incineroar, L50, M|\n|poke|p2|Dondozo, L50, F|\n|poke|p2|Toxtricity, L50, F|\n|poke|p2|Annihilape, L50, F|\n|poke|p2|Ursaluna, L50, F|\n|teampreview|4\n|inactive|Battle timer is ON: inactive players will automatically lose when time's up. (requested by Prometheus756)\n|inactive|Prometheus756 has 60 seconds left.\n|inactive|orudbeck has 60 seconds left.\n|inactive|Prometheus756 has 30 seconds left.\n|\n|t:|1738530842\n|start\n|switch|p1a: Sableye|Sableye, L50, M|100\/100\n|switch|p1b: Smeargle|Smeargle, L50, F|100\/100\n|switch|p2a: Ursaluna|Ursaluna, L50, F|100\/100\n|switch|p2b: Dialga|Dialga-Origin, L50|100\/100\n|turn|1\n|inactive|orudbeck has 30 seconds left.\n|\n|t:|1738530867\n|move|p2a: Ursaluna|Protect|p2a: Ursaluna\n|-singleturn|p2a: Ursaluna|Protect\n|move|p1a: Sableye|Light Screen|p1a: Sableye\n|-sidestart|p1: Prometheus756|move: Light Screen\n|move|p1b: Smeargle|Spore|p2a: Ursaluna\n|-activate|p2a: Ursaluna|move: Protect\n|move|p2b: Dialga|Draco Meteor|p1a: Sableye\n|-damage|p1a: Sableye|36\/100\n|-unboost|p2b: Dialga|spa|2\n|\n|-ability|p1b: Smeargle|Moody|boost\n|-boost|p1b: Smeargle|def|2\n|-unboost|p1b: Smeargle|atk|1\n|-status|p2a: Ursaluna|brn|[from] item: Flame Orb\n|upkeep\n|turn|2\n|\n|t:|1738530881\n|switch|p2b: Dondozo|Dondozo, L50, F|100\/100\n|switch|p2a: Toxtricity|Toxtricity, L50, F|100\/100\n|move|p1a: Sableye|Reflect|p1a: Sableye\n|-sidestart|p1: Prometheus756|Reflect\n|move|p1b: Smeargle|Spore|p2b: Dondozo\n|-status|p2b: Dondozo|slp|[from] move: Spore\n|\n|-ability|p1b: Smeargle|Moody|boost\n|-boost|p1b: Smeargle|def|2\n|-unboost|p1b: Smeargle|spa|1\n|upkeep\n|turn|3\n|\n|t:|1738530898\n|switch|p2a: Ursaluna|Ursaluna, L50, F|100\/100 brn\n|switch|p1a: Amoonguss|Amoonguss, L50, M|100\/100\n|move|p1b: Smeargle|Spore||[still]\n|-fail|p1b: Smeargle\n|cant|p2b: Dondozo|slp\n|\n|-damage|p2a: Ursaluna|95\/100 brn|[from] brn\n|-ability|p1b: Smeargle|Moody|boost\n|-boost|p1b: Smeargle|atk|2\n|-unboost|p1b: Smeargle|spe|1\n|upkeep\n|turn|4\n|inactive|orudbeck has 30 seconds left.\n|\n|t:|1738530926\n|switch|p1a: Calyrex|Calyrex-Ice, L50|100\/100\n|-ability|p1a: Calyrex|As One\n|-ability|p1a: Calyrex|Unnerve\n|move|p1b: Smeargle|Follow Me|p1b: Smeargle\n|-singleturn|p1b: Smeargle|move: Follow Me\n|move|p2a: Ursaluna|Facade|p1b: Smeargle\n|-damage|p1b: Smeargle|33\/100\n|-curestatus|p2b: Dondozo|slp|[msg]\n|move|p2b: Dondozo|Yawn|p1b: Smeargle\n|-start|p1b: Smeargle|move: Yawn|[of] p2b: Dondozo\n|\n|-damage|p2a: Ursaluna|89\/100 brn|[from] brn\n|-ability|p1b: Smeargle|Moody|boost\n|-boost|p1b: Smeargle|spa|2\n|-unboost|p1b: Smeargle|spe|1\n|upkeep\n|turn|5\n|j| GT Thunder\n|\n|t:|1738530940\n|move|p2a: Ursaluna|Protect|p2a: Ursaluna\n|-singleturn|p2a: Ursaluna|Protect\n|move|p2b: Dondozo|Protect|p2b: Dondozo\n|-singleturn|p2b: Dondozo|Protect\n|move|p1a: Calyrex|Glacial Lance|p2a: Ursaluna|[spread] \n|-activate|p2a: Ursaluna|move: Protect\n|-activate|p2b: Dondozo|move: Protect\n|move|p1b: Smeargle|Spore|p2b: Dondozo\n|-activate|p2b: Dondozo|move: Protect\n|\n|-damage|p2a: Ursaluna|83\/100 brn|[from] brn\n|-end|p1b: Smeargle|move: Yawn|[silent]\n|-status|p1b: Smeargle|slp\n|-ability|p1b: Smeargle|Moody|boost\n|-boost|p1b: Smeargle|spe|2\n|-unboost|p1b: Smeargle|def|1\n|upkeep\n|turn|6\n|\n|t:|1738530963\n|cant|p1b: Smeargle|slp\n|move|p1a: Calyrex|Glacial Lance|p2b: Dondozo|[spread] p2a,p2b\n|-supereffective|p2a: Ursaluna\n|-resisted|p2b: Dondozo\n|-damage|p2a: Ursaluna|17\/100 brn\n|-damage|p2b: Dondozo|89\/100\n|move|p2a: Ursaluna|Facade|p1a: Calyrex\n|-damage|p1a: Calyrex|52\/100\n|move|p2b: Dondozo|Yawn|p1a: Calyrex\n|-start|p1a: Calyrex|move: Yawn|[of] p2b: Dondozo\n|\n|-heal|p2b: Dondozo|95\/100|[from] item: Leftovers\n|-damage|p2a: Ursaluna|11\/100 brn|[from] brn\n|-ability|p1b: Smeargle|Moody|boost\n|-boost|p1b: Smeargle|atk|2\n|-unboost|p1b: Smeargle|def|1\n|upkeep\n|turn|7\n|\n|t:|1738530978\n|switch|p1a: Amoonguss|Amoonguss, L50, M|100\/100\n|move|p2a: Ursaluna|Protect|p2a: Ursaluna\n|-singleturn|p2a: Ursaluna|Protect\n|cant|p1b: Smeargle|slp\n|move|p2b: Dondozo|Body Press|p1b: Smeargle\n|-supereffective|p1b: Smeargle\n|-damage|p1b: Smeargle|0 fnt\n|faint|p1b: Smeargle\n|\n|-heal|p2b: Dondozo|100\/100|[from] item: Leftovers\n|-damage|p2a: Ursaluna|5\/100 brn|[from] brn\n|upkeep\n|\n|t:|1738530991\n|switch|p1b: Calyrex|Calyrex-Ice, L50|52\/100\n|-ability|p1b: Calyrex|As One\n|-ability|p1b: Calyrex|Unnerve\n|turn|8\n|\n|t:|1738531003\n|move|p1b: Calyrex|Glacial Lance|p2a: Ursaluna|[spread] p2a,p2b\n|-supereffective|p2a: Ursaluna\n|-resisted|p2b: Dondozo\n|-damage|p2a: Ursaluna|0 fnt\n|-damage|p2b: Dondozo|89\/100\n|faint|p2a: Ursaluna\n|-ability|p1b: Calyrex|Chilling Neigh|boost\n|-boost|p1b: Calyrex|atk|1\n|move|p2b: Dondozo|Yawn|p1b: Calyrex\n|-start|p1b: Calyrex|move: Yawn|[of] p2b: Dondozo\n|move|p1a: Amoonguss|Pollen Puff|p1b: Calyrex\n|-heal|p1b: Calyrex|100\/100\n|\n|-heal|p2b: Dondozo|95\/100|[from] item: Leftovers\n|-sideend|p1: Prometheus756|move: Light Screen\n|upkeep\n|\n|t:|1738531016\n|switch|p2a: Dialga|Dialga-Origin, L50|100\/100\n|turn|9\n|\n|t:|1738531029\n|switch|p1b: Sableye|Sableye, L50, M|36\/100\n|move|p2a: Dialga|Protect|p2a: Dialga\n|-singleturn|p2a: Dialga|Protect\n|move|p2b: Dondozo|Yawn|p1a: Amoonguss\n|-start|p1a: Amoonguss|move: Yawn|[of] p2b: Dondozo\n|move|p1a: Amoonguss|Spore|p2a: Dialga\n|-activate|p2a: Dialga|move: Protect\n|\n|-heal|p2b: Dondozo|100\/100|[from] item: Leftovers\n|-sideend|p1: Prometheus756|Reflect\n|upkeep\n|turn|10\n|\n|t:|1738531049\n|switch|p2a: Toxtricity|Toxtricity, L50, F|100\/100\n|switch|p1a: Calyrex|Calyrex-Ice, L50|100\/100\n|-ability|p1a: Calyrex|As One\n|-ability|p1a: Calyrex|Unnerve\n|move|p1b: Sableye|Light Screen|p1b: Sableye\n|-sidestart|p1: Prometheus756|move: Light Screen\n|move|p2b: Dondozo|Wave Crash|p1b: Sableye\n|-damage|p1b: Sableye|0 fnt\n|faint|p1b: Sableye\n|-damage|p2b: Dondozo|93\/100|[from] Recoil\n|\n|-heal|p2b: Dondozo|99\/100|[from] item: Leftovers\n|upkeep\n|\n|t:|1738531061\n|switch|p1b: Amoonguss|Amoonguss, L50, M|100\/100\n|turn|11\n|\n|t:|1738531071\n|switch|p2b: Dialga|Dialga-Origin, L50|100\/100\n|-terastallize|p2a: Toxtricity|Normal\n|move|p1a: Calyrex|Protect|p1a: Calyrex\n|-singleturn|p1a: Calyrex|Protect\n|move|p2a: Toxtricity|Boomburst|p1b: Amoonguss|[spread] p1b\n|-activate|p1a: Calyrex|move: Protect\n|-activate|p2b: Dialga|ability: Telepathy\n|-damage|p1b: Amoonguss|42\/100\n|move|p1b: Amoonguss|Spore|p2b: Dialga\n|-status|p2b: Dialga|slp|[from] move: Spore\n|\n|upkeep\n|turn|12\n|inactive|Prometheus756 has 30 seconds left.\n|\n|t:|1738531102\n|cant|p2b: Dialga|slp\n|move|p2a: Toxtricity|Boomburst|p1b: Amoonguss|[spread] p1a,p1b\n|-activate|p2b: Dialga|ability: Telepathy\n|-damage|p1a: Calyrex|58\/100\n|-damage|p1b: Amoonguss|0 fnt\n|faint|p1b: Amoonguss\n|move|p1a: Calyrex|Glacial Lance|p2a: Toxtricity|[spread] p2a,p2b\n|-damage|p2a: Toxtricity|43\/100\n|-damage|p2b: Dialga|68\/100 slp\n|\n|upkeep\n|turn|13\n|\n|t:|1738531115\n|cant|p2b: Dialga|slp\n|move|p2a: Toxtricity|Boomburst|p1a: Calyrex|[spread] p1a\n|-activate|p2b: Dialga|ability: Telepathy\n|-damage|p1a: Calyrex|19\/100\n|move|p1a: Calyrex|Glacial Lance|p2a: Toxtricity|[spread] p2a,p2b\n|-damage|p2a: Toxtricity|0 fnt\n|-damage|p2b: Dialga|31\/100 slp\n|faint|p2a: Toxtricity\n|-ability|p1a: Calyrex|Chilling Neigh|boost\n|-boost|p1a: Calyrex|atk|1\n|\n|upkeep\n|\n|t:|1738531123\n|switch|p2a: Dondozo|Dondozo, L50, F|99\/100\n|turn|14\n|\n|t:|1738531126\n|cant|p2b: Dialga|slp\n|move|p1a: Calyrex|Glacial Lance|p2a: Dondozo|[spread] p2a,p2b\n|-resisted|p2a: Dondozo\n|-damage|p2a: Dondozo|89\/100\n|-damage|p2b: Dialga|0 fnt\n|faint|p2b: Dialga\n|-ability|p1a: Calyrex|Chilling Neigh|boost\n|-boost|p1a: Calyrex|atk|1\n|move|p2a: Dondozo|Yawn|p1a: Calyrex\n|-start|p1a: Calyrex|move: Yawn|[of] p2a: Dondozo\n|\n|-heal|p2a: Dondozo|95\/100|[from] item: Leftovers\n|upkeep\n|turn|15\n|\n|t:|1738531136\n|-terastallize|p1a: Calyrex|Water\n|move|p2a: Dondozo|Protect|p2a: Dondozo\n|-singleturn|p2a: Dondozo|Protect\n|move|p1a: Calyrex|Swords Dance|p1a: Calyrex\n|-boost|p1a: Calyrex|atk|2\n|\n|-heal|p2a: Dondozo|100\/100|[from] item: Leftovers\n|-end|p1a: Calyrex|move: Yawn|[silent]\n|-status|p1a: Calyrex|slp\n|upkeep\n|turn|16\n|\n|t:|1738531142\n|cant|p1a: Calyrex|slp\n|move|p2a: Dondozo|Body Press|p1a: Calyrex\n|-damage|p1a: Calyrex|4\/100 slp\n|\n|upkeep\n|turn|17\n|\n|t:|1738531149\n|cant|p1a: Calyrex|slp\n|move|p2a: Dondozo|Body Press|p1a: Calyrex\n|-damage|p1a: Calyrex|0 fnt\n|faint|p1a: Calyrex\n|\n|win|orudbeck\n|raw|Prometheus756's rating: 1611 &rarr; <strong>1586<\/strong><br \/>(-25 for losing)\n|raw|orudbeck's rating: 1516 &rarr; <strong>1541<\/strong><br \/>(+25 for winning)\n|l|\u2606Prometheus756\n|player|p1|\n|l|\u2606orudbeck\n|player|p2|\n","uploadtime":1738531418,"views":8,"formatid":"gen9vgc2025regg","rating":1541,"private":0,"password":null}