{"id":"gen9vgc2025regg-2293297655","format":"[Gen 9] VGC 2025 Reg G","players":["actuary97","Prometheus756"],"log":"|j|\u2606actuary97\n|j|\u2606Prometheus756\n|t:|1738548105\n|gametype|doubles\n|player|p1|actuary97|sabrina-frlg|1589\n|player|p2|Prometheus756|gentleman-gen4dp|1605\n|teamsize|p1|6\n|teamsize|p2|6\n|gen|9\n|tier|[Gen 9] VGC 2025 Reg G\n|rated|\n|rule|Species Clause: Limit one of each Pok\u00e9mon\n|rule|Item Clause: Limit 1 of each item\n|clearpoke\n|poke|p1|Amoonguss, L50, M|\n|poke|p1|Comfey, L50, M|\n|poke|p1|Whimsicott, L50, M|\n|poke|p1|Roaring Moon, L50|\n|poke|p1|Kyogre, L50|\n|poke|p1|Archaludon, L50, M|\n|poke|p2|Zamazenta-*, L50|\n|poke|p2|Walking Wake, L50|\n|poke|p2|Gouging Fire, L50|\n|poke|p2|Entei, L50|\n|poke|p2|Arcanine, L50, F|\n|poke|p2|Raging Bolt, L50|\n|teampreview|4\n|inactive|Battle timer is ON: inactive players will automatically lose when time's up. (requested by Prometheus756)\nactuary97 has agreed to open team sheets.\n|c|\u2606actuary97|cool team I love the 3 fire dogs\n|inactive|actuary97 has 60 seconds left.\n|inactive|Prometheus756 has 60 seconds left.\n|inactive|Prometheus756 has 30 seconds left.\n|inactive|Prometheus756 has 20 seconds left.\n|inactive|Prometheus756 has 15 seconds left.\n|inactive|Prometheus756 has 10 seconds left.\n|inactive|Prometheus756 has 5 seconds left.\n|\n|t:|1738548193\n|start\n|switch|p1a: Whimsicott|Whimsicott, L50, M, shiny|100\/100\n|switch|p1b: Archaludon|Archaludon, L50, M, shiny|100\/100\n|switch|p2a: Zamazenta|Zamazenta-Crowned, L50|100\/100\n|switch|p2b: Raging Bolt|Raging Bolt, L50|100\/100\n|-ability|p2a: Zamazenta|Dauntless Shield|boost\n|-boost|p2a: Zamazenta|def|1\n|-enditem|p2b: Raging Bolt|Booster Energy\n|-activate|p2b: Raging Bolt|ability: Protosynthesis|[fromitem]\n|-start|p2b: Raging Bolt|protosynthesisspa\n|turn|1\n|inactive|actuary97 has 30 seconds left.\n|inactive|Prometheus756 has 30 seconds left.\n|\n|t:|1738548224\n|move|p2a: Zamazenta|Heavy Slam|p1a: Whimsicott\n|-supereffective|p1a: Whimsicott\n|-enditem|p1a: Whimsicott|Focus Sash\n|-damage|p1a: Whimsicott|1\/100\n|move|p1a: Whimsicott|Beat Up|p1b: Archaludon\n|-damage|p1b: Archaludon|99\/100\n|-ability|p1b: Archaludon|Stamina|boost\n|-boost|p1b: Archaludon|def|1\n|-damage|p1b: Archaludon|97\/100\n|-ability|p1b: Archaludon|Stamina|boost\n|-boost|p1b: Archaludon|def|1\n|-damage|p1b: Archaludon|96\/100\n|-ability|p1b: Archaludon|Stamina|boost\n|-boost|p1b: Archaludon|def|1\n|-damage|p1b: Archaludon|96\/100\n|-ability|p1b: Archaludon|Stamina|boost\n|-boost|p1b: Archaludon|def|1\n|-hitcount|p1b: Archaludon|4\n|move|p1b: Archaludon|Body Press|p2b: Raging Bolt\n|-damage|p2b: Raging Bolt|44\/100\n|move|p2b: Raging Bolt|Thunderbolt|p1a: Whimsicott\n|-resisted|p1a: Whimsicott\n|-damage|p1a: Whimsicott|0 fnt\n|faint|p1a: Whimsicott\n|\n|upkeep\n|\n|t:|1738548243\n|switch|p1a: Comfey|Comfey, L50, M, shiny|100\/100\n|turn|2\n|inactive|Prometheus756 has 30 seconds left.\n|\n|t:|1738548276\n|-terastallize|p2a: Zamazenta|Grass\n|-terastallize|p1a: Comfey|Fire\n|move|p2a: Zamazenta|Iron Defense|p2a: Zamazenta\n|-boost|p2a: Zamazenta|def|2\n|move|p1b: Archaludon|Body Press|p2b: Raging Bolt\n|-damage|p2b: Raging Bolt|0 fnt\n|faint|p2b: Raging Bolt\n|-end|p2b: Raging Bolt|Protosynthesis|[silent]\n|move|p1a: Comfey|Trick Room|p1a: Comfey\n|-fieldstart|move: Trick Room|[of] p1a: Comfey\n|\n|upkeep\n|\n|t:|1738548295\n|switch|p2b: Walking Wake|Walking Wake, L50|100\/100\n|turn|3\n|inactive|Prometheus756 has 30 seconds left.\n|j| 2000game\u266arta\n|\n|t:|1738548328\n|move|p1b: Archaludon|Body Press|p2b: Walking Wake\n|-damage|p2b: Walking Wake|37\/100\n|move|p1a: Comfey|Taunt|p2a: Zamazenta\n|-start|p2a: Zamazenta|move: Taunt\n|move|p2b: Walking Wake|Scald|p1a: Comfey\n|-supereffective|p1a: Comfey\n|-damage|p1a: Comfey|31\/100\n|cant|p2a: Zamazenta|move: Taunt|Iron Defense\n|\n|-heal|p2b: Walking Wake|43\/100|[from] item: Leftovers\n|upkeep\n|turn|4\n|inactive|Prometheus756 has 30 seconds left.\n|\n|t:|1738548356\n|move|p1a: Comfey|Draining Kiss|p2b: Walking Wake\n|-supereffective|p2b: Walking Wake\n|-damage|p2b: Walking Wake|16\/100\n|-heal|p1a: Comfey|57\/100|[from] drain|[of] p2b: Walking Wake\n|move|p1b: Archaludon|Flash Cannon|p2a: Zamazenta\n|-damage|p2a: Zamazenta|76\/100\n|move|p2b: Walking Wake|Scald|p1a: Comfey\n|-supereffective|p1a: Comfey\n|-damage|p1a: Comfey|0 fnt\n|faint|p1a: Comfey\n|move|p2a: Zamazenta|Body Press|p1b: Archaludon\n|-supereffective|p1b: Archaludon\n|-damage|p1b: Archaludon|55\/100\n|-ability|p1b: Archaludon|Stamina|boost\n|-boost|p1b: Archaludon|def|1\n|\n|-heal|p2b: Walking Wake|22\/100|[from] item: Leftovers\n|upkeep\n|\n|t:|1738548361\n|switch|p1a: Kyogre|Kyogre, L50, shiny|100\/100\n|-weather|RainDance|[from] ability: Drizzle|[of] p1a: Kyogre\n|turn|5\n|\n|t:|1738548378\n|move|p1b: Archaludon|Electro Shot||[still]\n|-prepare|p1b: Archaludon|Electro Shot\n|-boost|p1b: Archaludon|spa|1\n|-anim|p1b: Archaludon|Electro Shot|p2b: Walking Wake\n|-damage|p2b: Walking Wake|0 fnt\n|faint|p2b: Walking Wake\n|-end|p2b: Walking Wake|Protosynthesis|[silent]\n|move|p1a: Kyogre|Calm Mind|p1a: Kyogre\n|-boost|p1a: Kyogre|spa|1\n|-boost|p1a: Kyogre|spd|1\n|move|p2a: Zamazenta|Body Press|p1a: Kyogre\n|-damage|p1a: Kyogre|17\/100\n|\n|-weather|RainDance|[upkeep]\n|-end|p2a: Zamazenta|move: Taunt\n|upkeep\n|\n|t:|1738548390\n|switch|p2b: Gouging Fire|Gouging Fire, L50|100\/100\n|turn|6\n|\n|t:|1738548416\n|move|p2b: Gouging Fire|Burning Bulwark|p2b: Gouging Fire\n|-singleturn|p2b: Gouging Fire|move: Protect\n|move|p2a: Zamazenta|Wide Guard|p2a: Zamazenta\n|-singleturn|p2a: Zamazenta|Wide Guard\n|move|p1b: Archaludon|Body Press|p2a: Zamazenta\n|-damage|p2a: Zamazenta|53\/100\n|move|p1a: Kyogre|Ice Beam|p2a: Zamazenta\n|-supereffective|p2a: Zamazenta\n|-damage|p2a: Zamazenta|0 fnt\n|faint|p2a: Zamazenta\n|\n|-weather|RainDance|[upkeep]\n|-fieldend|move: Trick Room\n|upkeep\n|turn|7\n|\n|t:|1738548432\n|move|p2b: Gouging Fire|Crunch|p1a: Kyogre\n|-damage|p1a: Kyogre|0 fnt\n|faint|p1a: Kyogre\n|move|p1b: Archaludon|Electro Shot||[still]\n|-prepare|p1b: Archaludon|Electro Shot\n|-boost|p1b: Archaludon|spa|1\n|-anim|p1b: Archaludon|Electro Shot|p2b: Gouging Fire\n|-resisted|p2b: Gouging Fire\n|-damage|p2b: Gouging Fire|62\/100\n|\n|-weather|RainDance|[upkeep]\n|upkeep\n|turn|8\n|\n|t:|1738548444\n|move|p2b: Gouging Fire|Burning Bulwark|p2b: Gouging Fire\n|-singleturn|p2b: Gouging Fire|move: Protect\n|move|p1b: Archaludon|Body Press|p2b: Gouging Fire\n|-activate|p2b: Gouging Fire|move: Protect\n|-status|p1b: Archaludon|brn\n|\n|-weather|RainDance|[upkeep]\n|-damage|p1b: Archaludon|49\/100 brn|[from] brn\n|upkeep\n|turn|9\n|\n|t:|1738548462\n|move|p2b: Gouging Fire|Crunch|p1b: Archaludon\n|-damage|p1b: Archaludon|43\/100 brn\n|-unboost|p1b: Archaludon|def|1\n|-ability|p1b: Archaludon|Stamina|boost\n|-boost|p1b: Archaludon|def|1\n|move|p1b: Archaludon|Electro Shot||[still]\n|-prepare|p1b: Archaludon|Electro Shot\n|-boost|p1b: Archaludon|spa|1\n|-anim|p1b: Archaludon|Electro Shot|p2b: Gouging Fire\n|-resisted|p2b: Gouging Fire\n|-damage|p2b: Gouging Fire|12\/100\n|-enditem|p2b: Gouging Fire|Sitrus Berry|[eat]\n|-heal|p2b: Gouging Fire|37\/100|[from] item: Sitrus Berry\n|\n|-weather|none\n|-damage|p1b: Archaludon|37\/100 brn|[from] brn\n|upkeep\n|turn|10\n|\n|t:|1738548468\n|move|p2b: Gouging Fire|Burning Bulwark|p2b: Gouging Fire\n|-singleturn|p2b: Gouging Fire|move: Protect\n|move|p1b: Archaludon|Flash Cannon|p2b: Gouging Fire\n|-activate|p2b: Gouging Fire|move: Protect\n|\n|-damage|p1b: Archaludon|31\/100 brn|[from] brn\n|upkeep\n|turn|11\n|\n|t:|1738548486\n|move|p2b: Gouging Fire|Flare Blitz|p1b: Archaludon\n|-damage|p1b: Archaludon|19\/100 brn\n|-ability|p1b: Archaludon|Stamina|boost\n|-boost|p1b: Archaludon|def|1\n|-damage|p2b: Gouging Fire|33\/100|[from] Recoil\n|move|p1b: Archaludon|Flash Cannon|p2b: Gouging Fire\n|-resisted|p2b: Gouging Fire\n|-damage|p2b: Gouging Fire|0 fnt\n|faint|p2b: Gouging Fire\n|-end|p2b: Gouging Fire|Protosynthesis|[silent]\n|\n|win|actuary97\n|raw|actuary97's rating: 1589 &rarr; <strong>1610<\/strong><br \/>(+21 for winning)\n|raw|Prometheus756's rating: 1605 &rarr; <strong>1584<\/strong><br \/>(-21 for losing)\n|c|\u2606actuary97|gg\n|l| 2000game\u266arta\n|l|\u2606Prometheus756\n|player|p2|\n|l|\u2606actuary97\n|player|p1|\n","uploadtime":1738548722,"views":14,"formatid":"gen9vgc2025regg","rating":1584,"private":0,"password":null}