{"id":"gen9vgc2025regg-2293381530","format":"[Gen 9] VGC 2025 Reg G","players":["Tempest Flute","physiser"],"log":"|j|\u2606Tempest Flute\n|j|\u2606physiser\n|t:|1738560411\n|gametype|doubles\n|player|p1|Tempest Flute|policeman-gen4|1570\n|player|p2|physiser|1|1525\n|teamsize|p1|6\n|teamsize|p2|6\n|gen|9\n|tier|[Gen 9] VGC 2025 Reg G\n|rated|\n|rule|Species Clause: Limit one of each Pok\u00e9mon\n|rule|Item Clause: Limit 1 of each item\n|clearpoke\n|poke|p1|Koraidon, L50|\n|poke|p1|Umbreon, L50, M|\n|poke|p1|Raging Bolt, L50|\n|poke|p1|Flutter Mane, L50|\n|poke|p1|Ogerpon-Cornerstone, L50, F|\n|poke|p1|Entei, L50|\n|poke|p2|Tatsugiri, L50, F|\n|poke|p2|Dondozo, L50, F|\n|poke|p2|Calyrex-Shadow, L50|\n|poke|p2|Iron Moth, L50|\n|poke|p2|Regieleki, L50|\n|poke|p2|Chi-Yu, L50|\n|teampreview|4\n|inactive|Battle timer is ON: inactive players will automatically lose when time's up. (requested by Tempest Flute)\n|\n|t:|1738560442\n|start\n|switch|p1a: Koraidon|Koraidon, L50|100\/100\n|switch|p1b: Umbreon|Umbreon, L50, M, shiny|100\/100\n|switch|p2a: Calyrex|Calyrex-Shadow, L50|100\/100\n|switch|p2b: Iron Moth|Iron Moth, L50|100\/100\n|-ability|p2a: Calyrex|As One\n|-ability|p2a: Calyrex|Unnerve\n|-weather|SunnyDay|[from] ability: Orichalcum Pulse|[of] p1a: Koraidon\n|-activate|p1a: Koraidon|Orichalcum Pulse|[source]\n|-enditem|p2b: Iron Moth|Booster Energy\n|-activate|p2b: Iron Moth|ability: Quark Drive|[fromitem]\n|-start|p2b: Iron Moth|quarkdrivespa\n|turn|1\n|inactive|physiser has 30 seconds left.\n|inactive|physiser has 20 seconds left.\n|\n|t:|1738560479\n|move|p1a: Koraidon|Protect|p1a: Koraidon\n|-singleturn|p1a: Koraidon|Protect\n|move|p2a: Calyrex|Astral Barrage|p1b: Umbreon|[spread] p1b\n|-activate|p1a: Koraidon|move: Protect\n|-resisted|p1b: Umbreon\n|-damage|p1b: Umbreon|74\/100\n|move|p1b: Umbreon|Yawn|p2a: Calyrex\n|-start|p2a: Calyrex|move: Yawn|[of] p1b: Umbreon\n|move|p2b: Iron Moth|Whirlwind|p1b: Umbreon\n|drag|p1b: Flutter Mane|Flutter Mane, L50, shiny|100\/100\n|-activate|p1b: Flutter Mane|ability: Protosynthesis\n|-start|p1b: Flutter Mane|protosynthesisspe\n|\n|-weather|SunnyDay|[upkeep]\n|upkeep\n|turn|2\n|j| mr pogostick\n|inactive|Tempest Flute has 30 seconds left.\n|inactive|physiser has 30 seconds left.\n|inactive|physiser has 20 seconds left.\n|inactive|physiser has 15 seconds left.\n|\n|t:|1738560520\n|-terastallize|p1a: Koraidon|Fire\n|move|p1b: Flutter Mane|Icy Wind|p2a: Calyrex|[spread] p2a,p2b\n|-resisted|p2b: Iron Moth\n|-crit|p2b: Iron Moth\n|-damage|p2a: Calyrex|85\/100\n|-damage|p2b: Iron Moth|91\/100\n|-unboost|p2a: Calyrex|spe|1\n|-unboost|p2b: Iron Moth|spe|1\n|move|p1a: Koraidon|Flame Charge|p2a: Calyrex\n|-damage|p2a: Calyrex|4\/100\n|-boost|p1a: Koraidon|spe|1\n|move|p2a: Calyrex|Astral Barrage|p1a: Koraidon|[spread] p1a,p1b\n|-supereffective|p1b: Flutter Mane\n|-damage|p1a: Koraidon|24\/100\n|-enditem|p1b: Flutter Mane|Focus Sash\n|-damage|p1b: Flutter Mane|1\/100\n|move|p2b: Iron Moth|Toxic Spikes|p1a: Koraidon\n|-sidestart|p1: Tempest Flute|move: Toxic Spikes\n|\n|-weather|SunnyDay|[upkeep]\n|-end|p2a: Calyrex|move: Yawn|[silent]\n|-status|p2a: Calyrex|slp\n|upkeep\n|turn|3\n|inactive|physiser has 30 seconds left.\n|\n|t:|1738560545\n|move|p1b: Flutter Mane|Dazzling Gleam|p2a: Calyrex|[spread] p2a,p2b\n|-resisted|p2b: Iron Moth\n|-damage|p2a: Calyrex|0 fnt\n|-damage|p2b: Iron Moth|84\/100\n|faint|p2a: Calyrex\n|move|p1a: Koraidon|Collision Course|p2b: Iron Moth\n|-resisted|p2b: Iron Moth\n|-damage|p2b: Iron Moth|42\/100\n|move|p2b: Iron Moth|Heat Wave|p1b: Flutter Mane|[spread] p1a,p1b\n|-resisted|p1a: Koraidon\n|-damage|p1a: Koraidon|0 fnt\n|-damage|p1b: Flutter Mane|0 fnt\n|faint|p1a: Koraidon\n|faint|p1b: Flutter Mane\n|-end|p1b: Flutter Mane|Protosynthesis|[silent]\n|\n|-weather|SunnyDay|[upkeep]\n|upkeep\n|\n|t:|1738560561\n|switch|p2a: Dondozo|Dondozo, L50, F|100\/100\n|switch|p1b: Umbreon|Umbreon, L50, M, shiny|74\/100\n|switch|p1a: Raging Bolt|Raging Bolt, L50|100\/100\n|-status|p1a: Raging Bolt|psn\n|-status|p1b: Umbreon|psn\n|-activate|p1a: Raging Bolt|ability: Protosynthesis\n|-start|p1a: Raging Bolt|protosynthesisspa\n|turn|4\n|inactive|Tempest Flute has 30 seconds left.\n|inactive|Tempest Flute has 20 seconds left.\n|\n|t:|1738560597\n|move|p2a: Dondozo|Protect|p2a: Dondozo\n|-singleturn|p2a: Dondozo|Protect\n|move|p2b: Iron Moth|Light Screen|p2b: Iron Moth\n|-sidestart|p2: physiser|move: Light Screen\n|move|p1a: Raging Bolt|Thunderbolt|p2a: Dondozo\n|-activate|p2a: Dondozo|move: Protect\n|move|p1b: Umbreon|Yawn|p2a: Dondozo\n|-activate|p2a: Dondozo|move: Protect\n|\n|-weather|SunnyDay|[upkeep]\n|-damage|p1a: Raging Bolt|88\/100 psn|[from] psn\n|-damage|p1b: Umbreon|61\/100 psn|[from] psn\n|upkeep\n|turn|5\n|\n|t:|1738560620\n|-end|p2b: Iron Moth|Quark Drive|[silent]\n|switch|p2b: Tatsugiri|Tatsugiri, L50, F|100\/100\n|-activate|p2b: Tatsugiri|ability: Commander|[of] p2a: Dondozo\n|-boost|p2a: Dondozo|atk|2\n|-boost|p2a: Dondozo|spa|2\n|-boost|p2a: Dondozo|spe|2\n|-boost|p2a: Dondozo|def|2\n|-boost|p2a: Dondozo|spd|2\n|-terastallize|p2a: Dondozo|Grass\n|move|p1a: Raging Bolt|Thunderclap||[still]\n|-fail|p1a: Raging Bolt\n|move|p2a: Dondozo|Substitute|p2a: Dondozo\n|-start|p2a: Dondozo|Substitute\n|-damage|p2a: Dondozo|76\/100\n|move|p1b: Umbreon|Yawn||[still]\n|-fail|p1b: Umbreon\n|\n|-weather|none\n|-end|p1a: Raging Bolt|Protosynthesis\n|-heal|p2a: Dondozo|82\/100|[from] item: Leftovers\n|-damage|p1a: Raging Bolt|76\/100 psn|[from] psn\n|-damage|p1b: Umbreon|49\/100 psn|[from] psn\n|upkeep\n|turn|6\n|inactive|Tempest Flute has 30 seconds left.\n|inactive|Tempest Flute has 20 seconds left.\n|\n|t:|1738560656\n|move|p2a: Dondozo|Protect|p2a: Dondozo\n|-singleturn|p2a: Dondozo|Protect\n|move|p1a: Raging Bolt|Thunderbolt|p2a: Dondozo\n|-activate|p2a: Dondozo|move: Protect\n|move|p1b: Umbreon|Moonlight|p1b: Umbreon\n|-heal|p1b: Umbreon|99\/100 psn\n|\n|-heal|p2a: Dondozo|88\/100|[from] item: Leftovers\n|-damage|p1a: Raging Bolt|63\/100 psn|[from] psn\n|-damage|p1b: Umbreon|87\/100 psn|[from] psn\n|upkeep\n|turn|7\n|\n|t:|1738560669\n|move|p2a: Dondozo|Order Up|p1a: Raging Bolt\n|-supereffective|p1a: Raging Bolt\n|-damage|p1a: Raging Bolt|11\/100 psn\n|-boost|p2a: Dondozo|atk|1\n|move|p1a: Raging Bolt|Thunderbolt|p2a: Dondozo\n|-resisted|p2a: Dondozo\n|-activate|p2a: Dondozo|move: Substitute|[damage]\n|move|p1b: Umbreon|Taunt|p2a: Dondozo\n|-start|p2a: Dondozo|move: Taunt\n|\n|-heal|p2a: Dondozo|94\/100|[from] item: Leftovers\n|-damage|p1a: Raging Bolt|0 fnt|[from] psn\n|faint|p1a: Raging Bolt\n|-end|p1a: Raging Bolt|Protosynthesis|[silent]\n|-damage|p1b: Umbreon|74\/100 psn|[from] psn\n|upkeep\n|turn|8\n|inactive|Tempest Flute has 30 seconds left.\n|inactive|Tempest Flute has 20 seconds left.\n|-message|Tempest Flute forfeited.\n|\n|win|physiser\n|raw|Tempest Flute's rating: 1570 &rarr; <strong>1547<\/strong><br \/>(-23 for losing)\n|raw|physiser's rating: 1525 &rarr; <strong>1548<\/strong><br \/>(+23 for winning)\n|l|\u2606physiser\n|player|p2|\n|l|\u2606Tempest Flute\n|player|p1|\n|l| mr pogostick\n","uploadtime":1738560886,"views":18,"formatid":"gen9vgc2025regg","rating":1547,"private":0,"password":null}