{"id":"gen9vgc2025regg-2293805967","format":"[Gen 9] VGC 2025 Reg G","players":["Lashenator","Vouldoon"],"log":"|j|\u2606Lashenator\n|j|\u2606Vouldoon\n|t:|1738617615\n|gametype|doubles\n|player|p1|Lashenator|265|1589\n|player|p2|Vouldoon|102|1647\n|teamsize|p1|6\n|teamsize|p2|6\n|gen|9\n|tier|[Gen 9] VGC 2025 Reg G\n|rated|\n|rule|Species Clause: Limit one of each Pok\u00e9mon\n|rule|Item Clause: Limit 1 of each item\n|clearpoke\n|poke|p1|Calyrex-Ice, L50|\n|poke|p1|Landorus, L50, M|\n|poke|p1|Urshifu-*, L50, M|\n|poke|p1|Roaring Moon, L50|\n|poke|p1|Ogerpon-Hearthflame, L50, F|\n|poke|p1|Rillaboom, L50, F|\n|poke|p2|Arcanine-Hisui, L50, M|\n|poke|p2|Rillaboom, L50, F|\n|poke|p2|Calyrex-Shadow, L50|\n|poke|p2|Roaring Moon, L50|\n|poke|p2|Dragonite, L50, M|\n|poke|p2|Lucario, L50, M|\n|teampreview|4\n|inactive|Battle timer is ON: inactive players will automatically lose when time's up. (requested by Lashenator)\n|\n|t:|1738617637\n|start\n|switch|p1a: Roaring Moon|Roaring Moon, L50, shiny|100\/100\n|switch|p1b: Calyrex|Calyrex-Ice, L50|100\/100\n|switch|p2a: Roaring Moon|Roaring Moon, L50|100\/100\n|switch|p2b: Arcanine|Arcanine-Hisui, L50, M|100\/100\n|-ability|p1b: Calyrex|As One\n|-ability|p1b: Calyrex|Unnerve\n|-ability|p2b: Arcanine|Intimidate|boost\n|-unboost|p1a: Roaring Moon|atk|1\n|-fail|p1b: Calyrex|unboost|[from] item: Clear Amulet|[of] p1b: Calyrex\n|-enditem|p2a: Roaring Moon|Booster Energy\n|-activate|p2a: Roaring Moon|ability: Protosynthesis|[fromitem]\n|-start|p2a: Roaring Moon|protosynthesisspe\n|-enditem|p1a: Roaring Moon|Booster Energy\n|-activate|p1a: Roaring Moon|ability: Protosynthesis|[fromitem]\n|-start|p1a: Roaring Moon|protosynthesisspe\n|turn|1\n|j| Funn yIy\n|\n|t:|1738617661\n|-terastallize|p1b: Calyrex|Fairy\n|move|p2a: Roaring Moon|Tailwind|p2a: Roaring Moon\n|-sidestart|p2: Vouldoon|move: Tailwind\n|move|p2b: Arcanine|Rock Slide|p1a: Roaring Moon|[spread] p1b\n|-miss|p2b: Arcanine|p1a: Roaring Moon\n|-damage|p1b: Calyrex|81\/100\n|move|p1a: Roaring Moon|Knock Off|p2b: Arcanine\n|-damage|p2b: Arcanine|61\/100\n|-enditem|p2b: Arcanine|Clear Amulet|[from] move: Knock Off|[of] p1a: Roaring Moon\n|cant|p1b: Calyrex|flinch\n|\n|upkeep\n|turn|2\n|\n|t:|1738617679\n|-terastallize|p2a: Roaring Moon|Flying\n|move|p2a: Roaring Moon|Acrobatics|p1b: Calyrex\n|-damage|p1b: Calyrex|48\/100\n|move|p2b: Arcanine|Flare Blitz|p1b: Calyrex\n|-damage|p1b: Calyrex|10\/100\n|-damage|p2b: Arcanine|46\/100|[from] Recoil\n|move|p1a: Roaring Moon|Acrobatics|p2a: Roaring Moon\n|-damage|p2a: Roaring Moon|69\/100\n|move|p1b: Calyrex|Trick Room|p1b: Calyrex\n|-fieldstart|move: Trick Room|[of] p1b: Calyrex\n|\n|upkeep\n|turn|3\n|\n|t:|1738617695\n|move|p2b: Arcanine|Protect|p2b: Arcanine\n|-singleturn|p2b: Arcanine|Protect\n|move|p2a: Roaring Moon|Protect|p2a: Roaring Moon\n|-singleturn|p2a: Roaring Moon|Protect\n|move|p1b: Calyrex|Glacial Lance|p2b: Arcanine|[spread] \n|-activate|p2a: Roaring Moon|move: Protect\n|-activate|p2b: Arcanine|move: Protect\n|move|p1a: Roaring Moon|Knock Off|p2b: Arcanine\n|-activate|p2b: Arcanine|move: Protect\n|\n|upkeep\n|turn|4\n|\n|t:|1738617709\n|move|p1b: Calyrex|Glacial Lance|p2b: Arcanine|[spread] p2a,p2b\n|-supereffective|p2a: Roaring Moon\n|-resisted|p2b: Arcanine\n|-damage|p2a: Roaring Moon|0 fnt\n|-damage|p2b: Arcanine|11\/100\n|faint|p2a: Roaring Moon\n|-end|p2a: Roaring Moon|Protosynthesis|[silent]\n|-ability|p1b: Calyrex|Chilling Neigh|boost\n|-boost|p1b: Calyrex|atk|1\n|move|p1a: Roaring Moon|Knock Off|p2b: Arcanine\n|-damage|p2b: Arcanine|0 fnt\n|faint|p2b: Arcanine\n|\n|-sideend|p2: Vouldoon|move: Tailwind\n|upkeep\n|\n|t:|1738617713\n|switch|p2b: Dragonite|Dragonite, L50, M|100\/100\n|switch|p2a: Calyrex|Calyrex-Shadow, L50|100\/100\n|-ability|p2a: Calyrex|As One\n|-ability|p2a: Calyrex|Unnerve\n|turn|5\n|\n|t:|1738617736\n|move|p2a: Calyrex|Protect|p2a: Calyrex\n|-singleturn|p2a: Calyrex|Protect\n|move|p2b: Dragonite|Extreme Speed|p1b: Calyrex\n|-damage|p1b: Calyrex|0 fnt\n|faint|p1b: Calyrex\n|-damage|p2b: Dragonite|91\/100|[from] item: Life Orb\n|move|p1a: Roaring Moon|Knock Off|p2a: Calyrex\n|-activate|p2a: Calyrex|move: Protect\n|\n|upkeep\n|\n|t:|1738617748\n|switch|p1b: Landorus|Landorus, L50, M|100\/100\n|turn|6\n|\n|t:|1738617755\n|move|p2b: Dragonite|Ice Spinner|p1a: Roaring Moon\n|-supereffective|p1a: Roaring Moon\n|-damage|p1a: Roaring Moon|24\/100\n|-damage|p2b: Dragonite|81\/100|[from] item: Life Orb\n|move|p1b: Landorus|Earth Power|p2a: Calyrex\n|-damage|p2a: Calyrex|17\/100\n|move|p2a: Calyrex|Astral Barrage|p1b: Landorus|[spread] p1a,p1b\n|-resisted|p1a: Roaring Moon\n|-damage|p1a: Roaring Moon|2\/100\n|-damage|p1b: Landorus|40\/100\n|move|p1a: Roaring Moon|Knock Off|p2a: Calyrex\n|-supereffective|p2a: Calyrex\n|-damage|p2a: Calyrex|0 fnt\n|-enditem|p2a: Calyrex|Focus Sash|[from] move: Knock Off|[of] p1a: Roaring Moon\n|faint|p2a: Calyrex\n|\n|-fieldend|move: Trick Room\n|upkeep\n|turn|7\n|\n|t:|1738617780\n|move|p1b: Landorus|Protect|p1b: Landorus\n|-singleturn|p1b: Landorus|Protect\n|move|p2b: Dragonite|Extreme Speed|p1b: Landorus\n|-activate|p1b: Landorus|move: Protect\n|move|p1a: Roaring Moon|Tailwind|p1a: Roaring Moon\n|-sidestart|p1: Lashenator|move: Tailwind\n|\n|upkeep\n|turn|8\n|\n|t:|1738617792\n|move|p2b: Dragonite|Extreme Speed|p1b: Landorus\n|-damage|p1b: Landorus|0 fnt\n|faint|p1b: Landorus\n|-damage|p2b: Dragonite|71\/100|[from] item: Life Orb\n|move|p1a: Roaring Moon|Knock Off|p2b: Dragonite\n|-damage|p2b: Dragonite|42\/100\n|-enditem|p2b: Dragonite|Life Orb|[from] move: Knock Off|[of] p1a: Roaring Moon\n|\n|upkeep\n|\n|t:|1738617801\n|switch|p1b: Urshifu|Urshifu-Rapid-Strike, L50, M|100\/100\n|turn|9\n|\n|t:|1738617808\n|move|p2b: Dragonite|Extreme Speed|p1a: Roaring Moon\n|-damage|p1a: Roaring Moon|0 fnt\n|faint|p1a: Roaring Moon\n|-end|p1a: Roaring Moon|Protosynthesis|[silent]\n|move|p1b: Urshifu|Surging Strikes|p2b: Dragonite\n|-resisted|p2b: Dragonite\n|-crit|p2b: Dragonite\n|-damage|p2b: Dragonite|30\/100\n|-resisted|p2b: Dragonite\n|-crit|p2b: Dragonite\n|-damage|p2b: Dragonite|18\/100\n|-resisted|p2b: Dragonite\n|-crit|p2b: Dragonite\n|-damage|p2b: Dragonite|5\/100\n|-hitcount|p2b: Dragonite|3\n|\n|upkeep\n|turn|10\n|\n|t:|1738617821\n|move|p2b: Dragonite|Extreme Speed|p1b: Urshifu\n|-damage|p1b: Urshifu|72\/100\n|move|p1b: Urshifu|Surging Strikes|p2b: Dragonite\n|-resisted|p2b: Dragonite\n|-crit|p2b: Dragonite\n|-damage|p2b: Dragonite|0 fnt\n|faint|p2b: Dragonite\n|-hitcount|p2: Dragonite|1\n|\n|win|Lashenator\n|raw|Lashenator's rating: 1589 &rarr; <strong>1612<\/strong><br \/>(+23 for winning)\n|raw|Vouldoon's rating: 1647 &rarr; <strong>1624<\/strong><br \/>(-23 for losing)\n|l|\u2606Vouldoon\n|player|p2|\n","uploadtime":1738618045,"views":6,"formatid":"gen9vgc2025regg","rating":1612,"private":0,"password":null}