{"id":"gen9vgc2025regg-2293607122","format":"[Gen 9] VGC 2025 Reg G","players":["koji muranishi","trchlt1"],"log":"|j|\u2606koji muranishi\n|j|\u2606trchlt1\n|t:|1738597517\n|gametype|doubles\n|player|p1|koji muranishi|101|1549\n|player|p2|trchlt1|1|1655\n|teamsize|p1|6\n|teamsize|p2|6\n|gen|9\n|tier|[Gen 9] VGC 2025 Reg G\n|rated|\n|rule|Species Clause: Limit one of each Pok\u00e9mon\n|rule|Item Clause: Limit 1 of each item\n|clearpoke\n|poke|p1|Whimsicott, L50, M|\n|poke|p1|Calyrex-Ice, L50|\n|poke|p1|Urshifu-*, L50, M|\n|poke|p1|Entei, L50|\n|poke|p1|Raging Bolt, L50|\n|poke|p1|Landorus, L50, M|\n|poke|p2|Chi-Yu, L50|\n|poke|p2|Regidrago, L50|\n|poke|p2|Zacian-*, L50|\n|poke|p2|Tornadus, L50, M|\n|poke|p2|Rillaboom, L50, M|\n|poke|p2|Farigiraf, L50, F|\n|teampreview|4\n|inactive|Battle timer is ON: inactive players will automatically lose when time's up. (requested by koji muranishi)\n|inactive|trchlt1 has 60 seconds left.\n|\n|t:|1738597552\n|start\n|switch|p1a: Whimsicott|Whimsicott, L50, M|100\/100\n|switch|p1b: Entei|Entei, L50|100\/100\n|switch|p2a: Tornadus|Tornadus, L50, M|100\/100\n|switch|p2b: Regidrago|Regidrago, L50|100\/100\n|turn|1\n|\n|t:|1738597568\n|move|p1b: Entei|Sacred Fire|p2a: Tornadus|[miss]\n|-miss|p1b: Entei|p2a: Tornadus\n|move|p2a: Tornadus|Bleakwind Storm|p1b: Entei|[spread] p1b\n|-miss|p2a: Tornadus|p1a: Whimsicott\n|-damage|p1b: Entei|79\/100\n|move|p2b: Regidrago|Draco Meteor|p1b: Entei\n|-damage|p1b: Entei|0 fnt\n|-unboost|p2b: Regidrago|spa|2\n|faint|p1b: Entei\n|move|p1a: Whimsicott|Trick Room|p1a: Whimsicott\n|-fieldstart|move: Trick Room|[of] p1a: Whimsicott\n|\n|upkeep\n|\n|t:|1738597582\n|switch|p1b: Calyrex|Calyrex-Ice, L50|100\/100\n|-ability|p1b: Calyrex|As One\n|-ability|p1b: Calyrex|Unnerve\n|turn|2\n|j| bidoofutopia\n|\n|t:|1738597602\n|switch|p1a: Landorus|Landorus, L50, M|100\/100\n|-terastallize|p1b: Calyrex|Ice\n|move|p2a: Tornadus|Protect|p2a: Tornadus\n|-singleturn|p2a: Tornadus|Protect\n|move|p2b: Regidrago|Protect|p2b: Regidrago\n|-singleturn|p2b: Regidrago|Protect\n|move|p1b: Calyrex|Glacial Lance|p2b: Regidrago|[spread] \n|-activate|p2a: Tornadus|move: Protect\n|-activate|p2b: Regidrago|move: Protect\n|\n|upkeep\n|turn|3\n|inactive|trchlt1 has 30 seconds left.\n|\n|t:|1738597628\n|move|p2a: Tornadus|Protect|p2a: Tornadus\n|-singleturn|p2a: Tornadus|Protect\n|move|p2b: Regidrago|Protect|p2b: Regidrago\n|-singleturn|p2b: Regidrago|Protect\n|move|p1b: Calyrex|Glacial Lance|p2b: Regidrago|[spread] \n|-activate|p2a: Tornadus|move: Protect\n|-activate|p2b: Regidrago|move: Protect\n|move|p1a: Landorus|Sludge Bomb|p2a: Tornadus\n|-activate|p2a: Tornadus|move: Protect\n|\n|upkeep\n|turn|4\n|inactive|trchlt1 has 30 seconds left.\n|\n|t:|1738597656\n|switch|p2b: Farigiraf|Farigiraf, L50, F|100\/100\n|move|p2a: Tornadus|Tailwind|p2a: Tornadus\n|-sidestart|p2: trchlt1|move: Tailwind\n|move|p1b: Calyrex|Glacial Lance|p2b: Farigiraf|[spread] p2a,p2b\n|-supereffective|p2a: Tornadus\n|-damage|p2a: Tornadus|0 fnt\n|-damage|p2b: Farigiraf|12\/100\n|faint|p2a: Tornadus\n|-ability|p1b: Calyrex|Chilling Neigh|boost\n|-boost|p1b: Calyrex|atk|1\n|move|p1a: Landorus|Sandsear Storm|p2b: Farigiraf\n|-damage|p2b: Farigiraf|0 fnt\n|faint|p2b: Farigiraf\n|\n|upkeep\n|\n|t:|1738597663\n|switch|p2b: Regidrago|Regidrago, L50|100\/100\n|switch|p2a: Zacian|Zacian-Crowned, L50|100\/100\n|-ability|p2a: Zacian|Intrepid Sword|boost\n|-boost|p2a: Zacian|atk|1\n|turn|5\n|\n|t:|1738597682\n|switch|p1a: Whimsicott|Whimsicott, L50, M|100\/100\n|move|p2b: Regidrago|Protect|p2b: Regidrago\n|-singleturn|p2b: Regidrago|Protect\n|move|p2a: Zacian|Protect|p2a: Zacian\n|-singleturn|p2a: Zacian|Protect\n|move|p1b: Calyrex|Glacial Lance|p2a: Zacian|[spread] \n|-activate|p2a: Zacian|move: Protect\n|-activate|p2b: Regidrago|move: Protect\n|\n|-fieldend|move: Trick Room\n|upkeep\n|turn|6\n|\n|t:|1738597697\n|move|p1a: Whimsicott|Encore|p2a: Zacian\n|-start|p2a: Zacian|Encore\n|move|p2a: Zacian|Protect||[still]\n|-fail|p2a: Zacian\n|move|p2b: Regidrago|Draco Meteor|p1b: Calyrex\n|-damage|p1b: Calyrex|3\/100\n|-unboost|p2b: Regidrago|spa|2\n|move|p1b: Calyrex|Glacial Lance|p2a: Zacian|[spread] p2a,p2b\n|-resisted|p2a: Zacian\n|-supereffective|p2b: Regidrago\n|-damage|p2a: Zacian|23\/100\n|-damage|p2b: Regidrago|0 fnt\n|faint|p2b: Regidrago\n|-ability|p1b: Calyrex|Chilling Neigh|boost\n|-boost|p1b: Calyrex|atk|1\n|\n|upkeep\n|turn|7\n|-message|trchlt1 forfeited.\n|\n|win|koji muranishi\n|raw|koji muranishi's rating: 1549 &rarr; <strong>1575<\/strong><br \/>(+26 for winning)\n|raw|trchlt1's rating: 1655 &rarr; <strong>1629<\/strong><br \/>(-26 for losing)\n|l|\u2606trchlt1\n|player|p2|\n|l| bidoofutopia\n|l|\u2606koji muranishi\n|player|p1|\n","uploadtime":1738597876,"views":5,"formatid":"gen9vgc2025regg","rating":1575,"private":0,"password":null}