{"id":"gen9vgc2025regg-2293920656","format":"[Gen 9] VGC 2025 Reg G","players":["hydmkk","Lacossg"],"log":"|j|\u2606hydmkk\n|j|\u2606Lacossg\n|t:|1738631393\n|gametype|doubles\n|player|p1|hydmkk|bruno|1514\n|player|p2|Lacossg|2|1668\n|teamsize|p1|6\n|teamsize|p2|6\n|gen|9\n|tier|[Gen 9] VGC 2025 Reg G\n|rated|\n|rule|Species Clause: Limit one of each Pok\u00e9mon\n|rule|Item Clause: Limit 1 of each item\n|clearpoke\n|poke|p1|Miraidon, L50|\n|poke|p1|Dondozo, L50, M|\n|poke|p1|Tatsugiri-Droopy, L50, M|\n|poke|p1|Flutter Mane, L50|\n|poke|p1|Chi-Yu, L50|\n|poke|p1|Rillaboom, L50, F|\n|poke|p2|Ditto, L50|\n|poke|p2|Lunala, L50|\n|poke|p2|Indeedee-F, L50, F|\n|poke|p2|Roaring Moon, L50|\n|poke|p2|Urshifu-*, L50, F|\n|poke|p2|Ursaluna, L50, F|\n|teampreview|4\n|inactive|Battle timer is ON: inactive players will automatically lose when time's up. (requested by hydmkk)\n|\n|t:|1738631414\n|start\n|switch|p1a: Miraidon|Miraidon, L50|100\/100\n|switch|p1b: Dondozo|Dondozo, L50, M|100\/100\n|switch|p2a: Roaring Moon|Roaring Moon, L50|100\/100\n|switch|p2b: Lunala|Lunala, L50|100\/100\n|-fieldstart|move: Electric Terrain|[from] ability: Hadron Engine|[of] p1a: Miraidon\n|-enditem|p2a: Roaring Moon|Booster Energy\n|-activate|p2a: Roaring Moon|ability: Protosynthesis|[fromitem]\n|-start|p2a: Roaring Moon|protosynthesisspe\n|turn|1\n|\n|t:|1738631427\n|switch|p2b: Ursaluna|Ursaluna, L50, F|100\/100\n|move|p2a: Roaring Moon|Tailwind|p2a: Roaring Moon\n|-sidestart|p2: Lacossg|move: Tailwind\n|move|p1a: Miraidon|Volt Switch|p2b: Ursaluna\n|-immune|p2b: Ursaluna\n|move|p1b: Dondozo|Wave Crash|p2b: Ursaluna\n|-supereffective|p2b: Ursaluna\n|-damage|p2b: Ursaluna|16\/100\n|-damage|p1b: Dondozo|73\/100|[from] Recoil\n|\n|-status|p2b: Ursaluna|brn|[from] item: Flame Orb\n|upkeep\n|turn|2\n|\n|t:|1738631449\n|move|p1b: Dondozo|Protect|p1b: Dondozo\n|-singleturn|p1b: Dondozo|Protect\n|move|p2a: Roaring Moon|Knock Off|p1b: Dondozo\n|-activate|p1b: Dondozo|move: Protect\n|move|p1a: Miraidon|Volt Switch|p2a: Roaring Moon\n|-resisted|p2a: Roaring Moon\n|-damage|p2a: Roaring Moon|55\/100\n|\n|t:|1738631457\n|switch|p1a: Tatsugiri|Tatsugiri-Droopy, L50, M|100\/100|[from] Volt Switch\n|-activate|p1a: Tatsugiri|ability: Commander|[of] p1b: Dondozo\n|-boost|p1b: Dondozo|atk|2\n|-boost|p1b: Dondozo|spa|2\n|-boost|p1b: Dondozo|spe|2\n|-boost|p1b: Dondozo|def|2\n|-boost|p1b: Dondozo|spd|2\n|move|p2b: Ursaluna|Facade|p1b: Dondozo\n|-activate|p1b: Dondozo|move: Protect\n|\n|-damage|p2b: Ursaluna|10\/100 brn|[from] brn\n|upkeep\n|turn|3\n|\n|t:|1738631464\n|move|p2a: Roaring Moon|Knock Off|p1b: Dondozo\n|-damage|p1b: Dondozo|56\/100\n|-enditem|p1b: Dondozo|Covert Cloak|[from] move: Knock Off|[of] p2a: Roaring Moon\n|move|p1b: Dondozo|Earthquake|p2a: Roaring Moon|[spread] p2a,p2b\n|-miss|p1b: Dondozo|p1a: Tatsugiri\n|-damage|p2a: Roaring Moon|6\/100\n|-damage|p2b: Ursaluna|0 fnt\n|faint|p2b: Ursaluna\n|\n|upkeep\n|\n|t:|1738631472\n|switch|p2b: Lunala|Lunala, L50|100\/100\n|turn|4\n|\n|t:|1738631488\n|move|p2a: Roaring Moon|Taunt|p1b: Dondozo\n|-immune|p1b: Dondozo|[from] ability: Oblivious\n|move|p1b: Dondozo|Wave Crash|p2a: Roaring Moon\n|-resisted|p2a: Roaring Moon\n|-damage|p2a: Roaring Moon|0 fnt\n|faint|p2a: Roaring Moon\n|-end|p2a: Roaring Moon|Protosynthesis|[silent]\n|-damage|p1b: Dondozo|55\/100|[from] Recoil\n|move|p2b: Lunala|Trick Room|p2b: Lunala\n|-fieldstart|move: Trick Room|[of] p2b: Lunala\n|\n|-sideend|p2: Lacossg|move: Tailwind\n|upkeep\n|\n|t:|1738631493\n|switch|p2a: Urshifu|Urshifu-Rapid-Strike, L50, F|100\/100\n|turn|5\n|\n|t:|1738631500\n|-terastallize|p2a: Urshifu|Water\n|move|p2b: Lunala|Meteor Beam||[still]\n|-prepare|p2b: Lunala|Meteor Beam\n|-boost|p2b: Lunala|spa|1\n|-enditem|p2b: Lunala|Power Herb\n|-anim|p2b: Lunala|Meteor Beam|p1b: Dondozo\n|-damage|p1b: Dondozo|17\/100\n|move|p2a: Urshifu|Surging Strikes|p1b: Dondozo\n|-resisted|p1b: Dondozo\n|-crit|p1b: Dondozo\n|-damage|p1b: Dondozo|5\/100\n|-resisted|p1b: Dondozo\n|-crit|p1b: Dondozo\n|-damage|p1b: Dondozo|0 fnt\n|faint|p1b: Dondozo\n|-hitcount|p1: Dondozo|2\n|-damage|p2a: Urshifu|91\/100|[from] item: Life Orb\n|\n|-fieldend|move: Electric Terrain\n|upkeep\n|\n|t:|1738631515\n|switch|p1b: Miraidon|Miraidon, L50|100\/100\n|-fieldstart|move: Electric Terrain|[from] ability: Hadron Engine|[of] p1b: Miraidon\n|turn|6\n|inactive|hydmkk has 30 seconds left.\n|inactive|hydmkk has 20 seconds left.\n|\n|t:|1738631555\n|move|p2a: Urshifu|Detect|p2a: Urshifu\n|-singleturn|p2a: Urshifu|Protect\n|move|p1a: Tatsugiri|Muddy Water|p2a: Urshifu|[spread] p2b\n|-activate|p2a: Urshifu|move: Protect\n|-damage|p2b: Lunala|91\/100\n|move|p2b: Lunala|Moongeist Beam|p1a: Tatsugiri\n|-damage|p1a: Tatsugiri|3\/100\n|move|p1b: Miraidon|Electro Drift|p2b: Lunala\n|-damage|p2b: Lunala|0 fnt\n|faint|p2b: Lunala\n|\n|upkeep\n|turn|7\n|\n|t:|1738631573\n|move|p1a: Tatsugiri|Draco Meteor|p2a: Urshifu\n|-damage|p2a: Urshifu|17\/100\n|-unboost|p1a: Tatsugiri|spa|2\n|move|p2a: Urshifu|Close Combat|p1b: Miraidon\n|-damage|p1b: Miraidon|16\/100\n|-unboost|p2a: Urshifu|def|1\n|-unboost|p2a: Urshifu|spd|1\n|-damage|p2a: Urshifu|7\/100|[from] item: Life Orb\n|move|p1b: Miraidon|Electro Drift|p2a: Urshifu\n|-supereffective|p2a: Urshifu\n|-crit|p2a: Urshifu\n|-damage|p2a: Urshifu|0 fnt\n|faint|p2a: Urshifu\n|\n|win|hydmkk\n|raw|hydmkk's rating: 1514 &rarr; <strong>1542<\/strong><br \/>(+28 for winning)\n|raw|Lacossg's rating: 1668 &rarr; <strong>1640<\/strong><br \/>(-28 for losing)\n|l|\u2606hydmkk\n|player|p1|\n|l|\u2606Lacossg\n|player|p2|\n","uploadtime":1738631777,"views":6,"formatid":"gen9vgc2025regg","rating":1542,"private":0,"password":null}