{"id":"gen9vgc2025regg-2293609000","format":"[Gen 9] VGC 2025 Reg G","players":["bidoofutopia","trchlt1"],"log":"|j|\u2606bidoofutopia\n|j|\u2606trchlt1\n|t:|1738597718\n|gametype|doubles\n|player|p1|bidoofutopia|lucas|1519\n|player|p2|trchlt1|1|1629\n|teamsize|p1|6\n|teamsize|p2|6\n|gen|9\n|tier|[Gen 9] VGC 2025 Reg G\n|rated|\n|rule|Species Clause: Limit one of each Pok\u00e9mon\n|rule|Item Clause: Limit 1 of each item\n|clearpoke\n|poke|p1|Miraidon, L50|\n|poke|p1|Talonflame, L50, F|\n|poke|p1|Farigiraf, L50, M|\n|poke|p1|Ursaluna-Bloodmoon, L50, M|\n|poke|p1|Chien-Pao, L50|\n|poke|p1|Ogerpon-Hearthflame, L50, F|\n|poke|p2|Chi-Yu, L50|\n|poke|p2|Regidrago, L50|\n|poke|p2|Zacian-*, L50|\n|poke|p2|Tornadus, L50, M|\n|poke|p2|Rillaboom, L50, M|\n|poke|p2|Farigiraf, L50, M|\n|teampreview|4\n|inactive|Battle timer is ON: inactive players will automatically lose when time's up. (requested by bidoofutopia)\n|inactive|bidoofutopia has 60 seconds left.\n|inactive|bidoofutopia has 30 seconds left.\n|c|\u2606bidoofutopia|did i just spectate you?\n|c|\u2606bidoofutopia|or was it someone else\n|inactive|bidoofutopia has 20 seconds left.\n|inactive|bidoofutopia has 15 seconds left.\n|\n|t:|1738597799\n|start\n|switch|p1a: Talonflame|Talonflame, L50, F|100\/100\n|switch|p1b: Miraidon|Miraidon, L50|100\/100\n|switch|p2a: Tornadus|Tornadus, L50, M|100\/100\n|switch|p2b: Regidrago|Regidrago, L50|100\/100\n|-fieldstart|move: Electric Terrain|[from] ability: Hadron Engine|[of] p1b: Miraidon\n|turn|1\n|c|\u2606trchlt1|It was probably me if it was this team\n|\n|t:|1738597822\n|-terastallize|p1b: Miraidon|Fairy\n|move|p2a: Tornadus|Protect|p2a: Tornadus\n|-singleturn|p2a: Tornadus|Protect\n|move|p2b: Regidrago|Protect|p2b: Regidrago\n|-singleturn|p2b: Regidrago|Protect\n|move|p1a: Talonflame|Tailwind|p1a: Talonflame\n|-sidestart|p1: bidoofutopia|move: Tailwind\n|move|p1b: Miraidon|Dazzling Gleam|p2a: Tornadus|[spread] \n|-activate|p2a: Tornadus|move: Protect\n|-activate|p2b: Regidrago|move: Protect\n|\n|upkeep\n|turn|2\n|\n|t:|1738597841\n|switch|p2b: Rillaboom|Rillaboom, L50, M|100\/100\n|-fieldstart|move: Grassy Terrain|[from] ability: Grassy Surge|[of] p2b: Rillaboom\n|move|p2a: Tornadus|Tailwind|p2a: Tornadus\n|-sidestart|p2: trchlt1|move: Tailwind\n|move|p1b: Miraidon|Dazzling Gleam|p2b: Rillaboom|[spread] p2a,p2b\n|-damage|p2a: Tornadus|52\/100\n|-damage|p2b: Rillaboom|72\/100\n|move|p1a: Talonflame|Will-O-Wisp|p2b: Rillaboom\n|-status|p2b: Rillaboom|brn\n|\n|-heal|p2b: Rillaboom|78\/100 brn|[from] Grassy Terrain\n|-damage|p2b: Rillaboom|72\/100 brn|[from] brn\n|upkeep\n|turn|3\n|\n|t:|1738597859\n|move|p1a: Talonflame|Brave Bird|p2a: Tornadus\n|-damage|p2a: Tornadus|0 fnt\n|-damage|p1a: Talonflame|84\/100|[from] item: Rocky Helmet|[of] p2a: Tornadus\n|faint|p2a: Tornadus\n|-damage|p1a: Talonflame|66\/100|[from] Recoil\n|-damage|p1a: Talonflame|57\/100|[from] item: Life Orb\n|move|p1b: Miraidon|Dazzling Gleam|p2b: Rillaboom\n|-damage|p2b: Rillaboom|36\/100 brn\n|move|p2b: Rillaboom|Wood Hammer|p1b: Miraidon\n|-damage|p1b: Miraidon|70\/100\n|-damage|p2b: Rillaboom|26\/100 brn|[from] Recoil\n|\n|-heal|p1b: Miraidon|76\/100|[from] Grassy Terrain\n|-heal|p2b: Rillaboom|31\/100 brn|[from] Grassy Terrain\n|-damage|p2b: Rillaboom|26\/100 brn|[from] brn\n|upkeep\n|\n|t:|1738597871\n|switch|p2a: Zacian|Zacian-Crowned, L50|100\/100\n|-ability|p2a: Zacian|Intrepid Sword|boost\n|-boost|p2a: Zacian|atk|1\n|turn|4\n|\n|t:|1738597881\n|switch|p1b: Ogerpon|Ogerpon-Hearthflame, L50, F|100\/100\n|-ability|p1b: Ogerpon|Mold Breaker\n|move|p2a: Zacian|Behemoth Blade|p1a: Talonflame\n|-resisted|p1a: Talonflame\n|-damage|p1a: Talonflame|0 fnt\n|faint|p1a: Talonflame\n|move|p2b: Rillaboom|Wood Hammer|p1b: Ogerpon\n|-resisted|p1b: Ogerpon\n|-damage|p1b: Ogerpon|91\/100\n|-damage|p2b: Rillaboom|23\/100 brn|[from] Recoil\n|\n|-heal|p1b: Ogerpon|97\/100|[from] Grassy Terrain\n|-heal|p2b: Rillaboom|29\/100 brn|[from] Grassy Terrain\n|-damage|p2b: Rillaboom|23\/100 brn|[from] brn\n|-sideend|p1: bidoofutopia|move: Tailwind\n|upkeep\n|inactive|bidoofutopia has 30 seconds left.\n|inactive|bidoofutopia has 20 seconds left.\n|\n|t:|1738597917\n|switch|p1a: Chien-Pao|Chien-Pao, L50|100\/100\n|-ability|p1a: Chien-Pao|Sword of Ruin\n|turn|5\n|\n|t:|1738597938\n|move|p2a: Zacian|Protect|p2a: Zacian\n|-singleturn|p2a: Zacian|Protect\n|move|p1a: Chien-Pao|Protect|p1a: Chien-Pao\n|-singleturn|p1a: Chien-Pao|Protect\n|move|p1b: Ogerpon|Spiky Shield|p1b: Ogerpon\n|-singleturn|p1b: Ogerpon|move: Protect\n|move|p2b: Rillaboom|High Horsepower|p1b: Ogerpon\n|-activate|p1b: Ogerpon|move: Protect\n|-damage|p2b: Rillaboom|11\/100 brn|[from] Spiky Shield|[of] p1b: Ogerpon\n|\n|-heal|p2b: Rillaboom|16\/100 brn|[from] Grassy Terrain\n|-heal|p1b: Ogerpon|100\/100|[from] Grassy Terrain\n|-damage|p2b: Rillaboom|11\/100 brn|[from] brn\n|-sideend|p2: trchlt1|move: Tailwind\n|upkeep\n|turn|6\n|\n|t:|1738597959\n|-terastallize|p2a: Zacian|Ground\n|move|p2b: Rillaboom|Grassy Glide|p1a: Chien-Pao\n|-damage|p1a: Chien-Pao|77\/100\n|move|p2a: Zacian|Behemoth Blade|p1a: Chien-Pao\n|-supereffective|p1a: Chien-Pao\n|-damage|p1a: Chien-Pao|0 fnt\n|faint|p1a: Chien-Pao\n|move|p1b: Ogerpon|Ivy Cudgel|p2a: Zacian|[anim] Ivy Cudgel Fire\n|-crit|p2a: Zacian\n|-damage|p2a: Zacian|22\/100\n|\n|-heal|p2a: Zacian|28\/100|[from] Grassy Terrain\n|-heal|p2b: Rillaboom|16\/100 brn|[from] Grassy Terrain\n|-damage|p2b: Rillaboom|11\/100 brn|[from] brn\n|-fieldend|move: Grassy Terrain\n|upkeep\n|\n|t:|1738597969\n|switch|p1a: Miraidon|Miraidon, L50, tera:Fairy|76\/100\n|-fieldstart|move: Electric Terrain|[from] ability: Hadron Engine|[of] p1a: Miraidon\n|turn|7\n|j| Oscar Norris\n|\n|t:|1738597986\n|move|p1b: Ogerpon|Follow Me|p1b: Ogerpon\n|-singleturn|p1b: Ogerpon|move: Follow Me\n|move|p2a: Zacian|Behemoth Blade|p1b: Ogerpon\n|-resisted|p1b: Ogerpon\n|-damage|p1b: Ogerpon|52\/100\n|move|p1a: Miraidon|Dazzling Gleam|p2a: Zacian|[spread] p2a,p2b\n|-damage|p2a: Zacian|0 fnt\n|-damage|p2b: Rillaboom|0 fnt\n|faint|p2a: Zacian\n|faint|p2b: Rillaboom\n|\n|upkeep\n|\n|t:|1738597991\n|switch|p2b: Regidrago|Regidrago, L50|100\/100\n|turn|8\n|\n|t:|1738597997\n|move|p1b: Ogerpon|Follow Me|p1b: Ogerpon\n|-singleturn|p1b: Ogerpon|move: Follow Me\n|move|p1a: Miraidon|Dazzling Gleam|p2b: Regidrago\n|-supereffective|p2b: Regidrago\n|-damage|p2b: Regidrago|0 fnt\n|faint|p2b: Regidrago\n|\n|win|bidoofutopia\n|raw|bidoofutopia's rating: 1519 &rarr; <strong>1545<\/strong><br \/>(+26 for winning)\n|raw|trchlt1's rating: 1629 &rarr; <strong>1603<\/strong><br \/>(-26 for losing)\n|l|\u2606trchlt1\n|player|p2|\n|c|\u2606bidoofutopia|gg\n|l|\u2606bidoofutopia\n|player|p1|\n|l| Oscar Norris\n","uploadtime":1738598153,"views":6,"formatid":"gen9vgc2025regg","rating":1545,"private":0,"password":null}