{"id":"gen9vgc2025regg-2293418573","format":"[Gen 9] VGC 2025 Reg G","players":["RICHARDHAVOC","elvegis1"],"log":"|j|\u2606RICHARDHAVOC\n|j|\u2606elvegis1\n|t:|1738567773\n|gametype|doubles\n|player|p1|RICHARDHAVOC|brycen|1632\n|player|p2|elvegis1|lucas|1663\n|teamsize|p1|6\n|teamsize|p2|6\n|gen|9\n|tier|[Gen 9] VGC 2025 Reg G\n|rated|\n|rule|Species Clause: Limit one of each Pok\u00e9mon\n|rule|Item Clause: Limit 1 of each item\n|clearpoke\n|poke|p1|Zamazenta-*, L50|\n|poke|p1|Volcarona, L50, M|\n|poke|p1|Chien-Pao, L50|\n|poke|p1|Dragonite, L50, M|\n|poke|p1|Scream Tail, L50|\n|poke|p1|Landorus, L50, M|\n|poke|p2|Kyogre, L50|\n|poke|p2|Incineroar, L50, M|\n|poke|p2|Urshifu-*, L50, F|\n|poke|p2|Bronzong, L50|\n|poke|p2|Rillaboom, L50, M|\n|poke|p2|Landorus, L50, M|\n|teampreview|4\n|inactive|Battle timer is ON: inactive players will automatically lose when time's up. (requested by elvegis1)\n|inactive|RICHARDHAVOC has 60 seconds left.\n|inactive|elvegis1 has 60 seconds left.\n|\n|t:|1738567819\n|start\n|switch|p1a: CHAIRMAN|Dragonite, L50, M, shiny|100\/100\n|switch|p1b: Chien-Pao|Chien-Pao, L50|100\/100\n|switch|p2a: Bronzong|Bronzong, L50|100\/100\n|switch|p2b: Incineroar|Incineroar, L50, M|100\/100\n|-ability|p1b: Chien-Pao|Sword of Ruin\n|-ability|p2b: Incineroar|Intimidate|boost\n|-fail|p1a: CHAIRMAN|unboost|Attack|[from] ability: Inner Focus|[of] p1a: CHAIRMAN\n|-unboost|p1b: Chien-Pao|atk|1\n|turn|1\n|j| aimyon36\n|\n|t:|1738567842\n|-terastallize|p1a: CHAIRMAN|Normal\n|-terastallize|p2a: Bronzong|Water\n|move|p2b: Incineroar|Fake Out|p1b: Chien-Pao\n|-damage|p1b: Chien-Pao|86\/100\n|move|p1a: CHAIRMAN|Extreme Speed|p2b: Incineroar\n|-damage|p2b: Incineroar|28\/100\n|cant|p1b: Chien-Pao|flinch\n|move|p2a: Bronzong|Trick Room|p2a: Bronzong\n|-fieldstart|move: Trick Room|[of] p2a: Bronzong\n|\n|upkeep\n|turn|2\n|\n|t:|1738567862\n|move|p1a: CHAIRMAN|Extreme Speed|p2b: Incineroar\n|-damage|p2b: Incineroar|0 fnt\n|faint|p2b: Incineroar\n|move|p2a: Bronzong|Iron Defense|p2a: Bronzong\n|-boost|p2a: Bronzong|def|2\n|move|p1b: Chien-Pao|Throat Chop|p2a: Bronzong\n|-damage|p2a: Bronzong|88\/100\n|-start|p2a: Bronzong|Throat Chop|[silent]\n|-damage|p1b: Chien-Pao|70\/100|[from] item: Rocky Helmet|[of] p2a: Bronzong\n|\n|upkeep\n|\n|t:|1738567875\n|switch|p2b: Kyogre|Kyogre, L50|100\/100\n|-weather|RainDance|[from] ability: Drizzle|[of] p2b: Kyogre\n|turn|3\n|\n|t:|1738567891\n|switch|p1a: Volcarona|Volcarona, L50, M, shiny|100\/100\n|move|p2b: Kyogre|Protect|p2b: Kyogre\n|-singleturn|p2b: Kyogre|Protect\n|move|p1b: Chien-Pao|Protect|p1b: Chien-Pao\n|-singleturn|p1b: Chien-Pao|Protect\n|move|p2a: Bronzong|Body Press|p1a: Volcarona\n|-resisted|p1a: Volcarona\n|-damage|p1a: Volcarona|70\/100\n|-damage|p2a: Bronzong|71\/100|[from] item: Rocky Helmet|[of] p1a: Volcarona\n|\n|-weather|RainDance|[upkeep]\n|-end|p2a: Bronzong|Throat Chop|[silent]\n|upkeep\n|turn|4\n|inactive|RICHARDHAVOC has 30 seconds left.\n|j| Lavenderawa\n|\n|t:|1738567925\n|switch|p1b: Zamazenta|Zamazenta-Crowned, L50|100\/100\n|-ability|p1b: Zamazenta|Dauntless Shield|boost\n|-boost|p1b: Zamazenta|def|1\n|move|p1a: Volcarona|Rage Powder|p1a: Volcarona\n|-singleturn|p1a: Volcarona|move: Rage Powder\n|move|p2a: Bronzong|Iron Defense|p2a: Bronzong\n|-boost|p2a: Bronzong|def|2\n|move|p2b: Kyogre|Water Spout|p1b: Zamazenta|[spread] p1a,p1b\n|-supereffective|p1a: Volcarona\n|-damage|p1a: Volcarona|0 fnt\n|-damage|p1b: Zamazenta|35\/100\n|faint|p1a: Volcarona\n|\n|-weather|RainDance|[upkeep]\n|upkeep\n|\n|t:|1738567939\n|switch|p1a: CHAIRMAN|Dragonite, L50, M, shiny, tera:Normal|100\/100\n|turn|5\n|\n|t:|1738567951\n|move|p2b: Kyogre|Protect|p2b: Kyogre\n|-singleturn|p2b: Kyogre|Protect\n|move|p1a: CHAIRMAN|Extreme Speed|p2b: Kyogre\n|-activate|p2b: Kyogre|move: Protect\n|move|p2a: Bronzong|Body Press|p1a: CHAIRMAN\n|-supereffective|p1a: CHAIRMAN\n|-damage|p1a: CHAIRMAN|0 fnt\n|faint|p1a: CHAIRMAN\n|move|p1b: Zamazenta|Body Press|p2a: Bronzong\n|-damage|p2a: Bronzong|52\/100\n|-damage|p1b: Zamazenta|18\/100|[from] item: Rocky Helmet|[of] p2a: Bronzong\n|\n|-weather|RainDance|[upkeep]\n|-fieldend|move: Trick Room\n|upkeep\n|-message|RICHARDHAVOC forfeited.\n|\n|win|elvegis1\n|raw|RICHARDHAVOC's rating: 1632 &rarr; <strong>1614<\/strong><br \/>(-18 for losing)\n|raw|elvegis1's rating: 1663 &rarr; <strong>1681<\/strong><br \/>(+18 for winning)\n|l|\u2606RICHARDHAVOC\n|player|p1|\n|l|\u2606elvegis1\n|player|p2|\n|l| aimyon36\n|l| Lavenderawa\n","uploadtime":1738568216,"views":17,"formatid":"gen9vgc2025regg","rating":1614,"private":0,"password":null}