{"id":"gen9vgc2025regg-2293663627","format":"[Gen 9] VGC 2025 Reg G","players":["Mildly Displeased","Weakest blow"],"log":"|j|\u2606Mildly Displeased\n|j|\u2606Weakest blow\n|t:|1738603316\n|gametype|doubles\n|player|p1|Mildly Displeased|lillie|1588\n|player|p2|Weakest blow|depotagent|1654\n|teamsize|p1|6\n|teamsize|p2|6\n|gen|9\n|tier|[Gen 9] VGC 2025 Reg G\n|rated|\n|rule|Species Clause: Limit one of each Pok\u00e9mon\n|rule|Item Clause: Limit 1 of each item\n|clearpoke\n|poke|p1|Primarina, L50, M|\n|poke|p1|Talonflame, L50, F|\n|poke|p1|Zamazenta-*, L50|\n|poke|p1|Rillaboom, L50, F|\n|poke|p1|Iron Treads, L50|\n|poke|p1|Chien-Pao, L50|\n|poke|p2|Ditto, L50|\n|poke|p2|Iron Hands, L50|\n|poke|p2|Miraidon, L50|\n|poke|p2|Pelipper, L50, M|\n|poke|p2|Volcarona, L50, F|\n|poke|p2|Whimsicott, L50, M|\n|teampreview|4\n|inactive|Battle timer is ON: inactive players will automatically lose when time's up. (requested by Mildly Displeased)\n|\n|t:|1738603335\n|start\n|switch|p1a: Phoenix|Talonflame, L50, F, shiny|100\/100\n|switch|p1b: Tankie|Iron Treads, L50|100\/100\n|switch|p2a: Iron Hands|Iron Hands, L50|100\/100\n|switch|p2b: Miraidon|Miraidon, L50|100\/100\n|-fieldstart|move: Electric Terrain|[from] ability: Hadron Engine|[of] p2b: Miraidon\n|-activate|p1b: Tankie|ability: Quark Drive\n|-start|p1b: Tankie|quarkdrivespe\n|-activate|p2a: Iron Hands|ability: Quark Drive\n|-start|p2a: Iron Hands|quarkdriveatk\n|turn|1\n|\n|t:|1738603355\n|move|p2a: Iron Hands|Fake Out|p1b: Tankie\n|-resisted|p1b: Tankie\n|-damage|p1b: Tankie|91\/100\n|move|p1a: Phoenix|Tailwind|p1a: Phoenix\n|-sidestart|p1: Mildly Displeased|move: Tailwind\n|cant|p1b: Tankie|flinch\n|move|p2b: Miraidon|Electro Drift|p1a: Phoenix\n|-supereffective|p1a: Phoenix\n|-damage|p1a: Phoenix|0 fnt\n|faint|p1a: Phoenix\n|-damage|p2b: Miraidon|91\/100|[from] item: Life Orb\n|\n|upkeep\n|\n|t:|1738603361\n|switch|p1a: Pippin|Zamazenta-Crowned, L50|100\/100\n|-ability|p1a: Pippin|Dauntless Shield|boost\n|-boost|p1a: Pippin|def|1\n|turn|2\n|\n|t:|1738603382\n|move|p1b: Tankie|High Horsepower|p2b: Miraidon\n|-supereffective|p2b: Miraidon\n|-damage|p2b: Miraidon|9\/100\n|move|p1a: Pippin|Body Press|p2b: Miraidon\n|-damage|p2b: Miraidon|0 fnt\n|faint|p2b: Miraidon\n|move|p2a: Iron Hands|Drain Punch|p1b: Tankie\n|-supereffective|p1b: Tankie\n|-damage|p1b: Tankie|0 fnt\n|faint|p1b: Tankie\n|-end|p1b: Tankie|Quark Drive|[silent]\n|\n|upkeep\n|\n|t:|1738603395\n|switch|p2b: Ditto|Ditto, L50|100\/100\n|switch|p1b: Knotweed|Rillaboom, L50, F|100\/100\n|-fieldstart|move: Grassy Terrain|[from] ability: Grassy Surge|[of] p1b: Knotweed\n|-end|p2a: Iron Hands|Quark Drive\n|-transform|p2b: Ditto|p1a: Pippin|[from] ability: Imposter\n|-ability|p2b: Ditto|Dauntless Shield|boost\n|-boost|p2b: Ditto|def|1\n|turn|3\n|\n|t:|1738603413\n|-end|p2a: Iron Hands|Quark Drive|[silent]\n|switch|p2a: Volcarona|Volcarona, L50, F|100\/100\n|-terastallize|p1a: Pippin|Ghost\n|-terastallize|p2b: Ditto|Ghost\n|move|p1a: Pippin|Iron Defense|p1a: Pippin\n|-boost|p1a: Pippin|def|2\n|move|p1b: Knotweed|Wood Hammer|p2a: Volcarona\n|-resisted|p2a: Volcarona\n|-damage|p2a: Volcarona|74\/100\n|-damage|p1b: Knotweed|84\/100|[from] item: Rocky Helmet|[of] p2a: Volcarona\n|-damage|p1b: Knotweed|76\/100|[from] Recoil\n|-damage|p1b: Knotweed|66\/100|[from] item: Life Orb\n|move|p2b: Ditto|Iron Defense|p2b: Ditto\n|-boost|p2b: Ditto|def|2\n|\n|-heal|p1b: Knotweed|72\/100|[from] Grassy Terrain\n|-heal|p2a: Volcarona|80\/100|[from] Grassy Terrain\n|upkeep\n|turn|4\n|inactive|Weakest blow has 30 seconds left.\n|\n|t:|1738603439\n|move|p1a: Pippin|Body Press|p2a: Volcarona\n|-resisted|p2a: Volcarona\n|-damage|p2a: Volcarona|22\/100\n|-damage|p1a: Pippin|84\/100|[from] item: Rocky Helmet|[of] p2a: Volcarona\n|move|p1b: Knotweed|High Horsepower|p2a: Volcarona\n|-damage|p2a: Volcarona|0 fnt\n|-damage|p1b: Knotweed|56\/100|[from] item: Rocky Helmet|[of] p2a: Volcarona\n|faint|p2a: Volcarona\n|-damage|p1b: Knotweed|46\/100|[from] item: Life Orb\n|move|p2b: Ditto|Body Press|p1b: Knotweed\n|-crit|p1b: Knotweed\n|-damage|p1b: Knotweed|0 fnt\n|faint|p1b: Knotweed\n|\n|-heal|p1a: Pippin|90\/100|[from] Grassy Terrain\n|-sideend|p1: Mildly Displeased|move: Tailwind\n|upkeep\n|\n|t:|1738603457\n|switch|p2a: Iron Hands|Iron Hands, L50|100\/100\n|turn|5\n|\n|t:|1738603475\n|move|p2b: Ditto|Iron Defense|p2b: Ditto\n|-boost|p2b: Ditto|def|2\n|move|p1a: Pippin|Iron Defense|p1a: Pippin\n|-boost|p1a: Pippin|def|2\n|move|p2a: Iron Hands|Wild Charge|p1a: Pippin\n|-damage|p1a: Pippin|82\/100\n|-damage|p2a: Iron Hands|99\/100|[from] Recoil\n|\n|-heal|p1a: Pippin|88\/100|[from] Grassy Terrain\n|-heal|p2a: Iron Hands|100\/100|[from] Grassy Terrain\n|upkeep\n|turn|6\n|\n|t:|1738603492\n|move|p1a: Pippin|Body Press|p2a: Iron Hands\n|-damage|p2a: Iron Hands|0 fnt\n|faint|p2a: Iron Hands\n|-end|p2a: Iron Hands|Quark Drive|[silent]\n|move|p2b: Ditto|Iron Defense|p2b: Ditto\n|-boost|p2b: Ditto|def|0\n|\n|-heal|p1a: Pippin|94\/100|[from] Grassy Terrain\n|upkeep\n|turn|7\n|\n|t:|1738603505\n|move|p2b: Ditto|Wide Guard|p2b: Ditto\n|-singleturn|p2b: Ditto|Wide Guard\n|move|p1a: Pippin|Heavy Slam|p2b: Ditto\n|-damage|p2b: Ditto|98\/100\n|\n|-heal|p2b: Ditto|100\/100|[from] Grassy Terrain\n|-heal|p1a: Pippin|100\/100|[from] Grassy Terrain\n|-fieldend|move: Grassy Terrain\n|upkeep\n|turn|8\n|\n|t:|1738603518\n|move|p2b: Ditto|Wide Guard|p2b: Ditto\n|-singleturn|p2b: Ditto|Wide Guard\n|move|p1a: Pippin|Heavy Slam|p2b: Ditto\n|-damage|p2b: Ditto|97\/100\n|\n|upkeep\n|turn|9\n|\n|t:|1738603526\n|move|p1a: Pippin|Heavy Slam|p2b: Ditto\n|-damage|p2b: Ditto|94\/100\n|move|p2b: Ditto|Heavy Slam|p1a: Pippin\n|-damage|p1a: Pippin|97\/100\n|\n|upkeep\n|turn|10\n|\n|t:|1738603533\n|move|p2b: Ditto|Heavy Slam|p1a: Pippin\n|-damage|p1a: Pippin|94\/100\n|move|p1a: Pippin|Heavy Slam|p2b: Ditto\n|-crit|p2b: Ditto\n|-damage|p2b: Ditto|77\/100\n|\n|upkeep\n|turn|11\n|\n|t:|1738603541\n|move|p2b: Ditto|Heavy Slam|p1a: Pippin\n|-damage|p1a: Pippin|90\/100\n|move|p1a: Pippin|Heavy Slam|p2b: Ditto\n|-damage|p2b: Ditto|74\/100\n|\n|upkeep\n|turn|12\n|\n|t:|1738603550\n|move|p1a: Pippin|Heavy Slam|p2b: Ditto\n|-damage|p2b: Ditto|71\/100\n|move|p2b: Ditto|Iron Defense|p2b: Ditto\n|-boost|p2b: Ditto|def|0\n|\n|upkeep\n|turn|13\n|\n|t:|1738603557\n|move|p2b: Ditto|Iron Defense|p2b: Ditto\n|-boost|p2b: Ditto|def|0\n|move|p1a: Pippin|Heavy Slam|p2b: Ditto\n|-damage|p2b: Ditto|69\/100\n|\n|upkeep\n|turn|14\n|\n|t:|1738603568\n|move|p2b: Ditto|Wide Guard|p2b: Ditto\n|-singleturn|p2b: Ditto|Wide Guard\n|move|p1a: Pippin|Iron Defense|p1a: Pippin\n|-boost|p1a: Pippin|def|1\n|\n|upkeep\n|turn|15\n|\n|t:|1738603574\n|move|p2b: Ditto|Wide Guard|p2b: Ditto\n|-singleturn|p2b: Ditto|Wide Guard\n|move|p1a: Pippin|Iron Defense|p1a: Pippin\n|-boost|p1a: Pippin|def|0\n|\n|upkeep\n|turn|16\n|\n|t:|1738603580\n|move|p1a: Pippin|Iron Defense|p1a: Pippin\n|-boost|p1a: Pippin|def|0\n|move|p2b: Ditto|Body Press|p1a: Pippin\n|-immune|p1a: Pippin\n|\n|upkeep\n|turn|17\n|\n|t:|1738603587\n|move|p2b: Ditto|Body Press|p1a: Pippin\n|-immune|p1a: Pippin\n|move|p1a: Pippin|Iron Defense|p1a: Pippin\n|-boost|p1a: Pippin|def|0\n|\n|upkeep\n|turn|18\n|-message|Weakest blow forfeited.\n|\n|win|Mildly Displeased\n|raw|Mildly Displeased's rating: 1568 &rarr; <strong>1593<\/strong><br \/>(+25 for winning)\n|raw|Weakest blow's rating: 1654 &rarr; <strong>1629<\/strong><br \/>(-25 for losing)\n","uploadtime":1738603603,"views":26,"formatid":"gen9vgc2025regg","rating":1593,"private":0,"password":null}