{"id":"gen9vgc2025regg-2293962588","format":"[Gen 9] VGC 2025 Reg G","players":["mady1mp","PokemonBreederJoey"],"log":"|j|\u2606mady1mp\n|j|\u2606PokemonBreederJoey\n|t:|1738636864\n|gametype|doubles\n|player|p1|mady1mp|169|1559\n|player|p2|PokemonBreederJoey|266|1504\n|teamsize|p1|6\n|teamsize|p2|6\n|gen|9\n|tier|[Gen 9] VGC 2025 Reg G\n|rated|\n|rule|Species Clause: Limit one of each Pok\u00e9mon\n|rule|Item Clause: Limit 1 of each item\n|clearpoke\n|poke|p1|Calyrex-Ice, L50|\n|poke|p1|Heatran, L50, M|\n|poke|p1|Iron Valiant, L50|\n|poke|p1|Annihilape, L50, M|\n|poke|p1|Sinistcha, L50|\n|poke|p1|Indeedee-F, L50, F|\n|poke|p2|Kyogre, L50|\n|poke|p2|Tornadus, L50, M|\n|poke|p2|Farigiraf, L50, F|\n|poke|p2|Chi-Yu, L50|\n|poke|p2|Archaludon, L50, F|\n|poke|p2|Iron Valiant, L50|\n|teampreview|4\n|inactive|Battle timer is ON: inactive players will automatically lose when time's up. (requested by mady1mp)\n|\n|t:|1738636907\n|start\n|switch|p1a: Heatran|Heatran, L50, M|100\/100\n|switch|p1b: Iron Valiant|Iron Valiant, L50|100\/100\n|switch|p2a: Iron Valiant|Iron Valiant, L50|100\/100\n|switch|p2b: Kyogre|Kyogre, L50|100\/100\n|-weather|RainDance|[from] ability: Drizzle|[of] p2b: Kyogre\n|-enditem|p2a: Iron Valiant|Booster Energy\n|-activate|p2a: Iron Valiant|ability: Quark Drive|[fromitem]\n|-start|p2a: Iron Valiant|quarkdrivespe\n|-enditem|p1b: Iron Valiant|Booster Energy\n|-activate|p1b: Iron Valiant|ability: Quark Drive|[fromitem]\n|-start|p1b: Iron Valiant|quarkdrivespe\n|turn|1\n|inactive|mady1mp has 30 seconds left.\n|inactive|PokemonBreederJoey has 30 seconds left.\n|inactive|mady1mp has 20 seconds left.\n|\n|t:|1738636943\n|-terastallize|p1a: Heatran|Grass\n|move|p2a: Iron Valiant|Taunt|p1b: Iron Valiant\n|-start|p1b: Iron Valiant|move: Taunt\n|move|p1b: Iron Valiant|Moonblast|p2a: Iron Valiant\n|-supereffective|p2a: Iron Valiant\n|-damage|p2a: Iron Valiant|0 fnt\n|faint|p2a: Iron Valiant\n|-end|p2a: Iron Valiant|Quark Drive|[silent]\n|move|p2b: Kyogre|Water Spout|p1a: Heatran|[spread] p1a,p1b\n|-resisted|p1a: Heatran\n|-damage|p1a: Heatran|62\/100\n|-damage|p1b: Iron Valiant|0 fnt\n|faint|p1b: Iron Valiant\n|-end|p1b: Iron Valiant|Quark Drive|[silent]\n|move|p1a: Heatran|Iron Head|p2b: Kyogre\n|-resisted|p2b: Kyogre\n|-damage|p2b: Kyogre|89\/100\n|\n|-weather|RainDance|[upkeep]\n|upkeep\n|\n|t:|1738636968\n|switch|p2a: Archaludon|Archaludon, L50, F|100\/100\n|switch|p1b: Sinistcha|Sinistcha, L50|100\/100\n|-heal|p1a: Heatran|87\/100|[from] ability: Hospitality|[of] p1b: Sinistcha\n|turn|2\n|j| Therazer456\n|\n|t:|1738636984\n|switch|p2b: Tornadus|Tornadus, L50, M|100\/100\n|move|p1a: Heatran|Body Press|p2a: Archaludon\n|-supereffective|p2a: Archaludon\n|-damage|p2a: Archaludon|68\/100\n|-ability|p2a: Archaludon|Stamina|boost\n|-boost|p2a: Archaludon|def|1\n|move|p2a: Archaludon|Electro Shot||[still]\n|-prepare|p2a: Archaludon|Electro Shot\n|-boost|p2a: Archaludon|spa|1\n|-anim|p2a: Archaludon|Electro Shot|p1b: Sinistcha\n|-resisted|p1b: Sinistcha\n|-damage|p1b: Sinistcha|72\/100\n|move|p1b: Sinistcha|Trick Room|p1b: Sinistcha\n|-fieldstart|move: Trick Room|[of] p1b: Sinistcha\n|\n|-weather|RainDance|[upkeep]\n|upkeep\n|turn|3\n|inactive|mady1mp has 30 seconds left.\n|\n|t:|1738637015\n|move|p1b: Sinistcha|Matcha Gotcha|p2b: Tornadus|[spread] p2a,p2b\n|-resisted|p2a: Archaludon\n|-resisted|p2b: Tornadus\n|-damage|p2a: Archaludon|63\/100\n|-heal|p1b: Sinistcha|74\/100|[from] drain|[of] p2a: Archaludon\n|-damage|p2b: Tornadus|84\/100\n|-heal|p1b: Sinistcha|82\/100|[from] drain|[of] p2b: Tornadus\n|-ability|p2a: Archaludon|Stamina|boost\n|-boost|p2a: Archaludon|def|1\n|move|p2a: Archaludon|Electro Shot||[still]\n|-prepare|p2a: Archaludon|Electro Shot\n|-boost|p2a: Archaludon|spa|1\n|-anim|p2a: Archaludon|Electro Shot|p1b: Sinistcha\n|-resisted|p1b: Sinistcha\n|-damage|p1b: Sinistcha|39\/100\n|-enditem|p1b: Sinistcha|Sitrus Berry|[eat]\n|-heal|p1b: Sinistcha|64\/100|[from] item: Sitrus Berry\n|move|p1a: Heatran|Iron Head|p2b: Tornadus\n|-damage|p2b: Tornadus|47\/100\n|move|p2b: Tornadus|Bleakwind Storm|p1a: Heatran|[spread] p1a,p1b\n|-supereffective|p1a: Heatran\n|-supereffective|p1b: Sinistcha\n|-damage|p1a: Heatran|43\/100\n|-damage|p1b: Sinistcha|0 fnt\n|-unboost|p1a: Heatran|spe|1\n|faint|p1b: Sinistcha\n|\n|-weather|RainDance|[upkeep]\n|upkeep\n|\n|t:|1738637037\n|switch|p1b: Calyrex|Calyrex-Ice, L50|100\/100\n|-ability|p1b: Calyrex|As One\n|-ability|p1b: Calyrex|Unnerve\n|turn|4\n|inactive|PokemonBreederJoey has 30 seconds left.\n|\n|t:|1738637064\n|-terastallize|p2a: Archaludon|Fairy\n|move|p1a: Heatran|Body Press|p2a: Archaludon\n|-resisted|p2a: Archaludon\n|-damage|p2a: Archaludon|59\/100\n|-ability|p2a: Archaludon|Stamina|boost\n|-boost|p2a: Archaludon|def|1\n|move|p1b: Calyrex|Glacial Lance|p2a: Archaludon|[spread] p2a,p2b\n|-supereffective|p2b: Tornadus\n|-damage|p2a: Archaludon|43\/100\n|-damage|p2b: Tornadus|0 fnt\n|-ability|p2a: Archaludon|Stamina|boost\n|-boost|p2a: Archaludon|def|1\n|faint|p2b: Tornadus\n|-ability|p1b: Calyrex|Chilling Neigh|boost\n|-boost|p1b: Calyrex|atk|1\n|move|p2a: Archaludon|Flash Cannon|p1b: Calyrex\n|-supereffective|p1b: Calyrex\n|-damage|p1b: Calyrex|1\/100\n|\n|-weather|RainDance|[upkeep]\n|upkeep\n|\n|t:|1738637075\n|switch|p2b: Kyogre|Kyogre, L50|89\/100\n|turn|5\n|\n|t:|1738637091\n|move|p2b: Kyogre|Protect|p2b: Kyogre\n|-singleturn|p2b: Kyogre|Protect\n|move|p1a: Heatran|Iron Head|p2a: Archaludon\n|-supereffective|p2a: Archaludon\n|-damage|p2a: Archaludon|30\/100\n|-ability|p2a: Archaludon|Stamina|boost\n|-boost|p2a: Archaludon|def|1\n|move|p1b: Calyrex|Glacial Lance|p2b: Kyogre|[spread] p2a\n|-activate|p2b: Kyogre|move: Protect\n|-damage|p2a: Archaludon|13\/100\n|-ability|p2a: Archaludon|Stamina|boost\n|-boost|p2a: Archaludon|def|1\n|move|p2a: Archaludon|Flash Cannon|p1b: Calyrex\n|-supereffective|p1b: Calyrex\n|-damage|p1b: Calyrex|0 fnt\n|faint|p1b: Calyrex\n|\n|-weather|none\n|upkeep\n|turn|6\n|\n|t:|1738637111\n|move|p1a: Heatran|Iron Head|p2a: Archaludon\n|-supereffective|p2a: Archaludon\n|-damage|p2a: Archaludon|3\/100\n|move|p2a: Archaludon|Body Press|p1a: Heatran\n|-damage|p1a: Heatran|0 fnt\n|faint|p1a: Heatran\n|\n|win|PokemonBreederJoey\n|raw|mady1mp's rating: 1559 &rarr; <strong>1536<\/strong><br \/>(-23 for losing)\n|raw|PokemonBreederJoey's rating: 1504 &rarr; <strong>1527<\/strong><br \/>(+23 for winning)\n|l|\u2606mady1mp\n|player|p1|\n|l|\u2606PokemonBreederJoey\n|player|p2|\n","uploadtime":1738637362,"views":5,"formatid":"gen9vgc2025regg","rating":1527,"private":0,"password":null}