{"id":"gen9vgc2025regg-2293094731","format":"[Gen 9] VGC 2025 Reg G","players":["Luh_simoes-04","LunarLooser"],"log":"|j|\u2606Luh_simoes-04\n|j|\u203dLunarLooser\n|t:|1738522962\n|gametype|doubles\n|player|p1|Luh_simoes-04|drayden|1568\n|player|p2|LunarLooser|1|1548\n|teamsize|p1|6\n|teamsize|p2|6\n|gen|9\n|tier|[Gen 9] VGC 2025 Reg G\n|rated|\n|rule|Species Clause: Limit one of each Pok\u00e9mon\n|rule|Item Clause: Limit 1 of each item\n|clearpoke\n|poke|p1|Indeedee-F, L50, F|\n|poke|p1|Calyrex-Ice, L50|\n|poke|p1|Urshifu-*, L50, M|\n|poke|p1|Chandelure, L50, F|\n|poke|p1|Tsareena, L50, F|\n|poke|p1|Enamorus-Therian, L50, F|\n|poke|p2|Kyogre, L50|\n|poke|p2|Tsareena, L50, F|\n|poke|p2|Urshifu-*, L50, M|\n|poke|p2|Landorus, L50, M|\n|poke|p2|Tornadus, L50, M|\n|poke|p2|Raging Bolt, L50|\n|teampreview|4\n|inactive|Battle timer is ON: inactive players will automatically lose when time's up. (requested by LunarLooser)\n|inactive|Luh_simoes-04 also wants the timer to be on.\n|inactive|LunarLooser has 60 seconds left.\n|\n|t:|1738523001\n|start\n|switch|p1a: Urshifu|Urshifu-Rapid-Strike, L50, M|100\/100\n|switch|p1b: Calyrex|Calyrex-Ice, L50|100\/100\n|switch|p2a: Kyogre|Kyogre, L50|100\/100\n|switch|p2b: Tornadus|Tornadus, L50, M|100\/100\n|-ability|p1b: Calyrex|As One\n|-ability|p1b: Calyrex|Unnerve\n|-weather|RainDance|[from] ability: Drizzle|[of] p2a: Kyogre\n|turn|1\n|inactive|Luh_simoes-04 has 30 seconds left.\n|\n|t:|1738523034\n|-terastallize|p2a: Kyogre|Water\n|move|p1b: Calyrex|Protect|p1b: Calyrex\n|-singleturn|p1b: Calyrex|Protect\n|move|p2b: Tornadus|Tailwind|p2b: Tornadus\n|-sidestart|p2: LunarLooser|move: Tailwind\n|move|p2a: Kyogre|Water Spout|p1b: Calyrex|[spread] p1a\n|-activate|p1b: Calyrex|move: Protect\n|-resisted|p1a: Urshifu\n|-damage|p1a: Urshifu|0 fnt\n|faint|p1a: Urshifu\n|\n|-weather|RainDance|[upkeep]\n|upkeep\n|l|\u203dLunarLooser\n|inactive|LunarLooser disconnected and has a minute to reconnect!\n|player|p2|\n|\n|t:|1738523055\n|switch|p1a: Tsareena|Tsareena, L50, F|100\/100\n|turn|2\n|j|\u203dLunarLooser\n|inactive|LunarLooser reconnected and has 55 seconds left.\n|player|p2|LunarLooser|1|\n|n|\u203dLunarLooser|lunarlooser\n|\n|t:|1738523061\n|-terastallize|p1b: Calyrex|Water\n|move|p1a: Tsareena|Protect|p1a: Tsareena\n|-singleturn|p1a: Tsareena|Protect\n|move|p2a: Kyogre|Water Spout|p1b: Calyrex|[spread] p1b\n|-activate|p1a: Tsareena|move: Protect\n|-resisted|p1b: Calyrex\n|-damage|p1b: Calyrex|32\/100\n|move|p2b: Tornadus|Bleakwind Storm|p1b: Calyrex|[spread] p1b\n|-activate|p1a: Tsareena|move: Protect\n|-crit|p1b: Calyrex\n|-damage|p1b: Calyrex|3\/100\n|move|p1b: Calyrex|Trick Room|p1b: Calyrex\n|-fieldstart|move: Trick Room|[of] p1b: Calyrex\n|\n|-weather|RainDance|[upkeep]\n|upkeep\n|turn|3\n|\n|t:|1738523069\n|move|p1b: Calyrex|Glacial Lance|p2b: Tornadus|[spread] p2a,p2b\n|-resisted|p2a: Kyogre\n|-supereffective|p2b: Tornadus\n|-damage|p2a: Kyogre|70\/100\n|-damage|p2b: Tornadus|0 fnt\n|faint|p2b: Tornadus\n|-ability|p1b: Calyrex|Chilling Neigh|boost\n|-boost|p1b: Calyrex|atk|1\n|move|p1a: Tsareena|Power Whip|p2a: Kyogre\n|-supereffective|p2a: Kyogre\n|-damage|p2a: Kyogre|0 fnt\n|faint|p2a: Kyogre\n|\n|-weather|RainDance|[upkeep]\n|upkeep\n|\n|t:|1738523072\n|switch|p2b: Tsareena|Tsareena, L50, F|100\/100\n|switch|p2a: Urshifu|Urshifu-Rapid-Strike, L50, M|100\/100\n|turn|4\n|inactive|Luh_simoes-04 has 30 seconds left.\n|\n|t:|1738523097\n|move|p1b: Calyrex|Glacial Lance|p2b: Tsareena|[spread] p2a,p2b\n|-resisted|p2a: Urshifu\n|-supereffective|p2b: Tsareena\n|-damage|p2a: Urshifu|59\/100\n|-enditem|p2b: Tsareena|Focus Sash\n|-damage|p2b: Tsareena|1\/100\n|move|p1a: Tsareena|Power Whip|p2a: Urshifu\n|-supereffective|p2a: Urshifu\n|-damage|p2a: Urshifu|0 fnt\n|faint|p2a: Urshifu\n|move|p2b: Tsareena|Triple Axel|p1a: Tsareena\n|-supereffective|p1a: Tsareena\n|-damage|p1a: Tsareena|87\/100\n|-hitcount|p1a: Tsareena|1\n|\n|-weather|RainDance|[upkeep]\n|-sideend|p2: LunarLooser|move: Tailwind\n|upkeep\n|turn|5\n|-message|LunarLooser forfeited.\n|\n|win|Luh_simoes-04\n|raw|Luh_simoes-04's rating: 1568 &rarr; <strong>1587<\/strong><br \/>(+19 for winning)\n|raw|LunarLooser's rating: 1548 &rarr; <strong>1529<\/strong><br \/>(-19 for losing)\n|l|\u203dLunarLooser\n|player|p2|\n|l|\u2606Luh_simoes-04\n|player|p1|\n","uploadtime":1738523360,"views":12,"formatid":"gen9vgc2025regg","rating":1529,"private":0,"password":null}