{"id":"gen9vgc2025regg-2293674410","format":"[Gen 9] VGC 2025 Reg G","players":["ekalsow","MarceloCe13"],"log":"|j|\u2606ekalsow\n|j|\u2606MarceloCe13\n|t:|1738604388\n|gametype|doubles\n|player|p1|ekalsow|gambler|1614\n|player|p2|MarceloCe13|265|1544\n|teamsize|p1|6\n|teamsize|p2|6\n|gen|9\n|tier|[Gen 9] VGC 2025 Reg G\n|rated|\n|rule|Species Clause: Limit one of each Pok\u00e9mon\n|rule|Item Clause: Limit 1 of each item\n|clearpoke\n|poke|p1|Pelipper, L50, M|\n|poke|p1|Zacian-*, L50|\n|poke|p1|Kingambit, L50, F|\n|poke|p1|Rillaboom, L50, M|\n|poke|p1|Farigiraf, L50, M|\n|poke|p1|Ogerpon-Hearthflame, L50, F|\n|poke|p2|Torkoal, L50, M|\n|poke|p2|Armarouge, L50, M|\n|poke|p2|Roaring Moon, L50|\n|poke|p2|Calyrex-Ice, L50|\n|poke|p2|Indeedee-F, L50, F|\n|poke|p2|Annihilape, L50, F|\n|teampreview|4\n|\n|t:|1738604418\n|start\n|switch|p1a: Farigiraf|Farigiraf, L50, M|100\/100\n|switch|p1b: Zacian|Zacian-Crowned, L50|100\/100\n|switch|p2a: Calyrex|Calyrex-Ice, L50|100\/100\n|switch|p2b: Indeedee|Indeedee-F, L50, F|100\/100\n|-ability|p2a: Calyrex|As One\n|-ability|p2a: Calyrex|Unnerve\n|-ability|p1b: Zacian|Intrepid Sword|boost\n|-boost|p1b: Zacian|atk|1\n|-fieldstart|move: Psychic Terrain|[from] ability: Psychic Surge|[of] p2b: Indeedee\n|turn|1\n|j| 17 character name\n|inactive|Battle timer is ON: inactive players will automatically lose when time's up. (requested by MarceloCe13)\n|\n|t:|1738604482\n|move|p2b: Indeedee|Follow Me|p2b: Indeedee\n|-singleturn|p2b: Indeedee|move: Follow Me\n|move|p1b: Zacian|Behemoth Blade|p2b: Indeedee\n|-damage|p2b: Indeedee|19\/100\n|-damage|p1b: Zacian|84\/100|[from] item: Rocky Helmet|[of] p2b: Indeedee\n|move|p1a: Farigiraf|Hyper Voice|p2b: Indeedee|[spread] p2a,p2b\n|-damage|p2a: Calyrex|77\/100\n|-damage|p2b: Indeedee|0 fnt\n|faint|p2b: Indeedee\n|-enditem|p1a: Farigiraf|Throat Spray\n|-boost|p1a: Farigiraf|spa|1|[from] item: Throat Spray\n|move|p2a: Calyrex|High Horsepower|p1b: Zacian\n|-supereffective|p1b: Zacian\n|-damage|p1b: Zacian|15\/100\n|\n|upkeep\n|\n|t:|1738604507\n|switch|p2b: Armarouge|Armarouge, L50, M|100\/100\n|turn|2\n|inactive|MarceloCe13 has 30 seconds left.\n|inactive|MarceloCe13 has 20 seconds left.\n|inactive|MarceloCe13 has 15 seconds left.\n|inactive|MarceloCe13 has 10 seconds left.\n|\n|t:|1738604553\n|move|p1b: Zacian|Protect|p1b: Zacian\n|-singleturn|p1b: Zacian|Protect\n|move|p2a: Calyrex|Protect|p2a: Calyrex\n|-singleturn|p2a: Calyrex|Protect\n|move|p2b: Armarouge|Heat Wave|p1b: Zacian|[spread] \n|-activate|p1b: Zacian|move: Protect\n|-miss|p2b: Armarouge|p1a: Farigiraf\n|move|p1a: Farigiraf|Hyper Voice|p2a: Calyrex|[spread] p2b\n|-activate|p2a: Calyrex|move: Protect\n|-damage|p2b: Armarouge|43\/100\n|\n|upkeep\n|turn|3\n|\n|t:|1738604578\n|switch|p2a: Torkoal|Torkoal, L50, M|100\/100\n|-weather|SunnyDay|[from] ability: Drought|[of] p2a: Torkoal\n|move|p1b: Zacian|Play Rough|p2a: Torkoal\n|-resisted|p2a: Torkoal\n|-damage|p2a: Torkoal|72\/100\n|move|p2b: Armarouge|Heat Wave|p1b: Zacian|[spread] p1a,p1b\n|-supereffective|p1b: Zacian\n|-damage|p1a: Farigiraf|40\/100\n|-damage|p1b: Zacian|0 fnt\n|faint|p1b: Zacian\n|move|p1a: Farigiraf|Hyper Voice|p2b: Armarouge|[spread] p2a,p2b\n|-damage|p2a: Torkoal|3\/100\n|-damage|p2b: Armarouge|0 fnt\n|faint|p2b: Armarouge\n|\n|-weather|SunnyDay|[upkeep]\n|upkeep\n|\n|t:|1738604591\n|switch|p1b: Pelipper|Pelipper, L50, M|100\/100\n|switch|p2b: Calyrex|Calyrex-Ice, L50|77\/100\n|-ability|p2b: Calyrex|As One\n|-ability|p2b: Calyrex|Unnerve\n|-weather|RainDance|[from] ability: Drizzle|[of] p1b: Pelipper\n|turn|4\n|\n|t:|1738604611\n|move|p1b: Pelipper|Weather Ball|p2a: Torkoal\n|-supereffective|p2a: Torkoal\n|-crit|p2a: Torkoal\n|-damage|p2a: Torkoal|0 fnt\n|faint|p2a: Torkoal\n|move|p1a: Farigiraf|Hyper Voice|p2b: Calyrex\n|-damage|p2b: Calyrex|37\/100\n|move|p2b: Calyrex|Trick Room|p2b: Calyrex\n|-fieldstart|move: Trick Room|[of] p2b: Calyrex\n|\n|-weather|RainDance|[upkeep]\n|upkeep\n|turn|5\n|c|\u2606ekalsow|gg\n|\n|t:|1738604623\n|move|p1b: Pelipper|Wide Guard|p1b: Pelipper\n|-singleturn|p1b: Pelipper|Wide Guard\n|move|p2b: Calyrex|High Horsepower|p1a: Farigiraf\n|-damage|p1a: Farigiraf|0 fnt\n|faint|p1a: Farigiraf\n|-ability|p2b: Calyrex|Chilling Neigh|boost\n|-boost|p2b: Calyrex|atk|1\n|\n|-weather|RainDance|[upkeep]\n|-fieldend|move: Psychic Terrain\n|upkeep\n|\n|t:|1738604627\n|switch|p1a: Kingambit|Kingambit, L50, F|100\/100\n|turn|6\n|\n|t:|1738604634\n|-terastallize|p1a: Kingambit|Dark\n|-terastallize|p2b: Calyrex|Water\n|move|p1a: Kingambit|Kowtow Cleave|p2b: Calyrex\n|-damage|p2b: Calyrex|0 fnt\n|faint|p2b: Calyrex\n|\n|win|ekalsow\n|raw|ekalsow's rating: 1614 &rarr; <strong>1630<\/strong><br \/>(+16 for winning)\n|raw|MarceloCe13's rating: 1544 &rarr; <strong>1528<\/strong><br \/>(-16 for losing)\n|l|\u2606MarceloCe13\n|player|p2|\n|l|\u2606ekalsow\n|player|p1|\n|l| 17 character name\n","uploadtime":1738604771,"views":11,"formatid":"gen9vgc2025regg","rating":1528,"private":0,"password":null}