{"id":"gen9vgc2025regg-2293975759","format":"[Gen 9] VGC 2025 Reg G","players":["hdoot","sibylla_system"],"log":"|j|\u2606hdoot\n|j|\u2606sibylla_system\n|t:|1738638642\n|gametype|doubles\n|player|p1|hdoot|cilan|1589\n|player|p2|sibylla_system|2|1654\n|teamsize|p1|6\n|teamsize|p2|6\n|gen|9\n|tier|[Gen 9] VGC 2025 Reg G\n|rated|\n|rule|Species Clause: Limit one of each Pok\u00e9mon\n|rule|Item Clause: Limit 1 of each item\n|clearpoke\n|poke|p1|Groudon, L50|\n|poke|p1|Iron Valiant, L50|\n|poke|p1|Sableye, L50, M|\n|poke|p1|Chien-Pao, L50|\n|poke|p1|Ogerpon-Cornerstone, L50, F|\n|poke|p1|Rillaboom, L50, M|\n|poke|p2|Terapagos, L50, M|\n|poke|p2|Whimsicott, L50, M|\n|poke|p2|Incineroar, L50, M|\n|poke|p2|Urshifu-*, L50, F|\n|poke|p2|Flutter Mane, L50|\n|poke|p2|Landorus, L50, M|\n|teampreview|4\n|j| TheBeanTester\n|inactive|Battle timer is ON: inactive players will automatically lose when time's up. (requested by hdoot)\n|inactive|sibylla_system has 60 seconds left.\n|\n|t:|1738638712\n|start\n|switch|p1a: Iron Valiant|Iron Valiant, L50, shiny|100\/100\n|switch|p1b: Sableye|Sableye, L50, M|100\/100\n|switch|p2a: Terapagos|Terapagos, L50, M|100\/100\n|switch|p2b: Flutter Mane|Flutter Mane, L50|100\/100\n|-activate|p2a: Terapagos|ability: Tera Shift\n|detailschange|p2a: Terapagos|Terapagos-Terastal, L50, M\n|-heal|p2a: Terapagos|100\/100|[silent]\n|-enditem|p2b: Flutter Mane|Booster Energy\n|-activate|p2b: Flutter Mane|ability: Protosynthesis|[fromitem]\n|-start|p2b: Flutter Mane|protosynthesisspe\n|-enditem|p1a: Iron Valiant|Booster Energy\n|-activate|p1a: Iron Valiant|ability: Quark Drive|[fromitem]\n|-start|p1a: Iron Valiant|quarkdrivespe\n|turn|1\n|inactive|sibylla_system has 30 seconds left.\n|inactive|sibylla_system has 20 seconds left.\n|inactive|sibylla_system has 15 seconds left.\n|inactive|sibylla_system has 10 seconds left.\n|\n|t:|1738638759\n|-terastallize|p2a: Terapagos|Stellar\n|detailschange|p2a: Terapagos|Terapagos-Stellar, L50, M, tera:Stellar\n|-heal|p2a: Terapagos|100\/100|[silent]\n|move|p1b: Sableye|Gravity|p1b: Sableye\n|-fieldstart|move: Gravity\n|move|p2b: Flutter Mane|Moonblast|p1a: Iron Valiant\n|-supereffective|p1a: Iron Valiant\n|-damage|p1a: Iron Valiant|1\/100\n|-unboost|p1a: Iron Valiant|spa|1\n|move|p1a: Iron Valiant|Hypnosis|p2a: Terapagos\n|-status|p2a: Terapagos|slp|[from] move: Hypnosis\n|cant|p2a: Terapagos|slp\n|\n|upkeep\n|turn|2\n|inactive|hdoot has 30 seconds left.\n|inactive|sibylla_system has 30 seconds left.\n|\n|t:|1738638786\n|move|p1b: Sableye|Disable|p2b: Flutter Mane\n|-start|p2b: Flutter Mane|Disable|Moonblast\n|cant|p2b: Flutter Mane|Disable|Moonblast\n|move|p1a: Iron Valiant|Hypnosis|p2b: Flutter Mane\n|-status|p2b: Flutter Mane|slp|[from] move: Hypnosis\n|cant|p2a: Terapagos|slp\n|\n|upkeep\n|turn|3\n|\n|t:|1738638806\n|switch|p1b: Groudon|Groudon, L50, shiny|100\/100\n|-weather|SunnyDay|[from] ability: Drought|[of] p1b: Groudon\n|move|p1a: Iron Valiant|Wide Guard|p1a: Iron Valiant\n|-singleturn|p1a: Iron Valiant|Wide Guard\n|cant|p2b: Flutter Mane|slp\n|-curestatus|p2a: Terapagos|slp|[msg]\n|move|p2a: Terapagos|Tera Starstorm|p1a: Iron Valiant|[spread] \n|-activate|p1a: Iron Valiant|move: Wide Guard\n|-activate|p1b: Groudon|move: Wide Guard\n|\n|-weather|SunnyDay|[upkeep]\n|upkeep\n|turn|4\n|inactive|sibylla_system has 30 seconds left.\n|inactive|sibylla_system has 20 seconds left.\n|inactive|sibylla_system has 15 seconds left.\n|inactive|sibylla_system has 10 seconds left.\n|inactive|sibylla_system has 5 seconds left.\n|\n|t:|1738638863\n|switch|p2a: Incineroar|Incineroar, L50, M|100\/100\n|-ability|p2a: Incineroar|Intimidate|boost\n|-unboost|p1a: Iron Valiant|atk|1\n|-unboost|p1b: Groudon|atk|1\n|cant|p2b: Flutter Mane|slp\n|move|p1a: Iron Valiant|Coaching|p1b: Groudon\n|-boost|p1b: Groudon|atk|1\n|-boost|p1b: Groudon|def|1\n|move|p1b: Groudon|Precipice Blades|p2a: Incineroar|[spread] p2a,p2b\n|-supereffective|p2a: Incineroar\n|-damage|p2a: Incineroar|29\/100\n|-damage|p2b: Flutter Mane|33\/100 slp\n|\n|-weather|SunnyDay|[upkeep]\n|upkeep\n|turn|5\n|j| Salvato1902V\n|inactive|sibylla_system has 30 seconds left.\n|\n|t:|1738638890\n|-terastallize|p1a: Iron Valiant|Ghost\n|move|p2a: Incineroar|Fake Out|p1a: Iron Valiant\n|-immune|p1a: Iron Valiant\n|-curestatus|p2b: Flutter Mane|slp|[msg]\n|move|p2b: Flutter Mane|Icy Wind|p1b: Groudon|[spread] p1a,p1b\n|-supereffective|p1b: Groudon\n|-damage|p1a: Iron Valiant|0 fnt\n|-damage|p1b: Groudon|74\/100\n|-unboost|p1b: Groudon|spe|1\n|faint|p1a: Iron Valiant\n|-end|p1a: Iron Valiant|Quark Drive|[silent]\n|move|p1b: Groudon|Precipice Blades|p2b: Flutter Mane|[spread] p2a,p2b\n|-supereffective|p2a: Incineroar\n|-damage|p2a: Incineroar|0 fnt\n|-damage|p2b: Flutter Mane|0 fnt\n|faint|p2a: Incineroar\n|faint|p2b: Flutter Mane\n|-end|p2b: Flutter Mane|Protosynthesis|[silent]\n|\n|-weather|SunnyDay|[upkeep]\n|-fieldend|move: Gravity\n|upkeep\n|\n|t:|1738638905\n|switch|p2b: Whimsicott|Whimsicott, L50, M|100\/100\n|switch|p1a: Sableye|Sableye, L50, M|100\/100\n|switch|p2a: Terapagos|Terapagos-Stellar, L50, M, tera:Stellar|100\/100\n|turn|6\n|\n|t:|1738638926\n|move|p2b: Whimsicott|Fake Tears|p1b: Groudon\n|-unboost|p1b: Groudon|spd|2\n|move|p1a: Sableye|Gravity|p1a: Sableye\n|-fieldstart|move: Gravity\n|move|p1b: Groudon|Precipice Blades|p2a: Terapagos|[spread] p2a,p2b\n|-resisted|p2b: Whimsicott\n|-damage|p2a: Terapagos|67\/100\n|-damage|p2b: Whimsicott|72\/100\n|move|p2a: Terapagos|Tera Starstorm|p1b: Groudon|[spread] p1a,p1b\n|-damage|p1a: Sableye|22\/100\n|-damage|p1b: Groudon|0 fnt\n|faint|p1b: Groudon\n|-enditem|p1a: Sableye|Eject Button\n|\n|t:|1738638936\n|switch|p1a: Ogerpon|Ogerpon-Cornerstone, L50, F|100\/100\n|\n|-weather|SunnyDay|[upkeep]\n|upkeep\n|\n|t:|1738638938\n|switch|p1b: Sableye|Sableye, L50, M|22\/100\n|turn|7\n|\n|t:|1738638944\n|move|p2b: Whimsicott|Tailwind|p2b: Whimsicott\n|-sidestart|p2: sibylla_system|move: Tailwind\n|move|p1b: Sableye|Disable|p2a: Terapagos\n|-start|p2a: Terapagos|Disable|Tera Starstorm\n|cant|p2a: Terapagos|Disable|Tera Starstorm\n|move|p1a: Ogerpon|Power Whip|p2a: Terapagos\n|-damage|p2a: Terapagos|16\/100\n|\n|-weather|none\n|upkeep\n|turn|8\n|\n|t:|1738638957\n|move|p1b: Sableye|Encore|p2b: Whimsicott\n|-start|p2b: Whimsicott|Encore\n|move|p2b: Whimsicott|Tailwind||[still]\n|-fail|p2b: Whimsicott\n|-activate|p2a: Terapagos|move: Struggle\n|move|p2a: Terapagos|Struggle|p1a: Ogerpon\n|-damage|p1a: Ogerpon|86\/100\n|-damage|p2a: Terapagos|0 fnt|[from] recoil\n|faint|p2a: Terapagos\n|move|p1a: Ogerpon|Power Whip|p2b: Whimsicott\n|-resisted|p2b: Whimsicott\n|-damage|p2b: Whimsicott|30\/100\n|\n|upkeep\n|turn|9\n|-message|sibylla_system forfeited.\n|\n|win|hdoot\n|raw|hdoot's rating: 1589 &rarr; <strong>1613<\/strong><br \/>(+24 for winning)\n|raw|sibylla_system's rating: 1654 &rarr; <strong>1630<\/strong><br \/>(-24 for losing)\n|l|\u2606sibylla_system\n|player|p2|\n|l|\u2606hdoot\n|player|p1|\n|l| TheBeanTester\n|l| Salvato1902V\n","uploadtime":1738638979,"views":7,"formatid":"gen9vgc2025regg","rating":1613,"private":0,"password":null}