{"id":"gen9vgc2025regg-2293974285","format":"[Gen 9] VGC 2025 Reg G","players":["hdoot","stbai"],"log":"|j|\u2606hdoot\n|j|\u2606stbai\n|t:|1738638449\n|gametype|doubles\n|player|p1|hdoot|cilan|1567\n|player|p2|stbai|janitor|1599\n|teamsize|p1|6\n|teamsize|p2|6\n|gen|9\n|tier|[Gen 9] VGC 2025 Reg G\n|rated|\n|rule|Species Clause: Limit one of each Pok\u00e9mon\n|rule|Item Clause: Limit 1 of each item\n|clearpoke\n|poke|p1|Groudon, L50|\n|poke|p1|Iron Valiant, L50|\n|poke|p1|Sableye, L50, M|\n|poke|p1|Chien-Pao, L50|\n|poke|p1|Ogerpon-Cornerstone, L50, F|\n|poke|p1|Rillaboom, L50, M|\n|poke|p2|Tatsugiri, L50, M|\n|poke|p2|Latios, L50, M|\n|poke|p2|Landorus, L50, M|\n|poke|p2|Entei, L50|\n|poke|p2|Terapagos, L50, M|\n|poke|p2|Dondozo, L50, F|\n|teampreview|4\n|inactive|Battle timer is ON: inactive players will automatically lose when time's up. (requested by stbai)\n|\n|t:|1738638460\n|start\n|switch|p1a: Iron Valiant|Iron Valiant, L50, shiny|100\/100\n|switch|p1b: Sableye|Sableye, L50, M|100\/100\n|switch|p2a: Entei|Entei, L50|100\/100\n|switch|p2b: Dondozo|Dondozo, L50, F|100\/100\n|-enditem|p1a: Iron Valiant|Booster Energy\n|-activate|p1a: Iron Valiant|ability: Quark Drive|[fromitem]\n|-start|p1a: Iron Valiant|quarkdrivespe\n|turn|1\n|\n|t:|1738638475\n|-terastallize|p1a: Iron Valiant|Ghost\n|move|p1b: Sableye|Gravity|p1b: Sableye\n|-fieldstart|move: Gravity\n|move|p1a: Iron Valiant|Hypnosis|p2b: Dondozo\n|-status|p2b: Dondozo|slp|[from] move: Hypnosis\n|move|p2a: Entei|Sacred Fire|p1a: Iron Valiant\n|-damage|p1a: Iron Valiant|46\/100\n|cant|p2b: Dondozo|slp\n|\n|upkeep\n|turn|2\n|\n|t:|1738638486\n|move|p1a: Iron Valiant|Hypnosis|p2a: Entei\n|-status|p2a: Entei|slp|[from] move: Hypnosis\n|cant|p2a: Entei|slp\n|cant|p2b: Dondozo|slp\n|move|p1b: Sableye|Foul Play|p2a: Entei\n|-damage|p2a: Entei|53\/100 slp\n|\n|upkeep\n|turn|3\n|\n|t:|1738638498\n|switch|p1b: Groudon|Groudon, L50, shiny|100\/100\n|-weather|SunnyDay|[from] ability: Drought|[of] p1b: Groudon\n|move|p1a: Iron Valiant|Coaching|p1b: Groudon\n|-boost|p1b: Groudon|atk|1\n|-boost|p1b: Groudon|def|1\n|-curestatus|p2a: Entei|slp|[msg]\n|move|p2a: Entei|Sacred Fire|p1a: Iron Valiant\n|-damage|p1a: Iron Valiant|0 fnt\n|faint|p1a: Iron Valiant\n|-end|p1a: Iron Valiant|Quark Drive|[silent]\n|-curestatus|p2b: Dondozo|slp|[msg]\n|move|p2b: Dondozo|Substitute|p2b: Dondozo\n|-start|p2b: Dondozo|Substitute\n|-damage|p2b: Dondozo|75\/100\n|\n|-weather|SunnyDay|[upkeep]\n|-heal|p2b: Dondozo|82\/100|[from] item: Leftovers\n|upkeep\n|j| TheBeanTester\n|\n|t:|1738638514\n|switch|p1a: Sableye|Sableye, L50, M|100\/100\n|turn|4\n|\n|t:|1738638518\n|move|p2b: Dondozo|Protect|p2b: Dondozo\n|-singleturn|p2b: Dondozo|Protect\n|move|p1a: Sableye|Encore|p2b: Dondozo\n|-activate|p2b: Dondozo|move: Protect\n|move|p1b: Groudon|Precipice Blades|p2b: Dondozo|[spread] p2a\n|-activate|p2b: Dondozo|move: Protect\n|-supereffective|p2a: Entei\n|-damage|p2a: Entei|0 fnt\n|faint|p2a: Entei\n|\n|-weather|SunnyDay|[upkeep]\n|-heal|p2b: Dondozo|88\/100|[from] item: Leftovers\n|upkeep\n|\n|t:|1738638526\n|switch|p2a: Terapagos|Terapagos, L50, M|100\/100\n|-activate|p2a: Terapagos|ability: Tera Shift\n|detailschange|p2a: Terapagos|Terapagos-Terastal, L50, M\n|-heal|p2a: Terapagos|100\/100|[silent]\n|turn|5\n|\n|t:|1738638530\n|-terastallize|p2a: Terapagos|Stellar\n|detailschange|p2a: Terapagos|Terapagos-Stellar, L50, M, tera:Stellar\n|-heal|p2a: Terapagos|100\/100|[silent]\n|-ability|p2a: Terapagos|Teraform Zero\n|-weather|none\n|move|p2b: Dondozo|Protect||[still]\n|-fail|p2b: Dondozo\n|move|p1a: Sableye|Encore|p2b: Dondozo\n|-start|p2b: Dondozo|Encore\n|move|p1b: Groudon|Precipice Blades|p2b: Dondozo|[spread] p2a,p2b\n|-end|p2b: Dondozo|Substitute\n|-damage|p2a: Terapagos|49\/100\n|move|p2a: Terapagos|Tera Starstorm|p1b: Groudon|[spread] p1a,p1b\n|-damage|p1a: Sableye|47\/100\n|-damage|p1b: Groudon|58\/100\n|-enditem|p1a: Sableye|Eject Button\n|\n|t:|1738638546\n|switch|p1a: Ogerpon|Ogerpon-Cornerstone, L50, F|100\/100\n|\n|-heal|p2b: Dondozo|94\/100|[from] item: Leftovers\n|-fieldend|move: Gravity\n|upkeep\n|turn|6\n|\n|t:|1738638553\n|move|p2a: Terapagos|Protect|p2a: Terapagos\n|-singleturn|p2a: Terapagos|Protect\n|move|p2b: Dondozo|Protect|p2b: Dondozo\n|-singleturn|p2b: Dondozo|Protect\n|move|p1b: Groudon|Precipice Blades|p2b: Dondozo|[spread] \n|-activate|p2a: Terapagos|move: Protect\n|-activate|p2b: Dondozo|move: Protect\n|move|p1a: Ogerpon|Power Whip|p2b: Dondozo\n|-activate|p2b: Dondozo|move: Protect\n|\n|-heal|p2b: Dondozo|99\/100|[from] item: Leftovers\n|upkeep\n|turn|7\n|\n|t:|1738638560\n|switch|p2a: Tatsugiri|Tatsugiri, L50, M|100\/100\n|-activate|p2a: Tatsugiri|ability: Commander|[of] p2b: Dondozo\n|-boost|p2b: Dondozo|atk|2\n|-boost|p2b: Dondozo|spa|2\n|-boost|p2b: Dondozo|spe|2\n|-boost|p2b: Dondozo|def|2\n|-boost|p2b: Dondozo|spd|2\n|move|p2b: Dondozo|Protect||[still]\n|-fail|p2b: Dondozo\n|move|p1b: Groudon|Precipice Blades|p2a: Tatsugiri|[spread] \n|-miss|p1b: Groudon|p2a: Tatsugiri\n|-miss|p1b: Groudon|p2b: Dondozo\n|move|p1a: Ogerpon|Power Whip|p2b: Dondozo\n|-supereffective|p2b: Dondozo\n|-damage|p2b: Dondozo|45\/100\n|\n|-heal|p2b: Dondozo|51\/100|[from] item: Leftovers\n|upkeep\n|turn|8\n|\n|t:|1738638564\n|switch|p1a: Sableye|Sableye, L50, M|47\/100\n|move|p2b: Dondozo|Protect|p2b: Dondozo\n|-singleturn|p2b: Dondozo|Protect\n|move|p1b: Groudon|Precipice Blades|p2b: Dondozo|[spread] \n|-miss|p1b: Groudon|p2a: Tatsugiri\n|-activate|p2b: Dondozo|move: Protect\n|\n|-heal|p2b: Dondozo|57\/100|[from] item: Leftovers\n|-end|p2b: Dondozo|Encore\n|upkeep\n|turn|9\n|\n|t:|1738638571\n|move|p1a: Sableye|Encore|p2b: Dondozo\n|-start|p2b: Dondozo|Encore\n|move|p1b: Groudon|Precipice Blades|p2a: Tatsugiri|[spread] p2b\n|-miss|p1b: Groudon|p2a: Tatsugiri\n|-damage|p2b: Dondozo|41\/100\n|move|p2b: Dondozo|Protect||[still]\n|-fail|p2b: Dondozo\n|\n|-heal|p2b: Dondozo|47\/100|[from] item: Leftovers\n|upkeep\n|turn|10\n|\n|t:|1738638580\n|move|p2b: Dondozo|Protect|p2b: Dondozo\n|-singleturn|p2b: Dondozo|Protect\n|move|p1a: Sableye|Gravity|p1a: Sableye\n|-fieldstart|move: Gravity\n|move|p1b: Groudon|Precipice Blades|p2a: Tatsugiri|[spread] \n|-miss|p1b: Groudon|p2a: Tatsugiri\n|-activate|p2b: Dondozo|move: Protect\n|\n|-heal|p2b: Dondozo|53\/100|[from] item: Leftovers\n|upkeep\n|turn|11\n|\n|t:|1738638588\n|move|p2b: Dondozo|Protect||[still]\n|-fail|p2b: Dondozo\n|move|p1b: Groudon|Precipice Blades|p2b: Dondozo|[spread] p2b\n|-miss|p1b: Groudon|p2a: Tatsugiri\n|-damage|p2b: Dondozo|35\/100\n|move|p1a: Sableye|Foul Play|p2b: Dondozo\n|-damage|p2b: Dondozo|21\/100\n|\n|-heal|p2b: Dondozo|27\/100|[from] item: Leftovers\n|-end|p2b: Dondozo|Encore\n|upkeep\n|turn|12\n|\n|t:|1738638601\n|move|p1a: Sableye|Encore|p2b: Dondozo\n|-start|p2b: Dondozo|Encore\n|move|p1b: Groudon|Precipice Blades|p2a: Tatsugiri|[spread] p2b\n|-miss|p1b: Groudon|p2a: Tatsugiri\n|-damage|p2b: Dondozo|10\/100\n|move|p2b: Dondozo|Protect||[still]\n|-fail|p2b: Dondozo\n|\n|-heal|p2b: Dondozo|16\/100|[from] item: Leftovers\n|upkeep\n|turn|13\n|\n|t:|1738638616\n|move|p2b: Dondozo|Protect|p2b: Dondozo\n|-singleturn|p2b: Dondozo|Protect\n|move|p1b: Groudon|Precipice Blades|p2a: Tatsugiri|[spread] \n|-miss|p1b: Groudon|p2a: Tatsugiri\n|-activate|p2b: Dondozo|move: Protect\n|move|p1a: Sableye|Foul Play|p2b: Dondozo\n|-activate|p2b: Dondozo|move: Protect\n|\n|-heal|p2b: Dondozo|22\/100|[from] item: Leftovers\n|upkeep\n|turn|14\n|\n|t:|1738638621\n|move|p2b: Dondozo|Protect||[still]\n|-fail|p2b: Dondozo\n|move|p1b: Groudon|Precipice Blades|p2a: Tatsugiri|[spread] p2b\n|-miss|p1b: Groudon|p2a: Tatsugiri\n|-damage|p2b: Dondozo|3\/100\n|move|p1a: Sableye|Foul Play|p2b: Dondozo\n|-damage|p2b: Dondozo|0 fnt\n|faint|p2b: Dondozo\n|\n|-fieldend|move: Gravity\n|upkeep\n|\n|t:|1738638623\n|switch|p2b: Terapagos|Terapagos-Stellar, L50, M, tera:Stellar|49\/100\n|turn|15\n|j| Salvato1902V\n|\n|t:|1738638629\n|move|p1a: Sableye|Gravity|p1a: Sableye\n|-fieldstart|move: Gravity\n|move|p1b: Groudon|Precipice Blades|p2b: Terapagos|[spread] p2a,p2b\n|-damage|p2a: Tatsugiri|0 fnt\n|-damage|p2b: Terapagos|0 fnt\n|faint|p2a: Tatsugiri\n|faint|p2b: Terapagos\n|\n|win|hdoot\n|raw|hdoot's rating: 1567 &rarr; <strong>1589<\/strong><br \/>(+22 for winning)\n|raw|stbai's rating: 1599 &rarr; <strong>1577<\/strong><br \/>(-22 for losing)\n|l|\u2606hdoot\n|player|p1|\n|l|\u2606stbai\n|player|p2|\n|l| Salvato1902V\n","uploadtime":1738638851,"views":6,"formatid":"gen9vgc2025regg","rating":1577,"private":0,"password":null}