{"id":"gen9vgc2025regg-2293712935","format":"[Gen 9] VGC 2025 Reg G","players":["heybetch","actuary97"],"log":"|j|\u2606heybetch\n|j|\u2606actuary97\n|t:|1738608165\n|gametype|doubles\n|player|p1|heybetch|fantina|1507\n|player|p2|actuary97|sabrina-frlg|1609\n|teamsize|p1|6\n|teamsize|p2|6\n|gen|9\n|tier|[Gen 9] VGC 2025 Reg G\n|rated|\n|rule|Species Clause: Limit one of each Pok\u00e9mon\n|rule|Item Clause: Limit 1 of each item\n|clearpoke\n|poke|p1|Farigiraf, L50, F|\n|poke|p1|Urshifu-*, L50, M|\n|poke|p1|Iron Valiant, L50|\n|poke|p1|Amoonguss, L50, F|\n|poke|p1|Indeedee-F, L50, F|\n|poke|p1|Calyrex-Ice, L50|\n|poke|p2|Amoonguss, L50, M|\n|poke|p2|Comfey, L50, M|\n|poke|p2|Whimsicott, L50, M|\n|poke|p2|Roaring Moon, L50|\n|poke|p2|Kyogre, L50|\n|poke|p2|Archaludon, L50, M|\n|teampreview|4\nactuary97 has agreed to open team sheets.\n|inactive|Battle timer is ON: inactive players will automatically lose when time's up. (requested by heybetch)\n|\n|t:|1738608202\n|start\n|switch|p1a: Iron Valiant|Iron Valiant, L50, shiny|100\/100\n|switch|p1b: Calyrex|Calyrex-Ice, L50|100\/100\n|switch|p2a: Roaring Moon|Roaring Moon, L50, shiny|100\/100\n|switch|p2b: Archaludon|Archaludon, L50, M, shiny|100\/100\n|-ability|p1b: Calyrex|As One\n|-ability|p1b: Calyrex|Unnerve\n|-enditem|p1a: Iron Valiant|Booster Energy\n|-activate|p1a: Iron Valiant|ability: Quark Drive|[fromitem]\n|-start|p1a: Iron Valiant|quarkdrivespe\n|-enditem|p2a: Roaring Moon|Booster Energy\n|-activate|p2a: Roaring Moon|ability: Protosynthesis|[fromitem]\n|-start|p2a: Roaring Moon|protosynthesisspe\n|turn|1\n|inactive|heybetch has 30 seconds left.\n|\n|t:|1738608228\n|-terastallize|p2a: Roaring Moon|Water\n|move|p1a: Iron Valiant|Coaching|p1b: Calyrex\n|-boost|p1b: Calyrex|atk|1\n|-boost|p1b: Calyrex|def|1\n|move|p2a: Roaring Moon|Taunt|p1b: Calyrex\n|-start|p1b: Calyrex|move: Taunt\n|move|p2b: Archaludon|Flash Cannon|p1a: Iron Valiant\n|-supereffective|p1a: Iron Valiant\n|-damage|p1a: Iron Valiant|0 fnt\n|faint|p1a: Iron Valiant\n|-end|p1a: Iron Valiant|Quark Drive|[silent]\n|cant|p1b: Calyrex|move: Taunt|Trick Room\n|\n|upkeep\n|\n|t:|1738608243\n|switch|p1a: Amoonguss|Amoonguss, L50, F|100\/100\n|turn|2\n|\n|t:|1738608263\n|-terastallize|p1b: Calyrex|Grass\n|move|p2a: Roaring Moon|Knock Off|p1b: Calyrex\n|-damage|p1b: Calyrex|80\/100\n|-enditem|p1b: Calyrex|Clear Amulet|[from] move: Knock Off|[of] p2a: Roaring Moon\n|move|p2b: Archaludon|Flash Cannon|p1b: Calyrex\n|-damage|p1b: Calyrex|53\/100\n|move|p1b: Calyrex|High Horsepower|p2b: Archaludon\n|-supereffective|p2b: Archaludon\n|-damage|p2b: Archaludon|3\/100\n|-ability|p2b: Archaludon|Stamina|boost\n|-boost|p2b: Archaludon|def|1\n|move|p1a: Amoonguss|Spore|p2a: Roaring Moon\n|-status|p2a: Roaring Moon|slp|[from] move: Spore\n|\n|upkeep\n|turn|3\n|inactive|actuary97 has 30 seconds left.\n|\n|t:|1738608289\n|move|p1a: Amoonguss|Rage Powder|p1a: Amoonguss\n|-singleturn|p1a: Amoonguss|move: Rage Powder\n|cant|p2a: Roaring Moon|slp\n|move|p2b: Archaludon|Flash Cannon|p1a: Amoonguss\n|-damage|p1a: Amoonguss|74\/100\n|-unboost|p1a: Amoonguss|spd|1\n|move|p1b: Calyrex|Glacial Lance|p2a: Roaring Moon|[spread] p2a,p2b\n|-resisted|p2a: Roaring Moon\n|-damage|p2a: Roaring Moon|50\/100 slp\n|-damage|p2b: Archaludon|0 fnt\n|faint|p2b: Archaludon\n|-ability|p1b: Calyrex|Chilling Neigh|boost\n|-boost|p1b: Calyrex|atk|1\n|\n|-end|p1b: Calyrex|move: Taunt\n|upkeep\n|\n|t:|1738608293\n|switch|p2b: Comfey|Comfey, L50, M, shiny|100\/100\n|turn|4\n|\n|t:|1738608302\n|move|p1a: Amoonguss|Rage Powder|p1a: Amoonguss\n|-singleturn|p1a: Amoonguss|move: Rage Powder\n|cant|p2a: Roaring Moon|slp\n|move|p2b: Comfey|Taunt|p1a: Amoonguss\n|-start|p1a: Amoonguss|move: Taunt\n|-enditem|p1a: Amoonguss|Mental Herb\n|-end|p1a: Amoonguss|move: Taunt\n|move|p1b: Calyrex|Trick Room|p1b: Calyrex\n|-fieldstart|move: Trick Room|[of] p1b: Calyrex\n|\n|upkeep\n|turn|5\n|\n|t:|1738608318\n|move|p2b: Comfey|Floral Healing|p2a: Roaring Moon\n|-heal|p2a: Roaring Moon|100\/100 slp\n|move|p1a: Amoonguss|Pollen Puff|p1b: Calyrex\n|-heal|p1b: Calyrex|100\/100\n|move|p1b: Calyrex|Glacial Lance|p2a: Roaring Moon|[spread] p2a,p2b\n|-resisted|p2a: Roaring Moon\n|-damage|p2a: Roaring Moon|38\/100 slp\n|-damage|p2b: Comfey|0 fnt\n|faint|p2b: Comfey\n|-ability|p1b: Calyrex|Chilling Neigh|boost\n|-boost|p1b: Calyrex|atk|1\n|cant|p2a: Roaring Moon|slp\n|\n|upkeep\n|\n|t:|1738608331\n|switch|p2b: Kyogre|Kyogre, L50, shiny|100\/100\n|-weather|RainDance|[from] ability: Drizzle|[of] p2b: Kyogre\n|turn|6\n|\n|t:|1738608338\n|move|p1a: Amoonguss|Spore|p2b: Kyogre\n|-status|p2b: Kyogre|slp|[from] move: Spore\n|move|p1b: Calyrex|Glacial Lance|p2a: Roaring Moon|[spread] p2a,p2b\n|-resisted|p2a: Roaring Moon\n|-resisted|p2b: Kyogre\n|-damage|p2a: Roaring Moon|0 fnt\n|-damage|p2b: Kyogre|37\/100 slp\n|faint|p2a: Roaring Moon\n|-end|p2a: Roaring Moon|Protosynthesis|[silent]\n|-ability|p1b: Calyrex|Chilling Neigh|boost\n|-boost|p1b: Calyrex|atk|1\n|cant|p2b: Kyogre|slp\n|\n|-weather|RainDance|[upkeep]\n|upkeep\n|turn|7\n|-message|actuary97 forfeited.\n|\n|win|heybetch\n|raw|heybetch's rating: 1507 &rarr; <strong>1533<\/strong><br \/>(+26 for winning)\n|raw|actuary97's rating: 1609 &rarr; <strong>1583<\/strong><br \/>(-26 for losing)\n|l|\u2606heybetch\n|player|p1|\n","uploadtime":1738608538,"views":5,"formatid":"gen9vgc2025regg","rating":1533,"private":0,"password":null}