{"id":"gen9vgc2025regg-2293404224","format":"[Gen 9] VGC 2025 Reg G","players":["elvegis1","Freshveggies2"],"log":"|j|\u2606elvegis1\n|j|\u2606Freshveggies2\n|t:|1738564769\n|gametype|doubles\n|player|p1|elvegis1|lucas|1638\n|player|p2|Freshveggies2|265|1550\n|teamsize|p1|6\n|teamsize|p2|6\n|gen|9\n|tier|[Gen 9] VGC 2025 Reg G\n|rated|\n|rule|Species Clause: Limit one of each Pok\u00e9mon\n|rule|Item Clause: Limit 1 of each item\n|clearpoke\n|poke|p1|Kyogre, L50|\n|poke|p1|Incineroar, L50, M|\n|poke|p1|Urshifu-*, L50, F|\n|poke|p1|Bronzong, L50|\n|poke|p1|Rillaboom, L50, M|\n|poke|p1|Landorus, L50, M|\n|poke|p2|Koraidon, L50|\n|poke|p2|Umbreon, L50, M|\n|poke|p2|Raging Bolt, L50|\n|poke|p2|Flutter Mane, L50|\n|poke|p2|Ogerpon-Cornerstone, L50, F|\n|poke|p2|Entei, L50|\n|teampreview|4\n|inactive|Battle timer is ON: inactive players will automatically lose when time's up. (requested by Freshveggies2)\n|j| mr pogostick\n|inactive|Freshveggies2 has 60 seconds left.\n|\n|t:|1738564815\n|start\n|switch|p1a: Kyogre|Kyogre, L50|100\/100\n|switch|p1b: Bronzong|Bronzong, L50|100\/100\n|switch|p2a: Ogerpon|Ogerpon-Cornerstone, L50, F|100\/100\n|switch|p2b: Flutter Mane|Flutter Mane, L50|100\/100\n|-weather|RainDance|[from] ability: Drizzle|[of] p1a: Kyogre\n|turn|1\n|inactive|Freshveggies2 has 30 seconds left.\n|inactive|elvegis1 has 30 seconds left.\n|inactive|Freshveggies2 has 20 seconds left.\n|inactive|Freshveggies2 has 15 seconds left.\n|\n|t:|1738564855\n|-end|p2b: Flutter Mane|Protosynthesis|[silent]\n|switch|p2b: Koraidon|Koraidon, L50|100\/100\n|-weather|SunnyDay|[from] ability: Orichalcum Pulse|[of] p2b: Koraidon\n|-activate|p2b: Koraidon|Orichalcum Pulse|[source]\n|move|p1a: Kyogre|Protect|p1a: Kyogre\n|-singleturn|p1a: Kyogre|Protect\n|move|p2a: Ogerpon|Power Whip|p1a: Kyogre\n|-activate|p1a: Kyogre|move: Protect\n|move|p1b: Bronzong|Trick Room|p1b: Bronzong\n|-fieldstart|move: Trick Room|[of] p1b: Bronzong\n|\n|-weather|SunnyDay|[upkeep]\n|upkeep\n|turn|2\n|inactive|Freshveggies2 has 30 seconds left.\n|inactive|Freshveggies2 has 20 seconds left.\n|inactive|Freshveggies2 has 15 seconds left.\n|inactive|Freshveggies2 has 10 seconds left.\n|\n|t:|1738564901\n|switch|p1a: Incineroar|Incineroar, L50, M|100\/100\n|-ability|p1a: Incineroar|Intimidate|boost\n|-unboost|p2a: Ogerpon|atk|1\n|-unboost|p2b: Koraidon|atk|1\n|move|p2a: Ogerpon|Spiky Shield|p2a: Ogerpon\n|-singleturn|p2a: Ogerpon|move: Protect\n|move|p2b: Koraidon|Protect|p2b: Koraidon\n|-singleturn|p2b: Koraidon|Protect\n|move|p1b: Bronzong|Iron Defense|p1b: Bronzong\n|-boost|p1b: Bronzong|def|2\n|\n|-weather|SunnyDay|[upkeep]\n|upkeep\n|turn|3\n|inactive|elvegis1 has 30 seconds left.\n|\n|t:|1738564927\n|switch|p2b: Raging Bolt|Raging Bolt, L50|100\/100\n|-activate|p2b: Raging Bolt|ability: Protosynthesis\n|-start|p2b: Raging Bolt|protosynthesisspa\n|move|p1b: Bronzong|Stealth Rock|p2b: Raging Bolt\n|-sidestart|p2: Freshveggies2|move: Stealth Rock\n|move|p1a: Incineroar|Parting Shot|p2b: Raging Bolt\n|-unboost|p2b: Raging Bolt|atk|1\n|-unboost|p2b: Raging Bolt|spa|1\n|\n|t:|1738564936\n|switch|p1a: Kyogre|Kyogre, L50|100\/100|[from] Parting Shot\n|-weather|RainDance|[from] ability: Drizzle|[of] p1a: Kyogre\n|-end|p2b: Raging Bolt|Protosynthesis\n|move|p2a: Ogerpon|Ivy Cudgel|p1a: Kyogre|[anim] Ivy Cudgel Rock\n|-damage|p1a: Kyogre|66\/100\n|\n|-weather|RainDance|[upkeep]\n|-heal|p1a: Kyogre|72\/100|[from] item: Leftovers\n|upkeep\n|turn|4\n|inactive|elvegis1 has 30 seconds left.\n|inactive|Freshveggies2 has 30 seconds left.\n|\n|t:|1738564964\n|move|p1a: Kyogre|Protect|p1a: Kyogre\n|-singleturn|p1a: Kyogre|Protect\n|move|p2a: Ogerpon|Spiky Shield|p2a: Ogerpon\n|-singleturn|p2a: Ogerpon|move: Protect\n|move|p1b: Bronzong|Body Press|p2b: Raging Bolt\n|-damage|p2b: Raging Bolt|52\/100\n|move|p2b: Raging Bolt|Volt Switch|p1b: Bronzong\n|-damage|p1b: Bronzong|76\/100\n|\n|t:|1738564973\n|-end|p2b: Raging Bolt|Protosynthesis|[silent]\n|switch|p2b: Koraidon|Koraidon, L50|100\/100|[from] Volt Switch\n|-damage|p2b: Koraidon|94\/100|[from] Stealth Rock\n|-weather|SunnyDay|[from] ability: Orichalcum Pulse|[of] p2b: Koraidon\n|-activate|p2b: Koraidon|Orichalcum Pulse|[source]\n|\n|-weather|SunnyDay|[upkeep]\n|-heal|p1a: Kyogre|78\/100|[from] item: Leftovers\n|upkeep\n|turn|5\n|\n|t:|1738564988\n|switch|p1a: Incineroar|Incineroar, L50, M|100\/100\n|-ability|p1a: Incineroar|Intimidate|boost\n|-unboost|p2a: Ogerpon|atk|1\n|-unboost|p2b: Koraidon|atk|1\n|move|p1b: Bronzong|Body Press|p2a: Ogerpon\n|-supereffective|p2a: Ogerpon\n|-ability|p2a: Ogerpon|Sturdy\n|-damage|p2a: Ogerpon|1\/100\n|move|p2a: Ogerpon|Ivy Cudgel|p1a: Incineroar|[anim] Ivy Cudgel Rock\n|-supereffective|p1a: Incineroar\n|-damage|p1a: Incineroar|53\/100\n|move|p2b: Koraidon|Flare Blitz|p1b: Bronzong\n|-supereffective|p1b: Bronzong\n|-crit|p1b: Bronzong\n|-damage|p1b: Bronzong|0 fnt\n|-damage|p2b: Koraidon|78\/100|[from] item: Rocky Helmet|[of] p1b: Bronzong\n|faint|p1b: Bronzong\n|-damage|p2b: Koraidon|53\/100|[from] Recoil\n|\n|-weather|SunnyDay|[upkeep]\n|-fieldend|move: Trick Room\n|upkeep\n|inactive|elvegis1 has 30 seconds left.\n|\n|t:|1738565014\n|switch|p1b: Landorus|Landorus, L50, M|100\/100\n|turn|6\n|inactive|Freshveggies2 has 30 seconds left.\n|inactive|Freshveggies2 has 20 seconds left.\n|inactive|elvegis1 has 30 seconds left.\n|\n|t:|1738565070\n|switch|p2b: Flutter Mane|Flutter Mane, L50|100\/100\n|-damage|p2b: Flutter Mane|88\/100|[from] Stealth Rock\n|-activate|p2b: Flutter Mane|ability: Protosynthesis\n|-start|p2b: Flutter Mane|protosynthesisspe\n|move|p1a: Incineroar|Fake Out|p2b: Flutter Mane\n|-immune|p2b: Flutter Mane\n|move|p2a: Ogerpon|Ivy Cudgel|p1a: Incineroar|[anim] Ivy Cudgel Rock\n|-supereffective|p1a: Incineroar\n|-damage|p1a: Incineroar|4\/100\n|move|p1b: Landorus|Sandsear Storm|p2a: Ogerpon|[spread] p2a,p2b\n|-damage|p2a: Ogerpon|0 fnt\n|-damage|p2b: Flutter Mane|18\/100\n|faint|p2a: Ogerpon\n|\n|-weather|SunnyDay|[upkeep]\n|upkeep\n|\n|t:|1738565088\n|switch|p2a: Raging Bolt|Raging Bolt, L50|52\/100\n|-damage|p2a: Raging Bolt|39\/100|[from] Stealth Rock\n|-activate|p2a: Raging Bolt|ability: Protosynthesis\n|-start|p2a: Raging Bolt|protosynthesisspa\n|turn|7\n|\n|t:|1738565095\n|switch|p1a: Kyogre|Kyogre, L50|78\/100\n|-weather|RainDance|[from] ability: Drizzle|[of] p1a: Kyogre\n|-end|p2b: Flutter Mane|Protosynthesis\n|-end|p2a: Raging Bolt|Protosynthesis\n|-terastallize|p1b: Landorus|Water\n|move|p2b: Flutter Mane|Icy Wind|p1a: Kyogre|[spread] p1a,p1b\n|-resisted|p1a: Kyogre\n|-resisted|p1b: Landorus\n|-damage|p1a: Kyogre|73\/100\n|-damage|p1b: Landorus|93\/100\n|-unboost|p1a: Kyogre|spe|1\n|-unboost|p1b: Landorus|spe|1\n|move|p2a: Raging Bolt|Draco Meteor|p1b: Landorus\n|-damage|p1b: Landorus|9\/100\n|-unboost|p2a: Raging Bolt|spa|2\n|move|p1b: Landorus|Sandsear Storm|p2a: Raging Bolt|[spread] p2a,p2b\n|-supereffective|p2a: Raging Bolt\n|-damage|p2a: Raging Bolt|0 fnt\n|-damage|p2b: Flutter Mane|0 fnt\n|faint|p2a: Raging Bolt\n|-end|p2a: Raging Bolt|Protosynthesis|[silent]\n|faint|p2b: Flutter Mane\n|-end|p2b: Flutter Mane|Protosynthesis|[silent]\n|\n|-weather|RainDance|[upkeep]\n|-heal|p1a: Kyogre|79\/100|[from] item: Leftovers\n|upkeep\n|\n|t:|1738565110\n|switch|p2b: Koraidon|Koraidon, L50|53\/100\n|-damage|p2b: Koraidon|47\/100|[from] Stealth Rock\n|-weather|SunnyDay|[from] ability: Orichalcum Pulse|[of] p2b: Koraidon\n|-activate|p2b: Koraidon|Orichalcum Pulse|[source]\n|turn|8\n|\n|t:|1738565127\n|switch|p1a: Incineroar|Incineroar, L50, M|4\/100\n|-ability|p1a: Incineroar|Intimidate|boost\n|-unboost|p2b: Koraidon|atk|1\n|move|p1b: Landorus|Protect|p1b: Landorus\n|-singleturn|p1b: Landorus|Protect\n|move|p2b: Koraidon|Collision Course|p1b: Landorus\n|-activate|p1b: Landorus|move: Protect\n|\n|-weather|SunnyDay|[upkeep]\n|upkeep\n|turn|9\n|\n|t:|1738565139\n|switch|p1b: Kyogre|Kyogre, L50|79\/100\n|-weather|RainDance|[from] ability: Drizzle|[of] p1b: Kyogre\n|move|p1a: Incineroar|Fake Out|p2b: Koraidon\n|-damage|p2b: Koraidon|37\/100\n|cant|p2b: Koraidon|flinch\n|\n|-weather|RainDance|[upkeep]\n|-heal|p1b: Kyogre|85\/100|[from] item: Leftovers\n|upkeep\n|turn|10\n|\n|t:|1738565153\n|move|p1b: Kyogre|Protect|p1b: Kyogre\n|-singleturn|p1b: Kyogre|Protect\n|move|p2b: Koraidon|Scale Shot|p1b: Kyogre\n|-activate|p1b: Kyogre|move: Protect\n|move|p1a: Incineroar|Parting Shot|p2b: Koraidon\n|-unboost|p2b: Koraidon|atk|1\n|-unboost|p2b: Koraidon|spa|1\n|-message|Freshveggies2 forfeited.\n|\n|win|elvegis1\n|raw|elvegis1's rating: 1638 &rarr; <strong>1653<\/strong><br \/>(+15 for winning)\n|raw|Freshveggies2's rating: 1550 &rarr; <strong>1535<\/strong><br \/>(-15 for losing)\n|l|\u2606Freshveggies2\n|player|p2|\n|l| mr pogostick\n|l|\u2606elvegis1\n|player|p1|\n","uploadtime":1738565311,"views":9,"formatid":"gen9vgc2025regg","rating":1535,"private":0,"password":null}