{"id":"gen9vgc2025regg-2293582047","format":"[Gen 9] VGC 2025 Reg G","players":["llefface","WobCob"],"log":"|j|\u2606llefface\n|j|\u2606WobCob\n|t:|1738594764\n|gametype|doubles\n|player|p1|llefface|lana-masters|1652\n|player|p2|WobCob|caitlin|1662\n|teamsize|p1|6\n|teamsize|p2|6\n|gen|9\n|tier|[Gen 9] VGC 2025 Reg G\n|rated|\n|rule|Species Clause: Limit one of each Pok\u00e9mon\n|rule|Item Clause: Limit 1 of each item\n|clearpoke\n|poke|p1|Terapagos, L50, M|\n|poke|p1|Chi-Yu, L50|\n|poke|p1|Flutter Mane, L50|\n|poke|p1|Amoonguss, L50, M|\n|poke|p1|Farigiraf, L50, F|\n|poke|p1|Iron Hands, L50|\n|poke|p2|Kyogre, L50|\n|poke|p2|Chien-Pao, L50|\n|poke|p2|Rillaboom, L50, F|\n|poke|p2|Urshifu-*, L50, F|\n|poke|p2|Whimsicott, L50, F|\n|poke|p2|Ogerpon-Cornerstone, L50, F|\n|teampreview|4\n|inactive|Battle timer is ON: inactive players will automatically lose when time's up. (requested by WobCob)\n|c|\u2606llefface|glhf!\n|c|\u2606WobCob|glhf <3\n|inactive|WobCob has 60 seconds left.\n|\n|t:|1738594810\n|start\n|switch|p1a: Farigiraf|Farigiraf, L50, F|100\/100\n|switch|p1b: Iron Hands|Iron Hands, L50|100\/100\n|switch|p2a: Chien-Pao|Chien-Pao, L50|100\/100\n|switch|p2b: Urshifu|Urshifu-Rapid-Strike, L50, F|100\/100\n|-ability|p2a: Chien-Pao|Sword of Ruin\n|turn|1\n|\n|t:|1738594835\n|move|p1b: Iron Hands|Fake Out|p2a: Chien-Pao\n|-damage|p2a: Chien-Pao|79\/100\n|cant|p2a: Chien-Pao|flinch\n|move|p2b: Urshifu|Surging Strikes|p1a: Farigiraf\n|-crit|p1a: Farigiraf\n|-damage|p1a: Farigiraf|74\/100\n|-crit|p1a: Farigiraf\n|-damage|p1a: Farigiraf|44\/100\n|-crit|p1a: Farigiraf\n|-damage|p1a: Farigiraf|13\/100\n|-hitcount|p1a: Farigiraf|3\n|move|p1a: Farigiraf|Trick Room|p1a: Farigiraf\n|-fieldstart|move: Trick Room|[of] p1a: Farigiraf\n|\n|upkeep\n|turn|2\n|\n|t:|1738594850\n|switch|p2b: Whimsicott|Whimsicott, L50, F, shiny|100\/100\n|move|p1b: Iron Hands|Drain Punch|p2a: Chien-Pao\n|-supereffective|p2a: Chien-Pao\n|-damage|p2a: Chien-Pao|0 fnt\n|faint|p2a: Chien-Pao\n|move|p1a: Farigiraf|Psychic|p2b: Whimsicott\n|-damage|p2b: Whimsicott|51\/100\n|\n|upkeep\n|\n|t:|1738594857\n|switch|p2a: Kyogre|Kyogre, L50|100\/100\n|-weather|RainDance|[from] ability: Drizzle|[of] p2a: Kyogre\n|turn|3\n|j| 1212kkekrk\n|\n|t:|1738594879\n|-terastallize|p2a: Kyogre|Grass\n|move|p2b: Whimsicott|Helping Hand|p2a: Kyogre\n|-singleturn|p2a: Kyogre|Helping Hand|[of] p2b: Whimsicott\n|move|p1b: Iron Hands|Drain Punch|p2a: Kyogre\n|-damage|p2a: Kyogre|62\/100\n|move|p1a: Farigiraf|Hyper Voice|p2a: Kyogre|[spread] p2a,p2b\n|-damage|p2a: Kyogre|48\/100\n|-damage|p2b: Whimsicott|7\/100\n|-enditem|p1a: Farigiraf|Throat Spray\n|-boost|p1a: Farigiraf|spa|1|[from] item: Throat Spray\n|move|p2a: Kyogre|Origin Pulse|p1b: Iron Hands|[spread] p1a\n|-miss|p2a: Kyogre|p1b: Iron Hands\n|-damage|p1a: Farigiraf|0 fnt\n|faint|p1a: Farigiraf\n|\n|-weather|RainDance|[upkeep]\n|upkeep\n|\n|t:|1738594893\n|switch|p1a: Terapagos|Terapagos, L50, M|100\/100\n|-activate|p1a: Terapagos|ability: Tera Shift\n|detailschange|p1a: Terapagos|Terapagos-Terastal, L50, M\n|-heal|p1a: Terapagos|100\/100|[silent]\n|turn|4\n|\n|t:|1738594911\n|switch|p2a: Urshifu|Urshifu-Rapid-Strike, L50, F|100\/100\n|-terastallize|p1a: Terapagos|Stellar\n|detailschange|p1a: Terapagos|Terapagos-Stellar, L50, M, tera:Stellar\n|-heal|p1a: Terapagos|100\/100|[silent]\n|-ability|p1a: Terapagos|Teraform Zero\n|-weather|none\n|move|p1b: Iron Hands|Drain Punch|p2b: Whimsicott\n|-resisted|p2b: Whimsicott\n|-damage|p2b: Whimsicott|0 fnt\n|faint|p2b: Whimsicott\n|move|p1a: Terapagos|Tera Starstorm|p2a: Urshifu\n|-damage|p2a: Urshifu|0 fnt\n|faint|p2a: Urshifu\n|\n|upkeep\n|c|\u2606WobCob|gg\n|\n|t:|1738594919\n|switch|p2b: Kyogre|Kyogre, L50, tera:Grass|48\/100\n|-weather|RainDance|[from] ability: Drizzle|[of] p2b: Kyogre\n|turn|5\n|\n|t:|1738594929\n|move|p1b: Iron Hands|Drain Punch|p2b: Kyogre\n|-damage|p2b: Kyogre|12\/100\n|move|p2b: Kyogre|Origin Pulse|p1a: Terapagos|[spread] p1b\n|-miss|p2b: Kyogre|p1a: Terapagos\n|-damage|p1b: Iron Hands|65\/100\n|move|p1a: Terapagos|Tera Starstorm|p2b: Kyogre\n|-supereffective|p2b: Kyogre\n|-damage|p2b: Kyogre|0 fnt\n|faint|p2b: Kyogre\n|\n|win|llefface\n|raw|llefface's rating: 1652 &rarr; <strong>1673<\/strong><br \/>(+21 for winning)\n|raw|WobCob's rating: 1662 &rarr; <strong>1641<\/strong><br \/>(-21 for losing)\n|c|\u2606llefface|gg\n|l|\u2606WobCob\n|player|p2|\n","uploadtime":1738595105,"views":31,"formatid":"gen9vgc2025regg","rating":1641,"private":0,"password":null}