{"id":"gen9vgc2025regg-2293966119","format":"[Gen 9] VGC 2025 Reg G","players":["with the waves","mady1mp"],"log":"|j|\u2606with the waves\n|j|\u2606mady1mp\n|t:|1738637353\n|gametype|doubles\n|player|p1|with the waves|clerkf|1510\n|player|p2|mady1mp|169|1553\n|teamsize|p1|6\n|teamsize|p2|6\n|gen|9\n|tier|[Gen 9] VGC 2025 Reg G\n|rated|\n|rule|Species Clause: Limit one of each Pok\u00e9mon\n|rule|Item Clause: Limit 1 of each item\n|clearpoke\n|poke|p1|Magmar, L50, F|\n|poke|p1|Rillaboom, L50, M|\n|poke|p1|Urshifu-*, L50, F|\n|poke|p1|Zacian-*, L50|\n|poke|p1|Tornadus, L50, M|\n|poke|p1|Ursaluna-Bloodmoon, L50, M|\n|poke|p2|Calyrex-Ice, L50|\n|poke|p2|Heatran, L50, M|\n|poke|p2|Iron Valiant, L50|\n|poke|p2|Annihilape, L50, F|\n|poke|p2|Sinistcha, L50|\n|poke|p2|Indeedee-F, L50, F|\n|teampreview|4\n|inactive|Battle timer is ON: inactive players will automatically lose when time's up. (requested by mady1mp)\n|\n|t:|1738637380\n|start\n|switch|p1a: Magmar|Magmar, L50, F|100\/100\n|switch|p1b: Ursaluna|Ursaluna-Bloodmoon, L50, M|100\/100\n|switch|p2a: Heatran|Heatran, L50, M|100\/100\n|switch|p2b: Iron Valiant|Iron Valiant, L50|100\/100\n|-enditem|p2b: Iron Valiant|Booster Energy\n|-activate|p2b: Iron Valiant|ability: Quark Drive|[fromitem]\n|-start|p2b: Iron Valiant|quarkdrivespe\n|turn|1\n|inactive|mady1mp has 30 seconds left.\n|inactive|mady1mp has 20 seconds left.\n|inactive|mady1mp has 15 seconds left.\n|\n|t:|1738637422\n|move|p1a: Magmar|Follow Me|p1a: Magmar\n|-singleturn|p1a: Magmar|move: Follow Me\n|move|p2b: Iron Valiant|Moonblast|p1a: Magmar\n|-resisted|p1a: Magmar\n|-damage|p1a: Magmar|86\/100\n|move|p2a: Heatran|Body Press|p1a: Magmar\n|-damage|p1a: Magmar|65\/100\n|move|p1b: Ursaluna|Blood Moon|p2b: Iron Valiant\n|-damage|p2b: Iron Valiant|0 fnt\n|faint|p2b: Iron Valiant\n|-end|p2b: Iron Valiant|Quark Drive|[silent]\n|-damage|p1b: Ursaluna|91\/100|[from] item: Life Orb\n|\n|upkeep\n|l|\u2606with the waves\n|inactive|with the waves disconnected and has a minute to reconnect!\n|player|p1|\n|j|\u2606with the waves\n|inactive|with the waves reconnected.\n|player|p1|with the waves|clerkf|\n|\n|t:|1738637439\n|switch|p2b: Calyrex|Calyrex-Ice, L50|100\/100\n|-ability|p2b: Calyrex|As One\n|-ability|p2b: Calyrex|Unnerve\n|turn|2\n|\n|t:|1738637464\n|-terastallize|p1b: Ursaluna|Water\n|move|p1a: Magmar|Follow Me|p1a: Magmar\n|-singleturn|p1a: Magmar|move: Follow Me\n|move|p2a: Heatran|Body Press|p1a: Magmar\n|-damage|p1a: Magmar|43\/100\n|move|p2b: Calyrex|High Horsepower|p1a: Magmar\n|-supereffective|p1a: Magmar\n|-damage|p1a: Magmar|0 fnt\n|faint|p1a: Magmar\n|-ability|p2b: Calyrex|Chilling Neigh|boost\n|-boost|p2b: Calyrex|atk|1\n|move|p1b: Ursaluna|Earth Power|p2a: Heatran\n|-supereffective|p2a: Heatran\n|-crit|p2a: Heatran\n|-damage|p2a: Heatran|0 fnt\n|faint|p2a: Heatran\n|-damage|p1b: Ursaluna|81\/100|[from] item: Life Orb\n|\n|upkeep\n|\n|t:|1738637479\n|switch|p1a: Zacian|Zacian-Crowned, L50|100\/100\n|switch|p2a: Sinistcha|Sinistcha, L50|100\/100\n|-ability|p1a: Zacian|Intrepid Sword|boost\n|-boost|p1a: Zacian|atk|1\n|turn|3\n|\n|t:|1738637503\n|-terastallize|p2b: Calyrex|Fire\n|move|p1a: Zacian|Protect|p1a: Zacian\n|-singleturn|p1a: Zacian|Protect\n|move|p2b: Calyrex|Glacial Lance|p1b: Ursaluna|[spread] p1b\n|-activate|p1a: Zacian|move: Protect\n|-resisted|p1b: Ursaluna\n|-damage|p1b: Ursaluna|51\/100\n|move|p1b: Ursaluna|Blood Moon|p2a: Sinistcha\n|-damage|p2a: Sinistcha|0 fnt\n|faint|p2a: Sinistcha\n|-damage|p1b: Ursaluna|41\/100|[from] item: Life Orb\n|\n|upkeep\n|turn|4\n|c|\u2606with the waves|gg\n|\n|t:|1738637521\n|move|p1a: Zacian|Behemoth Blade|p2b: Calyrex\n|-resisted|p2b: Calyrex\n|-damage|p2b: Calyrex|75\/100\n|move|p2b: Calyrex|Glacial Lance|p1a: Zacian|[spread] p1a,p1b\n|-resisted|p1a: Zacian\n|-resisted|p1b: Ursaluna\n|-damage|p1a: Zacian|65\/100\n|-damage|p1b: Ursaluna|11\/100\n|move|p1b: Ursaluna|Hyper Voice|p2b: Calyrex\n|-damage|p2b: Calyrex|25\/100\n|-damage|p1b: Ursaluna|2\/100|[from] item: Life Orb\n|\n|upkeep\n|turn|5\n|-message|mady1mp forfeited.\n|\n|win|with the waves\n|raw|with the waves's rating: 1510 &rarr; <strong>1532<\/strong><br \/>(+22 for winning)\n|raw|mady1mp's rating: 1553 &rarr; <strong>1531<\/strong><br \/>(-22 for losing)\n|l|\u2606with the waves\n|player|p1|\n","uploadtime":1738637781,"views":9,"formatid":"gen9vgc2025regg","rating":1531,"private":0,"password":null}