{"id":"gen9vgc2025regg-2293568689","format":"[Gen 9] VGC 2025 Reg G","players":["ahfoong0411","Teraparkor 6"],"log":"|j|\u2606ahfoong0411\n|j|\u2606Teraparkor 6\n|t:|1738593185\n|gametype|doubles\n|player|p1|ahfoong0411|1|1577\n|player|p2|Teraparkor 6|170|1555\n|teamsize|p1|6\n|teamsize|p2|6\n|gen|9\n|tier|[Gen 9] VGC 2025 Reg G\n|rated|\n|rule|Species Clause: Limit one of each Pok\u00e9mon\n|rule|Item Clause: Limit 1 of each item\n|clearpoke\n|poke|p1|Calyrex-Ice, L50|\n|poke|p1|Amoonguss, L50, M|\n|poke|p1|Pelipper, L50, M|\n|poke|p1|Landorus, L50, M|\n|poke|p1|Urshifu-*, L50, F|\n|poke|p1|Iron Valiant, L50|\n|poke|p2|Raging Bolt, L50|\n|poke|p2|Ursaluna, L50, F|\n|poke|p2|Landorus, L50, M|\n|poke|p2|Calyrex-Ice, L50|\n|poke|p2|Ogerpon-Cornerstone, L50, F|\n|poke|p2|Chi-Yu, L50|\n|teampreview|4\n|inactive|Battle timer is ON: inactive players will automatically lose when time's up. (requested by Teraparkor 6)\n|inactive|ahfoong0411 has 60 seconds left.\n|\n|t:|1738593244\n|start\n|switch|p1a: Iron Valiant|Iron Valiant, L50|100\/100\n|switch|p1b: Calyrex|Calyrex-Ice, L50|100\/100\n|switch|p2a: Raging Bolt|Raging Bolt, L50|100\/100\n|switch|p2b: Chi-Yu|Chi-Yu, L50|100\/100\n|-ability|p1b: Calyrex|As One\n|-ability|p1b: Calyrex|Unnerve\n|-ability|p2b: Chi-Yu|Beads of Ruin\n|-enditem|p1a: Iron Valiant|Booster Energy\n|-activate|p1a: Iron Valiant|ability: Quark Drive|[fromitem]\n|-start|p1a: Iron Valiant|quarkdrivespe\n|turn|1\n|inactive|ahfoong0411 has 30 seconds left.\n|\n|t:|1738593273\n|move|p1b: Calyrex|Protect|p1b: Calyrex\n|-singleturn|p1b: Calyrex|Protect\n|move|p1a: Iron Valiant|Coaching|p1b: Calyrex\n|-boost|p1b: Calyrex|atk|1\n|-boost|p1b: Calyrex|def|1\n|move|p2b: Chi-Yu|Dark Pulse|p1b: Calyrex\n|-activate|p1b: Calyrex|move: Protect\n|move|p2a: Raging Bolt|Volt Switch|p1b: Calyrex\n|-activate|p1b: Calyrex|move: Protect\n|\n|upkeep\n|turn|2\n|inactive|ahfoong0411 has 30 seconds left.\n|inactive|ahfoong0411 has 20 seconds left.\n|inactive|ahfoong0411 has 15 seconds left.\n|inactive|ahfoong0411 has 10 seconds left.\n|j| shadow193\n|\n|t:|1738593323\n|-terastallize|p1b: Calyrex|Water\n|move|p1a: Iron Valiant|Spirit Break|p2a: Raging Bolt\n|-supereffective|p2a: Raging Bolt\n|-damage|p2a: Raging Bolt|43\/100\n|-unboost|p2a: Raging Bolt|spa|1\n|move|p2b: Chi-Yu|Dark Pulse|p1b: Calyrex\n|-damage|p1b: Calyrex|42\/100\n|move|p2a: Raging Bolt|Volt Switch|p1b: Calyrex\n|-supereffective|p1b: Calyrex\n|-damage|p1b: Calyrex|0 fnt\n|faint|p1b: Calyrex\n|\n|t:|1738593335\n|-end|p2a: Raging Bolt|Protosynthesis|[silent]\n|switch|p2a: Ogerpon|Ogerpon-Cornerstone, L50, F|100\/100|[from] Volt Switch\n|\n|upkeep\n|\n|t:|1738593345\n|switch|p1b: Pelipper|Pelipper, L50, M|100\/100\n|-weather|RainDance|[from] ability: Drizzle|[of] p1b: Pelipper\n|turn|3\n|j| siken't\n|\n|t:|1738593365\n|move|p1a: Iron Valiant|Spirit Break|p2b: Chi-Yu\n|-damage|p2b: Chi-Yu|43\/100\n|-unboost|p2b: Chi-Yu|spa|1\n|move|p2a: Ogerpon|Power Whip|p1a: Iron Valiant\n|-damage|p1a: Iron Valiant|28\/100\n|move|p2b: Chi-Yu|Dark Pulse|p1b: Pelipper\n|-enditem|p1b: Pelipper|Focus Sash\n|-damage|p1b: Pelipper|1\/100\n|move|p1b: Pelipper|Weather Ball|p2b: Chi-Yu\n|-supereffective|p2b: Chi-Yu\n|-damage|p2b: Chi-Yu|0 fnt\n|faint|p2b: Chi-Yu\n|\n|-weather|RainDance|[upkeep]\n|upkeep\n|\n|t:|1738593382\n|switch|p2b: Raging Bolt|Raging Bolt, L50|43\/100\n|turn|4\n|inactive|ahfoong0411 has 30 seconds left.\n|\n|t:|1738593407\n|move|p2b: Raging Bolt|Thunderclap||[still]\n|-fail|p2b: Raging Bolt\n|move|p1a: Iron Valiant|Encore|p2a: Ogerpon\n|-start|p2a: Ogerpon|Encore\n|move|p2a: Ogerpon|Power Whip|p1a: Iron Valiant\n|-damage|p1a: Iron Valiant|0 fnt\n|faint|p1a: Iron Valiant\n|-end|p1a: Iron Valiant|Quark Drive|[silent]\n|move|p1b: Pelipper|Weather Ball|p2b: Raging Bolt\n|-resisted|p2b: Raging Bolt\n|-damage|p2b: Raging Bolt|24\/100\n|\n|-weather|RainDance|[upkeep]\n|upkeep\n|\n|t:|1738593417\n|switch|p1a: Amoonguss|Amoonguss, L50, M|100\/100\n|turn|5\n|\n|t:|1738593428\n|move|p1a: Amoonguss|Rage Powder|p1a: Amoonguss\n|-singleturn|p1a: Amoonguss|move: Rage Powder\n|move|p2a: Ogerpon|Power Whip|p1b: Pelipper\n|-damage|p1b: Pelipper|0 fnt\n|faint|p1b: Pelipper\n|move|p2b: Raging Bolt|Volt Switch|p1a: Amoonguss\n|-resisted|p1a: Amoonguss\n|-damage|p1a: Amoonguss|83\/100\n|\n|t:|1738593432\n|-end|p2b: Raging Bolt|Protosynthesis|[silent]\n|switch|p2b: Calyrex|Calyrex-Ice, L50|100\/100|[from] Volt Switch\n|-ability|p2b: Calyrex|As One\n|-ability|p2b: Calyrex|Unnerve\n|\n|-weather|RainDance|[upkeep]\n|upkeep\n|turn|6\n|l| siken't\n|inactive|ahfoong0411 has 30 seconds left.\n|l| shadow193\n|inactive|ahfoong0411 has 20 seconds left.\n|inactive|ahfoong0411 has 15 seconds left.\n|inactive|ahfoong0411 has 10 seconds left.\n|inactive|ahfoong0411 has 5 seconds left.\n|\n|t:|1738593487\n|switch|p2a: Raging Bolt|Raging Bolt, L50|24\/100\n|move|p1a: Amoonguss|Protect|p1a: Amoonguss\n|-singleturn|p1a: Amoonguss|Protect\n|move|p2b: Calyrex|Glacial Lance|p1a: Amoonguss\n|-activate|p1a: Amoonguss|move: Protect\n|\n|-weather|RainDance|[upkeep]\n|upkeep\n|turn|7\n|inactive|ahfoong0411 has 30 seconds left.\n|inactive|Teraparkor 6 has 30 seconds left.\n|inactive|ahfoong0411 has 20 seconds left.\n|inactive|Teraparkor 6 has 20 seconds left.\n|inactive|ahfoong0411 has 15 seconds left.\n|inactive|Teraparkor 6 has 15 seconds left.\n|inactive|ahfoong0411 has 10 seconds left.\n|inactive|Teraparkor 6 has 10 seconds left.\n|inactive|ahfoong0411 has 5 seconds left.\n|inactive|Teraparkor 6 has 5 seconds left.\n|j| shadow193\n|\n|t:|1738593542\n|move|p1a: Amoonguss|Protect|p1a: Amoonguss\n|-singleturn|p1a: Amoonguss|Protect\n|move|p2a: Raging Bolt|Draco Meteor|p1a: Amoonguss\n|-activate|p1a: Amoonguss|move: Protect\n|move|p2b: Calyrex|Glacial Lance|p1a: Amoonguss\n|-activate|p1a: Amoonguss|move: Protect\n|\n|-weather|none\n|upkeep\n|turn|8\n|l| shadow193\n|j| shadow193\n|inactive|ahfoong0411 has 30 seconds left.\n|l| shadow193\n|inactive|ahfoong0411 has 20 seconds left.\n|inactive|ahfoong0411 has 15 seconds left.\n|inactive|ahfoong0411 has 10 seconds left.\n|inactive|ahfoong0411 has 5 seconds left.\n|\n|t:|1738593597\n|move|p1a: Amoonguss|Protect|p1a: Amoonguss\n|-singleturn|p1a: Amoonguss|Protect\n|move|p2a: Raging Bolt|Draco Meteor|p1a: Amoonguss\n|-activate|p1a: Amoonguss|move: Protect\n|move|p2b: Calyrex|Glacial Lance|p1a: Amoonguss\n|-activate|p1a: Amoonguss|move: Protect\n|\n|upkeep\n|turn|9\n|j| Xunyicaoawa\n|inactive|ahfoong0411 has 30 seconds left.\n|inactive|ahfoong0411 has 20 seconds left.\n|inactive|ahfoong0411 has 15 seconds left.\n|inactive|ahfoong0411 has 10 seconds left.\n|inactive|ahfoong0411 has 5 seconds left.\n|\n|t:|1738593652\n|move|p1a: Amoonguss|Protect||[still]\n|-fail|p1a: Amoonguss\n|move|p2a: Raging Bolt|Draco Meteor|p1a: Amoonguss\n|-damage|p1a: Amoonguss|19\/100\n|-unboost|p2a: Raging Bolt|spa|2\n|move|p2b: Calyrex|Glacial Lance|p1a: Amoonguss\n|-supereffective|p1a: Amoonguss\n|-crit|p1a: Amoonguss\n|-damage|p1a: Amoonguss|0 fnt\n|faint|p1a: Amoonguss\n|\n|win|Teraparkor 6\n|raw|ahfoong0411's rating: 1577 &rarr; <strong>1556<\/strong><br \/>(-21 for losing)\n|raw|Teraparkor 6's rating: 1555 &rarr; <strong>1576<\/strong><br \/>(+21 for winning)\n|l|\u2606Teraparkor 6\n|player|p2|\n|l|\u2606ahfoong0411\n|player|p1|\n|l| Xunyicaoawa\n","uploadtime":1738593858,"views":6,"formatid":"gen9vgc2025regg","rating":1556,"private":0,"password":null}