{"id":"gen9vgc2025regg-2293425083","format":"[Gen 9] VGC 2025 Reg G","players":["regidracofan712","LunarLooser"],"log":"|j|\u2606regidracofan712\n|j|\u2606LunarLooser\n|t:|1738569133\n|gametype|doubles\n|player|p1|regidracofan712|kimonogirl|1657\n|player|p2|LunarLooser|265|1615\n|teamsize|p1|6\n|teamsize|p2|6\n|gen|9\n|tier|[Gen 9] VGC 2025 Reg G\n|rated|\n|rule|Species Clause: Limit one of each Pok\u00e9mon\n|rule|Item Clause: Limit 1 of each item\n|clearpoke\n|poke|p1|Raging Bolt, L50|\n|poke|p1|Chien-Pao, L50|\n|poke|p1|Zamazenta-*, L50|\n|poke|p1|Rillaboom, L50, M|\n|poke|p1|Farigiraf, L50, M|\n|poke|p1|Chi-Yu, L50|\n|poke|p2|Kyogre, L50|\n|poke|p2|Tsareena, L50, F|\n|poke|p2|Urshifu-*, L50, M|\n|poke|p2|Landorus, L50, M|\n|poke|p2|Tornadus, L50, M|\n|poke|p2|Raging Bolt, L50|\n|teampreview|4\n|inactive|Battle timer is ON: inactive players will automatically lose when time's up. (requested by LunarLooser)\n|j| mr pogostick\n|\n|t:|1738569163\n|start\n|switch|p1a: Lay Ciege|Raging Bolt, L50|100\/100\n|switch|p1b: Rillaboom|Rillaboom, L50, M, shiny|100\/100\n|switch|p2a: Landorus|Landorus, L50, M|100\/100\n|switch|p2b: Raging Bolt|Raging Bolt, L50|100\/100\n|-fieldstart|move: Grassy Terrain|[from] ability: Grassy Surge|[of] p1b: Rillaboom\n|-enditem|p1a: Lay Ciege|Booster Energy\n|-activate|p1a: Lay Ciege|ability: Protosynthesis|[fromitem]\n|-start|p1a: Lay Ciege|protosynthesisspa\n|turn|1\n|\n|t:|1738569175\n|-terastallize|p1a: Lay Ciege|Fairy\n|move|p2a: Landorus|Protect|p2a: Landorus\n|-singleturn|p2a: Landorus|Protect\n|move|p1b: Rillaboom|Fake Out|p2a: Landorus\n|-activate|p2a: Landorus|move: Protect\n|move|p2b: Raging Bolt|Dragon Pulse|p1a: Lay Ciege\n|-immune|p1a: Lay Ciege\n|move|p1a: Lay Ciege|Dragon Pulse|p2b: Raging Bolt\n|-supereffective|p2b: Raging Bolt\n|-damage|p2b: Raging Bolt|30\/100\n|\n|-heal|p2b: Raging Bolt|36\/100|[from] Grassy Terrain\n|upkeep\n|turn|2\n|\n|t:|1738569191\n|-terastallize|p2a: Landorus|Poison\n|move|p1a: Lay Ciege|Protect|p1a: Lay Ciege\n|-singleturn|p1a: Lay Ciege|Protect\n|move|p2a: Landorus|Sludge Bomb|p1a: Lay Ciege\n|-activate|p1a: Lay Ciege|move: Protect\n|move|p1b: Rillaboom|Wood Hammer|p2a: Landorus\n|-resisted|p2a: Landorus\n|-damage|p2a: Landorus|63\/100\n|-damage|p1b: Rillaboom|90\/100|[from] Recoil\n|move|p2b: Raging Bolt|Electroweb|p1a: Lay Ciege|[spread] p1b\n|-activate|p1a: Lay Ciege|move: Protect\n|-resisted|p1b: Rillaboom\n|-damage|p1b: Rillaboom|83\/100\n|-unboost|p1b: Rillaboom|spe|1\n|\n|-heal|p2a: Landorus|69\/100|[from] Grassy Terrain\n|-heal|p2b: Raging Bolt|42\/100|[from] Grassy Terrain\n|-heal|p1b: Rillaboom|89\/100|[from] Grassy Terrain\n|upkeep\n|turn|3\n|\n|t:|1738569212\n|move|p1a: Lay Ciege|Thunderclap|p2a: Landorus\n|-damage|p2a: Landorus|12\/100\n|move|p2a: Landorus|Sandsear Storm|p1a: Lay Ciege|[spread] p1a,p1b\n|-resisted|p1b: Rillaboom\n|-damage|p1a: Lay Ciege|52\/100\n|-damage|p1b: Rillaboom|72\/100\n|move|p2b: Raging Bolt|Thunder|p1b: Rillaboom\n|-resisted|p1b: Rillaboom\n|-crit|p1b: Rillaboom\n|-damage|p1b: Rillaboom|47\/100\n|move|p1b: Rillaboom|U-turn|p2b: Raging Bolt\n|-damage|p2b: Raging Bolt|26\/100\n|\n|t:|1738569227\n|switch|p1b: Chien-Pao|Chien-Pao, L50|100\/100|[from] U-turn\n|-ability|p1b: Chien-Pao|Sword of Ruin\n|\n|-heal|p2a: Landorus|18\/100|[from] Grassy Terrain\n|-heal|p2b: Raging Bolt|33\/100|[from] Grassy Terrain\n|-heal|p1a: Lay Ciege|58\/100|[from] Grassy Terrain\n|upkeep\n|turn|4\n|\n|t:|1738569235\n|move|p2a: Landorus|Protect|p2a: Landorus\n|-singleturn|p2a: Landorus|Protect\n|move|p1b: Chien-Pao|Sucker Punch|p2b: Raging Bolt\n|-damage|p2b: Raging Bolt|0 fnt\n|faint|p2b: Raging Bolt\n|-end|p2b: Raging Bolt|Protosynthesis|[silent]\n|move|p1a: Lay Ciege|Thunderclap||[still]\n|-fail|p1a: Lay Ciege\n|\n|-heal|p2a: Landorus|24\/100|[from] Grassy Terrain\n|-heal|p1a: Lay Ciege|64\/100|[from] Grassy Terrain\n|upkeep\n|\n|t:|1738569247\n|switch|p2b: Urshifu|Urshifu-Rapid-Strike, L50, M|100\/100\n|turn|5\n|\n|t:|1738569257\n|move|p1a: Lay Ciege|Thunderclap|p2b: Urshifu\n|-supereffective|p2b: Urshifu\n|-damage|p2b: Urshifu|0 fnt\n|faint|p2b: Urshifu\n|move|p1b: Chien-Pao|Throat Chop|p2a: Landorus\n|-damage|p2a: Landorus|0 fnt\n|faint|p2a: Landorus\n|\n|-heal|p1a: Lay Ciege|71\/100|[from] Grassy Terrain\n|-fieldend|move: Grassy Terrain\n|upkeep\n|-message|LunarLooser forfeited.\n|\n|win|regidracofan712\n|raw|regidracofan712's rating: 1657 &rarr; <strong>1675<\/strong><br \/>(+18 for winning)\n|raw|LunarLooser's rating: 1615 &rarr; <strong>1597<\/strong><br \/>(-18 for losing)\n|l|\u2606LunarLooser\n|player|p2|\n|l|\u2606regidracofan712\n|player|p1|\n","uploadtime":1738569460,"views":15,"formatid":"gen9vgc2025regg","rating":1597,"private":0,"password":null}