{"id":"gen9vgc2025regg-2293070551","format":"[Gen 9] VGC 2025 Reg G","players":["jdarcan","NPC Red Panther"],"log":"|j|\u2606jdarcan\n|j|\u2606NPC Red Panther\n|t:|1738520012\n|gametype|doubles\n|player|p1|jdarcan|pokemonranger|1630\n|player|p2|NPC Red Panther|169|1620\n|teamsize|p1|6\n|teamsize|p2|6\n|gen|9\n|tier|[Gen 9] VGC 2025 Reg G\n|rated|\n|rule|Species Clause: Limit one of each Pok\u00e9mon\n|rule|Item Clause: Limit 1 of each item\n|clearpoke\n|poke|p1|Calyrex-Shadow, L50|\n|poke|p1|Urshifu-*, L50, M|\n|poke|p1|Weezing-Galar, L50, M|\n|poke|p1|Ogerpon-Wellspring, L50, F|\n|poke|p1|Indeedee-F, L50, F|\n|poke|p1|Mienshao, L50, M|\n|poke|p2|Calyrex-Ice, L50|\n|poke|p2|Mienshao, L50, F|\n|poke|p2|Tornadus, L50, M|\n|poke|p2|Ting-Lu, L50|\n|poke|p2|Scream Tail, L50|\n|poke|p2|Gothitelle, L50, M|\n|teampreview|4\n|j| bluestraggler02\n|\n|t:|1738520048\n|start\n|switch|p1a: Calyrex|Calyrex-Shadow, L50|100\/100\n|switch|p1b: Mienshao|Mienshao, L50, M|100\/100\n|switch|p2a: Tornadus|Tornadus, L50, M|100\/100\n|switch|p2b: Ting-Lu|Ting-Lu, L50|100\/100\n|-ability|p1a: Calyrex|As One\n|-ability|p1a: Calyrex|Unnerve\n|-ability|p2b: Ting-Lu|Vessel of Ruin\n|turn|1\n|\n|t:|1738520079\n|move|p1a: Calyrex|Protect|p1a: Calyrex\n|-singleturn|p1a: Calyrex|Protect\n|move|p2a: Tornadus|Taunt|p1b: Mienshao\n|-start|p1b: Mienshao|move: Taunt\n|move|p1b: Mienshao|Close Combat|p2b: Ting-Lu\n|-supereffective|p2b: Ting-Lu\n|-damage|p2b: Ting-Lu|38\/100\n|-unboost|p1b: Mienshao|def|1\n|-unboost|p1b: Mienshao|spd|1\n|move|p2b: Ting-Lu|Ruination|p1a: Calyrex\n|-activate|p1a: Calyrex|move: Protect\n|\n|-heal|p2b: Ting-Lu|44\/100|[from] item: Leftovers\n|upkeep\n|turn|2\n|\n|t:|1738520107\n|switch|p2b: Scream Tail|Scream Tail, L50|100\/100\n|-enditem|p2b: Scream Tail|Booster Energy\n|-activate|p2b: Scream Tail|ability: Protosynthesis|[fromitem]\n|-start|p2b: Scream Tail|protosynthesisspe\n|move|p1a: Calyrex|Astral Barrage|p2b: Scream Tail|[spread] p2a,p2b\n|-supereffective|p2b: Scream Tail\n|-crit|p2b: Scream Tail\n|-damage|p2a: Tornadus|34\/100\n|-damage|p2b: Scream Tail|0 fnt\n|faint|p2b: Scream Tail\n|-end|p2b: Scream Tail|Protosynthesis|[silent]\n|-ability|p1a: Calyrex|Grim Neigh|boost\n|-boost|p1a: Calyrex|spa|1\n|-damage|p1a: Calyrex|91\/100|[from] item: Life Orb\n|move|p1b: Mienshao|Close Combat|p2a: Tornadus\n|-resisted|p2a: Tornadus\n|-damage|p2a: Tornadus|4\/100\n|-unboost|p1b: Mienshao|def|1\n|-unboost|p1b: Mienshao|spd|1\n|move|p2a: Tornadus|Bleakwind Storm|p1a: Calyrex|[spread] \n|-miss|p2a: Tornadus|p1a: Calyrex\n|-miss|p2a: Tornadus|p1b: Mienshao\n|\n|upkeep\n|\n|t:|1738520118\n|switch|p2b: Calyrex|Calyrex-Ice, L50|100\/100\n|-ability|p2b: Calyrex|As One\n|-ability|p2b: Calyrex|Unnerve\n|turn|3\n|\n|t:|1738520144\n|-terastallize|p2b: Calyrex|Water\n|move|p1b: Mienshao|Feint|p2a: Tornadus\n|-damage|p2a: Tornadus|0 fnt\n|faint|p2a: Tornadus\n|move|p1a: Calyrex|Astral Barrage|p2b: Calyrex\n|-damage|p2b: Calyrex|30\/100\n|-damage|p1a: Calyrex|81\/100|[from] item: Life Orb\n|move|p2b: Calyrex|Glacial Lance|p1a: Calyrex|[spread] p1a,p1b\n|-damage|p1a: Calyrex|16\/100\n|-enditem|p1b: Mienshao|Focus Sash\n|-damage|p1b: Mienshao|1\/100\n|\n|-end|p1b: Mienshao|move: Taunt\n|upkeep\n|\n|t:|1738520158\n|switch|p2a: Ting-Lu|Ting-Lu, L50|44\/100\n|-ability|p2a: Ting-Lu|Vessel of Ruin\n|turn|4\n|\n|t:|1738520167\n|move|p1b: Mienshao|Feint|p2b: Calyrex\n|-damage|p2b: Calyrex|24\/100\n|move|p1a: Calyrex|Astral Barrage|p2a: Ting-Lu|[spread] p2a,p2b\n|-resisted|p2a: Ting-Lu\n|-damage|p2a: Ting-Lu|20\/100\n|-damage|p2b: Calyrex|0 fnt\n|faint|p2b: Calyrex\n|-ability|p1a: Calyrex|Grim Neigh|boost\n|-boost|p1a: Calyrex|spa|1\n|-damage|p1a: Calyrex|6\/100|[from] item: Life Orb\n|move|p2a: Ting-Lu|Stomping Tantrum|p1a: Calyrex\n|-damage|p1a: Calyrex|0 fnt\n|faint|p1a: Calyrex\n|\n|-heal|p2a: Ting-Lu|27\/100|[from] item: Leftovers\n|upkeep\n|\n|t:|1738520176\n|switch|p1a: Urshifu|Urshifu, L50, M|100\/100\n|turn|5\n|-message|NPC Red Panther forfeited.\n|\n|win|jdarcan\n|raw|jdarcan's rating: 1630 &rarr; <strong>1649<\/strong><br \/>(+19 for winning)\n|raw|NPC Red Panther's rating: 1620 &rarr; <strong>1601<\/strong><br \/>(-19 for losing)\n|l|\u2606NPC Red Panther\n|player|p2|\n|l| bluestraggler02\n","uploadtime":1738520458,"views":32,"formatid":"gen9vgc2025regg","rating":1601,"private":0,"password":null}