{"id":"gen9vgc2025regg-2293290207","format":"[Gen 9] VGC 2025 Reg G","players":["qunqun24","DavidElGafe"],"log":"|j|\u2606qunqun24\n|j|\u2606DavidElGafe\n|t:|1738547136\n|gametype|doubles\n|player|p1|qunqun24|170|1556\n|player|p2|DavidElGafe|blue|1566\n|teamsize|p1|6\n|teamsize|p2|6\n|gen|9\n|tier|[Gen 9] VGC 2025 Reg G\n|rated|\n|rule|Species Clause: Limit one of each Pok\u00e9mon\n|rule|Item Clause: Limit 1 of each item\n|clearpoke\n|poke|p1|Calyrex-Shadow, L50|\n|poke|p1|Ting-Lu, L50|\n|poke|p1|Dondozo, L50, M|\n|poke|p1|Urshifu-*, L50, F|\n|poke|p1|Ogerpon-Hearthflame, L50, F|\n|poke|p1|Whimsicott, L50, M|\n|poke|p2|Zamazenta-*, L50|\n|poke|p2|Chi-Yu, L50|\n|poke|p2|Raging Bolt, L50|\n|poke|p2|Rillaboom, L50, M|\n|poke|p2|Ditto, L50|\n|poke|p2|Whimsicott, L50, M|\n|teampreview|4\n|inactive|Battle timer is ON: inactive players will automatically lose when time's up. (requested by qunqun24)\n|j| uekfl\n|\n|t:|1738547156\n|start\n|switch|p1a: Ting-Lu|Ting-Lu, L50|100\/100\n|switch|p1b: Dondozo|Dondozo, L50, M|100\/100\n|switch|p2a: Whimsicott|Whimsicott, L50, M, shiny|100\/100\n|switch|p2b: Raging Bolt|Raging Bolt, L50|100\/100\n|-ability|p1a: Ting-Lu|Vessel of Ruin\n|turn|1\n|\n|t:|1738547176\n|-terastallize|p1b: Dondozo|Dragon\n|move|p2a: Whimsicott|Protect|p2a: Whimsicott\n|-singleturn|p2a: Whimsicott|Protect\n|move|p2b: Raging Bolt|Protect|p2b: Raging Bolt\n|-singleturn|p2b: Raging Bolt|Protect\n|move|p1a: Ting-Lu|Stealth Rock|p2b: Raging Bolt\n|-sidestart|p2: DavidElGafe|move: Stealth Rock\n|move|p1b: Dondozo|Yawn|p2a: Whimsicott\n|-activate|p2a: Whimsicott|move: Protect\n|\n|upkeep\n|turn|2\n|\n|t:|1738547200\n|move|p1a: Ting-Lu|Protect|p1a: Ting-Lu\n|-singleturn|p1a: Ting-Lu|Protect\n|move|p2a: Whimsicott|Encore|p1b: Dondozo\n|-start|p1b: Dondozo|Encore\n|move|p2b: Raging Bolt|Draco Meteor|p1b: Dondozo|[miss]\n|-miss|p2b: Raging Bolt|p1b: Dondozo\n|move|p1b: Dondozo|Yawn|p2b: Raging Bolt\n|-start|p2b: Raging Bolt|move: Yawn|[of] p1b: Dondozo\n|\n|upkeep\n|turn|3\n|\n|t:|1738547222\n|-end|p2b: Raging Bolt|Protosynthesis|[silent]\n|switch|p2b: Ditto|Ditto, L50, shiny|100\/100\n|-damage|p2b: Ditto|88\/100|[from] Stealth Rock\n|-transform|p2b: Ditto|p1a: Ting-Lu|[from] ability: Imposter\n|-ability|p2b: Ditto|Vessel of Ruin\n|switch|p1a: Calyrex|Calyrex-Shadow, L50|100\/100\n|-ability|p1a: Calyrex|As One\n|-ability|p1a: Calyrex|Unnerve\n|move|p2a: Whimsicott|Moonblast|p1a: Calyrex\n|-damage|p1a: Calyrex|76\/100\n|move|p1b: Dondozo|Yawn|p2a: Whimsicott\n|-start|p2a: Whimsicott|move: Yawn|[of] p1b: Dondozo\n|\n|upkeep\n|turn|4\n|inactive|qunqun24 has 30 seconds left.\n|inactive|DavidElGafe has 30 seconds left.\n|inactive|qunqun24 has 20 seconds left.\n|inactive|DavidElGafe has 20 seconds left.\n|inactive|qunqun24 has 15 seconds left.\n|inactive|DavidElGafe has 15 seconds left.\n|\n|t:|1738547266\n|switch|p1a: Ting-Lu|Ting-Lu, L50|100\/100\n|-ability|p1a: Ting-Lu|Vessel of Ruin\n|move|p2a: Whimsicott|Tailwind|p2a: Whimsicott\n|-sidestart|p2: DavidElGafe|move: Tailwind\n|move|p2b: Ditto|Stealth Rock|p1a: Ting-Lu\n|-sidestart|p1: qunqun24|move: Stealth Rock\n|move|p1b: Dondozo|Yawn|p2b: Ditto\n|-start|p2b: Ditto|move: Yawn|[of] p1b: Dondozo\n|\n|-end|p1b: Dondozo|Encore\n|-end|p2a: Whimsicott|move: Yawn|[silent]\n|-status|p2a: Whimsicott|slp\n|upkeep\n|turn|5\n|inactive|DavidElGafe has 30 seconds left.\n|inactive|DavidElGafe has 20 seconds left.\n|\n|t:|1738547302\n|switch|p2b: Raging Bolt|Raging Bolt, L50|100\/100\n|-damage|p2b: Raging Bolt|88\/100|[from] Stealth Rock\n|cant|p2a: Whimsicott|slp\n|move|p1a: Ting-Lu|Ruination|p2a: Whimsicott\n|-damage|p2a: Whimsicott|51\/100 slp\n|move|p1b: Dondozo|Yawn|p2b: Raging Bolt\n|-start|p2b: Raging Bolt|move: Yawn|[of] p1b: Dondozo\n|\n|upkeep\n|turn|6\n|inactive|DavidElGafe has 30 seconds left.\n|\n|t:|1738547335\n|cant|p2a: Whimsicott|slp\n|move|p2b: Raging Bolt|Draco Meteor|p1b: Dondozo\n|-supereffective|p1b: Dondozo\n|-damage|p1b: Dondozo|0 fnt\n|-unboost|p2b: Raging Bolt|spa|2\n|faint|p1b: Dondozo\n|-damage|p2b: Raging Bolt|79\/100|[from] item: Life Orb\n|move|p1a: Ting-Lu|Sand Tomb|p2a: Whimsicott\n|-resisted|p2a: Whimsicott\n|-damage|p2a: Whimsicott|42\/100 slp\n|-activate|p2a: Whimsicott|move: Sand Tomb|[of] p1a: Ting-Lu\n|\n|-damage|p2a: Whimsicott|29\/100 slp|[from] move: Sand Tomb|[partiallytrapped]\n|-end|p2b: Raging Bolt|move: Yawn|[silent]\n|-status|p2b: Raging Bolt|slp\n|upkeep\n|\n|t:|1738547346\n|switch|p1b: Calyrex|Calyrex-Shadow, L50|76\/100\n|-ability|p1b: Calyrex|As One\n|-ability|p1b: Calyrex|Unnerve\n|-damage|p1b: Calyrex|64\/100|[from] Stealth Rock\n|turn|7\n|j| IceIceCrazy\n|\n|t:|1738547376\n|cant|p2b: Raging Bolt|slp\n|cant|p2a: Whimsicott|slp\n|move|p1b: Calyrex|Astral Barrage|p2a: Whimsicott|[spread] p2a,p2b\n|-damage|p2a: Whimsicott|0 fnt\n|-damage|p2b: Raging Bolt|25\/100 slp\n|faint|p2a: Whimsicott\n|-ability|p1b: Calyrex|Grim Neigh|boost\n|-boost|p1b: Calyrex|spa|1\n|-damage|p1b: Calyrex|55\/100|[from] item: Life Orb\n|move|p1a: Ting-Lu|Sand Tomb|p2b: Raging Bolt\n|-supereffective|p2b: Raging Bolt\n|-damage|p2b: Raging Bolt|0 fnt\n|faint|p2b: Raging Bolt\n|-end|p2b: Raging Bolt|Protosynthesis|[silent]\n|\n|-sideend|p2: DavidElGafe|move: Tailwind\n|upkeep\n|l| IceIceCrazy\n|\n|t:|1738547385\n|switch|p2a: Ditto|Ditto, L50, shiny|88\/100\n|switch|p2b: Zamazenta|Zamazenta-Crowned, L50|100\/100\n|-damage|p2b: Zamazenta|98\/100|[from] Stealth Rock\n|-ability|p2b: Zamazenta|Dauntless Shield|boost\n|-boost|p2b: Zamazenta|def|1\n|-damage|p2a: Ditto|76\/100|[from] Stealth Rock\n|-transform|p2a: Ditto|p1b: Calyrex|[from] ability: Imposter\n|-ability|p2a: Ditto|As One\n|-ability|p2a: Ditto|Unnerve\n|turn|8\n|inactive|qunqun24 has 30 seconds left.\n|inactive|DavidElGafe has 30 seconds left.\n|inactive|qunqun24 has 20 seconds left.\n|inactive|DavidElGafe has 20 seconds left.\n|inactive|DavidElGafe has 15 seconds left.\n|\n|t:|1738547426\n|move|p2a: Ditto|Protect|p2a: Ditto\n|-singleturn|p2a: Ditto|Protect\n|move|p1b: Calyrex|Protect|p1b: Calyrex\n|-singleturn|p1b: Calyrex|Protect\n|move|p2b: Zamazenta|Protect|p2b: Zamazenta\n|-singleturn|p2b: Zamazenta|Protect\n|move|p1a: Ting-Lu|Sand Tomb|p2b: Zamazenta\n|-activate|p2b: Zamazenta|move: Protect\n|\n|upkeep\n|turn|9\n|\n|t:|1738547446\n|move|p2b: Zamazenta|Wide Guard|p2b: Zamazenta\n|-singleturn|p2b: Zamazenta|Wide Guard\n|move|p2a: Ditto|Astral Barrage|p1a: Ting-Lu|[spread] p1a,p1b\n|-resisted|p1a: Ting-Lu\n|-supereffective|p1b: Calyrex\n|-damage|p1a: Ting-Lu|79\/100\n|-damage|p1b: Calyrex|0 fnt\n|faint|p1b: Calyrex\n|-ability|p2a: Ditto|Grim Neigh|boost\n|-boost|p2a: Ditto|spa|1\n|move|p1a: Ting-Lu|Sand Tomb|p2b: Zamazenta\n|-supereffective|p2b: Zamazenta\n|-damage|p2b: Zamazenta|87\/100\n|-activate|p2b: Zamazenta|move: Sand Tomb|[of] p1a: Ting-Lu\n|\n|-damage|p2b: Zamazenta|74\/100|[from] move: Sand Tomb|[partiallytrapped]\n|upkeep\n|\n|t:|1738547451\n|switch|p1b: Urshifu|Urshifu, L50, F|100\/100\n|-damage|p1b: Urshifu|95\/100|[from] Stealth Rock\n|turn|10\n|\n|t:|1738547475\n|-terastallize|p2b: Zamazenta|Dragon\n|move|p2a: Ditto|Substitute|p2a: Ditto\n|-start|p2a: Ditto|Substitute\n|-damage|p2a: Ditto|51\/100\n|move|p2b: Zamazenta|Body Press|p1b: Urshifu\n|-supereffective|p1b: Urshifu\n|-damage|p1b: Urshifu|0 fnt\n|faint|p1b: Urshifu\n|move|p1a: Ting-Lu|Sand Tomb|p2a: Ditto\n|-crit|p2a: Ditto\n|-end|p2a: Ditto|Substitute\n|\n|-damage|p2b: Zamazenta|62\/100|[from] move: Sand Tomb|[partiallytrapped]\n|upkeep\n|turn|11\n|\n|t:|1738547490\n|move|p2a: Ditto|Astral Barrage|p1a: Ting-Lu\n|-resisted|p1a: Ting-Lu\n|-damage|p1a: Ting-Lu|41\/100\n|move|p2b: Zamazenta|Body Press|p1a: Ting-Lu\n|-supereffective|p1a: Ting-Lu\n|-damage|p1a: Ting-Lu|0 fnt\n|-damage|p2b: Zamazenta|46\/100|[from] item: Rocky Helmet|[of] p1a: Ting-Lu\n|faint|p1a: Ting-Lu\n|\n|win|DavidElGafe\n|raw|qunqun24's rating: 1556 &rarr; <strong>1537<\/strong><br \/>(-19 for losing)\n|raw|DavidElGafe's rating: 1566 &rarr; <strong>1585<\/strong><br \/>(+19 for winning)\n|l|\u2606DavidElGafe\n|player|p2|\n|l| uekfl\n|l|\u2606qunqun24\n|player|p1|\n|j|\u2606DavidElGafe\n|player|p2|DavidElGafe|blue|\n","uploadtime":1738547499,"views":10,"formatid":"gen9vgc2025regg","rating":1537,"private":0,"password":null}