{"id":"gen9vgc2025regg-2293708949","format":"[Gen 9] VGC 2025 Reg G","players":["pokemasterz461","YGod_games_power"],"log":"|j|\u2606pokemasterz461\n|j|\u2606YGod_games_power\n|t:|1738607786\n|gametype|doubles\n|player|p1|pokemasterz461|169|1584\n|player|p2|YGod_games_power|169|1593\n|teamsize|p1|6\n|teamsize|p2|6\n|gen|9\n|tier|[Gen 9] VGC 2025 Reg G\n|rated|\n|rule|Species Clause: Limit one of each Pok\u00e9mon\n|rule|Item Clause: Limit 1 of each item\n|clearpoke\n|poke|p1|Miraidon, L50|\n|poke|p1|Iron Hands, L50|\n|poke|p1|Grimmsnarl, L50, M|\n|poke|p1|Ogerpon-Hearthflame, L50, F|\n|poke|p1|Chien-Pao, L50|\n|poke|p1|Dragonite, L50, F|\n|poke|p2|Kyogre, L50|\n|poke|p2|Urshifu-*, L50, M|\n|poke|p2|Pelipper, L50, M|\n|poke|p2|Tornadus, L50, M|\n|poke|p2|Tsareena, L50, F|\n|poke|p2|Basculegion, L50, M|\n|teampreview|4\n|\n|t:|1738607816\n|start\n|switch|p1a: Douglass|Dragonite, L50, F|100\/100\n|switch|p1b: True Ogre|Grimmsnarl, L50, M|100\/100\n|switch|p2a: Kyogre|Kyogre, L50|100\/100\n|switch|p2b: Urshifu|Urshifu-Rapid-Strike, L50, M|100\/100\n|-weather|RainDance|[from] ability: Drizzle|[of] p2a: Kyogre\n|turn|1\n|inactive|Battle timer is ON: inactive players will automatically lose when time's up. (requested by pokemasterz461)\n|\n|t:|1738607833\n|-terastallize|p2a: Kyogre|Water\n|move|p1b: True Ogre|Light Screen|p1b: True Ogre\n|-sidestart|p1: pokemasterz461|move: Light Screen\n|move|p2b: Urshifu|Surging Strikes|p1a: Douglass\n|-resisted|p1a: Douglass\n|-crit|p1a: Douglass\n|-damage|p1a: Douglass|76\/100\n|-resisted|p1a: Douglass\n|-crit|p1a: Douglass\n|-damage|p1a: Douglass|53\/100\n|-resisted|p1a: Douglass\n|-crit|p1a: Douglass\n|-damage|p1a: Douglass|29\/100\n|-hitcount|p1a: Douglass|3\n|move|p2a: Kyogre|Water Spout|p1b: True Ogre|[spread] p1a,p1b\n|-resisted|p1a: Douglass\n|-damage|p1a: Douglass|0 fnt\n|-damage|p1b: True Ogre|0 fnt\n|faint|p1a: Douglass\n|faint|p1b: True Ogre\n|\n|-weather|RainDance|[upkeep]\n|upkeep\n|\n|t:|1738607849\n|switch|p1a: Miraluce|Miraidon, L50|100\/100\n|switch|p1b: Juggernaut|Iron Hands, L50|100\/100\n|-fieldstart|move: Electric Terrain|[from] ability: Hadron Engine|[of] p1a: Miraluce\n|-activate|p1b: Juggernaut|ability: Quark Drive\n|-start|p1b: Juggernaut|quarkdriveatk\n|turn|2\n|\n|t:|1738607861\n|-terastallize|p1b: Juggernaut|Water\n|move|p1a: Miraluce|Electro Drift|p2b: Urshifu\n|-supereffective|p2b: Urshifu\n|-damage|p2b: Urshifu|0 fnt\n|faint|p2b: Urshifu\n|move|p2a: Kyogre|Water Spout|p1a: Miraluce|[spread] p1a,p1b\n|-resisted|p1a: Miraluce\n|-resisted|p1b: Juggernaut\n|-damage|p1a: Miraluce|41\/100\n|-damage|p1b: Juggernaut|64\/100\n|move|p1b: Juggernaut|Low Kick|p2a: Kyogre\n|-damage|p2a: Kyogre|0 fnt\n|faint|p2a: Kyogre\n|\n|-weather|RainDance|[upkeep]\n|upkeep\n|\n|t:|1738607875\n|switch|p2b: Basculegion|Basculegion, L50, M|100\/100\n|switch|p2a: Tornadus|Tornadus, L50, M|100\/100\n|turn|3\n|inactive|YGod_games_power has 30 seconds left.\n|\n|t:|1738607901\n|move|p2b: Basculegion|Protect|p2b: Basculegion\n|-singleturn|p2b: Basculegion|Protect\n|move|p2a: Tornadus|Tailwind|p2a: Tornadus\n|-sidestart|p2: YGod_games_power|move: Tailwind\n|move|p1a: Miraluce|Electro Drift|p2b: Basculegion\n|-activate|p2b: Basculegion|move: Protect\n|move|p1b: Juggernaut|Wild Charge|p2b: Basculegion\n|-activate|p2b: Basculegion|move: Protect\n|\n|-weather|RainDance|[upkeep]\n|upkeep\n|turn|4\n|\n|t:|1738607920\n|move|p2b: Basculegion|Last Respects|p1a: Miraluce\n|-damage|p1a: Miraluce|0 fnt\n|faint|p1a: Miraluce\n|-damage|p2b: Basculegion|91\/100|[from] item: Life Orb\n|move|p2a: Tornadus|Bleakwind Storm|p1b: Juggernaut\n|-damage|p1b: Juggernaut|50\/100\n|move|p1b: Juggernaut|Wild Charge|p2b: Basculegion\n|-supereffective|p2b: Basculegion\n|-damage|p2b: Basculegion|0 fnt\n|faint|p2b: Basculegion\n|-damage|p1b: Juggernaut|31\/100|[from] Recoil\n|\n|-weather|RainDance|[upkeep]\n|upkeep\n|turn|5\n|\n|t:|1738607937\n|move|p2a: Tornadus|Bleakwind Storm|p1b: Juggernaut\n|-damage|p1b: Juggernaut|16\/100\n|move|p1b: Juggernaut|Wild Charge|p2a: Tornadus\n|-supereffective|p2a: Tornadus\n|-damage|p2a: Tornadus|0 fnt\n|faint|p2a: Tornadus\n|-damage|p1b: Juggernaut|0 fnt|[from] Recoil\n|faint|p1b: Juggernaut\n|-end|p1b: Juggernaut|Quark Drive|[silent]\n|\n|win|pokemasterz461\n|raw|pokemasterz461's rating: 1584 &rarr; <strong>1605<\/strong><br \/>(+21 for winning)\n|raw|YGod_games_power's rating: 1593 &rarr; <strong>1572<\/strong><br \/>(-21 for losing)\n|l|\u2606pokemasterz461\n|player|p1|\n|l|\u2606YGod_games_power\n|player|p2|\n","uploadtime":1738608111,"views":17,"formatid":"gen9vgc2025regg","rating":1572,"private":0,"password":null}