{"id":"gen9vgc2025regg-2293744488","format":"[Gen 9] VGC 2025 Reg G","players":["ekalsow","Diestoise"],"log":"|j|\u2606ekalsow\n|j|\u2606Diestoise\n|t:|1738611270\n|gametype|doubles\n|player|p1|ekalsow|gambler|1633\n|player|p2|Diestoise|blue|1606\n|teamsize|p1|6\n|teamsize|p2|6\n|gen|9\n|tier|[Gen 9] VGC 2025 Reg G\n|rated|\n|rule|Species Clause: Limit one of each Pok\u00e9mon\n|rule|Item Clause: Limit 1 of each item\n|clearpoke\n|poke|p1|Pelipper, L50, F|\n|poke|p1|Zacian-*, L50|\n|poke|p1|Kingambit, L50, F|\n|poke|p1|Rillaboom, L50, M|\n|poke|p1|Farigiraf, L50, F|\n|poke|p1|Ogerpon-Hearthflame, L50, F|\n|poke|p2|Koraidon, L50|\n|poke|p2|Raging Bolt, L50|\n|poke|p2|Entei, L50|\n|poke|p2|Flutter Mane, L50|\n|poke|p2|Venusaur, L50, F|\n|poke|p2|Ditto, L50|\n|teampreview|4\n|\n|t:|1738611310\n|start\n|switch|p1a: Zacian|Zacian-Crowned, L50|100\/100\n|switch|p1b: Rillaboom|Rillaboom, L50, M|100\/100\n|switch|p2a: Entei|Entei, L50|100\/100\n|switch|p2b: Raging Bolt|Raging Bolt, L50|100\/100\n|-ability|p1a: Zacian|Intrepid Sword|boost\n|-boost|p1a: Zacian|atk|1\n|-fieldstart|move: Grassy Terrain|[from] ability: Grassy Surge|[of] p1b: Rillaboom\n|turn|1\n|\n|t:|1738611349\n|switch|p1b: Pelipper|Pelipper, L50, F|100\/100\n|-weather|RainDance|[from] ability: Drizzle|[of] p1b: Pelipper\n|-end|p2b: Raging Bolt|Protosynthesis|[silent]\n|switch|p2b: Ditto|Ditto, L50|100\/100\n|-transform|p2b: Ditto|p1a: Zacian|[from] ability: Imposter\n|-ability|p2b: Ditto|Intrepid Sword|boost\n|-boost|p2b: Ditto|atk|1\n|-terastallize|p1a: Zacian|Fairy\n|move|p1a: Zacian|Play Rough|p2b: Ditto\n|-resisted|p2b: Ditto\n|-damage|p2b: Ditto|46\/100\n|move|p2a: Entei|Sacred Fire|p1a: Zacian\n|-damage|p1a: Zacian|75\/100\n|\n|-weather|RainDance|[upkeep]\n|-heal|p2b: Ditto|52\/100|[from] Grassy Terrain\n|-heal|p1a: Zacian|82\/100|[from] Grassy Terrain\n|upkeep\n|turn|2\n|\n|t:|1738611380\n|switch|p1b: Rillaboom|Rillaboom, L50, M|100\/100\n|switch|p2a: Raging Bolt|Raging Bolt, L50|100\/100\n|move|p2b: Ditto|Protect|p2b: Ditto\n|-singleturn|p2b: Ditto|Protect\n|move|p1a: Zacian|Behemoth Blade|p2b: Ditto\n|-activate|p2b: Ditto|move: Protect\n|\n|-weather|RainDance|[upkeep]\n|-heal|p2b: Ditto|58\/100|[from] Grassy Terrain\n|-heal|p1a: Zacian|88\/100|[from] Grassy Terrain\n|upkeep\n|turn|3\n|-activate|p2b: Ditto|item: Quick Claw\n|\n|t:|1738611405\n|-end|p2a: Raging Bolt|Protosynthesis|[silent]\n|switch|p2a: Entei|Entei, L50|100\/100\n|-terastallize|p2b: Ditto|Ghost\n|move|p1b: Rillaboom|Fake Out|p2b: Ditto\n|-immune|p2b: Ditto\n|move|p2b: Ditto|Behemoth Blade|p1a: Zacian\n|-supereffective|p1a: Zacian\n|-damage|p1a: Zacian|0 fnt\n|faint|p1a: Zacian\n|\n|-weather|RainDance|[upkeep]\n|-heal|p2b: Ditto|64\/100|[from] Grassy Terrain\n|upkeep\n|\n|t:|1738611413\n|switch|p1a: Ogerpon|Ogerpon-Hearthflame, L50, F|100\/100\n|-ability|p1a: Ogerpon|Mold Breaker\n|turn|4\n|-activate|p2b: Ditto|item: Quick Claw\n|\n|t:|1738611432\n|move|p2b: Ditto|Protect|p2b: Ditto\n|-singleturn|p2b: Ditto|Protect\n|move|p1a: Ogerpon|Grassy Glide|p2b: Ditto\n|-activate|p2b: Ditto|move: Protect\n|move|p1b: Rillaboom|Grassy Glide|p2b: Ditto\n|-activate|p2b: Ditto|move: Protect\n|move|p2a: Entei|Sacred Fire|p1b: Rillaboom\n|-supereffective|p1b: Rillaboom\n|-damage|p1b: Rillaboom|50\/100\n|-status|p1b: Rillaboom|brn\n|\n|-weather|RainDance|[upkeep]\n|-heal|p2b: Ditto|70\/100|[from] Grassy Terrain\n|-heal|p1b: Rillaboom|56\/100 brn|[from] Grassy Terrain\n|-damage|p1b: Rillaboom|50\/100 brn|[from] brn\n|upkeep\n|turn|5\n|-activate|p2b: Ditto|item: Quick Claw\n|\n|t:|1738611461\n|move|p1a: Ogerpon|Grassy Glide|p2b: Ditto\n|-damage|p2b: Ditto|26\/100\n|move|p1b: Rillaboom|Grassy Glide|p2b: Ditto\n|-damage|p2b: Ditto|8\/100\n|move|p2b: Ditto|Behemoth Blade|p1a: Ogerpon\n|-resisted|p1a: Ogerpon\n|-damage|p1a: Ogerpon|27\/100\n|move|p2a: Entei|Sacred Fire|p1b: Rillaboom|[miss]\n|-miss|p2a: Entei|p1b: Rillaboom\n|\n|-weather|none\n|-heal|p2b: Ditto|14\/100|[from] Grassy Terrain\n|-heal|p1a: Ogerpon|33\/100|[from] Grassy Terrain\n|-heal|p1b: Rillaboom|56\/100 brn|[from] Grassy Terrain\n|-damage|p1b: Rillaboom|50\/100 brn|[from] brn\n|-fieldend|move: Grassy Terrain\n|upkeep\n|turn|6\n|\n|t:|1738611486\n|move|p2a: Entei|Extreme Speed|p1a: Ogerpon\n|-damage|p1a: Ogerpon|0 fnt\n|faint|p1a: Ogerpon\n|move|p2b: Ditto|Play Rough|p1b: Rillaboom\n|-crit|p1b: Rillaboom\n|-damage|p1b: Rillaboom|0 fnt\n|faint|p1b: Rillaboom\n|\n|upkeep\n|\n|t:|1738611489\n|switch|p1b: Pelipper|Pelipper, L50, F|100\/100\n|-weather|RainDance|[from] ability: Drizzle|[of] p1b: Pelipper\n|turn|7\n|\n|t:|1738611498\n|move|p2a: Entei|Extreme Speed|p1b: Pelipper\n|-damage|p1b: Pelipper|63\/100\n|move|p2b: Ditto|Play Rough|p1b: Pelipper\n|-damage|p1b: Pelipper|0 fnt\n|faint|p1b: Pelipper\n|\n|win|Diestoise\n|raw|ekalsow's rating: 1633 &rarr; <strong>1611<\/strong><br \/>(-22 for losing)\n|raw|Diestoise's rating: 1606 &rarr; <strong>1628<\/strong><br \/>(+22 for winning)\n|l|\u2606Diestoise\n|player|p2|\n|l|\u2606ekalsow\n|player|p1|\n","uploadtime":1738611742,"views":8,"formatid":"gen9vgc2025regg","rating":1611,"private":0,"password":null}