{"id":"gen9vgc2025regg-2293535637","format":"[Gen 9] VGC 2025 Reg G","players":["mustrechargecsr","head0fthetable"],"log":"|j|\u2606mustrechargecsr\n|j|\u2606head0fthetable\n|t:|1738588960\n|gametype|doubles\n|player|p1|mustrechargecsr|unknown|1624\n|player|p2|head0fthetable|leon-masters|1550\n|teamsize|p1|6\n|teamsize|p2|6\n|gen|9\n|tier|[Gen 9] VGC 2025 Reg G\n|rated|\n|rule|Species Clause: Limit one of each Pok\u00e9mon\n|rule|Item Clause: Limit 1 of each item\n|clearpoke\n|poke|p1|Dondozo, L50, F|\n|poke|p1|Ting-Lu, L50|\n|poke|p1|Calyrex-Shadow, L50|\n|poke|p1|Urshifu-*, L50, F|\n|poke|p1|Ogerpon-Hearthflame, L50, F|\n|poke|p1|Whimsicott, L50, F|\n|poke|p2|Whimsicott, L50, M|\n|poke|p2|Iron Crown, L50|\n|poke|p2|Indeedee-F, L50, F|\n|poke|p2|Calyrex-Shadow, L50|\n|poke|p2|Roaring Moon, L50|\n|poke|p2|Iron Hands, L50|\n|teampreview|4\n|inactive|Battle timer is ON: inactive players will automatically lose when time's up. (requested by head0fthetable)\n|\n|t:|1738588990\n|start\n|switch|p1a: Ting-Lu|Ting-Lu, L50|100\/100\n|switch|p1b: Dondozo|Dondozo, L50, F|100\/100\n|switch|p2a: Roaring Moon|Roaring Moon, L50|100\/100\n|switch|p2b: Indeedee|Indeedee-F, L50, F|100\/100\n|-fieldstart|move: Psychic Terrain|[from] ability: Psychic Surge|[of] p2b: Indeedee\n|-enditem|p2b: Indeedee|Psychic Seed\n|-boost|p2b: Indeedee|spd|1|[from] item: Psychic Seed\n|-ability|p1a: Ting-Lu|Vessel of Ruin\n|turn|1\n|j| 1212kkekrk\n|inactive|head0fthetable has 30 seconds left.\n|\n|t:|1738589016\n|move|p2a: Roaring Moon|Knock Off|p1b: Dondozo\n|-damage|p1b: Dondozo|59\/100\n|-enditem|p1b: Dondozo|Leftovers|[from] move: Knock Off|[of] p2a: Roaring Moon\n|-damage|p2a: Roaring Moon|91\/100|[from] item: Life Orb\n|move|p1a: Ting-Lu|Sand Tomb|p2a: Roaring Moon\n|-damage|p2a: Roaring Moon|72\/100\n|-activate|p2a: Roaring Moon|move: Sand Tomb|[of] p1a: Ting-Lu\n|move|p1b: Dondozo|Yawn|p2a: Roaring Moon\n|-start|p2a: Roaring Moon|move: Yawn|[of] p1b: Dondozo\n|move|p2b: Indeedee|Trick Room|p2b: Indeedee\n|-fieldstart|move: Trick Room|[of] p2b: Indeedee\n|\n|-damage|p2a: Roaring Moon|60\/100|[from] move: Sand Tomb|[partiallytrapped]\n|upkeep\n|turn|2\n|\n|t:|1738589035\n|move|p1b: Dondozo|Yawn|p2b: Indeedee\n|-start|p2b: Indeedee|move: Yawn|[of] p1b: Dondozo\n|move|p1a: Ting-Lu|Sand Tomb|p2b: Indeedee\n|-crit|p2b: Indeedee\n|-damage|p2b: Indeedee|80\/100\n|-activate|p2b: Indeedee|move: Sand Tomb|[of] p1a: Ting-Lu\n|move|p2b: Indeedee|Psychic|p1b: Dondozo\n|-damage|p1b: Dondozo|40\/100\n|move|p2a: Roaring Moon|Knock Off|p1b: Dondozo\n|-damage|p1b: Dondozo|8\/100\n|-damage|p2a: Roaring Moon|50\/100|[from] item: Life Orb\n|\n|-damage|p2b: Indeedee|68\/100|[from] move: Sand Tomb|[partiallytrapped]\n|-damage|p2a: Roaring Moon|38\/100|[from] move: Sand Tomb|[partiallytrapped]\n|-end|p2a: Roaring Moon|move: Yawn|[silent]\n|-status|p2a: Roaring Moon|slp\n|upkeep\n|turn|3\n|\n|t:|1738589057\n|move|p1b: Dondozo|Protect|p1b: Dondozo\n|-singleturn|p1b: Dondozo|Protect\n|move|p1a: Ting-Lu|Ruination|p2b: Indeedee\n|-damage|p2b: Indeedee|34\/100\n|move|p2b: Indeedee|Dazzling Gleam|p1a: Ting-Lu|[spread] p1a\n|-activate|p1b: Dondozo|move: Protect\n|-supereffective|p1a: Ting-Lu\n|-damage|p1a: Ting-Lu|86\/100\n|cant|p2a: Roaring Moon|slp\n|\n|-damage|p2b: Indeedee|22\/100|[from] move: Sand Tomb|[partiallytrapped]\n|-damage|p2a: Roaring Moon|26\/100 slp|[from] move: Sand Tomb|[partiallytrapped]\n|-end|p2b: Indeedee|move: Yawn|[silent]\n|-status|p2b: Indeedee|slp\n|upkeep\n|turn|4\n|\n|t:|1738589076\n|switch|p1b: Urshifu|Urshifu, L50, F|100\/100\n|move|p1a: Ting-Lu|Ruination|p2a: Roaring Moon\n|-damage|p2a: Roaring Moon|13\/100 slp\n|cant|p2b: Indeedee|slp\n|-curestatus|p2a: Roaring Moon|slp|[msg]\n|move|p2a: Roaring Moon|Rock Slide|p1a: Ting-Lu|[spread] p1a,p1b\n|-resisted|p1a: Ting-Lu\n|-resisted|p1b: Urshifu\n|-damage|p1a: Ting-Lu|79\/100\n|-damage|p1b: Urshifu|87\/100\n|-damage|p2a: Roaring Moon|3\/100|[from] item: Life Orb\n|\n|-damage|p2b: Indeedee|10\/100 slp|[from] move: Sand Tomb|[partiallytrapped]\n|-damage|p2a: Roaring Moon|0 fnt|[from] move: Sand Tomb|[partiallytrapped]\n|faint|p2a: Roaring Moon\n|-end|p2a: Roaring Moon|Protosynthesis|[silent]\n|upkeep\n|\n|t:|1738589090\n|switch|p2a: Iron Hands|Iron Hands, L50|100\/100\n|turn|5\n|\n|t:|1738589102\n|-terastallize|p1a: Ting-Lu|Fairy\n|move|p1b: Urshifu|Detect|p1b: Urshifu\n|-singleturn|p1b: Urshifu|Protect\n|cant|p2b: Indeedee|slp\n|move|p2a: Iron Hands|Belly Drum|p2a: Iron Hands\n|-damage|p2a: Iron Hands|50\/100\n|-setboost|p2a: Iron Hands|atk|6|[from] move: Belly Drum\n|-enditem|p2a: Iron Hands|Sitrus Berry|[eat]\n|-heal|p2a: Iron Hands|75\/100|[from] item: Sitrus Berry\n|move|p1a: Ting-Lu|Sand Tomb|p2a: Iron Hands\n|-supereffective|p2a: Iron Hands\n|-damage|p2a: Iron Hands|54\/100\n|-activate|p2a: Iron Hands|move: Sand Tomb|[of] p1a: Ting-Lu\n|\n|-damage|p2a: Iron Hands|42\/100|[from] move: Sand Tomb|[partiallytrapped]\n|-damage|p2b: Indeedee|0 fnt|[from] move: Sand Tomb|[partiallytrapped]\n|faint|p2b: Indeedee\n|-fieldend|move: Trick Room\n|-fieldend|move: Psychic Terrain\n|upkeep\n|\n|t:|1738589109\n|switch|p2b: Calyrex|Calyrex-Shadow, L50|100\/100\n|-ability|p2b: Calyrex|As One\n|-ability|p2b: Calyrex|Unnerve\n|turn|6\n|\n|t:|1738589128\n|-terastallize|p2b: Calyrex|Water\n|move|p2b: Calyrex|Astral Barrage|p1a: Ting-Lu|[spread] p1a,p1b\n|-resisted|p1b: Urshifu\n|-damage|p1a: Ting-Lu|42\/100\n|-damage|p1b: Urshifu|48\/100\n|move|p1b: Urshifu|Close Combat|p2b: Calyrex\n|-damage|p2b: Calyrex|29\/100\n|-unboost|p1b: Urshifu|def|1\n|-unboost|p1b: Urshifu|spd|1\n|move|p1a: Ting-Lu|Ruination|p2a: Iron Hands\n|-damage|p2a: Iron Hands|21\/100\n|move|p2a: Iron Hands|Drain Punch|p1b: Urshifu\n|-supereffective|p1b: Urshifu\n|-damage|p1b: Urshifu|0 fnt\n|-heal|p2a: Iron Hands|40\/100|[from] drain|[of] p1b: Urshifu\n|faint|p1b: Urshifu\n|\n|-damage|p2a: Iron Hands|27\/100|[from] move: Sand Tomb|[partiallytrapped]\n|upkeep\n|\n|t:|1738589144\n|switch|p1b: Calyrex|Calyrex-Shadow, L50|100\/100\n|-ability|p1b: Calyrex|As One\n|-ability|p1b: Calyrex|Unnerve\n|turn|7\n|\n|t:|1738589156\n|move|p1b: Calyrex|Astral Barrage|p2a: Iron Hands|[spread] p2a,p2b\n|-damage|p2a: Iron Hands|0 fnt\n|-damage|p2b: Calyrex|0 fnt\n|faint|p2a: Iron Hands\n|-end|p2a: Iron Hands|Quark Drive|[silent]\n|faint|p2b: Calyrex\n|-damage|p1b: Calyrex|91\/100|[from] item: Life Orb\n|\n|win|mustrechargecsr\n|raw|mustrechargecsr's rating: 1624 &rarr; <strong>1640<\/strong><br \/>(+16 for winning)\n|raw|head0fthetable's rating: 1550 &rarr; <strong>1534<\/strong><br \/>(-16 for losing)\n|l|\u2606head0fthetable\n|player|p2|\n|l|\u2606mustrechargecsr\n|player|p1|\n","uploadtime":1738589425,"views":9,"formatid":"gen9vgc2025regg","rating":1534,"private":0,"password":null}