{"id":"gen9vgc2025regg-2293336507","format":"[Gen 9] VGC 2025 Reg G","players":["elvegis1","stbai"],"log":"|j|\u2606elvegis1\n|j|\u2606stbai\n|t:|1738553356\n|gametype|doubles\n|player|p1|elvegis1|lucas|1645\n|player|p2|stbai|janitor|1528\n|teamsize|p1|6\n|teamsize|p2|6\n|gen|9\n|tier|[Gen 9] VGC 2025 Reg G\n|rated|\n|rule|Species Clause: Limit one of each Pok\u00e9mon\n|rule|Item Clause: Limit 1 of each item\n|clearpoke\n|poke|p1|Kyogre, L50|\n|poke|p1|Incineroar, L50, F|\n|poke|p1|Urshifu-*, L50, F|\n|poke|p1|Mimikyu, L50, M|\n|poke|p1|Rillaboom, L50, M|\n|poke|p1|Landorus, L50, M|\n|poke|p2|Tatsugiri, L50, M|\n|poke|p2|Latios, L50, M|\n|poke|p2|Landorus, L50, M|\n|poke|p2|Entei, L50|\n|poke|p2|Terapagos, L50, M|\n|poke|p2|Dondozo, L50, F|\n|teampreview|4\n|inactive|Battle timer is ON: inactive players will automatically lose when time's up. (requested by stbai)\n|inactive|elvegis1 has 60 seconds left.\n|\n|t:|1738553397\n|start\n|switch|p1a: Kyogre|Kyogre, L50|100\/100\n|switch|p1b: Urshifu|Urshifu, L50, F|100\/100\n|switch|p2a: Latios|Latios, L50, M|100\/100\n|switch|p2b: Terapagos|Terapagos, L50, M|100\/100\n|-activate|p2b: Terapagos|ability: Tera Shift\n|detailschange|p2b: Terapagos|Terapagos-Terastal, L50, M\n|-heal|p2b: Terapagos|100\/100|[silent]\n|-weather|RainDance|[from] ability: Drizzle|[of] p1a: Kyogre\n|turn|1\n|\n|t:|1738553420\n|-terastallize|p2b: Terapagos|Stellar\n|detailschange|p2b: Terapagos|Terapagos-Stellar, L50, M, tera:Stellar\n|-heal|p2b: Terapagos|100\/100|[silent]\n|-ability|p2b: Terapagos|Teraform Zero\n|-weather|none\n|move|p2a: Latios|Tailwind|p2a: Latios\n|-sidestart|p2: stbai|move: Tailwind\n|move|p2b: Terapagos|Tera Starstorm|p1a: Kyogre|[spread] p1a,p1b\n|-damage|p1a: Kyogre|72\/100\n|-damage|p1b: Urshifu|35\/100\n|move|p1b: Urshifu|Close Combat|p2b: Terapagos\n|-supereffective|p2b: Terapagos\n|-damage|p2b: Terapagos|19\/100\n|-unboost|p1b: Urshifu|def|1\n|-unboost|p1b: Urshifu|spd|1\n|move|p1a: Kyogre|Water Spout|p2b: Terapagos|[spread] p2a,p2b\n|-resisted|p2a: Latios\n|-damage|p2a: Latios|81\/100\n|-damage|p2b: Terapagos|0 fnt\n|faint|p2b: Terapagos\n|\n|-heal|p1a: Kyogre|78\/100|[from] item: Leftovers\n|upkeep\n|\n|t:|1738553439\n|switch|p2b: Dondozo|Dondozo, L50, F|100\/100\n|turn|2\n|\n|t:|1738553446\n|move|p1b: Urshifu|Detect|p1b: Urshifu\n|-singleturn|p1b: Urshifu|Protect\n|move|p1a: Kyogre|Protect|p1a: Kyogre\n|-singleturn|p1a: Kyogre|Protect\n|move|p2a: Latios|Simple Beam|p2b: Dondozo\n|-endability|p2b: Dondozo|Unaware|[from] move: Simple Beam\n|-ability|p2b: Dondozo|Simple|[from] move: Simple Beam\n|move|p2b: Dondozo|Substitute|p2b: Dondozo\n|-start|p2b: Dondozo|Substitute\n|-damage|p2b: Dondozo|75\/100\n|\n|-heal|p2b: Dondozo|82\/100|[from] item: Leftovers\n|-heal|p1a: Kyogre|84\/100|[from] item: Leftovers\n|upkeep\n|turn|3\n|\n|t:|1738553469\n|switch|p2a: Tatsugiri|Tatsugiri, L50, M|100\/100\n|-activate|p2a: Tatsugiri|ability: Commander|[of] p2b: Dondozo\n|-boost|p2b: Dondozo|atk|4\n|-boost|p2b: Dondozo|spa|4\n|-boost|p2b: Dondozo|spe|4\n|-boost|p2b: Dondozo|def|4\n|-boost|p2b: Dondozo|spd|4\n|switch|p1a: Landorus|Landorus, L50, M|100\/100\n|move|p2b: Dondozo|Earthquake|p1a: Landorus|[spread] p1b\n|-miss|p2b: Dondozo|p2a: Tatsugiri\n|-immune|p1a: Landorus\n|-damage|p1b: Urshifu|0 fnt\n|faint|p1b: Urshifu\n|\n|-heal|p2b: Dondozo|88\/100|[from] item: Leftovers\n|upkeep\n|\n|t:|1738553484\n|switch|p1b: Mimikyu|Mimikyu, L50, M|100\/100\n|turn|4\n|\n|t:|1738553498\n|move|p1a: Landorus|Protect|p1a: Landorus\n|-singleturn|p1a: Landorus|Protect\n|move|p2b: Dondozo|Order Up|p1a: Landorus\n|-activate|p1a: Landorus|move: Protect\n|move|p1b: Mimikyu|Curse|p2b: Dondozo\n|-start|p2b: Dondozo|Curse|[of] p1b: Mimikyu\n|-damage|p1b: Mimikyu|50\/100\n|\n|-heal|p2b: Dondozo|94\/100|[from] item: Leftovers\n|-damage|p2b: Dondozo|69\/100|[from] Curse\n|-sideend|p2: stbai|move: Tailwind\n|upkeep\n|turn|5\n|inactive|elvegis1 has 30 seconds left.\n|\n|t:|1738553527\n|-terastallize|p1a: Landorus|Water\n|move|p2b: Dondozo|Order Up|p1a: Landorus\n|-damage|p1a: Landorus|32\/100\n|-boost|p2b: Dondozo|atk|2\n|move|p1a: Landorus|Earth Power|p2b: Dondozo\n|-activate|p2b: Dondozo|move: Substitute|[damage]\n|move|p1b: Mimikyu|Trick Room|p1b: Mimikyu\n|-fieldstart|move: Trick Room|[of] p1b: Mimikyu\n|\n|-heal|p2b: Dondozo|75\/100|[from] item: Leftovers\n|-damage|p2b: Dondozo|50\/100|[from] Curse\n|upkeep\n|turn|6\n|\n|t:|1738553551\n|move|p1a: Landorus|Protect|p1a: Landorus\n|-singleturn|p1a: Landorus|Protect\n|move|p1b: Mimikyu|Shadow Claw|p2b: Dondozo\n|-end|p2b: Dondozo|Substitute\n|move|p2b: Dondozo|Earthquake|p1a: Landorus|[spread] p1b\n|-miss|p2b: Dondozo|p2a: Tatsugiri\n|-activate|p1a: Landorus|move: Protect\n|-activate|p1b: Mimikyu|ability: Disguise\n|-damage|p1b: Mimikyu|50\/100\n|detailschange|p1b: Mimikyu|Mimikyu-Busted, L50, M\n|-damage|p1b: Mimikyu|38\/100|[from] pokemon: Mimikyu-Busted\n|\n|-heal|p2b: Dondozo|56\/100|[from] item: Leftovers\n|-damage|p2b: Dondozo|31\/100|[from] Curse\n|upkeep\n|turn|7\n|\n|t:|1738553571\n|move|p1b: Mimikyu|Shadow Claw|p2b: Dondozo\n|-damage|p2b: Dondozo|25\/100\n|move|p1a: Landorus|Earth Power|p2b: Dondozo\n|-damage|p2b: Dondozo|1\/100\n|move|p2b: Dondozo|Earthquake|p1b: Mimikyu|[spread] p1a,p1b\n|-miss|p2b: Dondozo|p2a: Tatsugiri\n|-damage|p1a: Landorus|0 fnt\n|-damage|p1b: Mimikyu|0 fnt\n|faint|p1a: Landorus\n|faint|p1b: Mimikyu\n|\n|-heal|p2b: Dondozo|7\/100|[from] item: Leftovers\n|-damage|p2b: Dondozo|0 fnt|[from] Curse\n|faint|p2b: Dondozo\n|upkeep\n|\n|t:|1738553584\n|switch|p2b: Latios|Latios, L50, M|81\/100\n|switch|p1b: Kyogre|Kyogre, L50|84\/100\n|-weather|RainDance|[from] ability: Drizzle|[of] p1b: Kyogre\n|turn|8\n|\n|t:|1738553595\n|move|p2a: Tatsugiri|Muddy Water|p1b: Kyogre\n|-resisted|p1b: Kyogre\n|-damage|p1b: Kyogre|60\/100\n|-unboost|p1b: Kyogre|accuracy|1\n|move|p1b: Kyogre|Ice Beam|p2b: Latios\n|-supereffective|p2b: Latios\n|-damage|p2b: Latios|23\/100\n|move|p2b: Latios|Luster Purge|p1b: Kyogre\n|-damage|p1b: Kyogre|34\/100\n|-unboost|p1b: Kyogre|spd|1\n|\n|-weather|RainDance|[upkeep]\n|-heal|p1b: Kyogre|40\/100|[from] item: Leftovers\n|upkeep\n|turn|9\n|\n|t:|1738553607\n|move|p2a: Tatsugiri|Dragon Pulse|p1b: Kyogre\n|-damage|p1b: Kyogre|0 fnt\n|faint|p1b: Kyogre\n|\n|win|stbai\n|raw|elvegis1's rating: 1645 &rarr; <strong>1617<\/strong><br \/>(-28 for losing)\n|raw|stbai's rating: 1503 &rarr; <strong>1531<\/strong><br \/>(+28 for winning)\n|l|\u2606elvegis1\n|player|p1|\n|l|\u2606stbai\n|player|p2|\n","uploadtime":1738553862,"views":6,"formatid":"gen9vgc2025regg","rating":1531,"private":0,"password":null}