{"id":"gen9vgc2025regg-2293765201","format":"[Gen 9] VGC 2025 Reg G","players":["qunqun24","GuevaraGaming2"],"log":"|j|\u2606qunqun24\n|j|\u2606GuevaraGaming2\n|t:|1738613356\n|gametype|doubles\n|player|p1|qunqun24|169|1649\n|player|p2|GuevaraGaming2|hilbert-wonderlauncher|1600\n|teamsize|p1|6\n|teamsize|p2|6\n|gen|9\n|tier|[Gen 9] VGC 2025 Reg G\n|rated|\n|rule|Species Clause: Limit one of each Pok\u00e9mon\n|rule|Item Clause: Limit 1 of each item\n|clearpoke\n|poke|p1|Calyrex-Shadow, L50|\n|poke|p1|Ting-Lu, L50|\n|poke|p1|Dondozo, L50, F|\n|poke|p1|Urshifu-*, L50, M|\n|poke|p1|Ogerpon-Hearthflame, L50, F|\n|poke|p1|Whimsicott, L50, M|\n|poke|p2|Rillaboom, L50, M|\n|poke|p2|Tornadus, L50, M|\n|poke|p2|Zamazenta-*, L50|\n|poke|p2|Landorus, L50, M|\n|poke|p2|Incineroar, L50, M|\n|poke|p2|Urshifu-*, L50, F|\n|teampreview|4\n|inactive|Battle timer is ON: inactive players will automatically lose when time's up. (requested by qunqun24)\n|inactive|qunqun24 has 60 seconds left.\n|\n|t:|1738613401\n|start\n|switch|p1a: Ting-Lu|Ting-Lu, L50|100\/100\n|switch|p1b: Dondozo|Dondozo, L50, F|100\/100\n|switch|p2a: Tornadus|Tornadus, L50, M, shiny|100\/100\n|switch|p2b: Urshifu|Urshifu-Rapid-Strike, L50, F|100\/100\n|-ability|p1a: Ting-Lu|Vessel of Ruin\n|turn|1\n|\n|t:|1738613421\n|-terastallize|p2b: Urshifu|Water\n|-terastallize|p1a: Ting-Lu|Fairy\n|move|p2a: Tornadus|Rain Dance|p2a: Tornadus\n|-weather|RainDance\n|move|p2b: Urshifu|Surging Strikes|p1a: Ting-Lu\n|-crit|p1a: Ting-Lu\n|-damage|p1a: Ting-Lu|78\/100\n|-damage|p2b: Urshifu|84\/100|[from] item: Rocky Helmet|[of] p1a: Ting-Lu\n|-crit|p1a: Ting-Lu\n|-damage|p1a: Ting-Lu|55\/100\n|-damage|p2b: Urshifu|68\/100|[from] item: Rocky Helmet|[of] p1a: Ting-Lu\n|-crit|p1a: Ting-Lu\n|-damage|p1a: Ting-Lu|31\/100\n|-damage|p2b: Urshifu|51\/100|[from] item: Rocky Helmet|[of] p1a: Ting-Lu\n|-hitcount|p1a: Ting-Lu|3\n|move|p1a: Ting-Lu|Sand Tomb|p2b: Urshifu\n|-damage|p2b: Urshifu|37\/100\n|-activate|p2b: Urshifu|move: Sand Tomb|[of] p1a: Ting-Lu\n|move|p1b: Dondozo|Yawn|p2b: Urshifu\n|-start|p2b: Urshifu|move: Yawn|[of] p1b: Dondozo\n|\n|-weather|RainDance|[upkeep]\n|-damage|p2b: Urshifu|24\/100|[from] move: Sand Tomb|[partiallytrapped]\n|upkeep\n|turn|2\n|\n|t:|1738613445\n|move|p2b: Urshifu|Surging Strikes|p1b: Dondozo\n|-resisted|p1b: Dondozo\n|-crit|p1b: Dondozo\n|-damage|p1b: Dondozo|89\/100\n|-resisted|p1b: Dondozo\n|-crit|p1b: Dondozo\n|-damage|p1b: Dondozo|75\/100\n|-resisted|p1b: Dondozo\n|-crit|p1b: Dondozo\n|-damage|p1b: Dondozo|63\/100\n|-hitcount|p1b: Dondozo|3\n|move|p2a: Tornadus|Bleakwind Storm|p1a: Ting-Lu|[spread] p1a,p1b\n|-damage|p1a: Ting-Lu|14\/100\n|-damage|p1b: Dondozo|42\/100\n|move|p1a: Ting-Lu|Ruination|p2a: Tornadus\n|-damage|p2a: Tornadus|50\/100\n|move|p1b: Dondozo|Yawn|p2a: Tornadus\n|-start|p2a: Tornadus|move: Yawn|[of] p1b: Dondozo\n|\n|-weather|RainDance|[upkeep]\n|-heal|p1b: Dondozo|48\/100|[from] item: Leftovers\n|-damage|p2b: Urshifu|12\/100|[from] move: Sand Tomb|[partiallytrapped]\n|-end|p2b: Urshifu|move: Yawn|[silent]\n|-status|p2b: Urshifu|slp\n|upkeep\n|turn|3\n|\n|t:|1738613470\n|switch|p2a: Rillaboom|Rillaboom, L50, M, shiny|100\/100\n|-fieldstart|move: Grassy Terrain|[from] ability: Grassy Surge|[of] p2a: Rillaboom\n|move|p1a: Ting-Lu|Protect|p1a: Ting-Lu\n|-singleturn|p1a: Ting-Lu|Protect\n|cant|p2b: Urshifu|slp\n|move|p1b: Dondozo|Yawn|p2a: Rillaboom\n|-start|p2a: Rillaboom|move: Yawn|[of] p1b: Dondozo\n|\n|-weather|RainDance|[upkeep]\n|-heal|p2b: Urshifu|18\/100 slp|[from] Grassy Terrain\n|-heal|p1a: Ting-Lu|20\/100|[from] Grassy Terrain\n|-heal|p1b: Dondozo|54\/100|[from] Grassy Terrain\n|-heal|p1b: Dondozo|60\/100|[from] item: Leftovers\n|-damage|p2b: Urshifu|6\/100 slp|[from] move: Sand Tomb|[partiallytrapped]\n|upkeep\n|turn|4\n|\n|t:|1738613489\n|-curestatus|p2b: Urshifu|slp|[msg]\n|move|p2b: Urshifu|Surging Strikes|p1a: Ting-Lu\n|-crit|p1a: Ting-Lu\n|-damage|p1a: Ting-Lu|0 fnt\n|-damage|p2b: Urshifu|0 fnt|[from] item: Rocky Helmet|[of] p1a: Ting-Lu\n|faint|p1a: Ting-Lu\n|faint|p2b: Urshifu\n|-hitcount|p1: Ting-Lu|1\n|move|p2a: Rillaboom|U-turn|p1b: Dondozo\n|-damage|p1b: Dondozo|47\/100\n|\n|t:|1738613495\n|switch|p2a: Tornadus|Tornadus, L50, M, shiny|50\/100|[from] U-turn\n|move|p1b: Dondozo|Yawn|p2a: Tornadus\n|-start|p2a: Tornadus|move: Yawn|[of] p1b: Dondozo\n|\n|-weather|RainDance|[upkeep]\n|-heal|p1b: Dondozo|53\/100|[from] Grassy Terrain\n|-heal|p1b: Dondozo|59\/100|[from] item: Leftovers\n|upkeep\n|\n|t:|1738613510\n|switch|p2b: Rillaboom|Rillaboom, L50, M, shiny|100\/100\n|switch|p1a: Calyrex|Calyrex-Shadow, L50|100\/100\n|-ability|p1a: Calyrex|As One\n|-ability|p1a: Calyrex|Unnerve\n|turn|5\n|\n|t:|1738613523\n|move|p2a: Tornadus|Tailwind|p2a: Tornadus\n|-sidestart|p2: GuevaraGaming2|move: Tailwind\n|move|p1a: Calyrex|Astral Barrage|p2a: Tornadus|[spread] p2a,p2b\n|-damage|p2a: Tornadus|0 fnt\n|-damage|p2b: Rillaboom|55\/100\n|faint|p2a: Tornadus\n|-ability|p1a: Calyrex|Grim Neigh|boost\n|-boost|p1a: Calyrex|spa|1\n|-damage|p1a: Calyrex|91\/100|[from] item: Life Orb\n|move|p2b: Rillaboom|Wood Hammer|p1b: Dondozo\n|-supereffective|p1b: Dondozo\n|-damage|p1b: Dondozo|0 fnt\n|faint|p1b: Dondozo\n|-damage|p2b: Rillaboom|31\/100|[from] Recoil\n|\n|-weather|none\n|-heal|p1a: Calyrex|96\/100|[from] Grassy Terrain\n|-heal|p2b: Rillaboom|36\/100|[from] Grassy Terrain\n|upkeep\n|\n|t:|1738613535\n|switch|p2a: Zamazenta|Zamazenta-Crowned, L50, shiny|100\/100\n|switch|p1b: Whimsicott|Whimsicott, L50, M|100\/100\n|-ability|p2a: Zamazenta|Dauntless Shield|boost\n|-boost|p2a: Zamazenta|def|1\n|turn|6\n|\n|t:|1738613546\n|move|p2b: Rillaboom|Grassy Glide|p1a: Calyrex\n|-damage|p1a: Calyrex|50\/100\n|move|p1b: Whimsicott|Tailwind|p1b: Whimsicott\n|-sidestart|p1: qunqun24|move: Tailwind\n|move|p1a: Calyrex|Astral Barrage|p2b: Rillaboom|[spread] p2a,p2b\n|-damage|p2a: Zamazenta|32\/100\n|-damage|p2b: Rillaboom|0 fnt\n|faint|p2b: Rillaboom\n|-ability|p1a: Calyrex|Grim Neigh|boost\n|-boost|p1a: Calyrex|spa|1\n|-damage|p1a: Calyrex|40\/100|[from] item: Life Orb\n|move|p2a: Zamazenta|Heavy Slam|p1a: Calyrex\n|-damage|p1a: Calyrex|0 fnt\n|faint|p1a: Calyrex\n|\n|-heal|p2a: Zamazenta|38\/100|[from] Grassy Terrain\n|upkeep\n|turn|7\n|\n|t:|1738613557\n|move|p1b: Whimsicott|Moonblast|p2a: Zamazenta\n|-crit|p2a: Zamazenta\n|-damage|p2a: Zamazenta|12\/100\n|move|p2a: Zamazenta|Heavy Slam|p1b: Whimsicott\n|-supereffective|p1b: Whimsicott\n|-damage|p1b: Whimsicott|0 fnt\n|faint|p1b: Whimsicott\n|\n|win|GuevaraGaming2\n|raw|qunqun24's rating: 1649 &rarr; <strong>1626<\/strong><br \/>(-23 for losing)\n|raw|GuevaraGaming2's rating: 1600 &rarr; <strong>1623<\/strong><br \/>(+23 for winning)\n|l|\u2606GuevaraGaming2\n|player|p2|\n","uploadtime":1738613694,"views":6,"formatid":"gen9vgc2025regg","rating":1623,"private":0,"password":null}