{"id":"gen9vgc2025regg-2293849056","format":"[Gen 9] VGC 2025 Reg G","players":["kajashi","Lacossg"],"log":"|j|\u2606kajashi\n|j|\u2606Lacossg\n|t:|1738622432\n|gametype|doubles\n|player|p1|kajashi|n|1547\n|player|p2|Lacossg|2|1649\n|teamsize|p1|6\n|teamsize|p2|6\n|gen|9\n|tier|[Gen 9] VGC 2025 Reg G\n|rated|\n|rule|Species Clause: Limit one of each Pok\u00e9mon\n|rule|Item Clause: Limit 1 of each item\n|clearpoke\n|poke|p1|Incineroar, L50, M|\n|poke|p1|Amoonguss, L50, F|\n|poke|p1|Calyrex-Ice, L50|\n|poke|p1|Raging Bolt, L50|\n|poke|p1|Landorus, L50, M|\n|poke|p1|Urshifu-*, L50, F|\n|poke|p2|Ditto, L50|\n|poke|p2|Lunala, L50|\n|poke|p2|Indeedee-F, L50, F|\n|poke|p2|Roaring Moon, L50|\n|poke|p2|Urshifu-*, L50, M|\n|poke|p2|Ursaluna, L50, M|\n|teampreview|4\n|\n|t:|1738622486\n|start\n|switch|p1a: Raging Bolt|Raging Bolt, L50|100\/100\n|switch|p1b: Incineroar|Incineroar, L50, M|100\/100\n|switch|p2a: Roaring Moon|Roaring Moon, L50|100\/100\n|switch|p2b: Lunala|Lunala, L50|100\/100\n|-ability|p1b: Incineroar|Intimidate|boost\n|-unboost|p2a: Roaring Moon|atk|1\n|-unboost|p2b: Lunala|atk|1\n|-enditem|p2a: Roaring Moon|Booster Energy\n|-activate|p2a: Roaring Moon|ability: Protosynthesis|[fromitem]\n|-start|p2a: Roaring Moon|protosynthesisspe\n|turn|1\n|\n|t:|1738622521\n|-end|p2a: Roaring Moon|Protosynthesis|[silent]\n|switch|p2a: Indeedee|Indeedee-F, L50, F|100\/100\n|-fieldstart|move: Psychic Terrain|[from] ability: Psychic Surge|[of] p2a: Indeedee\n|move|p1b: Incineroar|Fake Out|p2a: Indeedee\n|-activate|p2a: Indeedee|move: Psychic Terrain\n|move|p2b: Lunala|Meteor Beam||[still]\n|-prepare|p2b: Lunala|Meteor Beam\n|-boost|p2b: Lunala|spa|1\n|-enditem|p2b: Lunala|Power Herb\n|-anim|p2b: Lunala|Meteor Beam|p1b: Incineroar|[miss]\n|-miss|p2b: Lunala|p1b: Incineroar\n|move|p1a: Raging Bolt|Snarl|p2b: Lunala|[spread] p2a,p2b\n|-supereffective|p2a: Indeedee\n|-supereffective|p2b: Lunala\n|-damage|p2a: Indeedee|70\/100\n|-damage|p2b: Lunala|77\/100\n|-unboost|p2a: Indeedee|spa|1\n|-unboost|p2b: Lunala|spa|1\n|\n|upkeep\n|turn|2\n|j| Soundsoundfroot\n|\n|t:|1738622559\n|switch|p1b: Calyrex|Calyrex-Ice, L50|100\/100\n|-ability|p1b: Calyrex|As One\n|-ability|p1b: Calyrex|Unnerve\n|-terastallize|p2b: Lunala|Fairy\n|move|p2b: Lunala|Meteor Beam||[still]\n|-prepare|p2b: Lunala|Meteor Beam\n|-boost|p2b: Lunala|spa|1\n|move|p2a: Indeedee|Heal Pulse|p2b: Lunala\n|-heal|p2b: Lunala|100\/100\n|move|p1a: Raging Bolt|Snarl|p2a: Indeedee|[spread] p2a\n|-miss|p1a: Raging Bolt|p2b: Lunala\n|-supereffective|p2a: Indeedee\n|-damage|p2a: Indeedee|39\/100\n|-unboost|p2a: Indeedee|spa|1\n|\n|upkeep\n|turn|3\n|j| Funn yIy\n|\n|t:|1738622581\n|switch|p2a: Ditto|Ditto, L50|100\/100\n|-transform|p2a: Ditto|p1b: Calyrex|[from] ability: Imposter\n|-ability|p2a: Ditto|As One\n|-ability|p2a: Ditto|Unnerve\n|move|p1b: Calyrex|Protect|p1b: Calyrex\n|-singleturn|p1b: Calyrex|Protect\n|move|p2b: Lunala|Meteor Beam|p1b: Calyrex|[from] lockedmove\n|-activate|p1b: Calyrex|move: Protect\n|move|p1a: Raging Bolt|Snarl|p2a: Ditto|[spread] p2a,p2b\n|-supereffective|p2a: Ditto\n|-resisted|p2b: Lunala\n|-crit|p2b: Lunala\n|-damage|p2a: Ditto|73\/100\n|-damage|p2b: Lunala|96\/100\n|-unboost|p2a: Ditto|spa|1\n|-unboost|p2b: Lunala|spa|1\n|\n|upkeep\n|turn|4\n|\n|t:|1738622612\n|switch|p1b: Incineroar|Incineroar, L50, M|100\/100\n|-ability|p1b: Incineroar|Intimidate|boost\n|-unboost|p2a: Ditto|atk|1\n|-unboost|p2b: Lunala|atk|1\n|-terastallize|p1a: Raging Bolt|Dark\n|move|p2b: Lunala|Expanding Force|p1b: Incineroar|[spread] \n|-immune|p1a: Raging Bolt\n|-immune|p1b: Incineroar\n|move|p1a: Raging Bolt|Snarl|p2a: Ditto|[spread] p2b\n|-miss|p1a: Raging Bolt|p2a: Ditto\n|-resisted|p2b: Lunala\n|-damage|p2b: Lunala|87\/100\n|-unboost|p2b: Lunala|spa|1\n|move|p2a: Ditto|Glacial Lance|p1a: Raging Bolt|[spread] p1a,p1b\n|-resisted|p1b: Incineroar\n|-damage|p1a: Raging Bolt|71\/100\n|-damage|p1b: Incineroar|88\/100\n|\n|upkeep\n|turn|5\n|\n|t:|1738622643\n|move|p2b: Lunala|Meteor Beam||[still]\n|-prepare|p2b: Lunala|Meteor Beam\n|-boost|p2b: Lunala|spa|1\n|move|p1a: Raging Bolt|Thunderbolt|p2b: Lunala\n|-damage|p2b: Lunala|53\/100\n|move|p1b: Incineroar|Knock Off|p2a: Ditto\n|-supereffective|p2a: Ditto\n|-damage|p2a: Ditto|8\/100\n|-enditem|p2a: Ditto|Safety Goggles|[from] move: Knock Off|[of] p1b: Incineroar\n|move|p2a: Ditto|Glacial Lance|p1b: Incineroar|[spread] p1a,p1b\n|-resisted|p1b: Incineroar\n|-damage|p1a: Raging Bolt|41\/100\n|-damage|p1b: Incineroar|73\/100\n|\n|-fieldend|move: Psychic Terrain\n|upkeep\n|turn|6\n|l| Soundsoundfroot\n|\n|t:|1738622685\n|switch|p2a: Roaring Moon|Roaring Moon, L50|100\/100\n|move|p2b: Lunala|Meteor Beam|p1a: Raging Bolt|[from] lockedmove\n|-damage|p1a: Raging Bolt|17\/100\n|move|p1a: Raging Bolt|Thunderbolt|p2b: Lunala\n|-damage|p2b: Lunala|18\/100\n|move|p1b: Incineroar|Knock Off|p2a: Roaring Moon\n|-resisted|p2a: Roaring Moon\n|-damage|p2a: Roaring Moon|85\/100\n|\n|upkeep\n|turn|7\n|j| Soundsoundfroot\n|l| Soundsoundfroot\n|\n|t:|1738622715\n|-end|p2a: Roaring Moon|Protosynthesis|[silent]\n|switch|p2a: Indeedee|Indeedee-F, L50, F|39\/100\n|-fieldstart|move: Psychic Terrain|[from] ability: Psychic Surge|[of] p2a: Indeedee\n|move|p1a: Raging Bolt|Thunderclap|p2b: Lunala\n|-activate|p2b: Lunala|move: Psychic Terrain\n|move|p2b: Lunala|Moongeist Beam|p1a: Raging Bolt\n|-resisted|p1a: Raging Bolt\n|-damage|p1a: Raging Bolt|1\/100\n|move|p1b: Incineroar|Parting Shot|p2a: Indeedee\n|-unboost|p2a: Indeedee|atk|1\n|-unboost|p2a: Indeedee|spa|1\n|\n|t:|1738622733\n|switch|p1b: Calyrex|Calyrex-Ice, L50|100\/100|[from] Parting Shot\n|-ability|p1b: Calyrex|As One\n|-ability|p1b: Calyrex|Unnerve\n|\n|upkeep\n|turn|8\n|\n|t:|1738622746\n|-end|p1a: Raging Bolt|Protosynthesis|[silent]\n|switch|p1a: Incineroar|Incineroar, L50, M|73\/100\n|-ability|p1a: Incineroar|Intimidate|boost\n|-unboost|p2a: Indeedee|atk|1\n|-unboost|p2b: Lunala|atk|1\n|move|p2b: Lunala|Moongeist Beam|p1a: Incineroar\n|-resisted|p1a: Incineroar\n|-crit|p1a: Incineroar\n|-damage|p1a: Incineroar|33\/100\n|move|p2a: Indeedee|Heal Pulse|p2b: Lunala\n|-heal|p2b: Lunala|68\/100\n|move|p1b: Calyrex|Trick Room|p1b: Calyrex\n|-fieldstart|move: Trick Room|[of] p1b: Calyrex\n|\n|upkeep\n|turn|9\n|\n|t:|1738622768\n|move|p2a: Indeedee|Follow Me|p2a: Indeedee\n|-singleturn|p2a: Indeedee|move: Follow Me\n|move|p1b: Calyrex|Glacial Lance|p2b: Lunala|[spread] p2a,p2b\n|-damage|p2a: Indeedee|0 fnt\n|-damage|p2b: Lunala|25\/100\n|faint|p2a: Indeedee\n|-ability|p1b: Calyrex|Chilling Neigh|boost\n|-boost|p1b: Calyrex|atk|1\n|move|p1a: Incineroar|Parting Shot|p2b: Lunala\n|-unboost|p2b: Lunala|atk|1\n|-unboost|p2b: Lunala|spa|1\n|\n|t:|1738622779\n|switch|p1a: Urshifu|Urshifu-Rapid-Strike, L50, F|100\/100|[from] Parting Shot\n|move|p2b: Lunala|Moongeist Beam|p1b: Calyrex\n|-supereffective|p1b: Calyrex\n|-damage|p1b: Calyrex|53\/100\n|\n|upkeep\n|\n|t:|1738622783\n|switch|p2a: Ditto|Ditto, L50|8\/100\n|-transform|p2a: Ditto|p1b: Calyrex|[from] ability: Imposter\n|-ability|p2a: Ditto|As One\n|-ability|p2a: Ditto|Unnerve\n|turn|10\n|\n|t:|1738622805\n|switch|p1a: Incineroar|Incineroar, L50, M|33\/100\n|-ability|p1a: Incineroar|Intimidate|boost\n|-unboost|p2a: Ditto|atk|1\n|-unboost|p2b: Lunala|atk|1\n|move|p2a: Ditto|High Horsepower|p1b: Calyrex\n|-damage|p1b: Calyrex|26\/100\n|move|p1b: Calyrex|Glacial Lance|p2b: Lunala|[spread] p2a,p2b\n|-resisted|p2a: Ditto\n|-damage|p2a: Ditto|0 fnt\n|-damage|p2b: Lunala|0 fnt\n|faint|p2a: Ditto\n|faint|p2b: Lunala\n|-ability|p1b: Calyrex|Chilling Neigh|boost\n|-boost|p1b: Calyrex|atk|2\n|\n|upkeep\n|j| mr pogostick\n|\n|t:|1738622816\n|switch|p2b: Roaring Moon|Roaring Moon, L50|85\/100\n|turn|11\n|-message|Lacossg forfeited.\n|\n|win|kajashi\n|raw|kajashi's rating: 1547 &rarr; <strong>1573<\/strong><br \/>(+26 for winning)\n|raw|Lacossg's rating: 1649 &rarr; <strong>1623<\/strong><br \/>(-26 for losing)\n","uploadtime":1738622829,"views":32,"formatid":"gen9vgc2025regg","rating":1573,"private":0,"password":null}