{"id":"gen9vgc2025regg-2293093999","format":"[Gen 9] VGC 2025 Reg G","players":["Xermaeus","meiose"],"log":"|j|\u2606Xermaeus\n|j|\u2606meiose\n|t:|1738522873\n|gametype|doubles\n|player|p1|Xermaeus|266|1576\n|player|p2|meiose|schoolkid-gen4|1626\n|teamsize|p1|6\n|teamsize|p2|6\n|gen|9\n|tier|[Gen 9] VGC 2025 Reg G\n|rated|\n|rule|Species Clause: Limit one of each Pok\u00e9mon\n|rule|Item Clause: Limit 1 of each item\n|clearpoke\n|poke|p1|Whimsicott, L50, F|\n|poke|p1|Miraidon, L50|\n|poke|p1|Farigiraf, L50, M|\n|poke|p1|Iron Hands, L50|\n|poke|p1|Ogerpon-Hearthflame, L50, F|\n|poke|p1|Urshifu-*, L50, F|\n|poke|p2|Koraidon, L50|\n|poke|p2|Umbreon, L50, F|\n|poke|p2|Raging Bolt, L50|\n|poke|p2|Flutter Mane, L50|\n|poke|p2|Ogerpon-Cornerstone, L50, F|\n|poke|p2|Entei, L50|\n|teampreview|4\n|j| jdarcan\n|\n|t:|1738522930\n|start\n|switch|p1a: Miraidon|Miraidon, L50|100\/100\n|switch|p1b: Farigiraf|Farigiraf, L50, M, shiny|100\/100\n|switch|p2a: Flutter Mane|Flutter Mane, L50|100\/100\n|switch|p2b: Entei|Entei, L50|100\/100\n|-fieldstart|move: Electric Terrain|[from] ability: Hadron Engine|[of] p1a: Miraidon\n|-enditem|p1b: Farigiraf|Electric Seed\n|-boost|p1b: Farigiraf|def|1|[from] item: Electric Seed\n|turn|1\n|j| uekfl\n|\n|t:|1738522970\n|switch|p2b: Raging Bolt|Raging Bolt, L50|100\/100\n|-terastallize|p2a: Flutter Mane|Fairy\n|move|p2a: Flutter Mane|Moonblast|p1a: Miraidon\n|-supereffective|p1a: Miraidon\n|-damage|p1a: Miraidon|0 fnt\n|faint|p1a: Miraidon\n|move|p1b: Farigiraf|Trick Room|p1b: Farigiraf\n|-fieldstart|move: Trick Room|[of] p1b: Farigiraf\n|\n|upkeep\n|\n|t:|1738522981\n|switch|p1a: Iron Hands|Iron Hands, L50, shiny|100\/100\n|-activate|p1a: Iron Hands|ability: Quark Drive\n|-start|p1a: Iron Hands|quarkdriveatk\n|turn|2\n|\n|t:|1738523000\n|move|p2a: Flutter Mane|Protect|p2a: Flutter Mane\n|-singleturn|p2a: Flutter Mane|Protect\n|move|p1a: Iron Hands|Heavy Slam|p2a: Flutter Mane\n|-activate|p2a: Flutter Mane|move: Protect\n|move|p1b: Farigiraf|Psychic|p2b: Raging Bolt\n|-damage|p2b: Raging Bolt|83\/100\n|move|p2b: Raging Bolt|Dragon Pulse|p1a: Iron Hands\n|-damage|p1a: Iron Hands|75\/100\n|\n|upkeep\n|turn|3\n|\n|t:|1738523032\n|move|p1a: Iron Hands|Drain Punch|p2b: Raging Bolt\n|-damage|p2b: Raging Bolt|42\/100\n|-heal|p1a: Iron Hands|94\/100|[from] drain|[of] p2b: Raging Bolt\n|move|p1b: Farigiraf|Psychic|p2b: Raging Bolt\n|-crit|p2b: Raging Bolt\n|-damage|p2b: Raging Bolt|17\/100\n|move|p2b: Raging Bolt|Dragon Pulse|p1a: Iron Hands\n|-damage|p1a: Iron Hands|68\/100\n|move|p2a: Flutter Mane|Moonblast|p1a: Iron Hands\n|-supereffective|p1a: Iron Hands\n|-damage|p1a: Iron Hands|0 fnt\n|faint|p1a: Iron Hands\n|-end|p1a: Iron Hands|Quark Drive|[silent]\n|\n|upkeep\n|inactive|Battle timer is ON: inactive players will automatically lose when time's up. (requested by meiose)\n|\n|t:|1738523046\n|switch|p1a: Ogerpon|Ogerpon-Hearthflame, L50, F|100\/100\n|-ability|p1a: Ogerpon|Mold Breaker\n|turn|4\n|\n|t:|1738523063\n|move|p2a: Flutter Mane|Protect|p2a: Flutter Mane\n|-singleturn|p2a: Flutter Mane|Protect\n|move|p1b: Farigiraf|Psychic|p2a: Flutter Mane\n|-activate|p2a: Flutter Mane|move: Protect\n|move|p2b: Raging Bolt|Dragon Pulse|p1a: Ogerpon\n|-damage|p1a: Ogerpon|56\/100\n|move|p1a: Ogerpon|Ivy Cudgel|p2b: Raging Bolt|[anim] Ivy Cudgel Fire\n|-resisted|p2b: Raging Bolt\n|-crit|p2b: Raging Bolt\n|-damage|p2b: Raging Bolt|0 fnt\n|faint|p2b: Raging Bolt\n|-end|p2b: Raging Bolt|Protosynthesis|[silent]\n|\n|upkeep\n|\n|t:|1738523068\n|switch|p2b: Entei|Entei, L50|100\/100\n|turn|5\n|\n|t:|1738523090\n|-terastallize|p1a: Ogerpon|Fire\n|detailschange|p1a: Ogerpon|Ogerpon-Hearthflame-Tera, L50, F, tera:Fire\n|-ability|p1a: Ogerpon|Embody Aspect (Hearthflame)|boost\n|-boost|p1a: Ogerpon|atk|1\n|move|p1b: Farigiraf|Helping Hand|p1a: Ogerpon\n|-singleturn|p1a: Ogerpon|Helping Hand|[of] p1b: Farigiraf\n|move|p1a: Ogerpon|Horn Leech|p2a: Flutter Mane\n|-enditem|p2a: Flutter Mane|Focus Sash\n|-damage|p2a: Flutter Mane|1\/100\n|-heal|p1a: Ogerpon|90\/100|[from] drain|[of] p2a: Flutter Mane\n|move|p2b: Entei|Sacred Fire|p1b: Farigiraf\n|-damage|p1b: Farigiraf|67\/100\n|-status|p1b: Farigiraf|brn\n|move|p2a: Flutter Mane|Moonblast|p1b: Farigiraf\n|-crit|p1b: Farigiraf\n|-damage|p1b: Farigiraf|0 fnt\n|faint|p1b: Farigiraf\n|\n|-fieldend|move: Trick Room\n|-fieldend|move: Electric Terrain\n|upkeep\n|turn|6\n|inactive|Xermaeus has 30 seconds left.\n|inactive|meiose has 30 seconds left.\n|-message|Xermaeus forfeited.\n|\n|win|meiose\n|raw|Xermaeus's rating: 1576 &rarr; <strong>1559<\/strong><br \/>(-17 for losing)\n|raw|meiose's rating: 1626 &rarr; <strong>1643<\/strong><br \/>(+17 for winning)\n|l|\u2606Xermaeus\n|player|p1|\n|l|\u2606meiose\n|player|p2|\n","uploadtime":1738523360,"views":13,"formatid":"gen9vgc2025regg","rating":1559,"private":0,"password":null}