{"id":"gen9vgc2025regg-2293491391","format":"[Gen 9] VGC 2025 Reg G","players":["CombatWombat925","Mildly Displeased"],"log":"|j|\u2606CombatWombat925\n|j|\u2606Mildly Displeased\n|t:|1738581964\n|gametype|doubles\n|player|p1|CombatWombat925|169|1560\n|player|p2|Mildly Displeased|lillie|1601\n|teamsize|p1|6\n|teamsize|p2|6\n|gen|9\n|tier|[Gen 9] VGC 2025 Reg G\n|rated|\n|rule|Species Clause: Limit one of each Pok\u00e9mon\n|rule|Item Clause: Limit 1 of each item\n|clearpoke\n|poke|p1|Zacian-*, L50|\n|poke|p1|Regidrago, L50|\n|poke|p1|Tornadus, L50, M|\n|poke|p1|Urshifu-*, L50, M|\n|poke|p1|Ogerpon-Hearthflame, L50, F|\n|poke|p1|Farigiraf, L50, M|\n|poke|p2|Primarina, L50, M|\n|poke|p2|Talonflame, L50, F|\n|poke|p2|Zamazenta-*, L50|\n|poke|p2|Rillaboom, L50, M|\n|poke|p2|Iron Treads, L50|\n|poke|p2|Chien-Pao, L50|\n|teampreview|4\n|inactive|Battle timer is ON: inactive players will automatically lose when time's up. (requested by Mildly Displeased)\n|\n|t:|1738581987\n|start\n|switch|p1a: Tornadus|Tornadus, L50, M|100\/100\n|switch|p1b: Urshifu|Urshifu-Rapid-Strike, L50, M|100\/100\n|switch|p2a: Phoenix|Talonflame, L50, F, shiny|100\/100\n|switch|p2b: Weavile 2.0|Chien-Pao, L50|100\/100\n|-ability|p2b: Weavile 2.0|Sword of Ruin\n|turn|1\n|\n|t:|1738582006\n|move|p2b: Weavile 2.0|Sucker Punch|p1b: Urshifu\n|-resisted|p1b: Urshifu\n|-damage|p1b: Urshifu|78\/100\n|move|p2a: Phoenix|Brave Bird|p1b: Urshifu\n|-supereffective|p1b: Urshifu\n|-damage|p1b: Urshifu|0 fnt\n|faint|p1b: Urshifu\n|-damage|p2a: Phoenix|70\/100|[from] Recoil\n|move|p1a: Tornadus|Tailwind|p1a: Tornadus\n|-sidestart|p1: CombatWombat925|move: Tailwind\n|\n|upkeep\n|\n|t:|1738582018\n|switch|p1b: Ogerpon|Ogerpon-Hearthflame, L50, F|100\/100\n|-ability|p1b: Ogerpon|Mold Breaker\n|turn|2\n|\n|t:|1738582028\n|-terastallize|p1b: Ogerpon|Fire\n|detailschange|p1b: Ogerpon|Ogerpon-Hearthflame-Tera, L50, F, tera:Fire\n|-ability|p1b: Ogerpon|Embody Aspect (Hearthflame)|boost\n|-boost|p1b: Ogerpon|atk|1\n|move|p1a: Tornadus|Bleakwind Storm|p2a: Phoenix|[spread] p2a,p2b\n|-damage|p2a: Phoenix|19\/100\n|-damage|p2b: Weavile 2.0|45\/100\n|-unboost|p2b: Weavile 2.0|spe|1\n|move|p1b: Ogerpon|Ivy Cudgel|p2b: Weavile 2.0|[anim] Ivy Cudgel Fire\n|-supereffective|p2b: Weavile 2.0\n|-damage|p2b: Weavile 2.0|0 fnt\n|faint|p2b: Weavile 2.0\n|move|p2a: Phoenix|Brave Bird|p1b: Ogerpon\n|-damage|p1b: Ogerpon|50\/100\n|-damage|p2a: Phoenix|0 fnt|[from] Recoil\n|faint|p2a: Phoenix\n|\n|upkeep\n|\n|t:|1738582038\n|switch|p2b: Pippin|Zamazenta-Crowned, L50|100\/100\n|switch|p2a: Best Mon|Primarina, L50, M, shiny|100\/100\n|-ability|p2b: Pippin|Dauntless Shield|boost\n|-boost|p2b: Pippin|def|1\n|turn|3\n|\n|t:|1738582060\n|-terastallize|p2b: Pippin|Ghost\n|move|p1b: Ogerpon|Spiky Shield|p1b: Ogerpon\n|-singleturn|p1b: Ogerpon|move: Protect\n|move|p2a: Best Mon|Protect|p2a: Best Mon\n|-singleturn|p2a: Best Mon|Protect\n|move|p1a: Tornadus|Taunt|p2b: Pippin\n|-start|p2b: Pippin|move: Taunt\n|move|p2b: Pippin|Body Press|p1b: Ogerpon\n|-activate|p1b: Ogerpon|move: Protect\n|-damage|p2b: Pippin|88\/100|[from] Spiky Shield|[of] p1b: Ogerpon\n|\n|upkeep\n|turn|4\n|\n|t:|1738582081\n|move|p1a: Tornadus|Bleakwind Storm|p2a: Best Mon|[spread] p2a,p2b\n|-damage|p2a: Best Mon|73\/100\n|-damage|p2b: Pippin|61\/100\n|-unboost|p2b: Pippin|spe|1\n|move|p1b: Ogerpon|Wood Hammer|p2a: Best Mon\n|-supereffective|p2a: Best Mon\n|-damage|p2a: Best Mon|0 fnt\n|faint|p2a: Best Mon\n|-damage|p1b: Ogerpon|25\/100|[from] Recoil\n|move|p2b: Pippin|Body Press|p1b: Ogerpon\n|-damage|p1b: Ogerpon|0 fnt\n|faint|p1b: Ogerpon\n|\n|-sideend|p1: CombatWombat925|move: Tailwind\n|upkeep\n|\n|t:|1738582092\n|switch|p1b: Zacian|Zacian-Crowned, L50|100\/100\n|-ability|p1b: Zacian|Intrepid Sword|boost\n|-boost|p1b: Zacian|atk|1\n|turn|5\n|\n|t:|1738582096\n|move|p1b: Zacian|Behemoth Blade|p2b: Pippin\n|-damage|p2b: Pippin|30\/100\n|move|p1a: Tornadus|Bleakwind Storm|p2b: Pippin\n|-damage|p2b: Pippin|0 fnt\n|faint|p2b: Pippin\n|\n|win|CombatWombat925\n|raw|CombatWombat925's rating: 1560 &rarr; <strong>1582<\/strong><br \/>(+22 for winning)\n|raw|Mildly Displeased's rating: 1601 &rarr; <strong>1579<\/strong><br \/>(-22 for losing)\n|l|\u2606Mildly Displeased\n|player|p2|\n|l|\u2606CombatWombat925\n|player|p1|\n","uploadtime":1738582335,"views":9,"formatid":"gen9vgc2025regg","rating":1579,"private":0,"password":null}