{"id":"gen9vgc2025regg-2293940880","format":"[Gen 9] VGC 2025 Reg G","players":["massson","indigo_lala_End"],"log":"|j|\u2606massson\n|j|\u2606indigo_lala_End\n|t:|1738634023\n|gametype|doubles\n|player|p1|massson|1|1556\n|player|p2|indigo_lala_End|roxie|1553\n|teamsize|p1|6\n|teamsize|p2|6\n|gen|9\n|tier|[Gen 9] VGC 2025 Reg G\n|rated|\n|rule|Species Clause: Limit one of each Pok\u00e9mon\n|rule|Item Clause: Limit 1 of each item\n|clearpoke\n|poke|p1|Chi-Yu, L50|\n|poke|p1|Calyrex-Shadow, L50|\n|poke|p1|Tornadus, L50, M|\n|poke|p1|Urshifu-*, L50, M|\n|poke|p1|Rillaboom, L50, M|\n|poke|p1|Farigiraf, L50, F|\n|poke|p2|Walking Wake, L50|\n|poke|p2|Torkoal, L50, F|\n|poke|p2|Calyrex-Ice, L50|\n|poke|p2|Flutter Mane, L50|\n|poke|p2|Rillaboom, L50, F|\n|poke|p2|Ogerpon-Cornerstone, L50, F|\n|teampreview|4\n|\n|t:|1738634069\n|start\n|switch|p1a: Farigiraf|Farigiraf, L50, F|100\/100\n|switch|p1b: Calyrex|Calyrex-Shadow, L50|100\/100\n|switch|p2a: Walking Wake|Walking Wake, L50|100\/100\n|switch|p2b: Torkoal|Torkoal, L50, F|100\/100\n|-ability|p1b: Calyrex|As One\n|-ability|p1b: Calyrex|Unnerve\n|-weather|SunnyDay|[from] ability: Drought|[of] p2b: Torkoal\n|-activate|p2a: Walking Wake|ability: Protosynthesis\n|-start|p2a: Walking Wake|protosynthesisspe\n|turn|1\n|inactive|Battle timer is ON: inactive players will automatically lose when time's up. (requested by indigo_lala_End)\n|inactive|massson has 60 seconds left.\n|\n|t:|1738634117\n|switch|p1b: Tornadus|Tornadus, L50, M|100\/100\n|move|p2a: Walking Wake|Snarl|p1b: Tornadus|[spread] p1a,p1b\n|-supereffective|p1a: Farigiraf\n|-crit|p1a: Farigiraf\n|-crit|p1b: Tornadus\n|-damage|p1a: Farigiraf|58\/100\n|-damage|p1b: Tornadus|80\/100\n|-unboost|p1a: Farigiraf|spa|1\n|move|p1a: Farigiraf|Hyper Voice|p2a: Walking Wake|[spread] p2a,p2b\n|-damage|p2a: Walking Wake|77\/100\n|-damage|p2b: Torkoal|80\/100\n|-enditem|p1a: Farigiraf|Throat Spray\n|-boost|p1a: Farigiraf|spa|1|[from] item: Throat Spray\n|move|p2b: Torkoal|Flamethrower|p1b: Tornadus\n|-crit|p1b: Tornadus\n|-damage|p1b: Tornadus|6\/100\n|\n|-weather|SunnyDay|[upkeep]\n|upkeep\n|turn|2\n|inactive|massson has 30 seconds left.\n|inactive|indigo_lala_End has 30 seconds left.\n|inactive|indigo_lala_End has 20 seconds left.\n|inactive|indigo_lala_End has 15 seconds left.\n|inactive|massson has 20 seconds left.\n|inactive|indigo_lala_End has 10 seconds left.\n|inactive|massson has 15 seconds left.\n|\n|t:|1738634168\n|move|p1b: Tornadus|Rain Dance|p1b: Tornadus\n|-weather|RainDance\n|-end|p2a: Walking Wake|Protosynthesis\n|move|p2a: Walking Wake|Hydro Steam|p1a: Farigiraf\n|-damage|p1a: Farigiraf|0 fnt\n|faint|p1a: Farigiraf\n|move|p2b: Torkoal|Flamethrower|p1b: Tornadus\n|-damage|p1b: Tornadus|0 fnt\n|faint|p1b: Tornadus\n|\n|-weather|RainDance|[upkeep]\n|upkeep\n|\n|t:|1738634180\n|switch|p1b: Urshifu|Urshifu-Rapid-Strike, L50, M|100\/100\n|switch|p1a: Calyrex|Calyrex-Shadow, L50|100\/100\n|-ability|p1a: Calyrex|As One\n|-ability|p1a: Calyrex|Unnerve\n|turn|3\n|inactive|indigo_lala_End has 30 seconds left.\n|inactive|indigo_lala_End has 20 seconds left.\n|inactive|indigo_lala_End has 15 seconds left.\n|\n|t:|1738634222\n|switch|p2b: Calyrex|Calyrex-Ice, L50|100\/100\n|-ability|p2b: Calyrex|As One\n|-ability|p2b: Calyrex|Unnerve\n|-terastallize|p1a: Calyrex|Fairy\n|move|p2a: Walking Wake|Protect|p2a: Walking Wake\n|-singleturn|p2a: Walking Wake|Protect\n|move|p1a: Calyrex|Nasty Plot|p1a: Calyrex\n|-boost|p1a: Calyrex|spa|2\n|move|p1b: Urshifu|Surging Strikes|p2b: Calyrex\n|-crit|p2b: Calyrex\n|-damage|p2b: Calyrex|80\/100\n|-crit|p2b: Calyrex\n|-damage|p2b: Calyrex|58\/100\n|-crit|p2b: Calyrex\n|-damage|p2b: Calyrex|37\/100\n|-hitcount|p2b: Calyrex|3\n|\n|-weather|RainDance|[upkeep]\n|upkeep\n|turn|4\n|inactive|massson has 30 seconds left.\n|inactive|indigo_lala_End has 30 seconds left.\n|\n|t:|1738634249\n|switch|p2b: Torkoal|Torkoal, L50, F|80\/100\n|-weather|SunnyDay|[from] ability: Drought|[of] p2b: Torkoal\n|-activate|p2a: Walking Wake|ability: Protosynthesis\n|-start|p2a: Walking Wake|protosynthesisspe\n|move|p2a: Walking Wake|Hydro Steam|p1a: Calyrex\n|-damage|p1a: Calyrex|45\/100\n|move|p1a: Calyrex|Astral Barrage|p2a: Walking Wake|[spread] p2a,p2b\n|-damage|p2a: Walking Wake|0 fnt\n|-damage|p2b: Torkoal|0 fnt\n|faint|p2a: Walking Wake\n|-end|p2a: Walking Wake|Protosynthesis|[silent]\n|faint|p2b: Torkoal\n|-ability|p1a: Calyrex|Grim Neigh|boost\n|-boost|p1a: Calyrex|spa|2\n|-damage|p1a: Calyrex|35\/100|[from] item: Life Orb\n|move|p1b: Urshifu|Close Combat|p2: Walking Wake|[notarget]\n|-fail|p1b: Urshifu\n|\n|-weather|SunnyDay|[upkeep]\n|upkeep\n|\n|t:|1738634271\n|switch|p2a: Flutter Mane|Flutter Mane, L50|100\/100\n|switch|p2b: Calyrex|Calyrex-Ice, L50|37\/100\n|-ability|p2b: Calyrex|As One\n|-ability|p2b: Calyrex|Unnerve\n|-activate|p2a: Flutter Mane|ability: Protosynthesis\n|-start|p2a: Flutter Mane|protosynthesisspe\n|turn|5\n|j| PandaoftheClouds\n|inactive|indigo_lala_End has 30 seconds left.\n|\n|t:|1738634297\n|-terastallize|p2a: Flutter Mane|Fairy\n|move|p2a: Flutter Mane|Dazzling Gleam|p1a: Calyrex|[spread] p1a,p1b\n|-supereffective|p1b: Urshifu\n|-damage|p1a: Calyrex|0 fnt\n|-enditem|p1b: Urshifu|Focus Sash\n|-damage|p1b: Urshifu|1\/100\n|faint|p1a: Calyrex\n|move|p1b: Urshifu|Close Combat|p2b: Calyrex\n|-damage|p2b: Calyrex|0 fnt\n|-unboost|p1b: Urshifu|def|1\n|-unboost|p1b: Urshifu|spd|1\n|faint|p2b: Calyrex\n|\n|-weather|SunnyDay|[upkeep]\n|upkeep\n|turn|6\n|-message|massson forfeited.\n|\n|win|indigo_lala_End\n|raw|massson's rating: 1556 &rarr; <strong>1536<\/strong><br \/>(-20 for losing)\n|raw|indigo_lala_End's rating: 1553 &rarr; <strong>1573<\/strong><br \/>(+20 for winning)\n|l|\u2606massson\n|player|p1|\n|l|\u2606indigo_lala_End\n|player|p2|\n|l| PandaoftheClouds\n","uploadtime":1738634569,"views":9,"formatid":"gen9vgc2025regg","rating":1536,"private":0,"password":null}