{"id":"gen9vgc2025regg-2293593817","format":"[Gen 9] VGC 2025 Reg G","players":["Bbjhots","pokemasterz461"],"log":"|j|\u2606Bbjhots\n|j|\u2606pokemasterz461\n|t:|1738596078\n|gametype|doubles\n|player|p1|Bbjhots|101|1561\n|player|p2|pokemasterz461|102|1561\n|teamsize|p1|6\n|teamsize|p2|6\n|gen|9\n|tier|[Gen 9] VGC 2025 Reg G\n|rated|\n|rule|Species Clause: Limit one of each Pok\u00e9mon\n|rule|Item Clause: Limit 1 of each item\n|clearpoke\n|poke|p1|Koraidon, L50|\n|poke|p1|Flutter Mane, L50|\n|poke|p1|Brute Bonnet, L50|\n|poke|p1|Indeedee-F, L50, F|\n|poke|p1|Gouging Fire, L50|\n|poke|p1|Walking Wake, L50|\n|poke|p2|Miraidon, L50|\n|poke|p2|Iron Hands, L50|\n|poke|p2|Grimmsnarl, L50, M|\n|poke|p2|Ogerpon-Hearthflame, L50, F|\n|poke|p2|Chien-Pao, L50|\n|poke|p2|Dragonite, L50, M|\n|teampreview|4\n|inactive|Battle timer is ON: inactive players will automatically lose when time's up. (requested by Bbjhots)\n|inactive|Bbjhots has 60 seconds left.\n|inactive|pokemasterz461 has 60 seconds left.\n|\n|t:|1738596131\n|start\n|switch|p1a: Indeedee|Indeedee-F, L50, F|100\/100\n|switch|p1b: Gouging Fire|Gouging Fire, L50|100\/100\n|switch|p2a: Juggernaut|Iron Hands, L50|100\/100\n|switch|p2b: True Ogre|Grimmsnarl, L50, M|100\/100\n|-fieldstart|move: Psychic Terrain|[from] ability: Psychic Surge|[of] p1a: Indeedee\n|-enditem|p1a: Indeedee|Psychic Seed\n|-boost|p1a: Indeedee|spd|1|[from] item: Psychic Seed\n|turn|1\n|\n|t:|1738596148\n|move|p2b: True Ogre|Reflect|p2b: True Ogre\n|-sidestart|p2: pokemasterz461|Reflect\n|move|p1b: Gouging Fire|Outrage|p2b: True Ogre\n|-immune|p2b: True Ogre\n|move|p1a: Indeedee|Psychic|p2a: Juggernaut\n|-supereffective|p2a: Juggernaut\n|-damage|p2a: Juggernaut|61\/100\n|move|p2a: Juggernaut|Low Kick|p1b: Gouging Fire\n|-damage|p1b: Gouging Fire|44\/100\n|\n|upkeep\n|turn|2\n|\n|t:|1738596161\n|switch|p1a: Koraidon|Koraidon, L50|100\/100\n|-weather|SunnyDay|[from] ability: Orichalcum Pulse|[of] p1a: Koraidon\n|-activate|p1b: Gouging Fire|ability: Protosynthesis\n|-start|p1b: Gouging Fire|protosynthesisspe\n|-activate|p1a: Koraidon|Orichalcum Pulse|[source]\n|move|p2b: True Ogre|Light Screen|p2b: True Ogre\n|-sidestart|p2: pokemasterz461|move: Light Screen\n|move|p1b: Gouging Fire|Outrage|p2a: Juggernaut\n|-damage|p2a: Juggernaut|30\/100\n|move|p2a: Juggernaut|Drain Punch|p1b: Gouging Fire\n|-damage|p1b: Gouging Fire|13\/100\n|-heal|p2a: Juggernaut|44\/100|[from] drain|[of] p1b: Gouging Fire\n|\n|-weather|SunnyDay|[upkeep]\n|upkeep\n|turn|3\n|\n|t:|1738596182\n|-terastallize|p1a: Koraidon|Fire\n|move|p1b: Gouging Fire|Outrage|p2b: True Ogre|[from] lockedmove\n|-immune|p2b: True Ogre\n|move|p1a: Koraidon|Flame Charge|p2a: Juggernaut\n|-damage|p2a: Juggernaut|11\/100\n|-boost|p1a: Koraidon|spe|1\n|move|p2b: True Ogre|Foul Play|p1b: Gouging Fire\n|-damage|p1b: Gouging Fire|0 fnt\n|faint|p1b: Gouging Fire\n|-end|p1b: Gouging Fire|Protosynthesis|[silent]\n|move|p2a: Juggernaut|Low Kick|p1a: Koraidon\n|-damage|p1a: Koraidon|45\/100\n|\n|-weather|SunnyDay|[upkeep]\n|upkeep\n|\n|t:|1738596187\n|switch|p1b: Flutter Mane|Flutter Mane, L50, shiny|100\/100\n|-activate|p1b: Flutter Mane|ability: Protosynthesis\n|-start|p1b: Flutter Mane|protosynthesisspe\n|turn|4\n|inactive|Bbjhots has 30 seconds left.\n|inactive|pokemasterz461 has 30 seconds left.\n|\n|t:|1738596215\n|move|p1b: Flutter Mane|Moonblast|p2a: Juggernaut\n|-supereffective|p2a: Juggernaut\n|-damage|p2a: Juggernaut|0 fnt\n|faint|p2a: Juggernaut\n|-end|p2a: Juggernaut|Quark Drive|[silent]\n|move|p1a: Koraidon|Collision Course|p2b: True Ogre\n|-damage|p2b: True Ogre|46\/100\n|move|p2b: True Ogre|Foul Play|p1a: Koraidon\n|-damage|p1a: Koraidon|6\/100\n|\n|-weather|SunnyDay|[upkeep]\n|upkeep\n|j| mentalrofl\n|\n|t:|1738596234\n|switch|p2a: Miraluce|Miraidon, L50|100\/100\n|-fieldstart|move: Electric Terrain|[from] ability: Hadron Engine|[of] p2a: Miraluce\n|turn|5\n|inactive|pokemasterz461 has 30 seconds left.\n|inactive|pokemasterz461 has 20 seconds left.\n|inactive|pokemasterz461 has 15 seconds left.\n|inactive|pokemasterz461 has 10 seconds left.\n|inactive|pokemasterz461 has 5 seconds left.\n|\n|t:|1738596288\n|-terastallize|p2a: Miraluce|Electric\n|move|p1b: Flutter Mane|Moonblast|p2a: Miraluce\n|-damage|p2a: Miraluce|73\/100\n|move|p1a: Koraidon|Collision Course|p2b: True Ogre\n|-crit|p2b: True Ogre\n|-damage|p2b: True Ogre|0 fnt\n|faint|p2b: True Ogre\n|move|p2a: Miraluce|Volt Switch|p1b: Flutter Mane\n|-enditem|p1b: Flutter Mane|Focus Sash\n|-damage|p1b: Flutter Mane|1\/100\n|inactive|pokemasterz461 has 30 seconds left.\n|\n|t:|1738596317\n|switch|p2a: Dangernoodle|Chien-Pao, L50|100\/100|[from] Volt Switch\n|-ability|p2a: Dangernoodle|Sword of Ruin\n|\n|-weather|SunnyDay|[upkeep]\n|upkeep\n|\n|t:|1738596325\n|switch|p2b: Miraluce|Miraidon, L50, tera:Electric|73\/100\n|-activate|p2b: Miraluce|ability: Hadron Engine\n|turn|6\n|\n|t:|1738596348\n|move|p1b: Flutter Mane|Protect|p1b: Flutter Mane\n|-singleturn|p1b: Flutter Mane|Protect\n|move|p1a: Koraidon|Protect|p1a: Koraidon\n|-singleturn|p1a: Koraidon|Protect\n|move|p2a: Dangernoodle|Protect|p2a: Dangernoodle\n|-singleturn|p2a: Dangernoodle|Protect\n|move|p2b: Miraluce|Electro Drift|p1b: Flutter Mane\n|-activate|p1b: Flutter Mane|move: Protect\n|\n|-weather|none\n|-end|p1b: Flutter Mane|Protosynthesis\n|upkeep\n|turn|7\n|\n|t:|1738596362\n|-end|p1b: Flutter Mane|Protosynthesis|[silent]\n|switch|p1b: Indeedee|Indeedee-F, L50, F|100\/100\n|-fieldstart|move: Psychic Terrain|[from] ability: Psychic Surge|[of] p1b: Indeedee\n|move|p1a: Koraidon|Flare Blitz|p2b: Miraluce\n|-crit|p2b: Miraluce\n|-damage|p2b: Miraluce|0 fnt\n|faint|p2b: Miraluce\n|-damage|p1a: Koraidon|0 fnt|[from] Recoil\n|faint|p1a: Koraidon\n|move|p2a: Dangernoodle|Throat Chop|p1b: Indeedee\n|-supereffective|p1b: Indeedee\n|-damage|p1b: Indeedee|8\/100\n|-start|p1b: Indeedee|Throat Chop|[silent]\n|\n|upkeep\n|\n|t:|1738596370\n|switch|p1a: Flutter Mane|Flutter Mane, L50, shiny|1\/100\n|turn|8\n|\n|t:|1738596381\n|move|p1b: Indeedee|Follow Me|p1b: Indeedee\n|-singleturn|p1b: Indeedee|move: Follow Me\n|move|p1a: Flutter Mane|Moonblast|p2a: Dangernoodle\n|-supereffective|p2a: Dangernoodle\n|-damage|p2a: Dangernoodle|16\/100\n|-unboost|p2a: Dangernoodle|spa|1\n|move|p2a: Dangernoodle|Throat Chop|p1b: Indeedee\n|-supereffective|p1b: Indeedee\n|-damage|p1b: Indeedee|0 fnt\n|faint|p1b: Indeedee\n|\n|-sideend|p2: pokemasterz461|Reflect\n|upkeep\n|turn|9\n|\n|t:|1738596391\n|move|p1a: Flutter Mane|Moonblast|p2a: Dangernoodle\n|-supereffective|p2a: Dangernoodle\n|-damage|p2a: Dangernoodle|0 fnt\n|faint|p2a: Dangernoodle\n|\n|win|Bbjhots\n|raw|Bbjhots's rating: 1561 &rarr; <strong>1581<\/strong><br \/>(+20 for winning)\n|raw|pokemasterz461's rating: 1561 &rarr; <strong>1541<\/strong><br \/>(-20 for losing)\n|l|\u2606Bbjhots\n|player|p1|\n|l|\u2606pokemasterz461\n|player|p2|\n|l| mentalrofl\n|j|\u2606Bbjhots\n|player|p1|Bbjhots|101|\n","uploadtime":1738596629,"views":9,"formatid":"gen9vgc2025regg","rating":1541,"private":0,"password":null}