{"id":"gen9vgc2025regg-2293120737","format":"[Gen 9] VGC 2025 Reg G","players":["PiplupVGC","meiose"],"log":"|j|\u2606PiplupVGC\n|j|\u2606meiose\n|t:|1738526091\n|gametype|doubles\n|player|p1|PiplupVGC|169|1518\n|player|p2|meiose|schoolkid-gen4|1629\n|teamsize|p1|6\n|teamsize|p2|6\n|gen|9\n|tier|[Gen 9] VGC 2025 Reg G\n|rated|\n|rule|Species Clause: Limit one of each Pok\u00e9mon\n|rule|Item Clause: Limit 1 of each item\n|clearpoke\n|poke|p1|Landorus, L50, M|\n|poke|p1|Urshifu-*, L50, M|\n|poke|p1|Calyrex-Ice, L50|\n|poke|p1|Amoonguss, L50, M|\n|poke|p1|Iron Jugulis, L50|\n|poke|p1|Incineroar, L50, F|\n|poke|p2|Calyrex-Shadow, L50|\n|poke|p2|Raging Bolt, L50|\n|poke|p2|Ting-Lu, L50|\n|poke|p2|Dondozo, L50, M|\n|poke|p2|Ogerpon-Hearthflame, L50, F|\n|poke|p2|Scream Tail, L50|\n|teampreview|4\nPiplupVGC has agreed to open team sheets.\n|inactive|Battle timer is ON: inactive players will automatically lose when time's up. (requested by PiplupVGC)\nmeiose rejected open team sheets.\n|inactive|meiose has 60 seconds left.\n|inactive|meiose has 30 seconds left.\n|inactive|meiose has 20 seconds left.\n|\n|t:|1738526166\n|start\n|switch|p1a: Iron Jugulis|Iron Jugulis, L50|100\/100\n|switch|p1b: Calyrex|Calyrex-Ice, L50|100\/100\n|switch|p2a: Ting-Lu|Ting-Lu, L50|100\/100\n|switch|p2b: Ogerpon|Ogerpon-Hearthflame, L50, F|100\/100\n|-ability|p1b: Calyrex|As One\n|-ability|p1b: Calyrex|Unnerve\n|-ability|p2b: Ogerpon|Mold Breaker\n|-ability|p2a: Ting-Lu|Vessel of Ruin\n|-enditem|p1a: Iron Jugulis|Booster Energy\n|-activate|p1a: Iron Jugulis|ability: Quark Drive|[fromitem]\n|-start|p1a: Iron Jugulis|quarkdrivespe\n|turn|1\n|\n|t:|1738526186\n|switch|p2a: Dondozo|Dondozo, L50, M, shiny|100\/100\n|-terastallize|p2b: Ogerpon|Fire\n|detailschange|p2b: Ogerpon|Ogerpon-Hearthflame-Tera, L50, F, tera:Fire\n|-ability|p2b: Ogerpon|Embody Aspect (Hearthflame)|boost\n|-boost|p2b: Ogerpon|atk|1\n|-terastallize|p1b: Calyrex|Fairy\n|move|p1a: Iron Jugulis|Tailwind|p1a: Iron Jugulis\n|-sidestart|p1: PiplupVGC|move: Tailwind\n|move|p1b: Calyrex|Glacial Lance|p2a: Dondozo|[spread] p2a,p2b\n|-resisted|p2a: Dondozo\n|-resisted|p2b: Ogerpon\n|-crit|p2b: Ogerpon\n|-damage|p2a: Dondozo|84\/100\n|-damage|p2b: Ogerpon|60\/100\n|move|p2b: Ogerpon|Ivy Cudgel|p1b: Calyrex|[anim] Ivy Cudgel Fire\n|-damage|p1b: Calyrex|35\/100\n|\n|-heal|p2a: Dondozo|91\/100|[from] item: Leftovers\n|upkeep\n|turn|2\n|inactive|PiplupVGC has 30 seconds left.\n|inactive|meiose has 30 seconds left.\n|inactive|meiose has 20 seconds left.\n|inactive|meiose has 15 seconds left.\n|j| poiqwe123\n|inactive|meiose has 10 seconds left.\n|\n|t:|1738526234\n|switch|p1b: Incineroar|Incineroar, L50, F|100\/100\n|-ability|p1b: Incineroar|Intimidate|boost\n|-fail|p2a: Dondozo|unboost|Attack|[from] ability: Oblivious|[of] p2a: Dondozo\n|-unboost|p2b: Ogerpon|atk|1\n|move|p1a: Iron Jugulis|Air Slash|p2b: Ogerpon\n|-damage|p2b: Ogerpon|29\/100\n|move|p2b: Ogerpon|Horn Leech|p1b: Incineroar\n|-resisted|p1b: Incineroar\n|-damage|p1b: Incineroar|85\/100\n|-heal|p2b: Ogerpon|38\/100|[from] drain|[of] p1b: Incineroar\n|move|p2a: Dondozo|Wave Crash|p1b: Incineroar\n|-supereffective|p1b: Incineroar\n|-damage|p1b: Incineroar|27\/100\n|-enditem|p1b: Incineroar|Sitrus Berry|[eat]\n|-heal|p1b: Incineroar|52\/100|[from] item: Sitrus Berry\n|-damage|p2a: Dondozo|76\/100|[from] Recoil\n|\n|-heal|p2a: Dondozo|82\/100|[from] item: Leftovers\n|upkeep\n|turn|3\n|inactive|PiplupVGC has 30 seconds left.\n|inactive|meiose has 30 seconds left.\n|\n|t:|1738526272\n|switch|p2b: Ting-Lu|Ting-Lu, L50|100\/100\n|-ability|p2b: Ting-Lu|Vessel of Ruin\n|move|p1a: Iron Jugulis|Air Slash|p2b: Ting-Lu\n|-damage|p2b: Ting-Lu|85\/100\n|move|p1b: Incineroar|Parting Shot|p2a: Dondozo\n|-unboost|p2a: Dondozo|atk|1\n|-unboost|p2a: Dondozo|spa|1\n|\n|t:|1738526281\n|switch|p1b: Landorus|Landorus, L50, M|100\/100|[from] Parting Shot\n|move|p2a: Dondozo|Wave Crash|p1b: Landorus\n|-supereffective|p1b: Landorus\n|-damage|p1b: Landorus|44\/100\n|-damage|p2a: Dondozo|70\/100|[from] Recoil\n|\n|-heal|p2a: Dondozo|76\/100|[from] item: Leftovers\n|upkeep\n|turn|4\n|l| poiqwe123\n|\n|t:|1738526296\n|move|p1a: Iron Jugulis|Air Slash|p2a: Dondozo\n|-damage|p2a: Dondozo|58\/100\n|move|p1b: Landorus|Earth Power|p2a: Dondozo\n|-damage|p2a: Dondozo|16\/100\n|move|p2b: Ting-Lu|Stealth Rock|p1b: Landorus\n|-sidestart|p1: PiplupVGC|move: Stealth Rock\n|move|p2a: Dondozo|Wave Crash|p1b: Landorus\n|-supereffective|p1b: Landorus\n|-damage|p1b: Landorus|0 fnt\n|faint|p1b: Landorus\n|-damage|p2a: Dondozo|6\/100|[from] Recoil\n|\n|-heal|p2a: Dondozo|13\/100|[from] item: Leftovers\n|-sideend|p1: PiplupVGC|move: Tailwind\n|upkeep\n|\n|t:|1738526304\n|switch|p1b: Calyrex|Calyrex-Ice, L50, tera:Fairy|35\/100\n|-ability|p1b: Calyrex|As One\n|-ability|p1b: Calyrex|Unnerve\n|-damage|p1b: Calyrex|23\/100|[from] Stealth Rock\n|turn|5\n|inactive|meiose has 30 seconds left.\n|\n|t:|1738526338\n|move|p2b: Ting-Lu|Protect|p2b: Ting-Lu\n|-singleturn|p2b: Ting-Lu|Protect\n|move|p1a: Iron Jugulis|Tailwind|p1a: Iron Jugulis\n|-sidestart|p1: PiplupVGC|move: Tailwind\n|move|p1b: Calyrex|Glacial Lance|p2a: Dondozo|[spread] p2a\n|-activate|p2b: Ting-Lu|move: Protect\n|-resisted|p2a: Dondozo\n|-damage|p2a: Dondozo|0 fnt\n|faint|p2a: Dondozo\n|-ability|p1b: Calyrex|Chilling Neigh|boost\n|-boost|p1b: Calyrex|atk|1\n|\n|upkeep\n|\n|t:|1738526339\n|switch|p2a: Calyrex|Calyrex-Shadow, L50|100\/100\n|-ability|p2a: Calyrex|As One\n|-ability|p2a: Calyrex|Unnerve\n|turn|6\n|\n|t:|1738526359\n|switch|p2b: Ogerpon|Ogerpon-Hearthflame-Tera, L50, F, tera:Fire|38\/100\n|-ability|p2b: Ogerpon|Embody Aspect (Hearthflame)|boost\n|-boost|p2b: Ogerpon|atk|1\n|move|p1b: Calyrex|Protect|p1b: Calyrex\n|-singleturn|p1b: Calyrex|Protect\n|move|p1a: Iron Jugulis|Snarl|p2b: Ogerpon|[spread] p2a\n|-miss|p1a: Iron Jugulis|p2b: Ogerpon\n|-supereffective|p2a: Calyrex\n|-crit|p2a: Calyrex\n|-enditem|p2a: Calyrex|Focus Sash\n|-damage|p2a: Calyrex|1\/100\n|-unboost|p2a: Calyrex|spa|1\n|move|p2a: Calyrex|Astral Barrage|p1b: Calyrex|[spread] p1a\n|-activate|p1b: Calyrex|move: Protect\n|-resisted|p1a: Iron Jugulis\n|-damage|p1a: Iron Jugulis|84\/100\n|\n|upkeep\n|turn|7\n|inactive|meiose has 30 seconds left.\n|inactive|meiose has 20 seconds left.\n|\n|t:|1738526396\n|move|p2a: Calyrex|Protect|p2a: Calyrex\n|-singleturn|p2a: Calyrex|Protect\n|move|p2b: Ogerpon|Spiky Shield|p2b: Ogerpon\n|-singleturn|p2b: Ogerpon|move: Protect\n|move|p1a: Iron Jugulis|Snarl|p2b: Ogerpon|[spread] \n|-activate|p2a: Calyrex|move: Protect\n|-activate|p2b: Ogerpon|move: Protect\n|move|p1b: Calyrex|Glacial Lance|p2b: Ogerpon|[spread] \n|-activate|p2a: Calyrex|move: Protect\n|-activate|p2b: Ogerpon|move: Protect\n|\n|upkeep\n|turn|8\n|\n|t:|1738526418\n|switch|p2a: Ting-Lu|Ting-Lu, L50|85\/100\n|-ability|p2a: Ting-Lu|Vessel of Ruin\n|move|p1a: Iron Jugulis|Snarl|p2b: Ogerpon|[spread] p2a,p2b\n|-resisted|p2a: Ting-Lu\n|-damage|p2a: Ting-Lu|81\/100\n|-damage|p2b: Ogerpon|25\/100\n|-unboost|p2a: Ting-Lu|spa|1\n|-unboost|p2b: Ogerpon|spa|1\n|move|p1b: Calyrex|Glacial Lance|p2b: Ogerpon|[spread] p2a,p2b\n|-supereffective|p2a: Ting-Lu\n|-crit|p2a: Ting-Lu\n|-resisted|p2b: Ogerpon\n|-crit|p2b: Ogerpon\n|-damage|p2a: Ting-Lu|0 fnt\n|-damage|p2b: Ogerpon|0 fnt\n|faint|p2a: Ting-Lu\n|faint|p2b: Ogerpon\n|-ability|p1b: Calyrex|Chilling Neigh|boost\n|-boost|p1b: Calyrex|atk|2\n|\n|-sideend|p1: PiplupVGC|move: Tailwind\n|upkeep\n|\n|t:|1738526420\n|switch|p2b: Calyrex|Calyrex-Shadow, L50|1\/100\n|-ability|p2b: Calyrex|As One\n|-ability|p2b: Calyrex|Unnerve\n|turn|9\n|-message|meiose forfeited.\n|\n|win|PiplupVGC\n|raw|PiplupVGC's rating: 1518 &rarr; <strong>1544<\/strong><br \/>(+26 for winning)\n|raw|meiose's rating: 1629 &rarr; <strong>1603<\/strong><br \/>(-26 for losing)\n|l|\u2606PiplupVGC\n|player|p1|\n","uploadtime":1738526680,"views":15,"formatid":"gen9vgc2025regg","rating":1544,"private":0,"password":null}