{"id":"gen9vgc2025regg-2293731499","format":"[Gen 9] VGC 2025 Reg G","players":["Pneumatictoad","Diestoise"],"log":"|j|\u2606Pneumatictoad\n|j|\u2606Diestoise\n|t:|1738609984\n|gametype|doubles\n|player|p1|Pneumatictoad|janine|1666\n|player|p2|Diestoise|blue|1610\n|teamsize|p1|6\n|teamsize|p2|6\n|gen|9\n|tier|[Gen 9] VGC 2025 Reg G\n|rated|\n|rule|Species Clause: Limit one of each Pok\u00e9mon\n|rule|Item Clause: Limit 1 of each item\n|clearpoke\n|poke|p1|Calyrex-Ice, L50|\n|poke|p1|Trapinch, L50, M|\n|poke|p1|Annihilape, L50, F|\n|poke|p1|Pelipper, L50, F|\n|poke|p1|Jigglypuff, L50, F|\n|poke|p1|Urshifu-*, L50, F|\n|poke|p2|Koraidon, L50|\n|poke|p2|Raging Bolt, L50|\n|poke|p2|Entei, L50|\n|poke|p2|Flutter Mane, L50|\n|poke|p2|Venusaur, L50, M|\n|poke|p2|Ditto, L50|\n|teampreview|4\n|\n|t:|1738610018\n|start\n|switch|p1a: Annihilape|Annihilape, L50, F|100\/100\n|switch|p1b: Calyrex|Calyrex-Ice, L50|100\/100\n|switch|p2a: Flutter Mane|Flutter Mane, L50, shiny|100\/100\n|switch|p2b: Entei|Entei, L50|100\/100\n|-ability|p1b: Calyrex|As One\n|-ability|p1b: Calyrex|Unnerve\n|turn|1\n|\n|t:|1738610045\n|switch|p2b: Koraidon|Koraidon, L50|100\/100\n|-weather|SunnyDay|[from] ability: Orichalcum Pulse|[of] p2b: Koraidon\n|-activate|p2a: Flutter Mane|ability: Protosynthesis\n|-start|p2a: Flutter Mane|protosynthesisspe\n|-activate|p2b: Koraidon|Orichalcum Pulse|[source]\n|move|p1b: Calyrex|Protect|p1b: Calyrex\n|-singleturn|p1b: Calyrex|Protect\n|move|p2a: Flutter Mane|Shadow Ball|p1a: Annihilape\n|-supereffective|p1a: Annihilape\n|-damage|p1a: Annihilape|29\/100\n|move|p1a: Annihilape|Shadow Claw|p2a: Flutter Mane\n|-supereffective|p2a: Flutter Mane\n|-enditem|p2a: Flutter Mane|Focus Sash\n|-damage|p2a: Flutter Mane|1\/100\n|\n|-weather|SunnyDay|[upkeep]\n|upkeep\n|turn|2\n|\n|t:|1738610089\n|switch|p1a: Pelipper|Pelipper, L50, F|100\/100\n|-weather|RainDance|[from] ability: Drizzle|[of] p1a: Pelipper\n|-end|p2a: Flutter Mane|Protosynthesis\n|-terastallize|p2b: Koraidon|Fire\n|-terastallize|p1b: Calyrex|Grass\n|move|p2b: Koraidon|Flare Blitz|p1b: Calyrex\n|-supereffective|p1b: Calyrex\n|-damage|p1b: Calyrex|63\/100\n|-damage|p2b: Koraidon|86\/100|[from] Recoil\n|move|p2a: Flutter Mane|Shadow Ball|p1a: Pelipper\n|-damage|p1a: Pelipper|34\/100\n|move|p1b: Calyrex|Trick Room|p1b: Calyrex\n|-fieldstart|move: Trick Room|[of] p1b: Calyrex\n|\n|-weather|RainDance|[upkeep]\n|upkeep\n|turn|3\n|\n|t:|1738610165\n|switch|p1a: Trapinch|Trapinch, L50, M|100\/100\n|move|p2a: Flutter Mane|Protect|p2a: Flutter Mane\n|-singleturn|p2a: Flutter Mane|Protect\n|move|p2b: Koraidon|Protect|p2b: Koraidon\n|-singleturn|p2b: Koraidon|Protect\n|move|p1b: Calyrex|Glacial Lance|p2a: Flutter Mane|[spread] \n|-activate|p2a: Flutter Mane|move: Protect\n|-activate|p2b: Koraidon|move: Protect\n|\n|-weather|RainDance|[upkeep]\n|upkeep\n|turn|4\n|j| vgcvillains\n|\n|t:|1738610183\n|move|p1a: Trapinch|Earthquake|p2b: Koraidon|[spread] p1b,p2a,p2b\n|-resisted|p1b: Calyrex\n|-supereffective|p2b: Koraidon\n|-damage|p1b: Calyrex|51\/100\n|-damage|p2a: Flutter Mane|0 fnt\n|-damage|p2b: Koraidon|20\/100\n|faint|p2a: Flutter Mane\n|-end|p2a: Flutter Mane|Protosynthesis|[silent]\n|move|p1b: Calyrex|Glacial Lance|p2b: Koraidon\n|-resisted|p2b: Koraidon\n|-damage|p2b: Koraidon|0 fnt\n|faint|p2b: Koraidon\n|-ability|p1b: Calyrex|Chilling Neigh|boost\n|-boost|p1b: Calyrex|atk|1\n|\n|-weather|RainDance|[upkeep]\n|upkeep\n|\n|t:|1738610190\n|switch|p2a: Ditto|Ditto, L50|100\/100\n|switch|p2b: Entei|Entei, L50|100\/100\n|-transform|p2a: Ditto|p1b: Calyrex|[from] ability: Imposter\n|-ability|p2a: Ditto|As One\n|-ability|p2a: Ditto|Unnerve\n|-start|p2a: Ditto|typechange|Psychic\/Ice|[silent]\n|turn|5\n|-activate|p2a: Ditto|item: Quick Claw\n|\n|t:|1738610210\n|move|p1b: Calyrex|Protect|p1b: Calyrex\n|-singleturn|p1b: Calyrex|Protect\n|move|p2b: Entei|Extreme Speed|p1a: Trapinch\n|-damage|p1a: Trapinch|43\/100\n|move|p2a: Ditto|Glacial Lance|p1a: Trapinch|[spread] p1a\n|-activate|p1b: Calyrex|move: Protect\n|-supereffective|p1a: Trapinch\n|-damage|p1a: Trapinch|0 fnt\n|faint|p1a: Trapinch\n|-ability|p2a: Ditto|Chilling Neigh|boost\n|-boost|p2a: Ditto|atk|1\n|\n|-weather|RainDance|[upkeep]\n|upkeep\n|\n|t:|1738610219\n|switch|p1a: Pelipper|Pelipper, L50, F|34\/100\n|turn|6\n|\n|t:|1738610238\n|move|p1a: Pelipper|Wide Guard|p1a: Pelipper\n|-singleturn|p1a: Pelipper|Wide Guard\n|move|p1b: Calyrex|Glacial Lance|p2b: Entei|[spread] p2a,p2b\n|-resisted|p2a: Ditto\n|-resisted|p2b: Entei\n|-damage|p2a: Ditto|60\/100\n|-damage|p2b: Entei|62\/100\n|move|p2a: Ditto|Seed Bomb|p1a: Pelipper\n|-damage|p1a: Pelipper|0 fnt\n|faint|p1a: Pelipper\n|-ability|p2a: Ditto|Chilling Neigh|boost\n|-boost|p2a: Ditto|atk|1\n|move|p2b: Entei|Sacred Fire|p1b: Calyrex\n|-supereffective|p1b: Calyrex\n|-damage|p1b: Calyrex|21\/100\n|\n|-weather|none\n|-fieldend|move: Trick Room\n|upkeep\n|\n|t:|1738610241\n|switch|p1a: Annihilape|Annihilape, L50, F|29\/100\n|turn|7\n|\n|t:|1738610261\n|move|p1b: Calyrex|Protect|p1b: Calyrex\n|-singleturn|p1b: Calyrex|Protect\n|move|p2a: Ditto|Protect|p2a: Ditto\n|-singleturn|p2a: Ditto|Protect\n|move|p2b: Entei|Extreme Speed|p1b: Calyrex\n|-activate|p1b: Calyrex|move: Protect\n|move|p1a: Annihilape|Shadow Claw|p2a: Ditto\n|-activate|p2a: Ditto|move: Protect\n|\n|upkeep\n|turn|8\n|-activate|p2a: Ditto|item: Quick Claw\n|\n|t:|1738610289\n|move|p2a: Ditto|Glacial Lance|p1a: Annihilape|[spread] p1a,p1b\n|-supereffective|p1b: Calyrex\n|-damage|p1a: Annihilape|0 fnt\n|-damage|p1b: Calyrex|0 fnt\n|faint|p1a: Annihilape\n|faint|p1b: Calyrex\n|\n|win|Diestoise\n|raw|Pneumatictoad's rating: 1666 &rarr; <strong>1643<\/strong><br \/>(-23 for losing)\n|raw|Diestoise's rating: 1610 &rarr; <strong>1633<\/strong><br \/>(+23 for winning)\n|c|\u2606Pneumatictoad|Quick claw ditto is so cool\n|c|\u2606Diestoise|Gg\n|c|\u2606Pneumatictoad|Gg\n|c|\u2606Diestoise|Yes\n|l| vgcvillains\n|l|\u2606Pneumatictoad\n|player|p1|\n|l|\u2606Diestoise\n|player|p2|\n","uploadtime":1738610294,"views":19,"formatid":"gen9vgc2025regg","rating":1633,"private":0,"password":null}