{"id":"gen9vgc2025regg-2293793879","format":"[Gen 9] VGC 2025 Reg G","players":["Grimmjane","Rabble!"],"log":"|j|\u2606Grimmjane\n|j|\u2606Rabble!\n|t:|1738616322\n|gametype|doubles\n|player|p1|Grimmjane|266|1556\n|player|p2|Rabble!|102|1610\n|teamsize|p1|6\n|teamsize|p2|6\n|gen|9\n|tier|[Gen 9] VGC 2025 Reg G\n|rated|\n|rule|Species Clause: Limit one of each Pok\u00e9mon\n|rule|Item Clause: Limit 1 of each item\n|clearpoke\n|poke|p1|Zacian-*, L50|\n|poke|p1|Entei, L50|\n|poke|p1|Araquanid, L50, F|\n|poke|p1|Brute Bonnet, L50|\n|poke|p1|Tornadus, L50, M|\n|poke|p1|Ditto, L50|\n|poke|p2|Terapagos, L50, M|\n|poke|p2|Thundurus, L50, M|\n|poke|p2|Comfey, L50, F|\n|poke|p2|Rillaboom, L50, M|\n|poke|p2|Glimmora, L50, M|\n|poke|p2|Chi-Yu, L50|\n|teampreview|4\n|j| mr pogostick\n|inactive|Battle timer is ON: inactive players will automatically lose when time's up. (requested by Grimmjane)\n|\n|t:|1738616383\n|start\n|switch|p1a: Tornadus|Tornadus, L50, M|100\/100\n|switch|p1b: Khairo|Zacian-Crowned, L50|100\/100\n|switch|p2a: Terapagos|Terapagos, L50, M|100\/100\n|switch|p2b: Chi-Yu|Chi-Yu, L50|100\/100\n|-activate|p2a: Terapagos|ability: Tera Shift\n|detailschange|p2a: Terapagos|Terapagos-Terastal, L50, M\n|-heal|p2a: Terapagos|100\/100|[silent]\n|-ability|p1b: Khairo|Intrepid Sword|boost\n|-boost|p1b: Khairo|atk|1\n|-ability|p2b: Chi-Yu|Beads of Ruin\n|turn|1\n|inactive|Rabble! has 30 seconds left.\n|\n|t:|1738616411\n|-terastallize|p1b: Khairo|Ground\n|move|p1a: Tornadus|Rain Dance|p1a: Tornadus\n|-weather|RainDance\n|move|p1b: Khairo|Play Rough|p2b: Chi-Yu\n|-enditem|p2b: Chi-Yu|Focus Sash\n|-damage|p2b: Chi-Yu|1\/100\n|move|p2b: Chi-Yu|Will-O-Wisp|p1b: Khairo\n|-status|p1b: Khairo|brn\n|move|p2a: Terapagos|Calm Mind|p2a: Terapagos\n|-boost|p2a: Terapagos|spa|1\n|-boost|p2a: Terapagos|spd|1\n|\n|-weather|RainDance|[upkeep]\n|-damage|p1b: Khairo|94\/100 brn|[from] brn\n|upkeep\n|turn|2\n|inactive|Rabble! has 30 seconds left.\n|\n|t:|1738616444\n|switch|p1b: Entei|Entei, L50|100\/100\n|switch|p2b: Rillaboom|Rillaboom, L50, M|100\/100\n|-fieldstart|move: Grassy Terrain|[from] ability: Grassy Surge|[of] p2b: Rillaboom\n|move|p1a: Tornadus|Bleakwind Storm|p2b: Rillaboom|[spread] p2a,p2b\n|-activate|p2a: Terapagos|ability: Tera Shell\n|-resisted|p2a: Terapagos\n|-supereffective|p2b: Rillaboom\n|-damage|p2a: Terapagos|91\/100\n|-damage|p2b: Rillaboom|56\/100\n|move|p2a: Terapagos|Tera Starstorm|p1a: Tornadus\n|-damage|p1a: Tornadus|25\/100\n|\n|-weather|RainDance|[upkeep]\n|-heal|p2b: Rillaboom|62\/100|[from] Grassy Terrain\n|-heal|p2a: Terapagos|97\/100|[from] Grassy Terrain\n|-heal|p2a: Terapagos|100\/100|[from] item: Leftovers\n|upkeep\n|turn|3\n|inactive|Rabble! has 30 seconds left.\n|inactive|Rabble! has 20 seconds left.\n|inactive|Rabble! has 15 seconds left.\n|\n|t:|1738616486\n|switch|p1a: Brute Bonnet|Brute Bonnet, L50|100\/100\n|move|p2b: Rillaboom|Fake Out|p1b: Entei\n|-damage|p1b: Entei|88\/100\n|move|p2a: Terapagos|Tera Starstorm|p1a: Brute Bonnet\n|-damage|p1a: Brute Bonnet|45\/100\n|move|p1b: Entei|Roar|p2a: Terapagos\n|drag|p2a: Chi-Yu|Chi-Yu, L50|1\/100\n|-ability|p2a: Chi-Yu|Beads of Ruin\n|\n|-weather|RainDance|[upkeep]\n|-heal|p2a: Chi-Yu|7\/100|[from] Grassy Terrain\n|-heal|p1b: Entei|94\/100|[from] Grassy Terrain\n|-heal|p1a: Brute Bonnet|51\/100|[from] Grassy Terrain\n|-heal|p2b: Rillaboom|68\/100|[from] Grassy Terrain\n|upkeep\n|turn|4\n|inactive|Rabble! has 30 seconds left.\n|\n|t:|1738616515\n|-end|p1a: Brute Bonnet|Protosynthesis|[silent]\n|switch|p1a: Khairo|Zacian-Crowned, L50, tera:Ground|94\/100 brn\n|move|p2a: Chi-Yu|Overheat|p1a: Khairo\n|-damage|p1a: Khairo|56\/100 brn\n|-unboost|p2a: Chi-Yu|spa|2\n|move|p1b: Entei|Snarl|p2a: Chi-Yu|[spread] p2a,p2b\n|-resisted|p2a: Chi-Yu\n|-damage|p2a: Chi-Yu|2\/100\n|-damage|p2b: Rillaboom|62\/100\n|-unboost|p2a: Chi-Yu|spa|1\n|-unboost|p2b: Rillaboom|spa|1\n|move|p2b: Rillaboom|U-turn|p1a: Khairo\n|-damage|p1a: Khairo|36\/100 brn\n|\n|t:|1738616531\n|switch|p2b: Comfey|Comfey, L50, F|100\/100|[from] U-turn\n|\n|-weather|RainDance|[upkeep]\n|-heal|p1a: Khairo|42\/100 brn|[from] Grassy Terrain\n|-heal|p2a: Chi-Yu|8\/100|[from] Grassy Terrain\n|-heal|p1b: Entei|99\/100|[from] Grassy Terrain\n|-damage|p1a: Khairo|36\/100 brn|[from] brn\n|upkeep\n|turn|5\n|j| Funn yIy\n|\n|t:|1738616554\n|switch|p2a: Rillaboom|Rillaboom, L50, M|62\/100\n|move|p2b: Comfey|Floral Healing|p2a: Rillaboom\n|-heal|p2a: Rillaboom|100\/100\n|move|p1a: Khairo|Behemoth Blade|p2b: Comfey\n|-supereffective|p2b: Comfey\n|-damage|p2b: Comfey|41\/100\n|-enditem|p2b: Comfey|Sitrus Berry|[eat]\n|-heal|p2b: Comfey|65\/100|[from] item: Sitrus Berry\n|move|p1b: Entei|Sacred Fire|p2b: Comfey\n|-damage|p2b: Comfey|45\/100\n|-status|p2b: Comfey|brn\n|\n|-weather|none\n|-heal|p1a: Khairo|42\/100 brn|[from] Grassy Terrain\n|-heal|p1b: Entei|100\/100|[from] Grassy Terrain\n|-heal|p2b: Comfey|51\/100 brn|[from] Grassy Terrain\n|-damage|p1a: Khairo|36\/100 brn|[from] brn\n|-damage|p2b: Comfey|45\/100 brn|[from] brn\n|upkeep\n|turn|6\n|inactive|Rabble! has 30 seconds left.\n|\n|t:|1738616583\n|move|p1a: Khairo|Protect|p1a: Khairo\n|-singleturn|p1a: Khairo|Protect\n|move|p2a: Rillaboom|Fake Out|p1a: Khairo\n|-activate|p1a: Khairo|move: Protect\n|move|p1b: Entei|Sacred Fire|p2b: Comfey\n|-crit|p2b: Comfey\n|-damage|p2b: Comfey|0 fnt\n|faint|p2b: Comfey\n|\n|-heal|p1a: Khairo|42\/100 brn|[from] Grassy Terrain\n|-damage|p1a: Khairo|36\/100 brn|[from] brn\n|-fieldend|move: Grassy Terrain\n|upkeep\n|j| Mukmogs\n|\n|t:|1738616589\n|switch|p2b: Terapagos|Terapagos-Terastal, L50, M|100\/100\n|turn|7\n|l| Mukmogs\n|inactive|Rabble! has 30 seconds left.\n|\n|t:|1738616617\n|switch|p2a: Chi-Yu|Chi-Yu, L50|8\/100\n|-ability|p2a: Chi-Yu|Beads of Ruin\n|-terastallize|p2b: Terapagos|Stellar\n|detailschange|p2b: Terapagos|Terapagos-Stellar, L50, M, tera:Stellar\n|-heal|p2b: Terapagos|100\/100|[silent]\n|move|p1a: Khairo|Behemoth Blade|p2a: Chi-Yu\n|-resisted|p2a: Chi-Yu\n|-crit|p2a: Chi-Yu\n|-damage|p2a: Chi-Yu|0 fnt\n|faint|p2a: Chi-Yu\n|move|p1b: Entei|Sacred Fire|p2b: Terapagos\n|-damage|p2b: Terapagos|81\/100\n|move|p2b: Terapagos|Tera Starstorm|p1b: Entei|[spread] p1a,p1b\n|-supereffective|p1a: Khairo\n|-damage|p1a: Khairo|0 fnt\n|-damage|p1b: Entei|71\/100\n|faint|p1a: Khairo\n|\n|-heal|p2b: Terapagos|87\/100|[from] item: Leftovers\n|upkeep\n|\n|t:|1738616637\n|switch|p1a: Tornadus|Tornadus, L50, M|25\/100\n|switch|p2a: Rillaboom|Rillaboom, L50, M|100\/100\n|-fieldstart|move: Grassy Terrain|[from] ability: Grassy Surge|[of] p2a: Rillaboom\n|turn|8\n|inactive|Rabble! has 30 seconds left.\n|\n|t:|1738616664\n|move|p2a: Rillaboom|Fake Out|p1b: Entei\n|-damage|p1b: Entei|58\/100\n|move|p1a: Tornadus|Tailwind|p1a: Tornadus\n|-sidestart|p1: Grimmjane|move: Tailwind\n|move|p1b: Entei|Snarl|p2a: Rillaboom|[spread] p2a,p2b\n|-damage|p2a: Rillaboom|96\/100\n|-damage|p2b: Terapagos|83\/100\n|-unboost|p2a: Rillaboom|spa|1\n|-unboost|p2b: Terapagos|spa|1\n|move|p2b: Terapagos|Scorching Sands|p1b: Entei\n|-supereffective|p1b: Entei\n|-crit|p1b: Entei\n|-damage|p1b: Entei|0 fnt\n|faint|p1b: Entei\n|\n|-heal|p2a: Rillaboom|100\/100|[from] Grassy Terrain\n|-heal|p2b: Terapagos|89\/100|[from] Grassy Terrain\n|-heal|p2b: Terapagos|95\/100|[from] item: Leftovers\n|upkeep\n|\n|t:|1738616676\n|switch|p1b: Brute Bonnet|Brute Bonnet, L50|51\/100\n|turn|9\n|\n|t:|1738616684\n|move|p2b: Terapagos|Protect|p2b: Terapagos\n|-singleturn|p2b: Terapagos|Protect\n|move|p1a: Tornadus|Bleakwind Storm|p2b: Terapagos|[spread] \n|-activate|p2b: Terapagos|move: Protect\n|-miss|p1a: Tornadus|p2a: Rillaboom\n|move|p1b: Brute Bonnet|Spore|p2b: Terapagos\n|-activate|p2b: Terapagos|move: Protect\n|move|p2a: Rillaboom|U-turn|p1b: Brute Bonnet\n|-supereffective|p1b: Brute Bonnet\n|-damage|p1b: Brute Bonnet|0 fnt\n|faint|p1b: Brute Bonnet\n|-end|p1b: Brute Bonnet|Protosynthesis|[silent]\n|\n|-heal|p2b: Terapagos|100\/100|[from] Grassy Terrain\n|upkeep\n|turn|10\n|l|\u2606Grimmjane\n|inactive|Grimmjane disconnected and has a minute to reconnect!\n|player|p1|\n|\n|t:|1738616702\n|move|p1a: Tornadus|Bleakwind Storm|p2a: Rillaboom|[spread] p2b\n|-miss|p1a: Tornadus|p2a: Rillaboom\n|-damage|p2b: Terapagos|80\/100\n|move|p2a: Rillaboom|Knock Off|p1a: Tornadus\n|-damage|p1a: Tornadus|0 fnt\n|-enditem|p1a: Tornadus|Focus Sash|[from] move: Knock Off|[of] p2a: Rillaboom\n|faint|p1a: Tornadus\n|\n|win|Rabble!\n|raw|Grimmjane's rating: 1556 &rarr; <strong>1539<\/strong><br \/>(-17 for losing)\n|raw|Rabble!'s rating: 1610 &rarr; <strong>1627<\/strong><br \/>(+17 for winning)\n|l|\u2606Rabble!\n|player|p2|\n","uploadtime":1738616940,"views":6,"formatid":"gen9vgc2025regg","rating":1539,"private":0,"password":null}