{"id":"gen9vgc2025regg-2293107558","format":"[Gen 9] VGC 2025 Reg G","players":["elvegis1","test-on-calls"],"log":"|j|\u2606elvegis1\n|j|\u2606test-on-calls\n|t:|1738524508\n|gametype|doubles\n|player|p1|elvegis1|lucas|1548\n|player|p2|test-on-calls|101|1561\n|teamsize|p1|6\n|teamsize|p2|6\n|gen|9\n|tier|[Gen 9] VGC 2025 Reg G\n|rated|\n|rule|Species Clause: Limit one of each Pok\u00e9mon\n|rule|Item Clause: Limit 1 of each item\n|clearpoke\n|poke|p1|Kyogre, L50|\n|poke|p1|Chien-Pao, L50|\n|poke|p1|Urshifu-*, L50, F|\n|poke|p1|Incineroar, L50, F|\n|poke|p1|Rillaboom, L50, M|\n|poke|p1|Landorus, L50, M|\n|poke|p2|Whimsicott, L50, F|\n|poke|p2|Groudon, L50|\n|poke|p2|Flutter Mane, L50|\n|poke|p2|Chi-Yu, L50|\n|poke|p2|Sableye, L50, M|\n|poke|p2|Toxapex, L50, M|\n|teampreview|4\n|inactive|Battle timer is ON: inactive players will automatically lose when time's up. (requested by elvegis1)\n|inactive|test-on-calls has 60 seconds left.\n|inactive|test-on-calls has 30 seconds left.\n|\n|t:|1738524571\n|start\n|switch|p1a: Urshifu|Urshifu-Rapid-Strike, L50, F|100\/100\n|switch|p1b: Incineroar|Incineroar, L50, F|100\/100\n|switch|p2a: Groudon|Groudon, L50, shiny|100\/100\n|switch|p2b: Whimsicott|Whimsicott, L50, F|100\/100\n|-weather|SunnyDay|[from] ability: Drought|[of] p2a: Groudon\n|-ability|p1b: Incineroar|Intimidate|boost\n|-unboost|p2a: Groudon|atk|1\n|-unboost|p2b: Whimsicott|atk|1\n|turn|1\n|\n|t:|1738524589\n|switch|p1b: Kyogre|Kyogre, L50|100\/100\n|-weather|RainDance|[from] ability: Drizzle|[of] p1b: Kyogre\n|-terastallize|p1a: Urshifu|Water\n|-terastallize|p2a: Groudon|Water\n|move|p2b: Whimsicott|Tailwind|p2b: Whimsicott\n|-sidestart|p2: test-on-calls|move: Tailwind\n|move|p2a: Groudon|Precipice Blades|p1a: Urshifu|[spread] p1b\n|-miss|p2a: Groudon|p1a: Urshifu\n|-damage|p1b: Kyogre|63\/100\n|move|p1a: Urshifu|Surging Strikes|p2a: Groudon\n|-resisted|p2a: Groudon\n|-crit|p2a: Groudon\n|-damage|p2a: Groudon|84\/100\n|-resisted|p2a: Groudon\n|-crit|p2a: Groudon\n|-damage|p2a: Groudon|66\/100\n|-resisted|p2a: Groudon\n|-crit|p2a: Groudon\n|-damage|p2a: Groudon|50\/100\n|-hitcount|p2a: Groudon|3\n|\n|-weather|RainDance|[upkeep]\n|-heal|p1b: Kyogre|69\/100|[from] item: Leftovers\n|upkeep\n|turn|2\n|j| PoggibonsiCity\n|j| jdarcan\n|inactive|elvegis1 has 30 seconds left.\n|\n|t:|1738524618\n|switch|p2a: Toxapex|Toxapex, L50, M|100\/100\n|move|p2b: Whimsicott|Moonblast|p1a: Urshifu\n|-damage|p1a: Urshifu|55\/100\n|move|p1a: Urshifu|Surging Strikes|p2a: Toxapex\n|-resisted|p2a: Toxapex\n|-crit|p2a: Toxapex\n|-damage|p2a: Toxapex|82\/100\n|-resisted|p2a: Toxapex\n|-crit|p2a: Toxapex\n|-damage|p2a: Toxapex|63\/100\n|-resisted|p2a: Toxapex\n|-crit|p2a: Toxapex\n|-damage|p2a: Toxapex|44\/100\n|-hitcount|p2a: Toxapex|3\n|move|p1b: Kyogre|Ice Beam|p2b: Whimsicott\n|-supereffective|p2b: Whimsicott\n|-enditem|p2b: Whimsicott|Focus Sash\n|-damage|p2b: Whimsicott|1\/100\n|\n|-weather|RainDance|[upkeep]\n|-heal|p1b: Kyogre|75\/100|[from] item: Leftovers\n|-heal|p2a: Toxapex|50\/100|[from] item: Leftovers\n|upkeep\n|turn|3\n|inactive|test-on-calls has 30 seconds left.\n|inactive|test-on-calls has 20 seconds left.\n|\n|t:|1738524657\n|switch|p2b: Groudon|Groudon, L50, shiny, tera:Water|50\/100\n|-weather|SunnyDay|[from] ability: Drought|[of] p2b: Groudon\n|switch|p1a: Incineroar|Incineroar, L50, F|100\/100\n|-ability|p1a: Incineroar|Intimidate|boost\n|-unboost|p2a: Toxapex|atk|1\n|-unboost|p2b: Groudon|atk|1\n|move|p1b: Kyogre|Water Spout|p2a: Toxapex|[spread] p2a,p2b\n|-resisted|p2a: Toxapex\n|-crit|p2a: Toxapex\n|-resisted|p2b: Groudon\n|-damage|p2a: Toxapex|36\/100\n|-damage|p2b: Groudon|44\/100\n|move|p2a: Toxapex|Infestation|p1b: Kyogre\n|-damage|p1b: Kyogre|73\/100\n|-activate|p1b: Kyogre|move: Infestation|[of] p2a: Toxapex\n|\n|-weather|SunnyDay|[upkeep]\n|-heal|p1b: Kyogre|79\/100|[from] item: Leftovers\n|-heal|p2a: Toxapex|42\/100|[from] item: Leftovers\n|-damage|p1b: Kyogre|66\/100|[from] move: Infestation|[partiallytrapped]\n|upkeep\n|turn|4\n|\n|t:|1738524677\n|move|p1a: Incineroar|Fake Out|p2a: Toxapex\n|-damage|p2a: Toxapex|34\/100\n|move|p2b: Groudon|Precipice Blades|p1b: Kyogre|[spread] p1a,p1b\n|-supereffective|p1a: Incineroar\n|-damage|p1a: Incineroar|44\/100\n|-damage|p1b: Kyogre|29\/100\n|move|p1b: Kyogre|Calm Mind|p1b: Kyogre\n|-boost|p1b: Kyogre|spa|1\n|-boost|p1b: Kyogre|spd|1\n|cant|p2a: Toxapex|flinch\n|\n|-weather|SunnyDay|[upkeep]\n|-heal|p1b: Kyogre|35\/100|[from] item: Leftovers\n|-heal|p2a: Toxapex|39\/100|[from] item: Leftovers\n|-damage|p1b: Kyogre|22\/100|[from] move: Infestation|[partiallytrapped]\n|-sideend|p2: test-on-calls|move: Tailwind\n|upkeep\n|turn|5\n|\n|t:|1738524700\n|switch|p1a: Landorus|Landorus, L50, M|100\/100\n|move|p2a: Toxapex|Baneful Bunker|p2a: Toxapex\n|-singleturn|p2a: Toxapex|move: Protect\n|move|p1b: Kyogre|Ice Beam|p2b: Groudon\n|-resisted|p2b: Groudon\n|-damage|p2b: Groudon|28\/100\n|move|p2b: Groudon|Precipice Blades|p1a: Landorus|[spread] p1b\n|-immune|p1a: Landorus\n|-damage|p1b: Kyogre|0 fnt\n|faint|p1b: Kyogre\n|\n|-weather|SunnyDay|[upkeep]\n|-heal|p2a: Toxapex|45\/100|[from] item: Leftovers\n|upkeep\n|\n|t:|1738524714\n|switch|p1b: Urshifu|Urshifu-Rapid-Strike, L50, F, tera:Water|55\/100\n|turn|6\n|\n|t:|1738524735\n|move|p1a: Landorus|Earth Power|p2a: Toxapex\n|-supereffective|p2a: Toxapex\n|-damage|p2a: Toxapex|0 fnt\n|faint|p2a: Toxapex\n|move|p1b: Urshifu|Close Combat|p2b: Groudon\n|-damage|p2b: Groudon|0 fnt\n|-unboost|p1b: Urshifu|def|1\n|-unboost|p1b: Urshifu|spd|1\n|faint|p2b: Groudon\n|\n|-weather|SunnyDay|[upkeep]\n|upkeep\n|\n|t:|1738524737\n|switch|p2b: Whimsicott|Whimsicott, L50, F|1\/100\n|switch|p2a: Flutter Mane|Flutter Mane, L50, shiny|100\/100\n|-activate|p2a: Flutter Mane|ability: Protosynthesis\n|-start|p2a: Flutter Mane|protosynthesisspe\n|turn|7\n|\n|t:|1738524752\n|move|p2a: Flutter Mane|Dazzling Gleam|p1a: Landorus|[spread] p1a,p1b\n|-damage|p1a: Landorus|50\/100\n|-damage|p1b: Urshifu|0 fnt\n|faint|p1b: Urshifu\n|move|p2b: Whimsicott|Moonblast|p1a: Landorus\n|-damage|p1a: Landorus|9\/100\n|move|p1a: Landorus|Sandsear Storm|p2a: Flutter Mane|[spread] p2b\n|-miss|p1a: Landorus|p2a: Flutter Mane\n|-resisted|p2b: Whimsicott\n|-damage|p2b: Whimsicott|0 fnt\n|faint|p2b: Whimsicott\n|\n|-weather|none\n|-end|p2a: Flutter Mane|Protosynthesis\n|upkeep\n|\n|t:|1738524757\n|switch|p1b: Incineroar|Incineroar, L50, F|44\/100\n|-ability|p1b: Incineroar|Intimidate|boost\n|-unboost|p2a: Flutter Mane|atk|1\n|turn|8\n|\n|t:|1738524761\n|move|p1a: Landorus|Protect|p1a: Landorus\n|-singleturn|p1a: Landorus|Protect\n|move|p2a: Flutter Mane|Dazzling Gleam|p1b: Incineroar|[spread] p1b\n|-activate|p1a: Landorus|move: Protect\n|-damage|p1b: Incineroar|8\/100\n|move|p1b: Incineroar|Flare Blitz|p2a: Flutter Mane\n|-damage|p2a: Flutter Mane|20\/100\n|-damage|p1b: Incineroar|0 fnt|[from] Recoil\n|faint|p1b: Incineroar\n|\n|upkeep\n|turn|9\n|inactive|test-on-calls has 30 seconds left.\n|inactive|test-on-calls has 20 seconds left.\n|inactive|test-on-calls has 15 seconds left.\n|inactive|test-on-calls has 10 seconds left.\n|inactive|test-on-calls has 5 seconds left.\n|\n|t:|1738524816\n|move|p2a: Flutter Mane|Dazzling Gleam|p1a: Landorus\n|-damage|p1a: Landorus|0 fnt\n|faint|p1a: Landorus\n|\n|win|test-on-calls\n|raw|elvegis1's rating: 1548 &rarr; <strong>1529<\/strong><br \/>(-19 for losing)\n|raw|test-on-calls's rating: 1561 &rarr; <strong>1580<\/strong><br \/>(+19 for winning)\n|l|\u2606elvegis1\n|player|p1|\n|l|\u2606test-on-calls\n|player|p2|\n|l| PoggibonsiCity\n|l| jdarcan\n","uploadtime":1738525018,"views":14,"formatid":"gen9vgc2025regg","rating":1529,"private":0,"password":null}