{"id":"gen9vgc2025regg-2293674991","format":"[Gen 9] VGC 2025 Reg G","players":["Astterio","Yuans Reive"],"log":"|j|\u2606Astterio\n|j|\u2606Yuans Reive\n|t:|1738604449\n|gametype|doubles\n|player|p1|Astterio|eusine|1559\n|player|p2|Yuans Reive|169|1636\n|teamsize|p1|6\n|teamsize|p2|6\n|gen|9\n|tier|[Gen 9] VGC 2025 Reg G\n|rated|\n|rule|Species Clause: Limit one of each Pok\u00e9mon\n|rule|Item Clause: Limit 1 of each item\n|clearpoke\n|poke|p1|Miraidon, L50|\n|poke|p1|Chi-Yu, L50|\n|poke|p1|Glimmora, L50, M|\n|poke|p1|Tornadus, L50, M|\n|poke|p1|Dondozo, L50, M|\n|poke|p1|Tatsugiri, L50, M|\n|poke|p2|Urshifu-*, L50, M|\n|poke|p2|Raging Bolt, L50|\n|poke|p2|Calyrex-Ice, L50|\n|poke|p2|Incineroar, L50, M|\n|poke|p2|Rillaboom, L50, F|\n|poke|p2|Farigiraf, L50, M|\n|teampreview|4\nYuans Reive has agreed to open team sheets.\n|inactive|Battle timer is ON: inactive players will automatically lose when time's up. (requested by Astterio)\n|c|\u2606Yuans Reive|glhf\nAstterio rejected open team sheets.\n|c|\u2606Astterio|Glhf\n|inactive|Astterio has 60 seconds left.\n|\n|t:|1738604493\n|start\n|switch|p1a: Chi-Yu|Chi-Yu, L50|100\/100\n|switch|p1b: Miraidon|Miraidon, L50|100\/100\n|switch|p2a: Rillaboom|Rillaboom, L50, F|100\/100\n|switch|p2b: Urshifu|Urshifu-Rapid-Strike, L50, M|100\/100\n|-fieldstart|move: Electric Terrain|[from] ability: Hadron Engine|[of] p1b: Miraidon\n|-ability|p1a: Chi-Yu|Beads of Ruin\n|-fieldstart|move: Grassy Terrain|[from] ability: Grassy Surge|[of] p2a: Rillaboom\n|turn|1\n|\n|t:|1738604509\n|switch|p1a: Tatsugiri|Tatsugiri, L50, M|100\/100\n|move|p2a: Rillaboom|Fake Out|p1a: Tatsugiri\n|-damage|p1a: Tatsugiri|77\/100\n|move|p1b: Miraidon|Volt Switch|p2b: Urshifu\n|-supereffective|p2b: Urshifu\n|-crit|p2b: Urshifu\n|-enditem|p2b: Urshifu|Focus Sash\n|-damage|p2b: Urshifu|1\/100\n|\n|t:|1738604523\n|switch|p1b: Chi-Yu|Chi-Yu, L50|100\/100|[from] Volt Switch\n|-ability|p1b: Chi-Yu|Beads of Ruin\n|move|p2b: Urshifu|Surging Strikes|p1a: Tatsugiri\n|-resisted|p1a: Tatsugiri\n|-crit|p1a: Tatsugiri\n|-damage|p1a: Tatsugiri|67\/100\n|-resisted|p1a: Tatsugiri\n|-crit|p1a: Tatsugiri\n|-damage|p1a: Tatsugiri|58\/100\n|-resisted|p1a: Tatsugiri\n|-crit|p1a: Tatsugiri\n|-damage|p1a: Tatsugiri|49\/100\n|-hitcount|p1a: Tatsugiri|3\n|\n|-heal|p1a: Tatsugiri|55\/100|[from] Grassy Terrain\n|-heal|p2b: Urshifu|7\/100|[from] Grassy Terrain\n|upkeep\n|turn|2\n|\n|t:|1738604533\n|switch|p2b: Incineroar|Incineroar, L50, M|100\/100\n|-ability|p2b: Incineroar|Intimidate|boost\n|-unboost|p1a: Tatsugiri|atk|1\n|-unboost|p1b: Chi-Yu|atk|1\n|move|p2a: Rillaboom|Grassy Glide|p1a: Tatsugiri\n|-damage|p1a: Tatsugiri|0 fnt\n|faint|p1a: Tatsugiri\n|move|p1b: Chi-Yu|Overheat|p2a: Rillaboom\n|-supereffective|p2a: Rillaboom\n|-damage|p2a: Rillaboom|0 fnt\n|-unboost|p1b: Chi-Yu|spa|2\n|faint|p2a: Rillaboom\n|\n|upkeep\n|\n|t:|1738604549\n|switch|p1a: Dondozo|Dondozo, L50, M|100\/100\n|switch|p2a: Calyrex|Calyrex-Ice, L50|100\/100\n|-ability|p2a: Calyrex|As One\n|-ability|p2a: Calyrex|Unnerve\n|turn|3\n|\n|t:|1738604569\n|move|p2b: Incineroar|Fake Out|p1a: Dondozo\n|-damage|p1a: Dondozo|95\/100\n|move|p1b: Chi-Yu|Dark Pulse|p2a: Calyrex\n|-supereffective|p2a: Calyrex\n|-damage|p2a: Calyrex|65\/100\n|cant|p1a: Dondozo|flinch\n|move|p2a: Calyrex|Glacial Lance|p1a: Dondozo|[spread] p1a,p1b\n|-resisted|p1a: Dondozo\n|-resisted|p1b: Chi-Yu\n|-damage|p1a: Dondozo|80\/100\n|-damage|p1b: Chi-Yu|57\/100\n|\n|-heal|p1b: Chi-Yu|63\/100|[from] Grassy Terrain\n|-heal|p1a: Dondozo|86\/100|[from] Grassy Terrain\n|-heal|p1a: Dondozo|93\/100|[from] item: Leftovers\n|-heal|p2a: Calyrex|71\/100|[from] Grassy Terrain\n|upkeep\n|turn|4\n|\n|t:|1738604588\n|-terastallize|p2a: Calyrex|Water\n|move|p1b: Chi-Yu|Dark Pulse|p2a: Calyrex\n|-damage|p2a: Calyrex|53\/100\n|move|p2b: Incineroar|Will-O-Wisp|p1a: Dondozo\n|-status|p1a: Dondozo|brn\n|move|p1a: Dondozo|Wave Crash|p2a: Calyrex\n|-resisted|p2a: Calyrex\n|-damage|p2a: Calyrex|47\/100\n|-damage|p1a: Dondozo|91\/100 brn|[from] Recoil\n|move|p2a: Calyrex|Trick Room|p2a: Calyrex\n|-fieldstart|move: Trick Room|[of] p2a: Calyrex\n|\n|-heal|p2a: Calyrex|53\/100|[from] Grassy Terrain\n|-heal|p1a: Dondozo|97\/100 brn|[from] Grassy Terrain\n|-heal|p1a: Dondozo|100\/100 brn|[from] item: Leftovers\n|-heal|p1b: Chi-Yu|69\/100|[from] Grassy Terrain\n|-damage|p1a: Dondozo|94\/100 brn|[from] brn\n|upkeep\n|turn|5\n|\n|t:|1738604602\n|move|p1b: Chi-Yu|Protect|p1b: Chi-Yu\n|-singleturn|p1b: Chi-Yu|Protect\n|move|p2a: Calyrex|High Horsepower|p1b: Chi-Yu\n|-activate|p1b: Chi-Yu|move: Protect\n|move|p1a: Dondozo|Earthquake|p2a: Calyrex|[spread] p2a,p2b\n|-activate|p1b: Chi-Yu|move: Protect\n|-supereffective|p2b: Incineroar\n|-damage|p2a: Calyrex|50\/100\n|-damage|p2b: Incineroar|92\/100\n|move|p2b: Incineroar|Knock Off|p1a: Dondozo\n|-damage|p1a: Dondozo|74\/100 brn\n|-enditem|p1a: Dondozo|Leftovers|[from] move: Knock Off|[of] p2b: Incineroar\n|\n|-heal|p2a: Calyrex|56\/100|[from] Grassy Terrain\n|-heal|p1a: Dondozo|80\/100 brn|[from] Grassy Terrain\n|-heal|p2b: Incineroar|98\/100|[from] Grassy Terrain\n|-heal|p1b: Chi-Yu|75\/100|[from] Grassy Terrain\n|-damage|p1a: Dondozo|74\/100 brn|[from] brn\n|-fieldend|move: Grassy Terrain\n|upkeep\n|turn|6\n|\n|t:|1738604625\n|-terastallize|p1b: Chi-Yu|Ghost\n|move|p2a: Calyrex|High Horsepower|p1b: Chi-Yu\n|-damage|p1b: Chi-Yu|13\/100\n|move|p1a: Dondozo|Wave Crash|p2a: Calyrex\n|-resisted|p2a: Calyrex\n|-damage|p2a: Calyrex|49\/100\n|-damage|p1a: Dondozo|72\/100 brn|[from] Recoil\n|move|p2b: Incineroar|Parting Shot|p1a: Dondozo\n|-unboost|p1a: Dondozo|atk|1\n|-unboost|p1a: Dondozo|spa|1\n|\n|t:|1738604633\n|switch|p2b: Urshifu|Urshifu-Rapid-Strike, L50, M|7\/100|[from] Parting Shot\n|move|p1b: Chi-Yu|Dark Pulse|p2a: Calyrex\n|-damage|p2a: Calyrex|33\/100\n|\n|-damage|p1a: Dondozo|66\/100 brn|[from] brn\n|upkeep\n|turn|7\n|\n|t:|1738604649\n|move|p1b: Chi-Yu|Protect|p1b: Chi-Yu\n|-singleturn|p1b: Chi-Yu|Protect\n|move|p2b: Urshifu|Aqua Jet|p1b: Chi-Yu\n|-damage|p1b: Chi-Yu|0 fnt\n|faint|p1b: Chi-Yu\n|move|p2a: Calyrex|Glacial Lance|p1a: Dondozo\n|-resisted|p1a: Dondozo\n|-damage|p1a: Dondozo|47\/100 brn\n|move|p1a: Dondozo|Body Press|p2b: Urshifu\n|-damage|p2b: Urshifu|0 fnt\n|faint|p2b: Urshifu\n|\n|-damage|p1a: Dondozo|40\/100 brn|[from] brn\n|upkeep\n|\n|t:|1738604657\n|switch|p2b: Incineroar|Incineroar, L50, M|98\/100\n|switch|p1b: Miraidon|Miraidon, L50|100\/100\n|-ability|p2b: Incineroar|Intimidate|boost\n|-unboost|p1a: Dondozo|atk|1\n|-unboost|p1b: Miraidon|atk|1\n|-fieldstart|move: Electric Terrain|[from] ability: Hadron Engine|[of] p1b: Miraidon\n|turn|8\n|\n|t:|1738604667\n|move|p2a: Calyrex|Glacial Lance|p1b: Miraidon|[spread] p1a,p1b\n|-resisted|p1a: Dondozo\n|-supereffective|p1b: Miraidon\n|-damage|p1a: Dondozo|26\/100 brn\n|-damage|p1b: Miraidon|0 fnt\n|faint|p1b: Miraidon\n|-ability|p2a: Calyrex|Chilling Neigh|boost\n|-boost|p2a: Calyrex|atk|1\n|move|p1a: Dondozo|Body Press|p2b: Incineroar\n|-supereffective|p2b: Incineroar\n|-damage|p2b: Incineroar|74\/100\n|move|p2b: Incineroar|Knock Off|p1a: Dondozo\n|-damage|p1a: Dondozo|12\/100 brn\n|\n|-damage|p1a: Dondozo|6\/100 brn|[from] brn\n|-fieldend|move: Trick Room\n|upkeep\n|turn|9\n|-message|Astterio forfeited.\n|\n|win|Yuans Reive\n|raw|Astterio's rating: 1559 &rarr; <strong>1543<\/strong><br \/>(-16 for losing)\n|raw|Yuans Reive's rating: 1636 &rarr; <strong>1652<\/strong><br \/>(+16 for winning)\n|l|\u2606Astterio\n|player|p1|\n|c|\u2606Yuans Reive|gg\n|l|\u2606Yuans Reive\n|player|p2|\n","uploadtime":1738604912,"views":7,"formatid":"gen9vgc2025regg","rating":1543,"private":0,"password":null}