{"id":"gen9vgc2025regg-2293979178","format":"[Gen 9] VGC 2025 Reg G","players":["hydmkk","kasdfds"],"log":"|j|\u2606hydmkk\n|j|\u2606kasdfds\n|t:|1738639100\n|gametype|doubles\n|player|p1|hydmkk|bruno|1558\n|player|p2|kasdfds|102|1569\n|teamsize|p1|6\n|teamsize|p2|6\n|gen|9\n|tier|[Gen 9] VGC 2025 Reg G\n|rated|\n|rule|Species Clause: Limit one of each Pok\u00e9mon\n|rule|Item Clause: Limit 1 of each item\n|clearpoke\n|poke|p1|Miraidon, L50|\n|poke|p1|Dondozo, L50, M|\n|poke|p1|Tatsugiri-Droopy, L50, F|\n|poke|p1|Flutter Mane, L50|\n|poke|p1|Chi-Yu, L50|\n|poke|p1|Dragonite, L50, M|\n|poke|p2|Zacian-*, L50|\n|poke|p2|Chien-Pao, L50|\n|poke|p2|Ogerpon-Wellspring, L50, F|\n|poke|p2|Tornadus, L50, M|\n|poke|p2|Snorlax, L50, F|\n|poke|p2|Okidogi, L50, M|\n|teampreview|4\n|j| Mojogenie\n|\n|t:|1738639129\n|start\n|switch|p1a: Miraidon|Miraidon, L50|100\/100\n|switch|p1b: Dondozo|Dondozo, L50, M|100\/100\n|switch|p2a: Tornadus|Tornadus, L50, M|100\/100\n|switch|p2b: Chien-Pao|Chien-Pao, L50|100\/100\n|-ability|p2b: Chien-Pao|Sword of Ruin\n|-fieldstart|move: Electric Terrain|[from] ability: Hadron Engine|[of] p1a: Miraidon\n|turn|1\n|\n|t:|1738639146\n|-terastallize|p1a: Miraidon|Fairy\n|move|p2b: Chien-Pao|Sacred Sword|p1b: Dondozo\n|-damage|p1b: Dondozo|75\/100\n|move|p1a: Miraidon|Dazzling Gleam|p2b: Chien-Pao|[spread] p2a,p2b\n|-supereffective|p2b: Chien-Pao\n|-damage|p2a: Tornadus|6\/100\n|-enditem|p2b: Chien-Pao|Focus Sash\n|-damage|p2b: Chien-Pao|1\/100\n|move|p2a: Tornadus|Bleakwind Storm|p1b: Dondozo|[spread] p1a,p1b\n|-damage|p1a: Miraidon|69\/100\n|-damage|p1b: Dondozo|34\/100\n|move|p1b: Dondozo|Wave Crash|p2a: Tornadus\n|-damage|p2a: Tornadus|0 fnt\n|faint|p2a: Tornadus\n|-damage|p1b: Dondozo|32\/100|[from] Recoil\n|\n|upkeep\n|\n|t:|1738639160\n|switch|p2a: Zacian|Zacian-Crowned, L50|100\/100\n|-ability|p2a: Zacian|Intrepid Sword|boost\n|-boost|p2a: Zacian|atk|1\n|turn|2\n|\n|t:|1738639173\n|move|p1b: Dondozo|Protect|p1b: Dondozo\n|-singleturn|p1b: Dondozo|Protect\n|move|p2a: Zacian|Play Rough|p1b: Dondozo\n|-activate|p1b: Dondozo|move: Protect\n|move|p1a: Miraidon|Dazzling Gleam|p2a: Zacian|[spread] p2a,p2b\n|-resisted|p2a: Zacian\n|-supereffective|p2b: Chien-Pao\n|-damage|p2a: Zacian|73\/100\n|-damage|p2b: Chien-Pao|0 fnt\n|faint|p2b: Chien-Pao\n|\n|upkeep\n|\n|t:|1738639177\n|switch|p2b: Ogerpon|Ogerpon-Wellspring, L50, F|100\/100\n|turn|3\n|\n|t:|1738639187\n|switch|p1a: Tatsugiri|Tatsugiri-Droopy, L50, F|100\/100\n|-activate|p1a: Tatsugiri|ability: Commander|[of] p1b: Dondozo\n|-boost|p1b: Dondozo|atk|2\n|-boost|p1b: Dondozo|spa|2\n|-boost|p1b: Dondozo|spe|2\n|-boost|p1b: Dondozo|def|2\n|-boost|p1b: Dondozo|spd|2\n|move|p2a: Zacian|Behemoth Blade|p1a: Tatsugiri|[miss]\n|-miss|p2a: Zacian|p1a: Tatsugiri\n|move|p2b: Ogerpon|Wood Hammer|p1b: Dondozo\n|-supereffective|p1b: Dondozo\n|-damage|p1b: Dondozo|0 fnt\n|faint|p1b: Dondozo\n|-damage|p2b: Ogerpon|85\/100|[from] Recoil\n|\n|upkeep\n|j| Salvato1902V\n|\n|t:|1738639204\n|switch|p1b: Dragonite|Dragonite, L50, M|100\/100\n|turn|4\n|\n|t:|1738639221\n|move|p1a: Tatsugiri|Protect|p1a: Tatsugiri\n|-singleturn|p1a: Tatsugiri|Protect\n|move|p2a: Zacian|Play Rough|p1b: Dragonite\n|-supereffective|p1b: Dragonite\n|-damage|p1b: Dragonite|0 fnt\n|faint|p1b: Dragonite\n|move|p2b: Ogerpon|Wood Hammer|p1a: Tatsugiri\n|-activate|p1a: Tatsugiri|move: Protect\n|\n|upkeep\n|l| Mojogenie\n|\n|t:|1738639229\n|switch|p1b: Miraidon|Miraidon, L50, tera:Fairy|69\/100\n|-activate|p1b: Miraidon|ability: Hadron Engine\n|turn|5\n|\n|t:|1738639234\n|move|p2a: Zacian|Behemoth Blade|p1b: Miraidon\n|-supereffective|p1b: Miraidon\n|-damage|p1b: Miraidon|0 fnt\n|faint|p1b: Miraidon\n|move|p2b: Ogerpon|Wood Hammer|p1a: Tatsugiri\n|-damage|p1a: Tatsugiri|18\/100\n|-damage|p2b: Ogerpon|54\/100|[from] Recoil\n|move|p1a: Tatsugiri|Muddy Water|p2a: Zacian|[spread] p2a\n|-heal|p2b: Ogerpon|79\/100|[from] ability: Water Absorb|[of] p1a: Tatsugiri\n|-damage|p2a: Zacian|47\/100\n|\n|-fieldend|move: Electric Terrain\n|upkeep\n|turn|6\n|-message|hydmkk forfeited.\n|\n|win|kasdfds\n|raw|hydmkk's rating: 1558 &rarr; <strong>1539<\/strong><br \/>(-19 for losing)\n|raw|kasdfds's rating: 1569 &rarr; <strong>1588<\/strong><br \/>(+19 for winning)\n|l|\u2606hydmkk\n|player|p1|\n|l|\u2606kasdfds\n|player|p2|\n|l| Salvato1902V\n","uploadtime":1738639456,"views":6,"formatid":"gen9vgc2025regg","rating":1539,"private":0,"password":null}