{"id":"gen9vgc2025regg-2293681082","format":"[Gen 9] VGC 2025 Reg G","players":["TViewierVGC","jkimkim1"],"log":"|j|\u2606TViewierVGC\n|j|\u2606jkimkim1\n|t:|1738605047\n|gametype|doubles\n|player|p1|TViewierVGC|tuber|1644\n|player|p2|jkimkim1|1|1684\n|teamsize|p1|6\n|teamsize|p2|6\n|gen|9\n|tier|[Gen 9] VGC 2025 Reg G\n|rated|\n|rule|Species Clause: Limit one of each Pok\u00e9mon\n|rule|Item Clause: Limit 1 of each item\n|clearpoke\n|poke|p1|Calyrex-Shadow, L50|\n|poke|p1|Chi-Yu, L50|\n|poke|p1|Ogerpon-Wellspring, L50, F|\n|poke|p1|Iron Hands, L50|\n|poke|p1|Chien-Pao, L50|\n|poke|p1|Tornadus, L50, M|\n|poke|p2|Miraidon, L50|\n|poke|p2|Cresselia, L50, F|\n|poke|p2|Thundurus-Therian, L50, M|\n|poke|p2|Incineroar, L50, M|\n|poke|p2|Ursaluna, L50, F|\n|poke|p2|Whimsicott, L50, F|\n|teampreview|4\n|inactive|Battle timer is ON: inactive players will automatically lose when time's up. (requested by TViewierVGC)\n|inactive|jkimkim1 has 60 seconds left.\n|\n|t:|1738605084\n|start\n|switch|p1a: Calyrex|Calyrex-Shadow, L50|100\/100\n|switch|p1b: Tornadus|Tornadus, L50, M|100\/100\n|switch|p2a: \uc0ac\uc2b9\ud5cc|Cresselia, L50, F, shiny|100\/100\n|switch|p2b: Kingjames|Incineroar, L50, M|100\/100\n|-ability|p1a: Calyrex|As One\n|-ability|p1a: Calyrex|Unnerve\n|-ability|p2b: Kingjames|Intimidate|boost\n|-unboost|p1a: Calyrex|atk|1\n|-unboost|p1b: Tornadus|atk|1\n|turn|1\n|j| D Tiers on Top\n|\n|t:|1738605102\n|-terastallize|p1a: Calyrex|Fighting\n|-terastallize|p2a: \uc0ac\uc2b9\ud5cc|Dark\n|move|p1b: Tornadus|Taunt|p2a: \uc0ac\uc2b9\ud5cc\n|-hint|Since gen 7, Dark is immune to Prankster moves.\n|-immune|p2a: \uc0ac\uc2b9\ud5cc\n|move|p1a: Calyrex|Tera Blast|p2b: Kingjames|[anim] Tera Blast Fighting\n|-supereffective|p2b: Kingjames\n|-damage|p2b: Kingjames|0 fnt\n|faint|p2b: Kingjames\n|-ability|p1a: Calyrex|Grim Neigh|boost\n|-boost|p1a: Calyrex|spa|1\n|-damage|p1a: Calyrex|91\/100|[from] item: Life Orb\n|move|p2a: \uc0ac\uc2b9\ud5cc|Trick Room|p2a: \uc0ac\uc2b9\ud5cc\n|-fieldstart|move: Trick Room|[of] p2a: \uc0ac\uc2b9\ud5cc\n|\n|upkeep\n|\n|t:|1738605112\n|switch|p2b: Canada bear|Ursaluna, L50, F|100\/100\n|turn|2\n|\n|t:|1738605124\n|switch|p1b: Iron Hands|Iron Hands, L50|100\/100\n|move|p1a: Calyrex|Protect|p1a: Calyrex\n|-singleturn|p1a: Calyrex|Protect\n|move|p2b: Canada bear|Earthquake|p1a: Calyrex|[spread] p1b\n|-activate|p1a: Calyrex|move: Protect\n|-immune|p2a: \uc0ac\uc2b9\ud5cc|[from] ability: Levitate\n|-supereffective|p1b: Iron Hands\n|-damage|p1b: Iron Hands|44\/100\n|move|p2a: \uc0ac\uc2b9\ud5cc|Psychic|p1a: Calyrex\n|-activate|p1a: Calyrex|move: Protect\n|\n|-status|p2b: Canada bear|brn|[from] item: Flame Orb\n|upkeep\n|turn|3\n|\n|t:|1738605146\n|move|p2a: \uc0ac\uc2b9\ud5cc|Helping Hand|p2b: Canada bear\n|-singleturn|p2b: Canada bear|Helping Hand|[of] p2a: \uc0ac\uc2b9\ud5cc\n|move|p1b: Iron Hands|Fake Out|p2b: Canada bear\n|-damage|p2b: Canada bear|89\/100 brn\n|cant|p2b: Canada bear|flinch\n|move|p1a: Calyrex|Tera Blast|p2b: Canada bear|[anim] Tera Blast Fighting\n|-supereffective|p2b: Canada bear\n|-damage|p2b: Canada bear|0 fnt\n|faint|p2b: Canada bear\n|-ability|p1a: Calyrex|Grim Neigh|boost\n|-boost|p1a: Calyrex|spa|1\n|-damage|p1a: Calyrex|81\/100|[from] item: Life Orb\n|\n|upkeep\n|\n|t:|1738605152\n|switch|p2b: Jayson tatum|Miraidon, L50|100\/100\n|-fieldstart|move: Electric Terrain|[from] ability: Hadron Engine|[of] p2b: Jayson tatum\n|-activate|p1b: Iron Hands|ability: Quark Drive\n|-start|p1b: Iron Hands|quarkdriveatk\n|turn|4\n|\n|t:|1738605166\n|move|p2a: \uc0ac\uc2b9\ud5cc|Helping Hand|p2b: Jayson tatum\n|-singleturn|p2b: Jayson tatum|Helping Hand|[of] p2a: \uc0ac\uc2b9\ud5cc\n|move|p1a: Calyrex|Protect|p1a: Calyrex\n|-singleturn|p1a: Calyrex|Protect\n|move|p1b: Iron Hands|Low Kick|p2b: Jayson tatum\n|-damage|p2b: Jayson tatum|18\/100\n|move|p2b: Jayson tatum|Dazzling Gleam|p1a: Calyrex|[spread] p1b\n|-activate|p1a: Calyrex|move: Protect\n|-supereffective|p1b: Iron Hands\n|-damage|p1b: Iron Hands|0 fnt\n|faint|p1b: Iron Hands\n|-end|p1b: Iron Hands|Quark Drive|[silent]\n|\n|upkeep\n|\n|t:|1738605179\n|switch|p1b: Chien-Pao|Chien-Pao, L50|100\/100\n|-ability|p1b: Chien-Pao|Sword of Ruin\n|turn|5\n|j| ididbadatbham\n|\n|t:|1738605194\n|switch|p1a: Tornadus|Tornadus, L50, M|100\/100\n|move|p1b: Chien-Pao|Protect|p1b: Chien-Pao\n|-singleturn|p1b: Chien-Pao|Protect\n|move|p2a: \uc0ac\uc2b9\ud5cc|Ice Beam|p1b: Chien-Pao\n|-activate|p1b: Chien-Pao|move: Protect\n|move|p2b: Jayson tatum|Dazzling Gleam|p1a: Tornadus|[spread] p1a\n|-activate|p1b: Chien-Pao|move: Protect\n|-damage|p1a: Tornadus|34\/100\n|\n|-fieldend|move: Trick Room\n|upkeep\n|turn|6\n|\n|t:|1738605208\n|move|p1b: Chien-Pao|Ice Spinner|p2b: Jayson tatum\n|-supereffective|p2b: Jayson tatum\n|-damage|p2b: Jayson tatum|0 fnt\n|-fieldend|move: Electric Terrain\n|faint|p2b: Jayson tatum\n|move|p1a: Tornadus|Bleakwind Storm|p2a: \uc0ac\uc2b9\ud5cc\n|-damage|p2a: \uc0ac\uc2b9\ud5cc|72\/100\n|move|p2a: \uc0ac\uc2b9\ud5cc|Ice Beam|p1b: Chien-Pao\n|-resisted|p1b: Chien-Pao\n|-damage|p1b: Chien-Pao|84\/100\n|\n|upkeep\n|turn|7\n|-message|jkimkim1 forfeited.\n|\n|win|TViewierVGC\n|raw|TViewierVGC's rating: 1644 &rarr; <strong>1666<\/strong><br \/>(+22 for winning)\n|raw|jkimkim1's rating: 1684 &rarr; <strong>1662<\/strong><br \/>(-22 for losing)\n|l|\u2606jkimkim1\n|player|p2|\n|l|\u2606TViewierVGC\n|player|p1|\n|l| ididbadatbham\n|l| D Tiers on Top\n","uploadtime":1738605465,"views":16,"formatid":"gen9vgc2025regg","rating":1662,"private":0,"password":null}