{"id":"gen9vgc2025regg-2293139443","format":"[Gen 9] VGC 2025 Reg G","players":["DimensionalFool","Professor_J93"],"log":"|j|\u203dDimensionalFool\n|j|\u2606Professor_J93\n|t:|1738528267\n|gametype|doubles\n|player|p1|DimensionalFool|266|1602\n|player|p2|Professor_J93|169|1514\n|teamsize|p1|6\n|teamsize|p2|6\n|gen|9\n|tier|[Gen 9] VGC 2025 Reg G\n|rated|\n|rule|Species Clause: Limit one of each Pok\u00e9mon\n|rule|Item Clause: Limit 1 of each item\n|clearpoke\n|poke|p1|Grimmsnarl, L50, M|\n|poke|p1|Landorus, L50, M|\n|poke|p1|Calyrex-Ice, L50|\n|poke|p1|Pelipper, L50, M|\n|poke|p1|Urshifu-*, L50, M|\n|poke|p1|Rillaboom, L50, F|\n|poke|p2|Giratina-Origin, L50|\n|poke|p2|Iron Valiant, L50|\n|poke|p2|Ogerpon-Hearthflame, L50, F|\n|poke|p2|Urshifu-*, L50, M|\n|poke|p2|Whimsicott, L50, F|\n|poke|p2|Farigiraf, L50, F|\n|teampreview|4\n|inactive|Battle timer is ON: inactive players will automatically lose when time's up. (requested by Professor_J93)\n|\n|t:|1738528292\n|start\n|switch|p1a: Landorus|Landorus, L50, M|100\/100\n|switch|p1b: Urshifu|Urshifu-Rapid-Strike, L50, M|100\/100\n|switch|p2a: Farigiraf|Farigiraf, L50, F|100\/100\n|switch|p2b: Urshifu|Urshifu-Rapid-Strike, L50, M|100\/100\n|turn|1\n|inactive|Professor_J93 has 30 seconds left.\n|inactive|Professor_J93 has 20 seconds left.\n|\n|t:|1738528332\n|-terastallize|p1a: Landorus|Water\n|move|p1b: Urshifu|U-turn|p2a: Farigiraf\n|-supereffective|p2a: Farigiraf\n|-damage|p2a: Farigiraf|49\/100\n|\n|t:|1738528337\n|switch|p1b: Calyrex|Calyrex-Ice, L50|100\/100|[from] U-turn\n|-ability|p1b: Calyrex|As One\n|-ability|p1b: Calyrex|Unnerve\n|move|p1a: Landorus|Sandsear Storm|p2b: Urshifu|[spread] p2a\n|-miss|p1a: Landorus|p2b: Urshifu\n|-damage|p2a: Farigiraf|0 fnt\n|faint|p2a: Farigiraf\n|move|p2b: Urshifu|Surging Strikes|p1a: Landorus\n|-resisted|p1a: Landorus\n|-crit|p1a: Landorus\n|-damage|p1a: Landorus|87\/100\n|-resisted|p1a: Landorus\n|-crit|p1a: Landorus\n|-damage|p1a: Landorus|74\/100\n|-resisted|p1a: Landorus\n|-crit|p1a: Landorus\n|-damage|p1a: Landorus|60\/100\n|-hitcount|p1a: Landorus|3\n|\n|upkeep\n|\n|t:|1738528359\n|switch|p2a: Sinder|Giratina-Origin, L50, shiny|100\/100\n|turn|2\n|\n|t:|1738528379\n|move|p1a: Landorus|Earth Power|p2b: Urshifu\n|-damage|p2b: Urshifu|10\/100\n|move|p2b: Urshifu|Surging Strikes|p1b: Calyrex\n|-crit|p1b: Calyrex\n|-damage|p1b: Calyrex|86\/100\n|-crit|p1b: Calyrex\n|-damage|p1b: Calyrex|71\/100\n|-crit|p1b: Calyrex\n|-damage|p1b: Calyrex|55\/100\n|-hitcount|p1b: Calyrex|3\n|move|p2a: Sinder|Poltergeist|p1b: Calyrex\n|-activate|p1b: Calyrex|move: Poltergeist|Assault Vest\n|-supereffective|p1b: Calyrex\n|-damage|p1b: Calyrex|0 fnt\n|faint|p1b: Calyrex\n|\n|upkeep\n|\n|t:|1738528389\n|switch|p1b: Urshifu|Urshifu-Rapid-Strike, L50, M|100\/100\n|turn|3\n|\n|t:|1738528399\n|move|p2b: Urshifu|Detect|p2b: Urshifu\n|-singleturn|p2b: Urshifu|Protect\n|move|p1b: Urshifu|Surging Strikes|p2a: Sinder\n|-resisted|p2a: Sinder\n|-crit|p2a: Sinder\n|-damage|p2a: Sinder|92\/100\n|-resisted|p2a: Sinder\n|-crit|p2a: Sinder\n|-damage|p2a: Sinder|83\/100\n|-resisted|p2a: Sinder\n|-crit|p2a: Sinder\n|-damage|p2a: Sinder|75\/100\n|-hitcount|p2a: Sinder|3\n|move|p1a: Landorus|Earth Power|p2b: Urshifu\n|-activate|p2b: Urshifu|move: Protect\n|move|p2a: Sinder|Dragon Claw|p1a: Landorus\n|-damage|p1a: Landorus|0 fnt\n|faint|p1a: Landorus\n|\n|upkeep\n|\n|t:|1738528403\n|switch|p1a: Pelipper|Pelipper, L50, M|100\/100\n|-weather|RainDance|[from] ability: Drizzle|[of] p1a: Pelipper\n|turn|4\n|\n|t:|1738528423\n|move|p2a: Sinder|Shadow Sneak|p1a: Pelipper\n|-damage|p1a: Pelipper|67\/100\n|move|p1b: Urshifu|Surging Strikes|p2b: Urshifu\n|-resisted|p2b: Urshifu\n|-crit|p2b: Urshifu\n|-damage|p2b: Urshifu|0 fnt\n|faint|p2b: Urshifu\n|-hitcount|p2: Urshifu|1\n|move|p1a: Pelipper|Hurricane|p2a: Sinder\n|-damage|p2a: Sinder|35\/100\n|-start|p2a: Sinder|confusion\n|\n|-weather|RainDance|[upkeep]\n|upkeep\n|\n|t:|1738528428\n|switch|p2b: Mecha Unity|Iron Valiant, L50, shiny|100\/100\n|-enditem|p2b: Mecha Unity|Booster Energy\n|-activate|p2b: Mecha Unity|ability: Quark Drive|[fromitem]\n|-start|p2b: Mecha Unity|quarkdrivespe\n|turn|5\n|\n|t:|1738528442\n|-terastallize|p2b: Mecha Unity|Ghost\n|move|p2b: Mecha Unity|Coaching|p2a: Sinder\n|-boost|p2a: Sinder|atk|1\n|-boost|p2a: Sinder|def|1\n|move|p1b: Urshifu|Surging Strikes|p2b: Mecha Unity\n|-crit|p2b: Mecha Unity\n|-damage|p2b: Mecha Unity|67\/100\n|-crit|p2b: Mecha Unity\n|-damage|p2b: Mecha Unity|34\/100\n|-crit|p2b: Mecha Unity\n|-damage|p2b: Mecha Unity|2\/100\n|-hitcount|p2b: Mecha Unity|3\n|-activate|p2a: Sinder|confusion\n|move|p2a: Sinder|Dragon Claw|p1a: Pelipper\n|-damage|p1a: Pelipper|0 fnt\n|faint|p1a: Pelipper\n|\n|-weather|RainDance|[upkeep]\n|upkeep\n|turn|6\n|\n|t:|1738528461\n|-activate|p2a: Sinder|confusion\n|move|p2a: Sinder|Shadow Sneak|p1b: Urshifu\n|-damage|p1b: Urshifu|63\/100\n|move|p2b: Mecha Unity|Spirit Break|p1b: Urshifu\n|-supereffective|p1b: Urshifu\n|-damage|p1b: Urshifu|0 fnt\n|faint|p1b: Urshifu\n|\n|win|Professor_J93\n|raw|DimensionalFool's rating: 1602 &rarr; <strong>1577<\/strong><br \/>(-25 for losing)\n|raw|Professor_J93's rating: 1514 &rarr; <strong>1539<\/strong><br \/>(+25 for winning)\n|l|\u203dDimensionalFool\n|player|p1|\n|l|\u2606Professor_J93\n|player|p2|\n","uploadtime":1738528615,"views":15,"formatid":"gen9vgc2025regg","rating":1539,"private":0,"password":null}