{"id":"gen9vgc2025regg-2293602407","format":"[Gen 9] VGC 2025 Reg G","players":["Diestoise","Gene10"],"log":"|j|\u2606Diestoise\n|j|\u2606Gene10\n|t:|1738597010\n|gametype|doubles\n|player|p1|Diestoise|blue|1605\n|player|p2|Gene10|265|1579\n|teamsize|p1|6\n|teamsize|p2|6\n|gen|9\n|tier|[Gen 9] VGC 2025 Reg G\n|rated|\n|rule|Species Clause: Limit one of each Pok\u00e9mon\n|rule|Item Clause: Limit 1 of each item\n|clearpoke\n|poke|p1|Koraidon, L50|\n|poke|p1|Raging Bolt, L50|\n|poke|p1|Entei, L50|\n|poke|p1|Flutter Mane, L50|\n|poke|p1|Venusaur, L50, F|\n|poke|p1|Ditto, L50|\n|poke|p2|Kyogre, L50|\n|poke|p2|Tornadus, L50, M|\n|poke|p2|Tsareena, L50, F|\n|poke|p2|Urshifu-*, L50, M|\n|poke|p2|Flutter Mane, L50|\n|poke|p2|Kingdra, L50, F|\n|teampreview|4\n|\n|t:|1738597065\n|start\n|switch|p1a: Raging Bolt|Raging Bolt, L50|100\/100\n|switch|p1b: Flutter Mane|Flutter Mane, L50, shiny|100\/100\n|switch|p2a: Flutter Mane|Flutter Mane, L50|100\/100\n|switch|p2b: Urshifu|Urshifu, L50, M|100\/100\n|-enditem|p2a: Flutter Mane|Booster Energy\n|-activate|p2a: Flutter Mane|ability: Protosynthesis|[fromitem]\n|-start|p2a: Flutter Mane|protosynthesisspe\n|turn|1\n|\n|t:|1738597082\n|move|p1a: Raging Bolt|Thunderclap|p2b: Urshifu\n|-damage|p2b: Urshifu|14\/100\n|-damage|p1a: Raging Bolt|91\/100|[from] item: Life Orb\n|move|p2a: Flutter Mane|Icy Wind|p1a: Raging Bolt|[spread] p1a,p1b\n|-supereffective|p1a: Raging Bolt\n|-damage|p1a: Raging Bolt|71\/100\n|-damage|p1b: Flutter Mane|88\/100\n|-unboost|p1a: Raging Bolt|spe|1\n|-unboost|p1b: Flutter Mane|spe|1\n|move|p2b: Urshifu|Wicked Blow|p1b: Flutter Mane\n|-crit|p1b: Flutter Mane\n|-damage|p1b: Flutter Mane|0 fnt\n|faint|p1b: Flutter Mane\n|-end|p1b: Flutter Mane|Protosynthesis|[silent]\n|\n|upkeep\n|\n|t:|1738597098\n|switch|p1b: Koraidon|Koraidon, L50|100\/100\n|-weather|SunnyDay|[from] ability: Orichalcum Pulse|[of] p1b: Koraidon\n|-activate|p1a: Raging Bolt|ability: Protosynthesis\n|-start|p1a: Raging Bolt|protosynthesisspa\n|-activate|p1b: Koraidon|Orichalcum Pulse|[source]\n|turn|2\n|\n|t:|1738597124\n|switch|p2b: Kingdra|Kingdra, L50, F|100\/100\n|-terastallize|p1b: Koraidon|Fire\n|move|p1a: Raging Bolt|Thunderclap|p2a: Flutter Mane\n|-damage|p2a: Flutter Mane|41\/100\n|-damage|p1a: Raging Bolt|61\/100|[from] item: Life Orb\n|move|p2a: Flutter Mane|Moonblast|p1a: Raging Bolt\n|-supereffective|p1a: Raging Bolt\n|-damage|p1a: Raging Bolt|0 fnt\n|faint|p1a: Raging Bolt\n|-end|p1a: Raging Bolt|Protosynthesis|[silent]\n|move|p1b: Koraidon|Flare Blitz|p2a: Flutter Mane\n|-damage|p2a: Flutter Mane|0 fnt\n|faint|p2a: Flutter Mane\n|-end|p2a: Flutter Mane|Protosynthesis|[silent]\n|-damage|p1b: Koraidon|89\/100|[from] Recoil\n|\n|-weather|SunnyDay|[upkeep]\n|upkeep\n|\n|t:|1738597143\n|switch|p2a: Kyogre|Kyogre, L50|100\/100\n|switch|p1a: Ditto|Ditto, L50|100\/100\n|-weather|RainDance|[from] ability: Drizzle|[of] p2a: Kyogre\n|-transform|p1a: Ditto|p2b: Kingdra|[from] ability: Imposter\n|turn|3\n|inactive|Battle timer is ON: inactive players will automatically lose when time's up. (requested by Gene10)\n|-activate|p1a: Ditto|item: Quick Claw\n|\n|t:|1738597173\n|-terastallize|p2a: Kyogre|Water\n|move|p1b: Koraidon|Protect|p1b: Koraidon\n|-singleturn|p1b: Koraidon|Protect\n|move|p1a: Ditto|Draco Meteor|p2b: Kingdra\n|-supereffective|p2b: Kingdra\n|-damage|p2b: Kingdra|0 fnt\n|-unboost|p1a: Ditto|spa|2\n|faint|p2b: Kingdra\n|move|p2a: Kyogre|Origin Pulse|p1a: Ditto|[spread] p1a\n|-activate|p1b: Koraidon|move: Protect\n|-resisted|p1a: Ditto\n|-damage|p1a: Ditto|70\/100\n|\n|-weather|RainDance|[upkeep]\n|upkeep\n|\n|t:|1738597182\n|switch|p2b: Urshifu|Urshifu, L50, M|14\/100\n|turn|4\n|inactive|Diestoise has 30 seconds left.\n|inactive|Diestoise has 20 seconds left.\n|\n|t:|1738597218\n|move|p1a: Ditto|Protect|p1a: Ditto\n|-singleturn|p1a: Ditto|Protect\n|move|p2b: Urshifu|Sucker Punch||[still]\n|-fail|p2b: Urshifu\n|move|p2a: Kyogre|Origin Pulse|p1b: Koraidon|[spread] \n|-activate|p1a: Ditto|move: Protect\n|-miss|p2a: Kyogre|p1b: Koraidon\n|move|p1b: Koraidon|Collision Course|p2b: Urshifu\n|-supereffective|p2b: Urshifu\n|-damage|p2b: Urshifu|0 fnt\n|faint|p2b: Urshifu\n|\n|-weather|RainDance|[upkeep]\n|upkeep\n|turn|5\n|inactive|Diestoise has 30 seconds left.\n|\n|t:|1738597248\n|move|p1a: Ditto|Muddy Water|p2a: Kyogre\n|-resisted|p2a: Kyogre\n|-damage|p2a: Kyogre|90\/100\n|move|p2a: Kyogre|Origin Pulse|p1a: Ditto|[spread] p1a,p1b\n|-resisted|p1a: Ditto\n|-supereffective|p1b: Koraidon\n|-damage|p1a: Ditto|36\/100\n|-damage|p1b: Koraidon|0 fnt\n|faint|p1b: Koraidon\n|\n|-weather|RainDance|[upkeep]\n|upkeep\n|turn|6\n|\n|t:|1738597258\n|move|p1a: Ditto|Draco Meteor|p2a: Kyogre\n|-damage|p2a: Kyogre|67\/100\n|-unboost|p1a: Ditto|spa|2\n|move|p2a: Kyogre|Origin Pulse|p1a: Ditto\n|-resisted|p1a: Ditto\n|-damage|p1a: Ditto|0 fnt\n|faint|p1a: Ditto\n|\n|win|Gene10\n|raw|Diestoise's rating: 1605 &rarr; <strong>1584<\/strong><br \/>(-21 for losing)\n|raw|Gene10's rating: 1579 &rarr; <strong>1600<\/strong><br \/>(+21 for winning)\n|l|\u2606Gene10\n|player|p2|\n|l|\u2606Diestoise\n|player|p1|\n","uploadtime":1738597460,"views":11,"formatid":"gen9vgc2025regg","rating":1584,"private":0,"password":null}