{"id":"gen9vgc2025regg-2293915510","format":"[Gen 9] VGC 2025 Reg G","players":["DavidElGafe","Lacossg"],"log":"|j|\u2606DavidElGafe\n|j|\u2606Lacossg\n|t:|1738630722\n|gametype|doubles\n|player|p1|DavidElGafe|blue|1632\n|player|p2|Lacossg|2|1640\n|teamsize|p1|6\n|teamsize|p2|6\n|gen|9\n|tier|[Gen 9] VGC 2025 Reg G\n|rated|\n|rule|Species Clause: Limit one of each Pok\u00e9mon\n|rule|Item Clause: Limit 1 of each item\n|clearpoke\n|poke|p1|Zamazenta-*, L50|\n|poke|p1|Chi-Yu, L50|\n|poke|p1|Raging Bolt, L50|\n|poke|p1|Rillaboom, L50, F|\n|poke|p1|Ditto, L50|\n|poke|p1|Whimsicott, L50, F|\n|poke|p2|Ditto, L50|\n|poke|p2|Lunala, L50|\n|poke|p2|Indeedee-F, L50, F|\n|poke|p2|Roaring Moon, L50|\n|poke|p2|Urshifu-*, L50, M|\n|poke|p2|Ursaluna, L50, F|\n|teampreview|4\n|\n|t:|1738630756\n|start\n|switch|p1a: Whimsicott|Whimsicott, L50, F, shiny|100\/100\n|switch|p1b: Chi-Yu|Chi-Yu, L50|100\/100\n|switch|p2a: Roaring Moon|Roaring Moon, L50|100\/100\n|switch|p2b: Urshifu|Urshifu-Rapid-Strike, L50, M|100\/100\n|-ability|p1b: Chi-Yu|Beads of Ruin\n|-enditem|p2a: Roaring Moon|Booster Energy\n|-activate|p2a: Roaring Moon|ability: Protosynthesis|[fromitem]\n|-start|p2a: Roaring Moon|protosynthesisspe\n|turn|1\n|\n|t:|1738630846\n|-terastallize|p2a: Roaring Moon|Ghost\n|move|p1a: Whimsicott|Protect|p1a: Whimsicott\n|-singleturn|p1a: Whimsicott|Protect\n|move|p2a: Roaring Moon|Tailwind|p2a: Roaring Moon\n|-sidestart|p2: Lacossg|move: Tailwind\n|move|p2b: Urshifu|U-turn|p1b: Chi-Yu\n|-damage|p1b: Chi-Yu|58\/100\n|-damage|p2b: Urshifu|91\/100|[from] item: Life Orb\n|\n|t:|1738630861\n|switch|p2b: Ditto|Ditto, L50|100\/100|[from] U-turn\n|-transform|p2b: Ditto|p1a: Whimsicott|[from] ability: Imposter\n|move|p1b: Chi-Yu|Heat Wave|p2b: Ditto|[spread] p2a,p2b\n|-supereffective|p2b: Ditto\n|-damage|p2a: Roaring Moon|56\/100\n|-damage|p2b: Ditto|0 fnt\n|faint|p2b: Ditto\n|\n|upkeep\n|\n|t:|1738630872\n|switch|p2b: Urshifu|Urshifu-Rapid-Strike, L50, M|91\/100\n|turn|2\n|\n|t:|1738630889\n|switch|p1b: Rillaboom|Rillaboom, L50, F|100\/100\n|-fieldstart|move: Grassy Terrain|[from] ability: Grassy Surge|[of] p1b: Rillaboom\n|move|p1a: Whimsicott|Encore|p2a: Roaring Moon\n|-start|p2a: Roaring Moon|Encore\n|move|p2a: Roaring Moon|Tailwind||[still]\n|-fail|p2a: Roaring Moon\n|move|p2b: Urshifu|Surging Strikes|p1b: Rillaboom\n|-resisted|p1b: Rillaboom\n|-crit|p1b: Rillaboom\n|-damage|p1b: Rillaboom|88\/100\n|-resisted|p1b: Rillaboom\n|-crit|p1b: Rillaboom\n|-damage|p1b: Rillaboom|76\/100\n|-resisted|p1b: Rillaboom\n|-crit|p1b: Rillaboom\n|-damage|p1b: Rillaboom|62\/100\n|-hitcount|p1b: Rillaboom|3\n|-damage|p2b: Urshifu|81\/100|[from] item: Life Orb\n|\n|-heal|p2a: Roaring Moon|63\/100|[from] Grassy Terrain\n|-heal|p2b: Urshifu|87\/100|[from] Grassy Terrain\n|-heal|p1b: Rillaboom|68\/100|[from] Grassy Terrain\n|upkeep\n|turn|3\n|\n|t:|1738630919\n|-end|p2a: Roaring Moon|Protosynthesis|[silent]\n|switch|p2a: Lunala|Lunala, L50|100\/100\n|move|p2b: Urshifu|Detect|p2b: Urshifu\n|-singleturn|p2b: Urshifu|Protect\n|move|p1a: Whimsicott|Encore|p2b: Urshifu\n|-activate|p2b: Urshifu|move: Protect\n|move|p1b: Rillaboom|Wood Hammer|p2a: Lunala\n|-damage|p2a: Lunala|72\/100\n|-damage|p1b: Rillaboom|58\/100|[from] Recoil\n|\n|-heal|p2b: Urshifu|93\/100|[from] Grassy Terrain\n|-heal|p2a: Lunala|78\/100|[from] Grassy Terrain\n|-heal|p1b: Rillaboom|64\/100|[from] Grassy Terrain\n|upkeep\n|turn|4\n|\n|t:|1738630967\n|move|p1a: Whimsicott|Tailwind|p1a: Whimsicott\n|-sidestart|p1: DavidElGafe|move: Tailwind\n|move|p2b: Urshifu|U-turn|p1b: Rillaboom\n|-supereffective|p1b: Rillaboom\n|-damage|p1b: Rillaboom|3\/100\n|-damage|p2b: Urshifu|83\/100|[from] item: Life Orb\n|\n|t:|1738630977\n|switch|p2b: Roaring Moon|Roaring Moon, L50, tera:Ghost|63\/100|[from] U-turn\n|move|p2a: Lunala|Meteor Beam||[still]\n|-prepare|p2a: Lunala|Meteor Beam\n|-boost|p2a: Lunala|spa|1\n|-enditem|p2a: Lunala|Power Herb\n|-anim|p2a: Lunala|Meteor Beam|p1a: Whimsicott\n|-enditem|p1a: Whimsicott|Focus Sash\n|-damage|p1a: Whimsicott|1\/100\n|move|p1b: Rillaboom|Wood Hammer|p2a: Lunala\n|-damage|p2a: Lunala|17\/100\n|-damage|p1b: Rillaboom|0 fnt|[from] Recoil\n|faint|p1b: Rillaboom\n|\n|-heal|p2b: Roaring Moon|69\/100|[from] Grassy Terrain\n|-heal|p1a: Whimsicott|7\/100|[from] Grassy Terrain\n|-heal|p2a: Lunala|23\/100|[from] Grassy Terrain\n|-sideend|p2: Lacossg|move: Tailwind\n|upkeep\n|\n|t:|1738630999\n|switch|p1b: Chi-Yu|Chi-Yu, L50|58\/100\n|-ability|p1b: Chi-Yu|Beads of Ruin\n|turn|5\n|\n|t:|1738631011\n|switch|p2a: Urshifu|Urshifu-Rapid-Strike, L50, M|83\/100\n|move|p1a: Whimsicott|Encore||[still]\n|-fail|p1a: Whimsicott\n|move|p1b: Chi-Yu|Dark Pulse|p2b: Roaring Moon\n|-supereffective|p2b: Roaring Moon\n|-damage|p2b: Roaring Moon|0 fnt\n|faint|p2b: Roaring Moon\n|-end|p2b: Roaring Moon|Protosynthesis|[silent]\n|\n|-heal|p1b: Chi-Yu|64\/100|[from] Grassy Terrain\n|-heal|p1a: Whimsicott|13\/100|[from] Grassy Terrain\n|-heal|p2a: Urshifu|89\/100|[from] Grassy Terrain\n|upkeep\n|\n|t:|1738631019\n|switch|p2b: Lunala|Lunala, L50|23\/100\n|turn|6\n|\n|t:|1738631029\n|-terastallize|p1b: Chi-Yu|Ghost\n|move|p1b: Chi-Yu|Dark Pulse|p2b: Lunala\n|-supereffective|p2b: Lunala\n|-damage|p2b: Lunala|0 fnt\n|faint|p2b: Lunala\n|move|p1a: Whimsicott|Moonblast|p2a: Urshifu\n|-supereffective|p2a: Urshifu\n|-damage|p2a: Urshifu|0 fnt\n|faint|p2a: Urshifu\n|\n|win|DavidElGafe\n|raw|DavidElGafe's rating: 1632 &rarr; <strong>1652<\/strong><br \/>(+20 for winning)\n|raw|Lacossg's rating: 1640 &rarr; <strong>1620<\/strong><br \/>(-20 for losing)\n|l|\u2606Lacossg\n|player|p2|\n|l|\u2606DavidElGafe\n|player|p1|\n","uploadtime":1738631215,"views":21,"formatid":"gen9vgc2025regg","rating":1620,"private":0,"password":null}