{"id":"gen9vgc2025regg-2293871031","format":"[Gen 9] VGC 2025 Reg G","players":["hydmkk","Slackermaru"],"log":"|j|\u2606hydmkk\n|j|\u2606Slackermaru\n|t:|1738625101\n|gametype|doubles\n|player|p1|hydmkk|bruno|1501\n|player|p2|Slackermaru|workerice|1633\n|teamsize|p1|6\n|teamsize|p2|6\n|gen|9\n|tier|[Gen 9] VGC 2025 Reg G\n|rated|\n|rule|Species Clause: Limit one of each Pok\u00e9mon\n|rule|Item Clause: Limit 1 of each item\n|clearpoke\n|poke|p1|Miraidon, L50|\n|poke|p1|Dondozo, L50, M|\n|poke|p1|Tatsugiri-Droopy, L50, M|\n|poke|p1|Flutter Mane, L50|\n|poke|p1|Chi-Yu, L50|\n|poke|p1|Rillaboom, L50, M|\n|poke|p2|Calyrex-Ice, L50|\n|poke|p2|Raging Bolt, L50|\n|poke|p2|Urshifu-*, L50, M|\n|poke|p2|Landorus, L50, M|\n|poke|p2|Pelipper, L50, M|\n|poke|p2|Amoonguss, L50, M|\n|teampreview|4\n|inactive|Battle timer is ON: inactive players will automatically lose when time's up. (requested by hydmkk)\n|\n|t:|1738625130\n|start\n|switch|p1a: Miraidon|Miraidon, L50|100\/100\n|switch|p1b: Dondozo|Dondozo, L50, M|100\/100\n|switch|p2a: Calyrex|Calyrex-Ice, L50|100\/100\n|switch|p2b: Amoonguss|Amoonguss, L50, M, shiny|100\/100\n|-ability|p2a: Calyrex|As One\n|-ability|p2a: Calyrex|Unnerve\n|-fieldstart|move: Electric Terrain|[from] ability: Hadron Engine|[of] p1a: Miraidon\n|turn|1\n|\n|t:|1738625151\n|switch|p1a: Tatsugiri|Tatsugiri-Droopy, L50, M|100\/100\n|-activate|p1a: Tatsugiri|ability: Commander|[of] p1b: Dondozo\n|-boost|p1b: Dondozo|atk|2\n|-boost|p1b: Dondozo|spa|2\n|-boost|p1b: Dondozo|spe|2\n|-boost|p1b: Dondozo|def|2\n|-boost|p1b: Dondozo|spd|2\n|-terastallize|p1b: Dondozo|Ice\n|-terastallize|p2a: Calyrex|Fairy\n|move|p2b: Amoonguss|Rage Powder|p2b: Amoonguss\n|-singleturn|p2b: Amoonguss|move: Rage Powder\n|move|p1b: Dondozo|Tera Blast|p2b: Amoonguss|[anim] Tera Blast Ice\n|-supereffective|p2b: Amoonguss\n|-damage|p2b: Amoonguss|0 fnt\n|faint|p2b: Amoonguss\n|move|p2a: Calyrex|Trick Room|p2a: Calyrex\n|-fieldstart|move: Trick Room|[of] p2a: Calyrex\n|\n|upkeep\n|j| PandaoftheClouds\n|\n|t:|1738625168\n|switch|p2b: Pelipper|Pelipper, L50, M|100\/100\n|-weather|RainDance|[from] ability: Drizzle|[of] p2b: Pelipper\n|turn|2\n|\n|t:|1738625178\n|move|p2a: Calyrex|High Horsepower|p1b: Dondozo\n|-damage|p1b: Dondozo|87\/100\n|move|p2b: Pelipper|Hurricane|p1b: Dondozo\n|-damage|p1b: Dondozo|52\/100\n|-damage|p2b: Pelipper|91\/100|[from] item: Life Orb\n|move|p1b: Dondozo|Wave Crash|p2a: Calyrex\n|-damage|p2a: Calyrex|0 fnt\n|faint|p2a: Calyrex\n|-damage|p1b: Dondozo|22\/100|[from] Recoil\n|\n|-weather|RainDance|[upkeep]\n|upkeep\n|\n|t:|1738625193\n|switch|p2a: Raging Bolt|Raging Bolt, L50|100\/100\n|turn|3\n|\n|t:|1738625204\n|move|p1b: Dondozo|Protect|p1b: Dondozo\n|-singleturn|p1b: Dondozo|Protect\n|move|p2b: Pelipper|Hurricane|p1b: Dondozo\n|-activate|p1b: Dondozo|move: Protect\n|move|p2a: Raging Bolt|Dragon Pulse|p1a: Tatsugiri|[miss]\n|-miss|p2a: Raging Bolt|p1a: Tatsugiri\n|\n|-weather|RainDance|[upkeep]\n|upkeep\n|turn|4\n|\n|t:|1738625220\n|move|p1b: Dondozo|Protect||[still]\n|-fail|p1b: Dondozo\n|move|p2b: Pelipper|Hurricane|p1b: Dondozo\n|-damage|p1b: Dondozo|0 fnt\n|faint|p1b: Dondozo\n|-damage|p2b: Pelipper|81\/100|[from] item: Life Orb\n|move|p2a: Raging Bolt|Dragon Pulse|p1a: Tatsugiri\n|-supereffective|p1a: Tatsugiri\n|-damage|p1a: Tatsugiri|3\/100\n|\n|-weather|RainDance|[upkeep]\n|upkeep\n|\n|t:|1738625228\n|switch|p1b: Rillaboom|Rillaboom, L50, M|100\/100\n|-fieldstart|move: Grassy Terrain|[from] ability: Grassy Surge|[of] p1b: Rillaboom\n|turn|5\n|\n|t:|1738625244\n|move|p1b: Rillaboom|Fake Out|p2a: Raging Bolt\n|-damage|p2a: Raging Bolt|88\/100\n|move|p2b: Pelipper|Hurricane|p1b: Rillaboom\n|-supereffective|p1b: Rillaboom\n|-damage|p1b: Rillaboom|5\/100\n|-start|p1b: Rillaboom|confusion\n|-damage|p2b: Pelipper|72\/100|[from] item: Life Orb\n|cant|p2a: Raging Bolt|flinch\n|move|p1a: Tatsugiri|Draco Meteor|p2a: Raging Bolt\n|-supereffective|p2a: Raging Bolt\n|-damage|p2a: Raging Bolt|21\/100\n|-unboost|p1a: Tatsugiri|spa|2\n|\n|-weather|RainDance|[upkeep]\n|-heal|p2a: Raging Bolt|27\/100|[from] Grassy Terrain\n|-heal|p1b: Rillaboom|11\/100|[from] Grassy Terrain\n|-heal|p1a: Tatsugiri|9\/100|[from] Grassy Terrain\n|-fieldend|move: Trick Room\n|upkeep\n|turn|6\n|inactive|Slackermaru has 30 seconds left.\n|inactive|Slackermaru has 20 seconds left.\n|\n|t:|1738625280\n|-activate|p1b: Rillaboom|confusion\n|move|p1b: Rillaboom|Grassy Glide|p2b: Pelipper\n|-damage|p2b: Pelipper|30\/100\n|move|p2a: Raging Bolt|Thunderclap|p1a: Tatsugiri\n|-damage|p1a: Tatsugiri|0 fnt\n|faint|p1a: Tatsugiri\n|move|p2b: Pelipper|Hurricane|p1b: Rillaboom\n|-supereffective|p1b: Rillaboom\n|-damage|p1b: Rillaboom|0 fnt\n|faint|p1b: Rillaboom\n|-damage|p2b: Pelipper|21\/100|[from] item: Life Orb\n|\n|-weather|none\n|-heal|p2a: Raging Bolt|33\/100|[from] Grassy Terrain\n|upkeep\n|\n|t:|1738625287\n|switch|p1b: Miraidon|Miraidon, L50|100\/100\n|-fieldstart|move: Electric Terrain|[from] ability: Hadron Engine|[of] p1b: Miraidon\n|turn|7\n|\n|t:|1738625311\n|move|p2b: Pelipper|Wide Guard|p2b: Pelipper\n|-singleturn|p2b: Pelipper|Wide Guard\n|move|p1b: Miraidon|Dragon Pulse|p2a: Raging Bolt\n|-supereffective|p2a: Raging Bolt\n|-damage|p2a: Raging Bolt|0 fnt\n|faint|p2a: Raging Bolt\n|-end|p2a: Raging Bolt|Protosynthesis|[silent]\n|\n|upkeep\n|turn|8\n|-message|Slackermaru forfeited.\n|\n|win|hydmkk\n|raw|hydmkk's rating: 1501 &rarr; <strong>1528<\/strong><br \/>(+27 for winning)\n|raw|Slackermaru's rating: 1633 &rarr; <strong>1606<\/strong><br \/>(-27 for losing)\n|l|\u2606Slackermaru\n|player|p2|\n|l| PandaoftheClouds\n","uploadtime":1738625508,"views":6,"formatid":"gen9vgc2025regg","rating":1528,"private":0,"password":null}