{"id":"gen9vgc2025regg-2293185014","format":"[Gen 9] VGC 2025 Reg G","players":["illuminakiwii","JoeBro8"],"log":"|j|\u2606illuminakiwii\n|j|\u2606JoeBro8\n|t:|1738533616\n|gametype|doubles\n|player|p1|illuminakiwii|acetrainerf-gen4dp|1620\n|player|p2|JoeBro8|n|1547\n|teamsize|p1|6\n|teamsize|p2|6\n|gen|9\n|tier|[Gen 9] VGC 2025 Reg G\n|rated|\n|rule|Species Clause: Limit one of each Pok\u00e9mon\n|rule|Item Clause: Limit 1 of each item\n|clearpoke\n|poke|p1|Zacian-*, L50|\n|poke|p1|Regidrago, L50|\n|poke|p1|Volcarona, L50, M|\n|poke|p1|Farigiraf, L50, F|\n|poke|p1|Tornadus, L50, M|\n|poke|p1|Urshifu-*, L50, F|\n|poke|p2|Calyrex-Ice, L50|\n|poke|p2|Landorus, L50, M|\n|poke|p2|Amoonguss, L50, M|\n|poke|p2|Urshifu-*, L50, M|\n|poke|p2|Roaring Moon, L50|\n|poke|p2|Ogerpon-Hearthflame, L50, F|\n|teampreview|4\n|inactive|Battle timer is ON: inactive players will automatically lose when time's up. (requested by illuminakiwii)\n|inactive|JoeBro8 has 60 seconds left.\n|\n|t:|1738533651\n|start\n|switch|p1a: Dust|Zacian-Crowned, L50, shiny|100\/100\n|switch|p1b: Miku|Regidrago, L50, shiny|100\/100\n|switch|p2a: Calyrex|Calyrex-Ice, L50|100\/100\n|switch|p2b: Ogerpon|Ogerpon-Hearthflame, L50, F|100\/100\n|-ability|p2a: Calyrex|As One\n|-ability|p2a: Calyrex|Unnerve\n|-ability|p1a: Dust|Intrepid Sword|boost\n|-boost|p1a: Dust|atk|1\n|-ability|p2b: Ogerpon|Mold Breaker\n|turn|1\n|inactive|illuminakiwii has 30 seconds left.\n|inactive|JoeBro8 has 30 seconds left.\n|inactive|JoeBro8 has 20 seconds left.\n|\n|t:|1738533688\n|switch|p1a: DippertjeDap|Farigiraf, L50, F|100\/100\n|move|p2a: Calyrex|Protect|p2a: Calyrex\n|-singleturn|p2a: Calyrex|Protect\n|move|p1b: Miku|Draco Meteor|p2b: Ogerpon\n|-damage|p2b: Ogerpon|0 fnt\n|-unboost|p1b: Miku|spa|2\n|faint|p2b: Ogerpon\n|-damage|p1b: Miku|91\/100|[from] item: Life Orb\n|\n|upkeep\n|j| uekfl\n|\n|t:|1738533701\n|switch|p2b: Roaring Moon|Roaring Moon, L50|100\/100\n|-enditem|p2b: Roaring Moon|Booster Energy\n|-activate|p2b: Roaring Moon|ability: Protosynthesis|[fromitem]\n|-start|p2b: Roaring Moon|protosynthesisspe\n|turn|2\n|j| egieggz1\n|\n|t:|1738533708\n|switch|p1b: Fidget|Volcarona, L50, M, shiny|100\/100\n|-terastallize|p1a: DippertjeDap|Water\n|move|p2b: Roaring Moon|Tailwind|p2b: Roaring Moon\n|-sidestart|p2: JoeBro8|move: Tailwind\n|move|p2a: Calyrex|Glacial Lance|p1a: DippertjeDap|[spread] p1a,p1b\n|-resisted|p1a: DippertjeDap\n|-resisted|p1b: Fidget\n|-damage|p1a: DippertjeDap|78\/100\n|-damage|p1b: Fidget|75\/100\n|move|p1a: DippertjeDap|Foul Play|p2a: Calyrex\n|-supereffective|p2a: Calyrex\n|-damage|p2a: Calyrex|54\/100\n|\n|upkeep\n|turn|3\n|inactive|JoeBro8 has 30 seconds left.\n|\n|t:|1738533733\n|-terastallize|p2a: Calyrex|Fairy\n|move|p1b: Fidget|Protect|p1b: Fidget\n|-singleturn|p1b: Fidget|Protect\n|move|p2b: Roaring Moon|Acrobatics|p1a: DippertjeDap\n|-damage|p1a: DippertjeDap|47\/100\n|move|p2a: Calyrex|Glacial Lance|p1b: Fidget|[spread] p1a\n|-activate|p1b: Fidget|move: Protect\n|-resisted|p1a: DippertjeDap\n|-damage|p1a: DippertjeDap|25\/100\n|move|p1a: DippertjeDap|Trick Room|p1a: DippertjeDap\n|-fieldstart|move: Trick Room|[of] p1a: DippertjeDap\n|\n|upkeep\n|turn|4\n|\n|t:|1738533752\n|move|p1a: DippertjeDap|Foul Play|p2a: Calyrex\n|-resisted|p2a: Calyrex\n|-damage|p2a: Calyrex|43\/100\n|move|p1b: Fidget|Will-O-Wisp|p2b: Roaring Moon\n|-status|p2b: Roaring Moon|brn\n|move|p2b: Roaring Moon|Acrobatics|p1b: Fidget\n|-supereffective|p1b: Fidget\n|-damage|p1b: Fidget|41\/100\n|-damage|p2b: Roaring Moon|84\/100 brn|[from] item: Rocky Helmet|[of] p1b: Fidget\n|move|p2a: Calyrex|Trick Room|p2a: Calyrex\n|-fieldend|move: Trick Room\n|\n|-damage|p2b: Roaring Moon|78\/100 brn|[from] brn\n|upkeep\n|turn|5\n|\n|t:|1738533772\n|move|p1b: Fidget|Protect|p1b: Fidget\n|-singleturn|p1b: Fidget|Protect\n|move|p2b: Roaring Moon|Knock Off|p1a: DippertjeDap\n|-damage|p1a: DippertjeDap|8\/100\n|-enditem|p1a: DippertjeDap|Safety Goggles|[from] move: Knock Off|[of] p2b: Roaring Moon\n|move|p2a: Calyrex|Glacial Lance|p1b: Fidget|[spread] p1a\n|-activate|p1b: Fidget|move: Protect\n|-resisted|p1a: DippertjeDap\n|-damage|p1a: DippertjeDap|0 fnt\n|faint|p1a: DippertjeDap\n|-ability|p2a: Calyrex|Chilling Neigh|boost\n|-boost|p2a: Calyrex|atk|1\n|\n|-damage|p2b: Roaring Moon|72\/100 brn|[from] brn\n|-sideend|p2: JoeBro8|move: Tailwind\n|upkeep\n|\n|t:|1738533777\n|switch|p1a: Dust|Zacian-Crowned, L50, shiny|100\/100\n|turn|6\n|\n|t:|1738533795\n|move|p2b: Roaring Moon|Tailwind|p2b: Roaring Moon\n|-sidestart|p2: JoeBro8|move: Tailwind\n|move|p1a: Dust|Behemoth Blade|p2a: Calyrex\n|-supereffective|p2a: Calyrex\n|-damage|p2a: Calyrex|0 fnt\n|faint|p2a: Calyrex\n|move|p1b: Fidget|Flamethrower|p2b: Roaring Moon\n|-resisted|p2b: Roaring Moon\n|-damage|p2b: Roaring Moon|55\/100 brn\n|\n|-damage|p2b: Roaring Moon|49\/100 brn|[from] brn\n|upkeep\n|\n|t:|1738533800\n|switch|p2a: Landorus|Landorus, L50, M|100\/100\n|turn|7\n|\n|t:|1738533814\n|switch|p1a: Miku|Regidrago, L50, shiny|91\/100\n|move|p1b: Fidget|Protect|p1b: Fidget\n|-singleturn|p1b: Fidget|Protect\n|move|p2b: Roaring Moon|Acrobatics|p1b: Fidget\n|-activate|p1b: Fidget|move: Protect\n|move|p2a: Landorus|Earth Power|p1a: Miku\n|-damage|p1a: Miku|18\/100\n|\n|-damage|p2b: Roaring Moon|43\/100 brn|[from] brn\n|upkeep\n|turn|8\n|inactive|illuminakiwii has 30 seconds left.\n|j| jdarcan\n|\n|t:|1738533841\n|move|p1a: Miku|Protect|p1a: Miku\n|-singleturn|p1a: Miku|Protect\n|move|p2b: Roaring Moon|Knock Off|p1a: Miku\n|-activate|p1a: Miku|move: Protect\n|move|p2a: Landorus|Earth Power|p1b: Fidget\n|-damage|p1b: Fidget|0 fnt\n|faint|p1b: Fidget\n|\n|-damage|p2b: Roaring Moon|37\/100 brn|[from] brn\n|upkeep\n|\n|t:|1738533848\n|switch|p1b: Dust|Zacian-Crowned, L50, shiny|100\/100\n|turn|9\n|\n|t:|1738533861\n|move|p1b: Dust|Protect|p1b: Dust\n|-singleturn|p1b: Dust|Protect\n|move|p1a: Miku|Protect||[still]\n|-fail|p1a: Miku\n|move|p2b: Roaring Moon|Knock Off|p1a: Miku\n|-damage|p1a: Miku|0 fnt\n|-enditem|p1a: Miku|Life Orb|[from] move: Knock Off|[of] p2b: Roaring Moon\n|faint|p1a: Miku\n|move|p2a: Landorus|Earth Power|p1b: Dust\n|-activate|p1b: Dust|move: Protect\n|\n|-damage|p2b: Roaring Moon|31\/100 brn|[from] brn\n|-sideend|p2: JoeBro8|move: Tailwind\n|upkeep\n|turn|10\n|\n|t:|1738533868\n|move|p2b: Roaring Moon|Tailwind|p2b: Roaring Moon\n|-sidestart|p2: JoeBro8|move: Tailwind\n|move|p2a: Landorus|Earth Power|p1b: Dust\n|-supereffective|p1b: Dust\n|-damage|p1b: Dust|0 fnt\n|faint|p1b: Dust\n|\n|win|JoeBro8\n|raw|illuminakiwii's rating: 1620 &rarr; <strong>1596<\/strong><br \/>(-24 for losing)\n|raw|JoeBro8's rating: 1547 &rarr; <strong>1571<\/strong><br \/>(+24 for winning)\n|l|\u2606illuminakiwii\n|player|p1|\n|l|\u2606JoeBro8\n|player|p2|\n|l| egieggz1\n","uploadtime":1738534072,"views":28,"formatid":"gen9vgc2025regg","rating":1571,"private":0,"password":null}