{"id":"gen9vgc2025regg-2293415901","format":"[Gen 9] VGC 2025 Reg G","players":["RICHARDHAVOC","CCC2023"],"log":"|j|\u2606RICHARDHAVOC\n|j|\u2606CCC2023\n|t:|1738567213\n|gametype|doubles\n|player|p1|RICHARDHAVOC|brycen|1604\n|player|p2|CCC2023|101|1570\n|teamsize|p1|6\n|teamsize|p2|6\n|gen|9\n|tier|[Gen 9] VGC 2025 Reg G\n|rated|\n|rule|Species Clause: Limit one of each Pok\u00e9mon\n|rule|Item Clause: Limit 1 of each item\n|clearpoke\n|poke|p1|Zamazenta-*, L50|\n|poke|p1|Volcarona, L50, M|\n|poke|p1|Chien-Pao, L50|\n|poke|p1|Dragonite, L50, M|\n|poke|p1|Scream Tail, L50|\n|poke|p1|Landorus, L50, M|\n|poke|p2|Urshifu-*, L50, M|\n|poke|p2|Flutter Mane, L50|\n|poke|p2|Pelipper, L50, M|\n|poke|p2|Incineroar, L50, M|\n|poke|p2|Rillaboom, L50, M|\n|poke|p2|Calyrex-Ice, L50|\n|teampreview|4\n|inactive|Battle timer is ON: inactive players will automatically lose when time's up. (requested by CCC2023)\n|inactive|RICHARDHAVOC has 60 seconds left.\n|\n|t:|1738567279\n|start\n|switch|p1a: Volcarona|Volcarona, L50, M, shiny|100\/100\n|switch|p1b: Zamazenta|Zamazenta-Crowned, L50|100\/100\n|switch|p2a: Urshifu|Urshifu-Rapid-Strike, L50, M|100\/100\n|switch|p2b: Incineroar|Incineroar, L50, M, shiny|100\/100\n|-ability|p1b: Zamazenta|Dauntless Shield|boost\n|-boost|p1b: Zamazenta|def|1\n|-ability|p2b: Incineroar|Intimidate|boost\n|-unboost|p1a: Volcarona|atk|1\n|-unboost|p1b: Zamazenta|atk|1\n|turn|1\n|inactive|CCC2023 has 30 seconds left.\n|inactive|CCC2023 has 20 seconds left.\n|inactive|CCC2023 has 15 seconds left.\n|inactive|CCC2023 has 10 seconds left.\n|inactive|CCC2023 has 5 seconds left.\n|\n|t:|1738567329\n|-terastallize|p1a: Volcarona|Water\n|move|p2b: Incineroar|Fake Out|p1b: Zamazenta\n|-resisted|p1b: Zamazenta\n|-damage|p1b: Zamazenta|98\/100\n|move|p1a: Volcarona|Rage Powder|p1a: Volcarona\n|-singleturn|p1a: Volcarona|move: Rage Powder\n|move|p2a: Urshifu|U-turn|p1a: Volcarona\n|-damage|p1a: Volcarona|78\/100\n|-damage|p2a: Urshifu|84\/100|[from] item: Rocky Helmet|[of] p1a: Volcarona\n|\n|t:|1738567353\n|switch|p2a: Pelipper|Pelipper, L50, M|100\/100|[from] U-turn\n|-weather|RainDance|[from] ability: Drizzle|[of] p2a: Pelipper\n|cant|p1b: Zamazenta|flinch\n|\n|-weather|RainDance|[upkeep]\n|upkeep\n|turn|2\n|\n|t:|1738567373\n|switch|p2b: Calyrex|Calyrex-Ice, L50|100\/100\n|-ability|p2b: Calyrex|As One\n|-ability|p2b: Calyrex|Unnerve\n|move|p1b: Zamazenta|Protect|p1b: Zamazenta\n|-singleturn|p1b: Zamazenta|Protect\n|move|p2a: Pelipper|Hurricane|p1a: Volcarona\n|-damage|p1a: Volcarona|39\/100\n|move|p1a: Volcarona|Tailwind|p1a: Volcarona\n|-sidestart|p1: RICHARDHAVOC|move: Tailwind\n|\n|-weather|RainDance|[upkeep]\n|upkeep\n|turn|3\n|inactive|RICHARDHAVOC has 30 seconds left.\n|inactive|RICHARDHAVOC has 20 seconds left.\n|\n|t:|1738567410\n|move|p1b: Zamazenta|Body Press|p2a: Pelipper\n|-resisted|p2a: Pelipper\n|-crit|p2a: Pelipper\n|-damage|p2a: Pelipper|29\/100\n|move|p1a: Volcarona|Will-O-Wisp|p2b: Calyrex\n|-status|p2b: Calyrex|brn\n|move|p2a: Pelipper|Hurricane|p1b: Zamazenta\n|-damage|p1b: Zamazenta|65\/100\n|move|p2b: Calyrex|High Horsepower|p1b: Zamazenta|[miss]\n|-miss|p2b: Calyrex|p1b: Zamazenta\n|\n|-weather|RainDance|[upkeep]\n|-damage|p2b: Calyrex|95\/100 brn|[from] brn\n|upkeep\n|turn|4\n|inactive|CCC2023 has 30 seconds left.\n|\n|t:|1738567436\n|move|p2a: Pelipper|Protect|p2a: Pelipper\n|-singleturn|p2a: Pelipper|Protect\n|move|p1b: Zamazenta|Body Press|p2a: Pelipper\n|-activate|p2a: Pelipper|move: Protect\n|move|p1a: Volcarona|Heat Wave|p2a: Pelipper|[spread] p2b\n|-activate|p2a: Pelipper|move: Protect\n|-supereffective|p2b: Calyrex\n|-damage|p2b: Calyrex|76\/100 brn\n|move|p2b: Calyrex|High Horsepower|p1a: Volcarona\n|-damage|p1a: Volcarona|22\/100\n|-damage|p2b: Calyrex|60\/100 brn|[from] item: Rocky Helmet|[of] p1a: Volcarona\n|\n|-weather|RainDance|[upkeep]\n|-damage|p2b: Calyrex|54\/100 brn|[from] brn\n|upkeep\n|turn|5\n|j| mr pogostick\n|j| Lavenderawa\n|inactive|CCC2023 has 30 seconds left.\n|inactive|CCC2023 has 20 seconds left.\n|-message|CCC2023 forfeited.\n|\n|win|RICHARDHAVOC\n|raw|RICHARDHAVOC's rating: 1604 &rarr; <strong>1622<\/strong><br \/>(+18 for winning)\n|raw|CCC2023's rating: 1570 &rarr; <strong>1552<\/strong><br \/>(-18 for losing)\n|l|\u2606CCC2023\n|player|p2|\n|l|\u2606RICHARDHAVOC\n|player|p1|\n|l| Lavenderawa\n","uploadtime":1738567662,"views":12,"formatid":"gen9vgc2025regg","rating":1552,"private":0,"password":null}