{"id":"gen9vgc2025regg-2293419869","format":"[Gen 9] VGC 2025 Reg G","players":["LunarLooser","Tempest brute"],"log":"|j|\u2606LunarLooser\n|j|\u2606Tempest brute\n|t:|1738568051\n|gametype|doubles\n|player|p1|LunarLooser|265|1608\n|player|p2|Tempest brute|veteran|1594\n|teamsize|p1|6\n|teamsize|p2|4\n|gen|9\n|tier|[Gen 9] VGC 2025 Reg G\n|rated|\n|rule|Species Clause: Limit one of each Pok\u00e9mon\n|rule|Item Clause: Limit 1 of each item\n|clearpoke\n|poke|p1|Kyogre, L50|\n|poke|p1|Tsareena, L50, F|\n|poke|p1|Urshifu-*, L50, M|\n|poke|p1|Landorus, L50, M|\n|poke|p1|Tornadus, L50, M|\n|poke|p1|Raging Bolt, L50|\n|poke|p2|Terapagos, L50, M|\n|poke|p2|Iron Leaves, L50|\n|poke|p2|Urshifu-*, L50, F|\n|poke|p2|Volcarona, L50, F|\n|teampreview|4\n|inactive|Battle timer is ON: inactive players will automatically lose when time's up. (requested by LunarLooser)\n|j| Lavenderawa\n|c|\u2606LunarLooser|Hello again\n|inactive|LunarLooser has 60 seconds left.\n|\n|t:|1738568084\n|start\n|switch|p1a: Urshifu|Urshifu-Rapid-Strike, L50, M|100\/100\n|switch|p1b: Tornadus|Tornadus, L50, M|100\/100\n|switch|p2a: Terapagos|Terapagos, L50, M|100\/100\n|switch|p2b: Iron Leaves|Iron Leaves, L50|100\/100\n|-activate|p2a: Terapagos|ability: Tera Shift\n|detailschange|p2a: Terapagos|Terapagos-Terastal, L50, M\n|-heal|p2a: Terapagos|100\/100|[silent]\n|-enditem|p2b: Iron Leaves|Booster Energy\n|-activate|p2b: Iron Leaves|ability: Quark Drive|[fromitem]\n|-start|p2b: Iron Leaves|quarkdrivespe\n|turn|1\n|\n|t:|1738568092\n|move|p1b: Tornadus|Tailwind|p1b: Tornadus\n|-sidestart|p1: LunarLooser|move: Tailwind\n|move|p1a: Urshifu|U-turn|p2b: Iron Leaves\n|-supereffective|p2b: Iron Leaves\n|-damage|p2b: Iron Leaves|10\/100\n|\n|t:|1738568097\n|switch|p1a: Raging Bolt|Raging Bolt, L50|100\/100|[from] U-turn\n|move|p2b: Iron Leaves|Leaf Blade|p1a: Raging Bolt\n|-resisted|p1a: Raging Bolt\n|-damage|p1a: Raging Bolt|86\/100\n|move|p2a: Terapagos|Tera Starstorm|p1a: Raging Bolt\n|-damage|p1a: Raging Bolt|63\/100\n|\n|upkeep\n|turn|2\n|\n|t:|1738568102\n|move|p2b: Iron Leaves|Protect|p2b: Iron Leaves\n|-singleturn|p2b: Iron Leaves|Protect\n|move|p1b: Tornadus|Bleakwind Storm|p2b: Iron Leaves|[spread] p2a\n|-activate|p2b: Iron Leaves|move: Protect\n|-activate|p2a: Terapagos|ability: Tera Shell\n|-resisted|p2a: Terapagos\n|-damage|p2a: Terapagos|90\/100\n|move|p1a: Raging Bolt|Electroweb|p2b: Iron Leaves|[spread] p2a\n|-activate|p2b: Iron Leaves|move: Protect\n|-damage|p2a: Terapagos|75\/100\n|-unboost|p2a: Terapagos|spe|1\n|move|p2a: Terapagos|Toxic|p1a: Raging Bolt\n|-status|p1a: Raging Bolt|tox\n|\n|-heal|p2a: Terapagos|81\/100|[from] item: Leftovers\n|-damage|p1a: Raging Bolt|57\/100 tox|[from] psn\n|upkeep\n|turn|3\n|\n|t:|1738568114\n|move|p1b: Tornadus|Bleakwind Storm|p2b: Iron Leaves|[spread] p2a,p2b\n|-supereffective|p2b: Iron Leaves\n|-damage|p2a: Terapagos|57\/100\n|-damage|p2b: Iron Leaves|0 fnt\n|faint|p2b: Iron Leaves\n|-end|p2b: Iron Leaves|Quark Drive|[silent]\n|move|p1a: Raging Bolt|Electroweb|p2a: Terapagos|[miss]\n|-miss|p1a: Raging Bolt|p2a: Terapagos\n|move|p2a: Terapagos|Tera Starstorm|p1b: Tornadus\n|-crit|p1b: Tornadus\n|-damage|p1b: Tornadus|35\/100\n|\n|-heal|p2a: Terapagos|63\/100|[from] item: Leftovers\n|-damage|p1a: Raging Bolt|44\/100 tox|[from] psn\n|upkeep\n|\n|t:|1738568128\n|switch|p2b: Volcarona|Volcarona, L50, F|100\/100\n|turn|4\n|j| It'sJustKen VGC\n|inactive|Tempest brute has 30 seconds left.\n|l| Lavenderawa\n|inactive|Tempest brute has 20 seconds left.\n|inactive|Tempest brute has 15 seconds left.\n|inactive|Tempest brute has 10 seconds left.\n|\n|t:|1738568173\n|move|p2a: Terapagos|Protect|p2a: Terapagos\n|-singleturn|p2a: Terapagos|Protect\n|move|p1b: Tornadus|Taunt|p2b: Volcarona\n|-start|p2b: Volcarona|move: Taunt\n|move|p1a: Raging Bolt|Electroweb|p2a: Terapagos|[spread] p2b\n|-activate|p2a: Terapagos|move: Protect\n|-damage|p2b: Volcarona|83\/100\n|-unboost|p2b: Volcarona|spe|1\n|move|p2b: Volcarona|Struggle Bug|p1b: Tornadus|[spread] p1a,p1b\n|-resisted|p1b: Tornadus\n|-damage|p1a: Raging Bolt|35\/100 tox\n|-damage|p1b: Tornadus|26\/100\n|-unboost|p1a: Raging Bolt|spa|1\n|-unboost|p1b: Tornadus|spa|1\n|\n|-heal|p2a: Terapagos|69\/100|[from] item: Leftovers\n|-damage|p1a: Raging Bolt|16\/100 tox|[from] psn\n|-sideend|p1: LunarLooser|move: Tailwind\n|upkeep\n|turn|5\n|inactive|LunarLooser has 30 seconds left.\n|l| It'sJustKen VGC\n|inactive|LunarLooser has 20 seconds left.\n|inactive|LunarLooser has 15 seconds left.\n|inactive|LunarLooser has 10 seconds left.\n|inactive|LunarLooser has 5 seconds left.\n|inactive|Tempest brute has 30 seconds left.\n|\n|t:|1738568234\n|switch|p2b: Urshifu|Urshifu-Rapid-Strike, L50, F|100\/100\n|move|p1b: Tornadus|Bleakwind Storm|p2b: Urshifu|[spread] p2a,p2b\n|-supereffective|p2b: Urshifu\n|-damage|p2a: Terapagos|54\/100\n|-damage|p2b: Urshifu|72\/100\n|move|p1a: Raging Bolt|Electroweb|p2a: Terapagos|[spread] p2b\n|-miss|p1a: Raging Bolt|p2a: Terapagos\n|-supereffective|p2b: Urshifu\n|-damage|p2b: Urshifu|51\/100\n|-unboost|p2b: Urshifu|spe|1\n|move|p2a: Terapagos|Tera Starstorm|p1a: Raging Bolt\n|-damage|p1a: Raging Bolt|0 fnt\n|faint|p1a: Raging Bolt\n|-end|p1a: Raging Bolt|Protosynthesis|[silent]\n|\n|-heal|p2a: Terapagos|60\/100|[from] item: Leftovers\n|upkeep\n|\n|t:|1738568249\n|switch|p1a: Kyogre|Kyogre, L50|100\/100\n|-weather|RainDance|[from] ability: Drizzle|[of] p1a: Kyogre\n|turn|6\n|\n|t:|1738568255\n|-terastallize|p1a: Kyogre|Water\n|-terastallize|p2a: Terapagos|Stellar\n|detailschange|p2a: Terapagos|Terapagos-Stellar, L50, M, tera:Stellar\n|-heal|p2a: Terapagos|70\/100|[silent]\n|-ability|p2a: Terapagos|Teraform Zero\n|-weather|none\n|move|p1b: Tornadus|Rain Dance|p1b: Tornadus\n|-weather|RainDance\n|move|p1a: Kyogre|Water Spout|p2b: Urshifu|[spread] p2a,p2b\n|-resisted|p2b: Urshifu\n|-damage|p2a: Terapagos|0 fnt\n|-damage|p2b: Urshifu|0 fnt\n|faint|p2a: Terapagos\n|faint|p2b: Urshifu\n|\n|-weather|RainDance|[upkeep]\n|upkeep\n|-message|Tempest brute forfeited.\n|\n|win|LunarLooser\n|raw|LunarLooser's rating: 1608 &rarr; <strong>1627<\/strong><br \/>(+19 for winning)\n|raw|Tempest brute's rating: 1594 &rarr; <strong>1575<\/strong><br \/>(-19 for losing)\n|l|\u2606Tempest brute\n|player|p2|\n|l|\u2606LunarLooser\n|player|p1|\n","uploadtime":1738568492,"views":32,"formatid":"gen9vgc2025regg","rating":1575,"private":0,"password":null}