{"id":"gen9vgc2025regg-2293567338","format":"[Gen 9] VGC 2025 Reg G","players":["beastCookie570","Vouldoon"],"log":"|j|\u2606beastCookie570\n|j|\u2606Vouldoon\n|t:|1738593016\n|gametype|doubles\n|player|p1|beastCookie570|hiker-gen4|1582\n|player|p2|Vouldoon|170|1644\n|teamsize|p1|6\n|teamsize|p2|6\n|gen|9\n|tier|[Gen 9] VGC 2025 Reg G\n|rated|\n|rule|Species Clause: Limit one of each Pok\u00e9mon\n|rule|Item Clause: Limit 1 of each item\n|clearpoke\n|poke|p1|Calyrex-Shadow, L50|\n|poke|p1|Weezing-Galar, L50, M|\n|poke|p1|Dondozo, L50, M|\n|poke|p1|Tatsugiri, L50, F|\n|poke|p1|Urshifu-*, L50, F|\n|poke|p1|Whimsicott, L50, F|\n|poke|p2|Arcanine-Hisui, L50, F|\n|poke|p2|Rillaboom, L50, M|\n|poke|p2|Calyrex-Shadow, L50|\n|poke|p2|Roaring Moon, L50|\n|poke|p2|Dragonite, L50, M|\n|poke|p2|Lucario, L50, M|\n|teampreview|4\n|inactive|Battle timer is ON: inactive players will automatically lose when time's up. (requested by Vouldoon)\n|inactive|beastCookie570 has 60 seconds left.\n|\n|t:|1738593075\n|start\n|switch|p1a: Weezing|Weezing-Galar, L50, M|100\/100\n|switch|p1b: Calyrex|Calyrex-Shadow, L50|100\/100\n|switch|p2a: Roaring Moon|Roaring Moon, L50|100\/100\n|switch|p2b: Lucario|Lucario, L50, M|100\/100\n|-ability|p1a: Weezing|Neutralizing Gas\n|-ability|p1b: Calyrex|As One\n|-ability|p1b: Calyrex|Unnerve\n|turn|1\n|\n|t:|1738593097\n|switch|p1b: Dondozo|Dondozo, L50, M|100\/100\n|-terastallize|p2b: Lucario|Dark\n|move|p2a: Roaring Moon|Protect|p2a: Roaring Moon\n|-singleturn|p2a: Roaring Moon|Protect\n|move|p2b: Lucario|Dark Pulse|p1b: Dondozo\n|-damage|p1b: Dondozo|35\/100\n|move|p1a: Weezing|Strange Steam|p2a: Roaring Moon\n|-activate|p2a: Roaring Moon|move: Protect\n|\n|-heal|p1b: Dondozo|41\/100|[from] item: Leftovers\n|upkeep\n|turn|2\n|inactive|beastCookie570 has 30 seconds left.\n|\n|t:|1738593130\n|switch|p2b: Rillaboom|Rillaboom, L50, M|100\/100\n|move|p1b: Dondozo|Protect|p1b: Dondozo\n|-singleturn|p1b: Dondozo|Protect\n|move|p2a: Roaring Moon|Tailwind|p2a: Roaring Moon\n|-sidestart|p2: Vouldoon|move: Tailwind\n|move|p1a: Weezing|Will-O-Wisp|p2a: Roaring Moon\n|-status|p2a: Roaring Moon|brn\n|\n|-heal|p1b: Dondozo|48\/100|[from] item: Leftovers\n|-damage|p2a: Roaring Moon|95\/100 brn|[from] brn\n|upkeep\n|turn|3\n|j| shadow193\n|\n|t:|1738593153\n|switch|p1b: Calyrex|Calyrex-Shadow, L50|100\/100\n|-ability|p1b: Calyrex|As One\n|-ability|p1b: Calyrex|Unnerve\n|move|p2b: Rillaboom|Fake Out|p1a: Weezing\n|-damage|p1a: Weezing|87\/100\n|-damage|p2b: Rillaboom|84\/100|[from] item: Rocky Helmet|[of] p1a: Weezing\n|move|p2a: Roaring Moon|Knock Off|p1b: Calyrex\n|-supereffective|p1b: Calyrex\n|-damage|p1b: Calyrex|0 fnt\n|-enditem|p1b: Calyrex|Choice Scarf|[from] move: Knock Off|[of] p2a: Roaring Moon\n|faint|p1b: Calyrex\n|cant|p1a: Weezing|flinch\n|\n|-damage|p2a: Roaring Moon|89\/100 brn|[from] brn\n|upkeep\n|\n|t:|1738593168\n|switch|p1b: Dondozo|Dondozo, L50, M|48\/100\n|turn|4\n|\n|t:|1738593184\n|move|p1b: Dondozo|Protect|p1b: Dondozo\n|-singleturn|p1b: Dondozo|Protect\n|move|p2a: Roaring Moon|Knock Off|p1a: Weezing\n|-resisted|p1a: Weezing\n|-damage|p1a: Weezing|77\/100\n|-damage|p2a: Roaring Moon|72\/100 brn|[from] item: Rocky Helmet|[of] p1a: Weezing\n|-enditem|p1a: Weezing|Rocky Helmet|[from] move: Knock Off|[of] p2a: Roaring Moon\n|move|p2b: Rillaboom|High Horsepower|p1a: Weezing\n|-supereffective|p1a: Weezing\n|-crit|p1a: Weezing\n|-damage|p1a: Weezing|0 fnt\n|faint|p1a: Weezing\n|-end|p1a: Weezing|ability: Neutralizing Gas\n|-fieldstart|move: Grassy Terrain|[from] ability: Grassy Surge|[of] p2b: Rillaboom\n|-enditem|p2a: Roaring Moon|Booster Energy\n|-activate|p2a: Roaring Moon|ability: Protosynthesis|[fromitem]\n|-start|p2a: Roaring Moon|protosynthesisspe\n|\n|-heal|p2a: Roaring Moon|78\/100 brn|[from] Grassy Terrain\n|-heal|p2b: Rillaboom|90\/100|[from] Grassy Terrain\n|-heal|p1b: Dondozo|54\/100|[from] Grassy Terrain\n|-heal|p1b: Dondozo|60\/100|[from] item: Leftovers\n|-damage|p2a: Roaring Moon|72\/100 brn|[from] brn\n|upkeep\n|\n|t:|1738593194\n|switch|p1a: Tatsugiri|Tatsugiri, L50, F|100\/100\n|-activate|p1a: Tatsugiri|ability: Commander|[of] p1b: Dondozo\n|-boost|p1b: Dondozo|atk|2\n|-boost|p1b: Dondozo|spa|2\n|-boost|p1b: Dondozo|spe|2\n|-boost|p1b: Dondozo|def|2\n|-boost|p1b: Dondozo|spd|2\n|turn|5\n|\n|t:|1738593199\n|-terastallize|p1b: Dondozo|Grass\n|move|p2a: Roaring Moon|Knock Off|p1b: Dondozo\n|-damage|p1b: Dondozo|52\/100\n|-enditem|p1b: Dondozo|Leftovers|[from] move: Knock Off|[of] p2a: Roaring Moon\n|move|p2b: Rillaboom|Wood Hammer|p1b: Dondozo\n|-resisted|p1b: Dondozo\n|-damage|p1b: Dondozo|37\/100\n|-damage|p2b: Rillaboom|84\/100|[from] Recoil\n|move|p1b: Dondozo|Order Up|p2a: Roaring Moon\n|-supereffective|p2a: Roaring Moon\n|-damage|p2a: Roaring Moon|0 fnt\n|faint|p2a: Roaring Moon\n|-end|p2a: Roaring Moon|Protosynthesis|[silent]\n|-boost|p1b: Dondozo|atk|1\n|\n|-heal|p2b: Rillaboom|90\/100|[from] Grassy Terrain\n|-heal|p1b: Dondozo|43\/100|[from] Grassy Terrain\n|-sideend|p2: Vouldoon|move: Tailwind\n|upkeep\n|\n|t:|1738593202\n|switch|p2a: Lucario|Lucario, L50, M, tera:Dark|100\/100\n|turn|6\n|\n|t:|1738593211\n|move|p2b: Rillaboom|Grassy Glide|p1b: Dondozo\n|-resisted|p1b: Dondozo\n|-damage|p1b: Dondozo|37\/100\n|move|p1b: Dondozo|Wave Crash|p2a: Lucario\n|-damage|p2a: Lucario|0 fnt\n|faint|p2a: Lucario\n|-damage|p1b: Dondozo|17\/100|[from] Recoil\n|\n|-heal|p1b: Dondozo|23\/100|[from] Grassy Terrain\n|-heal|p2b: Rillaboom|96\/100|[from] Grassy Terrain\n|upkeep\n|\n|t:|1738593213\n|switch|p2a: Calyrex|Calyrex-Shadow, L50|100\/100\n|-ability|p2a: Calyrex|As One\n|-ability|p2a: Calyrex|Unnerve\n|turn|7\n|\n|t:|1738593221\n|move|p1b: Dondozo|Protect|p1b: Dondozo\n|-singleturn|p1b: Dondozo|Protect\n|move|p2b: Rillaboom|Grassy Glide|p1b: Dondozo\n|-activate|p1b: Dondozo|move: Protect\n|move|p2a: Calyrex|Astral Barrage|p1b: Dondozo|[spread] \n|-miss|p2a: Calyrex|p1a: Tatsugiri\n|-activate|p1b: Dondozo|move: Protect\n|\n|-heal|p1b: Dondozo|29\/100|[from] Grassy Terrain\n|-heal|p2b: Rillaboom|100\/100|[from] Grassy Terrain\n|upkeep\n|turn|8\n|\n|t:|1738593223\n|move|p2b: Rillaboom|Grassy Glide|p1b: Dondozo\n|-resisted|p1b: Dondozo\n|-damage|p1b: Dondozo|22\/100\n|move|p2a: Calyrex|Astral Barrage|p1b: Dondozo|[spread] p1b\n|-miss|p2a: Calyrex|p1a: Tatsugiri\n|-damage|p1b: Dondozo|0 fnt\n|faint|p1b: Dondozo\n|-ability|p2a: Calyrex|Grim Neigh|boost\n|-boost|p2a: Calyrex|spa|1\n|\n|-fieldend|move: Grassy Terrain\n|upkeep\n|turn|9\n|\n|t:|1738593227\n|move|p2a: Calyrex|Astral Barrage|p1a: Tatsugiri\n|-damage|p1a: Tatsugiri|0 fnt\n|faint|p1a: Tatsugiri\n|\n|win|Vouldoon\n|raw|beastCookie570's rating: 1582 &rarr; <strong>1566<\/strong><br \/>(-16 for losing)\n|raw|Vouldoon's rating: 1644 &rarr; <strong>1660<\/strong><br \/>(+16 for winning)\n|l|\u2606beastCookie570\n|player|p1|\n|l| shadow193\n|l|\u2606Vouldoon\n|player|p2|\n","uploadtime":1738593443,"views":12,"formatid":"gen9vgc2025regg","rating":1566,"private":0,"password":null}