{"id":"gen9vgc2025regg-2293663402","format":"[Gen 9] VGC 2025 Reg G","players":["Farmyom","Slackermaru"],"log":"|j|\u2606Farmyom\n|j|\u2606Slackermaru\n|t:|1738603294\n|gametype|doubles\n|player|p1|Farmyom|beauty-gen5bw2|1520\n|player|p2|Slackermaru|workerice|1578\n|teamsize|p1|6\n|teamsize|p2|6\n|gen|9\n|tier|[Gen 9] VGC 2025 Reg G\n|rated|\n|rule|Species Clause: Limit one of each Pok\u00e9mon\n|rule|Item Clause: Limit 1 of each item\n|clearpoke\n|poke|p1|Terapagos, L50, M|\n|poke|p1|Flutter Mane, L50|\n|poke|p1|Tornadus, L50, M|\n|poke|p1|Incineroar, L50, M|\n|poke|p1|Rillaboom, L50, M|\n|poke|p1|Walking Wake, L50|\n|poke|p2|Calyrex-Ice, L50|\n|poke|p2|Raging Bolt, L50|\n|poke|p2|Urshifu-*, L50, M|\n|poke|p2|Landorus, L50, M|\n|poke|p2|Pelipper, L50, F|\n|poke|p2|Amoonguss, L50, M|\n|teampreview|4\n|inactive|Battle timer is ON: inactive players will automatically lose when time's up. (requested by Farmyom)\n|inactive|Slackermaru has 60 seconds left.\n|\n|t:|1738603332\n|start\n|switch|p1a: Terapagos|Terapagos, L50, M|100\/100\n|switch|p1b: Incineroar|Incineroar, L50, M|100\/100\n|switch|p2a: Calyrex|Calyrex-Ice, L50|100\/100\n|switch|p2b: Raging Bolt|Raging Bolt, L50|100\/100\n|-activate|p1a: Terapagos|ability: Tera Shift\n|detailschange|p1a: Terapagos|Terapagos-Terastal, L50, M\n|-heal|p1a: Terapagos|100\/100|[silent]\n|-ability|p2a: Calyrex|As One\n|-ability|p2a: Calyrex|Unnerve\n|-ability|p1b: Incineroar|Intimidate|boost\n|-fail|p2a: Calyrex|unboost|[from] item: Clear Amulet|[of] p2a: Calyrex\n|-unboost|p2b: Raging Bolt|atk|1\n|turn|1\n|\n|t:|1738603353\n|move|p1b: Incineroar|Fake Out|p2b: Raging Bolt\n|-damage|p2b: Raging Bolt|92\/100\n|move|p1a: Terapagos|Meteor Beam||[still]\n|-prepare|p1a: Terapagos|Meteor Beam\n|-boost|p1a: Terapagos|spa|1\n|-enditem|p1a: Terapagos|Power Herb\n|-anim|p1a: Terapagos|Meteor Beam|p2a: Calyrex\n|-supereffective|p2a: Calyrex\n|-damage|p2a: Calyrex|34\/100\n|cant|p2b: Raging Bolt|flinch\n|move|p2a: Calyrex|Glacial Lance|p1b: Incineroar|[spread] p1a,p1b\n|-activate|p1a: Terapagos|ability: Tera Shell\n|-resisted|p1a: Terapagos\n|-resisted|p1b: Incineroar\n|-damage|p1a: Terapagos|78\/100\n|-damage|p1b: Incineroar|79\/100\n|\n|upkeep\n|turn|2\n|\n|t:|1738603378\n|move|p1a: Terapagos|Protect|p1a: Terapagos\n|-singleturn|p1a: Terapagos|Protect\n|move|p2a: Calyrex|Protect|p2a: Calyrex\n|-singleturn|p2a: Calyrex|Protect\n|move|p2b: Raging Bolt|Volt Switch|p1b: Incineroar\n|-damage|p1b: Incineroar|41\/100\n|\n|t:|1738603386\n|-end|p2b: Raging Bolt|Protosynthesis|[silent]\n|switch|p2b: Pelipper|Pelipper, L50, F|100\/100|[from] Volt Switch\n|-weather|RainDance|[from] ability: Drizzle|[of] p2b: Pelipper\n|move|p1b: Incineroar|Parting Shot|p2b: Pelipper\n|-unboost|p2b: Pelipper|atk|1\n|-unboost|p2b: Pelipper|spa|1\n|\n|t:|1738603394\n|switch|p1b: Tornadus|Tornadus, L50, M|100\/100|[from] Parting Shot\n|\n|-weather|RainDance|[upkeep]\n|upkeep\n|turn|3\n|\n|t:|1738603407\n|switch|p2a: Raging Bolt|Raging Bolt, L50|92\/100\n|move|p1b: Tornadus|Taunt|p2b: Pelipper\n|-start|p2b: Pelipper|move: Taunt\n|move|p1a: Terapagos|Tera Starstorm|p2a: Raging Bolt\n|-damage|p2a: Raging Bolt|46\/100\n|move|p2b: Pelipper|Weather Ball|p1b: Tornadus\n|-damage|p1b: Tornadus|32\/100\n|-damage|p2b: Pelipper|91\/100|[from] item: Life Orb\n|\n|-weather|RainDance|[upkeep]\n|upkeep\n|turn|4\n|\n|t:|1738603427\n|-terastallize|p1a: Terapagos|Stellar\n|detailschange|p1a: Terapagos|Terapagos-Stellar, L50, M, tera:Stellar\n|-heal|p1a: Terapagos|84\/100|[silent]\n|-ability|p1a: Terapagos|Teraform Zero\n|-weather|none\n|move|p2a: Raging Bolt|Thunderclap|p1a: Terapagos\n|-damage|p1a: Terapagos|60\/100\n|move|p1b: Tornadus|Bleakwind Storm|p2a: Raging Bolt|[spread] p2a,p2b\n|-resisted|p2a: Raging Bolt\n|-damage|p2a: Raging Bolt|36\/100\n|-damage|p2b: Pelipper|38\/100\n|move|p1a: Terapagos|Earth Power|p2a: Raging Bolt\n|-supereffective|p2a: Raging Bolt\n|-damage|p2a: Raging Bolt|0 fnt\n|faint|p2a: Raging Bolt\n|-end|p2a: Raging Bolt|Protosynthesis|[silent]\n|move|p2b: Pelipper|Weather Ball|p1a: Terapagos\n|-damage|p1a: Terapagos|51\/100\n|-damage|p2b: Pelipper|29\/100|[from] item: Life Orb\n|\n|upkeep\n|\n|t:|1738603446\n|switch|p2a: Urshifu|Urshifu-Rapid-Strike, L50, M|100\/100\n|turn|5\n|\n|t:|1738603454\n|switch|p1a: Incineroar|Incineroar, L50, M|41\/100\n|-ability|p1a: Incineroar|Intimidate|boost\n|-unboost|p2a: Urshifu|atk|1\n|-unboost|p2b: Pelipper|atk|1\n|move|p1b: Tornadus|Bleakwind Storm|p2a: Urshifu|[spread] p2a\n|-miss|p1b: Tornadus|p2b: Pelipper\n|-supereffective|p2a: Urshifu\n|-enditem|p2a: Urshifu|Focus Sash\n|-damage|p2a: Urshifu|1\/100\n|move|p2a: Urshifu|Close Combat|p1a: Incineroar\n|-supereffective|p1a: Incineroar\n|-damage|p1a: Incineroar|0 fnt\n|-unboost|p2a: Urshifu|def|1\n|-unboost|p2a: Urshifu|spd|1\n|-damage|p2a: Urshifu|0 fnt|[from] item: Rocky Helmet|[of] p1a: Incineroar\n|faint|p1a: Incineroar\n|faint|p2a: Urshifu\n|move|p2b: Pelipper|Hurricane|p1b: Tornadus|[miss]\n|-miss|p2b: Pelipper|p1b: Tornadus\n|\n|-end|p2b: Pelipper|move: Taunt\n|upkeep\n|\n|t:|1738603473\n|switch|p2a: Calyrex|Calyrex-Ice, L50|34\/100\n|switch|p1a: Terapagos|Terapagos-Stellar, L50, M, tera:Stellar|51\/100\n|-ability|p2a: Calyrex|As One\n|-ability|p2a: Calyrex|Unnerve\n|turn|6\n|inactive|Slackermaru has 30 seconds left.\n|\n|t:|1738603501\n|-terastallize|p2a: Calyrex|Fairy\n|move|p1a: Terapagos|Protect|p1a: Terapagos\n|-singleturn|p1a: Terapagos|Protect\n|move|p2b: Pelipper|Wide Guard|p2b: Pelipper\n|-singleturn|p2b: Pelipper|Wide Guard\n|move|p1b: Tornadus|Taunt|p2a: Calyrex\n|-start|p2a: Calyrex|move: Taunt\n|cant|p2a: Calyrex|move: Taunt|Trick Room\n|\n|upkeep\n|turn|7\n|\n|t:|1738603518\n|move|p2b: Pelipper|Wide Guard|p2b: Pelipper\n|-singleturn|p2b: Pelipper|Wide Guard\n|move|p1b: Tornadus|Taunt|p2b: Pelipper\n|-start|p2b: Pelipper|move: Taunt\n|move|p1a: Terapagos|Earth Power|p2a: Calyrex\n|-damage|p2a: Calyrex|9\/100\n|move|p2a: Calyrex|Glacial Lance|p1a: Terapagos|[spread] p1a,p1b\n|-supereffective|p1b: Tornadus\n|-damage|p1a: Terapagos|16\/100\n|-damage|p1b: Tornadus|0 fnt\n|faint|p1b: Tornadus\n|-ability|p2a: Calyrex|Chilling Neigh|boost\n|-boost|p2a: Calyrex|atk|1\n|\n|upkeep\n|\n|t:|1738603526\n|switch|p1b: Walking Wake|Walking Wake, L50|100\/100\n|turn|8\n|-message|Slackermaru forfeited.\n|\n|win|Farmyom\n|raw|Farmyom's rating: 1520 &rarr; <strong>1543<\/strong><br \/>(+23 for winning)\n|raw|Slackermaru's rating: 1578 &rarr; <strong>1555<\/strong><br \/>(-23 for losing)\n|l|\u2606Slackermaru\n|player|p2|\n|l|\u2606Farmyom\n|player|p1|\n|j|\u2606Farmyom\n|player|p1|Farmyom|beauty-gen5bw2|\n","uploadtime":1738603800,"views":5,"formatid":"gen9vgc2025regg","rating":1543,"private":0,"password":null}