{"id":"gen9vgc2025regg-2293802432","format":"[Gen 9] VGC 2025 Reg G","players":["Peckham","chiefclarko11"],"log":"|j|\u2606Peckham\n|j|\u2606chiefclarko11\n|t:|1738617228\n|gametype|doubles\n|player|p1|Peckham|266|1597\n|player|p2|chiefclarko11|102|1636\n|teamsize|p1|6\n|teamsize|p2|6\n|gen|9\n|tier|[Gen 9] VGC 2025 Reg G\n|rated|\n|rule|Species Clause: Limit one of each Pok\u00e9mon\n|rule|Item Clause: Limit 1 of each item\n|clearpoke\n|poke|p1|Farigiraf, L50, M|\n|poke|p1|Terapagos, L50, M|\n|poke|p1|Flutter Mane, L50|\n|poke|p1|Rillaboom, L50, F|\n|poke|p1|Raging Bolt, L50|\n|poke|p1|Chi-Yu, L50|\n|poke|p2|Terapagos, L50, M|\n|poke|p2|Grimmsnarl, L50, M|\n|poke|p2|Urshifu-*, L50, M|\n|poke|p2|Iron Hands, L50|\n|poke|p2|Flutter Mane, L50|\n|poke|p2|Chi-Yu, L50|\n|teampreview|4\n|inactive|Battle timer is ON: inactive players will automatically lose when time's up. (requested by Peckham)\n|inactive|Peckham has 60 seconds left.\n|inactive|chiefclarko11 has 60 seconds left.\n|\n|t:|1738617279\n|start\n|switch|p1a: Farigiraf|Farigiraf, L50, M|100\/100\n|switch|p1b: Terapagos|Terapagos, L50, M|100\/100\n|switch|p2a: Terapagos|Terapagos, L50, M|100\/100\n|switch|p2b: Flutter Mane|Flutter Mane, L50|100\/100\n|-activate|p1b: Terapagos|ability: Tera Shift\n|detailschange|p1b: Terapagos|Terapagos-Terastal, L50, M\n|-heal|p1b: Terapagos|100\/100|[silent]\n|-activate|p2a: Terapagos|ability: Tera Shift\n|detailschange|p2a: Terapagos|Terapagos-Terastal, L50, M\n|-heal|p2a: Terapagos|100\/100|[silent]\n|-enditem|p2b: Flutter Mane|Booster Energy\n|-activate|p2b: Flutter Mane|ability: Protosynthesis|[fromitem]\n|-start|p2b: Flutter Mane|protosynthesisspe\n|turn|1\n|inactive|Peckham has 30 seconds left.\n|inactive|chiefclarko11 has 30 seconds left.\n|inactive|chiefclarko11 has 20 seconds left.\n|inactive|chiefclarko11 has 15 seconds left.\n|\n|t:|1738617319\n|-terastallize|p1b: Terapagos|Stellar\n|detailschange|p1b: Terapagos|Terapagos-Stellar, L50, M, tera:Stellar\n|-heal|p1b: Terapagos|100\/100|[silent]\n|move|p2b: Flutter Mane|Taunt|p1b: Terapagos\n|-start|p1b: Terapagos|move: Taunt\n|move|p1a: Farigiraf|Dazzling Gleam|p2a: Terapagos|[spread] p2a,p2b\n|-activate|p2a: Terapagos|ability: Tera Shell\n|-resisted|p2a: Terapagos\n|-damage|p2a: Terapagos|91\/100\n|-damage|p2b: Flutter Mane|83\/100\n|move|p1b: Terapagos|Tera Starstorm|p2a: Terapagos|[spread] p2a,p2b\n|-damage|p2a: Terapagos|39\/100\n|-damage|p2b: Flutter Mane|30\/100\n|move|p2a: Terapagos|Calm Mind|p2a: Terapagos\n|-boost|p2a: Terapagos|spa|1\n|-boost|p2a: Terapagos|spd|1\n|\n|-heal|p2a: Terapagos|45\/100|[from] item: Leftovers\n|upkeep\n|turn|2\n|inactive|Peckham has 30 seconds left.\n|\n|t:|1738617348\n|move|p2a: Terapagos|Protect|p2a: Terapagos\n|-singleturn|p2a: Terapagos|Protect\n|move|p2b: Flutter Mane|Icy Wind|p1a: Farigiraf|[spread] p1a,p1b\n|-damage|p1a: Farigiraf|86\/100\n|-damage|p1b: Terapagos|91\/100\n|-unboost|p1a: Farigiraf|spe|1\n|-unboost|p1b: Terapagos|spe|1\n|move|p1a: Farigiraf|Dazzling Gleam|p2a: Terapagos|[spread] p2b\n|-activate|p2a: Terapagos|move: Protect\n|-damage|p2b: Flutter Mane|13\/100\n|move|p1b: Terapagos|Tera Starstorm|p2a: Terapagos|[spread] p2b\n|-activate|p2a: Terapagos|move: Protect\n|-damage|p2b: Flutter Mane|0 fnt\n|faint|p2b: Flutter Mane\n|-end|p2b: Flutter Mane|Protosynthesis|[silent]\n|\n|-heal|p2a: Terapagos|51\/100|[from] item: Leftovers\n|upkeep\n|\n|t:|1738617360\n|switch|p2b: Urshifu|Urshifu-Rapid-Strike, L50, M|100\/100\n|turn|3\n|\n|t:|1738617367\n|switch|p1b: Flutter Mane|Flutter Mane, L50|100\/100\n|-enditem|p1b: Flutter Mane|Booster Energy\n|-activate|p1b: Flutter Mane|ability: Protosynthesis|[fromitem]\n|-start|p1b: Flutter Mane|protosynthesisspe\n|-terastallize|p2a: Terapagos|Stellar\n|detailschange|p2a: Terapagos|Terapagos-Stellar, L50, M, tera:Stellar\n|-heal|p2a: Terapagos|64\/100|[silent]\n|move|p2b: Urshifu|Close Combat|p1b: Flutter Mane\n|-immune|p1b: Flutter Mane\n|move|p1a: Farigiraf|Dazzling Gleam|p2a: Terapagos|[spread] p2a,p2b\n|-supereffective|p2b: Urshifu\n|-damage|p2a: Terapagos|56\/100\n|-damage|p2b: Urshifu|41\/100\n|move|p2a: Terapagos|Tera Starstorm|p1a: Farigiraf|[spread] p1a,p1b\n|-damage|p1a: Farigiraf|11\/100\n|-damage|p1b: Flutter Mane|50\/100\n|\n|-heal|p2a: Terapagos|62\/100|[from] item: Leftovers\n|upkeep\n|turn|4\n|inactive|Peckham has 30 seconds left.\n|\n|t:|1738617400\n|switch|p2b: Iron Hands|Iron Hands, L50|100\/100\n|move|p1b: Flutter Mane|Thunder Wave|p2a: Terapagos\n|-status|p2a: Terapagos|par\n|move|p1a: Farigiraf|Dazzling Gleam|p2a: Terapagos|[spread] p2a,p2b\n|-supereffective|p2b: Iron Hands\n|-damage|p2a: Terapagos|54\/100 par\n|-damage|p2b: Iron Hands|82\/100\n|move|p2a: Terapagos|Tera Starstorm|p1a: Farigiraf|[spread] p1a,p1b\n|-damage|p1a: Farigiraf|0 fnt\n|-damage|p1b: Flutter Mane|0 fnt\n|faint|p1a: Farigiraf\n|faint|p1b: Flutter Mane\n|-end|p1b: Flutter Mane|Protosynthesis|[silent]\n|\n|-heal|p2a: Terapagos|60\/100 par|[from] item: Leftovers\n|upkeep\n|\n|t:|1738617413\n|switch|p1b: Terapagos|Terapagos-Stellar, L50, M, tera:Stellar|91\/100\n|switch|p1a: Chi-Yu|Chi-Yu, L50|100\/100\n|-ability|p1a: Chi-Yu|Beads of Ruin\n|turn|5\n|\n|t:|1738617421\n|move|p2b: Iron Hands|Fake Out|p1b: Terapagos\n|-damage|p1b: Terapagos|80\/100\n|move|p1a: Chi-Yu|Overheat|p2b: Iron Hands\n|-damage|p2b: Iron Hands|37\/100\n|-unboost|p1a: Chi-Yu|spa|2\n|cant|p1b: Terapagos|flinch\n|move|p2a: Terapagos|Tera Starstorm|p1a: Chi-Yu|[spread] p1a,p1b\n|-supereffective|p1b: Terapagos\n|-damage|p1a: Chi-Yu|24\/100\n|-damage|p1b: Terapagos|0 fnt\n|faint|p1b: Terapagos\n|\n|-heal|p2a: Terapagos|66\/100 par|[from] item: Leftovers\n|upkeep\n|turn|6\n|\n|t:|1738617435\n|move|p1a: Chi-Yu|Heat Wave|p2b: Iron Hands|[spread] p2a,p2b\n|-damage|p2a: Terapagos|54\/100 par\n|-damage|p2b: Iron Hands|24\/100\n|move|p2b: Iron Hands|Drain Punch|p1a: Chi-Yu\n|-supereffective|p1a: Chi-Yu\n|-damage|p1a: Chi-Yu|0 fnt\n|-heal|p2b: Iron Hands|30\/100|[from] drain|[of] p1a: Chi-Yu\n|faint|p1a: Chi-Yu\n|\n|win|chiefclarko11\n|raw|Peckham's rating: 1597 &rarr; <strong>1579<\/strong><br \/>(-18 for losing)\n|raw|chiefclarko11's rating: 1636 &rarr; <strong>1654<\/strong><br \/>(+18 for winning)\n|l|\u2606chiefclarko11\n|player|p2|\n","uploadtime":1738617631,"views":7,"formatid":"gen9vgc2025regg","rating":1579,"private":0,"password":null}