{"id":"gen9vgc2025regg-2293922198","format":"[Gen 9] VGC 2025 Reg G","players":["RICHARDHAVOC","Lacossg"],"log":"|j|\u2606RICHARDHAVOC\n|j|\u2606Lacossg\n|t:|1738631597\n|gametype|doubles\n|player|p1|RICHARDHAVOC|brycen|1657\n|player|p2|Lacossg|2|1640\n|teamsize|p1|6\n|teamsize|p2|6\n|gen|9\n|tier|[Gen 9] VGC 2025 Reg G\n|rated|\n|rule|Species Clause: Limit one of each Pok\u00e9mon\n|rule|Item Clause: Limit 1 of each item\n|clearpoke\n|poke|p1|Zamazenta-*, L50|\n|poke|p1|Moltres-Galar, L50|\n|poke|p1|Rillaboom, L50, M|\n|poke|p1|Tyranitar, L50, M|\n|poke|p1|Scream Tail, L50|\n|poke|p1|Landorus, L50, M|\n|poke|p2|Ditto, L50|\n|poke|p2|Lunala, L50|\n|poke|p2|Indeedee-F, L50, F|\n|poke|p2|Roaring Moon, L50|\n|poke|p2|Urshifu-*, L50, F|\n|poke|p2|Ursaluna, L50, F|\n|teampreview|4\n|\n|t:|1738631656\n|start\n|switch|p1a: Panda|Rillaboom, L50, M, shiny|100\/100\n|switch|p1b: Moltres|Moltres-Galar, L50, shiny|100\/100\n|switch|p2a: Urshifu|Urshifu-Rapid-Strike, L50, F|100\/100\n|switch|p2b: Roaring Moon|Roaring Moon, L50|100\/100\n|-fieldstart|move: Grassy Terrain|[from] ability: Grassy Surge|[of] p1a: Panda\n|-enditem|p2b: Roaring Moon|Booster Energy\n|-activate|p2b: Roaring Moon|ability: Protosynthesis|[fromitem]\n|-start|p2b: Roaring Moon|protosynthesisspe\n|turn|1\n|\n|t:|1738631673\n|move|p2a: Urshifu|Detect|p2a: Urshifu\n|-singleturn|p2a: Urshifu|Protect\n|move|p1a: Panda|Fake Out|p2b: Roaring Moon\n|-damage|p2b: Roaring Moon|86\/100\n|cant|p2b: Roaring Moon|flinch\n|move|p1b: Moltres|Hurricane|p2a: Urshifu\n|-activate|p2a: Urshifu|move: Protect\n|\n|-heal|p2b: Roaring Moon|92\/100|[from] Grassy Terrain\n|upkeep\n|turn|2\n|\n|t:|1738631689\n|move|p1a: Panda|Grassy Glide|p2a: Urshifu\n|-supereffective|p2a: Urshifu\n|-damage|p2a: Urshifu|14\/100\n|move|p2b: Roaring Moon|Knock Off|p1a: Panda\n|-damage|p1a: Panda|56\/100\n|-enditem|p1a: Panda|Miracle Seed|[from] move: Knock Off|[of] p2b: Roaring Moon\n|move|p2a: Urshifu|U-turn|p1a: Panda\n|-supereffective|p1a: Panda\n|-damage|p1a: Panda|0 fnt\n|faint|p1a: Panda\n|-damage|p2a: Urshifu|4\/100|[from] item: Life Orb\n|j| MillerH33\n|\n|t:|1738631713\n|switch|p2a: Lunala|Lunala, L50|100\/100|[from] U-turn\n|move|p1b: Moltres|Hurricane|p2b: Roaring Moon|[miss]\n|-miss|p1b: Moltres|p2b: Roaring Moon\n|\n|-heal|p2b: Roaring Moon|98\/100|[from] Grassy Terrain\n|upkeep\n|\n|t:|1738631724\n|switch|p1a: Tyranitar|Tyranitar, L50, M, shiny|100\/100\n|-weather|Sandstorm|[from] ability: Sand Stream|[of] p1a: Tyranitar\n|turn|3\n|\n|t:|1738631736\n|-terastallize|p2a: Lunala|Fairy\n|move|p1b: Moltres|Protect|p1b: Moltres\n|-singleturn|p1b: Moltres|Protect\n|move|p2b: Roaring Moon|Tailwind|p2b: Roaring Moon\n|-sidestart|p2: Lacossg|move: Tailwind\n|move|p2a: Lunala|Meteor Beam||[still]\n|-prepare|p2a: Lunala|Meteor Beam\n|-boost|p2a: Lunala|spa|1\n|-enditem|p2a: Lunala|Power Herb\n|-anim|p2a: Lunala|Meteor Beam|p1b: Moltres\n|-activate|p1b: Moltres|move: Protect\n|move|p1a: Tyranitar|Rock Slide|p2a: Lunala|[spread] p2b\n|-miss|p1a: Tyranitar|p2a: Lunala\n|-damage|p2b: Roaring Moon|61\/100\n|\n|-weather|Sandstorm|[upkeep]\n|-damage|p2b: Roaring Moon|55\/100|[from] Sandstorm\n|-damage|p2a: Lunala|95\/100|[from] Sandstorm\n|-damage|p1b: Moltres|94\/100|[from] Sandstorm\n|-heal|p2b: Roaring Moon|61\/100|[from] Grassy Terrain\n|-heal|p2a: Lunala|100\/100|[from] Grassy Terrain\n|upkeep\n|turn|4\n|\n|t:|1738631750\n|move|p2b: Roaring Moon|Snarl|p1a: Tyranitar|[spread] p1a,p1b\n|-resisted|p1a: Tyranitar\n|-resisted|p1b: Moltres\n|-damage|p1a: Tyranitar|98\/100\n|-damage|p1b: Moltres|91\/100\n|-unboost|p1a: Tyranitar|spa|1\n|-unboost|p1b: Moltres|spa|1\n|move|p2a: Lunala|Moongeist Beam|p1b: Moltres\n|-resisted|p1b: Moltres\n|-damage|p1b: Moltres|58\/100\n|move|p1b: Moltres|Fiery Wrath|p2b: Roaring Moon|[spread] p2a,p2b\n|-resisted|p2a: Lunala\n|-resisted|p2b: Roaring Moon\n|-damage|p2a: Lunala|97\/100\n|-damage|p2b: Roaring Moon|54\/100\n|move|p1a: Tyranitar|Rock Slide|p2b: Roaring Moon|[spread] p2a,p2b\n|-damage|p2a: Lunala|72\/100\n|-damage|p2b: Roaring Moon|16\/100\n|\n|-weather|Sandstorm|[upkeep]\n|-damage|p2b: Roaring Moon|9\/100|[from] Sandstorm\n|-damage|p2a: Lunala|66\/100|[from] Sandstorm\n|-damage|p1b: Moltres|52\/100|[from] Sandstorm\n|-heal|p2b: Roaring Moon|16\/100|[from] Grassy Terrain\n|-heal|p2a: Lunala|72\/100|[from] Grassy Terrain\n|-heal|p1a: Tyranitar|100\/100|[from] Grassy Terrain\n|upkeep\n|turn|5\n|\n|t:|1738631775\n|move|p2b: Roaring Moon|Knock Off|p1a: Tyranitar\n|-resisted|p1a: Tyranitar\n|-damage|p1a: Tyranitar|79\/100\n|-enditem|p1a: Tyranitar|Focus Sash|[from] move: Knock Off|[of] p2b: Roaring Moon\n|move|p2a: Lunala|Meteor Beam||[still]\n|-prepare|p2a: Lunala|Meteor Beam\n|-boost|p2a: Lunala|spa|1\n|move|p1b: Moltres|Hurricane|p2a: Lunala\n|-damage|p2a: Lunala|50\/100\n|move|p1a: Tyranitar|Rock Slide|p2b: Roaring Moon|[spread] p2a,p2b\n|-crit|p2a: Lunala\n|-damage|p2a: Lunala|12\/100\n|-damage|p2b: Roaring Moon|0 fnt\n|faint|p2b: Roaring Moon\n|-end|p2b: Roaring Moon|Protosynthesis|[silent]\n|\n|-weather|Sandstorm|[upkeep]\n|-damage|p2a: Lunala|6\/100|[from] Sandstorm\n|-damage|p1b: Moltres|45\/100|[from] Sandstorm\n|-enditem|p1b: Moltres|Sitrus Berry|[eat]\n|-heal|p1b: Moltres|70\/100|[from] item: Sitrus Berry\n|-heal|p2a: Lunala|12\/100|[from] Grassy Terrain\n|-heal|p1a: Tyranitar|85\/100|[from] Grassy Terrain\n|-fieldend|move: Grassy Terrain\n|upkeep\n|\n|t:|1738631782\n|switch|p2b: Urshifu|Urshifu-Rapid-Strike, L50, F|4\/100\n|turn|6\n|j| PandaoftheClouds\n|\n|t:|1738631802\n|move|p1b: Moltres|Protect|p1b: Moltres\n|-singleturn|p1b: Moltres|Protect\n|move|p2b: Urshifu|Surging Strikes|p1a: Tyranitar\n|-supereffective|p1a: Tyranitar\n|-crit|p1a: Tyranitar\n|-damage|p1a: Tyranitar|39\/100\n|-supereffective|p1a: Tyranitar\n|-crit|p1a: Tyranitar\n|-damage|p1a: Tyranitar|0 fnt\n|faint|p1a: Tyranitar\n|-hitcount|p1: Tyranitar|2\n|-damage|p2b: Urshifu|0 fnt|[from] item: Life Orb\n|faint|p2b: Urshifu\n|move|p2a: Lunala|Meteor Beam|p1b: Moltres|[from] lockedmove\n|-activate|p1b: Moltres|move: Protect\n|\n|-weather|Sandstorm|[upkeep]\n|-damage|p2a: Lunala|6\/100|[from] Sandstorm\n|-damage|p1b: Moltres|64\/100|[from] Sandstorm\n|-sideend|p2: Lacossg|move: Tailwind\n|upkeep\n|\n|t:|1738631810\n|switch|p2b: Ditto|Ditto, L50|100\/100\n|switch|p1a: Landorus|Landorus, L50, M, shiny|100\/100\n|-transform|p2b: Ditto|p1a: Landorus|[from] ability: Imposter\n|turn|7\n|\n|t:|1738631831\n|move|p1a: Landorus|Sludge Bomb|p2a: Lunala\n|-supereffective|p2a: Lunala\n|-damage|p2a: Lunala|0 fnt\n|faint|p2a: Lunala\n|move|p2b: Ditto|Sludge Bomb|p1b: Moltres\n|-damage|p1b: Moltres|33\/100\n|move|p1b: Moltres|Fiery Wrath|p2b: Ditto\n|-damage|p2b: Ditto|71\/100\n|\n|-weather|none\n|upkeep\n|turn|8\n|\n|t:|1738631843\n|move|p1a: Landorus|Sludge Bomb|p2b: Ditto\n|-resisted|p2b: Ditto\n|-damage|p2b: Ditto|43\/100\n|move|p2b: Ditto|Sludge Bomb|p1b: Moltres\n|-damage|p1b: Moltres|5\/100\n|move|p1b: Moltres|Fiery Wrath|p2b: Ditto\n|-damage|p2b: Ditto|13\/100\n|\n|upkeep\n|turn|9\n|\n|t:|1738631854\n|move|p1b: Moltres|Protect|p1b: Moltres\n|-singleturn|p1b: Moltres|Protect\n|move|p1a: Landorus|Sludge Bomb|p2b: Ditto\n|-resisted|p2b: Ditto\n|-damage|p2b: Ditto|0 fnt\n|faint|p2b: Ditto\n|\n|win|RICHARDHAVOC\n|raw|RICHARDHAVOC's rating: 1657 &rarr; <strong>1676<\/strong><br \/>(+19 for winning)\n|raw|Lacossg's rating: 1640 &rarr; <strong>1621<\/strong><br \/>(-19 for losing)\n|l|\u2606Lacossg\n|player|p2|\n|l|\u2606RICHARDHAVOC\n|player|p1|\n|l| PandaoftheClouds\n","uploadtime":1738632056,"views":25,"formatid":"gen9vgc2025regg","rating":1621,"private":0,"password":null}