{"id":"gen9vgc2025regg-2293134882","format":"[Gen 9] VGC 2025 Reg G","players":["DimensionalFool","qunqun24"],"log":"|j|\u203dDimensionalFool\n|j|\u2606qunqun24\n|t:|1738527737\n|gametype|doubles\n|player|p1|DimensionalFool|266|1615\n|player|p2|qunqun24|170|1551\n|teamsize|p1|6\n|teamsize|p2|6\n|gen|9\n|tier|[Gen 9] VGC 2025 Reg G\n|rated|\n|rule|Species Clause: Limit one of each Pok\u00e9mon\n|rule|Item Clause: Limit 1 of each item\n|clearpoke\n|poke|p1|Grimmsnarl, L50, M|\n|poke|p1|Landorus, L50, M|\n|poke|p1|Calyrex-Ice, L50|\n|poke|p1|Pelipper, L50, F|\n|poke|p1|Urshifu-*, L50, F|\n|poke|p1|Rillaboom, L50, M|\n|poke|p2|Calyrex-Shadow, L50|\n|poke|p2|Ting-Lu, L50|\n|poke|p2|Dondozo, L50, M|\n|poke|p2|Urshifu-*, L50, M|\n|poke|p2|Ogerpon-Hearthflame, L50, F|\n|poke|p2|Whimsicott, L50, M|\n|teampreview|4\n|inactive|Battle timer is ON: inactive players will automatically lose when time's up. (requested by qunqun24)\n|inactive|DimensionalFool has 60 seconds left.\n|\n|t:|1738527788\n|start\n|switch|p1a: Rillaboom|Rillaboom, L50, M|100\/100\n|switch|p1b: Pelipper|Pelipper, L50, F|100\/100\n|switch|p2a: Ting-Lu|Ting-Lu, L50|100\/100\n|switch|p2b: Dondozo|Dondozo, L50, M|100\/100\n|-weather|RainDance|[from] ability: Drizzle|[of] p1b: Pelipper\n|-fieldstart|move: Grassy Terrain|[from] ability: Grassy Surge|[of] p1a: Rillaboom\n|-ability|p2a: Ting-Lu|Vessel of Ruin\n|turn|1\n|\n|t:|1738527806\n|-terastallize|p2a: Ting-Lu|Fairy\n|move|p2b: Dondozo|Protect|p2b: Dondozo\n|-singleturn|p2b: Dondozo|Protect\n|move|p1a: Rillaboom|Fake Out|p2b: Dondozo\n|-activate|p2b: Dondozo|move: Protect\n|move|p1b: Pelipper|Weather Ball|p2a: Ting-Lu\n|-damage|p2a: Ting-Lu|67\/100\n|move|p2a: Ting-Lu|Stealth Rock|p1b: Pelipper\n|-sidestart|p1: DimensionalFool|move: Stealth Rock\n|\n|-weather|RainDance|[upkeep]\n|-heal|p2a: Ting-Lu|73\/100|[from] Grassy Terrain\n|upkeep\n|turn|2\n|\n|t:|1738527817\n|move|p1b: Pelipper|Weather Ball|p2a: Ting-Lu\n|-damage|p2a: Ting-Lu|40\/100\n|move|p1a: Rillaboom|Drum Beating|p2a: Ting-Lu\n|-damage|p2a: Ting-Lu|9\/100\n|-unboost|p2a: Ting-Lu|spe|1\n|move|p2b: Dondozo|Yawn|p1a: Rillaboom\n|-start|p1a: Rillaboom|move: Yawn|[of] p2b: Dondozo\n|move|p2a: Ting-Lu|Ruination|p1a: Rillaboom\n|-damage|p1a: Rillaboom|51\/100\n|\n|-weather|RainDance|[upkeep]\n|-heal|p1a: Rillaboom|57\/100|[from] Grassy Terrain\n|-heal|p2a: Ting-Lu|15\/100|[from] Grassy Terrain\n|upkeep\n|turn|3\n|\n|t:|1738527833\n|switch|p1a: Calyrex|Calyrex-Ice, L50|100\/100\n|-ability|p1a: Calyrex|As One\n|-ability|p1a: Calyrex|Unnerve\n|-damage|p1a: Calyrex|76\/100|[from] Stealth Rock\n|move|p1b: Pelipper|Hurricane|p2b: Dondozo\n|-damage|p2b: Dondozo|73\/100\n|-start|p2b: Dondozo|confusion\n|-activate|p2b: Dondozo|confusion\n|move|p2b: Dondozo|Yawn|p1b: Pelipper\n|-start|p1b: Pelipper|move: Yawn|[of] p2b: Dondozo\n|move|p2a: Ting-Lu|Ruination|p1b: Pelipper\n|-damage|p1b: Pelipper|50\/100\n|\n|-weather|RainDance|[upkeep]\n|-heal|p1a: Calyrex|82\/100|[from] Grassy Terrain\n|-heal|p2b: Dondozo|79\/100|[from] Grassy Terrain\n|-heal|p2b: Dondozo|86\/100|[from] item: Leftovers\n|-heal|p2a: Ting-Lu|21\/100|[from] Grassy Terrain\n|upkeep\n|turn|4\n|j| FairyOfDoom\n|\n|t:|1738527852\n|switch|p1b: Rillaboom|Rillaboom, L50, M|57\/100\n|-damage|p1b: Rillaboom|45\/100|[from] Stealth Rock\n|move|p1a: Calyrex|Glacial Lance|p2b: Dondozo|[spread] p2a,p2b\n|-resisted|p2b: Dondozo\n|-damage|p2a: Ting-Lu|0 fnt\n|-damage|p2b: Dondozo|70\/100\n|faint|p2a: Ting-Lu\n|-ability|p1a: Calyrex|Chilling Neigh|boost\n|-boost|p1a: Calyrex|atk|1\n|-end|p2b: Dondozo|confusion\n|move|p2b: Dondozo|Yawn|p1a: Calyrex\n|-start|p1a: Calyrex|move: Yawn|[of] p2b: Dondozo\n|\n|-weather|RainDance|[upkeep]\n|-heal|p1b: Rillaboom|51\/100|[from] Grassy Terrain\n|-heal|p1a: Calyrex|87\/100|[from] Grassy Terrain\n|-heal|p2b: Dondozo|76\/100|[from] Grassy Terrain\n|-heal|p2b: Dondozo|83\/100|[from] item: Leftovers\n|upkeep\n|\n|t:|1738527864\n|switch|p2a: Calyrex|Calyrex-Shadow, L50|100\/100\n|-ability|p2a: Calyrex|As One\n|-ability|p2a: Calyrex|Unnerve\n|turn|5\n|\n|t:|1738527871\n|switch|p1a: Pelipper|Pelipper, L50, F|50\/100\n|-damage|p1a: Pelipper|25\/100|[from] Stealth Rock\n|move|p2a: Calyrex|Astral Barrage|p1b: Rillaboom|[spread] p1a,p1b\n|-damage|p1a: Pelipper|0 fnt\n|-damage|p1b: Rillaboom|0 fnt\n|faint|p1a: Pelipper\n|faint|p1b: Rillaboom\n|-ability|p2a: Calyrex|Grim Neigh|boost\n|-boost|p2a: Calyrex|spa|2\n|-damage|p2a: Calyrex|91\/100|[from] item: Life Orb\n|move|p2b: Dondozo|Yawn|p1: Pelipper|[notarget]\n|-fail|p2b: Dondozo\n|\n|-weather|none\n|-heal|p2a: Calyrex|96\/100|[from] Grassy Terrain\n|-heal|p2b: Dondozo|89\/100|[from] Grassy Terrain\n|-heal|p2b: Dondozo|95\/100|[from] item: Leftovers\n|-fieldend|move: Grassy Terrain\n|upkeep\n|\n|t:|1738527875\n|switch|p1a: Calyrex|Calyrex-Ice, L50|87\/100\n|switch|p1b: Urshifu|Urshifu-Rapid-Strike, L50, F|100\/100\n|-ability|p1a: Calyrex|As One\n|-ability|p1a: Calyrex|Unnerve\n|-damage|p1b: Urshifu|95\/100|[from] Stealth Rock\n|-damage|p1a: Calyrex|63\/100|[from] Stealth Rock\n|turn|6\n|\n|t:|1738527889\n|-terastallize|p1a: Calyrex|Water\n|move|p1b: Urshifu|Surging Strikes|p2a: Calyrex\n|-crit|p2a: Calyrex\n|-damage|p2a: Calyrex|69\/100\n|-crit|p2a: Calyrex\n|-damage|p2a: Calyrex|43\/100\n|-crit|p2a: Calyrex\n|-damage|p2a: Calyrex|17\/100\n|-hitcount|p2a: Calyrex|3\n|move|p2a: Calyrex|Astral Barrage|p1b: Urshifu|[spread] p1a,p1b\n|-damage|p1a: Calyrex|0 fnt\n|-damage|p1b: Urshifu|0 fnt\n|faint|p1a: Calyrex\n|faint|p1b: Urshifu\n|-damage|p2a: Calyrex|7\/100|[from] item: Life Orb\n|\n|win|qunqun24\n|raw|DimensionalFool's rating: 1615 &rarr; <strong>1591<\/strong><br \/>(-24 for losing)\n|raw|qunqun24's rating: 1551 &rarr; <strong>1575<\/strong><br \/>(+24 for winning)\n|l|\u2606qunqun24\n|player|p2|\n|l|\u203dDimensionalFool\n|player|p1|\n|l| FairyOfDoom\n","uploadtime":1738528062,"views":8,"formatid":"gen9vgc2025regg","rating":1575,"private":0,"password":null}