{"id":"gen9vgc2025regg-2293938275","format":"[Gen 9] VGC 2025 Reg G","players":["Ayae.Hakamada","hydmkk"],"log":"|j|\u2606Ayae.Hakamada\n|j|\u2606hydmkk\n|t:|1738633680\n|gametype|doubles\n|player|p1|Ayae.Hakamada|skyla|1542\n|player|p2|hydmkk|bruno|1591\n|teamsize|p1|6\n|teamsize|p2|6\n|gen|9\n|tier|[Gen 9] VGC 2025 Reg G\n|rated|\n|rule|Species Clause: Limit one of each Pok\u00e9mon\n|rule|Item Clause: Limit 1 of each item\n|clearpoke\n|poke|p1|Calyrex-Shadow, L50|\n|poke|p1|Chien-Pao, L50|\n|poke|p1|Dragonite, L50, F|\n|poke|p1|Rillaboom, L50, M|\n|poke|p1|Clefairy, L50, F|\n|poke|p1|Araquanid, L50, F|\n|poke|p2|Miraidon, L50|\n|poke|p2|Dondozo, L50, M|\n|poke|p2|Tatsugiri-Droopy, L50, M|\n|poke|p2|Flutter Mane, L50|\n|poke|p2|Chi-Yu, L50|\n|poke|p2|Dragonite, L50, F|\n|teampreview|4\n|inactive|Battle timer is ON: inactive players will automatically lose when time's up. (requested by Ayae.Hakamada)\n|inactive|Ayae.Hakamada has 60 seconds left.\n|inactive|hydmkk has 60 seconds left.\n|j| MillerH33\n|\n|t:|1738633734\n|start\n|switch|p1a: Chien-Pao|Chien-Pao, L50|100\/100\n|switch|p1b: Dragonite|Dragonite, L50, F|100\/100\n|switch|p2a: Flutter Mane|Flutter Mane, L50|100\/100\n|switch|p2b: Dondozo|Dondozo, L50, M|100\/100\n|-ability|p1a: Chien-Pao|Sword of Ruin\n|-enditem|p2a: Flutter Mane|Booster Energy\n|-activate|p2a: Flutter Mane|ability: Protosynthesis|[fromitem]\n|-start|p2a: Flutter Mane|protosynthesisspe\n|turn|1\n|inactive|Ayae.Hakamada has 30 seconds left.\n|inactive|Ayae.Hakamada has 20 seconds left.\n|inactive|Ayae.Hakamada has 15 seconds left.\n|inactive|Ayae.Hakamada has 10 seconds left.\n|inactive|Ayae.Hakamada has 5 seconds left.\n|\n|t:|1738633789\n|switch|p1b: Rillaboom|Rillaboom, L50, M|100\/100\n|-fieldstart|move: Grassy Terrain|[from] ability: Grassy Surge|[of] p1b: Rillaboom\n|move|p2a: Flutter Mane|Dazzling Gleam|p1b: Rillaboom|[spread] p1a,p1b\n|-supereffective|p1a: Chien-Pao\n|-damage|p1a: Chien-Pao|6\/100\n|-damage|p1b: Rillaboom|80\/100\n|move|p1a: Chien-Pao|Ice Spinner|p2a: Flutter Mane\n|-damage|p2a: Flutter Mane|11\/100\n|-fieldend|move: Grassy Terrain\n|move|p2b: Dondozo|Wave Crash|p1a: Chien-Pao\n|-damage|p1a: Chien-Pao|0 fnt\n|faint|p1a: Chien-Pao\n|-damage|p2b: Dondozo|99\/100|[from] Recoil\n|\n|upkeep\n|\n|t:|1738633813\n|switch|p1a: Calyrex|Calyrex-Shadow, L50|100\/100\n|-ability|p1a: Calyrex|As One\n|-ability|p1a: Calyrex|Unnerve\n|turn|2\n|j| PandaoftheClouds\n|\n|t:|1738633829\n|move|p2b: Dondozo|Protect|p2b: Dondozo\n|-singleturn|p2b: Dondozo|Protect\n|move|p1b: Rillaboom|Fake Out|p2b: Dondozo\n|-activate|p2b: Dondozo|move: Protect\n|move|p1a: Calyrex|Astral Barrage|p2b: Dondozo|[spread] p2a\n|-activate|p2b: Dondozo|move: Protect\n|-supereffective|p2a: Flutter Mane\n|-damage|p2a: Flutter Mane|0 fnt\n|faint|p2a: Flutter Mane\n|-end|p2a: Flutter Mane|Protosynthesis|[silent]\n|-ability|p1a: Calyrex|Grim Neigh|boost\n|-boost|p1a: Calyrex|spa|1\n|\n|upkeep\n|\n|t:|1738633840\n|switch|p2a: Tatsugiri|Tatsugiri-Droopy, L50, M|100\/100\n|-activate|p2a: Tatsugiri|ability: Commander|[of] p2b: Dondozo\n|-boost|p2b: Dondozo|atk|2\n|-boost|p2b: Dondozo|spa|2\n|-boost|p2b: Dondozo|spe|2\n|-boost|p2b: Dondozo|def|2\n|-boost|p2b: Dondozo|spd|2\n|turn|3\n|inactive|Ayae.Hakamada has 30 seconds left.\n|\n|t:|1738633868\n|switch|p1a: Dragonite|Dragonite, L50, F|100\/100\n|move|p2b: Dondozo|Wave Crash|p1a: Dragonite\n|-resisted|p1a: Dragonite\n|-damage|p1a: Dragonite|43\/100\n|-damage|p2b: Dondozo|83\/100|[from] Recoil\n|move|p1b: Rillaboom|U-turn|p2b: Dondozo\n|-damage|p2b: Dondozo|76\/100\n|\n|t:|1738633878\n|switch|p1b: Calyrex|Calyrex-Shadow, L50|100\/100|[from] U-turn\n|-ability|p1b: Calyrex|As One\n|-ability|p1b: Calyrex|Unnerve\n|\n|upkeep\n|turn|4\n|\n|t:|1738633899\n|switch|p1a: Rillaboom|Rillaboom, L50, M|80\/100\n|-fieldstart|move: Grassy Terrain|[from] ability: Grassy Surge|[of] p1a: Rillaboom\n|-terastallize|p1b: Calyrex|Grass\n|move|p1b: Calyrex|Leaf Storm|p2b: Dondozo\n|-supereffective|p2b: Dondozo\n|-damage|p2b: Dondozo|0 fnt\n|-unboost|p1b: Calyrex|spa|2\n|faint|p2b: Dondozo\n|-ability|p1b: Calyrex|Grim Neigh|boost\n|-boost|p1b: Calyrex|spa|1\n|\n|-heal|p1a: Rillaboom|86\/100|[from] Grassy Terrain\n|upkeep\n|\n|t:|1738633910\n|switch|p2b: Miraidon|Miraidon, L50|100\/100\n|-fieldstart|move: Electric Terrain|[from] ability: Hadron Engine|[of] p2b: Miraidon\n|turn|5\n|inactive|hydmkk has 30 seconds left.\n|\n|t:|1738633937\n|switch|p1b: Dragonite|Dragonite, L50, F|43\/100\n|-terastallize|p2b: Miraidon|Fairy\n|move|p2b: Miraidon|Dazzling Gleam|p1a: Rillaboom|[spread] p1a,p1b\n|-supereffective|p1b: Dragonite\n|-damage|p1a: Rillaboom|46\/100\n|-damage|p1b: Dragonite|0 fnt\n|faint|p1b: Dragonite\n|move|p2a: Tatsugiri|Muddy Water|p1a: Rillaboom\n|-resisted|p1a: Rillaboom\n|-damage|p1a: Rillaboom|35\/100\n|move|p1a: Rillaboom|U-turn|p2b: Miraidon\n|-resisted|p2b: Miraidon\n|-damage|p2b: Miraidon|89\/100\n|\n|t:|1738633953\n|switch|p1a: Calyrex|Calyrex-Shadow, L50, tera:Grass|100\/100|[from] U-turn\n|-ability|p1a: Calyrex|As One\n|-ability|p1a: Calyrex|Unnerve\n|\n|upkeep\n|\n|t:|1738633961\n|switch|p1b: Rillaboom|Rillaboom, L50, M|35\/100\n|-fieldstart|move: Grassy Terrain|[from] ability: Grassy Surge|[of] p1b: Rillaboom\n|turn|6\n|\n|t:|1738633969\n|move|p1b: Rillaboom|Grassy Glide|p2a: Tatsugiri\n|-damage|p2a: Tatsugiri|60\/100\n|move|p1a: Calyrex|Astral Barrage|p2b: Miraidon|[spread] p2a,p2b\n|-damage|p2a: Tatsugiri|0 fnt\n|-damage|p2b: Miraidon|37\/100\n|faint|p2a: Tatsugiri\n|-ability|p1a: Calyrex|Grim Neigh|boost\n|-boost|p1a: Calyrex|spa|1\n|move|p2b: Miraidon|Dazzling Gleam|p1b: Rillaboom|[spread] p1a,p1b\n|-damage|p1a: Calyrex|52\/100\n|-damage|p1b: Rillaboom|5\/100\n|\n|-heal|p1a: Calyrex|58\/100|[from] Grassy Terrain\n|-heal|p2b: Miraidon|43\/100|[from] Grassy Terrain\n|-heal|p1b: Rillaboom|11\/100|[from] Grassy Terrain\n|upkeep\n|turn|7\n|-message|hydmkk forfeited.\n|\n|win|Ayae.Hakamada\n|raw|Ayae.Hakamada's rating: 1542 &rarr; <strong>1565<\/strong><br \/>(+23 for winning)\n|raw|hydmkk's rating: 1591 &rarr; <strong>1568<\/strong><br \/>(-23 for losing)\n|l|\u2606hydmkk\n|player|p2|\n|l| PandaoftheClouds\n|l|\u2606Ayae.Hakamada\n|player|p1|\n|l| MillerH33\n","uploadtime":1738634150,"views":17,"formatid":"gen9vgc2025regg","rating":1565,"private":0,"password":null}