{"id":"gen9vgc2025regg-2293923890","format":"[Gen 9] VGC 2025 Reg G","players":["hydmkk","Psymun09"],"log":"|j|\u2606hydmkk\n|j|\u2606Psymun09\n|t:|1738631826\n|gametype|doubles\n|player|p1|hydmkk|bruno|1559\n|player|p2|Psymun09|266|1562\n|teamsize|p1|6\n|teamsize|p2|6\n|gen|9\n|tier|[Gen 9] VGC 2025 Reg G\n|rated|\n|rule|Species Clause: Limit one of each Pok\u00e9mon\n|rule|Item Clause: Limit 1 of each item\n|clearpoke\n|poke|p1|Miraidon, L50|\n|poke|p1|Dondozo, L50, F|\n|poke|p1|Tatsugiri-Droopy, L50, M|\n|poke|p1|Flutter Mane, L50|\n|poke|p1|Chi-Yu, L50|\n|poke|p1|Rillaboom, L50, F|\n|poke|p2|Annihilape, L50, M|\n|poke|p2|Whimsicott, L50, F|\n|poke|p2|Archaludon, L50, F|\n|poke|p2|Amoonguss, L50, M|\n|poke|p2|Kyogre, L50|\n|poke|p2|Grimmsnarl, L50, M|\n|teampreview|4\n|\n|t:|1738631841\n|start\n|switch|p1a: Miraidon|Miraidon, L50|100\/100\n|switch|p1b: Dondozo|Dondozo, L50, F|100\/100\n|switch|p2a: Annihilape|Annihilape, L50, M, shiny|100\/100\n|switch|p2b: Whimsicott|Whimsicott, L50, F, shiny|100\/100\n|-fieldstart|move: Electric Terrain|[from] ability: Hadron Engine|[of] p1a: Miraidon\n|turn|1\n|inactive|Battle timer is ON: inactive players will automatically lose when time's up. (requested by Psymun09)\n|\n|t:|1738631857\n|move|p2a: Annihilape|Protect|p2a: Annihilape\n|-singleturn|p2a: Annihilape|Protect\n|move|p1b: Dondozo|Protect|p1b: Dondozo\n|-singleturn|p1b: Dondozo|Protect\n|move|p2b: Whimsicott|Tailwind|p2b: Whimsicott\n|-sidestart|p2: Psymun09|move: Tailwind\n|move|p1a: Miraidon|Dazzling Gleam|p2b: Whimsicott|[spread] p2b\n|-activate|p2a: Annihilape|move: Protect\n|-damage|p2b: Whimsicott|35\/100\n|\n|upkeep\n|turn|2\n|inactive|hydmkk has 30 seconds left.\n|j| Kaiju Krush\n|inactive|hydmkk has 20 seconds left.\n|inactive|hydmkk has 15 seconds left.\n|\n|t:|1738631899\n|switch|p1b: Chi-Yu|Chi-Yu, L50|100\/100\n|-ability|p1b: Chi-Yu|Beads of Ruin\n|-terastallize|p2a: Annihilape|Fire\n|move|p2b: Whimsicott|Encore|p1b: Chi-Yu\n|-hint|Since gen 7, Dark is immune to Prankster moves.\n|-immune|p1b: Chi-Yu\n|move|p2a: Annihilape|Rage Fist|p1a: Miraidon\n|-damage|p1a: Miraidon|74\/100\n|move|p1a: Miraidon|Dazzling Gleam|p2b: Whimsicott|[spread] p2a,p2b\n|-resisted|p2a: Annihilape\n|-damage|p2a: Annihilape|78\/100\n|-damage|p2b: Whimsicott|0 fnt\n|faint|p2b: Whimsicott\n|\n|-heal|p2a: Annihilape|85\/100|[from] item: Leftovers\n|upkeep\n|\n|t:|1738631914\n|switch|p2b: Kyogre|Kyogre, L50, shiny|100\/100\n|-weather|RainDance|[from] ability: Drizzle|[of] p2b: Kyogre\n|turn|3\n|\n|t:|1738631925\n|switch|p1b: Dondozo|Dondozo, L50, F|100\/100\n|switch|p1a: Tatsugiri|Tatsugiri-Droopy, L50, M|100\/100\n|-activate|p1a: Tatsugiri|ability: Commander|[of] p1b: Dondozo\n|-boost|p1b: Dondozo|atk|2\n|-boost|p1b: Dondozo|spa|2\n|-boost|p1b: Dondozo|spe|2\n|-boost|p1b: Dondozo|def|2\n|-boost|p1b: Dondozo|spd|2\n|move|p2b: Kyogre|Water Spout|p1b: Dondozo|[spread] p1b\n|-miss|p2b: Kyogre|p1a: Tatsugiri\n|-resisted|p1b: Dondozo\n|-damage|p1b: Dondozo|69\/100\n|move|p2a: Annihilape|Rage Fist|p1a: Tatsugiri|[miss]\n|-miss|p2a: Annihilape|p1a: Tatsugiri\n|\n|-weather|RainDance|[upkeep]\n|-heal|p2a: Annihilape|91\/100|[from] item: Leftovers\n|upkeep\n|turn|4\n|j| PandaoftheClouds\n|inactive|Psymun09 has 30 seconds left.\n|inactive|Psymun09 has 20 seconds left.\n|\n|t:|1738631965\n|move|p1b: Dondozo|Protect|p1b: Dondozo\n|-singleturn|p1b: Dondozo|Protect\n|move|p2b: Kyogre|Thunder|p1b: Dondozo\n|-activate|p1b: Dondozo|move: Protect\n|move|p2a: Annihilape|Rage Fist|p1b: Dondozo\n|-activate|p1b: Dondozo|move: Protect\n|\n|-weather|RainDance|[upkeep]\n|-heal|p2a: Annihilape|97\/100|[from] item: Leftovers\n|-sideend|p2: Psymun09|move: Tailwind\n|upkeep\n|turn|5\n|\n|t:|1738631974\n|switch|p2a: Amoonguss|Amoonguss, L50, M, shiny|100\/100\n|move|p1b: Dondozo|Earthquake|p2b: Kyogre|[spread] p2a,p2b\n|-miss|p1b: Dondozo|p1a: Tatsugiri\n|-damage|p2a: Amoonguss|62\/100\n|-damage|p2b: Kyogre|48\/100\n|move|p2b: Kyogre|Thunder|p1b: Dondozo\n|-supereffective|p1b: Dondozo\n|-damage|p1b: Dondozo|11\/100\n|\n|-weather|RainDance|[upkeep]\n|-fieldend|move: Electric Terrain\n|upkeep\n|turn|6\n|inactive|Psymun09 has 30 seconds left.\n|inactive|Psymun09 has 20 seconds left.\n|inactive|Psymun09 has 15 seconds left.\n|\n|t:|1738632014\n|-terastallize|p1b: Dondozo|Ice\n|move|p2b: Kyogre|Protect|p2b: Kyogre\n|-singleturn|p2b: Kyogre|Protect\n|move|p1b: Dondozo|Tera Blast|p2a: Amoonguss|[anim] Tera Blast Ice\n|-supereffective|p2a: Amoonguss\n|-damage|p2a: Amoonguss|0 fnt\n|faint|p2a: Amoonguss\n|\n|-weather|RainDance|[upkeep]\n|upkeep\n|\n|t:|1738632021\n|switch|p2a: Annihilape|Annihilape, L50, M, shiny, tera:Fire|97\/100\n|turn|7\n|\n|t:|1738632031\n|move|p1b: Dondozo|Protect|p1b: Dondozo\n|-singleturn|p1b: Dondozo|Protect\n|move|p2b: Kyogre|Origin Pulse|p1a: Tatsugiri|[spread] \n|-miss|p2b: Kyogre|p1a: Tatsugiri\n|-activate|p1b: Dondozo|move: Protect\n|move|p2a: Annihilape|Rage Fist|p1b: Dondozo\n|-activate|p1b: Dondozo|move: Protect\n|\n|-weather|none\n|-heal|p2a: Annihilape|100\/100|[from] item: Leftovers\n|upkeep\n|turn|8\n|\n|t:|1738632042\n|move|p1b: Dondozo|Earthquake|p2a: Annihilape|[spread] p2a,p2b\n|-miss|p1b: Dondozo|p1a: Tatsugiri\n|-supereffective|p2a: Annihilape\n|-damage|p2a: Annihilape|9\/100\n|-damage|p2b: Kyogre|0 fnt\n|faint|p2b: Kyogre\n|move|p2a: Annihilape|Rage Fist|p1b: Dondozo\n|-damage|p1b: Dondozo|0 fnt\n|faint|p1b: Dondozo\n|\n|-heal|p2a: Annihilape|15\/100|[from] item: Leftovers\n|upkeep\n|\n|t:|1738632046\n|switch|p1b: Miraidon|Miraidon, L50|74\/100\n|-fieldstart|move: Electric Terrain|[from] ability: Hadron Engine|[of] p1b: Miraidon\n|turn|9\n|\n|t:|1738632067\n|move|p2a: Annihilape|Protect|p2a: Annihilape\n|-singleturn|p2a: Annihilape|Protect\n|move|p1b: Miraidon|Electro Drift|p2a: Annihilape\n|-activate|p2a: Annihilape|move: Protect\n|move|p1a: Tatsugiri|Muddy Water|p2a: Annihilape\n|-activate|p2a: Annihilape|move: Protect\n|\n|-heal|p2a: Annihilape|22\/100|[from] item: Leftovers\n|upkeep\n|turn|10\n|-message|Psymun09 forfeited.\n|\n|win|hydmkk\n|raw|hydmkk's rating: 1559 &rarr; <strong>1579<\/strong><br \/>(+20 for winning)\n|raw|Psymun09's rating: 1562 &rarr; <strong>1542<\/strong><br \/>(-20 for losing)\n|l|\u2606Psymun09\n|player|p2|\n|l|\u2606hydmkk\n|player|p1|\n|l| Kaiju Krush\n|l| PandaoftheClouds\n","uploadtime":1738632335,"views":5,"formatid":"gen9vgc2025regg","rating":1542,"private":0,"password":null}