{"id":"gen9vgc2025regg-2293997656","format":"[Gen 9] VGC 2025 Reg G","players":["Bbjhots","lawfoolio"],"log":"|j|\u2606Bbjhots\n|j|\u2606lawfoolio\n|t:|1738641675\n|gametype|doubles\n|player|p1|Bbjhots|2|1551\n|player|p2|lawfoolio|265|1593\n|teamsize|p1|6\n|teamsize|p2|6\n|gen|9\n|tier|[Gen 9] VGC 2025 Reg G\n|rated|\n|rule|Species Clause: Limit one of each Pok\u00e9mon\n|rule|Item Clause: Limit 1 of each item\n|clearpoke\n|poke|p1|Koraidon, L50|\n|poke|p1|Flutter Mane, L50|\n|poke|p1|Brute Bonnet, L50|\n|poke|p1|Indeedee-F, L50, F|\n|poke|p1|Gouging Fire, L50|\n|poke|p1|Walking Wake, L50|\n|poke|p2|Zamazenta-*, L50|\n|poke|p2|Entei, L50|\n|poke|p2|Flutter Mane, L50|\n|poke|p2|Chien-Pao, L50|\n|poke|p2|Amoonguss, L50, F|\n|poke|p2|Ditto, L50|\n|teampreview|4\n|inactive|Battle timer is ON: inactive players will automatically lose when time's up. (requested by lawfoolio)\n|inactive|Bbjhots also wants the timer to be on.\n|\n|t:|1738641707\n|start\n|switch|p1a: Koraidon|Koraidon, L50|100\/100\n|switch|p1b: Walking Wake|Walking Wake, L50|100\/100\n|switch|p2a: Ditto|Ditto, L50|100\/100\n|switch|p2b: Entei|Entei, L50|100\/100\n|-weather|SunnyDay|[from] ability: Orichalcum Pulse|[of] p1a: Koraidon\n|-activate|p1b: Walking Wake|ability: Protosynthesis\n|-start|p1b: Walking Wake|protosynthesisspa\n|-activate|p1a: Koraidon|Orichalcum Pulse|[source]\n|-transform|p2a: Ditto|p1b: Walking Wake|[from] ability: Imposter\n|turn|1\n|inactive|lawfoolio has 30 seconds left.\n|inactive|lawfoolio has 20 seconds left.\n|\n|t:|1738641748\n|-terastallize|p2b: Entei|Normal\n|move|p1a: Koraidon|Protect|p1a: Koraidon\n|-singleturn|p1a: Koraidon|Protect\n|move|p1b: Walking Wake|Protect|p1b: Walking Wake\n|-singleturn|p1b: Walking Wake|Protect\n|move|p2b: Entei|Extreme Speed|p1b: Walking Wake\n|-activate|p1b: Walking Wake|move: Protect\n|move|p2a: Ditto|Draco Meteor|p1a: Koraidon\n|-activate|p1a: Koraidon|move: Protect\n|\n|-weather|SunnyDay|[upkeep]\n|upkeep\n|turn|2\n|\n|t:|1738641766\n|-end|p1b: Walking Wake|Protosynthesis|[silent]\n|switch|p1b: Indeedee|Indeedee-F, L50, F|100\/100\n|-fieldstart|move: Psychic Terrain|[from] ability: Psychic Surge|[of] p1b: Indeedee\n|-enditem|p1b: Indeedee|Psychic Seed\n|-boost|p1b: Indeedee|spd|1|[from] item: Psychic Seed\n|-terastallize|p1a: Koraidon|Fire\n|move|p2b: Entei|Extreme Speed|p1a: Koraidon\n|-activate|p1a: Koraidon|move: Psychic Terrain\n|move|p1a: Koraidon|Collision Course|p2a: Ditto\n|-damage|p2a: Ditto|4\/100\n|move|p2a: Ditto|Draco Meteor|p1b: Indeedee\n|-damage|p1b: Indeedee|60\/100\n|-unboost|p2a: Ditto|spa|2\n|\n|-weather|SunnyDay|[upkeep]\n|upkeep\n|turn|3\n|inactive|Bbjhots has 30 seconds left.\n|\n|t:|1738641794\n|switch|p2b: Chien-Pao|Chien-Pao, L50|100\/100\n|-ability|p2b: Chien-Pao|Sword of Ruin\n|move|p1a: Koraidon|Flare Blitz|p2b: Chien-Pao\n|-supereffective|p2b: Chien-Pao\n|-crit|p2b: Chien-Pao\n|-enditem|p2b: Chien-Pao|Focus Sash\n|-damage|p2b: Chien-Pao|1\/100\n|-damage|p1a: Koraidon|74\/100|[from] Recoil\n|move|p2a: Ditto|Hydro Steam|p1b: Indeedee\n|-damage|p1b: Indeedee|39\/100\n|move|p1b: Indeedee|Psychic|p2b: Chien-Pao\n|-immune|p2b: Chien-Pao\n|\n|-weather|SunnyDay|[upkeep]\n|upkeep\n|turn|4\n|\n|t:|1738641809\n|move|p1b: Indeedee|Follow Me|p1b: Indeedee\n|-singleturn|p1b: Indeedee|move: Follow Me\n|move|p2b: Chien-Pao|Throat Chop|p1b: Indeedee\n|-supereffective|p1b: Indeedee\n|-damage|p1b: Indeedee|0 fnt\n|faint|p1b: Indeedee\n|move|p1a: Koraidon|Flame Charge|p2a: Ditto\n|-resisted|p2a: Ditto\n|-damage|p2a: Ditto|0 fnt\n|-boost|p1a: Koraidon|spe|1\n|faint|p2a: Ditto\n|-end|p2a: Ditto|Protosynthesis|[silent]\n|\n|-weather|SunnyDay|[upkeep]\n|upkeep\n|\n|t:|1738641821\n|switch|p2a: Zamazenta|Zamazenta-Crowned, L50|100\/100\n|switch|p1b: Flutter Mane|Flutter Mane, L50, shiny|100\/100\n|-ability|p2a: Zamazenta|Dauntless Shield|boost\n|-boost|p2a: Zamazenta|def|1\n|-activate|p1b: Flutter Mane|ability: Protosynthesis\n|-start|p1b: Flutter Mane|protosynthesisspe\n|turn|5\n|\n|t:|1738641832\n|move|p2a: Zamazenta|Protect|p2a: Zamazenta\n|-singleturn|p2a: Zamazenta|Protect\n|move|p2b: Chien-Pao|Sucker Punch|p1a: Koraidon\n|-activate|p1a: Koraidon|move: Psychic Terrain\n|move|p1b: Flutter Mane|Icy Wind|p2b: Chien-Pao|[spread] p2b\n|-activate|p2a: Zamazenta|move: Protect\n|-resisted|p2b: Chien-Pao\n|-damage|p2b: Chien-Pao|0 fnt\n|faint|p2b: Chien-Pao\n|move|p1a: Koraidon|Collision Course|p2a: Zamazenta\n|-activate|p2a: Zamazenta|move: Protect\n|\n|-weather|none\n|-end|p1b: Flutter Mane|Protosynthesis\n|upkeep\n|\n|t:|1738641839\n|switch|p2b: Entei|Entei, L50, tera:Normal|100\/100\n|turn|6\n|\n|t:|1738641860\n|move|p1a: Koraidon|Collision Course|p2a: Zamazenta\n|-supereffective|p2a: Zamazenta\n|-damage|p2a: Zamazenta|43\/100\n|move|p1b: Flutter Mane|Moonblast|p2b: Entei\n|-damage|p2b: Entei|55\/100\n|move|p2a: Zamazenta|Body Press|p1a: Koraidon\n|-damage|p1a: Koraidon|9\/100\n|move|p2b: Entei|Sacred Fire|p1b: Flutter Mane\n|-enditem|p1b: Flutter Mane|Focus Sash\n|-damage|p1b: Flutter Mane|1\/100\n|\n|-fieldend|move: Psychic Terrain\n|upkeep\n|turn|7\n|j| VelmasJinkies\n|\n|t:|1738641876\n|move|p1a: Koraidon|Collision Course|p2b: Entei\n|-supereffective|p2b: Entei\n|-damage|p2b: Entei|0 fnt\n|faint|p2b: Entei\n|move|p1b: Flutter Mane|Moonblast|p2a: Zamazenta\n|-damage|p2a: Zamazenta|10\/100\n|move|p2a: Zamazenta|Body Press|p1a: Koraidon\n|-damage|p1a: Koraidon|0 fnt\n|faint|p1a: Koraidon\n|\n|upkeep\n|\n|t:|1738641885\n|switch|p1a: Walking Wake|Walking Wake, L50|100\/100\n|turn|8\n|-message|lawfoolio forfeited.\n|\n|win|Bbjhots\n|raw|Bbjhots's rating: 1551 &rarr; <strong>1573<\/strong><br \/>(+22 for winning)\n|raw|lawfoolio's rating: 1593 &rarr; <strong>1571<\/strong><br \/>(-22 for losing)\n|l|\u2606lawfoolio\n|player|p2|\n|l|\u2606Bbjhots\n|player|p1|\n","uploadtime":1738641970,"views":6,"formatid":"gen9vgc2025regg","rating":1571,"private":0,"password":null}