{"id":"gen9vgc2025regg-2293107901","format":"[Gen 9] VGC 2025 Reg G","players":["qunqun24","DimensionalFool"],"log":"|j|\u2606qunqun24\n|j|\u203dDimensionalFool\n|t:|1738524551\n|gametype|doubles\n|player|p1|qunqun24|170|1546\n|player|p2|DimensionalFool|266|1633\n|teamsize|p1|6\n|teamsize|p2|6\n|gen|9\n|tier|[Gen 9] VGC 2025 Reg G\n|rated|\n|rule|Species Clause: Limit one of each Pok\u00e9mon\n|rule|Item Clause: Limit 1 of each item\n|clearpoke\n|poke|p1|Calyrex-Shadow, L50|\n|poke|p1|Ting-Lu, L50|\n|poke|p1|Dondozo, L50, M|\n|poke|p1|Urshifu-*, L50, F|\n|poke|p1|Ogerpon-Hearthflame, L50, F|\n|poke|p1|Whimsicott, L50, F|\n|poke|p2|Grimmsnarl, L50, M|\n|poke|p2|Landorus, L50, M|\n|poke|p2|Calyrex-Ice, L50|\n|poke|p2|Pelipper, L50, F|\n|poke|p2|Urshifu-*, L50, M|\n|poke|p2|Rillaboom, L50, M|\n|teampreview|4\n|inactive|Battle timer is ON: inactive players will automatically lose when time's up. (requested by qunqun24)\n|\n|t:|1738524573\n|start\n|switch|p1a: Ting-Lu|Ting-Lu, L50|100\/100\n|switch|p1b: Dondozo|Dondozo, L50, M|100\/100\n|switch|p2a: Urshifu|Urshifu-Rapid-Strike, L50, M|100\/100\n|switch|p2b: Landorus|Landorus, L50, M|100\/100\n|-ability|p1a: Ting-Lu|Vessel of Ruin\n|turn|1\n|\n|t:|1738524588\n|-terastallize|p2b: Landorus|Water\n|-terastallize|p1a: Ting-Lu|Fairy\n|move|p2a: Urshifu|Surging Strikes|p1a: Ting-Lu\n|-crit|p1a: Ting-Lu\n|-damage|p1a: Ting-Lu|89\/100\n|-damage|p2a: Urshifu|84\/100|[from] item: Rocky Helmet|[of] p1a: Ting-Lu\n|-crit|p1a: Ting-Lu\n|-damage|p1a: Ting-Lu|78\/100\n|-damage|p2a: Urshifu|67\/100|[from] item: Rocky Helmet|[of] p1a: Ting-Lu\n|-crit|p1a: Ting-Lu\n|-damage|p1a: Ting-Lu|66\/100\n|-damage|p2a: Urshifu|51\/100|[from] item: Rocky Helmet|[of] p1a: Ting-Lu\n|-hitcount|p1a: Ting-Lu|3\n|move|p2b: Landorus|Sandsear Storm|p1a: Ting-Lu|[spread] p1a\n|-miss|p2b: Landorus|p1b: Dondozo\n|-damage|p1a: Ting-Lu|39\/100\n|move|p1a: Ting-Lu|Stealth Rock|p2b: Landorus\n|-sidestart|p2: DimensionalFool|move: Stealth Rock\n|move|p1b: Dondozo|Yawn|p2b: Landorus\n|-start|p2b: Landorus|move: Yawn|[of] p1b: Dondozo\n|\n|upkeep\n|turn|2\n|\n|t:|1738524611\n|switch|p2b: Calyrex|Calyrex-Ice, L50|100\/100\n|-ability|p2b: Calyrex|As One\n|-ability|p2b: Calyrex|Unnerve\n|-damage|p2b: Calyrex|76\/100|[from] Stealth Rock\n|move|p2a: Urshifu|Surging Strikes|p1a: Ting-Lu\n|-crit|p1a: Ting-Lu\n|-damage|p1a: Ting-Lu|28\/100\n|-damage|p2a: Urshifu|34\/100|[from] item: Rocky Helmet|[of] p1a: Ting-Lu\n|-crit|p1a: Ting-Lu\n|-damage|p1a: Ting-Lu|15\/100\n|-damage|p2a: Urshifu|18\/100|[from] item: Rocky Helmet|[of] p1a: Ting-Lu\n|-crit|p1a: Ting-Lu\n|-damage|p1a: Ting-Lu|3\/100\n|-damage|p2a: Urshifu|1\/100|[from] item: Rocky Helmet|[of] p1a: Ting-Lu\n|-hitcount|p1a: Ting-Lu|3\n|move|p1a: Ting-Lu|Sand Tomb|p2b: Calyrex\n|-damage|p2b: Calyrex|67\/100\n|-activate|p2b: Calyrex|move: Sand Tomb|[of] p1a: Ting-Lu\n|move|p1b: Dondozo|Yawn|p2a: Urshifu\n|-start|p2a: Urshifu|move: Yawn|[of] p1b: Dondozo\n|\n|-damage|p2b: Calyrex|55\/100|[from] move: Sand Tomb|[partiallytrapped]\n|upkeep\n|turn|3\n|j| jdarcan\n|\n|t:|1738524635\n|move|p2a: Urshifu|Surging Strikes|p1b: Dondozo\n|-resisted|p1b: Dondozo\n|-crit|p1b: Dondozo\n|-damage|p1b: Dondozo|94\/100\n|-resisted|p1b: Dondozo\n|-crit|p1b: Dondozo\n|-damage|p1b: Dondozo|87\/100\n|-resisted|p1b: Dondozo\n|-crit|p1b: Dondozo\n|-damage|p1b: Dondozo|81\/100\n|-hitcount|p1b: Dondozo|3\n|move|p2b: Calyrex|Glacial Lance|p1a: Ting-Lu|[spread] p1a,p1b\n|-resisted|p1b: Dondozo\n|-damage|p1a: Ting-Lu|0 fnt\n|-damage|p1b: Dondozo|64\/100\n|faint|p1a: Ting-Lu\n|-ability|p2b: Calyrex|Chilling Neigh|boost\n|-boost|p2b: Calyrex|atk|1\n|move|p1b: Dondozo|Yawn|p2b: Calyrex\n|-start|p2b: Calyrex|move: Yawn|[of] p1b: Dondozo\n|\n|-heal|p1b: Dondozo|70\/100|[from] item: Leftovers\n|-end|p2b: Calyrex|Sand Tomb|[partiallytrapped]|[silent]\n|-end|p2a: Urshifu|move: Yawn|[silent]\n|-status|p2a: Urshifu|slp\n|upkeep\n|\n|t:|1738524643\n|switch|p1a: Calyrex|Calyrex-Shadow, L50|100\/100\n|-ability|p1a: Calyrex|As One\n|-ability|p1a: Calyrex|Unnerve\n|turn|4\n|\n|t:|1738524662\n|switch|p1b: Urshifu|Urshifu, L50, F|100\/100\n|cant|p2a: Urshifu|slp\n|move|p1a: Calyrex|Astral Barrage|p2a: Urshifu|[spread] p2a,p2b\n|-crit|p2a: Urshifu\n|-supereffective|p2b: Calyrex\n|-damage|p2a: Urshifu|0 fnt\n|-damage|p2b: Calyrex|0 fnt\n|faint|p2a: Urshifu\n|faint|p2b: Calyrex\n|-ability|p1a: Calyrex|Grim Neigh|boost\n|-boost|p1a: Calyrex|spa|2\n|-damage|p1a: Calyrex|91\/100|[from] item: Life Orb\n|\n|upkeep\n|\n|t:|1738524665\n|switch|p2a: Pelipper|Pelipper, L50, F|100\/100\n|switch|p2b: Landorus|Landorus, L50, M, tera:Water|100\/100\n|-damage|p2b: Landorus|88\/100|[from] Stealth Rock\n|-damage|p2a: Pelipper|75\/100|[from] Stealth Rock\n|-weather|RainDance|[from] ability: Drizzle|[of] p2a: Pelipper\n|turn|5\n|\n|t:|1738524671\n|move|p2a: Pelipper|Wide Guard|p2a: Pelipper\n|-singleturn|p2a: Pelipper|Wide Guard\n|move|p1a: Calyrex|Astral Barrage|p2b: Landorus|[spread] \n|-activate|p2a: Pelipper|move: Wide Guard\n|-activate|p2b: Landorus|move: Wide Guard\n|move|p2b: Landorus|Sandsear Storm|p1b: Urshifu|[spread] p1a,p1b\n|-damage|p1a: Calyrex|26\/100\n|-damage|p1b: Urshifu|4\/100\n|move|p1b: Urshifu|Wicked Blow|p2a: Pelipper\n|-crit|p2a: Pelipper\n|-damage|p2a: Pelipper|0 fnt\n|faint|p2a: Pelipper\n|\n|-weather|RainDance|[upkeep]\n|upkeep\n|turn|6\n|\n|t:|1738524683\n|move|p1b: Urshifu|Sucker Punch|p2b: Landorus\n|-damage|p2b: Landorus|40\/100\n|move|p1a: Calyrex|Astral Barrage|p2b: Landorus\n|-damage|p2b: Landorus|0 fnt\n|faint|p2b: Landorus\n|-damage|p1a: Calyrex|16\/100|[from] item: Life Orb\n|\n|win|qunqun24\n|raw|qunqun24's rating: 1546 &rarr; <strong>1571<\/strong><br \/>(+25 for winning)\n|raw|DimensionalFool's rating: 1633 &rarr; <strong>1608<\/strong><br \/>(-25 for losing)\n|l|\u203dDimensionalFool\n|player|p2|\n|l|\u2606qunqun24\n|player|p1|\n","uploadtime":1738524880,"views":8,"formatid":"gen9vgc2025regg","rating":1571,"private":0,"password":null}