{"id":"gen9vgc2025regg-2293978290","format":"[Gen 9] VGC 2025 Reg G","players":["hdoot","massson"],"log":"|j|\u2606hdoot\n|j|\u2606massson\n|t:|1738638985\n|gametype|doubles\n|player|p1|hdoot|cilan|1613\n|player|p2|massson|1|1561\n|teamsize|p1|6\n|teamsize|p2|6\n|gen|9\n|tier|[Gen 9] VGC 2025 Reg G\n|rated|\n|rule|Species Clause: Limit one of each Pok\u00e9mon\n|rule|Item Clause: Limit 1 of each item\n|clearpoke\n|poke|p1|Groudon, L50|\n|poke|p1|Iron Valiant, L50|\n|poke|p1|Sableye, L50, M|\n|poke|p1|Chien-Pao, L50|\n|poke|p1|Ogerpon-Cornerstone, L50, F|\n|poke|p1|Rillaboom, L50, M|\n|poke|p2|Chi-Yu, L50|\n|poke|p2|Calyrex-Shadow, L50|\n|poke|p2|Tornadus, L50, M|\n|poke|p2|Urshifu-*, L50, F|\n|poke|p2|Rillaboom, L50, F|\n|poke|p2|Farigiraf, L50, M|\n|teampreview|4\n|inactive|Battle timer is ON: inactive players will automatically lose when time's up. (requested by hdoot)\n|j| Salvato1902V\n|\n|t:|1738639029\n|start\n|switch|p1a: Chien-Pao|Chien-Pao, L50|100\/100\n|switch|p1b: Ogerpon|Ogerpon-Cornerstone, L50, F|100\/100\n|switch|p2a: Tornadus|Tornadus, L50, M|100\/100\n|switch|p2b: Chi-Yu|Chi-Yu, L50|100\/100\n|-ability|p2b: Chi-Yu|Beads of Ruin\n|-ability|p1a: Chien-Pao|Sword of Ruin\n|turn|1\n|\n|t:|1738639053\n|move|p2a: Tornadus|Tailwind|p2a: Tornadus\n|-sidestart|p2: massson|move: Tailwind\n|move|p2b: Chi-Yu|Heat Wave|p1b: Ogerpon|[spread] p1a,p1b\n|-supereffective|p1a: Chien-Pao\n|-enditem|p1a: Chien-Pao|Focus Sash\n|-damage|p1a: Chien-Pao|1\/100\n|-damage|p1b: Ogerpon|39\/100\n|move|p1a: Chien-Pao|Icicle Crash|p2a: Tornadus|[miss]\n|-miss|p1a: Chien-Pao|p2a: Tornadus\n|move|p1b: Ogerpon|Ivy Cudgel|p2b: Chi-Yu|[anim] Ivy Cudgel Rock\n|-supereffective|p2b: Chi-Yu\n|-damage|p2b: Chi-Yu|0 fnt\n|faint|p2b: Chi-Yu\n|\n|upkeep\n|\n|t:|1738639071\n|switch|p2b: Rillaboom|Rillaboom, L50, F|100\/100\n|-fieldstart|move: Grassy Terrain|[from] ability: Grassy Surge|[of] p2b: Rillaboom\n|turn|2\n|inactive|massson has 30 seconds left.\n|\n|t:|1738639098\n|move|p1a: Chien-Pao|Protect|p1a: Chien-Pao\n|-singleturn|p1a: Chien-Pao|Protect\n|move|p1b: Ogerpon|Spiky Shield|p1b: Ogerpon\n|-singleturn|p1b: Ogerpon|move: Protect\n|move|p2a: Tornadus|Bleakwind Storm|p1a: Chien-Pao|[spread] \n|-activate|p1a: Chien-Pao|move: Protect\n|-activate|p1b: Ogerpon|move: Protect\n|move|p2b: Rillaboom|Wood Hammer|p1b: Ogerpon\n|-activate|p1b: Ogerpon|move: Protect\n|-damage|p2b: Rillaboom|88\/100|[from] Spiky Shield|[of] p1b: Ogerpon\n|\n|-heal|p2b: Rillaboom|94\/100|[from] Grassy Terrain\n|-heal|p1a: Chien-Pao|7\/100|[from] Grassy Terrain\n|-heal|p1b: Ogerpon|44\/100|[from] Grassy Terrain\n|upkeep\n|turn|3\n|\n|t:|1738639120\n|switch|p1b: Sableye|Sableye, L50, M|100\/100\n|move|p1a: Chien-Pao|Ice Shard|p2a: Tornadus\n|-supereffective|p2a: Tornadus\n|-damage|p2a: Tornadus|46\/100\n|move|p2a: Tornadus|Bleakwind Storm|p1a: Chien-Pao|[spread] p1a,p1b\n|-damage|p1a: Chien-Pao|0 fnt\n|-damage|p1b: Sableye|58\/100\n|faint|p1a: Chien-Pao\n|-enditem|p1b: Sableye|Eject Button\n|\n|t:|1738639132\n|switch|p1b: Ogerpon|Ogerpon-Cornerstone, L50, F|44\/100\n|move|p2b: Rillaboom|Wood Hammer|p1b: Ogerpon\n|-damage|p1b: Ogerpon|0 fnt\n|faint|p1b: Ogerpon\n|-damage|p2b: Rillaboom|83\/100|[from] Recoil\n|\n|-heal|p2b: Rillaboom|89\/100|[from] Grassy Terrain\n|upkeep\n|\n|t:|1738639135\n|switch|p1a: Groudon|Groudon, L50, shiny|100\/100\n|switch|p1b: Sableye|Sableye, L50, M|58\/100\n|-weather|SunnyDay|[from] ability: Drought|[of] p1a: Groudon\n|turn|4\n|\n|t:|1738639159\n|-terastallize|p1a: Groudon|Ground\n|move|p2a: Tornadus|Rain Dance|p2a: Tornadus\n|-weather|RainDance\n|move|p1b: Sableye|Gravity|p1b: Sableye\n|-fieldstart|move: Gravity\n|move|p2b: Rillaboom|Wood Hammer|p1a: Groudon\n|-supereffective|p1a: Groudon\n|-damage|p1a: Groudon|0 fnt\n|faint|p1a: Groudon\n|-damage|p2b: Rillaboom|59\/100|[from] Recoil\n|\n|-weather|RainDance|[upkeep]\n|-heal|p2a: Tornadus|52\/100|[from] Grassy Terrain\n|-heal|p2b: Rillaboom|65\/100|[from] Grassy Terrain\n|-heal|p1b: Sableye|64\/100|[from] Grassy Terrain\n|-sideend|p2: massson|move: Tailwind\n|upkeep\n|turn|5\n|\n|t:|1738639177\n|move|p1b: Sableye|Encore|p2a: Tornadus\n|-start|p2a: Tornadus|Encore\n|move|p2a: Tornadus|Rain Dance||[still]\n|-fail|p2a: Tornadus\n|move|p2b: Rillaboom|Wood Hammer|p1b: Sableye\n|-damage|p1b: Sableye|0 fnt\n|faint|p1b: Sableye\n|-damage|p2b: Rillaboom|48\/100|[from] Recoil\n|\n|win|massson\n|raw|hdoot's rating: 1613 &rarr; <strong>1590<\/strong><br \/>(-23 for losing)\n|raw|massson's rating: 1561 &rarr; <strong>1584<\/strong><br \/>(+23 for winning)\n|l|\u2606hdoot\n|player|p1|\n|l| Salvato1902V\n|l|\u2606massson\n|player|p2|\n","uploadtime":1738639317,"views":10,"formatid":"gen9vgc2025regg","rating":1584,"private":0,"password":null}