{"id":"gen9vgc2025regg-2293611701","format":"[Gen 9] VGC 2025 Reg G","players":["trchlt1","Vouldoon"],"log":"|j|\u2606trchlt1\n|j|\u2606Vouldoon\n|t:|1738598002\n|gametype|doubles\n|player|p1|trchlt1|1|1603\n|player|p2|Vouldoon|170|1679\n|teamsize|p1|6\n|teamsize|p2|6\n|gen|9\n|tier|[Gen 9] VGC 2025 Reg G\n|rated|\n|rule|Species Clause: Limit one of each Pok\u00e9mon\n|rule|Item Clause: Limit 1 of each item\n|clearpoke\n|poke|p1|Chi-Yu, L50|\n|poke|p1|Regidrago, L50|\n|poke|p1|Zacian-*, L50|\n|poke|p1|Tornadus, L50, M|\n|poke|p1|Rillaboom, L50, M|\n|poke|p1|Farigiraf, L50, M|\n|poke|p2|Arcanine-Hisui, L50, F|\n|poke|p2|Rillaboom, L50, F|\n|poke|p2|Calyrex-Shadow, L50|\n|poke|p2|Roaring Moon, L50|\n|poke|p2|Dragonite, L50, M|\n|poke|p2|Lucario, L50, M|\n|teampreview|4\n|inactive|Battle timer is ON: inactive players will automatically lose when time's up. (requested by trchlt1)\n|inactive|Vouldoon has 60 seconds left.\n|j| waldo is real\n|\n|t:|1738598071\n|start\n|switch|p1a: Tornadus|Tornadus, L50, M|100\/100\n|switch|p1b: Regidrago|Regidrago, L50|100\/100\n|switch|p2a: Roaring Moon|Roaring Moon, L50|100\/100\n|switch|p2b: Calyrex|Calyrex-Shadow, L50|100\/100\n|-ability|p2b: Calyrex|As One\n|-ability|p2b: Calyrex|Unnerve\n|-enditem|p2a: Roaring Moon|Booster Energy\n|-activate|p2a: Roaring Moon|ability: Protosynthesis|[fromitem]\n|-start|p2a: Roaring Moon|protosynthesisspe\n|turn|1\n|\n|t:|1738598083\n|-terastallize|p2b: Calyrex|Fairy\n|move|p2a: Roaring Moon|Protect|p2a: Roaring Moon\n|-singleturn|p2a: Roaring Moon|Protect\n|move|p1a: Tornadus|Tailwind|p1a: Tornadus\n|-sidestart|p1: trchlt1|move: Tailwind\n|move|p1b: Regidrago|Dragon Energy|p2b: Calyrex|[spread] \n|-activate|p2a: Roaring Moon|move: Protect\n|-immune|p2b: Calyrex\n|move|p2b: Calyrex|Tera Blast|p1b: Regidrago|[anim] Tera Blast Fairy\n|-supereffective|p1b: Regidrago\n|-damage|p1b: Regidrago|0 fnt\n|faint|p1b: Regidrago\n|-ability|p2b: Calyrex|Grim Neigh|boost\n|-boost|p2b: Calyrex|spa|1\n|\n|upkeep\n|\n|t:|1738598088\n|switch|p1b: Zacian|Zacian-Crowned, L50|100\/100\n|-ability|p1b: Zacian|Intrepid Sword|boost\n|-boost|p1b: Zacian|atk|1\n|turn|2\n|\n|t:|1738598095\n|move|p1b: Zacian|Play Rough|p2a: Roaring Moon\n|-supereffective|p2a: Roaring Moon\n|-damage|p2a: Roaring Moon|0 fnt\n|faint|p2a: Roaring Moon\n|-end|p2a: Roaring Moon|Protosynthesis|[silent]\n|move|p1a: Tornadus|Bleakwind Storm|p2b: Calyrex\n|-damage|p2b: Calyrex|59\/100\n|-unboost|p2b: Calyrex|spe|1\n|move|p2b: Calyrex|Astral Barrage|p1a: Tornadus|[spread] p1a,p1b\n|-damage|p1a: Tornadus|0 fnt\n|-damage|p1b: Zacian|28\/100\n|faint|p1a: Tornadus\n|-ability|p2b: Calyrex|Grim Neigh|boost\n|-boost|p2b: Calyrex|spa|1\n|\n|upkeep\n|\n|t:|1738598109\n|switch|p2a: Arcanine|Arcanine-Hisui, L50, F|100\/100\n|switch|p1a: Farigiraf|Farigiraf, L50, M|100\/100\n|-ability|p2a: Arcanine|Intimidate|boost\n|-unboost|p1a: Farigiraf|atk|1\n|-unboost|p1b: Zacian|atk|1\n|turn|3\n|\n|t:|1738598128\n|move|p1b: Zacian|Protect|p1b: Zacian\n|-singleturn|p1b: Zacian|Protect\n|move|p1a: Farigiraf|Foul Play|p2a: Arcanine\n|-damage|p2a: Arcanine|58\/100\n|move|p2b: Calyrex|Tera Blast|p1a: Farigiraf|[anim] Tera Blast Fairy\n|-damage|p1a: Farigiraf|9\/100\n|move|p2a: Arcanine|Flare Blitz|p1b: Zacian\n|-activate|p1b: Zacian|move: Protect\n|\n|upkeep\n|turn|4\n|\n|t:|1738598150\n|-terastallize|p1a: Farigiraf|Dark\n|move|p1b: Zacian|Behemoth Blade|p2b: Calyrex\n|-supereffective|p2b: Calyrex\n|-damage|p2b: Calyrex|0 fnt\n|faint|p2b: Calyrex\n|move|p1a: Farigiraf|Foul Play|p2a: Arcanine\n|-damage|p2a: Arcanine|0 fnt\n|faint|p2a: Arcanine\n|\n|-sideend|p1: trchlt1|move: Tailwind\n|upkeep\n|\n|t:|1738598154\n|switch|p2b: Lucario|Lucario, L50, M|100\/100\n|turn|5\n|inactive|trchlt1 has 30 seconds left.\n|\n|t:|1738598183\n|move|p1b: Zacian|Behemoth Blade|p2b: Lucario\n|-resisted|p2b: Lucario\n|-damage|p2b: Lucario|54\/100\n|move|p2b: Lucario|Aura Sphere|p1b: Zacian\n|-damage|p1b: Zacian|0 fnt\n|faint|p1b: Zacian\n|move|p1a: Farigiraf|Psychic Noise|p2b: Lucario\n|-damage|p2b: Lucario|5\/100\n|-start|p2b: Lucario|move: Heal Block\n|\n|upkeep\n|turn|6\n|\n|t:|1738598195\n|move|p2b: Lucario|Aura Sphere|p1a: Farigiraf\n|-supereffective|p1a: Farigiraf\n|-damage|p1a: Farigiraf|0 fnt\n|faint|p1a: Farigiraf\n|\n|win|Vouldoon\n|raw|trchlt1's rating: 1603 &rarr; <strong>1587<\/strong><br \/>(-16 for losing)\n|raw|Vouldoon's rating: 1679 &rarr; <strong>1695<\/strong><br \/>(+16 for winning)\n|l|\u2606trchlt1\n|player|p1|\n|l|\u2606Vouldoon\n|player|p2|\n","uploadtime":1738598430,"views":18,"formatid":"gen9vgc2025regg","rating":1587,"private":0,"password":null}