{"id":"gen9vgc2025regg-2293174096","format":"[Gen 9] VGC 2025 Reg G","players":["Grimmjane","Yung Trav"],"log":"|j|\u2606Grimmjane\n|j|\u2606Yung Trav\n|t:|1738532305\n|gametype|doubles\n|player|p1|Grimmjane|169|1602\n|player|p2|Yung Trav|102|1611\n|teamsize|p1|6\n|teamsize|p2|6\n|gen|9\n|tier|[Gen 9] VGC 2025 Reg G\n|rated|\n|rule|Species Clause: Limit one of each Pok\u00e9mon\n|rule|Item Clause: Limit 1 of each item\n|clearpoke\n|poke|p1|Zacian-*, L50|\n|poke|p1|Entei, L50|\n|poke|p1|Araquanid, L50, M|\n|poke|p1|Brute Bonnet, L50|\n|poke|p1|Tornadus, L50, M|\n|poke|p1|Ditto, L50|\n|poke|p2|Calyrex-Ice, L50|\n|poke|p2|Regidrago, L50|\n|poke|p2|Smeargle, L50, M|\n|poke|p2|Farigiraf, L50, M|\n|poke|p2|Urshifu-*, L50, M|\n|poke|p2|Ogerpon-Cornerstone, L50, F|\n|teampreview|4\n|j| Roman_Legend\n|j| MillerH33\n|inactive|Battle timer is ON: inactive players will automatically lose when time's up. (requested by Grimmjane)\n|\n|t:|1738532351\n|start\n|switch|p1a: Khairo|Zacian-Crowned, L50|100\/100\n|switch|p1b: Brute Bonnet|Brute Bonnet, L50|100\/100\n|switch|p2a: Calyrex|Calyrex-Ice, L50|100\/100\n|switch|p2b: Smeargle|Smeargle, L50, M, shiny|100\/100\n|-ability|p2a: Calyrex|As One\n|-ability|p2a: Calyrex|Unnerve\n|-ability|p1a: Khairo|Intrepid Sword|boost\n|-boost|p1a: Khairo|atk|1\n|turn|1\n|inactive|Grimmjane has 30 seconds left.\n|inactive|Yung Trav has 30 seconds left.\n|inactive|Yung Trav has 20 seconds left.\n|j| VelmasJinkies\n|inactive|Yung Trav has 15 seconds left.\n|inactive|Yung Trav has 10 seconds left.\n|\n|t:|1738532397\n|-terastallize|p1b: Brute Bonnet|Poison\n|-terastallize|p2b: Smeargle|Grass\n|move|p2b: Smeargle|Follow Me|p2b: Smeargle\n|-singleturn|p2b: Smeargle|move: Follow Me\n|move|p1a: Khairo|Behemoth Blade|p2b: Smeargle\n|-enditem|p2b: Smeargle|Focus Sash\n|-damage|p2b: Smeargle|1\/100\n|move|p1b: Brute Bonnet|Spore|p2b: Smeargle\n|-immune|p2b: Smeargle\n|move|p2a: Calyrex|Trick Room|p2a: Calyrex\n|-fieldstart|move: Trick Room|[of] p2a: Calyrex\n|\n|upkeep\n|turn|2\n|\n|t:|1738532420\n|switch|p1a: Entei|Entei, L50|100\/100\n|move|p2b: Smeargle|Decorate|p2a: Calyrex\n|-boost|p2a: Calyrex|atk|2\n|-boost|p2a: Calyrex|spa|2\n|move|p2a: Calyrex|Glacial Lance|p1a: Entei|[spread] p1a,p1b\n|-resisted|p1a: Entei\n|-damage|p1a: Entei|49\/100\n|-damage|p1b: Brute Bonnet|3\/100\n|move|p1b: Brute Bonnet|Crunch|p2a: Calyrex\n|-supereffective|p2a: Calyrex\n|-damage|p2a: Calyrex|53\/100\n|\n|upkeep\n|turn|3\n|\n|t:|1738532440\n|move|p2b: Smeargle|Decorate|p2a: Calyrex\n|-boost|p2a: Calyrex|atk|2\n|-boost|p2a: Calyrex|spa|2\n|move|p2a: Calyrex|Glacial Lance|p1b: Brute Bonnet|[spread] p1a,p1b\n|-resisted|p1a: Entei\n|-damage|p1a: Entei|0 fnt\n|-damage|p1b: Brute Bonnet|0 fnt\n|faint|p1a: Entei\n|faint|p1b: Brute Bonnet\n|-end|p1b: Brute Bonnet|Protosynthesis|[silent]\n|-ability|p2a: Calyrex|Chilling Neigh|boost\n|-boost|p2a: Calyrex|atk|2\n|\n|upkeep\n|\n|t:|1738532444\n|switch|p1b: Araquanid|Araquanid, L50, M|100\/100\n|switch|p1a: Khairo|Zacian-Crowned, L50|100\/100\n|turn|4\n|\n|t:|1738532456\n|move|p1b: Araquanid|Wide Guard|p1b: Araquanid\n|-singleturn|p1b: Araquanid|Wide Guard\n|move|p2b: Smeargle|Spore|p1b: Araquanid\n|-status|p1b: Araquanid|slp|[from] move: Spore\n|move|p2a: Calyrex|High Horsepower|p1a: Khairo\n|-supereffective|p1a: Khairo\n|-damage|p1a: Khairo|0 fnt\n|faint|p1a: Khairo\n|\n|upkeep\n|turn|5\n|j| Therazer456\n|-message|Grimmjane forfeited.\n|\n|win|Yung Trav\n|raw|Grimmjane's rating: 1602 &rarr; <strong>1583<\/strong><br \/>(-19 for losing)\n|raw|Yung Trav's rating: 1611 &rarr; <strong>1630<\/strong><br \/>(+19 for winning)\n|l|\u2606Grimmjane\n|player|p1|\n|l| Roman_Legend\n|l|\u2606Yung Trav\n|player|p2|\n","uploadtime":1738532467,"views":8,"formatid":"gen9vgc2025regg","rating":1583,"private":0,"password":null}