{"id":"gen9vgc2025regg-2293492418","format":"[Gen 9] VGC 2025 Reg G","players":["InWINeroar","CombatWombat925"],"log":"|j|\u2606InWINeroar\n|j|\u2606CombatWombat925\n|t:|1738582137\n|gametype|doubles\n|player|p1|InWINeroar|101|1546\n|player|p2|CombatWombat925|169|1582\n|teamsize|p1|6\n|teamsize|p2|6\n|gen|9\n|tier|[Gen 9] VGC 2025 Reg G\n|rated|\n|rule|Species Clause: Limit one of each Pok\u00e9mon\n|rule|Item Clause: Limit 1 of each item\n|clearpoke\n|poke|p1|Calyrex-Shadow, L50|\n|poke|p1|Urshifu-*, L50, M|\n|poke|p1|Incineroar, L50, F|\n|poke|p1|Rillaboom, L50, F|\n|poke|p1|Ogerpon-Hearthflame, L50, F|\n|poke|p1|Clefairy, L50, F|\n|poke|p2|Zacian-*, L50|\n|poke|p2|Regidrago, L50|\n|poke|p2|Tornadus, L50, M|\n|poke|p2|Urshifu-*, L50, M|\n|poke|p2|Ogerpon-Hearthflame, L50, F|\n|poke|p2|Farigiraf, L50, M|\n|teampreview|4\n|inactive|Battle timer is ON: inactive players will automatically lose when time's up. (requested by InWINeroar)\n|inactive|CombatWombat925 has 60 seconds left.\n|\n|t:|1738582173\n|start\n|switch|p1a: Calyrex|Calyrex-Shadow, L50|100\/100\n|switch|p1b: Clefairy|Clefairy, L50, F|100\/100\n|switch|p2a: Tornadus|Tornadus, L50, M|100\/100\n|switch|p2b: Regidrago|Regidrago, L50|100\/100\n|-ability|p1a: Calyrex|As One\n|-ability|p1a: Calyrex|Unnerve\n|turn|1\n|\n|t:|1738582180\n|-terastallize|p1a: Calyrex|Ghost\n|move|p1b: Clefairy|Helping Hand|p1a: Calyrex\n|-singleturn|p1a: Calyrex|Helping Hand|[of] p1b: Clefairy\n|move|p2b: Regidrago|Protect|p2b: Regidrago\n|-singleturn|p2b: Regidrago|Protect\n|move|p2a: Tornadus|Taunt|p1b: Clefairy\n|-start|p1b: Clefairy|move: Taunt\n|move|p1a: Calyrex|Astral Barrage|p2a: Tornadus|[spread] p2a\n|-activate|p2b: Regidrago|move: Protect\n|-damage|p2a: Tornadus|0 fnt\n|faint|p2a: Tornadus\n|-ability|p1a: Calyrex|Grim Neigh|boost\n|-boost|p1a: Calyrex|spa|1\n|\n|upkeep\n|\n|t:|1738582187\n|switch|p2a: Farigiraf|Farigiraf, L50, M|100\/100\n|turn|2\n|\n|t:|1738582197\n|switch|p1b: Ogerpon|Ogerpon-Hearthflame, L50, F|100\/100\n|-ability|p1b: Ogerpon|Mold Breaker\n|move|p1a: Calyrex|Astral Barrage|p2b: Regidrago|[spread] p2b\n|-immune|p2a: Farigiraf\n|-damage|p2b: Regidrago|0 fnt\n|faint|p2b: Regidrago\n|-ability|p1a: Calyrex|Grim Neigh|boost\n|-boost|p1a: Calyrex|spa|1\n|move|p2a: Farigiraf|Foul Play|p1a: Calyrex\n|-supereffective|p1a: Calyrex\n|-damage|p1a: Calyrex|65\/100\n|\n|upkeep\n|\n|t:|1738582210\n|switch|p2b: Zacian|Zacian-Crowned, L50|100\/100\n|-ability|p2b: Zacian|Intrepid Sword|boost\n|-boost|p2b: Zacian|atk|1\n|turn|3\n|\n|t:|1738582215\n|move|p2b: Zacian|Protect|p2b: Zacian\n|-singleturn|p2b: Zacian|Protect\n|move|p1b: Ogerpon|Follow Me|p1b: Ogerpon\n|-singleturn|p1b: Ogerpon|move: Follow Me\n|move|p1a: Calyrex|Psychic|p2a: Farigiraf\n|-resisted|p2a: Farigiraf\n|-damage|p2a: Farigiraf|45\/100\n|move|p2a: Farigiraf|Trick Room|p2a: Farigiraf\n|-fieldstart|move: Trick Room|[of] p2a: Farigiraf\n|\n|upkeep\n|turn|4\n|\n|t:|1738582227\n|-terastallize|p2b: Zacian|Ground\n|move|p2a: Farigiraf|Helping Hand|p2b: Zacian\n|-singleturn|p2b: Zacian|Helping Hand|[of] p2a: Farigiraf\n|move|p1a: Calyrex|Protect|p1a: Calyrex\n|-singleturn|p1a: Calyrex|Protect\n|move|p1b: Ogerpon|Ivy Cudgel|p2b: Zacian|[anim] Ivy Cudgel Fire\n|-damage|p2b: Zacian|45\/100\n|move|p2b: Zacian|Behemoth Blade|p1a: Calyrex\n|-activate|p1a: Calyrex|move: Protect\n|\n|upkeep\n|turn|5\n|-message|CombatWombat925 forfeited.\n|\n|win|InWINeroar\n|raw|InWINeroar's rating: 1546 &rarr; <strong>1568<\/strong><br \/>(+22 for winning)\n|raw|CombatWombat925's rating: 1582 &rarr; <strong>1560<\/strong><br \/>(-22 for losing)\n|l|\u2606CombatWombat925\n|player|p2|\n|l|\u2606InWINeroar\n|player|p1|\n","uploadtime":1738582474,"views":8,"formatid":"gen9vgc2025regg","rating":1560,"private":0,"password":null}