{"id":"gen9vgc2025regg-2293625854","format":"[Gen 9] VGC 2025 Reg G","players":["WobCob","jkimkim1"],"log":"|j|\u2606WobCob\n|j|\u2606jkimkim1\n|t:|1738599498\n|gametype|doubles\n|player|p1|WobCob|caitlin|1595\n|player|p2|jkimkim1|1|1719\n|teamsize|p1|6\n|teamsize|p2|6\n|gen|9\n|tier|[Gen 9] VGC 2025 Reg G\n|rated|\n|rule|Species Clause: Limit one of each Pok\u00e9mon\n|rule|Item Clause: Limit 1 of each item\n|clearpoke\n|poke|p1|Urshifu-*, L50, F|\n|poke|p1|Kyogre, L50|\n|poke|p1|Chien-Pao, L50|\n|poke|p1|Whimsicott, L50, F|\n|poke|p1|Gholdengo, L50|\n|poke|p1|Amoonguss, L50, F|\n|poke|p2|Miraidon, L50|\n|poke|p2|Cresselia, L50, F|\n|poke|p2|Thundurus-Therian, L50, M|\n|poke|p2|Incineroar, L50, M|\n|poke|p2|Ursaluna, L50, M|\n|poke|p2|Whimsicott, L50, M|\n|teampreview|4\n|inactive|Battle timer is ON: inactive players will automatically lose when time's up. (requested by WobCob)\n|inactive|jkimkim1 has 60 seconds left.\n|\n|t:|1738599536\n|start\n|switch|p1a: Chien-Pao|Chien-Pao, L50|100\/100\n|switch|p1b: Urshifu|Urshifu-Rapid-Strike, L50, F|100\/100\n|switch|p2a: Jayson tatum|Miraidon, L50|100\/100\n|switch|p2b: \ub9e5\ub3c4\ud604|Whimsicott, L50, M, shiny|100\/100\n|-ability|p1a: Chien-Pao|Sword of Ruin\n|-fieldstart|move: Electric Terrain|[from] ability: Hadron Engine|[of] p2a: Jayson tatum\n|turn|1\n|\n|t:|1738599558\n|-terastallize|p2a: Jayson tatum|Fairy\n|move|p1b: Urshifu|Detect|p1b: Urshifu\n|-singleturn|p1b: Urshifu|Protect\n|move|p2b: \ub9e5\ub3c4\ud604|Tailwind|p2b: \ub9e5\ub3c4\ud604\n|-sidestart|p2: jkimkim1|move: Tailwind\n|move|p2a: Jayson tatum|Dazzling Gleam|p1a: Chien-Pao|[spread] p1a\n|-activate|p1b: Urshifu|move: Protect\n|-supereffective|p1a: Chien-Pao\n|-enditem|p1a: Chien-Pao|Focus Sash\n|-damage|p1a: Chien-Pao|1\/100\n|move|p1a: Chien-Pao|Ice Spinner|p2b: \ub9e5\ub3c4\ud604\n|-supereffective|p2b: \ub9e5\ub3c4\ud604\n|-enditem|p2b: \ub9e5\ub3c4\ud604|Focus Sash\n|-damage|p2b: \ub9e5\ub3c4\ud604|1\/100\n|-fieldend|move: Electric Terrain\n|\n|upkeep\n|turn|2\n|inactive|jkimkim1 has 30 seconds left.\n|\n|t:|1738599585\n|switch|p2b: \uc2e0\uc815\ud6c8|Thundurus-Therian, L50, M|100\/100\n|switch|p1b: Whimsicott|Whimsicott, L50, F, shiny|100\/100\n|move|p1a: Chien-Pao|Sucker Punch||[still]\n|-fail|p1a: Chien-Pao\n|move|p2a: Jayson tatum|Dazzling Gleam|p1b: Whimsicott|[spread] p1a,p1b\n|-supereffective|p1a: Chien-Pao\n|-damage|p1a: Chien-Pao|0 fnt\n|-damage|p1b: Whimsicott|21\/100\n|faint|p1a: Chien-Pao\n|\n|upkeep\n|\n|t:|1738599590\n|switch|p1a: Kyogre|Kyogre, L50|100\/100\n|-weather|RainDance|[from] ability: Drizzle|[of] p1a: Kyogre\n|turn|3\n|inactive|jkimkim1 has 30 seconds left.\n|\n|t:|1738599619\n|switch|p2a: \uc0ac\uc2b9\ud5cc|Cresselia, L50, F, shiny|100\/100\n|-terastallize|p1a: Kyogre|Grass\n|move|p1b: Whimsicott|Tailwind|p1b: Whimsicott\n|-sidestart|p1: WobCob|move: Tailwind\n|move|p2b: \uc2e0\uc815\ud6c8|Wildbolt Storm|p1a: Kyogre|[spread] p1a,p1b\n|-resisted|p1a: Kyogre\n|-resisted|p1b: Whimsicott\n|-damage|p1a: Kyogre|87\/100\n|-damage|p1b: Whimsicott|0 fnt\n|faint|p1b: Whimsicott\n|-damage|p2b: \uc2e0\uc815\ud6c8|91\/100|[from] item: Life Orb\n|move|p1a: Kyogre|Origin Pulse|p2b: \uc2e0\uc815\ud6c8|[spread] p2a,p2b\n|-damage|p2a: \uc0ac\uc2b9\ud5cc|58\/100\n|-damage|p2b: \uc2e0\uc815\ud6c8|0 fnt\n|faint|p2b: \uc2e0\uc815\ud6c8\n|\n|-weather|RainDance|[upkeep]\n|upkeep\n|\n|t:|1738599641\n|switch|p1b: Urshifu|Urshifu-Rapid-Strike, L50, F|100\/100\n|switch|p2b: Jayson tatum|Miraidon, L50, tera:Fairy|100\/100\n|-fieldstart|move: Electric Terrain|[from] ability: Hadron Engine|[of] p2b: Jayson tatum\n|turn|4\n|\n|t:|1738599665\n|move|p2b: Jayson tatum|Dazzling Gleam|p1b: Urshifu|[spread] p1a,p1b\n|-supereffective|p1b: Urshifu\n|-damage|p1a: Kyogre|54\/100\n|-damage|p1b: Urshifu|0 fnt\n|faint|p1b: Urshifu\n|move|p1a: Kyogre|Water Spout|p2b: Jayson tatum|[spread] p2a,p2b\n|-damage|p2a: \uc0ac\uc2b9\ud5cc|27\/100\n|-damage|p2b: Jayson tatum|54\/100\n|-enditem|p2a: \uc0ac\uc2b9\ud5cc|Sitrus Berry|[eat]\n|-heal|p2a: \uc0ac\uc2b9\ud5cc|52\/100|[from] item: Sitrus Berry\n|move|p2a: \uc0ac\uc2b9\ud5cc|Trick Room|p2a: \uc0ac\uc2b9\ud5cc\n|-fieldstart|move: Trick Room|[of] p2a: \uc0ac\uc2b9\ud5cc\n|\n|-weather|RainDance|[upkeep]\n|-sideend|p2: jkimkim1|move: Tailwind\n|upkeep\n|turn|5\n|\n|t:|1738599676\n|move|p2a: \uc0ac\uc2b9\ud5cc|Helping Hand|p2b: Jayson tatum\n|-singleturn|p2b: Jayson tatum|Helping Hand|[of] p2a: \uc0ac\uc2b9\ud5cc\n|move|p2b: Jayson tatum|Dazzling Gleam|p1a: Kyogre\n|-damage|p1a: Kyogre|0 fnt\n|faint|p1a: Kyogre\n|\n|win|jkimkim1\n|raw|WobCob's rating: 1595 &rarr; <strong>1582<\/strong><br \/>(-13 for losing)\n|raw|jkimkim1's rating: 1719 &rarr; <strong>1732<\/strong><br \/>(+13 for winning)\n|l|\u2606WobCob\n|player|p1|\n","uploadtime":1738599817,"views":5,"formatid":"gen9vgc2025regg","rating":1582,"private":0,"password":null}