{"id":"gen9vgc2025regg-2293042032","format":"[Gen 9] VGC 2025 Reg G","players":["bidoofutopia","TheLoanRanger"],"log":"|j|\u2606bidoofutopia\n|j|\u2606TheLoanRanger\n|t:|1738516422\n|gametype|doubles\n|player|p1|bidoofutopia|lucas|1584\n|player|p2|TheLoanRanger|gardenia|1681\n|teamsize|p1|6\n|teamsize|p2|6\n|gen|9\n|tier|[Gen 9] VGC 2025 Reg G\n|rated|\n|rule|Species Clause: Limit one of each Pok\u00e9mon\n|rule|Item Clause: Limit 1 of each item\n|clearpoke\n|poke|p1|Calyrex-Ice, L50|\n|poke|p1|Urshifu-*, L50, M|\n|poke|p1|Pelipper, L50, M|\n|poke|p1|Amoonguss, L50, M|\n|poke|p1|Iron Valiant, L50|\n|poke|p1|Landorus, L50, M|\n|poke|p2|Miraidon, L50|\n|poke|p2|Talonflame, L50, F|\n|poke|p2|Urshifu-*, L50, F|\n|poke|p2|Ogerpon-Hearthflame, L50, F|\n|poke|p2|Kingambit, L50, M|\n|poke|p2|Flutter Mane, L50|\n|teampreview|4\n|inactive|Battle timer is ON: inactive players will automatically lose when time's up. (requested by bidoofutopia)\nTheLoanRanger has agreed to open team sheets.\n|inactive|bidoofutopia has 60 seconds left.\n|\n|t:|1738516470\n|start\n|switch|p1a: Pelipper|Pelipper, L50, M|100\/100\n|switch|p1b: Landorus|Landorus, L50, M|100\/100\n|switch|p2a: Talonflame|Talonflame, L50, F|100\/100\n|switch|p2b: Miraidon|Miraidon, L50|100\/100\n|-fieldstart|move: Electric Terrain|[from] ability: Hadron Engine|[of] p2b: Miraidon\n|-weather|RainDance|[from] ability: Drizzle|[of] p1a: Pelipper\n|turn|1\n|inactive|bidoofutopia has 30 seconds left.\n|inactive|TheLoanRanger has 30 seconds left.\n|inactive|bidoofutopia has 20 seconds left.\n|inactive|bidoofutopia has 15 seconds left.\n|\n|t:|1738516514\n|switch|p1b: Amoonguss|Amoonguss, L50, M|100\/100\n|move|p2a: Talonflame|Tailwind|p2a: Talonflame\n|-sidestart|p2: TheLoanRanger|move: Tailwind\n|move|p2b: Miraidon|Volt Switch|p1a: Pelipper\n|-supereffective|p1a: Pelipper\n|-damage|p1a: Pelipper|0 fnt\n|faint|p1a: Pelipper\n|\n|t:|1738516521\n|switch|p2b: Ogerpon|Ogerpon-Hearthflame, L50, F|100\/100|[from] Volt Switch\n|-ability|p2b: Ogerpon|Mold Breaker\n|\n|-weather|RainDance|[upkeep]\n|upkeep\n|\n|t:|1738516526\n|switch|p1a: Calyrex|Calyrex-Ice, L50|100\/100\n|-ability|p1a: Calyrex|As One\n|-ability|p1a: Calyrex|Unnerve\n|turn|2\n|inactive|TheLoanRanger has 30 seconds left.\n|inactive|TheLoanRanger has 20 seconds left.\n|inactive|TheLoanRanger has 15 seconds left.\n|inactive|bidoofutopia has 30 seconds left.\n|inactive|TheLoanRanger has 10 seconds left.\n|\n|t:|1738516576\n|-terastallize|p2a: Talonflame|Grass\n|move|p1b: Amoonguss|Rage Powder|p1b: Amoonguss\n|-singleturn|p1b: Amoonguss|move: Rage Powder\n|move|p2a: Talonflame|Will-O-Wisp|p1a: Calyrex\n|-status|p1a: Calyrex|brn\n|move|p2b: Ogerpon|Ivy Cudgel|p1b: Amoonguss|[anim] Ivy Cudgel Fire\n|-supereffective|p1b: Amoonguss\n|-damage|p1b: Amoonguss|64\/100\n|move|p1a: Calyrex|Trick Room|p1a: Calyrex\n|-fieldstart|move: Trick Room|[of] p1a: Calyrex\n|\n|-weather|RainDance|[upkeep]\n|-damage|p1a: Calyrex|95\/100 brn|[from] brn\n|upkeep\n|turn|3\n|\n|t:|1738516599\n|move|p2a: Talonflame|Brave Bird|p1b: Amoonguss\n|-supereffective|p1b: Amoonguss\n|-damage|p1b: Amoonguss|0 fnt\n|-damage|p2a: Talonflame|84\/100|[from] item: Rocky Helmet|[of] p1b: Amoonguss\n|faint|p1b: Amoonguss\n|-damage|p2a: Talonflame|55\/100|[from] Recoil\n|move|p1a: Calyrex|Glacial Lance|p2b: Ogerpon|[spread] p2a,p2b\n|-supereffective|p2a: Talonflame\n|-damage|p2a: Talonflame|0 fnt\n|-damage|p2b: Ogerpon|68\/100\n|faint|p2a: Talonflame\n|-ability|p1a: Calyrex|Chilling Neigh|boost\n|-boost|p1a: Calyrex|atk|1\n|move|p2b: Ogerpon|Ivy Cudgel|p1a: Calyrex|[anim] Ivy Cudgel Fire\n|-supereffective|p1a: Calyrex\n|-damage|p1a: Calyrex|66\/100 brn\n|\n|-weather|RainDance|[upkeep]\n|-damage|p1a: Calyrex|60\/100 brn|[from] brn\n|upkeep\n|\n|t:|1738516607\n|switch|p1b: Landorus|Landorus, L50, M|100\/100\n|switch|p2a: Urshifu|Urshifu-Rapid-Strike, L50, F|100\/100\n|turn|4\n|j| bluestraggler02\n|j| Salvato1902V\n|l| Salvato1902V\n|\n|t:|1738516620\n|move|p2b: Ogerpon|Spiky Shield|p2b: Ogerpon\n|-singleturn|p2b: Ogerpon|move: Protect\n|move|p2a: Urshifu|Detect|p2a: Urshifu\n|-singleturn|p2a: Urshifu|Protect\n|move|p1b: Landorus|Sandsear Storm|p2a: Urshifu|[spread] \n|-activate|p2a: Urshifu|move: Protect\n|-activate|p2b: Ogerpon|move: Protect\n|move|p1a: Calyrex|Trick Room|p1a: Calyrex\n|-fieldend|move: Trick Room\n|\n|-weather|RainDance|[upkeep]\n|-damage|p1a: Calyrex|54\/100 brn|[from] brn\n|-sideend|p2: TheLoanRanger|move: Tailwind\n|upkeep\n|turn|5\n|\n|t:|1738516638\n|-terastallize|p1b: Landorus|Ghost\n|move|p1b: Landorus|Sandsear Storm|p2a: Urshifu|[spread] p2a,p2b\n|-crit|p2a: Urshifu\n|-enditem|p2a: Urshifu|Focus Sash\n|-damage|p2a: Urshifu|1\/100\n|-damage|p2b: Ogerpon|22\/100\n|move|p2a: Urshifu|Surging Strikes|p1a: Calyrex\n|-crit|p1a: Calyrex\n|-damage|p1a: Calyrex|37\/100 brn\n|-crit|p1a: Calyrex\n|-damage|p1a: Calyrex|18\/100 brn\n|-crit|p1a: Calyrex\n|-damage|p1a: Calyrex|0 fnt\n|faint|p1a: Calyrex\n|-hitcount|p1: Calyrex|3\n|move|p2b: Ogerpon|Ivy Cudgel|p1b: Landorus|[anim] Ivy Cudgel Fire\n|-damage|p1b: Landorus|73\/100\n|\n|-weather|none\n|-fieldend|move: Electric Terrain\n|upkeep\n|turn|6\n|\n|t:|1738516657\n|move|p2b: Ogerpon|Spiky Shield|p2b: Ogerpon\n|-singleturn|p2b: Ogerpon|move: Protect\n|move|p2a: Urshifu|Aqua Jet|p1b: Landorus\n|-damage|p1b: Landorus|48\/100\n|move|p1b: Landorus|Sandsear Storm|p2b: Ogerpon|[spread] \n|-activate|p2b: Ogerpon|move: Protect\n|-miss|p1b: Landorus|p2a: Urshifu\n|\n|upkeep\n|turn|7\n|j| jdarcan\n|\n|t:|1738516679\n|move|p2a: Urshifu|Detect|p2a: Urshifu\n|-singleturn|p2a: Urshifu|Protect\n|move|p1b: Landorus|Sandsear Storm|p2b: Ogerpon|[spread] p2b\n|-activate|p2a: Urshifu|move: Protect\n|-damage|p2b: Ogerpon|0 fnt\n|faint|p2b: Ogerpon\n|\n|upkeep\n|\n|t:|1738516681\n|switch|p2b: Miraidon|Miraidon, L50|100\/100\n|-fieldstart|move: Electric Terrain|[from] ability: Hadron Engine|[of] p2b: Miraidon\n|turn|8\n|\n|t:|1738516683\n|move|p2a: Urshifu|Aqua Jet|p1b: Landorus\n|-damage|p1b: Landorus|23\/100\n|move|p1b: Landorus|Sandsear Storm|p2b: Miraidon|[spread] p2b\n|-miss|p1b: Landorus|p2a: Urshifu\n|-supereffective|p2b: Miraidon\n|-damage|p2b: Miraidon|24\/100\n|move|p2b: Miraidon|Dazzling Gleam|p1b: Landorus\n|-damage|p1b: Landorus|0 fnt\n|faint|p1b: Landorus\n|\n|win|TheLoanRanger\n|raw|bidoofutopia's rating: 1584 &rarr; <strong>1569<\/strong><br \/>(-15 for losing)\n|raw|TheLoanRanger's rating: 1681 &rarr; <strong>1696<\/strong><br \/>(+15 for winning)\n|l|\u2606TheLoanRanger\n|player|p2|\n|l| jdarcan\n|l| bluestraggler02\n|l|\u2606bidoofutopia\n|player|p1|\n","uploadtime":1738516860,"views":12,"formatid":"gen9vgc2025regg","rating":1569,"private":0,"password":null}