{"id":"gen9vgc2025regg-2293858904","format":"[Gen 9] VGC 2025 Reg G","players":["prototony","kajashi"],"log":"|j|\u2606prototony\n|j|\u2606kajashi\n|t:|1738623608\n|gametype|doubles\n|player|p1|prototony|firebreather|1547\n|player|p2|kajashi|n|1619\n|teamsize|p1|6\n|teamsize|p2|6\n|gen|9\n|tier|[Gen 9] VGC 2025 Reg G\n|rated|\n|rule|Species Clause: Limit one of each Pok\u00e9mon\n|rule|Item Clause: Limit 1 of each item\n|clearpoke\n|poke|p1|Calyrex-Ice, L50|\n|poke|p1|Urshifu-*, L50, M|\n|poke|p1|Pelipper, L50, F|\n|poke|p1|Amoonguss, L50, M|\n|poke|p1|Iron Valiant, L50|\n|poke|p1|Landorus, L50, M|\n|poke|p2|Incineroar, L50, F|\n|poke|p2|Amoonguss, L50, M|\n|poke|p2|Calyrex-Ice, L50|\n|poke|p2|Raging Bolt, L50|\n|poke|p2|Landorus, L50, M|\n|poke|p2|Urshifu-*, L50, M|\n|teampreview|4\n|j| clutch step\n|\n|t:|1738623694\n|start\n|switch|p1a: Calyrex|Calyrex-Ice, L50|100\/100\n|switch|p1b: Iron Valiant|Iron Valiant, L50, shiny|100\/100\n|switch|p2a: Calyrex|Calyrex-Ice, L50|100\/100\n|switch|p2b: Urshifu|Urshifu-Rapid-Strike, L50, M|100\/100\n|-ability|p1a: Calyrex|As One\n|-ability|p1a: Calyrex|Unnerve\n|-ability|p2a: Calyrex|As One\n|-ability|p2a: Calyrex|Unnerve\n|-enditem|p1b: Iron Valiant|Booster Energy\n|-activate|p1b: Iron Valiant|ability: Quark Drive|[fromitem]\n|-start|p1b: Iron Valiant|quarkdrivespe\n|turn|1\n|\n|t:|1738623722\n|move|p2b: Urshifu|Detect|p2b: Urshifu\n|-singleturn|p2b: Urshifu|Protect\n|move|p1b: Iron Valiant|Spirit Break|p2b: Urshifu\n|-activate|p2b: Urshifu|move: Protect\n|move|p1a: Calyrex|High Horsepower|p2b: Urshifu\n|-activate|p2b: Urshifu|move: Protect\n|move|p2a: Calyrex|Glacial Lance|p1a: Calyrex|[spread] p1a,p1b\n|-resisted|p1a: Calyrex\n|-damage|p1a: Calyrex|83\/100\n|-damage|p1b: Iron Valiant|45\/100\n|\n|upkeep\n|turn|2\n|\n|t:|1738623745\n|switch|p2b: Amoonguss|Amoonguss, L50, M|100\/100\n|move|p1b: Iron Valiant|Encore||[still]\n|-fail|p1b: Iron Valiant\n|move|p2a: Calyrex|Glacial Lance|p1b: Iron Valiant|[spread] p1a,p1b\n|-resisted|p1a: Calyrex\n|-damage|p1a: Calyrex|65\/100\n|-damage|p1b: Iron Valiant|0 fnt\n|faint|p1b: Iron Valiant\n|-end|p1b: Iron Valiant|Quark Drive|[silent]\n|-ability|p2a: Calyrex|Chilling Neigh|boost\n|-boost|p2a: Calyrex|atk|1\n|move|p1a: Calyrex|High Horsepower|p2a: Calyrex|[miss]\n|-miss|p1a: Calyrex|p2a: Calyrex\n|\n|upkeep\n|\n|t:|1738623753\n|switch|p1b: Amoonguss|Amoonguss, L50, M|100\/100\n|turn|3\n|\n|t:|1738623780\n|switch|p2b: Urshifu|Urshifu-Rapid-Strike, L50, M|100\/100\n|-terastallize|p1b: Amoonguss|Fire\n|move|p2a: Calyrex|Protect|p2a: Calyrex\n|-singleturn|p2a: Calyrex|Protect\n|move|p1a: Calyrex|Glacial Lance|p2a: Calyrex|[spread] p2b\n|-activate|p2a: Calyrex|move: Protect\n|-resisted|p2b: Urshifu\n|-damage|p2b: Urshifu|72\/100\n|move|p1b: Amoonguss|Spore|p2a: Calyrex\n|-activate|p2a: Calyrex|move: Protect\n|\n|upkeep\n|turn|4\n|\n|t:|1738623806\n|move|p2b: Urshifu|Surging Strikes|p1b: Amoonguss\n|-supereffective|p1b: Amoonguss\n|-crit|p1b: Amoonguss\n|-damage|p1b: Amoonguss|62\/100\n|-damage|p2b: Urshifu|56\/100|[from] item: Rocky Helmet|[of] p1b: Amoonguss\n|-supereffective|p1b: Amoonguss\n|-crit|p1b: Amoonguss\n|-damage|p1b: Amoonguss|26\/100\n|-damage|p2b: Urshifu|39\/100|[from] item: Rocky Helmet|[of] p1b: Amoonguss\n|-supereffective|p1b: Amoonguss\n|-crit|p1b: Amoonguss\n|-damage|p1b: Amoonguss|0 fnt\n|-damage|p2b: Urshifu|23\/100|[from] item: Rocky Helmet|[of] p1b: Amoonguss\n|faint|p1b: Amoonguss\n|-hitcount|p1: Amoonguss|3\n|move|p2a: Calyrex|High Horsepower|p1a: Calyrex\n|-damage|p1a: Calyrex|30\/100\n|move|p1a: Calyrex|High Horsepower|p2b: Urshifu\n|-damage|p2b: Urshifu|0 fnt\n|faint|p2b: Urshifu\n|-ability|p1a: Calyrex|Chilling Neigh|boost\n|-boost|p1a: Calyrex|atk|1\n|\n|upkeep\n|\n|t:|1738623825\n|switch|p2b: Amoonguss|Amoonguss, L50, M|100\/100\n|switch|p1b: Landorus|Landorus, L50, M|100\/100\n|turn|5\n|\n|t:|1738623840\n|move|p1b: Landorus|Sandsear Storm|p2a: Calyrex|[spread] p2a\n|-miss|p1b: Landorus|p2b: Amoonguss\n|-damage|p2a: Calyrex|67\/100\n|move|p2b: Amoonguss|Spore|p1a: Calyrex\n|-status|p1a: Calyrex|slp|[from] move: Spore\n|cant|p1a: Calyrex|slp\n|move|p2a: Calyrex|Glacial Lance|p1b: Landorus|[spread] p1a,p1b\n|-resisted|p1a: Calyrex\n|-supereffective|p1b: Landorus\n|-damage|p1a: Calyrex|1\/100 slp\n|-damage|p1b: Landorus|0 fnt\n|faint|p1b: Landorus\n|-ability|p2a: Calyrex|Chilling Neigh|boost\n|-boost|p2a: Calyrex|atk|1\n|\n|upkeep\n|turn|6\n|l|\u2606prototony\n|player|p1|\n|\n|t:|1738623855\n|move|p2b: Amoonguss|Pollen Puff|p1a: Calyrex\n|-supereffective|p1a: Calyrex\n|-damage|p1a: Calyrex|0 fnt\n|faint|p1a: Calyrex\n|\n|win|kajashi\n|raw|prototony's rating: 1547 &rarr; <strong>1531<\/strong><br \/>(-16 for losing)\n|raw|kajashi's rating: 1619 &rarr; <strong>1635<\/strong><br \/>(+16 for winning)\n","uploadtime":1738623862,"views":32,"formatid":"gen9vgc2025regg","rating":1531,"private":0,"password":null}