{"id":"gen9vgc2025regg-2293649466","format":"[Gen 9] VGC 2025 Reg G","players":["MTcxing","jkimkim1"],"log":"|j|\u2606MTcxing\n|j|\u2606jkimkim1\n|t:|1738601888\n|gametype|doubles\n|player|p1|MTcxing|170|1577\n|player|p2|jkimkim1|1|1677\n|teamsize|p1|6\n|teamsize|p2|6\n|gen|9\n|tier|[Gen 9] VGC 2025 Reg G\n|rated|\n|rule|Species Clause: Limit one of each Pok\u00e9mon\n|rule|Item Clause: Limit 1 of each item\n|clearpoke\n|poke|p1|Calyrex-Ice, L50|\n|poke|p1|Urshifu-*, L50, F|\n|poke|p1|Landorus, L50, M|\n|poke|p1|Pelipper, L50, M|\n|poke|p1|Rillaboom, L50, M|\n|poke|p1|Amoonguss, L50, M|\n|poke|p2|Miraidon, L50|\n|poke|p2|Cresselia, L50, F|\n|poke|p2|Thundurus-Therian, L50, M|\n|poke|p2|Incineroar, L50, M|\n|poke|p2|Ursaluna, L50, M|\n|poke|p2|Whimsicott, L50, F|\n|teampreview|4\n|inactive|Battle timer is ON: inactive players will automatically lose when time's up. (requested by MTcxing)\n|\n|t:|1738601912\n|start\n|switch|p1a: Calyrex|Calyrex-Ice, L50|100\/100\n|switch|p1b: Rillaboom|Rillaboom, L50, M|100\/100\n|switch|p2a: \uc2e0\uc815\ud6c8|Thundurus-Therian, L50, M|100\/100\n|switch|p2b: Kingjames|Incineroar, L50, M|100\/100\n|-ability|p1a: Calyrex|As One\n|-ability|p1a: Calyrex|Unnerve\n|-ability|p2b: Kingjames|Intimidate|boost\n|-fail|p1a: Calyrex|unboost|[from] item: Clear Amulet|[of] p1a: Calyrex\n|-unboost|p1b: Rillaboom|atk|1\n|-fieldstart|move: Grassy Terrain|[from] ability: Grassy Surge|[of] p1b: Rillaboom\n|turn|1\n|inactive|jkimkim1 has 30 seconds left.\n|\n|t:|1738601942\n|move|p2b: Kingjames|Fake Out|p1a: Calyrex\n|-damage|p1a: Calyrex|93\/100\n|move|p1b: Rillaboom|Fake Out|p2b: Kingjames\n|-damage|p2b: Kingjames|92\/100\n|move|p2a: \uc2e0\uc815\ud6c8|Nasty Plot|p2a: \uc2e0\uc815\ud6c8\n|-boost|p2a: \uc2e0\uc815\ud6c8|spa|2\n|cant|p1a: Calyrex|flinch\n|\n|-heal|p2b: Kingjames|98\/100|[from] Grassy Terrain\n|-heal|p1a: Calyrex|99\/100|[from] Grassy Terrain\n|upkeep\n|turn|2\n|inactive|MTcxing has 30 seconds left.\n|\n|t:|1738601969\n|move|p2a: \uc2e0\uc815\ud6c8|Wildbolt Storm|p1b: Rillaboom|[spread] p1a,p1b\n|-resisted|p1b: Rillaboom\n|-damage|p1a: Calyrex|38\/100\n|-damage|p1b: Rillaboom|65\/100\n|move|p2b: Kingjames|Will-O-Wisp|p1a: Calyrex\n|-status|p1a: Calyrex|brn\n|move|p1b: Rillaboom|U-turn|p2b: Kingjames\n|-damage|p2b: Kingjames|83\/100\n|\n|t:|1738601975\n|switch|p1b: Urshifu|Urshifu-Rapid-Strike, L50, F|100\/100|[from] U-turn\n|move|p1a: Calyrex|Glacial Lance|p2b: Kingjames|[spread] p2a,p2b\n|-supereffective|p2a: \uc2e0\uc815\ud6c8\n|-resisted|p2b: Kingjames\n|-damage|p2a: \uc2e0\uc815\ud6c8|17\/100\n|-damage|p2b: Kingjames|70\/100\n|\n|-heal|p2b: Kingjames|76\/100|[from] Grassy Terrain\n|-heal|p1a: Calyrex|44\/100 brn|[from] Grassy Terrain\n|-damage|p1a: Calyrex|38\/100 brn|[from] brn\n|upkeep\n|turn|3\n|inactive|jkimkim1 has 30 seconds left.\n|inactive|MTcxing has 30 seconds left.\n|inactive|MTcxing has 20 seconds left.\n|\n|t:|1738602017\n|switch|p2a: \uc0ac\uc2b9\ud5cc|Cresselia, L50, F, shiny|100\/100\n|move|p1b: Urshifu|Surging Strikes|p2b: Kingjames\n|-supereffective|p2b: Kingjames\n|-crit|p2b: Kingjames\n|-damage|p2b: Kingjames|34\/100\n|-supereffective|p2b: Kingjames\n|-crit|p2b: Kingjames\n|-damage|p2b: Kingjames|0 fnt\n|faint|p2b: Kingjames\n|-hitcount|p2: Kingjames|2\n|move|p1a: Calyrex|High Horsepower|p2a: \uc0ac\uc2b9\ud5cc\n|-immune|p2a: \uc0ac\uc2b9\ud5cc|[from] ability: Levitate\n|\n|-heal|p1a: Calyrex|44\/100 brn|[from] Grassy Terrain\n|-damage|p1a: Calyrex|38\/100 brn|[from] brn\n|upkeep\n|\n|t:|1738602034\n|switch|p2b: Jayson tatum|Miraidon, L50|100\/100\n|-fieldstart|move: Electric Terrain|[from] ability: Hadron Engine|[of] p2b: Jayson tatum\n|turn|4\n|\n|t:|1738602047\n|switch|p1b: Rillaboom|Rillaboom, L50, M|65\/100\n|-fieldstart|move: Grassy Terrain|[from] ability: Grassy Surge|[of] p1b: Rillaboom\n|move|p1a: Calyrex|Protect|p1a: Calyrex\n|-singleturn|p1a: Calyrex|Protect\n|move|p2b: Jayson tatum|Volt Switch|p1a: Calyrex\n|-activate|p1a: Calyrex|move: Protect\n|move|p2a: \uc0ac\uc2b9\ud5cc|Psychic|p1b: Rillaboom\n|-damage|p1b: Rillaboom|40\/100\n|\n|-heal|p1b: Rillaboom|46\/100|[from] Grassy Terrain\n|-heal|p1a: Calyrex|44\/100 brn|[from] Grassy Terrain\n|-damage|p1a: Calyrex|38\/100 brn|[from] brn\n|upkeep\n|turn|5\n|\n|t:|1738602067\n|switch|p2b: \uc2e0\uc815\ud6c8|Thundurus-Therian, L50, M|17\/100\n|move|p1b: Rillaboom|Fake Out|p2b: \uc2e0\uc815\ud6c8\n|-damage|p2b: \uc2e0\uc815\ud6c8|0 fnt\n|faint|p2b: \uc2e0\uc815\ud6c8\n|move|p1a: Calyrex|Glacial Lance|p2a: \uc0ac\uc2b9\ud5cc\n|-damage|p2a: \uc0ac\uc2b9\ud5cc|75\/100\n|move|p2a: \uc0ac\uc2b9\ud5cc|Psychic|p1b: Rillaboom\n|-damage|p1b: Rillaboom|23\/100\n|\n|-heal|p1b: Rillaboom|29\/100|[from] Grassy Terrain\n|-heal|p1a: Calyrex|44\/100 brn|[from] Grassy Terrain\n|-damage|p1a: Calyrex|38\/100 brn|[from] brn\n|upkeep\n|\n|t:|1738602080\n|switch|p2b: Jayson tatum|Miraidon, L50|100\/100\n|-fieldstart|move: Electric Terrain|[from] ability: Hadron Engine|[of] p2b: Jayson tatum\n|turn|6\n|\n|t:|1738602100\n|switch|p1b: Landorus|Landorus, L50, M|100\/100\n|move|p2a: \uc0ac\uc2b9\ud5cc|Helping Hand|p2b: Jayson tatum\n|-singleturn|p2b: Jayson tatum|Helping Hand|[of] p2a: \uc0ac\uc2b9\ud5cc\n|move|p2b: Jayson tatum|Dazzling Gleam|p1a: Calyrex|[spread] p1a,p1b\n|-crit|p1b: Landorus\n|-damage|p1a: Calyrex|0 fnt\n|-damage|p1b: Landorus|0 fnt\n|faint|p1a: Calyrex\n|faint|p1b: Landorus\n|\n|upkeep\n|\n|t:|1738602113\n|switch|p1b: Rillaboom|Rillaboom, L50, M|29\/100\n|switch|p1a: Urshifu|Urshifu-Rapid-Strike, L50, F|100\/100\n|-fieldstart|move: Grassy Terrain|[from] ability: Grassy Surge|[of] p1b: Rillaboom\n|turn|7\n|inactive|MTcxing has 30 seconds left.\n|\n|t:|1738602139\n|-terastallize|p1a: Urshifu|Water\n|move|p1b: Rillaboom|Fake Out|p2b: Jayson tatum\n|-damage|p2b: Jayson tatum|86\/100\n|move|p1a: Urshifu|Surging Strikes|p2b: Jayson tatum\n|-resisted|p2b: Jayson tatum\n|-crit|p2b: Jayson tatum\n|-damage|p2b: Jayson tatum|71\/100\n|-resisted|p2b: Jayson tatum\n|-crit|p2b: Jayson tatum\n|-damage|p2b: Jayson tatum|55\/100\n|-resisted|p2b: Jayson tatum\n|-crit|p2b: Jayson tatum\n|-damage|p2b: Jayson tatum|39\/100\n|-hitcount|p2b: Jayson tatum|3\n|cant|p2b: Jayson tatum|flinch\n|move|p2a: \uc0ac\uc2b9\ud5cc|Ice Beam|p1b: Rillaboom\n|-supereffective|p1b: Rillaboom\n|-damage|p1b: Rillaboom|0 fnt\n|faint|p1b: Rillaboom\n|\n|-heal|p2b: Jayson tatum|45\/100|[from] Grassy Terrain\n|upkeep\n|turn|8\n|j| jfabricio23\n|inactive|jkimkim1 has 30 seconds left.\n|\n|t:|1738602169\n|move|p1a: Urshifu|Surging Strikes|p2b: Jayson tatum\n|-resisted|p2b: Jayson tatum\n|-crit|p2b: Jayson tatum\n|-damage|p2b: Jayson tatum|29\/100\n|-resisted|p2b: Jayson tatum\n|-crit|p2b: Jayson tatum\n|-damage|p2b: Jayson tatum|15\/100\n|-resisted|p2b: Jayson tatum\n|-crit|p2b: Jayson tatum\n|-damage|p2b: Jayson tatum|0 fnt\n|faint|p2b: Jayson tatum\n|-hitcount|p2: Jayson tatum|3\n|move|p2a: \uc0ac\uc2b9\ud5cc|Psychic|p1a: Urshifu\n|-damage|p1a: Urshifu|52\/100\n|\n|-heal|p1a: Urshifu|58\/100|[from] Grassy Terrain\n|upkeep\n|turn|9\n|\n|t:|1738602179\n|move|p1a: Urshifu|Surging Strikes|p2a: \uc0ac\uc2b9\ud5cc\n|-crit|p2a: \uc0ac\uc2b9\ud5cc\n|-damage|p2a: \uc0ac\uc2b9\ud5cc|53\/100\n|-crit|p2a: \uc0ac\uc2b9\ud5cc\n|-damage|p2a: \uc0ac\uc2b9\ud5cc|34\/100\n|-enditem|p2a: \uc0ac\uc2b9\ud5cc|Sitrus Berry|[eat]\n|-heal|p2a: \uc0ac\uc2b9\ud5cc|59\/100|[from] item: Sitrus Berry\n|-crit|p2a: \uc0ac\uc2b9\ud5cc\n|-damage|p2a: \uc0ac\uc2b9\ud5cc|40\/100\n|-hitcount|p2a: \uc0ac\uc2b9\ud5cc|3\n|move|p2a: \uc0ac\uc2b9\ud5cc|Psychic|p1a: Urshifu\n|-damage|p1a: Urshifu|10\/100\n|-unboost|p1a: Urshifu|spd|1\n|\n|-heal|p1a: Urshifu|16\/100|[from] Grassy Terrain\n|upkeep\n|turn|10\n|\n|t:|1738602189\n|move|p1a: Urshifu|Surging Strikes|p2a: \uc0ac\uc2b9\ud5cc\n|-crit|p2a: \uc0ac\uc2b9\ud5cc\n|-damage|p2a: \uc0ac\uc2b9\ud5cc|21\/100\n|-crit|p2a: \uc0ac\uc2b9\ud5cc\n|-damage|p2a: \uc0ac\uc2b9\ud5cc|0 fnt\n|faint|p2a: \uc0ac\uc2b9\ud5cc\n|-hitcount|p2: \uc0ac\uc2b9\ud5cc|2\n|\n|win|MTcxing\n|raw|MTcxing's rating: 1577 &rarr; <strong>1603<\/strong><br \/>(+26 for winning)\n|raw|jkimkim1's rating: 1677 &rarr; <strong>1651<\/strong><br \/>(-26 for losing)\n|l| jfabricio23\n|l|\u2606MTcxing\n|player|p1|\n|j|\u2606MTcxing\n|player|p1|MTcxing|170|\n","uploadtime":1738602198,"views":6,"formatid":"gen9vgc2025regg","rating":1603,"private":0,"password":null}