{"id":"gen9vgc2025regg-2293134042","format":"[Gen 9] VGC 2025 Reg G","players":["elvegis1","jerorororo"],"log":"|j|\u2606elvegis1\n|j|\u2606jerorororo\n|t:|1738527637\n|gametype|doubles\n|player|p1|elvegis1|lucas|1534\n|player|p2|jerorororo|102|1584\n|teamsize|p1|6\n|teamsize|p2|6\n|gen|9\n|tier|[Gen 9] VGC 2025 Reg G\n|rated|\n|rule|Species Clause: Limit one of each Pok\u00e9mon\n|rule|Item Clause: Limit 1 of each item\n|clearpoke\n|poke|p1|Kyogre, L50|\n|poke|p1|Roaring Moon, L50|\n|poke|p1|Urshifu-*, L50, F|\n|poke|p1|Farigiraf, L50, F|\n|poke|p1|Rillaboom, L50, F|\n|poke|p1|Landorus, L50, M|\n|poke|p2|Whimsicott, L50, M|\n|poke|p2|Frosmoth, L50, M|\n|poke|p2|Oricorio-Sensu, L50, F|\n|poke|p2|Smeargle, L50, F|\n|poke|p2|Calyrex-Ice, L50|\n|poke|p2|Volcarona, L50, M|\n|teampreview|4\n|inactive|Battle timer is ON: inactive players will automatically lose when time's up. (requested by elvegis1)\n|\n|t:|1738527667\n|start\n|switch|p1a: Kyogre|Kyogre, L50|100\/100\n|switch|p1b: Rillaboom|Rillaboom, L50, F|100\/100\n|switch|p2a: Whimsicott|Whimsicott, L50, M|100\/100\n|switch|p2b: Smeargle|Smeargle, L50, F|100\/100\n|-weather|RainDance|[from] ability: Drizzle|[of] p1a: Kyogre\n|-fieldstart|move: Grassy Terrain|[from] ability: Grassy Surge|[of] p1b: Rillaboom\n|turn|1\n|\n|t:|1738527677\n|move|p1b: Rillaboom|Fake Out|p2b: Smeargle\n|-damage|p2b: Smeargle|69\/100\n|move|p2a: Whimsicott|Tailwind|p2a: Whimsicott\n|-sidestart|p2: jerorororo|move: Tailwind\n|move|p2b: Smeargle|Spore|p1a: Kyogre\n|-status|p1a: Kyogre|slp|[from] move: Spore\n|cant|p1a: Kyogre|slp\n|\n|-weather|RainDance|[upkeep]\n|-heal|p2b: Smeargle|75\/100|[from] Grassy Terrain\n|-ability|p2b: Smeargle|Moody|boost\n|-boost|p2b: Smeargle|spa|2\n|-unboost|p2b: Smeargle|spe|1\n|upkeep\n|turn|2\n|\n|t:|1738527690\n|move|p2a: Whimsicott|Encore|p1b: Rillaboom\n|-start|p1b: Rillaboom|Encore\n|move|p2b: Smeargle|Imprison|p2b: Smeargle\n|-start|p2b: Smeargle|move: Imprison\n|cant|p1a: Kyogre|slp\n|move|p1b: Rillaboom|Fake Out||[still]\n|-hint|Fake Out only works on your first turn out.\n|-fail|p1b: Rillaboom\n|\n|-weather|RainDance|[upkeep]\n|-heal|p2b: Smeargle|81\/100|[from] Grassy Terrain\n|-ability|p2b: Smeargle|Moody|boost\n|-boost|p2b: Smeargle|def|2\n|-unboost|p2b: Smeargle|atk|1\n|upkeep\n|turn|3\n|\n|t:|1738527705\n|switch|p1b: Farigiraf|Farigiraf, L50, F|100\/100\n|-enditem|p1b: Farigiraf|Grassy Seed\n|-boost|p1b: Farigiraf|def|1|[from] item: Grassy Seed\n|move|p2a: Whimsicott|Moonblast|p1a: Kyogre\n|-damage|p1a: Kyogre|78\/100 slp\n|-unboost|p1a: Kyogre|spa|1\n|move|p2b: Smeargle|Transform|p1a: Kyogre\n|-transform|p2b: Smeargle|p1a: Kyogre\n|-curestatus|p1a: Kyogre|slp|[msg]\n|cant|p1a: Kyogre|move: Imprison|Water Spout\n|\n|-weather|RainDance|[upkeep]\n|-heal|p2b: Smeargle|88\/100|[from] Grassy Terrain\n|-heal|p1a: Kyogre|84\/100|[from] Grassy Terrain\n|-heal|p1a: Kyogre|90\/100|[from] item: Leftovers\n|upkeep\n|turn|4\n|\n|t:|1738527727\n|switch|p1a: Rillaboom|Rillaboom, L50, F|100\/100\n|move|p2a: Whimsicott|Moonblast|p1b: Farigiraf\n|-damage|p1b: Farigiraf|66\/100\n|move|p2b: Smeargle|Water Spout|p1b: Farigiraf|[spread] p1a,p1b\n|-resisted|p1a: Rillaboom\n|-damage|p1a: Rillaboom|82\/100\n|-damage|p1b: Farigiraf|13\/100\n|move|p1b: Farigiraf|Trick Room|p1b: Farigiraf\n|-fieldstart|move: Trick Room|[of] p1b: Farigiraf\n|\n|-weather|RainDance|[upkeep]\n|-heal|p1b: Farigiraf|19\/100|[from] Grassy Terrain\n|-heal|p1a: Rillaboom|88\/100|[from] Grassy Terrain\n|-heal|p2b: Smeargle|94\/100|[from] Grassy Terrain\n|-sideend|p2: jerorororo|move: Tailwind\n|upkeep\n|turn|5\n|inactive|elvegis1 has 30 seconds left.\n|\n|t:|1738527753\n|move|p2b: Smeargle|Protect|p2b: Smeargle\n|-singleturn|p2b: Smeargle|Protect\n|move|p1b: Farigiraf|Psychic|p2a: Whimsicott\n|-damage|p2a: Whimsicott|54\/100\n|move|p1a: Rillaboom|Wood Hammer|p2b: Smeargle\n|-activate|p2b: Smeargle|move: Protect\n|move|p2a: Whimsicott|Moonblast|p1b: Farigiraf\n|-damage|p1b: Farigiraf|0 fnt\n|faint|p1b: Farigiraf\n|\n|-weather|none\n|-heal|p1a: Rillaboom|94\/100|[from] Grassy Terrain\n|-heal|p2b: Smeargle|99\/100|[from] Grassy Terrain\n|-heal|p2a: Whimsicott|60\/100|[from] Grassy Terrain\n|-fieldend|move: Grassy Terrain\n|upkeep\n|\n|t:|1738527767\n|switch|p1b: Kyogre|Kyogre, L50|90\/100\n|-weather|RainDance|[from] ability: Drizzle|[of] p1b: Kyogre\n|turn|6\n|\n|t:|1738527779\n|-terastallize|p2b: Smeargle|Ghost\n|move|p1a: Rillaboom|Wood Hammer|p2b: Smeargle\n|-damage|p2b: Smeargle|27\/100\n|-damage|p1a: Rillaboom|74\/100|[from] Recoil\n|move|p2b: Smeargle|Ice Beam|p1a: Rillaboom\n|-supereffective|p1a: Rillaboom\n|-damage|p1a: Rillaboom|39\/100\n|-activate|p1b: Kyogre|move: Struggle\n|move|p1b: Kyogre|Struggle|p2b: Smeargle\n|-damage|p2b: Smeargle|16\/100\n|-damage|p1b: Kyogre|65\/100|[from] recoil\n|move|p2a: Whimsicott|Endeavor|p1b: Kyogre\n|-damage|p1b: Kyogre|50\/100\n|\n|-weather|RainDance|[upkeep]\n|-heal|p1b: Kyogre|56\/100|[from] item: Leftovers\n|upkeep\n|turn|7\n|j| FairyOfDoom\n|\n|t:|1738527799\n|switch|p1b: Urshifu|Urshifu-Rapid-Strike, L50, F|100\/100\n|move|p2b: Smeargle|Protect|p2b: Smeargle\n|-singleturn|p2b: Smeargle|Protect\n|move|p1a: Rillaboom|Grassy Glide|p2b: Smeargle\n|-activate|p2b: Smeargle|move: Protect\n|move|p2a: Whimsicott|Moonblast|p1a: Rillaboom\n|-damage|p1a: Rillaboom|15\/100\n|\n|-weather|RainDance|[upkeep]\n|upkeep\n|turn|8\n|\n|t:|1738527815\n|move|p1a: Rillaboom|Grassy Glide|p2b: Smeargle\n|-damage|p2b: Smeargle|0 fnt\n|faint|p2b: Smeargle\n|move|p1b: Urshifu|Surging Strikes|p2a: Whimsicott\n|-resisted|p2a: Whimsicott\n|-crit|p2a: Whimsicott\n|-damage|p2a: Whimsicott|36\/100\n|-resisted|p2a: Whimsicott\n|-crit|p2a: Whimsicott\n|-damage|p2a: Whimsicott|13\/100\n|-resisted|p2a: Whimsicott\n|-crit|p2a: Whimsicott\n|-damage|p2a: Whimsicott|0 fnt\n|faint|p2a: Whimsicott\n|-hitcount|p2: Whimsicott|3\n|\n|-weather|RainDance|[upkeep]\n|-fieldend|move: Trick Room\n|upkeep\n|\n|t:|1738527824\n|switch|p2b: Frosmoth|Frosmoth, L50, M|100\/100\n|switch|p2a: Calyrex|Calyrex-Ice, L50|100\/100\n|-ability|p2a: Calyrex|As One\n|-ability|p2a: Calyrex|Unnerve\n|turn|9\n|inactive|elvegis1 has 30 seconds left.\n|inactive|elvegis1 has 20 seconds left.\n|\n|t:|1738527862\n|move|p1b: Urshifu|Surging Strikes|p2a: Calyrex\n|-crit|p2a: Calyrex\n|-damage|p2a: Calyrex|73\/100\n|-crit|p2a: Calyrex\n|-damage|p2a: Calyrex|48\/100\n|-crit|p2a: Calyrex\n|-damage|p2a: Calyrex|22\/100\n|-hitcount|p2a: Calyrex|3\n|move|p1a: Rillaboom|Wood Hammer|p2a: Calyrex\n|-damage|p2a: Calyrex|0 fnt\n|faint|p2a: Calyrex\n|-damage|p1a: Rillaboom|8\/100|[from] Recoil\n|move|p2b: Frosmoth|Ice Beam|p1b: Urshifu\n|-resisted|p1b: Urshifu\n|-crit|p1b: Urshifu\n|-damage|p1b: Urshifu|66\/100\n|\n|-weather|RainDance|[upkeep]\n|upkeep\n|turn|10\n|inactive|jerorororo has 30 seconds left.\n|-message|jerorororo forfeited.\n|\n|win|elvegis1\n|raw|elvegis1's rating: 1534 &rarr; <strong>1557<\/strong><br \/>(+23 for winning)\n|raw|jerorororo's rating: 1584 &rarr; <strong>1561<\/strong><br \/>(-23 for losing)\n|l|\u2606jerorororo\n|player|p2|\n|c|\u2606elvegis1|Nice strat\n|l|\u2606elvegis1\n|player|p1|\n|l| FairyOfDoom\n","uploadtime":1738528062,"views":10,"formatid":"gen9vgc2025regg","rating":1557,"private":0,"password":null}