{"id":"gen9vgc2025regg-2293140143","format":"[Gen 9] VGC 2025 Reg G","players":["chaddiestchad","qunqun24"],"log":"|j|\u2606chaddiestchad\n|j|\u2606qunqun24\n|t:|1738528348\n|gametype|doubles\n|player|p1|chaddiestchad|supernerd|1601\n|player|p2|qunqun24|170|1614\n|teamsize|p1|6\n|teamsize|p2|6\n|gen|9\n|tier|[Gen 9] VGC 2025 Reg G\n|rated|\n|rule|Species Clause: Limit one of each Pok\u00e9mon\n|rule|Item Clause: Limit 1 of each item\n|clearpoke\n|poke|p1|Calyrex-Shadow, L50|\n|poke|p1|Ogerpon-Hearthflame, L50, F|\n|poke|p1|Incineroar, L50, F|\n|poke|p1|Urshifu-*, L50, F|\n|poke|p1|Rillaboom, L50, M|\n|poke|p1|Raging Bolt, L50|\n|poke|p2|Calyrex-Shadow, L50|\n|poke|p2|Ting-Lu, L50|\n|poke|p2|Dondozo, L50, M|\n|poke|p2|Urshifu-*, L50, F|\n|poke|p2|Ogerpon-Hearthflame, L50, F|\n|poke|p2|Whimsicott, L50, M|\n|teampreview|4\n|inactive|Battle timer is ON: inactive players will automatically lose when time's up. (requested by qunqun24)\n|j| MillerH33\n|inactive|chaddiestchad has 60 seconds left.\n|\n|t:|1738528382\n|start\n|switch|p1a: Calyrex|Calyrex-Shadow, L50|100\/100\n|switch|p1b: Rillaboom|Rillaboom, L50, M|100\/100\n|switch|p2a: Ting-Lu|Ting-Lu, L50|100\/100\n|switch|p2b: Dondozo|Dondozo, L50, M|100\/100\n|-ability|p1a: Calyrex|As One\n|-ability|p1a: Calyrex|Unnerve\n|-fieldstart|move: Grassy Terrain|[from] ability: Grassy Surge|[of] p1b: Rillaboom\n|-ability|p2a: Ting-Lu|Vessel of Ruin\n|turn|1\n|inactive|qunqun24 has 30 seconds left.\n|\n|t:|1738528411\n|-terastallize|p2a: Ting-Lu|Fairy\n|move|p1b: Rillaboom|Fake Out|p2b: Dondozo\n|-damage|p2b: Dondozo|93\/100\n|move|p1a: Calyrex|Nasty Plot|p1a: Calyrex\n|-boost|p1a: Calyrex|spa|2\n|move|p2a: Ting-Lu|Stealth Rock|p1b: Rillaboom\n|-sidestart|p1: chaddiestchad|move: Stealth Rock\n|cant|p2b: Dondozo|flinch\n|\n|-heal|p2b: Dondozo|99\/100|[from] Grassy Terrain\n|-heal|p2b: Dondozo|100\/100|[from] item: Leftovers\n|upkeep\n|turn|2\n|\n|t:|1738528434\n|move|p1a: Calyrex|Astral Barrage|p2b: Dondozo|[spread] p2a,p2b\n|-damage|p2a: Ting-Lu|43\/100\n|-damage|p2b: Dondozo|29\/100\n|move|p1b: Rillaboom|Wood Hammer|p2b: Dondozo\n|-supereffective|p2b: Dondozo\n|-damage|p2b: Dondozo|0 fnt\n|faint|p2b: Dondozo\n|-damage|p1b: Rillaboom|89\/100|[from] Recoil\n|move|p2a: Ting-Lu|Ruination|p1b: Rillaboom\n|-damage|p1b: Rillaboom|45\/100\n|\n|-heal|p1b: Rillaboom|50\/100|[from] Grassy Terrain\n|-heal|p2a: Ting-Lu|49\/100|[from] Grassy Terrain\n|upkeep\n|\n|t:|1738528445\n|switch|p2b: Whimsicott|Whimsicott, L50, M|100\/100\n|turn|3\n|j| daafjeweerwolfje\n|inactive|chaddiestchad has 30 seconds left.\n|\n|t:|1738528476\n|move|p2b: Whimsicott|Tailwind|p2b: Whimsicott\n|-sidestart|p2: qunqun24|move: Tailwind\n|move|p1a: Calyrex|Astral Barrage|p2a: Ting-Lu|[spread] p2a,p2b\n|-damage|p2a: Ting-Lu|0 fnt\n|-damage|p2b: Whimsicott|0 fnt\n|faint|p2a: Ting-Lu\n|faint|p2b: Whimsicott\n|-ability|p1a: Calyrex|Grim Neigh|boost\n|-boost|p1a: Calyrex|spa|2\n|move|p1b: Rillaboom|U-turn|p2: Ting-Lu|[notarget]\n|-fail|p1b: Rillaboom\n|\n|-heal|p1b: Rillaboom|56\/100|[from] Grassy Terrain\n|upkeep\n|\n|t:|1738528480\n|switch|p2b: Calyrex|Calyrex-Shadow, L50|100\/100\n|-ability|p2b: Calyrex|As One\n|-ability|p2b: Calyrex|Unnerve\n|turn|4\n|\n|t:|1738528499\n|-terastallize|p1a: Calyrex|Dark\n|move|p1b: Rillaboom|Grassy Glide|p2b: Calyrex\n|-crit|p2b: Calyrex\n|-damage|p2b: Calyrex|35\/100\n|move|p2b: Calyrex|Substitute|p2b: Calyrex\n|-start|p2b: Calyrex|Substitute\n|-damage|p2b: Calyrex|11\/100\n|move|p1a: Calyrex|Astral Barrage|p2b: Calyrex\n|-supereffective|p2b: Calyrex\n|-end|p2b: Calyrex|Substitute\n|\n|-heal|p2b: Calyrex|16\/100|[from] Grassy Terrain\n|-heal|p1b: Rillaboom|62\/100|[from] Grassy Terrain\n|upkeep\n|turn|5\n|-message|qunqun24 forfeited.\n|\n|win|chaddiestchad\n|raw|chaddiestchad's rating: 1601 &rarr; <strong>1622<\/strong><br \/>(+21 for winning)\n|raw|qunqun24's rating: 1614 &rarr; <strong>1593<\/strong><br \/>(-21 for losing)\n|l|\u2606qunqun24\n|player|p2|\n|l|\u2606chaddiestchad\n|player|p1|\n|l| daafjeweerwolfje\n","uploadtime":1738528753,"views":16,"formatid":"gen9vgc2025regg","rating":1593,"private":0,"password":null}