{"id":"gen9vgc2025regg-2293714818","format":"[Gen 9] VGC 2025 Reg G","players":["heybetch","pokemasterz461"],"log":"|j|\u2606heybetch\n|j|\u2606pokemasterz461\n|t:|1738608348\n|gametype|doubles\n|player|p1|heybetch|fantina|1533\n|player|p2|pokemasterz461|169|1641\n|teamsize|p1|6\n|teamsize|p2|6\n|gen|9\n|tier|[Gen 9] VGC 2025 Reg G\n|rated|\n|rule|Species Clause: Limit one of each Pok\u00e9mon\n|rule|Item Clause: Limit 1 of each item\n|clearpoke\n|poke|p1|Farigiraf, L50, F|\n|poke|p1|Urshifu-*, L50, M|\n|poke|p1|Iron Valiant, L50|\n|poke|p1|Amoonguss, L50, M|\n|poke|p1|Indeedee-F, L50, F|\n|poke|p1|Calyrex-Ice, L50|\n|poke|p2|Miraidon, L50|\n|poke|p2|Iron Hands, L50|\n|poke|p2|Grimmsnarl, L50, M|\n|poke|p2|Ogerpon-Hearthflame, L50, F|\n|poke|p2|Chien-Pao, L50|\n|poke|p2|Dragonite, L50, M|\n|teampreview|4\n|inactive|Battle timer is ON: inactive players will automatically lose when time's up. (requested by pokemasterz461)\n|inactive|heybetch has 60 seconds left.\n|\n|t:|1738608406\n|start\n|switch|p1a: Indeedee|Indeedee-F, L50, F|100\/100\n|switch|p1b: Calyrex|Calyrex-Ice, L50|100\/100\n|switch|p2a: Miraluce|Miraidon, L50|100\/100\n|switch|p2b: True Ogre|Grimmsnarl, L50, M|100\/100\n|-ability|p1b: Calyrex|As One\n|-ability|p1b: Calyrex|Unnerve\n|-fieldstart|move: Electric Terrain|[from] ability: Hadron Engine|[of] p2a: Miraluce\n|-fieldstart|move: Psychic Terrain|[from] ability: Psychic Surge|[of] p1a: Indeedee\n|turn|1\n|\n|t:|1738608424\n|-terastallize|p1a: Indeedee|Ground\n|move|p1a: Indeedee|Follow Me|p1a: Indeedee\n|-singleturn|p1a: Indeedee|move: Follow Me\n|move|p2b: True Ogre|Reflect|p2b: True Ogre\n|-sidestart|p2: pokemasterz461|Reflect\n|move|p2a: Miraluce|Volt Switch|p1a: Indeedee\n|-immune|p1a: Indeedee\n|move|p1b: Calyrex|Glacial Lance|p2a: Miraluce|[spread] p2a,p2b\n|-supereffective|p2a: Miraluce\n|-damage|p2a: Miraluce|14\/100\n|-damage|p2b: True Ogre|54\/100\n|\n|upkeep\n|turn|2\n|\n|t:|1738608435\n|switch|p2a: Juggernaut|Iron Hands, L50|100\/100\n|move|p1a: Indeedee|Follow Me|p1a: Indeedee\n|-singleturn|p1a: Indeedee|move: Follow Me\n|move|p2b: True Ogre|Foul Play|p1a: Indeedee\n|-damage|p1a: Indeedee|85\/100\n|move|p1b: Calyrex|Trick Room|p1b: Calyrex\n|-fieldstart|move: Trick Room|[of] p1b: Calyrex\n|\n|upkeep\n|turn|3\n|\n|t:|1738608445\n|-terastallize|p2a: Juggernaut|Water\n|move|p1a: Indeedee|Follow Me|p1a: Indeedee\n|-singleturn|p1a: Indeedee|move: Follow Me\n|move|p1b: Calyrex|Glacial Lance|p2a: Juggernaut|[spread] p2a,p2b\n|-resisted|p2a: Juggernaut\n|-damage|p2a: Juggernaut|86\/100\n|-damage|p2b: True Ogre|8\/100\n|move|p2a: Juggernaut|Drain Punch|p1a: Indeedee\n|-damage|p1a: Indeedee|41\/100\n|-heal|p2a: Juggernaut|100\/100|[from] drain|[of] p1a: Indeedee\n|move|p2b: True Ogre|Foul Play|p1a: Indeedee\n|-damage|p1a: Indeedee|26\/100\n|\n|upkeep\n|turn|4\n|j| kiabu233\n|\n|t:|1738608468\n|switch|p1a: Farigiraf|Farigiraf, L50, F|100\/100\n|move|p2a: Juggernaut|Drain Punch|p1b: Calyrex\n|-damage|p1b: Calyrex|74\/100\n|move|p1b: Calyrex|Glacial Lance|p2b: True Ogre|[spread] p2a,p2b\n|-resisted|p2a: Juggernaut\n|-damage|p2a: Juggernaut|86\/100\n|-damage|p2b: True Ogre|0 fnt\n|faint|p2b: True Ogre\n|-ability|p1b: Calyrex|Chilling Neigh|boost\n|-boost|p1b: Calyrex|atk|1\n|\n|upkeep\n|\n|t:|1738608478\n|switch|p2b: Miraluce|Miraidon, L50|14\/100\n|-fieldstart|move: Electric Terrain|[from] ability: Hadron Engine|[of] p2b: Miraluce\n|-activate|p2a: Juggernaut|ability: Quark Drive\n|-start|p2a: Juggernaut|quarkdriveatk\n|turn|5\n|inactive|heybetch has 30 seconds left.\n|\n|t:|1738608508\n|switch|p2b: Douglass|Dragonite, L50, M|100\/100\n|move|p1b: Calyrex|High Horsepower|p2a: Juggernaut\n|-damage|p2a: Juggernaut|53\/100\n|move|p2a: Juggernaut|Low Kick|p1b: Calyrex\n|-damage|p1b: Calyrex|21\/100\n|move|p1a: Farigiraf|Hyper Voice|p2b: Douglass|[spread] p2a,p2b\n|-damage|p2a: Juggernaut|33\/100\n|-damage|p2b: Douglass|68\/100\n|-enditem|p1a: Farigiraf|Throat Spray\n|-boost|p1a: Farigiraf|spa|1|[from] item: Throat Spray\n|\n|upkeep\n|turn|6\n|inactive|heybetch has 30 seconds left.\n|inactive|heybetch has 20 seconds left.\n|inactive|heybetch has 15 seconds left.\n|\n|t:|1738608551\n|switch|p1b: Indeedee|Indeedee-F, L50, F, tera:Ground|26\/100\n|-fieldstart|move: Psychic Terrain|[from] ability: Psychic Surge|[of] p1b: Indeedee\n|-end|p2a: Juggernaut|Quark Drive\n|move|p2a: Juggernaut|Drain Punch|p1b: Indeedee\n|-damage|p1b: Indeedee|0 fnt\n|-heal|p2a: Juggernaut|43\/100|[from] drain|[of] p1b: Indeedee\n|faint|p1b: Indeedee\n|move|p1a: Farigiraf|Hyper Voice|p2b: Douglass|[spread] p2a,p2b\n|-damage|p2a: Juggernaut|16\/100\n|-damage|p2b: Douglass|20\/100\n|move|p2b: Douglass|Outrage|p1a: Farigiraf\n|-damage|p1a: Farigiraf|0 fnt\n|faint|p1a: Farigiraf\n|\n|-fieldend|move: Trick Room\n|upkeep\n|\n|t:|1738608561\n|switch|p1b: Calyrex|Calyrex-Ice, L50|21\/100\n|switch|p1a: Iron Valiant|Iron Valiant, L50, shiny|100\/100\n|-ability|p1b: Calyrex|As One\n|-ability|p1b: Calyrex|Unnerve\n|-enditem|p1a: Iron Valiant|Booster Energy\n|-activate|p1a: Iron Valiant|ability: Quark Drive|[fromitem]\n|-start|p1a: Iron Valiant|quarkdrivespe\n|turn|7\n|inactive|pokemasterz461 has 30 seconds left.\n|\n|t:|1738608586\n|move|p1b: Calyrex|Protect|p1b: Calyrex\n|-singleturn|p1b: Calyrex|Protect\n|move|p1a: Iron Valiant|Moonblast|p2b: Douglass\n|-supereffective|p2b: Douglass\n|-damage|p2b: Douglass|0 fnt\n|faint|p2b: Douglass\n|move|p2a: Juggernaut|Drain Punch|p1b: Calyrex\n|-activate|p1b: Calyrex|move: Protect\n|\n|upkeep\n|\n|t:|1738608589\n|switch|p2b: Miraluce|Miraidon, L50|14\/100\n|-fieldstart|move: Electric Terrain|[from] ability: Hadron Engine|[of] p2b: Miraluce\n|-activate|p2a: Juggernaut|ability: Quark Drive\n|-start|p2a: Juggernaut|quarkdriveatk\n|turn|8\n|\n|t:|1738608602\n|move|p1a: Iron Valiant|Moonblast|p2a: Juggernaut\n|-damage|p2a: Juggernaut|0 fnt\n|faint|p2a: Juggernaut\n|-end|p2a: Juggernaut|Quark Drive|[silent]\n|move|p2b: Miraluce|Volt Switch|p1b: Calyrex\n|-damage|p1b: Calyrex|0 fnt\n|faint|p1b: Calyrex\n|\n|-sideend|p2: pokemasterz461|Reflect\n|upkeep\n|turn|9\n|inactive|pokemasterz461 has 30 seconds left.\n|inactive|pokemasterz461 has 20 seconds left.\n|inactive|pokemasterz461 has 15 seconds left.\n|inactive|pokemasterz461 has 10 seconds left.\n|inactive|pokemasterz461 has 5 seconds left.\n|\n|t:|1738608658\n|move|p1a: Iron Valiant|Moonblast|p2b: Miraluce\n|-supereffective|p2b: Miraluce\n|-damage|p2b: Miraluce|0 fnt\n|faint|p2b: Miraluce\n|\n|win|heybetch\n|raw|heybetch's rating: 1533 &rarr; <strong>1559<\/strong><br \/>(+26 for winning)\n|raw|pokemasterz461's rating: 1641 &rarr; <strong>1615<\/strong><br \/>(-26 for losing)\n|l| kiabu233\n|l|\u2606pokemasterz461\n|player|p2|\n","uploadtime":1738608809,"views":6,"formatid":"gen9vgc2025regg","rating":1559,"private":0,"password":null}