{"id":"gen9vgc2025regg-2293965239","format":"[Gen 9] VGC 2025 Reg G","players":["stbai","Yung Trav"],"log":"|j|\u2606stbai\n|j|\u2606Yung Trav\n|t:|1738637229\n|gametype|doubles\n|player|p1|stbai|janitor|1610\n|player|p2|Yung Trav|170|1641\n|teamsize|p1|6\n|teamsize|p2|6\n|gen|9\n|tier|[Gen 9] VGC 2025 Reg G\n|rated|\n|rule|Species Clause: Limit one of each Pok\u00e9mon\n|rule|Item Clause: Limit 1 of each item\n|clearpoke\n|poke|p1|Tatsugiri, L50, M|\n|poke|p1|Latios, L50, M|\n|poke|p1|Landorus, L50, M|\n|poke|p1|Entei, L50|\n|poke|p1|Terapagos, L50, M|\n|poke|p1|Dondozo, L50, F|\n|poke|p2|Calyrex-Ice, L50|\n|poke|p2|Regidrago, L50|\n|poke|p2|Smeargle, L50, M|\n|poke|p2|Farigiraf, L50, M|\n|poke|p2|Urshifu-*, L50, M|\n|poke|p2|Ogerpon-Cornerstone, L50, F|\n|teampreview|4\n|inactive|Battle timer is ON: inactive players will automatically lose when time's up. (requested by stbai)\n|\n|t:|1738637243\n|start\n|switch|p1a: Dondozo|Dondozo, L50, F|100\/100\n|switch|p1b: Entei|Entei, L50|100\/100\n|switch|p2a: Calyrex|Calyrex-Ice, L50|100\/100\n|switch|p2b: Smeargle|Smeargle, L50, M, shiny|100\/100\n|-ability|p2a: Calyrex|As One\n|-ability|p2a: Calyrex|Unnerve\n|turn|1\n|inactive|Yung Trav has 30 seconds left.\n|\n|t:|1738637273\n|-terastallize|p2a: Calyrex|Water\n|move|p1b: Entei|Sacred Fire|p2b: Smeargle\n|-damage|p2b: Smeargle|28\/100\n|-status|p2b: Smeargle|brn\n|move|p1a: Dondozo|Substitute|p1a: Dondozo\n|-start|p1a: Dondozo|Substitute\n|-damage|p1a: Dondozo|75\/100\n|move|p2b: Smeargle|Spore||[still]\n|-fail|p2b: Smeargle\n|move|p2a: Calyrex|Trick Room|p2a: Calyrex\n|-fieldstart|move: Trick Room|[of] p2a: Calyrex\n|\n|-heal|p1a: Dondozo|82\/100|[from] item: Leftovers\n|-damage|p2b: Smeargle|22\/100 brn|[from] brn\n|upkeep\n|turn|2\n|\n|t:|1738637291\n|switch|p1b: Tatsugiri|Tatsugiri, L50, M|100\/100\n|-activate|p1b: Tatsugiri|ability: Commander|[of] p1a: Dondozo\n|-boost|p1a: Dondozo|atk|2\n|-boost|p1a: Dondozo|spa|2\n|-boost|p1a: Dondozo|spe|2\n|-boost|p1a: Dondozo|def|2\n|-boost|p1a: Dondozo|spd|2\n|move|p2b: Smeargle|Decorate|p2a: Calyrex\n|-boost|p2a: Calyrex|atk|2\n|-boost|p2a: Calyrex|spa|2\n|move|p2a: Calyrex|High Horsepower|p1b: Tatsugiri|[miss]\n|-miss|p2a: Calyrex|p1b: Tatsugiri\n|move|p1a: Dondozo|Earthquake|p2a: Calyrex|[spread] p2a,p2b\n|-miss|p1a: Dondozo|p1b: Tatsugiri\n|-damage|p2a: Calyrex|74\/100\n|-damage|p2b: Smeargle|0 fnt\n|faint|p2b: Smeargle\n|\n|-heal|p1a: Dondozo|88\/100|[from] item: Leftovers\n|upkeep\n|\n|t:|1738637315\n|switch|p2b: Regidrago|Regidrago, L50, shiny|100\/100\n|turn|3\n|\n|t:|1738637328\n|move|p1a: Dondozo|Protect|p1a: Dondozo\n|-singleturn|p1a: Dondozo|Protect\n|move|p2b: Regidrago|Dragon Energy|p1a: Dondozo|[spread] \n|-miss|p2b: Regidrago|p1b: Tatsugiri\n|-activate|p1a: Dondozo|move: Protect\n|move|p2a: Calyrex|High Horsepower|p1a: Dondozo\n|-activate|p1a: Dondozo|move: Protect\n|\n|-heal|p1a: Dondozo|94\/100|[from] item: Leftovers\n|upkeep\n|turn|4\n|\n|t:|1738637345\n|move|p2b: Regidrago|Dragon Energy|p1b: Tatsugiri|[spread] p1a\n|-miss|p2b: Regidrago|p1b: Tatsugiri\n|-end|p1a: Dondozo|Substitute\n|move|p2a: Calyrex|High Horsepower|p1a: Dondozo\n|-damage|p1a: Dondozo|79\/100\n|move|p1a: Dondozo|Order Up|p2b: Regidrago\n|-supereffective|p2b: Regidrago\n|-damage|p2b: Regidrago|32\/100\n|-boost|p1a: Dondozo|atk|1\n|\n|-heal|p1a: Dondozo|85\/100|[from] item: Leftovers\n|upkeep\n|turn|5\n|\n|t:|1738637363\n|switch|p2b: Urshifu|Urshifu, L50, M|100\/100\n|move|p1a: Dondozo|Protect|p1a: Dondozo\n|-singleturn|p1a: Dondozo|Protect\n|move|p2a: Calyrex|High Horsepower|p1a: Dondozo\n|-activate|p1a: Dondozo|move: Protect\n|\n|-heal|p1a: Dondozo|91\/100|[from] item: Leftovers\n|-fieldend|move: Trick Room\n|upkeep\n|turn|6\n|\n|t:|1738637380\n|move|p2b: Urshifu|Wicked Blow|p1a: Dondozo\n|-crit|p1a: Dondozo\n|-damage|p1a: Dondozo|48\/100\n|move|p1a: Dondozo|Order Up|p2b: Urshifu\n|-damage|p2b: Urshifu|46\/100\n|-boost|p1a: Dondozo|atk|1\n|move|p2a: Calyrex|High Horsepower|p1a: Dondozo\n|-damage|p1a: Dondozo|34\/100\n|\n|-heal|p1a: Dondozo|40\/100|[from] item: Leftovers\n|upkeep\n|turn|7\n|inactive|Yung Trav has 30 seconds left.\n|\n|t:|1738637406\n|move|p2b: Urshifu|Wicked Blow|p1a: Dondozo\n|-crit|p1a: Dondozo\n|-damage|p1a: Dondozo|0 fnt\n|faint|p1a: Dondozo\n|move|p2a: Calyrex|Trick Room|p2a: Calyrex\n|-fieldstart|move: Trick Room|[of] p2a: Calyrex\n|\n|upkeep\n|\n|t:|1738637413\n|switch|p1a: Terapagos|Terapagos, L50, M|100\/100\n|-activate|p1a: Terapagos|ability: Tera Shift\n|detailschange|p1a: Terapagos|Terapagos-Terastal, L50, M\n|-heal|p1a: Terapagos|100\/100|[silent]\n|turn|8\n|\n|t:|1738637431\n|-terastallize|p1a: Terapagos|Stellar\n|detailschange|p1a: Terapagos|Terapagos-Stellar, L50, M, tera:Stellar\n|-heal|p1a: Terapagos|100\/100|[silent]\n|move|p1b: Tatsugiri|Protect|p1b: Tatsugiri\n|-singleturn|p1b: Tatsugiri|Protect\n|move|p2a: Calyrex|Glacial Lance|p1b: Tatsugiri|[spread] p1a\n|-activate|p1b: Tatsugiri|move: Protect\n|-damage|p1a: Terapagos|25\/100\n|move|p1a: Terapagos|Tera Starstorm|p2a: Calyrex|[spread] p2a,p2b\n|-supereffective|p2a: Calyrex\n|-damage|p2a: Calyrex|20\/100\n|-damage|p2b: Urshifu|0 fnt\n|faint|p2b: Urshifu\n|\n|upkeep\n|\n|t:|1738637446\n|switch|p2b: Regidrago|Regidrago, L50, shiny|32\/100\n|turn|9\n|\n|t:|1738637456\n|move|p1a: Terapagos|Protect|p1a: Terapagos\n|-singleturn|p1a: Terapagos|Protect\n|move|p2b: Regidrago|Dragon Energy|p1a: Terapagos|[spread] p1b\n|-activate|p1a: Terapagos|move: Protect\n|-supereffective|p1b: Tatsugiri\n|-damage|p1b: Tatsugiri|41\/100\n|move|p2a: Calyrex|Glacial Lance|p1a: Terapagos|[spread] p1b\n|-activate|p1a: Terapagos|move: Protect\n|-damage|p1b: Tatsugiri|0 fnt\n|faint|p1b: Tatsugiri\n|-ability|p2a: Calyrex|Chilling Neigh|boost\n|-boost|p2a: Calyrex|atk|1\n|\n|upkeep\n|\n|t:|1738637459\n|switch|p1b: Entei|Entei, L50|100\/100\n|turn|10\n|\n|t:|1738637480\n|move|p1b: Entei|Extreme Speed|p2a: Calyrex\n|-damage|p2a: Calyrex|1\/100\n|move|p2b: Regidrago|Draco Meteor|p1a: Terapagos\n|-damage|p1a: Terapagos|0 fnt\n|-unboost|p2b: Regidrago|spa|2\n|faint|p1a: Terapagos\n|move|p2a: Calyrex|High Horsepower|p1b: Entei\n|-supereffective|p1b: Entei\n|-damage|p1b: Entei|0 fnt\n|faint|p1b: Entei\n|\n|win|Yung Trav\n|raw|stbai's rating: 1610 &rarr; <strong>1592<\/strong><br \/>(-18 for losing)\n|raw|Yung Trav's rating: 1641 &rarr; <strong>1659<\/strong><br \/>(+18 for winning)\n|l|\u2606stbai\n|player|p1|\n|l|\u2606Yung Trav\n|player|p2|\n","uploadtime":1738637641,"views":5,"formatid":"gen9vgc2025regg","rating":1592,"private":0,"password":null}