{"id":"gen9vgc2025regg-2293500267","format":"[Gen 9] VGC 2025 Reg G","players":["unoriginal tea","jkimkim1"],"log":"|j|\u2606unoriginal tea\n|j|\u2606jkimkim1\n|t:|1738583476\n|gametype|doubles\n|player|p1|unoriginal tea|101|1549\n|player|p2|jkimkim1|1|1726\n|teamsize|p1|6\n|teamsize|p2|6\n|gen|9\n|tier|[Gen 9] VGC 2025 Reg G\n|rated|\n|rule|Species Clause: Limit one of each Pok\u00e9mon\n|rule|Item Clause: Limit 1 of each item\n|clearpoke\n|poke|p1|Calyrex-Shadow, L50|\n|poke|p1|Clefairy, L50, F|\n|poke|p1|Rillaboom, L50, F|\n|poke|p1|Urshifu-*, L50, F|\n|poke|p1|Ogerpon-Cornerstone, L50, F|\n|poke|p1|Incineroar, L50, F|\n|poke|p2|Miraidon, L50|\n|poke|p2|Cresselia, L50, F|\n|poke|p2|Thundurus-Therian, L50, M|\n|poke|p2|Incineroar, L50, M|\n|poke|p2|Ursaluna, L50, F|\n|poke|p2|Whimsicott, L50, F|\n|teampreview|4\nunoriginal tea rejected open team sheets.\n|inactive|Battle timer is ON: inactive players will automatically lose when time's up. (requested by unoriginal tea)\n|inactive|jkimkim1 also wants the timer to be on.\n|inactive|jkimkim1 has 60 seconds left.\n|\n|t:|1738583529\n|start\n|switch|p1a: Calyrex|Calyrex-Shadow, L50|100\/100\n|switch|p1b: Rillaboom|Rillaboom, L50, F|100\/100\n|switch|p2a: \uc2e0\uc815\ud6c8|Thundurus-Therian, L50, M|100\/100\n|switch|p2b: \ub9e5\ub3c4\ud604|Whimsicott, L50, F, shiny|100\/100\n|-ability|p1a: Calyrex|As One\n|-ability|p1a: Calyrex|Unnerve\n|-fieldstart|move: Grassy Terrain|[from] ability: Grassy Surge|[of] p1b: Rillaboom\n|turn|1\n|\n|t:|1738583541\n|-terastallize|p2a: \uc2e0\uc815\ud6c8|Flying\n|move|p2b: \ub9e5\ub3c4\ud604|Tailwind|p2b: \ub9e5\ub3c4\ud604\n|-sidestart|p2: jkimkim1|move: Tailwind\n|move|p2a: \uc2e0\uc815\ud6c8|Tera Blast|p1b: Rillaboom|[anim] Tera Blast Flying\n|-supereffective|p1b: Rillaboom\n|-damage|p1b: Rillaboom|12\/100\n|move|p1a: Calyrex|Nasty Plot|p1a: Calyrex\n|-boost|p1a: Calyrex|spa|2\n|move|p1b: Rillaboom|U-turn|p2b: \ub9e5\ub3c4\ud604\n|-damage|p2b: \ub9e5\ub3c4\ud604|63\/100\n|\n|t:|1738583557\n|switch|p1b: Clefairy|Clefairy, L50, F|100\/100|[from] U-turn\n|\n|-heal|p2b: \ub9e5\ub3c4\ud604|69\/100|[from] Grassy Terrain\n|upkeep\n|turn|2\n|\n|t:|1738583568\n|move|p2a: \uc2e0\uc815\ud6c8|Protect|p2a: \uc2e0\uc815\ud6c8\n|-singleturn|p2a: \uc2e0\uc815\ud6c8|Protect\n|move|p1b: Clefairy|Follow Me|p1b: Clefairy\n|-singleturn|p1b: Clefairy|move: Follow Me\n|move|p2b: \ub9e5\ub3c4\ud604|Taunt|p1b: Clefairy\n|-start|p1b: Clefairy|move: Taunt\n|move|p1a: Calyrex|Astral Barrage|p2a: \uc2e0\uc815\ud6c8|[spread] p2b\n|-activate|p2a: \uc2e0\uc815\ud6c8|move: Protect\n|-damage|p2b: \ub9e5\ub3c4\ud604|0 fnt\n|faint|p2b: \ub9e5\ub3c4\ud604\n|-ability|p1a: Calyrex|Grim Neigh|boost\n|-boost|p1a: Calyrex|spa|1\n|\n|upkeep\n|\n|t:|1738583578\n|switch|p2b: Jayson tatum|Miraidon, L50|100\/100\n|-fieldstart|move: Electric Terrain|[from] ability: Hadron Engine|[of] p2b: Jayson tatum\n|turn|3\n|\n|t:|1738583596\n|switch|p1b: Ogerpon|Ogerpon-Cornerstone, L50, F|100\/100\n|move|p1a: Calyrex|Protect|p1a: Calyrex\n|-singleturn|p1a: Calyrex|Protect\n|move|p2b: Jayson tatum|Electro Drift|p1a: Calyrex\n|-activate|p1a: Calyrex|move: Protect\n|move|p2a: \uc2e0\uc815\ud6c8|Wildbolt Storm|p1b: Ogerpon|[spread] p1b\n|-activate|p1a: Calyrex|move: Protect\n|-resisted|p1b: Ogerpon\n|-damage|p1b: Ogerpon|71\/100\n|-status|p1b: Ogerpon|par\n|\n|upkeep\n|turn|4\n|\n|t:|1738583619\n|move|p1b: Ogerpon|Follow Me|p1b: Ogerpon\n|-singleturn|p1b: Ogerpon|move: Follow Me\n|move|p2b: Jayson tatum|Electro Drift|p1b: Ogerpon\n|-resisted|p1b: Ogerpon\n|-damage|p1b: Ogerpon|0 fnt\n|faint|p1b: Ogerpon\n|move|p2a: \uc2e0\uc815\ud6c8|Wildbolt Storm|p1a: Calyrex\n|-damage|p1a: Calyrex|41\/100\n|move|p1a: Calyrex|Astral Barrage|p2a: \uc2e0\uc815\ud6c8|[spread] p2a,p2b\n|-damage|p2a: \uc2e0\uc815\ud6c8|0 fnt\n|-damage|p2b: Jayson tatum|0 fnt\n|faint|p2a: \uc2e0\uc815\ud6c8\n|faint|p2b: Jayson tatum\n|-ability|p1a: Calyrex|Grim Neigh|boost\n|-boost|p1a: Calyrex|spa|2\n|\n|-sideend|p2: jkimkim1|move: Tailwind\n|upkeep\n|\n|t:|1738583631\n|switch|p2b: Kingjames|Incineroar, L50, M|100\/100\n|switch|p1b: Rillaboom|Rillaboom, L50, F|12\/100\n|-ability|p2b: Kingjames|Intimidate|boost\n|-unboost|p1a: Calyrex|atk|1\n|-unboost|p1b: Rillaboom|atk|1\n|-fieldstart|move: Grassy Terrain|[from] ability: Grassy Surge|[of] p1b: Rillaboom\n|turn|5\n|\n|t:|1738583637\n|move|p1a: Calyrex|Protect|p1a: Calyrex\n|-singleturn|p1a: Calyrex|Protect\n|move|p2b: Kingjames|Knock Off|p1b: Rillaboom\n|-damage|p1b: Rillaboom|0 fnt\n|-enditem|p1b: Rillaboom|Assault Vest|[from] move: Knock Off|[of] p2b: Kingjames\n|faint|p1b: Rillaboom\n|\n|-heal|p1a: Calyrex|47\/100|[from] Grassy Terrain\n|upkeep\n|\n|t:|1738583640\n|switch|p1b: Clefairy|Clefairy, L50, F|100\/100\n|turn|6\n|\n|t:|1738583645\n|move|p1b: Clefairy|Follow Me|p1b: Clefairy\n|-singleturn|p1b: Clefairy|move: Follow Me\n|move|p1a: Calyrex|Astral Barrage|p2b: Kingjames\n|-resisted|p2b: Kingjames\n|-damage|p2b: Kingjames|0 fnt\n|faint|p2b: Kingjames\n|\n|win|unoriginal tea\n|raw|unoriginal tea's rating: 1549 &rarr; <strong>1578<\/strong><br \/>(+29 for winning)\n|raw|jkimkim1's rating: 1726 &rarr; <strong>1697<\/strong><br \/>(-29 for losing)\n|l|\u2606unoriginal tea\n|player|p1|\n","uploadtime":1738583857,"views":12,"formatid":"gen9vgc2025regg","rating":1578,"private":0,"password":null}