{"id":"gen9vgc2025regg-2293376004","format":"[Gen 9] VGC 2025 Reg G","players":["InWINeroar","LunarLooser"],"log":"|j|\u2606InWINeroar\n|j|\u2606LunarLooser\n|t:|1738559410\n|gametype|doubles\n|player|p1|InWINeroar|101|1581\n|player|p2|LunarLooser|265|1579\n|teamsize|p1|6\n|teamsize|p2|6\n|gen|9\n|tier|[Gen 9] VGC 2025 Reg G\n|rated|\n|rule|Species Clause: Limit one of each Pok\u00e9mon\n|rule|Item Clause: Limit 1 of each item\n|clearpoke\n|poke|p1|Calyrex-Shadow, L50|\n|poke|p1|Urshifu-*, L50, M|\n|poke|p1|Incineroar, L50, M|\n|poke|p1|Rillaboom, L50, F|\n|poke|p1|Ogerpon-Hearthflame, L50, F|\n|poke|p1|Clefairy, L50, F|\n|poke|p2|Kyogre, L50|\n|poke|p2|Tsareena, L50, F|\n|poke|p2|Urshifu-*, L50, M|\n|poke|p2|Landorus, L50, M|\n|poke|p2|Tornadus, L50, M|\n|poke|p2|Raging Bolt, L50|\n|teampreview|4\n|inactive|Battle timer is ON: inactive players will automatically lose when time's up. (requested by LunarLooser)\n|inactive|InWINeroar also wants the timer to be on.\n|\n|t:|1738559436\n|start\n|switch|p1a: Calyrex|Calyrex-Shadow, L50|100\/100\n|switch|p1b: Clefairy|Clefairy, L50, F|100\/100\n|switch|p2a: Tornadus|Tornadus, L50, M|100\/100\n|switch|p2b: Raging Bolt|Raging Bolt, L50|100\/100\n|-ability|p1a: Calyrex|As One\n|-ability|p1a: Calyrex|Unnerve\n|turn|1\n|\n|t:|1738559458\n|move|p1b: Clefairy|Follow Me|p1b: Clefairy\n|-singleturn|p1b: Clefairy|move: Follow Me\n|move|p2a: Tornadus|Tailwind|p2a: Tornadus\n|-sidestart|p2: LunarLooser|move: Tailwind\n|move|p1a: Calyrex|Nasty Plot|p1a: Calyrex\n|-boost|p1a: Calyrex|spa|2\n|move|p2b: Raging Bolt|Electroweb|p1a: Calyrex|[spread] p1b\n|-miss|p2b: Raging Bolt|p1a: Calyrex\n|-damage|p1b: Clefairy|85\/100\n|-unboost|p1b: Clefairy|spe|1\n|\n|upkeep\n|turn|2\n|\n|t:|1738559472\n|-terastallize|p1a: Calyrex|Ghost\n|move|p1b: Clefairy|Helping Hand|p1a: Calyrex\n|-singleturn|p1a: Calyrex|Helping Hand|[of] p1b: Clefairy\n|move|p2a: Tornadus|Taunt|p1b: Clefairy\n|-start|p1b: Clefairy|move: Taunt\n|move|p1a: Calyrex|Astral Barrage|p2b: Raging Bolt|[spread] p2a,p2b\n|-crit|p2b: Raging Bolt\n|-damage|p2a: Tornadus|0 fnt\n|-damage|p2b: Raging Bolt|0 fnt\n|faint|p2a: Tornadus\n|faint|p2b: Raging Bolt\n|-end|p2b: Raging Bolt|Protosynthesis|[silent]\n|-ability|p1a: Calyrex|Grim Neigh|boost\n|-boost|p1a: Calyrex|spa|2\n|\n|upkeep\n|\n|t:|1738559479\n|switch|p2a: Urshifu|Urshifu-Rapid-Strike, L50, M|100\/100\n|switch|p2b: Kyogre|Kyogre, L50|100\/100\n|-weather|RainDance|[from] ability: Drizzle|[of] p2b: Kyogre\n|turn|3\n|\n|t:|1738559491\n|switch|p1b: Rillaboom|Rillaboom, L50, F|100\/100\n|-fieldstart|move: Grassy Terrain|[from] ability: Grassy Surge|[of] p1b: Rillaboom\n|-terastallize|p2b: Kyogre|Water\n|move|p2a: Urshifu|Surging Strikes|p1a: Calyrex\n|-crit|p1a: Calyrex\n|-damage|p1a: Calyrex|64\/100\n|-crit|p1a: Calyrex\n|-damage|p1a: Calyrex|30\/100\n|-crit|p1a: Calyrex\n|-damage|p1a: Calyrex|0 fnt\n|faint|p1a: Calyrex\n|-hitcount|p1: Calyrex|3\n|move|p2b: Kyogre|Water Spout|p1b: Rillaboom\n|-resisted|p1b: Rillaboom\n|-damage|p1b: Rillaboom|12\/100\n|\n|-weather|RainDance|[upkeep]\n|-heal|p1b: Rillaboom|18\/100|[from] Grassy Terrain\n|upkeep\n|\n|t:|1738559498\n|switch|p1a: Clefairy|Clefairy, L50, F|85\/100\n|turn|4\n|\n|t:|1738559510\n|move|p1b: Rillaboom|Fake Out|p2b: Kyogre\n|-damage|p2b: Kyogre|86\/100\n|move|p1a: Clefairy|Follow Me|p1a: Clefairy\n|-singleturn|p1a: Clefairy|move: Follow Me\n|move|p2a: Urshifu|Surging Strikes|p1a: Clefairy\n|-crit|p1a: Clefairy\n|-damage|p1a: Clefairy|56\/100\n|-crit|p1a: Clefairy\n|-damage|p1a: Clefairy|30\/100\n|-crit|p1a: Clefairy\n|-damage|p1a: Clefairy|3\/100\n|-hitcount|p1a: Clefairy|3\n|cant|p2b: Kyogre|flinch\n|\n|-weather|RainDance|[upkeep]\n|-heal|p2b: Kyogre|91\/100|[from] Grassy Terrain\n|-heal|p1b: Rillaboom|23\/100|[from] Grassy Terrain\n|-heal|p1a: Clefairy|10\/100|[from] Grassy Terrain\n|-sideend|p2: LunarLooser|move: Tailwind\n|upkeep\n|turn|5\n|\n|t:|1738559524\n|move|p1a: Clefairy|Follow Me|p1a: Clefairy\n|-singleturn|p1a: Clefairy|move: Follow Me\n|move|p1b: Rillaboom|Grassy Glide|p2a: Urshifu\n|-supereffective|p2a: Urshifu\n|-damage|p2a: Urshifu|25\/100\n|move|p2a: Urshifu|Surging Strikes|p1a: Clefairy\n|-crit|p1a: Clefairy\n|-damage|p1a: Clefairy|0 fnt\n|faint|p1a: Clefairy\n|-hitcount|p1: Clefairy|1\n|move|p2b: Kyogre|Water Spout|p1b: Rillaboom\n|-resisted|p1b: Rillaboom\n|-damage|p1b: Rillaboom|0 fnt\n|faint|p1b: Rillaboom\n|\n|-weather|RainDance|[upkeep]\n|-heal|p2a: Urshifu|31\/100|[from] Grassy Terrain\n|-heal|p2b: Kyogre|97\/100|[from] Grassy Terrain\n|upkeep\n|\n|t:|1738559529\n|switch|p1b: Ogerpon|Ogerpon-Hearthflame, L50, F|100\/100\n|-ability|p1b: Ogerpon|Mold Breaker\n|turn|6\n|\n|t:|1738559542\n|move|p1b: Ogerpon|Grassy Glide|p2b: Kyogre\n|-supereffective|p2b: Kyogre\n|-damage|p2b: Kyogre|8\/100\n|move|p2a: Urshifu|Surging Strikes|p1b: Ogerpon\n|-crit|p1b: Ogerpon\n|-damage|p1b: Ogerpon|67\/100\n|-crit|p1b: Ogerpon\n|-damage|p1b: Ogerpon|33\/100\n|-crit|p1b: Ogerpon\n|-damage|p1b: Ogerpon|0 fnt\n|faint|p1b: Ogerpon\n|-hitcount|p1: Ogerpon|3\n|\n|win|LunarLooser\n|raw|InWINeroar's rating: 1581 &rarr; <strong>1561<\/strong><br \/>(-20 for losing)\n|raw|LunarLooser's rating: 1579 &rarr; <strong>1599<\/strong><br \/>(+20 for winning)\n|l|\u2606InWINeroar\n|player|p1|\n|l|\u2606LunarLooser\n|player|p2|\n","uploadtime":1738559779,"views":12,"formatid":"gen9vgc2025regg","rating":1561,"private":0,"password":null}