{"id":"gen9vgc2025regg-2293347292","format":"[Gen 9] VGC 2025 Reg G","players":["GHS730","Peckham"],"log":"|j|\u2606GHS730\n|j|\u2606Peckham\n|t:|1738554871\n|gametype|doubles\n|player|p1|GHS730|gambler|1540\n|player|p2|Peckham|102|1566\n|teamsize|p1|6\n|teamsize|p2|6\n|gen|9\n|tier|[Gen 9] VGC 2025 Reg G\n|rated|\n|rule|Species Clause: Limit one of each Pok\u00e9mon\n|rule|Item Clause: Limit 1 of each item\n|clearpoke\n|poke|p1|Zacian-*, L50|\n|poke|p1|Chien-Pao, L50|\n|poke|p1|Tornadus, L50, M|\n|poke|p1|Incineroar, L50, M|\n|poke|p1|Rillaboom, L50, F|\n|poke|p1|Urshifu-*, L50, F|\n|poke|p2|Amoonguss, L50, M|\n|poke|p2|Terapagos, L50, M|\n|poke|p2|Flutter Mane, L50|\n|poke|p2|Rillaboom, L50, M|\n|poke|p2|Raging Bolt, L50|\n|poke|p2|Chi-Yu, L50|\n|teampreview|4\n|inactive|Battle timer is ON: inactive players will automatically lose when time's up. (requested by Peckham)\n|inactive|GHS730 also wants the timer to be on.\n|inactive|GHS730 has 60 seconds left.\n|inactive|Peckham has 60 seconds left.\n|\n|t:|1738554917\n|start\n|switch|p1a: Tornadus|Tornadus, L50, M|100\/100\n|switch|p1b: Chien-Pao|Chien-Pao, L50|100\/100\n|switch|p2a: Amoonguss|Amoonguss, L50, M|100\/100\n|switch|p2b: Raging Bolt|Raging Bolt, L50|100\/100\n|-ability|p1b: Chien-Pao|Sword of Ruin\n|turn|1\n|\n|t:|1738554937\n|-terastallize|p2a: Amoonguss|Water\n|move|p1b: Chien-Pao|Protect|p1b: Chien-Pao\n|-singleturn|p1b: Chien-Pao|Protect\n|move|p2b: Raging Bolt|Protect|p2b: Raging Bolt\n|-singleturn|p2b: Raging Bolt|Protect\n|move|p1a: Tornadus|Taunt|p2a: Amoonguss\n|-start|p2a: Amoonguss|move: Taunt\n|cant|p2a: Amoonguss|move: Taunt|Spore\n|\n|upkeep\n|turn|2\n|\n|t:|1738554957\n|move|p1b: Chien-Pao|Icicle Crash|p2b: Raging Bolt\n|-supereffective|p2b: Raging Bolt\n|-damage|p2b: Raging Bolt|9\/100\n|move|p1a: Tornadus|Bleakwind Storm|p2b: Raging Bolt|[spread] p2a\n|-miss|p1a: Tornadus|p2b: Raging Bolt\n|-damage|p2a: Amoonguss|72\/100\n|move|p2b: Raging Bolt|Thunderbolt|p1a: Tornadus\n|-supereffective|p1a: Tornadus\n|-damage|p1a: Tornadus|0 fnt\n|faint|p1a: Tornadus\n|-damage|p2b: Raging Bolt|0 fnt|[from] item: Life Orb\n|faint|p2b: Raging Bolt\n|-end|p2b: Raging Bolt|Protosynthesis|[silent]\n|move|p2a: Amoonguss|Pollen Puff|p2: Raging Bolt|[notarget]\n|-fail|p2a: Amoonguss\n|\n|upkeep\n|\n|t:|1738554977\n|switch|p1a: Zacian|Zacian-Crowned, L50|100\/100\n|switch|p2b: Flutter Mane|Flutter Mane, L50|100\/100\n|-ability|p1a: Zacian|Intrepid Sword|boost\n|-boost|p1a: Zacian|atk|1\n|-enditem|p2b: Flutter Mane|Booster Energy\n|-activate|p2b: Flutter Mane|ability: Protosynthesis|[fromitem]\n|-start|p2b: Flutter Mane|protosynthesisspe\n|turn|3\n|\n|t:|1738554997\n|switch|p2a: Terapagos|Terapagos, L50, M|100\/100\n|-activate|p2a: Terapagos|ability: Tera Shift\n|detailschange|p2a: Terapagos|Terapagos-Terastal, L50, M\n|-heal|p2a: Terapagos|100\/100|[silent]\n|move|p2b: Flutter Mane|Icy Wind|p1a: Zacian|[spread] p1a,p1b\n|-resisted|p1a: Zacian\n|-resisted|p1b: Chien-Pao\n|-damage|p1a: Zacian|95\/100\n|-damage|p1b: Chien-Pao|91\/100\n|-unboost|p1a: Zacian|spe|1\n|-unboost|p1b: Chien-Pao|spe|1\n|move|p1a: Zacian|Play Rough|p2a: Terapagos\n|-activate|p2a: Terapagos|ability: Tera Shell\n|-resisted|p2a: Terapagos\n|-damage|p2a: Terapagos|47\/100\n|move|p1b: Chien-Pao|Icicle Crash|p2b: Flutter Mane|[miss]\n|-miss|p1b: Chien-Pao|p2b: Flutter Mane\n|\n|upkeep\n|turn|4\n|inactive|GHS730 has 30 seconds left.\n|inactive|Peckham has 30 seconds left.\n|inactive|Peckham has 20 seconds left.\n|inactive|GHS730 has 20 seconds left.\n|inactive|GHS730 has 15 seconds left.\n|\n|t:|1738555051\n|-terastallize|p1a: Zacian|Grass\n|move|p1b: Chien-Pao|Sucker Punch|p2a: Terapagos\n|-damage|p2a: Terapagos|2\/100\n|move|p2b: Flutter Mane|Moonblast|p1b: Chien-Pao\n|-supereffective|p1b: Chien-Pao\n|-damage|p1b: Chien-Pao|0 fnt\n|faint|p1b: Chien-Pao\n|move|p1a: Zacian|Behemoth Blade|p2b: Flutter Mane\n|-supereffective|p2b: Flutter Mane\n|-damage|p2b: Flutter Mane|0 fnt\n|faint|p2b: Flutter Mane\n|-end|p2b: Flutter Mane|Protosynthesis|[silent]\n|move|p2a: Terapagos|Earth Power|p1a: Zacian\n|-resisted|p1a: Zacian\n|-damage|p1a: Zacian|73\/100\n|\n|upkeep\n|\n|t:|1738555068\n|switch|p1b: Urshifu|Urshifu-Rapid-Strike, L50, F|100\/100\n|switch|p2b: Amoonguss|Amoonguss, L50, M, tera:Water|100\/100\n|turn|5\n|-message|Peckham forfeited.\n|\n|win|GHS730\n|raw|GHS730's rating: 1540 &rarr; <strong>1561<\/strong><br \/>(+21 for winning)\n|raw|Peckham's rating: 1566 &rarr; <strong>1545<\/strong><br \/>(-21 for losing)\n|l|\u2606Peckham\n|player|p2|\n|l|\u2606GHS730\n|player|p1|\n","uploadtime":1738555250,"views":5,"formatid":"gen9vgc2025regg","rating":1545,"private":0,"password":null}