{"id":"gen9vgc2025regg-2293052154","format":"[Gen 9] VGC 2025 Reg G","players":["test-on-calls","Yung Trav"],"log":"|j|\u2606test-on-calls\n|j|\u2606Yung Trav\n|t:|1738517692\n|gametype|doubles\n|player|p1|test-on-calls|101|1511\n|player|p2|Yung Trav|1|1582\n|teamsize|p1|6\n|teamsize|p2|6\n|gen|9\n|tier|[Gen 9] VGC 2025 Reg G\n|rated|\n|rule|Species Clause: Limit one of each Pok\u00e9mon\n|rule|Item Clause: Limit 1 of each item\n|clearpoke\n|poke|p1|Whimsicott, L50, F|\n|poke|p1|Groudon, L50|\n|poke|p1|Flutter Mane, L50|\n|poke|p1|Chi-Yu, L50|\n|poke|p1|Sableye, L50, F|\n|poke|p1|Toxapex, L50, F|\n|poke|p2|Calyrex-Ice, L50|\n|poke|p2|Regidrago, L50|\n|poke|p2|Smeargle, L50, M|\n|poke|p2|Farigiraf, L50, M|\n|poke|p2|Urshifu-*, L50, M|\n|poke|p2|Ogerpon-Cornerstone, L50, F|\n|teampreview|4\n|inactive|Battle timer is ON: inactive players will automatically lose when time's up. (requested by test-on-calls)\n|\n|t:|1738517711\n|start\n|switch|p1a: Whimsicott|Whimsicott, L50, F|100\/100\n|switch|p1b: Groudon|Groudon, L50, shiny|100\/100\n|switch|p2a: Calyrex|Calyrex-Ice, L50|100\/100\n|switch|p2b: Ogerpon|Ogerpon-Cornerstone, L50, F|100\/100\n|-ability|p2a: Calyrex|As One\n|-ability|p2a: Calyrex|Unnerve\n|-weather|SunnyDay|[from] ability: Drought|[of] p1b: Groudon\n|turn|1\n|inactive|test-on-calls has 30 seconds left.\n|\n|t:|1738517746\n|-terastallize|p1b: Groudon|Water\n|-terastallize|p2a: Calyrex|Water\n|move|p2b: Ogerpon|Follow Me|p2b: Ogerpon\n|-singleturn|p2b: Ogerpon|move: Follow Me\n|move|p1a: Whimsicott|Moonblast|p2b: Ogerpon\n|-damage|p2b: Ogerpon|59\/100\n|move|p1b: Groudon|Precipice Blades|p2a: Calyrex|[spread] p2b\n|-miss|p1b: Groudon|p2a: Calyrex\n|-damage|p2b: Ogerpon|0 fnt\n|faint|p2b: Ogerpon\n|move|p2a: Calyrex|Trick Room|p2a: Calyrex\n|-fieldstart|move: Trick Room|[of] p2a: Calyrex\n|\n|-weather|SunnyDay|[upkeep]\n|upkeep\n|\n|t:|1738517763\n|switch|p2b: Smeargle|Smeargle, L50, M, shiny|100\/100\n|turn|2\n|\n|t:|1738517773\n|move|p2b: Smeargle|Follow Me|p2b: Smeargle\n|-singleturn|p2b: Smeargle|move: Follow Me\n|move|p1a: Whimsicott|Misty Terrain|p1a: Whimsicott\n|-fieldstart|move: Misty Terrain\n|move|p2a: Calyrex|Glacial Lance|p1b: Groudon|[spread] p1a,p1b\n|-supereffective|p1a: Whimsicott\n|-resisted|p1b: Groudon\n|-enditem|p1a: Whimsicott|Focus Sash\n|-damage|p1a: Whimsicott|1\/100\n|-damage|p1b: Groudon|78\/100\n|move|p1b: Groudon|Precipice Blades|p2a: Calyrex|[spread] p2a,p2b\n|-damage|p2a: Calyrex|67\/100\n|-damage|p2b: Smeargle|22\/100\n|\n|-weather|SunnyDay|[upkeep]\n|upkeep\n|turn|3\n|\n|t:|1738517788\n|switch|p1a: Toxapex|Toxapex, L50, F|100\/100\n|move|p2b: Smeargle|Decorate|p2a: Calyrex\n|-boost|p2a: Calyrex|atk|2\n|-boost|p2a: Calyrex|spa|2\n|move|p2a: Calyrex|Glacial Lance|p1a: Toxapex|[spread] p1a,p1b\n|-resisted|p1a: Toxapex\n|-resisted|p1b: Groudon\n|-damage|p1a: Toxapex|58\/100\n|-damage|p1b: Groudon|36\/100\n|move|p1b: Groudon|Precipice Blades|p2a: Calyrex|[spread] p2a,p2b\n|-damage|p2a: Calyrex|32\/100\n|-damage|p2b: Smeargle|0 fnt\n|faint|p2b: Smeargle\n|\n|-weather|SunnyDay|[upkeep]\n|-heal|p1a: Toxapex|64\/100|[from] item: Leftovers\n|upkeep\n|\n|t:|1738517805\n|switch|p2b: Regidrago|Regidrago, L50, shiny|100\/100\n|turn|4\n|inactive|test-on-calls has 30 seconds left.\n|\n|t:|1738517835\n|move|p2b: Regidrago|Dragon Energy|p1b: Groudon|[spread] p1a,p1b\n|-damage|p1a: Toxapex|35\/100\n|-damage|p1b: Groudon|11\/100\n|move|p1a: Toxapex|Haze|p1a: Toxapex\n|-clearallboost\n|move|p2a: Calyrex|Glacial Lance|p1a: Toxapex|[spread] p1a,p1b\n|-resisted|p1a: Toxapex\n|-resisted|p1b: Groudon\n|-damage|p1a: Toxapex|13\/100\n|-damage|p1b: Groudon|0 fnt\n|faint|p1b: Groudon\n|-ability|p2a: Calyrex|Chilling Neigh|boost\n|-boost|p2a: Calyrex|atk|1\n|\n|-weather|SunnyDay|[upkeep]\n|-heal|p1a: Toxapex|19\/100|[from] item: Leftovers\n|upkeep\n|\n|t:|1738517842\n|switch|p1b: Flutter Mane|Flutter Mane, L50, shiny|100\/100\n|-activate|p1b: Flutter Mane|ability: Protosynthesis\n|-start|p1b: Flutter Mane|protosynthesisspe\n|turn|5\n|\n|t:|1738517860\n|-end|p1b: Flutter Mane|Protosynthesis|[silent]\n|switch|p1b: Whimsicott|Whimsicott, L50, F|1\/100\n|move|p1a: Toxapex|Baneful Bunker|p1a: Toxapex\n|-singleturn|p1a: Toxapex|move: Protect\n|move|p2b: Regidrago|Earth Power|p1b: Whimsicott\n|-resisted|p1b: Whimsicott\n|-damage|p1b: Whimsicott|0 fnt\n|faint|p1b: Whimsicott\n|move|p2a: Calyrex|Glacial Lance|p1a: Toxapex\n|-activate|p1a: Toxapex|move: Protect\n|\n|-weather|none\n|-heal|p1a: Toxapex|25\/100|[from] item: Leftovers\n|-fieldend|move: Trick Room\n|upkeep\n|\n|t:|1738517862\n|switch|p1b: Flutter Mane|Flutter Mane, L50, shiny|100\/100\n|turn|6\n|\n|t:|1738517887\n|move|p2b: Regidrago|Protect|p2b: Regidrago\n|-singleturn|p2b: Regidrago|Protect\n|move|p1b: Flutter Mane|Dazzling Gleam|p2b: Regidrago|[spread] p2a\n|-activate|p2b: Regidrago|move: Protect\n|-damage|p2a: Calyrex|0 fnt\n|faint|p2a: Calyrex\n|move|p1a: Toxapex|Infestation|p2b: Regidrago\n|-activate|p2b: Regidrago|move: Protect\n|\n|-heal|p1a: Toxapex|30\/100|[from] item: Leftovers\n|-fieldend|Misty Terrain\n|upkeep\n|turn|7\n|-message|Yung Trav forfeited.\n|\n|win|test-on-calls\n|raw|test-on-calls's rating: 1511 &rarr; <strong>1535<\/strong><br \/>(+24 for winning)\n|raw|Yung Trav's rating: 1582 &rarr; <strong>1558<\/strong><br \/>(-24 for losing)\n|l|\u2606Yung Trav\n|player|p2|\n|j|\u2606Yung Trav\n|player|p2|Yung Trav|1|\n|l|\u2606test-on-calls\n|player|p1|\n|l|\u2606Yung Trav\n|player|p2|\n","uploadtime":1738518105,"views":10,"formatid":"gen9vgc2025regg","rating":1535,"private":0,"password":null}