{"id":"gen9vgc2025regg-2293169293","format":"[Gen 9] VGC 2025 Reg G","players":["lawfoolio","MoodyMukVGC"],"log":"|j|\u2606lawfoolio\n|j|\u2606MoodyMukVGC\n|t:|1738531721\n|gametype|doubles\n|player|p1|lawfoolio|170|1570\n|player|p2|MoodyMukVGC|chuck|1564\n|teamsize|p1|6\n|teamsize|p2|6\n|gen|9\n|tier|[Gen 9] VGC 2025 Reg G\n|rated|\n|rule|Species Clause: Limit one of each Pok\u00e9mon\n|rule|Item Clause: Limit 1 of each item\n|clearpoke\n|poke|p1|Zamazenta-*, L50|\n|poke|p1|Entei, L50|\n|poke|p1|Flutter Mane, L50|\n|poke|p1|Chien-Pao, L50|\n|poke|p1|Amoonguss, L50, M|\n|poke|p1|Ditto, L50|\n|poke|p2|Grimmsnarl, L50, M|\n|poke|p2|Ting-Lu, L50|\n|poke|p2|Eternatus, L50|\n|poke|p2|Dondozo, L50, M|\n|poke|p2|Goodra-Hisui, L50, M|\n|poke|p2|Cresselia, L50, F|\n|teampreview|4\n|inactive|Battle timer is ON: inactive players will automatically lose when time's up. (requested by lawfoolio)\n|j| GT Thunder\n|\n|t:|1738531751\n|start\n|switch|p1a: Amoonguss|Amoonguss, L50, M|100\/100\n|switch|p1b: Ditto|Ditto, L50|100\/100\n|switch|p2a: Dondozo|Dondozo, L50, M, shiny|100\/100\n|switch|p2b: Ting-Lu|Ting-Lu, L50|100\/100\n|-transform|p1b: Ditto|p2a: Dondozo|[from] ability: Imposter\n|-ability|p2b: Ting-Lu|Vessel of Ruin\n|turn|1\n|inactive|lawfoolio has 30 seconds left.\n|\n|t:|1738531779\n|move|p2b: Ting-Lu|Sand Tomb|p1a: Amoonguss|[miss]\n|-miss|p2b: Ting-Lu|p1a: Amoonguss\n|move|p1b: Ditto|Yawn|p2a: Dondozo\n|-start|p2a: Dondozo|move: Yawn|[of] p1b: Ditto\n|move|p2a: Dondozo|Yawn|p1a: Amoonguss\n|-start|p1a: Amoonguss|move: Yawn|[of] p2a: Dondozo\n|move|p1a: Amoonguss|Spore|p2b: Ting-Lu\n|-status|p2b: Ting-Lu|slp|[from] move: Spore\n|\n|upkeep\n|turn|2\n|-activate|p1b: Ditto|item: Quick Claw\n|\n|t:|1738531793\n|switch|p2b: Eternatus|Eternatus, L50|100\/100\n|-ability|p2b: Eternatus|Pressure\n|switch|p1a: Chien-Pao|Chien-Pao, L50|100\/100\n|-ability|p1a: Chien-Pao|Sword of Ruin\n|move|p1b: Ditto|Wave Crash|p2b: Eternatus\n|-resisted|p2b: Eternatus\n|-damage|p2b: Eternatus|85\/100\n|-damage|p1b: Ditto|92\/100|[from] Recoil\n|move|p2a: Dondozo|Yawn|p1b: Ditto\n|-start|p1b: Ditto|move: Yawn|[of] p2a: Dondozo\n|\n|-end|p2a: Dondozo|move: Yawn|[silent]\n|-status|p2a: Dondozo|slp\n|upkeep\n|turn|3\n|inactive|MoodyMukVGC has 30 seconds left.\n|\n|t:|1738531822\n|switch|p1b: Amoonguss|Amoonguss, L50, M|100\/100\n|-terastallize|p2b: Eternatus|Dark\n|move|p1a: Chien-Pao|Icicle Crash|p2b: Eternatus\n|-damage|p2b: Eternatus|53\/100\n|move|p2b: Eternatus|Cosmic Power|p2b: Eternatus\n|-boost|p2b: Eternatus|def|1\n|-boost|p2b: Eternatus|spd|1\n|cant|p2a: Dondozo|slp\n|\n|upkeep\n|turn|4\n|\n|t:|1738531845\n|move|p1a: Chien-Pao|Throat Chop|p2a: Dondozo\n|-damage|p2a: Dondozo|74\/100 slp\n|-start|p2a: Dondozo|Throat Chop|[silent]\n|move|p2b: Eternatus|Recover|p2b: Eternatus\n|-heal|p2b: Eternatus|100\/100\n|cant|p2a: Dondozo|slp\n|move|p1b: Amoonguss|Spore|p2b: Eternatus\n|-status|p2b: Eternatus|slp|[from] move: Spore\n|\n|-heal|p2a: Dondozo|80\/100 slp|[from] item: Leftovers\n|upkeep\n|turn|5\n|\n|t:|1738531857\n|switch|p1a: Ditto|Ditto, L50|92\/100\n|-transform|p1a: Ditto|p2b: Eternatus|[from] ability: Imposter\n|-ability|p1a: Ditto|Pressure\n|move|p1b: Amoonguss|Protect|p1b: Amoonguss\n|-singleturn|p1b: Amoonguss|Protect\n|cant|p2b: Eternatus|slp\n|cant|p2a: Dondozo|slp\n|\n|-heal|p2a: Dondozo|86\/100 slp|[from] item: Leftovers\n|-end|p2a: Dondozo|Throat Chop|[silent]\n|upkeep\n|-start|p1a: Ditto|typechange|Poison\/Dragon|[silent]\n|turn|6\n|j| brrkz\n|\n|t:|1738531868\n|switch|p1b: Zamazenta|Zamazenta-Crowned, L50|100\/100\n|-ability|p1b: Zamazenta|Dauntless Shield|boost\n|-boost|p1b: Zamazenta|def|1\n|move|p1a: Ditto|Sludge Bomb|p2a: Dondozo\n|-damage|p2a: Dondozo|48\/100 slp\n|-curestatus|p2b: Eternatus|slp|[msg]\n|move|p2b: Eternatus|Cosmic Power|p2b: Eternatus\n|-boost|p2b: Eternatus|def|1\n|-boost|p2b: Eternatus|spd|1\n|-curestatus|p2a: Dondozo|slp|[msg]\n|move|p2a: Dondozo|Yawn|p1a: Ditto\n|-start|p1a: Ditto|move: Yawn|[of] p2a: Dondozo\n|\n|-heal|p2a: Dondozo|54\/100|[from] item: Leftovers\n|upkeep\n|turn|7\n|-activate|p1a: Ditto|item: Quick Claw\n|\n|t:|1738531884\n|-terastallize|p1b: Zamazenta|Dragon\n|move|p1a: Ditto|Cosmic Power|p1a: Ditto\n|-boost|p1a: Ditto|def|1\n|-boost|p1a: Ditto|spd|1\n|move|p1b: Zamazenta|Body Press|p2a: Dondozo\n|-damage|p2a: Dondozo|15\/100\n|move|p2b: Eternatus|Cosmic Power|p2b: Eternatus\n|-boost|p2b: Eternatus|def|1\n|-boost|p2b: Eternatus|spd|1\n|move|p2a: Dondozo|Yawn|p1b: Zamazenta\n|-start|p1b: Zamazenta|move: Yawn|[of] p2a: Dondozo\n|\n|-heal|p2a: Dondozo|22\/100|[from] item: Leftovers\n|-end|p1a: Ditto|move: Yawn|[silent]\n|-status|p1a: Ditto|slp\n|upkeep\n|turn|8\n|j| Roman_Legend\n|\n|t:|1738531907\n|move|p2a: Dondozo|Protect|p2a: Dondozo\n|-singleturn|p2a: Dondozo|Protect\n|move|p1b: Zamazenta|Body Press|p2a: Dondozo\n|-activate|p2a: Dondozo|move: Protect\n|cant|p1a: Ditto|slp\n|move|p2b: Eternatus|Cosmic Power|p2b: Eternatus\n|-boost|p2b: Eternatus|def|1\n|-boost|p2b: Eternatus|spd|1\n|\n|-heal|p2a: Dondozo|28\/100|[from] item: Leftovers\n|-end|p1b: Zamazenta|move: Yawn|[silent]\n|-status|p1b: Zamazenta|slp\n|upkeep\n|turn|9\n|\n|t:|1738531922\n|switch|p1a: Amoonguss|Amoonguss, L50, M|100\/100\n|switch|p2a: Goodra|Goodra-Hisui, L50, M, shiny|100\/100\n|cant|p1b: Zamazenta|slp\n|move|p2b: Eternatus|Cosmic Power|p2b: Eternatus\n|-boost|p2b: Eternatus|def|1\n|-boost|p2b: Eternatus|spd|1\n|\n|upkeep\n|turn|10\n|\n|t:|1738531931\n|-curestatus|p1b: Zamazenta|slp|[msg]\n|move|p1b: Zamazenta|Body Press|p2a: Goodra\n|-supereffective|p2a: Goodra\n|-crit|p2a: Goodra\n|-damage|p2a: Goodra|0 fnt\n|faint|p2a: Goodra\n|move|p2b: Eternatus|Flamethrower|p1a: Amoonguss\n|-supereffective|p1a: Amoonguss\n|-damage|p1a: Amoonguss|51\/100\n|-status|p1a: Amoonguss|brn\n|move|p1a: Amoonguss|Spore|p2b: Eternatus\n|-status|p2b: Eternatus|slp|[from] move: Spore\n|\n|-damage|p1a: Amoonguss|45\/100 brn|[from] brn\n|upkeep\n|\n|t:|1738531941\n|switch|p2a: Dondozo|Dondozo, L50, M, shiny|28\/100\n|turn|11\n|\n|t:|1738531952\n|switch|p1a: Chien-Pao|Chien-Pao, L50|100\/100\n|-ability|p1a: Chien-Pao|Sword of Ruin\n|move|p2a: Dondozo|Protect|p2a: Dondozo\n|-singleturn|p2a: Dondozo|Protect\n|move|p1b: Zamazenta|Body Press|p2a: Dondozo\n|-activate|p2a: Dondozo|move: Protect\n|cant|p2b: Eternatus|slp\n|\n|-heal|p2a: Dondozo|34\/100|[from] item: Leftovers\n|upkeep\n|turn|12\n|\n|t:|1738531961\n|switch|p2a: Ting-Lu|Ting-Lu, L50|100\/100 slp\n|-ability|p2a: Ting-Lu|Vessel of Ruin\n|move|p1a: Chien-Pao|Icicle Crash|p2b: Eternatus\n|-damage|p2b: Eternatus|91\/100 slp\n|move|p1b: Zamazenta|Body Press|p2a: Ting-Lu\n|-supereffective|p2a: Ting-Lu\n|-damage|p2a: Ting-Lu|0 fnt\n|-damage|p1b: Zamazenta|84\/100|[from] item: Rocky Helmet|[of] p2a: Ting-Lu\n|faint|p2a: Ting-Lu\n|cant|p2b: Eternatus|slp\n|\n|upkeep\n|\n|t:|1738531975\n|switch|p2a: Dondozo|Dondozo, L50, M, shiny|34\/100\n|turn|13\n|\n|t:|1738531979\n|move|p2a: Dondozo|Protect|p2a: Dondozo\n|-singleturn|p2a: Dondozo|Protect\n|move|p1b: Zamazenta|Wide Guard|p1b: Zamazenta\n|-singleturn|p1b: Zamazenta|Wide Guard\n|move|p1a: Chien-Pao|Icicle Crash|p2b: Eternatus\n|-damage|p2b: Eternatus|81\/100 slp\n|-curestatus|p2b: Eternatus|slp|[msg]\n|move|p2b: Eternatus|Flamethrower|p1a: Chien-Pao\n|-supereffective|p1a: Chien-Pao\n|-damage|p1a: Chien-Pao|11\/100\n|\n|-heal|p2a: Dondozo|40\/100|[from] item: Leftovers\n|upkeep\n|turn|14\n|\n|t:|1738531993\n|move|p1a: Chien-Pao|Throat Chop|p2a: Dondozo\n|-damage|p2a: Dondozo|14\/100\n|-start|p2a: Dondozo|Throat Chop|[silent]\n|move|p1b: Zamazenta|Body Press|p2a: Dondozo\n|-damage|p2a: Dondozo|0 fnt\n|faint|p2a: Dondozo\n|move|p2b: Eternatus|Flamethrower|p1a: Chien-Pao\n|-supereffective|p1a: Chien-Pao\n|-damage|p1a: Chien-Pao|0 fnt\n|faint|p1a: Chien-Pao\n|\n|upkeep\n|\n|t:|1738532001\n|switch|p1a: Ditto|Ditto, L50|92\/100 slp\n|-transform|p1a: Ditto|p2b: Eternatus|[from] ability: Imposter\n|-ability|p1a: Ditto|Pressure\n|-start|p1a: Ditto|typechange|Poison\/Dragon|[silent]\n|turn|15\n|\n|t:|1738532008\n|switch|p1b: Amoonguss|Amoonguss, L50, M|79\/100 brn\n|move|p2b: Eternatus|Sludge Bomb|p1b: Amoonguss\n|-damage|p1b: Amoonguss|43\/100 brn\n|cant|p1a: Ditto|slp\n|\n|-damage|p1b: Amoonguss|37\/100 brn|[from] brn\n|upkeep\n|turn|16\n|-activate|p1a: Ditto|item: Quick Claw\n|\n|t:|1738532017\n|move|p1b: Amoonguss|Protect|p1b: Amoonguss\n|-singleturn|p1b: Amoonguss|Protect\n|-curestatus|p1a: Ditto|slp|[msg]\n|move|p1a: Ditto|Sludge Bomb|p2b: Eternatus\n|-crit|p2b: Eternatus\n|-damage|p2b: Eternatus|40\/100\n|move|p2b: Eternatus|Flamethrower|p1b: Amoonguss\n|-activate|p1b: Amoonguss|move: Protect\n|\n|-damage|p1b: Amoonguss|31\/100 brn|[from] brn\n|upkeep\n|turn|17\n|\n|t:|1738532029\n|move|p1a: Ditto|Sludge Bomb|p2b: Eternatus\n|-damage|p2b: Eternatus|31\/100\n|move|p2b: Eternatus|Flamethrower|p1b: Amoonguss\n|-supereffective|p1b: Amoonguss\n|-damage|p1b: Amoonguss|0 fnt\n|faint|p1b: Amoonguss\n|\n|upkeep\n|\n|t:|1738532033\n|switch|p1b: Zamazenta|Zamazenta-Crowned, L50, tera:Dragon|84\/100\n|turn|18\n|\n|t:|1738532037\n|move|p1b: Zamazenta|Body Press|p2b: Eternatus\n|-supereffective|p2b: Eternatus\n|-damage|p2b: Eternatus|13\/100\n|move|p2b: Eternatus|Recover|p2b: Eternatus\n|-heal|p2b: Eternatus|64\/100\n|move|p1a: Ditto|Sludge Bomb|p2b: Eternatus\n|-damage|p2b: Eternatus|55\/100\n|\n|upkeep\n|turn|19\n|\n|t:|1738532055\n|move|p1b: Zamazenta|Body Press|p2b: Eternatus\n|-supereffective|p2b: Eternatus\n|-damage|p2b: Eternatus|39\/100\n|move|p2b: Eternatus|Recover|p2b: Eternatus\n|-heal|p2b: Eternatus|90\/100\n|move|p1a: Ditto|Flamethrower|p2b: Eternatus\n|-damage|p2b: Eternatus|84\/100\n|\n|upkeep\n|turn|20\n|\n|t:|1738532068\n|move|p1b: Zamazenta|Protect|p1b: Zamazenta\n|-singleturn|p1b: Zamazenta|Protect\n|move|p2b: Eternatus|Recover|p2b: Eternatus\n|-heal|p2b: Eternatus|100\/100\n|move|p1a: Ditto|Cosmic Power|p1a: Ditto\n|-boost|p1a: Ditto|def|1\n|-boost|p1a: Ditto|spd|1\n|\n|upkeep\n|turn|21\n|\n|t:|1738532078\n|move|p1b: Zamazenta|Body Press|p2b: Eternatus\n|-supereffective|p2b: Eternatus\n|-damage|p2b: Eternatus|83\/100\n|move|p2b: Eternatus|Sludge Bomb|p1b: Zamazenta\n|-damage|p1b: Zamazenta|49\/100\n|move|p1a: Ditto|Cosmic Power|p1a: Ditto\n|-boost|p1a: Ditto|def|0\n|-boost|p1a: Ditto|spd|0\n|\n|upkeep\n|turn|22\n|\n|t:|1738532093\n|move|p1b: Zamazenta|Protect|p1b: Zamazenta\n|-singleturn|p1b: Zamazenta|Protect\n|move|p2b: Eternatus|Sludge Bomb|p1b: Zamazenta\n|-activate|p1b: Zamazenta|move: Protect\n|move|p1a: Ditto|Flamethrower|p2b: Eternatus\n|-damage|p2b: Eternatus|77\/100\n|\n|upkeep\n|turn|23\n|\n|t:|1738532103\n|move|p1b: Zamazenta|Body Press|p2b: Eternatus\n|-supereffective|p2b: Eternatus\n|-damage|p2b: Eternatus|60\/100\n|move|p2b: Eternatus|Sludge Bomb|p1b: Zamazenta\n|-damage|p1b: Zamazenta|15\/100\n|move|p1a: Ditto|Flamethrower|p2b: Eternatus\n|-damage|p2b: Eternatus|54\/100\n|\n|upkeep\n|turn|24\n|\n|t:|1738532113\n|move|p1b: Zamazenta|Protect|p1b: Zamazenta\n|-singleturn|p1b: Zamazenta|Protect\n|move|p1a: Ditto|Cosmic Power|p1a: Ditto\n|-boost|p1a: Ditto|def|0\n|-boost|p1a: Ditto|spd|0\n|move|p2b: Eternatus|Recover|p2b: Eternatus\n|-heal|p2b: Eternatus|100\/100\n|\n|upkeep\n|turn|25\n|\n|t:|1738532119\n|move|p1b: Zamazenta|Body Press|p2b: Eternatus\n|-supereffective|p2b: Eternatus\n|-damage|p2b: Eternatus|85\/100\n|move|p2b: Eternatus|Sludge Bomb|p1b: Zamazenta\n|-damage|p1b: Zamazenta|0 fnt\n|faint|p1b: Zamazenta\n|move|p1a: Ditto|Cosmic Power|p1a: Ditto\n|-boost|p1a: Ditto|def|0\n|-boost|p1a: Ditto|spd|0\n|\n|upkeep\n|turn|26\n|j| Reelko\n|\n|t:|1738532124\n|move|p1a: Ditto|Cosmic Power|p1a: Ditto\n|-boost|p1a: Ditto|def|0\n|-boost|p1a: Ditto|spd|0\n|move|p2b: Eternatus|Cosmic Power|p2b: Eternatus\n|-boost|p2b: Eternatus|def|1\n|-boost|p2b: Eternatus|spd|1\n|\n|upkeep\n|turn|27\n|l|\u2606lawfoolio\n|inactive|lawfoolio disconnected and has a minute to reconnect!\n|player|p1|\n|l| Reelko\n|j| VelmasJinkies\n|inactive|lawfoolio has 30 seconds left.\n|inactive|lawfoolio has 20 seconds left.\n|inactive|lawfoolio has 15 seconds left.\n|inactive|lawfoolio has 10 seconds left.\n|inactive|lawfoolio has 5 seconds left.\n|j| Tapu_Fume\n|-message|lawfoolio lost due to inactivity.\n|\n|win|MoodyMukVGC\n|raw|lawfoolio's rating: 1570 &rarr; <strong>1550<\/strong><br \/>(-20 for losing)\n|raw|MoodyMukVGC's rating: 1564 &rarr; <strong>1584<\/strong><br \/>(+20 for winning)\n|l|\u2606MoodyMukVGC\n|player|p2|\n|l| brrkz\n|l| GT Thunder\n|l| Roman_Legend\n","uploadtime":1738532377,"views":9,"formatid":"gen9vgc2025regg","rating":1550,"private":0,"password":null}