{"id":"gen9vgc2025regg-2293833794","format":"[Gen 9] VGC 2025 Reg G","players":["Peckham","Lacossg"],"log":"|j|\u2606Peckham\n|j|\u2606Lacossg\n|t:|1738620673\n|gametype|doubles\n|player|p1|Peckham|266|1613\n|player|p2|Lacossg|2|1681\n|teamsize|p1|6\n|teamsize|p2|6\n|gen|9\n|tier|[Gen 9] VGC 2025 Reg G\n|rated|\n|rule|Species Clause: Limit one of each Pok\u00e9mon\n|rule|Item Clause: Limit 1 of each item\n|clearpoke\n|poke|p1|Amoonguss, L50, M|\n|poke|p1|Terapagos, L50, M|\n|poke|p1|Flutter Mane, L50|\n|poke|p1|Rillaboom, L50, M|\n|poke|p1|Raging Bolt, L50|\n|poke|p1|Chi-Yu, L50|\n|poke|p2|Ditto, L50|\n|poke|p2|Lunala, L50|\n|poke|p2|Indeedee-F, L50, F|\n|poke|p2|Roaring Moon, L50|\n|poke|p2|Urshifu-*, L50, F|\n|poke|p2|Ursaluna, L50, F|\n|teampreview|4\n|inactive|Battle timer is ON: inactive players will automatically lose when time's up. (requested by Peckham)\n|inactive|Peckham has 60 seconds left.\n|inactive|Lacossg has 60 seconds left.\n|j| Funn yIy\n|\n|t:|1738620741\n|start\n|switch|p1a: Terapagos|Terapagos, L50, M|100\/100\n|switch|p1b: Chi-Yu|Chi-Yu, L50|100\/100\n|switch|p2a: Lunala|Lunala, L50|100\/100\n|switch|p2b: Indeedee|Indeedee-F, L50, F|100\/100\n|-activate|p1a: Terapagos|ability: Tera Shift\n|detailschange|p1a: Terapagos|Terapagos-Terastal, L50, M\n|-heal|p1a: Terapagos|100\/100|[silent]\n|-ability|p1b: Chi-Yu|Beads of Ruin\n|-fieldstart|move: Psychic Terrain|[from] ability: Psychic Surge|[of] p2b: Indeedee\n|turn|1\n|\n|t:|1738620757\n|-terastallize|p1a: Terapagos|Stellar\n|detailschange|p1a: Terapagos|Terapagos-Stellar, L50, M, tera:Stellar\n|-heal|p1a: Terapagos|100\/100|[silent]\n|-ability|p1a: Terapagos|Teraform Zero\n|-fieldend|move: Psychic Terrain\n|move|p1b: Chi-Yu|Heat Wave|p2a: Lunala|[spread] p2a,p2b\n|-damage|p2a: Lunala|78\/100\n|-damage|p2b: Indeedee|45\/100\n|move|p1a: Terapagos|Tera Starstorm|p2b: Indeedee|[spread] p2a,p2b\n|-damage|p2a: Lunala|15\/100\n|-damage|p2b: Indeedee|0 fnt\n|faint|p2b: Indeedee\n|move|p2a: Lunala|Meteor Beam||[still]\n|-prepare|p2a: Lunala|Meteor Beam\n|-boost|p2a: Lunala|spa|1\n|-enditem|p2a: Lunala|Power Herb\n|-anim|p2a: Lunala|Meteor Beam|p1b: Chi-Yu\n|-supereffective|p1b: Chi-Yu\n|-enditem|p1b: Chi-Yu|Focus Sash\n|-damage|p1b: Chi-Yu|1\/100\n|\n|upkeep\n|inactive|Lacossg has 30 seconds left.\n|\n|t:|1738620788\n|switch|p2b: Ursaluna|Ursaluna, L50, F|100\/100\n|turn|2\n|\n|t:|1738620800\n|switch|p2a: Ditto|Ditto, L50|100\/100\n|-transform|p2a: Ditto|p1b: Chi-Yu|[from] ability: Imposter\n|-ability|p2a: Ditto|Beads of Ruin\n|move|p2b: Ursaluna|Protect|p2b: Ursaluna\n|-singleturn|p2b: Ursaluna|Protect\n|move|p1b: Chi-Yu|Dark Pulse|p2a: Ditto\n|-resisted|p2a: Ditto\n|-damage|p2a: Ditto|77\/100\n|move|p1a: Terapagos|Tera Starstorm|p2b: Ursaluna|[spread] p2a\n|-activate|p2b: Ursaluna|move: Protect\n|-damage|p2a: Ditto|14\/100\n|\n|-status|p2b: Ursaluna|brn|[from] item: Flame Orb\n|upkeep\n|turn|3\n|inactive|Peckham has 30 seconds left.\n|inactive|Peckham has 20 seconds left.\n|inactive|Peckham has 15 seconds left.\n|inactive|Peckham has 10 seconds left.\n|inactive|Peckham has 5 seconds left.\n|\n|t:|1738620853\n|move|p2a: Ditto|Heat Wave|p1b: Chi-Yu|[spread] p1a,p1b\n|-resisted|p1b: Chi-Yu\n|-damage|p1a: Terapagos|62\/100\n|-damage|p1b: Chi-Yu|0 fnt\n|faint|p1b: Chi-Yu\n|move|p1a: Terapagos|Tera Starstorm|p2b: Ursaluna|[spread] p2a,p2b\n|-damage|p2a: Ditto|0 fnt\n|-damage|p2b: Ursaluna|33\/100 brn\n|faint|p2a: Ditto\n|move|p2b: Ursaluna|Facade|p1a: Terapagos\n|-damage|p1a: Terapagos|0 fnt\n|faint|p1a: Terapagos\n|\n|-damage|p2b: Ursaluna|26\/100 brn|[from] brn\n|upkeep\n|\n|t:|1738620870\n|switch|p1b: Rillaboom|Rillaboom, L50, M|100\/100\n|switch|p1a: Amoonguss|Amoonguss, L50, M|100\/100\n|switch|p2a: Lunala|Lunala, L50|15\/100\n|-fieldstart|move: Grassy Terrain|[from] ability: Grassy Surge|[of] p1b: Rillaboom\n|turn|4\n|inactive|Lacossg has 30 seconds left.\n|inactive|Lacossg has 20 seconds left.\n|\n|t:|1738620908\n|-terastallize|p2b: Ursaluna|Fairy\n|move|p1a: Amoonguss|Rage Powder|p1a: Amoonguss\n|-singleturn|p1a: Amoonguss|move: Rage Powder\n|move|p1b: Rillaboom|Drum Beating|p2a: Lunala\n|-damage|p2a: Lunala|0 fnt\n|faint|p2a: Lunala\n|move|p2b: Ursaluna|Facade|p1a: Amoonguss\n|-damage|p1a: Amoonguss|0 fnt\n|faint|p1a: Amoonguss\n|\n|-heal|p2b: Ursaluna|33\/100 brn|[from] Grassy Terrain\n|-damage|p2b: Ursaluna|26\/100 brn|[from] brn\n|upkeep\n|turn|5\n|\n|t:|1738620923\n|move|p1b: Rillaboom|Drum Beating|p2b: Ursaluna\n|-damage|p2b: Ursaluna|0 fnt\n|faint|p2b: Ursaluna\n|\n|win|Peckham\n|raw|Peckham's rating: 1613 &rarr; <strong>1637<\/strong><br \/>(+24 for winning)\n|raw|Lacossg's rating: 1681 &rarr; <strong>1657<\/strong><br \/>(-24 for losing)\n|l| Funn yIy\n|l|\u2606Lacossg\n|player|p2|\n|l|\u2606Peckham\n|player|p1|\n","uploadtime":1738620935,"views":10,"formatid":"gen9vgc2025regg","rating":1637,"private":0,"password":null}