{"id":"gen9vgc2025regg-2293274519","format":"[Gen 9] VGC 2025 Reg G","players":["qunqun24","VVhistler"],"log":"|j|\u2606qunqun24\n|j|\u2606VVhistler\n|t:|1738545038\n|gametype|doubles\n|player|p1|qunqun24|170|1571\n|player|p2|VVhistler|rocketgrunt|1578\n|teamsize|p1|6\n|teamsize|p2|6\n|gen|9\n|tier|[Gen 9] VGC 2025 Reg G\n|rated|\n|rule|Species Clause: Limit one of each Pok\u00e9mon\n|rule|Item Clause: Limit 1 of each item\n|clearpoke\n|poke|p1|Calyrex-Shadow, L50|\n|poke|p1|Ting-Lu, L50|\n|poke|p1|Dondozo, L50, F|\n|poke|p1|Urshifu-*, L50, M|\n|poke|p1|Ogerpon-Hearthflame, L50, F|\n|poke|p1|Whimsicott, L50, M|\n|poke|p2|Calyrex-Shadow, L50|\n|poke|p2|Pawmot, L50, F|\n|poke|p2|Maushold, L50|\n|poke|p2|Rillaboom, L50, M|\n|poke|p2|Chi-Yu, L50|\n|poke|p2|Iron Bundle, L50|\n|teampreview|4\n|inactive|Battle timer is ON: inactive players will automatically lose when time's up. (requested by qunqun24)\n|\n|t:|1738545061\n|start\n|switch|p1a: Ting-Lu|Ting-Lu, L50|100\/100\n|switch|p1b: Dondozo|Dondozo, L50, F|100\/100\n|switch|p2a: Iron Bundle|Iron Bundle, L50|100\/100\n|switch|p2b: Rillaboom|Rillaboom, L50, M|100\/100\n|-fieldstart|move: Grassy Terrain|[from] ability: Grassy Surge|[of] p2b: Rillaboom\n|-ability|p1a: Ting-Lu|Vessel of Ruin\n|-enditem|p2a: Iron Bundle|Booster Energy\n|-activate|p2a: Iron Bundle|ability: Quark Drive|[fromitem]\n|-start|p2a: Iron Bundle|quarkdrivespe\n|turn|1\n|\n|t:|1738545079\n|-terastallize|p1a: Ting-Lu|Fairy\n|move|p1b: Dondozo|Protect|p1b: Dondozo\n|-singleturn|p1b: Dondozo|Protect\n|move|p2a: Iron Bundle|Taunt|p1b: Dondozo\n|-activate|p1b: Dondozo|move: Protect\n|move|p2b: Rillaboom|Wood Hammer|p1a: Ting-Lu\n|-damage|p1a: Ting-Lu|63\/100\n|-damage|p2b: Rillaboom|84\/100|[from] item: Rocky Helmet|[of] p1a: Ting-Lu\n|-damage|p2b: Rillaboom|68\/100|[from] Recoil\n|move|p1a: Ting-Lu|Stealth Rock|p2b: Rillaboom\n|-sidestart|p2: VVhistler|move: Stealth Rock\n|\n|-heal|p2b: Rillaboom|74\/100|[from] Grassy Terrain\n|-heal|p1a: Ting-Lu|69\/100|[from] Grassy Terrain\n|upkeep\n|turn|2\n|\n|t:|1738545101\n|move|p2a: Iron Bundle|Taunt|p1b: Dondozo\n|-immune|p1b: Dondozo|[from] ability: Oblivious\n|move|p2b: Rillaboom|U-turn|p1a: Ting-Lu\n|-resisted|p1a: Ting-Lu\n|-damage|p1a: Ting-Lu|63\/100\n|-damage|p2b: Rillaboom|58\/100|[from] item: Rocky Helmet|[of] p1a: Ting-Lu\n|\n|t:|1738545108\n|switch|p2b: Calyrex|Calyrex-Shadow, L50|100\/100|[from] U-turn\n|-ability|p2b: Calyrex|As One\n|-ability|p2b: Calyrex|Unnerve\n|-damage|p2b: Calyrex|88\/100|[from] Stealth Rock\n|move|p1a: Ting-Lu|Ruination|p2b: Calyrex\n|-damage|p2b: Calyrex|45\/100\n|move|p1b: Dondozo|Yawn|p2a: Iron Bundle\n|-start|p2a: Iron Bundle|move: Yawn|[of] p1b: Dondozo\n|\n|-heal|p2b: Calyrex|51\/100|[from] Grassy Terrain\n|-heal|p1a: Ting-Lu|70\/100|[from] Grassy Terrain\n|upkeep\n|turn|3\n|inactive|VVhistler has 30 seconds left.\n|\n|t:|1738545136\n|-terastallize|p2b: Calyrex|Ghost\n|move|p2b: Calyrex|Astral Barrage|p1b: Dondozo|[spread] p1a,p1b\n|-damage|p1a: Ting-Lu|29\/100\n|-damage|p1b: Dondozo|57\/100\n|move|p2a: Iron Bundle|Freeze-Dry|p1b: Dondozo\n|-supereffective|p1b: Dondozo\n|-crit|p1b: Dondozo\n|-damage|p1b: Dondozo|0 fnt\n|faint|p1b: Dondozo\n|move|p1a: Ting-Lu|Sand Tomb|p2b: Calyrex\n|-damage|p2b: Calyrex|36\/100\n|-activate|p2b: Calyrex|move: Sand Tomb|[of] p1a: Ting-Lu\n|\n|-heal|p2b: Calyrex|42\/100|[from] Grassy Terrain\n|-heal|p1a: Ting-Lu|35\/100|[from] Grassy Terrain\n|-damage|p2b: Calyrex|29\/100|[from] move: Sand Tomb|[partiallytrapped]\n|-end|p2a: Iron Bundle|move: Yawn|[silent]\n|-status|p2a: Iron Bundle|slp\n|upkeep\n|\n|t:|1738545149\n|switch|p1b: Whimsicott|Whimsicott, L50, M|100\/100\n|turn|4\n|\n|t:|1738545160\n|move|p1b: Whimsicott|Tailwind|p1b: Whimsicott\n|-sidestart|p1: qunqun24|move: Tailwind\n|move|p2b: Calyrex|Astral Barrage|p1b: Whimsicott|[spread] p1a,p1b\n|-damage|p1a: Ting-Lu|0 fnt\n|-damage|p1b: Whimsicott|20\/100\n|faint|p1a: Ting-Lu\n|-ability|p2b: Calyrex|Grim Neigh|boost\n|-boost|p2b: Calyrex|spa|1\n|cant|p2a: Iron Bundle|slp\n|\n|-heal|p1b: Whimsicott|26\/100|[from] Grassy Terrain\n|-heal|p2b: Calyrex|36\/100|[from] Grassy Terrain\n|-end|p2b: Calyrex|Sand Tomb|[partiallytrapped]|[silent]\n|upkeep\n|\n|t:|1738545165\n|switch|p1a: Calyrex|Calyrex-Shadow, L50|100\/100\n|-ability|p1a: Calyrex|As One\n|-ability|p1a: Calyrex|Unnerve\n|turn|5\n|\n|t:|1738545188\n|move|p1a: Calyrex|Astral Barrage|p2b: Calyrex|[spread] p2a,p2b\n|-supereffective|p2b: Calyrex\n|-damage|p2a: Iron Bundle|0 fnt\n|-damage|p2b: Calyrex|0 fnt\n|faint|p2a: Iron Bundle\n|-end|p2a: Iron Bundle|Quark Drive|[silent]\n|faint|p2b: Calyrex\n|-ability|p1a: Calyrex|Grim Neigh|boost\n|-boost|p1a: Calyrex|spa|2\n|-damage|p1a: Calyrex|91\/100|[from] item: Life Orb\n|move|p1b: Whimsicott|Moonblast|p2: Iron Bundle|[notarget]\n|-fail|p1b: Whimsicott\n|\n|-heal|p1a: Calyrex|96\/100|[from] Grassy Terrain\n|-heal|p1b: Whimsicott|32\/100|[from] Grassy Terrain\n|-fieldend|move: Grassy Terrain\n|upkeep\n|j| cccue6tu\n|\n|t:|1738545204\n|switch|p2b: Pawmot|Pawmot, L50, F|100\/100\n|switch|p2a: Rillaboom|Rillaboom, L50, M|58\/100\n|-damage|p2b: Pawmot|94\/100|[from] Stealth Rock\n|-damage|p2a: Rillaboom|46\/100|[from] Stealth Rock\n|-fieldstart|move: Grassy Terrain|[from] ability: Grassy Surge|[of] p2a: Rillaboom\n|turn|6\n|-message|VVhistler forfeited.\n|\n|win|qunqun24\n|raw|qunqun24's rating: 1571 &rarr; <strong>1591<\/strong><br \/>(+20 for winning)\n|raw|VVhistler's rating: 1578 &rarr; <strong>1558<\/strong><br \/>(-20 for losing)\n|l|\u2606VVhistler\n|player|p2|\n|l|\u2606qunqun24\n|player|p1|\n|l| cccue6tu\n","uploadtime":1738545391,"views":19,"formatid":"gen9vgc2025regg","rating":1558,"private":0,"password":null}