{"id":"gen9vgc2025regg-2293175714","format":"[Gen 9] VGC 2025 Reg G","players":["Pneumatictoad","Yung Trav"],"log":"|j|\u2606Pneumatictoad\n|j|\u2606Yung Trav\n|t:|1738532501\n|gametype|doubles\n|player|p1|Pneumatictoad|janine|1656\n|player|p2|Yung Trav|102|1630\n|teamsize|p1|6\n|teamsize|p2|6\n|gen|9\n|tier|[Gen 9] VGC 2025 Reg G\n|rated|\n|rule|Species Clause: Limit one of each Pok\u00e9mon\n|rule|Item Clause: Limit 1 of each item\n|clearpoke\n|poke|p1|Calyrex-Ice, L50|\n|poke|p1|Trapinch, L50, F|\n|poke|p1|Annihilape, L50, F|\n|poke|p1|Pelipper, L50, M|\n|poke|p1|Jigglypuff, L50, F|\n|poke|p1|Urshifu-*, L50, M|\n|poke|p2|Calyrex-Ice, L50|\n|poke|p2|Regidrago, L50|\n|poke|p2|Smeargle, L50, M|\n|poke|p2|Farigiraf, L50, M|\n|poke|p2|Urshifu-*, L50, M|\n|poke|p2|Ogerpon-Cornerstone, L50, F|\n|teampreview|4\n|\n|t:|1738532536\n|start\n|switch|p1a: Annihilape|Annihilape, L50, F|100\/100\n|switch|p1b: Calyrex|Calyrex-Ice, L50|100\/100\n|switch|p2a: Calyrex|Calyrex-Ice, L50|100\/100\n|switch|p2b: Smeargle|Smeargle, L50, M, shiny|100\/100\n|-ability|p2a: Calyrex|As One\n|-ability|p2a: Calyrex|Unnerve\n|-ability|p1b: Calyrex|As One\n|-ability|p1b: Calyrex|Unnerve\n|turn|1\n|\n|t:|1738532561\n|move|p2a: Calyrex|Protect|p2a: Calyrex\n|-singleturn|p2a: Calyrex|Protect\n|move|p1a: Annihilape|Coaching|p1b: Calyrex\n|-boost|p1b: Calyrex|atk|1\n|-boost|p1b: Calyrex|def|1\n|move|p2b: Smeargle|Spore|p1b: Calyrex\n|-status|p1b: Calyrex|slp|[from] move: Spore\n|cant|p1b: Calyrex|slp\n|\n|upkeep\n|turn|2\n|\n|t:|1738532577\n|move|p1a: Annihilape|Coaching|p1b: Calyrex\n|-boost|p1b: Calyrex|atk|1\n|-boost|p1b: Calyrex|def|1\n|move|p2a: Calyrex|Glacial Lance|p1a: Annihilape|[spread] p1a,p1b\n|-resisted|p1b: Calyrex\n|-damage|p1a: Annihilape|37\/100\n|-damage|p1b: Calyrex|91\/100 slp\n|move|p2b: Smeargle|Decorate|p2a: Calyrex\n|-boost|p2a: Calyrex|atk|2\n|-boost|p2a: Calyrex|spa|2\n|cant|p1b: Calyrex|slp\n|\n|upkeep\n|turn|3\n|\n|t:|1738532601\n|move|p1a: Annihilape|Coaching|p1b: Calyrex\n|-boost|p1b: Calyrex|atk|1\n|-boost|p1b: Calyrex|def|1\n|move|p2a: Calyrex|Glacial Lance|p1a: Annihilape|[spread] p1a,p1b\n|-resisted|p1b: Calyrex\n|-damage|p1a: Annihilape|0 fnt\n|-damage|p1b: Calyrex|77\/100 slp\n|faint|p1a: Annihilape\n|-ability|p2a: Calyrex|Chilling Neigh|boost\n|-boost|p2a: Calyrex|atk|1\n|move|p2b: Smeargle|Decorate|p2a: Calyrex\n|-boost|p2a: Calyrex|atk|2\n|-boost|p2a: Calyrex|spa|2\n|cant|p1b: Calyrex|slp\n|\n|upkeep\n|\n|t:|1738532637\n|switch|p1a: Pelipper|Pelipper, L50, M|100\/100\n|-weather|RainDance|[from] ability: Drizzle|[of] p1a: Pelipper\n|turn|4\n|j| MillerH33\n|\n|t:|1738532658\n|-terastallize|p2a: Calyrex|Water\n|move|p1a: Pelipper|Wide Guard|p1a: Pelipper\n|-singleturn|p1a: Pelipper|Wide Guard\n|move|p2a: Calyrex|High Horsepower|p1b: Calyrex\n|-damage|p1b: Calyrex|41\/100 slp\n|move|p2b: Smeargle|Spore|p1a: Pelipper\n|-activate|p1a: Pelipper|item: Safety Goggles|Spore\n|-curestatus|p1b: Calyrex|slp|[msg]\n|move|p1b: Calyrex|Trick Room|p1b: Calyrex\n|-fieldstart|move: Trick Room|[of] p1b: Calyrex\n|\n|-weather|RainDance|[upkeep]\n|upkeep\n|turn|5\n|\n|t:|1738532688\n|-terastallize|p1b: Calyrex|Grass\n|move|p1b: Calyrex|Seed Bomb|p2a: Calyrex\n|-supereffective|p2a: Calyrex\n|-damage|p2a: Calyrex|0 fnt\n|faint|p2a: Calyrex\n|-ability|p1b: Calyrex|Chilling Neigh|boost\n|-boost|p1b: Calyrex|atk|1\n|move|p2b: Smeargle|Spore|p1b: Calyrex\n|-immune|p1b: Calyrex\n|move|p1a: Pelipper|Hurricane|p2b: Smeargle\n|-enditem|p2b: Smeargle|Focus Sash\n|-damage|p2b: Smeargle|1\/100\n|\n|-weather|RainDance|[upkeep]\n|upkeep\n|j| Tapu_Fume\n|\n|t:|1738532718\n|switch|p2a: Ogerpon|Ogerpon-Cornerstone, L50, F|100\/100\n|turn|6\n|j| VelmasJinkies\n|\n|t:|1738532735\n|move|p1b: Calyrex|Seed Bomb|p2a: Ogerpon\n|-ability|p2a: Ogerpon|Sturdy\n|-damage|p2a: Ogerpon|1\/100\n|move|p2b: Smeargle|Decorate|p2a: Ogerpon\n|-boost|p2a: Ogerpon|atk|2\n|-boost|p2a: Ogerpon|spa|2\n|move|p1a: Pelipper|Weather Ball|p2a: Ogerpon\n|-damage|p2a: Ogerpon|0 fnt\n|faint|p2a: Ogerpon\n|\n|-weather|RainDance|[upkeep]\n|upkeep\n|-message|Yung Trav forfeited.\n|\n|win|Pneumatictoad\n|raw|Pneumatictoad's rating: 1637 &rarr; <strong>1657<\/strong><br \/>(+20 for winning)\n|raw|Yung Trav's rating: 1630 &rarr; <strong>1610<\/strong><br \/>(-20 for losing)\n|l|\u2606Yung Trav\n|player|p2|\n|j|\u2606Yung Trav\n|player|p2|Yung Trav|102|\n|l|\u2606Pneumatictoad\n|player|p1|\n|l|\u2606Yung Trav\n|player|p2|\n|l| Tapu_Fume\n","uploadtime":1738532802,"views":8,"formatid":"gen9vgc2025regg","rating":1610,"private":0,"password":null}