{"id":"gen9vgc2025regg-2293109260","format":"[Gen 9] VGC 2025 Reg G","players":["Wooden Hands","qunqun24"],"log":"|j|\u2606Wooden Hands\n|j|\u2606qunqun24\n|t:|1738524714\n|gametype|doubles\n|player|p1|Wooden Hands|265|1508\n|player|p2|qunqun24|170|1571\n|teamsize|p1|6\n|teamsize|p2|6\n|gen|9\n|tier|[Gen 9] VGC 2025 Reg G\n|rated|\n|rule|Species Clause: Limit one of each Pok\u00e9mon\n|rule|Item Clause: Limit 1 of each item\n|clearpoke\n|poke|p1|Zacian-*, L50|\n|poke|p1|Ogerpon, L50, F|\n|poke|p1|Chien-Pao, L50|\n|poke|p1|Incineroar, L50, F|\n|poke|p1|Amoonguss, L50, M|\n|poke|p1|Pelipper, L50, M|\n|poke|p2|Calyrex-Shadow, L50|\n|poke|p2|Ting-Lu, L50|\n|poke|p2|Dondozo, L50, F|\n|poke|p2|Urshifu-*, L50, F|\n|poke|p2|Ogerpon-Hearthflame, L50, F|\n|poke|p2|Whimsicott, L50, M|\n|teampreview|4\n|inactive|Battle timer is ON: inactive players will automatically lose when time's up. (requested by qunqun24)\n|\n|t:|1738524742\n|start\n|switch|p1a: Tohru|Ogerpon, L50, F|100\/100\n|switch|p1b: Kyo|Chien-Pao, L50|100\/100\n|switch|p2a: Ting-Lu|Ting-Lu, L50|100\/100\n|switch|p2b: Dondozo|Dondozo, L50, F|100\/100\n|-ability|p1b: Kyo|Sword of Ruin\n|-ability|p2a: Ting-Lu|Vessel of Ruin\n|turn|1\n|inactive|qunqun24 has 30 seconds left.\n|\n|t:|1738524770\n|-terastallize|p2a: Ting-Lu|Fairy\n|move|p1b: Kyo|Throat Chop|p2b: Dondozo\n|-damage|p2b: Dondozo|72\/100\n|-start|p2b: Dondozo|Throat Chop|[silent]\n|move|p1a: Tohru|Bullet Seed|p2a: Ting-Lu\n|-damage|p2a: Ting-Lu|92\/100\n|-damage|p2a: Ting-Lu|84\/100\n|-damage|p2a: Ting-Lu|76\/100\n|-damage|p2a: Ting-Lu|68\/100\n|-damage|p2a: Ting-Lu|60\/100\n|-hitcount|p2a: Ting-Lu|5\n|move|p2a: Ting-Lu|Stealth Rock|p1a: Tohru\n|-sidestart|p1: Wooden Hands|move: Stealth Rock\n|move|p2b: Dondozo|Yawn|p1b: Kyo\n|-start|p1b: Kyo|move: Yawn|[of] p2b: Dondozo\n|\n|-heal|p2b: Dondozo|79\/100|[from] item: Leftovers\n|upkeep\n|turn|2\n|j| jdarcan\n|inactive|Wooden Hands has 30 seconds left.\n|inactive|Wooden Hands has 20 seconds left.\n|inactive|Wooden Hands has 15 seconds left.\n|inactive|Wooden Hands has 10 seconds left.\n|inactive|Wooden Hands has 5 seconds left.\n|\n|t:|1738524822\n|switch|p1b: Shigure|Zacian-Crowned, L50|100\/100\n|-damage|p1b: Shigure|94\/100|[from] Stealth Rock\n|-ability|p1b: Shigure|Intrepid Sword|boost\n|-boost|p1b: Shigure|atk|1\n|move|p1a: Tohru|Bullet Seed|p2b: Dondozo\n|-supereffective|p2b: Dondozo\n|-damage|p2b: Dondozo|64\/100\n|-supereffective|p2b: Dondozo\n|-damage|p2b: Dondozo|49\/100\n|-supereffective|p2b: Dondozo\n|-damage|p2b: Dondozo|33\/100\n|-supereffective|p2b: Dondozo\n|-damage|p2b: Dondozo|18\/100\n|-hitcount|p2b: Dondozo|4\n|move|p2a: Ting-Lu|Ruination|p1b: Shigure\n|-damage|p1b: Shigure|48\/100\n|move|p2b: Dondozo|Yawn|p1a: Tohru\n|-start|p1a: Tohru|move: Yawn|[of] p2b: Dondozo\n|\n|-heal|p2b: Dondozo|24\/100|[from] item: Leftovers\n|-end|p2b: Dondozo|Throat Chop|[silent]\n|upkeep\n|turn|3\n|\n|t:|1738524844\n|switch|p1a: Kisa|Incineroar, L50, F|100\/100\n|-damage|p1a: Kisa|76\/100|[from] Stealth Rock\n|-ability|p1a: Kisa|Intimidate|boost\n|-unboost|p2a: Ting-Lu|atk|1\n|-fail|p2b: Dondozo|unboost|Attack|[from] ability: Oblivious|[of] p2b: Dondozo\n|move|p1b: Shigure|Substitute|p1b: Shigure\n|-start|p1b: Shigure|Substitute\n|-damage|p1b: Shigure|23\/100\n|move|p2a: Ting-Lu|Ruination|p1a: Kisa\n|-damage|p1a: Kisa|38\/100\n|move|p2b: Dondozo|Yawn||[still]\n|-fail|p2b: Dondozo\n|\n|-heal|p2b: Dondozo|30\/100|[from] item: Leftovers\n|upkeep\n|turn|4\n|\n|t:|1738524863\n|move|p2a: Ting-Lu|Protect|p2a: Ting-Lu\n|-singleturn|p2a: Ting-Lu|Protect\n|move|p2b: Dondozo|Protect|p2b: Dondozo\n|-singleturn|p2b: Dondozo|Protect\n|move|p1b: Shigure|Behemoth Blade|p2a: Ting-Lu\n|-activate|p2a: Ting-Lu|move: Protect\n|move|p1a: Kisa|Knock Off|p2b: Dondozo\n|-activate|p2b: Dondozo|move: Protect\n|\n|-heal|p2b: Dondozo|36\/100|[from] item: Leftovers\n|upkeep\n|turn|5\n|\n|t:|1738524876\n|move|p1b: Shigure|Behemoth Blade|p2b: Dondozo\n|-resisted|p2b: Dondozo\n|-damage|p2b: Dondozo|13\/100\n|move|p1a: Kisa|Knock Off|p2b: Dondozo\n|-damage|p2b: Dondozo|0 fnt\n|-enditem|p2b: Dondozo|Leftovers|[from] move: Knock Off|[of] p1a: Kisa\n|faint|p2b: Dondozo\n|move|p2a: Ting-Lu|Sand Tomb|p1a: Kisa\n|-supereffective|p1a: Kisa\n|-damage|p1a: Kisa|22\/100\n|-activate|p1a: Kisa|move: Sand Tomb|[of] p2a: Ting-Lu\n|\n|-damage|p1a: Kisa|10\/100|[from] move: Sand Tomb|[partiallytrapped]\n|upkeep\n|\n|t:|1738524888\n|switch|p2b: Ogerpon|Ogerpon-Hearthflame, L50, F|100\/100\n|-ability|p2b: Ogerpon|Mold Breaker\n|turn|6\n|\n|t:|1738524902\n|switch|p2a: Calyrex|Calyrex-Shadow, L50|100\/100\n|-ability|p2a: Calyrex|As One\n|-ability|p2a: Calyrex|Unnerve\n|move|p2b: Ogerpon|Follow Me|p2b: Ogerpon\n|-singleturn|p2b: Ogerpon|move: Follow Me\n|move|p1b: Shigure|Behemoth Blade|p2b: Ogerpon\n|-resisted|p2b: Ogerpon\n|-damage|p2b: Ogerpon|56\/100\n|move|p1a: Kisa|Parting Shot|p2b: Ogerpon\n|-unboost|p2b: Ogerpon|atk|1\n|-unboost|p2b: Ogerpon|spa|1\n|\n|t:|1738524919\n|switch|p1a: Kyo|Chien-Pao, L50|100\/100|[from] Parting Shot\n|-damage|p1a: Kyo|75\/100|[from] Stealth Rock\n|-ability|p1a: Kyo|Sword of Ruin\n|\n|upkeep\n|turn|7\n|\n|t:|1738524928\n|move|p1a: Kyo|Protect|p1a: Kyo\n|-singleturn|p1a: Kyo|Protect\n|move|p2b: Ogerpon|Follow Me|p2b: Ogerpon\n|-singleturn|p2b: Ogerpon|move: Follow Me\n|move|p2a: Calyrex|Astral Barrage|p1b: Shigure|[spread] p1b\n|-activate|p1a: Kyo|move: Protect\n|-end|p1b: Shigure|Substitute\n|-damage|p2a: Calyrex|91\/100|[from] item: Life Orb\n|move|p1b: Shigure|Behemoth Blade|p2b: Ogerpon\n|-resisted|p2b: Ogerpon\n|-damage|p2b: Ogerpon|0 fnt\n|faint|p2b: Ogerpon\n|\n|upkeep\n|\n|t:|1738524934\n|switch|p2b: Ting-Lu|Ting-Lu, L50, tera:Fairy|60\/100\n|-ability|p2b: Ting-Lu|Vessel of Ruin\n|turn|8\n|inactive|Wooden Hands has 30 seconds left.\n|inactive|Wooden Hands has 20 seconds left.\n|\n|t:|1738524970\n|move|p2a: Calyrex|Protect|p2a: Calyrex\n|-singleturn|p2a: Calyrex|Protect\n|move|p1a: Kyo|Sucker Punch||[still]\n|-fail|p1a: Kyo\n|move|p1b: Shigure|Behemoth Blade|p2a: Calyrex\n|-activate|p2a: Calyrex|move: Protect\n|move|p2b: Ting-Lu|Sand Tomb|p1b: Shigure\n|-supereffective|p1b: Shigure\n|-damage|p1b: Shigure|0 fnt\n|faint|p1b: Shigure\n|\n|upkeep\n|\n|t:|1738524974\n|switch|p1b: Tohru|Ogerpon, L50, F|100\/100\n|-damage|p1b: Tohru|88\/100|[from] Stealth Rock\n|turn|9\n|\n|t:|1738524982\n|-terastallize|p1b: Tohru|Grass\n|detailschange|p1b: Tohru|Ogerpon-Teal-Tera, L50, F, tera:Grass\n|-ability|p1b: Tohru|Embody Aspect (Teal)|boost\n|-boost|p1b: Tohru|spe|1\n|move|p1b: Tohru|Knock Off|p2a: Calyrex\n|-supereffective|p2a: Calyrex\n|-damage|p2a: Calyrex|0 fnt\n|-enditem|p2a: Calyrex|Life Orb|[from] move: Knock Off|[of] p1b: Tohru\n|faint|p2a: Calyrex\n|move|p1a: Kyo|Ice Spinner|p2b: Ting-Lu\n|-damage|p2b: Ting-Lu|33\/100\n|-damage|p1a: Kyo|59\/100|[from] item: Rocky Helmet|[of] p2b: Ting-Lu\n|move|p2b: Ting-Lu|Sand Tomb|p1a: Kyo\n|-damage|p1a: Kyo|40\/100\n|-activate|p1a: Kyo|move: Sand Tomb|[of] p2b: Ting-Lu\n|\n|-damage|p1a: Kyo|27\/100|[from] move: Sand Tomb|[partiallytrapped]\n|upkeep\n|turn|10\n|\n|t:|1738524998\n|move|p1b: Tohru|Bullet Seed|p2b: Ting-Lu\n|-damage|p2b: Ting-Lu|22\/100\n|-damage|p2b: Ting-Lu|11\/100\n|-damage|p2b: Ting-Lu|0 fnt\n|faint|p2b: Ting-Lu\n|-hitcount|p2: Ting-Lu|3\n|\n|win|Wooden Hands\n|raw|Wooden Hands's rating: 1508 &rarr; <strong>1532<\/strong><br \/>(+24 for winning)\n|raw|qunqun24's rating: 1571 &rarr; <strong>1547<\/strong><br \/>(-24 for losing)\n|c|\u2606Wooden Hands|gg\n|l|\u2606Wooden Hands\n|player|p1|\n","uploadtime":1738525156,"views":11,"formatid":"gen9vgc2025regg","rating":1532,"private":0,"password":null}