{"id":"gen9vgc2025regg-2293083847","format":"[Gen 9] VGC 2025 Reg G","players":["Fenozi","Diestoise"],"log":"|j|\u2606Fenozi\n|j|\u2606Diestoise\n|t:|1738521664\n|gametype|doubles\n|player|p1|Fenozi|veteran|1542\n|player|p2|Diestoise|blue|1660\n|teamsize|p1|6\n|teamsize|p2|6\n|gen|9\n|tier|[Gen 9] VGC 2025 Reg G\n|rated|\n|rule|Species Clause: Limit one of each Pok\u00e9mon\n|rule|Item Clause: Limit 1 of each item\n|clearpoke\n|poke|p1|Zamazenta-*, L50|\n|poke|p1|Chien-Pao, L50|\n|poke|p1|Amoonguss, L50, F|\n|poke|p1|Urshifu-*, L50, F|\n|poke|p1|Entei, L50|\n|poke|p1|Flutter Mane, L50|\n|poke|p2|Kyogre, L50|\n|poke|p2|Roaring Moon, L50|\n|poke|p2|Rillaboom, L50, M|\n|poke|p2|Farigiraf, L50, M|\n|poke|p2|Urshifu-*, L50, F|\n|poke|p2|Amoonguss, L50, M|\n|teampreview|4\n|j| kiabu233\n|\n|t:|1738521722\n|start\n|switch|p1a: Zamazenta|Zamazenta-Crowned, L50|100\/100\n|switch|p1b: Chien-Pao|Chien-Pao, L50|100\/100\n|switch|p2a: Urshifu|Urshifu-Rapid-Strike, L50, F|100\/100\n|switch|p2b: Rillaboom|Rillaboom, L50, M|100\/100\n|-ability|p1b: Chien-Pao|Sword of Ruin\n|-ability|p1a: Zamazenta|Dauntless Shield|boost\n|-boost|p1a: Zamazenta|def|1\n|-fieldstart|move: Grassy Terrain|[from] ability: Grassy Surge|[of] p2b: Rillaboom\n|turn|1\n|j| uekfl\n|\n|t:|1738521753\n|switch|p1b: Amoonguss|Amoonguss, L50, F|100\/100\n|-terastallize|p1a: Zamazenta|Grass\n|move|p2b: Rillaboom|Fake Out|p1b: Amoonguss\n|-damage|p1b: Amoonguss|90\/100\n|-damage|p2b: Rillaboom|84\/100|[from] item: Rocky Helmet|[of] p1b: Amoonguss\n|move|p2a: Urshifu|Surging Strikes|p1a: Zamazenta\n|-resisted|p1a: Zamazenta\n|-crit|p1a: Zamazenta\n|-damage|p1a: Zamazenta|95\/100\n|-resisted|p1a: Zamazenta\n|-crit|p1a: Zamazenta\n|-damage|p1a: Zamazenta|89\/100\n|-resisted|p1a: Zamazenta\n|-crit|p1a: Zamazenta\n|-damage|p1a: Zamazenta|83\/100\n|-hitcount|p1a: Zamazenta|3\n|move|p1a: Zamazenta|Body Press|p2a: Urshifu\n|-damage|p2a: Urshifu|32\/100\n|\n|-heal|p2a: Urshifu|38\/100|[from] Grassy Terrain\n|-heal|p1a: Zamazenta|89\/100|[from] Grassy Terrain\n|-heal|p2b: Rillaboom|90\/100|[from] Grassy Terrain\n|-heal|p1b: Amoonguss|95\/100|[from] Grassy Terrain\n|upkeep\n|turn|2\n|j| jdarcan\n|\n|t:|1738521780\n|switch|p2a: Amoonguss|Amoonguss, L50, M|100\/100\n|move|p1a: Zamazenta|Body Press|p2a: Amoonguss\n|-resisted|p2a: Amoonguss\n|-damage|p2a: Amoonguss|74\/100\n|-damage|p1a: Zamazenta|73\/100|[from] item: Rocky Helmet|[of] p2a: Amoonguss\n|move|p2b: Rillaboom|U-turn|p1a: Zamazenta\n|-supereffective|p1a: Zamazenta\n|-crit|p1a: Zamazenta\n|-damage|p1a: Zamazenta|36\/100\n|\n|t:|1738521796\n|switch|p2b: Kyogre|Kyogre, L50|100\/100|[from] U-turn\n|-weather|RainDance|[from] ability: Drizzle|[of] p2b: Kyogre\n|move|p1b: Amoonguss|Sludge Bomb|p2b: Kyogre\n|-damage|p2b: Kyogre|82\/100\n|\n|-weather|RainDance|[upkeep]\n|-heal|p1a: Zamazenta|42\/100|[from] Grassy Terrain\n|-heal|p2b: Kyogre|87\/100|[from] Grassy Terrain\n|-heal|p2b: Kyogre|93\/100|[from] item: Leftovers\n|-heal|p2a: Amoonguss|80\/100|[from] Grassy Terrain\n|-heal|p1b: Amoonguss|100\/100|[from] Grassy Terrain\n|upkeep\n|turn|3\n|\n|t:|1738521838\n|move|p2b: Kyogre|Protect|p2b: Kyogre\n|-singleturn|p2b: Kyogre|Protect\n|move|p1b: Amoonguss|Rage Powder|p1b: Amoonguss\n|-singleturn|p1b: Amoonguss|move: Rage Powder\n|move|p1a: Zamazenta|Body Press|p2b: Kyogre\n|-activate|p2b: Kyogre|move: Protect\n|move|p2a: Amoonguss|Sludge Bomb|p1a: Zamazenta\n|-supereffective|p1a: Zamazenta\n|-damage|p1a: Zamazenta|0 fnt\n|faint|p1a: Zamazenta\n|\n|-weather|RainDance|[upkeep]\n|-heal|p2b: Kyogre|99\/100|[from] Grassy Terrain\n|-heal|p2b: Kyogre|100\/100|[from] item: Leftovers\n|-heal|p2a: Amoonguss|86\/100|[from] Grassy Terrain\n|upkeep\n|\n|t:|1738521854\n|switch|p1a: Chien-Pao|Chien-Pao, L50|100\/100\n|-ability|p1a: Chien-Pao|Sword of Ruin\n|turn|4\n|j| MillerH33\n|\n|t:|1738521909\n|-terastallize|p2b: Kyogre|Grass\n|move|p2a: Amoonguss|Protect|p2a: Amoonguss\n|-singleturn|p2a: Amoonguss|Protect\n|move|p1a: Chien-Pao|Ice Spinner|p2a: Amoonguss\n|-activate|p2a: Amoonguss|move: Protect\n|move|p2b: Kyogre|Water Spout|p1b: Amoonguss|[spread] p1a,p1b\n|-resisted|p1b: Amoonguss\n|-enditem|p1a: Chien-Pao|Focus Sash\n|-damage|p1a: Chien-Pao|1\/100\n|-damage|p1b: Amoonguss|54\/100\n|move|p1b: Amoonguss|Sludge Bomb|p2b: Kyogre\n|-supereffective|p2b: Kyogre\n|-damage|p2b: Kyogre|63\/100\n|\n|-weather|RainDance|[upkeep]\n|-heal|p1a: Chien-Pao|7\/100|[from] Grassy Terrain\n|-heal|p2b: Kyogre|68\/100|[from] Grassy Terrain\n|-heal|p2b: Kyogre|74\/100|[from] item: Leftovers\n|-heal|p2a: Amoonguss|91\/100|[from] Grassy Terrain\n|-heal|p1b: Amoonguss|60\/100|[from] Grassy Terrain\n|upkeep\n|turn|5\n|\n|t:|1738521939\n|move|p2a: Amoonguss|Rage Powder|p2a: Amoonguss\n|-singleturn|p2a: Amoonguss|move: Rage Powder\n|move|p1a: Chien-Pao|Ice Spinner|p2a: Amoonguss\n|-supereffective|p2a: Amoonguss\n|-damage|p2a: Amoonguss|13\/100\n|-damage|p1a: Chien-Pao|0 fnt|[from] item: Rocky Helmet|[of] p2a: Amoonguss\n|faint|p1a: Chien-Pao\n|move|p2b: Kyogre|Ice Beam|p1b: Amoonguss\n|-supereffective|p1b: Amoonguss\n|-damage|p1b: Amoonguss|1\/100\n|move|p1b: Amoonguss|Sludge Bomb|p2b: Kyogre\n|-supereffective|p2b: Kyogre\n|-damage|p2b: Kyogre|36\/100\n|\n|-weather|RainDance|[upkeep]\n|-heal|p2b: Kyogre|42\/100|[from] Grassy Terrain\n|-heal|p2b: Kyogre|48\/100|[from] item: Leftovers\n|-heal|p2a: Amoonguss|19\/100|[from] Grassy Terrain\n|-heal|p1b: Amoonguss|7\/100|[from] Grassy Terrain\n|-fieldend|move: Grassy Terrain\n|upkeep\n|-message|Fenozi forfeited.\n|\n|win|Diestoise\n|raw|Fenozi's rating: 1542 &rarr; <strong>1529<\/strong><br \/>(-13 for losing)\n|raw|Diestoise's rating: 1660 &rarr; <strong>1673<\/strong><br \/>(+13 for winning)\n|l|\u2606Fenozi\n|player|p1|\n|l| kiabu233\n|l|\u2606Diestoise\n|player|p2|\n|l| uekfl\n","uploadtime":1738522116,"views":8,"formatid":"gen9vgc2025regg","rating":1529,"private":0,"password":null}