{"id":"gen9vgc2025regg-2293180526","format":"[Gen 9] VGC 2025 Reg G","players":["illuminakiwii","Pneumatictoad"],"log":"|j|\u2606illuminakiwii\n|j|\u2606Pneumatictoad\n|t:|1738533075\n|gametype|doubles\n|player|p1|illuminakiwii|acetrainerf-gen4dp|1573\n|player|p2|Pneumatictoad|janine|1638\n|teamsize|p1|6\n|teamsize|p2|6\n|gen|9\n|tier|[Gen 9] VGC 2025 Reg G\n|rated|\n|rule|Species Clause: Limit one of each Pok\u00e9mon\n|rule|Item Clause: Limit 1 of each item\n|clearpoke\n|poke|p1|Zacian-*, L50|\n|poke|p1|Regidrago, L50|\n|poke|p1|Volcarona, L50, M|\n|poke|p1|Farigiraf, L50, M|\n|poke|p1|Tornadus, L50, M|\n|poke|p1|Urshifu-*, L50, F|\n|poke|p2|Calyrex-Ice, L50|\n|poke|p2|Trapinch, L50, F|\n|poke|p2|Annihilape, L50, F|\n|poke|p2|Pelipper, L50, M|\n|poke|p2|Jigglypuff, L50, M|\n|poke|p2|Urshifu-*, L50, M|\n|teampreview|4\n|inactive|Battle timer is ON: inactive players will automatically lose when time's up. (requested by illuminakiwii)\n|inactive|illuminakiwii has 60 seconds left.\n|\n|t:|1738533112\n|start\n|switch|p1a: Dust|Zacian-Crowned, L50, shiny|100\/100\n|switch|p1b: Fidget|Volcarona, L50, M, shiny|100\/100\n|switch|p2a: Annihilape|Annihilape, L50, F|100\/100\n|switch|p2b: Calyrex|Calyrex-Ice, L50|100\/100\n|-ability|p2b: Calyrex|As One\n|-ability|p2b: Calyrex|Unnerve\n|-ability|p1a: Dust|Intrepid Sword|boost\n|-boost|p1a: Dust|atk|1\n|turn|1\n|inactive|Pneumatictoad has 30 seconds left.\n|\n|t:|1738533141\n|-terastallize|p2b: Calyrex|Grass\n|move|p1b: Fidget|Rage Powder|p1b: Fidget\n|-singleturn|p1b: Fidget|move: Rage Powder\n|move|p2a: Annihilape|Final Gambit|p1b: Fidget\n|-damage|p1b: Fidget|0 fnt\n|faint|p2a: Annihilape\n|faint|p1b: Fidget\n|move|p1a: Dust|Behemoth Blade|p2b: Calyrex\n|-damage|p2b: Calyrex|48\/100\n|move|p2b: Calyrex|Trick Room|p2b: Calyrex\n|-fieldstart|move: Trick Room|[of] p2b: Calyrex\n|\n|upkeep\n|inactive|Pneumatictoad has 30 seconds left.\n|inactive|Pneumatictoad has 20 seconds left.\n|inactive|Pneumatictoad has 15 seconds left.\n|\n|t:|1738533185\n|switch|p1b: DippertjeDap|Farigiraf, L50, M|100\/100\n|switch|p2a: Trapinch|Trapinch, L50, F|100\/100\n|turn|2\n|\n|t:|1738533201\n|-terastallize|p1b: DippertjeDap|Water\n|move|p1a: Dust|Protect|p1a: Dust\n|-singleturn|p1a: Dust|Protect\n|move|p2a: Trapinch|Earthquake|p1b: DippertjeDap|[spread] p2b,p1b\n|-activate|p1a: Dust|move: Protect\n|-resisted|p2b: Calyrex\n|-damage|p2b: Calyrex|36\/100\n|-damage|p1b: DippertjeDap|70\/100\n|move|p2b: Calyrex|Glacial Lance|p1b: DippertjeDap|[spread] p1b\n|-activate|p1a: Dust|move: Protect\n|-resisted|p1b: DippertjeDap\n|-damage|p1b: DippertjeDap|46\/100\n|move|p1b: DippertjeDap|Trick Room|p1b: DippertjeDap\n|-fieldend|move: Trick Room\n|\n|upkeep\n|turn|3\n|\n|t:|1738533215\n|move|p2b: Calyrex|Protect|p2b: Calyrex\n|-singleturn|p2b: Calyrex|Protect\n|move|p1a: Dust|Behemoth Blade|p2a: Trapinch\n|-enditem|p2a: Trapinch|Focus Sash\n|-damage|p2a: Trapinch|1\/100\n|move|p1b: DippertjeDap|Psychic Noise|p2a: Trapinch\n|-damage|p2a: Trapinch|0 fnt\n|faint|p2a: Trapinch\n|\n|upkeep\n|\n|t:|1738533223\n|switch|p2a: Pelipper|Pelipper, L50, M|100\/100\n|-weather|RainDance|[from] ability: Drizzle|[of] p2a: Pelipper\n|turn|4\n|\n|t:|1738533230\n|move|p2b: Calyrex|Protect||[still]\n|-fail|p2b: Calyrex\n|move|p1a: Dust|Behemoth Blade|p2b: Calyrex\n|-damage|p2b: Calyrex|0 fnt\n|faint|p2b: Calyrex\n|move|p1b: DippertjeDap|Psychic Noise|p2a: Pelipper\n|-damage|p2a: Pelipper|57\/100\n|-start|p2a: Pelipper|move: Heal Block\n|move|p2a: Pelipper|Hurricane|p1a: Dust\n|-resisted|p1a: Dust\n|-damage|p1a: Dust|78\/100\n|\n|-weather|RainDance|[upkeep]\n|upkeep\n|turn|5\n|-message|Pneumatictoad forfeited.\n|\n|win|illuminakiwii\n|raw|illuminakiwii's rating: 1573 &rarr; <strong>1598<\/strong><br \/>(+25 for winning)\n|raw|Pneumatictoad's rating: 1655 &rarr; <strong>1630<\/strong><br \/>(-25 for losing)\n|l|\u2606Pneumatictoad\n|player|p2|\n|l|\u2606illuminakiwii\n|player|p1|\n","uploadtime":1738533374,"views":9,"formatid":"gen9vgc2025regg","rating":1598,"private":0,"password":null}