{"id":"gen9vgc2025regg-2293386258","format":"[Gen 9] VGC 2025 Reg G","players":["Groudizzle","roykeenkennedy"],"log":"|j|\u2606Groudizzle\n|j|\u2606roykeenkennedy\n|t:|1738561274\n|gametype|doubles\n|player|p1|Groudizzle|mela|1553\n|player|p2|roykeenkennedy|alder|1567\n|teamsize|p1|6\n|teamsize|p2|6\n|gen|9\n|tier|[Gen 9] VGC 2025 Reg G\n|rated|\n|rule|Species Clause: Limit one of each Pok\u00e9mon\n|rule|Item Clause: Limit 1 of each item\n|clearpoke\n|poke|p1|Groudon, L50|\n|poke|p1|Gouging Fire, L50|\n|poke|p1|Sableye, L50, M|\n|poke|p1|Scream Tail, L50|\n|poke|p1|Raging Bolt, L50|\n|poke|p1|Hariyama, L50, M|\n|poke|p2|Calyrex-Shadow, L50|\n|poke|p2|Weezing, L50, F|\n|poke|p2|Indeedee-F, L50, F|\n|poke|p2|Incineroar, L50, M|\n|poke|p2|Urshifu-*, L50, F|\n|poke|p2|Regieleki, L50|\n|teampreview|4\n|inactive|Battle timer is ON: inactive players will automatically lose when time's up. (requested by Groudizzle)\n|\n|t:|1738561296\n|start\n|switch|p1a: Groudon|Groudon, L50|100\/100\n|switch|p1b: Gouging Fire|Gouging Fire, L50|100\/100\n|switch|p2a: Calyrex|Calyrex-Shadow, L50|100\/100\n|switch|p2b: Indeedee|Indeedee-F, L50, F|100\/100\n|-ability|p2a: Calyrex|As One\n|-ability|p2a: Calyrex|Unnerve\n|-weather|SunnyDay|[from] ability: Drought|[of] p1a: Groudon\n|-activate|p1b: Gouging Fire|ability: Protosynthesis\n|-start|p1b: Gouging Fire|protosynthesisspe\n|-fieldstart|move: Psychic Terrain|[from] ability: Psychic Surge|[of] p2b: Indeedee\n|turn|1\n|inactive|roykeenkennedy has 30 seconds left.\n|\n|t:|1738561324\n|move|p2b: Indeedee|Helping Hand|p2a: Calyrex\n|-singleturn|p2a: Calyrex|Helping Hand|[of] p2b: Indeedee\n|move|p1b: Gouging Fire|Flare Blitz|p2a: Calyrex\n|-damage|p2a: Calyrex|10\/100\n|-damage|p1b: Gouging Fire|71\/100|[from] Recoil\n|move|p2a: Calyrex|Expanding Force|p1b: Gouging Fire|[spread] p1a,p1b\n|-damage|p1a: Groudon|0 fnt\n|-damage|p1b: Gouging Fire|0 fnt\n|faint|p1a: Groudon\n|faint|p1b: Gouging Fire\n|-end|p1b: Gouging Fire|Protosynthesis|[silent]\n|-ability|p2a: Calyrex|Grim Neigh|boost\n|-boost|p2a: Calyrex|spa|2\n|-damage|p2a: Calyrex|0 fnt|[from] item: Life Orb\n|faint|p2a: Calyrex\n|\n|-weather|SunnyDay|[upkeep]\n|upkeep\n|\n|t:|1738561342\n|switch|p2a: Urshifu|Urshifu-Rapid-Strike, L50, F|100\/100\n|switch|p1b: Hariyama|Hariyama, L50, M|100\/100\n|switch|p1a: Scream Tail|Scream Tail, L50|100\/100\n|-activate|p1a: Scream Tail|ability: Protosynthesis\n|-start|p1a: Scream Tail|protosynthesisspe\n|turn|2\n|\n|t:|1738561357\n|-terastallize|p2a: Urshifu|Water\n|-terastallize|p1b: Hariyama|Water\n|move|p2b: Indeedee|Follow Me|p2b: Indeedee\n|-singleturn|p2b: Indeedee|move: Follow Me\n|move|p1a: Scream Tail|Howl|p1a: Scream Tail|[spread] p1a,p1b\n|-boost|p1a: Scream Tail|atk|1\n|-boost|p1b: Hariyama|atk|1\n|move|p2a: Urshifu|Surging Strikes|p1a: Scream Tail\n|-crit|p1a: Scream Tail\n|-damage|p1a: Scream Tail|87\/100\n|-crit|p1a: Scream Tail\n|-damage|p1a: Scream Tail|74\/100\n|-crit|p1a: Scream Tail\n|-damage|p1a: Scream Tail|61\/100\n|-hitcount|p1a: Scream Tail|3\n|move|p1b: Hariyama|Knock Off|p2b: Indeedee\n|-supereffective|p2b: Indeedee\n|-damage|p2b: Indeedee|0 fnt\n|-damage|p1b: Hariyama|84\/100|[from] item: Rocky Helmet|[of] p2b: Indeedee\n|-enditem|p2b: Indeedee|Rocky Helmet|[from] move: Knock Off|[of] p1b: Hariyama\n|faint|p2b: Indeedee\n|\n|-weather|SunnyDay|[upkeep]\n|upkeep\n|\n|t:|1738561380\n|switch|p2b: Weezing|Weezing, L50, F|100\/100\n|-ability|p2b: Weezing|Neutralizing Gas\n|turn|3\n|\n|t:|1738561392\n|move|p2a: Urshifu|Surging Strikes|p1a: Scream Tail\n|-crit|p1a: Scream Tail\n|-damage|p1a: Scream Tail|47\/100\n|-crit|p1a: Scream Tail\n|-damage|p1a: Scream Tail|35\/100\n|-crit|p1a: Scream Tail\n|-damage|p1a: Scream Tail|23\/100\n|-hitcount|p1a: Scream Tail|3\n|move|p1a: Scream Tail|Play Rough|p2a: Urshifu\n|-damage|p2a: Urshifu|61\/100\n|move|p2b: Weezing|Will-O-Wisp|p1b: Hariyama\n|-status|p1b: Hariyama|brn\n|move|p1b: Hariyama|Knock Off|p2a: Urshifu\n|-damage|p2a: Urshifu|36\/100\n|-enditem|p2a: Urshifu|Choice Scarf|[from] move: Knock Off|[of] p1b: Hariyama\n|\n|-weather|SunnyDay|[upkeep]\n|-damage|p1b: Hariyama|78\/100 brn|[from] brn\n|upkeep\n|turn|4\n|inactive|roykeenkennedy has 30 seconds left.\n|inactive|roykeenkennedy has 20 seconds left.\n|inactive|roykeenkennedy has 15 seconds left.\n|inactive|roykeenkennedy has 10 seconds left.\n|\n|t:|1738561437\n|move|p1a: Scream Tail|Play Rough|p2a: Urshifu\n|-damage|p2a: Urshifu|0 fnt\n|faint|p2a: Urshifu\n|move|p2b: Weezing|Sludge Bomb|p1a: Scream Tail\n|-supereffective|p1a: Scream Tail\n|-damage|p1a: Scream Tail|0 fnt\n|faint|p1a: Scream Tail\n|-end|p1a: Scream Tail|Protosynthesis|[silent]\n|move|p1b: Hariyama|Knock Off|p2b: Weezing\n|-damage|p2b: Weezing|79\/100\n|-enditem|p2b: Weezing|Leftovers|[from] move: Knock Off|[of] p1b: Hariyama\n|\n|-weather|SunnyDay|[upkeep]\n|-damage|p1b: Hariyama|72\/100 brn|[from] brn\n|upkeep\n|turn|5\n|\n|t:|1738561462\n|move|p2b: Weezing|Protect|p2b: Weezing\n|-singleturn|p2b: Weezing|Protect\n|move|p1b: Hariyama|Knock Off|p2b: Weezing\n|-activate|p2b: Weezing|move: Protect\n|\n|-weather|none\n|-damage|p1b: Hariyama|66\/100 brn|[from] brn\n|-fieldend|move: Psychic Terrain\n|upkeep\n|turn|6\n|\n|t:|1738561487\n|move|p2b: Weezing|Sludge Bomb|p1b: Hariyama\n|-damage|p1b: Hariyama|35\/100 brn\n|move|p1b: Hariyama|Knock Off|p2b: Weezing\n|-damage|p2b: Weezing|64\/100\n|\n|-damage|p1b: Hariyama|29\/100 brn|[from] brn\n|upkeep\n|turn|7\n|\n|t:|1738561495\n|move|p2b: Weezing|Protect|p2b: Weezing\n|-singleturn|p2b: Weezing|Protect\n|move|p1b: Hariyama|Knock Off|p2b: Weezing\n|-activate|p2b: Weezing|move: Protect\n|\n|-damage|p1b: Hariyama|23\/100 brn|[from] brn\n|upkeep\n|turn|8\n|\n|t:|1738561504\n|move|p2b: Weezing|Sludge Bomb|p1b: Hariyama\n|-damage|p1b: Hariyama|0 fnt\n|faint|p1b: Hariyama\n|\n|win|roykeenkennedy\n|raw|Groudizzle's rating: 1553 &rarr; <strong>1534<\/strong><br \/>(-19 for losing)\n|raw|roykeenkennedy's rating: 1567 &rarr; <strong>1586<\/strong><br \/>(+19 for winning)\n|l|\u2606Groudizzle\n|player|p1|\n|l|\u2606roykeenkennedy\n|player|p2|\n","uploadtime":1738561715,"views":17,"formatid":"gen9vgc2025regg","rating":1534,"private":0,"password":null}