{"id":"gen9vgc2025regg-2293101091","format":"[Gen 9] VGC 2025 Reg G","players":["dinglustan","DimensionalFool"],"log":"|j|\u2606dinglustan\n|j|\u203dDimensionalFool\n|t:|1738523722\n|gametype|doubles\n|player|p1|dinglustan|2|1554\n|player|p2|DimensionalFool|266|1624\n|teamsize|p1|6\n|teamsize|p2|6\n|gen|9\n|tier|[Gen 9] VGC 2025 Reg G\n|rated|\n|rule|Species Clause: Limit one of each Pok\u00e9mon\n|rule|Item Clause: Limit 1 of each item\n|clearpoke\n|poke|p1|Miraidon, L50|\n|poke|p1|Incineroar, L50, M|\n|poke|p1|Urshifu-*, L50, M|\n|poke|p1|Sinistcha, L50|\n|poke|p1|Ursaluna-Bloodmoon, L50, M|\n|poke|p1|Gardevoir, L50, F|\n|poke|p2|Grimmsnarl, L50, M|\n|poke|p2|Landorus, L50, M|\n|poke|p2|Calyrex-Ice, L50|\n|poke|p2|Pelipper, L50, F|\n|poke|p2|Urshifu-*, L50, M|\n|poke|p2|Rillaboom, L50, F|\n|teampreview|4\n|inactive|Battle timer is ON: inactive players will automatically lose when time's up. (requested by dinglustan)\n|j| jdarcan\n|inactive|DimensionalFool has 60 seconds left.\n|\n|t:|1738523752\n|start\n|switch|p1a: Miraidon|Miraidon, L50|100\/100\n|switch|p1b: Incineroar|Incineroar, L50, M|100\/100\n|switch|p2a: Landorus|Landorus, L50, M|100\/100\n|switch|p2b: Rillaboom|Rillaboom, L50, F|100\/100\n|-fieldstart|move: Electric Terrain|[from] ability: Hadron Engine|[of] p1a: Miraidon\n|-enditem|p1a: Miraidon|Electric Seed\n|-boost|p1a: Miraidon|def|1|[from] item: Electric Seed\n|-fieldstart|move: Grassy Terrain|[from] ability: Grassy Surge|[of] p2b: Rillaboom\n|-ability|p1b: Incineroar|Intimidate|boost\n|-unboost|p2a: Landorus|atk|1\n|-unboost|p2b: Rillaboom|atk|1\n|turn|1\n|inactive|DimensionalFool has 30 seconds left.\n|\n|t:|1738523777\n|move|p1a: Miraidon|Protect|p1a: Miraidon\n|-singleturn|p1a: Miraidon|Protect\n|move|p2b: Rillaboom|Fake Out|p1b: Incineroar\n|-damage|p1b: Incineroar|93\/100\n|move|p2a: Landorus|Sandsear Storm|p1b: Incineroar|[spread] p1b\n|-activate|p1a: Miraidon|move: Protect\n|-supereffective|p1b: Incineroar\n|-damage|p1b: Incineroar|26\/100\n|cant|p1b: Incineroar|flinch\n|\n|-heal|p1b: Incineroar|32\/100|[from] Grassy Terrain\n|upkeep\n|turn|2\n|\n|t:|1738523797\n|move|p2a: Landorus|Protect|p2a: Landorus\n|-singleturn|p2a: Landorus|Protect\n|move|p1a: Miraidon|Calm Mind|p1a: Miraidon\n|-boost|p1a: Miraidon|spa|1\n|-boost|p1a: Miraidon|spd|1\n|move|p2b: Rillaboom|High Horsepower|p1b: Incineroar\n|-supereffective|p1b: Incineroar\n|-damage|p1b: Incineroar|0 fnt\n|faint|p1b: Incineroar\n|\n|upkeep\n|\n|t:|1738523817\n|switch|p1b: Urshifu|Urshifu-Rapid-Strike, L50, M|100\/100\n|turn|3\n|\n|t:|1738523826\n|switch|p2b: Calyrex|Calyrex-Ice, L50|100\/100\n|-ability|p2b: Calyrex|As One\n|-ability|p2b: Calyrex|Unnerve\n|-terastallize|p2a: Landorus|Water\n|move|p1a: Miraidon|Dragon Pulse|p2b: Calyrex\n|-damage|p2b: Calyrex|72\/100\n|move|p2a: Landorus|Sandsear Storm|p1b: Urshifu|[spread] p1a\n|-miss|p2a: Landorus|p1b: Urshifu\n|-supereffective|p1a: Miraidon\n|-damage|p1a: Miraidon|35\/100\n|move|p1b: Urshifu|Surging Strikes|p2a: Landorus\n|-resisted|p2a: Landorus\n|-crit|p2a: Landorus\n|-damage|p2a: Landorus|88\/100\n|-resisted|p2a: Landorus\n|-crit|p2a: Landorus\n|-damage|p2a: Landorus|76\/100\n|-resisted|p2a: Landorus\n|-crit|p2a: Landorus\n|-damage|p2a: Landorus|63\/100\n|-hitcount|p2a: Landorus|3\n|\n|-heal|p1a: Miraidon|41\/100|[from] Grassy Terrain\n|-heal|p2a: Landorus|69\/100|[from] Grassy Terrain\n|-heal|p2b: Calyrex|77\/100|[from] Grassy Terrain\n|upkeep\n|turn|4\n|j| Triple20\n|\n|t:|1738523849\n|-terastallize|p1a: Miraidon|Electric\n|move|p1a: Miraidon|Parabolic Charge|p2a: Landorus|[spread] p1b,p2a,p2b\n|-supereffective|p1b: Urshifu\n|-supereffective|p2a: Landorus\n|-enditem|p1b: Urshifu|Focus Sash\n|-damage|p1b: Urshifu|1\/100\n|-heal|p1a: Miraidon|83\/100|[from] drain|[of] p1b: Urshifu\n|-damage|p2a: Landorus|0 fnt\n|-heal|p1a: Miraidon|100\/100|[from] drain|[of] p2a: Landorus\n|-damage|p2b: Calyrex|58\/100\n|faint|p2a: Landorus\n|move|p1b: Urshifu|Surging Strikes|p2b: Calyrex\n|-crit|p2b: Calyrex\n|-damage|p2b: Calyrex|44\/100\n|-crit|p2b: Calyrex\n|-damage|p2b: Calyrex|32\/100\n|-crit|p2b: Calyrex\n|-damage|p2b: Calyrex|21\/100\n|-hitcount|p2b: Calyrex|3\n|move|p2b: Calyrex|Glacial Lance|p1b: Urshifu|[spread] p1a,p1b\n|-resisted|p1b: Urshifu\n|-damage|p1a: Miraidon|68\/100\n|-damage|p1b: Urshifu|0 fnt\n|faint|p1b: Urshifu\n|-ability|p2b: Calyrex|Chilling Neigh|boost\n|-boost|p2b: Calyrex|atk|1\n|\n|-heal|p1a: Miraidon|74\/100|[from] Grassy Terrain\n|-heal|p2b: Calyrex|27\/100|[from] Grassy Terrain\n|upkeep\n|\n|t:|1738523869\n|switch|p2a: Rillaboom|Rillaboom, L50, F|100\/100\n|switch|p1b: Sinistcha|Sinistcha, L50|100\/100\n|-heal|p1a: Miraidon|99\/100|[from] ability: Hospitality|[of] p1b: Sinistcha\n|turn|5\n|\n|t:|1738523880\n|move|p2a: Rillaboom|Fake Out|p1a: Miraidon\n|-damage|p1a: Miraidon|90\/100\n|cant|p1a: Miraidon|flinch\n|move|p1b: Sinistcha|Matcha Gotcha|p2a: Rillaboom|[spread] \n|-miss|p1b: Sinistcha|p2a: Rillaboom\n|-miss|p1b: Sinistcha|p2b: Calyrex\n|move|p2b: Calyrex|Glacial Lance|p1b: Sinistcha|[spread] p1a,p1b\n|-crit|p1a: Miraidon\n|-supereffective|p1b: Sinistcha\n|-damage|p1a: Miraidon|0 fnt\n|-damage|p1b: Sinistcha|0 fnt\n|faint|p1a: Miraidon\n|faint|p1b: Sinistcha\n|\n|win|DimensionalFool\n|raw|dinglustan's rating: 1554 &rarr; <strong>1538<\/strong><br \/>(-16 for losing)\n|raw|DimensionalFool's rating: 1624 &rarr; <strong>1640<\/strong><br \/>(+16 for winning)\n|l|\u2606dinglustan\n|player|p1|\n|l|\u203dDimensionalFool\n|player|p2|\n|l| Triple20\n","uploadtime":1738524051,"views":15,"formatid":"gen9vgc2025regg","rating":1538,"private":0,"password":null}