{"id":"gen9vgc2025regg-2293742049","format":"[Gen 9] VGC 2025 Reg G","players":["heybetch","Diestoise"],"log":"|j|\u2606heybetch\n|j|\u2606Diestoise\n|t:|1738611027\n|gametype|doubles\n|player|p1|heybetch|fantina|1545\n|player|p2|Diestoise|blue|1630\n|teamsize|p1|6\n|teamsize|p2|6\n|gen|9\n|tier|[Gen 9] VGC 2025 Reg G\n|rated|\n|rule|Species Clause: Limit one of each Pok\u00e9mon\n|rule|Item Clause: Limit 1 of each item\n|clearpoke\n|poke|p1|Farigiraf, L50, F|\n|poke|p1|Urshifu-*, L50, F|\n|poke|p1|Iron Valiant, L50|\n|poke|p1|Amoonguss, L50, M|\n|poke|p1|Indeedee-F, L50, F|\n|poke|p1|Calyrex-Ice, L50|\n|poke|p2|Koraidon, L50|\n|poke|p2|Raging Bolt, L50|\n|poke|p2|Entei, L50|\n|poke|p2|Flutter Mane, L50|\n|poke|p2|Venusaur, L50, M|\n|poke|p2|Ditto, L50|\n|teampreview|4\n|\n|t:|1738611083\n|start\n|switch|p1a: Indeedee|Indeedee-F, L50, F|100\/100\n|switch|p1b: Farigiraf|Farigiraf, L50, F|100\/100\n|switch|p2a: Entei|Entei, L50|100\/100\n|switch|p2b: Venusaur|Venusaur, L50, M, shiny|100\/100\n|-fieldstart|move: Psychic Terrain|[from] ability: Psychic Surge|[of] p1a: Indeedee\n|turn|1\n|inactive|Battle timer is ON: inactive players will automatically lose when time's up. (requested by heybetch)\n|inactive|Diestoise has 60 seconds left.\n|\n|t:|1738611127\n|move|p1a: Indeedee|Follow Me|p1a: Indeedee\n|-singleturn|p1a: Indeedee|move: Follow Me\n|move|p2b: Venusaur|Sleep Powder|p1a: Indeedee\n|-activate|p1a: Indeedee|item: Safety Goggles|Sleep Powder\n|move|p2a: Entei|Crunch|p1a: Indeedee\n|-supereffective|p1a: Indeedee\n|-damage|p1a: Indeedee|50\/100\n|move|p1b: Farigiraf|Trick Room|p1b: Farigiraf\n|-fieldstart|move: Trick Room|[of] p1b: Farigiraf\n|\n|upkeep\n|turn|2\n|inactive|Diestoise has 30 seconds left.\n|inactive|heybetch has 30 seconds left.\n|\n|t:|1738611172\n|move|p2b: Venusaur|Protect|p2b: Venusaur\n|-singleturn|p2b: Venusaur|Protect\n|move|p1a: Indeedee|Follow Me|p1a: Indeedee\n|-singleturn|p1a: Indeedee|move: Follow Me\n|move|p1b: Farigiraf|Hyper Voice|p2b: Venusaur|[spread] p2a\n|-activate|p2b: Venusaur|move: Protect\n|-damage|p2a: Entei|77\/100\n|-enditem|p1b: Farigiraf|Throat Spray\n|-boost|p1b: Farigiraf|spa|1|[from] item: Throat Spray\n|move|p2a: Entei|Sacred Fire|p1a: Indeedee|[miss]\n|-miss|p2a: Entei|p1a: Indeedee\n|\n|upkeep\n|turn|3\n|inactive|Diestoise has 30 seconds left.\n|\n|t:|1738611197\n|move|p1a: Indeedee|Helping Hand|p1b: Farigiraf\n|-singleturn|p1b: Farigiraf|Helping Hand|[of] p1a: Indeedee\n|move|p1b: Farigiraf|Expanding Force|p2a: Entei|[spread] p2a,p2b\n|-crit|p2a: Entei\n|-supereffective|p2b: Venusaur\n|-damage|p2a: Entei|0 fnt\n|-damage|p2b: Venusaur|0 fnt\n|faint|p2a: Entei\n|faint|p2b: Venusaur\n|\n|upkeep\n|\n|t:|1738611204\n|switch|p2a: Ditto|Ditto, L50|100\/100\n|switch|p2b: Koraidon|Koraidon, L50|100\/100\n|-transform|p2a: Ditto|p1b: Farigiraf|[from] ability: Imposter\n|-weather|SunnyDay|[from] ability: Orichalcum Pulse|[of] p2b: Koraidon\n|-activate|p2b: Koraidon|Orichalcum Pulse|[source]\n|turn|4\n|\n|t:|1738611217\n|move|p2b: Koraidon|Protect|p2b: Koraidon\n|-singleturn|p2b: Koraidon|Protect\n|move|p1b: Farigiraf|Expanding Force|p2a: Ditto|[spread] p2a\n|-activate|p2b: Koraidon|move: Protect\n|-resisted|p2a: Ditto\n|-damage|p2a: Ditto|27\/100\n|move|p1a: Indeedee|Imprison|p1a: Indeedee\n|-start|p1a: Indeedee|move: Imprison\n|cant|p2a: Ditto|move: Imprison|Trick Room\n|\n|-weather|SunnyDay|[upkeep]\n|upkeep\n|turn|5\n|\n|t:|1738611236\n|-terastallize|p2b: Koraidon|Fire\n|move|p1a: Indeedee|Helping Hand|p1b: Farigiraf\n|-singleturn|p1b: Farigiraf|Helping Hand|[of] p1a: Indeedee\n|move|p1b: Farigiraf|Expanding Force|p2b: Koraidon|[spread] p2a,p2b\n|-resisted|p2a: Ditto\n|-damage|p2a: Ditto|0 fnt\n|-damage|p2b: Koraidon|0 fnt\n|faint|p2a: Ditto\n|faint|p2b: Koraidon\n|\n|win|heybetch\n|raw|heybetch's rating: 1562 &rarr; <strong>1586<\/strong><br \/>(+24 for winning)\n|raw|Diestoise's rating: 1630 &rarr; <strong>1606<\/strong><br \/>(-24 for losing)\n|l|\u2606Diestoise\n|player|p2|\n|l|\u2606heybetch\n|player|p1|\n","uploadtime":1738611463,"views":9,"formatid":"gen9vgc2025regg","rating":1586,"private":0,"password":null}