{"id":"gen9vgc2025regg-2293413614","format":"[Gen 9] VGC 2025 Reg G","players":["CCC2023","Yung Trav"],"log":"|j|\u2606CCC2023\n|j|\u2606Yung Trav\n|t:|1738566725\n|gametype|doubles\n|player|p1|CCC2023|101|1568\n|player|p2|Yung Trav|1|1708\n|teamsize|p1|6\n|teamsize|p2|6\n|gen|9\n|tier|[Gen 9] VGC 2025 Reg G\n|rated|\n|rule|Species Clause: Limit one of each Pok\u00e9mon\n|rule|Item Clause: Limit 1 of each item\n|clearpoke\n|poke|p1|Urshifu-*, L50, M|\n|poke|p1|Flutter Mane, L50|\n|poke|p1|Pelipper, L50, M|\n|poke|p1|Incineroar, L50, M|\n|poke|p1|Rillaboom, L50, M|\n|poke|p1|Calyrex-Ice, L50|\n|poke|p2|Calyrex-Ice, L50|\n|poke|p2|Regidrago, L50|\n|poke|p2|Smeargle, L50, M|\n|poke|p2|Farigiraf, L50, M|\n|poke|p2|Urshifu-*, L50, M|\n|poke|p2|Ogerpon-Cornerstone, L50, F|\n|teampreview|4\n|inactive|Battle timer is ON: inactive players will automatically lose when time's up. (requested by CCC2023)\n|\n|t:|1738566772\n|start\n|switch|p1a: Calyrex|Calyrex-Ice, L50|100\/100\n|switch|p1b: Urshifu|Urshifu-Rapid-Strike, L50, M|100\/100\n|switch|p2a: Calyrex|Calyrex-Ice, L50|100\/100\n|switch|p2b: Urshifu|Urshifu, L50, M|100\/100\n|-ability|p2a: Calyrex|As One\n|-ability|p2a: Calyrex|Unnerve\n|-ability|p1a: Calyrex|As One\n|-ability|p1a: Calyrex|Unnerve\n|turn|1\n|inactive|CCC2023 has 30 seconds left.\n|inactive|CCC2023 has 20 seconds left.\n|inactive|CCC2023 has 15 seconds left.\n|\n|t:|1738566816\n|-terastallize|p2a: Calyrex|Water\n|-terastallize|p1a: Calyrex|Fairy\n|move|p2b: Urshifu|Coaching|p2a: Calyrex\n|-boost|p2a: Calyrex|atk|1\n|-boost|p2a: Calyrex|def|1\n|move|p1b: Urshifu|Surging Strikes|p2b: Urshifu\n|-crit|p2b: Urshifu\n|-damage|p2b: Urshifu|78\/100\n|-crit|p2b: Urshifu\n|-damage|p2b: Urshifu|55\/100\n|-crit|p2b: Urshifu\n|-damage|p2b: Urshifu|31\/100\n|-hitcount|p2b: Urshifu|3\n|move|p2a: Calyrex|Glacial Lance|p1b: Urshifu|[spread] p1a,p1b\n|-resisted|p1b: Urshifu\n|-damage|p1a: Calyrex|45\/100\n|-damage|p1b: Urshifu|56\/100\n|move|p1a: Calyrex|Glacial Lance|p2b: Urshifu|[spread] p2a,p2b\n|-resisted|p2a: Calyrex\n|-crit|p2a: Calyrex\n|-damage|p2a: Calyrex|75\/100\n|-damage|p2b: Urshifu|0 fnt\n|faint|p2b: Urshifu\n|-ability|p1a: Calyrex|Chilling Neigh|boost\n|-boost|p1a: Calyrex|atk|1\n|\n|upkeep\n|inactive|Yung Trav has 30 seconds left.\n|\n|t:|1738566843\n|switch|p2b: Ogerpon|Ogerpon-Cornerstone, L50, F|100\/100\n|turn|2\n|\n|t:|1738566850\n|switch|p1a: Pelipper|Pelipper, L50, M|100\/100\n|-weather|RainDance|[from] ability: Drizzle|[of] p1a: Pelipper\n|move|p1b: Urshifu|Surging Strikes|p2b: Ogerpon\n|-crit|p2b: Ogerpon\n|-damage|p2b: Ogerpon|59\/100\n|-crit|p2b: Ogerpon\n|-damage|p2b: Ogerpon|13\/100\n|-crit|p2b: Ogerpon\n|-damage|p2b: Ogerpon|0 fnt\n|faint|p2b: Ogerpon\n|-hitcount|p2: Ogerpon|3\n|move|p2a: Calyrex|Glacial Lance|p1b: Urshifu|[spread] p1a,p1b\n|-resisted|p1b: Urshifu\n|-enditem|p1a: Pelipper|Focus Sash\n|-damage|p1a: Pelipper|1\/100\n|-damage|p1b: Urshifu|12\/100\n|\n|-weather|RainDance|[upkeep]\n|upkeep\n|\n|t:|1738566867\n|switch|p2b: Farigiraf|Farigiraf, L50, M, shiny|100\/100\n|turn|3\n|inactive|CCC2023 has 30 seconds left.\n|inactive|CCC2023 has 20 seconds left.\n|inactive|CCC2023 has 15 seconds left.\n|\n|t:|1738566912\n|move|p1b: Urshifu|Surging Strikes|p2b: Farigiraf\n|-crit|p2b: Farigiraf\n|-damage|p2b: Farigiraf|76\/100\n|-crit|p2b: Farigiraf\n|-damage|p2b: Farigiraf|48\/100\n|-crit|p2b: Farigiraf\n|-damage|p2b: Farigiraf|22\/100\n|-hitcount|p2b: Farigiraf|3\n|move|p1a: Pelipper|Weather Ball|p2b: Farigiraf\n|-damage|p2b: Farigiraf|0 fnt\n|faint|p2b: Farigiraf\n|move|p2a: Calyrex|High Horsepower|p1b: Urshifu\n|-damage|p1b: Urshifu|0 fnt\n|faint|p1b: Urshifu\n|-ability|p2a: Calyrex|Chilling Neigh|boost\n|-boost|p2a: Calyrex|atk|1\n|\n|-weather|RainDance|[upkeep]\n|upkeep\n|j| balnan\n|\n|t:|1738566933\n|switch|p1b: Flutter Mane|Flutter Mane, L50|100\/100\n|-enditem|p1b: Flutter Mane|Booster Energy\n|-activate|p1b: Flutter Mane|ability: Protosynthesis|[fromitem]\n|-start|p1b: Flutter Mane|protosynthesisspe\n|turn|4\n|\n|t:|1738566946\n|move|p1a: Pelipper|Wide Guard|p1a: Pelipper\n|-singleturn|p1a: Pelipper|Wide Guard\n|move|p1b: Flutter Mane|Moonblast|p2a: Calyrex\n|-damage|p2a: Calyrex|46\/100\n|move|p2a: Calyrex|Glacial Lance|p1b: Flutter Mane|[spread] \n|-activate|p1a: Pelipper|move: Wide Guard\n|-activate|p1b: Flutter Mane|move: Wide Guard\n|\n|-weather|RainDance|[upkeep]\n|upkeep\n|turn|5\n|-message|Yung Trav forfeited.\n|\n|win|CCC2023\n|raw|CCC2023's rating: 1568 &rarr; <strong>1596<\/strong><br \/>(+28 for winning)\n|raw|Yung Trav's rating: 1708 &rarr; <strong>1680<\/strong><br \/>(-28 for losing)\n|l|\u2606Yung Trav\n|player|p2|\n|l|\u2606CCC2023\n|player|p1|\n","uploadtime":1738567109,"views":14,"formatid":"gen9vgc2025regg","rating":1596,"private":0,"password":null}