{"id":"gen9vgc2025regg-2293172506","format":"[Gen 9] VGC 2025 Reg G","players":["Grimmjane","koji muranishi"],"log":"|j|\u2606Grimmjane\n|j|\u2606koji muranishi\n|t:|1738532107\n|gametype|doubles\n|player|p1|Grimmjane|169|1620\n|player|p2|koji muranishi|169|1651\n|teamsize|p1|6\n|teamsize|p2|6\n|gen|9\n|tier|[Gen 9] VGC 2025 Reg G\n|rated|\n|rule|Species Clause: Limit one of each Pok\u00e9mon\n|rule|Item Clause: Limit 1 of each item\n|clearpoke\n|poke|p1|Zacian-*, L50|\n|poke|p1|Entei, L50|\n|poke|p1|Araquanid, L50, M|\n|poke|p1|Brute Bonnet, L50|\n|poke|p1|Tornadus, L50, M|\n|poke|p1|Ditto, L50|\n|poke|p2|Whimsicott, L50, M|\n|poke|p2|Calyrex-Ice, L50|\n|poke|p2|Urshifu-*, L50, F|\n|poke|p2|Entei, L50|\n|poke|p2|Raging Bolt, L50|\n|poke|p2|Landorus, L50, M|\n|teampreview|4\n|inactive|Battle timer is ON: inactive players will automatically lose when time's up. (requested by koji muranishi)\n|\n|t:|1738532129\n|start\n|switch|p1a: Tornadus|Tornadus, L50, M|100\/100\n|switch|p1b: Khairo|Zacian-Crowned, L50|100\/100\n|switch|p2a: Whimsicott|Whimsicott, L50, M|100\/100\n|switch|p2b: Landorus|Landorus, L50, M|100\/100\n|-ability|p1b: Khairo|Intrepid Sword|boost\n|-boost|p1b: Khairo|atk|1\n|turn|1\n|j| Reelko\n|\n|t:|1738532143\n|-terastallize|p1b: Khairo|Ground\n|move|p1b: Khairo|Behemoth Blade|p2b: Landorus\n|-damage|p2b: Landorus|4\/100\n|move|p1a: Tornadus|Bleakwind Storm|p2b: Landorus|[spread] p2a\n|-miss|p1a: Tornadus|p2b: Landorus\n|-supereffective|p2a: Whimsicott\n|-enditem|p2a: Whimsicott|Focus Sash\n|-damage|p2a: Whimsicott|1\/100\n|move|p2b: Landorus|Sandsear Storm|p1b: Khairo|[spread] \n|-immune|p1a: Tornadus\n|-miss|p2b: Landorus|p1b: Khairo\n|move|p2a: Whimsicott|Trick Room|p2a: Whimsicott\n|-fieldstart|move: Trick Room|[of] p2a: Whimsicott\n|\n|upkeep\n|turn|2\n|\n|t:|1738532166\n|move|p2b: Landorus|Protect|p2b: Landorus\n|-singleturn|p2b: Landorus|Protect\n|move|p1b: Khairo|Protect|p1b: Khairo\n|-singleturn|p1b: Khairo|Protect\n|move|p1a: Tornadus|Bleakwind Storm|p2b: Landorus|[spread] \n|-activate|p2b: Landorus|move: Protect\n|-miss|p1a: Tornadus|p2a: Whimsicott\n|move|p2a: Whimsicott|Moonblast|p1a: Tornadus\n|-damage|p1a: Tornadus|55\/100\n|-unboost|p1a: Tornadus|spa|1\n|\n|upkeep\n|turn|3\n|j| Roman_Legend\n|j| Tapu_Fume\n|\n|t:|1738532183\n|switch|p1b: Araquanid|Araquanid, L50, M|100\/100\n|move|p2b: Landorus|Sludge Bomb|p1a: Tornadus\n|-damage|p1a: Tornadus|0 fnt\n|faint|p1a: Tornadus\n|move|p2a: Whimsicott|Moonblast|p1b: Araquanid\n|-damage|p1b: Araquanid|71\/100\n|\n|upkeep\n|\n|t:|1738532193\n|switch|p1a: Khairo|Zacian-Crowned, L50, tera:Ground|100\/100\n|turn|4\n|\n|t:|1738532206\n|switch|p2a: Raging Bolt|Raging Bolt, L50|100\/100\n|-enditem|p2a: Raging Bolt|Booster Energy\n|-activate|p2a: Raging Bolt|ability: Protosynthesis|[fromitem]\n|-start|p2a: Raging Bolt|protosynthesisspa\n|move|p2b: Landorus|Protect|p2b: Landorus\n|-singleturn|p2b: Landorus|Protect\n|move|p1b: Araquanid|Leech Life|p2b: Landorus\n|-activate|p2b: Landorus|move: Protect\n|move|p1a: Khairo|Behemoth Blade|p2a: Raging Bolt\n|-resisted|p2a: Raging Bolt\n|-damage|p2a: Raging Bolt|74\/100\n|\n|upkeep\n|turn|5\n|j| brrkz\n|inactive|koji muranishi has 30 seconds left.\n|\n|t:|1738532235\n|move|p1b: Araquanid|Protect|p1b: Araquanid\n|-singleturn|p1b: Araquanid|Protect\n|move|p2a: Raging Bolt|Thunderbolt|p1b: Araquanid\n|-activate|p1b: Araquanid|move: Protect\n|move|p2b: Landorus|Sludge Bomb|p1b: Araquanid\n|-activate|p1b: Araquanid|move: Protect\n|move|p1a: Khairo|Tera Blast|p2a: Raging Bolt|[anim] Tera Blast Ground\n|-supereffective|p2a: Raging Bolt\n|-damage|p2a: Raging Bolt|0 fnt\n|faint|p2a: Raging Bolt\n|-end|p2a: Raging Bolt|Protosynthesis|[silent]\n|\n|-fieldend|move: Trick Room\n|upkeep\n|\n|t:|1738532251\n|switch|p2a: Whimsicott|Whimsicott, L50, M|1\/100\n|turn|6\n|\n|t:|1738532257\n|switch|p1b: Entei|Entei, L50|100\/100\n|move|p2a: Whimsicott|Tailwind|p2a: Whimsicott\n|-sidestart|p2: koji muranishi|move: Tailwind\n|move|p2b: Landorus|Sludge Bomb|p1b: Entei\n|-damage|p1b: Entei|42\/100\n|move|p1a: Khairo|Behemoth Blade|p2b: Landorus\n|-damage|p2b: Landorus|0 fnt\n|faint|p2b: Landorus\n|\n|upkeep\n|\n|t:|1738532270\n|switch|p2b: Calyrex|Calyrex-Ice, L50|100\/100\n|-ability|p2b: Calyrex|As One\n|-ability|p2b: Calyrex|Unnerve\n|turn|7\n|\n|t:|1738532282\n|-terastallize|p2b: Calyrex|Ice\n|move|p2a: Whimsicott|Moonblast|p1a: Khairo\n|-damage|p1a: Khairo|67\/100\n|move|p2b: Calyrex|Glacial Lance|p1a: Khairo|[spread] p1a,p1b\n|-supereffective|p1a: Khairo\n|-resisted|p1b: Entei\n|-crit|p1b: Entei\n|-damage|p1a: Khairo|0 fnt\n|-damage|p1b: Entei|0 fnt\n|faint|p1a: Khairo\n|faint|p1b: Entei\n|-ability|p2b: Calyrex|Chilling Neigh|boost\n|-boost|p2b: Calyrex|atk|2\n|\n|upkeep\n|\n|t:|1738532292\n|switch|p1a: Araquanid|Araquanid, L50, M|71\/100\n|turn|8\n|\n|t:|1738532299\n|move|p2a: Whimsicott|Moonblast|p1a: Araquanid\n|-damage|p1a: Araquanid|39\/100\n|move|p2b: Calyrex|Glacial Lance|p1a: Araquanid\n|-resisted|p1a: Araquanid\n|-damage|p1a: Araquanid|0 fnt\n|faint|p1a: Araquanid\n|\n|win|koji muranishi\n|raw|Grimmjane's rating: 1620 &rarr; <strong>1602<\/strong><br \/>(-18 for losing)\n|raw|koji muranishi's rating: 1651 &rarr; <strong>1669<\/strong><br \/>(+18 for winning)\n|l| brrkz\n|l|\u2606Grimmjane\n|player|p1|\n|l| Roman_Legend\n|l|\u2606koji muranishi\n|player|p2|\n","uploadtime":1738532536,"views":9,"formatid":"gen9vgc2025regg","rating":1602,"private":0,"password":null}