{"id":"gen9vgc2025regg-2293277701","format":"[Gen 9] VGC 2025 Reg G","players":["orudbeck","VVhistler"],"log":"|j|\u2606orudbeck\n|j|\u2606VVhistler\n|t:|1738545471\n|gametype|doubles\n|player|p1|orudbeck|1|1659\n|player|p2|VVhistler|rocketgrunt|1546\n|teamsize|p1|6\n|teamsize|p2|6\n|gen|9\n|tier|[Gen 9] VGC 2025 Reg G\n|rated|\n|rule|Species Clause: Limit one of each Pok\u00e9mon\n|rule|Item Clause: Limit 1 of each item\n|clearpoke\n|poke|p1|Dialga-Origin, L50|\n|poke|p1|Incineroar, L50, F|\n|poke|p1|Dondozo, L50, M|\n|poke|p1|Toxtricity, L50, F|\n|poke|p1|Urshifu-*, L50, F|\n|poke|p1|Ursaluna, L50, M|\n|poke|p2|Calyrex-Shadow, L50|\n|poke|p2|Pawmot, L50, M|\n|poke|p2|Maushold, L50|\n|poke|p2|Rillaboom, L50, F|\n|poke|p2|Chi-Yu, L50|\n|poke|p2|Iron Bundle, L50|\n|teampreview|4\n|\n|t:|1738545499\n|start\n|switch|p1a: Incineroar|Incineroar, L50, F|100\/100\n|switch|p1b: Dialga|Dialga-Origin, L50|100\/100\n|switch|p2a: Maushold|Maushold, L50|100\/100\n|switch|p2b: Calyrex|Calyrex-Shadow, L50|100\/100\n|-ability|p2b: Calyrex|As One\n|-ability|p2b: Calyrex|Unnerve\n|-ability|p1a: Incineroar|Intimidate|boost\n|-unboost|p2a: Maushold|atk|1\n|-unboost|p2b: Calyrex|atk|1\n|turn|1\n|\n|t:|1738545526\n|-terastallize|p2b: Calyrex|Ghost\n|move|p1a: Incineroar|Fake Out|p2a: Maushold\n|-damage|p2a: Maushold|87\/100\n|-damage|p1a: Incineroar|84\/100|[from] item: Rocky Helmet|[of] p2a: Maushold\n|move|p2b: Calyrex|Astral Barrage|p1a: Incineroar|[spread] p1a,p1b\n|-resisted|p1a: Incineroar\n|-damage|p1a: Incineroar|57\/100\n|-damage|p1b: Dialga|38\/100\n|cant|p2a: Maushold|flinch\n|move|p1b: Dialga|Trick Room|p1b: Dialga\n|-fieldstart|move: Trick Room|[of] p1b: Dialga\n|\n|upkeep\n|turn|2\n|\n|t:|1738545554\n|switch|p1b: Ursaluna|Ursaluna, L50, M|100\/100\n|switch|p2b: Rillaboom|Rillaboom, L50, F|100\/100\n|-fieldstart|move: Grassy Terrain|[from] ability: Grassy Surge|[of] p2b: Rillaboom\n|move|p1a: Incineroar|Knock Off|p2b: Rillaboom\n|-damage|p2b: Rillaboom|62\/100\n|-enditem|p2b: Rillaboom|Assault Vest|[from] move: Knock Off|[of] p1a: Incineroar\n|move|p2a: Maushold|Taunt|p1a: Incineroar\n|-start|p1a: Incineroar|move: Taunt\n|\n|-heal|p1a: Incineroar|63\/100|[from] Grassy Terrain\n|-heal|p2b: Rillaboom|68\/100|[from] Grassy Terrain\n|-heal|p2a: Maushold|93\/100|[from] Grassy Terrain\n|-status|p1b: Ursaluna|brn|[from] item: Flame Orb\n|upkeep\n|turn|3\n|\n|t:|1738545582\n|switch|p1b: Toxtricity|Toxtricity, L50, F|100\/100\n|move|p2a: Maushold|Follow Me|p2a: Maushold\n|-singleturn|p2a: Maushold|move: Follow Me\n|move|p1a: Incineroar|Flare Blitz|p2a: Maushold\n|-damage|p2a: Maushold|30\/100\n|-damage|p1a: Incineroar|47\/100|[from] item: Rocky Helmet|[of] p2a: Maushold\n|-damage|p1a: Incineroar|28\/100|[from] Recoil\n|move|p2b: Rillaboom|Wood Hammer|p1b: Toxtricity\n|-resisted|p1b: Toxtricity\n|-damage|p1b: Toxtricity|54\/100\n|-damage|p2b: Rillaboom|56\/100|[from] Recoil\n|\n|-heal|p1a: Incineroar|34\/100|[from] Grassy Terrain\n|-heal|p1b: Toxtricity|60\/100|[from] Grassy Terrain\n|-heal|p2b: Rillaboom|62\/100|[from] Grassy Terrain\n|-heal|p2a: Maushold|36\/100|[from] Grassy Terrain\n|upkeep\n|turn|4\n|\n|t:|1738545614\n|move|p2a: Maushold|Helping Hand|p2b: Rillaboom\n|-singleturn|p2b: Rillaboom|Helping Hand|[of] p2a: Maushold\n|move|p1a: Incineroar|U-turn|p2b: Rillaboom\n|-supereffective|p2b: Rillaboom\n|-damage|p2b: Rillaboom|27\/100\n|\n|t:|1738545620\n|switch|p1a: Dialga|Dialga-Origin, L50|38\/100|[from] U-turn\n|move|p1b: Toxtricity|Sludge Wave|p2b: Rillaboom|[spread] p2a,p2b\n|-activate|p1a: Dialga|ability: Telepathy\n|-supereffective|p2b: Rillaboom\n|-damage|p2a: Maushold|0 fnt\n|-damage|p2b: Rillaboom|0 fnt\n|faint|p2a: Maushold\n|faint|p2b: Rillaboom\n|\n|-heal|p1b: Toxtricity|65\/100|[from] Grassy Terrain\n|-heal|p1a: Dialga|43\/100|[from] Grassy Terrain\n|upkeep\n|\n|t:|1738545635\n|switch|p2b: Calyrex|Calyrex-Shadow, L50, tera:Ghost|100\/100\n|switch|p2a: Pawmot|Pawmot, L50, M|100\/100\n|-ability|p2b: Calyrex|As One\n|-ability|p2b: Calyrex|Unnerve\n|turn|5\n|\n|t:|1738545650\n|-terastallize|p1b: Toxtricity|Normal\n|move|p1a: Dialga|Protect|p1a: Dialga\n|-singleturn|p1a: Dialga|Protect\n|move|p2a: Pawmot|Fake Out|p1b: Toxtricity\n|-damage|p1b: Toxtricity|48\/100\n|cant|p1b: Toxtricity|flinch\n|move|p2b: Calyrex|Astral Barrage|p1a: Dialga|[spread] \n|-activate|p1a: Dialga|move: Protect\n|-immune|p1b: Toxtricity\n|\n|-heal|p1b: Toxtricity|54\/100|[from] Grassy Terrain\n|-heal|p1a: Dialga|49\/100|[from] Grassy Terrain\n|-fieldend|move: Trick Room\n|upkeep\n|turn|6\n|\n|t:|1738545669\n|move|p2b: Calyrex|Astral Barrage|p1b: Toxtricity|[spread] p1a\n|-immune|p1b: Toxtricity\n|-damage|p1a: Dialga|0 fnt\n|faint|p1a: Dialga\n|-ability|p2b: Calyrex|Grim Neigh|boost\n|-boost|p2b: Calyrex|spa|1\n|move|p2a: Pawmot|Close Combat|p1b: Toxtricity\n|-supereffective|p1b: Toxtricity\n|-damage|p1b: Toxtricity|0 fnt\n|-unboost|p2a: Pawmot|def|1\n|-unboost|p2a: Pawmot|spd|1\n|faint|p1b: Toxtricity\n|\n|-fieldend|move: Grassy Terrain\n|upkeep\n|\n|t:|1738545678\n|switch|p1a: Ursaluna|Ursaluna, L50, M|100\/100 brn\n|switch|p1b: Incineroar|Incineroar, L50, F|34\/100\n|-ability|p1b: Incineroar|Intimidate|boost\n|-unboost|p2a: Pawmot|atk|1\n|-unboost|p2b: Calyrex|atk|1\n|turn|7\n|\n|t:|1738545691\n|move|p1b: Incineroar|Fake Out|p2a: Pawmot\n|-damage|p2a: Pawmot|63\/100\n|move|p2b: Calyrex|Astral Barrage|p1a: Ursaluna|[spread] p1b\n|-immune|p1a: Ursaluna\n|-resisted|p1b: Incineroar\n|-damage|p1b: Incineroar|0 fnt\n|faint|p1b: Incineroar\n|-ability|p2b: Calyrex|Grim Neigh|boost\n|-boost|p2b: Calyrex|spa|1\n|cant|p2a: Pawmot|flinch\n|move|p1a: Ursaluna|Headlong Rush|p2b: Calyrex\n|-damage|p2b: Calyrex|0 fnt\n|-unboost|p1a: Ursaluna|def|1\n|-unboost|p1a: Ursaluna|spd|1\n|faint|p2b: Calyrex\n|\n|-damage|p1a: Ursaluna|95\/100 brn|[from] brn\n|upkeep\n|turn|8\n|\n|t:|1738545714\n|move|p2a: Pawmot|Revival Blessing|p2a: Pawmot\n|\n|t:|1738545720\n|-heal|p2: Rillaboom|50\/100|[from] move: Revival Blessing\n|move|p1a: Ursaluna|Headlong Rush|p2a: Pawmot\n|-supereffective|p2a: Pawmot\n|-damage|p2a: Pawmot|0 fnt\n|-unboost|p1a: Ursaluna|def|1\n|-unboost|p1a: Ursaluna|spd|1\n|faint|p2a: Pawmot\n|\n|-damage|p1a: Ursaluna|89\/100 brn|[from] brn\n|upkeep\n|c|\u2606orudbeck|whoa well played\n|\n|t:|1738545735\n|switch|p2b: Rillaboom|Rillaboom, L50, F|50\/100\n|-fieldstart|move: Grassy Terrain|[from] ability: Grassy Surge|[of] p2b: Rillaboom\n|turn|9\n|\n|t:|1738545740\n|move|p1a: Ursaluna|Protect|p1a: Ursaluna\n|-singleturn|p1a: Ursaluna|Protect\n|move|p2b: Rillaboom|Wood Hammer|p1a: Ursaluna\n|-activate|p1a: Ursaluna|move: Protect\n|\n|-heal|p2b: Rillaboom|56\/100|[from] Grassy Terrain\n|-heal|p1a: Ursaluna|95\/100 brn|[from] Grassy Terrain\n|-damage|p1a: Ursaluna|89\/100 brn|[from] brn\n|upkeep\n|turn|10\n|\n|t:|1738545751\n|move|p2b: Rillaboom|Wood Hammer|p1a: Ursaluna\n|-supereffective|p1a: Ursaluna\n|-damage|p1a: Ursaluna|0 fnt\n|faint|p1a: Ursaluna\n|-damage|p2b: Rillaboom|21\/100|[from] Recoil\n|\n|win|VVhistler\n|raw|orudbeck's rating: 1659 &rarr; <strong>1633<\/strong><br \/>(-26 for losing)\n|raw|VVhistler's rating: 1546 &rarr; <strong>1572<\/strong><br \/>(+26 for winning)\n|l|\u2606VVhistler\n|player|p2|\n|l|\u2606orudbeck\n|player|p1|\n","uploadtime":1738545754,"views":14,"formatid":"gen9vgc2025regg","rating":1572,"private":0,"password":null}