{"id":"gen9vgc2025regg-2293860920","format":"[Gen 9] VGC 2025 Reg G","players":["RICHARDHAVOC","Lacossg"],"log":"|j|\u2606RICHARDHAVOC\n|j|\u2606Lacossg\n|t:|1738623846\n|gametype|doubles\n|player|p1|RICHARDHAVOC|brycen|1664\n|player|p2|Lacossg|2|1655\n|teamsize|p1|6\n|teamsize|p2|6\n|gen|9\n|tier|[Gen 9] VGC 2025 Reg G\n|rated|\n|rule|Species Clause: Limit one of each Pok\u00e9mon\n|rule|Item Clause: Limit 1 of each item\n|clearpoke\n|poke|p1|Zamazenta-*, L50|\n|poke|p1|Farigiraf, L50, M|\n|poke|p1|Chien-Pao, L50|\n|poke|p1|Dragonite, L50, M|\n|poke|p1|Scream Tail, L50|\n|poke|p1|Landorus, L50, M|\n|poke|p2|Ditto, L50|\n|poke|p2|Lunala, L50|\n|poke|p2|Indeedee-F, L50, F|\n|poke|p2|Roaring Moon, L50|\n|poke|p2|Urshifu-*, L50, M|\n|poke|p2|Ursaluna, L50, M|\n|teampreview|4\n|\n|t:|1738623867\n|start\n|switch|p1a: CHAIRMAN|Dragonite, L50, M, shiny|100\/100\n|switch|p1b: Chien-Pao|Chien-Pao, L50|100\/100\n|switch|p2a: Roaring Moon|Roaring Moon, L50|100\/100\n|switch|p2b: Urshifu|Urshifu-Rapid-Strike, L50, M|100\/100\n|-ability|p1b: Chien-Pao|Sword of Ruin\n|-enditem|p2a: Roaring Moon|Booster Energy\n|-activate|p2a: Roaring Moon|ability: Protosynthesis|[fromitem]\n|-start|p2a: Roaring Moon|protosynthesisspe\n|turn|1\n|\n|t:|1738623892\n|-terastallize|p1a: CHAIRMAN|Normal\n|move|p2b: Urshifu|Detect|p2b: Urshifu\n|-singleturn|p2b: Urshifu|Protect\n|move|p1a: CHAIRMAN|Extreme Speed|p2a: Roaring Moon\n|-damage|p2a: Roaring Moon|0 fnt\n|faint|p2a: Roaring Moon\n|-end|p2a: Roaring Moon|Protosynthesis|[silent]\n|move|p1b: Chien-Pao|Ice Spinner|p2b: Urshifu\n|-activate|p2b: Urshifu|move: Protect\n|\n|upkeep\n|\n|t:|1738623910\n|switch|p2a: Ditto|Ditto, L50|100\/100\n|-transform|p2a: Ditto|p1b: Chien-Pao|[from] ability: Imposter\n|-ability|p2a: Ditto|Sword of Ruin\n|turn|2\n|\n|t:|1738623922\n|switch|p2b: Lunala|Lunala, L50|100\/100\n|-terastallize|p2a: Ditto|Ghost\n|move|p1a: CHAIRMAN|Extreme Speed|p2b: Lunala\n|-immune|p2b: Lunala\n|move|p1b: Chien-Pao|Sucker Punch||[still]\n|-fail|p1b: Chien-Pao\n|move|p2a: Ditto|Ice Spinner|p1b: Chien-Pao\n|-resisted|p1b: Chien-Pao\n|-damage|p1b: Chien-Pao|73\/100\n|\n|upkeep\n|turn|3\n|\n|t:|1738623943\n|switch|p1a: Zamazenta|Zamazenta-Crowned, L50|100\/100\n|-ability|p1a: Zamazenta|Dauntless Shield|boost\n|-boost|p1a: Zamazenta|def|1\n|move|p2a: Ditto|Protect|p2a: Ditto\n|-singleturn|p2a: Ditto|Protect\n|move|p1b: Chien-Pao|Protect|p1b: Chien-Pao\n|-singleturn|p1b: Chien-Pao|Protect\n|move|p2b: Lunala|Meteor Beam||[still]\n|-prepare|p2b: Lunala|Meteor Beam\n|-boost|p2b: Lunala|spa|1\n|-enditem|p2b: Lunala|Power Herb\n|-anim|p2b: Lunala|Meteor Beam|p1b: Chien-Pao\n|-activate|p1b: Chien-Pao|move: Protect\n|\n|upkeep\n|turn|4\n|\n|t:|1738623968\n|switch|p2a: Urshifu|Urshifu-Rapid-Strike, L50, M|100\/100\n|move|p1b: Chien-Pao|Throat Chop|p2b: Lunala\n|-supereffective|p2b: Lunala\n|-damage|p2b: Lunala|25\/100\n|-start|p2b: Lunala|Throat Chop|[silent]\n|move|p1a: Zamazenta|Behemoth Bash|p2b: Lunala\n|-damage|p2b: Lunala|0 fnt\n|faint|p2b: Lunala\n|\n|upkeep\n|\n|t:|1738623976\n|switch|p2b: Ditto|Ditto, L50, tera:Ghost|100\/100\n|-transform|p2b: Ditto|p1a: Zamazenta|[from] ability: Imposter\n|-ability|p2b: Ditto|Dauntless Shield|boost\n|-boost|p2b: Ditto|def|1\n|turn|5\n|\n|t:|1738623997\n|move|p1b: Chien-Pao|Sucker Punch|p2a: Urshifu\n|-resisted|p2a: Urshifu\n|-damage|p2a: Urshifu|78\/100\n|move|p1a: Zamazenta|Body Press|p2a: Urshifu\n|-damage|p2a: Urshifu|0 fnt\n|faint|p2a: Urshifu\n|move|p2b: Ditto|Body Press|p1a: Zamazenta\n|-supereffective|p1a: Zamazenta\n|-damage|p1a: Zamazenta|3\/100\n|\n|upkeep\n|turn|6\n|\n|t:|1738624010\n|move|p1b: Chien-Pao|Throat Chop|p2b: Ditto\n|-supereffective|p2b: Ditto\n|-damage|p2b: Ditto|66\/100\n|-start|p2b: Ditto|Throat Chop|[silent]\n|move|p1a: Zamazenta|Behemoth Bash|p2b: Ditto\n|-damage|p2b: Ditto|48\/100\n|move|p2b: Ditto|Iron Defense|p2b: Ditto\n|-boost|p2b: Ditto|def|2\n|\n|upkeep\n|turn|7\n|\n|t:|1738624018\n|move|p1b: Chien-Pao|Throat Chop|p2b: Ditto\n|-supereffective|p2b: Ditto\n|-damage|p2b: Ditto|25\/100\n|move|p1a: Zamazenta|Behemoth Bash|p2b: Ditto\n|-damage|p2b: Ditto|13\/100\n|move|p2b: Ditto|Behemoth Bash|p1a: Zamazenta\n|-resisted|p1a: Zamazenta\n|-damage|p1a: Zamazenta|0 fnt\n|faint|p1a: Zamazenta\n|\n|-end|p2b: Ditto|Throat Chop|[silent]\n|upkeep\n|\n|t:|1738624026\n|switch|p1a: Farigiraf|Farigiraf, L50, M, shiny|100\/100\n|turn|8\n|\n|t:|1738624048\n|move|p1b: Chien-Pao|Throat Chop|p2b: Ditto\n|-supereffective|p2b: Ditto\n|-damage|p2b: Ditto|0 fnt\n|faint|p2b: Ditto\n|\n|win|RICHARDHAVOC\n|raw|RICHARDHAVOC's rating: 1664 &rarr; <strong>1683<\/strong><br \/>(+19 for winning)\n|raw|Lacossg's rating: 1655 &rarr; <strong>1636<\/strong><br \/>(-19 for losing)\n|l|\u2606Lacossg\n|player|p2|\n|l|\u2606RICHARDHAVOC\n|player|p1|\n","uploadtime":1738624262,"views":47,"formatid":"gen9vgc2025regg","rating":1636,"private":0,"password":null}