{"id":"gen9vgc2025regg-2293670714","format":"[Gen 9] VGC 2025 Reg G","players":["angelluisenjoyer","Weakest blow"],"log":"|j|\u2606angelluisenjoyer\n|j|\u2606Weakest blow\n|t:|1738604020\n|gametype|doubles\n|player|p1|angelluisenjoyer|volkner|1549\n|player|p2|Weakest blow|depotagent|1603\n|teamsize|p1|6\n|teamsize|p2|6\n|gen|9\n|tier|[Gen 9] VGC 2025 Reg G\n|rated|\n|rule|Species Clause: Limit one of each Pok\u00e9mon\n|rule|Item Clause: Limit 1 of each item\n|clearpoke\n|poke|p1|Calyrex-Ice, L50|\n|poke|p1|Milotic, L50, M|\n|poke|p1|Ursaluna-Bloodmoon, L50, M|\n|poke|p1|Urshifu-*, L50, F|\n|poke|p1|Amoonguss, L50, M|\n|poke|p1|Iron Hands, L50|\n|poke|p2|Ditto, L50|\n|poke|p2|Iron Hands, L50|\n|poke|p2|Miraidon, L50|\n|poke|p2|Pelipper, L50, M|\n|poke|p2|Volcarona, L50, M|\n|poke|p2|Whimsicott, L50, F|\n|teampreview|4\n|j| Baguettezzz\n|l| Baguettezzz\n|j| 17 character name\n|inactive|Battle timer is ON: inactive players will automatically lose when time's up. (requested by Weakest blow)\n|\n|t:|1738604056\n|start\n|switch|p1a: Calyrex|Calyrex-Ice, L50|100\/100\n|switch|p1b: Amoonguss|Amoonguss, L50, M|100\/100\n|switch|p2a: Iron Hands|Iron Hands, L50|100\/100\n|switch|p2b: Miraidon|Miraidon, L50|100\/100\n|-ability|p1a: Calyrex|As One\n|-ability|p1a: Calyrex|Unnerve\n|-fieldstart|move: Electric Terrain|[from] ability: Hadron Engine|[of] p2b: Miraidon\n|-activate|p2a: Iron Hands|ability: Quark Drive\n|-start|p2a: Iron Hands|quarkdriveatk\n|turn|1\n|inactive|Weakest blow has 30 seconds left.\n|\n|t:|1738604081\n|move|p1a: Calyrex|Protect|p1a: Calyrex\n|-singleturn|p1a: Calyrex|Protect\n|move|p1b: Amoonguss|Protect|p1b: Amoonguss\n|-singleturn|p1b: Amoonguss|Protect\n|move|p2a: Iron Hands|Fake Out|p1a: Calyrex\n|-activate|p1a: Calyrex|move: Protect\n|move|p2b: Miraidon|Draco Meteor|p1b: Amoonguss\n|-activate|p1b: Amoonguss|move: Protect\n|\n|upkeep\n|turn|2\n|\n|t:|1738604102\n|-terastallize|p2b: Miraidon|Fairy\n|move|p1b: Amoonguss|Rage Powder|p1b: Amoonguss\n|-singleturn|p1b: Amoonguss|move: Rage Powder\n|move|p2b: Miraidon|Dazzling Gleam|p1a: Calyrex|[spread] p1a,p1b\n|-resisted|p1b: Amoonguss\n|-damage|p1a: Calyrex|55\/100\n|-damage|p1b: Amoonguss|72\/100\n|-damage|p2b: Miraidon|91\/100|[from] item: Life Orb\n|move|p2a: Iron Hands|Heavy Slam|p1b: Amoonguss\n|-damage|p1b: Amoonguss|27\/100\n|-damage|p2a: Iron Hands|84\/100|[from] item: Rocky Helmet|[of] p1b: Amoonguss\n|move|p1a: Calyrex|Trick Room|p1a: Calyrex\n|-fieldstart|move: Trick Room|[of] p1a: Calyrex\n|\n|upkeep\n|turn|3\n|j| ggfsb\n|inactive|Weakest blow has 30 seconds left.\n|inactive|Weakest blow has 20 seconds left.\n|\n|t:|1738604139\n|switch|p2b: Ditto|Ditto, L50|100\/100\n|-transform|p2b: Ditto|p1a: Calyrex|[from] ability: Imposter\n|-ability|p2b: Ditto|As One\n|-ability|p2b: Ditto|Unnerve\n|move|p1b: Amoonguss|Pollen Puff|p1a: Calyrex\n|-heal|p1a: Calyrex|100\/100\n|move|p1a: Calyrex|Glacial Lance|p2a: Iron Hands|[spread] p2a,p2b\n|-resisted|p2b: Ditto\n|-damage|p2a: Iron Hands|34\/100\n|-damage|p2b: Ditto|70\/100\n|move|p2a: Iron Hands|Drain Punch|p1a: Calyrex\n|-damage|p1a: Calyrex|65\/100\n|-heal|p2a: Iron Hands|49\/100|[from] drain|[of] p1a: Calyrex\n|\n|upkeep\n|turn|4\n|inactive|angelluisenjoyer has 30 seconds left.\n|\n|t:|1738604165\n|-end|p2a: Iron Hands|Quark Drive|[silent]\n|switch|p2a: Volcarona|Volcarona, L50, M|100\/100\n|move|p1b: Amoonguss|Rage Powder|p1b: Amoonguss\n|-singleturn|p1b: Amoonguss|move: Rage Powder\n|move|p2b: Ditto|Glacial Lance|p1b: Amoonguss|[spread] p1a,p1b\n|-resisted|p1a: Calyrex\n|-supereffective|p1b: Amoonguss\n|-damage|p1a: Calyrex|46\/100\n|-damage|p1b: Amoonguss|0 fnt\n|faint|p1b: Amoonguss\n|-ability|p2b: Ditto|Chilling Neigh|boost\n|-boost|p2b: Ditto|atk|1\n|move|p1a: Calyrex|Glacial Lance|p2b: Ditto|[spread] p2a,p2b\n|-resisted|p2a: Volcarona\n|-resisted|p2b: Ditto\n|-damage|p2a: Volcarona|61\/100\n|-damage|p2b: Ditto|42\/100\n|\n|upkeep\n|\n|t:|1738604171\n|switch|p1b: Ursaluna|Ursaluna-Bloodmoon, L50, M|100\/100\n|turn|5\n|\n|t:|1738604190\n|move|p1a: Calyrex|Glacial Lance|p2b: Ditto|[spread] p2a,p2b\n|-resisted|p2a: Volcarona\n|-resisted|p2b: Ditto\n|-damage|p2a: Volcarona|23\/100\n|-damage|p2b: Ditto|15\/100\n|move|p2b: Ditto|Glacial Lance|p1a: Calyrex|[spread] p1a,p1b\n|-resisted|p1a: Calyrex\n|-supereffective|p1b: Ursaluna\n|-damage|p1a: Calyrex|16\/100\n|-damage|p1b: Ursaluna|0 fnt\n|faint|p1b: Ursaluna\n|-ability|p2b: Ditto|Chilling Neigh|boost\n|-boost|p2b: Ditto|atk|1\n|move|p2a: Volcarona|Struggle Bug|p1a: Calyrex\n|-supereffective|p1a: Calyrex\n|-crit|p1a: Calyrex\n|-damage|p1a: Calyrex|0 fnt\n|faint|p1a: Calyrex\n|\n|-fieldend|move: Electric Terrain\n|upkeep\n|\n|t:|1738604201\n|switch|p1a: Iron Hands|Iron Hands, L50|100\/100\n|turn|6\n|\n|t:|1738604215\n|move|p2b: Ditto|Protect|p2b: Ditto\n|-singleturn|p2b: Ditto|Protect\n|move|p1a: Iron Hands|Drain Punch|p2b: Ditto\n|-activate|p2b: Ditto|move: Protect\n|move|p2a: Volcarona|Fiery Dance|p1a: Iron Hands\n|-damage|p1a: Iron Hands|78\/100\n|\n|-fieldend|move: Trick Room\n|upkeep\n|turn|7\n|\n|t:|1738604228\n|move|p2a: Volcarona|Rage Powder|p2a: Volcarona\n|-singleturn|p2a: Volcarona|move: Rage Powder\n|move|p2b: Ditto|Glacial Lance|p1a: Iron Hands\n|-damage|p1a: Iron Hands|0 fnt\n|faint|p1a: Iron Hands\n|-end|p1a: Iron Hands|Quark Drive|[silent]\n|\n|win|Weakest blow\n|raw|angelluisenjoyer's rating: 1549 &rarr; <strong>1532<\/strong><br \/>(-17 for losing)\n|raw|Weakest blow's rating: 1603 &rarr; <strong>1620<\/strong><br \/>(+17 for winning)\n|l|\u2606angelluisenjoyer\n|player|p1|\n|l| ggfsb\n|l| 17 character name\n","uploadtime":1738604237,"views":34,"formatid":"gen9vgc2025regg","rating":1532,"private":0,"password":null}