{"id":"gen9vgc2025regg-2293852540","format":"[Gen 9] VGC 2025 Reg G","players":["kajashi","RustyChair13"],"log":"|j|\u2606kajashi\n|j|\u2606RustyChair13\n|t:|1738622844\n|gametype|doubles\n|player|p1|kajashi|n|1573\n|player|p2|RustyChair13|scientist-gen4|1629\n|teamsize|p1|6\n|teamsize|p2|6\n|gen|9\n|tier|[Gen 9] VGC 2025 Reg G\n|rated|\n|rule|Species Clause: Limit one of each Pok\u00e9mon\n|rule|Item Clause: Limit 1 of each item\n|clearpoke\n|poke|p1|Incineroar, L50, M|\n|poke|p1|Amoonguss, L50, M|\n|poke|p1|Calyrex-Ice, L50|\n|poke|p1|Raging Bolt, L50|\n|poke|p1|Landorus, L50, M|\n|poke|p1|Urshifu-*, L50, M|\n|poke|p2|Zamazenta-*, L50|\n|poke|p2|Chien-Pao, L50|\n|poke|p2|Chi-Yu, L50|\n|poke|p2|Raging Bolt, L50|\n|poke|p2|Flutter Mane, L50|\n|poke|p2|Amoonguss, L50, F|\n|teampreview|4\n|inactive|Battle timer is ON: inactive players will automatically lose when time's up. (requested by RustyChair13)\n|\n|t:|1738622896\n|start\n|switch|p1a: Amoonguss|Amoonguss, L50, M|100\/100\n|switch|p1b: Raging Bolt|Raging Bolt, L50|100\/100\n|switch|p2a: Chi-Yu|Chi-Yu, L50|100\/100\n|switch|p2b: Zamazenta|Zamazenta-Crowned, L50, shiny|100\/100\n|-ability|p2a: Chi-Yu|Beads of Ruin\n|-ability|p2b: Zamazenta|Dauntless Shield|boost\n|-boost|p2b: Zamazenta|def|1\n|turn|1\n|inactive|RustyChair13 has 30 seconds left.\n|\n|t:|1738622929\n|-terastallize|p1a: Amoonguss|Fire\n|move|p2a: Chi-Yu|Dark Pulse|p1a: Amoonguss\n|-damage|p1a: Amoonguss|50\/100\n|move|p2b: Zamazenta|Body Press|p1a: Amoonguss\n|-damage|p1a: Amoonguss|0 fnt\n|faint|p1a: Amoonguss\n|move|p1b: Raging Bolt|Thunderbolt|p2b: Zamazenta\n|-damage|p2b: Zamazenta|53\/100\n|\n|upkeep\n|\n|t:|1738622951\n|switch|p1a: Landorus|Landorus, L50, M|100\/100\n|turn|2\n|\n|t:|1738622973\n|move|p2b: Zamazenta|Protect|p2b: Zamazenta\n|-singleturn|p2b: Zamazenta|Protect\n|move|p1a: Landorus|Earth Power|p2a: Chi-Yu\n|-supereffective|p2a: Chi-Yu\n|-damage|p2a: Chi-Yu|0 fnt\n|faint|p2a: Chi-Yu\n|move|p1b: Raging Bolt|Thunderbolt|p2b: Zamazenta\n|-activate|p2b: Zamazenta|move: Protect\n|\n|upkeep\n|\n|t:|1738622981\n|switch|p2a: Chien-Pao|Chien-Pao, L50|100\/100\n|-ability|p2a: Chien-Pao|Sword of Ruin\n|turn|3\n|inactive|kajashi has 30 seconds left.\n|\n|t:|1738623014\n|-terastallize|p2b: Zamazenta|Dragon\n|move|p1a: Landorus|Earth Power|p2b: Zamazenta\n|-damage|p2b: Zamazenta|9\/100\n|move|p2a: Chien-Pao|Ice Spinner|p1a: Landorus\n|-supereffective|p1a: Landorus\n|-damage|p1a: Landorus|0 fnt\n|faint|p1a: Landorus\n|move|p2b: Zamazenta|Body Press|p1b: Raging Bolt\n|-damage|p1b: Raging Bolt|35\/100\n|move|p1b: Raging Bolt|Thunderbolt|p2a: Chien-Pao\n|-damage|p2a: Chien-Pao|24\/100\n|-status|p2a: Chien-Pao|par\n|\n|upkeep\n|\n|t:|1738623027\n|switch|p1a: Calyrex|Calyrex-Ice, L50|100\/100\n|-ability|p1a: Calyrex|As One\n|-ability|p1a: Calyrex|Unnerve\n|turn|4\n|j| GooglePay\n|inactive|kajashi has 30 seconds left.\n|inactive|RustyChair13 has 30 seconds left.\n|\n|t:|1738623058\n|move|p2b: Zamazenta|Protect|p2b: Zamazenta\n|-singleturn|p2b: Zamazenta|Protect\n|cant|p2a: Chien-Pao|par\n|move|p1b: Raging Bolt|Thunderbolt|p2a: Chien-Pao\n|-damage|p2a: Chien-Pao|0 fnt\n|faint|p2a: Chien-Pao\n|move|p1a: Calyrex|Trick Room|p1a: Calyrex\n|-fieldstart|move: Trick Room|[of] p1a: Calyrex\n|\n|upkeep\n|j| Reflextive\n|\n|t:|1738623066\n|switch|p2a: Amoonguss|Amoonguss, L50, F|100\/100\n|turn|5\n|\n|t:|1738623088\n|move|p2b: Zamazenta|Wide Guard|p2b: Zamazenta\n|-singleturn|p2b: Zamazenta|Wide Guard\n|move|p1a: Calyrex|High Horsepower|p2b: Zamazenta\n|-damage|p2b: Zamazenta|0 fnt\n|faint|p2b: Zamazenta\n|-ability|p1a: Calyrex|Chilling Neigh|boost\n|-boost|p1a: Calyrex|atk|1\n|move|p2a: Amoonguss|Spore|p1b: Raging Bolt\n|-status|p1b: Raging Bolt|slp|[from] move: Spore\n|cant|p1b: Raging Bolt|slp\n|\n|upkeep\n|turn|6\n|-message|RustyChair13 forfeited.\n|\n|win|kajashi\n|raw|kajashi's rating: 1573 &rarr; <strong>1596<\/strong><br \/>(+23 for winning)\n|raw|RustyChair13's rating: 1629 &rarr; <strong>1606<\/strong><br \/>(-23 for losing)\n|l|\u2606RustyChair13\n|player|p2|\n","uploadtime":1738623102,"views":32,"formatid":"gen9vgc2025regg","rating":1596,"private":0,"password":null}