{"id":"gen9vgc2025regg-2293035081","format":"[Gen 9] VGC 2025 Reg G","players":["GucciSoup","nickfanta"],"log":"|j|\u2606GucciSoup\n|j|\u2606nickfanta\n|t:|1738515505\n|gametype|doubles\n|player|p1|GucciSoup|wallace|1606\n|player|p2|nickfanta|lucas|1614\n|teamsize|p1|6\n|teamsize|p2|6\n|gen|9\n|tier|[Gen 9] VGC 2025 Reg G\n|rated|\n|rule|Species Clause: Limit one of each Pok\u00e9mon\n|rule|Item Clause: Limit 1 of each item\n|clearpoke\n|poke|p1|Miraidon, L50|\n|poke|p1|Incineroar, L50, F|\n|poke|p1|Scizor, L50, F|\n|poke|p1|Grimmsnarl, L50, M|\n|poke|p1|Pelipper, L50, M|\n|poke|p1|Landorus, L50, M|\n|poke|p2|Calyrex-Shadow, L50|\n|poke|p2|Incineroar, L50, F|\n|poke|p2|Urshifu-*, L50, M|\n|poke|p2|Amoonguss, L50, M|\n|poke|p2|Raging Bolt, L50|\n|poke|p2|Flutter Mane, L50|\n|teampreview|4\n|inactive|Battle timer is ON: inactive players will automatically lose when time's up. (requested by nickfanta)\n|\n|t:|1738515536\n|start\n|switch|p1a: Mister J|Grimmsnarl, L50, M|100\/100\n|switch|p1b: Kendrick|Incineroar, L50, F|100\/100\n|switch|p2a: Flutter Mane|Flutter Mane, L50|100\/100\n|switch|p2b: Raging Bolt|Raging Bolt, L50|100\/100\n|-ability|p1b: Kendrick|Intimidate|boost\n|-unboost|p2a: Flutter Mane|atk|1\n|-unboost|p2b: Raging Bolt|atk|1\n|-enditem|p2a: Flutter Mane|Booster Energy\n|-activate|p2a: Flutter Mane|ability: Protosynthesis|[fromitem]\n|-start|p2a: Flutter Mane|protosynthesisspe\n|turn|1\n|\n|t:|1738515557\n|move|p1b: Kendrick|Fake Out|p2b: Raging Bolt\n|-damage|p2b: Raging Bolt|92\/100\n|move|p1a: Mister J|Thunder Wave|p2a: Flutter Mane\n|-status|p2a: Flutter Mane|par\n|cant|p2a: Flutter Mane|par\n|cant|p2b: Raging Bolt|flinch\n|\n|upkeep\n|turn|2\n|\n|t:|1738515575\n|move|p1a: Mister J|Light Screen|p1a: Mister J\n|-sidestart|p1: GucciSoup|move: Light Screen\n|cant|p2a: Flutter Mane|par\n|move|p2b: Raging Bolt|Thunderbolt|p1a: Mister J\n|-damage|p1a: Mister J|74\/100\n|move|p1b: Kendrick|Knock Off|p2b: Raging Bolt\n|-damage|p2b: Raging Bolt|63\/100\n|-enditem|p2b: Raging Bolt|Assault Vest|[from] move: Knock Off|[of] p1b: Kendrick\n|\n|upkeep\n|turn|3\n|\n|t:|1738515586\n|move|p2a: Flutter Mane|Moonblast|p1a: Mister J\n|-supereffective|p1a: Mister J\n|-damage|p1a: Mister J|21\/100\n|move|p2b: Raging Bolt|Thunderbolt|p1b: Kendrick\n|-damage|p1b: Kendrick|73\/100\n|move|p1b: Kendrick|Knock Off|p2a: Flutter Mane\n|-damage|p2a: Flutter Mane|41\/100 par\n|move|p1a: Mister J|Spirit Break|p2b: Raging Bolt\n|-supereffective|p2b: Raging Bolt\n|-damage|p2b: Raging Bolt|18\/100\n|-unboost|p2b: Raging Bolt|spa|1\n|\n|upkeep\n|turn|4\n|\n|t:|1738515607\n|-end|p2b: Raging Bolt|Protosynthesis|[silent]\n|switch|p2b: Amoonguss|Amoonguss, L50, M|100\/100\n|move|p1a: Mister J|Parting Shot|p2a: Flutter Mane\n|-unboost|p2a: Flutter Mane|atk|1\n|-unboost|p2a: Flutter Mane|spa|1\n|\n|t:|1738515613\n|switch|p1a: Thunder Bringer|Landorus, L50, M|100\/100|[from] Parting Shot\n|move|p2a: Flutter Mane|Moonblast|p1a: Thunder Bringer\n|-damage|p1a: Thunder Bringer|71\/100\n|move|p1b: Kendrick|Knock Off|p2a: Flutter Mane\n|-damage|p2a: Flutter Mane|0 fnt\n|faint|p2a: Flutter Mane\n|-end|p2a: Flutter Mane|Protosynthesis|[silent]\n|\n|upkeep\n|\n|t:|1738515627\n|switch|p2a: Calyrex|Calyrex-Shadow, L50|100\/100\n|-ability|p2a: Calyrex|As One\n|-ability|p2a: Calyrex|Unnerve\n|turn|5\n|\n|t:|1738515642\n|switch|p1a: Metal Overlord|Miraidon, L50|100\/100\n|-fieldstart|move: Electric Terrain|[from] ability: Hadron Engine|[of] p1a: Metal Overlord\n|-enditem|p1a: Metal Overlord|Electric Seed\n|-boost|p1a: Metal Overlord|def|1|[from] item: Electric Seed\n|move|p2b: Amoonguss|Rage Powder|p2b: Amoonguss\n|-singleturn|p2b: Amoonguss|move: Rage Powder\n|move|p2a: Calyrex|Astral Barrage|p1b: Kendrick|[spread] p1a,p1b\n|-resisted|p1b: Kendrick\n|-damage|p1a: Metal Overlord|70\/100\n|-damage|p1b: Kendrick|58\/100\n|move|p1b: Kendrick|Roar|p2b: Amoonguss\n|drag|p2b: Raging Bolt|Raging Bolt, L50|18\/100\n|\n|upkeep\n|turn|6\n|j| Salvato1902V\n|\n|t:|1738515664\n|-terastallize|p2a: Calyrex|Fighting\n|move|p1a: Metal Overlord|Protect|p1a: Metal Overlord\n|-singleturn|p1a: Metal Overlord|Protect\n|move|p2a: Calyrex|Tera Blast|p1b: Kendrick|[anim] Tera Blast Fighting\n|-supereffective|p1b: Kendrick\n|-damage|p1b: Kendrick|0 fnt\n|faint|p1b: Kendrick\n|-ability|p2a: Calyrex|Grim Neigh|boost\n|-boost|p2a: Calyrex|spa|1\n|move|p2b: Raging Bolt|Draco Meteor|p1a: Metal Overlord\n|-activate|p1a: Metal Overlord|move: Protect\n|\n|upkeep\n|\n|t:|1738515668\n|switch|p1b: Mister J|Grimmsnarl, L50, M|21\/100\n|turn|7\n|inactive|GucciSoup has 30 seconds left.\n|inactive|GucciSoup has 20 seconds left.\n|inactive|GucciSoup has 15 seconds left.\n|\n|t:|1738515711\n|-terastallize|p1a: Metal Overlord|Electric\n|move|p2a: Calyrex|Protect|p2a: Calyrex\n|-singleturn|p2a: Calyrex|Protect\n|move|p1b: Mister J|Parting Shot|p2b: Raging Bolt\n|-unboost|p2b: Raging Bolt|atk|1\n|-unboost|p2b: Raging Bolt|spa|1\n|\n|t:|1738515715\n|switch|p1b: Thunder Bringer|Landorus, L50, M|71\/100|[from] Parting Shot\n|move|p1a: Metal Overlord|Calm Mind|p1a: Metal Overlord\n|-boost|p1a: Metal Overlord|spa|1\n|-boost|p1a: Metal Overlord|spd|1\n|move|p2b: Raging Bolt|Thunderbolt|p1b: Thunder Bringer\n|-immune|p1b: Thunder Bringer\n|\n|upkeep\n|turn|8\n|\n|t:|1738515735\n|move|p1b: Thunder Bringer|Protect|p1b: Thunder Bringer\n|-singleturn|p1b: Thunder Bringer|Protect\n|move|p2a: Calyrex|Astral Barrage|p1b: Thunder Bringer|[spread] p1a\n|-activate|p1b: Thunder Bringer|move: Protect\n|-damage|p1a: Metal Overlord|40\/100\n|move|p1a: Metal Overlord|Parabolic Charge|p2b: Raging Bolt|[spread] p2a,p2b\n|-activate|p1b: Thunder Bringer|move: Protect\n|-resisted|p2b: Raging Bolt\n|-damage|p2a: Calyrex|19\/100\n|-heal|p1a: Metal Overlord|76\/100|[from] drain|[of] p2a: Calyrex\n|-damage|p2b: Raging Bolt|0 fnt\n|-heal|p1a: Metal Overlord|87\/100|[from] drain|[of] p2b: Raging Bolt\n|faint|p2b: Raging Bolt\n|-end|p2b: Raging Bolt|Protosynthesis|[silent]\n|\n|upkeep\n|\n|t:|1738515749\n|switch|p2b: Amoonguss|Amoonguss, L50, M|100\/100\n|turn|9\n|\n|t:|1738515759\n|move|p2a: Calyrex|Protect|p2a: Calyrex\n|-singleturn|p2a: Calyrex|Protect\n|move|p1a: Metal Overlord|Dragon Pulse|p2b: Amoonguss\n|-damage|p2b: Amoonguss|37\/100\n|move|p1b: Thunder Bringer|Earth Power|p2b: Amoonguss\n|-damage|p2b: Amoonguss|0 fnt\n|faint|p2b: Amoonguss\n|\n|-sideend|p1: GucciSoup|move: Light Screen\n|-fieldend|move: Electric Terrain\n|upkeep\n|turn|10\n|\n|t:|1738515767\n|move|p2a: Calyrex|Astral Barrage|p1b: Thunder Bringer|[spread] p1a,p1b\n|-damage|p1a: Metal Overlord|39\/100\n|-damage|p1b: Thunder Bringer|0 fnt\n|faint|p1b: Thunder Bringer\n|-ability|p2a: Calyrex|Grim Neigh|boost\n|-boost|p2a: Calyrex|spa|1\n|move|p1a: Metal Overlord|Dragon Pulse|p2a: Calyrex\n|-damage|p2a: Calyrex|0 fnt\n|faint|p2a: Calyrex\n|\n|win|GucciSoup\n|raw|GucciSoup's rating: 1606 &rarr; <strong>1626<\/strong><br \/>(+20 for winning)\n|raw|nickfanta's rating: 1614 &rarr; <strong>1594<\/strong><br \/>(-20 for losing)\n|l|\u2606nickfanta\n|player|p2|\n|l|\u2606GucciSoup\n|player|p1|\n|l| Salvato1902V\n","uploadtime":1738516031,"views":10,"formatid":"gen9vgc2025regg","rating":1594,"private":0,"password":null}