{"id":"gen9vgc2025regg-2293168666","format":"[Gen 9] VGC 2025 Reg G","players":["Prometheus756","Grimmjane"],"log":"|j|\u2606Prometheus756\n|j|\u2606Grimmjane\n|t:|1738531646\n|gametype|doubles\n|player|p1|Prometheus756|gentleman-gen4dp|1591\n|player|p2|Grimmjane|169|1643\n|teamsize|p1|6\n|teamsize|p2|6\n|gen|9\n|tier|[Gen 9] VGC 2025 Reg G\n|rated|\n|rule|Species Clause: Limit one of each Pok\u00e9mon\n|rule|Item Clause: Limit 1 of each item\n|clearpoke\n|poke|p1|Calyrex-Ice, L50|\n|poke|p1|Grimmsnarl, L50, M|\n|poke|p1|Amoonguss, L50, M|\n|poke|p1|Torkoal, L50, F|\n|poke|p1|Rillaboom, L50, M|\n|poke|p1|Comfey, L50, F|\n|poke|p2|Zacian-*, L50|\n|poke|p2|Entei, L50|\n|poke|p2|Araquanid, L50, F|\n|poke|p2|Brute Bonnet, L50|\n|poke|p2|Tornadus, L50, M|\n|poke|p2|Ditto, L50|\n|teampreview|4\n|inactive|Battle timer is ON: inactive players will automatically lose when time's up. (requested by Prometheus756)\n|j| VelmasJinkies\n|inactive|Prometheus756 has 60 seconds left.\n|\n|t:|1738531681\n|start\n|switch|p1a: Grimmsnarl|Grimmsnarl, L50, M|100\/100\n|switch|p1b: Calyrex|Calyrex-Ice, L50|100\/100\n|switch|p2a: Entei|Entei, L50|100\/100\n|switch|p2b: Brute Bonnet|Brute Bonnet, L50|100\/100\n|-ability|p1b: Calyrex|As One\n|-ability|p1b: Calyrex|Unnerve\n|turn|1\n|\n|t:|1738531702\n|move|p1b: Calyrex|Protect|p1b: Calyrex\n|-singleturn|p1b: Calyrex|Protect\n|move|p1a: Grimmsnarl|Misty Terrain|p1a: Grimmsnarl\n|-fieldstart|move: Misty Terrain\n|move|p2b: Brute Bonnet|Spore|p1a: Grimmsnarl\n|-activate|p1a: Grimmsnarl|move: Misty Terrain\n|move|p2a: Entei|Roar|p1b: Calyrex\n|drag|p1b: Torkoal|Torkoal, L50, F|100\/100\n|-weather|SunnyDay|[from] ability: Drought|[of] p1b: Torkoal\n|-activate|p2b: Brute Bonnet|ability: Protosynthesis\n|-start|p2b: Brute Bonnet|protosynthesisatk\n|\n|-weather|SunnyDay|[upkeep]\n|upkeep\n|turn|2\n|inactive|Grimmjane has 30 seconds left.\n|\n|t:|1738531734\n|-terastallize|p2b: Brute Bonnet|Poison\n|move|p1a: Grimmsnarl|Reflect|p1a: Grimmsnarl\n|-sidestart|p1: Prometheus756|Reflect\n|move|p2a: Entei|Snarl|p1a: Grimmsnarl|[spread] p1a,p1b\n|-resisted|p1a: Grimmsnarl\n|-damage|p1a: Grimmsnarl|99\/100\n|-damage|p1b: Torkoal|91\/100\n|-unboost|p1a: Grimmsnarl|spa|1\n|-unboost|p1b: Torkoal|spa|1\n|move|p2b: Brute Bonnet|Crunch|p1b: Torkoal\n|-damage|p1b: Torkoal|66\/100\n|move|p1b: Torkoal|Flamethrower|p2b: Brute Bonnet\n|-damage|p2b: Brute Bonnet|63\/100\n|\n|-weather|SunnyDay|[upkeep]\n|upkeep\n|turn|3\n|inactive|Prometheus756 has 30 seconds left.\n|inactive|Grimmjane has 30 seconds left.\n|\n|t:|1738531767\n|move|p1a: Grimmsnarl|Parting Shot|p2b: Brute Bonnet\n|-unboost|p2b: Brute Bonnet|atk|1\n|-unboost|p2b: Brute Bonnet|spa|1\n|\n|t:|1738531774\n|switch|p1a: Comfey|Comfey, L50, F|100\/100|[from] Parting Shot\n|move|p2a: Entei|Sacred Fire|p1a: Comfey\n|-damage|p1a: Comfey|50\/100\n|move|p2b: Brute Bonnet|Crunch|p1b: Torkoal\n|-damage|p1b: Torkoal|49\/100\n|move|p1b: Torkoal|Flamethrower|p2b: Brute Bonnet\n|-damage|p2b: Brute Bonnet|26\/100\n|\n|-weather|SunnyDay|[upkeep]\n|upkeep\n|turn|4\n|\n|t:|1738531792\n|-end|p2b: Brute Bonnet|Protosynthesis|[silent]\n|switch|p2b: Araquanid|Araquanid, L50, F|100\/100\n|move|p1a: Comfey|Synthesis|p1a: Comfey\n|-heal|p1a: Comfey|100\/100\n|move|p2a: Entei|Sacred Fire|p1a: Comfey\n|-damage|p1a: Comfey|51\/100\n|move|p1b: Torkoal|Flamethrower|p2b: Araquanid\n|-damage|p2b: Araquanid|82\/100\n|\n|-weather|SunnyDay|[upkeep]\n|upkeep\n|turn|5\n|inactive|Prometheus756 has 30 seconds left.\n|\n|t:|1738531818\n|move|p1a: Comfey|Synthesis|p1a: Comfey\n|-heal|p1a: Comfey|100\/100\n|move|p2a: Entei|Sacred Fire|p1a: Comfey\n|-damage|p1a: Comfey|47\/100\n|move|p2b: Araquanid|Leech Life|p1b: Torkoal\n|-resisted|p1b: Torkoal\n|-damage|p1b: Torkoal|41\/100\n|-heal|p2b: Araquanid|86\/100|[from] drain|[of] p1b: Torkoal\n|move|p1b: Torkoal|Solar Beam||[still]\n|-prepare|p1b: Torkoal|Solar Beam\n|-anim|p1b: Torkoal|Solar Beam|p2b: Araquanid\n|-damage|p2b: Araquanid|66\/100\n|\n|-weather|none\n|-fieldend|Misty Terrain\n|upkeep\n|turn|6\n|inactive|Prometheus756 has 30 seconds left.\n|inactive|Prometheus756 has 20 seconds left.\n|inactive|Prometheus756 has 15 seconds left.\n|\n|t:|1738531859\n|switch|p1b: Grimmsnarl|Grimmsnarl, L50, M|99\/100\n|move|p1a: Comfey|Synthesis|p1a: Comfey\n|-heal|p1a: Comfey|97\/100\n|move|p2a: Entei|Sacred Fire|p1a: Comfey\n|-damage|p1a: Comfey|64\/100\n|-status|p1a: Comfey|brn\n|move|p2b: Araquanid|Liquidation|p1b: Grimmsnarl\n|-damage|p1b: Grimmsnarl|47\/100\n|\n|-damage|p1a: Comfey|59\/100 brn|[from] brn\n|upkeep\n|turn|7\n|\n|t:|1738531880\n|move|p2b: Araquanid|Protect|p2b: Araquanid\n|-singleturn|p2b: Araquanid|Protect\n|move|p1a: Comfey|Floral Healing|p1b: Grimmsnarl\n|-heal|p1b: Grimmsnarl|97\/100\n|move|p1b: Grimmsnarl|Misty Terrain|p1b: Grimmsnarl\n|-fieldstart|move: Misty Terrain\n|move|p2a: Entei|Sacred Fire|p1b: Grimmsnarl\n|-damage|p1b: Grimmsnarl|62\/100\n|\n|-damage|p1a: Comfey|53\/100 brn|[from] brn\n|upkeep\n|turn|8\n|inactive|Prometheus756 has 30 seconds left.\n|\n|t:|1738531906\n|move|p1a: Comfey|Synthesis|p1a: Comfey\n|-heal|p1a: Comfey|100\/100 brn\n|move|p1b: Grimmsnarl|Parting Shot|p2a: Entei\n|-unboost|p2a: Entei|atk|1\n|-unboost|p2a: Entei|spa|1\n|\n|t:|1738531917\n|switch|p1b: Calyrex|Calyrex-Ice, L50|100\/100|[from] Parting Shot\n|-ability|p1b: Calyrex|As One\n|-ability|p1b: Calyrex|Unnerve\n|move|p2a: Entei|Sacred Fire|p1a: Comfey\n|-damage|p1a: Comfey|78\/100 brn\n|move|p2b: Araquanid|Liquidation|p1a: Comfey\n|-damage|p1a: Comfey|21\/100 brn\n|\n|-damage|p1a: Comfey|15\/100 brn|[from] brn\n|upkeep\n|turn|9\n|\n|t:|1738531941\n|move|p1a: Comfey|Synthesis|p1a: Comfey\n|-heal|p1a: Comfey|65\/100 brn\n|move|p1b: Calyrex|High Horsepower|p2a: Entei\n|-supereffective|p2a: Entei\n|-damage|p2a: Entei|17\/100\n|move|p2b: Araquanid|Liquidation|p1a: Comfey\n|-damage|p1a: Comfey|6\/100 brn\n|move|p2a: Entei|Roar|p1b: Calyrex\n|drag|p1b: Grimmsnarl|Grimmsnarl, L50, M|62\/100\n|\n|-damage|p1a: Comfey|0 fnt|[from] brn\n|faint|p1a: Comfey\n|-sideend|p1: Prometheus756|Reflect\n|upkeep\n|\n|t:|1738531953\n|switch|p1a: Calyrex|Calyrex-Ice, L50|100\/100\n|-ability|p1a: Calyrex|As One\n|-ability|p1a: Calyrex|Unnerve\n|turn|10\n|\n|t:|1738531973\n|switch|p2a: Tornadus|Tornadus, L50, M|100\/100\n|-terastallize|p1a: Calyrex|Fairy\n|move|p1b: Grimmsnarl|Reflect|p1b: Grimmsnarl\n|-sidestart|p1: Prometheus756|Reflect\n|move|p1a: Calyrex|Glacial Lance|p2b: Araquanid|[spread] p2a,p2b\n|-supereffective|p2a: Tornadus\n|-resisted|p2b: Araquanid\n|-enditem|p2a: Tornadus|Focus Sash\n|-damage|p2a: Tornadus|1\/100\n|-damage|p2b: Araquanid|35\/100\n|move|p2b: Araquanid|Leech Life|p1a: Calyrex\n|-resisted|p1a: Calyrex\n|-damage|p1a: Calyrex|94\/100\n|-heal|p2b: Araquanid|39\/100|[from] drain|[of] p1a: Calyrex\n|\n|upkeep\n|turn|11\n|inactive|Prometheus756 has 30 seconds left.\n|\n|t:|1738531998\n|move|p2b: Araquanid|Wide Guard|p2b: Araquanid\n|-singleturn|p2b: Araquanid|Wide Guard\n|move|p1b: Grimmsnarl|Parting Shot|p2b: Araquanid\n|-fail|p2b: Araquanid|unboost|[from] item: Clear Amulet|[of] p2b: Araquanid\n|move|p2a: Tornadus|Bleakwind Storm|p1a: Calyrex|[spread] p1b\n|-miss|p2a: Tornadus|p1a: Calyrex\n|-damage|p1b: Grimmsnarl|35\/100\n|-unboost|p1b: Grimmsnarl|spe|1\n|move|p1a: Calyrex|Glacial Lance|p2b: Araquanid|[spread] \n|-activate|p2a: Tornadus|move: Wide Guard\n|-activate|p2b: Araquanid|move: Wide Guard\n|\n|-fieldend|Misty Terrain\n|upkeep\n|turn|12\n|j| MillerH33\n|\n|t:|1738532019\n|move|p2b: Araquanid|Wide Guard|p2b: Araquanid\n|-singleturn|p2b: Araquanid|Wide Guard\n|move|p1b: Grimmsnarl|Light Screen|p1b: Grimmsnarl\n|-sidestart|p1: Prometheus756|move: Light Screen\n|move|p2a: Tornadus|Bleakwind Storm|p1b: Grimmsnarl|[spread] p1b\n|-miss|p2a: Tornadus|p1a: Calyrex\n|-damage|p1b: Grimmsnarl|15\/100\n|move|p1a: Calyrex|Trick Room|p1a: Calyrex\n|-fieldstart|move: Trick Room|[of] p1a: Calyrex\n|\n|upkeep\n|turn|13\n|\n|t:|1738532043\n|move|p2b: Araquanid|Wide Guard|p2b: Araquanid\n|-singleturn|p2b: Araquanid|Wide Guard\n|move|p1b: Grimmsnarl|Parting Shot|p2a: Tornadus\n|-unboost|p2a: Tornadus|atk|1\n|-unboost|p2a: Tornadus|spa|1\n|\n|t:|1738532049\n|switch|p1b: Torkoal|Torkoal, L50, F|41\/100|[from] Parting Shot\n|-weather|SunnyDay|[from] ability: Drought|[of] p1b: Torkoal\n|move|p1a: Calyrex|Glacial Lance|p2a: Tornadus|[spread] \n|-activate|p2a: Tornadus|move: Wide Guard\n|-activate|p2b: Araquanid|move: Wide Guard\n|move|p2a: Tornadus|Bleakwind Storm|p1b: Torkoal|[spread] p1a\n|-miss|p2a: Tornadus|p1b: Torkoal\n|-damage|p1a: Calyrex|83\/100\n|\n|-weather|SunnyDay|[upkeep]\n|upkeep\n|turn|14\n|inactive|Prometheus756 has 30 seconds left.\n|\n|t:|1738532079\n|move|p2a: Tornadus|Rain Dance|p2a: Tornadus\n|-weather|RainDance\n|move|p1b: Torkoal|Flamethrower|p2a: Tornadus\n|-damage|p2a: Tornadus|0 fnt\n|faint|p2a: Tornadus\n|move|p2b: Araquanid|Liquidation|p1b: Torkoal\n|-supereffective|p1b: Torkoal\n|-damage|p1b: Torkoal|0 fnt\n|faint|p1b: Torkoal\n|move|p1a: Calyrex|Glacial Lance|p2b: Araquanid\n|-resisted|p2b: Araquanid\n|-damage|p2b: Araquanid|0 fnt\n|faint|p2b: Araquanid\n|-ability|p1a: Calyrex|Chilling Neigh|boost\n|-boost|p1a: Calyrex|atk|1\n|\n|-weather|RainDance|[upkeep]\n|upkeep\n|\n|t:|1738532092\n|switch|p1b: Grimmsnarl|Grimmsnarl, L50, M|15\/100\n|switch|p2b: Entei|Entei, L50|17\/100\n|switch|p2a: Brute Bonnet|Brute Bonnet, L50, tera:Poison|26\/100\n|turn|15\n|-message|Grimmjane forfeited.\n|\n|win|Prometheus756\n|raw|Prometheus756's rating: 1591 &rarr; <strong>1614<\/strong><br \/>(+23 for winning)\n|raw|Grimmjane's rating: 1643 &rarr; <strong>1620<\/strong><br \/>(-23 for losing)\n|l|\u2606Grimmjane\n|player|p2|\n|l|\u2606Prometheus756\n|player|p1|\n|j| Roman_Legend\n","uploadtime":1738532104,"views":8,"formatid":"gen9vgc2025regg","rating":1614,"private":0,"password":null}