{"id":"gen9vgc2025regg-2293541457","format":"[Gen 9] VGC 2025 Reg G","players":["trchlt1","mustrechargecsr"],"log":"|j|\u2606trchlt1\n|j|\u2606mustrechargecsr\n|t:|1738589753\n|gametype|doubles\n|player|p1|trchlt1|1|1619\n|player|p2|mustrechargecsr|unknown|1666\n|teamsize|p1|6\n|teamsize|p2|6\n|gen|9\n|tier|[Gen 9] VGC 2025 Reg G\n|rated|\n|rule|Species Clause: Limit one of each Pok\u00e9mon\n|rule|Item Clause: Limit 1 of each item\n|clearpoke\n|poke|p1|Chi-Yu, L50|\n|poke|p1|Regidrago, L50|\n|poke|p1|Zacian-*, L50|\n|poke|p1|Tornadus, L50, M|\n|poke|p1|Rillaboom, L50, M|\n|poke|p1|Farigiraf, L50, M|\n|poke|p2|Dondozo, L50, M|\n|poke|p2|Ting-Lu, L50|\n|poke|p2|Calyrex-Shadow, L50|\n|poke|p2|Urshifu-*, L50, F|\n|poke|p2|Ogerpon-Hearthflame, L50, F|\n|poke|p2|Whimsicott, L50, M|\n|teampreview|4\n|inactive|Battle timer is ON: inactive players will automatically lose when time's up. (requested by trchlt1)\n|inactive|trchlt1 has 60 seconds left.\n|\n|t:|1738589789\n|start\n|switch|p1a: Tornadus|Tornadus, L50, M|100\/100\n|switch|p1b: Rillaboom|Rillaboom, L50, M|100\/100\n|switch|p2a: Calyrex|Calyrex-Shadow, L50|100\/100\n|switch|p2b: Whimsicott|Whimsicott, L50, M, shiny|100\/100\n|-ability|p2a: Calyrex|As One\n|-ability|p2a: Calyrex|Unnerve\n|-fieldstart|move: Grassy Terrain|[from] ability: Grassy Surge|[of] p1b: Rillaboom\n|turn|1\n|\n|t:|1738589801\n|move|p2b: Whimsicott|Helping Hand|p2a: Calyrex\n|-singleturn|p2a: Calyrex|Helping Hand|[of] p2b: Whimsicott\n|move|p2a: Calyrex|Astral Barrage|p1a: Tornadus|[spread] p1a,p1b\n|-damage|p1a: Tornadus|0 fnt\n|-damage|p1b: Rillaboom|31\/100\n|faint|p1a: Tornadus\n|-ability|p2a: Calyrex|Grim Neigh|boost\n|-boost|p2a: Calyrex|spa|1\n|-damage|p2a: Calyrex|91\/100|[from] item: Life Orb\n|move|p1b: Rillaboom|Wood Hammer|p2a: Calyrex\n|-damage|p2a: Calyrex|4\/100\n|-damage|p1b: Rillaboom|7\/100|[from] Recoil\n|\n|-heal|p2a: Calyrex|10\/100|[from] Grassy Terrain\n|-heal|p1b: Rillaboom|13\/100|[from] Grassy Terrain\n|upkeep\n|\n|t:|1738589815\n|switch|p1a: Farigiraf|Farigiraf, L50, M|100\/100\n|turn|2\n|\n|t:|1738589825\n|move|p2a: Calyrex|Protect|p2a: Calyrex\n|-singleturn|p2a: Calyrex|Protect\n|move|p1b: Rillaboom|Grassy Glide|p2a: Calyrex\n|-activate|p2a: Calyrex|move: Protect\n|move|p2b: Whimsicott|Moonblast|p1b: Rillaboom\n|-damage|p1b: Rillaboom|0 fnt\n|faint|p1b: Rillaboom\n|move|p1a: Farigiraf|Foul Play|p2a: Calyrex\n|-activate|p2a: Calyrex|move: Protect\n|\n|-heal|p2a: Calyrex|16\/100|[from] Grassy Terrain\n|upkeep\n|\n|t:|1738589828\n|switch|p1b: Zacian|Zacian-Crowned, L50|100\/100\n|-ability|p1b: Zacian|Intrepid Sword|boost\n|-boost|p1b: Zacian|atk|1\n|turn|3\n|\n|t:|1738589839\n|move|p1b: Zacian|Protect|p1b: Zacian\n|-singleturn|p1b: Zacian|Protect\n|move|p2a: Calyrex|Astral Barrage|p1a: Farigiraf|[spread] \n|-activate|p1b: Zacian|move: Protect\n|-immune|p1a: Farigiraf\n|move|p2b: Whimsicott|Moonblast|p1a: Farigiraf\n|-crit|p1a: Farigiraf\n|-damage|p1a: Farigiraf|62\/100\n|-unboost|p1a: Farigiraf|spa|1\n|move|p1a: Farigiraf|Foul Play|p2a: Calyrex\n|-supereffective|p2a: Calyrex\n|-damage|p2a: Calyrex|0 fnt\n|faint|p2a: Calyrex\n|\n|-heal|p1a: Farigiraf|68\/100|[from] Grassy Terrain\n|upkeep\n|\n|t:|1738589842\n|switch|p2a: Ogerpon|Ogerpon-Hearthflame, L50, F|100\/100\n|-ability|p2a: Ogerpon|Mold Breaker\n|turn|4\n|j| Bellissimissimi1\n|\n|t:|1738589856\n|switch|p2b: Urshifu|Urshifu, L50, F|100\/100\n|move|p2a: Ogerpon|Spiky Shield|p2a: Ogerpon\n|-singleturn|p2a: Ogerpon|move: Protect\n|move|p1b: Zacian|Substitute|p1b: Zacian\n|-start|p1b: Zacian|Substitute\n|-damage|p1b: Zacian|75\/100\n|move|p1a: Farigiraf|Foul Play|p2a: Ogerpon\n|-activate|p2a: Ogerpon|move: Protect\n|-damage|p1a: Farigiraf|56\/100|[from] Spiky Shield|[of] p2a: Ogerpon\n|\n|-heal|p1b: Zacian|82\/100|[from] Grassy Terrain\n|-heal|p1a: Farigiraf|62\/100|[from] Grassy Terrain\n|upkeep\n|turn|5\n|inactive|trchlt1 has 30 seconds left.\n|\n|t:|1738589884\n|move|p1b: Zacian|Protect|p1b: Zacian\n|-singleturn|p1b: Zacian|Protect\n|move|p2a: Ogerpon|Ivy Cudgel|p1b: Zacian|[anim] Ivy Cudgel Fire\n|-activate|p1b: Zacian|move: Protect\n|move|p2b: Urshifu|Wicked Blow|p1a: Farigiraf\n|-supereffective|p1a: Farigiraf\n|-crit|p1a: Farigiraf\n|-damage|p1a: Farigiraf|0 fnt\n|faint|p1a: Farigiraf\n|\n|-heal|p1b: Zacian|88\/100|[from] Grassy Terrain\n|-fieldend|move: Grassy Terrain\n|upkeep\n|turn|6\n|\n|t:|1738589894\n|move|p1b: Zacian|Play Rough|p2b: Urshifu\n|-supereffective|p2b: Urshifu\n|-enditem|p2b: Urshifu|Focus Sash\n|-damage|p2b: Urshifu|1\/100\n|move|p2a: Ogerpon|Ivy Cudgel|p1b: Zacian|[anim] Ivy Cudgel Fire\n|-supereffective|p1b: Zacian\n|-end|p1b: Zacian|Substitute\n|move|p2b: Urshifu|Wicked Blow|p1b: Zacian\n|-resisted|p1b: Zacian\n|-crit|p1b: Zacian\n|-damage|p1b: Zacian|60\/100\n|\n|upkeep\n|turn|7\n|\n|t:|1738589902\n|-terastallize|p2a: Ogerpon|Fire\n|detailschange|p2a: Ogerpon|Ogerpon-Hearthflame-Tera, L50, F, tera:Fire\n|-ability|p2a: Ogerpon|Embody Aspect (Hearthflame)|boost\n|-boost|p2a: Ogerpon|atk|1\n|move|p1b: Zacian|Behemoth Blade|p2a: Ogerpon\n|-resisted|p2a: Ogerpon\n|-damage|p2a: Ogerpon|54\/100\n|move|p2a: Ogerpon|Ivy Cudgel|p1b: Zacian|[anim] Ivy Cudgel Fire\n|-supereffective|p1b: Zacian\n|-damage|p1b: Zacian|0 fnt\n|faint|p1b: Zacian\n|\n|win|mustrechargecsr\n|raw|trchlt1's rating: 1619 &rarr; <strong>1602<\/strong><br \/>(-17 for losing)\n|raw|mustrechargecsr's rating: 1666 &rarr; <strong>1683<\/strong><br \/>(+17 for winning)\n|l|\u2606trchlt1\n|player|p1|\n|l|\u2606mustrechargecsr\n|player|p2|\n","uploadtime":1738590118,"views":6,"formatid":"gen9vgc2025regg","rating":1602,"private":0,"password":null}