{"id":"gen9vgc2025regg-2293988833","format":"[Gen 9] VGC 2025 Reg G","players":["jkimkim1","orudbeck"],"log":"|j|\u2606jkimkim1\n|j|\u2606orudbeck\n|t:|1738640424\n|gametype|doubles\n|player|p1|jkimkim1|266|1690\n|player|p2|orudbeck|2|1663\n|teamsize|p1|6\n|teamsize|p2|6\n|gen|9\n|tier|[Gen 9] VGC 2025 Reg G\n|rated|\n|rule|Species Clause: Limit one of each Pok\u00e9mon\n|rule|Item Clause: Limit 1 of each item\n|clearpoke\n|poke|p1|Miraidon, L50|\n|poke|p1|Cresselia, L50, F|\n|poke|p1|Thundurus-Therian, L50, M|\n|poke|p1|Incineroar, L50, F|\n|poke|p1|Ursaluna, L50, M|\n|poke|p1|Whimsicott, L50, M|\n|poke|p2|Dialga-Origin, L50|\n|poke|p2|Incineroar, L50, F|\n|poke|p2|Dondozo, L50, M|\n|poke|p2|Toxtricity, L50, M|\n|poke|p2|Urshifu-*, L50, F|\n|poke|p2|Ursaluna, L50, M|\n|teampreview|4\n|inactive|Battle timer is ON: inactive players will automatically lose when time's up. (requested by jkimkim1)\n|inactive|jkimkim1 has 60 seconds left.\n|inactive|orudbeck has 60 seconds left.\n|\n|t:|1738640464\n|start\n|switch|p1a: Jayson tatum|Miraidon, L50|100\/100\n|switch|p1b: Kingjames|Incineroar, L50, F|100\/100\n|switch|p2a: Dialga|Dialga-Origin, L50|100\/100\n|switch|p2b: Incineroar|Incineroar, L50, F|100\/100\n|-fieldstart|move: Electric Terrain|[from] ability: Hadron Engine|[of] p1a: Jayson tatum\n|-ability|p1b: Kingjames|Intimidate|boost\n|-unboost|p2a: Dialga|atk|1\n|-unboost|p2b: Incineroar|atk|1\n|-ability|p2b: Incineroar|Intimidate|boost\n|-unboost|p1a: Jayson tatum|atk|1\n|-unboost|p1b: Kingjames|atk|1\n|turn|1\n|\n|t:|1738640487\n|-terastallize|p1a: Jayson tatum|Fairy\n|move|p1b: Kingjames|Fake Out|p2b: Incineroar\n|-damage|p2b: Incineroar|94\/100\n|cant|p2b: Incineroar|flinch\n|move|p1a: Jayson tatum|Dazzling Gleam|p2b: Incineroar|[spread] p2a,p2b\n|-damage|p2a: Dialga|48\/100\n|-damage|p2b: Incineroar|49\/100\n|move|p2a: Dialga|Trick Room|p2a: Dialga\n|-fieldstart|move: Trick Room|[of] p2a: Dialga\n|\n|upkeep\n|turn|2\n|\n|t:|1738640508\n|move|p2b: Incineroar|U-turn|p1a: Jayson tatum\n|-resisted|p1a: Jayson tatum\n|-damage|p1a: Jayson tatum|92\/100\n|\n|t:|1738640512\n|switch|p2b: Ursaluna|Ursaluna, L50, M|100\/100|[from] U-turn\n|move|p2a: Dialga|Flash Cannon|p1a: Jayson tatum\n|-supereffective|p1a: Jayson tatum\n|-damage|p1a: Jayson tatum|0 fnt\n|faint|p1a: Jayson tatum\n|move|p1b: Kingjames|Parting Shot|p2a: Dialga\n|-unboost|p2a: Dialga|atk|1\n|-unboost|p2a: Dialga|spa|1\n|\n|t:|1738640521\n|switch|p1b: Canada bear|Ursaluna, L50, M|100\/100|[from] Parting Shot\n|\n|-status|p1b: Canada bear|brn|[from] item: Flame Orb\n|-status|p2b: Ursaluna|brn|[from] item: Flame Orb\n|upkeep\n|\n|t:|1738640527\n|switch|p1a: \uc0ac\uc2b9\ud5cc|Cresselia, L50, F, shiny|100\/100\n|turn|3\n|inactive|orudbeck has 30 seconds left.\n|inactive|orudbeck has 20 seconds left.\n|inactive|orudbeck has 15 seconds left.\n|\n|t:|1738640569\n|switch|p2a: Incineroar|Incineroar, L50, F|49\/100\n|-ability|p2a: Incineroar|Intimidate|boost\n|-unboost|p1a: \uc0ac\uc2b9\ud5cc|atk|1\n|-unboost|p1b: Canada bear|atk|1\n|move|p1a: \uc0ac\uc2b9\ud5cc|Helping Hand|p1b: Canada bear\n|-singleturn|p1b: Canada bear|Helping Hand|[of] p1a: \uc0ac\uc2b9\ud5cc\n|move|p1b: Canada bear|Earthquake|p2a: Incineroar|[spread] p2a,p2b\n|-immune|p1a: \uc0ac\uc2b9\ud5cc|[from] ability: Levitate\n|-supereffective|p2a: Incineroar\n|-damage|p2a: Incineroar|0 fnt\n|-damage|p2b: Ursaluna|53\/100 brn\n|faint|p2a: Incineroar\n|move|p2b: Ursaluna|Facade|p1b: Canada bear\n|-damage|p1b: Canada bear|13\/100 brn\n|\n|-damage|p1b: Canada bear|7\/100 brn|[from] brn\n|-damage|p2b: Ursaluna|47\/100 brn|[from] brn\n|upkeep\n|\n|t:|1738640587\n|switch|p2a: Dialga|Dialga-Origin, L50|48\/100\n|turn|4\n|\n|t:|1738640607\n|move|p1a: \uc0ac\uc2b9\ud5cc|Helping Hand|p1b: Canada bear\n|-singleturn|p1b: Canada bear|Helping Hand|[of] p1a: \uc0ac\uc2b9\ud5cc\n|move|p2b: Ursaluna|Protect|p2b: Ursaluna\n|-singleturn|p2b: Ursaluna|Protect\n|move|p2a: Dialga|Protect|p2a: Dialga\n|-singleturn|p2a: Dialga|Protect\n|move|p1b: Canada bear|Earthquake|p2a: Dialga|[spread] \n|-activate|p2a: Dialga|move: Protect\n|-activate|p2b: Ursaluna|move: Protect\n|-immune|p1a: \uc0ac\uc2b9\ud5cc|[from] ability: Levitate\n|\n|-damage|p1b: Canada bear|1\/100 brn|[from] brn\n|-damage|p2b: Ursaluna|41\/100 brn|[from] brn\n|upkeep\n|turn|5\n|inactive|orudbeck has 30 seconds left.\n|\n|t:|1738640642\n|move|p1a: \uc0ac\uc2b9\ud5cc|Helping Hand|p1b: Canada bear\n|-singleturn|p1b: Canada bear|Helping Hand|[of] p1a: \uc0ac\uc2b9\ud5cc\n|move|p2b: Ursaluna|Protect|p2b: Ursaluna\n|-singleturn|p2b: Ursaluna|Protect\n|move|p2a: Dialga|Protect|p2a: Dialga\n|-singleturn|p2a: Dialga|Protect\n|move|p1b: Canada bear|Earthquake|p2a: Dialga|[spread] \n|-activate|p2a: Dialga|move: Protect\n|-activate|p2b: Ursaluna|move: Protect\n|-immune|p1a: \uc0ac\uc2b9\ud5cc|[from] ability: Levitate\n|\n|-damage|p1b: Canada bear|0 fnt|[from] brn\n|faint|p1b: Canada bear\n|-damage|p2b: Ursaluna|36\/100 brn|[from] brn\n|-fieldend|move: Trick Room\n|-fieldend|move: Electric Terrain\n|upkeep\n|\n|t:|1738640656\n|switch|p1b: Kingjames|Incineroar, L50, F|100\/100\n|-ability|p1b: Kingjames|Intimidate|boost\n|-unboost|p2a: Dialga|atk|1\n|-unboost|p2b: Ursaluna|atk|1\n|turn|6\n|\n|t:|1738640676\n|-terastallize|p2b: Ursaluna|Ghost\n|move|p1b: Kingjames|Fake Out|p2a: Dialga\n|-resisted|p2a: Dialga\n|-damage|p2a: Dialga|43\/100\n|cant|p2a: Dialga|flinch\n|move|p1a: \uc0ac\uc2b9\ud5cc|Ice Beam|p2b: Ursaluna\n|-damage|p2b: Ursaluna|16\/100 brn\n|move|p2b: Ursaluna|Headlong Rush|p1b: Kingjames\n|-supereffective|p1b: Kingjames\n|-damage|p1b: Kingjames|0 fnt\n|-unboost|p2b: Ursaluna|def|1\n|-unboost|p2b: Ursaluna|spd|1\n|faint|p1b: Kingjames\n|\n|-damage|p2b: Ursaluna|10\/100 brn|[from] brn\n|upkeep\n|turn|7\n|\n|t:|1738640691\n|move|p2a: Dialga|Flash Cannon|p1a: \uc0ac\uc2b9\ud5cc\n|-damage|p1a: \uc0ac\uc2b9\ud5cc|66\/100\n|move|p1a: \uc0ac\uc2b9\ud5cc|Ice Beam|p2b: Ursaluna\n|-damage|p2b: Ursaluna|0 fnt\n|faint|p2b: Ursaluna\n|\n|upkeep\n|\n|t:|1738640695\n|switch|p2b: Urshifu|Urshifu-Rapid-Strike, L50, F|100\/100\n|turn|8\n|\n|t:|1738640702\n|move|p2b: Urshifu|Surging Strikes|p1a: \uc0ac\uc2b9\ud5cc\n|-crit|p1a: \uc0ac\uc2b9\ud5cc\n|-damage|p1a: \uc0ac\uc2b9\ud5cc|51\/100\n|-crit|p1a: \uc0ac\uc2b9\ud5cc\n|-damage|p1a: \uc0ac\uc2b9\ud5cc|38\/100\n|-enditem|p1a: \uc0ac\uc2b9\ud5cc|Sitrus Berry|[eat]\n|-heal|p1a: \uc0ac\uc2b9\ud5cc|63\/100|[from] item: Sitrus Berry\n|-crit|p1a: \uc0ac\uc2b9\ud5cc\n|-damage|p1a: \uc0ac\uc2b9\ud5cc|49\/100\n|-hitcount|p1a: \uc0ac\uc2b9\ud5cc|3\n|move|p2a: Dialga|Flash Cannon|p1a: \uc0ac\uc2b9\ud5cc\n|-damage|p1a: \uc0ac\uc2b9\ud5cc|14\/100\n|move|p1a: \uc0ac\uc2b9\ud5cc|Psychic|p2b: Urshifu\n|-supereffective|p2b: Urshifu\n|-damage|p2b: Urshifu|14\/100\n|\n|upkeep\n|turn|9\n|-message|jkimkim1 forfeited.\n|\n|win|orudbeck\n|raw|jkimkim1's rating: 1690 &rarr; <strong>1668<\/strong><br \/>(-22 for losing)\n|raw|orudbeck's rating: 1663 &rarr; <strong>1685<\/strong><br \/>(+22 for winning)\n|l|\u2606jkimkim1\n|player|p1|\n|l|\u2606orudbeck\n|player|p2|\n","uploadtime":1738640992,"views":28,"formatid":"gen9vgc2025regg","rating":1668,"private":0,"password":null}