{"id":"gen9vgc2025regg-2293683679","format":"[Gen 9] VGC 2025 Reg G","players":["Prometheus756","Yuans Reive"],"log":"|j|\u2606Prometheus756\n|j|\u2606Yuans Reive\n|t:|1738605313\n|gametype|doubles\n|player|p1|Prometheus756|gentleman-gen4dp|1608\n|player|p2|Yuans Reive|169|1620\n|teamsize|p1|6\n|teamsize|p2|6\n|gen|9\n|tier|[Gen 9] VGC 2025 Reg G\n|rated|\n|rule|Species Clause: Limit one of each Pok\u00e9mon\n|rule|Item Clause: Limit 1 of each item\n|clearpoke\n|poke|p1|Ditto, L50|\n|poke|p1|Smeargle, L50, F|\n|poke|p1|Muk-Alola, L50, F|\n|poke|p1|Kyogre, L50|\n|poke|p1|Tornadus, L50, M|\n|poke|p1|Ogerpon-Cornerstone, L50, F|\n|poke|p2|Urshifu-*, L50, F|\n|poke|p2|Raging Bolt, L50|\n|poke|p2|Calyrex-Ice, L50|\n|poke|p2|Incineroar, L50, M|\n|poke|p2|Rillaboom, L50, F|\n|poke|p2|Farigiraf, L50, F|\n|teampreview|4\n|inactive|Battle timer is ON: inactive players will automatically lose when time's up. (requested by Prometheus756)\n|\n|t:|1738605338\n|start\n|switch|p1a: Smeargle|Smeargle, L50, F|100\/100\n|switch|p1b: Muk|Muk-Alola, L50, F|100\/100\n|switch|p2a: Raging Bolt|Raging Bolt, L50|100\/100\n|switch|p2b: Urshifu|Urshifu-Rapid-Strike, L50, F|100\/100\n|-enditem|p2a: Raging Bolt|Booster Energy\n|-activate|p2a: Raging Bolt|ability: Protosynthesis|[fromitem]\n|-start|p2a: Raging Bolt|protosynthesisspa\n|turn|1\n|inactive|Prometheus756 has 30 seconds left.\n|inactive|Prometheus756 has 20 seconds left.\n|inactive|Prometheus756 has 15 seconds left.\n|\n|t:|1738605380\n|-terastallize|p1b: Muk|Grass\n|move|p1a: Smeargle|Fake Out|p2b: Urshifu\n|-damage|p2b: Urshifu|95\/100\n|cant|p2b: Urshifu|flinch\n|move|p2a: Raging Bolt|Thunderbolt|p1b: Muk\n|-resisted|p1b: Muk\n|-damage|p1b: Muk|75\/100\n|move|p1b: Muk|Minimize|p1b: Muk\n|-boost|p1b: Muk|evasion|2\n|\n|-heal|p1b: Muk|81\/100|[from] item: Leftovers\n|-ability|p1a: Smeargle|Moody|boost\n|-boost|p1a: Smeargle|spa|2\n|-unboost|p1a: Smeargle|atk|1\n|upkeep\n|turn|2\n|inactive|Prometheus756 has 30 seconds left.\n|\n|t:|1738605406\n|move|p1a: Smeargle|Follow Me|p1a: Smeargle\n|-singleturn|p1a: Smeargle|move: Follow Me\n|move|p2b: Urshifu|Surging Strikes|p1a: Smeargle\n|-crit|p1a: Smeargle\n|-damage|p1a: Smeargle|42\/100\n|-crit|p1a: Smeargle\n|-damage|p1a: Smeargle|0 fnt\n|faint|p1a: Smeargle\n|-ability|p1b: Muk|Moody|[from] ability: Power of Alchemy|[of] p1a: Smeargle\n|-hitcount|p1: Smeargle|2\n|move|p2a: Raging Bolt|Dragon Pulse|p1b: Muk|[miss]\n|-miss|p2a: Raging Bolt|p1b: Muk\n|move|p1b: Muk|Minimize|p1b: Muk\n|-boost|p1b: Muk|evasion|2\n|\n|-heal|p1b: Muk|87\/100|[from] item: Leftovers\n|-ability|p1b: Muk|Moody|boost\n|-boost|p1b: Muk|spe|2\n|-unboost|p1b: Muk|atk|1\n|upkeep\n|\n|t:|1738605419\n|switch|p1a: Ogerpon|Ogerpon-Cornerstone, L50, F|100\/100\n|turn|3\n|\n|t:|1738605434\n|switch|p2b: Rillaboom|Rillaboom, L50, F|100\/100\n|-fieldstart|move: Grassy Terrain|[from] ability: Grassy Surge|[of] p2b: Rillaboom\n|move|p1a: Ogerpon|Ivy Cudgel|p2a: Raging Bolt|[anim] Ivy Cudgel Rock\n|-damage|p2a: Raging Bolt|63\/100\n|move|p1b: Muk|Minimize|p1b: Muk\n|-boost|p1b: Muk|evasion|2\n|move|p2a: Raging Bolt|Dragon Pulse|p1a: Ogerpon\n|-damage|p1a: Ogerpon|41\/100\n|\n|-heal|p1a: Ogerpon|47\/100|[from] Grassy Terrain\n|-heal|p1b: Muk|93\/100|[from] Grassy Terrain\n|-heal|p1b: Muk|99\/100|[from] item: Leftovers\n|-heal|p2a: Raging Bolt|69\/100|[from] Grassy Terrain\n|-ability|p1b: Muk|Moody|boost\n|-boost|p1b: Muk|spe|2\n|-unboost|p1b: Muk|spd|1\n|upkeep\n|turn|4\n|\n|t:|1738605449\n|move|p1a: Ogerpon|Spiky Shield|p1a: Ogerpon\n|-singleturn|p1a: Ogerpon|move: Protect\n|move|p2b: Rillaboom|Grassy Glide|p1a: Ogerpon\n|-activate|p1a: Ogerpon|move: Protect\n|-damage|p2b: Rillaboom|88\/100|[from] Spiky Shield|[of] p1a: Ogerpon\n|move|p1b: Muk|Toxic|p2a: Raging Bolt|[miss]\n|-miss|p1b: Muk|p2a: Raging Bolt\n|move|p2a: Raging Bolt|Dragon Pulse|p1b: Muk\n|-damage|p1b: Muk|26\/100\n|\n|-heal|p1b: Muk|32\/100|[from] Grassy Terrain\n|-heal|p1b: Muk|38\/100|[from] item: Leftovers\n|-heal|p1a: Ogerpon|53\/100|[from] Grassy Terrain\n|-heal|p2b: Rillaboom|94\/100|[from] Grassy Terrain\n|-heal|p2a: Raging Bolt|75\/100|[from] Grassy Terrain\n|-ability|p1b: Muk|Moody|boost\n|-boost|p1b: Muk|spe|2\n|-unboost|p1b: Muk|def|1\n|upkeep\n|turn|5\n|c|\u2606Prometheus756|Lol\n|c|\u2606Prometheus756|Ironic\n|inactive|Prometheus756 has 30 seconds left.\n|\n|t:|1738605478\n|move|p1a: Ogerpon|Follow Me|p1a: Ogerpon\n|-singleturn|p1a: Ogerpon|move: Follow Me\n|move|p1b: Muk|Substitute|p1b: Muk\n|-start|p1b: Muk|Substitute\n|-damage|p1b: Muk|13\/100\n|move|p2b: Rillaboom|U-turn|p1a: Ogerpon\n|-supereffective|p1a: Ogerpon\n|-damage|p1a: Ogerpon|2\/100\n|\n|t:|1738605485\n|switch|p2b: Urshifu|Urshifu-Rapid-Strike, L50, F|95\/100|[from] U-turn\n|move|p2a: Raging Bolt|Dragon Pulse|p1a: Ogerpon\n|-damage|p1a: Ogerpon|0 fnt\n|faint|p1a: Ogerpon\n|\n|-heal|p1b: Muk|19\/100|[from] Grassy Terrain\n|-heal|p1b: Muk|26\/100|[from] item: Leftovers\n|-heal|p2b: Urshifu|100\/100|[from] Grassy Terrain\n|-heal|p2a: Raging Bolt|81\/100|[from] Grassy Terrain\n|-ability|p1b: Muk|Moody|boost\n|-boost|p1b: Muk|def|2\n|-unboost|p1b: Muk|spa|1\n|upkeep\n|\n|t:|1738605487\n|switch|p1a: Kyogre|Kyogre, L50|100\/100\n|-weather|RainDance|[from] ability: Drizzle|[of] p1a: Kyogre\n|turn|6\n|\n|t:|1738605506\n|move|p2a: Raging Bolt|Thunderclap|p1a: Kyogre\n|-supereffective|p1a: Kyogre\n|-damage|p1a: Kyogre|15\/100\n|move|p1b: Muk|Toxic|p2a: Raging Bolt\n|-status|p2a: Raging Bolt|tox\n|move|p1a: Kyogre|Ice Beam|p2a: Raging Bolt\n|-supereffective|p2a: Raging Bolt\n|-damage|p2a: Raging Bolt|0 fnt\n|faint|p2a: Raging Bolt\n|-end|p2a: Raging Bolt|Protosynthesis|[silent]\n|move|p2b: Urshifu|Close Combat|p1a: Kyogre\n|-damage|p1a: Kyogre|0 fnt\n|-unboost|p2b: Urshifu|def|1\n|-unboost|p2b: Urshifu|spd|1\n|faint|p1a: Kyogre\n|\n|-weather|RainDance|[upkeep]\n|-heal|p1b: Muk|32\/100|[from] Grassy Terrain\n|-heal|p1b: Muk|38\/100|[from] item: Leftovers\n|-ability|p1b: Muk|Moody|boost\n|-boost|p1b: Muk|atk|2\n|-unboost|p1b: Muk|spe|1\n|upkeep\n|\n|t:|1738605518\n|switch|p2a: Calyrex|Calyrex-Ice, L50|100\/100\n|-ability|p2a: Calyrex|As One\n|-ability|p2a: Calyrex|Unnerve\n|turn|7\n|\n|t:|1738605533\n|-terastallize|p2a: Calyrex|Water\n|move|p1b: Muk|Protect|p1b: Muk\n|-singleturn|p1b: Muk|Protect\n|move|p2b: Urshifu|Surging Strikes|p1b: Muk|[miss]\n|-miss|p2b: Urshifu|p1b: Muk\n|move|p2a: Calyrex|Glacial Lance|p1b: Muk\n|-activate|p1b: Muk|move: Protect\n|\n|-weather|RainDance|[upkeep]\n|-heal|p1b: Muk|44\/100|[from] Grassy Terrain\n|-heal|p1b: Muk|50\/100|[from] item: Leftovers\n|-fieldend|move: Grassy Terrain\n|-ability|p1b: Muk|Moody|boost\n|-boost|p1b: Muk|def|2\n|-unboost|p1b: Muk|spa|1\n|upkeep\n|turn|8\n|\n|t:|1738605550\n|move|p1b: Muk|Toxic|p2a: Calyrex\n|-status|p2a: Calyrex|tox\n|move|p2b: Urshifu|Surging Strikes|p1b: Muk|[miss]\n|-miss|p2b: Urshifu|p1b: Muk\n|move|p2a: Calyrex|Glacial Lance|p1b: Muk|[miss]\n|-miss|p2a: Calyrex|p1b: Muk\n|\n|-weather|RainDance|[upkeep]\n|-heal|p1b: Muk|56\/100|[from] item: Leftovers\n|-damage|p2a: Calyrex|95\/100 tox|[from] psn\n|-ability|p1b: Muk|Moody|boost\n|-boost|p1b: Muk|def|2\n|-unboost|p1b: Muk|spa|1\n|upkeep\n|turn|9\n|\n|t:|1738605564\n|move|p1b: Muk|Protect|p1b: Muk\n|-singleturn|p1b: Muk|Protect\n|move|p2b: Urshifu|Surging Strikes|p1b: Muk\n|-resisted|p1b: Muk\n|-crit|p1b: Muk\n|-activate|p1b: Muk|move: Substitute|[damage]\n|-resisted|p1b: Muk\n|-crit|p1b: Muk\n|-end|p1b: Muk|Substitute\n|-resisted|p1b: Muk\n|-crit|p1b: Muk\n|-damage|p1b: Muk|42\/100\n|-hitcount|p1b: Muk|3\n|move|p2a: Calyrex|Glacial Lance|p1b: Muk\n|-activate|p1b: Muk|move: Protect\n|\n|-weather|RainDance|[upkeep]\n|-heal|p1b: Muk|48\/100|[from] item: Leftovers\n|-damage|p2a: Calyrex|83\/100 tox|[from] psn\n|-ability|p1b: Muk|Moody|boost\n|-boost|p1b: Muk|def|1\n|-unboost|p1b: Muk|spe|1\n|upkeep\n|turn|10\n|\n|t:|1738605579\n|move|p1b: Muk|Substitute|p1b: Muk\n|-start|p1b: Muk|Substitute\n|-damage|p1b: Muk|24\/100\n|move|p2b: Urshifu|Surging Strikes|p1b: Muk|[miss]\n|-miss|p2b: Urshifu|p1b: Muk\n|move|p2a: Calyrex|Glacial Lance|p1b: Muk|[miss]\n|-miss|p2a: Calyrex|p1b: Muk\n|\n|-weather|none\n|-heal|p1b: Muk|30\/100|[from] item: Leftovers\n|-damage|p2a: Calyrex|66\/100 tox|[from] psn\n|-ability|p1b: Muk|Moody|boost\n|-boost|p1b: Muk|spa|2\n|-unboost|p1b: Muk|spe|1\n|upkeep\n|turn|11\n|\n|t:|1738605591\n|move|p1b: Muk|Protect|p1b: Muk\n|-singleturn|p1b: Muk|Protect\n|move|p2b: Urshifu|Surging Strikes|p1b: Muk|[miss]\n|-miss|p2b: Urshifu|p1b: Muk\n|move|p2a: Calyrex|Glacial Lance|p1b: Muk\n|-activate|p1b: Muk|move: Protect\n|\n|-heal|p1b: Muk|36\/100|[from] item: Leftovers\n|-damage|p2a: Calyrex|43\/100 tox|[from] psn\n|-ability|p1b: Muk|Moody|boost\n|-boost|p1b: Muk|atk|2\n|-unboost|p1b: Muk|spe|1\n|upkeep\n|turn|12\n|\n|t:|1738605601\n|move|p2b: Urshifu|Surging Strikes|p1b: Muk|[miss]\n|-miss|p2b: Urshifu|p1b: Muk\n|move|p1b: Muk|Toxic|p2b: Urshifu\n|-status|p2b: Urshifu|tox\n|move|p2a: Calyrex|Glacial Lance|p1b: Muk\n|-supereffective|p1b: Muk\n|-end|p1b: Muk|Substitute\n|\n|-heal|p1b: Muk|42\/100|[from] item: Leftovers\n|-damage|p2b: Urshifu|94\/100 tox|[from] psn\n|-damage|p2a: Calyrex|14\/100 tox|[from] psn\n|-ability|p1b: Muk|Moody|boost\n|-boost|p1b: Muk|spa|2\n|-unboost|p1b: Muk|def|1\n|upkeep\n|turn|13\n|\n|t:|1738605615\n|move|p1b: Muk|Protect|p1b: Muk\n|-singleturn|p1b: Muk|Protect\n|move|p2b: Urshifu|Surging Strikes|p1b: Muk|[miss]\n|-miss|p2b: Urshifu|p1b: Muk\n|move|p2a: Calyrex|Glacial Lance|p1b: Muk\n|-activate|p1b: Muk|move: Protect\n|\n|-heal|p1b: Muk|48\/100|[from] item: Leftovers\n|-damage|p2b: Urshifu|82\/100 tox|[from] psn\n|-damage|p2a: Calyrex|0 fnt|[from] psn\n|faint|p2a: Calyrex\n|-ability|p1b: Muk|Moody|boost\n|-boost|p1b: Muk|def|1\n|-unboost|p1b: Muk|spa|1\n|upkeep\n|\n|t:|1738605621\n|switch|p2a: Rillaboom|Rillaboom, L50, F|94\/100\n|-fieldstart|move: Grassy Terrain|[from] ability: Grassy Surge|[of] p2a: Rillaboom\n|turn|14\n|\n|t:|1738605626\n|move|p2a: Rillaboom|Fake Out|p1b: Muk|[miss]\n|-miss|p2a: Rillaboom|p1b: Muk\n|move|p2b: Urshifu|Close Combat|p1b: Muk\n|-damage|p1b: Muk|34\/100\n|-unboost|p2b: Urshifu|def|1\n|-unboost|p2b: Urshifu|spd|1\n|move|p1b: Muk|Substitute|p1b: Muk\n|-start|p1b: Muk|Substitute\n|-damage|p1b: Muk|10\/100\n|\n|-heal|p2b: Urshifu|88\/100 tox|[from] Grassy Terrain\n|-heal|p1b: Muk|16\/100|[from] Grassy Terrain\n|-heal|p1b: Muk|22\/100|[from] item: Leftovers\n|-heal|p2a: Rillaboom|99\/100|[from] Grassy Terrain\n|-damage|p2b: Urshifu|69\/100 tox|[from] psn\n|-ability|p1b: Muk|Moody|boost\n|-boost|p1b: Muk|spa|2\n|-unboost|p1b: Muk|spe|1\n|upkeep\n|turn|15\n|\n|t:|1738605636\n|move|p1b: Muk|Protect|p1b: Muk\n|-singleturn|p1b: Muk|Protect\n|move|p2b: Urshifu|Close Combat|p1b: Muk\n|-activate|p1b: Muk|move: Substitute|[damage]\n|-unboost|p2b: Urshifu|def|1\n|-unboost|p2b: Urshifu|spd|1\n|move|p2a: Rillaboom|U-turn|p1b: Muk\n|-activate|p1b: Muk|move: Protect\n|\n|-heal|p2b: Urshifu|75\/100 tox|[from] Grassy Terrain\n|-heal|p2a: Rillaboom|100\/100|[from] Grassy Terrain\n|-heal|p1b: Muk|28\/100|[from] Grassy Terrain\n|-heal|p1b: Muk|34\/100|[from] item: Leftovers\n|-damage|p2b: Urshifu|50\/100 tox|[from] psn\n|-ability|p1b: Muk|Moody|boost\n|-boost|p1b: Muk|spe|2\n|-unboost|p1b: Muk|def|1\n|upkeep\n|turn|16\n|l|\u2606Yuans Reive\n|inactive|Yuans Reive disconnected and has a minute to reconnect!\n|player|p2|\n|inactive|Yuans Reive has 30 seconds left.\n|j| PandaoftheClouds\n|inactive|Yuans Reive has 20 seconds left.\n|c|\u2606Prometheus756|He rage quit\n|inactive|Yuans Reive has 15 seconds left.\n|inactive|Yuans Reive has 10 seconds left.\n|inactive|Yuans Reive has 5 seconds left.\n|-message|Yuans Reive lost due to inactivity.\n|\n|win|Prometheus756\n|raw|Prometheus756's rating: 1608 &rarr; <strong>1629<\/strong><br \/>(+21 for winning)\n|raw|Yuans Reive's rating: 1620 &rarr; <strong>1599<\/strong><br \/>(-21 for losing)\n|j|\u2606Yuans Reive\n|player|p2|Yuans Reive|169|\n|l|\u2606Prometheus756\n|player|p1|\n|c|\u2606Yuans Reive|I have a terrible internet\n|c|\u2606Yuans Reive|lol\n|l|\u2606Yuans Reive\n|player|p2|\n","uploadtime":1738605881,"views":14,"formatid":"gen9vgc2025regg","rating":1599,"private":0,"password":null}