{"id":"gen9vgc2025regg-2293604850","format":"[Gen 9] VGC 2025 Reg G","players":["Diestoise","ahfoong0411"],"log":"|j|\u2606Diestoise\n|j|\u2606ahfoong0411\n|t:|1738597273\n|gametype|doubles\n|player|p1|Diestoise|blue|1584\n|player|p2|ahfoong0411|1|1573\n|teamsize|p1|6\n|teamsize|p2|6\n|gen|9\n|tier|[Gen 9] VGC 2025 Reg G\n|rated|\n|rule|Species Clause: Limit one of each Pok\u00e9mon\n|rule|Item Clause: Limit 1 of each item\n|clearpoke\n|poke|p1|Koraidon, L50|\n|poke|p1|Raging Bolt, L50|\n|poke|p1|Entei, L50|\n|poke|p1|Flutter Mane, L50|\n|poke|p1|Venusaur, L50, F|\n|poke|p1|Ditto, L50|\n|poke|p2|Calyrex-Ice, L50|\n|poke|p2|Amoonguss, L50, F|\n|poke|p2|Pelipper, L50, F|\n|poke|p2|Landorus, L50, M|\n|poke|p2|Urshifu-*, L50, M|\n|poke|p2|Ogerpon-Hearthflame, L50, F|\n|teampreview|4\n|j| mentalrofl\n|\n|t:|1738597343\n|start\n|switch|p1a: Flutter Mane|Flutter Mane, L50, shiny|100\/100\n|switch|p1b: Entei|Entei, L50|100\/100\n|switch|p2a: Calyrex|Calyrex-Ice, L50|100\/100\n|switch|p2b: Amoonguss|Amoonguss, L50, F|100\/100\n|-ability|p2a: Calyrex|As One\n|-ability|p2a: Calyrex|Unnerve\n|turn|1\n|j| GooglePay\n|\n|t:|1738597377\n|-terastallize|p2b: Amoonguss|Water\n|move|p2b: Amoonguss|Rage Powder|p2b: Amoonguss\n|-singleturn|p2b: Amoonguss|move: Rage Powder\n|move|p1a: Flutter Mane|Shadow Ball|p2b: Amoonguss\n|-damage|p2b: Amoonguss|57\/100\n|move|p1b: Entei|Sacred Fire|p2b: Amoonguss\n|-resisted|p2b: Amoonguss\n|-damage|p2b: Amoonguss|39\/100\n|move|p2a: Calyrex|Glacial Lance|p1a: Flutter Mane|[spread] p1a,p1b\n|-resisted|p1b: Entei\n|-enditem|p1a: Flutter Mane|Focus Sash\n|-damage|p1a: Flutter Mane|1\/100\n|-damage|p1b: Entei|74\/100\n|\n|upkeep\n|turn|2\n|\n|t:|1738597417\n|move|p1a: Flutter Mane|Protect|p1a: Flutter Mane\n|-singleturn|p1a: Flutter Mane|Protect\n|move|p2a: Calyrex|Protect|p2a: Calyrex\n|-singleturn|p2a: Calyrex|Protect\n|move|p1b: Entei|Sacred Fire|p2a: Calyrex\n|-activate|p2a: Calyrex|move: Protect\n|move|p2b: Amoonguss|Spore|p1b: Entei\n|-status|p1b: Entei|slp|[from] move: Spore\n|\n|upkeep\n|turn|3\n|\n|t:|1738597448\n|move|p2b: Amoonguss|Rage Powder|p2b: Amoonguss\n|-singleturn|p2b: Amoonguss|move: Rage Powder\n|move|p1a: Flutter Mane|Moonblast|p2b: Amoonguss\n|-damage|p2b: Amoonguss|0 fnt\n|faint|p2b: Amoonguss\n|cant|p1b: Entei|slp\n|move|p2a: Calyrex|Trick Room|p2a: Calyrex\n|-fieldstart|move: Trick Room|[of] p2a: Calyrex\n|\n|upkeep\n|\n|t:|1738597458\n|switch|p2b: Pelipper|Pelipper, L50, F|100\/100\n|-weather|RainDance|[from] ability: Drizzle|[of] p2b: Pelipper\n|turn|4\n|\n|t:|1738597488\n|switch|p2b: Landorus|Landorus, L50, M|100\/100\n|move|p1a: Flutter Mane|Protect|p1a: Flutter Mane\n|-singleturn|p1a: Flutter Mane|Protect\n|move|p2a: Calyrex|Glacial Lance|p1a: Flutter Mane|[spread] p1b\n|-activate|p1a: Flutter Mane|move: Protect\n|-resisted|p1b: Entei\n|-damage|p1b: Entei|47\/100 slp\n|-curestatus|p1b: Entei|slp|[msg]\n|move|p1b: Entei|Sacred Fire|p2a: Calyrex\n|-supereffective|p2a: Calyrex\n|-damage|p2a: Calyrex|71\/100\n|\n|-weather|RainDance|[upkeep]\n|upkeep\n|turn|5\n|\n|t:|1738597531\n|move|p2a: Calyrex|Glacial Lance|p1b: Entei|[spread] p1a,p1b\n|-resisted|p1b: Entei\n|-crit|p1b: Entei\n|-damage|p1a: Flutter Mane|0 fnt\n|-damage|p1b: Entei|7\/100\n|faint|p1a: Flutter Mane\n|-end|p1a: Flutter Mane|Protosynthesis|[silent]\n|-ability|p2a: Calyrex|Chilling Neigh|boost\n|-boost|p2a: Calyrex|atk|1\n|move|p1b: Entei|Sacred Fire|p2a: Calyrex\n|-supereffective|p2a: Calyrex\n|-damage|p2a: Calyrex|37\/100\n|move|p2b: Landorus|Sandsear Storm|p1b: Entei\n|-supereffective|p1b: Entei\n|-damage|p1b: Entei|0 fnt\n|faint|p1b: Entei\n|\n|-weather|RainDance|[upkeep]\n|upkeep\n|\n|t:|1738597545\n|switch|p1b: Ditto|Ditto, L50|100\/100\n|switch|p1a: Koraidon|Koraidon, L50|100\/100\n|-transform|p1b: Ditto|p2a: Calyrex|[from] ability: Imposter\n|-ability|p1b: Ditto|As One\n|-ability|p1b: Ditto|Unnerve\n|-weather|SunnyDay|[from] ability: Orichalcum Pulse|[of] p1a: Koraidon\n|-activate|p1a: Koraidon|Orichalcum Pulse|[source]\n|turn|6\n|-activate|p1b: Ditto|item: Quick Claw\n|\n|t:|1738597567\n|-terastallize|p1a: Koraidon|Fire\n|move|p2b: Landorus|Protect|p2b: Landorus\n|-singleturn|p2b: Landorus|Protect\n|move|p1b: Ditto|High Horsepower|p2a: Calyrex\n|-damage|p2a: Calyrex|0 fnt\n|faint|p2a: Calyrex\n|-ability|p1b: Ditto|Chilling Neigh|boost\n|-boost|p1b: Ditto|atk|1\n|move|p1a: Koraidon|Scale Shot|p2b: Landorus\n|-activate|p2b: Landorus|move: Protect\n|\n|-weather|SunnyDay|[upkeep]\n|upkeep\n|\n|t:|1738597574\n|switch|p2a: Pelipper|Pelipper, L50, F|100\/100\n|-weather|RainDance|[from] ability: Drizzle|[of] p2a: Pelipper\n|turn|7\n|\n|t:|1738597600\n|move|p1b: Ditto|Protect|p1b: Ditto\n|-singleturn|p1b: Ditto|Protect\n|move|p1a: Koraidon|Protect|p1a: Koraidon\n|-singleturn|p1a: Koraidon|Protect\n|move|p2a: Pelipper|Wide Guard|p2a: Pelipper\n|-singleturn|p2a: Pelipper|Wide Guard\n|move|p2b: Landorus|Earth Power|p1a: Koraidon\n|-activate|p1a: Koraidon|move: Protect\n|\n|-weather|RainDance|[upkeep]\n|-fieldend|move: Trick Room\n|upkeep\n|turn|8\n|\n|t:|1738597613\n|move|p2a: Pelipper|Wide Guard|p2a: Pelipper\n|-singleturn|p2a: Pelipper|Wide Guard\n|move|p1a: Koraidon|Scale Shot|p2b: Landorus\n|-damage|p2b: Landorus|86\/100\n|-damage|p2b: Landorus|71\/100\n|-damage|p2b: Landorus|57\/100\n|-damage|p2b: Landorus|43\/100\n|-damage|p2b: Landorus|30\/100\n|-hitcount|p2b: Landorus|5\n|-unboost|p1a: Koraidon|def|1\n|-boost|p1a: Koraidon|spe|1\n|move|p2b: Landorus|Earth Power|p1a: Koraidon\n|-supereffective|p1a: Koraidon\n|-damage|p1a: Koraidon|0 fnt\n|faint|p1a: Koraidon\n|move|p1b: Ditto|Glacial Lance|p2b: Landorus|[spread] \n|-activate|p2a: Pelipper|move: Wide Guard\n|-activate|p2b: Landorus|move: Wide Guard\n|\n|-weather|RainDance|[upkeep]\n|upkeep\n|turn|9\n|inactive|Battle timer is ON: inactive players will automatically lose when time's up. (requested by Diestoise)\n|\n|t:|1738597632\n|move|p2a: Pelipper|Wide Guard|p2a: Pelipper\n|-singleturn|p2a: Pelipper|Wide Guard\n|move|p2b: Landorus|Earth Power|p1b: Ditto\n|-damage|p1b: Ditto|33\/100\n|move|p1b: Ditto|Glacial Lance|p2b: Landorus|[spread] \n|-activate|p2a: Pelipper|move: Wide Guard\n|-activate|p2b: Landorus|move: Wide Guard\n|\n|-weather|RainDance|[upkeep]\n|upkeep\n|turn|10\n|\n|t:|1738597639\n|move|p2a: Pelipper|Wide Guard|p2a: Pelipper\n|-singleturn|p2a: Pelipper|Wide Guard\n|move|p2b: Landorus|Earth Power|p1b: Ditto\n|-damage|p1b: Ditto|0 fnt\n|faint|p1b: Ditto\n|\n|win|ahfoong0411\n|raw|Diestoise's rating: 1584 &rarr; <strong>1563<\/strong><br \/>(-21 for losing)\n|raw|ahfoong0411's rating: 1573 &rarr; <strong>1594<\/strong><br \/>(+21 for winning)\n|l|\u2606Diestoise\n|player|p1|\n|l|\u2606ahfoong0411\n|player|p2|\n|l| mentalrofl\n","uploadtime":1738597876,"views":6,"formatid":"gen9vgc2025regg","rating":1563,"private":0,"password":null}