{"id":"gen9vgc2025regg-2293627962","format":"[Gen 9] VGC 2025 Reg G","players":["Pauliet123","elvegis1"],"log":"|j|\u2606Pauliet123\n|j|\u2606elvegis1\n|t:|1738599716\n|gametype|doubles\n|player|p1|Pauliet123|169|1596\n|player|p2|elvegis1|lucas|1626\n|teamsize|p1|6\n|teamsize|p2|6\n|gen|9\n|tier|[Gen 9] VGC 2025 Reg G\n|rated|\n|rule|Species Clause: Limit one of each Pok\u00e9mon\n|rule|Item Clause: Limit 1 of each item\n|clearpoke\n|poke|p1|Weezing-Galar, L50, F|\n|poke|p1|Dondozo, L50, M|\n|poke|p1|Calyrex-Shadow, L50|\n|poke|p1|Tatsugiri, L50, M|\n|poke|p1|Iron Hands, L50|\n|poke|p1|Indeedee-F, L50, F|\n|poke|p2|Kyogre, L50|\n|poke|p2|Incineroar, L50, F|\n|poke|p2|Urshifu-*, L50, M|\n|poke|p2|Comfey, L50, M|\n|poke|p2|Rillaboom, L50, F|\n|poke|p2|Landorus, L50, M|\n|teampreview|4\n|inactive|Battle timer is ON: inactive players will automatically lose when time's up. (requested by elvegis1)\n|\n|t:|1738599749\n|start\n|switch|p1a: Iron Hands|Iron Hands, L50, shiny|100\/100\n|switch|p1b: Weezing|Weezing-Galar, L50, F, shiny|100\/100\n|switch|p2a: Comfey|Comfey, L50, M|100\/100\n|switch|p2b: Kyogre|Kyogre, L50|100\/100\n|-ability|p1b: Weezing|Neutralizing Gas\n|turn|1\n|\n|t:|1738599772\n|move|p2b: Kyogre|Protect|p2b: Kyogre\n|-singleturn|p2b: Kyogre|Protect\n|move|p1a: Iron Hands|Fake Out|p2b: Kyogre\n|-activate|p2b: Kyogre|move: Protect\n|move|p2a: Comfey|Taunt|p1b: Weezing\n|-start|p1b: Weezing|move: Taunt\n|-enditem|p1b: Weezing|Mental Herb\n|-end|p1b: Weezing|move: Taunt\n|move|p1b: Weezing|Poison Gas|p2b: Kyogre|[spread] p2a\n|-activate|p2b: Kyogre|move: Protect\n|-status|p2a: Comfey|psn\n|\n|-damage|p2a: Comfey|88\/100 psn|[from] psn\n|upkeep\n|turn|2\n|\n|t:|1738599790\n|-terastallize|p2b: Kyogre|Grass\n|move|p1b: Weezing|Protect|p1b: Weezing\n|-singleturn|p1b: Weezing|Protect\n|move|p2b: Kyogre|Calm Mind|p2b: Kyogre\n|-boost|p2b: Kyogre|spa|1\n|-boost|p2b: Kyogre|spd|1\n|move|p2a: Comfey|Taunt|p1b: Weezing\n|-activate|p1b: Weezing|move: Protect\n|move|p1a: Iron Hands|Wild Charge|p2b: Kyogre\n|-resisted|p2b: Kyogre\n|-damage|p2b: Kyogre|78\/100\n|-damage|p1a: Iron Hands|95\/100|[from] Recoil\n|\n|-heal|p2b: Kyogre|84\/100|[from] item: Leftovers\n|-damage|p2a: Comfey|76\/100 psn|[from] psn\n|upkeep\n|turn|3\n|\n|t:|1738599809\n|move|p2b: Kyogre|Water Spout|p1a: Iron Hands|[spread] p1a,p1b\n|-damage|p1a: Iron Hands|54\/100\n|-damage|p1b: Weezing|18\/100\n|move|p2a: Comfey|Tailwind|p2a: Comfey\n|-sidestart|p2: elvegis1|move: Tailwind\n|move|p1b: Weezing|Poison Gas|p2a: Comfey|[spread] p2a,p2b\n|-fail|p2a: Comfey|psn\n|-status|p2b: Kyogre|psn\n|move|p1a: Iron Hands|Ice Punch|p2b: Kyogre\n|-supereffective|p2b: Kyogre\n|-damage|p2b: Kyogre|24\/100 psn\n|\n|-heal|p2b: Kyogre|30\/100 psn|[from] item: Leftovers\n|-damage|p2b: Kyogre|17\/100 psn|[from] psn\n|-damage|p2a: Comfey|64\/100 psn|[from] psn\n|upkeep\n|turn|4\n|\n|t:|1738599824\n|move|p1b: Weezing|Protect|p1b: Weezing\n|-singleturn|p1b: Weezing|Protect\n|move|p2b: Kyogre|Water Spout|p1b: Weezing|[spread] p1a\n|-activate|p1b: Weezing|move: Protect\n|-damage|p1a: Iron Hands|44\/100\n|move|p2a: Comfey|Floral Healing|p2b: Kyogre\n|-heal|p2b: Kyogre|68\/100 psn\n|move|p1a: Iron Hands|Ice Punch|p2b: Kyogre\n|-supereffective|p2b: Kyogre\n|-damage|p2b: Kyogre|13\/100 psn\n|\n|-heal|p2b: Kyogre|19\/100 psn|[from] item: Leftovers\n|-damage|p2b: Kyogre|6\/100 psn|[from] psn\n|-damage|p2a: Comfey|52\/100 psn|[from] psn\n|upkeep\n|turn|5\n|\n|t:|1738599844\n|move|p2b: Kyogre|Protect|p2b: Kyogre\n|-singleturn|p2b: Kyogre|Protect\n|move|p2a: Comfey|Floral Healing|p2b: Kyogre\n|-activate|p2b: Kyogre|move: Protect\n|move|p1b: Weezing|Toxic Spikes|p2b: Kyogre\n|-sidestart|p2: elvegis1|move: Toxic Spikes\n|move|p1a: Iron Hands|Wild Charge|p2a: Comfey\n|-damage|p2a: Comfey|7\/100 psn\n|-damage|p1a: Iron Hands|28\/100|[from] item: Rocky Helmet|[of] p2a: Comfey\n|-damage|p1a: Iron Hands|20\/100|[from] Recoil\n|\n|-heal|p2b: Kyogre|12\/100 psn|[from] item: Leftovers\n|-damage|p2b: Kyogre|0 fnt|[from] psn\n|faint|p2b: Kyogre\n|-damage|p2a: Comfey|0 fnt|[from] psn\n|faint|p2a: Comfey\n|upkeep\n|\n|t:|1738599855\n|switch|p2b: Incineroar|Incineroar, L50, F|100\/100\n|switch|p2a: Urshifu|Urshifu, L50, M|100\/100\n|-status|p2a: Urshifu|psn\n|-status|p2b: Incineroar|psn\n|turn|6\n|\n|t:|1738599866\n|move|p1b: Weezing|Protect|p1b: Weezing\n|-singleturn|p1b: Weezing|Protect\n|move|p2b: Incineroar|Fake Out|p1b: Weezing\n|-activate|p1b: Weezing|move: Protect\n|move|p2a: Urshifu|Wicked Blow|p1a: Iron Hands\n|-resisted|p1a: Iron Hands\n|-crit|p1a: Iron Hands\n|-damage|p1a: Iron Hands|0 fnt\n|faint|p1a: Iron Hands\n|-end|p1a: Iron Hands|Quark Drive|[silent]\n|\n|-damage|p2a: Urshifu|88\/100 psn|[from] psn\n|-damage|p2b: Incineroar|88\/100 psn|[from] psn\n|-sideend|p2: elvegis1|move: Tailwind\n|upkeep\n|\n|t:|1738599873\n|switch|p1a: Tatsugiri|Tatsugiri, L50, M, shiny|100\/100\n|turn|7\n|\n|t:|1738599887\n|-terastallize|p1a: Tatsugiri|Stellar\n|move|p2a: Urshifu|Wicked Blow|p1b: Weezing\n|-resisted|p1b: Weezing\n|-crit|p1b: Weezing\n|-damage|p1b: Weezing|0 fnt\n|faint|p1b: Weezing\n|-end|p1b: Weezing|ability: Neutralizing Gas\n|-ability|p2b: Incineroar|Intimidate|boost\n|-unboost|p1a: Tatsugiri|atk|1\n|move|p1a: Tatsugiri|Muddy Water|p2b: Incineroar|[spread] p2a,p2b\n|-supereffective|p2b: Incineroar\n|-damage|p2a: Urshifu|10\/100 psn\n|-damage|p2b: Incineroar|7\/100 psn\n|-unboost|p2a: Urshifu|accuracy|1\n|move|p2b: Incineroar|Knock Off|p1a: Tatsugiri\n|-damage|p1a: Tatsugiri|28\/100\n|-enditem|p1a: Tatsugiri|Focus Sash|[from] move: Knock Off|[of] p2b: Incineroar\n|\n|-damage|p2a: Urshifu|0 fnt|[from] psn\n|faint|p2a: Urshifu\n|-damage|p2b: Incineroar|0 fnt|[from] psn\n|faint|p2b: Incineroar\n|\n|win|Pauliet123\n|upkeep\n|raw|Pauliet123's rating: 1596 &rarr; <strong>1618<\/strong><br \/>(+22 for winning)\n|raw|elvegis1's rating: 1626 &rarr; <strong>1604<\/strong><br \/>(-22 for losing)\n|l|\u2606elvegis1\n|player|p2|\n|l|\u2606Pauliet123\n|player|p1|\n","uploadtime":1738600094,"views":12,"formatid":"gen9vgc2025regg","rating":1604,"private":0,"password":null}