{"id":"gen9vgc2025regg-2293432365","format":"[Gen 9] VGC 2025 Reg G","players":["elvegis1","Yung Trav"],"log":"|j|\u2606elvegis1\n|j|\u2606Yung Trav\n|t:|1738570684\n|gametype|doubles\n|player|p1|elvegis1|lucas|1680\n|player|p2|Yung Trav|1|1685\n|teamsize|p1|6\n|teamsize|p2|6\n|gen|9\n|tier|[Gen 9] VGC 2025 Reg G\n|rated|\n|rule|Species Clause: Limit one of each Pok\u00e9mon\n|rule|Item Clause: Limit 1 of each item\n|clearpoke\n|poke|p1|Kyogre, L50|\n|poke|p1|Incineroar, L50, F|\n|poke|p1|Urshifu-*, L50, M|\n|poke|p1|Bronzong, L50|\n|poke|p1|Rillaboom, L50, M|\n|poke|p1|Landorus, L50, M|\n|poke|p2|Calyrex-Ice, L50|\n|poke|p2|Regidrago, L50|\n|poke|p2|Smeargle, L50, M|\n|poke|p2|Farigiraf, L50, M|\n|poke|p2|Urshifu-*, L50, M|\n|poke|p2|Ogerpon-Cornerstone, L50, F|\n|teampreview|4\n|inactive|Battle timer is ON: inactive players will automatically lose when time's up. (requested by elvegis1)\n|j| aimyon36\n|l| aimyon36\n|inactive|Yung Trav has 60 seconds left.\n|\n|t:|1738570734\n|start\n|switch|p1a: Urshifu|Urshifu, L50, M|100\/100\n|switch|p1b: Incineroar|Incineroar, L50, F|100\/100\n|switch|p2a: Calyrex|Calyrex-Ice, L50|100\/100\n|switch|p2b: Smeargle|Smeargle, L50, M, shiny|100\/100\n|-ability|p2a: Calyrex|As One\n|-ability|p2a: Calyrex|Unnerve\n|-ability|p1b: Incineroar|Intimidate|boost\n|-fail|p2a: Calyrex|unboost|[from] item: Clear Amulet|[of] p2a: Calyrex\n|-fail|p2b: Smeargle|unboost|Attack|[from] ability: Own Tempo|[of] p2b: Smeargle\n|turn|1\n|\n|t:|1738570752\n|-terastallize|p2a: Calyrex|Water\n|move|p1a: Urshifu|Detect|p1a: Urshifu\n|-singleturn|p1a: Urshifu|Protect\n|move|p1b: Incineroar|Fake Out|p2a: Calyrex\n|-damage|p2a: Calyrex|94\/100\n|move|p2b: Smeargle|Fake Out|p1b: Incineroar\n|-damage|p1b: Incineroar|96\/100\n|cant|p2a: Calyrex|flinch\n|\n|upkeep\n|turn|2\n|inactive|elvegis1 has 30 seconds left.\n|\n|t:|1738570786\n|move|p2b: Smeargle|Follow Me|p2b: Smeargle\n|-singleturn|p2b: Smeargle|move: Follow Me\n|move|p1a: Urshifu|Wicked Blow|p2b: Smeargle\n|-crit|p2b: Smeargle\n|-damage|p2b: Smeargle|4\/100\n|move|p1b: Incineroar|Parting Shot|p2b: Smeargle\n|-unboost|p2b: Smeargle|atk|1\n|-unboost|p2b: Smeargle|spa|1\n|\n|t:|1738570796\n|switch|p1b: Bronzong|Bronzong, L50|100\/100|[from] Parting Shot\n|move|p2a: Calyrex|Trick Room|p2a: Calyrex\n|-fieldstart|move: Trick Room|[of] p2a: Calyrex\n|\n|upkeep\n|turn|3\n|inactive|elvegis1 has 30 seconds left.\n|\n|t:|1738570828\n|switch|p1a: Incineroar|Incineroar, L50, F|96\/100\n|-ability|p1a: Incineroar|Intimidate|boost\n|-fail|p2a: Calyrex|unboost|[from] item: Clear Amulet|[of] p2a: Calyrex\n|-fail|p2b: Smeargle|unboost|Attack|[from] ability: Own Tempo|[of] p2b: Smeargle\n|move|p1b: Bronzong|Stealth Rock|p2a: Calyrex\n|-sidestart|p2: Yung Trav|move: Stealth Rock\n|move|p2b: Smeargle|Decorate|p2a: Calyrex\n|-boost|p2a: Calyrex|atk|2\n|-boost|p2a: Calyrex|spa|2\n|move|p2a: Calyrex|Glacial Lance|p1a: Incineroar|[spread] p1a,p1b\n|-resisted|p1a: Incineroar\n|-resisted|p1b: Bronzong\n|-damage|p1a: Incineroar|50\/100\n|-damage|p1b: Bronzong|57\/100\n|\n|upkeep\n|turn|4\n|inactive|Yung Trav has 30 seconds left.\n|inactive|Yung Trav has 20 seconds left.\n|\n|t:|1738570864\n|switch|p2b: Farigiraf|Farigiraf, L50, M, shiny|100\/100\n|-damage|p2b: Farigiraf|88\/100|[from] Stealth Rock\n|move|p1a: Incineroar|Fake Out||[still]\n|cant|p2b: Farigiraf|ability: Armor Tail|Fake Out|[of] p1a: Incineroar\n|move|p2a: Calyrex|High Horsepower|p1a: Incineroar\n|-supereffective|p1a: Incineroar\n|-damage|p1a: Incineroar|0 fnt\n|faint|p1a: Incineroar\n|-ability|p2a: Calyrex|Chilling Neigh|boost\n|-boost|p2a: Calyrex|atk|1\n|move|p1b: Bronzong|Trick Room|p1b: Bronzong\n|-fieldend|move: Trick Room\n|\n|upkeep\n|\n|t:|1738570878\n|switch|p1a: Kyogre|Kyogre, L50|100\/100\n|-weather|RainDance|[from] ability: Drizzle|[of] p1a: Kyogre\n|turn|5\n|j| aimyon36\n|l| aimyon36\n|\n|t:|1738570898\n|move|p2a: Calyrex|Protect|p2a: Calyrex\n|-singleturn|p2a: Calyrex|Protect\n|move|p1a: Kyogre|Water Spout|p2a: Calyrex|[spread] p2b\n|-activate|p2a: Calyrex|move: Protect\n|-damage|p2b: Farigiraf|0 fnt\n|faint|p2b: Farigiraf\n|move|p1b: Bronzong|Trick Room|p1b: Bronzong\n|-fieldstart|move: Trick Room|[of] p1b: Bronzong\n|\n|-weather|RainDance|[upkeep]\n|upkeep\n|\n|t:|1738570909\n|switch|p2b: Regidrago|Regidrago, L50, shiny|100\/100\n|-damage|p2b: Regidrago|88\/100|[from] Stealth Rock\n|turn|6\n|\n|t:|1738570919\n|move|p1a: Kyogre|Protect|p1a: Kyogre\n|-singleturn|p1a: Kyogre|Protect\n|move|p2b: Regidrago|Dragon Energy|p1a: Kyogre|[spread] p1b\n|-activate|p1a: Kyogre|move: Protect\n|-resisted|p1b: Bronzong\n|-damage|p1b: Bronzong|28\/100\n|move|p2a: Calyrex|Glacial Lance|p1b: Bronzong|[spread] p1b\n|-activate|p1a: Kyogre|move: Protect\n|-resisted|p1b: Bronzong\n|-damage|p1b: Bronzong|0 fnt\n|faint|p1b: Bronzong\n|-ability|p2a: Calyrex|Chilling Neigh|boost\n|-boost|p2a: Calyrex|atk|1\n|\n|-weather|RainDance|[upkeep]\n|upkeep\n|\n|t:|1738570928\n|switch|p1b: Urshifu|Urshifu, L50, M|100\/100\n|turn|7\n|\n|t:|1738570939\n|move|p1b: Urshifu|Sucker Punch|p2b: Regidrago\n|-damage|p2b: Regidrago|56\/100\n|move|p2b: Regidrago|Dragon Energy|p1a: Kyogre|[spread] p1a,p1b\n|-damage|p1a: Kyogre|70\/100\n|-damage|p1b: Urshifu|31\/100\n|move|p2a: Calyrex|Glacial Lance|p1b: Urshifu|[spread] p1a,p1b\n|-resisted|p1a: Kyogre\n|-damage|p1a: Kyogre|0 fnt\n|-damage|p1b: Urshifu|0 fnt\n|faint|p1a: Kyogre\n|faint|p1b: Urshifu\n|\n|win|Yung Trav\n|raw|elvegis1's rating: 1680 &rarr; <strong>1660<\/strong><br \/>(-20 for losing)\n|raw|Yung Trav's rating: 1685 &rarr; <strong>1705<\/strong><br \/>(+20 for winning)\n|l|\u2606elvegis1\n|player|p1|\n|l|\u2606Yung Trav\n|player|p2|\n","uploadtime":1738571120,"views":19,"formatid":"gen9vgc2025regg","rating":1660,"private":0,"password":null}