{"id":"gen9vgc2025regg-2293344808","format":"[Gen 9] VGC 2025 Reg G","players":["stbai","PokemonBreederJoey"],"log":"|j|\u2606stbai\n|j|\u2606PokemonBreederJoey\n|t:|1738554507\n|gametype|doubles\n|player|p1|stbai|janitor|1531\n|player|p2|PokemonBreederJoey|102|1566\n|teamsize|p1|6\n|teamsize|p2|6\n|gen|9\n|tier|[Gen 9] VGC 2025 Reg G\n|rated|\n|rule|Species Clause: Limit one of each Pok\u00e9mon\n|rule|Item Clause: Limit 1 of each item\n|clearpoke\n|poke|p1|Tatsugiri, L50, M|\n|poke|p1|Latios, L50, M|\n|poke|p1|Landorus, L50, M|\n|poke|p1|Entei, L50|\n|poke|p1|Terapagos, L50, M|\n|poke|p1|Dondozo, L50, F|\n|poke|p2|Kyogre, L50|\n|poke|p2|Tornadus, L50, M|\n|poke|p2|Farigiraf, L50, M|\n|poke|p2|Chi-Yu, L50|\n|poke|p2|Archaludon, L50, F|\n|poke|p2|Iron Valiant, L50|\n|teampreview|4\n|inactive|Battle timer is ON: inactive players will automatically lose when time's up. (requested by stbai)\n|inactive|PokemonBreederJoey has 60 seconds left.\n|j| caZISA\n|\n|t:|1738554548\n|start\n|switch|p1a: Terapagos|Terapagos, L50, M|100\/100\n|switch|p1b: Dondozo|Dondozo, L50, F|100\/100\n|switch|p2a: Iron Valiant|Iron Valiant, L50|100\/100\n|switch|p2b: Chi-Yu|Chi-Yu, L50|100\/100\n|-activate|p1a: Terapagos|ability: Tera Shift\n|detailschange|p1a: Terapagos|Terapagos-Terastal, L50, M\n|-heal|p1a: Terapagos|100\/100|[silent]\n|-ability|p2b: Chi-Yu|Beads of Ruin\n|-enditem|p2a: Iron Valiant|Booster Energy\n|-activate|p2a: Iron Valiant|ability: Quark Drive|[fromitem]\n|-start|p2a: Iron Valiant|quarkdrivespe\n|turn|1\n|\n|t:|1738554566\n|move|p2a: Iron Valiant|Thunder Wave|p1a: Terapagos\n|-status|p1a: Terapagos|par\n|move|p2b: Chi-Yu|Heat Wave|p1a: Terapagos|[spread] p1a,p1b\n|-activate|p1a: Terapagos|ability: Tera Shell\n|-resisted|p1a: Terapagos\n|-resisted|p1b: Dondozo\n|-damage|p1a: Terapagos|78\/100 par\n|-damage|p1b: Dondozo|78\/100\n|move|p1b: Dondozo|Substitute|p1b: Dondozo\n|-start|p1b: Dondozo|Substitute\n|-damage|p1b: Dondozo|53\/100\n|move|p1a: Terapagos|Tera Starstorm|p2a: Iron Valiant\n|-damage|p2a: Iron Valiant|0 fnt\n|faint|p2a: Iron Valiant\n|-end|p2a: Iron Valiant|Quark Drive|[silent]\n|\n|-heal|p1b: Dondozo|59\/100|[from] item: Leftovers\n|upkeep\n|\n|t:|1738554582\n|switch|p2a: Archaludon|Archaludon, L50, F|100\/100\n|turn|2\n|\n|t:|1738554589\n|switch|p2b: Kyogre|Kyogre, L50|100\/100\n|-weather|RainDance|[from] ability: Drizzle|[of] p2b: Kyogre\n|switch|p1a: Tatsugiri|Tatsugiri, L50, M|100\/100\n|-activate|p1a: Tatsugiri|ability: Commander|[of] p1b: Dondozo\n|-boost|p1b: Dondozo|atk|2\n|-boost|p1b: Dondozo|spa|2\n|-boost|p1b: Dondozo|spe|2\n|-boost|p1b: Dondozo|def|2\n|-boost|p1b: Dondozo|spd|2\n|move|p1b: Dondozo|Earthquake|p2a: Archaludon|[spread] p2a,p2b\n|-miss|p1b: Dondozo|p1a: Tatsugiri\n|-supereffective|p2a: Archaludon\n|-damage|p2a: Archaludon|42\/100\n|-damage|p2b: Kyogre|56\/100\n|-ability|p2a: Archaludon|Stamina|boost\n|-boost|p2a: Archaludon|def|1\n|move|p2a: Archaludon|Electro Shot||[still]\n|-prepare|p2a: Archaludon|Electro Shot\n|-boost|p2a: Archaludon|spa|1\n|-anim|p2a: Archaludon|Electro Shot|p1b: Dondozo\n|-supereffective|p1b: Dondozo\n|-end|p1b: Dondozo|Substitute\n|\n|-weather|RainDance|[upkeep]\n|-heal|p1b: Dondozo|65\/100|[from] item: Leftovers\n|upkeep\n|turn|3\n|inactive|PokemonBreederJoey has 30 seconds left.\n|\n|t:|1738554623\n|move|p1b: Dondozo|Earthquake|p2b: Kyogre|[spread] p2a,p2b\n|-miss|p1b: Dondozo|p1a: Tatsugiri\n|-supereffective|p2a: Archaludon\n|-damage|p2a: Archaludon|0 fnt\n|-damage|p2b: Kyogre|15\/100\n|faint|p2a: Archaludon\n|move|p2b: Kyogre|Thunder|p1b: Dondozo\n|-supereffective|p1b: Dondozo\n|-damage|p1b: Dondozo|21\/100\n|\n|-weather|RainDance|[upkeep]\n|-heal|p1b: Dondozo|27\/100|[from] item: Leftovers\n|upkeep\n|\n|t:|1738554629\n|switch|p2a: Chi-Yu|Chi-Yu, L50|100\/100\n|-ability|p2a: Chi-Yu|Beads of Ruin\n|turn|4\n|\n|t:|1738554638\n|move|p1b: Dondozo|Protect|p1b: Dondozo\n|-singleturn|p1b: Dondozo|Protect\n|move|p2a: Chi-Yu|Dark Pulse|p1b: Dondozo\n|-activate|p1b: Dondozo|move: Protect\n|move|p2b: Kyogre|Thunder|p2a: Chi-Yu\n|-damage|p2a: Chi-Yu|44\/100\n|\n|-weather|RainDance|[upkeep]\n|-heal|p1b: Dondozo|33\/100|[from] item: Leftovers\n|upkeep\n|turn|5\n|-message|PokemonBreederJoey forfeited.\n|\n|win|stbai\n|raw|stbai's rating: 1531 &rarr; <strong>1553<\/strong><br \/>(+22 for winning)\n|raw|PokemonBreederJoey's rating: 1566 &rarr; <strong>1544<\/strong><br \/>(-22 for losing)\n|l|\u2606PokemonBreederJoey\n|player|p2|\n|l| caZISA\n|l|\u2606stbai\n|player|p1|\n","uploadtime":1738554834,"views":5,"formatid":"gen9vgc2025regg","rating":1544,"private":0,"password":null}