{"id":"gen9vgc2025regg-2293577812","format":"[Gen 9] VGC 2025 Reg G","players":["ahfoong0411","WobCob"],"log":"|j|\u2606ahfoong0411\n|j|\u2606WobCob\n|t:|1738594278\n|gametype|doubles\n|player|p1|ahfoong0411|1|1568\n|player|p2|WobCob|caitlin|1646\n|teamsize|p1|6\n|teamsize|p2|6\n|gen|9\n|tier|[Gen 9] VGC 2025 Reg G\n|rated|\n|rule|Species Clause: Limit one of each Pok\u00e9mon\n|rule|Item Clause: Limit 1 of each item\n|clearpoke\n|poke|p1|Calyrex-Ice, L50|\n|poke|p1|Amoonguss, L50, F|\n|poke|p1|Pelipper, L50, F|\n|poke|p1|Landorus, L50, M|\n|poke|p1|Urshifu-*, L50, M|\n|poke|p1|Iron Valiant, L50|\n|poke|p2|Kyogre, L50|\n|poke|p2|Chien-Pao, L50|\n|poke|p2|Rillaboom, L50, M|\n|poke|p2|Urshifu-*, L50, M|\n|poke|p2|Whimsicott, L50, F|\n|poke|p2|Ogerpon-Cornerstone, L50, F|\n|teampreview|4\n|inactive|Battle timer is ON: inactive players will automatically lose when time's up. (requested by WobCob)\n|inactive|ahfoong0411 has 60 seconds left.\n|inactive|WobCob has 60 seconds left.\n|inactive|ahfoong0411 has 30 seconds left.\n|inactive|ahfoong0411 has 20 seconds left.\n|inactive|ahfoong0411 has 15 seconds left.\n|inactive|ahfoong0411 has 10 seconds left.\n|inactive|ahfoong0411 has 5 seconds left.\n|\n|t:|1738594363\n|start\n|switch|p1a: Iron Valiant|Iron Valiant, L50|100\/100\n|switch|p1b: Urshifu|Urshifu-Rapid-Strike, L50, M|100\/100\n|switch|p2a: Ogerpon|Ogerpon-Cornerstone, L50, F|100\/100\n|switch|p2b: Chien-Pao|Chien-Pao, L50|100\/100\n|-ability|p2b: Chien-Pao|Sword of Ruin\n|-enditem|p1a: Iron Valiant|Booster Energy\n|-activate|p1a: Iron Valiant|ability: Quark Drive|[fromitem]\n|-start|p1a: Iron Valiant|quarkdrivespe\n|turn|1\n|\n|t:|1738594381\n|switch|p2b: Whimsicott|Whimsicott, L50, F, shiny|100\/100\n|move|p1b: Urshifu|Detect|p1b: Urshifu\n|-singleturn|p1b: Urshifu|Protect\n|move|p1a: Iron Valiant|Coaching|p1b: Urshifu\n|-boost|p1b: Urshifu|atk|1\n|-boost|p1b: Urshifu|def|1\n|move|p2a: Ogerpon|Horn Leech|p1b: Urshifu\n|-activate|p1b: Urshifu|move: Protect\n|\n|upkeep\n|turn|2\n|inactive|ahfoong0411 has 30 seconds left.\n|inactive|ahfoong0411 has 20 seconds left.\n|j| shadow193\n|inactive|ahfoong0411 has 15 seconds left.\n|\n|t:|1738594422\n|move|p2b: Whimsicott|Encore|p1b: Urshifu\n|-start|p1b: Urshifu|Encore\n|move|p1a: Iron Valiant|Spirit Break|p2b: Whimsicott\n|-damage|p2b: Whimsicott|56\/100\n|move|p2a: Ogerpon|Ivy Cudgel|p1b: Urshifu|[anim] Ivy Cudgel Rock\n|-resisted|p1b: Urshifu\n|-damage|p1b: Urshifu|86\/100\n|move|p1b: Urshifu|Detect||[still]\n|-fail|p1b: Urshifu\n|\n|upkeep\n|turn|3\n|l| shadow193\n|j| shadow193\n|l| shadow193\n|inactive|ahfoong0411 has 30 seconds left.\n|\n|t:|1738594454\n|switch|p1b: Calyrex|Calyrex-Ice, L50|100\/100\n|-ability|p1b: Calyrex|As One\n|-ability|p1b: Calyrex|Unnerve\n|-terastallize|p2a: Ogerpon|Rock\n|detailschange|p2a: Ogerpon|Ogerpon-Cornerstone-Tera, L50, F, tera:Rock\n|-ability|p2a: Ogerpon|Embody Aspect (Cornerstone)|boost\n|-boost|p2a: Ogerpon|def|1\n|move|p1a: Iron Valiant|Coaching|p1b: Calyrex\n|-boost|p1b: Calyrex|atk|1\n|-boost|p1b: Calyrex|def|1\n|move|p2b: Whimsicott|Moonblast|p1a: Iron Valiant\n|-supereffective|p1a: Iron Valiant\n|-damage|p1a: Iron Valiant|29\/100\n|-unboost|p1a: Iron Valiant|spa|1\n|move|p2a: Ogerpon|Ivy Cudgel|p1b: Calyrex|[anim] Ivy Cudgel Rock\n|-supereffective|p1b: Calyrex\n|-crit|p1b: Calyrex\n|-damage|p1b: Calyrex|0 fnt\n|faint|p1b: Calyrex\n|\n|upkeep\n|\n|t:|1738594477\n|switch|p1b: Urshifu|Urshifu-Rapid-Strike, L50, M|86\/100\n|turn|4\n|\n|t:|1738594490\n|move|p2b: Whimsicott|Tailwind|p2b: Whimsicott\n|-sidestart|p2: WobCob|move: Tailwind\n|move|p1a: Iron Valiant|Coaching|p1b: Urshifu\n|-boost|p1b: Urshifu|atk|1\n|-boost|p1b: Urshifu|def|1\n|move|p2a: Ogerpon|Horn Leech|p1b: Urshifu\n|-supereffective|p1b: Urshifu\n|-damage|p1b: Urshifu|37\/100\n|move|p1b: Urshifu|Surging Strikes|p2a: Ogerpon\n|-supereffective|p2a: Ogerpon\n|-crit|p2a: Ogerpon\n|-damage|p2a: Ogerpon|41\/100\n|-supereffective|p2a: Ogerpon\n|-crit|p2a: Ogerpon\n|-damage|p2a: Ogerpon|0 fnt\n|faint|p2a: Ogerpon\n|-hitcount|p2: Ogerpon|2\n|\n|upkeep\n|\n|t:|1738594497\n|switch|p2a: Kyogre|Kyogre, L50|100\/100\n|-weather|RainDance|[from] ability: Drizzle|[of] p2a: Kyogre\n|turn|5\n|\n|t:|1738594514\n|-terastallize|p1b: Urshifu|Ghost\n|move|p1a: Iron Valiant|Wide Guard|p1a: Iron Valiant\n|-singleturn|p1a: Iron Valiant|Wide Guard\n|move|p2b: Whimsicott|Moonblast|p1a: Iron Valiant\n|-supereffective|p1a: Iron Valiant\n|-damage|p1a: Iron Valiant|0 fnt\n|faint|p1a: Iron Valiant\n|-end|p1a: Iron Valiant|Quark Drive|[silent]\n|move|p2a: Kyogre|Thunder|p1b: Urshifu\n|-damage|p1b: Urshifu|0 fnt\n|faint|p1b: Urshifu\n|\n|-weather|RainDance|[upkeep]\n|upkeep\n|-message|ahfoong0411 forfeited.\n|\n|win|WobCob\n|raw|ahfoong0411's rating: 1568 &rarr; <strong>1552<\/strong><br \/>(-16 for losing)\n|raw|WobCob's rating: 1646 &rarr; <strong>1662<\/strong><br \/>(+16 for winning)\n|l|\u2606ahfoong0411\n|player|p1|\n","uploadtime":1738594690,"views":7,"formatid":"gen9vgc2025regg","rating":1552,"private":0,"password":null}