{"id":"gen9vgc2025regg-2293209762","format":"[Gen 9] VGC 2025 Reg G","players":["elvegis1","Lacossg"],"log":"|j|\u2606elvegis1\n|j|\u2606Lacossg\n|t:|1738536669\n|gametype|doubles\n|player|p1|elvegis1|lucas|1595\n|player|p2|Lacossg|170|1644\n|teamsize|p1|6\n|teamsize|p2|6\n|gen|9\n|tier|[Gen 9] VGC 2025 Reg G\n|rated|\n|rule|Species Clause: Limit one of each Pok\u00e9mon\n|rule|Item Clause: Limit 1 of each item\n|clearpoke\n|poke|p1|Kyogre, L50|\n|poke|p1|Incineroar, L50, F|\n|poke|p1|Urshifu-*, L50, F|\n|poke|p1|Farigiraf, L50, F|\n|poke|p1|Rillaboom, L50, F|\n|poke|p1|Landorus, L50, M|\n|poke|p2|Ditto, L50|\n|poke|p2|Lunala, L50|\n|poke|p2|Indeedee-F, L50, F|\n|poke|p2|Roaring Moon, L50|\n|poke|p2|Urshifu-*, L50, F|\n|poke|p2|Ursaluna, L50, M|\n|teampreview|4\n|inactive|Battle timer is ON: inactive players will automatically lose when time's up. (requested by elvegis1)\n|\n|t:|1738536714\n|start\n|switch|p1a: Farigiraf|Farigiraf, L50, F|100\/100\n|switch|p1b: Incineroar|Incineroar, L50, F|100\/100\n|switch|p2a: Roaring Moon|Roaring Moon, L50|100\/100\n|switch|p2b: Lunala|Lunala, L50|100\/100\n|-ability|p1b: Incineroar|Intimidate|boost\n|-unboost|p2a: Roaring Moon|atk|1\n|-unboost|p2b: Lunala|atk|1\n|-enditem|p2a: Roaring Moon|Booster Energy\n|-activate|p2a: Roaring Moon|ability: Protosynthesis|[fromitem]\n|-start|p2a: Roaring Moon|protosynthesisspe\n|turn|1\n|\n|t:|1738536739\n|move|p1a: Farigiraf|Ally Switch|p1a: Farigiraf\n|swap|p1a: Farigiraf|1|[from] move: Ally Switch\n|move|p2a: Roaring Moon|Taunt|p1b: Farigiraf\n|-start|p1b: Farigiraf|move: Taunt\n|move|p2b: Lunala|Meteor Beam||[still]\n|-prepare|p2b: Lunala|Meteor Beam\n|-boost|p2b: Lunala|spa|1\n|-enditem|p2b: Lunala|Power Herb\n|-anim|p2b: Lunala|Meteor Beam|p1b: Farigiraf\n|-damage|p1b: Farigiraf|41\/100\n|move|p1a: Incineroar|Knock Off|p2b: Lunala\n|-supereffective|p2b: Lunala\n|-damage|p2b: Lunala|64\/100\n|\n|upkeep\n|turn|2\n|\n|t:|1738536759\n|-terastallize|p2b: Lunala|Fairy\n|move|p2a: Roaring Moon|Taunt|p1a: Incineroar\n|-start|p1a: Incineroar|move: Taunt\n|move|p2b: Lunala|Meteor Beam||[still]\n|-prepare|p2b: Lunala|Meteor Beam\n|-boost|p2b: Lunala|spa|1\n|cant|p1a: Incineroar|move: Taunt|Parting Shot\n|move|p1b: Farigiraf|Psychic|p2b: Lunala\n|-damage|p2b: Lunala|39\/100\n|\n|upkeep\n|turn|3\n|j| highturf\n|\n|t:|1738536779\n|-terastallize|p1a: Incineroar|Ghost\n|move|p2a: Roaring Moon|Knock Off|p1b: Farigiraf\n|-supereffective|p1b: Farigiraf\n|-damage|p1b: Farigiraf|0 fnt\n|-enditem|p1b: Farigiraf|Grassy Seed|[from] move: Knock Off|[of] p2a: Roaring Moon\n|faint|p1b: Farigiraf\n|move|p2b: Lunala|Meteor Beam|p1a: Incineroar|[from] lockedmove\n|-damage|p1a: Incineroar|25\/100\n|move|p1a: Incineroar|Flare Blitz|p2b: Lunala\n|-damage|p2b: Lunala|0 fnt\n|faint|p2b: Lunala\n|-damage|p1a: Incineroar|11\/100|[from] Recoil\n|\n|upkeep\n|\n|t:|1738536797\n|switch|p2b: Urshifu|Urshifu-Rapid-Strike, L50, F|100\/100\n|switch|p1b: Urshifu|Urshifu, L50, F|100\/100\n|turn|4\n|\n|t:|1738536809\n|move|p2a: Roaring Moon|Snarl|p1b: Urshifu|[spread] p1a,p1b\n|-supereffective|p1a: Incineroar\n|-resisted|p1b: Urshifu\n|-damage|p1a: Incineroar|0 fnt\n|-damage|p1b: Urshifu|98\/100\n|-unboost|p1b: Urshifu|spa|1\n|faint|p1a: Incineroar\n|move|p2b: Urshifu|Close Combat|p1b: Urshifu\n|-supereffective|p1b: Urshifu\n|-crit|p1b: Urshifu\n|-damage|p1b: Urshifu|0 fnt\n|-unboost|p2b: Urshifu|def|1\n|-unboost|p2b: Urshifu|spd|1\n|faint|p1b: Urshifu\n|-damage|p2b: Urshifu|91\/100|[from] item: Life Orb\n|\n|upkeep\n|\n|t:|1738536820\n|switch|p1b: Kyogre|Kyogre, L50|100\/100\n|-weather|RainDance|[from] ability: Drizzle|[of] p1b: Kyogre\n|turn|5\n|\n|t:|1738536828\n|move|p2a: Roaring Moon|Tailwind|p2a: Roaring Moon\n|-sidestart|p2: Lacossg|move: Tailwind\n|move|p2b: Urshifu|U-turn|p1b: Kyogre\n|-damage|p1b: Kyogre|72\/100\n|-damage|p2b: Urshifu|81\/100|[from] item: Life Orb\n|\n|t:|1738536834\n|switch|p2b: Indeedee|Indeedee-F, L50, F|100\/100|[from] U-turn\n|-fieldstart|move: Psychic Terrain|[from] ability: Psychic Surge|[of] p2b: Indeedee\n|move|p1b: Kyogre|Water Spout|p2a: Roaring Moon|[spread] p2a,p2b\n|-resisted|p2a: Roaring Moon\n|-damage|p2a: Roaring Moon|70\/100\n|-damage|p2b: Indeedee|30\/100\n|\n|-weather|RainDance|[upkeep]\n|-heal|p1b: Kyogre|78\/100|[from] item: Leftovers\n|upkeep\n|turn|6\n|j| egieggz1\n|\n|t:|1738536847\n|move|p2b: Indeedee|Helping Hand|p2a: Roaring Moon\n|-singleturn|p2a: Roaring Moon|Helping Hand|[of] p2b: Indeedee\n|move|p1b: Kyogre|Protect|p1b: Kyogre\n|-singleturn|p1b: Kyogre|Protect\n|move|p2a: Roaring Moon|Knock Off|p1b: Kyogre\n|-activate|p1b: Kyogre|move: Protect\n|\n|-weather|RainDance|[upkeep]\n|-heal|p1b: Kyogre|84\/100|[from] item: Leftovers\n|upkeep\n|turn|7\n|\n|t:|1738536857\n|move|p2b: Indeedee|Helping Hand|p2a: Roaring Moon\n|-singleturn|p2a: Roaring Moon|Helping Hand|[of] p2b: Indeedee\n|move|p2a: Roaring Moon|Knock Off|p1b: Kyogre\n|-damage|p1b: Kyogre|41\/100\n|-enditem|p1b: Kyogre|Leftovers|[from] move: Knock Off|[of] p2a: Roaring Moon\n|move|p1b: Kyogre|Ice Beam|p2a: Roaring Moon\n|-supereffective|p2a: Roaring Moon\n|-damage|p2a: Roaring Moon|3\/100\n|\n|-weather|RainDance|[upkeep]\n|upkeep\n|turn|8\n|-message|elvegis1 forfeited.\n|\n|win|Lacossg\n|raw|elvegis1's rating: 1595 &rarr; <strong>1578<\/strong><br \/>(-17 for losing)\n|raw|Lacossg's rating: 1644 &rarr; <strong>1661<\/strong><br \/>(+17 for winning)\n|l|\u2606elvegis1\n|player|p1|\n","uploadtime":1738536872,"views":6,"formatid":"gen9vgc2025regg","rating":1578,"private":0,"password":null}