{"id":"gen9vgc2025regg-2293318193","format":"[Gen 9] VGC 2025 Reg G","players":["TubbbbbyToucan","Tempest brute"],"log":"|j|\u2606TubbbbbyToucan\n|j|\u2606Tempest brute\n|t:|1738550831\n|gametype|doubles\n|player|p1|TubbbbbyToucan|265|1519\n|player|p2|Tempest brute|veteran|1629\n|teamsize|p1|6\n|teamsize|p2|4\n|gen|9\n|tier|[Gen 9] VGC 2025 Reg G\n|rated|\n|rule|Species Clause: Limit one of each Pok\u00e9mon\n|rule|Item Clause: Limit 1 of each item\n|clearpoke\n|poke|p1|Incineroar, L50, F|\n|poke|p1|Rillaboom, L50, F|\n|poke|p1|Urshifu-*, L50, F|\n|poke|p1|Kyogre, L50|\n|poke|p1|Amoonguss, L50, M|\n|poke|p1|Roaring Moon, L50|\n|poke|p2|Terapagos, L50, M|\n|poke|p2|Iron Leaves, L50|\n|poke|p2|Urshifu-*, L50, M|\n|poke|p2|Volcarona, L50, M|\n|teampreview|4\n|j| hdwyzdmszrj\n|\n|t:|1738550873\n|start\n|switch|p1a: Urshifu|Urshifu-Rapid-Strike, L50, F|100\/100\n|switch|p1b: Roaring Moon|Roaring Moon, L50|100\/100\n|switch|p2a: Terapagos|Terapagos, L50, M|100\/100\n|switch|p2b: Iron Leaves|Iron Leaves, L50|100\/100\n|-activate|p2a: Terapagos|ability: Tera Shift\n|detailschange|p2a: Terapagos|Terapagos-Terastal, L50, M\n|-heal|p2a: Terapagos|100\/100|[silent]\n|-enditem|p1b: Roaring Moon|Booster Energy\n|-activate|p1b: Roaring Moon|ability: Protosynthesis|[fromitem]\n|-start|p1b: Roaring Moon|protosynthesisspe\n|-enditem|p2b: Iron Leaves|Booster Energy\n|-activate|p2b: Iron Leaves|ability: Quark Drive|[fromitem]\n|-start|p2b: Iron Leaves|quarkdrivespe\n|turn|1\n|\n|t:|1738550891\n|-terastallize|p2a: Terapagos|Stellar\n|detailschange|p2a: Terapagos|Terapagos-Stellar, L50, M, tera:Stellar\n|-heal|p2a: Terapagos|100\/100|[silent]\n|move|p1b: Roaring Moon|Tailwind|p1b: Roaring Moon\n|-sidestart|p1: TubbbbbyToucan|move: Tailwind\n|move|p1a: Urshifu|U-turn|p2b: Iron Leaves\n|-supereffective|p2b: Iron Leaves\n|-damage|p2b: Iron Leaves|14\/100\n|\n|t:|1738550900\n|switch|p1a: Amoonguss|Amoonguss, L50, M|100\/100|[from] U-turn\n|move|p2b: Iron Leaves|Coaching|p2a: Terapagos\n|-boost|p2a: Terapagos|atk|1\n|-boost|p2a: Terapagos|def|1\n|move|p2a: Terapagos|Tera Starstorm|p1b: Roaring Moon|[spread] p1a,p1b\n|-damage|p1a: Amoonguss|76\/100\n|-damage|p1b: Roaring Moon|61\/100\n|\n|upkeep\n|turn|2\n|\n|t:|1738550912\n|move|p2b: Iron Leaves|Protect|p2b: Iron Leaves\n|-singleturn|p2b: Iron Leaves|Protect\n|move|p1b: Roaring Moon|Knock Off|p2b: Iron Leaves\n|-activate|p2b: Iron Leaves|move: Protect\n|move|p2a: Terapagos|Body Press|p1b: Roaring Moon\n|-supereffective|p1b: Roaring Moon\n|-damage|p1b: Roaring Moon|0 fnt\n|faint|p1b: Roaring Moon\n|-end|p1b: Roaring Moon|Protosynthesis|[silent]\n|move|p1a: Amoonguss|Spore|p2a: Terapagos\n|-status|p2a: Terapagos|slp|[from] move: Spore\n|\n|upkeep\n|\n|t:|1738550923\n|switch|p1b: Kyogre|Kyogre, L50|100\/100\n|-weather|RainDance|[from] ability: Drizzle|[of] p1b: Kyogre\n|turn|3\n|\n|t:|1738550944\n|move|p1a: Amoonguss|Rage Powder|p1a: Amoonguss\n|-singleturn|p1a: Amoonguss|move: Rage Powder\n|move|p1b: Kyogre|Origin Pulse|p2a: Terapagos|[spread] p2a,p2b\n|-resisted|p2b: Iron Leaves\n|-damage|p2a: Terapagos|59\/100 slp\n|-damage|p2b: Iron Leaves|0 fnt\n|faint|p2b: Iron Leaves\n|-end|p2b: Iron Leaves|Quark Drive|[silent]\n|cant|p2a: Terapagos|slp\n|\n|-weather|RainDance|[upkeep]\n|-heal|p2a: Terapagos|65\/100 slp|[from] item: Leftovers\n|upkeep\n|\n|t:|1738550950\n|switch|p2b: Urshifu|Urshifu-Rapid-Strike, L50, M|100\/100\n|turn|4\n|\n|t:|1738550962\n|move|p1a: Amoonguss|Rage Powder|p1a: Amoonguss\n|-singleturn|p1a: Amoonguss|move: Rage Powder\n|move|p1b: Kyogre|Origin Pulse|p2a: Terapagos|[spread] p2a,p2b\n|-resisted|p2b: Urshifu\n|-damage|p2a: Terapagos|29\/100 slp\n|-damage|p2b: Urshifu|79\/100\n|move|p2b: Urshifu|Surging Strikes|p1a: Amoonguss\n|-resisted|p1a: Amoonguss\n|-crit|p1a: Amoonguss\n|-damage|p1a: Amoonguss|66\/100\n|-damage|p2b: Urshifu|62\/100|[from] item: Rocky Helmet|[of] p1a: Amoonguss\n|-resisted|p1a: Amoonguss\n|-crit|p1a: Amoonguss\n|-damage|p1a: Amoonguss|57\/100\n|-damage|p2b: Urshifu|46\/100|[from] item: Rocky Helmet|[of] p1a: Amoonguss\n|-resisted|p1a: Amoonguss\n|-crit|p1a: Amoonguss\n|-damage|p1a: Amoonguss|47\/100\n|-damage|p2b: Urshifu|29\/100|[from] item: Rocky Helmet|[of] p1a: Amoonguss\n|-hitcount|p1a: Amoonguss|3\n|-curestatus|p2a: Terapagos|slp|[msg]\n|move|p2a: Terapagos|Tera Starstorm|p1b: Kyogre|[spread] p1a,p1b\n|-damage|p1a: Amoonguss|21\/100\n|-damage|p1b: Kyogre|70\/100\n|\n|-weather|RainDance|[upkeep]\n|-heal|p1b: Kyogre|77\/100|[from] item: Leftovers\n|-heal|p2a: Terapagos|35\/100|[from] item: Leftovers\n|-sideend|p1: TubbbbbyToucan|move: Tailwind\n|upkeep\n|turn|5\n|j| EsCalebert\n|\n|t:|1738550991\n|move|p2a: Terapagos|Protect|p2a: Terapagos\n|-singleturn|p2a: Terapagos|Protect\n|move|p1a: Amoonguss|Rage Powder|p1a: Amoonguss\n|-singleturn|p1a: Amoonguss|move: Rage Powder\n|move|p1b: Kyogre|Calm Mind|p1b: Kyogre\n|-boost|p1b: Kyogre|spa|1\n|-boost|p1b: Kyogre|spd|1\n|move|p2b: Urshifu|Close Combat|p1a: Amoonguss\n|-resisted|p1a: Amoonguss\n|-damage|p1a: Amoonguss|1\/100\n|-unboost|p2b: Urshifu|def|1\n|-unboost|p2b: Urshifu|spd|1\n|-damage|p2b: Urshifu|13\/100|[from] item: Rocky Helmet|[of] p1a: Amoonguss\n|\n|-weather|RainDance|[upkeep]\n|-heal|p1b: Kyogre|83\/100|[from] item: Leftovers\n|-heal|p2a: Terapagos|41\/100|[from] item: Leftovers\n|upkeep\n|turn|6\n|\n|t:|1738551007\n|move|p1a: Amoonguss|Rage Powder|p1a: Amoonguss\n|-singleturn|p1a: Amoonguss|move: Rage Powder\n|move|p1b: Kyogre|Origin Pulse|p2b: Urshifu|[spread] p2a,p2b\n|-crit|p2a: Terapagos\n|-resisted|p2b: Urshifu\n|-damage|p2a: Terapagos|0 fnt\n|-damage|p2b: Urshifu|0 fnt\n|faint|p2a: Terapagos\n|faint|p2b: Urshifu\n|\n|-weather|RainDance|[upkeep]\n|-heal|p1b: Kyogre|89\/100|[from] item: Leftovers\n|upkeep\n|-message|Tempest brute forfeited.\n|\n|win|TubbbbbyToucan\n|raw|TubbbbbyToucan's rating: 1519 &rarr; <strong>1545<\/strong><br \/>(+26 for winning)\n|raw|Tempest brute's rating: 1629 &rarr; <strong>1603<\/strong><br \/>(-26 for losing)\n|l|\u2606Tempest brute\n|player|p2|\n|l| hdwyzdmszrj\n|l|\u2606TubbbbbyToucan\n|player|p1|\n|l| EsCalebert\n","uploadtime":1738551224,"views":20,"formatid":"gen9vgc2025regg","rating":1545,"private":0,"password":null}