{"id":"gen9vgc2025regg-2293635417","format":"[Gen 9] VGC 2025 Reg G","players":["shigeru_old","DrRadicalWHY"],"log":"|j|\u2606shigeru_old\n|j|\u203dDrRadicalWHY\n|t:|1738600469\n|gametype|doubles\n|player|p1|shigeru_old|dawn-gen4pt|1553\n|player|p2|DrRadicalWHY|rocketgrunt|1573\n|teamsize|p1|6\n|teamsize|p2|6\n|gen|9\n|tier|[Gen 9] VGC 2025 Reg G\n|rated|\n|rule|Species Clause: Limit one of each Pok\u00e9mon\n|rule|Item Clause: Limit 1 of each item\n|clearpoke\n|poke|p1|Pelipper, L50, F|\n|poke|p1|Dondozo, L50, F|\n|poke|p1|Tatsugiri, L50, M|\n|poke|p1|Calyrex-Shadow, L50|\n|poke|p1|Maushold, L50|\n|poke|p1|Indeedee-F, L50, F|\n|poke|p2|Landorus, L50, M|\n|poke|p2|Sylveon, L50, M|\n|poke|p2|Kyogre, L50|\n|poke|p2|Regieleki, L50|\n|poke|p2|Indeedee-F, L50, F|\n|poke|p2|Tornadus, L50, M|\n|teampreview|4\n|inactive|Battle timer is ON: inactive players will automatically lose when time's up. (requested by DrRadicalWHY)\n|\n|t:|1738600514\n|start\n|switch|p1a: Calyrex|Calyrex-Shadow, L50|100\/100\n|switch|p1b: Maushold|Maushold, L50|100\/100\n|switch|p2a: Kyogre|Kyogre, L50|100\/100\n|switch|p2b: Regieleki|Regieleki, L50|100\/100\n|-ability|p1a: Calyrex|As One\n|-ability|p1a: Calyrex|Unnerve\n|-weather|RainDance|[from] ability: Drizzle|[of] p2a: Kyogre\n|turn|1\n|inactive|shigeru_old has 30 seconds left.\n|\n|t:|1738600540\n|move|p2b: Regieleki|Electroweb|p1b: Maushold|[spread] p1a,p1b\n|-damage|p1a: Calyrex|72\/100\n|-damage|p1b: Maushold|60\/100\n|-unboost|p1a: Calyrex|spe|1\n|-unboost|p1b: Maushold|spe|1\n|move|p1a: Calyrex|Astral Barrage|p2b: Regieleki|[spread] p2a,p2b\n|-damage|p2a: Kyogre|71\/100\n|-enditem|p2b: Regieleki|Focus Sash\n|-damage|p2b: Regieleki|1\/100\n|move|p2a: Kyogre|Water Spout|p1b: Maushold|[spread] p1a,p1b\n|-damage|p1a: Calyrex|0 fnt\n|-damage|p1b: Maushold|0 fnt\n|faint|p1a: Calyrex\n|faint|p1b: Maushold\n|\n|-weather|RainDance|[upkeep]\n|upkeep\n|\n|t:|1738600556\n|switch|p1a: Dondozo|Dondozo, L50, F|100\/100\n|switch|p1b: Tatsugiri|Tatsugiri, L50, M|100\/100\n|-activate|p1b: Tatsugiri|ability: Commander|[of] p1a: Dondozo\n|-boost|p1a: Dondozo|atk|2\n|-boost|p1a: Dondozo|spa|2\n|-boost|p1a: Dondozo|spe|2\n|-boost|p1a: Dondozo|def|2\n|-boost|p1a: Dondozo|spd|2\n|turn|2\n|\n|t:|1738600577\n|-terastallize|p1a: Dondozo|Ice\n|move|p2b: Regieleki|Electroweb|p1a: Dondozo|[spread] p1a\n|-miss|p2b: Regieleki|p1b: Tatsugiri\n|-damage|p1a: Dondozo|85\/100\n|move|p1a: Dondozo|Earthquake|p2a: Kyogre|[spread] p2a,p2b\n|-miss|p1a: Dondozo|p1b: Tatsugiri\n|-supereffective|p2b: Regieleki\n|-damage|p2a: Kyogre|20\/100\n|-damage|p2b: Regieleki|0 fnt\n|faint|p2b: Regieleki\n|move|p2a: Kyogre|Ice Beam|p1a: Dondozo\n|-resisted|p1a: Dondozo\n|-damage|p1a: Dondozo|75\/100\n|\n|-weather|RainDance|[upkeep]\n|upkeep\n|\n|t:|1738600592\n|switch|p2b: Tornadus|Tornadus, L50, M|100\/100\n|turn|3\n|\n|t:|1738600615\n|move|p2b: Tornadus|Tailwind|p2b: Tornadus\n|-sidestart|p2: DrRadicalWHY|move: Tailwind\n|move|p2a: Kyogre|Thunder|p1a: Dondozo\n|-damage|p1a: Dondozo|48\/100\n|move|p1a: Dondozo|Tera Blast|p2b: Tornadus|[anim] Tera Blast Ice\n|-supereffective|p2b: Tornadus\n|-damage|p2b: Tornadus|0 fnt\n|faint|p2b: Tornadus\n|\n|-weather|RainDance|[upkeep]\n|upkeep\n|\n|t:|1738600622\n|switch|p2b: Landorus|Landorus, L50, M|100\/100\n|turn|4\n|\n|t:|1738600635\n|-terastallize|p2b: Landorus|Steel\n|move|p2b: Landorus|Sandsear Storm|p1a: Dondozo|[spread] p1a\n|-miss|p2b: Landorus|p1b: Tatsugiri\n|-damage|p1a: Dondozo|11\/100\n|move|p2a: Kyogre|Thunder|p1a: Dondozo\n|-damage|p1a: Dondozo|0 fnt\n|faint|p1a: Dondozo\n|\n|-weather|RainDance|[upkeep]\n|upkeep\n|turn|5\n|\n|t:|1738600651\n|move|p1b: Tatsugiri|Protect|p1b: Tatsugiri\n|-singleturn|p1b: Tatsugiri|Protect\n|move|p2b: Landorus|Sandsear Storm|p1b: Tatsugiri\n|-activate|p1b: Tatsugiri|move: Protect\n|move|p2a: Kyogre|Thunder|p1b: Tatsugiri\n|-activate|p1b: Tatsugiri|move: Protect\n|\n|-weather|none\n|upkeep\n|turn|6\n|\n|t:|1738600660\n|move|p2b: Landorus|Earth Power|p1b: Tatsugiri\n|-damage|p1b: Tatsugiri|17\/100\n|move|p2a: Kyogre|Ice Beam|p1b: Tatsugiri\n|-damage|p1b: Tatsugiri|0 fnt\n|faint|p1b: Tatsugiri\n|\n|win|DrRadicalWHY\n|raw|shigeru_old's rating: 1553 &rarr; <strong>1534<\/strong><br \/>(-19 for losing)\n|raw|DrRadicalWHY's rating: 1573 &rarr; <strong>1592<\/strong><br \/>(+19 for winning)\n|l|\u2606shigeru_old\n|player|p1|\n|l|\u203dDrRadicalWHY\n|player|p2|\n","uploadtime":1738600926,"views":14,"formatid":"gen9vgc2025regg","rating":1534,"private":0,"password":null}