{"id":"gen9vgc2025regg-2293694588","format":"[Gen 9] VGC 2025 Reg G","players":["elvegis1","Lacossg"],"log":"|j|\u2606elvegis1\n|j|\u2606Lacossg\n|t:|1738606389\n|gametype|doubles\n|player|p1|elvegis1|lucas|1598\n|player|p2|Lacossg|2|1684\n|teamsize|p1|6\n|teamsize|p2|6\n|gen|9\n|tier|[Gen 9] VGC 2025 Reg G\n|rated|\n|rule|Species Clause: Limit one of each Pok\u00e9mon\n|rule|Item Clause: Limit 1 of each item\n|clearpoke\n|poke|p1|Kyogre, L50|\n|poke|p1|Incineroar, L50, M|\n|poke|p1|Urshifu-*, L50, F|\n|poke|p1|Bronzong, L50|\n|poke|p1|Rillaboom, L50, F|\n|poke|p1|Raging Bolt, L50|\n|poke|p2|Indeedee-F, L50, F|\n|poke|p2|Kyurem-White, L50|\n|poke|p2|Slowking-Galar, L50, F|\n|poke|p2|Urshifu-*, L50, M|\n|poke|p2|Sinistcha, L50|\n|poke|p2|Incineroar, L50, M|\n|teampreview|4\n|inactive|Battle timer is ON: inactive players will automatically lose when time's up. (requested by elvegis1)\n|j| PandaoftheClouds\n|inactive|elvegis1 has 60 seconds left.\n|\n|t:|1738606436\n|start\n|switch|p1a: Incineroar|Incineroar, L50, M|100\/100\n|switch|p1b: Bronzong|Bronzong, L50|100\/100\n|switch|p2a: Incineroar|Incineroar, L50, M|100\/100\n|switch|p2b: Slowking|Slowking-Galar, L50, F|100\/100\n|-ability|p1a: Incineroar|Intimidate|boost\n|-unboost|p2a: Incineroar|atk|1\n|-unboost|p2b: Slowking|atk|1\n|-ability|p2a: Incineroar|Intimidate|boost\n|-unboost|p1a: Incineroar|atk|1\n|-unboost|p1b: Bronzong|atk|1\n|-clearboost|p2a: Incineroar|[from] ability: Curious Medicine|[of] p2b: Slowking\n|turn|1\n|inactive|elvegis1 has 30 seconds left.\n|inactive|elvegis1 has 20 seconds left.\n|inactive|elvegis1 has 15 seconds left.\n|\n|t:|1738606479\n|move|p1a: Incineroar|Fake Out|p2a: Incineroar\n|-damage|p2a: Incineroar|94\/100\n|cant|p2a: Incineroar|flinch\n|move|p1b: Bronzong|Iron Defense|p1b: Bronzong\n|-boost|p1b: Bronzong|def|2\n|move|p2b: Slowking|Trick Room|p2b: Slowking\n|-fieldstart|move: Trick Room|[of] p2b: Slowking\n|\n|upkeep\n|turn|2\n|\n|t:|1738606494\n|move|p2b: Slowking|Chilly Reception|p2b: Slowking\n|-weather|Snow\n|\n|t:|1738606498\n|switch|p2b: Kyurem|Kyurem-White, L50|100\/100|[from] Chilly Reception\n|-ability|p2b: Kyurem|Turboblaze\n|move|p1b: Bronzong|Body Press|p2a: Incineroar\n|-supereffective|p2a: Incineroar\n|-damage|p2a: Incineroar|0 fnt\n|faint|p2a: Incineroar\n|move|p1a: Incineroar|Knock Off|p2b: Kyurem\n|-damage|p2b: Kyurem|85\/100\n|-enditem|p2b: Kyurem|Choice Specs|[from] move: Knock Off|[of] p1a: Incineroar\n|\n|-weather|Snow|[upkeep]\n|upkeep\n|\n|t:|1738606509\n|switch|p2a: Urshifu|Urshifu, L50, M|100\/100\n|turn|3\n|\n|t:|1738606525\n|switch|p1a: Kyogre|Kyogre, L50|100\/100\n|-weather|RainDance|[from] ability: Drizzle|[of] p1a: Kyogre\n|-terastallize|p1b: Bronzong|Water\n|-terastallize|p2a: Urshifu|Poison\n|move|p1b: Bronzong|Body Press|p2a: Urshifu\n|-resisted|p2a: Urshifu\n|-damage|p2a: Urshifu|77\/100\n|move|p2b: Kyurem|Draco Meteor|p1a: Kyogre\n|-damage|p1a: Kyogre|42\/100\n|-unboost|p2b: Kyurem|spa|2\n|move|p2a: Urshifu|Wicked Blow|p1b: Bronzong\n|-crit|p1b: Bronzong\n|-damage|p1b: Bronzong|34\/100\n|-damage|p2a: Urshifu|61\/100|[from] item: Rocky Helmet|[of] p1b: Bronzong\n|\n|-weather|RainDance|[upkeep]\n|-heal|p1a: Kyogre|48\/100|[from] item: Leftovers\n|upkeep\n|turn|4\n|\n|t:|1738606548\n|switch|p2b: Slowking|Slowking-Galar, L50, F|100\/100\n|-clearboost|p2a: Urshifu|[from] ability: Curious Medicine|[of] p2b: Slowking\n|move|p1b: Bronzong|Body Press|p2b: Slowking\n|-resisted|p2b: Slowking\n|-damage|p2b: Slowking|86\/100\n|move|p2a: Urshifu|Wicked Blow|p1a: Kyogre\n|-crit|p1a: Kyogre\n|-damage|p1a: Kyogre|0 fnt\n|faint|p1a: Kyogre\n|\n|-weather|RainDance|[upkeep]\n|upkeep\n|\n|t:|1738606560\n|switch|p1a: Incineroar|Incineroar, L50, M|100\/100\n|-ability|p1a: Incineroar|Intimidate|boost\n|-unboost|p2a: Urshifu|atk|1\n|-unboost|p2b: Slowking|atk|1\n|turn|5\n|\n|t:|1738606583\n|move|p2b: Slowking|Acid Spray|p1b: Bronzong\n|-damage|p1b: Bronzong|14\/100\n|-unboost|p1b: Bronzong|spd|2\n|-damage|p2b: Slowking|76\/100|[from] item: Life Orb\n|move|p1b: Bronzong|Body Press|p2a: Urshifu\n|-resisted|p2a: Urshifu\n|-damage|p2a: Urshifu|37\/100\n|move|p1a: Incineroar|Knock Off|p2b: Slowking\n|-supereffective|p2b: Slowking\n|-damage|p2b: Slowking|0 fnt\n|-enditem|p2b: Slowking|Life Orb|[from] move: Knock Off|[of] p1a: Incineroar\n|faint|p2b: Slowking\n|move|p2a: Urshifu|Wicked Blow|p1b: Bronzong\n|-crit|p1b: Bronzong\n|-damage|p1b: Bronzong|0 fnt\n|-damage|p2a: Urshifu|20\/100|[from] item: Rocky Helmet|[of] p1b: Bronzong\n|faint|p1b: Bronzong\n|\n|-weather|RainDance|[upkeep]\n|-fieldend|move: Trick Room\n|upkeep\n|\n|t:|1738606597\n|switch|p1b: Urshifu|Urshifu, L50, F|100\/100\n|switch|p2b: Kyurem|Kyurem-White, L50|85\/100\n|-ability|p2b: Kyurem|Turboblaze\n|turn|6\n|\n|t:|1738606608\n|move|p1b: Urshifu|Sucker Punch|p2a: Urshifu\n|-damage|p2a: Urshifu|0 fnt\n|faint|p2a: Urshifu\n|move|p2b: Kyurem|Blizzard|p1a: Incineroar|[spread] p1a\n|-miss|p2b: Kyurem|p1b: Urshifu\n|-resisted|p1a: Incineroar\n|-damage|p1a: Incineroar|76\/100\n|move|p1a: Incineroar|Knock Off|p2b: Kyurem\n|-damage|p2b: Kyurem|62\/100\n|\n|-weather|RainDance|[upkeep]\n|upkeep\n|turn|7\n|\n|t:|1738606621\n|move|p1b: Urshifu|Close Combat|p2b: Kyurem\n|-supereffective|p2b: Kyurem\n|-damage|p2b: Kyurem|0 fnt\n|-unboost|p1b: Urshifu|def|1\n|-unboost|p1b: Urshifu|spd|1\n|faint|p2b: Kyurem\n|\n|win|elvegis1\n|raw|elvegis1's rating: 1598 &rarr; <strong>1623<\/strong><br \/>(+25 for winning)\n|raw|Lacossg's rating: 1684 &rarr; <strong>1659<\/strong><br \/>(-25 for losing)\n|l|\u2606elvegis1\n|player|p1|\n|l| PandaoftheClouds\n|l|\u2606Lacossg\n|player|p2|\n","uploadtime":1738606857,"views":14,"formatid":"gen9vgc2025regg","rating":1623,"private":0,"password":null}