{"id":"gen9vgc2025regg-2294416919","format":"[Gen 9] VGC 2025 Reg G","players":["D_Bastial","sleemo2"],"log":"|j|\u2606D_Bastial\n|j|\u2606sleemo2\n|t:|1738698337\n|gametype|doubles\n|player|p1|D_Bastial|clay|1563\n|player|p2|sleemo2|102|1616\n|teamsize|p1|6\n|teamsize|p2|6\n|gen|9\n|tier|[Gen 9] VGC 2025 Reg G\n|rated|\n|rule|Species Clause: Limit one of each Pok\u00e9mon\n|rule|Item Clause: Limit 1 of each item\n|clearpoke\n|poke|p1|Ninetales-Alola, L50, M|\n|poke|p1|Tornadus, L50, M|\n|poke|p1|Kyurem-White, L50|\n|poke|p1|Roaring Moon, L50|\n|poke|p1|Ogerpon-Hearthflame, L50, F|\n|poke|p1|Iron Hands, L50|\n|poke|p2|Ogerpon-Wellspring, L50, F|\n|poke|p2|Landorus-Therian, L50, M|\n|poke|p2|Cresselia, L50, F|\n|poke|p2|Thundurus, L50, M|\n|poke|p2|Zamazenta-*, L50|\n|poke|p2|Ursaluna-Bloodmoon, L50, M|\n|teampreview|4\n|\n|t:|1738698359\n|start\n|switch|p1a: Ninetales|Ninetales-Alola, L50, M|100\/100\n|switch|p1b: Ogerpon|Ogerpon-Hearthflame, L50, F|100\/100\n|switch|p2a: Cresselia|Cresselia, L50, F, shiny|100\/100\n|switch|p2b: Thundurus|Thundurus, L50, M|100\/100\n|-weather|Snow|[from] ability: Snow Warning|[of] p1a: Ninetales\n|-ability|p1b: Ogerpon|Mold Breaker\n|turn|1\n|\n|t:|1738698372\n|switch|p2a: Ogerpon|Ogerpon-Wellspring, L50, F|100\/100\n|move|p2b: Thundurus|Rain Dance|p2b: Thundurus\n|-weather|RainDance\n|move|p1a: Ninetales|Aurora Veil||[still]\n|-fail|p1a: Ninetales\n|move|p1b: Ogerpon|Swords Dance|p1b: Ogerpon\n|-boost|p1b: Ogerpon|atk|2\n|\n|-weather|RainDance|[upkeep]\n|upkeep\n|turn|2\n|\n|t:|1738698387\n|-terastallize|p2a: Ogerpon|Water\n|detailschange|p2a: Ogerpon|Ogerpon-Wellspring-Tera, L50, F, tera:Water\n|-ability|p2a: Ogerpon|Embody Aspect (Wellspring)|boost\n|-boost|p2a: Ogerpon|spd|1\n|move|p1b: Ogerpon|Spiky Shield|p1b: Ogerpon\n|-singleturn|p1b: Ogerpon|move: Protect\n|move|p2b: Thundurus|Thunder Wave|p1b: Ogerpon\n|-activate|p1b: Ogerpon|move: Protect\n|move|p1a: Ninetales|Icy Wind|p2a: Ogerpon|[spread] p2a,p2b\n|-resisted|p2a: Ogerpon\n|-supereffective|p2b: Thundurus\n|-damage|p2a: Ogerpon|95\/100\n|-damage|p2b: Thundurus|63\/100\n|-unboost|p2a: Ogerpon|spe|1\n|-unboost|p2b: Thundurus|spe|1\n|move|p2a: Ogerpon|Ivy Cudgel|p1b: Ogerpon|[anim] Ivy Cudgel Water\n|-activate|p1b: Ogerpon|move: Protect\n|\n|-weather|RainDance|[upkeep]\n|upkeep\n|turn|3\n|\n|t:|1738698426\n|move|p2a: Ogerpon|Spiky Shield|p2a: Ogerpon\n|-singleturn|p2a: Ogerpon|move: Protect\n|move|p1a: Ninetales|Icy Wind|p2a: Ogerpon|[spread] p2b\n|-activate|p2a: Ogerpon|move: Protect\n|-supereffective|p2b: Thundurus\n|-damage|p2b: Thundurus|31\/100\n|-unboost|p2b: Thundurus|spe|1\n|-enditem|p2b: Thundurus|Sitrus Berry|[eat]\n|-heal|p2b: Thundurus|55\/100|[from] item: Sitrus Berry\n|move|p1b: Ogerpon|Horn Leech|p2a: Ogerpon\n|-activate|p2a: Ogerpon|move: Protect\n|-damage|p1b: Ogerpon|88\/100|[from] Spiky Shield|[of] p2a: Ogerpon\n|move|p2b: Thundurus|Wildbolt Storm|p1b: Ogerpon|[spread] p1a,p1b\n|-resisted|p1b: Ogerpon\n|-damage|p1a: Ninetales|56\/100\n|-damage|p1b: Ogerpon|69\/100\n|\n|-weather|RainDance|[upkeep]\n|upkeep\n|turn|4\n|\n|t:|1738698459\n|switch|p1a: Roaring Moon|Roaring Moon, L50|100\/100\n|-enditem|p1a: Roaring Moon|Booster Energy\n|-activate|p1a: Roaring Moon|ability: Protosynthesis|[fromitem]\n|-start|p1a: Roaring Moon|protosynthesisspe\n|switch|p2a: Cresselia|Cresselia, L50, F, shiny|100\/100\n|move|p1b: Ogerpon|Spiky Shield|p1b: Ogerpon\n|-singleturn|p1b: Ogerpon|move: Protect\n|move|p2b: Thundurus|Thunder Wave|p1b: Ogerpon\n|-activate|p1b: Ogerpon|move: Protect\n|\n|-weather|RainDance|[upkeep]\n|upkeep\n|turn|5\n|\n|t:|1738698476\n|move|p2b: Thundurus|Thunder Wave|p1b: Ogerpon\n|-status|p1b: Ogerpon|par\n|move|p1a: Roaring Moon|Knock Off|p2b: Thundurus\n|-damage|p2b: Thundurus|17\/100\n|move|p2a: Cresselia|Moonblast|p1a: Roaring Moon\n|-supereffective|p1a: Roaring Moon\n|-damage|p1a: Roaring Moon|0 fnt\n|faint|p1a: Roaring Moon\n|-end|p1a: Roaring Moon|Protosynthesis|[silent]\n|cant|p1b: Ogerpon|par\n|\n|-weather|none\n|upkeep\n|\n|t:|1738698484\n|switch|p1a: Ninetales|Ninetales-Alola, L50, M|56\/100\n|-weather|Snow|[from] ability: Snow Warning|[of] p1a: Ninetales\n|turn|6\n|\n|t:|1738698491\n|move|p2b: Thundurus|Rain Dance|p2b: Thundurus\n|-weather|RainDance\n|move|p1a: Ninetales|Encore|p2b: Thundurus\n|-start|p2b: Thundurus|Encore\n|move|p2a: Cresselia|Icy Wind|p1a: Ninetales|[spread] p1a,p1b\n|-resisted|p1a: Ninetales\n|-damage|p1a: Ninetales|50\/100\n|-damage|p1b: Ogerpon|58\/100 par\n|-unboost|p1a: Ninetales|spe|1\n|-unboost|p1b: Ogerpon|spe|1\n|move|p1b: Ogerpon|Horn Leech|p2a: Cresselia\n|-damage|p2a: Cresselia|49\/100\n|-heal|p1b: Ogerpon|87\/100 par|[from] drain|[of] p2a: Cresselia\n|\n|-weather|RainDance|[upkeep]\n|-heal|p2a: Cresselia|55\/100|[from] item: Leftovers\n|upkeep\n|turn|7\n|\n|t:|1738698511\n|switch|p1a: Kyurem|Kyurem-White, L50|100\/100\n|-ability|p1a: Kyurem|Turboblaze\n|switch|p2a: Zamazenta|Zamazenta-Crowned, L50|100\/100\n|-ability|p2a: Zamazenta|Dauntless Shield|boost\n|-boost|p2a: Zamazenta|def|1\n|switch|p2b: Ogerpon|Ogerpon-Wellspring-Tera, L50, F, tera:Water|95\/100\n|-ability|p2b: Ogerpon|Embody Aspect (Wellspring)|boost\n|-boost|p2b: Ogerpon|spd|1\n|move|p1b: Ogerpon|Horn Leech|p2b: Ogerpon\n|-supereffective|p2b: Ogerpon\n|-damage|p2b: Ogerpon|0 fnt\n|-heal|p1b: Ogerpon|100\/100 par|[from] drain|[of] p2b: Ogerpon\n|faint|p2b: Ogerpon\n|\n|-weather|RainDance|[upkeep]\n|upkeep\n|\n|t:|1738698521\n|switch|p2b: Cresselia|Cresselia, L50, F, shiny|55\/100\n|turn|8\n|\n|t:|1738698540\n|switch|p1a: Ninetales|Ninetales-Alola, L50, M|50\/100\n|-weather|Snow|[from] ability: Snow Warning|[of] p1a: Ninetales\n|switch|p2b: Thundurus|Thundurus, L50, M|17\/100\n|-terastallize|p1b: Ogerpon|Fire\n|detailschange|p1b: Ogerpon|Ogerpon-Hearthflame-Tera, L50, F, tera:Fire\n|-ability|p1b: Ogerpon|Embody Aspect (Hearthflame)|boost\n|-boost|p1b: Ogerpon|atk|1\n|move|p2a: Zamazenta|Protect|p2a: Zamazenta\n|-singleturn|p2a: Zamazenta|Protect\n|move|p1b: Ogerpon|Ivy Cudgel|p2b: Thundurus|[anim] Ivy Cudgel Fire\n|-damage|p2b: Thundurus|0 fnt\n|faint|p2b: Thundurus\n|\n|-weather|Snow|[upkeep]\n|upkeep\n|-message|sleemo2 forfeited.\n|\n|win|D_Bastial\n|raw|D_Bastial's rating: 1563 &rarr; <strong>1586<\/strong><br \/>(+23 for winning)\n|raw|sleemo2's rating: 1616 &rarr; <strong>1593<\/strong><br \/>(-23 for losing)\n|l|\u2606sleemo2\n|player|p2|\n|l|\u2606D_Bastial\n|player|p1|\n","uploadtime":1738698696,"views":22,"formatid":"gen9vgc2025regg","rating":1586,"private":0,"password":null}