{"id":"gen9vgc2025regg-2294505353","format":"[Gen 9] VGC 2025 Reg G","players":["swadbgdc","Evil Yarrack"],"log":"|j|\u2606swadbgdc\n|j|\u2606Evil Yarrack\n|t:|1738707536\n|gametype|doubles\n|player|p1|swadbgdc|lucas|1568\n|player|p2|Evil Yarrack|youngster-gen4dp|1527\n|teamsize|p1|6\n|teamsize|p2|6\n|gen|9\n|tier|[Gen 9] VGC 2025 Reg G\n|rated|\n|rule|Species Clause: Limit one of each Pok\u00e9mon\n|rule|Item Clause: Limit 1 of each item\n|clearpoke\n|poke|p1|Urshifu-*, L50, M|\n|poke|p1|Iron Moth, L50|\n|poke|p1|Zacian-*, L50|\n|poke|p1|Rillaboom, L50, M|\n|poke|p1|Ogerpon-Wellspring, L50, F|\n|poke|p1|Farigiraf, L50, F|\n|poke|p2|Groudon, L50|\n|poke|p2|Sableye, L50, M|\n|poke|p2|Yanmega, L50, M|\n|poke|p2|Walking Wake, L50|\n|poke|p2|Entei, L50|\n|poke|p2|Chien-Pao, L50|\n|teampreview|4\n|inactive|Battle timer is ON: inactive players will automatically lose when time's up. (requested by Evil Yarrack)\n|j| Gut_34\n|inactive|swadbgdc has 60 seconds left.\n|inactive|swadbgdc has 30 seconds left.\n|\n|t:|1738707597\n|start\n|switch|p1a: Urshifu|Urshifu, L50, M|100\/100\n|switch|p1b: Iron Moth|Iron Moth, L50|100\/100\n|switch|p2a: Dr. Ziggurat|Sableye, L50, M|100\/100\n|switch|p2b: Janmega|Yanmega, L50, M|100\/100\n|-enditem|p1b: Iron Moth|Booster Energy\n|-activate|p1b: Iron Moth|ability: Quark Drive|[fromitem]\n|-start|p1b: Iron Moth|quarkdrivespe\n|turn|1\n|inactive|Evil Yarrack has 30 seconds left.\n|inactive|swadbgdc has 30 seconds left.\n|inactive|Evil Yarrack has 20 seconds left.\n|inactive|Evil Yarrack has 15 seconds left.\n|\n|t:|1738707638\n|move|p2a: Dr. Ziggurat|Fake Out|p1a: Urshifu\n|-damage|p1a: Urshifu|92\/100\n|move|p1b: Iron Moth|Flamethrower|p2b: Janmega\n|-supereffective|p2b: Janmega\n|-damage|p2b: Janmega|0 fnt\n|faint|p2b: Janmega\n|cant|p1a: Urshifu|flinch\n|\n|upkeep\n|\n|t:|1738707644\n|switch|p2b: Groudon Ramsay|Groudon, L50|100\/100\n|-weather|SunnyDay|[from] ability: Drought|[of] p2b: Groudon Ramsay\n|turn|2\n|\n|t:|1738707656\n|-terastallize|p1b: Iron Moth|Fairy\n|move|p2a: Dr. Ziggurat|Gravity|p2a: Dr. Ziggurat\n|-fieldstart|move: Gravity\n|move|p1b: Iron Moth|Dazzling Gleam|p2a: Dr. Ziggurat|[spread] p2a,p2b\n|-supereffective|p2a: Dr. Ziggurat\n|-damage|p2a: Dr. Ziggurat|29\/100\n|-damage|p2b: Groudon Ramsay|77\/100\n|-enditem|p2a: Dr. Ziggurat|Eject Button\n|\n|t:|1738707668\n|switch|p2a: Walking Wake|Walking Wake, L50|100\/100\n|-activate|p2a: Walking Wake|ability: Protosynthesis\n|-start|p2a: Walking Wake|protosynthesisspe\n|move|p1a: Urshifu|Wicked Blow|p2b: Groudon Ramsay\n|-crit|p2b: Groudon Ramsay\n|-damage|p2b: Groudon Ramsay|34\/100\n|move|p2b: Groudon Ramsay|Precipice Blades|p1b: Iron Moth|[spread] p1a,p1b\n|-damage|p1a: Urshifu|39\/100\n|-damage|p1b: Iron Moth|26\/100\n|\n|-weather|SunnyDay|[upkeep]\n|upkeep\n|turn|3\n|\n|t:|1738707689\n|-terastallize|p2a: Walking Wake|Fire\n|move|p1a: Urshifu|Detect|p1a: Urshifu\n|-singleturn|p1a: Urshifu|Protect\n|move|p2a: Walking Wake|Hydro Steam|p1a: Urshifu\n|-activate|p1a: Urshifu|move: Protect\n|move|p1b: Iron Moth|Dazzling Gleam|p2b: Groudon Ramsay|[spread] p2a,p2b\n|-resisted|p2a: Walking Wake\n|-damage|p2a: Walking Wake|82\/100\n|-damage|p2b: Groudon Ramsay|8\/100\n|move|p2b: Groudon Ramsay|Precipice Blades|p1a: Urshifu|[spread] p1b\n|-activate|p1a: Urshifu|move: Protect\n|-damage|p1b: Iron Moth|0 fnt\n|faint|p1b: Iron Moth\n|-end|p1b: Iron Moth|Quark Drive|[silent]\n|\n|-weather|SunnyDay|[upkeep]\n|upkeep\n|\n|t:|1738707695\n|switch|p1b: Rillaboom|Rillaboom, L50, M|100\/100\n|-fieldstart|move: Grassy Terrain|[from] ability: Grassy Surge|[of] p1b: Rillaboom\n|turn|4\n|\n|t:|1738707717\n|-end|p2a: Walking Wake|Protosynthesis|[silent]\n|switch|p2a: Dr. Ziggurat|Sableye, L50, M|29\/100\n|move|p1b: Rillaboom|Fake Out|p2a: Dr. Ziggurat\n|-immune|p2a: Dr. Ziggurat\n|move|p1a: Urshifu|Close Combat|p2a: Dr. Ziggurat\n|-immune|p2a: Dr. Ziggurat\n|move|p2b: Groudon Ramsay|Precipice Blades|p1a: Urshifu|[spread] p1a,p1b\n|-resisted|p1b: Rillaboom\n|-damage|p1a: Urshifu|0 fnt\n|-damage|p1b: Rillaboom|73\/100\n|faint|p1a: Urshifu\n|\n|-weather|SunnyDay|[upkeep]\n|-heal|p2b: Groudon Ramsay|14\/100|[from] Grassy Terrain\n|-heal|p1b: Rillaboom|80\/100|[from] Grassy Terrain\n|-heal|p2a: Dr. Ziggurat|35\/100|[from] Grassy Terrain\n|upkeep\n|\n|t:|1738707720\n|switch|p1a: Zacian|Zacian-Crowned, L50|100\/100\n|-ability|p1a: Zacian|Intrepid Sword|boost\n|-boost|p1a: Zacian|atk|1\n|turn|5\n|\n|t:|1738707728\n|move|p1b: Rillaboom|Grassy Glide|p2b: Groudon Ramsay\n|-supereffective|p2b: Groudon Ramsay\n|-damage|p2b: Groudon Ramsay|0 fnt\n|faint|p2b: Groudon Ramsay\n|move|p2a: Dr. Ziggurat|Will-O-Wisp|p1a: Zacian\n|-status|p1a: Zacian|brn\n|move|p1a: Zacian|Behemoth Blade|p2a: Dr. Ziggurat\n|-damage|p2a: Dr. Ziggurat|0 fnt\n|faint|p2a: Dr. Ziggurat\n|\n|-weather|SunnyDay|[upkeep]\n|-heal|p1b: Rillaboom|86\/100|[from] Grassy Terrain\n|-damage|p1a: Zacian|94\/100 brn|[from] brn\n|upkeep\n|\n|t:|1738707735\n|switch|p2b: Walking Wake|Walking Wake, L50, tera:Fire|82\/100\n|-activate|p2b: Walking Wake|ability: Protosynthesis\n|-start|p2b: Walking Wake|protosynthesisspe\n|turn|6\n|\n|t:|1738707742\n|move|p1a: Zacian|Protect|p1a: Zacian\n|-singleturn|p1a: Zacian|Protect\n|move|p2b: Walking Wake|Flamethrower|p1b: Rillaboom\n|-supereffective|p1b: Rillaboom\n|-damage|p1b: Rillaboom|0 fnt\n|faint|p1b: Rillaboom\n|-damage|p2b: Walking Wake|73\/100|[from] item: Life Orb\n|\n|-weather|none\n|-end|p2b: Walking Wake|Protosynthesis\n|-heal|p2b: Walking Wake|79\/100|[from] Grassy Terrain\n|-heal|p1a: Zacian|100\/100 brn|[from] Grassy Terrain\n|-damage|p1a: Zacian|94\/100 brn|[from] brn\n|-fieldend|move: Gravity\n|upkeep\n|turn|7\n|\n|t:|1738707751\n|move|p1a: Zacian|Sacred Sword|p2b: Walking Wake\n|-damage|p2b: Walking Wake|48\/100\n|move|p2b: Walking Wake|Flamethrower|p1a: Zacian\n|-supereffective|p1a: Zacian\n|-damage|p1a: Zacian|0 fnt\n|faint|p1a: Zacian\n|-damage|p2b: Walking Wake|38\/100|[from] item: Life Orb\n|\n|win|Evil Yarrack\n|raw|swadbgdc's rating: 1568 &rarr; <strong>1545<\/strong><br \/>(-23 for losing)\n|raw|Evil Yarrack's rating: 1513 &rarr; <strong>1536<\/strong><br \/>(+23 for winning)\n|l|\u2606swadbgdc\n|player|p1|\n|l| Gut_34\n","uploadtime":1738707770,"views":17,"formatid":"gen9vgc2025regg","rating":1536,"private":0,"password":null}