{"id":"gen9vgc2025regg-2294359873","format":"[Gen 9] VGC 2025 Reg G","players":["Slackermaru","Marco con Fissure"],"log":"|j|\u2606Slackermaru\n|j|\u2606Marco con Fissure\n|t:|1738692921\n|gametype|doubles\n|player|p1|Slackermaru|workerice|1695\n|player|p2|Marco con Fissure|biker-gen4|1582\n|teamsize|p1|6\n|teamsize|p2|6\n|gen|9\n|tier|[Gen 9] VGC 2025 Reg G\n|rated|\n|rule|Species Clause: Limit one of each Pok\u00e9mon\n|rule|Item Clause: Limit 1 of each item\n|clearpoke\n|poke|p1|Calyrex-Ice, L50|\n|poke|p1|Raging Bolt, L50|\n|poke|p1|Urshifu-*, L50, M|\n|poke|p1|Landorus, L50, M|\n|poke|p1|Pelipper, L50, F|\n|poke|p1|Amoonguss, L50, F|\n|poke|p2|Calyrex-Ice, L50|\n|poke|p2|Urshifu-*, L50, F|\n|poke|p2|Raging Bolt, L50|\n|poke|p2|Roaring Moon, L50|\n|poke|p2|Amoonguss, L50, F|\n|poke|p2|Ogerpon-Hearthflame, L50, F|\n|teampreview|4\n|\n|t:|1738692976\n|start\n|switch|p1a: Raging Bolt|Raging Bolt, L50|100\/100\n|switch|p1b: Urshifu|Urshifu-Rapid-Strike, L50, M|100\/100\n|switch|p2a: Calyrex|Calyrex-Ice, L50|100\/100\n|switch|p2b: Raging Bolt|Raging Bolt, L50|100\/100\n|-ability|p2a: Calyrex|As One\n|-ability|p2a: Calyrex|Unnerve\n|turn|1\n|\n|t:|1738692996\n|-terastallize|p1b: Urshifu|Stellar\n|move|p1b: Urshifu|Close Combat|p2a: Calyrex\n|-damage|p2a: Calyrex|46\/100\n|-unboost|p1b: Urshifu|def|1\n|-unboost|p1b: Urshifu|spd|1\n|move|p1a: Raging Bolt|Volt Switch|p2a: Calyrex\n|-damage|p2a: Calyrex|21\/100\n|j| Therazer456\n|\n|t:|1738693004\n|-end|p1a: Raging Bolt|Protosynthesis|[silent]\n|switch|p1a: Calyrex|Calyrex-Ice, L50|100\/100|[from] Volt Switch\n|-ability|p1a: Calyrex|As One\n|-ability|p1a: Calyrex|Unnerve\n|move|p2b: Raging Bolt|Thunderbolt|p1b: Urshifu\n|-supereffective|p1b: Urshifu\n|-enditem|p1b: Urshifu|Focus Sash\n|-damage|p1b: Urshifu|1\/100\n|move|p2a: Calyrex|Glacial Lance|p1a: Calyrex|[spread] p1a,p1b\n|-resisted|p1a: Calyrex\n|-resisted|p1b: Urshifu\n|-damage|p1a: Calyrex|85\/100\n|-damage|p1b: Urshifu|0 fnt\n|faint|p1b: Urshifu\n|-ability|p2a: Calyrex|Chilling Neigh|boost\n|-boost|p2a: Calyrex|atk|1\n|\n|upkeep\n|\n|t:|1738693018\n|switch|p1b: Raging Bolt|Raging Bolt, L50|100\/100\n|turn|2\n|\n|t:|1738693034\n|-terastallize|p2b: Raging Bolt|Water\n|move|p2a: Calyrex|Protect|p2a: Calyrex\n|-singleturn|p2a: Calyrex|Protect\n|move|p1b: Raging Bolt|Dragon Pulse|p2a: Calyrex\n|-activate|p2a: Calyrex|move: Protect\n|move|p2b: Raging Bolt|Draco Meteor|p1b: Raging Bolt\n|-supereffective|p1b: Raging Bolt\n|-damage|p1b: Raging Bolt|17\/100\n|-unboost|p2b: Raging Bolt|spa|2\n|move|p1a: Calyrex|Glacial Lance|p2b: Raging Bolt|[spread] p2b\n|-activate|p2a: Calyrex|move: Protect\n|-resisted|p2b: Raging Bolt\n|-damage|p2b: Raging Bolt|79\/100\n|\n|upkeep\n|turn|3\n|\n|t:|1738693059\n|move|p1b: Raging Bolt|Volt Switch|p2b: Raging Bolt\n|-supereffective|p2b: Raging Bolt\n|-damage|p2b: Raging Bolt|37\/100\n|\n|t:|1738693062\n|-end|p1b: Raging Bolt|Protosynthesis|[silent]\n|switch|p1b: Pelipper|Pelipper, L50, F|100\/100|[from] Volt Switch\n|-weather|RainDance|[from] ability: Drizzle|[of] p1b: Pelipper\n|move|p2b: Raging Bolt|Draco Meteor|p1b: Pelipper\n|-damage|p1b: Pelipper|52\/100\n|-unboost|p2b: Raging Bolt|spa|2\n|move|p1a: Calyrex|Glacial Lance|p2b: Raging Bolt|[spread] p2a,p2b\n|-resisted|p2a: Calyrex\n|-resisted|p2b: Raging Bolt\n|-damage|p2a: Calyrex|4\/100\n|-damage|p2b: Raging Bolt|14\/100\n|move|p2a: Calyrex|High Horsepower|p1a: Calyrex\n|-damage|p1a: Calyrex|47\/100\n|\n|-weather|RainDance|[upkeep]\n|upkeep\n|turn|4\n|\n|t:|1738693120\n|-end|p2b: Raging Bolt|Protosynthesis|[silent]\n|switch|p2b: Urshifu|Urshifu-Rapid-Strike, L50, F|100\/100\n|switch|p1b: Raging Bolt|Raging Bolt, L50|17\/100\n|move|p1a: Calyrex|Glacial Lance|p2a: Calyrex|[spread] p2a,p2b\n|-resisted|p2a: Calyrex\n|-resisted|p2b: Urshifu\n|-damage|p2a: Calyrex|0 fnt\n|-damage|p2b: Urshifu|74\/100\n|faint|p2a: Calyrex\n|-ability|p1a: Calyrex|Chilling Neigh|boost\n|-boost|p1a: Calyrex|atk|1\n|\n|-weather|RainDance|[upkeep]\n|upkeep\n|j| Lukaa872\n|\n|t:|1738693133\n|switch|p2a: Amoonguss|Amoonguss, L50, F|100\/100\n|turn|5\n|j| oherrodersir\n|\n|t:|1738693142\n|switch|p1a: Pelipper|Pelipper, L50, F|52\/100\n|move|p2a: Amoonguss|Rage Powder|p2a: Amoonguss\n|-singleturn|p2a: Amoonguss|move: Rage Powder\n|move|p2b: Urshifu|Surging Strikes|p1a: Pelipper\n|-resisted|p1a: Pelipper\n|-crit|p1a: Pelipper\n|-damage|p1a: Pelipper|32\/100\n|-resisted|p1a: Pelipper\n|-crit|p1a: Pelipper\n|-damage|p1a: Pelipper|12\/100\n|-resisted|p1a: Pelipper\n|-crit|p1a: Pelipper\n|-damage|p1a: Pelipper|0 fnt\n|faint|p1a: Pelipper\n|-hitcount|p1: Pelipper|3\n|move|p1b: Raging Bolt|Electroweb|p2a: Amoonguss|[spread] p2a,p2b\n|-resisted|p2a: Amoonguss\n|-supereffective|p2b: Urshifu\n|-damage|p2a: Amoonguss|90\/100\n|-damage|p2b: Urshifu|10\/100\n|-unboost|p2a: Amoonguss|spe|1\n|-unboost|p2b: Urshifu|spe|1\n|\n|-weather|RainDance|[upkeep]\n|upkeep\n|-message|Marco con Fissure forfeited.\n|\n|win|Slackermaru\n|raw|Slackermaru's rating: 1695 &rarr; <strong>1709<\/strong><br \/>(+14 for winning)\n|raw|Marco con Fissure's rating: 1582 &rarr; <strong>1568<\/strong><br \/>(-14 for losing)\n|l|\u2606Marco con Fissure\n|player|p2|\n|l| Therazer456\n|l|\u2606Slackermaru\n|player|p1|\n|l| Lukaa872\n|l| oherrodersir\n","uploadtime":1738693422,"views":7,"formatid":"gen9vgc2025regg","rating":1568,"private":0,"password":null}