{"id":"gen9vgc2025regg-2294469587","format":"[Gen 9] VGC 2025 Reg G","players":["infinitygroudon","Bbjhots"],"log":"|j|\u2606infinitygroudon\n|j|\u2606Bbjhots\n|t:|1738703706\n|gametype|doubles\n|player|p1|infinitygroudon|2|1555\n|player|p2|Bbjhots|170|1557\n|teamsize|p1|6\n|teamsize|p2|6\n|gen|9\n|tier|[Gen 9] VGC 2025 Reg G\n|rated|\n|rule|Species Clause: Limit one of each Pok\u00e9mon\n|rule|Item Clause: Limit 1 of each item\n|clearpoke\n|poke|p1|Terapagos, L50, M|\n|poke|p1|Clefairy, L50, F|\n|poke|p1|Rillaboom, L50, F|\n|poke|p1|Skeledirge, L50, M|\n|poke|p1|Urshifu-*, L50, M|\n|poke|p1|Chien-Pao, L50|\n|poke|p2|Koraidon, L50|\n|poke|p2|Flutter Mane, L50|\n|poke|p2|Brute Bonnet, L50|\n|poke|p2|Indeedee-F, L50, F|\n|poke|p2|Gouging Fire, L50|\n|poke|p2|Walking Wake, L50|\n|teampreview|4\n|inactive|Battle timer is ON: inactive players will automatically lose when time's up. (requested by Bbjhots)\n|inactive|Bbjhots has 60 seconds left.\n|\n|t:|1738703743\n|start\n|switch|p1a: Moonwater|Clefairy, L50, F|100\/100\n|switch|p1b: Ernesto|Skeledirge, L50, M|100\/100\n|switch|p2a: Koraidon|Koraidon, L50|100\/100\n|switch|p2b: Flutter Mane|Flutter Mane, L50, shiny|100\/100\n|-weather|SunnyDay|[from] ability: Orichalcum Pulse|[of] p2a: Koraidon\n|-activate|p2b: Flutter Mane|ability: Protosynthesis\n|-start|p2b: Flutter Mane|protosynthesisspe\n|-activate|p2a: Koraidon|Orichalcum Pulse|[source]\n|turn|1\n|\n|t:|1738703756\n|move|p2b: Flutter Mane|Protect|p2b: Flutter Mane\n|-singleturn|p2b: Flutter Mane|Protect\n|move|p1a: Moonwater|Protect|p1a: Moonwater\n|-singleturn|p1a: Moonwater|Protect\n|move|p2a: Koraidon|Flame Charge|p1a: Moonwater\n|-activate|p1a: Moonwater|move: Protect\n|move|p1b: Ernesto|Yawn|p2a: Koraidon\n|-start|p2a: Koraidon|move: Yawn|[of] p1b: Ernesto\n|\n|-weather|SunnyDay|[upkeep]\n|upkeep\n|turn|2\n|\n|t:|1738703780\n|switch|p2a: Indeedee|Indeedee-F, L50, F|100\/100\n|-fieldstart|move: Psychic Terrain|[from] ability: Psychic Surge|[of] p2a: Indeedee\n|-enditem|p2a: Indeedee|Psychic Seed\n|-boost|p2a: Indeedee|spd|1|[from] item: Psychic Seed\n|move|p2b: Flutter Mane|Shadow Ball|p1b: Ernesto\n|-supereffective|p1b: Ernesto\n|-damage|p1b: Ernesto|53\/100\n|move|p1b: Ernesto|Torch Song|p2b: Flutter Mane\n|-damage|p2b: Flutter Mane|55\/100\n|-boost|p1b: Ernesto|spa|1\n|-enditem|p1b: Ernesto|Throat Spray\n|-boost|p1b: Ernesto|spa|1|[from] item: Throat Spray\n|move|p1a: Moonwater|Life Dew||[still]|[spread] p1a,p1b\n|-fail|p1a: Moonwater|heal\n|-heal|p1b: Ernesto|78\/100\n|\n|-weather|SunnyDay|[upkeep]\n|upkeep\n|turn|3\n|\n|t:|1738703802\n|move|p2a: Indeedee|Follow Me|p2a: Indeedee\n|-singleturn|p2a: Indeedee|move: Follow Me\n|move|p1a: Moonwater|Follow Me|p1a: Moonwater\n|-singleturn|p1a: Moonwater|move: Follow Me\n|move|p2b: Flutter Mane|Shadow Ball|p1a: Moonwater\n|-damage|p1a: Moonwater|64\/100\n|move|p1b: Ernesto|Torch Song|p2a: Indeedee\n|-damage|p2a: Indeedee|20\/100\n|-boost|p1b: Ernesto|spa|1\n|\n|-weather|SunnyDay|[upkeep]\n|upkeep\n|turn|4\n|\n|t:|1738703819\n|move|p2a: Indeedee|Follow Me|p2a: Indeedee\n|-singleturn|p2a: Indeedee|move: Follow Me\n|move|p2b: Flutter Mane|Shadow Ball|p1a: Moonwater\n|-damage|p1a: Moonwater|32\/100\n|-unboost|p1a: Moonwater|spd|1\n|move|p1b: Ernesto|Slack Off|p1b: Ernesto\n|-heal|p1b: Ernesto|100\/100\n|move|p1a: Moonwater|Life Dew||[still]|[spread] p1a,p1b\n|-heal|p1a: Moonwater|57\/100\n|-fail|p1b: Ernesto|heal\n|\n|-weather|SunnyDay|[upkeep]\n|upkeep\n|turn|5\n|\n|t:|1738703834\n|move|p2a: Indeedee|Follow Me|p2a: Indeedee\n|-singleturn|p2a: Indeedee|move: Follow Me\n|move|p1a: Moonwater|Follow Me|p1a: Moonwater\n|-singleturn|p1a: Moonwater|move: Follow Me\n|move|p2b: Flutter Mane|Shadow Ball|p1a: Moonwater\n|-damage|p1a: Moonwater|3\/100\n|move|p1b: Ernesto|Torch Song|p2a: Indeedee\n|-damage|p2a: Indeedee|0 fnt\n|-boost|p1b: Ernesto|spa|1\n|faint|p2a: Indeedee\n|\n|-weather|none\n|-end|p2b: Flutter Mane|Protosynthesis\n|upkeep\n|\n|t:|1738703842\n|switch|p2a: Walking Wake|Walking Wake, L50|100\/100\n|turn|6\n|\n|t:|1738703863\n|-terastallize|p1b: Ernesto|Fairy\n|move|p1a: Moonwater|Protect|p1a: Moonwater\n|-singleturn|p1a: Moonwater|Protect\n|move|p2b: Flutter Mane|Shadow Ball|p1a: Moonwater\n|-activate|p1a: Moonwater|move: Protect\n|move|p2a: Walking Wake|Hydro Steam|p1b: Ernesto\n|-damage|p1b: Ernesto|67\/100\n|-damage|p2a: Walking Wake|91\/100|[from] item: Life Orb\n|move|p1b: Ernesto|Shadow Ball|p2a: Walking Wake\n|-damage|p2a: Walking Wake|0 fnt\n|faint|p2a: Walking Wake\n|-end|p2a: Walking Wake|Protosynthesis|[silent]\n|\n|-fieldend|move: Psychic Terrain\n|upkeep\n|-message|Bbjhots forfeited.\n|\n|win|infinitygroudon\n|raw|infinitygroudon's rating: 1555 &rarr; <strong>1575<\/strong><br \/>(+20 for winning)\n|raw|Bbjhots's rating: 1557 &rarr; <strong>1537<\/strong><br \/>(-20 for losing)\n|l|\u2606Bbjhots\n|player|p2|\n|l|\u2606infinitygroudon\n|player|p1|\n","uploadtime":1738704059,"views":11,"formatid":"gen9vgc2025regg","rating":1537,"private":0,"password":null}