{"id":"gen9vgc2025regg-2294003101","format":"[Gen 9] VGC 2025 Reg G","players":["AndyLaVGC","lawfoolio"],"log":"|j|\u2606AndyLaVGC\n|j|\u2606lawfoolio\n|t:|1738642462\n|gametype|doubles\n|player|p1|AndyLaVGC|theroyal|1562\n|player|p2|lawfoolio|265|1593\n|teamsize|p1|6\n|teamsize|p2|6\n|gen|9\n|tier|[Gen 9] VGC 2025 Reg G\n|rated|\n|rule|Species Clause: Limit one of each Pok\u00e9mon\n|rule|Item Clause: Limit 1 of each item\n|clearpoke\n|poke|p1|Luvdisc, L50, F|\n|poke|p1|Kyogre, L50|\n|poke|p1|Urshifu-*, L50, F|\n|poke|p1|Tornadus, L50, M|\n|poke|p1|Tsareena, L50, F|\n|poke|p1|Iron Hands, L50|\n|poke|p2|Zamazenta-*, L50|\n|poke|p2|Entei, L50|\n|poke|p2|Flutter Mane, L50|\n|poke|p2|Chien-Pao, L50|\n|poke|p2|Amoonguss, L50, M|\n|poke|p2|Ditto, L50|\n|teampreview|4\n|inactive|Battle timer is ON: inactive players will automatically lose when time's up. (requested by lawfoolio)\n|\n|t:|1738642491\n|start\n|switch|p1a: Luvdisc|Luvdisc, L50, F|100\/100\n|switch|p1b: Kyogre|Kyogre, L50|100\/100\n|switch|p2a: Entei|Entei, L50|100\/100\n|switch|p2b: Chien-Pao|Chien-Pao, L50|100\/100\n|-ability|p2b: Chien-Pao|Sword of Ruin\n|-weather|RainDance|[from] ability: Drizzle|[of] p1b: Kyogre\n|turn|1\n|\n|t:|1738642509\n|-terastallize|p2a: Entei|Normal\n|move|p1a: Luvdisc|Protect|p1a: Luvdisc\n|-singleturn|p1a: Luvdisc|Protect\n|move|p1b: Kyogre|Protect|p1b: Kyogre\n|-singleturn|p1b: Kyogre|Protect\n|move|p2a: Entei|Extreme Speed|p1b: Kyogre\n|-activate|p1b: Kyogre|move: Protect\n|move|p2b: Chien-Pao|Sucker Punch||[still]\n|-fail|p2b: Chien-Pao\n|\n|-weather|RainDance|[upkeep]\n|upkeep\n|turn|2\n|j| mr pogostick\n|inactive|AndyLaVGC has 30 seconds left.\n|\n|t:|1738642535\n|move|p2a: Entei|Extreme Speed|p1b: Kyogre\n|-damage|p1b: Kyogre|13\/100\n|move|p1a: Luvdisc|Endeavor|p2a: Entei\n|-damage|p2a: Entei|62\/100\n|move|p2b: Chien-Pao|Throat Chop|p1b: Kyogre\n|-damage|p1b: Kyogre|0 fnt\n|faint|p1b: Kyogre\n|\n|-weather|RainDance|[upkeep]\n|upkeep\n|\n|t:|1738642544\n|switch|p1b: Tornadus|Tornadus, L50, M|100\/100\n|turn|3\n|\n|t:|1738642548\n|-terastallize|p1b: Tornadus|Ghost\n|move|p2a: Entei|Extreme Speed|p1b: Tornadus\n|-immune|p1b: Tornadus\n|move|p1a: Luvdisc|Icy Wind|p2b: Chien-Pao|[spread] p2a,p2b\n|-resisted|p2b: Chien-Pao\n|-damage|p2a: Entei|53\/100\n|-damage|p2b: Chien-Pao|95\/100\n|-unboost|p2a: Entei|spe|1\n|-unboost|p2b: Chien-Pao|spe|1\n|move|p1b: Tornadus|Bleakwind Storm|p2b: Chien-Pao|[spread] p2a,p2b\n|-crit|p2a: Entei\n|-damage|p2a: Entei|0 fnt\n|-damage|p2b: Chien-Pao|8\/100\n|-unboost|p2b: Chien-Pao|spe|1\n|faint|p2a: Entei\n|move|p2b: Chien-Pao|Throat Chop|p1a: Luvdisc\n|-enditem|p1a: Luvdisc|Focus Sash\n|-damage|p1a: Luvdisc|1\/100\n|-start|p1a: Luvdisc|Throat Chop|[silent]\n|\n|-weather|RainDance|[upkeep]\n|upkeep\n|\n|t:|1738642564\n|switch|p2a: Ditto|Ditto, L50|100\/100\n|-transform|p2a: Ditto|p1b: Tornadus|[from] ability: Imposter\n|-start|p2a: Ditto|typechange|Flying|[silent]\n|turn|4\n|\n|t:|1738642582\n|move|p2b: Chien-Pao|Protect|p2b: Chien-Pao\n|-singleturn|p2b: Chien-Pao|Protect\n|move|p1b: Tornadus|Tailwind|p1b: Tornadus\n|-sidestart|p1: AndyLaVGC|move: Tailwind\n|move|p1a: Luvdisc|Endeavor|p2a: Ditto\n|-damage|p2a: Ditto|1\/100\n|move|p2a: Ditto|Bleakwind Storm|p1b: Tornadus|[spread] p1a,p1b\n|-damage|p1a: Luvdisc|0 fnt\n|-damage|p1b: Tornadus|52\/100\n|-unboost|p1b: Tornadus|spe|1\n|faint|p1a: Luvdisc\n|\n|-weather|RainDance|[upkeep]\n|upkeep\n|\n|t:|1738642588\n|switch|p1a: Urshifu|Urshifu-Rapid-Strike, L50, F|100\/100\n|turn|5\n|\n|t:|1738642596\n|switch|p2b: Zamazenta|Zamazenta-Crowned, L50|100\/100\n|-ability|p2b: Zamazenta|Dauntless Shield|boost\n|-boost|p2b: Zamazenta|def|1\n|move|p1b: Tornadus|Protect|p1b: Tornadus\n|-singleturn|p1b: Tornadus|Protect\n|move|p2a: Ditto|Tailwind|p2a: Ditto\n|-sidestart|p2: lawfoolio|move: Tailwind\n|move|p1a: Urshifu|Surging Strikes|p2a: Ditto\n|-crit|p2a: Ditto\n|-damage|p2a: Ditto|0 fnt\n|faint|p2a: Ditto\n|-hitcount|p2: Ditto|1\n|\n|-weather|none\n|upkeep\n|\n|t:|1738642603\n|switch|p2a: Chien-Pao|Chien-Pao, L50|8\/100\n|-ability|p2a: Chien-Pao|Sword of Ruin\n|turn|6\n|\n|t:|1738642608\n|move|p1b: Tornadus|Rain Dance|p1b: Tornadus\n|-weather|RainDance\n|move|p1a: Urshifu|Surging Strikes|p2a: Chien-Pao\n|-crit|p2a: Chien-Pao\n|-damage|p2a: Chien-Pao|0 fnt\n|faint|p2a: Chien-Pao\n|-hitcount|p2: Chien-Pao|1\n|move|p2b: Zamazenta|Body Press|p1a: Urshifu\n|-damage|p1a: Urshifu|27\/100\n|\n|-weather|RainDance|[upkeep]\n|upkeep\n|turn|7\n|\n|t:|1738642620\n|move|p1a: Urshifu|Surging Strikes|p2b: Zamazenta\n|-crit|p2b: Zamazenta\n|-damage|p2b: Zamazenta|80\/100\n|-crit|p2b: Zamazenta\n|-damage|p2b: Zamazenta|60\/100\n|-crit|p2b: Zamazenta\n|-damage|p2b: Zamazenta|40\/100\n|-hitcount|p2b: Zamazenta|3\n|move|p2b: Zamazenta|Body Press|p1a: Urshifu\n|-damage|p1a: Urshifu|0 fnt\n|faint|p1a: Urshifu\n|move|p1b: Tornadus|Bleakwind Storm|p2b: Zamazenta\n|-damage|p2b: Zamazenta|0 fnt\n|faint|p2b: Zamazenta\n|\n|win|AndyLaVGC\n|raw|AndyLaVGC's rating: 1562 &rarr; <strong>1584<\/strong><br \/>(+22 for winning)\n|raw|lawfoolio's rating: 1593 &rarr; <strong>1571<\/strong><br \/>(-22 for losing)\n|l|\u2606lawfoolio\n|player|p2|\n|l|\u2606AndyLaVGC\n|player|p1|\n","uploadtime":1738642807,"views":7,"formatid":"gen9vgc2025regg","rating":1571,"private":0,"password":null}