{"id":"gen9vgc2025regg-2294479983","format":"[Gen 9] VGC 2025 Reg G","players":["Axel316","meiose"],"log":"|j|\u2606Axel316\n|j|\u2606meiose\n|t:|1738704779\n|gametype|doubles\n|player|p1|Axel316|102|1664\n|player|p2|meiose|morty|1608\n|teamsize|p1|6\n|teamsize|p2|6\n|gen|9\n|tier|[Gen 9] VGC 2025 Reg G\n|rated|\n|rule|Species Clause: Limit one of each Pok\u00e9mon\n|rule|Item Clause: Limit 1 of each item\n|clearpoke\n|poke|p1|Calyrex-Ice, L50|\n|poke|p1|Urshifu-*, L50, F|\n|poke|p1|Incineroar, L50, F|\n|poke|p1|Latios, L50, M|\n|poke|p1|Pelipper, L50, F|\n|poke|p1|Archaludon, L50, M|\n|poke|p2|Calyrex-Shadow, L50|\n|poke|p2|Ting-Lu, L50|\n|poke|p2|Dondozo, L50, F|\n|poke|p2|Raging Bolt, L50|\n|poke|p2|Urshifu-*, L50, F|\n|poke|p2|Whimsicott, L50, F|\n|teampreview|4\n|inactive|Battle timer is ON: inactive players will automatically lose when time's up. (requested by meiose)\n|\n|t:|1738704804\n|start\n|switch|p1a: Calyrex|Calyrex-Ice, L50|100\/100\n|switch|p1b: Latios|Latios, L50, M|100\/100\n|switch|p2a: Urshifu|Urshifu-Rapid-Strike, L50, F|100\/100\n|switch|p2b: Ting-Lu|Ting-Lu, L50|100\/100\n|-ability|p1a: Calyrex|As One\n|-ability|p1a: Calyrex|Unnerve\n|-ability|p2b: Ting-Lu|Vessel of Ruin\n|turn|1\n|inactive|meiose has 30 seconds left.\n|\n|t:|1738704833\n|-terastallize|p1a: Calyrex|Grass\n|-terastallize|p2b: Ting-Lu|Fairy\n|move|p1b: Latios|Trick|p2b: Ting-Lu\n|-activate|p1b: Latios|move: Trick|[of] p2b: Ting-Lu\n|-item|p2b: Ting-Lu|Choice Scarf|[from] move: Trick\n|-item|p1b: Latios|Rocky Helmet|[from] move: Trick\n|move|p2a: Urshifu|U-turn|p1b: Latios\n|-supereffective|p1b: Latios\n|-damage|p1b: Latios|27\/100\n|-damage|p2a: Urshifu|84\/100|[from] item: Rocky Helmet|[of] p1b: Latios\n|\n|t:|1738704841\n|switch|p2a: Dondozo|Dondozo, L50, F|100\/100|[from] U-turn\n|move|p2b: Ting-Lu|Ruination|p1a: Calyrex\n|-damage|p1a: Calyrex|51\/100\n|move|p1a: Calyrex|Seed Bomb|p2a: Dondozo\n|-supereffective|p2a: Dondozo\n|-damage|p2a: Dondozo|47\/100\n|\n|-heal|p2a: Dondozo|53\/100|[from] item: Leftovers\n|upkeep\n|turn|2\n|\n|t:|1738704860\n|move|p1b: Latios|Luster Purge|p2a: Dondozo\n|-damage|p2a: Dondozo|28\/100\n|-unboost|p2a: Dondozo|spd|1\n|move|p2b: Ting-Lu|Ruination|p1a: Calyrex\n|-damage|p1a: Calyrex|26\/100\n|move|p1a: Calyrex|Glacial Lance|p2b: Ting-Lu|[spread] p2a,p2b\n|-resisted|p2a: Dondozo\n|-damage|p2a: Dondozo|11\/100\n|-damage|p2b: Ting-Lu|73\/100\n|move|p2a: Dondozo|Yawn|p1a: Calyrex\n|-start|p1a: Calyrex|move: Yawn|[of] p2a: Dondozo\n|\n|-heal|p2a: Dondozo|18\/100|[from] item: Leftovers\n|upkeep\n|turn|3\n|\n|t:|1738704879\n|switch|p1a: Incineroar|Incineroar, L50, F|100\/100\n|-ability|p1a: Incineroar|Intimidate|boost\n|-fail|p2a: Dondozo|unboost|Attack|[from] ability: Oblivious|[of] p2a: Dondozo\n|-unboost|p2b: Ting-Lu|atk|1\n|move|p1b: Latios|Luster Purge|p2a: Dondozo\n|-damage|p2a: Dondozo|0 fnt\n|faint|p2a: Dondozo\n|move|p2b: Ting-Lu|Ruination|p1b: Latios\n|-damage|p1b: Latios|14\/100\n|\n|upkeep\n|\n|t:|1738704894\n|switch|p2a: Calyrex|Calyrex-Shadow, L50|100\/100\n|-ability|p2a: Calyrex|As One\n|-ability|p2a: Calyrex|Unnerve\n|turn|4\n|\n|t:|1738704906\n|switch|p2b: Urshifu|Urshifu-Rapid-Strike, L50, F|84\/100\n|move|p2a: Calyrex|Astral Barrage|p1b: Latios|[spread] p1a,p1b\n|-resisted|p1a: Incineroar\n|-supereffective|p1b: Latios\n|-damage|p1a: Incineroar|77\/100\n|-damage|p1b: Latios|0 fnt\n|faint|p1b: Latios\n|-ability|p2a: Calyrex|Grim Neigh|boost\n|-boost|p2a: Calyrex|spa|1\n|move|p1a: Incineroar|Knock Off|p2a: Calyrex\n|-supereffective|p2a: Calyrex\n|-enditem|p2a: Calyrex|Focus Sash\n|-damage|p2a: Calyrex|1\/100\n|\n|upkeep\n|\n|t:|1738704923\n|switch|p1b: Pelipper|Pelipper, L50, F|100\/100\n|-weather|RainDance|[from] ability: Drizzle|[of] p1b: Pelipper\n|turn|5\n|\n|t:|1738704935\n|move|p2b: Urshifu|Surging Strikes|p1a: Incineroar\n|-supereffective|p1a: Incineroar\n|-crit|p1a: Incineroar\n|-damage|p1a: Incineroar|20\/100\n|-supereffective|p1a: Incineroar\n|-crit|p1a: Incineroar\n|-damage|p1a: Incineroar|0 fnt\n|faint|p1a: Incineroar\n|-hitcount|p1: Incineroar|2\n|move|p2a: Calyrex|Psychic|p1b: Pelipper\n|-enditem|p1b: Pelipper|Focus Sash\n|-damage|p1b: Pelipper|1\/100\n|move|p1b: Pelipper|Hurricane|p2b: Urshifu\n|-supereffective|p2b: Urshifu\n|-damage|p2b: Urshifu|0 fnt\n|faint|p2b: Urshifu\n|\n|-weather|RainDance|[upkeep]\n|upkeep\n|\n|t:|1738704951\n|switch|p2b: Ting-Lu|Ting-Lu, L50, tera:Fairy|73\/100\n|switch|p1a: Calyrex|Calyrex-Ice, L50, tera:Grass|26\/100\n|-ability|p1a: Calyrex|As One\n|-ability|p1a: Calyrex|Unnerve\n|-ability|p2b: Ting-Lu|Vessel of Ruin\n|turn|6\n|\n|t:|1738704963\n|move|p2a: Calyrex|Protect|p2a: Calyrex\n|-singleturn|p2a: Calyrex|Protect\n|move|p1b: Pelipper|Wide Guard|p1b: Pelipper\n|-singleturn|p1b: Pelipper|Wide Guard\n|move|p2b: Ting-Lu|Sand Tomb|p1a: Calyrex\n|-resisted|p1a: Calyrex\n|-damage|p1a: Calyrex|22\/100\n|-activate|p1a: Calyrex|move: Sand Tomb|[of] p2b: Ting-Lu\n|move|p1a: Calyrex|Trick Room|p1a: Calyrex\n|-fieldstart|move: Trick Room|[of] p1a: Calyrex\n|\n|-weather|RainDance|[upkeep]\n|-damage|p1a: Calyrex|10\/100|[from] move: Sand Tomb|[partiallytrapped]\n|upkeep\n|turn|7\n|\n|t:|1738704984\n|move|p1a: Calyrex|Glacial Lance|p2b: Ting-Lu|[spread] p2a,p2b\n|-damage|p2a: Calyrex|0 fnt\n|-damage|p2b: Ting-Lu|45\/100\n|faint|p2a: Calyrex\n|-ability|p1a: Calyrex|Chilling Neigh|boost\n|-boost|p1a: Calyrex|atk|1\n|move|p1b: Pelipper|Weather Ball|p2b: Ting-Lu\n|-damage|p2b: Ting-Lu|16\/100\n|move|p2b: Ting-Lu|Sand Tomb|p1a: Calyrex\n|-resisted|p1a: Calyrex\n|-crit|p1a: Calyrex\n|-damage|p1a: Calyrex|4\/100\n|\n|-weather|RainDance|[upkeep]\n|-damage|p1a: Calyrex|0 fnt|[from] move: Sand Tomb|[partiallytrapped]\n|faint|p1a: Calyrex\n|upkeep\n|turn|8\n|\n|t:|1738705002\n|move|p1b: Pelipper|Weather Ball|p2b: Ting-Lu\n|-damage|p2b: Ting-Lu|0 fnt\n|faint|p2b: Ting-Lu\n|\n|win|Axel316\n|raw|Axel316's rating: 1664 &rarr; <strong>1681<\/strong><br \/>(+17 for winning)\n|raw|meiose's rating: 1608 &rarr; <strong>1591<\/strong><br \/>(-17 for losing)\n|l|\u2606meiose\n|player|p2|\n","uploadtime":1738705166,"views":9,"formatid":"gen9vgc2025regg","rating":1591,"private":0,"password":null}