{"id":"gen9vgc2025regg-2294869231","format":"[Gen 9] VGC 2025 Reg G","players":["Dearp","qunqun24"],"log":"|j|\u2606Dearp\n|j|\u2606qunqun24\n|t:|1738763243\n|gametype|doubles\n|player|p1|Dearp|battlegirl|1626\n|player|p2|qunqun24|266|1570\n|teamsize|p1|6\n|teamsize|p2|6\n|gen|9\n|tier|[Gen 9] VGC 2025 Reg G\n|rated|\n|rule|Species Clause: Limit one of each Pok\u00e9mon\n|rule|Item Clause: Limit 1 of each item\n|clearpoke\n|poke|p1|Heatran, L50, M|\n|poke|p1|Sinistcha, L50|\n|poke|p1|Annihilape, L50, F|\n|poke|p1|Calyrex-Ice, L50|\n|poke|p1|Indeedee-F, L50, F|\n|poke|p1|Iron Valiant, L50|\n|poke|p2|Calyrex-Shadow, L50|\n|poke|p2|Ting-Lu, L50|\n|poke|p2|Dondozo, L50, M|\n|poke|p2|Urshifu-*, L50, M|\n|poke|p2|Ogerpon-Hearthflame, L50, F|\n|poke|p2|Whimsicott, L50, F|\n|teampreview|4\n|inactive|Battle timer is ON: inactive players will automatically lose when time's up. (requested by qunqun24)\n|inactive|Dearp has 60 seconds left.\n|\n|t:|1738763290\n|start\n|switch|p1a: Calyrex|Calyrex-Ice, L50|100\/100\n|switch|p1b: Indeedee|Indeedee-F, L50, F|100\/100\n|switch|p2a: Ting-Lu|Ting-Lu, L50|100\/100\n|switch|p2b: Dondozo|Dondozo, L50, M|100\/100\n|-ability|p1a: Calyrex|As One\n|-ability|p1a: Calyrex|Unnerve\n|-fieldstart|move: Psychic Terrain|[from] ability: Psychic Surge|[of] p1b: Indeedee\n|-enditem|p1b: Indeedee|Psychic Seed\n|-boost|p1b: Indeedee|spd|1|[from] item: Psychic Seed\n|-ability|p2a: Ting-Lu|Vessel of Ruin\n|turn|1\n|\n|t:|1738763298\n|move|p1b: Indeedee|Follow Me|p1b: Indeedee\n|-singleturn|p1b: Indeedee|move: Follow Me\n|move|p1a: Calyrex|Glacial Lance|p2a: Ting-Lu|[spread] p2a,p2b\n|-supereffective|p2a: Ting-Lu\n|-resisted|p2b: Dondozo\n|-damage|p2a: Ting-Lu|42\/100\n|-damage|p2b: Dondozo|86\/100\n|move|p2a: Ting-Lu|Sand Tomb|p1b: Indeedee\n|-damage|p1b: Indeedee|89\/100\n|-activate|p1b: Indeedee|move: Sand Tomb|[of] p2a: Ting-Lu\n|move|p2b: Dondozo|Yawn|p1b: Indeedee\n|-start|p1b: Indeedee|move: Yawn|[of] p2b: Dondozo\n|\n|-heal|p2b: Dondozo|92\/100|[from] item: Leftovers\n|-damage|p1b: Indeedee|76\/100|[from] move: Sand Tomb|[partiallytrapped]\n|upkeep\n|turn|2\n|inactive|Dearp has 30 seconds left.\n|\n|t:|1738763323\n|move|p2a: Ting-Lu|Protect|p2a: Ting-Lu\n|-singleturn|p2a: Ting-Lu|Protect\n|move|p1b: Indeedee|Follow Me|p1b: Indeedee\n|-singleturn|p1b: Indeedee|move: Follow Me\n|move|p1a: Calyrex|Seed Bomb|p2b: Dondozo\n|-supereffective|p2b: Dondozo\n|-damage|p2b: Dondozo|56\/100\n|move|p2b: Dondozo|Yawn||[still]\n|-fail|p2b: Dondozo\n|\n|-heal|p2b: Dondozo|62\/100|[from] item: Leftovers\n|-damage|p1b: Indeedee|64\/100|[from] move: Sand Tomb|[partiallytrapped]\n|-end|p1b: Indeedee|move: Yawn|[silent]\n|-status|p1b: Indeedee|slp\n|upkeep\n|turn|3\n|\n|t:|1738763332\n|cant|p1b: Indeedee|slp\n|move|p1a: Calyrex|Glacial Lance|p2a: Ting-Lu|[spread] p2a,p2b\n|-supereffective|p2a: Ting-Lu\n|-resisted|p2b: Dondozo\n|-damage|p2a: Ting-Lu|0 fnt\n|-damage|p2b: Dondozo|45\/100\n|faint|p2a: Ting-Lu\n|-ability|p1a: Calyrex|Chilling Neigh|boost\n|-boost|p1a: Calyrex|atk|1\n|move|p2b: Dondozo|Yawn|p1a: Calyrex\n|-start|p1a: Calyrex|move: Yawn|[of] p2b: Dondozo\n|\n|-heal|p2b: Dondozo|52\/100|[from] item: Leftovers\n|-end|p1b: Indeedee|Sand Tomb|[partiallytrapped]|[silent]\n|upkeep\n|\n|t:|1738763335\n|switch|p2a: Calyrex|Calyrex-Shadow, L50|100\/100\n|-ability|p2a: Calyrex|As One\n|-ability|p2a: Calyrex|Unnerve\n|turn|4\n|j| GexkaXXV\n|inactive|Dearp has 30 seconds left.\n|inactive|Dearp has 20 seconds left.\n|\n|t:|1738763373\n|switch|p2b: Urshifu|Urshifu, L50, M|100\/100\n|-terastallize|p1a: Calyrex|Water\n|move|p2a: Calyrex|Substitute|p2a: Calyrex\n|-start|p2a: Calyrex|Substitute\n|-damage|p2a: Calyrex|76\/100\n|move|p1a: Calyrex|Glacial Lance|p2a: Calyrex|[spread] p2a,p2b\n|-end|p2a: Calyrex|Substitute\n|-damage|p2b: Urshifu|14\/100\n|cant|p1b: Indeedee|slp\n|\n|-end|p1a: Calyrex|move: Yawn|[silent]\n|-status|p1a: Calyrex|slp\n|upkeep\n|turn|5\n|\n|t:|1738763385\n|-curestatus|p1b: Indeedee|slp|[msg]\n|move|p1b: Indeedee|Follow Me|p1b: Indeedee\n|-singleturn|p1b: Indeedee|move: Follow Me\n|move|p2a: Calyrex|Astral Barrage|p1b: Indeedee|[spread] p1a\n|-immune|p1b: Indeedee\n|-damage|p1a: Calyrex|68\/100 slp\n|-damage|p2a: Calyrex|66\/100|[from] item: Life Orb\n|move|p2b: Urshifu|Wicked Blow|p1b: Indeedee\n|-supereffective|p1b: Indeedee\n|-crit|p1b: Indeedee\n|-damage|p1b: Indeedee|0 fnt\n|faint|p1b: Indeedee\n|cant|p1a: Calyrex|slp\n|\n|-fieldend|move: Psychic Terrain\n|upkeep\n|inactive|Dearp has 30 seconds left.\n|\n|t:|1738763410\n|switch|p1b: Iron Valiant|Iron Valiant, L50|100\/100\n|-enditem|p1b: Iron Valiant|Booster Energy\n|-activate|p1b: Iron Valiant|ability: Quark Drive|[fromitem]\n|-start|p1b: Iron Valiant|quarkdrivespe\n|turn|6\n|\n|t:|1738763426\n|-terastallize|p2a: Calyrex|Dark\n|move|p1b: Iron Valiant|Disable|p2a: Calyrex\n|-start|p2a: Calyrex|Disable|Astral Barrage\n|cant|p2a: Calyrex|Disable|Astral Barrage\n|move|p2b: Urshifu|Wicked Blow|p1a: Calyrex\n|-crit|p1a: Calyrex\n|-damage|p1a: Calyrex|23\/100 slp\n|cant|p1a: Calyrex|slp\n|\n|upkeep\n|turn|7\n|inactive|Dearp has 30 seconds left.\n|inactive|Dearp has 20 seconds left.\n|inactive|Dearp has 15 seconds left.\n|inactive|Dearp has 10 seconds left.\n|\n|t:|1738763471\n|switch|p2a: Dondozo|Dondozo, L50, M|52\/100\n|move|p1b: Iron Valiant|Moonblast|p2b: Urshifu\n|-supereffective|p2b: Urshifu\n|-crit|p2b: Urshifu\n|-damage|p2b: Urshifu|0 fnt\n|faint|p2b: Urshifu\n|cant|p1a: Calyrex|slp\n|\n|-heal|p2a: Dondozo|58\/100|[from] item: Leftovers\n|upkeep\n|\n|t:|1738763474\n|switch|p2b: Calyrex|Calyrex-Shadow, L50, tera:Dark|66\/100\n|-ability|p2b: Calyrex|As One\n|-ability|p2b: Calyrex|Unnerve\n|turn|8\n|\n|t:|1738763480\n|move|p1b: Iron Valiant|Moonblast|p2b: Calyrex\n|-supereffective|p2b: Calyrex\n|-damage|p2b: Calyrex|0 fnt\n|faint|p2b: Calyrex\n|-curestatus|p1a: Calyrex|slp|[msg]\n|move|p1a: Calyrex|Seed Bomb|p2a: Dondozo\n|-supereffective|p2a: Dondozo\n|-damage|p2a: Dondozo|0 fnt\n|faint|p2a: Dondozo\n|\n|win|Dearp\n|raw|Dearp's rating: 1602 &rarr; <strong>1620<\/strong><br \/>(+18 for winning)\n|raw|qunqun24's rating: 1570 &rarr; <strong>1552<\/strong><br \/>(-18 for losing)\n|l|\u2606Dearp\n|player|p1|\n|l| GexkaXXV\n","uploadtime":1738763638,"views":9,"formatid":"gen9vgc2025regg","rating":1552,"private":0,"password":null}