{"id":"gen9vgc2025regg-2294382707","format":"[Gen 9] VGC 2025 Reg G","players":["bertscai","D_Bastial"],"log":"|j|\u2606bertscai\n|j|\u2606D_Bastial\n|t:|1738695079\n|gametype|doubles\n|player|p1|bertscai|zinzolin|1566\n|player|p2|D_Bastial|clay|1542\n|teamsize|p1|6\n|teamsize|p2|6\n|gen|9\n|tier|[Gen 9] VGC 2025 Reg G\n|rated|\n|rule|Species Clause: Limit one of each Pok\u00e9mon\n|rule|Item Clause: Limit 1 of each item\n|clearpoke\n|poke|p1|Weezing-Galar, L50, M|\n|poke|p1|Calyrex-Shadow, L50|\n|poke|p1|Dondozo, L50, M|\n|poke|p1|Tatsugiri-Droopy, L50, F|\n|poke|p1|Entei, L50|\n|poke|p1|Ogerpon-Cornerstone, L50, F|\n|poke|p2|Ninetales-Alola, L50, M|\n|poke|p2|Tornadus, L50, M|\n|poke|p2|Kyurem-White, L50|\n|poke|p2|Roaring Moon, L50|\n|poke|p2|Ogerpon-Hearthflame, L50, F|\n|poke|p2|Iron Hands, L50|\n|teampreview|4\n|inactive|Battle timer is ON: inactive players will automatically lose when time's up. (requested by bertscai)\n|\n|t:|1738695110\n|start\n|switch|p1a: Calyrex|Calyrex-Shadow, L50|100\/100\n|switch|p1b: Weezing|Weezing-Galar, L50, M, shiny|100\/100\n|switch|p2a: Ogerpon|Ogerpon-Hearthflame, L50, F|100\/100\n|switch|p2b: Roaring Moon|Roaring Moon, L50|100\/100\n|-ability|p1b: Weezing|Neutralizing Gas\n|-ability|p1a: Calyrex|As One\n|-ability|p1a: Calyrex|Unnerve\n|turn|1\n|\n|t:|1738695123\n|move|p1a: Calyrex|Astral Barrage|p2a: Ogerpon|[spread] p2a,p2b\n|-resisted|p2b: Roaring Moon\n|-crit|p2b: Roaring Moon\n|-damage|p2a: Ogerpon|29\/100\n|-damage|p2b: Roaring Moon|52\/100\n|-damage|p1a: Calyrex|91\/100|[from] item: Life Orb\n|move|p2b: Roaring Moon|Tailwind|p2b: Roaring Moon\n|-sidestart|p2: D_Bastial|move: Tailwind\n|move|p2a: Ogerpon|Swords Dance|p2a: Ogerpon\n|-boost|p2a: Ogerpon|atk|2\n|move|p1b: Weezing|Dazzling Gleam|p2b: Roaring Moon|[spread] p2a,p2b\n|-resisted|p2a: Ogerpon\n|-supereffective|p2b: Roaring Moon\n|-damage|p2a: Ogerpon|21\/100\n|-damage|p2b: Roaring Moon|0 fnt\n|faint|p2b: Roaring Moon\n|-end|p2b: Roaring Moon|Protosynthesis|[silent]\n|\n|upkeep\n|\n|t:|1738695132\n|switch|p2b: Kyurem|Kyurem-White, L50|100\/100\n|turn|2\n|\n|t:|1738695149\n|switch|p1a: Dondozo|Dondozo, L50, M|100\/100\n|move|p2a: Ogerpon|Horn Leech|p1a: Dondozo\n|-supereffective|p1a: Dondozo\n|-damage|p1a: Dondozo|23\/100\n|-heal|p2a: Ogerpon|69\/100|[from] drain|[of] p1a: Dondozo\n|move|p2b: Kyurem|Earth Power|p1b: Weezing\n|-supereffective|p1b: Weezing\n|-damage|p1b: Weezing|6\/100\n|move|p1b: Weezing|Dazzling Gleam|p2b: Kyurem|[spread] p2a,p2b\n|-resisted|p2a: Ogerpon\n|-supereffective|p2b: Kyurem\n|-damage|p2a: Ogerpon|60\/100\n|-damage|p2b: Kyurem|79\/100\n|\n|-heal|p1a: Dondozo|29\/100|[from] item: Leftovers\n|upkeep\n|turn|3\n|inactive|D_Bastial has 30 seconds left.\n|\n|t:|1738695175\n|switch|p2b: Ninetales|Ninetales-Alola, L50, M|100\/100\n|-end|p1b: Weezing|ability: Neutralizing Gas\n|-weather|Snow|[from] ability: Snow Warning|[of] p2b: Ninetales\n|-ability|p2a: Ogerpon|Mold Breaker\n|switch|p1b: Tatsugiri|Tatsugiri-Droopy, L50, F, shiny|100\/100\n|-activate|p1b: Tatsugiri|ability: Commander|[of] p1a: Dondozo\n|-boost|p1a: Dondozo|atk|2\n|-boost|p1a: Dondozo|spa|2\n|-boost|p1a: Dondozo|spe|2\n|-boost|p1a: Dondozo|def|2\n|-boost|p1a: Dondozo|spd|2\n|-terastallize|p1a: Dondozo|Grass\n|move|p2a: Ogerpon|Horn Leech|p1a: Dondozo\n|-resisted|p1a: Dondozo\n|-damage|p1a: Dondozo|19\/100\n|-heal|p2a: Ogerpon|66\/100|[from] drain|[of] p1a: Dondozo\n|move|p1a: Dondozo|Body Press|p2a: Ogerpon\n|-damage|p2a: Ogerpon|22\/100\n|\n|-weather|Snow|[upkeep]\n|-heal|p1a: Dondozo|25\/100|[from] item: Leftovers\n|upkeep\n|turn|4\n|j| bluestraggler02\n|inactive|D_Bastial has 30 seconds left.\n|\n|t:|1738695205\n|move|p1a: Dondozo|Protect|p1a: Dondozo\n|-singleturn|p1a: Dondozo|Protect\n|move|p2b: Ninetales|Aurora Veil|p2b: Ninetales\n|-sidestart|p2: D_Bastial|move: Aurora Veil\n|move|p2a: Ogerpon|Ivy Cudgel|p1a: Dondozo|[anim] Ivy Cudgel Fire\n|-activate|p1a: Dondozo|move: Protect\n|\n|-weather|Snow|[upkeep]\n|-heal|p1a: Dondozo|31\/100|[from] item: Leftovers\n|-sideend|p2: D_Bastial|move: Tailwind\n|upkeep\n|turn|5\n|inactive|D_Bastial has 30 seconds left.\n|\n|t:|1738695234\n|move|p2a: Ogerpon|Spiky Shield|p2a: Ogerpon\n|-singleturn|p2a: Ogerpon|move: Protect\n|move|p2b: Ninetales|Encore|p1a: Dondozo\n|-start|p1a: Dondozo|Encore\n|move|p1a: Dondozo|Protect||[still]\n|-fail|p1a: Dondozo\n|\n|-weather|Snow|[upkeep]\n|-heal|p1a: Dondozo|38\/100|[from] item: Leftovers\n|upkeep\n|turn|6\n|\n|t:|1738695256\n|move|p1a: Dondozo|Protect|p1a: Dondozo\n|-singleturn|p1a: Dondozo|Protect\n|move|p2b: Ninetales|Blizzard|p1a: Dondozo|[spread] \n|-miss|p2b: Ninetales|p1b: Tatsugiri\n|-activate|p1a: Dondozo|move: Protect\n|move|p2a: Ogerpon|Horn Leech|p1a: Dondozo\n|-activate|p1a: Dondozo|move: Protect\n|\n|-weather|Snow|[upkeep]\n|-heal|p1a: Dondozo|44\/100|[from] item: Leftovers\n|upkeep\n|turn|7\n|\n|t:|1738695267\n|move|p1a: Dondozo|Protect||[still]\n|-fail|p1a: Dondozo\n|move|p2b: Ninetales|Icy Wind|p1b: Tatsugiri|[spread] p1a\n|-miss|p2b: Ninetales|p1b: Tatsugiri\n|-supereffective|p1a: Dondozo\n|-damage|p1a: Dondozo|30\/100\n|-unboost|p1a: Dondozo|spe|1\n|move|p2a: Ogerpon|Swords Dance|p2a: Ogerpon\n|-boost|p2a: Ogerpon|atk|2\n|\n|-weather|none\n|-heal|p1a: Dondozo|36\/100|[from] item: Leftovers\n|-end|p1a: Dondozo|Encore\n|upkeep\n|turn|8\n|\n|t:|1738695285\n|move|p2b: Ninetales|Encore|p1a: Dondozo\n|-start|p1a: Dondozo|Encore\n|move|p2a: Ogerpon|Swords Dance|p2a: Ogerpon\n|-boost|p2a: Ogerpon|atk|2\n|move|p1a: Dondozo|Protect||[still]\n|-fail|p1a: Dondozo\n|\n|-heal|p1a: Dondozo|42\/100|[from] item: Leftovers\n|-sideend|p2: D_Bastial|move: Aurora Veil\n|upkeep\n|turn|9\n|inactive|D_Bastial has 30 seconds left.\n|inactive|D_Bastial has 20 seconds left.\n|\n|t:|1738695323\n|switch|p2b: Kyurem|Kyurem-White, L50|79\/100\n|-ability|p2b: Kyurem|Turboblaze\n|move|p1a: Dondozo|Protect|p1a: Dondozo\n|-singleturn|p1a: Dondozo|Protect\n|move|p2a: Ogerpon|Horn Leech|p1a: Dondozo\n|-activate|p1a: Dondozo|move: Protect\n|\n|-heal|p1a: Dondozo|48\/100|[from] item: Leftovers\n|upkeep\n|turn|10\n|\n|t:|1738695333\n|switch|p2b: Ninetales|Ninetales-Alola, L50, M|100\/100\n|-weather|Snow|[from] ability: Snow Warning|[of] p2b: Ninetales\n|move|p1a: Dondozo|Protect|p1a: Dondozo\n|-singleturn|p1a: Dondozo|Protect\n|move|p2a: Ogerpon|Horn Leech|p1a: Dondozo\n|-activate|p1a: Dondozo|move: Protect\n|\n|-weather|Snow|[upkeep]\n|-heal|p1a: Dondozo|54\/100|[from] item: Leftovers\n|-end|p1a: Dondozo|Encore\n|upkeep\n|turn|11\n|\n|t:|1738695349\n|move|p2b: Ninetales|Encore|p1a: Dondozo\n|-start|p1a: Dondozo|Encore\n|move|p2a: Ogerpon|Horn Leech|p1a: Dondozo\n|-resisted|p1a: Dondozo\n|-damage|p1a: Dondozo|34\/100\n|-heal|p2a: Ogerpon|35\/100|[from] drain|[of] p1a: Dondozo\n|move|p1a: Dondozo|Protect||[still]\n|-fail|p1a: Dondozo\n|\n|-weather|Snow|[upkeep]\n|-heal|p1a: Dondozo|40\/100|[from] item: Leftovers\n|upkeep\n|turn|12\n|\n|t:|1738695371\n|move|p1a: Dondozo|Protect|p1a: Dondozo\n|-singleturn|p1a: Dondozo|Protect\n|move|p2b: Ninetales|Aurora Veil|p2b: Ninetales\n|-sidestart|p2: D_Bastial|move: Aurora Veil\n|move|p2a: Ogerpon|Horn Leech|p1a: Dondozo\n|-activate|p1a: Dondozo|move: Protect\n|\n|-weather|Snow|[upkeep]\n|-heal|p1a: Dondozo|47\/100|[from] item: Leftovers\n|upkeep\n|turn|13\n|\n|t:|1738695380\n|move|p1a: Dondozo|Protect||[still]\n|-fail|p1a: Dondozo\n|move|p2b: Ninetales|Icy Wind|p1a: Dondozo|[spread] p1a\n|-miss|p2b: Ninetales|p1b: Tatsugiri\n|-supereffective|p1a: Dondozo\n|-damage|p1a: Dondozo|32\/100\n|-unboost|p1a: Dondozo|spe|1\n|move|p2a: Ogerpon|Horn Leech|p1a: Dondozo\n|-resisted|p1a: Dondozo\n|-damage|p1a: Dondozo|11\/100\n|-heal|p2a: Ogerpon|48\/100|[from] drain|[of] p1a: Dondozo\n|\n|-weather|Snow|[upkeep]\n|-heal|p1a: Dondozo|17\/100|[from] item: Leftovers\n|-end|p1a: Dondozo|Encore\n|upkeep\n|turn|14\n|\n|t:|1738695402\n|move|p1a: Dondozo|Protect|p1a: Dondozo\n|-singleturn|p1a: Dondozo|Protect\n|move|p2b: Ninetales|Blizzard|p1a: Dondozo|[spread] \n|-miss|p2b: Ninetales|p1b: Tatsugiri\n|-activate|p1a: Dondozo|move: Protect\n|move|p2a: Ogerpon|Horn Leech|p1b: Tatsugiri|[miss]\n|-miss|p2a: Ogerpon|p1b: Tatsugiri\n|\n|-weather|none\n|-heal|p1a: Dondozo|24\/100|[from] item: Leftovers\n|upkeep\n|turn|15\n|\n|t:|1738695415\n|move|p2b: Ninetales|Encore|p1a: Dondozo\n|-start|p1a: Dondozo|Encore\n|move|p2a: Ogerpon|Horn Leech|p1a: Dondozo\n|-resisted|p1a: Dondozo\n|-damage|p1a: Dondozo|4\/100\n|-heal|p2a: Ogerpon|60\/100|[from] drain|[of] p1a: Dondozo\n|move|p1a: Dondozo|Protect||[still]\n|-fail|p1a: Dondozo\n|\n|-heal|p1a: Dondozo|10\/100|[from] item: Leftovers\n|upkeep\n|turn|16\n|\n|t:|1738695427\n|switch|p2b: Kyurem|Kyurem-White, L50|79\/100\n|-ability|p2b: Kyurem|Turboblaze\n|move|p2a: Ogerpon|Spiky Shield|p2a: Ogerpon\n|-singleturn|p2a: Ogerpon|move: Protect\n|move|p1a: Dondozo|Protect||[still]\n|-fail|p1a: Dondozo\n|\n|-heal|p1a: Dondozo|16\/100|[from] item: Leftovers\n|-sideend|p2: D_Bastial|move: Aurora Veil\n|upkeep\n|turn|17\n|\n|t:|1738695446\n|switch|p2b: Ninetales|Ninetales-Alola, L50, M|100\/100\n|-weather|Snow|[from] ability: Snow Warning|[of] p2b: Ninetales\n|move|p1a: Dondozo|Protect|p1a: Dondozo\n|-singleturn|p1a: Dondozo|Protect\n|move|p2a: Ogerpon|Horn Leech|p1a: Dondozo\n|-activate|p1a: Dondozo|move: Protect\n|\n|-weather|Snow|[upkeep]\n|-heal|p1a: Dondozo|23\/100|[from] item: Leftovers\n|-end|p1a: Dondozo|Encore\n|upkeep\n|turn|18\n|\n|t:|1738695464\n|move|p2b: Ninetales|Blizzard|p1a: Dondozo|[spread] p1a\n|-miss|p2b: Ninetales|p1b: Tatsugiri\n|-supereffective|p1a: Dondozo\n|-damage|p1a: Dondozo|0 fnt\n|faint|p1a: Dondozo\n|move|p2a: Ogerpon|Horn Leech|p1b: Tatsugiri\n|-enditem|p1b: Tatsugiri|Focus Sash\n|-damage|p1b: Tatsugiri|1\/100\n|-heal|p2a: Ogerpon|99\/100|[from] drain|[of] p1b: Tatsugiri\n|\n|-weather|Snow|[upkeep]\n|upkeep\n|\n|t:|1738695468\n|switch|p1a: Calyrex|Calyrex-Shadow, L50|91\/100\n|-ability|p1a: Calyrex|As One\n|-ability|p1a: Calyrex|Unnerve\n|turn|19\n|\n|t:|1738695484\n|move|p1b: Tatsugiri|Helping Hand|p1a: Calyrex\n|-singleturn|p1a: Calyrex|Helping Hand|[of] p1b: Tatsugiri\n|move|p1a: Calyrex|Astral Barrage|p2a: Ogerpon|[spread] p2a,p2b\n|-damage|p2a: Ogerpon|0 fnt\n|-enditem|p2b: Ninetales|Focus Sash\n|-damage|p2b: Ninetales|1\/100\n|faint|p2a: Ogerpon\n|-ability|p1a: Calyrex|Grim Neigh|boost\n|-boost|p1a: Calyrex|spa|1\n|-damage|p1a: Calyrex|82\/100|[from] item: Life Orb\n|move|p2b: Ninetales|Icy Wind|p1a: Calyrex|[spread] p1a,p1b\n|-damage|p1a: Calyrex|66\/100\n|-damage|p1b: Tatsugiri|0 fnt\n|-unboost|p1a: Calyrex|spe|1\n|faint|p1b: Tatsugiri\n|\n|-weather|Snow|[upkeep]\n|upkeep\n|\n|t:|1738695492\n|switch|p1b: Weezing|Weezing-Galar, L50, M, shiny|6\/100\n|switch|p2a: Kyurem|Kyurem-White, L50|79\/100\n|-ability|p1b: Weezing|Neutralizing Gas\n|turn|20\n|inactive|D_Bastial has 30 seconds left.\n|inactive|D_Bastial has 20 seconds left.\n|\n|t:|1738695532\n|-terastallize|p2a: Kyurem|Ice\n|move|p1a: Calyrex|Protect|p1a: Calyrex\n|-singleturn|p1a: Calyrex|Protect\n|move|p1b: Weezing|Protect|p1b: Weezing\n|-singleturn|p1b: Weezing|Protect\n|move|p2b: Ninetales|Blizzard|p1b: Weezing|[spread] \n|-activate|p1a: Calyrex|move: Protect\n|-activate|p1b: Weezing|move: Protect\n|move|p2a: Kyurem|Blizzard|p1a: Calyrex|[spread] \n|-activate|p1a: Calyrex|move: Protect\n|-activate|p1b: Weezing|move: Protect\n|\n|-weather|Snow|[upkeep]\n|upkeep\n|turn|21\n|\n|t:|1738695555\n|move|p1a: Calyrex|Protect||[still]\n|-fail|p1a: Calyrex\n|move|p1b: Weezing|Protect|p1b: Weezing\n|-singleturn|p1b: Weezing|Protect\n|move|p2b: Ninetales|Blizzard|p1a: Calyrex|[spread] p1a\n|-activate|p1b: Weezing|move: Protect\n|-damage|p1a: Calyrex|32\/100\n|move|p2a: Kyurem|Blizzard|p1a: Calyrex|[spread] p1a\n|-activate|p1b: Weezing|move: Protect\n|-damage|p1a: Calyrex|0 fnt\n|faint|p1a: Calyrex\n|\n|-weather|none\n|upkeep\n|turn|22\n|-message|bertscai forfeited.\n|\n|win|D_Bastial\n|raw|bertscai's rating: 1566 &rarr; <strong>1545<\/strong><br \/>(-21 for losing)\n|raw|D_Bastial's rating: 1542 &rarr; <strong>1563<\/strong><br \/>(+21 for winning)\n|l|\u2606bertscai\n|player|p1|\n|l|\u2606D_Bastial\n|player|p2|\n|l| bluestraggler02\n","uploadtime":1738695782,"views":5,"formatid":"gen9vgc2025regg","rating":1545,"private":0,"password":null}