{"id":"gen9vgc2025regg-2294121593","format":"[Gen 9] VGC 2025 Reg G","players":["Lacossg","ssbutan"],"log":"|j|\u2606Lacossg\n|j|\u2606ssbutan\n|t:|1738664483\n|gametype|doubles\n|player|p1|Lacossg|266|1602\n|player|p2|ssbutan|camper|1596\n|teamsize|p1|6\n|teamsize|p2|6\n|gen|9\n|tier|[Gen 9] VGC 2025 Reg G\n|rated|\n|rule|Species Clause: Limit one of each Pok\u00e9mon\n|rule|Item Clause: Limit 1 of each item\n|clearpoke\n|poke|p1|Ditto, L50|\n|poke|p1|Lunala, L50|\n|poke|p1|Indeedee-F, L50, F|\n|poke|p1|Roaring Moon, L50|\n|poke|p1|Urshifu-*, L50, F|\n|poke|p1|Ursaluna, L50, M|\n|poke|p2|Calyrex-Ice, L50|\n|poke|p2|Cresselia, L50, F|\n|poke|p2|Rillaboom, L50, M|\n|poke|p2|Urshifu-*, L50, F|\n|poke|p2|Ting-Lu, L50|\n|poke|p2|Dondozo, L50, F|\n|teampreview|4\n|inactive|Battle timer is ON: inactive players will automatically lose when time's up. (requested by ssbutan)\n|inactive|Lacossg has 60 seconds left.\n|inactive|ssbutan has 60 seconds left.\n|j| Kal0stest\n|\n|t:|1738664534\n|start\n|switch|p1a: Roaring Moon|Roaring Moon, L50|100\/100\n|switch|p1b: Urshifu|Urshifu-Rapid-Strike, L50, F|100\/100\n|switch|p2a: Calyrex|Calyrex-Ice, L50|100\/100\n|switch|p2b: Dondozo|Dondozo, L50, F|100\/100\n|-ability|p2a: Calyrex|As One\n|-ability|p2a: Calyrex|Unnerve\n|-enditem|p1a: Roaring Moon|Booster Energy\n|-activate|p1a: Roaring Moon|ability: Protosynthesis|[fromitem]\n|-start|p1a: Roaring Moon|protosynthesisspe\n|turn|1\n|\n|t:|1738664558\n|-terastallize|p1a: Roaring Moon|Ghost\n|-terastallize|p2a: Calyrex|Fairy\n|move|p1a: Roaring Moon|Knock Off|p2a: Calyrex\n|-resisted|p2a: Calyrex\n|-damage|p2a: Calyrex|87\/100\n|-enditem|p2a: Calyrex|Leftovers|[from] move: Knock Off|[of] p1a: Roaring Moon\n|move|p1b: Urshifu|U-turn|p2a: Calyrex\n|-resisted|p2a: Calyrex\n|-damage|p2a: Calyrex|79\/100\n|-damage|p1b: Urshifu|91\/100|[from] item: Life Orb\n|j| mr pogostick\n|\n|t:|1738664568\n|switch|p1b: Ditto|Ditto, L50|100\/100|[from] U-turn\n|-transform|p1b: Ditto|p2a: Calyrex|[from] ability: Imposter\n|-ability|p1b: Ditto|As One\n|-ability|p1b: Ditto|Unnerve\n|move|p2a: Calyrex|Leech Seed|p1b: Ditto\n|-start|p1b: Ditto|move: Leech Seed\n|move|p2b: Dondozo|Yawn|p1a: Roaring Moon\n|-start|p1a: Roaring Moon|move: Yawn|[of] p2b: Dondozo\n|\n|-damage|p1b: Ditto|88\/100|[from] Leech Seed|[of] p2a: Calyrex\n|-heal|p2a: Calyrex|88\/100|[silent]\n|upkeep\n|-start|p1b: Ditto|typechange|Psychic\/Ice|[silent]\n|turn|2\n|l| mr pogostick\n|inactive|Lacossg has 30 seconds left.\n|inactive|ssbutan has 30 seconds left.\n|inactive|ssbutan has 20 seconds left.\n|\n|t:|1738664603\n|-end|p1a: Roaring Moon|Protosynthesis|[silent]\n|switch|p1a: Lunala|Lunala, L50|100\/100\n|move|p2a: Calyrex|Glacial Lance|p1b: Ditto|[spread] p1a,p1b\n|-resisted|p1b: Ditto\n|-damage|p1a: Lunala|83\/100\n|-damage|p1b: Ditto|73\/100\n|move|p1b: Ditto|Leech Seed|p2b: Dondozo\n|-start|p2b: Dondozo|move: Leech Seed\n|move|p2b: Dondozo|Yawn|p1a: Lunala\n|-start|p1a: Lunala|move: Yawn|[of] p2b: Dondozo\n|\n|-damage|p1b: Ditto|60\/100|[from] Leech Seed|[of] p2a: Calyrex\n|-heal|p2a: Calyrex|98\/100|[silent]\n|-damage|p2b: Dondozo|88\/100|[from] Leech Seed|[of] p1b: Ditto\n|-heal|p1b: Ditto|81\/100|[silent]\n|upkeep\n|turn|3\n|\n|t:|1738664626\n|switch|p1a: Urshifu|Urshifu-Rapid-Strike, L50, F|91\/100\n|move|p1b: Ditto|Glacial Lance|p2b: Dondozo|[spread] p2a,p2b\n|-resisted|p2b: Dondozo\n|-damage|p2a: Calyrex|75\/100\n|-damage|p2b: Dondozo|74\/100\n|move|p2a: Calyrex|Glacial Lance|p1b: Ditto|[spread] p1a,p1b\n|-resisted|p1a: Urshifu\n|-resisted|p1b: Ditto\n|-damage|p1a: Urshifu|69\/100\n|-damage|p1b: Ditto|66\/100\n|move|p2b: Dondozo|Yawn|p1a: Urshifu\n|-start|p1a: Urshifu|move: Yawn|[of] p2b: Dondozo\n|\n|-damage|p1b: Ditto|53\/100|[from] Leech Seed|[of] p2a: Calyrex\n|-heal|p2a: Calyrex|85\/100|[silent]\n|-damage|p2b: Dondozo|62\/100|[from] Leech Seed|[of] p1b: Ditto\n|-heal|p1b: Ditto|74\/100|[silent]\n|upkeep\n|turn|4\n|\n|t:|1738664645\n|move|p1a: Urshifu|Surging Strikes|p2a: Calyrex\n|-crit|p2a: Calyrex\n|-damage|p2a: Calyrex|72\/100\n|-crit|p2a: Calyrex\n|-damage|p2a: Calyrex|60\/100\n|-crit|p2a: Calyrex\n|-damage|p2a: Calyrex|46\/100\n|-hitcount|p2a: Calyrex|3\n|-damage|p1a: Urshifu|59\/100|[from] item: Life Orb\n|move|p2a: Calyrex|Glacial Lance|p1b: Ditto|[spread] p1a,p1b\n|-resisted|p1a: Urshifu\n|-resisted|p1b: Ditto\n|-damage|p1a: Urshifu|37\/100\n|-damage|p1b: Ditto|59\/100\n|move|p1b: Ditto|Glacial Lance|p2b: Dondozo|[spread] p2a,p2b\n|-resisted|p2b: Dondozo\n|-damage|p2a: Calyrex|24\/100\n|-damage|p2b: Dondozo|46\/100\n|move|p2b: Dondozo|Yawn||[still]\n|-fail|p2b: Dondozo\n|\n|-damage|p1b: Ditto|46\/100|[from] Leech Seed|[of] p2a: Calyrex\n|-heal|p2a: Calyrex|33\/100|[silent]\n|-damage|p2b: Dondozo|34\/100|[from] Leech Seed|[of] p1b: Ditto\n|-heal|p1b: Ditto|67\/100|[silent]\n|-end|p1a: Urshifu|move: Yawn|[silent]\n|-status|p1a: Urshifu|slp\n|upkeep\n|turn|5\n|inactive|ssbutan has 30 seconds left.\n|inactive|ssbutan has 20 seconds left.\n|inactive|ssbutan has 15 seconds left.\n|\n|t:|1738664686\n|switch|p2b: Urshifu|Urshifu-Rapid-Strike, L50, F|100\/100\n|cant|p1a: Urshifu|slp\n|move|p1b: Ditto|Glacial Lance|p2a: Calyrex|[spread] p2a,p2b\n|-resisted|p2b: Urshifu\n|-damage|p2a: Calyrex|10\/100\n|-damage|p2b: Urshifu|78\/100\n|move|p2a: Calyrex|Giga Drain|p1a: Urshifu\n|-supereffective|p1a: Urshifu\n|-damage|p1a: Urshifu|0 fnt\n|-heal|p2a: Calyrex|27\/100|[from] drain|[of] p1a: Urshifu\n|faint|p1a: Urshifu\n|-ability|p2a: Calyrex|Chilling Neigh|boost\n|-boost|p2a: Calyrex|atk|1\n|\n|-damage|p1b: Ditto|55\/100|[from] Leech Seed|[of] p2a: Calyrex\n|-heal|p2a: Calyrex|36\/100|[silent]\n|upkeep\n|\n|t:|1738664702\n|switch|p1a: Lunala|Lunala, L50|83\/100\n|turn|6\n|\n|t:|1738664723\n|switch|p1b: Roaring Moon|Roaring Moon, L50, tera:Ghost|100\/100\n|move|p2a: Calyrex|Protect|p2a: Calyrex\n|-singleturn|p2a: Calyrex|Protect\n|move|p2b: Urshifu|U-turn|p1a: Lunala\n|-damage|p1a: Lunala|62\/100\n|\n|t:|1738664732\n|switch|p2b: Rillaboom|Rillaboom, L50, M|100\/100|[from] U-turn\n|-fieldstart|move: Grassy Terrain|[from] ability: Grassy Surge|[of] p2b: Rillaboom\n|move|p1a: Lunala|Expanding Force|p2b: Rillaboom\n|-damage|p2b: Rillaboom|66\/100\n|\n|-heal|p1a: Lunala|68\/100|[from] Grassy Terrain\n|-heal|p2b: Rillaboom|72\/100|[from] Grassy Terrain\n|-heal|p2a: Calyrex|42\/100|[from] Grassy Terrain\n|upkeep\n|turn|7\n|inactive|Lacossg has 30 seconds left.\n|\n|t:|1738664762\n|-end|p1b: Roaring Moon|Protosynthesis|[silent]\n|switch|p1b: Ditto|Ditto, L50|55\/100\n|-transform|p1b: Ditto|p2a: Calyrex|[from] ability: Imposter\n|-ability|p1b: Ditto|As One\n|-ability|p1b: Ditto|Unnerve\n|move|p1a: Lunala|Meteor Beam||[still]\n|-prepare|p1a: Lunala|Meteor Beam\n|-boost|p1a: Lunala|spa|1\n|-enditem|p1a: Lunala|Power Herb\n|-anim|p1a: Lunala|Meteor Beam|p2a: Calyrex\n|-damage|p2a: Calyrex|0 fnt\n|faint|p2a: Calyrex\n|move|p2b: Rillaboom|Knock Off|p1a: Lunala\n|-supereffective|p1a: Lunala\n|-damage|p1a: Lunala|7\/100\n|\n|-heal|p1a: Lunala|13\/100|[from] Grassy Terrain\n|-heal|p2b: Rillaboom|77\/100|[from] Grassy Terrain\n|-heal|p1b: Ditto|60\/100|[from] Grassy Terrain\n|upkeep\n|\n|t:|1738664784\n|switch|p2a: Urshifu|Urshifu-Rapid-Strike, L50, F|78\/100\n|-start|p1b: Ditto|typechange|Psychic\/Ice|[silent]\n|turn|8\n|inactive|Lacossg has 30 seconds left.\n|\n|t:|1738664815\n|move|p2b: Rillaboom|Grassy Glide|p1a: Lunala\n|-damage|p1a: Lunala|0 fnt\n|faint|p1a: Lunala\n|move|p2a: Urshifu|U-turn|p1b: Ditto\n|-supereffective|p1b: Ditto\n|-damage|p1b: Ditto|28\/100\n|\n|t:|1738664822\n|switch|p2a: Dondozo|Dondozo, L50, F|34\/100|[from] U-turn\n|move|p1b: Ditto|Glacial Lance|p2b: Rillaboom|[spread] p2a,p2b\n|-resisted|p2a: Dondozo\n|-supereffective|p2b: Rillaboom\n|-damage|p2a: Dondozo|11\/100\n|-damage|p2b: Rillaboom|0 fnt\n|faint|p2b: Rillaboom\n|-ability|p1b: Ditto|Chilling Neigh|boost\n|-boost|p1b: Ditto|atk|1\n|\n|-heal|p1b: Ditto|34\/100|[from] Grassy Terrain\n|-heal|p2a: Dondozo|18\/100|[from] Grassy Terrain\n|upkeep\n|\n|t:|1738664830\n|switch|p1a: Roaring Moon|Roaring Moon, L50, tera:Ghost|100\/100\n|switch|p2b: Urshifu|Urshifu-Rapid-Strike, L50, F|78\/100\n|turn|9\n|\n|t:|1738664855\n|move|p2b: Urshifu|Surging Strikes|p1b: Ditto\n|-crit|p1b: Ditto\n|-damage|p1b: Ditto|20\/100\n|-crit|p1b: Ditto\n|-damage|p1b: Ditto|6\/100\n|-crit|p1b: Ditto\n|-damage|p1b: Ditto|0 fnt\n|faint|p1b: Ditto\n|-hitcount|p1: Ditto|3\n|move|p1a: Roaring Moon|Knock Off|p2a: Dondozo\n|-damage|p2a: Dondozo|0 fnt\n|-damage|p1a: Roaring Moon|84\/100|[from] item: Rocky Helmet|[of] p2a: Dondozo\n|-enditem|p2a: Dondozo|Rocky Helmet|[from] move: Knock Off|[of] p1a: Roaring Moon\n|faint|p2a: Dondozo\n|\n|-heal|p2b: Urshifu|85\/100|[from] Grassy Terrain\n|-heal|p1a: Roaring Moon|90\/100|[from] Grassy Terrain\n|upkeep\n|turn|10\n|\n|t:|1738664870\n|move|p2b: Urshifu|Surging Strikes|p1a: Roaring Moon\n|-crit|p1a: Roaring Moon\n|-damage|p1a: Roaring Moon|66\/100\n|-crit|p1a: Roaring Moon\n|-damage|p1a: Roaring Moon|45\/100\n|-crit|p1a: Roaring Moon\n|-damage|p1a: Roaring Moon|20\/100\n|-hitcount|p1a: Roaring Moon|3\n|move|p1a: Roaring Moon|Knock Off|p2b: Urshifu\n|-resisted|p2b: Urshifu\n|-damage|p2b: Urshifu|62\/100\n|-enditem|p2b: Urshifu|Choice Scarf|[from] move: Knock Off|[of] p1a: Roaring Moon\n|\n|-heal|p1a: Roaring Moon|26\/100|[from] Grassy Terrain\n|-heal|p2b: Urshifu|69\/100|[from] Grassy Terrain\n|-fieldend|move: Grassy Terrain\n|upkeep\n|turn|11\n|\n|t:|1738664885\n|move|p1a: Roaring Moon|Knock Off|p2b: Urshifu\n|-resisted|p2b: Urshifu\n|-damage|p2b: Urshifu|52\/100\n|move|p2b: Urshifu|Surging Strikes|p1a: Roaring Moon\n|-crit|p1a: Roaring Moon\n|-damage|p1a: Roaring Moon|1\/100\n|-crit|p1a: Roaring Moon\n|-damage|p1a: Roaring Moon|0 fnt\n|faint|p1a: Roaring Moon\n|-end|p1a: Roaring Moon|Protosynthesis|[silent]\n|-hitcount|p1: Roaring Moon|2\n|\n|win|ssbutan\n|raw|Lacossg's rating: 1602 &rarr; <strong>1582<\/strong><br \/>(-20 for losing)\n|raw|ssbutan's rating: 1596 &rarr; <strong>1616<\/strong><br \/>(+20 for winning)\n","uploadtime":1738664890,"views":13,"formatid":"gen9vgc2025regg","rating":1582,"private":0,"password":null}