{"id":"gen9vgc2025regg-2294961027","format":"[Gen 9] VGC 2025 Reg G","players":["koji muranishi","bidoofutopia"],"log":"|j|\u2606koji muranishi\n|j|\u2606bidoofutopia\n|t:|1738772966\n|gametype|doubles\n|player|p1|koji muranishi|101|1675\n|player|p2|bidoofutopia|lucas|1637\n|teamsize|p1|6\n|teamsize|p2|6\n|gen|9\n|tier|[Gen 9] VGC 2025 Reg G\n|rated|\n|rule|Species Clause: Limit one of each Pok\u00e9mon\n|rule|Item Clause: Limit 1 of each item\n|clearpoke\n|poke|p1|Whimsicott, L50, F|\n|poke|p1|Calyrex-Ice, L50|\n|poke|p1|Urshifu-*, L50, M|\n|poke|p1|Entei, L50|\n|poke|p1|Raging Bolt, L50|\n|poke|p1|Landorus, L50, M|\n|poke|p2|Miraidon, L50|\n|poke|p2|Grimmsnarl, L50, M|\n|poke|p2|Farigiraf, L50, F|\n|poke|p2|Iron Hands, L50|\n|poke|p2|Urshifu-*, L50, M|\n|poke|p2|Chi-Yu, L50|\n|teampreview|4\n|inactive|Battle timer is ON: inactive players will automatically lose when time's up. (requested by bidoofutopia)\n|inactive|bidoofutopia has 60 seconds left.\n|\n|t:|1738772999\n|start\n|switch|p1a: Whimsicott|Whimsicott, L50, F|100\/100\n|switch|p1b: Landorus|Landorus, L50, M|100\/100\n|switch|p2a: Grimmsnarl|Grimmsnarl, L50, M|100\/100\n|switch|p2b: Miraidon|Miraidon, L50|100\/100\n|-fieldstart|move: Electric Terrain|[from] ability: Hadron Engine|[of] p2b: Miraidon\n|turn|1\n|\n|t:|1738773016\n|-terastallize|p2b: Miraidon|Fairy\n|move|p1a: Whimsicott|Tailwind|p1a: Whimsicott\n|-sidestart|p1: koji muranishi|move: Tailwind\n|move|p2a: Grimmsnarl|Light Screen|p2a: Grimmsnarl\n|-sidestart|p2: bidoofutopia|move: Light Screen\n|move|p1b: Landorus|Sandsear Storm|p2b: Miraidon|[spread] p2a,p2b\n|-damage|p2a: Grimmsnarl|57\/100\n|-damage|p2b: Miraidon|65\/100\n|move|p2b: Miraidon|Dazzling Gleam|p1a: Whimsicott|[spread] p1a,p1b\n|-enditem|p1a: Whimsicott|Focus Sash\n|-damage|p1a: Whimsicott|1\/100\n|-damage|p1b: Landorus|11\/100\n|\n|upkeep\n|turn|2\n|\n|t:|1738773040\n|move|p2a: Grimmsnarl|Reflect|p2a: Grimmsnarl\n|-sidestart|p2: bidoofutopia|Reflect\n|move|p1a: Whimsicott|Moonblast|p2a: Grimmsnarl\n|-supereffective|p2a: Grimmsnarl\n|-damage|p2a: Grimmsnarl|12\/100\n|move|p1b: Landorus|Sandsear Storm|p2a: Grimmsnarl|[spread] p2a,p2b\n|-crit|p2a: Grimmsnarl\n|-damage|p2a: Grimmsnarl|0 fnt\n|-damage|p2b: Miraidon|31\/100\n|faint|p2a: Grimmsnarl\n|move|p2b: Miraidon|Dazzling Gleam|p1a: Whimsicott|[spread] p1a,p1b\n|-crit|p1a: Whimsicott\n|-damage|p1a: Whimsicott|0 fnt\n|-damage|p1b: Landorus|0 fnt\n|faint|p1a: Whimsicott\n|faint|p1b: Landorus\n|\n|upkeep\n|\n|t:|1738773057\n|switch|p1a: Raging Bolt|Raging Bolt, L50|100\/100\n|switch|p1b: Calyrex|Calyrex-Ice, L50|100\/100\n|switch|p2a: Iron Hands|Iron Hands, L50|100\/100\n|-ability|p1b: Calyrex|As One\n|-ability|p1b: Calyrex|Unnerve\n|-enditem|p1a: Raging Bolt|Booster Energy\n|-activate|p1a: Raging Bolt|ability: Protosynthesis|[fromitem]\n|-start|p1a: Raging Bolt|protosynthesisspa\n|-activate|p2a: Iron Hands|ability: Quark Drive\n|-start|p2a: Iron Hands|quarkdriveatk\n|turn|3\n|\n|t:|1738773074\n|-end|p2a: Iron Hands|Quark Drive|[silent]\n|switch|p2a: Farigiraf|Farigiraf, L50, F|100\/100\n|-enditem|p2a: Farigiraf|Electric Seed\n|-boost|p2a: Farigiraf|def|1|[from] item: Electric Seed\n|move|p1a: Raging Bolt|Thunderbolt|p2b: Miraidon\n|-damage|p2b: Miraidon|0 fnt\n|faint|p2b: Miraidon\n|move|p1b: Calyrex|Glacial Lance|p2a: Farigiraf\n|-damage|p2a: Farigiraf|58\/100\n|\n|upkeep\n|\n|t:|1738773082\n|switch|p2b: Iron Hands|Iron Hands, L50|100\/100\n|-activate|p2b: Iron Hands|ability: Quark Drive\n|-start|p2b: Iron Hands|quarkdriveatk\n|turn|4\n|\n|t:|1738773095\n|-terastallize|p1b: Calyrex|Ice\n|move|p2b: Iron Hands|Fake Out|p1a: Raging Bolt\n|-damage|p1a: Raging Bolt|81\/100\n|cant|p1a: Raging Bolt|flinch\n|move|p1b: Calyrex|Glacial Lance|p2a: Farigiraf|[spread] p2a,p2b\n|-damage|p2a: Farigiraf|15\/100\n|-damage|p2b: Iron Hands|55\/100\n|move|p2a: Farigiraf|Trick Room|p2a: Farigiraf\n|-fieldstart|move: Trick Room|[of] p2a: Farigiraf\n|\n|-sideend|p1: koji muranishi|move: Tailwind\n|upkeep\n|turn|5\n|\n|t:|1738773119\n|move|p2a: Farigiraf|Helping Hand|p2b: Iron Hands\n|-singleturn|p2b: Iron Hands|Helping Hand|[of] p2a: Farigiraf\n|move|p2b: Iron Hands|Low Kick|p1b: Calyrex\n|-supereffective|p1b: Calyrex\n|-crit|p1b: Calyrex\n|-damage|p1b: Calyrex|0 fnt\n|faint|p1b: Calyrex\n|move|p1a: Raging Bolt|Thunderbolt|p2a: Farigiraf\n|-damage|p2a: Farigiraf|0 fnt\n|faint|p2a: Farigiraf\n|\n|-fieldend|move: Electric Terrain\n|-end|p2b: Iron Hands|Quark Drive\n|upkeep\n|turn|6\n|\n|t:|1738773132\n|move|p1a: Raging Bolt|Protect|p1a: Raging Bolt\n|-singleturn|p1a: Raging Bolt|Protect\n|move|p2b: Iron Hands|Drain Punch|p1a: Raging Bolt\n|-activate|p1a: Raging Bolt|move: Protect\n|\n|upkeep\n|turn|7\n|\n|t:|1738773140\n|move|p2b: Iron Hands|Drain Punch|p1a: Raging Bolt\n|-damage|p1a: Raging Bolt|42\/100\n|-heal|p2b: Iron Hands|73\/100|[from] drain|[of] p1a: Raging Bolt\n|move|p1a: Raging Bolt|Draco Meteor|p2b: Iron Hands\n|-damage|p2b: Iron Hands|36\/100\n|-unboost|p1a: Raging Bolt|spa|2\n|\n|upkeep\n|turn|8\n|\n|t:|1738773150\n|move|p1a: Raging Bolt|Protect|p1a: Raging Bolt\n|-singleturn|p1a: Raging Bolt|Protect\n|move|p2b: Iron Hands|Low Kick|p1a: Raging Bolt\n|-activate|p1a: Raging Bolt|move: Protect\n|\n|-sideend|p2: bidoofutopia|move: Light Screen\n|-fieldend|move: Trick Room\n|upkeep\n|turn|9\n|\n|t:|1738773163\n|move|p1a: Raging Bolt|Draco Meteor|p2b: Iron Hands\n|-damage|p2b: Iron Hands|3\/100\n|-unboost|p1a: Raging Bolt|spa|2\n|move|p2b: Iron Hands|Low Kick|p1a: Raging Bolt\n|-damage|p1a: Raging Bolt|0 fnt\n|faint|p1a: Raging Bolt\n|-end|p1a: Raging Bolt|Protosynthesis|[silent]\n|\n|win|bidoofutopia\n|raw|koji muranishi's rating: 1675 &rarr; <strong>1653<\/strong><br \/>(-22 for losing)\n|raw|bidoofutopia's rating: 1637 &rarr; <strong>1659<\/strong><br \/>(+22 for winning)\n|l|\u2606koji muranishi\n|player|p1|\n","uploadtime":1738773355,"views":9,"formatid":"gen9vgc2025regg","rating":1653,"private":0,"password":null}