{"id":"gen9vgc2025regg-2294769414","format":"[Gen 9] VGC 2025 Reg G","players":["MarcoHan","Gamertag1001"],"log":"|j|\u2606MarcoHan\n|j|\u2606Gamertag1001\n|t:|1738747615\n|gametype|doubles\n|player|p1|MarcoHan|steven|1523\n|player|p2|Gamertag1001|kieran-champion|1566\n|teamsize|p1|6\n|teamsize|p2|6\n|gen|9\n|tier|[Gen 9] VGC 2025 Reg G\n|rated|\n|rule|Species Clause: Limit one of each Pok\u00e9mon\n|rule|Item Clause: Limit 1 of each item\n|clearpoke\n|poke|p1|Tyranitar, L50, M|\n|poke|p1|Calyrex-Ice, L50|\n|poke|p1|Excadrill, L50, M|\n|poke|p1|Zapdos-Galar, L50|\n|poke|p1|Amoonguss, L50, F|\n|poke|p1|Arcanine-Hisui, L50, M|\n|poke|p2|Calyrex-Ice, L50|\n|poke|p2|Landorus, L50, M|\n|poke|p2|Roaring Moon, L50|\n|poke|p2|Iron Hands, L50|\n|poke|p2|Dondozo, L50, M|\n|poke|p2|Ogerpon-Hearthflame, L50, F|\n|teampreview|4\n|inactive|Battle timer is ON: inactive players will automatically lose when time's up. (requested by Gamertag1001)\n|inactive|MarcoHan also wants the timer to be on.\n|j| alt+numpad1\n|inactive|MarcoHan has 60 seconds left.\n|inactive|Gamertag1001 has 60 seconds left.\n|\n|t:|1738747662\n|start\n|switch|p1a: Amoonguss|Amoonguss, L50, F|100\/100\n|switch|p1b: Calyrex|Calyrex-Ice, L50|100\/100\n|switch|p2a: Multipliers|Landorus, L50, M|100\/100\n|switch|p2b: Acrobatics Bot|Roaring Moon, L50|100\/100\n|-ability|p1b: Calyrex|As One\n|-ability|p1b: Calyrex|Unnerve\n|-enditem|p2b: Acrobatics Bot|Booster Energy\n|-activate|p2b: Acrobatics Bot|ability: Protosynthesis|[fromitem]\n|-start|p2b: Acrobatics Bot|protosynthesisspe\n|turn|1\n|\n|t:|1738747686\n|-terastallize|p2a: Multipliers|Steel\n|move|p1a: Amoonguss|Rage Powder|p1a: Amoonguss\n|-singleturn|p1a: Amoonguss|move: Rage Powder\n|move|p2b: Acrobatics Bot|Acrobatics|p1a: Amoonguss\n|-supereffective|p1a: Amoonguss\n|-damage|p1a: Amoonguss|42\/100\n|-damage|p2b: Acrobatics Bot|84\/100|[from] item: Rocky Helmet|[of] p1a: Amoonguss\n|move|p2a: Multipliers|Sandsear Storm|p1a: Amoonguss|[spread] p1a,p1b\n|-damage|p1a: Amoonguss|0 fnt\n|-damage|p1b: Calyrex|61\/100\n|faint|p1a: Amoonguss\n|move|p1b: Calyrex|Glacial Lance|p2a: Multipliers|[spread] p2a,p2b\n|-resisted|p2a: Multipliers\n|-supereffective|p2b: Acrobatics Bot\n|-damage|p2a: Multipliers|67\/100\n|-damage|p2b: Acrobatics Bot|0 fnt\n|faint|p2b: Acrobatics Bot\n|-end|p2b: Acrobatics Bot|Protosynthesis|[silent]\n|-ability|p1b: Calyrex|Chilling Neigh|boost\n|-boost|p1b: Calyrex|atk|1\n|\n|upkeep\n|\n|t:|1738747698\n|switch|p2b: 50% Accurate|Calyrex-Ice, L50|100\/100\n|switch|p1a: Zapdos|Zapdos-Galar, L50|100\/100\n|-ability|p2b: 50% Accurate|As One\n|-ability|p2b: 50% Accurate|Unnerve\n|turn|2\n|\n|t:|1738747709\n|-terastallize|p1a: Zapdos|Ghost\n|move|p2a: Multipliers|Protect|p2a: Multipliers\n|-singleturn|p2a: Multipliers|Protect\n|move|p1a: Zapdos|Thunderous Kick|p2a: Multipliers\n|-activate|p2a: Multipliers|move: Protect\n|move|p2b: 50% Accurate|Glacial Lance|p1a: Zapdos|[spread] p1a,p1b\n|-resisted|p1b: Calyrex\n|-damage|p1a: Zapdos|38\/100\n|-damage|p1b: Calyrex|43\/100\n|move|p1b: Calyrex|High Horsepower|p2b: 50% Accurate\n|-damage|p2b: 50% Accurate|59\/100\n|\n|upkeep\n|turn|3\n|\n|t:|1738747723\n|switch|p2a: Brian Hands|Iron Hands, L50|100\/100\n|move|p1a: Zapdos|Thunderous Kick|p2a: Brian Hands\n|-damage|p2a: Brian Hands|70\/100\n|-unboost|p2a: Brian Hands|def|1\n|move|p2b: 50% Accurate|Glacial Lance|p1a: Zapdos|[spread] p1a,p1b\n|-resisted|p1b: Calyrex\n|-damage|p1a: Zapdos|0 fnt\n|-damage|p1b: Calyrex|26\/100\n|faint|p1a: Zapdos\n|-ability|p2b: 50% Accurate|Chilling Neigh|boost\n|-boost|p2b: 50% Accurate|atk|1\n|move|p1b: Calyrex|High Horsepower|p2b: 50% Accurate\n|-damage|p2b: 50% Accurate|19\/100\n|\n|upkeep\n|\n|t:|1738747736\n|switch|p1a: Tyranitar|Tyranitar, L50, M, shiny|100\/100\n|-weather|Sandstorm|[from] ability: Sand Stream|[of] p1a: Tyranitar\n|turn|4\n|\n|t:|1738747748\n|move|p1a: Tyranitar|Protect|p1a: Tyranitar\n|-singleturn|p1a: Tyranitar|Protect\n|move|p1b: Calyrex|Protect|p1b: Calyrex\n|-singleturn|p1b: Calyrex|Protect\n|move|p2a: Brian Hands|Fake Out|p1a: Tyranitar\n|-activate|p1a: Tyranitar|move: Protect\n|move|p2b: 50% Accurate|High Horsepower|p1b: Calyrex\n|-activate|p1b: Calyrex|move: Protect\n|\n|-weather|Sandstorm|[upkeep]\n|-damage|p2b: 50% Accurate|14\/100|[from] Sandstorm\n|-damage|p2a: Brian Hands|64\/100|[from] Sandstorm\n|-damage|p1b: Calyrex|20\/100|[from] Sandstorm\n|upkeep\n|turn|5\n|\n|t:|1738747769\n|move|p1a: Tyranitar|Knock Off|p2b: 50% Accurate\n|-supereffective|p2b: 50% Accurate\n|-damage|p2b: 50% Accurate|0 fnt\n|-enditem|p2b: 50% Accurate|Clear Amulet|[from] move: Knock Off|[of] p1a: Tyranitar\n|faint|p2b: 50% Accurate\n|move|p2a: Brian Hands|Low Kick|p1a: Tyranitar\n|-supereffective|p1a: Tyranitar\n|-enditem|p1a: Tyranitar|Focus Sash\n|-damage|p1a: Tyranitar|1\/100\n|move|p1b: Calyrex|High Horsepower|p2a: Brian Hands\n|-supereffective|p2a: Brian Hands\n|-damage|p2a: Brian Hands|0 fnt\n|faint|p2a: Brian Hands\n|-end|p2a: Brian Hands|Quark Drive|[silent]\n|-ability|p1b: Calyrex|Chilling Neigh|boost\n|-boost|p1b: Calyrex|atk|1\n|\n|-weather|Sandstorm|[upkeep]\n|-damage|p1b: Calyrex|15\/100|[from] Sandstorm\n|upkeep\n|\n|t:|1738747775\n|switch|p2a: Multipliers|Landorus, L50, M, tera:Steel|67\/100\n|turn|6\n|inactive|MarcoHan has 30 seconds left.\n|\n|t:|1738747801\n|move|p2a: Multipliers|Protect|p2a: Multipliers\n|-singleturn|p2a: Multipliers|Protect\n|move|p1a: Tyranitar|Knock Off|p2a: Multipliers\n|-activate|p2a: Multipliers|move: Protect\n|move|p1b: Calyrex|High Horsepower|p2a: Multipliers\n|-activate|p2a: Multipliers|move: Protect\n|\n|-weather|Sandstorm|[upkeep]\n|-damage|p1b: Calyrex|9\/100|[from] Sandstorm\n|upkeep\n|turn|7\n|\n|t:|1738747816\n|move|p2a: Multipliers|Earth Power|p1b: Calyrex\n|-damage|p1b: Calyrex|0 fnt\n|faint|p1b: Calyrex\n|move|p1a: Tyranitar|Knock Off|p2a: Multipliers\n|-damage|p2a: Multipliers|0 fnt\n|-enditem|p2a: Multipliers|Life Orb|[from] move: Knock Off|[of] p1a: Tyranitar\n|faint|p2a: Multipliers\n|\n|win|MarcoHan\n|raw|MarcoHan's rating: 1523 &rarr; <strong>1545<\/strong><br \/>(+22 for winning)\n|raw|Gamertag1001's rating: 1566 &rarr; <strong>1544<\/strong><br \/>(-22 for losing)\n|l|\u2606MarcoHan\n|player|p1|\n|l|\u2606Gamertag1001\n|player|p2|\n","uploadtime":1738747991,"views":9,"formatid":"gen9vgc2025regg","rating":1544,"private":0,"password":null}