{"id":"gen9vgc2025regg-2294439727","format":"[Gen 9] VGC 2025 Reg G","players":["Spottedwoot","kuanyou"],"log":"|j|\u2606Spottedwoot\n|j|\u2606kuanyou\n|t:|1738700626\n|gametype|doubles\n|player|p1|Spottedwoot|266|1522\n|player|p2|kuanyou|265|1551\n|teamsize|p1|6\n|teamsize|p2|6\n|gen|9\n|tier|[Gen 9] VGC 2025 Reg G\n|rated|\n|rule|Species Clause: Limit one of each Pok\u00e9mon\n|rule|Item Clause: Limit 1 of each item\n|clearpoke\n|poke|p1|Miraidon, L50|\n|poke|p1|Pelipper, L50, F|\n|poke|p1|Archaludon, L50, F|\n|poke|p1|Incineroar, L50, F|\n|poke|p1|Urshifu-*, L50, M|\n|poke|p1|Landorus, L50, M|\n|poke|p2|Calyrex-Shadow, L50|\n|poke|p2|Weezing-Galar, L50, F|\n|poke|p2|Dondozo, L50, M|\n|poke|p2|Tatsugiri-Droopy, L50, M|\n|poke|p2|Urshifu-*, L50, F|\n|poke|p2|Indeedee-F, L50, F|\n|teampreview|4\n|\n|t:|1738700656\n|start\n|switch|p1a: Miraidon|Miraidon, L50|100\/100\n|switch|p1b: Urshifu|Urshifu-Rapid-Strike, L50, M|100\/100\n|switch|p2a: Calyrex|Calyrex-Shadow, L50|100\/100\n|switch|p2b: Weezing|Weezing-Galar, L50, F|100\/100\n|-ability|p2b: Weezing|Neutralizing Gas\n|-ability|p2a: Calyrex|As One\n|-ability|p2a: Calyrex|Unnerve\n|turn|1\n|\n|t:|1738700680\n|move|p1b: Urshifu|Surging Strikes|p2a: Calyrex\n|-crit|p2a: Calyrex\n|-damage|p2a: Calyrex|79\/100\n|-crit|p2a: Calyrex\n|-damage|p2a: Calyrex|57\/100\n|-crit|p2a: Calyrex\n|-damage|p2a: Calyrex|35\/100\n|-hitcount|p2a: Calyrex|3\n|move|p2a: Calyrex|Astral Barrage|p1b: Urshifu|[spread] p1a,p1b\n|-damage|p1a: Miraidon|40\/100\n|-damage|p1b: Urshifu|0 fnt\n|faint|p1b: Urshifu\n|-ability|p2a: Calyrex|Grim Neigh|boost\n|-boost|p2a: Calyrex|spa|1\n|-damage|p2a: Calyrex|26\/100|[from] item: Life Orb\n|move|p1a: Miraidon|Electro Drift|p2a: Calyrex\n|-damage|p2a: Calyrex|0 fnt\n|faint|p2a: Calyrex\n|move|p2b: Weezing|Poison Gas|p1a: Miraidon\n|-status|p1a: Miraidon|psn\n|\n|-damage|p1a: Miraidon|29\/100 psn|[from] psn\n|upkeep\n|\n|t:|1738700704\n|switch|p2a: Dondozo|Dondozo, L50, M|100\/100\n|switch|p1b: Landorus|Landorus, L50, M|100\/100\n|turn|2\n|\n|t:|1738700715\n|move|p2a: Dondozo|Protect|p2a: Dondozo\n|-singleturn|p2a: Dondozo|Protect\n|move|p1a: Miraidon|Electro Drift|p2a: Dondozo\n|-activate|p2a: Dondozo|move: Protect\n|move|p1b: Landorus|Earth Power|p2b: Weezing\n|-supereffective|p2b: Weezing\n|-damage|p2b: Weezing|0 fnt\n|faint|p2b: Weezing\n|-end|p2b: Weezing|ability: Neutralizing Gas\n|-fieldstart|move: Electric Terrain|[from] ability: Hadron Engine|[of] p1a: Miraidon\n|-damage|p1b: Landorus|91\/100|[from] item: Life Orb\n|\n|-damage|p1a: Miraidon|16\/100 psn|[from] psn\n|upkeep\n|\n|t:|1738700732\n|switch|p2b: Tatsugiri|Tatsugiri-Droopy, L50, M, shiny|100\/100\n|-activate|p2b: Tatsugiri|ability: Commander|[of] p2a: Dondozo\n|-boost|p2a: Dondozo|atk|2\n|-boost|p2a: Dondozo|spa|2\n|-boost|p2a: Dondozo|spe|2\n|-boost|p2a: Dondozo|def|2\n|-boost|p2a: Dondozo|spd|2\n|turn|3\n|\n|t:|1738700737\n|-terastallize|p2a: Dondozo|Grass\n|move|p1b: Landorus|Protect|p1b: Landorus\n|-singleturn|p1b: Landorus|Protect\n|move|p1a: Miraidon|Electro Drift|p2a: Dondozo\n|-resisted|p2a: Dondozo\n|-damage|p2a: Dondozo|71\/100\n|move|p2a: Dondozo|Wave Crash|p1b: Landorus\n|-activate|p1b: Landorus|move: Protect\n|\n|-heal|p2a: Dondozo|77\/100|[from] item: Leftovers\n|-damage|p1a: Miraidon|4\/100 psn|[from] psn\n|upkeep\n|turn|4\n|\n|t:|1738700753\n|-terastallize|p1b: Landorus|Poison\n|move|p2a: Dondozo|Protect|p2a: Dondozo\n|-singleturn|p2a: Dondozo|Protect\n|move|p1a: Miraidon|Electro Drift|p2a: Dondozo\n|-activate|p2a: Dondozo|move: Protect\n|move|p1b: Landorus|Sludge Bomb|p2a: Dondozo\n|-activate|p2a: Dondozo|move: Protect\n|\n|-heal|p2a: Dondozo|83\/100|[from] item: Leftovers\n|-damage|p1a: Miraidon|0 fnt|[from] psn\n|faint|p1a: Miraidon\n|upkeep\n|\n|t:|1738700757\n|switch|p1a: Pelipper|Pelipper, L50, F|100\/100\n|-weather|RainDance|[from] ability: Drizzle|[of] p1a: Pelipper\n|turn|5\n|\n|t:|1738700787\n|move|p1b: Landorus|Protect|p1b: Landorus\n|-singleturn|p1b: Landorus|Protect\n|move|p2a: Dondozo|Order Up|p1a: Pelipper\n|-damage|p1a: Pelipper|60\/100\n|-boost|p2a: Dondozo|def|1\n|move|p1a: Pelipper|Tailwind|p1a: Pelipper\n|-sidestart|p1: Spottedwoot|move: Tailwind\n|\n|-weather|RainDance|[upkeep]\n|-heal|p2a: Dondozo|90\/100|[from] item: Leftovers\n|upkeep\n|turn|6\n|\n|t:|1738700799\n|move|p1b: Landorus|Sludge Bomb|p2a: Dondozo\n|-supereffective|p2a: Dondozo\n|-damage|p2a: Dondozo|28\/100\n|move|p1a: Pelipper|Hurricane|p2a: Dondozo\n|-supereffective|p2a: Dondozo\n|-damage|p2a: Dondozo|0 fnt\n|faint|p2a: Dondozo\n|\n|-weather|RainDance|[upkeep]\n|-fieldend|move: Electric Terrain\n|upkeep\n|turn|7\n|-message|kuanyou forfeited.\n|\n|win|Spottedwoot\n|raw|Spottedwoot's rating: 1522 &rarr; <strong>1544<\/strong><br \/>(+22 for winning)\n|raw|kuanyou's rating: 1551 &rarr; <strong>1529<\/strong><br \/>(-22 for losing)\n|l|\u2606kuanyou\n|player|p2|\n","uploadtime":1738700816,"views":21,"formatid":"gen9vgc2025regg","rating":1529,"private":0,"password":null}