{"id":"gen9vgc2025regg-2294751680","format":"[Gen 9] VGC 2025 Reg G","players":["nezuko fresh leg","hdoot"],"log":"|j|\u2606nezuko fresh leg\n|j|\u2606hdoot\n|t:|1738744266\n|gametype|doubles\n|player|p1|nezuko fresh leg|tuberf|1626\n|player|p2|hdoot|cilan|1623\n|teamsize|p1|6\n|teamsize|p2|6\n|gen|9\n|tier|[Gen 9] VGC 2025 Reg G\n|rated|\n|rule|Species Clause: Limit one of each Pok\u00e9mon\n|rule|Item Clause: Limit 1 of each item\n|clearpoke\n|poke|p1|Whimsicott, L50, M|\n|poke|p1|Indeedee-F, L50, F|\n|poke|p1|Calyrex-Shadow, L50|\n|poke|p1|Urshifu-*, L50, F|\n|poke|p1|Chi-Yu, L50|\n|poke|p1|Ogerpon-Wellspring, L50, F|\n|poke|p2|Groudon, L50|\n|poke|p2|Iron Valiant, L50|\n|poke|p2|Sableye, L50, M|\n|poke|p2|Ogerpon-Cornerstone, L50, F|\n|poke|p2|Rillaboom, L50, M|\n|poke|p2|Heatran, L50, F|\n|teampreview|4\nnezuko fresh leg has agreed to open team sheets.\n|inactive|Battle timer is ON: inactive players will automatically lose when time's up. (requested by nezuko fresh leg)\n|\n|t:|1738744277\n|start\n|switch|p1a: Whimsicott|Whimsicott, L50, M|100\/100\n|switch|p1b: Chi-Yu|Chi-Yu, L50|100\/100\n|switch|p2a: Iron Valiant|Iron Valiant, L50, shiny|100\/100\n|switch|p2b: Newton|Sableye, L50, M|100\/100\n|-ability|p1b: Chi-Yu|Beads of Ruin\n|-enditem|p2a: Iron Valiant|Booster Energy\n|-activate|p2a: Iron Valiant|ability: Quark Drive|[fromitem]\n|-start|p2a: Iron Valiant|quarkdrivespe\n|turn|1\n|\n|t:|1738744285\n|move|p2a: Iron Valiant|Wide Guard|p2a: Iron Valiant\n|-singleturn|p2a: Iron Valiant|Wide Guard\n|move|p1a: Whimsicott|Taunt|p2a: Iron Valiant\n|-start|p2a: Iron Valiant|move: Taunt\n|move|p2b: Newton|Gravity|p2b: Newton\n|-fieldstart|move: Gravity\n|move|p1b: Chi-Yu|Heat Wave|p2b: Newton|[spread] \n|-activate|p2a: Iron Valiant|move: Wide Guard\n|-activate|p2b: Newton|move: Wide Guard\n|\n|upkeep\n|turn|2\n|\n|t:|1738744307\n|switch|p1a: \u60e1\u718a\u5669\u5922|Indeedee-F, L50, F|100\/100\n|-fieldstart|move: Psychic Terrain|[from] ability: Psychic Surge|[of] p1a: \u60e1\u718a\u5669\u5922\n|move|p2b: Newton|Encore|p1a: \u60e1\u718a\u5669\u5922\n|-activate|p1a: \u60e1\u718a\u5669\u5922|move: Psychic Terrain\n|move|p2a: Iron Valiant|Moonblast|p1b: Chi-Yu\n|-damage|p1b: Chi-Yu|56\/100\n|-unboost|p1b: Chi-Yu|spa|1\n|move|p1b: Chi-Yu|Heat Wave|p2b: Newton|[spread] p2a,p2b\n|-crit|p2b: Newton\n|-damage|p2a: Iron Valiant|48\/100\n|-damage|p2b: Newton|0 fnt\n|faint|p2b: Newton\n|-damage|p1b: Chi-Yu|46\/100|[from] item: Life Orb\n|\n|upkeep\n|\n|t:|1738744320\n|switch|p2b: Golden apple|Groudon, L50, shiny|100\/100\n|-weather|SunnyDay|[from] ability: Drought|[of] p2b: Golden apple\n|turn|3\n|\n|t:|1738744329\n|-terastallize|p2b: Golden apple|Ground\n|move|p1b: Chi-Yu|Protect|p1b: Chi-Yu\n|-singleturn|p1b: Chi-Yu|Protect\n|move|p2a: Iron Valiant|Moonblast|p1a: \u60e1\u718a\u5669\u5922\n|-damage|p1a: \u60e1\u718a\u5669\u5922|53\/100\n|move|p2b: Golden apple|Precipice Blades|p1b: Chi-Yu|[spread] p1a\n|-activate|p1b: Chi-Yu|move: Protect\n|-crit|p1a: \u60e1\u718a\u5669\u5922\n|-damage|p1a: \u60e1\u718a\u5669\u5922|0 fnt\n|faint|p1a: \u60e1\u718a\u5669\u5922\n|\n|-weather|SunnyDay|[upkeep]\n|upkeep\n|\n|t:|1738744334\n|switch|p1a: Whimsicott|Whimsicott, L50, M|100\/100\n|turn|4\n|\n|t:|1738744344\n|move|p1a: Whimsicott|Tailwind|p1a: Whimsicott\n|-sidestart|p1: nezuko fresh leg|move: Tailwind\n|move|p1b: Chi-Yu|Heat Wave|p2a: Iron Valiant|[spread] p2a,p2b\n|-crit|p2b: Golden apple\n|-damage|p2a: Iron Valiant|0 fnt\n|-damage|p2b: Golden apple|0 fnt\n|faint|p2a: Iron Valiant\n|-end|p2a: Iron Valiant|Quark Drive|[silent]\n|faint|p2b: Golden apple\n|-damage|p1b: Chi-Yu|36\/100|[from] item: Life Orb\n|\n|-weather|SunnyDay|[upkeep]\n|upkeep\n|\n|t:|1738744350\n|switch|p2b: Ogerpon|Ogerpon-Cornerstone, L50, F|100\/100\n|turn|5\n|\n|t:|1738744354\n|move|p1a: Whimsicott|Dazzling Gleam|p2b: Ogerpon\n|-damage|p2b: Ogerpon|64\/100\n|move|p1b: Chi-Yu|Heat Wave|p2b: Ogerpon\n|-damage|p2b: Ogerpon|0 fnt\n|faint|p2b: Ogerpon\n|-damage|p1b: Chi-Yu|26\/100|[from] item: Life Orb\n|\n|win|nezuko fresh leg\n|raw|nezuko fresh leg's rating: 1626 &rarr; <strong>1646<\/strong><br \/>(+20 for winning)\n|raw|hdoot's rating: 1623 &rarr; <strong>1603<\/strong><br \/>(-20 for losing)\n|l|\u2606nezuko fresh leg\n|player|p1|\n|l|\u2606hdoot\n|player|p2|\n","uploadtime":1738744619,"views":13,"formatid":"gen9vgc2025regg","rating":1603,"private":0,"password":null}