{"id":"gen9vgc2025regg-2294554187","format":"[Gen 9] VGC 2025 Reg G","players":["chiefclarko11","techinsan3"],"log":"|j|\u2606chiefclarko11\n|j|\u2606techinsan3\n|t:|1738713418\n|gametype|doubles\n|player|p1|chiefclarko11|170|1671\n|player|p2|techinsan3|170|1640\n|teamsize|p1|6\n|teamsize|p2|6\n|gen|9\n|tier|[Gen 9] VGC 2025 Reg G\n|rated|\n|rule|Species Clause: Limit one of each Pok\u00e9mon\n|rule|Item Clause: Limit 1 of each item\n|clearpoke\n|poke|p1|Calyrex-Ice, L50|\n|poke|p1|Urshifu-*, L50, F|\n|poke|p1|Raging Bolt, L50|\n|poke|p1|Grimmsnarl, L50, M|\n|poke|p1|Ogerpon-Hearthflame, L50, F|\n|poke|p1|Landorus, L50, M|\n|poke|p2|Terapagos, L50, M|\n|poke|p2|Incineroar, L50, F|\n|poke|p2|Rillaboom, L50, M|\n|poke|p2|Urshifu-*, L50, M|\n|poke|p2|Ogerpon-Hearthflame, L50, F|\n|poke|p2|Flutter Mane, L50|\n|teampreview|4\n|\n|t:|1738713461\n|start\n|switch|p1a: Grimmsnarl|Grimmsnarl, L50, M|100\/100\n|switch|p1b: Ogerpon|Ogerpon-Hearthflame, L50, F|100\/100\n|switch|p2a: Terapagos|Terapagos, L50, M|100\/100\n|switch|p2b: Incineroar|Incineroar, L50, F|100\/100\n|-activate|p2a: Terapagos|ability: Tera Shift\n|detailschange|p2a: Terapagos|Terapagos-Terastal, L50, M\n|-heal|p2a: Terapagos|100\/100|[silent]\n|-ability|p1b: Ogerpon|Mold Breaker\n|-ability|p2b: Incineroar|Intimidate|boost\n|-unboost|p1a: Grimmsnarl|atk|1\n|-unboost|p1b: Ogerpon|atk|1\n|turn|1\n|\n|t:|1738713475\n|switch|p1b: Urshifu|Urshifu-Rapid-Strike, L50, F|100\/100\n|move|p2b: Incineroar|Fake Out|p1b: Urshifu\n|-damage|p1b: Urshifu|88\/100\n|move|p1a: Grimmsnarl|Thunder Wave|p2a: Terapagos\n|-status|p2a: Terapagos|par\n|move|p2a: Terapagos|Substitute|p2a: Terapagos\n|-start|p2a: Terapagos|Substitute\n|-damage|p2a: Terapagos|75\/100 par\n|\n|-heal|p2a: Terapagos|82\/100 par|[from] item: Leftovers\n|upkeep\n|turn|2\n|\n|t:|1738713496\n|move|p1a: Grimmsnarl|Light Screen|p1a: Grimmsnarl\n|-sidestart|p1: chiefclarko11|move: Light Screen\n|move|p1b: Urshifu|Surging Strikes|p2b: Incineroar\n|-supereffective|p2b: Incineroar\n|-crit|p2b: Incineroar\n|-damage|p2b: Incineroar|68\/100\n|-damage|p1b: Urshifu|72\/100|[from] item: Rocky Helmet|[of] p2b: Incineroar\n|-supereffective|p2b: Incineroar\n|-crit|p2b: Incineroar\n|-damage|p2b: Incineroar|32\/100\n|-damage|p1b: Urshifu|55\/100|[from] item: Rocky Helmet|[of] p2b: Incineroar\n|-supereffective|p2b: Incineroar\n|-crit|p2b: Incineroar\n|-damage|p2b: Incineroar|0 fnt\n|-damage|p1b: Urshifu|39\/100|[from] item: Rocky Helmet|[of] p2b: Incineroar\n|faint|p2b: Incineroar\n|-hitcount|p2: Incineroar|3\n|move|p2a: Terapagos|Calm Mind|p2a: Terapagos\n|-boost|p2a: Terapagos|spa|1\n|-boost|p2a: Terapagos|spd|1\n|\n|-heal|p2a: Terapagos|88\/100 par|[from] item: Leftovers\n|upkeep\n|\n|t:|1738713502\n|switch|p2b: Ogerpon|Ogerpon-Hearthflame, L50, F|100\/100\n|-ability|p2b: Ogerpon|Mold Breaker\n|turn|3\n|\n|t:|1738713523\n|move|p1a: Grimmsnarl|Reflect|p1a: Grimmsnarl\n|-sidestart|p1: chiefclarko11|Reflect\n|move|p2b: Ogerpon|Wood Hammer|p1b: Urshifu\n|-supereffective|p1b: Urshifu\n|-damage|p1b: Urshifu|0 fnt\n|faint|p1b: Urshifu\n|-damage|p2b: Ogerpon|86\/100|[from] Recoil\n|move|p2a: Terapagos|Calm Mind|p2a: Terapagos\n|-boost|p2a: Terapagos|spa|1\n|-boost|p2a: Terapagos|spd|1\n|\n|-heal|p2a: Terapagos|94\/100 par|[from] item: Leftovers\n|upkeep\n|\n|t:|1738713535\n|switch|p1b: Ogerpon|Ogerpon-Hearthflame, L50, F|100\/100\n|-ability|p1b: Ogerpon|Mold Breaker\n|turn|4\n|\n|t:|1738713547\n|-terastallize|p2b: Ogerpon|Fire\n|detailschange|p2b: Ogerpon|Ogerpon-Hearthflame-Tera, L50, F, tera:Fire\n|-ability|p2b: Ogerpon|Embody Aspect (Hearthflame)|boost\n|-boost|p2b: Ogerpon|atk|1\n|-terastallize|p1b: Ogerpon|Fire\n|detailschange|p1b: Ogerpon|Ogerpon-Hearthflame-Tera, L50, F, tera:Fire\n|-ability|p1b: Ogerpon|Embody Aspect (Hearthflame)|boost\n|-boost|p1b: Ogerpon|atk|1\n|cant|p2a: Terapagos|par\n|move|p2b: Ogerpon|Ivy Cudgel|p1b: Ogerpon|[anim] Ivy Cudgel Fire\n|-resisted|p1b: Ogerpon\n|-damage|p1b: Ogerpon|47\/100\n|move|p1b: Ogerpon|Ivy Cudgel|p2a: Terapagos|[anim] Ivy Cudgel Fire\n|-end|p2a: Terapagos|Substitute\n|move|p1a: Grimmsnarl|Foul Play|p2b: Ogerpon\n|-damage|p2b: Ogerpon|0 fnt\n|faint|p2b: Ogerpon\n|\n|-heal|p2a: Terapagos|100\/100 par|[from] item: Leftovers\n|upkeep\n|\n|t:|1738713562\n|switch|p2b: Urshifu|Urshifu-Rapid-Strike, L50, M|100\/100\n|turn|5\n|\n|t:|1738713577\n|move|p1a: Grimmsnarl|Thunder Wave|p2b: Urshifu\n|-status|p2b: Urshifu|par\n|move|p1b: Ogerpon|Horn Leech|p2b: Urshifu\n|-supereffective|p2b: Urshifu\n|-damage|p2b: Urshifu|0 fnt\n|-heal|p1b: Ogerpon|100\/100|[from] drain|[of] p2b: Urshifu\n|faint|p2b: Urshifu\n|move|p2a: Terapagos|Tera Starstorm|p1b: Ogerpon\n|-damage|p1b: Ogerpon|13\/100\n|\n|upkeep\n|turn|6\n|-message|techinsan3 forfeited.\n|\n|win|chiefclarko11\n|raw|chiefclarko11's rating: 1671 &rarr; <strong>1689<\/strong><br \/>(+18 for winning)\n|raw|techinsan3's rating: 1640 &rarr; <strong>1622<\/strong><br \/>(-18 for losing)\n|l|\u2606techinsan3\n|player|p2|\n|l|\u2606chiefclarko11\n|player|p1|\n","uploadtime":1738713746,"views":10,"formatid":"gen9vgc2025regg","rating":1622,"private":0,"password":null}