{"id":"gen9vgc2025regg-2294912636","format":"[Gen 9] VGC 2025 Reg G","players":["kd-vgc711","ahfoong0411"],"log":"|j|\u2606kd-vgc711\n|j|\u2606ahfoong0411\n|t:|1738768065\n|gametype|doubles\n|player|p1|kd-vgc711|170|1607\n|player|p2|ahfoong0411|102|1572\n|teamsize|p1|6\n|teamsize|p2|6\n|gen|9\n|tier|[Gen 9] VGC 2025 Reg G\n|rated|\n|rule|Species Clause: Limit one of each Pok\u00e9mon\n|rule|Item Clause: Limit 1 of each item\n|clearpoke\n|poke|p1|Calyrex-Ice, L50|\n|poke|p1|Torkoal, L50, F|\n|poke|p1|Lilligant-Hisui, L50, F|\n|poke|p1|Kingambit, L50, F|\n|poke|p1|Flutter Mane, L50|\n|poke|p1|Indeedee-F, L50, F|\n|poke|p2|Calyrex-Ice, L50|\n|poke|p2|Indeedee-F, L50, F|\n|poke|p2|Torkoal, L50, M|\n|poke|p2|Urshifu-*, L50, F|\n|poke|p2|Flutter Mane, L50|\n|poke|p2|Ursaluna, L50, F|\n|teampreview|4\n|inactive|Battle timer is ON: inactive players will automatically lose when time's up. (requested by kd-vgc711)\n|inactive|ahfoong0411 has 60 seconds left.\n|\n|t:|1738768153\n|start\n|switch|p1a: Flutter Mane|Flutter Mane, L50, shiny|100\/100\n|switch|p1b: Lilligant|Lilligant-Hisui, L50, F, shiny|100\/100\n|switch|p2a: Calyrex|Calyrex-Ice, L50|100\/100\n|switch|p2b: Urshifu|Urshifu-Rapid-Strike, L50, F|100\/100\n|-ability|p2a: Calyrex|As One\n|-ability|p2a: Calyrex|Unnerve\n|turn|1\n|inactive|ahfoong0411 has 30 seconds left.\n|inactive|ahfoong0411 has 20 seconds left.\n|inactive|ahfoong0411 has 15 seconds left.\n|inactive|ahfoong0411 has 10 seconds left.\n|\n|t:|1738768198\n|move|p1a: Flutter Mane|Dazzling Gleam|p2a: Calyrex|[spread] p2a,p2b\n|-supereffective|p2b: Urshifu\n|-damage|p2a: Calyrex|67\/100\n|-enditem|p2b: Urshifu|Focus Sash\n|-damage|p2b: Urshifu|1\/100\n|move|p1b: Lilligant|Sleep Powder|p2a: Calyrex\n|-status|p2a: Calyrex|slp|[from] move: Sleep Powder\n|move|p2b: Urshifu|Surging Strikes|p1a: Flutter Mane\n|-crit|p1a: Flutter Mane\n|-damage|p1a: Flutter Mane|66\/100\n|-crit|p1a: Flutter Mane\n|-damage|p1a: Flutter Mane|26\/100\n|-crit|p1a: Flutter Mane\n|-damage|p1a: Flutter Mane|0 fnt\n|faint|p1a: Flutter Mane\n|-end|p1a: Flutter Mane|Protosynthesis|[silent]\n|-hitcount|p1: Flutter Mane|3\n|cant|p2a: Calyrex|slp\n|\n|upkeep\n|\n|t:|1738768206\n|switch|p1a: Calyrex|Calyrex-Ice, L50|100\/100\n|-ability|p1a: Calyrex|As One\n|-ability|p1a: Calyrex|Unnerve\n|turn|2\n|inactive|ahfoong0411 has 30 seconds left.\n|\n|t:|1738768236\n|-terastallize|p1a: Calyrex|Water\n|move|p2b: Urshifu|Aqua Jet|p1b: Lilligant\n|-resisted|p1b: Lilligant\n|-damage|p1b: Lilligant|82\/100\n|move|p1b: Lilligant|Coaching|p1a: Calyrex\n|-boost|p1a: Calyrex|atk|1\n|-boost|p1a: Calyrex|def|1\n|-curestatus|p2a: Calyrex|slp|[msg]\n|move|p2a: Calyrex|Trick Room|p2a: Calyrex\n|-fieldstart|move: Trick Room|[of] p2a: Calyrex\n|move|p1a: Calyrex|Trick Room|p1a: Calyrex\n|-fieldend|move: Trick Room\n|\n|upkeep\n|turn|3\n|inactive|ahfoong0411 has 30 seconds left.\n|inactive|ahfoong0411 has 20 seconds left.\n|inactive|ahfoong0411 has 15 seconds left.\n|inactive|ahfoong0411 has 10 seconds left.\n|\n|t:|1738768283\n|move|p1b: Lilligant|Sleep Powder|p2a: Calyrex\n|-status|p2a: Calyrex|slp|[from] move: Sleep Powder\n|move|p2b: Urshifu|Close Combat|p1a: Calyrex\n|-damage|p1a: Calyrex|74\/100\n|-unboost|p2b: Urshifu|def|1\n|-unboost|p2b: Urshifu|spd|1\n|move|p1a: Calyrex|Glacial Lance|p2b: Urshifu|[spread] p2a,p2b\n|-resisted|p2a: Calyrex\n|-resisted|p2b: Urshifu\n|-damage|p2a: Calyrex|37\/100 slp\n|-damage|p2b: Urshifu|0 fnt\n|faint|p2b: Urshifu\n|-ability|p1a: Calyrex|Chilling Neigh|boost\n|-boost|p1a: Calyrex|atk|1\n|cant|p2a: Calyrex|slp\n|\n|upkeep\n|\n|t:|1738768295\n|switch|p2b: Torkoal|Torkoal, L50, M|100\/100\n|-weather|SunnyDay|[from] ability: Drought|[of] p2b: Torkoal\n|turn|4\n|\n|t:|1738768315\n|move|p1b: Lilligant|Close Combat|p2a: Calyrex\n|-damage|p2a: Calyrex|5\/100 slp\n|-unboost|p1b: Lilligant|def|1\n|-unboost|p1b: Lilligant|spd|1\n|move|p1a: Calyrex|High Horsepower|p2b: Torkoal\n|-supereffective|p2b: Torkoal\n|-damage|p2b: Torkoal|0 fnt\n|faint|p2b: Torkoal\n|-ability|p1a: Calyrex|Chilling Neigh|boost\n|-boost|p1a: Calyrex|atk|1\n|cant|p2a: Calyrex|slp\n|\n|-weather|SunnyDay|[upkeep]\n|upkeep\n|\n|t:|1738768324\n|switch|p2b: Ursaluna|Ursaluna, L50, F|100\/100\n|turn|5\n|-message|ahfoong0411 forfeited.\n|\n|win|kd-vgc711\n|raw|kd-vgc711's rating: 1607 &rarr; <strong>1625<\/strong><br \/>(+18 for winning)\n|raw|ahfoong0411's rating: 1572 &rarr; <strong>1554<\/strong><br \/>(-18 for losing)\n|l|\u2606kd-vgc711\n|player|p1|\n|l|\u2606ahfoong0411\n|player|p2|\n","uploadtime":1738768496,"views":11,"formatid":"gen9vgc2025regg","rating":1554,"private":0,"password":null}