{"id":"gen9vgc2025regg-2294047283","format":"[Gen 9] VGC 2025 Reg G","players":["Grade a type b","jkimkim1"],"log":"|j|\u2606Grade a type b\n|j|\u2606jkimkim1\n|t:|1738649973\n|gametype|doubles\n|player|p1|Grade a type b|102|1543\n|player|p2|jkimkim1|266|1644\n|teamsize|p1|6\n|teamsize|p2|6\n|gen|9\n|tier|[Gen 9] VGC 2025 Reg G\n|rated|\n|rule|Species Clause: Limit one of each Pok\u00e9mon\n|rule|Item Clause: Limit 1 of each item\n|clearpoke\n|poke|p1|Kyogre, L50|\n|poke|p1|Archaludon, L50, F|\n|poke|p1|Ursaluna-Bloodmoon, L50, M|\n|poke|p1|Rillaboom, L50, F|\n|poke|p1|Tornadus, L50, M|\n|poke|p1|Urshifu-*, L50, M|\n|poke|p2|Miraidon, L50|\n|poke|p2|Cresselia, L50, F|\n|poke|p2|Thundurus-Therian, L50, M|\n|poke|p2|Incineroar, L50, M|\n|poke|p2|Ursaluna, L50, M|\n|poke|p2|Whimsicott, L50, M|\n|teampreview|4\n|inactive|Battle timer is ON: inactive players will automatically lose when time's up. (requested by Grade a type b)\n|j| Ms wilson vgc\n|inactive|Grade a type b has 60 seconds left.\n|inactive|jkimkim1 has 60 seconds left.\n|inactive|jkimkim1 has 30 seconds left.\n|inactive|jkimkim1 has 20 seconds left.\n|inactive|jkimkim1 has 15 seconds left.\n|inactive|Grade a type b has 30 seconds left.\n|inactive|jkimkim1 has 10 seconds left.\n|inactive|jkimkim1 has 5 seconds left.\n|inactive|Grade a type b has 20 seconds left.\n|\n|t:|1738650070\n|start\n|switch|p1a: Chicken Bake|Tornadus, L50, M|100\/100\n|switch|p1b: Temu Dialga|Archaludon, L50, F|100\/100\n|switch|p2a: \uc2e0\uc815\ud6c8|Thundurus-Therian, L50, M|100\/100\n|switch|p2b: Kingjames|Incineroar, L50, M|100\/100\n|-ability|p2b: Kingjames|Intimidate|boost\n|-unboost|p1a: Chicken Bake|atk|1\n|-unboost|p1b: Temu Dialga|atk|1\n|turn|1\n|inactive|jkimkim1 has 30 seconds left.\n|\n|t:|1738650099\n|-terastallize|p1a: Chicken Bake|Dark\n|move|p2b: Kingjames|Fake Out|p1b: Temu Dialga\n|-resisted|p1b: Temu Dialga\n|-damage|p1b: Temu Dialga|96\/100\n|move|p1a: Chicken Bake|Rain Dance|p1a: Chicken Bake\n|-weather|RainDance\n|cant|p1b: Temu Dialga|flinch\n|move|p2a: \uc2e0\uc815\ud6c8|Electroweb|p1b: Temu Dialga|[spread] p1a,p1b\n|-resisted|p1b: Temu Dialga\n|-damage|p1a: Chicken Bake|75\/100\n|-damage|p1b: Temu Dialga|85\/100\n|-unboost|p1b: Temu Dialga|spe|1\n|\n|-weather|RainDance|[upkeep]\n|upkeep\n|turn|2\n|\n|t:|1738650116\n|move|p1a: Chicken Bake|Tailwind|p1a: Chicken Bake\n|-sidestart|p1: Grade a type b|move: Tailwind\n|move|p1b: Temu Dialga|Electro Shot||[still]\n|-prepare|p1b: Temu Dialga|Electro Shot\n|-boost|p1b: Temu Dialga|spa|1\n|-anim|p1b: Temu Dialga|Electro Shot|p2b: Kingjames\n|-damage|p2b: Kingjames|40\/100\n|move|p2a: \uc2e0\uc815\ud6c8|Electroweb|p1b: Temu Dialga|[spread] p1a,p1b\n|-resisted|p1b: Temu Dialga\n|-damage|p1a: Chicken Bake|52\/100\n|-damage|p1b: Temu Dialga|74\/100\n|-unboost|p1b: Temu Dialga|spe|1\n|move|p2b: Kingjames|Parting Shot|p1b: Temu Dialga\n|-unboost|p1b: Temu Dialga|atk|1\n|-unboost|p1b: Temu Dialga|spa|1\n|\n|t:|1738650129\n|switch|p2b: \uc0ac\uc2b9\ud5cc|Cresselia, L50, F, shiny|100\/100|[from] Parting Shot\n|\n|-weather|RainDance|[upkeep]\n|upkeep\n|turn|3\n|\n|t:|1738650147\n|switch|p2b: Kingjames|Incineroar, L50, M|40\/100\n|-ability|p2b: Kingjames|Intimidate|boost\n|-unboost|p1a: Chicken Bake|atk|1\n|-unboost|p1b: Temu Dialga|atk|1\n|move|p1a: Chicken Bake|Taunt|p2b: Kingjames\n|-hint|Since gen 7, Dark is immune to Prankster moves.\n|-immune|p2b: Kingjames\n|move|p1b: Temu Dialga|Draco Meteor|p2a: \uc2e0\uc815\ud6c8\n|-damage|p2a: \uc2e0\uc815\ud6c8|55\/100\n|-unboost|p1b: Temu Dialga|spa|2\n|move|p2a: \uc2e0\uc815\ud6c8|Thunderbolt|p1a: Chicken Bake\n|-damage|p1a: Chicken Bake|5\/100\n|\n|-weather|RainDance|[upkeep]\n|upkeep\n|turn|4\n|\n|t:|1738650175\n|switch|p1a: HereComesTheBoom|Rillaboom, L50, F|100\/100\n|-fieldstart|move: Grassy Terrain|[from] ability: Grassy Surge|[of] p1a: HereComesTheBoom\n|switch|p1b: Marley|Urshifu, L50, M|100\/100\n|move|p2b: Kingjames|Fake Out|p1a: HereComesTheBoom\n|-damage|p1a: HereComesTheBoom|90\/100\n|move|p2a: \uc2e0\uc815\ud6c8|Snarl|p1a: HereComesTheBoom|[spread] p1a,p1b\n|-resisted|p1b: Marley\n|-damage|p1a: HereComesTheBoom|72\/100\n|-damage|p1b: Marley|95\/100\n|-unboost|p1a: HereComesTheBoom|spa|1\n|-unboost|p1b: Marley|spa|1\n|\n|-weather|RainDance|[upkeep]\n|-heal|p1b: Marley|100\/100|[from] Grassy Terrain\n|-heal|p1a: HereComesTheBoom|78\/100|[from] Grassy Terrain\n|-heal|p2b: Kingjames|46\/100|[from] Grassy Terrain\n|upkeep\n|turn|5\n|inactive|jkimkim1 has 30 seconds left.\n|inactive|Grade a type b has 30 seconds left.\n|inactive|jkimkim1 has 20 seconds left.\n|\n|t:|1738650211\n|switch|p2b: \uc0ac\uc2b9\ud5cc|Cresselia, L50, F, shiny|100\/100\n|-terastallize|p2a: \uc2e0\uc815\ud6c8|Flying\n|move|p1b: Marley|Wicked Blow|p2a: \uc2e0\uc815\ud6c8\n|-crit|p2a: \uc2e0\uc815\ud6c8\n|-damage|p2a: \uc2e0\uc815\ud6c8|0 fnt\n|faint|p2a: \uc2e0\uc815\ud6c8\n|move|p1a: HereComesTheBoom|U-turn|p2b: \uc0ac\uc2b9\ud5cc\n|-supereffective|p2b: \uc0ac\uc2b9\ud5cc\n|-damage|p2b: \uc0ac\uc2b9\ud5cc|64\/100\n|\n|t:|1738650222\n|switch|p1a: Temu Dialga|Archaludon, L50, F|74\/100|[from] U-turn\n|\n|-weather|none\n|-heal|p1a: Temu Dialga|80\/100|[from] Grassy Terrain\n|-sideend|p1: Grade a type b|move: Tailwind\n|upkeep\n|\n|t:|1738650227\n|switch|p2a: Jayson tatum|Miraidon, L50|100\/100\n|-fieldstart|move: Electric Terrain|[from] ability: Hadron Engine|[of] p2a: Jayson tatum\n|turn|6\n|\n|t:|1738650238\n|switch|p1a: HereComesTheBoom|Rillaboom, L50, F|78\/100\n|-fieldstart|move: Grassy Terrain|[from] ability: Grassy Surge|[of] p1a: HereComesTheBoom\n|move|p2a: Jayson tatum|Dazzling Gleam|p1b: Marley|[spread] p1a,p1b\n|-supereffective|p1b: Marley\n|-damage|p1a: HereComesTheBoom|42\/100\n|-enditem|p1b: Marley|Focus Sash\n|-damage|p1b: Marley|1\/100\n|move|p1b: Marley|Wicked Blow|p2b: \uc0ac\uc2b9\ud5cc\n|-supereffective|p2b: \uc0ac\uc2b9\ud5cc\n|-crit|p2b: \uc0ac\uc2b9\ud5cc\n|-damage|p2b: \uc0ac\uc2b9\ud5cc|0 fnt\n|faint|p2b: \uc0ac\uc2b9\ud5cc\n|\n|-heal|p1b: Marley|7\/100|[from] Grassy Terrain\n|-heal|p1a: HereComesTheBoom|47\/100|[from] Grassy Terrain\n|upkeep\n|\n|t:|1738650248\n|switch|p2b: Kingjames|Incineroar, L50, M|46\/100\n|-ability|p2b: Kingjames|Intimidate|boost\n|-unboost|p1a: HereComesTheBoom|atk|1\n|-unboost|p1b: Marley|atk|1\n|turn|7\n|\n|t:|1738650256\n|move|p2b: Kingjames|Fake Out|p1a: HereComesTheBoom\n|-damage|p1a: HereComesTheBoom|37\/100\n|cant|p1a: HereComesTheBoom|flinch\n|move|p1b: Marley|Sucker Punch|p2a: Jayson tatum\n|-damage|p2a: Jayson tatum|76\/100\n|move|p2a: Jayson tatum|Dazzling Gleam|p1b: Marley|[spread] p1a,p1b\n|-supereffective|p1b: Marley\n|-damage|p1a: HereComesTheBoom|0 fnt\n|-damage|p1b: Marley|0 fnt\n|faint|p1a: HereComesTheBoom\n|faint|p1b: Marley\n|\n|-heal|p2a: Jayson tatum|82\/100|[from] Grassy Terrain\n|-heal|p2b: Kingjames|52\/100|[from] Grassy Terrain\n|upkeep\n|\n|t:|1738650259\n|switch|p1b: Chicken Bake|Tornadus, L50, M, tera:Dark|5\/100\n|switch|p1a: Temu Dialga|Archaludon, L50, F|80\/100\n|turn|8\n|\n|t:|1738650274\n|move|p1b: Chicken Bake|Tailwind|p1b: Chicken Bake\n|-sidestart|p1: Grade a type b|move: Tailwind\n|move|p1a: Temu Dialga|Draco Meteor|p2a: Jayson tatum\n|-supereffective|p2a: Jayson tatum\n|-damage|p2a: Jayson tatum|0 fnt\n|-unboost|p1a: Temu Dialga|spa|2\n|faint|p2a: Jayson tatum\n|move|p2b: Kingjames|Knock Off|p1b: Chicken Bake\n|-resisted|p1b: Chicken Bake\n|-damage|p1b: Chicken Bake|0 fnt\n|-enditem|p1b: Chicken Bake|Covert Cloak|[from] move: Knock Off|[of] p2b: Kingjames\n|faint|p1b: Chicken Bake\n|\n|-heal|p1a: Temu Dialga|86\/100|[from] Grassy Terrain\n|-heal|p2b: Kingjames|58\/100|[from] Grassy Terrain\n|upkeep\n|turn|9\n|\n|t:|1738650285\n|move|p1a: Temu Dialga|Draco Meteor|p2b: Kingjames\n|-damage|p2b: Kingjames|23\/100\n|-unboost|p1a: Temu Dialga|spa|2\n|move|p2b: Kingjames|Knock Off|p1a: Temu Dialga\n|-damage|p1a: Temu Dialga|55\/100\n|-enditem|p1a: Temu Dialga|Assault Vest|[from] move: Knock Off|[of] p2b: Kingjames\n|\n|-heal|p1a: Temu Dialga|61\/100|[from] Grassy Terrain\n|-heal|p2b: Kingjames|29\/100|[from] Grassy Terrain\n|upkeep\n|turn|10\n|\n|t:|1738650298\n|move|p1a: Temu Dialga|Draco Meteor|p2b: Kingjames\n|-crit|p2b: Kingjames\n|-damage|p2b: Kingjames|0 fnt\n|-unboost|p1a: Temu Dialga|spa|2\n|faint|p2b: Kingjames\n|\n|win|Grade a type b\n|raw|Grade a type b's rating: 1543 &rarr; <strong>1569<\/strong><br \/>(+26 for winning)\n|raw|jkimkim1's rating: 1644 &rarr; <strong>1618<\/strong><br \/>(-26 for losing)\n|l|\u2606Grade a type b\n|player|p1|\n","uploadtime":1738650472,"views":9,"formatid":"gen9vgc2025regg","rating":1569,"private":0,"password":null}