{"id":"gen9vgc2025regg-2294140026","format":"[Gen 9] VGC 2025 Reg G","players":["BlvckTheGamer","koji muranishi"],"log":"|j|\u2606BlvckTheGamer\n|j|\u2606koji muranishi\n|t:|1738667722\n|gametype|doubles\n|player|p1|BlvckTheGamer|265|1554\n|player|p2|koji muranishi|1|1632\n|teamsize|p1|6\n|teamsize|p2|6\n|gen|9\n|tier|[Gen 9] VGC 2025 Reg G\n|rated|\n|rule|Species Clause: Limit one of each Pok\u00e9mon\n|rule|Item Clause: Limit 1 of each item\n|clearpoke\n|poke|p1|Kyogre, L50|\n|poke|p1|Iron Crown, L50|\n|poke|p1|Indeedee-F, L50, F|\n|poke|p1|Amoonguss, L50, M|\n|poke|p1|Tornadus, L50, M|\n|poke|p1|Urshifu-*, L50, F|\n|poke|p2|Whimsicott, L50, M|\n|poke|p2|Calyrex-Ice, L50|\n|poke|p2|Urshifu-*, L50, M|\n|poke|p2|Entei, L50|\n|poke|p2|Raging Bolt, L50|\n|poke|p2|Landorus, L50, M|\n|teampreview|4\n|inactive|Battle timer is ON: inactive players will automatically lose when time's up. (requested by koji muranishi)\n|\n|t:|1738667754\n|start\n|switch|p1a: Indeedee|Indeedee-F, L50, F|100\/100\n|switch|p1b: Kyogre|Kyogre, L50|100\/100\n|switch|p2a: Raging Bolt|Raging Bolt, L50|100\/100\n|switch|p2b: Landorus|Landorus, L50, M|100\/100\n|-weather|RainDance|[from] ability: Drizzle|[of] p1b: Kyogre\n|-fieldstart|move: Psychic Terrain|[from] ability: Psychic Surge|[of] p1a: Indeedee\n|-enditem|p2a: Raging Bolt|Booster Energy\n|-activate|p2a: Raging Bolt|ability: Protosynthesis|[fromitem]\n|-start|p2a: Raging Bolt|protosynthesisspa\n|turn|1\n|\n|t:|1738667774\n|-terastallize|p2b: Landorus|Water\n|move|p1a: Indeedee|Follow Me|p1a: Indeedee\n|-singleturn|p1a: Indeedee|move: Follow Me\n|move|p2b: Landorus|Sandsear Storm|p1b: Kyogre|[spread] p1a,p1b\n|-damage|p1a: Indeedee|36\/100\n|-damage|p1b: Kyogre|69\/100\n|-enditem|p1a: Indeedee|Sitrus Berry|[eat]\n|-heal|p1a: Indeedee|61\/100|[from] item: Sitrus Berry\n|move|p1b: Kyogre|Ice Beam|p2b: Landorus\n|-resisted|p2b: Landorus\n|-damage|p2b: Landorus|79\/100\n|move|p2a: Raging Bolt|Thunderbolt|p1a: Indeedee\n|-damage|p1a: Indeedee|1\/100\n|-status|p1a: Indeedee|par\n|\n|-weather|RainDance|[upkeep]\n|upkeep\n|turn|2\n|inactive|BlvckTheGamer has 30 seconds left.\n|\n|t:|1738667808\n|switch|p1b: Amoonguss|Amoonguss, L50, M|100\/100\n|move|p2b: Landorus|Sandsear Storm|p1b: Amoonguss|[spread] p1a,p1b\n|-damage|p1a: Indeedee|0 fnt\n|-damage|p1b: Amoonguss|45\/100\n|faint|p1a: Indeedee\n|move|p2a: Raging Bolt|Draco Meteor|p1b: Amoonguss\n|-damage|p1b: Amoonguss|0 fnt\n|-unboost|p2a: Raging Bolt|spa|2\n|faint|p1b: Amoonguss\n|\n|-weather|RainDance|[upkeep]\n|upkeep\n|\n|t:|1738667822\n|switch|p1a: Iron Crown|Iron Crown, L50|100\/100\n|switch|p1b: Kyogre|Kyogre, L50|69\/100\n|-enditem|p1a: Iron Crown|Booster Energy\n|-activate|p1a: Iron Crown|ability: Quark Drive|[fromitem]\n|-start|p1a: Iron Crown|quarkdrivespe\n|turn|3\n|inactive|koji muranishi has 30 seconds left.\n|\n|t:|1738667854\n|-terastallize|p1b: Kyogre|Grass\n|move|p2b: Landorus|Protect|p2b: Landorus\n|-singleturn|p2b: Landorus|Protect\n|move|p1a: Iron Crown|Expanding Force|p2b: Landorus|[spread] p2a\n|-activate|p2b: Landorus|move: Protect\n|-damage|p2a: Raging Bolt|53\/100\n|move|p1b: Kyogre|Water Spout|p2b: Landorus|[spread] p2a\n|-activate|p2b: Landorus|move: Protect\n|-resisted|p2a: Raging Bolt\n|-damage|p2a: Raging Bolt|26\/100\n|move|p2a: Raging Bolt|Thunderbolt|p1b: Kyogre\n|-resisted|p1b: Kyogre\n|-damage|p1b: Kyogre|62\/100\n|\n|-weather|RainDance|[upkeep]\n|upkeep\n|turn|4\n|\n|t:|1738667876\n|switch|p2b: Calyrex|Calyrex-Ice, L50|100\/100\n|-ability|p2b: Calyrex|As One\n|-ability|p2b: Calyrex|Unnerve\n|move|p1a: Iron Crown|Expanding Force|p2a: Raging Bolt|[spread] p2a,p2b\n|-resisted|p2b: Calyrex\n|-damage|p2a: Raging Bolt|0 fnt\n|-damage|p2b: Calyrex|79\/100\n|faint|p2a: Raging Bolt\n|-end|p2a: Raging Bolt|Protosynthesis|[silent]\n|move|p1b: Kyogre|Water Spout|p2b: Calyrex\n|-damage|p2b: Calyrex|23\/100\n|\n|-weather|RainDance|[upkeep]\n|upkeep\n|\n|t:|1738667891\n|switch|p2a: Whimsicott|Whimsicott, L50, M|100\/100\n|turn|5\n|\n|t:|1738667904\n|move|p2a: Whimsicott|Tailwind|p2a: Whimsicott\n|-sidestart|p2: koji muranishi|move: Tailwind\n|move|p1a: Iron Crown|Tachyon Cutter|p2b: Calyrex\n|-supereffective|p2b: Calyrex\n|-crit|p2b: Calyrex\n|-damage|p2b: Calyrex|0 fnt\n|faint|p2b: Calyrex\n|-hitcount|p2: Calyrex|1\n|move|p1b: Kyogre|Ice Beam|p2a: Whimsicott\n|-supereffective|p2a: Whimsicott\n|-crit|p2a: Whimsicott\n|-enditem|p2a: Whimsicott|Focus Sash\n|-damage|p2a: Whimsicott|1\/100\n|\n|-weather|none\n|-fieldend|move: Psychic Terrain\n|upkeep\n|\n|t:|1738667918\n|switch|p2b: Landorus|Landorus, L50, M, tera:Water|79\/100\n|turn|6\n|\n|t:|1738667929\n|move|p1a: Iron Crown|Protect|p1a: Iron Crown\n|-singleturn|p1a: Iron Crown|Protect\n|move|p2a: Whimsicott|Encore|p1a: Iron Crown\n|-activate|p1a: Iron Crown|move: Protect\n|move|p2b: Landorus|Sludge Bomb|p1b: Kyogre\n|-supereffective|p1b: Kyogre\n|-damage|p1b: Kyogre|14\/100\n|move|p1b: Kyogre|Thunder|p2b: Landorus\n|-supereffective|p2b: Landorus\n|-damage|p2b: Landorus|0 fnt\n|faint|p2b: Landorus\n|\n|upkeep\n|turn|7\n|j| zdmszrj\n|-message|koji muranishi forfeited.\n|\n|win|BlvckTheGamer\n|raw|BlvckTheGamer's rating: 1554 &rarr; <strong>1578<\/strong><br \/>(+24 for winning)\n|raw|koji muranishi's rating: 1632 &rarr; <strong>1608<\/strong><br \/>(-24 for losing)\n|l|\u2606koji muranishi\n|player|p2|\n|l|\u2606BlvckTheGamer\n|player|p1|\n|l| zdmszrj\n","uploadtime":1738668158,"views":17,"formatid":"gen9vgc2025regg","rating":1578,"private":0,"password":null}