{"id":"gen9vgc2025regg-2294473011","format":"[Gen 9] VGC 2025 Reg G","players":["Axel316","zonavideovigilada"],"log":"|j|\u2606Axel316\n|j|\u2606zonavideovigilada\n|t:|1738704058\n|gametype|doubles\n|player|p1|Axel316|102|1662\n|player|p2|zonavideovigilada|102|1678\n|teamsize|p1|6\n|teamsize|p2|6\n|gen|9\n|tier|[Gen 9] VGC 2025 Reg G\n|rated|\n|rule|Species Clause: Limit one of each Pok\u00e9mon\n|rule|Item Clause: Limit 1 of each item\n|clearpoke\n|poke|p1|Calyrex-Ice, L50|\n|poke|p1|Urshifu-*, L50, F|\n|poke|p1|Incineroar, L50, F|\n|poke|p1|Latios, L50, M|\n|poke|p1|Pelipper, L50, M|\n|poke|p1|Archaludon, L50, M|\n|poke|p2|Urshifu-*, L50, M|\n|poke|p2|Whimsicott, L50, F|\n|poke|p2|Miraidon, L50|\n|poke|p2|Iron Hands, L50|\n|poke|p2|Incineroar, L50, M|\n|poke|p2|Iron Leaves, L50|\n|teampreview|4\n|inactive|Battle timer is ON: inactive players will automatically lose when time's up. (requested by Axel316)\n|inactive|zonavideovigilada has 60 seconds left.\n|inactive|zonavideovigilada has 30 seconds left.\n|\n|t:|1738704156\n|start\n|switch|p1a: Calyrex|Calyrex-Ice, L50|100\/100\n|switch|p1b: Latios|Latios, L50, M|100\/100\n|switch|p2a: Miraidon|Miraidon, L50|100\/100\n|switch|p2b: Whimsicott|Whimsicott, L50, F|100\/100\n|-ability|p1a: Calyrex|As One\n|-ability|p1a: Calyrex|Unnerve\n|-fieldstart|move: Electric Terrain|[from] ability: Hadron Engine|[of] p2a: Miraidon\n|turn|1\n|inactive|Axel316 has 30 seconds left.\n|inactive|zonavideovigilada has 30 seconds left.\n|\n|t:|1738704185\n|-terastallize|p2a: Miraidon|Fairy\n|-terastallize|p1a: Calyrex|Grass\n|move|p2b: Whimsicott|Tailwind|p2b: Whimsicott\n|-sidestart|p2: zonavideovigilada|move: Tailwind\n|move|p2a: Miraidon|Dazzling Gleam|p1b: Latios|[spread] p1a,p1b\n|-supereffective|p1b: Latios\n|-damage|p1a: Calyrex|52\/100\n|-damage|p1b: Latios|0 fnt\n|faint|p1b: Latios\n|move|p1a: Calyrex|Glacial Lance|p2a: Miraidon|[spread] p2a,p2b\n|-supereffective|p2b: Whimsicott\n|-damage|p2a: Miraidon|45\/100\n|-damage|p2b: Whimsicott|0 fnt\n|faint|p2b: Whimsicott\n|-ability|p1a: Calyrex|Chilling Neigh|boost\n|-boost|p1a: Calyrex|atk|1\n|\n|upkeep\n|\n|t:|1738704201\n|switch|p2b: Urshifu|Urshifu-Rapid-Strike, L50, M|100\/100\n|switch|p1b: Incineroar|Incineroar, L50, F|100\/100\n|-ability|p1b: Incineroar|Intimidate|boost\n|-unboost|p2a: Miraidon|atk|1\n|-unboost|p2b: Urshifu|atk|1\n|turn|2\n|\n|t:|1738704210\n|switch|p2a: Iron Hands|Iron Hands, L50|100\/100\n|-enditem|p2a: Iron Hands|Electric Seed\n|-boost|p2a: Iron Hands|def|1|[from] item: Electric Seed\n|-activate|p2a: Iron Hands|ability: Quark Drive\n|-start|p2a: Iron Hands|quarkdriveatk\n|move|p2b: Urshifu|Detect|p2b: Urshifu\n|-singleturn|p2b: Urshifu|Protect\n|move|p1b: Incineroar|Fake Out|p2a: Iron Hands\n|-damage|p2a: Iron Hands|95\/100\n|move|p1a: Calyrex|Trick Room|p1a: Calyrex\n|-fieldstart|move: Trick Room|[of] p1a: Calyrex\n|\n|upkeep\n|turn|3\n|inactive|Axel316 has 30 seconds left.\n|\n|t:|1738704242\n|move|p1a: Calyrex|Seed Bomb|p2b: Urshifu\n|-supereffective|p2b: Urshifu\n|-enditem|p2b: Urshifu|Focus Sash\n|-damage|p2b: Urshifu|1\/100\n|move|p1b: Incineroar|Knock Off|p2b: Urshifu\n|-resisted|p2b: Urshifu\n|-damage|p2b: Urshifu|0 fnt\n|faint|p2b: Urshifu\n|move|p2a: Iron Hands|Drain Punch|p1a: Calyrex\n|-damage|p1a: Calyrex|20\/100\n|-heal|p2a: Iron Hands|100\/100|[from] drain|[of] p1a: Calyrex\n|\n|upkeep\n|\n|t:|1738704248\n|switch|p2b: Miraidon|Miraidon, L50, tera:Fairy|45\/100\n|-activate|p2b: Miraidon|ability: Hadron Engine\n|turn|4\n|\n|t:|1738704259\n|move|p1a: Calyrex|Glacial Lance|p2b: Miraidon|[spread] p2a,p2b\n|-damage|p2a: Iron Hands|62\/100\n|-damage|p2b: Miraidon|0 fnt\n|faint|p2b: Miraidon\n|-ability|p1a: Calyrex|Chilling Neigh|boost\n|-boost|p1a: Calyrex|atk|1\n|move|p1b: Incineroar|Parting Shot|p2a: Iron Hands\n|-unboost|p2a: Iron Hands|atk|1\n|-unboost|p2a: Iron Hands|spa|1\n|\n|t:|1738704268\n|switch|p1b: Pelipper|Pelipper, L50, M|100\/100|[from] Parting Shot\n|-weather|RainDance|[from] ability: Drizzle|[of] p1b: Pelipper\n|move|p2a: Iron Hands|Drain Punch|p1a: Calyrex\n|-damage|p1a: Calyrex|0 fnt\n|-heal|p2a: Iron Hands|70\/100|[from] drain|[of] p1a: Calyrex\n|faint|p1a: Calyrex\n|\n|-weather|RainDance|[upkeep]\n|-sideend|p2: zonavideovigilada|move: Tailwind\n|upkeep\n|\n|t:|1738704280\n|switch|p1a: Incineroar|Incineroar, L50, F|100\/100\n|-ability|p1a: Incineroar|Intimidate|boost\n|-unboost|p2a: Iron Hands|atk|1\n|turn|5\n|\n|t:|1738704288\n|move|p2a: Iron Hands|Detect|p2a: Iron Hands\n|-singleturn|p2a: Iron Hands|Protect\n|move|p1a: Incineroar|Fake Out|p2a: Iron Hands\n|-activate|p2a: Iron Hands|move: Protect\n|move|p1b: Pelipper|Weather Ball|p2a: Iron Hands\n|-activate|p2a: Iron Hands|move: Protect\n|\n|-weather|RainDance|[upkeep]\n|-fieldend|move: Electric Terrain\n|-end|p2a: Iron Hands|Quark Drive\n|upkeep\n|turn|6\n|\n|t:|1738704306\n|move|p2a: Iron Hands|Drain Punch|p1a: Incineroar\n|-supereffective|p1a: Incineroar\n|-damage|p1a: Incineroar|65\/100\n|-heal|p2a: Iron Hands|85\/100|[from] drain|[of] p1a: Incineroar\n|move|p1a: Incineroar|Parting Shot|p2a: Iron Hands\n|-unboost|p2a: Iron Hands|atk|1\n|-unboost|p2a: Iron Hands|spa|1\n|move|p1b: Pelipper|Weather Ball|p2a: Iron Hands\n|-damage|p2a: Iron Hands|42\/100\n|\n|-weather|RainDance|[upkeep]\n|-fieldend|move: Trick Room\n|upkeep\n|turn|7\n|\n|t:|1738704321\n|move|p2a: Iron Hands|Detect|p2a: Iron Hands\n|-singleturn|p2a: Iron Hands|Protect\n|move|p1b: Pelipper|Weather Ball|p2a: Iron Hands\n|-activate|p2a: Iron Hands|move: Protect\n|move|p1a: Incineroar|Parting Shot|p2a: Iron Hands\n|-activate|p2a: Iron Hands|move: Protect\n|\n|-weather|RainDance|[upkeep]\n|upkeep\n|turn|8\n|\n|t:|1738704333\n|move|p2a: Iron Hands|Detect||[still]\n|-fail|p2a: Iron Hands\n|move|p1b: Pelipper|Weather Ball|p2a: Iron Hands\n|-damage|p2a: Iron Hands|0 fnt\n|faint|p2a: Iron Hands\n|-end|p2a: Iron Hands|Quark Drive|[silent]\n|\n|win|Axel316\n|raw|Axel316's rating: 1662 &rarr; <strong>1683<\/strong><br \/>(+21 for winning)\n|raw|zonavideovigilada's rating: 1678 &rarr; <strong>1657<\/strong><br \/>(-21 for losing)\n|l|\u2606zonavideovigilada\n|player|p2|\n|l|\u2606Axel316\n|player|p1|\n|j|\u2606Axel316\n|player|p1|Axel316|102|\n","uploadtime":1738704360,"views":14,"formatid":"gen9vgc2025regg","rating":1657,"private":0,"password":null}