{"id":"gen9vgc2025regg-2294525969","format":"[Gen 9] VGC 2025 Reg G","players":["Forbranna","pokehys2"],"log":"|j|\u2606Forbranna\n|j|\u2606pokehys2\n|t:|1738709971\n|gametype|doubles\n|player|p1|Forbranna|101|1559\n|player|p2|pokehys2|2|1517\n|teamsize|p1|6\n|teamsize|p2|6\n|gen|9\n|tier|[Gen 9] VGC 2025 Reg G\n|rated|\n|rule|Species Clause: Limit one of each Pok\u00e9mon\n|rule|Item Clause: Limit 1 of each item\n|clearpoke\n|poke|p1|Grimmsnarl, L50, M|\n|poke|p1|Chi-Yu, L50|\n|poke|p1|Koraidon, L50|\n|poke|p1|Flutter Mane, L50|\n|poke|p1|Raging Bolt, L50|\n|poke|p1|Ogerpon-Cornerstone, L50, F|\n|poke|p2|Weezing-Galar, L50, F|\n|poke|p2|Iron Valiant, L50|\n|poke|p2|Calyrex-Shadow, L50|\n|poke|p2|Roaring Moon, L50|\n|poke|p2|Maushold, L50|\n|poke|p2|Okidogi, L50, M|\n|teampreview|4\n|inactive|Battle timer is ON: inactive players will automatically lose when time's up. (requested by pokehys2)\n|inactive|Forbranna also wants the timer to be on.\n|inactive|pokehys2 has 60 seconds left.\n|\n|t:|1738710016\n|start\n|switch|p1a: Queen Mary I|Flutter Mane, L50|100\/100\n|switch|p1b: Zheng He|Chi-Yu, L50|100\/100\n|switch|p2a: Roaring Moon|Roaring Moon, L50|100\/100\n|switch|p2b: Okidogi|Okidogi, L50, M|100\/100\n|-ability|p1b: Zheng He|Beads of Ruin\n|-enditem|p2a: Roaring Moon|Booster Energy\n|-activate|p2a: Roaring Moon|ability: Protosynthesis|[fromitem]\n|-start|p2a: Roaring Moon|protosynthesisspe\n|turn|1\n|\n|t:|1738710038\n|switch|p1b: Moctezuma|Koraidon, L50|100\/100\n|-weather|SunnyDay|[from] ability: Orichalcum Pulse|[of] p1b: Moctezuma\n|-activate|p1a: Queen Mary I|ability: Protosynthesis\n|-start|p1a: Queen Mary I|protosynthesisspe\n|-activate|p1b: Moctezuma|Orichalcum Pulse|[source]\n|move|p1a: Queen Mary I|Moonblast|p2a: Roaring Moon\n|-supereffective|p2a: Roaring Moon\n|-damage|p2a: Roaring Moon|0 fnt\n|faint|p2a: Roaring Moon\n|-end|p2a: Roaring Moon|Protosynthesis|[silent]\n|move|p2b: Okidogi|Gunk Shot|p1a: Queen Mary I\n|-crit|p1a: Queen Mary I\n|-enditem|p1a: Queen Mary I|Focus Sash\n|-damage|p1a: Queen Mary I|1\/100\n|-status|p1a: Queen Mary I|psn\n|\n|-weather|SunnyDay|[upkeep]\n|-damage|p1a: Queen Mary I|0 fnt|[from] psn\n|faint|p1a: Queen Mary I\n|-end|p1a: Queen Mary I|Protosynthesis|[silent]\n|upkeep\n|\n|t:|1738710059\n|switch|p1a: Einstein|Grimmsnarl, L50, M, shiny|100\/100\n|switch|p2a: Calyrex|Calyrex-Shadow, L50|100\/100\n|-ability|p2a: Calyrex|As One\n|-ability|p2a: Calyrex|Unnerve\n|turn|2\n|\n|t:|1738710070\n|-terastallize|p2a: Calyrex|Ghost\n|move|p1b: Moctezuma|Protect|p1b: Moctezuma\n|-singleturn|p1b: Moctezuma|Protect\n|move|p1a: Einstein|Light Screen|p1a: Einstein\n|-sidestart|p1: Forbranna|move: Light Screen\n|move|p2a: Calyrex|Astral Barrage|p1a: Einstein|[spread] p1a\n|-activate|p1b: Moctezuma|move: Protect\n|-resisted|p1a: Einstein\n|-damage|p1a: Einstein|65\/100\n|move|p2b: Okidogi|Gunk Shot|p1a: Einstein\n|-supereffective|p1a: Einstein\n|-crit|p1a: Einstein\n|-damage|p1a: Einstein|0 fnt\n|faint|p1a: Einstein\n|\n|-weather|SunnyDay|[upkeep]\n|upkeep\n|\n|t:|1738710088\n|switch|p1a: Zheng He|Chi-Yu, L50|100\/100\n|-ability|p1a: Zheng He|Beads of Ruin\n|turn|3\n|\n|t:|1738710101\n|switch|p2a: Maushold|Maushold, L50|100\/100\n|-terastallize|p1b: Moctezuma|Fire\n|move|p1b: Moctezuma|Flare Blitz|p2b: Okidogi\n|-damage|p2b: Okidogi|27\/100\n|-damage|p1b: Moctezuma|76\/100|[from] Recoil\n|move|p1a: Zheng He|Dark Pulse|p2a: Maushold\n|-damage|p2a: Maushold|34\/100\n|move|p2b: Okidogi|Drain Punch|p1a: Zheng He\n|-supereffective|p1a: Zheng He\n|-damage|p1a: Zheng He|0 fnt\n|-heal|p2b: Okidogi|66\/100|[from] drain|[of] p1a: Zheng He\n|faint|p1a: Zheng He\n|\n|-weather|SunnyDay|[upkeep]\n|upkeep\n|turn|4\n|inactive|pokehys2 has 30 seconds left.\n|inactive|pokehys2 has 20 seconds left.\n|\n|t:|1738710141\n|move|p2a: Maushold|Follow Me|p2a: Maushold\n|-singleturn|p2a: Maushold|move: Follow Me\n|move|p1b: Moctezuma|Flame Charge|p2a: Maushold\n|-damage|p2a: Maushold|0 fnt\n|-boost|p1b: Moctezuma|spe|1\n|faint|p2a: Maushold\n|move|p2b: Okidogi|Gunk Shot|p1b: Moctezuma\n|-damage|p1b: Moctezuma|30\/100\n|-status|p1b: Moctezuma|psn\n|\n|-weather|SunnyDay|[upkeep]\n|-damage|p1b: Moctezuma|18\/100 psn|[from] psn\n|upkeep\n|\n|t:|1738710145\n|switch|p2a: Calyrex|Calyrex-Shadow, L50, tera:Ghost|100\/100\n|-ability|p2a: Calyrex|As One\n|-ability|p2a: Calyrex|Unnerve\n|turn|5\n|\n|t:|1738710159\n|move|p1b: Moctezuma|Flare Blitz|p2a: Calyrex\n|-damage|p2a: Calyrex|0 fnt\n|faint|p2a: Calyrex\n|-damage|p1b: Moctezuma|0 fnt|[from] Recoil\n|faint|p1b: Moctezuma\n|\n|win|pokehys2\n|raw|Forbranna's rating: 1559 &rarr; <strong>1537<\/strong><br \/>(-22 for losing)\n|raw|pokehys2's rating: 1517 &rarr; <strong>1539<\/strong><br \/>(+22 for winning)\n|l|\u2606pokehys2\n|player|p2|\n|l|\u2606Forbranna\n|player|p1|\n","uploadtime":1738710423,"views":8,"formatid":"gen9vgc2025regg","rating":1537,"private":0,"password":null}