{"id":"gen9vgc2025regg-2294329726","format":"[Gen 9] VGC 2025 Reg G","players":["Boby maltezer","Slackermaru"],"log":"|j|\u2606Boby maltezer\n|j|\u2606Slackermaru\n|t:|1738690044\n|gametype|doubles\n|player|p1|Boby maltezer|266|1544\n|player|p2|Slackermaru|workerice|1629\n|teamsize|p1|6\n|teamsize|p2|6\n|gen|9\n|tier|[Gen 9] VGC 2025 Reg G\n|rated|\n|rule|Species Clause: Limit one of each Pok\u00e9mon\n|rule|Item Clause: Limit 1 of each item\n|clearpoke\n|poke|p1|Zamazenta-*, L50|\n|poke|p1|Flutter Mane, L50|\n|poke|p1|Rillaboom, L50, M|\n|poke|p1|Latios, L50, M|\n|poke|p1|Tyranitar, L50, M|\n|poke|p1|Landorus, L50, M|\n|poke|p2|Calyrex-Ice, L50|\n|poke|p2|Raging Bolt, L50|\n|poke|p2|Urshifu-*, L50, M|\n|poke|p2|Landorus, L50, M|\n|poke|p2|Pelipper, L50, M|\n|poke|p2|Amoonguss, L50, M|\n|teampreview|4\n|\n|t:|1738690113\n|start\n|switch|p1a: Tyranitar|Tyranitar, L50, M|100\/100\n|switch|p1b: Zamazenta|Zamazenta-Crowned, L50|100\/100\n|switch|p2a: Calyrex|Calyrex-Ice, L50|100\/100\n|switch|p2b: Raging Bolt|Raging Bolt, L50|100\/100\n|-ability|p2a: Calyrex|As One\n|-ability|p2a: Calyrex|Unnerve\n|-ability|p1b: Zamazenta|Dauntless Shield|boost\n|-boost|p1b: Zamazenta|def|1\n|-weather|Sandstorm|[from] ability: Sand Stream|[of] p1a: Tyranitar\n|turn|1\n|inactive|Battle timer is ON: inactive players will automatically lose when time's up. (requested by Boby maltezer)\n|inactive|Boby maltezer has 60 seconds left.\n|\n|t:|1738690148\n|-terastallize|p2a: Calyrex|Fairy\n|move|p1b: Zamazenta|Body Press|p2b: Raging Bolt\n|-damage|p2b: Raging Bolt|46\/100\n|move|p1a: Tyranitar|Rock Slide|p2a: Calyrex|[spread] p2a,p2b\n|-damage|p2a: Calyrex|80\/100\n|-damage|p2b: Raging Bolt|19\/100\n|move|p2b: Raging Bolt|Volt Switch|p1b: Zamazenta\n|-damage|p1b: Zamazenta|72\/100\n|j| Triple20\n|\n|t:|1738690158\n|-end|p2b: Raging Bolt|Protosynthesis|[silent]\n|switch|p2b: Amoonguss|Amoonguss, L50, M, shiny|100\/100|[from] Volt Switch\n|move|p2a: Calyrex|Trick Room|p2a: Calyrex\n|-fieldstart|move: Trick Room|[of] p2a: Calyrex\n|\n|-weather|Sandstorm|[upkeep]\n|-damage|p2b: Amoonguss|95\/100|[from] Sandstorm\n|-damage|p2a: Calyrex|74\/100|[from] Sandstorm\n|upkeep\n|turn|2\n|\n|t:|1738690169\n|move|p1a: Tyranitar|Protect|p1a: Tyranitar\n|-singleturn|p1a: Tyranitar|Protect\n|move|p1b: Zamazenta|Protect|p1b: Zamazenta\n|-singleturn|p1b: Zamazenta|Protect\n|move|p2b: Amoonguss|Spore|p1b: Zamazenta\n|-activate|p1b: Zamazenta|move: Protect\n|move|p2a: Calyrex|High Horsepower|p1a: Tyranitar\n|-activate|p1a: Tyranitar|move: Protect\n|\n|-weather|Sandstorm|[upkeep]\n|-damage|p2b: Amoonguss|89\/100|[from] Sandstorm\n|-damage|p2a: Calyrex|68\/100|[from] Sandstorm\n|upkeep\n|turn|3\n|inactive|Boby maltezer has 30 seconds left.\n|\n|t:|1738690198\n|switch|p1b: Rillaboom|Rillaboom, L50, M|100\/100\n|-fieldstart|move: Grassy Terrain|[from] ability: Grassy Surge|[of] p1b: Rillaboom\n|move|p2b: Amoonguss|Spore|p1a: Tyranitar\n|-status|p1a: Tyranitar|slp|[from] move: Spore\n|move|p2a: Calyrex|High Horsepower|p1a: Tyranitar|[miss]\n|-miss|p2a: Calyrex|p1a: Tyranitar\n|cant|p1a: Tyranitar|slp\n|\n|-weather|Sandstorm|[upkeep]\n|-damage|p2b: Amoonguss|83\/100|[from] Sandstorm\n|-damage|p2a: Calyrex|62\/100|[from] Sandstorm\n|-damage|p1b: Rillaboom|94\/100|[from] Sandstorm\n|-heal|p2b: Amoonguss|89\/100|[from] Grassy Terrain\n|-heal|p2a: Calyrex|68\/100|[from] Grassy Terrain\n|-heal|p1b: Rillaboom|100\/100|[from] Grassy Terrain\n|upkeep\n|turn|4\n|\n|t:|1738690218\n|move|p1b: Rillaboom|Fake Out|p2a: Calyrex\n|-damage|p2a: Calyrex|58\/100\n|move|p2b: Amoonguss|Pollen Puff|p2a: Calyrex\n|-heal|p2a: Calyrex|100\/100\n|cant|p2a: Calyrex|flinch\n|-curestatus|p1a: Tyranitar|slp|[msg]\n|move|p1a: Tyranitar|Taunt|p2b: Amoonguss\n|-start|p2b: Amoonguss|move: Taunt\n|\n|-weather|Sandstorm|[upkeep]\n|-damage|p2b: Amoonguss|83\/100|[from] Sandstorm\n|-damage|p2a: Calyrex|95\/100|[from] Sandstorm\n|-damage|p1b: Rillaboom|94\/100|[from] Sandstorm\n|-heal|p2b: Amoonguss|89\/100|[from] Grassy Terrain\n|-heal|p2a: Calyrex|100\/100|[from] Grassy Terrain\n|-heal|p1b: Rillaboom|100\/100|[from] Grassy Terrain\n|upkeep\n|turn|5\n|j| Salvato1902V\n|j| bluestraggler02\n|inactive|Slackermaru has 30 seconds left.\n|l| Salvato1902V\n|\n|t:|1738690250\n|move|p1a: Tyranitar|Protect|p1a: Tyranitar\n|-singleturn|p1a: Tyranitar|Protect\n|move|p1b: Rillaboom|Protect|p1b: Rillaboom\n|-singleturn|p1b: Rillaboom|Protect\n|move|p2b: Amoonguss|Pollen Puff|p1a: Tyranitar\n|-activate|p1a: Tyranitar|move: Protect\n|move|p2a: Calyrex|High Horsepower|p1a: Tyranitar\n|-activate|p1a: Tyranitar|move: Protect\n|\n|-weather|none\n|-heal|p2b: Amoonguss|95\/100|[from] Grassy Terrain\n|-fieldend|move: Trick Room\n|upkeep\n|turn|6\n|inactive|Boby maltezer has 30 seconds left.\n|\n|t:|1738690281\n|move|p1b: Rillaboom|Wood Hammer|p2a: Calyrex\n|-damage|p2a: Calyrex|43\/100\n|-damage|p1b: Rillaboom|79\/100|[from] Recoil\n|move|p1a: Tyranitar|Taunt|p2a: Calyrex\n|-start|p2a: Calyrex|move: Taunt\n|move|p2a: Calyrex|Glacial Lance|p1a: Tyranitar|[spread] p1a,p1b\n|-supereffective|p1b: Rillaboom\n|-damage|p1a: Tyranitar|44\/100\n|-damage|p1b: Rillaboom|0 fnt\n|faint|p1b: Rillaboom\n|-ability|p2a: Calyrex|Chilling Neigh|boost\n|-boost|p2a: Calyrex|atk|1\n|move|p2b: Amoonguss|Pollen Puff|p1a: Tyranitar\n|-supereffective|p1a: Tyranitar\n|-damage|p1a: Tyranitar|10\/100\n|\n|-heal|p1a: Tyranitar|16\/100|[from] Grassy Terrain\n|-heal|p2a: Calyrex|48\/100|[from] Grassy Terrain\n|-heal|p2b: Amoonguss|100\/100|[from] Grassy Terrain\n|upkeep\n|\n|t:|1738690303\n|switch|p1b: Zamazenta|Zamazenta-Crowned, L50|72\/100\n|turn|7\n|\n|t:|1738690323\n|switch|p1a: Latios|Latios, L50, M|100\/100\n|switch|p2a: Raging Bolt|Raging Bolt, L50|19\/100\n|move|p1b: Zamazenta|Heavy Slam|p2a: Raging Bolt\n|-resisted|p2a: Raging Bolt\n|-damage|p2a: Raging Bolt|13\/100\n|move|p2b: Amoonguss|Pollen Puff|p1a: Latios\n|-supereffective|p1a: Latios\n|-damage|p1a: Latios|62\/100\n|\n|-heal|p1b: Zamazenta|78\/100|[from] Grassy Terrain\n|-heal|p2a: Raging Bolt|19\/100|[from] Grassy Terrain\n|-end|p2b: Amoonguss|move: Taunt\n|-fieldend|move: Grassy Terrain\n|upkeep\n|turn|8\n|inactive|Boby maltezer has 30 seconds left.\n|inactive|Slackermaru has 30 seconds left.\n|j| MTcxing50\n|\n|t:|1738690357\n|-terastallize|p1a: Latios|Steel\n|move|p1a: Latios|Luster Purge|p2b: Amoonguss\n|-supereffective|p2b: Amoonguss\n|-damage|p2b: Amoonguss|5\/100\n|move|p1b: Zamazenta|Body Press|p2b: Amoonguss\n|-resisted|p2b: Amoonguss\n|-damage|p2b: Amoonguss|0 fnt\n|faint|p2b: Amoonguss\n|move|p2a: Raging Bolt|Dragon Pulse|p1a: Latios\n|-resisted|p1a: Latios\n|-damage|p1a: Latios|39\/100\n|\n|upkeep\n|\n|t:|1738690368\n|switch|p2b: Calyrex|Calyrex-Ice, L50, tera:Fairy|48\/100\n|-ability|p2b: Calyrex|As One\n|-ability|p2b: Calyrex|Unnerve\n|turn|9\n|inactive|Boby maltezer has 30 seconds left.\n|\n|t:|1738690397\n|switch|p1a: Tyranitar|Tyranitar, L50, M|16\/100\n|-weather|Sandstorm|[from] ability: Sand Stream|[of] p1a: Tyranitar\n|move|p2a: Raging Bolt|Thunderclap||[still]\n|-fail|p2a: Raging Bolt\n|move|p1b: Zamazenta|Heavy Slam|p2b: Calyrex\n|-supereffective|p2b: Calyrex\n|-damage|p2b: Calyrex|28\/100\n|move|p2b: Calyrex|Trick Room|p2b: Calyrex\n|-fieldstart|move: Trick Room|[of] p2b: Calyrex\n|\n|-weather|Sandstorm|[upkeep]\n|-damage|p2b: Calyrex|22\/100|[from] Sandstorm\n|-damage|p2a: Raging Bolt|13\/100|[from] Sandstorm\n|upkeep\n|turn|10\n|\n|t:|1738690420\n|move|p1a: Tyranitar|Protect|p1a: Tyranitar\n|-singleturn|p1a: Tyranitar|Protect\n|move|p1b: Zamazenta|Protect|p1b: Zamazenta\n|-singleturn|p1b: Zamazenta|Protect\n|move|p2b: Calyrex|Glacial Lance|p1b: Zamazenta|[spread] \n|-activate|p1a: Tyranitar|move: Protect\n|-activate|p1b: Zamazenta|move: Protect\n|move|p2a: Raging Bolt|Volt Switch|p1a: Tyranitar\n|-activate|p1a: Tyranitar|move: Protect\n|\n|-weather|Sandstorm|[upkeep]\n|-damage|p2b: Calyrex|16\/100|[from] Sandstorm\n|-damage|p2a: Raging Bolt|7\/100|[from] Sandstorm\n|upkeep\n|turn|11\n|inactive|Boby maltezer has 30 seconds left.\n|inactive|Slackermaru has 30 seconds left.\n|\n|t:|1738690450\n|move|p2b: Calyrex|High Horsepower|p1a: Tyranitar\n|-supereffective|p1a: Tyranitar\n|-damage|p1a: Tyranitar|0 fnt\n|faint|p1a: Tyranitar\n|-ability|p2b: Calyrex|Chilling Neigh|boost\n|-boost|p2b: Calyrex|atk|1\n|move|p2a: Raging Bolt|Volt Switch|p1b: Zamazenta\n|-damage|p1b: Zamazenta|50\/100\n|\n|t:|1738690458\n|-end|p2a: Raging Bolt|Protosynthesis|[silent]\n|switch|p2a: Urshifu|Urshifu-Rapid-Strike, L50, M|100\/100|[from] Volt Switch\n|move|p1b: Zamazenta|Heavy Slam|p2b: Calyrex\n|-supereffective|p2b: Calyrex\n|-damage|p2b: Calyrex|0 fnt\n|faint|p2b: Calyrex\n|\n|-weather|Sandstorm|[upkeep]\n|-damage|p2a: Urshifu|94\/100|[from] Sandstorm\n|upkeep\n|\n|t:|1738690470\n|switch|p2b: Raging Bolt|Raging Bolt, L50|7\/100\n|switch|p1a: Latios|Latios, L50, M, tera:Steel|39\/100\n|turn|12\n|\n|t:|1738690486\n|move|p2b: Raging Bolt|Thunderclap|p1a: Latios\n|-damage|p1a: Latios|0 fnt\n|faint|p1a: Latios\n|move|p2a: Urshifu|Close Combat|p1b: Zamazenta\n|-supereffective|p1b: Zamazenta\n|-damage|p1b: Zamazenta|0 fnt\n|-unboost|p2a: Urshifu|def|1\n|-unboost|p2a: Urshifu|spd|1\n|faint|p1b: Zamazenta\n|\n|win|Slackermaru\n|raw|Boby maltezer's rating: 1544 &rarr; <strong>1529<\/strong><br \/>(-15 for losing)\n|raw|Slackermaru's rating: 1629 &rarr; <strong>1644<\/strong><br \/>(+15 for winning)\n|l|\u2606Boby maltezer\n|player|p1|\n|l|\u2606Slackermaru\n|player|p2|\n|l| MTcxing50\n|l| bluestraggler02\n","uploadtime":1738690646,"views":11,"formatid":"gen9vgc2025regg","rating":1529,"private":0,"password":null}