{"id":"gen9vgc2025regg-2294553810","format":"[Gen 9] VGC 2025 Reg G","players":["stbai","Hikawari"],"log":"|j|\u2606stbai\n|j|\u2606Hikawari\n|t:|1738713370\n|gametype|doubles\n|player|p1|stbai|janitor|1612\n|player|p2|Hikawari|265|1627\n|teamsize|p1|6\n|teamsize|p2|6\n|gen|9\n|tier|[Gen 9] VGC 2025 Reg G\n|rated|\n|rule|Species Clause: Limit one of each Pok\u00e9mon\n|rule|Item Clause: Limit 1 of each item\n|clearpoke\n|poke|p1|Tatsugiri, L50, M|\n|poke|p1|Terapagos, L50, M|\n|poke|p1|Landorus, L50, M|\n|poke|p1|Latios, L50, M|\n|poke|p1|Entei, L50|\n|poke|p1|Dondozo, L50, F|\n|poke|p2|Zamazenta-*, L50|\n|poke|p2|Chi-Yu, L50|\n|poke|p2|Rillaboom, L50, F|\n|poke|p2|Flutter Mane, L50|\n|poke|p2|Chien-Pao, L50|\n|poke|p2|Amoonguss, L50, M|\n|teampreview|4\n|inactive|Battle timer is ON: inactive players will automatically lose when time's up. (requested by stbai)\nHikawari has agreed to open team sheets.\n|\n|t:|1738713394\n|start\n|switch|p1a: Entei|Entei, L50|100\/100\n|switch|p1b: Dondozo|Dondozo, L50, F|100\/100\n|switch|p2a: Zamazenta|Zamazenta-Crowned, L50|100\/100\n|switch|p2b: Chien-Pao|Chien-Pao, L50|100\/100\n|-ability|p2b: Chien-Pao|Sword of Ruin\n|-ability|p2a: Zamazenta|Dauntless Shield|boost\n|-boost|p2a: Zamazenta|def|1\n|turn|1\n|inactive|stbai has 30 seconds left.\n|\n|t:|1738713427\n|move|p2b: Chien-Pao|Throat Chop|p1a: Entei\n|-damage|p1a: Entei|39\/100\n|-start|p1a: Entei|Throat Chop|[silent]\n|move|p2a: Zamazenta|Body Press|p1a: Entei\n|-damage|p1a: Entei|0 fnt\n|faint|p1a: Entei\n|move|p1b: Dondozo|Substitute|p1b: Dondozo\n|-start|p1b: Dondozo|Substitute\n|-damage|p1b: Dondozo|75\/100\n|\n|-heal|p1b: Dondozo|82\/100|[from] item: Leftovers\n|upkeep\n|\n|t:|1738713433\n|switch|p1a: Tatsugiri|Tatsugiri, L50, M|100\/100\n|-activate|p1a: Tatsugiri|ability: Commander|[of] p1b: Dondozo\n|-boost|p1b: Dondozo|atk|2\n|-boost|p1b: Dondozo|spa|2\n|-boost|p1b: Dondozo|spe|2\n|-boost|p1b: Dondozo|def|2\n|-boost|p1b: Dondozo|spd|2\n|turn|2\n|\n|t:|1738713439\n|move|p2b: Chien-Pao|Throat Chop|p1b: Dondozo\n|-activate|p1b: Dondozo|move: Substitute|[damage]\n|move|p2a: Zamazenta|Body Press|p1b: Dondozo\n|-end|p1b: Dondozo|Substitute\n|move|p1b: Dondozo|Order Up|p2b: Chien-Pao\n|-damage|p2b: Chien-Pao|35\/100\n|-boost|p1b: Dondozo|atk|1\n|\n|-heal|p1b: Dondozo|88\/100|[from] item: Leftovers\n|upkeep\n|turn|3\n|\n|t:|1738713453\n|switch|p2b: Amoonguss|Amoonguss, L50, M|100\/100\n|move|p2a: Zamazenta|Body Press|p1b: Dondozo\n|-damage|p1b: Dondozo|71\/100\n|move|p1b: Dondozo|Earthquake|p2b: Amoonguss|[spread] p2a,p2b\n|-miss|p1b: Dondozo|p1a: Tatsugiri\n|-supereffective|p2a: Zamazenta\n|-damage|p2a: Zamazenta|42\/100\n|-damage|p2b: Amoonguss|64\/100\n|\n|-heal|p1b: Dondozo|77\/100|[from] item: Leftovers\n|upkeep\n|turn|4\n|\n|t:|1738713465\n|-terastallize|p2a: Zamazenta|Dragon\n|move|p2a: Zamazenta|Body Press|p1b: Dondozo\n|-damage|p1b: Dondozo|59\/100\n|move|p1b: Dondozo|Substitute|p1b: Dondozo\n|-start|p1b: Dondozo|Substitute\n|-damage|p1b: Dondozo|34\/100\n|move|p2b: Amoonguss|Sludge Bomb|p1b: Dondozo\n|-activate|p1b: Dondozo|move: Substitute|[damage]\n|\n|-heal|p1b: Dondozo|40\/100|[from] item: Leftovers\n|upkeep\n|turn|5\n|\n|t:|1738713476\n|move|p2a: Zamazenta|Body Press|p1b: Dondozo\n|-end|p1b: Dondozo|Substitute\n|move|p1b: Dondozo|Order Up|p2a: Zamazenta\n|-supereffective|p2a: Zamazenta\n|-damage|p2a: Zamazenta|0 fnt\n|faint|p2a: Zamazenta\n|-boost|p1b: Dondozo|atk|1\n|move|p2b: Amoonguss|Spore|p1b: Dondozo\n|-status|p1b: Dondozo|slp|[from] move: Spore\n|\n|-heal|p1b: Dondozo|46\/100 slp|[from] item: Leftovers\n|upkeep\n|\n|t:|1738713483\n|switch|p2a: Chi-Yu|Chi-Yu, L50|100\/100\n|-ability|p2a: Chi-Yu|Beads of Ruin\n|turn|6\n|\n|t:|1738713489\n|move|p2a: Chi-Yu|Dark Pulse|p1b: Dondozo\n|-damage|p1b: Dondozo|19\/100 slp\n|cant|p1b: Dondozo|slp\n|move|p2b: Amoonguss|Sludge Bomb|p1b: Dondozo\n|-damage|p1b: Dondozo|4\/100 slp\n|\n|-heal|p1b: Dondozo|10\/100 slp|[from] item: Leftovers\n|upkeep\n|turn|7\n|\n|t:|1738713498\n|move|p2a: Chi-Yu|Dark Pulse|p1b: Dondozo\n|-damage|p1b: Dondozo|0 fnt\n|faint|p1b: Dondozo\n|move|p2b: Amoonguss|Spore|p1a: Tatsugiri\n|-status|p1a: Tatsugiri|slp|[from] move: Spore\n|\n|upkeep\n|\n|t:|1738713506\n|switch|p1b: Terapagos|Terapagos, L50, M|100\/100\n|-activate|p1b: Terapagos|ability: Tera Shift\n|detailschange|p1b: Terapagos|Terapagos-Terastal, L50, M\n|-heal|p1b: Terapagos|100\/100|[silent]\n|turn|8\n|\n|t:|1738713521\n|move|p1b: Terapagos|Protect|p1b: Terapagos\n|-singleturn|p1b: Terapagos|Protect\n|move|p2a: Chi-Yu|Dark Pulse|p1a: Tatsugiri\n|-damage|p1a: Tatsugiri|31\/100 slp\n|cant|p1a: Tatsugiri|slp\n|move|p2b: Amoonguss|Sludge Bomb|p1a: Tatsugiri\n|-damage|p1a: Tatsugiri|0 fnt\n|faint|p1a: Tatsugiri\n|\n|upkeep\n|turn|9\n|-message|stbai forfeited.\n|\n|win|Hikawari\n|raw|stbai's rating: 1612 &rarr; <strong>1593<\/strong><br \/>(-19 for losing)\n|raw|Hikawari's rating: 1627 &rarr; <strong>1646<\/strong><br \/>(+19 for winning)\n|l|\u2606stbai\n|player|p1|\n|l|\u2606Hikawari\n|player|p2|\n","uploadtime":1738713745,"views":6,"formatid":"gen9vgc2025regg","rating":1593,"private":0,"password":null}