{"id":"gen9vgc2025regg-2294457555","format":"[Gen 9] VGC 2025 Reg G","players":["Forbranna","kajashi"],"log":"|j|\u2606Forbranna\n|j|\u2606kajashi\n|t:|1738702460\n|gametype|doubles\n|player|p1|Forbranna|101|1551\n|player|p2|kajashi|n|1644\n|teamsize|p1|6\n|teamsize|p2|6\n|gen|9\n|tier|[Gen 9] VGC 2025 Reg G\n|rated|\n|rule|Species Clause: Limit one of each Pok\u00e9mon\n|rule|Item Clause: Limit 1 of each item\n|clearpoke\n|poke|p1|Grimmsnarl, L50, M|\n|poke|p1|Chi-Yu, L50|\n|poke|p1|Koraidon, L50|\n|poke|p1|Flutter Mane, L50|\n|poke|p1|Raging Bolt, L50|\n|poke|p1|Ogerpon-Cornerstone, L50, F|\n|poke|p2|Incineroar, L50, M|\n|poke|p2|Amoonguss, L50, M|\n|poke|p2|Calyrex-Ice, L50|\n|poke|p2|Raging Bolt, L50|\n|poke|p2|Landorus, L50, M|\n|poke|p2|Urshifu-*, L50, M|\n|teampreview|4\n|inactive|Battle timer is ON: inactive players will automatically lose when time's up. (requested by Forbranna)\n|inactive|kajashi has 60 seconds left.\n|\n|t:|1738702517\n|start\n|switch|p1a: Zheng He|Chi-Yu, L50|100\/100\n|switch|p1b: Queen Mary I|Flutter Mane, L50|100\/100\n|switch|p2a: Calyrex|Calyrex-Ice, L50|100\/100\n|switch|p2b: Amoonguss|Amoonguss, L50, M|100\/100\n|-ability|p2a: Calyrex|As One\n|-ability|p2a: Calyrex|Unnerve\n|-ability|p1a: Zheng He|Beads of Ruin\n|turn|1\n|\n|t:|1738702532\n|-end|p1b: Queen Mary I|Protosynthesis|[silent]\n|switch|p1b: Einstein|Grimmsnarl, L50, M, shiny|100\/100\n|-terastallize|p2b: Amoonguss|Fire\n|move|p2a: Calyrex|Protect|p2a: Calyrex\n|-singleturn|p2a: Calyrex|Protect\n|move|p1a: Zheng He|Taunt|p2b: Amoonguss\n|-start|p2b: Amoonguss|move: Taunt\n|cant|p2b: Amoonguss|move: Taunt|Spore\n|\n|upkeep\n|turn|2\n|inactive|Forbranna has 30 seconds left.\n|inactive|kajashi has 30 seconds left.\n|\n|t:|1738702563\n|switch|p2a: Raging Bolt|Raging Bolt, L50|100\/100\n|move|p1b: Einstein|Reflect|p1b: Einstein\n|-sidestart|p1: Forbranna|Reflect\n|move|p1a: Zheng He|Dark Pulse|p2a: Raging Bolt\n|-damage|p2a: Raging Bolt|68\/100\n|move|p2b: Amoonguss|Pollen Puff|p2a: Raging Bolt\n|-heal|p2a: Raging Bolt|100\/100\n|\n|upkeep\n|turn|3\n|inactive|kajashi has 30 seconds left.\n|\n|t:|1738702589\n|switch|p2b: Landorus|Landorus, L50, M|100\/100\n|move|p1b: Einstein|Light Screen|p1b: Einstein\n|-sidestart|p1: Forbranna|move: Light Screen\n|move|p1a: Zheng He|Dark Pulse|p2b: Landorus\n|-damage|p2b: Landorus|23\/100\n|move|p2a: Raging Bolt|Thunderbolt|p1a: Zheng He\n|-damage|p1a: Zheng He|66\/100\n|\n|upkeep\n|turn|4\n|inactive|kajashi has 30 seconds left.\n|inactive|kajashi has 20 seconds left.\n|\n|t:|1738702626\n|switch|p2b: Amoonguss|Amoonguss, L50, M, tera:Fire|100\/100\n|move|p1a: Zheng He|Protect|p1a: Zheng He\n|-singleturn|p1a: Zheng He|Protect\n|move|p2a: Raging Bolt|Thunderbolt|p1a: Zheng He\n|-activate|p1a: Zheng He|move: Protect\n|move|p1b: Einstein|Spirit Break|p2b: Amoonguss\n|-resisted|p2b: Amoonguss\n|-damage|p2b: Amoonguss|86\/100\n|\n|upkeep\n|turn|5\n|\n|t:|1738702644\n|move|p2b: Amoonguss|Rage Powder|p2b: Amoonguss\n|-singleturn|p2b: Amoonguss|move: Rage Powder\n|move|p1a: Zheng He|Taunt|p2b: Amoonguss\n|-start|p2b: Amoonguss|move: Taunt\n|move|p2a: Raging Bolt|Thunderbolt|p1a: Zheng He\n|-damage|p1a: Zheng He|33\/100\n|move|p1b: Einstein|Spirit Break|p2b: Amoonguss\n|-resisted|p2b: Amoonguss\n|-damage|p2b: Amoonguss|73\/100\n|\n|upkeep\n|turn|6\n|\n|t:|1738702663\n|move|p1a: Zheng He|Dark Pulse|p2b: Amoonguss\n|-damage|p2b: Amoonguss|22\/100\n|move|p2a: Raging Bolt|Thunderbolt|p1b: Einstein\n|-damage|p1b: Einstein|58\/100\n|move|p1b: Einstein|Spirit Break|p2a: Raging Bolt\n|-supereffective|p2a: Raging Bolt\n|-damage|p2a: Raging Bolt|56\/100\n|-unboost|p2a: Raging Bolt|spa|1\n|move|p2b: Amoonguss|Pollen Puff|p2a: Raging Bolt\n|-heal|p2a: Raging Bolt|100\/100\n|\n|upkeep\n|turn|7\n|inactive|kajashi has 30 seconds left.\n|\n|t:|1738702693\n|switch|p2b: Calyrex|Calyrex-Ice, L50|100\/100\n|-ability|p2b: Calyrex|As One\n|-ability|p2b: Calyrex|Unnerve\n|move|p1a: Zheng He|Dark Pulse|p2b: Calyrex\n|-supereffective|p2b: Calyrex\n|-damage|p2b: Calyrex|16\/100\n|move|p2a: Raging Bolt|Draco Meteor|p1a: Zheng He\n|-damage|p1a: Zheng He|4\/100\n|-unboost|p2a: Raging Bolt|spa|2\n|move|p1b: Einstein|Spirit Break|p2a: Raging Bolt\n|-supereffective|p2a: Raging Bolt\n|-damage|p2a: Raging Bolt|56\/100\n|-unboost|p2a: Raging Bolt|spa|1\n|\n|upkeep\n|turn|8\n|inactive|Forbranna has 30 seconds left.\n|inactive|kajashi has 30 seconds left.\n|\n|t:|1738702725\n|switch|p2b: Amoonguss|Amoonguss, L50, M, tera:Fire|55\/100\n|move|p2a: Raging Bolt|Thunderclap||[still]\n|-fail|p2a: Raging Bolt\n|move|p1a: Zheng He|Taunt|p2b: Amoonguss\n|-start|p2b: Amoonguss|move: Taunt\n|move|p1b: Einstein|Spirit Break|p2a: Raging Bolt\n|-supereffective|p2a: Raging Bolt\n|-damage|p2a: Raging Bolt|14\/100\n|-unboost|p2a: Raging Bolt|spa|1\n|\n|upkeep\n|turn|9\n|inactive|kajashi has 30 seconds left.\n|\n|t:|1738702758\n|switch|p1a: Joan of Arc|Ogerpon-Cornerstone, L50, F|100\/100\n|-end|p2a: Raging Bolt|Protosynthesis|[silent]\n|switch|p2a: Calyrex|Calyrex-Ice, L50|16\/100\n|-ability|p2a: Calyrex|As One\n|-ability|p2a: Calyrex|Unnerve\n|move|p1b: Einstein|Spirit Break|p2a: Calyrex\n|-damage|p2a: Calyrex|0 fnt\n|faint|p2a: Calyrex\n|move|p2b: Amoonguss|Pollen Puff|p2: Calyrex|[notarget]\n|-fail|p2b: Amoonguss\n|\n|-sideend|p1: Forbranna|Reflect\n|upkeep\n|\n|t:|1738702771\n|switch|p2a: Landorus|Landorus, L50, M|23\/100\n|turn|10\n|\n|t:|1738702787\n|switch|p2b: Raging Bolt|Raging Bolt, L50|14\/100\n|move|p2a: Landorus|Sandsear Storm|p1a: Joan of Arc|[spread] p1a,p1b\n|-damage|p1a: Joan of Arc|56\/100\n|-damage|p1b: Einstein|22\/100\n|move|p1a: Joan of Arc|Ivy Cudgel|p2b: Raging Bolt|[anim] Ivy Cudgel Rock\n|-damage|p2b: Raging Bolt|0 fnt\n|faint|p2b: Raging Bolt\n|-end|p2b: Raging Bolt|Protosynthesis|[silent]\n|move|p1b: Einstein|Spirit Break|p2a: Landorus\n|-damage|p2a: Landorus|0 fnt\n|faint|p2a: Landorus\n|\n|-sideend|p1: Forbranna|move: Light Screen\n|upkeep\n|-message|kajashi forfeited.\n|\n|win|Forbranna\n|raw|Forbranna's rating: 1551 &rarr; <strong>1576<\/strong><br \/>(+25 for winning)\n|raw|kajashi's rating: 1644 &rarr; <strong>1619<\/strong><br \/>(-25 for losing)\n","uploadtime":1738702801,"views":37,"formatid":"gen9vgc2025regg","rating":1576,"private":0,"password":null}