{"id":"gen9vgc2025regg-2294748321","format":"[Gen 9] VGC 2025 Reg G","players":["AnyaForger31","nezuko fresh leg"],"log":"|j|\u2606AnyaForger31\n|j|\u2606nezuko fresh leg\n|t:|1738743623\n|gametype|doubles\n|player|p1|AnyaForger31|caitlin|1576\n|player|p2|nezuko fresh leg|tuberf|1718\n|teamsize|p1|6\n|teamsize|p2|6\n|gen|9\n|tier|[Gen 9] VGC 2025 Reg G\n|rated|\n|rule|Species Clause: Limit one of each Pok\u00e9mon\n|rule|Item Clause: Limit 1 of each item\n|clearpoke\n|poke|p1|Ogerpon-Wellspring, L50, F|\n|poke|p1|Calyrex-Ice, L50|\n|poke|p1|Annihilape, L50, M|\n|poke|p1|Smeargle, L50, M|\n|poke|p1|Urshifu-*, L50, M|\n|poke|p1|Ursaluna-Bloodmoon, L50, M|\n|poke|p2|Whimsicott, L50, M|\n|poke|p2|Indeedee-F, L50, F|\n|poke|p2|Calyrex-Shadow, L50|\n|poke|p2|Urshifu-*, L50, M|\n|poke|p2|Chi-Yu, L50|\n|poke|p2|Ogerpon-Wellspring, L50, F|\n|teampreview|4\nnezuko fresh leg has agreed to open team sheets.\n|\n|t:|1738743638\n|start\n|switch|p1a: Calyrex|Calyrex-Ice, L50|100\/100\n|switch|p1b: Smeargle|Smeargle, L50, M|100\/100\n|switch|p2a: Whimsicott|Whimsicott, L50, M|100\/100\n|switch|p2b: Urshifu|Urshifu-Rapid-Strike, L50, M|100\/100\n|-ability|p1a: Calyrex|As One\n|-ability|p1a: Calyrex|Unnerve\n|turn|1\n|inactive|Battle timer is ON: inactive players will automatically lose when time's up. (requested by nezuko fresh leg)\n|\n|t:|1738743664\n|switch|p2a: \u60e1\u718a\u5669\u5922|Indeedee-F, L50, F|100\/100\n|-fieldstart|move: Psychic Terrain|[from] ability: Psychic Surge|[of] p2a: \u60e1\u718a\u5669\u5922\n|move|p1b: Smeargle|Fake Out|p2b: Urshifu\n|-activate|p2b: Urshifu|move: Psychic Terrain\n|move|p2b: Urshifu|Surging Strikes|p1b: Smeargle\n|-crit|p1b: Smeargle\n|-damage|p1b: Smeargle|67\/100\n|-crit|p1b: Smeargle\n|-damage|p1b: Smeargle|28\/100\n|-crit|p1b: Smeargle\n|-damage|p1b: Smeargle|0 fnt\n|faint|p1b: Smeargle\n|-hitcount|p1: Smeargle|3\n|move|p1a: Calyrex|Trick Room|p1a: Calyrex\n|-fieldstart|move: Trick Room|[of] p1a: Calyrex\n|\n|upkeep\n|\n|t:|1738743681\n|switch|p1b: Ursaluna|Ursaluna-Bloodmoon, L50, M|100\/100\n|turn|2\n|\n|t:|1738743694\n|-terastallize|p2a: \u60e1\u718a\u5669\u5922|Water\n|move|p2b: Urshifu|Protect|p2b: Urshifu\n|-singleturn|p2b: Urshifu|Protect\n|move|p1b: Ursaluna|Hyper Voice|p2a: \u60e1\u718a\u5669\u5922|[spread] p2a\n|-activate|p2b: Urshifu|move: Protect\n|-damage|p2a: \u60e1\u718a\u5669\u5922|49\/100\n|-damage|p1b: Ursaluna|91\/100|[from] item: Life Orb\n|move|p1a: Calyrex|Glacial Lance|p2a: \u60e1\u718a\u5669\u5922|[spread] p2a\n|-activate|p2b: Urshifu|move: Protect\n|-resisted|p2a: \u60e1\u718a\u5669\u5922\n|-damage|p2a: \u60e1\u718a\u5669\u5922|22\/100\n|move|p2a: \u60e1\u718a\u5669\u5922|Trick Room|p2a: \u60e1\u718a\u5669\u5922\n|-fieldend|move: Trick Room\n|\n|upkeep\n|turn|3\n|inactive|AnyaForger31 has 30 seconds left.\n|\n|t:|1738743725\n|switch|p1b: Urshifu|Urshifu, L50, M|100\/100\n|move|p2a: \u60e1\u718a\u5669\u5922|Helping Hand|p2b: Urshifu\n|-singleturn|p2b: Urshifu|Helping Hand|[of] p2a: \u60e1\u718a\u5669\u5922\n|move|p2b: Urshifu|Surging Strikes|p1b: Urshifu\n|-crit|p1b: Urshifu\n|-damage|p1b: Urshifu|64\/100\n|-crit|p1b: Urshifu\n|-damage|p1b: Urshifu|30\/100\n|-crit|p1b: Urshifu\n|-damage|p1b: Urshifu|0 fnt\n|faint|p1b: Urshifu\n|-hitcount|p1: Urshifu|3\n|move|p1a: Calyrex|Trick Room|p1a: Calyrex\n|-fieldstart|move: Trick Room|[of] p1a: Calyrex\n|\n|upkeep\n|\n|t:|1738743730\n|switch|p1b: Ursaluna|Ursaluna-Bloodmoon, L50, M|91\/100\n|turn|4\n|\n|t:|1738743740\n|move|p2a: \u60e1\u718a\u5669\u5922|Follow Me|p2a: \u60e1\u718a\u5669\u5922\n|-singleturn|p2a: \u60e1\u718a\u5669\u5922|move: Follow Me\n|move|p1b: Ursaluna|Hyper Voice|p2a: \u60e1\u718a\u5669\u5922|[spread] p2a,p2b\n|-damage|p2a: \u60e1\u718a\u5669\u5922|0 fnt\n|-damage|p2b: Urshifu|22\/100\n|faint|p2a: \u60e1\u718a\u5669\u5922\n|-damage|p1b: Ursaluna|81\/100|[from] item: Life Orb\n|move|p1a: Calyrex|High Horsepower|p2b: Urshifu\n|-damage|p2b: Urshifu|0 fnt\n|faint|p2b: Urshifu\n|-ability|p1a: Calyrex|Chilling Neigh|boost\n|-boost|p1a: Calyrex|atk|1\n|\n|upkeep\n|\n|t:|1738743745\n|switch|p2a: Calyrex|Calyrex-Shadow, L50|100\/100\n|switch|p2b: Whimsicott|Whimsicott, L50, M|100\/100\n|-ability|p2a: Calyrex|As One\n|-ability|p2a: Calyrex|Unnerve\n|turn|5\n|\n|t:|1738743755\n|move|p1b: Ursaluna|Hyper Voice|p2a: Calyrex|[spread] p2a,p2b\n|-damage|p2a: Calyrex|52\/100\n|-damage|p2b: Whimsicott|28\/100\n|-damage|p1b: Ursaluna|72\/100|[from] item: Life Orb\n|move|p1a: Calyrex|Glacial Lance|p2b: Whimsicott|[spread] p2a,p2b\n|-supereffective|p2b: Whimsicott\n|-damage|p2a: Calyrex|0 fnt\n|-damage|p2b: Whimsicott|0 fnt\n|faint|p2a: Calyrex\n|faint|p2b: Whimsicott\n|\n|win|AnyaForger31\n|raw|AnyaForger31's rating: 1576 &rarr; <strong>1604<\/strong><br \/>(+28 for winning)\n|raw|nezuko fresh leg's rating: 1718 &rarr; <strong>1690<\/strong><br \/>(-28 for losing)\n|l|\u2606nezuko fresh leg\n|player|p2|\n","uploadtime":1738743912,"views":6,"formatid":"gen9vgc2025regg","rating":1604,"private":0,"password":null}