{"id":"gen9vgc2025regg-2294950949","format":"[Gen 9] VGC 2025 Reg G","players":["koji muranishi","Av8nt"],"log":"|j|\u2606koji muranishi\n|j|\u2606Av8nt\n|t:|1738771964\n|gametype|doubles\n|player|p1|koji muranishi|101|1670\n|player|p2|Av8nt|linebacker|1719\n|teamsize|p1|6\n|teamsize|p2|6\n|gen|9\n|tier|[Gen 9] VGC 2025 Reg G\n|rated|\n|rule|Species Clause: Limit one of each Pok\u00e9mon\n|rule|Item Clause: Limit 1 of each item\n|clearpoke\n|poke|p1|Whimsicott, L50, M|\n|poke|p1|Calyrex-Ice, L50|\n|poke|p1|Urshifu-*, L50, F|\n|poke|p1|Entei, L50|\n|poke|p1|Raging Bolt, L50|\n|poke|p1|Landorus, L50, M|\n|poke|p2|Terapagos, L50, M|\n|poke|p2|Incineroar, L50, M|\n|poke|p2|Grimmsnarl, L50, M|\n|poke|p2|Raging Bolt, L50|\n|poke|p2|Amoonguss, L50, F|\n|poke|p2|Flutter Mane, L50|\n|teampreview|4\n|c|\u2606Av8nt|glhf\n|inactive|Battle timer is ON: inactive players will automatically lose when time's up. (requested by koji muranishi)\n|\n|t:|1738772009\n|start\n|switch|p1a: Urshifu|Urshifu-Rapid-Strike, L50, F|100\/100\n|switch|p1b: Landorus|Landorus, L50, M|100\/100\n|switch|p2a: Grimmsnarl|Grimmsnarl, L50, M, shiny|100\/100\n|switch|p2b: Terapagos|Terapagos, L50, M|100\/100\n|-activate|p2b: Terapagos|ability: Tera Shift\n|detailschange|p2b: Terapagos|Terapagos-Terastal, L50, M\n|-heal|p2b: Terapagos|100\/100|[silent]\n|turn|1\n|inactive|koji muranishi has 30 seconds left.\n|\n|t:|1738772042\n|move|p2a: Grimmsnarl|Light Screen|p2a: Grimmsnarl\n|-sidestart|p2: Av8nt|move: Light Screen\n|move|p1a: Urshifu|Close Combat|p2a: Grimmsnarl\n|-damage|p2a: Grimmsnarl|38\/100\n|-unboost|p1a: Urshifu|def|1\n|-unboost|p1a: Urshifu|spd|1\n|move|p1b: Landorus|Sandsear Storm|p2a: Grimmsnarl|[spread] p2a\n|-miss|p1b: Landorus|p2b: Terapagos\n|-damage|p2a: Grimmsnarl|0 fnt\n|faint|p2a: Grimmsnarl\n|move|p2b: Terapagos|Calm Mind|p2b: Terapagos\n|-boost|p2b: Terapagos|spa|1\n|-boost|p2b: Terapagos|spd|1\n|\n|upkeep\n|j| WASDToMove\n|\n|t:|1738772053\n|switch|p2a: Incineroar|Incineroar, L50, M|100\/100\n|-ability|p2a: Incineroar|Intimidate|boost\n|-unboost|p1a: Urshifu|atk|1\n|-unboost|p1b: Landorus|atk|1\n|turn|2\n|\n|t:|1738772072\n|switch|p1a: Calyrex|Calyrex-Ice, L50|100\/100\n|-ability|p1a: Calyrex|As One\n|-ability|p1a: Calyrex|Unnerve\n|move|p1b: Landorus|Protect|p1b: Landorus\n|-singleturn|p1b: Landorus|Protect\n|move|p2a: Incineroar|Fake Out|p1b: Landorus\n|-activate|p1b: Landorus|move: Protect\n|move|p2b: Terapagos|Tera Starstorm|p1a: Calyrex\n|-damage|p1a: Calyrex|36\/100\n|\n|upkeep\n|turn|3\n|\n|t:|1738772087\n|-terastallize|p2b: Terapagos|Stellar\n|detailschange|p2b: Terapagos|Terapagos-Stellar, L50, M, tera:Stellar\n|-heal|p2b: Terapagos|100\/100|[silent]\n|move|p1b: Landorus|Sandsear Storm|p2b: Terapagos|[spread] p2a,p2b\n|-supereffective|p2a: Incineroar\n|-damage|p2a: Incineroar|21\/100\n|-damage|p2b: Terapagos|82\/100\n|move|p2b: Terapagos|Tera Starstorm|p1a: Calyrex|[spread] p1a,p1b\n|-damage|p1a: Calyrex|0 fnt\n|-damage|p1b: Landorus|24\/100\n|-enditem|p2a: Incineroar|Sitrus Berry|[eat]\n|-heal|p2a: Incineroar|46\/100|[from] item: Sitrus Berry\n|faint|p1a: Calyrex\n|move|p2a: Incineroar|Knock Off|p1b: Landorus\n|-damage|p1b: Landorus|0 fnt\n|-enditem|p1b: Landorus|Life Orb|[from] move: Knock Off|[of] p2a: Incineroar\n|faint|p1b: Landorus\n|\n|-heal|p2b: Terapagos|88\/100|[from] item: Leftovers\n|upkeep\n|\n|t:|1738772108\n|switch|p1b: Urshifu|Urshifu-Rapid-Strike, L50, F|100\/100\n|switch|p1a: Whimsicott|Whimsicott, L50, M|100\/100\n|turn|4\n|\n|t:|1738772126\n|move|p1b: Urshifu|Close Combat|p2b: Terapagos\n|-supereffective|p2b: Terapagos\n|-damage|p2b: Terapagos|0 fnt\n|-unboost|p1b: Urshifu|def|1\n|-unboost|p1b: Urshifu|spd|1\n|faint|p2b: Terapagos\n|move|p1a: Whimsicott|Moonblast|p2a: Incineroar\n|-damage|p2a: Incineroar|24\/100\n|-unboost|p2a: Incineroar|spa|1\n|move|p2a: Incineroar|Flare Blitz|p1a: Whimsicott\n|-supereffective|p1a: Whimsicott\n|-enditem|p1a: Whimsicott|Focus Sash\n|-damage|p1a: Whimsicott|1\/100\n|-damage|p2a: Incineroar|0 fnt|[from] Recoil\n|faint|p2a: Incineroar\n|\n|upkeep\n|\n|t:|1738772130\n|switch|p2b: Raging Bolt|Raging Bolt, L50|100\/100\n|turn|5\n|inactive|koji muranishi has 30 seconds left.\n|\n|t:|1738772158\n|move|p2b: Raging Bolt|Thunderclap|p1b: Urshifu\n|-supereffective|p1b: Urshifu\n|-damage|p1b: Urshifu|0 fnt\n|faint|p1b: Urshifu\n|move|p1a: Whimsicott|Moonblast|p2b: Raging Bolt\n|-supereffective|p2b: Raging Bolt\n|-damage|p2b: Raging Bolt|71\/100\n|-unboost|p2b: Raging Bolt|spa|1\n|\n|upkeep\n|turn|6\n|\n|t:|1738772168\n|move|p1a: Whimsicott|Encore|p2b: Raging Bolt\n|-start|p2b: Raging Bolt|Encore\n|move|p2b: Raging Bolt|Thunderclap||[still]\n|-fail|p2b: Raging Bolt\n|\n|upkeep\n|turn|7\n|\n|t:|1738772176\n|move|p1a: Whimsicott|Tailwind|p1a: Whimsicott\n|-sidestart|p1: koji muranishi|move: Tailwind\n|move|p2b: Raging Bolt|Thunderclap||[still]\n|-fail|p2b: Raging Bolt\n|\n|upkeep\n|turn|8\n|\n|t:|1738772185\n|move|p1a: Whimsicott|Tailwind||[still]\n|-fail|p1a: Whimsicott\n|move|p2b: Raging Bolt|Thunderclap||[still]\n|-fail|p2b: Raging Bolt\n|\n|-end|p2b: Raging Bolt|Encore\n|-sideend|p2: Av8nt|move: Light Screen\n|upkeep\n|turn|9\n|\n|t:|1738772194\n|move|p1a: Whimsicott|Encore|p2b: Raging Bolt\n|-start|p2b: Raging Bolt|Encore\n|move|p2b: Raging Bolt|Thunderclap||[still]\n|-fail|p2b: Raging Bolt\n|\n|upkeep\n|turn|10\n|\n|t:|1738772200\n|move|p1a: Whimsicott|Tailwind||[still]\n|-fail|p1a: Whimsicott\n|move|p2b: Raging Bolt|Thunderclap||[still]\n|-fail|p2b: Raging Bolt\n|\n|-sideend|p1: koji muranishi|move: Tailwind\n|upkeep\n|turn|11\n|\n|t:|1738772214\n|move|p1a: Whimsicott|Tailwind|p1a: Whimsicott\n|-sidestart|p1: koji muranishi|move: Tailwind\n|move|p2b: Raging Bolt|Thunderclap||[still]\n|-fail|p2b: Raging Bolt\n|\n|-end|p2b: Raging Bolt|Encore\n|upkeep\n|turn|12\n|\n|t:|1738772223\n|-terastallize|p1a: Whimsicott|Ghost\n|move|p1a: Whimsicott|Encore|p2b: Raging Bolt\n|-start|p2b: Raging Bolt|Encore\n|move|p2b: Raging Bolt|Thunderclap||[still]\n|-fail|p2b: Raging Bolt\n|\n|-end|p2b: Raging Bolt|Encore\n|upkeep\n|turn|13\n|\n|t:|1738772233\n|move|p1a: Whimsicott|Encore||[still]\n|-fail|p1a: Whimsicott\n|move|p2b: Raging Bolt|Thunderbolt|p1a: Whimsicott\n|-crit|p1a: Whimsicott\n|-damage|p1a: Whimsicott|0 fnt\n|faint|p1a: Whimsicott\n|\n|win|Av8nt\n|raw|koji muranishi's rating: 1670 &rarr; <strong>1653<\/strong><br \/>(-17 for losing)\n|raw|Av8nt's rating: 1719 &rarr; <strong>1736<\/strong><br \/>(+17 for winning)\n|l|\u2606Av8nt\n|player|p2|\n|l|\u2606koji muranishi\n|player|p1|\n|l| WASDToMove\n","uploadtime":1738772383,"views":14,"formatid":"gen9vgc2025regg","rating":1653,"private":0,"password":null}