{"id":"gen9vgc2025regg-2294325972","format":"[Gen 9] VGC 2025 Reg G","players":["Boby maltezer","i\u2764\u5a1c\u7984forever"],"log":"|j|\u2606Boby maltezer\n|j|\u2606i\u2764\u5a1c\u7984forever\n|t:|1738689679\n|gametype|doubles\n|player|p1|Boby maltezer|266|1521\n|player|p2|i\u2764\u5a1c\u7984forever|youngcouple|1570\n|teamsize|p1|6\n|teamsize|p2|6\n|gen|9\n|tier|[Gen 9] VGC 2025 Reg G\n|rated|\n|rule|Species Clause: Limit one of each Pok\u00e9mon\n|rule|Item Clause: Limit 1 of each item\n|clearpoke\n|poke|p1|Zamazenta-*, L50|\n|poke|p1|Flutter Mane, L50|\n|poke|p1|Rillaboom, L50, M|\n|poke|p1|Latios, L50, M|\n|poke|p1|Tyranitar, L50, F|\n|poke|p1|Landorus, L50, M|\n|poke|p2|Groudon, L50|\n|poke|p2|Farigiraf, L50, M|\n|poke|p2|Urshifu-*, L50, F|\n|poke|p2|Flutter Mane, L50|\n|poke|p2|Dragonite, L50, F|\n|poke|p2|Torkoal, L50, F|\n|teampreview|4\n|inactive|Battle timer is ON: inactive players will automatically lose when time's up. (requested by Boby maltezer)\n|j| bluestraggler02\n|\n|t:|1738689768\n|start\n|switch|p1a: Rillaboom|Rillaboom, L50, M|100\/100\n|switch|p1b: Zamazenta|Zamazenta-Crowned, L50|100\/100\n|switch|p2a: Farigiraf|Farigiraf, L50, M|100\/100\n|switch|p2b: Dragonite|Dragonite, L50, F|100\/100\n|-ability|p1b: Zamazenta|Dauntless Shield|boost\n|-boost|p1b: Zamazenta|def|1\n|-fieldstart|move: Grassy Terrain|[from] ability: Grassy Surge|[of] p1a: Rillaboom\n|turn|1\n|j| Pokuchu\n|j| Salvato1902V\n|inactive|Boby maltezer has 30 seconds left.\n|\n|t:|1738689800\n|move|p1b: Zamazenta|Body Press|p2b: Dragonite\n|-resisted|p2b: Dragonite\n|-damage|p2b: Dragonite|84\/100\n|move|p1a: Rillaboom|Wood Hammer|p2a: Farigiraf\n|-damage|p2a: Farigiraf|2\/100\n|-enditem|p2a: Farigiraf|Wiki Berry|[eat]\n|-heal|p2a: Farigiraf|35\/100|[from] item: Wiki Berry\n|-damage|p1a: Rillaboom|60\/100|[from] Recoil\n|move|p2b: Dragonite|Ice Spinner|p1a: Rillaboom\n|-supereffective|p1a: Rillaboom\n|-damage|p1a: Rillaboom|0 fnt\n|-fieldend|move: Grassy Terrain\n|faint|p1a: Rillaboom\n|move|p2a: Farigiraf|Trick Room|p2a: Farigiraf\n|-fieldstart|move: Trick Room|[of] p2a: Farigiraf\n|\n|upkeep\n|\n|t:|1738689816\n|switch|p1a: Tyranitar|Tyranitar, L50, F|100\/100\n|-weather|Sandstorm|[from] ability: Sand Stream|[of] p1a: Tyranitar\n|turn|2\n|\n|t:|1738689833\n|switch|p2b: Groudon|Groudon, L50|100\/100\n|-weather|SunnyDay|[from] ability: Drought|[of] p2b: Groudon\n|move|p2a: Farigiraf|Psychic Noise|p1b: Zamazenta\n|-damage|p1b: Zamazenta|75\/100\n|-start|p1b: Zamazenta|move: Heal Block\n|move|p1a: Tyranitar|Rock Slide|p2b: Groudon|[spread] p2a,p2b\n|-resisted|p2b: Groudon\n|-damage|p2a: Farigiraf|7\/100\n|-damage|p2b: Groudon|90\/100\n|move|p1b: Zamazenta|Body Press|p2b: Groudon\n|-damage|p2b: Groudon|41\/100\n|\n|-weather|SunnyDay|[upkeep]\n|upkeep\n|turn|3\n|l| Salvato1902V\n|inactive|i\u2764\u5a1c\u7984forever has 30 seconds left.\n|inactive|i\u2764\u5a1c\u7984forever has 20 seconds left.\n|inactive|Boby maltezer has 30 seconds left.\n|\n|t:|1738689875\n|move|p1a: Tyranitar|Protect|p1a: Tyranitar\n|-singleturn|p1a: Tyranitar|Protect\n|move|p1b: Zamazenta|Protect|p1b: Zamazenta\n|-singleturn|p1b: Zamazenta|Protect\n|move|p2a: Farigiraf|Psychic Noise|p1b: Zamazenta\n|-activate|p1b: Zamazenta|move: Protect\n|move|p2b: Groudon|Precipice Blades|p1a: Tyranitar|[spread] \n|-activate|p1a: Tyranitar|move: Protect\n|-activate|p1b: Zamazenta|move: Protect\n|\n|-weather|SunnyDay|[upkeep]\n|-end|p1b: Zamazenta|move: Heal Block\n|upkeep\n|turn|4\n|\n|t:|1738689892\n|move|p1b: Zamazenta|Wide Guard|p1b: Zamazenta\n|-singleturn|p1b: Zamazenta|Wide Guard\n|move|p2a: Farigiraf|Hyper Voice|p1a: Tyranitar|[spread] \n|-activate|p1a: Tyranitar|move: Wide Guard\n|-activate|p1b: Zamazenta|move: Wide Guard\n|move|p2b: Groudon|Precipice Blades|p1a: Tyranitar|[spread] \n|-activate|p1a: Tyranitar|move: Wide Guard\n|-activate|p1b: Zamazenta|move: Wide Guard\n|move|p1a: Tyranitar|Knock Off|p2b: Groudon\n|-damage|p2b: Groudon|3\/100\n|-enditem|p2b: Groudon|Assault Vest|[from] move: Knock Off|[of] p1a: Tyranitar\n|\n|-weather|SunnyDay|[upkeep]\n|upkeep\n|turn|5\n|inactive|Boby maltezer has 30 seconds left.\n|inactive|Boby maltezer has 20 seconds left.\n|\n|t:|1738689930\n|switch|p2a: Torkoal|Torkoal, L50, F|100\/100\n|switch|p2b: Dragonite|Dragonite, L50, F|84\/100\n|move|p1b: Zamazenta|Wide Guard|p1b: Zamazenta\n|-singleturn|p1b: Zamazenta|Wide Guard\n|move|p1a: Tyranitar|Rock Slide|p2b: Dragonite|[spread] p2a,p2b\n|-supereffective|p2a: Torkoal\n|-supereffective|p2b: Dragonite\n|-damage|p2a: Torkoal|46\/100\n|-damage|p2b: Dragonite|22\/100\n|\n|-weather|SunnyDay|[upkeep]\n|-fieldend|move: Trick Room\n|upkeep\n|turn|6\n|inactive|Boby maltezer has 30 seconds left.\n|inactive|i\u2764\u5a1c\u7984forever has 30 seconds left.\n|\n|t:|1738689965\n|move|p2a: Torkoal|Protect|p2a: Torkoal\n|-singleturn|p2a: Torkoal|Protect\n|move|p1b: Zamazenta|Body Press|p2a: Torkoal\n|-activate|p2a: Torkoal|move: Protect\n|move|p1a: Tyranitar|Rock Slide|p2a: Torkoal|[spread] \n|-activate|p2a: Torkoal|move: Protect\n|-miss|p1a: Tyranitar|p2b: Dragonite\n|move|p2b: Dragonite|Iron Head|p1a: Tyranitar\n|-supereffective|p1a: Tyranitar\n|-damage|p1a: Tyranitar|5\/100\n|\n|-weather|none\n|upkeep\n|turn|7\n|inactive|Boby maltezer has 30 seconds left.\n|inactive|i\u2764\u5a1c\u7984forever has 30 seconds left.\n|inactive|i\u2764\u5a1c\u7984forever has 20 seconds left.\n|\n|t:|1738690002\n|switch|p2b: Farigiraf|Farigiraf, L50, M|7\/100\n|move|p1b: Zamazenta|Body Press|p2a: Torkoal\n|-damage|p2a: Torkoal|0 fnt\n|faint|p2a: Torkoal\n|move|p1a: Tyranitar|Rock Slide|p2b: Farigiraf\n|-damage|p2b: Farigiraf|0 fnt\n|faint|p2b: Farigiraf\n|\n|upkeep\n|j| The_Beast1440\n|\n|t:|1738690012\n|switch|p2b: Dragonite|Dragonite, L50, F|22\/100\n|switch|p2a: Groudon|Groudon, L50|3\/100\n|-weather|SunnyDay|[from] ability: Drought|[of] p2a: Groudon\n|turn|8\n|\n|t:|1738690027\n|-terastallize|p1a: Tyranitar|Ghost\n|move|p2b: Dragonite|Extreme Speed|p1a: Tyranitar\n|-immune|p1a: Tyranitar\n|move|p1b: Zamazenta|Body Press|p2a: Groudon\n|-damage|p2a: Groudon|0 fnt\n|faint|p2a: Groudon\n|move|p1a: Tyranitar|Rock Slide|p2b: Dragonite\n|-supereffective|p2b: Dragonite\n|-damage|p2b: Dragonite|0 fnt\n|faint|p2b: Dragonite\n|\n|win|Boby maltezer\n|raw|Boby maltezer's rating: 1521 &rarr; <strong>1544<\/strong><br \/>(+23 for winning)\n|raw|i\u2764\u5a1c\u7984forever's rating: 1570 &rarr; <strong>1547<\/strong><br \/>(-23 for losing)\n|l|\u2606i\u2764\u5a1c\u7984forever\n|player|p2|\n|l|\u2606Boby maltezer\n|player|p1|\n|l| The_Beast1440\n|l| bluestraggler02\n","uploadtime":1738690230,"views":8,"formatid":"gen9vgc2025regg","rating":1544,"private":0,"password":null}