{"id":"gen9vgc2025regg-2294834967","format":"[Gen 9] VGC 2025 Reg G","players":["Fehuo","Dearp"],"log":"|j|\u2606Fehuo\n|j|\u2606Dearp\n|t:|1738758806\n|gametype|doubles\n|player|p1|Fehuo|cynthia-gen4|1600\n|player|p2|Dearp|battlegirl|1588\n|teamsize|p1|6\n|teamsize|p2|6\n|gen|9\n|tier|[Gen 9] VGC 2025 Reg G\n|rated|\n|rule|Species Clause: Limit one of each Pok\u00e9mon\n|rule|Item Clause: Limit 1 of each item\n|clearpoke\n|poke|p1|Calyrex-Ice, L50|\n|poke|p1|Raging Bolt, L50|\n|poke|p1|Urshifu-*, L50, F|\n|poke|p1|Ogerpon-Hearthflame, L50, F|\n|poke|p1|Rillaboom, L50, F|\n|poke|p1|Indeedee-F, L50, F|\n|poke|p2|Tornadus, L50, M|\n|poke|p2|Ogerpon-Hearthflame, L50, F|\n|poke|p2|Smeargle, L50, F|\n|poke|p2|Terapagos, L50, M|\n|poke|p2|Dondozo, L50, F|\n|poke|p2|Tatsugiri-Droopy, L50, M|\n|teampreview|4\n|inactive|Battle timer is ON: inactive players will automatically lose when time's up. (requested by Fehuo)\n|inactive|Fehuo has 60 seconds left.\n|\n|t:|1738758836\n|start\n|switch|p1a: Calyrex|Calyrex-Ice, L50|100\/100\n|switch|p1b: Ogerpon|Ogerpon-Hearthflame, L50, F|100\/100\n|switch|p2a: Terapagos|Terapagos, L50, M|100\/100\n|switch|p2b: Smeargle|Smeargle, L50, F|100\/100\n|-activate|p2a: Terapagos|ability: Tera Shift\n|detailschange|p2a: Terapagos|Terapagos-Terastal, L50, M\n|-heal|p2a: Terapagos|100\/100|[silent]\n|-ability|p1a: Calyrex|As One\n|-ability|p1a: Calyrex|Unnerve\n|-ability|p1b: Ogerpon|Mold Breaker\n|turn|1\n|inactive|Dearp has 30 seconds left.\n|\n|t:|1738758863\n|move|p1b: Ogerpon|Spiky Shield|p1b: Ogerpon\n|-singleturn|p1b: Ogerpon|move: Protect\n|move|p1a: Calyrex|Protect|p1a: Calyrex\n|-singleturn|p1a: Calyrex|Protect\n|move|p2b: Smeargle|Spore|p1a: Calyrex\n|-activate|p1a: Calyrex|move: Protect\n|move|p2a: Terapagos|Tera Starstorm|p1b: Ogerpon\n|-activate|p1b: Ogerpon|move: Protect\n|\n|-ability|p2b: Smeargle|Moody|boost\n|-boost|p2b: Smeargle|def|2\n|-unboost|p2b: Smeargle|spa|1\n|upkeep\n|turn|2\n|\n|t:|1738758881\n|switch|p2b: Dondozo|Dondozo, L50, F|100\/100\n|move|p1b: Ogerpon|Follow Me|p1b: Ogerpon\n|-singleturn|p1b: Ogerpon|move: Follow Me\n|move|p2a: Terapagos|Tera Starstorm|p1b: Ogerpon\n|-damage|p1b: Ogerpon|3\/100\n|move|p1a: Calyrex|Glacial Lance|p2b: Dondozo|[spread] p2a,p2b\n|-activate|p2a: Terapagos|ability: Tera Shell\n|-resisted|p2a: Terapagos\n|-resisted|p2b: Dondozo\n|-damage|p2a: Terapagos|71\/100\n|-damage|p2b: Dondozo|85\/100\n|\n|-heal|p2b: Dondozo|91\/100|[from] item: Leftovers\n|upkeep\n|turn|3\n|inactive|Dearp has 30 seconds left.\n|\n|t:|1738758913\n|switch|p2a: Tatsugiri|Tatsugiri-Droopy, L50, M|100\/100\n|-activate|p2a: Tatsugiri|ability: Commander|[of] p2b: Dondozo\n|-boost|p2b: Dondozo|atk|2\n|-boost|p2b: Dondozo|spa|2\n|-boost|p2b: Dondozo|spe|2\n|-boost|p2b: Dondozo|def|2\n|-boost|p2b: Dondozo|spd|2\n|move|p1b: Ogerpon|Spiky Shield|p1b: Ogerpon\n|-singleturn|p1b: Ogerpon|move: Protect\n|move|p2b: Dondozo|Order Up|p1b: Ogerpon\n|-activate|p1b: Ogerpon|move: Protect\n|move|p1a: Calyrex|Glacial Lance|p2b: Dondozo|[spread] p2b\n|-miss|p1a: Calyrex|p2a: Tatsugiri\n|-resisted|p2b: Dondozo\n|-damage|p2b: Dondozo|83\/100\n|\n|-heal|p2b: Dondozo|89\/100|[from] item: Leftovers\n|upkeep\n|turn|4\n|\n|t:|1738758931\n|move|p1b: Ogerpon|Wood Hammer|p2b: Dondozo\n|-supereffective|p2b: Dondozo\n|-damage|p2b: Dondozo|49\/100\n|-damage|p1b: Ogerpon|0 fnt|[from] Recoil\n|faint|p1b: Ogerpon\n|move|p2b: Dondozo|Order Up|p1a: Calyrex\n|-damage|p1a: Calyrex|75\/100\n|-boost|p2b: Dondozo|def|1\n|move|p1a: Calyrex|High Horsepower|p2b: Dondozo\n|-damage|p2b: Dondozo|40\/100\n|\n|-heal|p2b: Dondozo|46\/100|[from] item: Leftovers\n|upkeep\n|\n|t:|1738758937\n|switch|p1b: Rillaboom|Rillaboom, L50, F|100\/100\n|-fieldstart|move: Grassy Terrain|[from] ability: Grassy Surge|[of] p1b: Rillaboom\n|turn|5\n|\n|t:|1738758951\n|move|p2b: Dondozo|Protect|p2b: Dondozo\n|-singleturn|p2b: Dondozo|Protect\n|move|p1b: Rillaboom|U-turn|p2b: Dondozo\n|-activate|p2b: Dondozo|move: Protect\n|move|p1a: Calyrex|Glacial Lance|p2a: Tatsugiri|[spread] \n|-miss|p1a: Calyrex|p2a: Tatsugiri\n|-activate|p2b: Dondozo|move: Protect\n|\n|-heal|p2b: Dondozo|52\/100|[from] Grassy Terrain\n|-heal|p2b: Dondozo|58\/100|[from] item: Leftovers\n|-heal|p1a: Calyrex|82\/100|[from] Grassy Terrain\n|upkeep\n|turn|6\n|\n|t:|1738758975\n|move|p2b: Dondozo|Order Up|p1a: Calyrex\n|-damage|p1a: Calyrex|57\/100\n|-boost|p2b: Dondozo|def|1\n|move|p1b: Rillaboom|U-turn|p2b: Dondozo\n|-damage|p2b: Dondozo|51\/100\n|\n|t:|1738758979\n|switch|p1b: Raging Bolt|Raging Bolt, L50|100\/100|[from] U-turn\n|-enditem|p1b: Raging Bolt|Booster Energy\n|-activate|p1b: Raging Bolt|ability: Protosynthesis|[fromitem]\n|-start|p1b: Raging Bolt|protosynthesisspa\n|move|p1a: Calyrex|Glacial Lance|p2b: Dondozo|[spread] p2b\n|-miss|p1a: Calyrex|p2a: Tatsugiri\n|-resisted|p2b: Dondozo\n|-damage|p2b: Dondozo|46\/100\n|\n|-heal|p2b: Dondozo|52\/100|[from] Grassy Terrain\n|-heal|p2b: Dondozo|58\/100|[from] item: Leftovers\n|-heal|p1a: Calyrex|63\/100|[from] Grassy Terrain\n|upkeep\n|turn|7\n|\n|t:|1738759001\n|-end|p1b: Raging Bolt|Protosynthesis|[silent]\n|switch|p1b: Rillaboom|Rillaboom, L50, F|100\/100\n|move|p2b: Dondozo|Protect|p2b: Dondozo\n|-singleturn|p2b: Dondozo|Protect\n|move|p1a: Calyrex|High Horsepower|p2b: Dondozo\n|-activate|p2b: Dondozo|move: Protect\n|\n|-heal|p2b: Dondozo|65\/100|[from] Grassy Terrain\n|-heal|p2b: Dondozo|71\/100|[from] item: Leftovers\n|-heal|p1a: Calyrex|69\/100|[from] Grassy Terrain\n|upkeep\n|turn|8\n|\n|t:|1738759010\n|move|p2b: Dondozo|Body Press|p1a: Calyrex\n|-damage|p1a: Calyrex|20\/100\n|move|p1b: Rillaboom|Wood Hammer|p2b: Dondozo\n|-supereffective|p2b: Dondozo\n|-crit|p2b: Dondozo\n|-damage|p2b: Dondozo|0 fnt\n|faint|p2b: Dondozo\n|-damage|p1b: Rillaboom|73\/100|[from] Recoil\n|move|p1a: Calyrex|High Horsepower|p2a: Tatsugiri\n|-damage|p2a: Tatsugiri|44\/100\n|\n|-heal|p1b: Rillaboom|80\/100|[from] Grassy Terrain\n|-heal|p2a: Tatsugiri|50\/100|[from] Grassy Terrain\n|-heal|p1a: Calyrex|27\/100|[from] Grassy Terrain\n|upkeep\n|\n|t:|1738759016\n|switch|p2b: Terapagos|Terapagos-Terastal, L50, M|71\/100\n|turn|9\n|\n|t:|1738759023\n|switch|p1b: Raging Bolt|Raging Bolt, L50|100\/100\n|switch|p2a: Smeargle|Smeargle, L50, F|100\/100\n|-terastallize|p2b: Terapagos|Stellar\n|detailschange|p2b: Terapagos|Terapagos-Stellar, L50, M, tera:Stellar\n|-heal|p2b: Terapagos|79\/100|[silent]\n|-ability|p2b: Terapagos|Teraform Zero\n|-fieldend|move: Grassy Terrain\n|move|p1a: Calyrex|Protect|p1a: Calyrex\n|-singleturn|p1a: Calyrex|Protect\n|move|p2b: Terapagos|Tera Starstorm|p1b: Raging Bolt|[spread] p1b\n|-activate|p1a: Calyrex|move: Protect\n|-damage|p1b: Raging Bolt|44\/100\n|\n|-ability|p2a: Smeargle|Moody|boost\n|-boost|p2a: Smeargle|spd|2\n|-unboost|p2a: Smeargle|spa|1\n|upkeep\n|turn|10\n|\n|t:|1738759035\n|move|p1a: Calyrex|Protect||[still]\n|-fail|p1a: Calyrex\n|move|p2a: Smeargle|Decorate|p2b: Terapagos\n|-boost|p2b: Terapagos|atk|2\n|-boost|p2b: Terapagos|spa|2\n|move|p2b: Terapagos|Tera Starstorm|p1b: Raging Bolt|[spread] p1a,p1b\n|-damage|p1a: Calyrex|0 fnt\n|-damage|p1b: Raging Bolt|0 fnt\n|faint|p1a: Calyrex\n|faint|p1b: Raging Bolt\n|-end|p1b: Raging Bolt|Protosynthesis|[silent]\n|\n|-ability|p2a: Smeargle|Moody|boost\n|-boost|p2a: Smeargle|spa|2\n|-unboost|p2a: Smeargle|spd|1\n|upkeep\n|-message|Fehuo forfeited.\n|\n|win|Dearp\n|raw|Fehuo's rating: 1600 &rarr; <strong>1579<\/strong><br \/>(-21 for losing)\n|raw|Dearp's rating: 1588 &rarr; <strong>1609<\/strong><br \/>(+21 for winning)\n|l|\u2606Fehuo\n|player|p1|\n|l|\u2606Dearp\n|player|p2|\n","uploadtime":1738759235,"views":9,"formatid":"gen9vgc2025regg","rating":1579,"private":0,"password":null}