{"id":"gen9vgc2025regg-2294186824","format":"[Gen 9] VGC 2025 Reg G","players":["nredz","eldoka"],"log":"|j|\u2606nredz\n|j|\u2606eldoka\n|t:|1738674856\n|gametype|doubles\n|player|p1|nredz|102|1560\n|player|p2|eldoka|265|1558\n|teamsize|p1|6\n|teamsize|p2|6\n|gen|9\n|tier|[Gen 9] VGC 2025 Reg G\n|rated|\n|rule|Species Clause: Limit one of each Pok\u00e9mon\n|rule|Item Clause: Limit 1 of each item\n|clearpoke\n|poke|p1|Ogerpon-Wellspring, L50, F|\n|poke|p1|Terapagos, L50, M|\n|poke|p1|Incineroar, L50, F|\n|poke|p1|Comfey, L50, M|\n|poke|p1|Landorus, L50, M|\n|poke|p1|Amoonguss, L50, F|\n|poke|p2|Raging Bolt, L50|\n|poke|p2|Zamazenta-*, L50|\n|poke|p2|Chien-Pao, L50|\n|poke|p2|Flutter Mane, L50|\n|poke|p2|Amoonguss, L50, M|\n|poke|p2|Chi-Yu, L50|\n|teampreview|4\n|inactive|Battle timer is ON: inactive players will automatically lose when time's up. (requested by nredz)\n|\n|t:|1738674902\n|start\n|switch|p1a: Incineroar|Incineroar, L50, F|100\/100\n|switch|p1b: Landorus|Landorus, L50, M|100\/100\n|switch|p2a: Flutter Mane|Flutter Mane, L50|100\/100\n|switch|p2b: Chi-Yu|Chi-Yu, L50|100\/100\n|-ability|p2b: Chi-Yu|Beads of Ruin\n|-ability|p1a: Incineroar|Intimidate|boost\n|-unboost|p2a: Flutter Mane|atk|1\n|-unboost|p2b: Chi-Yu|atk|1\n|-enditem|p2a: Flutter Mane|Booster Energy\n|-activate|p2a: Flutter Mane|ability: Protosynthesis|[fromitem]\n|-start|p2a: Flutter Mane|protosynthesisspe\n|turn|1\n|inactive|eldoka has 30 seconds left.\n|\n|t:|1738674927\n|-terastallize|p2b: Chi-Yu|Ghost\n|move|p1b: Landorus|Protect|p1b: Landorus\n|-singleturn|p1b: Landorus|Protect\n|move|p2a: Flutter Mane|Icy Wind|p1a: Incineroar|[spread] p1a\n|-activate|p1b: Landorus|move: Protect\n|-resisted|p1a: Incineroar\n|-damage|p1a: Incineroar|93\/100\n|-unboost|p1a: Incineroar|spe|1\n|move|p2b: Chi-Yu|Snarl|p1b: Landorus|[spread] p1a\n|-activate|p1b: Landorus|move: Protect\n|-resisted|p1a: Incineroar\n|-damage|p1a: Incineroar|81\/100\n|-unboost|p1a: Incineroar|spa|1\n|move|p1a: Incineroar|Knock Off|p2b: Chi-Yu\n|-supereffective|p2b: Chi-Yu\n|-damage|p2b: Chi-Yu|0 fnt\n|-enditem|p2b: Chi-Yu|Choice Scarf|[from] move: Knock Off|[of] p1a: Incineroar\n|faint|p2b: Chi-Yu\n|\n|upkeep\n|j| Buymyzoo\n|inactive|eldoka has 30 seconds left.\n|l| Buymyzoo\n|\n|t:|1738674956\n|switch|p2b: Zamazenta|Zamazenta-Crowned, L50|100\/100\n|-ability|p2b: Zamazenta|Dauntless Shield|boost\n|-boost|p2b: Zamazenta|def|1\n|turn|2\n|\n|t:|1738674973\n|switch|p1b: Amoonguss|Amoonguss, L50, F|100\/100\n|-terastallize|p1a: Incineroar|Fairy\n|move|p2b: Zamazenta|Protect|p2b: Zamazenta\n|-singleturn|p2b: Zamazenta|Protect\n|move|p2a: Flutter Mane|Icy Wind|p1a: Incineroar|[spread] p1a,p1b\n|-supereffective|p1b: Amoonguss\n|-damage|p1a: Incineroar|71\/100\n|-damage|p1b: Amoonguss|80\/100\n|-unboost|p1a: Incineroar|spe|1\n|-unboost|p1b: Amoonguss|spe|1\n|move|p1a: Incineroar|Will-O-Wisp|p2b: Zamazenta\n|-activate|p2b: Zamazenta|move: Protect\n|\n|upkeep\n|turn|3\n|\n|t:|1738674997\n|move|p1b: Amoonguss|Rage Powder|p1b: Amoonguss\n|-singleturn|p1b: Amoonguss|move: Rage Powder\n|move|p2a: Flutter Mane|Taunt|p1b: Amoonguss\n|-start|p1b: Amoonguss|move: Taunt\n|move|p2b: Zamazenta|Heavy Slam|p1b: Amoonguss\n|-damage|p1b: Amoonguss|39\/100\n|-damage|p2b: Zamazenta|84\/100|[from] item: Rocky Helmet|[of] p1b: Amoonguss\n|move|p1a: Incineroar|Will-O-Wisp|p2b: Zamazenta\n|-status|p2b: Zamazenta|brn\n|\n|-damage|p2b: Zamazenta|78\/100 brn|[from] brn\n|upkeep\n|turn|4\n|inactive|nredz has 30 seconds left.\n|\n|t:|1738675030\n|move|p2a: Flutter Mane|Moonblast|p1a: Incineroar\n|-damage|p1a: Incineroar|35\/100\n|-unboost|p1a: Incineroar|spa|1\n|move|p2b: Zamazenta|Heavy Slam|p1a: Incineroar\n|-supereffective|p1a: Incineroar\n|-damage|p1a: Incineroar|0 fnt\n|faint|p1a: Incineroar\n|move|p1b: Amoonguss|Pollen Puff|p1: Incineroar|[notarget]\n|-fail|p1b: Amoonguss\n|\n|-damage|p2b: Zamazenta|72\/100 brn|[from] brn\n|upkeep\n|\n|t:|1738675040\n|switch|p1a: Landorus|Landorus, L50, M|100\/100\n|turn|5\n|\n|t:|1738675049\n|switch|p1b: Terapagos|Terapagos, L50, M|100\/100\n|-activate|p1b: Terapagos|ability: Tera Shift\n|detailschange|p1b: Terapagos|Terapagos-Terastal, L50, M\n|-heal|p1b: Terapagos|100\/100|[silent]\n|move|p2b: Zamazenta|Protect|p2b: Zamazenta\n|-singleturn|p2b: Zamazenta|Protect\n|move|p1a: Landorus|Protect|p1a: Landorus\n|-singleturn|p1a: Landorus|Protect\n|move|p2a: Flutter Mane|Icy Wind|p1b: Terapagos|[spread] p1b\n|-activate|p1a: Landorus|move: Protect\n|-activate|p1b: Terapagos|ability: Tera Shell\n|-resisted|p1b: Terapagos\n|-damage|p1b: Terapagos|95\/100\n|\n|-damage|p2b: Zamazenta|66\/100 brn|[from] brn\n|upkeep\n|turn|6\n|inactive|nredz has 30 seconds left.\n|inactive|nredz has 20 seconds left.\n|inactive|eldoka has 30 seconds left.\n|inactive|nredz has 15 seconds left.\n|inactive|nredz has 10 seconds left.\n|inactive|eldoka has 20 seconds left.\n|\n|t:|1738675096\n|move|p1b: Terapagos|Protect|p1b: Terapagos\n|-singleturn|p1b: Terapagos|Protect\n|move|p2a: Flutter Mane|Shadow Ball|p1a: Landorus\n|-damage|p1a: Landorus|56\/100\n|move|p2b: Zamazenta|Heavy Slam|p1a: Landorus\n|-damage|p1a: Landorus|28\/100\n|move|p1a: Landorus|Earth Power|p2b: Zamazenta\n|-supereffective|p2b: Zamazenta\n|-damage|p2b: Zamazenta|0 fnt\n|faint|p2b: Zamazenta\n|\n|upkeep\n|\n|t:|1738675106\n|switch|p2b: Chien-Pao|Chien-Pao, L50|100\/100\n|-ability|p2b: Chien-Pao|Sword of Ruin\n|turn|7\n|\n|t:|1738675131\n|move|p1a: Landorus|Protect|p1a: Landorus\n|-singleturn|p1a: Landorus|Protect\n|move|p2a: Flutter Mane|Icy Wind|p1a: Landorus|[spread] p1b\n|-activate|p1a: Landorus|move: Protect\n|-damage|p1b: Terapagos|83\/100\n|move|p2b: Chien-Pao|Ice Spinner|p1b: Terapagos\n|-damage|p1b: Terapagos|42\/100\n|move|p1b: Terapagos|Flamethrower|p2b: Chien-Pao\n|-supereffective|p2b: Chien-Pao\n|-damage|p2b: Chien-Pao|12\/100\n|\n|upkeep\n|turn|8\n|\n|t:|1738675151\n|switch|p1a: Amoonguss|Amoonguss, L50, F|72\/100\n|move|p1b: Terapagos|Protect|p1b: Terapagos\n|-singleturn|p1b: Terapagos|Protect\n|move|p2a: Flutter Mane|Shadow Ball|p1a: Amoonguss\n|-damage|p1a: Amoonguss|40\/100\n|-unboost|p1a: Amoonguss|spd|1\n|move|p2b: Chien-Pao|Ice Spinner|p1b: Terapagos\n|-activate|p1b: Terapagos|move: Protect\n|\n|upkeep\n|turn|9\n|inactive|nredz has 30 seconds left.\n|\n|t:|1738675186\n|move|p1a: Amoonguss|Rage Powder|p1a: Amoonguss\n|-singleturn|p1a: Amoonguss|move: Rage Powder\n|move|p2a: Flutter Mane|Shadow Ball|p1a: Amoonguss\n|-damage|p1a: Amoonguss|0 fnt\n|faint|p1a: Amoonguss\n|move|p2b: Chien-Pao|Ice Spinner|p1b: Terapagos\n|-damage|p1b: Terapagos|0 fnt\n|faint|p1b: Terapagos\n|\n|upkeep\n|\n|t:|1738675206\n|switch|p1b: Landorus|Landorus, L50, M|28\/100\n|turn|10\n|-message|nredz forfeited.\n|\n|win|eldoka\n|raw|nredz's rating: 1560 &rarr; <strong>1540<\/strong><br \/>(-20 for losing)\n|raw|eldoka's rating: 1558 &rarr; <strong>1578<\/strong><br \/>(+20 for winning)\n|l|\u2606eldoka\n|player|p2|\n|l|\u2606nredz\n|player|p1|\n","uploadtime":1738675418,"views":6,"formatid":"gen9vgc2025regg","rating":1540,"private":0,"password":null}