{"id":"gen9vgc2025regg-2294387888","format":"[Gen 9] VGC 2025 Reg G","players":["Teraparkor 6","bertscai"],"log":"|j|\u2606Teraparkor 6\n|j|\u2606bertscai\n|t:|1738695570\n|gametype|doubles\n|player|p1|Teraparkor 6|102|1629\n|player|p2|bertscai|zinzolin|1545\n|teamsize|p1|6\n|teamsize|p2|6\n|gen|9\n|tier|[Gen 9] VGC 2025 Reg G\n|rated|\n|rule|Species Clause: Limit one of each Pok\u00e9mon\n|rule|Item Clause: Limit 1 of each item\n|clearpoke\n|poke|p1|Miraidon, L50|\n|poke|p1|Grimmsnarl, L50, M|\n|poke|p1|Iron Hands, L50|\n|poke|p1|Urshifu-*, L50, F|\n|poke|p1|Farigiraf, L50, F|\n|poke|p1|Chi-Yu, L50|\n|poke|p2|Weezing-Galar, L50, F|\n|poke|p2|Calyrex-Shadow, L50|\n|poke|p2|Dondozo, L50, F|\n|poke|p2|Tatsugiri-Droopy, L50, F|\n|poke|p2|Entei, L50|\n|poke|p2|Ogerpon-Cornerstone, L50, F|\n|teampreview|4\n|inactive|Battle timer is ON: inactive players will automatically lose when time's up. (requested by Teraparkor 6)\n|j| bluestraggler02\n|\n|t:|1738695592\n|start\n|switch|p1a: Iron Hands|Iron Hands, L50|100\/100\n|switch|p1b: Chi-Yu|Chi-Yu, L50|100\/100\n|switch|p2a: Ogerpon|Ogerpon-Cornerstone, L50, F|100\/100\n|switch|p2b: Entei|Entei, L50, shiny|100\/100\n|-ability|p1b: Chi-Yu|Beads of Ruin\n|turn|1\n|\n|t:|1738695603\n|move|p2a: Ogerpon|Spiky Shield|p2a: Ogerpon\n|-singleturn|p2a: Ogerpon|move: Protect\n|move|p1a: Iron Hands|Fake Out|p2a: Ogerpon\n|-activate|p2a: Ogerpon|move: Protect\n|-damage|p1a: Iron Hands|88\/100|[from] Spiky Shield|[of] p2a: Ogerpon\n|move|p1b: Chi-Yu|Dark Pulse|p2b: Entei\n|-damage|p2b: Entei|64\/100\n|move|p2b: Entei|Stomping Tantrum|p1b: Chi-Yu\n|-supereffective|p1b: Chi-Yu\n|-damage|p1b: Chi-Yu|8\/100\n|\n|upkeep\n|turn|2\n|\n|t:|1738695626\n|move|p1b: Chi-Yu|Dark Pulse|p2b: Entei\n|-damage|p2b: Entei|28\/100\n|move|p2a: Ogerpon|Ivy Cudgel|p1b: Chi-Yu|[anim] Ivy Cudgel Rock\n|-supereffective|p1b: Chi-Yu\n|-damage|p1b: Chi-Yu|0 fnt\n|faint|p1b: Chi-Yu\n|move|p2b: Entei|Sacred Fire|p1a: Iron Hands\n|-damage|p1a: Iron Hands|49\/100\n|move|p1a: Iron Hands|Drain Punch|p2a: Ogerpon\n|-supereffective|p2a: Ogerpon\n|-ability|p2a: Ogerpon|Sturdy\n|-damage|p2a: Ogerpon|1\/100\n|-heal|p1a: Iron Hands|82\/100|[from] drain|[of] p2a: Ogerpon\n|\n|upkeep\n|\n|t:|1738695634\n|switch|p1b: Miraidon|Miraidon, L50|100\/100\n|-fieldstart|move: Electric Terrain|[from] ability: Hadron Engine|[of] p1b: Miraidon\n|-activate|p1a: Iron Hands|ability: Quark Drive\n|-start|p1a: Iron Hands|quarkdriveatk\n|turn|3\n|\n|t:|1738695648\n|-terastallize|p2b: Entei|Normal\n|move|p2a: Ogerpon|Spiky Shield|p2a: Ogerpon\n|-singleturn|p2a: Ogerpon|move: Protect\n|move|p2b: Entei|Extreme Speed|p1b: Miraidon\n|-damage|p1b: Miraidon|59\/100\n|move|p1b: Miraidon|Volt Switch|p2b: Entei\n|-damage|p2b: Entei|0 fnt\n|faint|p2b: Entei\n|\n|t:|1738695654\n|switch|p1b: Urshifu|Urshifu-Rapid-Strike, L50, F|100\/100|[from] Volt Switch\n|move|p1a: Iron Hands|Drain Punch|p2a: Ogerpon\n|-activate|p2a: Ogerpon|move: Protect\n|-damage|p1a: Iron Hands|69\/100|[from] Spiky Shield|[of] p2a: Ogerpon\n|\n|upkeep\n|\n|t:|1738695664\n|switch|p2b: Calyrex|Calyrex-Shadow, L50|100\/100\n|-ability|p2b: Calyrex|As One\n|-ability|p2b: Calyrex|Unnerve\n|turn|4\n|\n|t:|1738695671\n|switch|p2a: Weezing|Weezing-Galar, L50, F, shiny|100\/100\n|-ability|p2a: Weezing|Neutralizing Gas\n|move|p1b: Urshifu|Detect|p1b: Urshifu\n|-singleturn|p1b: Urshifu|Protect\n|move|p2b: Calyrex|Astral Barrage|p1b: Urshifu|[spread] p1a\n|-activate|p1b: Urshifu|move: Protect\n|-damage|p1a: Iron Hands|27\/100\n|-damage|p2b: Calyrex|91\/100|[from] item: Life Orb\n|move|p1a: Iron Hands|Wild Charge|p2b: Calyrex\n|-damage|p2b: Calyrex|2\/100\n|-damage|p1a: Iron Hands|11\/100|[from] Recoil\n|\n|upkeep\n|turn|5\n|\n|t:|1738695688\n|move|p2b: Calyrex|Protect|p2b: Calyrex\n|-singleturn|p2b: Calyrex|Protect\n|move|p1b: Urshifu|Surging Strikes|p2a: Weezing\n|-crit|p2a: Weezing\n|-damage|p2a: Weezing|81\/100\n|-crit|p2a: Weezing\n|-damage|p2a: Weezing|59\/100\n|-crit|p2a: Weezing\n|-damage|p2a: Weezing|38\/100\n|-hitcount|p2a: Weezing|3\n|move|p2a: Weezing|Dazzling Gleam|p1b: Urshifu|[spread] p1a,p1b\n|-supereffective|p1a: Iron Hands\n|-supereffective|p1b: Urshifu\n|-damage|p1a: Iron Hands|0 fnt\n|-damage|p1b: Urshifu|56\/100\n|faint|p1a: Iron Hands\n|-end|p1a: Iron Hands|Quark Drive|[silent]\n|\n|upkeep\n|\n|t:|1738695692\n|switch|p1a: Miraidon|Miraidon, L50|59\/100\n|turn|6\n|\n|t:|1738695706\n|move|p2b: Calyrex|Astral Barrage|p1a: Miraidon|[spread] p1a,p1b\n|-damage|p1a: Miraidon|0 fnt\n|-damage|p1b: Urshifu|0 fnt\n|faint|p1a: Miraidon\n|faint|p1b: Urshifu\n|-damage|p2b: Calyrex|0 fnt|[from] item: Life Orb\n|faint|p2b: Calyrex\n|\n|win|bertscai\n|raw|Teraparkor 6's rating: 1629 &rarr; <strong>1604<\/strong><br \/>(-25 for losing)\n|raw|bertscai's rating: 1545 &rarr; <strong>1570<\/strong><br \/>(+25 for winning)\n|l|\u2606Teraparkor 6\n|player|p1|\n|l|\u2606bertscai\n|player|p2|\n|l| bluestraggler02\n","uploadtime":1738695920,"views":6,"formatid":"gen9vgc2025regg","rating":1570,"private":0,"password":null}