{"id":"gen9vgc2025regg-2294593713","format":"[Gen 9] VGC 2025 Reg G","players":["AnyaForger20","Prometheus756"],"log":"|j|\u2606AnyaForger20\n|j|\u2606Prometheus756\n|t:|1738718539\n|gametype|doubles\n|player|p1|AnyaForger20|caitlin|1599\n|player|p2|Prometheus756|gentleman-gen4dp|1665\n|teamsize|p1|6\n|teamsize|p2|6\n|gen|9\n|tier|[Gen 9] VGC 2025 Reg G\n|rated|\n|rule|Species Clause: Limit one of each Pok\u00e9mon\n|rule|Item Clause: Limit 1 of each item\n|clearpoke\n|poke|p1|Ogerpon-Wellspring, L50, F|\n|poke|p1|Calyrex-Ice, L50|\n|poke|p1|Annihilape, L50, M|\n|poke|p1|Smeargle, L50, M|\n|poke|p1|Urshifu-*, L50, M|\n|poke|p1|Ursaluna-Bloodmoon, L50, M|\n|poke|p2|Rayquaza, L50|\n|poke|p2|Rillaboom, L50, F|\n|poke|p2|Chien-Pao, L50|\n|poke|p2|Smeargle, L50, M|\n|poke|p2|Muk-Alola, L50, M|\n|poke|p2|Iron Valiant, L50|\n|teampreview|4\n|inactive|Battle timer is ON: inactive players will automatically lose when time's up. (requested by Prometheus756)\n|inactive|AnyaForger20 has 60 seconds left.\n|inactive|AnyaForger20 has 30 seconds left.\n|\n|t:|1738718609\n|start\n|switch|p1a: Ogerpon|Ogerpon-Wellspring, L50, F|100\/100\n|switch|p1b: Annihilape|Annihilape, L50, M|100\/100\n|switch|p2a: Rayquaza|Rayquaza, L50|100\/100\n|switch|p2b: Smeargle|Smeargle, L50, M|100\/100\n|-ability|p2a: Rayquaza|Air Lock\n|turn|1\n|inactive|AnyaForger20 has 30 seconds left.\n|\n|t:|1738718638\n|move|p2b: Smeargle|Follow Me|p2b: Smeargle\n|-singleturn|p2b: Smeargle|move: Follow Me\n|move|p1b: Annihilape|Final Gambit|p2b: Smeargle\n|-enditem|p2b: Smeargle|Focus Sash\n|-damage|p2b: Smeargle|1\/100\n|faint|p1b: Annihilape\n|move|p1a: Ogerpon|Taunt|p2b: Smeargle\n|-start|p2b: Smeargle|move: Taunt\n|move|p2a: Rayquaza|Swords Dance|p2a: Rayquaza\n|-boost|p2a: Rayquaza|atk|2\n|\n|-ability|p2b: Smeargle|Moody|boost\n|-boost|p2b: Smeargle|def|2\n|-unboost|p2b: Smeargle|spd|1\n|upkeep\n|\n|t:|1738718653\n|switch|p1b: Calyrex|Calyrex-Ice, L50|100\/100\n|-ability|p1b: Calyrex|As One\n|-ability|p1b: Calyrex|Unnerve\n|turn|2\n|\n|t:|1738718674\n|switch|p2b: Rillaboom|Rillaboom, L50, F|100\/100\n|-fieldstart|move: Grassy Terrain|[from] ability: Grassy Surge|[of] p2b: Rillaboom\n|move|p2a: Rayquaza|Protect|p2a: Rayquaza\n|-singleturn|p2a: Rayquaza|Protect\n|move|p1a: Ogerpon|Encore|p2a: Rayquaza\n|-activate|p2a: Rayquaza|move: Protect\n|move|p1b: Calyrex|Trick Room|p1b: Calyrex\n|-fieldstart|move: Trick Room|[of] p1b: Calyrex\n|\n|upkeep\n|turn|3\n|\n|t:|1738718695\n|-terastallize|p2a: Rayquaza|Normal\n|move|p2b: Rillaboom|Fake Out|p1b: Calyrex\n|-damage|p1b: Calyrex|91\/100\n|move|p2a: Rayquaza|Extreme Speed|p1a: Ogerpon\n|-damage|p1a: Ogerpon|0 fnt\n|faint|p1a: Ogerpon\n|cant|p1b: Calyrex|flinch\n|\n|-heal|p1b: Calyrex|97\/100|[from] Grassy Terrain\n|upkeep\n|\n|t:|1738718705\n|switch|p1a: Ursaluna|Ursaluna-Bloodmoon, L50, M|100\/100\n|turn|4\n|\n|t:|1738718720\n|-terastallize|p1a: Ursaluna|Ghost\n|move|p2a: Rayquaza|Protect|p2a: Rayquaza\n|-singleturn|p2a: Rayquaza|Protect\n|move|p2b: Rillaboom|Grassy Glide|p1a: Ursaluna\n|-damage|p1a: Ursaluna|64\/100\n|move|p1a: Ursaluna|Hyper Voice|p2b: Rillaboom|[spread] p2b\n|-activate|p2a: Rayquaza|move: Protect\n|-damage|p2b: Rillaboom|26\/100\n|-damage|p1a: Ursaluna|55\/100|[from] item: Life Orb\n|move|p1b: Calyrex|Glacial Lance|p2b: Rillaboom|[spread] p2b\n|-activate|p2a: Rayquaza|move: Protect\n|-supereffective|p2b: Rillaboom\n|-damage|p2b: Rillaboom|0 fnt\n|faint|p2b: Rillaboom\n|-ability|p1b: Calyrex|Chilling Neigh|boost\n|-boost|p1b: Calyrex|atk|1\n|\n|-heal|p1a: Ursaluna|61\/100|[from] Grassy Terrain\n|-heal|p1b: Calyrex|100\/100|[from] Grassy Terrain\n|upkeep\n|inactive|Prometheus756 has 30 seconds left.\n|\n|t:|1738718745\n|switch|p2b: Chien-Pao|Chien-Pao, L50|100\/100\n|-ability|p2b: Chien-Pao|Sword of Ruin\n|turn|5\n|\n|t:|1738718758\n|move|p2a: Rayquaza|Extreme Speed|p1b: Calyrex\n|-damage|p1b: Calyrex|25\/100\n|-enditem|p1b: Calyrex|Sitrus Berry|[eat]\n|-heal|p1b: Calyrex|50\/100|[from] item: Sitrus Berry\n|move|p1a: Ursaluna|Vacuum Wave|p2b: Chien-Pao\n|-supereffective|p2b: Chien-Pao\n|-damage|p2b: Chien-Pao|0 fnt\n|faint|p2b: Chien-Pao\n|-damage|p1a: Ursaluna|51\/100|[from] item: Life Orb\n|move|p1b: Calyrex|Glacial Lance|p2a: Rayquaza\n|-damage|p2a: Rayquaza|0 fnt\n|faint|p2a: Rayquaza\n|-ability|p1b: Calyrex|Chilling Neigh|boost\n|-boost|p1b: Calyrex|atk|1\n|\n|-heal|p1a: Ursaluna|57\/100|[from] Grassy Terrain\n|-heal|p1b: Calyrex|55\/100|[from] Grassy Terrain\n|upkeep\n|c|\u2606Prometheus756|Shoot\n|c|\u2606Prometheus756|wp\n|c|\u2606AnyaForger20|wp\n|inactive|Prometheus756 has 30 seconds left.\n|c|\u2606Prometheus756|forgot it gets priority\n|\n|t:|1738718789\n|switch|p2b: Smeargle|Smeargle, L50, M|1\/100\n|turn|6\n|\n|t:|1738718794\n|move|p2b: Smeargle|Fake Out|p1b: Calyrex\n|-damage|p1b: Calyrex|52\/100\n|move|p1a: Ursaluna|Vacuum Wave|p2b: Smeargle\n|-supereffective|p2b: Smeargle\n|-damage|p2b: Smeargle|0 fnt\n|faint|p2b: Smeargle\n|-damage|p1a: Ursaluna|48\/100|[from] item: Life Orb\n|\n|win|AnyaForger20\n|raw|AnyaForger20's rating: 1599 &rarr; <strong>1623<\/strong><br \/>(+24 for winning)\n|raw|Prometheus756's rating: 1665 &rarr; <strong>1641<\/strong><br \/>(-24 for losing)\n|l|\u2606Prometheus756\n|player|p2|\n|l|\u2606AnyaForger20\n|player|p1|\n","uploadtime":1738719041,"views":10,"formatid":"gen9vgc2025regg","rating":1623,"private":0,"password":null}