{"id":"gen9vgc2025regg-2294465324","format":"[Gen 9] VGC 2025 Reg G","players":["Jameson Murray","Bbjhots"],"log":"|j|\u2606Jameson Murray\n|j|\u2606Bbjhots\n|t:|1738703261\n|gametype|doubles\n|player|p1|Jameson Murray|elesa|1506\n|player|p2|Bbjhots|170|1609\n|teamsize|p1|6\n|teamsize|p2|6\n|gen|9\n|tier|[Gen 9] VGC 2025 Reg G\n|rated|\n|rule|Species Clause: Limit one of each Pok\u00e9mon\n|rule|Item Clause: Limit 1 of each item\n|clearpoke\n|poke|p1|Groudon, L50|\n|poke|p1|Ogerpon-Cornerstone, L50, F|\n|poke|p1|Volcarona, L50, F|\n|poke|p1|Urshifu-*, L50, F|\n|poke|p1|Raging Bolt, L50|\n|poke|p1|Gouging Fire, L50|\n|poke|p2|Koraidon, L50|\n|poke|p2|Flutter Mane, L50|\n|poke|p2|Brute Bonnet, L50|\n|poke|p2|Indeedee-F, L50, F|\n|poke|p2|Gouging Fire, L50|\n|poke|p2|Walking Wake, L50|\n|teampreview|4\n|inactive|Battle timer is ON: inactive players will automatically lose when time's up. (requested by Bbjhots)\n|inactive|Jameson Murray has 60 seconds left.\n|\n|t:|1738703300\n|start\n|switch|p1a: Raging Bolt|Raging Bolt, L50|100\/100\n|switch|p1b: Volcarona|Volcarona, L50, F|100\/100\n|switch|p2a: Flutter Mane|Flutter Mane, L50, shiny|100\/100\n|switch|p2b: Koraidon|Koraidon, L50|100\/100\n|-weather|SunnyDay|[from] ability: Orichalcum Pulse|[of] p2b: Koraidon\n|-activate|p2a: Flutter Mane|ability: Protosynthesis\n|-start|p2a: Flutter Mane|protosynthesisspe\n|-activate|p1a: Raging Bolt|ability: Protosynthesis\n|-start|p1a: Raging Bolt|protosynthesisspa\n|-activate|p2b: Koraidon|Orichalcum Pulse|[source]\n|turn|1\n|inactive|Bbjhots has 30 seconds left.\n|inactive|Bbjhots has 20 seconds left.\n|inactive|Bbjhots has 15 seconds left.\n|\n|t:|1738703342\n|-terastallize|p2b: Koraidon|Fire\n|move|p2a: Flutter Mane|Moonblast|p1b: Volcarona\n|-resisted|p1b: Volcarona\n|-damage|p1b: Volcarona|83\/100\n|move|p2b: Koraidon|Flame Charge|p1b: Volcarona\n|-damage|p1b: Volcarona|19\/100\n|-boost|p2b: Koraidon|spe|1\n|-damage|p2b: Koraidon|84\/100|[from] item: Rocky Helmet|[of] p1b: Volcarona\n|move|p1b: Volcarona|Tailwind|p1b: Volcarona\n|-sidestart|p1: Jameson Murray|move: Tailwind\n|move|p1a: Raging Bolt|Thunderbolt|p2a: Flutter Mane\n|-damage|p2a: Flutter Mane|44\/100\n|\n|-weather|SunnyDay|[upkeep]\n|upkeep\n|turn|2\n|inactive|Jameson Murray has 30 seconds left.\n|\n|t:|1738703371\n|move|p1b: Volcarona|Protect|p1b: Volcarona\n|-singleturn|p1b: Volcarona|Protect\n|move|p2a: Flutter Mane|Icy Wind|p1b: Volcarona|[spread] p1a\n|-activate|p1b: Volcarona|move: Protect\n|-supereffective|p1a: Raging Bolt\n|-damage|p1a: Raging Bolt|85\/100\n|-unboost|p1a: Raging Bolt|spe|1\n|move|p2b: Koraidon|Flame Charge|p1b: Volcarona\n|-activate|p1b: Volcarona|move: Protect\n|move|p1a: Raging Bolt|Thunderbolt|p2a: Flutter Mane\n|-damage|p2a: Flutter Mane|0 fnt\n|faint|p2a: Flutter Mane\n|-end|p2a: Flutter Mane|Protosynthesis|[silent]\n|\n|-weather|SunnyDay|[upkeep]\n|upkeep\n|\n|t:|1738703385\n|switch|p2a: Walking Wake|Walking Wake, L50|100\/100\n|-activate|p2a: Walking Wake|ability: Protosynthesis\n|-start|p2a: Walking Wake|protosynthesisspa\n|turn|3\n|\n|t:|1738703404\n|switch|p1b: Gouging Fire|Gouging Fire, L50|100\/100\n|-activate|p1b: Gouging Fire|ability: Protosynthesis\n|-start|p1b: Gouging Fire|protosynthesisspe\n|-terastallize|p1a: Raging Bolt|Water\n|move|p2b: Koraidon|Protect|p2b: Koraidon\n|-singleturn|p2b: Koraidon|Protect\n|move|p2a: Walking Wake|Protect|p2a: Walking Wake\n|-singleturn|p2a: Walking Wake|Protect\n|move|p1a: Raging Bolt|Dragon Pulse|p2a: Walking Wake\n|-activate|p2a: Walking Wake|move: Protect\n|\n|-weather|SunnyDay|[upkeep]\n|upkeep\n|turn|4\n|\n|t:|1738703420\n|-end|p2a: Walking Wake|Protosynthesis|[silent]\n|switch|p2a: Indeedee|Indeedee-F, L50, F|100\/100\n|-fieldstart|move: Psychic Terrain|[from] ability: Psychic Surge|[of] p2a: Indeedee\n|-enditem|p2a: Indeedee|Psychic Seed\n|-boost|p2a: Indeedee|spd|1|[from] item: Psychic Seed\n|move|p1b: Gouging Fire|Breaking Swipe|p2b: Koraidon|[spread] p2a,p2b\n|-damage|p2a: Indeedee|85\/100\n|-damage|p2b: Koraidon|70\/100\n|-unboost|p2a: Indeedee|atk|1\n|move|p2b: Koraidon|Collision Course|p1a: Raging Bolt\n|-damage|p1a: Raging Bolt|33\/100\n|move|p1a: Raging Bolt|Dragon Pulse|p2a: Indeedee\n|-damage|p2a: Indeedee|42\/100\n|\n|-weather|SunnyDay|[upkeep]\n|-sideend|p1: Jameson Murray|move: Tailwind\n|upkeep\n|turn|5\n|inactive|Bbjhots has 30 seconds left.\n|\n|t:|1738703452\n|-end|p1a: Raging Bolt|Protosynthesis|[silent]\n|switch|p1a: Groudon|Groudon, L50|100\/100\n|move|p2b: Koraidon|Protect|p2b: Koraidon\n|-singleturn|p2b: Koraidon|Protect\n|move|p2a: Indeedee|Follow Me|p2a: Indeedee\n|-singleturn|p2a: Indeedee|move: Follow Me\n|move|p1b: Gouging Fire|Howl|p1b: Gouging Fire|[spread] p1a,p1b\n|-boost|p1a: Groudon|atk|1\n|-boost|p1b: Gouging Fire|atk|1\n|\n|-weather|none\n|-end|p1b: Gouging Fire|Protosynthesis\n|upkeep\n|turn|6\n|\n|t:|1738703472\n|move|p2a: Indeedee|Follow Me|p2a: Indeedee\n|-singleturn|p2a: Indeedee|move: Follow Me\n|move|p2b: Koraidon|Collision Course|p1a: Groudon\n|-damage|p1a: Groudon|67\/100\n|move|p1b: Gouging Fire|Breaking Swipe|p2a: Indeedee|[spread] p2a,p2b\n|-damage|p2a: Indeedee|15\/100\n|-damage|p2b: Koraidon|48\/100\n|-unboost|p2a: Indeedee|atk|1\n|move|p1a: Groudon|Precipice Blades|p2a: Indeedee|[spread] p2a,p2b\n|-supereffective|p2b: Koraidon\n|-damage|p2a: Indeedee|0 fnt\n|-damage|p2b: Koraidon|0 fnt\n|faint|p2a: Indeedee\n|faint|p2b: Koraidon\n|-damage|p1a: Groudon|58\/100|[from] item: Life Orb\n|\n|upkeep\n|-message|Bbjhots forfeited.\n|\n|win|Jameson Murray\n|raw|Jameson Murray's rating: 1506 &rarr; <strong>1532<\/strong><br \/>(+26 for winning)\n|raw|Bbjhots's rating: 1609 &rarr; <strong>1583<\/strong><br \/>(-26 for losing)\n|l|\u2606Bbjhots\n|player|p2|\n","uploadtime":1738703644,"views":7,"formatid":"gen9vgc2025regg","rating":1532,"private":0,"password":null}