{"id":"gen9vgc2025regg-2294397923","format":"[Gen 9] VGC 2025 Reg G","players":["zonavideovigilada","koji muranishi"],"log":"|j|\u2606zonavideovigilada\n|j|\u2606koji muranishi\n|t:|1738696517\n|gametype|doubles\n|player|p1|zonavideovigilada|102|1637\n|player|p2|koji muranishi|102|1798\n|teamsize|p1|6\n|teamsize|p2|6\n|gen|9\n|tier|[Gen 9] VGC 2025 Reg G\n|rated|\n|rule|Species Clause: Limit one of each Pok\u00e9mon\n|rule|Item Clause: Limit 1 of each item\n|clearpoke\n|poke|p1|Urshifu-*, L50, M|\n|poke|p1|Whimsicott, L50, F|\n|poke|p1|Miraidon, L50|\n|poke|p1|Iron Hands, L50|\n|poke|p1|Incineroar, L50, M|\n|poke|p1|Iron Leaves, L50|\n|poke|p2|Whimsicott, L50, F|\n|poke|p2|Calyrex-Ice, L50|\n|poke|p2|Urshifu-*, L50, M|\n|poke|p2|Entei, L50|\n|poke|p2|Raging Bolt, L50|\n|poke|p2|Landorus, L50, M|\n|teampreview|4\n|inactive|Battle timer is ON: inactive players will automatically lose when time's up. (requested by zonavideovigilada)\n|\n|t:|1738696544\n|start\n|switch|p1a: Miraidon|Miraidon, L50|100\/100\n|switch|p1b: Whimsicott|Whimsicott, L50, F|100\/100\n|switch|p2a: Whimsicott|Whimsicott, L50, F|100\/100\n|switch|p2b: Landorus|Landorus, L50, M|100\/100\n|-fieldstart|move: Electric Terrain|[from] ability: Hadron Engine|[of] p1a: Miraidon\n|turn|1\n|j| mr pogostick\n|\n|t:|1738696568\n|move|p1b: Whimsicott|Light Screen|p1b: Whimsicott\n|-sidestart|p1: zonavideovigilada|move: Light Screen\n|move|p2a: Whimsicott|Tailwind|p2a: Whimsicott\n|-sidestart|p2: koji muranishi|move: Tailwind\n|move|p2b: Landorus|Sandsear Storm|p1b: Whimsicott|[spread] p1b\n|-miss|p2b: Landorus|p1a: Miraidon\n|-resisted|p1b: Whimsicott\n|-damage|p1b: Whimsicott|68\/100\n|move|p1a: Miraidon|Draco Meteor|p2b: Landorus|[miss]\n|-miss|p1a: Miraidon|p2b: Landorus\n|\n|upkeep\n|turn|2\n|\n|t:|1738696586\n|-terastallize|p1a: Miraidon|Fairy\n|move|p2a: Whimsicott|Encore|p1b: Whimsicott\n|-start|p1b: Whimsicott|Encore\n|move|p1b: Whimsicott|Light Screen||[still]\n|-fail|p1b: Whimsicott\n|move|p2b: Landorus|Sandsear Storm|p1a: Miraidon|[spread] p1a,p1b\n|-resisted|p1b: Whimsicott\n|-damage|p1a: Miraidon|63\/100\n|-damage|p1b: Whimsicott|39\/100\n|move|p1a: Miraidon|Draco Meteor|p2b: Landorus\n|-damage|p2b: Landorus|0 fnt\n|-unboost|p1a: Miraidon|spa|2\n|faint|p2b: Landorus\n|\n|upkeep\n|j| 413XPlayz\n|inactive|koji muranishi has 30 seconds left.\n|\n|t:|1738696613\n|switch|p2b: Raging Bolt|Raging Bolt, L50|100\/100\n|-enditem|p2b: Raging Bolt|Booster Energy\n|-activate|p2b: Raging Bolt|ability: Protosynthesis|[fromitem]\n|-start|p2b: Raging Bolt|protosynthesisspa\n|turn|3\n|inactive|zonavideovigilada has 30 seconds left.\n|\n|t:|1738696639\n|switch|p1a: Iron Hands|Iron Hands, L50|100\/100\n|-enditem|p1a: Iron Hands|Electric Seed\n|-boost|p1a: Iron Hands|def|1|[from] item: Electric Seed\n|-activate|p1a: Iron Hands|ability: Quark Drive\n|-start|p1a: Iron Hands|quarkdriveatk\n|switch|p1b: Incineroar|Incineroar, L50, M|100\/100\n|-ability|p1b: Incineroar|Intimidate|boost\n|-unboost|p2a: Whimsicott|atk|1\n|-unboost|p2b: Raging Bolt|atk|1\n|move|p2a: Whimsicott|Moonblast|p1a: Iron Hands\n|-supereffective|p1a: Iron Hands\n|-damage|p1a: Iron Hands|62\/100\n|-unboost|p1a: Iron Hands|spa|1\n|move|p2b: Raging Bolt|Thunderbolt|p1a: Iron Hands\n|-resisted|p1a: Iron Hands\n|-damage|p1a: Iron Hands|39\/100\n|\n|upkeep\n|turn|4\n|j| kiabu233\n|inactive|koji muranishi has 30 seconds left.\n|\n|t:|1738696665\n|move|p2b: Raging Bolt|Protect|p2b: Raging Bolt\n|-singleturn|p2b: Raging Bolt|Protect\n|move|p1b: Incineroar|Fake Out|p2a: Whimsicott\n|-damage|p2a: Whimsicott|85\/100\n|cant|p2a: Whimsicott|flinch\n|move|p1a: Iron Hands|Drain Punch|p2b: Raging Bolt\n|-activate|p2b: Raging Bolt|move: Protect\n|\n|-sideend|p2: koji muranishi|move: Tailwind\n|upkeep\n|turn|5\n|inactive|koji muranishi has 30 seconds left.\n|inactive|koji muranishi has 20 seconds left.\n|\n|t:|1738696704\n|move|p1a: Iron Hands|Detect|p1a: Iron Hands\n|-singleturn|p1a: Iron Hands|Protect\n|move|p2a: Whimsicott|Moonblast|p1a: Iron Hands\n|-activate|p1a: Iron Hands|move: Protect\n|move|p2b: Raging Bolt|Thunderbolt|p1a: Iron Hands\n|-activate|p1a: Iron Hands|move: Protect\n|move|p1b: Incineroar|Parting Shot|p2b: Raging Bolt\n|-unboost|p2b: Raging Bolt|atk|1\n|-unboost|p2b: Raging Bolt|spa|1\n|\n|t:|1738696711\n|switch|p1b: Whimsicott|Whimsicott, L50, F|39\/100|[from] Parting Shot\n|\n|-sideend|p1: zonavideovigilada|move: Light Screen\n|-fieldend|move: Electric Terrain\n|-end|p1a: Iron Hands|Quark Drive\n|upkeep\n|turn|6\n|\n|t:|1738696731\n|move|p1b: Whimsicott|Encore|p2a: Whimsicott\n|-start|p2a: Whimsicott|Encore\n|move|p2b: Raging Bolt|Draco Meteor|p1a: Iron Hands\n|-damage|p1a: Iron Hands|0 fnt\n|-unboost|p2b: Raging Bolt|spa|2\n|faint|p1a: Iron Hands\n|-end|p1a: Iron Hands|Quark Drive|[silent]\n|move|p2a: Whimsicott|Moonblast|p1b: Whimsicott\n|-damage|p1b: Whimsicott|0 fnt\n|faint|p1b: Whimsicott\n|\n|upkeep\n|\n|t:|1738696737\n|switch|p1b: Incineroar|Incineroar, L50, M|100\/100\n|switch|p1a: Miraidon|Miraidon, L50, tera:Fairy|63\/100\n|-fieldstart|move: Electric Terrain|[from] ability: Hadron Engine|[of] p1a: Miraidon\n|-ability|p1b: Incineroar|Intimidate|boost\n|-unboost|p2a: Whimsicott|atk|1\n|-unboost|p2b: Raging Bolt|atk|1\n|turn|7\n|inactive|koji muranishi has 30 seconds left.\n|inactive|koji muranishi has 20 seconds left.\n|\n|t:|1738696773\n|switch|p2a: Calyrex|Calyrex-Ice, L50|100\/100\n|-ability|p2a: Calyrex|As One\n|-ability|p2a: Calyrex|Unnerve\n|move|p2b: Raging Bolt|Protect|p2b: Raging Bolt\n|-singleturn|p2b: Raging Bolt|Protect\n|move|p1a: Miraidon|Dazzling Gleam|p2a: Calyrex|[spread] p2a\n|-activate|p2b: Raging Bolt|move: Protect\n|-damage|p2a: Calyrex|41\/100\n|move|p1b: Incineroar|Knock Off|p2a: Calyrex\n|-supereffective|p2a: Calyrex\n|-damage|p2a: Calyrex|0 fnt\n|-enditem|p2a: Calyrex|Choice Band|[from] move: Knock Off|[of] p1b: Incineroar\n|faint|p2a: Calyrex\n|\n|upkeep\n|\n|t:|1738696790\n|switch|p2a: Whimsicott|Whimsicott, L50, F|85\/100\n|turn|8\n|\n|t:|1738696801\n|-terastallize|p2b: Raging Bolt|Electric\n|move|p2a: Whimsicott|Tailwind|p2a: Whimsicott\n|-sidestart|p2: koji muranishi|move: Tailwind\n|move|p2b: Raging Bolt|Thunderbolt|p1a: Miraidon\n|-damage|p1a: Miraidon|19\/100\n|move|p1a: Miraidon|Dazzling Gleam|p2a: Whimsicott|[spread] p2a,p2b\n|-damage|p2a: Whimsicott|0 fnt\n|-damage|p2b: Raging Bolt|33\/100\n|faint|p2a: Whimsicott\n|move|p1b: Incineroar|Knock Off|p2b: Raging Bolt\n|-damage|p2b: Raging Bolt|10\/100\n|\n|upkeep\n|turn|9\n|-message|koji muranishi forfeited.\n|\n|win|zonavideovigilada\n|raw|zonavideovigilada's rating: 1637 &rarr; <strong>1666<\/strong><br \/>(+29 for winning)\n|raw|koji muranishi's rating: 1798 &rarr; <strong>1769<\/strong><br \/>(-29 for losing)\n|l|\u2606koji muranishi\n|player|p2|\n|l| kiabu233\n|l|\u2606zonavideovigilada\n|player|p1|\n|l| mr pogostick\n","uploadtime":1738697031,"views":14,"formatid":"gen9vgc2025regg","rating":1666,"private":0,"password":null}