{"id":"gen9vgc2025regg-2294826623","format":"[Gen 9] VGC 2025 Reg G","players":["Weakest blow","koji muranishi"],"log":"|j|\u2606Weakest blow\n|j|\u2606koji muranishi\n|t:|1738757551\n|gametype|doubles\n|player|p1|Weakest blow|depotagent|1642\n|player|p2|koji muranishi|101|1746\n|teamsize|p1|6\n|teamsize|p2|6\n|gen|9\n|tier|[Gen 9] VGC 2025 Reg G\n|rated|\n|rule|Species Clause: Limit one of each Pok\u00e9mon\n|rule|Item Clause: Limit 1 of each item\n|clearpoke\n|poke|p1|Ditto, L50|\n|poke|p1|Iron Hands, L50|\n|poke|p1|Miraidon, L50|\n|poke|p1|Pelipper, L50, F|\n|poke|p1|Volcarona, L50, M|\n|poke|p1|Whimsicott, L50, F|\n|poke|p2|Whimsicott, L50, F|\n|poke|p2|Calyrex-Ice, L50|\n|poke|p2|Urshifu-*, L50, M|\n|poke|p2|Entei, L50|\n|poke|p2|Raging Bolt, L50|\n|poke|p2|Landorus, L50, M|\n|teampreview|4\n|inactive|Battle timer is ON: inactive players will automatically lose when time's up. (requested by koji muranishi)\n|inactive|Weakest blow has 60 seconds left.\n|inactive|koji muranishi has 60 seconds left.\n|\n|t:|1738757587\n|start\n|switch|p1a: Miraidon|Miraidon, L50|100\/100\n|switch|p1b: Whimsicott|Whimsicott, L50, F|100\/100\n|switch|p2a: Whimsicott|Whimsicott, L50, F|100\/100\n|switch|p2b: Landorus|Landorus, L50, M|100\/100\n|-fieldstart|move: Electric Terrain|[from] ability: Hadron Engine|[of] p1a: Miraidon\n|turn|1\n|\n|t:|1738757604\n|-terastallize|p1a: Miraidon|Fairy\n|move|p2b: Landorus|Protect|p2b: Landorus\n|-singleturn|p2b: Landorus|Protect\n|move|p1b: Whimsicott|Tailwind|p1b: Whimsicott\n|-sidestart|p1: Weakest blow|move: Tailwind\n|move|p1a: Miraidon|Dazzling Gleam|p2b: Landorus|[spread] p2a\n|-activate|p2b: Landorus|move: Protect\n|-damage|p2a: Whimsicott|2\/100\n|-damage|p1a: Miraidon|91\/100|[from] item: Life Orb\n|move|p2a: Whimsicott|Trick Room|p2a: Whimsicott\n|-fieldstart|move: Trick Room|[of] p2a: Whimsicott\n|\n|upkeep\n|turn|2\n|inactive|Weakest blow has 30 seconds left.\n|\n|t:|1738757634\n|move|p1a: Miraidon|Protect|p1a: Miraidon\n|-singleturn|p1a: Miraidon|Protect\n|move|p2a: Whimsicott|Encore|p1b: Whimsicott\n|-start|p1b: Whimsicott|Encore\n|move|p1b: Whimsicott|Tailwind||[still]\n|-fail|p1b: Whimsicott\n|move|p2b: Landorus|Sandsear Storm|p1a: Miraidon|[spread] p1b\n|-activate|p1a: Miraidon|move: Protect\n|-resisted|p1b: Whimsicott\n|-damage|p1b: Whimsicott|59\/100\n|\n|upkeep\n|turn|3\n|\n|t:|1738757649\n|switch|p2a: Calyrex|Calyrex-Ice, L50|100\/100\n|-ability|p2a: Calyrex|As One\n|-ability|p2a: Calyrex|Unnerve\n|switch|p1a: Ditto|Ditto, L50|100\/100\n|-transform|p1a: Ditto|p2b: Landorus|[from] ability: Imposter\n|move|p1b: Whimsicott|Tailwind||[still]\n|-fail|p1b: Whimsicott\n|move|p2b: Landorus|Sandsear Storm|p1a: Ditto|[spread] p1b\n|-immune|p1a: Ditto\n|-resisted|p1b: Whimsicott\n|-damage|p1b: Whimsicott|16\/100\n|\n|upkeep\n|turn|4\n|inactive|Weakest blow has 30 seconds left.\n|inactive|Weakest blow has 20 seconds left.\n|\n|t:|1738757685\n|switch|p1b: Iron Hands|Iron Hands, L50|100\/100\n|-activate|p1b: Iron Hands|ability: Quark Drive\n|-start|p1b: Iron Hands|quarkdriveatk\n|move|p1a: Ditto|Protect|p1a: Ditto\n|-singleturn|p1a: Ditto|Protect\n|move|p2a: Calyrex|Glacial Lance|p1a: Ditto|[spread] p1b\n|-activate|p1a: Ditto|move: Protect\n|-damage|p1b: Iron Hands|45\/100\n|move|p2b: Landorus|Sludge Bomb|p1a: Ditto\n|-activate|p1a: Ditto|move: Protect\n|\n|-sideend|p1: Weakest blow|move: Tailwind\n|upkeep\n|turn|5\n|inactive|Weakest blow has 30 seconds left.\n|inactive|koji muranishi has 30 seconds left.\n|inactive|Weakest blow has 20 seconds left.\n|\n|t:|1738757728\n|switch|p1a: Miraidon|Miraidon, L50, tera:Fairy|91\/100\n|-activate|p1a: Miraidon|ability: Hadron Engine\n|move|p1b: Iron Hands|Low Kick|p2a: Calyrex\n|-damage|p2a: Calyrex|39\/100\n|move|p2a: Calyrex|Glacial Lance|p1a: Miraidon|[spread] p1a,p1b\n|-damage|p1a: Miraidon|10\/100\n|-damage|p1b: Iron Hands|0 fnt\n|faint|p1b: Iron Hands\n|-end|p1b: Iron Hands|Quark Drive|[silent]\n|-ability|p2a: Calyrex|Chilling Neigh|boost\n|-boost|p2a: Calyrex|atk|1\n|move|p2b: Landorus|Sandsear Storm|p1a: Miraidon\n|-damage|p1a: Miraidon|0 fnt\n|faint|p1a: Miraidon\n|\n|-fieldend|move: Trick Room\n|-fieldend|move: Electric Terrain\n|upkeep\n|\n|t:|1738757750\n|switch|p1a: Whimsicott|Whimsicott, L50, F|16\/100\n|switch|p1b: Ditto|Ditto, L50|100\/100\n|-transform|p1b: Ditto|p2a: Calyrex|[from] ability: Imposter\n|-ability|p1b: Ditto|As One\n|-ability|p1b: Ditto|Unnerve\n|turn|6\n|\n|t:|1738757768\n|move|p2b: Landorus|Protect|p2b: Landorus\n|-singleturn|p2b: Landorus|Protect\n|move|p1a: Whimsicott|Tailwind|p1a: Whimsicott\n|-sidestart|p1: Weakest blow|move: Tailwind\n|move|p1b: Ditto|Glacial Lance|p2b: Landorus|[spread] p2a\n|-activate|p2b: Landorus|move: Protect\n|-resisted|p2a: Calyrex\n|-damage|p2a: Calyrex|8\/100\n|move|p2a: Calyrex|Glacial Lance|p1b: Ditto|[spread] p1a,p1b\n|-supereffective|p1a: Whimsicott\n|-resisted|p1b: Ditto\n|-damage|p1a: Whimsicott|0 fnt\n|-damage|p1b: Ditto|46\/100\n|faint|p1a: Whimsicott\n|-ability|p2a: Calyrex|Chilling Neigh|boost\n|-boost|p2a: Calyrex|atk|1\n|\n|upkeep\n|turn|7\n|\n|t:|1738757787\n|-terastallize|p2b: Landorus|Water\n|move|p1b: Ditto|Glacial Lance|p2b: Landorus|[spread] p2a,p2b\n|-resisted|p2a: Calyrex\n|-resisted|p2b: Landorus\n|-damage|p2a: Calyrex|0 fnt\n|-damage|p2b: Landorus|51\/100\n|faint|p2a: Calyrex\n|-ability|p1b: Ditto|Chilling Neigh|boost\n|-boost|p1b: Ditto|atk|1\n|move|p2b: Landorus|Sludge Bomb|p1b: Ditto\n|-damage|p1b: Ditto|0 fnt\n|faint|p1b: Ditto\n|\n|win|koji muranishi\n|raw|Weakest blow's rating: 1642 &rarr; <strong>1628<\/strong><br \/>(-14 for losing)\n|raw|koji muranishi's rating: 1746 &rarr; <strong>1760<\/strong><br \/>(+14 for winning)\n","uploadtime":1738757955,"views":8,"formatid":"gen9vgc2025regg","rating":1628,"private":0,"password":null}