{"id":"gen9vgc2025regg-2294538855","format":"[Gen 9] VGC 2025 Reg G","players":["bertscai","GubbsVGC"],"log":"|j|\u2606bertscai\n|j|\u2606GubbsVGC\n|t:|1738711513\n|gametype|doubles\n|player|p1|bertscai|zinzolin|1558\n|player|p2|GubbsVGC|102|1559\n|teamsize|p1|6\n|teamsize|p2|6\n|gen|9\n|tier|[Gen 9] VGC 2025 Reg G\n|rated|\n|rule|Species Clause: Limit one of each Pok\u00e9mon\n|rule|Item Clause: Limit 1 of each item\n|clearpoke\n|poke|p1|Weezing-Galar, L50, F|\n|poke|p1|Calyrex-Shadow, L50|\n|poke|p1|Dondozo, L50, F|\n|poke|p1|Tatsugiri-Droopy, L50, F|\n|poke|p1|Entei, L50|\n|poke|p1|Ogerpon-Cornerstone, L50, F|\n|poke|p2|Dialga-Origin, L50|\n|poke|p2|Murkrow, L50, F|\n|poke|p2|Pelipper, L50, M|\n|poke|p2|Clefable, L50, F|\n|poke|p2|Iron Hands, L50|\n|poke|p2|Ursaluna, L50, F|\n|teampreview|4\n|inactive|Battle timer is ON: inactive players will automatically lose when time's up. (requested by bertscai)\n|j| mr pogostick\n|inactive|GubbsVGC has 60 seconds left.\n|inactive|GubbsVGC has 30 seconds left.\n|\n|t:|1738711596\n|start\n|switch|p1a: Calyrex|Calyrex-Shadow, L50|100\/100\n|switch|p1b: Weezing|Weezing-Galar, L50, F, shiny|100\/100\n|switch|p2a: Iron Hands|Iron Hands, L50|100\/100\n|switch|p2b: Dialga|Dialga-Origin, L50|100\/100\n|-ability|p1b: Weezing|Neutralizing Gas\n|-ability|p1a: Calyrex|As One\n|-ability|p1a: Calyrex|Unnerve\n|turn|1\n|inactive|GubbsVGC has 30 seconds left.\n|\n|t:|1738711624\n|move|p1a: Calyrex|Astral Barrage|p2a: Iron Hands|[spread] p2a,p2b\n|-damage|p2a: Iron Hands|63\/100\n|-damage|p2b: Dialga|47\/100\n|-damage|p1a: Calyrex|91\/100|[from] item: Life Orb\n|move|p2b: Dialga|Flash Cannon|p1b: Weezing\n|-supereffective|p1b: Weezing\n|-damage|p1b: Weezing|0 fnt\n|faint|p1b: Weezing\n|-end|p1b: Weezing|ability: Neutralizing Gas\n|move|p2a: Iron Hands|Volt Switch|p1a: Calyrex\n|-damage|p1a: Calyrex|75\/100\n|\n|t:|1738711636\n|-end|p2a: Iron Hands|Quark Drive|[silent]\n|switch|p2a: Murkrow|Murkrow, L50, F|100\/100|[from] Volt Switch\n|\n|upkeep\n|\n|t:|1738711642\n|switch|p1b: Ogerpon|Ogerpon-Cornerstone, L50, F|100\/100\n|turn|2\n|inactive|GubbsVGC has 30 seconds left.\n|j| AmdAndrewVGC\n|inactive|GubbsVGC has 20 seconds left.\n|inactive|GubbsVGC has 15 seconds left.\n|inactive|GubbsVGC has 10 seconds left.\n|inactive|GubbsVGC has 5 seconds left.\n|\n|t:|1738711695\n|switch|p2b: Ursaluna|Ursaluna, L50, F|100\/100\n|move|p2a: Murkrow|Tailwind|p2a: Murkrow\n|-sidestart|p2: GubbsVGC|move: Tailwind\n|move|p1a: Calyrex|Astral Barrage|p2b: Ursaluna|[spread] p2a\n|-immune|p2b: Ursaluna\n|-resisted|p2a: Murkrow\n|-damage|p2a: Murkrow|66\/100\n|-damage|p1a: Calyrex|66\/100|[from] item: Life Orb\n|move|p1b: Ogerpon|Ivy Cudgel|p2a: Murkrow|[anim] Ivy Cudgel Rock\n|-supereffective|p2a: Murkrow\n|-damage|p2a: Murkrow|0 fnt\n|faint|p2a: Murkrow\n|\n|-status|p2b: Ursaluna|brn|[from] item: Flame Orb\n|upkeep\n|\n|t:|1738711713\n|switch|p2a: Dialga|Dialga-Origin, L50|47\/100\n|turn|3\n|\n|t:|1738711733\n|move|p1a: Calyrex|Protect|p1a: Calyrex\n|-singleturn|p1a: Calyrex|Protect\n|move|p2a: Dialga|Flash Cannon|p1b: Ogerpon\n|-supereffective|p1b: Ogerpon\n|-ability|p1b: Ogerpon|Sturdy\n|-damage|p1b: Ogerpon|1\/100\n|-unboost|p1b: Ogerpon|spd|1\n|move|p2b: Ursaluna|Earthquake|p1a: Calyrex|[spread] p1b\n|-activate|p1a: Calyrex|move: Protect\n|-activate|p2a: Dialga|ability: Telepathy\n|-damage|p1b: Ogerpon|0 fnt\n|faint|p1b: Ogerpon\n|\n|-damage|p2b: Ursaluna|95\/100 brn|[from] brn\n|upkeep\n|\n|t:|1738711743\n|switch|p1b: Entei|Entei, L50|100\/100\n|turn|4\n|\n|t:|1738711757\n|-terastallize|p1b: Entei|Normal\n|move|p1b: Entei|Extreme Speed|p2b: Ursaluna\n|-damage|p2b: Ursaluna|61\/100 brn\n|move|p2a: Dialga|Flash Cannon|p1a: Calyrex\n|-damage|p1a: Calyrex|8\/100\n|-unboost|p1a: Calyrex|spd|1\n|move|p2b: Ursaluna|Earthquake|p1b: Entei|[spread] p1a,p1b\n|-activate|p2a: Dialga|ability: Telepathy\n|-damage|p1a: Calyrex|0 fnt\n|-damage|p1b: Entei|36\/100\n|faint|p1a: Calyrex\n|\n|-damage|p2b: Ursaluna|55\/100 brn|[from] brn\n|upkeep\n|turn|5\n|-message|bertscai forfeited.\n|\n|win|GubbsVGC\n|raw|bertscai's rating: 1558 &rarr; <strong>1538<\/strong><br \/>(-20 for losing)\n|raw|GubbsVGC's rating: 1559 &rarr; <strong>1579<\/strong><br \/>(+20 for winning)\n|l|\u2606bertscai\n|player|p1|\n|l| mr pogostick\n|l| AmdAndrewVGC\n|l|\u2606GubbsVGC\n|player|p2|\n","uploadtime":1738711946,"views":9,"formatid":"gen9vgc2025regg","rating":1538,"private":0,"password":null}