{"id":"gen9vgc2025regg-2294908896","format":"[Gen 9] VGC 2025 Reg G","players":["ahfoong0411","MTcxing"],"log":"|j|\u2606ahfoong0411\n|j|\u2606MTcxing\n|t:|1738767664\n|gametype|doubles\n|player|p1|ahfoong0411|102|1549\n|player|p2|MTcxing|n|1598\n|teamsize|p1|6\n|teamsize|p2|6\n|gen|9\n|tier|[Gen 9] VGC 2025 Reg G\n|rated|\n|rule|Species Clause: Limit one of each Pok\u00e9mon\n|rule|Item Clause: Limit 1 of each item\n|clearpoke\n|poke|p1|Calyrex-Ice, L50|\n|poke|p1|Indeedee-F, L50, F|\n|poke|p1|Torkoal, L50, M|\n|poke|p1|Urshifu-*, L50, F|\n|poke|p1|Flutter Mane, L50|\n|poke|p1|Ursaluna, L50, M|\n|poke|p2|Calyrex-Ice, L50|\n|poke|p2|Urshifu-*, L50, F|\n|poke|p2|Rillaboom, L50, M|\n|poke|p2|Pelipper, L50, F|\n|poke|p2|Landorus, L50, M|\n|poke|p2|Amoonguss, L50, M|\n|teampreview|4\n|inactive|Battle timer is ON: inactive players will automatically lose when time's up. (requested by MTcxing)\n|inactive|ahfoong0411 has 60 seconds left.\n|inactive|ahfoong0411 has 30 seconds left.\n|inactive|ahfoong0411 has 20 seconds left.\n|inactive|ahfoong0411 has 15 seconds left.\n|inactive|ahfoong0411 has 10 seconds left.\n|\n|t:|1738767748\n|start\n|switch|p1a: Urshifu|Urshifu-Rapid-Strike, L50, F|100\/100\n|switch|p1b: Calyrex|Calyrex-Ice, L50|100\/100\n|switch|p2a: Calyrex|Calyrex-Ice, L50|100\/100\n|switch|p2b: Urshifu|Urshifu-Rapid-Strike, L50, F|100\/100\n|-ability|p2a: Calyrex|As One\n|-ability|p2a: Calyrex|Unnerve\n|-ability|p1b: Calyrex|As One\n|-ability|p1b: Calyrex|Unnerve\n|turn|1\n|inactive|ahfoong0411 has 30 seconds left.\n|inactive|MTcxing has 30 seconds left.\n|inactive|MTcxing has 20 seconds left.\n|inactive|MTcxing has 15 seconds left.\n|inactive|MTcxing has 10 seconds left.\n|\n|t:|1738767798\n|-terastallize|p2b: Urshifu|Water\n|move|p2b: Urshifu|Surging Strikes|p1b: Calyrex\n|-crit|p1b: Calyrex\n|-damage|p1b: Calyrex|82\/100\n|-crit|p1b: Calyrex\n|-damage|p1b: Calyrex|65\/100\n|-crit|p1b: Calyrex\n|-damage|p1b: Calyrex|47\/100\n|-hitcount|p1b: Calyrex|3\n|move|p1a: Urshifu|Surging Strikes|p2a: Calyrex\n|-crit|p2a: Calyrex\n|-damage|p2a: Calyrex|85\/100\n|-crit|p2a: Calyrex\n|-damage|p2a: Calyrex|71\/100\n|-crit|p2a: Calyrex\n|-damage|p2a: Calyrex|58\/100\n|-hitcount|p2a: Calyrex|3\n|move|p2a: Calyrex|Glacial Lance|p1a: Urshifu|[spread] p1a,p1b\n|-resisted|p1a: Urshifu\n|-resisted|p1b: Calyrex\n|-damage|p1a: Urshifu|71\/100\n|-damage|p1b: Calyrex|28\/100\n|move|p1b: Calyrex|Trick Room|p1b: Calyrex\n|-fieldstart|move: Trick Room|[of] p1b: Calyrex\n|\n|upkeep\n|turn|2\n|inactive|ahfoong0411 has 30 seconds left.\n|inactive|MTcxing has 30 seconds left.\n|inactive|ahfoong0411 has 20 seconds left.\n|inactive|MTcxing has 20 seconds left.\n|inactive|ahfoong0411 has 15 seconds left.\n|inactive|ahfoong0411 has 10 seconds left.\n|inactive|ahfoong0411 has 5 seconds left.\n|\n|t:|1738767853\n|switch|p2a: Pelipper|Pelipper, L50, F|100\/100\n|-weather|RainDance|[from] ability: Drizzle|[of] p2a: Pelipper\n|move|p1b: Calyrex|Protect|p1b: Calyrex\n|-singleturn|p1b: Calyrex|Protect\n|move|p1a: Urshifu|Detect|p1a: Urshifu\n|-singleturn|p1a: Urshifu|Protect\n|move|p2b: Urshifu|Surging Strikes|p1b: Calyrex\n|-crit|p1b: Calyrex\n|-damage|p1b: Calyrex|0 fnt\n|faint|p1b: Calyrex\n|-hitcount|p1: Calyrex|1\n|\n|-weather|RainDance|[upkeep]\n|upkeep\n|\n|t:|1738767874\n|switch|p1b: Ursaluna|Ursaluna, L50, M|100\/100\n|turn|3\n|j| uppercut vgc\n|l| uppercut vgc\n|inactive|ahfoong0411 has 30 seconds left.\n|inactive|ahfoong0411 has 20 seconds left.\n|\n|t:|1738767914\n|-terastallize|p1b: Ursaluna|Ghost\n|move|p1b: Ursaluna|Facade|p2b: Urshifu\n|-damage|p2b: Urshifu|56\/100\n|move|p2a: Pelipper|Weather Ball|p1b: Ursaluna\n|-damage|p1b: Ursaluna|38\/100\n|move|p1a: Urshifu|Close Combat|p2b: Urshifu\n|-crit|p2b: Urshifu\n|-damage|p2b: Urshifu|0 fnt\n|-unboost|p1a: Urshifu|def|1\n|-unboost|p1a: Urshifu|spd|1\n|faint|p2b: Urshifu\n|\n|-weather|RainDance|[upkeep]\n|-status|p1b: Ursaluna|brn|[from] item: Flame Orb\n|upkeep\n|\n|t:|1738767927\n|switch|p2b: Amoonguss|Amoonguss, L50, M|100\/100\n|turn|4\n|inactive|ahfoong0411 has 30 seconds left.\n|\n|t:|1738767960\n|move|p2b: Amoonguss|Rage Powder|p2b: Amoonguss\n|-singleturn|p2b: Amoonguss|move: Rage Powder\n|move|p1a: Urshifu|Aqua Jet|p2b: Amoonguss\n|-resisted|p2b: Amoonguss\n|-damage|p2b: Amoonguss|87\/100\n|-damage|p1a: Urshifu|54\/100|[from] item: Rocky Helmet|[of] p2b: Amoonguss\n|move|p1b: Ursaluna|Facade|p2b: Amoonguss\n|-damage|p2b: Amoonguss|0 fnt\n|-damage|p1b: Ursaluna|22\/100 brn|[from] item: Rocky Helmet|[of] p2b: Amoonguss\n|faint|p2b: Amoonguss\n|move|p2a: Pelipper|Weather Ball|p1b: Ursaluna\n|-crit|p1b: Ursaluna\n|-damage|p1b: Ursaluna|0 fnt\n|faint|p1b: Ursaluna\n|\n|-weather|RainDance|[upkeep]\n|upkeep\n|\n|t:|1738767972\n|switch|p2b: Calyrex|Calyrex-Ice, L50|58\/100\n|switch|p1b: Torkoal|Torkoal, L50, M|100\/100\n|-ability|p2b: Calyrex|As One\n|-ability|p2b: Calyrex|Unnerve\n|-weather|SunnyDay|[from] ability: Drought|[of] p1b: Torkoal\n|turn|5\n|inactive|ahfoong0411 has 30 seconds left.\n|inactive|MTcxing has 30 seconds left.\n|inactive|ahfoong0411 has 20 seconds left.\n|inactive|ahfoong0411 has 15 seconds left.\n|inactive|ahfoong0411 has 10 seconds left.\n|inactive|ahfoong0411 has 5 seconds left.\n|\n|t:|1738768024\n|move|p1a: Urshifu|Detect|p1a: Urshifu\n|-singleturn|p1a: Urshifu|Protect\n|move|p2a: Pelipper|Wide Guard|p2a: Pelipper\n|-singleturn|p2a: Pelipper|Wide Guard\n|move|p1b: Torkoal|Flamethrower|p2b: Calyrex\n|-supereffective|p2b: Calyrex\n|-damage|p2b: Calyrex|0 fnt\n|faint|p2b: Calyrex\n|\n|-weather|SunnyDay|[upkeep]\n|-fieldend|move: Trick Room\n|upkeep\n|turn|6\n|-message|MTcxing forfeited.\n|\n|win|ahfoong0411\n|raw|ahfoong0411's rating: 1549 &rarr; <strong>1572<\/strong><br \/>(+23 for winning)\n|raw|MTcxing's rating: 1598 &rarr; <strong>1575<\/strong><br \/>(-23 for losing)\n|l|\u2606MTcxing\n|player|p2|\n|l|\u2606ahfoong0411\n|player|p1|\n","uploadtime":1738768218,"views":9,"formatid":"gen9vgc2025regg","rating":1572,"private":0,"password":null}