{"id":"gen9vgc2025regg-2294815559","format":"[Gen 9] VGC 2025 Reg G","players":["anotherworldVGC","zonavideovigilada"],"log":"|j|\u2606anotherworldVGC\n|j|\u2606zonavideovigilada\n|t:|1738755736\n|gametype|doubles\n|player|p1|anotherworldVGC|101|1641\n|player|p2|zonavideovigilada|102|1699\n|teamsize|p1|6\n|teamsize|p2|6\n|gen|9\n|tier|[Gen 9] VGC 2025 Reg G\n|rated|\n|rule|Species Clause: Limit one of each Pok\u00e9mon\n|rule|Item Clause: Limit 1 of each item\n|clearpoke\n|poke|p1|Calyrex-Shadow, L50|\n|poke|p1|Cobalion, L50|\n|poke|p1|Tornadus, L50, M|\n|poke|p1|Urshifu-*, L50, F|\n|poke|p1|Rillaboom, L50, F|\n|poke|p1|Raging Bolt, L50|\n|poke|p2|Urshifu-*, L50, M|\n|poke|p2|Whimsicott, L50, M|\n|poke|p2|Miraidon, L50|\n|poke|p2|Iron Hands, L50|\n|poke|p2|Incineroar, L50, M|\n|poke|p2|Iron Leaves, L50|\n|teampreview|4\n|\n|t:|1738755767\n|start\n|switch|p1a: Rillaboom|Rillaboom, L50, F, shiny|100\/100\n|switch|p1b: Cobalion|Cobalion, L50, shiny|100\/100\n|switch|p2a: Whimsicott|Whimsicott, L50, M|100\/100\n|switch|p2b: Incineroar|Incineroar, L50, M|100\/100\n|-fieldstart|move: Grassy Terrain|[from] ability: Grassy Surge|[of] p1a: Rillaboom\n|-enditem|p1b: Cobalion|Grassy Seed\n|-boost|p1b: Cobalion|def|1|[from] item: Grassy Seed\n|-ability|p2b: Incineroar|Intimidate|boost\n|-unboost|p1a: Rillaboom|atk|1\n|-unboost|p1b: Cobalion|atk|1\n|turn|1\n|\n|t:|1738755784\n|move|p1a: Rillaboom|Fake Out|p2b: Incineroar\n|-damage|p2b: Incineroar|93\/100\n|move|p2a: Whimsicott|Light Screen|p2a: Whimsicott\n|-sidestart|p2: zonavideovigilada|move: Light Screen\n|move|p1b: Cobalion|Body Press|p2b: Incineroar\n|-supereffective|p2b: Incineroar\n|-damage|p2b: Incineroar|0 fnt\n|faint|p2b: Incineroar\n|\n|upkeep\n|\n|t:|1738755791\n|switch|p2b: Miraidon|Miraidon, L50|100\/100\n|-fieldstart|move: Electric Terrain|[from] ability: Hadron Engine|[of] p2b: Miraidon\n|turn|2\n|inactive|Battle timer is ON: inactive players will automatically lose when time's up. (requested by zonavideovigilada)\n|\n|t:|1738755814\n|-terastallize|p2b: Miraidon|Fairy\n|-terastallize|p1b: Cobalion|Ground\n|move|p2a: Whimsicott|Encore|p1b: Cobalion\n|-start|p1b: Cobalion|Encore\n|move|p2b: Miraidon|Dazzling Gleam|p1b: Cobalion|[spread] p1a,p1b\n|-damage|p1a: Rillaboom|49\/100\n|-damage|p1b: Cobalion|18\/100\n|move|p1b: Cobalion|Body Press|p2b: Miraidon\n|-resisted|p2b: Miraidon\n|-damage|p2b: Miraidon|68\/100\n|move|p1a: Rillaboom|U-turn|p2a: Whimsicott\n|-damage|p2a: Whimsicott|80\/100\n|inactive|anotherworldVGC has 30 seconds left.\n|inactive|anotherworldVGC has 20 seconds left.\n|\n|t:|1738755852\n|switch|p1a: Calyrex|Calyrex-Shadow, L50|100\/100|[from] U-turn\n|-ability|p1a: Calyrex|As One\n|-ability|p1a: Calyrex|Unnerve\n|\n|upkeep\n|turn|3\n|\n|t:|1738755878\n|move|p2a: Whimsicott|Tailwind|p2a: Whimsicott\n|-sidestart|p2: zonavideovigilada|move: Tailwind\n|move|p2b: Miraidon|Dazzling Gleam|p1a: Calyrex|[spread] p1a,p1b\n|-damage|p1a: Calyrex|31\/100\n|-damage|p1b: Cobalion|0 fnt\n|faint|p1b: Cobalion\n|move|p1a: Calyrex|Disable|p2b: Miraidon\n|-start|p2b: Miraidon|Disable|Dazzling Gleam\n|\n|upkeep\n|\n|t:|1738755882\n|switch|p1b: Rillaboom|Rillaboom, L50, F, shiny|49\/100\n|-fieldstart|move: Grassy Terrain|[from] ability: Grassy Surge|[of] p1b: Rillaboom\n|turn|4\n|\n|t:|1738755897\n|switch|p2b: Iron Leaves|Iron Leaves, L50|100\/100\n|move|p2a: Whimsicott|Encore|p1a: Calyrex\n|-start|p1a: Calyrex|Encore\n|move|p1a: Calyrex|Disable||[still]\n|-fail|p1a: Calyrex\n|move|p1b: Rillaboom|Wood Hammer|p2a: Whimsicott\n|-resisted|p2a: Whimsicott\n|-damage|p2a: Whimsicott|30\/100\n|-damage|p1b: Rillaboom|35\/100|[from] Recoil\n|\n|-heal|p2a: Whimsicott|36\/100|[from] Grassy Terrain\n|-heal|p1a: Calyrex|37\/100|[from] Grassy Terrain\n|-heal|p1b: Rillaboom|41\/100|[from] Grassy Terrain\n|upkeep\n|turn|5\n|inactive|zonavideovigilada has 30 seconds left.\n|inactive|zonavideovigilada has 20 seconds left.\n|inactive|zonavideovigilada has 15 seconds left.\n|\n|t:|1738755941\n|switch|p1a: Raging Bolt|Raging Bolt, L50|100\/100\n|move|p2a: Whimsicott|Moonblast|p1b: Rillaboom\n|-damage|p1b: Rillaboom|21\/100\n|-unboost|p1b: Rillaboom|spa|1\n|move|p2b: Iron Leaves|Psyblade|p1b: Rillaboom\n|-damage|p1b: Rillaboom|0 fnt\n|faint|p1b: Rillaboom\n|-damage|p2b: Iron Leaves|91\/100|[from] item: Life Orb\n|\n|-heal|p2a: Whimsicott|42\/100|[from] Grassy Terrain\n|-heal|p2b: Iron Leaves|97\/100|[from] Grassy Terrain\n|-sideend|p2: zonavideovigilada|move: Light Screen\n|upkeep\n|\n|t:|1738755951\n|switch|p1b: Calyrex|Calyrex-Shadow, L50|37\/100\n|-ability|p1b: Calyrex|As One\n|-ability|p1b: Calyrex|Unnerve\n|turn|6\n|inactive|anotherworldVGC has 30 seconds left.\n|\n|t:|1738755978\n|move|p1b: Calyrex|Protect|p1b: Calyrex\n|-singleturn|p1b: Calyrex|Protect\n|move|p2a: Whimsicott|Light Screen|p2a: Whimsicott\n|-sidestart|p2: zonavideovigilada|move: Light Screen\n|move|p2b: Iron Leaves|Leaf Blade|p1b: Calyrex\n|-activate|p1b: Calyrex|move: Protect\n|move|p1a: Raging Bolt|Thunderbolt|p2a: Whimsicott\n|-resisted|p2a: Whimsicott\n|-damage|p2a: Whimsicott|11\/100\n|-damage|p1a: Raging Bolt|91\/100|[from] item: Life Orb\n|\n|-heal|p2a: Whimsicott|17\/100|[from] Grassy Terrain\n|-heal|p2b: Iron Leaves|100\/100|[from] Grassy Terrain\n|-heal|p1b: Calyrex|43\/100|[from] Grassy Terrain\n|-heal|p1a: Raging Bolt|97\/100|[from] Grassy Terrain\n|-sideend|p2: zonavideovigilada|move: Tailwind\n|upkeep\n|turn|7\n|\n|t:|1738755997\n|move|p1b: Calyrex|Protect||[still]\n|-fail|p1b: Calyrex\n|move|p2a: Whimsicott|Tailwind|p2a: Whimsicott\n|-sidestart|p2: zonavideovigilada|move: Tailwind\n|move|p2b: Iron Leaves|Leaf Blade|p1b: Calyrex\n|-damage|p1b: Calyrex|0 fnt\n|faint|p1b: Calyrex\n|-damage|p2b: Iron Leaves|91\/100|[from] item: Life Orb\n|move|p1a: Raging Bolt|Thunderbolt|p2a: Whimsicott\n|-resisted|p2a: Whimsicott\n|-damage|p2a: Whimsicott|0 fnt\n|faint|p2a: Whimsicott\n|-damage|p1a: Raging Bolt|87\/100|[from] item: Life Orb\n|\n|-heal|p2b: Iron Leaves|97\/100|[from] Grassy Terrain\n|-heal|p1a: Raging Bolt|93\/100|[from] Grassy Terrain\n|upkeep\n|\n|t:|1738756004\n|switch|p2a: Miraidon|Miraidon, L50, tera:Fairy|68\/100\n|-fieldstart|move: Electric Terrain|[from] ability: Hadron Engine|[of] p2a: Miraidon\n|-activate|p2b: Iron Leaves|ability: Quark Drive\n|-start|p2b: Iron Leaves|quarkdrivespe\n|turn|8\n|c|\u2606zonavideovigilada|Gg\n|\n|t:|1738756013\n|move|p1a: Raging Bolt|Thunderclap|p2a: Miraidon\n|-damage|p2a: Miraidon|28\/100\n|-damage|p1a: Raging Bolt|83\/100|[from] item: Life Orb\n|move|p2b: Iron Leaves|Psyblade|p1a: Raging Bolt\n|-damage|p1a: Raging Bolt|8\/100\n|-damage|p2b: Iron Leaves|88\/100|[from] item: Life Orb\n|move|p2a: Miraidon|Dazzling Gleam|p1a: Raging Bolt\n|-supereffective|p1a: Raging Bolt\n|-damage|p1a: Raging Bolt|0 fnt\n|faint|p1a: Raging Bolt\n|-end|p1a: Raging Bolt|Protosynthesis|[silent]\n|\n|win|zonavideovigilada\n|raw|anotherworldVGC's rating: 1641 &rarr; <strong>1624<\/strong><br \/>(-17 for losing)\n|raw|zonavideovigilada's rating: 1699 &rarr; <strong>1716<\/strong><br \/>(+17 for winning)\n|l|\u2606anotherworldVGC\n|player|p1|\n|l|\u2606zonavideovigilada\n|player|p2|\n","uploadtime":1738756248,"views":13,"formatid":"gen9vgc2025regg","rating":1624,"private":0,"password":null}