{"id":"gen9vgc2025regg-2294345151","format":"[Gen 9] VGC 2025 Reg G","players":["DavidElGafe","xatseye"],"log":"|j|\u2606DavidElGafe\n|j|\u2606xatseye\n|t:|1738691519\n|gametype|doubles\n|player|p1|DavidElGafe|blue|1634\n|player|p2|xatseye|265|1583\n|teamsize|p1|6\n|teamsize|p2|6\n|gen|9\n|tier|[Gen 9] VGC 2025 Reg G\n|rated|\n|rule|Species Clause: Limit one of each Pok\u00e9mon\n|rule|Item Clause: Limit 1 of each item\n|clearpoke\n|poke|p1|Zamazenta-*, L50|\n|poke|p1|Chi-Yu, L50|\n|poke|p1|Raging Bolt, L50|\n|poke|p1|Rillaboom, L50, F|\n|poke|p1|Ditto, L50|\n|poke|p1|Whimsicott, L50, F|\n|poke|p2|Flutter Mane, L50|\n|poke|p2|Maushold-Four, L50|\n|poke|p2|Incineroar, L50, F|\n|poke|p2|Calyrex-Ice, L50|\n|poke|p2|Raging Bolt, L50|\n|poke|p2|Cresselia, L50, F|\n|teampreview|4\n|inactive|Battle timer is ON: inactive players will automatically lose when time's up. (requested by xatseye)\n|inactive|DavidElGafe has 60 seconds left.\n|\n|t:|1738691577\n|start\n|switch|p1a: Whimsicott|Whimsicott, L50, F, shiny|100\/100\n|switch|p1b: Chi-Yu|Chi-Yu, L50|100\/100\n|switch|p2a: Cresselia|Cresselia, L50, F, shiny|100\/100\n|switch|p2b: Incineroar|Incineroar, L50, F|100\/100\n|-ability|p1b: Chi-Yu|Beads of Ruin\n|-ability|p2b: Incineroar|Intimidate|boost\n|-unboost|p1a: Whimsicott|atk|1\n|-unboost|p1b: Chi-Yu|atk|1\n|turn|1\n|j| oherrodersir\n|inactive|DavidElGafe has 30 seconds left.\n|\n|t:|1738691606\n|move|p1b: Chi-Yu|Overheat|p2a: Cresselia\n|-damage|p2a: Cresselia|43\/100\n|-unboost|p1b: Chi-Yu|spa|2\n|move|p1a: Whimsicott|Moonblast|p2a: Cresselia\n|-damage|p2a: Cresselia|18\/100\n|-unboost|p2a: Cresselia|spa|1\n|move|p2b: Incineroar|Flare Blitz|p1a: Whimsicott\n|-supereffective|p1a: Whimsicott\n|-enditem|p1a: Whimsicott|Focus Sash\n|-damage|p1a: Whimsicott|1\/100\n|-status|p1a: Whimsicott|brn\n|-damage|p2b: Incineroar|76\/100|[from] Recoil\n|move|p2a: Cresselia|Trick Room|p2a: Cresselia\n|-fieldstart|move: Trick Room|[of] p2a: Cresselia\n|\n|-damage|p1a: Whimsicott|0 fnt|[from] brn\n|faint|p1a: Whimsicott\n|upkeep\n|\n|t:|1738691629\n|switch|p1a: Ditto|Ditto, L50, shiny|100\/100\n|-transform|p1a: Ditto|p2b: Incineroar|[from] ability: Imposter\n|-ability|p1a: Ditto|Intimidate|boost\n|-unboost|p2a: Cresselia|atk|1\n|-unboost|p2b: Incineroar|atk|1\n|turn|2\n|\n|t:|1738691643\n|switch|p2a: Raging Bolt|Raging Bolt, L50|100\/100\n|move|p1a: Ditto|Knock Off|p2a: Raging Bolt\n|-damage|p2a: Raging Bolt|69\/100\n|-enditem|p2a: Raging Bolt|Assault Vest|[from] move: Knock Off|[of] p1a: Ditto\n|move|p2b: Incineroar|Knock Off|p1a: Ditto\n|-resisted|p1a: Ditto\n|-damage|p1a: Ditto|87\/100\n|-enditem|p1a: Ditto|Safety Goggles|[from] move: Knock Off|[of] p2b: Incineroar\n|move|p1b: Chi-Yu|Overheat|p2a: Raging Bolt\n|-resisted|p2a: Raging Bolt\n|-damage|p2a: Raging Bolt|48\/100\n|-unboost|p1b: Chi-Yu|spa|2\n|\n|upkeep\n|turn|3\n|inactive|xatseye has 30 seconds left.\n|\n|t:|1738691671\n|move|p1a: Ditto|Knock Off|p2a: Raging Bolt\n|-crit|p2a: Raging Bolt\n|-damage|p2a: Raging Bolt|12\/100\n|move|p2b: Incineroar|Flare Blitz|p1b: Chi-Yu\n|-resisted|p1b: Chi-Yu\n|-damage|p1b: Chi-Yu|76\/100\n|-damage|p2b: Incineroar|70\/100|[from] Recoil\n|move|p2a: Raging Bolt|Thunderbolt|p1b: Chi-Yu\n|-damage|p1b: Chi-Yu|21\/100\n|move|p1b: Chi-Yu|Overheat|p2a: Raging Bolt\n|-resisted|p2a: Raging Bolt\n|-damage|p2a: Raging Bolt|0 fnt\n|-unboost|p1b: Chi-Yu|spa|2\n|faint|p2a: Raging Bolt\n|-end|p2a: Raging Bolt|Protosynthesis|[silent]\n|\n|upkeep\n|\n|t:|1738691684\n|switch|p2a: Calyrex|Calyrex-Ice, L50|100\/100\n|-ability|p2a: Calyrex|As One\n|-ability|p2a: Calyrex|Unnerve\n|turn|4\n|\n|t:|1738691700\n|switch|p2b: Cresselia|Cresselia, L50, F, shiny|18\/100\n|switch|p1b: Zamazenta|Zamazenta-Crowned, L50|100\/100\n|-ability|p1b: Zamazenta|Dauntless Shield|boost\n|-boost|p1b: Zamazenta|def|1\n|-terastallize|p2a: Calyrex|Dragon\n|move|p2a: Calyrex|Glacial Lance|p1b: Zamazenta|[spread] p1a,p1b\n|-resisted|p1a: Ditto\n|-crit|p1a: Ditto\n|-resisted|p1b: Zamazenta\n|-damage|p1a: Ditto|43\/100\n|-damage|p1b: Zamazenta|90\/100\n|move|p1a: Ditto|Will-O-Wisp|p2a: Calyrex|[miss]\n|-miss|p1a: Ditto|p2a: Calyrex\n|\n|upkeep\n|turn|5\n|inactive|DavidElGafe has 30 seconds left.\n|inactive|DavidElGafe has 20 seconds left.\n|inactive|DavidElGafe has 15 seconds left.\n|inactive|DavidElGafe has 10 seconds left.\n|inactive|DavidElGafe has 5 seconds left.\n|\n|t:|1738691755\n|move|p1a: Ditto|Fake Out||[still]\n|-hint|Fake Out only works on your first turn out.\n|-fail|p1a: Ditto\n|move|p2a: Calyrex|High Horsepower|p1a: Ditto\n|-supereffective|p1a: Ditto\n|-damage|p1a: Ditto|0 fnt\n|faint|p1a: Ditto\n|-ability|p2a: Calyrex|Chilling Neigh|boost\n|-boost|p2a: Calyrex|atk|1\n|move|p2b: Cresselia|Lunar Blessing|p2b: Cresselia|[spread] p2a,p2b\n|-heal|p2b: Cresselia|43\/100\n|move|p1b: Zamazenta|Body Press|p2a: Calyrex\n|-damage|p2a: Calyrex|59\/100\n|\n|-fieldend|move: Trick Room\n|upkeep\n|\n|t:|1738691762\n|switch|p1a: Chi-Yu|Chi-Yu, L50|21\/100\n|-ability|p1a: Chi-Yu|Beads of Ruin\n|turn|6\n|inactive|DavidElGafe has 30 seconds left.\n|\n|t:|1738691796\n|move|p1a: Chi-Yu|Dark Pulse|p2b: Cresselia\n|-supereffective|p2b: Cresselia\n|-damage|p2b: Cresselia|0 fnt\n|faint|p2b: Cresselia\n|move|p1b: Zamazenta|Body Press|p2a: Calyrex\n|-damage|p2a: Calyrex|22\/100\n|move|p2a: Calyrex|High Horsepower|p1a: Chi-Yu\n|-supereffective|p1a: Chi-Yu\n|-damage|p1a: Chi-Yu|0 fnt\n|faint|p1a: Chi-Yu\n|-ability|p2a: Calyrex|Chilling Neigh|boost\n|-boost|p2a: Calyrex|atk|1\n|\n|upkeep\n|j| Triple20\n|\n|t:|1738691807\n|switch|p2b: Incineroar|Incineroar, L50, F|70\/100\n|-ability|p2b: Incineroar|Intimidate|boost\n|-unboost|p1b: Zamazenta|atk|1\n|turn|7\n|\n|t:|1738691815\n|move|p1b: Zamazenta|Protect|p1b: Zamazenta\n|-singleturn|p1b: Zamazenta|Protect\n|move|p2b: Incineroar|Fake Out|p1b: Zamazenta\n|-activate|p1b: Zamazenta|move: Protect\n|move|p2a: Calyrex|Trick Room|p2a: Calyrex\n|-fieldstart|move: Trick Room|[of] p2a: Calyrex\n|\n|upkeep\n|turn|8\n|inactive|DavidElGafe has 30 seconds left.\n|inactive|DavidElGafe has 20 seconds left.\n|\n|t:|1738691852\n|-terastallize|p1b: Zamazenta|Dragon\n|move|p2a: Calyrex|High Horsepower|p1b: Zamazenta\n|-damage|p1b: Zamazenta|61\/100\n|move|p2b: Incineroar|Flare Blitz|p1b: Zamazenta\n|-resisted|p1b: Zamazenta\n|-damage|p1b: Zamazenta|52\/100\n|-damage|p2b: Incineroar|67\/100|[from] Recoil\n|move|p1b: Zamazenta|Body Press|p2a: Calyrex\n|-damage|p2a: Calyrex|0 fnt\n|faint|p2a: Calyrex\n|\n|upkeep\n|turn|9\n|inactive|xatseye has 30 seconds left.\n|inactive|xatseye has 20 seconds left.\n|inactive|xatseye has 15 seconds left.\n|inactive|xatseye has 10 seconds left.\n|\n|t:|1738691898\n|move|p1b: Zamazenta|Protect|p1b: Zamazenta\n|-singleturn|p1b: Zamazenta|Protect\n|move|p2b: Incineroar|Will-O-Wisp|p1b: Zamazenta\n|-activate|p1b: Zamazenta|move: Protect\n|\n|upkeep\n|turn|10\n|-message|xatseye forfeited.\n|\n|win|DavidElGafe\n|raw|DavidElGafe's rating: 1634 &rarr; <strong>1651<\/strong><br \/>(+17 for winning)\n|raw|xatseye's rating: 1583 &rarr; <strong>1566<\/strong><br \/>(-17 for losing)\n|l|\u2606xatseye\n|player|p2|\n|l|\u2606DavidElGafe\n|player|p1|\n|l| Triple20\n","uploadtime":1738691919,"views":6,"formatid":"gen9vgc2025regg","rating":1566,"private":0,"password":null}