{"id":"gen9vgc2025regg-2294191447","format":"[Gen 9] VGC 2025 Reg G","players":["Himmafridge","Prometheus756"],"log":"|j|\u2606Himmafridge\n|j|\u2606Prometheus756\n|t:|1738675458\n|gametype|doubles\n|player|p1|Himmafridge|steven|1521\n|player|p2|Prometheus756|gentleman-gen4dp|1551\n|teamsize|p1|6\n|teamsize|p2|6\n|gen|9\n|tier|[Gen 9] VGC 2025 Reg G\n|rated|\n|rule|Species Clause: Limit one of each Pok\u00e9mon\n|rule|Item Clause: Limit 1 of each item\n|clearpoke\n|poke|p1|Iron Hands, L50|\n|poke|p1|Miraidon, L50|\n|poke|p1|Whimsicott, L50, F|\n|poke|p1|Farigiraf, L50, F|\n|poke|p1|Urshifu-*, L50, M|\n|poke|p1|Chi-Yu, L50|\n|poke|p2|Sableye, L50, F|\n|poke|p2|Comfey, L50, F|\n|poke|p2|Calyrex-Ice, L50|\n|poke|p2|Walking Wake, L50|\n|poke|p2|Amoonguss, L50, M|\n|poke|p2|Smeargle, L50, M|\n|teampreview|4\n|inactive|Battle timer is ON: inactive players will automatically lose when time's up. (requested by Prometheus756)\nHimmafridge has agreed to open team sheets.\n|inactive|Prometheus756 has 60 seconds left.\n|\n|t:|1738675496\n|start\n|switch|p1a: Chi-Yu|Chi-Yu, L50|100\/100\n|switch|p1b: Miraidon|Miraidon, L50|100\/100\n|switch|p2a: Sableye|Sableye, L50, F|100\/100\n|switch|p2b: Calyrex|Calyrex-Ice, L50|100\/100\n|-ability|p2b: Calyrex|As One\n|-ability|p2b: Calyrex|Unnerve\n|-ability|p1a: Chi-Yu|Beads of Ruin\n|-fieldstart|move: Electric Terrain|[from] ability: Hadron Engine|[of] p1b: Miraidon\n|turn|1\n|\n|t:|1738675510\n|-terastallize|p1b: Miraidon|Fairy\n|move|p2b: Calyrex|Protect|p2b: Calyrex\n|-singleturn|p2b: Calyrex|Protect\n|move|p2a: Sableye|Light Screen|p2a: Sableye\n|-sidestart|p2: Prometheus756|move: Light Screen\n|move|p1a: Chi-Yu|Heat Wave|p2b: Calyrex|[spread] p2a\n|-activate|p2b: Calyrex|move: Protect\n|-damage|p2a: Sableye|65\/100\n|move|p1b: Miraidon|Dazzling Gleam|p2a: Sableye|[spread] p2a\n|-activate|p2b: Calyrex|move: Protect\n|-supereffective|p2a: Sableye\n|-damage|p2a: Sableye|0 fnt\n|faint|p2a: Sableye\n|\n|upkeep\n|\n|t:|1738675532\n|switch|p2a: Walking Wake|Walking Wake, L50|100\/100\n|-enditem|p2a: Walking Wake|Booster Energy\n|-activate|p2a: Walking Wake|ability: Protosynthesis|[fromitem]\n|-start|p2a: Walking Wake|protosynthesisspa\n|turn|2\n|\n|t:|1738675541\n|-terastallize|p2b: Calyrex|Water\n|move|p1a: Chi-Yu|Heat Wave|p2a: Walking Wake|[spread] p2a\n|-miss|p1a: Chi-Yu|p2b: Calyrex\n|-resisted|p2a: Walking Wake\n|-damage|p2a: Walking Wake|92\/100\n|move|p1b: Miraidon|Dazzling Gleam|p2b: Calyrex|[spread] p2a,p2b\n|-supereffective|p2a: Walking Wake\n|-damage|p2a: Walking Wake|0 fnt\n|-damage|p2b: Calyrex|67\/100\n|faint|p2a: Walking Wake\n|-end|p2a: Walking Wake|Protosynthesis|[silent]\n|move|p2b: Calyrex|Glacial Lance|p1b: Miraidon|[spread] p1a,p1b\n|-resisted|p1a: Chi-Yu\n|-damage|p1a: Chi-Yu|64\/100\n|-damage|p1b: Miraidon|54\/100\n|\n|upkeep\n|\n|t:|1738675555\n|switch|p2a: Comfey|Comfey, L50, F|100\/100\n|turn|3\n|\n|t:|1738675575\n|switch|p1a: Farigiraf|Farigiraf, L50, F|100\/100\n|-enditem|p1a: Farigiraf|Electric Seed\n|-boost|p1a: Farigiraf|def|1|[from] item: Electric Seed\n|move|p2a: Comfey|Floral Healing|p2b: Calyrex\n|-heal|p2b: Calyrex|100\/100\n|move|p1b: Miraidon|Dazzling Gleam|p2b: Calyrex|[spread] p2a,p2b\n|-damage|p2a: Comfey|50\/100\n|-damage|p2b: Calyrex|76\/100\n|move|p2b: Calyrex|Glacial Lance|p1a: Farigiraf|[spread] p1a,p1b\n|-damage|p1a: Farigiraf|72\/100\n|-damage|p1b: Miraidon|7\/100\n|\n|upkeep\n|turn|4\n|\n|t:|1738675595\n|move|p1a: Farigiraf|Helping Hand|p1b: Miraidon\n|-singleturn|p1b: Miraidon|Helping Hand|[of] p1a: Farigiraf\n|move|p2a: Comfey|Synthesis|p2a: Comfey\n|-heal|p2a: Comfey|99\/100\n|move|p1b: Miraidon|Dazzling Gleam|p2a: Comfey|[spread] p2a,p2b\n|-damage|p2a: Comfey|32\/100\n|-damage|p2b: Calyrex|35\/100\n|move|p2b: Calyrex|Glacial Lance|p1b: Miraidon|[spread] p1a,p1b\n|-damage|p1a: Farigiraf|42\/100\n|-damage|p1b: Miraidon|0 fnt\n|faint|p1b: Miraidon\n|-ability|p2b: Calyrex|Chilling Neigh|boost\n|-boost|p2b: Calyrex|atk|1\n|\n|upkeep\n|\n|t:|1738675615\n|switch|p1b: Iron Hands|Iron Hands, L50|100\/100\n|-activate|p1b: Iron Hands|ability: Quark Drive\n|-start|p1b: Iron Hands|quarkdriveatk\n|turn|5\n|\n|t:|1738675635\n|switch|p1a: Chi-Yu|Chi-Yu, L50|64\/100\n|-ability|p1a: Chi-Yu|Beads of Ruin\n|move|p2a: Comfey|Floral Healing|p2b: Calyrex\n|-heal|p2b: Calyrex|86\/100\n|move|p1b: Iron Hands|Fake Out|p2b: Calyrex\n|-damage|p2b: Calyrex|73\/100\n|cant|p2b: Calyrex|flinch\n|\n|-fieldend|move: Electric Terrain\n|-end|p1b: Iron Hands|Quark Drive\n|upkeep\n|turn|6\n|inactive|Himmafridge has 30 seconds left.\n|inactive|Prometheus756 has 30 seconds left.\n|\n|t:|1738675667\n|move|p2a: Comfey|Synthesis|p2a: Comfey\n|-heal|p2a: Comfey|82\/100\n|move|p1a: Chi-Yu|Heat Wave|p2b: Calyrex|[spread] p2a,p2b\n|-resisted|p2b: Calyrex\n|-damage|p2a: Comfey|48\/100\n|-damage|p2b: Calyrex|63\/100\n|move|p2b: Calyrex|High Horsepower|p1a: Chi-Yu\n|-supereffective|p1a: Chi-Yu\n|-damage|p1a: Chi-Yu|0 fnt\n|faint|p1a: Chi-Yu\n|-ability|p2b: Calyrex|Chilling Neigh|boost\n|-boost|p2b: Calyrex|atk|1\n|move|p1b: Iron Hands|Wild Charge|p2a: Comfey\n|-damage|p2a: Comfey|0 fnt\n|faint|p2a: Comfey\n|-damage|p1b: Iron Hands|93\/100|[from] Recoil\n|\n|upkeep\n|\n|t:|1738675681\n|switch|p1a: Farigiraf|Farigiraf, L50, F|42\/100\n|turn|7\n|\n|t:|1738675689\n|move|p1a: Farigiraf|Foul Play|p2b: Calyrex\n|-damage|p2b: Calyrex|28\/100\n|move|p1b: Iron Hands|Wild Charge|p2b: Calyrex\n|-supereffective|p2b: Calyrex\n|-damage|p2b: Calyrex|0 fnt\n|faint|p2b: Calyrex\n|-damage|p1b: Iron Hands|87\/100|[from] Recoil\n|\n|win|Himmafridge\n|raw|Himmafridge's rating: 1521 &rarr; <strong>1543<\/strong><br \/>(+22 for winning)\n|raw|Prometheus756's rating: 1551 &rarr; <strong>1529<\/strong><br \/>(-22 for losing)\n|l|\u2606Prometheus756\n|player|p2|\n|l|\u2606Himmafridge\n|player|p1|\n","uploadtime":1738675845,"views":9,"formatid":"gen9vgc2025regg","rating":1529,"private":0,"password":null}