{"id":"gen9vgc2025regg-2294674311","format":"[Gen 9] VGC 2025 Reg G","players":["give-upVGC","BattleBlazikenVGC"],"log":"|j|\u2606give-upVGC\n|j|\u2606BattleBlazikenVGC\n|t:|1738729618\n|gametype|doubles\n|player|p1|give-upVGC|265|1532\n|player|p2|BattleBlazikenVGC|ltsurge|1588\n|teamsize|p1|6\n|teamsize|p2|6\n|gen|9\n|tier|[Gen 9] VGC 2025 Reg G\n|rated|\n|rule|Species Clause: Limit one of each Pok\u00e9mon\n|rule|Item Clause: Limit 1 of each item\n|clearpoke\n|poke|p1|Ogerpon-Hearthflame, L50, F|\n|poke|p1|Roaring Moon, L50|\n|poke|p1|Calyrex-Ice, L50|\n|poke|p1|Landorus, L50, M|\n|poke|p1|Urshifu-*, L50, M|\n|poke|p1|Amoonguss, L50, F|\n|poke|p2|Eternatus, L50|\n|poke|p2|Rhydon, L50, M|\n|poke|p2|Grimmsnarl, L50, M|\n|poke|p2|Amoonguss, L50, M|\n|poke|p2|Glastrier, L50|\n|poke|p2|Moltres-Galar, L50|\n|teampreview|4\n|\n|t:|1738729679\n|start\n|switch|p1a: Urshifu|Urshifu-Rapid-Strike, L50, M|100\/100\n|switch|p1b: Amoonguss|Amoonguss, L50, F|100\/100\n|switch|p2a: Osborne|Grimmsnarl, L50, M, shiny|100\/100\n|switch|p2b: Moltres|Moltres-Galar, L50, shiny|100\/100\n|turn|1\n|\n|t:|1738729697\n|switch|p2b: Almond Milk|Amoonguss, L50, M|100\/100\n|move|p2a: Osborne|Reflect|p2a: Osborne\n|-sidestart|p2: BattleBlazikenVGC|Reflect\n|move|p1a: Urshifu|Surging Strikes|p2b: Almond Milk\n|-resisted|p2b: Almond Milk\n|-crit|p2b: Almond Milk\n|-damage|p2b: Almond Milk|91\/100\n|-damage|p1a: Urshifu|84\/100|[from] item: Rocky Helmet|[of] p2b: Almond Milk\n|-resisted|p2b: Almond Milk\n|-crit|p2b: Almond Milk\n|-damage|p2b: Almond Milk|82\/100\n|-damage|p1a: Urshifu|68\/100|[from] item: Rocky Helmet|[of] p2b: Almond Milk\n|-resisted|p2b: Almond Milk\n|-crit|p2b: Almond Milk\n|-damage|p2b: Almond Milk|73\/100\n|-damage|p1a: Urshifu|51\/100|[from] item: Rocky Helmet|[of] p2b: Almond Milk\n|-hitcount|p2b: Almond Milk|3\n|move|p1b: Amoonguss|Spore|p2a: Osborne\n|-status|p2a: Osborne|slp|[from] move: Spore\n|\n|upkeep\n|turn|2\n|\n|t:|1738729727\n|cant|p2a: Osborne|slp\n|move|p1a: Urshifu|Taunt|p2b: Almond Milk\n|-start|p2b: Almond Milk|move: Taunt\n|cant|p2b: Almond Milk|move: Taunt|Spore\n|move|p1b: Amoonguss|Pollen Puff|p1a: Urshifu\n|-heal|p1a: Urshifu|100\/100\n|\n|upkeep\n|turn|3\n|\n|t:|1738729742\n|move|p1a: Urshifu|Surging Strikes|p2a: Osborne\n|-crit|p2a: Osborne\n|-damage|p2a: Osborne|75\/100 slp\n|-crit|p2a: Osborne\n|-damage|p2a: Osborne|50\/100 slp\n|-crit|p2a: Osborne\n|-damage|p2a: Osborne|21\/100 slp\n|-hitcount|p2a: Osborne|3\n|cant|p2a: Osborne|slp\n|move|p2b: Almond Milk|Clear Smog|p1a: Urshifu\n|-damage|p1a: Urshifu|82\/100\n|-clearboost|p1a: Urshifu\n|move|p1b: Amoonguss|Pollen Puff|p2b: Almond Milk\n|-crit|p2b: Almond Milk\n|-damage|p2b: Almond Milk|47\/100\n|\n|upkeep\n|turn|4\n|j| mr pogostick\n|\n|t:|1738729760\n|switch|p2a: Tahtorak|Eternatus, L50|100\/100\n|-ability|p2a: Tahtorak|Pressure\n|move|p1a: Urshifu|Surging Strikes|p2a: Tahtorak\n|-resisted|p2a: Tahtorak\n|-crit|p2a: Tahtorak\n|-damage|p2a: Tahtorak|92\/100\n|-resisted|p2a: Tahtorak\n|-crit|p2a: Tahtorak\n|-damage|p2a: Tahtorak|85\/100\n|-resisted|p2a: Tahtorak\n|-crit|p2a: Tahtorak\n|-damage|p2a: Tahtorak|77\/100\n|-hitcount|p2a: Tahtorak|3\n|move|p2b: Almond Milk|Pollen Puff|p2a: Tahtorak\n|-heal|p2a: Tahtorak|100\/100\n|move|p1b: Amoonguss|Spore|p2b: Almond Milk\n|-immune|p2b: Almond Milk\n|\n|-end|p2b: Almond Milk|move: Taunt\n|upkeep\n|turn|5\n|\n|t:|1738729782\n|move|p1a: Urshifu|Detect|p1a: Urshifu\n|-singleturn|p1a: Urshifu|Protect\n|move|p2a: Tahtorak|Cosmic Power|p2a: Tahtorak\n|-boost|p2a: Tahtorak|def|1\n|-boost|p2a: Tahtorak|spd|1\n|move|p2b: Almond Milk|Clear Smog|p1a: Urshifu\n|-activate|p1a: Urshifu|move: Protect\n|move|p1b: Amoonguss|Spore|p2a: Tahtorak\n|-status|p2a: Tahtorak|slp|[from] move: Spore\n|\n|upkeep\n|turn|6\n|\n|t:|1738729803\n|switch|p1b: Landorus|Landorus, L50, M|100\/100\n|cant|p2a: Tahtorak|slp\n|move|p1a: Urshifu|Taunt|p2b: Almond Milk\n|-start|p2b: Almond Milk|move: Taunt\n|cant|p2b: Almond Milk|move: Taunt|Spore\n|\n|upkeep\n|turn|7\n|\n|t:|1738729825\n|cant|p2a: Tahtorak|slp\n|move|p1b: Landorus|Sandsear Storm|p2b: Almond Milk|[spread] p2a,p2b\n|-supereffective|p2a: Tahtorak\n|-damage|p2a: Tahtorak|47\/100 slp\n|-damage|p2b: Almond Milk|0 fnt\n|faint|p2b: Almond Milk\n|move|p1a: Urshifu|Surging Strikes|p2a: Tahtorak\n|-resisted|p2a: Tahtorak\n|-crit|p2a: Tahtorak\n|-damage|p2a: Tahtorak|39\/100 slp\n|-resisted|p2a: Tahtorak\n|-crit|p2a: Tahtorak\n|-damage|p2a: Tahtorak|31\/100 slp\n|-resisted|p2a: Tahtorak\n|-crit|p2a: Tahtorak\n|-damage|p2a: Tahtorak|24\/100 slp\n|-hitcount|p2a: Tahtorak|3\n|\n|-heal|p2a: Tahtorak|30\/100 slp|[from] item: Leftovers\n|upkeep\n|\n|t:|1738729830\n|switch|p2b: Moltres|Moltres-Galar, L50, shiny|100\/100\n|turn|8\n|\n|t:|1738729860\n|-terastallize|p2a: Tahtorak|Dark\n|-curestatus|p2a: Tahtorak|slp|[msg]\n|move|p2a: Tahtorak|Recover|p2a: Tahtorak\n|-heal|p2a: Tahtorak|80\/100\n|move|p1b: Landorus|Sandsear Storm|p2a: Tahtorak|[spread] \n|-immune|p2b: Moltres\n|-miss|p1b: Landorus|p2a: Tahtorak\n|move|p1a: Urshifu|Surging Strikes|p2b: Moltres\n|-crit|p2b: Moltres\n|-damage|p2b: Moltres|76\/100\n|-crit|p2b: Moltres\n|-damage|p2b: Moltres|51\/100\n|-crit|p2b: Moltres\n|-damage|p2b: Moltres|28\/100\n|-hitcount|p2b: Moltres|3\n|-ability|p2b: Moltres|Berserk|boost\n|-boost|p2b: Moltres|spa|1\n|move|p2b: Moltres|Air Slash|p1a: Urshifu|[miss]\n|-miss|p2b: Moltres|p1a: Urshifu\n|\n|-heal|p2a: Tahtorak|86\/100|[from] item: Leftovers\n|-sideend|p2: BattleBlazikenVGC|Reflect\n|upkeep\n|turn|9\n|\n|t:|1738729887\n|move|p1b: Landorus|Protect|p1b: Landorus\n|-singleturn|p1b: Landorus|Protect\n|move|p2b: Moltres|Protect|p2b: Moltres\n|-singleturn|p2b: Moltres|Protect\n|move|p2a: Tahtorak|Sludge Bomb|p1a: Urshifu\n|-damage|p1a: Urshifu|22\/100\n|move|p1a: Urshifu|Surging Strikes|p2b: Moltres\n|-crit|p2b: Moltres\n|-damage|p2b: Moltres|4\/100\n|-crit|p2b: Moltres\n|-damage|p2b: Moltres|0 fnt\n|faint|p2b: Moltres\n|-hitcount|p2: Moltres|2\n|\n|-heal|p2a: Tahtorak|92\/100|[from] item: Leftovers\n|upkeep\n|\n|t:|1738729894\n|switch|p2b: Osborne|Grimmsnarl, L50, M, shiny|21\/100 slp\n|turn|10\n|\n|t:|1738729913\n|cant|p2b: Osborne|slp\n|move|p2a: Tahtorak|Cosmic Power|p2a: Tahtorak\n|-boost|p2a: Tahtorak|def|1\n|-boost|p2a: Tahtorak|spd|1\n|move|p1b: Landorus|Sandsear Storm|p2a: Tahtorak|[spread] p2a,p2b\n|-damage|p2a: Tahtorak|73\/100\n|-damage|p2b: Osborne|0 fnt\n|faint|p2b: Osborne\n|move|p1a: Urshifu|Close Combat|p2a: Tahtorak\n|-supereffective|p2a: Tahtorak\n|-damage|p2a: Tahtorak|34\/100\n|-unboost|p1a: Urshifu|def|1\n|-unboost|p1a: Urshifu|spd|1\n|\n|-heal|p2a: Tahtorak|40\/100|[from] item: Leftovers\n|upkeep\n|turn|11\n|\n|t:|1738729933\n|move|p2a: Tahtorak|Recover|p2a: Tahtorak\n|-heal|p2a: Tahtorak|90\/100\n|move|p1b: Landorus|Earth Power|p2a: Tahtorak\n|-damage|p2a: Tahtorak|64\/100\n|move|p1a: Urshifu|Taunt|p2a: Tahtorak\n|-start|p2a: Tahtorak|move: Taunt\n|\n|-heal|p2a: Tahtorak|71\/100|[from] item: Leftovers\n|upkeep\n|turn|12\n|\n|t:|1738729952\n|move|p1a: Urshifu|Detect|p1a: Urshifu\n|-singleturn|p1a: Urshifu|Protect\n|move|p2a: Tahtorak|Flamethrower|p1b: Landorus\n|-damage|p1b: Landorus|71\/100\n|move|p1b: Landorus|Earth Power|p2a: Tahtorak\n|-damage|p2a: Tahtorak|48\/100\n|\n|-heal|p2a: Tahtorak|54\/100|[from] item: Leftovers\n|upkeep\n|turn|13\n|\n|t:|1738729963\n|move|p2a: Tahtorak|Sludge Bomb|p1a: Urshifu\n|-damage|p1a: Urshifu|0 fnt\n|faint|p1a: Urshifu\n|move|p1b: Landorus|Earth Power|p2a: Tahtorak\n|-damage|p2a: Tahtorak|30\/100\n|\n|-heal|p2a: Tahtorak|36\/100|[from] item: Leftovers\n|upkeep\n|\n|t:|1738729970\n|switch|p1a: Amoonguss|Amoonguss, L50, F|100\/100\n|turn|14\n|\n|t:|1738729981\n|-terastallize|p1a: Amoonguss|Fairy\n|move|p2a: Tahtorak|Flamethrower|p1a: Amoonguss\n|-damage|p1a: Amoonguss|75\/100\n|move|p1b: Landorus|Earth Power|p2a: Tahtorak\n|-damage|p2a: Tahtorak|13\/100\n|move|p1a: Amoonguss|Spore|p2a: Tahtorak\n|-status|p2a: Tahtorak|slp|[from] move: Spore\n|\n|-heal|p2a: Tahtorak|19\/100 slp|[from] item: Leftovers\n|-end|p2a: Tahtorak|move: Taunt\n|upkeep\n|turn|15\n|j| blnglf\n|\n|t:|1738729997\n|cant|p2a: Tahtorak|slp\n|move|p1b: Landorus|Earth Power|p2a: Tahtorak\n|-damage|p2a: Tahtorak|0 fnt\n|faint|p2a: Tahtorak\n|\n|win|give-upVGC\n|raw|give-upVGC's rating: 1532 &rarr; <strong>1555<\/strong><br \/>(+23 for winning)\n|raw|BattleBlazikenVGC's rating: 1588 &rarr; <strong>1565<\/strong><br \/>(-23 for losing)\n|l| mr pogostick\n|l|\u2606give-upVGC\n|player|p1|\n|l|\u2606BattleBlazikenVGC\n|player|p2|\n","uploadtime":1738730003,"views":23,"formatid":"gen9vgc2025regg","rating":1555,"private":0,"password":null}