{"id":"gen9vgc2025regg-2294915300","format":"[Gen 9] VGC 2025 Reg G","players":["D_Bastial","ahfoong0411"],"log":"|j|\u2606D_Bastial\n|j|\u2606ahfoong0411\n|t:|1738768352\n|gametype|doubles\n|player|p1|D_Bastial|clay|1550\n|player|p2|ahfoong0411|102|1554\n|teamsize|p1|6\n|teamsize|p2|6\n|gen|9\n|tier|[Gen 9] VGC 2025 Reg G\n|rated|\n|rule|Species Clause: Limit one of each Pok\u00e9mon\n|rule|Item Clause: Limit 1 of each item\n|clearpoke\n|poke|p1|Ninetales-Alola, L50, M|\n|poke|p1|Tornadus, L50, M|\n|poke|p1|Kyurem-White, L50|\n|poke|p1|Roaring Moon, L50|\n|poke|p1|Ogerpon-Hearthflame, L50, F|\n|poke|p1|Iron Hands, L50|\n|poke|p2|Calyrex-Ice, L50|\n|poke|p2|Indeedee-F, L50, F|\n|poke|p2|Torkoal, L50, F|\n|poke|p2|Urshifu-*, L50, M|\n|poke|p2|Flutter Mane, L50|\n|poke|p2|Ursaluna, L50, M|\n|teampreview|4\n|\n|t:|1738768393\n|start\n|switch|p1a: Ninetales|Ninetales-Alola, L50, M|100\/100\n|switch|p1b: Kyurem|Kyurem-White, L50|100\/100\n|switch|p2a: Indeedee|Indeedee-F, L50, F|100\/100\n|switch|p2b: Calyrex|Calyrex-Ice, L50|100\/100\n|-ability|p2b: Calyrex|As One\n|-ability|p2b: Calyrex|Unnerve\n|-weather|Snow|[from] ability: Snow Warning|[of] p1a: Ninetales\n|-ability|p1b: Kyurem|Turboblaze\n|-fieldstart|move: Psychic Terrain|[from] ability: Psychic Surge|[of] p2a: Indeedee\n|turn|1\n|\n|t:|1738768421\n|move|p2a: Indeedee|Follow Me|p2a: Indeedee\n|-singleturn|p2a: Indeedee|move: Follow Me\n|move|p1a: Ninetales|Aurora Veil|p1a: Ninetales\n|-sidestart|p1: D_Bastial|move: Aurora Veil\n|move|p1b: Kyurem|Fusion Flare|p2a: Indeedee\n|-damage|p2a: Indeedee|52\/100\n|move|p2b: Calyrex|Trick Room|p2b: Calyrex\n|-fieldstart|move: Trick Room|[of] p2b: Calyrex\n|\n|-weather|Snow|[upkeep]\n|upkeep\n|turn|2\n|\n|t:|1738768441\n|switch|p1a: Iron Hands|Iron Hands, L50|100\/100\n|move|p2a: Indeedee|Helping Hand|p2b: Calyrex\n|-singleturn|p2b: Calyrex|Helping Hand|[of] p2a: Indeedee\n|move|p2b: Calyrex|Glacial Lance|p1a: Iron Hands|[spread] p1a,p1b\n|-damage|p1a: Iron Hands|62\/100\n|-damage|p1b: Kyurem|68\/100\n|move|p1b: Kyurem|Earth Power|p2a: Indeedee\n|-damage|p2a: Indeedee|10\/100\n|\n|-weather|Snow|[upkeep]\n|-heal|p1a: Iron Hands|68\/100|[from] item: Leftovers\n|upkeep\n|turn|3\n|\n|t:|1738768458\n|move|p1a: Iron Hands|Volt Switch|p2a: Indeedee\n|-damage|p2a: Indeedee|0 fnt\n|faint|p2a: Indeedee\n|\n|t:|1738768464\n|-end|p1a: Iron Hands|Quark Drive|[silent]\n|switch|p1a: Ogerpon|Ogerpon-Hearthflame, L50, F|100\/100|[from] Volt Switch\n|-ability|p1a: Ogerpon|Mold Breaker\n|move|p2b: Calyrex|Glacial Lance|p1b: Kyurem|[spread] p1a,p1b\n|-damage|p1a: Ogerpon|68\/100\n|-damage|p1b: Kyurem|45\/100\n|move|p1b: Kyurem|Fusion Flare|p2b: Calyrex\n|-supereffective|p2b: Calyrex\n|-damage|p2b: Calyrex|35\/100\n|\n|-weather|Snow|[upkeep]\n|upkeep\n|\n|t:|1738768470\n|switch|p2a: Torkoal|Torkoal, L50, F|100\/100\n|-weather|SunnyDay|[from] ability: Drought|[of] p2a: Torkoal\n|turn|4\n|\n|t:|1738768493\n|switch|p1a: Ninetales|Ninetales-Alola, L50, M|100\/100\n|-weather|Snow|[from] ability: Snow Warning|[of] p1a: Ninetales\n|-terastallize|p2a: Torkoal|Fire\n|move|p2a: Torkoal|Eruption|p1b: Kyurem|[spread] p1a,p1b\n|-supereffective|p1a: Ninetales\n|-enditem|p1a: Ninetales|Focus Sash\n|-damage|p1a: Ninetales|1\/100\n|-damage|p1b: Kyurem|14\/100\n|move|p2b: Calyrex|Glacial Lance|p1b: Kyurem|[spread] p1a,p1b\n|-resisted|p1a: Ninetales\n|-crit|p1a: Ninetales\n|-damage|p1a: Ninetales|0 fnt\n|-damage|p1b: Kyurem|0 fnt\n|faint|p1a: Ninetales\n|faint|p1b: Kyurem\n|-ability|p2b: Calyrex|Chilling Neigh|boost\n|-boost|p2b: Calyrex|atk|2\n|\n|-weather|Snow|[upkeep]\n|upkeep\n|\n|t:|1738768506\n|switch|p1b: Iron Hands|Iron Hands, L50|68\/100\n|switch|p1a: Ogerpon|Ogerpon-Hearthflame, L50, F|68\/100\n|-ability|p1a: Ogerpon|Mold Breaker\n|turn|5\n|\n|t:|1738768517\n|-terastallize|p1a: Ogerpon|Fire\n|detailschange|p1a: Ogerpon|Ogerpon-Hearthflame-Tera, L50, F, tera:Fire\n|-ability|p1a: Ogerpon|Embody Aspect (Hearthflame)|boost\n|-boost|p1a: Ogerpon|atk|1\n|move|p2a: Torkoal|Eruption|p1a: Ogerpon|[spread] p1a,p1b\n|-resisted|p1a: Ogerpon\n|-damage|p1a: Ogerpon|43\/100\n|-damage|p1b: Iron Hands|35\/100\n|move|p1b: Iron Hands|Close Combat|p2b: Calyrex\n|-damage|p2b: Calyrex|8\/100\n|-unboost|p1b: Iron Hands|def|1\n|-unboost|p1b: Iron Hands|spd|1\n|move|p2b: Calyrex|Glacial Lance|p1a: Ogerpon|[spread] p1a,p1b\n|-resisted|p1a: Ogerpon\n|-damage|p1a: Ogerpon|11\/100\n|-damage|p1b: Iron Hands|0 fnt\n|faint|p1b: Iron Hands\n|-end|p1b: Iron Hands|Quark Drive|[silent]\n|-ability|p2b: Calyrex|Chilling Neigh|boost\n|-boost|p2b: Calyrex|atk|1\n|move|p1a: Ogerpon|Swords Dance|p1a: Ogerpon\n|-boost|p1a: Ogerpon|atk|2\n|\n|-weather|Snow|[upkeep]\n|-sideend|p1: D_Bastial|move: Aurora Veil\n|-fieldend|move: Trick Room\n|-fieldend|move: Psychic Terrain\n|upkeep\n|turn|6\n|\n|t:|1738768544\n|move|p1a: Ogerpon|Horn Leech|p2a: Torkoal\n|-resisted|p2a: Torkoal\n|-damage|p2a: Torkoal|67\/100\n|-heal|p1a: Ogerpon|27\/100|[from] drain|[of] p2a: Torkoal\n|move|p2b: Calyrex|Glacial Lance|p1a: Ogerpon\n|-resisted|p1a: Ogerpon\n|-damage|p1a: Ogerpon|0 fnt\n|faint|p1a: Ogerpon\n|\n|win|ahfoong0411\n|raw|D_Bastial's rating: 1550 &rarr; <strong>1530<\/strong><br \/>(-20 for losing)\n|raw|ahfoong0411's rating: 1554 &rarr; <strong>1574<\/strong><br \/>(+20 for winning)\n|l|\u2606D_Bastial\n|player|p1|\n|l|\u2606ahfoong0411\n|player|p2|\n","uploadtime":1738768773,"views":9,"formatid":"gen9vgc2025regg","rating":1530,"private":0,"password":null}