{"id":"gen9vgc2025regg-2294525497","format":"[Gen 9] VGC 2025 Reg G","players":["DimensionalFool","Av8nt"],"log":"|j|\u203dDimensionalFool\n|j|\u2606Av8nt\n|t:|1738709915\n|gametype|doubles\n|player|p1|DimensionalFool|170|1649\n|player|p2|Av8nt|linebacker|1669\n|teamsize|p1|6\n|teamsize|p2|6\n|gen|9\n|tier|[Gen 9] VGC 2025 Reg G\n|rated|\n|rule|Species Clause: Limit one of each Pok\u00e9mon\n|rule|Item Clause: Limit 1 of each item\n|clearpoke\n|poke|p1|Grimmsnarl, L50, M|\n|poke|p1|Landorus, L50, M|\n|poke|p1|Calyrex-Ice, L50|\n|poke|p1|Pelipper, L50, M|\n|poke|p1|Urshifu-*, L50, F|\n|poke|p1|Rillaboom, L50, F|\n|poke|p2|Terapagos, L50, M|\n|poke|p2|Incineroar, L50, F|\n|poke|p2|Grimmsnarl, L50, M|\n|poke|p2|Raging Bolt, L50|\n|poke|p2|Amoonguss, L50, M|\n|poke|p2|Flutter Mane, L50|\n|teampreview|4\n|c|\u2606Av8nt|glhf\n|\n|t:|1738709939\n|start\n|switch|p1a: Pelipper|Pelipper, L50, M|100\/100\n|switch|p1b: Urshifu|Urshifu-Rapid-Strike, L50, F|100\/100\n|switch|p2a: Grimmsnarl|Grimmsnarl, L50, M, shiny|100\/100\n|switch|p2b: Raging Bolt|Raging Bolt, L50|100\/100\n|-weather|RainDance|[from] ability: Drizzle|[of] p1a: Pelipper\n|turn|1\n|inactive|Battle timer is ON: inactive players will automatically lose when time's up. (requested by DimensionalFool)\n|\n|t:|1738709951\n|-terastallize|p1b: Urshifu|Ghost\n|move|p2a: Grimmsnarl|Light Screen|p2a: Grimmsnarl\n|-sidestart|p2: Av8nt|move: Light Screen\n|move|p1b: Urshifu|Surging Strikes|p2a: Grimmsnarl\n|-crit|p2a: Grimmsnarl\n|-damage|p2a: Grimmsnarl|68\/100\n|-crit|p2a: Grimmsnarl\n|-damage|p2a: Grimmsnarl|37\/100\n|-crit|p2a: Grimmsnarl\n|-damage|p2a: Grimmsnarl|6\/100\n|-hitcount|p2a: Grimmsnarl|3\n|move|p1a: Pelipper|Weather Ball|p2a: Grimmsnarl\n|-damage|p2a: Grimmsnarl|0 fnt\n|faint|p2a: Grimmsnarl\n|move|p2b: Raging Bolt|Thunderbolt|p1b: Urshifu\n|-damage|p1b: Urshifu|23\/100\n|\n|-weather|RainDance|[upkeep]\n|upkeep\n|\n|t:|1738709960\n|switch|p2a: Terapagos|Terapagos, L50, M|100\/100\n|-activate|p2a: Terapagos|ability: Tera Shift\n|detailschange|p2a: Terapagos|Terapagos-Terastal, L50, M\n|-heal|p2a: Terapagos|100\/100|[silent]\n|turn|2\n|\n|t:|1738709972\n|switch|p1b: Calyrex|Calyrex-Ice, L50|100\/100\n|-ability|p1b: Calyrex|As One\n|-ability|p1b: Calyrex|Unnerve\n|move|p2b: Raging Bolt|Thunderclap||[still]\n|-fail|p2b: Raging Bolt\n|move|p2a: Terapagos|Calm Mind|p2a: Terapagos\n|-boost|p2a: Terapagos|spa|1\n|-boost|p2a: Terapagos|spd|1\n|move|p1a: Pelipper|Weather Ball|p2a: Terapagos\n|-activate|p2a: Terapagos|ability: Tera Shell\n|-resisted|p2a: Terapagos\n|-damage|p2a: Terapagos|86\/100\n|\n|-weather|RainDance|[upkeep]\n|-heal|p2a: Terapagos|93\/100|[from] item: Leftovers\n|upkeep\n|turn|3\n|inactive|DimensionalFool has 30 seconds left.\n|\n|t:|1738710003\n|-terastallize|p2b: Raging Bolt|Electric\n|move|p2a: Terapagos|Tera Starstorm|p1b: Calyrex\n|-damage|p1b: Calyrex|64\/100\n|move|p1a: Pelipper|Weather Ball|p2a: Terapagos\n|-damage|p2a: Terapagos|65\/100\n|move|p2b: Raging Bolt|Thunderbolt|p1b: Calyrex\n|-damage|p1b: Calyrex|35\/100\n|move|p1b: Calyrex|Glacial Lance|p2b: Raging Bolt|[spread] p2a,p2b\n|-damage|p2a: Terapagos|18\/100\n|-damage|p2b: Raging Bolt|60\/100\n|\n|-weather|RainDance|[upkeep]\n|-heal|p2a: Terapagos|24\/100|[from] item: Leftovers\n|upkeep\n|turn|4\n|inactive|DimensionalFool has 30 seconds left.\n|\n|t:|1738710031\n|move|p2a: Terapagos|Protect|p2a: Terapagos\n|-singleturn|p2a: Terapagos|Protect\n|move|p1a: Pelipper|Wide Guard|p1a: Pelipper\n|-singleturn|p1a: Pelipper|Wide Guard\n|move|p2b: Raging Bolt|Thunderbolt|p1a: Pelipper\n|-supereffective|p1a: Pelipper\n|-enditem|p1a: Pelipper|Focus Sash\n|-damage|p1a: Pelipper|1\/100\n|move|p1b: Calyrex|Glacial Lance|p2a: Terapagos|[spread] p2b\n|-activate|p2a: Terapagos|move: Protect\n|-damage|p2b: Raging Bolt|18\/100\n|\n|-weather|RainDance|[upkeep]\n|-heal|p2a: Terapagos|30\/100|[from] item: Leftovers\n|upkeep\n|turn|5\n|\n|t:|1738710049\n|move|p2b: Raging Bolt|Thunderclap|p1a: Pelipper\n|-supereffective|p1a: Pelipper\n|-damage|p1a: Pelipper|0 fnt\n|faint|p1a: Pelipper\n|move|p2a: Terapagos|Tera Starstorm|p1b: Calyrex\n|-damage|p1b: Calyrex|0 fnt\n|faint|p1b: Calyrex\n|\n|-weather|none\n|-heal|p2a: Terapagos|36\/100|[from] item: Leftovers\n|upkeep\n|\n|t:|1738710056\n|switch|p1a: Urshifu|Urshifu-Rapid-Strike, L50, F, tera:Ghost|23\/100\n|switch|p1b: Landorus|Landorus, L50, M|100\/100\n|turn|6\n|inactive|Av8nt has 30 seconds left.\n|\n|t:|1738710082\n|move|p2b: Raging Bolt|Thunderclap||[still]\n|-fail|p2b: Raging Bolt\n|move|p1a: Urshifu|Coaching|p1b: Landorus\n|-boost|p1b: Landorus|atk|1\n|-boost|p1b: Landorus|def|1\n|move|p1b: Landorus|Sandsear Storm|p2a: Terapagos|[spread] p2a,p2b\n|-supereffective|p2b: Raging Bolt\n|-damage|p2a: Terapagos|14\/100\n|-damage|p2b: Raging Bolt|0 fnt\n|faint|p2b: Raging Bolt\n|-end|p2b: Raging Bolt|Protosynthesis|[silent]\n|move|p2a: Terapagos|Tera Starstorm|p1b: Landorus\n|-damage|p1b: Landorus|0 fnt\n|faint|p1b: Landorus\n|\n|-heal|p2a: Terapagos|20\/100|[from] item: Leftovers\n|upkeep\n|\n|t:|1738710085\n|switch|p2b: Incineroar|Incineroar, L50, F|100\/100\n|-ability|p2b: Incineroar|Intimidate|boost\n|-unboost|p1a: Urshifu|atk|1\n|turn|7\n|c|\u2606Av8nt|gg wp\n|-message|DimensionalFool forfeited.\n|\n|win|Av8nt\n|raw|DimensionalFool's rating: 1649 &rarr; <strong>1630<\/strong><br \/>(-19 for losing)\n|raw|Av8nt's rating: 1669 &rarr; <strong>1688<\/strong><br \/>(+19 for winning)\n|l|\u203dDimensionalFool\n|player|p1|\n|l|\u2606Av8nt\n|player|p2|\n","uploadtime":1738710284,"views":12,"formatid":"gen9vgc2025regg","rating":1630,"private":0,"password":null}