{"id":"gen9vgc2025regg-2294263601","format":"[Gen 9] VGC 2025 Reg G","players":["qunqun24","bluestraggler02"],"log":"|j|\u2606qunqun24\n|j|\u2606bluestraggler02\n|t:|1738683515\n|gametype|doubles\n|player|p1|qunqun24|1|1594\n|player|p2|bluestraggler02|266|1612\n|teamsize|p1|6\n|teamsize|p2|6\n|gen|9\n|tier|[Gen 9] VGC 2025 Reg G\n|rated|\n|rule|Species Clause: Limit one of each Pok\u00e9mon\n|rule|Item Clause: Limit 1 of each item\n|clearpoke\n|poke|p1|Calyrex-Shadow, L50|\n|poke|p1|Ting-Lu, L50|\n|poke|p1|Dondozo, L50, F|\n|poke|p1|Urshifu-*, L50, F|\n|poke|p1|Ogerpon-Hearthflame, L50, F|\n|poke|p1|Whimsicott, L50, M|\n|poke|p2|Zamazenta-*, L50|\n|poke|p2|Roaring Moon, L50|\n|poke|p2|Landorus, L50, M|\n|poke|p2|Pelipper, L50, M|\n|poke|p2|Urshifu-*, L50, M|\n|poke|p2|Amoonguss, L50, M|\n|teampreview|4\n|inactive|Battle timer is ON: inactive players will automatically lose when time's up. (requested by qunqun24)\n|inactive|bluestraggler02 has 60 seconds left.\n|\n|t:|1738683565\n|start\n|switch|p1a: Ting-Lu|Ting-Lu, L50|100\/100\n|switch|p1b: Dondozo|Dondozo, L50, F|100\/100\n|switch|p2a: Pelipper|Pelipper, L50, M|100\/100\n|switch|p2b: Urshifu|Urshifu-Rapid-Strike, L50, M|100\/100\n|-weather|RainDance|[from] ability: Drizzle|[of] p2a: Pelipper\n|-ability|p1a: Ting-Lu|Vessel of Ruin\n|turn|1\n|\n|t:|1738683584\n|-terastallize|p1a: Ting-Lu|Fairy\n|move|p2b: Urshifu|Detect|p2b: Urshifu\n|-singleturn|p2b: Urshifu|Protect\n|move|p2a: Pelipper|Weather Ball|p1a: Ting-Lu\n|-damage|p1a: Ting-Lu|66\/100\n|move|p1a: Ting-Lu|Stealth Rock|p2b: Urshifu\n|-sidestart|p2: bluestraggler02|move: Stealth Rock\n|move|p1b: Dondozo|Yawn|p2a: Pelipper\n|-start|p2a: Pelipper|move: Yawn|[of] p1b: Dondozo\n|\n|-weather|RainDance|[upkeep]\n|upkeep\n|turn|2\n|\n|t:|1738683605\n|switch|p2a: Roaring Moon|Roaring Moon, L50|100\/100\n|-damage|p2a: Roaring Moon|88\/100|[from] Stealth Rock\n|-enditem|p2a: Roaring Moon|Booster Energy\n|-activate|p2a: Roaring Moon|ability: Protosynthesis|[fromitem]\n|-start|p2a: Roaring Moon|protosynthesisspe\n|move|p2b: Urshifu|Surging Strikes|p1a: Ting-Lu\n|-crit|p1a: Ting-Lu\n|-damage|p1a: Ting-Lu|47\/100\n|-damage|p2b: Urshifu|84\/100|[from] item: Rocky Helmet|[of] p1a: Ting-Lu\n|-crit|p1a: Ting-Lu\n|-damage|p1a: Ting-Lu|28\/100\n|-damage|p2b: Urshifu|68\/100|[from] item: Rocky Helmet|[of] p1a: Ting-Lu\n|-crit|p1a: Ting-Lu\n|-damage|p1a: Ting-Lu|9\/100\n|-damage|p2b: Urshifu|51\/100|[from] item: Rocky Helmet|[of] p1a: Ting-Lu\n|-hitcount|p1a: Ting-Lu|3\n|move|p1a: Ting-Lu|Ruination|p2b: Urshifu\n|-damage|p2b: Urshifu|26\/100\n|move|p1b: Dondozo|Yawn|p2a: Roaring Moon\n|-start|p2a: Roaring Moon|move: Yawn|[of] p1b: Dondozo\n|\n|-weather|RainDance|[upkeep]\n|upkeep\n|turn|3\n|j| lc2726\n|\n|t:|1738683622\n|move|p2a: Roaring Moon|Tailwind|p2a: Roaring Moon\n|-sidestart|p2: bluestraggler02|move: Tailwind\n|move|p2b: Urshifu|Surging Strikes|p1a: Ting-Lu\n|-crit|p1a: Ting-Lu\n|-damage|p1a: Ting-Lu|0 fnt\n|-damage|p2b: Urshifu|9\/100|[from] item: Rocky Helmet|[of] p1a: Ting-Lu\n|faint|p1a: Ting-Lu\n|-hitcount|p1: Ting-Lu|1\n|move|p1b: Dondozo|Yawn||[still]\n|-fail|p1b: Dondozo\n|\n|-weather|RainDance|[upkeep]\n|-end|p2a: Roaring Moon|move: Yawn|[silent]\n|-status|p2a: Roaring Moon|slp\n|upkeep\n|\n|t:|1738683627\n|switch|p1a: Whimsicott|Whimsicott, L50, M|100\/100\n|turn|4\n|\n|t:|1738683643\n|switch|p1b: Calyrex|Calyrex-Shadow, L50|100\/100\n|-ability|p1b: Calyrex|As One\n|-ability|p1b: Calyrex|Unnerve\n|move|p1a: Whimsicott|Tailwind|p1a: Whimsicott\n|-sidestart|p1: qunqun24|move: Tailwind\n|cant|p2a: Roaring Moon|slp\n|move|p2b: Urshifu|Surging Strikes|p1a: Whimsicott\n|-resisted|p1a: Whimsicott\n|-crit|p1a: Whimsicott\n|-damage|p1a: Whimsicott|75\/100\n|-resisted|p1a: Whimsicott\n|-crit|p1a: Whimsicott\n|-damage|p1a: Whimsicott|49\/100\n|-resisted|p1a: Whimsicott\n|-crit|p1a: Whimsicott\n|-damage|p1a: Whimsicott|25\/100\n|-hitcount|p1a: Whimsicott|3\n|\n|-weather|RainDance|[upkeep]\n|upkeep\n|turn|5\n|\n|t:|1738683664\n|move|p2b: Urshifu|Aqua Jet|p1a: Whimsicott\n|-resisted|p1a: Whimsicott\n|-damage|p1a: Whimsicott|0 fnt\n|faint|p1a: Whimsicott\n|-curestatus|p2a: Roaring Moon|slp|[msg]\n|move|p2a: Roaring Moon|Knock Off|p1b: Calyrex\n|-supereffective|p1b: Calyrex\n|-damage|p1b: Calyrex|0 fnt\n|-enditem|p1b: Calyrex|Life Orb|[from] move: Knock Off|[of] p2a: Roaring Moon\n|faint|p1b: Calyrex\n|\n|-weather|none\n|upkeep\n|\n|t:|1738683672\n|switch|p1b: Dondozo|Dondozo, L50, F|100\/100\n|turn|6\n|-message|qunqun24 forfeited.\n|\n|win|bluestraggler02\n|raw|qunqun24's rating: 1594 &rarr; <strong>1575<\/strong><br \/>(-19 for losing)\n|raw|bluestraggler02's rating: 1612 &rarr; <strong>1631<\/strong><br \/>(+19 for winning)\n|l|\u2606qunqun24\n|player|p1|\n|l|\u2606bluestraggler02\n|player|p2|\n|l| lc2726\n","uploadtime":1738683898,"views":7,"formatid":"gen9vgc2025regg","rating":1575,"private":0,"password":null}