{"id":"gen9vgc2025regg-2294456067","format":"[Gen 9] VGC 2025 Reg G","players":["Pokeventurer","Spottedwoot"],"log":"|j|\u2606Pokeventurer\n|j|\u2606Spottedwoot\n|t:|1738702306\n|gametype|doubles\n|player|p1|Pokeventurer|2|1578\n|player|p2|Spottedwoot|266|1587\n|teamsize|p1|6\n|teamsize|p2|6\n|gen|9\n|tier|[Gen 9] VGC 2025 Reg G\n|rated|\n|rule|Species Clause: Limit one of each Pok\u00e9mon\n|rule|Item Clause: Limit 1 of each item\n|clearpoke\n|poke|p1|Calyrex-Ice, L50|\n|poke|p1|Farigiraf, L50, F|\n|poke|p1|Smeargle, L50, F|\n|poke|p1|Rillaboom, L50, F|\n|poke|p1|Torkoal, L50, M|\n|poke|p1|Raging Bolt, L50|\n|poke|p2|Miraidon, L50|\n|poke|p2|Pelipper, L50, M|\n|poke|p2|Archaludon, L50, F|\n|poke|p2|Incineroar, L50, F|\n|poke|p2|Urshifu-*, L50, F|\n|poke|p2|Landorus, L50, M|\n|teampreview|4\n|inactive|Battle timer is ON: inactive players will automatically lose when time's up. (requested by Pokeventurer)\n|inactive|Pokeventurer has 60 seconds left.\n|inactive|Spottedwoot has 60 seconds left.\n|\n|t:|1738702369\n|start\n|switch|p1a: Calyrex|Calyrex-Ice, L50|100\/100\n|switch|p1b: Rillaboom|Rillaboom, L50, F|100\/100\n|switch|p2a: Incineroar|Incineroar, L50, F|100\/100\n|switch|p2b: Landorus|Landorus, L50, M|100\/100\n|-ability|p1a: Calyrex|As One\n|-ability|p1a: Calyrex|Unnerve\n|-fieldstart|move: Grassy Terrain|[from] ability: Grassy Surge|[of] p1b: Rillaboom\n|-ability|p2a: Incineroar|Intimidate|boost\n|-fail|p1a: Calyrex|unboost|[from] item: Clear Amulet|[of] p1a: Calyrex\n|-unboost|p1b: Rillaboom|atk|1\n|turn|1\n|inactive|Pokeventurer has 30 seconds left.\n|\n|t:|1738702403\n|-terastallize|p2a: Incineroar|Ghost\n|move|p1b: Rillaboom|Fake Out|p2a: Incineroar\n|-immune|p2a: Incineroar\n|move|p2a: Incineroar|Fake Out|p1a: Calyrex\n|-damage|p1a: Calyrex|94\/100\n|move|p2b: Landorus|Sludge Bomb|p1b: Rillaboom\n|-supereffective|p1b: Rillaboom\n|-damage|p1b: Rillaboom|6\/100\n|cant|p1a: Calyrex|flinch\n|\n|-heal|p1b: Rillaboom|11\/100|[from] Grassy Terrain\n|-heal|p1a: Calyrex|99\/100|[from] Grassy Terrain\n|upkeep\n|turn|2\n|\n|t:|1738702420\n|move|p2b: Landorus|Sandsear Storm|p1b: Rillaboom|[spread] p1a,p1b\n|-resisted|p1b: Rillaboom\n|-damage|p1a: Calyrex|58\/100\n|-damage|p1b: Rillaboom|0 fnt\n|faint|p1b: Rillaboom\n|move|p2a: Incineroar|Knock Off|p1a: Calyrex\n|-supereffective|p1a: Calyrex\n|-damage|p1a: Calyrex|12\/100\n|-enditem|p1a: Calyrex|Clear Amulet|[from] move: Knock Off|[of] p2a: Incineroar\n|move|p1a: Calyrex|Glacial Lance|p2b: Landorus|[spread] p2a,p2b\n|-supereffective|p2b: Landorus\n|-damage|p2a: Incineroar|46\/100\n|-damage|p2b: Landorus|0 fnt\n|faint|p2b: Landorus\n|-ability|p1a: Calyrex|Chilling Neigh|boost\n|-boost|p1a: Calyrex|atk|1\n|\n|-heal|p2a: Incineroar|51\/100|[from] Grassy Terrain\n|-heal|p1a: Calyrex|18\/100|[from] Grassy Terrain\n|upkeep\n|\n|t:|1738702429\n|switch|p2b: Archaludon|Archaludon, L50, F|100\/100\n|switch|p1b: Raging Bolt|Raging Bolt, L50|100\/100\n|turn|3\n|inactive|Pokeventurer has 30 seconds left.\n|\n|t:|1738702463\n|switch|p1a: Torkoal|Torkoal, L50, M|100\/100\n|-weather|SunnyDay|[from] ability: Drought|[of] p1a: Torkoal\n|-activate|p1b: Raging Bolt|ability: Protosynthesis\n|-start|p1b: Raging Bolt|protosynthesisspa\n|-terastallize|p1b: Raging Bolt|Electric\n|move|p1b: Raging Bolt|Thunderclap|p2a: Incineroar\n|-damage|p2a: Incineroar|0 fnt\n|faint|p2a: Incineroar\n|-damage|p1b: Raging Bolt|91\/100|[from] item: Life Orb\n|move|p2b: Archaludon|Snarl|p1b: Raging Bolt|[spread] p1a,p1b\n|-damage|p1a: Torkoal|84\/100\n|-damage|p1b: Raging Bolt|80\/100\n|-unboost|p1a: Torkoal|spa|1\n|-unboost|p1b: Raging Bolt|spa|1\n|\n|-weather|SunnyDay|[upkeep]\n|-heal|p1b: Raging Bolt|86\/100|[from] Grassy Terrain\n|-heal|p1a: Torkoal|90\/100|[from] Grassy Terrain\n|upkeep\n|\n|t:|1738702472\n|switch|p2a: Miraidon|Miraidon, L50|100\/100\n|-fieldstart|move: Electric Terrain|[from] ability: Hadron Engine|[of] p2a: Miraidon\n|turn|4\n|\n|t:|1738702494\n|move|p2a: Miraidon|Electro Drift|p1a: Torkoal\n|-damage|p1a: Torkoal|0 fnt\n|faint|p1a: Torkoal\n|move|p2b: Archaludon|Snarl|p1b: Raging Bolt\n|-damage|p1b: Raging Bolt|73\/100\n|-unboost|p1b: Raging Bolt|spa|1\n|move|p1b: Raging Bolt|Draco Meteor|p2a: Miraidon\n|-supereffective|p2a: Miraidon\n|-crit|p2a: Miraidon\n|-damage|p2a: Miraidon|0 fnt\n|-unboost|p1b: Raging Bolt|spa|2\n|faint|p2a: Miraidon\n|-damage|p1b: Raging Bolt|63\/100|[from] item: Life Orb\n|\n|-weather|SunnyDay|[upkeep]\n|upkeep\n|\n|t:|1738702501\n|switch|p1a: Calyrex|Calyrex-Ice, L50|18\/100\n|-ability|p1a: Calyrex|As One\n|-ability|p1a: Calyrex|Unnerve\n|turn|5\n|\n|t:|1738702510\n|move|p2b: Archaludon|Flash Cannon|p1a: Calyrex\n|-supereffective|p1a: Calyrex\n|-damage|p1a: Calyrex|0 fnt\n|faint|p1a: Calyrex\n|move|p1b: Raging Bolt|Draco Meteor|p2b: Archaludon\n|-damage|p2b: Archaludon|70\/100\n|-unboost|p1b: Raging Bolt|spa|2\n|-ability|p2b: Archaludon|Stamina|boost\n|-boost|p2b: Archaludon|def|1\n|-damage|p1b: Raging Bolt|53\/100|[from] item: Life Orb\n|\n|-weather|SunnyDay|[upkeep]\n|upkeep\n|turn|6\n|\n|t:|1738702517\n|move|p2b: Archaludon|Body Press|p1b: Raging Bolt\n|-damage|p1b: Raging Bolt|25\/100\n|move|p1b: Raging Bolt|Draco Meteor|p2b: Archaludon\n|-damage|p2b: Archaludon|48\/100\n|-ability|p2b: Archaludon|Stamina|boost\n|-boost|p2b: Archaludon|def|1\n|-damage|p1b: Raging Bolt|15\/100|[from] item: Life Orb\n|\n|-weather|SunnyDay|[upkeep]\n|upkeep\n|turn|7\n|\n|t:|1738702523\n|move|p1b: Raging Bolt|Thunderclap|p2b: Archaludon\n|-resisted|p2b: Archaludon\n|-damage|p2b: Archaludon|38\/100\n|-ability|p2b: Archaludon|Stamina|boost\n|-boost|p2b: Archaludon|def|1\n|-damage|p1b: Raging Bolt|5\/100|[from] item: Life Orb\n|move|p2b: Archaludon|Body Press|p1b: Raging Bolt\n|-damage|p1b: Raging Bolt|0 fnt\n|faint|p1b: Raging Bolt\n|-end|p1b: Raging Bolt|Protosynthesis|[silent]\n|\n|win|Spottedwoot\n|raw|Pokeventurer's rating: 1578 &rarr; <strong>1559<\/strong><br \/>(-19 for losing)\n|raw|Spottedwoot's rating: 1587 &rarr; <strong>1606<\/strong><br \/>(+19 for winning)\n","uploadtime":1738702526,"views":22,"formatid":"gen9vgc2025regg","rating":1559,"private":0,"password":null}