{"id":"gen9vgc2025regg-2294552950","format":"[Gen 9] VGC 2025 Reg G","players":["GucciSoup","Spottedwoot"],"log":"|j|\u2606GucciSoup\n|j|\u2606Spottedwoot\n|t:|1738713259\n|gametype|doubles\n|player|p1|GucciSoup|wallace|1594\n|player|p2|Spottedwoot|266|1516\n|teamsize|p1|6\n|teamsize|p2|6\n|gen|9\n|tier|[Gen 9] VGC 2025 Reg G\n|rated|\n|rule|Species Clause: Limit one of each Pok\u00e9mon\n|rule|Item Clause: Limit 1 of each item\n|clearpoke\n|poke|p1|Miraidon, L50|\n|poke|p1|Incineroar, L50, M|\n|poke|p1|Scizor, L50, M|\n|poke|p1|Grimmsnarl, L50, M|\n|poke|p1|Pelipper, L50, M|\n|poke|p1|Landorus, L50, M|\n|poke|p2|Miraidon, L50|\n|poke|p2|Pelipper, L50, M|\n|poke|p2|Archaludon, L50, M|\n|poke|p2|Incineroar, L50, F|\n|poke|p2|Urshifu-*, L50, F|\n|poke|p2|Landorus, L50, M|\n|teampreview|4\n|\n|t:|1738713289\n|start\n|switch|p1a: Mister J|Grimmsnarl, L50, M|100\/100\n|switch|p1b: Cpt. Planet|Pelipper, L50, M|100\/100\n|switch|p2a: Miraidon|Miraidon, L50|100\/100\n|switch|p2b: Pelipper|Pelipper, L50, M|100\/100\n|-fieldstart|move: Electric Terrain|[from] ability: Hadron Engine|[of] p2a: Miraidon\n|-weather|RainDance|[from] ability: Drizzle|[of] p1b: Cpt. Planet\n|turn|1\n|inactive|Battle timer is ON: inactive players will automatically lose when time's up. (requested by Spottedwoot)\n|j| duffmcwhaling\n|inactive|GucciSoup has 60 seconds left.\n|\n|t:|1738713342\n|move|p1a: Mister J|Light Screen|p1a: Mister J\n|-sidestart|p1: GucciSoup|move: Light Screen\n|move|p2a: Miraidon|Volt Switch|p1b: Cpt. Planet\n|-supereffective|p1b: Cpt. Planet\n|-enditem|p1b: Cpt. Planet|Focus Sash\n|-damage|p1b: Cpt. Planet|1\/100\n|\n|t:|1738713346\n|switch|p2a: Archaludon|Archaludon, L50, M|100\/100|[from] Volt Switch\n|move|p1b: Cpt. Planet|Hurricane|p2b: Pelipper\n|-damage|p2b: Pelipper|39\/100\n|-start|p2b: Pelipper|confusion\n|-activate|p2b: Pelipper|confusion\n|-damage|p2b: Pelipper|34\/100|[from] confusion\n|\n|-weather|RainDance|[upkeep]\n|upkeep\n|turn|2\n|j| Reflextive\n|\n|t:|1738713365\n|switch|p1b: Thunder Bringer|Landorus, L50, M|100\/100\n|move|p1a: Mister J|Thunder Wave|p2a: Archaludon\n|-status|p2a: Archaludon|par\n|-end|p2b: Pelipper|confusion\n|move|p2b: Pelipper|Tailwind|p2b: Pelipper\n|-sidestart|p2: Spottedwoot|move: Tailwind\n|move|p2a: Archaludon|Electro Shot||[still]\n|-prepare|p2a: Archaludon|Electro Shot\n|-boost|p2a: Archaludon|spa|1\n|-anim|p2a: Archaludon|Electro Shot|p1b: Thunder Bringer\n|-immune|p1b: Thunder Bringer\n|\n|-weather|RainDance|[upkeep]\n|upkeep\n|turn|3\n|inactive|GucciSoup has 30 seconds left.\n|inactive|GucciSoup has 20 seconds left.\n|\n|t:|1738713402\n|-terastallize|p2b: Pelipper|Ghost\n|move|p1b: Thunder Bringer|Protect|p1b: Thunder Bringer\n|-singleturn|p1b: Thunder Bringer|Protect\n|move|p1a: Mister J|Thunder Wave|p2b: Pelipper\n|-status|p2b: Pelipper|par\n|move|p2a: Archaludon|Flash Cannon|p1b: Thunder Bringer\n|-activate|p1b: Thunder Bringer|move: Protect\n|move|p2b: Pelipper|Weather Ball|p1b: Thunder Bringer\n|-activate|p1b: Thunder Bringer|move: Protect\n|\n|-weather|RainDance|[upkeep]\n|upkeep\n|turn|4\n|\n|t:|1738713427\n|move|p1a: Mister J|Parting Shot|p2b: Pelipper\n|-unboost|p2b: Pelipper|atk|1\n|-unboost|p2b: Pelipper|spa|1\n|\n|t:|1738713432\n|switch|p1a: Cpt. Planet|Pelipper, L50, M|1\/100|[from] Parting Shot\n|move|p1b: Thunder Bringer|Earth Power|p2a: Archaludon\n|-supereffective|p2a: Archaludon\n|-damage|p2a: Archaludon|0 fnt\n|faint|p2a: Archaludon\n|move|p2b: Pelipper|Weather Ball|p1b: Thunder Bringer\n|-supereffective|p1b: Thunder Bringer\n|-damage|p1b: Thunder Bringer|30\/100\n|\n|-weather|RainDance|[upkeep]\n|upkeep\n|\n|t:|1738713443\n|switch|p2a: Landorus|Landorus, L50, M|100\/100\n|turn|5\n|\n|t:|1738713450\n|move|p1b: Thunder Bringer|Protect|p1b: Thunder Bringer\n|-singleturn|p1b: Thunder Bringer|Protect\n|move|p2a: Landorus|Sludge Bomb|p1a: Cpt. Planet\n|-damage|p1a: Cpt. Planet|0 fnt\n|faint|p1a: Cpt. Planet\n|cant|p2b: Pelipper|par\n|\n|-weather|none\n|-sideend|p2: Spottedwoot|move: Tailwind\n|-fieldend|move: Electric Terrain\n|upkeep\n|\n|t:|1738713457\n|switch|p1a: Mister J|Grimmsnarl, L50, M|100\/100\n|turn|6\n|\n|t:|1738713467\n|move|p2a: Landorus|Earth Power|p1a: Mister J\n|-damage|p1a: Mister J|60\/100\n|move|p1b: Thunder Bringer|Earth Power|p2b: Pelipper\n|-damage|p2b: Pelipper|0 fnt\n|faint|p2b: Pelipper\n|move|p1a: Mister J|Spirit Break|p2a: Landorus\n|-damage|p2a: Landorus|64\/100\n|-unboost|p2a: Landorus|spa|1\n|\n|upkeep\n|\n|t:|1738713471\n|switch|p2b: Miraidon|Miraidon, L50|100\/100\n|-fieldstart|move: Electric Terrain|[from] ability: Hadron Engine|[of] p2b: Miraidon\n|turn|7\n|inactive|GucciSoup has 30 seconds left.\n|\n|t:|1738713499\n|move|p1b: Thunder Bringer|Protect|p1b: Thunder Bringer\n|-singleturn|p1b: Thunder Bringer|Protect\n|move|p2b: Miraidon|Dazzling Gleam|p1a: Mister J|[spread] p1a\n|-activate|p1b: Thunder Bringer|move: Protect\n|-supereffective|p1a: Mister J\n|-damage|p1a: Mister J|8\/100\n|move|p2a: Landorus|Sludge Bomb|p1a: Mister J\n|-supereffective|p1a: Mister J\n|-damage|p1a: Mister J|0 fnt\n|faint|p1a: Mister J\n|\n|upkeep\n|\n|t:|1738713507\n|switch|p1a: Metal Overlord|Miraidon, L50|100\/100\n|-activate|p1a: Metal Overlord|ability: Hadron Engine\n|-enditem|p1a: Metal Overlord|Electric Seed\n|-boost|p1a: Metal Overlord|def|1|[from] item: Electric Seed\n|turn|8\n|inactive|GucciSoup has 30 seconds left.\n|inactive|GucciSoup has 20 seconds left.\n|inactive|GucciSoup has 15 seconds left.\n|\n|t:|1738713548\n|-terastallize|p1a: Metal Overlord|Electric\n|move|p2b: Miraidon|Dazzling Gleam|p1a: Metal Overlord|[spread] p1a,p1b\n|-damage|p1a: Metal Overlord|78\/100\n|-damage|p1b: Thunder Bringer|0 fnt\n|faint|p1b: Thunder Bringer\n|move|p1a: Metal Overlord|Dragon Pulse|p2a: Landorus\n|-damage|p2a: Landorus|0 fnt\n|faint|p2a: Landorus\n|\n|-sideend|p1: GucciSoup|move: Light Screen\n|upkeep\n|turn|9\n|\n|t:|1738713558\n|move|p2b: Miraidon|Dazzling Gleam|p1a: Metal Overlord\n|-damage|p1a: Metal Overlord|31\/100\n|move|p1a: Metal Overlord|Dragon Pulse|p2b: Miraidon\n|-supereffective|p2b: Miraidon\n|-damage|p2b: Miraidon|4\/100\n|\n|upkeep\n|turn|10\n|\n|t:|1738713562\n|move|p1a: Metal Overlord|Protect|p1a: Metal Overlord\n|-singleturn|p1a: Metal Overlord|Protect\n|move|p2b: Miraidon|Dazzling Gleam|p1a: Metal Overlord\n|-activate|p1a: Metal Overlord|move: Protect\n|\n|upkeep\n|turn|11\n|\n|t:|1738713565\n|move|p2b: Miraidon|Dazzling Gleam|p1a: Metal Overlord\n|-damage|p1a: Metal Overlord|0 fnt\n|faint|p1a: Metal Overlord\n|\n|win|Spottedwoot\n|raw|GucciSoup's rating: 1594 &rarr; <strong>1570<\/strong><br \/>(-24 for losing)\n|raw|Spottedwoot's rating: 1516 &rarr; <strong>1540<\/strong><br \/>(+24 for winning)\n|l|\u2606GucciSoup\n|player|p1|\n","uploadtime":1738713568,"views":18,"formatid":"gen9vgc2025regg","rating":1540,"private":0,"password":null}