{"id":"gen9vgc2025regg-2294352820","format":"[Gen 9] VGC 2025 Reg G","players":["Bbjhots","i\u2764\u5a1c\u7984forever"],"log":"|j|\u2606Bbjhots\n|j|\u2606i\u2764\u5a1c\u7984forever\n|t:|1738692254\n|gametype|doubles\n|player|p1|Bbjhots|265|1574\n|player|p2|i\u2764\u5a1c\u7984forever|youngcouple|1621\n|teamsize|p1|6\n|teamsize|p2|6\n|gen|9\n|tier|[Gen 9] VGC 2025 Reg G\n|rated|\n|rule|Species Clause: Limit one of each Pok\u00e9mon\n|rule|Item Clause: Limit 1 of each item\n|clearpoke\n|poke|p1|Koraidon, L50|\n|poke|p1|Flutter Mane, L50|\n|poke|p1|Brute Bonnet, L50|\n|poke|p1|Indeedee-F, L50, F|\n|poke|p1|Gouging Fire, L50|\n|poke|p1|Walking Wake, L50|\n|poke|p2|Groudon, L50|\n|poke|p2|Farigiraf, L50, F|\n|poke|p2|Urshifu-*, L50, F|\n|poke|p2|Flutter Mane, L50|\n|poke|p2|Dragonite, L50, F|\n|poke|p2|Torkoal, L50, F|\n|teampreview|4\n|inactive|Battle timer is ON: inactive players will automatically lose when time's up. (requested by Bbjhots)\n|inactive|Bbjhots has 60 seconds left.\n|inactive|i\u2764\u5a1c\u7984forever has 60 seconds left.\n|inactive|i\u2764\u5a1c\u7984forever has 30 seconds left.\n|\n|t:|1738692321\n|start\n|switch|p1a: Brute Bonnet|Brute Bonnet, L50|100\/100\n|switch|p1b: Koraidon|Koraidon, L50|100\/100\n|switch|p2a: Farigiraf|Farigiraf, L50, F|100\/100\n|switch|p2b: Urshifu|Urshifu, L50, F|100\/100\n|-weather|SunnyDay|[from] ability: Orichalcum Pulse|[of] p1b: Koraidon\n|-activate|p1a: Brute Bonnet|ability: Protosynthesis\n|-start|p1a: Brute Bonnet|protosynthesisdef\n|-activate|p1b: Koraidon|Orichalcum Pulse|[source]\n|turn|1\n|\n|t:|1738692337\n|-terastallize|p1b: Koraidon|Fire\n|move|p2b: Urshifu|Close Combat|p1a: Brute Bonnet\n|-supereffective|p1a: Brute Bonnet\n|-damage|p1a: Brute Bonnet|33\/100\n|-unboost|p2b: Urshifu|def|1\n|-unboost|p2b: Urshifu|spd|1\n|-damage|p2b: Urshifu|84\/100|[from] item: Rocky Helmet|[of] p1a: Brute Bonnet\n|move|p1b: Koraidon|Flame Charge|p2b: Urshifu\n|-damage|p2b: Urshifu|0 fnt\n|-boost|p1b: Koraidon|spe|1\n|faint|p2b: Urshifu\n|move|p1a: Brute Bonnet|Spore|p2a: Farigiraf\n|-status|p2a: Farigiraf|slp|[from] move: Spore\n|cant|p2a: Farigiraf|slp\n|\n|-weather|SunnyDay|[upkeep]\n|upkeep\n|\n|t:|1738692356\n|switch|p2b: Groudon|Groudon, L50|100\/100\n|turn|2\n|\n|t:|1738692367\n|move|p1b: Koraidon|Protect|p1b: Koraidon\n|-singleturn|p1b: Koraidon|Protect\n|move|p2b: Groudon|Precipice Blades|p1b: Koraidon|[spread] p1a\n|-activate|p1b: Koraidon|move: Protect\n|-resisted|p1a: Brute Bonnet\n|-damage|p1a: Brute Bonnet|20\/100\n|move|p1a: Brute Bonnet|Spore|p2b: Groudon\n|-status|p2b: Groudon|slp|[from] move: Spore\n|cant|p2a: Farigiraf|slp\n|\n|-weather|SunnyDay|[upkeep]\n|upkeep\n|turn|3\n|\n|t:|1738692385\n|move|p1b: Koraidon|Flare Blitz|p2a: Farigiraf\n|-damage|p2a: Farigiraf|0 fnt\n|faint|p2a: Farigiraf\n|-damage|p1b: Koraidon|61\/100|[from] Recoil\n|cant|p2b: Groudon|slp\n|move|p1a: Brute Bonnet|Seed Bomb|p2b: Groudon\n|-supereffective|p2b: Groudon\n|-damage|p2b: Groudon|52\/100 slp\n|\n|-weather|SunnyDay|[upkeep]\n|upkeep\n|\n|t:|1738692392\n|switch|p2a: Torkoal|Torkoal, L50, F|100\/100\n|turn|4\n|\n|t:|1738692402\n|-terastallize|p2a: Torkoal|Grass\n|move|p1b: Koraidon|Flare Blitz|p2b: Groudon\n|-damage|p2b: Groudon|0 fnt\n|faint|p2b: Groudon\n|-damage|p1b: Koraidon|43\/100|[from] Recoil\n|move|p1a: Brute Bonnet|Spore|p2a: Torkoal\n|-immune|p2a: Torkoal\n|move|p2a: Torkoal|Earth Power|p1b: Koraidon\n|-supereffective|p1b: Koraidon\n|-crit|p1b: Koraidon\n|-damage|p1b: Koraidon|0 fnt\n|faint|p1b: Koraidon\n|-damage|p2a: Torkoal|91\/100|[from] item: Life Orb\n|\n|-weather|SunnyDay|[upkeep]\n|upkeep\n|\n|t:|1738692415\n|switch|p1b: Gouging Fire|Gouging Fire, L50|100\/100\n|-activate|p1b: Gouging Fire|ability: Protosynthesis\n|-start|p1b: Gouging Fire|protosynthesisspe\n|turn|5\n|-message|i\u2764\u5a1c\u7984forever forfeited.\n|\n|win|Bbjhots\n|raw|Bbjhots's rating: 1574 &rarr; <strong>1597<\/strong><br \/>(+23 for winning)\n|raw|i\u2764\u5a1c\u7984forever's rating: 1621 &rarr; <strong>1598<\/strong><br \/>(-23 for losing)\n|l|\u2606i\u2764\u5a1c\u7984forever\n|player|p2|\n|l|\u2606Bbjhots\n|player|p1|\n","uploadtime":1738692589,"views":9,"formatid":"gen9vgc2025regg","rating":1597,"private":0,"password":null}