{"id":"gen9vgc2025regg-2294994771","format":"[Gen 9] VGC 2025 Reg G","players":["TViewierVGC","tritan11"],"log":"|j|\u2606TViewierVGC\n|j|\u203dtritan11\n|t:|1738776263\n|gametype|doubles\n|player|p1|TViewierVGC|tuber|1660\n|player|p2|tritan11|170|1683\n|teamsize|p1|6\n|teamsize|p2|6\n|gen|9\n|tier|[Gen 9] VGC 2025 Reg G\n|rated|\n|rule|Species Clause: Limit one of each Pok\u00e9mon\n|rule|Item Clause: Limit 1 of each item\n|clearpoke\n|poke|p1|Calyrex-Shadow, L50|\n|poke|p1|Chi-Yu, L50|\n|poke|p1|Ogerpon-Wellspring, L50, F|\n|poke|p1|Amoonguss, L50, F|\n|poke|p1|Chien-Pao, L50|\n|poke|p1|Tornadus, L50, M|\n|poke|p2|Lunala, L50|\n|poke|p2|Indeedee-F, L50, F|\n|poke|p2|Incineroar, L50, M|\n|poke|p2|Urshifu-*, L50, F|\n|poke|p2|Roaring Moon, L50|\n|poke|p2|Ogerpon-Cornerstone, L50, F|\n|teampreview|4\n|inactive|Battle timer is ON: inactive players will automatically lose when time's up. (requested by tritan11)\n|inactive|TViewierVGC also wants the timer to be on.\n|inactive|TViewierVGC has 60 seconds left.\n|inactive|tritan11 has 60 seconds left.\n|\n|t:|1738776314\n|start\n|switch|p1a: Calyrex|Calyrex-Shadow, L50|100\/100\n|switch|p1b: Tornadus|Tornadus, L50, M|100\/100\n|switch|p2a: Urshifu|Urshifu-Rapid-Strike, L50, F|100\/100\n|switch|p2b: Roaring Moon|Roaring Moon, L50|100\/100\n|-ability|p1a: Calyrex|As One\n|-ability|p1a: Calyrex|Unnerve\n|-enditem|p2b: Roaring Moon|Booster Energy\n|-activate|p2b: Roaring Moon|ability: Protosynthesis|[fromitem]\n|-start|p2b: Roaring Moon|protosynthesisspe\n|turn|1\n|j| SupernovaSZ8\n|inactive|tritan11 has 30 seconds left.\n|inactive|tritan11 has 20 seconds left.\n|\n|t:|1738776353\n|-terastallize|p1a: Calyrex|Fighting\n|-terastallize|p2a: Urshifu|Stellar\n|move|p1b: Tornadus|Tailwind|p1b: Tornadus\n|-sidestart|p1: TViewierVGC|move: Tailwind\n|move|p1a: Calyrex|Tera Blast|p2b: Roaring Moon|[anim] Tera Blast Fighting\n|-supereffective|p2b: Roaring Moon\n|-crit|p2b: Roaring Moon\n|-damage|p2b: Roaring Moon|0 fnt\n|faint|p2b: Roaring Moon\n|-end|p2b: Roaring Moon|Protosynthesis|[silent]\n|-ability|p1a: Calyrex|Grim Neigh|boost\n|-boost|p1a: Calyrex|spa|1\n|-damage|p1a: Calyrex|91\/100|[from] item: Life Orb\n|move|p2a: Urshifu|Surging Strikes|p1a: Calyrex\n|-crit|p1a: Calyrex\n|-damage|p1a: Calyrex|53\/100\n|-crit|p1a: Calyrex\n|-damage|p1a: Calyrex|15\/100\n|-crit|p1a: Calyrex\n|-damage|p1a: Calyrex|0 fnt\n|faint|p1a: Calyrex\n|-hitcount|p1: Calyrex|3\n|\n|upkeep\n|\n|t:|1738776372\n|switch|p1a: Chien-Pao|Chien-Pao, L50|100\/100\n|switch|p2b: Incineroar|Incineroar, L50, M|100\/100\n|-ability|p1a: Chien-Pao|Sword of Ruin\n|-ability|p2b: Incineroar|Intimidate|boost\n|-unboost|p1a: Chien-Pao|atk|1\n|-unboost|p1b: Tornadus|atk|1\n|turn|2\n|j| Darkthanos\n|inactive|tritan11 has 30 seconds left.\n|inactive|tritan11 has 20 seconds left.\n|\n|t:|1738776409\n|switch|p1a: Amoonguss|Amoonguss, L50, F, shiny|100\/100\n|move|p2b: Incineroar|Fake Out|p1a: Amoonguss\n|-crit|p1a: Amoonguss\n|-damage|p1a: Amoonguss|81\/100\n|move|p1b: Tornadus|Bleakwind Storm|p2a: Urshifu|[spread] p2a,p2b\n|-supereffective|p2a: Urshifu\n|-enditem|p2a: Urshifu|Focus Sash\n|-damage|p2a: Urshifu|1\/100\n|-damage|p2b: Incineroar|78\/100\n|move|p2a: Urshifu|Surging Strikes|p1a: Amoonguss\n|-resisted|p1a: Amoonguss\n|-crit|p1a: Amoonguss\n|-damage|p1a: Amoonguss|73\/100\n|-resisted|p1a: Amoonguss\n|-crit|p1a: Amoonguss\n|-damage|p1a: Amoonguss|64\/100\n|-resisted|p1a: Amoonguss\n|-crit|p1a: Amoonguss\n|-damage|p1a: Amoonguss|54\/100\n|-hitcount|p1a: Amoonguss|3\n|\n|upkeep\n|turn|3\n|l| SupernovaSZ8\n|inactive|TViewierVGC has 30 seconds left.\n|inactive|TViewierVGC has 20 seconds left.\n|inactive|TViewierVGC has 15 seconds left.\n|inactive|TViewierVGC has 10 seconds left.\n|\n|t:|1738776456\n|switch|p2a: Lunala|Lunala, L50|100\/100\n|move|p1b: Tornadus|Bleakwind Storm|p2a: Lunala|[spread] p2a,p2b\n|-damage|p2a: Lunala|88\/100\n|-damage|p2b: Incineroar|56\/100\n|-unboost|p2a: Lunala|spe|1\n|move|p1a: Amoonguss|Pollen Puff|p2b: Incineroar\n|-damage|p2b: Incineroar|45\/100\n|move|p2b: Incineroar|Flare Blitz|p1a: Amoonguss\n|-supereffective|p1a: Amoonguss\n|-damage|p1a: Amoonguss|0 fnt\n|faint|p1a: Amoonguss\n|-damage|p2b: Incineroar|25\/100|[from] Recoil\n|\n|upkeep\n|\n|t:|1738776466\n|switch|p1a: Chien-Pao|Chien-Pao, L50|100\/100\n|-ability|p1a: Chien-Pao|Sword of Ruin\n|turn|4\n|\n|t:|1738776480\n|switch|p2b: Urshifu|Urshifu-Rapid-Strike, L50, F, tera:Stellar|1\/100\n|move|p2a: Lunala|Protect|p2a: Lunala\n|-singleturn|p2a: Lunala|Protect\n|move|p1b: Tornadus|Taunt|p2a: Lunala\n|-activate|p2a: Lunala|move: Protect\n|move|p1a: Chien-Pao|Sacred Sword|p2b: Urshifu\n|-damage|p2b: Urshifu|0 fnt\n|faint|p2b: Urshifu\n|\n|-sideend|p1: TViewierVGC|move: Tailwind\n|upkeep\n|\n|t:|1738776489\n|switch|p2b: Incineroar|Incineroar, L50, M|25\/100\n|-ability|p2b: Incineroar|Intimidate|boost\n|-unboost|p1a: Chien-Pao|atk|1\n|-unboost|p1b: Tornadus|atk|1\n|turn|5\n|\n|t:|1738776502\n|move|p1a: Chien-Pao|Protect|p1a: Chien-Pao\n|-singleturn|p1a: Chien-Pao|Protect\n|move|p2b: Incineroar|Fake Out|p1a: Chien-Pao\n|-activate|p1a: Chien-Pao|move: Protect\n|move|p1b: Tornadus|Taunt|p2a: Lunala\n|-start|p2a: Lunala|move: Taunt\n|move|p2a: Lunala|Meteor Beam||[still]\n|-prepare|p2a: Lunala|Meteor Beam\n|-boost|p2a: Lunala|spa|1\n|-enditem|p2a: Lunala|Power Herb\n|-anim|p2a: Lunala|Meteor Beam|p1b: Tornadus\n|-supereffective|p1b: Tornadus\n|-damage|p1b: Tornadus|0 fnt\n|faint|p1b: Tornadus\n|\n|upkeep\n|turn|6\n|\n|t:|1738776520\n|move|p1a: Chien-Pao|Sucker Punch|p2a: Lunala\n|-supereffective|p2a: Lunala\n|-damage|p2a: Lunala|0 fnt\n|faint|p2a: Lunala\n|move|p2b: Incineroar|Flare Blitz|p1a: Chien-Pao\n|-supereffective|p1a: Chien-Pao\n|-enditem|p1a: Chien-Pao|Focus Sash\n|-damage|p1a: Chien-Pao|1\/100\n|-status|p1a: Chien-Pao|brn\n|-damage|p2b: Incineroar|0 fnt|[from] Recoil\n|faint|p2b: Incineroar\n|\n|win|TViewierVGC\n|raw|TViewierVGC's rating: 1660 &rarr; <strong>1681<\/strong><br \/>(+21 for winning)\n|raw|tritan11's rating: 1683 &rarr; <strong>1662<\/strong><br \/>(-21 for losing)\n|c| Darkthanos|kkkkk\n|l|\u203dtritan11\n|player|p2|\n|l|\u2606TViewierVGC\n|player|p1|\n","uploadtime":1738776538,"views":42,"formatid":"gen9vgc2025regg","rating":1662,"private":0,"password":null}