{"id":"gen9vgc2025regg-2294485124","format":"[Gen 9] VGC 2025 Reg G","players":["Marco Con Fissure","Av8nt"],"log":"|j|\u2606Marco Con Fissure\n|j|\u2606Av8nt\n|t:|1738705324\n|gametype|doubles\n|player|p1|Marco Con Fissure|hiker-gen4|1636\n|player|p2|Av8nt|linebacker|1626\n|teamsize|p1|6\n|teamsize|p2|6\n|gen|9\n|tier|[Gen 9] VGC 2025 Reg G\n|rated|\n|rule|Species Clause: Limit one of each Pok\u00e9mon\n|rule|Item Clause: Limit 1 of each item\n|clearpoke\n|poke|p1|Calyrex-Ice, L50|\n|poke|p1|Urshifu-*, L50, F|\n|poke|p1|Raging Bolt, L50|\n|poke|p1|Roaring Moon, L50|\n|poke|p1|Amoonguss, L50, F|\n|poke|p1|Ogerpon-Hearthflame, L50, F|\n|poke|p2|Terapagos, L50, M|\n|poke|p2|Incineroar, L50, M|\n|poke|p2|Grimmsnarl, L50, M|\n|poke|p2|Raging Bolt, L50|\n|poke|p2|Amoonguss, L50, M|\n|poke|p2|Flutter Mane, L50|\n|teampreview|4\n|c|\u2606Av8nt|glhf\n|\n|t:|1738705379\n|start\n|switch|p1a: Urshifu|Urshifu-Rapid-Strike, L50, F|100\/100\n|switch|p1b: Calyrex|Calyrex-Ice, L50|100\/100\n|switch|p2a: Grimmsnarl|Grimmsnarl, L50, M, shiny|100\/100\n|switch|p2b: Incineroar|Incineroar, L50, M|100\/100\n|-ability|p1b: Calyrex|As One\n|-ability|p1b: Calyrex|Unnerve\n|-ability|p2b: Incineroar|Intimidate|boost\n|-unboost|p1a: Urshifu|atk|1\n|-fail|p1b: Calyrex|unboost|[from] item: Clear Amulet|[of] p1b: Calyrex\n|turn|1\n|\n|t:|1738705411\n|switch|p1b: Amoonguss|Amoonguss, L50, F|100\/100\n|move|p1a: Urshifu|Taunt|p2b: Incineroar\n|-start|p2b: Incineroar|move: Taunt\n|move|p2b: Incineroar|Flare Blitz|p1b: Amoonguss\n|-supereffective|p1b: Amoonguss\n|-crit|p1b: Amoonguss\n|-damage|p1b: Amoonguss|0 fnt\n|-damage|p2b: Incineroar|84\/100|[from] item: Rocky Helmet|[of] p1b: Amoonguss\n|faint|p1b: Amoonguss\n|-damage|p2b: Incineroar|46\/100|[from] Recoil\n|-enditem|p2b: Incineroar|Sitrus Berry|[eat]\n|-heal|p2b: Incineroar|71\/100|[from] item: Sitrus Berry\n|move|p2a: Grimmsnarl|Spirit Break|p1a: Urshifu\n|-supereffective|p1a: Urshifu\n|-damage|p1a: Urshifu|47\/100\n|-unboost|p1a: Urshifu|spa|1\n|\n|upkeep\n|\n|t:|1738705422\n|switch|p1b: Calyrex|Calyrex-Ice, L50|100\/100\n|-ability|p1b: Calyrex|As One\n|-ability|p1b: Calyrex|Unnerve\n|turn|2\n|\n|t:|1738705437\n|-terastallize|p1a: Urshifu|Water\n|move|p1a: Urshifu|Surging Strikes|p2a: Grimmsnarl\n|-crit|p2a: Grimmsnarl\n|-damage|p2a: Grimmsnarl|67\/100\n|-crit|p2a: Grimmsnarl\n|-damage|p2a: Grimmsnarl|33\/100\n|-crit|p2a: Grimmsnarl\n|-damage|p2a: Grimmsnarl|3\/100\n|-hitcount|p2a: Grimmsnarl|3\n|move|p2b: Incineroar|Flare Blitz|p1b: Calyrex\n|-supereffective|p1b: Calyrex\n|-damage|p1b: Calyrex|39\/100\n|-damage|p2b: Incineroar|49\/100|[from] Recoil\n|move|p2a: Grimmsnarl|Spirit Break|p1a: Urshifu\n|-damage|p1a: Urshifu|21\/100\n|-unboost|p1a: Urshifu|spa|1\n|move|p1b: Calyrex|Glacial Lance|p2a: Grimmsnarl|[spread] p2a,p2b\n|-resisted|p2b: Incineroar\n|-damage|p2a: Grimmsnarl|0 fnt\n|-damage|p2b: Incineroar|23\/100\n|faint|p2a: Grimmsnarl\n|-ability|p1b: Calyrex|Chilling Neigh|boost\n|-boost|p1b: Calyrex|atk|1\n|\n|upkeep\n|\n|t:|1738705443\n|switch|p2a: Flutter Mane|Flutter Mane, L50, shiny|100\/100\n|-enditem|p2a: Flutter Mane|Booster Energy\n|-activate|p2a: Flutter Mane|ability: Protosynthesis|[fromitem]\n|-start|p2a: Flutter Mane|protosynthesisspe\n|turn|3\n|\n|t:|1738705455\n|switch|p1b: Ogerpon|Ogerpon-Hearthflame, L50, F|100\/100\n|-ability|p1b: Ogerpon|Mold Breaker\n|-terastallize|p2b: Incineroar|Ghost\n|move|p1a: Urshifu|Detect|p1a: Urshifu\n|-singleturn|p1a: Urshifu|Protect\n|move|p2a: Flutter Mane|Dazzling Gleam|p1a: Urshifu|[spread] p1b\n|-activate|p1a: Urshifu|move: Protect\n|-resisted|p1b: Ogerpon\n|-damage|p1b: Ogerpon|88\/100\n|move|p2b: Incineroar|Knock Off|p1b: Ogerpon\n|-damage|p1b: Ogerpon|64\/100\n|\n|-end|p2b: Incineroar|move: Taunt\n|upkeep\n|turn|4\n|\n|t:|1738705477\n|switch|p1a: Calyrex|Calyrex-Ice, L50|39\/100\n|-ability|p1a: Calyrex|As One\n|-ability|p1a: Calyrex|Unnerve\n|move|p2a: Flutter Mane|Dazzling Gleam|p1a: Calyrex|[spread] p1a,p1b\n|-resisted|p1b: Ogerpon\n|-damage|p1a: Calyrex|21\/100\n|-damage|p1b: Ogerpon|51\/100\n|move|p1b: Ogerpon|Horn Leech|p2b: Incineroar\n|-damage|p2b: Incineroar|0 fnt\n|-heal|p1b: Ogerpon|63\/100|[from] drain|[of] p2b: Incineroar\n|faint|p2b: Incineroar\n|\n|upkeep\n|\n|t:|1738705479\n|switch|p2b: Terapagos|Terapagos, L50, M|100\/100\n|-activate|p2b: Terapagos|ability: Tera Shift\n|detailschange|p2b: Terapagos|Terapagos-Terastal, L50, M\n|-heal|p2b: Terapagos|100\/100|[silent]\n|turn|5\n|\n|t:|1738705505\n|move|p2a: Flutter Mane|Moonblast|p1a: Calyrex\n|-damage|p1a: Calyrex|0 fnt\n|faint|p1a: Calyrex\n|move|p1b: Ogerpon|Horn Leech|p2a: Flutter Mane\n|-damage|p2a: Flutter Mane|38\/100\n|-heal|p1b: Ogerpon|88\/100|[from] drain|[of] p2a: Flutter Mane\n|move|p2b: Terapagos|Tera Starstorm|p1b: Ogerpon\n|-damage|p1b: Ogerpon|33\/100\n|\n|upkeep\n|\n|t:|1738705512\n|switch|p1a: Urshifu|Urshifu-Rapid-Strike, L50, F, tera:Water|21\/100\n|turn|6\n|\n|t:|1738705530\n|move|p2a: Flutter Mane|Protect|p2a: Flutter Mane\n|-singleturn|p2a: Flutter Mane|Protect\n|move|p1a: Urshifu|Detect|p1a: Urshifu\n|-singleturn|p1a: Urshifu|Protect\n|move|p1b: Ogerpon|Horn Leech|p2a: Flutter Mane\n|-activate|p2a: Flutter Mane|move: Protect\n|move|p2b: Terapagos|Tera Starstorm|p1b: Ogerpon\n|-damage|p1b: Ogerpon|0 fnt\n|faint|p1b: Ogerpon\n|\n|upkeep\n|turn|7\n|j| Funn yIy\n|-message|Marco Con Fissure forfeited.\n|\n|win|Av8nt\n|raw|Marco Con Fissure's rating: 1636 &rarr; <strong>1615<\/strong><br \/>(-21 for losing)\n|raw|Av8nt's rating: 1626 &rarr; <strong>1647<\/strong><br \/>(+21 for winning)\n|l|\u2606Marco Con Fissure\n|player|p1|\n|l|\u2606Av8nt\n|player|p2|\n|l| Funn yIy\n","uploadtime":1738705719,"views":5,"formatid":"gen9vgc2025regg","rating":1615,"private":0,"password":null}