{"id":"gen9vgc2025regg-2294861612","format":"[Gen 9] VGC 2025 Reg G","players":["Lacossg","MarceloCe13"],"log":"|j|\u2606Lacossg\n|j|\u2606MarceloCe13\n|t:|1738762327\n|gametype|doubles\n|player|p1|Lacossg|2|1555\n|player|p2|MarceloCe13|1|1528\n|teamsize|p1|6\n|teamsize|p2|6\n|gen|9\n|tier|[Gen 9] VGC 2025 Reg G\n|rated|\n|rule|Species Clause: Limit one of each Pok\u00e9mon\n|rule|Item Clause: Limit 1 of each item\n|clearpoke\n|poke|p1|Ditto, L50|\n|poke|p1|Lunala, L50|\n|poke|p1|Indeedee-F, L50, F|\n|poke|p1|Roaring Moon, L50|\n|poke|p1|Urshifu-*, L50, M|\n|poke|p1|Ursaluna, L50, F|\n|poke|p2|Brute Bonnet, L50|\n|poke|p2|Koraidon, L50|\n|poke|p2|Grimmsnarl, L50, M|\n|poke|p2|Tornadus, L50, M|\n|poke|p2|Raging Bolt, L50|\n|poke|p2|Flutter Mane, L50|\n|teampreview|4\n|\n|t:|1738762398\n|start\n|switch|p1a: Urshifu|Urshifu-Rapid-Strike, L50, M|100\/100\n|switch|p1b: Indeedee|Indeedee-F, L50, F|100\/100\n|switch|p2a: Koraidon|Koraidon, L50|100\/100\n|switch|p2b: Raging Bolt|Raging Bolt, L50|100\/100\n|-weather|SunnyDay|[from] ability: Orichalcum Pulse|[of] p2a: Koraidon\n|-activate|p2b: Raging Bolt|ability: Protosynthesis\n|-start|p2b: Raging Bolt|protosynthesisspa\n|-activate|p2a: Koraidon|Orichalcum Pulse|[source]\n|-fieldstart|move: Psychic Terrain|[from] ability: Psychic Surge|[of] p1b: Indeedee\n|turn|1\n|inactive|Battle timer is ON: inactive players will automatically lose when time's up. (requested by MarceloCe13)\n|\n|t:|1738762433\n|move|p1b: Indeedee|Helping Hand|p1a: Urshifu\n|-singleturn|p1a: Urshifu|Helping Hand|[of] p1b: Indeedee\n|move|p2a: Koraidon|Collision Course|p1b: Indeedee\n|-damage|p1b: Indeedee|33\/100\n|-damage|p2a: Koraidon|84\/100|[from] item: Rocky Helmet|[of] p1b: Indeedee\n|move|p1a: Urshifu|Close Combat|p2b: Raging Bolt\n|-damage|p2b: Raging Bolt|17\/100\n|-unboost|p1a: Urshifu|def|1\n|-unboost|p1a: Urshifu|spd|1\n|-damage|p1a: Urshifu|91\/100|[from] item: Life Orb\n|move|p2b: Raging Bolt|Thunderbolt|p1a: Urshifu\n|-supereffective|p1a: Urshifu\n|-crit|p1a: Urshifu\n|-damage|p1a: Urshifu|0 fnt\n|faint|p1a: Urshifu\n|\n|-weather|SunnyDay|[upkeep]\n|upkeep\n|inactive|Lacossg has 30 seconds left.\n|\n|t:|1738762460\n|switch|p1a: Roaring Moon|Roaring Moon, L50|100\/100\n|-activate|p1a: Roaring Moon|ability: Protosynthesis\n|-start|p1a: Roaring Moon|protosynthesisspe\n|turn|2\n|inactive|MarceloCe13 has 30 seconds left.\n|\n|t:|1738762491\n|-end|p2b: Raging Bolt|Protosynthesis|[silent]\n|switch|p2b: Grimmsnarl|Grimmsnarl, L50, M|100\/100\n|-terastallize|p1a: Roaring Moon|Ghost\n|move|p2a: Koraidon|Protect|p2a: Koraidon\n|-singleturn|p2a: Koraidon|Protect\n|move|p1a: Roaring Moon|Knock Off|p2b: Grimmsnarl\n|-resisted|p2b: Grimmsnarl\n|-damage|p2b: Grimmsnarl|86\/100\n|-enditem|p2b: Grimmsnarl|Light Clay|[from] move: Knock Off|[of] p1a: Roaring Moon\n|move|p1b: Indeedee|Trick Room|p1b: Indeedee\n|-fieldstart|move: Trick Room|[of] p1b: Indeedee\n|\n|-weather|SunnyDay|[upkeep]\n|upkeep\n|turn|3\n|j| GexkaXXV\n|inactive|MarceloCe13 has 30 seconds left.\n|\n|t:|1738762528\n|switch|p1b: Lunala|Lunala, L50|100\/100\n|move|p2b: Grimmsnarl|Reflect|p2b: Grimmsnarl\n|-sidestart|p2: MarceloCe13|Reflect\n|move|p2a: Koraidon|Flare Blitz|p1a: Roaring Moon\n|-damage|p1a: Roaring Moon|8\/100\n|-damage|p2a: Koraidon|50\/100|[from] Recoil\n|move|p1a: Roaring Moon|Taunt|p2b: Grimmsnarl\n|-start|p2b: Grimmsnarl|move: Taunt\n|\n|-weather|SunnyDay|[upkeep]\n|upkeep\n|turn|4\n|inactive|Lacossg has 30 seconds left.\n|inactive|MarceloCe13 has 30 seconds left.\n|\n|t:|1738762562\n|-end|p1a: Roaring Moon|Protosynthesis|[silent]\n|switch|p1a: Indeedee|Indeedee-F, L50, F|33\/100\n|move|p2b: Grimmsnarl|Spirit Break|p1b: Lunala\n|-damage|p1b: Lunala|88\/100\n|-unboost|p1b: Lunala|spa|1\n|move|p1b: Lunala|Meteor Beam||[still]\n|-prepare|p1b: Lunala|Meteor Beam\n|-boost|p1b: Lunala|spa|1\n|-enditem|p1b: Lunala|Power Herb\n|-anim|p1b: Lunala|Meteor Beam|p2b: Grimmsnarl|[miss]\n|-miss|p1b: Lunala|p2b: Grimmsnarl\n|move|p2a: Koraidon|Flare Blitz|p1b: Lunala\n|-damage|p1b: Lunala|18\/100\n|-damage|p2a: Koraidon|22\/100|[from] Recoil\n|\n|-weather|SunnyDay|[upkeep]\n|upkeep\n|turn|5\n|inactive|Lacossg has 30 seconds left.\n|inactive|MarceloCe13 has 30 seconds left.\n|\n|t:|1738762591\n|switch|p2a: Brute Bonnet|Brute Bonnet, L50|100\/100\n|-activate|p2a: Brute Bonnet|ability: Protosynthesis\n|-start|p2a: Brute Bonnet|protosynthesisspd\n|move|p1a: Indeedee|Follow Me|p1a: Indeedee\n|-singleturn|p1a: Indeedee|move: Follow Me\n|move|p2b: Grimmsnarl|Spirit Break|p1a: Indeedee\n|-damage|p1a: Indeedee|3\/100\n|-unboost|p1a: Indeedee|spa|1\n|-damage|p2b: Grimmsnarl|69\/100|[from] item: Rocky Helmet|[of] p1a: Indeedee\n|move|p1b: Lunala|Moongeist Beam|p2b: Grimmsnarl\n|-resisted|p2b: Grimmsnarl\n|-damage|p2b: Grimmsnarl|45\/100\n|\n|-weather|none\n|-end|p2a: Brute Bonnet|Protosynthesis\n|-fieldend|move: Psychic Terrain\n|upkeep\n|turn|6\n|\n|t:|1738762613\n|move|p1a: Indeedee|Follow Me|p1a: Indeedee\n|-singleturn|p1a: Indeedee|move: Follow Me\n|move|p2b: Grimmsnarl|Spirit Break|p1a: Indeedee\n|-damage|p1a: Indeedee|0 fnt\n|-damage|p2b: Grimmsnarl|28\/100|[from] item: Rocky Helmet|[of] p1a: Indeedee\n|faint|p1a: Indeedee\n|move|p1b: Lunala|Moongeist Beam|p2b: Grimmsnarl\n|-resisted|p2b: Grimmsnarl\n|-damage|p2b: Grimmsnarl|6\/100\n|move|p2a: Brute Bonnet|Dark Pulse|p1b: Lunala\n|-supereffective|p1b: Lunala\n|-damage|p1b: Lunala|0 fnt\n|faint|p1b: Lunala\n|\n|-end|p2b: Grimmsnarl|move: Taunt\n|-fieldend|move: Trick Room\n|upkeep\n|\n|t:|1738762618\n|switch|p1b: Roaring Moon|Roaring Moon, L50, tera:Ghost|8\/100\n|-enditem|p1b: Roaring Moon|Booster Energy\n|-activate|p1b: Roaring Moon|ability: Protosynthesis|[fromitem]\n|-start|p1b: Roaring Moon|protosynthesisspe\n|turn|7\n|-message|Lacossg forfeited.\n|\n|win|MarceloCe13\n|raw|Lacossg's rating: 1555 &rarr; <strong>1533<\/strong><br \/>(-22 for losing)\n|raw|MarceloCe13's rating: 1528 &rarr; <strong>1550<\/strong><br \/>(+22 for winning)\n|l|\u2606Lacossg\n|player|p1|\n|l|\u2606MarceloCe13\n|player|p2|\n|l| GexkaXXV\n","uploadtime":1738762805,"views":10,"formatid":"gen9vgc2025regg","rating":1533,"private":0,"password":null}