{"id":"gen9vgc2025regg-2294631996","format":"[Gen 9] VGC 2025 Reg G","players":["Jasondddd","AnyaForger20"],"log":"|j|\u2606Jasondddd\n|j|\u2606AnyaForger20\n|t:|1738723544\n|gametype|doubles\n|player|p1|Jasondddd|lucas|1528\n|player|p2|AnyaForger20|caitlin|1606\n|teamsize|p1|6\n|teamsize|p2|6\n|gen|9\n|tier|[Gen 9] VGC 2025 Reg G\n|rated|\n|rule|Species Clause: Limit one of each Pok\u00e9mon\n|rule|Item Clause: Limit 1 of each item\n|clearpoke\n|poke|p1|Zamazenta-*, L50|\n|poke|p1|Urshifu-*, L50, M|\n|poke|p1|Amoonguss, L50, F|\n|poke|p1|Landorus, L50, M|\n|poke|p1|Flutter Mane, L50|\n|poke|p1|Moltres, L50|\n|poke|p2|Ogerpon-Wellspring, L50, F|\n|poke|p2|Calyrex-Ice, L50|\n|poke|p2|Annihilape, L50, M|\n|poke|p2|Smeargle, L50, M|\n|poke|p2|Urshifu-*, L50, M|\n|poke|p2|Ursaluna-Bloodmoon, L50, M|\n|teampreview|4\n|\n|t:|1738723579\n|start\n|switch|p1a: Flutter Mane|Flutter Mane, L50|100\/100\n|switch|p1b: Moltres|Moltres, L50|100\/100\n|switch|p2a: Calyrex|Calyrex-Ice, L50|100\/100\n|switch|p2b: Annihilape|Annihilape, L50, M|100\/100\n|-ability|p2a: Calyrex|As One\n|-ability|p2a: Calyrex|Unnerve\n|-enditem|p1a: Flutter Mane|Booster Energy\n|-activate|p1a: Flutter Mane|ability: Protosynthesis|[fromitem]\n|-start|p1a: Flutter Mane|protosynthesisspe\n|turn|1\n|\n|t:|1738723624\n|move|p1a: Flutter Mane|Shadow Ball|p2a: Calyrex\n|-supereffective|p2a: Calyrex\n|-damage|p2a: Calyrex|47\/100\n|-enditem|p2a: Calyrex|Sitrus Berry|[eat]\n|-heal|p2a: Calyrex|72\/100|[from] item: Sitrus Berry\n|move|p2b: Annihilape|Rage Fist|p1a: Flutter Mane\n|-supereffective|p1a: Flutter Mane\n|-crit|p1a: Flutter Mane\n|-damage|p1a: Flutter Mane|0 fnt\n|faint|p1a: Flutter Mane\n|-end|p1a: Flutter Mane|Protosynthesis|[silent]\n|move|p1b: Moltres|Heat Wave|p2b: Annihilape|[spread] p2a,p2b\n|-supereffective|p2a: Calyrex\n|-damage|p2a: Calyrex|22\/100\n|-damage|p2b: Annihilape|66\/100\n|move|p2a: Calyrex|Trick Room|p2a: Calyrex\n|-fieldstart|move: Trick Room|[of] p2a: Calyrex\n|\n|upkeep\n|\n|t:|1738723640\n|switch|p1a: Amoonguss|Amoonguss, L50, F|100\/100\n|turn|2\n|\n|t:|1738723676\n|-terastallize|p1a: Amoonguss|Water\n|move|p2a: Calyrex|Protect|p2a: Calyrex\n|-singleturn|p2a: Calyrex|Protect\n|move|p1a: Amoonguss|Spore|p2b: Annihilape\n|-status|p2b: Annihilape|slp|[from] move: Spore\n|move|p1b: Moltres|Heat Wave|p2b: Annihilape|[spread] p2b\n|-activate|p2a: Calyrex|move: Protect\n|-damage|p2b: Annihilape|33\/100 slp\n|cant|p2b: Annihilape|slp\n|\n|upkeep\n|turn|3\n|\n|t:|1738723697\n|switch|p2a: Ogerpon|Ogerpon-Wellspring, L50, F|100\/100\n|move|p1a: Amoonguss|Spore|p2a: Ogerpon\n|-immune|p2a: Ogerpon\n|move|p1b: Moltres|Heat Wave|p2a: Ogerpon|[spread] p2a,p2b\n|-damage|p2a: Ogerpon|68\/100\n|-damage|p2b: Annihilape|0 fnt\n|faint|p2b: Annihilape\n|\n|upkeep\n|\n|t:|1738723719\n|switch|p2b: Calyrex|Calyrex-Ice, L50|22\/100\n|-ability|p2b: Calyrex|As One\n|-ability|p2b: Calyrex|Unnerve\n|turn|4\n|\n|t:|1738723734\n|switch|p1b: Zamazenta|Zamazenta-Crowned, L50|100\/100\n|-ability|p1b: Zamazenta|Dauntless Shield|boost\n|-boost|p1b: Zamazenta|def|1\n|-terastallize|p2a: Ogerpon|Water\n|detailschange|p2a: Ogerpon|Ogerpon-Wellspring-Tera, L50, F, tera:Water\n|-ability|p2a: Ogerpon|Embody Aspect (Wellspring)|boost\n|-boost|p2a: Ogerpon|spd|1\n|move|p2b: Calyrex|Protect|p2b: Calyrex\n|-singleturn|p2b: Calyrex|Protect\n|move|p1a: Amoonguss|Sludge Bomb|p2a: Ogerpon\n|-damage|p2a: Ogerpon|52\/100\n|move|p2a: Ogerpon|Taunt|p1a: Amoonguss\n|-start|p1a: Amoonguss|move: Taunt\n|\n|upkeep\n|turn|5\n|\n|t:|1738723768\n|move|p1a: Amoonguss|Sludge Bomb|p2b: Calyrex\n|-damage|p2b: Calyrex|3\/100\n|move|p2b: Calyrex|High Horsepower|p1b: Zamazenta\n|-supereffective|p1b: Zamazenta\n|-damage|p1b: Zamazenta|65\/100\n|move|p2a: Ogerpon|Ivy Cudgel|p1b: Zamazenta|[anim] Ivy Cudgel Water\n|-damage|p1b: Zamazenta|36\/100\n|move|p1b: Zamazenta|Body Press|p2a: Ogerpon\n|-damage|p2a: Ogerpon|0 fnt\n|faint|p2a: Ogerpon\n|\n|-fieldend|move: Trick Room\n|upkeep\n|\n|t:|1738723782\n|switch|p2a: Ursaluna|Ursaluna-Bloodmoon, L50, M|100\/100\n|turn|6\n|\n|t:|1738723796\n|move|p1b: Zamazenta|Protect|p1b: Zamazenta\n|-singleturn|p1b: Zamazenta|Protect\n|move|p2a: Ursaluna|Vacuum Wave|p1b: Zamazenta\n|-activate|p1b: Zamazenta|move: Protect\n|move|p2b: Calyrex|Glacial Lance|p1b: Zamazenta|[spread] p1a\n|-activate|p1b: Zamazenta|move: Protect\n|-resisted|p1a: Amoonguss\n|-damage|p1a: Amoonguss|79\/100\n|move|p1a: Amoonguss|Sludge Bomb|p2b: Calyrex\n|-damage|p2b: Calyrex|0 fnt\n|faint|p2b: Calyrex\n|\n|upkeep\n|turn|7\n|-message|AnyaForger20 forfeited.\n|\n|win|Jasondddd\n|raw|Jasondddd's rating: 1528 &rarr; <strong>1552<\/strong><br \/>(+24 for winning)\n|raw|AnyaForger20's rating: 1606 &rarr; <strong>1582<\/strong><br \/>(-24 for losing)\n|l|\u2606Jasondddd\n|player|p1|\n","uploadtime":1738723999,"views":15,"formatid":"gen9vgc2025regg","rating":1552,"private":0,"password":null}