{"id":"gen9vgc2025regg-2294753360","format":"[Gen 9] VGC 2025 Reg G","players":["GeorgeBraun","zodipodi"],"log":"|j|\u2606GeorgeBraun\n|j|\u2606zodipodi\n|t:|1738744591\n|gametype|doubles\n|player|p1|GeorgeBraun|gentleman-gen4|1565\n|player|p2|zodipodi|169|1567\n|teamsize|p1|6\n|teamsize|p2|6\n|gen|9\n|tier|[Gen 9] VGC 2025 Reg G\n|rated|\n|rule|Species Clause: Limit one of each Pok\u00e9mon\n|rule|Item Clause: Limit 1 of each item\n|clearpoke\n|poke|p1|Kyogre, L50|\n|poke|p1|Smeargle, L50, M|\n|poke|p1|Hitmontop, L50, M|\n|poke|p1|Entei, L50|\n|poke|p1|Whimsicott, L50, M|\n|poke|p1|Urshifu-*, L50, M|\n|poke|p2|Terapagos, L50, M|\n|poke|p2|Grimmsnarl, L50, M|\n|poke|p2|Amoonguss, L50, F|\n|poke|p2|Ogerpon-Hearthflame, L50, F|\n|poke|p2|Urshifu-*, L50, F|\n|poke|p2|Raging Bolt, L50|\n|teampreview|4\n|inactive|Battle timer is ON: inactive players will automatically lose when time's up. (requested by GeorgeBraun)\nzodipodi rejected open team sheets.\n|\n|t:|1738744620\n|start\n|switch|p1a: Urshifu|Urshifu, L50, M|100\/100\n|switch|p1b: Smeargle|Smeargle, L50, M|100\/100\n|switch|p2a: Urshifu|Urshifu-Rapid-Strike, L50, F|100\/100\n|switch|p2b: Raging Bolt|Raging Bolt, L50|100\/100\n|turn|1\n|\n|t:|1738744634\n|move|p1b: Smeargle|Fake Out|p2a: Urshifu\n|-damage|p2a: Urshifu|95\/100\n|cant|p2a: Urshifu|flinch\n|move|p1a: Urshifu|Close Combat|p2b: Raging Bolt\n|-damage|p2b: Raging Bolt|10\/100\n|-unboost|p1a: Urshifu|def|1\n|-unboost|p1a: Urshifu|spd|1\n|move|p2b: Raging Bolt|Electroweb|p1a: Urshifu|[spread] p1a,p1b\n|-crit|p1a: Urshifu\n|-damage|p1a: Urshifu|20\/100\n|-damage|p1b: Smeargle|58\/100\n|-unboost|p1a: Urshifu|spe|1\n|-unboost|p1b: Smeargle|spe|1\n|\n|-ability|p1b: Smeargle|Moody|boost\n|-boost|p1b: Smeargle|def|2\n|-unboost|p1b: Smeargle|spa|1\n|upkeep\n|turn|2\n|\n|t:|1738744652\n|switch|p1a: Whimsicott|Whimsicott, L50, M|100\/100\n|move|p2b: Raging Bolt|Thunderclap||[still]\n|-fail|p2b: Raging Bolt\n|move|p2a: Urshifu|Surging Strikes|p1b: Smeargle\n|-crit|p1b: Smeargle\n|-damage|p1b: Smeargle|6\/100\n|-crit|p1b: Smeargle\n|-damage|p1b: Smeargle|0 fnt\n|faint|p1b: Smeargle\n|-hitcount|p1: Smeargle|2\n|\n|upkeep\n|\n|t:|1738744661\n|switch|p1b: Kyogre|Kyogre, L50|100\/100\n|-weather|RainDance|[from] ability: Drizzle|[of] p1b: Kyogre\n|turn|3\n|\n|t:|1738744670\n|-terastallize|p1b: Kyogre|Grass\n|move|p1a: Whimsicott|Tailwind|p1a: Whimsicott\n|-sidestart|p1: GeorgeBraun|move: Tailwind\n|move|p2b: Raging Bolt|Thunderclap|p1b: Kyogre\n|-resisted|p1b: Kyogre\n|-damage|p1b: Kyogre|86\/100\n|move|p1b: Kyogre|Water Spout|p2a: Urshifu|[spread] p2a,p2b\n|-resisted|p2a: Urshifu\n|-resisted|p2b: Raging Bolt\n|-crit|p2b: Raging Bolt\n|-damage|p2a: Urshifu|9\/100\n|-damage|p2b: Raging Bolt|0 fnt\n|faint|p2b: Raging Bolt\n|-end|p2b: Raging Bolt|Protosynthesis|[silent]\n|move|p2a: Urshifu|Surging Strikes|p1a: Whimsicott\n|-resisted|p1a: Whimsicott\n|-crit|p1a: Whimsicott\n|-damage|p1a: Whimsicott|79\/100\n|-resisted|p1a: Whimsicott\n|-crit|p1a: Whimsicott\n|-damage|p1a: Whimsicott|59\/100\n|-resisted|p1a: Whimsicott\n|-crit|p1a: Whimsicott\n|-damage|p1a: Whimsicott|39\/100\n|-hitcount|p1a: Whimsicott|3\n|\n|-weather|RainDance|[upkeep]\n|upkeep\n|\n|t:|1738744677\n|switch|p2b: Terapagos|Terapagos, L50, M|100\/100\n|-activate|p2b: Terapagos|ability: Tera Shift\n|detailschange|p2b: Terapagos|Terapagos-Terastal, L50, M\n|-heal|p2b: Terapagos|100\/100|[silent]\n|turn|4\n|j| mr pogostick\n|\n|t:|1738744689\n|-terastallize|p2b: Terapagos|Stellar\n|detailschange|p2b: Terapagos|Terapagos-Stellar, L50, M, tera:Stellar\n|-heal|p2b: Terapagos|100\/100|[silent]\n|-ability|p2b: Terapagos|Teraform Zero\n|-weather|none\n|move|p1a: Whimsicott|Moonblast|p2b: Terapagos\n|-damage|p2b: Terapagos|82\/100\n|move|p1b: Kyogre|Water Spout|p2a: Urshifu|[spread] p2a,p2b\n|-resisted|p2a: Urshifu\n|-damage|p2a: Urshifu|0 fnt\n|-damage|p2b: Terapagos|35\/100\n|faint|p2a: Urshifu\n|move|p2b: Terapagos|Tera Starstorm|p1b: Kyogre|[spread] p1a,p1b\n|-supereffective|p1b: Kyogre\n|-damage|p1a: Whimsicott|0 fnt\n|-damage|p1b: Kyogre|0 fnt\n|faint|p1a: Whimsicott\n|faint|p1b: Kyogre\n|\n|upkeep\n|\n|t:|1738744704\n|switch|p2a: Amoonguss|Amoonguss, L50, F|100\/100\n|switch|p1b: Urshifu|Urshifu, L50, M|20\/100\n|turn|5\n|\n|t:|1738744710\n|move|p2a: Amoonguss|Rage Powder|p2a: Amoonguss\n|-singleturn|p2a: Amoonguss|move: Rage Powder\n|move|p1b: Urshifu|Wicked Blow|p2a: Amoonguss\n|-crit|p2a: Amoonguss\n|-damage|p2a: Amoonguss|28\/100\n|-damage|p1b: Urshifu|3\/100|[from] item: Rocky Helmet|[of] p2a: Amoonguss\n|move|p2b: Terapagos|Tera Starstorm|p1b: Urshifu\n|-damage|p1b: Urshifu|0 fnt\n|faint|p1b: Urshifu\n|\n|win|zodipodi\n|raw|GeorgeBraun's rating: 1565 &rarr; <strong>1545<\/strong><br \/>(-20 for losing)\n|raw|zodipodi's rating: 1567 &rarr; <strong>1587<\/strong><br \/>(+20 for winning)\n|l|\u2606GeorgeBraun\n|player|p1|\n|l|\u2606zodipodi\n|player|p2|\n","uploadtime":1738744902,"views":10,"formatid":"gen9vgc2025regg","rating":1545,"private":0,"password":null}