{"id":"gen9vgc2025regg-2294565677","format":"[Gen 9] VGC 2025 Reg G","players":["Fujin_20241204","BattleBlazikenVGC"],"log":"|j|\u2606Fujin_20241204\n|j|\u2606BattleBlazikenVGC\n|t:|1738714927\n|gametype|doubles\n|player|p1|Fujin_20241204|170|1553\n|player|p2|BattleBlazikenVGC|ltsurge|1624\n|teamsize|p1|6\n|teamsize|p2|6\n|gen|9\n|tier|[Gen 9] VGC 2025 Reg G\n|rated|\n|rule|Species Clause: Limit one of each Pok\u00e9mon\n|rule|Item Clause: Limit 1 of each item\n|clearpoke\n|poke|p1|Miraidon, L50|\n|poke|p1|Whimsicott, L50, F|\n|poke|p1|Urshifu-*, L50, M|\n|poke|p1|Ogerpon-Hearthflame, L50, F|\n|poke|p1|Farigiraf, L50, F|\n|poke|p1|Iron Hands, L50|\n|poke|p2|Eternatus, L50|\n|poke|p2|Rhydon, L50, M|\n|poke|p2|Grimmsnarl, L50, M|\n|poke|p2|Amoonguss, L50, M|\n|poke|p2|Glastrier, L50|\n|poke|p2|Moltres-Galar, L50|\n|teampreview|4\n|j| STKXY1\n|l| STKXY1\n|\n|t:|1738714989\n|start\n|switch|p1a: Miraidon|Miraidon, L50|100\/100\n|switch|p1b: Iron Hands|Iron Hands, L50|100\/100\n|switch|p2a: Bo|Rhydon, L50, M, shiny|100\/100\n|switch|p2b: Osborne|Grimmsnarl, L50, M, shiny|100\/100\n|-fieldstart|move: Electric Terrain|[from] ability: Hadron Engine|[of] p1a: Miraidon\n|-activate|p1b: Iron Hands|ability: Quark Drive\n|-start|p1b: Iron Hands|quarkdriveatk\n|turn|1\n|\n|t:|1738715008\n|-terastallize|p2a: Bo|Fairy\n|move|p1b: Iron Hands|Fake Out|p2b: Osborne\n|-damage|p2b: Osborne|78\/100\n|cant|p2b: Osborne|flinch\n|move|p1a: Miraidon|Draco Meteor|p2a: Bo\n|-immune|p2a: Bo\n|move|p2a: Bo|High Horsepower|p1a: Miraidon\n|-supereffective|p1a: Miraidon\n|-damage|p1a: Miraidon|4\/100\n|\n|upkeep\n|turn|2\n|j| Mwahahacoughcough\n|\n|t:|1738715064\n|switch|p1a: Ogerpon|Ogerpon-Hearthflame, L50, F|100\/100\n|-ability|p1a: Ogerpon|Mold Breaker\n|move|p2b: Osborne|Reflect|p2b: Osborne\n|-sidestart|p2: BattleBlazikenVGC|Reflect\n|move|p2a: Bo|High Horsepower|p1b: Iron Hands\n|-supereffective|p1b: Iron Hands\n|-damage|p1b: Iron Hands|32\/100\n|move|p1b: Iron Hands|Drain Punch|p2b: Osborne\n|-damage|p2b: Osborne|39\/100\n|-heal|p1b: Iron Hands|49\/100|[from] drain|[of] p2b: Osborne\n|\n|upkeep\n|turn|3\n|c|\u2606BattleBlazikenVGC|some of the people joining in on this. LOL\n|\n|t:|1738715092\n|move|p1a: Ogerpon|Follow Me|p1a: Ogerpon\n|-singleturn|p1a: Ogerpon|move: Follow Me\n|move|p2b: Osborne|Light Screen|p2b: Osborne\n|-sidestart|p2: BattleBlazikenVGC|move: Light Screen\n|move|p2a: Bo|High Horsepower|p1a: Ogerpon\n|-damage|p1a: Ogerpon|45\/100\n|move|p1b: Iron Hands|Drain Punch|p2b: Osborne\n|-damage|p2b: Osborne|1\/100\n|-heal|p1b: Iron Hands|65\/100|[from] drain|[of] p2b: Osborne\n|\n|upkeep\n|turn|4\n|\n|t:|1738715126\n|move|p1a: Ogerpon|Ivy Cudgel|p2a: Bo|[anim] Ivy Cudgel Fire\n|-damage|p2a: Bo|80\/100\n|move|p2b: Osborne|Spirit Break|p1b: Iron Hands\n|-supereffective|p1b: Iron Hands\n|-damage|p1b: Iron Hands|22\/100\n|-unboost|p1b: Iron Hands|spa|1\n|move|p2a: Bo|Rock Slide|p1a: Ogerpon|[spread] p1a,p1b\n|-supereffective|p1a: Ogerpon\n|-resisted|p1b: Iron Hands\n|-damage|p1a: Ogerpon|0 fnt\n|-damage|p1b: Iron Hands|12\/100\n|faint|p1a: Ogerpon\n|move|p1b: Iron Hands|Drain Punch|p2b: Osborne\n|-damage|p2b: Osborne|0 fnt\n|-heal|p1b: Iron Hands|13\/100|[from] drain|[of] p2b: Osborne\n|faint|p2b: Osborne\n|\n|upkeep\n|j| STKXY1\n|\n|t:|1738715143\n|switch|p1a: Urshifu|Urshifu-Rapid-Strike, L50, M|100\/100\n|switch|p2b: Almond Milk|Amoonguss, L50, M|100\/100\n|turn|5\n|c|\u2606Fujin_20241204|it's done :(\n|\n|t:|1738715191\n|move|p2b: Almond Milk|Rage Powder|p2b: Almond Milk\n|-singleturn|p2b: Almond Milk|move: Rage Powder\n|move|p1a: Urshifu|Close Combat|p2b: Almond Milk\n|-resisted|p2b: Almond Milk\n|-damage|p2b: Almond Milk|84\/100\n|-unboost|p1a: Urshifu|def|1\n|-unboost|p1a: Urshifu|spd|1\n|-damage|p1a: Urshifu|84\/100|[from] item: Rocky Helmet|[of] p2b: Almond Milk\n|move|p2a: Bo|Tera Blast|p1a: Urshifu|[anim] Tera Blast Fairy\n|-supereffective|p1a: Urshifu\n|-damage|p1a: Urshifu|0 fnt\n|faint|p1a: Urshifu\n|move|p1b: Iron Hands|Low Kick|p2b: Almond Milk\n|-resisted|p2b: Almond Milk\n|-damage|p2b: Almond Milk|77\/100\n|-damage|p1b: Iron Hands|0 fnt|[from] item: Rocky Helmet|[of] p2b: Almond Milk\n|faint|p1b: Iron Hands\n|-end|p1b: Iron Hands|Quark Drive|[silent]\n|\n|-fieldend|move: Electric Terrain\n|upkeep\n|\n|t:|1738715203\n|switch|p1a: Miraidon|Miraidon, L50|4\/100\n|-fieldstart|move: Electric Terrain|[from] ability: Hadron Engine|[of] p1a: Miraidon\n|turn|6\n|\n|t:|1738715210\n|move|p1a: Miraidon|Dazzling Gleam|p2a: Bo|[spread] p2a,p2b\n|-crit|p2a: Bo\n|-resisted|p2b: Almond Milk\n|-damage|p2a: Bo|19\/100\n|-damage|p2b: Almond Milk|61\/100\n|move|p2a: Bo|Tera Blast|p1a: Miraidon|[anim] Tera Blast Fairy\n|-supereffective|p1a: Miraidon\n|-damage|p1a: Miraidon|0 fnt\n|faint|p1a: Miraidon\n|\n|win|BattleBlazikenVGC\n|raw|Fujin_20241204's rating: 1553 &rarr; <strong>1537<\/strong><br \/>(-16 for losing)\n|raw|BattleBlazikenVGC's rating: 1624 &rarr; <strong>1640<\/strong><br \/>(+16 for winning)\n|l|\u2606Fujin_20241204\n|player|p1|\n|l| STKXY1\n","uploadtime":1738715222,"views":14,"formatid":"gen9vgc2025regg","rating":1537,"private":0,"password":null}