{"id":"gen9vgc2025regg-2294397281","format":"[Gen 9] VGC 2025 Reg G","players":["Marco con Fissure","Futomaki0610"],"log":"|j|\u2606Marco con Fissure\n|j|\u2606Futomaki0610\n|t:|1738696457\n|gametype|doubles\n|player|p1|Marco con Fissure|biker-gen4|1655\n|player|p2|Futomaki0610|dawn|1644\n|teamsize|p1|6\n|teamsize|p2|6\n|gen|9\n|tier|[Gen 9] VGC 2025 Reg G\n|rated|\n|rule|Species Clause: Limit one of each Pok\u00e9mon\n|rule|Item Clause: Limit 1 of each item\n|clearpoke\n|poke|p1|Calyrex-Ice, L50|\n|poke|p1|Urshifu-*, L50, M|\n|poke|p1|Raging Bolt, L50|\n|poke|p1|Roaring Moon, L50|\n|poke|p1|Amoonguss, L50, F|\n|poke|p1|Ogerpon-Hearthflame, L50, F|\n|poke|p2|Kyogre, L50|\n|poke|p2|Tornadus, L50, M|\n|poke|p2|Dondozo, L50, F|\n|poke|p2|Tatsugiri-Droopy, L50, F|\n|poke|p2|Chien-Pao, L50|\n|poke|p2|Dragonite, L50, M|\n|teampreview|4\n|inactive|Battle timer is ON: inactive players will automatically lose when time's up. (requested by Futomaki0610)\n|j| 413XPlayz\n|inactive|Marco con Fissure has 60 seconds left.\n|\n|t:|1738696501\n|start\n|switch|p1a: Roaring Moon|Roaring Moon, L50|100\/100\n|switch|p1b: Urshifu|Urshifu-Rapid-Strike, L50, M|100\/100\n|switch|p2a: Kyogre|Kyogre, L50|100\/100\n|switch|p2b: Tornadus|Tornadus, L50, M|100\/100\n|-weather|RainDance|[from] ability: Drizzle|[of] p2a: Kyogre\n|-enditem|p1a: Roaring Moon|Booster Energy\n|-activate|p1a: Roaring Moon|ability: Protosynthesis|[fromitem]\n|-start|p1a: Roaring Moon|protosynthesisspe\n|turn|1\n|\n|t:|1738696518\n|-terastallize|p2a: Kyogre|Water\n|move|p2b: Tornadus|Tailwind|p2b: Tornadus\n|-sidestart|p2: Futomaki0610|move: Tailwind\n|move|p1a: Roaring Moon|Tailwind|p1a: Roaring Moon\n|-sidestart|p1: Marco con Fissure|move: Tailwind\n|move|p1b: Urshifu|Surging Strikes|p2b: Tornadus\n|-crit|p2b: Tornadus\n|-damage|p2b: Tornadus|58\/100\n|-crit|p2b: Tornadus\n|-damage|p2b: Tornadus|17\/100\n|-crit|p2b: Tornadus\n|-damage|p2b: Tornadus|0 fnt\n|faint|p2b: Tornadus\n|-hitcount|p2: Tornadus|3\n|move|p2a: Kyogre|Water Spout|p1b: Urshifu|[spread] p1a,p1b\n|-resisted|p1a: Roaring Moon\n|-resisted|p1b: Urshifu\n|-damage|p1a: Roaring Moon|28\/100\n|-damage|p1b: Urshifu|0 fnt\n|faint|p1b: Urshifu\n|\n|-weather|RainDance|[upkeep]\n|upkeep\n|\n|t:|1738696535\n|switch|p2b: Dondozo|Dondozo, L50, F|100\/100\n|switch|p1b: Raging Bolt|Raging Bolt, L50|100\/100\n|turn|2\n|inactive|Futomaki0610 has 30 seconds left.\n|inactive|Futomaki0610 has 20 seconds left.\n|\n|t:|1738696572\n|move|p1a: Roaring Moon|Knock Off|p2a: Kyogre\n|-damage|p2a: Kyogre|48\/100\n|-enditem|p2a: Kyogre|Mystic Water|[from] move: Knock Off|[of] p1a: Roaring Moon\n|move|p2a: Kyogre|Origin Pulse|p1b: Raging Bolt|[spread] p1b\n|-miss|p2a: Kyogre|p1a: Roaring Moon\n|-resisted|p1b: Raging Bolt\n|-damage|p1b: Raging Bolt|72\/100\n|move|p1b: Raging Bolt|Electroweb|p2b: Dondozo|[spread] p2b\n|-miss|p1b: Raging Bolt|p2a: Kyogre\n|-supereffective|p2b: Dondozo\n|-damage|p2b: Dondozo|54\/100\n|-unboost|p2b: Dondozo|spe|1\n|move|p2b: Dondozo|Order Up|p1b: Raging Bolt\n|-supereffective|p1b: Raging Bolt\n|-damage|p1b: Raging Bolt|39\/100\n|\n|-weather|RainDance|[upkeep]\n|-heal|p2b: Dondozo|60\/100|[from] item: Leftovers\n|upkeep\n|turn|3\n|inactive|Futomaki0610 has 30 seconds left.\n|\n|t:|1738696603\n|switch|p2a: Tatsugiri|Tatsugiri-Droopy, L50, F|100\/100\n|-activate|p2a: Tatsugiri|ability: Commander|[of] p2b: Dondozo\n|-boost|p2b: Dondozo|atk|2\n|-boost|p2b: Dondozo|spa|2\n|-boost|p2b: Dondozo|spe|2\n|-boost|p2b: Dondozo|def|2\n|-boost|p2b: Dondozo|spd|2\n|-end|p1b: Raging Bolt|Protosynthesis|[silent]\n|switch|p1b: Amoonguss|Amoonguss, L50, F|100\/100\n|move|p1a: Roaring Moon|Protect|p1a: Roaring Moon\n|-singleturn|p1a: Roaring Moon|Protect\n|move|p2b: Dondozo|Order Up|p1b: Amoonguss\n|-damage|p1b: Amoonguss|72\/100\n|-boost|p2b: Dondozo|def|1\n|\n|-weather|RainDance|[upkeep]\n|-heal|p2b: Dondozo|66\/100|[from] item: Leftovers\n|upkeep\n|turn|4\n|\n|t:|1738696614\n|move|p2b: Dondozo|Protect|p2b: Dondozo\n|-singleturn|p2b: Dondozo|Protect\n|move|p1a: Roaring Moon|Knock Off|p2b: Dondozo\n|-activate|p2b: Dondozo|move: Protect\n|move|p1b: Amoonguss|Spore|p2b: Dondozo\n|-activate|p2b: Dondozo|move: Protect\n|\n|-weather|RainDance|[upkeep]\n|-heal|p2b: Dondozo|72\/100|[from] item: Leftovers\n|-sideend|p1: Marco con Fissure|move: Tailwind\n|-sideend|p2: Futomaki0610|move: Tailwind\n|upkeep\n|turn|5\n|\n|t:|1738696622\n|move|p1a: Roaring Moon|Knock Off|p2b: Dondozo\n|-damage|p2b: Dondozo|63\/100\n|-enditem|p2b: Dondozo|Leftovers|[from] move: Knock Off|[of] p1a: Roaring Moon\n|move|p2b: Dondozo|Substitute|p2b: Dondozo\n|-start|p2b: Dondozo|Substitute\n|-damage|p2b: Dondozo|38\/100\n|move|p1b: Amoonguss|Spore||[still]\n|-fail|p1b: Amoonguss\n|\n|-weather|none\n|upkeep\n|turn|6\n|inactive|Marco con Fissure has 30 seconds left.\n|inactive|Marco con Fissure has 20 seconds left.\n|\n|t:|1738696659\n|-terastallize|p1a: Roaring Moon|Flying\n|move|p1a: Roaring Moon|Acrobatics|p2b: Dondozo\n|-activate|p2b: Dondozo|move: Substitute|[damage]\n|move|p2b: Dondozo|Order Up|p1a: Roaring Moon\n|-damage|p1a: Roaring Moon|0 fnt\n|faint|p1a: Roaring Moon\n|-end|p1a: Roaring Moon|Protosynthesis|[silent]\n|-boost|p2b: Dondozo|def|1\n|move|p1b: Amoonguss|Spore||[still]\n|-fail|p1b: Amoonguss\n|\n|upkeep\n|\n|t:|1738696666\n|switch|p1a: Raging Bolt|Raging Bolt, L50|39\/100\n|turn|7\n|\n|t:|1738696681\n|move|p1b: Amoonguss|Rage Powder|p1b: Amoonguss\n|-singleturn|p1b: Amoonguss|move: Rage Powder\n|move|p1a: Raging Bolt|Electroweb|p2a: Tatsugiri|[spread] p2b\n|-miss|p1a: Raging Bolt|p2a: Tatsugiri\n|-supereffective|p2b: Dondozo\n|-end|p2b: Dondozo|Substitute\n|move|p2b: Dondozo|Order Up|p1b: Amoonguss\n|-damage|p1b: Amoonguss|46\/100\n|-boost|p2b: Dondozo|def|1\n|\n|upkeep\n|turn|8\n|\n|t:|1738696697\n|move|p1a: Raging Bolt|Thunderbolt|p2b: Dondozo\n|-supereffective|p2b: Dondozo\n|-damage|p2b: Dondozo|0 fnt\n|faint|p2b: Dondozo\n|move|p1b: Amoonguss|Pollen Puff|p1a: Raging Bolt\n|-heal|p1a: Raging Bolt|89\/100\n|\n|upkeep\n|\n|t:|1738696703\n|switch|p2b: Kyogre|Kyogre, L50, tera:Water|48\/100\n|-weather|RainDance|[from] ability: Drizzle|[of] p2b: Kyogre\n|turn|9\n|\n|t:|1738696720\n|move|p1b: Amoonguss|Rage Powder|p1b: Amoonguss\n|-singleturn|p1b: Amoonguss|move: Rage Powder\n|move|p2a: Tatsugiri|Draco Meteor|p1b: Amoonguss\n|-damage|p1b: Amoonguss|0 fnt\n|-unboost|p2a: Tatsugiri|spa|2\n|faint|p1b: Amoonguss\n|move|p2b: Kyogre|Hydro Pump|p1a: Raging Bolt\n|-resisted|p1a: Raging Bolt\n|-damage|p1a: Raging Bolt|46\/100\n|move|p1a: Raging Bolt|Electroweb|p2b: Kyogre|[spread] p2a,p2b\n|-supereffective|p2b: Kyogre\n|-damage|p2a: Tatsugiri|71\/100\n|-damage|p2b: Kyogre|9\/100\n|-unboost|p2a: Tatsugiri|spe|1\n|-unboost|p2b: Kyogre|spe|1\n|\n|-weather|RainDance|[upkeep]\n|upkeep\n|turn|10\n|\n|t:|1738696736\n|move|p2a: Tatsugiri|Draco Meteor|p1a: Raging Bolt\n|-supereffective|p1a: Raging Bolt\n|-damage|p1a: Raging Bolt|11\/100\n|-unboost|p2a: Tatsugiri|spa|2\n|move|p1a: Raging Bolt|Electroweb|p2a: Tatsugiri|[spread] p2a,p2b\n|-supereffective|p2b: Kyogre\n|-damage|p2a: Tatsugiri|37\/100\n|-damage|p2b: Kyogre|0 fnt\n|-unboost|p2a: Tatsugiri|spe|1\n|faint|p2b: Kyogre\n|\n|-weather|RainDance|[upkeep]\n|upkeep\n|turn|11\n|\n|t:|1738696749\n|move|p1a: Raging Bolt|Thunderclap|p2a: Tatsugiri\n|-damage|p2a: Tatsugiri|0 fnt\n|faint|p2a: Tatsugiri\n|\n|win|Marco con Fissure\n|raw|Marco con Fissure's rating: 1655 &rarr; <strong>1674<\/strong><br \/>(+19 for winning)\n|raw|Futomaki0610's rating: 1644 &rarr; <strong>1625<\/strong><br \/>(-19 for losing)\n|l|\u2606Futomaki0610\n|player|p2|\n|l|\u2606Marco con Fissure\n|player|p1|\n","uploadtime":1738696756,"views":20,"formatid":"gen9vgc2025regg","rating":1625,"private":0,"password":null}