{"id":"gen9vgc2025regg-2294561685","format":"[Gen 9] VGC 2025 Reg G","players":["Farmyom","BattleBlazikenVGC"],"log":"|j|\u2606Farmyom\n|j|\u2606BattleBlazikenVGC\n|t:|1738714398\n|gametype|doubles\n|player|p1|Farmyom|beauty-gen5bw2|1640\n|player|p2|BattleBlazikenVGC|ltsurge|1576\n|teamsize|p1|6\n|teamsize|p2|6\n|gen|9\n|tier|[Gen 9] VGC 2025 Reg G\n|rated|\n|rule|Species Clause: Limit one of each Pok\u00e9mon\n|rule|Item Clause: Limit 1 of each item\n|clearpoke\n|poke|p1|Terapagos, L50, M|\n|poke|p1|Flutter Mane, L50|\n|poke|p1|Tornadus, L50, M|\n|poke|p1|Incineroar, L50, M|\n|poke|p1|Rillaboom, L50, F|\n|poke|p1|Walking Wake, L50|\n|poke|p2|Eternatus, L50|\n|poke|p2|Rhydon, L50, M|\n|poke|p2|Grimmsnarl, L50, M|\n|poke|p2|Amoonguss, L50, M|\n|poke|p2|Glastrier, L50|\n|poke|p2|Moltres-Galar, L50|\n|teampreview|4\n|inactive|Battle timer is ON: inactive players will automatically lose when time's up. (requested by Farmyom)\n|inactive|BattleBlazikenVGC has 60 seconds left.\n|\n|t:|1738714432\n|start\n|switch|p1a: Terapagos|Terapagos, L50, M|100\/100\n|switch|p1b: Flutter Mane|Flutter Mane, L50|100\/100\n|switch|p2a: Osborne|Grimmsnarl, L50, M, shiny|100\/100\n|switch|p2b: Tahtorak|Eternatus, L50|100\/100\n|-activate|p1a: Terapagos|ability: Tera Shift\n|detailschange|p1a: Terapagos|Terapagos-Terastal, L50, M\n|-heal|p1a: Terapagos|100\/100|[silent]\n|-ability|p2b: Tahtorak|Pressure\n|-enditem|p1b: Flutter Mane|Booster Energy\n|-activate|p1b: Flutter Mane|ability: Protosynthesis|[fromitem]\n|-start|p1b: Flutter Mane|protosynthesisspe\n|turn|1\n|\n|t:|1738714440\n|move|p2a: Osborne|Light Screen|p2a: Osborne\n|-sidestart|p2: BattleBlazikenVGC|move: Light Screen\n|move|p1b: Flutter Mane|Fake Tears|p2b: Tahtorak\n|-unboost|p2b: Tahtorak|spd|2\n|move|p2b: Tahtorak|Cosmic Power|p2b: Tahtorak\n|-boost|p2b: Tahtorak|def|1\n|-boost|p2b: Tahtorak|spd|1\n|move|p1a: Terapagos|Meteor Beam||[still]\n|-prepare|p1a: Terapagos|Meteor Beam\n|-boost|p1a: Terapagos|spa|1\n|-enditem|p1a: Terapagos|Power Herb\n|-anim|p1a: Terapagos|Meteor Beam|p2b: Tahtorak|[miss]\n|-miss|p1a: Terapagos|p2b: Tahtorak\n|\n|upkeep\n|turn|2\n|\n|t:|1738714461\n|-terastallize|p1a: Terapagos|Stellar\n|detailschange|p1a: Terapagos|Terapagos-Stellar, L50, M, tera:Stellar\n|-heal|p1a: Terapagos|100\/100|[silent]\n|move|p1b: Flutter Mane|Fake Tears|p2b: Tahtorak\n|-unboost|p2b: Tahtorak|spd|2\n|move|p2b: Tahtorak|Sludge Bomb|p1a: Terapagos\n|-damage|p1a: Terapagos|75\/100\n|-status|p1a: Terapagos|psn\n|move|p1a: Terapagos|Earth Power|p2b: Tahtorak\n|-supereffective|p2b: Tahtorak\n|-damage|p2b: Tahtorak|0 fnt\n|faint|p2b: Tahtorak\n|move|p2a: Osborne|Spirit Break|p1a: Terapagos\n|-crit|p1a: Terapagos\n|-damage|p1a: Terapagos|48\/100 psn\n|-unboost|p1a: Terapagos|spa|1\n|\n|-damage|p1a: Terapagos|35\/100 psn|[from] psn\n|upkeep\n|\n|t:|1738714476\n|switch|p2b: Moltres|Moltres-Galar, L50, shiny|100\/100\n|turn|3\n|\n|t:|1738714484\n|-terastallize|p2b: Moltres|Dark\n|move|p1b: Flutter Mane|Icy Wind|p2b: Moltres|[spread] p2a,p2b\n|-damage|p2a: Osborne|93\/100\n|-damage|p2b: Moltres|95\/100\n|-unboost|p2a: Osborne|spe|1\n|-unboost|p2b: Moltres|spe|1\n|move|p1a: Terapagos|Tera Starstorm|p2a: Osborne|[spread] p2a,p2b\n|-supereffective|p2b: Moltres\n|-damage|p2a: Osborne|71\/100\n|-damage|p2b: Moltres|66\/100\n|move|p2b: Moltres|Fiery Wrath|p1a: Terapagos|[spread] p1a,p1b\n|-damage|p1a: Terapagos|8\/100 psn\n|-damage|p1b: Flutter Mane|67\/100\n|move|p2a: Osborne|Spirit Break|p1b: Flutter Mane\n|-damage|p1b: Flutter Mane|22\/100\n|-unboost|p1b: Flutter Mane|spa|1\n|\n|-damage|p1a: Terapagos|0 fnt|[from] psn\n|faint|p1a: Terapagos\n|upkeep\n|\n|t:|1738714495\n|switch|p1a: Incineroar|Incineroar, L50, M|100\/100\n|-ability|p1a: Incineroar|Intimidate|boost\n|-unboost|p2a: Osborne|atk|1\n|-unboost|p2b: Moltres|atk|1\n|turn|4\n|\n|t:|1738714507\n|move|p2b: Moltres|Protect|p2b: Moltres\n|-singleturn|p2b: Moltres|Protect\n|move|p1a: Incineroar|Fake Out|p2b: Moltres\n|-activate|p2b: Moltres|move: Protect\n|move|p1b: Flutter Mane|Moonblast|p2a: Osborne\n|-supereffective|p2a: Osborne\n|-damage|p2a: Osborne|38\/100\n|move|p2a: Osborne|Spirit Break|p1b: Flutter Mane\n|-damage|p1b: Flutter Mane|0 fnt\n|faint|p1b: Flutter Mane\n|-end|p1b: Flutter Mane|Protosynthesis|[silent]\n|\n|upkeep\n|\n|t:|1738714512\n|switch|p1b: Tornadus|Tornadus, L50, M|100\/100\n|turn|5\n|\n|t:|1738714525\n|move|p2a: Osborne|Thunder Wave|p1b: Tornadus\n|-status|p1b: Tornadus|par\n|move|p1a: Incineroar|Flare Blitz|p2a: Osborne\n|-damage|p2a: Osborne|0 fnt\n|faint|p2a: Osborne\n|-damage|p1a: Incineroar|88\/100|[from] Recoil\n|move|p2b: Moltres|Fiery Wrath|p1a: Incineroar|[spread] p1a,p1b\n|-resisted|p1a: Incineroar\n|-damage|p1a: Incineroar|70\/100\n|-damage|p1b: Tornadus|52\/100 par\n|move|p1b: Tornadus|Bleakwind Storm|p2b: Moltres\n|-damage|p2b: Moltres|47\/100\n|-ability|p2b: Moltres|Berserk|boost\n|-boost|p2b: Moltres|spa|1\n|\n|upkeep\n|\n|t:|1738714535\n|switch|p2a: Bo|Rhydon, L50, M, shiny|100\/100\n|turn|6\n|\n|t:|1738714542\n|move|p1b: Tornadus|Tailwind|p1b: Tornadus\n|-sidestart|p1: Farmyom|move: Tailwind\n|move|p1a: Incineroar|Flare Blitz|p2b: Moltres\n|-damage|p2b: Moltres|4\/100\n|-damage|p1a: Incineroar|56\/100|[from] Recoil\n|move|p2b: Moltres|Fiery Wrath|p1b: Tornadus|[spread] p1a,p1b\n|-resisted|p1a: Incineroar\n|-damage|p1a: Incineroar|31\/100\n|-damage|p1b: Tornadus|0 fnt\n|faint|p1b: Tornadus\n|move|p2a: Bo|High Horsepower|p1a: Incineroar\n|-supereffective|p1a: Incineroar\n|-damage|p1a: Incineroar|0 fnt\n|-damage|p2a: Bo|84\/100|[from] item: Rocky Helmet|[of] p1a: Incineroar\n|faint|p1a: Incineroar\n|\n|win|BattleBlazikenVGC\n|raw|Farmyom's rating: 1640 &rarr; <strong>1616<\/strong><br \/>(-24 for losing)\n|raw|BattleBlazikenVGC's rating: 1576 &rarr; <strong>1600<\/strong><br \/>(+24 for winning)\n|l|\u2606Farmyom\n|player|p1|\n|l|\u2606BattleBlazikenVGC\n|player|p2|\n","uploadtime":1738714716,"views":15,"formatid":"gen9vgc2025regg","rating":1600,"private":0,"password":null}