{"id":"gen9vgc2025regg-2294569729","format":"[Gen 9] VGC 2025 Reg G","players":["infinitygroudon","chiefclarko11"],"log":"|j|\u2606infinitygroudon\n|j|\u2606chiefclarko11\n|t:|1738715455\n|gametype|doubles\n|player|p1|infinitygroudon|102|1566\n|player|p2|chiefclarko11|170|1633\n|teamsize|p1|6\n|teamsize|p2|6\n|gen|9\n|tier|[Gen 9] VGC 2025 Reg G\n|rated|\n|rule|Species Clause: Limit one of each Pok\u00e9mon\n|rule|Item Clause: Limit 1 of each item\n|clearpoke\n|poke|p1|Calyrex-Shadow, L50|\n|poke|p1|Incineroar, L50, M|\n|poke|p1|Weezing-Galar, L50, M|\n|poke|p1|Indeedee-F, L50, F|\n|poke|p1|Iron Valiant, L50|\n|poke|p1|Ursaluna-Bloodmoon, L50, M|\n|poke|p2|Terapagos, L50, M|\n|poke|p2|Grimmsnarl, L50, M|\n|poke|p2|Urshifu-*, L50, M|\n|poke|p2|Iron Hands, L50|\n|poke|p2|Flutter Mane, L50|\n|poke|p2|Chi-Yu, L50|\n|teampreview|4\n|j| aojo\n|\n|t:|1738715522\n|start\n|switch|p1a: Charming|Iron Valiant, L50, shiny|100\/100\n|switch|p1b: Duncan|Calyrex-Shadow, L50|100\/100\n|switch|p2a: Terapagos|Terapagos, L50, M|100\/100\n|switch|p2b: Urshifu|Urshifu-Rapid-Strike, L50, M|100\/100\n|-activate|p2a: Terapagos|ability: Tera Shift\n|detailschange|p2a: Terapagos|Terapagos-Terastal, L50, M\n|-heal|p2a: Terapagos|100\/100|[silent]\n|-ability|p1b: Duncan|As One\n|-ability|p1b: Duncan|Unnerve\n|-enditem|p1a: Charming|Booster Energy\n|-activate|p1a: Charming|ability: Quark Drive|[fromitem]\n|-start|p1a: Charming|quarkdrivespe\n|turn|1\n|j| 413XPlayz\n|\n|t:|1738715540\n|switch|p1b: Mr. Gassy|Weezing-Galar, L50, M|100\/100\n|-ability|p1b: Mr. Gassy|Neutralizing Gas\n|move|p2b: Urshifu|U-turn|p1a: Charming\n|-resisted|p1a: Charming\n|-damage|p1a: Charming|92\/100\n|\n|t:|1738715547\n|switch|p2b: Grimmsnarl|Grimmsnarl, L50, M|100\/100|[from] U-turn\n|move|p1a: Charming|Close Combat|p2a: Terapagos\n|-supereffective|p2a: Terapagos\n|-damage|p2a: Terapagos|0 fnt\n|-unboost|p1a: Charming|def|1\n|-unboost|p1a: Charming|spd|1\n|faint|p2a: Terapagos\n|\n|upkeep\n|\n|t:|1738715562\n|switch|p2a: Urshifu|Urshifu-Rapid-Strike, L50, M|100\/100\n|turn|2\n|\n|t:|1738715578\n|-end|p1b: Mr. Gassy|ability: Neutralizing Gas\n|switch|p1b: Suthen|Indeedee-F, L50, F|100\/100\n|-fieldstart|move: Psychic Terrain|[from] ability: Psychic Surge|[of] p1b: Suthen\n|-terastallize|p1a: Charming|Fairy\n|move|p2b: Grimmsnarl|Light Screen|p2b: Grimmsnarl\n|-sidestart|p2: chiefclarko11|move: Light Screen\n|move|p1a: Charming|Spirit Break|p2b: Grimmsnarl\n|-supereffective|p2b: Grimmsnarl\n|-damage|p2b: Grimmsnarl|7\/100\n|-unboost|p2b: Grimmsnarl|spa|1\n|move|p2a: Urshifu|Surging Strikes|p1a: Charming\n|-crit|p1a: Charming\n|-damage|p1a: Charming|52\/100\n|-crit|p1a: Charming\n|-damage|p1a: Charming|9\/100\n|-crit|p1a: Charming\n|-damage|p1a: Charming|0 fnt\n|faint|p1a: Charming\n|-end|p1a: Charming|Quark Drive|[silent]\n|-hitcount|p1: Charming|3\n|\n|upkeep\n|\n|t:|1738715588\n|switch|p1a: Duncan|Calyrex-Shadow, L50|100\/100\n|-ability|p1a: Duncan|As One\n|-ability|p1a: Duncan|Unnerve\n|turn|3\n|\n|t:|1738715609\n|move|p1b: Suthen|Follow Me|p1b: Suthen\n|-singleturn|p1b: Suthen|move: Follow Me\n|move|p2a: Urshifu|Surging Strikes|p1b: Suthen\n|-crit|p1b: Suthen\n|-damage|p1b: Suthen|78\/100\n|-damage|p2a: Urshifu|84\/100|[from] item: Rocky Helmet|[of] p1b: Suthen\n|-crit|p1b: Suthen\n|-damage|p1b: Suthen|56\/100\n|-damage|p2a: Urshifu|67\/100|[from] item: Rocky Helmet|[of] p1b: Suthen\n|-crit|p1b: Suthen\n|-damage|p1b: Suthen|34\/100\n|-damage|p2a: Urshifu|51\/100|[from] item: Rocky Helmet|[of] p1b: Suthen\n|-hitcount|p1b: Suthen|3\n|move|p1a: Duncan|Astral Barrage|p2a: Urshifu|[spread] p2a,p2b\n|-resisted|p2b: Grimmsnarl\n|-damage|p2a: Urshifu|0 fnt\n|-damage|p2b: Grimmsnarl|0 fnt\n|faint|p2a: Urshifu\n|faint|p2b: Grimmsnarl\n|-ability|p1a: Duncan|Grim Neigh|boost\n|-boost|p1a: Duncan|spa|2\n|-damage|p1a: Duncan|91\/100|[from] item: Life Orb\n|\n|upkeep\n|\n|t:|1738715616\n|switch|p2b: Chi-Yu|Chi-Yu, L50|100\/100\n|-ability|p2b: Chi-Yu|Beads of Ruin\n|turn|4\n|\n|t:|1738715623\n|move|p1b: Suthen|Follow Me|p1b: Suthen\n|-singleturn|p1b: Suthen|move: Follow Me\n|move|p1a: Duncan|Astral Barrage|p2b: Chi-Yu\n|-resisted|p2b: Chi-Yu\n|-damage|p2b: Chi-Yu|28\/100\n|-damage|p1a: Duncan|81\/100|[from] item: Life Orb\n|move|p2b: Chi-Yu|Heat Wave|p1b: Suthen|[spread] p1a,p1b\n|-damage|p1a: Duncan|21\/100\n|-damage|p1b: Suthen|0 fnt\n|-status|p1a: Duncan|brn\n|faint|p1b: Suthen\n|\n|-damage|p1a: Duncan|15\/100 brn|[from] brn\n|upkeep\n|j| Mwahahacoughcough\n|\n|t:|1738715629\n|switch|p1b: Mr. Gassy|Weezing-Galar, L50, M|100\/100\n|-ability|p1b: Mr. Gassy|Neutralizing Gas\n|turn|5\n|\n|t:|1738715638\n|move|p2b: Chi-Yu|Protect|p2b: Chi-Yu\n|-singleturn|p2b: Chi-Yu|Protect\n|move|p1a: Duncan|Astral Barrage|p2b: Chi-Yu\n|-activate|p2b: Chi-Yu|move: Protect\n|move|p1b: Mr. Gassy|Sludge Bomb|p2b: Chi-Yu\n|-activate|p2b: Chi-Yu|move: Protect\n|\n|-damage|p1a: Duncan|8\/100 brn|[from] brn\n|upkeep\n|turn|6\n|\n|t:|1738715645\n|move|p2b: Chi-Yu|Protect||[still]\n|-fail|p2b: Chi-Yu\n|move|p1a: Duncan|Astral Barrage|p2b: Chi-Yu\n|-resisted|p2b: Chi-Yu\n|-damage|p2b: Chi-Yu|0 fnt\n|faint|p2b: Chi-Yu\n|-damage|p1a: Duncan|0 fnt|[from] item: Life Orb\n|faint|p1a: Duncan\n|\n|win|infinitygroudon\n|raw|infinitygroudon's rating: 1566 &rarr; <strong>1590<\/strong><br \/>(+24 for winning)\n|raw|chiefclarko11's rating: 1633 &rarr; <strong>1609<\/strong><br \/>(-24 for losing)\n|l|\u2606infinitygroudon\n|player|p1|\n|l|\u2606chiefclarko11\n|player|p2|\n|l| aojo\n|l| Mwahahacoughcough\n","uploadtime":1738715823,"views":11,"formatid":"gen9vgc2025regg","rating":1590,"private":0,"password":null}