{"id":"gen9vgc2025regg-2294479652","format":"[Gen 9] VGC 2025 Reg G","players":["TypeSpammer","xatseye"],"log":"|j|\u2606TypeSpammer\n|j|\u2606xatseye\n|t:|1738704745\n|gametype|doubles\n|player|p1|TypeSpammer|1|1585\n|player|p2|xatseye|265|1615\n|teamsize|p1|6\n|teamsize|p2|6\n|gen|9\n|tier|[Gen 9] VGC 2025 Reg G\n|rated|\n|rule|Species Clause: Limit one of each Pok\u00e9mon\n|rule|Item Clause: Limit 1 of each item\n|clearpoke\n|poke|p1|Grimmsnarl, L50, M|\n|poke|p1|Calyrex-Shadow, L50|\n|poke|p1|Hatterene, L50, F|\n|poke|p1|Iron Hands, L50|\n|poke|p1|Urshifu-*, L50, M|\n|poke|p1|Incineroar, L50, M|\n|poke|p2|Miraidon, L50|\n|poke|p2|Incineroar, L50, M|\n|poke|p2|Farigiraf, L50, F|\n|poke|p2|Grimmsnarl, L50, M|\n|poke|p2|Tornadus, L50, M|\n|poke|p2|Urshifu-*, L50, F|\n|teampreview|4\n|inactive|Battle timer is ON: inactive players will automatically lose when time's up. (requested by xatseye)\nTypeSpammer rejected open team sheets.\n|c|\u2606TypeSpammer|gl hf\n|\n|t:|1738704763\n|start\n|switch|p1a: Ghost Rider|Calyrex-Shadow, L50|100\/100\n|switch|p1b: Glinda|Hatterene, L50, F, shiny|100\/100\n|switch|p2a: Farigiraf|Farigiraf, L50, F|100\/100\n|switch|p2b: Grimmsnarl|Grimmsnarl, L50, M|100\/100\n|-ability|p1a: Ghost Rider|As One\n|-ability|p1a: Ghost Rider|Unnerve\n|turn|1\n|\n|t:|1738704774\n|-terastallize|p1a: Ghost Rider|Fairy\n|move|p2b: Grimmsnarl|Light Screen|p2b: Grimmsnarl\n|-sidestart|p2: xatseye|move: Light Screen\n|move|p1a: Ghost Rider|Tera Blast|p2b: Grimmsnarl|[anim] Tera Blast Fairy\n|-supereffective|p2b: Grimmsnarl\n|-damage|p2b: Grimmsnarl|5\/100\n|move|p2a: Farigiraf|Imprison|p2a: Farigiraf\n|-start|p2a: Farigiraf|move: Imprison\n|cant|p1b: Glinda|move: Imprison|Trick Room\n|\n|upkeep\n|turn|2\n|\n|t:|1738704790\n|move|p2b: Grimmsnarl|Thunder Wave|p1a: Ghost Rider\n|-status|p1a: Ghost Rider|par\n|move|p1a: Ghost Rider|Tera Blast|p2a: Farigiraf|[anim] Tera Blast Fairy\n|-damage|p2a: Farigiraf|56\/100\n|move|p2a: Farigiraf|Hyper Voice|p1b: Glinda|[spread] p1a,p1b\n|-damage|p1a: Ghost Rider|72\/100 par\n|-damage|p1b: Glinda|73\/100\n|-enditem|p2a: Farigiraf|Throat Spray\n|-boost|p2a: Farigiraf|spa|1|[from] item: Throat Spray\n|move|p1b: Glinda|Dazzling Gleam|p2a: Farigiraf|[spread] p2a,p2b\n|-crit|p2a: Farigiraf\n|-supereffective|p2b: Grimmsnarl\n|-damage|p2a: Farigiraf|10\/100\n|-damage|p2b: Grimmsnarl|0 fnt\n|faint|p2b: Grimmsnarl\n|\n|upkeep\n|\n|t:|1738704808\n|switch|p2b: Miraidon|Miraidon, L50|100\/100\n|-fieldstart|move: Electric Terrain|[from] ability: Hadron Engine|[of] p2b: Miraidon\n|turn|3\n|\n|t:|1738704817\n|move|p2b: Miraidon|Volt Switch|p1a: Ghost Rider\n|-damage|p1a: Ghost Rider|0 fnt\n|faint|p1a: Ghost Rider\n|\n|t:|1738704821\n|switch|p2b: Incineroar|Incineroar, L50, M|100\/100|[from] Volt Switch\n|-ability|p2b: Incineroar|Intimidate|boost\n|-unboost|p1b: Glinda|atk|1\n|move|p2a: Farigiraf|Hyper Voice|p1b: Glinda\n|-damage|p1b: Glinda|18\/100\n|move|p1b: Glinda|Dazzling Gleam|p2a: Farigiraf|[spread] p2a,p2b\n|-damage|p2a: Farigiraf|0 fnt\n|-damage|p2b: Incineroar|86\/100\n|faint|p2a: Farigiraf\n|\n|upkeep\n|\n|t:|1738704840\n|switch|p1a: Incineroar|Incineroar, L50, M, shiny|100\/100\n|switch|p2a: Miraidon|Miraidon, L50|100\/100\n|-activate|p2a: Miraidon|ability: Hadron Engine\n|-ability|p1a: Incineroar|Intimidate|boost\n|-unboost|p2a: Miraidon|atk|1\n|-unboost|p2b: Incineroar|atk|1\n|turn|4\n|\n|t:|1738704863\n|move|p1a: Incineroar|Fake Out|p2a: Miraidon\n|-damage|p2a: Miraidon|89\/100\n|cant|p2a: Miraidon|flinch\n|move|p2b: Incineroar|Knock Off|p1b: Glinda\n|-damage|p1b: Glinda|0 fnt\n|-enditem|p1b: Glinda|Focus Sash|[from] move: Knock Off|[of] p2b: Incineroar\n|faint|p1b: Glinda\n|\n|upkeep\n|\n|t:|1738704869\n|switch|p1b: Iron Mike|Iron Hands, L50|100\/100\n|-activate|p1b: Iron Mike|ability: Quark Drive\n|-start|p1b: Iron Mike|quarkdriveatk\n|turn|5\n|inactive|xatseye has 30 seconds left.\n|\n|t:|1738704899\n|-terastallize|p2a: Miraidon|Fairy\n|move|p2a: Miraidon|Dazzling Gleam|p1b: Iron Mike|[spread] p1a,p1b\n|-supereffective|p1b: Iron Mike\n|-damage|p1a: Incineroar|63\/100\n|-damage|p1b: Iron Mike|0 fnt\n|faint|p1b: Iron Mike\n|-end|p1b: Iron Mike|Quark Drive|[silent]\n|move|p2b: Incineroar|Flare Blitz|p1a: Incineroar\n|-resisted|p1a: Incineroar\n|-damage|p1a: Incineroar|50\/100\n|-damage|p2b: Incineroar|82\/100|[from] Recoil\n|move|p1a: Incineroar|Darkest Lariat|p2a: Miraidon\n|-resisted|p2a: Miraidon\n|-damage|p2a: Miraidon|70\/100\n|\n|upkeep\n|turn|6\n|-message|TypeSpammer forfeited.\n|\n|win|xatseye\n|raw|TypeSpammer's rating: 1585 &rarr; <strong>1567<\/strong><br \/>(-18 for losing)\n|raw|xatseye's rating: 1615 &rarr; <strong>1633<\/strong><br \/>(+18 for winning)\n|l|\u2606TypeSpammer\n|player|p1|\n|l|\u2606xatseye\n|player|p2|\n","uploadtime":1738705166,"views":11,"formatid":"gen9vgc2025regg","rating":1567,"private":0,"password":null}