{"id":"gen9vgc2025regg-2294420503","format":"[Gen 9] VGC 2025 Reg G","players":["sleemo2","chappell murkroan"],"log":"|j|\u2606sleemo2\n|j|\u2606chappell murkroan\n|t:|1738698689\n|gametype|doubles\n|player|p1|sleemo2|102|1570\n|player|p2|chappell murkroan|caitlin|1676\n|teamsize|p1|6\n|teamsize|p2|6\n|gen|9\n|tier|[Gen 9] VGC 2025 Reg G\n|rated|\n|rule|Species Clause: Limit one of each Pok\u00e9mon\n|rule|Item Clause: Limit 1 of each item\n|clearpoke\n|poke|p1|Ogerpon-Wellspring, L50, F|\n|poke|p1|Landorus-Therian, L50, M|\n|poke|p1|Cresselia, L50, F|\n|poke|p1|Thundurus, L50, M|\n|poke|p1|Zamazenta-*, L50|\n|poke|p1|Ursaluna-Bloodmoon, L50, M|\n|poke|p2|Terapagos, L50, M|\n|poke|p2|Tsareena, L50, F|\n|poke|p2|Flutter Mane, L50|\n|poke|p2|Chi-Yu, L50|\n|poke|p2|Dondozo, L50, M|\n|poke|p2|Tatsugiri, L50, F|\n|teampreview|4\n|inactive|Battle timer is ON: inactive players will automatically lose when time's up. (requested by chappell murkroan)\n|inactive|sleemo2 has 60 seconds left.\n|\n|t:|1738698719\n|start\n|switch|p1a: Ogerpon|Ogerpon-Wellspring, L50, F|100\/100\n|switch|p1b: Landorus|Landorus-Therian, L50, M|100\/100\n|switch|p2a: Flutter Mane|Flutter Mane, L50|100\/100\n|switch|p2b: Chi-Yu|Chi-Yu, L50|100\/100\n|-ability|p1b: Landorus|Intimidate|boost\n|-unboost|p2a: Flutter Mane|atk|1\n|-unboost|p2b: Chi-Yu|atk|1\n|-ability|p2b: Chi-Yu|Beads of Ruin\n|-enditem|p2a: Flutter Mane|Booster Energy\n|-activate|p2a: Flutter Mane|ability: Protosynthesis|[fromitem]\n|-start|p2a: Flutter Mane|protosynthesisspe\n|turn|1\n|\n|t:|1738698744\n|-terastallize|p2b: Chi-Yu|Water\n|move|p1a: Ogerpon|Spiky Shield|p1a: Ogerpon\n|-singleturn|p1a: Ogerpon|move: Protect\n|move|p2a: Flutter Mane|Icy Wind|p1b: Landorus|[spread] \n|-activate|p1a: Ogerpon|move: Protect\n|-miss|p2a: Flutter Mane|p1b: Landorus\n|move|p1b: Landorus|Earthquake|p2a: Flutter Mane|[spread] p2a,p2b\n|-activate|p1a: Ogerpon|move: Protect\n|-crit|p2a: Flutter Mane\n|-damage|p2a: Flutter Mane|14\/100\n|-damage|p2b: Chi-Yu|40\/100\n|move|p2b: Chi-Yu|Heat Wave|p1b: Landorus|[spread] p1b\n|-activate|p1a: Ogerpon|move: Protect\n|-damage|p1b: Landorus|40\/100\n|\n|upkeep\n|turn|2\n|c|\u2606chappell murkroan|ahhhh\n|c|\u2606chappell murkroan|nice\n|inactive|sleemo2 has 30 seconds left.\n|\n|t:|1738698772\n|switch|p1b: Thundurus|Thundurus, L50, M|100\/100\n|-terastallize|p1a: Ogerpon|Water\n|detailschange|p1a: Ogerpon|Ogerpon-Wellspring-Tera, L50, F, tera:Water\n|-ability|p1a: Ogerpon|Embody Aspect (Wellspring)|boost\n|-boost|p1a: Ogerpon|spd|1\n|move|p2a: Flutter Mane|Icy Wind|p1b: Thundurus|[spread] p1a,p1b\n|-resisted|p1a: Ogerpon\n|-supereffective|p1b: Thundurus\n|-damage|p1a: Ogerpon|95\/100\n|-damage|p1b: Thundurus|67\/100\n|-unboost|p1a: Ogerpon|spe|1\n|-unboost|p1b: Thundurus|spe|1\n|move|p2b: Chi-Yu|Will-O-Wisp|p1a: Ogerpon\n|-status|p1a: Ogerpon|brn\n|move|p1a: Ogerpon|Horn Leech|p2a: Flutter Mane\n|-damage|p2a: Flutter Mane|0 fnt\n|-heal|p1a: Ogerpon|100\/100 brn|[from] drain|[of] p2a: Flutter Mane\n|faint|p2a: Flutter Mane\n|-end|p2a: Flutter Mane|Protosynthesis|[silent]\n|\n|-damage|p1a: Ogerpon|95\/100 brn|[from] brn\n|upkeep\n|j| MillerH33\n|\n|t:|1738698786\n|switch|p2a: Dondozo|Dondozo, L50, M|100\/100\n|turn|3\n|\n|t:|1738698793\n|move|p2a: Dondozo|Protect|p2a: Dondozo\n|-singleturn|p2a: Dondozo|Protect\n|move|p1b: Thundurus|Thunder Wave|p2a: Dondozo\n|-activate|p2a: Dondozo|move: Protect\n|move|p2b: Chi-Yu|Heat Wave|p1b: Thundurus|[spread] p1a,p1b\n|-resisted|p1a: Ogerpon\n|-damage|p1a: Ogerpon|77\/100 brn\n|-damage|p1b: Thundurus|15\/100\n|-enditem|p1b: Thundurus|Sitrus Berry|[eat]\n|-heal|p1b: Thundurus|40\/100|[from] item: Sitrus Berry\n|move|p1a: Ogerpon|Horn Leech|p2a: Dondozo\n|-activate|p2a: Dondozo|move: Protect\n|\n|-damage|p1a: Ogerpon|71\/100 brn|[from] brn\n|upkeep\n|turn|4\n|\n|t:|1738698810\n|switch|p2b: Tatsugiri|Tatsugiri, L50, F|100\/100\n|-activate|p2b: Tatsugiri|ability: Commander|[of] p2a: Dondozo\n|-boost|p2a: Dondozo|atk|2\n|-boost|p2a: Dondozo|spa|2\n|-boost|p2a: Dondozo|spe|2\n|-boost|p2a: Dondozo|def|2\n|-boost|p2a: Dondozo|spd|2\n|move|p1b: Thundurus|Thunder Wave|p2a: Dondozo\n|-status|p2a: Dondozo|par\n|move|p1a: Ogerpon|Horn Leech|p2b: Tatsugiri|[miss]\n|-miss|p1a: Ogerpon|p2b: Tatsugiri\n|cant|p2a: Dondozo|par\n|\n|-damage|p1a: Ogerpon|65\/100 brn|[from] brn\n|upkeep\n|turn|5\n|\n|t:|1738698823\n|move|p1a: Ogerpon|Follow Me|p1a: Ogerpon\n|-singleturn|p1a: Ogerpon|move: Follow Me\n|move|p1b: Thundurus|Wildbolt Storm|p2b: Tatsugiri|[spread] p2a\n|-miss|p1b: Thundurus|p2b: Tatsugiri\n|-supereffective|p2a: Dondozo\n|-damage|p2a: Dondozo|67\/100 par\n|cant|p2a: Dondozo|par\n|\n|-damage|p1a: Ogerpon|60\/100 brn|[from] brn\n|upkeep\n|turn|6\n|c|\u2606chappell murkroan|well played\n|\n|t:|1738698834\n|move|p1a: Ogerpon|Horn Leech|p2a: Dondozo\n|-supereffective|p2a: Dondozo\n|-damage|p2a: Dondozo|53\/100 par\n|-heal|p1a: Ogerpon|70\/100 brn|[from] drain|[of] p2a: Dondozo\n|move|p1b: Thundurus|Wildbolt Storm|p2b: Tatsugiri|[spread] p2a\n|-miss|p1b: Thundurus|p2b: Tatsugiri\n|-supereffective|p2a: Dondozo\n|-damage|p2a: Dondozo|15\/100 par\n|cant|p2a: Dondozo|par\n|\n|-damage|p1a: Ogerpon|64\/100 brn|[from] brn\n|upkeep\n|turn|7\n|c|\u2606chappell murkroan|...\n|c|\u2606chappell murkroan|what a skillful match\n|-message|chappell murkroan forfeited.\n|\n|win|sleemo2\n|raw|sleemo2's rating: 1570 &rarr; <strong>1596<\/strong><br \/>(+26 for winning)\n|raw|chappell murkroan's rating: 1676 &rarr; <strong>1650<\/strong><br \/>(-26 for losing)\n|l|\u2606chappell murkroan\n|player|p2|\n|l|\u2606sleemo2\n|player|p1|\n","uploadtime":1738699113,"views":23,"formatid":"gen9vgc2025regg","rating":1596,"private":0,"password":null}