{"id":"gen9vgc2025regg-2294465823","format":"[Gen 9] VGC 2025 Reg G","players":["BattleBlazikenVGC","Freshveggies2"],"log":"|j|\u2606BattleBlazikenVGC\n|j|\u2606Freshveggies2\n|t:|1738703313\n|gametype|doubles\n|player|p1|BattleBlazikenVGC|ltsurge|1540\n|player|p2|Freshveggies2|101|1586\n|teamsize|p1|6\n|teamsize|p2|6\n|gen|9\n|tier|[Gen 9] VGC 2025 Reg G\n|rated|\n|rule|Species Clause: Limit one of each Pok\u00e9mon\n|rule|Item Clause: Limit 1 of each item\n|clearpoke\n|poke|p1|Eternatus, L50|\n|poke|p1|Rhydon, L50, M|\n|poke|p1|Grimmsnarl, L50, M|\n|poke|p1|Amoonguss, L50, M|\n|poke|p1|Glastrier, L50|\n|poke|p1|Moltres-Galar, L50|\n|poke|p2|Koraidon, L50|\n|poke|p2|Umbreon, L50, M|\n|poke|p2|Raging Bolt, L50|\n|poke|p2|Flutter Mane, L50|\n|poke|p2|Ogerpon-Cornerstone, L50, F|\n|poke|p2|Entei, L50|\n|teampreview|4\n|inactive|Battle timer is ON: inactive players will automatically lose when time's up. (requested by Freshveggies2)\n|inactive|Freshveggies2 has 60 seconds left.\n|inactive|Freshveggies2 has 30 seconds left.\n|\n|t:|1738703377\n|start\n|switch|p1a: Osborne|Grimmsnarl, L50, M, shiny|100\/100\n|switch|p1b: Bo|Rhydon, L50, M, shiny|100\/100\n|switch|p2a: Koraidon|Koraidon, L50|100\/100\n|switch|p2b: Raging Bolt|Raging Bolt, L50|100\/100\n|-weather|SunnyDay|[from] ability: Orichalcum Pulse|[of] p2a: Koraidon\n|-activate|p2b: Raging Bolt|ability: Protosynthesis\n|-start|p2b: Raging Bolt|protosynthesisspa\n|-activate|p2a: Koraidon|Orichalcum Pulse|[source]\n|turn|1\n|inactive|Freshveggies2 has 30 seconds left.\n|inactive|Freshveggies2 has 20 seconds left.\n|inactive|Freshveggies2 has 15 seconds left.\n|inactive|Freshveggies2 has 10 seconds left.\n|inactive|Freshveggies2 has 5 seconds left.\n|\n|t:|1738703428\n|-terastallize|p1b: Bo|Fairy\n|move|p2a: Koraidon|Protect|p2a: Koraidon\n|-singleturn|p2a: Koraidon|Protect\n|move|p1a: Osborne|Reflect|p1a: Osborne\n|-sidestart|p1: BattleBlazikenVGC|Reflect\n|move|p2b: Raging Bolt|Draco Meteor|p1b: Bo\n|-immune|p1b: Bo\n|move|p1b: Bo|Tera Blast|p2a: Koraidon|[anim] Tera Blast Fairy\n|-activate|p2a: Koraidon|move: Protect\n|\n|-weather|SunnyDay|[upkeep]\n|upkeep\n|turn|2\n|inactive|Freshveggies2 has 30 seconds left.\n|\n|t:|1738703461\n|-end|p2b: Raging Bolt|Protosynthesis|[silent]\n|switch|p2b: Umbreon|Umbreon, L50, M|100\/100\n|-terastallize|p2a: Koraidon|Fire\n|move|p2a: Koraidon|Flare Blitz|p1a: Osborne\n|-damage|p1a: Osborne|13\/100\n|-damage|p2a: Koraidon|68\/100|[from] Recoil\n|move|p1a: Osborne|Spirit Break|p2b: Umbreon\n|-supereffective|p2b: Umbreon\n|-damage|p2b: Umbreon|61\/100\n|-unboost|p2b: Umbreon|spa|1\n|move|p1b: Bo|Tera Blast|p2a: Koraidon|[anim] Tera Blast Fairy\n|-resisted|p2a: Koraidon\n|-damage|p2a: Koraidon|48\/100\n|\n|-weather|SunnyDay|[upkeep]\n|upkeep\n|turn|3\n|inactive|Freshveggies2 has 30 seconds left.\n|inactive|Freshveggies2 has 20 seconds left.\n|inactive|Freshveggies2 has 15 seconds left.\n|\n|t:|1738703505\n|move|p1a: Osborne|Light Screen|p1a: Osborne\n|-sidestart|p1: BattleBlazikenVGC|move: Light Screen\n|move|p2a: Koraidon|Flare Blitz|p1b: Bo\n|-damage|p1b: Bo|58\/100\n|-status|p1b: Bo|brn\n|-damage|p2a: Koraidon|32\/100|[from] Recoil\n|move|p2b: Umbreon|Yawn||[still]\n|-fail|p2b: Umbreon\n|move|p1b: Bo|Rock Slide|p2b: Umbreon|[spread] p2a,p2b\n|-supereffective|p2a: Koraidon\n|-damage|p2a: Koraidon|6\/100\n|-damage|p2b: Umbreon|52\/100\n|\n|-weather|SunnyDay|[upkeep]\n|-damage|p1b: Bo|52\/100 brn|[from] brn\n|upkeep\n|turn|4\n|\n|t:|1738703526\n|switch|p1a: Tahtorak|Eternatus, L50|100\/100\n|-ability|p1a: Tahtorak|Pressure\n|move|p2a: Koraidon|Flare Blitz|p1b: Bo\n|-damage|p1b: Bo|11\/100 brn\n|-damage|p2a: Koraidon|0 fnt|[from] Recoil\n|faint|p2a: Koraidon\n|move|p2b: Umbreon|Moonlight|p2b: Umbreon\n|-heal|p2b: Umbreon|100\/100\n|move|p1b: Bo|Tera Blast|p2b: Umbreon|[anim] Tera Blast Fairy\n|-supereffective|p2b: Umbreon\n|-damage|p2b: Umbreon|72\/100\n|\n|-weather|SunnyDay|[upkeep]\n|-damage|p1b: Bo|5\/100 brn|[from] brn\n|upkeep\n|\n|t:|1738703542\n|switch|p2a: Ogerpon|Ogerpon-Cornerstone, L50, F|100\/100\n|turn|5\n|\n|t:|1738703560\n|move|p2a: Ogerpon|Spiky Shield|p2a: Ogerpon\n|-singleturn|p2a: Ogerpon|move: Protect\n|move|p1a: Tahtorak|Sludge Bomb|p2b: Umbreon\n|-damage|p2b: Umbreon|46\/100\n|move|p2b: Umbreon|Yawn|p1a: Tahtorak\n|-start|p1a: Tahtorak|move: Yawn|[of] p2b: Umbreon\n|move|p1b: Bo|Rock Slide|p2a: Ogerpon|[spread] p2b\n|-activate|p2a: Ogerpon|move: Protect\n|-damage|p2b: Umbreon|37\/100\n|\n|-weather|none\n|-damage|p1b: Bo|0 fnt|[from] brn\n|faint|p1b: Bo\n|upkeep\n|\n|t:|1738703569\n|switch|p1b: Moltres|Moltres-Galar, L50, shiny|100\/100\n|turn|6\n|\n|t:|1738703591\n|move|p2a: Ogerpon|Ivy Cudgel|p1b: Moltres|[anim] Ivy Cudgel Rock\n|-supereffective|p1b: Moltres\n|-damage|p1b: Moltres|33\/100\n|-ability|p1b: Moltres|Berserk|boost\n|-boost|p1b: Moltres|spa|1\n|move|p1a: Tahtorak|Sludge Bomb|p2b: Umbreon\n|-damage|p2b: Umbreon|7\/100\n|move|p1b: Moltres|Fiery Wrath|p2b: Umbreon|[spread] p2a,p2b\n|-resisted|p2b: Umbreon\n|-damage|p2a: Ogerpon|52\/100\n|-damage|p2b: Umbreon|0 fnt\n|faint|p2b: Umbreon\n|\n|-end|p1a: Tahtorak|move: Yawn|[silent]\n|-status|p1a: Tahtorak|slp\n|upkeep\n|\n|t:|1738703601\n|switch|p2b: Raging Bolt|Raging Bolt, L50|100\/100\n|turn|7\n|\n|t:|1738703611\n|move|p1b: Moltres|Protect|p1b: Moltres\n|-singleturn|p1b: Moltres|Protect\n|move|p2a: Ogerpon|Ivy Cudgel|p1b: Moltres|[anim] Ivy Cudgel Rock\n|-activate|p1b: Moltres|move: Protect\n|cant|p1a: Tahtorak|slp\n|move|p2b: Raging Bolt|Thunderbolt|p1a: Tahtorak\n|-resisted|p1a: Tahtorak\n|-damage|p1a: Tahtorak|89\/100 slp\n|\n|-heal|p1a: Tahtorak|95\/100 slp|[from] item: Leftovers\n|upkeep\n|turn|8\n|\n|t:|1738703621\n|move|p2a: Ogerpon|Ivy Cudgel|p1b: Moltres|[anim] Ivy Cudgel Rock\n|-supereffective|p1b: Moltres\n|-damage|p1b: Moltres|0 fnt\n|faint|p1b: Moltres\n|-curestatus|p1a: Tahtorak|slp|[msg]\n|move|p1a: Tahtorak|Sludge Bomb|p2a: Ogerpon\n|-crit|p2a: Ogerpon\n|-damage|p2a: Ogerpon|0 fnt\n|faint|p2a: Ogerpon\n|move|p2b: Raging Bolt|Draco Meteor|p1a: Tahtorak|[miss]\n|-miss|p2b: Raging Bolt|p1a: Tahtorak\n|\n|-heal|p1a: Tahtorak|100\/100|[from] item: Leftovers\n|-sideend|p1: BattleBlazikenVGC|Reflect\n|upkeep\n|\n|t:|1738703624\n|switch|p1b: Osborne|Grimmsnarl, L50, M, shiny|13\/100\n|turn|9\n|\n|t:|1738703639\n|move|p2b: Raging Bolt|Thunderclap|p1b: Osborne\n|-damage|p1b: Osborne|0 fnt\n|faint|p1b: Osborne\n|move|p1a: Tahtorak|Sludge Bomb|p2b: Raging Bolt\n|-damage|p2b: Raging Bolt|71\/100\n|-status|p2b: Raging Bolt|psn\n|\n|-damage|p2b: Raging Bolt|58\/100 psn|[from] psn\n|upkeep\n|turn|10\n|\n|t:|1738703642\n|move|p1a: Tahtorak|Cosmic Power|p1a: Tahtorak\n|-boost|p1a: Tahtorak|def|1\n|-boost|p1a: Tahtorak|spd|1\n|move|p2b: Raging Bolt|Draco Meteor|p1a: Tahtorak\n|-supereffective|p1a: Tahtorak\n|-damage|p1a: Tahtorak|55\/100\n|-unboost|p2b: Raging Bolt|spa|2\n|\n|-heal|p1a: Tahtorak|61\/100|[from] item: Leftovers\n|-damage|p2b: Raging Bolt|46\/100 psn|[from] psn\n|-sideend|p1: BattleBlazikenVGC|move: Light Screen\n|upkeep\n|turn|11\n|\n|t:|1738703650\n|move|p1a: Tahtorak|Recover|p1a: Tahtorak\n|-heal|p1a: Tahtorak|100\/100\n|move|p2b: Raging Bolt|Draco Meteor|p1a: Tahtorak\n|-supereffective|p1a: Tahtorak\n|-damage|p1a: Tahtorak|66\/100\n|-unboost|p2b: Raging Bolt|spa|2\n|\n|-heal|p1a: Tahtorak|73\/100|[from] item: Leftovers\n|-damage|p2b: Raging Bolt|33\/100 psn|[from] psn\n|upkeep\n|turn|12\n|-message|Freshveggies2 forfeited.\n|\n|win|BattleBlazikenVGC\n|raw|BattleBlazikenVGC's rating: 1540 &rarr; <strong>1563<\/strong><br \/>(+23 for winning)\n|raw|Freshveggies2's rating: 1586 &rarr; <strong>1563<\/strong><br \/>(-23 for losing)\n|l|\u2606Freshveggies2\n|player|p2|\n|l|\u2606BattleBlazikenVGC\n|player|p1|\n","uploadtime":1738703662,"views":6,"formatid":"gen9vgc2025regg","rating":1563,"private":0,"password":null}