{"id":"gen9vgc2025regg-2294626964","format":"[Gen 9] VGC 2025 Reg G","players":["xiaobengou123","nerd159"],"log":"|j|\u2606xiaobengou123\n|j|\u2606nerd159\n|t:|1738722886\n|gametype|doubles\n|player|p1|xiaobengou123|twins-gen4dp|1582\n|player|p2|nerd159|1|1588\n|teamsize|p1|6\n|teamsize|p2|6\n|gen|9\n|tier|[Gen 9] VGC 2025 Reg G\n|rated|\n|rule|Species Clause: Limit one of each Pok\u00e9mon\n|rule|Item Clause: Limit 1 of each item\n|clearpoke\n|poke|p1|Calyrex-Ice, L50|\n|poke|p1|Incineroar, L50, F|\n|poke|p1|Ogerpon-Cornerstone, L50, F|\n|poke|p1|Urshifu-*, L50, M|\n|poke|p1|Indeedee-F, L50, F|\n|poke|p1|Raging Bolt, L50|\n|poke|p2|Eternatus, L50|\n|poke|p2|Chien-Pao, L50|\n|poke|p2|Tinkaton, L50, F|\n|poke|p2|Kingambit, L50, F|\n|poke|p2|Farigiraf, L50, M|\n|poke|p2|Urshifu-*, L50, M|\n|teampreview|4\n|inactive|Battle timer is ON: inactive players will automatically lose when time's up. (requested by nerd159)\n|\n|t:|1738722916\n|start\n|switch|p1a: Calyrex|Calyrex-Ice, L50|100\/100\n|switch|p1b: Urshifu|Urshifu-Rapid-Strike, L50, M|100\/100\n|switch|p2a: Eternatus|Eternatus, L50|100\/100\n|switch|p2b: Urshifu|Urshifu-Rapid-Strike, L50, M|100\/100\n|-ability|p1a: Calyrex|As One\n|-ability|p1a: Calyrex|Unnerve\n|-ability|p2a: Eternatus|Pressure\n|turn|1\n|\n|t:|1738722935\n|-terastallize|p2a: Eternatus|Poison\n|move|p2a: Eternatus|Sludge Bomb|p1a: Calyrex\n|-damage|p1a: Calyrex|23\/100\n|-status|p1a: Calyrex|psn\n|move|p1b: Urshifu|Surging Strikes|p2a: Eternatus\n|-crit|p2a: Eternatus\n|-damage|p2a: Eternatus|82\/100\n|-crit|p2a: Eternatus\n|-damage|p2a: Eternatus|64\/100\n|-crit|p2a: Eternatus\n|-damage|p2a: Eternatus|44\/100\n|-hitcount|p2a: Eternatus|3\n|move|p2b: Urshifu|Surging Strikes|p1a: Calyrex\n|-crit|p1a: Calyrex\n|-damage|p1a: Calyrex|7\/100 psn\n|-crit|p1a: Calyrex\n|-damage|p1a: Calyrex|0 fnt\n|faint|p1a: Calyrex\n|-hitcount|p1: Calyrex|2\n|\n|upkeep\n|\n|t:|1738722952\n|switch|p1a: Indeedee|Indeedee-F, L50, F|100\/100\n|-fieldstart|move: Psychic Terrain|[from] ability: Psychic Surge|[of] p1a: Indeedee\n|turn|2\n|\n|t:|1738722958\n|switch|p2a: Tinkaton|Tinkaton, L50, F|100\/100\n|-ability|p2a: Tinkaton|Mold Breaker\n|move|p1a: Indeedee|Follow Me|p1a: Indeedee\n|-singleturn|p1a: Indeedee|move: Follow Me\n|move|p1b: Urshifu|Surging Strikes|p2a: Tinkaton\n|-crit|p2a: Tinkaton\n|-damage|p2a: Tinkaton|79\/100\n|-damage|p1b: Urshifu|84\/100|[from] item: Rocky Helmet|[of] p2a: Tinkaton\n|-crit|p2a: Tinkaton\n|-damage|p2a: Tinkaton|57\/100\n|-damage|p1b: Urshifu|68\/100|[from] item: Rocky Helmet|[of] p2a: Tinkaton\n|-crit|p2a: Tinkaton\n|-damage|p2a: Tinkaton|34\/100\n|-damage|p1b: Urshifu|51\/100|[from] item: Rocky Helmet|[of] p2a: Tinkaton\n|-hitcount|p2a: Tinkaton|3\n|move|p2b: Urshifu|Surging Strikes|p1a: Indeedee\n|-crit|p1a: Indeedee\n|-damage|p1a: Indeedee|78\/100\n|-damage|p2b: Urshifu|84\/100|[from] item: Rocky Helmet|[of] p1a: Indeedee\n|-crit|p1a: Indeedee\n|-damage|p1a: Indeedee|52\/100\n|-damage|p2b: Urshifu|67\/100|[from] item: Rocky Helmet|[of] p1a: Indeedee\n|-crit|p1a: Indeedee\n|-damage|p1a: Indeedee|26\/100\n|-damage|p2b: Urshifu|50\/100|[from] item: Rocky Helmet|[of] p1a: Indeedee\n|-hitcount|p1a: Indeedee|3\n|\n|upkeep\n|turn|3\n|j| vgcvillains\n|inactive|xiaobengou123 has 30 seconds left.\n|l| vgcvillains\n|\n|t:|1738722987\n|move|p1a: Indeedee|Follow Me|p1a: Indeedee\n|-singleturn|p1a: Indeedee|move: Follow Me\n|move|p1b: Urshifu|Surging Strikes|p2a: Tinkaton\n|-crit|p2a: Tinkaton\n|-damage|p2a: Tinkaton|8\/100\n|-damage|p1b: Urshifu|35\/100|[from] item: Rocky Helmet|[of] p2a: Tinkaton\n|-crit|p2a: Tinkaton\n|-damage|p2a: Tinkaton|0 fnt\n|-damage|p1b: Urshifu|18\/100|[from] item: Rocky Helmet|[of] p2a: Tinkaton\n|faint|p2a: Tinkaton\n|-hitcount|p2: Tinkaton|2\n|move|p2b: Urshifu|Surging Strikes|p1a: Indeedee\n|-crit|p1a: Indeedee\n|-damage|p1a: Indeedee|3\/100\n|-damage|p2b: Urshifu|34\/100|[from] item: Rocky Helmet|[of] p1a: Indeedee\n|-crit|p1a: Indeedee\n|-damage|p1a: Indeedee|0 fnt\n|-damage|p2b: Urshifu|17\/100|[from] item: Rocky Helmet|[of] p1a: Indeedee\n|faint|p1a: Indeedee\n|-hitcount|p1: Indeedee|2\n|\n|upkeep\n|\n|t:|1738723004\n|switch|p2a: Eternatus|Eternatus, L50, tera:Poison|44\/100\n|switch|p1a: Ogerpon|Ogerpon-Cornerstone, L50, F|100\/100\n|-ability|p2a: Eternatus|Pressure\n|turn|4\n|\n|t:|1738723033\n|move|p1b: Urshifu|Detect|p1b: Urshifu\n|-singleturn|p1b: Urshifu|Protect\n|move|p2b: Urshifu|Detect|p2b: Urshifu\n|-singleturn|p2b: Urshifu|Protect\n|move|p2a: Eternatus|Sludge Wave|p1b: Urshifu|[spread] p1a\n|-activate|p2b: Urshifu|move: Protect\n|-activate|p1b: Urshifu|move: Protect\n|-ability|p1a: Ogerpon|Sturdy\n|-damage|p1a: Ogerpon|1\/100\n|move|p1a: Ogerpon|Ivy Cudgel|p2a: Eternatus|[anim] Ivy Cudgel Rock\n|-damage|p2a: Eternatus|0 fnt\n|faint|p2a: Eternatus\n|\n|upkeep\n|\n|t:|1738723035\n|switch|p2a: Kingambit|Kingambit, L50, F, shiny|100\/100\n|turn|5\n|\n|t:|1738723055\n|-terastallize|p1b: Urshifu|Stellar\n|move|p2b: Urshifu|Detect||[still]\n|-fail|p2b: Urshifu\n|move|p1a: Ogerpon|Ivy Cudgel|p2b: Urshifu|[anim] Ivy Cudgel Rock\n|-resisted|p2b: Urshifu\n|-damage|p2b: Urshifu|0 fnt\n|faint|p2b: Urshifu\n|move|p1b: Urshifu|Close Combat|p2a: Kingambit\n|-supereffective|p2a: Kingambit\n|-damage|p2a: Kingambit|0 fnt\n|-unboost|p1b: Urshifu|def|1\n|-unboost|p1b: Urshifu|spd|1\n|faint|p2a: Kingambit\n|\n|win|xiaobengou123\n|raw|xiaobengou123's rating: 1582 &rarr; <strong>1602<\/strong><br \/>(+20 for winning)\n|raw|nerd159's rating: 1588 &rarr; <strong>1568<\/strong><br \/>(-20 for losing)\n|l|\u2606nerd159\n|player|p2|\n|l|\u2606xiaobengou123\n|player|p1|\n","uploadtime":1738723291,"views":10,"formatid":"gen9vgc2025regg","rating":1568,"private":0,"password":null}