{"id":"gen9vgc2025regg-2294515486","format":"[Gen 9] VGC 2025 Reg G","players":["Gene10","Av8nt"],"log":"|j|\u2606Gene10\n|j|\u2606Av8nt\n|t:|1738708713\n|gametype|doubles\n|player|p1|Gene10|101|1584\n|player|p2|Av8nt|linebacker|1653\n|teamsize|p1|6\n|teamsize|p2|6\n|gen|9\n|tier|[Gen 9] VGC 2025 Reg G\n|rated|\n|rule|Species Clause: Limit one of each Pok\u00e9mon\n|rule|Item Clause: Limit 1 of each item\n|clearpoke\n|poke|p1|Calyrex-Ice, L50|\n|poke|p1|Urshifu-*, L50, F|\n|poke|p1|Raging Bolt, L50|\n|poke|p1|Rillaboom, L50, M|\n|poke|p1|Pelipper, L50, F|\n|poke|p1|Farigiraf, L50, F|\n|poke|p2|Terapagos, L50, M|\n|poke|p2|Incineroar, L50, M|\n|poke|p2|Grimmsnarl, L50, M|\n|poke|p2|Raging Bolt, L50|\n|poke|p2|Amoonguss, L50, F|\n|poke|p2|Flutter Mane, L50|\n|teampreview|4\n|inactive|Battle timer is ON: inactive players will automatically lose when time's up. (requested by Gene10)\n|c|\u2606Av8nt|glhf\n|\n|t:|1738708742\n|start\n|switch|p1a: Urshifu|Urshifu-Rapid-Strike, L50, F|100\/100\n|switch|p1b: Rillaboom|Rillaboom, L50, M|100\/100\n|switch|p2a: Grimmsnarl|Grimmsnarl, L50, M, shiny|100\/100\n|switch|p2b: Raging Bolt|Raging Bolt, L50|100\/100\n|-fieldstart|move: Grassy Terrain|[from] ability: Grassy Surge|[of] p1b: Rillaboom\n|turn|1\n|\n|t:|1738708754\n|switch|p2a: Amoonguss|Amoonguss, L50, F|100\/100\n|move|p1b: Rillaboom|Fake Out|p2b: Raging Bolt\n|-damage|p2b: Raging Bolt|90\/100\n|move|p1a: Urshifu|Surging Strikes|p2a: Amoonguss\n|-resisted|p2a: Amoonguss\n|-crit|p2a: Amoonguss\n|-damage|p2a: Amoonguss|92\/100\n|-resisted|p2a: Amoonguss\n|-crit|p2a: Amoonguss\n|-damage|p2a: Amoonguss|83\/100\n|-resisted|p2a: Amoonguss\n|-crit|p2a: Amoonguss\n|-damage|p2a: Amoonguss|74\/100\n|-hitcount|p2a: Amoonguss|3\n|cant|p2b: Raging Bolt|flinch\n|\n|-heal|p2b: Raging Bolt|96\/100|[from] Grassy Terrain\n|-heal|p2a: Amoonguss|80\/100|[from] Grassy Terrain\n|upkeep\n|turn|2\n|\n|t:|1738708776\n|switch|p1a: Calyrex|Calyrex-Ice, L50|100\/100\n|-ability|p1a: Calyrex|As One\n|-ability|p1a: Calyrex|Unnerve\n|move|p1b: Rillaboom|U-turn|p2b: Raging Bolt\n|-damage|p2b: Raging Bolt|79\/100\n|\n|t:|1738708785\n|switch|p1b: Pelipper|Pelipper, L50, F|100\/100|[from] U-turn\n|-weather|RainDance|[from] ability: Drizzle|[of] p1b: Pelipper\n|move|p2b: Raging Bolt|Thunderbolt|p1a: Calyrex\n|-damage|p1a: Calyrex|66\/100\n|move|p2a: Amoonguss|Spore|p1a: Calyrex\n|-status|p1a: Calyrex|slp|[from] move: Spore\n|\n|-weather|RainDance|[upkeep]\n|-heal|p2b: Raging Bolt|85\/100|[from] Grassy Terrain\n|-heal|p1a: Calyrex|72\/100 slp|[from] Grassy Terrain\n|-heal|p2a: Amoonguss|86\/100|[from] Grassy Terrain\n|upkeep\n|turn|3\n|\n|t:|1738708798\n|switch|p2a: Grimmsnarl|Grimmsnarl, L50, M, shiny|100\/100\n|move|p1b: Pelipper|Protect|p1b: Pelipper\n|-singleturn|p1b: Pelipper|Protect\n|cant|p1a: Calyrex|slp\n|move|p2b: Raging Bolt|Thunderbolt|p1b: Pelipper\n|-activate|p1b: Pelipper|move: Protect\n|\n|-weather|RainDance|[upkeep]\n|-heal|p2b: Raging Bolt|92\/100|[from] Grassy Terrain\n|-heal|p1a: Calyrex|78\/100 slp|[from] Grassy Terrain\n|upkeep\n|turn|4\n|\n|t:|1738708813\n|-terastallize|p1b: Pelipper|Ground\n|move|p2a: Grimmsnarl|Reflect|p2a: Grimmsnarl\n|-sidestart|p2: Av8nt|Reflect\n|move|p1b: Pelipper|Weather Ball|p2a: Grimmsnarl\n|-damage|p2a: Grimmsnarl|35\/100\n|move|p2b: Raging Bolt|Thunderbolt|p1a: Calyrex\n|-damage|p1a: Calyrex|45\/100 slp\n|-curestatus|p1a: Calyrex|slp|[msg]\n|move|p1a: Calyrex|Glacial Lance|p2b: Raging Bolt|[spread] p2a,p2b\n|-supereffective|p2b: Raging Bolt\n|-damage|p2a: Grimmsnarl|1\/100\n|-damage|p2b: Raging Bolt|31\/100\n|\n|-weather|RainDance|[upkeep]\n|-heal|p2b: Raging Bolt|37\/100|[from] Grassy Terrain\n|-heal|p2a: Grimmsnarl|7\/100|[from] Grassy Terrain\n|-heal|p1a: Calyrex|51\/100|[from] Grassy Terrain\n|upkeep\n|turn|5\n|j| PandaoftheClouds\n|inactive|Gene10 has 30 seconds left.\n|\n|t:|1738708842\n|move|p2a: Grimmsnarl|Light Screen|p2a: Grimmsnarl\n|-sidestart|p2: Av8nt|move: Light Screen\n|move|p1b: Pelipper|Weather Ball|p2b: Raging Bolt\n|-resisted|p2b: Raging Bolt\n|-damage|p2b: Raging Bolt|24\/100\n|move|p2b: Raging Bolt|Thunderbolt|p1a: Calyrex\n|-damage|p1a: Calyrex|15\/100\n|-status|p1a: Calyrex|par\n|move|p1a: Calyrex|Glacial Lance|p2b: Raging Bolt|[spread] p2a,p2b\n|-supereffective|p2b: Raging Bolt\n|-damage|p2a: Grimmsnarl|0 fnt\n|-damage|p2b: Raging Bolt|0 fnt\n|faint|p2a: Grimmsnarl\n|faint|p2b: Raging Bolt\n|-end|p2b: Raging Bolt|Protosynthesis|[silent]\n|-ability|p1a: Calyrex|Chilling Neigh|boost\n|-boost|p1a: Calyrex|atk|2\n|\n|-weather|RainDance|[upkeep]\n|-heal|p1a: Calyrex|21\/100 par|[from] Grassy Terrain\n|-fieldend|move: Grassy Terrain\n|upkeep\n|\n|t:|1738708847\n|switch|p2b: Amoonguss|Amoonguss, L50, F|100\/100\n|switch|p2a: Terapagos|Terapagos, L50, M|100\/100\n|-activate|p2a: Terapagos|ability: Tera Shift\n|detailschange|p2a: Terapagos|Terapagos-Terastal, L50, M\n|-heal|p2a: Terapagos|100\/100|[silent]\n|turn|6\n|\n|t:|1738708859\n|move|p1b: Pelipper|Protect|p1b: Pelipper\n|-singleturn|p1b: Pelipper|Protect\n|move|p2b: Amoonguss|Protect|p2b: Amoonguss\n|-singleturn|p2b: Amoonguss|Protect\n|move|p2a: Terapagos|Calm Mind|p2a: Terapagos\n|-boost|p2a: Terapagos|spa|1\n|-boost|p2a: Terapagos|spd|1\n|move|p1a: Calyrex|Glacial Lance|p2b: Amoonguss|[spread] p2a\n|-activate|p2b: Amoonguss|move: Protect\n|-activate|p2a: Terapagos|ability: Tera Shell\n|-resisted|p2a: Terapagos\n|-damage|p2a: Terapagos|69\/100\n|\n|-weather|none\n|-heal|p2a: Terapagos|75\/100|[from] item: Leftovers\n|upkeep\n|turn|7\n|\n|t:|1738708877\n|move|p1b: Pelipper|Wide Guard|p1b: Pelipper\n|-singleturn|p1b: Pelipper|Wide Guard\n|move|p2a: Terapagos|Tera Starstorm|p1a: Calyrex\n|-damage|p1a: Calyrex|0 fnt\n|faint|p1a: Calyrex\n|move|p2b: Amoonguss|Pollen Puff|p2a: Terapagos\n|-heal|p2a: Terapagos|100\/100\n|\n|upkeep\n|\n|t:|1738708888\n|switch|p1a: Rillaboom|Rillaboom, L50, M|100\/100\n|-fieldstart|move: Grassy Terrain|[from] ability: Grassy Surge|[of] p1a: Rillaboom\n|turn|8\n|\n|t:|1738708892\n|move|p2a: Terapagos|Protect|p2a: Terapagos\n|-singleturn|p2a: Terapagos|Protect\n|move|p2b: Amoonguss|Protect|p2b: Amoonguss\n|-singleturn|p2b: Amoonguss|Protect\n|move|p1a: Rillaboom|Fake Out|p2b: Amoonguss\n|-activate|p2b: Amoonguss|move: Protect\n|move|p1b: Pelipper|Hurricane|p2b: Amoonguss\n|-activate|p2b: Amoonguss|move: Protect\n|\n|upkeep\n|turn|9\n|\n|t:|1738708906\n|-terastallize|p2a: Terapagos|Stellar\n|detailschange|p2a: Terapagos|Terapagos-Stellar, L50, M, tera:Stellar\n|-heal|p2a: Terapagos|100\/100|[silent]\n|-ability|p2a: Terapagos|Teraform Zero\n|-fieldend|move: Grassy Terrain\n|move|p2b: Amoonguss|Protect|p2b: Amoonguss\n|-singleturn|p2b: Amoonguss|Protect\n|move|p2a: Terapagos|Tera Starstorm|p1a: Rillaboom|[spread] p1a,p1b\n|-supereffective|p1b: Pelipper\n|-damage|p1a: Rillaboom|57\/100\n|-enditem|p1b: Pelipper|Focus Sash\n|-damage|p1b: Pelipper|1\/100\n|move|p1b: Pelipper|Hurricane|p2b: Amoonguss\n|-activate|p2b: Amoonguss|move: Protect\n|move|p1a: Rillaboom|Wood Hammer|p2b: Amoonguss\n|-activate|p2b: Amoonguss|move: Protect\n|\n|upkeep\n|turn|10\n|\n|t:|1738708930\n|move|p1b: Pelipper|Protect|p1b: Pelipper\n|-singleturn|p1b: Pelipper|Protect\n|move|p2a: Terapagos|Earth Power|p1b: Pelipper\n|-activate|p1b: Pelipper|move: Protect\n|move|p1a: Rillaboom|Wood Hammer|p2a: Terapagos\n|-damage|p2a: Terapagos|78\/100\n|-damage|p1a: Rillaboom|48\/100|[from] Recoil\n|move|p2b: Amoonguss|Pollen Puff|p2a: Terapagos\n|-heal|p2a: Terapagos|100\/100\n|\n|upkeep\n|turn|11\n|j| losernumber84\n|c|\u2606Av8nt|gg wp\n|-message|Gene10 forfeited.\n|\n|win|Av8nt\n|raw|Gene10's rating: 1584 &rarr; <strong>1568<\/strong><br \/>(-16 for losing)\n|raw|Av8nt's rating: 1653 &rarr; <strong>1669<\/strong><br \/>(+16 for winning)\n|l|\u2606Gene10\n|player|p1|\n|l|\u2606Av8nt\n|player|p2|\n|l| PandaoftheClouds\n","uploadtime":1738709177,"views":5,"formatid":"gen9vgc2025regg","rating":1568,"private":0,"password":null}