{"id":"gen9vgc2025regg-2294343452","format":"[Gen 9] VGC 2025 Reg G","players":["i\u2764\u5a1c\u7984forever","Slackermaru"],"log":"|j|\u2606i\u2764\u5a1c\u7984forever\n|j|\u2606Slackermaru\n|t:|1738691357\n|gametype|doubles\n|player|p1|i\u2764\u5a1c\u7984forever|youngcouple|1576\n|player|p2|Slackermaru|workerice|1666\n|teamsize|p1|6\n|teamsize|p2|6\n|gen|9\n|tier|[Gen 9] VGC 2025 Reg G\n|rated|\n|rule|Species Clause: Limit one of each Pok\u00e9mon\n|rule|Item Clause: Limit 1 of each item\n|clearpoke\n|poke|p1|Groudon, L50|\n|poke|p1|Farigiraf, L50, F|\n|poke|p1|Urshifu-*, L50, F|\n|poke|p1|Flutter Mane, L50|\n|poke|p1|Dragonite, L50, F|\n|poke|p1|Torkoal, L50, M|\n|poke|p2|Calyrex-Ice, L50|\n|poke|p2|Raging Bolt, L50|\n|poke|p2|Urshifu-*, L50, M|\n|poke|p2|Landorus, L50, M|\n|poke|p2|Pelipper, L50, M|\n|poke|p2|Amoonguss, L50, F|\n|teampreview|4\n|\n|t:|1738691378\n|start\n|switch|p1a: Flutter Mane|Flutter Mane, L50|100\/100\n|switch|p1b: Urshifu|Urshifu, L50, F|100\/100\n|switch|p2a: Calyrex|Calyrex-Ice, L50|100\/100\n|switch|p2b: Urshifu|Urshifu-Rapid-Strike, L50, M|100\/100\n|-ability|p2a: Calyrex|As One\n|-ability|p2a: Calyrex|Unnerve\n|turn|1\n|j| caZISA\n|\n|t:|1738691393\n|-terastallize|p2a: Calyrex|Fairy\n|move|p1b: Urshifu|Wicked Blow|p2a: Calyrex\n|-resisted|p2a: Calyrex\n|-crit|p2a: Calyrex\n|-damage|p2a: Calyrex|81\/100\n|move|p1a: Flutter Mane|Dazzling Gleam|p2b: Urshifu|[spread] p2a,p2b\n|-supereffective|p2b: Urshifu\n|-damage|p2a: Calyrex|52\/100\n|-enditem|p2b: Urshifu|Focus Sash\n|-damage|p2b: Urshifu|1\/100\n|move|p2b: Urshifu|Surging Strikes|p1b: Urshifu\n|-crit|p1b: Urshifu\n|-damage|p1b: Urshifu|78\/100\n|-crit|p1b: Urshifu\n|-damage|p1b: Urshifu|53\/100\n|-crit|p1b: Urshifu\n|-damage|p1b: Urshifu|29\/100\n|-hitcount|p1b: Urshifu|3\n|move|p2a: Calyrex|Glacial Lance|p1b: Urshifu|[spread] p1a,p1b\n|-damage|p1a: Flutter Mane|23\/100\n|-damage|p1b: Urshifu|0 fnt\n|faint|p1b: Urshifu\n|-ability|p2a: Calyrex|Chilling Neigh|boost\n|-boost|p2a: Calyrex|atk|1\n|\n|upkeep\n|\n|t:|1738691416\n|switch|p1b: Dragonite|Dragonite, L50, F|100\/100\n|turn|2\n|\n|t:|1738691431\n|move|p2a: Calyrex|Protect|p2a: Calyrex\n|-singleturn|p2a: Calyrex|Protect\n|move|p1a: Flutter Mane|Dazzling Gleam|p2b: Urshifu|[spread] p2b\n|-activate|p2a: Calyrex|move: Protect\n|-supereffective|p2b: Urshifu\n|-damage|p2b: Urshifu|0 fnt\n|faint|p2b: Urshifu\n|move|p1b: Dragonite|Iron Head|p2a: Calyrex\n|-activate|p2a: Calyrex|move: Protect\n|\n|upkeep\n|\n|t:|1738691443\n|switch|p2b: Landorus|Landorus, L50, M|100\/100\n|turn|3\n|\n|t:|1738691455\n|switch|p2a: Pelipper|Pelipper, L50, M|100\/100\n|-weather|RainDance|[from] ability: Drizzle|[of] p2a: Pelipper\n|move|p2b: Landorus|Sludge Bomb|p1a: Flutter Mane\n|-damage|p1a: Flutter Mane|0 fnt\n|faint|p1a: Flutter Mane\n|-end|p1a: Flutter Mane|Protosynthesis|[silent]\n|move|p1b: Dragonite|Iron Head|p2a: Pelipper\n|-resisted|p2a: Pelipper\n|-damage|p2a: Pelipper|76\/100\n|\n|-weather|RainDance|[upkeep]\n|upkeep\n|\n|t:|1738691465\n|switch|p1a: Torkoal|Torkoal, L50, M|100\/100\n|-weather|SunnyDay|[from] ability: Drought|[of] p1a: Torkoal\n|turn|4\n|j| bluestraggler02\n|j| Triple20\n|\n|t:|1738691485\n|-terastallize|p1a: Torkoal|Grass\n|move|p2a: Pelipper|Wide Guard|p2a: Pelipper\n|-singleturn|p2a: Pelipper|Wide Guard\n|move|p2b: Landorus|Sludge Bomb|p1b: Dragonite\n|-damage|p1b: Dragonite|83\/100\n|move|p1b: Dragonite|Iron Head|p2b: Landorus\n|-damage|p2b: Landorus|44\/100\n|move|p1a: Torkoal|Solar Beam||[still]\n|-prepare|p1a: Torkoal|Solar Beam\n|-anim|p1a: Torkoal|Solar Beam|p2a: Pelipper\n|-damage|p2a: Pelipper|0 fnt\n|faint|p2a: Pelipper\n|-damage|p1a: Torkoal|91\/100|[from] item: Life Orb\n|\n|-weather|SunnyDay|[upkeep]\n|upkeep\n|\n|t:|1738691500\n|switch|p2a: Calyrex|Calyrex-Ice, L50, tera:Fairy|52\/100\n|-ability|p2a: Calyrex|As One\n|-ability|p2a: Calyrex|Unnerve\n|turn|5\n|\n|t:|1738691511\n|move|p2b: Landorus|Sludge Bomb|p1a: Torkoal\n|-supereffective|p1a: Torkoal\n|-crit|p1a: Torkoal\n|-damage|p1a: Torkoal|0 fnt\n|faint|p1a: Torkoal\n|move|p1b: Dragonite|Iron Head|p2a: Calyrex\n|-supereffective|p2a: Calyrex\n|-damage|p2a: Calyrex|0 fnt\n|faint|p2a: Calyrex\n|\n|-weather|SunnyDay|[upkeep]\n|upkeep\n|turn|6\n|\n|t:|1738691521\n|move|p2b: Landorus|Sludge Bomb|p1b: Dragonite\n|-damage|p1b: Dragonite|47\/100\n|move|p1b: Dragonite|Iron Head|p2b: Landorus\n|-damage|p2b: Landorus|0 fnt\n|faint|p2b: Landorus\n|\n|win|i\u2764\u5a1c\u7984forever\n|raw|i\u2764\u5a1c\u7984forever's rating: 1576 &rarr; <strong>1601<\/strong><br \/>(+25 for winning)\n|raw|Slackermaru's rating: 1666 &rarr; <strong>1641<\/strong><br \/>(-25 for losing)\n|l|\u2606i\u2764\u5a1c\u7984forever\n|player|p1|\n|l|\u2606Slackermaru\n|player|p2|\n|l| caZISA\n|l| bluestraggler02\n","uploadtime":1738691756,"views":7,"formatid":"gen9vgc2025regg","rating":1601,"private":0,"password":null}