{"id":"gen9vgc2025regg-2294889902","format":"[Gen 9] VGC 2025 Reg G","players":["juanessamal","EEE bulbassalto"],"log":"|j|\u2606juanessamal\n|j|\u2606EEE bulbassalto\n|t:|1738765618\n|gametype|doubles\n|player|p1|juanessamal|266|1624\n|player|p2|EEE bulbassalto|cynthia|1566\n|teamsize|p1|6\n|teamsize|p2|6\n|gen|9\n|tier|[Gen 9] VGC 2025 Reg G\n|rated|\n|rule|Species Clause: Limit one of each Pok\u00e9mon\n|rule|Item Clause: Limit 1 of each item\n|clearpoke\n|poke|p1|Sableye, L50, M|\n|poke|p1|Roaring Moon, L50|\n|poke|p1|Yanmega, L50, M|\n|poke|p1|Groudon, L50|\n|poke|p1|Tornadus, L50, M|\n|poke|p1|Chi-Yu, L50|\n|poke|p2|Zamazenta-*, L50|\n|poke|p2|Entei, L50|\n|poke|p2|Rillaboom, L50, M|\n|poke|p2|Moltres-Galar, L50|\n|poke|p2|Chien-Pao, L50|\n|poke|p2|Amoonguss, L50, F|\n|teampreview|4\n|inactive|Battle timer is ON: inactive players will automatically lose when time's up. (requested by EEE bulbassalto)\n|\n|t:|1738765676\n|start\n|switch|p1a: Roaring Moon|Roaring Moon, L50|100\/100\n|switch|p1b: Chi-Yu|Chi-Yu, L50|100\/100\n|switch|p2a: Entei|Entei, L50|100\/100\n|switch|p2b: Moltres|Moltres-Galar, L50|100\/100\n|-ability|p1b: Chi-Yu|Beads of Ruin\n|-enditem|p1a: Roaring Moon|Booster Energy\n|-activate|p1a: Roaring Moon|ability: Protosynthesis|[fromitem]\n|-start|p1a: Roaring Moon|protosynthesisatk\n|turn|1\n|\n|t:|1738765692\n|-terastallize|p1a: Roaring Moon|Flying\n|move|p1b: Chi-Yu|Heat Wave|p2a: Entei|[spread] p2a,p2b\n|-resisted|p2a: Entei\n|-damage|p2a: Entei|77\/100\n|-damage|p2b: Moltres|56\/100\n|move|p1a: Roaring Moon|Acrobatics|p2a: Entei\n|-damage|p2a: Entei|10\/100\n|move|p2a: Entei|Stomping Tantrum|p1b: Chi-Yu\n|-supereffective|p1b: Chi-Yu\n|-damage|p1b: Chi-Yu|0 fnt\n|faint|p1b: Chi-Yu\n|-damage|p2a: Entei|0 fnt|[from] item: Life Orb\n|faint|p2a: Entei\n|move|p2b: Moltres|Tailwind|p2b: Moltres\n|-sidestart|p2: EEE bulbassalto|move: Tailwind\n|\n|upkeep\n|j| uppercut vgc\n|l| uppercut vgc\n|\n|t:|1738765713\n|switch|p1b: Yanmega|Yanmega, L50, M|100\/100\n|switch|p2a: Chien-Pao|Chien-Pao, L50|100\/100\n|-ability|p2a: Chien-Pao|Sword of Ruin\n|turn|2\n|\n|t:|1738765720\n|move|p1a: Roaring Moon|Protect|p1a: Roaring Moon\n|-singleturn|p1a: Roaring Moon|Protect\n|move|p2a: Chien-Pao|Ice Spinner|p1a: Roaring Moon\n|-activate|p1a: Roaring Moon|move: Protect\n|move|p2b: Moltres|Fiery Wrath|p1b: Yanmega|[spread] p1b\n|-activate|p1a: Roaring Moon|move: Protect\n|-damage|p1b: Yanmega|52\/100\n|move|p1b: Yanmega|Tailwind|p1b: Yanmega\n|-sidestart|p1: juanessamal|move: Tailwind\n|\n|-ability|p1b: Yanmega|Speed Boost|boost\n|-boost|p1b: Yanmega|spe|1\n|upkeep\n|turn|3\n|\n|t:|1738765745\n|move|p1b: Yanmega|Lunge|p2a: Chien-Pao\n|-supereffective|p2a: Chien-Pao\n|-damage|p2a: Chien-Pao|49\/100\n|-unboost|p2a: Chien-Pao|atk|1\n|move|p1a: Roaring Moon|Acrobatics|p2a: Chien-Pao\n|-damage|p2a: Chien-Pao|0 fnt\n|faint|p2a: Chien-Pao\n|move|p2b: Moltres|Air Slash|p1b: Yanmega\n|-supereffective|p1b: Yanmega\n|-damage|p1b: Yanmega|0 fnt\n|faint|p1b: Yanmega\n|\n|upkeep\n|\n|t:|1738765756\n|switch|p2a: Zamazenta|Zamazenta-Crowned, L50|100\/100\n|switch|p1b: Groudon|Groudon, L50, shiny|100\/100\n|-ability|p2a: Zamazenta|Dauntless Shield|boost\n|-boost|p2a: Zamazenta|def|1\n|-weather|SunnyDay|[from] ability: Drought|[of] p1b: Groudon\n|turn|4\n|\n|t:|1738765768\n|-terastallize|p2a: Zamazenta|Fighting\n|move|p1a: Roaring Moon|Acrobatics|p2b: Moltres\n|-damage|p2b: Moltres|0 fnt\n|faint|p2b: Moltres\n|move|p2a: Zamazenta|Body Press|p1b: Groudon\n|-damage|p1b: Groudon|44\/100\n|move|p1b: Groudon|Swords Dance|p1b: Groudon\n|-boost|p1b: Groudon|atk|2\n|\n|-weather|SunnyDay|[upkeep]\n|-sideend|p2: EEE bulbassalto|move: Tailwind\n|upkeep\n|turn|5\n|-message|EEE bulbassalto forfeited.\n|\n|win|juanessamal\n|raw|juanessamal's rating: 1624 &rarr; <strong>1641<\/strong><br \/>(+17 for winning)\n|raw|EEE bulbassalto's rating: 1566 &rarr; <strong>1549<\/strong><br \/>(-17 for losing)\n|l|\u2606EEE bulbassalto\n|player|p2|\n|l|\u2606juanessamal\n|player|p1|\n","uploadtime":1738765997,"views":12,"formatid":"gen9vgc2025regg","rating":1549,"private":0,"password":null}