{"id":"gen9vgc2025regg-2294543169","format":"[Gen 9] VGC 2025 Reg G","players":["GubbsVGC","Hikawari"],"log":"|j|\u2606GubbsVGC\n|j|\u2606Hikawari\n|t:|1738712050\n|gametype|doubles\n|player|p1|GubbsVGC|102|1558\n|player|p2|Hikawari|265|1611\n|teamsize|p1|6\n|teamsize|p2|6\n|gen|9\n|tier|[Gen 9] VGC 2025 Reg G\n|rated|\n|rule|Species Clause: Limit one of each Pok\u00e9mon\n|rule|Item Clause: Limit 1 of each item\n|clearpoke\n|poke|p1|Dialga-Origin, L50|\n|poke|p1|Murkrow, L50, F|\n|poke|p1|Pelipper, L50, F|\n|poke|p1|Clefable, L50, F|\n|poke|p1|Iron Hands, L50|\n|poke|p1|Ursaluna, L50, M|\n|poke|p2|Zamazenta-*, L50|\n|poke|p2|Chi-Yu, L50|\n|poke|p2|Rillaboom, L50, F|\n|poke|p2|Flutter Mane, L50|\n|poke|p2|Chien-Pao, L50|\n|poke|p2|Amoonguss, L50, M|\n|teampreview|4\n|inactive|Battle timer is ON: inactive players will automatically lose when time's up. (requested by Hikawari)\n|inactive|GubbsVGC has 60 seconds left.\n|j| Reflextive\n|inactive|GubbsVGC has 30 seconds left.\nHikawari has agreed to open team sheets.\n|inactive|GubbsVGC has 20 seconds left.\n|inactive|GubbsVGC has 15 seconds left.\n|inactive|GubbsVGC has 10 seconds left.\n|inactive|GubbsVGC has 5 seconds left.\n|\n|t:|1738712141\n|start\n|switch|p1a: Iron Hands|Iron Hands, L50|100\/100\n|switch|p1b: Pelipper|Pelipper, L50, F|100\/100\n|switch|p2a: Zamazenta|Zamazenta-Crowned, L50|100\/100\n|switch|p2b: Chien-Pao|Chien-Pao, L50|100\/100\n|-ability|p2b: Chien-Pao|Sword of Ruin\n|-ability|p2a: Zamazenta|Dauntless Shield|boost\n|-boost|p2a: Zamazenta|def|1\n|-weather|RainDance|[from] ability: Drizzle|[of] p1b: Pelipper\n|turn|1\n|j| mr pogostick\n|inactive|Hikawari has 30 seconds left.\n|\n|t:|1738712170\n|move|p1b: Pelipper|Protect|p1b: Pelipper\n|-singleturn|p1b: Pelipper|Protect\n|move|p2b: Chien-Pao|Icicle Crash|p1b: Pelipper\n|-activate|p1b: Pelipper|move: Protect\n|move|p2a: Zamazenta|Body Press|p1b: Pelipper\n|-activate|p1b: Pelipper|move: Protect\n|move|p1a: Iron Hands|Drain Punch|p2a: Zamazenta\n|-supereffective|p2a: Zamazenta\n|-damage|p2a: Zamazenta|60\/100\n|\n|-weather|RainDance|[upkeep]\n|upkeep\n|turn|2\n|inactive|GubbsVGC has 30 seconds left.\n|\n|t:|1738712201\n|switch|p1b: Clefable|Clefable, L50, F|100\/100\n|-terastallize|p2b: Chien-Pao|Ghost\n|move|p2b: Chien-Pao|Icicle Crash|p1b: Clefable\n|-damage|p1b: Clefable|38\/100\n|move|p2a: Zamazenta|Body Press|p1b: Clefable\n|-resisted|p1b: Clefable\n|-damage|p1b: Clefable|4\/100\n|-damage|p2a: Zamazenta|44\/100|[from] item: Rocky Helmet|[of] p1b: Clefable\n|move|p1a: Iron Hands|Drain Punch|p2a: Zamazenta\n|-supereffective|p2a: Zamazenta\n|-damage|p2a: Zamazenta|4\/100\n|\n|-weather|RainDance|[upkeep]\n|upkeep\n|turn|3\n|inactive|GubbsVGC has 30 seconds left.\n|inactive|GubbsVGC has 20 seconds left.\n|inactive|GubbsVGC has 15 seconds left.\n|\n|t:|1738712244\n|move|p1b: Clefable|Protect|p1b: Clefable\n|-singleturn|p1b: Clefable|Protect\n|move|p2b: Chien-Pao|Icicle Crash|p1a: Iron Hands\n|-damage|p1a: Iron Hands|61\/100\n|move|p2a: Zamazenta|Body Press|p1a: Iron Hands\n|-damage|p1a: Iron Hands|0 fnt\n|faint|p1a: Iron Hands\n|-end|p1a: Iron Hands|Quark Drive|[silent]\n|\n|-weather|RainDance|[upkeep]\n|upkeep\n|\n|t:|1738712258\n|switch|p1a: Ursaluna|Ursaluna, L50, M|100\/100\n|turn|4\n|\n|t:|1738712273\n|-terastallize|p1a: Ursaluna|Water\n|move|p2a: Zamazenta|Protect|p2a: Zamazenta\n|-singleturn|p2a: Zamazenta|Protect\n|move|p1b: Clefable|Follow Me|p1b: Clefable\n|-singleturn|p1b: Clefable|move: Follow Me\n|move|p2b: Chien-Pao|Icicle Crash|p1b: Clefable\n|-damage|p1b: Clefable|0 fnt\n|faint|p1b: Clefable\n|move|p1a: Ursaluna|Earthquake|p2b: Chien-Pao|[spread] p2b\n|-activate|p2a: Zamazenta|move: Protect\n|-damage|p2b: Chien-Pao|48\/100\n|\n|-weather|RainDance|[upkeep]\n|-status|p1a: Ursaluna|brn|[from] item: Flame Orb\n|upkeep\n|\n|t:|1738712289\n|switch|p1b: Pelipper|Pelipper, L50, F|100\/100\n|turn|5\n|\n|t:|1738712316\n|move|p2b: Chien-Pao|Icicle Crash|p1b: Pelipper\n|-damage|p1b: Pelipper|12\/100\n|move|p2a: Zamazenta|Body Press|p1a: Ursaluna\n|-damage|p1a: Ursaluna|21\/100 brn\n|move|p1b: Pelipper|Hurricane|p2a: Zamazenta\n|-damage|p2a: Zamazenta|0 fnt\n|faint|p2a: Zamazenta\n|move|p1a: Ursaluna|Earthquake|p2b: Chien-Pao|[spread] p2b\n|-immune|p1b: Pelipper\n|-damage|p2b: Chien-Pao|0 fnt\n|faint|p2b: Chien-Pao\n|\n|-weather|none\n|-damage|p1a: Ursaluna|16\/100 brn|[from] brn\n|upkeep\n|\n|t:|1738712324\n|switch|p2b: Amoonguss|Amoonguss, L50, M|100\/100\n|switch|p2a: Rillaboom|Rillaboom, L50, F|100\/100\n|-fieldstart|move: Grassy Terrain|[from] ability: Grassy Surge|[of] p2a: Rillaboom\n|turn|6\n|l| mr pogostick\n|\n|t:|1738712341\n|move|p1a: Ursaluna|Protect|p1a: Ursaluna\n|-singleturn|p1a: Ursaluna|Protect\n|move|p2a: Rillaboom|Grassy Glide|p1a: Ursaluna\n|-activate|p1a: Ursaluna|move: Protect\n|move|p1b: Pelipper|Hurricane|p2a: Rillaboom\n|-supereffective|p2a: Rillaboom\n|-damage|p2a: Rillaboom|42\/100\n|move|p2b: Amoonguss|Sludge Bomb|p1b: Pelipper\n|-damage|p1b: Pelipper|0 fnt\n|faint|p1b: Pelipper\n|\n|-heal|p1a: Ursaluna|21\/100 brn|[from] Grassy Terrain\n|-heal|p2a: Rillaboom|47\/100|[from] Grassy Terrain\n|-damage|p1a: Ursaluna|16\/100 brn|[from] brn\n|upkeep\n|turn|7\n|-message|GubbsVGC forfeited.\n|\n|win|Hikawari\n|raw|GubbsVGC's rating: 1558 &rarr; <strong>1541<\/strong><br \/>(-17 for losing)\n|raw|Hikawari's rating: 1611 &rarr; <strong>1628<\/strong><br \/>(+17 for winning)\n|l|\u2606GubbsVGC\n|player|p1|\n|l|\u2606Hikawari\n|player|p2|\n","uploadtime":1738712499,"views":9,"formatid":"gen9vgc2025regg","rating":1541,"private":0,"password":null}