{"id":"gen9vgc2025regg-2294873862","format":"[Gen 9] VGC 2025 Reg G","players":["actuary97","Dearp"],"log":"|j|\u2606actuary97\n|j|\u2606Dearp\n|t:|1738763794\n|gametype|doubles\n|player|p1|actuary97|sabrina-frlg|1549\n|player|p2|Dearp|battlegirl|1616\n|teamsize|p1|6\n|teamsize|p2|6\n|gen|9\n|tier|[Gen 9] VGC 2025 Reg G\n|rated|\n|rule|Species Clause: Limit one of each Pok\u00e9mon\n|rule|Item Clause: Limit 1 of each item\n|clearpoke\n|poke|p1|Amoonguss, L50, F|\n|poke|p1|Comfey, L50, M|\n|poke|p1|Whimsicott, L50, M|\n|poke|p1|Rotom-Wash, L50|\n|poke|p1|Kyogre, L50|\n|poke|p1|Archaludon, L50, M|\n|poke|p2|Heatran, L50, M|\n|poke|p2|Sinistcha, L50|\n|poke|p2|Annihilape, L50, F|\n|poke|p2|Calyrex-Ice, L50|\n|poke|p2|Indeedee-F, L50, F|\n|poke|p2|Iron Valiant, L50|\n|teampreview|4\nactuary97 has agreed to open team sheets.\nDearp has agreed to open team sheets.\n|showteam|p1|Amoonguss||RockyHelmet|Regenerator|ClearSmog,PollenPuff,RagePowder,Spore|||F|||50|,,,,,Water]Comfey||MentalHerb|Triage|DrainingKiss,Taunt,FloralHealing,TrickRoom|||M|||50|,,,,,Fire]Whimsicott||FocusSash|Prankster|BeatUp,Moonblast,Encore,Tailwind|||M|||50|,,,,,Ghost]Rotom-Wash||LifeOrb|Levitate|Thunder,HydroPump,WillOWisp,Hex||||||50|,,,,,Ghost]Kyogre||CovertCloak|Drizzle|OriginPulse,IceBeam,CalmMind,Protect||||||50|,,,,,Grass]Archaludon||AssaultVest|Stamina|ElectroShot,FlashCannon,Snarl,BodyPress|||M|||50|,,,,,Flying\n|showteam|p2|Heatran||ZoomLens|FlashFire|MagmaStorm,WillOWisp,HeavySlam,Protect|||M|||50|,,,,,Bug]Sinistcha||RockyHelmet|Hospitality|MatchaGotcha,Protect,LifeDew,RagePowder||||||50|,,,,,Dark]Annihilape||FocusSash|Defiant|CloseCombat,RageFist,Coaching,Taunt|||F|||50|,,,,,Normal]Calyrex-Ice||AssaultVest|AsOneGlastrier|GlacialLance,HighHorsepower,Crunch,SeedBomb||||||50|,,,,,Water]Indeedee-F||PsychicSeed|PsychicSurge|FollowMe,Psychic,TrickRoom,HealPulse|||F|||50|,,,,,Fairy]Iron Valiant||BoosterEnergy|QuarkDrive|Moonblast,Encore,Coaching,Disable||||||50|,,,,,Ghost\n|j| Lu7g33\n|\n|t:|1738763814\n|start\n|switch|p1a: Whimsicott|Whimsicott, L50, M, shiny|100\/100\n|switch|p1b: Archaludon|Archaludon, L50, M, shiny|100\/100\n|switch|p2a: Calyrex|Calyrex-Ice, L50|100\/100\n|switch|p2b: Annihilape|Annihilape, L50, F|100\/100\n|-ability|p2a: Calyrex|As One\n|-ability|p2a: Calyrex|Unnerve\n|turn|1\n|l| Lu7g33\n|\n|t:|1738763845\n|move|p1a: Whimsicott|Beat Up|p1b: Archaludon\n|-damage|p1b: Archaludon|99\/100\n|-ability|p1b: Archaludon|Stamina|boost\n|-boost|p1b: Archaludon|def|1\n|-crit|p1b: Archaludon\n|-damage|p1b: Archaludon|96\/100\n|-ability|p1b: Archaludon|Stamina|boost\n|-boost|p1b: Archaludon|def|1\n|-damage|p1b: Archaludon|95\/100\n|-ability|p1b: Archaludon|Stamina|boost\n|-boost|p1b: Archaludon|def|1\n|-damage|p1b: Archaludon|94\/100\n|-ability|p1b: Archaludon|Stamina|boost\n|-boost|p1b: Archaludon|def|1\n|-hitcount|p1b: Archaludon|4\n|move|p2b: Annihilape|Rage Fist|p1a: Whimsicott\n|-damage|p1a: Whimsicott|61\/100\n|move|p1b: Archaludon|Body Press|p2a: Calyrex\n|-damage|p2a: Calyrex|55\/100\n|move|p2a: Calyrex|Glacial Lance|p1b: Archaludon|[spread] p1a,p1b\n|-supereffective|p1a: Whimsicott\n|-damage|p1a: Whimsicott|0 fnt\n|-damage|p1b: Archaludon|79\/100\n|-ability|p1b: Archaludon|Stamina|boost\n|-boost|p1b: Archaludon|def|1\n|faint|p1a: Whimsicott\n|-ability|p2a: Calyrex|Chilling Neigh|boost\n|-boost|p2a: Calyrex|atk|1\n|\n|upkeep\n|\n|t:|1738763857\n|switch|p1a: Kyogre|Kyogre, L50, shiny|100\/100\n|-weather|RainDance|[from] ability: Drizzle|[of] p1a: Kyogre\n|turn|2\n|\n|t:|1738763884\n|switch|p2b: Sinistcha|Sinistcha, L50|100\/100\n|-heal|p2a: Calyrex|80\/100|[from] ability: Hospitality|[of] p2b: Sinistcha\n|move|p1a: Kyogre|Origin Pulse|p2b: Sinistcha|[spread] p2a,p2b\n|-resisted|p2b: Sinistcha\n|-damage|p2a: Calyrex|47\/100\n|-damage|p2b: Sinistcha|66\/100\n|move|p1b: Archaludon|Electro Shot||[still]\n|-prepare|p1b: Archaludon|Electro Shot\n|-boost|p1b: Archaludon|spa|1\n|-anim|p1b: Archaludon|Electro Shot|p2a: Calyrex\n|-damage|p2a: Calyrex|19\/100\n|move|p2a: Calyrex|Seed Bomb|p1a: Kyogre\n|-supereffective|p1a: Kyogre\n|-damage|p1a: Kyogre|7\/100\n|\n|-weather|RainDance|[upkeep]\n|upkeep\n|turn|3\n|\n|t:|1738763914\n|switch|p1a: Rotom|Rotom-Wash, L50|100\/100\n|move|p1b: Archaludon|Snarl|p2a: Calyrex|[spread] p2a,p2b\n|-supereffective|p2a: Calyrex\n|-supereffective|p2b: Sinistcha\n|-damage|p2a: Calyrex|0 fnt\n|-damage|p2b: Sinistcha|29\/100\n|-unboost|p2b: Sinistcha|spa|1\n|faint|p2a: Calyrex\n|move|p2b: Sinistcha|Matcha Gotcha|p1b: Archaludon|[spread] p1a,p1b\n|-supereffective|p1a: Rotom\n|-resisted|p1b: Archaludon\n|-damage|p1a: Rotom|65\/100\n|-heal|p2b: Sinistcha|45\/100|[from] drain|[of] p1a: Rotom\n|-damage|p1b: Archaludon|77\/100\n|-heal|p2b: Sinistcha|46\/100|[from] drain|[of] p1b: Archaludon\n|-ability|p1b: Archaludon|Stamina|boost\n|-boost|p1b: Archaludon|def|1\n|\n|-weather|RainDance|[upkeep]\n|upkeep\n|\n|t:|1738763939\n|switch|p2a: Iron Valiant|Iron Valiant, L50|100\/100\n|-enditem|p2a: Iron Valiant|Booster Energy\n|-activate|p2a: Iron Valiant|ability: Quark Drive|[fromitem]\n|-start|p2a: Iron Valiant|quarkdrivespe\n|turn|4\n|\n|t:|1738763963\n|move|p2b: Sinistcha|Rage Powder|p2b: Sinistcha\n|-singleturn|p2b: Sinistcha|move: Rage Powder\n|move|p2a: Iron Valiant|Encore|p1b: Archaludon\n|-start|p1b: Archaludon|Encore\n|move|p1b: Archaludon|Snarl|p2b: Sinistcha|[spread] p2a,p2b\n|-resisted|p2a: Iron Valiant\n|-supereffective|p2b: Sinistcha\n|-damage|p2a: Iron Valiant|94\/100\n|-damage|p2b: Sinistcha|3\/100\n|-unboost|p2a: Iron Valiant|spa|1\n|-unboost|p2b: Sinistcha|spa|1\n|move|p1a: Rotom|Will-O-Wisp|p2b: Sinistcha\n|-status|p2b: Sinistcha|brn\n|\n|-weather|RainDance|[upkeep]\n|-damage|p2b: Sinistcha|0 fnt|[from] brn\n|faint|p2b: Sinistcha\n|upkeep\n|\n|t:|1738763982\n|switch|p2b: Annihilape|Annihilape, L50, F|100\/100\n|turn|5\n|\n|t:|1738764006\n|switch|p1b: Kyogre|Kyogre, L50, shiny|7\/100\n|move|p2a: Iron Valiant|Coaching|p2b: Annihilape\n|-boost|p2b: Annihilape|atk|1\n|-boost|p2b: Annihilape|def|1\n|move|p2b: Annihilape|Close Combat|p1a: Rotom\n|-damage|p1a: Rotom|0 fnt\n|-unboost|p2b: Annihilape|def|1\n|-unboost|p2b: Annihilape|spd|1\n|faint|p1a: Rotom\n|\n|-weather|RainDance|[upkeep]\n|upkeep\n|\n|t:|1738764014\n|switch|p1a: Archaludon|Archaludon, L50, M, shiny|77\/100\n|turn|6\n|\n|t:|1738764028\n|-terastallize|p1a: Archaludon|Flying\n|move|p2a: Iron Valiant|Moonblast|p1b: Kyogre\n|-damage|p1b: Kyogre|0 fnt\n|faint|p1b: Kyogre\n|move|p2b: Annihilape|Close Combat|p1a: Archaludon\n|-resisted|p1a: Archaludon\n|-damage|p1a: Archaludon|48\/100\n|-unboost|p2b: Annihilape|def|1\n|-unboost|p2b: Annihilape|spd|1\n|-ability|p1a: Archaludon|Stamina|boost\n|-boost|p1a: Archaludon|def|1\n|move|p1a: Archaludon|Flash Cannon|p2a: Iron Valiant\n|-supereffective|p2a: Iron Valiant\n|-damage|p2a: Iron Valiant|0 fnt\n|faint|p2a: Iron Valiant\n|-end|p2a: Iron Valiant|Quark Drive|[silent]\n|\n|-weather|none\n|upkeep\n|turn|7\n|\n|t:|1738764052\n|move|p2b: Annihilape|Close Combat|p1a: Archaludon\n|-resisted|p1a: Archaludon\n|-damage|p1a: Archaludon|27\/100\n|-unboost|p2b: Annihilape|def|1\n|-unboost|p2b: Annihilape|spd|1\n|-ability|p1a: Archaludon|Stamina|boost\n|-boost|p1a: Archaludon|def|1\n|move|p1a: Archaludon|Electro Shot||[still]\n|-prepare|p1a: Archaludon|Electro Shot\n|-boost|p1a: Archaludon|spa|1\n|\n|upkeep\n|turn|8\n|\n|t:|1738764058\n|move|p2b: Annihilape|Close Combat|p1a: Archaludon\n|-resisted|p1a: Archaludon\n|-damage|p1a: Archaludon|12\/100\n|-unboost|p2b: Annihilape|def|1\n|-unboost|p2b: Annihilape|spd|1\n|-ability|p1a: Archaludon|Stamina|boost\n|-boost|p1a: Archaludon|def|1\n|move|p1a: Archaludon|Electro Shot|p2b: Annihilape|[from] lockedmove\n|-enditem|p2b: Annihilape|Focus Sash\n|-damage|p2b: Annihilape|1\/100\n|\n|upkeep\n|turn|9\n|\n|t:|1738764065\n|move|p2b: Annihilape|Rage Fist|p1a: Archaludon\n|-damage|p1a: Archaludon|0 fnt\n|faint|p1a: Archaludon\n|\n|win|Dearp\n|raw|actuary97's rating: 1549 &rarr; <strong>1532<\/strong><br \/>(-17 for losing)\n|raw|Dearp's rating: 1605 &rarr; <strong>1622<\/strong><br \/>(+17 for winning)\n|l|\u2606Dearp\n|player|p2|\n|l|\u2606actuary97\n|player|p1|\n","uploadtime":1738764332,"views":17,"formatid":"gen9vgc2025regg","rating":1532,"private":0,"password":null}