{"id":"gen9vgc2025regg-2294536450","format":"[Gen 9] VGC 2025 Reg G","players":["bertscai","pokehys2"],"log":"|j|\u2606bertscai\n|j|\u2606pokehys2\n|t:|1738711224\n|gametype|doubles\n|player|p1|bertscai|zinzolin|1535\n|player|p2|pokehys2|2|1596\n|teamsize|p1|6\n|teamsize|p2|6\n|gen|9\n|tier|[Gen 9] VGC 2025 Reg G\n|rated|\n|rule|Species Clause: Limit one of each Pok\u00e9mon\n|rule|Item Clause: Limit 1 of each item\n|clearpoke\n|poke|p1|Weezing-Galar, L50, F|\n|poke|p1|Calyrex-Shadow, L50|\n|poke|p1|Dondozo, L50, F|\n|poke|p1|Tatsugiri-Droopy, L50, F|\n|poke|p1|Entei, L50|\n|poke|p1|Ogerpon-Cornerstone, L50, F|\n|poke|p2|Weezing-Galar, L50, F|\n|poke|p2|Iron Valiant, L50|\n|poke|p2|Calyrex-Shadow, L50|\n|poke|p2|Roaring Moon, L50|\n|poke|p2|Maushold, L50|\n|poke|p2|Okidogi, L50, M|\n|teampreview|4\n|inactive|Battle timer is ON: inactive players will automatically lose when time's up. (requested by pokehys2)\n|inactive|pokehys2 has 60 seconds left.\n|\n|t:|1738711255\n|start\n|switch|p1a: Entei|Entei, L50|100\/100\n|switch|p1b: Ogerpon|Ogerpon-Cornerstone, L50, F|100\/100\n|switch|p2a: Roaring Moon|Roaring Moon, L50|100\/100\n|switch|p2b: Okidogi|Okidogi, L50, M|100\/100\n|-enditem|p2a: Roaring Moon|Booster Energy\n|-activate|p2a: Roaring Moon|ability: Protosynthesis|[fromitem]\n|-start|p2a: Roaring Moon|protosynthesisspe\n|turn|1\n|\n|t:|1738711277\n|move|p1b: Ogerpon|Spiky Shield|p1b: Ogerpon\n|-singleturn|p1b: Ogerpon|move: Protect\n|move|p2a: Roaring Moon|Tailwind|p2a: Roaring Moon\n|-sidestart|p2: pokehys2|move: Tailwind\n|move|p2b: Okidogi|Drain Punch|p1a: Entei\n|-damage|p1a: Entei|66\/100\n|move|p1a: Entei|Sacred Fire|p2b: Okidogi\n|-damage|p2b: Okidogi|60\/100\n|\n|upkeep\n|turn|2\n|\n|t:|1738711298\n|move|p2a: Roaring Moon|Knock Off|p1a: Entei\n|-damage|p1a: Entei|15\/100\n|-enditem|p1a: Entei|Assault Vest|[from] move: Knock Off|[of] p2a: Roaring Moon\n|move|p2b: Okidogi|Drain Punch|p1a: Entei\n|-damage|p1a: Entei|0 fnt\n|-heal|p2b: Okidogi|68\/100|[from] drain|[of] p1a: Entei\n|faint|p1a: Entei\n|move|p1b: Ogerpon|Ivy Cudgel|p2a: Roaring Moon|[anim] Ivy Cudgel Rock\n|-damage|p2a: Roaring Moon|29\/100\n|\n|upkeep\n|\n|t:|1738711308\n|switch|p1a: Weezing|Weezing-Galar, L50, F, shiny|100\/100\n|-ability|p1a: Weezing|Neutralizing Gas\n|turn|3\n|\n|t:|1738711332\n|switch|p2b: Maushold|Maushold, L50|100\/100\n|move|p2a: Roaring Moon|Protect|p2a: Roaring Moon\n|-singleturn|p2a: Roaring Moon|Protect\n|move|p1b: Ogerpon|Ivy Cudgel|p2b: Maushold|[anim] Ivy Cudgel Rock\n|-damage|p2b: Maushold|38\/100\n|move|p1a: Weezing|Dazzling Gleam|p2b: Maushold|[spread] p2b\n|-activate|p2a: Roaring Moon|move: Protect\n|-damage|p2b: Maushold|18\/100\n|\n|upkeep\n|turn|4\n|inactive|pokehys2 has 30 seconds left.\n|inactive|bertscai has 30 seconds left.\n|inactive|pokehys2 has 20 seconds left.\n|inactive|pokehys2 has 15 seconds left.\n|inactive|pokehys2 has 10 seconds left.\n|j| Reflextive\n|inactive|pokehys2 has 5 seconds left.\n|\n|t:|1738711386\n|move|p1b: Ogerpon|Spiky Shield|p1b: Ogerpon\n|-singleturn|p1b: Ogerpon|move: Protect\n|move|p2b: Maushold|Feint|p1b: Ogerpon\n|-activate|p1b: Ogerpon|move: Feint\n|-resisted|p1b: Ogerpon\n|-damage|p1b: Ogerpon|96\/100\n|move|p2a: Roaring Moon|Acrobatics|p1b: Ogerpon\n|-damage|p1b: Ogerpon|40\/100\n|move|p1a: Weezing|Dazzling Gleam|p2a: Roaring Moon|[spread] p2a,p2b\n|-supereffective|p2a: Roaring Moon\n|-damage|p2a: Roaring Moon|0 fnt\n|-damage|p2b: Maushold|0 fnt\n|faint|p2a: Roaring Moon\n|-end|p2a: Roaring Moon|Protosynthesis|[silent]\n|faint|p2b: Maushold\n|\n|-sideend|p2: pokehys2|move: Tailwind\n|upkeep\n|\n|t:|1738711391\n|switch|p2a: Calyrex|Calyrex-Shadow, L50|100\/100\n|switch|p2b: Okidogi|Okidogi, L50, M|68\/100\n|-ability|p2a: Calyrex|As One\n|-ability|p2a: Calyrex|Unnerve\n|turn|5\n|inactive|pokehys2 has 30 seconds left.\n|\n|t:|1738711420\n|move|p2a: Calyrex|Astral Barrage|p1b: Ogerpon|[spread] p1a,p1b\n|-damage|p1a: Weezing|12\/100\n|-damage|p1b: Ogerpon|0 fnt\n|faint|p1b: Ogerpon\n|-ability|p2a: Calyrex|Grim Neigh|boost\n|-boost|p2a: Calyrex|spa|1\n|move|p2b: Okidogi|Gunk Shot|p1a: Weezing\n|-damage|p1a: Weezing|0 fnt\n|faint|p1a: Weezing\n|-end|p1a: Weezing|ability: Neutralizing Gas\n|\n|upkeep\n|\n|t:|1738711428\n|switch|p1b: Calyrex|Calyrex-Shadow, L50|100\/100\n|-ability|p1b: Calyrex|As One\n|-ability|p1b: Calyrex|Unnerve\n|turn|6\n|\n|t:|1738711444\n|move|p1b: Calyrex|Protect|p1b: Calyrex\n|-singleturn|p1b: Calyrex|Protect\n|move|p2a: Calyrex|Astral Barrage|p1b: Calyrex\n|-activate|p1b: Calyrex|move: Protect\n|move|p2b: Okidogi|Knock Off|p1b: Calyrex\n|-activate|p1b: Calyrex|move: Protect\n|\n|upkeep\n|turn|7\n|inactive|pokehys2 has 30 seconds left.\n|inactive|pokehys2 has 20 seconds left.\n|\n|t:|1738711480\n|-terastallize|p1b: Calyrex|Normal\n|move|p1b: Calyrex|Psyshock|p2b: Okidogi\n|-supereffective|p2b: Okidogi\n|-damage|p2b: Okidogi|0 fnt\n|faint|p2b: Okidogi\n|-ability|p1b: Calyrex|Grim Neigh|boost\n|-boost|p1b: Calyrex|spa|1\n|-damage|p1b: Calyrex|91\/100|[from] item: Life Orb\n|move|p2a: Calyrex|Astral Barrage|p1b: Calyrex\n|-immune|p1b: Calyrex\n|\n|upkeep\n|turn|8\n|-message|pokehys2 forfeited.\n|\n|win|bertscai\n|raw|bertscai's rating: 1535 &rarr; <strong>1558<\/strong><br \/>(+23 for winning)\n|raw|pokehys2's rating: 1596 &rarr; <strong>1573<\/strong><br \/>(-23 for losing)\n|l|\u2606pokehys2\n|player|p2|\n|l| Reflextive\n|l|\u2606bertscai\n|player|p1|\n","uploadtime":1738711669,"views":18,"formatid":"gen9vgc2025regg","rating":1558,"private":0,"password":null}