{"id":"gen9vgc2025regg-2294486343","format":"[Gen 9] VGC 2025 Reg G","players":["Freshveggies2","xatseye"],"log":"|j|\u2606Freshveggies2\n|j|\u2606xatseye\n|t:|1738705452\n|gametype|doubles\n|player|p1|Freshveggies2|101|1589\n|player|p2|xatseye|265|1643\n|teamsize|p1|6\n|teamsize|p2|6\n|gen|9\n|tier|[Gen 9] VGC 2025 Reg G\n|rated|\n|rule|Species Clause: Limit one of each Pok\u00e9mon\n|rule|Item Clause: Limit 1 of each item\n|clearpoke\n|poke|p1|Koraidon, L50|\n|poke|p1|Umbreon, L50, F|\n|poke|p1|Raging Bolt, L50|\n|poke|p1|Flutter Mane, L50|\n|poke|p1|Ogerpon-Cornerstone, L50, F|\n|poke|p1|Entei, L50|\n|poke|p2|Miraidon, L50|\n|poke|p2|Incineroar, L50, F|\n|poke|p2|Farigiraf, L50, M|\n|poke|p2|Grimmsnarl, L50, M|\n|poke|p2|Tornadus, L50, M|\n|poke|p2|Urshifu-*, L50, M|\n|teampreview|4\n|inactive|Battle timer is ON: inactive players will automatically lose when time's up. (requested by xatseye)\n|inactive|Freshveggies2 has 60 seconds left.\n|inactive|xatseye has 60 seconds left.\n|j| DcallsD\n|\n|t:|1738705488\n|start\n|switch|p1a: Raging Bolt|Raging Bolt, L50|100\/100\n|switch|p1b: Ogerpon|Ogerpon-Cornerstone, L50, F|100\/100\n|switch|p2a: Tornadus|Tornadus, L50, M|100\/100\n|switch|p2b: Urshifu|Urshifu-Rapid-Strike, L50, M|100\/100\n|turn|1\n|\n|t:|1738705507\n|move|p1a: Raging Bolt|Thunderclap|p2b: Urshifu\n|-supereffective|p2b: Urshifu\n|-damage|p2b: Urshifu|0 fnt\n|faint|p2b: Urshifu\n|move|p2a: Tornadus|Bleakwind Storm|p1a: Raging Bolt|[spread] p1a,p1b\n|-resisted|p1a: Raging Bolt\n|-damage|p1a: Raging Bolt|87\/100\n|-damage|p1b: Ogerpon|58\/100\n|-unboost|p1a: Raging Bolt|spe|1\n|move|p1b: Ogerpon|Ivy Cudgel|p2a: Tornadus|[anim] Ivy Cudgel Rock\n|-supereffective|p2a: Tornadus\n|-damage|p2a: Tornadus|0 fnt\n|faint|p2a: Tornadus\n|\n|upkeep\n|\n|t:|1738705518\n|switch|p2a: Miraidon|Miraidon, L50|100\/100\n|switch|p2b: Incineroar|Incineroar, L50, F|100\/100\n|-fieldstart|move: Electric Terrain|[from] ability: Hadron Engine|[of] p2a: Miraidon\n|-ability|p2b: Incineroar|Intimidate|boost\n|-unboost|p1a: Raging Bolt|atk|1\n|-unboost|p1b: Ogerpon|atk|1\n|turn|2\n|j| Funn yIy\n|inactive|Freshveggies2 has 30 seconds left.\n|\n|t:|1738705552\n|-end|p1a: Raging Bolt|Protosynthesis|[silent]\n|switch|p1a: Flutter Mane|Flutter Mane, L50|100\/100\n|move|p2b: Incineroar|Fake Out|p1a: Flutter Mane\n|-immune|p1a: Flutter Mane\n|move|p1b: Ogerpon|Follow Me|p1b: Ogerpon\n|-singleturn|p1b: Ogerpon|move: Follow Me\n|move|p2a: Miraidon|Dazzling Gleam|p1b: Ogerpon|[spread] p1a,p1b\n|-damage|p1a: Flutter Mane|55\/100\n|-damage|p1b: Ogerpon|6\/100\n|\n|upkeep\n|turn|3\n|inactive|Freshveggies2 has 30 seconds left.\n|inactive|Freshveggies2 has 20 seconds left.\n|\n|t:|1738705590\n|-terastallize|p2a: Miraidon|Fairy\n|move|p1b: Ogerpon|Spiky Shield|p1b: Ogerpon\n|-singleturn|p1b: Ogerpon|move: Protect\n|move|p1a: Flutter Mane|Dazzling Gleam|p2b: Incineroar|[spread] p2a,p2b\n|-damage|p2a: Miraidon|75\/100\n|-damage|p2b: Incineroar|83\/100\n|move|p2a: Miraidon|Dazzling Gleam|p1b: Ogerpon|[spread] p1a\n|-activate|p1b: Ogerpon|move: Protect\n|-damage|p1a: Flutter Mane|0 fnt\n|faint|p1a: Flutter Mane\n|-end|p1a: Flutter Mane|Protosynthesis|[silent]\n|move|p2b: Incineroar|Knock Off|p1b: Ogerpon\n|-activate|p1b: Ogerpon|move: Protect\n|-damage|p2b: Incineroar|70\/100|[from] Spiky Shield|[of] p1b: Ogerpon\n|\n|upkeep\n|\n|t:|1738705600\n|switch|p1a: Koraidon|Koraidon, L50|100\/100\n|-weather|SunnyDay|[from] ability: Orichalcum Pulse|[of] p1a: Koraidon\n|-activate|p1a: Koraidon|Orichalcum Pulse|[source]\n|turn|4\n|\n|t:|1738705611\n|-terastallize|p1a: Koraidon|Fire\n|move|p1b: Ogerpon|Follow Me|p1b: Ogerpon\n|-singleturn|p1b: Ogerpon|move: Follow Me\n|move|p1a: Koraidon|Flare Blitz|p2a: Miraidon\n|-damage|p2a: Miraidon|0 fnt\n|faint|p2a: Miraidon\n|-damage|p1a: Koraidon|73\/100|[from] Recoil\n|move|p2b: Incineroar|Knock Off|p1b: Ogerpon\n|-damage|p1b: Ogerpon|0 fnt\n|faint|p1b: Ogerpon\n|\n|-weather|SunnyDay|[upkeep]\n|upkeep\n|\n|t:|1738705616\n|switch|p1b: Raging Bolt|Raging Bolt, L50|87\/100\n|-activate|p1b: Raging Bolt|ability: Protosynthesis\n|-start|p1b: Raging Bolt|protosynthesisspa\n|turn|5\n|-message|xatseye forfeited.\n|\n|win|Freshveggies2\n|raw|Freshveggies2's rating: 1589 &rarr; <strong>1612<\/strong><br \/>(+23 for winning)\n|raw|xatseye's rating: 1643 &rarr; <strong>1620<\/strong><br \/>(-23 for losing)\n|l|\u2606xatseye\n|player|p2|\n|l|\u2606Freshveggies2\n|player|p1|\n|l| Funn yIy\n|l| DcallsD\n","uploadtime":1738705858,"views":4,"formatid":"gen9vgc2025regg","rating":1612,"private":0,"password":null}