{"id":"gen9vgc2025regg-2294914469","format":"[Gen 9] VGC 2025 Reg G","players":["Dearp","juanessamal"],"log":"|j|\u2606Dearp\n|j|\u2606juanessamal\n|t:|1738768263\n|gametype|doubles\n|player|p1|Dearp|battlegirl|1597\n|player|p2|juanessamal|266|1616\n|teamsize|p1|6\n|teamsize|p2|6\n|gen|9\n|tier|[Gen 9] VGC 2025 Reg G\n|rated|\n|rule|Species Clause: Limit one of each Pok\u00e9mon\n|rule|Item Clause: Limit 1 of each item\n|clearpoke\n|poke|p1|Tornadus, L50, M|\n|poke|p1|Ogerpon-Hearthflame, L50, F|\n|poke|p1|Smeargle, L50, M|\n|poke|p1|Terapagos, L50, M|\n|poke|p1|Dondozo, L50, F|\n|poke|p1|Tatsugiri-Droopy, L50, M|\n|poke|p2|Sableye, L50, M|\n|poke|p2|Roaring Moon, L50|\n|poke|p2|Yanmega, L50, M|\n|poke|p2|Groudon, L50|\n|poke|p2|Tornadus, L50, M|\n|poke|p2|Chi-Yu, L50|\n|teampreview|4\n|\n|t:|1738768299\n|start\n|switch|p1a: Tornadus|Tornadus, L50, M|100\/100\n|switch|p1b: Terapagos|Terapagos, L50, M|100\/100\n|switch|p2a: Sableye|Sableye, L50, M|100\/100\n|switch|p2b: Yanmega|Yanmega, L50, M|100\/100\n|-activate|p1b: Terapagos|ability: Tera Shift\n|detailschange|p1b: Terapagos|Terapagos-Terastal, L50, M\n|-heal|p1b: Terapagos|100\/100|[silent]\n|turn|1\n|\n|t:|1738768331\n|move|p1a: Tornadus|Tailwind|p1a: Tornadus\n|-sidestart|p1: Dearp|move: Tailwind\n|move|p2a: Sableye|Gravity|p2a: Sableye\n|-fieldstart|move: Gravity\n|move|p1b: Terapagos|Tera Starstorm|p2b: Yanmega\n|-enditem|p2b: Yanmega|Focus Sash\n|-damage|p2b: Yanmega|1\/100\n|move|p2b: Yanmega|Hypnosis|p1b: Terapagos\n|-status|p1b: Terapagos|slp|[from] move: Hypnosis\n|\n|-ability|p2b: Yanmega|Speed Boost|boost\n|-boost|p2b: Yanmega|spe|1\n|upkeep\n|turn|2\n|\n|t:|1738768357\n|switch|p2b: Groudon|Groudon, L50, shiny|100\/100\n|-weather|SunnyDay|[from] ability: Drought|[of] p2b: Groudon\n|move|p2a: Sableye|Encore|p1a: Tornadus\n|-start|p1a: Tornadus|Encore\n|cant|p1b: Terapagos|slp\n|move|p1a: Tornadus|Tailwind||[still]\n|-fail|p1a: Tornadus\n|\n|-weather|SunnyDay|[upkeep]\n|upkeep\n|turn|3\n|\n|t:|1738768381\n|switch|p1a: Smeargle|Smeargle, L50, M|100\/100\n|-terastallize|p1b: Terapagos|Stellar\n|detailschange|p1b: Terapagos|Terapagos-Stellar, L50, M, tera:Stellar\n|-heal|p1b: Terapagos|100\/100 slp|[silent]\n|-ability|p1b: Terapagos|Teraform Zero\n|-weather|none\n|move|p2a: Sableye|Disable|p1b: Terapagos\n|-start|p1b: Terapagos|Disable|Tera Starstorm\n|cant|p1b: Terapagos|slp\n|move|p2b: Groudon|Precipice Blades|p1a: Smeargle|[spread] p1a,p1b\n|-enditem|p1a: Smeargle|Focus Sash\n|-damage|p1a: Smeargle|1\/100\n|-damage|p1b: Terapagos|47\/100 slp\n|-damage|p2b: Groudon|91\/100|[from] item: Life Orb\n|\n|-ability|p1a: Smeargle|Moody|boost\n|-boost|p1a: Smeargle|spd|2\n|-unboost|p1a: Smeargle|def|1\n|upkeep\n|turn|4\n|\n|t:|1738768414\n|switch|p1b: Tornadus|Tornadus, L50, M|100\/100\n|-terastallize|p2b: Groudon|Grass\n|move|p2a: Sableye|Encore||[still]\n|-fail|p2a: Sableye\n|move|p1a: Smeargle|Spore|p2a: Sableye\n|-status|p2a: Sableye|slp|[from] move: Spore\n|move|p2b: Groudon|Precipice Blades|p1b: Tornadus|[spread] p1a,p1b\n|-damage|p1a: Smeargle|0 fnt\n|-damage|p1b: Tornadus|31\/100\n|faint|p1a: Smeargle\n|-damage|p2b: Groudon|81\/100|[from] item: Life Orb\n|\n|-sideend|p1: Dearp|move: Tailwind\n|upkeep\n|\n|t:|1738768418\n|switch|p1a: Terapagos|Terapagos-Stellar, L50, M, tera:Stellar|47\/100 slp\n|turn|5\n|\n|t:|1738768450\n|switch|p2a: Roaring Moon|Roaring Moon, L50|100\/100\n|-enditem|p2a: Roaring Moon|Booster Energy\n|-activate|p2a: Roaring Moon|ability: Protosynthesis|[fromitem]\n|-start|p2a: Roaring Moon|protosynthesisatk\n|move|p1b: Tornadus|Tailwind|p1b: Tornadus\n|-sidestart|p1: Dearp|move: Tailwind\n|cant|p1a: Terapagos|slp\n|move|p2b: Groudon|Precipice Blades|p1b: Tornadus|[spread] p1a,p1b\n|-damage|p1a: Terapagos|0 fnt\n|-damage|p1b: Tornadus|0 fnt\n|faint|p1a: Terapagos\n|faint|p1b: Tornadus\n|-damage|p2b: Groudon|72\/100|[from] item: Life Orb\n|\n|-fieldend|move: Gravity\n|upkeep\n|-message|Dearp forfeited.\n|\n|win|juanessamal\n|raw|Dearp's rating: 1617 &rarr; <strong>1597<\/strong><br \/>(-20 for losing)\n|raw|juanessamal's rating: 1616 &rarr; <strong>1636<\/strong><br \/>(+20 for winning)\n|l|\u2606Dearp\n|player|p1|\n|l|\u2606juanessamal\n|player|p2|\n","uploadtime":1738768634,"views":21,"formatid":"gen9vgc2025regg","rating":1597,"private":0,"password":null}