{"id":"gen9vgc2025regg-2294347283","format":"[Gen 9] VGC 2025 Reg G","players":["i\u2764\u5a1c\u7984forever","badpiplupvgc"],"log":"|j|\u2606i\u2764\u5a1c\u7984forever\n|j|\u2606badpiplupvgc\n|t:|1738691720\n|gametype|doubles\n|player|p1|i\u2764\u5a1c\u7984forever|youngcouple|1626\n|player|p2|badpiplupvgc|170|1577\n|teamsize|p1|6\n|teamsize|p2|6\n|gen|9\n|tier|[Gen 9] VGC 2025 Reg G\n|rated|\n|rule|Species Clause: Limit one of each Pok\u00e9mon\n|rule|Item Clause: Limit 1 of each item\n|clearpoke\n|poke|p1|Groudon, L50|\n|poke|p1|Farigiraf, L50, M|\n|poke|p1|Urshifu-*, L50, F|\n|poke|p1|Flutter Mane, L50|\n|poke|p1|Dragonite, L50, M|\n|poke|p1|Torkoal, L50, F|\n|poke|p2|Calyrex-Ice, L50|\n|poke|p2|Amoonguss, L50, F|\n|poke|p2|Raging Bolt, L50|\n|poke|p2|Chi-Yu, L50|\n|poke|p2|Rillaboom, L50, M|\n|poke|p2|Urshifu-*, L50, F|\n|teampreview|4\n|inactive|Battle timer is ON: inactive players will automatically lose when time's up. (requested by i\u2764\u5a1c\u7984forever)\n|\n|t:|1738691787\n|start\n|switch|p1a: Groudon|Groudon, L50|100\/100\n|switch|p1b: Flutter Mane|Flutter Mane, L50|100\/100\n|switch|p2a: Rillaboom|Rillaboom, L50, M|100\/100\n|switch|p2b: Urshifu|Urshifu, L50, F|100\/100\n|-weather|SunnyDay|[from] ability: Drought|[of] p1a: Groudon\n|-activate|p1b: Flutter Mane|ability: Protosynthesis\n|-start|p1b: Flutter Mane|protosynthesisspa\n|-fieldstart|move: Grassy Terrain|[from] ability: Grassy Surge|[of] p2a: Rillaboom\n|turn|1\n|j| Triple20\n|inactive|badpiplupvgc has 30 seconds left.\n|\n|t:|1738691820\n|-terastallize|p1a: Groudon|Fire\n|move|p2a: Rillaboom|Fake Out|p1a: Groudon\n|-damage|p1a: Groudon|91\/100\n|move|p1b: Flutter Mane|Dazzling Gleam|p2b: Urshifu|[spread] p2a,p2b\n|-supereffective|p2b: Urshifu\n|-damage|p2a: Rillaboom|59\/100\n|-enditem|p2b: Urshifu|Focus Sash\n|-damage|p2b: Urshifu|1\/100\n|move|p2b: Urshifu|Wicked Blow|p1b: Flutter Mane\n|-crit|p1b: Flutter Mane\n|-damage|p1b: Flutter Mane|13\/100\n|cant|p1a: Groudon|flinch\n|\n|-weather|SunnyDay|[upkeep]\n|-heal|p1b: Flutter Mane|20\/100|[from] Grassy Terrain\n|-heal|p2b: Urshifu|7\/100|[from] Grassy Terrain\n|-heal|p1a: Groudon|97\/100|[from] Grassy Terrain\n|-heal|p2a: Rillaboom|65\/100|[from] Grassy Terrain\n|upkeep\n|turn|2\n|\n|t:|1738691845\n|move|p2a: Rillaboom|Grassy Glide|p1b: Flutter Mane\n|-damage|p1b: Flutter Mane|0 fnt\n|faint|p1b: Flutter Mane\n|-end|p1b: Flutter Mane|Protosynthesis|[silent]\n|move|p2b: Urshifu|Wicked Blow|p1a: Groudon\n|-crit|p1a: Groudon\n|-damage|p1a: Groudon|49\/100\n|move|p1a: Groudon|Heat Crash|p2a: Rillaboom\n|-supereffective|p2a: Rillaboom\n|-damage|p2a: Rillaboom|0 fnt\n|faint|p2a: Rillaboom\n|\n|-weather|SunnyDay|[upkeep]\n|-heal|p2b: Urshifu|12\/100|[from] Grassy Terrain\n|-heal|p1a: Groudon|56\/100|[from] Grassy Terrain\n|upkeep\n|j| oherrodersir\n|\n|t:|1738691859\n|switch|p1b: Dragonite|Dragonite, L50, M|100\/100\n|switch|p2a: Calyrex|Calyrex-Ice, L50|100\/100\n|-ability|p2a: Calyrex|As One\n|-ability|p2a: Calyrex|Unnerve\n|turn|3\n|\n|t:|1738691871\n|move|p2b: Urshifu|Wicked Blow|p1a: Groudon\n|-crit|p1a: Groudon\n|-damage|p1a: Groudon|15\/100\n|move|p1a: Groudon|Precipice Blades|p2b: Urshifu|[spread] p2a,p2b\n|-damage|p2a: Calyrex|65\/100\n|-damage|p2b: Urshifu|0 fnt\n|faint|p2b: Urshifu\n|move|p1b: Dragonite|Iron Head|p2a: Calyrex\n|-supereffective|p2a: Calyrex\n|-damage|p2a: Calyrex|12\/100\n|move|p2a: Calyrex|Trick Room|p2a: Calyrex\n|-fieldstart|move: Trick Room|[of] p2a: Calyrex\n|\n|-weather|SunnyDay|[upkeep]\n|-heal|p2a: Calyrex|18\/100|[from] Grassy Terrain\n|-heal|p1a: Groudon|21\/100|[from] Grassy Terrain\n|upkeep\n|\n|t:|1738691883\n|switch|p2b: Amoonguss|Amoonguss, L50, F|100\/100\n|turn|4\n|\n|t:|1738691893\n|-terastallize|p2b: Amoonguss|Water\n|move|p2a: Calyrex|Protect|p2a: Calyrex\n|-singleturn|p2a: Calyrex|Protect\n|move|p2b: Amoonguss|Spore|p1b: Dragonite\n|-status|p1b: Dragonite|slp|[from] move: Spore\n|cant|p1b: Dragonite|slp\n|move|p1a: Groudon|Heat Crash|p2b: Amoonguss\n|-resisted|p2b: Amoonguss\n|-damage|p2b: Amoonguss|58\/100\n|-damage|p1a: Groudon|4\/100|[from] item: Rocky Helmet|[of] p2b: Amoonguss\n|\n|-weather|SunnyDay|[upkeep]\n|-heal|p2b: Amoonguss|64\/100|[from] Grassy Terrain\n|-heal|p2a: Calyrex|24\/100|[from] Grassy Terrain\n|-heal|p1a: Groudon|10\/100|[from] Grassy Terrain\n|upkeep\n|turn|5\n|inactive|i\u2764\u5a1c\u7984forever has 30 seconds left.\n|inactive|badpiplupvgc has 30 seconds left.\n|inactive|i\u2764\u5a1c\u7984forever has 20 seconds left.\n|inactive|i\u2764\u5a1c\u7984forever has 15 seconds left.\n|\n|t:|1738691936\n|move|p2b: Amoonguss|Pollen Puff|p2a: Calyrex\n|-heal|p2a: Calyrex|73\/100\n|move|p2a: Calyrex|Glacial Lance|p1b: Dragonite|[spread] p1a,p1b\n|-resisted|p1a: Groudon\n|-supereffective|p1b: Dragonite\n|-damage|p1a: Groudon|0 fnt\n|-damage|p1b: Dragonite|0 fnt\n|faint|p1a: Groudon\n|faint|p1b: Dragonite\n|-ability|p2a: Calyrex|Chilling Neigh|boost\n|-boost|p2a: Calyrex|atk|2\n|\n|-weather|none\n|-heal|p2b: Amoonguss|70\/100|[from] Grassy Terrain\n|-heal|p2a: Calyrex|79\/100|[from] Grassy Terrain\n|-fieldend|move: Grassy Terrain\n|upkeep\n|\n|t:|1738691944\n|switch|p1b: Torkoal|Torkoal, L50, F|100\/100\n|-weather|SunnyDay|[from] ability: Drought|[of] p1b: Torkoal\n|turn|6\n|\n|t:|1738691958\n|move|p2a: Calyrex|Protect|p2a: Calyrex\n|-singleturn|p2a: Calyrex|Protect\n|move|p1b: Torkoal|Solar Beam||[still]\n|-prepare|p1b: Torkoal|Solar Beam\n|-anim|p1b: Torkoal|Solar Beam|p2b: Amoonguss\n|-supereffective|p2b: Amoonguss\n|-damage|p2b: Amoonguss|0 fnt\n|faint|p2b: Amoonguss\n|-damage|p1b: Torkoal|91\/100|[from] item: Life Orb\n|\n|-weather|SunnyDay|[upkeep]\n|upkeep\n|turn|7\n|\n|t:|1738691970\n|move|p2a: Calyrex|Protect||[still]\n|-fail|p2a: Calyrex\n|move|p1b: Torkoal|Weather Ball|p2a: Calyrex\n|-supereffective|p2a: Calyrex\n|-damage|p2a: Calyrex|0 fnt\n|faint|p2a: Calyrex\n|-damage|p1b: Torkoal|81\/100|[from] item: Life Orb\n|\n|win|i\u2764\u5a1c\u7984forever\n|raw|i\u2764\u5a1c\u7984forever's rating: 1626 &rarr; <strong>1643<\/strong><br \/>(+17 for winning)\n|raw|badpiplupvgc's rating: 1577 &rarr; <strong>1560<\/strong><br \/>(-17 for losing)\n|l|\u2606badpiplupvgc\n|player|p2|\n|l|\u2606i\u2764\u5a1c\u7984forever\n|player|p1|\n|l| Triple20\n","uploadtime":1738692173,"views":10,"formatid":"gen9vgc2025regg","rating":1560,"private":0,"password":null}