{"id":"gen9vgc2025regg-2294883772","format":"[Gen 9] VGC 2025 Reg G","players":["juanessamal","Lacossg"],"log":"|j|\u2606juanessamal\n|j|\u2606Lacossg\n|t:|1738764940\n|gametype|doubles\n|player|p1|juanessamal|266|1658\n|player|p2|Lacossg|2|1646\n|teamsize|p1|6\n|teamsize|p2|6\n|gen|9\n|tier|[Gen 9] VGC 2025 Reg G\n|rated|\n|rule|Species Clause: Limit one of each Pok\u00e9mon\n|rule|Item Clause: Limit 1 of each item\n|clearpoke\n|poke|p1|Sableye, L50, F|\n|poke|p1|Roaring Moon, L50|\n|poke|p1|Yanmega, L50, M|\n|poke|p1|Groudon, L50|\n|poke|p1|Tornadus, L50, M|\n|poke|p1|Chi-Yu, L50|\n|poke|p2|Ditto, L50|\n|poke|p2|Lunala, L50|\n|poke|p2|Indeedee-F, L50, F|\n|poke|p2|Roaring Moon, L50|\n|poke|p2|Urshifu-*, L50, F|\n|poke|p2|Ursaluna, L50, M|\n|teampreview|4\n|\n|t:|1738765001\n|start\n|switch|p1a: Roaring Moon|Roaring Moon, L50|100\/100\n|switch|p1b: Groudon|Groudon, L50, shiny|100\/100\n|switch|p2a: Roaring Moon|Roaring Moon, L50|100\/100\n|switch|p2b: Lunala|Lunala, L50|100\/100\n|-weather|SunnyDay|[from] ability: Drought|[of] p1b: Groudon\n|-activate|p1a: Roaring Moon|ability: Protosynthesis\n|-start|p1a: Roaring Moon|protosynthesisatk\n|-activate|p2a: Roaring Moon|ability: Protosynthesis\n|-start|p2a: Roaring Moon|protosynthesisspe\n|turn|1\n|\n|t:|1738765032\n|-end|p2a: Roaring Moon|Protosynthesis|[silent]\n|switch|p2a: Ursaluna|Ursaluna, L50, M|100\/100\n|-terastallize|p2b: Lunala|Fairy\n|move|p1a: Roaring Moon|Tailwind|p1a: Roaring Moon\n|-sidestart|p1: juanessamal|move: Tailwind\n|move|p1b: Groudon|Precipice Blades|p2b: Lunala|[spread] p2a,p2b\n|-damage|p2a: Ursaluna|44\/100\n|-damage|p2b: Lunala|73\/100\n|-damage|p1b: Groudon|91\/100|[from] item: Life Orb\n|move|p2b: Lunala|Trick Room|p2b: Lunala\n|-fieldstart|move: Trick Room|[of] p2b: Lunala\n|\n|-weather|SunnyDay|[upkeep]\n|-status|p2a: Ursaluna|brn|[from] item: Flame Orb\n|upkeep\n|turn|2\n|\n|t:|1738765070\n|move|p1a: Roaring Moon|Protect|p1a: Roaring Moon\n|-singleturn|p1a: Roaring Moon|Protect\n|move|p2a: Ursaluna|Facade|p1a: Roaring Moon\n|-activate|p1a: Roaring Moon|move: Protect\n|move|p2b: Lunala|Meteor Beam||[still]\n|-prepare|p2b: Lunala|Meteor Beam\n|-boost|p2b: Lunala|spa|1\n|-enditem|p2b: Lunala|Power Herb\n|-anim|p2b: Lunala|Meteor Beam|p1a: Roaring Moon\n|-activate|p1a: Roaring Moon|move: Protect\n|move|p1b: Groudon|Precipice Blades|p2b: Lunala|[spread] p2b\n|-miss|p1b: Groudon|p2a: Ursaluna\n|-damage|p2b: Lunala|17\/100\n|-damage|p1b: Groudon|81\/100|[from] item: Life Orb\n|\n|-weather|SunnyDay|[upkeep]\n|-damage|p2a: Ursaluna|38\/100 brn|[from] brn\n|upkeep\n|turn|3\n|\n|t:|1738765141\n|move|p2a: Ursaluna|Facade|p1a: Roaring Moon\n|-damage|p1a: Roaring Moon|0 fnt\n|faint|p1a: Roaring Moon\n|-end|p1a: Roaring Moon|Protosynthesis|[silent]\n|move|p2b: Lunala|Moongeist Beam|p1b: Groudon\n|-damage|p1b: Groudon|0 fnt\n|faint|p1b: Groudon\n|\n|-weather|SunnyDay|[upkeep]\n|-damage|p2a: Ursaluna|32\/100 brn|[from] brn\n|upkeep\n|\n|t:|1738765149\n|switch|p1b: Chi-Yu|Chi-Yu, L50|100\/100\n|switch|p1a: Tornadus|Tornadus, L50, M|100\/100\n|-ability|p1b: Chi-Yu|Beads of Ruin\n|turn|4\n|\n|t:|1738765172\n|switch|p2b: Indeedee|Indeedee-F, L50, F|100\/100\n|-fieldstart|move: Psychic Terrain|[from] ability: Psychic Surge|[of] p2b: Indeedee\n|move|p1a: Tornadus|Protect|p1a: Tornadus\n|-singleturn|p1a: Tornadus|Protect\n|move|p2a: Ursaluna|Protect|p2a: Ursaluna\n|-singleturn|p2a: Ursaluna|Protect\n|move|p1b: Chi-Yu|Heat Wave|p2a: Ursaluna|[spread] p2b\n|-activate|p2a: Ursaluna|move: Protect\n|-damage|p2b: Indeedee|27\/100\n|\n|-weather|SunnyDay|[upkeep]\n|-damage|p2a: Ursaluna|25\/100 brn|[from] brn\n|-sideend|p1: juanessamal|move: Tailwind\n|upkeep\n|turn|5\n|l|\u2606juanessamal\n|player|p1|\n|inactive|Battle timer is ON: inactive players will automatically lose when time's up. (requested by Lacossg)\n|j|\u2606juanessamal\n|inactive|juanessamal reconnected and has 90 seconds left.\n|player|p1|juanessamal|266|\n|\n|t:|1738765256\n|move|p2a: Ursaluna|Headlong Rush|p1b: Chi-Yu\n|-supereffective|p1b: Chi-Yu\n|-damage|p1b: Chi-Yu|0 fnt\n|-unboost|p2a: Ursaluna|def|1\n|-unboost|p2a: Ursaluna|spd|1\n|faint|p1b: Chi-Yu\n|move|p2b: Indeedee|Heal Pulse|p2a: Ursaluna\n|-heal|p2a: Ursaluna|75\/100 brn\n|move|p1a: Tornadus|Bleakwind Storm|p2b: Indeedee|[spread] p2b\n|-miss|p1a: Tornadus|p2a: Ursaluna\n|-damage|p2b: Indeedee|0 fnt\n|faint|p2b: Indeedee\n|\n|-weather|none\n|-damage|p2a: Ursaluna|69\/100 brn|[from] brn\n|-fieldend|move: Trick Room\n|upkeep\n|\n|t:|1738765268\n|switch|p2b: Roaring Moon|Roaring Moon, L50|100\/100\n|-enditem|p2b: Roaring Moon|Booster Energy\n|-activate|p2b: Roaring Moon|ability: Protosynthesis|[fromitem]\n|-start|p2b: Roaring Moon|protosynthesisspe\n|turn|6\n|\n|t:|1738765272\n|switch|p2a: Lunala|Lunala, L50, tera:Fairy|17\/100\n|-terastallize|p1a: Tornadus|Flying\n|move|p2b: Roaring Moon|Knock Off|p1a: Tornadus\n|-damage|p1a: Tornadus|26\/100\n|-enditem|p1a: Tornadus|Covert Cloak|[from] move: Knock Off|[of] p2b: Roaring Moon\n|move|p1a: Tornadus|Bleakwind Storm|p2b: Roaring Moon|[spread] p2b\n|-miss|p1a: Tornadus|p2a: Lunala\n|-damage|p2b: Roaring Moon|52\/100\n|\n|upkeep\n|turn|7\n|inactive|juanessamal has 30 seconds left.\n|inactive|juanessamal has 20 seconds left.\n|inactive|juanessamal has 15 seconds left.\n|inactive|juanessamal has 10 seconds left.\n|inactive|juanessamal has 5 seconds left.\n|\n|t:|1738765327\n|move|p1a: Tornadus|Tailwind|p1a: Tornadus\n|-sidestart|p1: juanessamal|move: Tailwind\n|move|p2b: Roaring Moon|Knock Off|p1a: Tornadus\n|-damage|p1a: Tornadus|0 fnt\n|faint|p1a: Tornadus\n|\n|win|Lacossg\n|raw|juanessamal's rating: 1658 &rarr; <strong>1637<\/strong><br \/>(-21 for losing)\n|raw|Lacossg's rating: 1646 &rarr; <strong>1667<\/strong><br \/>(+21 for winning)\n|l|\u2606Lacossg\n|player|p2|\n|l|\u2606juanessamal\n|player|p1|\n","uploadtime":1738765581,"views":13,"formatid":"gen9vgc2025regg","rating":1637,"private":0,"password":null}