{"id":"gen9vgc2025regg-2294612271","format":"[Gen 9] VGC 2025 Reg G","players":["nerd159","Unstylish_Harry"],"log":"|j|\u2606nerd159\n|j|\u2606Unstylish_Harry\n|t:|1738720961\n|gametype|doubles\n|player|p1|nerd159|1|1545\n|player|p2|Unstylish_Harry|169|1569\n|teamsize|p1|6\n|teamsize|p2|6\n|gen|9\n|tier|[Gen 9] VGC 2025 Reg G\n|rated|\n|rule|Species Clause: Limit one of each Pok\u00e9mon\n|rule|Item Clause: Limit 1 of each item\n|clearpoke\n|poke|p1|Eternatus, L50|\n|poke|p1|Chien-Pao, L50|\n|poke|p1|Tinkaton, L50, F|\n|poke|p1|Kingambit, L50, M|\n|poke|p1|Farigiraf, L50, F|\n|poke|p1|Urshifu-*, L50, M|\n|poke|p2|Lunala, L50|\n|poke|p2|Mandibuzz, L50, F|\n|poke|p2|Indeedee-F, L50, F|\n|poke|p2|Ursaluna, L50, F|\n|poke|p2|Torkoal, L50, F|\n|poke|p2|Lilligant-Hisui, L50, F|\n|teampreview|4\n|inactive|Battle timer is ON: inactive players will automatically lose when time's up. (requested by Unstylish_Harry)\n|inactive|nerd159 has 60 seconds left.\n|inactive|Unstylish_Harry has 60 seconds left.\n|j| EsCalebert\n|\n|t:|1738721021\n|start\n|switch|p1a: Chien-Pao|Chien-Pao, L50|100\/100\n|switch|p1b: Kingambit|Kingambit, L50, M, shiny|100\/100\n|switch|p2a: Indeedee|Indeedee-F, L50, F|100\/100\n|switch|p2b: Lunala|Lunala, L50|100\/100\n|-ability|p1a: Chien-Pao|Sword of Ruin\n|-fieldstart|move: Psychic Terrain|[from] ability: Psychic Surge|[of] p2a: Indeedee\n|-enditem|p2a: Indeedee|Psychic Seed\n|-boost|p2a: Indeedee|spd|1|[from] item: Psychic Seed\n|turn|1\n|inactive|Unstylish_Harry has 30 seconds left.\n|inactive|Unstylish_Harry has 20 seconds left.\n|\n|t:|1738721056\n|move|p2a: Indeedee|Follow Me|p2a: Indeedee\n|-singleturn|p2a: Indeedee|move: Follow Me\n|move|p1a: Chien-Pao|Ice Spinner|p2a: Indeedee\n|-damage|p2a: Indeedee|49\/100\n|-fieldend|move: Psychic Terrain\n|move|p2b: Lunala|Meteor Beam||[still]\n|-prepare|p2b: Lunala|Meteor Beam\n|-boost|p2b: Lunala|spa|1\n|-enditem|p2b: Lunala|Power Herb\n|-anim|p2b: Lunala|Meteor Beam|p1a: Chien-Pao\n|-supereffective|p1a: Chien-Pao\n|-enditem|p1a: Chien-Pao|Focus Sash\n|-damage|p1a: Chien-Pao|1\/100\n|move|p1b: Kingambit|Kowtow Cleave|p2a: Indeedee\n|-supereffective|p2a: Indeedee\n|-damage|p2a: Indeedee|0 fnt\n|faint|p2a: Indeedee\n|\n|upkeep\n|l| EsCalebert\n|\n|t:|1738721072\n|switch|p2a: Lilligant|Lilligant-Hisui, L50, F|100\/100\n|turn|2\n|\n|t:|1738721085\n|-terastallize|p2b: Lunala|Fairy\n|-terastallize|p1b: Kingambit|Water\n|move|p1a: Chien-Pao|Ice Spinner|p2a: Lilligant\n|-supereffective|p2a: Lilligant\n|-enditem|p2a: Lilligant|Focus Sash\n|-damage|p2a: Lilligant|1\/100\n|move|p2a: Lilligant|Sleep Powder|p1b: Kingambit\n|-activate|p1b: Kingambit|item: Safety Goggles|Sleep Powder\n|move|p2b: Lunala|Moongeist Beam|p1a: Chien-Pao\n|-resisted|p1a: Chien-Pao\n|-damage|p1a: Chien-Pao|0 fnt\n|faint|p1a: Chien-Pao\n|move|p1b: Kingambit|Iron Head|p2a: Lilligant\n|-damage|p2a: Lilligant|0 fnt\n|faint|p2a: Lilligant\n|\n|upkeep\n|\n|t:|1738721095\n|switch|p1a: Eternatus|Eternatus, L50|100\/100\n|switch|p2a: Torkoal|Torkoal, L50, F|100\/100\n|-ability|p1a: Eternatus|Pressure\n|-weather|SunnyDay|[from] ability: Drought|[of] p2a: Torkoal\n|turn|3\n|\n|t:|1738721108\n|move|p2a: Torkoal|Helping Hand|p2b: Lunala\n|-singleturn|p2b: Lunala|Helping Hand|[of] p2a: Torkoal\n|move|p1a: Eternatus|Sludge Bomb|p2b: Lunala\n|-supereffective|p2b: Lunala\n|-damage|p2b: Lunala|41\/100\n|move|p2b: Lunala|Moongeist Beam|p1b: Kingambit\n|-damage|p1b: Kingambit|0 fnt\n|faint|p1b: Kingambit\n|\n|-weather|SunnyDay|[upkeep]\n|upkeep\n|\n|t:|1738721111\n|switch|p1b: Urshifu|Urshifu-Rapid-Strike, L50, M|100\/100\n|turn|4\n|\n|t:|1738721119\n|move|p1a: Eternatus|Sludge Bomb|p2b: Lunala\n|-supereffective|p2b: Lunala\n|-damage|p2b: Lunala|0 fnt\n|faint|p2b: Lunala\n|move|p1b: Urshifu|Surging Strikes|p2a: Torkoal\n|-supereffective|p2a: Torkoal\n|-crit|p2a: Torkoal\n|-damage|p2a: Torkoal|82\/100\n|-supereffective|p2a: Torkoal\n|-crit|p2a: Torkoal\n|-damage|p2a: Torkoal|65\/100\n|-supereffective|p2a: Torkoal\n|-crit|p2a: Torkoal\n|-damage|p2a: Torkoal|49\/100\n|-hitcount|p2a: Torkoal|3\n|move|p2a: Torkoal|Eruption|p1a: Eternatus|[spread] p1a,p1b\n|-resisted|p1a: Eternatus\n|-resisted|p1b: Urshifu\n|-damage|p1a: Eternatus|84\/100\n|-damage|p1b: Urshifu|74\/100\n|\n|-weather|SunnyDay|[upkeep]\n|upkeep\n|turn|5\n|-message|Unstylish_Harry forfeited.\n|\n|win|nerd159\n|raw|nerd159's rating: 1545 &rarr; <strong>1566<\/strong><br \/>(+21 for winning)\n|raw|Unstylish_Harry's rating: 1569 &rarr; <strong>1548<\/strong><br \/>(-21 for losing)\n|l|\u2606nerd159\n|player|p1|\n","uploadtime":1738721308,"views":6,"formatid":"gen9vgc2025regg","rating":1548,"private":0,"password":null}