{"id":"gen9vgc2025regg-2294635160","format":"[Gen 9] VGC 2025 Reg G","players":["Spottedwoot","sawawa256"],"log":"|j|\u2606Spottedwoot\n|j|\u2606sawawa256\n|t:|1738723968\n|gametype|doubles\n|player|p1|Spottedwoot|266|1557\n|player|p2|sawawa256|hilbert|1688\n|teamsize|p1|6\n|teamsize|p2|6\n|gen|9\n|tier|[Gen 9] VGC 2025 Reg G\n|rated|\n|rule|Species Clause: Limit one of each Pok\u00e9mon\n|rule|Item Clause: Limit 1 of each item\n|clearpoke\n|poke|p1|Miraidon, L50|\n|poke|p1|Pelipper, L50, M|\n|poke|p1|Archaludon, L50, F|\n|poke|p1|Incineroar, L50, M|\n|poke|p1|Urshifu-*, L50, F|\n|poke|p1|Landorus, L50, M|\n|poke|p2|Calyrex-Ice, L50|\n|poke|p2|Farigiraf, L50, F|\n|poke|p2|Ogerpon-Hearthflame, L50, F|\n|poke|p2|Torkoal, L50, F|\n|poke|p2|Urshifu-*, L50, M|\n|poke|p2|Raging Bolt, L50|\n|teampreview|4\n|inactive|Battle timer is ON: inactive players will automatically lose when time's up. (requested by sawawa256)\n|\n|t:|1738723992\n|start\n|switch|p1a: Miraidon|Miraidon, L50|100\/100\n|switch|p1b: Landorus|Landorus, L50, M|100\/100\n|switch|p2a: Calyrex|Calyrex-Ice, L50|100\/100\n|switch|p2b: Ogerpon|Ogerpon-Hearthflame, L50, F|100\/100\n|-ability|p2a: Calyrex|As One\n|-ability|p2a: Calyrex|Unnerve\n|-fieldstart|move: Electric Terrain|[from] ability: Hadron Engine|[of] p1a: Miraidon\n|-ability|p2b: Ogerpon|Mold Breaker\n|turn|1\n|\n|t:|1738724011\n|move|p2b: Ogerpon|Spiky Shield|p2b: Ogerpon\n|-singleturn|p2b: Ogerpon|move: Protect\n|move|p2a: Calyrex|Protect|p2a: Calyrex\n|-singleturn|p2a: Calyrex|Protect\n|move|p1a: Miraidon|Volt Switch|p2a: Calyrex\n|-activate|p2a: Calyrex|move: Protect\n|move|p1b: Landorus|Sandsear Storm|p2b: Ogerpon|[spread] \n|-activate|p2a: Calyrex|move: Protect\n|-activate|p2b: Ogerpon|move: Protect\n|\n|upkeep\n|turn|2\n|\n|t:|1738724026\n|move|p1b: Landorus|Protect|p1b: Landorus\n|-singleturn|p1b: Landorus|Protect\n|move|p2b: Ogerpon|Follow Me|p2b: Ogerpon\n|-singleturn|p2b: Ogerpon|move: Follow Me\n|move|p1a: Miraidon|Volt Switch|p2b: Ogerpon\n|-resisted|p2b: Ogerpon\n|-damage|p2b: Ogerpon|57\/100\n|\n|t:|1738724030\n|switch|p1a: Incineroar|Incineroar, L50, M|100\/100|[from] Volt Switch\n|-ability|p1a: Incineroar|Intimidate|boost\n|-fail|p2a: Calyrex|unboost|[from] item: Clear Amulet|[of] p2a: Calyrex\n|-unboost|p2b: Ogerpon|atk|1\n|move|p2a: Calyrex|Trick Room|p2a: Calyrex\n|-fieldstart|move: Trick Room|[of] p2a: Calyrex\n|\n|upkeep\n|turn|3\n|\n|t:|1738724048\n|switch|p2b: Raging Bolt|Raging Bolt, L50|100\/100\n|move|p1a: Incineroar|Fake Out|p2a: Calyrex\n|-damage|p2a: Calyrex|93\/100\n|cant|p2a: Calyrex|flinch\n|move|p1b: Landorus|Sandsear Storm|p2b: Raging Bolt|[spread] p2a\n|-miss|p1b: Landorus|p2b: Raging Bolt\n|-damage|p2a: Calyrex|57\/100\n|\n|upkeep\n|turn|4\n|\n|t:|1738724066\n|move|p1b: Landorus|Protect|p1b: Landorus\n|-singleturn|p1b: Landorus|Protect\n|move|p2a: Calyrex|Glacial Lance|p1a: Incineroar|[spread] p1a\n|-activate|p1b: Landorus|move: Protect\n|-resisted|p1a: Incineroar\n|-damage|p1a: Incineroar|76\/100\n|move|p1a: Incineroar|Flare Blitz|p2a: Calyrex\n|-supereffective|p2a: Calyrex\n|-damage|p2a: Calyrex|0 fnt\n|faint|p2a: Calyrex\n|-damage|p1a: Incineroar|58\/100|[from] Recoil\n|move|p2b: Raging Bolt|Thunderbolt|p1a: Incineroar\n|-damage|p1a: Incineroar|8\/100\n|\n|upkeep\n|\n|t:|1738724083\n|switch|p2a: Torkoal|Torkoal, L50, F|100\/100\n|-weather|SunnyDay|[from] ability: Drought|[of] p2a: Torkoal\n|-activate|p2b: Raging Bolt|ability: Protosynthesis\n|-start|p2b: Raging Bolt|protosynthesisspa\n|turn|5\n|\n|t:|1738724091\n|switch|p1a: Pelipper|Pelipper, L50, M|100\/100\n|-weather|RainDance|[from] ability: Drizzle|[of] p1a: Pelipper\n|-end|p2b: Raging Bolt|Protosynthesis\n|move|p2a: Torkoal|Eruption|p1a: Pelipper|[spread] p1a,p1b\n|-resisted|p1a: Pelipper\n|-damage|p1a: Pelipper|81\/100\n|-damage|p1b: Landorus|64\/100\n|move|p2b: Raging Bolt|Dragon Pulse|p1b: Landorus\n|-damage|p1b: Landorus|0 fnt\n|faint|p1b: Landorus\n|\n|-weather|RainDance|[upkeep]\n|-fieldend|move: Electric Terrain\n|upkeep\n|\n|t:|1738724105\n|switch|p1b: Incineroar|Incineroar, L50, M|8\/100\n|-ability|p1b: Incineroar|Intimidate|boost\n|-unboost|p2a: Torkoal|atk|1\n|-unboost|p2b: Raging Bolt|atk|1\n|turn|6\n|inactive|sawawa256 has 30 seconds left.\n|\n|t:|1738724133\n|move|p2a: Torkoal|Protect|p2a: Torkoal\n|-singleturn|p2a: Torkoal|Protect\n|move|p1b: Incineroar|Fake Out|p2b: Raging Bolt\n|-damage|p2b: Raging Bolt|91\/100\n|cant|p2b: Raging Bolt|flinch\n|move|p1a: Pelipper|Weather Ball|p2a: Torkoal\n|-activate|p2a: Torkoal|move: Protect\n|\n|-weather|RainDance|[upkeep]\n|-fieldend|move: Trick Room\n|upkeep\n|turn|7\n|\n|t:|1738724152\n|-terastallize|p1a: Pelipper|Ghost\n|move|p2a: Torkoal|Helping Hand|p2b: Raging Bolt\n|-singleturn|p2b: Raging Bolt|Helping Hand|[of] p2a: Torkoal\n|move|p1a: Pelipper|Weather Ball|p2a: Torkoal\n|-supereffective|p2a: Torkoal\n|-damage|p2a: Torkoal|0 fnt\n|faint|p2a: Torkoal\n|move|p2b: Raging Bolt|Electroweb|p1b: Incineroar|[spread] p1b\n|-miss|p2b: Raging Bolt|p1a: Pelipper\n|-damage|p1b: Incineroar|0 fnt\n|faint|p1b: Incineroar\n|\n|-weather|RainDance|[upkeep]\n|upkeep\n|\n|t:|1738724168\n|switch|p1b: Miraidon|Miraidon, L50|100\/100\n|switch|p2a: Ogerpon|Ogerpon-Hearthflame, L50, F|57\/100\n|-fieldstart|move: Electric Terrain|[from] ability: Hadron Engine|[of] p1b: Miraidon\n|-ability|p2a: Ogerpon|Mold Breaker\n|turn|8\n|\n|t:|1738724191\n|-terastallize|p2b: Raging Bolt|Electric\n|move|p2a: Ogerpon|Spiky Shield|p2a: Ogerpon\n|-singleturn|p2a: Ogerpon|move: Protect\n|move|p1b: Miraidon|Dazzling Gleam|p2b: Raging Bolt|[spread] p2b\n|-activate|p2a: Ogerpon|move: Protect\n|-damage|p2b: Raging Bolt|65\/100\n|move|p1a: Pelipper|Weather Ball|p2b: Raging Bolt\n|-damage|p2b: Raging Bolt|29\/100\n|move|p2b: Raging Bolt|Dragon Pulse|p1b: Miraidon\n|-supereffective|p1b: Miraidon\n|-damage|p1b: Miraidon|17\/100\n|\n|-weather|RainDance|[upkeep]\n|upkeep\n|turn|9\n|inactive|sawawa256 has 30 seconds left.\n|\n|t:|1738724222\n|move|p2a: Ogerpon|Follow Me|p2a: Ogerpon\n|-singleturn|p2a: Ogerpon|move: Follow Me\n|move|p1b: Miraidon|Dazzling Gleam|p2b: Raging Bolt|[spread] p2a,p2b\n|-resisted|p2a: Ogerpon\n|-damage|p2a: Ogerpon|36\/100\n|-damage|p2b: Raging Bolt|4\/100\n|move|p1a: Pelipper|Weather Ball|p2a: Ogerpon\n|-damage|p2a: Ogerpon|0 fnt\n|faint|p2a: Ogerpon\n|move|p2b: Raging Bolt|Dragon Pulse|p1b: Miraidon\n|-supereffective|p1b: Miraidon\n|-damage|p1b: Miraidon|0 fnt\n|faint|p1b: Miraidon\n|\n|-weather|none\n|upkeep\n|turn|10\n|\n|t:|1738724240\n|move|p2b: Raging Bolt|Thunderclap|p1a: Pelipper\n|-damage|p1a: Pelipper|0 fnt\n|faint|p1a: Pelipper\n|\n|win|sawawa256\n|raw|Spottedwoot's rating: 1557 &rarr; <strong>1544<\/strong><br \/>(-13 for losing)\n|raw|sawawa256's rating: 1688 &rarr; <strong>1701<\/strong><br \/>(+13 for winning)\n","uploadtime":1738724243,"views":15,"formatid":"gen9vgc2025regg","rating":1544,"private":0,"password":null}