{"id":"gen9vgc2025regg-2294461296","format":"[Gen 9] VGC 2025 Reg G","players":["kajashi","Trudley798578"],"log":"|j|\u2606kajashi\n|j|\u2606Trudley798578\n|t:|1738702853\n|gametype|doubles\n|player|p1|kajashi|n|1619\n|player|p2|Trudley798578|101|1678\n|teamsize|p1|6\n|teamsize|p2|6\n|gen|9\n|tier|[Gen 9] VGC 2025 Reg G\n|rated|\n|rule|Species Clause: Limit one of each Pok\u00e9mon\n|rule|Item Clause: Limit 1 of each item\n|clearpoke\n|poke|p1|Incineroar, L50, F|\n|poke|p1|Amoonguss, L50, M|\n|poke|p1|Calyrex-Ice, L50|\n|poke|p1|Raging Bolt, L50|\n|poke|p1|Landorus, L50, M|\n|poke|p1|Urshifu-*, L50, F|\n|poke|p2|Zamazenta-*, L50|\n|poke|p2|Ting-Lu, L50|\n|poke|p2|Latios, L50, M|\n|poke|p2|Rillaboom, L50, M|\n|poke|p2|Gyarados, L50, F|\n|poke|p2|Flutter Mane, L50|\n|teampreview|4\n|\n|t:|1738702924\n|start\n|switch|p1a: Amoonguss|Amoonguss, L50, M|100\/100\n|switch|p1b: Calyrex|Calyrex-Ice, L50|100\/100\n|switch|p2a: Latios|Latios, L50, M|100\/100\n|switch|p2b: Flutter Mane|Flutter Mane, L50|100\/100\n|-ability|p1b: Calyrex|As One\n|-ability|p1b: Calyrex|Unnerve\n|turn|1\n|\n|t:|1738702995\n|-terastallize|p2a: Latios|Steel\n|-terastallize|p1a: Amoonguss|Fire\n|move|p1a: Amoonguss|Rage Powder|p1a: Amoonguss\n|-singleturn|p1a: Amoonguss|move: Rage Powder\n|move|p2b: Flutter Mane|Moonblast|p1a: Amoonguss\n|-resisted|p1a: Amoonguss\n|-damage|p1a: Amoonguss|81\/100\n|move|p2a: Latios|Luster Purge|p1a: Amoonguss\n|-damage|p1a: Amoonguss|36\/100\n|move|p1b: Calyrex|Trick Room|p1b: Calyrex\n|-fieldstart|move: Trick Room|[of] p1b: Calyrex\n|\n|upkeep\n|turn|2\n|\n|t:|1738703021\n|move|p2a: Latios|Protect|p2a: Latios\n|-singleturn|p2a: Latios|Protect\n|move|p1b: Calyrex|Glacial Lance|p2a: Latios|[spread] p2b\n|-activate|p2a: Latios|move: Protect\n|-enditem|p2b: Flutter Mane|Focus Sash\n|-damage|p2b: Flutter Mane|1\/100\n|move|p1a: Amoonguss|Spore|p2a: Latios\n|-activate|p2a: Latios|move: Protect\n|move|p2b: Flutter Mane|Shadow Ball|p1b: Calyrex\n|-supereffective|p1b: Calyrex\n|-damage|p1b: Calyrex|47\/100\n|\n|upkeep\n|turn|3\n|\n|t:|1738703048\n|switch|p2a: Gyarados|Gyarados, L50, F|100\/100\n|-ability|p2a: Gyarados|Intimidate|boost\n|-unboost|p1a: Amoonguss|atk|1\n|-fail|p1b: Calyrex|unboost|[from] item: Clear Amulet|[of] p1b: Calyrex\n|-end|p2b: Flutter Mane|Protosynthesis|[silent]\n|switch|p2b: Zamazenta|Zamazenta-Crowned, L50|100\/100\n|-ability|p2b: Zamazenta|Dauntless Shield|boost\n|-boost|p2b: Zamazenta|def|1\n|move|p1b: Calyrex|Glacial Lance|p2a: Gyarados|[spread] p2a,p2b\n|-resisted|p2b: Zamazenta\n|-damage|p2a: Gyarados|56\/100\n|-damage|p2b: Zamazenta|89\/100\n|move|p1a: Amoonguss|Spore|p2a: Gyarados\n|-activate|p2a: Gyarados|item: Safety Goggles|Spore\n|\n|upkeep\n|turn|4\n|\n|t:|1738703072\n|move|p2a: Gyarados|Protect|p2a: Gyarados\n|-singleturn|p2a: Gyarados|Protect\n|move|p2b: Zamazenta|Protect|p2b: Zamazenta\n|-singleturn|p2b: Zamazenta|Protect\n|move|p1b: Calyrex|High Horsepower|p2b: Zamazenta\n|-activate|p2b: Zamazenta|move: Protect\n|move|p1a: Amoonguss|Pollen Puff|p1b: Calyrex\n|-heal|p1b: Calyrex|97\/100\n|\n|upkeep\n|turn|5\n|\n|t:|1738703103\n|switch|p1a: Landorus|Landorus, L50, M|100\/100\n|move|p2b: Zamazenta|Wide Guard|p2b: Zamazenta\n|-singleturn|p2b: Zamazenta|Wide Guard\n|move|p1b: Calyrex|Glacial Lance|p2a: Gyarados|[spread] \n|-activate|p2a: Gyarados|move: Wide Guard\n|-activate|p2b: Zamazenta|move: Wide Guard\n|move|p2a: Gyarados|Thunder Wave|p1b: Calyrex\n|-status|p1b: Calyrex|par\n|\n|-fieldend|move: Trick Room\n|upkeep\n|turn|6\n|j| mr pogostick\n|\n|t:|1738703142\n|switch|p1a: Raging Bolt|Raging Bolt, L50|100\/100\n|switch|p2b: Latios|Latios, L50, M, tera:Steel|100\/100\n|move|p2a: Gyarados|Taunt|p1b: Calyrex\n|-start|p1b: Calyrex|move: Taunt\n|cant|p1b: Calyrex|move: Taunt|Trick Room\n|\n|upkeep\n|turn|7\n|\n|t:|1738703169\n|move|p2a: Gyarados|Protect|p2a: Gyarados\n|-singleturn|p2a: Gyarados|Protect\n|move|p2b: Latios|Draco Meteor|p1a: Raging Bolt\n|-supereffective|p1a: Raging Bolt\n|-damage|p1a: Raging Bolt|4\/100\n|-unboost|p2b: Latios|spa|2\n|move|p1a: Raging Bolt|Thunderbolt|p2b: Latios\n|-damage|p2b: Latios|49\/100\n|move|p1b: Calyrex|Glacial Lance|p2a: Gyarados|[spread] p2b\n|-activate|p2a: Gyarados|move: Protect\n|-resisted|p2b: Latios\n|-damage|p2b: Latios|10\/100\n|\n|upkeep\n|turn|8\n|\n|t:|1738703228\n|switch|p2b: Zamazenta|Zamazenta-Crowned, L50|89\/100\n|move|p2a: Gyarados|Protect||[still]\n|-fail|p2a: Gyarados\n|move|p1a: Raging Bolt|Thunderclap||[still]\n|-fail|p1a: Raging Bolt\n|move|p1b: Calyrex|Glacial Lance|p2b: Zamazenta|[spread] p2a,p2b\n|-resisted|p2b: Zamazenta\n|-damage|p2a: Gyarados|8\/100\n|-damage|p2b: Zamazenta|71\/100\n|\n|-end|p1b: Calyrex|move: Taunt\n|upkeep\n|turn|9\n|\n|t:|1738703259\n|move|p2b: Zamazenta|Body Press|p1a: Raging Bolt\n|-damage|p1a: Raging Bolt|0 fnt\n|faint|p1a: Raging Bolt\n|-end|p1a: Raging Bolt|Protosynthesis|[silent]\n|move|p2a: Gyarados|Waterfall|p1b: Calyrex\n|-damage|p1b: Calyrex|75\/100 par\n|move|p1b: Calyrex|Glacial Lance|p2a: Gyarados|[spread] p2a,p2b\n|-resisted|p2b: Zamazenta\n|-damage|p2a: Gyarados|0 fnt\n|-damage|p2b: Zamazenta|56\/100\n|faint|p2a: Gyarados\n|-ability|p1b: Calyrex|Chilling Neigh|boost\n|-boost|p1b: Calyrex|atk|1\n|\n|upkeep\n|\n|t:|1738703287\n|switch|p2a: Flutter Mane|Flutter Mane, L50|1\/100\n|switch|p1a: Landorus|Landorus, L50, M|100\/100\n|turn|10\n|\n|t:|1738703311\n|move|p1a: Landorus|Earth Power|p2a: Flutter Mane\n|-damage|p2a: Flutter Mane|0 fnt\n|faint|p2a: Flutter Mane\n|-end|p2a: Flutter Mane|Protosynthesis|[silent]\n|move|p2b: Zamazenta|Behemoth Bash|p1b: Calyrex\n|-supereffective|p1b: Calyrex\n|-damage|p1b: Calyrex|22\/100 par\n|move|p1b: Calyrex|High Horsepower|p2b: Zamazenta\n|-supereffective|p2b: Zamazenta\n|-damage|p2b: Zamazenta|0 fnt\n|faint|p2b: Zamazenta\n|-ability|p1b: Calyrex|Chilling Neigh|boost\n|-boost|p1b: Calyrex|atk|1\n|\n|upkeep\n|\n|t:|1738703322\n|switch|p2a: Latios|Latios, L50, M, tera:Steel|10\/100\n|turn|11\n|\n|t:|1738703337\n|switch|p1a: Amoonguss|Amoonguss, L50, M, tera:Fire|70\/100\n|move|p2a: Latios|Draco Meteor|p1b: Calyrex\n|-damage|p1b: Calyrex|0 fnt\n|-unboost|p2a: Latios|spa|2\n|faint|p1b: Calyrex\n|\n|upkeep\n|\n|t:|1738703343\n|switch|p1b: Landorus|Landorus, L50, M|100\/100\n|turn|12\n|\n|t:|1738703350\n|move|p1a: Amoonguss|Rage Powder|p1a: Amoonguss\n|-singleturn|p1a: Amoonguss|move: Rage Powder\n|move|p1b: Landorus|U-turn|p2a: Latios\n|-resisted|p2a: Latios\n|-damage|p2a: Latios|0 fnt\n|faint|p2a: Latios\n|\n|win|kajashi\n|raw|kajashi's rating: 1619 &rarr; <strong>1642<\/strong><br \/>(+23 for winning)\n|raw|Trudley798578's rating: 1678 &rarr; <strong>1655<\/strong><br \/>(-23 for losing)\n|l|\u2606Trudley798578\n|player|p2|\n|l|\u2606kajashi\n|player|p1|\n","uploadtime":1738703357,"views":35,"formatid":"gen9vgc2025regg","rating":1642,"private":0,"password":null}