{"id":"gen9vgc2025regg-2294502369","format":"[Gen 9] VGC 2025 Reg G","players":["xatseye","swadbgdc"],"log":"|j|\u2606xatseye\n|j|\u2606swadbgdc\n|t:|1738707197\n|gametype|doubles\n|player|p1|xatseye|265|1646\n|player|p2|swadbgdc|lucas|1584\n|teamsize|p1|6\n|teamsize|p2|6\n|gen|9\n|tier|[Gen 9] VGC 2025 Reg G\n|rated|\n|rule|Species Clause: Limit one of each Pok\u00e9mon\n|rule|Item Clause: Limit 1 of each item\n|clearpoke\n|poke|p1|Miraidon, L50|\n|poke|p1|Incineroar, L50, M|\n|poke|p1|Farigiraf, L50, F|\n|poke|p1|Grimmsnarl, L50, M|\n|poke|p1|Tornadus, L50, M|\n|poke|p1|Urshifu-*, L50, F|\n|poke|p2|Urshifu-*, L50, F|\n|poke|p2|Iron Moth, L50|\n|poke|p2|Zacian-*, L50|\n|poke|p2|Rillaboom, L50, M|\n|poke|p2|Ogerpon-Wellspring, L50, F|\n|poke|p2|Farigiraf, L50, F|\n|teampreview|4\n|inactive|Battle timer is ON: inactive players will automatically lose when time's up. (requested by xatseye)\n|inactive|swadbgdc has 60 seconds left.\n|inactive|swadbgdc has 30 seconds left.\n|inactive|xatseye has 60 seconds left.\n|inactive|swadbgdc has 20 seconds left.\n|inactive|swadbgdc has 15 seconds left.\n|inactive|swadbgdc has 10 seconds left.\n|inactive|swadbgdc has 5 seconds left.\n|\n|t:|1738707284\n|start\n|switch|p1a: Incineroar|Incineroar, L50, M|100\/100\n|switch|p1b: Grimmsnarl|Grimmsnarl, L50, M|100\/100\n|switch|p2a: Urshifu|Urshifu, L50, F|100\/100\n|switch|p2b: Zacian|Zacian-Crowned, L50|100\/100\n|-ability|p2b: Zacian|Intrepid Sword|boost\n|-boost|p2b: Zacian|atk|1\n|-ability|p1a: Incineroar|Intimidate|boost\n|-unboost|p2a: Urshifu|atk|1\n|-unboost|p2b: Zacian|atk|1\n|turn|1\n|\n|t:|1738707303\n|switch|p2a: Farigiraf|Farigiraf, L50, F|100\/100\n|move|p1b: Grimmsnarl|Reflect|p1b: Grimmsnarl\n|-sidestart|p1: xatseye|Reflect\n|move|p2b: Zacian|Behemoth Blade|p1b: Grimmsnarl\n|-supereffective|p1b: Grimmsnarl\n|-damage|p1b: Grimmsnarl|19\/100\n|move|p1a: Incineroar|Flare Blitz|p2b: Zacian\n|-supereffective|p2b: Zacian\n|-damage|p2b: Zacian|15\/100\n|-damage|p1a: Incineroar|76\/100|[from] Recoil\n|\n|upkeep\n|turn|2\n|inactive|swadbgdc has 30 seconds left.\n|\n|t:|1738707337\n|move|p2b: Zacian|Sacred Sword|p1a: Incineroar\n|-supereffective|p1a: Incineroar\n|-damage|p1a: Incineroar|42\/100\n|move|p1a: Incineroar|Knock Off|p2a: Farigiraf\n|-supereffective|p2a: Farigiraf\n|-damage|p2a: Farigiraf|23\/100\n|-enditem|p2a: Farigiraf|Throat Spray|[from] move: Knock Off|[of] p1a: Incineroar\n|move|p2a: Farigiraf|Hyper Voice|p1b: Grimmsnarl|[spread] p1a,p1b\n|-damage|p1a: Incineroar|24\/100\n|-damage|p1b: Grimmsnarl|0 fnt\n|faint|p1b: Grimmsnarl\n|\n|upkeep\n|\n|t:|1738707349\n|switch|p1b: Miraidon|Miraidon, L50|100\/100\n|-fieldstart|move: Electric Terrain|[from] ability: Hadron Engine|[of] p1b: Miraidon\n|turn|3\n|\n|t:|1738707368\n|switch|p1b: Farigiraf|Farigiraf, L50, F|100\/100\n|move|p2b: Zacian|Protect|p2b: Zacian\n|-singleturn|p2b: Zacian|Protect\n|move|p1a: Incineroar|Knock Off|p2a: Farigiraf\n|-supereffective|p2a: Farigiraf\n|-damage|p2a: Farigiraf|0 fnt\n|faint|p2a: Farigiraf\n|\n|upkeep\n|\n|t:|1738707374\n|switch|p2a: Urshifu|Urshifu, L50, F|100\/100\n|turn|4\n|\n|t:|1738707392\n|switch|p2b: Iron Moth|Iron Moth, L50|100\/100\n|-activate|p2b: Iron Moth|ability: Quark Drive\n|-start|p2b: Iron Moth|quarkdrivespe\n|switch|p1a: Miraidon|Miraidon, L50|100\/100\n|-activate|p1a: Miraidon|ability: Hadron Engine\n|-terastallize|p1b: Farigiraf|Fairy\n|move|p2a: Urshifu|Wicked Blow|p1b: Farigiraf\n|-resisted|p1b: Farigiraf\n|-crit|p1b: Farigiraf\n|-damage|p1b: Farigiraf|73\/100\n|move|p1b: Farigiraf|Hyper Voice|p2b: Iron Moth|[spread] p2a,p2b\n|-damage|p2a: Urshifu|62\/100\n|-damage|p2b: Iron Moth|73\/100\n|-enditem|p1b: Farigiraf|Throat Spray\n|-boost|p1b: Farigiraf|spa|1|[from] item: Throat Spray\n|\n|upkeep\n|turn|5\n|\n|t:|1738707416\n|move|p2a: Urshifu|Detect|p2a: Urshifu\n|-singleturn|p2a: Urshifu|Protect\n|move|p2b: Iron Moth|Sludge Wave|p1a: Miraidon|[spread] p1a,p1b\n|-activate|p2a: Urshifu|move: Protect\n|-supereffective|p1b: Farigiraf\n|-damage|p1a: Miraidon|73\/100\n|-damage|p1b: Farigiraf|8\/100\n|-status|p1a: Miraidon|psn\n|move|p1a: Miraidon|Volt Switch|p2a: Urshifu\n|-activate|p2a: Urshifu|move: Protect\n|move|p1b: Farigiraf|Trick Room|p1b: Farigiraf\n|-fieldstart|move: Trick Room|[of] p1b: Farigiraf\n|\n|-damage|p1a: Miraidon|61\/100 psn|[from] psn\n|upkeep\n|turn|6\n|inactive|swadbgdc has 30 seconds left.\n|inactive|swadbgdc has 20 seconds left.\n|\n|t:|1738707453\n|move|p2b: Iron Moth|Protect|p2b: Iron Moth\n|-singleturn|p2b: Iron Moth|Protect\n|move|p1b: Farigiraf|Hyper Voice|p2a: Urshifu|[spread] p2a\n|-activate|p2b: Iron Moth|move: Protect\n|-damage|p2a: Urshifu|2\/100\n|move|p2a: Urshifu|Wicked Blow|p1b: Farigiraf\n|-resisted|p1b: Farigiraf\n|-crit|p1b: Farigiraf\n|-damage|p1b: Farigiraf|0 fnt\n|faint|p1b: Farigiraf\n|move|p1a: Miraidon|Volt Switch|p2b: Iron Moth\n|-activate|p2b: Iron Moth|move: Protect\n|\n|-damage|p1a: Miraidon|48\/100 psn|[from] psn\n|upkeep\n|\n|t:|1738707466\n|switch|p1b: Incineroar|Incineroar, L50, M|24\/100\n|-ability|p1b: Incineroar|Intimidate|boost\n|-unboost|p2a: Urshifu|atk|1\n|-unboost|p2b: Iron Moth|atk|1\n|turn|7\n|\n|t:|1738707474\n|-end|p2b: Iron Moth|Quark Drive|[silent]\n|switch|p2b: Zacian|Zacian-Crowned, L50|15\/100\n|move|p2a: Urshifu|Detect|p2a: Urshifu\n|-singleturn|p2a: Urshifu|Protect\n|move|p1b: Incineroar|Fake Out|p2a: Urshifu\n|-activate|p2a: Urshifu|move: Protect\n|move|p1a: Miraidon|Volt Switch|p2b: Zacian\n|-crit|p2b: Zacian\n|-damage|p2b: Zacian|0 fnt\n|faint|p2b: Zacian\n|\n|-damage|p1a: Miraidon|36\/100 psn|[from] psn\n|-fieldend|move: Electric Terrain\n|upkeep\n|\n|t:|1738707477\n|switch|p2b: Iron Moth|Iron Moth, L50|73\/100\n|-enditem|p2b: Iron Moth|Booster Energy\n|-activate|p2b: Iron Moth|ability: Quark Drive|[fromitem]\n|-start|p2b: Iron Moth|quarkdrivespe\n|turn|8\n|inactive|swadbgdc has 30 seconds left.\n|\n|t:|1738707507\n|-terastallize|p2a: Urshifu|Dark\n|move|p2b: Iron Moth|Protect|p2b: Iron Moth\n|-singleturn|p2b: Iron Moth|Protect\n|move|p2a: Urshifu|Sucker Punch|p1a: Miraidon\n|-damage|p1a: Miraidon|16\/100 psn\n|move|p1b: Incineroar|Knock Off|p2a: Urshifu\n|-resisted|p2a: Urshifu\n|-damage|p2a: Urshifu|0 fnt\n|-enditem|p2a: Urshifu|Focus Sash|[from] move: Knock Off|[of] p1b: Incineroar\n|faint|p2a: Urshifu\n|move|p1a: Miraidon|Volt Switch|p2b: Iron Moth\n|-activate|p2b: Iron Moth|move: Protect\n|\n|-damage|p1a: Miraidon|4\/100 psn|[from] psn\n|-sideend|p1: xatseye|Reflect\n|upkeep\n|turn|9\n|\n|t:|1738707529\n|move|p2b: Iron Moth|Protect||[still]\n|-fail|p2b: Iron Moth\n|move|p1b: Incineroar|Knock Off|p2b: Iron Moth\n|-damage|p2b: Iron Moth|40\/100\n|move|p1a: Miraidon|Volt Switch|p2b: Iron Moth\n|-damage|p2b: Iron Moth|0 fnt\n|faint|p2b: Iron Moth\n|-end|p2b: Iron Moth|Quark Drive|[silent]\n|\n|win|xatseye\n|raw|xatseye's rating: 1646 &rarr; <strong>1662<\/strong><br \/>(+16 for winning)\n|raw|swadbgdc's rating: 1584 &rarr; <strong>1568<\/strong><br \/>(-16 for losing)\n|l|\u2606swadbgdc\n|player|p2|\n|l|\u2606xatseye\n|player|p1|\n","uploadtime":1738707794,"views":6,"formatid":"gen9vgc2025regg","rating":1568,"private":0,"password":null}