{"id":"gen9vgc2025regg-2294673252","format":"[Gen 9] VGC 2025 Reg G","players":["BattleBlazikenVGC","jkimkim1"],"log":"|j|\u2606BattleBlazikenVGC\n|j|\u2606jkimkim1\n|t:|1738729456\n|gametype|doubles\n|player|p1|BattleBlazikenVGC|ltsurge|1605\n|player|p2|jkimkim1|169|1654\n|teamsize|p1|6\n|teamsize|p2|6\n|gen|9\n|tier|[Gen 9] VGC 2025 Reg G\n|rated|\n|rule|Species Clause: Limit one of each Pok\u00e9mon\n|rule|Item Clause: Limit 1 of each item\n|clearpoke\n|poke|p1|Eternatus, L50|\n|poke|p1|Rhydon, L50, M|\n|poke|p1|Grimmsnarl, L50, M|\n|poke|p1|Amoonguss, L50, M|\n|poke|p1|Glastrier, L50|\n|poke|p1|Moltres-Galar, L50|\n|poke|p2|Miraidon, L50|\n|poke|p2|Cresselia, L50, F|\n|poke|p2|Thundurus-Therian, L50, M|\n|poke|p2|Incineroar, L50, F|\n|poke|p2|Ursaluna, L50, F|\n|poke|p2|Whimsicott, L50, F|\n|teampreview|4\n|inactive|Battle timer is ON: inactive players will automatically lose when time's up. (requested by jkimkim1)\n|\n|t:|1738729507\n|start\n|switch|p1a: Osborne|Grimmsnarl, L50, M, shiny|100\/100\n|switch|p1b: PetahTheHons|Glastrier, L50|100\/100\n|switch|p2a: Jayson tatum|Miraidon, L50|100\/100\n|switch|p2b: \uc0ac\uc2b9\ud5cc|Cresselia, L50, F, shiny|100\/100\n|-fieldstart|move: Electric Terrain|[from] ability: Hadron Engine|[of] p2a: Jayson tatum\n|turn|1\n|\n|t:|1738729516\n|-terastallize|p2a: Jayson tatum|Fairy\n|move|p2b: \uc0ac\uc2b9\ud5cc|Helping Hand|p2a: Jayson tatum\n|-singleturn|p2a: Jayson tatum|Helping Hand|[of] p2b: \uc0ac\uc2b9\ud5cc\n|move|p1a: Osborne|Light Screen|p1a: Osborne\n|-sidestart|p1: BattleBlazikenVGC|move: Light Screen\n|move|p2a: Jayson tatum|Dazzling Gleam|p1b: PetahTheHons|[spread] p1a,p1b\n|-supereffective|p1a: Osborne\n|-damage|p1a: Osborne|0 fnt\n|-damage|p1b: PetahTheHons|48\/100\n|faint|p1a: Osborne\n|move|p1b: PetahTheHons|Icicle Crash|p2a: Jayson tatum\n|-damage|p2a: Jayson tatum|52\/100\n|\n|upkeep\n|\n|t:|1738729526\n|switch|p1a: Tahtorak|Eternatus, L50|100\/100\n|-ability|p1a: Tahtorak|Pressure\n|turn|2\n|\n|t:|1738729536\n|move|p2b: \uc0ac\uc2b9\ud5cc|Helping Hand|p2a: Jayson tatum\n|-singleturn|p2a: Jayson tatum|Helping Hand|[of] p2b: \uc0ac\uc2b9\ud5cc\n|move|p2a: Jayson tatum|Dazzling Gleam|p1a: Tahtorak|[spread] p1a,p1b\n|-crit|p1b: PetahTheHons\n|-damage|p1a: Tahtorak|50\/100\n|-damage|p1b: PetahTheHons|0 fnt\n|faint|p1b: PetahTheHons\n|move|p1a: Tahtorak|Sludge Bomb|p2a: Jayson tatum\n|-supereffective|p2a: Jayson tatum\n|-damage|p2a: Jayson tatum|0 fnt\n|faint|p2a: Jayson tatum\n|\n|-heal|p1a: Tahtorak|56\/100|[from] item: Leftovers\n|upkeep\n|\n|t:|1738729545\n|switch|p2a: Kingjames|Incineroar, L50, F|100\/100\n|switch|p1b: Bo|Rhydon, L50, M, shiny|100\/100\n|-ability|p2a: Kingjames|Intimidate|boost\n|-unboost|p1a: Tahtorak|atk|1\n|-unboost|p1b: Bo|atk|1\n|turn|3\n|\n|t:|1738729553\n|move|p1a: Tahtorak|Cosmic Power|p1a: Tahtorak\n|-boost|p1a: Tahtorak|def|1\n|-boost|p1a: Tahtorak|spd|1\n|move|p2a: Kingjames|Will-O-Wisp|p1b: Bo\n|-status|p1b: Bo|brn\n|move|p2b: \uc0ac\uc2b9\ud5cc|Psychic|p1a: Tahtorak\n|-supereffective|p1a: Tahtorak\n|-damage|p1a: Tahtorak|37\/100\n|move|p1b: Bo|Rock Slide|p2a: Kingjames|[spread] p2a,p2b\n|-supereffective|p2a: Kingjames\n|-damage|p2a: Kingjames|81\/100\n|-damage|p2b: \uc0ac\uc2b9\ud5cc|94\/100\n|\n|-heal|p1a: Tahtorak|43\/100|[from] item: Leftovers\n|-damage|p1b: Bo|95\/100 brn|[from] brn\n|upkeep\n|turn|4\n|\n|t:|1738729565\n|move|p1a: Tahtorak|Recover|p1a: Tahtorak\n|-heal|p1a: Tahtorak|93\/100\n|move|p2a: Kingjames|Parting Shot|p1a: Tahtorak\n|-unboost|p1a: Tahtorak|atk|1\n|-unboost|p1a: Tahtorak|spa|1\n|\n|t:|1738729570\n|switch|p2a: Canada bear|Ursaluna, L50, F|100\/100|[from] Parting Shot\n|move|p1b: Bo|High Horsepower|p2a: Canada bear\n|-damage|p2a: Canada bear|88\/100\n|move|p2b: \uc0ac\uc2b9\ud5cc|Trick Room|p2b: \uc0ac\uc2b9\ud5cc\n|-fieldstart|move: Trick Room|[of] p2b: \uc0ac\uc2b9\ud5cc\n|\n|-heal|p1a: Tahtorak|99\/100|[from] item: Leftovers\n|-damage|p1b: Bo|89\/100 brn|[from] brn\n|-status|p2a: Canada bear|brn|[from] item: Flame Orb\n|upkeep\n|turn|5\n|\n|t:|1738729580\n|-terastallize|p1a: Tahtorak|Dark\n|move|p2b: \uc0ac\uc2b9\ud5cc|Helping Hand|p2a: Canada bear\n|-singleturn|p2a: Canada bear|Helping Hand|[of] p2b: \uc0ac\uc2b9\ud5cc\n|move|p2a: Canada bear|Earthquake|p1b: Bo|[spread] p1a,p1b\n|-immune|p2b: \uc0ac\uc2b9\ud5cc|[from] ability: Levitate\n|-supereffective|p1b: Bo\n|-damage|p1a: Tahtorak|59\/100\n|-damage|p1b: Bo|0 fnt\n|faint|p1b: Bo\n|move|p1a: Tahtorak|Cosmic Power|p1a: Tahtorak\n|-boost|p1a: Tahtorak|def|1\n|-boost|p1a: Tahtorak|spd|1\n|\n|-heal|p1a: Tahtorak|65\/100|[from] item: Leftovers\n|-damage|p2a: Canada bear|82\/100 brn|[from] brn\n|-fieldend|move: Electric Terrain\n|upkeep\n|turn|6\n|\n|t:|1738729593\n|move|p2b: \uc0ac\uc2b9\ud5cc|Helping Hand|p2a: Canada bear\n|-singleturn|p2a: Canada bear|Helping Hand|[of] p2b: \uc0ac\uc2b9\ud5cc\n|move|p2a: Canada bear|Facade|p1a: Tahtorak\n|-damage|p1a: Tahtorak|11\/100\n|move|p1a: Tahtorak|Cosmic Power|p1a: Tahtorak\n|-boost|p1a: Tahtorak|def|1\n|-boost|p1a: Tahtorak|spd|1\n|\n|-heal|p1a: Tahtorak|18\/100|[from] item: Leftovers\n|-damage|p2a: Canada bear|76\/100 brn|[from] brn\n|upkeep\n|turn|7\n|\n|t:|1738729599\n|move|p2a: Canada bear|Facade|p1a: Tahtorak\n|-damage|p1a: Tahtorak|0 fnt\n|faint|p1a: Tahtorak\n|\n|win|jkimkim1\n|raw|BattleBlazikenVGC's rating: 1605 &rarr; <strong>1588<\/strong><br \/>(-17 for losing)\n|raw|jkimkim1's rating: 1654 &rarr; <strong>1671<\/strong><br \/>(+17 for winning)\n|l|\u2606BattleBlazikenVGC\n|player|p1|\n","uploadtime":1738729804,"views":15,"formatid":"gen9vgc2025regg","rating":1588,"private":0,"password":null}