{"id":"gen9vgc2025regg-2294605468","format":"[Gen 9] VGC 2025 Reg G","players":["xiaobengou123","Forbranna"],"log":"|j|\u2606xiaobengou123\n|j|\u2606Forbranna\n|t:|1738720057\n|gametype|doubles\n|player|p1|xiaobengou123|twins-gen4dp|1613\n|player|p2|Forbranna|101|1646\n|teamsize|p1|6\n|teamsize|p2|6\n|gen|9\n|tier|[Gen 9] VGC 2025 Reg G\n|rated|\n|rule|Species Clause: Limit one of each Pok\u00e9mon\n|rule|Item Clause: Limit 1 of each item\n|clearpoke\n|poke|p1|Calyrex-Ice, L50|\n|poke|p1|Incineroar, L50, F|\n|poke|p1|Ogerpon-Cornerstone, L50, F|\n|poke|p1|Urshifu-*, L50, M|\n|poke|p1|Indeedee-F, L50, F|\n|poke|p1|Raging Bolt, L50|\n|poke|p2|Grimmsnarl, L50, M|\n|poke|p2|Chi-Yu, L50|\n|poke|p2|Koraidon, L50|\n|poke|p2|Flutter Mane, L50|\n|poke|p2|Raging Bolt, L50|\n|poke|p2|Ogerpon-Cornerstone, L50, F|\n|teampreview|4\n|inactive|Battle timer is ON: inactive players will automatically lose when time's up. (requested by Forbranna)\n|inactive|xiaobengou123 has 60 seconds left.\n|\n|t:|1738720092\n|start\n|switch|p1a: Calyrex|Calyrex-Ice, L50|100\/100\n|switch|p1b: Indeedee|Indeedee-F, L50, F|100\/100\n|switch|p2a: Voltaire|Raging Bolt, L50|100\/100\n|switch|p2b: Moctezuma|Koraidon, L50|100\/100\n|-ability|p1a: Calyrex|As One\n|-ability|p1a: Calyrex|Unnerve\n|-weather|SunnyDay|[from] ability: Orichalcum Pulse|[of] p2b: Moctezuma\n|-activate|p2a: Voltaire|ability: Protosynthesis\n|-start|p2a: Voltaire|protosynthesisspa\n|-activate|p2b: Moctezuma|Orichalcum Pulse|[source]\n|-fieldstart|move: Psychic Terrain|[from] ability: Psychic Surge|[of] p1b: Indeedee\n|turn|1\n|\n|t:|1738720116\n|-terastallize|p2b: Moctezuma|Fire\n|-terastallize|p1a: Calyrex|Fairy\n|move|p2b: Moctezuma|Flare Blitz|p1b: Indeedee\n|-damage|p1b: Indeedee|0 fnt\n|-damage|p2b: Moctezuma|84\/100|[from] item: Rocky Helmet|[of] p1b: Indeedee\n|faint|p1b: Indeedee\n|-damage|p2b: Moctezuma|54\/100|[from] Recoil\n|move|p2a: Voltaire|Volt Switch|p1a: Calyrex\n|-damage|p1a: Calyrex|63\/100\n|\n|t:|1738720128\n|-end|p2a: Voltaire|Protosynthesis|[silent]\n|switch|p2a: Einstein|Grimmsnarl, L50, M, shiny|100\/100|[from] Volt Switch\n|move|p1a: Calyrex|Glacial Lance|p2a: Einstein|[spread] p2a,p2b\n|-resisted|p2b: Moctezuma\n|-damage|p2a: Einstein|33\/100\n|-damage|p2b: Moctezuma|25\/100\n|\n|-weather|SunnyDay|[upkeep]\n|upkeep\n|\n|t:|1738720136\n|switch|p1b: Ogerpon|Ogerpon-Cornerstone, L50, F|100\/100\n|turn|2\n|\n|t:|1738720150\n|move|p2b: Moctezuma|Protect|p2b: Moctezuma\n|-singleturn|p2b: Moctezuma|Protect\n|move|p1b: Ogerpon|Follow Me|p1b: Ogerpon\n|-singleturn|p1b: Ogerpon|move: Follow Me\n|move|p1a: Calyrex|Glacial Lance|p2b: Moctezuma|[spread] p2a\n|-activate|p2b: Moctezuma|move: Protect\n|-damage|p2a: Einstein|0 fnt\n|faint|p2a: Einstein\n|-ability|p1a: Calyrex|Chilling Neigh|boost\n|-boost|p1a: Calyrex|atk|1\n|\n|-weather|SunnyDay|[upkeep]\n|upkeep\n|\n|t:|1738720163\n|switch|p2a: Zheng He|Chi-Yu, L50|100\/100\n|-ability|p2a: Zheng He|Beads of Ruin\n|turn|3\n|\n|t:|1738720171\n|move|p1b: Ogerpon|Follow Me|p1b: Ogerpon\n|-singleturn|p1b: Ogerpon|move: Follow Me\n|move|p2b: Moctezuma|Collision Course|p1b: Ogerpon\n|-supereffective|p1b: Ogerpon\n|-ability|p1b: Ogerpon|Sturdy\n|-damage|p1b: Ogerpon|1\/100\n|move|p2a: Zheng He|Heat Wave|p1a: Calyrex|[spread] p1a,p1b\n|-damage|p1a: Calyrex|3\/100\n|-damage|p1b: Ogerpon|0 fnt\n|faint|p1b: Ogerpon\n|move|p1a: Calyrex|Trick Room|p1a: Calyrex\n|-fieldstart|move: Trick Room|[of] p1a: Calyrex\n|\n|-weather|SunnyDay|[upkeep]\n|upkeep\n|\n|t:|1738720183\n|switch|p1b: Incineroar|Incineroar, L50, F|100\/100\n|-ability|p1b: Incineroar|Intimidate|boost\n|-unboost|p2a: Zheng He|atk|1\n|-fail|p2b: Moctezuma|unboost|[from] item: Clear Amulet|[of] p2b: Moctezuma\n|turn|4\n|\n|t:|1738720191\n|move|p2a: Zheng He|Protect|p2a: Zheng He\n|-singleturn|p2a: Zheng He|Protect\n|move|p2b: Moctezuma|Protect|p2b: Moctezuma\n|-singleturn|p2b: Moctezuma|Protect\n|move|p1b: Incineroar|Knock Off|p2a: Zheng He\n|-activate|p2a: Zheng He|move: Protect\n|move|p1a: Calyrex|Glacial Lance|p2b: Moctezuma|[spread] \n|-activate|p2a: Zheng He|move: Protect\n|-activate|p2b: Moctezuma|move: Protect\n|\n|-weather|SunnyDay|[upkeep]\n|upkeep\n|turn|5\n|\n|t:|1738720207\n|move|p1b: Incineroar|Knock Off|p2a: Zheng He\n|-resisted|p2a: Zheng He\n|-damage|p2a: Zheng He|74\/100\n|-enditem|p2a: Zheng He|Covert Cloak|[from] move: Knock Off|[of] p1b: Incineroar\n|move|p1a: Calyrex|Glacial Lance|p2b: Moctezuma|[spread] p2a,p2b\n|-resisted|p2a: Zheng He\n|-resisted|p2b: Moctezuma\n|-damage|p2a: Zheng He|0 fnt\n|-damage|p2b: Moctezuma|0 fnt\n|faint|p2a: Zheng He\n|faint|p2b: Moctezuma\n|-ability|p1a: Calyrex|Chilling Neigh|boost\n|-boost|p1a: Calyrex|atk|2\n|\n|-weather|none\n|-fieldend|move: Psychic Terrain\n|upkeep\n|\n|t:|1738720220\n|switch|p2b: Voltaire|Raging Bolt, L50|100\/100\n|turn|6\n|\n|t:|1738720232\n|move|p2b: Voltaire|Thunderclap||[still]\n|-fail|p2b: Voltaire\n|move|p1b: Incineroar|Will-O-Wisp|p2b: Voltaire|[miss]\n|-miss|p1b: Incineroar|p2b: Voltaire\n|move|p1a: Calyrex|Imprison|p1a: Calyrex\n|-start|p1a: Calyrex|move: Imprison\n|\n|upkeep\n|turn|7\n|\n|t:|1738720248\n|move|p2b: Voltaire|Thunderclap||[still]\n|-fail|p2b: Voltaire\n|move|p1b: Incineroar|Knock Off|p2b: Voltaire\n|-damage|p2b: Voltaire|73\/100\n|-enditem|p2b: Voltaire|Assault Vest|[from] move: Knock Off|[of] p1b: Incineroar\n|move|p1a: Calyrex|Trick Room|p1a: Calyrex\n|-fieldend|move: Trick Room\n|\n|upkeep\n|turn|8\n|\n|t:|1738720258\n|move|p2b: Voltaire|Thunderbolt|p1a: Calyrex\n|-damage|p1a: Calyrex|0 fnt\n|faint|p1a: Calyrex\n|move|p1b: Incineroar|Will-O-Wisp|p2b: Voltaire\n|-status|p2b: Voltaire|brn\n|\n|-damage|p2b: Voltaire|67\/100 brn|[from] brn\n|upkeep\n|turn|9\n|\n|t:|1738720271\n|move|p2b: Voltaire|Draco Meteor|p1b: Incineroar\n|-damage|p1b: Incineroar|31\/100\n|-unboost|p2b: Voltaire|spa|2\n|move|p1b: Incineroar|Parting Shot|p2b: Voltaire\n|-unboost|p2b: Voltaire|atk|1\n|-unboost|p2b: Voltaire|spa|1\n|\n|-damage|p2b: Voltaire|60\/100 brn|[from] brn\n|upkeep\n|turn|10\n|\n|t:|1738720282\n|move|p2b: Voltaire|Draco Meteor|p1b: Incineroar\n|-damage|p1b: Incineroar|7\/100\n|-unboost|p2b: Voltaire|spa|2\n|move|p1b: Incineroar|Knock Off|p2b: Voltaire\n|-damage|p2b: Voltaire|42\/100 brn\n|\n|-damage|p2b: Voltaire|36\/100 brn|[from] brn\n|upkeep\n|turn|11\n|-message|xiaobengou123 forfeited.\n|\n|win|Forbranna\n|raw|xiaobengou123's rating: 1613 &rarr; <strong>1595<\/strong><br \/>(-18 for losing)\n|raw|Forbranna's rating: 1646 &rarr; <strong>1664<\/strong><br \/>(+18 for winning)\n|l|\u2606xiaobengou123\n|player|p1|\n","uploadtime":1738720459,"views":10,"formatid":"gen9vgc2025regg","rating":1595,"private":0,"password":null}