{"id":"gen9vgc2025regg-2294431145","format":"[Gen 9] VGC 2025 Reg G","players":["BLiiNDProdiigy","kd-vgc711"],"log":"|j|\u2606BLiiNDProdiigy\n|j|\u2606kd-vgc711\n|t:|1738699758\n|gametype|doubles\n|player|p1|BLiiNDProdiigy|rocketgrunt|1545\n|player|p2|kd-vgc711|102|1650\n|teamsize|p1|6\n|teamsize|p2|6\n|gen|9\n|tier|[Gen 9] VGC 2025 Reg G\n|rated|\n|rule|Species Clause: Limit one of each Pok\u00e9mon\n|rule|Item Clause: Limit 1 of each item\n|clearpoke\n|poke|p1|Terapagos, L50, M|\n|poke|p1|Incineroar, L50, M|\n|poke|p1|Rillaboom, L50, F|\n|poke|p1|Urshifu-*, L50, F|\n|poke|p1|Flutter Mane, L50|\n|poke|p1|Ogerpon-Hearthflame, L50, F|\n|poke|p2|Calyrex-Ice, L50|\n|poke|p2|Torkoal, L50, M|\n|poke|p2|Lilligant-Hisui, L50, F|\n|poke|p2|Kingambit, L50, F|\n|poke|p2|Flutter Mane, L50|\n|poke|p2|Indeedee-F, L50, F|\n|teampreview|4\n|inactive|Battle timer is ON: inactive players will automatically lose when time's up. (requested by kd-vgc711)\n|\n|t:|1738699784\n|start\n|switch|p1a: Terapagos|Terapagos, L50, M|100\/100\n|switch|p1b: Incineroar|Incineroar, L50, M|100\/100\n|switch|p2a: Calyrex|Calyrex-Ice, L50|100\/100\n|switch|p2b: Lilligant|Lilligant-Hisui, L50, F, shiny|100\/100\n|-activate|p1a: Terapagos|ability: Tera Shift\n|detailschange|p1a: Terapagos|Terapagos-Terastal, L50, M\n|-heal|p1a: Terapagos|100\/100|[silent]\n|-ability|p2a: Calyrex|As One\n|-ability|p2a: Calyrex|Unnerve\n|-ability|p1b: Incineroar|Intimidate|boost\n|-fail|p2a: Calyrex|unboost|[from] item: Clear Amulet|[of] p2a: Calyrex\n|-unboost|p2b: Lilligant|atk|1\n|turn|1\n|\n|t:|1738699794\n|switch|p2a: Flutter Mane|Flutter Mane, L50, shiny|100\/100\n|move|p1b: Incineroar|Fake Out|p2b: Lilligant\n|-damage|p2b: Lilligant|85\/100\n|cant|p2b: Lilligant|flinch\n|move|p1a: Terapagos|Substitute|p1a: Terapagos\n|-start|p1a: Terapagos|Substitute\n|-damage|p1a: Terapagos|76\/100\n|\n|-heal|p1a: Terapagos|82\/100|[from] item: Leftovers\n|upkeep\n|turn|2\n|\n|t:|1738699810\n|move|p1a: Terapagos|Protect|p1a: Terapagos\n|-singleturn|p1a: Terapagos|Protect\n|move|p2a: Flutter Mane|Moonblast|p1b: Incineroar\n|-damage|p1b: Incineroar|36\/100\n|move|p2b: Lilligant|Close Combat|p1b: Incineroar\n|-supereffective|p1b: Incineroar\n|-damage|p1b: Incineroar|0 fnt\n|-unboost|p2b: Lilligant|def|1\n|-unboost|p2b: Lilligant|spd|1\n|-damage|p2b: Lilligant|68\/100|[from] item: Rocky Helmet|[of] p1b: Incineroar\n|faint|p1b: Incineroar\n|\n|-heal|p1a: Terapagos|87\/100|[from] item: Leftovers\n|upkeep\n|\n|t:|1738699819\n|switch|p1b: Ogerpon|Ogerpon-Hearthflame, L50, F|100\/100\n|-ability|p1b: Ogerpon|Mold Breaker\n|turn|3\n|\n|t:|1738699828\n|-end|p2a: Flutter Mane|Protosynthesis|[silent]\n|switch|p2a: Calyrex|Calyrex-Ice, L50|100\/100\n|-ability|p2a: Calyrex|As One\n|-ability|p2a: Calyrex|Unnerve\n|-terastallize|p1a: Terapagos|Stellar\n|detailschange|p1a: Terapagos|Terapagos-Stellar, L50, M, tera:Stellar\n|-heal|p1a: Terapagos|91\/100|[silent]\n|move|p1b: Ogerpon|Follow Me|p1b: Ogerpon\n|-singleturn|p1b: Ogerpon|move: Follow Me\n|move|p2b: Lilligant|Coaching|p2a: Calyrex\n|-boost|p2a: Calyrex|atk|1\n|-boost|p2a: Calyrex|def|1\n|move|p1a: Terapagos|Tera Starstorm|p2b: Lilligant|[spread] p2a,p2b\n|-damage|p2a: Calyrex|75\/100\n|-damage|p2b: Lilligant|0 fnt\n|faint|p2b: Lilligant\n|\n|-heal|p1a: Terapagos|97\/100|[from] item: Leftovers\n|upkeep\n|\n|t:|1738699834\n|switch|p2b: Flutter Mane|Flutter Mane, L50, shiny|100\/100\n|turn|4\n|\n|t:|1738699848\n|move|p1b: Ogerpon|Spiky Shield|p1b: Ogerpon\n|-singleturn|p1b: Ogerpon|move: Protect\n|move|p1a: Terapagos|Protect|p1a: Terapagos\n|-singleturn|p1a: Terapagos|Protect\n|move|p2b: Flutter Mane|Dazzling Gleam|p1b: Ogerpon|[spread] \n|-activate|p1a: Terapagos|move: Protect\n|-activate|p1b: Ogerpon|move: Protect\n|move|p2a: Calyrex|Trick Room|p2a: Calyrex\n|-fieldstart|move: Trick Room|[of] p2a: Calyrex\n|\n|-heal|p1a: Terapagos|100\/100|[from] item: Leftovers\n|upkeep\n|turn|5\n|\n|t:|1738699862\n|move|p2a: Calyrex|Protect|p2a: Calyrex\n|-singleturn|p2a: Calyrex|Protect\n|move|p1a: Terapagos|Calm Mind|p1a: Terapagos\n|-boost|p1a: Terapagos|spa|1\n|-boost|p1a: Terapagos|spd|1\n|move|p1b: Ogerpon|Ivy Cudgel|p2b: Flutter Mane|[anim] Ivy Cudgel Fire\n|-damage|p2b: Flutter Mane|1\/100\n|move|p2b: Flutter Mane|Dazzling Gleam|p1a: Terapagos|[spread] p1a,p1b\n|-end|p1a: Terapagos|Substitute\n|-resisted|p1b: Ogerpon\n|-damage|p1b: Ogerpon|75\/100\n|\n|upkeep\n|turn|6\n|\n|t:|1738699874\n|-end|p2b: Flutter Mane|Protosynthesis|[silent]\n|switch|p2b: Torkoal|Torkoal, L50, M, shiny|100\/100\n|-weather|SunnyDay|[from] ability: Drought|[of] p2b: Torkoal\n|move|p1b: Ogerpon|Follow Me|p1b: Ogerpon\n|-singleturn|p1b: Ogerpon|move: Follow Me\n|move|p2a: Calyrex|Glacial Lance|p1b: Ogerpon|[spread] p1a,p1b\n|-damage|p1a: Terapagos|46\/100\n|-damage|p1b: Ogerpon|0 fnt\n|faint|p1b: Ogerpon\n|-ability|p2a: Calyrex|Chilling Neigh|boost\n|-boost|p2a: Calyrex|atk|1\n|move|p1a: Terapagos|Tera Starstorm|p2a: Calyrex|[spread] p2a,p2b\n|-crit|p2a: Calyrex\n|-damage|p2a: Calyrex|17\/100\n|-damage|p2b: Torkoal|20\/100\n|\n|-weather|SunnyDay|[upkeep]\n|-heal|p1a: Terapagos|52\/100|[from] item: Leftovers\n|upkeep\n|\n|t:|1738699878\n|switch|p1b: Urshifu|Urshifu-Rapid-Strike, L50, F|100\/100\n|turn|7\n|\n|t:|1738699895\n|move|p1a: Terapagos|Protect|p1a: Terapagos\n|-singleturn|p1a: Terapagos|Protect\n|move|p1b: Urshifu|Protect|p1b: Urshifu\n|-singleturn|p1b: Urshifu|Protect\n|move|p2b: Torkoal|Flamethrower|p1b: Urshifu\n|-activate|p1b: Urshifu|move: Protect\n|move|p2a: Calyrex|Glacial Lance|p1a: Terapagos|[spread] \n|-activate|p1a: Terapagos|move: Protect\n|-activate|p1b: Urshifu|move: Protect\n|\n|-weather|SunnyDay|[upkeep]\n|-heal|p1a: Terapagos|59\/100|[from] item: Leftovers\n|upkeep\n|turn|8\n|\n|t:|1738699914\n|-terastallize|p2b: Torkoal|Fire\n|move|p1a: Terapagos|Protect|p1a: Terapagos\n|-singleturn|p1a: Terapagos|Protect\n|move|p1b: Urshifu|Protect||[still]\n|-fail|p1b: Urshifu\n|move|p2b: Torkoal|Flamethrower|p1b: Urshifu\n|-resisted|p1b: Urshifu\n|-damage|p1b: Urshifu|37\/100\n|move|p2a: Calyrex|Glacial Lance|p1b: Urshifu|[spread] p1b\n|-activate|p1a: Terapagos|move: Protect\n|-resisted|p1b: Urshifu\n|-damage|p1b: Urshifu|0 fnt\n|faint|p1b: Urshifu\n|-ability|p2a: Calyrex|Chilling Neigh|boost\n|-boost|p2a: Calyrex|atk|1\n|\n|-weather|SunnyDay|[upkeep]\n|-heal|p1a: Terapagos|65\/100|[from] item: Leftovers\n|-fieldend|move: Trick Room\n|upkeep\n|turn|9\n|\n|t:|1738699928\n|move|p2a: Calyrex|Protect|p2a: Calyrex\n|-singleturn|p2a: Calyrex|Protect\n|move|p1a: Terapagos|Tera Starstorm|p2b: Torkoal|[spread] p2b\n|-activate|p2a: Calyrex|move: Protect\n|-supereffective|p2b: Torkoal\n|-damage|p2b: Torkoal|0 fnt\n|faint|p2b: Torkoal\n|\n|-weather|SunnyDay|[upkeep]\n|-heal|p1a: Terapagos|71\/100|[from] item: Leftovers\n|upkeep\n|\n|t:|1738699930\n|switch|p2b: Flutter Mane|Flutter Mane, L50, shiny|1\/100\n|-activate|p2b: Flutter Mane|ability: Protosynthesis\n|-start|p2b: Flutter Mane|protosynthesisspe\n|turn|10\n|\n|t:|1738699942\n|move|p2b: Flutter Mane|Moonblast|p1a: Terapagos\n|-damage|p1a: Terapagos|40\/100\n|-unboost|p1a: Terapagos|spa|1\n|move|p1a: Terapagos|Tera Starstorm|p2b: Flutter Mane|[spread] p2a,p2b\n|-damage|p2a: Calyrex|0 fnt\n|-damage|p2b: Flutter Mane|0 fnt\n|faint|p2a: Calyrex\n|faint|p2b: Flutter Mane\n|-end|p2b: Flutter Mane|Protosynthesis|[silent]\n|\n|win|BLiiNDProdiigy\n|raw|BLiiNDProdiigy's rating: 1545 &rarr; <strong>1571<\/strong><br \/>(+26 for winning)\n|raw|kd-vgc711's rating: 1650 &rarr; <strong>1624<\/strong><br \/>(-26 for losing)\n|l|\u2606kd-vgc711\n|player|p2|\n|l|\u2606BLiiNDProdiigy\n|player|p1|\n","uploadtime":1738700084,"views":6,"formatid":"gen9vgc2025regg","rating":1571,"private":0,"password":null}