{"id":"gen9vgc2025regg-2294481349","format":"[Gen 9] VGC 2025 Reg G","players":["chiefclarko11","xatseye"],"log":"|j|\u2606chiefclarko11\n|j|\u2606xatseye\n|t:|1738704920\n|gametype|doubles\n|player|p1|chiefclarko11|170|1656\n|player|p2|xatseye|265|1633\n|teamsize|p1|6\n|teamsize|p2|6\n|gen|9\n|tier|[Gen 9] VGC 2025 Reg G\n|rated|\n|rule|Species Clause: Limit one of each Pok\u00e9mon\n|rule|Item Clause: Limit 1 of each item\n|clearpoke\n|poke|p1|Calyrex-Ice, L50|\n|poke|p1|Urshifu-*, L50, M|\n|poke|p1|Raging Bolt, L50|\n|poke|p1|Grimmsnarl, L50, M|\n|poke|p1|Ogerpon-Hearthflame, L50, F|\n|poke|p1|Landorus, L50, M|\n|poke|p2|Miraidon, L50|\n|poke|p2|Incineroar, L50, M|\n|poke|p2|Farigiraf, L50, F|\n|poke|p2|Grimmsnarl, L50, M|\n|poke|p2|Tornadus, L50, M|\n|poke|p2|Urshifu-*, L50, F|\n|teampreview|4\n|inactive|Battle timer is ON: inactive players will automatically lose when time's up. (requested by xatseye)\n|inactive|chiefclarko11 has 60 seconds left.\n|inactive|xatseye has 60 seconds left.\n|\n|t:|1738704954\n|start\n|switch|p1a: Grimmsnarl|Grimmsnarl, L50, M|100\/100\n|switch|p1b: Landorus|Landorus, L50, M|100\/100\n|switch|p2a: Miraidon|Miraidon, L50|100\/100\n|switch|p2b: Grimmsnarl|Grimmsnarl, L50, M|100\/100\n|-fieldstart|move: Electric Terrain|[from] ability: Hadron Engine|[of] p2a: Miraidon\n|turn|1\n|\n|t:|1738704967\n|-terastallize|p2a: Miraidon|Fairy\n|move|p1b: Landorus|Protect|p1b: Landorus\n|-singleturn|p1b: Landorus|Protect\n|move|p2b: Grimmsnarl|Light Screen|p2b: Grimmsnarl\n|-sidestart|p2: xatseye|move: Light Screen\n|move|p1a: Grimmsnarl|Light Screen|p1a: Grimmsnarl\n|-sidestart|p1: chiefclarko11|move: Light Screen\n|move|p2a: Miraidon|Dazzling Gleam|p1b: Landorus|[spread] p1a\n|-activate|p1b: Landorus|move: Protect\n|-supereffective|p1a: Grimmsnarl\n|-damage|p1a: Grimmsnarl|11\/100\n|\n|upkeep\n|turn|2\n|\n|t:|1738704985\n|switch|p2a: Incineroar|Incineroar, L50, M|100\/100\n|-ability|p2a: Incineroar|Intimidate|boost\n|-unboost|p1a: Grimmsnarl|atk|1\n|-unboost|p1b: Landorus|atk|1\n|move|p1a: Grimmsnarl|Thunder Wave|p2a: Incineroar\n|-hint|Since gen 7, Dark is immune to Prankster moves.\n|-immune|p2a: Incineroar\n|move|p1b: Landorus|Sludge Bomb|p2a: Incineroar\n|-damage|p2a: Incineroar|81\/100\n|move|p2b: Grimmsnarl|Spirit Break|p1b: Landorus\n|-damage|p1b: Landorus|65\/100\n|-unboost|p1b: Landorus|spa|1\n|\n|upkeep\n|turn|3\n|\n|t:|1738705007\n|move|p1b: Landorus|Protect|p1b: Landorus\n|-singleturn|p1b: Landorus|Protect\n|move|p2a: Incineroar|Fake Out|p1b: Landorus\n|-activate|p1b: Landorus|move: Protect\n|move|p1a: Grimmsnarl|Reflect|p1a: Grimmsnarl\n|-sidestart|p1: chiefclarko11|Reflect\n|move|p2b: Grimmsnarl|Spirit Break|p1a: Grimmsnarl\n|-supereffective|p1a: Grimmsnarl\n|-damage|p1a: Grimmsnarl|0 fnt\n|faint|p1a: Grimmsnarl\n|\n|upkeep\n|\n|t:|1738705017\n|switch|p1a: Raging Bolt|Raging Bolt, L50|100\/100\n|turn|4\n|\n|t:|1738705028\n|move|p1b: Landorus|Sludge Bomb|p2b: Grimmsnarl\n|-supereffective|p2b: Grimmsnarl\n|-damage|p2b: Grimmsnarl|61\/100\n|move|p1a: Raging Bolt|Thunderbolt|p2b: Grimmsnarl\n|-damage|p2b: Grimmsnarl|18\/100\n|move|p2a: Incineroar|Snarl|p1b: Landorus|[spread] p1a,p1b\n|-damage|p1a: Raging Bolt|97\/100\n|-damage|p1b: Landorus|56\/100\n|-unboost|p1a: Raging Bolt|spa|1\n|-unboost|p1b: Landorus|spa|1\n|move|p2b: Grimmsnarl|Spirit Break|p1b: Landorus\n|-damage|p1b: Landorus|30\/100\n|-unboost|p1b: Landorus|spa|1\n|\n|upkeep\n|turn|5\n|\n|t:|1738705049\n|switch|p1b: Calyrex|Calyrex-Ice, L50|100\/100\n|-ability|p1b: Calyrex|As One\n|-ability|p1b: Calyrex|Unnerve\n|move|p1a: Raging Bolt|Electroweb|p2b: Grimmsnarl|[spread] p2a,p2b\n|-damage|p2a: Incineroar|73\/100\n|-damage|p2b: Grimmsnarl|5\/100\n|-unboost|p2a: Incineroar|spe|1\n|-unboost|p2b: Grimmsnarl|spe|1\n|move|p2a: Incineroar|Snarl|p1b: Calyrex|[spread] p1a,p1b\n|-supereffective|p1b: Calyrex\n|-damage|p1a: Raging Bolt|92\/100\n|-damage|p1b: Calyrex|90\/100\n|-unboost|p1a: Raging Bolt|spa|1\n|move|p2b: Grimmsnarl|Spirit Break|p1a: Raging Bolt\n|-supereffective|p1a: Raging Bolt\n|-damage|p1a: Raging Bolt|56\/100\n|-unboost|p1a: Raging Bolt|spa|1\n|\n|-fieldend|move: Electric Terrain\n|upkeep\n|turn|6\n|j| PandaoftheClouds\n|j| Mukmogs\n|l| Mukmogs\n|inactive|chiefclarko11 has 30 seconds left.\n|inactive|xatseye has 30 seconds left.\n|\n|t:|1738705081\n|-end|p1a: Raging Bolt|Protosynthesis|[silent]\n|switch|p1a: Landorus|Landorus, L50, M|30\/100\n|move|p2b: Grimmsnarl|Reflect|p2b: Grimmsnarl\n|-sidestart|p2: xatseye|Reflect\n|move|p1b: Calyrex|Glacial Lance|p2a: Incineroar|[spread] p2a,p2b\n|-resisted|p2a: Incineroar\n|-damage|p2a: Incineroar|56\/100\n|-damage|p2b: Grimmsnarl|0 fnt\n|faint|p2b: Grimmsnarl\n|-ability|p1b: Calyrex|Chilling Neigh|boost\n|-boost|p1b: Calyrex|atk|1\n|move|p2a: Incineroar|Knock Off|p1b: Calyrex\n|-supereffective|p1b: Calyrex\n|-damage|p1b: Calyrex|59\/100\n|-enditem|p1b: Calyrex|Clear Amulet|[from] move: Knock Off|[of] p2a: Incineroar\n|\n|upkeep\n|\n|t:|1738705097\n|switch|p2b: Urshifu|Urshifu-Rapid-Strike, L50, F|100\/100\n|turn|7\n|\n|t:|1738705115\n|move|p2b: Urshifu|Surging Strikes|p1b: Calyrex\n|-crit|p1b: Calyrex\n|-damage|p1b: Calyrex|47\/100\n|-crit|p1b: Calyrex\n|-damage|p1b: Calyrex|35\/100\n|-crit|p1b: Calyrex\n|-damage|p1b: Calyrex|22\/100\n|-hitcount|p1b: Calyrex|3\n|move|p1a: Landorus|Earth Power|p2a: Incineroar\n|-supereffective|p2a: Incineroar\n|-damage|p2a: Incineroar|0 fnt\n|faint|p2a: Incineroar\n|move|p1b: Calyrex|Trick Room|p1b: Calyrex\n|-fieldstart|move: Trick Room|[of] p1b: Calyrex\n|\n|upkeep\n|\n|t:|1738705126\n|switch|p2a: Miraidon|Miraidon, L50, tera:Fairy|100\/100\n|-fieldstart|move: Electric Terrain|[from] ability: Hadron Engine|[of] p2a: Miraidon\n|turn|8\n|j| OwesH47\n|\n|t:|1738705141\n|move|p1b: Calyrex|Glacial Lance|p2b: Urshifu|[spread] p2a,p2b\n|-resisted|p2b: Urshifu\n|-damage|p2a: Miraidon|48\/100\n|-damage|p2b: Urshifu|70\/100\n|move|p1a: Landorus|Sludge Bomb|p2a: Miraidon\n|-supereffective|p2a: Miraidon\n|-damage|p2a: Miraidon|0 fnt\n|faint|p2a: Miraidon\n|move|p2b: Urshifu|Surging Strikes|p1b: Calyrex\n|-crit|p1b: Calyrex\n|-damage|p1b: Calyrex|10\/100\n|-crit|p1b: Calyrex\n|-damage|p1b: Calyrex|0 fnt\n|faint|p1b: Calyrex\n|-hitcount|p1: Calyrex|2\n|\n|-sideend|p1: chiefclarko11|move: Light Screen\n|-sideend|p2: xatseye|move: Light Screen\n|upkeep\n|l| OwesH47\n|-message|xatseye forfeited.\n|\n|win|chiefclarko11\n|raw|chiefclarko11's rating: 1656 &rarr; <strong>1675<\/strong><br \/>(+19 for winning)\n|raw|xatseye's rating: 1633 &rarr; <strong>1614<\/strong><br \/>(-19 for losing)\n|l|\u2606xatseye\n|player|p2|\n|l|\u2606chiefclarko11\n|player|p1|\n|l| PandaoftheClouds\n","uploadtime":1738705304,"views":6,"formatid":"gen9vgc2025regg","rating":1614,"private":0,"password":null}