{"id":"gen9vgc2025regg-2294481200","format":"[Gen 9] VGC 2025 Reg G","players":["nickfanta","sleemo2"],"log":"|j|\u2606nickfanta\n|j|\u2606sleemo2\n|t:|1738704905\n|gametype|doubles\n|player|p1|nickfanta|lucas|1567\n|player|p2|sleemo2|102|1621\n|teamsize|p1|6\n|teamsize|p2|6\n|gen|9\n|tier|[Gen 9] VGC 2025 Reg G\n|rated|\n|rule|Species Clause: Limit one of each Pok\u00e9mon\n|rule|Item Clause: Limit 1 of each item\n|clearpoke\n|poke|p1|Calyrex-Shadow, L50|\n|poke|p1|Incineroar, L50, M|\n|poke|p1|Urshifu-*, L50, M|\n|poke|p1|Amoonguss, L50, M|\n|poke|p1|Raging Bolt, L50|\n|poke|p1|Flutter Mane, L50|\n|poke|p2|Ogerpon-Wellspring, L50, F|\n|poke|p2|Landorus-Therian, L50, M|\n|poke|p2|Cresselia, L50, F|\n|poke|p2|Thundurus, L50, M|\n|poke|p2|Zamazenta-*, L50|\n|poke|p2|Ursaluna-Bloodmoon, L50, M|\n|teampreview|4\n|inactive|Battle timer is ON: inactive players will automatically lose when time's up. (requested by sleemo2)\n|inactive|nickfanta has 60 seconds left.\n|inactive|sleemo2 has 60 seconds left.\n|\n|t:|1738704971\n|start\n|switch|p1a: Calyrex|Calyrex-Shadow, L50|100\/100\n|switch|p1b: Flutter Mane|Flutter Mane, L50|100\/100\n|switch|p2a: Thundurus|Thundurus, L50, M|100\/100\n|switch|p2b: Cresselia|Cresselia, L50, F, shiny|100\/100\n|-ability|p1a: Calyrex|As One\n|-ability|p1a: Calyrex|Unnerve\n|-enditem|p1b: Flutter Mane|Booster Energy\n|-activate|p1b: Flutter Mane|ability: Protosynthesis|[fromitem]\n|-start|p1b: Flutter Mane|protosynthesisspe\n|turn|1\n|inactive|nickfanta has 30 seconds left.\n|inactive|nickfanta has 20 seconds left.\n|inactive|nickfanta has 15 seconds left.\n|\n|t:|1738705012\n|switch|p1a: Incineroar|Incineroar, L50, M|100\/100\n|-ability|p1a: Incineroar|Intimidate|boost\n|-unboost|p2a: Thundurus|atk|1\n|-unboost|p2b: Cresselia|atk|1\n|-terastallize|p2b: Cresselia|Fairy\n|move|p2a: Thundurus|Thunder Wave|p1a: Incineroar\n|-hint|Since gen 7, Dark is immune to Prankster moves.\n|-immune|p1a: Incineroar\n|move|p1b: Flutter Mane|Taunt|p2a: Thundurus\n|-start|p2a: Thundurus|move: Taunt\n|move|p2b: Cresselia|Moonblast|p1a: Incineroar\n|-damage|p1a: Incineroar|75\/100\n|\n|upkeep\n|turn|2\n|\n|t:|1738705032\n|move|p1b: Flutter Mane|Moonblast|p2b: Cresselia\n|-damage|p2b: Cresselia|64\/100\n|move|p2a: Thundurus|Wildbolt Storm|p1b: Flutter Mane|[spread] p1a,p1b\n|-damage|p1a: Incineroar|49\/100\n|-damage|p1b: Flutter Mane|64\/100\n|-status|p1a: Incineroar|par\n|-status|p1b: Flutter Mane|par\n|move|p2b: Cresselia|Moonblast|p1b: Flutter Mane\n|-damage|p1b: Flutter Mane|26\/100 par\n|move|p1a: Incineroar|Knock Off|p2b: Cresselia\n|-resisted|p2b: Cresselia\n|-damage|p2b: Cresselia|51\/100\n|-enditem|p2b: Cresselia|Leftovers|[from] move: Knock Off|[of] p1a: Incineroar\n|\n|upkeep\n|turn|3\n|inactive|nickfanta has 30 seconds left.\n|inactive|sleemo2 has 30 seconds left.\n|j| Mukmogs\n|l| Mukmogs\n|inactive|sleemo2 has 20 seconds left.\n|inactive|sleemo2 has 15 seconds left.\n|\n|t:|1738705074\n|switch|p2b: Zamazenta|Zamazenta-Crowned, L50|100\/100\n|-ability|p2b: Zamazenta|Dauntless Shield|boost\n|-boost|p2b: Zamazenta|def|1\n|cant|p1b: Flutter Mane|par\n|move|p2a: Thundurus|Wildbolt Storm|p1b: Flutter Mane|[spread] p1a,p1b\n|-damage|p1a: Incineroar|21\/100 par\n|-damage|p1b: Flutter Mane|0 fnt\n|faint|p1b: Flutter Mane\n|-end|p1b: Flutter Mane|Protosynthesis|[silent]\n|move|p1a: Incineroar|Knock Off|p2a: Thundurus\n|-damage|p2a: Thundurus|58\/100\n|-enditem|p2a: Thundurus|Sitrus Berry|[from] move: Knock Off|[of] p1a: Incineroar\n|\n|upkeep\n|\n|t:|1738705088\n|switch|p1b: Calyrex|Calyrex-Shadow, L50|100\/100\n|-ability|p1b: Calyrex|As One\n|-ability|p1b: Calyrex|Unnerve\n|turn|4\n|\n|t:|1738705102\n|move|p2b: Zamazenta|Wide Guard|p2b: Zamazenta\n|-singleturn|p2b: Zamazenta|Wide Guard\n|move|p1b: Calyrex|Psychic|p2a: Thundurus\n|-damage|p2a: Thundurus|0 fnt\n|faint|p2a: Thundurus\n|-ability|p1b: Calyrex|Grim Neigh|boost\n|-boost|p1b: Calyrex|spa|1\n|move|p1a: Incineroar|Will-O-Wisp|p2b: Zamazenta|[miss]\n|-miss|p1a: Incineroar|p2b: Zamazenta\n|\n|upkeep\n|\n|t:|1738705111\n|switch|p2a: Landorus|Landorus-Therian, L50, M|100\/100\n|-ability|p2a: Landorus|Intimidate|boost\n|-unboost|p1a: Incineroar|atk|1\n|-unboost|p1b: Calyrex|atk|1\n|turn|5\n|inactive|nickfanta has 30 seconds left.\n|\n|t:|1738705145\n|move|p2a: Landorus|Rock Slide|p1b: Calyrex|[spread] p1a,p1b\n|-supereffective|p1a: Incineroar\n|-damage|p1a: Incineroar|0 fnt\n|-damage|p1b: Calyrex|72\/100\n|faint|p1a: Incineroar\n|move|p1b: Calyrex|Psychic|p2a: Landorus\n|-damage|p2a: Landorus|0 fnt\n|faint|p2a: Landorus\n|-ability|p1b: Calyrex|Grim Neigh|boost\n|-boost|p1b: Calyrex|spa|1\n|move|p2b: Zamazenta|Behemoth Bash|p1b: Calyrex\n|-damage|p1b: Calyrex|20\/100\n|\n|upkeep\n|\n|t:|1738705154\n|switch|p2a: Cresselia|Cresselia, L50, F, shiny, tera:Fairy|51\/100\n|switch|p1a: Urshifu|Urshifu-Rapid-Strike, L50, M|100\/100\n|turn|6\n|inactive|sleemo2 has 30 seconds left.\n|inactive|sleemo2 has 20 seconds left.\n|inactive|sleemo2 has 15 seconds left.\n|inactive|sleemo2 has 10 seconds left.\n|\n|t:|1738705201\n|-terastallize|p1b: Calyrex|Fighting\n|move|p2b: Zamazenta|Wide Guard|p2b: Zamazenta\n|-singleturn|p2b: Zamazenta|Wide Guard\n|move|p1b: Calyrex|Tera Blast|p2b: Zamazenta|[anim] Tera Blast Fighting\n|-supereffective|p2b: Zamazenta\n|-damage|p2b: Zamazenta|0 fnt\n|faint|p2b: Zamazenta\n|-ability|p1b: Calyrex|Grim Neigh|boost\n|-boost|p1b: Calyrex|spa|1\n|move|p1a: Urshifu|Surging Strikes|p2a: Cresselia\n|-crit|p2a: Cresselia\n|-damage|p2a: Cresselia|29\/100\n|-crit|p2a: Cresselia\n|-damage|p2a: Cresselia|7\/100\n|-crit|p2a: Cresselia\n|-damage|p2a: Cresselia|0 fnt\n|faint|p2a: Cresselia\n|-hitcount|p2: Cresselia|3\n|\n|win|nickfanta\n|raw|nickfanta's rating: 1567 &rarr; <strong>1590<\/strong><br \/>(+23 for winning)\n|raw|sleemo2's rating: 1621 &rarr; <strong>1598<\/strong><br \/>(-23 for losing)\n|l|\u2606nickfanta\n|player|p1|\n|l|\u2606sleemo2\n|player|p2|\n","uploadtime":1738705442,"views":5,"formatid":"gen9vgc2025regg","rating":1590,"private":0,"password":null}