{"id":"gen9vgc2025regg-2294404312","format":"[Gen 9] VGC 2025 Reg G","players":["xatseye","Futomaki0610"],"log":"|j|\u2606xatseye\n|j|\u2606Futomaki0610\n|t:|1738697133\n|gametype|doubles\n|player|p1|xatseye|265|1548\n|player|p2|Futomaki0610|dawn|1623\n|teamsize|p1|6\n|teamsize|p2|6\n|gen|9\n|tier|[Gen 9] VGC 2025 Reg G\n|rated|\n|rule|Species Clause: Limit one of each Pok\u00e9mon\n|rule|Item Clause: Limit 1 of each item\n|clearpoke\n|poke|p1|Flutter Mane, L50|\n|poke|p1|Maushold-Four, L50|\n|poke|p1|Incineroar, L50, F|\n|poke|p1|Calyrex-Ice, L50|\n|poke|p1|Raging Bolt, L50|\n|poke|p1|Cresselia, L50, F|\n|poke|p2|Kyogre, L50|\n|poke|p2|Tornadus, L50, M|\n|poke|p2|Dondozo, L50, M|\n|poke|p2|Tatsugiri-Droopy, L50, M|\n|poke|p2|Chien-Pao, L50|\n|poke|p2|Dragonite, L50, M|\n|teampreview|4\n|inactive|Battle timer is ON: inactive players will automatically lose when time's up. (requested by xatseye)\n|j| Tomi2384\n|inactive|xatseye has 60 seconds left.\n|\n|t:|1738697166\n|start\n|switch|p1a: Flutter Mane|Flutter Mane, L50|100\/100\n|switch|p1b: Maushold|Maushold-Four, L50, shiny|100\/100\n|switch|p2a: Kyogre|Kyogre, L50|100\/100\n|switch|p2b: Chien-Pao|Chien-Pao, L50|100\/100\n|-ability|p2b: Chien-Pao|Sword of Ruin\n|-weather|RainDance|[from] ability: Drizzle|[of] p2a: Kyogre\n|-enditem|p1a: Flutter Mane|Booster Energy\n|-activate|p1a: Flutter Mane|ability: Protosynthesis|[fromitem]\n|-start|p1a: Flutter Mane|protosynthesisspa\n|turn|1\n|j| mr pogostick\n|inactive|Futomaki0610 has 30 seconds left.\n|j| 413XPlayz\n|\n|t:|1738697200\n|move|p2a: Kyogre|Protect|p2a: Kyogre\n|-singleturn|p2a: Kyogre|Protect\n|move|p2b: Chien-Pao|Ice Spinner|p1b: Maushold\n|-damage|p1b: Maushold|36\/100\n|move|p1b: Maushold|Super Fang|p2a: Kyogre\n|-activate|p2a: Kyogre|move: Protect\n|move|p1a: Flutter Mane|Dazzling Gleam|p2b: Chien-Pao|[spread] p2b\n|-activate|p2a: Kyogre|move: Protect\n|-supereffective|p2b: Chien-Pao\n|-damage|p2b: Chien-Pao|0 fnt\n|faint|p2b: Chien-Pao\n|\n|-weather|RainDance|[upkeep]\n|upkeep\n|\n|t:|1738697212\n|switch|p2b: Dondozo|Dondozo, L50, M|100\/100\n|turn|2\n|\n|t:|1738697218\n|move|p1b: Maushold|Protect|p1b: Maushold\n|-singleturn|p1b: Maushold|Protect\n|move|p1a: Flutter Mane|Protect|p1a: Flutter Mane\n|-singleturn|p1a: Flutter Mane|Protect\n|move|p2b: Dondozo|Protect|p2b: Dondozo\n|-singleturn|p2b: Dondozo|Protect\n|move|p2a: Kyogre|Origin Pulse|p1b: Maushold|[spread] \n|-activate|p1a: Flutter Mane|move: Protect\n|-activate|p1b: Maushold|move: Protect\n|\n|-weather|RainDance|[upkeep]\n|upkeep\n|turn|3\n|\n|t:|1738697237\n|move|p2b: Dondozo|Protect||[still]\n|-fail|p2b: Dondozo\n|move|p1b: Maushold|Super Fang|p2b: Dondozo\n|-damage|p2b: Dondozo|51\/100\n|move|p1a: Flutter Mane|Moonblast|p2b: Dondozo\n|-crit|p2b: Dondozo\n|-damage|p2b: Dondozo|0 fnt\n|faint|p2b: Dondozo\n|move|p2a: Kyogre|Origin Pulse|p1a: Flutter Mane|[spread] p1a,p1b\n|-crit|p1a: Flutter Mane\n|-damage|p1a: Flutter Mane|0 fnt\n|-damage|p1b: Maushold|0 fnt\n|faint|p1a: Flutter Mane\n|-end|p1a: Flutter Mane|Protosynthesis|[silent]\n|faint|p1b: Maushold\n|\n|-weather|RainDance|[upkeep]\n|upkeep\n|\n|t:|1738697249\n|switch|p1b: Cresselia|Cresselia, L50, F, shiny|100\/100\n|switch|p1a: Raging Bolt|Raging Bolt, L50|100\/100\n|switch|p2b: Tatsugiri|Tatsugiri-Droopy, L50, M|100\/100\n|turn|4\n|\n|t:|1738697266\n|-terastallize|p2a: Kyogre|Water\n|-terastallize|p1a: Raging Bolt|Fairy\n|move|p2b: Tatsugiri|Draco Meteor|p1a: Raging Bolt\n|-immune|p1a: Raging Bolt\n|move|p2a: Kyogre|Origin Pulse|p1b: Cresselia|[spread] p1a,p1b\n|-damage|p1a: Raging Bolt|32\/100\n|-damage|p1b: Cresselia|34\/100\n|move|p1a: Raging Bolt|Snarl|p2b: Tatsugiri|[spread] p2a,p2b\n|-damage|p2a: Kyogre|89\/100\n|-damage|p2b: Tatsugiri|77\/100\n|-unboost|p2a: Kyogre|spa|1\n|-unboost|p2b: Tatsugiri|spa|1\n|move|p1b: Cresselia|Trick Room|p1b: Cresselia\n|-fieldstart|move: Trick Room|[of] p1b: Cresselia\n|\n|-weather|RainDance|[upkeep]\n|upkeep\n|turn|5\n|\n|t:|1738697281\n|move|p1b: Cresselia|Lunar Blessing|p1b: Cresselia|[spread] p1a,p1b\n|-heal|p1a: Raging Bolt|57\/100\n|-heal|p1b: Cresselia|59\/100\n|move|p1a: Raging Bolt|Thunderbolt|p2a: Kyogre\n|-supereffective|p2a: Kyogre\n|-damage|p2a: Kyogre|15\/100\n|move|p2a: Kyogre|Origin Pulse|p1a: Raging Bolt|[spread] p1a,p1b\n|-damage|p1a: Raging Bolt|7\/100\n|-damage|p1b: Cresselia|13\/100\n|move|p2b: Tatsugiri|Draco Meteor|p1b: Cresselia\n|-damage|p1b: Cresselia|0 fnt\n|-unboost|p2b: Tatsugiri|spa|2\n|faint|p1b: Cresselia\n|\n|-weather|none\n|upkeep\n|turn|6\n|-message|Futomaki0610 forfeited.\n|\n|win|xatseye\n|raw|xatseye's rating: 1548 &rarr; <strong>1572<\/strong><br \/>(+24 for winning)\n|raw|Futomaki0610's rating: 1623 &rarr; <strong>1599<\/strong><br \/>(-24 for losing)\n|l|\u2606Futomaki0610\n|player|p2|\n|l| Tomi2384\n|l| mr pogostick\n|l|\u2606xatseye\n|player|p1|\n|l| 413XPlayz\n","uploadtime":1738697447,"views":5,"formatid":"gen9vgc2025regg","rating":1572,"private":0,"password":null}