{"id":"gen9vgc2025regg-2294547600","format":"[Gen 9] VGC 2025 Reg G","players":["GucciSoup","jayjazZa"],"log":"|j|\u2606GucciSoup\n|j|\u2606jayjazZa\n|t:|1738712602\n|gametype|doubles\n|player|p1|GucciSoup|wallace|1619\n|player|p2|jayjazZa|101|1538\n|teamsize|p1|6\n|teamsize|p2|6\n|gen|9\n|tier|[Gen 9] VGC 2025 Reg G\n|rated|\n|rule|Species Clause: Limit one of each Pok\u00e9mon\n|rule|Item Clause: Limit 1 of each item\n|clearpoke\n|poke|p1|Miraidon, L50|\n|poke|p1|Incineroar, L50, M|\n|poke|p1|Scizor, L50, F|\n|poke|p1|Grimmsnarl, L50, M|\n|poke|p1|Pelipper, L50, M|\n|poke|p1|Landorus, L50, M|\n|poke|p2|Kyogre, L50|\n|poke|p2|Tornadus, L50, M|\n|poke|p2|Landorus, L50, M|\n|poke|p2|Urshifu-*, L50, M|\n|poke|p2|Rillaboom, L50, M|\n|poke|p2|Farigiraf, L50, F|\n|teampreview|4\n|inactive|Battle timer is ON: inactive players will automatically lose when time's up. (requested by jayjazZa)\n|inactive|GucciSoup has 60 seconds left.\n|inactive|GucciSoup has 30 seconds left.\n|inactive|GucciSoup has 20 seconds left.\n|inactive|GucciSoup has 15 seconds left.\n|\n|t:|1738712680\n|start\n|switch|p1a: Cpt. Planet|Pelipper, L50, M|100\/100\n|switch|p1b: Jasper|Scizor, L50, F|100\/100\n|switch|p2a: Kyogre|Kyogre, L50|100\/100\n|switch|p2b: Tornadus|Tornadus, L50, M|100\/100\n|-weather|RainDance|[from] ability: Drizzle|[of] p2a: Kyogre\n|turn|1\n|inactive|GucciSoup has 30 seconds left.\n|j| Suffixussy\n|\n|t:|1738712706\n|move|p1a: Cpt. Planet|Wide Guard|p1a: Cpt. Planet\n|-singleturn|p1a: Cpt. Planet|Wide Guard\n|move|p2b: Tornadus|Bleakwind Storm|p1a: Cpt. Planet|[spread] \n|-activate|p1a: Cpt. Planet|move: Wide Guard\n|-activate|p1b: Jasper|move: Wide Guard\n|move|p2a: Kyogre|Thunder|p1a: Cpt. Planet\n|-supereffective|p1a: Cpt. Planet\n|-enditem|p1a: Cpt. Planet|Focus Sash\n|-damage|p1a: Cpt. Planet|1\/100\n|-status|p1a: Cpt. Planet|par\n|move|p1b: Jasper|Pounce|p2a: Kyogre\n|-damage|p2a: Kyogre|59\/100\n|-unboost|p2a: Kyogre|spe|1\n|\n|-weather|RainDance|[upkeep]\n|upkeep\n|turn|2\n|\n|t:|1738712726\n|switch|p2a: Rillaboom|Rillaboom, L50, M|100\/100\n|-fieldstart|move: Grassy Terrain|[from] ability: Grassy Surge|[of] p2a: Rillaboom\n|move|p2b: Tornadus|Bleakwind Storm|p1a: Cpt. Planet|[spread] p1a,p1b\n|-damage|p1a: Cpt. Planet|0 fnt\n|-damage|p1b: Jasper|56\/100\n|faint|p1a: Cpt. Planet\n|move|p1b: Jasper|Swords Dance|p1b: Jasper\n|-boost|p1b: Jasper|atk|2\n|\n|-weather|RainDance|[upkeep]\n|-heal|p1b: Jasper|62\/100|[from] Grassy Terrain\n|upkeep\n|\n|t:|1738712742\n|switch|p1a: Metal Overlord|Miraidon, L50|100\/100\n|-fieldstart|move: Electric Terrain|[from] ability: Hadron Engine|[of] p1a: Metal Overlord\n|-enditem|p1a: Metal Overlord|Electric Seed\n|-boost|p1a: Metal Overlord|def|1|[from] item: Electric Seed\n|turn|3\n|\n|t:|1738712755\n|move|p1b: Jasper|Protect|p1b: Jasper\n|-singleturn|p1b: Jasper|Protect\n|move|p2a: Rillaboom|Fake Out|p1a: Metal Overlord\n|-damage|p1a: Metal Overlord|92\/100\n|cant|p1a: Metal Overlord|flinch\n|move|p2b: Tornadus|Bleakwind Storm|p1a: Metal Overlord|[spread] p1a\n|-activate|p1b: Jasper|move: Protect\n|-resisted|p1a: Metal Overlord\n|-damage|p1a: Metal Overlord|76\/100\n|-unboost|p1a: Metal Overlord|spe|1\n|\n|-weather|RainDance|[upkeep]\n|upkeep\n|turn|4\n|\n|t:|1738712764\n|move|p2b: Tornadus|Tailwind|p2b: Tornadus\n|-sidestart|p2: jayjazZa|move: Tailwind\n|move|p1b: Jasper|Bullet Punch|p2b: Tornadus\n|-damage|p2b: Tornadus|6\/100\n|move|p2a: Rillaboom|High Horsepower|p1a: Metal Overlord\n|-supereffective|p1a: Metal Overlord\n|-damage|p1a: Metal Overlord|34\/100\n|move|p1a: Metal Overlord|Calm Mind|p1a: Metal Overlord\n|-boost|p1a: Metal Overlord|spa|1\n|-boost|p1a: Metal Overlord|spd|1\n|\n|-weather|RainDance|[upkeep]\n|upkeep\n|turn|5\n|\n|t:|1738712782\n|move|p1a: Metal Overlord|Protect|p1a: Metal Overlord\n|-singleturn|p1a: Metal Overlord|Protect\n|move|p2b: Tornadus|Scary Face|p1a: Metal Overlord\n|-activate|p1a: Metal Overlord|move: Protect\n|move|p2a: Rillaboom|High Horsepower|p1a: Metal Overlord\n|-activate|p1a: Metal Overlord|move: Protect\n|move|p1b: Jasper|Pounce|p2a: Rillaboom\n|-supereffective|p2a: Rillaboom\n|-damage|p2a: Rillaboom|0 fnt\n|faint|p2a: Rillaboom\n|\n|-weather|none\n|upkeep\n|\n|t:|1738712784\n|switch|p2a: Landorus|Landorus, L50, M|100\/100\n|turn|6\n|inactive|GucciSoup has 30 seconds left.\n|inactive|GucciSoup has 20 seconds left.\n|\n|t:|1738712822\n|switch|p2b: Kyogre|Kyogre, L50|59\/100\n|-weather|RainDance|[from] ability: Drizzle|[of] p2b: Kyogre\n|-terastallize|p2a: Landorus|Steel\n|move|p1b: Jasper|Bullet Punch|p2b: Kyogre\n|-resisted|p2b: Kyogre\n|-damage|p2b: Kyogre|25\/100\n|move|p2a: Landorus|Sandsear Storm|p1a: Metal Overlord|[spread] p1a,p1b\n|-supereffective|p1a: Metal Overlord\n|-damage|p1a: Metal Overlord|0 fnt\n|-damage|p1b: Jasper|0 fnt\n|faint|p1a: Metal Overlord\n|faint|p1b: Jasper\n|\n|-weather|RainDance|[upkeep]\n|upkeep\n|-message|GucciSoup forfeited.\n|\n|win|jayjazZa\n|raw|GucciSoup's rating: 1619 &rarr; <strong>1594<\/strong><br \/>(-25 for losing)\n|raw|jayjazZa's rating: 1538 &rarr; <strong>1563<\/strong><br \/>(+25 for winning)\n|l|\u2606GucciSoup\n|player|p1|\n|l|\u2606jayjazZa\n|player|p2|\n|l| Suffixussy\n","uploadtime":1738713053,"views":5,"formatid":"gen9vgc2025regg","rating":1563,"private":0,"password":null}