{"id":"gen9vgc2025regg-2294530543","format":"[Gen 9] VGC 2025 Reg G","players":["infinitygroudon","chiefclarko11"],"log":"|j|\u2606infinitygroudon\n|j|\u2606chiefclarko11\n|t:|1738710522\n|gametype|doubles\n|player|p1|infinitygroudon|102|1540\n|player|p2|chiefclarko11|170|1680\n|teamsize|p1|6\n|teamsize|p2|6\n|gen|9\n|tier|[Gen 9] VGC 2025 Reg G\n|rated|\n|rule|Species Clause: Limit one of each Pok\u00e9mon\n|rule|Item Clause: Limit 1 of each item\n|clearpoke\n|poke|p1|Terapagos, L50, M|\n|poke|p1|Clefairy, L50, F|\n|poke|p1|Rillaboom, L50, F|\n|poke|p1|Skeledirge, L50, M|\n|poke|p1|Urshifu-*, L50, M|\n|poke|p1|Chien-Pao, L50|\n|poke|p2|Calyrex-Ice, L50|\n|poke|p2|Urshifu-*, L50, M|\n|poke|p2|Raging Bolt, L50|\n|poke|p2|Grimmsnarl, L50, M|\n|poke|p2|Ogerpon-Hearthflame, L50, F|\n|poke|p2|Landorus, L50, M|\n|teampreview|4\n|\n|t:|1738710575\n|start\n|switch|p1a: Moonwater|Clefairy, L50, F|100\/100\n|switch|p1b: Perrine|Terapagos, L50, M|100\/100\n|switch|p2a: Calyrex|Calyrex-Ice, L50|100\/100\n|switch|p2b: Ogerpon|Ogerpon-Hearthflame, L50, F|100\/100\n|-activate|p1b: Perrine|ability: Tera Shift\n|detailschange|p1b: Perrine|Terapagos-Terastal, L50, M\n|-heal|p1b: Perrine|100\/100|[silent]\n|-ability|p2a: Calyrex|As One\n|-ability|p2a: Calyrex|Unnerve\n|-ability|p2b: Ogerpon|Mold Breaker\n|turn|1\n|\n|t:|1738710594\n|move|p1a: Moonwater|Follow Me|p1a: Moonwater\n|-singleturn|p1a: Moonwater|move: Follow Me\n|move|p2b: Ogerpon|Ivy Cudgel|p1a: Moonwater|[anim] Ivy Cudgel Fire\n|-damage|p1a: Moonwater|53\/100\n|move|p1b: Perrine|Calm Mind|p1b: Perrine\n|-boost|p1b: Perrine|spa|1\n|-boost|p1b: Perrine|spd|1\n|move|p2a: Calyrex|Glacial Lance|p1b: Perrine|[spread] p1a,p1b\n|-activate|p1b: Perrine|ability: Tera Shell\n|-resisted|p1b: Perrine\n|-damage|p1a: Moonwater|10\/100\n|-damage|p1b: Perrine|82\/100\n|\n|-heal|p1b: Perrine|88\/100|[from] item: Leftovers\n|upkeep\n|turn|2\n|\n|t:|1738710633\n|-terastallize|p1b: Perrine|Stellar\n|detailschange|p1b: Perrine|Terapagos-Stellar, L50, M, tera:Stellar\n|-heal|p1b: Perrine|91\/100|[silent]\n|move|p2b: Ogerpon|Spiky Shield|p2b: Ogerpon\n|-singleturn|p2b: Ogerpon|move: Protect\n|move|p1a: Moonwater|Protect|p1a: Moonwater\n|-singleturn|p1a: Moonwater|Protect\n|move|p1b: Perrine|Tera Starstorm|p2a: Calyrex|[spread] p2a\n|-activate|p2b: Ogerpon|move: Protect\n|-damage|p2a: Calyrex|63\/100\n|move|p2a: Calyrex|Glacial Lance|p1b: Perrine|[spread] p1b\n|-activate|p1a: Moonwater|move: Protect\n|-damage|p1b: Perrine|67\/100\n|\n|-heal|p1b: Perrine|73\/100|[from] item: Leftovers\n|upkeep\n|turn|3\n|\n|t:|1738710662\n|move|p1a: Moonwater|Helping Hand|p1b: Perrine\n|-singleturn|p1b: Perrine|Helping Hand|[of] p1a: Moonwater\n|move|p2b: Ogerpon|Ivy Cudgel|p1b: Perrine|[anim] Ivy Cudgel Fire\n|-damage|p1b: Perrine|41\/100\n|move|p1b: Perrine|Tera Starstorm|p2b: Ogerpon|[spread] p2a,p2b\n|-damage|p2a: Calyrex|7\/100\n|-damage|p2b: Ogerpon|4\/100\n|move|p2a: Calyrex|Glacial Lance|p1a: Moonwater|[spread] p1a,p1b\n|-damage|p1a: Moonwater|0 fnt\n|-damage|p1b: Perrine|14\/100\n|faint|p1a: Moonwater\n|-ability|p2a: Calyrex|Chilling Neigh|boost\n|-boost|p2a: Calyrex|atk|1\n|\n|-heal|p1b: Perrine|20\/100|[from] item: Leftovers\n|upkeep\n|\n|t:|1738710671\n|switch|p1a: Ram|Urshifu, L50, M|100\/100\n|turn|4\n|\n|t:|1738710691\n|move|p2b: Ogerpon|Spiky Shield|p2b: Ogerpon\n|-singleturn|p2b: Ogerpon|move: Protect\n|move|p1a: Ram|U-turn|p2b: Ogerpon\n|-damage|p2b: Ogerpon|0 fnt\n|faint|p2b: Ogerpon\n|\n|t:|1738710697\n|switch|p1a: Ernesto|Skeledirge, L50, M|100\/100|[from] U-turn\n|move|p1b: Perrine|Tera Starstorm|p2a: Calyrex\n|-damage|p2a: Calyrex|0 fnt\n|faint|p2a: Calyrex\n|\n|-heal|p1b: Perrine|26\/100|[from] item: Leftovers\n|upkeep\n|\n|t:|1738710711\n|switch|p2b: Raging Bolt|Raging Bolt, L50|100\/100\n|switch|p2a: Urshifu|Urshifu-Rapid-Strike, L50, M|100\/100\n|turn|5\n|\n|t:|1738710726\n|move|p2a: Urshifu|Surging Strikes|p1b: Perrine\n|-crit|p1b: Perrine\n|-damage|p1b: Perrine|12\/100\n|-crit|p1b: Perrine\n|-damage|p1b: Perrine|0 fnt\n|faint|p1b: Perrine\n|-hitcount|p1: Perrine|2\n|move|p2b: Raging Bolt|Thunderbolt|p1a: Ernesto\n|-damage|p1a: Ernesto|56\/100\n|move|p1a: Ernesto|Yawn|p2a: Urshifu\n|-start|p2a: Urshifu|move: Yawn|[of] p1a: Ernesto\n|\n|upkeep\n|\n|t:|1738710729\n|switch|p1b: Ram|Urshifu, L50, M|100\/100\n|turn|6\n|\n|t:|1738710747\n|-terastallize|p2b: Raging Bolt|Fairy\n|move|p1b: Ram|Wicked Blow|p2b: Raging Bolt\n|-resisted|p2b: Raging Bolt\n|-crit|p2b: Raging Bolt\n|-damage|p2b: Raging Bolt|61\/100\n|move|p2a: Urshifu|Surging Strikes|p1a: Ernesto\n|-supereffective|p1a: Ernesto\n|-crit|p1a: Ernesto\n|-damage|p1a: Ernesto|15\/100\n|-supereffective|p1a: Ernesto\n|-crit|p1a: Ernesto\n|-damage|p1a: Ernesto|0 fnt\n|faint|p1a: Ernesto\n|-hitcount|p1: Ernesto|2\n|move|p2b: Raging Bolt|Thunderbolt|p1b: Ram\n|-damage|p1b: Ram|24\/100\n|\n|-end|p2a: Urshifu|move: Yawn|[silent]\n|-status|p2a: Urshifu|slp\n|upkeep\n|turn|7\n|\n|t:|1738710770\n|move|p1b: Ram|Wicked Blow|p2b: Raging Bolt\n|-resisted|p2b: Raging Bolt\n|-crit|p2b: Raging Bolt\n|-damage|p2b: Raging Bolt|26\/100\n|cant|p2a: Urshifu|slp\n|move|p2b: Raging Bolt|Thunderbolt|p1b: Ram\n|-damage|p1b: Ram|0 fnt\n|faint|p1b: Ram\n|\n|win|chiefclarko11\n|raw|infinitygroudon's rating: 1540 &rarr; <strong>1528<\/strong><br \/>(-12 for losing)\n|raw|chiefclarko11's rating: 1680 &rarr; <strong>1692<\/strong><br \/>(+12 for winning)\n|l|\u2606infinitygroudon\n|player|p1|\n|l|\u2606chiefclarko11\n|player|p2|\n","uploadtime":1738710976,"views":5,"formatid":"gen9vgc2025regg","rating":1528,"private":0,"password":null}