{"id":"gen9vgc2025regg-2294364107","format":"[Gen 9] VGC 2025 Reg G","players":["stbai","GuevaraGaming2"],"log":"|j|\u2606stbai\n|j|\u2606GuevaraGaming2\n|t:|1738693326\n|gametype|doubles\n|player|p1|stbai|janitor|1590\n|player|p2|GuevaraGaming2|hilbert-wonderlauncher|1622\n|teamsize|p1|6\n|teamsize|p2|6\n|gen|9\n|tier|[Gen 9] VGC 2025 Reg G\n|rated|\n|rule|Species Clause: Limit one of each Pok\u00e9mon\n|rule|Item Clause: Limit 1 of each item\n|clearpoke\n|poke|p1|Tatsugiri, L50, M|\n|poke|p1|Terapagos, L50, M|\n|poke|p1|Landorus, L50, M|\n|poke|p1|Latios, L50, M|\n|poke|p1|Entei, L50|\n|poke|p1|Dondozo, L50, F|\n|poke|p2|Rillaboom, L50, F|\n|poke|p2|Tornadus, L50, M|\n|poke|p2|Zamazenta-*, L50|\n|poke|p2|Landorus, L50, M|\n|poke|p2|Incineroar, L50, F|\n|poke|p2|Urshifu-*, L50, M|\n|teampreview|4\n|inactive|Battle timer is ON: inactive players will automatically lose when time's up. (requested by stbai)\n|\n|t:|1738693345\n|start\n|switch|p1a: Latios|Latios, L50, M|100\/100\n|switch|p1b: Terapagos|Terapagos, L50, M|100\/100\n|switch|p2a: Tornadus|Tornadus, L50, M, shiny|100\/100\n|switch|p2b: Urshifu|Urshifu-Rapid-Strike, L50, M|100\/100\n|-activate|p1b: Terapagos|ability: Tera Shift\n|detailschange|p1b: Terapagos|Terapagos-Terastal, L50, M\n|-heal|p1b: Terapagos|100\/100|[silent]\n|turn|1\n|\n|t:|1738693351\n|switch|p1b: Dondozo|Dondozo, L50, F|100\/100\n|move|p2b: Urshifu|U-turn|p1a: Latios\n|-supereffective|p1a: Latios\n|-damage|p1a: Latios|41\/100\n|\n|t:|1738693357\n|switch|p2b: Rillaboom|Rillaboom, L50, F, shiny|100\/100|[from] U-turn\n|-fieldstart|move: Grassy Terrain|[from] ability: Grassy Surge|[of] p2b: Rillaboom\n|move|p2a: Tornadus|Bleakwind Storm|p1a: Latios|[spread] p1a,p1b\n|-damage|p1a: Latios|6\/100\n|-damage|p1b: Dondozo|68\/100\n|move|p1a: Latios|Simple Beam|p1b: Dondozo\n|-endability|p1b: Dondozo|Unaware|[from] move: Simple Beam\n|-ability|p1b: Dondozo|Simple|[from] move: Simple Beam\n|\n|-heal|p1b: Dondozo|74\/100|[from] Grassy Terrain\n|-heal|p1b: Dondozo|80\/100|[from] item: Leftovers\n|upkeep\n|turn|2\n|\n|t:|1738693379\n|move|p1b: Dondozo|Protect|p1b: Dondozo\n|-singleturn|p1b: Dondozo|Protect\n|move|p2b: Rillaboom|Fake Out|p1b: Dondozo\n|-activate|p1b: Dondozo|move: Protect\n|move|p2a: Tornadus|Rain Dance|p2a: Tornadus\n|-weather|RainDance\n|move|p1a: Latios|Luster Purge|p2a: Tornadus\n|-damage|p2a: Tornadus|39\/100\n|\n|-weather|RainDance|[upkeep]\n|-heal|p1b: Dondozo|86\/100|[from] Grassy Terrain\n|-heal|p1b: Dondozo|92\/100|[from] item: Leftovers\n|upkeep\n|turn|3\n|j| Therazer456\n|\n|t:|1738693395\n|switch|p1a: Tatsugiri|Tatsugiri, L50, M|100\/100\n|-activate|p1a: Tatsugiri|ability: Commander|[of] p1b: Dondozo\n|-boost|p1b: Dondozo|atk|4\n|-boost|p1b: Dondozo|spa|4\n|-boost|p1b: Dondozo|spe|4\n|-boost|p1b: Dondozo|def|4\n|-boost|p1b: Dondozo|spd|4\n|-terastallize|p1b: Dondozo|Dragon\n|move|p2a: Tornadus|Tailwind|p2a: Tornadus\n|-sidestart|p2: GuevaraGaming2|move: Tailwind\n|move|p1b: Dondozo|Order Up|p2a: Tornadus\n|-damage|p2a: Tornadus|0 fnt\n|faint|p2a: Tornadus\n|-boost|p1b: Dondozo|atk|2\n|move|p2b: Rillaboom|U-turn|p1b: Dondozo\n|-damage|p1b: Dondozo|86\/100\n|\n|t:|1738693406\n|switch|p2b: Urshifu|Urshifu-Rapid-Strike, L50, M|100\/100|[from] U-turn\n|\n|-weather|RainDance|[upkeep]\n|-heal|p1b: Dondozo|92\/100|[from] Grassy Terrain\n|-heal|p1b: Dondozo|98\/100|[from] item: Leftovers\n|upkeep\n|\n|t:|1738693407\n|switch|p2a: Rillaboom|Rillaboom, L50, F, shiny|100\/100\n|turn|4\n|\n|t:|1738693421\n|-terastallize|p2b: Urshifu|Water\n|move|p2a: Rillaboom|Fake Out|p1b: Dondozo\n|-damage|p1b: Dondozo|95\/100\n|move|p2b: Urshifu|Surging Strikes|p1b: Dondozo\n|-resisted|p1b: Dondozo\n|-crit|p1b: Dondozo\n|-damage|p1b: Dondozo|79\/100\n|-resisted|p1b: Dondozo\n|-crit|p1b: Dondozo\n|-damage|p1b: Dondozo|65\/100\n|-resisted|p1b: Dondozo\n|-crit|p1b: Dondozo\n|-damage|p1b: Dondozo|50\/100\n|-hitcount|p1b: Dondozo|3\n|cant|p1b: Dondozo|flinch\n|\n|-weather|RainDance|[upkeep]\n|-heal|p1b: Dondozo|56\/100|[from] Grassy Terrain\n|-heal|p1b: Dondozo|62\/100|[from] item: Leftovers\n|upkeep\n|turn|5\n|j| oherrodersir\n|\n|t:|1738693439\n|switch|p2b: Zamazenta|Zamazenta-Crowned, L50, shiny|100\/100\n|-ability|p2b: Zamazenta|Dauntless Shield|boost\n|-boost|p2b: Zamazenta|def|1\n|move|p1b: Dondozo|Order Up|p2b: Zamazenta\n|-resisted|p2b: Zamazenta\n|-damage|p2b: Zamazenta|74\/100\n|-boost|p1b: Dondozo|atk|0\n|move|p2a: Rillaboom|U-turn|p1b: Dondozo\n|-damage|p1b: Dondozo|57\/100\n|\n|t:|1738693444\n|switch|p2a: Urshifu|Urshifu-Rapid-Strike, L50, M, tera:Water|100\/100|[from] U-turn\n|\n|-weather|RainDance|[upkeep]\n|-heal|p2b: Zamazenta|80\/100|[from] Grassy Terrain\n|-heal|p1b: Dondozo|63\/100|[from] Grassy Terrain\n|-heal|p1b: Dondozo|69\/100|[from] item: Leftovers\n|-fieldend|move: Grassy Terrain\n|upkeep\n|turn|6\n|\n|t:|1738693457\n|move|p2a: Urshifu|Surging Strikes|p1b: Dondozo\n|-resisted|p1b: Dondozo\n|-crit|p1b: Dondozo\n|-damage|p1b: Dondozo|53\/100\n|-resisted|p1b: Dondozo\n|-crit|p1b: Dondozo\n|-damage|p1b: Dondozo|38\/100\n|-resisted|p1b: Dondozo\n|-crit|p1b: Dondozo\n|-damage|p1b: Dondozo|23\/100\n|-hitcount|p1b: Dondozo|3\n|move|p2b: Zamazenta|Iron Defense|p2b: Zamazenta\n|-boost|p2b: Zamazenta|def|2\n|move|p1b: Dondozo|Order Up|p2a: Urshifu\n|-damage|p2a: Urshifu|0 fnt\n|faint|p2a: Urshifu\n|-boost|p1b: Dondozo|atk|0\n|\n|-weather|none\n|-heal|p1b: Dondozo|29\/100|[from] item: Leftovers\n|-sideend|p2: GuevaraGaming2|move: Tailwind\n|upkeep\n|\n|t:|1738693460\n|switch|p2a: Rillaboom|Rillaboom, L50, F, shiny|100\/100\n|-fieldstart|move: Grassy Terrain|[from] ability: Grassy Surge|[of] p2a: Rillaboom\n|turn|7\n|\n|t:|1738693470\n|move|p1b: Dondozo|Protect|p1b: Dondozo\n|-singleturn|p1b: Dondozo|Protect\n|move|p2a: Rillaboom|Fake Out|p1b: Dondozo\n|-activate|p1b: Dondozo|move: Protect\n|move|p2b: Zamazenta|Iron Defense|p2b: Zamazenta\n|-boost|p2b: Zamazenta|def|2\n|\n|-heal|p1b: Dondozo|35\/100|[from] Grassy Terrain\n|-heal|p1b: Dondozo|41\/100|[from] item: Leftovers\n|-heal|p2b: Zamazenta|86\/100|[from] Grassy Terrain\n|upkeep\n|turn|8\n|\n|t:|1738693476\n|move|p2a: Rillaboom|Grassy Glide|p1b: Dondozo\n|-resisted|p1b: Dondozo\n|-damage|p1b: Dondozo|37\/100\n|move|p1b: Dondozo|Order Up|p2a: Rillaboom\n|-damage|p2a: Rillaboom|0 fnt\n|faint|p2a: Rillaboom\n|-boost|p1b: Dondozo|atk|0\n|move|p2b: Zamazenta|Body Press|p1b: Dondozo\n|-damage|p1b: Dondozo|2\/100\n|\n|-heal|p1b: Dondozo|8\/100|[from] Grassy Terrain\n|-heal|p1b: Dondozo|14\/100|[from] item: Leftovers\n|-heal|p2b: Zamazenta|92\/100|[from] Grassy Terrain\n|upkeep\n|turn|9\n|\n|t:|1738693479\n|move|p1b: Dondozo|Protect|p1b: Dondozo\n|-singleturn|p1b: Dondozo|Protect\n|move|p2b: Zamazenta|Body Press|p1b: Dondozo\n|-activate|p1b: Dondozo|move: Protect\n|\n|-heal|p1b: Dondozo|20\/100|[from] Grassy Terrain\n|-heal|p1b: Dondozo|26\/100|[from] item: Leftovers\n|-heal|p2b: Zamazenta|98\/100|[from] Grassy Terrain\n|upkeep\n|turn|10\n|\n|t:|1738693484\n|move|p1b: Dondozo|Substitute|p1b: Dondozo\n|-start|p1b: Dondozo|Substitute\n|-damage|p1b: Dondozo|1\/100\n|move|p2b: Zamazenta|Body Press|p1b: Dondozo\n|-end|p1b: Dondozo|Substitute\n|\n|-heal|p1b: Dondozo|7\/100|[from] Grassy Terrain\n|-heal|p1b: Dondozo|13\/100|[from] item: Leftovers\n|-heal|p2b: Zamazenta|100\/100|[from] Grassy Terrain\n|upkeep\n|turn|11\n|\n|t:|1738693488\n|move|p1b: Dondozo|Protect|p1b: Dondozo\n|-singleturn|p1b: Dondozo|Protect\n|move|p2b: Zamazenta|Body Press|p1b: Dondozo\n|-activate|p1b: Dondozo|move: Protect\n|\n|-heal|p1b: Dondozo|19\/100|[from] Grassy Terrain\n|-heal|p1b: Dondozo|25\/100|[from] item: Leftovers\n|-fieldend|move: Grassy Terrain\n|upkeep\n|turn|12\n|\n|t:|1738693491\n|move|p1b: Dondozo|Earthquake|p2b: Zamazenta|[spread] p2b\n|-miss|p1b: Dondozo|p1a: Tatsugiri\n|-supereffective|p2b: Zamazenta\n|-damage|p2b: Zamazenta|71\/100\n|move|p2b: Zamazenta|Body Press|p1b: Dondozo\n|-damage|p1b: Dondozo|0 fnt\n|faint|p1b: Dondozo\n|\n|upkeep\n|\n|t:|1738693495\n|switch|p1b: Latios|Latios, L50, M|6\/100\n|turn|13\n|-message|GuevaraGaming2 forfeited.\n|\n|win|stbai\n|raw|stbai's rating: 1590 &rarr; <strong>1612<\/strong><br \/>(+22 for winning)\n|raw|GuevaraGaming2's rating: 1622 &rarr; <strong>1600<\/strong><br \/>(-22 for losing)\n|l|\u2606GuevaraGaming2\n|player|p2|\n|l|\u2606stbai\n|player|p1|\n","uploadtime":1738693700,"views":7,"formatid":"gen9vgc2025regg","rating":1600,"private":0,"password":null}