{"id":"gen9vgc2025regg-2294406004","format":"[Gen 9] VGC 2025 Reg G","players":["Futomaki0610","xiyeye"],"log":"|j|\u2606Futomaki0610\n|j|\u2606xiyeye\n|t:|1738697292\n|gametype|doubles\n|player|p1|Futomaki0610|dawn|1599\n|player|p2|xiyeye|akari|1645\n|teamsize|p1|6\n|teamsize|p2|6\n|gen|9\n|tier|[Gen 9] VGC 2025 Reg G\n|rated|\n|rule|Species Clause: Limit one of each Pok\u00e9mon\n|rule|Item Clause: Limit 1 of each item\n|clearpoke\n|poke|p1|Kyogre, L50|\n|poke|p1|Tornadus, L50, M|\n|poke|p1|Dondozo, L50, F|\n|poke|p1|Tatsugiri-Droopy, L50, F|\n|poke|p1|Chien-Pao, L50|\n|poke|p1|Dragonite, L50, M|\n|poke|p2|Torkoal, L50, M|\n|poke|p2|Annihilape, L50, M|\n|poke|p2|Urshifu-*, L50, M|\n|poke|p2|Indeedee-F, L50, F|\n|poke|p2|Brute Bonnet, L50|\n|poke|p2|Calyrex-Ice, L50|\n|teampreview|4\n|inactive|Battle timer is ON: inactive players will automatically lose when time's up. (requested by Futomaki0610)\n|\n|t:|1738697325\n|start\n|switch|p1a: Kyogre|Kyogre, L50|100\/100\n|switch|p1b: Tornadus|Tornadus, L50, M|100\/100\n|switch|p2a: Torkoal|Torkoal, L50, M|100\/100\n|switch|p2b: Brute Bonnet|Brute Bonnet, L50|100\/100\n|-weather|RainDance|[from] ability: Drizzle|[of] p1a: Kyogre\n|-weather|SunnyDay|[from] ability: Drought|[of] p2a: Torkoal\n|-activate|p2b: Brute Bonnet|ability: Protosynthesis\n|-start|p2b: Brute Bonnet|protosynthesisdef\n|turn|1\n|j| 413XPlayz\n|\n|t:|1738697346\n|switch|p2a: Calyrex|Calyrex-Ice, L50|100\/100\n|-ability|p2a: Calyrex|As One\n|-ability|p2a: Calyrex|Unnerve\n|move|p1b: Tornadus|Rain Dance|p1b: Tornadus\n|-weather|RainDance\n|-end|p2b: Brute Bonnet|Protosynthesis\n|move|p1a: Kyogre|Origin Pulse|p2a: Calyrex|[spread] p2a,p2b\n|-resisted|p2b: Brute Bonnet\n|-damage|p2a: Calyrex|38\/100\n|-damage|p2b: Brute Bonnet|64\/100\n|move|p2b: Brute Bonnet|Spore|p1b: Tornadus\n|-status|p1b: Tornadus|slp|[from] move: Spore\n|\n|-weather|RainDance|[upkeep]\n|upkeep\n|turn|2\n|inactive|Futomaki0610 has 30 seconds left.\n|inactive|xiyeye has 30 seconds left.\n|inactive|xiyeye has 20 seconds left.\n|inactive|xiyeye has 15 seconds left.\n|inactive|xiyeye has 10 seconds left.\n|inactive|xiyeye has 5 seconds left.\n|\n|t:|1738697398\n|switch|p1b: Dondozo|Dondozo, L50, F|100\/100\n|move|p2a: Calyrex|Protect|p2a: Calyrex\n|-singleturn|p2a: Calyrex|Protect\n|move|p1a: Kyogre|Water Spout|p2a: Calyrex|[spread] p2b\n|-activate|p2a: Calyrex|move: Protect\n|-resisted|p2b: Brute Bonnet\n|-damage|p2b: Brute Bonnet|16\/100\n|-enditem|p2b: Brute Bonnet|Sitrus Berry|[eat]\n|-heal|p2b: Brute Bonnet|40\/100|[from] item: Sitrus Berry\n|move|p2b: Brute Bonnet|Spore|p1a: Kyogre\n|-status|p1a: Kyogre|slp|[from] move: Spore\n|\n|-weather|RainDance|[upkeep]\n|upkeep\n|turn|3\n|inactive|xiyeye has 30 seconds left.\n|\n|t:|1738697423\n|switch|p1a: Tatsugiri|Tatsugiri-Droopy, L50, F|100\/100\n|-activate|p1a: Tatsugiri|ability: Commander|[of] p1b: Dondozo\n|-boost|p1b: Dondozo|atk|2\n|-boost|p1b: Dondozo|spa|2\n|-boost|p1b: Dondozo|spe|2\n|-boost|p1b: Dondozo|def|2\n|-boost|p1b: Dondozo|spd|2\n|-terastallize|p2a: Calyrex|Water\n|move|p1b: Dondozo|Body Press|p2b: Brute Bonnet\n|-supereffective|p2b: Brute Bonnet\n|-crit|p2b: Brute Bonnet\n|-damage|p2b: Brute Bonnet|0 fnt\n|faint|p2b: Brute Bonnet\n|-end|p2b: Brute Bonnet|Protosynthesis|[silent]\n|move|p2a: Calyrex|Glacial Lance|p1b: Dondozo|[spread] p1b\n|-miss|p2a: Calyrex|p1a: Tatsugiri\n|-resisted|p1b: Dondozo\n|-damage|p1b: Dondozo|94\/100\n|\n|-weather|RainDance|[upkeep]\n|-heal|p1b: Dondozo|99\/100|[from] item: Leftovers\n|upkeep\n|\n|t:|1738697440\n|switch|p2b: Annihilape|Annihilape, L50, M|100\/100\n|turn|4\n|\n|t:|1738697447\n|move|p1b: Dondozo|Protect|p1b: Dondozo\n|-singleturn|p1b: Dondozo|Protect\n|move|p2b: Annihilape|Final Gambit|p1b: Dondozo\n|-activate|p1b: Dondozo|move: Protect\n|move|p2a: Calyrex|Glacial Lance|p1a: Tatsugiri|[spread] \n|-miss|p2a: Calyrex|p1a: Tatsugiri\n|-activate|p1b: Dondozo|move: Protect\n|\n|-weather|RainDance|[upkeep]\n|-heal|p1b: Dondozo|100\/100|[from] item: Leftovers\n|upkeep\n|turn|5\n|\n|t:|1738697461\n|move|p2b: Annihilape|Final Gambit|p1b: Dondozo\n|-damage|p1b: Dondozo|14\/100\n|faint|p2b: Annihilape\n|move|p1b: Dondozo|Order Up|p2a: Calyrex\n|-damage|p2a: Calyrex|14\/100\n|-boost|p1b: Dondozo|def|1\n|move|p2a: Calyrex|Glacial Lance|p1a: Tatsugiri|[spread] p1b\n|-miss|p2a: Calyrex|p1a: Tatsugiri\n|-resisted|p1b: Dondozo\n|-damage|p1b: Dondozo|9\/100\n|\n|-weather|none\n|-heal|p1b: Dondozo|15\/100|[from] item: Leftovers\n|upkeep\n|\n|t:|1738697473\n|switch|p2b: Torkoal|Torkoal, L50, M|100\/100\n|-weather|SunnyDay|[from] ability: Drought|[of] p2b: Torkoal\n|turn|6\n|inactive|xiyeye has 30 seconds left.\n|\n|t:|1738697508\n|move|p1b: Dondozo|Protect|p1b: Dondozo\n|-singleturn|p1b: Dondozo|Protect\n|move|p2b: Torkoal|Earth Power|p1b: Dondozo\n|-activate|p1b: Dondozo|move: Protect\n|move|p2a: Calyrex|Trick Room|p2a: Calyrex\n|-fieldstart|move: Trick Room|[of] p2a: Calyrex\n|\n|-weather|SunnyDay|[upkeep]\n|-heal|p1b: Dondozo|21\/100|[from] item: Leftovers\n|upkeep\n|turn|7\n|\n|t:|1738697519\n|move|p2b: Torkoal|Earth Power|p1b: Dondozo\n|-damage|p1b: Dondozo|3\/100\n|move|p2a: Calyrex|Glacial Lance|p1a: Tatsugiri|[spread] p1b\n|-miss|p2a: Calyrex|p1a: Tatsugiri\n|-resisted|p1b: Dondozo\n|-damage|p1b: Dondozo|0 fnt\n|faint|p1b: Dondozo\n|-ability|p2a: Calyrex|Chilling Neigh|boost\n|-boost|p2a: Calyrex|atk|1\n|\n|-weather|SunnyDay|[upkeep]\n|upkeep\n|\n|t:|1738697524\n|switch|p1b: Kyogre|Kyogre, L50|100\/100 slp\n|-weather|RainDance|[from] ability: Drizzle|[of] p1b: Kyogre\n|turn|8\n|\n|t:|1738697541\n|-terastallize|p1a: Tatsugiri|Water\n|move|p2b: Torkoal|Earth Power|p1a: Tatsugiri\n|-damage|p1a: Tatsugiri|51\/100\n|move|p2a: Calyrex|Glacial Lance|p1a: Tatsugiri|[spread] p1a,p1b\n|-resisted|p1a: Tatsugiri\n|-resisted|p1b: Kyogre\n|-damage|p1a: Tatsugiri|0 fnt\n|-damage|p1b: Kyogre|55\/100 slp\n|faint|p1a: Tatsugiri\n|-ability|p2a: Calyrex|Chilling Neigh|boost\n|-boost|p2a: Calyrex|atk|1\n|cant|p1b: Kyogre|slp\n|\n|-weather|RainDance|[upkeep]\n|upkeep\n|\n|t:|1738697550\n|switch|p1a: Tornadus|Tornadus, L50, M|100\/100 slp\n|turn|9\n|\n|t:|1738697556\n|cant|p1a: Tornadus|slp\n|move|p2b: Torkoal|Earth Power|p1b: Kyogre\n|-damage|p1b: Kyogre|29\/100 slp\n|move|p2a: Calyrex|Glacial Lance|p1a: Tornadus|[spread] p1a,p1b\n|-supereffective|p1a: Tornadus\n|-resisted|p1b: Kyogre\n|-damage|p1a: Tornadus|0 fnt\n|-damage|p1b: Kyogre|0 fnt\n|faint|p1a: Tornadus\n|faint|p1b: Kyogre\n|\n|win|xiyeye\n|raw|Futomaki0610's rating: 1599 &rarr; <strong>1582<\/strong><br \/>(-17 for losing)\n|raw|xiyeye's rating: 1645 &rarr; <strong>1662<\/strong><br \/>(+17 for winning)\n|l|\u2606Futomaki0610\n|player|p1|\n|l|\u2606xiyeye\n|player|p2|\n","uploadtime":1738697725,"views":11,"formatid":"gen9vgc2025regg","rating":1582,"private":0,"password":null}