{"id":"gen9vgc2025regg-2294740905","format":"[Gen 9] VGC 2025 Reg G","players":["140 cut","aoiharada"],"log":"|j|\u2606140 cut\n|j|\u2606aoiharada\n|t:|1738742142\n|gametype|doubles\n|player|p1|140 cut|liza|1663\n|player|p2|aoiharada|101|1597\n|teamsize|p1|6\n|teamsize|p2|6\n|gen|9\n|tier|[Gen 9] VGC 2025 Reg G\n|rated|\n|rule|Species Clause: Limit one of each Pok\u00e9mon\n|rule|Item Clause: Limit 1 of each item\n|clearpoke\n|poke|p1|Calyrex-Ice, L50|\n|poke|p1|Urshifu-*, L50, M|\n|poke|p1|Tornadus, L50, M|\n|poke|p1|Ogerpon-Cornerstone, L50, F|\n|poke|p1|Volcarona, L50, M|\n|poke|p1|Landorus, L50, M|\n|poke|p2|Weezing-Galar, L50, M|\n|poke|p2|Calyrex-Shadow, L50|\n|poke|p2|Dondozo, L50, F|\n|poke|p2|Tatsugiri, L50, M|\n|poke|p2|Incineroar, L50, M|\n|poke|p2|Roaring Moon, L50|\n|teampreview|4\n|\n|t:|1738742168\n|start\n|switch|p1a: Calyrex|Calyrex-Ice, L50|100\/100\n|switch|p1b: Tornadus|Tornadus, L50, M|100\/100\n|switch|p2a: Weezing|Weezing-Galar, L50, M|100\/100\n|switch|p2b: Calyrex|Calyrex-Shadow, L50|100\/100\n|-ability|p2a: Weezing|Neutralizing Gas\n|-ability|p2b: Calyrex|As One\n|-ability|p2b: Calyrex|Unnerve\n|-ability|p1a: Calyrex|As One\n|-ability|p1a: Calyrex|Unnerve\n|turn|1\n|\n|t:|1738742175\n|-terastallize|p1b: Tornadus|Normal\n|move|p2b: Calyrex|Astral Barrage|p1a: Calyrex|[spread] p1a\n|-immune|p1b: Tornadus\n|-supereffective|p1a: Calyrex\n|-damage|p1a: Calyrex|32\/100\n|move|p1b: Tornadus|Bleakwind Storm|p2a: Weezing|[spread] p2a\n|-miss|p1b: Tornadus|p2b: Calyrex\n|-damage|p2a: Weezing|65\/100\n|move|p1a: Calyrex|Glacial Lance|p2a: Weezing|[spread] p2a,p2b\n|-damage|p2a: Weezing|16\/100\n|-damage|p2b: Calyrex|34\/100\n|move|p2a: Weezing|Poison Gas|p1a: Calyrex|[spread] p1a,p1b\n|-status|p1a: Calyrex|psn\n|-status|p1b: Tornadus|psn\n|\n|-damage|p1b: Tornadus|88\/100 psn|[from] psn\n|-damage|p1a: Calyrex|19\/100 psn|[from] psn\n|upkeep\n|turn|2\n|\n|t:|1738742196\n|move|p2b: Calyrex|Astral Barrage|p1b: Tornadus|[spread] p1a\n|-immune|p1b: Tornadus\n|-supereffective|p1a: Calyrex\n|-damage|p1a: Calyrex|0 fnt\n|-enditem|p2a: Weezing|Sitrus Berry|[eat]\n|-heal|p2a: Weezing|41\/100|[from] item: Sitrus Berry\n|faint|p1a: Calyrex\n|-ability|p2b: Calyrex|Grim Neigh|boost\n|-boost|p2b: Calyrex|spa|1\n|move|p1b: Tornadus|Bleakwind Storm|p2a: Weezing|[spread] p2a\n|-miss|p1b: Tornadus|p2b: Calyrex\n|-damage|p2a: Weezing|7\/100\n|-unboost|p2a: Weezing|spe|1\n|move|p2a: Weezing|Toxic Spikes|p1b: Tornadus\n|-sidestart|p1: 140 cut|move: Toxic Spikes\n|\n|-damage|p1b: Tornadus|76\/100 psn|[from] psn\n|upkeep\n|\n|t:|1738742203\n|switch|p1a: Landorus|Landorus, L50, M|100\/100\n|turn|3\n|\n|t:|1738742213\n|move|p1a: Landorus|Protect|p1a: Landorus\n|-singleturn|p1a: Landorus|Protect\n|move|p2a: Weezing|Protect|p2a: Weezing\n|-singleturn|p2a: Weezing|Protect\n|move|p2b: Calyrex|Astral Barrage|p1a: Landorus|[spread] \n|-activate|p1a: Landorus|move: Protect\n|-immune|p1b: Tornadus\n|move|p1b: Tornadus|Tailwind|p1b: Tornadus\n|-sidestart|p1: 140 cut|move: Tailwind\n|\n|-damage|p1b: Tornadus|63\/100 psn|[from] psn\n|upkeep\n|turn|4\n|j| kiabu233\n|\n|t:|1738742222\n|move|p1b: Tornadus|Icy Wind|p2b: Calyrex|[spread] p2a,p2b\n|-damage|p2a: Weezing|0 fnt\n|-damage|p2b: Calyrex|18\/100\n|-unboost|p2b: Calyrex|spe|1\n|faint|p2a: Weezing\n|-end|p2a: Weezing|ability: Neutralizing Gas\n|move|p1a: Landorus|Earth Power|p2b: Calyrex\n|-damage|p2b: Calyrex|0 fnt\n|faint|p2b: Calyrex\n|\n|-damage|p1b: Tornadus|51\/100 psn|[from] psn\n|upkeep\n|\n|t:|1738742228\n|switch|p2b: Tatsugiri|Tatsugiri, L50, M|100\/100\n|switch|p2a: Dondozo|Dondozo, L50, F|100\/100\n|-activate|p2b: Tatsugiri|ability: Commander|[of] p2a: Dondozo\n|-boost|p2a: Dondozo|atk|2\n|-boost|p2a: Dondozo|spa|2\n|-boost|p2a: Dondozo|spe|2\n|-boost|p2a: Dondozo|def|2\n|-boost|p2a: Dondozo|spd|2\n|turn|5\n|\n|t:|1738742237\n|move|p2a: Dondozo|Protect|p2a: Dondozo\n|-singleturn|p2a: Dondozo|Protect\n|move|p1b: Tornadus|Bleakwind Storm|p2b: Tatsugiri|[spread] \n|-miss|p1b: Tornadus|p2b: Tatsugiri\n|-activate|p2a: Dondozo|move: Protect\n|move|p1a: Landorus|Sludge Bomb|p2a: Dondozo\n|-activate|p2a: Dondozo|move: Protect\n|\n|-damage|p1b: Tornadus|39\/100 psn|[from] psn\n|upkeep\n|turn|6\n|\n|t:|1738742262\n|move|p1b: Tornadus|Icy Wind|p2b: Tatsugiri|[spread] p2a\n|-miss|p1b: Tornadus|p2b: Tatsugiri\n|-resisted|p2a: Dondozo\n|-damage|p2a: Dondozo|97\/100\n|-unboost|p2a: Dondozo|spe|1\n|move|p1a: Landorus|Earth Power|p2a: Dondozo\n|-damage|p2a: Dondozo|60\/100\n|move|p2a: Dondozo|Wave Crash|p1a: Landorus\n|-supereffective|p1a: Landorus\n|-damage|p1a: Landorus|0 fnt\n|faint|p1a: Landorus\n|-damage|p2a: Dondozo|39\/100|[from] Recoil\n|\n|-heal|p2a: Dondozo|46\/100|[from] item: Leftovers\n|-damage|p1b: Tornadus|26\/100 psn|[from] psn\n|-sideend|p1: 140 cut|move: Tailwind\n|upkeep\n|inactive|Battle timer is ON: inactive players will automatically lose when time's up. (requested by aoiharada)\n|\n|t:|1738742267\n|switch|p1a: Ogerpon|Ogerpon-Cornerstone, L50, F|100\/100\n|-status|p1a: Ogerpon|psn\n|turn|7\n|\n|t:|1738742276\n|move|p2a: Dondozo|Protect|p2a: Dondozo\n|-singleturn|p2a: Dondozo|Protect\n|move|p1b: Tornadus|Tailwind|p1b: Tornadus\n|-sidestart|p1: 140 cut|move: Tailwind\n|move|p1a: Ogerpon|Power Whip|p2a: Dondozo\n|-activate|p2a: Dondozo|move: Protect\n|\n|-heal|p2a: Dondozo|52\/100|[from] item: Leftovers\n|-damage|p1b: Tornadus|14\/100 psn|[from] psn\n|-damage|p1a: Ogerpon|88\/100 psn|[from] psn\n|upkeep\n|turn|8\n|\n|t:|1738742289\n|-terastallize|p2a: Dondozo|Grass\n|move|p1b: Tornadus|Bleakwind Storm|p2b: Tatsugiri|[spread] p2a\n|-miss|p1b: Tornadus|p2b: Tatsugiri\n|-supereffective|p2a: Dondozo\n|-damage|p2a: Dondozo|15\/100\n|-unboost|p2a: Dondozo|spe|1\n|move|p1a: Ogerpon|Power Whip|p2a: Dondozo\n|-resisted|p2a: Dondozo\n|-damage|p2a: Dondozo|2\/100\n|move|p2a: Dondozo|Wave Crash|p1a: Ogerpon\n|-damage|p1a: Ogerpon|0 fnt\n|faint|p1a: Ogerpon\n|-damage|p2a: Dondozo|0 fnt|[from] Recoil\n|faint|p2a: Dondozo\n|\n|-damage|p1b: Tornadus|2\/100 psn|[from] psn\n|upkeep\n|turn|9\n|-message|140 cut forfeited.\n|\n|win|aoiharada\n|raw|140 cut's rating: 1663 &rarr; <strong>1639<\/strong><br \/>(-24 for losing)\n|raw|aoiharada's rating: 1597 &rarr; <strong>1621<\/strong><br \/>(+24 for winning)\n|l|\u2606aoiharada\n|player|p2|\n|l| kiabu233\n","uploadtime":1738742497,"views":9,"formatid":"gen9vgc2025regg","rating":1621,"private":0,"password":null}