{"id":"gen9vgc2025regg-2294484169","format":"[Gen 9] VGC 2025 Reg G","players":["Axel316","sleemo2"],"log":"|j|\u2606Axel316\n|j|\u2606sleemo2\n|t:|1738705226\n|gametype|doubles\n|player|p1|Axel316|102|1666\n|player|p2|sleemo2|102|1598\n|teamsize|p1|6\n|teamsize|p2|6\n|gen|9\n|tier|[Gen 9] VGC 2025 Reg G\n|rated|\n|rule|Species Clause: Limit one of each Pok\u00e9mon\n|rule|Item Clause: Limit 1 of each item\n|clearpoke\n|poke|p1|Calyrex-Ice, L50|\n|poke|p1|Urshifu-*, L50, M|\n|poke|p1|Incineroar, L50, F|\n|poke|p1|Latios, L50, M|\n|poke|p1|Pelipper, L50, F|\n|poke|p1|Archaludon, L50, F|\n|poke|p2|Ogerpon-Wellspring, L50, F|\n|poke|p2|Landorus-Therian, L50, M|\n|poke|p2|Cresselia, L50, F|\n|poke|p2|Thundurus, L50, M|\n|poke|p2|Zamazenta-*, L50|\n|poke|p2|Ursaluna-Bloodmoon, L50, M|\n|teampreview|4\n|j| Funn yIy\n|\n|t:|1738705265\n|start\n|switch|p1a: Calyrex|Calyrex-Ice, L50|100\/100\n|switch|p1b: Latios|Latios, L50, M|100\/100\n|switch|p2a: Ursaluna|Ursaluna-Bloodmoon, L50, M|100\/100\n|switch|p2b: Ogerpon|Ogerpon-Wellspring, L50, F|100\/100\n|-ability|p1a: Calyrex|As One\n|-ability|p1a: Calyrex|Unnerve\n|turn|1\n|inactive|Battle timer is ON: inactive players will automatically lose when time's up. (requested by Axel316)\n|inactive|sleemo2 has 60 seconds left.\n|\n|t:|1738705305\n|-terastallize|p2a: Ursaluna|Normal\n|move|p2b: Ogerpon|Spiky Shield|p2b: Ogerpon\n|-singleturn|p2b: Ogerpon|move: Protect\n|move|p1b: Latios|Trick|p2a: Ursaluna\n|-activate|p1b: Latios|move: Trick|[of] p2a: Ursaluna\n|-item|p2a: Ursaluna|Choice Scarf|[from] move: Trick\n|-item|p1b: Latios|Life Orb|[from] move: Trick\n|move|p2a: Ursaluna|Blood Moon|p1a: Calyrex\n|-damage|p1a: Calyrex|31\/100\n|move|p1a: Calyrex|Trick Room|p1a: Calyrex\n|-fieldstart|move: Trick Room|[of] p1a: Calyrex\n|\n|upkeep\n|turn|2\n|\n|t:|1738705323\n|switch|p2a: Zamazenta|Zamazenta-Crowned, L50|100\/100\n|-ability|p2a: Zamazenta|Dauntless Shield|boost\n|-boost|p2a: Zamazenta|def|1\n|move|p1a: Calyrex|Protect|p1a: Calyrex\n|-singleturn|p1a: Calyrex|Protect\n|move|p2b: Ogerpon|Ivy Cudgel|p1a: Calyrex|[anim] Ivy Cudgel Water\n|-activate|p1a: Calyrex|move: Protect\n|move|p1b: Latios|Luster Purge|p2a: Zamazenta\n|-damage|p2a: Zamazenta|60\/100\n|-unboost|p2a: Zamazenta|spd|1\n|-damage|p1b: Latios|91\/100|[from] item: Life Orb\n|\n|upkeep\n|turn|3\n|j| PandaoftheClouds\n|inactive|sleemo2 has 30 seconds left.\n|\n|t:|1738705353\n|move|p2a: Zamazenta|Protect|p2a: Zamazenta\n|-singleturn|p2a: Zamazenta|Protect\n|move|p2b: Ogerpon|Spiky Shield|p2b: Ogerpon\n|-singleturn|p2b: Ogerpon|move: Protect\n|move|p1a: Calyrex|Glacial Lance|p2b: Ogerpon|[spread] \n|-activate|p2a: Zamazenta|move: Protect\n|-activate|p2b: Ogerpon|move: Protect\n|move|p1b: Latios|Luster Purge|p2a: Zamazenta\n|-activate|p2a: Zamazenta|move: Protect\n|\n|upkeep\n|turn|4\n|\n|t:|1738705370\n|move|p1a: Calyrex|Seed Bomb|p2b: Ogerpon\n|-damage|p2b: Ogerpon|58\/100\n|move|p2b: Ogerpon|Ivy Cudgel|p1b: Latios|[anim] Ivy Cudgel Water\n|-resisted|p1b: Latios\n|-damage|p1b: Latios|47\/100\n|move|p2a: Zamazenta|Behemoth Bash|p1b: Latios\n|-damage|p1b: Latios|0 fnt\n|faint|p1b: Latios\n|\n|upkeep\n|\n|t:|1738705387\n|switch|p1b: Archaludon|Archaludon, L50, F|100\/100\n|turn|5\n|\n|t:|1738705397\n|switch|p1a: Pelipper|Pelipper, L50, F|100\/100\n|-weather|RainDance|[from] ability: Drizzle|[of] p1a: Pelipper\n|move|p2b: Ogerpon|Spiky Shield|p2b: Ogerpon\n|-singleturn|p2b: Ogerpon|move: Protect\n|move|p2a: Zamazenta|Protect|p2a: Zamazenta\n|-singleturn|p2a: Zamazenta|Protect\n|move|p1b: Archaludon|Electro Shot||[still]\n|-prepare|p1b: Archaludon|Electro Shot\n|-boost|p1b: Archaludon|spa|1\n|-anim|p1b: Archaludon|Electro Shot|p2a: Zamazenta\n|-activate|p2a: Zamazenta|move: Protect\n|\n|-weather|RainDance|[upkeep]\n|-fieldend|move: Trick Room\n|upkeep\n|turn|6\n|\n|t:|1738705417\n|move|p1b: Archaludon|Protect|p1b: Archaludon\n|-singleturn|p1b: Archaludon|Protect\n|move|p2b: Ogerpon|Follow Me|p2b: Ogerpon\n|-singleturn|p2b: Ogerpon|move: Follow Me\n|move|p2a: Zamazenta|Body Press|p1b: Archaludon\n|-activate|p1b: Archaludon|move: Protect\n|move|p1a: Pelipper|Hurricane|p2b: Ogerpon\n|-supereffective|p2b: Ogerpon\n|-damage|p2b: Ogerpon|0 fnt\n|faint|p2b: Ogerpon\n|\n|-weather|RainDance|[upkeep]\n|upkeep\n|\n|t:|1738705424\n|switch|p2b: Ursaluna|Ursaluna-Bloodmoon, L50, M, tera:Normal|100\/100\n|turn|7\n|\n|t:|1738705439\n|-terastallize|p1b: Archaludon|Bug\n|move|p2b: Ursaluna|Hyper Voice|p1a: Pelipper|[spread] p1a,p1b\n|-damage|p1a: Pelipper|31\/100\n|-damage|p1b: Archaludon|40\/100\n|move|p2a: Zamazenta|Body Press|p1b: Archaludon\n|-resisted|p1b: Archaludon\n|-damage|p1b: Archaludon|15\/100\n|-damage|p2a: Zamazenta|43\/100|[from] item: Rocky Helmet|[of] p1b: Archaludon\n|move|p1b: Archaludon|Electro Shot||[still]\n|-prepare|p1b: Archaludon|Electro Shot\n|-boost|p1b: Archaludon|spa|1\n|-anim|p1b: Archaludon|Electro Shot|p2b: Ursaluna\n|-crit|p2b: Ursaluna\n|-damage|p2b: Ursaluna|0 fnt\n|faint|p2b: Ursaluna\n|move|p1a: Pelipper|Weather Ball|p2a: Zamazenta\n|-damage|p2a: Zamazenta|0 fnt\n|faint|p2a: Zamazenta\n|\n|-weather|RainDance|[upkeep]\n|upkeep\n|\n|t:|1738705449\n|switch|p2a: Cresselia|Cresselia, L50, F, shiny|100\/100\n|turn|8\n|\n|t:|1738705466\n|move|p2a: Cresselia|Moonblast|p1b: Archaludon\n|-damage|p1b: Archaludon|0 fnt\n|faint|p1b: Archaludon\n|move|p1a: Pelipper|Hurricane|p2a: Cresselia\n|-damage|p2a: Cresselia|70\/100\n|\n|-weather|RainDance|[upkeep]\n|-heal|p2a: Cresselia|76\/100|[from] item: Leftovers\n|upkeep\n|\n|t:|1738705476\n|switch|p1b: Calyrex|Calyrex-Ice, L50|31\/100\n|-ability|p1b: Calyrex|As One\n|-ability|p1b: Calyrex|Unnerve\n|turn|9\n|\n|t:|1738705490\n|move|p2a: Cresselia|Moonblast|p1b: Calyrex\n|-damage|p1b: Calyrex|15\/100\n|move|p1a: Pelipper|Tailwind|p1a: Pelipper\n|-sidestart|p1: Axel316|move: Tailwind\n|move|p1b: Calyrex|Glacial Lance|p2a: Cresselia\n|-damage|p2a: Cresselia|23\/100\n|\n|-weather|none\n|-heal|p2a: Cresselia|29\/100|[from] item: Leftovers\n|upkeep\n|turn|10\n|\n|t:|1738705502\n|move|p1a: Pelipper|Hurricane|p2a: Cresselia\n|-damage|p2a: Cresselia|0 fnt\n|faint|p2a: Cresselia\n|\n|win|Axel316\n|raw|Axel316's rating: 1666 &rarr; <strong>1682<\/strong><br \/>(+16 for winning)\n|raw|sleemo2's rating: 1598 &rarr; <strong>1582<\/strong><br \/>(-16 for losing)\n|l|\u2606sleemo2\n|player|p2|\n|l| PandaoftheClouds\n|l| Funn yIy\n|l|\u2606Axel316\n|player|p1|\n","uploadtime":1738705719,"views":11,"formatid":"gen9vgc2025regg","rating":1582,"private":0,"password":null}