{"id":"gen9vgc2025regg-2294063344","format":"[Gen 9] VGC 2025 Reg G","players":["qunqun24","Keviathan"],"log":"|j|\u2606qunqun24\n|j|\u2606Keviathan\n|t:|1738653297\n|gametype|doubles\n|player|p1|qunqun24|102|1620\n|player|p2|Keviathan|backpacker|1546\n|teamsize|p1|6\n|teamsize|p2|6\n|gen|9\n|tier|[Gen 9] VGC 2025 Reg G\n|rated|\n|rule|Species Clause: Limit one of each Pok\u00e9mon\n|rule|Item Clause: Limit 1 of each item\n|clearpoke\n|poke|p1|Calyrex-Shadow, L50|\n|poke|p1|Ting-Lu, L50|\n|poke|p1|Dondozo, L50, M|\n|poke|p1|Urshifu-*, L50, M|\n|poke|p1|Ogerpon-Hearthflame, L50, F|\n|poke|p1|Whimsicott, L50, F|\n|poke|p2|Dondozo, L50, M|\n|poke|p2|Tatsugiri-Droopy, L50, M|\n|poke|p2|Calyrex-Shadow, L50|\n|poke|p2|Weezing-Galar, L50, M|\n|poke|p2|Indeedee-F, L50, F|\n|poke|p2|Ogerpon-Cornerstone, L50, F|\n|teampreview|4\n|inactive|Battle timer is ON: inactive players will automatically lose when time's up. (requested by qunqun24)\n|\n|t:|1738653306\n|start\n|switch|p1a: Ting-Lu|Ting-Lu, L50|100\/100\n|switch|p1b: Dondozo|Dondozo, L50, M|100\/100\n|switch|p2a: Weezing|Weezing-Galar, L50, M|100\/100\n|switch|p2b: Calyrex|Calyrex-Shadow, L50|100\/100\n|-ability|p2a: Weezing|Neutralizing Gas\n|-ability|p2b: Calyrex|As One\n|-ability|p2b: Calyrex|Unnerve\n|turn|1\n|\n|t:|1738653313\n|-terastallize|p2b: Calyrex|Ghost\n|move|p2b: Calyrex|Astral Barrage|p1b: Dondozo|[spread] p1a,p1b\n|-resisted|p1a: Ting-Lu\n|-damage|p1a: Ting-Lu|75\/100\n|-damage|p1b: Dondozo|47\/100\n|move|p2a: Weezing|Poison Gas|p1a: Ting-Lu|[spread] p1a,p1b\n|-status|p1a: Ting-Lu|psn\n|-status|p1b: Dondozo|psn\n|move|p1a: Ting-Lu|Sand Tomb|p2a: Weezing\n|-supereffective|p2a: Weezing\n|-damage|p2a: Weezing|76\/100\n|-activate|p2a: Weezing|move: Sand Tomb|[of] p1a: Ting-Lu\n|move|p1b: Dondozo|Yawn|p2a: Weezing\n|-start|p2a: Weezing|move: Yawn|[of] p1b: Dondozo\n|\n|-heal|p1b: Dondozo|54\/100 psn|[from] item: Leftovers\n|-damage|p1a: Ting-Lu|63\/100 psn|[from] psn\n|-damage|p1b: Dondozo|41\/100 psn|[from] psn\n|-damage|p2a: Weezing|64\/100|[from] move: Sand Tomb|[partiallytrapped]\n|upkeep\n|turn|2\n|\n|t:|1738653332\n|move|p1b: Dondozo|Protect|p1b: Dondozo\n|-singleturn|p1b: Dondozo|Protect\n|move|p2b: Calyrex|Astral Barrage|p1a: Ting-Lu|[spread] p1a\n|-activate|p1b: Dondozo|move: Protect\n|-resisted|p1a: Ting-Lu\n|-damage|p1a: Ting-Lu|38\/100 psn\n|move|p2a: Weezing|Toxic Spikes|p1b: Dondozo\n|-sidestart|p1: qunqun24|move: Toxic Spikes\n|move|p1a: Ting-Lu|Sand Tomb|p2b: Calyrex\n|-damage|p2b: Calyrex|83\/100\n|-activate|p2b: Calyrex|move: Sand Tomb|[of] p1a: Ting-Lu\n|\n|-heal|p1b: Dondozo|47\/100 psn|[from] item: Leftovers\n|-damage|p1a: Ting-Lu|26\/100 psn|[from] psn\n|-damage|p1b: Dondozo|35\/100 psn|[from] psn\n|-damage|p2b: Calyrex|71\/100|[from] move: Sand Tomb|[partiallytrapped]\n|-damage|p2a: Weezing|52\/100|[from] move: Sand Tomb|[partiallytrapped]\n|-end|p2a: Weezing|move: Yawn|[silent]\n|-status|p2a: Weezing|slp\n|upkeep\n|turn|3\n|\n|t:|1738653346\n|move|p2b: Calyrex|Astral Barrage|p1a: Ting-Lu|[spread] p1a,p1b\n|-resisted|p1a: Ting-Lu\n|-damage|p1a: Ting-Lu|1\/100 psn\n|-damage|p1b: Dondozo|0 fnt\n|faint|p1b: Dondozo\n|-ability|p2b: Calyrex|Grim Neigh|boost\n|-boost|p2b: Calyrex|spa|1\n|cant|p2a: Weezing|slp\n|move|p1a: Ting-Lu|Ruination|p2b: Calyrex\n|-damage|p2b: Calyrex|36\/100\n|\n|-damage|p1a: Ting-Lu|0 fnt|[from] psn\n|faint|p1a: Ting-Lu\n|-end|p2b: Calyrex|Sand Tomb|[partiallytrapped]|[silent]\n|-end|p2a: Weezing|Sand Tomb|[partiallytrapped]|[silent]\n|upkeep\n|\n|t:|1738653351\n|switch|p1a: Calyrex|Calyrex-Shadow, L50|100\/100\n|switch|p1b: Whimsicott|Whimsicott, L50, F|100\/100\n|-ability|p1a: Calyrex|As One\n|-ability|p1a: Calyrex|Unnerve\n|-status|p1a: Calyrex|psn\n|-status|p1b: Whimsicott|psn\n|turn|4\n|\n|t:|1738653358\n|move|p1b: Whimsicott|Helping Hand|p1a: Calyrex\n|-singleturn|p1a: Calyrex|Helping Hand|[of] p1b: Whimsicott\n|move|p1a: Calyrex|Astral Barrage|p2b: Calyrex|[spread] p2a,p2b\n|-supereffective|p2b: Calyrex\n|-damage|p2a: Weezing|0 fnt\n|-damage|p2b: Calyrex|0 fnt\n|faint|p2a: Weezing\n|-end|p2a: Weezing|ability: Neutralizing Gas\n|faint|p2b: Calyrex\n|-ability|p1a: Calyrex|Grim Neigh|boost\n|-boost|p1a: Calyrex|spa|2\n|-damage|p1a: Calyrex|91\/100 psn|[from] item: Life Orb\n|\n|-damage|p1a: Calyrex|79\/100 psn|[from] psn\n|-damage|p1b: Whimsicott|88\/100 psn|[from] psn\n|upkeep\n|\n|t:|1738653362\n|switch|p2b: Dondozo|Dondozo, L50, M|100\/100\n|switch|p2a: Tatsugiri|Tatsugiri-Droopy, L50, M|100\/100\n|-activate|p2a: Tatsugiri|ability: Commander|[of] p2b: Dondozo\n|-boost|p2b: Dondozo|atk|2\n|-boost|p2b: Dondozo|spa|2\n|-boost|p2b: Dondozo|spe|2\n|-boost|p2b: Dondozo|def|2\n|-boost|p2b: Dondozo|spd|2\n|turn|5\n|\n|t:|1738653378\n|move|p1a: Calyrex|Protect|p1a: Calyrex\n|-singleturn|p1a: Calyrex|Protect\n|move|p1b: Whimsicott|Moonblast|p2b: Dondozo\n|-damage|p2b: Dondozo|89\/100\n|move|p2b: Dondozo|Earthquake|p1b: Whimsicott|[spread] p1b\n|-miss|p2b: Dondozo|p2a: Tatsugiri\n|-activate|p1a: Calyrex|move: Protect\n|-resisted|p1b: Whimsicott\n|-damage|p1b: Whimsicott|66\/100 psn\n|\n|-heal|p2b: Dondozo|95\/100|[from] item: Leftovers\n|-damage|p1a: Calyrex|67\/100 psn|[from] psn\n|-damage|p1b: Whimsicott|54\/100 psn|[from] psn\n|upkeep\n|turn|6\n|\n|t:|1738653382\n|move|p1b: Whimsicott|Helping Hand|p1a: Calyrex\n|-singleturn|p1a: Calyrex|Helping Hand|[of] p1b: Whimsicott\n|move|p1a: Calyrex|Astral Barrage|p2b: Dondozo|[spread] p2b\n|-miss|p1a: Calyrex|p2a: Tatsugiri\n|-damage|p2b: Dondozo|47\/100\n|-damage|p1a: Calyrex|57\/100 psn|[from] item: Life Orb\n|move|p2b: Dondozo|Earthquake|p1b: Whimsicott|[spread] p1a,p1b\n|-miss|p2b: Dondozo|p2a: Tatsugiri\n|-resisted|p1b: Whimsicott\n|-damage|p1a: Calyrex|18\/100 psn\n|-damage|p1b: Whimsicott|30\/100 psn\n|\n|-heal|p2b: Dondozo|53\/100|[from] item: Leftovers\n|-damage|p1a: Calyrex|6\/100 psn|[from] psn\n|-damage|p1b: Whimsicott|17\/100 psn|[from] psn\n|upkeep\n|turn|7\n|\n|t:|1738653390\n|move|p1b: Whimsicott|Helping Hand|p1a: Calyrex\n|-singleturn|p1a: Calyrex|Helping Hand|[of] p1b: Whimsicott\n|move|p2b: Dondozo|Protect|p2b: Dondozo\n|-singleturn|p2b: Dondozo|Protect\n|move|p1a: Calyrex|Astral Barrage|p2a: Tatsugiri|[spread] \n|-miss|p1a: Calyrex|p2a: Tatsugiri\n|-activate|p2b: Dondozo|move: Protect\n|\n|-heal|p2b: Dondozo|59\/100|[from] item: Leftovers\n|-damage|p1a: Calyrex|0 fnt|[from] psn\n|faint|p1a: Calyrex\n|-damage|p1b: Whimsicott|5\/100 psn|[from] psn\n|upkeep\n|turn|8\n|\n|t:|1738653394\n|move|p1b: Whimsicott|Moonblast|p2b: Dondozo\n|-damage|p2b: Dondozo|47\/100\n|-unboost|p2b: Dondozo|spa|1\n|move|p2b: Dondozo|Earthquake|p1b: Whimsicott|[spread] p1b\n|-miss|p2b: Dondozo|p2a: Tatsugiri\n|-resisted|p1b: Whimsicott\n|-damage|p1b: Whimsicott|0 fnt\n|faint|p1b: Whimsicott\n|\n|win|Keviathan\n|raw|qunqun24's rating: 1620 &rarr; <strong>1596<\/strong><br \/>(-24 for losing)\n|raw|Keviathan's rating: 1546 &rarr; <strong>1570<\/strong><br \/>(+24 for winning)\n|l|\u2606Keviathan\n|player|p2|\n","uploadtime":1738653648,"views":10,"formatid":"gen9vgc2025regg","rating":1570,"private":0,"password":null}