{"id":"gen9vgc2025regg-2294695929","format":"[Gen 9] VGC 2025 Reg G","players":["gthbrt","sawawa256"],"log":"|j|\u2606gthbrt\n|j|\u2606sawawa256\n|t:|1738733171\n|gametype|doubles\n|player|p1|gthbrt|guitarist|1539\n|player|p2|sawawa256|hilbert|1701\n|teamsize|p1|6\n|teamsize|p2|6\n|gen|9\n|tier|[Gen 9] VGC 2025 Reg G\n|rated|\n|rule|Species Clause: Limit one of each Pok\u00e9mon\n|rule|Item Clause: Limit 1 of each item\n|clearpoke\n|poke|p1|Zekrom, L50|\n|poke|p1|Chien-Pao, L50|\n|poke|p1|Entei, L50|\n|poke|p1|Rillaboom, L50, F|\n|poke|p1|Flutter Mane, L50|\n|poke|p1|Urshifu-*, L50, M|\n|poke|p2|Calyrex-Ice, L50|\n|poke|p2|Farigiraf, L50, F|\n|poke|p2|Ogerpon-Hearthflame, L50, F|\n|poke|p2|Torkoal, L50, F|\n|poke|p2|Urshifu-*, L50, F|\n|poke|p2|Raging Bolt, L50|\n|teampreview|4\n|inactive|Battle timer is ON: inactive players will automatically lose when time's up. (requested by gthbrt)\n|inactive|sawawa256 has 60 seconds left.\n|\n|t:|1738733207\n|start\n|switch|p1a: Entei|Entei, L50|100\/100\n|switch|p1b: Zekrom|Zekrom, L50, shiny|100\/100\n|switch|p2a: Ogerpon|Ogerpon-Hearthflame, L50, F|100\/100\n|switch|p2b: Raging Bolt|Raging Bolt, L50|100\/100\n|-ability|p2a: Ogerpon|Mold Breaker\n|-ability|p1b: Zekrom|Teravolt\n|turn|1\n|j| mr pogostick\n|inactive|sawawa256 has 30 seconds left.\n|inactive|sawawa256 has 20 seconds left.\n|\n|t:|1738733244\n|move|p1b: Zekrom|Protect|p1b: Zekrom\n|-singleturn|p1b: Zekrom|Protect\n|move|p2a: Ogerpon|Follow Me|p2a: Ogerpon\n|-singleturn|p2a: Ogerpon|move: Follow Me\n|move|p1a: Entei|Stone Edge|p2a: Ogerpon\n|-supereffective|p2a: Ogerpon\n|-damage|p2a: Ogerpon|0 fnt\n|faint|p2a: Ogerpon\n|move|p2b: Raging Bolt|Electroweb|p1b: Zekrom|[spread] p1a\n|-activate|p1b: Zekrom|move: Protect\n|-damage|p1a: Entei|72\/100\n|-unboost|p1a: Entei|spe|1\n|\n|upkeep\n|\n|t:|1738733263\n|switch|p2a: Calyrex|Calyrex-Ice, L50|100\/100\n|-ability|p2a: Calyrex|As One\n|-ability|p2a: Calyrex|Unnerve\n|turn|2\n|\n|t:|1738733276\n|-terastallize|p1b: Zekrom|Fairy\n|-terastallize|p2b: Raging Bolt|Electric\n|move|p2b: Raging Bolt|Thunderclap|p1a: Entei\n|-damage|p1a: Entei|10\/100\n|move|p1b: Zekrom|Fusion Bolt|p2a: Calyrex\n|-damage|p2a: Calyrex|62\/100\n|move|p1a: Entei|Stone Edge|p2a: Calyrex|[miss]\n|-miss|p1a: Entei|p2a: Calyrex\n|move|p2a: Calyrex|Trick Room|p2a: Calyrex\n|-fieldstart|move: Trick Room|[of] p2a: Calyrex\n|\n|upkeep\n|turn|3\n|\n|t:|1738733293\n|move|p1b: Zekrom|Protect|p1b: Zekrom\n|-singleturn|p1b: Zekrom|Protect\n|move|p2a: Calyrex|Glacial Lance|p1a: Entei|[spread] p1a\n|-activate|p1b: Zekrom|move: Protect\n|-resisted|p1a: Entei\n|-crit|p1a: Entei\n|-damage|p1a: Entei|0 fnt\n|faint|p1a: Entei\n|-ability|p2a: Calyrex|Chilling Neigh|boost\n|-boost|p2a: Calyrex|atk|1\n|move|p2b: Raging Bolt|Thunderbolt|p1b: Zekrom\n|-activate|p1b: Zekrom|move: Protect\n|\n|upkeep\n|\n|t:|1738733302\n|switch|p1a: Rillaboom|Rillaboom, L50, F|100\/100\n|-fieldstart|move: Grassy Terrain|[from] ability: Grassy Surge|[of] p1a: Rillaboom\n|turn|4\n|\n|t:|1738733314\n|switch|p1a: Chien-Pao|Chien-Pao, L50|100\/100\n|-ability|p1a: Chien-Pao|Sword of Ruin\n|move|p2a: Calyrex|Protect|p2a: Calyrex\n|-singleturn|p2a: Calyrex|Protect\n|move|p2b: Raging Bolt|Thunderbolt|p1b: Zekrom\n|-damage|p1b: Zekrom|33\/100\n|move|p1b: Zekrom|Dragon Dance|p1b: Zekrom\n|-boost|p1b: Zekrom|atk|1\n|-boost|p1b: Zekrom|spe|1\n|\n|-heal|p2a: Calyrex|68\/100|[from] Grassy Terrain\n|-heal|p1b: Zekrom|39\/100|[from] Grassy Terrain\n|upkeep\n|turn|5\n|inactive|sawawa256 has 30 seconds left.\n|inactive|gthbrt has 30 seconds left.\n|\n|t:|1738733346\n|move|p1a: Chien-Pao|Sucker Punch|p2a: Calyrex\n|-supereffective|p2a: Calyrex\n|-damage|p2a: Calyrex|6\/100\n|move|p2a: Calyrex|Glacial Lance|p1b: Zekrom|[spread] p1a,p1b\n|-resisted|p1a: Chien-Pao\n|-damage|p1a: Chien-Pao|46\/100\n|-damage|p1b: Zekrom|0 fnt\n|faint|p1b: Zekrom\n|-ability|p2a: Calyrex|Chilling Neigh|boost\n|-boost|p2a: Calyrex|atk|1\n|move|p2b: Raging Bolt|Thunderbolt|p1a: Chien-Pao\n|-damage|p1a: Chien-Pao|0 fnt\n|faint|p1a: Chien-Pao\n|\n|-heal|p2a: Calyrex|12\/100|[from] Grassy Terrain\n|upkeep\n|-message|gthbrt forfeited.\n|\n|win|sawawa256\n|raw|gthbrt's rating: 1539 &rarr; <strong>1528<\/strong><br \/>(-11 for losing)\n|raw|sawawa256's rating: 1701 &rarr; <strong>1712<\/strong><br \/>(+11 for winning)\n|l|\u2606gthbrt\n|player|p1|\n|l|\u2606sawawa256\n|player|p2|\n|l| mr pogostick\n","uploadtime":1738733585,"views":7,"formatid":"gen9vgc2025regg","rating":1528,"private":0,"password":null}