{"id":"gen9vgc2025regg-2294350041","format":"[Gen 9] VGC 2025 Reg G","players":["i\u2764\u5a1c\u7984forever","Newteamnewname"],"log":"|j|\u2606i\u2764\u5a1c\u7984forever\n|j|\u2606Newteamnewname\n|t:|1738691989\n|gametype|doubles\n|player|p1|i\u2764\u5a1c\u7984forever|youngcouple|1643\n|player|p2|Newteamnewname|biker-gen4|1607\n|teamsize|p1|6\n|teamsize|p2|6\n|gen|9\n|tier|[Gen 9] VGC 2025 Reg G\n|rated|\n|rule|Species Clause: Limit one of each Pok\u00e9mon\n|rule|Item Clause: Limit 1 of each item\n|clearpoke\n|poke|p1|Groudon, L50|\n|poke|p1|Farigiraf, L50, M|\n|poke|p1|Urshifu-*, L50, M|\n|poke|p1|Flutter Mane, L50|\n|poke|p1|Dragonite, L50, F|\n|poke|p1|Torkoal, L50, M|\n|poke|p2|Terapagos, L50, M|\n|poke|p2|Urshifu-*, L50, M|\n|poke|p2|Rillaboom, L50, M|\n|poke|p2|Incineroar, L50, M|\n|poke|p2|Ogerpon-Hearthflame, L50, F|\n|poke|p2|Flutter Mane, L50|\n|teampreview|4\n|inactive|Battle timer is ON: inactive players will automatically lose when time's up. (requested by Newteamnewname)\n|inactive|Newteamnewname has 60 seconds left.\n|\n|t:|1738692042\n|start\n|switch|p1a: Groudon|Groudon, L50|100\/100\n|switch|p1b: Flutter Mane|Flutter Mane, L50|100\/100\n|switch|p2a: Flutter Mane|Flutter Mane, L50|100\/100\n|switch|p2b: Terapagos|Terapagos, L50, M|100\/100\n|-activate|p2b: Terapagos|ability: Tera Shift\n|detailschange|p2b: Terapagos|Terapagos-Terastal, L50, M\n|-heal|p2b: Terapagos|100\/100|[silent]\n|-weather|SunnyDay|[from] ability: Drought|[of] p1a: Groudon\n|-activate|p2a: Flutter Mane|ability: Protosynthesis\n|-start|p2a: Flutter Mane|protosynthesisspe\n|-activate|p1b: Flutter Mane|ability: Protosynthesis\n|-start|p1b: Flutter Mane|protosynthesisspa\n|turn|1\n|\n|t:|1738692066\n|move|p2a: Flutter Mane|Icy Wind|p1a: Groudon|[spread] p1a,p1b\n|-supereffective|p1a: Groudon\n|-damage|p1a: Groudon|86\/100\n|-damage|p1b: Flutter Mane|91\/100\n|-unboost|p1a: Groudon|spe|1\n|-unboost|p1b: Flutter Mane|spe|1\n|move|p2b: Terapagos|Calm Mind|p2b: Terapagos\n|-boost|p2b: Terapagos|spa|1\n|-boost|p2b: Terapagos|spd|1\n|move|p1b: Flutter Mane|Dazzling Gleam|p2b: Terapagos|[spread] p2a,p2b\n|-activate|p2b: Terapagos|ability: Tera Shell\n|-resisted|p2b: Terapagos\n|-damage|p2a: Flutter Mane|46\/100\n|-damage|p2b: Terapagos|84\/100\n|move|p1a: Groudon|Precipice Blades|p2a: Flutter Mane|[spread] p2b\n|-miss|p1a: Groudon|p2a: Flutter Mane\n|-damage|p2b: Terapagos|45\/100\n|\n|-weather|SunnyDay|[upkeep]\n|-heal|p2b: Terapagos|52\/100|[from] item: Leftovers\n|upkeep\n|turn|2\n|inactive|Newteamnewname has 30 seconds left.\n|inactive|Newteamnewname has 20 seconds left.\n|j| Triple20\n|inactive|Newteamnewname has 15 seconds left.\n|\n|t:|1738692107\n|-terastallize|p2b: Terapagos|Stellar\n|detailschange|p2b: Terapagos|Terapagos-Stellar, L50, M, tera:Stellar\n|-heal|p2b: Terapagos|64\/100|[silent]\n|-ability|p2b: Terapagos|Teraform Zero\n|-weather|none\n|-end|p2a: Flutter Mane|Protosynthesis\n|-end|p1b: Flutter Mane|Protosynthesis\n|-enditem|p2a: Flutter Mane|Booster Energy\n|-activate|p2a: Flutter Mane|ability: Protosynthesis|[fromitem]\n|-start|p2a: Flutter Mane|protosynthesisspe\n|move|p2a: Flutter Mane|Moonblast|p1a: Groudon\n|-damage|p1a: Groudon|59\/100\n|-unboost|p1a: Groudon|spa|1\n|move|p2b: Terapagos|Tera Starstorm|p1b: Flutter Mane|[spread] p1a,p1b\n|-damage|p1a: Groudon|30\/100\n|-damage|p1b: Flutter Mane|49\/100\n|move|p1b: Flutter Mane|Dazzling Gleam|p2b: Terapagos|[spread] p2a,p2b\n|-damage|p2a: Flutter Mane|2\/100\n|-damage|p2b: Terapagos|43\/100\n|move|p1a: Groudon|Precipice Blades|p2a: Flutter Mane|[spread] p2a\n|-miss|p1a: Groudon|p2b: Terapagos\n|-damage|p2a: Flutter Mane|0 fnt\n|faint|p2a: Flutter Mane\n|-end|p2a: Flutter Mane|Protosynthesis|[silent]\n|\n|-heal|p2b: Terapagos|49\/100|[from] item: Leftovers\n|upkeep\n|\n|t:|1738692126\n|switch|p2a: Incineroar|Incineroar, L50, M|100\/100\n|-ability|p2a: Incineroar|Intimidate|boost\n|-unboost|p1a: Groudon|atk|1\n|-unboost|p1b: Flutter Mane|atk|1\n|turn|3\n|l| Triple20\n|\n|t:|1738692148\n|move|p2a: Incineroar|Fake Out|p1a: Groudon\n|-damage|p1a: Groudon|23\/100\n|move|p2b: Terapagos|Calm Mind|p2b: Terapagos\n|-boost|p2b: Terapagos|spa|1\n|-boost|p2b: Terapagos|spd|1\n|move|p1b: Flutter Mane|Dazzling Gleam|p2b: Terapagos|[spread] p2a,p2b\n|-damage|p2a: Incineroar|61\/100\n|-damage|p2b: Terapagos|34\/100\n|cant|p1a: Groudon|flinch\n|\n|-heal|p2b: Terapagos|41\/100|[from] item: Leftovers\n|upkeep\n|turn|4\n|\n|t:|1738692164\n|switch|p2a: Rillaboom|Rillaboom, L50, M|100\/100\n|-fieldstart|move: Grassy Terrain|[from] ability: Grassy Surge|[of] p2a: Rillaboom\n|switch|p1a: Torkoal|Torkoal, L50, M|100\/100\n|-weather|SunnyDay|[from] ability: Drought|[of] p1a: Torkoal\n|-activate|p1b: Flutter Mane|ability: Protosynthesis\n|-start|p1b: Flutter Mane|protosynthesisspa\n|move|p2b: Terapagos|Tera Starstorm|p1a: Torkoal|[spread] p1a,p1b\n|-damage|p1a: Torkoal|16\/100\n|-damage|p1b: Flutter Mane|0 fnt\n|faint|p1b: Flutter Mane\n|-end|p1b: Flutter Mane|Protosynthesis|[silent]\n|\n|-weather|SunnyDay|[upkeep]\n|-heal|p2b: Terapagos|47\/100|[from] Grassy Terrain\n|-heal|p2b: Terapagos|53\/100|[from] item: Leftovers\n|-heal|p1a: Torkoal|22\/100|[from] Grassy Terrain\n|upkeep\n|\n|t:|1738692182\n|switch|p1b: Groudon|Groudon, L50|23\/100\n|turn|5\n|\n|t:|1738692200\n|move|p1a: Torkoal|Protect|p1a: Torkoal\n|-singleturn|p1a: Torkoal|Protect\n|move|p2a: Rillaboom|Fake Out|p1b: Groudon\n|-damage|p1b: Groudon|13\/100\n|move|p2b: Terapagos|Tera Starstorm|p1a: Torkoal|[spread] p1b\n|-activate|p1a: Torkoal|move: Protect\n|-damage|p1b: Groudon|0 fnt\n|faint|p1b: Groudon\n|\n|-weather|SunnyDay|[upkeep]\n|-heal|p2b: Terapagos|59\/100|[from] Grassy Terrain\n|-heal|p2b: Terapagos|65\/100|[from] item: Leftovers\n|-heal|p1a: Torkoal|28\/100|[from] Grassy Terrain\n|upkeep\n|\n|t:|1738692208\n|switch|p1b: Dragonite|Dragonite, L50, F|100\/100\n|turn|6\n|\n|t:|1738692218\n|-terastallize|p1b: Dragonite|Normal\n|move|p1b: Dragonite|Extreme Speed|p2b: Terapagos\n|-damage|p2b: Terapagos|33\/100\n|move|p2a: Rillaboom|Grassy Glide|p1b: Dragonite\n|-damage|p1b: Dragonite|84\/100\n|move|p2b: Terapagos|Tera Starstorm|p1b: Dragonite|[spread] p1a,p1b\n|-supereffective|p1b: Dragonite\n|-damage|p1a: Torkoal|0 fnt\n|-damage|p1b: Dragonite|0 fnt\n|faint|p1a: Torkoal\n|faint|p1b: Dragonite\n|\n|win|Newteamnewname\n|raw|i\u2764\u5a1c\u7984forever's rating: 1643 &rarr; <strong>1621<\/strong><br \/>(-22 for losing)\n|raw|Newteamnewname's rating: 1607 &rarr; <strong>1629<\/strong><br \/>(+22 for winning)\n|l|\u2606i\u2764\u5a1c\u7984forever\n|player|p1|\n|l|\u2606Newteamnewname\n|player|p2|\n","uploadtime":1738692450,"views":5,"formatid":"gen9vgc2025regg","rating":1621,"private":0,"password":null}