{"id":"gen9vgc2025regg-2294779209","format":"[Gen 9] VGC 2025 Reg G","players":["anotherworldVGC","MarcoHan"],"log":"|j|\u2606anotherworldVGC\n|j|\u2606MarcoHan\n|t:|1738749386\n|gametype|doubles\n|player|p1|anotherworldVGC|101|1583\n|player|p2|MarcoHan|steven|1585\n|teamsize|p1|6\n|teamsize|p2|6\n|gen|9\n|tier|[Gen 9] VGC 2025 Reg G\n|rated|\n|rule|Species Clause: Limit one of each Pok\u00e9mon\n|rule|Item Clause: Limit 1 of each item\n|clearpoke\n|poke|p1|Calyrex-Shadow, L50|\n|poke|p1|Cobalion, L50|\n|poke|p1|Tornadus, L50, M|\n|poke|p1|Urshifu-*, L50, F|\n|poke|p1|Rillaboom, L50, F|\n|poke|p1|Raging Bolt, L50|\n|poke|p2|Tyranitar, L50, M|\n|poke|p2|Calyrex-Ice, L50|\n|poke|p2|Excadrill, L50, M|\n|poke|p2|Zapdos-Galar, L50|\n|poke|p2|Amoonguss, L50, F|\n|poke|p2|Arcanine-Hisui, L50, M|\n|teampreview|4\n|inactive|Battle timer is ON: inactive players will automatically lose when time's up. (requested by MarcoHan)\n|inactive|MarcoHan has 60 seconds left.\n|\n|t:|1738749424\n|start\n|switch|p1a: Rillaboom|Rillaboom, L50, F, shiny|100\/100\n|switch|p1b: Cobalion|Cobalion, L50, shiny|100\/100\n|switch|p2a: Calyrex|Calyrex-Ice, L50|100\/100\n|switch|p2b: Amoonguss|Amoonguss, L50, F|100\/100\n|-ability|p2a: Calyrex|As One\n|-ability|p2a: Calyrex|Unnerve\n|-fieldstart|move: Grassy Terrain|[from] ability: Grassy Surge|[of] p1a: Rillaboom\n|-enditem|p1b: Cobalion|Grassy Seed\n|-boost|p1b: Cobalion|def|1|[from] item: Grassy Seed\n|turn|1\n|\n|t:|1738749443\n|move|p1b: Cobalion|Taunt|p2b: Amoonguss\n|-start|p2b: Amoonguss|move: Taunt\n|move|p1a: Rillaboom|U-turn|p2a: Calyrex\n|-supereffective|p2a: Calyrex\n|-damage|p2a: Calyrex|72\/100\n|\n|t:|1738749450\n|switch|p1a: Urshifu|Urshifu-Rapid-Strike, L50, F|100\/100|[from] U-turn\n|move|p2a: Calyrex|Glacial Lance|p1a: Urshifu|[spread] p1a,p1b\n|-resisted|p1a: Urshifu\n|-resisted|p1b: Cobalion\n|-damage|p1a: Urshifu|72\/100\n|-damage|p1b: Cobalion|89\/100\n|cant|p2b: Amoonguss|move: Taunt|Spore\n|\n|-heal|p1a: Urshifu|78\/100|[from] Grassy Terrain\n|-heal|p1b: Cobalion|95\/100|[from] Grassy Terrain\n|-heal|p2a: Calyrex|77\/100|[from] Grassy Terrain\n|upkeep\n|turn|2\n|inactive|anotherworldVGC has 30 seconds left.\n|inactive|MarcoHan has 30 seconds left.\n|inactive|MarcoHan has 20 seconds left.\n|inactive|MarcoHan has 15 seconds left.\n|\n|t:|1738749490\n|switch|p2a: Tyranitar|Tyranitar, L50, M, shiny|100\/100\n|-weather|Sandstorm|[from] ability: Sand Stream|[of] p2a: Tyranitar\n|move|p1a: Urshifu|Surging Strikes|p2a: Tyranitar\n|-supereffective|p2a: Tyranitar\n|-crit|p2a: Tyranitar\n|-damage|p2a: Tyranitar|60\/100\n|-supereffective|p2a: Tyranitar\n|-crit|p2a: Tyranitar\n|-damage|p2a: Tyranitar|15\/100\n|-supereffective|p2a: Tyranitar\n|-crit|p2a: Tyranitar\n|-damage|p2a: Tyranitar|0 fnt\n|faint|p2a: Tyranitar\n|-hitcount|p2: Tyranitar|3\n|move|p1b: Cobalion|Body Press|p2b: Amoonguss\n|-resisted|p2b: Amoonguss\n|-damage|p2b: Amoonguss|76\/100\n|-damage|p1b: Cobalion|78\/100|[from] item: Rocky Helmet|[of] p2b: Amoonguss\n|move|p2b: Amoonguss|Pollen Puff|p2: Tyranitar|[notarget]\n|-fail|p2b: Amoonguss\n|\n|-weather|Sandstorm|[upkeep]\n|-damage|p1a: Urshifu|72\/100|[from] Sandstorm\n|-damage|p2b: Amoonguss|70\/100|[from] Sandstorm\n|-heal|p1a: Urshifu|78\/100|[from] Grassy Terrain\n|-heal|p1b: Cobalion|84\/100|[from] Grassy Terrain\n|-heal|p2b: Amoonguss|76\/100|[from] Grassy Terrain\n|upkeep\n|\n|t:|1738749498\n|switch|p2a: Calyrex|Calyrex-Ice, L50|77\/100\n|-ability|p2a: Calyrex|As One\n|-ability|p2a: Calyrex|Unnerve\n|turn|3\n|\n|t:|1738749521\n|-terastallize|p2a: Calyrex|Water\n|move|p1a: Urshifu|Surging Strikes|p2a: Calyrex\n|-resisted|p2a: Calyrex\n|-crit|p2a: Calyrex\n|-damage|p2a: Calyrex|70\/100\n|-resisted|p2a: Calyrex\n|-crit|p2a: Calyrex\n|-damage|p2a: Calyrex|63\/100\n|-resisted|p2a: Calyrex\n|-crit|p2a: Calyrex\n|-damage|p2a: Calyrex|57\/100\n|-hitcount|p2a: Calyrex|3\n|move|p1b: Cobalion|Body Press|p2a: Calyrex\n|-damage|p2a: Calyrex|14\/100\n|move|p2a: Calyrex|High Horsepower|p1b: Cobalion\n|-supereffective|p1b: Cobalion\n|-damage|p1b: Cobalion|48\/100\n|move|p2b: Amoonguss|Pollen Puff|p2a: Calyrex\n|-heal|p2a: Calyrex|64\/100\n|\n|-weather|Sandstorm|[upkeep]\n|-damage|p1a: Urshifu|72\/100|[from] Sandstorm\n|-damage|p2a: Calyrex|58\/100|[from] Sandstorm\n|-damage|p2b: Amoonguss|70\/100|[from] Sandstorm\n|-heal|p1a: Urshifu|78\/100|[from] Grassy Terrain\n|-heal|p1b: Cobalion|54\/100|[from] Grassy Terrain\n|-heal|p2a: Calyrex|64\/100|[from] Grassy Terrain\n|-heal|p2b: Amoonguss|76\/100|[from] Grassy Terrain\n|-end|p2b: Amoonguss|move: Taunt\n|upkeep\n|turn|4\n|inactive|anotherworldVGC has 30 seconds left.\n|inactive|MarcoHan has 30 seconds left.\n|inactive|anotherworldVGC has 20 seconds left.\n|inactive|anotherworldVGC has 15 seconds left.\n|\n|t:|1738749561\n|-terastallize|p1a: Urshifu|Grass\n|move|p1a: Urshifu|Surging Strikes|p2a: Calyrex\n|-resisted|p2a: Calyrex\n|-crit|p2a: Calyrex\n|-damage|p2a: Calyrex|58\/100\n|-resisted|p2a: Calyrex\n|-crit|p2a: Calyrex\n|-damage|p2a: Calyrex|51\/100\n|-resisted|p2a: Calyrex\n|-crit|p2a: Calyrex\n|-damage|p2a: Calyrex|44\/100\n|-hitcount|p2a: Calyrex|3\n|move|p1b: Cobalion|Body Press|p2a: Calyrex\n|-damage|p2a: Calyrex|8\/100\n|move|p2a: Calyrex|Glacial Lance|p1b: Cobalion|[spread] p1a,p1b\n|-supereffective|p1a: Urshifu\n|-resisted|p1b: Cobalion\n|-damage|p1a: Urshifu|0 fnt\n|-damage|p1b: Cobalion|42\/100\n|faint|p1a: Urshifu\n|-ability|p2a: Calyrex|Chilling Neigh|boost\n|-boost|p2a: Calyrex|atk|1\n|move|p2b: Amoonguss|Pollen Puff|p2a: Calyrex\n|-heal|p2a: Calyrex|58\/100\n|\n|-weather|Sandstorm|[upkeep]\n|-damage|p2a: Calyrex|52\/100|[from] Sandstorm\n|-damage|p2b: Amoonguss|70\/100|[from] Sandstorm\n|-heal|p1b: Cobalion|48\/100|[from] Grassy Terrain\n|-heal|p2a: Calyrex|58\/100|[from] Grassy Terrain\n|-heal|p2b: Amoonguss|76\/100|[from] Grassy Terrain\n|upkeep\n|\n|t:|1738749575\n|switch|p1a: Calyrex|Calyrex-Shadow, L50|100\/100\n|-ability|p1a: Calyrex|As One\n|-ability|p1a: Calyrex|Unnerve\n|turn|5\n|inactive|MarcoHan has 30 seconds left.\n|inactive|MarcoHan has 20 seconds left.\n|\n|t:|1738749612\n|move|p1a: Calyrex|Protect|p1a: Calyrex\n|-singleturn|p1a: Calyrex|Protect\n|move|p1b: Cobalion|Taunt|p2b: Amoonguss\n|-start|p2b: Amoonguss|move: Taunt\n|move|p2a: Calyrex|Glacial Lance|p1a: Calyrex|[spread] p1b\n|-activate|p1a: Calyrex|move: Protect\n|-resisted|p1b: Cobalion\n|-damage|p1b: Cobalion|31\/100\n|cant|p2b: Amoonguss|move: Taunt|Spore\n|\n|-weather|Sandstorm|[upkeep]\n|-damage|p1a: Calyrex|95\/100|[from] Sandstorm\n|-damage|p2a: Calyrex|52\/100|[from] Sandstorm\n|-damage|p2b: Amoonguss|70\/100|[from] Sandstorm\n|-heal|p1a: Calyrex|100\/100|[from] Grassy Terrain\n|-heal|p1b: Cobalion|37\/100|[from] Grassy Terrain\n|-heal|p2a: Calyrex|58\/100|[from] Grassy Terrain\n|-heal|p2b: Amoonguss|76\/100|[from] Grassy Terrain\n|-fieldend|move: Grassy Terrain\n|upkeep\n|turn|6\n|inactive|MarcoHan has 30 seconds left.\n|inactive|anotherworldVGC has 30 seconds left.\n|\n|t:|1738749656\n|move|p1a: Calyrex|Astral Barrage|p2a: Calyrex|[spread] p2a,p2b\n|-damage|p2a: Calyrex|18\/100\n|-damage|p2b: Amoonguss|21\/100\n|move|p1b: Cobalion|Body Press|p2a: Calyrex\n|-damage|p2a: Calyrex|0 fnt\n|faint|p2a: Calyrex\n|move|p2b: Amoonguss|Pollen Puff|p2: Calyrex|[notarget]\n|-fail|p2b: Amoonguss\n|\n|-weather|none\n|upkeep\n|\n|t:|1738749662\n|switch|p2a: Arcanine|Arcanine-Hisui, L50, M|100\/100\n|-ability|p2a: Arcanine|Intimidate|boost\n|-unboost|p1a: Calyrex|atk|1\n|-unboost|p1b: Cobalion|atk|1\n|turn|7\n|\n|t:|1738749680\n|move|p1a: Calyrex|Astral Barrage|p2a: Arcanine|[spread] p2a,p2b\n|-damage|p2a: Arcanine|62\/100\n|-damage|p2b: Amoonguss|0 fnt\n|faint|p2b: Amoonguss\n|-ability|p1a: Calyrex|Grim Neigh|boost\n|-boost|p1a: Calyrex|spa|1\n|move|p1b: Cobalion|Body Press|p2a: Arcanine\n|-supereffective|p2a: Arcanine\n|-damage|p2a: Arcanine|0 fnt\n|faint|p2a: Arcanine\n|\n|win|anotherworldVGC\n|raw|anotherworldVGC's rating: 1583 &rarr; <strong>1603<\/strong><br \/>(+20 for winning)\n|raw|MarcoHan's rating: 1585 &rarr; <strong>1565<\/strong><br \/>(-20 for losing)\n|l|\u2606MarcoHan\n|player|p2|\n|l|\u2606anotherworldVGC\n|player|p1|\n","uploadtime":1738749845,"views":13,"formatid":"gen9vgc2025regg","rating":1565,"private":0,"password":null}