{"id":"gen9vgc2025regg-2294630846","format":"[Gen 9] VGC 2025 Reg G","players":["gthbrt","Spottedwoot"],"log":"|j|\u2606gthbrt\n|j|\u2606Spottedwoot\n|t:|1738723386\n|gametype|doubles\n|player|p1|gthbrt|guitarist|1517\n|player|p2|Spottedwoot|266|1627\n|teamsize|p1|6\n|teamsize|p2|6\n|gen|9\n|tier|[Gen 9] VGC 2025 Reg G\n|rated|\n|rule|Species Clause: Limit one of each Pok\u00e9mon\n|rule|Item Clause: Limit 1 of each item\n|clearpoke\n|poke|p1|Calyrex-Shadow, L50|\n|poke|p1|Tornadus, L50, M|\n|poke|p1|Grimmsnarl, L50, M|\n|poke|p1|Clefairy, L50, M|\n|poke|p1|Rillaboom, L50, F|\n|poke|p1|Urshifu-*, L50, F|\n|poke|p2|Miraidon, L50|\n|poke|p2|Pelipper, L50, M|\n|poke|p2|Archaludon, L50, F|\n|poke|p2|Incineroar, L50, M|\n|poke|p2|Urshifu-*, L50, F|\n|poke|p2|Landorus, L50, M|\n|teampreview|4\n|inactive|Battle timer is ON: inactive players will automatically lose when time's up. (requested by gthbrt)\n|\n|t:|1738723411\n|start\n|switch|p1a: Grimmsnarl|Grimmsnarl, L50, M|100\/100\n|switch|p1b: Calyrex|Calyrex-Shadow, L50|100\/100\n|switch|p2a: Pelipper|Pelipper, L50, M|100\/100\n|switch|p2b: Urshifu|Urshifu-Rapid-Strike, L50, F|100\/100\n|-ability|p1b: Calyrex|As One\n|-ability|p1b: Calyrex|Unnerve\n|-weather|RainDance|[from] ability: Drizzle|[of] p2a: Pelipper\n|turn|1\n|j| zzz1994000\n|\n|t:|1738723433\n|move|p1a: Grimmsnarl|Fake Out|p2b: Urshifu\n|-damage|p2b: Urshifu|89\/100\n|cant|p2b: Urshifu|flinch\n|move|p1b: Calyrex|Nasty Plot|p1b: Calyrex\n|-boost|p1b: Calyrex|spa|2\n|move|p2a: Pelipper|Tailwind|p2a: Pelipper\n|-sidestart|p2: Spottedwoot|move: Tailwind\n|\n|-weather|RainDance|[upkeep]\n|upkeep\n|turn|2\n|\n|t:|1738723443\n|-terastallize|p1b: Calyrex|Grass\n|move|p1a: Grimmsnarl|Light Screen|p1a: Grimmsnarl\n|-sidestart|p1: gthbrt|move: Light Screen\n|move|p2b: Urshifu|Surging Strikes|p1b: Calyrex\n|-resisted|p1b: Calyrex\n|-crit|p1b: Calyrex\n|-damage|p1b: Calyrex|87\/100\n|-resisted|p1b: Calyrex\n|-crit|p1b: Calyrex\n|-damage|p1b: Calyrex|74\/100\n|-resisted|p1b: Calyrex\n|-crit|p1b: Calyrex\n|-damage|p1b: Calyrex|62\/100\n|-hitcount|p1b: Calyrex|3\n|move|p2a: Pelipper|Weather Ball|p1a: Grimmsnarl\n|-damage|p1a: Grimmsnarl|63\/100\n|move|p1b: Calyrex|Giga Drain|p2b: Urshifu\n|-supereffective|p2b: Urshifu\n|-damage|p2b: Urshifu|0 fnt\n|-heal|p1b: Calyrex|100\/100|[from] drain|[of] p2b: Urshifu\n|faint|p2b: Urshifu\n|-ability|p1b: Calyrex|Grim Neigh|boost\n|-boost|p1b: Calyrex|spa|1\n|\n|-weather|RainDance|[upkeep]\n|upkeep\n|\n|t:|1738723450\n|switch|p2b: Miraidon|Miraidon, L50|100\/100\n|-fieldstart|move: Electric Terrain|[from] ability: Hadron Engine|[of] p2b: Miraidon\n|turn|3\n|\n|t:|1738723467\n|-terastallize|p2b: Miraidon|Fairy\n|move|p1b: Calyrex|Protect|p1b: Calyrex\n|-singleturn|p1b: Calyrex|Protect\n|move|p1a: Grimmsnarl|Parting Shot|p2b: Miraidon\n|-unboost|p2b: Miraidon|atk|1\n|-unboost|p2b: Miraidon|spa|1\n|\n|t:|1738723473\n|switch|p1a: Clefairy|Clefairy, L50, M|100\/100|[from] Parting Shot\n|move|p2b: Miraidon|Dazzling Gleam|p1b: Calyrex|[spread] p1a\n|-activate|p1b: Calyrex|move: Protect\n|-damage|p1a: Clefairy|78\/100\n|move|p2a: Pelipper|Hurricane|p1b: Calyrex\n|-activate|p1b: Calyrex|move: Protect\n|\n|-weather|RainDance|[upkeep]\n|upkeep\n|turn|4\n|\n|t:|1738723481\n|move|p1a: Clefairy|Follow Me|p1a: Clefairy\n|-singleturn|p1a: Clefairy|move: Follow Me\n|move|p2b: Miraidon|Dazzling Gleam|p1a: Clefairy|[spread] p1a,p1b\n|-damage|p1a: Clefairy|54\/100\n|-damage|p1b: Calyrex|82\/100\n|move|p2a: Pelipper|Hurricane|p1a: Clefairy\n|-damage|p1a: Clefairy|30\/100\n|move|p1b: Calyrex|Giga Drain|p2b: Miraidon\n|-damage|p2b: Miraidon|3\/100\n|-heal|p1b: Calyrex|100\/100|[from] drain|[of] p2b: Miraidon\n|\n|-weather|RainDance|[upkeep]\n|-sideend|p2: Spottedwoot|move: Tailwind\n|upkeep\n|turn|5\n|\n|t:|1738723490\n|move|p1a: Clefairy|Follow Me|p1a: Clefairy\n|-singleturn|p1a: Clefairy|move: Follow Me\n|move|p2b: Miraidon|Dazzling Gleam|p1b: Calyrex|[spread] p1a,p1b\n|-damage|p1a: Clefairy|5\/100\n|-damage|p1b: Calyrex|81\/100\n|move|p1b: Calyrex|Giga Drain|p2a: Pelipper\n|-enditem|p2a: Pelipper|Focus Sash\n|-damage|p2a: Pelipper|1\/100\n|-heal|p1b: Calyrex|100\/100|[from] drain|[of] p2a: Pelipper\n|move|p2a: Pelipper|Hurricane|p1a: Clefairy\n|-damage|p1a: Clefairy|0 fnt\n|faint|p1a: Clefairy\n|\n|-weather|none\n|upkeep\n|l| zzz1994000\n|\n|t:|1738723499\n|switch|p1a: Grimmsnarl|Grimmsnarl, L50, M|63\/100\n|turn|6\n|\n|t:|1738723505\n|move|p1a: Grimmsnarl|Fake Out|p2a: Pelipper\n|-damage|p2a: Pelipper|0 fnt\n|faint|p2a: Pelipper\n|move|p2b: Miraidon|Dazzling Gleam|p1a: Grimmsnarl|[spread] p1a,p1b\n|-supereffective|p1a: Grimmsnarl\n|-damage|p1a: Grimmsnarl|7\/100\n|-damage|p1b: Calyrex|78\/100\n|move|p1b: Calyrex|Giga Drain|p2b: Miraidon\n|-crit|p2b: Miraidon\n|-damage|p2b: Miraidon|0 fnt\n|-heal|p1b: Calyrex|79\/100|[from] drain|[of] p2b: Miraidon\n|faint|p2b: Miraidon\n|-ability|p1b: Calyrex|Grim Neigh|boost\n|-boost|p1b: Calyrex|spa|1\n|\n|-heal|p1b: Calyrex|85\/100|[from] item: Leftovers\n|upkeep\n|-message|Spottedwoot forfeited.\n|\n|win|gthbrt\n|raw|gthbrt's rating: 1517 &rarr; <strong>1543<\/strong><br \/>(+26 for winning)\n|raw|Spottedwoot's rating: 1627 &rarr; <strong>1601<\/strong><br \/>(-26 for losing)\n","uploadtime":1738723512,"views":15,"formatid":"gen9vgc2025regg","rating":1543,"private":0,"password":null}