{"id":"gen9vgc2025regg-2294615134","format":"[Gen 9] VGC 2025 Reg G","players":["GubbsVGC","xiaobengou123"],"log":"|j|\u2606GubbsVGC\n|j|\u2606xiaobengou123\n|t:|1738721342\n|gametype|doubles\n|player|p1|GubbsVGC|102|1571\n|player|p2|xiaobengou123|twins-gen4dp|1611\n|teamsize|p1|6\n|teamsize|p2|6\n|gen|9\n|tier|[Gen 9] VGC 2025 Reg G\n|rated|\n|rule|Species Clause: Limit one of each Pok\u00e9mon\n|rule|Item Clause: Limit 1 of each item\n|clearpoke\n|poke|p1|Dialga-Origin, L50|\n|poke|p1|Murkrow, L50, M|\n|poke|p1|Pelipper, L50, F|\n|poke|p1|Iron Hands, L50|\n|poke|p1|Ursaluna, L50, M|\n|poke|p1|Volcarona, L50, M|\n|poke|p2|Calyrex-Ice, L50|\n|poke|p2|Incineroar, L50, F|\n|poke|p2|Ogerpon-Cornerstone, L50, F|\n|poke|p2|Urshifu-*, L50, M|\n|poke|p2|Indeedee-F, L50, F|\n|poke|p2|Raging Bolt, L50|\n|teampreview|4\n|inactive|Battle timer is ON: inactive players will automatically lose when time's up. (requested by GubbsVGC)\n|inactive|GubbsVGC has 60 seconds left.\n|inactive|GubbsVGC has 30 seconds left.\n|inactive|GubbsVGC has 20 seconds left.\n|inactive|GubbsVGC has 15 seconds left.\n|inactive|GubbsVGC has 10 seconds left.\n|inactive|GubbsVGC has 5 seconds left.\n|\n|t:|1738721433\n|start\n|switch|p1a: Volcarona|Volcarona, L50, M|100\/100\n|switch|p1b: Dialga|Dialga-Origin, L50|100\/100\n|switch|p2a: Calyrex|Calyrex-Ice, L50|100\/100\n|switch|p2b: Incineroar|Incineroar, L50, F|100\/100\n|-ability|p2a: Calyrex|As One\n|-ability|p2a: Calyrex|Unnerve\n|-ability|p2b: Incineroar|Intimidate|boost\n|-unboost|p1a: Volcarona|atk|1\n|-unboost|p1b: Dialga|atk|1\n|turn|1\n|inactive|GubbsVGC has 30 seconds left.\n|inactive|xiaobengou123 has 30 seconds left.\n|\n|t:|1738721465\n|switch|p1b: Iron Hands|Iron Hands, L50|100\/100\n|switch|p2a: Indeedee|Indeedee-F, L50, F|100\/100\n|-fieldstart|move: Psychic Terrain|[from] ability: Psychic Surge|[of] p2a: Indeedee\n|move|p1a: Volcarona|Heat Wave|p2a: Indeedee|[spread] p2a,p2b\n|-crit|p2a: Indeedee\n|-resisted|p2b: Incineroar\n|-damage|p2a: Indeedee|46\/100\n|-damage|p2b: Incineroar|84\/100\n|move|p2b: Incineroar|Parting Shot|p1b: Iron Hands\n|-unboost|p1b: Iron Hands|atk|1\n|-unboost|p1b: Iron Hands|spa|1\n|\n|t:|1738721477\n|switch|p2b: Urshifu|Urshifu-Rapid-Strike, L50, M|100\/100|[from] Parting Shot\n|\n|upkeep\n|turn|2\n|inactive|GubbsVGC has 30 seconds left.\n|\n|t:|1738721505\n|switch|p1a: Dialga|Dialga-Origin, L50|100\/100\n|switch|p2a: Incineroar|Incineroar, L50, F|84\/100\n|-ability|p2a: Incineroar|Intimidate|boost\n|-unboost|p1a: Dialga|atk|1\n|-unboost|p1b: Iron Hands|atk|1\n|move|p2b: Urshifu|Surging Strikes|p1a: Dialga\n|-resisted|p1a: Dialga\n|-crit|p1a: Dialga\n|-damage|p1a: Dialga|93\/100\n|-resisted|p1a: Dialga\n|-crit|p1a: Dialga\n|-damage|p1a: Dialga|85\/100\n|-resisted|p1a: Dialga\n|-crit|p1a: Dialga\n|-damage|p1a: Dialga|76\/100\n|-hitcount|p1a: Dialga|3\n|move|p1b: Iron Hands|Wild Charge|p2b: Urshifu\n|-supereffective|p2b: Urshifu\n|-damage|p2b: Urshifu|48\/100\n|-damage|p1b: Iron Hands|91\/100|[from] Recoil\n|\n|upkeep\n|turn|3\n|inactive|GubbsVGC has 30 seconds left.\n|inactive|xiaobengou123 has 30 seconds left.\n|\n|t:|1738721539\n|switch|p1a: Volcarona|Volcarona, L50, M|100\/100\n|move|p2b: Urshifu|Close Combat|p1a: Volcarona\n|-resisted|p1a: Volcarona\n|-damage|p1a: Volcarona|61\/100\n|-unboost|p2b: Urshifu|def|1\n|-unboost|p2b: Urshifu|spd|1\n|-damage|p2b: Urshifu|32\/100|[from] item: Rocky Helmet|[of] p1a: Volcarona\n|move|p2a: Incineroar|Will-O-Wisp|p1b: Iron Hands\n|-status|p1b: Iron Hands|brn\n|move|p1b: Iron Hands|Volt Switch|p2b: Urshifu\n|-supereffective|p2b: Urshifu\n|-damage|p2b: Urshifu|0 fnt\n|faint|p2b: Urshifu\n|\n|t:|1738721557\n|-end|p1b: Iron Hands|Quark Drive|[silent]\n|switch|p1b: Ursaluna|Ursaluna, L50, M|100\/100|[from] Volt Switch\n|\n|-status|p1b: Ursaluna|brn|[from] item: Flame Orb\n|upkeep\n|\n|t:|1738721562\n|switch|p2b: Calyrex|Calyrex-Ice, L50|100\/100\n|-ability|p2b: Calyrex|As One\n|-ability|p2b: Calyrex|Unnerve\n|turn|4\n|inactive|GubbsVGC has 30 seconds left.\n|\n|t:|1738721591\n|switch|p1a: Dialga|Dialga-Origin, L50|76\/100\n|switch|p2a: Indeedee|Indeedee-F, L50, F|46\/100\n|-terastallize|p1b: Ursaluna|Water\n|-terastallize|p2b: Calyrex|Fairy\n|move|p1b: Ursaluna|Earthquake|p2b: Calyrex|[spread] p2a,p2b\n|-activate|p1a: Dialga|ability: Telepathy\n|-damage|p2a: Indeedee|0 fnt\n|-damage|p2b: Calyrex|60\/100\n|faint|p2a: Indeedee\n|move|p2b: Calyrex|Trick Room|p2b: Calyrex\n|-fieldstart|move: Trick Room|[of] p2b: Calyrex\n|\n|-damage|p1b: Ursaluna|95\/100 brn|[from] brn\n|upkeep\n|\n|t:|1738721604\n|switch|p2a: Incineroar|Incineroar, L50, F|84\/100\n|-ability|p2a: Incineroar|Intimidate|boost\n|-unboost|p1a: Dialga|atk|1\n|-unboost|p1b: Ursaluna|atk|1\n|turn|5\n|inactive|GubbsVGC has 30 seconds left.\n|inactive|GubbsVGC has 20 seconds left.\n|j| nico R0b1N\n|\n|t:|1738721642\n|move|p2a: Incineroar|Parting Shot|p1b: Ursaluna\n|-unboost|p1b: Ursaluna|atk|1\n|-unboost|p1b: Ursaluna|spa|1\n|move|p2b: Calyrex|Glacial Lance|p1b: Ursaluna|[spread] p1a,p1b\n|-resisted|p1b: Ursaluna\n|-damage|p1a: Dialga|21\/100\n|-damage|p1b: Ursaluna|68\/100 brn\n|move|p1b: Ursaluna|Earthquake|p2a: Incineroar|[spread] p2a,p2b\n|-activate|p1a: Dialga|ability: Telepathy\n|-supereffective|p2a: Incineroar\n|-damage|p2a: Incineroar|41\/100\n|-damage|p2b: Calyrex|41\/100\n|move|p1a: Dialga|Flash Cannon|p2b: Calyrex\n|-supereffective|p2b: Calyrex\n|-damage|p2b: Calyrex|0 fnt\n|faint|p2b: Calyrex\n|\n|-damage|p1b: Ursaluna|63\/100 brn|[from] brn\n|-fieldend|move: Psychic Terrain\n|upkeep\n|turn|6\n|-message|xiaobengou123 forfeited.\n|\n|win|GubbsVGC\n|raw|GubbsVGC's rating: 1571 &rarr; <strong>1593<\/strong><br \/>(+22 for winning)\n|raw|xiaobengou123's rating: 1611 &rarr; <strong>1589<\/strong><br \/>(-22 for losing)\n|l|\u2606xiaobengou123\n|player|p2|\n|l|\u2606GubbsVGC\n|player|p1|\n|j| bidoofutopia\n|l| bidoofutopia\n|l| nico R0b1N\n","uploadtime":1738721875,"views":6,"formatid":"gen9vgc2025regg","rating":1589,"private":0,"password":null}