{"id":"gen9vgc2025regg-2294317672","format":"[Gen 9] VGC 2025 Reg G","players":["Futomaki0610","koji muranishi"],"log":"|j|\u2606Futomaki0610\n|j|\u2606koji muranishi\n|t:|1738688860\n|gametype|doubles\n|player|p1|Futomaki0610|dawn|1678\n|player|p2|koji muranishi|102|1751\n|teamsize|p1|6\n|teamsize|p2|6\n|gen|9\n|tier|[Gen 9] VGC 2025 Reg G\n|rated|\n|rule|Species Clause: Limit one of each Pok\u00e9mon\n|rule|Item Clause: Limit 1 of each item\n|clearpoke\n|poke|p1|Kyogre, L50|\n|poke|p1|Tornadus, L50, M|\n|poke|p1|Dondozo, L50, F|\n|poke|p1|Tatsugiri-Droopy, L50, F|\n|poke|p1|Chien-Pao, L50|\n|poke|p1|Dragonite, L50, M|\n|poke|p2|Whimsicott, L50, F|\n|poke|p2|Calyrex-Ice, L50|\n|poke|p2|Urshifu-*, L50, M|\n|poke|p2|Entei, L50|\n|poke|p2|Raging Bolt, L50|\n|poke|p2|Landorus, L50, M|\n|teampreview|4\n|inactive|Battle timer is ON: inactive players will automatically lose when time's up. (requested by koji muranishi)\n|inactive|koji muranishi has 60 seconds left.\n|\n|t:|1738688913\n|start\n|switch|p1a: Kyogre|Kyogre, L50|100\/100\n|switch|p1b: Tornadus|Tornadus, L50, M|100\/100\n|switch|p2a: Raging Bolt|Raging Bolt, L50|100\/100\n|switch|p2b: Urshifu|Urshifu-Rapid-Strike, L50, M|100\/100\n|-weather|RainDance|[from] ability: Drizzle|[of] p1a: Kyogre\n|-enditem|p2a: Raging Bolt|Booster Energy\n|-activate|p2a: Raging Bolt|ability: Protosynthesis|[fromitem]\n|-start|p2a: Raging Bolt|protosynthesisspa\n|turn|1\n|inactive|Futomaki0610 has 30 seconds left.\n|inactive|Futomaki0610 has 20 seconds left.\n|\n|t:|1738688952\n|move|p1b: Tornadus|Tailwind|p1b: Tornadus\n|-sidestart|p1: Futomaki0610|move: Tailwind\n|move|p2a: Raging Bolt|Thunderclap|p1a: Kyogre\n|-supereffective|p1a: Kyogre\n|-damage|p1a: Kyogre|23\/100\n|move|p1a: Kyogre|Origin Pulse|p2b: Urshifu|[spread] p2a,p2b\n|-resisted|p2a: Raging Bolt\n|-crit|p2a: Raging Bolt\n|-resisted|p2b: Urshifu\n|-damage|p2a: Raging Bolt|35\/100\n|-damage|p2b: Urshifu|23\/100\n|move|p2b: Urshifu|Surging Strikes|p1b: Tornadus\n|-crit|p1b: Tornadus\n|-damage|p1b: Tornadus|64\/100\n|-crit|p1b: Tornadus\n|-damage|p1b: Tornadus|26\/100\n|-crit|p1b: Tornadus\n|-damage|p1b: Tornadus|0 fnt\n|faint|p1b: Tornadus\n|-hitcount|p1: Tornadus|3\n|\n|-weather|RainDance|[upkeep]\n|upkeep\n|\n|t:|1738688961\n|switch|p1b: Dondozo|Dondozo, L50, F|100\/100\n|turn|2\n|\n|t:|1738688983\n|switch|p1a: Tatsugiri|Tatsugiri-Droopy, L50, F|100\/100\n|-activate|p1a: Tatsugiri|ability: Commander|[of] p1b: Dondozo\n|-boost|p1b: Dondozo|atk|2\n|-boost|p1b: Dondozo|spa|2\n|-boost|p1b: Dondozo|spe|2\n|-boost|p1b: Dondozo|def|2\n|-boost|p1b: Dondozo|spd|2\n|switch|p2b: Whimsicott|Whimsicott, L50, F|100\/100\n|-terastallize|p1b: Dondozo|Fairy\n|move|p2a: Raging Bolt|Protect|p2a: Raging Bolt\n|-singleturn|p2a: Raging Bolt|Protect\n|move|p1b: Dondozo|Order Up|p2a: Raging Bolt\n|-activate|p2a: Raging Bolt|move: Protect\n|\n|-weather|RainDance|[upkeep]\n|upkeep\n|turn|3\n|inactive|koji muranishi has 30 seconds left.\n|inactive|koji muranishi has 20 seconds left.\n|inactive|koji muranishi has 15 seconds left.\n|inactive|koji muranishi has 10 seconds left.\n|\n|t:|1738689032\n|move|p2a: Raging Bolt|Thunderclap|p1b: Dondozo\n|-damage|p1b: Dondozo|74\/100\n|move|p1b: Dondozo|Order Up|p2a: Raging Bolt\n|-supereffective|p2a: Raging Bolt\n|-damage|p2a: Raging Bolt|0 fnt\n|faint|p2a: Raging Bolt\n|-end|p2a: Raging Bolt|Protosynthesis|[silent]\n|-boost|p1b: Dondozo|def|1\n|move|p2b: Whimsicott|Moonblast|p1b: Dondozo\n|-damage|p1b: Dondozo|53\/100\n|\n|-weather|RainDance|[upkeep]\n|-heal|p1b: Dondozo|59\/100|[from] item: Leftovers\n|upkeep\n|\n|t:|1738689046\n|switch|p2a: Calyrex|Calyrex-Ice, L50|100\/100\n|-ability|p2a: Calyrex|As One\n|-ability|p2a: Calyrex|Unnerve\n|turn|4\n|\n|t:|1738689058\n|-terastallize|p2a: Calyrex|Ice\n|move|p1b: Dondozo|Order Up|p2a: Calyrex\n|-damage|p2a: Calyrex|75\/100\n|-boost|p1b: Dondozo|def|1\n|move|p2b: Whimsicott|Moonblast|p1b: Dondozo\n|-damage|p1b: Dondozo|40\/100\n|move|p2a: Calyrex|Glacial Lance|p1b: Dondozo|[spread] p1b\n|-miss|p2a: Calyrex|p1a: Tatsugiri\n|-crit|p1b: Dondozo\n|-damage|p1b: Dondozo|0 fnt\n|faint|p1b: Dondozo\n|-ability|p2a: Calyrex|Chilling Neigh|boost\n|-boost|p2a: Calyrex|atk|1\n|\n|-weather|RainDance|[upkeep]\n|-sideend|p1: Futomaki0610|move: Tailwind\n|upkeep\n|\n|t:|1738689062\n|switch|p1b: Kyogre|Kyogre, L50|23\/100\n|turn|5\n|\n|t:|1738689079\n|move|p2b: Whimsicott|Tailwind|p2b: Whimsicott\n|-sidestart|p2: koji muranishi|move: Tailwind\n|move|p2a: Calyrex|Glacial Lance|p1a: Tatsugiri|[spread] p1a,p1b\n|-resisted|p1b: Kyogre\n|-damage|p1a: Tatsugiri|0 fnt\n|-damage|p1b: Kyogre|0 fnt\n|faint|p1a: Tatsugiri\n|faint|p1b: Kyogre\n|\n|win|koji muranishi\n|raw|Futomaki0610's rating: 1678 &rarr; <strong>1662<\/strong><br \/>(-16 for losing)\n|raw|koji muranishi's rating: 1751 &rarr; <strong>1767<\/strong><br \/>(+16 for winning)\n|l|\u2606Futomaki0610\n|player|p1|\n|l|\u2606koji muranishi\n|player|p2|\n","uploadtime":1738689259,"views":17,"formatid":"gen9vgc2025regg","rating":1662,"private":0,"password":null}