{"id":"gen9vgc2025regg-2294392043","format":"[Gen 9] VGC 2025 Reg G","players":["gotakeabath","Marco con Fissure"],"log":"|j|\u2606gotakeabath\n|j|\u2606Marco con Fissure\n|t:|1738695960\n|gametype|doubles\n|player|p1|gotakeabath|grimsley-masters|1575\n|player|p2|Marco con Fissure|biker-gen4|1667\n|teamsize|p1|6\n|teamsize|p2|6\n|gen|9\n|tier|[Gen 9] VGC 2025 Reg G\n|rated|\n|rule|Species Clause: Limit one of each Pok\u00e9mon\n|rule|Item Clause: Limit 1 of each item\n|clearpoke\n|poke|p1|Calyrex-Shadow, L50|\n|poke|p1|Urshifu-*, L50, F|\n|poke|p1|Indeedee-F, L50, F|\n|poke|p1|Ogerpon-Hearthflame, L50, F|\n|poke|p1|Whimsicott, L50, F|\n|poke|p1|Regieleki, L50|\n|poke|p2|Calyrex-Ice, L50|\n|poke|p2|Urshifu-*, L50, M|\n|poke|p2|Raging Bolt, L50|\n|poke|p2|Roaring Moon, L50|\n|poke|p2|Amoonguss, L50, F|\n|poke|p2|Ogerpon-Hearthflame, L50, F|\n|teampreview|4\n|inactive|Battle timer is ON: inactive players will automatically lose when time's up. (requested by gotakeabath)\n|j| bluestraggler02\n|inactive|gotakeabath has 60 seconds left.\n|inactive|Marco con Fissure has 60 seconds left.\n|j| 413XPlayz\n|inactive|Marco con Fissure has 30 seconds left.\n|j| kiabu233\n|inactive|gotakeabath has 30 seconds left.\n|\n|t:|1738696034\n|start\n|switch|p1a: Regieleki|Regieleki, L50, shiny|100\/100\n|switch|p1b: Indeedee|Indeedee-F, L50, F|100\/100\n|switch|p2a: Calyrex|Calyrex-Ice, L50|100\/100\n|switch|p2b: Raging Bolt|Raging Bolt, L50|100\/100\n|-ability|p2a: Calyrex|As One\n|-ability|p2a: Calyrex|Unnerve\n|-fieldstart|move: Psychic Terrain|[from] ability: Psychic Surge|[of] p1b: Indeedee\n|turn|1\n|\n|t:|1738696052\n|move|p1a: Regieleki|Volt Switch|p2a: Calyrex\n|-damage|p2a: Calyrex|60\/100\n|\n|t:|1738696055\n|switch|p1a: Ogerpon|Ogerpon-Hearthflame, L50, F|100\/100|[from] Volt Switch\n|-ability|p1a: Ogerpon|Mold Breaker\n|move|p1b: Indeedee|Imprison|p1b: Indeedee\n|-start|p1b: Indeedee|move: Imprison\n|move|p2b: Raging Bolt|Thunderbolt|p1b: Indeedee\n|-damage|p1b: Indeedee|45\/100\n|cant|p2a: Calyrex|move: Imprison|Trick Room\n|\n|upkeep\n|turn|2\n|inactive|gotakeabath has 30 seconds left.\n|\n|t:|1738696084\n|-terastallize|p2a: Calyrex|Poison\n|move|p1b: Indeedee|Helping Hand|p1a: Ogerpon\n|-singleturn|p1a: Ogerpon|Helping Hand|[of] p1b: Indeedee\n|move|p1a: Ogerpon|Ivy Cudgel|p2b: Raging Bolt|[anim] Ivy Cudgel Fire\n|-resisted|p2b: Raging Bolt\n|-damage|p2b: Raging Bolt|66\/100\n|move|p2b: Raging Bolt|Draco Meteor|p1a: Ogerpon|[miss]\n|-miss|p2b: Raging Bolt|p1a: Ogerpon\n|move|p2a: Calyrex|Glacial Lance|p1b: Indeedee|[spread] p1a,p1b\n|-damage|p1a: Ogerpon|38\/100\n|-damage|p1b: Indeedee|0 fnt\n|faint|p1b: Indeedee\n|-ability|p2a: Calyrex|Chilling Neigh|boost\n|-boost|p2a: Calyrex|atk|1\n|\n|upkeep\n|\n|t:|1738696088\n|switch|p1b: Calyrex|Calyrex-Shadow, L50|100\/100\n|-ability|p1b: Calyrex|As One\n|-ability|p1b: Calyrex|Unnerve\n|turn|3\n|inactive|Marco con Fissure has 30 seconds left.\n|\n|t:|1738696122\n|switch|p2a: Roaring Moon|Roaring Moon, L50|100\/100\n|-enditem|p2a: Roaring Moon|Booster Energy\n|-activate|p2a: Roaring Moon|ability: Protosynthesis|[fromitem]\n|-start|p2a: Roaring Moon|protosynthesisspe\n|-terastallize|p1a: Ogerpon|Fire\n|detailschange|p1a: Ogerpon|Ogerpon-Hearthflame-Tera, L50, F, tera:Fire\n|-ability|p1a: Ogerpon|Embody Aspect (Hearthflame)|boost\n|-boost|p1a: Ogerpon|atk|1\n|move|p1b: Calyrex|Expanding Force|p2a: Roaring Moon|[spread] p2b\n|-immune|p2a: Roaring Moon\n|-damage|p2b: Raging Bolt|28\/100\n|move|p1a: Ogerpon|Ivy Cudgel|p2b: Raging Bolt|[anim] Ivy Cudgel Fire\n|-resisted|p2b: Raging Bolt\n|-damage|p2b: Raging Bolt|0 fnt\n|faint|p2b: Raging Bolt\n|-end|p2b: Raging Bolt|Protosynthesis|[silent]\n|\n|upkeep\n|inactive|Marco con Fissure has 30 seconds left.\n|\n|t:|1738696156\n|switch|p2b: Amoonguss|Amoonguss, L50, F|100\/100\n|turn|4\n|inactive|gotakeabath has 30 seconds left.\n|inactive|Marco con Fissure has 30 seconds left.\n|\n|t:|1738696189\n|move|p2a: Roaring Moon|Acrobatics|p1a: Ogerpon\n|-damage|p1a: Ogerpon|0 fnt\n|faint|p1a: Ogerpon\n|move|p1b: Calyrex|Expanding Force|p2b: Amoonguss|[spread] p2b\n|-immune|p2a: Roaring Moon\n|-supereffective|p2b: Amoonguss\n|-damage|p2b: Amoonguss|0 fnt\n|faint|p2b: Amoonguss\n|-ability|p1b: Calyrex|Grim Neigh|boost\n|-boost|p1b: Calyrex|spa|1\n|\n|upkeep\n|\n|t:|1738696196\n|switch|p1a: Regieleki|Regieleki, L50, shiny|100\/100\n|switch|p2b: Calyrex|Calyrex-Ice, L50, tera:Poison|60\/100\n|-ability|p2b: Calyrex|As One\n|-ability|p2b: Calyrex|Unnerve\n|turn|5\n|\n|t:|1738696211\n|move|p1a: Regieleki|Electroweb|p2a: Roaring Moon|[spread] p2a,p2b\n|-resisted|p2a: Roaring Moon\n|-damage|p2a: Roaring Moon|83\/100\n|-damage|p2b: Calyrex|36\/100\n|-unboost|p2a: Roaring Moon|spe|1\n|move|p1b: Calyrex|Astral Barrage|p2b: Calyrex|[spread] p2a,p2b\n|-resisted|p2a: Roaring Moon\n|-damage|p2a: Roaring Moon|45\/100\n|-damage|p2b: Calyrex|0 fnt\n|faint|p2b: Calyrex\n|-ability|p1b: Calyrex|Grim Neigh|boost\n|-boost|p1b: Calyrex|spa|1\n|move|p2a: Roaring Moon|Knock Off|p1b: Calyrex\n|-supereffective|p1b: Calyrex\n|-enditem|p1b: Calyrex|Focus Sash\n|-damage|p1b: Calyrex|1\/100\n|\n|-fieldend|move: Psychic Terrain\n|upkeep\n|turn|6\n|-message|Marco con Fissure forfeited.\n|\n|win|gotakeabath\n|raw|gotakeabath's rating: 1575 &rarr; <strong>1600<\/strong><br \/>(+25 for winning)\n|raw|Marco con Fissure's rating: 1667 &rarr; <strong>1642<\/strong><br \/>(-25 for losing)\n|l|\u2606Marco con Fissure\n|player|p2|\n|l| bluestraggler02\n|l| kiabu233\n","uploadtime":1738696476,"views":11,"formatid":"gen9vgc2025regg","rating":1600,"private":0,"password":null}