{"id":"gen9vgc2025regg-2294144217","format":"[Gen 9] VGC 2025 Reg G","players":["MTcxing","BlvckTheGamer"],"log":"|j|\u2606MTcxing\n|j|\u2606BlvckTheGamer\n|t:|1738668453\n|gametype|doubles\n|player|p1|MTcxing|drayden|1602\n|player|p2|BlvckTheGamer|265|1578\n|teamsize|p1|6\n|teamsize|p2|6\n|gen|9\n|tier|[Gen 9] VGC 2025 Reg G\n|rated|\n|rule|Species Clause: Limit one of each Pok\u00e9mon\n|rule|Item Clause: Limit 1 of each item\n|clearpoke\n|poke|p1|Calyrex-Ice, L50|\n|poke|p1|Urshifu-*, L50, M|\n|poke|p1|Rillaboom, L50, M|\n|poke|p1|Pelipper, L50, F|\n|poke|p1|Landorus, L50, M|\n|poke|p1|Amoonguss, L50, M|\n|poke|p2|Kyogre, L50|\n|poke|p2|Iron Crown, L50|\n|poke|p2|Indeedee-F, L50, F|\n|poke|p2|Amoonguss, L50, F|\n|poke|p2|Tornadus, L50, M|\n|poke|p2|Urshifu-*, L50, F|\n|teampreview|4\n|inactive|Battle timer is ON: inactive players will automatically lose when time's up. (requested by MTcxing)\n|inactive|MTcxing has 60 seconds left.\n|inactive|BlvckTheGamer has 60 seconds left.\n|inactive|MTcxing has 30 seconds left.\n|inactive|MTcxing has 20 seconds left.\n|\n|t:|1738668525\n|start\n|switch|p1a: Calyrex|Calyrex-Ice, L50|100\/100\n|switch|p1b: Amoonguss|Amoonguss, L50, M|100\/100\n|switch|p2a: Urshifu|Urshifu, L50, F|100\/100\n|switch|p2b: Kyogre|Kyogre, L50|100\/100\n|-ability|p1a: Calyrex|As One\n|-ability|p1a: Calyrex|Unnerve\n|-weather|RainDance|[from] ability: Drizzle|[of] p2b: Kyogre\n|turn|1\n|inactive|BlvckTheGamer has 30 seconds left.\n|\n|t:|1738668550\n|-terastallize|p1a: Calyrex|Water\n|move|p2a: Urshifu|Wicked Blow|p1b: Amoonguss\n|-crit|p1b: Amoonguss\n|-damage|p1b: Amoonguss|53\/100\n|move|p2b: Kyogre|Ice Beam|p1b: Amoonguss\n|-supereffective|p1b: Amoonguss\n|-damage|p1b: Amoonguss|0 fnt\n|faint|p1b: Amoonguss\n|move|p1a: Calyrex|Glacial Lance|p2b: Kyogre|[spread] p2a,p2b\n|-resisted|p2b: Kyogre\n|-damage|p2a: Urshifu|41\/100\n|-damage|p2b: Kyogre|71\/100\n|\n|-weather|RainDance|[upkeep]\n|upkeep\n|\n|t:|1738668563\n|switch|p1b: Rillaboom|Rillaboom, L50, M|100\/100\n|-fieldstart|move: Grassy Terrain|[from] ability: Grassy Surge|[of] p1b: Rillaboom\n|turn|2\n|j| bluestraggler02\n|\n|t:|1738668583\n|switch|p2a: Indeedee|Indeedee-F, L50, F|100\/100\n|-fieldstart|move: Psychic Terrain|[from] ability: Psychic Surge|[of] p2a: Indeedee\n|move|p1b: Rillaboom|Fake Out|p2b: Kyogre\n|-activate|p2b: Kyogre|move: Psychic Terrain\n|move|p2b: Kyogre|Thunder|p1a: Calyrex\n|-supereffective|p1a: Calyrex\n|-damage|p1a: Calyrex|41\/100\n|move|p1a: Calyrex|Glacial Lance|p2a: Indeedee|[spread] p2a,p2b\n|-resisted|p2b: Kyogre\n|-damage|p2a: Indeedee|32\/100\n|-damage|p2b: Kyogre|41\/100\n|\n|-weather|RainDance|[upkeep]\n|upkeep\n|turn|3\n|\n|t:|1738668606\n|move|p1a: Calyrex|Protect|p1a: Calyrex\n|-singleturn|p1a: Calyrex|Protect\n|move|p2a: Indeedee|Follow Me|p2a: Indeedee\n|-singleturn|p2a: Indeedee|move: Follow Me\n|move|p2b: Kyogre|Origin Pulse|p1a: Calyrex|[spread] p1b\n|-activate|p1a: Calyrex|move: Protect\n|-resisted|p1b: Rillaboom\n|-damage|p1b: Rillaboom|77\/100\n|move|p1b: Rillaboom|U-turn|p2a: Indeedee\n|-supereffective|p2a: Indeedee\n|-damage|p2a: Indeedee|0 fnt\n|faint|p2a: Indeedee\n|\n|t:|1738668618\n|switch|p1b: Urshifu|Urshifu-Rapid-Strike, L50, M|100\/100|[from] U-turn\n|\n|-weather|RainDance|[upkeep]\n|upkeep\n|\n|t:|1738668626\n|switch|p2a: Amoonguss|Amoonguss, L50, F|100\/100\n|turn|4\n|inactive|MTcxing has 30 seconds left.\n|inactive|MTcxing has 20 seconds left.\n|j| zdmszrj\n|inactive|MTcxing has 15 seconds left.\n|\n|t:|1738668668\n|switch|p1a: Rillaboom|Rillaboom, L50, M|77\/100\n|-fieldstart|move: Grassy Terrain|[from] ability: Grassy Surge|[of] p1a: Rillaboom\n|move|p2a: Amoonguss|Rage Powder|p2a: Amoonguss\n|-singleturn|p2a: Amoonguss|move: Rage Powder\n|move|p1b: Urshifu|Surging Strikes|p2a: Amoonguss\n|-resisted|p2a: Amoonguss\n|-crit|p2a: Amoonguss\n|-damage|p2a: Amoonguss|85\/100\n|-damage|p1b: Urshifu|84\/100|[from] item: Rocky Helmet|[of] p2a: Amoonguss\n|-resisted|p2a: Amoonguss\n|-crit|p2a: Amoonguss\n|-damage|p2a: Amoonguss|70\/100\n|-damage|p1b: Urshifu|67\/100|[from] item: Rocky Helmet|[of] p2a: Amoonguss\n|-resisted|p2a: Amoonguss\n|-crit|p2a: Amoonguss\n|-damage|p2a: Amoonguss|56\/100\n|-damage|p1b: Urshifu|51\/100|[from] item: Rocky Helmet|[of] p2a: Amoonguss\n|-hitcount|p2a: Amoonguss|3\n|move|p2b: Kyogre|Thunder|p1a: Rillaboom\n|-resisted|p1a: Rillaboom\n|-damage|p1a: Rillaboom|62\/100\n|\n|-weather|RainDance|[upkeep]\n|-heal|p1b: Urshifu|57\/100|[from] Grassy Terrain\n|-heal|p2b: Kyogre|47\/100|[from] Grassy Terrain\n|-heal|p1a: Rillaboom|68\/100|[from] Grassy Terrain\n|-heal|p2a: Amoonguss|62\/100|[from] Grassy Terrain\n|upkeep\n|turn|5\n|inactive|BlvckTheGamer has 30 seconds left.\n|l| zdmszrj\n|\n|t:|1738668699\n|switch|p2b: Urshifu|Urshifu, L50, F|41\/100\n|move|p1a: Rillaboom|Fake Out|p2a: Amoonguss\n|-damage|p2a: Amoonguss|51\/100\n|-damage|p1a: Rillaboom|51\/100|[from] item: Rocky Helmet|[of] p2a: Amoonguss\n|move|p1b: Urshifu|Surging Strikes|p2b: Urshifu\n|-crit|p2b: Urshifu\n|-damage|p2b: Urshifu|8\/100\n|-crit|p2b: Urshifu\n|-damage|p2b: Urshifu|0 fnt\n|faint|p2b: Urshifu\n|-hitcount|p2: Urshifu|2\n|cant|p2a: Amoonguss|flinch\n|\n|-weather|none\n|-heal|p1b: Urshifu|62\/100|[from] Grassy Terrain\n|-heal|p1a: Rillaboom|57\/100|[from] Grassy Terrain\n|-heal|p2a: Amoonguss|57\/100|[from] Grassy Terrain\n|upkeep\n|\n|t:|1738668719\n|switch|p2b: Kyogre|Kyogre, L50|47\/100\n|-weather|RainDance|[from] ability: Drizzle|[of] p2b: Kyogre\n|turn|6\n|\n|t:|1738668736\n|-terastallize|p2b: Kyogre|Grass\n|move|p1b: Urshifu|Surging Strikes|p2b: Kyogre\n|-resisted|p2b: Kyogre\n|-crit|p2b: Kyogre\n|-damage|p2b: Kyogre|32\/100\n|-resisted|p2b: Kyogre\n|-crit|p2b: Kyogre\n|-damage|p2b: Kyogre|16\/100\n|-resisted|p2b: Kyogre\n|-crit|p2b: Kyogre\n|-damage|p2b: Kyogre|1\/100\n|-hitcount|p2b: Kyogre|3\n|move|p2b: Kyogre|Thunder|p1b: Urshifu\n|-supereffective|p1b: Urshifu\n|-damage|p1b: Urshifu|0 fnt\n|faint|p1b: Urshifu\n|move|p1a: Rillaboom|U-turn|p2a: Amoonguss\n|-damage|p2a: Amoonguss|36\/100\n|-damage|p1a: Rillaboom|41\/100|[from] item: Rocky Helmet|[of] p2a: Amoonguss\n|\n|t:|1738668751\n|switch|p1a: Calyrex|Calyrex-Ice, L50, tera:Water|41\/100|[from] U-turn\n|-ability|p1a: Calyrex|As One\n|-ability|p1a: Calyrex|Unnerve\n|move|p2a: Amoonguss|Spore|p1a: Calyrex\n|-status|p1a: Calyrex|slp|[from] move: Spore\n|\n|-weather|RainDance|[upkeep]\n|-heal|p2b: Kyogre|7\/100|[from] Grassy Terrain\n|-heal|p1a: Calyrex|47\/100 slp|[from] Grassy Terrain\n|-heal|p2a: Amoonguss|42\/100|[from] Grassy Terrain\n|upkeep\n|\n|t:|1738668752\n|switch|p1b: Rillaboom|Rillaboom, L50, M|41\/100\n|turn|7\n|inactive|MTcxing has 30 seconds left.\n|inactive|BlvckTheGamer has 30 seconds left.\n|\n|t:|1738668785\n|move|p1b: Rillaboom|Fake Out|p2b: Kyogre\n|-damage|p2b: Kyogre|0 fnt\n|faint|p2b: Kyogre\n|cant|p1a: Calyrex|slp\n|move|p2a: Amoonguss|Pollen Puff|p1a: Calyrex\n|-damage|p1a: Calyrex|34\/100 slp\n|\n|-weather|RainDance|[upkeep]\n|-heal|p1b: Rillaboom|47\/100|[from] Grassy Terrain\n|-heal|p1a: Calyrex|40\/100 slp|[from] Grassy Terrain\n|-heal|p2a: Amoonguss|48\/100|[from] Grassy Terrain\n|upkeep\n|turn|8\n|-message|BlvckTheGamer forfeited.\n|\n|win|MTcxing\n|raw|MTcxing's rating: 1602 &rarr; <strong>1621<\/strong><br \/>(+19 for winning)\n|raw|BlvckTheGamer's rating: 1578 &rarr; <strong>1559<\/strong><br \/>(-19 for losing)\n|l|\u2606BlvckTheGamer\n|player|p2|\n|l| bluestraggler02\n","uploadtime":1738668986,"views":9,"formatid":"gen9vgc2025regg","rating":1559,"private":0,"password":null}