{"id":"gen9vgc2025regg-2294408732","format":"[Gen 9] VGC 2025 Reg G","players":["BLiiNDProdiigy","DavidElGafe"],"log":"|j|\u2606BLiiNDProdiigy\n|j|\u2606DavidElGafe\n|t:|1738697552\n|gametype|doubles\n|player|p1|BLiiNDProdiigy|rocketgrunt|1584\n|player|p2|DavidElGafe|blue|1651\n|teamsize|p1|6\n|teamsize|p2|6\n|gen|9\n|tier|[Gen 9] VGC 2025 Reg G\n|rated|\n|rule|Species Clause: Limit one of each Pok\u00e9mon\n|rule|Item Clause: Limit 1 of each item\n|clearpoke\n|poke|p1|Terapagos, L50, M|\n|poke|p1|Incineroar, L50, F|\n|poke|p1|Rillaboom, L50, M|\n|poke|p1|Urshifu-*, L50, F|\n|poke|p1|Flutter Mane, L50|\n|poke|p1|Ogerpon-Hearthflame, L50, F|\n|poke|p2|Zamazenta-*, L50|\n|poke|p2|Chi-Yu, L50|\n|poke|p2|Raging Bolt, L50|\n|poke|p2|Rillaboom, L50, M|\n|poke|p2|Ditto, L50|\n|poke|p2|Whimsicott, L50, F|\n|teampreview|4\n|inactive|Battle timer is ON: inactive players will automatically lose when time's up. (requested by BLiiNDProdiigy)\n|\n|t:|1738697577\n|start\n|switch|p1a: Urshifu|Urshifu-Rapid-Strike, L50, F|100\/100\n|switch|p1b: Ogerpon|Ogerpon-Hearthflame, L50, F|100\/100\n|switch|p2a: Chi-Yu|Chi-Yu, L50|100\/100\n|switch|p2b: Raging Bolt|Raging Bolt, L50|100\/100\n|-ability|p2a: Chi-Yu|Beads of Ruin\n|-ability|p1b: Ogerpon|Mold Breaker\n|turn|1\n|\n|t:|1738697597\n|move|p1b: Ogerpon|Spiky Shield|p1b: Ogerpon\n|-singleturn|p1b: Ogerpon|move: Protect\n|move|p1a: Urshifu|Protect|p1a: Urshifu\n|-singleturn|p1a: Urshifu|Protect\n|move|p2b: Raging Bolt|Thunderclap||[still]\n|-fail|p2b: Raging Bolt\n|move|p2a: Chi-Yu|Heat Wave|p1b: Ogerpon|[spread] \n|-activate|p1a: Urshifu|move: Protect\n|-activate|p1b: Ogerpon|move: Protect\n|\n|upkeep\n|turn|2\n|j| 413XPlayz\n|inactive|DavidElGafe has 30 seconds left.\n|\n|t:|1738697627\n|-terastallize|p1b: Ogerpon|Fire\n|detailschange|p1b: Ogerpon|Ogerpon-Hearthflame-Tera, L50, F, tera:Fire\n|-ability|p1b: Ogerpon|Embody Aspect (Hearthflame)|boost\n|-boost|p1b: Ogerpon|atk|1\n|move|p1b: Ogerpon|Follow Me|p1b: Ogerpon\n|-singleturn|p1b: Ogerpon|move: Follow Me\n|move|p2b: Raging Bolt|Thunderclap||[still]\n|-fail|p2b: Raging Bolt\n|move|p2a: Chi-Yu|Heat Wave|p1b: Ogerpon|[spread] p1a,p1b\n|-resisted|p1a: Urshifu\n|-resisted|p1b: Ogerpon\n|-damage|p1a: Urshifu|69\/100\n|-damage|p1b: Ogerpon|74\/100\n|move|p1a: Urshifu|Surging Strikes|p2a: Chi-Yu\n|-supereffective|p2a: Chi-Yu\n|-crit|p2a: Chi-Yu\n|-damage|p2a: Chi-Yu|25\/100\n|-supereffective|p2a: Chi-Yu\n|-crit|p2a: Chi-Yu\n|-damage|p2a: Chi-Yu|0 fnt\n|faint|p2a: Chi-Yu\n|-hitcount|p2: Chi-Yu|2\n|\n|upkeep\n|\n|t:|1738697645\n|switch|p2a: Zamazenta|Zamazenta-Crowned, L50|100\/100\n|-ability|p2a: Zamazenta|Dauntless Shield|boost\n|-boost|p2a: Zamazenta|def|1\n|turn|3\n|inactive|DavidElGafe has 30 seconds left.\n|inactive|DavidElGafe has 20 seconds left.\n|inactive|DavidElGafe has 15 seconds left.\n|\n|t:|1738697686\n|switch|p1a: Flutter Mane|Flutter Mane, L50|100\/100\n|-enditem|p1a: Flutter Mane|Booster Energy\n|-activate|p1a: Flutter Mane|ability: Protosynthesis|[fromitem]\n|-start|p1a: Flutter Mane|protosynthesisspe\n|-terastallize|p2a: Zamazenta|Dragon\n|move|p1b: Ogerpon|Spiky Shield|p1b: Ogerpon\n|-singleturn|p1b: Ogerpon|move: Protect\n|move|p2a: Zamazenta|Body Press|p1b: Ogerpon\n|-activate|p1b: Ogerpon|move: Protect\n|-damage|p2a: Zamazenta|88\/100|[from] Spiky Shield|[of] p1b: Ogerpon\n|move|p2b: Raging Bolt|Thunderbolt|p1a: Flutter Mane\n|-damage|p1a: Flutter Mane|39\/100\n|-damage|p2b: Raging Bolt|91\/100|[from] item: Life Orb\n|\n|upkeep\n|turn|4\n|\n|t:|1738697708\n|move|p2a: Zamazenta|Protect|p2a: Zamazenta\n|-singleturn|p2a: Zamazenta|Protect\n|move|p1b: Ogerpon|Follow Me|p1b: Ogerpon\n|-singleturn|p1b: Ogerpon|move: Follow Me\n|move|p2b: Raging Bolt|Thunderclap||[still]\n|-fail|p2b: Raging Bolt\n|move|p1a: Flutter Mane|Icy Wind|p2b: Raging Bolt|[spread] p2b\n|-activate|p2a: Zamazenta|move: Protect\n|-supereffective|p2b: Raging Bolt\n|-damage|p2b: Raging Bolt|68\/100\n|-unboost|p2b: Raging Bolt|spe|1\n|\n|upkeep\n|turn|5\n|\n|t:|1738697733\n|move|p1b: Ogerpon|Follow Me|p1b: Ogerpon\n|-singleturn|p1b: Ogerpon|move: Follow Me\n|move|p2b: Raging Bolt|Thunderclap||[still]\n|-fail|p2b: Raging Bolt\n|move|p1a: Flutter Mane|Moonblast|p2a: Zamazenta\n|-supereffective|p2a: Zamazenta\n|-damage|p2a: Zamazenta|23\/100\n|-unboost|p2a: Zamazenta|spa|1\n|move|p2a: Zamazenta|Body Press|p1b: Ogerpon\n|-damage|p1b: Ogerpon|0 fnt\n|faint|p1b: Ogerpon\n|\n|upkeep\n|\n|t:|1738697745\n|switch|p1b: Incineroar|Incineroar, L50, F|100\/100\n|-ability|p1b: Incineroar|Intimidate|boost\n|-unboost|p2a: Zamazenta|atk|1\n|-unboost|p2b: Raging Bolt|atk|1\n|turn|6\n|\n|t:|1738697760\n|move|p2a: Zamazenta|Protect|p2a: Zamazenta\n|-singleturn|p2a: Zamazenta|Protect\n|move|p2b: Raging Bolt|Protect|p2b: Raging Bolt\n|-singleturn|p2b: Raging Bolt|Protect\n|move|p1b: Incineroar|Fake Out|p2b: Raging Bolt\n|-activate|p2b: Raging Bolt|move: Protect\n|move|p1a: Flutter Mane|Moonblast|p2b: Raging Bolt\n|-activate|p2b: Raging Bolt|move: Protect\n|\n|upkeep\n|turn|7\n|\n|t:|1738697773\n|move|p2b: Raging Bolt|Thunderclap|p1a: Flutter Mane\n|-damage|p1a: Flutter Mane|0 fnt\n|faint|p1a: Flutter Mane\n|-end|p1a: Flutter Mane|Protosynthesis|[silent]\n|-damage|p2b: Raging Bolt|58\/100|[from] item: Life Orb\n|move|p2a: Zamazenta|Body Press|p1b: Incineroar\n|-supereffective|p1b: Incineroar\n|-damage|p1b: Incineroar|2\/100\n|-damage|p2a: Zamazenta|7\/100|[from] item: Rocky Helmet|[of] p1b: Incineroar\n|move|p1b: Incineroar|Parting Shot|p2b: Raging Bolt\n|-unboost|p2b: Raging Bolt|atk|1\n|-unboost|p2b: Raging Bolt|spa|1\n|\n|t:|1738697775\n|switch|p1b: Urshifu|Urshifu-Rapid-Strike, L50, F|69\/100|[from] Parting Shot\n|\n|upkeep\n|\n|t:|1738697776\n|switch|p1a: Incineroar|Incineroar, L50, F|2\/100\n|-ability|p1a: Incineroar|Intimidate|boost\n|-unboost|p2a: Zamazenta|atk|1\n|-unboost|p2b: Raging Bolt|atk|1\n|turn|8\n|\n|t:|1738697791\n|switch|p2a: Ditto|Ditto, L50, shiny|100\/100\n|-transform|p2a: Ditto|p1b: Urshifu|[from] ability: Imposter\n|move|p1a: Incineroar|Fake Out|p2b: Raging Bolt\n|-damage|p2b: Raging Bolt|48\/100\n|move|p1b: Urshifu|Aqua Jet|p2a: Ditto\n|-resisted|p2a: Ditto\n|-damage|p2a: Ditto|87\/100\n|cant|p2b: Raging Bolt|flinch\n|\n|upkeep\n|turn|9\n|\n|t:|1738697799\n|move|p2a: Ditto|Aqua Jet|p1a: Incineroar\n|-supereffective|p1a: Incineroar\n|-damage|p1a: Incineroar|0 fnt\n|-damage|p2a: Ditto|71\/100|[from] item: Rocky Helmet|[of] p1a: Incineroar\n|faint|p1a: Incineroar\n|move|p2b: Raging Bolt|Thunderclap|p1b: Urshifu\n|-supereffective|p1b: Urshifu\n|-damage|p1b: Urshifu|0 fnt\n|faint|p1b: Urshifu\n|-damage|p2b: Raging Bolt|39\/100|[from] item: Life Orb\n|\n|win|DavidElGafe\n|raw|BLiiNDProdiigy's rating: 1584 &rarr; <strong>1568<\/strong><br \/>(-16 for losing)\n|raw|DavidElGafe's rating: 1651 &rarr; <strong>1667<\/strong><br \/>(+16 for winning)\n|l|\u2606BLiiNDProdiigy\n|player|p1|\n|l|\u2606DavidElGafe\n|player|p2|\n|l| 413XPlayz\n","uploadtime":1738697810,"views":7,"formatid":"gen9vgc2025regg","rating":1568,"private":0,"password":null}