{"id":"gen9vgc2025regg-2294367277","format":"[Gen 9] VGC 2025 Reg G","players":["Teraparkor 6","Futomaki0610"],"log":"|j|\u2606Teraparkor 6\n|j|\u2606Futomaki0610\n|t:|1738693629\n|gametype|doubles\n|player|p1|Teraparkor 6|102|1622\n|player|p2|Futomaki0610|dawn|1741\n|teamsize|p1|6\n|teamsize|p2|6\n|gen|9\n|tier|[Gen 9] VGC 2025 Reg G\n|rated|\n|rule|Species Clause: Limit one of each Pok\u00e9mon\n|rule|Item Clause: Limit 1 of each item\n|clearpoke\n|poke|p1|Miraidon, L50|\n|poke|p1|Grimmsnarl, L50, M|\n|poke|p1|Iron Hands, L50|\n|poke|p1|Urshifu-*, L50, M|\n|poke|p1|Farigiraf, L50, M|\n|poke|p1|Chi-Yu, L50|\n|poke|p2|Kyogre, L50|\n|poke|p2|Tornadus, L50, M|\n|poke|p2|Dondozo, L50, F|\n|poke|p2|Tatsugiri-Droopy, L50, F|\n|poke|p2|Chien-Pao, L50|\n|poke|p2|Dragonite, L50, M|\n|teampreview|4\n|inactive|Battle timer is ON: inactive players will automatically lose when time's up. (requested by Teraparkor 6)\n|c|\u2606Teraparkor 6|using the totw team is crazy\n|c|\u2606Teraparkor 6|glhf\n|inactive|Teraparkor 6 has 60 seconds left.\n|inactive|Futomaki0610 has 60 seconds left.\n|\n|t:|1738693675\n|start\n|switch|p1a: Miraidon|Miraidon, L50|100\/100\n|switch|p1b: Grimmsnarl|Grimmsnarl, L50, M|100\/100\n|switch|p2a: Kyogre|Kyogre, L50|100\/100\n|switch|p2b: Tornadus|Tornadus, L50, M|100\/100\n|-fieldstart|move: Electric Terrain|[from] ability: Hadron Engine|[of] p1a: Miraidon\n|-weather|RainDance|[from] ability: Drizzle|[of] p2a: Kyogre\n|turn|1\n|inactive|Futomaki0610 has 30 seconds left.\n|\n|t:|1738693702\n|move|p2a: Kyogre|Protect|p2a: Kyogre\n|-singleturn|p2a: Kyogre|Protect\n|move|p2b: Tornadus|Scary Face|p1a: Miraidon\n|-unboost|p1a: Miraidon|spe|2\n|move|p1b: Grimmsnarl|Thunder Wave|p2a: Kyogre\n|-activate|p2a: Kyogre|move: Protect\n|move|p1a: Miraidon|Volt Switch|p2a: Kyogre\n|-activate|p2a: Kyogre|move: Protect\n|\n|-weather|RainDance|[upkeep]\n|upkeep\n|turn|2\n|\n|t:|1738693727\n|-terastallize|p2a: Kyogre|Water\n|move|p2b: Tornadus|Tailwind|p2b: Tornadus\n|-sidestart|p2: Futomaki0610|move: Tailwind\n|move|p1b: Grimmsnarl|Light Screen|p1b: Grimmsnarl\n|-sidestart|p1: Teraparkor 6|move: Light Screen\n|move|p2a: Kyogre|Water Spout|p1b: Grimmsnarl|[spread] p1a,p1b\n|-resisted|p1a: Miraidon\n|-damage|p1a: Miraidon|50\/100\n|-damage|p1b: Grimmsnarl|0 fnt\n|faint|p1b: Grimmsnarl\n|move|p1a: Miraidon|Volt Switch|p2a: Kyogre\n|-supereffective|p2a: Kyogre\n|-damage|p2a: Kyogre|0 fnt\n|faint|p2a: Kyogre\n|\n|t:|1738693735\n|switch|p1a: Farigiraf|Farigiraf, L50, M|100\/100|[from] Volt Switch\n|\n|-weather|RainDance|[upkeep]\n|upkeep\n|\n|t:|1738693740\n|switch|p2a: Dondozo|Dondozo, L50, F|100\/100\n|switch|p1b: Urshifu|Urshifu-Rapid-Strike, L50, M|100\/100\n|turn|3\n|\n|t:|1738693767\n|move|p1b: Urshifu|Detect|p1b: Urshifu\n|-singleturn|p1b: Urshifu|Protect\n|move|p2b: Tornadus|Bleakwind Storm|p1b: Urshifu|[spread] p1a\n|-activate|p1b: Urshifu|move: Protect\n|-damage|p1a: Farigiraf|84\/100\n|move|p2a: Dondozo|Body Press|p1b: Urshifu\n|-activate|p1b: Urshifu|move: Protect\n|move|p1a: Farigiraf|Psychic Noise|p2a: Dondozo\n|-damage|p2a: Dondozo|71\/100\n|-start|p2a: Dondozo|move: Heal Block\n|\n|-weather|RainDance|[upkeep]\n|upkeep\n|turn|4\n|\n|t:|1738693783\n|switch|p2b: Tatsugiri|Tatsugiri-Droopy, L50, F|100\/100\n|-activate|p2b: Tatsugiri|ability: Commander|[of] p2a: Dondozo\n|-boost|p2a: Dondozo|atk|2\n|-boost|p2a: Dondozo|spa|2\n|-boost|p2a: Dondozo|spe|2\n|-boost|p2a: Dondozo|def|2\n|-boost|p2a: Dondozo|spd|2\n|-terastallize|p1b: Urshifu|Water\n|move|p2a: Dondozo|Order Up|p1b: Urshifu\n|-crit|p1b: Urshifu\n|-damage|p1b: Urshifu|48\/100\n|-boost|p2a: Dondozo|def|1\n|move|p1b: Urshifu|Surging Strikes|p2a: Dondozo\n|-resisted|p2a: Dondozo\n|-crit|p2a: Dondozo\n|-damage|p2a: Dondozo|59\/100\n|-resisted|p2a: Dondozo\n|-crit|p2a: Dondozo\n|-damage|p2a: Dondozo|48\/100\n|-resisted|p2a: Dondozo\n|-crit|p2a: Dondozo\n|-damage|p2a: Dondozo|36\/100\n|-hitcount|p2a: Dondozo|3\n|move|p1a: Farigiraf|Trick Room|p1a: Farigiraf\n|-fieldstart|move: Trick Room|[of] p1a: Farigiraf\n|\n|-weather|RainDance|[upkeep]\n|-end|p2a: Dondozo|move: Heal Block\n|upkeep\n|turn|5\n|\n|t:|1738693797\n|move|p1a: Farigiraf|Psychic Noise|p2a: Dondozo\n|-damage|p2a: Dondozo|22\/100\n|-start|p2a: Dondozo|move: Heal Block\n|move|p1b: Urshifu|Surging Strikes|p2a: Dondozo\n|-resisted|p2a: Dondozo\n|-crit|p2a: Dondozo\n|-damage|p2a: Dondozo|10\/100\n|-resisted|p2a: Dondozo\n|-crit|p2a: Dondozo\n|-damage|p2a: Dondozo|0 fnt\n|faint|p2a: Dondozo\n|-hitcount|p2: Dondozo|2\n|\n|-weather|none\n|-sideend|p2: Futomaki0610|move: Tailwind\n|-fieldend|move: Electric Terrain\n|upkeep\n|\n|t:|1738693803\n|switch|p2a: Tornadus|Tornadus, L50, M|100\/100\n|turn|6\n|\n|t:|1738693817\n|move|p2a: Tornadus|Scary Face|p2b: Tatsugiri\n|-unboost|p2b: Tatsugiri|spe|2\n|move|p1a: Farigiraf|Psychic Noise|p2b: Tatsugiri\n|-damage|p2b: Tatsugiri|60\/100\n|-start|p2b: Tatsugiri|move: Heal Block\n|move|p2b: Tatsugiri|Muddy Water|p1b: Urshifu|[spread] p1a,p1b\n|-resisted|p1b: Urshifu\n|-damage|p1a: Farigiraf|68\/100\n|-damage|p1b: Urshifu|35\/100\n|-unboost|p1b: Urshifu|accuracy|1\n|move|p1b: Urshifu|Surging Strikes|p2a: Tornadus\n|-crit|p2a: Tornadus\n|-damage|p2a: Tornadus|60\/100\n|-crit|p2a: Tornadus\n|-damage|p2a: Tornadus|21\/100\n|-crit|p2a: Tornadus\n|-damage|p2a: Tornadus|0 fnt\n|faint|p2a: Tornadus\n|-hitcount|p2: Tornadus|3\n|\n|upkeep\n|turn|7\n|-message|Futomaki0610 forfeited.\n|\n|win|Teraparkor 6\n|raw|Teraparkor 6's rating: 1622 &rarr; <strong>1649<\/strong><br \/>(+27 for winning)\n|raw|Futomaki0610's rating: 1741 &rarr; <strong>1714<\/strong><br \/>(-27 for losing)\n|l|\u2606Futomaki0610\n|player|p2|\n|l|\u2606Teraparkor 6\n|player|p1|\n","uploadtime":1738693978,"views":7,"formatid":"gen9vgc2025regg","rating":1649,"private":0,"password":null}