{"id":"gen9vgc2025regg-2294465635","format":"[Gen 9] VGC 2025 Reg G","players":["Prometheus756","Pokeventurer"],"log":"|j|\u2606Prometheus756\n|j|\u2606Pokeventurer\n|t:|1738703294\n|gametype|doubles\n|player|p1|Prometheus756|gentleman-gen4dp|1573\n|player|p2|Pokeventurer|2|1578\n|teamsize|p1|6\n|teamsize|p2|6\n|gen|9\n|tier|[Gen 9] VGC 2025 Reg G\n|rated|\n|rule|Species Clause: Limit one of each Pok\u00e9mon\n|rule|Item Clause: Limit 1 of each item\n|clearpoke\n|poke|p1|Rayquaza, L50|\n|poke|p1|Rillaboom, L50, F|\n|poke|p1|Chien-Pao, L50|\n|poke|p1|Smeargle, L50, F|\n|poke|p1|Dondozo, L50, F|\n|poke|p1|Tatsugiri, L50, M|\n|poke|p2|Calyrex-Ice, L50|\n|poke|p2|Farigiraf, L50, F|\n|poke|p2|Smeargle, L50, M|\n|poke|p2|Rillaboom, L50, F|\n|poke|p2|Torkoal, L50, M|\n|poke|p2|Raging Bolt, L50|\n|teampreview|4\n|inactive|Battle timer is ON: inactive players will automatically lose when time's up. (requested by Prometheus756)\n|inactive|Prometheus756 has 60 seconds left.\n|\n|t:|1738703328\n|start\n|switch|p1a: Rayquaza|Rayquaza, L50|100\/100\n|switch|p1b: Smeargle|Smeargle, L50, F|100\/100\n|switch|p2a: Farigiraf|Farigiraf, L50, F|100\/100\n|switch|p2b: Rillaboom|Rillaboom, L50, F|100\/100\n|-fieldstart|move: Grassy Terrain|[from] ability: Grassy Surge|[of] p2b: Rillaboom\n|-ability|p1a: Rayquaza|Air Lock\n|turn|1\n|\n|t:|1738703346\n|-terastallize|p1b: Smeargle|Ghost\n|-terastallize|p2a: Farigiraf|Grass\n|move|p2b: Rillaboom|Fake Out|p1a: Rayquaza\n|-crit|p1a: Rayquaza\n|-damage|p1a: Rayquaza|78\/100\n|cant|p1a: Rayquaza|flinch\n|move|p1b: Smeargle|Spore|p2a: Farigiraf\n|-immune|p2a: Farigiraf\n|move|p2a: Farigiraf|Trick Room|p2a: Farigiraf\n|-fieldstart|move: Trick Room|[of] p2a: Farigiraf\n|\n|-ability|p1b: Smeargle|Moody|boost\n|-boost|p1b: Smeargle|def|2\n|-unboost|p1b: Smeargle|spe|1\n|upkeep\n|turn|2\n|inactive|Prometheus756 has 30 seconds left.\n|\n|t:|1738703376\n|move|p1b: Smeargle|Follow Me|p1b: Smeargle\n|-singleturn|p1b: Smeargle|move: Follow Me\n|move|p2a: Farigiraf|Foul Play|p1b: Smeargle\n|-supereffective|p1b: Smeargle\n|-damage|p1b: Smeargle|83\/100\n|move|p1a: Rayquaza|Dragon Ascent|p2a: Farigiraf\n|-supereffective|p2a: Farigiraf\n|-damage|p2a: Farigiraf|0 fnt\n|-unboost|p1a: Rayquaza|def|1\n|-unboost|p1a: Rayquaza|spd|1\n|faint|p2a: Farigiraf\n|move|p2b: Rillaboom|Wood Hammer|p1b: Smeargle\n|-damage|p1b: Smeargle|0 fnt\n|faint|p1b: Smeargle\n|-damage|p2b: Rillaboom|75\/100|[from] Recoil\n|\n|-heal|p2b: Rillaboom|81\/100|[from] Grassy Terrain\n|upkeep\n|\n|t:|1738703391\n|switch|p2a: Calyrex|Calyrex-Ice, L50|100\/100\n|switch|p1b: Rillaboom|Rillaboom, L50, F|100\/100\n|-ability|p2a: Calyrex|As One\n|-ability|p2a: Calyrex|Unnerve\n|turn|3\n|\n|t:|1738703410\n|switch|p2b: Raging Bolt|Raging Bolt, L50|100\/100\n|move|p2a: Calyrex|Protect|p2a: Calyrex\n|-singleturn|p2a: Calyrex|Protect\n|move|p1b: Rillaboom|Fake Out|p2a: Calyrex\n|-activate|p2a: Calyrex|move: Protect\n|move|p1a: Rayquaza|Swords Dance|p1a: Rayquaza\n|-boost|p1a: Rayquaza|atk|2\n|\n|upkeep\n|turn|4\n|\n|t:|1738703429\n|switch|p2a: Rillaboom|Rillaboom, L50, F|81\/100\n|switch|p1b: Chien-Pao|Chien-Pao, L50|100\/100\n|-ability|p1b: Chien-Pao|Sword of Ruin\n|move|p1a: Rayquaza|Protect|p1a: Rayquaza\n|-singleturn|p1a: Rayquaza|Protect\n|move|p2b: Raging Bolt|Thunderbolt|p1a: Rayquaza\n|-activate|p1a: Rayquaza|move: Protect\n|\n|-heal|p2a: Rillaboom|87\/100|[from] Grassy Terrain\n|upkeep\n|turn|5\n|\n|t:|1738703444\n|move|p2a: Rillaboom|Fake Out|p1b: Chien-Pao\n|-damage|p1b: Chien-Pao|81\/100\n|move|p1a: Rayquaza|Extreme Speed|p2b: Raging Bolt\n|-damage|p2b: Raging Bolt|30\/100\n|move|p2b: Raging Bolt|Thunderbolt|p1a: Rayquaza\n|-damage|p1a: Rayquaza|0 fnt\n|faint|p1a: Rayquaza\n|-damage|p2b: Raging Bolt|20\/100|[from] item: Life Orb\n|cant|p1b: Chien-Pao|flinch\n|\n|-heal|p2b: Raging Bolt|26\/100|[from] Grassy Terrain\n|-heal|p2a: Rillaboom|92\/100|[from] Grassy Terrain\n|-heal|p1b: Chien-Pao|87\/100|[from] Grassy Terrain\n|-fieldend|move: Trick Room\n|-fieldend|move: Grassy Terrain\n|upkeep\n|\n|t:|1738703451\n|switch|p1a: Rillaboom|Rillaboom, L50, F|100\/100\n|-fieldstart|move: Grassy Terrain|[from] ability: Grassy Surge|[of] p1a: Rillaboom\n|turn|6\n|\n|t:|1738703472\n|switch|p2a: Calyrex|Calyrex-Ice, L50|100\/100\n|-ability|p2a: Calyrex|As One\n|-ability|p2a: Calyrex|Unnerve\n|move|p2b: Raging Bolt|Protect|p2b: Raging Bolt\n|-singleturn|p2b: Raging Bolt|Protect\n|move|p1b: Chien-Pao|Throat Chop|p2a: Calyrex\n|-supereffective|p2a: Calyrex\n|-damage|p2a: Calyrex|19\/100\n|-start|p2a: Calyrex|Throat Chop|[silent]\n|move|p1a: Rillaboom|High Horsepower|p2b: Raging Bolt\n|-activate|p2b: Raging Bolt|move: Protect\n|\n|-heal|p1b: Chien-Pao|93\/100|[from] Grassy Terrain\n|-heal|p2b: Raging Bolt|32\/100|[from] Grassy Terrain\n|-heal|p2a: Calyrex|25\/100|[from] Grassy Terrain\n|upkeep\n|turn|7\n|l|\u2606Pokeventurer\n|inactive|Pokeventurer disconnected and has a minute to reconnect!\n|player|p2|\n|inactive|Pokeventurer has 30 seconds left.\n|j|\u2606Pokeventurer\n|inactive|Pokeventurer reconnected and has 30 seconds left.\n|player|p2|Pokeventurer|2|\n|inactive|Pokeventurer has 20 seconds left.\n|inactive|Pokeventurer has 15 seconds left.\n|inactive|Pokeventurer has 10 seconds left.\n|inactive|Pokeventurer has 5 seconds left.\n|\n|t:|1738703537\n|move|p1b: Chien-Pao|Sucker Punch|p2a: Calyrex\n|-supereffective|p2a: Calyrex\n|-damage|p2a: Calyrex|0 fnt\n|faint|p2a: Calyrex\n|move|p2b: Raging Bolt|Thunderclap|p1a: Rillaboom\n|-resisted|p1a: Rillaboom\n|-damage|p1a: Rillaboom|62\/100\n|-damage|p2b: Raging Bolt|22\/100|[from] item: Life Orb\n|move|p1a: Rillaboom|High Horsepower|p2b: Raging Bolt\n|-supereffective|p2b: Raging Bolt\n|-damage|p2b: Raging Bolt|0 fnt\n|faint|p2b: Raging Bolt\n|-end|p2b: Raging Bolt|Protosynthesis|[silent]\n|\n|-heal|p1b: Chien-Pao|99\/100|[from] Grassy Terrain\n|-heal|p1a: Rillaboom|67\/100|[from] Grassy Terrain\n|upkeep\n|-message|Pokeventurer forfeited.\n|\n|win|Prometheus756\n|raw|Prometheus756's rating: 1573 &rarr; <strong>1593<\/strong><br \/>(+20 for winning)\n|raw|Pokeventurer's rating: 1578 &rarr; <strong>1558<\/strong><br \/>(-20 for losing)\n|l|\u2606Pokeventurer\n|player|p2|\n|l|\u2606Prometheus756\n|player|p1|\n","uploadtime":1738703782,"views":6,"formatid":"gen9vgc2025regg","rating":1558,"private":0,"password":null}