{"id":"gen9vgc2025regg-2294917930","format":"[Gen 9] VGC 2025 Reg G","players":["Riot0","kd-vgc711"],"log":"|j|\u2606Riot0\n|j|\u2606kd-vgc711\n|t:|1738768616\n|gametype|doubles\n|player|p1|Riot0|ghetsis-gen5bw|1513\n|player|p2|kd-vgc711|170|1605\n|teamsize|p1|6\n|teamsize|p2|6\n|gen|9\n|tier|[Gen 9] VGC 2025 Reg G\n|rated|\n|rule|Species Clause: Limit one of each Pok\u00e9mon\n|rule|Item Clause: Limit 1 of each item\n|clearpoke\n|poke|p1|Calyrex-Shadow, L50|\n|poke|p1|Clefairy, L50, F|\n|poke|p1|Ogerpon-Hearthflame, L50, F|\n|poke|p1|Incineroar, L50, F|\n|poke|p1|Raging Bolt, L50|\n|poke|p1|Urshifu-*, L50, M|\n|poke|p2|Calyrex-Ice, L50|\n|poke|p2|Torkoal, L50, M|\n|poke|p2|Lilligant-Hisui, L50, F|\n|poke|p2|Kingambit, L50, M|\n|poke|p2|Flutter Mane, L50|\n|poke|p2|Indeedee-F, L50, F|\n|teampreview|4\n|\n|t:|1738768637\n|start\n|switch|p1a: Ogerpon|Ogerpon-Hearthflame, L50, F|100\/100\n|switch|p1b: Calyrex|Calyrex-Shadow, L50|100\/100\n|switch|p2a: Kingambit|Kingambit, L50, M, shiny|100\/100\n|switch|p2b: Indeedee|Indeedee-F, L50, F, shiny|100\/100\n|-ability|p1b: Calyrex|As One\n|-ability|p1b: Calyrex|Unnerve\n|-ability|p1a: Ogerpon|Mold Breaker\n|-fieldstart|move: Psychic Terrain|[from] ability: Psychic Surge|[of] p2b: Indeedee\n|-enditem|p2b: Indeedee|Psychic Seed\n|-boost|p2b: Indeedee|spd|1|[from] item: Psychic Seed\n|turn|1\n|inactive|Battle timer is ON: inactive players will automatically lose when time's up. (requested by kd-vgc711)\n|\n|t:|1738768651\n|-terastallize|p1b: Calyrex|Fairy\n|move|p2b: Indeedee|Protect|p2b: Indeedee\n|-singleturn|p2b: Indeedee|Protect\n|move|p1b: Calyrex|Calm Mind|p1b: Calyrex\n|-boost|p1b: Calyrex|spa|1\n|-boost|p1b: Calyrex|spd|1\n|move|p1a: Ogerpon|Ivy Cudgel|p2a: Kingambit|[anim] Ivy Cudgel Fire\n|-supereffective|p2a: Kingambit\n|-damage|p2a: Kingambit|15\/100\n|move|p2a: Kingambit|Kowtow Cleave|p1b: Calyrex\n|-resisted|p1b: Calyrex\n|-damage|p1b: Calyrex|79\/100\n|\n|upkeep\n|turn|2\n|\n|t:|1738768668\n|move|p1b: Calyrex|Draining Kiss|p2b: Indeedee\n|-damage|p2b: Indeedee|67\/100\n|-heal|p1b: Calyrex|100\/100|[from] drain|[of] p2b: Indeedee\n|move|p1a: Ogerpon|Ivy Cudgel|p2b: Indeedee|[anim] Ivy Cudgel Fire\n|-damage|p2b: Indeedee|10\/100\n|move|p2a: Kingambit|Iron Head|p1b: Calyrex\n|-supereffective|p1b: Calyrex\n|-damage|p1b: Calyrex|14\/100\n|move|p2b: Indeedee|Trick Room|p2b: Indeedee\n|-fieldstart|move: Trick Room|[of] p2b: Indeedee\n|\n|upkeep\n|turn|3\n|\n|t:|1738768685\n|move|p1a: Ogerpon|Spiky Shield|p1a: Ogerpon\n|-singleturn|p1a: Ogerpon|move: Protect\n|move|p1b: Calyrex|Protect|p1b: Calyrex\n|-singleturn|p1b: Calyrex|Protect\n|move|p2a: Kingambit|Kowtow Cleave|p1a: Ogerpon\n|-activate|p1a: Ogerpon|move: Protect\n|-damage|p2a: Kingambit|3\/100|[from] Spiky Shield|[of] p1a: Ogerpon\n|move|p2b: Indeedee|Psychic|p1a: Ogerpon\n|-activate|p1a: Ogerpon|move: Protect\n|\n|upkeep\n|turn|4\n|\n|t:|1738768698\n|move|p1a: Ogerpon|Follow Me|p1a: Ogerpon\n|-singleturn|p1a: Ogerpon|move: Follow Me\n|move|p2a: Kingambit|Kowtow Cleave|p1a: Ogerpon\n|-crit|p1a: Ogerpon\n|-damage|p1a: Ogerpon|28\/100\n|move|p2b: Indeedee|Psychic|p1a: Ogerpon\n|-damage|p1a: Ogerpon|0 fnt\n|faint|p1a: Ogerpon\n|move|p1b: Calyrex|Calm Mind|p1b: Calyrex\n|-boost|p1b: Calyrex|spa|1\n|-boost|p1b: Calyrex|spd|1\n|\n|upkeep\n|\n|t:|1738768704\n|switch|p1a: Clefairy|Clefairy, L50, F|100\/100\n|turn|5\n|\n|t:|1738768708\n|move|p1a: Clefairy|Protect|p1a: Clefairy\n|-singleturn|p1a: Clefairy|Protect\n|move|p1b: Calyrex|Protect|p1b: Calyrex\n|-singleturn|p1b: Calyrex|Protect\n|move|p2b: Indeedee|Follow Me|p2b: Indeedee\n|-singleturn|p2b: Indeedee|move: Follow Me\n|move|p2a: Kingambit|Iron Head|p1b: Calyrex\n|-activate|p1b: Calyrex|move: Protect\n|\n|-fieldend|move: Psychic Terrain\n|upkeep\n|turn|6\n|inactive|kd-vgc711 has 30 seconds left.\n|inactive|kd-vgc711 has 20 seconds left.\n|\n|t:|1738768745\n|move|p1a: Clefairy|Follow Me|p1a: Clefairy\n|-singleturn|p1a: Clefairy|move: Follow Me\n|move|p2a: Kingambit|Iron Head|p1a: Clefairy\n|-supereffective|p1a: Clefairy\n|-damage|p1a: Clefairy|43\/100\n|move|p2b: Indeedee|Psychic|p1a: Clefairy\n|-damage|p1a: Clefairy|16\/100\n|move|p1b: Calyrex|Draining Kiss|p2b: Indeedee\n|-damage|p2b: Indeedee|0 fnt\n|-heal|p1b: Calyrex|21\/100|[from] drain|[of] p2b: Indeedee\n|faint|p2b: Indeedee\n|-ability|p1b: Calyrex|Grim Neigh|boost\n|-boost|p1b: Calyrex|spa|1\n|\n|-fieldend|move: Trick Room\n|upkeep\n|\n|t:|1738768752\n|switch|p2b: Calyrex|Calyrex-Ice, L50|100\/100\n|-ability|p2b: Calyrex|As One\n|-ability|p2b: Calyrex|Unnerve\n|turn|7\n|\n|t:|1738768765\n|-terastallize|p2b: Calyrex|Water\n|move|p1a: Clefairy|Helping Hand|p1b: Calyrex\n|-singleturn|p1b: Calyrex|Helping Hand|[of] p1a: Clefairy\n|move|p2a: Kingambit|Sucker Punch|p1b: Calyrex\n|-resisted|p1b: Calyrex\n|-damage|p1b: Calyrex|8\/100\n|move|p1b: Calyrex|Astral Barrage|p2b: Calyrex|[spread] p2a,p2b\n|-resisted|p2a: Kingambit\n|-damage|p2a: Kingambit|0 fnt\n|-damage|p2b: Calyrex|0 fnt\n|faint|p2a: Kingambit\n|faint|p2b: Calyrex\n|-ability|p1b: Calyrex|Grim Neigh|boost\n|-boost|p1b: Calyrex|spa|2\n|\n|upkeep\n|-message|kd-vgc711 forfeited.\n|\n|win|Riot0\n|raw|Riot0's rating: 1513 &rarr; <strong>1538<\/strong><br \/>(+25 for winning)\n|raw|kd-vgc711's rating: 1605 &rarr; <strong>1580<\/strong><br \/>(-25 for losing)\n|l|\u2606kd-vgc711\n|player|p2|\n|l|\u2606Riot0\n|player|p1|\n","uploadtime":1738768912,"views":9,"formatid":"gen9vgc2025regg","rating":1538,"private":0,"password":null}