{"id":"gen9vgc2025regg-2294494805","format":"[Gen 9] VGC 2025 Reg G","players":["sleemo2","xatseye"],"log":"|j|\u2606sleemo2\n|j|\u2606xatseye\n|t:|1738706357\n|gametype|doubles\n|player|p1|sleemo2|102|1573\n|player|p2|xatseye|265|1646\n|teamsize|p1|6\n|teamsize|p2|6\n|gen|9\n|tier|[Gen 9] VGC 2025 Reg G\n|rated|\n|rule|Species Clause: Limit one of each Pok\u00e9mon\n|rule|Item Clause: Limit 1 of each item\n|clearpoke\n|poke|p1|Ogerpon-Wellspring, L50, F|\n|poke|p1|Landorus-Therian, L50, M|\n|poke|p1|Cresselia, L50, F|\n|poke|p1|Thundurus, L50, M|\n|poke|p1|Zamazenta-*, L50|\n|poke|p1|Ursaluna-Bloodmoon, L50, M|\n|poke|p2|Miraidon, L50|\n|poke|p2|Incineroar, L50, F|\n|poke|p2|Farigiraf, L50, F|\n|poke|p2|Grimmsnarl, L50, M|\n|poke|p2|Tornadus, L50, M|\n|poke|p2|Urshifu-*, L50, M|\n|teampreview|4\n|inactive|Battle timer is ON: inactive players will automatically lose when time's up. (requested by xatseye)\n|inactive|sleemo2 has 60 seconds left.\n|\n|t:|1738706401\n|start\n|switch|p1a: Thundurus|Thundurus, L50, M|100\/100\n|switch|p1b: Landorus|Landorus-Therian, L50, M|100\/100\n|switch|p2a: Tornadus|Tornadus, L50, M|100\/100\n|switch|p2b: Urshifu|Urshifu-Rapid-Strike, L50, M|100\/100\n|-ability|p1b: Landorus|Intimidate|boost\n|-unboost|p2a: Tornadus|atk|1\n|-unboost|p2b: Urshifu|atk|1\n|turn|1\n|\n|t:|1738706418\n|switch|p2a: Farigiraf|Farigiraf, L50, F|100\/100\n|move|p2b: Urshifu|U-turn|p1a: Thundurus\n|-resisted|p1a: Thundurus\n|-damage|p1a: Thundurus|92\/100\n|\n|t:|1738706424\n|switch|p2b: Miraidon|Miraidon, L50|100\/100|[from] U-turn\n|-fieldstart|move: Electric Terrain|[from] ability: Hadron Engine|[of] p2b: Miraidon\n|move|p1b: Landorus|U-turn|p2b: Miraidon\n|-damage|p2b: Miraidon|77\/100\n|\n|t:|1738706431\n|switch|p1b: Ursaluna|Ursaluna-Bloodmoon, L50, M|100\/100|[from] U-turn\n|move|p1a: Thundurus|Wildbolt Storm|p2b: Miraidon|[spread] p2a,p2b\n|-resisted|p2b: Miraidon\n|-damage|p2a: Farigiraf|71\/100\n|-damage|p2b: Miraidon|69\/100\n|-status|p2a: Farigiraf|par\n|\n|upkeep\n|turn|2\n|\n|t:|1738706451\n|switch|p1a: Landorus|Landorus-Therian, L50, M|100\/100\n|-ability|p1a: Landorus|Intimidate|boost\n|-unboost|p2a: Farigiraf|atk|1\n|-unboost|p2b: Miraidon|atk|1\n|-terastallize|p2b: Miraidon|Fairy\n|move|p2b: Miraidon|Dazzling Gleam|p1a: Landorus|[spread] p1a,p1b\n|-damage|p1a: Landorus|19\/100\n|-damage|p1b: Ursaluna|23\/100\n|move|p1b: Ursaluna|Hyper Voice|p2a: Farigiraf|[spread] p2a,p2b\n|-damage|p2a: Farigiraf|31\/100 par\n|-damage|p2b: Miraidon|31\/100\n|-damage|p1b: Ursaluna|13\/100|[from] item: Life Orb\n|move|p2a: Farigiraf|Hyper Voice|p1a: Landorus|[spread] p1a,p1b\n|-damage|p1a: Landorus|0 fnt\n|-damage|p1b: Ursaluna|0 fnt\n|faint|p1a: Landorus\n|faint|p1b: Ursaluna\n|-enditem|p2a: Farigiraf|Throat Spray\n|-boost|p2a: Farigiraf|spa|1|[from] item: Throat Spray\n|\n|upkeep\n|\n|t:|1738706461\n|switch|p1a: Thundurus|Thundurus, L50, M|92\/100\n|switch|p1b: Zamazenta|Zamazenta-Crowned, L50|100\/100\n|-ability|p1b: Zamazenta|Dauntless Shield|boost\n|-boost|p1b: Zamazenta|def|1\n|turn|3\n|\n|t:|1738706483\n|switch|p2b: Tornadus|Tornadus, L50, M|100\/100\n|move|p1b: Zamazenta|Behemoth Bash|p2b: Tornadus\n|-damage|p2b: Tornadus|40\/100\n|move|p1a: Thundurus|Wildbolt Storm|p2a: Farigiraf|[spread] p2a,p2b\n|-supereffective|p2b: Tornadus\n|-damage|p2a: Farigiraf|1\/100 par\n|-damage|p2b: Tornadus|0 fnt\n|faint|p2b: Tornadus\n|move|p2a: Farigiraf|Psychic Noise|p1a: Thundurus\n|-damage|p1a: Thundurus|44\/100\n|-start|p1a: Thundurus|move: Heal Block\n|\n|upkeep\n|\n|t:|1738706502\n|switch|p2b: Miraidon|Miraidon, L50, tera:Fairy|31\/100\n|-activate|p2b: Miraidon|ability: Hadron Engine\n|turn|4\n|\n|t:|1738706514\n|move|p1b: Zamazenta|Protect|p1b: Zamazenta\n|-singleturn|p1b: Zamazenta|Protect\n|move|p2b: Miraidon|Volt Switch|p1a: Thundurus\n|-damage|p1a: Thundurus|0 fnt\n|faint|p1a: Thundurus\n|\n|t:|1738706520\n|switch|p2b: Urshifu|Urshifu-Rapid-Strike, L50, M|100\/100|[from] Volt Switch\n|move|p2a: Farigiraf|Hyper Voice|p1b: Zamazenta\n|-activate|p1b: Zamazenta|move: Protect\n|\n|upkeep\n|turn|5\n|-message|sleemo2 forfeited.\n|\n|win|xatseye\n|raw|sleemo2's rating: 1573 &rarr; <strong>1557<\/strong><br \/>(-16 for losing)\n|raw|xatseye's rating: 1646 &rarr; <strong>1662<\/strong><br \/>(+16 for winning)\n|l|\u2606sleemo2\n|player|p1|\n|l|\u2606xatseye\n|player|p2|\n","uploadtime":1738706687,"views":8,"formatid":"gen9vgc2025regg","rating":1557,"private":0,"password":null}