{"id":"gen9vgc2025regg-2294571180","format":"[Gen 9] VGC 2025 Reg G","players":["Farmyom","Forbranna"],"log":"|j|\u2606Farmyom\n|j|\u2606Forbranna\n|t:|1738715646\n|gametype|doubles\n|player|p1|Farmyom|beauty-gen5bw2|1590\n|player|p2|Forbranna|101|1629\n|teamsize|p1|6\n|teamsize|p2|6\n|gen|9\n|tier|[Gen 9] VGC 2025 Reg G\n|rated|\n|rule|Species Clause: Limit one of each Pok\u00e9mon\n|rule|Item Clause: Limit 1 of each item\n|clearpoke\n|poke|p1|Terapagos, L50, M|\n|poke|p1|Flutter Mane, L50|\n|poke|p1|Tornadus, L50, M|\n|poke|p1|Incineroar, L50, M|\n|poke|p1|Rillaboom, L50, M|\n|poke|p1|Walking Wake, L50|\n|poke|p2|Grimmsnarl, L50, M|\n|poke|p2|Chi-Yu, L50|\n|poke|p2|Koraidon, L50|\n|poke|p2|Flutter Mane, L50|\n|poke|p2|Raging Bolt, L50|\n|poke|p2|Ogerpon-Cornerstone, L50, F|\n|teampreview|4\n|inactive|Battle timer is ON: inactive players will automatically lose when time's up. (requested by Forbranna)\n|inactive|Farmyom also wants the timer to be on.\n|\n|t:|1738715677\n|start\n|switch|p1a: Walking Wake|Walking Wake, L50|100\/100\n|switch|p1b: Tornadus|Tornadus, L50, M|100\/100\n|switch|p2a: Einstein|Grimmsnarl, L50, M, shiny|100\/100\n|switch|p2b: Voltaire|Raging Bolt, L50|100\/100\n|turn|1\n|\n|t:|1738715692\n|switch|p1b: Flutter Mane|Flutter Mane, L50|100\/100\n|-enditem|p1b: Flutter Mane|Booster Energy\n|-activate|p1b: Flutter Mane|ability: Protosynthesis|[fromitem]\n|-start|p1b: Flutter Mane|protosynthesisspe\n|move|p2a: Einstein|Light Screen|p2a: Einstein\n|-sidestart|p2: Forbranna|move: Light Screen\n|move|p1a: Walking Wake|Draco Meteor|p2b: Voltaire\n|-supereffective|p2b: Voltaire\n|-damage|p2b: Voltaire|38\/100\n|-unboost|p1a: Walking Wake|spa|2\n|-damage|p1a: Walking Wake|91\/100|[from] item: Life Orb\n|move|p2b: Voltaire|Volt Switch|p1b: Flutter Mane\n|-damage|p1b: Flutter Mane|64\/100\n|\n|t:|1738715710\n|-end|p2b: Voltaire|Protosynthesis|[silent]\n|switch|p2b: Moctezuma|Koraidon, L50|100\/100|[from] Volt Switch\n|-weather|SunnyDay|[from] ability: Orichalcum Pulse|[of] p2b: Moctezuma\n|-activate|p1a: Walking Wake|ability: Protosynthesis\n|-start|p1a: Walking Wake|protosynthesisspe\n|-activate|p2b: Moctezuma|Orichalcum Pulse|[source]\n|\n|-weather|SunnyDay|[upkeep]\n|upkeep\n|turn|2\n|\n|t:|1738715734\n|-end|p1a: Walking Wake|Protosynthesis|[silent]\n|switch|p1a: Tornadus|Tornadus, L50, M|100\/100\n|-terastallize|p2b: Moctezuma|Fire\n|move|p1b: Flutter Mane|Protect|p1b: Flutter Mane\n|-singleturn|p1b: Flutter Mane|Protect\n|move|p2a: Einstein|Thunder Wave|p1a: Tornadus\n|-status|p1a: Tornadus|par\n|move|p2b: Moctezuma|Flame Charge|p1b: Flutter Mane\n|-activate|p1b: Flutter Mane|move: Protect\n|\n|-weather|SunnyDay|[upkeep]\n|upkeep\n|turn|3\n|j| Mwahahacoughcough\n|\n|t:|1738715754\n|move|p1a: Tornadus|Tailwind|p1a: Tornadus\n|-sidestart|p1: Farmyom|move: Tailwind\n|move|p1b: Flutter Mane|Moonblast|p2a: Einstein\n|-supereffective|p2a: Einstein\n|-damage|p2a: Einstein|44\/100\n|move|p2b: Moctezuma|Flame Charge|p1a: Tornadus\n|-damage|p1a: Tornadus|33\/100 par\n|-boost|p2b: Moctezuma|spe|1\n|move|p2a: Einstein|Spirit Break|p1b: Flutter Mane\n|-damage|p1b: Flutter Mane|19\/100\n|-unboost|p1b: Flutter Mane|spa|1\n|\n|-weather|SunnyDay|[upkeep]\n|upkeep\n|turn|4\n|\n|t:|1738715782\n|move|p1b: Flutter Mane|Moonblast|p2a: Einstein\n|-supereffective|p2a: Einstein\n|-damage|p2a: Einstein|6\/100\n|move|p2b: Moctezuma|Flame Charge|p1b: Flutter Mane\n|-damage|p1b: Flutter Mane|0 fnt\n|-boost|p2b: Moctezuma|spe|1\n|faint|p1b: Flutter Mane\n|-end|p1b: Flutter Mane|Protosynthesis|[silent]\n|move|p1a: Tornadus|Bleakwind Storm|p2b: Moctezuma|[spread] p2a,p2b\n|-damage|p2a: Einstein|0 fnt\n|-damage|p2b: Moctezuma|79\/100\n|faint|p2a: Einstein\n|\n|-weather|SunnyDay|[upkeep]\n|upkeep\n|j| PandaoftheClouds\n|\n|t:|1738715798\n|switch|p1b: Walking Wake|Walking Wake, L50|91\/100\n|switch|p2a: Voltaire|Raging Bolt, L50|38\/100\n|-activate|p1b: Walking Wake|ability: Protosynthesis\n|-start|p1b: Walking Wake|protosynthesisspe\n|-activate|p2a: Voltaire|ability: Protosynthesis\n|-start|p2a: Voltaire|protosynthesisspa\n|turn|5\n|\n|t:|1738715817\n|-end|p2a: Voltaire|Protosynthesis|[silent]\n|switch|p2a: Joan of Arc|Ogerpon-Cornerstone, L50, F|100\/100\n|-terastallize|p1b: Walking Wake|Fire\n|move|p2b: Moctezuma|Protect|p2b: Moctezuma\n|-singleturn|p2b: Moctezuma|Protect\n|move|p1b: Walking Wake|Flamethrower|p2a: Joan of Arc\n|-damage|p2a: Joan of Arc|31\/100\n|-damage|p1b: Walking Wake|81\/100|[from] item: Life Orb\n|cant|p1a: Tornadus|par\n|\n|-weather|none\n|-end|p1b: Walking Wake|Protosynthesis\n|upkeep\n|turn|6\n|\n|t:|1738715839\n|switch|p1a: Terapagos|Terapagos, L50, M|100\/100\n|-activate|p1a: Terapagos|ability: Tera Shift\n|detailschange|p1a: Terapagos|Terapagos-Terastal, L50, M\n|-heal|p1a: Terapagos|100\/100|[silent]\n|move|p2a: Joan of Arc|Spiky Shield|p2a: Joan of Arc\n|-singleturn|p2a: Joan of Arc|move: Protect\n|move|p2b: Moctezuma|Flame Charge|p1a: Terapagos\n|-activate|p1a: Terapagos|ability: Tera Shell\n|-resisted|p1a: Terapagos\n|-damage|p1a: Terapagos|87\/100\n|-boost|p2b: Moctezuma|spe|1\n|move|p1b: Walking Wake|Hydro Steam|p2a: Joan of Arc\n|-activate|p2a: Joan of Arc|move: Protect\n|\n|-sideend|p1: Farmyom|move: Tailwind\n|upkeep\n|turn|7\n|\n|t:|1738715860\n|move|p1a: Terapagos|Protect|p1a: Terapagos\n|-singleturn|p1a: Terapagos|Protect\n|move|p2b: Moctezuma|Collision Course|p1a: Terapagos\n|-activate|p1a: Terapagos|move: Protect\n|move|p2a: Joan of Arc|Ivy Cudgel|p1b: Walking Wake|[anim] Ivy Cudgel Rock\n|-supereffective|p1b: Walking Wake\n|-damage|p1b: Walking Wake|0 fnt\n|faint|p1b: Walking Wake\n|-end|p1b: Walking Wake|Protosynthesis|[silent]\n|\n|upkeep\n|j| Reflextive\n|\n|t:|1738715869\n|switch|p1b: Tornadus|Tornadus, L50, M|33\/100 par\n|turn|8\n|\n|t:|1738715876\n|move|p1b: Tornadus|Tailwind|p1b: Tornadus\n|-sidestart|p1: Farmyom|move: Tailwind\n|move|p2b: Moctezuma|Collision Course|p1a: Terapagos\n|-supereffective|p1a: Terapagos\n|-damage|p1a: Terapagos|0 fnt\n|faint|p1a: Terapagos\n|move|p2a: Joan of Arc|Ivy Cudgel|p1b: Tornadus|[anim] Ivy Cudgel Rock\n|-supereffective|p1b: Tornadus\n|-crit|p1b: Tornadus\n|-damage|p1b: Tornadus|0 fnt\n|faint|p1b: Tornadus\n|\n|win|Forbranna\n|raw|Farmyom's rating: 1590 &rarr; <strong>1572<\/strong><br \/>(-18 for losing)\n|raw|Forbranna's rating: 1629 &rarr; <strong>1647<\/strong><br \/>(+18 for winning)\n|l| Mwahahacoughcough\n|l| PandaoftheClouds\n|l| Reflextive\n|l|\u2606Forbranna\n|player|p2|\n|j|\u2606Forbranna\n|player|p2|Forbranna|101|\n","uploadtime":1738716055,"views":19,"formatid":"gen9vgc2025regg","rating":1572,"private":0,"password":null}