{"id":"gen9vgc2025regg-2294384063","format":"[Gen 9] VGC 2025 Reg G","players":["Futomaki0610","kasdfds"],"log":"|j|\u2606Futomaki0610\n|j|\u2606kasdfds\n|t:|1738695210\n|gametype|doubles\n|player|p1|Futomaki0610|dawn|1628\n|player|p2|kasdfds|102|1562\n|teamsize|p1|6\n|teamsize|p2|6\n|gen|9\n|tier|[Gen 9] VGC 2025 Reg G\n|rated|\n|rule|Species Clause: Limit one of each Pok\u00e9mon\n|rule|Item Clause: Limit 1 of each item\n|clearpoke\n|poke|p1|Kyogre, L50|\n|poke|p1|Tornadus, L50, M|\n|poke|p1|Dondozo, L50, M|\n|poke|p1|Tatsugiri-Droopy, L50, F|\n|poke|p1|Chien-Pao, L50|\n|poke|p1|Dragonite, L50, F|\n|poke|p2|Zacian-*, L50|\n|poke|p2|Chien-Pao, L50|\n|poke|p2|Ogerpon-Wellspring, L50, F|\n|poke|p2|Tornadus, L50, M|\n|poke|p2|Snorlax, L50, F|\n|poke|p2|Okidogi, L50, M|\n|teampreview|4\n|j| bluestraggler02\n|inactive|Battle timer is ON: inactive players will automatically lose when time's up. (requested by Futomaki0610)\n|\n|t:|1738695253\n|start\n|switch|p1a: Kyogre|Kyogre, L50|100\/100\n|switch|p1b: Dondozo|Dondozo, L50, M|100\/100\n|switch|p2a: Tornadus|Tornadus, L50, M|100\/100\n|switch|p2b: Ogerpon|Ogerpon-Wellspring, L50, F|100\/100\n|-weather|RainDance|[from] ability: Drizzle|[of] p1a: Kyogre\n|turn|1\n|\n|t:|1738695266\n|switch|p1a: Tatsugiri|Tatsugiri-Droopy, L50, F|100\/100\n|-activate|p1a: Tatsugiri|ability: Commander|[of] p1b: Dondozo\n|-boost|p1b: Dondozo|atk|2\n|-boost|p1b: Dondozo|spa|2\n|-boost|p1b: Dondozo|spe|2\n|-boost|p1b: Dondozo|def|2\n|-boost|p1b: Dondozo|spd|2\n|-terastallize|p1b: Dondozo|Fairy\n|move|p2a: Tornadus|Tailwind|p2a: Tornadus\n|-sidestart|p2: kasdfds|move: Tailwind\n|move|p2b: Ogerpon|Wood Hammer|p1b: Dondozo\n|-damage|p1b: Dondozo|85\/100\n|-damage|p2b: Ogerpon|92\/100|[from] Recoil\n|move|p1b: Dondozo|Order Up|p2b: Ogerpon\n|-damage|p2b: Ogerpon|43\/100\n|-boost|p1b: Dondozo|def|1\n|\n|-weather|RainDance|[upkeep]\n|-heal|p1b: Dondozo|91\/100|[from] item: Leftovers\n|upkeep\n|turn|2\n|\n|t:|1738695285\n|move|p2a: Tornadus|Bleakwind Storm|p1a: Tatsugiri|[spread] p1b\n|-miss|p2a: Tornadus|p1a: Tatsugiri\n|-damage|p1b: Dondozo|70\/100\n|move|p2b: Ogerpon|Ivy Cudgel|p1b: Dondozo|[anim] Ivy Cudgel Water\n|-damage|p1b: Dondozo|54\/100\n|move|p1b: Dondozo|Order Up|p2a: Tornadus\n|-damage|p2a: Tornadus|49\/100\n|-boost|p1b: Dondozo|def|1\n|\n|-weather|RainDance|[upkeep]\n|-heal|p1b: Dondozo|60\/100|[from] item: Leftovers\n|upkeep\n|turn|3\n|\n|t:|1738695295\n|move|p1b: Dondozo|Protect|p1b: Dondozo\n|-singleturn|p1b: Dondozo|Protect\n|move|p2a: Tornadus|Bleakwind Storm|p1b: Dondozo|[spread] \n|-miss|p2a: Tornadus|p1a: Tatsugiri\n|-activate|p1b: Dondozo|move: Protect\n|move|p2b: Ogerpon|Ivy Cudgel|p1b: Dondozo|[anim] Ivy Cudgel Water\n|-activate|p1b: Dondozo|move: Protect\n|\n|-weather|RainDance|[upkeep]\n|-heal|p1b: Dondozo|66\/100|[from] item: Leftovers\n|upkeep\n|turn|4\n|\n|t:|1738695307\n|switch|p2a: Zacian|Zacian-Crowned, L50|100\/100\n|-ability|p2a: Zacian|Intrepid Sword|boost\n|-boost|p2a: Zacian|atk|1\n|move|p2b: Ogerpon|Ivy Cudgel|p1b: Dondozo|[anim] Ivy Cudgel Water\n|-damage|p1b: Dondozo|51\/100\n|move|p1b: Dondozo|Order Up|p2a: Zacian\n|-immune|p2a: Zacian\n|\n|-weather|RainDance|[upkeep]\n|-heal|p1b: Dondozo|57\/100|[from] item: Leftovers\n|-sideend|p2: kasdfds|move: Tailwind\n|upkeep\n|turn|5\n|\n|t:|1738695319\n|move|p2b: Ogerpon|Follow Me|p2b: Ogerpon\n|-singleturn|p2b: Ogerpon|move: Follow Me\n|move|p2a: Zacian|Behemoth Blade|p1b: Dondozo\n|-supereffective|p1b: Dondozo\n|-damage|p1b: Dondozo|37\/100\n|move|p1b: Dondozo|Body Press|p2b: Ogerpon\n|-damage|p2b: Ogerpon|0 fnt\n|faint|p2b: Ogerpon\n|\n|-weather|none\n|-heal|p1b: Dondozo|43\/100|[from] item: Leftovers\n|upkeep\n|\n|t:|1738695327\n|switch|p2b: Chien-Pao|Chien-Pao, L50|100\/100\n|-ability|p2b: Chien-Pao|Sword of Ruin\n|turn|6\n|\n|t:|1738695331\n|move|p1b: Dondozo|Protect|p1b: Dondozo\n|-singleturn|p1b: Dondozo|Protect\n|move|p2a: Zacian|Behemoth Blade|p1b: Dondozo\n|-activate|p1b: Dondozo|move: Protect\n|move|p2b: Chien-Pao|Sacred Sword|p1b: Dondozo\n|-activate|p1b: Dondozo|move: Protect\n|\n|-heal|p1b: Dondozo|49\/100|[from] item: Leftovers\n|upkeep\n|turn|7\n|\n|t:|1738695341\n|-terastallize|p2b: Chien-Pao|Stellar\n|move|p2a: Zacian|Behemoth Blade|p1b: Dondozo\n|-supereffective|p1b: Dondozo\n|-damage|p1b: Dondozo|22\/100\n|move|p2b: Chien-Pao|Sacred Sword|p1b: Dondozo\n|-resisted|p1b: Dondozo\n|-damage|p1b: Dondozo|11\/100\n|move|p1b: Dondozo|Order Up|p2b: Chien-Pao\n|-damage|p2b: Chien-Pao|50\/100\n|-boost|p1b: Dondozo|def|1\n|\n|-heal|p1b: Dondozo|17\/100|[from] item: Leftovers\n|upkeep\n|turn|8\n|\n|t:|1738695352\n|move|p1b: Dondozo|Protect|p1b: Dondozo\n|-singleturn|p1b: Dondozo|Protect\n|move|p2a: Zacian|Behemoth Blade|p1b: Dondozo\n|-activate|p1b: Dondozo|move: Protect\n|move|p2b: Chien-Pao|Ice Spinner|p1b: Dondozo\n|-activate|p1b: Dondozo|move: Protect\n|\n|-heal|p1b: Dondozo|23\/100|[from] item: Leftovers\n|upkeep\n|turn|9\n|\n|t:|1738695362\n|move|p2a: Zacian|Behemoth Blade|p1b: Dondozo\n|-supereffective|p1b: Dondozo\n|-damage|p1b: Dondozo|0 fnt\n|faint|p1b: Dondozo\n|move|p2b: Chien-Pao|Ice Spinner|p1a: Tatsugiri\n|-damage|p1a: Tatsugiri|0 fnt\n|faint|p1a: Tatsugiri\n|\n|upkeep\n|\n|t:|1738695367\n|switch|p1a: Kyogre|Kyogre, L50|100\/100\n|switch|p1b: Tornadus|Tornadus, L50, M|100\/100\n|-weather|RainDance|[from] ability: Drizzle|[of] p1a: Kyogre\n|turn|10\n|\n|t:|1738695374\n|move|p2b: Chien-Pao|Sucker Punch|p1a: Kyogre\n|-damage|p1a: Kyogre|38\/100\n|move|p1b: Tornadus|Tailwind|p1b: Tornadus\n|-sidestart|p1: Futomaki0610|move: Tailwind\n|move|p1a: Kyogre|Origin Pulse|p2b: Chien-Pao|[spread] p2a,p2b\n|-damage|p2a: Zacian|9\/100\n|-damage|p2b: Chien-Pao|0 fnt\n|faint|p2b: Chien-Pao\n|move|p2a: Zacian|Behemoth Blade|p1b: Tornadus\n|-damage|p1b: Tornadus|10\/100\n|\n|-weather|RainDance|[upkeep]\n|upkeep\n|\n|t:|1738695384\n|switch|p2b: Tornadus|Tornadus, L50, M|49\/100\n|turn|11\n|\n|t:|1738695394\n|move|p1b: Tornadus|Scary Face|p2a: Zacian\n|-unboost|p2a: Zacian|spe|2\n|move|p2b: Tornadus|Tailwind|p2b: Tornadus\n|-sidestart|p2: kasdfds|move: Tailwind\n|move|p1a: Kyogre|Water Spout|p2a: Zacian|[spread] p2a,p2b\n|-damage|p2a: Zacian|0 fnt\n|-damage|p2b: Tornadus|0 fnt\n|faint|p2a: Zacian\n|faint|p2b: Tornadus\n|\n|win|Futomaki0610\n|raw|Futomaki0610's rating: 1628 &rarr; <strong>1644<\/strong><br \/>(+16 for winning)\n|raw|kasdfds's rating: 1562 &rarr; <strong>1546<\/strong><br \/>(-16 for losing)\n|l|\u2606Futomaki0610\n|player|p1|\n|l|\u2606kasdfds\n|player|p2|\n|l| bluestraggler02\n","uploadtime":1738695643,"views":20,"formatid":"gen9vgc2025regg","rating":1546,"private":0,"password":null}