{"id":"gen9vgc2025regg-2294525638","format":"[Gen 9] VGC 2025 Reg G","players":["Groudizzle","InWINeroar"],"log":"|j|\u2606Groudizzle\n|j|\u2606InWINeroar\n|t:|1738709931\n|gametype|doubles\n|player|p1|Groudizzle|mela|1554\n|player|p2|InWINeroar|169|1564\n|teamsize|p1|6\n|teamsize|p2|6\n|gen|9\n|tier|[Gen 9] VGC 2025 Reg G\n|rated|\n|rule|Species Clause: Limit one of each Pok\u00e9mon\n|rule|Item Clause: Limit 1 of each item\n|clearpoke\n|poke|p1|Groudon, L50|\n|poke|p1|Raging Bolt, L50|\n|poke|p1|Volcarona, L50, M|\n|poke|p1|Farigiraf, L50, M|\n|poke|p1|Entei, L50|\n|poke|p1|Chien-Pao, L50|\n|poke|p2|Calyrex-Ice, L50|\n|poke|p2|Incineroar, L50, M|\n|poke|p2|Urshifu-*, L50, M|\n|poke|p2|Raging Bolt, L50|\n|poke|p2|Flutter Mane, L50|\n|poke|p2|Amoonguss, L50, F|\n|teampreview|4\n|inactive|Battle timer is ON: inactive players will automatically lose when time's up. (requested by InWINeroar)\n|inactive|Groudizzle also wants the timer to be on.\n|\n|t:|1738709957\n|start\n|switch|p1a: Groudon|Groudon, L50|100\/100\n|switch|p1b: Entei|Entei, L50|100\/100\n|switch|p2a: Flutter Mane|Flutter Mane, L50|100\/100\n|switch|p2b: Incineroar|Incineroar, L50, M|100\/100\n|-weather|SunnyDay|[from] ability: Drought|[of] p1a: Groudon\n|-activate|p2a: Flutter Mane|ability: Protosynthesis\n|-start|p2a: Flutter Mane|protosynthesisspa\n|-ability|p2b: Incineroar|Intimidate|boost\n|-fail|p1a: Groudon|unboost|[from] item: Clear Amulet|[of] p1a: Groudon\n|-fail|p1b: Entei|unboost|Attack|[from] ability: Inner Focus|[of] p1b: Entei\n|turn|1\n|\n|t:|1738709982\n|move|p2b: Incineroar|Fake Out|p1a: Groudon\n|-damage|p1a: Groudon|94\/100\n|move|p2a: Flutter Mane|Shadow Ball|p1b: Entei\n|-damage|p1b: Entei|64\/100\n|move|p1b: Entei|Sacred Fire|p2a: Flutter Mane\n|-damage|p2a: Flutter Mane|0 fnt\n|faint|p2a: Flutter Mane\n|-end|p2a: Flutter Mane|Protosynthesis|[silent]\n|cant|p1a: Groudon|flinch\n|\n|-weather|SunnyDay|[upkeep]\n|upkeep\n|\n|t:|1738709992\n|switch|p2a: Urshifu|Urshifu-Rapid-Strike, L50, M|100\/100\n|turn|2\n|\n|t:|1738710002\n|switch|p1b: Volcarona|Volcarona, L50, M|100\/100\n|-terastallize|p2a: Urshifu|Stellar\n|move|p2a: Urshifu|Surging Strikes|p1b: Volcarona\n|-supereffective|p1b: Volcarona\n|-crit|p1b: Volcarona\n|-damage|p1b: Volcarona|74\/100\n|-damage|p2a: Urshifu|84\/100|[from] item: Rocky Helmet|[of] p1b: Volcarona\n|-supereffective|p1b: Volcarona\n|-crit|p1b: Volcarona\n|-damage|p1b: Volcarona|48\/100\n|-damage|p2a: Urshifu|68\/100|[from] item: Rocky Helmet|[of] p1b: Volcarona\n|-supereffective|p1b: Volcarona\n|-crit|p1b: Volcarona\n|-damage|p1b: Volcarona|22\/100\n|-damage|p2a: Urshifu|51\/100|[from] item: Rocky Helmet|[of] p1b: Volcarona\n|-hitcount|p1b: Volcarona|3\n|move|p1a: Groudon|Precipice Blades|p2b: Incineroar|[spread] p2b\n|-miss|p1a: Groudon|p2a: Urshifu\n|-supereffective|p2b: Incineroar\n|-damage|p2b: Incineroar|20\/100\n|move|p2b: Incineroar|Flare Blitz|p1a: Groudon\n|-damage|p1a: Groudon|44\/100\n|-damage|p2b: Incineroar|3\/100|[from] Recoil\n|\n|-weather|SunnyDay|[upkeep]\n|upkeep\n|turn|3\n|\n|t:|1738710020\n|-terastallize|p1b: Volcarona|Water\n|move|p2a: Urshifu|Detect|p2a: Urshifu\n|-singleturn|p2a: Urshifu|Protect\n|move|p1b: Volcarona|Rage Powder|p1b: Volcarona\n|-singleturn|p1b: Volcarona|move: Rage Powder\n|move|p1a: Groudon|Precipice Blades|p2b: Incineroar|[spread] p2b\n|-activate|p2a: Urshifu|move: Protect\n|-supereffective|p2b: Incineroar\n|-damage|p2b: Incineroar|0 fnt\n|faint|p2b: Incineroar\n|\n|-weather|SunnyDay|[upkeep]\n|upkeep\n|\n|t:|1738710024\n|switch|p2b: Calyrex|Calyrex-Ice, L50|100\/100\n|-ability|p2b: Calyrex|As One\n|-ability|p2b: Calyrex|Unnerve\n|turn|4\n|\n|t:|1738710046\n|move|p2a: Urshifu|Close Combat|p1b: Volcarona\n|-damage|p1b: Volcarona|0 fnt\n|-unboost|p2a: Urshifu|def|1\n|-unboost|p2a: Urshifu|spd|1\n|-damage|p2a: Urshifu|35\/100|[from] item: Rocky Helmet|[of] p1b: Volcarona\n|-status|p2a: Urshifu|brn|[from] ability: Flame Body|[of] p1b: Volcarona\n|faint|p1b: Volcarona\n|move|p1a: Groudon|Precipice Blades|p2b: Calyrex|[spread] p2a,p2b\n|-damage|p2a: Urshifu|0 fnt\n|-damage|p2b: Calyrex|68\/100\n|faint|p2a: Urshifu\n|move|p2b: Calyrex|Trick Room|p2b: Calyrex\n|-fieldstart|move: Trick Room|[of] p2b: Calyrex\n|\n|-weather|SunnyDay|[upkeep]\n|upkeep\n|\n|t:|1738710052\n|switch|p1b: Farigiraf|Farigiraf, L50, M|100\/100\n|turn|5\n|\n|t:|1738710055\n|move|p2b: Calyrex|Glacial Lance|p1a: Groudon|[spread] p1a,p1b\n|-supereffective|p1a: Groudon\n|-damage|p1a: Groudon|0 fnt\n|-damage|p1b: Farigiraf|63\/100\n|faint|p1a: Groudon\n|-ability|p2b: Calyrex|Chilling Neigh|boost\n|-boost|p2b: Calyrex|atk|1\n|move|p1b: Farigiraf|Trick Room|p1b: Farigiraf\n|-fieldend|move: Trick Room\n|\n|-weather|none\n|upkeep\n|\n|t:|1738710057\n|switch|p1a: Entei|Entei, L50|64\/100\n|turn|6\n|\n|t:|1738710060\n|move|p1a: Entei|Flare Blitz|p2b: Calyrex\n|-supereffective|p2b: Calyrex\n|-damage|p2b: Calyrex|0 fnt\n|faint|p2b: Calyrex\n|-damage|p1a: Entei|43\/100|[from] Recoil\n|\n|win|Groudizzle\n|raw|Groudizzle's rating: 1554 &rarr; <strong>1575<\/strong><br \/>(+21 for winning)\n|raw|InWINeroar's rating: 1564 &rarr; <strong>1543<\/strong><br \/>(-21 for losing)\n|l|\u2606InWINeroar\n|player|p2|\n|l|\u2606Groudizzle\n|player|p1|\n","uploadtime":1738710284,"views":8,"formatid":"gen9vgc2025regg","rating":1543,"private":0,"password":null}