{"id":"gen9vgc2025regg-2294948115","format":"[Gen 9] VGC 2025 Reg G","players":["prod_axel","monoma"],"log":"|j|\u2606prod_axel\n|j|\u2606monoma\n|t:|1738771675\n|gametype|doubles\n|player|p1|prod_axel|unknown|1593\n|player|p2|monoma|101|1549\n|teamsize|p1|6\n|teamsize|p2|6\n|gen|9\n|tier|[Gen 9] VGC 2025 Reg G\n|rated|\n|rule|Species Clause: Limit one of each Pok\u00e9mon\n|rule|Item Clause: Limit 1 of each item\n|clearpoke\n|poke|p1|Calyrex-Ice, L50|\n|poke|p1|Pelipper, L50, F|\n|poke|p1|Urshifu-*, L50, M|\n|poke|p1|Rillaboom, L50, M|\n|poke|p1|Raging Bolt, L50|\n|poke|p1|Ogerpon-Cornerstone, L50, F|\n|poke|p2|Miraidon, L50|\n|poke|p2|Iron Bundle, L50|\n|poke|p2|Kingambit, L50, F|\n|poke|p2|Dragonite, L50, M|\n|poke|p2|Urshifu-*, L50, M|\n|poke|p2|Incineroar, L50, M|\n|teampreview|4\n|c|\u2606prod_axel|oh wow again hahahah\n|inactive|Battle timer is ON: inactive players will automatically lose when time's up. (requested by monoma)\n|c|\u2606prod_axel|glhf\n|inactive|prod_axel has 60 seconds left.\n|\n|t:|1738771744\n|start\n|switch|p1a: Calyrex|Calyrex-Ice, L50|100\/100\n|switch|p1b: Raging Bolt|Raging Bolt, L50|100\/100\n|switch|p2a: Miraidon|Miraidon, L50|100\/100\n|switch|p2b: Iron Bundle|Iron Bundle, L50|100\/100\n|-ability|p1a: Calyrex|As One\n|-ability|p1a: Calyrex|Unnerve\n|-fieldstart|move: Electric Terrain|[from] ability: Hadron Engine|[of] p2a: Miraidon\n|-activate|p2b: Iron Bundle|ability: Quark Drive\n|-start|p2b: Iron Bundle|quarkdrivespe\n|turn|1\n|c|\u2606monoma|glhf\n|inactive|monoma has 30 seconds left.\n|inactive|monoma has 20 seconds left.\n|inactive|prod_axel has 30 seconds left.\n|\n|t:|1738771789\n|-terastallize|p1a: Calyrex|Fairy\n|move|p2b: Iron Bundle|Protect|p2b: Iron Bundle\n|-singleturn|p2b: Iron Bundle|Protect\n|move|p1b: Raging Bolt|Thunderclap||[still]\n|-fail|p1b: Raging Bolt\n|move|p2a: Miraidon|Volt Switch|p1b: Raging Bolt\n|-resisted|p1b: Raging Bolt\n|-damage|p1b: Raging Bolt|86\/100\n|\n|t:|1738771799\n|switch|p2a: Incineroar|Incineroar, L50, M|100\/100|[from] Volt Switch\n|-ability|p2a: Incineroar|Intimidate|boost\n|-fail|p1a: Calyrex|unboost|[from] item: Clear Amulet|[of] p1a: Calyrex\n|-unboost|p1b: Raging Bolt|atk|1\n|move|p1a: Calyrex|Glacial Lance|p2b: Iron Bundle|[spread] p2a\n|-activate|p2b: Iron Bundle|move: Protect\n|-resisted|p2a: Incineroar\n|-damage|p2a: Incineroar|80\/100\n|\n|upkeep\n|turn|2\n|inactive|prod_axel has 30 seconds left.\n|\n|t:|1738771826\n|-end|p2b: Iron Bundle|Quark Drive|[silent]\n|switch|p2b: Kingambit|Kingambit, L50, F|100\/100\n|move|p2a: Incineroar|Fake Out|p1b: Raging Bolt\n|-damage|p1b: Raging Bolt|78\/100\n|cant|p1b: Raging Bolt|flinch\n|move|p1a: Calyrex|High Horsepower|p2a: Incineroar\n|-supereffective|p2a: Incineroar\n|-damage|p2a: Incineroar|26\/100\n|\n|upkeep\n|turn|3\n|\n|t:|1738771845\n|move|p1b: Raging Bolt|Thunderbolt|p2a: Incineroar\n|-damage|p2a: Incineroar|0 fnt\n|faint|p2a: Incineroar\n|move|p1a: Calyrex|High Horsepower|p2b: Kingambit|[miss]\n|-miss|p1a: Calyrex|p2b: Kingambit\n|move|p2b: Kingambit|Iron Head|p1a: Calyrex\n|-supereffective|p1a: Calyrex\n|-damage|p1a: Calyrex|48\/100\n|\n|upkeep\n|c|\u2606prod_axel|awww unlucky\n|\n|t:|1738771867\n|switch|p2a: Iron Bundle|Iron Bundle, L50|100\/100\n|-activate|p2a: Iron Bundle|ability: Quark Drive\n|-start|p2a: Iron Bundle|quarkdrivespe\n|turn|4\n|inactive|monoma has 30 seconds left.\n|\n|t:|1738771901\n|move|p1b: Raging Bolt|Thunderclap|p2a: Iron Bundle\n|-supereffective|p2a: Iron Bundle\n|-enditem|p2a: Iron Bundle|Focus Sash\n|-damage|p2a: Iron Bundle|1\/100\n|move|p2a: Iron Bundle|Freeze-Dry|p1b: Raging Bolt\n|-supereffective|p1b: Raging Bolt\n|-damage|p1b: Raging Bolt|38\/100\n|move|p1a: Calyrex|High Horsepower|p2b: Kingambit\n|-supereffective|p2b: Kingambit\n|-crit|p2b: Kingambit\n|-damage|p2b: Kingambit|6\/100\n|move|p2b: Kingambit|Metal Burst|p1a: Calyrex\n|-damage|p1a: Calyrex|0 fnt\n|faint|p1a: Calyrex\n|\n|upkeep\n|\n|t:|1738771913\n|switch|p1a: Pelipper|Pelipper, L50, F|100\/100\n|-weather|RainDance|[from] ability: Drizzle|[of] p1a: Pelipper\n|turn|5\n|\n|t:|1738771926\n|switch|p2b: Miraidon|Miraidon, L50|100\/100\n|-activate|p2b: Miraidon|ability: Hadron Engine\n|move|p2a: Iron Bundle|Protect|p2a: Iron Bundle\n|-singleturn|p2a: Iron Bundle|Protect\n|move|p1a: Pelipper|Hurricane|p2b: Miraidon\n|-resisted|p2b: Miraidon\n|-damage|p2b: Miraidon|81\/100\n|move|p1b: Raging Bolt|Thunderbolt|p2a: Iron Bundle\n|-activate|p2a: Iron Bundle|move: Protect\n|\n|-weather|RainDance|[upkeep]\n|-fieldend|move: Electric Terrain\n|-end|p2a: Iron Bundle|Quark Drive\n|upkeep\n|turn|6\n|inactive|monoma has 30 seconds left.\n|\n|t:|1738771952\n|switch|p1a: Rillaboom|Rillaboom, L50, M|100\/100\n|-fieldstart|move: Grassy Terrain|[from] ability: Grassy Surge|[of] p1a: Rillaboom\n|-terastallize|p2b: Miraidon|Fairy\n|move|p1b: Raging Bolt|Thunderclap||[still]\n|-fail|p1b: Raging Bolt\n|move|p2a: Iron Bundle|Encore||[still]\n|-fail|p2a: Iron Bundle\n|move|p2b: Miraidon|Dazzling Gleam|p1b: Raging Bolt|[spread] p1a,p1b\n|-supereffective|p1b: Raging Bolt\n|-damage|p1a: Rillaboom|44\/100\n|-damage|p1b: Raging Bolt|0 fnt\n|faint|p1b: Raging Bolt\n|-end|p1b: Raging Bolt|Protosynthesis|[silent]\n|\n|-weather|RainDance|[upkeep]\n|-heal|p2a: Iron Bundle|7\/100|[from] Grassy Terrain\n|-heal|p2b: Miraidon|87\/100|[from] Grassy Terrain\n|-heal|p1a: Rillaboom|50\/100|[from] Grassy Terrain\n|upkeep\n|\n|t:|1738771962\n|switch|p1b: Pelipper|Pelipper, L50, F|100\/100\n|turn|7\n|\n|t:|1738771975\n|switch|p2b: Kingambit|Kingambit, L50, F|6\/100\n|move|p2a: Iron Bundle|Protect|p2a: Iron Bundle\n|-singleturn|p2a: Iron Bundle|Protect\n|move|p1b: Pelipper|Wide Guard|p1b: Pelipper\n|-singleturn|p1b: Pelipper|Wide Guard\n|move|p1a: Rillaboom|Grassy Glide|p2a: Iron Bundle\n|-activate|p2a: Iron Bundle|move: Protect\n|\n|-weather|RainDance|[upkeep]\n|-heal|p2a: Iron Bundle|13\/100|[from] Grassy Terrain\n|-heal|p1a: Rillaboom|56\/100|[from] Grassy Terrain\n|-heal|p2b: Kingambit|12\/100|[from] Grassy Terrain\n|upkeep\n|turn|8\n|\n|t:|1738771999\n|-end|p2a: Iron Bundle|Quark Drive|[silent]\n|switch|p2a: Miraidon|Miraidon, L50, tera:Fairy|87\/100\n|-fieldstart|move: Electric Terrain|[from] ability: Hadron Engine|[of] p2a: Miraidon\n|move|p2b: Kingambit|Sucker Punch|p1a: Rillaboom\n|-damage|p1a: Rillaboom|17\/100\n|move|p1b: Pelipper|Hurricane|p2b: Kingambit\n|-resisted|p2b: Kingambit\n|-damage|p2b: Kingambit|0 fnt\n|faint|p2b: Kingambit\n|move|p1a: Rillaboom|Grassy Glide|p2a: Miraidon\n|-damage|p2a: Miraidon|51\/100\n|\n|-weather|RainDance|[upkeep]\n|upkeep\n|\n|t:|1738772014\n|switch|p2b: Iron Bundle|Iron Bundle, L50|13\/100\n|-activate|p2b: Iron Bundle|ability: Quark Drive\n|-start|p2b: Iron Bundle|quarkdrivespe\n|turn|9\n|inactive|prod_axel has 30 seconds left.\n|\n|t:|1738772042\n|move|p2b: Iron Bundle|Freeze-Dry|p1a: Rillaboom\n|-supereffective|p1a: Rillaboom\n|-damage|p1a: Rillaboom|0 fnt\n|faint|p1a: Rillaboom\n|move|p2a: Miraidon|Electro Drift|p1b: Pelipper\n|-supereffective|p1b: Pelipper\n|-enditem|p1b: Pelipper|Focus Sash\n|-damage|p1b: Pelipper|1\/100\n|move|p1b: Pelipper|Hurricane|p2a: Miraidon\n|-damage|p2a: Miraidon|8\/100\n|\n|-weather|none\n|upkeep\n|turn|10\n|c|\u2606prod_axel|gg\n|\n|t:|1738772058\n|move|p2b: Iron Bundle|Freeze-Dry|p1b: Pelipper\n|-supereffective|p1b: Pelipper\n|-damage|p1b: Pelipper|0 fnt\n|faint|p1b: Pelipper\n|\n|win|monoma\n|raw|prod_axel's rating: 1593 &rarr; <strong>1570<\/strong><br \/>(-23 for losing)\n|raw|monoma's rating: 1549 &rarr; <strong>1572<\/strong><br \/>(+23 for winning)\n|l|\u2606prod_axel\n|player|p1|\n|c|\u2606monoma|gg\n|l|\u2606monoma\n|player|p2|\n","uploadtime":1738772244,"views":8,"formatid":"gen9vgc2025regg","rating":1570,"private":0,"password":null}