{"id":"gen9vgc2025regg-2294749114","format":"[Gen 9] VGC 2025 Reg G","players":["zodipodi","yukita_somaru"],"log":"|j|\u2606zodipodi\n|j|\u2606yukita_somaru\n|t:|1738743780\n|gametype|doubles\n|player|p1|zodipodi|169|1570\n|player|p2|yukita_somaru|chuck|1523\n|teamsize|p1|6\n|teamsize|p2|6\n|gen|9\n|tier|[Gen 9] VGC 2025 Reg G\n|rated|\n|rule|Species Clause: Limit one of each Pok\u00e9mon\n|rule|Item Clause: Limit 1 of each item\n|clearpoke\n|poke|p1|Terapagos, L50, M|\n|poke|p1|Grimmsnarl, L50, M|\n|poke|p1|Amoonguss, L50, M|\n|poke|p1|Ogerpon-Hearthflame, L50, F|\n|poke|p1|Urshifu-*, L50, M|\n|poke|p1|Raging Bolt, L50|\n|poke|p2|Miraidon, L50|\n|poke|p2|Iron Hands, L50|\n|poke|p2|Dondozo, L50, F|\n|poke|p2|Tatsugiri-Droopy, L50, F|\n|poke|p2|Whimsicott, L50, F|\n|poke|p2|Entei, L50|\n|teampreview|4\n|\n|t:|1738743830\n|start\n|switch|p1a: Terapagos|Terapagos, L50, M|100\/100\n|switch|p1b: Grimmsnarl|Grimmsnarl, L50, M|100\/100\n|switch|p2a: \u30df\u30e9\u30a4\u30c9\u30f3|Miraidon, L50|100\/100\n|switch|p2b: \u30c6\u30c4\u30ce\u30ab\u30a4\u30ca|Iron Hands, L50|100\/100\n|-activate|p1a: Terapagos|ability: Tera Shift\n|detailschange|p1a: Terapagos|Terapagos-Terastal, L50, M\n|-heal|p1a: Terapagos|100\/100|[silent]\n|-fieldstart|move: Electric Terrain|[from] ability: Hadron Engine|[of] p2a: \u30df\u30e9\u30a4\u30c9\u30f3\n|-activate|p2b: \u30c6\u30c4\u30ce\u30ab\u30a4\u30ca|ability: Quark Drive\n|-start|p2b: \u30c6\u30c4\u30ce\u30ab\u30a4\u30ca|quarkdriveatk\n|turn|1\n|\n|t:|1738743852\n|-terastallize|p1a: Terapagos|Stellar\n|detailschange|p1a: Terapagos|Terapagos-Stellar, L50, M, tera:Stellar\n|-heal|p1a: Terapagos|100\/100|[silent]\n|-ability|p1a: Terapagos|Teraform Zero\n|-fieldend|move: Electric Terrain\n|-end|p2b: \u30c6\u30c4\u30ce\u30ab\u30a4\u30ca|Quark Drive\n|move|p1b: Grimmsnarl|Fake Out|p2b: \u30c6\u30c4\u30ce\u30ab\u30a4\u30ca\n|-damage|p2b: \u30c6\u30c4\u30ce\u30ab\u30a4\u30ca|94\/100\n|move|p2a: \u30df\u30e9\u30a4\u30c9\u30f3|Dazzling Gleam|p1b: Grimmsnarl|[spread] p1a,p1b\n|-supereffective|p1b: Grimmsnarl\n|-damage|p1a: Terapagos|84\/100\n|-damage|p1b: Grimmsnarl|65\/100\n|move|p1a: Terapagos|Tera Starstorm|p2b: \u30c6\u30c4\u30ce\u30ab\u30a4\u30ca|[spread] p2a,p2b\n|-damage|p2a: \u30df\u30e9\u30a4\u30c9\u30f3|46\/100\n|-damage|p2b: \u30c6\u30c4\u30ce\u30ab\u30a4\u30ca|60\/100\n|cant|p2b: \u30c6\u30c4\u30ce\u30ab\u30a4\u30ca|flinch\n|\n|upkeep\n|turn|2\n|\n|t:|1738743878\n|switch|p2a: \u30d8\u30a4\u30e9\u30c3\u30b7\u30e3|Dondozo, L50, F|100\/100\n|move|p1b: Grimmsnarl|Fake Tears|p2b: \u30c6\u30c4\u30ce\u30ab\u30a4\u30ca\n|-unboost|p2b: \u30c6\u30c4\u30ce\u30ab\u30a4\u30ca|spd|2\n|move|p1a: Terapagos|Tera Starstorm|p2a: \u30d8\u30a4\u30e9\u30c3\u30b7\u30e3|[spread] p2a,p2b\n|-damage|p2a: \u30d8\u30a4\u30e9\u30c3\u30b7\u30e3|26\/100\n|-damage|p2b: \u30c6\u30c4\u30ce\u30ab\u30a4\u30ca|0 fnt\n|faint|p2b: \u30c6\u30c4\u30ce\u30ab\u30a4\u30ca\n|-end|p2b: \u30c6\u30c4\u30ce\u30ab\u30a4\u30ca|Quark Drive|[silent]\n|\n|upkeep\n|inactive|Battle timer is ON: inactive players will automatically lose when time's up. (requested by zodipodi)\n|\n|t:|1738743943\n|switch|p2b: \u30df\u30e9\u30a4\u30c9\u30f3|Miraidon, L50|46\/100\n|-fieldstart|move: Electric Terrain|[from] ability: Hadron Engine|[of] p2b: \u30df\u30e9\u30a4\u30c9\u30f3\n|turn|3\n|\n|t:|1738743956\n|-terastallize|p2b: \u30df\u30e9\u30a4\u30c9\u30f3|Electric\n|move|p1b: Grimmsnarl|Sucker Punch|p2b: \u30df\u30e9\u30a4\u30c9\u30f3\n|-damage|p2b: \u30df\u30e9\u30a4\u30c9\u30f3|20\/100\n|move|p2b: \u30df\u30e9\u30a4\u30c9\u30f3|Electro Drift|p1a: Terapagos\n|-damage|p1a: Terapagos|0 fnt\n|faint|p1a: Terapagos\n|move|p2a: \u30d8\u30a4\u30e9\u30c3\u30b7\u30e3|Wave Crash|p1b: Grimmsnarl\n|-crit|p1b: Grimmsnarl\n|-damage|p1b: Grimmsnarl|0 fnt\n|faint|p1b: Grimmsnarl\n|-damage|p2a: \u30d8\u30a4\u30e9\u30c3\u30b7\u30e3|7\/100|[from] Recoil\n|\n|upkeep\n|\n|t:|1738743971\n|switch|p1a: Raging Bolt|Raging Bolt, L50|100\/100\n|switch|p1b: Amoonguss|Amoonguss, L50, M|100\/100\n|turn|4\n|\n|t:|1738743996\n|switch|p2b: \u30b7\u30e3\u30ea\u30bf\u30c4|Tatsugiri-Droopy, L50, F|100\/100\n|-activate|p2b: \u30b7\u30e3\u30ea\u30bf\u30c4|ability: Commander|[of] p2a: \u30d8\u30a4\u30e9\u30c3\u30b7\u30e3\n|-boost|p2a: \u30d8\u30a4\u30e9\u30c3\u30b7\u30e3|atk|2\n|-boost|p2a: \u30d8\u30a4\u30e9\u30c3\u30b7\u30e3|spa|2\n|-boost|p2a: \u30d8\u30a4\u30e9\u30c3\u30b7\u30e3|spe|2\n|-boost|p2a: \u30d8\u30a4\u30e9\u30c3\u30b7\u30e3|def|2\n|-boost|p2a: \u30d8\u30a4\u30e9\u30c3\u30b7\u30e3|spd|2\n|move|p1b: Amoonguss|Rage Powder|p1b: Amoonguss\n|-singleturn|p1b: Amoonguss|move: Rage Powder\n|move|p2a: \u30d8\u30a4\u30e9\u30c3\u30b7\u30e3|Earthquake|p1b: Amoonguss|[spread] p1a,p1b\n|-miss|p2a: \u30d8\u30a4\u30e9\u30c3\u30b7\u30e3|p2b: \u30b7\u30e3\u30ea\u30bf\u30c4\n|-supereffective|p1a: Raging Bolt\n|-damage|p1a: Raging Bolt|21\/100\n|-damage|p1b: Amoonguss|64\/100\n|move|p1a: Raging Bolt|Electroweb|p2b: \u30b7\u30e3\u30ea\u30bf\u30c4|[spread] p2a\n|-miss|p1a: Raging Bolt|p2b: \u30b7\u30e3\u30ea\u30bf\u30c4\n|-supereffective|p2a: \u30d8\u30a4\u30e9\u30c3\u30b7\u30e3\n|-damage|p2a: \u30d8\u30a4\u30e9\u30c3\u30b7\u30e3|0 fnt\n|faint|p2a: \u30d8\u30a4\u30e9\u30c3\u30b7\u30e3\n|\n|upkeep\n|\n|t:|1738744013\n|switch|p2a: \u30df\u30e9\u30a4\u30c9\u30f3|Miraidon, L50, tera:Electric|20\/100\n|-activate|p2a: \u30df\u30e9\u30a4\u30c9\u30f3|ability: Hadron Engine\n|turn|5\n|\n|t:|1738744030\n|move|p1b: Amoonguss|Rage Powder|p1b: Amoonguss\n|-singleturn|p1b: Amoonguss|move: Rage Powder\n|move|p2a: \u30df\u30e9\u30a4\u30c9\u30f3|Draco Meteor|p1b: Amoonguss\n|-damage|p1b: Amoonguss|0 fnt\n|-unboost|p2a: \u30df\u30e9\u30a4\u30c9\u30f3|spa|2\n|faint|p1b: Amoonguss\n|move|p2b: \u30b7\u30e3\u30ea\u30bf\u30c4|Dragon Pulse|p1a: Raging Bolt\n|-supereffective|p1a: Raging Bolt\n|-damage|p1a: Raging Bolt|0 fnt\n|faint|p1a: Raging Bolt\n|-end|p1a: Raging Bolt|Protosynthesis|[silent]\n|\n|win|yukita_somaru\n|raw|zodipodi's rating: 1570 &rarr; <strong>1547<\/strong><br \/>(-23 for losing)\n|raw|yukita_somaru's rating: 1523 &rarr; <strong>1546<\/strong><br \/>(+23 for winning)\n|l|\u2606zodipodi\n|player|p1|\n|l|\u2606yukita_somaru\n|player|p2|\n","uploadtime":1738744195,"views":5,"formatid":"gen9vgc2025regg","rating":1546,"private":0,"password":null}