{"id":"gen9vgc2025regg-2294955846","format":"[Gen 9] VGC 2025 Reg G","players":["juanessamal","monoma"],"log":"|j|\u2606juanessamal\n|j|\u2606monoma\n|t:|1738772448\n|gametype|doubles\n|player|p1|juanessamal|266|1651\n|player|p2|monoma|101|1606\n|teamsize|p1|6\n|teamsize|p2|6\n|gen|9\n|tier|[Gen 9] VGC 2025 Reg G\n|rated|\n|rule|Species Clause: Limit one of each Pok\u00e9mon\n|rule|Item Clause: Limit 1 of each item\n|clearpoke\n|poke|p1|Sableye, L50, F|\n|poke|p1|Roaring Moon, L50|\n|poke|p1|Yanmega, L50, M|\n|poke|p1|Groudon, L50|\n|poke|p1|Tornadus, L50, M|\n|poke|p1|Chi-Yu, L50|\n|poke|p2|Miraidon, L50|\n|poke|p2|Iron Bundle, L50|\n|poke|p2|Kingambit, L50, F|\n|poke|p2|Dragonite, L50, M|\n|poke|p2|Urshifu-*, L50, F|\n|poke|p2|Incineroar, L50, M|\n|teampreview|4\n|inactive|Battle timer is ON: inactive players will automatically lose when time's up. (requested by monoma)\n|\n|t:|1738772470\n|start\n|switch|p1a: Tornadus|Tornadus, L50, M|100\/100\n|switch|p1b: Chi-Yu|Chi-Yu, L50|100\/100\n|switch|p2a: Miraidon|Miraidon, L50|100\/100\n|switch|p2b: Iron Bundle|Iron Bundle, L50|100\/100\n|-ability|p1b: Chi-Yu|Beads of Ruin\n|-fieldstart|move: Electric Terrain|[from] ability: Hadron Engine|[of] p2a: Miraidon\n|-activate|p2b: Iron Bundle|ability: Quark Drive\n|-start|p2b: Iron Bundle|quarkdrivespe\n|turn|1\n|inactive|juanessamal has 30 seconds left.\n|inactive|monoma has 30 seconds left.\n|\n|t:|1738772500\n|switch|p2a: Incineroar|Incineroar, L50, M|100\/100\n|-ability|p2a: Incineroar|Intimidate|boost\n|-unboost|p1a: Tornadus|atk|1\n|-unboost|p1b: Chi-Yu|atk|1\n|move|p1a: Tornadus|Tailwind|p1a: Tornadus\n|-sidestart|p1: juanessamal|move: Tailwind\n|move|p1b: Chi-Yu|Heat Wave|p2b: Iron Bundle|[spread] p2a,p2b\n|-resisted|p2a: Incineroar\n|-damage|p2a: Incineroar|77\/100\n|-enditem|p2b: Iron Bundle|Focus Sash\n|-damage|p2b: Iron Bundle|1\/100\n|move|p2b: Iron Bundle|Icy Wind|p1b: Chi-Yu|[spread] p1a,p1b\n|-supereffective|p1a: Tornadus\n|-resisted|p1b: Chi-Yu\n|-damage|p1a: Tornadus|19\/100\n|-damage|p1b: Chi-Yu|88\/100\n|-unboost|p1b: Chi-Yu|spe|1\n|\n|upkeep\n|turn|2\n|inactive|juanessamal has 30 seconds left.\n|inactive|monoma has 30 seconds left.\n|inactive|monoma has 20 seconds left.\n|\n|t:|1738772540\n|switch|p1b: Roaring Moon|Roaring Moon, L50|100\/100\n|-enditem|p1b: Roaring Moon|Booster Energy\n|-activate|p1b: Roaring Moon|ability: Protosynthesis|[fromitem]\n|-start|p1b: Roaring Moon|protosynthesisatk\n|move|p2b: Iron Bundle|Protect|p2b: Iron Bundle\n|-singleturn|p2b: Iron Bundle|Protect\n|move|p1a: Tornadus|Bleakwind Storm|p2b: Iron Bundle|[spread] p2a\n|-activate|p2b: Iron Bundle|move: Protect\n|-damage|p2a: Incineroar|39\/100\n|move|p2a: Incineroar|U-turn|p1b: Roaring Moon\n|-supereffective|p1b: Roaring Moon\n|-damage|p1b: Roaring Moon|49\/100\n|inactive|monoma has 30 seconds left.\n|\n|t:|1738772568\n|switch|p2a: Dragonite|Dragonite, L50, M|100\/100|[from] U-turn\n|\n|upkeep\n|turn|3\n|\n|t:|1738772587\n|switch|p1a: Groudon|Groudon, L50, shiny|100\/100\n|-weather|SunnyDay|[from] ability: Drought|[of] p1a: Groudon\n|-end|p2b: Iron Bundle|Quark Drive|[silent]\n|switch|p2b: Incineroar|Incineroar, L50, M|39\/100\n|-ability|p2b: Incineroar|Intimidate|boost\n|-unboost|p1a: Groudon|atk|1\n|-unboost|p1b: Roaring Moon|atk|1\n|-terastallize|p1b: Roaring Moon|Flying\n|move|p1b: Roaring Moon|Acrobatics|p2b: Incineroar\n|-damage|p2b: Incineroar|0 fnt\n|faint|p2b: Incineroar\n|move|p2a: Dragonite|Scale Shot|p1b: Roaring Moon\n|-damage|p1b: Roaring Moon|29\/100\n|-damage|p1b: Roaring Moon|9\/100\n|-damage|p1b: Roaring Moon|0 fnt\n|faint|p1b: Roaring Moon\n|-end|p1b: Roaring Moon|Protosynthesis|[silent]\n|-hitcount|p1: Roaring Moon|3\n|-unboost|p2a: Dragonite|def|1\n|-boost|p2a: Dragonite|spe|1\n|\n|-weather|SunnyDay|[upkeep]\n|upkeep\n|inactive|juanessamal has 30 seconds left.\n|inactive|monoma has 30 seconds left.\n|\n|t:|1738772614\n|switch|p1b: Chi-Yu|Chi-Yu, L50|88\/100\n|switch|p2b: Iron Bundle|Iron Bundle, L50|1\/100\n|-ability|p1b: Chi-Yu|Beads of Ruin\n|-activate|p2b: Iron Bundle|ability: Quark Drive\n|-start|p2b: Iron Bundle|quarkdrivespe\n|turn|4\n|\n|t:|1738772628\n|move|p2b: Iron Bundle|Protect|p2b: Iron Bundle\n|-singleturn|p2b: Iron Bundle|Protect\n|move|p2a: Dragonite|Protect|p2a: Dragonite\n|-singleturn|p2a: Dragonite|Protect\n|move|p1b: Chi-Yu|Dark Pulse|p2a: Dragonite\n|-activate|p2a: Dragonite|move: Protect\n|move|p1a: Groudon|Stone Edge|p2a: Dragonite\n|-activate|p2a: Dragonite|move: Protect\n|\n|-weather|SunnyDay|[upkeep]\n|-sideend|p1: juanessamal|move: Tailwind\n|upkeep\n|turn|5\n|inactive|juanessamal has 30 seconds left.\n|inactive|monoma has 30 seconds left.\n|\n|t:|1738772659\n|move|p2b: Iron Bundle|Icy Wind|p1b: Chi-Yu|[spread] p1a,p1b\n|-supereffective|p1a: Groudon\n|-resisted|p1b: Chi-Yu\n|-damage|p1a: Groudon|48\/100\n|-damage|p1b: Chi-Yu|77\/100\n|-unboost|p1a: Groudon|spe|1\n|-unboost|p1b: Chi-Yu|spe|1\n|move|p2a: Dragonite|Scale Shot|p1b: Chi-Yu\n|-damage|p1b: Chi-Yu|50\/100\n|-damage|p1b: Chi-Yu|25\/100\n|-damage|p1b: Chi-Yu|0 fnt\n|faint|p1b: Chi-Yu\n|-hitcount|p1: Chi-Yu|3\n|-unboost|p2a: Dragonite|def|1\n|-boost|p2a: Dragonite|spe|1\n|move|p1a: Groudon|Stone Edge|p2a: Dragonite|[miss]\n|-miss|p1a: Groudon|p2a: Dragonite\n|\n|-weather|SunnyDay|[upkeep]\n|-fieldend|move: Electric Terrain\n|-end|p2b: Iron Bundle|Quark Drive\n|upkeep\n|inactive|juanessamal has 30 seconds left.\n|inactive|juanessamal has 20 seconds left.\n|inactive|juanessamal has 15 seconds left.\n|inactive|juanessamal has 10 seconds left.\n|inactive|juanessamal has 5 seconds left.\n|\n|t:|1738772714\n|switch|p1b: Tornadus|Tornadus, L50, M|19\/100\n|turn|6\n|l|\u2606juanessamal\n|inactive|juanessamal disconnected and has a minute to reconnect!\n|player|p1|\n|j| Lemmowo\n|inactive|juanessamal has 30 seconds left.\n|inactive|monoma has 30 seconds left.\n|inactive|juanessamal has 20 seconds left.\n|inactive|juanessamal has 15 seconds left.\n|inactive|monoma has 20 seconds left.\n|inactive|juanessamal has 10 seconds left.\n|inactive|monoma has 15 seconds left.\n|inactive|juanessamal has 5 seconds left.\n|inactive|monoma has 10 seconds left.\n|-message|juanessamal lost due to inactivity.\n|\n|win|monoma\n|raw|juanessamal's rating: 1651 &rarr; <strong>1628<\/strong><br \/>(-23 for losing)\n|raw|monoma's rating: 1606 &rarr; <strong>1629<\/strong><br \/>(+23 for winning)\n|l|\u2606monoma\n|player|p2|\n|l| Lemmowo\n","uploadtime":1738772938,"views":13,"formatid":"gen9vgc2025regg","rating":1628,"private":0,"password":null}