{"id":"gen9vgc2025regg-2294379255","format":"[Gen 9] VGC 2025 Reg G","players":["bertscai","Teraparkor 6"],"log":"|j|\u2606bertscai\n|j|\u2606Teraparkor 6\n|t:|1738694756\n|gametype|doubles\n|player|p1|bertscai|zinzolin|1594\n|player|p2|Teraparkor 6|102|1662\n|teamsize|p1|6\n|teamsize|p2|6\n|gen|9\n|tier|[Gen 9] VGC 2025 Reg G\n|rated|\n|rule|Species Clause: Limit one of each Pok\u00e9mon\n|rule|Item Clause: Limit 1 of each item\n|clearpoke\n|poke|p1|Weezing-Galar, L50, F|\n|poke|p1|Calyrex-Shadow, L50|\n|poke|p1|Dondozo, L50, F|\n|poke|p1|Tatsugiri-Droopy, L50, M|\n|poke|p1|Entei, L50|\n|poke|p1|Ogerpon-Cornerstone, L50, F|\n|poke|p2|Miraidon, L50|\n|poke|p2|Grimmsnarl, L50, M|\n|poke|p2|Iron Hands, L50|\n|poke|p2|Urshifu-*, L50, F|\n|poke|p2|Farigiraf, L50, M|\n|poke|p2|Chi-Yu, L50|\n|teampreview|4\n|inactive|Battle timer is ON: inactive players will automatically lose when time's up. (requested by Teraparkor 6)\n|inactive|Teraparkor 6 has 60 seconds left.\n|\n|t:|1738694794\n|start\n|switch|p1a: Calyrex|Calyrex-Shadow, L50|100\/100\n|switch|p1b: Weezing|Weezing-Galar, L50, F, shiny|100\/100\n|switch|p2a: Chi-Yu|Chi-Yu, L50|100\/100\n|switch|p2b: Farigiraf|Farigiraf, L50, M|100\/100\n|-ability|p1b: Weezing|Neutralizing Gas\n|-ability|p1a: Calyrex|As One\n|-ability|p1a: Calyrex|Unnerve\n|turn|1\n|\n|t:|1738694804\n|-terastallize|p1a: Calyrex|Normal\n|move|p2b: Farigiraf|Helping Hand|p2a: Chi-Yu\n|-singleturn|p2a: Chi-Yu|Helping Hand|[of] p2b: Farigiraf\n|move|p2a: Chi-Yu|Heat Wave|p1b: Weezing|[spread] p1b\n|-miss|p2a: Chi-Yu|p1a: Calyrex\n|-damage|p1b: Weezing|39\/100\n|move|p1a: Calyrex|Hyper Beam|p2a: Chi-Yu\n|-crit|p2a: Chi-Yu\n|-damage|p2a: Chi-Yu|0 fnt\n|-mustrecharge|p1a: Calyrex\n|faint|p2a: Chi-Yu\n|-ability|p1a: Calyrex|Grim Neigh|boost\n|-boost|p1a: Calyrex|spa|1\n|-damage|p1a: Calyrex|91\/100|[from] item: Life Orb\n|move|p1b: Weezing|Taunt|p2b: Farigiraf\n|-start|p2b: Farigiraf|move: Taunt\n|\n|upkeep\n|j| bluestraggler02\n|\n|t:|1738694820\n|switch|p2a: Urshifu|Urshifu-Rapid-Strike, L50, F|100\/100\n|turn|2\n|\n|t:|1738694826\n|move|p1b: Weezing|Protect|p1b: Weezing\n|-singleturn|p1b: Weezing|Protect\n|cant|p1a: Calyrex|recharge\n|move|p2a: Urshifu|Close Combat|p1a: Calyrex\n|-supereffective|p1a: Calyrex\n|-damage|p1a: Calyrex|0 fnt\n|-unboost|p2a: Urshifu|def|1\n|-unboost|p2a: Urshifu|spd|1\n|faint|p1a: Calyrex\n|move|p2b: Farigiraf|Psychic Noise|p1b: Weezing\n|-activate|p1b: Weezing|move: Protect\n|\n|upkeep\n|\n|t:|1738694843\n|switch|p1a: Dondozo|Dondozo, L50, F|100\/100\n|turn|3\n|j| MrHealerman\n|\n|t:|1738694856\n|-end|p1b: Weezing|ability: Neutralizing Gas\n|switch|p1b: Tatsugiri|Tatsugiri-Droopy, L50, M, shiny|100\/100\n|-activate|p1b: Tatsugiri|ability: Commander|[of] p1a: Dondozo\n|-boost|p1a: Dondozo|atk|2\n|-boost|p1a: Dondozo|spa|2\n|-boost|p1a: Dondozo|spe|2\n|-boost|p1a: Dondozo|def|2\n|-boost|p1a: Dondozo|spd|2\n|move|p1a: Dondozo|Order Up|p2a: Urshifu\n|-damage|p2a: Urshifu|67\/100\n|-boost|p1a: Dondozo|def|1\n|move|p2a: Urshifu|Surging Strikes|p1a: Dondozo\n|-resisted|p1a: Dondozo\n|-crit|p1a: Dondozo\n|-damage|p1a: Dondozo|94\/100\n|-resisted|p1a: Dondozo\n|-crit|p1a: Dondozo\n|-damage|p1a: Dondozo|87\/100\n|-resisted|p1a: Dondozo\n|-crit|p1a: Dondozo\n|-damage|p1a: Dondozo|80\/100\n|-hitcount|p1a: Dondozo|3\n|move|p2b: Farigiraf|Psychic Noise|p1a: Dondozo\n|-damage|p1a: Dondozo|65\/100\n|-start|p1a: Dondozo|move: Heal Block\n|\n|upkeep\n|turn|4\n|\n|t:|1738694870\n|move|p1a: Dondozo|Body Press|p2a: Urshifu\n|-damage|p2a: Urshifu|9\/100\n|move|p2a: Urshifu|Surging Strikes|p1a: Dondozo\n|-resisted|p1a: Dondozo\n|-crit|p1a: Dondozo\n|-damage|p1a: Dondozo|58\/100\n|-resisted|p1a: Dondozo\n|-crit|p1a: Dondozo\n|-damage|p1a: Dondozo|50\/100\n|-resisted|p1a: Dondozo\n|-crit|p1a: Dondozo\n|-damage|p1a: Dondozo|44\/100\n|-hitcount|p1a: Dondozo|3\n|move|p2b: Farigiraf|Psychic Noise|p1a: Dondozo\n|-damage|p1a: Dondozo|29\/100\n|\n|-end|p2b: Farigiraf|move: Taunt\n|-end|p1a: Dondozo|move: Heal Block\n|upkeep\n|turn|5\n|\n|t:|1738694878\n|move|p2a: Urshifu|Detect|p2a: Urshifu\n|-singleturn|p2a: Urshifu|Protect\n|move|p1a: Dondozo|Earthquake|p2a: Urshifu|[spread] p2b\n|-miss|p1a: Dondozo|p1b: Tatsugiri\n|-activate|p2a: Urshifu|move: Protect\n|-damage|p2b: Farigiraf|69\/100\n|move|p2b: Farigiraf|Psychic Noise|p1a: Dondozo\n|-damage|p1a: Dondozo|16\/100\n|-start|p1a: Dondozo|move: Heal Block\n|\n|upkeep\n|turn|6\n|\n|t:|1738694887\n|move|p1a: Dondozo|Earthquake|p2a: Urshifu|[spread] p2a,p2b\n|-miss|p1a: Dondozo|p1b: Tatsugiri\n|-damage|p2a: Urshifu|0 fnt\n|-damage|p2b: Farigiraf|39\/100\n|-enditem|p2b: Farigiraf|Sitrus Berry|[eat]\n|-heal|p2b: Farigiraf|63\/100|[from] item: Sitrus Berry\n|faint|p2a: Urshifu\n|move|p2b: Farigiraf|Psychic Noise|p1a: Dondozo\n|-damage|p1a: Dondozo|2\/100\n|\n|-end|p1a: Dondozo|move: Heal Block\n|upkeep\n|\n|t:|1738694890\n|switch|p2a: Miraidon|Miraidon, L50|100\/100\n|-fieldstart|move: Electric Terrain|[from] ability: Hadron Engine|[of] p2a: Miraidon\n|turn|7\n|\n|t:|1738694905\n|move|p2b: Farigiraf|Helping Hand|p2a: Miraidon\n|-singleturn|p2a: Miraidon|Helping Hand|[of] p2b: Farigiraf\n|move|p2a: Miraidon|Dazzling Gleam|p1a: Dondozo|[spread] p1a\n|-miss|p2a: Miraidon|p1b: Tatsugiri\n|-damage|p1a: Dondozo|0 fnt\n|faint|p1a: Dondozo\n|\n|upkeep\n|\n|t:|1738694907\n|switch|p1a: Weezing|Weezing-Galar, L50, F, shiny|39\/100\n|-ability|p1a: Weezing|Neutralizing Gas\n|turn|8\n|\n|t:|1738694921\n|-terastallize|p2a: Miraidon|Fairy\n|move|p2b: Farigiraf|Helping Hand|p2a: Miraidon\n|-singleturn|p2a: Miraidon|Helping Hand|[of] p2b: Farigiraf\n|move|p1b: Tatsugiri|Protect|p1b: Tatsugiri\n|-singleturn|p1b: Tatsugiri|Protect\n|move|p1a: Weezing|Protect|p1a: Weezing\n|-singleturn|p1a: Weezing|Protect\n|move|p2a: Miraidon|Dazzling Gleam|p1a: Weezing|[spread] \n|-activate|p1a: Weezing|move: Protect\n|-activate|p1b: Tatsugiri|move: Protect\n|\n|upkeep\n|turn|9\n|-message|bertscai forfeited.\n|\n|win|Teraparkor 6\n|raw|bertscai's rating: 1594 &rarr; <strong>1578<\/strong><br \/>(-16 for losing)\n|raw|Teraparkor 6's rating: 1662 &rarr; <strong>1678<\/strong><br \/>(+16 for winning)\n|l|\u2606bertscai\n|player|p1|\n|l|\u2606Teraparkor 6\n|player|p2|\n|l| MrHealerman\n","uploadtime":1738695088,"views":13,"formatid":"gen9vgc2025regg","rating":1578,"private":0,"password":null}