{"id":"gen9vgc2025regg-2294437439","format":"[Gen 9] VGC 2025 Reg G","players":["qunqun24","Playeroo7"],"log":"|j|\u2606qunqun24\n|j|\u2606Playeroo7\n|t:|1738700388\n|gametype|doubles\n|player|p1|qunqun24|janitor|1551\n|player|p2|Playeroo7|169|1550\n|teamsize|p1|6\n|teamsize|p2|6\n|gen|9\n|tier|[Gen 9] VGC 2025 Reg G\n|rated|\n|rule|Species Clause: Limit one of each Pok\u00e9mon\n|rule|Item Clause: Limit 1 of each item\n|clearpoke\n|poke|p1|Calyrex-Shadow, L50|\n|poke|p1|Ting-Lu, L50|\n|poke|p1|Dondozo, L50, F|\n|poke|p1|Urshifu-*, L50, M|\n|poke|p1|Ogerpon-Hearthflame, L50, F|\n|poke|p1|Whimsicott, L50, M|\n|poke|p2|Ogerpon-Hearthflame, L50, F|\n|poke|p2|Landorus, L50, M|\n|poke|p2|Roaring Moon, L50|\n|poke|p2|Urshifu-*, L50, M|\n|poke|p2|Amoonguss, L50, F|\n|poke|p2|Calyrex-Ice, L50|\n|teampreview|4\n|inactive|Battle timer is ON: inactive players will automatically lose when time's up. (requested by Playeroo7)\n|inactive|qunqun24 also wants the timer to be on.\nPlayeroo7 has agreed to open team sheets.\nqunqun24 has agreed to open team sheets.\n|showteam|p1|Calyrex-Shadow||LifeOrb|AsOneSpectrier|AstralBarrage,Substitute,Psychic,Protect||||||50|,,,,,Dark]Ting-Lu||RockyHelmet|VesselofRuin|StealthRock,SandTomb,Protect,Ruination||||||50|,,,,,Fairy]Dondozo||Leftovers|Oblivious|Yawn,WaveCrash,Fissure,Protect|||F|||50|,,,,,Dragon]Urshifu||FocusSash|UnseenFist|Detect,WickedBlow,CloseCombat,SuckerPunch|||M|||50|,,,,,Dark]Ogerpon-Hearthflame||HearthflameMask|MoldBreaker|HornLeech,IvyCudgel,FollowMe,SpikyShield|||F|||50|,,,,,Fire]Whimsicott||CovertCloak|Prankster|Moonblast,HelpingHand,Encore,Tailwind|||M|||50|,,,,,Normal\n|showteam|p2|Ogerpon-Hearthflame||HearthflameMask|MoldBreaker|IvyCudgel,HornLeech,SpikyShield,FollowMe|||F|||50|,,,,,Fire]Landorus||LifeOrb|SheerForce|EarthPower,SandsearStorm,SludgeBomb,Protect|||M|||50|,,,,,Water]Roaring Moon||BoosterEnergy|Protosynthesis|Acrobatics,KnockOff,Tailwind,Protect||||||50|,,,,,Flying]Urshifu-Rapid-Strike||MysticWater|UnseenFist|SurgingStrikes,CloseCombat,Taunt,Detect|||M|||50|,,,,,Water]Amoonguss||CovertCloak|Regenerator|Spore,PollenPuff,Protect,RagePowder|||F|||50|,,,,,Fairy]Calyrex-Ice||ClearAmulet|AsOneGlastrier|GlacialLance,HighHorsepower,TrickRoom,Protect||||||50|,,,,,Water\n|\n|t:|1738700427\n|start\n|switch|p1a: Ting-Lu|Ting-Lu, L50|100\/100\n|switch|p1b: Dondozo|Dondozo, L50, F|100\/100\n|switch|p2a: Roaring Moon|Roaring Moon, L50|100\/100\n|switch|p2b: Urshifu|Urshifu-Rapid-Strike, L50, M|100\/100\n|-ability|p1a: Ting-Lu|Vessel of Ruin\n|-enditem|p2a: Roaring Moon|Booster Energy\n|-activate|p2a: Roaring Moon|ability: Protosynthesis|[fromitem]\n|-start|p2a: Roaring Moon|protosynthesisspe\n|turn|1\n|\n|t:|1738700441\n|-terastallize|p1a: Ting-Lu|Fairy\n|move|p2a: Roaring Moon|Knock Off|p1a: Ting-Lu\n|-resisted|p1a: Ting-Lu\n|-damage|p1a: Ting-Lu|89\/100\n|-damage|p2a: Roaring Moon|84\/100|[from] item: Rocky Helmet|[of] p1a: Ting-Lu\n|-enditem|p1a: Ting-Lu|Rocky Helmet|[from] move: Knock Off|[of] p2a: Roaring Moon\n|move|p2b: Urshifu|Surging Strikes|p1a: Ting-Lu\n|-crit|p1a: Ting-Lu\n|-damage|p1a: Ting-Lu|76\/100\n|-crit|p1a: Ting-Lu\n|-damage|p1a: Ting-Lu|64\/100\n|-crit|p1a: Ting-Lu\n|-damage|p1a: Ting-Lu|52\/100\n|-hitcount|p1a: Ting-Lu|3\n|move|p1a: Ting-Lu|Stealth Rock|p2a: Roaring Moon\n|-sidestart|p2: Playeroo7|move: Stealth Rock\n|move|p1b: Dondozo|Yawn|p2a: Roaring Moon\n|-start|p2a: Roaring Moon|move: Yawn|[of] p1b: Dondozo\n|\n|upkeep\n|turn|2\n|\n|t:|1738700464\n|-end|p2a: Roaring Moon|Protosynthesis|[silent]\n|switch|p2a: Landorus|Landorus, L50, M|100\/100\n|-damage|p2a: Landorus|88\/100|[from] Stealth Rock\n|move|p2b: Urshifu|Detect|p2b: Urshifu\n|-singleturn|p2b: Urshifu|Protect\n|move|p1a: Ting-Lu|Ruination|p2b: Urshifu\n|-activate|p2b: Urshifu|move: Protect\n|move|p1b: Dondozo|Yawn|p2b: Urshifu\n|-activate|p2b: Urshifu|move: Protect\n|\n|upkeep\n|turn|3\n|inactive|qunqun24 has 30 seconds left.\n|inactive|Playeroo7 has 30 seconds left.\n|\n|t:|1738700491\n|move|p2a: Landorus|Earth Power|p1b: Dondozo\n|-damage|p1b: Dondozo|65\/100\n|move|p2b: Urshifu|Close Combat|p1b: Dondozo\n|-crit|p1b: Dondozo\n|-damage|p1b: Dondozo|12\/100\n|-unboost|p2b: Urshifu|def|1\n|-unboost|p2b: Urshifu|spd|1\n|move|p1a: Ting-Lu|Ruination|p2b: Urshifu\n|-damage|p2b: Urshifu|51\/100\n|move|p1b: Dondozo|Wave Crash|p2a: Landorus\n|-supereffective|p2a: Landorus\n|-damage|p2a: Landorus|2\/100\n|-damage|p1b: Dondozo|0 fnt|[from] Recoil\n|faint|p1b: Dondozo\n|\n|upkeep\n|\n|t:|1738700503\n|switch|p1b: Calyrex|Calyrex-Shadow, L50|100\/100\n|-ability|p1b: Calyrex|As One\n|-ability|p1b: Calyrex|Unnerve\n|turn|4\n|\n|t:|1738700509\n|switch|p2a: Roaring Moon|Roaring Moon, L50|84\/100\n|-damage|p2a: Roaring Moon|72\/100|[from] Stealth Rock\n|switch|p1a: Ogerpon|Ogerpon-Hearthflame, L50, F|100\/100\n|-ability|p1a: Ogerpon|Mold Breaker\n|move|p2b: Urshifu|Detect|p2b: Urshifu\n|-singleturn|p2b: Urshifu|Protect\n|move|p1b: Calyrex|Astral Barrage|p2b: Urshifu|[spread] p2a\n|-activate|p2b: Urshifu|move: Protect\n|-resisted|p2a: Roaring Moon\n|-damage|p2a: Roaring Moon|41\/100\n|-damage|p1b: Calyrex|91\/100|[from] item: Life Orb\n|\n|upkeep\n|turn|5\n|\n|t:|1738700526\n|move|p1a: Ogerpon|Follow Me|p1a: Ogerpon\n|-singleturn|p1a: Ogerpon|move: Follow Me\n|move|p1b: Calyrex|Astral Barrage|p2a: Roaring Moon|[spread] p2a,p2b\n|-resisted|p2a: Roaring Moon\n|-damage|p2a: Roaring Moon|12\/100\n|-damage|p2b: Urshifu|0 fnt\n|faint|p2b: Urshifu\n|-ability|p1b: Calyrex|Grim Neigh|boost\n|-boost|p1b: Calyrex|spa|1\n|-damage|p1b: Calyrex|81\/100|[from] item: Life Orb\n|move|p2a: Roaring Moon|Tailwind|p2a: Roaring Moon\n|-sidestart|p2: Playeroo7|move: Tailwind\n|\n|upkeep\n|\n|t:|1738700531\n|switch|p2b: Ogerpon|Ogerpon-Hearthflame, L50, F|100\/100\n|-damage|p2b: Ogerpon|76\/100|[from] Stealth Rock\n|-ability|p2b: Ogerpon|Mold Breaker\n|turn|6\n|\n|t:|1738700543\n|-terastallize|p2a: Roaring Moon|Flying\n|move|p1b: Calyrex|Protect|p1b: Calyrex\n|-singleturn|p1b: Calyrex|Protect\n|move|p1a: Ogerpon|Spiky Shield|p1a: Ogerpon\n|-singleturn|p1a: Ogerpon|move: Protect\n|move|p2a: Roaring Moon|Acrobatics|p1a: Ogerpon\n|-activate|p1a: Ogerpon|move: Protect\n|-damage|p2a: Roaring Moon|0 fnt|[from] Spiky Shield|[of] p1a: Ogerpon\n|faint|p2a: Roaring Moon\n|-end|p2a: Roaring Moon|Protosynthesis|[silent]\n|move|p2b: Ogerpon|Ivy Cudgel|p1b: Calyrex|[anim] Ivy Cudgel Fire\n|-activate|p1b: Calyrex|move: Protect\n|\n|upkeep\n|\n|t:|1738700549\n|switch|p2a: Landorus|Landorus, L50, M|2\/100\n|-damage|p2a: Landorus|0 fnt|[from] Stealth Rock\n|faint|p2a: Landorus\n|turn|7\n|\n|t:|1738700552\n|move|p1a: Ogerpon|Follow Me|p1a: Ogerpon\n|-singleturn|p1a: Ogerpon|move: Follow Me\n|move|p2b: Ogerpon|Ivy Cudgel|p1a: Ogerpon|[anim] Ivy Cudgel Fire\n|-damage|p1a: Ogerpon|52\/100\n|move|p1b: Calyrex|Astral Barrage|p2b: Ogerpon\n|-damage|p2b: Ogerpon|0 fnt\n|faint|p2b: Ogerpon\n|-damage|p1b: Calyrex|71\/100|[from] item: Life Orb\n|\n|win|qunqun24\n|raw|qunqun24's rating: 1551 &rarr; <strong>1571<\/strong><br \/>(+20 for winning)\n|raw|Playeroo7's rating: 1550 &rarr; <strong>1530<\/strong><br \/>(-20 for losing)\n|l|\u2606Playeroo7\n|player|p2|\n","uploadtime":1738700558,"views":18,"formatid":"gen9vgc2025regg","rating":1530,"private":0,"password":null}