{"id":"gen9vgc2025regg-2294442008","format":"[Gen 9] VGC 2025 Reg G","players":["zonavideovigilada","Diestoise"],"log":"|j|\u2606zonavideovigilada\n|j|\u2606Diestoise\n|t:|1738700861\n|gametype|doubles\n|player|p1|zonavideovigilada|102|1666\n|player|p2|Diestoise|blue|1639\n|teamsize|p1|6\n|teamsize|p2|6\n|gen|9\n|tier|[Gen 9] VGC 2025 Reg G\n|rated|\n|rule|Species Clause: Limit one of each Pok\u00e9mon\n|rule|Item Clause: Limit 1 of each item\n|clearpoke\n|poke|p1|Urshifu-*, L50, M|\n|poke|p1|Whimsicott, L50, M|\n|poke|p1|Miraidon, L50|\n|poke|p1|Iron Hands, L50|\n|poke|p1|Incineroar, L50, M|\n|poke|p1|Iron Leaves, L50|\n|poke|p2|Koraidon, L50|\n|poke|p2|Raging Bolt, L50|\n|poke|p2|Entei, L50|\n|poke|p2|Flutter Mane, L50|\n|poke|p2|Venusaur, L50, M|\n|poke|p2|Ditto, L50|\n|teampreview|4\n|j| mr pogostick\n|\n|t:|1738700956\n|start\n|switch|p1a: Miraidon|Miraidon, L50|100\/100\n|switch|p1b: Iron Hands|Iron Hands, L50|100\/100\n|switch|p2a: Flutter Mane|Flutter Mane, L50, shiny|100\/100\n|switch|p2b: Koraidon|Koraidon, L50|100\/100\n|-weather|SunnyDay|[from] ability: Orichalcum Pulse|[of] p2b: Koraidon\n|-activate|p2a: Flutter Mane|ability: Protosynthesis\n|-start|p2a: Flutter Mane|protosynthesisspe\n|-activate|p2b: Koraidon|Orichalcum Pulse|[source]\n|-fieldstart|move: Electric Terrain|[from] ability: Hadron Engine|[of] p1a: Miraidon\n|-activate|p1b: Iron Hands|ability: Quark Drive\n|-start|p1b: Iron Hands|quarkdriveatk\n|-enditem|p1b: Iron Hands|Electric Seed\n|-boost|p1b: Iron Hands|def|1|[from] item: Electric Seed\n|turn|1\n|\n|t:|1738700974\n|switch|p1a: Whimsicott|Whimsicott, L50, M|100\/100\n|-terastallize|p1b: Iron Hands|Fire\n|move|p2a: Flutter Mane|Protect|p2a: Flutter Mane\n|-singleturn|p2a: Flutter Mane|Protect\n|move|p2b: Koraidon|Protect|p2b: Koraidon\n|-singleturn|p2b: Koraidon|Protect\n|move|p1b: Iron Hands|Thunder Punch|p2a: Flutter Mane\n|-activate|p2a: Flutter Mane|move: Protect\n|\n|-weather|SunnyDay|[upkeep]\n|upkeep\n|turn|2\n|j| Funn yIy\n|inactive|Battle timer is ON: inactive players will automatically lose when time's up. (requested by zonavideovigilada)\n|\n|t:|1738701019\n|move|p1a: Whimsicott|Encore|p2b: Koraidon\n|-start|p2b: Koraidon|Encore\n|move|p2a: Flutter Mane|Shadow Ball|p1b: Iron Hands\n|-damage|p1b: Iron Hands|70\/100\n|move|p2b: Koraidon|Protect|p2b: Koraidon\n|-singleturn|p2b: Koraidon|Protect\n|move|p1b: Iron Hands|Thunder Punch|p2a: Flutter Mane\n|-enditem|p2a: Flutter Mane|Focus Sash\n|-damage|p2a: Flutter Mane|1\/100\n|\n|-weather|SunnyDay|[upkeep]\n|upkeep\n|turn|3\n|inactive|zonavideovigilada has 30 seconds left.\n|inactive|Diestoise has 30 seconds left.\n|inactive|zonavideovigilada has 20 seconds left.\n|inactive|Diestoise has 20 seconds left.\n|\n|t:|1738701058\n|-end|p2a: Flutter Mane|Protosynthesis|[silent]\n|switch|p2a: Raging Bolt|Raging Bolt, L50|100\/100\n|-activate|p2a: Raging Bolt|ability: Protosynthesis\n|-start|p2a: Raging Bolt|protosynthesisspa\n|switch|p2b: Entei|Entei, L50|100\/100\n|move|p1a: Whimsicott|Tailwind|p1a: Whimsicott\n|-sidestart|p1: zonavideovigilada|move: Tailwind\n|move|p1b: Iron Hands|Drain Punch|p2b: Entei\n|-damage|p2b: Entei|47\/100\n|-heal|p1b: Iron Hands|95\/100|[from] drain|[of] p2b: Entei\n|\n|-weather|SunnyDay|[upkeep]\n|upkeep\n|turn|4\n|\n|t:|1738701078\n|move|p1a: Whimsicott|Light Screen|p1a: Whimsicott\n|-sidestart|p1: zonavideovigilada|move: Light Screen\n|move|p1b: Iron Hands|Drain Punch|p2b: Entei\n|-damage|p2b: Entei|0 fnt\n|-heal|p1b: Iron Hands|100\/100|[from] drain|[of] p2b: Entei\n|faint|p2b: Entei\n|move|p2a: Raging Bolt|Draco Meteor|p1b: Iron Hands\n|-damage|p1b: Iron Hands|40\/100\n|-unboost|p2a: Raging Bolt|spa|2\n|-damage|p2a: Raging Bolt|91\/100|[from] item: Life Orb\n|\n|-weather|SunnyDay|[upkeep]\n|upkeep\n|\n|t:|1738701095\n|switch|p2b: Koraidon|Koraidon, L50|100\/100\n|-activate|p2b: Koraidon|ability: Orichalcum Pulse\n|turn|5\n|\n|t:|1738701114\n|-terastallize|p2b: Koraidon|Fire\n|move|p1a: Whimsicott|Moonblast|p2a: Raging Bolt\n|-supereffective|p2a: Raging Bolt\n|-damage|p2a: Raging Bolt|49\/100\n|move|p2b: Koraidon|Flare Blitz|p1a: Whimsicott\n|-supereffective|p1a: Whimsicott\n|-damage|p1a: Whimsicott|0 fnt\n|faint|p1a: Whimsicott\n|-damage|p2b: Koraidon|69\/100|[from] Recoil\n|move|p1b: Iron Hands|Drain Punch|p2b: Koraidon\n|-damage|p2b: Koraidon|16\/100\n|-heal|p1b: Iron Hands|60\/100|[from] drain|[of] p2b: Koraidon\n|move|p2a: Raging Bolt|Thunderbolt|p1b: Iron Hands\n|-damage|p1b: Iron Hands|33\/100\n|-damage|p2a: Raging Bolt|39\/100|[from] item: Life Orb\n|\n|-weather|none\n|-end|p2a: Raging Bolt|Protosynthesis\n|-fieldend|move: Electric Terrain\n|-end|p1b: Iron Hands|Quark Drive\n|upkeep\n|\n|t:|1738701133\n|switch|p1a: Iron Leaves|Iron Leaves, L50|100\/100\n|turn|6\n|\n|t:|1738701158\n|move|p2b: Koraidon|Protect|p2b: Koraidon\n|-singleturn|p2b: Koraidon|Protect\n|move|p2a: Raging Bolt|Thunderclap|p1a: Iron Leaves\n|-resisted|p1a: Iron Leaves\n|-damage|p1a: Iron Leaves|92\/100\n|-damage|p2a: Raging Bolt|29\/100|[from] item: Life Orb\n|move|p1a: Iron Leaves|Psyblade|p2a: Raging Bolt\n|-damage|p2a: Raging Bolt|0 fnt\n|faint|p2a: Raging Bolt\n|-end|p2a: Raging Bolt|Protosynthesis|[silent]\n|-damage|p1a: Iron Leaves|82\/100|[from] item: Life Orb\n|move|p1b: Iron Hands|Drain Punch|p2b: Koraidon\n|-activate|p2b: Koraidon|move: Protect\n|\n|-sideend|p1: zonavideovigilada|move: Tailwind\n|upkeep\n|\n|t:|1738701164\n|switch|p2a: Flutter Mane|Flutter Mane, L50, shiny|1\/100\n|turn|7\n|inactive|zonavideovigilada has 30 seconds left.\n|inactive|Diestoise has 30 seconds left.\n|\n|t:|1738701209\n|-end|p1b: Iron Hands|Quark Drive|[silent]\n|switch|p1b: Miraidon|Miraidon, L50|100\/100\n|-fieldstart|move: Electric Terrain|[from] ability: Hadron Engine|[of] p1b: Miraidon\n|-activate|p1a: Iron Leaves|ability: Quark Drive\n|-start|p1a: Iron Leaves|quarkdrivespe\n|move|p2a: Flutter Mane|Protect|p2a: Flutter Mane\n|-singleturn|p2a: Flutter Mane|Protect\n|move|p1a: Iron Leaves|Psyblade|p2b: Koraidon\n|-damage|p2b: Koraidon|0 fnt\n|faint|p2b: Koraidon\n|-damage|p1a: Iron Leaves|72\/100|[from] item: Life Orb\n|\n|upkeep\n|turn|8\n|-message|Diestoise forfeited.\n|\n|win|zonavideovigilada\n|raw|zonavideovigilada's rating: 1666 &rarr; <strong>1684<\/strong><br \/>(+18 for winning)\n|raw|Diestoise's rating: 1639 &rarr; <strong>1621<\/strong><br \/>(-18 for losing)\n|l|\u2606Diestoise\n|player|p2|\n|l|\u2606zonavideovigilada\n|player|p1|\n|l| Funn yIy\n","uploadtime":1738701471,"views":10,"formatid":"gen9vgc2025regg","rating":1621,"private":0,"password":null}