{"id":"gen9vgc2025regg-2294689996","format":"[Gen 9] VGC 2025 Reg G","players":["GeorgeBraun","sawawa256"],"log":"|j|\u2606GeorgeBraun\n|j|\u2606sawawa256\n|t:|1738732134\n|gametype|doubles\n|player|p1|GeorgeBraun|gentleman-gen4|1577\n|player|p2|sawawa256|hilbert|1713\n|teamsize|p1|6\n|teamsize|p2|6\n|gen|9\n|tier|[Gen 9] VGC 2025 Reg G\n|rated|\n|rule|Species Clause: Limit one of each Pok\u00e9mon\n|rule|Item Clause: Limit 1 of each item\n|clearpoke\n|poke|p1|Raichu, L50, F|\n|poke|p1|Hitmontop, L50, M|\n|poke|p1|Kyogre, L50|\n|poke|p1|Iron Bundle, L50|\n|poke|p1|Tornadus, L50, M|\n|poke|p1|Urshifu-*, L50, F|\n|poke|p2|Calyrex-Ice, L50|\n|poke|p2|Farigiraf, L50, F|\n|poke|p2|Ogerpon-Hearthflame, L50, F|\n|poke|p2|Torkoal, L50, M|\n|poke|p2|Urshifu-*, L50, F|\n|poke|p2|Raging Bolt, L50|\n|teampreview|4\n|inactive|Battle timer is ON: inactive players will automatically lose when time's up. (requested by GeorgeBraun)\n|inactive|GeorgeBraun has 60 seconds left.\n|inactive|sawawa256 has 60 seconds left.\n|j| Rabbithorn05\n|\n|t:|1738732181\n|start\n|switch|p1a: Raichu|Raichu, L50, F|100\/100\n|switch|p1b: Urshifu|Urshifu, L50, F|100\/100\n|switch|p2a: Raging Bolt|Raging Bolt, L50|100\/100\n|switch|p2b: Urshifu|Urshifu, L50, F|100\/100\n|turn|1\n|\n|t:|1738732206\n|move|p2b: Urshifu|Protect|p2b: Urshifu\n|-singleturn|p2b: Urshifu|Protect\n|move|p1a: Raichu|Fake Out|p2b: Urshifu\n|-activate|p2b: Urshifu|move: Protect\n|move|p1b: Urshifu|Wicked Blow|p2a: Raging Bolt\n|-crit|p2a: Raging Bolt\n|-damage|p2a: Raging Bolt|31\/100\n|-damage|p1b: Urshifu|91\/100|[from] item: Life Orb\n|move|p2a: Raging Bolt|Electroweb|p1b: Urshifu|[spread] p1b\n|-ability|p1a: Raichu|Lightning Rod|boost\n|-boost|p1a: Raichu|spa|1\n|-crit|p1b: Urshifu\n|-damage|p1b: Urshifu|40\/100\n|-unboost|p1b: Urshifu|spe|1\n|\n|upkeep\n|turn|2\n|inactive|sawawa256 has 30 seconds left.\n|\n|t:|1738732234\n|move|p1a: Raichu|Nuzzle|p2b: Urshifu\n|-damage|p2b: Urshifu|93\/100\n|-status|p2b: Urshifu|par\n|move|p2a: Raging Bolt|Dragon Pulse|p1b: Urshifu\n|-damage|p1b: Urshifu|0 fnt\n|faint|p1b: Urshifu\n|move|p2b: Urshifu|Wicked Blow|p1a: Raichu\n|-crit|p1a: Raichu\n|-damage|p1a: Raichu|0 fnt\n|faint|p1a: Raichu\n|\n|upkeep\n|\n|t:|1738732241\n|switch|p1a: Kyogre|Kyogre, L50|100\/100\n|switch|p1b: Hitmontop|Hitmontop, L50, M|100\/100\n|-weather|RainDance|[from] ability: Drizzle|[of] p1a: Kyogre\n|-ability|p1b: Hitmontop|Intimidate|boost\n|-unboost|p2a: Raging Bolt|atk|1\n|-unboost|p2b: Urshifu|atk|1\n|turn|3\n|\n|t:|1738732265\n|-end|p2a: Raging Bolt|Protosynthesis|[silent]\n|switch|p2a: Ogerpon|Ogerpon-Hearthflame, L50, F|100\/100\n|-ability|p2a: Ogerpon|Mold Breaker\n|-terastallize|p1a: Kyogre|Grass\n|move|p2b: Urshifu|Protect|p2b: Urshifu\n|-singleturn|p2b: Urshifu|Protect\n|move|p1b: Hitmontop|Feint|p2b: Urshifu\n|-activate|p2b: Urshifu|move: Feint\n|-damage|p2b: Urshifu|85\/100 par\n|move|p1a: Kyogre|Water Spout|p2b: Urshifu|[spread] p2a,p2b\n|-damage|p2a: Ogerpon|0 fnt\n|-damage|p2b: Urshifu|0 fnt\n|faint|p2a: Ogerpon\n|faint|p2b: Urshifu\n|\n|-weather|RainDance|[upkeep]\n|upkeep\n|\n|t:|1738732283\n|switch|p2b: Raging Bolt|Raging Bolt, L50|31\/100\n|switch|p2a: Calyrex|Calyrex-Ice, L50|100\/100\n|-ability|p2a: Calyrex|As One\n|-ability|p2a: Calyrex|Unnerve\n|turn|4\n|\n|t:|1738732300\n|move|p1b: Hitmontop|Wide Guard|p1b: Hitmontop\n|-singleturn|p1b: Hitmontop|Wide Guard\n|move|p1a: Kyogre|Water Spout|p2b: Raging Bolt|[spread] p2a,p2b\n|-resisted|p2b: Raging Bolt\n|-damage|p2a: Calyrex|23\/100\n|-damage|p2b: Raging Bolt|0 fnt\n|faint|p2b: Raging Bolt\n|-end|p2b: Raging Bolt|Protosynthesis|[silent]\n|move|p2a: Calyrex|Trick Room|p2a: Calyrex\n|-fieldstart|move: Trick Room|[of] p2a: Calyrex\n|\n|-weather|RainDance|[upkeep]\n|upkeep\n|turn|5\n|\n|t:|1738732313\n|move|p1b: Hitmontop|Wide Guard|p1b: Hitmontop\n|-singleturn|p1b: Hitmontop|Wide Guard\n|move|p2a: Calyrex|Glacial Lance|p1a: Kyogre|[spread] \n|-activate|p1a: Kyogre|move: Wide Guard\n|-activate|p1b: Hitmontop|move: Wide Guard\n|move|p1a: Kyogre|Water Spout|p2a: Calyrex\n|-damage|p2a: Calyrex|0 fnt\n|faint|p2a: Calyrex\n|\n|win|GeorgeBraun\n|raw|GeorgeBraun's rating: 1577 &rarr; <strong>1604<\/strong><br \/>(+27 for winning)\n|raw|sawawa256's rating: 1713 &rarr; <strong>1686<\/strong><br \/>(-27 for losing)\n|l|\u2606sawawa256\n|player|p2|\n","uploadtime":1738732454,"views":11,"formatid":"gen9vgc2025regg","rating":1604,"private":0,"password":null}