{"id":"gen9vgc2025regg-2294980903","format":"[Gen 9] VGC 2025 Reg G","players":["Farhaz_VGC","infinitygroudon"],"log":"|j|\u2606Farhaz_VGC\n|j|\u2606infinitygroudon\n|t:|1738774914\n|gametype|doubles\n|player|p1|Farhaz_VGC|rosa|1591\n|player|p2|infinitygroudon|265|1615\n|teamsize|p1|6\n|teamsize|p2|6\n|gen|9\n|tier|[Gen 9] VGC 2025 Reg G\n|rated|\n|rule|Species Clause: Limit one of each Pok\u00e9mon\n|rule|Item Clause: Limit 1 of each item\n|clearpoke\n|poke|p1|Tornadus, L50, M|\n|poke|p1|Urshifu-*, L50, F|\n|poke|p1|Incineroar, L50, M|\n|poke|p1|Landorus-Therian, L50, M|\n|poke|p1|Calyrex-Shadow, L50|\n|poke|p1|Farigiraf, L50, M|\n|poke|p2|Calyrex-Shadow, L50|\n|poke|p2|Incineroar, L50, M|\n|poke|p2|Weezing-Galar, L50, M|\n|poke|p2|Indeedee-F, L50, F|\n|poke|p2|Iron Valiant, L50|\n|poke|p2|Ursaluna-Bloodmoon, L50, M|\n|teampreview|4\n|\n|t:|1738774975\n|start\n|switch|p1a: Urshifu|Urshifu, L50, F|100\/100\n|switch|p1b: Tornadus|Tornadus, L50, M|100\/100\n|switch|p2a: Suthen|Indeedee-F, L50, F|100\/100\n|switch|p2b: Duncan|Calyrex-Shadow, L50|100\/100\n|-ability|p2b: Duncan|As One\n|-ability|p2b: Duncan|Unnerve\n|-fieldstart|move: Psychic Terrain|[from] ability: Psychic Surge|[of] p2a: Suthen\n|turn|1\n|inactive|Battle timer is ON: inactive players will automatically lose when time's up. (requested by Farhaz_VGC)\n|\n|t:|1738775004\n|switch|p2b: Mr. Gassy|Weezing-Galar, L50, M|100\/100\n|-ability|p2b: Mr. Gassy|Neutralizing Gas\n|move|p1a: Urshifu|Wicked Blow|p2a: Suthen\n|-supereffective|p2a: Suthen\n|-crit|p2a: Suthen\n|-damage|p2a: Suthen|0 fnt\n|-damage|p1a: Urshifu|84\/100|[from] item: Rocky Helmet|[of] p2a: Suthen\n|faint|p2a: Suthen\n|move|p1b: Tornadus|Bleakwind Storm|p2b: Mr. Gassy\n|-damage|p2b: Mr. Gassy|53\/100\n|\n|upkeep\n|\n|t:|1738775016\n|switch|p2a: Duncan|Calyrex-Shadow, L50|100\/100\n|-ability|p2a: Duncan|As One\n|-ability|p2a: Duncan|Unnerve\n|turn|2\n|\n|t:|1738775026\n|-terastallize|p2a: Duncan|Normal\n|move|p2a: Duncan|Expanding Force|p1b: Tornadus|[spread] p1b\n|-immune|p1a: Urshifu\n|-damage|p1b: Tornadus|0 fnt\n|faint|p1b: Tornadus\n|-ability|p2a: Duncan|Grim Neigh|boost\n|-boost|p2a: Duncan|spa|1\n|-damage|p2a: Duncan|91\/100|[from] item: Life Orb\n|move|p1a: Urshifu|Wicked Blow|p2a: Duncan\n|-crit|p2a: Duncan\n|-damage|p2a: Duncan|7\/100\n|move|p2b: Mr. Gassy|Will-O-Wisp|p1a: Urshifu|[miss]\n|-miss|p2b: Mr. Gassy|p1a: Urshifu\n|\n|upkeep\n|j| Maikeng\n|inactive|Farhaz_VGC has 30 seconds left.\n|\n|t:|1738775061\n|switch|p1b: Calyrex|Calyrex-Shadow, L50|100\/100\n|-ability|p1b: Calyrex|As One\n|-ability|p1b: Calyrex|Unnerve\n|turn|3\n|\n|t:|1738775081\n|-terastallize|p1b: Calyrex|Normal\n|move|p2a: Duncan|Protect|p2a: Duncan\n|-singleturn|p2a: Duncan|Protect\n|move|p2b: Mr. Gassy|Protect|p2b: Mr. Gassy\n|-singleturn|p2b: Mr. Gassy|Protect\n|move|p1b: Calyrex|Psychic|p2a: Duncan\n|-activate|p2a: Duncan|move: Protect\n|move|p1a: Urshifu|Wicked Blow|p2b: Mr. Gassy\n|-activate|p2b: Mr. Gassy|move: Protect\n|\n|upkeep\n|turn|4\n|\n|t:|1738775099\n|move|p2a: Duncan|Expanding Force|p1a: Urshifu|[spread] p1b\n|-immune|p1a: Urshifu\n|-damage|p1b: Calyrex|0 fnt\n|faint|p1b: Calyrex\n|-ability|p2a: Duncan|Grim Neigh|boost\n|-boost|p2a: Duncan|spa|1\n|-damage|p2a: Duncan|0 fnt|[from] item: Life Orb\n|faint|p2a: Duncan\n|move|p1a: Urshifu|Wicked Blow|p2b: Mr. Gassy\n|-resisted|p2b: Mr. Gassy\n|-crit|p2b: Mr. Gassy\n|-damage|p2b: Mr. Gassy|23\/100\n|-enditem|p2b: Mr. Gassy|Sitrus Berry|[eat]\n|-heal|p2b: Mr. Gassy|47\/100|[from] item: Sitrus Berry\n|move|p2b: Mr. Gassy|Sludge Bomb|p1a: Urshifu\n|-damage|p1a: Urshifu|41\/100\n|\n|upkeep\n|\n|t:|1738775113\n|switch|p2a: Charming|Iron Valiant, L50, shiny|100\/100\n|switch|p1b: Landorus|Landorus-Therian, L50, M|100\/100\n|turn|5\n|\n|t:|1738775130\n|move|p1a: Urshifu|Detect|p1a: Urshifu\n|-singleturn|p1a: Urshifu|Protect\n|move|p2b: Mr. Gassy|Protect|p2b: Mr. Gassy\n|-singleturn|p2b: Mr. Gassy|Protect\n|move|p2a: Charming|Spirit Break|p1b: Landorus\n|-damage|p1b: Landorus|60\/100\n|-unboost|p1b: Landorus|spa|1\n|move|p1b: Landorus|Earthquake|p2a: Charming|[spread] p2a\n|-activate|p1a: Urshifu|move: Protect\n|-activate|p2b: Mr. Gassy|move: Protect\n|-damage|p2a: Charming|44\/100\n|\n|-fieldend|move: Psychic Terrain\n|upkeep\n|turn|6\n|\n|t:|1738775154\n|move|p1a: Urshifu|Sucker Punch|p2a: Charming\n|-resisted|p2a: Charming\n|-damage|p2a: Charming|33\/100\n|move|p2a: Charming|Spirit Break|p1b: Landorus\n|-damage|p1b: Landorus|24\/100\n|-unboost|p1b: Landorus|spa|1\n|move|p1b: Landorus|Earthquake|p2a: Charming|[spread] p1a,p2a,p2b\n|-supereffective|p2b: Mr. Gassy\n|-damage|p1a: Urshifu|0 fnt\n|-damage|p2a: Charming|0 fnt\n|-damage|p2b: Mr. Gassy|0 fnt\n|faint|p1a: Urshifu\n|faint|p2a: Charming\n|-end|p2a: Charming|Quark Drive|[silent]\n|faint|p2b: Mr. Gassy\n|-end|p2b: Mr. Gassy|ability: Neutralizing Gas\n|\n|win|Farhaz_VGC\n|raw|Farhaz_VGC's rating: 1591 &rarr; <strong>1612<\/strong><br \/>(+21 for winning)\n|raw|infinitygroudon's rating: 1615 &rarr; <strong>1594<\/strong><br \/>(-21 for losing)\n|l|\u2606infinitygroudon\n|player|p2|\n|l|\u2606Farhaz_VGC\n|player|p1|\n|l| Maikeng\n|j| Maikeng\n|l| Maikeng\n","uploadtime":1738775388,"views":13,"formatid":"gen9vgc2025regg","rating":1594,"private":0,"password":null}