{"id":"gen9vgc2025regg-2294683893","format":"[Gen 9] VGC 2025 Reg G","players":["give-upVGC","fuleya"],"log":"|j|\u2606give-upVGC\n|j|\u2606fuleya\n|t:|1738731126\n|gametype|doubles\n|player|p1|give-upVGC|265|1555\n|player|p2|fuleya|1|1567\n|teamsize|p1|6\n|teamsize|p2|6\n|gen|9\n|tier|[Gen 9] VGC 2025 Reg G\n|rated|\n|rule|Species Clause: Limit one of each Pok\u00e9mon\n|rule|Item Clause: Limit 1 of each item\n|clearpoke\n|poke|p1|Ogerpon-Hearthflame, L50, F|\n|poke|p1|Roaring Moon, L50|\n|poke|p1|Calyrex-Ice, L50|\n|poke|p1|Landorus, L50, M|\n|poke|p1|Urshifu-*, L50, M|\n|poke|p1|Amoonguss, L50, F|\n|poke|p2|Calyrex-Ice, L50|\n|poke|p2|Landorus, L50, M|\n|poke|p2|Amoonguss, L50, M|\n|poke|p2|Urshifu-*, L50, M|\n|poke|p2|Roaring Moon, L50|\n|poke|p2|Ogerpon-Hearthflame, L50, F|\n|teampreview|4\n|\n|t:|1738731148\n|start\n|switch|p1a: Urshifu|Urshifu-Rapid-Strike, L50, M|100\/100\n|switch|p1b: Calyrex|Calyrex-Ice, L50|100\/100\n|switch|p2a: Ogerpon|Ogerpon-Hearthflame, L50, F|100\/100\n|switch|p2b: Urshifu|Urshifu-Rapid-Strike, L50, M|100\/100\n|-ability|p1b: Calyrex|As One\n|-ability|p1b: Calyrex|Unnerve\n|-ability|p2a: Ogerpon|Mold Breaker\n|turn|1\n|\n|t:|1738731181\n|-terastallize|p2a: Ogerpon|Fire\n|detailschange|p2a: Ogerpon|Ogerpon-Hearthflame-Tera, L50, F, tera:Fire\n|-ability|p2a: Ogerpon|Embody Aspect (Hearthflame)|boost\n|-boost|p2a: Ogerpon|atk|1\n|-terastallize|p1b: Calyrex|Water\n|move|p2a: Ogerpon|Horn Leech|p1a: Urshifu\n|-supereffective|p1a: Urshifu\n|-crit|p1a: Urshifu\n|-damage|p1a: Urshifu|0 fnt\n|faint|p1a: Urshifu\n|move|p2b: Urshifu|Surging Strikes|p1b: Calyrex\n|-resisted|p1b: Calyrex\n|-crit|p1b: Calyrex\n|-damage|p1b: Calyrex|93\/100\n|-resisted|p1b: Calyrex\n|-crit|p1b: Calyrex\n|-damage|p1b: Calyrex|86\/100\n|-resisted|p1b: Calyrex\n|-crit|p1b: Calyrex\n|-damage|p1b: Calyrex|78\/100\n|-hitcount|p1b: Calyrex|3\n|move|p1b: Calyrex|Glacial Lance|p2b: Urshifu|[spread] p2a,p2b\n|-resisted|p2a: Ogerpon\n|-resisted|p2b: Urshifu\n|-damage|p2a: Ogerpon|79\/100\n|-damage|p2b: Urshifu|75\/100\n|\n|upkeep\n|\n|t:|1738731191\n|switch|p1a: Landorus|Landorus, L50, M|100\/100\n|turn|2\n|j| Salvato1902V\n|\n|t:|1738731226\n|move|p1a: Landorus|Sandsear Storm|p2b: Urshifu|[spread] p2a,p2b\n|-supereffective|p2a: Ogerpon\n|-damage|p2a: Ogerpon|0 fnt\n|-damage|p2b: Urshifu|0 fnt\n|faint|p2a: Ogerpon\n|faint|p2b: Urshifu\n|move|p1b: Calyrex|Glacial Lance|p2: Ogerpon|[notarget]\n|-fail|p1b: Calyrex\n|\n|upkeep\n|\n|t:|1738731230\n|switch|p2a: Landorus|Landorus, L50, M|100\/100\n|switch|p2b: Calyrex|Calyrex-Ice, L50|100\/100\n|-ability|p2b: Calyrex|As One\n|-ability|p2b: Calyrex|Unnerve\n|turn|3\n|\n|t:|1738731245\n|move|p2a: Landorus|Protect|p2a: Landorus\n|-singleturn|p2a: Landorus|Protect\n|move|p1a: Landorus|Protect|p1a: Landorus\n|-singleturn|p1a: Landorus|Protect\n|move|p1b: Calyrex|Glacial Lance|p2a: Landorus|[spread] p2b\n|-activate|p2a: Landorus|move: Protect\n|-resisted|p2b: Calyrex\n|-damage|p2b: Calyrex|85\/100\n|move|p2b: Calyrex|High Horsepower|p1b: Calyrex\n|-damage|p1b: Calyrex|52\/100\n|\n|upkeep\n|turn|4\n|\n|t:|1738731256\n|move|p2a: Landorus|Earth Power|p1b: Calyrex\n|-damage|p1b: Calyrex|0 fnt\n|faint|p1b: Calyrex\n|move|p1a: Landorus|Earth Power|p2b: Calyrex\n|-damage|p2b: Calyrex|39\/100\n|move|p2b: Calyrex|Glacial Lance|p1a: Landorus\n|-supereffective|p1a: Landorus\n|-damage|p1a: Landorus|0 fnt\n|faint|p1a: Landorus\n|-ability|p2b: Calyrex|Chilling Neigh|boost\n|-boost|p2b: Calyrex|atk|1\n|\n|upkeep\n|\n|t:|1738731260\n|switch|p1b: Ogerpon|Ogerpon-Hearthflame, L50, F|100\/100\n|-ability|p1b: Ogerpon|Mold Breaker\n|turn|5\n|-message|give-upVGC forfeited.\n|\n|win|fuleya\n|raw|give-upVGC's rating: 1555 &rarr; <strong>1536<\/strong><br \/>(-19 for losing)\n|raw|fuleya's rating: 1567 &rarr; <strong>1586<\/strong><br \/>(+19 for winning)\n|l|\u2606give-upVGC\n|player|p1|\n|l|\u2606fuleya\n|player|p2|\n","uploadtime":1738731342,"views":7,"formatid":"gen9vgc2025regg","rating":1536,"private":0,"password":null}