{"id":"gen9vgc2025regg-2294905939","format":"[Gen 9] VGC 2025 Reg G","players":["ahfoong0411","Dearp"],"log":"|j|\u2606ahfoong0411\n|j|\u2606Dearp\n|t:|1738767346\n|gametype|doubles\n|player|p1|ahfoong0411|102|1564\n|player|p2|Dearp|battlegirl|1636\n|teamsize|p1|6\n|teamsize|p2|6\n|gen|9\n|tier|[Gen 9] VGC 2025 Reg G\n|rated|\n|rule|Species Clause: Limit one of each Pok\u00e9mon\n|rule|Item Clause: Limit 1 of each item\n|clearpoke\n|poke|p1|Calyrex-Ice, L50|\n|poke|p1|Indeedee-F, L50, F|\n|poke|p1|Torkoal, L50, M|\n|poke|p1|Urshifu-*, L50, F|\n|poke|p1|Flutter Mane, L50|\n|poke|p1|Ursaluna, L50, F|\n|poke|p2|Mienshao, L50, M|\n|poke|p2|Dondozo, L50, M|\n|poke|p2|Tatsugiri, L50, F|\n|poke|p2|Kyogre, L50|\n|poke|p2|Tornadus, L50, M|\n|poke|p2|Flutter Mane, L50|\n|teampreview|4\nDearp has agreed to open team sheets.\n|inactive|Battle timer is ON: inactive players will automatically lose when time's up. (requested by Dearp)\n|\n|t:|1738767452\n|start\n|switch|p1a: Calyrex|Calyrex-Ice, L50|100\/100\n|switch|p1b: Indeedee|Indeedee-F, L50, F|100\/100\n|switch|p2a: Flutter Mane|Flutter Mane, L50|100\/100\n|switch|p2b: Kyogre|Kyogre, L50|100\/100\n|-ability|p1a: Calyrex|As One\n|-ability|p1a: Calyrex|Unnerve\n|-weather|RainDance|[from] ability: Drizzle|[of] p2b: Kyogre\n|-fieldstart|move: Psychic Terrain|[from] ability: Psychic Surge|[of] p1b: Indeedee\n|-enditem|p2a: Flutter Mane|Booster Energy\n|-activate|p2a: Flutter Mane|ability: Protosynthesis|[fromitem]\n|-start|p2a: Flutter Mane|protosynthesisspe\n|turn|1\n|inactive|ahfoong0411 has 30 seconds left.\n|\n|t:|1738767481\n|-terastallize|p2b: Kyogre|Water\n|-terastallize|p1a: Calyrex|Water\n|move|p1b: Indeedee|Follow Me|p1b: Indeedee\n|-singleturn|p1b: Indeedee|move: Follow Me\n|move|p2a: Flutter Mane|Fake Tears|p1b: Indeedee\n|-unboost|p1b: Indeedee|spd|2\n|move|p2b: Kyogre|Water Spout|p1a: Calyrex|[spread] p1a,p1b\n|-resisted|p1a: Calyrex\n|-damage|p1a: Calyrex|35\/100\n|-damage|p1b: Indeedee|0 fnt\n|faint|p1b: Indeedee\n|move|p1a: Calyrex|Trick Room|p1a: Calyrex\n|-fieldstart|move: Trick Room|[of] p1a: Calyrex\n|\n|-weather|RainDance|[upkeep]\n|upkeep\n|\n|t:|1738767502\n|switch|p1b: Ursaluna|Ursaluna, L50, F|100\/100\n|turn|2\n|l|\u2606ahfoong0411\n|inactive|ahfoong0411 disconnected and has a minute to reconnect!\n|player|p1|\n|j|\u2606ahfoong0411\n|inactive|ahfoong0411 reconnected and has 45 seconds left.\n|player|p1|ahfoong0411|102|\n|\n|t:|1738767525\n|switch|p2b: Dondozo|Dondozo, L50, M|100\/100\n|-end|p2a: Flutter Mane|Protosynthesis|[silent]\n|switch|p2a: Tatsugiri|Tatsugiri, L50, F|100\/100\n|-activate|p2a: Tatsugiri|ability: Commander|[of] p2b: Dondozo\n|-boost|p2b: Dondozo|atk|2\n|-boost|p2b: Dondozo|spa|2\n|-boost|p2b: Dondozo|spe|2\n|-boost|p2b: Dondozo|def|2\n|-boost|p2b: Dondozo|spd|2\n|move|p1b: Ursaluna|Protect|p1b: Ursaluna\n|-singleturn|p1b: Ursaluna|Protect\n|move|p1a: Calyrex|Protect||[still]\n|-fail|p1a: Calyrex\n|\n|-weather|RainDance|[upkeep]\n|-status|p1b: Ursaluna|brn|[from] item: Flame Orb\n|upkeep\n|turn|3\n|\n|t:|1738767542\n|switch|p1b: Urshifu|Urshifu-Rapid-Strike, L50, F|100\/100\n|move|p1a: Calyrex|High Horsepower|p2b: Dondozo\n|-damage|p2b: Dondozo|88\/100\n|move|p2b: Dondozo|Wave Crash|p1b: Urshifu\n|-resisted|p1b: Urshifu\n|-damage|p1b: Urshifu|33\/100\n|-damage|p2b: Dondozo|71\/100|[from] Recoil\n|\n|-weather|RainDance|[upkeep]\n|-heal|p2b: Dondozo|77\/100|[from] item: Leftovers\n|upkeep\n|turn|4\n|\n|t:|1738767566\n|move|p1b: Urshifu|Detect|p1b: Urshifu\n|-singleturn|p1b: Urshifu|Protect\n|move|p2b: Dondozo|Order Up|p1b: Urshifu\n|-activate|p1b: Urshifu|move: Protect\n|move|p1a: Calyrex|Trick Room|p1a: Calyrex\n|-fieldend|move: Trick Room\n|\n|-weather|RainDance|[upkeep]\n|-heal|p2b: Dondozo|83\/100|[from] item: Leftovers\n|upkeep\n|turn|5\n|\n|t:|1738767584\n|move|p2b: Dondozo|Order Up|p1b: Urshifu\n|-damage|p1b: Urshifu|0 fnt\n|faint|p1b: Urshifu\n|-boost|p2b: Dondozo|atk|1\n|move|p1a: Calyrex|Trick Room|p1a: Calyrex\n|-fieldstart|move: Trick Room|[of] p1a: Calyrex\n|\n|-weather|none\n|-heal|p2b: Dondozo|89\/100|[from] item: Leftovers\n|-fieldend|move: Psychic Terrain\n|upkeep\n|\n|t:|1738767590\n|switch|p1b: Ursaluna|Ursaluna, L50, F|100\/100 brn\n|turn|6\n|\n|t:|1738767598\n|move|p2b: Dondozo|Protect|p2b: Dondozo\n|-singleturn|p2b: Dondozo|Protect\n|move|p1b: Ursaluna|Facade|p2b: Dondozo\n|-activate|p2b: Dondozo|move: Protect\n|move|p1a: Calyrex|High Horsepower|p2b: Dondozo\n|-activate|p2b: Dondozo|move: Protect\n|\n|-heal|p2b: Dondozo|96\/100|[from] item: Leftovers\n|-damage|p1b: Ursaluna|95\/100 brn|[from] brn\n|upkeep\n|turn|7\n|\n|t:|1738767603\n|move|p1b: Ursaluna|Facade|p2b: Dondozo\n|-damage|p2b: Dondozo|62\/100\n|move|p1a: Calyrex|High Horsepower|p2b: Dondozo\n|-damage|p2b: Dondozo|52\/100\n|move|p2b: Dondozo|Body Press|p1a: Calyrex\n|-damage|p1a: Calyrex|3\/100\n|\n|-heal|p2b: Dondozo|58\/100|[from] item: Leftovers\n|-damage|p1b: Ursaluna|89\/100 brn|[from] brn\n|upkeep\n|turn|8\n|\n|t:|1738767615\n|move|p2b: Dondozo|Protect|p2b: Dondozo\n|-singleturn|p2b: Dondozo|Protect\n|move|p1b: Ursaluna|Facade|p2b: Dondozo\n|-activate|p2b: Dondozo|move: Protect\n|move|p1a: Calyrex|High Horsepower|p2b: Dondozo\n|-activate|p2b: Dondozo|move: Protect\n|\n|-heal|p2b: Dondozo|64\/100|[from] item: Leftovers\n|-damage|p1b: Ursaluna|83\/100 brn|[from] brn\n|upkeep\n|turn|9\n|\n|t:|1738767630\n|move|p1b: Ursaluna|Facade|p2b: Dondozo\n|-damage|p2b: Dondozo|31\/100\n|move|p1a: Calyrex|High Horsepower|p2b: Dondozo\n|-damage|p2b: Dondozo|20\/100\n|move|p2b: Dondozo|Order Up|p1a: Calyrex\n|-damage|p1a: Calyrex|0 fnt\n|faint|p1a: Calyrex\n|-boost|p2b: Dondozo|atk|1\n|\n|-heal|p2b: Dondozo|26\/100|[from] item: Leftovers\n|-damage|p1b: Ursaluna|77\/100 brn|[from] brn\n|-fieldend|move: Trick Room\n|upkeep\n|turn|10\n|-message|ahfoong0411 forfeited.\n|\n|win|Dearp\n|raw|ahfoong0411's rating: 1564 &rarr; <strong>1549<\/strong><br \/>(-15 for losing)\n|raw|Dearp's rating: 1650 &rarr; <strong>1665<\/strong><br \/>(+15 for winning)\n|l|\u2606Dearp\n|player|p2|\n|l|\u2606ahfoong0411\n|player|p1|\n","uploadtime":1738767801,"views":9,"formatid":"gen9vgc2025regg","rating":1549,"private":0,"password":null}