{"id":"gen9vgc2025regg-2294696912","format":"[Gen 9] VGC 2025 Reg G","players":["orudbeck","infinitygroudon"],"log":"|j|\u2606orudbeck\n|j|\u2606infinitygroudon\n|t:|1738733347\n|gametype|doubles\n|player|p1|orudbeck|169|1581\n|player|p2|infinitygroudon|102|1621\n|teamsize|p1|6\n|teamsize|p2|6\n|gen|9\n|tier|[Gen 9] VGC 2025 Reg G\n|rated|\n|rule|Species Clause: Limit one of each Pok\u00e9mon\n|rule|Item Clause: Limit 1 of each item\n|clearpoke\n|poke|p1|Dialga-Origin, L50|\n|poke|p1|Incineroar, L50, M|\n|poke|p1|Toxtricity, L50, M|\n|poke|p1|Amoonguss, L50, M|\n|poke|p1|Urshifu-*, L50, M|\n|poke|p1|Ursaluna, L50, F|\n|poke|p2|Terapagos, L50, M|\n|poke|p2|Clefairy, L50, F|\n|poke|p2|Rillaboom, L50, F|\n|poke|p2|Skeledirge, L50, M|\n|poke|p2|Urshifu-*, L50, M|\n|poke|p2|Chien-Pao, L50|\n|teampreview|4\n|\n|t:|1738733382\n|start\n|switch|p1a: Dialga|Dialga-Origin, L50|100\/100\n|switch|p1b: Incineroar|Incineroar, L50, M|100\/100\n|switch|p2a: Perrine|Terapagos, L50, M|100\/100\n|switch|p2b: Lion's Roar|Rillaboom, L50, F|100\/100\n|-activate|p2a: Perrine|ability: Tera Shift\n|detailschange|p2a: Perrine|Terapagos-Terastal, L50, M\n|-heal|p2a: Perrine|100\/100|[silent]\n|-fieldstart|move: Grassy Terrain|[from] ability: Grassy Surge|[of] p2b: Lion's Roar\n|-ability|p1b: Incineroar|Intimidate|boost\n|-unboost|p2a: Perrine|atk|1\n|-unboost|p2b: Lion's Roar|atk|1\n|turn|1\n|\n|t:|1738733396\n|move|p2b: Lion's Roar|Fake Out|p1b: Incineroar\n|-damage|p1b: Incineroar|91\/100\n|cant|p1b: Incineroar|flinch\n|move|p2a: Perrine|Calm Mind|p2a: Perrine\n|-boost|p2a: Perrine|spa|1\n|-boost|p2a: Perrine|spd|1\n|move|p1a: Dialga|Trick Room|p1a: Dialga\n|-fieldstart|move: Trick Room|[of] p1a: Dialga\n|\n|-heal|p1b: Incineroar|97\/100|[from] Grassy Terrain\n|upkeep\n|turn|2\n|j| mr pogostick\n|\n|t:|1738733407\n|move|p1b: Incineroar|Flare Blitz|p2b: Lion's Roar\n|-supereffective|p2b: Lion's Roar\n|-damage|p2b: Lion's Roar|0 fnt\n|faint|p2b: Lion's Roar\n|-damage|p1b: Incineroar|63\/100|[from] Recoil\n|move|p2a: Perrine|Calm Mind|p2a: Perrine\n|-boost|p2a: Perrine|spa|1\n|-boost|p2a: Perrine|spd|1\n|move|p1a: Dialga|Flash Cannon|p2a: Perrine\n|-activate|p2a: Perrine|ability: Tera Shell\n|-resisted|p2a: Perrine\n|-damage|p2a: Perrine|89\/100\n|\n|-heal|p1b: Incineroar|69\/100|[from] Grassy Terrain\n|-heal|p2a: Perrine|95\/100|[from] Grassy Terrain\n|-heal|p2a: Perrine|100\/100|[from] item: Leftovers\n|upkeep\n|\n|t:|1738733416\n|switch|p2b: Moonwater|Clefairy, L50, F|100\/100\n|turn|3\n|\n|t:|1738733427\n|move|p2b: Moonwater|Protect|p2b: Moonwater\n|-singleturn|p2b: Moonwater|Protect\n|move|p1b: Incineroar|Knock Off|p2a: Perrine\n|-activate|p2a: Perrine|ability: Tera Shell\n|-resisted|p2a: Perrine\n|-damage|p2a: Perrine|86\/100\n|-enditem|p2a: Perrine|Leftovers|[from] move: Knock Off|[of] p1b: Incineroar\n|move|p2a: Perrine|Calm Mind|p2a: Perrine\n|-boost|p2a: Perrine|spa|1\n|-boost|p2a: Perrine|spd|1\n|move|p1a: Dialga|Flash Cannon|p2b: Moonwater\n|-activate|p2b: Moonwater|move: Protect\n|\n|-heal|p1b: Incineroar|75\/100|[from] Grassy Terrain\n|-heal|p2a: Perrine|92\/100|[from] Grassy Terrain\n|upkeep\n|turn|4\n|\n|t:|1738733452\n|-terastallize|p2a: Perrine|Stellar\n|detailschange|p2a: Perrine|Terapagos-Stellar, L50, M, tera:Stellar\n|-heal|p2a: Perrine|94\/100|[silent]\n|-ability|p2a: Perrine|Teraform Zero\n|-fieldend|move: Grassy Terrain\n|move|p2b: Moonwater|Helping Hand|p2a: Perrine\n|-singleturn|p2a: Perrine|Helping Hand|[of] p2b: Moonwater\n|move|p1b: Incineroar|Knock Off|p2b: Moonwater\n|-resisted|p2b: Moonwater\n|-damage|p2b: Moonwater|82\/100\n|-enditem|p2b: Moonwater|Eviolite|[from] move: Knock Off|[of] p1b: Incineroar\n|move|p2a: Perrine|Earth Power|p1a: Dialga\n|-supereffective|p1a: Dialga\n|-damage|p1a: Dialga|0 fnt\n|faint|p1a: Dialga\n|\n|upkeep\n|\n|t:|1738733465\n|switch|p1a: Toxtricity|Toxtricity, L50, M|100\/100\n|turn|5\n|\n|t:|1738733482\n|move|p2b: Moonwater|Protect|p2b: Moonwater\n|-singleturn|p2b: Moonwater|Protect\n|move|p1b: Incineroar|U-turn|p2a: Perrine\n|-damage|p2a: Perrine|82\/100\n|\n|t:|1738733487\n|switch|p1b: Urshifu|Urshifu-Rapid-Strike, L50, M|100\/100|[from] U-turn\n|move|p1a: Toxtricity|Volt Switch|p2a: Perrine\n|-damage|p2a: Perrine|73\/100\n|\n|t:|1738733492\n|switch|p1a: Incineroar|Incineroar, L50, M|75\/100|[from] Volt Switch\n|-ability|p1a: Incineroar|Intimidate|boost\n|-unboost|p2a: Perrine|atk|1\n|-unboost|p2b: Moonwater|atk|1\n|move|p2a: Perrine|Tera Starstorm|p1b: Urshifu|[spread] p1a,p1b\n|-damage|p1a: Incineroar|15\/100\n|-enditem|p1b: Urshifu|Focus Sash\n|-damage|p1b: Urshifu|1\/100\n|\n|-fieldend|move: Trick Room\n|upkeep\n|turn|6\n|\n|t:|1738733515\n|move|p1a: Incineroar|Fake Out|p2b: Moonwater\n|-damage|p2b: Moonwater|65\/100\n|cant|p2b: Moonwater|flinch\n|move|p1b: Urshifu|Close Combat|p2a: Perrine\n|-supereffective|p2a: Perrine\n|-damage|p2a: Perrine|16\/100\n|-unboost|p1b: Urshifu|def|1\n|-unboost|p1b: Urshifu|spd|1\n|move|p2a: Perrine|Tera Starstorm|p1a: Incineroar|[spread] p1a,p1b\n|-damage|p1a: Incineroar|0 fnt\n|-damage|p1b: Urshifu|0 fnt\n|faint|p1a: Incineroar\n|faint|p1b: Urshifu\n|\n|upkeep\n|\n|t:|1738733523\n|switch|p1b: Toxtricity|Toxtricity, L50, M|100\/100\n|turn|7\n|\n|t:|1738733532\n|-terastallize|p1b: Toxtricity|Normal\n|move|p2b: Moonwater|Helping Hand|p2a: Perrine\n|-singleturn|p2a: Perrine|Helping Hand|[of] p2b: Moonwater\n|move|p2a: Perrine|Tera Starstorm|p1b: Toxtricity\n|-supereffective|p1b: Toxtricity\n|-damage|p1b: Toxtricity|0 fnt\n|faint|p1b: Toxtricity\n|\n|win|infinitygroudon\n|raw|orudbeck's rating: 1581 &rarr; <strong>1563<\/strong><br \/>(-18 for losing)\n|raw|infinitygroudon's rating: 1621 &rarr; <strong>1639<\/strong><br \/>(+18 for winning)\n|l| mr pogostick\n|l|\u2606orudbeck\n|player|p1|\n|l|\u2606infinitygroudon\n|player|p2|\n","uploadtime":1738733727,"views":20,"formatid":"gen9vgc2025regg","rating":1563,"private":0,"password":null}