{"id":"gen9vgc2025regg-2294984722","format":"[Gen 9] VGC 2025 Reg G","players":["qiin5","Farhaz_VGC"],"log":"|j|\u2606qiin5\n|j|\u2606Farhaz_VGC\n|t:|1738775282\n|gametype|doubles\n|player|p1|qiin5|101|1594\n|player|p2|Farhaz_VGC|rosa|1612\n|teamsize|p1|6\n|teamsize|p2|6\n|gen|9\n|tier|[Gen 9] VGC 2025 Reg G\n|rated|\n|rule|Species Clause: Limit one of each Pok\u00e9mon\n|rule|Item Clause: Limit 1 of each item\n|clearpoke\n|poke|p1|Dondozo, L50, F|\n|poke|p1|Incineroar, L50, M|\n|poke|p1|Grimmsnarl, L50, M|\n|poke|p1|Eternatus, L50|\n|poke|p1|Landorus, L50, M|\n|poke|p1|Rillaboom, L50, M|\n|poke|p2|Tornadus, L50, M|\n|poke|p2|Urshifu-*, L50, M|\n|poke|p2|Incineroar, L50, F|\n|poke|p2|Landorus-Therian, L50, M|\n|poke|p2|Calyrex-Shadow, L50|\n|poke|p2|Farigiraf, L50, M|\n|teampreview|4\n|inactive|Battle timer is ON: inactive players will automatically lose when time's up. (requested by Farhaz_VGC)\n|\n|t:|1738775307\n|start\n|switch|p1a: Incineroar|Incineroar, L50, M|100\/100\n|switch|p1b: Dondozo|Dondozo, L50, F|100\/100\n|switch|p2a: Landorus|Landorus-Therian, L50, M|100\/100\n|switch|p2b: Tornadus|Tornadus, L50, M|100\/100\n|-ability|p2a: Landorus|Intimidate|boost\n|-unboost|p1a: Incineroar|atk|1\n|-unboost|p1b: Dondozo|atk|1\n|-ability|p1a: Incineroar|Intimidate|boost\n|-unboost|p2a: Landorus|atk|1\n|-unboost|p2b: Tornadus|atk|1\n|turn|1\n|inactive|Farhaz_VGC has 30 seconds left.\n|\n|t:|1738775342\n|switch|p2a: Urshifu|Urshifu, L50, M|100\/100\n|move|p1a: Incineroar|Fake Out|p2a: Urshifu\n|-damage|p2a: Urshifu|93\/100\n|move|p2b: Tornadus|Bleakwind Storm|p1b: Dondozo|[spread] p1a,p1b\n|-damage|p1a: Incineroar|68\/100\n|-damage|p1b: Dondozo|77\/100\n|move|p1b: Dondozo|Yawn|p2b: Tornadus\n|-start|p2b: Tornadus|move: Yawn|[of] p1b: Dondozo\n|\n|upkeep\n|turn|2\n|\n|t:|1738775362\n|switch|p2b: Landorus|Landorus-Therian, L50, M|100\/100\n|-ability|p2b: Landorus|Intimidate|boost\n|-unboost|p1a: Incineroar|atk|1\n|-unboost|p1b: Dondozo|atk|1\n|switch|p1a: Grimmsnarl|Grimmsnarl, L50, M|100\/100\n|move|p2a: Urshifu|Wicked Blow|p1b: Dondozo\n|-crit|p1b: Dondozo\n|-damage|p1b: Dondozo|42\/100\n|-enditem|p1b: Dondozo|Sitrus Berry|[eat]\n|-heal|p1b: Dondozo|67\/100|[from] item: Sitrus Berry\n|move|p1b: Dondozo|Yawn|p2b: Landorus\n|-start|p2b: Landorus|move: Yawn|[of] p1b: Dondozo\n|\n|upkeep\n|turn|3\n|\n|t:|1738775382\n|switch|p2b: Tornadus|Tornadus, L50, M|100\/100\n|move|p1a: Grimmsnarl|Reflect|p1a: Grimmsnarl\n|-sidestart|p1: qiin5|Reflect\n|move|p2a: Urshifu|Wicked Blow|p1b: Dondozo\n|-crit|p1b: Dondozo\n|-damage|p1b: Dondozo|34\/100\n|move|p1b: Dondozo|Yawn|p2a: Urshifu\n|-start|p2a: Urshifu|move: Yawn|[of] p1b: Dondozo\n|\n|upkeep\n|turn|4\n|\n|t:|1738775397\n|switch|p2a: Landorus|Landorus-Therian, L50, M|100\/100\n|-ability|p2a: Landorus|Intimidate|boost\n|-unboost|p1a: Grimmsnarl|atk|1\n|-unboost|p1b: Dondozo|atk|1\n|move|p1a: Grimmsnarl|Light Screen|p1a: Grimmsnarl\n|-sidestart|p1: qiin5|move: Light Screen\n|move|p2b: Tornadus|Bleakwind Storm|p1b: Dondozo|[spread] p1a,p1b\n|-damage|p1a: Grimmsnarl|84\/100\n|-damage|p1b: Dondozo|18\/100\n|move|p1b: Dondozo|Yawn|p2a: Landorus\n|-start|p2a: Landorus|move: Yawn|[of] p1b: Dondozo\n|\n|upkeep\n|turn|5\n|\n|t:|1738775415\n|switch|p2a: Urshifu|Urshifu, L50, M|93\/100\n|move|p2b: Tornadus|Bleakwind Storm|p1a: Grimmsnarl|[spread] p1a,p1b\n|-damage|p1a: Grimmsnarl|64\/100\n|-damage|p1b: Dondozo|3\/100\n|move|p1a: Grimmsnarl|Spirit Break|p2a: Urshifu\n|-supereffective|p2a: Urshifu\n|-damage|p2a: Urshifu|9\/100\n|-unboost|p2a: Urshifu|spa|1\n|move|p1b: Dondozo|Yawn|p2a: Urshifu\n|-start|p2a: Urshifu|move: Yawn|[of] p1b: Dondozo\n|\n|upkeep\n|turn|6\n|\n|t:|1738775434\n|switch|p2a: Landorus|Landorus-Therian, L50, M|100\/100\n|-ability|p2a: Landorus|Intimidate|boost\n|-unboost|p1a: Grimmsnarl|atk|1\n|-unboost|p1b: Dondozo|atk|1\n|switch|p1a: Incineroar|Incineroar, L50, M|68\/100\n|-ability|p1a: Incineroar|Intimidate|boost\n|-unboost|p2a: Landorus|atk|1\n|-unboost|p2b: Tornadus|atk|1\n|switch|p1b: Eternatus|Eternatus, L50|100\/100\n|-ability|p1b: Eternatus|Pressure\n|move|p2b: Tornadus|Bleakwind Storm|p1a: Incineroar|[spread] p1a,p1b\n|-crit|p1a: Incineroar\n|-damage|p1a: Incineroar|26\/100\n|-damage|p1b: Eternatus|86\/100\n|-unboost|p1b: Eternatus|spe|1\n|\n|-heal|p1b: Eternatus|92\/100|[from] item: Leftovers\n|upkeep\n|turn|7\n|inactive|Farhaz_VGC has 30 seconds left.\n|\n|t:|1738775468\n|move|p1a: Incineroar|Fake Out|p2a: Landorus\n|-damage|p2a: Landorus|90\/100\n|move|p2b: Tornadus|Bleakwind Storm|p1a: Incineroar|[spread] p1b\n|-miss|p2b: Tornadus|p1a: Incineroar\n|-damage|p1b: Eternatus|78\/100\n|move|p1b: Eternatus|Cosmic Power|p1b: Eternatus\n|-boost|p1b: Eternatus|def|1\n|-boost|p1b: Eternatus|spd|1\n|cant|p2a: Landorus|flinch\n|\n|-heal|p1b: Eternatus|84\/100|[from] item: Leftovers\n|upkeep\n|turn|8\n|\n|t:|1738775483\n|switch|p1a: Dondozo|Dondozo, L50, F|3\/100\n|-terastallize|p1b: Eternatus|Dark\n|move|p2b: Tornadus|Taunt|p1b: Eternatus\n|-hint|Since gen 7, Dark is immune to Prankster moves.\n|-immune|p1b: Eternatus\n|move|p1b: Eternatus|Cosmic Power|p1b: Eternatus\n|-boost|p1b: Eternatus|def|1\n|-boost|p1b: Eternatus|spd|1\n|move|p2a: Landorus|Earthquake|p1a: Dondozo|[spread] p1a,p1b\n|-immune|p2b: Tornadus\n|-crit|p1b: Eternatus\n|-damage|p1a: Dondozo|0 fnt\n|-damage|p1b: Eternatus|30\/100\n|faint|p1a: Dondozo\n|\n|-heal|p1b: Eternatus|37\/100|[from] item: Leftovers\n|upkeep\n|\n|t:|1738775488\n|switch|p1a: Incineroar|Incineroar, L50, M|26\/100\n|-ability|p1a: Incineroar|Intimidate|boost\n|-unboost|p2a: Landorus|atk|1\n|-unboost|p2b: Tornadus|atk|1\n|turn|9\n|inactive|Farhaz_VGC has 30 seconds left.\n|\n|t:|1738775517\n|switch|p2a: Calyrex|Calyrex-Shadow, L50|100\/100\n|-ability|p2a: Calyrex|As One\n|-ability|p2a: Calyrex|Unnerve\n|move|p1a: Incineroar|Fake Out|p2a: Calyrex\n|-immune|p2a: Calyrex\n|move|p2b: Tornadus|Bleakwind Storm|p1b: Eternatus|[spread] p1a,p1b\n|-damage|p1a: Incineroar|4\/100\n|-damage|p1b: Eternatus|30\/100\n|move|p1b: Eternatus|Recover|p1b: Eternatus\n|-heal|p1b: Eternatus|80\/100\n|\n|-heal|p1b: Eternatus|86\/100|[from] item: Leftovers\n|upkeep\n|turn|10\n|\n|t:|1738775533\n|switch|p1a: Grimmsnarl|Grimmsnarl, L50, M|64\/100\n|move|p2a: Calyrex|Pollen Puff|p1b: Eternatus\n|-supereffective|p1b: Eternatus\n|-damage|p1b: Eternatus|60\/100\n|move|p2b: Tornadus|Bleakwind Storm|p1b: Eternatus|[spread] p1a\n|-miss|p2b: Tornadus|p1b: Eternatus\n|-damage|p1a: Grimmsnarl|46\/100\n|move|p1b: Eternatus|Sludge Bomb|p2b: Tornadus\n|-damage|p2b: Tornadus|57\/100\n|\n|-heal|p1b: Eternatus|66\/100|[from] item: Leftovers\n|-sideend|p1: qiin5|Reflect\n|upkeep\n|turn|11\n|\n|t:|1738775552\n|move|p1a: Grimmsnarl|Reflect|p1a: Grimmsnarl\n|-sidestart|p1: qiin5|Reflect\n|move|p2a: Calyrex|Pollen Puff|p1b: Eternatus\n|-supereffective|p1b: Eternatus\n|-damage|p1b: Eternatus|42\/100\n|move|p2b: Tornadus|Bleakwind Storm|p1a: Grimmsnarl|[spread] p1b\n|-miss|p2b: Tornadus|p1a: Grimmsnarl\n|-damage|p1b: Eternatus|34\/100\n|move|p1b: Eternatus|Cosmic Power|p1b: Eternatus\n|-boost|p1b: Eternatus|def|1\n|-boost|p1b: Eternatus|spd|1\n|\n|-heal|p1b: Eternatus|40\/100|[from] item: Leftovers\n|-sideend|p1: qiin5|move: Light Screen\n|upkeep\n|turn|12\n|\n|t:|1738775572\n|switch|p2b: Urshifu|Urshifu, L50, M|9\/100\n|move|p1a: Grimmsnarl|Light Screen|p1a: Grimmsnarl\n|-sidestart|p1: qiin5|move: Light Screen\n|move|p2a: Calyrex|Pollen Puff|p1b: Eternatus\n|-supereffective|p1b: Eternatus\n|-damage|p1b: Eternatus|18\/100\n|move|p1b: Eternatus|Recover|p1b: Eternatus\n|-heal|p1b: Eternatus|68\/100\n|\n|-heal|p1b: Eternatus|74\/100|[from] item: Leftovers\n|upkeep\n|turn|13\n|\n|t:|1738775592\n|switch|p1a: Incineroar|Incineroar, L50, M|4\/100\n|-ability|p1a: Incineroar|Intimidate|boost\n|-unboost|p2a: Calyrex|atk|1\n|-unboost|p2b: Urshifu|atk|1\n|move|p2a: Calyrex|Pollen Puff|p1b: Eternatus\n|-supereffective|p1b: Eternatus\n|-damage|p1b: Eternatus|54\/100\n|move|p2b: Urshifu|Close Combat|p1b: Eternatus\n|-supereffective|p1b: Eternatus\n|-damage|p1b: Eternatus|36\/100\n|-unboost|p2b: Urshifu|def|1\n|-unboost|p2b: Urshifu|spd|1\n|move|p1b: Eternatus|Sludge Bomb|p2b: Urshifu\n|-damage|p2b: Urshifu|0 fnt\n|faint|p2b: Urshifu\n|\n|-heal|p1b: Eternatus|42\/100|[from] item: Leftovers\n|upkeep\n|j| The_Beast1440\n|\n|t:|1738775613\n|switch|p2b: Tornadus|Tornadus, L50, M|57\/100\n|turn|14\n|\n|t:|1738775620\n|switch|p1a: Grimmsnarl|Grimmsnarl, L50, M|46\/100\n|move|p2a: Calyrex|Pollen Puff|p1b: Eternatus\n|-supereffective|p1b: Eternatus\n|-damage|p1b: Eternatus|22\/100\n|move|p2b: Tornadus|Bleakwind Storm|p1a: Grimmsnarl|[spread] p1a,p1b\n|-damage|p1a: Grimmsnarl|28\/100\n|-damage|p1b: Eternatus|16\/100\n|move|p1b: Eternatus|Recover|p1b: Eternatus\n|-heal|p1b: Eternatus|66\/100\n|\n|-heal|p1b: Eternatus|72\/100|[from] item: Leftovers\n|upkeep\n|turn|15\n|\n|t:|1738775636\n|move|p1a: Grimmsnarl|Taunt|p2b: Tornadus\n|-start|p2b: Tornadus|move: Taunt\n|move|p2a: Calyrex|Pollen Puff|p1b: Eternatus\n|-supereffective|p1b: Eternatus\n|-damage|p1b: Eternatus|51\/100\n|move|p2b: Tornadus|Bleakwind Storm|p1a: Grimmsnarl|[spread] p1a,p1b\n|-crit|p1b: Eternatus\n|-damage|p1a: Grimmsnarl|11\/100\n|-damage|p1b: Eternatus|20\/100\n|-unboost|p1b: Eternatus|spe|1\n|move|p1b: Eternatus|Cosmic Power|p1b: Eternatus\n|-boost|p1b: Eternatus|def|1\n|-boost|p1b: Eternatus|spd|1\n|\n|-heal|p1b: Eternatus|26\/100|[from] item: Leftovers\n|upkeep\n|turn|16\n|\n|t:|1738775656\n|switch|p2b: Landorus|Landorus-Therian, L50, M|90\/100\n|-ability|p2b: Landorus|Intimidate|boost\n|-unboost|p1a: Grimmsnarl|atk|1\n|-unboost|p1b: Eternatus|atk|1\n|move|p1a: Grimmsnarl|Taunt|p2a: Calyrex\n|-start|p2a: Calyrex|move: Taunt\n|move|p2a: Calyrex|Pollen Puff|p1b: Eternatus\n|-supereffective|p1b: Eternatus\n|-damage|p1b: Eternatus|9\/100\n|move|p1b: Eternatus|Recover|p1b: Eternatus\n|-heal|p1b: Eternatus|59\/100\n|\n|-heal|p1b: Eternatus|65\/100|[from] item: Leftovers\n|upkeep\n|turn|17\n|j| solus sinon\n|\n|t:|1738775676\n|switch|p1a: Incineroar|Incineroar, L50, M|4\/100\n|-ability|p1a: Incineroar|Intimidate|boost\n|-unboost|p2a: Calyrex|atk|1\n|-unboost|p2b: Landorus|atk|1\n|move|p2a: Calyrex|Pollen Puff|p1b: Eternatus\n|-supereffective|p1b: Eternatus\n|-damage|p1b: Eternatus|49\/100\n|move|p2b: Landorus|U-turn|p1b: Eternatus\n|-supereffective|p1b: Eternatus\n|-damage|p1b: Eternatus|42\/100\n|\n|t:|1738775685\n|switch|p2b: Tornadus|Tornadus, L50, M|57\/100|[from] U-turn\n|move|p1b: Eternatus|Recover|p1b: Eternatus\n|-heal|p1b: Eternatus|92\/100\n|\n|-heal|p1b: Eternatus|98\/100|[from] item: Leftovers\n|upkeep\n|turn|18\n|j| Darkthanos\n|\n|t:|1738775702\n|move|p2b: Tornadus|Tailwind|p2b: Tornadus\n|-sidestart|p2: Farhaz_VGC|move: Tailwind\n|move|p2a: Calyrex|Pollen Puff|p1b: Eternatus\n|-supereffective|p1b: Eternatus\n|-damage|p1b: Eternatus|81\/100\n|move|p1b: Eternatus|Sludge Bomb|p2a: Calyrex\n|-resisted|p2a: Calyrex\n|-damage|p2a: Calyrex|81\/100\n|move|p1a: Incineroar|Knock Off|p2a: Calyrex\n|-supereffective|p2a: Calyrex\n|-damage|p2a: Calyrex|0 fnt\n|-enditem|p2a: Calyrex|Choice Specs|[from] move: Knock Off|[of] p1a: Incineroar\n|faint|p2a: Calyrex\n|\n|-heal|p1b: Eternatus|87\/100|[from] item: Leftovers\n|-sideend|p1: qiin5|Reflect\n|upkeep\n|-message|Farhaz_VGC forfeited.\n|\n|win|qiin5\n|raw|qiin5's rating: 1594 &rarr; <strong>1615<\/strong><br \/>(+21 for winning)\n|raw|Farhaz_VGC's rating: 1612 &rarr; <strong>1591<\/strong><br \/>(-21 for losing)\n|l|\u2606Farhaz_VGC\n|player|p2|\n|l|\u2606qiin5\n|player|p1|\n|l| The_Beast1440\n","uploadtime":1738775941,"views":27,"formatid":"gen9vgc2025regg","rating":1591,"private":0,"password":null}