{"id":"gen9vgc2025regg-2294556622","format":"[Gen 9] VGC 2025 Reg G","players":["GucciSoup","chiefclarko11"],"log":"|j|\u2606GucciSoup\n|j|\u2606chiefclarko11\n|t:|1738713735\n|gametype|doubles\n|player|p1|GucciSoup|wallace|1557\n|player|p2|chiefclarko11|170|1689\n|teamsize|p1|6\n|teamsize|p2|6\n|gen|9\n|tier|[Gen 9] VGC 2025 Reg G\n|rated|\n|rule|Species Clause: Limit one of each Pok\u00e9mon\n|rule|Item Clause: Limit 1 of each item\n|clearpoke\n|poke|p1|Miraidon, L50|\n|poke|p1|Incineroar, L50, F|\n|poke|p1|Scizor, L50, M|\n|poke|p1|Grimmsnarl, L50, M|\n|poke|p1|Pelipper, L50, F|\n|poke|p1|Landorus, L50, M|\n|poke|p2|Calyrex-Ice, L50|\n|poke|p2|Urshifu-*, L50, F|\n|poke|p2|Raging Bolt, L50|\n|poke|p2|Grimmsnarl, L50, M|\n|poke|p2|Ogerpon-Hearthflame, L50, F|\n|poke|p2|Landorus, L50, M|\n|teampreview|4\n|\n|t:|1738713798\n|start\n|switch|p1a: Kendrick|Incineroar, L50, F|100\/100\n|switch|p1b: Jasper|Scizor, L50, M|100\/100\n|switch|p2a: Landorus|Landorus, L50, M|100\/100\n|switch|p2b: Grimmsnarl|Grimmsnarl, L50, M|100\/100\n|-ability|p1a: Kendrick|Intimidate|boost\n|-unboost|p2a: Landorus|atk|1\n|-unboost|p2b: Grimmsnarl|atk|1\n|turn|1\n|j| moon7777\n|\n|t:|1738713814\n|switch|p2b: Ogerpon|Ogerpon-Hearthflame, L50, F|100\/100\n|-ability|p2b: Ogerpon|Mold Breaker\n|move|p2a: Landorus|Protect|p2a: Landorus\n|-singleturn|p2a: Landorus|Protect\n|move|p1a: Kendrick|Fake Out|p2a: Landorus\n|-activate|p2a: Landorus|move: Protect\n|move|p1b: Jasper|Swords Dance|p1b: Jasper\n|-boost|p1b: Jasper|atk|2\n|\n|upkeep\n|turn|2\n|\n|t:|1738713837\n|-terastallize|p1b: Jasper|Water\n|move|p1b: Jasper|Bullet Punch|p2a: Landorus\n|-damage|p2a: Landorus|27\/100\n|move|p2b: Ogerpon|Ivy Cudgel|p1b: Jasper|[anim] Ivy Cudgel Fire\n|-resisted|p1b: Jasper\n|-damage|p1b: Jasper|72\/100\n|move|p2a: Landorus|Earth Power|p1a: Kendrick\n|-supereffective|p1a: Kendrick\n|-damage|p1a: Kendrick|0 fnt\n|faint|p1a: Kendrick\n|\n|upkeep\n|\n|t:|1738713855\n|switch|p1a: Cpt. Planet|Pelipper, L50, F|100\/100\n|-weather|RainDance|[from] ability: Drizzle|[of] p1a: Cpt. Planet\n|turn|3\n|\n|t:|1738713875\n|move|p1b: Jasper|Protect|p1b: Jasper\n|-singleturn|p1b: Jasper|Protect\n|move|p2b: Ogerpon|Horn Leech|p1b: Jasper\n|-activate|p1b: Jasper|move: Protect\n|move|p2a: Landorus|Sludge Bomb|p1a: Cpt. Planet\n|-damage|p1a: Cpt. Planet|18\/100\n|move|p1a: Cpt. Planet|Tailwind|p1a: Cpt. Planet\n|-sidestart|p1: GucciSoup|move: Tailwind\n|\n|-weather|RainDance|[upkeep]\n|upkeep\n|turn|4\n|\n|t:|1738713910\n|move|p2b: Ogerpon|Spiky Shield|p2b: Ogerpon\n|-singleturn|p2b: Ogerpon|move: Protect\n|move|p1a: Cpt. Planet|Weather Ball|p2b: Ogerpon\n|-activate|p2b: Ogerpon|move: Protect\n|move|p1b: Jasper|Pounce|p2a: Landorus\n|-resisted|p2a: Landorus\n|-damage|p2a: Landorus|0 fnt\n|faint|p2a: Landorus\n|\n|-weather|RainDance|[upkeep]\n|upkeep\n|\n|t:|1738713923\n|switch|p2a: Grimmsnarl|Grimmsnarl, L50, M|100\/100\n|turn|5\n|\n|t:|1738713943\n|move|p1b: Jasper|Bullet Punch|p2a: Grimmsnarl\n|-supereffective|p2a: Grimmsnarl\n|-damage|p2a: Grimmsnarl|0 fnt\n|faint|p2a: Grimmsnarl\n|move|p1a: Cpt. Planet|Weather Ball|p2b: Ogerpon\n|-damage|p2b: Ogerpon|22\/100\n|move|p2b: Ogerpon|Horn Leech|p1b: Jasper\n|-supereffective|p1b: Jasper\n|-damage|p1b: Jasper|0 fnt\n|-heal|p2b: Ogerpon|63\/100|[from] drain|[of] p1b: Jasper\n|faint|p1b: Jasper\n|\n|-weather|RainDance|[upkeep]\n|upkeep\n|\n|t:|1738713957\n|switch|p1b: Metal Overlord|Miraidon, L50|100\/100\n|switch|p2a: Calyrex|Calyrex-Ice, L50|100\/100\n|-ability|p2a: Calyrex|As One\n|-ability|p2a: Calyrex|Unnerve\n|-fieldstart|move: Electric Terrain|[from] ability: Hadron Engine|[of] p1b: Metal Overlord\n|-enditem|p1b: Metal Overlord|Electric Seed\n|-boost|p1b: Metal Overlord|def|1|[from] item: Electric Seed\n|turn|6\n|\n|t:|1738713980\n|move|p1b: Metal Overlord|Calm Mind|p1b: Metal Overlord\n|-boost|p1b: Metal Overlord|spa|1\n|-boost|p1b: Metal Overlord|spd|1\n|move|p1a: Cpt. Planet|Weather Ball|p2a: Calyrex\n|-damage|p2a: Calyrex|60\/100\n|move|p2b: Ogerpon|Horn Leech|p1a: Cpt. Planet\n|-damage|p1a: Cpt. Planet|0 fnt\n|-heal|p2b: Ogerpon|71\/100|[from] drain|[of] p1a: Cpt. Planet\n|faint|p1a: Cpt. Planet\n|move|p2a: Calyrex|Glacial Lance|p1b: Metal Overlord\n|-supereffective|p1b: Metal Overlord\n|-damage|p1b: Metal Overlord|2\/100\n|\n|-weather|RainDance|[upkeep]\n|-sideend|p1: GucciSoup|move: Tailwind\n|upkeep\n|turn|7\n|\n|t:|1738714005\n|move|p1b: Metal Overlord|Parabolic Charge|p2b: Ogerpon|[spread] p2a,p2b\n|-resisted|p2b: Ogerpon\n|-damage|p2a: Calyrex|17\/100\n|-heal|p1b: Metal Overlord|25\/100|[from] drain|[of] p2a: Calyrex\n|-damage|p2b: Ogerpon|36\/100\n|-heal|p1b: Metal Overlord|38\/100|[from] drain|[of] p2b: Ogerpon\n|move|p2b: Ogerpon|Ivy Cudgel|p1b: Metal Overlord|[anim] Ivy Cudgel Fire\n|-resisted|p1b: Metal Overlord\n|-damage|p1b: Metal Overlord|30\/100\n|move|p2a: Calyrex|Glacial Lance|p1b: Metal Overlord\n|-supereffective|p1b: Metal Overlord\n|-damage|p1b: Metal Overlord|0 fnt\n|faint|p1b: Metal Overlord\n|\n|win|chiefclarko11\n|raw|GucciSoup's rating: 1557 &rarr; <strong>1544<\/strong><br \/>(-13 for losing)\n|raw|chiefclarko11's rating: 1689 &rarr; <strong>1702<\/strong><br \/>(+13 for winning)\n|l|\u2606GucciSoup\n|player|p1|\n|l|\u2606chiefclarko11\n|player|p2|\n|j|\u2606GucciSoup\n|player|p1|GucciSoup|wallace|\n|l|\u2606GucciSoup\n|player|p1|\n|j|\u2606chiefclarko11\n|player|p2|chiefclarko11|170|\n|l|\u2606chiefclarko11\n|player|p2|\n","uploadtime":1738714161,"views":11,"formatid":"gen9vgc2025regg","rating":1544,"private":0,"password":null}