{"id":"gen9vgc2025regg-2294850717","format":"[Gen 9] VGC 2025 Reg G","players":["Himmafridge","Dearp"],"log":"|j|\u2606Himmafridge\n|j|\u2606Dearp\n|t:|1738760961\n|gametype|doubles\n|player|p1|Himmafridge|steven|1589\n|player|p2|Dearp|battlegirl|1591\n|teamsize|p1|6\n|teamsize|p2|6\n|gen|9\n|tier|[Gen 9] VGC 2025 Reg G\n|rated|\n|rule|Species Clause: Limit one of each Pok\u00e9mon\n|rule|Item Clause: Limit 1 of each item\n|clearpoke\n|poke|p1|Iron Hands, L50|\n|poke|p1|Miraidon, L50|\n|poke|p1|Whimsicott, L50, M|\n|poke|p1|Farigiraf, L50, M|\n|poke|p1|Urshifu-*, L50, M|\n|poke|p1|Chi-Yu, L50|\n|poke|p2|Heatran, L50, M|\n|poke|p2|Indeedee-F, L50, F|\n|poke|p2|Annihilape, L50, F|\n|poke|p2|Calyrex-Ice, L50|\n|poke|p2|Sinistcha, L50|\n|poke|p2|Iron Valiant, L50|\n|teampreview|4\n|c|\u2606Himmafridge|oh noooooo\nDearp rejected open team sheets.\n|c|\u2606Himmafridge|rnjesus let magma storm miss i beg\n|\n|t:|1738761018\n|start\n|switch|p1a: Miraidon|Miraidon, L50|100\/100\n|switch|p1b: Chi-Yu|Chi-Yu, L50|100\/100\n|switch|p2a: Calyrex|Calyrex-Ice, L50|100\/100\n|switch|p2b: Indeedee|Indeedee-F, L50, F|100\/100\n|-ability|p2a: Calyrex|As One\n|-ability|p2a: Calyrex|Unnerve\n|-ability|p1b: Chi-Yu|Beads of Ruin\n|-fieldstart|move: Electric Terrain|[from] ability: Hadron Engine|[of] p1a: Miraidon\n|-fieldstart|move: Psychic Terrain|[from] ability: Psychic Surge|[of] p2b: Indeedee\n|-enditem|p2b: Indeedee|Psychic Seed\n|-boost|p2b: Indeedee|spd|1|[from] item: Psychic Seed\n|turn|1\n|\n|t:|1738761031\n|-terastallize|p1a: Miraidon|Fairy\n|move|p1b: Chi-Yu|Heat Wave|p2a: Calyrex|[spread] p2a\n|-miss|p1b: Chi-Yu|p2b: Indeedee\n|-supereffective|p2a: Calyrex\n|-damage|p2a: Calyrex|53\/100\n|move|p1a: Miraidon|Dazzling Gleam|p2a: Calyrex|[spread] p2a,p2b\n|-damage|p2a: Calyrex|22\/100\n|-damage|p2b: Indeedee|58\/100\n|move|p2b: Indeedee|Heal Pulse|p2a: Calyrex\n|-heal|p2a: Calyrex|72\/100\n|move|p2a: Calyrex|High Horsepower|p1b: Chi-Yu\n|-supereffective|p1b: Chi-Yu\n|-damage|p1b: Chi-Yu|0 fnt\n|faint|p1b: Chi-Yu\n|-ability|p2a: Calyrex|Chilling Neigh|boost\n|-boost|p2a: Calyrex|atk|1\n|\n|upkeep\n|c|\u2606Himmafridge|is that av caly i\n|c|\u2606Himmafridge|or am i just insane\n|c|\u2606Himmafridge|idk.\n|\n|t:|1738761081\n|switch|p1b: Iron Hands|Iron Hands, L50|100\/100\n|turn|2\n|\n|t:|1738761090\n|switch|p1a: Farigiraf|Farigiraf, L50, M|100\/100\n|move|p2b: Indeedee|Heal Pulse|p2a: Calyrex\n|-heal|p2a: Calyrex|100\/100\n|move|p2a: Calyrex|Glacial Lance|p1b: Iron Hands|[spread] p1a,p1b\n|-damage|p1a: Farigiraf|28\/100\n|-damage|p1b: Iron Hands|47\/100\n|move|p1b: Iron Hands|Drain Punch|p2a: Calyrex\n|-damage|p2a: Calyrex|74\/100\n|-heal|p1b: Iron Hands|58\/100|[from] drain|[of] p2a: Calyrex\n|\n|upkeep\n|turn|3\n|c|\u2606Dearp|na I\u2019m 252 252\n|c|\u2606Dearp|max spd\n|c|\u2606Himmafridge|ah ok\n|c|\u2606Dearp|Jk\n|c|\u2606Dearp|yeah it\u2019s av\n|c|\u2606Himmafridge|oh thank god\n|c|\u2606Himmafridge|i was concerned\n|c|\u2606Himmafridge|i think this is gg lol\n|c|\u2606Himmafridge|i\u2019ll try\n|\n|t:|1738761172\n|switch|p2b: Sinistcha|Sinistcha, L50|100\/100\n|-heal|p2a: Calyrex|99\/100|[from] ability: Hospitality|[of] p2b: Sinistcha\n|switch|p1a: Miraidon|Miraidon, L50, tera:Fairy|100\/100\n|-fieldstart|move: Electric Terrain|[from] ability: Hadron Engine|[of] p1a: Miraidon\n|-activate|p1b: Iron Hands|ability: Quark Drive\n|-start|p1b: Iron Hands|quarkdriveatk\n|move|p2a: Calyrex|Glacial Lance|p1a: Miraidon|[spread] p1a,p1b\n|-damage|p1a: Miraidon|18\/100\n|-damage|p1b: Iron Hands|4\/100\n|move|p1b: Iron Hands|Wild Charge|p2a: Calyrex\n|-damage|p2a: Calyrex|41\/100\n|-damage|p1b: Iron Hands|0 fnt|[from] Recoil\n|faint|p1b: Iron Hands\n|-end|p1b: Iron Hands|Quark Drive|[silent]\n|\n|upkeep\n|\n|t:|1738761187\n|switch|p1b: Farigiraf|Farigiraf, L50, M|28\/100\n|-enditem|p1b: Farigiraf|Electric Seed\n|-boost|p1b: Farigiraf|def|1|[from] item: Electric Seed\n|turn|4\n|\n|t:|1738761190\n|switch|p2b: Indeedee|Indeedee-F, L50, F|58\/100\n|-fieldstart|move: Psychic Terrain|[from] ability: Psychic Surge|[of] p2b: Indeedee\n|move|p1b: Farigiraf|Helping Hand|p1a: Miraidon\n|-singleturn|p1a: Miraidon|Helping Hand|[of] p1b: Farigiraf\n|move|p1a: Miraidon|Dazzling Gleam|p2a: Calyrex|[spread] p2a,p2b\n|-crit|p2a: Calyrex\n|-damage|p2a: Calyrex|0 fnt\n|-damage|p2b: Indeedee|0 fnt\n|faint|p2a: Calyrex\n|faint|p2b: Indeedee\n|\n|upkeep\n|\n|t:|1738761196\n|switch|p2b: Iron Valiant|Iron Valiant, L50|100\/100\n|switch|p2a: Sinistcha|Sinistcha, L50|100\/100\n|-enditem|p2b: Iron Valiant|Booster Energy\n|-activate|p2b: Iron Valiant|ability: Quark Drive|[fromitem]\n|-start|p2b: Iron Valiant|quarkdrivespe\n|turn|5\n|c|\u2606Himmafridge|thanks rnjesus\n|c|\u2606Himmafridge|very cool\n|c|\u2606Himmafridge|doesnt matter\n|c|\u2606Himmafridge|but still.\n|\n|t:|1738761218\n|move|p2b: Iron Valiant|Moonblast|p1a: Miraidon\n|-damage|p1a: Miraidon|0 fnt\n|faint|p1a: Miraidon\n|move|p2a: Sinistcha|Matcha Gotcha|p1b: Farigiraf\n|-damage|p1b: Farigiraf|1\/100\n|move|p1b: Farigiraf|Psychic|p2b: Iron Valiant\n|-supereffective|p2b: Iron Valiant\n|-damage|p2b: Iron Valiant|0 fnt\n|faint|p2b: Iron Valiant\n|-end|p2b: Iron Valiant|Quark Drive|[silent]\n|\n|upkeep\n|turn|6\n|c|\u2606Himmafridge|i think farig wins these guys\n|\n|t:|1738761239\n|-terastallize|p2a: Sinistcha|Dark\n|move|p2a: Sinistcha|Matcha Gotcha|p1b: Farigiraf\n|-damage|p1b: Farigiraf|0 fnt\n|faint|p1b: Farigiraf\n|\n|win|Dearp\n|raw|Himmafridge's rating: 1589 &rarr; <strong>1569<\/strong><br \/>(-20 for losing)\n|raw|Dearp's rating: 1591 &rarr; <strong>1611<\/strong><br \/>(+20 for winning)\n|c|\u2606Himmafridge|gg.\n|l|\u2606Dearp\n|player|p2|\n","uploadtime":1738761417,"views":12,"formatid":"gen9vgc2025regg","rating":1569,"private":0,"password":null}