{"id":"gen9vgc2025regg-2294664756","format":"[Gen 9] VGC 2025 Reg G","players":["ssbutan","GeorgeBraun"],"log":"|j|\u2606ssbutan\n|j|\u2606GeorgeBraun\n|t:|1738728169\n|gametype|doubles\n|player|p1|ssbutan|camper|1643\n|player|p2|GeorgeBraun|gentleman-gen4|1565\n|teamsize|p1|6\n|teamsize|p2|6\n|gen|9\n|tier|[Gen 9] VGC 2025 Reg G\n|rated|\n|rule|Species Clause: Limit one of each Pok\u00e9mon\n|rule|Item Clause: Limit 1 of each item\n|clearpoke\n|poke|p1|Calyrex-Ice, L50|\n|poke|p1|Cresselia, L50, F|\n|poke|p1|Rillaboom, L50, M|\n|poke|p1|Urshifu-*, L50, M|\n|poke|p1|Ting-Lu, L50|\n|poke|p1|Dondozo, L50, M|\n|poke|p2|Kyogre, L50|\n|poke|p2|Smeargle, L50, M|\n|poke|p2|Hitmontop, L50, M|\n|poke|p2|Ogerpon-Wellspring, L50, F|\n|poke|p2|Murkrow, L50, M|\n|poke|p2|Entei, L50|\n|teampreview|4\n|inactive|Battle timer is ON: inactive players will automatically lose when time's up. (requested by ssbutan)\n|\n|t:|1738728189\n|start\n|switch|p1a: Ting-Lu|Ting-Lu, L50|100\/100\n|switch|p1b: Urshifu|Urshifu-Rapid-Strike, L50, M|100\/100\n|switch|p2a: Hitmontop|Hitmontop, L50, M|100\/100\n|switch|p2b: Entei|Entei, L50|100\/100\n|-ability|p1a: Ting-Lu|Vessel of Ruin\n|turn|1\n|\n|t:|1738728211\n|move|p2a: Hitmontop|Fake Out|p1b: Urshifu\n|-damage|p1b: Urshifu|80\/100\n|cant|p1b: Urshifu|flinch\n|move|p2b: Entei|Sacred Fire|p1a: Ting-Lu\n|-damage|p1a: Ting-Lu|66\/100\n|-damage|p2b: Entei|90\/100|[from] item: Life Orb\n|move|p1a: Ting-Lu|Stealth Rock|p2b: Entei\n|-sidestart|p2: GeorgeBraun|move: Stealth Rock\n|\n|upkeep\n|turn|2\n|j| mr pogostick\n|\n|t:|1738728233\n|move|p1b: Urshifu|Surging Strikes|p2b: Entei\n|-supereffective|p2b: Entei\n|-crit|p2b: Entei\n|-damage|p2b: Entei|42\/100\n|-supereffective|p2b: Entei\n|-crit|p2b: Entei\n|-damage|p2b: Entei|0 fnt\n|faint|p2b: Entei\n|-hitcount|p2: Entei|2\n|move|p2a: Hitmontop|Close Combat|p1a: Ting-Lu\n|-supereffective|p1a: Ting-Lu\n|-damage|p1a: Ting-Lu|13\/100\n|-unboost|p2a: Hitmontop|def|1\n|-unboost|p2a: Hitmontop|spd|1\n|-enditem|p1a: Ting-Lu|Sitrus Berry|[eat]\n|-heal|p1a: Ting-Lu|38\/100|[from] item: Sitrus Berry\n|move|p1a: Ting-Lu|Snarl|p2a: Hitmontop\n|-resisted|p2a: Hitmontop\n|-damage|p2a: Hitmontop|91\/100\n|-unboost|p2a: Hitmontop|spa|1\n|\n|upkeep\n|\n|t:|1738728242\n|switch|p2b: Kyogre|Kyogre, L50|100\/100\n|-damage|p2b: Kyogre|88\/100|[from] Stealth Rock\n|-weather|RainDance|[from] ability: Drizzle|[of] p2b: Kyogre\n|turn|3\n|\n|t:|1738728255\n|switch|p1a: Rillaboom|Rillaboom, L50, M|100\/100\n|-fieldstart|move: Grassy Terrain|[from] ability: Grassy Surge|[of] p1a: Rillaboom\n|move|p2a: Hitmontop|Feint|p1b: Urshifu\n|-damage|p1b: Urshifu|66\/100\n|move|p1b: Urshifu|Surging Strikes|p2a: Hitmontop\n|-crit|p2a: Hitmontop\n|-damage|p2a: Hitmontop|39\/100\n|-damage|p1b: Urshifu|49\/100|[from] item: Rocky Helmet|[of] p2a: Hitmontop\n|-crit|p2a: Hitmontop\n|-damage|p2a: Hitmontop|0 fnt\n|-damage|p1b: Urshifu|33\/100|[from] item: Rocky Helmet|[of] p2a: Hitmontop\n|faint|p2a: Hitmontop\n|-hitcount|p2: Hitmontop|2\n|move|p2b: Kyogre|Origin Pulse|p1b: Urshifu|[spread] p1a,p1b\n|-resisted|p1a: Rillaboom\n|-resisted|p1b: Urshifu\n|-damage|p1a: Rillaboom|72\/100\n|-damage|p1b: Urshifu|0 fnt\n|faint|p1b: Urshifu\n|\n|-weather|RainDance|[upkeep]\n|-heal|p2b: Kyogre|94\/100|[from] Grassy Terrain\n|-heal|p1a: Rillaboom|78\/100|[from] Grassy Terrain\n|upkeep\n|\n|t:|1738728270\n|switch|p1b: Calyrex|Calyrex-Ice, L50|100\/100\n|switch|p2a: Smeargle|Smeargle, L50, M|100\/100\n|-ability|p1b: Calyrex|As One\n|-ability|p1b: Calyrex|Unnerve\n|-damage|p2a: Smeargle|88\/100|[from] Stealth Rock\n|turn|4\n|\n|t:|1738728292\n|move|p2a: Smeargle|Fake Out|p1a: Rillaboom\n|-damage|p1a: Rillaboom|73\/100\n|cant|p1a: Rillaboom|flinch\n|move|p2b: Kyogre|Water Spout|p1b: Calyrex|[spread] p1a,p1b\n|-resisted|p1a: Rillaboom\n|-damage|p1a: Rillaboom|40\/100\n|-damage|p1b: Calyrex|45\/100\n|move|p1b: Calyrex|Leech Seed|p2b: Kyogre|[miss]\n|-miss|p1b: Calyrex|p2b: Kyogre\n|\n|-weather|RainDance|[upkeep]\n|-heal|p2b: Kyogre|100\/100|[from] Grassy Terrain\n|-heal|p2a: Smeargle|94\/100|[from] Grassy Terrain\n|-heal|p1a: Rillaboom|45\/100|[from] Grassy Terrain\n|-heal|p1b: Calyrex|51\/100|[from] Grassy Terrain\n|-heal|p1b: Calyrex|57\/100|[from] item: Leftovers\n|-ability|p2a: Smeargle|Moody|boost\n|-boost|p2a: Smeargle|atk|2\n|-unboost|p2a: Smeargle|spa|1\n|upkeep\n|turn|5\n|\n|t:|1738728308\n|-terastallize|p2a: Smeargle|Grass\n|move|p2a: Smeargle|Follow Me|p2a: Smeargle\n|-singleturn|p2a: Smeargle|move: Follow Me\n|move|p1a: Rillaboom|Grassy Glide|p2a: Smeargle\n|-resisted|p2a: Smeargle\n|-damage|p2a: Smeargle|62\/100\n|move|p2b: Kyogre|Water Spout|p1b: Calyrex|[spread] p1a,p1b\n|-resisted|p1a: Rillaboom\n|-damage|p1a: Rillaboom|9\/100\n|-damage|p1b: Calyrex|0 fnt\n|faint|p1b: Calyrex\n|\n|-weather|RainDance|[upkeep]\n|-heal|p2a: Smeargle|68\/100|[from] Grassy Terrain\n|-heal|p1a: Rillaboom|15\/100|[from] Grassy Terrain\n|-ability|p2a: Smeargle|Moody|boost\n|-boost|p2a: Smeargle|spe|2\n|-unboost|p2a: Smeargle|def|1\n|upkeep\n|\n|t:|1738728312\n|switch|p1b: Ting-Lu|Ting-Lu, L50|38\/100\n|-ability|p1b: Ting-Lu|Vessel of Ruin\n|turn|6\n|\n|t:|1738728329\n|-terastallize|p1b: Ting-Lu|Grass\n|move|p2a: Smeargle|Follow Me|p2a: Smeargle\n|-singleturn|p2a: Smeargle|move: Follow Me\n|move|p2b: Kyogre|Water Spout|p1b: Ting-Lu|[spread] p1a,p1b\n|-resisted|p1a: Rillaboom\n|-resisted|p1b: Ting-Lu\n|-damage|p1a: Rillaboom|0 fnt\n|-damage|p1b: Ting-Lu|13\/100\n|faint|p1a: Rillaboom\n|move|p1b: Ting-Lu|Tera Blast|p2a: Smeargle|[anim] Tera Blast Grass\n|-resisted|p2a: Smeargle\n|-damage|p2a: Smeargle|0 fnt\n|faint|p2a: Smeargle\n|\n|-weather|RainDance|[upkeep]\n|-heal|p1b: Ting-Lu|19\/100|[from] Grassy Terrain\n|upkeep\n|turn|7\n|\n|t:|1738728344\n|move|p2b: Kyogre|Ice Beam|p1b: Ting-Lu\n|-supereffective|p1b: Ting-Lu\n|-damage|p1b: Ting-Lu|0 fnt\n|faint|p1b: Ting-Lu\n|\n|win|GeorgeBraun\n|raw|ssbutan's rating: 1643 &rarr; <strong>1619<\/strong><br \/>(-24 for losing)\n|raw|GeorgeBraun's rating: 1565 &rarr; <strong>1589<\/strong><br \/>(+24 for winning)\n|l|\u2606ssbutan\n|player|p1|\n|l|\u2606GeorgeBraun\n|player|p2|\n","uploadtime":1738728530,"views":7,"formatid":"gen9vgc2025regg","rating":1589,"private":0,"password":null}