{"id":"gen9vgc2025regg-2294528071","format":"[Gen 9] VGC 2025 Reg G","players":["Groudizzle","DimensionalFool"],"log":"|j|\u2606Groudizzle\n|j|\u203dDimensionalFool\n|t:|1738710221\n|gametype|doubles\n|player|p1|Groudizzle|mela|1593\n|player|p2|DimensionalFool|170|1621\n|teamsize|p1|6\n|teamsize|p2|6\n|gen|9\n|tier|[Gen 9] VGC 2025 Reg G\n|rated|\n|rule|Species Clause: Limit one of each Pok\u00e9mon\n|rule|Item Clause: Limit 1 of each item\n|clearpoke\n|poke|p1|Groudon, L50|\n|poke|p1|Raging Bolt, L50|\n|poke|p1|Volcarona, L50, F|\n|poke|p1|Farigiraf, L50, M|\n|poke|p1|Entei, L50|\n|poke|p1|Chien-Pao, L50|\n|poke|p2|Grimmsnarl, L50, M|\n|poke|p2|Landorus, L50, M|\n|poke|p2|Calyrex-Ice, L50|\n|poke|p2|Pelipper, L50, F|\n|poke|p2|Urshifu-*, L50, F|\n|poke|p2|Rillaboom, L50, M|\n|teampreview|4\n|inactive|Battle timer is ON: inactive players will automatically lose when time's up. (requested by Groudizzle)\n|\n|t:|1738710250\n|start\n|switch|p1a: Volcarona|Volcarona, L50, F|100\/100\n|switch|p1b: Entei|Entei, L50|100\/100\n|switch|p2a: Landorus|Landorus, L50, M|100\/100\n|switch|p2b: Urshifu|Urshifu-Rapid-Strike, L50, F|100\/100\n|turn|1\n|\n|t:|1738710269\n|switch|p2a: Pelipper|Pelipper, L50, F|100\/100\n|-weather|RainDance|[from] ability: Drizzle|[of] p2a: Pelipper\n|-terastallize|p1a: Volcarona|Water\n|move|p1a: Volcarona|Rage Powder|p1a: Volcarona\n|-singleturn|p1a: Volcarona|move: Rage Powder\n|move|p2b: Urshifu|Surging Strikes|p1a: Volcarona\n|-resisted|p1a: Volcarona\n|-crit|p1a: Volcarona\n|-damage|p1a: Volcarona|83\/100\n|-damage|p2b: Urshifu|84\/100|[from] item: Rocky Helmet|[of] p1a: Volcarona\n|-resisted|p1a: Volcarona\n|-crit|p1a: Volcarona\n|-damage|p1a: Volcarona|66\/100\n|-damage|p2b: Urshifu|67\/100|[from] item: Rocky Helmet|[of] p1a: Volcarona\n|-resisted|p1a: Volcarona\n|-crit|p1a: Volcarona\n|-damage|p1a: Volcarona|50\/100\n|-damage|p2b: Urshifu|51\/100|[from] item: Rocky Helmet|[of] p1a: Volcarona\n|-hitcount|p1a: Volcarona|3\n|move|p1b: Entei|Sacred Fire|p2a: Pelipper|[miss]\n|-miss|p1b: Entei|p2a: Pelipper\n|\n|-weather|RainDance|[upkeep]\n|upkeep\n|turn|2\n|j| mr pogostick\n|\n|t:|1738710293\n|move|p1a: Volcarona|Rage Powder|p1a: Volcarona\n|-singleturn|p1a: Volcarona|move: Rage Powder\n|move|p2b: Urshifu|Surging Strikes|p1a: Volcarona\n|-resisted|p1a: Volcarona\n|-crit|p1a: Volcarona\n|-damage|p1a: Volcarona|32\/100\n|-damage|p2b: Urshifu|34\/100|[from] item: Rocky Helmet|[of] p1a: Volcarona\n|-resisted|p1a: Volcarona\n|-crit|p1a: Volcarona\n|-damage|p1a: Volcarona|16\/100\n|-damage|p2b: Urshifu|18\/100|[from] item: Rocky Helmet|[of] p1a: Volcarona\n|-resisted|p1a: Volcarona\n|-crit|p1a: Volcarona\n|-damage|p1a: Volcarona|0 fnt\n|-damage|p2b: Urshifu|1\/100|[from] item: Rocky Helmet|[of] p1a: Volcarona\n|-status|p2b: Urshifu|brn|[from] ability: Flame Body|[of] p1a: Volcarona\n|faint|p1a: Volcarona\n|-hitcount|p1: Volcarona|3\n|move|p1b: Entei|Crunch|p2a: Pelipper\n|-damage|p2a: Pelipper|62\/100\n|-unboost|p2a: Pelipper|def|1\n|move|p2a: Pelipper|Hurricane|p1b: Entei\n|-damage|p1b: Entei|65\/100\n|\n|-weather|RainDance|[upkeep]\n|-damage|p2b: Urshifu|0 fnt|[from] brn\n|faint|p2b: Urshifu\n|upkeep\n|inactive|DimensionalFool has 30 seconds left.\n|\n|t:|1738710322\n|switch|p2b: Calyrex|Calyrex-Ice, L50|100\/100\n|switch|p1a: Groudon|Groudon, L50|100\/100\n|-ability|p2b: Calyrex|As One\n|-ability|p2b: Calyrex|Unnerve\n|-weather|SunnyDay|[from] ability: Drought|[of] p1a: Groudon\n|turn|3\n|\n|t:|1738710340\n|switch|p2a: Landorus|Landorus, L50, M|100\/100\n|switch|p1a: Farigiraf|Farigiraf, L50, M|100\/100\n|-terastallize|p2b: Calyrex|Water\n|move|p1b: Entei|Sacred Fire|p2a: Landorus\n|-damage|p2a: Landorus|5\/100\n|-status|p2a: Landorus|brn\n|move|p2b: Calyrex|Glacial Lance|p1a: Farigiraf|[spread] p1a,p1b\n|-resisted|p1b: Entei\n|-damage|p1a: Farigiraf|56\/100\n|-damage|p1b: Entei|39\/100\n|\n|-weather|SunnyDay|[upkeep]\n|-damage|p2a: Landorus|0 fnt|[from] brn\n|faint|p2a: Landorus\n|upkeep\n|\n|t:|1738710352\n|switch|p2a: Pelipper|Pelipper, L50, F|62\/100\n|-weather|RainDance|[from] ability: Drizzle|[of] p2a: Pelipper\n|turn|4\n|\n|t:|1738710370\n|move|p1b: Entei|Crunch|p2a: Pelipper\n|-damage|p2a: Pelipper|23\/100\n|-unboost|p2a: Pelipper|def|1\n|move|p2a: Pelipper|Tailwind|p2a: Pelipper\n|-sidestart|p2: DimensionalFool|move: Tailwind\n|move|p2b: Calyrex|High Horsepower|p1b: Entei\n|-supereffective|p1b: Entei\n|-damage|p1b: Entei|0 fnt\n|faint|p1b: Entei\n|-ability|p2b: Calyrex|Chilling Neigh|boost\n|-boost|p2b: Calyrex|atk|1\n|move|p1a: Farigiraf|Hyper Voice|p2a: Pelipper|[spread] p2a,p2b\n|-damage|p2a: Pelipper|0 fnt\n|-damage|p2b: Calyrex|87\/100\n|faint|p2a: Pelipper\n|-enditem|p1a: Farigiraf|Throat Spray\n|-boost|p1a: Farigiraf|spa|1|[from] item: Throat Spray\n|\n|-weather|RainDance|[upkeep]\n|upkeep\n|\n|t:|1738710381\n|switch|p1b: Groudon|Groudon, L50|100\/100\n|-weather|SunnyDay|[from] ability: Drought|[of] p1b: Groudon\n|turn|5\n|\n|t:|1738710394\n|move|p1b: Groudon|Protect|p1b: Groudon\n|-singleturn|p1b: Groudon|Protect\n|move|p2b: Calyrex|Throat Chop|p1a: Farigiraf\n|-supereffective|p1a: Farigiraf\n|-damage|p1a: Farigiraf|0 fnt\n|faint|p1a: Farigiraf\n|-ability|p2b: Calyrex|Chilling Neigh|boost\n|-boost|p2b: Calyrex|atk|1\n|\n|-weather|SunnyDay|[upkeep]\n|upkeep\n|turn|6\n|-message|Groudizzle forfeited.\n|\n|win|DimensionalFool\n|raw|Groudizzle's rating: 1593 &rarr; <strong>1575<\/strong><br \/>(-18 for losing)\n|raw|DimensionalFool's rating: 1621 &rarr; <strong>1639<\/strong><br \/>(+18 for winning)\n|l|\u2606Groudizzle\n|player|p1|\n|l| mr pogostick\n|l|\u203dDimensionalFool\n|player|p2|\n","uploadtime":1738710561,"views":6,"formatid":"gen9vgc2025regg","rating":1575,"private":0,"password":null}