{"id":"gen9vgc2025regg-2294537606","format":"[Gen 9] VGC 2025 Reg G","players":["UnluckyTogekissZ","actuary97"],"log":"|j|\u2606UnluckyTogekissZ\n|j|\u2606actuary97\n|t:|1738711368\n|gametype|doubles\n|player|p1|UnluckyTogekissZ|2|1626\n|player|p2|actuary97|sabrina-frlg|1541\n|teamsize|p1|6\n|teamsize|p2|6\n|gen|9\n|tier|[Gen 9] VGC 2025 Reg G\n|rated|\n|rule|Species Clause: Limit one of each Pok\u00e9mon\n|rule|Item Clause: Limit 1 of each item\n|clearpoke\n|poke|p1|Calyrex-Shadow, L50|\n|poke|p1|Raging Bolt, L50|\n|poke|p1|Clefairy, L50, F|\n|poke|p1|Urshifu-*, L50, M|\n|poke|p1|Incineroar, L50, F|\n|poke|p1|Rillaboom, L50, M|\n|poke|p2|Amoonguss, L50, F|\n|poke|p2|Comfey, L50, M|\n|poke|p2|Whimsicott, L50, M|\n|poke|p2|Kyogre, L50|\n|poke|p2|Spectrier, L50|\n|poke|p2|Archaludon, L50, M|\n|teampreview|4\n|j| Reflextive\nactuary97 has agreed to open team sheets.\n|\n|t:|1738711413\n|start\n|switch|p1a: Calyrex|Calyrex-Shadow, L50|100\/100\n|switch|p1b: Raging Bolt|Raging Bolt, L50|100\/100\n|switch|p2a: Whimsicott|Whimsicott, L50, M, shiny|100\/100\n|switch|p2b: Archaludon|Archaludon, L50, M, shiny|100\/100\n|-ability|p1a: Calyrex|As One\n|-ability|p1a: Calyrex|Unnerve\n|turn|1\n|inactive|Battle timer is ON: inactive players will automatically lose when time's up. (requested by actuary97)\n|\n|t:|1738711438\n|-end|p1b: Raging Bolt|Protosynthesis|[silent]\n|switch|p1b: Clefairy|Clefairy, L50, F, shiny|100\/100\n|-terastallize|p1a: Calyrex|Fairy\n|move|p2a: Whimsicott|Tailwind|p2a: Whimsicott\n|-sidestart|p2: actuary97|move: Tailwind\n|move|p2b: Archaludon|Snarl|p1b: Clefairy|[spread] p1a,p1b\n|-resisted|p1a: Calyrex\n|-resisted|p1b: Clefairy\n|-damage|p1a: Calyrex|96\/100\n|-damage|p1b: Clefairy|94\/100\n|-unboost|p1b: Clefairy|spa|1\n|move|p1a: Calyrex|Calm Mind|p1a: Calyrex\n|-boost|p1a: Calyrex|spa|1\n|-boost|p1a: Calyrex|spd|1\n|\n|upkeep\n|turn|2\n|\n|t:|1738711462\n|move|p1b: Clefairy|Follow Me|p1b: Clefairy\n|-singleturn|p1b: Clefairy|move: Follow Me\n|move|p2a: Whimsicott|Encore|p1b: Clefairy\n|-start|p1b: Clefairy|Encore\n|move|p2b: Archaludon|Flash Cannon|p1b: Clefairy\n|-supereffective|p1b: Clefairy\n|-damage|p1b: Clefairy|19\/100\n|move|p1a: Calyrex|Calm Mind|p1a: Calyrex\n|-boost|p1a: Calyrex|spa|1\n|-boost|p1a: Calyrex|spd|1\n|\n|upkeep\n|turn|3\n|\n|t:|1738711481\n|switch|p2a: Kyogre|Kyogre, L50, shiny|100\/100\n|-weather|RainDance|[from] ability: Drizzle|[of] p2a: Kyogre\n|move|p1b: Clefairy|Follow Me|p1b: Clefairy\n|-singleturn|p1b: Clefairy|move: Follow Me\n|move|p2b: Archaludon|Electro Shot||[still]\n|-prepare|p2b: Archaludon|Electro Shot\n|-boost|p2b: Archaludon|spa|1\n|-anim|p2b: Archaludon|Electro Shot|p1b: Clefairy\n|-damage|p1b: Clefairy|0 fnt\n|faint|p1b: Clefairy\n|move|p1a: Calyrex|Astral Barrage|p2a: Kyogre|[spread] p2a,p2b\n|-damage|p2a: Kyogre|34\/100\n|-damage|p2b: Archaludon|20\/100\n|-ability|p2b: Archaludon|Stamina|boost\n|-boost|p2b: Archaludon|def|1\n|\n|-weather|RainDance|[upkeep]\n|upkeep\n|\n|t:|1738711490\n|switch|p1b: Raging Bolt|Raging Bolt, L50|100\/100\n|turn|4\n|c|\u2606actuary97|my least favorite core in this whole reg is cloak caly and clefairy\n|\n|t:|1738711511\n|-terastallize|p2a: Kyogre|Grass\n|move|p1b: Raging Bolt|Thunderclap|p2a: Kyogre\n|-resisted|p2a: Kyogre\n|-damage|p2a: Kyogre|22\/100\n|move|p2a: Kyogre|Origin Pulse|p1a: Calyrex|[spread] p1a,p1b\n|-resisted|p1b: Raging Bolt\n|-damage|p1a: Calyrex|66\/100\n|-damage|p1b: Raging Bolt|79\/100\n|move|p2b: Archaludon|Flash Cannon|p1a: Calyrex\n|-supereffective|p1a: Calyrex\n|-damage|p1a: Calyrex|14\/100\n|move|p1a: Calyrex|Draining Kiss|p2b: Archaludon\n|-damage|p2b: Archaludon|0 fnt\n|-heal|p1a: Calyrex|28\/100|[from] drain|[of] p2b: Archaludon\n|faint|p2b: Archaludon\n|-ability|p1a: Calyrex|Grim Neigh|boost\n|-boost|p1a: Calyrex|spa|1\n|\n|-weather|RainDance|[upkeep]\n|-sideend|p2: actuary97|move: Tailwind\n|upkeep\n|\n|t:|1738711525\n|switch|p2b: Whimsicott|Whimsicott, L50, M, shiny|100\/100\n|turn|5\n|c|\u2606UnluckyTogekissZ|nice tera\n|inactive|UnluckyTogekissZ has 30 seconds left.\n|inactive|UnluckyTogekissZ has 20 seconds left.\n|inactive|UnluckyTogekissZ has 15 seconds left.\n|inactive|UnluckyTogekissZ has 10 seconds left.\n|\n|t:|1738711573\n|move|p1a: Calyrex|Protect|p1a: Calyrex\n|-singleturn|p1a: Calyrex|Protect\n|move|p2a: Kyogre|Protect|p2a: Kyogre\n|-singleturn|p2a: Kyogre|Protect\n|move|p2b: Whimsicott|Tailwind|p2b: Whimsicott\n|-sidestart|p2: actuary97|move: Tailwind\n|move|p1b: Raging Bolt|Draco Meteor|p2a: Kyogre\n|-activate|p2a: Kyogre|move: Protect\n|\n|-weather|RainDance|[upkeep]\n|upkeep\n|turn|6\n|c|\u2606UnluckyTogekissZ|nice done\n|\n|t:|1738711585\n|switch|p2a: Comfey|Comfey, L50, M, shiny|100\/100\n|switch|p1a: Urshifu|Urshifu-Rapid-Strike, L50, M|100\/100\n|move|p2b: Whimsicott|Encore||[still]\n|-fail|p2b: Whimsicott\n|move|p1b: Raging Bolt|Draco Meteor|p2a: Comfey\n|-immune|p2a: Comfey\n|\n|-weather|RainDance|[upkeep]\n|upkeep\n|turn|7\n|j| AmdAndrewVGC\n|\n|t:|1738711605\n|-end|p1b: Raging Bolt|Protosynthesis|[silent]\n|switch|p1b: Calyrex|Calyrex-Shadow, L50, tera:Fairy|28\/100\n|-ability|p1b: Calyrex|As One\n|-ability|p1b: Calyrex|Unnerve\n|move|p1a: Urshifu|Detect|p1a: Urshifu\n|-singleturn|p1a: Urshifu|Protect\n|move|p2a: Comfey|Draining Kiss|p1a: Urshifu\n|-activate|p1a: Urshifu|move: Protect\n|move|p2b: Whimsicott|Moonblast|p1a: Urshifu\n|-activate|p1a: Urshifu|move: Protect\n|\n|-weather|none\n|upkeep\n|turn|8\n|\n|t:|1738711621\n|switch|p1a: Raging Bolt|Raging Bolt, L50|79\/100\n|move|p2a: Comfey|Draining Kiss|p1a: Raging Bolt\n|-supereffective|p1a: Raging Bolt\n|-damage|p1a: Raging Bolt|56\/100\n|move|p2b: Whimsicott|Moonblast|p1b: Calyrex\n|-damage|p1b: Calyrex|0 fnt\n|faint|p1b: Calyrex\n|\n|-sideend|p2: actuary97|move: Tailwind\n|upkeep\n|-message|UnluckyTogekissZ forfeited.\n|\n|win|actuary97\n|raw|UnluckyTogekissZ's rating: 1626 &rarr; <strong>1601<\/strong><br \/>(-25 for losing)\n|raw|actuary97's rating: 1541 &rarr; <strong>1566<\/strong><br \/>(+25 for winning)\n|l|\u2606UnluckyTogekissZ\n|player|p1|\n|l| AmdAndrewVGC\n|l|\u2606actuary97\n|player|p2|\n","uploadtime":1738711807,"views":9,"formatid":"gen9vgc2025regg","rating":1566,"private":0,"password":null}