{"id":"gen9vgc2025regg-2294155781","format":"[Gen 9] VGC 2025 Reg G","players":["bluestraggler02","head0fthetable"],"log":"|j|\u2606bluestraggler02\n|j|\u2606head0fthetable\n|t:|1738670360\n|gametype|doubles\n|player|p1|bluestraggler02|1|1629\n|player|p2|head0fthetable|leon-masters|1521\n|teamsize|p1|6\n|teamsize|p2|6\n|gen|9\n|tier|[Gen 9] VGC 2025 Reg G\n|rated|\n|rule|Species Clause: Limit one of each Pok\u00e9mon\n|rule|Item Clause: Limit 1 of each item\n|clearpoke\n|poke|p1|Zamazenta-*, L50|\n|poke|p1|Roaring Moon, L50|\n|poke|p1|Landorus, L50, M|\n|poke|p1|Pelipper, L50, M|\n|poke|p1|Urshifu-*, L50, F|\n|poke|p1|Amoonguss, L50, M|\n|poke|p2|Whimsicott, L50, F|\n|poke|p2|Iron Crown, L50|\n|poke|p2|Indeedee-F, L50, F|\n|poke|p2|Calyrex-Shadow, L50|\n|poke|p2|Roaring Moon, L50|\n|poke|p2|Iron Hands, L50|\n|teampreview|4\n|inactive|Battle timer is ON: inactive players will automatically lose when time's up. (requested by head0fthetable)\n|j| aimyon36\n|l| aimyon36\nbluestraggler02 rejected open team sheets.\n|\n|t:|1738670394\n|start\n|switch|p1a: Roaring Moon|Roaring Moon, L50|100\/100\n|switch|p1b: Landorus|Landorus, L50, M|100\/100\n|switch|p2a: Iron Hands|Iron Hands, L50|100\/100\n|switch|p2b: Indeedee|Indeedee-F, L50, F|100\/100\n|-fieldstart|move: Psychic Terrain|[from] ability: Psychic Surge|[of] p2b: Indeedee\n|-enditem|p2b: Indeedee|Psychic Seed\n|-boost|p2b: Indeedee|spd|1|[from] item: Psychic Seed\n|-enditem|p1a: Roaring Moon|Booster Energy\n|-activate|p1a: Roaring Moon|ability: Protosynthesis|[fromitem]\n|-start|p1a: Roaring Moon|protosynthesisspe\n|turn|1\n|\n|t:|1738670405\n|-terastallize|p2a: Iron Hands|Grass\n|move|p1a: Roaring Moon|Taunt|p2b: Indeedee\n|-start|p2b: Indeedee|move: Taunt\n|move|p1b: Landorus|Sandsear Storm|p2b: Indeedee|[spread] p2a,p2b\n|-resisted|p2a: Iron Hands\n|-damage|p2a: Iron Hands|75\/100\n|-damage|p2b: Indeedee|58\/100\n|move|p2a: Iron Hands|Belly Drum|p2a: Iron Hands\n|-damage|p2a: Iron Hands|25\/100\n|-setboost|p2a: Iron Hands|atk|6|[from] move: Belly Drum\n|-enditem|p2a: Iron Hands|Sitrus Berry|[eat]\n|-heal|p2a: Iron Hands|50\/100|[from] item: Sitrus Berry\n|cant|p2b: Indeedee|move: Taunt|Trick Room\n|\n|upkeep\n|turn|2\n|\n|t:|1738670420\n|move|p2a: Iron Hands|Detect|p2a: Iron Hands\n|-singleturn|p2a: Iron Hands|Protect\n|move|p1a: Roaring Moon|Knock Off|p2a: Iron Hands\n|-activate|p2a: Iron Hands|move: Protect\n|move|p1b: Landorus|Sandsear Storm|p2b: Indeedee|[spread] p2b\n|-activate|p2a: Iron Hands|move: Protect\n|-damage|p2b: Indeedee|15\/100\n|move|p2b: Indeedee|Dazzling Gleam|p1b: Landorus|[spread] p1a,p1b\n|-supereffective|p1a: Roaring Moon\n|-damage|p1a: Roaring Moon|53\/100\n|-damage|p1b: Landorus|86\/100\n|\n|upkeep\n|turn|3\n|\n|t:|1738670443\n|move|p1a: Roaring Moon|Tailwind|p1a: Roaring Moon\n|-sidestart|p1: bluestraggler02|move: Tailwind\n|move|p1b: Landorus|Sandsear Storm|p2b: Indeedee|[spread] p2a,p2b\n|-resisted|p2a: Iron Hands\n|-damage|p2a: Iron Hands|24\/100\n|-damage|p2b: Indeedee|0 fnt\n|faint|p2b: Indeedee\n|move|p2a: Iron Hands|Drain Punch|p1b: Landorus\n|-resisted|p1b: Landorus\n|-damage|p1b: Landorus|0 fnt\n|-heal|p2a: Iron Hands|57\/100|[from] drain|[of] p1b: Landorus\n|faint|p1b: Landorus\n|\n|upkeep\n|\n|t:|1738670462\n|switch|p1b: Zamazenta|Zamazenta-Crowned, L50|100\/100\n|switch|p2b: Whimsicott|Whimsicott, L50, F|100\/100\n|-ability|p1b: Zamazenta|Dauntless Shield|boost\n|-boost|p1b: Zamazenta|def|1\n|turn|4\n|inactive|bluestraggler02 has 30 seconds left.\n|\n|t:|1738670489\n|move|p1b: Zamazenta|Protect|p1b: Zamazenta\n|-singleturn|p1b: Zamazenta|Protect\n|move|p1a: Roaring Moon|Taunt|p2b: Whimsicott\n|-start|p2b: Whimsicott|move: Taunt\n|move|p2b: Whimsicott|Dazzling Gleam|p1b: Zamazenta|[spread] p1a\n|-activate|p1b: Zamazenta|move: Protect\n|-supereffective|p1a: Roaring Moon\n|-damage|p1a: Roaring Moon|0 fnt\n|faint|p1a: Roaring Moon\n|-end|p1a: Roaring Moon|Protosynthesis|[silent]\n|move|p2a: Iron Hands|Drain Punch|p1b: Zamazenta\n|-activate|p1b: Zamazenta|move: Protect\n|\n|upkeep\n|\n|t:|1738670498\n|switch|p1a: Pelipper|Pelipper, L50, M|100\/100\n|-weather|RainDance|[from] ability: Drizzle|[of] p1a: Pelipper\n|turn|5\n|l|\u2606bluestraggler02\n|inactive|bluestraggler02 disconnected and has a minute to reconnect!\n|player|p1|\n|inactive|bluestraggler02 has 30 seconds left.\n|inactive|bluestraggler02 has 20 seconds left.\n|inactive|bluestraggler02 has 15 seconds left.\n|inactive|bluestraggler02 has 10 seconds left.\n|inactive|bluestraggler02 has 5 seconds left.\n|-message|bluestraggler02 lost due to inactivity.\n|\n|win|head0fthetable\n|raw|bluestraggler02's rating: 1629 &rarr; <strong>1603<\/strong><br \/>(-26 for losing)\n|raw|head0fthetable's rating: 1521 &rarr; <strong>1547<\/strong><br \/>(+26 for winning)\n|l|\u2606head0fthetable\n|player|p2|\n|j|\u2606bluestraggler02\n|player|p1|bluestraggler02|1|\n|l|\u2606bluestraggler02\n|player|p1|\n","uploadtime":1738670781,"views":10,"formatid":"gen9vgc2025regg","rating":1547,"private":0,"password":null}