{"id":"gen9vgc2025regg-2294356324","format":"[Gen 9] VGC 2025 Reg G","players":["Slackermaru","i\u2764\u5a1c\u7984forever"],"log":"|j|\u2606Slackermaru\n|j|\u2606i\u2764\u5a1c\u7984forever\n|t:|1738692589\n|gametype|doubles\n|player|p1|Slackermaru|workerice|1679\n|player|p2|i\u2764\u5a1c\u7984forever|youngcouple|1615\n|teamsize|p1|6\n|teamsize|p2|6\n|gen|9\n|tier|[Gen 9] VGC 2025 Reg G\n|rated|\n|rule|Species Clause: Limit one of each Pok\u00e9mon\n|rule|Item Clause: Limit 1 of each item\n|clearpoke\n|poke|p1|Calyrex-Ice, L50|\n|poke|p1|Raging Bolt, L50|\n|poke|p1|Urshifu-*, L50, F|\n|poke|p1|Landorus, L50, M|\n|poke|p1|Pelipper, L50, F|\n|poke|p1|Amoonguss, L50, M|\n|poke|p2|Groudon, L50|\n|poke|p2|Farigiraf, L50, M|\n|poke|p2|Urshifu-*, L50, F|\n|poke|p2|Flutter Mane, L50|\n|poke|p2|Dragonite, L50, F|\n|poke|p2|Torkoal, L50, F|\n|teampreview|4\n|l|\u2606Slackermaru\n|player|p1|\n|j| bluestraggler02\n|j|\u2606Slackermaru\n|player|p1|Slackermaru|workerice|\n|\n|t:|1738692674\n|start\n|switch|p1a: Calyrex|Calyrex-Ice, L50|100\/100\n|switch|p1b: Urshifu|Urshifu-Rapid-Strike, L50, F|100\/100\n|switch|p2a: Groudon|Groudon, L50|100\/100\n|switch|p2b: Flutter Mane|Flutter Mane, L50|100\/100\n|-ability|p1a: Calyrex|As One\n|-ability|p1a: Calyrex|Unnerve\n|-weather|SunnyDay|[from] ability: Drought|[of] p2a: Groudon\n|-activate|p2b: Flutter Mane|ability: Protosynthesis\n|-start|p2b: Flutter Mane|protosynthesisspa\n|turn|1\n|j| DonShitDozo\n|l| DonShitDozo\n|\n|t:|1738692694\n|switch|p1b: Pelipper|Pelipper, L50, F|100\/100\n|-weather|RainDance|[from] ability: Drizzle|[of] p1b: Pelipper\n|-end|p2b: Flutter Mane|Protosynthesis\n|-terastallize|p1a: Calyrex|Fairy\n|move|p2b: Flutter Mane|Dazzling Gleam|p1a: Calyrex|[spread] p1a,p1b\n|-damage|p1a: Calyrex|71\/100\n|-damage|p1b: Pelipper|37\/100\n|move|p2a: Groudon|Precipice Blades|p1b: Pelipper|[spread] p1a\n|-immune|p1b: Pelipper\n|-damage|p1a: Calyrex|39\/100\n|move|p1a: Calyrex|Trick Room|p1a: Calyrex\n|-fieldstart|move: Trick Room|[of] p1a: Calyrex\n|\n|-weather|RainDance|[upkeep]\n|upkeep\n|turn|2\n|\n|t:|1738692717\n|-terastallize|p2a: Groudon|Fire\n|move|p1a: Calyrex|Glacial Lance|p2b: Flutter Mane|[spread] p2a,p2b\n|-resisted|p2a: Groudon\n|-damage|p2a: Groudon|80\/100\n|-damage|p2b: Flutter Mane|12\/100\n|move|p1b: Pelipper|Weather Ball|p2a: Groudon\n|-supereffective|p2a: Groudon\n|-damage|p2a: Groudon|0 fnt\n|faint|p2a: Groudon\n|-damage|p1b: Pelipper|27\/100|[from] item: Life Orb\n|move|p2b: Flutter Mane|Dazzling Gleam|p1a: Calyrex|[spread] p1a,p1b\n|-damage|p1a: Calyrex|8\/100\n|-damage|p1b: Pelipper|0 fnt\n|faint|p1b: Pelipper\n|\n|-weather|RainDance|[upkeep]\n|upkeep\n|\n|t:|1738692731\n|switch|p1b: Raging Bolt|Raging Bolt, L50|100\/100\n|switch|p2a: Torkoal|Torkoal, L50, F|100\/100\n|-weather|SunnyDay|[from] ability: Drought|[of] p2a: Torkoal\n|-activate|p1b: Raging Bolt|ability: Protosynthesis\n|-start|p1b: Raging Bolt|protosynthesisspa\n|-activate|p2b: Flutter Mane|ability: Protosynthesis\n|-start|p2b: Flutter Mane|protosynthesisspa\n|turn|3\n|\n|t:|1738692754\n|move|p1a: Calyrex|Protect|p1a: Calyrex\n|-singleturn|p1a: Calyrex|Protect\n|move|p2a: Torkoal|Earth Power|p1a: Calyrex\n|-activate|p1a: Calyrex|move: Protect\n|move|p1b: Raging Bolt|Electroweb|p2b: Flutter Mane|[spread] p2a,p2b\n|-damage|p2a: Torkoal|65\/100\n|-damage|p2b: Flutter Mane|0 fnt\n|-unboost|p2a: Torkoal|spe|1\n|faint|p2b: Flutter Mane\n|-end|p2b: Flutter Mane|Protosynthesis|[silent]\n|\n|-weather|SunnyDay|[upkeep]\n|upkeep\n|\n|t:|1738692763\n|switch|p2b: Dragonite|Dragonite, L50, F|100\/100\n|turn|4\n|\n|t:|1738692774\n|move|p2b: Dragonite|Extreme Speed|p1a: Calyrex\n|-damage|p1a: Calyrex|0 fnt\n|faint|p1a: Calyrex\n|move|p1b: Raging Bolt|Thunderclap|p2a: Torkoal\n|-damage|p2a: Torkoal|0 fnt\n|faint|p2a: Torkoal\n|\n|-weather|SunnyDay|[upkeep]\n|upkeep\n|\n|t:|1738692781\n|switch|p1a: Urshifu|Urshifu-Rapid-Strike, L50, F|100\/100\n|turn|5\n|\n|t:|1738692791\n|move|p2b: Dragonite|Extreme Speed|p1b: Raging Bolt\n|-damage|p1b: Raging Bolt|66\/100\n|move|p1b: Raging Bolt|Dragon Pulse|p2b: Dragonite\n|-supereffective|p2b: Dragonite\n|-damage|p2b: Dragonite|43\/100\n|move|p1a: Urshifu|Close Combat|p2b: Dragonite\n|-resisted|p2b: Dragonite\n|-damage|p2b: Dragonite|11\/100\n|-unboost|p1a: Urshifu|def|1\n|-unboost|p1a: Urshifu|spd|1\n|\n|-weather|SunnyDay|[upkeep]\n|-fieldend|move: Trick Room\n|upkeep\n|turn|6\n|\n|t:|1738692805\n|move|p2b: Dragonite|Extreme Speed|p1a: Urshifu\n|-damage|p1a: Urshifu|25\/100\n|move|p1a: Urshifu|Close Combat|p2b: Dragonite\n|-resisted|p2b: Dragonite\n|-damage|p2b: Dragonite|0 fnt\n|-unboost|p1a: Urshifu|def|1\n|-unboost|p1a: Urshifu|spd|1\n|faint|p2b: Dragonite\n|\n|win|Slackermaru\n|raw|Slackermaru's rating: 1679 &rarr; <strong>1695<\/strong><br \/>(+16 for winning)\n|raw|i\u2764\u5a1c\u7984forever's rating: 1615 &rarr; <strong>1599<\/strong><br \/>(-16 for losing)\n|l|\u2606i\u2764\u5a1c\u7984forever\n|player|p2|\n|l|\u2606Slackermaru\n|player|p1|\n|l| bluestraggler02\n","uploadtime":1738693005,"views":10,"formatid":"gen9vgc2025regg","rating":1599,"private":0,"password":null}