{"id":"gen9vgc2025regg-2294746709","format":"[Gen 9] VGC 2025 Reg G","players":["nezuko fresh leg","zonavideovigilada"],"log":"|j|\u2606nezuko fresh leg\n|j|\u2606zonavideovigilada\n|t:|1738743317\n|gametype|doubles\n|player|p1|nezuko fresh leg|tuberf|1700\n|player|p2|zonavideovigilada|101|1670\n|teamsize|p1|6\n|teamsize|p2|6\n|gen|9\n|tier|[Gen 9] VGC 2025 Reg G\n|rated|\n|rule|Species Clause: Limit one of each Pok\u00e9mon\n|rule|Item Clause: Limit 1 of each item\n|clearpoke\n|poke|p1|Whimsicott, L50, F|\n|poke|p1|Indeedee-F, L50, F|\n|poke|p1|Calyrex-Shadow, L50|\n|poke|p1|Urshifu-*, L50, M|\n|poke|p1|Chi-Yu, L50|\n|poke|p1|Ogerpon-Wellspring, L50, F|\n|poke|p2|Urshifu-*, L50, M|\n|poke|p2|Whimsicott, L50, M|\n|poke|p2|Miraidon, L50|\n|poke|p2|Iron Hands, L50|\n|poke|p2|Incineroar, L50, M|\n|poke|p2|Iron Leaves, L50|\n|teampreview|4\nnezuko fresh leg has agreed to open team sheets.\n|inactive|Battle timer is ON: inactive players will automatically lose when time's up. (requested by nezuko fresh leg)\n|\n|t:|1738743353\n|start\n|switch|p1a: Whimsicott|Whimsicott, L50, F|100\/100\n|switch|p1b: Chi-Yu|Chi-Yu, L50|100\/100\n|switch|p2a: Whimsicott|Whimsicott, L50, M|100\/100\n|switch|p2b: Incineroar|Incineroar, L50, M|100\/100\n|-ability|p1b: Chi-Yu|Beads of Ruin\n|-ability|p2b: Incineroar|Intimidate|boost\n|-unboost|p1a: Whimsicott|atk|1\n|-unboost|p1b: Chi-Yu|atk|1\n|turn|1\n|\n|t:|1738743369\n|move|p2b: Incineroar|Fake Out|p1b: Chi-Yu\n|-damage|p1b: Chi-Yu|83\/100\n|move|p1a: Whimsicott|Taunt|p2a: Whimsicott\n|-start|p2a: Whimsicott|move: Taunt\n|cant|p2a: Whimsicott|move: Taunt|Tailwind\n|cant|p1b: Chi-Yu|flinch\n|\n|upkeep\n|turn|2\n|inactive|zonavideovigilada has 30 seconds left.\n|\n|t:|1738743396\n|switch|p2a: Miraidon|Miraidon, L50|100\/100\n|-fieldstart|move: Electric Terrain|[from] ability: Hadron Engine|[of] p2a: Miraidon\n|move|p1a: Whimsicott|Tailwind|p1a: Whimsicott\n|-sidestart|p1: nezuko fresh leg|move: Tailwind\n|move|p1b: Chi-Yu|Heat Wave|p2a: Miraidon|[spread] p2a,p2b\n|-resisted|p2a: Miraidon\n|-resisted|p2b: Incineroar\n|-damage|p2a: Miraidon|66\/100\n|-damage|p2b: Incineroar|73\/100\n|-damage|p1b: Chi-Yu|73\/100|[from] item: Life Orb\n|move|p2b: Incineroar|Parting Shot|p1b: Chi-Yu\n|-unboost|p1b: Chi-Yu|atk|1\n|-unboost|p1b: Chi-Yu|spa|1\n|\n|t:|1738743411\n|switch|p2b: Whimsicott|Whimsicott, L50, M|100\/100|[from] Parting Shot\n|\n|upkeep\n|turn|3\n|\n|t:|1738743428\n|switch|p2b: Incineroar|Incineroar, L50, M|73\/100\n|-ability|p2b: Incineroar|Intimidate|boost\n|-unboost|p1a: Whimsicott|atk|1\n|-unboost|p1b: Chi-Yu|atk|1\n|move|p1a: Whimsicott|Taunt|p2b: Incineroar\n|-hint|Since gen 7, Dark is immune to Prankster moves.\n|-immune|p2b: Incineroar\n|move|p1b: Chi-Yu|Dark Pulse|p2a: Miraidon\n|-damage|p2a: Miraidon|17\/100\n|-damage|p1b: Chi-Yu|63\/100|[from] item: Life Orb\n|move|p2a: Miraidon|Dazzling Gleam|p1b: Chi-Yu|[spread] p1a,p1b\n|-damage|p1a: Whimsicott|23\/100\n|-damage|p1b: Chi-Yu|4\/100\n|\n|upkeep\n|turn|4\n|inactive|zonavideovigilada has 30 seconds left.\n|inactive|zonavideovigilada has 20 seconds left.\n|\n|t:|1738743464\n|switch|p1a: \u60e1\u718a\u5669\u5922|Indeedee-F, L50, F|100\/100\n|-fieldstart|move: Psychic Terrain|[from] ability: Psychic Surge|[of] p1a: \u60e1\u718a\u5669\u5922\n|switch|p2a: Iron Leaves|Iron Leaves, L50|100\/100\n|move|p1b: Chi-Yu|Dark Pulse|p2a: Iron Leaves\n|-supereffective|p2a: Iron Leaves\n|-damage|p2a: Iron Leaves|3\/100\n|-damage|p1b: Chi-Yu|0 fnt|[from] item: Life Orb\n|faint|p1b: Chi-Yu\n|move|p2b: Incineroar|Knock Off|p1a: \u60e1\u718a\u5669\u5922\n|-supereffective|p1a: \u60e1\u718a\u5669\u5922\n|-damage|p1a: \u60e1\u718a\u5669\u5922|28\/100\n|-damage|p2b: Incineroar|57\/100|[from] item: Rocky Helmet|[of] p1a: \u60e1\u718a\u5669\u5922\n|-enditem|p1a: \u60e1\u718a\u5669\u5922|Rocky Helmet|[from] move: Knock Off|[of] p2b: Incineroar\n|\n|upkeep\n|\n|t:|1738743475\n|switch|p1b: Calyrex|Calyrex-Shadow, L50|100\/100\n|-ability|p1b: Calyrex|As One\n|-ability|p1b: Calyrex|Unnerve\n|turn|5\n|\n|t:|1738743489\n|-terastallize|p1b: Calyrex|Ghost\n|move|p2a: Iron Leaves|Protect|p2a: Iron Leaves\n|-singleturn|p2a: Iron Leaves|Protect\n|move|p1a: \u60e1\u718a\u5669\u5922|Follow Me|p1a: \u60e1\u718a\u5669\u5922\n|-singleturn|p1a: \u60e1\u718a\u5669\u5922|move: Follow Me\n|move|p1b: Calyrex|Astral Barrage|p2b: Incineroar|[spread] p2b\n|-activate|p2a: Iron Leaves|move: Protect\n|-resisted|p2b: Incineroar\n|-damage|p2b: Incineroar|26\/100\n|move|p2b: Incineroar|Parting Shot|p1a: \u60e1\u718a\u5669\u5922\n|-unboost|p1a: \u60e1\u718a\u5669\u5922|atk|1\n|-unboost|p1a: \u60e1\u718a\u5669\u5922|spa|1\n|\n|t:|1738743502\n|switch|p2b: Whimsicott|Whimsicott, L50, M|100\/100|[from] Parting Shot\n|\n|-sideend|p1: nezuko fresh leg|move: Tailwind\n|upkeep\n|turn|6\n|inactive|zonavideovigilada has 30 seconds left.\n|inactive|zonavideovigilada has 20 seconds left.\n|\n|t:|1738743541\n|-end|p2a: Iron Leaves|Quark Drive|[silent]\n|switch|p2a: Incineroar|Incineroar, L50, M|26\/100\n|-ability|p2a: Incineroar|Intimidate|boost\n|-unboost|p1a: \u60e1\u718a\u5669\u5922|atk|1\n|-unboost|p1b: Calyrex|atk|1\n|move|p1a: \u60e1\u718a\u5669\u5922|Follow Me|p1a: \u60e1\u718a\u5669\u5922\n|-singleturn|p1a: \u60e1\u718a\u5669\u5922|move: Follow Me\n|move|p2b: Whimsicott|Light Screen|p2b: Whimsicott\n|-sidestart|p2: zonavideovigilada|move: Light Screen\n|move|p1b: Calyrex|Expanding Force|p2b: Whimsicott|[spread] p2b\n|-immune|p2a: Incineroar\n|-damage|p2b: Whimsicott|24\/100\n|\n|upkeep\n|turn|7\n|\n|t:|1738743565\n|move|p1a: \u60e1\u718a\u5669\u5922|Follow Me|p1a: \u60e1\u718a\u5669\u5922\n|-singleturn|p1a: \u60e1\u718a\u5669\u5922|move: Follow Me\n|move|p2b: Whimsicott|Tailwind|p2b: Whimsicott\n|-sidestart|p2: zonavideovigilada|move: Tailwind\n|move|p1b: Calyrex|Astral Barrage|p2b: Whimsicott|[spread] p2a,p2b\n|-resisted|p2a: Incineroar\n|-crit|p2a: Incineroar\n|-damage|p2a: Incineroar|0 fnt\n|-damage|p2b: Whimsicott|0 fnt\n|faint|p2a: Incineroar\n|faint|p2b: Whimsicott\n|-ability|p1b: Calyrex|Grim Neigh|boost\n|-boost|p1b: Calyrex|spa|2\n|\n|upkeep\n|\n|t:|1738743573\n|switch|p2b: Iron Leaves|Iron Leaves, L50|3\/100\n|switch|p2a: Miraidon|Miraidon, L50|17\/100\n|-fieldstart|move: Electric Terrain|[from] ability: Hadron Engine|[of] p2a: Miraidon\n|-activate|p2b: Iron Leaves|ability: Quark Drive\n|-start|p2b: Iron Leaves|quarkdrivespe\n|turn|8\n|\n|t:|1738743592\n|-terastallize|p2a: Miraidon|Fairy\n|move|p2b: Iron Leaves|Protect|p2b: Iron Leaves\n|-singleturn|p2b: Iron Leaves|Protect\n|move|p1a: \u60e1\u718a\u5669\u5922|Follow Me|p1a: \u60e1\u718a\u5669\u5922\n|-singleturn|p1a: \u60e1\u718a\u5669\u5922|move: Follow Me\n|move|p2a: Miraidon|Dazzling Gleam|p1a: \u60e1\u718a\u5669\u5922|[spread] p1a,p1b\n|-damage|p1a: \u60e1\u718a\u5669\u5922|0 fnt\n|-damage|p1b: Calyrex|34\/100\n|faint|p1a: \u60e1\u718a\u5669\u5922\n|move|p1b: Calyrex|Astral Barrage|p2b: Iron Leaves|[spread] p2a\n|-activate|p2b: Iron Leaves|move: Protect\n|-damage|p2a: Miraidon|0 fnt\n|faint|p2a: Miraidon\n|-ability|p1b: Calyrex|Grim Neigh|boost\n|-boost|p1b: Calyrex|spa|1\n|\n|upkeep\n|\n|t:|1738743596\n|switch|p1a: Whimsicott|Whimsicott, L50, F|23\/100\n|turn|9\n|-message|zonavideovigilada forfeited.\n|\n|win|nezuko fresh leg\n|raw|nezuko fresh leg's rating: 1700 &rarr; <strong>1718<\/strong><br \/>(+18 for winning)\n|raw|zonavideovigilada's rating: 1670 &rarr; <strong>1652<\/strong><br \/>(-18 for losing)\n|l|\u2606zonavideovigilada\n|player|p2|\n|l|\u2606nezuko fresh leg\n|player|p1|\n","uploadtime":1738743771,"views":17,"formatid":"gen9vgc2025regg","rating":1652,"private":0,"password":null}