{"id":"gen9vgc2025regg-2294894493","format":"[Gen 9] VGC 2025 Reg G","players":["Dearp","Lacossg"],"log":"|j|\u2606Dearp\n|j|\u2606Lacossg\n|t:|1738766111\n|gametype|doubles\n|player|p1|Dearp|battlegirl|1596\n|player|p2|Lacossg|2|1681\n|teamsize|p1|6\n|teamsize|p2|6\n|gen|9\n|tier|[Gen 9] VGC 2025 Reg G\n|rated|\n|rule|Species Clause: Limit one of each Pok\u00e9mon\n|rule|Item Clause: Limit 1 of each item\n|clearpoke\n|poke|p1|Rillaboom, L50, M|\n|poke|p1|Incineroar, L50, F|\n|poke|p1|Scream Tail, L50|\n|poke|p1|Terapagos, L50, M|\n|poke|p1|Ogerpon-Cornerstone, L50, F|\n|poke|p1|Heatran, L50, F|\n|poke|p2|Ditto, L50|\n|poke|p2|Lunala, L50|\n|poke|p2|Indeedee-F, L50, F|\n|poke|p2|Roaring Moon, L50|\n|poke|p2|Urshifu-*, L50, F|\n|poke|p2|Ursaluna, L50, F|\n|teampreview|4\n|\n|t:|1738766145\n|start\n|switch|p1a: Terapagos|Terapagos, L50, M|100\/100\n|switch|p1b: Scream Tail|Scream Tail, L50|100\/100\n|switch|p2a: Roaring Moon|Roaring Moon, L50|100\/100\n|switch|p2b: Urshifu|Urshifu-Rapid-Strike, L50, F|100\/100\n|-activate|p1a: Terapagos|ability: Tera Shift\n|detailschange|p1a: Terapagos|Terapagos-Terastal, L50, M\n|-heal|p1a: Terapagos|100\/100|[silent]\n|-enditem|p2a: Roaring Moon|Booster Energy\n|-activate|p2a: Roaring Moon|ability: Protosynthesis|[fromitem]\n|-start|p2a: Roaring Moon|protosynthesisspe\n|-enditem|p1b: Scream Tail|Booster Energy\n|-activate|p1b: Scream Tail|ability: Protosynthesis|[fromitem]\n|-start|p1b: Scream Tail|protosynthesisspe\n|turn|1\n|\n|t:|1738766176\n|switch|p1a: Rillaboom|Rillaboom, L50, M|100\/100\n|-fieldstart|move: Grassy Terrain|[from] ability: Grassy Surge|[of] p1a: Rillaboom\n|-terastallize|p2a: Roaring Moon|Ghost\n|move|p2a: Roaring Moon|Taunt|p1a: Rillaboom\n|-start|p1a: Rillaboom|move: Taunt\n|move|p1b: Scream Tail|Dazzling Gleam|p2a: Roaring Moon|[spread] p2a,p2b\n|-supereffective|p2b: Urshifu\n|-damage|p2a: Roaring Moon|88\/100\n|-damage|p2b: Urshifu|55\/100\n|move|p2b: Urshifu|Surging Strikes|p1b: Scream Tail\n|-crit|p1b: Scream Tail\n|-damage|p1b: Scream Tail|81\/100\n|-crit|p1b: Scream Tail\n|-damage|p1b: Scream Tail|59\/100\n|-crit|p1b: Scream Tail\n|-damage|p1b: Scream Tail|38\/100\n|-hitcount|p1b: Scream Tail|3\n|-damage|p2b: Urshifu|45\/100|[from] item: Life Orb\n|\n|-heal|p2a: Roaring Moon|94\/100|[from] Grassy Terrain\n|-heal|p1b: Scream Tail|43\/100|[from] Grassy Terrain\n|-heal|p2b: Urshifu|51\/100|[from] Grassy Terrain\n|upkeep\n|turn|2\n|\n|t:|1738766193\n|switch|p2b: Indeedee|Indeedee-F, L50, F|100\/100\n|-fieldstart|move: Psychic Terrain|[from] ability: Psychic Surge|[of] p2b: Indeedee\n|move|p2a: Roaring Moon|Taunt|p1b: Scream Tail\n|-start|p1b: Scream Tail|move: Taunt\n|cant|p1b: Scream Tail|move: Taunt|Encore\n|move|p1a: Rillaboom|Grassy Glide|p2b: Indeedee\n|-damage|p2b: Indeedee|76\/100\n|-damage|p1a: Rillaboom|84\/100|[from] item: Rocky Helmet|[of] p2b: Indeedee\n|\n|upkeep\n|turn|3\n|\n|t:|1738766213\n|switch|p1a: Ogerpon|Ogerpon-Cornerstone, L50, F|100\/100\n|move|p2b: Indeedee|Helping Hand|p2a: Roaring Moon\n|-singleturn|p2a: Roaring Moon|Helping Hand|[of] p2b: Indeedee\n|move|p2a: Roaring Moon|Knock Off|p1a: Ogerpon\n|-damage|p1a: Ogerpon|58\/100\n|move|p1b: Scream Tail|Dazzling Gleam|p2a: Roaring Moon|[spread] p2a,p2b\n|-damage|p2a: Roaring Moon|81\/100\n|-damage|p2b: Indeedee|63\/100\n|\n|upkeep\n|turn|4\n|\n|t:|1738766233\n|-end|p1b: Scream Tail|Protosynthesis|[silent]\n|switch|p1b: Rillaboom|Rillaboom, L50, M|84\/100\n|-fieldstart|move: Grassy Terrain|[from] ability: Grassy Surge|[of] p1b: Rillaboom\n|move|p2b: Indeedee|Follow Me|p2b: Indeedee\n|-singleturn|p2b: Indeedee|move: Follow Me\n|move|p2a: Roaring Moon|Tailwind|p2a: Roaring Moon\n|-sidestart|p2: Lacossg|move: Tailwind\n|move|p1a: Ogerpon|Ivy Cudgel|p2b: Indeedee|[anim] Ivy Cudgel Rock\n|-damage|p2b: Indeedee|8\/100\n|\n|-heal|p2a: Roaring Moon|88\/100|[from] Grassy Terrain\n|-heal|p2b: Indeedee|14\/100|[from] Grassy Terrain\n|-heal|p1a: Ogerpon|64\/100|[from] Grassy Terrain\n|-heal|p1b: Rillaboom|90\/100|[from] Grassy Terrain\n|upkeep\n|turn|5\n|\n|t:|1738766261\n|switch|p2b: Ursaluna|Ursaluna, L50, F|100\/100\n|move|p1b: Rillaboom|Grassy Glide|p2b: Ursaluna\n|-supereffective|p2b: Ursaluna\n|-damage|p2b: Ursaluna|44\/100\n|move|p2a: Roaring Moon|Knock Off|p1b: Rillaboom\n|-damage|p1b: Rillaboom|42\/100\n|-enditem|p1b: Rillaboom|Assault Vest|[from] move: Knock Off|[of] p2a: Roaring Moon\n|move|p1a: Ogerpon|Ivy Cudgel|p2a: Roaring Moon|[anim] Ivy Cudgel Rock\n|-damage|p2a: Roaring Moon|26\/100\n|\n|-heal|p2a: Roaring Moon|33\/100|[from] Grassy Terrain\n|-heal|p2b: Ursaluna|50\/100|[from] Grassy Terrain\n|-heal|p1a: Ogerpon|70\/100|[from] Grassy Terrain\n|-heal|p1b: Rillaboom|48\/100|[from] Grassy Terrain\n|-status|p2b: Ursaluna|brn|[from] item: Flame Orb\n|upkeep\n|turn|6\n|\n|t:|1738766280\n|-end|p2a: Roaring Moon|Protosynthesis|[silent]\n|switch|p2a: Indeedee|Indeedee-F, L50, F|14\/100\n|-fieldstart|move: Psychic Terrain|[from] ability: Psychic Surge|[of] p2a: Indeedee\n|move|p2b: Ursaluna|Facade|p1b: Rillaboom\n|-damage|p1b: Rillaboom|0 fnt\n|faint|p1b: Rillaboom\n|move|p1a: Ogerpon|Grassy Glide|p2b: Ursaluna\n|-supereffective|p2b: Ursaluna\n|-crit|p2b: Ursaluna\n|-damage|p2b: Ursaluna|0 fnt\n|faint|p2b: Ursaluna\n|\n|upkeep\n|\n|t:|1738766298\n|switch|p1b: Terapagos|Terapagos-Terastal, L50, M|100\/100\n|switch|p2b: Urshifu|Urshifu-Rapid-Strike, L50, F|51\/100\n|turn|7\n|\n|t:|1738766304\n|-terastallize|p1b: Terapagos|Stellar\n|detailschange|p1b: Terapagos|Terapagos-Stellar, L50, M, tera:Stellar\n|-heal|p1b: Terapagos|100\/100|[silent]\n|-ability|p1b: Terapagos|Teraform Zero\n|-fieldend|move: Psychic Terrain\n|move|p1a: Ogerpon|Follow Me|p1a: Ogerpon\n|-singleturn|p1a: Ogerpon|move: Follow Me\n|move|p2b: Urshifu|Surging Strikes|p1a: Ogerpon\n|-crit|p1a: Ogerpon\n|-damage|p1a: Ogerpon|44\/100\n|-crit|p1a: Ogerpon\n|-damage|p1a: Ogerpon|21\/100\n|-crit|p1a: Ogerpon\n|-damage|p1a: Ogerpon|0 fnt\n|faint|p1a: Ogerpon\n|-hitcount|p1: Ogerpon|3\n|-damage|p2b: Urshifu|41\/100|[from] item: Life Orb\n|move|p2a: Indeedee|Heal Pulse|p2b: Urshifu\n|-heal|p2b: Urshifu|91\/100\n|move|p1b: Terapagos|Tera Starstorm|p2b: Urshifu|[spread] p2a,p2b\n|-damage|p2a: Indeedee|0 fnt\n|-damage|p2b: Urshifu|44\/100\n|faint|p2a: Indeedee\n|\n|-sideend|p2: Lacossg|move: Tailwind\n|upkeep\n|\n|t:|1738766322\n|switch|p1a: Scream Tail|Scream Tail, L50|43\/100\n|switch|p2a: Roaring Moon|Roaring Moon, L50, tera:Ghost|33\/100\n|turn|8\n|\n|t:|1738766342\n|move|p2a: Roaring Moon|Tailwind|p2a: Roaring Moon\n|-sidestart|p2: Lacossg|move: Tailwind\n|move|p2b: Urshifu|Close Combat|p1b: Terapagos\n|-supereffective|p1b: Terapagos\n|-damage|p1b: Terapagos|11\/100\n|-unboost|p2b: Urshifu|def|1\n|-unboost|p2b: Urshifu|spd|1\n|-damage|p2b: Urshifu|34\/100|[from] item: Life Orb\n|move|p1a: Scream Tail|Dazzling Gleam|p2b: Urshifu|[spread] p2a,p2b\n|-supereffective|p2b: Urshifu\n|-damage|p2a: Roaring Moon|19\/100\n|-damage|p2b: Urshifu|0 fnt\n|faint|p2b: Urshifu\n|move|p1b: Terapagos|Tera Starstorm|p2a: Roaring Moon\n|-supereffective|p2a: Roaring Moon\n|-damage|p2a: Roaring Moon|0 fnt\n|faint|p2a: Roaring Moon\n|-end|p2a: Roaring Moon|Protosynthesis|[silent]\n|\n|win|Dearp\n|raw|Dearp's rating: 1596 &rarr; <strong>1621<\/strong><br \/>(+25 for winning)\n|raw|Lacossg's rating: 1681 &rarr; <strong>1656<\/strong><br \/>(-25 for losing)\n|l|\u2606Dearp\n|player|p1|\n|l|\u2606Lacossg\n|player|p2|\n","uploadtime":1738766552,"views":19,"formatid":"gen9vgc2025regg","rating":1621,"private":0,"password":null}