{"id":"gen9vgc2025regg-2294414989","format":"[Gen 9] VGC 2025 Reg G","players":["Saltwater7","xatseye"],"log":"|j|\u2606Saltwater7\n|j|\u2606xatseye\n|t:|1738698150\n|gametype|doubles\n|player|p1|Saltwater7|2|1624\n|player|p2|xatseye|265|1605\n|teamsize|p1|6\n|teamsize|p2|6\n|gen|9\n|tier|[Gen 9] VGC 2025 Reg G\n|rated|\n|rule|Species Clause: Limit one of each Pok\u00e9mon\n|rule|Item Clause: Limit 1 of each item\n|clearpoke\n|poke|p1|Zacian-*, L50|\n|poke|p1|Regidrago, L50|\n|poke|p1|Whimsicott, L50, F|\n|poke|p1|Urshifu-*, L50, M|\n|poke|p1|Farigiraf, L50, M|\n|poke|p1|Ogerpon-Hearthflame, L50, F|\n|poke|p2|Flutter Mane, L50|\n|poke|p2|Maushold-Four, L50|\n|poke|p2|Incineroar, L50, F|\n|poke|p2|Calyrex-Ice, L50|\n|poke|p2|Raging Bolt, L50|\n|poke|p2|Cresselia, L50, F|\n|teampreview|4\n|inactive|Battle timer is ON: inactive players will automatically lose when time's up. (requested by xatseye)\n|inactive|Saltwater7 also wants the timer to be on.\n|inactive|Saltwater7 has 60 seconds left.\n|inactive|Saltwater7 has 30 seconds left.\n|inactive|Saltwater7 has 20 seconds left.\n|inactive|Saltwater7 has 15 seconds left.\n|\n|t:|1738698227\n|start\n|switch|p1a: Ogerpon|Ogerpon-Hearthflame, L50, F|100\/100\n|switch|p1b: Farigiraf|Farigiraf, L50, M|100\/100\n|switch|p2a: Flutter Mane|Flutter Mane, L50|100\/100\n|switch|p2b: Maushold|Maushold-Four, L50, shiny|100\/100\n|-ability|p1a: Ogerpon|Mold Breaker\n|-enditem|p2a: Flutter Mane|Booster Energy\n|-activate|p2a: Flutter Mane|ability: Protosynthesis|[fromitem]\n|-start|p2a: Flutter Mane|protosynthesisspa\n|turn|1\n|inactive|Saltwater7 has 30 seconds left.\n|\n|t:|1738698255\n|move|p1b: Farigiraf|Helping Hand|p1a: Ogerpon\n|-singleturn|p1a: Ogerpon|Helping Hand|[of] p1b: Farigiraf\n|move|p2b: Maushold|Super Fang|p1a: Ogerpon\n|-damage|p1a: Ogerpon|51\/100\n|move|p2a: Flutter Mane|Shadow Ball|p1a: Ogerpon\n|-damage|p1a: Ogerpon|0 fnt\n|faint|p1a: Ogerpon\n|\n|upkeep\n|\n|t:|1738698267\n|switch|p1a: Zacian|Zacian-Crowned, L50|100\/100\n|-ability|p1a: Zacian|Intrepid Sword|boost\n|-boost|p1a: Zacian|atk|1\n|turn|2\n|\n|t:|1738698275\n|move|p2a: Flutter Mane|Protect|p2a: Flutter Mane\n|-singleturn|p2a: Flutter Mane|Protect\n|move|p1a: Zacian|Behemoth Blade|p2a: Flutter Mane\n|-activate|p2a: Flutter Mane|move: Protect\n|move|p2b: Maushold|Super Fang|p1a: Zacian\n|-damage|p1a: Zacian|51\/100\n|move|p1b: Farigiraf|Psychic|p2b: Maushold\n|-damage|p2b: Maushold|56\/100\n|\n|upkeep\n|turn|3\n|\n|t:|1738698294\n|move|p2b: Maushold|Follow Me|p2b: Maushold\n|-singleturn|p2b: Maushold|move: Follow Me\n|move|p1a: Zacian|Behemoth Blade|p2b: Maushold\n|-damage|p2b: Maushold|0 fnt\n|faint|p2b: Maushold\n|move|p2a: Flutter Mane|Shadow Ball|p1a: Zacian\n|-damage|p1a: Zacian|0 fnt\n|faint|p1a: Zacian\n|move|p1b: Farigiraf|Psychic|p2a: Flutter Mane\n|-damage|p2a: Flutter Mane|64\/100\n|\n|upkeep\n|\n|t:|1738698308\n|switch|p1a: Urshifu|Urshifu, L50, M|100\/100\n|switch|p2b: Incineroar|Incineroar, L50, F|100\/100\n|-ability|p2b: Incineroar|Intimidate|boost\n|-unboost|p1a: Urshifu|atk|1\n|-unboost|p1b: Farigiraf|atk|1\n|turn|4\n|\n|t:|1738698320\n|-terastallize|p1a: Urshifu|Dark\n|move|p1b: Farigiraf|Helping Hand|p1a: Urshifu\n|-singleturn|p1a: Urshifu|Helping Hand|[of] p1b: Farigiraf\n|move|p1a: Urshifu|Sucker Punch|p2a: Flutter Mane\n|-crit|p2a: Flutter Mane\n|-damage|p2a: Flutter Mane|0 fnt\n|faint|p2a: Flutter Mane\n|-end|p2a: Flutter Mane|Protosynthesis|[silent]\n|move|p2b: Incineroar|Will-O-Wisp|p1a: Urshifu\n|-status|p1a: Urshifu|brn\n|\n|-damage|p1a: Urshifu|94\/100 brn|[from] brn\n|upkeep\n|\n|t:|1738698331\n|switch|p2a: Calyrex|Calyrex-Ice, L50|100\/100\n|-ability|p2a: Calyrex|As One\n|-ability|p2a: Calyrex|Unnerve\n|turn|5\n|\n|t:|1738698340\n|-terastallize|p2a: Calyrex|Dragon\n|move|p1a: Urshifu|Wicked Blow|p2a: Calyrex\n|-crit|p2a: Calyrex\n|-damage|p2a: Calyrex|69\/100\n|move|p1b: Farigiraf|Foul Play|p2a: Calyrex\n|-damage|p2a: Calyrex|49\/100\n|move|p2b: Incineroar|Knock Off|p1b: Farigiraf\n|-supereffective|p1b: Farigiraf\n|-damage|p1b: Farigiraf|39\/100\n|-enditem|p1b: Farigiraf|Safety Goggles|[from] move: Knock Off|[of] p2b: Incineroar\n|move|p2a: Calyrex|Glacial Lance|p1b: Farigiraf|[spread] p1a,p1b\n|-damage|p1a: Urshifu|52\/100 brn\n|-damage|p1b: Farigiraf|0 fnt\n|faint|p1b: Farigiraf\n|-ability|p2a: Calyrex|Chilling Neigh|boost\n|-boost|p2a: Calyrex|atk|1\n|\n|-damage|p1a: Urshifu|46\/100 brn|[from] brn\n|upkeep\n|turn|6\n|\n|t:|1738698361\n|move|p1a: Urshifu|Wicked Blow|p2a: Calyrex\n|-crit|p2a: Calyrex\n|-damage|p2a: Calyrex|17\/100\n|move|p2b: Incineroar|Flare Blitz|p1a: Urshifu\n|-damage|p1a: Urshifu|6\/100 brn\n|-damage|p2b: Incineroar|88\/100|[from] Recoil\n|move|p2a: Calyrex|Glacial Lance|p1a: Urshifu\n|-damage|p1a: Urshifu|0 fnt\n|faint|p1a: Urshifu\n|\n|win|xatseye\n|raw|Saltwater7's rating: 1624 &rarr; <strong>1603<\/strong><br \/>(-21 for losing)\n|raw|xatseye's rating: 1605 &rarr; <strong>1626<\/strong><br \/>(+21 for winning)\n|l|\u2606xatseye\n|player|p2|\n|l|\u2606Saltwater7\n|player|p1|\n","uploadtime":1738698557,"views":9,"formatid":"gen9vgc2025regg","rating":1603,"private":0,"password":null}