{"id":"gen9vgc2025regg-2294493768","format":"[Gen 9] VGC 2025 Reg G","players":["jayjazZa","tritan11"],"log":"|j|\u2606jayjazZa\n|j|\u203dtritan11\n|t:|1738706248\n|gametype|doubles\n|player|p1|jayjazZa|265|1537\n|player|p2|tritan11|265|1614\n|teamsize|p1|6\n|teamsize|p2|6\n|gen|9\n|tier|[Gen 9] VGC 2025 Reg G\n|rated|\n|rule|Species Clause: Limit one of each Pok\u00e9mon\n|rule|Item Clause: Limit 1 of each item\n|clearpoke\n|poke|p1|Kyogre, L50|\n|poke|p1|Tornadus, L50, M|\n|poke|p1|Landorus, L50, M|\n|poke|p1|Urshifu-*, L50, F|\n|poke|p1|Rillaboom, L50, M|\n|poke|p1|Farigiraf, L50, F|\n|poke|p2|Lunala, L50|\n|poke|p2|Indeedee-F, L50, F|\n|poke|p2|Incineroar, L50, M|\n|poke|p2|Urshifu-*, L50, F|\n|poke|p2|Roaring Moon, L50|\n|poke|p2|Ogerpon-Cornerstone, L50, F|\n|teampreview|4\n|inactive|Battle timer is ON: inactive players will automatically lose when time's up. (requested by tritan11)\n|inactive|jayjazZa also wants the timer to be on.\n|inactive|jayjazZa has 60 seconds left.\n|j| PandaoftheClouds\n|inactive|jayjazZa has 30 seconds left.\n|inactive|jayjazZa has 20 seconds left.\n|inactive|jayjazZa has 15 seconds left.\n|\n|t:|1738706328\n|start\n|switch|p1a: Kyogre|Kyogre, L50|100\/100\n|switch|p1b: Tornadus|Tornadus, L50, M|100\/100\n|switch|p2a: Roaring Moon|Roaring Moon, L50|100\/100\n|switch|p2b: Lunala|Lunala, L50|100\/100\n|-weather|RainDance|[from] ability: Drizzle|[of] p1a: Kyogre\n|-enditem|p2a: Roaring Moon|Booster Energy\n|-activate|p2a: Roaring Moon|ability: Protosynthesis|[fromitem]\n|-start|p2a: Roaring Moon|protosynthesisspe\n|turn|1\n|\n|t:|1738706348\n|-terastallize|p1a: Kyogre|Water\n|move|p1b: Tornadus|Tailwind|p1b: Tornadus\n|-sidestart|p1: jayjazZa|move: Tailwind\n|move|p1a: Kyogre|Water Spout|p2b: Lunala|[spread] p2a,p2b\n|-resisted|p2a: Roaring Moon\n|-damage|p2a: Roaring Moon|19\/100\n|-damage|p2b: Lunala|38\/100\n|move|p2a: Roaring Moon|Tailwind|p2a: Roaring Moon\n|-sidestart|p2: tritan11|move: Tailwind\n|move|p2b: Lunala|Meteor Beam||[still]\n|-prepare|p2b: Lunala|Meteor Beam\n|-boost|p2b: Lunala|spa|1\n|-enditem|p2b: Lunala|Power Herb\n|-anim|p2b: Lunala|Meteor Beam|p1a: Kyogre\n|-damage|p1a: Kyogre|49\/100\n|\n|-weather|RainDance|[upkeep]\n|upkeep\n|turn|2\n|inactive|tritan11 has 30 seconds left.\n|\n|t:|1738706374\n|move|p2a: Roaring Moon|Acrobatics|p1a: Kyogre\n|-damage|p1a: Kyogre|7\/100\n|move|p1b: Tornadus|Bleakwind Storm|p2a: Roaring Moon|[spread] p2a,p2b\n|-damage|p2a: Roaring Moon|0 fnt\n|-damage|p2b: Lunala|13\/100\n|-unboost|p2b: Lunala|spe|1\n|faint|p2a: Roaring Moon\n|-end|p2a: Roaring Moon|Protosynthesis|[silent]\n|move|p1a: Kyogre|Water Spout|p2b: Lunala\n|-damage|p2b: Lunala|1\/100\n|move|p2b: Lunala|Moongeist Beam|p1b: Tornadus\n|-damage|p1b: Tornadus|0 fnt\n|faint|p1b: Tornadus\n|\n|-weather|RainDance|[upkeep]\n|upkeep\n|\n|t:|1738706390\n|switch|p2a: Urshifu|Urshifu-Rapid-Strike, L50, F|100\/100\n|switch|p1b: Rillaboom|Rillaboom, L50, M|100\/100\n|-fieldstart|move: Grassy Terrain|[from] ability: Grassy Surge|[of] p1b: Rillaboom\n|turn|3\n|inactive|tritan11 has 30 seconds left.\n|\n|t:|1738706416\n|switch|p2b: Indeedee|Indeedee-F, L50, F|100\/100\n|-fieldstart|move: Psychic Terrain|[from] ability: Psychic Surge|[of] p2b: Indeedee\n|move|p1b: Rillaboom|Fake Out|p2a: Urshifu\n|-activate|p2a: Urshifu|move: Psychic Terrain\n|move|p2a: Urshifu|Aqua Jet|p1a: Kyogre\n|-activate|p1a: Kyogre|move: Psychic Terrain\n|move|p1a: Kyogre|Water Spout|p2a: Urshifu|[spread] p2a,p2b\n|-resisted|p2a: Urshifu\n|-damage|p2a: Urshifu|91\/100\n|-damage|p2b: Indeedee|90\/100\n|\n|-weather|RainDance|[upkeep]\n|upkeep\n|turn|4\n|\n|t:|1738706440\n|switch|p1a: Urshifu|Urshifu-Rapid-Strike, L50, F|100\/100\n|-terastallize|p2a: Urshifu|Stellar\n|move|p2a: Urshifu|Close Combat|p1b: Rillaboom\n|-damage|p1b: Rillaboom|10\/100\n|-unboost|p2a: Urshifu|def|1\n|-unboost|p2a: Urshifu|spd|1\n|move|p1b: Rillaboom|Wood Hammer|p2a: Urshifu\n|-supereffective|p2a: Urshifu\n|-damage|p2a: Urshifu|0 fnt\n|faint|p2a: Urshifu\n|-damage|p1b: Rillaboom|0 fnt|[from] Recoil\n|faint|p1b: Rillaboom\n|move|p2b: Indeedee|Dazzling Gleam|p1a: Urshifu\n|-supereffective|p1a: Urshifu\n|-damage|p1a: Urshifu|47\/100\n|\n|-weather|RainDance|[upkeep]\n|-sideend|p1: jayjazZa|move: Tailwind\n|-sideend|p2: tritan11|move: Tailwind\n|upkeep\n|\n|t:|1738706449\n|switch|p2a: Lunala|Lunala, L50|1\/100\n|switch|p1b: Kyogre|Kyogre, L50, tera:Water|7\/100\n|turn|5\n|\n|t:|1738706462\n|move|p2b: Indeedee|Follow Me|p2b: Indeedee\n|-singleturn|p2b: Indeedee|move: Follow Me\n|move|p1a: Urshifu|Surging Strikes|p2b: Indeedee\n|-crit|p2b: Indeedee\n|-damage|p2b: Indeedee|54\/100\n|-damage|p1a: Urshifu|30\/100|[from] item: Rocky Helmet|[of] p2b: Indeedee\n|-crit|p2b: Indeedee\n|-damage|p2b: Indeedee|20\/100\n|-damage|p1a: Urshifu|14\/100|[from] item: Rocky Helmet|[of] p2b: Indeedee\n|-crit|p2b: Indeedee\n|-damage|p2b: Indeedee|0 fnt\n|-damage|p1a: Urshifu|0 fnt|[from] item: Rocky Helmet|[of] p2b: Indeedee\n|faint|p2b: Indeedee\n|faint|p1a: Urshifu\n|-hitcount|p2: Indeedee|3\n|move|p1b: Kyogre|Origin Pulse|p2a: Lunala\n|-damage|p2a: Lunala|0 fnt\n|faint|p2a: Lunala\n|\n|win|jayjazZa\n|raw|jayjazZa's rating: 1537 &rarr; <strong>1561<\/strong><br \/>(+24 for winning)\n|raw|tritan11's rating: 1614 &rarr; <strong>1590<\/strong><br \/>(-24 for losing)\n|l|\u203dtritan11\n|player|p2|\n|l|\u2606jayjazZa\n|player|p1|\n|l| PandaoftheClouds\n","uploadtime":1738706688,"views":5,"formatid":"gen9vgc2025regg","rating":1561,"private":0,"password":null}