{"id":"gen9vgc2025regg-2294468720","format":"[Gen 9] VGC 2025 Reg G","players":["Chef AF","kajashi"],"log":"|j|\u203dChef AF\n|j|\u2606kajashi\n|t:|1738703612\n|gametype|doubles\n|player|p1|Chef AF|bugcatcher-gen4dp|1557\n|player|p2|kajashi|n|1622\n|teamsize|p1|6\n|teamsize|p2|6\n|gen|9\n|tier|[Gen 9] VGC 2025 Reg G\n|rated|\n|rule|Species Clause: Limit one of each Pok\u00e9mon\n|rule|Item Clause: Limit 1 of each item\n|clearpoke\n|poke|p1|Koraidon, L50|\n|poke|p1|Walking Wake, L50|\n|poke|p1|Iron Moth, L50|\n|poke|p1|Flutter Mane, L50|\n|poke|p1|Umbreon, L50, M|\n|poke|p1|Ogerpon-Cornerstone, L50, F|\n|poke|p2|Incineroar, L50, F|\n|poke|p2|Amoonguss, L50, F|\n|poke|p2|Calyrex-Ice, L50|\n|poke|p2|Raging Bolt, L50|\n|poke|p2|Landorus, L50, M|\n|poke|p2|Urshifu-*, L50, M|\n|teampreview|4\n|inactive|Battle timer is ON: inactive players will automatically lose when time's up. (requested by Chef AF)\n|inactive|Chef AF has 60 seconds left.\n|inactive|kajashi has 60 seconds left.\n|\n|t:|1738703666\n|start\n|switch|p1a: Umbreon|Umbreon, L50, M|100\/100\n|switch|p1b: Ogerpon|Ogerpon-Cornerstone, L50, F|100\/100\n|switch|p2a: Amoonguss|Amoonguss, L50, F|100\/100\n|switch|p2b: Calyrex|Calyrex-Ice, L50|100\/100\n|-ability|p2b: Calyrex|As One\n|-ability|p2b: Calyrex|Unnerve\n|turn|1\n|\n|t:|1738703688\n|move|p2b: Calyrex|Protect|p2b: Calyrex\n|-singleturn|p2b: Calyrex|Protect\n|move|p1b: Ogerpon|Ivy Cudgel|p2b: Calyrex|[anim] Ivy Cudgel Rock\n|-activate|p2b: Calyrex|move: Protect\n|move|p1a: Umbreon|Foul Play|p2b: Calyrex\n|-activate|p2b: Calyrex|move: Protect\n|move|p2a: Amoonguss|Pollen Puff|p1b: Ogerpon\n|-supereffective|p1b: Ogerpon\n|-damage|p1b: Ogerpon|54\/100\n|\n|upkeep\n|turn|2\n|inactive|Chef AF has 30 seconds left.\n|inactive|kajashi has 30 seconds left.\n|inactive|kajashi has 20 seconds left.\n|inactive|kajashi has 15 seconds left.\n|inactive|kajashi has 10 seconds left.\n|\n|t:|1738703735\n|-terastallize|p2b: Calyrex|Water\n|move|p1b: Ogerpon|Ivy Cudgel|p2b: Calyrex|[anim] Ivy Cudgel Rock\n|-damage|p2b: Calyrex|61\/100\n|move|p1a: Umbreon|Yawn|p2b: Calyrex\n|-start|p2b: Calyrex|move: Yawn|[of] p1a: Umbreon\n|move|p2a: Amoonguss|Pollen Puff|p1a: Umbreon\n|-supereffective|p1a: Umbreon\n|-damage|p1a: Umbreon|75\/100\n|move|p2b: Calyrex|Glacial Lance|p1a: Umbreon|[spread] p1a,p1b\n|-supereffective|p1b: Ogerpon\n|-damage|p1a: Umbreon|35\/100\n|-damage|p1b: Ogerpon|0 fnt\n|faint|p1b: Ogerpon\n|-ability|p2b: Calyrex|Chilling Neigh|boost\n|-boost|p2b: Calyrex|atk|1\n|\n|upkeep\n|\n|t:|1738703759\n|switch|p1b: Koraidon|Koraidon, L50|100\/100\n|-weather|SunnyDay|[from] ability: Orichalcum Pulse|[of] p1b: Koraidon\n|-activate|p1b: Koraidon|Orichalcum Pulse|[source]\n|turn|3\n|\n|t:|1738703778\n|switch|p2a: Raging Bolt|Raging Bolt, L50|100\/100\n|-activate|p2a: Raging Bolt|ability: Protosynthesis\n|-start|p2a: Raging Bolt|protosynthesisspa\n|move|p1b: Koraidon|Protect|p1b: Koraidon\n|-singleturn|p1b: Koraidon|Protect\n|move|p1a: Umbreon|Foul Play|p2b: Calyrex\n|-damage|p2b: Calyrex|3\/100\n|move|p2b: Calyrex|Glacial Lance|p1a: Umbreon|[spread] p1a\n|-activate|p1b: Koraidon|move: Protect\n|-damage|p1a: Umbreon|0 fnt\n|faint|p1a: Umbreon\n|-ability|p2b: Calyrex|Chilling Neigh|boost\n|-boost|p2b: Calyrex|atk|1\n|\n|-weather|SunnyDay|[upkeep]\n|-end|p2b: Calyrex|move: Yawn|[silent]\n|-status|p2b: Calyrex|slp\n|upkeep\n|\n|t:|1738703793\n|switch|p1a: Flutter Mane|Flutter Mane, L50|100\/100\n|-activate|p1a: Flutter Mane|ability: Protosynthesis\n|-start|p1a: Flutter Mane|protosynthesisspe\n|turn|4\n|inactive|kajashi has 30 seconds left.\n|inactive|kajashi has 20 seconds left.\n|\n|t:|1738703833\n|switch|p2b: Amoonguss|Amoonguss, L50, F|100\/100\n|move|p1a: Flutter Mane|Protect|p1a: Flutter Mane\n|-singleturn|p1a: Flutter Mane|Protect\n|move|p2a: Raging Bolt|Thunderclap||[still]\n|-fail|p2a: Raging Bolt\n|move|p1b: Koraidon|Scale Shot|p2a: Raging Bolt\n|-supereffective|p2a: Raging Bolt\n|-damage|p2a: Raging Bolt|72\/100\n|-supereffective|p2a: Raging Bolt\n|-damage|p2a: Raging Bolt|44\/100\n|-supereffective|p2a: Raging Bolt\n|-crit|p2a: Raging Bolt\n|-damage|p2a: Raging Bolt|5\/100\n|-supereffective|p2a: Raging Bolt\n|-damage|p2a: Raging Bolt|0 fnt\n|faint|p2a: Raging Bolt\n|-end|p2a: Raging Bolt|Protosynthesis|[silent]\n|-hitcount|p2: Raging Bolt|4\n|-unboost|p1b: Koraidon|def|1\n|-boost|p1b: Koraidon|spe|1\n|\n|-weather|SunnyDay|[upkeep]\n|upkeep\n|inactive|kajashi has 30 seconds left.\n|\n|t:|1738703862\n|switch|p2a: Calyrex|Calyrex-Ice, L50, tera:Water|3\/100 slp\n|-ability|p2a: Calyrex|As One\n|-ability|p2a: Calyrex|Unnerve\n|turn|5\n|\n|t:|1738703877\n|-terastallize|p1a: Flutter Mane|Fairy\n|cant|p2a: Calyrex|slp\n|move|p1b: Koraidon|Flare Blitz|p2b: Amoonguss\n|-supereffective|p2b: Amoonguss\n|-damage|p2b: Amoonguss|0 fnt\n|faint|p2b: Amoonguss\n|-damage|p1b: Koraidon|59\/100|[from] Recoil\n|move|p1a: Flutter Mane|Dazzling Gleam|p2a: Calyrex\n|-damage|p2a: Calyrex|0 fnt\n|faint|p2a: Calyrex\n|\n|-weather|SunnyDay|[upkeep]\n|upkeep\n|\n|t:|1738703888\n|switch|p2b: Landorus|Landorus, L50, M|100\/100\n|turn|6\n|\n|t:|1738703897\n|move|p1a: Flutter Mane|Dazzling Gleam|p2b: Landorus\n|-damage|p2b: Landorus|27\/100\n|move|p1b: Koraidon|Flare Blitz|p2b: Landorus\n|-damage|p2b: Landorus|0 fnt\n|faint|p2b: Landorus\n|-damage|p1b: Koraidon|50\/100|[from] Recoil\n|\n|win|Chef AF\n|raw|Chef AF's rating: 1557 &rarr; <strong>1581<\/strong><br \/>(+24 for winning)\n|raw|kajashi's rating: 1622 &rarr; <strong>1598<\/strong><br \/>(-24 for losing)\n|l|\u2606kajashi\n|player|p2|\n|l|\u203dChef AF\n|player|p1|\n","uploadtime":1738703900,"views":44,"formatid":"gen9vgc2025regg","rating":1581,"private":0,"password":null}