{"id":"gen9vgc2025regg-2294851592","format":"[Gen 9] VGC 2025 Reg G","players":["jkimkim1","GubbsVGC"],"log":"|j|\u2606jkimkim1\n|j|\u2606GubbsVGC\n|t:|1738761072\n|gametype|doubles\n|player|p1|jkimkim1|266|1540\n|player|p2|GubbsVGC|266|1624\n|teamsize|p1|6\n|teamsize|p2|6\n|gen|9\n|tier|[Gen 9] VGC 2025 Reg G\n|rated|\n|rule|Species Clause: Limit one of each Pok\u00e9mon\n|rule|Item Clause: Limit 1 of each item\n|clearpoke\n|poke|p1|Miraidon, L50|\n|poke|p1|Cresselia, L50, F|\n|poke|p1|Thundurus-Therian, L50, M|\n|poke|p1|Incineroar, L50, M|\n|poke|p1|Ursaluna, L50, F|\n|poke|p1|Whimsicott, L50, M|\n|poke|p2|Dialga-Origin, L50|\n|poke|p2|Murkrow, L50, F|\n|poke|p2|Pelipper, L50, M|\n|poke|p2|Iron Hands, L50|\n|poke|p2|Ursaluna, L50, F|\n|poke|p2|Volcarona, L50, M|\n|teampreview|4\n|inactive|Battle timer is ON: inactive players will automatically lose when time's up. (requested by jkimkim1)\n|\n|t:|1738761107\n|start\n|switch|p1a: Jayson tatum|Miraidon, L50|100\/100\n|switch|p1b: Kingjames|Incineroar, L50, M|100\/100\n|switch|p2a: Murkrow|Murkrow, L50, F|100\/100\n|switch|p2b: Dialga|Dialga-Origin, L50|100\/100\n|-fieldstart|move: Electric Terrain|[from] ability: Hadron Engine|[of] p1a: Jayson tatum\n|-ability|p1b: Kingjames|Intimidate|boost\n|-unboost|p2a: Murkrow|atk|1\n|-unboost|p2b: Dialga|atk|1\n|turn|1\n|inactive|GubbsVGC has 30 seconds left.\n|\n|t:|1738761134\n|switch|p2a: Ursaluna|Ursaluna, L50, F|100\/100\n|-terastallize|p1a: Jayson tatum|Fairy\n|move|p2b: Dialga|Protect|p2b: Dialga\n|-singleturn|p2b: Dialga|Protect\n|move|p1b: Kingjames|Fake Out|p2b: Dialga\n|-activate|p2b: Dialga|move: Protect\n|move|p1a: Jayson tatum|Dazzling Gleam|p2a: Ursaluna|[spread] p2a\n|-activate|p2b: Dialga|move: Protect\n|-damage|p2a: Ursaluna|28\/100\n|\n|-status|p2a: Ursaluna|brn|[from] item: Flame Orb\n|upkeep\n|turn|2\n|\n|t:|1738761154\n|switch|p1a: \uc0ac\uc2b9\ud5cc|Cresselia, L50, F, shiny|100\/100\n|move|p2a: Ursaluna|Protect|p2a: Ursaluna\n|-singleturn|p2a: Ursaluna|Protect\n|move|p2b: Dialga|Flash Cannon|p1a: \uc0ac\uc2b9\ud5cc\n|-damage|p1a: \uc0ac\uc2b9\ud5cc|61\/100\n|move|p1b: Kingjames|Parting Shot|p2b: Dialga\n|-unboost|p2b: Dialga|atk|1\n|-unboost|p2b: Dialga|spa|1\n|\n|t:|1738761161\n|switch|p1b: Canada bear|Ursaluna, L50, F|100\/100|[from] Parting Shot\n|\n|-damage|p2a: Ursaluna|22\/100 brn|[from] brn\n|-status|p1b: Canada bear|brn|[from] item: Flame Orb\n|upkeep\n|turn|3\n|\n|t:|1738761185\n|switch|p2b: Murkrow|Murkrow, L50, F|100\/100\n|move|p2a: Ursaluna|Facade|p1b: Canada bear\n|-damage|p1b: Canada bear|14\/100 brn\n|move|p1a: \uc0ac\uc2b9\ud5cc|Ice Beam|p2a: Ursaluna\n|-supereffective|p2a: Ursaluna\n|-damage|p2a: Ursaluna|0 fnt\n|faint|p2a: Ursaluna\n|move|p1b: Canada bear|Headlong Rush|p2b: Murkrow\n|-immune|p2b: Murkrow\n|\n|-damage|p1b: Canada bear|8\/100 brn|[from] brn\n|upkeep\n|\n|t:|1738761207\n|switch|p2a: Dialga|Dialga-Origin, L50|100\/100\n|turn|4\n|inactive|GubbsVGC has 30 seconds left.\n|\n|t:|1738761236\n|move|p2a: Dialga|Flash Cannon|p1a: \uc0ac\uc2b9\ud5cc\n|-damage|p1a: \uc0ac\uc2b9\ud5cc|26\/100\n|-enditem|p1a: \uc0ac\uc2b9\ud5cc|Sitrus Berry|[eat]\n|-heal|p1a: \uc0ac\uc2b9\ud5cc|51\/100|[from] item: Sitrus Berry\n|move|p2b: Murkrow|Foul Play|p1b: Canada bear\n|-damage|p1b: Canada bear|0 fnt\n|faint|p1b: Canada bear\n|move|p1a: \uc0ac\uc2b9\ud5cc|Ice Beam|p2b: Murkrow\n|-supereffective|p2b: Murkrow\n|-damage|p2b: Murkrow|62\/100\n|\n|upkeep\n|\n|t:|1738761246\n|switch|p1b: Jayson tatum|Miraidon, L50, tera:Fairy|100\/100\n|-activate|p1b: Jayson tatum|ability: Hadron Engine\n|turn|5\n|inactive|GubbsVGC has 30 seconds left.\n|\n|t:|1738761274\n|switch|p1b: Kingjames|Incineroar, L50, M|100\/100\n|-ability|p1b: Kingjames|Intimidate|boost\n|-unboost|p2a: Dialga|atk|1\n|-unboost|p2b: Murkrow|atk|1\n|move|p2b: Murkrow|Tailwind|p2b: Murkrow\n|-sidestart|p2: GubbsVGC|move: Tailwind\n|move|p2a: Dialga|Flash Cannon|p1b: Kingjames\n|-resisted|p1b: Kingjames\n|-damage|p1b: Kingjames|73\/100\n|move|p1a: \uc0ac\uc2b9\ud5cc|Trick Room|p1a: \uc0ac\uc2b9\ud5cc\n|-fieldstart|move: Trick Room|[of] p1a: \uc0ac\uc2b9\ud5cc\n|\n|-fieldend|move: Electric Terrain\n|upkeep\n|turn|6\n|\n|t:|1738761296\n|switch|p1a: Jayson tatum|Miraidon, L50, tera:Fairy|100\/100\n|-fieldstart|move: Electric Terrain|[from] ability: Hadron Engine|[of] p1a: Jayson tatum\n|switch|p2b: Iron Hands|Iron Hands, L50|100\/100\n|-activate|p2b: Iron Hands|ability: Quark Drive\n|-start|p2b: Iron Hands|quarkdriveatk\n|move|p2a: Dialga|Protect|p2a: Dialga\n|-singleturn|p2a: Dialga|Protect\n|move|p1b: Kingjames|Fake Out|p2a: Dialga\n|-activate|p2a: Dialga|move: Protect\n|\n|upkeep\n|turn|7\n|\n|t:|1738761325\n|move|p1b: Kingjames|Will-O-Wisp|p2b: Iron Hands\n|-status|p2b: Iron Hands|brn\n|move|p2b: Iron Hands|Drain Punch|p1b: Kingjames\n|-supereffective|p1b: Kingjames\n|-damage|p1b: Kingjames|20\/100\n|move|p1a: Jayson tatum|Draco Meteor|p2a: Dialga\n|-damage|p2a: Dialga|0 fnt\n|-unboost|p1a: Jayson tatum|spa|2\n|faint|p2a: Dialga\n|\n|-damage|p2b: Iron Hands|94\/100 brn|[from] brn\n|upkeep\n|-message|GubbsVGC forfeited.\n|\n|win|jkimkim1\n|raw|jkimkim1's rating: 1540 &rarr; <strong>1565<\/strong><br \/>(+25 for winning)\n|raw|GubbsVGC's rating: 1624 &rarr; <strong>1599<\/strong><br \/>(-25 for losing)\n|l|\u2606GubbsVGC\n|player|p2|\n","uploadtime":1738761556,"views":8,"formatid":"gen9vgc2025regg","rating":1565,"private":0,"password":null}