{"id":"gen9vgc2025regg-2294469424","format":"[Gen 9] VGC 2025 Reg G","players":["TViewierVGC","Freshveggies2"],"log":"|j|\u2606TViewierVGC\n|j|\u2606Freshveggies2\n|t:|1738703687\n|gametype|doubles\n|player|p1|TViewierVGC|tuber|1673\n|player|p2|Freshveggies2|101|1563\n|teamsize|p1|6\n|teamsize|p2|6\n|gen|9\n|tier|[Gen 9] VGC 2025 Reg G\n|rated|\n|rule|Species Clause: Limit one of each Pok\u00e9mon\n|rule|Item Clause: Limit 1 of each item\n|clearpoke\n|poke|p1|Calyrex-Shadow, L50|\n|poke|p1|Chi-Yu, L50|\n|poke|p1|Ogerpon-Wellspring, L50, F|\n|poke|p1|Iron Hands, L50|\n|poke|p1|Chien-Pao, L50|\n|poke|p1|Tornadus, L50, M|\n|poke|p2|Koraidon, L50|\n|poke|p2|Umbreon, L50, M|\n|poke|p2|Raging Bolt, L50|\n|poke|p2|Flutter Mane, L50|\n|poke|p2|Ogerpon-Cornerstone, L50, F|\n|poke|p2|Entei, L50|\n|teampreview|4\n|inactive|Battle timer is ON: inactive players will automatically lose when time's up. (requested by TViewierVGC)\nTViewierVGC has agreed to open team sheets.\n|inactive|TViewierVGC has 60 seconds left.\n|inactive|Freshveggies2 has 60 seconds left.\n|inactive|Freshveggies2 has 30 seconds left.\n|\n|t:|1738703754\n|start\n|switch|p1a: Calyrex|Calyrex-Shadow, L50|100\/100\n|switch|p1b: Tornadus|Tornadus, L50, M|100\/100\n|switch|p2a: Flutter Mane|Flutter Mane, L50|100\/100\n|switch|p2b: Raging Bolt|Raging Bolt, L50|100\/100\n|-ability|p1a: Calyrex|As One\n|-ability|p1a: Calyrex|Unnerve\n|turn|1\n|\n|t:|1738703769\n|move|p1a: Calyrex|Protect|p1a: Calyrex\n|-singleturn|p1a: Calyrex|Protect\n|move|p1b: Tornadus|Tailwind|p1b: Tornadus\n|-sidestart|p1: TViewierVGC|move: Tailwind\n|move|p2a: Flutter Mane|Icy Wind|p1b: Tornadus|[spread] p1b\n|-activate|p1a: Calyrex|move: Protect\n|-supereffective|p1b: Tornadus\n|-damage|p1b: Tornadus|58\/100\n|move|p2b: Raging Bolt|Volt Switch|p1b: Tornadus\n|-supereffective|p1b: Tornadus\n|-crit|p1b: Tornadus\n|-damage|p1b: Tornadus|0 fnt\n|faint|p1b: Tornadus\n|\n|t:|1738703793\n|-end|p2b: Raging Bolt|Protosynthesis|[silent]\n|switch|p2b: Entei|Entei, L50|100\/100|[from] Volt Switch\n|\n|upkeep\n|\n|t:|1738703805\n|switch|p1b: Oni Balloons|Ogerpon-Wellspring, L50, F|100\/100\n|turn|2\n|\n|t:|1738703818\n|-terastallize|p2b: Entei|Normal\n|move|p1b: Oni Balloons|Follow Me|p1b: Oni Balloons\n|-singleturn|p1b: Oni Balloons|move: Follow Me\n|move|p1a: Calyrex|Astral Barrage|p2b: Entei|[spread] p2a\n|-immune|p2b: Entei\n|-supereffective|p2a: Flutter Mane\n|-enditem|p2a: Flutter Mane|Focus Sash\n|-damage|p2a: Flutter Mane|1\/100\n|-damage|p1a: Calyrex|91\/100|[from] item: Life Orb\n|move|p2a: Flutter Mane|Icy Wind|p1b: Oni Balloons|[spread] p1a,p1b\n|-damage|p1a: Calyrex|76\/100\n|-damage|p1b: Oni Balloons|82\/100\n|-unboost|p1a: Calyrex|spe|1\n|-unboost|p1b: Oni Balloons|spe|1\n|move|p2b: Entei|Sacred Fire|p1b: Oni Balloons\n|-damage|p1b: Oni Balloons|0 fnt\n|faint|p1b: Oni Balloons\n|\n|upkeep\n|\n|t:|1738703827\n|switch|p1b: Chien-Pao|Chien-Pao, L50|100\/100\n|-ability|p1b: Chien-Pao|Sword of Ruin\n|turn|3\n|\n|t:|1738703847\n|switch|p2b: Raging Bolt|Raging Bolt, L50|100\/100\n|-terastallize|p1a: Calyrex|Fighting\n|move|p2a: Flutter Mane|Protect|p2a: Flutter Mane\n|-singleturn|p2a: Flutter Mane|Protect\n|move|p1b: Chien-Pao|Sucker Punch||[still]\n|-fail|p1b: Chien-Pao\n|move|p1a: Calyrex|Tera Blast|p2b: Raging Bolt|[anim] Tera Blast Fighting\n|-damage|p2b: Raging Bolt|60\/100\n|-damage|p1a: Calyrex|66\/100|[from] item: Life Orb\n|\n|upkeep\n|turn|4\n|inactive|Freshveggies2 has 30 seconds left.\n|\n|t:|1738703875\n|-end|p2b: Raging Bolt|Protosynthesis|[silent]\n|switch|p2b: Koraidon|Koraidon, L50|100\/100\n|-weather|SunnyDay|[from] ability: Orichalcum Pulse|[of] p2b: Koraidon\n|-activate|p2a: Flutter Mane|ability: Protosynthesis\n|-start|p2a: Flutter Mane|protosynthesisspe\n|-activate|p2b: Koraidon|Orichalcum Pulse|[source]\n|move|p1b: Chien-Pao|Ice Spinner|p2b: Koraidon\n|-supereffective|p2b: Koraidon\n|-damage|p2b: Koraidon|14\/100\n|move|p2a: Flutter Mane|Dazzling Gleam|p1a: Calyrex|[spread] p1a,p1b\n|-supereffective|p1a: Calyrex\n|-supereffective|p1b: Chien-Pao\n|-damage|p1a: Calyrex|0 fnt\n|-enditem|p1b: Chien-Pao|Focus Sash\n|-damage|p1b: Chien-Pao|1\/100\n|faint|p1a: Calyrex\n|\n|-weather|SunnyDay|[upkeep]\n|-sideend|p1: TViewierVGC|move: Tailwind\n|upkeep\n|turn|5\n|-message|TViewierVGC forfeited.\n|\n|win|Freshveggies2\n|raw|TViewierVGC's rating: 1673 &rarr; <strong>1647<\/strong><br \/>(-26 for losing)\n|raw|Freshveggies2's rating: 1563 &rarr; <strong>1589<\/strong><br \/>(+26 for winning)\n|l|\u2606TViewierVGC\n|player|p1|\n|l|\u2606Freshveggies2\n|player|p2|\n","uploadtime":1738704059,"views":6,"formatid":"gen9vgc2025regg","rating":1589,"private":0,"password":null}