{"id":"gen9vgc2025regg-2294811501","format":"[Gen 9] VGC 2025 Reg G","players":["fuleya","Jameson Murray"],"log":"|j|\u2606fuleya\n|j|\u2606Jameson Murray\n|t:|1738755049\n|gametype|doubles\n|player|p1|fuleya|265|1549\n|player|p2|Jameson Murray|elesa|1506\n|teamsize|p1|6\n|teamsize|p2|6\n|gen|9\n|tier|[Gen 9] VGC 2025 Reg G\n|rated|\n|rule|Species Clause: Limit one of each Pok\u00e9mon\n|rule|Item Clause: Limit 1 of each item\n|clearpoke\n|poke|p1|Muk-Alola, L50, M|\n|poke|p1|Smeargle, L50, M|\n|poke|p1|Dondozo, L50, M|\n|poke|p1|Tatsugiri, L50, M|\n|poke|p1|Flamigo, L50, M|\n|poke|p1|Calyrex-Shadow, L50|\n|poke|p2|Groudon, L50|\n|poke|p2|Ogerpon-Cornerstone, L50, F|\n|poke|p2|Volcarona, L50, F|\n|poke|p2|Urshifu-*, L50, F|\n|poke|p2|Raging Bolt, L50|\n|poke|p2|Gouging Fire, L50|\n|teampreview|4\n|inactive|Battle timer is ON: inactive players will automatically lose when time's up. (requested by fuleya)\n|\n|t:|1738755097\n|start\n|switch|p1a: Muk|Muk-Alola, L50, M|100\/100\n|switch|p1b: Smeargle|Smeargle, L50, M|100\/100\n|switch|p2a: Ogerpon|Ogerpon-Cornerstone, L50, F|100\/100\n|switch|p2b: Groudon|Groudon, L50|100\/100\n|-weather|SunnyDay|[from] ability: Drought|[of] p2b: Groudon\n|turn|1\n|inactive|fuleya has 30 seconds left.\n|\n|t:|1738755127\n|switch|p2b: Volcarona|Volcarona, L50, F|100\/100\n|-terastallize|p1a: Muk|Water\n|move|p1b: Smeargle|Fake Out|p2a: Ogerpon\n|-resisted|p2a: Ogerpon\n|-crit|p2a: Ogerpon\n|-damage|p2a: Ogerpon|96\/100\n|cant|p2a: Ogerpon|flinch\n|move|p1a: Muk|Minimize|p1a: Muk\n|-boost|p1a: Muk|evasion|2\n|\n|-weather|SunnyDay|[upkeep]\n|-ability|p1b: Smeargle|Moody|boost\n|-boost|p1b: Smeargle|spd|2\n|-unboost|p1b: Smeargle|atk|1\n|upkeep\n|turn|2\n|\n|t:|1738755140\n|move|p1b: Smeargle|Follow Me|p1b: Smeargle\n|-singleturn|p1b: Smeargle|move: Follow Me\n|move|p2a: Ogerpon|Horn Leech|p1b: Smeargle\n|-enditem|p1b: Smeargle|Focus Sash\n|-damage|p1b: Smeargle|1\/100\n|-heal|p2a: Ogerpon|100\/100|[from] drain|[of] p1b: Smeargle\n|move|p2b: Volcarona|Heat Wave|p1b: Smeargle|[spread] p1a,p1b\n|-resisted|p1a: Muk\n|-damage|p1a: Muk|79\/100\n|-damage|p1b: Smeargle|0 fnt\n|faint|p1b: Smeargle\n|-ability|p1a: Muk|Moody|[from] ability: Power of Alchemy|[of] p1b: Smeargle\n|move|p1a: Muk|Minimize|p1a: Muk\n|-boost|p1a: Muk|evasion|2\n|\n|-weather|SunnyDay|[upkeep]\n|-heal|p1a: Muk|85\/100|[from] item: Leftovers\n|-ability|p1a: Muk|Moody|boost\n|-boost|p1a: Muk|def|2\n|-unboost|p1a: Muk|spd|1\n|upkeep\n|\n|t:|1738755150\n|switch|p1b: Flamigo|Flamigo, L50, M|100\/100\n|-copyboost|p1b: Flamigo|p1a: Muk|[from] ability: Costar\n|-enditem|p1b: Flamigo|White Herb\n|-clearnegativeboost|p1b: Flamigo|[silent]\n|turn|3\n|\n|t:|1738755160\n|move|p2b: Volcarona|Rage Powder|p2b: Volcarona\n|-singleturn|p2b: Volcarona|move: Rage Powder\n|move|p2a: Ogerpon|Horn Leech|p1a: Muk|[miss]\n|-miss|p2a: Ogerpon|p1a: Muk\n|move|p1b: Flamigo|Acrobatics|p2b: Volcarona\n|-supereffective|p2b: Volcarona\n|-damage|p2b: Volcarona|15\/100\n|-damage|p1b: Flamigo|84\/100|[from] item: Rocky Helmet|[of] p2b: Volcarona\n|-status|p1b: Flamigo|brn|[from] ability: Flame Body|[of] p2b: Volcarona\n|move|p1a: Muk|Minimize|p1a: Muk\n|-boost|p1a: Muk|evasion|2\n|\n|-weather|SunnyDay|[upkeep]\n|-heal|p1a: Muk|92\/100|[from] item: Leftovers\n|-damage|p1b: Flamigo|78\/100 brn|[from] brn\n|-ability|p1a: Muk|Moody|boost\n|-boost|p1a: Muk|spe|2\n|-unboost|p1a: Muk|spd|1\n|upkeep\n|turn|4\n|inactive|fuleya has 30 seconds left.\n|\n|t:|1738755194\n|move|p2a: Ogerpon|Ivy Cudgel|p1b: Flamigo|[anim] Ivy Cudgel Rock|[miss]\n|-miss|p2a: Ogerpon|p1b: Flamigo\n|move|p1b: Flamigo|Close Combat|p2a: Ogerpon\n|-supereffective|p2a: Ogerpon\n|-damage|p2a: Ogerpon|27\/100\n|-unboost|p1b: Flamigo|def|1\n|-unboost|p1b: Flamigo|spd|1\n|move|p1a: Muk|Poison Gas|p2a: Ogerpon|[spread] p2a\n|-miss|p1a: Muk|p2b: Volcarona\n|-status|p2a: Ogerpon|psn\n|move|p2b: Volcarona|Tailwind|p2b: Volcarona\n|-sidestart|p2: Jameson Murray|move: Tailwind\n|\n|-weather|SunnyDay|[upkeep]\n|-heal|p1a: Muk|98\/100|[from] item: Leftovers\n|-damage|p2a: Ogerpon|15\/100 psn|[from] psn\n|-damage|p1b: Flamigo|72\/100 brn|[from] brn\n|-ability|p1a: Muk|Moody|boost\n|-boost|p1a: Muk|atk|2\n|-unboost|p1a: Muk|spe|1\n|upkeep\n|turn|5\n|\n|t:|1738755212\n|move|p2a: Ogerpon|Ivy Cudgel|p1b: Flamigo|[anim] Ivy Cudgel Rock|[miss]\n|-miss|p2a: Ogerpon|p1b: Flamigo\n|move|p2b: Volcarona|Heat Wave|p1b: Flamigo|[spread] p1a,p1b\n|-resisted|p1a: Muk\n|-damage|p1a: Muk|55\/100\n|-damage|p1b: Flamigo|0 fnt\n|faint|p1b: Flamigo\n|move|p1a: Muk|Knock Off|p2b: Volcarona\n|-damage|p2b: Volcarona|0 fnt\n|-damage|p1a: Muk|39\/100|[from] item: Rocky Helmet|[of] p2b: Volcarona\n|-enditem|p2b: Volcarona|Rocky Helmet|[from] move: Knock Off|[of] p1a: Muk\n|faint|p2b: Volcarona\n|\n|-weather|none\n|-heal|p1a: Muk|45\/100|[from] item: Leftovers\n|-damage|p2a: Ogerpon|2\/100 psn|[from] psn\n|-ability|p1a: Muk|Moody|boost\n|-boost|p1a: Muk|spe|2\n|-unboost|p1a: Muk|spa|1\n|upkeep\n|\n|t:|1738755224\n|switch|p1b: Calyrex|Calyrex-Shadow, L50|100\/100\n|switch|p2b: Urshifu|Urshifu, L50, F|100\/100\n|-ability|p1b: Calyrex|As One\n|-ability|p1b: Calyrex|Unnerve\n|turn|6\n|\n|t:|1738755233\n|-terastallize|p2b: Urshifu|Dark\n|move|p2a: Ogerpon|Horn Leech|p1a: Muk|[miss]\n|-miss|p2a: Ogerpon|p1a: Muk\n|move|p2b: Urshifu|Wicked Blow|p1b: Calyrex\n|-supereffective|p1b: Calyrex\n|-crit|p1b: Calyrex\n|-damage|p1b: Calyrex|0 fnt\n|faint|p1b: Calyrex\n|move|p1a: Muk|Poison Gas|p2a: Ogerpon|[spread] p2a,p2b\n|-fail|p2a: Ogerpon|psn\n|-status|p2b: Urshifu|psn\n|\n|-heal|p1a: Muk|51\/100|[from] item: Leftovers\n|-damage|p2a: Ogerpon|0 fnt|[from] psn\n|faint|p2a: Ogerpon\n|-damage|p2b: Urshifu|88\/100 psn|[from] psn\n|-ability|p1a: Muk|Moody|boost\n|-boost|p1a: Muk|def|2\n|-unboost|p1a: Muk|spa|1\n|upkeep\n|\n|t:|1738755240\n|switch|p2a: Groudon|Groudon, L50|100\/100\n|-weather|SunnyDay|[from] ability: Drought|[of] p2a: Groudon\n|turn|7\n|\n|t:|1738755249\n|move|p2b: Urshifu|Wicked Blow|p1a: Muk\n|-crit|p1a: Muk\n|-damage|p1a: Muk|0 fnt\n|faint|p1a: Muk\n|\n|win|Jameson Murray\n|raw|fuleya's rating: 1549 &rarr; <strong>1527<\/strong><br \/>(-22 for losing)\n|raw|Jameson Murray's rating: 1506 &rarr; <strong>1528<\/strong><br \/>(+22 for winning)\n|l|\u2606fuleya\n|player|p1|\n|c|\u2606Jameson Murray|L\n","uploadtime":1738755394,"views":9,"formatid":"gen9vgc2025regg","rating":1527,"private":0,"password":null}