{"id":"gen9vgc2025regg-2294385475","format":"[Gen 9] VGC 2025 Reg G","players":["Newteamnewname","gotakeabath"],"log":"|j|\u2606Newteamnewname\n|j|\u2606gotakeabath\n|t:|1738695338\n|gametype|doubles\n|player|p1|Newteamnewname|biker-gen4|1599\n|player|p2|gotakeabath|grimsley-masters|1572\n|teamsize|p1|6\n|teamsize|p2|6\n|gen|9\n|tier|[Gen 9] VGC 2025 Reg G\n|rated|\n|rule|Species Clause: Limit one of each Pok\u00e9mon\n|rule|Item Clause: Limit 1 of each item\n|clearpoke\n|poke|p1|Terapagos, L50, M|\n|poke|p1|Urshifu-*, L50, M|\n|poke|p1|Rillaboom, L50, F|\n|poke|p1|Incineroar, L50, M|\n|poke|p1|Ogerpon-Hearthflame, L50, F|\n|poke|p1|Flutter Mane, L50|\n|poke|p2|Calyrex-Shadow, L50|\n|poke|p2|Urshifu-*, L50, F|\n|poke|p2|Indeedee-F, L50, F|\n|poke|p2|Ogerpon-Hearthflame, L50, F|\n|poke|p2|Whimsicott, L50, F|\n|poke|p2|Regieleki, L50|\n|teampreview|4\n|inactive|Battle timer is ON: inactive players will automatically lose when time's up. (requested by gotakeabath)\n|inactive|Newteamnewname also wants the timer to be on.\n|inactive|Newteamnewname has 60 seconds left.\n|inactive|gotakeabath has 60 seconds left.\n|inactive|Newteamnewname has 30 seconds left.\n|\n|t:|1738695404\n|start\n|switch|p1a: Incineroar|Incineroar, L50, M|100\/100\n|switch|p1b: Terapagos|Terapagos, L50, M|100\/100\n|switch|p2a: Urshifu|Urshifu-Rapid-Strike, L50, F|100\/100\n|switch|p2b: Whimsicott|Whimsicott, L50, F|100\/100\n|-activate|p1b: Terapagos|ability: Tera Shift\n|detailschange|p1b: Terapagos|Terapagos-Terastal, L50, M\n|-heal|p1b: Terapagos|100\/100|[silent]\n|-ability|p1a: Incineroar|Intimidate|boost\n|-unboost|p2a: Urshifu|atk|1\n|-unboost|p2b: Whimsicott|atk|1\n|turn|1\n|inactive|Newteamnewname has 30 seconds left.\n|inactive|Newteamnewname has 20 seconds left.\n|\n|t:|1738695441\n|move|p1a: Incineroar|Fake Out|p2a: Urshifu\n|-damage|p2a: Urshifu|90\/100\n|move|p2b: Whimsicott|Light Screen|p2b: Whimsicott\n|-sidestart|p2: gotakeabath|move: Light Screen\n|cant|p2a: Urshifu|flinch\n|move|p1b: Terapagos|Tera Starstorm|p2a: Urshifu\n|-damage|p2a: Urshifu|38\/100\n|\n|upkeep\n|turn|2\n|j| bluestraggler02\n|inactive|gotakeabath has 30 seconds left.\n|\n|t:|1738695476\n|switch|p1b: Ogerpon|Ogerpon-Hearthflame, L50, F|100\/100\n|-ability|p1b: Ogerpon|Mold Breaker\n|move|p2a: Urshifu|Close Combat|p1b: Ogerpon\n|-damage|p1b: Ogerpon|65\/100\n|-unboost|p2a: Urshifu|def|1\n|-unboost|p2a: Urshifu|spd|1\n|move|p2b: Whimsicott|Moonblast|p1b: Ogerpon\n|-resisted|p1b: Ogerpon\n|-damage|p1b: Ogerpon|52\/100\n|move|p1a: Incineroar|Will-O-Wisp|p2a: Urshifu\n|-status|p2a: Urshifu|brn\n|\n|-damage|p2a: Urshifu|32\/100 brn|[from] brn\n|upkeep\n|turn|3\n|inactive|gotakeabath has 30 seconds left.\n|\n|t:|1738695507\n|move|p2a: Urshifu|Close Combat|p1a: Incineroar\n|-supereffective|p1a: Incineroar\n|-damage|p1a: Incineroar|65\/100\n|-unboost|p2a: Urshifu|def|1\n|-unboost|p2a: Urshifu|spd|1\n|move|p2b: Whimsicott|Moonblast|p1a: Incineroar\n|-damage|p1a: Incineroar|41\/100\n|move|p1b: Ogerpon|Ivy Cudgel|p2b: Whimsicott|[anim] Ivy Cudgel Fire\n|-supereffective|p2b: Whimsicott\n|-crit|p2b: Whimsicott\n|-damage|p2b: Whimsicott|0 fnt\n|faint|p2b: Whimsicott\n|move|p1a: Incineroar|Knock Off|p2a: Urshifu\n|-resisted|p2a: Urshifu\n|-damage|p2a: Urshifu|0 fnt\n|-enditem|p2a: Urshifu|Choice Scarf|[from] move: Knock Off|[of] p1a: Incineroar\n|faint|p2a: Urshifu\n|\n|upkeep\n|\n|t:|1738695516\n|switch|p2b: Calyrex|Calyrex-Shadow, L50|100\/100\n|switch|p2a: Regieleki|Regieleki, L50|100\/100\n|-ability|p2b: Calyrex|As One\n|-ability|p2b: Calyrex|Unnerve\n|turn|4\n|inactive|Newteamnewname has 30 seconds left.\n|\n|t:|1738695550\n|switch|p1b: Terapagos|Terapagos-Terastal, L50, M|100\/100\n|switch|p1a: Rillaboom|Rillaboom, L50, F|100\/100\n|-fieldstart|move: Grassy Terrain|[from] ability: Grassy Surge|[of] p1a: Rillaboom\n|move|p2a: Regieleki|Electroweb|p1b: Terapagos|[spread] p1a,p1b\n|-resisted|p1a: Rillaboom\n|-activate|p1b: Terapagos|ability: Tera Shell\n|-resisted|p1b: Terapagos\n|-damage|p1a: Rillaboom|89\/100\n|-damage|p1b: Terapagos|85\/100\n|-unboost|p1a: Rillaboom|spe|1\n|-unboost|p1b: Terapagos|spe|1\n|move|p2b: Calyrex|Astral Barrage|p1a: Rillaboom|[spread] p1a\n|-immune|p1b: Terapagos\n|-damage|p1a: Rillaboom|53\/100\n|\n|-heal|p1b: Terapagos|92\/100|[from] Grassy Terrain\n|-heal|p1b: Terapagos|98\/100|[from] item: Leftovers\n|-heal|p1a: Rillaboom|58\/100|[from] Grassy Terrain\n|upkeep\n|turn|5\n|inactive|gotakeabath has 30 seconds left.\n|inactive|gotakeabath has 20 seconds left.\n|\n|t:|1738695585\n|move|p1a: Rillaboom|Fake Out|p2a: Regieleki\n|-damage|p2a: Regieleki|75\/100\n|cant|p2a: Regieleki|flinch\n|move|p2b: Calyrex|Nasty Plot|p2b: Calyrex\n|-boost|p2b: Calyrex|spa|2\n|move|p1b: Terapagos|Calm Mind|p1b: Terapagos\n|-boost|p1b: Terapagos|spa|1\n|-boost|p1b: Terapagos|spd|1\n|\n|-heal|p2a: Regieleki|80\/100|[from] Grassy Terrain\n|-heal|p1b: Terapagos|100\/100|[from] Grassy Terrain\n|-heal|p1a: Rillaboom|64\/100|[from] Grassy Terrain\n|-sideend|p2: gotakeabath|move: Light Screen\n|upkeep\n|turn|6\n|inactive|Newteamnewname has 30 seconds left.\n|\n|t:|1738695611\n|move|p2a: Regieleki|Electroweb|p1a: Rillaboom|[spread] p1b\n|-miss|p2a: Regieleki|p1a: Rillaboom\n|-activate|p1b: Terapagos|ability: Tera Shell\n|-resisted|p1b: Terapagos\n|-damage|p1b: Terapagos|91\/100\n|-unboost|p1b: Terapagos|spe|1\n|move|p2b: Calyrex|Astral Barrage|p1a: Rillaboom|[spread] p1a\n|-immune|p1b: Terapagos\n|-damage|p1a: Rillaboom|0 fnt\n|faint|p1a: Rillaboom\n|-ability|p2b: Calyrex|Grim Neigh|boost\n|-boost|p2b: Calyrex|spa|1\n|move|p1b: Terapagos|Calm Mind|p1b: Terapagos\n|-boost|p1b: Terapagos|spa|1\n|-boost|p1b: Terapagos|spd|1\n|\n|-heal|p2a: Regieleki|86\/100|[from] Grassy Terrain\n|-heal|p1b: Terapagos|97\/100|[from] Grassy Terrain\n|-heal|p1b: Terapagos|100\/100|[from] item: Leftovers\n|upkeep\n|j| 413XPlayz\n|\n|t:|1738695632\n|switch|p1a: Incineroar|Incineroar, L50, M|41\/100\n|-ability|p1a: Incineroar|Intimidate|boost\n|-unboost|p2a: Regieleki|atk|1\n|-unboost|p2b: Calyrex|atk|1\n|turn|7\n|\n|t:|1738695651\n|move|p1a: Incineroar|Fake Out|p2a: Regieleki\n|-damage|p2a: Regieleki|68\/100\n|cant|p2a: Regieleki|flinch\n|move|p2b: Calyrex|Expanding Force|p1b: Terapagos\n|-activate|p1b: Terapagos|ability: Tera Shell\n|-resisted|p1b: Terapagos\n|-damage|p1b: Terapagos|73\/100\n|move|p1b: Terapagos|Calm Mind|p1b: Terapagos\n|-boost|p1b: Terapagos|spa|1\n|-boost|p1b: Terapagos|spd|1\n|\n|-heal|p2a: Regieleki|73\/100|[from] Grassy Terrain\n|-heal|p1a: Incineroar|47\/100|[from] Grassy Terrain\n|-heal|p1b: Terapagos|80\/100|[from] Grassy Terrain\n|-heal|p1b: Terapagos|86\/100|[from] item: Leftovers\n|upkeep\n|turn|8\n|inactive|Newteamnewname has 30 seconds left.\n|\n|t:|1738695679\n|-terastallize|p1b: Terapagos|Stellar\n|detailschange|p1b: Terapagos|Terapagos-Stellar, L50, M, tera:Stellar\n|-heal|p1b: Terapagos|90\/100|[silent]\n|-ability|p1b: Terapagos|Teraform Zero\n|-fieldend|move: Grassy Terrain\n|move|p2a: Regieleki|Electroweb|p1b: Terapagos|[spread] p1a,p1b\n|-damage|p1a: Incineroar|15\/100\n|-damage|p1b: Terapagos|81\/100\n|-unboost|p1a: Incineroar|spe|1\n|-unboost|p1b: Terapagos|spe|1\n|move|p2b: Calyrex|Expanding Force|p1b: Terapagos\n|-damage|p1b: Terapagos|50\/100\n|move|p1a: Incineroar|Knock Off|p2b: Calyrex\n|-supereffective|p2b: Calyrex\n|-enditem|p2b: Calyrex|Focus Sash\n|-damage|p2b: Calyrex|1\/100\n|move|p1b: Terapagos|Tera Starstorm|p2a: Regieleki|[spread] p2a,p2b\n|-damage|p2a: Regieleki|0 fnt\n|-damage|p2b: Calyrex|0 fnt\n|faint|p2a: Regieleki\n|faint|p2b: Calyrex\n|\n|win|Newteamnewname\n|raw|Newteamnewname's rating: 1599 &rarr; <strong>1617<\/strong><br \/>(+18 for winning)\n|raw|gotakeabath's rating: 1572 &rarr; <strong>1554<\/strong><br \/>(-18 for losing)\n|l|\u2606Newteamnewname\n|player|p1|\n|l| bluestraggler02\n","uploadtime":1738695920,"views":9,"formatid":"gen9vgc2025regg","rating":1554,"private":0,"password":null}