{"id":"gen9vgc2025regg-2294963227","format":"[Gen 9] VGC 2025 Reg G","players":["bidoofutopia","SeaWolfMikess"],"log":"|j|\u2606bidoofutopia\n|j|\u2606SeaWolfMikess\n|t:|1738773174\n|gametype|doubles\n|player|p1|bidoofutopia|lucas|1659\n|player|p2|SeaWolfMikess|hugh|1635\n|teamsize|p1|6\n|teamsize|p2|6\n|gen|9\n|tier|[Gen 9] VGC 2025 Reg G\n|rated|\n|rule|Species Clause: Limit one of each Pok\u00e9mon\n|rule|Item Clause: Limit 1 of each item\n|clearpoke\n|poke|p1|Miraidon, L50|\n|poke|p1|Grimmsnarl, L50, M|\n|poke|p1|Farigiraf, L50, F|\n|poke|p1|Iron Hands, L50|\n|poke|p1|Urshifu-*, L50, F|\n|poke|p1|Chi-Yu, L50|\n|poke|p2|Miraidon, L50|\n|poke|p2|Iron Hands, L50|\n|poke|p2|Whimsicott, L50, M|\n|poke|p2|Urshifu-*, L50, F|\n|poke|p2|Ogerpon-Hearthflame, L50, F|\n|poke|p2|Chien-Pao, L50|\n|teampreview|4\n|inactive|Battle timer is ON: inactive players will automatically lose when time's up. (requested by bidoofutopia)\n|\n|t:|1738773196\n|start\n|switch|p1a: Iron Hands|Iron Hands, L50|100\/100\n|switch|p1b: Farigiraf|Farigiraf, L50, F|100\/100\n|switch|p2a: Miraidon|Miraidon, L50|100\/100\n|switch|p2b: Iron Hands|Iron Hands, L50|100\/100\n|-fieldstart|move: Electric Terrain|[from] ability: Hadron Engine|[of] p2a: Miraidon\n|-enditem|p1b: Farigiraf|Electric Seed\n|-boost|p1b: Farigiraf|def|1|[from] item: Electric Seed\n|-activate|p2b: Iron Hands|ability: Quark Drive\n|-start|p2b: Iron Hands|quarkdriveatk\n|-activate|p1a: Iron Hands|ability: Quark Drive\n|-start|p1a: Iron Hands|quarkdriveatk\n|turn|1\n|\n|t:|1738773206\n|move|p1a: Iron Hands|Fake Out|p2b: Iron Hands\n|-damage|p2b: Iron Hands|85\/100\n|move|p2a: Miraidon|Volt Switch|p1b: Farigiraf\n|-damage|p1b: Farigiraf|3\/100\n|\n|t:|1738773210\n|switch|p2a: Ogerpon|Ogerpon-Hearthflame, L50, F|100\/100|[from] Volt Switch\n|-ability|p2a: Ogerpon|Mold Breaker\n|cant|p2b: Iron Hands|flinch\n|move|p1b: Farigiraf|Trick Room|p1b: Farigiraf\n|-fieldstart|move: Trick Room|[of] p1b: Farigiraf\n|\n|upkeep\n|turn|2\n|\n|t:|1738773220\n|move|p1b: Farigiraf|Helping Hand|p1a: Iron Hands\n|-singleturn|p1a: Iron Hands|Helping Hand|[of] p1b: Farigiraf\n|move|p1a: Iron Hands|Drain Punch|p2b: Iron Hands\n|-damage|p2b: Iron Hands|23\/100\n|move|p2b: Iron Hands|Drain Punch|p1b: Farigiraf\n|-crit|p1b: Farigiraf\n|-damage|p1b: Farigiraf|0 fnt\n|-heal|p2b: Iron Hands|24\/100|[from] drain|[of] p1b: Farigiraf\n|faint|p1b: Farigiraf\n|move|p2a: Ogerpon|Ivy Cudgel|p1a: Iron Hands|[anim] Ivy Cudgel Fire\n|-damage|p1a: Iron Hands|65\/100\n|\n|upkeep\n|\n|t:|1738773244\n|switch|p1b: Urshifu|Urshifu-Rapid-Strike, L50, F|100\/100\n|turn|3\n|\n|t:|1738773262\n|-terastallize|p1b: Urshifu|Stellar\n|move|p2a: Ogerpon|Follow Me|p2a: Ogerpon\n|-singleturn|p2a: Ogerpon|move: Follow Me\n|move|p2b: Iron Hands|Drain Punch|p1a: Iron Hands\n|-damage|p1a: Iron Hands|27\/100\n|-heal|p2b: Iron Hands|43\/100|[from] drain|[of] p1a: Iron Hands\n|move|p1a: Iron Hands|Drain Punch|p2a: Ogerpon\n|-damage|p2a: Ogerpon|40\/100\n|-heal|p1a: Iron Hands|50\/100|[from] drain|[of] p2a: Ogerpon\n|move|p1b: Urshifu|Close Combat|p2a: Ogerpon\n|-damage|p2a: Ogerpon|0 fnt\n|-unboost|p1b: Urshifu|def|1\n|-unboost|p1b: Urshifu|spd|1\n|faint|p2a: Ogerpon\n|\n|upkeep\n|\n|t:|1738773273\n|switch|p2a: Miraidon|Miraidon, L50|100\/100\n|-activate|p2a: Miraidon|ability: Hadron Engine\n|turn|4\n|\n|t:|1738773281\n|move|p2b: Iron Hands|Low Kick|p1a: Iron Hands\n|-damage|p1a: Iron Hands|0 fnt\n|faint|p1a: Iron Hands\n|-end|p1a: Iron Hands|Quark Drive|[silent]\n|move|p1b: Urshifu|Surging Strikes|p2a: Miraidon\n|-resisted|p2a: Miraidon\n|-crit|p2a: Miraidon\n|-damage|p2a: Miraidon|84\/100\n|-resisted|p2a: Miraidon\n|-crit|p2a: Miraidon\n|-damage|p2a: Miraidon|68\/100\n|-resisted|p2a: Miraidon\n|-crit|p2a: Miraidon\n|-damage|p2a: Miraidon|51\/100\n|-hitcount|p2a: Miraidon|3\n|move|p2a: Miraidon|Dazzling Gleam|p1b: Urshifu\n|-supereffective|p1b: Urshifu\n|-enditem|p1b: Urshifu|Focus Sash\n|-damage|p1b: Urshifu|1\/100\n|\n|upkeep\n|\n|t:|1738773286\n|switch|p1a: Miraidon|Miraidon, L50|100\/100\n|-activate|p1a: Miraidon|ability: Hadron Engine\n|turn|5\n|inactive|SeaWolfMikess has 30 seconds left.\n|\n|t:|1738773312\n|move|p1b: Urshifu|Aqua Jet|p2a: Miraidon\n|-resisted|p2a: Miraidon\n|-damage|p2a: Miraidon|39\/100\n|move|p2b: Iron Hands|Low Kick|p1a: Miraidon\n|-damage|p1a: Miraidon|27\/100\n|move|p1a: Miraidon|Dazzling Gleam|p2b: Iron Hands|[spread] p2a,p2b\n|-supereffective|p2a: Miraidon\n|-supereffective|p2b: Iron Hands\n|-damage|p2a: Miraidon|0 fnt\n|-damage|p2b: Iron Hands|0 fnt\n|faint|p2a: Miraidon\n|faint|p2b: Iron Hands\n|-end|p2b: Iron Hands|Quark Drive|[silent]\n|\n|-fieldend|move: Trick Room\n|-fieldend|move: Electric Terrain\n|upkeep\n|\n|t:|1738773315\n|switch|p2b: Chien-Pao|Chien-Pao, L50|100\/100\n|-ability|p2b: Chien-Pao|Sword of Ruin\n|turn|6\n|\n|t:|1738773325\n|move|p1b: Urshifu|Detect|p1b: Urshifu\n|-singleturn|p1b: Urshifu|Protect\n|move|p2b: Chien-Pao|Sucker Punch|p1a: Miraidon\n|-damage|p1a: Miraidon|0 fnt\n|faint|p1a: Miraidon\n|\n|upkeep\n|turn|7\n|c|\u2606bidoofutopia|did you predict i would protect?\n|inactive|bidoofutopia has 30 seconds left.\n|c|\u2606SeaWolfMikess|yeah\n|c|\u2606SeaWolfMikess|but its still a sucker punch mindgame after\n|inactive|bidoofutopia has 20 seconds left.\n|inactive|bidoofutopia has 15 seconds left.\n|j| majinsainte\n|c|\u2606bidoofutopia|nah\n|inactive|bidoofutopia has 10 seconds left.\n|\n|t:|1738773373\n|-terastallize|p2b: Chien-Pao|Stellar\n|move|p2b: Chien-Pao|Sacred Sword|p1b: Urshifu\n|-damage|p1b: Urshifu|0 fnt\n|faint|p1b: Urshifu\n|\n|win|SeaWolfMikess\n|raw|bidoofutopia's rating: 1659 &rarr; <strong>1639<\/strong><br \/>(-20 for losing)\n|raw|SeaWolfMikess's rating: 1658 &rarr; <strong>1678<\/strong><br \/>(+20 for winning)\n|c|\u2606bidoofutopia|if i dont protect\n|c|\u2606bidoofutopia|strikes ko\n|c|\u2606bidoofutopia|kos*\n|c|\u2606bidoofutopia|but ggwp\n|l|\u2606bidoofutopia\n|player|p1|\n|l| majinsainte\n|c|\u2606SeaWolfMikess|are you sash or mystic\n|l|\u2606SeaWolfMikess\n|player|p2|\n","uploadtime":1738773633,"views":15,"formatid":"gen9vgc2025regg","rating":1639,"private":0,"password":null}