{"id":"gen9vgc2025regg-2294752338","format":"[Gen 9] VGC 2025 Reg G","players":["zodipodi","nezuko fresh leg"],"log":"|j|\u2606zodipodi\n|j|\u2606nezuko fresh leg\n|t:|1738744399\n|gametype|doubles\n|player|p1|zodipodi|169|1541\n|player|p2|nezuko fresh leg|tuberf|1646\n|teamsize|p1|6\n|teamsize|p2|6\n|gen|9\n|tier|[Gen 9] VGC 2025 Reg G\n|rated|\n|rule|Species Clause: Limit one of each Pok\u00e9mon\n|rule|Item Clause: Limit 1 of each item\n|clearpoke\n|poke|p1|Terapagos, L50, M|\n|poke|p1|Grimmsnarl, L50, M|\n|poke|p1|Amoonguss, L50, F|\n|poke|p1|Ogerpon-Hearthflame, L50, F|\n|poke|p1|Urshifu-*, L50, M|\n|poke|p1|Raging Bolt, L50|\n|poke|p2|Whimsicott, L50, F|\n|poke|p2|Indeedee-F, L50, F|\n|poke|p2|Calyrex-Shadow, L50|\n|poke|p2|Urshifu-*, L50, M|\n|poke|p2|Chi-Yu, L50|\n|poke|p2|Ogerpon-Wellspring, L50, F|\n|teampreview|4\nnezuko fresh leg has agreed to open team sheets.\n|inactive|Battle timer is ON: inactive players will automatically lose when time's up. (requested by nezuko fresh leg)\n|\n|t:|1738744419\n|start\n|switch|p1a: Terapagos|Terapagos, L50, M|100\/100\n|switch|p1b: Grimmsnarl|Grimmsnarl, L50, M|100\/100\n|switch|p2a: Whimsicott|Whimsicott, L50, F|100\/100\n|switch|p2b: Chi-Yu|Chi-Yu, L50|100\/100\n|-activate|p1a: Terapagos|ability: Tera Shift\n|detailschange|p1a: Terapagos|Terapagos-Terastal, L50, M\n|-heal|p1a: Terapagos|100\/100|[silent]\n|-ability|p2b: Chi-Yu|Beads of Ruin\n|turn|1\n|\n|t:|1738744434\n|move|p2b: Chi-Yu|Protect|p2b: Chi-Yu\n|-singleturn|p2b: Chi-Yu|Protect\n|move|p1b: Grimmsnarl|Fake Out|p2b: Chi-Yu\n|-activate|p2b: Chi-Yu|move: Protect\n|move|p2a: Whimsicott|Fake Tears|p1a: Terapagos\n|-unboost|p1a: Terapagos|spd|2\n|move|p1a: Terapagos|Tera Starstorm|p2b: Chi-Yu\n|-activate|p2b: Chi-Yu|move: Protect\n|\n|upkeep\n|turn|2\n|\n|t:|1738744456\n|switch|p2a: \u60e1\u718a\u5669\u5922|Indeedee-F, L50, F|100\/100\n|-fieldstart|move: Psychic Terrain|[from] ability: Psychic Surge|[of] p2a: \u60e1\u718a\u5669\u5922\n|move|p1b: Grimmsnarl|Sucker Punch|p2b: Chi-Yu\n|-activate|p2b: Chi-Yu|move: Psychic Terrain\n|move|p2b: Chi-Yu|Snarl|p1b: Grimmsnarl|[spread] p1a\n|-miss|p2b: Chi-Yu|p1b: Grimmsnarl\n|-activate|p1a: Terapagos|ability: Tera Shell\n|-resisted|p1a: Terapagos\n|-damage|p1a: Terapagos|61\/100\n|-unboost|p1a: Terapagos|spa|1\n|-damage|p2b: Chi-Yu|91\/100|[from] item: Life Orb\n|move|p1a: Terapagos|Tera Starstorm|p2b: Chi-Yu\n|-damage|p2b: Chi-Yu|15\/100\n|\n|upkeep\n|turn|3\n|inactive|zodipodi has 30 seconds left.\n|\n|t:|1738744481\n|switch|p1a: Urshifu|Urshifu-Rapid-Strike, L50, M|100\/100\n|switch|p1b: Raging Bolt|Raging Bolt, L50|100\/100\n|move|p2a: \u60e1\u718a\u5669\u5922|Follow Me|p2a: \u60e1\u718a\u5669\u5922\n|-singleturn|p2a: \u60e1\u718a\u5669\u5922|move: Follow Me\n|move|p2b: Chi-Yu|Heat Wave|p1b: Raging Bolt|[spread] p1a,p1b\n|-resisted|p1a: Urshifu\n|-resisted|p1b: Raging Bolt\n|-damage|p1a: Urshifu|47\/100\n|-damage|p1b: Raging Bolt|82\/100\n|-damage|p2b: Chi-Yu|5\/100|[from] item: Life Orb\n|\n|upkeep\n|turn|4\n|\n|t:|1738744498\n|move|p2a: \u60e1\u718a\u5669\u5922|Follow Me|p2a: \u60e1\u718a\u5669\u5922\n|-singleturn|p2a: \u60e1\u718a\u5669\u5922|move: Follow Me\n|move|p1a: Urshifu|Surging Strikes|p2a: \u60e1\u718a\u5669\u5922\n|-crit|p2a: \u60e1\u718a\u5669\u5922\n|-damage|p2a: \u60e1\u718a\u5669\u5922|80\/100\n|-damage|p1a: Urshifu|30\/100|[from] item: Rocky Helmet|[of] p2a: \u60e1\u718a\u5669\u5922\n|-crit|p2a: \u60e1\u718a\u5669\u5922\n|-damage|p2a: \u60e1\u718a\u5669\u5922|59\/100\n|-damage|p1a: Urshifu|14\/100|[from] item: Rocky Helmet|[of] p2a: \u60e1\u718a\u5669\u5922\n|-crit|p2a: \u60e1\u718a\u5669\u5922\n|-damage|p2a: \u60e1\u718a\u5669\u5922|39\/100\n|-damage|p1a: Urshifu|0 fnt|[from] item: Rocky Helmet|[of] p2a: \u60e1\u718a\u5669\u5922\n|faint|p1a: Urshifu\n|-hitcount|p2a: \u60e1\u718a\u5669\u5922|3\n|move|p2b: Chi-Yu|Heat Wave|p1b: Raging Bolt\n|-resisted|p1b: Raging Bolt\n|-damage|p1b: Raging Bolt|58\/100\n|-damage|p2b: Chi-Yu|0 fnt|[from] item: Life Orb\n|faint|p2b: Chi-Yu\n|move|p1b: Raging Bolt|Electroweb|p2a: \u60e1\u718a\u5669\u5922\n|-damage|p2a: \u60e1\u718a\u5669\u5922|12\/100\n|-unboost|p2a: \u60e1\u718a\u5669\u5922|spe|1\n|\n|upkeep\n|\n|t:|1738744518\n|switch|p2b: Calyrex|Calyrex-Shadow, L50|100\/100\n|switch|p1a: Terapagos|Terapagos-Terastal, L50, M|61\/100\n|-ability|p2b: Calyrex|As One\n|-ability|p2b: Calyrex|Unnerve\n|turn|5\n|\n|t:|1738744540\n|-terastallize|p1a: Terapagos|Stellar\n|detailschange|p1a: Terapagos|Terapagos-Stellar, L50, M, tera:Stellar\n|-heal|p1a: Terapagos|72\/100|[silent]\n|-ability|p1a: Terapagos|Teraform Zero\n|-fieldend|move: Psychic Terrain\n|move|p2a: \u60e1\u718a\u5669\u5922|Follow Me|p2a: \u60e1\u718a\u5669\u5922\n|-singleturn|p2a: \u60e1\u718a\u5669\u5922|move: Follow Me\n|move|p2b: Calyrex|Expanding Force|p1a: Terapagos\n|-damage|p1a: Terapagos|32\/100\n|move|p1a: Terapagos|Tera Starstorm|p2a: \u60e1\u718a\u5669\u5922|[spread] p2a,p2b\n|-damage|p2a: \u60e1\u718a\u5669\u5922|0 fnt\n|-damage|p2b: Calyrex|39\/100\n|faint|p2a: \u60e1\u718a\u5669\u5922\n|move|p1b: Raging Bolt|Electroweb|p2b: Calyrex\n|-damage|p2b: Calyrex|7\/100\n|-unboost|p2b: Calyrex|spe|1\n|\n|upkeep\n|\n|t:|1738744549\n|switch|p2a: Whimsicott|Whimsicott, L50, F|100\/100\n|turn|6\n|\n|t:|1738744562\n|-terastallize|p2a: Whimsicott|Steel\n|move|p2b: Calyrex|Protect|p2b: Calyrex\n|-singleturn|p2b: Calyrex|Protect\n|move|p2a: Whimsicott|Fake Tears|p1a: Terapagos\n|-unboost|p1a: Terapagos|spd|2\n|move|p1b: Raging Bolt|Thunderclap||[still]\n|-fail|p1b: Raging Bolt\n|move|p1a: Terapagos|Tera Starstorm|p2b: Calyrex|[spread] p2a\n|-activate|p2b: Calyrex|move: Protect\n|-supereffective|p2a: Whimsicott\n|-damage|p2a: Whimsicott|0 fnt\n|faint|p2a: Whimsicott\n|\n|upkeep\n|turn|7\n|-message|nezuko fresh leg forfeited.\n|\n|win|zodipodi\n|raw|zodipodi's rating: 1541 &rarr; <strong>1567<\/strong><br \/>(+26 for winning)\n|raw|nezuko fresh leg's rating: 1646 &rarr; <strong>1620<\/strong><br \/>(-26 for losing)\n|l|\u2606nezuko fresh leg\n|player|p2|\n|l|\u2606zodipodi\n|player|p1|\n","uploadtime":1738744761,"views":5,"formatid":"gen9vgc2025regg","rating":1567,"private":0,"password":null}