{"id":"gen9vgc2025regg-2294499199","format":"[Gen 9] VGC 2025 Reg G","players":["xatseye","zonavideovigilada"],"log":"|j|\u2606xatseye\n|j|\u2606zonavideovigilada\n|t:|1738706842\n|gametype|doubles\n|player|p1|xatseye|265|1691\n|player|p2|zonavideovigilada|102|1648\n|teamsize|p1|6\n|teamsize|p2|6\n|gen|9\n|tier|[Gen 9] VGC 2025 Reg G\n|rated|\n|rule|Species Clause: Limit one of each Pok\u00e9mon\n|rule|Item Clause: Limit 1 of each item\n|clearpoke\n|poke|p1|Miraidon, L50|\n|poke|p1|Incineroar, L50, F|\n|poke|p1|Farigiraf, L50, M|\n|poke|p1|Grimmsnarl, L50, M|\n|poke|p1|Tornadus, L50, M|\n|poke|p1|Urshifu-*, L50, F|\n|poke|p2|Urshifu-*, L50, M|\n|poke|p2|Whimsicott, L50, M|\n|poke|p2|Miraidon, L50|\n|poke|p2|Iron Hands, L50|\n|poke|p2|Incineroar, L50, M|\n|poke|p2|Iron Leaves, L50|\n|teampreview|4\n|inactive|Battle timer is ON: inactive players will automatically lose when time's up. (requested by xatseye)\n|\n|t:|1738706867\n|start\n|switch|p1a: Incineroar|Incineroar, L50, F|100\/100\n|switch|p1b: Grimmsnarl|Grimmsnarl, L50, M|100\/100\n|switch|p2a: Miraidon|Miraidon, L50|100\/100\n|switch|p2b: Whimsicott|Whimsicott, L50, M|100\/100\n|-fieldstart|move: Electric Terrain|[from] ability: Hadron Engine|[of] p2a: Miraidon\n|-ability|p1a: Incineroar|Intimidate|boost\n|-unboost|p2a: Miraidon|atk|1\n|-unboost|p2b: Whimsicott|atk|1\n|turn|1\n|\n|t:|1738706882\n|move|p1b: Grimmsnarl|Light Screen|p1b: Grimmsnarl\n|-sidestart|p1: xatseye|move: Light Screen\n|move|p2a: Miraidon|Dazzling Gleam|p1b: Grimmsnarl|[spread] p1a,p1b\n|-supereffective|p1b: Grimmsnarl\n|-damage|p1a: Incineroar|84\/100\n|-damage|p1b: Grimmsnarl|44\/100\n|move|p2b: Whimsicott|Moonblast|p1b: Grimmsnarl\n|-supereffective|p1b: Grimmsnarl\n|-damage|p1b: Grimmsnarl|12\/100\n|move|p1a: Incineroar|Snarl|p2b: Whimsicott|[spread] p2a,p2b\n|-resisted|p2b: Whimsicott\n|-damage|p2a: Miraidon|90\/100\n|-damage|p2b: Whimsicott|94\/100\n|-unboost|p2a: Miraidon|spa|1\n|\n|upkeep\n|turn|2\n|inactive|zonavideovigilada has 30 seconds left.\n|inactive|zonavideovigilada has 20 seconds left.\n|\n|t:|1738706917\n|switch|p2a: Urshifu|Urshifu-Rapid-Strike, L50, M|100\/100\n|move|p1b: Grimmsnarl|Reflect|p1b: Grimmsnarl\n|-sidestart|p1: xatseye|Reflect\n|move|p2b: Whimsicott|Moonblast|p1b: Grimmsnarl\n|-supereffective|p1b: Grimmsnarl\n|-damage|p1b: Grimmsnarl|0 fnt\n|faint|p1b: Grimmsnarl\n|move|p1a: Incineroar|Flare Blitz|p2b: Whimsicott\n|-supereffective|p2b: Whimsicott\n|-damage|p2b: Whimsicott|0 fnt\n|faint|p2b: Whimsicott\n|-damage|p1a: Incineroar|59\/100|[from] Recoil\n|\n|upkeep\n|\n|t:|1738706935\n|switch|p2b: Miraidon|Miraidon, L50|90\/100\n|switch|p1b: Miraidon|Miraidon, L50|100\/100\n|-activate|p1b: Miraidon|ability: Hadron Engine\n|-activate|p2b: Miraidon|ability: Hadron Engine\n|turn|3\n|\n|t:|1738706953\n|-terastallize|p2b: Miraidon|Fairy\n|move|p1b: Miraidon|Volt Switch|p2b: Miraidon\n|-damage|p2b: Miraidon|5\/100\n|\n|t:|1738706957\n|switch|p1b: Farigiraf|Farigiraf, L50, M|100\/100|[from] Volt Switch\n|move|p2b: Miraidon|Dazzling Gleam|p1a: Incineroar|[spread] p1a,p1b\n|-damage|p1a: Incineroar|30\/100\n|-damage|p1b: Farigiraf|62\/100\n|move|p2a: Urshifu|Close Combat|p1b: Farigiraf\n|-damage|p1b: Farigiraf|25\/100\n|-unboost|p2a: Urshifu|def|1\n|-unboost|p2a: Urshifu|spd|1\n|move|p1a: Incineroar|Snarl|p2b: Miraidon|[spread] p2a,p2b\n|-resisted|p2a: Urshifu\n|-resisted|p2b: Miraidon\n|-damage|p2a: Urshifu|87\/100\n|-damage|p2b: Miraidon|0 fnt\n|-unboost|p2a: Urshifu|spa|1\n|faint|p2b: Miraidon\n|\n|upkeep\n|\n|t:|1738706964\n|switch|p2b: Iron Leaves|Iron Leaves, L50|100\/100\n|-activate|p2b: Iron Leaves|ability: Quark Drive\n|-start|p2b: Iron Leaves|quarkdrivespe\n|turn|4\n|j| Suffixussy\n|inactive|xatseye has 30 seconds left.\n|\n|t:|1738706999\n|-terastallize|p1a: Incineroar|Grass\n|move|p2b: Iron Leaves|Leaf Blade|p1b: Farigiraf\n|-damage|p1b: Farigiraf|0 fnt\n|faint|p1b: Farigiraf\n|-damage|p2b: Iron Leaves|91\/100|[from] item: Life Orb\n|move|p2a: Urshifu|Close Combat|p1a: Incineroar\n|-damage|p1a: Incineroar|0 fnt\n|-unboost|p2a: Urshifu|def|1\n|-unboost|p2a: Urshifu|spd|1\n|faint|p1a: Incineroar\n|\n|upkeep\n|\n|t:|1738707011\n|switch|p1b: Miraidon|Miraidon, L50|100\/100\n|-activate|p1b: Miraidon|ability: Hadron Engine\n|turn|5\n|l| Suffixussy\n|\n|t:|1738707030\n|move|p2a: Urshifu|Detect|p2a: Urshifu\n|-singleturn|p2a: Urshifu|Protect\n|move|p2b: Iron Leaves|Psyblade|p1b: Miraidon\n|-damage|p1b: Miraidon|54\/100\n|-damage|p2b: Iron Leaves|81\/100|[from] item: Life Orb\n|move|p1b: Miraidon|Dragon Pulse|p2a: Urshifu\n|-activate|p2a: Urshifu|move: Protect\n|\n|-fieldend|move: Electric Terrain\n|-end|p2b: Iron Leaves|Quark Drive\n|upkeep\n|turn|6\n|\n|t:|1738707051\n|move|p1b: Miraidon|Dragon Pulse|p2a: Urshifu\n|-damage|p2a: Urshifu|0 fnt\n|faint|p2a: Urshifu\n|move|p2b: Iron Leaves|Leaf Blade|p1b: Miraidon\n|-resisted|p1b: Miraidon\n|-crit|p1b: Miraidon\n|-damage|p1b: Miraidon|12\/100\n|-damage|p2b: Iron Leaves|72\/100|[from] item: Life Orb\n|\n|upkeep\n|turn|7\n|\n|t:|1738707061\n|move|p1b: Miraidon|Dragon Pulse|p2b: Iron Leaves\n|-damage|p2b: Iron Leaves|8\/100\n|move|p2b: Iron Leaves|Leaf Blade|p1b: Miraidon\n|-resisted|p1b: Miraidon\n|-damage|p1b: Miraidon|0 fnt\n|faint|p1b: Miraidon\n|-damage|p2b: Iron Leaves|0 fnt|[from] item: Life Orb\n|faint|p2b: Iron Leaves\n|-end|p2b: Iron Leaves|Quark Drive|[silent]\n|\n|win|zonavideovigilada\n|raw|xatseye's rating: 1691 &rarr; <strong>1669<\/strong><br \/>(-22 for losing)\n|raw|zonavideovigilada's rating: 1648 &rarr; <strong>1670<\/strong><br \/>(+22 for winning)\n|l|\u2606xatseye\n|player|p1|\n|l|\u2606zonavideovigilada\n|player|p2|\n","uploadtime":1738707241,"views":17,"formatid":"gen9vgc2025regg","rating":1669,"private":0,"password":null}