{"id":"gen9vgc2025regg-2294499627","format":"[Gen 9] VGC 2025 Reg G","players":["sleemo2","Evil Yarrack"],"log":"|j|\u2606sleemo2\n|j|\u2606Evil Yarrack\n|t:|1738706890\n|gametype|doubles\n|player|p1|sleemo2|102|1559\n|player|p2|Evil Yarrack|youngster-gen4dp|1576\n|teamsize|p1|6\n|teamsize|p2|6\n|gen|9\n|tier|[Gen 9] VGC 2025 Reg G\n|rated|\n|rule|Species Clause: Limit one of each Pok\u00e9mon\n|rule|Item Clause: Limit 1 of each item\n|clearpoke\n|poke|p1|Ogerpon-Wellspring, L50, F|\n|poke|p1|Landorus-Therian, L50, M|\n|poke|p1|Cresselia, L50, F|\n|poke|p1|Thundurus, L50, M|\n|poke|p1|Zamazenta-*, L50|\n|poke|p1|Ursaluna-Bloodmoon, L50, M|\n|poke|p2|Groudon, L50|\n|poke|p2|Sableye, L50, M|\n|poke|p2|Yanmega, L50, M|\n|poke|p2|Walking Wake, L50|\n|poke|p2|Entei, L50|\n|poke|p2|Chien-Pao, L50|\n|teampreview|4\n|inactive|Battle timer is ON: inactive players will automatically lose when time's up. (requested by Evil Yarrack)\n|inactive|sleemo2 has 60 seconds left.\n|\n|t:|1738706930\n|start\n|switch|p1a: Thundurus|Thundurus, L50, M|100\/100\n|switch|p1b: Ogerpon|Ogerpon-Wellspring, L50, F|100\/100\n|switch|p2a: Dr. Ziggurat|Sableye, L50, M|100\/100\n|switch|p2b: Janmega|Yanmega, L50, M|100\/100\n|turn|1\n|\n|t:|1738706946\n|move|p2a: Dr. Ziggurat|Fake Out|p1a: Thundurus\n|-damage|p1a: Thundurus|92\/100\n|move|p2b: Janmega|Air Slash|p1b: Ogerpon\n|-supereffective|p1b: Ogerpon\n|-damage|p1b: Ogerpon|35\/100\n|move|p1b: Ogerpon|Ivy Cudgel|p2a: Dr. Ziggurat|[anim] Ivy Cudgel Water\n|-damage|p2a: Dr. Ziggurat|25\/100\n|-enditem|p2a: Dr. Ziggurat|Eject Button\n|\n|t:|1738706950\n|switch|p2a: Walking Wake|Walking Wake, L50|100\/100\n|cant|p1a: Thundurus|flinch\n|\n|-ability|p2b: Janmega|Speed Boost|boost\n|-boost|p2b: Janmega|spe|1\n|upkeep\n|turn|2\n|\n|t:|1738706974\n|switch|p1b: Zamazenta|Zamazenta-Crowned, L50|100\/100\n|-ability|p1b: Zamazenta|Dauntless Shield|boost\n|-boost|p1b: Zamazenta|def|1\n|move|p1a: Thundurus|Thunder Wave|p2a: Walking Wake\n|-status|p2a: Walking Wake|par\n|move|p2b: Janmega|Air Slash|p1b: Zamazenta\n|-damage|p1b: Zamazenta|80\/100\n|move|p2a: Walking Wake|Draco Meteor|p1a: Thundurus\n|-damage|p1a: Thundurus|4\/100\n|-unboost|p2a: Walking Wake|spa|2\n|-enditem|p1a: Thundurus|Sitrus Berry|[eat]\n|-heal|p1a: Thundurus|29\/100|[from] item: Sitrus Berry\n|-damage|p2a: Walking Wake|91\/100 par|[from] item: Life Orb\n|\n|-ability|p2b: Janmega|Speed Boost|boost\n|-boost|p2b: Janmega|spe|1\n|upkeep\n|turn|3\n|\n|t:|1738706991\n|-end|p2a: Walking Wake|Protosynthesis|[silent]\n|switch|p2a: Dr. Ziggurat|Sableye, L50, M|25\/100\n|move|p2b: Janmega|Detect|p2b: Janmega\n|-singleturn|p2b: Janmega|Protect\n|move|p1b: Zamazenta|Body Press|p2a: Dr. Ziggurat\n|-immune|p2a: Dr. Ziggurat\n|move|p1a: Thundurus|Wildbolt Storm|p2b: Janmega|[spread] p2a\n|-activate|p2b: Janmega|move: Protect\n|-damage|p2a: Dr. Ziggurat|0 fnt\n|faint|p2a: Dr. Ziggurat\n|\n|-ability|p2b: Janmega|Speed Boost|boost\n|-boost|p2b: Janmega|spe|1\n|upkeep\n|\n|t:|1738707003\n|switch|p2a: Walking Wake|Walking Wake, L50|91\/100 par\n|turn|4\n|\n|t:|1738707019\n|switch|p1a: Ogerpon|Ogerpon-Wellspring, L50, F|35\/100\n|-terastallize|p2a: Walking Wake|Fire\n|move|p2b: Janmega|Tailwind|p2b: Janmega\n|-sidestart|p2: Evil Yarrack|move: Tailwind\n|move|p2a: Walking Wake|Flamethrower|p1b: Zamazenta\n|-supereffective|p1b: Zamazenta\n|-damage|p1b: Zamazenta|2\/100\n|-damage|p2a: Walking Wake|81\/100 par|[from] item: Life Orb\n|move|p1b: Zamazenta|Behemoth Bash|p2b: Janmega\n|-damage|p2b: Janmega|56\/100\n|\n|-ability|p2b: Janmega|Speed Boost|boost\n|-boost|p2b: Janmega|spe|1\n|upkeep\n|turn|5\n|\n|t:|1738707042\n|switch|p1b: Thundurus|Thundurus, L50, M|29\/100\n|-terastallize|p1a: Ogerpon|Water\n|detailschange|p1a: Ogerpon|Ogerpon-Wellspring-Tera, L50, F, tera:Water\n|-ability|p1a: Ogerpon|Embody Aspect (Wellspring)|boost\n|-boost|p1a: Ogerpon|spd|1\n|move|p2b: Janmega|Air Slash|p1a: Ogerpon\n|-damage|p1a: Ogerpon|13\/100\n|move|p2a: Walking Wake|Snarl|p1b: Thundurus|[spread] p1b\n|-miss|p2a: Walking Wake|p1a: Ogerpon\n|-damage|p1b: Thundurus|10\/100\n|-unboost|p1b: Thundurus|spa|1\n|-damage|p2a: Walking Wake|72\/100 par|[from] item: Life Orb\n|move|p1a: Ogerpon|Ivy Cudgel|p2a: Walking Wake|[anim] Ivy Cudgel Water\n|-supereffective|p2a: Walking Wake\n|-damage|p2a: Walking Wake|0 fnt\n|faint|p2a: Walking Wake\n|-end|p2a: Walking Wake|Protosynthesis|[silent]\n|\n|-ability|p2b: Janmega|Speed Boost|boost\n|-boost|p2b: Janmega|spe|1\n|upkeep\n|\n|t:|1738707055\n|switch|p2a: Groudon Ramsay|Groudon, L50|100\/100\n|-weather|SunnyDay|[from] ability: Drought|[of] p2a: Groudon Ramsay\n|turn|6\n|\n|t:|1738707064\n|move|p2b: Janmega|Detect|p2b: Janmega\n|-singleturn|p2b: Janmega|Protect\n|move|p1a: Ogerpon|Spiky Shield|p1a: Ogerpon\n|-singleturn|p1a: Ogerpon|move: Protect\n|move|p1b: Thundurus|Thunder Wave|p2b: Janmega\n|-activate|p2b: Janmega|move: Protect\n|move|p2a: Groudon Ramsay|Rock Slide|p1b: Thundurus|[spread] p1b\n|-activate|p1a: Ogerpon|move: Protect\n|-supereffective|p1b: Thundurus\n|-damage|p1b: Thundurus|0 fnt\n|faint|p1b: Thundurus\n|\n|-weather|SunnyDay|[upkeep]\n|-ability|p2b: Janmega|Speed Boost|boost\n|-boost|p2b: Janmega|spe|1\n|upkeep\n|\n|t:|1738707078\n|switch|p1b: Landorus|Landorus-Therian, L50, M|100\/100\n|-ability|p1b: Landorus|Intimidate|boost\n|-fail|p2a: Groudon Ramsay|unboost|[from] item: Clear Amulet|[of] p2a: Groudon Ramsay\n|-unboost|p2b: Janmega|atk|1\n|turn|7\n|\n|t:|1738707095\n|switch|p1a: Zamazenta|Zamazenta-Crowned, L50|2\/100\n|move|p2b: Janmega|Hypnosis|p1b: Landorus|[miss]\n|-miss|p2b: Janmega|p1b: Landorus\n|move|p1b: Landorus|Rock Slide|p2a: Groudon Ramsay|[spread] p2b\n|-miss|p1b: Landorus|p2a: Groudon Ramsay\n|-supereffective|p2b: Janmega\n|-damage|p2b: Janmega|0 fnt\n|faint|p2b: Janmega\n|move|p2a: Groudon Ramsay|Rock Slide|p1a: Zamazenta|[spread] p1a,p1b\n|-resisted|p1a: Zamazenta\n|-damage|p1a: Zamazenta|0 fnt\n|-damage|p1b: Landorus|71\/100\n|faint|p1a: Zamazenta\n|\n|-weather|SunnyDay|[upkeep]\n|-sideend|p2: Evil Yarrack|move: Tailwind\n|upkeep\n|\n|t:|1738707104\n|switch|p1a: Ogerpon|Ogerpon-Wellspring-Tera, L50, F, tera:Water|13\/100\n|-ability|p1a: Ogerpon|Embody Aspect (Wellspring)|boost\n|-boost|p1a: Ogerpon|spd|1\n|turn|8\n|\n|t:|1738707109\n|move|p1a: Ogerpon|Spiky Shield|p1a: Ogerpon\n|-singleturn|p1a: Ogerpon|move: Protect\n|move|p1b: Landorus|Rock Slide|p2a: Groudon Ramsay|[miss]\n|-miss|p1b: Landorus|p2a: Groudon Ramsay\n|move|p2a: Groudon Ramsay|Rock Slide|p1a: Ogerpon|[spread] p1b\n|-activate|p1a: Ogerpon|move: Protect\n|-damage|p1b: Landorus|45\/100\n|\n|-weather|SunnyDay|[upkeep]\n|upkeep\n|turn|9\n|\n|t:|1738707117\n|move|p1b: Landorus|Rock Slide|p2a: Groudon Ramsay|[miss]\n|-miss|p1b: Landorus|p2a: Groudon Ramsay\n|move|p1a: Ogerpon|Horn Leech|p2a: Groudon Ramsay\n|-supereffective|p2a: Groudon Ramsay\n|-damage|p2a: Groudon Ramsay|37\/100\n|-heal|p1a: Ogerpon|48\/100|[from] drain|[of] p2a: Groudon Ramsay\n|move|p2a: Groudon Ramsay|Rock Slide|p1b: Landorus|[spread] p1a,p1b\n|-damage|p1a: Ogerpon|20\/100\n|-damage|p1b: Landorus|18\/100\n|\n|-weather|SunnyDay|[upkeep]\n|upkeep\n|turn|10\n|\n|t:|1738707128\n|move|p1b: Landorus|Rock Slide|p2a: Groudon Ramsay\n|-resisted|p2a: Groudon Ramsay\n|-damage|p2a: Groudon Ramsay|27\/100\n|move|p1a: Ogerpon|Horn Leech|p2a: Groudon Ramsay\n|-supereffective|p2a: Groudon Ramsay\n|-damage|p2a: Groudon Ramsay|0 fnt\n|-heal|p1a: Ogerpon|34\/100|[from] drain|[of] p2a: Groudon Ramsay\n|faint|p2a: Groudon Ramsay\n|\n|win|sleemo2\n|raw|sleemo2's rating: 1559 &rarr; <strong>1579<\/strong><br \/>(+20 for winning)\n|raw|Evil Yarrack's rating: 1564 &rarr; <strong>1544<\/strong><br \/>(-20 for losing)\n|l|\u2606Evil Yarrack\n|player|p2|\n|l|\u2606sleemo2\n|player|p1|\n","uploadtime":1738707379,"views":12,"formatid":"gen9vgc2025regg","rating":1544,"private":0,"password":null}