{"id":"gen9vgc2025regg-2294723076","format":"[Gen 9] VGC 2025 Reg G","players":["Hoshinaaa","nezuko fresh leg"],"log":"|j|\u2606Hoshinaaa\n|j|\u2606nezuko fresh leg\n|t:|1738738518\n|gametype|doubles\n|player|p1|Hoshinaaa|rosa|1539\n|player|p2|nezuko fresh leg|tuberf|1747\n|teamsize|p1|6\n|teamsize|p2|6\n|gen|9\n|tier|[Gen 9] VGC 2025 Reg G\n|rated|\n|rule|Species Clause: Limit one of each Pok\u00e9mon\n|rule|Item Clause: Limit 1 of each item\n|clearpoke\n|poke|p1|Groudon, L50|\n|poke|p1|Flutter Mane, L50|\n|poke|p1|Amoonguss, L50, F|\n|poke|p1|Incineroar, L50, F|\n|poke|p1|Indeedee, L50, M|\n|poke|p1|Raging Bolt, L50|\n|poke|p2|Whimsicott, L50, M|\n|poke|p2|Indeedee-F, L50, F|\n|poke|p2|Calyrex-Shadow, L50|\n|poke|p2|Urshifu-*, L50, M|\n|poke|p2|Chi-Yu, L50|\n|poke|p2|Ogerpon-Wellspring, L50, F|\n|teampreview|4\n|inactive|Battle timer is ON: inactive players will automatically lose when time's up. (requested by Hoshinaaa)\nnezuko fresh leg has agreed to open team sheets.\n|\n|t:|1738738534\n|start\n|switch|p1a: Groudon|Groudon, L50|100\/100\n|switch|p1b: Incineroar|Incineroar, L50, F|100\/100\n|switch|p2a: Whimsicott|Whimsicott, L50, M|100\/100\n|switch|p2b: Chi-Yu|Chi-Yu, L50|100\/100\n|-ability|p2b: Chi-Yu|Beads of Ruin\n|-weather|SunnyDay|[from] ability: Drought|[of] p1a: Groudon\n|-ability|p1b: Incineroar|Intimidate|boost\n|-unboost|p2a: Whimsicott|atk|1\n|-unboost|p2b: Chi-Yu|atk|1\n|turn|1\n|\n|t:|1738738556\n|-terastallize|p1a: Groudon|Fire\n|move|p2b: Chi-Yu|Protect|p2b: Chi-Yu\n|-singleturn|p2b: Chi-Yu|Protect\n|move|p2a: Whimsicott|Tailwind|p2a: Whimsicott\n|-sidestart|p2: nezuko fresh leg|move: Tailwind\n|move|p1a: Groudon|Precipice Blades|p2b: Chi-Yu|[spread] p2a\n|-activate|p2b: Chi-Yu|move: Protect\n|-resisted|p2a: Whimsicott\n|-damage|p2a: Whimsicott|68\/100\n|move|p1b: Incineroar|Parting Shot|p2b: Chi-Yu\n|-activate|p2b: Chi-Yu|move: Protect\n|\n|-weather|SunnyDay|[upkeep]\n|upkeep\n|turn|2\n|inactive|Hoshinaaa has 30 seconds left.\n|\n|t:|1738738582\n|move|p2a: Whimsicott|Fake Tears|p1a: Groudon\n|-unboost|p1a: Groudon|spd|2\n|move|p2b: Chi-Yu|Dark Pulse|p1a: Groudon\n|-damage|p1a: Groudon|0 fnt\n|faint|p1a: Groudon\n|-damage|p2b: Chi-Yu|91\/100|[from] item: Life Orb\n|move|p1b: Incineroar|Parting Shot|p2b: Chi-Yu\n|-unboost|p2b: Chi-Yu|atk|1\n|-unboost|p2b: Chi-Yu|spa|1\n|\n|t:|1738738596\n|switch|p1b: Raging Bolt|Raging Bolt, L50|100\/100|[from] Parting Shot\n|-activate|p1b: Raging Bolt|ability: Protosynthesis\n|-start|p1b: Raging Bolt|protosynthesisspa\n|\n|-weather|SunnyDay|[upkeep]\n|upkeep\n|\n|t:|1738738610\n|switch|p1a: Incineroar|Incineroar, L50, F|100\/100\n|-ability|p1a: Incineroar|Intimidate|boost\n|-unboost|p2a: Whimsicott|atk|1\n|-unboost|p2b: Chi-Yu|atk|1\n|turn|3\n|\n|t:|1738738623\n|move|p2b: Chi-Yu|Protect|p2b: Chi-Yu\n|-singleturn|p2b: Chi-Yu|Protect\n|move|p1b: Raging Bolt|Protect|p1b: Raging Bolt\n|-singleturn|p1b: Raging Bolt|Protect\n|move|p2a: Whimsicott|Fake Tears|p1b: Raging Bolt\n|-activate|p1b: Raging Bolt|move: Protect\n|move|p1a: Incineroar|Flare Blitz|p2a: Whimsicott\n|-supereffective|p2a: Whimsicott\n|-damage|p2a: Whimsicott|0 fnt\n|faint|p2a: Whimsicott\n|-damage|p1a: Incineroar|82\/100|[from] Recoil\n|\n|-weather|SunnyDay|[upkeep]\n|upkeep\n|\n|t:|1738738630\n|switch|p2a: Calyrex|Calyrex-Shadow, L50|100\/100\n|-ability|p2a: Calyrex|As One\n|-ability|p2a: Calyrex|Unnerve\n|turn|4\n|inactive|Hoshinaaa has 30 seconds left.\n|\n|t:|1738738660\n|switch|p2b: \u60e1\u718a\u5669\u5922|Indeedee-F, L50, F|100\/100\n|-fieldstart|move: Psychic Terrain|[from] ability: Psychic Surge|[of] p2b: \u60e1\u718a\u5669\u5922\n|move|p2a: Calyrex|Protect|p2a: Calyrex\n|-singleturn|p2a: Calyrex|Protect\n|move|p1b: Raging Bolt|Thunderclap||[still]\n|-fail|p1b: Raging Bolt\n|move|p1a: Incineroar|Flare Blitz|p2a: Calyrex\n|-activate|p2a: Calyrex|move: Protect\n|\n|-weather|SunnyDay|[upkeep]\n|-sideend|p2: nezuko fresh leg|move: Tailwind\n|upkeep\n|turn|5\n|\n|t:|1738738676\n|move|p2b: \u60e1\u718a\u5669\u5922|Follow Me|p2b: \u60e1\u718a\u5669\u5922\n|-singleturn|p2b: \u60e1\u718a\u5669\u5922|move: Follow Me\n|move|p2a: Calyrex|Nasty Plot|p2a: Calyrex\n|-boost|p2a: Calyrex|spa|2\n|move|p1b: Raging Bolt|Weather Ball|p2b: \u60e1\u718a\u5669\u5922\n|-damage|p2b: \u60e1\u718a\u5669\u5922|7\/100\n|-damage|p1b: Raging Bolt|91\/100|[from] item: Life Orb\n|move|p1a: Incineroar|Parting Shot|p2b: \u60e1\u718a\u5669\u5922\n|-unboost|p2b: \u60e1\u718a\u5669\u5922|atk|1\n|-unboost|p2b: \u60e1\u718a\u5669\u5922|spa|1\n|\n|t:|1738738688\n|switch|p1a: Indeedee|Indeedee, L50, M|100\/100|[from] Parting Shot\n|\n|-weather|none\n|-end|p1b: Raging Bolt|Protosynthesis\n|upkeep\n|turn|6\n|\n|t:|1738738697\n|move|p2b: \u60e1\u718a\u5669\u5922|Helping Hand|p2a: Calyrex\n|-singleturn|p2a: Calyrex|Helping Hand|[of] p2b: \u60e1\u718a\u5669\u5922\n|move|p2a: Calyrex|Expanding Force|p1b: Raging Bolt|[spread] p1a,p1b\n|-resisted|p1a: Indeedee\n|-enditem|p1a: Indeedee|Focus Sash\n|-damage|p1a: Indeedee|1\/100\n|-damage|p1b: Raging Bolt|0 fnt\n|faint|p1b: Raging Bolt\n|-end|p1b: Raging Bolt|Protosynthesis|[silent]\n|-ability|p2a: Calyrex|Grim Neigh|boost\n|-boost|p2a: Calyrex|spa|1\n|move|p1a: Indeedee|Expanding Force|p2b: \u60e1\u718a\u5669\u5922|[spread] p2a,p2b\n|-resisted|p2a: Calyrex\n|-resisted|p2b: \u60e1\u718a\u5669\u5922\n|-damage|p2a: Calyrex|72\/100\n|-damage|p2b: \u60e1\u718a\u5669\u5922|0 fnt\n|faint|p2b: \u60e1\u718a\u5669\u5922\n|\n|upkeep\n|-message|Hoshinaaa forfeited.\n|\n|win|nezuko fresh leg\n|raw|Hoshinaaa's rating: 1539 &rarr; <strong>1530<\/strong><br \/>(-9 for losing)\n|raw|nezuko fresh leg's rating: 1747 &rarr; <strong>1756<\/strong><br \/>(+9 for winning)\n|l|\u2606Hoshinaaa\n|player|p1|\n|l|\u2606nezuko fresh leg\n|player|p2|\n","uploadtime":1738738961,"views":9,"formatid":"gen9vgc2025regg","rating":1530,"private":0,"password":null}