{"id":"gen9vgc2025regg-2294916455","format":"[Gen 9] VGC 2025 Reg G","players":["Dearp","koji muranishi"],"log":"|j|\u2606Dearp\n|j|\u2606koji muranishi\n|t:|1738768466\n|gametype|doubles\n|player|p1|Dearp|battlegirl|1597\n|player|p2|koji muranishi|101|1666\n|teamsize|p1|6\n|teamsize|p2|6\n|gen|9\n|tier|[Gen 9] VGC 2025 Reg G\n|rated|\n|rule|Species Clause: Limit one of each Pok\u00e9mon\n|rule|Item Clause: Limit 1 of each item\n|clearpoke\n|poke|p1|Tornadus, L50, M|\n|poke|p1|Ogerpon-Hearthflame, L50, F|\n|poke|p1|Smeargle, L50, F|\n|poke|p1|Terapagos, L50, M|\n|poke|p1|Dondozo, L50, F|\n|poke|p1|Tatsugiri-Droopy, L50, M|\n|poke|p2|Whimsicott, L50, F|\n|poke|p2|Calyrex-Ice, L50|\n|poke|p2|Urshifu-*, L50, M|\n|poke|p2|Entei, L50|\n|poke|p2|Raging Bolt, L50|\n|poke|p2|Landorus, L50, M|\n|teampreview|4\n|inactive|Battle timer is ON: inactive players will automatically lose when time's up. (requested by koji muranishi)\n|\n|t:|1738768502\n|start\n|switch|p1a: Terapagos|Terapagos, L50, M|100\/100\n|switch|p1b: Smeargle|Smeargle, L50, F|100\/100\n|switch|p2a: Whimsicott|Whimsicott, L50, F|100\/100\n|switch|p2b: Landorus|Landorus, L50, M|100\/100\n|-activate|p1a: Terapagos|ability: Tera Shift\n|detailschange|p1a: Terapagos|Terapagos-Terastal, L50, M\n|-heal|p1a: Terapagos|100\/100|[silent]\n|turn|1\n|\n|t:|1738768522\n|-terastallize|p1a: Terapagos|Stellar\n|detailschange|p1a: Terapagos|Terapagos-Stellar, L50, M, tera:Stellar\n|-heal|p1a: Terapagos|100\/100|[silent]\n|move|p2a: Whimsicott|Moonblast|p1a: Terapagos\n|-crit|p1a: Terapagos\n|-damage|p1a: Terapagos|61\/100\n|move|p2b: Landorus|Taunt|p1b: Smeargle\n|-start|p1b: Smeargle|move: Taunt\n|cant|p1b: Smeargle|move: Taunt|Decorate\n|move|p1a: Terapagos|Tera Starstorm|p2b: Landorus|[spread] p2a,p2b\n|-damage|p2a: Whimsicott|6\/100\n|-damage|p2b: Landorus|27\/100\n|\n|-ability|p1b: Smeargle|Moody|boost\n|-boost|p1b: Smeargle|spe|2\n|-unboost|p1b: Smeargle|atk|1\n|upkeep\n|turn|2\n|inactive|koji muranishi has 30 seconds left.\n|inactive|koji muranishi has 20 seconds left.\n|\n|t:|1738768558\n|switch|p1b: Tatsugiri|Tatsugiri-Droopy, L50, M|100\/100\n|move|p2b: Landorus|Protect|p2b: Landorus\n|-singleturn|p2b: Landorus|Protect\n|move|p2a: Whimsicott|Tailwind|p2a: Whimsicott\n|-sidestart|p2: koji muranishi|move: Tailwind\n|move|p1a: Terapagos|Tera Starstorm|p2b: Landorus|[spread] p2a\n|-activate|p2b: Landorus|move: Protect\n|-damage|p2a: Whimsicott|0 fnt\n|faint|p2a: Whimsicott\n|\n|upkeep\n|\n|t:|1738768573\n|switch|p2a: Calyrex|Calyrex-Ice, L50|100\/100\n|-ability|p2a: Calyrex|As One\n|-ability|p2a: Calyrex|Unnerve\n|turn|3\n|inactive|Dearp has 30 seconds left.\n|inactive|Dearp has 20 seconds left.\n|inactive|Dearp has 15 seconds left.\n|\n|t:|1738768617\n|switch|p2b: Raging Bolt|Raging Bolt, L50|100\/100\n|-enditem|p2b: Raging Bolt|Booster Energy\n|-activate|p2b: Raging Bolt|ability: Protosynthesis|[fromitem]\n|-start|p2b: Raging Bolt|protosynthesisspa\n|switch|p1a: Dondozo|Dondozo, L50, F|100\/100\n|-activate|p1b: Tatsugiri|ability: Commander|[of] p1a: Dondozo\n|-boost|p1a: Dondozo|atk|2\n|-boost|p1a: Dondozo|spa|2\n|-boost|p1a: Dondozo|spe|2\n|-boost|p1a: Dondozo|def|2\n|-boost|p1a: Dondozo|spd|2\n|-terastallize|p2a: Calyrex|Ice\n|move|p2a: Calyrex|Glacial Lance|p1b: Tatsugiri|[spread] p1a\n|-miss|p2a: Calyrex|p1b: Tatsugiri\n|-resisted|p1a: Dondozo\n|-damage|p1a: Dondozo|86\/100\n|\n|-heal|p1a: Dondozo|92\/100|[from] item: Leftovers\n|upkeep\n|turn|4\n|\n|t:|1738768641\n|move|p2b: Raging Bolt|Thunderbolt|p1a: Dondozo\n|-supereffective|p1a: Dondozo\n|-damage|p1a: Dondozo|23\/100\n|move|p2a: Calyrex|Glacial Lance|p1a: Dondozo|[spread] p1a\n|-miss|p2a: Calyrex|p1b: Tatsugiri\n|-resisted|p1a: Dondozo\n|-damage|p1a: Dondozo|9\/100\n|move|p1a: Dondozo|Body Press|p2a: Calyrex\n|-supereffective|p2a: Calyrex\n|-damage|p2a: Calyrex|30\/100\n|\n|-heal|p1a: Dondozo|15\/100|[from] item: Leftovers\n|upkeep\n|turn|5\n|\n|t:|1738768666\n|move|p2b: Raging Bolt|Thunderbolt|p1a: Dondozo\n|-supereffective|p1a: Dondozo\n|-damage|p1a: Dondozo|0 fnt\n|faint|p1a: Dondozo\n|move|p2a: Calyrex|Glacial Lance|p1b: Tatsugiri\n|-damage|p1b: Tatsugiri|0 fnt\n|faint|p1b: Tatsugiri\n|-ability|p2a: Calyrex|Chilling Neigh|boost\n|-boost|p2a: Calyrex|atk|1\n|\n|-sideend|p2: koji muranishi|move: Tailwind\n|upkeep\n|inactive|Dearp has 30 seconds left.\n|\n|t:|1738768699\n|switch|p1b: Smeargle|Smeargle, L50, F|100\/100\n|switch|p1a: Terapagos|Terapagos-Stellar, L50, M, tera:Stellar|61\/100\n|turn|6\n|\n|t:|1738768711\n|move|p2b: Raging Bolt|Protect|p2b: Raging Bolt\n|-singleturn|p2b: Raging Bolt|Protect\n|move|p1b: Smeargle|Decorate|p1a: Terapagos\n|-boost|p1a: Terapagos|atk|2\n|-boost|p1a: Terapagos|spa|2\n|move|p1a: Terapagos|Tera Starstorm|p2b: Raging Bolt|[spread] p2a\n|-activate|p2b: Raging Bolt|move: Protect\n|-supereffective|p2a: Calyrex\n|-damage|p2a: Calyrex|0 fnt\n|faint|p2a: Calyrex\n|\n|-ability|p1b: Smeargle|Moody|boost\n|-boost|p1b: Smeargle|def|2\n|-unboost|p1b: Smeargle|atk|1\n|upkeep\n|\n|t:|1738768727\n|switch|p2a: Landorus|Landorus, L50, M|27\/100\n|turn|7\n|\n|t:|1738768745\n|move|p1b: Smeargle|Follow Me|p1b: Smeargle\n|-singleturn|p1b: Smeargle|move: Follow Me\n|move|p2a: Landorus|Sandsear Storm|p1a: Terapagos|[spread] p1b\n|-miss|p2a: Landorus|p1a: Terapagos\n|-enditem|p1b: Smeargle|Focus Sash\n|-damage|p1b: Smeargle|1\/100\n|move|p1a: Terapagos|Tera Starstorm|p2a: Landorus|[spread] p2a,p2b\n|-damage|p2a: Landorus|0 fnt\n|-damage|p2b: Raging Bolt|0 fnt\n|faint|p2a: Landorus\n|faint|p2b: Raging Bolt\n|-end|p2b: Raging Bolt|Protosynthesis|[silent]\n|\n|win|Dearp\n|raw|Dearp's rating: 1576 &rarr; <strong>1601<\/strong><br \/>(+25 for winning)\n|raw|koji muranishi's rating: 1666 &rarr; <strong>1641<\/strong><br \/>(-25 for losing)\n|l|\u2606Dearp\n|player|p1|\n|l|\u2606koji muranishi\n|player|p2|\n|j|\u2606koji muranishi\n|player|p2|koji muranishi|101|\n|l|\u2606koji muranishi\n|player|p2|\n","uploadtime":1738768912,"views":10,"formatid":"gen9vgc2025regg","rating":1601,"private":0,"password":null}