{"id":"gen9vgc2025regg-2294952962","format":"[Gen 9] VGC 2025 Reg G","players":["Jameson Murray","monoma"],"log":"|j|\u2606Jameson Murray\n|j|\u2606monoma\n|t:|1738772162\n|gametype|doubles\n|player|p1|Jameson Murray|elesa|1562\n|player|p2|monoma|101|1587\n|teamsize|p1|6\n|teamsize|p2|6\n|gen|9\n|tier|[Gen 9] VGC 2025 Reg G\n|rated|\n|rule|Species Clause: Limit one of each Pok\u00e9mon\n|rule|Item Clause: Limit 1 of each item\n|clearpoke\n|poke|p1|Groudon, L50|\n|poke|p1|Ogerpon-Cornerstone, L50, F|\n|poke|p1|Volcarona, L50, F|\n|poke|p1|Urshifu-*, L50, F|\n|poke|p1|Raging Bolt, L50|\n|poke|p1|Gouging Fire, L50|\n|poke|p2|Miraidon, L50|\n|poke|p2|Iron Bundle, L50|\n|poke|p2|Kingambit, L50, F|\n|poke|p2|Dragonite, L50, F|\n|poke|p2|Urshifu-*, L50, F|\n|poke|p2|Incineroar, L50, F|\n|teampreview|4\n|inactive|Battle timer is ON: inactive players will automatically lose when time's up. (requested by monoma)\n|\n|t:|1738772188\n|start\n|switch|p1a: Raging Bolt|Raging Bolt, L50|100\/100\n|switch|p1b: Ogerpon|Ogerpon-Cornerstone, L50, F|100\/100\n|switch|p2a: Miraidon|Miraidon, L50|100\/100\n|switch|p2b: Iron Bundle|Iron Bundle, L50|100\/100\n|-fieldstart|move: Electric Terrain|[from] ability: Hadron Engine|[of] p2a: Miraidon\n|-activate|p2b: Iron Bundle|ability: Quark Drive\n|-start|p2b: Iron Bundle|quarkdrivespe\n|turn|1\n|inactive|monoma has 30 seconds left.\n|\n|t:|1738772222\n|-terastallize|p2a: Miraidon|Fairy\n|move|p1a: Raging Bolt|Thunderclap|p2b: Iron Bundle\n|-supereffective|p2b: Iron Bundle\n|-enditem|p2b: Iron Bundle|Focus Sash\n|-damage|p2b: Iron Bundle|1\/100\n|move|p2b: Iron Bundle|Icy Wind|p1b: Ogerpon|[spread] p1a,p1b\n|-supereffective|p1a: Raging Bolt\n|-supereffective|p1b: Ogerpon\n|-damage|p1a: Raging Bolt|78\/100\n|-damage|p1b: Ogerpon|50\/100\n|-unboost|p1a: Raging Bolt|spe|1\n|-unboost|p1b: Ogerpon|spe|1\n|move|p2a: Miraidon|Dazzling Gleam|p1b: Ogerpon|[spread] p1a,p1b\n|-supereffective|p1a: Raging Bolt\n|-damage|p1a: Raging Bolt|13\/100\n|-damage|p1b: Ogerpon|0 fnt\n|faint|p1b: Ogerpon\n|\n|upkeep\n|\n|t:|1738772238\n|switch|p1b: Groudon|Groudon, L50|100\/100\n|-weather|SunnyDay|[from] ability: Drought|[of] p1b: Groudon\n|-activate|p1a: Raging Bolt|ability: Protosynthesis\n|-start|p1a: Raging Bolt|protosynthesisspa\n|turn|2\n|\n|t:|1738772252\n|switch|p2a: Dragonite|Dragonite, L50, F|100\/100\n|-end|p1a: Raging Bolt|Protosynthesis|[silent]\n|switch|p1a: Volcarona|Volcarona, L50, F|100\/100\n|-terastallize|p1b: Groudon|Fire\n|move|p2b: Iron Bundle|Protect|p2b: Iron Bundle\n|-singleturn|p2b: Iron Bundle|Protect\n|move|p1b: Groudon|Precipice Blades|p2b: Iron Bundle|[spread] \n|-activate|p2b: Iron Bundle|move: Protect\n|-immune|p2a: Dragonite\n|\n|-weather|SunnyDay|[upkeep]\n|upkeep\n|turn|3\n|inactive|monoma has 30 seconds left.\n|\n|t:|1738772286\n|-end|p2b: Iron Bundle|Quark Drive|[silent]\n|switch|p2b: Incineroar|Incineroar, L50, F|100\/100\n|-ability|p2b: Incineroar|Intimidate|boost\n|-unboost|p1a: Volcarona|atk|1\n|-unboost|p1b: Groudon|atk|1\n|move|p2a: Dragonite|Scale Shot|p1a: Volcarona\n|-damage|p1a: Volcarona|87\/100\n|-crit|p1a: Volcarona\n|-damage|p1a: Volcarona|65\/100\n|-damage|p1a: Volcarona|50\/100\n|-damage|p1a: Volcarona|36\/100\n|-damage|p1a: Volcarona|22\/100\n|-hitcount|p1a: Volcarona|5\n|-unboost|p2a: Dragonite|def|1\n|-boost|p2a: Dragonite|spe|1\n|move|p1a: Volcarona|Tailwind|p1a: Volcarona\n|-sidestart|p1: Jameson Murray|move: Tailwind\n|move|p1b: Groudon|Heat Crash|p2b: Incineroar\n|-resisted|p2b: Incineroar\n|-damage|p2b: Incineroar|68\/100\n|-damage|p1b: Groudon|91\/100|[from] item: Life Orb\n|\n|-weather|SunnyDay|[upkeep]\n|upkeep\n|turn|4\n|inactive|monoma has 30 seconds left.\n|\n|t:|1738772313\n|move|p1a: Volcarona|Protect|p1a: Volcarona\n|-singleturn|p1a: Volcarona|Protect\n|move|p1b: Groudon|Protect|p1b: Groudon\n|-singleturn|p1b: Groudon|Protect\n|move|p2b: Incineroar|Fake Out|p1b: Groudon\n|-activate|p1b: Groudon|move: Protect\n|move|p2a: Dragonite|Scale Shot|p1a: Volcarona\n|-activate|p1a: Volcarona|move: Protect\n|\n|-weather|SunnyDay|[upkeep]\n|upkeep\n|turn|5\n|inactive|Jameson Murray has 30 seconds left.\n|inactive|monoma has 30 seconds left.\n|inactive|Jameson Murray has 20 seconds left.\n|inactive|Jameson Murray has 15 seconds left.\n|\n|t:|1738772363\n|move|p2a: Dragonite|Protect|p2a: Dragonite\n|-singleturn|p2a: Dragonite|Protect\n|move|p1a: Volcarona|Rage Powder|p1a: Volcarona\n|-singleturn|p1a: Volcarona|move: Rage Powder\n|move|p1b: Groudon|Precipice Blades|p2a: Dragonite|[spread] p2b\n|-activate|p2a: Dragonite|move: Protect\n|-supereffective|p2b: Incineroar\n|-damage|p2b: Incineroar|2\/100\n|-damage|p1b: Groudon|81\/100|[from] item: Life Orb\n|move|p2b: Incineroar|U-turn|p1a: Volcarona\n|-resisted|p1a: Volcarona\n|-damage|p1a: Volcarona|13\/100\n|-damage|p2b: Incineroar|0 fnt|[from] item: Rocky Helmet|[of] p1a: Volcarona\n|faint|p2b: Incineroar\n|\n|-weather|SunnyDay|[upkeep]\n|-fieldend|move: Electric Terrain\n|upkeep\n|\n|t:|1738772385\n|switch|p2b: Iron Bundle|Iron Bundle, L50|1\/100\n|turn|6\n|\n|t:|1738772397\n|move|p1a: Volcarona|Heat Wave|p2a: Dragonite|[spread] p2a,p2b\n|-resisted|p2a: Dragonite\n|-damage|p2a: Dragonite|87\/100\n|-damage|p2b: Iron Bundle|0 fnt\n|faint|p2b: Iron Bundle\n|-end|p2b: Iron Bundle|Quark Drive|[silent]\n|move|p1b: Groudon|Heat Crash|p2a: Dragonite\n|-resisted|p2a: Dragonite\n|-damage|p2a: Dragonite|15\/100\n|-damage|p1b: Groudon|72\/100|[from] item: Life Orb\n|move|p2a: Dragonite|Scale Shot|p1b: Groudon\n|-damage|p1b: Groudon|62\/100\n|-damage|p1b: Groudon|53\/100\n|-damage|p1b: Groudon|44\/100\n|-damage|p1b: Groudon|32\/100\n|-damage|p1b: Groudon|22\/100\n|-hitcount|p1b: Groudon|5\n|-unboost|p2a: Dragonite|def|1\n|-boost|p2a: Dragonite|spe|1\n|\n|-weather|none\n|-sideend|p1: Jameson Murray|move: Tailwind\n|upkeep\n|\n|t:|1738772418\n|switch|p2b: Miraidon|Miraidon, L50, tera:Fairy|100\/100\n|-fieldstart|move: Electric Terrain|[from] ability: Hadron Engine|[of] p2b: Miraidon\n|turn|7\n|-message|Jameson Murray forfeited.\n|\n|win|monoma\n|raw|Jameson Murray's rating: 1562 &rarr; <strong>1543<\/strong><br \/>(-19 for losing)\n|raw|monoma's rating: 1587 &rarr; <strong>1606<\/strong><br \/>(+19 for winning)\n|l|\u2606Jameson Murray\n|player|p1|\n|l|\u2606monoma\n|player|p2|\n","uploadtime":1738772660,"views":8,"formatid":"gen9vgc2025regg","rating":1543,"private":0,"password":null}