{"id":"gen9vgc2025regg-2294531080","format":"[Gen 9] VGC 2025 Reg G","players":["chappell murkroan","DimensionalFool"],"log":"|j|\u2606chappell murkroan\n|j|\u203dDimensionalFool\n|t:|1738710587\n|gametype|doubles\n|player|p1|chappell murkroan|caitlin|1666\n|player|p2|DimensionalFool|170|1618\n|teamsize|p1|6\n|teamsize|p2|6\n|gen|9\n|tier|[Gen 9] VGC 2025 Reg G\n|rated|\n|rule|Species Clause: Limit one of each Pok\u00e9mon\n|rule|Item Clause: Limit 1 of each item\n|clearpoke\n|poke|p1|Terapagos, L50, M|\n|poke|p1|Tsareena, L50, F|\n|poke|p1|Flutter Mane, L50|\n|poke|p1|Chi-Yu, L50|\n|poke|p1|Dondozo, L50, M|\n|poke|p1|Tatsugiri, L50, F|\n|poke|p2|Grimmsnarl, L50, M|\n|poke|p2|Landorus, L50, M|\n|poke|p2|Calyrex-Ice, L50|\n|poke|p2|Pelipper, L50, F|\n|poke|p2|Urshifu-*, L50, M|\n|poke|p2|Rillaboom, L50, F|\n|teampreview|4\n|inactive|Battle timer is ON: inactive players will automatically lose when time's up. (requested by chappell murkroan)\n|inactive|chappell murkroan has 60 seconds left.\n|inactive|DimensionalFool has 60 seconds left.\n|\n|t:|1738710627\n|start\n|switch|p1a: Terapagos|Terapagos, L50, M|100\/100\n|switch|p1b: Tsareena|Tsareena, L50, F|100\/100\n|switch|p2a: Calyrex|Calyrex-Ice, L50|100\/100\n|switch|p2b: Urshifu|Urshifu-Rapid-Strike, L50, M|100\/100\n|-activate|p1a: Terapagos|ability: Tera Shift\n|detailschange|p1a: Terapagos|Terapagos-Terastal, L50, M\n|-heal|p1a: Terapagos|100\/100|[silent]\n|-ability|p2a: Calyrex|As One\n|-ability|p2a: Calyrex|Unnerve\n|turn|1\n|inactive|DimensionalFool has 30 seconds left.\n|\n|t:|1738710657\n|-terastallize|p1a: Terapagos|Stellar\n|detailschange|p1a: Terapagos|Terapagos-Stellar, L50, M, tera:Stellar\n|-heal|p1a: Terapagos|100\/100|[silent]\n|move|p2b: Urshifu|Surging Strikes|p1a: Terapagos\n|-crit|p1a: Terapagos\n|-damage|p1a: Terapagos|86\/100\n|-crit|p1a: Terapagos\n|-damage|p1a: Terapagos|70\/100\n|-crit|p1a: Terapagos\n|-damage|p1a: Terapagos|54\/100\n|-hitcount|p1a: Terapagos|3\n|move|p1a: Terapagos|Tera Starstorm|p2a: Calyrex|[spread] p2a,p2b\n|-damage|p2a: Calyrex|73\/100\n|-damage|p2b: Urshifu|15\/100\n|move|p1b: Tsareena|Taunt|p2a: Calyrex\n|-start|p2a: Calyrex|move: Taunt\n|move|p2a: Calyrex|Glacial Lance|p1a: Terapagos|[spread] p1a,p1b\n|-supereffective|p1b: Tsareena\n|-damage|p1a: Terapagos|11\/100\n|-damage|p1b: Tsareena|0 fnt\n|faint|p1b: Tsareena\n|-ability|p2a: Calyrex|Chilling Neigh|boost\n|-boost|p2a: Calyrex|atk|1\n|\n|upkeep\n|\n|t:|1738710664\n|switch|p1b: Dondozo|Dondozo, L50, M|100\/100\n|turn|2\n|inactive|DimensionalFool has 30 seconds left.\n|inactive|DimensionalFool has 20 seconds left.\n|\n|t:|1738710701\n|switch|p2b: Rillaboom|Rillaboom, L50, F|100\/100\n|-fieldstart|move: Grassy Terrain|[from] ability: Grassy Surge|[of] p2b: Rillaboom\n|switch|p1a: Tatsugiri|Tatsugiri, L50, F|100\/100\n|-activate|p1a: Tatsugiri|ability: Commander|[of] p1b: Dondozo\n|-boost|p1b: Dondozo|atk|2\n|-boost|p1b: Dondozo|spa|2\n|-boost|p1b: Dondozo|spe|2\n|-boost|p1b: Dondozo|def|2\n|-boost|p1b: Dondozo|spd|2\n|move|p1b: Dondozo|Earthquake|p2a: Calyrex|[spread] p2a,p2b\n|-miss|p1b: Dondozo|p1a: Tatsugiri\n|-resisted|p2b: Rillaboom\n|-crit|p2b: Rillaboom\n|-damage|p2a: Calyrex|60\/100\n|-damage|p2b: Rillaboom|85\/100\n|move|p2a: Calyrex|Glacial Lance|p1b: Dondozo|[spread] p1b\n|-miss|p2a: Calyrex|p1a: Tatsugiri\n|-resisted|p1b: Dondozo\n|-damage|p1b: Dondozo|92\/100\n|\n|-heal|p1b: Dondozo|99\/100|[from] Grassy Terrain\n|-heal|p2b: Rillaboom|91\/100|[from] Grassy Terrain\n|-heal|p2a: Calyrex|66\/100|[from] Grassy Terrain\n|upkeep\n|turn|3\n|\n|t:|1738710719\n|move|p1b: Dondozo|Order Up|p2a: Calyrex\n|-crit|p2a: Calyrex\n|-damage|p2a: Calyrex|25\/100\n|-boost|p1b: Dondozo|atk|1\n|move|p2b: Rillaboom|Drum Beating|p1b: Dondozo\n|-supereffective|p1b: Dondozo\n|-damage|p1b: Dondozo|61\/100\n|-unboost|p1b: Dondozo|spe|1\n|move|p2a: Calyrex|Seed Bomb|p1b: Dondozo\n|-supereffective|p1b: Dondozo\n|-damage|p1b: Dondozo|34\/100\n|\n|-heal|p1b: Dondozo|40\/100|[from] Grassy Terrain\n|-heal|p2b: Rillaboom|97\/100|[from] Grassy Terrain\n|-heal|p2a: Calyrex|31\/100|[from] Grassy Terrain\n|-end|p2a: Calyrex|move: Taunt\n|upkeep\n|turn|4\n|\n|t:|1738710736\n|move|p1b: Dondozo|Order Up|p2b: Rillaboom\n|-damage|p2b: Rillaboom|43\/100\n|-boost|p1b: Dondozo|atk|1\n|move|p2b: Rillaboom|Drum Beating|p1b: Dondozo\n|-supereffective|p1b: Dondozo\n|-damage|p1b: Dondozo|6\/100\n|-unboost|p1b: Dondozo|spe|1\n|move|p2a: Calyrex|Glacial Lance|p1b: Dondozo|[spread] p1b\n|-miss|p2a: Calyrex|p1a: Tatsugiri\n|-resisted|p1b: Dondozo\n|-damage|p1b: Dondozo|0 fnt\n|faint|p1b: Dondozo\n|-ability|p2a: Calyrex|Chilling Neigh|boost\n|-boost|p2a: Calyrex|atk|1\n|\n|-heal|p2b: Rillaboom|49\/100|[from] Grassy Terrain\n|-heal|p2a: Calyrex|37\/100|[from] Grassy Terrain\n|upkeep\n|\n|t:|1738710739\n|switch|p1b: Terapagos|Terapagos-Stellar, L50, M, tera:Stellar|11\/100\n|turn|5\n|\n|t:|1738710756\n|-terastallize|p2a: Calyrex|Water\n|move|p2b: Rillaboom|Grassy Glide|p1b: Terapagos\n|-damage|p1b: Terapagos|0 fnt\n|faint|p1b: Terapagos\n|move|p1a: Tatsugiri|Muddy Water|p2b: Rillaboom|[spread] p2b\n|-miss|p1a: Tatsugiri|p2a: Calyrex\n|-resisted|p2b: Rillaboom\n|-damage|p2b: Rillaboom|29\/100\n|move|p2a: Calyrex|Glacial Lance|p1a: Tatsugiri\n|-enditem|p1a: Tatsugiri|Focus Sash\n|-damage|p1a: Tatsugiri|1\/100\n|\n|-heal|p1a: Tatsugiri|7\/100|[from] Grassy Terrain\n|-heal|p2b: Rillaboom|36\/100|[from] Grassy Terrain\n|-heal|p2a: Calyrex|43\/100|[from] Grassy Terrain\n|upkeep\n|turn|6\n|-message|chappell murkroan forfeited.\n|\n|win|DimensionalFool\n|raw|chappell murkroan's rating: 1666 &rarr; <strong>1643<\/strong><br \/>(-23 for losing)\n|raw|DimensionalFool's rating: 1618 &rarr; <strong>1641<\/strong><br \/>(+23 for winning)\n|l|\u2606chappell murkroan\n|player|p1|\n|l|\u203dDimensionalFool\n|player|p2|\n","uploadtime":1738710976,"views":17,"formatid":"gen9vgc2025regg","rating":1641,"private":0,"password":null}