{"id":"gen9vgc2025regg-2294113703","format":"[Gen 9] VGC 2025 Reg G","players":["Lacossg","501JFW"],"log":"|j|\u2606Lacossg\n|j|\u203d501JFW\n|t:|1738663082\n|gametype|doubles\n|player|p1|Lacossg|266|1617\n|player|p2|501JFW|170|1513\n|teamsize|p1|6\n|teamsize|p2|6\n|gen|9\n|tier|[Gen 9] VGC 2025 Reg G\n|rated|\n|rule|Species Clause: Limit one of each Pok\u00e9mon\n|rule|Item Clause: Limit 1 of each item\n|clearpoke\n|poke|p1|Ditto, L50|\n|poke|p1|Lunala, L50|\n|poke|p1|Indeedee-F, L50, F|\n|poke|p1|Roaring Moon, L50|\n|poke|p1|Urshifu-*, L50, F|\n|poke|p1|Ursaluna, L50, M|\n|poke|p2|Lunala, L50|\n|poke|p2|Rillaboom, L50, M|\n|poke|p2|Urshifu-*, L50, F|\n|poke|p2|Umbreon, L50, M|\n|poke|p2|Chi-Yu, L50|\n|poke|p2|Tornadus, L50, M|\n|teampreview|4\n|inactive|Battle timer is ON: inactive players will automatically lose when time's up. (requested by 501JFW)\n|j| Z0mbie_horse21\n|l| Z0mbie_horse21\n|inactive|Lacossg has 60 seconds left.\n|inactive|501JFW has 60 seconds left.\n|\n|t:|1738663129\n|start\n|switch|p1a: Roaring Moon|Roaring Moon, L50|100\/100\n|switch|p1b: Urshifu|Urshifu-Rapid-Strike, L50, F|100\/100\n|switch|p2a: Lunala|Lunala, L50, shiny|100\/100\n|switch|p2b: Umbreon|Umbreon, L50, M, shiny|100\/100\n|-enditem|p1a: Roaring Moon|Booster Energy\n|-activate|p1a: Roaring Moon|ability: Protosynthesis|[fromitem]\n|-start|p1a: Roaring Moon|protosynthesisspe\n|turn|1\n|\n|t:|1738663151\n|-terastallize|p1b: Urshifu|Water\n|-terastallize|p2a: Lunala|Fairy\n|move|p1a: Roaring Moon|Knock Off|p2a: Lunala\n|-resisted|p2a: Lunala\n|-damage|p2a: Lunala|92\/100\n|-enditem|p2a: Lunala|Leftovers|[from] move: Knock Off|[of] p1a: Roaring Moon\n|move|p1b: Urshifu|Surging Strikes|p2a: Lunala\n|-crit|p2a: Lunala\n|-damage|p2a: Lunala|64\/100\n|-crit|p2a: Lunala\n|-damage|p2a: Lunala|33\/100\n|-crit|p2a: Lunala\n|-damage|p2a: Lunala|8\/100\n|-hitcount|p2a: Lunala|3\n|-damage|p1b: Urshifu|91\/100|[from] item: Life Orb\n|move|p2a: Lunala|Moonblast|p1b: Urshifu\n|-damage|p1b: Urshifu|9\/100\n|move|p2b: Umbreon|Reflect|p2b: Umbreon\n|-sidestart|p2: 501JFW|Reflect\n|\n|upkeep\n|turn|2\n|inactive|Lacossg has 30 seconds left.\n|inactive|Lacossg has 20 seconds left.\n|inactive|Lacossg has 15 seconds left.\n|\n|t:|1738663192\n|move|p2a: Lunala|Protect|p2a: Lunala\n|-singleturn|p2a: Lunala|Protect\n|move|p1a: Roaring Moon|Knock Off|p2a: Lunala\n|-activate|p2a: Lunala|move: Protect\n|move|p1b: Urshifu|Surging Strikes|p2b: Umbreon\n|-crit|p2b: Umbreon\n|-damage|p2b: Umbreon|75\/100\n|-crit|p2b: Umbreon\n|-damage|p2b: Umbreon|47\/100\n|-enditem|p2b: Umbreon|Sitrus Berry|[eat]\n|-heal|p2b: Umbreon|72\/100|[from] item: Sitrus Berry\n|-crit|p2b: Umbreon\n|-damage|p2b: Umbreon|45\/100\n|-hitcount|p2b: Umbreon|3\n|-damage|p1b: Urshifu|0 fnt|[from] item: Life Orb\n|faint|p1b: Urshifu\n|move|p2b: Umbreon|Foul Play|p1a: Roaring Moon\n|-resisted|p1a: Roaring Moon\n|-damage|p1a: Roaring Moon|73\/100\n|\n|upkeep\n|\n|t:|1738663210\n|switch|p1b: Ditto|Ditto, L50|100\/100\n|-transform|p1b: Ditto|p2a: Lunala|[from] ability: Imposter\n|-start|p1b: Ditto|typechange|Psychic\/Ghost|[silent]\n|turn|3\n|\n|t:|1738663221\n|move|p1a: Roaring Moon|Tailwind|p1a: Roaring Moon\n|-sidestart|p1: Lacossg|move: Tailwind\n|move|p1b: Ditto|Moonblast|p2a: Lunala\n|-damage|p2a: Lunala|0 fnt\n|faint|p2a: Lunala\n|move|p2b: Umbreon|Foul Play|p1b: Ditto\n|-supereffective|p1b: Ditto\n|-damage|p1b: Ditto|30\/100\n|\n|upkeep\n|\n|t:|1738663240\n|switch|p2a: Rillaboom|Rillaboom, L50, M, shiny|100\/100\n|-fieldstart|move: Grassy Terrain|[from] ability: Grassy Surge|[of] p2a: Rillaboom\n|turn|4\n|\n|t:|1738663251\n|move|p1b: Ditto|Protect|p1b: Ditto\n|-singleturn|p1b: Ditto|Protect\n|move|p1a: Roaring Moon|Knock Off|p2a: Rillaboom\n|-damage|p2a: Rillaboom|69\/100\n|-enditem|p2a: Rillaboom|Assault Vest|[from] move: Knock Off|[of] p1a: Roaring Moon\n|move|p2a: Rillaboom|Wood Hammer|p1b: Ditto\n|-activate|p1b: Ditto|move: Protect\n|move|p2b: Umbreon|Toxic|p1a: Roaring Moon\n|-status|p1a: Roaring Moon|tox\n|\n|-heal|p1a: Roaring Moon|79\/100 tox|[from] Grassy Terrain\n|-heal|p1b: Ditto|35\/100|[from] Grassy Terrain\n|-heal|p2a: Rillaboom|75\/100|[from] Grassy Terrain\n|-heal|p2b: Umbreon|51\/100|[from] Grassy Terrain\n|-damage|p1a: Roaring Moon|73\/100 tox|[from] psn\n|upkeep\n|turn|5\n|inactive|Lacossg has 30 seconds left.\n|\n|t:|1738663280\n|switch|p1b: Lunala|Lunala, L50|100\/100\n|move|p1a: Roaring Moon|Taunt|p2b: Umbreon\n|-start|p2b: Umbreon|move: Taunt\n|move|p2a: Rillaboom|U-turn|p1a: Roaring Moon\n|-supereffective|p1a: Roaring Moon\n|-damage|p1a: Roaring Moon|14\/100 tox\n|\n|t:|1738663288\n|switch|p2a: Urshifu|Urshifu-Rapid-Strike, L50, F|100\/100|[from] U-turn\n|move|p2b: Umbreon|Foul Play|p1b: Lunala\n|-supereffective|p1b: Lunala\n|-damage|p1b: Lunala|53\/100\n|\n|-heal|p1a: Roaring Moon|21\/100 tox|[from] Grassy Terrain\n|-heal|p1b: Lunala|59\/100|[from] Grassy Terrain\n|-heal|p2b: Umbreon|57\/100|[from] Grassy Terrain\n|-damage|p1a: Roaring Moon|8\/100 tox|[from] psn\n|-sideend|p2: 501JFW|Reflect\n|upkeep\n|turn|6\n|\n|t:|1738663307\n|-end|p1a: Roaring Moon|Protosynthesis|[silent]\n|switch|p1a: Ditto|Ditto, L50|35\/100\n|-transform|p1a: Ditto|p2b: Umbreon|[from] ability: Imposter\n|move|p2a: Urshifu|Aqua Jet|p1a: Ditto\n|-damage|p1a: Ditto|14\/100\n|move|p1b: Lunala|Meteor Beam||[still]\n|-prepare|p1b: Lunala|Meteor Beam\n|-boost|p1b: Lunala|spa|1\n|-enditem|p1b: Lunala|Power Herb\n|-anim|p1b: Lunala|Meteor Beam|p2b: Umbreon|[miss]\n|-miss|p1b: Lunala|p2b: Umbreon\n|move|p2b: Umbreon|Foul Play|p1b: Lunala\n|-supereffective|p1b: Lunala\n|-damage|p1b: Lunala|0 fnt\n|faint|p1b: Lunala\n|\n|-heal|p1a: Ditto|20\/100|[from] Grassy Terrain\n|-heal|p2b: Umbreon|63\/100|[from] Grassy Terrain\n|-sideend|p1: Lacossg|move: Tailwind\n|upkeep\n|\n|t:|1738663318\n|switch|p1b: Roaring Moon|Roaring Moon, L50|8\/100 tox\n|turn|7\n|-message|Lacossg forfeited.\n|\n|win|501JFW\n|raw|Lacossg's rating: 1617 &rarr; <strong>1591<\/strong><br \/>(-26 for losing)\n|raw|501JFW's rating: 1513 &rarr; <strong>1539<\/strong><br \/>(+26 for winning)\n|l|\u2606Lacossg\n|player|p1|\n|l|\u203d501JFW\n|player|p2|\n","uploadtime":1738663472,"views":17,"formatid":"gen9vgc2025regg","rating":1539,"private":0,"password":null}