{"id":"gen9vgc2025regg-2295946892","format":"[Gen 9] VGC 2025 Reg G","players":["GucciSoup","roykeenkennedy"],"log":"|j|\u2606GucciSoup\n|j|\u2606roykeenkennedy\n|t:|1738895568\n|gametype|doubles\n|player|p1|GucciSoup|wallace|1607\n|player|p2|roykeenkennedy|alder|1642\n|teamsize|p1|6\n|teamsize|p2|6\n|gen|9\n|tier|[Gen 9] VGC 2025 Reg G\n|rated|\n|rule|Species Clause: Limit one of each Pok\u00e9mon\n|rule|Item Clause: Limit 1 of each item\n|clearpoke\n|poke|p1|Miraidon, L50|\n|poke|p1|Incineroar, L50, F|\n|poke|p1|Goodra-Hisui, L50, M|\n|poke|p1|Grimmsnarl, L50, M|\n|poke|p1|Pelipper, L50, F|\n|poke|p1|Landorus, L50, M|\n|poke|p2|Torkoal, L50, F|\n|poke|p2|Raging Bolt, L50|\n|poke|p2|Incineroar, L50, M|\n|poke|p2|Ogerpon-Cornerstone, L50, F|\n|poke|p2|Annihilape, L50, F|\n|poke|p2|Calyrex-Ice, L50|\n|teampreview|4\n|\n|t:|1738895610\n|start\n|switch|p1a: Kendrick|Incineroar, L50, F|100\/100\n|switch|p1b: Metal Overlord|Miraidon, L50|100\/100\n|switch|p2a: Annihilape|Annihilape, L50, F|100\/100\n|switch|p2b: Calyrex|Calyrex-Ice, L50|100\/100\n|-ability|p2b: Calyrex|As One\n|-ability|p2b: Calyrex|Unnerve\n|-fieldstart|move: Electric Terrain|[from] ability: Hadron Engine|[of] p1b: Metal Overlord\n|-enditem|p1b: Metal Overlord|Electric Seed\n|-boost|p1b: Metal Overlord|def|1|[from] item: Electric Seed\n|-ability|p1a: Kendrick|Intimidate|boost\n|-unboost|p2a: Annihilape|atk|1\n|-ability|p2a: Annihilape|Defiant|boost\n|-boost|p2a: Annihilape|atk|2\n|-fail|p2b: Calyrex|unboost|[from] item: Clear Amulet|[of] p2b: Calyrex\n|turn|1\n|\n|t:|1738895639\n|move|p2a: Annihilape|Final Gambit|p1b: Metal Overlord\n|-damage|p1b: Metal Overlord|0 fnt\n|faint|p2a: Annihilape\n|faint|p1b: Metal Overlord\n|move|p1a: Kendrick|Roar|p2b: Calyrex\n|drag|p2b: Torkoal|Torkoal, L50, F|100\/100\n|-weather|SunnyDay|[from] ability: Drought|[of] p2b: Torkoal\n|\n|-weather|SunnyDay|[upkeep]\n|upkeep\n|\n|t:|1738895652\n|switch|p1b: Goochi|Goodra-Hisui, L50, M|100\/100\n|switch|p2a: Raging Bolt|Raging Bolt, L50|100\/100\n|-activate|p2a: Raging Bolt|ability: Protosynthesis\n|-start|p2a: Raging Bolt|protosynthesisspa\n|turn|2\n|\n|t:|1738895672\n|switch|p1a: Cpt. Planet|Pelipper, L50, F|100\/100\n|-weather|RainDance|[from] ability: Drizzle|[of] p1a: Cpt. Planet\n|-end|p2a: Raging Bolt|Protosynthesis\n|-terastallize|p2a: Raging Bolt|Electric\n|move|p2a: Raging Bolt|Thunderbolt|p1a: Cpt. Planet\n|-supereffective|p1a: Cpt. Planet\n|-enditem|p1a: Cpt. Planet|Focus Sash\n|-damage|p1a: Cpt. Planet|1\/100\n|-damage|p2a: Raging Bolt|91\/100|[from] item: Life Orb\n|move|p1b: Goochi|Acid Armor|p1b: Goochi\n|-boost|p1b: Goochi|def|2\n|move|p2b: Torkoal|Eruption|p1b: Goochi|[spread] p1a,p1b\n|-resisted|p1a: Cpt. Planet\n|-damage|p1a: Cpt. Planet|0 fnt\n|-damage|p1b: Goochi|82\/100\n|faint|p1a: Cpt. Planet\n|\n|-weather|RainDance|[upkeep]\n|upkeep\n|\n|t:|1738895689\n|switch|p1a: Kendrick|Incineroar, L50, F|100\/100\n|-ability|p1a: Kendrick|Intimidate|boost\n|-unboost|p2a: Raging Bolt|atk|1\n|-unboost|p2b: Torkoal|atk|1\n|turn|3\n|\n|t:|1738895713\n|switch|p2b: Calyrex|Calyrex-Ice, L50|100\/100\n|-ability|p2b: Calyrex|As One\n|-ability|p2b: Calyrex|Unnerve\n|move|p2a: Raging Bolt|Protect|p2a: Raging Bolt\n|-singleturn|p2a: Raging Bolt|Protect\n|move|p1a: Kendrick|Knock Off|p2a: Raging Bolt\n|-activate|p2a: Raging Bolt|move: Protect\n|move|p1b: Goochi|Body Press|p2a: Raging Bolt\n|-activate|p2a: Raging Bolt|move: Protect\n|\n|-weather|RainDance|[upkeep]\n|upkeep\n|turn|4\n|\n|t:|1738895751\n|switch|p2b: Torkoal|Torkoal, L50, F|100\/100\n|-weather|SunnyDay|[from] ability: Drought|[of] p2b: Torkoal\n|-activate|p2a: Raging Bolt|ability: Protosynthesis\n|-start|p2a: Raging Bolt|protosynthesisspa\n|move|p2a: Raging Bolt|Draco Meteor|p1b: Goochi\n|-damage|p1b: Goochi|6\/100\n|-unboost|p2a: Raging Bolt|spa|2\n|-damage|p2a: Raging Bolt|81\/100|[from] item: Life Orb\n|move|p1b: Goochi|Acid Armor|p1b: Goochi\n|-boost|p1b: Goochi|def|2\n|move|p1a: Kendrick|Roar|p2b: Torkoal\n|drag|p2b: Calyrex|Calyrex-Ice, L50|100\/100\n|-ability|p2b: Calyrex|As One\n|-ability|p2b: Calyrex|Unnerve\n|\n|-weather|SunnyDay|[upkeep]\n|upkeep\n|turn|5\n|-message|GucciSoup forfeited.\n|\n|win|roykeenkennedy\n|raw|GucciSoup's rating: 1607 &rarr; <strong>1589<\/strong><br \/>(-18 for losing)\n|raw|roykeenkennedy's rating: 1642 &rarr; <strong>1660<\/strong><br \/>(+18 for winning)\n|l|\u2606GucciSoup\n|player|p1|\n|l|\u2606roykeenkennedy\n|player|p2|\n","uploadtime":1738895909,"views":6,"formatid":"gen9vgc2025regg","rating":1589,"private":0,"password":null}