{"id":"gen9vgc2025regg-2295003932","format":"[Gen 9] VGC 2025 Reg G","players":["testy accounty 2","Prometheus756"],"log":"|j|\u2606testy accounty 2\n|j|\u2606Prometheus756\n|t:|1738777156\n|gametype|doubles\n|player|p1|testy accounty 2|101|1545\n|player|p2|Prometheus756|gentleman-gen4dp|1567\n|teamsize|p1|6\n|teamsize|p2|6\n|gen|9\n|tier|[Gen 9] VGC 2025 Reg G\n|rated|\n|rule|Species Clause: Limit one of each Pok\u00e9mon\n|rule|Item Clause: Limit 1 of each item\n|clearpoke\n|poke|p1|Kyogre, L50|\n|poke|p1|Incineroar, L50, M|\n|poke|p1|Urshifu-*, L50, M|\n|poke|p1|Rillaboom, L50, M|\n|poke|p1|Amoonguss, L50, M|\n|poke|p1|Roaring Moon, L50|\n|poke|p2|Roaring Moon, L50|\n|poke|p2|Miraidon, L50|\n|poke|p2|Whimsicott, L50, F|\n|poke|p2|Dondozo, L50, M|\n|poke|p2|Tatsugiri, L50, F|\n|poke|p2|Entei, L50|\n|teampreview|4\n|inactive|Battle timer is ON: inactive players will automatically lose when time's up. (requested by Prometheus756)\ntesty accounty 2 has agreed to open team sheets.\n|inactive|testy accounty 2 has 60 seconds left.\n|inactive|testy accounty 2 has 30 seconds left.\n|inactive|testy accounty 2 has 20 seconds left.\n|inactive|testy accounty 2 has 15 seconds left.\n|inactive|testy accounty 2 has 10 seconds left.\n|\n|t:|1738777238\n|start\n|switch|p1a: Kyogre|Kyogre, L50|100\/100\n|switch|p1b: Kenny|Rillaboom, L50, M|100\/100\n|switch|p2a: Miraidon|Miraidon, L50|100\/100\n|switch|p2b: Whimsicott|Whimsicott, L50, F|100\/100\n|-fieldstart|move: Electric Terrain|[from] ability: Hadron Engine|[of] p2a: Miraidon\n|-weather|RainDance|[from] ability: Drizzle|[of] p1a: Kyogre\n|-fieldstart|move: Grassy Terrain|[from] ability: Grassy Surge|[of] p1b: Kenny\n|turn|1\n|inactive|testy accounty 2 has 30 seconds left.\n|inactive|Prometheus756 has 30 seconds left.\n|inactive|testy accounty 2 has 20 seconds left.\n|\n|t:|1738777275\n|-terastallize|p1a: Kyogre|Grass\n|move|p2a: Miraidon|Electro Drift|p1a: Kyogre\n|-resisted|p1a: Kyogre\n|-damage|p1a: Kyogre|83\/100\n|move|p1a: Kyogre|Origin Pulse|p2a: Miraidon|[spread] p2a,p2b\n|-resisted|p2a: Miraidon\n|-resisted|p2b: Whimsicott\n|-damage|p2a: Miraidon|70\/100\n|-damage|p2b: Whimsicott|51\/100\n|move|p2b: Whimsicott|Moonblast|p1a: Kyogre\n|-damage|p1a: Kyogre|66\/100\n|move|p1b: Kenny|Wood Hammer|p2a: Miraidon\n|-resisted|p2a: Miraidon\n|-damage|p2a: Miraidon|25\/100\n|-damage|p1b: Kenny|87\/100|[from] Recoil\n|\n|-weather|RainDance|[upkeep]\n|-heal|p2a: Miraidon|31\/100|[from] Grassy Terrain\n|-heal|p1a: Kyogre|72\/100|[from] Grassy Terrain\n|-heal|p1a: Kyogre|78\/100|[from] item: Leftovers\n|-heal|p2b: Whimsicott|57\/100|[from] Grassy Terrain\n|-heal|p1b: Kenny|93\/100|[from] Grassy Terrain\n|upkeep\n|turn|2\n|inactive|testy accounty 2 has 30 seconds left.\n|inactive|Prometheus756 has 30 seconds left.\n|inactive|testy accounty 2 has 20 seconds left.\n|\n|t:|1738777313\n|move|p2b: Whimsicott|Tailwind|p2b: Whimsicott\n|-sidestart|p2: Prometheus756|move: Tailwind\n|move|p2a: Miraidon|Volt Switch|p1a: Kyogre\n|-resisted|p1a: Kyogre\n|-damage|p1a: Kyogre|66\/100\n|\n|t:|1738777319\n|switch|p2a: Roaring Moon|Roaring Moon, L50|100\/100|[from] Volt Switch\n|-enditem|p2a: Roaring Moon|Booster Energy\n|-activate|p2a: Roaring Moon|ability: Protosynthesis|[fromitem]\n|-start|p2a: Roaring Moon|protosynthesisspe\n|move|p1a: Kyogre|Origin Pulse|p2b: Whimsicott|[spread] p2a,p2b\n|-resisted|p2a: Roaring Moon\n|-resisted|p2b: Whimsicott\n|-damage|p2a: Roaring Moon|68\/100\n|-damage|p2b: Whimsicott|14\/100\n|move|p1b: Kenny|Wood Hammer|p2a: Roaring Moon\n|-resisted|p2a: Roaring Moon\n|-damage|p2a: Roaring Moon|17\/100\n|-damage|p1b: Kenny|78\/100|[from] Recoil\n|\n|-weather|RainDance|[upkeep]\n|-heal|p2a: Roaring Moon|23\/100|[from] Grassy Terrain\n|-heal|p2b: Whimsicott|20\/100|[from] Grassy Terrain\n|-heal|p1a: Kyogre|72\/100|[from] Grassy Terrain\n|-heal|p1a: Kyogre|78\/100|[from] item: Leftovers\n|-heal|p1b: Kenny|84\/100|[from] Grassy Terrain\n|upkeep\n|turn|3\n|inactive|testy accounty 2 has 30 seconds left.\n|inactive|Prometheus756 has 30 seconds left.\n|j| RedPlaysVGc\n|inactive|testy accounty 2 has 20 seconds left.\n|l| RedPlaysVGc\n|inactive|testy accounty 2 has 15 seconds left.\n|inactive|testy accounty 2 has 10 seconds left.\n|\n|t:|1738777364\n|switch|p1b: Stephen|Amoonguss, L50, M|100\/100\n|move|p2a: Roaring Moon|Acrobatics|p1a: Kyogre\n|-supereffective|p1a: Kyogre\n|-damage|p1a: Kyogre|1\/100\n|move|p2b: Whimsicott|Moonblast|p1b: Stephen\n|-resisted|p1b: Stephen\n|-damage|p1b: Stephen|87\/100\n|move|p1a: Kyogre|Origin Pulse|p2b: Whimsicott|[spread] p2a\n|-miss|p1a: Kyogre|p2b: Whimsicott\n|-resisted|p2a: Roaring Moon\n|-damage|p2a: Roaring Moon|0 fnt\n|faint|p2a: Roaring Moon\n|-end|p2a: Roaring Moon|Protosynthesis|[silent]\n|\n|-weather|RainDance|[upkeep]\n|-heal|p2b: Whimsicott|26\/100|[from] Grassy Terrain\n|-heal|p1a: Kyogre|7\/100|[from] Grassy Terrain\n|-heal|p1a: Kyogre|13\/100|[from] item: Leftovers\n|-heal|p1b: Stephen|93\/100|[from] Grassy Terrain\n|upkeep\n|\n|t:|1738777387\n|switch|p2a: Miraidon|Miraidon, L50|31\/100\n|-fieldstart|move: Electric Terrain|[from] ability: Hadron Engine|[of] p2a: Miraidon\n|turn|4\n|inactive|testy accounty 2 has 30 seconds left.\n|inactive|testy accounty 2 has 20 seconds left.\n|\n|t:|1738777425\n|-terastallize|p2a: Miraidon|Fairy\n|move|p2b: Whimsicott|Taunt|p1b: Stephen\n|-start|p1b: Stephen|move: Taunt\n|move|p2a: Miraidon|Dazzling Gleam|p1a: Kyogre|[spread] p1a,p1b\n|-resisted|p1b: Stephen\n|-damage|p1a: Kyogre|0 fnt\n|-damage|p1b: Stephen|72\/100\n|faint|p1a: Kyogre\n|move|p1b: Stephen|Sludge Bomb|p2b: Whimsicott\n|-supereffective|p2b: Whimsicott\n|-damage|p2b: Whimsicott|0 fnt\n|faint|p2b: Whimsicott\n|\n|-weather|RainDance|[upkeep]\n|upkeep\n|\n|t:|1738777450\n|switch|p1a: Kenny|Rillaboom, L50, M|84\/100\n|switch|p2b: Entei|Entei, L50|100\/100\n|-fieldstart|move: Grassy Terrain|[from] ability: Grassy Surge|[of] p1a: Kenny\n|turn|5\n|inactive|Prometheus756 has 30 seconds left.\n|\n|t:|1738777476\n|move|p2a: Miraidon|Draco Meteor|p1b: Stephen\n|-damage|p1b: Stephen|1\/100\n|-unboost|p2a: Miraidon|spa|2\n|move|p2b: Entei|Sacred Fire|p1b: Stephen\n|-supereffective|p1b: Stephen\n|-damage|p1b: Stephen|0 fnt\n|faint|p1b: Stephen\n|move|p1a: Kenny|Wood Hammer|p2a: Miraidon\n|-damage|p2a: Miraidon|0 fnt\n|faint|p2a: Miraidon\n|-damage|p1a: Kenny|75\/100|[from] Recoil\n|\n|-weather|none\n|-heal|p1a: Kenny|81\/100|[from] Grassy Terrain\n|-sideend|p2: Prometheus756|move: Tailwind\n|upkeep\n|\n|t:|1738777486\n|switch|p1b: Mezie|Urshifu-Rapid-Strike, L50, M|100\/100\n|turn|6\n|\n|t:|1738777494\n|move|p1a: Kenny|Grassy Glide|p2b: Entei\n|-resisted|p2b: Entei\n|-damage|p2b: Entei|80\/100\n|move|p1b: Mezie|Surging Strikes|p2b: Entei\n|-supereffective|p2b: Entei\n|-crit|p2b: Entei\n|-damage|p2b: Entei|38\/100\n|-supereffective|p2b: Entei\n|-crit|p2b: Entei\n|-damage|p2b: Entei|0 fnt\n|faint|p2b: Entei\n|-hitcount|p2: Entei|2\n|\n|win|testy accounty 2\n|raw|testy accounty 2's rating: 1545 &rarr; <strong>1566<\/strong><br \/>(+21 for winning)\n|raw|Prometheus756's rating: 1567 &rarr; <strong>1546<\/strong><br \/>(-21 for losing)\n|l|\u2606Prometheus756\n|player|p2|\n","uploadtime":1738777665,"views":11,"formatid":"gen9vgc2025regg","rating":1546,"private":0,"password":null}