{"id":"gen9vgc2025regg-2295348682","format":"[Gen 9] VGC 2025 Reg G","players":["knife12138","rinkurusu"],"log":"|j|\u2606knife12138\n|j|\u2606rinkurusu\n|t:|1738817936\n|gametype|doubles\n|player|p1|knife12138|miku-ground|1549\n|player|p2|rinkurusu|waitress-gen4|1584\n|teamsize|p1|6\n|teamsize|p2|6\n|gen|9\n|tier|[Gen 9] VGC 2025 Reg G\n|rated|\n|rule|Species Clause: Limit one of each Pok\u00e9mon\n|rule|Item Clause: Limit 1 of each item\n|clearpoke\n|poke|p1|Terapagos, L50, M|\n|poke|p1|Tornadus, L50, M|\n|poke|p1|Dondozo, L50, M|\n|poke|p1|Tatsugiri, L50, F|\n|poke|p1|Magmar, L50, F|\n|poke|p1|Chi-Yu, L50|\n|poke|p2|Groudon, L50|\n|poke|p2|Flutter Mane, L50|\n|poke|p2|Raging Bolt, L50|\n|poke|p2|Urshifu-*, L50, F|\n|poke|p2|Chien-Pao, L50|\n|poke|p2|Iron Hands, L50|\n|teampreview|4\n|inactive|Battle timer is ON: inactive players will automatically lose when time's up. (requested by rinkurusu)\n|j| aimyon36\n|l| aimyon36\n|inactive|knife12138 has 60 seconds left.\n|\n|t:|1738817969\n|start\n|switch|p1a: Tornadus|Tornadus, L50, M|100\/100\n|switch|p1b: \u67d4\u5f31\u9f9f\u9f9f|Terapagos, L50, M|100\/100\n|switch|p2a: Groudon|Groudon, L50|100\/100\n|switch|p2b: Flutter Mane|Flutter Mane, L50|100\/100\n|-activate|p1b: \u67d4\u5f31\u9f9f\u9f9f|ability: Tera Shift\n|detailschange|p1b: \u67d4\u5f31\u9f9f\u9f9f|Terapagos-Terastal, L50, M\n|-heal|p1b: \u67d4\u5f31\u9f9f\u9f9f|100\/100|[silent]\n|-weather|SunnyDay|[from] ability: Drought|[of] p2a: Groudon\n|-activate|p2b: Flutter Mane|ability: Protosynthesis\n|-start|p2b: Flutter Mane|protosynthesisspe\n|turn|1\n|\n|t:|1738817988\n|move|p1b: \u67d4\u5f31\u9f9f\u9f9f|Protect|p1b: \u67d4\u5f31\u9f9f\u9f9f\n|-singleturn|p1b: \u67d4\u5f31\u9f9f\u9f9f|Protect\n|move|p1a: Tornadus|Tailwind|p1a: Tornadus\n|-sidestart|p1: knife12138|move: Tailwind\n|move|p2b: Flutter Mane|Dazzling Gleam|p1a: Tornadus|[spread] p1a\n|-activate|p1b: \u67d4\u5f31\u9f9f\u9f9f|move: Protect\n|-damage|p1a: Tornadus|53\/100\n|move|p2a: Groudon|Heat Crash|p1a: Tornadus\n|-damage|p1a: Tornadus|0 fnt\n|faint|p1a: Tornadus\n|\n|-weather|SunnyDay|[upkeep]\n|upkeep\n|\n|t:|1738818005\n|switch|p1a: \u9f99\u5bab\u6742\u9c7c|Dondozo, L50, M, shiny|100\/100\n|turn|2\n|\n|t:|1738818015\n|switch|p1b: \u9f99\u5bab\u6742\u5175|Tatsugiri, L50, F, shiny|100\/100\n|-activate|p1b: \u9f99\u5bab\u6742\u5175|ability: Commander|[of] p1a: \u9f99\u5bab\u6742\u9c7c\n|-boost|p1a: \u9f99\u5bab\u6742\u9c7c|atk|2\n|-boost|p1a: \u9f99\u5bab\u6742\u9c7c|spa|2\n|-boost|p1a: \u9f99\u5bab\u6742\u9c7c|spe|2\n|-boost|p1a: \u9f99\u5bab\u6742\u9c7c|def|2\n|-boost|p1a: \u9f99\u5bab\u6742\u9c7c|spd|2\n|move|p2b: Flutter Mane|Dazzling Gleam|p1b: \u9f99\u5bab\u6742\u5175|[spread] p1a\n|-miss|p2b: Flutter Mane|p1b: \u9f99\u5bab\u6742\u5175\n|-damage|p1a: \u9f99\u5bab\u6742\u9c7c|83\/100\n|move|p1a: \u9f99\u5bab\u6742\u9c7c|Earthquake|p2a: Groudon|[spread] p2a,p2b\n|-miss|p1a: \u9f99\u5bab\u6742\u9c7c|p1b: \u9f99\u5bab\u6742\u5175\n|-damage|p2a: Groudon|75\/100\n|-damage|p2b: Flutter Mane|37\/100\n|move|p2a: Groudon|Thunder Punch|p1a: \u9f99\u5bab\u6742\u9c7c\n|-supereffective|p1a: \u9f99\u5bab\u6742\u9c7c\n|-damage|p1a: \u9f99\u5bab\u6742\u9c7c|65\/100\n|\n|-weather|SunnyDay|[upkeep]\n|-heal|p1a: \u9f99\u5bab\u6742\u9c7c|71\/100|[from] item: Leftovers\n|upkeep\n|turn|3\n|\n|t:|1738818038\n|move|p2b: Flutter Mane|Dazzling Gleam|p1a: \u9f99\u5bab\u6742\u9c7c|[spread] p1a\n|-miss|p2b: Flutter Mane|p1b: \u9f99\u5bab\u6742\u5175\n|-damage|p1a: \u9f99\u5bab\u6742\u9c7c|52\/100\n|move|p1a: \u9f99\u5bab\u6742\u9c7c|Earthquake|p2a: Groudon|[spread] p2a,p2b\n|-miss|p1a: \u9f99\u5bab\u6742\u9c7c|p1b: \u9f99\u5bab\u6742\u5175\n|-crit|p2b: Flutter Mane\n|-damage|p2a: Groudon|50\/100\n|-damage|p2b: Flutter Mane|0 fnt\n|faint|p2b: Flutter Mane\n|-end|p2b: Flutter Mane|Protosynthesis|[silent]\n|move|p2a: Groudon|Thunder Punch|p1a: \u9f99\u5bab\u6742\u9c7c\n|-supereffective|p1a: \u9f99\u5bab\u6742\u9c7c\n|-crit|p1a: \u9f99\u5bab\u6742\u9c7c\n|-damage|p1a: \u9f99\u5bab\u6742\u9c7c|1\/100\n|\n|-weather|SunnyDay|[upkeep]\n|-heal|p1a: \u9f99\u5bab\u6742\u9c7c|7\/100|[from] item: Leftovers\n|upkeep\n|\n|t:|1738818052\n|switch|p2b: Urshifu|Urshifu, L50, F|100\/100\n|turn|4\n|j| numberonebosskfan\n|\n|t:|1738818062\n|-terastallize|p2b: Urshifu|Dark\n|move|p2a: Groudon|Protect|p2a: Groudon\n|-singleturn|p2a: Groudon|Protect\n|move|p2b: Urshifu|Sucker Punch|p1a: \u9f99\u5bab\u6742\u9c7c\n|-damage|p1a: \u9f99\u5bab\u6742\u9c7c|0 fnt\n|faint|p1a: \u9f99\u5bab\u6742\u9c7c\n|\n|-weather|SunnyDay|[upkeep]\n|-sideend|p1: knife12138|move: Tailwind\n|upkeep\n|\n|t:|1738818068\n|switch|p1a: \u67d4\u5f31\u9f9f\u9f9f|Terapagos-Terastal, L50, M|100\/100\n|turn|5\n|inactive|knife12138 has 30 seconds left.\n|\n|t:|1738818095\n|-terastallize|p1a: \u67d4\u5f31\u9f9f\u9f9f|Stellar\n|detailschange|p1a: \u67d4\u5f31\u9f9f\u9f9f|Terapagos-Stellar, L50, M, tera:Stellar\n|-heal|p1a: \u67d4\u5f31\u9f9f\u9f9f|100\/100|[silent]\n|-ability|p1a: \u67d4\u5f31\u9f9f\u9f9f|Teraform Zero\n|-weather|none\n|move|p2b: Urshifu|Detect|p2b: Urshifu\n|-singleturn|p2b: Urshifu|Protect\n|move|p1b: \u9f99\u5bab\u6742\u5175|Muddy Water|p2b: Urshifu|[spread] p2a\n|-activate|p2b: Urshifu|move: Protect\n|-supereffective|p2a: Groudon\n|-damage|p2a: Groudon|0 fnt\n|faint|p2a: Groudon\n|move|p1a: \u67d4\u5f31\u9f9f\u9f9f|Tera Starstorm|p2b: Urshifu\n|-activate|p2b: Urshifu|move: Protect\n|\n|upkeep\n|\n|t:|1738818106\n|switch|p2a: Chien-Pao|Chien-Pao, L50|100\/100\n|-ability|p2a: Chien-Pao|Sword of Ruin\n|turn|6\n|\n|t:|1738818121\n|move|p2b: Urshifu|Sucker Punch|p1b: \u9f99\u5bab\u6742\u5175\n|-enditem|p1b: \u9f99\u5bab\u6742\u5175|Focus Sash\n|-damage|p1b: \u9f99\u5bab\u6742\u5175|1\/100\n|move|p2a: Chien-Pao|Ice Spinner|p1b: \u9f99\u5bab\u6742\u5175\n|-damage|p1b: \u9f99\u5bab\u6742\u5175|0 fnt\n|faint|p1b: \u9f99\u5bab\u6742\u5175\n|-damage|p2a: Chien-Pao|91\/100|[from] item: Life Orb\n|move|p1a: \u67d4\u5f31\u9f9f\u9f9f|Tera Starstorm|p2a: Chien-Pao|[spread] p2a,p2b\n|-supereffective|p2b: Urshifu\n|-damage|p2a: Chien-Pao|24\/100\n|-enditem|p2b: Urshifu|Focus Sash\n|-damage|p2b: Urshifu|1\/100\n|\n|upkeep\n|turn|7\n|\n|t:|1738818134\n|move|p2a: Chien-Pao|Ice Spinner|p1a: \u67d4\u5f31\u9f9f\u9f9f\n|-damage|p1a: \u67d4\u5f31\u9f9f\u9f9f|58\/100\n|-damage|p2a: Chien-Pao|14\/100|[from] item: Life Orb\n|move|p2b: Urshifu|Close Combat|p1a: \u67d4\u5f31\u9f9f\u9f9f\n|-supereffective|p1a: \u67d4\u5f31\u9f9f\u9f9f\n|-damage|p1a: \u67d4\u5f31\u9f9f\u9f9f|0 fnt\n|-unboost|p2b: Urshifu|def|1\n|-unboost|p2b: Urshifu|spd|1\n|faint|p1a: \u67d4\u5f31\u9f9f\u9f9f\n|\n|win|rinkurusu\n|raw|knife12138's rating: 1549 &rarr; <strong>1531<\/strong><br \/>(-18 for losing)\n|raw|rinkurusu's rating: 1584 &rarr; <strong>1602<\/strong><br \/>(+18 for winning)\n|l|\u2606knife12138\n|player|p1|\n|l|\u2606rinkurusu\n|player|p2|\n","uploadtime":1738818548,"views":5,"formatid":"gen9vgc2025regg","rating":1531,"private":0,"password":null}