{"id":"gen9vgc2025regg-2295525172","format":"[Gen 9] VGC 2025 Reg G","players":["tachitsuteto12345","bluestraggler02"],"log":"|j|\u2606tachitsuteto12345\n|j|\u2606bluestraggler02\n|t:|1738848886\n|gametype|doubles\n|player|p1|tachitsuteto12345|169|1578\n|player|p2|bluestraggler02|2|1652\n|teamsize|p1|6\n|teamsize|p2|6\n|gen|9\n|tier|[Gen 9] VGC 2025 Reg G\n|rated|\n|rule|Species Clause: Limit one of each Pok\u00e9mon\n|rule|Item Clause: Limit 1 of each item\n|clearpoke\n|poke|p1|Calyrex-Shadow, L50|\n|poke|p1|Urshifu-*, L50, M|\n|poke|p1|Pelipper, L50, M|\n|poke|p1|Incineroar, L50, M|\n|poke|p1|Rillaboom, L50, M|\n|poke|p1|Amoonguss, L50, F|\n|poke|p2|Zamazenta-*, L50|\n|poke|p2|Roaring Moon, L50|\n|poke|p2|Landorus, L50, M|\n|poke|p2|Pelipper, L50, F|\n|poke|p2|Urshifu-*, L50, M|\n|poke|p2|Amoonguss, L50, M|\n|teampreview|4\n|inactive|Battle timer is ON: inactive players will automatically lose when time's up. (requested by bluestraggler02)\nbluestraggler02 rejected open team sheets.\n|\n|t:|1738848917\n|start\n|switch|p1a: Pelipper|Pelipper, L50, M|100\/100\n|switch|p1b: Urshifu|Urshifu-Rapid-Strike, L50, M|100\/100\n|switch|p2a: Roaring Moon|Roaring Moon, L50|100\/100\n|switch|p2b: Zamazenta|Zamazenta-Crowned, L50|100\/100\n|-ability|p2b: Zamazenta|Dauntless Shield|boost\n|-boost|p2b: Zamazenta|def|1\n|-weather|RainDance|[from] ability: Drizzle|[of] p1a: Pelipper\n|-enditem|p2a: Roaring Moon|Booster Energy\n|-activate|p2a: Roaring Moon|ability: Protosynthesis|[fromitem]\n|-start|p2a: Roaring Moon|protosynthesisspe\n|turn|1\n|inactive|tachitsuteto12345 has 30 seconds left.\n|inactive|bluestraggler02 has 30 seconds left.\n|inactive|tachitsuteto12345 has 20 seconds left.\n|inactive|tachitsuteto12345 has 15 seconds left.\n|\n|t:|1738848961\n|move|p2a: Roaring Moon|Tailwind|p2a: Roaring Moon\n|-sidestart|p2: bluestraggler02|move: Tailwind\n|move|p2b: Zamazenta|Body Press|p1b: Urshifu\n|-damage|p1b: Urshifu|38\/100\n|move|p1b: Urshifu|Surging Strikes|p2b: Zamazenta\n|-crit|p2b: Zamazenta\n|-damage|p2b: Zamazenta|79\/100\n|-crit|p2b: Zamazenta\n|-damage|p2b: Zamazenta|59\/100\n|-crit|p2b: Zamazenta\n|-damage|p2b: Zamazenta|40\/100\n|-hitcount|p2b: Zamazenta|3\n|move|p1a: Pelipper|Tailwind|p1a: Pelipper\n|-sidestart|p1: tachitsuteto12345|move: Tailwind\n|\n|-weather|RainDance|[upkeep]\n|upkeep\n|turn|2\n|inactive|tachitsuteto12345 has 30 seconds left.\n|\n|t:|1738848989\n|move|p2a: Roaring Moon|Knock Off|p1b: Urshifu\n|-resisted|p1b: Urshifu\n|-damage|p1b: Urshifu|17\/100\n|-enditem|p1b: Urshifu|Assault Vest|[from] move: Knock Off|[of] p2a: Roaring Moon\n|move|p2b: Zamazenta|Body Press|p1b: Urshifu\n|-damage|p1b: Urshifu|0 fnt\n|faint|p1b: Urshifu\n|move|p1a: Pelipper|Hurricane|p2b: Zamazenta\n|-damage|p2b: Zamazenta|9\/100\n|\n|-weather|RainDance|[upkeep]\n|upkeep\n|\n|t:|1738849003\n|switch|p1b: Amoonguss|Amoonguss, L50, F|100\/100\n|turn|3\n|\n|t:|1738849011\n|move|p2a: Roaring Moon|Taunt|p1b: Amoonguss\n|-start|p1b: Amoonguss|move: Taunt\n|-enditem|p1b: Amoonguss|Mental Herb\n|-end|p1b: Amoonguss|move: Taunt\n|move|p2b: Zamazenta|Body Press|p1a: Pelipper\n|-resisted|p1a: Pelipper\n|-damage|p1a: Pelipper|62\/100\n|move|p1a: Pelipper|Hurricane|p2b: Zamazenta\n|-damage|p2b: Zamazenta|0 fnt\n|faint|p2b: Zamazenta\n|move|p1b: Amoonguss|Spore|p2a: Roaring Moon\n|-status|p2a: Roaring Moon|slp|[from] move: Spore\n|\n|-weather|RainDance|[upkeep]\n|upkeep\n|\n|t:|1738849025\n|switch|p2b: Urshifu|Urshifu-Rapid-Strike, L50, M|100\/100\n|turn|4\n|\n|t:|1738849042\n|-terastallize|p2b: Urshifu|Grass\n|cant|p2a: Roaring Moon|slp\n|move|p2b: Urshifu|Surging Strikes|p1a: Pelipper\n|-resisted|p1a: Pelipper\n|-crit|p1a: Pelipper\n|-damage|p1a: Pelipper|43\/100\n|-resisted|p1a: Pelipper\n|-crit|p1a: Pelipper\n|-damage|p1a: Pelipper|23\/100\n|-resisted|p1a: Pelipper\n|-crit|p1a: Pelipper\n|-damage|p1a: Pelipper|1\/100\n|-hitcount|p1a: Pelipper|3\n|move|p1a: Pelipper|Hurricane|p2a: Roaring Moon\n|-damage|p2a: Roaring Moon|64\/100 slp\n|-start|p2a: Roaring Moon|confusion\n|move|p1b: Amoonguss|Sludge Bomb|p2a: Roaring Moon\n|-damage|p2a: Roaring Moon|37\/100 slp\n|\n|-weather|RainDance|[upkeep]\n|-sideend|p2: bluestraggler02|move: Tailwind\n|-sideend|p1: tachitsuteto12345|move: Tailwind\n|upkeep\n|turn|5\n|inactive|tachitsuteto12345 has 30 seconds left.\n|inactive|bluestraggler02 has 30 seconds left.\n|\n|t:|1738849071\n|move|p1a: Pelipper|Helping Hand|p1b: Amoonguss\n|-singleturn|p1b: Amoonguss|Helping Hand|[of] p1a: Pelipper\n|move|p2b: Urshifu|Detect|p2b: Urshifu\n|-singleturn|p2b: Urshifu|Protect\n|cant|p2a: Roaring Moon|slp\n|move|p1b: Amoonguss|Sludge Bomb|p2a: Roaring Moon\n|-damage|p2a: Roaring Moon|0 fnt\n|faint|p2a: Roaring Moon\n|-end|p2a: Roaring Moon|Protosynthesis|[silent]\n|\n|-weather|none\n|upkeep\n|\n|t:|1738849081\n|switch|p2a: Landorus|Landorus, L50, M|100\/100\n|turn|6\n|\n|t:|1738849106\n|move|p2b: Urshifu|Detect|p2b: Urshifu\n|-singleturn|p2b: Urshifu|Protect\n|move|p2a: Landorus|Earth Power|p1b: Amoonguss\n|-damage|p1b: Amoonguss|43\/100\n|move|p1a: Pelipper|Tailwind|p1a: Pelipper\n|-sidestart|p1: tachitsuteto12345|move: Tailwind\n|move|p1b: Amoonguss|Sludge Bomb|p2b: Urshifu\n|-activate|p2b: Urshifu|move: Protect\n|\n|upkeep\n|turn|7\n|inactive|tachitsuteto12345 has 30 seconds left.\n|\n|t:|1738849136\n|move|p1b: Amoonguss|Rage Powder|p1b: Amoonguss\n|-singleturn|p1b: Amoonguss|move: Rage Powder\n|move|p2b: Urshifu|Aqua Jet|p1a: Pelipper\n|-resisted|p1a: Pelipper\n|-damage|p1a: Pelipper|0 fnt\n|faint|p1a: Pelipper\n|move|p2a: Landorus|Earth Power|p1b: Amoonguss\n|-damage|p1b: Amoonguss|0 fnt\n|faint|p1b: Amoonguss\n|\n|upkeep\n|\n|t:|1738849148\n|switch|p1b: Calyrex|Calyrex-Shadow, L50|100\/100\n|-ability|p1b: Calyrex|As One\n|-ability|p1b: Calyrex|Unnerve\n|turn|8\n|\n|t:|1738849156\n|move|p1b: Calyrex|Astral Barrage|p2a: Landorus|[spread] p2a,p2b\n|-damage|p2a: Landorus|30\/100\n|-damage|p2b: Urshifu|13\/100\n|-damage|p1b: Calyrex|91\/100|[from] item: Life Orb\n|move|p2a: Landorus|Earth Power|p1b: Calyrex\n|-damage|p1b: Calyrex|19\/100\n|move|p2b: Urshifu|Surging Strikes|p1b: Calyrex\n|-crit|p1b: Calyrex\n|-damage|p1b: Calyrex|0 fnt\n|faint|p1b: Calyrex\n|-hitcount|p1: Calyrex|1\n|\n|win|bluestraggler02\n|raw|tachitsuteto12345's rating: 1578 &rarr; <strong>1562<\/strong><br \/>(-16 for losing)\n|raw|bluestraggler02's rating: 1652 &rarr; <strong>1668<\/strong><br \/>(+16 for winning)\n|l|\u2606bluestraggler02\n|player|p2|\n|l|\u2606tachitsuteto12345\n|player|p1|\n","uploadtime":1738849346,"views":7,"formatid":"gen9vgc2025regg","rating":1562,"private":0,"password":null}