{"id":"gen9vgc2025regg-2295484330","format":"[Gen 9] VGC 2025 Reg G","players":["HEDGEHOGMEOW","friedfish24"],"log":"|j|\u2606HEDGEHOGMEOW\n|j|\u2606friedfish24\n|t:|1738842980\n|gametype|doubles\n|player|p1|HEDGEHOGMEOW|170|1503\n|player|p2|friedfish24|li|1571\n|teamsize|p1|6\n|teamsize|p2|6\n|gen|9\n|tier|[Gen 9] VGC 2025 Reg G\n|rated|\n|rule|Species Clause: Limit one of each Pok\u00e9mon\n|rule|Item Clause: Limit 1 of each item\n|clearpoke\n|poke|p1|Calyrex-Shadow, L50|\n|poke|p1|Incineroar, L50, M|\n|poke|p1|Rillaboom, L50, F|\n|poke|p1|Urshifu-*, L50, M|\n|poke|p1|Farigiraf, L50, M|\n|poke|p1|Raging Bolt, L50|\n|poke|p2|Groudon, L50|\n|poke|p2|Sableye, L50, M|\n|poke|p2|Rillaboom, L50, M|\n|poke|p2|Gouging Fire, L50|\n|poke|p2|Raging Bolt, L50|\n|poke|p2|Scream Tail, L50|\n|teampreview|4\n|inactive|Battle timer is ON: inactive players will automatically lose when time's up. (requested by HEDGEHOGMEOW)\n|inactive|HEDGEHOGMEOW has 60 seconds left.\n|\n|t:|1738843040\n|start\n|switch|p1a: Incineroar|Incineroar, L50, M|100\/100\n|switch|p1b: Farigiraf|Farigiraf, L50, M|100\/100\n|switch|p2a: Sableye|Sableye, L50, M|100\/100\n|switch|p2b: Scream Tail|Scream Tail, L50|100\/100\n|-ability|p1a: Incineroar|Intimidate|boost\n|-unboost|p2a: Sableye|atk|1\n|-unboost|p2b: Scream Tail|atk|1\n|-enditem|p2b: Scream Tail|Booster Energy\n|-activate|p2b: Scream Tail|ability: Protosynthesis|[fromitem]\n|-start|p2b: Scream Tail|protosynthesisspe\n|turn|1\n|\n|t:|1738843065\n|move|p1a: Incineroar|Fake Out|p2b: Scream Tail\n|-damage|p2b: Scream Tail|92\/100\n|move|p2a: Sableye|Gravity|p2a: Sableye\n|-fieldstart|move: Gravity\n|cant|p2b: Scream Tail|flinch\n|move|p1b: Farigiraf|Trick Room|p1b: Farigiraf\n|-fieldstart|move: Trick Room|[of] p1b: Farigiraf\n|\n|upkeep\n|turn|2\n|inactive|friedfish24 has 30 seconds left.\n|inactive|friedfish24 has 20 seconds left.\n|inactive|friedfish24 has 15 seconds left.\n|\n|t:|1738843105\n|switch|p2a: Raging Bolt|Raging Bolt, L50|100\/100\n|move|p1a: Incineroar|Helping Hand|p1b: Farigiraf\n|-singleturn|p1b: Farigiraf|Helping Hand|[of] p1a: Incineroar\n|move|p1b: Farigiraf|Hyper Voice|p2b: Scream Tail|[spread] p2a,p2b\n|-damage|p2a: Raging Bolt|57\/100\n|-damage|p2b: Scream Tail|58\/100\n|-enditem|p1b: Farigiraf|Throat Spray\n|-boost|p1b: Farigiraf|spa|1|[from] item: Throat Spray\n|move|p2b: Scream Tail|Sing|p1b: Farigiraf\n|-status|p1b: Farigiraf|slp|[from] move: Sing\n|\n|upkeep\n|turn|3\n|inactive|HEDGEHOGMEOW has 30 seconds left.\n|inactive|HEDGEHOGMEOW has 20 seconds left.\n|\n|t:|1738843140\n|-end|p2b: Scream Tail|Protosynthesis|[silent]\n|switch|p2b: Groudon|Groudon, L50, shiny|100\/100\n|-weather|SunnyDay|[from] ability: Drought|[of] p2b: Groudon\n|-activate|p2a: Raging Bolt|ability: Protosynthesis\n|-start|p2a: Raging Bolt|protosynthesisspa\n|cant|p1b: Farigiraf|slp\n|move|p1a: Incineroar|Knock Off|p2a: Raging Bolt\n|-damage|p2a: Raging Bolt|27\/100\n|-enditem|p2a: Raging Bolt|Life Orb|[from] move: Knock Off|[of] p1a: Incineroar\n|move|p2a: Raging Bolt|Thunderbolt|p1a: Incineroar\n|-damage|p1a: Incineroar|42\/100\n|\n|-weather|SunnyDay|[upkeep]\n|upkeep\n|turn|4\n|inactive|HEDGEHOGMEOW has 30 seconds left.\n|inactive|friedfish24 has 30 seconds left.\n|inactive|HEDGEHOGMEOW has 20 seconds left.\n|\n|t:|1738843177\n|-terastallize|p1b: Farigiraf|Grass\n|-terastallize|p2b: Groudon|Ground\n|move|p1a: Incineroar|Knock Off|p2b: Groudon\n|-damage|p2b: Groudon|71\/100\n|-enditem|p2b: Groudon|Choice Scarf|[from] move: Knock Off|[of] p1a: Incineroar\n|cant|p1b: Farigiraf|slp\n|move|p2a: Raging Bolt|Thunderbolt|p1b: Farigiraf\n|-resisted|p1b: Farigiraf\n|-damage|p1b: Farigiraf|70\/100 slp\n|move|p2b: Groudon|Precipice Blades|p1a: Incineroar|[spread] p1a,p1b\n|-supereffective|p1a: Incineroar\n|-resisted|p1b: Farigiraf\n|-crit|p1b: Farigiraf\n|-damage|p1a: Incineroar|0 fnt\n|-damage|p1b: Farigiraf|19\/100 slp\n|faint|p1a: Incineroar\n|\n|-weather|SunnyDay|[upkeep]\n|upkeep\n|\n|t:|1738843196\n|switch|p1a: Calyrex|Calyrex-Shadow, L50|100\/100\n|-ability|p1a: Calyrex|As One\n|-ability|p1a: Calyrex|Unnerve\n|turn|5\n|inactive|friedfish24 has 30 seconds left.\n|\n|t:|1738843228\n|switch|p2b: Sableye|Sableye, L50, M|100\/100\n|move|p1a: Calyrex|Protect|p1a: Calyrex\n|-singleturn|p1a: Calyrex|Protect\n|cant|p1b: Farigiraf|slp\n|move|p2a: Raging Bolt|Thunderbolt|p1b: Farigiraf\n|-resisted|p1b: Farigiraf\n|-damage|p1b: Farigiraf|0 fnt\n|faint|p1b: Farigiraf\n|\n|-weather|SunnyDay|[upkeep]\n|-fieldend|move: Trick Room\n|-fieldend|move: Gravity\n|upkeep\n|\n|t:|1738843241\n|switch|p1b: Raging Bolt|Raging Bolt, L50|100\/100\n|-activate|p1b: Raging Bolt|ability: Protosynthesis\n|-start|p1b: Raging Bolt|protosynthesisspa\n|turn|6\n|\n|t:|1738843260\n|move|p2b: Sableye|Gravity|p2b: Sableye\n|-fieldstart|move: Gravity\n|move|p1a: Calyrex|Astral Barrage|p2b: Sableye|[spread] p2a,p2b\n|-damage|p2a: Raging Bolt|0 fnt\n|-damage|p2b: Sableye|23\/100\n|faint|p2a: Raging Bolt\n|-end|p2a: Raging Bolt|Protosynthesis|[silent]\n|-ability|p1a: Calyrex|Grim Neigh|boost\n|-boost|p1a: Calyrex|spa|1\n|-enditem|p2b: Sableye|Eject Button\n|\n|t:|1738843273\n|switch|p2b: Scream Tail|Scream Tail, L50|58\/100\n|-activate|p2b: Scream Tail|ability: Protosynthesis\n|-start|p2b: Scream Tail|protosynthesisspe\n|move|p1b: Raging Bolt|Thunderbolt|p2b: Scream Tail\n|-damage|p2b: Scream Tail|6\/100\n|\n|-weather|SunnyDay|[upkeep]\n|upkeep\n|\n|t:|1738843275\n|switch|p2a: Groudon|Groudon, L50, shiny, tera:Ground|71\/100\n|turn|7\n|inactive|HEDGEHOGMEOW has 30 seconds left.\n|inactive|HEDGEHOGMEOW has 20 seconds left.\n|inactive|HEDGEHOGMEOW has 15 seconds left.\n|inactive|HEDGEHOGMEOW has 10 seconds left.\n|inactive|HEDGEHOGMEOW has 5 seconds left.\n|\n|t:|1738843325\n|move|p1a: Calyrex|Protect|p1a: Calyrex\n|-singleturn|p1a: Calyrex|Protect\n|move|p2b: Scream Tail|Sing|p1a: Calyrex\n|-activate|p1a: Calyrex|move: Protect\n|move|p2a: Groudon|Precipice Blades|p1b: Raging Bolt|[spread] p1b\n|-activate|p1a: Calyrex|move: Protect\n|-supereffective|p1b: Raging Bolt\n|-damage|p1b: Raging Bolt|0 fnt\n|faint|p1b: Raging Bolt\n|-end|p1b: Raging Bolt|Protosynthesis|[silent]\n|\n|-weather|none\n|-end|p2b: Scream Tail|Protosynthesis\n|upkeep\n|turn|8\n|\n|t:|1738843339\n|move|p1a: Calyrex|Astral Barrage|p2a: Groudon|[spread] p2a,p2b\n|-supereffective|p2b: Scream Tail\n|-damage|p2a: Groudon|0 fnt\n|-damage|p2b: Scream Tail|0 fnt\n|faint|p2a: Groudon\n|faint|p2b: Scream Tail\n|-end|p2b: Scream Tail|Protosynthesis|[silent]\n|-ability|p1a: Calyrex|Grim Neigh|boost\n|-boost|p1a: Calyrex|spa|2\n|\n|upkeep\n|-message|friedfish24 forfeited.\n|\n|win|HEDGEHOGMEOW\n|raw|HEDGEHOGMEOW's rating: 1503 &rarr; <strong>1527<\/strong><br \/>(+24 for winning)\n|raw|friedfish24's rating: 1571 &rarr; <strong>1547<\/strong><br \/>(-24 for losing)\n|l|\u2606friedfish24\n|player|p2|\n|l|\u2606HEDGEHOGMEOW\n|player|p1|\n","uploadtime":1738843571,"views":6,"formatid":"gen9vgc2025regg","rating":1527,"private":0,"password":null}