{"id":"gen9vgc2025regg-2295473791","format":"[Gen 9] VGC 2025 Reg G","players":["friedfish24","Dearp"],"log":"|j|\u2606friedfish24\n|j|\u2606Dearp\n|t:|1738841242\n|gametype|doubles\n|player|p1|friedfish24|li|1594\n|player|p2|Dearp|battlegirl|1694\n|teamsize|p1|6\n|teamsize|p2|6\n|gen|9\n|tier|[Gen 9] VGC 2025 Reg G\n|rated|\n|rule|Species Clause: Limit one of each Pok\u00e9mon\n|rule|Item Clause: Limit 1 of each item\n|clearpoke\n|poke|p1|Terapagos, L50, M|\n|poke|p1|Ogerpon-Hearthflame, L50, F|\n|poke|p1|Tornadus, L50, M|\n|poke|p1|Smeargle, L50, M|\n|poke|p1|Dondozo, L50, F|\n|poke|p1|Tatsugiri-Droopy, L50, M|\n|poke|p2|Heatran, L50, F|\n|poke|p2|Sinistcha, L50|\n|poke|p2|Annihilape, L50, F|\n|poke|p2|Calyrex-Ice, L50|\n|poke|p2|Indeedee-F, L50, F|\n|poke|p2|Iron Valiant, L50|\n|teampreview|4\n|l|\u2606Dearp\n|player|p2|\n|j|\u2606Dearp\n|player|p2|Dearp|battlegirl|\n|c|\u2606Dearp|Shame\n|c|\u2606Dearp|we\u2019re not going to have another 80 turn game\n|\n|t:|1738841308\n|start\n|switch|p1a: Terapagos|Terapagos, L50, M|100\/100\n|switch|p1b: Tornadus|Tornadus, L50, M|100\/100\n|switch|p2a: Calyrex|Calyrex-Ice, L50|100\/100\n|switch|p2b: Annihilape|Annihilape, L50, F|100\/100\n|-activate|p1a: Terapagos|ability: Tera Shift\n|detailschange|p1a: Terapagos|Terapagos-Terastal, L50, M\n|-heal|p1a: Terapagos|100\/100|[silent]\n|-ability|p2a: Calyrex|As One\n|-ability|p2a: Calyrex|Unnerve\n|turn|1\n|\n|t:|1738841323\n|move|p1b: Tornadus|Bleakwind Storm|p2a: Calyrex|[spread] p2a\n|-miss|p1b: Tornadus|p2b: Annihilape\n|-damage|p2a: Calyrex|83\/100\n|move|p2b: Annihilape|Close Combat|p1a: Terapagos\n|-activate|p1a: Terapagos|ability: Tera Shell\n|-resisted|p1a: Terapagos\n|-damage|p1a: Terapagos|76\/100\n|-unboost|p2b: Annihilape|def|1\n|-unboost|p2b: Annihilape|spd|1\n|move|p1a: Terapagos|Tera Starstorm|p2a: Calyrex\n|-damage|p2a: Calyrex|38\/100\n|move|p2a: Calyrex|Glacial Lance|p1b: Tornadus|[spread] p1a,p1b\n|-supereffective|p1b: Tornadus\n|-damage|p1a: Terapagos|29\/100\n|-damage|p1b: Tornadus|0 fnt\n|faint|p1b: Tornadus\n|-ability|p2a: Calyrex|Chilling Neigh|boost\n|-boost|p2a: Calyrex|atk|1\n|\n|upkeep\n|\n|t:|1738841341\n|switch|p1b: Dondozo|Dondozo, L50, F, shiny|100\/100\n|turn|2\n|\n|t:|1738841353\n|switch|p2b: Sinistcha|Sinistcha, L50|100\/100\n|-heal|p2a: Calyrex|63\/100|[from] ability: Hospitality|[of] p2b: Sinistcha\n|switch|p1a: Tatsugiri|Tatsugiri-Droopy, L50, M|100\/100\n|-activate|p1a: Tatsugiri|ability: Commander|[of] p1b: Dondozo\n|-boost|p1b: Dondozo|atk|2\n|-boost|p1b: Dondozo|spa|2\n|-boost|p1b: Dondozo|spe|2\n|-boost|p1b: Dondozo|def|2\n|-boost|p1b: Dondozo|spd|2\n|move|p1b: Dondozo|Substitute|p1b: Dondozo\n|-start|p1b: Dondozo|Substitute\n|-damage|p1b: Dondozo|76\/100\n|move|p2a: Calyrex|Glacial Lance|p1b: Dondozo|[spread] p1b\n|-miss|p2a: Calyrex|p1a: Tatsugiri\n|-resisted|p1b: Dondozo\n|-activate|p1b: Dondozo|move: Substitute|[damage]\n|\n|-heal|p1b: Dondozo|82\/100|[from] item: Leftovers\n|upkeep\n|turn|3\n|\n|t:|1738841377\n|switch|p2a: Iron Valiant|Iron Valiant, L50|100\/100\n|-enditem|p2a: Iron Valiant|Booster Energy\n|-activate|p2a: Iron Valiant|ability: Quark Drive|[fromitem]\n|-start|p2a: Iron Valiant|quarkdrivespe\n|move|p1b: Dondozo|Order Up|p2b: Sinistcha\n|-damage|p2b: Sinistcha|72\/100\n|-boost|p1b: Dondozo|def|1\n|move|p2b: Sinistcha|Matcha Gotcha|p1b: Dondozo|[spread] p1b\n|-miss|p2b: Sinistcha|p1a: Tatsugiri\n|-supereffective|p1b: Dondozo\n|-end|p1b: Dondozo|Substitute\n|-heal|p2b: Sinistcha|83\/100|[from] drain|[of] p1b: Dondozo\n|\n|-heal|p1b: Dondozo|88\/100|[from] item: Leftovers\n|upkeep\n|turn|4\n|\n|t:|1738841410\n|move|p2a: Iron Valiant|Encore|p1b: Dondozo\n|-start|p1b: Dondozo|Encore\n|move|p1b: Dondozo|Order Up|p2b: Sinistcha\n|-damage|p2b: Sinistcha|56\/100\n|-boost|p1b: Dondozo|def|1\n|move|p2b: Sinistcha|Matcha Gotcha|p1a: Tatsugiri|[spread] p1b\n|-miss|p2b: Sinistcha|p1a: Tatsugiri\n|-supereffective|p1b: Dondozo\n|-damage|p1b: Dondozo|66\/100\n|-heal|p2b: Sinistcha|70\/100|[from] drain|[of] p1b: Dondozo\n|\n|-heal|p1b: Dondozo|72\/100|[from] item: Leftovers\n|upkeep\n|turn|5\n|-message|friedfish24 forfeited.\n|\n|win|Dearp\n|raw|friedfish24's rating: 1594 &rarr; <strong>1580<\/strong><br \/>(-14 for losing)\n|raw|Dearp's rating: 1694 &rarr; <strong>1708<\/strong><br \/>(+14 for winning)\n|l|\u2606friedfish24\n|player|p1|\n|l|\u2606Dearp\n|player|p2|\n","uploadtime":1738841669,"views":15,"formatid":"gen9vgc2025regg","rating":1580,"private":0,"password":null}