{"id":"gen9vgc2025regg-2295009316","format":"[Gen 9] VGC 2025 Reg G","players":["5SeasBakery","testy accounty 2"],"log":"|j|\u26065SeasBakery\n|j|\u2606testy accounty 2\n|t:|1738777675\n|gametype|doubles\n|player|p1|5SeasBakery|2|1542\n|player|p2|testy accounty 2|101|1566\n|teamsize|p1|6\n|teamsize|p2|6\n|gen|9\n|tier|[Gen 9] VGC 2025 Reg G\n|rated|\n|rule|Species Clause: Limit one of each Pok\u00e9mon\n|rule|Item Clause: Limit 1 of each item\n|clearpoke\n|poke|p1|Calyrex-Ice, L50|\n|poke|p1|Pelipper, L50, F|\n|poke|p1|Amoonguss, L50, M|\n|poke|p1|Landorus, L50, M|\n|poke|p1|Thundurus, L50, M|\n|poke|p1|Urshifu-*, L50, F|\n|poke|p2|Kyogre, L50|\n|poke|p2|Incineroar, L50, M|\n|poke|p2|Urshifu-*, L50, M|\n|poke|p2|Rillaboom, L50, M|\n|poke|p2|Amoonguss, L50, M|\n|poke|p2|Roaring Moon, L50|\n|teampreview|4\ntesty accounty 2 has agreed to open team sheets.\n|inactive|Battle timer is ON: inactive players will automatically lose when time's up. (requested by testy accounty 2)\n|inactive|5SeasBakery has 60 seconds left.\n|inactive|testy accounty 2 has 60 seconds left.\n|inactive|5SeasBakery has 30 seconds left.\n|inactive|testy accounty 2 has 30 seconds left.\n|inactive|testy accounty 2 has 20 seconds left.\n|inactive|testy accounty 2 has 15 seconds left.\n|inactive|testy accounty 2 has 10 seconds left.\n|\n|t:|1738777764\n|start\n|switch|p1a: Calyrex|Calyrex-Ice, L50|100\/100\n|switch|p1b: Thundurus|Thundurus, L50, M|100\/100\n|switch|p2a: Stephen|Amoonguss, L50, M|100\/100\n|switch|p2b: Mezie|Urshifu-Rapid-Strike, L50, M|100\/100\n|-ability|p1a: Calyrex|As One\n|-ability|p1a: Calyrex|Unnerve\n|turn|1\n|inactive|5SeasBakery has 30 seconds left.\n|inactive|testy accounty 2 has 30 seconds left.\n|inactive|testy accounty 2 has 20 seconds left.\n|inactive|testy accounty 2 has 15 seconds left.\n|\n|t:|1738777804\n|switch|p1b: Amoonguss|Amoonguss, L50, M|100\/100\n|-terastallize|p2b: Mezie|Water\n|-terastallize|p1a: Calyrex|Grass\n|move|p2b: Mezie|Surging Strikes|p1b: Amoonguss\n|-resisted|p1b: Amoonguss\n|-crit|p1b: Amoonguss\n|-damage|p1b: Amoonguss|90\/100\n|-damage|p2b: Mezie|84\/100|[from] item: Rocky Helmet|[of] p1b: Amoonguss\n|-resisted|p1b: Amoonguss\n|-crit|p1b: Amoonguss\n|-damage|p1b: Amoonguss|79\/100\n|-damage|p2b: Mezie|68\/100|[from] item: Rocky Helmet|[of] p1b: Amoonguss\n|-resisted|p1b: Amoonguss\n|-crit|p1b: Amoonguss\n|-damage|p1b: Amoonguss|68\/100\n|-damage|p2b: Mezie|51\/100|[from] item: Rocky Helmet|[of] p1b: Amoonguss\n|-hitcount|p1b: Amoonguss|3\n|move|p2a: Stephen|Spore|p1a: Calyrex\n|-immune|p1a: Calyrex\n|move|p1a: Calyrex|Trick Room|p1a: Calyrex\n|-fieldstart|move: Trick Room|[of] p1a: Calyrex\n|\n|upkeep\n|turn|2\n|inactive|testy accounty 2 has 30 seconds left.\n|inactive|testy accounty 2 has 20 seconds left.\n|\n|t:|1738777840\n|move|p2a: Stephen|Sludge Bomb|p1a: Calyrex\n|-supereffective|p1a: Calyrex\n|-damage|p1a: Calyrex|63\/100\n|move|p1b: Amoonguss|Spore|p2b: Mezie\n|-status|p2b: Mezie|slp|[from] move: Spore\n|move|p1a: Calyrex|Glacial Lance|p2a: Stephen|[spread] p2a,p2b\n|-supereffective|p2a: Stephen\n|-resisted|p2b: Mezie\n|-damage|p2a: Stephen|18\/100\n|-damage|p2b: Mezie|24\/100 slp\n|cant|p2b: Mezie|slp\n|\n|upkeep\n|turn|3\n|inactive|testy accounty 2 has 30 seconds left.\n|\n|t:|1738777868\n|switch|p2b: Kyogre|Kyogre, L50|100\/100\n|-weather|RainDance|[from] ability: Drizzle|[of] p2b: Kyogre\n|move|p2a: Stephen|Sludge Bomb|p1a: Calyrex\n|-supereffective|p1a: Calyrex\n|-damage|p1a: Calyrex|30\/100\n|move|p1b: Amoonguss|Pollen Puff|p1a: Calyrex\n|-heal|p1a: Calyrex|80\/100\n|move|p1a: Calyrex|Glacial Lance|p2a: Stephen|[spread] p2a,p2b\n|-supereffective|p2a: Stephen\n|-resisted|p2b: Kyogre\n|-damage|p2a: Stephen|0 fnt\n|-damage|p2b: Kyogre|72\/100\n|faint|p2a: Stephen\n|-ability|p1a: Calyrex|Chilling Neigh|boost\n|-boost|p1a: Calyrex|atk|1\n|\n|-weather|RainDance|[upkeep]\n|-heal|p2b: Kyogre|78\/100|[from] item: Leftovers\n|upkeep\n|\n|t:|1738777890\n|switch|p2a: MOOON|Roaring Moon, L50|100\/100\n|-enditem|p2a: MOOON|Booster Energy\n|-activate|p2a: MOOON|ability: Protosynthesis|[fromitem]\n|-start|p2a: MOOON|protosynthesisspe\n|turn|4\n|inactive|testy accounty 2 has 30 seconds left.\n|\n|t:|1738777916\n|switch|p2b: Mezie|Urshifu-Rapid-Strike, L50, M, tera:Water|24\/100 slp\n|move|p2a: MOOON|Protect|p2a: MOOON\n|-singleturn|p2a: MOOON|Protect\n|move|p1b: Amoonguss|Spore|p2b: Mezie\n|-fail|p2b: Mezie|slp\n|move|p1a: Calyrex|Glacial Lance|p2b: Mezie|[spread] p2b\n|-activate|p2a: MOOON|move: Protect\n|-resisted|p2b: Mezie\n|-damage|p2b: Mezie|0 fnt\n|faint|p2b: Mezie\n|-ability|p1a: Calyrex|Chilling Neigh|boost\n|-boost|p1a: Calyrex|atk|1\n|\n|-weather|RainDance|[upkeep]\n|upkeep\n|\n|t:|1738777926\n|switch|p2b: Kyogre|Kyogre, L50|78\/100\n|turn|5\n|\n|t:|1738777932\n|move|p2b: Kyogre|Protect|p2b: Kyogre\n|-singleturn|p2b: Kyogre|Protect\n|move|p2a: MOOON|Protect||[still]\n|-fail|p2a: MOOON\n|move|p1b: Amoonguss|Spore|p2b: Kyogre\n|-activate|p2b: Kyogre|move: Protect\n|move|p1a: Calyrex|Glacial Lance|p2b: Kyogre|[spread] p2a\n|-activate|p2b: Kyogre|move: Protect\n|-supereffective|p2a: MOOON\n|-damage|p2a: MOOON|0 fnt\n|faint|p2a: MOOON\n|-end|p2a: MOOON|Protosynthesis|[silent]\n|-ability|p1a: Calyrex|Chilling Neigh|boost\n|-boost|p1a: Calyrex|atk|1\n|\n|-weather|RainDance|[upkeep]\n|-heal|p2b: Kyogre|84\/100|[from] item: Leftovers\n|-fieldend|move: Trick Room\n|upkeep\n|turn|6\n|\n|t:|1738777947\n|move|p2b: Kyogre|Ice Beam|p1b: Amoonguss\n|-supereffective|p1b: Amoonguss\n|-damage|p1b: Amoonguss|8\/100\n|move|p1a: Calyrex|Glacial Lance|p2b: Kyogre\n|-resisted|p2b: Kyogre\n|-damage|p2b: Kyogre|0 fnt\n|faint|p2b: Kyogre\n|\n|win|5SeasBakery\n|raw|5SeasBakery's rating: 1542 &rarr; <strong>1563<\/strong><br \/>(+21 for winning)\n|raw|testy accounty 2's rating: 1566 &rarr; <strong>1545<\/strong><br \/>(-21 for losing)\n","uploadtime":1738777955,"views":10,"formatid":"gen9vgc2025regg","rating":1545,"private":0,"password":null}