{"id":"gen9vgc2025regg-2295289144","format":"[Gen 9] VGC 2025 Reg G","players":["Pauliet123","SubToPenglin"],"log":"|j|\u2606Pauliet123\n|j|\u2606SubToPenglin\n|t:|1738809157\n|gametype|doubles\n|player|p1|Pauliet123|169|1667\n|player|p2|SubToPenglin|lady|1640\n|teamsize|p1|6\n|teamsize|p2|6\n|gen|9\n|tier|[Gen 9] VGC 2025 Reg G\n|rated|\n|rule|Species Clause: Limit one of each Pok\u00e9mon\n|rule|Item Clause: Limit 1 of each item\n|clearpoke\n|poke|p1|Weezing-Galar, L50, M|\n|poke|p1|Dondozo, L50, M|\n|poke|p1|Calyrex-Shadow, L50|\n|poke|p1|Tatsugiri, L50, F|\n|poke|p1|Indeedee-F, L50, F|\n|poke|p1|Iron Hands, L50|\n|poke|p2|Comfey, L50, M|\n|poke|p2|Terapagos, L50, M|\n|poke|p2|Tornadus, L50, M|\n|poke|p2|Magmar, L50, F|\n|poke|p2|Landorus, L50, M|\n|poke|p2|Volcarona, L50, M|\n|teampreview|4\n|inactive|Battle timer is ON: inactive players will automatically lose when time's up. (requested by SubToPenglin)\n|\n|t:|1738809183\n|start\n|switch|p1a: Iron Hands|Iron Hands, L50, shiny|100\/100\n|switch|p1b: Weezing|Weezing-Galar, L50, M, shiny|100\/100\n|switch|p2a: Terapagos|Terapagos, L50, M|100\/100\n|switch|p2b: Tornadus|Tornadus, L50, M|100\/100\n|-activate|p2a: Terapagos|ability: Tera Shift\n|detailschange|p2a: Terapagos|Terapagos-Terastal, L50, M\n|-heal|p2a: Terapagos|100\/100|[silent]\n|-ability|p1b: Weezing|Neutralizing Gas\n|turn|1\n|\n|t:|1738809196\n|move|p1a: Iron Hands|Fake Out|p2a: Terapagos\n|-damage|p2a: Terapagos|88\/100\n|move|p2b: Tornadus|Taunt|p1b: Weezing\n|-start|p1b: Weezing|move: Taunt\n|-enditem|p1b: Weezing|Mental Herb\n|-end|p1b: Weezing|move: Taunt\n|cant|p2a: Terapagos|flinch\n|move|p1b: Weezing|Poison Gas|p2a: Terapagos|[spread] p2a,p2b\n|-status|p2a: Terapagos|psn\n|-status|p2b: Tornadus|psn\n|\n|-damage|p2b: Tornadus|89\/100 psn|[from] psn\n|-damage|p2a: Terapagos|76\/100 psn|[from] psn\n|upkeep\n|turn|2\n|\n|t:|1738809209\n|switch|p2a: Landorus|Landorus, L50, M|100\/100\n|move|p1b: Weezing|Protect|p1b: Weezing\n|-singleturn|p1b: Weezing|Protect\n|move|p2b: Tornadus|Taunt|p1b: Weezing\n|-activate|p1b: Weezing|move: Protect\n|move|p1a: Iron Hands|Drain Punch|p2a: Landorus\n|-resisted|p2a: Landorus\n|-damage|p2a: Landorus|73\/100\n|\n|-damage|p2b: Tornadus|77\/100 psn|[from] psn\n|upkeep\n|turn|3\n|\n|t:|1738809214\n|move|p2b: Tornadus|Bleakwind Storm|p1b: Weezing|[spread] p1a,p1b\n|-damage|p1a: Iron Hands|82\/100\n|-damage|p1b: Weezing|69\/100\n|-unboost|p1b: Weezing|spe|1\n|move|p2a: Landorus|Earth Power|p1a: Iron Hands\n|-supereffective|p1a: Iron Hands\n|-damage|p1a: Iron Hands|15\/100\n|-damage|p2a: Landorus|64\/100|[from] item: Life Orb\n|move|p1a: Iron Hands|Ice Punch|p2a: Landorus\n|-supereffective|p2a: Landorus\n|-damage|p2a: Landorus|0 fnt\n|faint|p2a: Landorus\n|move|p1b: Weezing|Toxic Spikes|p2b: Tornadus\n|-sidestart|p2: SubToPenglin|move: Toxic Spikes\n|\n|-damage|p2b: Tornadus|65\/100 psn|[from] psn\n|upkeep\n|\n|t:|1738809226\n|switch|p2a: Terapagos|Terapagos-Terastal, L50, M|76\/100 psn\n|turn|4\n|\n|t:|1738809246\n|-terastallize|p2a: Terapagos|Stellar\n|detailschange|p2a: Terapagos|Terapagos-Stellar, L50, M, tera:Stellar\n|-heal|p2a: Terapagos|82\/100 psn|[silent]\n|move|p2b: Tornadus|Tailwind|p2b: Tornadus\n|-sidestart|p2: SubToPenglin|move: Tailwind\n|move|p2a: Terapagos|Tera Starstorm|p1a: Iron Hands|[spread] p1a,p1b\n|-damage|p1a: Iron Hands|0 fnt\n|-damage|p1b: Weezing|28\/100\n|faint|p1a: Iron Hands\n|-end|p1a: Iron Hands|Quark Drive|[silent]\n|move|p1b: Weezing|Dazzling Gleam|p2a: Terapagos|[spread] p2a,p2b\n|-damage|p2a: Terapagos|69\/100 psn\n|-damage|p2b: Tornadus|41\/100 psn\n|\n|-damage|p2b: Tornadus|29\/100 psn|[from] psn\n|-damage|p2a: Terapagos|57\/100 psn|[from] psn\n|upkeep\n|\n|t:|1738809258\n|switch|p1a: Dondozo|Dondozo, L50, M|100\/100\n|turn|5\n|\n|t:|1738809263\n|-end|p1b: Weezing|ability: Neutralizing Gas\n|switch|p1b: Tatsugiri|Tatsugiri, L50, F, shiny|100\/100\n|-activate|p1b: Tatsugiri|ability: Commander|[of] p1a: Dondozo\n|-boost|p1a: Dondozo|atk|2\n|-boost|p1a: Dondozo|spa|2\n|-boost|p1a: Dondozo|spe|2\n|-boost|p1a: Dondozo|def|2\n|-boost|p1a: Dondozo|spd|2\n|move|p2b: Tornadus|Bleakwind Storm|p1a: Dondozo|[spread] p1a\n|-miss|p2b: Tornadus|p1b: Tatsugiri\n|-crit|p1a: Dondozo\n|-damage|p1a: Dondozo|55\/100\n|-unboost|p1a: Dondozo|spe|1\n|move|p2a: Terapagos|Tera Starstorm|p1a: Dondozo|[spread] p1a\n|-miss|p2a: Terapagos|p1b: Tatsugiri\n|-damage|p1a: Dondozo|39\/100\n|move|p1a: Dondozo|Order Up|p2b: Tornadus\n|-damage|p2b: Tornadus|0 fnt\n|faint|p2b: Tornadus\n|-boost|p1a: Dondozo|atk|1\n|\n|-heal|p1a: Dondozo|45\/100|[from] item: Leftovers\n|-damage|p2a: Terapagos|45\/100 psn|[from] psn\n|upkeep\n|\n|t:|1738809266\n|switch|p2b: Comfey|Comfey, L50, M, shiny|100\/100\n|-status|p2b: Comfey|psn\n|turn|6\n|\n|t:|1738809274\n|move|p2b: Comfey|Floral Healing|p2a: Terapagos\n|-heal|p2a: Terapagos|95\/100 psn\n|move|p2a: Terapagos|Tera Starstorm|p1a: Dondozo|[spread] p1a\n|-miss|p2a: Terapagos|p1b: Tatsugiri\n|-damage|p1a: Dondozo|29\/100\n|move|p1a: Dondozo|Earthquake|p2a: Terapagos|[spread] p2a,p2b\n|-miss|p1a: Dondozo|p1b: Tatsugiri\n|-damage|p2a: Terapagos|69\/100 psn\n|-damage|p2b: Comfey|55\/100 psn\n|\n|-heal|p1a: Dondozo|35\/100|[from] item: Leftovers\n|-damage|p2b: Comfey|42\/100 psn|[from] psn\n|-damage|p2a: Terapagos|57\/100 psn|[from] psn\n|upkeep\n|-enditem|p2b: Comfey|Sitrus Berry|[eat]\n|-heal|p2b: Comfey|67\/100 psn|[from] item: Sitrus Berry\n|turn|7\n|\n|t:|1738809282\n|move|p1a: Dondozo|Protect|p1a: Dondozo\n|-singleturn|p1a: Dondozo|Protect\n|move|p2b: Comfey|Draining Kiss|p1a: Dondozo\n|-activate|p1a: Dondozo|move: Protect\n|move|p2a: Terapagos|Tera Starstorm|p1b: Tatsugiri|[spread] \n|-miss|p2a: Terapagos|p1b: Tatsugiri\n|-activate|p1a: Dondozo|move: Protect\n|\n|-heal|p1a: Dondozo|42\/100|[from] item: Leftovers\n|-damage|p2b: Comfey|55\/100 psn|[from] psn\n|-damage|p2a: Terapagos|45\/100 psn|[from] psn\n|-sideend|p2: SubToPenglin|move: Tailwind\n|upkeep\n|turn|8\n|\n|t:|1738809299\n|move|p2b: Comfey|Floral Healing|p2a: Terapagos\n|-heal|p2a: Terapagos|95\/100 psn\n|move|p2a: Terapagos|Tera Starstorm|p1a: Dondozo|[spread] p1a\n|-miss|p2a: Terapagos|p1b: Tatsugiri\n|-damage|p1a: Dondozo|24\/100\n|move|p1a: Dondozo|Wave Crash|p2b: Comfey\n|-damage|p2b: Comfey|0 fnt\n|faint|p2b: Comfey\n|-damage|p1a: Dondozo|12\/100|[from] Recoil\n|\n|-heal|p1a: Dondozo|18\/100|[from] item: Leftovers\n|-damage|p2a: Terapagos|83\/100 psn|[from] psn\n|upkeep\n|turn|9\n|\n|t:|1738809312\n|move|p1a: Dondozo|Protect|p1a: Dondozo\n|-singleturn|p1a: Dondozo|Protect\n|move|p2a: Terapagos|Calm Mind|p2a: Terapagos\n|-boost|p2a: Terapagos|spa|1\n|-boost|p2a: Terapagos|spd|1\n|\n|-heal|p1a: Dondozo|24\/100|[from] item: Leftovers\n|-damage|p2a: Terapagos|71\/100 psn|[from] psn\n|upkeep\n|turn|10\n|\n|t:|1738809317\n|move|p2a: Terapagos|Earth Power|p1a: Dondozo\n|-damage|p1a: Dondozo|6\/100\n|move|p1a: Dondozo|Order Up|p2a: Terapagos\n|-damage|p2a: Terapagos|42\/100 psn\n|-boost|p1a: Dondozo|atk|1\n|\n|-heal|p1a: Dondozo|12\/100|[from] item: Leftovers\n|-damage|p2a: Terapagos|30\/100 psn|[from] psn\n|upkeep\n|turn|11\n|\n|t:|1738809326\n|move|p1a: Dondozo|Protect|p1a: Dondozo\n|-singleturn|p1a: Dondozo|Protect\n|move|p2a: Terapagos|Earth Power|p1a: Dondozo\n|-activate|p1a: Dondozo|move: Protect\n|\n|-heal|p1a: Dondozo|19\/100|[from] item: Leftovers\n|-damage|p2a: Terapagos|18\/100 psn|[from] psn\n|upkeep\n|turn|12\n|\n|t:|1738809329\n|move|p2a: Terapagos|Earth Power|p1a: Dondozo\n|-damage|p1a: Dondozo|2\/100\n|move|p1a: Dondozo|Order Up|p2a: Terapagos\n|-damage|p2a: Terapagos|0 fnt\n|faint|p2a: Terapagos\n|\n|win|Pauliet123\n|raw|Pauliet123's rating: 1687 &rarr; <strong>1704<\/strong><br \/>(+17 for winning)\n|raw|SubToPenglin's rating: 1640 &rarr; <strong>1623<\/strong><br \/>(-17 for losing)\n|c|\u2606Pauliet123|GG\n|l|\u2606SubToPenglin\n|player|p2|\n|l|\u2606Pauliet123\n|player|p1|\n","uploadtime":1738809582,"views":10,"formatid":"gen9vgc2025regg","rating":1623,"private":0,"password":null}