{"id":"gen9vgc2025regg-2295403074","format":"[Gen 9] VGC 2025 Reg G","players":["aoiharada","IDKWHATTODOANYMORE"],"log":"|j|\u2606aoiharada\n|j|\u2606IDKWHATTODOANYMORE\n|t:|1738828463\n|gametype|doubles\n|player|p1|aoiharada|101|1595\n|player|p2|IDKWHATTODOANYMORE|steven|1654\n|teamsize|p1|6\n|teamsize|p2|6\n|gen|9\n|tier|[Gen 9] VGC 2025 Reg G\n|rated|\n|rule|Species Clause: Limit one of each Pok\u00e9mon\n|rule|Item Clause: Limit 1 of each item\n|clearpoke\n|poke|p1|Weezing-Galar, L50, F|\n|poke|p1|Calyrex-Shadow, L50|\n|poke|p1|Dondozo, L50, M|\n|poke|p1|Tatsugiri, L50, M|\n|poke|p1|Incineroar, L50, M|\n|poke|p1|Roaring Moon, L50|\n|poke|p2|Amoonguss, L50, M|\n|poke|p2|Calyrex-Ice, L50|\n|poke|p2|Urshifu-*, L50, M|\n|poke|p2|Ogerpon-Hearthflame, L50, F|\n|poke|p2|Landorus, L50, M|\n|poke|p2|Roaring Moon, L50|\n|teampreview|4\n|inactive|Battle timer is ON: inactive players will automatically lose when time's up. (requested by IDKWHATTODOANYMORE)\n|\n|t:|1738828484\n|start\n|switch|p1a: Calyrex|Calyrex-Shadow, L50|100\/100\n|switch|p1b: Weezing|Weezing-Galar, L50, F|100\/100\n|switch|p2a: Landorus|Landorus, L50, M, shiny|100\/100\n|switch|p2b: Roaring Moon|Roaring Moon, L50, shiny|100\/100\n|-ability|p1b: Weezing|Neutralizing Gas\n|-ability|p1a: Calyrex|As One\n|-ability|p1a: Calyrex|Unnerve\n|turn|1\n|inactive|aoiharada has 30 seconds left.\n|\n|t:|1738828517\n|-terastallize|p1a: Calyrex|Normal\n|move|p2b: Roaring Moon|Protect|p2b: Roaring Moon\n|-singleturn|p2b: Roaring Moon|Protect\n|move|p1a: Calyrex|Hyper Beam|p2b: Roaring Moon\n|-activate|p2b: Roaring Moon|move: Protect\n|move|p2a: Landorus|Sandsear Storm|p1a: Calyrex|[spread] p1a,p1b\n|-supereffective|p1b: Weezing\n|-damage|p1a: Calyrex|49\/100\n|-damage|p1b: Weezing|22\/100\n|-enditem|p1b: Weezing|Sitrus Berry|[eat]\n|-heal|p1b: Weezing|47\/100|[from] item: Sitrus Berry\n|-damage|p2a: Landorus|91\/100|[from] item: Life Orb\n|move|p1b: Weezing|Toxic Spikes|p2b: Roaring Moon\n|-sidestart|p2: IDKWHATTODOANYMORE|move: Toxic Spikes\n|\n|upkeep\n|turn|2\n|inactive|IDKWHATTODOANYMORE has 30 seconds left.\n|\n|t:|1738828549\n|move|p1b: Weezing|Protect|p1b: Weezing\n|-singleturn|p1b: Weezing|Protect\n|move|p1a: Calyrex|Hyper Beam|p2b: Roaring Moon\n|-damage|p2b: Roaring Moon|0 fnt\n|-mustrecharge|p1a: Calyrex\n|faint|p2b: Roaring Moon\n|-end|p2b: Roaring Moon|Protosynthesis|[silent]\n|-ability|p1a: Calyrex|Grim Neigh|boost\n|-boost|p1a: Calyrex|spa|1\n|move|p2a: Landorus|Sandsear Storm|p1b: Weezing|[spread] p1a\n|-activate|p1b: Weezing|move: Protect\n|-damage|p1a: Calyrex|6\/100\n|-damage|p2a: Landorus|81\/100|[from] item: Life Orb\n|\n|upkeep\n|\n|t:|1738828559\n|switch|p2b: Amoonguss|Amoonguss, L50, M, shiny|100\/100\n|-sideend|p2: IDKWHATTODOANYMORE|move: Toxic Spikes|[of] p2b: Amoonguss\n|turn|3\n|\n|t:|1738828569\n|switch|p2b: Calyrex|Calyrex-Ice, L50|100\/100\n|-ability|p2b: Calyrex|As One\n|-ability|p2b: Calyrex|Unnerve\n|cant|p1a: Calyrex|recharge\n|move|p2a: Landorus|Sandsear Storm|p1b: Weezing|[spread] p1a\n|-miss|p2a: Landorus|p1b: Weezing\n|-damage|p1a: Calyrex|0 fnt\n|faint|p1a: Calyrex\n|-damage|p2a: Landorus|71\/100|[from] item: Life Orb\n|move|p1b: Weezing|Toxic Spikes|p2a: Landorus\n|-sidestart|p2: IDKWHATTODOANYMORE|move: Toxic Spikes\n|\n|upkeep\n|\n|t:|1738828580\n|switch|p1a: Dondozo|Dondozo, L50, M|100\/100\n|turn|4\n|\n|t:|1738828594\n|move|p2a: Landorus|Protect|p2a: Landorus\n|-singleturn|p2a: Landorus|Protect\n|move|p2b: Calyrex|Protect|p2b: Calyrex\n|-singleturn|p2b: Calyrex|Protect\n|move|p1a: Dondozo|Protect|p1a: Dondozo\n|-singleturn|p1a: Dondozo|Protect\n|move|p1b: Weezing|Poison Gas|p2a: Landorus|[spread] \n|-activate|p2a: Landorus|move: Protect\n|-activate|p2b: Calyrex|move: Protect\n|\n|upkeep\n|turn|5\n|\n|t:|1738828605\n|move|p1b: Weezing|Protect|p1b: Weezing\n|-singleturn|p1b: Weezing|Protect\n|move|p2a: Landorus|Sandsear Storm|p1a: Dondozo|[spread] p1a\n|-activate|p1b: Weezing|move: Protect\n|-damage|p1a: Dondozo|55\/100\n|-damage|p2a: Landorus|62\/100|[from] item: Life Orb\n|move|p2b: Calyrex|Glacial Lance|p1a: Dondozo|[spread] p1a\n|-activate|p1b: Weezing|move: Protect\n|-resisted|p1a: Dondozo\n|-damage|p1a: Dondozo|38\/100\n|move|p1a: Dondozo|Substitute|p1a: Dondozo\n|-start|p1a: Dondozo|Substitute\n|-damage|p1a: Dondozo|13\/100\n|\n|-heal|p1a: Dondozo|20\/100|[from] item: Leftovers\n|upkeep\n|turn|6\n|\n|t:|1738828621\n|move|p1a: Dondozo|Protect|p1a: Dondozo\n|-singleturn|p1a: Dondozo|Protect\n|move|p2a: Landorus|Sandsear Storm|p1a: Dondozo|[spread] p1b\n|-activate|p1a: Dondozo|move: Protect\n|-supereffective|p1b: Weezing\n|-damage|p1b: Weezing|0 fnt\n|faint|p1b: Weezing\n|-end|p1b: Weezing|ability: Neutralizing Gas\n|-damage|p2a: Landorus|52\/100|[from] item: Life Orb\n|move|p2b: Calyrex|High Horsepower|p1a: Dondozo\n|-activate|p1a: Dondozo|move: Protect\n|\n|-heal|p1a: Dondozo|26\/100|[from] item: Leftovers\n|upkeep\n|\n|t:|1738828629\n|switch|p1b: Tatsugiri|Tatsugiri, L50, M|100\/100\n|-activate|p1b: Tatsugiri|ability: Commander|[of] p1a: Dondozo\n|-boost|p1a: Dondozo|atk|2\n|-boost|p1a: Dondozo|spa|2\n|-boost|p1a: Dondozo|spe|2\n|-boost|p1a: Dondozo|def|2\n|-boost|p1a: Dondozo|spd|2\n|turn|7\n|\n|t:|1738828654\n|-terastallize|p2b: Calyrex|Water\n|move|p1a: Dondozo|Wave Crash|p2b: Calyrex\n|-resisted|p2b: Calyrex\n|-damage|p2b: Calyrex|67\/100\n|-damage|p1a: Dondozo|17\/100|[from] Recoil\n|move|p2a: Landorus|Earth Power|p1a: Dondozo\n|-end|p1a: Dondozo|Substitute\n|move|p2b: Calyrex|High Horsepower|p1a: Dondozo\n|-damage|p1a: Dondozo|4\/100\n|\n|-heal|p1a: Dondozo|10\/100|[from] item: Leftovers\n|upkeep\n|turn|8\n|-message|aoiharada forfeited.\n|\n|win|IDKWHATTODOANYMORE\n|raw|aoiharada's rating: 1595 &rarr; <strong>1578<\/strong><br \/>(-17 for losing)\n|raw|IDKWHATTODOANYMORE's rating: 1654 &rarr; <strong>1671<\/strong><br \/>(+17 for winning)\n|l|\u2606aoiharada\n|player|p1|\n|l|\u2606IDKWHATTODOANYMORE\n|player|p2|\n","uploadtime":1738828832,"views":6,"formatid":"gen9vgc2025regg","rating":1578,"private":0,"password":null}