{"id":"gen9vgc2025regg-2295522185","format":"[Gen 9] VGC 2025 Reg G","players":["tachitsuteto12345","TurnAGaming"],"log":"|j|\u2606tachitsuteto12345\n|j|\u2606TurnAGaming\n|t:|1738848499\n|gametype|doubles\n|player|p1|tachitsuteto12345|169|1603\n|player|p2|TurnAGaming|drayden|1518\n|teamsize|p1|6\n|teamsize|p2|6\n|gen|9\n|tier|[Gen 9] VGC 2025 Reg G\n|rated|\n|rule|Species Clause: Limit one of each Pok\u00e9mon\n|rule|Item Clause: Limit 1 of each item\n|clearpoke\n|poke|p1|Calyrex-Shadow, L50|\n|poke|p1|Urshifu-*, L50, F|\n|poke|p1|Pelipper, L50, F|\n|poke|p1|Incineroar, L50, M|\n|poke|p1|Rillaboom, L50, M|\n|poke|p1|Amoonguss, L50, F|\n|poke|p2|Zamazenta-*, L50|\n|poke|p2|Umbreon, L50, M|\n|poke|p2|Chien-Pao, L50|\n|poke|p2|Urshifu-*, L50, M|\n|poke|p2|Flutter Mane, L50|\n|poke|p2|Ogerpon-Hearthflame, L50, F|\n|teampreview|4\n|inactive|Battle timer is ON: inactive players will automatically lose when time's up. (requested by TurnAGaming)\n|inactive|tachitsuteto12345 has 60 seconds left.\n|l|\u2606TurnAGaming\n|inactive|TurnAGaming disconnected and has a minute to reconnect!\n|player|p2|\n|\n|t:|1738848560\n|start\n|switch|p1a: Amoonguss|Amoonguss, L50, F|100\/100\n|switch|p1b: Incineroar|Incineroar, L50, M|100\/100\n|switch|p2a: Flutter Mane|Flutter Mane, L50, shiny|100\/100\n|switch|p2b: Chien-Pao|Chien-Pao, L50|100\/100\n|-ability|p2b: Chien-Pao|Sword of Ruin\n|-ability|p1b: Incineroar|Intimidate|boost\n|-unboost|p2a: Flutter Mane|atk|1\n|-unboost|p2b: Chien-Pao|atk|1\n|-enditem|p2a: Flutter Mane|Booster Energy\n|-activate|p2a: Flutter Mane|ability: Protosynthesis|[fromitem]\n|-start|p2a: Flutter Mane|protosynthesisspe\n|turn|1\n|j|\u2606TurnAGaming\n|inactive|TurnAGaming reconnected and has 45 seconds left.\n|player|p2|TurnAGaming|drayden|\n|inactive|TurnAGaming has 30 seconds left.\n|\n|t:|1738848586\n|-terastallize|p2b: Chien-Pao|Ghost\n|move|p1b: Incineroar|Fake Out|p2b: Chien-Pao\n|-immune|p2b: Chien-Pao\n|move|p2a: Flutter Mane|Shadow Ball|p1a: Amoonguss\n|-damage|p1a: Amoonguss|66\/100\n|move|p2b: Chien-Pao|Ice Spinner|p1a: Amoonguss\n|-supereffective|p1a: Amoonguss\n|-damage|p1a: Amoonguss|11\/100\n|move|p1a: Amoonguss|Spore|p2a: Flutter Mane\n|-status|p2a: Flutter Mane|slp|[from] move: Spore\n|\n|upkeep\n|turn|2\n|inactive|tachitsuteto12345 has 30 seconds left.\n|\n|t:|1738848617\n|switch|p1a: Urshifu|Urshifu-Rapid-Strike, L50, F|100\/100\n|cant|p2a: Flutter Mane|slp\n|move|p2b: Chien-Pao|Ice Spinner|p1a: Urshifu\n|-resisted|p1a: Urshifu\n|-damage|p1a: Urshifu|82\/100\n|move|p1b: Incineroar|Parting Shot|p2a: Flutter Mane\n|-unboost|p2a: Flutter Mane|atk|1\n|-unboost|p2a: Flutter Mane|spa|1\n|\n|t:|1738848628\n|switch|p1b: Calyrex|Calyrex-Shadow, L50|100\/100|[from] Parting Shot\n|-ability|p1b: Calyrex|As One\n|-ability|p1b: Calyrex|Unnerve\n|\n|upkeep\n|turn|3\n|\n|t:|1738848641\n|switch|p2b: Umbreon|Umbreon, L50, M, shiny|100\/100\n|-terastallize|p1b: Calyrex|Dark\n|move|p1a: Urshifu|Aqua Jet|p2b: Umbreon\n|-damage|p2b: Umbreon|84\/100\n|cant|p2a: Flutter Mane|slp\n|move|p1b: Calyrex|Astral Barrage|p2b: Umbreon|[spread] p2a,p2b\n|-supereffective|p2a: Flutter Mane\n|-resisted|p2b: Umbreon\n|-damage|p2a: Flutter Mane|0 fnt\n|-damage|p2b: Umbreon|64\/100\n|faint|p2a: Flutter Mane\n|-end|p2a: Flutter Mane|Protosynthesis|[silent]\n|-ability|p1b: Calyrex|Grim Neigh|boost\n|-boost|p1b: Calyrex|spa|1\n|-damage|p1b: Calyrex|91\/100|[from] item: Life Orb\n|\n|-heal|p2b: Umbreon|70\/100|[from] item: Leftovers\n|upkeep\n|\n|t:|1738848650\n|switch|p2a: Zamazenta|Zamazenta-Crowned, L50|100\/100\n|-ability|p2a: Zamazenta|Dauntless Shield|boost\n|-boost|p2a: Zamazenta|def|1\n|turn|4\n|\n|t:|1738848671\n|switch|p1a: Incineroar|Incineroar, L50, M|100\/100\n|-ability|p1a: Incineroar|Intimidate|boost\n|-unboost|p2a: Zamazenta|atk|1\n|-fail|p2b: Umbreon|unboost|Attack|[from] ability: Inner Focus|[of] p2b: Umbreon\n|move|p1b: Calyrex|Protect|p1b: Calyrex\n|-singleturn|p1b: Calyrex|Protect\n|move|p2a: Zamazenta|Body Press|p1b: Calyrex\n|-activate|p1b: Calyrex|move: Protect\n|move|p2b: Umbreon|Yawn|p1a: Incineroar\n|-start|p1a: Incineroar|move: Yawn|[of] p2b: Umbreon\n|\n|-heal|p2b: Umbreon|76\/100|[from] item: Leftovers\n|upkeep\n|turn|5\n|inactive|tachitsuteto12345 has 30 seconds left.\n|\n|t:|1738848699\n|move|p1a: Incineroar|Fake Out|p2a: Zamazenta\n|-resisted|p2a: Zamazenta\n|-damage|p2a: Zamazenta|98\/100\n|move|p1b: Calyrex|Pollen Puff|p2b: Umbreon\n|-supereffective|p2b: Umbreon\n|-damage|p2b: Umbreon|0 fnt\n|faint|p2b: Umbreon\n|-ability|p1b: Calyrex|Grim Neigh|boost\n|-boost|p1b: Calyrex|spa|1\n|-damage|p1b: Calyrex|81\/100|[from] item: Life Orb\n|cant|p2a: Zamazenta|flinch\n|\n|-end|p1a: Incineroar|move: Yawn|[silent]\n|-status|p1a: Incineroar|slp\n|upkeep\n|\n|t:|1738848705\n|switch|p2b: Chien-Pao|Chien-Pao, L50, tera:Ghost|100\/100\n|-ability|p2b: Chien-Pao|Sword of Ruin\n|turn|6\n|inactive|tachitsuteto12345 has 30 seconds left.\n|\n|t:|1738848734\n|switch|p1a: Amoonguss|Amoonguss, L50, F|44\/100\n|move|p2a: Zamazenta|Wide Guard|p2a: Zamazenta\n|-singleturn|p2a: Zamazenta|Wide Guard\n|move|p1b: Calyrex|Astral Barrage|p2a: Zamazenta|[spread] \n|-activate|p2a: Zamazenta|move: Wide Guard\n|-activate|p2b: Chien-Pao|move: Wide Guard\n|move|p2b: Chien-Pao|Ice Spinner|p1a: Amoonguss\n|-supereffective|p1a: Amoonguss\n|-damage|p1a: Amoonguss|0 fnt\n|faint|p1a: Amoonguss\n|\n|upkeep\n|\n|t:|1738848758\n|switch|p1a: Urshifu|Urshifu-Rapid-Strike, L50, F|82\/100\n|turn|7\n|\n|t:|1738848774\n|move|p1b: Calyrex|Astral Barrage|p2b: Chien-Pao|[spread] p2a,p2b\n|-supereffective|p2b: Chien-Pao\n|-damage|p2a: Zamazenta|9\/100\n|-enditem|p2b: Chien-Pao|Focus Sash\n|-damage|p2b: Chien-Pao|1\/100\n|-damage|p1b: Calyrex|71\/100|[from] item: Life Orb\n|move|p2b: Chien-Pao|Sacred Sword|p1b: Calyrex\n|-supereffective|p1b: Calyrex\n|-damage|p1b: Calyrex|0 fnt\n|faint|p1b: Calyrex\n|move|p2a: Zamazenta|Body Press|p1a: Urshifu\n|-damage|p1a: Urshifu|0 fnt\n|faint|p1a: Urshifu\n|\n|upkeep\n|inactive|tachitsuteto12345 has 30 seconds left.\n|\n|t:|1738848800\n|switch|p1b: Incineroar|Incineroar, L50, M|100\/100 slp\n|-ability|p1b: Incineroar|Intimidate|boost\n|-unboost|p2a: Zamazenta|atk|1\n|-unboost|p2b: Chien-Pao|atk|1\n|turn|8\n|-message|tachitsuteto12345 forfeited.\n|\n|win|TurnAGaming\n|raw|tachitsuteto12345's rating: 1603 &rarr; <strong>1578<\/strong><br \/>(-25 for losing)\n|raw|TurnAGaming's rating: 1518 &rarr; <strong>1543<\/strong><br \/>(+25 for winning)\n|l|\u2606tachitsuteto12345\n|player|p1|\n|l|\u2606TurnAGaming\n|player|p2|\n","uploadtime":1738849062,"views":7,"formatid":"gen9vgc2025regg","rating":1543,"private":0,"password":null}