{"id":"gen9vgc2025regg-2295514057","format":"[Gen 9] VGC 2025 Reg G","players":["koji muranishi","regidracofan712"],"log":"|j|\u2606koji muranishi\n|j|\u2606regidracofan712\n|t:|1738847391\n|gametype|doubles\n|player|p1|koji muranishi|169|1714\n|player|p2|regidracofan712|kimonogirl|1701\n|teamsize|p1|6\n|teamsize|p2|6\n|gen|9\n|tier|[Gen 9] VGC 2025 Reg G\n|rated|\n|rule|Species Clause: Limit one of each Pok\u00e9mon\n|rule|Item Clause: Limit 1 of each item\n|clearpoke\n|poke|p1|Whimsicott, L50, M|\n|poke|p1|Calyrex-Ice, L50|\n|poke|p1|Urshifu-*, L50, F|\n|poke|p1|Volcarona, L50, M|\n|poke|p1|Raging Bolt, L50|\n|poke|p1|Landorus, L50, M|\n|poke|p2|Lunala, L50|\n|poke|p2|Rillaboom, L50, F|\n|poke|p2|Farigiraf, L50, M|\n|poke|p2|Incineroar, L50, F|\n|poke|p2|Wo-Chien, L50|\n|poke|p2|Raging Bolt, L50|\n|teampreview|4\n|inactive|Battle timer is ON: inactive players will automatically lose when time's up. (requested by koji muranishi)\n|inactive|regidracofan712 has 60 seconds left.\n|\n|t:|1738847436\n|start\n|switch|p1a: Volcarona|Volcarona, L50, M|100\/100\n|switch|p1b: Calyrex|Calyrex-Ice, L50|100\/100\n|switch|p2a: BloodMoon|Lunala, L50, shiny|100\/100\n|switch|p2b: Wo-Chien|Wo-Chien, L50|100\/100\n|-ability|p1b: Calyrex|As One\n|-ability|p1b: Calyrex|Unnerve\n|-ability|p2b: Wo-Chien|Tablets of Ruin\n|turn|1\n|\n|t:|1738847465\n|-terastallize|p1a: Volcarona|Ground\n|-terastallize|p2b: Wo-Chien|Water\n|move|p1a: Volcarona|Rage Powder|p1a: Volcarona\n|-singleturn|p1a: Volcarona|move: Rage Powder\n|move|p2a: BloodMoon|Calm Mind|p2a: BloodMoon\n|-boost|p2a: BloodMoon|spa|1\n|-boost|p2a: BloodMoon|spd|1\n|move|p1b: Calyrex|Glacial Lance|p2b: Wo-Chien|[spread] p2a,p2b\n|-resisted|p2b: Wo-Chien\n|-damage|p2a: BloodMoon|77\/100\n|-damage|p2b: Wo-Chien|79\/100\n|move|p2b: Wo-Chien|Foul Play|p1a: Volcarona\n|-damage|p1a: Volcarona|87\/100\n|-damage|p2b: Wo-Chien|62\/100|[from] item: Rocky Helmet|[of] p1a: Volcarona\n|\n|-heal|p2a: BloodMoon|83\/100|[from] item: Leftovers\n|upkeep\n|turn|2\n|inactive|regidracofan712 has 30 seconds left.\n|\n|t:|1738847497\n|move|p1a: Volcarona|Rage Powder|p1a: Volcarona\n|-singleturn|p1a: Volcarona|move: Rage Powder\n|move|p2a: BloodMoon|Moongeist Beam|p1a: Volcarona\n|-damage|p1a: Volcarona|8\/100\n|move|p1b: Calyrex|Glacial Lance|p2b: Wo-Chien|[spread] p2a,p2b\n|-resisted|p2b: Wo-Chien\n|-damage|p2a: BloodMoon|36\/100\n|-damage|p2b: Wo-Chien|41\/100\n|move|p2b: Wo-Chien|Pollen Puff|p1a: Volcarona\n|-crit|p1a: Volcarona\n|-damage|p1a: Volcarona|0 fnt\n|faint|p1a: Volcarona\n|\n|-heal|p2a: BloodMoon|42\/100|[from] item: Leftovers\n|upkeep\n|inactive|koji muranishi has 30 seconds left.\n|\n|t:|1738847522\n|switch|p1a: Raging Bolt|Raging Bolt, L50|100\/100\n|-enditem|p1a: Raging Bolt|Booster Energy\n|-activate|p1a: Raging Bolt|ability: Protosynthesis|[fromitem]\n|-start|p1a: Raging Bolt|protosynthesisspa\n|turn|3\n|\n|t:|1738847537\n|switch|p2b: Incineroar|Incineroar, L50, F, shiny|100\/100\n|-ability|p2b: Incineroar|Intimidate|boost\n|-unboost|p1a: Raging Bolt|atk|1\n|-unboost|p1b: Calyrex|atk|1\n|move|p2a: BloodMoon|Protect|p2a: BloodMoon\n|-singleturn|p2a: BloodMoon|Protect\n|move|p1a: Raging Bolt|Thunderbolt|p2b: Incineroar\n|-damage|p2b: Incineroar|33\/100\n|move|p1b: Calyrex|Glacial Lance|p2a: BloodMoon|[spread] p2b\n|-activate|p2a: BloodMoon|move: Protect\n|-resisted|p2b: Incineroar\n|-damage|p2b: Incineroar|9\/100\n|\n|-heal|p2a: BloodMoon|48\/100|[from] item: Leftovers\n|upkeep\n|turn|4\n|\n|t:|1738847555\n|move|p2b: Incineroar|Fake Out|p1b: Calyrex\n|-damage|p1b: Calyrex|91\/100\n|move|p2a: BloodMoon|Moonblast|p1a: Raging Bolt\n|-supereffective|p1a: Raging Bolt\n|-damage|p1a: Raging Bolt|0 fnt\n|faint|p1a: Raging Bolt\n|-end|p1a: Raging Bolt|Protosynthesis|[silent]\n|cant|p1b: Calyrex|flinch\n|\n|-heal|p2a: BloodMoon|55\/100|[from] item: Leftovers\n|upkeep\n|j| futonkagebunshin\n|\n|t:|1738847567\n|switch|p1a: Landorus|Landorus, L50, M|100\/100\n|turn|5\n|\n|t:|1738847589\n|switch|p2b: Wo-Chien|Wo-Chien, L50, tera:Water|41\/100\n|-ability|p2b: Wo-Chien|Tablets of Ruin\n|move|p1a: Landorus|Sandsear Storm|p2a: BloodMoon|[spread] p2a,p2b\n|-damage|p2a: BloodMoon|23\/100\n|-damage|p2b: Wo-Chien|0 fnt\n|faint|p2b: Wo-Chien\n|move|p2a: BloodMoon|Moongeist Beam|p1b: Calyrex\n|-supereffective|p1b: Calyrex\n|-damage|p1b: Calyrex|0 fnt\n|faint|p1b: Calyrex\n|\n|-heal|p2a: BloodMoon|29\/100|[from] item: Leftovers\n|upkeep\n|\n|t:|1738847597\n|switch|p2b: Incineroar|Incineroar, L50, F, shiny|9\/100\n|-ability|p2b: Incineroar|Intimidate|boost\n|-unboost|p1a: Landorus|atk|1\n|turn|6\n|\n|t:|1738847612\n|move|p2b: Incineroar|Fake Out|p1a: Landorus\n|-damage|p1a: Landorus|86\/100\n|cant|p1a: Landorus|flinch\n|move|p2a: BloodMoon|Calm Mind|p2a: BloodMoon\n|-boost|p2a: BloodMoon|spa|1\n|-boost|p2a: BloodMoon|spd|1\n|\n|-heal|p2a: BloodMoon|35\/100|[from] item: Leftovers\n|upkeep\n|turn|7\n|\n|t:|1738847624\n|move|p2a: BloodMoon|Protect|p2a: BloodMoon\n|-singleturn|p2a: BloodMoon|Protect\n|move|p1a: Landorus|Sandsear Storm|p2b: Incineroar|[spread] p2b\n|-activate|p2a: BloodMoon|move: Protect\n|-supereffective|p2b: Incineroar\n|-damage|p2b: Incineroar|0 fnt\n|faint|p2b: Incineroar\n|\n|-heal|p2a: BloodMoon|41\/100|[from] item: Leftovers\n|upkeep\n|\n|t:|1738847630\n|switch|p2b: Lay Ciege|Raging Bolt, L50|100\/100\n|-enditem|p2b: Lay Ciege|Booster Energy\n|-activate|p2b: Lay Ciege|ability: Protosynthesis|[fromitem]\n|-start|p2b: Lay Ciege|protosynthesisspa\n|turn|8\n|\n|t:|1738847639\n|move|p1a: Landorus|Sandsear Storm|p2b: Lay Ciege|[spread] p2a,p2b\n|-supereffective|p2b: Lay Ciege\n|-damage|p2a: BloodMoon|20\/100\n|-damage|p2b: Lay Ciege|0 fnt\n|faint|p2b: Lay Ciege\n|-end|p2b: Lay Ciege|Protosynthesis|[silent]\n|move|p2a: BloodMoon|Moongeist Beam|p1a: Landorus\n|-damage|p1a: Landorus|0 fnt\n|faint|p1a: Landorus\n|\n|win|regidracofan712\n|raw|koji muranishi's rating: 1714 &rarr; <strong>1693<\/strong><br \/>(-21 for losing)\n|raw|regidracofan712's rating: 1701 &rarr; <strong>1722<\/strong><br \/>(+21 for winning)\n|l|\u2606koji muranishi\n|player|p1|\n|c|\u2606regidracofan712|Gg\n|l|\u2606regidracofan712\n|player|p2|\n","uploadtime":1738847785,"views":33,"formatid":"gen9vgc2025regg","rating":1693,"private":0,"password":null}