{"id":"gen9vgc2025regg-2295598646","format":"[Gen 9] VGC 2025 Reg G","players":["Doc_MrMega","Gi1796"],"log":"|j|\u2606Doc_MrMega\n|j|\u2606Gi1796\n|t:|1738857222\n|gametype|doubles\n|player|p1|Doc_MrMega|lucas|1672\n|player|p2|Gi1796|veteran|1619\n|teamsize|p1|6\n|teamsize|p2|6\n|gen|9\n|tier|[Gen 9] VGC 2025 Reg G\n|rated|\n|rule|Species Clause: Limit one of each Pok\u00e9mon\n|rule|Item Clause: Limit 1 of each item\n|clearpoke\n|poke|p1|Calyrex-Ice, L50|\n|poke|p1|Landorus, L50, M|\n|poke|p1|Amoonguss, L50, F|\n|poke|p1|Urshifu-*, L50, M|\n|poke|p1|Roaring Moon, L50|\n|poke|p1|Ogerpon-Hearthflame, L50, F|\n|poke|p2|Grimmsnarl, L50, M|\n|poke|p2|Calyrex-Ice, L50|\n|poke|p2|Landorus, L50, M|\n|poke|p2|Ogerpon-Hearthflame, L50, F|\n|poke|p2|Urshifu-*, L50, M|\n|poke|p2|Raging Bolt, L50|\n|teampreview|4\n|inactive|Battle timer is ON: inactive players will automatically lose when time's up. (requested by Doc_MrMega)\nGi1796 has agreed to open team sheets.\n|inactive|Gi1796 has 60 seconds left.\n|\n|t:|1738857270\n|start\n|switch|p1a: Urshifu|Urshifu-Rapid-Strike, L50, M|100\/100\n|switch|p1b: Landorus|Landorus, L50, M|100\/100\n|switch|p2a: Grimmsnarl|Grimmsnarl, L50, M|100\/100\n|switch|p2b: Urshifu|Urshifu-Rapid-Strike, L50, M|100\/100\n|turn|1\n|inactive|Doc_MrMega has 30 seconds left.\n|inactive|Gi1796 has 30 seconds left.\n|inactive|Gi1796 has 20 seconds left.\n|inactive|Gi1796 has 15 seconds left.\n|inactive|Gi1796 has 10 seconds left.\n|inactive|Doc_MrMega has 20 seconds left.\n|inactive|Gi1796 has 5 seconds left.\n|\n|t:|1738857322\n|-terastallize|p1b: Landorus|Water\n|move|p2a: Grimmsnarl|Reflect|p2a: Grimmsnarl\n|-sidestart|p2: Gi1796|Reflect\n|move|p2b: Urshifu|Close Combat|p1a: Urshifu\n|-damage|p1a: Urshifu|47\/100\n|-unboost|p2b: Urshifu|def|1\n|-unboost|p2b: Urshifu|spd|1\n|move|p1b: Landorus|Earth Power|p2b: Urshifu\n|-damage|p2b: Urshifu|0 fnt\n|faint|p2b: Urshifu\n|move|p1a: Urshifu|Surging Strikes|p2a: Grimmsnarl\n|-crit|p2a: Grimmsnarl\n|-damage|p2a: Grimmsnarl|75\/100\n|-crit|p2a: Grimmsnarl\n|-damage|p2a: Grimmsnarl|51\/100\n|-crit|p2a: Grimmsnarl\n|-damage|p2a: Grimmsnarl|22\/100\n|-hitcount|p2a: Grimmsnarl|3\n|\n|upkeep\n|\n|t:|1738857335\n|switch|p2b: Landorus|Landorus, L50, M|100\/100\n|turn|2\n|j| Baguettezzz\n|inactive|Gi1796 has 30 seconds left.\n|\n|t:|1738857364\n|move|p2a: Grimmsnarl|Thunder Wave|p1b: Landorus\n|-status|p1b: Landorus|par\n|move|p2b: Landorus|Sandsear Storm|p1b: Landorus|[spread] p1a,p1b\n|-damage|p1a: Urshifu|0 fnt\n|-damage|p1b: Landorus|32\/100 par\n|faint|p1a: Urshifu\n|move|p1b: Landorus|Sludge Bomb|p2a: Grimmsnarl\n|-supereffective|p2a: Grimmsnarl\n|-damage|p2a: Grimmsnarl|0 fnt\n|faint|p2a: Grimmsnarl\n|\n|upkeep\n|\n|t:|1738857375\n|switch|p1a: Calyrex|Calyrex-Ice, L50|100\/100\n|switch|p2a: Calyrex|Calyrex-Ice, L50|100\/100\n|-ability|p1a: Calyrex|As One\n|-ability|p1a: Calyrex|Unnerve\n|-ability|p2a: Calyrex|As One\n|-ability|p2a: Calyrex|Unnerve\n|turn|3\n|inactive|Gi1796 has 30 seconds left.\n|l| Baguettezzz\n|inactive|Gi1796 has 20 seconds left.\n|\n|t:|1738857412\n|-terastallize|p2b: Landorus|Water\n|cant|p1b: Landorus|par\n|move|p2b: Landorus|Sandsear Storm|p1a: Calyrex|[spread] p1b\n|-miss|p2b: Landorus|p1a: Calyrex\n|-damage|p1b: Landorus|0 fnt\n|faint|p1b: Landorus\n|move|p2a: Calyrex|Glacial Lance|p1a: Calyrex\n|-resisted|p1a: Calyrex\n|-crit|p1a: Calyrex\n|-damage|p1a: Calyrex|64\/100\n|move|p1a: Calyrex|Trick Room|p1a: Calyrex\n|-fieldstart|move: Trick Room|[of] p1a: Calyrex\n|\n|upkeep\n|\n|t:|1738857423\n|switch|p1b: Ogerpon|Ogerpon-Hearthflame, L50, F|100\/100\n|-ability|p1b: Ogerpon|Mold Breaker\n|turn|4\n|\n|t:|1738857442\n|move|p2a: Calyrex|Protect|p2a: Calyrex\n|-singleturn|p2a: Calyrex|Protect\n|move|p1a: Calyrex|Glacial Lance|p2b: Landorus|[spread] p2b\n|-activate|p2a: Calyrex|move: Protect\n|-resisted|p2b: Landorus\n|-damage|p2b: Landorus|77\/100\n|move|p1b: Ogerpon|Horn Leech|p2b: Landorus\n|-supereffective|p2b: Landorus\n|-damage|p2b: Landorus|21\/100\n|move|p2b: Landorus|Sludge Bomb|p1b: Ogerpon\n|-supereffective|p1b: Ogerpon\n|-damage|p1b: Ogerpon|10\/100\n|\n|upkeep\n|turn|5\n|\n|t:|1738857462\n|move|p1b: Ogerpon|Spiky Shield|p1b: Ogerpon\n|-singleturn|p1b: Ogerpon|move: Protect\n|move|p2b: Landorus|Protect|p2b: Landorus\n|-singleturn|p2b: Landorus|Protect\n|move|p2a: Calyrex|Glacial Lance|p1b: Ogerpon|[spread] p1a\n|-activate|p1b: Ogerpon|move: Protect\n|-resisted|p1a: Calyrex\n|-damage|p1a: Calyrex|46\/100\n|move|p1a: Calyrex|Glacial Lance|p2a: Calyrex|[spread] p2a\n|-activate|p2b: Landorus|move: Protect\n|-resisted|p2a: Calyrex\n|-damage|p2a: Calyrex|90\/100\n|\n|upkeep\n|turn|6\n|\n|t:|1738857481\n|move|p1b: Ogerpon|Spiky Shield|p1b: Ogerpon\n|-singleturn|p1b: Ogerpon|move: Protect\n|move|p2a: Calyrex|Glacial Lance|p1a: Calyrex|[spread] p1a\n|-activate|p1b: Ogerpon|move: Protect\n|-resisted|p1a: Calyrex\n|-damage|p1a: Calyrex|27\/100\n|move|p1a: Calyrex|Glacial Lance|p2b: Landorus|[spread] p2a,p2b\n|-resisted|p2a: Calyrex\n|-resisted|p2b: Landorus\n|-damage|p2a: Calyrex|78\/100\n|-damage|p2b: Landorus|0 fnt\n|faint|p2b: Landorus\n|-ability|p1a: Calyrex|Chilling Neigh|boost\n|-boost|p1a: Calyrex|atk|1\n|\n|upkeep\n|turn|7\n|\n|t:|1738857499\n|move|p1b: Ogerpon|Spiky Shield||[still]\n|-fail|p1b: Ogerpon\n|move|p2a: Calyrex|Glacial Lance|p1a: Calyrex|[spread] p1a,p1b\n|-resisted|p1a: Calyrex\n|-damage|p1a: Calyrex|11\/100\n|-damage|p1b: Ogerpon|0 fnt\n|faint|p1b: Ogerpon\n|-ability|p2a: Calyrex|Chilling Neigh|boost\n|-boost|p2a: Calyrex|atk|1\n|move|p1a: Calyrex|High Horsepower|p2a: Calyrex\n|-damage|p2a: Calyrex|54\/100\n|\n|-fieldend|move: Trick Room\n|upkeep\n|turn|8\n|\n|t:|1738857515\n|move|p1a: Calyrex|High Horsepower|p2a: Calyrex\n|-damage|p2a: Calyrex|30\/100\n|move|p2a: Calyrex|Trick Room|p2a: Calyrex\n|-fieldstart|move: Trick Room|[of] p2a: Calyrex\n|\n|-sideend|p2: Gi1796|Reflect\n|upkeep\n|turn|9\n|\n|t:|1738857526\n|move|p1a: Calyrex|Protect|p1a: Calyrex\n|-singleturn|p1a: Calyrex|Protect\n|move|p2a: Calyrex|Glacial Lance|p1a: Calyrex\n|-activate|p1a: Calyrex|move: Protect\n|\n|upkeep\n|turn|10\n|\n|t:|1738857530\n|move|p1a: Calyrex|Protect||[still]\n|-fail|p1a: Calyrex\n|move|p2a: Calyrex|Glacial Lance|p1a: Calyrex\n|-resisted|p1a: Calyrex\n|-damage|p1a: Calyrex|0 fnt\n|faint|p1a: Calyrex\n|\n|win|Gi1796\n|raw|Doc_MrMega's rating: 1672 &rarr; <strong>1649<\/strong><br \/>(-23 for losing)\n|raw|Gi1796's rating: 1619 &rarr; <strong>1642<\/strong><br \/>(+23 for winning)\n|l|\u2606Doc_MrMega\n|player|p1|\n|l|\u2606Gi1796\n|player|p2|\n","uploadtime":1738857716,"views":20,"formatid":"gen9vgc2025regg","rating":1642,"private":0,"password":null}