{"id":"gen9vgc2025regg-2295451391","format":"[Gen 9] VGC 2025 Reg G","players":["The Slimmest Jesus","nontelo"],"log":"|j|\u2606The Slimmest Jesus\n|j|\u2606nontelo\n|t:|1738837425\n|gametype|doubles\n|player|p1|The Slimmest Jesus|266|1665\n|player|p2|nontelo|cress|1597\n|teamsize|p1|6\n|teamsize|p2|6\n|gen|9\n|tier|[Gen 9] VGC 2025 Reg G\n|rated|\n|rule|Species Clause: Limit one of each Pok\u00e9mon\n|rule|Item Clause: Limit 1 of each item\n|clearpoke\n|poke|p1|Indeedee-F, L50, F|\n|poke|p1|Regidrago, L50|\n|poke|p1|Torkoal, L50, F|\n|poke|p1|Gallade, L50, M|\n|poke|p1|Calyrex-Ice, L50|\n|poke|p1|Lilligant-Hisui, L50, F|\n|poke|p2|Terapagos, L50, M|\n|poke|p2|Amoonguss, L50, F|\n|poke|p2|Incineroar, L50, M|\n|poke|p2|Flutter Mane, L50|\n|poke|p2|Urshifu-*, L50, M|\n|poke|p2|Landorus, L50, M|\n|teampreview|4\n|inactive|Battle timer is ON: inactive players will automatically lose when time's up. (requested by nontelo)\n|inactive|The Slimmest Jesus has 60 seconds left.\n|inactive|nontelo has 60 seconds left.\n|inactive|The Slimmest Jesus has 30 seconds left.\n|inactive|The Slimmest Jesus has 20 seconds left.\n|inactive|The Slimmest Jesus has 15 seconds left.\n|inactive|The Slimmest Jesus has 10 seconds left.\n|\n|t:|1738837510\n|start\n|switch|p1a: Calyrex|Calyrex-Ice, L50|100\/100\n|switch|p1b: Lilligant|Lilligant-Hisui, L50, F|100\/100\n|switch|p2a: Terapagos|Terapagos, L50, M|100\/100\n|switch|p2b: Urshifu|Urshifu, L50, M|100\/100\n|-activate|p2a: Terapagos|ability: Tera Shift\n|detailschange|p2a: Terapagos|Terapagos-Terastal, L50, M\n|-heal|p2a: Terapagos|100\/100|[silent]\n|-ability|p1a: Calyrex|As One\n|-ability|p1a: Calyrex|Unnerve\n|turn|1\n|inactive|The Slimmest Jesus has 30 seconds left.\n|inactive|The Slimmest Jesus has 20 seconds left.\n|inactive|The Slimmest Jesus has 15 seconds left.\n|inactive|The Slimmest Jesus has 10 seconds left.\n|\n|t:|1738837557\n|switch|p2a: Incineroar|Incineroar, L50, M, shiny|100\/100\n|-ability|p2a: Incineroar|Intimidate|boost\n|-unboost|p1a: Calyrex|atk|1\n|-unboost|p1b: Lilligant|atk|1\n|-enditem|p1a: Calyrex|White Herb\n|-clearnegativeboost|p1a: Calyrex|[silent]\n|move|p1b: Lilligant|After You|p1a: Calyrex\n|-activate|p1a: Calyrex|move: After You\n|move|p1a: Calyrex|Trick Room|p1a: Calyrex\n|-fieldstart|move: Trick Room|[of] p1a: Calyrex\n|move|p2b: Urshifu|Wicked Blow|p1a: Calyrex\n|-supereffective|p1a: Calyrex\n|-crit|p1a: Calyrex\n|-damage|p1a: Calyrex|15\/100\n|\n|upkeep\n|turn|2\n|\n|t:|1738837582\n|switch|p1b: Indeedee|Indeedee-F, L50, F|100\/100\n|-fieldstart|move: Psychic Terrain|[from] ability: Psychic Surge|[of] p1b: Indeedee\n|move|p2a: Incineroar|Fake Out|p1b: Indeedee\n|-activate|p1b: Indeedee|move: Psychic Terrain\n|move|p1a: Calyrex|Glacial Lance|p2b: Urshifu|[spread] p2a,p2b\n|-resisted|p2a: Incineroar\n|-damage|p2a: Incineroar|78\/100\n|-damage|p2b: Urshifu|40\/100\n|move|p2b: Urshifu|Wicked Blow|p1a: Calyrex\n|-supereffective|p1a: Calyrex\n|-crit|p1a: Calyrex\n|-damage|p1a: Calyrex|0 fnt\n|faint|p1a: Calyrex\n|\n|upkeep\n|\n|t:|1738837594\n|switch|p1a: Regidrago|Regidrago, L50|100\/100\n|turn|3\n|\n|t:|1738837613\n|-terastallize|p1a: Regidrago|Dragon\n|move|p1b: Indeedee|Helping Hand|p1a: Regidrago\n|-singleturn|p1a: Regidrago|Helping Hand|[of] p1b: Indeedee\n|move|p1a: Regidrago|Dragon Energy|p2a: Incineroar|[spread] p2a,p2b\n|-damage|p2a: Incineroar|0 fnt\n|-damage|p2b: Urshifu|0 fnt\n|faint|p2a: Incineroar\n|faint|p2b: Urshifu\n|\n|upkeep\n|j| Oscar Norris\n|\n|t:|1738837621\n|switch|p2a: Terapagos|Terapagos-Terastal, L50, M|100\/100\n|switch|p2b: Flutter Mane|Flutter Mane, L50|100\/100\n|-enditem|p2b: Flutter Mane|Booster Energy\n|-activate|p2b: Flutter Mane|ability: Protosynthesis|[fromitem]\n|-start|p2b: Flutter Mane|protosynthesisspe\n|turn|4\n|inactive|The Slimmest Jesus has 30 seconds left.\n|inactive|The Slimmest Jesus has 20 seconds left.\n|\n|t:|1738837660\n|move|p1a: Regidrago|Protect|p1a: Regidrago\n|-singleturn|p1a: Regidrago|Protect\n|move|p2a: Terapagos|Protect|p2a: Terapagos\n|-singleturn|p2a: Terapagos|Protect\n|move|p1b: Indeedee|Psychic|p2a: Terapagos\n|-activate|p2a: Terapagos|move: Protect\n|move|p2b: Flutter Mane|Moonblast|p1a: Regidrago\n|-activate|p1a: Regidrago|move: Protect\n|\n|upkeep\n|turn|5\n|inactive|nontelo has 30 seconds left.\n|\n|t:|1738837686\n|move|p1b: Indeedee|Helping Hand|p1a: Regidrago\n|-singleturn|p1a: Regidrago|Helping Hand|[of] p1b: Indeedee\n|move|p1a: Regidrago|Dragon Energy|p2a: Terapagos|[spread] p2a\n|-immune|p2b: Flutter Mane\n|-activate|p2a: Terapagos|ability: Tera Shell\n|-resisted|p2a: Terapagos\n|-damage|p2a: Terapagos|31\/100\n|move|p2a: Terapagos|Tera Starstorm|p1b: Indeedee\n|-damage|p1b: Indeedee|56\/100\n|move|p2b: Flutter Mane|Moonblast|p1a: Regidrago\n|-supereffective|p1a: Regidrago\n|-damage|p1a: Regidrago|9\/100\n|\n|-heal|p2a: Terapagos|37\/100|[from] item: Leftovers\n|-fieldend|move: Trick Room\n|upkeep\n|turn|6\n|inactive|The Slimmest Jesus has 30 seconds left.\n|inactive|The Slimmest Jesus has 20 seconds left.\n|inactive|The Slimmest Jesus has 15 seconds left.\n|inactive|The Slimmest Jesus has 10 seconds left.\n|inactive|The Slimmest Jesus has 5 seconds left.\n|\n|t:|1738837741\n|-terastallize|p2a: Terapagos|Stellar\n|detailschange|p2a: Terapagos|Terapagos-Stellar, L50, M, tera:Stellar\n|-heal|p2a: Terapagos|53\/100|[silent]\n|-ability|p2a: Terapagos|Teraform Zero\n|-fieldend|move: Psychic Terrain\n|move|p2b: Flutter Mane|Moonblast|p1b: Indeedee\n|-damage|p1b: Indeedee|13\/100\n|move|p2a: Terapagos|Tera Starstorm|p1b: Indeedee|[spread] p1a,p1b\n|-supereffective|p1a: Regidrago\n|-damage|p1a: Regidrago|0 fnt\n|-damage|p1b: Indeedee|0 fnt\n|faint|p1a: Regidrago\n|faint|p1b: Indeedee\n|\n|-heal|p2a: Terapagos|59\/100|[from] item: Leftovers\n|upkeep\n|\n|t:|1738837752\n|switch|p1b: Lilligant|Lilligant-Hisui, L50, F|100\/100\n|turn|7\n|-message|The Slimmest Jesus forfeited.\n|\n|win|nontelo\n|raw|The Slimmest Jesus's rating: 1665 &rarr; <strong>1641<\/strong><br \/>(-24 for losing)\n|raw|nontelo's rating: 1597 &rarr; <strong>1621<\/strong><br \/>(+24 for winning)\n|l|\u2606The Slimmest Jesus\n|player|p1|\n|l|\u2606nontelo\n|player|p2|\n","uploadtime":1738837998,"views":7,"formatid":"gen9vgc2025regg","rating":1621,"private":0,"password":null}