{"id":"gen9vgc2025regg-2295064799","format":"[Gen 9] VGC 2025 Reg G","players":["Yung Trav","Tortle Lover 3000"],"log":"|j|\u203dYung Trav\n|j|\u2606Tortle Lover 3000\n|t:|1738783001\n|gametype|doubles\n|player|p1|Yung Trav|265|1691\n|player|p2|Tortle Lover 3000|265|1671\n|teamsize|p1|6\n|teamsize|p2|6\n|gen|9\n|tier|[Gen 9] VGC 2025 Reg G\n|rated|\n|rule|Species Clause: Limit one of each Pok\u00e9mon\n|rule|Item Clause: Limit 1 of each item\n|clearpoke\n|poke|p1|Calyrex-Ice, L50|\n|poke|p1|Regidrago, L50|\n|poke|p1|Smeargle, L50, M|\n|poke|p1|Farigiraf, L50, M|\n|poke|p1|Urshifu-*, L50, M|\n|poke|p1|Ogerpon-Cornerstone, L50, F|\n|poke|p2|Incineroar, L50, M|\n|poke|p2|Calyrex-Shadow, L50|\n|poke|p2|Rillaboom, L50, F|\n|poke|p2|Ogerpon-Hearthflame, L50, F|\n|poke|p2|Raging Bolt, L50|\n|poke|p2|Urshifu-*, L50, F|\n|teampreview|4\n|inactive|Battle timer is ON: inactive players will automatically lose when time's up. (requested by Tortle Lover 3000)\n|inactive|Tortle Lover 3000 has 60 seconds left.\n|\n|t:|1738783048\n|start\n|switch|p1a: Calyrex|Calyrex-Ice, L50|100\/100\n|switch|p1b: Smeargle|Smeargle, L50, M, shiny|100\/100\n|switch|p2a: Ogerpon|Ogerpon-Hearthflame, L50, F|100\/100\n|switch|p2b: Calyrex|Calyrex-Shadow, L50|100\/100\n|-ability|p2b: Calyrex|As One\n|-ability|p2b: Calyrex|Unnerve\n|-ability|p1a: Calyrex|As One\n|-ability|p1a: Calyrex|Unnerve\n|-ability|p2a: Ogerpon|Mold Breaker\n|turn|1\n|\n|t:|1738783068\n|-terastallize|p1a: Calyrex|Water\n|move|p2b: Calyrex|Astral Barrage|p1b: Smeargle|[spread] p1a\n|-immune|p1b: Smeargle\n|-damage|p1a: Calyrex|51\/100\n|-damage|p2b: Calyrex|91\/100|[from] item: Life Orb\n|move|p2a: Ogerpon|Ivy Cudgel|p1a: Calyrex|[anim] Ivy Cudgel Fire\n|-resisted|p1a: Calyrex\n|-damage|p1a: Calyrex|34\/100\n|move|p1b: Smeargle|Spore|p2b: Calyrex\n|-status|p2b: Calyrex|slp|[from] move: Spore\n|move|p1a: Calyrex|Trick Room|p1a: Calyrex\n|-fieldstart|move: Trick Room|[of] p1a: Calyrex\n|\n|upkeep\n|turn|2\n|\n|t:|1738783089\n|-terastallize|p2a: Ogerpon|Fire\n|detailschange|p2a: Ogerpon|Ogerpon-Hearthflame-Tera, L50, F, tera:Fire\n|-ability|p2a: Ogerpon|Embody Aspect (Hearthflame)|boost\n|-boost|p2a: Ogerpon|atk|1\n|move|p1b: Smeargle|Decorate|p1a: Calyrex\n|-boost|p1a: Calyrex|atk|2\n|-boost|p1a: Calyrex|spa|2\n|move|p1a: Calyrex|Glacial Lance|p2b: Calyrex|[spread] p2a,p2b\n|-resisted|p2a: Ogerpon\n|-damage|p2a: Ogerpon|36\/100\n|-damage|p2b: Calyrex|0 fnt\n|faint|p2b: Calyrex\n|-ability|p1a: Calyrex|Chilling Neigh|boost\n|-boost|p1a: Calyrex|atk|1\n|move|p2a: Ogerpon|Grassy Glide|p1a: Calyrex\n|-supereffective|p1a: Calyrex\n|-damage|p1a: Calyrex|0 fnt\n|faint|p1a: Calyrex\n|\n|upkeep\n|\n|t:|1738783108\n|switch|p1a: Regidrago|Regidrago, L50, shiny|100\/100\n|switch|p2b: Incineroar|Incineroar, L50, M|100\/100\n|-ability|p2b: Incineroar|Intimidate|boost\n|-unboost|p1a: Regidrago|atk|1\n|-fail|p1b: Smeargle|unboost|Attack|[from] ability: Own Tempo|[of] p1b: Smeargle\n|turn|3\n|\n|t:|1738783121\n|switch|p1b: Farigiraf|Farigiraf, L50, M, shiny|100\/100\n|move|p2a: Ogerpon|Follow Me|p2a: Ogerpon\n|-singleturn|p2a: Ogerpon|move: Follow Me\n|move|p1a: Regidrago|Dragon Energy|p2b: Incineroar|[spread] p2a,p2b\n|-damage|p2a: Ogerpon|0 fnt\n|-damage|p2b: Incineroar|33\/100\n|faint|p2a: Ogerpon\n|move|p2b: Incineroar|Knock Off|p1a: Regidrago\n|-damage|p1a: Regidrago|69\/100\n|-enditem|p1a: Regidrago|Iron Ball|[from] move: Knock Off|[of] p2b: Incineroar\n|\n|upkeep\n|\n|t:|1738783132\n|switch|p2a: Urshifu|Urshifu-Rapid-Strike, L50, F|100\/100\n|turn|4\n|\n|t:|1738783142\n|move|p1b: Farigiraf|Helping Hand|p1a: Regidrago\n|-singleturn|p1a: Regidrago|Helping Hand|[of] p1b: Farigiraf\n|move|p2a: Urshifu|Detect|p2a: Urshifu\n|-singleturn|p2a: Urshifu|Protect\n|move|p1a: Regidrago|Dragon Energy|p2a: Urshifu|[spread] p2b\n|-activate|p2a: Urshifu|move: Protect\n|-damage|p2b: Incineroar|0 fnt\n|faint|p2b: Incineroar\n|\n|upkeep\n|turn|5\n|\n|t:|1738783156\n|move|p1a: Regidrago|Dragon Energy|p2a: Urshifu\n|-damage|p2a: Urshifu|0 fnt\n|faint|p2a: Urshifu\n|\n|win|Yung Trav\n|raw|Yung Trav's rating: 1691 &rarr; <strong>1710<\/strong><br \/>(+19 for winning)\n|raw|Tortle Lover 3000's rating: 1671 &rarr; <strong>1652<\/strong><br \/>(-19 for losing)\n|l|\u2606Tortle Lover 3000\n|player|p2|\n|l|\u203dYung Trav\n|player|p1|\n","uploadtime":1738783407,"views":16,"formatid":"gen9vgc2025regg","rating":1652,"private":0,"password":null}