{"id":"gen9vgc2025regg-2295550989","format":"[Gen 9] VGC 2025 Reg G","players":["actuary97","zodipodi"],"log":"|j|\u2606actuary97\n|j|\u2606zodipodi\n|t:|1738852084\n|gametype|doubles\n|player|p1|actuary97|sabrina-frlg|1665\n|player|p2|zodipodi|2|1539\n|teamsize|p1|6\n|teamsize|p2|6\n|gen|9\n|tier|[Gen 9] VGC 2025 Reg G\n|rated|\n|rule|Species Clause: Limit one of each Pok\u00e9mon\n|rule|Item Clause: Limit 1 of each item\n|clearpoke\n|poke|p1|Amoonguss, L50, M|\n|poke|p1|Comfey, L50, M|\n|poke|p1|Whimsicott, L50, M|\n|poke|p1|Roaring Moon, L50|\n|poke|p1|Kyogre, L50|\n|poke|p1|Archaludon, L50, M|\n|poke|p2|Terapagos, L50, M|\n|poke|p2|Grimmsnarl, L50, M|\n|poke|p2|Amoonguss, L50, F|\n|poke|p2|Ogerpon-Hearthflame, L50, F|\n|poke|p2|Urshifu-*, L50, F|\n|poke|p2|Raging Bolt, L50|\n|teampreview|4\nzodipodi rejected open team sheets.\n|\n|t:|1738852126\n|start\n|switch|p1a: Comfey|Comfey, L50, M, shiny|100\/100\n|switch|p1b: Amoonguss|Amoonguss, L50, M, shiny|100\/100\n|switch|p2a: Terapagos|Terapagos, L50, M|100\/100\n|switch|p2b: Grimmsnarl|Grimmsnarl, L50, M|100\/100\n|-activate|p2a: Terapagos|ability: Tera Shift\n|detailschange|p2a: Terapagos|Terapagos-Terastal, L50, M\n|-heal|p2a: Terapagos|100\/100|[silent]\n|turn|1\n|\n|t:|1738852139\n|move|p2b: Grimmsnarl|Fake Tears|p1b: Amoonguss\n|-unboost|p1b: Amoonguss|spd|2\n|move|p2a: Terapagos|Tera Starstorm|p1b: Amoonguss\n|-damage|p1b: Amoonguss|0 fnt\n|faint|p1b: Amoonguss\n|move|p1a: Comfey|Taunt|p2b: Grimmsnarl\n|-start|p2b: Grimmsnarl|move: Taunt\n|\n|upkeep\n|\n|t:|1738852159\n|switch|p1b: Kyogre|Kyogre, L50, shiny|100\/100\n|-weather|RainDance|[from] ability: Drizzle|[of] p1b: Kyogre\n|turn|2\n|\n|t:|1738852174\n|switch|p1a: Archaludon|Archaludon, L50, M, shiny|100\/100\n|-terastallize|p2a: Terapagos|Stellar\n|detailschange|p2a: Terapagos|Terapagos-Stellar, L50, M, tera:Stellar\n|-heal|p2a: Terapagos|100\/100|[silent]\n|-ability|p2a: Terapagos|Teraform Zero\n|-weather|none\n|move|p2b: Grimmsnarl|Sucker Punch|p1b: Kyogre\n|-damage|p1b: Kyogre|75\/100\n|move|p2a: Terapagos|Tera Starstorm|p1b: Kyogre|[spread] p1a,p1b\n|-damage|p1a: Archaludon|60\/100\n|-damage|p1b: Kyogre|37\/100\n|-ability|p1a: Archaludon|Stamina|boost\n|-boost|p1a: Archaludon|def|1\n|move|p1b: Kyogre|Origin Pulse|p2a: Terapagos|[spread] p2a,p2b\n|-damage|p2a: Terapagos|67\/100\n|-damage|p2b: Grimmsnarl|60\/100\n|\n|upkeep\n|turn|3\n|\n|t:|1738852196\n|switch|p1b: Comfey|Comfey, L50, M, shiny|100\/100\n|switch|p2b: Urshifu|Urshifu-Rapid-Strike, L50, F|100\/100\n|move|p2a: Terapagos|Tera Starstorm|p1b: Comfey|[spread] p1a,p1b\n|-damage|p1a: Archaludon|16\/100\n|-damage|p1b: Comfey|35\/100\n|-ability|p1a: Archaludon|Stamina|boost\n|-boost|p1a: Archaludon|def|1\n|move|p1a: Archaludon|Body Press|p2a: Terapagos\n|-supereffective|p2a: Terapagos\n|-damage|p2a: Terapagos|2\/100\n|\n|upkeep\n|turn|4\n|\n|t:|1738852233\n|switch|p2a: Grimmsnarl|Grimmsnarl, L50, M|60\/100\n|move|p1b: Comfey|Draining Kiss|p2a: Grimmsnarl\n|-supereffective|p2a: Grimmsnarl\n|-damage|p2a: Grimmsnarl|27\/100\n|-heal|p1b: Comfey|68\/100|[from] drain|[of] p2a: Grimmsnarl\n|move|p2b: Urshifu|Surging Strikes|p1b: Comfey\n|-crit|p1b: Comfey\n|-damage|p1b: Comfey|44\/100\n|-crit|p1b: Comfey\n|-damage|p1b: Comfey|21\/100\n|-crit|p1b: Comfey\n|-damage|p1b: Comfey|0 fnt\n|faint|p1b: Comfey\n|-hitcount|p1: Comfey|3\n|move|p1a: Archaludon|Body Press|p2b: Urshifu\n|-damage|p2b: Urshifu|54\/100\n|\n|upkeep\n|\n|t:|1738852244\n|switch|p1b: Kyogre|Kyogre, L50, shiny|37\/100\n|-weather|RainDance|[from] ability: Drizzle|[of] p1b: Kyogre\n|turn|5\n|\n|t:|1738852254\n|move|p2a: Grimmsnarl|Thunder Wave|p1b: Kyogre\n|-status|p1b: Kyogre|par\n|move|p2b: Urshifu|Surging Strikes|p1a: Archaludon\n|-resisted|p1a: Archaludon\n|-crit|p1a: Archaludon\n|-damage|p1a: Archaludon|4\/100\n|-ability|p1a: Archaludon|Stamina|boost\n|-boost|p1a: Archaludon|def|1\n|-resisted|p1a: Archaludon\n|-crit|p1a: Archaludon\n|-damage|p1a: Archaludon|0 fnt\n|faint|p1a: Archaludon\n|-hitcount|p1: Archaludon|2\n|cant|p1b: Kyogre|par\n|\n|-weather|RainDance|[upkeep]\n|upkeep\n|turn|6\n|\n|t:|1738852266\n|move|p2a: Grimmsnarl|Sucker Punch|p1b: Kyogre\n|-damage|p1b: Kyogre|13\/100 par\n|move|p2b: Urshifu|Surging Strikes|p1b: Kyogre\n|-resisted|p1b: Kyogre\n|-crit|p1b: Kyogre\n|-damage|p1b: Kyogre|0 fnt\n|faint|p1b: Kyogre\n|-hitcount|p1: Kyogre|1\n|\n|win|zodipodi\n|raw|actuary97's rating: 1665 &rarr; <strong>1638<\/strong><br \/>(-27 for losing)\n|raw|zodipodi's rating: 1539 &rarr; <strong>1566<\/strong><br \/>(+27 for winning)\n|l|\u2606actuary97\n|player|p1|\n","uploadtime":1738852466,"views":6,"formatid":"gen9vgc2025regg","rating":1566,"private":0,"password":null}