{"id":"gen9vgc2025regg-2295935627","format":"[Gen 9] VGC 2025 Reg G","players":["Colestein","Tempest Flute"],"log":"|j|\u2606Colestein\n|j|\u2606Tempest Flute\n|t:|1738894071\n|gametype|doubles\n|player|p1|Colestein|169|1574\n|player|p2|Tempest Flute|policeman-gen4|1611\n|teamsize|p1|6\n|teamsize|p2|6\n|gen|9\n|tier|[Gen 9] VGC 2025 Reg G\n|rated|\n|rule|Species Clause: Limit one of each Pok\u00e9mon\n|rule|Item Clause: Limit 1 of each item\n|clearpoke\n|poke|p1|Calyrex-Shadow, L50|\n|poke|p1|Iron Hands, L50|\n|poke|p1|Grimmsnarl, L50, M|\n|poke|p1|Hatterene, L50, F|\n|poke|p1|Urshifu-*, L50, F|\n|poke|p1|Incineroar, L50, F|\n|poke|p2|Koraidon, L50|\n|poke|p2|Flutter Mane, L50|\n|poke|p2|Entei, L50|\n|poke|p2|Raging Bolt, L50|\n|poke|p2|Umbreon, L50, M|\n|poke|p2|Ogerpon-Cornerstone, L50, F|\n|teampreview|4\n|inactive|Battle timer is ON: inactive players will automatically lose when time's up. (requested by Tempest Flute)\n|\n|t:|1738894090\n|start\n|switch|p1a: Ghost Rider|Calyrex-Shadow, L50|100\/100\n|switch|p1b: Sea Bear|Urshifu-Rapid-Strike, L50, F|100\/100\n|switch|p2a: Koraidon|Koraidon, L50|100\/100\n|switch|p2b: Umbreon|Umbreon, L50, M, shiny|100\/100\n|-ability|p1a: Ghost Rider|As One\n|-ability|p1a: Ghost Rider|Unnerve\n|-weather|SunnyDay|[from] ability: Orichalcum Pulse|[of] p2a: Koraidon\n|-activate|p2a: Koraidon|Orichalcum Pulse|[source]\n|turn|1\n|j| Therazer456\n|inactive|Tempest Flute has 30 seconds left.\n|inactive|Tempest Flute has 20 seconds left.\n|j| numberonebosskfan\n|inactive|Tempest Flute has 15 seconds left.\n|\n|t:|1738894131\n|move|p1a: Ghost Rider|Psychic|p2a: Koraidon\n|-supereffective|p2a: Koraidon\n|-damage|p2a: Koraidon|0 fnt\n|faint|p2a: Koraidon\n|-ability|p1a: Ghost Rider|Grim Neigh|boost\n|-boost|p1a: Ghost Rider|spa|1\n|move|p1b: Sea Bear|Close Combat|p2b: Umbreon\n|-supereffective|p2b: Umbreon\n|-damage|p2b: Umbreon|19\/100\n|-unboost|p1b: Sea Bear|def|1\n|-unboost|p1b: Sea Bear|spd|1\n|move|p2b: Umbreon|Yawn|p1b: Sea Bear\n|-start|p1b: Sea Bear|move: Yawn|[of] p2b: Umbreon\n|\n|-weather|SunnyDay|[upkeep]\n|upkeep\n|\n|t:|1738894139\n|switch|p2a: Entei|Entei, L50, shiny|100\/100\n|turn|2\n|j| zacattack110\n|inactive|Colestein has 30 seconds left.\n|\n|t:|1738894167\n|switch|p1a: Glinda|Hatterene, L50, F, shiny|100\/100\n|-terastallize|p1b: Sea Bear|Water\n|-terastallize|p2a: Entei|Normal\n|move|p1b: Sea Bear|Surging Strikes|p2a: Entei\n|-crit|p2a: Entei\n|-damage|p2a: Entei|83\/100\n|-crit|p2a: Entei\n|-damage|p2a: Entei|65\/100\n|-crit|p2a: Entei\n|-damage|p2a: Entei|48\/100\n|-hitcount|p2a: Entei|3\n|move|p2a: Entei|Sacred Fire|p1a: Glinda\n|-crit|p1a: Glinda\n|-enditem|p1a: Glinda|Focus Sash\n|-damage|p1a: Glinda|1\/100\n|-status|p1a: Glinda|brn\n|move|p2b: Umbreon|Moonlight|p2b: Umbreon\n|-heal|p2b: Umbreon|86\/100\n|\n|-weather|SunnyDay|[upkeep]\n|-damage|p1a: Glinda|0 fnt|[from] brn\n|faint|p1a: Glinda\n|-end|p1b: Sea Bear|move: Yawn|[silent]\n|-status|p1b: Sea Bear|slp\n|upkeep\n|inactive|Colestein has 30 seconds left.\n|inactive|Colestein has 20 seconds left.\n|\n|t:|1738894202\n|switch|p1a: Ghost Rider|Calyrex-Shadow, L50|100\/100\n|-ability|p1a: Ghost Rider|As One\n|-ability|p1a: Ghost Rider|Unnerve\n|turn|3\n|inactive|Tempest Flute has 30 seconds left.\n|inactive|Tempest Flute has 20 seconds left.\n|inactive|Tempest Flute has 15 seconds left.\n|inactive|Tempest Flute has 10 seconds left.\n|inactive|Tempest Flute has 5 seconds left.\n|\n|t:|1738894257\n|move|p1a: Ghost Rider|Psychic|p2a: Entei\n|-damage|p2a: Entei|0 fnt\n|faint|p2a: Entei\n|-ability|p1a: Ghost Rider|Grim Neigh|boost\n|-boost|p1a: Ghost Rider|spa|1\n|cant|p1b: Sea Bear|slp\n|move|p2b: Umbreon|Foul Play|p1b: Sea Bear\n|-damage|p1b: Sea Bear|23\/100 slp\n|\n|-weather|SunnyDay|[upkeep]\n|upkeep\n|\n|t:|1738894260\n|switch|p2a: Flutter Mane|Flutter Mane, L50, shiny|100\/100\n|-activate|p2a: Flutter Mane|ability: Protosynthesis\n|-start|p2a: Flutter Mane|protosynthesisspe\n|turn|4\n|inactive|Colestein has 30 seconds left.\n|\n|t:|1738894294\n|move|p2a: Flutter Mane|Dazzling Gleam|p1b: Sea Bear|[spread] p1a,p1b\n|-damage|p1a: Ghost Rider|68\/100\n|-damage|p1b: Sea Bear|0 fnt\n|faint|p1b: Sea Bear\n|move|p1a: Ghost Rider|Psychic|p2a: Flutter Mane\n|-enditem|p2a: Flutter Mane|Focus Sash\n|-damage|p2a: Flutter Mane|1\/100\n|move|p2b: Umbreon|Foul Play|p1a: Ghost Rider\n|-supereffective|p1a: Ghost Rider\n|-damage|p1a: Ghost Rider|0 fnt\n|faint|p1a: Ghost Rider\n|\n|-weather|SunnyDay|[upkeep]\n|upkeep\n|\n|t:|1738894298\n|switch|p1b: Iron Mike|Iron Hands, L50|100\/100\n|turn|5\n|l| numberonebosskfan\n|\n|t:|1738894311\n|move|p2a: Flutter Mane|Moonblast|p1b: Iron Mike\n|-supereffective|p1b: Iron Mike\n|-damage|p1b: Iron Mike|15\/100\n|move|p2b: Umbreon|Yawn|p1b: Iron Mike\n|-start|p1b: Iron Mike|move: Yawn|[of] p2b: Umbreon\n|move|p1b: Iron Mike|Wild Charge|p2a: Flutter Mane\n|-crit|p2a: Flutter Mane\n|-damage|p2a: Flutter Mane|0 fnt\n|faint|p2a: Flutter Mane\n|-end|p2a: Flutter Mane|Protosynthesis|[silent]\n|-damage|p1b: Iron Mike|14\/100|[from] Recoil\n|\n|-weather|none\n|upkeep\n|turn|6\n|\n|t:|1738894322\n|move|p2b: Umbreon|Moonlight|p2b: Umbreon\n|-heal|p2b: Umbreon|100\/100\n|move|p1b: Iron Mike|Close Combat|p2b: Umbreon\n|-supereffective|p2b: Umbreon\n|-damage|p2b: Umbreon|11\/100\n|-unboost|p1b: Iron Mike|def|1\n|-unboost|p1b: Iron Mike|spd|1\n|\n|-end|p1b: Iron Mike|move: Yawn|[silent]\n|-status|p1b: Iron Mike|slp\n|upkeep\n|turn|7\n|-message|Colestein forfeited.\n|\n|win|Tempest Flute\n|raw|Colestein's rating: 1574 &rarr; <strong>1556<\/strong><br \/>(-18 for losing)\n|raw|Tempest Flute's rating: 1611 &rarr; <strong>1629<\/strong><br \/>(+18 for winning)\n|l|\u2606Colestein\n|player|p1|\n|l|\u2606Tempest Flute\n|player|p2|\n|l| zacattack110\n|l| Therazer456\n","uploadtime":1738894507,"views":6,"formatid":"gen9vgc2025regg","rating":1556,"private":0,"password":null}