{"id":"gen9vgc2025regg-2295828201","format":"[Gen 9] VGC 2025 Reg G","players":["actuary97","chappell murkroan"],"log":"|j|\u2606actuary97\n|j|\u2606chappell murkroan\n|t:|1738880455\n|gametype|doubles\n|player|p1|actuary97|sabrina-frlg|1605\n|player|p2|chappell murkroan|caitlin|1703\n|teamsize|p1|6\n|teamsize|p2|6\n|gen|9\n|tier|[Gen 9] VGC 2025 Reg G\n|rated|\n|rule|Species Clause: Limit one of each Pok\u00e9mon\n|rule|Item Clause: Limit 1 of each item\n|clearpoke\n|poke|p1|Amoonguss, L50, F|\n|poke|p1|Comfey, L50, M|\n|poke|p1|Whimsicott, L50, M|\n|poke|p1|Roaring Moon, L50|\n|poke|p1|Kyogre, L50|\n|poke|p1|Archaludon, L50, M|\n|poke|p2|Dondozo, L50, F|\n|poke|p2|Tatsugiri-Stretchy, L50, F|\n|poke|p2|Terapagos, L50, M|\n|poke|p2|Iron Hands, L50|\n|poke|p2|Sableye, L50, M|\n|poke|p2|Ogerpon-Hearthflame, L50, F|\n|teampreview|4\n|inactive|Battle timer is ON: inactive players will automatically lose when time's up. (requested by chappell murkroan)\nactuary97 has agreed to open team sheets.\n|inactive|actuary97 has 60 seconds left.\n|\n|t:|1738880485\n|start\n|switch|p1a: Whimsicott|Whimsicott, L50, M, shiny|100\/100\n|switch|p1b: Archaludon|Archaludon, L50, M, shiny|100\/100\n|switch|p2a: Terapagos|Terapagos, L50, M|100\/100\n|switch|p2b: Sableye|Sableye, L50, M|100\/100\n|-activate|p2a: Terapagos|ability: Tera Shift\n|detailschange|p2a: Terapagos|Terapagos-Terastal, L50, M\n|-heal|p2a: Terapagos|100\/100|[silent]\n|turn|1\n|\n|t:|1738880496\n|-terastallize|p2a: Terapagos|Stellar\n|detailschange|p2a: Terapagos|Terapagos-Stellar, L50, M, tera:Stellar\n|-heal|p2a: Terapagos|100\/100|[silent]\n|move|p2b: Sableye|Fake Out|p1b: Archaludon\n|-resisted|p1b: Archaludon\n|-damage|p1b: Archaludon|98\/100\n|-ability|p1b: Archaludon|Stamina|boost\n|-boost|p1b: Archaludon|def|1\n|move|p1a: Whimsicott|Beat Up|p1b: Archaludon\n|-damage|p1b: Archaludon|96\/100\n|-ability|p1b: Archaludon|Stamina|boost\n|-boost|p1b: Archaludon|def|1\n|-damage|p1b: Archaludon|95\/100\n|-ability|p1b: Archaludon|Stamina|boost\n|-boost|p1b: Archaludon|def|1\n|-damage|p1b: Archaludon|94\/100\n|-ability|p1b: Archaludon|Stamina|boost\n|-boost|p1b: Archaludon|def|1\n|-damage|p1b: Archaludon|94\/100\n|-ability|p1b: Archaludon|Stamina|boost\n|-boost|p1b: Archaludon|def|1\n|-hitcount|p1b: Archaludon|4\n|cant|p1b: Archaludon|flinch\n|move|p2a: Terapagos|Tera Starstorm|p1a: Whimsicott|[spread] p1a,p1b\n|-enditem|p1a: Whimsicott|Focus Sash\n|-damage|p1a: Whimsicott|1\/100\n|-damage|p1b: Archaludon|48\/100\n|-ability|p1b: Archaludon|Stamina|boost\n|-boost|p1b: Archaludon|def|1\n|\n|upkeep\n|turn|2\n|inactive|chappell murkroan has 30 seconds left.\n|\n|t:|1738880529\n|switch|p2a: Tatsugiri|Tatsugiri-Stretchy, L50, F|100\/100\n|switch|p2b: Dondozo|Dondozo, L50, F|100\/100\n|-activate|p2a: Tatsugiri|ability: Commander|[of] p2b: Dondozo\n|-boost|p2b: Dondozo|atk|2\n|-boost|p2b: Dondozo|spa|2\n|-boost|p2b: Dondozo|spe|2\n|-boost|p2b: Dondozo|def|2\n|-boost|p2b: Dondozo|spd|2\n|move|p1a: Whimsicott|Tailwind|p1a: Whimsicott\n|-sidestart|p1: actuary97|move: Tailwind\n|move|p1b: Archaludon|Body Press|p2a: Tatsugiri|[miss]\n|-miss|p1b: Archaludon|p2a: Tatsugiri\n|\n|upkeep\n|turn|3\n|\n|t:|1738880541\n|switch|p1a: Amoonguss|Amoonguss, L50, F, shiny|100\/100\n|-terastallize|p1b: Archaludon|Flying\n|move|p1b: Archaludon|Electro Shot||[still]\n|-prepare|p1b: Archaludon|Electro Shot\n|-boost|p1b: Archaludon|spa|1\n|move|p2b: Dondozo|Earthquake|p1a: Amoonguss|[spread] p1a\n|-miss|p2b: Dondozo|p2a: Tatsugiri\n|-immune|p1b: Archaludon\n|-damage|p1a: Amoonguss|56\/100\n|-damage|p2b: Dondozo|91\/100|[from] item: Life Orb\n|\n|upkeep\n|turn|4\n|\n|t:|1738880551\n|move|p1b: Archaludon|Electro Shot|p2b: Dondozo|[from] lockedmove\n|-supereffective|p2b: Dondozo\n|-damage|p2b: Dondozo|43\/100\n|move|p2b: Dondozo|Wave Crash|p1b: Archaludon\n|-damage|p1b: Archaludon|0 fnt\n|faint|p1b: Archaludon\n|-damage|p2b: Dondozo|29\/100|[from] Recoil\n|-damage|p2b: Dondozo|20\/100|[from] item: Life Orb\n|move|p1a: Amoonguss|Clear Smog|p2b: Dondozo\n|-damage|p2b: Dondozo|10\/100\n|-clearboost|p2b: Dondozo\n|\n|upkeep\n|c|\u2606chappell murkroan|not self pollen puffing is odd\n|\n|t:|1738880574\n|switch|p1b: Whimsicott|Whimsicott, L50, M, shiny|1\/100\n|turn|5\n|\n|t:|1738880586\n|move|p1b: Whimsicott|Encore|p2b: Dondozo\n|-start|p2b: Dondozo|Encore\n|move|p2b: Dondozo|Wave Crash|p1b: Whimsicott\n|-resisted|p1b: Whimsicott\n|-damage|p1b: Whimsicott|0 fnt\n|faint|p1b: Whimsicott\n|-damage|p2b: Dondozo|9\/100|[from] Recoil\n|-damage|p2b: Dondozo|0 fnt|[from] item: Life Orb\n|faint|p2b: Dondozo\n|move|p1a: Amoonguss|Spore|p2a: Tatsugiri\n|-status|p2a: Tatsugiri|slp|[from] move: Spore\n|\n|-sideend|p1: actuary97|move: Tailwind\n|upkeep\n|\n|t:|1738880602\n|switch|p1b: Kyogre|Kyogre, L50, shiny|100\/100\n|switch|p2b: Terapagos|Terapagos-Stellar, L50, M, tera:Stellar|100\/100\n|-weather|RainDance|[from] ability: Drizzle|[of] p1b: Kyogre\n|turn|6\n|c|\u2606actuary97|I thought I could spore u\n|c|\u2606actuary97|and then pollen later\n|c|\u2606chappell murkroan|ok but I coulda just protected on the electro shot lol\n|inactive|chappell murkroan has 30 seconds left.\n|c|\u2606actuary97|also I thought I'd be faster in tw\n|c|\u2606actuary97|I would encore then\n|c|\u2606chappell murkroan|its a free pollen puff lol\n|inactive|chappell murkroan has 20 seconds left.\n|c|\u2606actuary97|oh ok\n|inactive|chappell murkroan has 15 seconds left.\n|inactive|chappell murkroan has 10 seconds left.\n|\n|t:|1738880649\n|switch|p2a: Sableye|Sableye, L50, M|100\/100\n|move|p1b: Kyogre|Calm Mind|p1b: Kyogre\n|-boost|p1b: Kyogre|spa|1\n|-boost|p1b: Kyogre|spd|1\n|move|p2b: Terapagos|Tera Starstorm|p1b: Kyogre|[spread] p1a,p1b\n|-crit|p1b: Kyogre\n|-damage|p1a: Amoonguss|4\/100\n|-damage|p1b: Kyogre|42\/100\n|move|p1a: Amoonguss|Spore|p2b: Terapagos\n|-status|p2b: Terapagos|slp|[from] move: Spore\n|\n|-weather|RainDance|[upkeep]\n|upkeep\n|turn|7\n|\n|t:|1738880663\n|move|p1a: Amoonguss|Rage Powder|p1a: Amoonguss\n|-singleturn|p1a: Amoonguss|move: Rage Powder\n|move|p2a: Sableye|Encore|p1b: Kyogre\n|-start|p1b: Kyogre|Encore\n|move|p1b: Kyogre|Calm Mind|p1b: Kyogre\n|-boost|p1b: Kyogre|spa|1\n|-boost|p1b: Kyogre|spd|1\n|cant|p2b: Terapagos|slp\n|\n|-weather|RainDance|[upkeep]\n|upkeep\n|turn|8\n|c|\u2606actuary97|goggles ?\n|c|\u2606actuary97|u gotta be shitting me\n|c|\u2606chappell murkroan|you bet it\n|\n|t:|1738880682\n|move|p2a: Sableye|Encore|p1a: Amoonguss\n|-start|p1a: Amoonguss|Encore\n|move|p1b: Kyogre|Calm Mind|p1b: Kyogre\n|-boost|p1b: Kyogre|spa|1\n|-boost|p1b: Kyogre|spd|1\n|cant|p2b: Terapagos|slp\n|move|p1a: Amoonguss|Rage Powder|p1a: Amoonguss\n|-singleturn|p1a: Amoonguss|move: Rage Powder\n|\n|-weather|RainDance|[upkeep]\n|upkeep\n|turn|9\n|\n|t:|1738880694\n|move|p2a: Sableye|Helping Hand|p2b: Terapagos\n|-singleturn|p2b: Terapagos|Helping Hand|[of] p2a: Sableye\n|move|p1a: Amoonguss|Rage Powder|p1a: Amoonguss\n|-singleturn|p1a: Amoonguss|move: Rage Powder\n|move|p1b: Kyogre|Calm Mind|p1b: Kyogre\n|-boost|p1b: Kyogre|spa|1\n|-boost|p1b: Kyogre|spd|1\n|-curestatus|p2b: Terapagos|slp|[msg]\n|move|p2b: Terapagos|Tera Starstorm|p1a: Amoonguss|[spread] p1a,p1b\n|-damage|p1a: Amoonguss|0 fnt\n|-damage|p1b: Kyogre|22\/100\n|faint|p1a: Amoonguss\n|\n|-weather|RainDance|[upkeep]\n|-end|p1b: Kyogre|Encore\n|upkeep\n|turn|10\n|\n|t:|1738880703\n|move|p2a: Sableye|Encore|p1b: Kyogre\n|-start|p1b: Kyogre|Encore\n|move|p1b: Kyogre|Calm Mind|p1b: Kyogre\n|-boost|p1b: Kyogre|spa|1\n|-boost|p1b: Kyogre|spd|1\n|move|p2b: Terapagos|Tera Starstorm|p1b: Kyogre\n|-damage|p1b: Kyogre|5\/100\n|\n|-weather|none\n|upkeep\n|turn|11\n|\n|t:|1738880707\n|move|p2a: Sableye|Helping Hand|p2b: Terapagos\n|-singleturn|p2b: Terapagos|Helping Hand|[of] p2a: Sableye\n|move|p1b: Kyogre|Calm Mind|p1b: Kyogre\n|-boost|p1b: Kyogre|spa|1\n|-boost|p1b: Kyogre|spd|1\n|move|p2b: Terapagos|Tera Starstorm|p1b: Kyogre\n|-damage|p1b: Kyogre|0 fnt\n|faint|p1b: Kyogre\n|\n|win|chappell murkroan\n|raw|actuary97's rating: 1605 &rarr; <strong>1590<\/strong><br \/>(-15 for losing)\n|raw|chappell murkroan's rating: 1703 &rarr; <strong>1718<\/strong><br \/>(+15 for winning)\n|l|\u2606chappell murkroan\n|player|p2|\n|c|\u2606actuary97|ots would be appreciated chappel murkoran\n|l|\u2606actuary97\n|player|p1|\n","uploadtime":1738880937,"views":6,"formatid":"gen9vgc2025regg","rating":1590,"private":0,"password":null}