{"id":"gen9vgc2025regg-2295403341","format":"[Gen 9] VGC 2025 Reg G","players":["llefface","nezuko fresh leg"],"log":"|j|\u2606llefface\n|j|\u2606nezuko fresh leg\n|t:|1738828515\n|gametype|doubles\n|player|p1|llefface|lana-masters|1622\n|player|p2|nezuko fresh leg|tuberf|1662\n|teamsize|p1|6\n|teamsize|p2|6\n|gen|9\n|tier|[Gen 9] VGC 2025 Reg G\n|rated|\n|rule|Species Clause: Limit one of each Pok\u00e9mon\n|rule|Item Clause: Limit 1 of each item\n|clearpoke\n|poke|p1|Terapagos, L50, M|\n|poke|p1|Flutter Mane, L50|\n|poke|p1|Ogerpon-Hearthflame, L50, F|\n|poke|p1|Iron Hands, L50|\n|poke|p1|Farigiraf, L50, M|\n|poke|p1|Urshifu-*, L50, M|\n|poke|p2|Whimsicott, L50, M|\n|poke|p2|Indeedee-F, L50, F|\n|poke|p2|Calyrex-Shadow, L50|\n|poke|p2|Urshifu-*, L50, M|\n|poke|p2|Chi-Yu, L50|\n|poke|p2|Ogerpon-Wellspring, L50, F|\n|teampreview|4\n|c|\u2606llefface|glhf!\nnezuko fresh leg has agreed to open team sheets.\n|inactive|Battle timer is ON: inactive players will automatically lose when time's up. (requested by nezuko fresh leg)\n|\n|t:|1738828541\n|start\n|switch|p1a: Terapagos|Terapagos, L50, M|100\/100\n|switch|p1b: Farigiraf|Farigiraf, L50, M|100\/100\n|switch|p2a: Whimsicott|Whimsicott, L50, M|100\/100\n|switch|p2b: Chi-Yu|Chi-Yu, L50|100\/100\n|-activate|p1a: Terapagos|ability: Tera Shift\n|detailschange|p1a: Terapagos|Terapagos-Terastal, L50, M\n|-heal|p1a: Terapagos|100\/100|[silent]\n|-ability|p2b: Chi-Yu|Beads of Ruin\n|turn|1\n|\n|t:|1738828555\n|switch|p1a: Iron Hands|Iron Hands, L50|100\/100\n|move|p1b: Farigiraf|Protect|p1b: Farigiraf\n|-singleturn|p1b: Farigiraf|Protect\n|move|p2a: Whimsicott|Dazzling Gleam|p1b: Farigiraf|[spread] p1a\n|-activate|p1b: Farigiraf|move: Protect\n|-supereffective|p1a: Iron Hands\n|-damage|p1a: Iron Hands|80\/100\n|move|p2b: Chi-Yu|Dark Pulse|p1b: Farigiraf\n|-activate|p1b: Farigiraf|move: Protect\n|\n|upkeep\n|turn|2\n|\n|t:|1738828565\n|switch|p2a: \u60e1\u718a\u5669\u5922|Indeedee-F, L50, F|100\/100\n|-fieldstart|move: Psychic Terrain|[from] ability: Psychic Surge|[of] p2a: \u60e1\u718a\u5669\u5922\n|move|p1a: Iron Hands|Fake Out|p2b: Chi-Yu\n|-activate|p2b: Chi-Yu|move: Psychic Terrain\n|move|p2b: Chi-Yu|Dark Pulse|p1b: Farigiraf\n|-supereffective|p1b: Farigiraf\n|-damage|p1b: Farigiraf|0 fnt\n|faint|p1b: Farigiraf\n|-damage|p2b: Chi-Yu|91\/100|[from] item: Life Orb\n|\n|upkeep\n|c|\u2606llefface|woopsiedoodles\n|\n|t:|1738828572\n|switch|p1b: Terapagos|Terapagos-Terastal, L50, M|100\/100\n|turn|3\n|\n|t:|1738828593\n|-terastallize|p1b: Terapagos|Stellar\n|detailschange|p1b: Terapagos|Terapagos-Stellar, L50, M, tera:Stellar\n|-heal|p1b: Terapagos|100\/100|[silent]\n|-ability|p1b: Terapagos|Teraform Zero\n|-fieldend|move: Psychic Terrain\n|move|p2a: \u60e1\u718a\u5669\u5922|Follow Me|p2a: \u60e1\u718a\u5669\u5922\n|-singleturn|p2a: \u60e1\u718a\u5669\u5922|move: Follow Me\n|move|p2b: Chi-Yu|Heat Wave|p1a: Iron Hands|[spread] p1a,p1b\n|-damage|p1a: Iron Hands|43\/100\n|-damage|p1b: Terapagos|47\/100\n|-damage|p2b: Chi-Yu|81\/100|[from] item: Life Orb\n|move|p1b: Terapagos|Tera Starstorm|p2b: Chi-Yu|[spread] p2a,p2b\n|-crit|p2b: Chi-Yu\n|-damage|p2a: \u60e1\u718a\u5669\u5922|28\/100\n|-damage|p2b: Chi-Yu|0 fnt\n|faint|p2b: Chi-Yu\n|move|p1a: Iron Hands|Drain Punch|p2a: \u60e1\u718a\u5669\u5922\n|-damage|p2a: \u60e1\u718a\u5669\u5922|0 fnt\n|-heal|p1a: Iron Hands|54\/100|[from] drain|[of] p2a: \u60e1\u718a\u5669\u5922\n|-damage|p1a: Iron Hands|37\/100|[from] item: Rocky Helmet|[of] p2a: \u60e1\u718a\u5669\u5922\n|faint|p2a: \u60e1\u718a\u5669\u5922\n|\n|upkeep\n|\n|t:|1738828607\n|switch|p2b: Whimsicott|Whimsicott, L50, M|100\/100\n|switch|p2a: Calyrex|Calyrex-Shadow, L50|100\/100\n|-ability|p2a: Calyrex|As One\n|-ability|p2a: Calyrex|Unnerve\n|turn|4\n|c|\u2606llefface|sorry about the crit\n|\n|t:|1738828632\n|switch|p1b: Ogerpon|Ogerpon-Hearthflame, L50, F|100\/100\n|-ability|p1b: Ogerpon|Mold Breaker\n|move|p2a: Calyrex|Protect|p2a: Calyrex\n|-singleturn|p2a: Calyrex|Protect\n|move|p2b: Whimsicott|Dazzling Gleam|p1b: Ogerpon|[spread] p1a,p1b\n|-supereffective|p1a: Iron Hands\n|-resisted|p1b: Ogerpon\n|-damage|p1a: Iron Hands|20\/100\n|-damage|p1b: Ogerpon|92\/100\n|move|p1a: Iron Hands|Heavy Slam|p2b: Whimsicott\n|-supereffective|p2b: Whimsicott\n|-damage|p2b: Whimsicott|0 fnt\n|faint|p2b: Whimsicott\n|\n|upkeep\n|turn|5\n|\n|t:|1738828653\n|-terastallize|p2a: Calyrex|Ghost\n|move|p1b: Ogerpon|Spiky Shield|p1b: Ogerpon\n|-singleturn|p1b: Ogerpon|move: Protect\n|move|p2a: Calyrex|Astral Barrage|p1a: Iron Hands|[spread] p1a\n|-activate|p1b: Ogerpon|move: Protect\n|-damage|p1a: Iron Hands|0 fnt\n|faint|p1a: Iron Hands\n|-end|p1a: Iron Hands|Quark Drive|[silent]\n|-ability|p2a: Calyrex|Grim Neigh|boost\n|-boost|p2a: Calyrex|spa|1\n|\n|upkeep\n|\n|t:|1738828658\n|switch|p1a: Terapagos|Terapagos-Stellar, L50, M, tera:Stellar|47\/100\n|turn|6\n|\n|t:|1738828665\n|move|p1b: Ogerpon|Follow Me|p1b: Ogerpon\n|-singleturn|p1b: Ogerpon|move: Follow Me\n|move|p2a: Calyrex|Expanding Force|p1b: Ogerpon\n|-damage|p1b: Ogerpon|15\/100\n|move|p1a: Terapagos|Tera Starstorm|p2a: Calyrex\n|-supereffective|p2a: Calyrex\n|-enditem|p2a: Calyrex|Focus Sash\n|-damage|p2a: Calyrex|1\/100\n|\n|upkeep\n|turn|7\n|\n|t:|1738828674\n|move|p1b: Ogerpon|Follow Me|p1b: Ogerpon\n|-singleturn|p1b: Ogerpon|move: Follow Me\n|move|p2a: Calyrex|Expanding Force|p1b: Ogerpon\n|-crit|p1b: Ogerpon\n|-damage|p1b: Ogerpon|0 fnt\n|faint|p1b: Ogerpon\n|-ability|p2a: Calyrex|Grim Neigh|boost\n|-boost|p2a: Calyrex|spa|1\n|move|p1a: Terapagos|Tera Starstorm|p2a: Calyrex\n|-supereffective|p2a: Calyrex\n|-damage|p2a: Calyrex|0 fnt\n|faint|p2a: Calyrex\n|\n|win|llefface\n|raw|llefface's rating: 1622 &rarr; <strong>1644<\/strong><br \/>(+22 for winning)\n|raw|nezuko fresh leg's rating: 1662 &rarr; <strong>1640<\/strong><br \/>(-22 for losing)\n|l|\u2606nezuko fresh leg\n|player|p2|\n|c|\u2606llefface|gg\n|l|\u2606llefface\n|player|p1|\n","uploadtime":1738828831,"views":6,"formatid":"gen9vgc2025regg","rating":1640,"private":0,"password":null}