{"id":"gen9vgc2025regg-2295583409","format":"[Gen 9] VGC 2025 Reg G","players":["verlierenistokay2","zodipodi"],"log":"|j|\u2606verlierenistokay2\n|j|\u2606zodipodi\n|t:|1738855637\n|gametype|doubles\n|player|p1|verlierenistokay2|2|1512\n|player|p2|zodipodi|2|1578\n|teamsize|p1|6\n|teamsize|p2|6\n|gen|9\n|tier|[Gen 9] VGC 2025 Reg G\n|rated|\n|rule|Species Clause: Limit one of each Pok\u00e9mon\n|rule|Item Clause: Limit 1 of each item\n|clearpoke\n|poke|p1|Koraidon, L50|\n|poke|p1|Umbreon, L50, M|\n|poke|p1|Raging Bolt, L50|\n|poke|p1|Flutter Mane, L50|\n|poke|p1|Ogerpon-Cornerstone, L50, F|\n|poke|p1|Entei, L50|\n|poke|p2|Terapagos, L50, M|\n|poke|p2|Grimmsnarl, L50, M|\n|poke|p2|Amoonguss, L50, F|\n|poke|p2|Ogerpon-Hearthflame, L50, F|\n|poke|p2|Urshifu-*, L50, M|\n|poke|p2|Raging Bolt, L50|\n|teampreview|4\n|\n|t:|1738855664\n|start\n|switch|p1a: Flutter Mane|Flutter Mane, L50|100\/100\n|switch|p1b: Koraidon|Koraidon, L50|100\/100\n|switch|p2a: Grimmsnarl|Grimmsnarl, L50, M|100\/100\n|switch|p2b: Ogerpon|Ogerpon-Hearthflame, L50, F|100\/100\n|-weather|SunnyDay|[from] ability: Orichalcum Pulse|[of] p1b: Koraidon\n|-activate|p1a: Flutter Mane|ability: Protosynthesis\n|-start|p1a: Flutter Mane|protosynthesisspe\n|-activate|p1b: Koraidon|Orichalcum Pulse|[source]\n|-ability|p2b: Ogerpon|Mold Breaker\n|turn|1\n|\n|t:|1738855684\n|move|p2a: Grimmsnarl|Thunder Wave|p1b: Koraidon\n|-status|p1b: Koraidon|par\n|move|p1a: Flutter Mane|Dazzling Gleam|p2a: Grimmsnarl|[spread] p2a,p2b\n|-supereffective|p2a: Grimmsnarl\n|-resisted|p2b: Ogerpon\n|-damage|p2a: Grimmsnarl|46\/100\n|-damage|p2b: Ogerpon|81\/100\n|move|p2b: Ogerpon|Ivy Cudgel|p1a: Flutter Mane|[anim] Ivy Cudgel Fire\n|-enditem|p1a: Flutter Mane|Focus Sash\n|-damage|p1a: Flutter Mane|1\/100\n|move|p1b: Koraidon|Flare Blitz|p2a: Grimmsnarl\n|-damage|p2a: Grimmsnarl|0 fnt\n|faint|p2a: Grimmsnarl\n|-damage|p1b: Koraidon|83\/100 par|[from] Recoil\n|\n|-weather|SunnyDay|[upkeep]\n|upkeep\n|\n|t:|1738855703\n|switch|p2a: Terapagos|Terapagos, L50, M|100\/100\n|-activate|p2a: Terapagos|ability: Tera Shift\n|detailschange|p2a: Terapagos|Terapagos-Terastal, L50, M\n|-heal|p2a: Terapagos|100\/100|[silent]\n|turn|2\n|\n|t:|1738855721\n|-terastallize|p2a: Terapagos|Stellar\n|detailschange|p2a: Terapagos|Terapagos-Stellar, L50, M, tera:Stellar\n|-heal|p2a: Terapagos|100\/100|[silent]\n|-ability|p2a: Terapagos|Teraform Zero\n|-weather|none\n|-end|p1a: Flutter Mane|Protosynthesis\n|move|p2b: Ogerpon|Follow Me|p2b: Ogerpon\n|-singleturn|p2b: Ogerpon|move: Follow Me\n|move|p1a: Flutter Mane|Icy Wind|p2a: Terapagos|[spread] p2a\n|-miss|p1a: Flutter Mane|p2b: Ogerpon\n|-damage|p2a: Terapagos|90\/100\n|-unboost|p2a: Terapagos|spe|1\n|move|p1b: Koraidon|Collision Course|p2b: Ogerpon\n|-damage|p2b: Ogerpon|13\/100\n|move|p2a: Terapagos|Tera Starstorm|p1b: Koraidon|[spread] p1a,p1b\n|-damage|p1a: Flutter Mane|0 fnt\n|-damage|p1b: Koraidon|24\/100 par\n|faint|p1a: Flutter Mane\n|-end|p1a: Flutter Mane|Protosynthesis|[silent]\n|\n|upkeep\n|\n|t:|1738855755\n|switch|p1a: Ogerpon|Ogerpon-Cornerstone, L50, F|100\/100\n|turn|3\n|\n|t:|1738855768\n|switch|p2a: Raging Bolt|Raging Bolt, L50|100\/100\n|move|p1a: Ogerpon|Ivy Cudgel|p2b: Ogerpon|[anim] Ivy Cudgel Rock\n|-supereffective|p2b: Ogerpon\n|-damage|p2b: Ogerpon|0 fnt\n|faint|p2b: Ogerpon\n|move|p1b: Koraidon|Collision Course|p2a: Raging Bolt\n|-damage|p2a: Raging Bolt|60\/100\n|\n|upkeep\n|\n|t:|1738855777\n|switch|p2b: Terapagos|Terapagos-Stellar, L50, M, tera:Stellar|90\/100\n|turn|4\n|\n|t:|1738855794\n|-terastallize|p1a: Ogerpon|Rock\n|detailschange|p1a: Ogerpon|Ogerpon-Cornerstone-Tera, L50, F, tera:Rock\n|-ability|p1a: Ogerpon|Embody Aspect (Cornerstone)|boost\n|-boost|p1a: Ogerpon|def|1\n|move|p1b: Koraidon|Protect|p1b: Koraidon\n|-singleturn|p1b: Koraidon|Protect\n|move|p1a: Ogerpon|Ivy Cudgel|p2a: Raging Bolt|[anim] Ivy Cudgel Rock\n|-crit|p2a: Raging Bolt\n|-damage|p2a: Raging Bolt|0 fnt\n|faint|p2a: Raging Bolt\n|-end|p2a: Raging Bolt|Protosynthesis|[silent]\n|move|p2b: Terapagos|Tera Starstorm|p1a: Ogerpon|[spread] p1a\n|-activate|p1b: Koraidon|move: Protect\n|-supereffective|p1a: Ogerpon\n|-damage|p1a: Ogerpon|0 fnt\n|faint|p1a: Ogerpon\n|\n|upkeep\n|\n|t:|1738855812\n|switch|p1a: Entei|Entei, L50|100\/100\n|turn|5\n|\n|t:|1738855819\n|move|p1a: Entei|Sacred Fire|p2b: Terapagos\n|-damage|p2b: Terapagos|41\/100\n|-status|p2b: Terapagos|brn\n|move|p2b: Terapagos|Tera Starstorm|p1a: Entei|[spread] p1a,p1b\n|-damage|p1a: Entei|29\/100\n|-damage|p1b: Koraidon|0 fnt\n|faint|p1b: Koraidon\n|\n|-damage|p2b: Terapagos|35\/100 brn|[from] brn\n|upkeep\n|turn|6\n|\n|t:|1738855829\n|move|p1a: Entei|Sacred Fire|p2b: Terapagos\n|-damage|p2b: Terapagos|0 fnt\n|faint|p2b: Terapagos\n|\n|win|verlierenistokay2\n|raw|verlierenistokay2's rating: 1512 &rarr; <strong>1536<\/strong><br \/>(+24 for winning)\n|raw|zodipodi's rating: 1578 &rarr; <strong>1554<\/strong><br \/>(-24 for losing)\n|l|\u2606zodipodi\n|player|p2|\n|l|\u2606verlierenistokay2\n|player|p1|\n","uploadtime":1738856013,"views":5,"formatid":"gen9vgc2025regg","rating":1536,"private":0,"password":null}