{"id":"gen9vgc2025regg-2295367744","format":"[Gen 9] VGC 2025 Reg G","players":["nezuko fresh leg","coquivgc"],"log":"|j|\u2606nezuko fresh leg\n|j|\u2606coquivgc\n|t:|1738821328\n|gametype|doubles\n|player|p1|nezuko fresh leg|tuberf|1690\n|player|p2|coquivgc|266|1517\n|teamsize|p1|6\n|teamsize|p2|6\n|gen|9\n|tier|[Gen 9] VGC 2025 Reg G\n|rated|\n|rule|Species Clause: Limit one of each Pok\u00e9mon\n|rule|Item Clause: Limit 1 of each item\n|clearpoke\n|poke|p1|Whimsicott, L50, F|\n|poke|p1|Indeedee-F, L50, F|\n|poke|p1|Calyrex-Shadow, L50|\n|poke|p1|Urshifu-*, L50, M|\n|poke|p1|Chi-Yu, L50|\n|poke|p1|Ogerpon-Wellspring, L50, F|\n|poke|p2|Miraidon, L50|\n|poke|p2|Whimsicott, L50, M|\n|poke|p2|Urshifu-*, L50, M|\n|poke|p2|Farigiraf, L50, M|\n|poke|p2|Iron Hands, L50|\n|poke|p2|Volcarona, L50, M|\n|teampreview|4\n|inactive|Battle timer is ON: inactive players will automatically lose when time's up. (requested by coquivgc)\nnezuko fresh leg has agreed to open team sheets.\n|inactive|coquivgc has 60 seconds left.\n|\n|t:|1738821385\n|start\n|switch|p1a: Whimsicott|Whimsicott, L50, F|100\/100\n|switch|p1b: Chi-Yu|Chi-Yu, L50|100\/100\n|switch|p2a: Miraidon|Miraidon, L50|100\/100\n|switch|p2b: Whimsicott|Whimsicott, L50, M|100\/100\n|-fieldstart|move: Electric Terrain|[from] ability: Hadron Engine|[of] p2a: Miraidon\n|-ability|p1b: Chi-Yu|Beads of Ruin\n|turn|1\n|inactive|coquivgc has 30 seconds left.\n|inactive|coquivgc has 20 seconds left.\n|inactive|coquivgc has 15 seconds left.\n|\n|t:|1738821428\n|switch|p2b: Urshifu|Urshifu-Rapid-Strike, L50, M|100\/100\n|move|p1b: Chi-Yu|Protect|p1b: Chi-Yu\n|-singleturn|p1b: Chi-Yu|Protect\n|move|p1a: Whimsicott|Taunt|p2b: Urshifu\n|-start|p2b: Urshifu|move: Taunt\n|move|p2a: Miraidon|Volt Switch|p1b: Chi-Yu\n|-activate|p1b: Chi-Yu|move: Protect\n|\n|upkeep\n|turn|2\n|inactive|coquivgc has 30 seconds left.\n|inactive|coquivgc has 20 seconds left.\n|inactive|coquivgc has 15 seconds left.\n|inactive|coquivgc has 10 seconds left.\n|inactive|coquivgc has 5 seconds left.\n|\n|t:|1738821482\n|move|p1a: Whimsicott|Tailwind|p1a: Whimsicott\n|-sidestart|p1: nezuko fresh leg|move: Tailwind\n|move|p1b: Chi-Yu|Dark Pulse|p2a: Miraidon\n|-damage|p2a: Miraidon|27\/100\n|-damage|p1b: Chi-Yu|91\/100|[from] item: Life Orb\n|move|p2a: Miraidon|Volt Switch|p1b: Chi-Yu\n|-damage|p1b: Chi-Yu|0 fnt\n|faint|p1b: Chi-Yu\n|\n|t:|1738821501\n|switch|p2a: Whimsicott|Whimsicott, L50, M|100\/100|[from] Volt Switch\n|move|p2b: Urshifu|Surging Strikes|p1a: Whimsicott\n|-resisted|p1a: Whimsicott\n|-crit|p1a: Whimsicott\n|-damage|p1a: Whimsicott|88\/100\n|-resisted|p1a: Whimsicott\n|-crit|p1a: Whimsicott\n|-damage|p1a: Whimsicott|74\/100\n|-resisted|p1a: Whimsicott\n|-crit|p1a: Whimsicott\n|-damage|p1a: Whimsicott|62\/100\n|-hitcount|p1a: Whimsicott|3\n|\n|upkeep\n|\n|t:|1738821516\n|switch|p1b: Calyrex|Calyrex-Shadow, L50|100\/100\n|-ability|p1b: Calyrex|As One\n|-ability|p1b: Calyrex|Unnerve\n|turn|3\n|inactive|coquivgc has 30 seconds left.\n|inactive|coquivgc has 20 seconds left.\n|\n|t:|1738821555\n|-terastallize|p2b: Urshifu|Stellar\n|move|p1a: Whimsicott|Taunt|p2a: Whimsicott\n|-start|p2a: Whimsicott|move: Taunt\n|cant|p2a: Whimsicott|move: Taunt|Light Screen\n|move|p1b: Calyrex|Expanding Force|p2b: Urshifu\n|-supereffective|p2b: Urshifu\n|-enditem|p2b: Urshifu|Focus Sash\n|-damage|p2b: Urshifu|1\/100\n|move|p2b: Urshifu|Surging Strikes|p1b: Calyrex\n|-crit|p1b: Calyrex\n|-damage|p1b: Calyrex|64\/100\n|-crit|p1b: Calyrex\n|-damage|p1b: Calyrex|27\/100\n|-crit|p1b: Calyrex\n|-damage|p1b: Calyrex|0 fnt\n|faint|p1b: Calyrex\n|-hitcount|p1: Calyrex|3\n|\n|-end|p2b: Urshifu|move: Taunt\n|upkeep\n|\n|t:|1738821563\n|switch|p1b: \u60e1\u718a\u5669\u5922|Indeedee-F, L50, F|100\/100\n|-fieldstart|move: Psychic Terrain|[from] ability: Psychic Surge|[of] p1b: \u60e1\u718a\u5669\u5922\n|turn|4\n|\n|t:|1738821584\n|switch|p2b: Volcarona|Volcarona, L50, M|100\/100\n|move|p1b: \u60e1\u718a\u5669\u5922|Helping Hand|p1a: Whimsicott\n|-singleturn|p1a: Whimsicott|Helping Hand|[of] p1b: \u60e1\u718a\u5669\u5922\n|move|p1a: Whimsicott|Dazzling Gleam|p2b: Volcarona|[spread] p2a,p2b\n|-resisted|p2b: Volcarona\n|-damage|p2a: Whimsicott|73\/100\n|-damage|p2b: Volcarona|90\/100\n|move|p2a: Whimsicott|Moonblast|p1a: Whimsicott\n|-damage|p1a: Whimsicott|27\/100\n|\n|-heal|p2b: Volcarona|96\/100|[from] item: Leftovers\n|upkeep\n|turn|5\n|-message|nezuko fresh leg forfeited.\n|\n|win|coquivgc\n|raw|nezuko fresh leg's rating: 1705 &rarr; <strong>1675<\/strong><br \/>(-30 for losing)\n|raw|coquivgc's rating: 1517 &rarr; <strong>1547<\/strong><br \/>(+30 for winning)\n|l|\u2606nezuko fresh leg\n|player|p1|\n|l|\u2606coquivgc\n|player|p2|\n","uploadtime":1738821746,"views":7,"formatid":"gen9vgc2025regg","rating":1547,"private":0,"password":null}