{"id":"gen9vgc2025regg-2295816233","format":"[Gen 9] VGC 2025 Reg G","players":["xatseye","chappell murkroan"],"log":"|j|\u2606xatseye\n|j|\u2606chappell murkroan\n|t:|1738879068\n|gametype|doubles\n|player|p1|xatseye|1|1640\n|player|p2|chappell murkroan|caitlin|1606\n|teamsize|p1|6\n|teamsize|p2|6\n|gen|9\n|tier|[Gen 9] VGC 2025 Reg G\n|rated|\n|rule|Species Clause: Limit one of each Pok\u00e9mon\n|rule|Item Clause: Limit 1 of each item\n|clearpoke\n|poke|p1|Flutter Mane, L50|\n|poke|p1|Maushold-Four, L50|\n|poke|p1|Incineroar, L50, F|\n|poke|p1|Calyrex-Ice, L50|\n|poke|p1|Cresselia, L50, F|\n|poke|p1|Urshifu-*, L50, M|\n|poke|p2|Dondozo, L50, M|\n|poke|p2|Tatsugiri, L50, F|\n|poke|p2|Terapagos, L50, M|\n|poke|p2|Iron Hands, L50|\n|poke|p2|Sableye, L50, M|\n|poke|p2|Ogerpon-Hearthflame, L50, F|\n|teampreview|4\n|inactive|Battle timer is ON: inactive players will automatically lose when time's up. (requested by chappell murkroan)\n|inactive|xatseye also wants the timer to be on.\n|\n|t:|1738879085\n|start\n|switch|p1a: Urshifu|Urshifu, L50, M|100\/100\n|switch|p1b: Maushold|Maushold-Four, L50, shiny|100\/100\n|switch|p2a: Sableye|Sableye, L50, M|100\/100\n|switch|p2b: Terapagos|Terapagos, L50, M|100\/100\n|-activate|p2b: Terapagos|ability: Tera Shift\n|detailschange|p2b: Terapagos|Terapagos-Terastal, L50, M\n|-heal|p2b: Terapagos|100\/100|[silent]\n|turn|1\n|\n|t:|1738879099\n|-terastallize|p2b: Terapagos|Stellar\n|detailschange|p2b: Terapagos|Terapagos-Stellar, L50, M, tera:Stellar\n|-heal|p2b: Terapagos|100\/100|[silent]\n|move|p2a: Sableye|Fake Out|p1a: Urshifu\n|-damage|p1a: Urshifu|95\/100\n|move|p1b: Maushold|Super Fang|p2b: Terapagos\n|-damage|p2b: Terapagos|51\/100\n|cant|p1a: Urshifu|flinch\n|move|p2b: Terapagos|Tera Starstorm|p1a: Urshifu|[spread] p1a,p1b\n|-damage|p1a: Urshifu|23\/100\n|-damage|p1b: Maushold|23\/100\n|\n|upkeep\n|turn|2\n|inactive|xatseye has 30 seconds left.\n|\n|t:|1738879125\n|switch|p2b: Tatsugiri|Tatsugiri, L50, F|100\/100\n|switch|p2a: Dondozo|Dondozo, L50, M|100\/100\n|-activate|p2b: Tatsugiri|ability: Commander|[of] p2a: Dondozo\n|-boost|p2a: Dondozo|atk|2\n|-boost|p2a: Dondozo|spa|2\n|-boost|p2a: Dondozo|spe|2\n|-boost|p2a: Dondozo|def|2\n|-boost|p2a: Dondozo|spd|2\n|move|p1b: Maushold|Protect|p1b: Maushold\n|-singleturn|p1b: Maushold|Protect\n|move|p1a: Urshifu|Wicked Blow|p2b: Tatsugiri|[miss]\n|-miss|p1a: Urshifu|p2b: Tatsugiri\n|\n|upkeep\n|turn|3\n|\n|t:|1738879140\n|move|p2a: Dondozo|Earthquake|p1a: Urshifu|[spread] p1a,p1b\n|-miss|p2a: Dondozo|p2b: Tatsugiri\n|-damage|p1a: Urshifu|0 fnt\n|-damage|p1b: Maushold|0 fnt\n|faint|p1a: Urshifu\n|faint|p1b: Maushold\n|-damage|p2a: Dondozo|91\/100|[from] item: Life Orb\n|\n|upkeep\n|\n|t:|1738879147\n|switch|p1b: Flutter Mane|Flutter Mane, L50|100\/100\n|switch|p1a: Calyrex|Calyrex-Ice, L50|100\/100\n|-ability|p1a: Calyrex|As One\n|-ability|p1a: Calyrex|Unnerve\n|-enditem|p1b: Flutter Mane|Booster Energy\n|-activate|p1b: Flutter Mane|ability: Protosynthesis|[fromitem]\n|-start|p1b: Flutter Mane|protosynthesisspa\n|turn|4\n|j| Blueaquajet5\n|\n|t:|1738879162\n|move|p1b: Flutter Mane|Protect|p1b: Flutter Mane\n|-singleturn|p1b: Flutter Mane|Protect\n|move|p2a: Dondozo|Wave Crash|p1b: Flutter Mane\n|-activate|p1b: Flutter Mane|move: Protect\n|move|p1a: Calyrex|Trick Room|p1a: Calyrex\n|-fieldstart|move: Trick Room|[of] p1a: Calyrex\n|\n|upkeep\n|turn|5\n|j| Therazer456\n|-message|xatseye forfeited.\n|\n|win|chappell murkroan\n|raw|xatseye's rating: 1640 &rarr; <strong>1618<\/strong><br \/>(-22 for losing)\n|raw|chappell murkroan's rating: 1606 &rarr; <strong>1628<\/strong><br \/>(+22 for winning)\n|l|\u2606xatseye\n|player|p1|\n|l|\u2606chappell murkroan\n|player|p2|\n|l| Therazer456\n|l| Blueaquajet5\n","uploadtime":1738879441,"views":5,"formatid":"gen9vgc2025regg","rating":1618,"private":0,"password":null}