{"id":"gen9vgc2025regg-2295512281","format":"[Gen 9] VGC 2025 Reg G","players":["koji muranishi","Zeropoke7310"],"log":"|j|\u2606koji muranishi\n|j|\u2606Zeropoke7310\n|t:|1738847147\n|gametype|doubles\n|player|p1|koji muranishi|169|1736\n|player|p2|Zeropoke7310|steven|1701\n|teamsize|p1|6\n|teamsize|p2|6\n|gen|9\n|tier|[Gen 9] VGC 2025 Reg G\n|rated|\n|rule|Species Clause: Limit one of each Pok\u00e9mon\n|rule|Item Clause: Limit 1 of each item\n|clearpoke\n|poke|p1|Whimsicott, L50, M|\n|poke|p1|Calyrex-Ice, L50|\n|poke|p1|Urshifu-*, L50, F|\n|poke|p1|Volcarona, L50, F|\n|poke|p1|Raging Bolt, L50|\n|poke|p1|Landorus, L50, M|\n|poke|p2|Miraidon, L50|\n|poke|p2|Urshifu-*, L50, F|\n|poke|p2|Ogerpon-Hearthflame, L50, F|\n|poke|p2|Chien-Pao, L50|\n|poke|p2|Iron Hands, L50|\n|poke|p2|Farigiraf, L50, F|\n|teampreview|4\n|inactive|Battle timer is ON: inactive players will automatically lose when time's up. (requested by koji muranishi)\n|\n|t:|1738847185\n|start\n|switch|p1a: Volcarona|Volcarona, L50, F|100\/100\n|switch|p1b: Landorus|Landorus, L50, M|100\/100\n|switch|p2a: Miraidon|Miraidon, L50|100\/100\n|switch|p2b: Chien-Pao|Chien-Pao, L50|100\/100\n|-fieldstart|move: Electric Terrain|[from] ability: Hadron Engine|[of] p2a: Miraidon\n|-ability|p2b: Chien-Pao|Sword of Ruin\n|turn|1\n|inactive|Zeropoke7310 has 30 seconds left.\n|inactive|Zeropoke7310 has 20 seconds left.\n|inactive|Zeropoke7310 has 15 seconds left.\n|inactive|Zeropoke7310 has 10 seconds left.\n|\n|t:|1738847233\n|-terastallize|p2a: Miraidon|Electric\n|-terastallize|p1a: Volcarona|Ground\n|move|p1b: Landorus|Protect|p1b: Landorus\n|-singleturn|p1b: Landorus|Protect\n|move|p2b: Chien-Pao|Ice Shard|p1b: Landorus\n|-activate|p1b: Landorus|move: Protect\n|move|p2a: Miraidon|Electro Drift|p1a: Volcarona\n|-immune|p1a: Volcarona\n|move|p1a: Volcarona|Tailwind|p1a: Volcarona\n|-sidestart|p1: koji muranishi|move: Tailwind\n|\n|upkeep\n|turn|2\n|inactive|koji muranishi has 30 seconds left.\n|\n|t:|1738847264\n|switch|p1b: Calyrex|Calyrex-Ice, L50|100\/100\n|-ability|p1b: Calyrex|As One\n|-ability|p1b: Calyrex|Unnerve\n|move|p2a: Miraidon|Electro Drift|p1b: Calyrex\n|-damage|p1b: Calyrex|0 fnt\n|faint|p1b: Calyrex\n|move|p1a: Volcarona|Will-O-Wisp|p2b: Chien-Pao\n|-status|p2b: Chien-Pao|brn\n|move|p2b: Chien-Pao|Icicle Crash|p1a: Volcarona\n|-supereffective|p1a: Volcarona\n|-damage|p1a: Volcarona|48\/100\n|\n|-damage|p2b: Chien-Pao|95\/100 brn|[from] brn\n|upkeep\n|\n|t:|1738847282\n|switch|p1b: Urshifu|Urshifu-Rapid-Strike, L50, F|100\/100\n|turn|3\n|inactive|Zeropoke7310 has 30 seconds left.\n|\n|t:|1738847309\n|switch|p2a: Iron Hands|Iron Hands, L50|100\/100\n|-activate|p2a: Iron Hands|ability: Quark Drive\n|-start|p2a: Iron Hands|quarkdriveatk\n|move|p1a: Volcarona|Rage Powder|p1a: Volcarona\n|-singleturn|p1a: Volcarona|move: Rage Powder\n|move|p2b: Chien-Pao|Ice Shard|p1a: Volcarona\n|-supereffective|p1a: Volcarona\n|-damage|p1a: Volcarona|20\/100\n|move|p1b: Urshifu|Surging Strikes|p2b: Chien-Pao\n|-crit|p2b: Chien-Pao\n|-damage|p2b: Chien-Pao|65\/100 brn\n|-crit|p2b: Chien-Pao\n|-damage|p2b: Chien-Pao|32\/100 brn\n|-crit|p2b: Chien-Pao\n|-damage|p2b: Chien-Pao|3\/100 brn\n|-hitcount|p2b: Chien-Pao|3\n|\n|-damage|p2b: Chien-Pao|0 fnt|[from] brn\n|faint|p2b: Chien-Pao\n|upkeep\n|j| futonkagebunshin\n|\n|t:|1738847330\n|switch|p2b: Miraidon|Miraidon, L50, tera:Electric|100\/100\n|-activate|p2b: Miraidon|ability: Hadron Engine\n|turn|4\n|\n|t:|1738847355\n|move|p2a: Iron Hands|Fake Out|p1b: Urshifu\n|-damage|p1b: Urshifu|79\/100\n|cant|p1b: Urshifu|flinch\n|move|p2b: Miraidon|Dazzling Gleam|p1a: Volcarona|[spread] p1a,p1b\n|-supereffective|p1b: Urshifu\n|-damage|p1a: Volcarona|0 fnt\n|-damage|p1b: Urshifu|0 fnt\n|faint|p1a: Volcarona\n|faint|p1b: Urshifu\n|\n|-sideend|p1: koji muranishi|move: Tailwind\n|upkeep\n|\n|t:|1738847367\n|switch|p1b: Landorus|Landorus, L50, M|100\/100\n|turn|5\n|\n|t:|1738847373\n|move|p2b: Miraidon|Dazzling Gleam|p1b: Landorus\n|-damage|p1b: Landorus|50\/100\n|move|p1b: Landorus|Sandsear Storm|p2b: Miraidon|[spread] p2a,p2b\n|-supereffective|p2a: Iron Hands\n|-supereffective|p2b: Miraidon\n|-damage|p2a: Iron Hands|31\/100\n|-damage|p2b: Miraidon|0 fnt\n|faint|p2b: Miraidon\n|move|p2a: Iron Hands|Heavy Slam|p1b: Landorus\n|-damage|p1b: Landorus|0 fnt\n|faint|p1b: Landorus\n|\n|win|Zeropoke7310\n|raw|koji muranishi's rating: 1736 &rarr; <strong>1714<\/strong><br \/>(-22 for losing)\n|raw|Zeropoke7310's rating: 1701 &rarr; <strong>1723<\/strong><br \/>(+22 for winning)\n|l|\u2606Zeropoke7310\n|player|p2|\n|l|\u2606koji muranishi\n|player|p1|\n","uploadtime":1738847643,"views":60,"formatid":"gen9vgc2025regg","rating":1714,"private":0,"password":null}