{"id":"gen9vgc2025regg-2295064543","format":"[Gen 9] VGC 2025 Reg G","players":["Chef AF","MTcxing"],"log":"|j|\u203dChef AF\n|j|\u2606MTcxing\n|t:|1738782975\n|gametype|doubles\n|player|p1|Chef AF|bugcatcher-gen4dp|1613\n|player|p2|MTcxing|n|1518\n|teamsize|p1|6\n|teamsize|p2|6\n|gen|9\n|tier|[Gen 9] VGC 2025 Reg G\n|rated|\n|rule|Species Clause: Limit one of each Pok\u00e9mon\n|rule|Item Clause: Limit 1 of each item\n|clearpoke\n|poke|p1|Koraidon, L50|\n|poke|p1|Walking Wake, L50|\n|poke|p1|Iron Moth, L50|\n|poke|p1|Flutter Mane, L50|\n|poke|p1|Umbreon, L50, M|\n|poke|p1|Ogerpon-Cornerstone, L50, F|\n|poke|p2|Calyrex-Ice, L50|\n|poke|p2|Urshifu-*, L50, F|\n|poke|p2|Landorus, L50, M|\n|poke|p2|Pelipper, L50, M|\n|poke|p2|Rillaboom, L50, M|\n|poke|p2|Amoonguss, L50, F|\n|teampreview|4\n|inactive|Battle timer is ON: inactive players will automatically lose when time's up. (requested by MTcxing)\n|inactive|Chef AF also wants the timer to be on.\n|inactive|Chef AF has 60 seconds left.\n|inactive|MTcxing has 60 seconds left.\n|\n|t:|1738783032\n|start\n|switch|p1a: Umbreon|Umbreon, L50, M|100\/100\n|switch|p1b: Walking Wake|Walking Wake, L50|100\/100\n|switch|p2a: Calyrex|Calyrex-Ice, L50|100\/100\n|switch|p2b: Pelipper|Pelipper, L50, M|100\/100\n|-ability|p2a: Calyrex|As One\n|-ability|p2a: Calyrex|Unnerve\n|-weather|RainDance|[from] ability: Drizzle|[of] p2b: Pelipper\n|turn|1\n|\n|t:|1738783055\n|-terastallize|p2a: Calyrex|Water\n|move|p1b: Walking Wake|Weather Ball|p2a: Calyrex\n|-resisted|p2a: Calyrex\n|-damage|p2a: Calyrex|68\/100\n|move|p2b: Pelipper|Tailwind|p2b: Pelipper\n|-sidestart|p2: MTcxing|move: Tailwind\n|move|p2a: Calyrex|Glacial Lance|p1a: Umbreon|[spread] p1a,p1b\n|-damage|p1a: Umbreon|60\/100\n|-damage|p1b: Walking Wake|45\/100\n|move|p1a: Umbreon|Yawn|p2a: Calyrex\n|-start|p2a: Calyrex|move: Yawn|[of] p1a: Umbreon\n|\n|-weather|RainDance|[upkeep]\n|upkeep\n|turn|2\n|inactive|Chef AF has 30 seconds left.\n|inactive|Chef AF has 20 seconds left.\n|inactive|Chef AF has 15 seconds left.\n|inactive|MTcxing has 30 seconds left.\n|inactive|Chef AF has 10 seconds left.\n|\n|t:|1738783104\n|switch|p2a: Urshifu|Urshifu-Rapid-Strike, L50, F|100\/100\n|-terastallize|p1b: Walking Wake|Water\n|move|p2b: Pelipper|Hurricane|p1b: Walking Wake\n|-damage|p1b: Walking Wake|12\/100\n|-start|p1b: Walking Wake|confusion\n|-activate|p1b: Walking Wake|confusion\n|move|p1b: Walking Wake|Weather Ball|p2a: Urshifu\n|-resisted|p2a: Urshifu\n|-damage|p2a: Urshifu|15\/100\n|move|p1a: Umbreon|Snarl|p2a: Urshifu|[spread] p2a,p2b\n|-resisted|p2a: Urshifu\n|-damage|p2a: Urshifu|7\/100\n|-damage|p2b: Pelipper|84\/100\n|-unboost|p2a: Urshifu|spa|1\n|-unboost|p2b: Pelipper|spa|1\n|\n|-weather|RainDance|[upkeep]\n|upkeep\n|turn|3\n|inactive|MTcxing has 30 seconds left.\n|\n|t:|1738783139\n|switch|p2b: Calyrex|Calyrex-Ice, L50, tera:Water|68\/100\n|-ability|p2b: Calyrex|As One\n|-ability|p2b: Calyrex|Unnerve\n|-end|p1b: Walking Wake|Protosynthesis|[silent]\n|switch|p1b: Koraidon|Koraidon, L50|100\/100\n|-weather|SunnyDay|[from] ability: Orichalcum Pulse|[of] p1b: Koraidon\n|-activate|p1b: Koraidon|Orichalcum Pulse|[source]\n|move|p2a: Urshifu|Surging Strikes|p1a: Umbreon\n|-crit|p1a: Umbreon\n|-damage|p1a: Umbreon|54\/100\n|-crit|p1a: Umbreon\n|-damage|p1a: Umbreon|48\/100\n|-crit|p1a: Umbreon\n|-damage|p1a: Umbreon|42\/100\n|-hitcount|p1a: Umbreon|3\n|move|p1a: Umbreon|Foul Play|p2a: Urshifu\n|-resisted|p2a: Urshifu\n|-damage|p2a: Urshifu|0 fnt\n|faint|p2a: Urshifu\n|\n|-weather|SunnyDay|[upkeep]\n|upkeep\n|\n|t:|1738783148\n|switch|p2a: Pelipper|Pelipper, L50, M|84\/100\n|-weather|RainDance|[from] ability: Drizzle|[of] p2a: Pelipper\n|turn|4\n|inactive|Chef AF has 30 seconds left.\n|inactive|MTcxing has 30 seconds left.\n|\n|t:|1738783181\n|switch|p1b: Walking Wake|Walking Wake, L50, tera:Water|12\/100\n|move|p2a: Pelipper|Hurricane|p1b: Walking Wake\n|-damage|p1b: Walking Wake|0 fnt\n|faint|p1b: Walking Wake\n|-end|p1b: Walking Wake|Protosynthesis|[silent]\n|move|p2b: Calyrex|Glacial Lance|p1a: Umbreon\n|-damage|p1a: Umbreon|0 fnt\n|faint|p1a: Umbreon\n|-ability|p2b: Calyrex|Chilling Neigh|boost\n|-boost|p2b: Calyrex|atk|1\n|\n|-weather|RainDance|[upkeep]\n|-sideend|p2: MTcxing|move: Tailwind\n|upkeep\n|\n|t:|1738783193\n|switch|p1b: Ogerpon|Ogerpon-Cornerstone, L50, F|100\/100\n|switch|p1a: Koraidon|Koraidon, L50|100\/100\n|-weather|SunnyDay|[from] ability: Orichalcum Pulse|[of] p1a: Koraidon\n|-activate|p1a: Koraidon|Orichalcum Pulse|[source]\n|turn|5\n|\n|t:|1738783211\n|switch|p2a: Landorus|Landorus, L50, M|100\/100\n|move|p1a: Koraidon|Protect|p1a: Koraidon\n|-singleturn|p1a: Koraidon|Protect\n|move|p2b: Calyrex|Protect|p2b: Calyrex\n|-singleturn|p2b: Calyrex|Protect\n|move|p1b: Ogerpon|Ivy Cudgel|p2a: Landorus|[anim] Ivy Cudgel Rock\n|-damage|p2a: Landorus|34\/100\n|\n|-weather|SunnyDay|[upkeep]\n|upkeep\n|turn|6\n|inactive|MTcxing has 30 seconds left.\n|\n|t:|1738783239\n|move|p1a: Koraidon|Scale Shot|p2a: Landorus\n|-crit|p2a: Landorus\n|-damage|p2a: Landorus|0 fnt\n|faint|p2a: Landorus\n|-hitcount|p2: Landorus|1\n|-unboost|p1a: Koraidon|def|1\n|-boost|p1a: Koraidon|spe|1\n|move|p1b: Ogerpon|Ivy Cudgel|p2b: Calyrex|[anim] Ivy Cudgel Rock\n|-damage|p2b: Calyrex|30\/100\n|move|p2b: Calyrex|Glacial Lance|p1a: Koraidon|[spread] p1a,p1b\n|-supereffective|p1a: Koraidon\n|-supereffective|p1b: Ogerpon\n|-damage|p1a: Koraidon|0 fnt\n|-ability|p1b: Ogerpon|Sturdy\n|-damage|p1b: Ogerpon|1\/100\n|faint|p1a: Koraidon\n|-ability|p2b: Calyrex|Chilling Neigh|boost\n|-boost|p2b: Calyrex|atk|1\n|\n|-weather|SunnyDay|[upkeep]\n|upkeep\n|\n|t:|1738783242\n|switch|p2a: Pelipper|Pelipper, L50, M|84\/100\n|-weather|RainDance|[from] ability: Drizzle|[of] p2a: Pelipper\n|turn|7\n|-message|Chef AF forfeited.\n|\n|win|MTcxing\n|raw|Chef AF's rating: 1613 &rarr; <strong>1588<\/strong><br \/>(-25 for losing)\n|raw|MTcxing's rating: 1518 &rarr; <strong>1543<\/strong><br \/>(+25 for winning)\n|l|\u203dChef AF\n|player|p1|\n|l|\u2606MTcxing\n|player|p2|\n","uploadtime":1738783407,"views":10,"formatid":"gen9vgc2025regg","rating":1543,"private":0,"password":null}