{"id":"gen9vgc2025regg-2295364100","format":"[Gen 9] VGC 2025 Reg G","players":["give-upVGC","aoiharada"],"log":"|j|\u2606give-upVGC\n|j|\u2606aoiharada\n|t:|1738820639\n|gametype|doubles\n|player|p1|give-upVGC|265|1529\n|player|p2|aoiharada|101|1577\n|teamsize|p1|6\n|teamsize|p2|6\n|gen|9\n|tier|[Gen 9] VGC 2025 Reg G\n|rated|\n|rule|Species Clause: Limit one of each Pok\u00e9mon\n|rule|Item Clause: Limit 1 of each item\n|clearpoke\n|poke|p1|Ogerpon-Hearthflame, L50, F|\n|poke|p1|Roaring Moon, L50|\n|poke|p1|Calyrex-Ice, L50|\n|poke|p1|Landorus, L50, M|\n|poke|p1|Urshifu-*, L50, M|\n|poke|p1|Amoonguss, L50, M|\n|poke|p2|Weezing-Galar, L50, M|\n|poke|p2|Calyrex-Shadow, L50|\n|poke|p2|Dondozo, L50, M|\n|poke|p2|Tatsugiri, L50, F|\n|poke|p2|Incineroar, L50, M|\n|poke|p2|Roaring Moon, L50|\n|teampreview|4\n|\n|t:|1738820660\n|start\n|switch|p1a: Roaring Moon|Roaring Moon, L50|100\/100\n|switch|p1b: Calyrex|Calyrex-Ice, L50|100\/100\n|switch|p2a: Calyrex|Calyrex-Shadow, L50|100\/100\n|switch|p2b: Weezing|Weezing-Galar, L50, M|100\/100\n|-ability|p2b: Weezing|Neutralizing Gas\n|-ability|p2a: Calyrex|As One\n|-ability|p2a: Calyrex|Unnerve\n|-ability|p1b: Calyrex|As One\n|-ability|p1b: Calyrex|Unnerve\n|turn|1\n|\n|t:|1738820689\n|-terastallize|p2a: Calyrex|Normal\n|move|p1b: Calyrex|Protect|p1b: Calyrex\n|-singleturn|p1b: Calyrex|Protect\n|move|p2a: Calyrex|Hyper Beam|p1a: Roaring Moon\n|-damage|p1a: Roaring Moon|0 fnt\n|-mustrecharge|p2a: Calyrex\n|faint|p1a: Roaring Moon\n|-end|p1a: Roaring Moon|Protosynthesis|[silent]\n|-ability|p2a: Calyrex|Grim Neigh|boost\n|-boost|p2a: Calyrex|spa|1\n|move|p2b: Weezing|Poison Gas|p1b: Calyrex\n|-activate|p1b: Calyrex|move: Protect\n|\n|upkeep\n|\n|t:|1738820707\n|switch|p1a: Urshifu|Urshifu-Rapid-Strike, L50, M|100\/100\n|turn|2\n|\n|t:|1738820719\n|cant|p2a: Calyrex|recharge\n|move|p1a: Urshifu|Taunt|p2b: Weezing\n|-start|p2b: Weezing|move: Taunt\n|cant|p2b: Weezing|move: Taunt|Poison Gas\n|move|p1b: Calyrex|Trick Room|p1b: Calyrex\n|-fieldstart|move: Trick Room|[of] p1b: Calyrex\n|\n|upkeep\n|turn|3\n|\n|t:|1738820752\n|-end|p2b: Weezing|ability: Neutralizing Gas\n|switch|p2b: Dondozo|Dondozo, L50, M|100\/100\n|switch|p2a: Tatsugiri|Tatsugiri, L50, F|100\/100\n|-activate|p2a: Tatsugiri|ability: Commander|[of] p2b: Dondozo\n|-boost|p2b: Dondozo|atk|2\n|-boost|p2b: Dondozo|spa|2\n|-boost|p2b: Dondozo|spe|2\n|-boost|p2b: Dondozo|def|2\n|-boost|p2b: Dondozo|spd|2\n|move|p1b: Calyrex|Glacial Lance|p2a: Tatsugiri|[spread] p2b\n|-miss|p1b: Calyrex|p2a: Tatsugiri\n|-resisted|p2b: Dondozo\n|-damage|p2b: Dondozo|92\/100\n|move|p1a: Urshifu|Surging Strikes|p2a: Tatsugiri|[miss]\n|-miss|p1a: Urshifu|p2a: Tatsugiri\n|\n|-heal|p2b: Dondozo|99\/100|[from] item: Leftovers\n|upkeep\n|turn|4\n|j| oherrodersir\n|\n|t:|1738820786\n|switch|p1b: Amoonguss|Amoonguss, L50, M|100\/100\n|move|p1a: Urshifu|Taunt|p2b: Dondozo\n|-start|p2b: Dondozo|move: Taunt\n|cant|p2b: Dondozo|move: Taunt|Substitute\n|\n|-heal|p2b: Dondozo|100\/100|[from] item: Leftovers\n|upkeep\n|turn|5\n|\n|t:|1738820802\n|move|p1b: Amoonguss|Spore|p2b: Dondozo\n|-status|p2b: Dondozo|slp|[from] move: Spore\n|move|p1a: Urshifu|Surging Strikes|p2b: Dondozo\n|-resisted|p2b: Dondozo\n|-crit|p2b: Dondozo\n|-damage|p2b: Dondozo|93\/100 slp\n|-resisted|p2b: Dondozo\n|-crit|p2b: Dondozo\n|-damage|p2b: Dondozo|86\/100 slp\n|-resisted|p2b: Dondozo\n|-crit|p2b: Dondozo\n|-damage|p2b: Dondozo|78\/100 slp\n|-hitcount|p2b: Dondozo|3\n|cant|p2b: Dondozo|slp\n|\n|-heal|p2b: Dondozo|84\/100 slp|[from] item: Leftovers\n|upkeep\n|turn|6\n|\n|t:|1738820811\n|switch|p1a: Calyrex|Calyrex-Ice, L50|100\/100\n|-ability|p1a: Calyrex|As One\n|-ability|p1a: Calyrex|Unnerve\n|move|p1b: Amoonguss|Clear Smog|p2b: Dondozo\n|-damage|p2b: Dondozo|76\/100 slp\n|-clearboost|p2b: Dondozo\n|-curestatus|p2b: Dondozo|slp|[msg]\n|move|p2b: Dondozo|Earthquake|p1b: Amoonguss|[spread] p1a,p1b\n|-miss|p2b: Dondozo|p2a: Tatsugiri\n|-damage|p1a: Calyrex|87\/100\n|-damage|p1b: Amoonguss|82\/100\n|\n|-heal|p2b: Dondozo|83\/100|[from] item: Leftovers\n|-end|p2b: Dondozo|move: Taunt\n|-fieldend|move: Trick Room\n|upkeep\n|turn|7\n|-message|aoiharada forfeited.\n|\n|win|give-upVGC\n|raw|give-upVGC's rating: 1529 &rarr; <strong>1552<\/strong><br \/>(+23 for winning)\n|raw|aoiharada's rating: 1577 &rarr; <strong>1554<\/strong><br \/>(-23 for losing)\n|l|\u2606aoiharada\n|player|p2|\n|l|\u2606give-upVGC\n|player|p1|\n|l| oherrodersir\n","uploadtime":1738821052,"views":6,"formatid":"gen9vgc2025regg","rating":1552,"private":0,"password":null}