{"id":"gen9vgc2025regg-2295082862","format":"[Gen 9] VGC 2025 Reg G","players":["snipedrone","TurnAGaming"],"log":"|j|\u2606snipedrone\n|j|\u2606TurnAGaming\n|t:|1738784751\n|gametype|doubles\n|player|p1|snipedrone|1|1536\n|player|p2|TurnAGaming|drayden|1562\n|teamsize|p1|6\n|teamsize|p2|6\n|gen|9\n|tier|[Gen 9] VGC 2025 Reg G\n|rated|\n|rule|Species Clause: Limit one of each Pok\u00e9mon\n|rule|Item Clause: Limit 1 of each item\n|clearpoke\n|poke|p1|Groudon, L50|\n|poke|p1|Jumpluff, L50, M|\n|poke|p1|Flutter Mane, L50|\n|poke|p1|Raging Bolt, L50|\n|poke|p1|Urshifu-*, L50, M|\n|poke|p1|Whimsicott, L50, M|\n|poke|p2|Zamazenta-*, L50|\n|poke|p2|Umbreon, L50, M|\n|poke|p2|Chien-Pao, L50|\n|poke|p2|Urshifu-*, L50, F|\n|poke|p2|Flutter Mane, L50|\n|poke|p2|Ogerpon-Hearthflame, L50, F|\n|teampreview|4\n|j| wartortcorp\n|\n|t:|1738784778\n|start\n|switch|p1a: Groudon|Groudon, L50, shiny|100\/100\n|switch|p1b: Jumpluff|Jumpluff, L50, M, shiny|100\/100\n|switch|p2a: Ogerpon|Ogerpon-Hearthflame, L50, F|100\/100\n|switch|p2b: Umbreon|Umbreon, L50, M, shiny|100\/100\n|-ability|p2a: Ogerpon|Mold Breaker\n|-weather|SunnyDay|[from] ability: Drought|[of] p1a: Groudon\n|turn|1\n|\n|t:|1738784786\n|-terastallize|p1a: Groudon|Fire\n|move|p2a: Ogerpon|Follow Me|p2a: Ogerpon\n|-singleturn|p2a: Ogerpon|move: Follow Me\n|move|p1b: Jumpluff|Tailwind|p1b: Jumpluff\n|-sidestart|p1: snipedrone|move: Tailwind\n|move|p1a: Groudon|Eruption|p2b: Umbreon|[spread] p2a,p2b\n|-damage|p2a: Ogerpon|0 fnt\n|-damage|p2b: Umbreon|20\/100\n|faint|p2a: Ogerpon\n|move|p2b: Umbreon|Taunt|p1b: Jumpluff\n|-start|p1b: Jumpluff|move: Taunt\n|\n|-weather|SunnyDay|[upkeep]\n|-heal|p2b: Umbreon|26\/100|[from] item: Leftovers\n|upkeep\n|\n|t:|1738784796\n|switch|p2a: Zamazenta|Zamazenta-Crowned, L50|100\/100\n|-ability|p2a: Zamazenta|Dauntless Shield|boost\n|-boost|p2a: Zamazenta|def|1\n|turn|2\n|\n|t:|1738784809\n|switch|p1b: Raging Bolt|Raging Bolt, L50|100\/100\n|-activate|p1b: Raging Bolt|ability: Protosynthesis\n|-start|p1b: Raging Bolt|protosynthesisspa\n|switch|p1a: Flutter Mane|Flutter Mane, L50, shiny|100\/100\n|-activate|p1a: Flutter Mane|ability: Protosynthesis\n|-start|p1a: Flutter Mane|protosynthesisspe\n|-terastallize|p2a: Zamazenta|Dragon\n|move|p2a: Zamazenta|Wide Guard|p2a: Zamazenta\n|-singleturn|p2a: Zamazenta|Wide Guard\n|move|p2b: Umbreon|Yawn|p1a: Flutter Mane\n|-start|p1a: Flutter Mane|move: Yawn|[of] p2b: Umbreon\n|\n|-weather|SunnyDay|[upkeep]\n|-heal|p2b: Umbreon|32\/100|[from] item: Leftovers\n|upkeep\n|turn|3\n|\n|t:|1738784819\n|-end|p1a: Flutter Mane|Protosynthesis|[silent]\n|switch|p1a: Groudon|Groudon, L50, shiny, tera:Fire|100\/100\n|switch|p2a: Chien-Pao|Chien-Pao, L50|100\/100\n|-ability|p2a: Chien-Pao|Sword of Ruin\n|move|p1b: Raging Bolt|Draco Meteor|p2a: Chien-Pao\n|-enditem|p2a: Chien-Pao|Focus Sash\n|-damage|p2a: Chien-Pao|1\/100\n|-unboost|p1b: Raging Bolt|spa|2\n|-damage|p1b: Raging Bolt|91\/100|[from] item: Life Orb\n|move|p2b: Umbreon|Snarl|p1b: Raging Bolt|[spread] p1a,p1b\n|-damage|p1a: Groudon|91\/100\n|-damage|p1b: Raging Bolt|82\/100\n|-unboost|p1a: Groudon|spa|1\n|-unboost|p1b: Raging Bolt|spa|1\n|\n|-weather|SunnyDay|[upkeep]\n|-heal|p2b: Umbreon|38\/100|[from] item: Leftovers\n|upkeep\n|turn|4\n|\n|t:|1738784836\n|-end|p1b: Raging Bolt|Protosynthesis|[silent]\n|switch|p1b: Jumpluff|Jumpluff, L50, M, shiny|100\/100\n|move|p2a: Chien-Pao|Sucker Punch|p1a: Groudon\n|-damage|p1a: Groudon|60\/100\n|move|p1a: Groudon|Eruption|p2a: Chien-Pao|[spread] p2a,p2b\n|-supereffective|p2a: Chien-Pao\n|-damage|p2a: Chien-Pao|0 fnt\n|-damage|p2b: Umbreon|8\/100\n|faint|p2a: Chien-Pao\n|move|p2b: Umbreon|Yawn|p1b: Jumpluff\n|-start|p1b: Jumpluff|move: Yawn|[of] p2b: Umbreon\n|\n|-weather|SunnyDay|[upkeep]\n|-heal|p2b: Umbreon|14\/100|[from] item: Leftovers\n|-sideend|p1: snipedrone|move: Tailwind\n|upkeep\n|\n|t:|1738784840\n|switch|p2a: Zamazenta|Zamazenta-Crowned, L50, tera:Dragon|100\/100\n|turn|5\n|\n|t:|1738784856\n|switch|p1b: Raging Bolt|Raging Bolt, L50|82\/100\n|-activate|p1b: Raging Bolt|ability: Protosynthesis\n|-start|p1b: Raging Bolt|protosynthesisspa\n|move|p2a: Zamazenta|Body Press|p1a: Groudon\n|-damage|p1a: Groudon|27\/100\n|move|p1a: Groudon|Eruption|p2b: Umbreon|[spread] p2a,p2b\n|-resisted|p2a: Zamazenta\n|-damage|p2a: Zamazenta|92\/100\n|-damage|p2b: Umbreon|2\/100\n|move|p2b: Umbreon|Snarl|p1b: Raging Bolt|[spread] p1a,p1b\n|-damage|p1a: Groudon|18\/100\n|-damage|p1b: Raging Bolt|73\/100\n|-unboost|p1a: Groudon|spa|1\n|-unboost|p1b: Raging Bolt|spa|1\n|\n|-weather|none\n|-end|p1b: Raging Bolt|Protosynthesis\n|-heal|p2b: Umbreon|8\/100|[from] item: Leftovers\n|upkeep\n|turn|6\n|\n|t:|1738784875\n|switch|p1a: Jumpluff|Jumpluff, L50, M, shiny|100\/100\n|move|p2a: Zamazenta|Body Press|p1b: Raging Bolt\n|-damage|p1b: Raging Bolt|23\/100\n|move|p1b: Raging Bolt|Thunderbolt|p2b: Umbreon\n|-damage|p2b: Umbreon|0 fnt\n|faint|p2b: Umbreon\n|-damage|p1b: Raging Bolt|13\/100|[from] item: Life Orb\n|\n|upkeep\n|turn|7\n|\n|t:|1738784887\n|-end|p1b: Raging Bolt|Protosynthesis|[silent]\n|switch|p1b: Groudon|Groudon, L50, shiny, tera:Fire|18\/100\n|-weather|SunnyDay|[from] ability: Drought|[of] p1b: Groudon\n|move|p1a: Jumpluff|Sleep Powder|p2a: Zamazenta\n|-status|p2a: Zamazenta|slp|[from] move: Sleep Powder\n|cant|p2a: Zamazenta|slp\n|\n|-weather|SunnyDay|[upkeep]\n|upkeep\n|turn|8\n|\n|t:|1738784897\n|switch|p1a: Flutter Mane|Flutter Mane, L50, shiny|100\/100\n|-activate|p1a: Flutter Mane|ability: Protosynthesis\n|-start|p1a: Flutter Mane|protosynthesisspe\n|cant|p2a: Zamazenta|slp\n|move|p1b: Groudon|Overheat|p2a: Zamazenta|[miss]\n|-miss|p1b: Groudon|p2a: Zamazenta\n|\n|-weather|SunnyDay|[upkeep]\n|upkeep\n|turn|9\n|\n|t:|1738784902\n|move|p1a: Flutter Mane|Moonblast|p2a: Zamazenta\n|-supereffective|p2a: Zamazenta\n|-damage|p2a: Zamazenta|15\/100 slp\n|-curestatus|p2a: Zamazenta|slp|[msg]\n|move|p2a: Zamazenta|Body Press|p1b: Groudon\n|-damage|p1b: Groudon|0 fnt\n|faint|p1b: Groudon\n|\n|-weather|SunnyDay|[upkeep]\n|upkeep\n|\n|t:|1738784907\n|switch|p1b: Raging Bolt|Raging Bolt, L50|13\/100\n|-activate|p1b: Raging Bolt|ability: Protosynthesis\n|-start|p1b: Raging Bolt|protosynthesisspa\n|turn|10\n|-message|TurnAGaming forfeited.\n|\n|win|snipedrone\n|raw|snipedrone's rating: 1536 &rarr; <strong>1557<\/strong><br \/>(+21 for winning)\n|raw|TurnAGaming's rating: 1562 &rarr; <strong>1541<\/strong><br \/>(-21 for losing)\n|l|\u2606TurnAGaming\n|player|p2|\n|l|\u2606snipedrone\n|player|p1|\n","uploadtime":1738785065,"views":5,"formatid":"gen9vgc2025regg","rating":1541,"private":0,"password":null}