{"id":"gen9vgc2025regg-2295544847","format":"[Gen 9] VGC 2025 Reg G","players":["Av8nt","araf zaman"],"log":"|j|\u2606Av8nt\n|j|\u2606araf zaman\n|t:|1738851364\n|gametype|doubles\n|player|p1|Av8nt|linebacker|1675\n|player|p2|araf zaman|102|1547\n|teamsize|p1|6\n|teamsize|p2|6\n|gen|9\n|tier|[Gen 9] VGC 2025 Reg G\n|rated|\n|rule|Species Clause: Limit one of each Pok\u00e9mon\n|rule|Item Clause: Limit 1 of each item\n|clearpoke\n|poke|p1|Terapagos, L50, M|\n|poke|p1|Incineroar, L50, M|\n|poke|p1|Grimmsnarl, L50, M|\n|poke|p1|Raging Bolt, L50|\n|poke|p1|Amoonguss, L50, F|\n|poke|p1|Flutter Mane, L50|\n|poke|p2|Urshifu-*, L50, F|\n|poke|p2|Calyrex-Ice, L50|\n|poke|p2|Smeargle, L50, M|\n|poke|p2|Ogerpon-Hearthflame, L50, F|\n|poke|p2|Ursaluna-Bloodmoon, L50, M|\n|poke|p2|Electabuzz, L50, F|\n|teampreview|4\n|c|\u2606Av8nt|glhf\n|\n|t:|1738851383\n|start\n|switch|p1a: Flutter Mane|Flutter Mane, L50, shiny|100\/100\n|switch|p1b: Grimmsnarl|Grimmsnarl, L50, M, shiny|100\/100\n|switch|p2a: Ogerpon|Ogerpon-Hearthflame, L50, F|100\/100\n|switch|p2b: Smeargle|Smeargle, L50, M|100\/100\n|-ability|p2a: Ogerpon|Mold Breaker\n|-enditem|p1a: Flutter Mane|Booster Energy\n|-activate|p1a: Flutter Mane|ability: Protosynthesis|[fromitem]\n|-start|p1a: Flutter Mane|protosynthesisspe\n|turn|1\n|\n|t:|1738851394\n|switch|p2b: Electabuzz|Electabuzz, L50, F|100\/100\n|move|p1a: Flutter Mane|Taunt|p2b: Electabuzz\n|-start|p2b: Electabuzz|move: Taunt\n|move|p2a: Ogerpon|Ivy Cudgel|p1a: Flutter Mane|[anim] Ivy Cudgel Fire\n|-damage|p1a: Flutter Mane|5\/100\n|move|p1b: Grimmsnarl|Spirit Break|p2b: Electabuzz\n|-damage|p2b: Electabuzz|77\/100\n|-unboost|p2b: Electabuzz|spa|1\n|\n|upkeep\n|turn|2\n|\n|t:|1738851410\n|-terastallize|p2a: Ogerpon|Fire\n|detailschange|p2a: Ogerpon|Ogerpon-Hearthflame-Tera, L50, F, tera:Fire\n|-ability|p2a: Ogerpon|Embody Aspect (Hearthflame)|boost\n|-boost|p2a: Ogerpon|atk|1\n|move|p1b: Grimmsnarl|Reflect|p1b: Grimmsnarl\n|-sidestart|p1: Av8nt|Reflect\n|move|p1a: Flutter Mane|Moonblast|p2b: Electabuzz\n|-damage|p2b: Electabuzz|48\/100\n|-unboost|p2b: Electabuzz|spa|1\n|move|p2a: Ogerpon|Ivy Cudgel|p1b: Grimmsnarl|[anim] Ivy Cudgel Fire\n|-damage|p1b: Grimmsnarl|24\/100\n|move|p2b: Electabuzz|Volt Switch|p1a: Flutter Mane\n|-damage|p1a: Flutter Mane|0 fnt\n|faint|p1a: Flutter Mane\n|-end|p1a: Flutter Mane|Protosynthesis|[silent]\n|\n|t:|1738851427\n|switch|p2b: Calyrex|Calyrex-Ice, L50|100\/100|[from] Volt Switch\n|-ability|p2b: Calyrex|As One\n|-ability|p2b: Calyrex|Unnerve\n|\n|upkeep\n|\n|t:|1738851430\n|switch|p1a: Incineroar|Incineroar, L50, M|100\/100\n|-ability|p1a: Incineroar|Intimidate|boost\n|-unboost|p2a: Ogerpon|atk|1\n|-fail|p2b: Calyrex|unboost|[from] item: Clear Amulet|[of] p2b: Calyrex\n|turn|3\n|\n|t:|1738851447\n|move|p2a: Ogerpon|Spiky Shield|p2a: Ogerpon\n|-singleturn|p2a: Ogerpon|move: Protect\n|move|p2b: Calyrex|Protect|p2b: Calyrex\n|-singleturn|p2b: Calyrex|Protect\n|move|p1b: Grimmsnarl|Light Screen|p1b: Grimmsnarl\n|-sidestart|p1: Av8nt|move: Light Screen\n|move|p1a: Incineroar|Knock Off|p2b: Calyrex\n|-activate|p2b: Calyrex|move: Protect\n|\n|upkeep\n|turn|4\n|\n|t:|1738851455\n|move|p2a: Ogerpon|Follow Me|p2a: Ogerpon\n|-singleturn|p2a: Ogerpon|move: Follow Me\n|move|p1a: Incineroar|Knock Off|p2a: Ogerpon\n|-damage|p2a: Ogerpon|72\/100\n|move|p1b: Grimmsnarl|Spirit Break|p2a: Ogerpon\n|-resisted|p2a: Ogerpon\n|-damage|p2a: Ogerpon|54\/100\n|-unboost|p2a: Ogerpon|spa|1\n|move|p2b: Calyrex|Glacial Lance|p1a: Incineroar|[spread] p1a,p1b\n|-resisted|p1a: Incineroar\n|-damage|p1a: Incineroar|82\/100\n|-damage|p1b: Grimmsnarl|0 fnt\n|faint|p1b: Grimmsnarl\n|-ability|p2b: Calyrex|Chilling Neigh|boost\n|-boost|p2b: Calyrex|atk|1\n|\n|upkeep\n|\n|t:|1738851459\n|switch|p1b: Terapagos|Terapagos, L50, M|100\/100\n|-activate|p1b: Terapagos|ability: Tera Shift\n|detailschange|p1b: Terapagos|Terapagos-Terastal, L50, M\n|-heal|p1b: Terapagos|100\/100|[silent]\n|turn|5\n|\n|t:|1738851478\n|move|p2b: Calyrex|Protect|p2b: Calyrex\n|-singleturn|p2b: Calyrex|Protect\n|move|p2a: Ogerpon|Ivy Cudgel|p1b: Terapagos|[anim] Ivy Cudgel Fire\n|-activate|p1b: Terapagos|ability: Tera Shell\n|-resisted|p1b: Terapagos\n|-damage|p1b: Terapagos|79\/100\n|move|p1b: Terapagos|Earth Power|p2a: Ogerpon\n|-supereffective|p2a: Ogerpon\n|-damage|p2a: Ogerpon|3\/100\n|move|p1a: Incineroar|Flare Blitz|p2a: Ogerpon\n|-resisted|p2a: Ogerpon\n|-damage|p2a: Ogerpon|0 fnt\n|faint|p2a: Ogerpon\n|-damage|p1a: Incineroar|81\/100|[from] Recoil\n|\n|-heal|p1b: Terapagos|85\/100|[from] item: Leftovers\n|upkeep\n|\n|t:|1738851487\n|switch|p2a: Smeargle|Smeargle, L50, M|100\/100\n|turn|6\n|\n|t:|1738851498\n|move|p1b: Terapagos|Protect|p1b: Terapagos\n|-singleturn|p1b: Terapagos|Protect\n|move|p2a: Smeargle|Fake Out|p1a: Incineroar\n|-damage|p1a: Incineroar|78\/100\n|cant|p1a: Incineroar|flinch\n|move|p2b: Calyrex|Trick Room|p2b: Calyrex\n|-fieldstart|move: Trick Room|[of] p2b: Calyrex\n|\n|-heal|p1b: Terapagos|91\/100|[from] item: Leftovers\n|upkeep\n|turn|7\n|\n|t:|1738851508\n|-terastallize|p1b: Terapagos|Stellar\n|detailschange|p1b: Terapagos|Terapagos-Stellar, L50, M, tera:Stellar\n|-heal|p1b: Terapagos|93\/100|[silent]\n|move|p2a: Smeargle|Decorate|p2b: Calyrex\n|-boost|p2b: Calyrex|atk|2\n|-boost|p2b: Calyrex|spa|2\n|move|p2b: Calyrex|High Horsepower|p1a: Incineroar\n|-supereffective|p1a: Incineroar\n|-damage|p1a: Incineroar|0 fnt\n|faint|p1a: Incineroar\n|-ability|p2b: Calyrex|Chilling Neigh|boost\n|-boost|p2b: Calyrex|atk|1\n|move|p1b: Terapagos|Tera Starstorm|p2a: Smeargle|[spread] p2a,p2b\n|-damage|p2a: Smeargle|22\/100\n|-damage|p2b: Calyrex|75\/100\n|\n|-heal|p1b: Terapagos|99\/100|[from] item: Leftovers\n|upkeep\n|turn|8\n|-message|Av8nt forfeited.\n|\n|win|araf zaman\n|raw|Av8nt's rating: 1675 &rarr; <strong>1648<\/strong><br \/>(-27 for losing)\n|raw|araf zaman's rating: 1547 &rarr; <strong>1574<\/strong><br \/>(+27 for winning)\n|l|\u2606Av8nt\n|player|p1|\n|c|\u2606araf zaman|Gg\n|l|\u2606araf zaman\n|player|p2|\n","uploadtime":1738851757,"views":14,"formatid":"gen9vgc2025regg","rating":1574,"private":0,"password":null}