{"id":"gen9vgc2025regg-2295794851","format":"[Gen 9] VGC 2025 Reg G","players":["don drapion","Team715"],"log":"|j|\u2606don drapion\n|j|\u2606Team715\n|t:|1738876776\n|gametype|doubles\n|player|p1|don drapion|170|1523\n|player|p2|Team715|palmer|1561\n|teamsize|p1|6\n|teamsize|p2|6\n|gen|9\n|tier|[Gen 9] VGC 2025 Reg G\n|rated|\n|rule|Species Clause: Limit one of each Pok\u00e9mon\n|rule|Item Clause: Limit 1 of each item\n|clearpoke\n|poke|p1|Calyrex-Ice, L50|\n|poke|p1|Okidogi, L50, M|\n|poke|p1|Whimsicott, L50, M|\n|poke|p1|Farigiraf, L50, M|\n|poke|p1|Walking Wake, L50|\n|poke|p1|Weezing-Galar, L50, F|\n|poke|p2|Calyrex-Shadow, L50|\n|poke|p2|Rillaboom, L50, M|\n|poke|p2|Incineroar, L50, M|\n|poke|p2|Urshifu-*, L50, M|\n|poke|p2|Raging Bolt, L50|\n|poke|p2|Ogerpon-Cornerstone, L50, F|\n|teampreview|4\n|inactive|Battle timer is ON: inactive players will automatically lose when time's up. (requested by Team715)\ndon drapion rejected open team sheets.\n|j| Triple20\n|inactive|don drapion has 60 seconds left.\n|inactive|Team715 has 60 seconds left.\n|\n|t:|1738876824\n|start\n|switch|p1a: Walking Wake|Walking Wake, L50|100\/100\n|switch|p1b: Calyrex|Calyrex-Ice, L50|100\/100\n|switch|p2a: Calyrex|Calyrex-Shadow, L50|100\/100\n|switch|p2b: Ogerpon|Ogerpon-Cornerstone, L50, F|100\/100\n|-ability|p2a: Calyrex|As One\n|-ability|p2a: Calyrex|Unnerve\n|-ability|p1b: Calyrex|As One\n|-ability|p1b: Calyrex|Unnerve\n|-enditem|p1a: Walking Wake|Booster Energy\n|-activate|p1a: Walking Wake|ability: Protosynthesis|[fromitem]\n|-start|p1a: Walking Wake|protosynthesisspe\n|turn|1\n|inactive|don drapion has 30 seconds left.\n|\n|t:|1738876857\n|switch|p1b: Farigiraf|Farigiraf, L50, M|100\/100\n|move|p2a: Calyrex|Protect|p2a: Calyrex\n|-singleturn|p2a: Calyrex|Protect\n|move|p1a: Walking Wake|Snarl|p2b: Ogerpon|[spread] p2b\n|-activate|p2a: Calyrex|move: Protect\n|-damage|p2b: Ogerpon|88\/100\n|-unboost|p2b: Ogerpon|spa|1\n|move|p2b: Ogerpon|Taunt|p1b: Farigiraf\n|-start|p1b: Farigiraf|move: Taunt\n|\n|upkeep\n|turn|2\n|inactive|don drapion has 30 seconds left.\n|\n|t:|1738876885\n|-terastallize|p2a: Calyrex|Normal\n|move|p1a: Walking Wake|Hydro Steam|p2a: Calyrex\n|-damage|p2a: Calyrex|67\/100\n|move|p2a: Calyrex|Nasty Plot|p2a: Calyrex\n|-boost|p2a: Calyrex|spa|2\n|move|p2b: Ogerpon|Ivy Cudgel|p1b: Farigiraf|[anim] Ivy Cudgel Rock\n|-damage|p1b: Farigiraf|44\/100\n|move|p1b: Farigiraf|Psychic|p2b: Ogerpon\n|-damage|p2b: Ogerpon|43\/100\n|\n|upkeep\n|turn|3\n|inactive|don drapion has 30 seconds left.\n|\n|t:|1738876914\n|move|p2b: Ogerpon|Spiky Shield|p2b: Ogerpon\n|-singleturn|p2b: Ogerpon|move: Protect\n|move|p1a: Walking Wake|Snarl|p2a: Calyrex|[spread] p2a\n|-activate|p2b: Ogerpon|move: Protect\n|-damage|p2a: Calyrex|57\/100\n|move|p2a: Calyrex|Astral Barrage|p1a: Walking Wake|[spread] p1a\n|-immune|p1b: Farigiraf\n|-damage|p1a: Walking Wake|0 fnt\n|faint|p1a: Walking Wake\n|-end|p1a: Walking Wake|Protosynthesis|[silent]\n|-ability|p2a: Calyrex|Grim Neigh|boost\n|-boost|p2a: Calyrex|spa|1\n|move|p1b: Farigiraf|Psychic|p2a: Calyrex\n|-damage|p2a: Calyrex|21\/100\n|\n|-end|p1b: Farigiraf|move: Taunt\n|upkeep\n|\n|t:|1738876934\n|switch|p1a: Whimsicott|Whimsicott, L50, M|100\/100\n|turn|4\n|l| Triple20\n|j| Triple20\n|\n|t:|1738876957\n|move|p2b: Ogerpon|Follow Me|p2b: Ogerpon\n|-singleturn|p2b: Ogerpon|move: Follow Me\n|move|p1a: Whimsicott|Tailwind|p1a: Whimsicott\n|-sidestart|p1: don drapion|move: Tailwind\n|move|p2a: Calyrex|Astral Barrage|p1b: Farigiraf|[spread] p1a\n|-immune|p1b: Farigiraf\n|-damage|p1a: Whimsicott|0 fnt\n|faint|p1a: Whimsicott\n|-ability|p2a: Calyrex|Grim Neigh|boost\n|-boost|p2a: Calyrex|spa|1\n|move|p1b: Farigiraf|Hyper Voice|p2a: Calyrex|[spread] p2a,p2b\n|-resisted|p2b: Ogerpon\n|-damage|p2a: Calyrex|0 fnt\n|-damage|p2b: Ogerpon|26\/100\n|-enditem|p1b: Farigiraf|Sitrus Berry|[eat]\n|-heal|p1b: Farigiraf|69\/100|[from] item: Sitrus Berry\n|faint|p2a: Calyrex\n|\n|upkeep\n|\n|t:|1738876977\n|switch|p2a: Incineroar|Incineroar, L50, M, shiny|100\/100\n|switch|p1a: Calyrex|Calyrex-Ice, L50|100\/100\n|-ability|p1a: Calyrex|As One\n|-ability|p1a: Calyrex|Unnerve\n|-ability|p2a: Incineroar|Intimidate|boost\n|-unboost|p1a: Calyrex|atk|1\n|-unboost|p1b: Farigiraf|atk|1\n|turn|5\n|\n|t:|1738876996\n|-terastallize|p1a: Calyrex|Water\n|move|p2b: Ogerpon|Spiky Shield|p2b: Ogerpon\n|-singleturn|p2b: Ogerpon|move: Protect\n|move|p1a: Calyrex|Glacial Lance|p2b: Ogerpon|[spread] p2a\n|-activate|p2b: Ogerpon|move: Protect\n|-resisted|p2a: Incineroar\n|-damage|p2a: Incineroar|76\/100\n|move|p1b: Farigiraf|Hyper Voice|p2b: Ogerpon|[spread] p2a\n|-activate|p2b: Ogerpon|move: Protect\n|-damage|p2a: Incineroar|50\/100\n|move|p2a: Incineroar|Knock Off|p1a: Calyrex\n|-damage|p1a: Calyrex|75\/100\n|-enditem|p1a: Calyrex|Choice Band|[from] move: Knock Off|[of] p2a: Incineroar\n|\n|upkeep\n|turn|6\n|inactive|don drapion has 30 seconds left.\n|inactive|Team715 has 30 seconds left.\n|\n|t:|1738877030\n|move|p1a: Calyrex|Glacial Lance|p2b: Ogerpon|[spread] p2a,p2b\n|-resisted|p2a: Incineroar\n|-supereffective|p2b: Ogerpon\n|-damage|p2a: Incineroar|32\/100\n|-damage|p2b: Ogerpon|0 fnt\n|faint|p2b: Ogerpon\n|-ability|p1a: Calyrex|Chilling Neigh|boost\n|-boost|p1a: Calyrex|atk|1\n|move|p1b: Farigiraf|Hyper Voice|p2a: Incineroar\n|-damage|p2a: Incineroar|0 fnt\n|faint|p2a: Incineroar\n|\n|upkeep\n|\n|t:|1738877042\n|switch|p2b: Raging Bolt|Raging Bolt, L50|100\/100\n|-enditem|p2b: Raging Bolt|Booster Energy\n|-activate|p2b: Raging Bolt|ability: Protosynthesis|[fromitem]\n|-start|p2b: Raging Bolt|protosynthesisspa\n|turn|7\n|j| pumpkinash44\n|\n|t:|1738877057\n|move|p2b: Raging Bolt|Protect|p2b: Raging Bolt\n|-singleturn|p2b: Raging Bolt|Protect\n|move|p1a: Calyrex|Glacial Lance|p2b: Raging Bolt\n|-activate|p2b: Raging Bolt|move: Protect\n|move|p1b: Farigiraf|Hyper Voice|p2b: Raging Bolt\n|-activate|p2b: Raging Bolt|move: Protect\n|\n|-sideend|p1: don drapion|move: Tailwind\n|upkeep\n|turn|8\n|\n|t:|1738877073\n|move|p1a: Calyrex|Glacial Lance|p2b: Raging Bolt\n|-supereffective|p2b: Raging Bolt\n|-damage|p2b: Raging Bolt|0 fnt\n|faint|p2b: Raging Bolt\n|-end|p2b: Raging Bolt|Protosynthesis|[silent]\n|\n|win|don drapion\n|raw|don drapion's rating: 1523 &rarr; <strong>1545<\/strong><br \/>(+22 for winning)\n|raw|Team715's rating: 1561 &rarr; <strong>1539<\/strong><br \/>(-22 for losing)\n|l|\u2606don drapion\n|player|p1|\n|l| pumpkinash44\n|l|\u2606Team715\n|player|p2|\n|l| Triple20\n","uploadtime":1738877262,"views":6,"formatid":"gen9vgc2025regg","rating":1539,"private":0,"password":null}