{"id":"gen9vgc2025regg-2295492054","format":"[Gen 9] VGC 2025 Reg G","players":["friedfish24","bidoofutopia"],"log":"|j|\u2606friedfish24\n|j|\u2606bidoofutopia\n|t:|1738844223\n|gametype|doubles\n|player|p1|friedfish24|li|1606\n|player|p2|bidoofutopia|lucas|1684\n|teamsize|p1|6\n|teamsize|p2|6\n|gen|9\n|tier|[Gen 9] VGC 2025 Reg G\n|rated|\n|rule|Species Clause: Limit one of each Pok\u00e9mon\n|rule|Item Clause: Limit 1 of each item\n|clearpoke\n|poke|p1|Grimmsnarl, L50, M|\n|poke|p1|Terapagos, L50, M|\n|poke|p1|Ogerpon-Hearthflame, L50, F|\n|poke|p1|Urshifu-*, L50, F|\n|poke|p1|Landorus-Therian, L50, M|\n|poke|p1|Raging Bolt, L50|\n|poke|p2|Miraidon, L50|\n|poke|p2|Grimmsnarl, L50, M|\n|poke|p2|Farigiraf, L50, M|\n|poke|p2|Iron Hands, L50|\n|poke|p2|Urshifu-*, L50, F|\n|poke|p2|Chi-Yu, L50|\n|teampreview|4\n|inactive|Battle timer is ON: inactive players will automatically lose when time's up. (requested by bidoofutopia)\n|inactive|bidoofutopia has 60 seconds left.\nbidoofutopia has agreed to open team sheets.\n|inactive|bidoofutopia has 30 seconds left.\n|\n|t:|1738844285\n|start\n|switch|p1a: Terapagos|Terapagos, L50, M|100\/100\n|switch|p1b: Landorus|Landorus-Therian, L50, M, shiny|100\/100\n|switch|p2a: Grimmsnarl|Grimmsnarl, L50, M|100\/100\n|switch|p2b: Urshifu|Urshifu-Rapid-Strike, L50, F|100\/100\n|-activate|p1a: Terapagos|ability: Tera Shift\n|detailschange|p1a: Terapagos|Terapagos-Terastal, L50, M\n|-heal|p1a: Terapagos|100\/100|[silent]\n|-ability|p1b: Landorus|Intimidate|boost\n|-unboost|p2a: Grimmsnarl|atk|1\n|-unboost|p2b: Urshifu|atk|1\n|turn|1\n|\n|t:|1738844310\n|move|p2b: Urshifu|Detect|p2b: Urshifu\n|-singleturn|p2b: Urshifu|Protect\n|move|p2a: Grimmsnarl|Light Screen|p2a: Grimmsnarl\n|-sidestart|p2: bidoofutopia|move: Light Screen\n|move|p1a: Terapagos|Tera Starstorm|p2a: Grimmsnarl\n|-damage|p2a: Grimmsnarl|40\/100\n|move|p1b: Landorus|U-turn|p2a: Grimmsnarl\n|-damage|p2a: Grimmsnarl|9\/100\n|\n|t:|1738844320\n|switch|p1b: Raging Bolt|Raging Bolt, L50|100\/100|[from] U-turn\n|\n|upkeep\n|turn|2\n|inactive|friedfish24 has 30 seconds left.\n|inactive|bidoofutopia has 30 seconds left.\n|inactive|friedfish24 has 20 seconds left.\n|inactive|bidoofutopia has 20 seconds left.\n|inactive|friedfish24 has 15 seconds left.\n|inactive|bidoofutopia has 15 seconds left.\n|\n|t:|1738844364\n|switch|p2b: Miraidon|Miraidon, L50|100\/100\n|-fieldstart|move: Electric Terrain|[from] ability: Hadron Engine|[of] p2b: Miraidon\n|move|p1a: Terapagos|Tera Starstorm|p2b: Miraidon\n|-damage|p2b: Miraidon|57\/100\n|move|p1b: Raging Bolt|Thunderbolt|p2b: Miraidon\n|-resisted|p2b: Miraidon\n|-damage|p2b: Miraidon|45\/100\n|-damage|p1b: Raging Bolt|91\/100|[from] item: Life Orb\n|move|p2a: Grimmsnarl|Spirit Break|p1a: Terapagos\n|-activate|p1a: Terapagos|ability: Tera Shell\n|-resisted|p1a: Terapagos\n|-damage|p1a: Terapagos|91\/100\n|-unboost|p1a: Terapagos|spa|1\n|\n|upkeep\n|turn|3\n|inactive|bidoofutopia has 30 seconds left.\n|\n|t:|1738844393\n|-terastallize|p1a: Terapagos|Stellar\n|detailschange|p1a: Terapagos|Terapagos-Stellar, L50, M, tera:Stellar\n|-heal|p1a: Terapagos|93\/100|[silent]\n|-ability|p1a: Terapagos|Teraform Zero\n|-fieldend|move: Electric Terrain\n|move|p2b: Miraidon|Draco Meteor|p1b: Raging Bolt|[miss]\n|-miss|p2b: Miraidon|p1b: Raging Bolt\n|move|p1a: Terapagos|Tera Starstorm|p2a: Grimmsnarl|[spread] p2a,p2b\n|-damage|p2a: Grimmsnarl|0 fnt\n|-damage|p2b: Miraidon|22\/100\n|faint|p2a: Grimmsnarl\n|move|p1b: Raging Bolt|Thunderbolt|p2b: Miraidon\n|-resisted|p2b: Miraidon\n|-damage|p2b: Miraidon|13\/100\n|-damage|p1b: Raging Bolt|81\/100|[from] item: Life Orb\n|\n|upkeep\n|c|\u2606bidoofutopia|bro\n|\n|t:|1738844406\n|switch|p2a: Chi-Yu|Chi-Yu, L50|100\/100\n|-ability|p2a: Chi-Yu|Beads of Ruin\n|turn|4\n|inactive|friedfish24 has 30 seconds left.\n|inactive|friedfish24 has 20 seconds left.\n|\n|t:|1738844443\n|-terastallize|p2b: Miraidon|Fairy\n|move|p2a: Chi-Yu|Snarl|p1a: Terapagos|[spread] p1a,p1b\n|-damage|p1a: Terapagos|72\/100\n|-damage|p1b: Raging Bolt|54\/100\n|-unboost|p1a: Terapagos|spa|1\n|-unboost|p1b: Raging Bolt|spa|1\n|move|p2b: Miraidon|Draco Meteor|p1a: Terapagos\n|-damage|p1a: Terapagos|0 fnt\n|-unboost|p2b: Miraidon|spa|2\n|faint|p1a: Terapagos\n|move|p1b: Raging Bolt|Draco Meteor|p2b: Miraidon\n|-immune|p2b: Miraidon\n|\n|upkeep\n|\n|t:|1738844453\n|switch|p1a: Landorus|Landorus-Therian, L50, M, shiny|100\/100\n|-ability|p1a: Landorus|Intimidate|boost\n|-unboost|p2a: Chi-Yu|atk|1\n|-unboost|p2b: Miraidon|atk|1\n|turn|5\n|\n|t:|1738844465\n|switch|p2a: Urshifu|Urshifu-Rapid-Strike, L50, F|100\/100\n|move|p1b: Raging Bolt|Thunderclap|p2b: Miraidon\n|-damage|p2b: Miraidon|0 fnt\n|faint|p2b: Miraidon\n|-damage|p1b: Raging Bolt|44\/100|[from] item: Life Orb\n|move|p1a: Landorus|Stomping Tantrum|p2a: Urshifu\n|-damage|p2a: Urshifu|55\/100\n|\n|upkeep\n|\n|t:|1738844473\n|switch|p2b: Chi-Yu|Chi-Yu, L50|100\/100\n|-ability|p2b: Chi-Yu|Beads of Ruin\n|turn|6\n|\n|t:|1738844480\n|move|p2a: Urshifu|Detect|p2a: Urshifu\n|-singleturn|p2a: Urshifu|Protect\n|move|p1b: Raging Bolt|Thunderclap||[still]\n|-fail|p1b: Raging Bolt\n|move|p2b: Chi-Yu|Overheat|p1a: Landorus\n|-damage|p1a: Landorus|32\/100\n|-unboost|p2b: Chi-Yu|spa|2\n|move|p1a: Landorus|Stomping Tantrum|p2b: Chi-Yu\n|-supereffective|p2b: Chi-Yu\n|-damage|p2b: Chi-Yu|0 fnt\n|faint|p2b: Chi-Yu\n|\n|upkeep\n|turn|7\n|c|\u2606bidoofutopia|bullshit\n|-message|bidoofutopia forfeited.\n|\n|win|friedfish24\n|raw|friedfish24's rating: 1606 &rarr; <strong>1630<\/strong><br \/>(+24 for winning)\n|raw|bidoofutopia's rating: 1684 &rarr; <strong>1660<\/strong><br \/>(-24 for losing)\n|l|\u2606bidoofutopia\n|player|p2|\n|l|\u2606friedfish24\n|player|p1|\n","uploadtime":1738844659,"views":13,"formatid":"gen9vgc2025regg","rating":1630,"private":0,"password":null}