{"id":"gen9vgc2025regg-2295198346","format":"[Gen 9] VGC 2025 Reg G","players":["BattleBlazikenVGC","nontelo"],"log":"|j|\u2606BattleBlazikenVGC\n|j|\u2606nontelo\n|t:|1738797313\n|gametype|doubles\n|player|p1|BattleBlazikenVGC|ltsurge|1552\n|player|p2|nontelo|bruno|1613\n|teamsize|p1|6\n|teamsize|p2|6\n|gen|9\n|tier|[Gen 9] VGC 2025 Reg G\n|rated|\n|rule|Species Clause: Limit one of each Pok\u00e9mon\n|rule|Item Clause: Limit 1 of each item\n|clearpoke\n|poke|p1|Eternatus, L50|\n|poke|p1|Rhydon, L50, M|\n|poke|p1|Grimmsnarl, L50, M|\n|poke|p1|Amoonguss, L50, M|\n|poke|p1|Spectrier, L50|\n|poke|p1|Moltres-Galar, L50|\n|poke|p2|Terapagos, L50, M|\n|poke|p2|Amoonguss, L50, F|\n|poke|p2|Incineroar, L50, M|\n|poke|p2|Flutter Mane, L50|\n|poke|p2|Urshifu-*, L50, M|\n|poke|p2|Landorus, L50, M|\n|teampreview|4\n|inactive|Battle timer is ON: inactive players will automatically lose when time's up. (requested by nontelo)\n|\n|t:|1738797346\n|start\n|switch|p1a: PetahTheDeadHons|Spectrier, L50|100\/100\n|switch|p1b: Osborne|Grimmsnarl, L50, M, shiny|100\/100\n|switch|p2a: Landorus|Landorus, L50, M|100\/100\n|switch|p2b: Terapagos|Terapagos, L50, M|100\/100\n|-activate|p2b: Terapagos|ability: Tera Shift\n|detailschange|p2b: Terapagos|Terapagos-Terastal, L50, M\n|-heal|p2b: Terapagos|100\/100|[silent]\n|turn|1\n|inactive|nontelo has 30 seconds left.\n|\n|t:|1738797373\n|move|p1b: Osborne|Light Screen|p1b: Osborne\n|-sidestart|p1: BattleBlazikenVGC|move: Light Screen\n|move|p2a: Landorus|Sandsear Storm|p1a: PetahTheDeadHons|[spread] p1a,p1b\n|-damage|p1a: PetahTheDeadHons|70\/100\n|-damage|p1b: Osborne|74\/100\n|move|p1a: PetahTheDeadHons|Snarl|p2a: Landorus|[spread] p2a,p2b\n|-activate|p2b: Terapagos|ability: Tera Shell\n|-resisted|p2b: Terapagos\n|-damage|p2a: Landorus|85\/100\n|-damage|p2b: Terapagos|95\/100\n|-unboost|p2a: Landorus|spa|1\n|-unboost|p2b: Terapagos|spa|1\n|move|p2b: Terapagos|Substitute|p2b: Terapagos\n|-start|p2b: Terapagos|Substitute\n|-damage|p2b: Terapagos|70\/100\n|\n|-heal|p2b: Terapagos|77\/100|[from] item: Leftovers\n|upkeep\n|turn|2\n|\n|t:|1738797391\n|move|p2a: Landorus|Sandsear Storm|p1b: Osborne|[spread] p1a,p1b\n|-damage|p1a: PetahTheDeadHons|50\/100\n|-damage|p1b: Osborne|54\/100\n|move|p1a: PetahTheDeadHons|Snarl|p2b: Terapagos|[spread] p2a,p2b\n|-damage|p2a: Landorus|69\/100\n|-damage|p2b: Terapagos|66\/100\n|-unboost|p2a: Landorus|spa|1\n|-unboost|p2b: Terapagos|spa|1\n|move|p2b: Terapagos|Calm Mind|p2b: Terapagos\n|-boost|p2b: Terapagos|spa|1\n|-boost|p2b: Terapagos|spd|1\n|move|p1b: Osborne|Spirit Break|p2a: Landorus\n|-damage|p2a: Landorus|36\/100\n|-unboost|p2a: Landorus|spa|1\n|\n|-heal|p2b: Terapagos|72\/100|[from] item: Leftovers\n|upkeep\n|turn|3\n|\n|t:|1738797410\n|move|p2a: Landorus|Sandsear Storm|p1a: PetahTheDeadHons|[spread] p1a,p1b\n|-damage|p1a: PetahTheDeadHons|36\/100\n|-damage|p1b: Osborne|43\/100\n|move|p1a: PetahTheDeadHons|Hex|p2a: Landorus\n|-damage|p2a: Landorus|0 fnt\n|faint|p2a: Landorus\n|-ability|p1a: PetahTheDeadHons|Grim Neigh|boost\n|-boost|p1a: PetahTheDeadHons|spa|1\n|move|p2b: Terapagos|Calm Mind|p2b: Terapagos\n|-boost|p2b: Terapagos|spa|1\n|-boost|p2b: Terapagos|spd|1\n|move|p1b: Osborne|Spirit Break|p2b: Terapagos\n|-end|p2b: Terapagos|Substitute\n|\n|-heal|p2b: Terapagos|78\/100|[from] item: Leftovers\n|upkeep\n|\n|t:|1738797425\n|switch|p2a: Flutter Mane|Flutter Mane, L50|100\/100\n|-enditem|p2a: Flutter Mane|Booster Energy\n|-activate|p2a: Flutter Mane|ability: Protosynthesis|[fromitem]\n|-start|p2a: Flutter Mane|protosynthesisspe\n|turn|4\n|\n|t:|1738797438\n|move|p1a: PetahTheDeadHons|Protect|p1a: PetahTheDeadHons\n|-singleturn|p1a: PetahTheDeadHons|Protect\n|move|p1b: Osborne|Thunder Wave|p2a: Flutter Mane\n|-status|p2a: Flutter Mane|par\n|move|p2a: Flutter Mane|Moonblast|p1b: Osborne\n|-supereffective|p1b: Osborne\n|-damage|p1b: Osborne|0 fnt\n|faint|p1b: Osborne\n|move|p2b: Terapagos|Calm Mind|p2b: Terapagos\n|-boost|p2b: Terapagos|spa|1\n|-boost|p2b: Terapagos|spd|1\n|\n|-heal|p2b: Terapagos|84\/100|[from] item: Leftovers\n|upkeep\n|\n|t:|1738797448\n|switch|p1b: Tahtorak|Eternatus, L50|100\/100\n|-ability|p1b: Tahtorak|Pressure\n|turn|5\n|\n|t:|1738797463\n|-terastallize|p2b: Terapagos|Stellar\n|detailschange|p2b: Terapagos|Terapagos-Stellar, L50, M, tera:Stellar\n|-heal|p2b: Terapagos|88\/100|[silent]\n|move|p1a: PetahTheDeadHons|Hex|p2a: Flutter Mane\n|-supereffective|p2a: Flutter Mane\n|-damage|p2a: Flutter Mane|0 fnt\n|faint|p2a: Flutter Mane\n|-end|p2a: Flutter Mane|Protosynthesis|[silent]\n|-ability|p1a: PetahTheDeadHons|Grim Neigh|boost\n|-boost|p1a: PetahTheDeadHons|spa|1\n|move|p1b: Tahtorak|Sludge Bomb|p2b: Terapagos\n|-damage|p2b: Terapagos|79\/100\n|move|p2b: Terapagos|Tera Starstorm|p1a: PetahTheDeadHons|[spread] p1a,p1b\n|-damage|p1a: PetahTheDeadHons|0 fnt\n|-damage|p1b: Tahtorak|73\/100\n|faint|p1a: PetahTheDeadHons\n|\n|-heal|p1b: Tahtorak|79\/100|[from] item: Leftovers\n|-heal|p2b: Terapagos|85\/100|[from] item: Leftovers\n|upkeep\n|\n|t:|1738797475\n|switch|p2a: Urshifu|Urshifu, L50, M|100\/100\n|switch|p1a: Moltres|Moltres-Galar, L50, shiny|100\/100\n|turn|6\n|\n|t:|1738797490\n|move|p2a: Urshifu|Detect|p2a: Urshifu\n|-singleturn|p2a: Urshifu|Protect\n|move|p1b: Tahtorak|Recover|p1b: Tahtorak\n|-heal|p1b: Tahtorak|100\/100\n|move|p2b: Terapagos|Substitute|p2b: Terapagos\n|-start|p2b: Terapagos|Substitute\n|-damage|p2b: Terapagos|60\/100\n|move|p1a: Moltres|Air Slash|p2a: Urshifu\n|-activate|p2a: Urshifu|move: Protect\n|\n|-heal|p2b: Terapagos|66\/100|[from] item: Leftovers\n|upkeep\n|turn|7\n|\n|t:|1738797505\n|move|p1b: Tahtorak|Cosmic Power|p1b: Tahtorak\n|-boost|p1b: Tahtorak|def|1\n|-boost|p1b: Tahtorak|spd|1\n|move|p2a: Urshifu|Wicked Blow|p1b: Tahtorak\n|-crit|p1b: Tahtorak\n|-damage|p1b: Tahtorak|63\/100\n|move|p2b: Terapagos|Calm Mind|p2b: Terapagos\n|-boost|p2b: Terapagos|spa|1\n|-boost|p2b: Terapagos|spd|1\n|move|p1a: Moltres|Air Slash|p2a: Urshifu\n|-supereffective|p2a: Urshifu\n|-damage|p2a: Urshifu|12\/100\n|\n|-heal|p1b: Tahtorak|69\/100|[from] item: Leftovers\n|-heal|p2b: Terapagos|72\/100|[from] item: Leftovers\n|upkeep\n|turn|8\n|\n|t:|1738797520\n|move|p1b: Tahtorak|Cosmic Power|p1b: Tahtorak\n|-boost|p1b: Tahtorak|def|1\n|-boost|p1b: Tahtorak|spd|1\n|move|p2a: Urshifu|Wicked Blow|p1b: Tahtorak\n|-crit|p1b: Tahtorak\n|-damage|p1b: Tahtorak|31\/100\n|move|p2b: Terapagos|Calm Mind|p2b: Terapagos\n|-boost|p2b: Terapagos|spa|1\n|-boost|p2b: Terapagos|spd|1\n|move|p1a: Moltres|Foul Play|p2a: Urshifu\n|-resisted|p2a: Urshifu\n|-damage|p2a: Urshifu|0 fnt\n|faint|p2a: Urshifu\n|\n|-heal|p1b: Tahtorak|37\/100|[from] item: Leftovers\n|-heal|p2b: Terapagos|79\/100|[from] item: Leftovers\n|-sideend|p1: BattleBlazikenVGC|move: Light Screen\n|upkeep\n|turn|9\n|\n|t:|1738797534\n|move|p1b: Tahtorak|Recover|p1b: Tahtorak\n|-heal|p1b: Tahtorak|88\/100\n|move|p2b: Terapagos|Calm Mind|p2b: Terapagos\n|-boost|p2b: Terapagos|spa|1\n|-boost|p2b: Terapagos|spd|1\n|move|p1a: Moltres|Foul Play|p2b: Terapagos\n|-activate|p2b: Terapagos|move: Substitute|[damage]\n|\n|-heal|p1b: Tahtorak|94\/100|[from] item: Leftovers\n|-heal|p2b: Terapagos|85\/100|[from] item: Leftovers\n|upkeep\n|turn|10\n|\n|t:|1738797545\n|move|p1b: Tahtorak|Cosmic Power|p1b: Tahtorak\n|-boost|p1b: Tahtorak|def|1\n|-boost|p1b: Tahtorak|spd|1\n|move|p2b: Terapagos|Calm Mind|p2b: Terapagos\n|-boost|p2b: Terapagos|spa|1\n|-boost|p2b: Terapagos|spd|0\n|move|p1a: Moltres|Foul Play|p2b: Terapagos\n|-end|p2b: Terapagos|Substitute\n|\n|-heal|p1b: Tahtorak|99\/100|[from] item: Leftovers\n|-heal|p2b: Terapagos|91\/100|[from] item: Leftovers\n|upkeep\n|turn|11\n|\n|t:|1738797557\n|move|p1b: Tahtorak|Sludge Bomb|p2b: Terapagos\n|-damage|p2b: Terapagos|84\/100\n|move|p2b: Terapagos|Substitute|p2b: Terapagos\n|-start|p2b: Terapagos|Substitute\n|-damage|p2b: Terapagos|59\/100\n|move|p1a: Moltres|Foul Play|p2b: Terapagos\n|-activate|p2b: Terapagos|move: Substitute|[damage]\n|\n|-heal|p1b: Tahtorak|100\/100|[from] item: Leftovers\n|-heal|p2b: Terapagos|65\/100|[from] item: Leftovers\n|upkeep\n|turn|12\n|\n|t:|1738797566\n|move|p1b: Tahtorak|Cosmic Power|p1b: Tahtorak\n|-boost|p1b: Tahtorak|def|1\n|-boost|p1b: Tahtorak|spd|1\n|move|p2b: Terapagos|Calm Mind|p2b: Terapagos\n|-boost|p2b: Terapagos|spa|1\n|-boost|p2b: Terapagos|spd|0\n|move|p1a: Moltres|Foul Play|p2b: Terapagos\n|-end|p2b: Terapagos|Substitute\n|\n|-heal|p2b: Terapagos|72\/100|[from] item: Leftovers\n|upkeep\n|turn|13\n|\n|t:|1738797579\n|-terastallize|p1a: Moltres|Dark\n|move|p1b: Tahtorak|Sludge Bomb|p2b: Terapagos\n|-damage|p2b: Terapagos|65\/100\n|-status|p2b: Terapagos|psn\n|move|p2b: Terapagos|Substitute|p2b: Terapagos\n|-start|p2b: Terapagos|Substitute\n|-damage|p2b: Terapagos|40\/100 psn\n|move|p1a: Moltres|Foul Play|p2b: Terapagos\n|-end|p2b: Terapagos|Substitute\n|\n|-heal|p2b: Terapagos|46\/100 psn|[from] item: Leftovers\n|-damage|p2b: Terapagos|34\/100 psn|[from] psn\n|upkeep\n|turn|14\n|\n|t:|1738797591\n|move|p1a: Moltres|Protect|p1a: Moltres\n|-singleturn|p1a: Moltres|Protect\n|move|p1b: Tahtorak|Sludge Bomb|p2b: Terapagos\n|-damage|p2b: Terapagos|26\/100 psn\n|move|p2b: Terapagos|Tera Starstorm|p1a: Moltres|[spread] p1b\n|-activate|p1a: Moltres|move: Protect\n|-damage|p1b: Tahtorak|66\/100\n|\n|-heal|p1b: Tahtorak|72\/100|[from] item: Leftovers\n|-heal|p2b: Terapagos|32\/100 psn|[from] item: Leftovers\n|-damage|p2b: Terapagos|20\/100 psn|[from] psn\n|upkeep\n|turn|15\n|\n|t:|1738797606\n|move|p1b: Tahtorak|Recover|p1b: Tahtorak\n|-heal|p1b: Tahtorak|100\/100\n|move|p2b: Terapagos|Tera Starstorm|p1b: Tahtorak|[spread] p1a,p1b\n|-supereffective|p1a: Moltres\n|-damage|p1a: Moltres|0 fnt\n|-damage|p1b: Tahtorak|67\/100\n|faint|p1a: Moltres\n|\n|-heal|p1b: Tahtorak|73\/100|[from] item: Leftovers\n|-heal|p2b: Terapagos|26\/100 psn|[from] item: Leftovers\n|-damage|p2b: Terapagos|14\/100 psn|[from] psn\n|upkeep\n|turn|16\n|\n|t:|1738797613\n|move|p1b: Tahtorak|Sludge Bomb|p2b: Terapagos\n|-damage|p2b: Terapagos|6\/100 psn\n|move|p2b: Terapagos|Tera Starstorm|p1b: Tahtorak\n|-damage|p1b: Tahtorak|32\/100\n|\n|-heal|p1b: Tahtorak|38\/100|[from] item: Leftovers\n|-heal|p2b: Terapagos|13\/100 psn|[from] item: Leftovers\n|-damage|p2b: Terapagos|0 fnt|[from] psn\n|faint|p2b: Terapagos\n|\n|win|BattleBlazikenVGC\n|upkeep\n|raw|BattleBlazikenVGC's rating: 1552 &rarr; <strong>1575<\/strong><br \/>(+23 for winning)\n|raw|nontelo's rating: 1613 &rarr; <strong>1590<\/strong><br \/>(-23 for losing)\n|l|\u2606nontelo\n|player|p2|\n","uploadtime":1738797625,"views":8,"formatid":"gen9vgc2025regg","rating":1575,"private":0,"password":null}