{"id":"gen9vgc2025regg-2295395265","format":"[Gen 9] VGC 2025 Reg G","players":["chappell murkroan","Nightwind Husky"],"log":"|j|\u2606chappell murkroan\n|j|\u2606Nightwind Husky\n|t:|1738826932\n|gametype|doubles\n|player|p1|chappell murkroan|caitlin|1586\n|player|p2|Nightwind Husky|102|1562\n|teamsize|p1|6\n|teamsize|p2|6\n|gen|9\n|tier|[Gen 9] VGC 2025 Reg G\n|rated|\n|rule|Species Clause: Limit one of each Pok\u00e9mon\n|rule|Item Clause: Limit 1 of each item\n|clearpoke\n|poke|p1|Dondozo, L50, M|\n|poke|p1|Tatsugiri, L50, F|\n|poke|p1|Terapagos, L50, M|\n|poke|p1|Iron Hands, L50|\n|poke|p1|Sableye, L50, F|\n|poke|p1|Ogerpon-Hearthflame, L50, F|\n|poke|p2|Calyrex-Ice, L50|\n|poke|p2|Landorus, L50, M|\n|poke|p2|Amoonguss, L50, M|\n|poke|p2|Urshifu-*, L50, F|\n|poke|p2|Roaring Moon, L50|\n|poke|p2|Ogerpon-Hearthflame, L50, F|\n|teampreview|4\n|inactive|Battle timer is ON: inactive players will automatically lose when time's up. (requested by chappell murkroan)\n|\n|t:|1738826958\n|start\n|switch|p1a: Sableye|Sableye, L50, F|100\/100\n|switch|p1b: Terapagos|Terapagos, L50, M|100\/100\n|switch|p2a: Urshifu|Urshifu-Rapid-Strike, L50, F|100\/100\n|switch|p2b: Landorus|Landorus, L50, M|100\/100\n|-activate|p1b: Terapagos|ability: Tera Shift\n|detailschange|p1b: Terapagos|Terapagos-Terastal, L50, M\n|-heal|p1b: Terapagos|100\/100|[silent]\n|turn|1\n|\n|t:|1738826973\n|move|p1a: Sableye|Fake Out|p2a: Urshifu\n|-damage|p2a: Urshifu|94\/100\n|move|p2b: Landorus|Sandsear Storm|p1a: Sableye|[spread] p1a\n|-miss|p2b: Landorus|p1b: Terapagos\n|-damage|p1a: Sableye|23\/100\n|cant|p2a: Urshifu|flinch\n|move|p1b: Terapagos|Tera Starstorm|p2b: Landorus\n|-damage|p2b: Landorus|8\/100\n|\n|upkeep\n|turn|2\n|\n|t:|1738826993\n|move|p1a: Sableye|Quash|p2a: Urshifu\n|-activate|p2a: Urshifu|move: Quash\n|move|p2b: Landorus|Earth Power|p1b: Terapagos\n|-activate|p1b: Terapagos|ability: Tera Shell\n|-resisted|p1b: Terapagos\n|-damage|p1b: Terapagos|71\/100\n|move|p1b: Terapagos|Tera Starstorm|p2a: Urshifu\n|-damage|p2a: Urshifu|0 fnt\n|faint|p2a: Urshifu\n|\n|upkeep\n|\n|t:|1738827006\n|switch|p2a: Calyrex|Calyrex-Ice, L50|100\/100\n|-ability|p2a: Calyrex|As One\n|-ability|p2a: Calyrex|Unnerve\n|turn|3\n|\n|t:|1738827018\n|-terastallize|p1b: Terapagos|Stellar\n|detailschange|p1b: Terapagos|Terapagos-Stellar, L50, M, tera:Stellar\n|-heal|p1b: Terapagos|78\/100|[silent]\n|move|p1a: Sableye|Quash|p2b: Landorus\n|-activate|p2b: Landorus|move: Quash\n|move|p1b: Terapagos|Tera Starstorm|p2a: Calyrex|[spread] p2a,p2b\n|-damage|p2a: Calyrex|59\/100\n|-damage|p2b: Landorus|0 fnt\n|faint|p2b: Landorus\n|move|p2a: Calyrex|Glacial Lance|p1b: Terapagos|[spread] p1a,p1b\n|-damage|p1a: Sableye|0 fnt\n|-damage|p1b: Terapagos|45\/100\n|faint|p1a: Sableye\n|-ability|p2a: Calyrex|Chilling Neigh|boost\n|-boost|p2a: Calyrex|atk|1\n|\n|upkeep\n|\n|t:|1738827034\n|switch|p2b: Amoonguss|Amoonguss, L50, M|100\/100\n|switch|p1a: Dondozo|Dondozo, L50, M|100\/100\n|turn|4\n|\n|t:|1738827047\n|move|p2b: Amoonguss|Protect|p2b: Amoonguss\n|-singleturn|p2b: Amoonguss|Protect\n|move|p1b: Terapagos|Tera Starstorm|p2a: Calyrex|[spread] p2a\n|-activate|p2b: Amoonguss|move: Protect\n|-damage|p2a: Calyrex|16\/100\n|move|p1a: Dondozo|Rock Slide|p2b: Amoonguss|[spread] p2a\n|-activate|p2b: Amoonguss|move: Protect\n|-supereffective|p2a: Calyrex\n|-damage|p2a: Calyrex|0 fnt\n|faint|p2a: Calyrex\n|-damage|p1a: Dondozo|91\/100|[from] item: Life Orb\n|\n|upkeep\n|turn|5\n|-message|Nightwind Husky forfeited.\n|\n|win|chappell murkroan\n|raw|chappell murkroan's rating: 1586 &rarr; <strong>1605<\/strong><br \/>(+19 for winning)\n|raw|Nightwind Husky's rating: 1562 &rarr; <strong>1543<\/strong><br \/>(-19 for losing)\n|l|\u2606chappell murkroan\n|player|p1|\n","uploadtime":1738827303,"views":5,"formatid":"gen9vgc2025regg","rating":1543,"private":0,"password":null}