{"id":"gen9vgc2025regg-2295937692","format":"[Gen 9] VGC 2025 Reg G","players":["roykeenkennedy","Tempest Flute"],"log":"|j|\u2606roykeenkennedy\n|j|\u2606Tempest Flute\n|t:|1738894344\n|gametype|doubles\n|player|p1|roykeenkennedy|alder|1657\n|player|p2|Tempest Flute|policeman-gen4|1629\n|teamsize|p1|6\n|teamsize|p2|6\n|gen|9\n|tier|[Gen 9] VGC 2025 Reg G\n|rated|\n|rule|Species Clause: Limit one of each Pok\u00e9mon\n|rule|Item Clause: Limit 1 of each item\n|clearpoke\n|poke|p1|Torkoal, L50, M|\n|poke|p1|Raging Bolt, L50|\n|poke|p1|Incineroar, L50, F|\n|poke|p1|Ogerpon-Cornerstone, L50, F|\n|poke|p1|Annihilape, L50, F|\n|poke|p1|Calyrex-Ice, L50|\n|poke|p2|Koraidon, L50|\n|poke|p2|Flutter Mane, L50|\n|poke|p2|Entei, L50|\n|poke|p2|Raging Bolt, L50|\n|poke|p2|Umbreon, L50, F|\n|poke|p2|Ogerpon-Cornerstone, L50, F|\n|teampreview|4\n|inactive|Battle timer is ON: inactive players will automatically lose when time's up. (requested by Tempest Flute)\n|inactive|roykeenkennedy has 60 seconds left.\n|\n|t:|1738894387\n|start\n|switch|p1a: Raging Bolt|Raging Bolt, L50|100\/100\n|switch|p1b: Calyrex|Calyrex-Ice, L50|100\/100\n|switch|p2a: Koraidon|Koraidon, L50|100\/100\n|switch|p2b: Entei|Entei, L50, shiny|100\/100\n|-ability|p1b: Calyrex|As One\n|-ability|p1b: Calyrex|Unnerve\n|-weather|SunnyDay|[from] ability: Orichalcum Pulse|[of] p2a: Koraidon\n|-activate|p1a: Raging Bolt|ability: Protosynthesis\n|-start|p1a: Raging Bolt|protosynthesisspa\n|-activate|p2a: Koraidon|Orichalcum Pulse|[source]\n|turn|1\n|\n|t:|1738894407\n|-terastallize|p2a: Koraidon|Fire\n|-terastallize|p1b: Calyrex|Water\n|move|p1a: Raging Bolt|Thunderclap|p2b: Entei\n|-damage|p2b: Entei|22\/100\n|-damage|p1a: Raging Bolt|91\/100|[from] item: Life Orb\n|move|p2a: Koraidon|Scale Shot|p1a: Raging Bolt\n|-supereffective|p1a: Raging Bolt\n|-damage|p1a: Raging Bolt|59\/100\n|-supereffective|p1a: Raging Bolt\n|-damage|p1a: Raging Bolt|24\/100\n|-supereffective|p1a: Raging Bolt\n|-damage|p1a: Raging Bolt|0 fnt\n|faint|p1a: Raging Bolt\n|-end|p1a: Raging Bolt|Protosynthesis|[silent]\n|-hitcount|p1: Raging Bolt|3\n|-unboost|p2a: Koraidon|def|1\n|-boost|p2a: Koraidon|spe|1\n|move|p2b: Entei|Sacred Fire|p1b: Calyrex\n|-resisted|p1b: Calyrex\n|-damage|p1b: Calyrex|67\/100\n|-status|p1b: Calyrex|brn\n|move|p1b: Calyrex|Trick Room|p1b: Calyrex\n|-fieldstart|move: Trick Room|[of] p1b: Calyrex\n|\n|-weather|SunnyDay|[upkeep]\n|-damage|p1b: Calyrex|61\/100 brn|[from] brn\n|upkeep\n|j| Therazer456\n|inactive|roykeenkennedy has 30 seconds left.\n|\n|t:|1738894433\n|switch|p1a: Torkoal|Torkoal, L50, M|100\/100\n|turn|2\n|j| Baguettezzz\n|l| Baguettezzz\n|\n|t:|1738894450\n|move|p2a: Koraidon|Protect|p2a: Koraidon\n|-singleturn|p2a: Koraidon|Protect\n|move|p1a: Torkoal|Eruption|p2a: Koraidon|[spread] p2b\n|-activate|p2a: Koraidon|move: Protect\n|-resisted|p2b: Entei\n|-damage|p2b: Entei|0 fnt\n|faint|p2b: Entei\n|move|p1b: Calyrex|High Horsepower|p2a: Koraidon\n|-activate|p2a: Koraidon|move: Protect\n|\n|-weather|SunnyDay|[upkeep]\n|-damage|p1b: Calyrex|56\/100 brn|[from] brn\n|upkeep\n|\n|t:|1738894460\n|switch|p2b: Ogerpon|Ogerpon-Cornerstone, L50, F|100\/100\n|turn|3\n|inactive|Tempest Flute has 30 seconds left.\n|\n|t:|1738894492\n|move|p1a: Torkoal|Eruption|p2b: Ogerpon|[spread] p2a,p2b\n|-resisted|p2a: Koraidon\n|-damage|p2a: Koraidon|56\/100\n|-ability|p2b: Ogerpon|Sturdy\n|-damage|p2b: Ogerpon|1\/100\n|move|p1b: Calyrex|Glacial Lance|p2b: Ogerpon|[spread] p2a,p2b\n|-resisted|p2a: Koraidon\n|-supereffective|p2b: Ogerpon\n|-damage|p2a: Koraidon|37\/100\n|-damage|p2b: Ogerpon|0 fnt\n|faint|p2b: Ogerpon\n|-ability|p1b: Calyrex|Chilling Neigh|boost\n|-boost|p1b: Calyrex|atk|1\n|move|p2a: Koraidon|Scale Shot|p1b: Calyrex\n|-damage|p1b: Calyrex|45\/100 brn\n|-damage|p1b: Calyrex|33\/100 brn\n|-damage|p1b: Calyrex|22\/100 brn\n|-damage|p1b: Calyrex|11\/100 brn\n|-damage|p1b: Calyrex|0 fnt\n|faint|p1b: Calyrex\n|-hitcount|p1: Calyrex|5\n|-unboost|p2a: Koraidon|def|1\n|-boost|p2a: Koraidon|spe|1\n|\n|-weather|SunnyDay|[upkeep]\n|upkeep\n|inactive|roykeenkennedy has 30 seconds left.\n|\n|t:|1738894517\n|switch|p1b: Incineroar|Incineroar, L50, F|100\/100\n|switch|p2b: Umbreon|Umbreon, L50, F, shiny|100\/100\n|-ability|p1b: Incineroar|Intimidate|boost\n|-unboost|p2a: Koraidon|atk|1\n|-fail|p2b: Umbreon|unboost|Attack|[from] ability: Inner Focus|[of] p2b: Umbreon\n|turn|4\n|\n|t:|1738894532\n|move|p2a: Koraidon|Protect|p2a: Koraidon\n|-singleturn|p2a: Koraidon|Protect\n|move|p1a: Torkoal|Eruption|p2b: Umbreon|[spread] p2b\n|-activate|p2a: Koraidon|move: Protect\n|-damage|p2b: Umbreon|46\/100\n|move|p1b: Incineroar|Will-O-Wisp|p2b: Umbreon\n|-status|p2b: Umbreon|brn\n|move|p2b: Umbreon|Yawn|p1a: Torkoal\n|-start|p1a: Torkoal|move: Yawn|[of] p2b: Umbreon\n|\n|-weather|SunnyDay|[upkeep]\n|-damage|p2b: Umbreon|40\/100 brn|[from] brn\n|upkeep\n|turn|5\n|\n|t:|1738894554\n|move|p1a: Torkoal|Eruption|p2b: Umbreon|[spread] p2a,p2b\n|-resisted|p2a: Koraidon\n|-damage|p2a: Koraidon|0 fnt\n|-damage|p2b: Umbreon|0 fnt\n|faint|p2a: Koraidon\n|faint|p2b: Umbreon\n|\n|win|roykeenkennedy\n|raw|roykeenkennedy's rating: 1657 &rarr; <strong>1675<\/strong><br \/>(+18 for winning)\n|raw|Tempest Flute's rating: 1629 &rarr; <strong>1611<\/strong><br \/>(-18 for losing)\n|l|\u2606Tempest Flute\n|player|p2|\n|l|\u2606roykeenkennedy\n|player|p1|\n","uploadtime":1738894788,"views":6,"formatid":"gen9vgc2025regg","rating":1611,"private":0,"password":null}