{"id":"gen9vgc2025regg-2295520657","format":"[Gen 9] VGC 2025 Reg G","players":["bluestraggler02","Zeropoke7310"],"log":"|j|\u2606bluestraggler02\n|j|\u2606Zeropoke7310\n|t:|1738848299\n|gametype|doubles\n|player|p1|bluestraggler02|2|1617\n|player|p2|Zeropoke7310|steven|1696\n|teamsize|p1|6\n|teamsize|p2|6\n|gen|9\n|tier|[Gen 9] VGC 2025 Reg G\n|rated|\n|rule|Species Clause: Limit one of each Pok\u00e9mon\n|rule|Item Clause: Limit 1 of each item\n|clearpoke\n|poke|p1|Zamazenta-*, L50|\n|poke|p1|Roaring Moon, L50|\n|poke|p1|Landorus, L50, M|\n|poke|p1|Pelipper, L50, F|\n|poke|p1|Urshifu-*, L50, M|\n|poke|p1|Amoonguss, L50, M|\n|poke|p2|Miraidon, L50|\n|poke|p2|Urshifu-*, L50, M|\n|poke|p2|Ogerpon-Hearthflame, L50, F|\n|poke|p2|Chien-Pao, L50|\n|poke|p2|Iron Hands, L50|\n|poke|p2|Farigiraf, L50, F|\n|teampreview|4\n|\n|t:|1738848325\n|start\n|switch|p1a: Roaring Moon|Roaring Moon, L50|100\/100\n|switch|p1b: Landorus|Landorus, L50, M|100\/100\n|switch|p2a: Miraidon|Miraidon, L50|100\/100\n|switch|p2b: Ogerpon|Ogerpon-Hearthflame, L50, F|100\/100\n|-fieldstart|move: Electric Terrain|[from] ability: Hadron Engine|[of] p2a: Miraidon\n|-ability|p2b: Ogerpon|Mold Breaker\n|-enditem|p1a: Roaring Moon|Booster Energy\n|-activate|p1a: Roaring Moon|ability: Protosynthesis|[fromitem]\n|-start|p1a: Roaring Moon|protosynthesisspe\n|turn|1\n|inactive|Battle timer is ON: inactive players will automatically lose when time's up. (requested by bluestraggler02)\n|inactive|Zeropoke7310 has 60 seconds left.\n|\n|t:|1738848384\n|move|p1a: Roaring Moon|Protect|p1a: Roaring Moon\n|-singleturn|p1a: Roaring Moon|Protect\n|move|p1b: Landorus|Protect|p1b: Landorus\n|-singleturn|p1b: Landorus|Protect\n|move|p2a: Miraidon|Dazzling Gleam|p1b: Landorus|[spread] \n|-activate|p1a: Roaring Moon|move: Protect\n|-activate|p1b: Landorus|move: Protect\n|move|p2b: Ogerpon|Ivy Cudgel|p1b: Landorus|[anim] Ivy Cudgel Fire\n|-activate|p1b: Landorus|move: Protect\n|\n|upkeep\n|turn|2\n|\n|t:|1738848413\n|-terastallize|p1b: Landorus|Poison\n|move|p2a: Miraidon|Dazzling Gleam|p1b: Landorus|[spread] p1a,p1b\n|-supereffective|p1a: Roaring Moon\n|-resisted|p1b: Landorus\n|-damage|p1a: Roaring Moon|1\/100\n|-damage|p1b: Landorus|84\/100\n|move|p1a: Roaring Moon|Tailwind|p1a: Roaring Moon\n|-sidestart|p1: bluestraggler02|move: Tailwind\n|move|p1b: Landorus|Sludge Bomb|p2b: Ogerpon\n|-supereffective|p2b: Ogerpon\n|-damage|p2b: Ogerpon|0 fnt\n|faint|p2b: Ogerpon\n|\n|upkeep\n|\n|t:|1738848429\n|switch|p2b: Chien-Pao|Chien-Pao, L50|100\/100\n|-ability|p2b: Chien-Pao|Sword of Ruin\n|turn|3\n|inactive|Zeropoke7310 has 30 seconds left.\n|inactive|Zeropoke7310 has 20 seconds left.\n|inactive|Zeropoke7310 has 15 seconds left.\n|\n|t:|1738848471\n|switch|p2a: Iron Hands|Iron Hands, L50|100\/100\n|-activate|p2a: Iron Hands|ability: Quark Drive\n|-start|p2a: Iron Hands|quarkdriveatk\n|move|p1a: Roaring Moon|Knock Off|p2a: Iron Hands\n|-resisted|p2a: Iron Hands\n|-damage|p2a: Iron Hands|80\/100\n|-enditem|p2a: Iron Hands|Assault Vest|[from] move: Knock Off|[of] p1a: Roaring Moon\n|move|p1b: Landorus|Earth Power|p2a: Iron Hands\n|-supereffective|p2a: Iron Hands\n|-damage|p2a: Iron Hands|0 fnt\n|faint|p2a: Iron Hands\n|-end|p2a: Iron Hands|Quark Drive|[silent]\n|move|p2b: Chien-Pao|Icicle Crash|p1b: Landorus\n|-damage|p1b: Landorus|22\/100\n|\n|upkeep\n|\n|t:|1738848487\n|switch|p2a: Miraidon|Miraidon, L50|100\/100\n|-activate|p2a: Miraidon|ability: Hadron Engine\n|turn|4\n|\n|t:|1738848497\n|move|p2b: Chien-Pao|Sucker Punch|p1b: Landorus\n|-crit|p1b: Landorus\n|-damage|p1b: Landorus|0 fnt\n|faint|p1b: Landorus\n|move|p1a: Roaring Moon|Knock Off|p2a: Miraidon\n|-damage|p2a: Miraidon|40\/100\n|-enditem|p2a: Miraidon|Choice Scarf|[from] move: Knock Off|[of] p1a: Roaring Moon\n|move|p2a: Miraidon|Dazzling Gleam|p1a: Roaring Moon\n|-supereffective|p1a: Roaring Moon\n|-damage|p1a: Roaring Moon|0 fnt\n|faint|p1a: Roaring Moon\n|-end|p1a: Roaring Moon|Protosynthesis|[silent]\n|\n|upkeep\n|\n|t:|1738848503\n|switch|p1a: Urshifu|Urshifu-Rapid-Strike, L50, M|100\/100\n|switch|p1b: Zamazenta|Zamazenta-Crowned, L50|100\/100\n|-ability|p1b: Zamazenta|Dauntless Shield|boost\n|-boost|p1b: Zamazenta|def|1\n|turn|5\n|-message|Zeropoke7310 forfeited.\n|\n|win|bluestraggler02\n|raw|bluestraggler02's rating: 1617 &rarr; <strong>1641<\/strong><br \/>(+24 for winning)\n|raw|Zeropoke7310's rating: 1696 &rarr; <strong>1672<\/strong><br \/>(-24 for losing)\n|l|\u2606Zeropoke7310\n|player|p2|\n|l|\u2606bluestraggler02\n|player|p1|\n","uploadtime":1738848778,"views":37,"formatid":"gen9vgc2025regg","rating":1641,"private":0,"password":null}