{"id":"gen9vgc2025regg-2295552897","format":"[Gen 9] VGC 2025 Reg G","players":["actuary97","Snow48691412"],"log":"|j|\u2606actuary97\n|j|\u2606Snow48691412\n|t:|1738852302\n|gametype|doubles\n|player|p1|actuary97|sabrina-frlg|1638\n|player|p2|Snow48691412|hilbert|1615\n|teamsize|p1|6\n|teamsize|p2|6\n|gen|9\n|tier|[Gen 9] VGC 2025 Reg G\n|rated|\n|rule|Species Clause: Limit one of each Pok\u00e9mon\n|rule|Item Clause: Limit 1 of each item\n|clearpoke\n|poke|p1|Amoonguss, L50, M|\n|poke|p1|Comfey, L50, M|\n|poke|p1|Whimsicott, L50, M|\n|poke|p1|Roaring Moon, L50|\n|poke|p1|Kyogre, L50|\n|poke|p1|Archaludon, L50, M|\n|poke|p2|Calyrex-Shadow, L50|\n|poke|p2|Moltres-Galar, L50|\n|poke|p2|Urshifu-*, L50, M|\n|poke|p2|Incineroar, L50, M|\n|poke|p2|Rillaboom, L50, F|\n|poke|p2|Clefairy, L50, M|\n|teampreview|4\nactuary97 has agreed to open team sheets.\n|inactive|Battle timer is ON: inactive players will automatically lose when time's up. (requested by actuary97)\n|\n|t:|1738852349\n|start\n|switch|p1a: Roaring Moon|Roaring Moon, L50, shiny|100\/100\n|switch|p1b: Amoonguss|Amoonguss, L50, M, shiny|100\/100\n|switch|p2a: Calyrex|Calyrex-Shadow, L50|100\/100\n|switch|p2b: Urshifu|Urshifu-Rapid-Strike, L50, M|100\/100\n|-ability|p2a: Calyrex|As One\n|-ability|p2a: Calyrex|Unnerve\n|-enditem|p1a: Roaring Moon|Booster Energy\n|-activate|p1a: Roaring Moon|ability: Protosynthesis|[fromitem]\n|-start|p1a: Roaring Moon|protosynthesisspe\n|turn|1\n|\n|t:|1738852372\n|-terastallize|p2a: Calyrex|Fairy\n|move|p1b: Amoonguss|Rage Powder|p1b: Amoonguss\n|-singleturn|p1b: Amoonguss|move: Rage Powder\n|move|p1a: Roaring Moon|Taunt|p2b: Urshifu\n|-start|p2b: Urshifu|move: Taunt\n|move|p2a: Calyrex|Calm Mind|p2a: Calyrex\n|-boost|p2a: Calyrex|spa|1\n|-boost|p2a: Calyrex|spd|1\n|cant|p2b: Urshifu|move: Taunt|Taunt\n|\n|upkeep\n|turn|2\n|\n|t:|1738852392\n|switch|p2b: Incineroar|Incineroar, L50, M|100\/100\n|-ability|p2b: Incineroar|Intimidate|boost\n|-unboost|p1a: Roaring Moon|atk|1\n|-unboost|p1b: Amoonguss|atk|1\n|-terastallize|p1a: Roaring Moon|Water\n|move|p2a: Calyrex|Protect|p2a: Calyrex\n|-singleturn|p2a: Calyrex|Protect\n|move|p1a: Roaring Moon|Taunt|p2a: Calyrex\n|-activate|p2a: Calyrex|move: Protect\n|move|p1b: Amoonguss|Spore|p2a: Calyrex\n|-activate|p2a: Calyrex|move: Protect\n|\n|upkeep\n|turn|3\n|inactive|Snow48691412 has 30 seconds left.\n|\n|t:|1738852420\n|move|p1a: Roaring Moon|Tailwind|p1a: Roaring Moon\n|-sidestart|p1: actuary97|move: Tailwind\n|move|p2a: Calyrex|Astral Barrage|p1a: Roaring Moon|[spread] p1a,p1b\n|-damage|p1a: Roaring Moon|32\/100\n|-damage|p1b: Amoonguss|35\/100\n|move|p1b: Amoonguss|Spore|p2a: Calyrex\n|-status|p2a: Calyrex|slp|[from] move: Spore\n|move|p2b: Incineroar|Will-O-Wisp||[still]\n|-fail|p2b: Incineroar\n|\n|upkeep\n|turn|4\n|inactive|actuary97 has 30 seconds left.\n|\n|t:|1738852454\n|switch|p1b: Archaludon|Archaludon, L50, M, shiny|100\/100\n|switch|p2b: Rillaboom|Rillaboom, L50, F|100\/100\n|-fieldstart|move: Grassy Terrain|[from] ability: Grassy Surge|[of] p2b: Rillaboom\n|move|p1a: Roaring Moon|Knock Off|p2a: Calyrex\n|-resisted|p2a: Calyrex\n|-damage|p2a: Calyrex|86\/100 slp\n|-enditem|p2a: Calyrex|Covert Cloak|[from] move: Knock Off|[of] p1a: Roaring Moon\n|cant|p2a: Calyrex|slp\n|\n|-heal|p1a: Roaring Moon|38\/100|[from] Grassy Terrain\n|-heal|p2a: Calyrex|92\/100 slp|[from] Grassy Terrain\n|upkeep\n|turn|5\n|\n|t:|1738852475\n|move|p2b: Rillaboom|Fake Out|p1b: Archaludon\n|-resisted|p1b: Archaludon\n|-damage|p1b: Archaludon|96\/100\n|-ability|p1b: Archaludon|Stamina|boost\n|-boost|p1b: Archaludon|def|1\n|move|p1a: Roaring Moon|Taunt|p2a: Calyrex\n|-start|p2a: Calyrex|move: Taunt\n|cant|p1b: Archaludon|flinch\n|cant|p2a: Calyrex|slp\n|\n|-heal|p1a: Roaring Moon|44\/100|[from] Grassy Terrain\n|-heal|p1b: Archaludon|100\/100|[from] Grassy Terrain\n|-heal|p2a: Calyrex|98\/100 slp|[from] Grassy Terrain\n|upkeep\n|turn|6\n|inactive|Snow48691412 has 30 seconds left.\n|\n|t:|1738852501\n|switch|p2a: Incineroar|Incineroar, L50, M|100\/100\n|-ability|p2a: Incineroar|Intimidate|boost\n|-unboost|p1a: Roaring Moon|atk|1\n|-unboost|p1b: Archaludon|atk|1\n|move|p1a: Roaring Moon|Knock Off|p2b: Rillaboom\n|-damage|p2b: Rillaboom|80\/100\n|-enditem|p2b: Rillaboom|Assault Vest|[from] move: Knock Off|[of] p1a: Roaring Moon\n|move|p1b: Archaludon|Snarl|p2b: Rillaboom|[spread] p2a,p2b\n|-resisted|p2a: Incineroar\n|-damage|p2a: Incineroar|96\/100\n|-damage|p2b: Rillaboom|68\/100\n|-unboost|p2a: Incineroar|spa|1\n|-unboost|p2b: Rillaboom|spa|1\n|move|p2b: Rillaboom|U-turn|p1a: Roaring Moon\n|-damage|p1a: Roaring Moon|21\/100\n|\n|t:|1738852516\n|switch|p2b: Calyrex|Calyrex-Shadow, L50, tera:Fairy|98\/100 slp|[from] U-turn\n|-ability|p2b: Calyrex|As One\n|-ability|p2b: Calyrex|Unnerve\n|\n|-heal|p1a: Roaring Moon|27\/100|[from] Grassy Terrain\n|-heal|p2b: Calyrex|100\/100 slp|[from] Grassy Terrain\n|-heal|p2a: Incineroar|100\/100|[from] Grassy Terrain\n|-sideend|p1: actuary97|move: Tailwind\n|upkeep\n|turn|7\n|\n|t:|1738852532\n|-end|p1a: Roaring Moon|Protosynthesis|[silent]\n|switch|p1a: Kyogre|Kyogre, L50, shiny|100\/100\n|-weather|RainDance|[from] ability: Drizzle|[of] p1a: Kyogre\n|move|p2a: Incineroar|Fake Out|p1a: Kyogre\n|-damage|p1a: Kyogre|91\/100\n|cant|p2b: Calyrex|slp\n|move|p1b: Archaludon|Electro Shot||[still]\n|-prepare|p1b: Archaludon|Electro Shot\n|-boost|p1b: Archaludon|spa|1\n|-anim|p1b: Archaludon|Electro Shot|p2b: Calyrex\n|-damage|p2b: Calyrex|46\/100 slp\n|\n|-weather|RainDance|[upkeep]\n|-heal|p2b: Calyrex|52\/100 slp|[from] Grassy Terrain\n|-heal|p1a: Kyogre|97\/100|[from] Grassy Terrain\n|upkeep\n|turn|8\n|inactive|Snow48691412 has 30 seconds left.\n|inactive|actuary97 has 30 seconds left.\n|\n|t:|1738852569\n|-curestatus|p2b: Calyrex|slp|[msg]\n|move|p2b: Calyrex|Protect|p2b: Calyrex\n|-singleturn|p2b: Calyrex|Protect\n|move|p1a: Kyogre|Calm Mind|p1a: Kyogre\n|-boost|p1a: Kyogre|spa|1\n|-boost|p1a: Kyogre|spd|1\n|move|p1b: Archaludon|Electro Shot||[still]\n|-prepare|p1b: Archaludon|Electro Shot\n|-boost|p1b: Archaludon|spa|1\n|-anim|p1b: Archaludon|Electro Shot|p2a: Incineroar\n|-damage|p2a: Incineroar|32\/100\n|move|p2a: Incineroar|Knock Off|p1a: Kyogre\n|-damage|p1a: Kyogre|62\/100\n|-enditem|p1a: Kyogre|Covert Cloak|[from] move: Knock Off|[of] p2a: Incineroar\n|\n|-weather|RainDance|[upkeep]\n|-heal|p2b: Calyrex|58\/100|[from] Grassy Terrain\n|-heal|p1a: Kyogre|68\/100|[from] Grassy Terrain\n|-heal|p2a: Incineroar|38\/100|[from] Grassy Terrain\n|-fieldend|move: Grassy Terrain\n|upkeep\n|turn|9\n|inactive|Snow48691412 has 30 seconds left.\n|\n|t:|1738852602\n|move|p2b: Calyrex|Calm Mind|p2b: Calyrex\n|-boost|p2b: Calyrex|spa|1\n|-boost|p2b: Calyrex|spd|1\n|move|p1a: Kyogre|Origin Pulse|p2a: Incineroar|[spread] p2a,p2b\n|-supereffective|p2a: Incineroar\n|-damage|p2a: Incineroar|0 fnt\n|-damage|p2b: Calyrex|0 fnt\n|faint|p2a: Incineroar\n|faint|p2b: Calyrex\n|move|p1b: Archaludon|Electro Shot||[still]\n|-prepare|p1b: Archaludon|Electro Shot\n|-boost|p1b: Archaludon|spa|1\n|-anim|p1b: Archaludon|Electro Shot|p2: Incineroar|[notarget]\n|-fail|p1b: Archaludon\n|\n|-weather|RainDance|[upkeep]\n|upkeep\n|inactive|Snow48691412 has 30 seconds left.\n|inactive|Snow48691412 has 20 seconds left.\n|inactive|Snow48691412 has 15 seconds left.\n|inactive|Snow48691412 has 10 seconds left.\n|inactive|Snow48691412 has 5 seconds left.\n|\n|t:|1738852657\n|switch|p2b: Urshifu|Urshifu-Rapid-Strike, L50, M|100\/100\n|switch|p2a: Rillaboom|Rillaboom, L50, F|68\/100\n|-fieldstart|move: Grassy Terrain|[from] ability: Grassy Surge|[of] p2a: Rillaboom\n|turn|10\n|inactive|Snow48691412 has 30 seconds left.\n|inactive|Snow48691412 has 20 seconds left.\n|inactive|Snow48691412 has 15 seconds left.\n|c|\u2606actuary97|CALYREX SHADOW RIDER PLAUERS ARE THE SCUM OF THIS EARTH\n|inactive|Snow48691412 has 10 seconds left.\n|inactive|Snow48691412 has 5 seconds left.\n|\n|t:|1738852712\n|move|p2a: Rillaboom|Grassy Glide|p1b: Archaludon\n|-resisted|p1b: Archaludon\n|-damage|p1b: Archaludon|96\/100\n|-ability|p1b: Archaludon|Stamina|boost\n|-boost|p1b: Archaludon|def|1\n|move|p2b: Urshifu|Surging Strikes|p1a: Kyogre\n|-resisted|p1a: Kyogre\n|-crit|p1a: Kyogre\n|-damage|p1a: Kyogre|51\/100\n|-resisted|p1a: Kyogre\n|-crit|p1a: Kyogre\n|-damage|p1a: Kyogre|34\/100\n|-resisted|p1a: Kyogre\n|-crit|p1a: Kyogre\n|-damage|p1a: Kyogre|18\/100\n|-hitcount|p1a: Kyogre|3\n|move|p1a: Kyogre|Ice Beam|p2a: Rillaboom\n|-supereffective|p2a: Rillaboom\n|-damage|p2a: Rillaboom|0 fnt\n|faint|p2a: Rillaboom\n|move|p1b: Archaludon|Electro Shot||[still]\n|-prepare|p1b: Archaludon|Electro Shot\n|-boost|p1b: Archaludon|spa|1\n|-anim|p1b: Archaludon|Electro Shot|p2b: Urshifu\n|-supereffective|p2b: Urshifu\n|-damage|p2b: Urshifu|0 fnt\n|faint|p2b: Urshifu\n|\n|win|actuary97\n|raw|actuary97's rating: 1638 &rarr; <strong>1657<\/strong><br \/>(+19 for winning)\n|raw|Snow48691412's rating: 1615 &rarr; <strong>1596<\/strong><br \/>(-19 for losing)\n|c|\u2606actuary97|they play the most broken teams and then stall the clovk when they lose\n|l|\u2606actuary97\n|player|p1|\n","uploadtime":1738852892,"views":15,"formatid":"gen9vgc2025regg","rating":1596,"private":0,"password":null}