{"id":"gen9vgc2025regg-2295609661","format":"[Gen 9] VGC 2025 Reg G","players":["prod_axel","SubToPenglin"],"log":"|j|\u2606prod_axel\n|j|\u2606SubToPenglin\n|t:|1738858339\n|gametype|doubles\n|player|p1|prod_axel|unknown|1571\n|player|p2|SubToPenglin|lady|1598\n|teamsize|p1|6\n|teamsize|p2|6\n|gen|9\n|tier|[Gen 9] VGC 2025 Reg G\n|rated|\n|rule|Species Clause: Limit one of each Pok\u00e9mon\n|rule|Item Clause: Limit 1 of each item\n|clearpoke\n|poke|p1|Calyrex-Ice, L50|\n|poke|p1|Pelipper, L50, M|\n|poke|p1|Urshifu-*, L50, M|\n|poke|p1|Rillaboom, L50, F|\n|poke|p1|Raging Bolt, L50|\n|poke|p1|Ogerpon-Cornerstone, L50, F|\n|poke|p2|Comfey, L50, F|\n|poke|p2|Terapagos, L50, M|\n|poke|p2|Tornadus, L50, M|\n|poke|p2|Magmar, L50, F|\n|poke|p2|Landorus, L50, M|\n|poke|p2|Volcarona, L50, M|\n|teampreview|4\n|inactive|Battle timer is ON: inactive players will automatically lose when time's up. (requested by SubToPenglin)\n|inactive|prod_axel has 60 seconds left.\n|inactive|prod_axel has 30 seconds left.\n|\n|t:|1738858400\n|start\n|switch|p1a: Pelipper|Pelipper, L50, M|100\/100\n|switch|p1b: Calyrex|Calyrex-Ice, L50|100\/100\n|switch|p2a: Terapagos|Terapagos, L50, M|100\/100\n|switch|p2b: Magmar|Magmar, L50, F, shiny|100\/100\n|-activate|p2a: Terapagos|ability: Tera Shift\n|detailschange|p2a: Terapagos|Terapagos-Terastal, L50, M\n|-heal|p2a: Terapagos|100\/100|[silent]\n|-ability|p1b: Calyrex|As One\n|-ability|p1b: Calyrex|Unnerve\n|-weather|RainDance|[from] ability: Drizzle|[of] p1a: Pelipper\n|turn|1\n|inactive|SubToPenglin has 30 seconds left.\n|inactive|SubToPenglin has 20 seconds left.\n|\n|t:|1738858436\n|-terastallize|p2a: Terapagos|Stellar\n|detailschange|p2a: Terapagos|Terapagos-Stellar, L50, M, tera:Stellar\n|-heal|p2a: Terapagos|100\/100|[silent]\n|-ability|p2a: Terapagos|Teraform Zero\n|-weather|none\n|move|p1a: Pelipper|Helping Hand|p1b: Calyrex\n|-singleturn|p1b: Calyrex|Helping Hand|[of] p1a: Pelipper\n|move|p2b: Magmar|Will-O-Wisp|p1b: Calyrex\n|-status|p1b: Calyrex|brn\n|move|p2a: Terapagos|Calm Mind|p2a: Terapagos\n|-boost|p2a: Terapagos|spa|1\n|-boost|p2a: Terapagos|spd|1\n|move|p1b: Calyrex|High Horsepower|p2b: Magmar\n|-supereffective|p2b: Magmar\n|-damage|p2b: Magmar|51\/100\n|\n|-damage|p1b: Calyrex|95\/100 brn|[from] brn\n|upkeep\n|turn|2\n|\n|t:|1738858457\n|switch|p1a: Ogerpon|Ogerpon-Cornerstone, L50, F|100\/100\n|move|p2b: Magmar|Taunt|p1a: Ogerpon\n|-start|p1a: Ogerpon|move: Taunt\n|move|p2a: Terapagos|Tera Starstorm|p1b: Calyrex|[spread] p1a,p1b\n|-crit|p1b: Calyrex\n|-damage|p1a: Ogerpon|44\/100\n|-damage|p1b: Calyrex|43\/100 brn\n|move|p1b: Calyrex|High Horsepower|p2b: Magmar\n|-supereffective|p2b: Magmar\n|-damage|p2b: Magmar|22\/100\n|\n|-damage|p1b: Calyrex|38\/100 brn|[from] brn\n|upkeep\n|turn|3\n|\n|t:|1738858482\n|move|p2b: Magmar|Protect|p2b: Magmar\n|-singleturn|p2b: Magmar|Protect\n|move|p1b: Calyrex|Protect|p1b: Calyrex\n|-singleturn|p1b: Calyrex|Protect\n|move|p1a: Ogerpon|Ivy Cudgel|p2b: Magmar|[anim] Ivy Cudgel Rock\n|-activate|p2b: Magmar|move: Protect\n|move|p2a: Terapagos|Tera Starstorm|p1a: Ogerpon|[spread] p1a\n|-activate|p1b: Calyrex|move: Protect\n|-damage|p1a: Ogerpon|0 fnt\n|faint|p1a: Ogerpon\n|\n|-damage|p1b: Calyrex|32\/100 brn|[from] brn\n|upkeep\n|\n|t:|1738858490\n|switch|p1a: Urshifu|Urshifu-Rapid-Strike, L50, M|100\/100\n|turn|4\n|\n|t:|1738858500\n|move|p2b: Magmar|Follow Me|p2b: Magmar\n|-singleturn|p2b: Magmar|move: Follow Me\n|move|p1a: Urshifu|U-turn|p2b: Magmar\n|-resisted|p2b: Magmar\n|-damage|p2b: Magmar|12\/100\n|\n|t:|1738858504\n|switch|p1a: Pelipper|Pelipper, L50, M|100\/100|[from] U-turn\n|-weather|RainDance|[from] ability: Drizzle|[of] p1a: Pelipper\n|move|p2a: Terapagos|Tera Starstorm|p1b: Calyrex|[spread] p1a,p1b\n|-enditem|p1a: Pelipper|Focus Sash\n|-damage|p1a: Pelipper|1\/100\n|-damage|p1b: Calyrex|0 fnt\n|faint|p1b: Calyrex\n|\n|-weather|RainDance|[upkeep]\n|upkeep\n|\n|t:|1738858511\n|switch|p1b: Urshifu|Urshifu-Rapid-Strike, L50, M|100\/100\n|turn|5\n|\n|t:|1738858529\n|-terastallize|p1b: Urshifu|Water\n|move|p1a: Pelipper|Wide Guard|p1a: Pelipper\n|-singleturn|p1a: Pelipper|Wide Guard\n|move|p2b: Magmar|Follow Me|p2b: Magmar\n|-singleturn|p2b: Magmar|move: Follow Me\n|move|p1b: Urshifu|Surging Strikes|p2b: Magmar\n|-supereffective|p2b: Magmar\n|-crit|p2b: Magmar\n|-damage|p2b: Magmar|0 fnt\n|faint|p2b: Magmar\n|-hitcount|p2: Magmar|1\n|move|p2a: Terapagos|Earth Power|p1b: Urshifu\n|-damage|p1b: Urshifu|14\/100\n|\n|-weather|RainDance|[upkeep]\n|upkeep\n|\n|t:|1738858540\n|switch|p2b: Comfey|Comfey, L50, F, shiny|100\/100\n|turn|6\n|\n|t:|1738858546\n|move|p2b: Comfey|Draining Kiss|p1a: Pelipper\n|-damage|p1a: Pelipper|0 fnt\n|faint|p1a: Pelipper\n|move|p1b: Urshifu|Surging Strikes|p2a: Terapagos\n|-crit|p2a: Terapagos\n|-damage|p2a: Terapagos|74\/100\n|-crit|p2a: Terapagos\n|-damage|p2a: Terapagos|48\/100\n|-crit|p2a: Terapagos\n|-damage|p2a: Terapagos|21\/100\n|-hitcount|p2a: Terapagos|3\n|move|p2a: Terapagos|Tera Starstorm|p1b: Urshifu\n|-supereffective|p1b: Urshifu\n|-damage|p1b: Urshifu|0 fnt\n|faint|p1b: Urshifu\n|\n|win|SubToPenglin\n|raw|prod_axel's rating: 1571 &rarr; <strong>1553<\/strong><br \/>(-18 for losing)\n|raw|SubToPenglin's rating: 1598 &rarr; <strong>1616<\/strong><br \/>(+18 for winning)\n|l|\u2606SubToPenglin\n|player|p2|\n|l|\u2606prod_axel\n|player|p1|\n","uploadtime":1738858710,"views":13,"formatid":"gen9vgc2025regg","rating":1553,"private":0,"password":null}