{"id":"gen9vgc2025regg-2295988455","format":"[Gen 9] VGC 2025 Reg G","players":["jkimkim1","501JFW"],"log":"|j|\u2606jkimkim1\n|j|\u203d501JFW\n|t:|1738901531\n|gametype|doubles\n|player|p1|jkimkim1|1|1635\n|player|p2|501JFW|170|1645\n|teamsize|p1|6\n|teamsize|p2|6\n|gen|9\n|tier|[Gen 9] VGC 2025 Reg G\n|rated|\n|rule|Species Clause: Limit one of each Pok\u00e9mon\n|rule|Item Clause: Limit 1 of each item\n|clearpoke\n|poke|p1|Miraidon, L50|\n|poke|p1|Cresselia, L50, F|\n|poke|p1|Thundurus-Therian, L50, M|\n|poke|p1|Incineroar, L50, M|\n|poke|p1|Ursaluna, L50, F|\n|poke|p1|Whimsicott, L50, M|\n|poke|p2|Calyrex-Ice, L50|\n|poke|p2|Urshifu-*, L50, M|\n|poke|p2|Pelipper, L50, F|\n|poke|p2|Amoonguss, L50, F|\n|poke|p2|Incineroar, L50, F|\n|poke|p2|Raging Bolt, L50|\n|teampreview|4\n|inactive|Battle timer is ON: inactive players will automatically lose when time's up. (requested by jkimkim1)\n|\n|t:|1738901554\n|start\n|switch|p1a: Jayson tatum|Miraidon, L50|100\/100\n|switch|p1b: \uc0ac\uc2b9\ud5cc|Cresselia, L50, F, shiny|100\/100\n|switch|p2a: Raging Bolt|Raging Bolt, L50|100\/100\n|switch|p2b: Pelipper|Pelipper, L50, F, shiny|100\/100\n|-fieldstart|move: Electric Terrain|[from] ability: Hadron Engine|[of] p1a: Jayson tatum\n|-weather|RainDance|[from] ability: Drizzle|[of] p2b: Pelipper\n|turn|1\n|j| nacleboi\n|inactive|jkimkim1 has 30 seconds left.\n|inactive|501JFW has 30 seconds left.\n|inactive|jkimkim1 has 20 seconds left.\n|\n|t:|1738901591\n|-terastallize|p2a: Raging Bolt|Fairy\n|move|p1a: Jayson tatum|Volt Switch|p2a: Raging Bolt\n|-damage|p2a: Raging Bolt|39\/100\n|\n|t:|1738901597\n|switch|p1a: Canada bear|Ursaluna, L50, F|100\/100|[from] Volt Switch\n|move|p2b: Pelipper|Weather Ball|p1b: \uc0ac\uc2b9\ud5cc\n|-damage|p1b: \uc0ac\uc2b9\ud5cc|63\/100\n|move|p2a: Raging Bolt|Draco Meteor|p1a: Canada bear\n|-crit|p1a: Canada bear\n|-damage|p1a: Canada bear|2\/100\n|-unboost|p2a: Raging Bolt|spa|2\n|move|p1b: \uc0ac\uc2b9\ud5cc|Trick Room|p1b: \uc0ac\uc2b9\ud5cc\n|-fieldstart|move: Trick Room|[of] p1b: \uc0ac\uc2b9\ud5cc\n|\n|-weather|RainDance|[upkeep]\n|-status|p1a: Canada bear|brn|[from] item: Flame Orb\n|upkeep\n|turn|2\n|inactive|jkimkim1 has 30 seconds left.\n|inactive|501JFW has 30 seconds left.\n|\n|t:|1738901624\n|move|p2b: Pelipper|Protect|p2b: Pelipper\n|-singleturn|p2b: Pelipper|Protect\n|move|p1a: Canada bear|Facade|p2a: Raging Bolt\n|-damage|p2a: Raging Bolt|0 fnt\n|faint|p2a: Raging Bolt\n|-end|p2a: Raging Bolt|Protosynthesis|[silent]\n|move|p1b: \uc0ac\uc2b9\ud5cc|Trick Room|p1b: \uc0ac\uc2b9\ud5cc\n|-fieldend|move: Trick Room\n|\n|-weather|RainDance|[upkeep]\n|-damage|p1a: Canada bear|0 fnt|[from] brn\n|faint|p1a: Canada bear\n|upkeep\n|\n|t:|1738901641\n|switch|p2a: Calyrex|Calyrex-Ice, L50|100\/100\n|switch|p1a: Jayson tatum|Miraidon, L50|100\/100\n|-ability|p2a: Calyrex|As One\n|-ability|p2a: Calyrex|Unnerve\n|-activate|p1a: Jayson tatum|ability: Hadron Engine\n|turn|3\n|\n|t:|1738901657\n|switch|p2b: Amoonguss|Amoonguss, L50, F, shiny|100\/100\n|move|p1b: \uc0ac\uc2b9\ud5cc|Helping Hand|p1a: Jayson tatum\n|-singleturn|p1a: Jayson tatum|Helping Hand|[of] p1b: \uc0ac\uc2b9\ud5cc\n|move|p2a: Calyrex|Protect|p2a: Calyrex\n|-singleturn|p2a: Calyrex|Protect\n|move|p1a: Jayson tatum|Electro Drift|p2a: Calyrex\n|-activate|p2a: Calyrex|move: Protect\n|\n|-weather|RainDance|[upkeep]\n|upkeep\n|turn|4\n|\n|t:|1738901685\n|switch|p1a: Kingjames|Incineroar, L50, M|100\/100\n|-ability|p1a: Kingjames|Intimidate|boost\n|-unboost|p2a: Calyrex|atk|1\n|-unboost|p2b: Amoonguss|atk|1\n|move|p1b: \uc0ac\uc2b9\ud5cc|Psychic|p2b: Amoonguss\n|-supereffective|p2b: Amoonguss\n|-damage|p2b: Amoonguss|57\/100\n|move|p2a: Calyrex|Glacial Lance|p1a: Kingjames|[spread] p1a,p1b\n|-resisted|p1a: Kingjames\n|-damage|p1a: Kingjames|79\/100\n|-damage|p1b: \uc0ac\uc2b9\ud5cc|28\/100\n|move|p2b: Amoonguss|Spore|p1b: \uc0ac\uc2b9\ud5cc\n|-status|p1b: \uc0ac\uc2b9\ud5cc|slp|[from] move: Spore\n|\n|-weather|RainDance|[upkeep]\n|upkeep\n|turn|5\n|\n|t:|1738901705\n|move|p2b: Amoonguss|Rage Powder|p2b: Amoonguss\n|-singleturn|p2b: Amoonguss|move: Rage Powder\n|move|p1a: Kingjames|Will-O-Wisp|p2a: Calyrex|[miss]\n|-miss|p1a: Kingjames|p2a: Calyrex\n|cant|p1b: \uc0ac\uc2b9\ud5cc|slp\n|move|p2a: Calyrex|Glacial Lance|p1b: \uc0ac\uc2b9\ud5cc|[spread] p1a,p1b\n|-resisted|p1a: Kingjames\n|-damage|p1a: Kingjames|58\/100\n|-damage|p1b: \uc0ac\uc2b9\ud5cc|0 fnt\n|faint|p1b: \uc0ac\uc2b9\ud5cc\n|-ability|p2a: Calyrex|Chilling Neigh|boost\n|-boost|p2a: Calyrex|atk|1\n|\n|-weather|none\n|-fieldend|move: Electric Terrain\n|upkeep\n|\n|t:|1738901712\n|switch|p1b: Jayson tatum|Miraidon, L50|100\/100\n|-fieldstart|move: Electric Terrain|[from] ability: Hadron Engine|[of] p1b: Jayson tatum\n|turn|6\n|inactive|501JFW has 30 seconds left.\n|inactive|501JFW has 20 seconds left.\n|\n|t:|1738901750\n|-terastallize|p1b: Jayson tatum|Fairy\n|move|p2b: Amoonguss|Rage Powder|p2b: Amoonguss\n|-singleturn|p2b: Amoonguss|move: Rage Powder\n|move|p1b: Jayson tatum|Electro Drift|p2b: Amoonguss\n|-resisted|p2b: Amoonguss\n|-damage|p2b: Amoonguss|0 fnt\n|faint|p2b: Amoonguss\n|move|p1a: Kingjames|Will-O-Wisp|p2a: Calyrex|[miss]\n|-miss|p1a: Kingjames|p2a: Calyrex\n|move|p2a: Calyrex|Glacial Lance|p1b: Jayson tatum|[spread] p1a,p1b\n|-resisted|p1a: Kingjames\n|-damage|p1a: Kingjames|24\/100\n|-damage|p1b: Jayson tatum|31\/100\n|\n|upkeep\n|\n|t:|1738901758\n|switch|p2b: Pelipper|Pelipper, L50, F, shiny|100\/100\n|-weather|RainDance|[from] ability: Drizzle|[of] p2b: Pelipper\n|turn|7\n|\n|t:|1738901769\n|move|p1b: Jayson tatum|Electro Drift|p2b: Pelipper\n|-supereffective|p2b: Pelipper\n|-enditem|p2b: Pelipper|Focus Sash\n|-damage|p2b: Pelipper|1\/100\n|move|p1a: Kingjames|Will-O-Wisp|p2a: Calyrex\n|-status|p2a: Calyrex|brn\n|move|p2b: Pelipper|Weather Ball|p1a: Kingjames\n|-supereffective|p1a: Kingjames\n|-damage|p1a: Kingjames|0 fnt\n|faint|p1a: Kingjames\n|move|p2a: Calyrex|Glacial Lance|p1b: Jayson tatum\n|-damage|p1b: Jayson tatum|0 fnt\n|faint|p1b: Jayson tatum\n|\n|win|501JFW\n|raw|jkimkim1's rating: 1635 &rarr; <strong>1616<\/strong><br \/>(-19 for losing)\n|raw|501JFW's rating: 1645 &rarr; <strong>1664<\/strong><br \/>(+19 for winning)\n","uploadtime":1738901783,"views":6,"formatid":"gen9vgc2025regg","rating":1616,"private":0,"password":null}