{"id":"gen9vgc2025regg-2295651163","format":"[Gen 9] VGC 2025 Reg G","players":["Axel316","juanessamal"],"log":"|j|\u2606Axel316\n|j|\u2606juanessamal\n|t:|1738862478\n|gametype|doubles\n|player|p1|Axel316|101|1613\n|player|p2|juanessamal|101|1626\n|teamsize|p1|6\n|teamsize|p2|6\n|gen|9\n|tier|[Gen 9] VGC 2025 Reg G\n|rated|\n|rule|Species Clause: Limit one of each Pok\u00e9mon\n|rule|Item Clause: Limit 1 of each item\n|clearpoke\n|poke|p1|Calyrex-Ice, L50|\n|poke|p1|Urshifu-*, L50, F|\n|poke|p1|Incineroar, L50, F|\n|poke|p1|Latios, L50, M|\n|poke|p1|Pelipper, L50, M|\n|poke|p1|Archaludon, L50, M|\n|poke|p2|Urshifu-*, L50, F|\n|poke|p2|Roaring Moon, L50|\n|poke|p2|Landorus, L50, M|\n|poke|p2|Whimsicott, L50, M|\n|poke|p2|Calyrex-Shadow, L50|\n|poke|p2|Indeedee-F, L50, F|\n|teampreview|4\n|inactive|Battle timer is ON: inactive players will automatically lose when time's up. (requested by Axel316)\n|\n|t:|1738862520\n|start\n|switch|p1a: Calyrex|Calyrex-Ice, L50|100\/100\n|switch|p1b: Latios|Latios, L50, M|100\/100\n|switch|p2a: Urshifu|Urshifu-Rapid-Strike, L50, F|100\/100\n|switch|p2b: Indeedee|Indeedee-F, L50, F|100\/100\n|-ability|p1a: Calyrex|As One\n|-ability|p1a: Calyrex|Unnerve\n|-fieldstart|move: Psychic Terrain|[from] ability: Psychic Surge|[of] p2b: Indeedee\n|-enditem|p2b: Indeedee|Psychic Seed\n|-boost|p2b: Indeedee|spd|1|[from] item: Psychic Seed\n|turn|1\n|j| BionicFox\n|inactive|juanessamal has 30 seconds left.\n|inactive|juanessamal has 20 seconds left.\n|inactive|juanessamal has 15 seconds left.\n|inactive|juanessamal has 10 seconds left.\n|inactive|juanessamal has 5 seconds left.\n|\n|t:|1738862570\n|-terastallize|p2a: Urshifu|Water\n|move|p2b: Indeedee|Follow Me|p2b: Indeedee\n|-singleturn|p2b: Indeedee|move: Follow Me\n|move|p1b: Latios|Trick|p2b: Indeedee\n|-activate|p1b: Latios|move: Trick|[of] p2b: Indeedee\n|-item|p2b: Indeedee|Choice Scarf|[from] move: Trick\n|-enditem|p1b: Latios|Choice Scarf|[silent]|[from] move: Trick\n|move|p2a: Urshifu|Surging Strikes|p1a: Calyrex\n|-crit|p1a: Calyrex\n|-damage|p1a: Calyrex|81\/100\n|-crit|p1a: Calyrex\n|-damage|p1a: Calyrex|62\/100\n|-crit|p1a: Calyrex\n|-damage|p1a: Calyrex|41\/100\n|-hitcount|p1a: Calyrex|3\n|move|p1a: Calyrex|Glacial Lance|p2a: Urshifu|[spread] p2a,p2b\n|-resisted|p2a: Urshifu\n|-damage|p2a: Urshifu|75\/100\n|-damage|p2b: Indeedee|45\/100\n|\n|upkeep\n|turn|2\n|inactive|juanessamal has 30 seconds left.\n|inactive|juanessamal has 20 seconds left.\n|\n|t:|1738862610\n|-terastallize|p1a: Calyrex|Grass\n|move|p2b: Indeedee|Follow Me|p2b: Indeedee\n|-singleturn|p2b: Indeedee|move: Follow Me\n|move|p1b: Latios|Luster Purge|p2b: Indeedee\n|-resisted|p2b: Indeedee\n|-damage|p2b: Indeedee|30\/100\n|-unboost|p2b: Indeedee|spd|1\n|move|p2a: Urshifu|Surging Strikes|p1a: Calyrex\n|-resisted|p1a: Calyrex\n|-crit|p1a: Calyrex\n|-damage|p1a: Calyrex|30\/100\n|-resisted|p1a: Calyrex\n|-crit|p1a: Calyrex\n|-damage|p1a: Calyrex|20\/100\n|-resisted|p1a: Calyrex\n|-crit|p1a: Calyrex\n|-damage|p1a: Calyrex|10\/100\n|-hitcount|p1a: Calyrex|3\n|move|p1a: Calyrex|Trick Room|p1a: Calyrex\n|-fieldstart|move: Trick Room|[of] p1a: Calyrex\n|\n|upkeep\n|turn|3\n|l| BionicFox\n|inactive|juanessamal has 30 seconds left.\n|inactive|juanessamal has 20 seconds left.\n|inactive|juanessamal has 15 seconds left.\n|inactive|juanessamal has 10 seconds left.\n|inactive|juanessamal has 5 seconds left.\n|\n|t:|1738862661\n|move|p2b: Indeedee|Follow Me|p2b: Indeedee\n|-singleturn|p2b: Indeedee|move: Follow Me\n|move|p1a: Calyrex|Seed Bomb|p2b: Indeedee\n|-damage|p2b: Indeedee|0 fnt\n|faint|p2b: Indeedee\n|-ability|p1a: Calyrex|Chilling Neigh|boost\n|-boost|p1a: Calyrex|atk|1\n|move|p2a: Urshifu|Surging Strikes|p1a: Calyrex\n|-resisted|p1a: Calyrex\n|-crit|p1a: Calyrex\n|-damage|p1a: Calyrex|0 fnt\n|faint|p1a: Calyrex\n|-hitcount|p1: Calyrex|1\n|move|p1b: Latios|Dragon Pulse|p2a: Urshifu\n|-damage|p2a: Urshifu|23\/100\n|\n|upkeep\n|inactive|juanessamal has 30 seconds left.\n|inactive|juanessamal has 20 seconds left.\n|inactive|juanessamal has 15 seconds left.\n|inactive|juanessamal has 10 seconds left.\n|\n|t:|1738862708\n|switch|p1a: Incineroar|Incineroar, L50, F|100\/100\n|switch|p2b: Landorus|Landorus, L50, M|100\/100\n|-ability|p1a: Incineroar|Intimidate|boost\n|-unboost|p2a: Urshifu|atk|1\n|-unboost|p2b: Landorus|atk|1\n|turn|4\n|\n|t:|1738862726\n|move|p2b: Landorus|Protect|p2b: Landorus\n|-singleturn|p2b: Landorus|Protect\n|move|p2a: Urshifu|Detect|p2a: Urshifu\n|-singleturn|p2a: Urshifu|Protect\n|move|p1a: Incineroar|Knock Off|p2a: Urshifu\n|-activate|p2a: Urshifu|move: Protect\n|move|p1b: Latios|Luster Purge|p2b: Landorus\n|-activate|p2b: Landorus|move: Protect\n|\n|upkeep\n|turn|5\n|inactive|juanessamal has 30 seconds left.\n|\n|t:|1738862758\n|move|p1a: Incineroar|Knock Off|p2a: Urshifu\n|-damage|p2a: Urshifu|0 fnt\n|-enditem|p2a: Urshifu|Mystic Water|[from] move: Knock Off|[of] p1a: Incineroar\n|faint|p2a: Urshifu\n|move|p2b: Landorus|Earth Power|p1a: Incineroar\n|-supereffective|p1a: Incineroar\n|-damage|p1a: Incineroar|0 fnt\n|faint|p1a: Incineroar\n|move|p1b: Latios|Luster Purge|p2b: Landorus\n|-damage|p2b: Landorus|42\/100\n|-unboost|p2b: Landorus|spd|1\n|\n|-fieldend|move: Psychic Terrain\n|upkeep\n|\n|t:|1738862771\n|switch|p1a: Pelipper|Pelipper, L50, M|100\/100\n|switch|p2a: Calyrex|Calyrex-Shadow, L50|100\/100\n|-ability|p2a: Calyrex|As One\n|-ability|p2a: Calyrex|Unnerve\n|-weather|RainDance|[from] ability: Drizzle|[of] p1a: Pelipper\n|turn|6\n|\n|t:|1738862786\n|move|p2b: Landorus|Protect|p2b: Landorus\n|-singleturn|p2b: Landorus|Protect\n|move|p1a: Pelipper|Tailwind|p1a: Pelipper\n|-sidestart|p1: Axel316|move: Tailwind\n|move|p2a: Calyrex|Dark Pulse|p1b: Latios\n|-supereffective|p1b: Latios\n|-crit|p1b: Latios\n|-damage|p1b: Latios|0 fnt\n|faint|p1b: Latios\n|-ability|p2a: Calyrex|Grim Neigh|boost\n|-boost|p2a: Calyrex|spa|1\n|\n|-weather|RainDance|[upkeep]\n|-fieldend|move: Trick Room\n|upkeep\n|turn|7\n|\n|t:|1738862803\n|move|p2a: Calyrex|Dark Pulse|p1a: Pelipper\n|-damage|p1a: Pelipper|4\/100\n|move|p1a: Pelipper|Hurricane|p2a: Calyrex\n|-damage|p2a: Calyrex|50\/100\n|-start|p2a: Calyrex|confusion\n|move|p2b: Landorus|Sludge Bomb|p1a: Pelipper\n|-damage|p1a: Pelipper|0 fnt\n|faint|p1a: Pelipper\n|\n|win|juanessamal\n|raw|Axel316's rating: 1613 &rarr; <strong>1594<\/strong><br \/>(-19 for losing)\n|raw|juanessamal's rating: 1626 &rarr; <strong>1645<\/strong><br \/>(+19 for winning)\n|l|\u2606Axel316\n|player|p1|\n|l|\u2606juanessamal\n|player|p2|\n","uploadtime":1738863078,"views":52,"formatid":"gen9vgc2025regg","rating":1594,"private":0,"password":null}