{"id":"gen9vgc2025regg-2295516437","format":"[Gen 9] VGC 2025 Reg G","players":["regidracofan712","bluestraggler02"],"log":"|j|\u2606regidracofan712\n|j|\u2606bluestraggler02\n|t:|1738847719\n|gametype|doubles\n|player|p1|regidracofan712|kimonogirl|1722\n|player|p2|bluestraggler02|2|1683\n|teamsize|p1|6\n|teamsize|p2|6\n|gen|9\n|tier|[Gen 9] VGC 2025 Reg G\n|rated|\n|rule|Species Clause: Limit one of each Pok\u00e9mon\n|rule|Item Clause: Limit 1 of each item\n|clearpoke\n|poke|p1|Lunala, L50|\n|poke|p1|Rillaboom, L50, F|\n|poke|p1|Farigiraf, L50, M|\n|poke|p1|Incineroar, L50, F|\n|poke|p1|Wo-Chien, L50|\n|poke|p1|Raging Bolt, L50|\n|poke|p2|Zamazenta-*, L50|\n|poke|p2|Roaring Moon, L50|\n|poke|p2|Landorus, L50, M|\n|poke|p2|Pelipper, L50, F|\n|poke|p2|Urshifu-*, L50, F|\n|poke|p2|Amoonguss, L50, M|\n|teampreview|4\n|inactive|Battle timer is ON: inactive players will automatically lose when time's up. (requested by regidracofan712)\n|\n|t:|1738847749\n|start\n|switch|p1a: Wo-Chien|Wo-Chien, L50|100\/100\n|switch|p1b: Lay Ciege|Raging Bolt, L50|100\/100\n|switch|p2a: Roaring Moon|Roaring Moon, L50|100\/100\n|switch|p2b: Zamazenta|Zamazenta-Crowned, L50|100\/100\n|-ability|p2b: Zamazenta|Dauntless Shield|boost\n|-boost|p2b: Zamazenta|def|1\n|-ability|p1a: Wo-Chien|Tablets of Ruin\n|-enditem|p2a: Roaring Moon|Booster Energy\n|-activate|p2a: Roaring Moon|ability: Protosynthesis|[fromitem]\n|-start|p2a: Roaring Moon|protosynthesisspe\n|-enditem|p1b: Lay Ciege|Booster Energy\n|-activate|p1b: Lay Ciege|ability: Protosynthesis|[fromitem]\n|-start|p1b: Lay Ciege|protosynthesisspa\n|turn|1\n|j| sauromon\n|\n|t:|1738847762\n|move|p2a: Roaring Moon|Protect|p2a: Roaring Moon\n|-singleturn|p2a: Roaring Moon|Protect\n|move|p2b: Zamazenta|Protect|p2b: Zamazenta\n|-singleturn|p2b: Zamazenta|Protect\n|move|p1a: Wo-Chien|Protect|p1a: Wo-Chien\n|-singleturn|p1a: Wo-Chien|Protect\n|move|p1b: Lay Ciege|Thunderbolt|p2b: Zamazenta\n|-activate|p2b: Zamazenta|move: Protect\n|\n|upkeep\n|turn|2\n|\n|t:|1738847776\n|-terastallize|p2b: Zamazenta|Grass\n|-terastallize|p1a: Wo-Chien|Water\n|move|p2a: Roaring Moon|Taunt|p1a: Wo-Chien\n|-start|p1a: Wo-Chien|move: Taunt\n|move|p2b: Zamazenta|Body Press|p1b: Lay Ciege\n|-damage|p1b: Lay Ciege|59\/100\n|move|p1b: Lay Ciege|Thunderbolt|p2b: Zamazenta\n|-resisted|p2b: Zamazenta\n|-damage|p2b: Zamazenta|74\/100\n|-status|p2b: Zamazenta|par\n|move|p1a: Wo-Chien|Pollen Puff|p1b: Lay Ciege\n|-heal|p1b: Lay Ciege|100\/100\n|\n|upkeep\n|turn|3\n|inactive|regidracofan712 has 30 seconds left.\n|\n|t:|1738847805\n|move|p2a: Roaring Moon|Protect|p2a: Roaring Moon\n|-singleturn|p2a: Roaring Moon|Protect\n|move|p1b: Lay Ciege|Dragon Pulse|p2b: Zamazenta\n|-damage|p2b: Zamazenta|25\/100 par\n|move|p1a: Wo-Chien|Pollen Puff|p1b: Lay Ciege\n|-immune|p1b: Lay Ciege\n|move|p2b: Zamazenta|Body Press|p1a: Wo-Chien\n|-damage|p1a: Wo-Chien|68\/100\n|\n|upkeep\n|turn|4\n|\n|t:|1738847821\n|move|p2a: Roaring Moon|Tailwind|p2a: Roaring Moon\n|-sidestart|p2: bluestraggler02|move: Tailwind\n|cant|p2b: Zamazenta|par\n|move|p1b: Lay Ciege|Dragon Pulse|p2a: Roaring Moon\n|-supereffective|p2a: Roaring Moon\n|-damage|p2a: Roaring Moon|0 fnt\n|faint|p2a: Roaring Moon\n|-end|p2a: Roaring Moon|Protosynthesis|[silent]\n|move|p1a: Wo-Chien|Pollen Puff|p1b: Lay Ciege\n|-immune|p1b: Lay Ciege\n|\n|-end|p1a: Wo-Chien|move: Taunt\n|upkeep\n|\n|t:|1738847831\n|switch|p2a: Amoonguss|Amoonguss, L50, M|100\/100\n|turn|5\n|inactive|regidracofan712 has 30 seconds left.\n|\n|t:|1738847862\n|switch|p1a: Once|Rillaboom, L50, F, shiny|100\/100\n|-fieldstart|move: Grassy Terrain|[from] ability: Grassy Surge|[of] p1a: Once\n|move|p2b: Zamazenta|Body Press|p1a: Once\n|-crit|p1a: Once\n|-damage|p1a: Once|5\/100\n|move|p2a: Amoonguss|Spore|p1b: Lay Ciege\n|-status|p1b: Lay Ciege|slp|[from] move: Spore\n|cant|p1b: Lay Ciege|slp\n|\n|-heal|p2b: Zamazenta|31\/100 par|[from] Grassy Terrain\n|-heal|p1a: Once|11\/100|[from] Grassy Terrain\n|upkeep\n|turn|6\n|\n|t:|1738847881\n|move|p1a: Once|Fake Out|p2b: Zamazenta\n|-damage|p2b: Zamazenta|25\/100 par\n|cant|p2b: Zamazenta|flinch\n|cant|p1b: Lay Ciege|slp\n|move|p2a: Amoonguss|Pollen Puff|p2b: Zamazenta\n|-heal|p2b: Zamazenta|75\/100 par\n|\n|-heal|p2b: Zamazenta|81\/100 par|[from] Grassy Terrain\n|-heal|p1a: Once|17\/100|[from] Grassy Terrain\n|upkeep\n|turn|7\n|\n|t:|1738847897\n|move|p2b: Zamazenta|Body Press|p1b: Lay Ciege\n|-damage|p1b: Lay Ciege|52\/100 slp\n|move|p1a: Once|U-turn|p2b: Zamazenta\n|-supereffective|p2b: Zamazenta\n|-damage|p2b: Zamazenta|60\/100 par\n|\n|t:|1738847902\n|switch|p1a: Wo-Chien|Wo-Chien, L50, tera:Water|68\/100|[from] U-turn\n|-ability|p1a: Wo-Chien|Tablets of Ruin\n|move|p2a: Amoonguss|Pollen Puff|p1a: Wo-Chien\n|-damage|p1a: Wo-Chien|54\/100\n|cant|p1b: Lay Ciege|slp\n|\n|-heal|p2b: Zamazenta|66\/100 par|[from] Grassy Terrain\n|-heal|p1b: Lay Ciege|58\/100 slp|[from] Grassy Terrain\n|-heal|p1a: Wo-Chien|60\/100|[from] Grassy Terrain\n|-sideend|p2: bluestraggler02|move: Tailwind\n|upkeep\n|turn|8\n|j| galgith\n|\n|t:|1738847922\n|move|p1a: Wo-Chien|Protect|p1a: Wo-Chien\n|-singleturn|p1a: Wo-Chien|Protect\n|-curestatus|p1b: Lay Ciege|slp|[msg]\n|move|p1b: Lay Ciege|Dragon Pulse|p2a: Amoonguss\n|-damage|p2a: Amoonguss|44\/100\n|move|p2b: Zamazenta|Body Press|p1a: Wo-Chien\n|-activate|p1a: Wo-Chien|move: Protect\n|move|p2a: Amoonguss|Spore|p1a: Wo-Chien\n|-activate|p1a: Wo-Chien|move: Protect\n|\n|-heal|p1b: Lay Ciege|64\/100|[from] Grassy Terrain\n|-heal|p1a: Wo-Chien|66\/100|[from] Grassy Terrain\n|-heal|p2b: Zamazenta|72\/100 par|[from] Grassy Terrain\n|-heal|p2a: Amoonguss|50\/100|[from] Grassy Terrain\n|upkeep\n|turn|9\n|-message|bluestraggler02 forfeited.\n|\n|win|regidracofan712\n|raw|regidracofan712's rating: 1722 &rarr; <strong>1740<\/strong><br \/>(+18 for winning)\n|raw|bluestraggler02's rating: 1683 &rarr; <strong>1665<\/strong><br \/>(-18 for losing)\n|l|\u2606bluestraggler02\n|player|p2|\n|l|\u2606regidracofan712\n|player|p1|\n|l| sauromon\n|l| galgith\n","uploadtime":1738848210,"views":39,"formatid":"gen9vgc2025regg","rating":1665,"private":0,"password":null}