{"id":"gen9vgc2025regg-2295329511","format":"[Gen 9] VGC 2025 Reg G","players":["knife12138","INCINEGOD"],"log":"|j|\u2606knife12138\n|j|\u2606INCINEGOD\n|t:|1738814877\n|gametype|doubles\n|player|p1|knife12138|miku-ground|1570\n|player|p2|INCINEGOD|crasherwake|1549\n|teamsize|p1|6\n|teamsize|p2|6\n|gen|9\n|tier|[Gen 9] VGC 2025 Reg G\n|rated|\n|rule|Species Clause: Limit one of each Pok\u00e9mon\n|rule|Item Clause: Limit 1 of each item\n|clearpoke\n|poke|p1|Terapagos, L50, M|\n|poke|p1|Lucario, L50, M|\n|poke|p1|Dondozo, L50, M|\n|poke|p1|Tatsugiri, L50, F|\n|poke|p1|Volcarona, L50, F|\n|poke|p1|Chi-Yu, L50|\n|poke|p2|Terapagos, L50, M|\n|poke|p2|Ogerpon-Hearthflame, L50, F|\n|poke|p2|Tornadus, L50, M|\n|poke|p2|Smeargle, L50, F|\n|poke|p2|Dondozo, L50, F|\n|poke|p2|Tatsugiri-Droopy, L50, F|\n|teampreview|4\nINCINEGOD rejected open team sheets.\n|inactive|Battle timer is ON: inactive players will automatically lose when time's up. (requested by INCINEGOD)\n|inactive|knife12138 has 60 seconds left.\n|\n|t:|1738814924\n|start\n|switch|p1a: \u72d7\u592a\u90ce|Lucario, L50, M|100\/100\n|switch|p1b: \u67d4\u5f31\u9f9f\u9f9f|Terapagos, L50, M|100\/100\n|switch|p2a: Terapagos|Terapagos, L50, M|100\/100\n|switch|p2b: Smeargle|Smeargle, L50, F|100\/100\n|-activate|p1b: \u67d4\u5f31\u9f9f\u9f9f|ability: Tera Shift\n|detailschange|p1b: \u67d4\u5f31\u9f9f\u9f9f|Terapagos-Terastal, L50, M\n|-heal|p1b: \u67d4\u5f31\u9f9f\u9f9f|100\/100|[silent]\n|-activate|p2a: Terapagos|ability: Tera Shift\n|detailschange|p2a: Terapagos|Terapagos-Terastal, L50, M\n|-heal|p2a: Terapagos|100\/100|[silent]\n|turn|1\n|\n|t:|1738814943\n|-terastallize|p1b: \u67d4\u5f31\u9f9f\u9f9f|Stellar\n|detailschange|p1b: \u67d4\u5f31\u9f9f\u9f9f|Terapagos-Stellar, L50, M, tera:Stellar\n|-heal|p1b: \u67d4\u5f31\u9f9f\u9f9f|100\/100|[silent]\n|move|p2b: Smeargle|Fake Out|p1a: \u72d7\u592a\u90ce\n|-resisted|p1a: \u72d7\u592a\u90ce\n|-damage|p1a: \u72d7\u592a\u90ce|98\/100\n|move|p1a: \u72d7\u592a\u90ce|Vacuum Wave|p2b: Smeargle\n|-supereffective|p2b: Smeargle\n|-damage|p2b: Smeargle|32\/100\n|move|p1b: \u67d4\u5f31\u9f9f\u9f9f|Tera Starstorm|p2a: Terapagos|[spread] p2a,p2b\n|-activate|p2a: Terapagos|ability: Tera Shell\n|-resisted|p2a: Terapagos\n|-damage|p2a: Terapagos|83\/100\n|-damage|p2b: Smeargle|0 fnt\n|faint|p2b: Smeargle\n|move|p2a: Terapagos|Tera Starstorm|p1a: \u72d7\u592a\u90ce\n|-resisted|p1a: \u72d7\u592a\u90ce\n|-damage|p1a: \u72d7\u592a\u90ce|37\/100\n|\n|upkeep\n|\n|t:|1738814964\n|switch|p2b: Tornadus|Tornadus, L50, M|100\/100\n|turn|2\n|\n|t:|1738814970\n|-terastallize|p2a: Terapagos|Stellar\n|detailschange|p2a: Terapagos|Terapagos-Stellar, L50, M, tera:Stellar\n|-heal|p2a: Terapagos|88\/100|[silent]\n|move|p2b: Tornadus|Tailwind|p2b: Tornadus\n|-sidestart|p2: INCINEGOD|move: Tailwind\n|move|p1a: \u72d7\u592a\u90ce|Vacuum Wave|p1b: \u67d4\u5f31\u9f9f\u9f9f\n|-supereffective|p1b: \u67d4\u5f31\u9f9f\u9f9f\n|-damage|p1b: \u67d4\u5f31\u9f9f\u9f9f|80\/100\n|-enditem|p1b: \u67d4\u5f31\u9f9f\u9f9f|Weakness Policy\n|-boost|p1b: \u67d4\u5f31\u9f9f\u9f9f|atk|2|[from] item: Weakness Policy\n|-boost|p1b: \u67d4\u5f31\u9f9f\u9f9f|spa|2|[from] item: Weakness Policy\n|move|p2a: Terapagos|Tera Starstorm|p1b: \u67d4\u5f31\u9f9f\u9f9f|[spread] p1a,p1b\n|-supereffective|p1b: \u67d4\u5f31\u9f9f\u9f9f\n|-damage|p1a: \u72d7\u592a\u90ce|0 fnt\n|-damage|p1b: \u67d4\u5f31\u9f9f\u9f9f|0 fnt\n|faint|p1a: \u72d7\u592a\u90ce\n|faint|p1b: \u67d4\u5f31\u9f9f\u9f9f\n|\n|upkeep\n|inactive|knife12138 has 30 seconds left.\n|j| mr pogostick\n|\n|t:|1738815002\n|switch|p1b: \u9f99\u5bab\u6742\u5175|Tatsugiri, L50, F, shiny|100\/100\n|switch|p1a: \u9f99\u5bab\u6742\u9c7c|Dondozo, L50, M, shiny|100\/100\n|-activate|p1b: \u9f99\u5bab\u6742\u5175|ability: Commander|[of] p1a: \u9f99\u5bab\u6742\u9c7c\n|-boost|p1a: \u9f99\u5bab\u6742\u9c7c|atk|2\n|-boost|p1a: \u9f99\u5bab\u6742\u9c7c|spa|2\n|-boost|p1a: \u9f99\u5bab\u6742\u9c7c|spe|2\n|-boost|p1a: \u9f99\u5bab\u6742\u9c7c|def|2\n|-boost|p1a: \u9f99\u5bab\u6742\u9c7c|spd|2\n|turn|3\n|\n|t:|1738815023\n|move|p2b: Tornadus|Bleakwind Storm|p1b: \u9f99\u5bab\u6742\u5175|[spread] p1a\n|-miss|p2b: Tornadus|p1b: \u9f99\u5bab\u6742\u5175\n|-damage|p1a: \u9f99\u5bab\u6742\u9c7c|89\/100\n|move|p2a: Terapagos|Tera Starstorm|p1b: \u9f99\u5bab\u6742\u5175|[spread] p1a\n|-miss|p2a: Terapagos|p1b: \u9f99\u5bab\u6742\u5175\n|-damage|p1a: \u9f99\u5bab\u6742\u9c7c|64\/100\n|move|p1a: \u9f99\u5bab\u6742\u9c7c|Wave Crash|p2b: Tornadus\n|-damage|p2b: Tornadus|2\/100\n|-damage|p1a: \u9f99\u5bab\u6742\u9c7c|48\/100|[from] item: Rocky Helmet|[of] p2b: Tornadus\n|-damage|p1a: \u9f99\u5bab\u6742\u9c7c|24\/100|[from] Recoil\n|\n|-heal|p1a: \u9f99\u5bab\u6742\u9c7c|30\/100|[from] item: Leftovers\n|upkeep\n|turn|4\n|\n|t:|1738815048\n|move|p1a: \u9f99\u5bab\u6742\u9c7c|Protect|p1a: \u9f99\u5bab\u6742\u9c7c\n|-singleturn|p1a: \u9f99\u5bab\u6742\u9c7c|Protect\n|move|p2b: Tornadus|Bleakwind Storm|p1b: \u9f99\u5bab\u6742\u5175|[spread] \n|-miss|p2b: Tornadus|p1b: \u9f99\u5bab\u6742\u5175\n|-activate|p1a: \u9f99\u5bab\u6742\u9c7c|move: Protect\n|move|p2a: Terapagos|Tera Starstorm|p1a: \u9f99\u5bab\u6742\u9c7c|[spread] \n|-miss|p2a: Terapagos|p1b: \u9f99\u5bab\u6742\u5175\n|-activate|p1a: \u9f99\u5bab\u6742\u9c7c|move: Protect\n|\n|-heal|p1a: \u9f99\u5bab\u6742\u9c7c|36\/100|[from] item: Leftovers\n|upkeep\n|turn|5\n|\n|t:|1738815063\n|move|p2b: Tornadus|Protect|p2b: Tornadus\n|-singleturn|p2b: Tornadus|Protect\n|move|p1a: \u9f99\u5bab\u6742\u9c7c|Protect||[still]\n|-fail|p1a: \u9f99\u5bab\u6742\u9c7c\n|move|p2a: Terapagos|Tera Starstorm|p1b: \u9f99\u5bab\u6742\u5175|[spread] p1a\n|-miss|p2a: Terapagos|p1b: \u9f99\u5bab\u6742\u5175\n|-damage|p1a: \u9f99\u5bab\u6742\u9c7c|11\/100\n|\n|-heal|p1a: \u9f99\u5bab\u6742\u9c7c|17\/100|[from] item: Leftovers\n|-sideend|p2: INCINEGOD|move: Tailwind\n|upkeep\n|turn|6\n|\n|t:|1738815076\n|move|p2b: Tornadus|Tailwind|p2b: Tornadus\n|-sidestart|p2: INCINEGOD|move: Tailwind\n|move|p2a: Terapagos|Tera Starstorm|p1b: \u9f99\u5bab\u6742\u5175|[spread] p1a\n|-miss|p2a: Terapagos|p1b: \u9f99\u5bab\u6742\u5175\n|-damage|p1a: \u9f99\u5bab\u6742\u9c7c|0 fnt\n|faint|p1a: \u9f99\u5bab\u6742\u9c7c\n|\n|upkeep\n|turn|7\n|\n|t:|1738815085\n|move|p2b: Tornadus|Scary Face|p1b: \u9f99\u5bab\u6742\u5175\n|-unboost|p1b: \u9f99\u5bab\u6742\u5175|spe|2\n|move|p2a: Terapagos|Tera Starstorm|p1b: \u9f99\u5bab\u6742\u5175\n|-enditem|p1b: \u9f99\u5bab\u6742\u5175|Focus Sash\n|-damage|p1b: \u9f99\u5bab\u6742\u5175|1\/100\n|move|p1b: \u9f99\u5bab\u6742\u5175|Muddy Water|p2b: Tornadus|[spread] p2a,p2b\n|-crit|p2b: Tornadus\n|-damage|p2a: Terapagos|64\/100\n|-damage|p2b: Tornadus|0 fnt\n|-unboost|p2a: Terapagos|accuracy|1\n|faint|p2b: Tornadus\n|\n|upkeep\n|\n|t:|1738815096\n|switch|p2b: Ogerpon|Ogerpon-Hearthflame, L50, F|100\/100\n|-ability|p2b: Ogerpon|Mold Breaker\n|turn|8\n|\n|t:|1738815100\n|move|p1b: \u9f99\u5bab\u6742\u5175|Protect|p1b: \u9f99\u5bab\u6742\u5175\n|-singleturn|p1b: \u9f99\u5bab\u6742\u5175|Protect\n|move|p2b: Ogerpon|Ivy Cudgel|p1b: \u9f99\u5bab\u6742\u5175|[anim] Ivy Cudgel Fire\n|-activate|p1b: \u9f99\u5bab\u6742\u5175|move: Protect\n|move|p2a: Terapagos|Tera Starstorm|p1b: \u9f99\u5bab\u6742\u5175\n|-activate|p1b: \u9f99\u5bab\u6742\u5175|move: Protect\n|\n|upkeep\n|turn|9\n|j| xiaoliyun.official\n|-message|knife12138 forfeited.\n|\n|win|INCINEGOD\n|raw|knife12138's rating: 1570 &rarr; <strong>1549<\/strong><br \/>(-21 for losing)\n|raw|INCINEGOD's rating: 1549 &rarr; <strong>1570<\/strong><br \/>(+21 for winning)\n|l|\u2606knife12138\n|player|p1|\n|l| xiaoliyun.official\n|l| mr pogostick\n|l|\u2606INCINEGOD\n|player|p2|\n","uploadtime":1738815275,"views":21,"formatid":"gen9vgc2025regg","rating":1549,"private":0,"password":null}