{"id":"gen9vgc2025regg-2295089623","format":"[Gen 9] VGC 2025 Reg G","players":["11DiamondsaurVGC","Chef AF"],"log":"|j|\u260611DiamondsaurVGC\n|j|\u203dChef AF\n|t:|1738785422\n|gametype|doubles\n|player|p1|11DiamondsaurVGC|skier|1641\n|player|p2|Chef AF|bugcatcher-gen4dp|1612\n|teamsize|p1|6\n|teamsize|p2|6\n|gen|9\n|tier|[Gen 9] VGC 2025 Reg G\n|rated|\n|rule|Species Clause: Limit one of each Pok\u00e9mon\n|rule|Item Clause: Limit 1 of each item\n|clearpoke\n|poke|p1|Zacian-*, L50|\n|poke|p1|Raging Bolt, L50|\n|poke|p1|Whimsicott, L50, F|\n|poke|p1|Chien-Pao, L50|\n|poke|p1|Ogerpon-Wellspring, L50, F|\n|poke|p1|Entei, L50|\n|poke|p2|Koraidon, L50|\n|poke|p2|Walking Wake, L50|\n|poke|p2|Iron Moth, L50|\n|poke|p2|Flutter Mane, L50|\n|poke|p2|Umbreon, L50, M|\n|poke|p2|Ogerpon-Cornerstone, L50, F|\n|teampreview|4\n|inactive|Battle timer is ON: inactive players will automatically lose when time's up. (requested by 11DiamondsaurVGC)\n|inactive|Chef AF also wants the timer to be on.\n|inactive|Chef AF has 60 seconds left.\n|\n|t:|1738785454\n|start\n|switch|p1a: Entei|Entei, L50|100\/100\n|switch|p1b: Whimsicott|Whimsicott, L50, F|100\/100\n|switch|p2a: Iron Moth|Iron Moth, L50|100\/100\n|switch|p2b: Ogerpon|Ogerpon-Cornerstone, L50, F|100\/100\n|-enditem|p2a: Iron Moth|Booster Energy\n|-activate|p2a: Iron Moth|ability: Quark Drive|[fromitem]\n|-start|p2a: Iron Moth|quarkdrivespe\n|turn|1\n|\n|t:|1738785466\n|switch|p2b: Koraidon|Koraidon, L50|100\/100\n|-weather|SunnyDay|[from] ability: Orichalcum Pulse|[of] p2b: Koraidon\n|-activate|p2b: Koraidon|Orichalcum Pulse|[source]\n|move|p1b: Whimsicott|Tailwind|p1b: Whimsicott\n|-sidestart|p1: 11DiamondsaurVGC|move: Tailwind\n|move|p1a: Entei|Sacred Fire|p2b: Koraidon\n|-resisted|p2b: Koraidon\n|-damage|p2b: Koraidon|48\/100\n|-status|p2b: Koraidon|brn\n|move|p2a: Iron Moth|Heat Wave|p1a: Entei|[spread] p1a,p1b\n|-resisted|p1a: Entei\n|-supereffective|p1b: Whimsicott\n|-damage|p1a: Entei|74\/100\n|-damage|p1b: Whimsicott|0 fnt\n|faint|p1b: Whimsicott\n|\n|-weather|SunnyDay|[upkeep]\n|-damage|p2b: Koraidon|41\/100 brn|[from] brn\n|upkeep\n|\n|t:|1738785480\n|switch|p1b: Raging Bolt|Raging Bolt, L50|100\/100\n|-activate|p1b: Raging Bolt|ability: Protosynthesis\n|-start|p1b: Raging Bolt|protosynthesisspa\n|turn|2\n|\n|t:|1738785498\n|move|p2b: Koraidon|Protect|p2b: Koraidon\n|-singleturn|p2b: Koraidon|Protect\n|move|p1a: Entei|Sacred Fire|p2b: Koraidon\n|-activate|p2b: Koraidon|move: Protect\n|move|p2a: Iron Moth|Acid Spray|p1b: Raging Bolt\n|-damage|p1b: Raging Bolt|90\/100\n|-unboost|p1b: Raging Bolt|spd|2\n|move|p1b: Raging Bolt|Thunderbolt|p2a: Iron Moth\n|-damage|p2a: Iron Moth|33\/100\n|\n|-weather|SunnyDay|[upkeep]\n|-damage|p2b: Koraidon|35\/100 brn|[from] brn\n|upkeep\n|turn|3\n|inactive|Chef AF has 30 seconds left.\n|\n|t:|1738785524\n|move|p2a: Iron Moth|Protect|p2a: Iron Moth\n|-singleturn|p2a: Iron Moth|Protect\n|move|p1b: Raging Bolt|Thunderclap||[still]\n|-fail|p1b: Raging Bolt\n|move|p1a: Entei|Sacred Fire|p2b: Koraidon\n|-resisted|p2b: Koraidon\n|-damage|p2b: Koraidon|0 fnt\n|faint|p2b: Koraidon\n|\n|-weather|SunnyDay|[upkeep]\n|upkeep\n|\n|t:|1738785539\n|switch|p2b: Ogerpon|Ogerpon-Cornerstone, L50, F|100\/100\n|turn|4\n|j| PoggibonsiCity\n|inactive|Chef AF has 30 seconds left.\n|\n|t:|1738785566\n|-terastallize|p2a: Iron Moth|Grass\n|move|p2b: Ogerpon|Spiky Shield|p2b: Ogerpon\n|-singleturn|p2b: Ogerpon|move: Protect\n|move|p1a: Entei|Sacred Fire|p2b: Ogerpon\n|-activate|p2b: Ogerpon|move: Protect\n|move|p2a: Iron Moth|Acid Spray|p1b: Raging Bolt\n|-damage|p1b: Raging Bolt|66\/100\n|-unboost|p1b: Raging Bolt|spd|2\n|move|p1b: Raging Bolt|Thunderbolt|p2a: Iron Moth\n|-resisted|p2a: Iron Moth\n|-damage|p2a: Iron Moth|0 fnt\n|faint|p2a: Iron Moth\n|-end|p2a: Iron Moth|Quark Drive|[silent]\n|\n|-weather|SunnyDay|[upkeep]\n|-sideend|p1: 11DiamondsaurVGC|move: Tailwind\n|upkeep\n|\n|t:|1738785584\n|switch|p2a: Flutter Mane|Flutter Mane, L50|100\/100\n|-activate|p2a: Flutter Mane|ability: Protosynthesis\n|-start|p2a: Flutter Mane|protosynthesisspe\n|turn|5\n|\n|t:|1738785595\n|-end|p1b: Raging Bolt|Protosynthesis|[silent]\n|switch|p1b: Zacian|Zacian-Crowned, L50|100\/100\n|-ability|p1b: Zacian|Intrepid Sword|boost\n|-boost|p1b: Zacian|atk|1\n|move|p2a: Flutter Mane|Dazzling Gleam|p1a: Entei|[spread] p1a,p1b\n|-resisted|p1a: Entei\n|-resisted|p1b: Zacian\n|-damage|p1a: Entei|57\/100\n|-damage|p1b: Zacian|85\/100\n|move|p2b: Ogerpon|Ivy Cudgel|p1a: Entei|[anim] Ivy Cudgel Rock\n|-supereffective|p1a: Entei\n|-damage|p1a: Entei|0 fnt\n|faint|p1a: Entei\n|\n|-weather|none\n|-end|p2a: Flutter Mane|Protosynthesis\n|upkeep\n|\n|t:|1738785605\n|switch|p1a: Raging Bolt|Raging Bolt, L50|66\/100\n|turn|6\n|\n|t:|1738785620\n|move|p2b: Ogerpon|Spiky Shield|p2b: Ogerpon\n|-singleturn|p2b: Ogerpon|move: Protect\n|move|p1b: Zacian|Behemoth Blade|p2a: Flutter Mane\n|-supereffective|p2a: Flutter Mane\n|-enditem|p2a: Flutter Mane|Focus Sash\n|-damage|p2a: Flutter Mane|1\/100\n|move|p2a: Flutter Mane|Thunder Wave|p1b: Zacian\n|-status|p1b: Zacian|par\n|move|p1a: Raging Bolt|Snarl|p2b: Ogerpon|[spread] p2a\n|-activate|p2b: Ogerpon|move: Protect\n|-damage|p2a: Flutter Mane|0 fnt\n|faint|p2a: Flutter Mane\n|-end|p2a: Flutter Mane|Protosynthesis|[silent]\n|\n|upkeep\n|turn|7\n|\n|t:|1738785641\n|move|p2b: Ogerpon|Ivy Cudgel|p1a: Raging Bolt|[anim] Ivy Cudgel Rock\n|-damage|p1a: Raging Bolt|27\/100\n|cant|p1b: Zacian|par\n|move|p1a: Raging Bolt|Thunderbolt|p2b: Ogerpon\n|-resisted|p2b: Ogerpon\n|-damage|p2b: Ogerpon|72\/100\n|-status|p2b: Ogerpon|par\n|\n|upkeep\n|turn|8\n|\n|t:|1738785650\n|cant|p1b: Zacian|par\n|move|p1a: Raging Bolt|Draco Meteor|p2b: Ogerpon\n|-damage|p2b: Ogerpon|0 fnt\n|-unboost|p1a: Raging Bolt|spa|2\n|faint|p2b: Ogerpon\n|\n|win|11DiamondsaurVGC\n|raw|11DiamondsaurVGC's rating: 1641 &rarr; <strong>1659<\/strong><br \/>(+18 for winning)\n|raw|Chef AF's rating: 1612 &rarr; <strong>1594<\/strong><br \/>(-18 for losing)\n|l|\u203dChef AF\n|player|p2|\n|l| PoggibonsiCity\n|l|\u260611DiamondsaurVGC\n|player|p1|\n","uploadtime":1738785895,"views":9,"formatid":"gen9vgc2025regg","rating":1594,"private":0,"password":null}