{"id":"gen9vgc2025regg-2295943256","format":"[Gen 9] VGC 2025 Reg G","players":["Tempest Flute","GucciSoup"],"log":"|j|\u2606Tempest Flute\n|j|\u2606GucciSoup\n|t:|1738895083\n|gametype|doubles\n|player|p1|Tempest Flute|policeman-gen4|1594\n|player|p2|GucciSoup|wallace|1650\n|teamsize|p1|6\n|teamsize|p2|6\n|gen|9\n|tier|[Gen 9] VGC 2025 Reg G\n|rated|\n|rule|Species Clause: Limit one of each Pok\u00e9mon\n|rule|Item Clause: Limit 1 of each item\n|clearpoke\n|poke|p1|Koraidon, L50|\n|poke|p1|Flutter Mane, L50|\n|poke|p1|Entei, L50|\n|poke|p1|Raging Bolt, L50|\n|poke|p1|Umbreon, L50, M|\n|poke|p1|Ogerpon-Cornerstone, L50, F|\n|poke|p2|Miraidon, L50|\n|poke|p2|Incineroar, L50, F|\n|poke|p2|Goodra-Hisui, L50, M|\n|poke|p2|Grimmsnarl, L50, M|\n|poke|p2|Pelipper, L50, F|\n|poke|p2|Landorus, L50, M|\n|teampreview|4\n|inactive|Battle timer is ON: inactive players will automatically lose when time's up. (requested by Tempest Flute)\n|inactive|Tempest Flute has 60 seconds left.\n|\n|t:|1738895115\n|start\n|switch|p1a: Flutter Mane|Flutter Mane, L50, shiny|100\/100\n|switch|p1b: Ogerpon|Ogerpon-Cornerstone, L50, F|100\/100\n|switch|p2a: Mister J|Grimmsnarl, L50, M|100\/100\n|switch|p2b: Thunder Bringer|Landorus, L50, M|100\/100\n|turn|1\n|inactive|GucciSoup has 30 seconds left.\n|\n|t:|1738895142\n|move|p2b: Thunder Bringer|Protect|p2b: Thunder Bringer\n|-singleturn|p2b: Thunder Bringer|Protect\n|move|p2a: Mister J|Thunder Wave|p1b: Ogerpon\n|-status|p1b: Ogerpon|par\n|move|p1a: Flutter Mane|Moonblast|p2a: Mister J\n|-supereffective|p2a: Mister J\n|-damage|p2a: Mister J|9\/100\n|cant|p1b: Ogerpon|par\n|\n|upkeep\n|turn|2\n|inactive|GucciSoup has 30 seconds left.\n|\n|t:|1738895172\n|move|p1b: Ogerpon|Follow Me|p1b: Ogerpon\n|-singleturn|p1b: Ogerpon|move: Follow Me\n|move|p2a: Mister J|Light Screen|p2a: Mister J\n|-sidestart|p2: GucciSoup|move: Light Screen\n|move|p1a: Flutter Mane|Icy Wind|p2a: Mister J|[spread] p2a,p2b\n|-supereffective|p2b: Thunder Bringer\n|-damage|p2a: Mister J|1\/100\n|-damage|p2b: Thunder Bringer|54\/100\n|-unboost|p2a: Mister J|spe|1\n|-unboost|p2b: Thunder Bringer|spe|1\n|move|p2b: Thunder Bringer|Earth Power|p1b: Ogerpon\n|-damage|p1b: Ogerpon|6\/100 par\n|\n|upkeep\n|turn|3\n|inactive|GucciSoup has 30 seconds left.\n|inactive|Tempest Flute has 30 seconds left.\n|\n|t:|1738895207\n|switch|p2b: Cpt. Planet|Pelipper, L50, F|100\/100\n|-weather|RainDance|[from] ability: Drizzle|[of] p2b: Cpt. Planet\n|move|p1b: Ogerpon|Follow Me|p1b: Ogerpon\n|-singleturn|p1b: Ogerpon|move: Follow Me\n|move|p1a: Flutter Mane|Dazzling Gleam|p2b: Cpt. Planet|[spread] p2a,p2b\n|-supereffective|p2a: Mister J\n|-crit|p2b: Cpt. Planet\n|-damage|p2a: Mister J|0 fnt\n|-damage|p2b: Cpt. Planet|18\/100\n|faint|p2a: Mister J\n|\n|-weather|RainDance|[upkeep]\n|upkeep\n|\n|t:|1738895217\n|switch|p2a: Metal Overlord|Miraidon, L50|100\/100\n|-fieldstart|move: Electric Terrain|[from] ability: Hadron Engine|[of] p2a: Metal Overlord\n|-enditem|p2a: Metal Overlord|Electric Seed\n|-boost|p2a: Metal Overlord|def|1|[from] item: Electric Seed\n|turn|4\n|\n|t:|1738895230\n|move|p2b: Cpt. Planet|Wide Guard|p2b: Cpt. Planet\n|-singleturn|p2b: Cpt. Planet|Wide Guard\n|cant|p1b: Ogerpon|par\n|move|p1a: Flutter Mane|Moonblast|p2a: Metal Overlord\n|-supereffective|p2a: Metal Overlord\n|-damage|p2a: Metal Overlord|49\/100\n|move|p2a: Metal Overlord|Calm Mind|p2a: Metal Overlord\n|-boost|p2a: Metal Overlord|spa|1\n|-boost|p2a: Metal Overlord|spd|1\n|\n|-weather|RainDance|[upkeep]\n|upkeep\n|turn|5\n|inactive|GucciSoup has 30 seconds left.\n|\n|t:|1738895257\n|-terastallize|p2b: Cpt. Planet|Ground\n|move|p1a: Flutter Mane|Dazzling Gleam|p2b: Cpt. Planet|[spread] p2a,p2b\n|-supereffective|p2a: Metal Overlord\n|-damage|p2a: Metal Overlord|24\/100\n|-damage|p2b: Cpt. Planet|0 fnt\n|faint|p2b: Cpt. Planet\n|move|p2a: Metal Overlord|Parabolic Charge|p1b: Ogerpon|[spread] p1a,p1b\n|-resisted|p1b: Ogerpon\n|-damage|p1a: Flutter Mane|29\/100\n|-heal|p2a: Metal Overlord|48\/100|[from] drain|[of] p1a: Flutter Mane\n|-damage|p1b: Ogerpon|0 fnt\n|-heal|p2a: Metal Overlord|51\/100|[from] drain|[of] p1b: Ogerpon\n|faint|p1b: Ogerpon\n|\n|-weather|RainDance|[upkeep]\n|upkeep\n|\n|t:|1738895273\n|switch|p1b: Koraidon|Koraidon, L50|100\/100\n|switch|p2b: Thunder Bringer|Landorus, L50, M|54\/100\n|-weather|SunnyDay|[from] ability: Orichalcum Pulse|[of] p1b: Koraidon\n|-activate|p1a: Flutter Mane|ability: Protosynthesis\n|-start|p1a: Flutter Mane|protosynthesisspe\n|-activate|p1b: Koraidon|Orichalcum Pulse|[source]\n|turn|6\n|\n|t:|1738895285\n|move|p1a: Flutter Mane|Protect|p1a: Flutter Mane\n|-singleturn|p1a: Flutter Mane|Protect\n|move|p1b: Koraidon|Protect|p1b: Koraidon\n|-singleturn|p1b: Koraidon|Protect\n|move|p2a: Metal Overlord|Parabolic Charge|p1a: Flutter Mane|[spread] \n|-activate|p1a: Flutter Mane|move: Protect\n|-activate|p1b: Koraidon|move: Protect\n|-immune|p2b: Thunder Bringer\n|move|p2b: Thunder Bringer|Earth Power|p1b: Koraidon\n|-activate|p1b: Koraidon|move: Protect\n|\n|-weather|SunnyDay|[upkeep]\n|upkeep\n|turn|7\n|inactive|Tempest Flute has 30 seconds left.\n|\n|t:|1738895313\n|-terastallize|p1b: Koraidon|Fire\n|move|p2b: Thunder Bringer|Protect|p2b: Thunder Bringer\n|-singleturn|p2b: Thunder Bringer|Protect\n|move|p1a: Flutter Mane|Icy Wind|p2b: Thunder Bringer|[spread] p2a\n|-activate|p2b: Thunder Bringer|move: Protect\n|-supereffective|p2a: Metal Overlord\n|-damage|p2a: Metal Overlord|40\/100\n|-unboost|p2a: Metal Overlord|spe|1\n|move|p1b: Koraidon|Scale Shot|p2a: Metal Overlord\n|-supereffective|p2a: Metal Overlord\n|-damage|p2a: Metal Overlord|21\/100\n|-supereffective|p2a: Metal Overlord\n|-damage|p2a: Metal Overlord|0 fnt\n|faint|p2a: Metal Overlord\n|-hitcount|p2: Metal Overlord|2\n|-unboost|p1b: Koraidon|def|1\n|-boost|p1b: Koraidon|spe|1\n|\n|-weather|SunnyDay|[upkeep]\n|upkeep\n|turn|8\n|-message|GucciSoup forfeited.\n|\n|win|Tempest Flute\n|raw|Tempest Flute's rating: 1594 &rarr; <strong>1617<\/strong><br \/>(+23 for winning)\n|raw|GucciSoup's rating: 1650 &rarr; <strong>1627<\/strong><br \/>(-23 for losing)\n|l|\u2606GucciSoup\n|player|p2|\n|l|\u2606Tempest Flute\n|player|p1|\n","uploadtime":1738895489,"views":6,"formatid":"gen9vgc2025regg","rating":1617,"private":0,"password":null}