{"id":"gen9vgc2025regg-2295310553","format":"[Gen 9] VGC 2025 Reg G","players":["chappell murkroan","yodapoke"],"log":"|j|\u2606chappell murkroan\n|j|\u203dyodapoke\n|t:|1738812120\n|gametype|doubles\n|player|p1|chappell murkroan|caitlin|1555\n|player|p2|yodapoke|lucas|1559\n|teamsize|p1|6\n|teamsize|p2|6\n|gen|9\n|tier|[Gen 9] VGC 2025 Reg G\n|rated|\n|rule|Species Clause: Limit one of each Pok\u00e9mon\n|rule|Item Clause: Limit 1 of each item\n|clearpoke\n|poke|p1|Ting-Lu, L50|\n|poke|p1|Murkrow, L50, F|\n|poke|p1|Rayquaza, L50|\n|poke|p1|Volcarona, L50, M|\n|poke|p1|Ogerpon-Wellspring, L50, F|\n|poke|p1|Urshifu-*, L50, F|\n|poke|p2|Lunala, L50|\n|poke|p2|Rillaboom, L50, F|\n|poke|p2|Incineroar, L50, F|\n|poke|p2|Urshifu-*, L50, F|\n|poke|p2|Walking Wake, L50|\n|poke|p2|Tornadus, L50, M|\n|teampreview|4\n|inactive|Battle timer is ON: inactive players will automatically lose when time's up. (requested by chappell murkroan)\n|inactive|yodapoke has 60 seconds left.\n|\n|t:|1738812161\n|start\n|switch|p1a: Rayquaza|Rayquaza, L50|100\/100\n|switch|p1b: Urshifu|Urshifu-Rapid-Strike, L50, F|100\/100\n|switch|p2a: Incineroar|Incineroar, L50, F|100\/100\n|switch|p2b: Urshifu|Urshifu-Rapid-Strike, L50, F|100\/100\n|-ability|p1a: Rayquaza|Air Lock\n|-ability|p2a: Incineroar|Intimidate|boost\n|-unboost|p1a: Rayquaza|atk|1\n|-unboost|p1b: Urshifu|atk|1\n|turn|1\n|\n|t:|1738812181\n|-terastallize|p2a: Incineroar|Bug\n|move|p2b: Urshifu|U-turn|p1b: Urshifu\n|-resisted|p1b: Urshifu\n|-damage|p1b: Urshifu|86\/100\n|\n|t:|1738812186\n|switch|p2b: Lunala|Lunala, L50|100\/100|[from] U-turn\n|move|p1a: Rayquaza|Dragon Ascent|p2b: Lunala\n|-damage|p2b: Lunala|79\/100\n|-unboost|p1a: Rayquaza|def|1\n|-unboost|p1a: Rayquaza|spd|1\n|move|p1b: Urshifu|Surging Strikes|p2a: Incineroar\n|-crit|p2a: Incineroar\n|-damage|p2a: Incineroar|84\/100\n|-crit|p2a: Incineroar\n|-damage|p2a: Incineroar|69\/100\n|-crit|p2a: Incineroar\n|-damage|p2a: Incineroar|51\/100\n|-hitcount|p2a: Incineroar|3\n|move|p2a: Incineroar|Will-O-Wisp|p1a: Rayquaza|[miss]\n|-miss|p2a: Incineroar|p1a: Rayquaza\n|\n|-heal|p2b: Lunala|85\/100|[from] item: Leftovers\n|upkeep\n|turn|2\n|inactive|yodapoke has 30 seconds left.\n|\n|t:|1738812214\n|switch|p2a: Rillaboom|Rillaboom, L50, F|100\/100\n|-fieldstart|move: Grassy Terrain|[from] ability: Grassy Surge|[of] p2a: Rillaboom\n|move|p1a: Rayquaza|Dragon Ascent|p2a: Rillaboom\n|-supereffective|p2a: Rillaboom\n|-damage|p2a: Rillaboom|6\/100\n|-unboost|p1a: Rayquaza|def|1\n|-unboost|p1a: Rayquaza|spd|1\n|move|p1b: Urshifu|Surging Strikes|p2b: Lunala\n|-crit|p2b: Lunala\n|-damage|p2b: Lunala|65\/100\n|-crit|p2b: Lunala\n|-damage|p2b: Lunala|46\/100\n|-crit|p2b: Lunala\n|-damage|p2b: Lunala|29\/100\n|-hitcount|p2b: Lunala|3\n|move|p2b: Lunala|Dazzling Gleam|p1a: Rayquaza|[spread] p1a,p1b\n|-supereffective|p1a: Rayquaza\n|-supereffective|p1b: Urshifu\n|-enditem|p1a: Rayquaza|Focus Sash\n|-damage|p1a: Rayquaza|1\/100\n|-damage|p1b: Urshifu|17\/100\n|\n|-heal|p1b: Urshifu|23\/100|[from] Grassy Terrain\n|-heal|p2b: Lunala|35\/100|[from] Grassy Terrain\n|-heal|p2b: Lunala|41\/100|[from] item: Leftovers\n|-heal|p2a: Rillaboom|12\/100|[from] Grassy Terrain\n|upkeep\n|turn|3\n|\n|t:|1738812236\n|move|p1a: Rayquaza|Protect|p1a: Rayquaza\n|-singleturn|p1a: Rayquaza|Protect\n|move|p1b: Urshifu|Detect|p1b: Urshifu\n|-singleturn|p1b: Urshifu|Protect\n|move|p2a: Rillaboom|Fake Out|p1b: Urshifu\n|-activate|p1b: Urshifu|move: Protect\n|move|p2b: Lunala|Dazzling Gleam|p1b: Urshifu|[spread] \n|-activate|p1a: Rayquaza|move: Protect\n|-activate|p1b: Urshifu|move: Protect\n|\n|-heal|p1b: Urshifu|29\/100|[from] Grassy Terrain\n|-heal|p2b: Lunala|47\/100|[from] Grassy Terrain\n|-heal|p2b: Lunala|53\/100|[from] item: Leftovers\n|-heal|p2a: Rillaboom|18\/100|[from] Grassy Terrain\n|upkeep\n|turn|4\n|\n|t:|1738812251\n|-terastallize|p1a: Rayquaza|Stellar\n|move|p1a: Rayquaza|Extreme Speed|p2a: Rillaboom\n|-damage|p2a: Rillaboom|0 fnt\n|faint|p2a: Rillaboom\n|move|p1b: Urshifu|Surging Strikes|p2b: Lunala\n|-crit|p2b: Lunala\n|-damage|p2b: Lunala|35\/100\n|-crit|p2b: Lunala\n|-damage|p2b: Lunala|18\/100\n|-crit|p2b: Lunala\n|-damage|p2b: Lunala|1\/100\n|-hitcount|p2b: Lunala|3\n|move|p2b: Lunala|Dazzling Gleam|p1b: Urshifu|[spread] p1a,p1b\n|-supereffective|p1a: Rayquaza\n|-supereffective|p1b: Urshifu\n|-damage|p1a: Rayquaza|0 fnt\n|-damage|p1b: Urshifu|0 fnt\n|faint|p1a: Rayquaza\n|faint|p1b: Urshifu\n|\n|-heal|p2b: Lunala|7\/100|[from] Grassy Terrain\n|-heal|p2b: Lunala|13\/100|[from] item: Leftovers\n|upkeep\n|c|\u2606chappell murkroan|bruh\n|\n|t:|1738812266\n|switch|p1a: Ting-Lu|Ting-Lu, L50|100\/100\n|switch|p1b: Murkrow|Murkrow, L50, F|100\/100\n|switch|p2a: Incineroar|Incineroar, L50, F, tera:Bug|51\/100\n|-ability|p1a: Ting-Lu|Vessel of Ruin\n|-ability|p2a: Incineroar|Intimidate|boost\n|-unboost|p1a: Ting-Lu|atk|1\n|-unboost|p1b: Murkrow|atk|1\n|turn|5\n|\n|t:|1738812278\n|move|p2a: Incineroar|Fake Out|p1b: Murkrow\n|-damage|p1b: Murkrow|90\/100\n|move|p2b: Lunala|Dazzling Gleam|p1b: Murkrow|[spread] p1a,p1b\n|-supereffective|p1a: Ting-Lu\n|-supereffective|p1b: Murkrow\n|-damage|p1a: Ting-Lu|68\/100\n|-damage|p1b: Murkrow|47\/100\n|cant|p1b: Murkrow|flinch\n|move|p1a: Ting-Lu|Lash Out|p2a: Incineroar\n|-damage|p2a: Incineroar|24\/100\n|\n|-heal|p2b: Lunala|19\/100|[from] Grassy Terrain\n|-heal|p2b: Lunala|25\/100|[from] item: Leftovers\n|-heal|p1a: Ting-Lu|74\/100|[from] Grassy Terrain\n|-heal|p2a: Incineroar|30\/100|[from] Grassy Terrain\n|upkeep\n|turn|6\n|\n|t:|1738812299\n|move|p1b: Murkrow|Tailwind|p1b: Murkrow\n|-sidestart|p1: chappell murkroan|move: Tailwind\n|move|p1a: Ting-Lu|Lash Out|p2b: Lunala\n|-supereffective|p2b: Lunala\n|-damage|p2b: Lunala|0 fnt\n|faint|p2b: Lunala\n|move|p2a: Incineroar|Will-O-Wisp|p1a: Ting-Lu\n|-status|p1a: Ting-Lu|brn\n|\n|-heal|p1a: Ting-Lu|80\/100 brn|[from] Grassy Terrain\n|-heal|p2a: Incineroar|36\/100|[from] Grassy Terrain\n|-damage|p1a: Ting-Lu|74\/100 brn|[from] brn\n|-fieldend|move: Grassy Terrain\n|upkeep\n|\n|t:|1738812303\n|switch|p2b: Urshifu|Urshifu-Rapid-Strike, L50, F|100\/100\n|turn|7\n|\n|t:|1738812311\n|move|p1b: Murkrow|Brave Bird|p2b: Urshifu\n|-supereffective|p2b: Urshifu\n|-damage|p2b: Urshifu|52\/100\n|-damage|p1b: Murkrow|30\/100|[from] Recoil\n|move|p2b: Urshifu|Surging Strikes|p1b: Murkrow\n|-crit|p1b: Murkrow\n|-damage|p1b: Murkrow|10\/100\n|-crit|p1b: Murkrow\n|-damage|p1b: Murkrow|0 fnt\n|faint|p1b: Murkrow\n|-hitcount|p1: Murkrow|2\n|move|p1a: Ting-Lu|Lash Out|p2b: Urshifu\n|-resisted|p2b: Urshifu\n|-damage|p2b: Urshifu|42\/100\n|move|p2a: Incineroar|Knock Off|p1a: Ting-Lu\n|-resisted|p1a: Ting-Lu\n|-damage|p1a: Ting-Lu|61\/100 brn\n|-enditem|p1a: Ting-Lu|Choice Band|[from] move: Knock Off|[of] p2a: Incineroar\n|\n|-damage|p1a: Ting-Lu|55\/100 brn|[from] brn\n|upkeep\n|turn|8\n|-message|chappell murkroan forfeited.\n|\n|win|yodapoke\n|raw|chappell murkroan's rating: 1555 &rarr; <strong>1535<\/strong><br \/>(-20 for losing)\n|raw|yodapoke's rating: 1559 &rarr; <strong>1579<\/strong><br \/>(+20 for winning)\n|l|\u2606chappell murkroan\n|player|p1|\n|l|\u203dyodapoke\n|player|p2|\n","uploadtime":1738812570,"views":5,"formatid":"gen9vgc2025regg","rating":1535,"private":0,"password":null}