{"id":"gen9vgc2025regg-2295301051","format":"[Gen 9] VGC 2025 Reg G","players":["longhq","GubbsVGC"],"log":"|j|\u203dlonghq\n|j|\u2606GubbsVGC\n|t:|1738810804\n|gametype|doubles\n|player|p1|longhq|dawn|1518\n|player|p2|GubbsVGC|2|1602\n|teamsize|p1|6\n|teamsize|p2|6\n|gen|9\n|tier|[Gen 9] VGC 2025 Reg G\n|rated|\n|rule|Species Clause: Limit one of each Pok\u00e9mon\n|rule|Item Clause: Limit 1 of each item\n|clearpoke\n|poke|p1|Miraidon, L50|\n|poke|p1|Iron Hands, L50|\n|poke|p1|Ogerpon-Hearthflame, L50, F|\n|poke|p1|Whimsicott, L50, F|\n|poke|p1|Farigiraf, L50, M|\n|poke|p1|Urshifu-*, L50, M|\n|poke|p2|Raichu, L50, F|\n|poke|p2|Moltres-Galar, L50|\n|poke|p2|Politoed, L50, F|\n|poke|p2|Zamazenta-*, L50|\n|poke|p2|Cresselia, L50, F|\n|poke|p2|Sinistcha, L50|\n|teampreview|4\n|\n|t:|1738810838\n|start\n|switch|p1a: Urshifu|Urshifu-Rapid-Strike, L50, M|100\/100\n|switch|p1b: Miraidon|Miraidon, L50|100\/100\n|switch|p2a: Raichu|Raichu, L50, F|100\/100\n|switch|p2b: Zamazenta|Zamazenta-Crowned, L50|100\/100\n|-fieldstart|move: Electric Terrain|[from] ability: Hadron Engine|[of] p1b: Miraidon\n|-ability|p2b: Zamazenta|Dauntless Shield|boost\n|-boost|p2b: Zamazenta|def|1\n|turn|1\n|inactive|Battle timer is ON: inactive players will automatically lose when time's up. (requested by GubbsVGC)\n|\n|t:|1738810868\n|-terastallize|p1b: Miraidon|Ghost\n|-terastallize|p2a: Raichu|Fairy\n|move|p1b: Miraidon|Tera Blast|p2b: Zamazenta|[anim] Tera Blast Ghost\n|-damage|p2b: Zamazenta|53\/100\n|move|p2a: Raichu|Volt Switch|p1a: Urshifu\n|-supereffective|p1a: Urshifu\n|-damage|p1a: Urshifu|4\/100\n|\n|t:|1738810882\n|switch|p2a: Sinistcha|Sinistcha, L50|100\/100|[from] Volt Switch\n|-heal|p2b: Zamazenta|78\/100|[from] ability: Hospitality|[of] p2a: Sinistcha\n|move|p2b: Zamazenta|Body Press|p1b: Miraidon\n|-immune|p1b: Miraidon\n|move|p1a: Urshifu|Surging Strikes|p2a: Sinistcha\n|-resisted|p2a: Sinistcha\n|-crit|p2a: Sinistcha\n|-damage|p2a: Sinistcha|91\/100\n|-resisted|p2a: Sinistcha\n|-crit|p2a: Sinistcha\n|-damage|p2a: Sinistcha|80\/100\n|-resisted|p2a: Sinistcha\n|-crit|p2a: Sinistcha\n|-damage|p2a: Sinistcha|69\/100\n|-hitcount|p2a: Sinistcha|3\n|\n|upkeep\n|turn|2\n|inactive|GubbsVGC has 30 seconds left.\n|inactive|GubbsVGC has 20 seconds left.\n|inactive|GubbsVGC has 15 seconds left.\n|inactive|GubbsVGC has 10 seconds left.\n|inactive|GubbsVGC has 5 seconds left.\n|\n|t:|1738810937\n|switch|p1a: Iron Hands|Iron Hands, L50|100\/100\n|-enditem|p1a: Iron Hands|Electric Seed\n|-boost|p1a: Iron Hands|def|1|[from] item: Electric Seed\n|-activate|p1a: Iron Hands|ability: Quark Drive\n|-start|p1a: Iron Hands|quarkdrivedef\n|move|p2b: Zamazenta|Protect|p2b: Zamazenta\n|-singleturn|p2b: Zamazenta|Protect\n|move|p2a: Sinistcha|Protect|p2a: Sinistcha\n|-singleturn|p2a: Sinistcha|Protect\n|move|p1b: Miraidon|Tera Blast|p2a: Sinistcha|[anim] Tera Blast Ghost\n|-activate|p2a: Sinistcha|move: Protect\n|\n|upkeep\n|turn|3\n|inactive|GubbsVGC has 30 seconds left.\n|\n|t:|1738810969\n|switch|p2b: Cresselia|Cresselia, L50, F|100\/100\n|switch|p2a: Raichu|Raichu, L50, F, tera:Fairy|100\/100\n|move|p1a: Iron Hands|Fake Out|p2b: Cresselia\n|-damage|p2b: Cresselia|92\/100\n|move|p1b: Miraidon|Tera Blast|p2a: Raichu|[anim] Tera Blast Ghost\n|-damage|p2a: Raichu|43\/100\n|\n|upkeep\n|turn|4\n|inactive|longhq has 30 seconds left.\n|\n|t:|1738810999\n|switch|p2b: Zamazenta|Zamazenta-Crowned, L50|78\/100\n|move|p1b: Miraidon|Tera Blast|p2b: Zamazenta|[anim] Tera Blast Ghost\n|-damage|p2b: Zamazenta|33\/100\n|move|p2a: Raichu|Nuzzle|p1b: Miraidon\n|-damage|p1b: Miraidon|94\/100\n|-status|p1b: Miraidon|par\n|move|p1a: Iron Hands|Body Press|p2b: Zamazenta\n|-supereffective|p2b: Zamazenta\n|-damage|p2b: Zamazenta|0 fnt\n|faint|p2b: Zamazenta\n|\n|upkeep\n|\n|t:|1738811014\n|switch|p2b: Sinistcha|Sinistcha, L50|69\/100\n|-heal|p2a: Raichu|68\/100|[from] ability: Hospitality|[of] p2b: Sinistcha\n|turn|5\n|inactive|GubbsVGC has 30 seconds left.\n|\n|t:|1738811042\n|move|p2a: Raichu|Volt Switch|p1a: Iron Hands\n|-resisted|p1a: Iron Hands\n|-damage|p1a: Iron Hands|89\/100\n|\n|t:|1738811045\n|switch|p2a: Cresselia|Cresselia, L50, F|92\/100|[from] Volt Switch\n|move|p1b: Miraidon|Tera Blast|p2b: Sinistcha|[anim] Tera Blast Ghost\n|-supereffective|p2b: Sinistcha\n|-damage|p2b: Sinistcha|0 fnt\n|faint|p2b: Sinistcha\n|move|p1a: Iron Hands|Body Press|p2a: Cresselia\n|-resisted|p2a: Cresselia\n|-damage|p2a: Cresselia|72\/100\n|\n|-fieldend|move: Electric Terrain\n|-end|p1a: Iron Hands|Quark Drive\n|upkeep\n|-message|GubbsVGC forfeited.\n|\n|win|longhq\n|raw|longhq's rating: 1518 &rarr; <strong>1543<\/strong><br \/>(+25 for winning)\n|raw|GubbsVGC's rating: 1602 &rarr; <strong>1577<\/strong><br \/>(-25 for losing)\n|l|\u2606GubbsVGC\n|player|p2|\n|l|\u203dlonghq\n|player|p1|\n","uploadtime":1738811290,"views":14,"formatid":"gen9vgc2025regg","rating":1543,"private":0,"password":null}