{"id":"gen9vgc2025regg-2295596823","format":"[Gen 9] VGC 2025 Reg G","players":["Ggttmmhh","Snow48691412"],"log":"|j|\u2606Ggttmmhh\n|j|\u2606Snow48691412\n|t:|1738857034\n|gametype|doubles\n|player|p1|Ggttmmhh|2|1639\n|player|p2|Snow48691412|hilbert|1610\n|teamsize|p1|6\n|teamsize|p2|6\n|gen|9\n|tier|[Gen 9] VGC 2025 Reg G\n|rated|\n|rule|Species Clause: Limit one of each Pok\u00e9mon\n|rule|Item Clause: Limit 1 of each item\n|clearpoke\n|poke|p1|Smeargle, L50, F|\n|poke|p1|Terapagos, L50, M|\n|poke|p1|Sinistcha-Masterpiece, L50|\n|poke|p1|Heatran, L50, F|\n|poke|p1|Ogerpon-Wellspring, L50, F|\n|poke|p1|Grimmsnarl, L50, M|\n|poke|p2|Calyrex-Shadow, L50|\n|poke|p2|Moltres-Galar, L50|\n|poke|p2|Urshifu-*, L50, M|\n|poke|p2|Incineroar, L50, F|\n|poke|p2|Rillaboom, L50, M|\n|poke|p2|Clefairy, L50, M|\n|teampreview|4\n|\n|t:|1738857095\n|start\n|switch|p1a: Smeargle|Smeargle, L50, F|100\/100\n|switch|p1b: Grimmsnarl|Grimmsnarl, L50, M|100\/100\n|switch|p2a: Calyrex|Calyrex-Shadow, L50|100\/100\n|switch|p2b: Moltres|Moltres-Galar, L50|100\/100\n|-ability|p2a: Calyrex|As One\n|-ability|p2a: Calyrex|Unnerve\n|turn|1\n|\n|t:|1738857137\n|switch|p2a: Incineroar|Incineroar, L50, F|100\/100\n|-ability|p2a: Incineroar|Intimidate|boost\n|-unboost|p1a: Smeargle|atk|1\n|-unboost|p1b: Grimmsnarl|atk|1\n|move|p1b: Grimmsnarl|Fake Out|p2b: Moltres\n|-damage|p2b: Moltres|95\/100\n|move|p1a: Smeargle|Spore|p2a: Incineroar\n|-activate|p2a: Incineroar|item: Safety Goggles|Spore\n|cant|p2b: Moltres|flinch\n|\n|-ability|p1a: Smeargle|Moody|boost\n|-boost|p1a: Smeargle|spa|2\n|-unboost|p1a: Smeargle|spe|1\n|upkeep\n|turn|2\n|\n|t:|1738857172\n|switch|p1b: Terapagos|Terapagos, L50, M|100\/100\n|-activate|p1b: Terapagos|ability: Tera Shift\n|detailschange|p1b: Terapagos|Terapagos-Terastal, L50, M\n|-heal|p1b: Terapagos|100\/100|[silent]\n|move|p2a: Incineroar|Fake Out|p1a: Smeargle\n|-crit|p1a: Smeargle\n|-damage|p1a: Smeargle|60\/100\n|move|p2b: Moltres|Taunt|p1b: Terapagos\n|-start|p1b: Terapagos|move: Taunt\n|cant|p1a: Smeargle|flinch\n|\n|-ability|p1a: Smeargle|Moody|boost\n|-boost|p1a: Smeargle|spe|2\n|-unboost|p1a: Smeargle|spd|1\n|upkeep\n|turn|3\n|\n|t:|1738857199\n|switch|p1b: Grimmsnarl|Grimmsnarl, L50, M|100\/100\n|move|p1a: Smeargle|Shed Tail|p1a: Smeargle\n|-start|p1a: Smeargle|Substitute|[from] move: Shed Tail\n|-damage|p1a: Smeargle|10\/100\n|\n|t:|1738857204\n|switch|p1a: Terapagos|Terapagos-Terastal, L50, M|100\/100|[from] Shed Tail\n|move|p2b: Moltres|Taunt|p1a: Terapagos\n|-start|p1a: Terapagos|move: Taunt\n|move|p2a: Incineroar|Parting Shot|p1b: Grimmsnarl\n|-unboost|p1b: Grimmsnarl|atk|1\n|-unboost|p1b: Grimmsnarl|spa|1\n|\n|t:|1738857217\n|switch|p2a: Calyrex|Calyrex-Shadow, L50|100\/100|[from] Parting Shot\n|-ability|p2a: Calyrex|As One\n|-ability|p2a: Calyrex|Unnerve\n|\n|upkeep\n|turn|4\n|\n|t:|1738857234\n|move|p2a: Calyrex|Protect|p2a: Calyrex\n|-singleturn|p2a: Calyrex|Protect\n|move|p1a: Terapagos|Tera Starstorm|p2b: Moltres\n|-damage|p2b: Moltres|55\/100\n|move|p2b: Moltres|Taunt|p1b: Grimmsnarl\n|-start|p1b: Grimmsnarl|move: Taunt\n|move|p1b: Grimmsnarl|Foul Play|p2a: Calyrex\n|-activate|p2a: Calyrex|move: Protect\n|\n|upkeep\n|turn|5\n|\n|t:|1738857273\n|switch|p2b: Incineroar|Incineroar, L50, F|100\/100\n|-ability|p2b: Incineroar|Intimidate|boost\n|-immune|p1a: Terapagos\n|-unboost|p1b: Grimmsnarl|atk|1\n|-terastallize|p2a: Calyrex|Fairy\n|move|p2a: Calyrex|Calm Mind|p2a: Calyrex\n|-boost|p2a: Calyrex|spa|1\n|-boost|p2a: Calyrex|spd|1\n|move|p1a: Terapagos|Tera Starstorm|p2b: Incineroar\n|-damage|p2b: Incineroar|50\/100\n|move|p1b: Grimmsnarl|Foul Play|p2a: Calyrex\n|-resisted|p2a: Calyrex\n|-damage|p2a: Calyrex|91\/100\n|\n|-end|p1a: Terapagos|move: Taunt\n|upkeep\n|turn|6\n|\n|t:|1738857315\n|switch|p1b: Smeargle|Smeargle, L50, F|10\/100\n|move|p2a: Calyrex|Draining Kiss|p1a: Terapagos\n|-activate|p1a: Terapagos|ability: Tera Shell\n|-resisted|p1a: Terapagos\n|-end|p1a: Terapagos|Substitute\n|-heal|p2a: Calyrex|100\/100|[from] drain|[of] p1a: Terapagos\n|move|p1a: Terapagos|Calm Mind|p1a: Terapagos\n|-boost|p1a: Terapagos|spa|1\n|-boost|p1a: Terapagos|spd|1\n|move|p2b: Incineroar|Will-O-Wisp|p2a: Calyrex|[miss]\n|-miss|p2b: Incineroar|p2a: Calyrex\n|\n|-ability|p1b: Smeargle|Moody|boost\n|-boost|p1b: Smeargle|def|2\n|-unboost|p1b: Smeargle|spa|1\n|upkeep\n|turn|7\n|\n|t:|1738857355\n|move|p2a: Calyrex|Draining Kiss|p1b: Smeargle\n|-damage|p1b: Smeargle|0 fnt\n|faint|p1b: Smeargle\n|-ability|p2a: Calyrex|Grim Neigh|boost\n|-boost|p2a: Calyrex|spa|1\n|move|p1a: Terapagos|Tera Starstorm|p2b: Incineroar\n|-damage|p2b: Incineroar|0 fnt\n|faint|p2b: Incineroar\n|\n|upkeep\n|\n|t:|1738857370\n|switch|p1b: Grimmsnarl|Grimmsnarl, L50, M|100\/100\n|switch|p2b: Urshifu|Urshifu-Rapid-Strike, L50, M|100\/100\n|turn|8\n|\n|t:|1738857408\n|move|p1b: Grimmsnarl|Fake Out|p2b: Urshifu\n|-damage|p2b: Urshifu|91\/100\n|move|p2a: Calyrex|Draining Kiss|p1b: Grimmsnarl\n|-supereffective|p1b: Grimmsnarl\n|-damage|p1b: Grimmsnarl|0 fnt\n|faint|p1b: Grimmsnarl\n|-ability|p2a: Calyrex|Grim Neigh|boost\n|-boost|p2a: Calyrex|spa|1\n|cant|p2b: Urshifu|flinch\n|move|p1a: Terapagos|Calm Mind|p1a: Terapagos\n|-boost|p1a: Terapagos|spa|1\n|-boost|p1a: Terapagos|spd|1\n|\n|upkeep\n|\n|t:|1738857413\n|switch|p1b: Sinistcha|Sinistcha-Masterpiece, L50|100\/100\n|turn|9\n|\n|t:|1738857478\n|move|p2b: Urshifu|Detect|p2b: Urshifu\n|-singleturn|p2b: Urshifu|Protect\n|move|p1b: Sinistcha|Protect|p1b: Sinistcha\n|-singleturn|p1b: Sinistcha|Protect\n|move|p2a: Calyrex|Astral Barrage|p1b: Sinistcha|[spread] \n|-activate|p1b: Sinistcha|move: Protect\n|-immune|p1a: Terapagos\n|move|p1a: Terapagos|Tera Starstorm|p2b: Urshifu\n|-activate|p2b: Urshifu|move: Protect\n|\n|upkeep\n|turn|10\n|\n|t:|1738857506\n|-terastallize|p1a: Terapagos|Stellar\n|detailschange|p1a: Terapagos|Terapagos-Stellar, L50, M, tera:Stellar\n|-heal|p1a: Terapagos|100\/100|[silent]\n|move|p1b: Sinistcha|Rage Powder|p1b: Sinistcha\n|-singleturn|p1b: Sinistcha|move: Rage Powder\n|move|p2a: Calyrex|Draining Kiss|p1b: Sinistcha\n|-damage|p1b: Sinistcha|16\/100\n|move|p2b: Urshifu|Close Combat|p1b: Sinistcha\n|-immune|p1b: Sinistcha\n|move|p1a: Terapagos|Tera Starstorm|p2b: Urshifu|[spread] p2a,p2b\n|-supereffective|p2a: Calyrex\n|-damage|p2a: Calyrex|0 fnt\n|-damage|p2b: Urshifu|0 fnt\n|faint|p2a: Calyrex\n|faint|p2b: Urshifu\n|\n|upkeep\n|-message|Snow48691412 forfeited.\n|\n|win|Ggttmmhh\n|raw|Ggttmmhh's rating: 1654 &rarr; <strong>1671<\/strong><br \/>(+17 for winning)\n|raw|Snow48691412's rating: 1610 &rarr; <strong>1593<\/strong><br \/>(-17 for losing)\n|l|\u2606Snow48691412\n|player|p2|\n|l|\u2606Ggttmmhh\n|player|p1|\n","uploadtime":1738857716,"views":28,"formatid":"gen9vgc2025regg","rating":1593,"private":0,"password":null}