{"id":"gen9vgc2025regg-2295466279","format":"[Gen 9] VGC 2025 Reg G","players":["friedfish24","Dearp"],"log":"|j|\u2606friedfish24\n|j|\u2606Dearp\n|t:|1738839971\n|gametype|doubles\n|player|p1|friedfish24|li|1582\n|player|p2|Dearp|battlegirl|1648\n|teamsize|p1|6\n|teamsize|p2|6\n|gen|9\n|tier|[Gen 9] VGC 2025 Reg G\n|rated|\n|rule|Species Clause: Limit one of each Pok\u00e9mon\n|rule|Item Clause: Limit 1 of each item\n|clearpoke\n|poke|p1|Terapagos, L50, M|\n|poke|p1|Ogerpon-Hearthflame, L50, F|\n|poke|p1|Tornadus, L50, M|\n|poke|p1|Smeargle, L50, F|\n|poke|p1|Dondozo, L50, M|\n|poke|p1|Tatsugiri-Droopy, L50, M|\n|poke|p2|Tornadus, L50, M|\n|poke|p2|Ogerpon-Hearthflame, L50, F|\n|poke|p2|Smeargle, L50, M|\n|poke|p2|Terapagos, L50, M|\n|poke|p2|Dondozo, L50, M|\n|poke|p2|Tatsugiri-Droopy, L50, M|\n|teampreview|4\n|\n|t:|1738840004\n|start\n|switch|p1a: Terapagos|Terapagos, L50, M|100\/100\n|switch|p1b: Smeargle|Smeargle, L50, F|100\/100\n|switch|p2a: Terapagos|Terapagos, L50, M|100\/100\n|switch|p2b: Smeargle|Smeargle, L50, M|100\/100\n|-activate|p2a: Terapagos|ability: Tera Shift\n|detailschange|p2a: Terapagos|Terapagos-Terastal, L50, M\n|-heal|p2a: Terapagos|100\/100|[silent]\n|-activate|p1a: Terapagos|ability: Tera Shift\n|detailschange|p1a: Terapagos|Terapagos-Terastal, L50, M\n|-heal|p1a: Terapagos|100\/100|[silent]\n|turn|1\n|\n|t:|1738840020\n|move|p2b: Smeargle|Spore|p1a: Terapagos\n|-status|p1a: Terapagos|slp|[from] move: Spore\n|move|p1b: Smeargle|Spore|p2b: Smeargle\n|-status|p2b: Smeargle|slp|[from] move: Spore\n|move|p2a: Terapagos|Tera Starstorm|p1b: Smeargle\n|-enditem|p1b: Smeargle|Focus Sash\n|-damage|p1b: Smeargle|1\/100\n|cant|p1a: Terapagos|slp\n|\n|-ability|p2b: Smeargle|Moody|boost\n|-boost|p2b: Smeargle|spd|2\n|-unboost|p2b: Smeargle|spe|1\n|-ability|p1b: Smeargle|Moody|boost\n|-boost|p1b: Smeargle|spa|2\n|-unboost|p1b: Smeargle|atk|1\n|upkeep\n|turn|2\n|\n|t:|1738840029\n|move|p1b: Smeargle|Spore|p2a: Terapagos\n|-status|p2a: Terapagos|slp|[from] move: Spore\n|cant|p2a: Terapagos|slp\n|-curestatus|p1a: Terapagos|slp|[msg]\n|move|p1a: Terapagos|Tera Starstorm|p2b: Smeargle\n|-enditem|p2b: Smeargle|Focus Sash\n|-damage|p2b: Smeargle|1\/100 slp\n|cant|p2b: Smeargle|slp\n|\n|-ability|p1b: Smeargle|Moody|boost\n|-boost|p1b: Smeargle|atk|2\n|-unboost|p1b: Smeargle|def|1\n|-ability|p2b: Smeargle|Moody|boost\n|-boost|p2b: Smeargle|spa|2\n|-unboost|p2b: Smeargle|def|1\n|upkeep\n|turn|3\n|\n|t:|1738840055\n|switch|p2a: Dondozo|Dondozo, L50, M|100\/100\n|switch|p2b: Tatsugiri|Tatsugiri-Droopy, L50, M|100\/100\n|-activate|p2b: Tatsugiri|ability: Commander|[of] p2a: Dondozo\n|-boost|p2a: Dondozo|atk|2\n|-boost|p2a: Dondozo|spa|2\n|-boost|p2a: Dondozo|spe|2\n|-boost|p2a: Dondozo|def|2\n|-boost|p2a: Dondozo|spd|2\n|-terastallize|p1a: Terapagos|Stellar\n|detailschange|p1a: Terapagos|Terapagos-Stellar, L50, M, tera:Stellar\n|-heal|p1a: Terapagos|100\/100|[silent]\n|move|p1b: Smeargle|Follow Me|p1b: Smeargle\n|-singleturn|p1b: Smeargle|move: Follow Me\n|move|p1a: Terapagos|Tera Starstorm|p2b: Tatsugiri|[spread] p2a\n|-miss|p1a: Terapagos|p2b: Tatsugiri\n|-damage|p2a: Dondozo|73\/100\n|\n|-heal|p2a: Dondozo|79\/100|[from] item: Leftovers\n|-ability|p1b: Smeargle|Moody|boost\n|-boost|p1b: Smeargle|spa|2\n|-unboost|p1b: Smeargle|def|1\n|upkeep\n|turn|4\n|\n|t:|1738840064\n|move|p2a: Dondozo|Order Up|p1b: Smeargle\n|-crit|p1b: Smeargle\n|-damage|p1b: Smeargle|0 fnt\n|faint|p1b: Smeargle\n|-boost|p2a: Dondozo|def|1\n|move|p1a: Terapagos|Tera Starstorm|p2b: Tatsugiri|[spread] p2a\n|-miss|p1a: Terapagos|p2b: Tatsugiri\n|-damage|p2a: Dondozo|51\/100\n|\n|-heal|p2a: Dondozo|57\/100|[from] item: Leftovers\n|upkeep\n|\n|t:|1738840072\n|switch|p1b: Dondozo|Dondozo, L50, M, shiny|100\/100\n|turn|5\n|\n|t:|1738840080\n|switch|p1a: Tatsugiri|Tatsugiri-Droopy, L50, M|100\/100\n|-activate|p1a: Tatsugiri|ability: Commander|[of] p1b: Dondozo\n|-boost|p1b: Dondozo|atk|2\n|-boost|p1b: Dondozo|spa|2\n|-boost|p1b: Dondozo|spe|2\n|-boost|p1b: Dondozo|def|2\n|-boost|p1b: Dondozo|spd|2\n|move|p2a: Dondozo|Protect|p2a: Dondozo\n|-singleturn|p2a: Dondozo|Protect\n|move|p1b: Dondozo|Substitute|p1b: Dondozo\n|-start|p1b: Dondozo|Substitute\n|-damage|p1b: Dondozo|76\/100\n|\n|-heal|p2a: Dondozo|63\/100|[from] item: Leftovers\n|-heal|p1b: Dondozo|82\/100|[from] item: Leftovers\n|upkeep\n|turn|6\n|\n|t:|1738840092\n|move|p1b: Dondozo|Protect|p1b: Dondozo\n|-singleturn|p1b: Dondozo|Protect\n|move|p2a: Dondozo|Order Up|p1b: Dondozo\n|-activate|p1b: Dondozo|move: Protect\n|\n|-heal|p2a: Dondozo|70\/100|[from] item: Leftovers\n|-heal|p1b: Dondozo|88\/100|[from] item: Leftovers\n|upkeep\n|turn|7\n|\n|t:|1738840100\n|move|p2a: Dondozo|Order Up|p1b: Dondozo\n|-activate|p1b: Dondozo|move: Substitute|[damage]\n|-boost|p2a: Dondozo|def|1\n|move|p1b: Dondozo|Order Up|p2a: Dondozo\n|-damage|p2a: Dondozo|59\/100\n|-boost|p1b: Dondozo|def|1\n|\n|-heal|p2a: Dondozo|65\/100|[from] item: Leftovers\n|-heal|p1b: Dondozo|94\/100|[from] item: Leftovers\n|upkeep\n|turn|8\n|\n|t:|1738840107\n|move|p2a: Dondozo|Protect|p2a: Dondozo\n|-singleturn|p2a: Dondozo|Protect\n|move|p1b: Dondozo|Protect||[still]\n|-fail|p1b: Dondozo\n|\n|-heal|p2a: Dondozo|71\/100|[from] item: Leftovers\n|-heal|p1b: Dondozo|100\/100|[from] item: Leftovers\n|upkeep\n|turn|9\n|\n|t:|1738840110\n|move|p2a: Dondozo|Order Up|p1b: Dondozo\n|-activate|p1b: Dondozo|move: Substitute|[damage]\n|-boost|p2a: Dondozo|def|1\n|move|p1b: Dondozo|Order Up|p2a: Dondozo\n|-damage|p2a: Dondozo|60\/100\n|-boost|p1b: Dondozo|def|1\n|\n|-heal|p2a: Dondozo|66\/100|[from] item: Leftovers\n|upkeep\n|turn|10\n|\n|t:|1738840119\n|move|p2a: Dondozo|Protect|p2a: Dondozo\n|-singleturn|p2a: Dondozo|Protect\n|move|p1b: Dondozo|Protect||[still]\n|-fail|p1b: Dondozo\n|\n|-heal|p2a: Dondozo|73\/100|[from] item: Leftovers\n|upkeep\n|turn|11\n|\n|t:|1738840124\n|move|p2a: Dondozo|Body Press|p1b: Dondozo\n|-end|p1b: Dondozo|Substitute\n|move|p1b: Dondozo|Order Up|p2a: Dondozo\n|-damage|p2a: Dondozo|62\/100\n|-boost|p1b: Dondozo|def|1\n|\n|-heal|p2a: Dondozo|68\/100|[from] item: Leftovers\n|upkeep\n|turn|12\n|\n|t:|1738840130\n|move|p2a: Dondozo|Order Up|p1b: Dondozo\n|-damage|p1b: Dondozo|89\/100\n|-boost|p2a: Dondozo|def|1\n|move|p1b: Dondozo|Substitute|p1b: Dondozo\n|-start|p1b: Dondozo|Substitute\n|-damage|p1b: Dondozo|65\/100\n|\n|-heal|p2a: Dondozo|74\/100|[from] item: Leftovers\n|-heal|p1b: Dondozo|71\/100|[from] item: Leftovers\n|upkeep\n|turn|13\n|\n|t:|1738840140\n|move|p1b: Dondozo|Protect|p1b: Dondozo\n|-singleturn|p1b: Dondozo|Protect\n|move|p2a: Dondozo|Body Press|p1b: Dondozo\n|-activate|p1b: Dondozo|move: Protect\n|\n|-heal|p2a: Dondozo|81\/100|[from] item: Leftovers\n|-heal|p1b: Dondozo|77\/100|[from] item: Leftovers\n|upkeep\n|turn|14\n|\n|t:|1738840149\n|move|p2a: Dondozo|Protect|p2a: Dondozo\n|-singleturn|p2a: Dondozo|Protect\n|move|p1b: Dondozo|Protect||[still]\n|-fail|p1b: Dondozo\n|\n|-heal|p2a: Dondozo|87\/100|[from] item: Leftovers\n|-heal|p1b: Dondozo|83\/100|[from] item: Leftovers\n|upkeep\n|turn|15\n|\n|t:|1738840157\n|move|p2a: Dondozo|Body Press|p1b: Dondozo\n|-activate|p1b: Dondozo|move: Substitute|[damage]\n|move|p1b: Dondozo|Order Up|p2a: Dondozo\n|-damage|p2a: Dondozo|75\/100\n|-boost|p1b: Dondozo|def|1\n|\n|-heal|p2a: Dondozo|81\/100|[from] item: Leftovers\n|-heal|p1b: Dondozo|89\/100|[from] item: Leftovers\n|upkeep\n|turn|16\n|\n|t:|1738840165\n|move|p1b: Dondozo|Protect|p1b: Dondozo\n|-singleturn|p1b: Dondozo|Protect\n|move|p2a: Dondozo|Order Up|p1b: Dondozo\n|-activate|p1b: Dondozo|move: Protect\n|\n|-heal|p2a: Dondozo|88\/100|[from] item: Leftovers\n|-heal|p1b: Dondozo|96\/100|[from] item: Leftovers\n|upkeep\n|turn|17\n|\n|t:|1738840172\n|move|p2a: Dondozo|Wave Crash|p1b: Dondozo\n|-resisted|p1b: Dondozo\n|-end|p1b: Dondozo|Substitute\n|-damage|p2a: Dondozo|84\/100|[from] Recoil|[of] p1b: Dondozo\n|move|p1b: Dondozo|Substitute|p1b: Dondozo\n|-start|p1b: Dondozo|Substitute\n|-damage|p1b: Dondozo|71\/100\n|\n|-heal|p2a: Dondozo|90\/100|[from] item: Leftovers\n|-heal|p1b: Dondozo|77\/100|[from] item: Leftovers\n|upkeep\n|turn|18\n|\n|t:|1738840195\n|move|p2a: Dondozo|Wave Crash|p1b: Dondozo\n|-resisted|p1b: Dondozo\n|-activate|p1b: Dondozo|move: Substitute|[damage]\n|-damage|p2a: Dondozo|86\/100|[from] Recoil|[of] p1b: Dondozo\n|move|p1b: Dondozo|Body Press|p2a: Dondozo\n|-damage|p2a: Dondozo|70\/100\n|\n|-heal|p2a: Dondozo|77\/100|[from] item: Leftovers\n|-heal|p1b: Dondozo|83\/100|[from] item: Leftovers\n|upkeep\n|turn|19\n|inactive|Battle timer is ON: inactive players will automatically lose when time's up. (requested by Dearp)\n|inactive|friedfish24 has 60 seconds left.\n|inactive|friedfish24 has 30 seconds left.\n|inactive|friedfish24 has 20 seconds left.\n|inactive|friedfish24 has 15 seconds left.\n|inactive|friedfish24 has 10 seconds left.\n|inactive|friedfish24 has 5 seconds left.\n|\n|t:|1738840306\n|move|p1b: Dondozo|Protect|p1b: Dondozo\n|-singleturn|p1b: Dondozo|Protect\n|move|p2a: Dondozo|Wave Crash|p1b: Dondozo\n|-activate|p1b: Dondozo|move: Protect\n|\n|-heal|p2a: Dondozo|83\/100|[from] item: Leftovers\n|-heal|p1b: Dondozo|89\/100|[from] item: Leftovers\n|upkeep\n|turn|20\n|inactive|friedfish24 has 30 seconds left.\n|inactive|friedfish24 has 20 seconds left.\n|inactive|friedfish24 has 15 seconds left.\n|inactive|friedfish24 has 10 seconds left.\n|inactive|friedfish24 has 5 seconds left.\n|\n|t:|1738840361\n|move|p1b: Dondozo|Protect||[still]\n|-fail|p1b: Dondozo\n|move|p2a: Dondozo|Body Press|p1b: Dondozo\n|-end|p1b: Dondozo|Substitute\n|\n|-heal|p2a: Dondozo|89\/100|[from] item: Leftovers\n|-heal|p1b: Dondozo|96\/100|[from] item: Leftovers\n|upkeep\n|turn|21\n|\n|t:|1738840381\n|move|p2a: Dondozo|Wave Crash|p1b: Dondozo\n|-resisted|p1b: Dondozo\n|-damage|p1b: Dondozo|86\/100\n|-damage|p2a: Dondozo|86\/100|[from] Recoil\n|move|p1b: Dondozo|Substitute|p1b: Dondozo\n|-start|p1b: Dondozo|Substitute\n|-damage|p1b: Dondozo|61\/100\n|\n|-heal|p2a: Dondozo|92\/100|[from] item: Leftovers\n|-heal|p1b: Dondozo|67\/100|[from] item: Leftovers\n|upkeep\n|turn|22\n|\n|t:|1738840387\n|move|p2a: Dondozo|Wave Crash|p1b: Dondozo\n|-resisted|p1b: Dondozo\n|-activate|p1b: Dondozo|move: Substitute|[damage]\n|-damage|p2a: Dondozo|89\/100|[from] Recoil|[of] p1b: Dondozo\n|move|p1b: Dondozo|Order Up|p2a: Dondozo\n|-damage|p2a: Dondozo|78\/100\n|-boost|p1b: Dondozo|def|0\n|\n|-heal|p2a: Dondozo|85\/100|[from] item: Leftovers\n|-heal|p1b: Dondozo|74\/100|[from] item: Leftovers\n|upkeep\n|turn|23\n|\n|t:|1738840407\n|move|p1b: Dondozo|Protect|p1b: Dondozo\n|-singleturn|p1b: Dondozo|Protect\n|move|p2a: Dondozo|Wave Crash|p1b: Dondozo\n|-activate|p1b: Dondozo|move: Protect\n|\n|-heal|p2a: Dondozo|91\/100|[from] item: Leftovers\n|-heal|p1b: Dondozo|80\/100|[from] item: Leftovers\n|upkeep\n|turn|24\n|\n|t:|1738840411\n|move|p2a: Dondozo|Wave Crash|p1b: Dondozo\n|-resisted|p1b: Dondozo\n|-activate|p1b: Dondozo|move: Substitute|[damage]\n|-damage|p2a: Dondozo|87\/100|[from] Recoil|[of] p1b: Dondozo\n|move|p1b: Dondozo|Order Up|p2a: Dondozo\n|-damage|p2a: Dondozo|77\/100\n|-boost|p1b: Dondozo|def|0\n|\n|-heal|p2a: Dondozo|83\/100|[from] item: Leftovers\n|-heal|p1b: Dondozo|86\/100|[from] item: Leftovers\n|upkeep\n|turn|25\n|\n|t:|1738840421\n|move|p1b: Dondozo|Protect|p1b: Dondozo\n|-singleturn|p1b: Dondozo|Protect\n|move|p2a: Dondozo|Wave Crash|p1b: Dondozo\n|-activate|p1b: Dondozo|move: Protect\n|\n|-heal|p2a: Dondozo|89\/100|[from] item: Leftovers\n|-heal|p1b: Dondozo|92\/100|[from] item: Leftovers\n|upkeep\n|turn|26\n|\n|t:|1738840425\n|move|p2a: Dondozo|Protect|p2a: Dondozo\n|-singleturn|p2a: Dondozo|Protect\n|move|p1b: Dondozo|Order Up|p2a: Dondozo\n|-activate|p2a: Dondozo|move: Protect\n|\n|-heal|p2a: Dondozo|96\/100|[from] item: Leftovers\n|-heal|p1b: Dondozo|98\/100|[from] item: Leftovers\n|upkeep\n|turn|27\n|inactive|friedfish24 has 30 seconds left.\n|\n|t:|1738840459\n|move|p1b: Dondozo|Protect|p1b: Dondozo\n|-singleturn|p1b: Dondozo|Protect\n|move|p2a: Dondozo|Wave Crash|p1b: Dondozo\n|-activate|p1b: Dondozo|move: Protect\n|\n|-heal|p2a: Dondozo|100\/100|[from] item: Leftovers\n|-heal|p1b: Dondozo|100\/100|[from] item: Leftovers\n|upkeep\n|turn|28\n|\n|t:|1738840468\n|move|p1b: Dondozo|Protect||[still]\n|-fail|p1b: Dondozo\n|move|p2a: Dondozo|Wave Crash|p1b: Dondozo\n|-resisted|p1b: Dondozo\n|-end|p1b: Dondozo|Substitute\n|-damage|p2a: Dondozo|99\/100|[from] Recoil|[of] p1b: Dondozo\n|\n|-heal|p2a: Dondozo|100\/100|[from] item: Leftovers\n|upkeep\n|turn|29\n|inactive|friedfish24 has 30 seconds left.\n|\n|t:|1738840494\n|move|p2a: Dondozo|Wave Crash|p1b: Dondozo\n|-resisted|p1b: Dondozo\n|-damage|p1b: Dondozo|89\/100\n|-damage|p2a: Dondozo|97\/100|[from] Recoil\n|move|p1b: Dondozo|Substitute|p1b: Dondozo\n|-start|p1b: Dondozo|Substitute\n|-damage|p1b: Dondozo|65\/100\n|\n|-heal|p2a: Dondozo|100\/100|[from] item: Leftovers\n|-heal|p1b: Dondozo|71\/100|[from] item: Leftovers\n|upkeep\n|turn|30\n|\n|t:|1738840514\n|move|p1b: Dondozo|Protect|p1b: Dondozo\n|-singleturn|p1b: Dondozo|Protect\n|move|p2a: Dondozo|Wave Crash|p1b: Dondozo\n|-activate|p1b: Dondozo|move: Protect\n|\n|-heal|p1b: Dondozo|77\/100|[from] item: Leftovers\n|upkeep\n|turn|31\n|inactive|friedfish24 has 30 seconds left.\n|\n|t:|1738840539\n|move|p2a: Dondozo|Wave Crash|p1b: Dondozo\n|-resisted|p1b: Dondozo\n|-activate|p1b: Dondozo|move: Substitute|[damage]\n|-damage|p2a: Dondozo|97\/100|[from] Recoil|[of] p1b: Dondozo\n|move|p1b: Dondozo|Order Up|p2a: Dondozo\n|-damage|p2a: Dondozo|87\/100\n|-boost|p1b: Dondozo|def|0\n|\n|-heal|p2a: Dondozo|93\/100|[from] item: Leftovers\n|-heal|p1b: Dondozo|83\/100|[from] item: Leftovers\n|upkeep\n|turn|32\n|\n|t:|1738840551\n|move|p2a: Dondozo|Protect|p2a: Dondozo\n|-singleturn|p2a: Dondozo|Protect\n|move|p1b: Dondozo|Protect||[still]\n|-fail|p1b: Dondozo\n|\n|-heal|p2a: Dondozo|99\/100|[from] item: Leftovers\n|-heal|p1b: Dondozo|89\/100|[from] item: Leftovers\n|upkeep\n|turn|33\n|inactive|friedfish24 has 30 seconds left.\n|inactive|friedfish24 has 20 seconds left.\n|\n|t:|1738840591\n|move|p2a: Dondozo|Wave Crash|p1b: Dondozo\n|-resisted|p1b: Dondozo\n|-activate|p1b: Dondozo|move: Substitute|[damage]\n|-damage|p2a: Dondozo|96\/100|[from] Recoil|[of] p1b: Dondozo\n|move|p1b: Dondozo|Order Up|p2a: Dondozo\n|-damage|p2a: Dondozo|86\/100\n|-boost|p1b: Dondozo|def|0\n|\n|-heal|p2a: Dondozo|92\/100|[from] item: Leftovers\n|-heal|p1b: Dondozo|96\/100|[from] item: Leftovers\n|upkeep\n|turn|34\n|inactive|friedfish24 has 30 seconds left.\n|inactive|friedfish24 has 20 seconds left.\n|inactive|friedfish24 has 15 seconds left.\n|\n|t:|1738840633\n|move|p2a: Dondozo|Protect|p2a: Dondozo\n|-singleturn|p2a: Dondozo|Protect\n|move|p1b: Dondozo|Body Press|p2a: Dondozo\n|-activate|p2a: Dondozo|move: Protect\n|\n|-heal|p2a: Dondozo|98\/100|[from] item: Leftovers\n|-heal|p1b: Dondozo|100\/100|[from] item: Leftovers\n|upkeep\n|turn|35\n|\n|t:|1738840639\n|move|p1b: Dondozo|Protect|p1b: Dondozo\n|-singleturn|p1b: Dondozo|Protect\n|move|p2a: Dondozo|Wave Crash|p1b: Dondozo\n|-activate|p1b: Dondozo|move: Protect\n|\n|-heal|p2a: Dondozo|100\/100|[from] item: Leftovers\n|upkeep\n|turn|36\n|\n|t:|1738840649\n|move|p2a: Dondozo|Wave Crash|p1b: Dondozo\n|-resisted|p1b: Dondozo\n|-end|p1b: Dondozo|Substitute\n|-damage|p2a: Dondozo|99\/100|[from] Recoil|[of] p1b: Dondozo\n|move|p1b: Dondozo|Substitute|p1b: Dondozo\n|-start|p1b: Dondozo|Substitute\n|-damage|p1b: Dondozo|76\/100\n|\n|-heal|p2a: Dondozo|100\/100|[from] item: Leftovers\n|-heal|p1b: Dondozo|82\/100|[from] item: Leftovers\n|upkeep\n|turn|37\n|\n|t:|1738840662\n|move|p2a: Dondozo|Order Up|p1b: Dondozo\n|-activate|p1b: Dondozo|move: Substitute|[damage]\n|-boost|p2a: Dondozo|def|0\n|move|p1b: Dondozo|Substitute|p1b: Dondozo\n|-fail|p1b: Dondozo|move: Substitute\n|\n|-heal|p1b: Dondozo|88\/100|[from] item: Leftovers\n|upkeep\n|turn|38\n|\n|t:|1738840670\n|move|p2a: Dondozo|Order Up|p1b: Dondozo\n|-activate|p1b: Dondozo|move: Substitute|[damage]\n|-boost|p2a: Dondozo|def|0\n|move|p1b: Dondozo|Order Up|p2a: Dondozo\n|-damage|p2a: Dondozo|90\/100\n|-boost|p1b: Dondozo|def|0\n|\n|-heal|p2a: Dondozo|97\/100|[from] item: Leftovers\n|-heal|p1b: Dondozo|94\/100|[from] item: Leftovers\n|upkeep\n|turn|39\n|\n|t:|1738840681\n|move|p2a: Dondozo|Order Up|p1b: Dondozo\n|-end|p1b: Dondozo|Substitute\n|-boost|p2a: Dondozo|def|0\n|move|p1b: Dondozo|Order Up|p2a: Dondozo\n|-damage|p2a: Dondozo|86\/100\n|-boost|p1b: Dondozo|def|0\n|\n|-heal|p2a: Dondozo|93\/100|[from] item: Leftovers\n|-heal|p1b: Dondozo|100\/100|[from] item: Leftovers\n|upkeep\n|turn|40\n|\n|t:|1738840689\n|move|p2a: Dondozo|Order Up|p1b: Dondozo\n|-damage|p1b: Dondozo|90\/100\n|-boost|p2a: Dondozo|def|0\n|move|p1b: Dondozo|Substitute|p1b: Dondozo\n|-start|p1b: Dondozo|Substitute\n|-damage|p1b: Dondozo|66\/100\n|\n|-heal|p2a: Dondozo|99\/100|[from] item: Leftovers\n|-heal|p1b: Dondozo|72\/100|[from] item: Leftovers\n|upkeep\n|turn|41\n|\n|t:|1738840696\n|move|p2a: Dondozo|Protect|p2a: Dondozo\n|-singleturn|p2a: Dondozo|Protect\n|move|p1b: Dondozo|Protect||[still]\n|-fail|p1b: Dondozo\n|\n|-heal|p2a: Dondozo|100\/100|[from] item: Leftovers\n|-heal|p1b: Dondozo|78\/100|[from] item: Leftovers\n|upkeep\n|turn|42\n|\n|t:|1738840699\n|move|p2a: Dondozo|Protect||[still]\n|-fail|p2a: Dondozo\n|move|p1b: Dondozo|Order Up|p2a: Dondozo\n|-damage|p2a: Dondozo|90\/100\n|-boost|p1b: Dondozo|def|0\n|\n|-heal|p2a: Dondozo|96\/100|[from] item: Leftovers\n|-heal|p1b: Dondozo|84\/100|[from] item: Leftovers\n|upkeep\n|turn|43\n|\n|t:|1738840707\n|move|p2a: Dondozo|Order Up|p1b: Dondozo\n|-activate|p1b: Dondozo|move: Substitute|[damage]\n|-boost|p2a: Dondozo|def|0\n|move|p1b: Dondozo|Body Press|p2a: Dondozo\n|-damage|p2a: Dondozo|80\/100\n|\n|-heal|p2a: Dondozo|86\/100|[from] item: Leftovers\n|-heal|p1b: Dondozo|90\/100|[from] item: Leftovers\n|upkeep\n|turn|44\n|\n|t:|1738840719\n|move|p2a: Dondozo|Protect|p2a: Dondozo\n|-singleturn|p2a: Dondozo|Protect\n|move|p1b: Dondozo|Substitute|p1b: Dondozo\n|-fail|p1b: Dondozo|move: Substitute\n|\n|-heal|p2a: Dondozo|93\/100|[from] item: Leftovers\n|-heal|p1b: Dondozo|97\/100|[from] item: Leftovers\n|upkeep\n|turn|45\n|\n|t:|1738840725\n|move|p2a: Dondozo|Order Up|p1b: Dondozo\n|-activate|p1b: Dondozo|move: Substitute|[damage]\n|-boost|p2a: Dondozo|def|0\n|move|p1b: Dondozo|Order Up|p2a: Dondozo\n|-damage|p2a: Dondozo|83\/100\n|-boost|p1b: Dondozo|def|0\n|\n|-heal|p2a: Dondozo|89\/100|[from] item: Leftovers\n|-heal|p1b: Dondozo|100\/100|[from] item: Leftovers\n|upkeep\n|turn|46\n|\n|t:|1738840732\n|move|p2a: Dondozo|Protect|p2a: Dondozo\n|-singleturn|p2a: Dondozo|Protect\n|move|p1b: Dondozo|Body Press|p2a: Dondozo\n|-activate|p2a: Dondozo|move: Protect\n|\n|-heal|p2a: Dondozo|95\/100|[from] item: Leftovers\n|upkeep\n|turn|47\n|\n|t:|1738840738\n|move|p2a: Dondozo|Order Up|p1b: Dondozo\n|-end|p1b: Dondozo|Substitute\n|-boost|p2a: Dondozo|def|0\n|move|p1b: Dondozo|Body Press|p2a: Dondozo\n|-damage|p2a: Dondozo|78\/100\n|\n|-heal|p2a: Dondozo|85\/100|[from] item: Leftovers\n|upkeep\n|turn|48\n|\n|t:|1738840743\n|move|p2a: Dondozo|Protect|p2a: Dondozo\n|-singleturn|p2a: Dondozo|Protect\n|move|p1b: Dondozo|Body Press|p2a: Dondozo\n|-activate|p2a: Dondozo|move: Protect\n|\n|-heal|p2a: Dondozo|91\/100|[from] item: Leftovers\n|upkeep\n|turn|49\n|\n|t:|1738840752\n|move|p2a: Dondozo|Order Up|p1b: Dondozo\n|-damage|p1b: Dondozo|90\/100\n|-boost|p2a: Dondozo|def|0\n|move|p1b: Dondozo|Body Press|p2a: Dondozo\n|-damage|p2a: Dondozo|75\/100\n|\n|-heal|p2a: Dondozo|81\/100|[from] item: Leftovers\n|-heal|p1b: Dondozo|96\/100|[from] item: Leftovers\n|upkeep\n|turn|50\n|\n|t:|1738840758\n|move|p2a: Dondozo|Order Up|p1b: Dondozo\n|-damage|p1b: Dondozo|86\/100\n|-boost|p2a: Dondozo|def|0\n|move|p1b: Dondozo|Substitute|p1b: Dondozo\n|-start|p1b: Dondozo|Substitute\n|-damage|p1b: Dondozo|61\/100\n|\n|-heal|p2a: Dondozo|87\/100|[from] item: Leftovers\n|-heal|p1b: Dondozo|67\/100|[from] item: Leftovers\n|upkeep\n|turn|51\n|\n|t:|1738840761\n|move|p2a: Dondozo|Protect|p2a: Dondozo\n|-singleturn|p2a: Dondozo|Protect\n|move|p1b: Dondozo|Substitute|p1b: Dondozo\n|-fail|p1b: Dondozo|move: Substitute\n|\n|-heal|p2a: Dondozo|93\/100|[from] item: Leftovers\n|-heal|p1b: Dondozo|74\/100|[from] item: Leftovers\n|upkeep\n|turn|52\n|\n|t:|1738840766\n|move|p2a: Dondozo|Order Up|p1b: Dondozo\n|-activate|p1b: Dondozo|move: Substitute|[damage]\n|-boost|p2a: Dondozo|def|0\n|move|p1b: Dondozo|Body Press|p2a: Dondozo\n|-damage|p2a: Dondozo|78\/100\n|\n|-heal|p2a: Dondozo|84\/100|[from] item: Leftovers\n|-heal|p1b: Dondozo|80\/100|[from] item: Leftovers\n|upkeep\n|turn|53\n|\n|t:|1738840771\n|move|p2a: Dondozo|Protect|p2a: Dondozo\n|-singleturn|p2a: Dondozo|Protect\n|move|p1b: Dondozo|Substitute|p1b: Dondozo\n|-fail|p1b: Dondozo|move: Substitute\n|\n|-heal|p2a: Dondozo|90\/100|[from] item: Leftovers\n|-heal|p1b: Dondozo|86\/100|[from] item: Leftovers\n|upkeep\n|turn|54\n|\n|t:|1738840775\n|move|p2a: Dondozo|Body Press|p1b: Dondozo\n|-activate|p1b: Dondozo|move: Substitute|[damage]\n|move|p1b: Dondozo|Body Press|p2a: Dondozo\n|-damage|p2a: Dondozo|74\/100\n|\n|-heal|p2a: Dondozo|81\/100|[from] item: Leftovers\n|-heal|p1b: Dondozo|92\/100|[from] item: Leftovers\n|upkeep\n|turn|55\n|\n|t:|1738840783\n|move|p2a: Dondozo|Protect|p2a: Dondozo\n|-singleturn|p2a: Dondozo|Protect\n|move|p1b: Dondozo|Substitute|p1b: Dondozo\n|-fail|p1b: Dondozo|move: Substitute\n|\n|-heal|p2a: Dondozo|87\/100|[from] item: Leftovers\n|-heal|p1b: Dondozo|98\/100|[from] item: Leftovers\n|upkeep\n|turn|56\n|\n|t:|1738840787\n|move|p2a: Dondozo|Body Press|p1b: Dondozo\n|-end|p1b: Dondozo|Substitute\n|move|p1b: Dondozo|Order Up|p2a: Dondozo\n|-damage|p2a: Dondozo|76\/100\n|-boost|p1b: Dondozo|def|0\n|\n|-heal|p2a: Dondozo|82\/100|[from] item: Leftovers\n|-heal|p1b: Dondozo|100\/100|[from] item: Leftovers\n|upkeep\n|turn|57\n|\n|t:|1738840790\n|move|p2a: Dondozo|Protect|p2a: Dondozo\n|-singleturn|p2a: Dondozo|Protect\n|move|p1b: Dondozo|Substitute|p1b: Dondozo\n|-start|p1b: Dondozo|Substitute\n|-damage|p1b: Dondozo|76\/100\n|\n|-heal|p2a: Dondozo|89\/100|[from] item: Leftovers\n|-heal|p1b: Dondozo|82\/100|[from] item: Leftovers\n|upkeep\n|turn|58\n|\n|t:|1738840794\n|move|p2a: Dondozo|Body Press|p1b: Dondozo\n|-activate|p1b: Dondozo|move: Substitute|[damage]\n|move|p1b: Dondozo|Body Press|p2a: Dondozo\n|-damage|p2a: Dondozo|73\/100\n|\n|-heal|p2a: Dondozo|79\/100|[from] item: Leftovers\n|-heal|p1b: Dondozo|88\/100|[from] item: Leftovers\n|upkeep\n|turn|59\n|\n|t:|1738840798\n|move|p2a: Dondozo|Body Press|p1b: Dondozo\n|-end|p1b: Dondozo|Substitute\n|move|p1b: Dondozo|Body Press|p2a: Dondozo\n|-damage|p2a: Dondozo|64\/100\n|\n|-heal|p2a: Dondozo|70\/100|[from] item: Leftovers\n|-heal|p1b: Dondozo|94\/100|[from] item: Leftovers\n|upkeep\n|turn|60\n|\n|t:|1738840804\n|move|p2a: Dondozo|Body Press|p1b: Dondozo\n|-damage|p1b: Dondozo|80\/100\n|move|p1b: Dondozo|Substitute|p1b: Dondozo\n|-start|p1b: Dondozo|Substitute\n|-damage|p1b: Dondozo|55\/100\n|\n|-heal|p2a: Dondozo|77\/100|[from] item: Leftovers\n|-heal|p1b: Dondozo|62\/100|[from] item: Leftovers\n|upkeep\n|turn|61\n|\n|t:|1738840807\n|move|p2a: Dondozo|Body Press|p1b: Dondozo\n|-activate|p1b: Dondozo|move: Substitute|[damage]\n|move|p1b: Dondozo|Body Press|p2a: Dondozo\n|-damage|p2a: Dondozo|62\/100\n|\n|-heal|p2a: Dondozo|69\/100|[from] item: Leftovers\n|-heal|p1b: Dondozo|68\/100|[from] item: Leftovers\n|upkeep\n|turn|62\n|\n|t:|1738840809\n|move|p2a: Dondozo|Body Press|p1b: Dondozo\n|-end|p1b: Dondozo|Substitute\n|move|p1b: Dondozo|Body Press|p2a: Dondozo\n|-damage|p2a: Dondozo|53\/100\n|\n|-heal|p2a: Dondozo|59\/100|[from] item: Leftovers\n|-heal|p1b: Dondozo|74\/100|[from] item: Leftovers\n|upkeep\n|turn|63\n|\n|t:|1738840812\n|move|p2a: Dondozo|Body Press|p1b: Dondozo\n|-damage|p1b: Dondozo|60\/100\n|move|p1b: Dondozo|Substitute|p1b: Dondozo\n|-start|p1b: Dondozo|Substitute\n|-damage|p1b: Dondozo|35\/100\n|\n|-heal|p2a: Dondozo|65\/100|[from] item: Leftovers\n|-heal|p1b: Dondozo|42\/100|[from] item: Leftovers\n|upkeep\n|turn|64\n|\n|t:|1738840815\n|move|p2a: Dondozo|Body Press|p1b: Dondozo\n|-activate|p1b: Dondozo|move: Substitute|[damage]\n|move|p1b: Dondozo|Body Press|p2a: Dondozo\n|-damage|p2a: Dondozo|50\/100\n|\n|-heal|p2a: Dondozo|56\/100|[from] item: Leftovers\n|-heal|p1b: Dondozo|48\/100|[from] item: Leftovers\n|upkeep\n|turn|65\n|\n|t:|1738840819\n|move|p2a: Dondozo|Body Press|p1b: Dondozo\n|-end|p1b: Dondozo|Substitute\n|move|p1b: Dondozo|Body Press|p2a: Dondozo\n|-damage|p2a: Dondozo|39\/100\n|\n|-heal|p2a: Dondozo|45\/100|[from] item: Leftovers\n|-heal|p1b: Dondozo|54\/100|[from] item: Leftovers\n|upkeep\n|turn|66\n|\n|t:|1738840824\n|move|p2a: Dondozo|Body Press|p1b: Dondozo\n|-damage|p1b: Dondozo|39\/100\n|move|p1b: Dondozo|Body Press|p2a: Dondozo\n|-damage|p2a: Dondozo|29\/100\n|\n|-heal|p2a: Dondozo|35\/100|[from] item: Leftovers\n|-heal|p1b: Dondozo|46\/100|[from] item: Leftovers\n|upkeep\n|turn|67\n|\n|t:|1738840826\n|move|p2a: Dondozo|Body Press|p1b: Dondozo\n|-damage|p1b: Dondozo|31\/100\n|move|p1b: Dondozo|Order Up|p2a: Dondozo\n|-damage|p2a: Dondozo|24\/100\n|-boost|p1b: Dondozo|def|0\n|\n|-heal|p2a: Dondozo|30\/100|[from] item: Leftovers\n|-heal|p1b: Dondozo|38\/100|[from] item: Leftovers\n|upkeep\n|turn|68\n|\n|t:|1738840829\n|-activate|p2a: Dondozo|move: Struggle\n|move|p2a: Dondozo|Struggle|p1a: Tatsugiri|[miss]\n|-miss|p2a: Dondozo|p1a: Tatsugiri\n|move|p1b: Dondozo|Order Up|p2a: Dondozo\n|-damage|p2a: Dondozo|20\/100\n|-boost|p1b: Dondozo|def|0\n|\n|-heal|p2a: Dondozo|26\/100|[from] item: Leftovers\n|-heal|p1b: Dondozo|44\/100|[from] item: Leftovers\n|upkeep\n|turn|69\n|\n|t:|1738840836\n|-activate|p2a: Dondozo|move: Struggle\n|move|p2a: Dondozo|Struggle|p1a: Tatsugiri|[miss]\n|-miss|p2a: Dondozo|p1a: Tatsugiri\n|-activate|p1b: Dondozo|move: Struggle\n|move|p1b: Dondozo|Struggle|p2b: Tatsugiri|[miss]\n|-miss|p1b: Dondozo|p2b: Tatsugiri\n|\n|-heal|p2a: Dondozo|32\/100|[from] item: Leftovers\n|-heal|p1b: Dondozo|50\/100|[from] item: Leftovers\n|upkeep\n|turn|70\n|\n|t:|1738840842\n|-activate|p2a: Dondozo|move: Struggle\n|move|p2a: Dondozo|Struggle|p1a: Tatsugiri|[miss]\n|-miss|p2a: Dondozo|p1a: Tatsugiri\n|-activate|p1b: Dondozo|move: Struggle\n|move|p1b: Dondozo|Struggle|p2a: Dondozo\n|-damage|p2a: Dondozo|25\/100\n|-damage|p1b: Dondozo|25\/100|[from] recoil\n|\n|-heal|p2a: Dondozo|31\/100|[from] item: Leftovers\n|-heal|p1b: Dondozo|31\/100|[from] item: Leftovers\n|upkeep\n|turn|71\n|c|\u2606Dearp|no way lmao\n|\n|t:|1738840848\n|-activate|p2a: Dondozo|move: Struggle\n|move|p2a: Dondozo|Struggle|p1b: Dondozo\n|-damage|p1b: Dondozo|24\/100\n|-damage|p2a: Dondozo|6\/100|[from] recoil\n|-activate|p1b: Dondozo|move: Struggle\n|move|p1b: Dondozo|Struggle|p2a: Dondozo\n|-damage|p2a: Dondozo|0 fnt\n|faint|p2a: Dondozo\n|-damage|p1b: Dondozo|0 fnt|[from] recoil\n|faint|p1b: Dondozo\n|\n|upkeep\n|inactive|Dearp has 30 seconds left.\n|\n|t:|1738840876\n|switch|p2a: Terapagos|Terapagos-Terastal, L50, M|100\/100 slp\n|switch|p1b: Terapagos|Terapagos-Stellar, L50, M, tera:Stellar|100\/100\n|turn|72\n|\n|t:|1738840896\n|move|p1a: Tatsugiri|Dragon Pulse|p2b: Tatsugiri\n|-supereffective|p2b: Tatsugiri\n|-damage|p2b: Tatsugiri|41\/100\n|-curestatus|p2a: Terapagos|slp|[msg]\n|move|p2a: Terapagos|Tera Starstorm|p1b: Terapagos\n|-damage|p1b: Terapagos|46\/100\n|move|p1b: Terapagos|Tera Starstorm|p2a: Terapagos|[spread] p2a,p2b\n|-activate|p2a: Terapagos|ability: Tera Shell\n|-resisted|p2a: Terapagos\n|-damage|p2a: Terapagos|71\/100\n|-damage|p2b: Tatsugiri|0 fnt\n|faint|p2b: Tatsugiri\n|\n|upkeep\n|\n|t:|1738840905\n|switch|p2b: Smeargle|Smeargle, L50, M|1\/100 slp\n|turn|73\n|\n|t:|1738840914\n|-terastallize|p2a: Terapagos|Stellar\n|detailschange|p2a: Terapagos|Terapagos-Stellar, L50, M, tera:Stellar\n|-heal|p2a: Terapagos|79\/100|[silent]\n|cant|p2b: Smeargle|slp\n|move|p1a: Tatsugiri|Dragon Pulse|p2a: Terapagos\n|-damage|p2a: Terapagos|47\/100\n|move|p2a: Terapagos|Tera Starstorm|p1a: Tatsugiri|[spread] p1a,p1b\n|-supereffective|p1b: Terapagos\n|-damage|p1a: Tatsugiri|25\/100\n|-damage|p1b: Terapagos|0 fnt\n|faint|p1b: Terapagos\n|\n|-ability|p2b: Smeargle|Moody|boost\n|-boost|p2b: Smeargle|spd|2\n|-unboost|p2b: Smeargle|spe|1\n|upkeep\n|turn|74\n|-message|friedfish24 forfeited.\n|\n|win|Dearp\n|raw|friedfish24's rating: 1582 &rarr; <strong>1566<\/strong><br \/>(-16 for losing)\n|raw|Dearp's rating: 1648 &rarr; <strong>1664<\/strong><br \/>(+16 for winning)\n|l|\u2606friedfish24\n|player|p1|\n","uploadtime":1738840927,"views":8,"formatid":"gen9vgc2025regg","rating":1566,"private":0,"password":null}