{"id":"gen9vgc2025regg-2295576319","format":"[Gen 9] VGC 2025 Reg G","players":["The Slimmest Jesus","jd8erh"],"log":"|j|\u2606The Slimmest Jesus\n|j|\u2606jd8erh\n|t:|1738854892\n|gametype|doubles\n|player|p1|The Slimmest Jesus|266|1638\n|player|p2|jd8erh|2|1672\n|teamsize|p1|6\n|teamsize|p2|6\n|gen|9\n|tier|[Gen 9] VGC 2025 Reg G\n|rated|\n|rule|Species Clause: Limit one of each Pok\u00e9mon\n|rule|Item Clause: Limit 1 of each item\n|clearpoke\n|poke|p1|Indeedee-F, L50, F|\n|poke|p1|Regidrago, L50|\n|poke|p1|Torkoal, L50, M|\n|poke|p1|Gallade, L50, M|\n|poke|p1|Calyrex-Ice, L50|\n|poke|p1|Lilligant-Hisui, L50, F|\n|poke|p2|Urshifu-*, L50, F|\n|poke|p2|Raging Bolt, L50|\n|poke|p2|Calyrex-Ice, L50|\n|poke|p2|Incineroar, L50, M|\n|poke|p2|Rillaboom, L50, F|\n|poke|p2|Farigiraf, L50, M|\n|teampreview|4\n|inactive|Battle timer is ON: inactive players will automatically lose when time's up. (requested by The Slimmest Jesus)\njd8erh has agreed to open team sheets.\n|inactive|The Slimmest Jesus has 60 seconds left.\n|inactive|jd8erh has 60 seconds left.\n|\n|t:|1738854944\n|start\n|switch|p1a: Calyrex|Calyrex-Ice, L50|100\/100\n|switch|p1b: Lilligant|Lilligant-Hisui, L50, F|100\/100\n|switch|p2a: Raging Bolt|Raging Bolt, L50|100\/100\n|switch|p2b: Urshifu|Urshifu-Rapid-Strike, L50, F|100\/100\n|-ability|p1a: Calyrex|As One\n|-ability|p1a: Calyrex|Unnerve\n|-enditem|p2a: Raging Bolt|Booster Energy\n|-activate|p2a: Raging Bolt|ability: Protosynthesis|[fromitem]\n|-start|p2a: Raging Bolt|protosynthesisspa\n|turn|1\n|inactive|The Slimmest Jesus has 30 seconds left.\n|inactive|The Slimmest Jesus has 20 seconds left.\n|inactive|The Slimmest Jesus has 15 seconds left.\n|\n|t:|1738854988\n|move|p2a: Raging Bolt|Protect|p2a: Raging Bolt\n|-singleturn|p2a: Raging Bolt|Protect\n|move|p1b: Lilligant|After You|p1a: Calyrex\n|-activate|p1a: Calyrex|move: After You\n|move|p1a: Calyrex|Glacial Lance|p2b: Urshifu|[spread] p2b\n|-activate|p2a: Raging Bolt|move: Protect\n|-resisted|p2b: Urshifu\n|-damage|p2b: Urshifu|72\/100\n|move|p2b: Urshifu|Surging Strikes|p1a: Calyrex\n|-crit|p1a: Calyrex\n|-damage|p1a: Calyrex|87\/100\n|-crit|p1a: Calyrex\n|-damage|p1a: Calyrex|74\/100\n|-crit|p1a: Calyrex\n|-damage|p1a: Calyrex|60\/100\n|-hitcount|p1a: Calyrex|3\n|\n|upkeep\n|turn|2\n|inactive|The Slimmest Jesus has 30 seconds left.\n|\n|t:|1738855022\n|-end|p2a: Raging Bolt|Protosynthesis|[silent]\n|switch|p2a: Incineroar|Incineroar, L50, M|100\/100\n|-ability|p2a: Incineroar|Intimidate|boost\n|-unboost|p1a: Calyrex|atk|1\n|-unboost|p1b: Lilligant|atk|1\n|-enditem|p1a: Calyrex|White Herb\n|-clearnegativeboost|p1a: Calyrex|[silent]\n|move|p1b: Lilligant|After You|p1a: Calyrex\n|-activate|p1a: Calyrex|move: After You\n|move|p1a: Calyrex|Trick Room|p1a: Calyrex\n|-fieldstart|move: Trick Room|[of] p1a: Calyrex\n|move|p2b: Urshifu|Surging Strikes|p1a: Calyrex\n|-crit|p1a: Calyrex\n|-damage|p1a: Calyrex|45\/100\n|-crit|p1a: Calyrex\n|-damage|p1a: Calyrex|32\/100\n|-crit|p1a: Calyrex\n|-damage|p1a: Calyrex|19\/100\n|-hitcount|p1a: Calyrex|3\n|\n|upkeep\n|turn|3\n|\n|t:|1738855045\n|switch|p2b: Calyrex|Calyrex-Ice, L50|100\/100\n|-ability|p2b: Calyrex|As One\n|-ability|p2b: Calyrex|Unnerve\n|switch|p1b: Indeedee|Indeedee-F, L50, F|100\/100\n|-fieldstart|move: Psychic Terrain|[from] ability: Psychic Surge|[of] p1b: Indeedee\n|-terastallize|p2a: Incineroar|Ghost\n|move|p1a: Calyrex|Close Combat|p2a: Incineroar\n|-immune|p2a: Incineroar\n|move|p2a: Incineroar|Knock Off|p1a: Calyrex\n|-supereffective|p1a: Calyrex\n|-damage|p1a: Calyrex|0 fnt\n|faint|p1a: Calyrex\n|\n|upkeep\n|\n|t:|1738855062\n|switch|p1a: Regidrago|Regidrago, L50|100\/100\n|turn|4\n|\n|t:|1738855084\n|-terastallize|p1a: Regidrago|Dragon\n|move|p1b: Indeedee|Helping Hand|p1a: Regidrago\n|-singleturn|p1a: Regidrago|Helping Hand|[of] p1b: Indeedee\n|move|p1a: Regidrago|Dragon Energy|p2a: Incineroar|[spread] p2a,p2b\n|-damage|p2a: Incineroar|0 fnt\n|-damage|p2b: Calyrex|5\/100\n|faint|p2a: Incineroar\n|move|p2b: Calyrex|Glacial Lance|p1b: Indeedee|[spread] p1a,p1b\n|-supereffective|p1a: Regidrago\n|-damage|p1a: Regidrago|0 fnt\n|-damage|p1b: Indeedee|41\/100\n|faint|p1a: Regidrago\n|-ability|p2b: Calyrex|Chilling Neigh|boost\n|-boost|p2b: Calyrex|atk|1\n|\n|upkeep\n|\n|t:|1738855101\n|switch|p1a: Lilligant|Lilligant-Hisui, L50, F|100\/100\n|switch|p2a: Urshifu|Urshifu-Rapid-Strike, L50, F|72\/100\n|turn|5\n|c|\u2606jd8erh|Gg\n|inactive|The Slimmest Jesus has 30 seconds left.\n|inactive|The Slimmest Jesus has 20 seconds left.\n|inactive|The Slimmest Jesus has 15 seconds left.\n|inactive|The Slimmest Jesus has 10 seconds left.\n|inactive|The Slimmest Jesus has 5 seconds left.\n|\n|t:|1738855156\n|move|p2b: Calyrex|Glacial Lance|p1b: Indeedee|[spread] p1a,p1b\n|-supereffective|p1a: Lilligant\n|-crit|p1b: Indeedee\n|-enditem|p1a: Lilligant|Focus Sash\n|-damage|p1a: Lilligant|1\/100\n|-damage|p1b: Indeedee|0 fnt\n|faint|p1b: Indeedee\n|-ability|p2b: Calyrex|Chilling Neigh|boost\n|-boost|p2b: Calyrex|atk|1\n|move|p2a: Urshifu|Close Combat|p1a: Lilligant\n|-damage|p1a: Lilligant|0 fnt\n|-unboost|p2a: Urshifu|def|1\n|-unboost|p2a: Urshifu|spd|1\n|faint|p1a: Lilligant\n|\n|win|jd8erh\n|raw|The Slimmest Jesus's rating: 1638 &rarr; <strong>1620<\/strong><br \/>(-18 for losing)\n|raw|jd8erh's rating: 1672 &rarr; <strong>1690<\/strong><br \/>(+18 for winning)\n|l|\u2606jd8erh\n|player|p2|\n|l|\u2606The Slimmest Jesus\n|player|p1|\n","uploadtime":1738855304,"views":13,"formatid":"gen9vgc2025regg","rating":1620,"private":0,"password":null}