{"id":"gen9vgc2025regg-2295450089","format":"[Gen 9] VGC 2025 Reg G","players":["roykeenkennedy","badpiplupvgc"],"log":"|j|\u2606roykeenkennedy\n|j|\u2606badpiplupvgc\n|t:|1738837200\n|gametype|doubles\n|player|p1|roykeenkennedy|alder|1585\n|player|p2|badpiplupvgc|102|1581\n|teamsize|p1|6\n|teamsize|p2|6\n|gen|9\n|tier|[Gen 9] VGC 2025 Reg G\n|rated|\n|rule|Species Clause: Limit one of each Pok\u00e9mon\n|rule|Item Clause: Limit 1 of each item\n|clearpoke\n|poke|p1|Glimmora, L50, M|\n|poke|p1|Whimsicott, L50, F|\n|poke|p1|Indeedee-F, L50, F|\n|poke|p1|Weezing, L50, M|\n|poke|p1|Calyrex-Shadow, L50|\n|poke|p1|Urshifu-*, L50, M|\n|poke|p2|Calyrex-Ice, L50|\n|poke|p2|Amoonguss, L50, M|\n|poke|p2|Raging Bolt, L50|\n|poke|p2|Chi-Yu, L50|\n|poke|p2|Rillaboom, L50, M|\n|poke|p2|Urshifu-*, L50, M|\n|teampreview|4\n|\n|t:|1738837222\n|start\n|switch|p1a: Whimsicott|Whimsicott, L50, F|100\/100\n|switch|p1b: Glimmora|Glimmora, L50, M|100\/100\n|switch|p2a: Chi-Yu|Chi-Yu, L50|100\/100\n|switch|p2b: Raging Bolt|Raging Bolt, L50|100\/100\n|-ability|p2a: Chi-Yu|Beads of Ruin\n|-enditem|p2b: Raging Bolt|Booster Energy\n|-activate|p2b: Raging Bolt|ability: Protosynthesis|[fromitem]\n|-start|p2b: Raging Bolt|protosynthesisspa\n|turn|1\n|\n|t:|1738837254\n|switch|p2a: Rillaboom|Rillaboom, L50, M|100\/100\n|-fieldstart|move: Grassy Terrain|[from] ability: Grassy Surge|[of] p2a: Rillaboom\n|move|p1a: Whimsicott|Tailwind|p1a: Whimsicott\n|-sidestart|p1: roykeenkennedy|move: Tailwind\n|move|p1b: Glimmora|Meteor Beam||[still]\n|-prepare|p1b: Glimmora|Meteor Beam\n|-boost|p1b: Glimmora|spa|1\n|-enditem|p1b: Glimmora|Power Herb\n|-anim|p1b: Glimmora|Meteor Beam|p2a: Rillaboom\n|-damage|p2a: Rillaboom|37\/100\n|move|p2b: Raging Bolt|Thunderbolt|p1b: Glimmora\n|-damage|p1b: Glimmora|29\/100\n|\n|-heal|p1b: Glimmora|35\/100|[from] Grassy Terrain\n|-heal|p2a: Rillaboom|43\/100|[from] Grassy Terrain\n|upkeep\n|turn|2\n|\n|t:|1738837299\n|switch|p1a: Indeedee|Indeedee-F, L50, F|100\/100\n|-fieldstart|move: Psychic Terrain|[from] ability: Psychic Surge|[of] p1a: Indeedee\n|move|p2b: Raging Bolt|Thunderclap|p1b: Glimmora\n|-activate|p1b: Glimmora|move: Psychic Terrain\n|move|p1b: Glimmora|Mortal Spin|p2a: Rillaboom|[spread] p2a,p2b\n|-supereffective|p2a: Rillaboom\n|-damage|p2a: Rillaboom|33\/100\n|-damage|p2b: Raging Bolt|96\/100\n|-status|p2a: Rillaboom|psn\n|-status|p2b: Raging Bolt|psn\n|move|p2a: Rillaboom|U-turn|p1a: Indeedee\n|-supereffective|p1a: Indeedee\n|-damage|p1a: Indeedee|45\/100\n|-damage|p2a: Rillaboom|16\/100 psn|[from] item: Rocky Helmet|[of] p1a: Indeedee\n|\n|t:|1738837314\n|switch|p2a: Calyrex|Calyrex-Ice, L50|100\/100|[from] U-turn\n|-ability|p2a: Calyrex|As One\n|-ability|p2a: Calyrex|Unnerve\n|\n|-damage|p2b: Raging Bolt|84\/100 psn|[from] psn\n|upkeep\n|turn|3\n|\n|t:|1738837338\n|-terastallize|p2a: Calyrex|Fire\n|move|p1b: Glimmora|Earth Power|p2b: Raging Bolt\n|-supereffective|p2b: Raging Bolt\n|-damage|p2b: Raging Bolt|0 fnt\n|faint|p2b: Raging Bolt\n|-end|p2b: Raging Bolt|Protosynthesis|[silent]\n|move|p1a: Indeedee|Trick Room|p1a: Indeedee\n|-fieldstart|move: Trick Room|[of] p1a: Indeedee\n|move|p2a: Calyrex|Trick Room|p2a: Calyrex\n|-fieldend|move: Trick Room\n|\n|upkeep\n|\n|t:|1738837355\n|switch|p2b: Rillaboom|Rillaboom, L50, M|16\/100 psn\n|-fieldstart|move: Grassy Terrain|[from] ability: Grassy Surge|[of] p2b: Rillaboom\n|turn|4\n|\n|t:|1738837374\n|switch|p1a: Whimsicott|Whimsicott, L50, F|100\/100\n|move|p1b: Glimmora|Spiky Shield|p1b: Glimmora\n|-singleturn|p1b: Glimmora|move: Protect\n|move|p2b: Rillaboom|Fake Out|p1b: Glimmora\n|-activate|p1b: Glimmora|move: Protect\n|-damage|p2b: Rillaboom|4\/100 psn|[from] Spiky Shield|[of] p1b: Glimmora\n|move|p2a: Calyrex|Glacial Lance|p1b: Glimmora|[spread] p1a\n|-activate|p1b: Glimmora|move: Protect\n|-supereffective|p1a: Whimsicott\n|-damage|p1a: Whimsicott|0 fnt\n|faint|p1a: Whimsicott\n|-ability|p2a: Calyrex|Chilling Neigh|boost\n|-boost|p2a: Calyrex|atk|1\n|\n|-heal|p1b: Glimmora|42\/100|[from] Grassy Terrain\n|-heal|p2b: Rillaboom|10\/100 psn|[from] Grassy Terrain\n|-damage|p2b: Rillaboom|0 fnt|[from] psn\n|faint|p2b: Rillaboom\n|-sideend|p1: roykeenkennedy|move: Tailwind\n|upkeep\n|inactive|Battle timer is ON: inactive players will automatically lose when time's up. (requested by badpiplupvgc)\n|\n|t:|1738837397\n|switch|p1a: Calyrex|Calyrex-Shadow, L50|100\/100\n|switch|p2b: Chi-Yu|Chi-Yu, L50|100\/100\n|-ability|p1a: Calyrex|As One\n|-ability|p1a: Calyrex|Unnerve\n|-ability|p2b: Chi-Yu|Beads of Ruin\n|turn|5\n|inactive|roykeenkennedy has 30 seconds left.\n|inactive|badpiplupvgc has 30 seconds left.\n|inactive|roykeenkennedy has 20 seconds left.\n|inactive|badpiplupvgc has 20 seconds left.\n|inactive|roykeenkennedy has 15 seconds left.\n|inactive|roykeenkennedy has 10 seconds left.\n|\n|t:|1738837442\n|move|p1a: Calyrex|Protect|p1a: Calyrex\n|-singleturn|p1a: Calyrex|Protect\n|move|p2a: Calyrex|Protect|p2a: Calyrex\n|-singleturn|p2a: Calyrex|Protect\n|move|p2b: Chi-Yu|Snarl|p1a: Calyrex|[spread] p1b\n|-activate|p1a: Calyrex|move: Protect\n|-damage|p1b: Glimmora|9\/100\n|-unboost|p1b: Glimmora|spa|1\n|move|p1b: Glimmora|Earth Power|p2b: Chi-Yu\n|-supereffective|p2b: Chi-Yu\n|-damage|p2b: Chi-Yu|27\/100\n|\n|-heal|p2b: Chi-Yu|33\/100|[from] Grassy Terrain\n|-heal|p1b: Glimmora|15\/100|[from] Grassy Terrain\n|upkeep\n|turn|6\n|inactive|roykeenkennedy has 30 seconds left.\n|\n|t:|1738837473\n|switch|p1b: Indeedee|Indeedee-F, L50, F|45\/100\n|-fieldstart|move: Psychic Terrain|[from] ability: Psychic Surge|[of] p1b: Indeedee\n|-terastallize|p1a: Calyrex|Fighting\n|move|p2b: Chi-Yu|Snarl|p1a: Calyrex|[spread] p1a,p1b\n|-resisted|p1a: Calyrex\n|-supereffective|p1b: Indeedee\n|-damage|p1a: Calyrex|83\/100\n|-damage|p1b: Indeedee|0 fnt\n|-unboost|p1a: Calyrex|spa|1\n|faint|p1b: Indeedee\n|move|p1a: Calyrex|Expanding Force|p2b: Chi-Yu|[spread] p2a\n|-immune|p2b: Chi-Yu\n|-damage|p2a: Calyrex|53\/100\n|-damage|p1a: Calyrex|74\/100|[from] item: Life Orb\n|move|p2a: Calyrex|Glacial Lance|p1a: Calyrex\n|-damage|p1a: Calyrex|0 fnt\n|faint|p1a: Calyrex\n|-ability|p2a: Calyrex|Chilling Neigh|boost\n|-boost|p2a: Calyrex|atk|1\n|\n|upkeep\n|-message|roykeenkennedy forfeited.\n|\n|win|badpiplupvgc\n|raw|roykeenkennedy's rating: 1585 &rarr; <strong>1565<\/strong><br \/>(-20 for losing)\n|raw|badpiplupvgc's rating: 1581 &rarr; <strong>1601<\/strong><br \/>(+20 for winning)\n|l|\u2606roykeenkennedy\n|player|p1|\n|l|\u2606badpiplupvgc\n|player|p2|\n","uploadtime":1738837726,"views":20,"formatid":"gen9vgc2025regg","rating":1565,"private":0,"password":null}