{"id":"gen9vgc2025regg-2295572882","format":"[Gen 9] VGC 2025 Reg G","players":["morgan01vgc","Durango420"],"log":"|j|\u2606morgan01vgc\n|j|\u2606Durango420\n|t:|1738854530\n|gametype|doubles\n|player|p1|morgan01vgc|elesa|1637\n|player|p2|Durango420|giovanni|1564\n|teamsize|p1|6\n|teamsize|p2|6\n|gen|9\n|tier|[Gen 9] VGC 2025 Reg G\n|rated|\n|rule|Species Clause: Limit one of each Pok\u00e9mon\n|rule|Item Clause: Limit 1 of each item\n|clearpoke\n|poke|p1|Calyrex-Shadow, L50|\n|poke|p1|Weezing-Galar, L50, F|\n|poke|p1|Regigigas, L50|\n|poke|p1|Urshifu-*, L50, M|\n|poke|p1|Indeedee-F, L50, F|\n|poke|p1|Chi-Yu, L50|\n|poke|p2|Amoonguss, L50, M|\n|poke|p2|Roaring Moon, L50|\n|poke|p2|Rillaboom, L50, M|\n|poke|p2|Incineroar, L50, F|\n|poke|p2|Kyogre, L50|\n|poke|p2|Urshifu-*, L50, M|\n|teampreview|4\n|inactive|Battle timer is ON: inactive players will automatically lose when time's up. (requested by Durango420)\n|\n|t:|1738854551\n|start\n|switch|p1a: Weezing|Weezing-Galar, L50, F|100\/100\n|switch|p1b: Regigigas|Regigigas, L50|100\/100\n|switch|p2a: Urshifu|Urshifu-Rapid-Strike, L50, M|100\/100\n|switch|p2b: Roaring Moon|Roaring Moon, L50|100\/100\n|-ability|p1a: Weezing|Neutralizing Gas\n|turn|1\n|\n|t:|1738854575\n|move|p2a: Urshifu|U-turn|p1b: Regigigas\n|-damage|p1b: Regigigas|79\/100\n|\n|t:|1738854578\n|switch|p2a: Rillaboom|Rillaboom, L50, M|100\/100|[from] U-turn\n|move|p2b: Roaring Moon|Tailwind|p2b: Roaring Moon\n|-sidestart|p2: Durango420|move: Tailwind\n|move|p1b: Regigigas|Double-Edge|p2a: Rillaboom\n|-damage|p2a: Rillaboom|17\/100\n|-damage|p1b: Regigigas|51\/100|[from] Recoil\n|-damage|p1b: Regigigas|41\/100|[from] item: Life Orb\n|move|p1a: Weezing|Dazzling Gleam|p2a: Rillaboom|[spread] p2a,p2b\n|-supereffective|p2b: Roaring Moon\n|-damage|p2a: Rillaboom|6\/100\n|-damage|p2b: Roaring Moon|51\/100\n|\n|upkeep\n|turn|2\n|\n|t:|1738854603\n|move|p2b: Roaring Moon|Acrobatics|p1a: Weezing\n|-damage|p1a: Weezing|84\/100\n|move|p2a: Rillaboom|U-turn|p1b: Regigigas\n|-damage|p1b: Regigigas|23\/100\n|\n|t:|1738854606\n|switch|p2a: Urshifu|Urshifu-Rapid-Strike, L50, M|100\/100|[from] U-turn\n|move|p1b: Regigigas|Double-Edge|p2b: Roaring Moon\n|-damage|p2b: Roaring Moon|0 fnt\n|faint|p2b: Roaring Moon\n|-end|p2b: Roaring Moon|Protosynthesis|[silent]\n|-damage|p1b: Regigigas|6\/100|[from] Recoil\n|-damage|p1b: Regigigas|0 fnt|[from] item: Life Orb\n|faint|p1b: Regigigas\n|-end|p1b: Regigigas|Slow Start|[silent]\n|move|p1a: Weezing|Dazzling Gleam|p2a: Urshifu\n|-supereffective|p2a: Urshifu\n|-damage|p2a: Urshifu|29\/100\n|\n|upkeep\n|j| bluestraggler02\n|\n|t:|1738854627\n|switch|p2b: Kyogre|Kyogre, L50|100\/100\n|switch|p1b: Indeedee|Indeedee-F, L50, F|100\/100\n|turn|3\n|l| bluestraggler02\n|\n|t:|1738854652\n|move|p2a: Urshifu|U-turn|p1a: Weezing\n|-resisted|p1a: Weezing\n|-damage|p1a: Weezing|78\/100\n|\n|t:|1738854654\n|switch|p2a: Rillaboom|Rillaboom, L50, M|6\/100|[from] U-turn\n|move|p2b: Kyogre|Calm Mind|p2b: Kyogre\n|-boost|p2b: Kyogre|spa|1\n|-boost|p2b: Kyogre|spd|1\n|move|p1b: Indeedee|Dazzling Gleam|p2b: Kyogre|[spread] p2a,p2b\n|-damage|p2a: Rillaboom|0 fnt\n|-damage|p2b: Kyogre|95\/100\n|faint|p2a: Rillaboom\n|move|p1a: Weezing|Poison Gas|p2b: Kyogre\n|-status|p2b: Kyogre|psn\n|\n|-heal|p2b: Kyogre|100\/100 psn|[from] item: Leftovers\n|-damage|p2b: Kyogre|88\/100 psn|[from] psn\n|upkeep\n|\n|t:|1738854656\n|switch|p2a: Urshifu|Urshifu-Rapid-Strike, L50, M|29\/100\n|turn|4\n|\n|t:|1738854678\n|move|p1a: Weezing|Protect|p1a: Weezing\n|-singleturn|p1a: Weezing|Protect\n|move|p2a: Urshifu|Surging Strikes|p1b: Indeedee\n|-crit|p1b: Indeedee\n|-damage|p1b: Indeedee|82\/100\n|-crit|p1b: Indeedee\n|-damage|p1b: Indeedee|63\/100\n|-crit|p1b: Indeedee\n|-damage|p1b: Indeedee|45\/100\n|-hitcount|p1b: Indeedee|3\n|move|p2b: Kyogre|Origin Pulse|p1b: Indeedee|[spread] p1b\n|-activate|p1a: Weezing|move: Protect\n|-damage|p1b: Indeedee|0 fnt\n|faint|p1b: Indeedee\n|\n|-heal|p2b: Kyogre|94\/100 psn|[from] item: Leftovers\n|-damage|p2b: Kyogre|82\/100 psn|[from] psn\n|-sideend|p2: Durango420|move: Tailwind\n|upkeep\n|j| nico R0b1N\n|\n|t:|1738854696\n|switch|p1b: Calyrex|Calyrex-Shadow, L50|100\/100\n|-ability|p1b: Calyrex|As One\n|-ability|p1b: Calyrex|Unnerve\n|turn|5\n|\n|t:|1738854704\n|move|p1b: Calyrex|Protect|p1b: Calyrex\n|-singleturn|p1b: Calyrex|Protect\n|move|p2a: Urshifu|Surging Strikes|p1b: Calyrex\n|-activate|p1b: Calyrex|move: Protect\n|move|p2b: Kyogre|Origin Pulse|p1a: Weezing|[spread] p1a\n|-activate|p1b: Calyrex|move: Protect\n|-damage|p1a: Weezing|10\/100\n|-enditem|p1a: Weezing|Sitrus Berry|[eat]\n|-heal|p1a: Weezing|35\/100|[from] item: Sitrus Berry\n|move|p1a: Weezing|Dazzling Gleam|p2a: Urshifu|[spread] p2a,p2b\n|-supereffective|p2a: Urshifu\n|-damage|p2a: Urshifu|0 fnt\n|-damage|p2b: Kyogre|75\/100 psn\n|faint|p2a: Urshifu\n|\n|-heal|p2b: Kyogre|80\/100 psn|[from] item: Leftovers\n|-damage|p2b: Kyogre|68\/100 psn|[from] psn\n|upkeep\n|turn|6\n|\n|t:|1738854727\n|move|p1a: Weezing|Protect|p1a: Weezing\n|-singleturn|p1a: Weezing|Protect\n|move|p1b: Calyrex|Astral Barrage|p2b: Kyogre\n|-damage|p2b: Kyogre|38\/100 psn\n|move|p2b: Kyogre|Origin Pulse|p1b: Calyrex|[spread] p1b\n|-activate|p1a: Weezing|move: Protect\n|-damage|p1b: Calyrex|25\/100\n|\n|-heal|p2b: Kyogre|44\/100 psn|[from] item: Leftovers\n|-damage|p2b: Kyogre|32\/100 psn|[from] psn\n|upkeep\n|turn|7\n|\n|t:|1738854743\n|move|p1b: Calyrex|Protect|p1b: Calyrex\n|-singleturn|p1b: Calyrex|Protect\n|move|p2b: Kyogre|Origin Pulse|p1b: Calyrex|[spread] \n|-activate|p1b: Calyrex|move: Protect\n|-miss|p2b: Kyogre|p1a: Weezing\n|move|p1a: Weezing|Dazzling Gleam|p2b: Kyogre\n|-damage|p2b: Kyogre|22\/100 psn\n|\n|-heal|p2b: Kyogre|27\/100 psn|[from] item: Leftovers\n|-damage|p2b: Kyogre|15\/100 psn|[from] psn\n|upkeep\n|turn|8\n|-message|Durango420 forfeited.\n|\n|win|morgan01vgc\n|raw|morgan01vgc's rating: 1637 &rarr; <strong>1653<\/strong><br \/>(+16 for winning)\n|raw|Durango420's rating: 1564 &rarr; <strong>1548<\/strong><br \/>(-16 for losing)\n|l|\u2606Durango420\n|player|p2|\n|l|\u2606morgan01vgc\n|player|p1|\n|l| nico R0b1N\n","uploadtime":1738855020,"views":14,"formatid":"gen9vgc2025regg","rating":1548,"private":0,"password":null}