{"id":"gen9vgc2025regg-2295176195","format":"[Gen 9] VGC 2025 Reg G","players":["BattleBlazikenVGC","DimensionalFool"],"log":"|j|\u2606BattleBlazikenVGC\n|j|\u203dDimensionalFool\n|t:|1738794721\n|gametype|doubles\n|player|p1|BattleBlazikenVGC|ltsurge|1537\n|player|p2|DimensionalFool|169|1680\n|teamsize|p1|6\n|teamsize|p2|6\n|gen|9\n|tier|[Gen 9] VGC 2025 Reg G\n|rated|\n|rule|Species Clause: Limit one of each Pok\u00e9mon\n|rule|Item Clause: Limit 1 of each item\n|clearpoke\n|poke|p1|Eternatus, L50|\n|poke|p1|Rhydon, L50, M|\n|poke|p1|Grimmsnarl, L50, M|\n|poke|p1|Amoonguss, L50, M|\n|poke|p1|Spectrier, L50|\n|poke|p1|Moltres-Galar, L50|\n|poke|p2|Grimmsnarl, L50, M|\n|poke|p2|Landorus, L50, M|\n|poke|p2|Calyrex-Ice, L50|\n|poke|p2|Pelipper, L50, M|\n|poke|p2|Urshifu-*, L50, M|\n|poke|p2|Rillaboom, L50, M|\n|teampreview|4\n|inactive|Battle timer is ON: inactive players will automatically lose when time's up. (requested by DimensionalFool)\n|\n|t:|1738794778\n|start\n|switch|p1a: Osborne|Grimmsnarl, L50, M, shiny|100\/100\n|switch|p1b: PetahTheDeadHons|Spectrier, L50|100\/100\n|switch|p2a: Calyrex|Calyrex-Ice, L50|100\/100\n|switch|p2b: Grimmsnarl|Grimmsnarl, L50, M|100\/100\n|-ability|p2a: Calyrex|As One\n|-ability|p2a: Calyrex|Unnerve\n|turn|1\n|\n|t:|1738794788\n|-terastallize|p2a: Calyrex|Water\n|move|p1a: Osborne|Reflect|p1a: Osborne\n|-sidestart|p1: BattleBlazikenVGC|Reflect\n|move|p2b: Grimmsnarl|Light Screen|p2b: Grimmsnarl\n|-sidestart|p2: DimensionalFool|move: Light Screen\n|move|p1b: PetahTheDeadHons|Will-O-Wisp|p2a: Calyrex\n|-status|p2a: Calyrex|brn\n|move|p2a: Calyrex|Throat Chop|p1b: PetahTheDeadHons\n|-supereffective|p1b: PetahTheDeadHons\n|-damage|p1b: PetahTheDeadHons|74\/100\n|-start|p1b: PetahTheDeadHons|Throat Chop|[silent]\n|\n|-damage|p2a: Calyrex|95\/100 brn|[from] brn\n|upkeep\n|turn|2\n|\n|t:|1738794803\n|move|p2b: Grimmsnarl|Thunder Wave|p1b: PetahTheDeadHons\n|-status|p1b: PetahTheDeadHons|par\n|move|p1b: PetahTheDeadHons|Hex|p2a: Calyrex\n|-damage|p2a: Calyrex|77\/100 brn\n|move|p2a: Calyrex|Glacial Lance|p1a: Osborne|[spread] p1a,p1b\n|-damage|p1a: Osborne|82\/100\n|-damage|p1b: PetahTheDeadHons|50\/100 par\n|move|p1a: Osborne|Spirit Break|p2b: Grimmsnarl\n|-supereffective|p2b: Grimmsnarl\n|-damage|p2b: Grimmsnarl|31\/100\n|-unboost|p2b: Grimmsnarl|spa|1\n|\n|-damage|p2a: Calyrex|71\/100 brn|[from] brn\n|-end|p1b: PetahTheDeadHons|Throat Chop|[silent]\n|upkeep\n|turn|3\n|inactive|DimensionalFool has 30 seconds left.\n|\n|t:|1738794829\n|switch|p2b: Pelipper|Pelipper, L50, M|100\/100\n|-weather|RainDance|[from] ability: Drizzle|[of] p2b: Pelipper\n|cant|p1b: PetahTheDeadHons|par\n|move|p2a: Calyrex|Glacial Lance|p1b: PetahTheDeadHons|[spread] p1a,p1b\n|-damage|p1a: Osborne|62\/100\n|-damage|p1b: PetahTheDeadHons|27\/100 par\n|move|p1a: Osborne|Spirit Break|p2b: Pelipper\n|-damage|p2b: Pelipper|56\/100\n|-unboost|p2b: Pelipper|spa|1\n|\n|-weather|RainDance|[upkeep]\n|-damage|p2a: Calyrex|65\/100 brn|[from] brn\n|upkeep\n|turn|4\n|\n|t:|1738794845\n|move|p1a: Osborne|Thunder Wave|p2b: Pelipper\n|-status|p2b: Pelipper|par\n|move|p1b: PetahTheDeadHons|Hex|p2b: Pelipper\n|-damage|p2b: Pelipper|0 fnt\n|faint|p2b: Pelipper\n|-ability|p1b: PetahTheDeadHons|Grim Neigh|boost\n|-boost|p1b: PetahTheDeadHons|spa|1\n|move|p2a: Calyrex|Glacial Lance|p1a: Osborne|[spread] p1a,p1b\n|-damage|p1a: Osborne|43\/100\n|-damage|p1b: PetahTheDeadHons|3\/100 par\n|\n|-weather|RainDance|[upkeep]\n|-damage|p2a: Calyrex|59\/100 brn|[from] brn\n|upkeep\n|\n|t:|1738794855\n|switch|p2b: Landorus|Landorus, L50, M|100\/100\n|turn|5\n|\n|t:|1738794874\n|move|p1a: Osborne|Light Screen|p1a: Osborne\n|-sidestart|p1: BattleBlazikenVGC|move: Light Screen\n|move|p2b: Landorus|Sandsear Storm|p1b: PetahTheDeadHons|[spread] p1a,p1b\n|-damage|p1a: Osborne|10\/100\n|-damage|p1b: PetahTheDeadHons|0 fnt\n|faint|p1b: PetahTheDeadHons\n|move|p2a: Calyrex|Glacial Lance|p1a: Osborne\n|-damage|p1a: Osborne|0 fnt\n|faint|p1a: Osborne\n|-ability|p2a: Calyrex|Chilling Neigh|boost\n|-boost|p2a: Calyrex|atk|1\n|\n|-weather|RainDance|[upkeep]\n|-damage|p2a: Calyrex|54\/100 brn|[from] brn\n|-sideend|p2: DimensionalFool|move: Light Screen\n|upkeep\n|\n|t:|1738794879\n|switch|p1b: Tahtorak|Eternatus, L50|100\/100\n|switch|p1a: Moltres|Moltres-Galar, L50, shiny|100\/100\n|-ability|p1b: Tahtorak|Pressure\n|turn|6\n|\n|t:|1738794898\n|-terastallize|p1b: Tahtorak|Dark\n|move|p2b: Landorus|Earth Power|p1b: Tahtorak\n|-damage|p1b: Tahtorak|68\/100\n|move|p1b: Tahtorak|Cosmic Power|p1b: Tahtorak\n|-boost|p1b: Tahtorak|def|1\n|-boost|p1b: Tahtorak|spd|1\n|move|p1a: Moltres|Foul Play|p2a: Calyrex\n|-damage|p2a: Calyrex|0 fnt\n|faint|p2a: Calyrex\n|\n|-weather|RainDance|[upkeep]\n|-heal|p1b: Tahtorak|74\/100|[from] item: Leftovers\n|upkeep\n|\n|t:|1738794907\n|switch|p2a: Grimmsnarl|Grimmsnarl, L50, M|31\/100\n|turn|7\n|\n|t:|1738794919\n|move|p2a: Grimmsnarl|Trick|p1b: Tahtorak\n|-hint|Since gen 7, Dark is immune to Prankster moves.\n|-immune|p1b: Tahtorak\n|move|p2b: Landorus|Earth Power|p1b: Tahtorak\n|-damage|p1b: Tahtorak|52\/100\n|move|p1b: Tahtorak|Sludge Bomb|p2a: Grimmsnarl\n|-supereffective|p2a: Grimmsnarl\n|-damage|p2a: Grimmsnarl|0 fnt\n|faint|p2a: Grimmsnarl\n|move|p1a: Moltres|Fiery Wrath|p2b: Landorus\n|-damage|p2b: Landorus|52\/100\n|\n|-weather|none\n|-heal|p1b: Tahtorak|58\/100|[from] item: Leftovers\n|upkeep\n|turn|8\n|\n|t:|1738794931\n|move|p2b: Landorus|Sludge Bomb|p1a: Moltres\n|-damage|p1a: Moltres|79\/100\n|move|p1b: Tahtorak|Recover|p1b: Tahtorak\n|-heal|p1b: Tahtorak|100\/100\n|move|p1a: Moltres|Fiery Wrath|p2b: Landorus\n|-damage|p2b: Landorus|6\/100\n|\n|-sideend|p1: BattleBlazikenVGC|Reflect\n|upkeep\n|turn|9\n|-message|DimensionalFool forfeited.\n|\n|win|BattleBlazikenVGC\n|raw|BattleBlazikenVGC's rating: 1537 &rarr; <strong>1565<\/strong><br \/>(+28 for winning)\n|raw|DimensionalFool's rating: 1680 &rarr; <strong>1652<\/strong><br \/>(-28 for losing)\n|l|\u203dDimensionalFool\n|player|p2|\n","uploadtime":1738794939,"views":16,"formatid":"gen9vgc2025regg","rating":1565,"private":0,"password":null}