{"id":"gen9vgc2025regg-2295053838","format":"[Gen 9] VGC 2025 Reg G","players":["kajashi","BLiiNDProdiigy"],"log":"|j|\u2606kajashi\n|j|\u2606BLiiNDProdiigy\n|t:|1738781934\n|gametype|doubles\n|player|p1|kajashi|102|1602\n|player|p2|BLiiNDProdiigy|rocketgrunt|1576\n|teamsize|p1|6\n|teamsize|p2|6\n|gen|9\n|tier|[Gen 9] VGC 2025 Reg G\n|rated|\n|rule|Species Clause: Limit one of each Pok\u00e9mon\n|rule|Item Clause: Limit 1 of each item\n|clearpoke\n|poke|p1|Incineroar, L50, F|\n|poke|p1|Amoonguss, L50, M|\n|poke|p1|Calyrex-Ice, L50|\n|poke|p1|Raging Bolt, L50|\n|poke|p1|Landorus, L50, M|\n|poke|p1|Urshifu-*, L50, M|\n|poke|p2|Terapagos, L50, M|\n|poke|p2|Incineroar, L50, M|\n|poke|p2|Rillaboom, L50, F|\n|poke|p2|Urshifu-*, L50, M|\n|poke|p2|Flutter Mane, L50|\n|poke|p2|Ogerpon-Hearthflame, L50, F|\n|teampreview|4\n|c|\u2606BLiiNDProdiigy|Kajashi!?!?\n|c|\u2606kajashi|lmaooooo\n|c|\u2606kajashi|wassup\n|c|\u2606BLiiNDProdiigy|Wassup\n|c|\u2606BLiiNDProdiigy|Glhf!\n|c|\u2606kajashi|ur the first terap i've faced lol\n|c|\u2606kajashi|glhf\n|c|\u2606kajashi|no peaking at my paste ;)\n|c|\u2606BLiiNDProdiigy|No no I won\u2019t\n|c|\u2606BLiiNDProdiigy|playing on mobile makes that a nightmare anyway lol\n|\n|t:|1738782015\n|start\n|switch|p1a: Amoonguss|Amoonguss, L50, M|100\/100\n|switch|p1b: Calyrex|Calyrex-Ice, L50|100\/100\n|switch|p2a: Terapagos|Terapagos, L50, M|100\/100\n|switch|p2b: Incineroar|Incineroar, L50, M|100\/100\n|-activate|p2a: Terapagos|ability: Tera Shift\n|detailschange|p2a: Terapagos|Terapagos-Terastal, L50, M\n|-heal|p2a: Terapagos|100\/100|[silent]\n|-ability|p1b: Calyrex|As One\n|-ability|p1b: Calyrex|Unnerve\n|-ability|p2b: Incineroar|Intimidate|boost\n|-unboost|p1a: Amoonguss|atk|1\n|-fail|p1b: Calyrex|unboost|[from] item: Clear Amulet|[of] p1b: Calyrex\n|turn|1\n|j| ABlueDoge\n|\n|t:|1738782034\n|move|p1b: Calyrex|Protect|p1b: Calyrex\n|-singleturn|p1b: Calyrex|Protect\n|move|p2b: Incineroar|Fake Out|p1b: Calyrex\n|-activate|p1b: Calyrex|move: Protect\n|move|p2a: Terapagos|Substitute|p2a: Terapagos\n|-start|p2a: Terapagos|Substitute\n|-damage|p2a: Terapagos|76\/100\n|move|p1a: Amoonguss|Spore|p2b: Incineroar\n|-status|p2b: Incineroar|slp|[from] move: Spore\n|\n|-heal|p2a: Terapagos|82\/100|[from] item: Leftovers\n|upkeep\n|turn|2\n|\n|t:|1738782058\n|switch|p2b: Ogerpon|Ogerpon-Hearthflame, L50, F|100\/100\n|-ability|p2b: Ogerpon|Mold Breaker\n|switch|p1a: Urshifu|Urshifu-Rapid-Strike, L50, M|100\/100\n|move|p2a: Terapagos|Calm Mind|p2a: Terapagos\n|-boost|p2a: Terapagos|spa|1\n|-boost|p2a: Terapagos|spd|1\n|move|p1b: Calyrex|High Horsepower|p2b: Ogerpon\n|-damage|p2b: Ogerpon|57\/100\n|\n|-heal|p2a: Terapagos|87\/100|[from] item: Leftovers\n|upkeep\n|turn|3\n|\n|t:|1738782093\n|switch|p2b: Incineroar|Incineroar, L50, M|100\/100 slp\n|-ability|p2b: Incineroar|Intimidate|boost\n|-unboost|p1a: Urshifu|atk|1\n|-fail|p1b: Calyrex|unboost|[from] item: Clear Amulet|[of] p1b: Calyrex\n|switch|p1b: Raging Bolt|Raging Bolt, L50|100\/100\n|-terastallize|p2a: Terapagos|Stellar\n|detailschange|p2a: Terapagos|Terapagos-Stellar, L50, M, tera:Stellar\n|-heal|p2a: Terapagos|91\/100|[silent]\n|move|p1a: Urshifu|Surging Strikes|p2b: Incineroar\n|-supereffective|p2b: Incineroar\n|-crit|p2b: Incineroar\n|-damage|p2b: Incineroar|64\/100 slp\n|-damage|p1a: Urshifu|84\/100|[from] item: Rocky Helmet|[of] p2b: Incineroar\n|-supereffective|p2b: Incineroar\n|-crit|p2b: Incineroar\n|-damage|p2b: Incineroar|30\/100 slp\n|-damage|p1a: Urshifu|67\/100|[from] item: Rocky Helmet|[of] p2b: Incineroar\n|-supereffective|p2b: Incineroar\n|-crit|p2b: Incineroar\n|-damage|p2b: Incineroar|0 fnt\n|-damage|p1a: Urshifu|51\/100|[from] item: Rocky Helmet|[of] p2b: Incineroar\n|faint|p2b: Incineroar\n|-hitcount|p2: Incineroar|3\n|move|p2a: Terapagos|Tera Starstorm|p1b: Raging Bolt|[spread] p1a,p1b\n|-damage|p1a: Urshifu|0 fnt\n|-damage|p1b: Raging Bolt|70\/100\n|faint|p1a: Urshifu\n|\n|-heal|p2a: Terapagos|97\/100|[from] item: Leftovers\n|upkeep\n|\n|t:|1738782116\n|switch|p1a: Calyrex|Calyrex-Ice, L50|100\/100\n|switch|p2b: Ogerpon|Ogerpon-Hearthflame, L50, F|57\/100\n|-ability|p1a: Calyrex|As One\n|-ability|p1a: Calyrex|Unnerve\n|-ability|p2b: Ogerpon|Mold Breaker\n|turn|4\n|\n|t:|1738782129\n|move|p2b: Ogerpon|Spiky Shield|p2b: Ogerpon\n|-singleturn|p2b: Ogerpon|move: Protect\n|move|p1a: Calyrex|Protect|p1a: Calyrex\n|-singleturn|p1a: Calyrex|Protect\n|move|p2a: Terapagos|Tera Starstorm|p1a: Calyrex|[spread] p1b\n|-activate|p1a: Calyrex|move: Protect\n|-damage|p1b: Raging Bolt|39\/100\n|move|p1b: Raging Bolt|Draco Meteor|p2b: Ogerpon\n|-activate|p2b: Ogerpon|move: Protect\n|\n|-heal|p2a: Terapagos|100\/100|[from] item: Leftovers\n|upkeep\n|turn|5\n|\n|t:|1738782151\n|-terastallize|p1a: Calyrex|Water\n|move|p2b: Ogerpon|Ivy Cudgel|p1a: Calyrex|[anim] Ivy Cudgel Fire\n|-resisted|p1a: Calyrex\n|-damage|p1a: Calyrex|84\/100\n|move|p2a: Terapagos|Tera Starstorm|p1a: Calyrex|[spread] p1a,p1b\n|-supereffective|p1a: Calyrex\n|-damage|p1a: Calyrex|10\/100\n|-damage|p1b: Raging Bolt|10\/100\n|move|p1b: Raging Bolt|Draco Meteor|p2b: Ogerpon\n|-damage|p2b: Ogerpon|0 fnt\n|-unboost|p1b: Raging Bolt|spa|2\n|faint|p2b: Ogerpon\n|move|p1a: Calyrex|Trick Room|p1a: Calyrex\n|-fieldstart|move: Trick Room|[of] p1a: Calyrex\n|\n|upkeep\n|\n|t:|1738782154\n|switch|p2b: Urshifu|Urshifu-Rapid-Strike, L50, M|100\/100\n|turn|6\n|\n|t:|1738782178\n|switch|p1a: Amoonguss|Amoonguss, L50, M|100\/100\n|move|p1b: Raging Bolt|Thunderclap|p2b: Urshifu\n|-supereffective|p2b: Urshifu\n|-damage|p2b: Urshifu|53\/100\n|move|p2a: Terapagos|Substitute|p2a: Terapagos\n|-fail|p2a: Terapagos|move: Substitute\n|move|p2b: Urshifu|Close Combat|p1a: Amoonguss\n|-resisted|p1a: Amoonguss\n|-damage|p1a: Amoonguss|70\/100\n|-unboost|p2b: Urshifu|def|1\n|-unboost|p2b: Urshifu|spd|1\n|\n|upkeep\n|turn|7\n|j| oherrodersir\n|\n|t:|1738782209\n|move|p1a: Amoonguss|Pollen Puff|p1b: Raging Bolt\n|-heal|p1b: Raging Bolt|60\/100\n|move|p1b: Raging Bolt|Thunderbolt|p2b: Urshifu\n|-supereffective|p2b: Urshifu\n|-damage|p2b: Urshifu|0 fnt\n|faint|p2b: Urshifu\n|move|p2a: Terapagos|Tera Starstorm|p1b: Raging Bolt|[spread] p1a,p1b\n|-damage|p1a: Amoonguss|26\/100\n|-damage|p1b: Raging Bolt|28\/100\n|\n|upkeep\n|turn|8\n|\n|t:|1738782254\n|move|p1a: Amoonguss|Pollen Puff|p1b: Raging Bolt\n|-heal|p1b: Raging Bolt|78\/100\n|move|p1b: Raging Bolt|Snarl|p2a: Terapagos\n|-damage|p2a: Terapagos|96\/100\n|-unboost|p2a: Terapagos|spa|1\n|move|p2a: Terapagos|Calm Mind|p2a: Terapagos\n|-boost|p2a: Terapagos|spa|1\n|-boost|p2a: Terapagos|spd|1\n|\n|-heal|p2a: Terapagos|100\/100|[from] item: Leftovers\n|upkeep\n|turn|9\n|\n|t:|1738782279\n|switch|p1a: Calyrex|Calyrex-Ice, L50, tera:Water|10\/100\n|-ability|p1a: Calyrex|As One\n|-ability|p1a: Calyrex|Unnerve\n|move|p1b: Raging Bolt|Draco Meteor|p2a: Terapagos\n|-activate|p2a: Terapagos|move: Substitute|[damage]\n|-unboost|p1b: Raging Bolt|spa|2\n|move|p2a: Terapagos|Tera Starstorm|p1a: Calyrex|[spread] p1a,p1b\n|-supereffective|p1a: Calyrex\n|-damage|p1a: Calyrex|0 fnt\n|-damage|p1b: Raging Bolt|44\/100\n|faint|p1a: Calyrex\n|\n|-fieldend|move: Trick Room\n|upkeep\n|c|\u2606kajashi|ggs\n|-message|kajashi forfeited.\n|\n|win|BLiiNDProdiigy\n|raw|kajashi's rating: 1602 &rarr; <strong>1581<\/strong><br \/>(-21 for losing)\n|raw|BLiiNDProdiigy's rating: 1576 &rarr; <strong>1597<\/strong><br \/>(+21 for winning)\n|c|\u2606BLiiNDProdiigy|Ggs\n|c|\u2606kajashi|any recs on what to play vs you?\n|l| ABlueDoge\n|c|\u2606kajashi|i have taunt urshi and smog amoon which i was trying to get set up but u pinned me into tera water cir\n","uploadtime":1738782330,"views":32,"formatid":"gen9vgc2025regg","rating":1581,"private":0,"password":null}