{"id":"gen9vgc2025regg-2295929404","format":"[Gen 9] VGC 2025 Reg G","players":["Tempest Flute","Beccca"],"log":"|j|\u2606Tempest Flute\n|j|\u2606Beccca\n|t:|1738893240\n|gametype|doubles\n|player|p1|Tempest Flute|policeman-gen4|1588\n|player|p2|Beccca|101|1637\n|teamsize|p1|6\n|teamsize|p2|6\n|gen|9\n|tier|[Gen 9] VGC 2025 Reg G\n|rated|\n|rule|Species Clause: Limit one of each Pok\u00e9mon\n|rule|Item Clause: Limit 1 of each item\n|clearpoke\n|poke|p1|Koraidon, L50|\n|poke|p1|Flutter Mane, L50|\n|poke|p1|Entei, L50|\n|poke|p1|Raging Bolt, L50|\n|poke|p1|Umbreon, L50, F|\n|poke|p1|Ogerpon-Cornerstone, L50, F|\n|poke|p2|Zamazenta-*, L50|\n|poke|p2|Chien-Pao, L50|\n|poke|p2|Tyranitar, L50, M|\n|poke|p2|Landorus, L50, M|\n|poke|p2|Amoonguss, L50, F|\n|poke|p2|Flutter Mane, L50|\n|teampreview|4\n|inactive|Battle timer is ON: inactive players will automatically lose when time's up. (requested by Tempest Flute)\n|inactive|Tempest Flute has 60 seconds left.\n|inactive|Beccca has 60 seconds left.\n|inactive|Beccca has 30 seconds left.\n|\n|t:|1738893305\n|start\n|switch|p1a: Entei|Entei, L50, shiny|100\/100\n|switch|p1b: Ogerpon|Ogerpon-Cornerstone, L50, F|100\/100\n|switch|p2a: Flutter Mane|Flutter Mane, L50|100\/100\n|switch|p2b: Zamazenta|Zamazenta-Crowned, L50|100\/100\n|-ability|p2b: Zamazenta|Dauntless Shield|boost\n|-boost|p2b: Zamazenta|def|1\n|-enditem|p2a: Flutter Mane|Booster Energy\n|-activate|p2a: Flutter Mane|ability: Protosynthesis|[fromitem]\n|-start|p2a: Flutter Mane|protosynthesisspe\n|turn|1\n|\n|t:|1738893330\n|-terastallize|p2b: Zamazenta|Dragon\n|move|p2a: Flutter Mane|Icy Wind|p1b: Ogerpon|[spread] p1a,p1b\n|-resisted|p1a: Entei\n|-supereffective|p1b: Ogerpon\n|-crit|p1b: Ogerpon\n|-damage|p1a: Entei|94\/100\n|-damage|p1b: Ogerpon|60\/100\n|-unboost|p1a: Entei|spe|1\n|-unboost|p1b: Ogerpon|spe|1\n|move|p2b: Zamazenta|Body Press|p1a: Entei\n|-damage|p1a: Entei|19\/100\n|move|p1b: Ogerpon|Ivy Cudgel|p2a: Flutter Mane|[anim] Ivy Cudgel Rock\n|-crit|p2a: Flutter Mane\n|-damage|p2a: Flutter Mane|0 fnt\n|faint|p2a: Flutter Mane\n|-end|p2a: Flutter Mane|Protosynthesis|[silent]\n|move|p1a: Entei|Sacred Fire|p2b: Zamazenta\n|-resisted|p2b: Zamazenta\n|-damage|p2b: Zamazenta|87\/100\n|\n|upkeep\n|inactive|Beccca has 30 seconds left.\n|j| zacattack110\n|j| CSVC\n|\n|t:|1738893359\n|switch|p2a: Chien-Pao|Chien-Pao, L50|100\/100\n|-ability|p2a: Chien-Pao|Sword of Ruin\n|turn|2\n|inactive|Tempest Flute has 30 seconds left.\n|inactive|Tempest Flute has 20 seconds left.\n|\n|t:|1738893396\n|switch|p1b: Flutter Mane|Flutter Mane, L50, shiny|100\/100\n|switch|p1a: Koraidon|Koraidon, L50|100\/100\n|-weather|SunnyDay|[from] ability: Orichalcum Pulse|[of] p1a: Koraidon\n|-activate|p1b: Flutter Mane|ability: Protosynthesis\n|-start|p1b: Flutter Mane|protosynthesisspe\n|-activate|p1a: Koraidon|Orichalcum Pulse|[source]\n|move|p2a: Chien-Pao|Ice Spinner|p1a: Koraidon\n|-supereffective|p1a: Koraidon\n|-damage|p1a: Koraidon|14\/100\n|move|p2b: Zamazenta|Heavy Slam|p1a: Koraidon\n|-damage|p1a: Koraidon|0 fnt\n|faint|p1a: Koraidon\n|\n|-weather|SunnyDay|[upkeep]\n|upkeep\n|\n|t:|1738893405\n|switch|p1a: Entei|Entei, L50, shiny|19\/100\n|turn|3\n|inactive|Beccca has 30 seconds left.\n|\n|t:|1738893436\n|-terastallize|p1b: Flutter Mane|Fairy\n|move|p2a: Chien-Pao|Protect|p2a: Chien-Pao\n|-singleturn|p2a: Chien-Pao|Protect\n|move|p2b: Zamazenta|Protect|p2b: Zamazenta\n|-singleturn|p2b: Zamazenta|Protect\n|move|p1a: Entei|Extreme Speed|p2b: Zamazenta\n|-activate|p2b: Zamazenta|move: Protect\n|move|p1b: Flutter Mane|Dazzling Gleam|p2a: Chien-Pao|[spread] \n|-activate|p2a: Chien-Pao|move: Protect\n|-activate|p2b: Zamazenta|move: Protect\n|\n|-weather|SunnyDay|[upkeep]\n|upkeep\n|turn|4\n|inactive|Beccca has 30 seconds left.\n|\n|t:|1738893463\n|move|p2b: Zamazenta|Wide Guard|p2b: Zamazenta\n|-singleturn|p2b: Zamazenta|Wide Guard\n|move|p1a: Entei|Extreme Speed|p2a: Chien-Pao\n|-damage|p2a: Chien-Pao|41\/100\n|move|p1b: Flutter Mane|Moonblast|p2b: Zamazenta\n|-supereffective|p2b: Zamazenta\n|-damage|p2b: Zamazenta|0 fnt\n|faint|p2b: Zamazenta\n|move|p2a: Chien-Pao|Ice Spinner|p1b: Flutter Mane\n|-enditem|p1b: Flutter Mane|Focus Sash\n|-damage|p1b: Flutter Mane|1\/100\n|\n|-weather|SunnyDay|[upkeep]\n|upkeep\n|\n|t:|1738893477\n|switch|p2b: Landorus|Landorus, L50, M|100\/100\n|turn|5\n|\n|t:|1738893498\n|move|p2a: Chien-Pao|Protect|p2a: Chien-Pao\n|-singleturn|p2a: Chien-Pao|Protect\n|move|p1a: Entei|Extreme Speed|p2b: Landorus\n|-damage|p2b: Landorus|37\/100\n|move|p1b: Flutter Mane|Icy Wind|p2b: Landorus|[spread] p2b\n|-activate|p2a: Chien-Pao|move: Protect\n|-supereffective|p2b: Landorus\n|-damage|p2b: Landorus|0 fnt\n|faint|p2b: Landorus\n|\n|-weather|SunnyDay|[upkeep]\n|upkeep\n|turn|6\n|c|\u2606Tempest Flute|holy throw\n|-message|Beccca forfeited.\n|\n|win|Tempest Flute\n|raw|Tempest Flute's rating: 1588 &rarr; <strong>1611<\/strong><br \/>(+23 for winning)\n|raw|Beccca's rating: 1637 &rarr; <strong>1614<\/strong><br \/>(-23 for losing)\n|l|\u2606Beccca\n|player|p2|\n|l| CSVC\n|l|\u2606Tempest Flute\n|player|p1|\n|l| zacattack110\n","uploadtime":1738893522,"views":10,"formatid":"gen9vgc2025regg","rating":1611,"private":0,"password":null}