{"id":"gen9vgc2025regg-2295853841","format":"[Gen 9] VGC 2025 Reg G","players":["RustyChair13","xatseye"],"log":"|j|\u2606RustyChair13\n|j|\u2606xatseye\n|t:|1738883487\n|gametype|doubles\n|player|p1|RustyChair13|scientist-gen4|1594\n|player|p2|xatseye|1|1599\n|teamsize|p1|6\n|teamsize|p2|6\n|gen|9\n|tier|[Gen 9] VGC 2025 Reg G\n|rated|\n|rule|Species Clause: Limit one of each Pok\u00e9mon\n|rule|Item Clause: Limit 1 of each item\n|clearpoke\n|poke|p1|Zamazenta-*, L50|\n|poke|p1|Chien-Pao, L50|\n|poke|p1|Chi-Yu, L50|\n|poke|p1|Raging Bolt, L50|\n|poke|p1|Flutter Mane, L50|\n|poke|p1|Amoonguss, L50, M|\n|poke|p2|Flutter Mane, L50|\n|poke|p2|Maushold-Four, L50|\n|poke|p2|Incineroar, L50, F|\n|poke|p2|Calyrex-Ice, L50|\n|poke|p2|Cresselia, L50, F|\n|poke|p2|Urshifu-*, L50, M|\n|teampreview|4\n|inactive|Battle timer is ON: inactive players will automatically lose when time's up. (requested by xatseye)\n|inactive|RustyChair13 has 60 seconds left.\n|inactive|xatseye has 60 seconds left.\n|\n|t:|1738883534\n|start\n|switch|p1a: Raging Bolt|Raging Bolt, L50|100\/100\n|switch|p1b: Chi-Yu|Chi-Yu, L50|100\/100\n|switch|p2a: Urshifu|Urshifu, L50, M|100\/100\n|switch|p2b: Cresselia|Cresselia, L50, F, shiny|100\/100\n|-ability|p1b: Chi-Yu|Beads of Ruin\n|turn|1\n|inactive|RustyChair13 has 30 seconds left.\n|inactive|RustyChair13 has 20 seconds left.\n|inactive|xatseye has 30 seconds left.\n|\n|t:|1738883572\n|-terastallize|p1a: Raging Bolt|Fairy\n|move|p1b: Chi-Yu|Heat Wave|p2b: Cresselia|[spread] p2a,p2b\n|-damage|p2a: Urshifu|21\/100\n|-damage|p2b: Cresselia|71\/100\n|move|p2a: Urshifu|Wicked Blow|p1a: Raging Bolt\n|-resisted|p1a: Raging Bolt\n|-crit|p1a: Raging Bolt\n|-damage|p1a: Raging Bolt|76\/100\n|move|p1a: Raging Bolt|Thunderbolt|p2b: Cresselia\n|-damage|p2b: Cresselia|31\/100\n|move|p2b: Cresselia|Lunar Blessing|p2b: Cresselia|[spread] p2a,p2b\n|-heal|p2a: Urshifu|46\/100\n|-heal|p2b: Cresselia|56\/100\n|\n|upkeep\n|turn|2\n|j| mr pogostick\n|inactive|xatseye has 30 seconds left.\n|\n|t:|1738883606\n|switch|p2b: Incineroar|Incineroar, L50, F|100\/100\n|-ability|p2b: Incineroar|Intimidate|boost\n|-unboost|p1a: Raging Bolt|atk|1\n|-unboost|p1b: Chi-Yu|atk|1\n|move|p2a: Urshifu|Protect|p2a: Urshifu\n|-singleturn|p2a: Urshifu|Protect\n|move|p1b: Chi-Yu|Heat Wave|p2b: Incineroar|[spread] p2b\n|-activate|p2a: Urshifu|move: Protect\n|-resisted|p2b: Incineroar\n|-damage|p2b: Incineroar|79\/100\n|move|p1a: Raging Bolt|Thunderbolt|p2b: Incineroar\n|-damage|p2b: Incineroar|28\/100\n|\n|upkeep\n|turn|3\n|l| mr pogostick\n|\n|t:|1738883627\n|move|p2b: Incineroar|Fake Out|p1b: Chi-Yu\n|-damage|p1b: Chi-Yu|82\/100\n|move|p1a: Raging Bolt|Thunderclap|p2a: Urshifu\n|-damage|p2a: Urshifu|0 fnt\n|faint|p2a: Urshifu\n|cant|p1b: Chi-Yu|flinch\n|\n|upkeep\n|\n|t:|1738883634\n|switch|p2a: Calyrex|Calyrex-Ice, L50|100\/100\n|-ability|p2a: Calyrex|As One\n|-ability|p2a: Calyrex|Unnerve\n|turn|4\n|\n|t:|1738883647\n|switch|p2b: Cresselia|Cresselia, L50, F, shiny|56\/100\n|-terastallize|p2a: Calyrex|Dragon\n|move|p1b: Chi-Yu|Heat Wave|p2a: Calyrex|[spread] p2a,p2b\n|-resisted|p2a: Calyrex\n|-damage|p2a: Calyrex|85\/100\n|-damage|p2b: Cresselia|24\/100\n|move|p1a: Raging Bolt|Thunderbolt|p2a: Calyrex\n|-resisted|p2a: Calyrex\n|-damage|p2a: Calyrex|66\/100\n|move|p2a: Calyrex|Trick Room|p2a: Calyrex\n|-fieldstart|move: Trick Room|[of] p2a: Calyrex\n|\n|upkeep\n|turn|5\n|\n|t:|1738883668\n|move|p2a: Calyrex|High Horsepower|p1b: Chi-Yu\n|-supereffective|p1b: Chi-Yu\n|-damage|p1b: Chi-Yu|0 fnt\n|faint|p1b: Chi-Yu\n|-ability|p2a: Calyrex|Chilling Neigh|boost\n|-boost|p2a: Calyrex|atk|1\n|move|p2b: Cresselia|Lunar Blessing|p2b: Cresselia|[spread] p2a,p2b\n|-heal|p2a: Calyrex|91\/100\n|-heal|p2b: Cresselia|49\/100\n|move|p1a: Raging Bolt|Dragon Pulse|p2a: Calyrex\n|-supereffective|p2a: Calyrex\n|-damage|p2a: Calyrex|36\/100\n|\n|upkeep\n|\n|t:|1738883680\n|switch|p1b: Amoonguss|Amoonguss, L50, M|100\/100\n|turn|6\n|inactive|RustyChair13 has 30 seconds left.\n|\n|t:|1738883709\n|switch|p2b: Incineroar|Incineroar, L50, F|28\/100\n|-ability|p2b: Incineroar|Intimidate|boost\n|-unboost|p1a: Raging Bolt|atk|1\n|-unboost|p1b: Amoonguss|atk|1\n|move|p2a: Calyrex|Protect|p2a: Calyrex\n|-singleturn|p2a: Calyrex|Protect\n|move|p1b: Amoonguss|Spore|p2b: Incineroar\n|-activate|p2b: Incineroar|item: Safety Goggles|Spore\n|move|p1a: Raging Bolt|Dragon Pulse|p2a: Calyrex\n|-activate|p2a: Calyrex|move: Protect\n|\n|upkeep\n|turn|7\n|\n|t:|1738883725\n|move|p1b: Amoonguss|Protect|p1b: Amoonguss\n|-singleturn|p1b: Amoonguss|Protect\n|move|p1a: Raging Bolt|Protect|p1a: Raging Bolt\n|-singleturn|p1a: Raging Bolt|Protect\n|move|p2b: Incineroar|Fake Out|p1b: Amoonguss\n|-activate|p1b: Amoonguss|move: Protect\n|move|p2a: Calyrex|Glacial Lance|p1b: Amoonguss|[spread] \n|-activate|p1a: Raging Bolt|move: Protect\n|-activate|p1b: Amoonguss|move: Protect\n|\n|upkeep\n|turn|8\n|\n|t:|1738883742\n|switch|p2b: Cresselia|Cresselia, L50, F, shiny|49\/100\n|move|p2a: Calyrex|Protect|p2a: Calyrex\n|-singleturn|p2a: Calyrex|Protect\n|move|p1b: Amoonguss|Spore|p2a: Calyrex\n|-activate|p2a: Calyrex|move: Protect\n|move|p1a: Raging Bolt|Thunderbolt|p2b: Cresselia\n|-damage|p2b: Cresselia|18\/100\n|-status|p2b: Cresselia|par\n|\n|-fieldend|move: Trick Room\n|upkeep\n|turn|9\n|\n|t:|1738883762\n|move|p2b: Cresselia|Ally Switch|p2b: Cresselia\n|swap|p2b: Cresselia|0|[from] move: Ally Switch\n|move|p1a: Raging Bolt|Dragon Pulse|p2a: Cresselia\n|-damage|p2a: Cresselia|0 fnt\n|faint|p2a: Cresselia\n|move|p2b: Calyrex|Glacial Lance|p1b: Amoonguss|[spread] p1a,p1b\n|-supereffective|p1b: Amoonguss\n|-damage|p1a: Raging Bolt|20\/100\n|-damage|p1b: Amoonguss|0 fnt\n|faint|p1b: Amoonguss\n|-ability|p2b: Calyrex|Chilling Neigh|boost\n|-boost|p2b: Calyrex|atk|1\n|\n|upkeep\n|j| Jfabricio23\n|\n|t:|1738883771\n|switch|p2a: Incineroar|Incineroar, L50, F|28\/100\n|switch|p1b: Zamazenta|Zamazenta-Crowned, L50, shiny|100\/100\n|-ability|p1b: Zamazenta|Dauntless Shield|boost\n|-boost|p1b: Zamazenta|def|1\n|-ability|p2a: Incineroar|Intimidate|boost\n|-unboost|p1a: Raging Bolt|atk|1\n|-unboost|p1b: Zamazenta|atk|1\n|turn|10\n|\n|t:|1738883788\n|move|p2a: Incineroar|Fake Out|p1a: Raging Bolt\n|-damage|p1a: Raging Bolt|12\/100\n|move|p1b: Zamazenta|Body Press|p2b: Calyrex\n|-damage|p2b: Calyrex|0 fnt\n|faint|p2b: Calyrex\n|cant|p1a: Raging Bolt|flinch\n|\n|upkeep\n|turn|11\n|-message|xatseye forfeited.\n|\n|win|RustyChair13\n|raw|RustyChair13's rating: 1594 &rarr; <strong>1614<\/strong><br \/>(+20 for winning)\n|raw|xatseye's rating: 1599 &rarr; <strong>1579<\/strong><br \/>(-20 for losing)\n|l|\u2606xatseye\n|player|p2|\n|l|\u2606RustyChair13\n|player|p1|\n|l| Jfabricio23\n","uploadtime":1738883932,"views":6,"formatid":"gen9vgc2025regg","rating":1579,"private":0,"password":null}