{"id":"gen9vgc2025regg-2295180043","format":"[Gen 9] VGC 2025 Reg G","players":["BattleBlazikenVGC","MisterBanana7"],"log":"|j|\u2606BattleBlazikenVGC\n|j|\u2606MisterBanana7\n|t:|1738795160\n|gametype|doubles\n|player|p1|BattleBlazikenVGC|ltsurge|1582\n|player|p2|MisterBanana7|cynthia-gen4|1660\n|teamsize|p1|6\n|teamsize|p2|6\n|gen|9\n|tier|[Gen 9] VGC 2025 Reg G\n|rated|\n|rule|Species Clause: Limit one of each Pok\u00e9mon\n|rule|Item Clause: Limit 1 of each item\n|clearpoke\n|poke|p1|Eternatus, L50|\n|poke|p1|Rhydon, L50, M|\n|poke|p1|Grimmsnarl, L50, M|\n|poke|p1|Amoonguss, L50, M|\n|poke|p1|Spectrier, L50|\n|poke|p1|Moltres-Galar, L50|\n|poke|p2|Groudon, L50|\n|poke|p2|Scovillain, L50, M|\n|poke|p2|Raging Bolt, L50|\n|poke|p2|Flutter Mane, L50|\n|poke|p2|Hariyama, L50, M|\n|poke|p2|Farigiraf, L50, F|\n|teampreview|4\n|inactive|Battle timer is ON: inactive players will automatically lose when time's up. (requested by MisterBanana7)\n|\n|t:|1738795180\n|start\n|switch|p1a: PetahTheDeadHons|Spectrier, L50|100\/100\n|switch|p1b: Osborne|Grimmsnarl, L50, M, shiny|100\/100\n|switch|p2a: Groudon|Groudon, L50|100\/100\n|switch|p2b: Scovillain|Scovillain, L50, M|100\/100\n|-weather|SunnyDay|[from] ability: Drought|[of] p2a: Groudon\n|turn|1\n|\n|t:|1738795197\n|move|p2a: Groudon|Helping Hand|p2b: Scovillain\n|-singleturn|p2b: Scovillain|Helping Hand|[of] p2a: Groudon\n|move|p1a: PetahTheDeadHons|Protect|p1a: PetahTheDeadHons\n|-singleturn|p1a: PetahTheDeadHons|Protect\n|move|p1b: Osborne|Reflect|p1b: Osborne\n|-sidestart|p1: BattleBlazikenVGC|Reflect\n|move|p2b: Scovillain|Overheat|p1b: Osborne\n|-damage|p1b: Osborne|0 fnt\n|-unboost|p2b: Scovillain|spa|2\n|faint|p1b: Osborne\n|\n|-weather|SunnyDay|[upkeep]\n|upkeep\n|\n|t:|1738795215\n|switch|p1b: Tahtorak|Eternatus, L50|100\/100\n|-ability|p1b: Tahtorak|Pressure\n|turn|2\n|\n|t:|1738795221\n|move|p2b: Scovillain|Rage Powder|p2b: Scovillain\n|-singleturn|p2b: Scovillain|move: Rage Powder\n|move|p1a: PetahTheDeadHons|Will-O-Wisp|p2a: Groudon\n|-status|p2a: Groudon|brn\n|move|p1b: Tahtorak|Cosmic Power|p1b: Tahtorak\n|-boost|p1b: Tahtorak|def|1\n|-boost|p1b: Tahtorak|spd|1\n|move|p2a: Groudon|Precipice Blades|p1b: Tahtorak|[spread] p1a,p1b\n|-supereffective|p1b: Tahtorak\n|-damage|p1a: PetahTheDeadHons|76\/100\n|-damage|p1b: Tahtorak|83\/100\n|\n|-weather|SunnyDay|[upkeep]\n|-heal|p1b: Tahtorak|90\/100|[from] item: Leftovers\n|-damage|p2a: Groudon|94\/100 brn|[from] brn\n|upkeep\n|turn|3\n|\n|t:|1738795235\n|move|p2b: Scovillain|Spicy Extract|p2a: Groudon\n|-fail|p2a: Groudon|unboost|[from] item: Clear Amulet|[of] p2a: Groudon\n|-boost|p2a: Groudon|atk|2\n|move|p1a: PetahTheDeadHons|Hex|p2a: Groudon\n|-damage|p2a: Groudon|29\/100 brn\n|move|p1b: Tahtorak|Sludge Bomb|p2b: Scovillain\n|-supereffective|p2b: Scovillain\n|-enditem|p2b: Scovillain|Focus Sash\n|-damage|p2b: Scovillain|1\/100\n|-status|p2b: Scovillain|psn\n|move|p2a: Groudon|Precipice Blades|p1a: PetahTheDeadHons|[spread] p1a,p1b\n|-supereffective|p1b: Tahtorak\n|-damage|p1a: PetahTheDeadHons|28\/100\n|-damage|p1b: Tahtorak|61\/100\n|\n|-weather|SunnyDay|[upkeep]\n|-heal|p1b: Tahtorak|67\/100|[from] item: Leftovers\n|-damage|p2b: Scovillain|0 fnt|[from] psn\n|faint|p2b: Scovillain\n|-damage|p2a: Groudon|23\/100 brn|[from] brn\n|upkeep\n|\n|t:|1738795254\n|switch|p2b: Flutter Mane|Flutter Mane, L50|100\/100\n|-activate|p2b: Flutter Mane|ability: Protosynthesis\n|-start|p2b: Flutter Mane|protosynthesisspe\n|turn|4\n|\n|t:|1738795268\n|-terastallize|p2b: Flutter Mane|Fairy\n|move|p2a: Groudon|Helping Hand|p2b: Flutter Mane\n|-singleturn|p2b: Flutter Mane|Helping Hand|[of] p2a: Groudon\n|move|p2b: Flutter Mane|Moonblast|p1b: Tahtorak\n|-damage|p1b: Tahtorak|10\/100\n|-unboost|p1b: Tahtorak|spa|1\n|move|p1a: PetahTheDeadHons|Hex|p2b: Flutter Mane\n|-damage|p2b: Flutter Mane|66\/100\n|move|p1b: Tahtorak|Flamethrower|p2a: Groudon\n|-damage|p2a: Groudon|0 fnt\n|faint|p2a: Groudon\n|\n|-weather|SunnyDay|[upkeep]\n|-heal|p1b: Tahtorak|16\/100|[from] item: Leftovers\n|upkeep\n|\n|t:|1738795280\n|switch|p2a: Farigiraf|Farigiraf, L50, F|100\/100\n|turn|5\n|\n|t:|1738795288\n|move|p2a: Farigiraf|Helping Hand|p2b: Flutter Mane\n|-singleturn|p2b: Flutter Mane|Helping Hand|[of] p2a: Farigiraf\n|move|p1a: PetahTheDeadHons|Protect|p1a: PetahTheDeadHons\n|-singleturn|p1a: PetahTheDeadHons|Protect\n|move|p2b: Flutter Mane|Dazzling Gleam|p1a: PetahTheDeadHons|[spread] p1b\n|-activate|p1a: PetahTheDeadHons|move: Protect\n|-damage|p1b: Tahtorak|0 fnt\n|faint|p1b: Tahtorak\n|\n|-weather|none\n|-end|p2b: Flutter Mane|Protosynthesis\n|upkeep\n|\n|t:|1738795296\n|switch|p1b: Moltres|Moltres-Galar, L50, shiny|100\/100\n|turn|6\n|\n|t:|1738795313\n|-terastallize|p1b: Moltres|Dark\n|move|p2a: Farigiraf|Helping Hand|p2b: Flutter Mane\n|-singleturn|p2b: Flutter Mane|Helping Hand|[of] p2a: Farigiraf\n|move|p2b: Flutter Mane|Dazzling Gleam|p1b: Moltres|[spread] p1a,p1b\n|-supereffective|p1b: Moltres\n|-damage|p1a: PetahTheDeadHons|0 fnt\n|-damage|p1b: Moltres|3\/100\n|faint|p1a: PetahTheDeadHons\n|-ability|p1b: Moltres|Berserk|boost\n|-boost|p1b: Moltres|spa|1\n|move|p1b: Moltres|Fiery Wrath|p2a: Farigiraf|[spread] p2a,p2b\n|-supereffective|p2a: Farigiraf\n|-resisted|p2b: Flutter Mane\n|-damage|p2a: Farigiraf|0 fnt\n|-damage|p2b: Flutter Mane|38\/100\n|faint|p2a: Farigiraf\n|\n|upkeep\n|turn|7\n|\n|t:|1738795327\n|move|p2b: Flutter Mane|Moonblast|p1b: Moltres\n|-supereffective|p1b: Moltres\n|-damage|p1b: Moltres|0 fnt\n|faint|p1b: Moltres\n|\n|win|MisterBanana7\n|raw|BattleBlazikenVGC's rating: 1582 &rarr; <strong>1566<\/strong><br \/>(-16 for losing)\n|raw|MisterBanana7's rating: 1660 &rarr; <strong>1676<\/strong><br \/>(+16 for winning)\n","uploadtime":1738795333,"views":11,"formatid":"gen9vgc2025regg","rating":1566,"private":0,"password":null}