{"id":"gen9vgc2025regg-2295543983","format":"[Gen 9] VGC 2025 Reg G","players":["chaddiestchad","Yung Trav"],"log":"|j|\u2606chaddiestchad\n|j|\u203dYung Trav\n|t:|1738851260\n|gametype|doubles\n|player|p1|chaddiestchad|supernerd|1612\n|player|p2|Yung Trav|2|1700\n|teamsize|p1|6\n|teamsize|p2|6\n|gen|9\n|tier|[Gen 9] VGC 2025 Reg G\n|rated|\n|rule|Species Clause: Limit one of each Pok\u00e9mon\n|rule|Item Clause: Limit 1 of each item\n|clearpoke\n|poke|p1|Calyrex-Shadow, L50|\n|poke|p1|Ogerpon-Hearthflame, L50, F|\n|poke|p1|Incineroar, L50, M|\n|poke|p1|Urshifu-*, L50, F|\n|poke|p1|Rillaboom, L50, M|\n|poke|p1|Raging Bolt, L50|\n|poke|p2|Calyrex-Ice, L50|\n|poke|p2|Regidrago, L50|\n|poke|p2|Smeargle, L50, M|\n|poke|p2|Farigiraf, L50, M|\n|poke|p2|Urshifu-*, L50, M|\n|poke|p2|Ogerpon-Cornerstone, L50, F|\n|teampreview|4\n|inactive|Battle timer is ON: inactive players will automatically lose when time's up. (requested by chaddiestchad)\n|inactive|chaddiestchad has 60 seconds left.\n|\n|t:|1738851313\n|start\n|switch|p1a: Urshifu|Urshifu-Rapid-Strike, L50, F|100\/100\n|switch|p1b: Incineroar|Incineroar, L50, M|100\/100\n|switch|p2a: Calyrex|Calyrex-Ice, L50|100\/100\n|switch|p2b: Smeargle|Smeargle, L50, M, shiny|100\/100\n|-ability|p2a: Calyrex|As One\n|-ability|p2a: Calyrex|Unnerve\n|-ability|p1b: Incineroar|Intimidate|boost\n|-fail|p2a: Calyrex|unboost|[from] item: Clear Amulet|[of] p2a: Calyrex\n|-fail|p2b: Smeargle|unboost|Attack|[from] ability: Own Tempo|[of] p2b: Smeargle\n|turn|1\n|inactive|chaddiestchad has 30 seconds left.\n|\n|t:|1738851339\n|-terastallize|p2a: Calyrex|Water\n|move|p1b: Incineroar|Fake Out|p2a: Calyrex\n|-damage|p2a: Calyrex|94\/100\n|move|p2b: Smeargle|Fake Out|p1b: Incineroar\n|-damage|p1b: Incineroar|97\/100\n|-damage|p2b: Smeargle|84\/100|[from] item: Rocky Helmet|[of] p1b: Incineroar\n|move|p1a: Urshifu|Surging Strikes|p2b: Smeargle\n|-crit|p2b: Smeargle\n|-damage|p2b: Smeargle|58\/100\n|-crit|p2b: Smeargle\n|-damage|p2b: Smeargle|30\/100\n|-crit|p2b: Smeargle\n|-damage|p2b: Smeargle|4\/100\n|-hitcount|p2b: Smeargle|3\n|cant|p2a: Calyrex|flinch\n|\n|upkeep\n|turn|2\n|inactive|Yung Trav has 30 seconds left.\n|\n|t:|1738851371\n|switch|p2b: Farigiraf|Farigiraf, L50, M, shiny|100\/100\n|move|p1a: Urshifu|Surging Strikes|p2b: Farigiraf\n|-crit|p2b: Farigiraf\n|-damage|p2b: Farigiraf|84\/100\n|-crit|p2b: Farigiraf\n|-damage|p2b: Farigiraf|67\/100\n|-crit|p2b: Farigiraf\n|-damage|p2b: Farigiraf|52\/100\n|-hitcount|p2b: Farigiraf|3\n|move|p1b: Incineroar|Knock Off|p2a: Calyrex\n|-damage|p2a: Calyrex|70\/100\n|-enditem|p2a: Calyrex|Clear Amulet|[from] move: Knock Off|[of] p1b: Incineroar\n|move|p2a: Calyrex|Trick Room|p2a: Calyrex\n|-fieldstart|move: Trick Room|[of] p2a: Calyrex\n|\n|upkeep\n|turn|3\n|\n|t:|1738851389\n|move|p2b: Farigiraf|Helping Hand|p2a: Calyrex\n|-singleturn|p2a: Calyrex|Helping Hand|[of] p2b: Farigiraf\n|move|p1a: Urshifu|Detect|p1a: Urshifu\n|-singleturn|p1a: Urshifu|Protect\n|move|p2a: Calyrex|High Horsepower|p1b: Incineroar\n|-supereffective|p1b: Incineroar\n|-damage|p1b: Incineroar|4\/100\n|-damage|p2a: Calyrex|54\/100|[from] item: Rocky Helmet|[of] p1b: Incineroar\n|move|p1b: Incineroar|Parting Shot|p2a: Calyrex\n|-unboost|p2a: Calyrex|atk|1\n|-unboost|p2a: Calyrex|spa|1\n|\n|t:|1738851401\n|switch|p1b: Ogerpon|Ogerpon-Hearthflame, L50, F|100\/100|[from] Parting Shot\n|-ability|p1b: Ogerpon|Mold Breaker\n|\n|upkeep\n|turn|4\n|\n|t:|1738851414\n|-terastallize|p1b: Ogerpon|Fire\n|detailschange|p1b: Ogerpon|Ogerpon-Hearthflame-Tera, L50, F, tera:Fire\n|-ability|p1b: Ogerpon|Embody Aspect (Hearthflame)|boost\n|-boost|p1b: Ogerpon|atk|1\n|move|p2a: Calyrex|Glacial Lance|p1b: Ogerpon|[spread] p1a,p1b\n|-resisted|p1a: Urshifu\n|-resisted|p1b: Ogerpon\n|-damage|p1a: Urshifu|80\/100\n|-damage|p1b: Ogerpon|77\/100\n|move|p2b: Farigiraf|Psychic Noise|p1a: Urshifu\n|-supereffective|p1a: Urshifu\n|-damage|p1a: Urshifu|17\/100\n|-start|p1a: Urshifu|move: Heal Block\n|move|p1a: Urshifu|Close Combat|p2b: Farigiraf\n|-damage|p2b: Farigiraf|3\/100\n|-unboost|p1a: Urshifu|def|1\n|-unboost|p1a: Urshifu|spd|1\n|move|p1b: Ogerpon|Horn Leech|p2a: Calyrex\n|-supereffective|p2a: Calyrex\n|-damage|p2a: Calyrex|0 fnt\n|-heal|p1b: Ogerpon|100\/100|[from] drain|[of] p2a: Calyrex\n|faint|p2a: Calyrex\n|\n|upkeep\n|\n|t:|1738851437\n|switch|p2a: Regidrago|Regidrago, L50, shiny|100\/100\n|turn|5\n|inactive|chaddiestchad has 30 seconds left.\n|\n|t:|1738851465\n|switch|p1b: Incineroar|Incineroar, L50, M|4\/100\n|-ability|p1b: Incineroar|Intimidate|boost\n|-unboost|p2a: Regidrago|atk|1\n|-unboost|p2b: Farigiraf|atk|1\n|move|p2b: Farigiraf|Helping Hand|p2a: Regidrago\n|-singleturn|p2a: Regidrago|Helping Hand|[of] p2b: Farigiraf\n|move|p1a: Urshifu|Detect|p1a: Urshifu\n|-singleturn|p1a: Urshifu|Protect\n|move|p2a: Regidrago|Dragon Energy|p1a: Urshifu|[spread] p1b\n|-activate|p1a: Urshifu|move: Protect\n|-damage|p1b: Incineroar|0 fnt\n|faint|p1b: Incineroar\n|\n|-end|p1a: Urshifu|move: Heal Block\n|upkeep\n|\n|t:|1738851482\n|switch|p1b: Ogerpon|Ogerpon-Hearthflame-Tera, L50, F, tera:Fire|100\/100\n|-ability|p1b: Ogerpon|Embody Aspect (Hearthflame)|boost\n|-boost|p1b: Ogerpon|atk|1\n|turn|6\n|\n|t:|1738851490\n|switch|p2b: Smeargle|Smeargle, L50, M, shiny|4\/100\n|move|p1a: Urshifu|Detect||[still]\n|-fail|p1a: Urshifu\n|move|p1b: Ogerpon|Spiky Shield|p1b: Ogerpon\n|-singleturn|p1b: Ogerpon|move: Protect\n|move|p2a: Regidrago|Dragon Energy|p1b: Ogerpon|[spread] p1a\n|-activate|p1b: Ogerpon|move: Protect\n|-damage|p1a: Urshifu|0 fnt\n|faint|p1a: Urshifu\n|\n|-fieldend|move: Trick Room\n|upkeep\n|\n|t:|1738851505\n|switch|p1a: Calyrex|Calyrex-Shadow, L50|100\/100\n|-ability|p1a: Calyrex|As One\n|-ability|p1a: Calyrex|Unnerve\n|turn|7\n|\n|t:|1738851529\n|move|p2b: Smeargle|Fake Out|p1b: Ogerpon\n|-damage|p1b: Ogerpon|95\/100\n|move|p1a: Calyrex|Astral Barrage|p2b: Smeargle|[spread] p2a\n|-immune|p2b: Smeargle\n|-damage|p2a: Regidrago|27\/100\n|cant|p1b: Ogerpon|flinch\n|move|p2a: Regidrago|Draco Meteor|p1a: Calyrex\n|-damage|p1a: Calyrex|5\/100\n|-unboost|p2a: Regidrago|spa|2\n|\n|upkeep\n|turn|8\n|-message|Yung Trav forfeited.\n|\n|win|chaddiestchad\n|raw|chaddiestchad's rating: 1612 &rarr; <strong>1637<\/strong><br \/>(+25 for winning)\n|raw|Yung Trav's rating: 1700 &rarr; <strong>1675<\/strong><br \/>(-25 for losing)\n|l|\u203dYung Trav\n|player|p2|\n|j|\u203dYung Trav\n|player|p2|Yung Trav|2|\n|l|\u2606chaddiestchad\n|player|p1|\n|l|\u203dYung Trav\n|player|p2|\n","uploadtime":1738851757,"views":13,"formatid":"gen9vgc2025regg","rating":1637,"private":0,"password":null}