{"id":"gen9vgc2025regg-2295110954","format":"[Gen 9] VGC 2025 Reg G","players":["Chef AF","GeorgeBraun"],"log":"|j|\u203dChef AF\n|j|\u2606GeorgeBraun\n|t:|1738787631\n|gametype|doubles\n|player|p1|Chef AF|bugcatcher-gen4dp|1612\n|player|p2|GeorgeBraun|gentleman-gen4|1596\n|teamsize|p1|6\n|teamsize|p2|6\n|gen|9\n|tier|[Gen 9] VGC 2025 Reg G\n|rated|\n|rule|Species Clause: Limit one of each Pok\u00e9mon\n|rule|Item Clause: Limit 1 of each item\n|clearpoke\n|poke|p1|Koraidon, L50|\n|poke|p1|Walking Wake, L50|\n|poke|p1|Iron Moth, L50|\n|poke|p1|Flutter Mane, L50|\n|poke|p1|Umbreon, L50, M|\n|poke|p1|Ogerpon-Cornerstone, L50, F|\n|poke|p2|Kyogre, L50|\n|poke|p2|Smeargle, L50, F|\n|poke|p2|Hitmontop, L50, M|\n|poke|p2|Murkrow, L50, F|\n|poke|p2|Entei, L50|\n|poke|p2|Dragonite, L50, M|\n|teampreview|4\n|inactive|Battle timer is ON: inactive players will automatically lose when time's up. (requested by Chef AF)\n|\n|t:|1738787657\n|start\n|switch|p1a: Ogerpon|Ogerpon-Cornerstone, L50, F|100\/100\n|switch|p1b: Umbreon|Umbreon, L50, M|100\/100\n|switch|p2a: Murkrow|Murkrow, L50, F|100\/100\n|switch|p2b: Entei|Entei, L50|100\/100\n|turn|1\n|\n|t:|1738787679\n|move|p2b: Entei|Protect|p2b: Entei\n|-singleturn|p2b: Entei|Protect\n|move|p2a: Murkrow|Thunder Wave|p1a: Ogerpon\n|-status|p1a: Ogerpon|par\n|move|p1a: Ogerpon|Ivy Cudgel|p2a: Murkrow|[anim] Ivy Cudgel Rock\n|-supereffective|p2a: Murkrow\n|-damage|p2a: Murkrow|0 fnt\n|faint|p2a: Murkrow\n|move|p1b: Umbreon|Yawn|p2b: Entei\n|-activate|p2b: Entei|move: Protect\n|\n|upkeep\n|\n|t:|1738787696\n|switch|p2a: Kyogre|Kyogre, L50|100\/100\n|-weather|RainDance|[from] ability: Drizzle|[of] p2a: Kyogre\n|turn|2\n|\n|t:|1738787716\n|switch|p1b: Walking Wake|Walking Wake, L50|100\/100\n|-terastallize|p2b: Entei|Normal\n|move|p2a: Kyogre|Protect|p2a: Kyogre\n|-singleturn|p2a: Kyogre|Protect\n|move|p2b: Entei|Sacred Fire|p1b: Walking Wake\n|-resisted|p1b: Walking Wake\n|-damage|p1b: Walking Wake|92\/100\n|-status|p1b: Walking Wake|brn\n|-damage|p2b: Entei|90\/100|[from] item: Life Orb\n|cant|p1a: Ogerpon|par\n|\n|-weather|RainDance|[upkeep]\n|-damage|p1b: Walking Wake|86\/100 brn|[from] brn\n|upkeep\n|turn|3\n|\n|t:|1738787736\n|switch|p2a: Smeargle|Smeargle, L50, F|100\/100\n|move|p2b: Entei|Extreme Speed|p1b: Walking Wake\n|-damage|p1b: Walking Wake|34\/100 brn\n|-damage|p2b: Entei|80\/100|[from] item: Life Orb\n|move|p1b: Walking Wake|Weather Ball|p2b: Entei\n|-damage|p2b: Entei|0 fnt\n|faint|p2b: Entei\n|move|p1a: Ogerpon|Power Whip|p2a: Smeargle\n|-enditem|p2a: Smeargle|Focus Sash\n|-damage|p2a: Smeargle|1\/100\n|\n|-weather|RainDance|[upkeep]\n|-damage|p1b: Walking Wake|28\/100 brn|[from] brn\n|-ability|p2a: Smeargle|Moody|boost\n|-boost|p2a: Smeargle|spa|2\n|-unboost|p2a: Smeargle|spd|1\n|upkeep\n|\n|t:|1738787745\n|switch|p2b: Kyogre|Kyogre, L50|100\/100\n|turn|4\n|\n|t:|1738787764\n|move|p2a: Smeargle|Follow Me|p2a: Smeargle\n|-singleturn|p2a: Smeargle|move: Follow Me\n|move|p1a: Ogerpon|Follow Me|p1a: Ogerpon\n|-singleturn|p1a: Ogerpon|move: Follow Me\n|move|p2b: Kyogre|Water Spout|p1b: Walking Wake|[spread] p1a,p1b\n|-resisted|p1b: Walking Wake\n|-ability|p1a: Ogerpon|Sturdy\n|-damage|p1a: Ogerpon|1\/100 par\n|-damage|p1b: Walking Wake|6\/100 brn\n|move|p1b: Walking Wake|Weather Ball|p2a: Smeargle\n|-damage|p2a: Smeargle|0 fnt\n|faint|p2a: Smeargle\n|\n|-weather|RainDance|[upkeep]\n|-damage|p1b: Walking Wake|0 fnt|[from] brn\n|faint|p1b: Walking Wake\n|-end|p1b: Walking Wake|Protosynthesis|[silent]\n|upkeep\n|inactive|Chef AF has 30 seconds left.\n|\n|t:|1738787790\n|switch|p1b: Koraidon|Koraidon, L50|100\/100\n|-weather|SunnyDay|[from] ability: Orichalcum Pulse|[of] p1b: Koraidon\n|-activate|p1b: Koraidon|Orichalcum Pulse|[source]\n|turn|5\n|-message|GeorgeBraun forfeited.\n|\n|win|Chef AF\n|raw|Chef AF's rating: 1612 &rarr; <strong>1631<\/strong><br \/>(+19 for winning)\n|raw|GeorgeBraun's rating: 1596 &rarr; <strong>1577<\/strong><br \/>(-19 for losing)\n|l|\u2606GeorgeBraun\n|player|p2|\n|l|\u203dChef AF\n|player|p1|\n","uploadtime":1738787969,"views":12,"formatid":"gen9vgc2025regg","rating":1577,"private":0,"password":null}