{"id":"gen9vgc2025regg-2295111755","format":"[Gen 9] VGC 2025 Reg G","players":["MisterBanana7","bertscai"],"log":"|j|\u2606MisterBanana7\n|j|\u2606bertscai\n|t:|1738787714\n|gametype|doubles\n|player|p1|MisterBanana7|cynthia-gen4|1599\n|player|p2|bertscai|zinzolin|1570\n|teamsize|p1|6\n|teamsize|p2|6\n|gen|9\n|tier|[Gen 9] VGC 2025 Reg G\n|rated|\n|rule|Species Clause: Limit one of each Pok\u00e9mon\n|rule|Item Clause: Limit 1 of each item\n|clearpoke\n|poke|p1|Groudon, L50|\n|poke|p1|Scovillain, L50, F|\n|poke|p1|Raging Bolt, L50|\n|poke|p1|Flutter Mane, L50|\n|poke|p1|Hariyama, L50, M|\n|poke|p1|Farigiraf, L50, F|\n|poke|p2|Smeargle, L50, F|\n|poke|p2|Calyrex-Ice, L50|\n|poke|p2|Indeedee-F, L50, F|\n|poke|p2|Urshifu-*, L50, F|\n|poke|p2|Torterra, L50, M|\n|poke|p2|Incineroar, L50, F|\n|teampreview|4\n|inactive|Battle timer is ON: inactive players will automatically lose when time's up. (requested by MisterBanana7)\n|\n|t:|1738787742\n|start\n|switch|p1a: Hariyama|Hariyama, L50, M|100\/100\n|switch|p1b: Farigiraf|Farigiraf, L50, F|100\/100\n|switch|p2a: Calyrex|Calyrex-Ice, L50|100\/100\n|switch|p2b: Smeargle|Smeargle, L50, F|100\/100\n|-ability|p2a: Calyrex|As One\n|-ability|p2a: Calyrex|Unnerve\n|turn|1\n|\n|t:|1738787754\n|-terastallize|p2b: Smeargle|Ghost\n|move|p1a: Hariyama|Fake Out|p2b: Smeargle\n|-immune|p2b: Smeargle\n|move|p2a: Calyrex|Glacial Lance|p1b: Farigiraf|[spread] p1a,p1b\n|-damage|p1a: Hariyama|68\/100\n|-damage|p1b: Farigiraf|37\/100\n|move|p2b: Smeargle|Decorate|p2a: Calyrex\n|-boost|p2a: Calyrex|atk|2\n|-boost|p2a: Calyrex|spa|2\n|move|p1b: Farigiraf|Trick Room|p1b: Farigiraf\n|-fieldstart|move: Trick Room|[of] p1b: Farigiraf\n|\n|upkeep\n|turn|2\n|\n|t:|1738787772\n|move|p1a: Hariyama|Wide Guard|p1a: Hariyama\n|-singleturn|p1a: Hariyama|Wide Guard\n|move|p2b: Smeargle|Follow Me|p2b: Smeargle\n|-singleturn|p2b: Smeargle|move: Follow Me\n|move|p1b: Farigiraf|Psychic Noise|p2b: Smeargle\n|-damage|p2b: Smeargle|17\/100\n|-start|p2b: Smeargle|move: Heal Block\n|-enditem|p1b: Farigiraf|Throat Spray\n|-boost|p1b: Farigiraf|spa|1|[from] item: Throat Spray\n|move|p2a: Calyrex|Glacial Lance|p1a: Hariyama|[spread] \n|-activate|p1a: Hariyama|move: Wide Guard\n|-activate|p1b: Farigiraf|move: Wide Guard\n|\n|upkeep\n|turn|3\n|inactive|MisterBanana7 has 30 seconds left.\n|j| 413XP\n|\n|t:|1738787805\n|move|p1a: Hariyama|Knock Off|p2a: Calyrex\n|-supereffective|p2a: Calyrex\n|-damage|p2a: Calyrex|56\/100\n|-enditem|p2a: Calyrex|Clear Amulet|[from] move: Knock Off|[of] p1a: Hariyama\n|move|p1b: Farigiraf|Hyper Voice|p2b: Smeargle|[spread] p2a\n|-immune|p2b: Smeargle\n|-damage|p2a: Calyrex|19\/100\n|move|p2b: Smeargle|Spore|p1a: Hariyama\n|-status|p1a: Hariyama|slp|[from] move: Spore\n|move|p2a: Calyrex|High Horsepower|p1b: Farigiraf\n|-damage|p1b: Farigiraf|0 fnt\n|faint|p1b: Farigiraf\n|-ability|p2a: Calyrex|Chilling Neigh|boost\n|-boost|p2a: Calyrex|atk|1\n|\n|-end|p2b: Smeargle|move: Heal Block\n|upkeep\n|\n|t:|1738787824\n|switch|p1b: Groudon|Groudon, L50|100\/100\n|-weather|SunnyDay|[from] ability: Drought|[of] p1b: Groudon\n|turn|4\n|\n|t:|1738787843\n|move|p1b: Groudon|Protect|p1b: Groudon\n|-singleturn|p1b: Groudon|Protect\n|cant|p1a: Hariyama|slp\n|move|p2b: Smeargle|Spore|p1b: Groudon\n|-activate|p1b: Groudon|move: Protect\n|move|p2a: Calyrex|Glacial Lance|p1b: Groudon|[spread] p1a\n|-activate|p1b: Groudon|move: Protect\n|-damage|p1a: Hariyama|0 fnt\n|faint|p1a: Hariyama\n|-ability|p2a: Calyrex|Chilling Neigh|boost\n|-boost|p2a: Calyrex|atk|1\n|\n|-weather|SunnyDay|[upkeep]\n|upkeep\n|\n|t:|1738787856\n|switch|p1a: Flutter Mane|Flutter Mane, L50|100\/100\n|-activate|p1a: Flutter Mane|ability: Protosynthesis\n|-start|p1a: Flutter Mane|protosynthesisspe\n|turn|5\n|\n|t:|1738787862\n|move|p1b: Groudon|Protect||[still]\n|-fail|p1b: Groudon\n|move|p1a: Flutter Mane|Protect|p1a: Flutter Mane\n|-singleturn|p1a: Flutter Mane|Protect\n|move|p2b: Smeargle|Spore|p1b: Groudon\n|-status|p1b: Groudon|slp|[from] move: Spore\n|move|p2a: Calyrex|Glacial Lance|p1a: Flutter Mane|[spread] p1b\n|-activate|p1a: Flutter Mane|move: Protect\n|-supereffective|p1b: Groudon\n|-damage|p1b: Groudon|0 fnt\n|faint|p1b: Groudon\n|-ability|p2a: Calyrex|Chilling Neigh|boost\n|-boost|p2a: Calyrex|atk|1\n|\n|-weather|SunnyDay|[upkeep]\n|-fieldend|move: Trick Room\n|upkeep\n|turn|6\n|\n|t:|1738787883\n|move|p2a: Calyrex|Protect|p2a: Calyrex\n|-singleturn|p2a: Calyrex|Protect\n|move|p1a: Flutter Mane|Dazzling Gleam|p2b: Smeargle|[spread] p2b\n|-activate|p2a: Calyrex|move: Protect\n|-damage|p2b: Smeargle|0 fnt\n|faint|p2b: Smeargle\n|\n|-weather|SunnyDay|[upkeep]\n|upkeep\n|\n|t:|1738787890\n|switch|p2b: Urshifu|Urshifu, L50, F|100\/100\n|turn|7\n|\n|t:|1738787897\n|-terastallize|p1a: Flutter Mane|Fairy\n|move|p2b: Urshifu|Sucker Punch|p1a: Flutter Mane\n|-resisted|p1a: Flutter Mane\n|-damage|p1a: Flutter Mane|47\/100\n|move|p1a: Flutter Mane|Dazzling Gleam|p2a: Calyrex|[spread] p2a,p2b\n|-supereffective|p2b: Urshifu\n|-damage|p2a: Calyrex|0 fnt\n|-damage|p2b: Urshifu|0 fnt\n|faint|p2a: Calyrex\n|faint|p2b: Urshifu\n|\n|-weather|SunnyDay|[upkeep]\n|upkeep\n|\n|t:|1738787902\n|switch|p2b: Indeedee|Indeedee-F, L50, F|100\/100\n|-fieldstart|move: Psychic Terrain|[from] ability: Psychic Surge|[of] p2b: Indeedee\n|turn|8\n|\n|t:|1738787908\n|move|p1a: Flutter Mane|Moonblast|p2b: Indeedee\n|-damage|p2b: Indeedee|30\/100\n|-unboost|p2b: Indeedee|spa|1\n|move|p2b: Indeedee|Dazzling Gleam|p1a: Flutter Mane\n|-damage|p1a: Flutter Mane|35\/100\n|\n|-weather|none\n|-end|p1a: Flutter Mane|Protosynthesis\n|upkeep\n|turn|9\n|-message|bertscai forfeited.\n|\n|win|MisterBanana7\n|raw|MisterBanana7's rating: 1599 &rarr; <strong>1617<\/strong><br \/>(+18 for winning)\n|raw|bertscai's rating: 1570 &rarr; <strong>1552<\/strong><br \/>(-18 for losing)\n|l|\u2606bertscai\n|player|p2|\n|l|\u2606MisterBanana7\n|player|p1|\n","uploadtime":1738788108,"views":15,"formatid":"gen9vgc2025regg","rating":1552,"private":0,"password":null}