{"id":"gen9vgc2025regg-2295183647","format":"[Gen 9] VGC 2025 Reg G","players":["BattleBlazikenVGC","Doc_MrMega"],"log":"|j|\u2606BattleBlazikenVGC\n|j|\u2606Doc_MrMega\n|t:|1738795570\n|gametype|doubles\n|player|p1|BattleBlazikenVGC|ltsurge|1580\n|player|p2|Doc_MrMega|lucas|1662\n|teamsize|p1|6\n|teamsize|p2|6\n|gen|9\n|tier|[Gen 9] VGC 2025 Reg G\n|rated|\n|rule|Species Clause: Limit one of each Pok\u00e9mon\n|rule|Item Clause: Limit 1 of each item\n|clearpoke\n|poke|p1|Eternatus, L50|\n|poke|p1|Rhydon, L50, M|\n|poke|p1|Grimmsnarl, L50, M|\n|poke|p1|Amoonguss, L50, M|\n|poke|p1|Spectrier, L50|\n|poke|p1|Moltres-Galar, L50|\n|poke|p2|Calyrex-Ice, L50|\n|poke|p2|Landorus, L50, M|\n|poke|p2|Amoonguss, L50, F|\n|poke|p2|Urshifu-*, L50, F|\n|poke|p2|Roaring Moon, L50|\n|poke|p2|Ogerpon-Hearthflame, L50, F|\n|teampreview|4\n|inactive|Battle timer is ON: inactive players will automatically lose when time's up. (requested by Doc_MrMega)\n|\n|t:|1738795591\n|start\n|switch|p1a: Tahtorak|Eternatus, L50|100\/100\n|switch|p1b: PetahTheDeadHons|Spectrier, L50|100\/100\n|switch|p2a: Roaring Moon|Roaring Moon, L50|100\/100\n|switch|p2b: Calyrex|Calyrex-Ice, L50|100\/100\n|-ability|p2b: Calyrex|As One\n|-ability|p2b: Calyrex|Unnerve\n|-ability|p1a: Tahtorak|Pressure\n|-enditem|p2a: Roaring Moon|Booster Energy\n|-activate|p2a: Roaring Moon|ability: Protosynthesis|[fromitem]\n|-start|p2a: Roaring Moon|protosynthesisspe\n|turn|1\n|\n|t:|1738795608\n|move|p2a: Roaring Moon|Tailwind|p2a: Roaring Moon\n|-sidestart|p2: Doc_MrMega|move: Tailwind\n|move|p1b: PetahTheDeadHons|Will-O-Wisp|p2b: Calyrex\n|-status|p2b: Calyrex|brn\n|move|p2b: Calyrex|Glacial Lance|p1b: PetahTheDeadHons|[spread] p1a,p1b\n|-supereffective|p1a: Tahtorak\n|-damage|p1a: Tahtorak|69\/100\n|-damage|p1b: PetahTheDeadHons|65\/100\n|move|p1a: Tahtorak|Cosmic Power|p1a: Tahtorak\n|-boost|p1a: Tahtorak|def|1\n|-boost|p1a: Tahtorak|spd|1\n|\n|-heal|p1a: Tahtorak|75\/100|[from] item: Leftovers\n|-damage|p2b: Calyrex|95\/100 brn|[from] brn\n|upkeep\n|turn|2\n|\n|t:|1738795626\n|move|p1b: PetahTheDeadHons|Protect|p1b: PetahTheDeadHons\n|-singleturn|p1b: PetahTheDeadHons|Protect\n|move|p2a: Roaring Moon|Knock Off|p1b: PetahTheDeadHons\n|-activate|p1b: PetahTheDeadHons|move: Protect\n|move|p2b: Calyrex|Glacial Lance|p1a: Tahtorak|[spread] p1a\n|-activate|p1b: PetahTheDeadHons|move: Protect\n|-supereffective|p1a: Tahtorak\n|-damage|p1a: Tahtorak|52\/100\n|move|p1a: Tahtorak|Recover|p1a: Tahtorak\n|-heal|p1a: Tahtorak|100\/100\n|\n|-damage|p2b: Calyrex|89\/100 brn|[from] brn\n|upkeep\n|turn|3\n|\n|t:|1738795643\n|-terastallize|p1b: PetahTheDeadHons|Fairy\n|move|p2a: Roaring Moon|Knock Off|p1b: PetahTheDeadHons\n|-resisted|p1b: PetahTheDeadHons\n|-damage|p1b: PetahTheDeadHons|37\/100\n|-enditem|p1b: PetahTheDeadHons|Safety Goggles|[from] move: Knock Off|[of] p2a: Roaring Moon\n|move|p1b: PetahTheDeadHons|Will-O-Wisp|p2a: Roaring Moon\n|-status|p2a: Roaring Moon|brn\n|move|p2b: Calyrex|Glacial Lance|p1b: PetahTheDeadHons|[spread] p1a,p1b\n|-supereffective|p1a: Tahtorak\n|-damage|p1a: Tahtorak|77\/100\n|-damage|p1b: PetahTheDeadHons|1\/100\n|move|p1a: Tahtorak|Cosmic Power|p1a: Tahtorak\n|-boost|p1a: Tahtorak|def|1\n|-boost|p1a: Tahtorak|spd|1\n|\n|-heal|p1a: Tahtorak|83\/100|[from] item: Leftovers\n|-damage|p2a: Roaring Moon|94\/100 brn|[from] brn\n|-damage|p2b: Calyrex|83\/100 brn|[from] brn\n|upkeep\n|turn|4\n|\n|t:|1738795660\n|move|p2a: Roaring Moon|Knock Off|p1a: Tahtorak\n|-damage|p1a: Tahtorak|75\/100\n|-enditem|p1a: Tahtorak|Leftovers|[from] move: Knock Off|[of] p2a: Roaring Moon\n|move|p1b: PetahTheDeadHons|Hex|p2b: Calyrex\n|-supereffective|p2b: Calyrex\n|-damage|p2b: Calyrex|0 fnt\n|faint|p2b: Calyrex\n|-ability|p1b: PetahTheDeadHons|Grim Neigh|boost\n|-boost|p1b: PetahTheDeadHons|spa|1\n|move|p1a: Tahtorak|Sludge Bomb|p2a: Roaring Moon\n|-damage|p2a: Roaring Moon|58\/100 brn\n|\n|-damage|p2a: Roaring Moon|52\/100 brn|[from] brn\n|-sideend|p2: Doc_MrMega|move: Tailwind\n|upkeep\n|\n|t:|1738795676\n|switch|p2b: Landorus|Landorus, L50, M|100\/100\n|turn|5\n|\n|t:|1738795684\n|move|p2a: Roaring Moon|Tailwind|p2a: Roaring Moon\n|-sidestart|p2: Doc_MrMega|move: Tailwind\n|move|p2b: Landorus|Sandsear Storm|p1a: Tahtorak|[spread] p1b\n|-miss|p2b: Landorus|p1a: Tahtorak\n|-damage|p1b: PetahTheDeadHons|0 fnt\n|faint|p1b: PetahTheDeadHons\n|move|p1a: Tahtorak|Sludge Bomb|p2b: Landorus\n|-resisted|p2b: Landorus\n|-damage|p2b: Landorus|76\/100\n|-status|p2b: Landorus|psn\n|\n|-damage|p2b: Landorus|64\/100 psn|[from] psn\n|-damage|p2a: Roaring Moon|46\/100 brn|[from] brn\n|upkeep\n|\n|t:|1738795689\n|switch|p1b: Osborne|Grimmsnarl, L50, M, shiny|100\/100\n|turn|6\n|\n|t:|1738795707\n|move|p1b: Osborne|Light Screen|p1b: Osborne\n|-sidestart|p1: BattleBlazikenVGC|move: Light Screen\n|move|p2a: Roaring Moon|Knock Off|p1b: Osborne\n|-resisted|p1b: Osborne\n|-damage|p1b: Osborne|95\/100\n|-enditem|p1b: Osborne|Light Clay|[from] move: Knock Off|[of] p2a: Roaring Moon\n|move|p2b: Landorus|Earth Power|p1a: Tahtorak\n|-supereffective|p1a: Tahtorak\n|-damage|p1a: Tahtorak|42\/100\n|move|p1a: Tahtorak|Recover|p1a: Tahtorak\n|-heal|p1a: Tahtorak|92\/100\n|\n|-damage|p2b: Landorus|51\/100 psn|[from] psn\n|-damage|p2a: Roaring Moon|40\/100 brn|[from] brn\n|upkeep\n|turn|7\n|\n|t:|1738795724\n|move|p2a: Roaring Moon|Acrobatics|p1a: Tahtorak\n|-damage|p1a: Tahtorak|86\/100\n|move|p2b: Landorus|Earth Power|p1a: Tahtorak\n|-supereffective|p1a: Tahtorak\n|-damage|p1a: Tahtorak|52\/100\n|move|p1a: Tahtorak|Sludge Bomb|p2a: Roaring Moon\n|-damage|p2a: Roaring Moon|4\/100 brn\n|move|p1b: Osborne|Spirit Break|p2b: Landorus\n|-damage|p2b: Landorus|20\/100 psn\n|-unboost|p2b: Landorus|spa|1\n|\n|-damage|p2b: Landorus|8\/100 psn|[from] psn\n|-damage|p2a: Roaring Moon|0 fnt|[from] brn\n|faint|p2a: Roaring Moon\n|-end|p2a: Roaring Moon|Protosynthesis|[silent]\n|upkeep\n|\n|t:|1738795735\n|switch|p2a: Urshifu|Urshifu-Rapid-Strike, L50, F|100\/100\n|turn|8\n|\n|t:|1738795742\n|-terastallize|p2a: Urshifu|Water\n|move|p1b: Osborne|Thunder Wave|p2a: Urshifu\n|-status|p2a: Urshifu|par\n|move|p2b: Landorus|Earth Power|p1a: Tahtorak\n|-supereffective|p1a: Tahtorak\n|-damage|p1a: Tahtorak|29\/100\n|move|p1a: Tahtorak|Recover|p1a: Tahtorak\n|-heal|p1a: Tahtorak|79\/100\n|move|p2a: Urshifu|Surging Strikes|p1a: Tahtorak\n|-resisted|p1a: Tahtorak\n|-crit|p1a: Tahtorak\n|-damage|p1a: Tahtorak|70\/100\n|-resisted|p1a: Tahtorak\n|-crit|p1a: Tahtorak\n|-damage|p1a: Tahtorak|60\/100\n|-resisted|p1a: Tahtorak\n|-crit|p1a: Tahtorak\n|-damage|p1a: Tahtorak|50\/100\n|-hitcount|p1a: Tahtorak|3\n|\n|-damage|p2b: Landorus|0 fnt|[from] psn\n|faint|p2b: Landorus\n|-sideend|p2: Doc_MrMega|move: Tailwind\n|upkeep\n|turn|9\n|-message|Doc_MrMega forfeited.\n|\n|win|BattleBlazikenVGC\n|raw|BattleBlazikenVGC's rating: 1580 &rarr; <strong>1605<\/strong><br \/>(+25 for winning)\n|raw|Doc_MrMega's rating: 1662 &rarr; <strong>1637<\/strong><br \/>(-25 for losing)\n|l|\u2606Doc_MrMega\n|player|p2|\n","uploadtime":1738795762,"views":8,"formatid":"gen9vgc2025regg","rating":1605,"private":0,"password":null}