{"id":"gen9vgc2025regg-2295825745","format":"[Gen 9] VGC 2025 Reg G","players":["Forbranna","chappell murkroan"],"log":"|j|\u2606Forbranna\n|j|\u2606chappell murkroan\n|t:|1738880167\n|gametype|doubles\n|player|p1|Forbranna|clair|1611\n|player|p2|chappell murkroan|caitlin|1687\n|teamsize|p1|6\n|teamsize|p2|6\n|gen|9\n|tier|[Gen 9] VGC 2025 Reg G\n|rated|\n|rule|Species Clause: Limit one of each Pok\u00e9mon\n|rule|Item Clause: Limit 1 of each item\n|clearpoke\n|poke|p1|Grimmsnarl, L50, M|\n|poke|p1|Chi-Yu, L50|\n|poke|p1|Koraidon, L50|\n|poke|p1|Flutter Mane, L50|\n|poke|p1|Raging Bolt, L50|\n|poke|p1|Ogerpon-Cornerstone, L50, F|\n|poke|p2|Dondozo, L50, F|\n|poke|p2|Tatsugiri-Stretchy, L50, M|\n|poke|p2|Terapagos, L50, M|\n|poke|p2|Iron Hands, L50|\n|poke|p2|Sableye, L50, M|\n|poke|p2|Ogerpon-Hearthflame, L50, F|\n|teampreview|4\n|inactive|Battle timer is ON: inactive players will automatically lose when time's up. (requested by chappell murkroan)\n|inactive|Forbranna also wants the timer to be on.\n|\n|t:|1738880188\n|start\n|switch|p1a: Einstein|Grimmsnarl, L50, M, shiny|100\/100\n|switch|p1b: Voltaire|Raging Bolt, L50|100\/100\n|switch|p2a: Terapagos|Terapagos, L50, M|100\/100\n|switch|p2b: Sableye|Sableye, L50, M|100\/100\n|-activate|p2a: Terapagos|ability: Tera Shift\n|detailschange|p2a: Terapagos|Terapagos-Terastal, L50, M\n|-heal|p2a: Terapagos|100\/100|[silent]\n|turn|1\n|j| Triple20\n|\n|t:|1738880204\n|move|p2b: Sableye|Fake Out|p1a: Einstein\n|-damage|p1a: Einstein|94\/100\n|cant|p1a: Einstein|flinch\n|move|p2a: Terapagos|Tera Starstorm|p1a: Einstein\n|-damage|p1a: Einstein|2\/100\n|move|p1b: Voltaire|Volt Switch|p2a: Terapagos\n|-activate|p2a: Terapagos|ability: Tera Shell\n|-resisted|p2a: Terapagos\n|-damage|p2a: Terapagos|86\/100\n|\n|t:|1738880216\n|-end|p1b: Voltaire|Protosynthesis|[silent]\n|switch|p1b: Moctezuma|Koraidon, L50|100\/100|[from] Volt Switch\n|-weather|SunnyDay|[from] ability: Orichalcum Pulse|[of] p1b: Moctezuma\n|-activate|p1b: Moctezuma|Orichalcum Pulse|[source]\n|\n|-weather|SunnyDay|[upkeep]\n|upkeep\n|turn|2\n|\n|t:|1738880225\n|-terastallize|p2a: Terapagos|Stellar\n|detailschange|p2a: Terapagos|Terapagos-Stellar, L50, M, tera:Stellar\n|-heal|p2a: Terapagos|89\/100|[silent]\n|-ability|p2a: Terapagos|Teraform Zero\n|-weather|none\n|move|p2b: Sableye|Helping Hand|p2a: Terapagos\n|-singleturn|p2a: Terapagos|Helping Hand|[of] p2b: Sableye\n|move|p1a: Einstein|Light Screen|p1a: Einstein\n|-sidestart|p1: Forbranna|move: Light Screen\n|move|p1b: Moctezuma|Collision Course|p2a: Terapagos\n|-supereffective|p2a: Terapagos\n|-damage|p2a: Terapagos|1\/100\n|move|p2a: Terapagos|Tera Starstorm|p1a: Einstein|[spread] p1a,p1b\n|-damage|p1a: Einstein|0 fnt\n|-damage|p1b: Moctezuma|43\/100\n|faint|p1a: Einstein\n|\n|upkeep\n|\n|t:|1738880245\n|switch|p1a: Joan of Arc|Ogerpon-Cornerstone, L50, F|100\/100\n|turn|3\n|\n|t:|1738880259\n|switch|p2a: Tatsugiri|Tatsugiri-Stretchy, L50, M|100\/100\n|switch|p2b: Dondozo|Dondozo, L50, F|100\/100\n|-activate|p2a: Tatsugiri|ability: Commander|[of] p2b: Dondozo\n|-boost|p2b: Dondozo|atk|2\n|-boost|p2b: Dondozo|spa|2\n|-boost|p2b: Dondozo|spe|2\n|-boost|p2b: Dondozo|def|2\n|-boost|p2b: Dondozo|spd|2\n|move|p1b: Moctezuma|Flame Charge|p2a: Tatsugiri|[miss]\n|-miss|p1b: Moctezuma|p2a: Tatsugiri\n|move|p1a: Joan of Arc|Ivy Cudgel|p2a: Tatsugiri|[anim] Ivy Cudgel Rock|[miss]\n|-miss|p1a: Joan of Arc|p2a: Tatsugiri\n|\n|upkeep\n|turn|4\n|\n|t:|1738880279\n|switch|p1b: Voltaire|Raging Bolt, L50|100\/100\n|move|p1a: Joan of Arc|Spiky Shield|p1a: Joan of Arc\n|-singleturn|p1a: Joan of Arc|move: Protect\n|move|p2b: Dondozo|Earthquake|p1b: Voltaire|[spread] p1b\n|-miss|p2b: Dondozo|p2a: Tatsugiri\n|-activate|p1a: Joan of Arc|move: Protect\n|-supereffective|p1b: Voltaire\n|-damage|p1b: Voltaire|18\/100\n|-damage|p2b: Dondozo|91\/100|[from] item: Life Orb\n|\n|upkeep\n|turn|5\n|l| Triple20\n|\n|t:|1738880294\n|move|p1b: Voltaire|Thunderclap|p2b: Dondozo\n|-supereffective|p2b: Dondozo\n|-damage|p2b: Dondozo|45\/100\n|move|p2b: Dondozo|Earthquake|p1b: Voltaire|[spread] p1a,p1b\n|-miss|p2b: Dondozo|p2a: Tatsugiri\n|-supereffective|p1b: Voltaire\n|-damage|p1a: Joan of Arc|22\/100\n|-damage|p1b: Voltaire|0 fnt\n|faint|p1b: Voltaire\n|-end|p1b: Voltaire|Protosynthesis|[silent]\n|-damage|p2b: Dondozo|35\/100|[from] item: Life Orb\n|move|p1a: Joan of Arc|Horn Leech|p2b: Dondozo\n|-supereffective|p2b: Dondozo\n|-damage|p2b: Dondozo|0 fnt\n|-heal|p1a: Joan of Arc|47\/100|[from] drain|[of] p2b: Dondozo\n|faint|p2b: Dondozo\n|\n|upkeep\n|\n|t:|1738880313\n|switch|p1b: Moctezuma|Koraidon, L50|43\/100\n|switch|p2b: Sableye|Sableye, L50, M|100\/100\n|-weather|SunnyDay|[from] ability: Orichalcum Pulse|[of] p1b: Moctezuma\n|-activate|p1b: Moctezuma|Orichalcum Pulse|[source]\n|turn|6\n|\n|t:|1738880321\n|move|p1b: Moctezuma|Protect|p1b: Moctezuma\n|-singleturn|p1b: Moctezuma|Protect\n|move|p1a: Joan of Arc|Spiky Shield|p1a: Joan of Arc\n|-singleturn|p1a: Joan of Arc|move: Protect\n|move|p2b: Sableye|Fake Out|p1a: Joan of Arc\n|-activate|p1a: Joan of Arc|move: Protect\n|-damage|p2b: Sableye|88\/100|[from] Spiky Shield|[of] p1a: Joan of Arc\n|move|p2a: Tatsugiri|Dragon Pulse|p1b: Moctezuma\n|-activate|p1b: Moctezuma|move: Protect\n|\n|-weather|SunnyDay|[upkeep]\n|upkeep\n|turn|7\n|\n|t:|1738880338\n|-terastallize|p1b: Moctezuma|Fire\n|move|p2b: Sableye|Encore|p1b: Moctezuma\n|-start|p1b: Moctezuma|Encore\n|move|p1b: Moctezuma|Protect||[still]\n|-fail|p1b: Moctezuma\n|move|p1a: Joan of Arc|Horn Leech|p2a: Tatsugiri\n|-damage|p2a: Tatsugiri|19\/100\n|-heal|p1a: Joan of Arc|85\/100|[from] drain|[of] p2a: Tatsugiri\n|move|p2a: Tatsugiri|Dragon Pulse|p1b: Moctezuma\n|-damage|p1b: Moctezuma|16\/100\n|\n|-weather|SunnyDay|[upkeep]\n|upkeep\n|turn|8\n|inactive|chappell murkroan has 30 seconds left.\n|\n|t:|1738880372\n|move|p1b: Moctezuma|Protect|p1b: Moctezuma\n|-singleturn|p1b: Moctezuma|Protect\n|move|p2b: Sableye|Quash|p1a: Joan of Arc\n|-activate|p1a: Joan of Arc|move: Quash\n|move|p2a: Tatsugiri|Draco Meteor|p1a: Joan of Arc\n|-damage|p1a: Joan of Arc|33\/100\n|-unboost|p2a: Tatsugiri|spa|2\n|move|p1a: Joan of Arc|Horn Leech|p2a: Tatsugiri\n|-damage|p2a: Tatsugiri|0 fnt\n|-heal|p1a: Joan of Arc|41\/100|[from] drain|[of] p2a: Tatsugiri\n|faint|p2a: Tatsugiri\n|\n|-weather|SunnyDay|[upkeep]\n|upkeep\n|\n|t:|1738880379\n|switch|p2a: Terapagos|Terapagos-Stellar, L50, M, tera:Stellar|1\/100\n|turn|9\n|\n|t:|1738880401\n|move|p1b: Moctezuma|Protect||[still]\n|-fail|p1b: Moctezuma\n|move|p1a: Joan of Arc|Spiky Shield|p1a: Joan of Arc\n|-singleturn|p1a: Joan of Arc|move: Protect\n|move|p2b: Sableye|Quash|p1a: Joan of Arc\n|-activate|p1a: Joan of Arc|move: Protect\n|move|p2a: Terapagos|Tera Starstorm|p1a: Joan of Arc|[spread] p1b\n|-activate|p1a: Joan of Arc|move: Protect\n|-supereffective|p1b: Moctezuma\n|-damage|p1b: Moctezuma|0 fnt\n|faint|p1b: Moctezuma\n|\n|-weather|SunnyDay|[upkeep]\n|-sideend|p1: Forbranna|move: Light Screen\n|upkeep\n|turn|10\n|-message|Forbranna forfeited.\n|\n|win|chappell murkroan\n|raw|Forbranna's rating: 1611 &rarr; <strong>1595<\/strong><br \/>(-16 for losing)\n|raw|chappell murkroan's rating: 1687 &rarr; <strong>1703<\/strong><br \/>(+16 for winning)\n|l|\u2606chappell murkroan\n|player|p2|\n|l|\u2606Forbranna\n|player|p1|\n","uploadtime":1738880665,"views":12,"formatid":"gen9vgc2025regg","rating":1595,"private":0,"password":null}