{"id":"gen9vgc2025regg-2295052669","format":"[Gen 9] VGC 2025 Reg G","players":["bertscai","infinitygroudon"],"log":"|j|\u2606bertscai\n|j|\u2606infinitygroudon\n|t:|1738781821\n|gametype|doubles\n|player|p1|bertscai|zinzolin|1562\n|player|p2|infinitygroudon|265|1591\n|teamsize|p1|6\n|teamsize|p2|6\n|gen|9\n|tier|[Gen 9] VGC 2025 Reg G\n|rated|\n|rule|Species Clause: Limit one of each Pok\u00e9mon\n|rule|Item Clause: Limit 1 of each item\n|clearpoke\n|poke|p1|Smeargle, L50, F|\n|poke|p1|Calyrex-Ice, L50|\n|poke|p1|Indeedee-F, L50, F|\n|poke|p1|Urshifu-*, L50, F|\n|poke|p1|Torterra, L50, F|\n|poke|p1|Incineroar, L50, F|\n|poke|p2|Terapagos, L50, M|\n|poke|p2|Clefairy, L50, F|\n|poke|p2|Rillaboom, L50, F|\n|poke|p2|Skeledirge, L50, M|\n|poke|p2|Urshifu-*, L50, M|\n|poke|p2|Chien-Pao, L50|\n|teampreview|4\n|\n|t:|1738781842\n|start\n|switch|p1a: Smeargle|Smeargle, L50, F|100\/100\n|switch|p1b: Calyrex|Calyrex-Ice, L50|100\/100\n|switch|p2a: Lion's Roar|Rillaboom, L50, F|100\/100\n|switch|p2b: Ram|Urshifu, L50, M|100\/100\n|-ability|p1b: Calyrex|As One\n|-ability|p1b: Calyrex|Unnerve\n|-fieldstart|move: Grassy Terrain|[from] ability: Grassy Surge|[of] p2a: Lion's Roar\n|turn|1\n|inactive|Battle timer is ON: inactive players will automatically lose when time's up. (requested by bertscai)\n|j| oherrodersir\n|\n|t:|1738781862\n|switch|p1a: Indeedee|Indeedee-F, L50, F|100\/100\n|-fieldstart|move: Psychic Terrain|[from] ability: Psychic Surge|[of] p1a: Indeedee\n|-terastallize|p2b: Ram|Dark\n|-terastallize|p1b: Calyrex|Water\n|move|p2a: Lion's Roar|Fake Out|p1a: Indeedee\n|-activate|p1a: Indeedee|move: Psychic Terrain\n|move|p2b: Ram|Wicked Blow|p1b: Calyrex\n|-crit|p1b: Calyrex\n|-damage|p1b: Calyrex|26\/100\n|move|p1b: Calyrex|Trick Room|p1b: Calyrex\n|-fieldstart|move: Trick Room|[of] p1b: Calyrex\n|\n|upkeep\n|turn|2\n|\n|t:|1738781878\n|switch|p2b: Perrine|Terapagos, L50, M|100\/100\n|-activate|p2b: Perrine|ability: Tera Shift\n|detailschange|p2b: Perrine|Terapagos-Terastal, L50, M\n|-heal|p2b: Perrine|100\/100|[silent]\n|move|p1a: Indeedee|Follow Me|p1a: Indeedee\n|-singleturn|p1a: Indeedee|move: Follow Me\n|move|p1b: Calyrex|Glacial Lance|p2a: Lion's Roar|[spread] p2a,p2b\n|-supereffective|p2a: Lion's Roar\n|-activate|p2b: Perrine|ability: Tera Shell\n|-resisted|p2b: Perrine\n|-damage|p2a: Lion's Roar|0 fnt\n|-damage|p2b: Perrine|76\/100\n|faint|p2a: Lion's Roar\n|-ability|p1b: Calyrex|Chilling Neigh|boost\n|-boost|p1b: Calyrex|atk|1\n|\n|-heal|p2b: Perrine|83\/100|[from] item: Leftovers\n|upkeep\n|\n|t:|1738781885\n|switch|p2a: Ernesto|Skeledirge, L50, M|100\/100\n|turn|3\n|\n|t:|1738781899\n|move|p1a: Indeedee|Helping Hand|p1b: Calyrex\n|-singleturn|p1b: Calyrex|Helping Hand|[of] p1a: Indeedee\n|move|p2b: Perrine|Protect|p2b: Perrine\n|-singleturn|p2b: Perrine|Protect\n|move|p1b: Calyrex|High Horsepower|p2a: Ernesto\n|-supereffective|p2a: Ernesto\n|-damage|p2a: Ernesto|9\/100\n|move|p2a: Ernesto|Yawn|p1b: Calyrex\n|-start|p1b: Calyrex|move: Yawn|[of] p2a: Ernesto\n|\n|-heal|p2b: Perrine|89\/100|[from] item: Leftovers\n|upkeep\n|turn|4\n|\n|t:|1738781916\n|move|p1a: Indeedee|Helping Hand|p1b: Calyrex\n|-singleturn|p1b: Calyrex|Helping Hand|[of] p1a: Indeedee\n|move|p1b: Calyrex|Glacial Lance|p2a: Ernesto|[spread] p2a,p2b\n|-resisted|p2a: Ernesto\n|-damage|p2a: Ernesto|0 fnt\n|-damage|p2b: Perrine|0 fnt\n|faint|p2a: Ernesto\n|faint|p2b: Perrine\n|-ability|p1b: Calyrex|Chilling Neigh|boost\n|-boost|p1b: Calyrex|atk|2\n|\n|-end|p1b: Calyrex|move: Yawn|[silent]\n|-status|p1b: Calyrex|slp\n|upkeep\n|\n|t:|1738781919\n|switch|p2a: Ram|Urshifu, L50, M, tera:Dark|100\/100\n|turn|5\n|\n|t:|1738781930\n|move|p1a: Indeedee|Follow Me|p1a: Indeedee\n|-singleturn|p1a: Indeedee|move: Follow Me\n|cant|p1b: Calyrex|slp\n|move|p2a: Ram|Wicked Blow|p1a: Indeedee\n|-supereffective|p1a: Indeedee\n|-crit|p1a: Indeedee\n|-damage|p1a: Indeedee|0 fnt\n|faint|p1a: Indeedee\n|\n|-fieldend|move: Trick Room\n|-fieldend|move: Psychic Terrain\n|upkeep\n|\n|t:|1738781935\n|switch|p1a: Smeargle|Smeargle, L50, F|100\/100\n|turn|6\n|\n|t:|1738781938\n|move|p1a: Smeargle|Follow Me|p1a: Smeargle\n|-singleturn|p1a: Smeargle|move: Follow Me\n|move|p2a: Ram|Wicked Blow|p1a: Smeargle\n|-crit|p1a: Smeargle\n|-enditem|p1a: Smeargle|Focus Sash\n|-damage|p1a: Smeargle|1\/100\n|-curestatus|p1b: Calyrex|slp|[msg]\n|move|p1b: Calyrex|Glacial Lance|p2a: Ram\n|-damage|p2a: Ram|0 fnt\n|faint|p2a: Ram\n|\n|win|bertscai\n|raw|bertscai's rating: 1562 &rarr; <strong>1584<\/strong><br \/>(+22 for winning)\n|raw|infinitygroudon's rating: 1591 &rarr; <strong>1569<\/strong><br \/>(-22 for losing)\n|l|\u2606infinitygroudon\n|player|p2|\n|c|\u2606bertscai|gg\n|l|\u2606bertscai\n|player|p1|\n","uploadtime":1738782162,"views":16,"formatid":"gen9vgc2025regg","rating":1569,"private":0,"password":null}