{"id":"gen9vgc2025regg-2295411517","format":"[Gen 9] VGC 2025 Reg G","players":["Teraparkor 6","anyaforger21"],"log":"|j|\u2606Teraparkor 6\n|j|\u2606anyaforger21\n|t:|1738830116\n|gametype|doubles\n|player|p1|Teraparkor 6|265|1600\n|player|p2|anyaforger21|caitlin|1658\n|teamsize|p1|6\n|teamsize|p2|6\n|gen|9\n|tier|[Gen 9] VGC 2025 Reg G\n|rated|\n|rule|Species Clause: Limit one of each Pok\u00e9mon\n|rule|Item Clause: Limit 1 of each item\n|clearpoke\n|poke|p1|Rhydon, L50, M|\n|poke|p1|Lunala, L50|\n|poke|p1|Ogerpon-Cornerstone, L50, F|\n|poke|p1|Zapdos-Galar, L50|\n|poke|p1|Chi-Yu, L50|\n|poke|p1|Lapras, L50, F|\n|poke|p2|Ogerpon-Wellspring, L50, F|\n|poke|p2|Calyrex-Ice, L50|\n|poke|p2|Annihilape, L50, M|\n|poke|p2|Smeargle, L50, M|\n|poke|p2|Urshifu-*, L50, M|\n|poke|p2|Ursaluna-Bloodmoon, L50, M|\n|teampreview|4\n|inactive|Battle timer is ON: inactive players will automatically lose when time's up. (requested by Teraparkor 6)\n|j| kiabu233\n|inactive|Teraparkor 6 has 60 seconds left.\n|\n|t:|1738830160\n|start\n|switch|p1a: Chi-Yu|Chi-Yu, L50|100\/100\n|switch|p1b: Lapras|Lapras, L50, F|100\/100\n|switch|p2a: Calyrex|Calyrex-Ice, L50|100\/100\n|switch|p2b: Smeargle|Smeargle, L50, M|100\/100\n|-ability|p2a: Calyrex|As One\n|-ability|p2a: Calyrex|Unnerve\n|-ability|p1a: Chi-Yu|Beads of Ruin\n|turn|1\n|\n|t:|1738830178\n|move|p2b: Smeargle|Fake Out|p1a: Chi-Yu\n|-damage|p1a: Chi-Yu|88\/100\n|cant|p1a: Chi-Yu|flinch\n|move|p1b: Lapras|Hydro Pump|p2a: Calyrex|[miss]\n|-miss|p1b: Lapras|p2a: Calyrex\n|move|p2a: Calyrex|Trick Room|p2a: Calyrex\n|-fieldstart|move: Trick Room|[of] p2a: Calyrex\n|\n|upkeep\n|turn|2\n|\n|t:|1738830195\n|switch|p1a: Lunala|Lunala, L50|100\/100\n|-terastallize|p2a: Calyrex|Water\n|move|p2b: Smeargle|Spore|p1b: Lapras\n|-status|p1b: Lapras|slp|[from] move: Spore\n|move|p2a: Calyrex|High Horsepower|p1a: Lunala\n|-damage|p1a: Lunala|84\/100\n|cant|p1b: Lapras|slp\n|\n|-heal|p1a: Lunala|91\/100|[from] item: Leftovers\n|upkeep\n|turn|3\n|\n|t:|1738830211\n|move|p2b: Smeargle|Decorate|p2a: Calyrex\n|-boost|p2a: Calyrex|atk|2\n|-boost|p2a: Calyrex|spa|2\n|move|p2a: Calyrex|Glacial Lance|p1b: Lapras|[spread] p1a,p1b\n|-resisted|p1b: Lapras\n|-damage|p1a: Lunala|0 fnt\n|-damage|p1b: Lapras|79\/100 slp\n|faint|p1a: Lunala\n|-ability|p2a: Calyrex|Chilling Neigh|boost\n|-boost|p2a: Calyrex|atk|1\n|cant|p1b: Lapras|slp\n|\n|upkeep\n|\n|t:|1738830218\n|switch|p1a: Chi-Yu|Chi-Yu, L50|88\/100\n|-ability|p1a: Chi-Yu|Beads of Ruin\n|turn|4\n|\n|t:|1738830229\n|move|p2b: Smeargle|Spore|p1a: Chi-Yu\n|-status|p1a: Chi-Yu|slp|[from] move: Spore\n|move|p2a: Calyrex|Glacial Lance|p1a: Chi-Yu|[spread] p1a,p1b\n|-resisted|p1a: Chi-Yu\n|-resisted|p1b: Lapras\n|-damage|p1a: Chi-Yu|0 fnt\n|-damage|p1b: Lapras|53\/100 slp\n|faint|p1a: Chi-Yu\n|-ability|p2a: Calyrex|Chilling Neigh|boost\n|-boost|p2a: Calyrex|atk|1\n|cant|p1b: Lapras|slp\n|\n|upkeep\n|\n|t:|1738830235\n|switch|p1a: Rhydon|Rhydon, L50, M|100\/100\n|turn|5\n|\n|t:|1738830243\n|move|p1a: Rhydon|Protect|p1a: Rhydon\n|-singleturn|p1a: Rhydon|Protect\n|move|p2b: Smeargle|Follow Me|p2b: Smeargle\n|-singleturn|p2b: Smeargle|move: Follow Me\n|move|p2a: Calyrex|Glacial Lance|p1b: Lapras|[spread] p1b\n|-activate|p1a: Rhydon|move: Protect\n|-resisted|p1b: Lapras\n|-damage|p1b: Lapras|21\/100 slp\n|-curestatus|p1b: Lapras|slp|[msg]\n|move|p1b: Lapras|Freeze-Dry|p2b: Smeargle\n|-damage|p2b: Smeargle|49\/100\n|\n|-fieldend|move: Trick Room\n|upkeep\n|turn|6\n|\n|t:|1738830256\n|move|p2b: Smeargle|Follow Me|p2b: Smeargle\n|-singleturn|p2b: Smeargle|move: Follow Me\n|move|p1b: Lapras|Freeze-Dry|p2b: Smeargle\n|-damage|p2b: Smeargle|0 fnt\n|faint|p2b: Smeargle\n|move|p2a: Calyrex|Glacial Lance|p1b: Lapras|[spread] p1a,p1b\n|-supereffective|p1a: Rhydon\n|-resisted|p1b: Lapras\n|-damage|p1a: Rhydon|0 fnt\n|-damage|p1b: Lapras|0 fnt\n|faint|p1a: Rhydon\n|faint|p1b: Lapras\n|\n|win|anyaforger21\n|raw|Teraparkor 6's rating: 1600 &rarr; <strong>1583<\/strong><br \/>(-17 for losing)\n|raw|anyaforger21's rating: 1658 &rarr; <strong>1675<\/strong><br \/>(+17 for winning)\n|l|\u2606Teraparkor 6\n|player|p1|\n|l| kiabu233\n|l|\u2606anyaforger21\n|player|p2|\n","uploadtime":1738830499,"views":19,"formatid":"gen9vgc2025regg","rating":1583,"private":0,"password":null}