{"id":"gen9vgc2025regg-2295595403","format":"[Gen 9] VGC 2025 Reg G","players":["chaddiestchad","Doc_MrMega"],"log":"|j|\u2606chaddiestchad\n|j|\u2606Doc_MrMega\n|t:|1738856886\n|gametype|doubles\n|player|p1|chaddiestchad|supernerd|1674\n|player|p2|Doc_MrMega|lucas|1651\n|teamsize|p1|6\n|teamsize|p2|6\n|gen|9\n|tier|[Gen 9] VGC 2025 Reg G\n|rated|\n|rule|Species Clause: Limit one of each Pok\u00e9mon\n|rule|Item Clause: Limit 1 of each item\n|clearpoke\n|poke|p1|Calyrex-Shadow, L50|\n|poke|p1|Ogerpon-Hearthflame, L50, F|\n|poke|p1|Incineroar, L50, M|\n|poke|p1|Urshifu-*, L50, F|\n|poke|p1|Rillaboom, L50, F|\n|poke|p1|Raging Bolt, L50|\n|poke|p2|Calyrex-Ice, L50|\n|poke|p2|Landorus, L50, M|\n|poke|p2|Amoonguss, L50, F|\n|poke|p2|Urshifu-*, L50, M|\n|poke|p2|Roaring Moon, L50|\n|poke|p2|Ogerpon-Hearthflame, L50, F|\n|teampreview|4\n|inactive|Battle timer is ON: inactive players will automatically lose when time's up. (requested by chaddiestchad)\n|inactive|Doc_MrMega has 60 seconds left.\n|\n|t:|1738856928\n|start\n|switch|p1a: Incineroar|Incineroar, L50, M|100\/100\n|switch|p1b: Urshifu|Urshifu-Rapid-Strike, L50, F|100\/100\n|switch|p2a: Urshifu|Urshifu-Rapid-Strike, L50, M|100\/100\n|switch|p2b: Landorus|Landorus, L50, M|100\/100\n|-ability|p1a: Incineroar|Intimidate|boost\n|-unboost|p2a: Urshifu|atk|1\n|-unboost|p2b: Landorus|atk|1\n|turn|1\n|inactive|chaddiestchad has 30 seconds left.\n|inactive|chaddiestchad has 20 seconds left.\n|j| GameLurker69\n|inactive|chaddiestchad has 15 seconds left.\n|\n|t:|1738856971\n|switch|p2a: Roaring Moon|Roaring Moon, L50|100\/100\n|-enditem|p2a: Roaring Moon|Booster Energy\n|-activate|p2a: Roaring Moon|ability: Protosynthesis|[fromitem]\n|-start|p2a: Roaring Moon|protosynthesisspe\n|-terastallize|p2b: Landorus|Water\n|-terastallize|p1a: Incineroar|Water\n|move|p1a: Incineroar|Fake Out|p2b: Landorus\n|-damage|p2b: Landorus|90\/100\n|cant|p2b: Landorus|flinch\n|move|p1b: Urshifu|Close Combat|p2b: Landorus\n|-damage|p2b: Landorus|27\/100\n|-unboost|p1b: Urshifu|def|1\n|-unboost|p1b: Urshifu|spd|1\n|\n|upkeep\n|turn|2\n|inactive|chaddiestchad has 30 seconds left.\n|\n|t:|1738856997\n|move|p1b: Urshifu|Detect|p1b: Urshifu\n|-singleturn|p1b: Urshifu|Protect\n|move|p2a: Roaring Moon|Tailwind|p2a: Roaring Moon\n|-sidestart|p2: Doc_MrMega|move: Tailwind\n|move|p2b: Landorus|Sandsear Storm|p1a: Incineroar|[spread] p1a\n|-activate|p1b: Urshifu|move: Protect\n|-damage|p1a: Incineroar|46\/100\n|move|p1a: Incineroar|Knock Off|p2b: Landorus\n|-damage|p2b: Landorus|0 fnt\n|-enditem|p2b: Landorus|Life Orb|[from] move: Knock Off|[of] p1a: Incineroar\n|faint|p2b: Landorus\n|\n|upkeep\n|\n|t:|1738857011\n|switch|p2b: Ogerpon|Ogerpon-Hearthflame, L50, F|100\/100\n|-ability|p2b: Ogerpon|Mold Breaker\n|turn|3\n|\n|t:|1738857028\n|switch|p1b: Calyrex|Calyrex-Shadow, L50|100\/100\n|-ability|p1b: Calyrex|As One\n|-ability|p1b: Calyrex|Unnerve\n|switch|p1a: Ogerpon|Ogerpon-Hearthflame, L50, F|100\/100\n|-ability|p1a: Ogerpon|Mold Breaker\n|move|p2a: Roaring Moon|Acrobatics|p1b: Calyrex\n|-damage|p1b: Calyrex|60\/100\n|move|p2b: Ogerpon|Horn Leech|p1a: Ogerpon\n|-resisted|p1a: Ogerpon\n|-crit|p1a: Ogerpon\n|-damage|p1a: Ogerpon|85\/100\n|\n|upkeep\n|turn|4\n|inactive|chaddiestchad has 30 seconds left.\n|\n|t:|1738857060\n|switch|p1b: Incineroar|Incineroar, L50, M, tera:Water|46\/100\n|-ability|p1b: Incineroar|Intimidate|boost\n|-unboost|p2a: Roaring Moon|atk|1\n|-unboost|p2b: Ogerpon|atk|1\n|move|p2a: Roaring Moon|Knock Off|p1b: Incineroar\n|-damage|p1b: Incineroar|22\/100\n|-damage|p2a: Roaring Moon|84\/100|[from] item: Rocky Helmet|[of] p1b: Incineroar\n|-enditem|p1b: Incineroar|Rocky Helmet|[from] move: Knock Off|[of] p2a: Roaring Moon\n|move|p2b: Ogerpon|Horn Leech|p1a: Ogerpon\n|-resisted|p1a: Ogerpon\n|-damage|p1a: Ogerpon|78\/100\n|move|p1a: Ogerpon|Ivy Cudgel|p2b: Ogerpon|[anim] Ivy Cudgel Fire\n|-damage|p2b: Ogerpon|53\/100\n|\n|upkeep\n|turn|5\n|\n|t:|1738857083\n|switch|p1a: Urshifu|Urshifu-Rapid-Strike, L50, F|100\/100\n|switch|p1b: Calyrex|Calyrex-Shadow, L50|60\/100\n|-ability|p1b: Calyrex|As One\n|-ability|p1b: Calyrex|Unnerve\n|move|p2a: Roaring Moon|Acrobatics|p1a: Urshifu\n|-supereffective|p1a: Urshifu\n|-damage|p1a: Urshifu|57\/100\n|move|p2b: Ogerpon|Horn Leech|p1b: Calyrex\n|-damage|p1b: Calyrex|31\/100\n|-heal|p2b: Ogerpon|67\/100|[from] drain|[of] p1b: Calyrex\n|\n|-sideend|p2: Doc_MrMega|move: Tailwind\n|upkeep\n|turn|6\n|inactive|chaddiestchad has 30 seconds left.\n|\n|t:|1738857109\n|switch|p1b: Incineroar|Incineroar, L50, M, tera:Water|22\/100\n|-ability|p1b: Incineroar|Intimidate|boost\n|-unboost|p2a: Roaring Moon|atk|1\n|-unboost|p2b: Ogerpon|atk|1\n|move|p1a: Urshifu|Detect|p1a: Urshifu\n|-singleturn|p1a: Urshifu|Protect\n|move|p2a: Roaring Moon|Tailwind|p2a: Roaring Moon\n|-sidestart|p2: Doc_MrMega|move: Tailwind\n|move|p2b: Ogerpon|Ivy Cudgel|p1b: Incineroar|[anim] Ivy Cudgel Fire\n|-resisted|p1b: Incineroar\n|-damage|p1b: Incineroar|13\/100\n|\n|upkeep\n|turn|7\n|inactive|Doc_MrMega has 30 seconds left.\n|\n|t:|1738857135\n|move|p1b: Incineroar|Fake Out|p2b: Ogerpon\n|-damage|p2b: Ogerpon|58\/100\n|move|p2a: Roaring Moon|Acrobatics|p1b: Incineroar\n|-damage|p1b: Incineroar|0 fnt\n|faint|p1b: Incineroar\n|cant|p2b: Ogerpon|flinch\n|move|p1a: Urshifu|Close Combat|p2a: Roaring Moon\n|-supereffective|p2a: Roaring Moon\n|-damage|p2a: Roaring Moon|0 fnt\n|-unboost|p1a: Urshifu|def|1\n|-unboost|p1a: Urshifu|spd|1\n|faint|p2a: Roaring Moon\n|-end|p2a: Roaring Moon|Protosynthesis|[silent]\n|\n|upkeep\n|\n|t:|1738857153\n|switch|p2a: Urshifu|Urshifu-Rapid-Strike, L50, M|100\/100\n|switch|p1b: Ogerpon|Ogerpon-Hearthflame, L50, F|78\/100\n|-ability|p1b: Ogerpon|Mold Breaker\n|turn|8\n|inactive|Doc_MrMega has 30 seconds left.\n|\n|t:|1738857184\n|move|p1b: Ogerpon|Follow Me|p1b: Ogerpon\n|-singleturn|p1b: Ogerpon|move: Follow Me\n|move|p2b: Ogerpon|Ivy Cudgel|p1b: Ogerpon|[anim] Ivy Cudgel Fire\n|-damage|p1b: Ogerpon|48\/100\n|move|p2a: Urshifu|Surging Strikes|p1b: Ogerpon\n|-crit|p1b: Ogerpon\n|-damage|p1b: Ogerpon|15\/100\n|-crit|p1b: Ogerpon\n|-damage|p1b: Ogerpon|0 fnt\n|faint|p1b: Ogerpon\n|-hitcount|p1: Ogerpon|2\n|move|p1a: Urshifu|Close Combat|p2b: Ogerpon\n|-damage|p2b: Ogerpon|5\/100\n|-unboost|p1a: Urshifu|def|1\n|-unboost|p1a: Urshifu|spd|1\n|\n|upkeep\n|\n|t:|1738857200\n|switch|p1b: Calyrex|Calyrex-Shadow, L50|31\/100\n|-ability|p1b: Calyrex|As One\n|-ability|p1b: Calyrex|Unnerve\n|turn|9\n|-message|chaddiestchad forfeited.\n|\n|win|Doc_MrMega\n|raw|chaddiestchad's rating: 1674 &rarr; <strong>1653<\/strong><br \/>(-21 for losing)\n|raw|Doc_MrMega's rating: 1651 &rarr; <strong>1672<\/strong><br \/>(+21 for winning)\n|l|\u2606chaddiestchad\n|player|p1|\n|l| GameLurker69\n|l|\u2606Doc_MrMega\n|player|p2|\n","uploadtime":1738857432,"views":7,"formatid":"gen9vgc2025regg","rating":1653,"private":0,"password":null}