{"id":"gen9vgc2025regg-2295275055","format":"[Gen 9] VGC 2025 Reg G","players":["Fieraligatr","GucciSoup"],"log":"|j|\u2606Fieraligatr\n|j|\u2606GucciSoup\n|t:|1738807238\n|gametype|doubles\n|player|p1|Fieraligatr|101|1563\n|player|p2|GucciSoup|wallace|1606\n|teamsize|p1|6\n|teamsize|p2|6\n|gen|9\n|tier|[Gen 9] VGC 2025 Reg G\n|rated|\n|rule|Species Clause: Limit one of each Pok\u00e9mon\n|rule|Item Clause: Limit 1 of each item\n|clearpoke\n|poke|p1|Terapagos, L50, M|\n|poke|p1|Whimsicott, L50, F|\n|poke|p1|Okidogi, L50, M|\n|poke|p1|Urshifu-*, L50, M|\n|poke|p1|Amoonguss, L50, M|\n|poke|p1|Smeargle, L50, F|\n|poke|p2|Miraidon, L50|\n|poke|p2|Incineroar, L50, M|\n|poke|p2|Scizor, L50, F|\n|poke|p2|Grimmsnarl, L50, M|\n|poke|p2|Pelipper, L50, M|\n|poke|p2|Landorus, L50, M|\n|teampreview|4\n|inactive|Battle timer is ON: inactive players will automatically lose when time's up. (requested by Fieraligatr)\n|inactive|GucciSoup has 60 seconds left.\n|\n|t:|1738807305\n|start\n|switch|p1a: Okidogi|Okidogi, L50, M|100\/100\n|switch|p1b: Terapagos|Terapagos, L50, M|100\/100\n|switch|p2a: Mister J|Grimmsnarl, L50, M|100\/100\n|switch|p2b: Kendrick|Incineroar, L50, M|100\/100\n|-activate|p1b: Terapagos|ability: Tera Shift\n|detailschange|p1b: Terapagos|Terapagos-Terastal, L50, M\n|-heal|p1b: Terapagos|100\/100|[silent]\n|-ability|p2b: Kendrick|Intimidate|boost\n|-unboost|p1a: Okidogi|atk|1\n|-unboost|p1b: Terapagos|atk|1\n|turn|1\n|\n|t:|1738807317\n|move|p1a: Okidogi|Upper Hand|p2b: Kendrick\n|-supereffective|p2b: Kendrick\n|-damage|p2b: Kendrick|59\/100\n|move|p2b: Kendrick|Fake Out|p1a: Okidogi\n|-damage|p1a: Okidogi|91\/100\n|move|p2a: Mister J|Thunder Wave|p1b: Terapagos|[miss]\n|-miss|p2a: Mister J|p1b: Terapagos\n|move|p1b: Terapagos|Tera Starstorm|p2a: Mister J\n|-damage|p2a: Mister J|21\/100\n|\n|upkeep\n|turn|2\n|\n|t:|1738807338\n|switch|p1b: Smeargle|Smeargle, L50, F|100\/100\n|move|p2a: Mister J|Thunder Wave|p1a: Okidogi\n|-status|p1a: Okidogi|par\n|move|p2b: Kendrick|Knock Off|p1b: Smeargle\n|-damage|p1b: Smeargle|9\/100\n|-enditem|p1b: Smeargle|Focus Sash|[from] move: Knock Off|[of] p2b: Kendrick\n|move|p1a: Okidogi|Drain Punch|p2a: Mister J\n|-damage|p2a: Mister J|0 fnt\n|-heal|p1a: Okidogi|100\/100 par|[from] drain|[of] p2a: Mister J\n|faint|p2a: Mister J\n|\n|-ability|p1b: Smeargle|Moody|boost\n|-boost|p1b: Smeargle|spe|2\n|-unboost|p1b: Smeargle|def|1\n|upkeep\n|\n|t:|1738807352\n|switch|p2a: Jasper|Scizor, L50, F|100\/100\n|turn|3\n|j| Soundsoundfroot\n|\n|t:|1738807377\n|move|p1b: Smeargle|Fake Out|p2a: Jasper\n|-resisted|p2a: Jasper\n|-damage|p2a: Jasper|98\/100\n|cant|p2a: Jasper|flinch\n|move|p2b: Kendrick|Parting Shot|p1a: Okidogi\n|-unboost|p1a: Okidogi|atk|1\n|-unboost|p1a: Okidogi|spa|1\n|\n|t:|1738807384\n|switch|p2b: Metal Overlord|Miraidon, L50|100\/100|[from] Parting Shot\n|-fieldstart|move: Electric Terrain|[from] ability: Hadron Engine|[of] p2b: Metal Overlord\n|-enditem|p2b: Metal Overlord|Electric Seed\n|-boost|p2b: Metal Overlord|def|1|[from] item: Electric Seed\n|move|p1a: Okidogi|Drain Punch|p2b: Metal Overlord\n|-damage|p2b: Metal Overlord|88\/100\n|\n|-ability|p1b: Smeargle|Moody|boost\n|-boost|p1b: Smeargle|spd|2\n|-unboost|p1b: Smeargle|spa|1\n|upkeep\n|turn|4\n|\n|t:|1738807407\n|move|p2a: Jasper|Bullet Punch|p1b: Smeargle\n|-damage|p1b: Smeargle|0 fnt\n|faint|p1b: Smeargle\n|move|p2b: Metal Overlord|Calm Mind|p2b: Metal Overlord\n|-boost|p2b: Metal Overlord|spa|1\n|-boost|p2b: Metal Overlord|spd|1\n|cant|p1a: Okidogi|par\n|\n|upkeep\n|\n|t:|1738807415\n|switch|p1b: Terapagos|Terapagos-Terastal, L50, M|100\/100\n|turn|5\n|l| Soundsoundfroot\n|\n|t:|1738807432\n|-terastallize|p1b: Terapagos|Stellar\n|detailschange|p1b: Terapagos|Terapagos-Stellar, L50, M, tera:Stellar\n|-heal|p1b: Terapagos|100\/100|[silent]\n|-ability|p1b: Terapagos|Teraform Zero\n|-fieldend|move: Electric Terrain\n|move|p2b: Metal Overlord|Protect|p2b: Metal Overlord\n|-singleturn|p2b: Metal Overlord|Protect\n|move|p1b: Terapagos|Tera Starstorm|p2a: Jasper|[spread] p2a\n|-activate|p2b: Metal Overlord|move: Protect\n|-damage|p2a: Jasper|24\/100\n|move|p2a: Jasper|Swords Dance|p2a: Jasper\n|-boost|p2a: Jasper|atk|2\n|move|p1a: Okidogi|High Horsepower|p2b: Metal Overlord\n|-activate|p2b: Metal Overlord|move: Protect\n|\n|upkeep\n|turn|6\n|\n|t:|1738807457\n|move|p2a: Jasper|Protect|p2a: Jasper\n|-singleturn|p2a: Jasper|Protect\n|move|p2b: Metal Overlord|Parabolic Charge|p1b: Terapagos|[spread] p1a,p1b\n|-activate|p2a: Jasper|move: Protect\n|-crit|p1a: Okidogi\n|-damage|p1a: Okidogi|60\/100 par\n|-heal|p2b: Metal Overlord|100\/100|[from] drain|[of] p1a: Okidogi\n|-damage|p1b: Terapagos|75\/100\n|move|p1b: Terapagos|Tera Starstorm|p2a: Jasper|[spread] p2b\n|-activate|p2a: Jasper|move: Protect\n|-damage|p2b: Metal Overlord|66\/100\n|move|p1a: Okidogi|High Horsepower|p2b: Metal Overlord\n|-supereffective|p2b: Metal Overlord\n|-damage|p2b: Metal Overlord|45\/100\n|\n|upkeep\n|turn|7\n|\n|t:|1738807478\n|move|p2a: Jasper|Bullet Punch|p1b: Terapagos\n|-damage|p1b: Terapagos|29\/100\n|move|p2b: Metal Overlord|Parabolic Charge|p1b: Terapagos|[spread] p2a,p1a,p1b\n|-damage|p2a: Jasper|0 fnt\n|-heal|p2b: Metal Overlord|56\/100|[from] drain|[of] p2a: Jasper\n|-damage|p1a: Okidogi|36\/100 par\n|-heal|p2b: Metal Overlord|67\/100|[from] drain|[of] p1a: Okidogi\n|-damage|p1b: Terapagos|3\/100\n|-heal|p2b: Metal Overlord|83\/100|[from] drain|[of] p1b: Terapagos\n|faint|p2a: Jasper\n|move|p1b: Terapagos|Tera Starstorm|p2b: Metal Overlord\n|-damage|p2b: Metal Overlord|36\/100\n|move|p1a: Okidogi|High Horsepower|p2b: Metal Overlord\n|-supereffective|p2b: Metal Overlord\n|-damage|p2b: Metal Overlord|16\/100\n|\n|upkeep\n|\n|t:|1738807488\n|switch|p2a: Kendrick|Incineroar, L50, M|59\/100\n|-ability|p2a: Kendrick|Intimidate|boost\n|-unboost|p1a: Okidogi|atk|1\n|-unboost|p1b: Terapagos|atk|1\n|turn|8\n|\n|t:|1738807508\n|-terastallize|p2a: Kendrick|Grass\n|move|p2a: Kendrick|Fake Out|p1a: Okidogi\n|-damage|p1a: Okidogi|27\/100 par\n|cant|p1a: Okidogi|flinch\n|move|p2b: Metal Overlord|Parabolic Charge|p1a: Okidogi|[spread] p2a,p1a,p1b\n|-resisted|p2a: Kendrick\n|-damage|p2a: Kendrick|44\/100\n|-heal|p2b: Metal Overlord|24\/100|[from] drain|[of] p2a: Kendrick\n|-damage|p1a: Okidogi|0 fnt\n|-heal|p2b: Metal Overlord|36\/100|[from] drain|[of] p1a: Okidogi\n|-damage|p1b: Terapagos|0 fnt\n|-heal|p2b: Metal Overlord|37\/100|[from] drain|[of] p1b: Terapagos\n|faint|p1a: Okidogi\n|faint|p1b: Terapagos\n|\n|upkeep\n|\n|t:|1738807513\n|switch|p1b: Urshifu|Urshifu-Rapid-Strike, L50, M|100\/100\n|turn|9\n|\n|t:|1738807529\n|move|p1b: Urshifu|Detect|p1b: Urshifu\n|-singleturn|p1b: Urshifu|Protect\n|move|p2b: Metal Overlord|Parabolic Charge|p1b: Urshifu|[spread] p2a\n|-activate|p1b: Urshifu|move: Protect\n|-resisted|p2a: Kendrick\n|-damage|p2a: Kendrick|29\/100\n|-heal|p2b: Metal Overlord|45\/100|[from] drain|[of] p2a: Kendrick\n|move|p2a: Kendrick|Knock Off|p1b: Urshifu\n|-activate|p1b: Urshifu|move: Protect\n|\n|upkeep\n|turn|10\n|\n|t:|1738807543\n|move|p2b: Metal Overlord|Parabolic Charge|p1b: Urshifu|[spread] p2a,p1b\n|-resisted|p2a: Kendrick\n|-supereffective|p1b: Urshifu\n|-damage|p2a: Kendrick|14\/100\n|-heal|p2b: Metal Overlord|53\/100|[from] drain|[of] p2a: Kendrick\n|-damage|p1b: Urshifu|0 fnt\n|-heal|p2b: Metal Overlord|99\/100|[from] drain|[of] p1b: Urshifu\n|faint|p1b: Urshifu\n|\n|win|GucciSoup\n|raw|Fieraligatr's rating: 1563 &rarr; <strong>1545<\/strong><br \/>(-18 for losing)\n|raw|GucciSoup's rating: 1606 &rarr; <strong>1624<\/strong><br \/>(+18 for winning)\n|l|\u2606GucciSoup\n|player|p2|\n","uploadtime":1738807734,"views":10,"formatid":"gen9vgc2025regg","rating":1545,"private":0,"password":null}