{"id":"gen9vgc2025regg-2295276747","format":"[Gen 9] VGC 2025 Reg G","players":["rinkurusu","ggttmmhh"],"log":"|j|\u2606rinkurusu\n|j|\u2606ggttmmhh\n|t:|1738807467\n|gametype|doubles\n|player|p1|rinkurusu|waitress-gen4|1575\n|player|p2|ggttmmhh|1|1574\n|teamsize|p1|6\n|teamsize|p2|6\n|gen|9\n|tier|[Gen 9] VGC 2025 Reg G\n|rated|\n|rule|Species Clause: Limit one of each Pok\u00e9mon\n|rule|Item Clause: Limit 1 of each item\n|clearpoke\n|poke|p1|Groudon, L50|\n|poke|p1|Flutter Mane, L50|\n|poke|p1|Raging Bolt, L50|\n|poke|p1|Urshifu-*, L50, M|\n|poke|p1|Chien-Pao, L50|\n|poke|p1|Iron Hands, L50|\n|poke|p2|Orthworm, L50, F|\n|poke|p2|Landorus-Therian, L50, M|\n|poke|p2|Giratina-Origin, L50|\n|poke|p2|Urshifu-*, L50, M|\n|poke|p2|Ogerpon, L50, F|\n|poke|p2|Gothitelle, L50, F|\n|teampreview|4\n|inactive|Battle timer is ON: inactive players will automatically lose when time's up. (requested by rinkurusu)\n|inactive|ggttmmhh has 60 seconds left.\n|inactive|ggttmmhh has 30 seconds left.\n|inactive|ggttmmhh has 20 seconds left.\n|inactive|ggttmmhh has 15 seconds left.\n|inactive|ggttmmhh has 10 seconds left.\n|\n|t:|1738807549\n|start\n|switch|p1a: Urshifu|Urshifu, L50, M|100\/100\n|switch|p1b: Chien-Pao|Chien-Pao, L50|100\/100\n|switch|p2a: Gothitelle|Gothitelle, L50, F|100\/100\n|switch|p2b: Orthworm|Orthworm, L50, F|100\/100\n|-ability|p1b: Chien-Pao|Sword of Ruin\n|turn|1\n|j| zacattack110\n|inactive|ggttmmhh has 30 seconds left.\n|\n|t:|1738807581\n|-terastallize|p1a: Urshifu|Dark\n|move|p1b: Chien-Pao|Protect|p1b: Chien-Pao\n|-singleturn|p1b: Chien-Pao|Protect\n|move|p2a: Gothitelle|Fake Out|p1a: Urshifu\n|-damage|p1a: Urshifu|92\/100\n|cant|p1a: Urshifu|flinch\n|move|p2b: Orthworm|Shed Tail|p2b: Orthworm\n|-start|p2b: Orthworm|Substitute|[from] move: Shed Tail\n|-damage|p2b: Orthworm|50\/100\n|-enditem|p2b: Orthworm|Sitrus Berry|[eat]\n|-heal|p2b: Orthworm|75\/100|[from] item: Sitrus Berry\n|inactive|ggttmmhh has 30 seconds left.\n|inactive|ggttmmhh has 20 seconds left.\n|\n|t:|1738807619\n|switch|p2b: Landorus|Landorus-Therian, L50, M|100\/100|[from] Shed Tail\n|-ability|p2b: Landorus|Intimidate|boost\n|-unboost|p1a: Urshifu|atk|1\n|-unboost|p1b: Chien-Pao|atk|1\n|\n|upkeep\n|turn|2\n|\n|t:|1738807640\n|move|p1b: Chien-Pao|Ice Shard|p2b: Landorus\n|-supereffective|p2b: Landorus\n|-end|p2b: Landorus|Substitute\n|-damage|p1b: Chien-Pao|91\/100|[from] item: Life Orb\n|move|p1a: Urshifu|Wicked Blow|p2a: Gothitelle\n|-supereffective|p2a: Gothitelle\n|-crit|p2a: Gothitelle\n|-damage|p2a: Gothitelle|0 fnt\n|faint|p2a: Gothitelle\n|move|p2b: Landorus|U-turn|p1a: Urshifu\n|-supereffective|p1a: Urshifu\n|-damage|p1a: Urshifu|0 fnt\n|faint|p1a: Urshifu\n|\n|t:|1738807656\n|switch|p2b: Orthworm|Orthworm, L50, F|75\/100|[from] U-turn\n|\n|upkeep\n|\n|t:|1738807666\n|switch|p1a: Groudon|Groudon, L50|100\/100\n|switch|p2a: Landorus|Landorus-Therian, L50, M|100\/100\n|-weather|SunnyDay|[from] ability: Drought|[of] p1a: Groudon\n|-ability|p2a: Landorus|Intimidate|boost\n|-unboost|p1a: Groudon|atk|1\n|-unboost|p1b: Chien-Pao|atk|1\n|turn|3\n|j| Baguettezzz\n|\n|t:|1738807687\n|switch|p2a: Giratina|Giratina-Origin, L50|100\/100\n|-terastallize|p2b: Orthworm|Fire\n|move|p1b: Chien-Pao|Ice Spinner|p2a: Giratina\n|-supereffective|p2a: Giratina\n|-damage|p2a: Giratina|35\/100\n|-damage|p1b: Chien-Pao|81\/100|[from] item: Life Orb\n|move|p1a: Groudon|Heat Crash|p2b: Orthworm\n|-resisted|p2b: Orthworm\n|-damage|p2b: Orthworm|64\/100\n|move|p2b: Orthworm|Body Press|p1b: Chien-Pao\n|-supereffective|p1b: Chien-Pao\n|-damage|p1b: Chien-Pao|0 fnt\n|faint|p1b: Chien-Pao\n|\n|-weather|SunnyDay|[upkeep]\n|upkeep\n|\n|t:|1738807698\n|switch|p1b: Flutter Mane|Flutter Mane, L50|100\/100\n|-activate|p1b: Flutter Mane|ability: Protosynthesis\n|-start|p1b: Flutter Mane|protosynthesisspe\n|turn|4\n|\n|t:|1738807716\n|switch|p2a: Landorus|Landorus-Therian, L50, M|100\/100\n|-ability|p2a: Landorus|Intimidate|boost\n|-unboost|p1a: Groudon|atk|1\n|-unboost|p1b: Flutter Mane|atk|1\n|move|p1a: Groudon|Protect|p1a: Groudon\n|-singleturn|p1a: Groudon|Protect\n|move|p1b: Flutter Mane|Power Gem|p2b: Orthworm\n|-supereffective|p2b: Orthworm\n|-damage|p2b: Orthworm|0 fnt\n|faint|p2b: Orthworm\n|\n|-weather|SunnyDay|[upkeep]\n|upkeep\n|\n|t:|1738807726\n|switch|p2b: Giratina|Giratina-Origin, L50|35\/100\n|turn|5\n|\n|t:|1738807731\n|move|p2b: Giratina|Protect|p2b: Giratina\n|-singleturn|p2b: Giratina|Protect\n|move|p1b: Flutter Mane|Power Gem|p2a: Landorus\n|-damage|p2a: Landorus|58\/100\n|move|p2a: Landorus|Earthquake|p1b: Flutter Mane|[spread] p1a,p1b\n|-activate|p2b: Giratina|move: Protect\n|-damage|p1a: Groudon|57\/100\n|-damage|p1b: Flutter Mane|5\/100\n|move|p1a: Groudon|Heat Crash|p2a: Landorus\n|-damage|p2a: Landorus|28\/100\n|\n|-weather|SunnyDay|[upkeep]\n|upkeep\n|turn|6\n|\n|t:|1738807749\n|move|p2b: Giratina|Shadow Sneak|p1b: Flutter Mane\n|-supereffective|p1b: Flutter Mane\n|-damage|p1b: Flutter Mane|0 fnt\n|faint|p1b: Flutter Mane\n|-end|p1b: Flutter Mane|Protosynthesis|[silent]\n|move|p2a: Landorus|Earthquake|p1a: Groudon|[spread] p1a\n|-immune|p2b: Giratina|[from] ability: Levitate\n|-damage|p1a: Groudon|15\/100\n|move|p1a: Groudon|Heat Crash|p2b: Giratina\n|-resisted|p2b: Giratina\n|-damage|p2b: Giratina|31\/100\n|\n|-weather|SunnyDay|[upkeep]\n|upkeep\n|turn|7\n|-message|rinkurusu forfeited.\n|\n|win|ggttmmhh\n|raw|rinkurusu's rating: 1575 &rarr; <strong>1555<\/strong><br \/>(-20 for losing)\n|raw|ggttmmhh's rating: 1574 &rarr; <strong>1594<\/strong><br \/>(+20 for winning)\n|l|\u2606rinkurusu\n|player|p1|\n|l|\u2606ggttmmhh\n|player|p2|\n|l| Baguettezzz\n|l| zacattack110\n|j| Baguettezzz\n|l| Baguettezzz\n","uploadtime":1738808018,"views":13,"formatid":"gen9vgc2025regg","rating":1555,"private":0,"password":null}