{"id":"gen9vgc2025regg-2295372453","format":"[Gen 9] VGC 2025 Reg G","players":["head0fthetable","Weakest blow"],"log":"|j|\u2606head0fthetable\n|j|\u2606Weakest blow\n|t:|1738822260\n|gametype|doubles\n|player|p1|head0fthetable|leon-masters|1585\n|player|p2|Weakest blow|depotagent|1680\n|teamsize|p1|6\n|teamsize|p2|6\n|gen|9\n|tier|[Gen 9] VGC 2025 Reg G\n|rated|\n|rule|Species Clause: Limit one of each Pok\u00e9mon\n|rule|Item Clause: Limit 1 of each item\n|clearpoke\n|poke|p1|Whimsicott, L50, M|\n|poke|p1|Iron Crown, L50|\n|poke|p1|Indeedee-F, L50, F|\n|poke|p1|Calyrex-Shadow, L50|\n|poke|p1|Roaring Moon, L50|\n|poke|p1|Iron Hands, L50|\n|poke|p2|Ditto, L50|\n|poke|p2|Iron Hands, L50|\n|poke|p2|Miraidon, L50|\n|poke|p2|Pelipper, L50, M|\n|poke|p2|Volcarona, L50, M|\n|poke|p2|Whimsicott, L50, F|\n|teampreview|4\n|inactive|Battle timer is ON: inactive players will automatically lose when time's up. (requested by head0fthetable)\n|inactive|head0fthetable has 60 seconds left.\n|\n|t:|1738822293\n|start\n|switch|p1a: Indeedee|Indeedee-F, L50, F|100\/100\n|switch|p1b: Iron Hands|Iron Hands, L50|100\/100\n|switch|p2a: Iron Hands|Iron Hands, L50|100\/100\n|switch|p2b: Miraidon|Miraidon, L50|100\/100\n|-fieldstart|move: Electric Terrain|[from] ability: Hadron Engine|[of] p2b: Miraidon\n|-activate|p2a: Iron Hands|ability: Quark Drive\n|-start|p2a: Iron Hands|quarkdriveatk\n|-activate|p1b: Iron Hands|ability: Quark Drive\n|-start|p1b: Iron Hands|quarkdriveatk\n|-fieldstart|move: Psychic Terrain|[from] ability: Psychic Surge|[of] p1a: Indeedee\n|-enditem|p1a: Indeedee|Psychic Seed\n|-boost|p1a: Indeedee|spd|1|[from] item: Psychic Seed\n|-end|p2a: Iron Hands|Quark Drive\n|-end|p1b: Iron Hands|Quark Drive\n|turn|1\n|\n|t:|1738822315\n|move|p2b: Miraidon|Dazzling Gleam|p1b: Iron Hands|[spread] p1a,p1b\n|-supereffective|p1b: Iron Hands\n|-crit|p1b: Iron Hands\n|-damage|p1a: Indeedee|83\/100\n|-damage|p1b: Iron Hands|23\/100\n|-enditem|p1b: Iron Hands|Sitrus Berry|[eat]\n|-heal|p1b: Iron Hands|47\/100|[from] item: Sitrus Berry\n|-damage|p2b: Miraidon|91\/100|[from] item: Life Orb\n|move|p2a: Iron Hands|Low Kick|p1b: Iron Hands\n|-damage|p1b: Iron Hands|0 fnt\n|faint|p1b: Iron Hands\n|-end|p1b: Iron Hands|Quark Drive|[silent]\n|move|p1a: Indeedee|Trick Room|p1a: Indeedee\n|-fieldstart|move: Trick Room|[of] p1a: Indeedee\n|\n|upkeep\n|\n|t:|1738822329\n|switch|p1b: Calyrex|Calyrex-Shadow, L50|100\/100\n|-ability|p1b: Calyrex|As One\n|-ability|p1b: Calyrex|Unnerve\n|turn|2\n|inactive|Weakest blow has 30 seconds left.\n|\n|t:|1738822362\n|-terastallize|p2a: Iron Hands|Fire\n|move|p1a: Indeedee|Follow Me|p1a: Indeedee\n|-singleturn|p1a: Indeedee|move: Follow Me\n|move|p2a: Iron Hands|Low Kick|p1a: Indeedee\n|-crit|p1a: Indeedee\n|-damage|p1a: Indeedee|37\/100\n|move|p1b: Calyrex|Expanding Force|p2b: Miraidon|[spread] p2a,p2b\n|-damage|p2a: Iron Hands|61\/100\n|-damage|p2b: Miraidon|23\/100\n|move|p2b: Miraidon|Draco Meteor|p1a: Indeedee|[miss]\n|-miss|p2b: Miraidon|p1a: Indeedee\n|\n|upkeep\n|turn|3\n|inactive|Weakest blow has 30 seconds left.\n|\n|t:|1738822389\n|move|p2b: Miraidon|Protect|p2b: Miraidon\n|-singleturn|p2b: Miraidon|Protect\n|move|p1a: Indeedee|Follow Me|p1a: Indeedee\n|-singleturn|p1a: Indeedee|move: Follow Me\n|move|p2a: Iron Hands|Drain Punch|p1a: Indeedee\n|-damage|p1a: Indeedee|0 fnt\n|-heal|p2a: Iron Hands|75\/100|[from] drain|[of] p1a: Indeedee\n|faint|p1a: Indeedee\n|move|p1b: Calyrex|Expanding Force|p2a: Iron Hands|[spread] p2a\n|-activate|p2b: Miraidon|move: Protect\n|-damage|p2a: Iron Hands|34\/100\n|\n|upkeep\n|\n|t:|1738822402\n|switch|p1a: Roaring Moon|Roaring Moon, L50|100\/100\n|turn|4\n|\n|t:|1738822416\n|switch|p2b: Ditto|Ditto, L50|100\/100\n|-transform|p2b: Ditto|p1a: Roaring Moon|[from] ability: Imposter\n|-terastallize|p1a: Roaring Moon|Ground\n|move|p2a: Iron Hands|Heavy Slam|p1b: Calyrex\n|-damage|p1b: Calyrex|55\/100\n|move|p1b: Calyrex|Expanding Force|p2a: Iron Hands|[spread] p2a\n|-immune|p2b: Ditto\n|-damage|p2a: Iron Hands|0 fnt\n|faint|p2a: Iron Hands\n|-end|p2a: Iron Hands|Quark Drive|[silent]\n|-ability|p1b: Calyrex|Grim Neigh|boost\n|-boost|p1b: Calyrex|spa|1\n|move|p1a: Roaring Moon|Tera Blast|p2b: Ditto|[anim] Tera Blast Ground\n|-damage|p2b: Ditto|8\/100\n|-damage|p1a: Roaring Moon|91\/100|[from] item: Life Orb\n|\n|upkeep\n|\n|t:|1738822440\n|switch|p2a: Whimsicott|Whimsicott, L50, F|100\/100\n|turn|5\n|inactive|Weakest blow has 30 seconds left.\n|\n|t:|1738822473\n|move|p2b: Ditto|Protect|p2b: Ditto\n|-singleturn|p2b: Ditto|Protect\n|move|p2a: Whimsicott|Tailwind|p2a: Whimsicott\n|-sidestart|p2: Weakest blow|move: Tailwind\n|move|p1b: Calyrex|Astral Barrage|p2b: Ditto|[spread] p2a\n|-activate|p2b: Ditto|move: Protect\n|-damage|p2a: Whimsicott|0 fnt\n|faint|p2a: Whimsicott\n|-ability|p1b: Calyrex|Grim Neigh|boost\n|-boost|p1b: Calyrex|spa|1\n|move|p1a: Roaring Moon|Knock Off|p2b: Ditto\n|-activate|p2b: Ditto|move: Protect\n|\n|-fieldend|move: Trick Room\n|-fieldend|move: Psychic Terrain\n|upkeep\n|\n|t:|1738822489\n|switch|p2a: Miraidon|Miraidon, L50|23\/100\n|-fieldstart|move: Electric Terrain|[from] ability: Hadron Engine|[of] p2a: Miraidon\n|turn|6\n|\n|t:|1738822498\n|move|p1b: Calyrex|Protect|p1b: Calyrex\n|-singleturn|p1b: Calyrex|Protect\n|move|p2a: Miraidon|Draco Meteor|p1a: Roaring Moon|[miss]\n|-miss|p2a: Miraidon|p1a: Roaring Moon\n|move|p2b: Ditto|Knock Off|p1b: Calyrex\n|-activate|p1b: Calyrex|move: Protect\n|move|p1a: Roaring Moon|Rock Slide|p2a: Miraidon|[spread] p2a,p2b\n|-damage|p2a: Miraidon|0 fnt\n|-damage|p2b: Ditto|0 fnt\n|faint|p2a: Miraidon\n|faint|p2b: Ditto\n|-end|p2b: Ditto|Protosynthesis|[silent]\n|-damage|p1a: Roaring Moon|81\/100|[from] item: Life Orb\n|\n|win|head0fthetable\n|raw|head0fthetable's rating: 1585 &rarr; <strong>1610<\/strong><br \/>(+25 for winning)\n|raw|Weakest blow's rating: 1680 &rarr; <strong>1655<\/strong><br \/>(-25 for losing)\n|l|\u2606head0fthetable\n|player|p1|\n|l|\u2606Weakest blow\n|player|p2|\n","uploadtime":1738822555,"views":31,"formatid":"gen9vgc2025regg","rating":1610,"private":0,"password":null}