{"id":"gen9vgc2025regg-2295850949","format":"[Gen 9] VGC 2025 Reg G","players":["UnluckyTogekissZ","nerd159"],"log":"|j|\u2606UnluckyTogekissZ\n|j|\u2606nerd159\n|t:|1738883133\n|gametype|doubles\n|player|p1|UnluckyTogekissZ|266|1602\n|player|p2|nerd159|102|1574\n|teamsize|p1|6\n|teamsize|p2|6\n|gen|9\n|tier|[Gen 9] VGC 2025 Reg G\n|rated|\n|rule|Species Clause: Limit one of each Pok\u00e9mon\n|rule|Item Clause: Limit 1 of each item\n|clearpoke\n|poke|p1|Calyrex-Shadow, L50|\n|poke|p1|Raging Bolt, L50|\n|poke|p1|Clefairy, L50, F|\n|poke|p1|Urshifu-*, L50, M|\n|poke|p1|Incineroar, L50, M|\n|poke|p1|Rillaboom, L50, M|\n|poke|p2|Eternatus, L50|\n|poke|p2|Chien-Pao, L50|\n|poke|p2|Tinkaton, L50, F|\n|poke|p2|Kingambit, L50, M|\n|poke|p2|Farigiraf, L50, M|\n|poke|p2|Urshifu-*, L50, M|\n|teampreview|4\n|inactive|Battle timer is ON: inactive players will automatically lose when time's up. (requested by nerd159)\n|\n|t:|1738883159\n|start\n|switch|p1a: Calyrex|Calyrex-Shadow, L50|100\/100\n|switch|p1b: Urshifu|Urshifu-Rapid-Strike, L50, M|100\/100\n|switch|p2a: Chien-Pao|Chien-Pao, L50|100\/100\n|switch|p2b: Eternatus|Eternatus, L50|100\/100\n|-ability|p1a: Calyrex|As One\n|-ability|p1a: Calyrex|Unnerve\n|-ability|p2a: Chien-Pao|Sword of Ruin\n|-ability|p2b: Eternatus|Pressure\n|turn|1\n|\n|t:|1738883183\n|switch|p1b: Incineroar|Incineroar, L50, M|100\/100\n|-ability|p1b: Incineroar|Intimidate|boost\n|-unboost|p2a: Chien-Pao|atk|1\n|-unboost|p2b: Eternatus|atk|1\n|move|p2a: Chien-Pao|Sucker Punch||[still]\n|-fail|p2a: Chien-Pao\n|move|p1a: Calyrex|Calm Mind|p1a: Calyrex\n|-boost|p1a: Calyrex|spa|1\n|-boost|p1a: Calyrex|spd|1\n|move|p2b: Eternatus|Sludge Wave|p1b: Incineroar|[spread] p2a,p1a,p1b\n|-resisted|p1a: Calyrex\n|-enditem|p2a: Chien-Pao|Focus Sash\n|-damage|p2a: Chien-Pao|1\/100\n|-damage|p1a: Calyrex|82\/100\n|-damage|p1b: Incineroar|55\/100\n|\n|upkeep\n|turn|2\n|inactive|UnluckyTogekissZ has 30 seconds left.\n|\n|t:|1738883213\n|switch|p2a: Farigiraf|Farigiraf, L50, M|100\/100\n|switch|p2b: Kingambit|Kingambit, L50, M, shiny|100\/100\n|move|p1a: Calyrex|Calm Mind|p1a: Calyrex\n|-boost|p1a: Calyrex|spa|1\n|-boost|p1a: Calyrex|spd|1\n|move|p1b: Incineroar|Parting Shot|p2b: Kingambit\n|-unboost|p2b: Kingambit|atk|1\n|-ability|p2b: Kingambit|Defiant|boost\n|-boost|p2b: Kingambit|atk|2\n|-unboost|p2b: Kingambit|spa|1\n|-ability|p2b: Kingambit|Defiant|boost\n|-boost|p2b: Kingambit|atk|2\n|c|\u2606UnluckyTogekissZ|nice swithc\n|\n|t:|1738883228\n|switch|p1b: Urshifu|Urshifu-Rapid-Strike, L50, M|100\/100|[from] Parting Shot\n|\n|upkeep\n|turn|3\n|j| ChilledLotusA\n|inactive|UnluckyTogekissZ has 30 seconds left.\n|inactive|UnluckyTogekissZ has 20 seconds left.\n|inactive|UnluckyTogekissZ has 15 seconds left.\n|\n|t:|1738883269\n|-terastallize|p1a: Calyrex|Fairy\n|-terastallize|p2b: Kingambit|Water\n|move|p2b: Kingambit|Sucker Punch|p1a: Calyrex\n|-resisted|p1a: Calyrex\n|-damage|p1a: Calyrex|31\/100\n|move|p1a: Calyrex|Astral Barrage|p2a: Farigiraf|[spread] p2b\n|-immune|p2a: Farigiraf\n|-damage|p2b: Kingambit|0 fnt\n|faint|p2b: Kingambit\n|-ability|p1a: Calyrex|Grim Neigh|boost\n|-boost|p1a: Calyrex|spa|1\n|move|p1b: Urshifu|Close Combat|p2a: Farigiraf\n|-damage|p2a: Farigiraf|34\/100\n|-unboost|p1b: Urshifu|def|1\n|-unboost|p1b: Urshifu|spd|1\n|move|p2a: Farigiraf|Trick Room|p2a: Farigiraf\n|-fieldstart|move: Trick Room|[of] p2a: Farigiraf\n|\n|upkeep\n|j| Shield Fish\n|\n|t:|1738883273\n|switch|p2b: Eternatus|Eternatus, L50|100\/100\n|-ability|p2b: Eternatus|Pressure\n|turn|4\n|\n|t:|1738883296\n|move|p2a: Farigiraf|Protect|p2a: Farigiraf\n|-singleturn|p2a: Farigiraf|Protect\n|move|p1a: Calyrex|Protect|p1a: Calyrex\n|-singleturn|p1a: Calyrex|Protect\n|move|p1b: Urshifu|Surging Strikes|p2a: Farigiraf\n|-crit|p2a: Farigiraf\n|-damage|p2a: Farigiraf|13\/100\n|-crit|p2a: Farigiraf\n|-damage|p2a: Farigiraf|0 fnt\n|faint|p2a: Farigiraf\n|-hitcount|p2: Farigiraf|2\n|move|p2b: Eternatus|Sludge Wave|p1a: Calyrex|[spread] p1b\n|-activate|p1a: Calyrex|move: Protect\n|-enditem|p1b: Urshifu|Focus Sash\n|-damage|p1b: Urshifu|1\/100\n|\n|upkeep\n|\n|t:|1738883298\n|switch|p2a: Chien-Pao|Chien-Pao, L50|1\/100\n|-ability|p2a: Chien-Pao|Sword of Ruin\n|turn|5\n|\n|t:|1738883313\n|switch|p1b: Clefairy|Clefairy, L50, F, shiny|100\/100\n|move|p2a: Chien-Pao|Sucker Punch||[still]\n|-fail|p2a: Chien-Pao\n|move|p2b: Eternatus|Sludge Wave|p1a: Calyrex|[spread] p2a,p1a,p1b\n|-supereffective|p1a: Calyrex\n|-crit|p1a: Calyrex\n|-supereffective|p1b: Clefairy\n|-damage|p2a: Chien-Pao|0 fnt\n|-damage|p1a: Calyrex|0 fnt\n|-damage|p1b: Clefairy|0 fnt\n|faint|p2a: Chien-Pao\n|faint|p1a: Calyrex\n|faint|p1b: Clefairy\n|\n|upkeep\n|\n|t:|1738883319\n|switch|p1b: Incineroar|Incineroar, L50, M|55\/100\n|switch|p1a: Urshifu|Urshifu-Rapid-Strike, L50, M|1\/100\n|-ability|p1b: Incineroar|Intimidate|boost\n|-unboost|p2b: Eternatus|atk|1\n|turn|6\n|\n|t:|1738883325\n|move|p1b: Incineroar|Fake Out|p2b: Eternatus\n|-damage|p2b: Eternatus|91\/100\n|move|p1a: Urshifu|Surging Strikes|p2b: Eternatus\n|-resisted|p2b: Eternatus\n|-crit|p2b: Eternatus\n|-damage|p2b: Eternatus|82\/100\n|-resisted|p2b: Eternatus\n|-crit|p2b: Eternatus\n|-damage|p2b: Eternatus|74\/100\n|-resisted|p2b: Eternatus\n|-crit|p2b: Eternatus\n|-damage|p2b: Eternatus|66\/100\n|-hitcount|p2b: Eternatus|3\n|cant|p2b: Eternatus|flinch\n|\n|upkeep\n|turn|7\n|\n|t:|1738883340\n|move|p1b: Incineroar|Knock Off|p2b: Eternatus\n|-damage|p2b: Eternatus|32\/100\n|-enditem|p2b: Eternatus|Choice Specs|[from] move: Knock Off|[of] p1b: Incineroar\n|move|p1a: Urshifu|Surging Strikes|p2b: Eternatus\n|-resisted|p2b: Eternatus\n|-crit|p2b: Eternatus\n|-damage|p2b: Eternatus|24\/100\n|-resisted|p2b: Eternatus\n|-crit|p2b: Eternatus\n|-damage|p2b: Eternatus|15\/100\n|-resisted|p2b: Eternatus\n|-crit|p2b: Eternatus\n|-damage|p2b: Eternatus|7\/100\n|-hitcount|p2b: Eternatus|3\n|move|p2b: Eternatus|Sludge Wave|p1a: Urshifu|[spread] p1a,p1b\n|-damage|p1a: Urshifu|0 fnt\n|-damage|p1b: Incineroar|22\/100\n|faint|p1a: Urshifu\n|\n|-fieldend|move: Trick Room\n|upkeep\n|turn|8\n|c|\u2606nerd159|Gg\n|\n|t:|1738883351\n|move|p2b: Eternatus|Dynamax Cannon|p1b: Incineroar\n|-damage|p1b: Incineroar|0 fnt\n|faint|p1b: Incineroar\n|\n|win|nerd159\n|raw|UnluckyTogekissZ's rating: 1602 &rarr; <strong>1580<\/strong><br \/>(-22 for losing)\n|raw|nerd159's rating: 1574 &rarr; <strong>1596<\/strong><br \/>(+22 for winning)\n|l|\u2606UnluckyTogekissZ\n|player|p1|\n|l| Shield Fish\n|l|\u2606nerd159\n|player|p2|\n","uploadtime":1738883524,"views":12,"formatid":"gen9vgc2025regg","rating":1580,"private":0,"password":null}