{"id":"gen9vgc2025regg-2295367302","format":"[Gen 9] VGC 2025 Reg G","players":["RICHARDHAVOC","CAZ9899"],"log":"|j|\u2606RICHARDHAVOC\n|j|\u2606CAZ9899\n|t:|1738821247\n|gametype|doubles\n|player|p1|RICHARDHAVOC|brycen|1607\n|player|p2|CAZ9899|riley|1551\n|teamsize|p1|6\n|teamsize|p2|6\n|gen|9\n|tier|[Gen 9] VGC 2025 Reg G\n|rated|\n|rule|Species Clause: Limit one of each Pok\u00e9mon\n|rule|Item Clause: Limit 1 of each item\n|clearpoke\n|poke|p1|Zamazenta-*, L50|\n|poke|p1|Urshifu-*, L50, M|\n|poke|p1|Ditto, L50|\n|poke|p1|Chien-Pao, L50|\n|poke|p1|Flutter Mane, L50|\n|poke|p1|Entei, L50|\n|poke|p2|Calyrex-Shadow, L50|\n|poke|p2|Weezing-Galar, L50, M|\n|poke|p2|Urshifu-*, L50, F|\n|poke|p2|Tornadus, L50, M|\n|poke|p2|Indeedee-F, L50, F|\n|poke|p2|Iron Hands, L50|\n|teampreview|4\n|j| numberonebosskfan\n|\n|t:|1738821309\n|start\n|switch|p1a: Urshifu|Urshifu-Rapid-Strike, L50, M|100\/100\n|switch|p1b: Chien-Pao|Chien-Pao, L50|100\/100\n|switch|p2a: Calyrex|Calyrex-Shadow, L50|100\/100\n|switch|p2b: Weezing|Weezing-Galar, L50, M|100\/100\n|-ability|p2b: Weezing|Neutralizing Gas\n|-ability|p2a: Calyrex|As One\n|-ability|p2a: Calyrex|Unnerve\n|turn|1\n|\n|t:|1738821337\n|-terastallize|p1a: Urshifu|Water\n|move|p1a: Urshifu|Surging Strikes|p2b: Weezing\n|-crit|p2b: Weezing\n|-damage|p2b: Weezing|71\/100\n|-crit|p2b: Weezing\n|-damage|p2b: Weezing|43\/100\n|-crit|p2b: Weezing\n|-damage|p2b: Weezing|16\/100\n|-hitcount|p2b: Weezing|3\n|move|p2a: Calyrex|Astral Barrage|p1b: Chien-Pao|[spread] p1a,p1b\n|-resisted|p1b: Chien-Pao\n|-damage|p1a: Urshifu|0 fnt\n|-damage|p1b: Chien-Pao|32\/100\n|faint|p1a: Urshifu\n|-ability|p2a: Calyrex|Grim Neigh|boost\n|-boost|p2a: Calyrex|spa|1\n|move|p1b: Chien-Pao|Ice Spinner|p2b: Weezing\n|-damage|p2b: Weezing|0 fnt\n|faint|p2b: Weezing\n|-end|p2b: Weezing|ability: Neutralizing Gas\n|-ability|p1b: Chien-Pao|Sword of Ruin\n|\n|upkeep\n|\n|t:|1738821363\n|switch|p1a: Zamazenta|Zamazenta-Crowned, L50, shiny|100\/100\n|switch|p2b: Iron Hands|Iron Hands, L50|100\/100\n|-ability|p1a: Zamazenta|Dauntless Shield|boost\n|-boost|p1a: Zamazenta|def|1\n|turn|2\n|\n|t:|1738821388\n|move|p1b: Chien-Pao|Protect|p1b: Chien-Pao\n|-singleturn|p1b: Chien-Pao|Protect\n|move|p1a: Zamazenta|Protect|p1a: Zamazenta\n|-singleturn|p1a: Zamazenta|Protect\n|move|p2b: Iron Hands|Fake Out|p1b: Chien-Pao\n|-activate|p1b: Chien-Pao|move: Protect\n|move|p2a: Calyrex|Astral Barrage|p1b: Chien-Pao|[spread] \n|-activate|p1a: Zamazenta|move: Protect\n|-activate|p1b: Chien-Pao|move: Protect\n|\n|upkeep\n|turn|3\n|\n|t:|1738821406\n|switch|p2a: Urshifu|Urshifu, L50, F|100\/100\n|move|p1a: Zamazenta|Wide Guard|p1a: Zamazenta\n|-singleturn|p1a: Zamazenta|Wide Guard\n|move|p1b: Chien-Pao|Sucker Punch||[still]\n|-fail|p1b: Chien-Pao\n|move|p2b: Iron Hands|Drain Punch|p1b: Chien-Pao\n|-supereffective|p1b: Chien-Pao\n|-damage|p1b: Chien-Pao|0 fnt\n|faint|p1b: Chien-Pao\n|\n|upkeep\n|\n|t:|1738821410\n|switch|p1b: Ditto|Ditto, L50, shiny|100\/100\n|-transform|p1b: Ditto|p2a: Urshifu|[from] ability: Imposter\n|turn|4\n|\n|t:|1738821444\n|move|p1b: Ditto|Protect|p1b: Ditto\n|-singleturn|p1b: Ditto|Protect\n|move|p2a: Urshifu|Sucker Punch||[still]\n|-fail|p2a: Urshifu\n|move|p1a: Zamazenta|Body Press|p2a: Urshifu\n|-supereffective|p2a: Urshifu\n|-enditem|p2a: Urshifu|Focus Sash\n|-damage|p2a: Urshifu|1\/100\n|move|p2b: Iron Hands|Drain Punch|p1b: Ditto\n|-activate|p1b: Ditto|move: Protect\n|\n|upkeep\n|turn|5\n|\n|t:|1738821462\n|move|p2a: Urshifu|Protect|p2a: Urshifu\n|-singleturn|p2a: Urshifu|Protect\n|move|p1a: Zamazenta|Body Press|p2b: Iron Hands\n|-damage|p2b: Iron Hands|57\/100\n|move|p1b: Ditto|Close Combat|p2b: Iron Hands\n|-damage|p2b: Iron Hands|13\/100\n|-unboost|p1b: Ditto|def|1\n|-unboost|p1b: Ditto|spd|1\n|move|p2b: Iron Hands|Drain Punch|p1b: Ditto\n|-supereffective|p1b: Ditto\n|-damage|p1b: Ditto|0 fnt\n|-heal|p2b: Iron Hands|46\/100|[from] drain|[of] p1b: Ditto\n|faint|p1b: Ditto\n|\n|upkeep\n|turn|6\n|\n|t:|1738821489\n|move|p1a: Zamazenta|Body Press|p2a: Urshifu\n|-supereffective|p2a: Urshifu\n|-damage|p2a: Urshifu|0 fnt\n|faint|p2a: Urshifu\n|move|p2b: Iron Hands|Drain Punch|p1a: Zamazenta\n|-supereffective|p1a: Zamazenta\n|-damage|p1a: Zamazenta|67\/100\n|-heal|p2b: Iron Hands|59\/100|[from] drain|[of] p1a: Zamazenta\n|\n|upkeep\n|\n|t:|1738821498\n|switch|p2a: Calyrex|Calyrex-Shadow, L50|100\/100\n|-ability|p2a: Calyrex|As One\n|-ability|p2a: Calyrex|Unnerve\n|turn|7\n|\n|t:|1738821509\n|-terastallize|p2a: Calyrex|Ghost\n|move|p2a: Calyrex|Astral Barrage|p1a: Zamazenta\n|-damage|p1a: Zamazenta|0 fnt\n|faint|p1a: Zamazenta\n|\n|win|CAZ9899\n|raw|RICHARDHAVOC's rating: 1607 &rarr; <strong>1584<\/strong><br \/>(-23 for losing)\n|raw|CAZ9899's rating: 1551 &rarr; <strong>1574<\/strong><br \/>(+23 for winning)\n|l|\u2606RICHARDHAVOC\n|player|p1|\n|l|\u2606CAZ9899\n|player|p2|\n|l| numberonebosskfan\n","uploadtime":1738821746,"views":6,"formatid":"gen9vgc2025regg","rating":1574,"private":0,"password":null}