{"id":"gen9vgc2025regg-2295574321","format":"[Gen 9] VGC 2025 Reg G","players":["jd8erh","Doc_MrMega"],"log":"|j|\u2606jd8erh\n|j|\u2606Doc_MrMega\n|t:|1738854682\n|gametype|doubles\n|player|p1|jd8erh|2|1690\n|player|p2|Doc_MrMega|lucas|1726\n|teamsize|p1|6\n|teamsize|p2|6\n|gen|9\n|tier|[Gen 9] VGC 2025 Reg G\n|rated|\n|rule|Species Clause: Limit one of each Pok\u00e9mon\n|rule|Item Clause: Limit 1 of each item\n|clearpoke\n|poke|p1|Urshifu-*, L50, M|\n|poke|p1|Raging Bolt, L50|\n|poke|p1|Calyrex-Ice, L50|\n|poke|p1|Incineroar, L50, M|\n|poke|p1|Rillaboom, L50, F|\n|poke|p1|Farigiraf, L50, M|\n|poke|p2|Calyrex-Ice, L50|\n|poke|p2|Landorus, L50, M|\n|poke|p2|Amoonguss, L50, F|\n|poke|p2|Urshifu-*, L50, F|\n|poke|p2|Roaring Moon, L50|\n|poke|p2|Ogerpon-Hearthflame, L50, F|\n|teampreview|4\n|inactive|Battle timer is ON: inactive players will automatically lose when time's up. (requested by Doc_MrMega)\njd8erh has agreed to open team sheets.\n|\n|t:|1738854707\n|start\n|switch|p1a: Calyrex|Calyrex-Ice, L50|100\/100\n|switch|p1b: Incineroar|Incineroar, L50, M|100\/100\n|switch|p2a: Landorus|Landorus, L50, M|100\/100\n|switch|p2b: Urshifu|Urshifu-Rapid-Strike, L50, F|100\/100\n|-ability|p1a: Calyrex|As One\n|-ability|p1a: Calyrex|Unnerve\n|-ability|p1b: Incineroar|Intimidate|boost\n|-unboost|p2a: Landorus|atk|1\n|-unboost|p2b: Urshifu|atk|1\n|turn|1\n|inactive|jd8erh has 30 seconds left.\n|\n|t:|1738854737\n|switch|p1b: Urshifu|Urshifu-Rapid-Strike, L50, M|100\/100\n|-terastallize|p2a: Landorus|Water\n|-terastallize|p1a: Calyrex|Water\n|move|p2a: Landorus|Sandsear Storm|p1a: Calyrex|[spread] p1a\n|-miss|p2a: Landorus|p1b: Urshifu\n|-damage|p1a: Calyrex|61\/100\n|move|p2b: Urshifu|Surging Strikes|p1a: Calyrex\n|-resisted|p1a: Calyrex\n|-crit|p1a: Calyrex\n|-damage|p1a: Calyrex|53\/100\n|-resisted|p1a: Calyrex\n|-crit|p1a: Calyrex\n|-damage|p1a: Calyrex|44\/100\n|-resisted|p1a: Calyrex\n|-crit|p1a: Calyrex\n|-damage|p1a: Calyrex|36\/100\n|-hitcount|p1a: Calyrex|3\n|move|p1a: Calyrex|Trick Room|p1a: Calyrex\n|-fieldstart|move: Trick Room|[of] p1a: Calyrex\n|\n|upkeep\n|turn|2\n|\n|t:|1738854761\n|move|p1a: Calyrex|Glacial Lance|p2a: Landorus|[spread] p2a,p2b\n|-resisted|p2a: Landorus\n|-resisted|p2b: Urshifu\n|-damage|p2a: Landorus|73\/100\n|-damage|p2b: Urshifu|75\/100\n|move|p2b: Urshifu|Surging Strikes|p1b: Urshifu\n|-resisted|p1b: Urshifu\n|-crit|p1b: Urshifu\n|-damage|p1b: Urshifu|87\/100\n|-resisted|p1b: Urshifu\n|-crit|p1b: Urshifu\n|-damage|p1b: Urshifu|75\/100\n|-resisted|p1b: Urshifu\n|-crit|p1b: Urshifu\n|-damage|p1b: Urshifu|62\/100\n|-hitcount|p1b: Urshifu|3\n|move|p2a: Landorus|Sandsear Storm|p1a: Calyrex|[spread] p1a,p1b\n|-damage|p1a: Calyrex|2\/100\n|-damage|p1b: Urshifu|0 fnt\n|faint|p1b: Urshifu\n|\n|upkeep\n|\n|t:|1738854769\n|switch|p1b: Raging Bolt|Raging Bolt, L50|100\/100\n|-enditem|p1b: Raging Bolt|Booster Energy\n|-activate|p1b: Raging Bolt|ability: Protosynthesis|[fromitem]\n|-start|p1b: Raging Bolt|protosynthesisspa\n|turn|3\n|\n|t:|1738854790\n|move|p2a: Landorus|Protect|p2a: Landorus\n|-singleturn|p2a: Landorus|Protect\n|move|p1a: Calyrex|High Horsepower|p2a: Landorus\n|-activate|p2a: Landorus|move: Protect\n|move|p1b: Raging Bolt|Thunderbolt|p2b: Urshifu\n|-supereffective|p2b: Urshifu\n|-damage|p2b: Urshifu|0 fnt\n|faint|p2b: Urshifu\n|\n|upkeep\n|\n|t:|1738854797\n|switch|p2b: Calyrex|Calyrex-Ice, L50|100\/100\n|-ability|p2b: Calyrex|As One\n|-ability|p2b: Calyrex|Unnerve\n|turn|4\n|\n|t:|1738854818\n|switch|p2a: Ogerpon|Ogerpon-Hearthflame, L50, F|100\/100\n|-ability|p2a: Ogerpon|Mold Breaker\n|move|p1b: Raging Bolt|Protect|p1b: Raging Bolt\n|-singleturn|p1b: Raging Bolt|Protect\n|move|p1a: Calyrex|Glacial Lance|p2a: Ogerpon|[spread] p2a,p2b\n|-resisted|p2b: Calyrex\n|-damage|p2a: Ogerpon|54\/100\n|-damage|p2b: Calyrex|84\/100\n|move|p2b: Calyrex|Glacial Lance|p1a: Calyrex|[spread] p1a\n|-activate|p1b: Raging Bolt|move: Protect\n|-resisted|p1a: Calyrex\n|-damage|p1a: Calyrex|0 fnt\n|faint|p1a: Calyrex\n|-ability|p2b: Calyrex|Chilling Neigh|boost\n|-boost|p2b: Calyrex|atk|1\n|\n|upkeep\n|\n|t:|1738854828\n|switch|p1a: Incineroar|Incineroar, L50, M|100\/100\n|-ability|p1a: Incineroar|Intimidate|boost\n|-unboost|p2a: Ogerpon|atk|1\n|-fail|p2b: Calyrex|unboost|[from] item: Clear Amulet|[of] p2b: Calyrex\n|turn|5\n|\n|t:|1738854848\n|switch|p2a: Landorus|Landorus, L50, M, tera:Water|73\/100\n|move|p2b: Calyrex|Protect|p2b: Calyrex\n|-singleturn|p2b: Calyrex|Protect\n|move|p1a: Incineroar|Fake Out|p2b: Calyrex\n|-activate|p2b: Calyrex|move: Protect\n|move|p1b: Raging Bolt|Dragon Pulse|p2a: Landorus\n|-damage|p2a: Landorus|7\/100\n|\n|-fieldend|move: Trick Room\n|upkeep\n|turn|6\n|\n|t:|1738854869\n|switch|p2a: Ogerpon|Ogerpon-Hearthflame, L50, F|54\/100\n|-ability|p2a: Ogerpon|Mold Breaker\n|move|p1b: Raging Bolt|Thunderclap||[still]\n|-fail|p1b: Raging Bolt\n|move|p1a: Incineroar|Will-O-Wisp|p2b: Calyrex|[miss]\n|-miss|p1a: Incineroar|p2b: Calyrex\n|move|p2b: Calyrex|Glacial Lance|p1a: Incineroar|[spread] p1a,p1b\n|-resisted|p1a: Incineroar\n|-supereffective|p1b: Raging Bolt\n|-damage|p1a: Incineroar|64\/100\n|-damage|p1b: Raging Bolt|0 fnt\n|faint|p1b: Raging Bolt\n|-end|p1b: Raging Bolt|Protosynthesis|[silent]\n|-ability|p2b: Calyrex|Chilling Neigh|boost\n|-boost|p2b: Calyrex|atk|1\n|\n|upkeep\n|turn|7\n|-message|jd8erh forfeited.\n|\n|win|Doc_MrMega\n|raw|jd8erh's rating: 1690 &rarr; <strong>1672<\/strong><br \/>(-18 for losing)\n|raw|Doc_MrMega's rating: 1726 &rarr; <strong>1744<\/strong><br \/>(+18 for winning)\n|l|\u2606Doc_MrMega\n|player|p2|\n|l|\u2606jd8erh\n|player|p1|\n","uploadtime":1738855020,"views":32,"formatid":"gen9vgc2025regg","rating":1672,"private":0,"password":null}