{"id":"gen9vgc2025regg-2295244602","format":"[Gen 9] VGC 2025 Reg G","players":["Le Difu","anton19"],"log":"|j|\u203dLe Difu\n|j|\u2606anton19\n|t:|1738803227\n|gametype|doubles\n|player|p1|Le Difu|gambler|1538\n|player|p2|anton19|2|1606\n|teamsize|p1|6\n|teamsize|p2|6\n|gen|9\n|tier|[Gen 9] VGC 2025 Reg G\n|rated|\n|rule|Species Clause: Limit one of each Pok\u00e9mon\n|rule|Item Clause: Limit 1 of each item\n|clearpoke\n|poke|p1|Solgaleo, L50|\n|poke|p1|Whimsicott, L50, M|\n|poke|p1|Iron Boulder, L50|\n|poke|p1|Regidrago, L50|\n|poke|p1|Amoonguss, L50, F|\n|poke|p1|Chien-Pao, L50|\n|poke|p2|Pelipper, L50, M|\n|poke|p2|Calyrex-Ice, L50|\n|poke|p2|Urshifu-*, L50, M|\n|poke|p2|Flutter Mane, L50|\n|poke|p2|Ogerpon-Cornerstone, L50, F|\n|poke|p2|Amoonguss, L50, F|\n|teampreview|4\n|inactive|Battle timer is ON: inactive players will automatically lose when time's up. (requested by anton19)\nanton19 has agreed to open team sheets.\n|inactive|anton19 has 60 seconds left.\nLe Difu rejected open team sheets.\n|\n|t:|1738803265\n|start\n|switch|p1a: Iron Boulder|Iron Boulder, L50|100\/100\n|switch|p1b: Solgaleo|Solgaleo, L50|100\/100\n|switch|p2a: Pelipper|Pelipper, L50, M|100\/100\n|switch|p2b: Urshifu|Urshifu-Rapid-Strike, L50, M|100\/100\n|-weather|RainDance|[from] ability: Drizzle|[of] p2a: Pelipper\n|-enditem|p1a: Iron Boulder|Booster Energy\n|-activate|p1a: Iron Boulder|ability: Quark Drive|[fromitem]\n|-start|p1a: Iron Boulder|quarkdrivespe\n|turn|1\n|\n|t:|1738803277\n|move|p1a: Iron Boulder|Bulldoze|p2b: Urshifu|[spread] p1b,p2b\n|-immune|p2a: Pelipper\n|-supereffective|p1b: Solgaleo\n|-damage|p1b: Solgaleo|83\/100\n|-damage|p2b: Urshifu|89\/100\n|-unboost|p2b: Urshifu|spe|1\n|-enditem|p1b: Solgaleo|Weakness Policy\n|-boost|p1b: Solgaleo|atk|2|[from] item: Weakness Policy\n|-boost|p1b: Solgaleo|spa|2|[from] item: Weakness Policy\n|move|p1b: Solgaleo|Psychic Fangs|p2b: Urshifu\n|-supereffective|p2b: Urshifu\n|-damage|p2b: Urshifu|0 fnt\n|faint|p2b: Urshifu\n|move|p2a: Pelipper|Hurricane|p1a: Iron Boulder\n|-resisted|p1a: Iron Boulder\n|-damage|p1a: Iron Boulder|79\/100\n|\n|-weather|RainDance|[upkeep]\n|upkeep\n|\n|t:|1738803295\n|switch|p2b: Amoonguss|Amoonguss, L50, F|100\/100\n|turn|2\n|\n|t:|1738803305\n|-terastallize|p2b: Amoonguss|Water\n|move|p1b: Solgaleo|Protect|p1b: Solgaleo\n|-singleturn|p1b: Solgaleo|Protect\n|move|p1a: Iron Boulder|Taunt|p2a: Pelipper\n|-start|p2a: Pelipper|move: Taunt\n|move|p2a: Pelipper|Weather Ball|p1b: Solgaleo\n|-activate|p1b: Solgaleo|move: Protect\n|move|p2b: Amoonguss|Spore|p1a: Iron Boulder\n|-status|p1a: Iron Boulder|slp|[from] move: Spore\n|\n|-weather|RainDance|[upkeep]\n|upkeep\n|turn|3\n|\n|t:|1738803321\n|-end|p1a: Iron Boulder|Quark Drive|[silent]\n|switch|p1a: Chien-Pao|Chien-Pao, L50|100\/100\n|-ability|p1a: Chien-Pao|Sword of Ruin\n|switch|p2a: Calyrex|Calyrex-Ice, L50|100\/100\n|-ability|p2a: Calyrex|As One\n|-ability|p2a: Calyrex|Unnerve\n|move|p1b: Solgaleo|Psychic Fangs|p2b: Amoonguss\n|-damage|p2b: Amoonguss|0 fnt\n|faint|p2b: Amoonguss\n|\n|-weather|RainDance|[upkeep]\n|upkeep\n|\n|t:|1738803334\n|switch|p2b: Pelipper|Pelipper, L50, M|100\/100\n|turn|4\n|\n|t:|1738803342\n|move|p2b: Pelipper|Protect|p2b: Pelipper\n|-singleturn|p2b: Pelipper|Protect\n|move|p1a: Chien-Pao|Ice Spinner|p2b: Pelipper\n|-activate|p2b: Pelipper|move: Protect\n|move|p1b: Solgaleo|Psychic Fangs|p2b: Pelipper\n|-activate|p2b: Pelipper|move: Protect\n|move|p2a: Calyrex|Trick Room|p2a: Calyrex\n|-fieldstart|move: Trick Room|[of] p2a: Calyrex\n|\n|-weather|RainDance|[upkeep]\n|upkeep\n|turn|5\n|\n|t:|1738803361\n|move|p1b: Solgaleo|Protect|p1b: Solgaleo\n|-singleturn|p1b: Solgaleo|Protect\n|move|p1a: Chien-Pao|Sucker Punch|p2a: Calyrex\n|-supereffective|p2a: Calyrex\n|-damage|p2a: Calyrex|38\/100\n|move|p2a: Calyrex|High Horsepower|p1a: Chien-Pao\n|-damage|p1a: Chien-Pao|44\/100\n|move|p2b: Pelipper|Weather Ball|p1a: Chien-Pao\n|-damage|p1a: Chien-Pao|0 fnt\n|faint|p1a: Chien-Pao\n|\n|-weather|none\n|upkeep\n|\n|t:|1738803366\n|switch|p1a: Amoonguss|Amoonguss, L50, F|100\/100\n|turn|6\n|\n|t:|1738803378\n|-terastallize|p1a: Amoonguss|Water\n|move|p2b: Pelipper|Protect|p2b: Pelipper\n|-singleturn|p2b: Pelipper|Protect\n|move|p1a: Amoonguss|Spore|p2a: Calyrex\n|-status|p2a: Calyrex|slp|[from] move: Spore\n|cant|p2a: Calyrex|slp\n|move|p1b: Solgaleo|Psychic Fangs|p2b: Pelipper\n|-activate|p2b: Pelipper|move: Protect\n|\n|upkeep\n|turn|7\n|-message|anton19 forfeited.\n|\n|win|Le Difu\n|raw|Le Difu's rating: 1538 &rarr; <strong>1562<\/strong><br \/>(+24 for winning)\n|raw|anton19's rating: 1606 &rarr; <strong>1582<\/strong><br \/>(-24 for losing)\n|l|\u2606anton19\n|player|p2|\n","uploadtime":1738803389,"views":7,"formatid":"gen9vgc2025regg","rating":1562,"private":0,"password":null}