{"id":"gen9vgc2025regg-2295805693","format":"[Gen 9] VGC 2025 Reg G","players":["xatseye","Forbranna"],"log":"|j|\u2606xatseye\n|j|\u2606Forbranna\n|t:|1738877924\n|gametype|doubles\n|player|p1|xatseye|1|1661\n|player|p2|Forbranna|265|1620\n|teamsize|p1|6\n|teamsize|p2|6\n|gen|9\n|tier|[Gen 9] VGC 2025 Reg G\n|rated|\n|rule|Species Clause: Limit one of each Pok\u00e9mon\n|rule|Item Clause: Limit 1 of each item\n|clearpoke\n|poke|p1|Flutter Mane, L50|\n|poke|p1|Maushold-Four, L50|\n|poke|p1|Incineroar, L50, F|\n|poke|p1|Calyrex-Ice, L50|\n|poke|p1|Raging Bolt, L50|\n|poke|p1|Cresselia, L50, F|\n|poke|p2|Grimmsnarl, L50, M|\n|poke|p2|Chi-Yu, L50|\n|poke|p2|Koraidon, L50|\n|poke|p2|Flutter Mane, L50|\n|poke|p2|Raging Bolt, L50|\n|poke|p2|Ogerpon-Cornerstone, L50, F|\n|teampreview|4\n|inactive|Battle timer is ON: inactive players will automatically lose when time's up. (requested by Forbranna)\n|inactive|xatseye also wants the timer to be on.\n|j| Triple20\n|\n|t:|1738877945\n|start\n|switch|p1a: Calyrex|Calyrex-Ice, L50|100\/100\n|switch|p1b: Incineroar|Incineroar, L50, F|100\/100\n|switch|p2a: Zheng He|Chi-Yu, L50|100\/100\n|switch|p2b: Joan of Arc|Ogerpon-Cornerstone, L50, F|100\/100\n|-ability|p1a: Calyrex|As One\n|-ability|p1a: Calyrex|Unnerve\n|-ability|p2a: Zheng He|Beads of Ruin\n|-ability|p1b: Incineroar|Intimidate|boost\n|-unboost|p2a: Zheng He|atk|1\n|-unboost|p2b: Joan of Arc|atk|1\n|turn|1\n|\n|t:|1738877964\n|-terastallize|p1a: Calyrex|Dragon\n|move|p2b: Joan of Arc|Spiky Shield|p2b: Joan of Arc\n|-singleturn|p2b: Joan of Arc|move: Protect\n|move|p1b: Incineroar|Fake Out|p2b: Joan of Arc\n|-activate|p2b: Joan of Arc|move: Protect\n|-damage|p1b: Incineroar|88\/100|[from] Spiky Shield|[of] p2b: Joan of Arc\n|move|p2a: Zheng He|Taunt|p1a: Calyrex\n|-start|p1a: Calyrex|move: Taunt\n|cant|p1a: Calyrex|move: Taunt|Trick Room\n|\n|upkeep\n|turn|2\n|\n|t:|1738877981\n|switch|p2b: Einstein|Grimmsnarl, L50, M, shiny|100\/100\n|move|p2a: Zheng He|Dark Pulse|p1a: Calyrex\n|-damage|p1a: Calyrex|66\/100\n|move|p1b: Incineroar|Will-O-Wisp|p2b: Einstein\n|-status|p2b: Einstein|brn\n|move|p1a: Calyrex|High Horsepower|p2a: Zheng He\n|-supereffective|p2a: Zheng He\n|-damage|p2a: Zheng He|0 fnt\n|faint|p2a: Zheng He\n|-ability|p1a: Calyrex|Chilling Neigh|boost\n|-boost|p1a: Calyrex|atk|1\n|\n|-damage|p2b: Einstein|95\/100 brn|[from] brn\n|upkeep\n|\n|t:|1738877997\n|switch|p2a: Voltaire|Raging Bolt, L50|100\/100\n|turn|3\n|\n|t:|1738878013\n|switch|p1a: Maushold|Maushold-Four, L50, shiny|100\/100\n|-terastallize|p2a: Voltaire|Electric\n|move|p2b: Einstein|Reflect|p2b: Einstein\n|-sidestart|p2: Forbranna|Reflect\n|move|p2a: Voltaire|Draco Meteor|p1a: Maushold\n|-enditem|p1a: Maushold|Focus Sash\n|-damage|p1a: Maushold|1\/100\n|-unboost|p2a: Voltaire|spa|2\n|move|p1b: Incineroar|Knock Off|p2a: Voltaire\n|-damage|p2a: Voltaire|82\/100\n|-enditem|p2a: Voltaire|Assault Vest|[from] move: Knock Off|[of] p1b: Incineroar\n|\n|-damage|p2b: Einstein|89\/100 brn|[from] brn\n|upkeep\n|turn|4\n|inactive|xatseye has 30 seconds left.\n|\n|t:|1738878039\n|move|p1a: Maushold|Super Fang|p2b: Einstein\n|-damage|p2b: Einstein|45\/100 brn\n|move|p2a: Voltaire|Volt Switch|p1b: Incineroar\n|-damage|p1b: Incineroar|74\/100\n|l| Triple20\n|j| Triple20\n|\n|t:|1738878046\n|-end|p2a: Voltaire|Protosynthesis|[silent]\n|switch|p2a: Joan of Arc|Ogerpon-Cornerstone, L50, F|100\/100|[from] Volt Switch\n|move|p2b: Einstein|Spirit Break|p1a: Maushold\n|-damage|p1a: Maushold|0 fnt\n|faint|p1a: Maushold\n|move|p1b: Incineroar|Will-O-Wisp|p2a: Joan of Arc\n|-status|p2a: Joan of Arc|brn\n|\n|-damage|p2a: Joan of Arc|95\/100 brn|[from] brn\n|-damage|p2b: Einstein|39\/100 brn|[from] brn\n|upkeep\n|\n|t:|1738878061\n|switch|p1a: Cresselia|Cresselia, L50, F, shiny|100\/100\n|turn|5\n|\n|t:|1738878078\n|switch|p1b: Calyrex|Calyrex-Ice, L50, tera:Dragon|66\/100\n|-ability|p1b: Calyrex|As One\n|-ability|p1b: Calyrex|Unnerve\n|move|p2b: Einstein|Light Screen|p2b: Einstein\n|-sidestart|p2: Forbranna|move: Light Screen\n|move|p2a: Joan of Arc|Ivy Cudgel|p1b: Calyrex|[anim] Ivy Cudgel Rock\n|-damage|p1b: Calyrex|49\/100\n|move|p1a: Cresselia|Trick Room|p1a: Cresselia\n|-fieldstart|move: Trick Room|[of] p1a: Cresselia\n|\n|-damage|p2b: Einstein|33\/100 brn|[from] brn\n|-damage|p2a: Joan of Arc|89\/100 brn|[from] brn\n|upkeep\n|turn|6\n|\n|t:|1738878097\n|move|p2a: Joan of Arc|Spiky Shield|p2a: Joan of Arc\n|-singleturn|p2a: Joan of Arc|move: Protect\n|move|p2b: Einstein|Thunder Wave|p1b: Calyrex\n|-status|p1b: Calyrex|par\n|move|p1b: Calyrex|Glacial Lance|p2b: Einstein|[spread] p2b\n|-activate|p2a: Joan of Arc|move: Protect\n|-damage|p2b: Einstein|1\/100 brn\n|move|p1a: Cresselia|Lunar Blessing|p1a: Cresselia|[spread] p1a,p1b\n|-heal|p1b: Calyrex|74\/100 par\n|-curestatus|p1b: Calyrex|par|[msg]\n|\n|-damage|p2b: Einstein|0 fnt|[from] brn\n|faint|p2b: Einstein\n|-damage|p2a: Joan of Arc|83\/100 brn|[from] brn\n|upkeep\n|\n|t:|1738878115\n|switch|p2b: Voltaire|Raging Bolt, L50, tera:Electric|82\/100\n|turn|7\n|\n|t:|1738878126\n|move|p1b: Calyrex|Protect|p1b: Calyrex\n|-singleturn|p1b: Calyrex|Protect\n|move|p1a: Cresselia|Lunar Blessing|p1a: Cresselia|[spread] p1a,p1b\n|-heal|p1b: Calyrex|99\/100\n|move|p2b: Voltaire|Thunderbolt|p1b: Calyrex\n|-activate|p1b: Calyrex|move: Protect\n|move|p2a: Joan of Arc|Ivy Cudgel|p1b: Calyrex|[anim] Ivy Cudgel Rock\n|-activate|p1b: Calyrex|move: Protect\n|\n|-damage|p2a: Joan of Arc|77\/100 brn|[from] brn\n|upkeep\n|turn|8\n|\n|t:|1738878141\n|move|p1a: Cresselia|Ally Switch|p1a: Cresselia\n|swap|p1a: Cresselia|1|[from] move: Ally Switch\n|move|p1a: Calyrex|Glacial Lance|p2b: Voltaire|[spread] p2a,p2b\n|-supereffective|p2a: Joan of Arc\n|-damage|p2a: Joan of Arc|0 fnt\n|-damage|p2b: Voltaire|57\/100\n|faint|p2a: Joan of Arc\n|-ability|p1a: Calyrex|Chilling Neigh|boost\n|-boost|p1a: Calyrex|atk|1\n|move|p2b: Voltaire|Draco Meteor|p1b: Cresselia\n|-damage|p1b: Cresselia|58\/100\n|-unboost|p2b: Voltaire|spa|2\n|\n|upkeep\n|turn|9\n|-message|Forbranna forfeited.\n|\n|win|xatseye\n|raw|xatseye's rating: 1661 &rarr; <strong>1679<\/strong><br \/>(+18 for winning)\n|raw|Forbranna's rating: 1620 &rarr; <strong>1602<\/strong><br \/>(-18 for losing)\n|l|\u2606Forbranna\n|player|p2|\n|l| Triple20\n|l|\u2606xatseye\n|player|p1|\n","uploadtime":1738878351,"views":8,"formatid":"gen9vgc2025regg","rating":1602,"private":0,"password":null}