{"id":"gen9vgc2025regg-2295377458","format":"[Gen 9] VGC 2025 Reg G","players":["Bayo93","MegalycanrocEX"],"log":"|j|\u2606Bayo93\n|j|\u2606MegalycanrocEX\n|t:|1738823264\n|gametype|doubles\n|player|p1|Bayo93|1|1507\n|player|p2|MegalycanrocEX|169|1571\n|teamsize|p1|6\n|teamsize|p2|6\n|gen|9\n|tier|[Gen 9] VGC 2025 Reg G\n|rated|\n|rule|Species Clause: Limit one of each Pok\u00e9mon\n|rule|Item Clause: Limit 1 of each item\n|clearpoke\n|poke|p1|Groudon, L50|\n|poke|p1|Chi-Yu, L50|\n|poke|p1|Raging Bolt, L50|\n|poke|p1|Flutter Mane, L50|\n|poke|p1|Whimsicott, L50, M|\n|poke|p1|Ogerpon-Cornerstone, L50, F|\n|poke|p2|Tornadus, L50, M|\n|poke|p2|Calyrex-Shadow, L50|\n|poke|p2|Urshifu-*, L50, F|\n|poke|p2|Rillaboom, L50, M|\n|poke|p2|Incineroar, L50, M|\n|poke|p2|Ogerpon-Cornerstone, L50, F|\n|teampreview|4\n|inactive|Battle timer is ON: inactive players will automatically lose when time's up. (requested by Bayo93)\n|inactive|Bayo93 has 60 seconds left.\n|inactive|MegalycanrocEX has 60 seconds left.\n|inactive|Bayo93 has 30 seconds left.\n|\n|t:|1738823337\n|start\n|switch|p1a: Whimsicott|Whimsicott, L50, M, shiny|100\/100\n|switch|p1b: Flutter Mane|Flutter Mane, L50|100\/100\n|switch|p2a: Tornadus|Tornadus, L50, M|100\/100\n|switch|p2b: Ogerpon|Ogerpon-Cornerstone, L50, F|100\/100\n|turn|1\n|inactive|Bayo93 has 30 seconds left.\n|\n|t:|1738823370\n|move|p1a: Whimsicott|Tailwind|p1a: Whimsicott\n|-sidestart|p1: Bayo93|move: Tailwind\n|move|p2a: Tornadus|Tailwind|p2a: Tornadus\n|-sidestart|p2: MegalycanrocEX|move: Tailwind\n|move|p1b: Flutter Mane|Icy Wind|p2a: Tornadus|[spread] p2a,p2b\n|-supereffective|p2a: Tornadus\n|-supereffective|p2b: Ogerpon\n|-damage|p2a: Tornadus|50\/100\n|-damage|p2b: Ogerpon|47\/100\n|-unboost|p2b: Ogerpon|spe|1\n|move|p2b: Ogerpon|Ivy Cudgel|p1b: Flutter Mane|[anim] Ivy Cudgel Rock\n|-damage|p1b: Flutter Mane|3\/100\n|\n|upkeep\n|turn|2\n|inactive|Bayo93 has 30 seconds left.\n|inactive|MegalycanrocEX has 30 seconds left.\n|inactive|Bayo93 has 20 seconds left.\n|inactive|MegalycanrocEX has 20 seconds left.\n|inactive|MegalycanrocEX has 15 seconds left.\n|inactive|MegalycanrocEX has 10 seconds left.\n|\n|t:|1738823416\n|-terastallize|p2a: Tornadus|Dark\n|move|p1a: Whimsicott|Encore|p2a: Tornadus\n|-hint|Since gen 7, Dark is immune to Prankster moves.\n|-immune|p2a: Tornadus\n|move|p2a: Tornadus|Scary Face|p1b: Flutter Mane\n|-unboost|p1b: Flutter Mane|spe|2\n|move|p2b: Ogerpon|Ivy Cudgel|p1b: Flutter Mane|[anim] Ivy Cudgel Rock\n|-damage|p1b: Flutter Mane|0 fnt\n|faint|p1b: Flutter Mane\n|-end|p1b: Flutter Mane|Protosynthesis|[silent]\n|\n|upkeep\n|\n|t:|1738823431\n|switch|p1b: Raging Bolt|Raging Bolt, L50|100\/100\n|turn|3\n|\n|t:|1738823450\n|move|p1a: Whimsicott|Moonblast|p2a: Tornadus\n|-supereffective|p2a: Tornadus\n|-damage|p2a: Tornadus|0 fnt\n|faint|p2a: Tornadus\n|move|p2b: Ogerpon|Ivy Cudgel|p1b: Raging Bolt|[anim] Ivy Cudgel Rock\n|-crit|p1b: Raging Bolt\n|-damage|p1b: Raging Bolt|28\/100\n|move|p1b: Raging Bolt|Thunderbolt|p2b: Ogerpon\n|-resisted|p2b: Ogerpon\n|-damage|p2b: Ogerpon|13\/100\n|\n|upkeep\n|\n|t:|1738823460\n|switch|p2a: Calyrex|Calyrex-Shadow, L50|100\/100\n|-ability|p2a: Calyrex|As One\n|-ability|p2a: Calyrex|Unnerve\n|turn|4\n|inactive|Bayo93 has 30 seconds left.\n|\n|t:|1738823490\n|move|p1b: Raging Bolt|Protect|p1b: Raging Bolt\n|-singleturn|p1b: Raging Bolt|Protect\n|move|p2a: Calyrex|Astral Barrage|p1a: Whimsicott|[spread] p1a\n|-activate|p1b: Raging Bolt|move: Protect\n|-damage|p1a: Whimsicott|23\/100\n|move|p1a: Whimsicott|Moonblast|p2b: Ogerpon\n|-damage|p2b: Ogerpon|0 fnt\n|faint|p2b: Ogerpon\n|\n|-sideend|p1: Bayo93|move: Tailwind\n|-sideend|p2: MegalycanrocEX|move: Tailwind\n|upkeep\n|inactive|MegalycanrocEX has 30 seconds left.\n|inactive|MegalycanrocEX has 20 seconds left.\n|inactive|MegalycanrocEX has 15 seconds left.\n|inactive|MegalycanrocEX has 10 seconds left.\n|\n|t:|1738823538\n|switch|p2b: Incineroar|Incineroar, L50, M|100\/100\n|-ability|p2b: Incineroar|Intimidate|boost\n|-unboost|p1a: Whimsicott|atk|1\n|-unboost|p1b: Raging Bolt|atk|1\n|turn|5\n|\n|t:|1738823554\n|move|p1b: Raging Bolt|Protect||[still]\n|-fail|p1b: Raging Bolt\n|move|p1a: Whimsicott|Tailwind|p1a: Whimsicott\n|-sidestart|p1: Bayo93|move: Tailwind\n|move|p2a: Calyrex|Astral Barrage|p1b: Raging Bolt|[spread] p1a,p1b\n|-crit|p1b: Raging Bolt\n|-damage|p1a: Whimsicott|0 fnt\n|-damage|p1b: Raging Bolt|0 fnt\n|faint|p1a: Whimsicott\n|faint|p1b: Raging Bolt\n|-end|p1b: Raging Bolt|Protosynthesis|[silent]\n|-ability|p2a: Calyrex|Grim Neigh|boost\n|-boost|p2a: Calyrex|spa|2\n|move|p2b: Incineroar|Knock Off|p1: Whimsicott|[notarget]\n|-fail|p2b: Incineroar\n|\n|upkeep\n|\n|t:|1738823561\n|switch|p1a: Groudon|Groudon, L50|100\/100\n|-weather|SunnyDay|[from] ability: Drought|[of] p1a: Groudon\n|turn|6\n|\n|t:|1738823582\n|move|p1a: Groudon|Protect|p1a: Groudon\n|-singleturn|p1a: Groudon|Protect\n|move|p2a: Calyrex|Astral Barrage|p1a: Groudon\n|-activate|p1a: Groudon|move: Protect\n|move|p2b: Incineroar|Knock Off|p1a: Groudon\n|-activate|p1a: Groudon|move: Protect\n|\n|-weather|SunnyDay|[upkeep]\n|upkeep\n|turn|7\n|\n|t:|1738823593\n|-terastallize|p1a: Groudon|Fire\n|move|p1a: Groudon|Heat Crash|p2a: Calyrex\n|-damage|p2a: Calyrex|0 fnt\n|faint|p2a: Calyrex\n|-damage|p1a: Groudon|91\/100|[from] item: Life Orb\n|move|p2b: Incineroar|Knock Off|p1a: Groudon\n|-damage|p1a: Groudon|61\/100\n|-enditem|p1a: Groudon|Life Orb|[from] move: Knock Off|[of] p2b: Incineroar\n|\n|-weather|SunnyDay|[upkeep]\n|upkeep\n|turn|8\n|\n|t:|1738823613\n|move|p1a: Groudon|Precipice Blades|p2b: Incineroar\n|-supereffective|p2b: Incineroar\n|-crit|p2b: Incineroar\n|-damage|p2b: Incineroar|0 fnt\n|faint|p2b: Incineroar\n|\n|win|Bayo93\n|raw|Bayo93's rating: 1507 &rarr; <strong>1531<\/strong><br \/>(+24 for winning)\n|raw|MegalycanrocEX's rating: 1571 &rarr; <strong>1547<\/strong><br \/>(-24 for losing)\n|l|\u2606Bayo93\n|player|p1|\n|l|\u2606MegalycanrocEX\n|player|p2|\n","uploadtime":1738823624,"views":18,"formatid":"gen9vgc2025regg","rating":1531,"private":0,"password":null}