{"id":"gen9vgc2025regg-2295376053","format":"[Gen 9] VGC 2025 Reg G","players":["IDKWHATTODOANYMORE","JoshuaShorts"],"log":"|j|\u2606IDKWHATTODOANYMORE\n|j|\u2606JoshuaShorts\n|t:|1738822979\n|gametype|doubles\n|player|p1|IDKWHATTODOANYMORE|steven|1684\n|player|p2|JoshuaShorts|elesa-masters|1629\n|teamsize|p1|6\n|teamsize|p2|6\n|gen|9\n|tier|[Gen 9] VGC 2025 Reg G\n|rated|\n|rule|Species Clause: Limit one of each Pok\u00e9mon\n|rule|Item Clause: Limit 1 of each item\n|clearpoke\n|poke|p1|Amoonguss, L50, M|\n|poke|p1|Calyrex-Ice, L50|\n|poke|p1|Urshifu-*, L50, M|\n|poke|p1|Ogerpon-Hearthflame, L50, F|\n|poke|p1|Landorus, L50, M|\n|poke|p1|Roaring Moon, L50|\n|poke|p2|Zacian-*, L50|\n|poke|p2|Tornadus, L50, M|\n|poke|p2|Chi-Yu, L50|\n|poke|p2|Regidrago, L50|\n|poke|p2|Amoonguss, L50, F|\n|poke|p2|Ditto, L50|\n|teampreview|4\n|inactive|Battle timer is ON: inactive players will automatically lose when time's up. (requested by IDKWHATTODOANYMORE)\n|inactive|IDKWHATTODOANYMORE has 60 seconds left.\n|\n|t:|1738823012\n|start\n|switch|p1a: Amoonguss|Amoonguss, L50, M, shiny|100\/100\n|switch|p1b: Calyrex|Calyrex-Ice, L50|100\/100\n|switch|p2a: Gaeul|Zacian-Crowned, L50|100\/100\n|switch|p2b: Leeseo|Tornadus, L50, M|100\/100\n|-ability|p1b: Calyrex|As One\n|-ability|p1b: Calyrex|Unnerve\n|-ability|p2a: Gaeul|Intrepid Sword|boost\n|-boost|p2a: Gaeul|atk|1\n|turn|1\n|inactive|JoshuaShorts has 30 seconds left.\n|inactive|JoshuaShorts has 20 seconds left.\n|inactive|JoshuaShorts has 15 seconds left.\n|inactive|JoshuaShorts has 10 seconds left.\n|\n|t:|1738823058\n|move|p1a: Amoonguss|Rage Powder|p1a: Amoonguss\n|-singleturn|p1a: Amoonguss|move: Rage Powder\n|move|p2a: Gaeul|Behemoth Blade|p1a: Amoonguss\n|-damage|p1a: Amoonguss|35\/100\n|move|p2b: Leeseo|Bleakwind Storm|p1b: Calyrex|[spread] p1a,p1b\n|-supereffective|p1a: Amoonguss\n|-crit|p1b: Calyrex\n|-damage|p1a: Amoonguss|0 fnt\n|-damage|p1b: Calyrex|66\/100\n|faint|p1a: Amoonguss\n|move|p1b: Calyrex|Trick Room|p1b: Calyrex\n|-fieldstart|move: Trick Room|[of] p1b: Calyrex\n|\n|upkeep\n|\n|t:|1738823071\n|switch|p1a: Ogerpon|Ogerpon-Hearthflame, L50, F|100\/100\n|-ability|p1a: Ogerpon|Mold Breaker\n|turn|2\n|inactive|JoshuaShorts has 30 seconds left.\n|\n|t:|1738823101\n|-terastallize|p1b: Calyrex|Water\n|move|p2a: Gaeul|Protect|p2a: Gaeul\n|-singleturn|p2a: Gaeul|Protect\n|move|p1b: Calyrex|Glacial Lance|p2b: Leeseo|[spread] p2b\n|-activate|p2a: Gaeul|move: Protect\n|-supereffective|p2b: Leeseo\n|-damage|p2b: Leeseo|0 fnt\n|faint|p2b: Leeseo\n|-ability|p1b: Calyrex|Chilling Neigh|boost\n|-boost|p1b: Calyrex|atk|1\n|move|p1a: Ogerpon|Ivy Cudgel|p2a: Gaeul|[anim] Ivy Cudgel Fire\n|-activate|p2a: Gaeul|move: Protect\n|\n|upkeep\n|\n|t:|1738823113\n|switch|p2b: Yujin|Amoonguss, L50, F|100\/100\n|turn|3\n|\n|t:|1738823123\n|switch|p2a: Liz|Chi-Yu, L50|100\/100\n|-ability|p2a: Liz|Beads of Ruin\n|-terastallize|p2b: Yujin|Water\n|move|p1a: Ogerpon|Follow Me|p1a: Ogerpon\n|-singleturn|p1a: Ogerpon|move: Follow Me\n|move|p2b: Yujin|Sludge Bomb|p1a: Ogerpon\n|-supereffective|p1a: Ogerpon\n|-damage|p1a: Ogerpon|34\/100\n|-status|p1a: Ogerpon|psn\n|move|p1b: Calyrex|High Horsepower|p2a: Liz\n|-supereffective|p2a: Liz\n|-enditem|p2a: Liz|Focus Sash\n|-damage|p2a: Liz|1\/100\n|\n|-damage|p1a: Ogerpon|22\/100 psn|[from] psn\n|upkeep\n|turn|4\n|\n|t:|1738823144\n|move|p2a: Liz|Protect|p2a: Liz\n|-singleturn|p2a: Liz|Protect\n|move|p1a: Ogerpon|Follow Me|p1a: Ogerpon\n|-singleturn|p1a: Ogerpon|move: Follow Me\n|move|p2b: Yujin|Spore|p1a: Ogerpon\n|-immune|p1a: Ogerpon\n|move|p1b: Calyrex|Glacial Lance|p2a: Liz|[spread] p2b\n|-activate|p2a: Liz|move: Protect\n|-resisted|p2b: Yujin\n|-damage|p2b: Yujin|67\/100\n|\n|-damage|p1a: Ogerpon|10\/100 psn|[from] psn\n|upkeep\n|turn|5\n|\n|t:|1738823161\n|switch|p2a: Gaeul|Zacian-Crowned, L50|100\/100\n|move|p1a: Ogerpon|Follow Me|p1a: Ogerpon\n|-singleturn|p1a: Ogerpon|move: Follow Me\n|move|p2b: Yujin|Sludge Bomb|p1a: Ogerpon\n|-supereffective|p1a: Ogerpon\n|-damage|p1a: Ogerpon|0 fnt\n|faint|p1a: Ogerpon\n|move|p1b: Calyrex|Glacial Lance|p2a: Gaeul|[spread] p2a,p2b\n|-resisted|p2a: Gaeul\n|-resisted|p2b: Yujin\n|-damage|p2a: Gaeul|65\/100\n|-damage|p2b: Yujin|38\/100\n|\n|-fieldend|move: Trick Room\n|upkeep\n|\n|t:|1738823164\n|switch|p1a: Landorus|Landorus, L50, M, shiny|100\/100\n|turn|6\n|\n|t:|1738823184\n|move|p2a: Gaeul|Behemoth Blade|p1a: Landorus\n|-damage|p1a: Landorus|45\/100\n|move|p1a: Landorus|Sandsear Storm|p2a: Gaeul|[spread] p2a\n|-miss|p1a: Landorus|p2b: Yujin\n|-supereffective|p2a: Gaeul\n|-damage|p2a: Gaeul|0 fnt\n|faint|p2a: Gaeul\n|move|p1b: Calyrex|Glacial Lance|p2b: Yujin\n|-resisted|p2b: Yujin\n|-damage|p2b: Yujin|0 fnt\n|faint|p2b: Yujin\n|-ability|p1b: Calyrex|Chilling Neigh|boost\n|-boost|p1b: Calyrex|atk|1\n|\n|upkeep\n|\n|t:|1738823189\n|switch|p2b: Liz|Chi-Yu, L50|1\/100\n|-ability|p2b: Liz|Beads of Ruin\n|turn|7\n|\n|t:|1738823196\n|move|p2b: Liz|Heat Wave|p1a: Landorus|[spread] p1a,p1b\n|-resisted|p1b: Calyrex\n|-damage|p1a: Landorus|0 fnt\n|-damage|p1b: Calyrex|47\/100\n|-status|p1b: Calyrex|brn\n|faint|p1a: Landorus\n|move|p1b: Calyrex|Glacial Lance|p2b: Liz\n|-resisted|p2b: Liz\n|-damage|p2b: Liz|0 fnt\n|faint|p2b: Liz\n|\n|win|IDKWHATTODOANYMORE\n|raw|IDKWHATTODOANYMORE's rating: 1684 &rarr; <strong>1701<\/strong><br \/>(+17 for winning)\n|raw|JoshuaShorts's rating: 1629 &rarr; <strong>1612<\/strong><br \/>(-17 for losing)\n|l|\u2606IDKWHATTODOANYMORE\n|player|p1|\n|l|\u2606JoshuaShorts\n|player|p2|\n","uploadtime":1738823414,"views":11,"formatid":"gen9vgc2025regg","rating":1612,"private":0,"password":null}