{"id":"gen9vgc2025regg-2295657250","format":"[Gen 9] VGC 2025 Reg G","players":["juanessamal","Forbranna"],"log":"|j|\u2606juanessamal\n|j|\u2606Forbranna\n|t:|1738863079\n|gametype|doubles\n|player|p1|juanessamal|101|1625\n|player|p2|Forbranna|265|1626\n|teamsize|p1|6\n|teamsize|p2|6\n|gen|9\n|tier|[Gen 9] VGC 2025 Reg G\n|rated|\n|rule|Species Clause: Limit one of each Pok\u00e9mon\n|rule|Item Clause: Limit 1 of each item\n|clearpoke\n|poke|p1|Urshifu-*, L50, F|\n|poke|p1|Roaring Moon, L50|\n|poke|p1|Landorus, L50, M|\n|poke|p1|Whimsicott, L50, M|\n|poke|p1|Calyrex-Shadow, L50|\n|poke|p1|Indeedee-F, L50, F|\n|poke|p2|Grimmsnarl, L50, M|\n|poke|p2|Chi-Yu, L50|\n|poke|p2|Koraidon, L50|\n|poke|p2|Flutter Mane, L50|\n|poke|p2|Raging Bolt, L50|\n|poke|p2|Ogerpon-Cornerstone, L50, F|\n|teampreview|4\n|inactive|Battle timer is ON: inactive players will automatically lose when time's up. (requested by Forbranna)\n|j| PoggibonsiCity\n|inactive|juanessamal has 60 seconds left.\n|\n|t:|1738863116\n|start\n|switch|p1a: Whimsicott|Whimsicott, L50, M|100\/100\n|switch|p1b: Landorus|Landorus, L50, M|100\/100\n|switch|p2a: Queen Mary I|Flutter Mane, L50|100\/100\n|switch|p2b: Moctezuma|Koraidon, L50|100\/100\n|-weather|SunnyDay|[from] ability: Orichalcum Pulse|[of] p2b: Moctezuma\n|-activate|p2a: Queen Mary I|ability: Protosynthesis\n|-start|p2a: Queen Mary I|protosynthesisspe\n|-activate|p2b: Moctezuma|Orichalcum Pulse|[source]\n|turn|1\n|\n|t:|1738863135\n|move|p1b: Landorus|Protect|p1b: Landorus\n|-singleturn|p1b: Landorus|Protect\n|move|p1a: Whimsicott|Tailwind|p1a: Whimsicott\n|-sidestart|p1: juanessamal|move: Tailwind\n|move|p2a: Queen Mary I|Icy Wind|p1b: Landorus|[spread] \n|-activate|p1b: Landorus|move: Protect\n|-miss|p2a: Queen Mary I|p1a: Whimsicott\n|move|p2b: Moctezuma|Flame Charge|p1a: Whimsicott\n|-supereffective|p1a: Whimsicott\n|-damage|p1a: Whimsicott|0 fnt\n|-boost|p2b: Moctezuma|spe|1\n|faint|p1a: Whimsicott\n|\n|-weather|SunnyDay|[upkeep]\n|upkeep\n|\n|t:|1738863148\n|switch|p1a: Calyrex|Calyrex-Shadow, L50|100\/100\n|-ability|p1a: Calyrex|As One\n|-ability|p1a: Calyrex|Unnerve\n|turn|2\n|\n|t:|1738863168\n|switch|p2b: Zheng He|Chi-Yu, L50|100\/100\n|-ability|p2b: Zheng He|Beads of Ruin\n|-terastallize|p1b: Landorus|Water\n|move|p2a: Queen Mary I|Protect|p2a: Queen Mary I\n|-singleturn|p2a: Queen Mary I|Protect\n|move|p1a: Calyrex|Astral Barrage|p2b: Zheng He|[spread] p2b\n|-activate|p2a: Queen Mary I|move: Protect\n|-resisted|p2b: Zheng He\n|-damage|p2b: Zheng He|60\/100\n|move|p1b: Landorus|Sandsear Storm|p2b: Zheng He|[spread] p2b\n|-activate|p2a: Queen Mary I|move: Protect\n|-supereffective|p2b: Zheng He\n|-damage|p2b: Zheng He|0 fnt\n|faint|p2b: Zheng He\n|\n|-weather|SunnyDay|[upkeep]\n|upkeep\n|\n|t:|1738863190\n|switch|p2b: Einstein|Grimmsnarl, L50, M, shiny|100\/100\n|turn|3\n|\n|t:|1738863197\n|switch|p1b: Indeedee|Indeedee-F, L50, F|100\/100\n|-fieldstart|move: Psychic Terrain|[from] ability: Psychic Surge|[of] p1b: Indeedee\n|-enditem|p1b: Indeedee|Psychic Seed\n|-boost|p1b: Indeedee|spd|1|[from] item: Psychic Seed\n|move|p2b: Einstein|Thunder Wave|p1a: Calyrex\n|-activate|p1a: Calyrex|move: Psychic Terrain\n|move|p1a: Calyrex|Astral Barrage|p2a: Queen Mary I|[spread] p2a,p2b\n|-supereffective|p2a: Queen Mary I\n|-resisted|p2b: Einstein\n|-enditem|p2a: Queen Mary I|Focus Sash\n|-damage|p2a: Queen Mary I|1\/100\n|-damage|p2b: Einstein|58\/100\n|move|p2a: Queen Mary I|Shadow Ball|p1a: Calyrex\n|-supereffective|p1a: Calyrex\n|-damage|p1a: Calyrex|0 fnt\n|faint|p1a: Calyrex\n|\n|-weather|SunnyDay|[upkeep]\n|upkeep\n|\n|t:|1738863215\n|switch|p1a: Landorus|Landorus, L50, M, tera:Water|100\/100\n|turn|4\n|\n|t:|1738863229\n|move|p2b: Einstein|Light Screen|p2b: Einstein\n|-sidestart|p2: Forbranna|move: Light Screen\n|move|p2a: Queen Mary I|Moonblast|p1b: Indeedee\n|-damage|p1b: Indeedee|72\/100\n|move|p1a: Landorus|Sandsear Storm|p2b: Einstein|[spread] p2a,p2b\n|-damage|p2a: Queen Mary I|0 fnt\n|-damage|p2b: Einstein|15\/100\n|faint|p2a: Queen Mary I\n|-end|p2a: Queen Mary I|Protosynthesis|[silent]\n|move|p1b: Indeedee|Trick Room|p1b: Indeedee\n|-fieldstart|move: Trick Room|[of] p1b: Indeedee\n|\n|-weather|SunnyDay|[upkeep]\n|-sideend|p1: juanessamal|move: Tailwind\n|upkeep\n|\n|t:|1738863241\n|switch|p2a: Moctezuma|Koraidon, L50|100\/100\n|-activate|p2a: Moctezuma|ability: Orichalcum Pulse\n|turn|5\n|j| aimyon36\n|j| The_Beast1440\n|l| aimyon36\n|\n|t:|1738863254\n|move|p1b: Indeedee|Helping Hand|p1a: Landorus\n|-singleturn|p1a: Landorus|Helping Hand|[of] p1b: Indeedee\n|move|p2b: Einstein|Spirit Break|p1a: Landorus\n|-damage|p1a: Landorus|70\/100\n|-unboost|p1a: Landorus|spa|1\n|move|p1a: Landorus|Sandsear Storm|p2b: Einstein|[spread] p2a,p2b\n|-damage|p2a: Moctezuma|62\/100\n|-damage|p2b: Einstein|0 fnt\n|faint|p2b: Einstein\n|move|p2a: Moctezuma|Collision Course|p1a: Landorus\n|-damage|p1a: Landorus|5\/100\n|\n|-weather|none\n|upkeep\n|turn|6\n|inactive|juanessamal has 30 seconds left.\n|\n|t:|1738863280\n|move|p2a: Moctezuma|Protect|p2a: Moctezuma\n|-singleturn|p2a: Moctezuma|Protect\n|move|p1b: Indeedee|Follow Me|p1b: Indeedee\n|-singleturn|p1b: Indeedee|move: Follow Me\n|move|p1a: Landorus|Earth Power|p2a: Moctezuma\n|-activate|p2a: Moctezuma|move: Protect\n|\n|upkeep\n|turn|7\n|\n|t:|1738863299\n|move|p1b: Indeedee|Follow Me|p1b: Indeedee\n|-singleturn|p1b: Indeedee|move: Follow Me\n|move|p1a: Landorus|Earth Power|p2a: Moctezuma\n|-damage|p2a: Moctezuma|28\/100\n|move|p2a: Moctezuma|Flame Charge|p1b: Indeedee\n|-damage|p1b: Indeedee|52\/100\n|-boost|p2a: Moctezuma|spe|1\n|\n|-fieldend|move: Psychic Terrain\n|upkeep\n|turn|8\n|\n|t:|1738863314\n|move|p2a: Moctezuma|Protect|p2a: Moctezuma\n|-singleturn|p2a: Moctezuma|Protect\n|move|p1b: Indeedee|Follow Me|p1b: Indeedee\n|-singleturn|p1b: Indeedee|move: Follow Me\n|move|p1a: Landorus|Earth Power|p2a: Moctezuma\n|-activate|p2a: Moctezuma|move: Protect\n|\n|-fieldend|move: Trick Room\n|upkeep\n|turn|9\n|\n|t:|1738863327\n|move|p1b: Indeedee|Follow Me|p1b: Indeedee\n|-singleturn|p1b: Indeedee|move: Follow Me\n|move|p2a: Moctezuma|Collision Course|p1b: Indeedee\n|-damage|p1b: Indeedee|0 fnt\n|faint|p1b: Indeedee\n|move|p1a: Landorus|Earth Power|p2a: Moctezuma\n|-damage|p2a: Moctezuma|0 fnt\n|faint|p2a: Moctezuma\n|\n|win|juanessamal\n|raw|juanessamal's rating: 1625 &rarr; <strong>1645<\/strong><br \/>(+20 for winning)\n|raw|Forbranna's rating: 1626 &rarr; <strong>1606<\/strong><br \/>(-20 for losing)\n|l| The_Beast1440\n|l|\u2606Forbranna\n|player|p2|\n|l|\u2606juanessamal\n|player|p1|\n","uploadtime":1738863511,"views":7,"formatid":"gen9vgc2025regg","rating":1606,"private":0,"password":null}