{"id":"gen9vgc2025regg-2295518154","format":"[Gen 9] VGC 2025 Reg G","players":["tachitsuteto12345","bluestraggler02"],"log":"|j|\u2606tachitsuteto12345\n|j|\u2606bluestraggler02\n|t:|1738847956\n|gametype|doubles\n|player|p1|tachitsuteto12345|169|1577\n|player|p2|bluestraggler02|2|1665\n|teamsize|p1|6\n|teamsize|p2|6\n|gen|9\n|tier|[Gen 9] VGC 2025 Reg G\n|rated|\n|rule|Species Clause: Limit one of each Pok\u00e9mon\n|rule|Item Clause: Limit 1 of each item\n|clearpoke\n|poke|p1|Calyrex-Shadow, L50|\n|poke|p1|Urshifu-*, L50, M|\n|poke|p1|Pelipper, L50, F|\n|poke|p1|Incineroar, L50, M|\n|poke|p1|Rillaboom, L50, M|\n|poke|p1|Amoonguss, L50, M|\n|poke|p2|Zamazenta-*, L50|\n|poke|p2|Roaring Moon, L50|\n|poke|p2|Landorus, L50, M|\n|poke|p2|Pelipper, L50, F|\n|poke|p2|Urshifu-*, L50, F|\n|poke|p2|Amoonguss, L50, M|\n|teampreview|4\n|\n|t:|1738847981\n|start\n|switch|p1a: Pelipper|Pelipper, L50, F|100\/100\n|switch|p1b: Urshifu|Urshifu-Rapid-Strike, L50, M|100\/100\n|switch|p2a: Roaring Moon|Roaring Moon, L50|100\/100\n|switch|p2b: Zamazenta|Zamazenta-Crowned, L50|100\/100\n|-ability|p2b: Zamazenta|Dauntless Shield|boost\n|-boost|p2b: Zamazenta|def|1\n|-weather|RainDance|[from] ability: Drizzle|[of] p1a: Pelipper\n|-enditem|p2a: Roaring Moon|Booster Energy\n|-activate|p2a: Roaring Moon|ability: Protosynthesis|[fromitem]\n|-start|p2a: Roaring Moon|protosynthesisspe\n|turn|1\n|\n|t:|1738848004\n|-terastallize|p2b: Zamazenta|Grass\n|move|p2a: Roaring Moon|Tailwind|p2a: Roaring Moon\n|-sidestart|p2: bluestraggler02|move: Tailwind\n|move|p2b: Zamazenta|Body Press|p1b: Urshifu\n|-damage|p1b: Urshifu|29\/100\n|move|p1b: Urshifu|Close Combat|p2a: Roaring Moon\n|-supereffective|p2a: Roaring Moon\n|-damage|p2a: Roaring Moon|0 fnt\n|-unboost|p1b: Urshifu|def|1\n|-unboost|p1b: Urshifu|spd|1\n|faint|p2a: Roaring Moon\n|-end|p2a: Roaring Moon|Protosynthesis|[silent]\n|move|p1a: Pelipper|Tailwind|p1a: Pelipper\n|-sidestart|p1: tachitsuteto12345|move: Tailwind\n|\n|-weather|RainDance|[upkeep]\n|upkeep\n|\n|t:|1738848024\n|switch|p2a: Landorus|Landorus, L50, M|100\/100\n|turn|2\n|\n|t:|1738848034\n|move|p1b: Urshifu|Aqua Jet|p2a: Landorus\n|-supereffective|p2a: Landorus\n|-damage|p2a: Landorus|23\/100\n|move|p2b: Zamazenta|Body Press|p1a: Pelipper\n|-resisted|p1a: Pelipper\n|-damage|p1a: Pelipper|63\/100\n|move|p2a: Landorus|Sludge Bomb|p1a: Pelipper\n|-damage|p1a: Pelipper|0 fnt\n|faint|p1a: Pelipper\n|\n|-weather|RainDance|[upkeep]\n|upkeep\n|\n|t:|1738848058\n|switch|p1a: Amoonguss|Amoonguss, L50, M|100\/100\n|turn|3\n|\n|t:|1738848072\n|switch|p2a: Pelipper|Pelipper, L50, F|100\/100\n|move|p1b: Urshifu|Aqua Jet|p2a: Pelipper\n|-resisted|p2a: Pelipper\n|-damage|p2a: Pelipper|77\/100\n|move|p2b: Zamazenta|Body Press|p1b: Urshifu\n|-damage|p1b: Urshifu|0 fnt\n|faint|p1b: Urshifu\n|move|p1a: Amoonguss|Sludge Bomb|p2b: Zamazenta\n|-supereffective|p2b: Zamazenta\n|-crit|p2b: Zamazenta\n|-damage|p2b: Zamazenta|40\/100\n|\n|-weather|RainDance|[upkeep]\n|upkeep\n|\n|t:|1738848095\n|switch|p1b: Calyrex|Calyrex-Shadow, L50|100\/100\n|-ability|p1b: Calyrex|As One\n|-ability|p1b: Calyrex|Unnerve\n|turn|4\n|\n|t:|1738848109\n|move|p1b: Calyrex|Pollen Puff|p2b: Zamazenta\n|-supereffective|p2b: Zamazenta\n|-damage|p2b: Zamazenta|0 fnt\n|faint|p2b: Zamazenta\n|-ability|p1b: Calyrex|Grim Neigh|boost\n|-boost|p1b: Calyrex|spa|1\n|-damage|p1b: Calyrex|91\/100|[from] item: Life Orb\n|move|p2a: Pelipper|Hurricane|p1b: Calyrex\n|-damage|p1b: Calyrex|46\/100\n|-start|p1b: Calyrex|confusion\n|move|p1a: Amoonguss|Spore|p2a: Pelipper\n|-status|p2a: Pelipper|slp|[from] move: Spore\n|\n|-weather|RainDance|[upkeep]\n|-sideend|p1: tachitsuteto12345|move: Tailwind\n|-sideend|p2: bluestraggler02|move: Tailwind\n|upkeep\n|j| galgith\n|\n|t:|1738848122\n|switch|p2b: Landorus|Landorus, L50, M|23\/100\n|turn|5\n|\n|t:|1738848134\n|cant|p2a: Pelipper|slp\n|-activate|p1b: Calyrex|confusion\n|move|p1b: Calyrex|Astral Barrage|p2b: Landorus|[spread] p2a,p2b\n|-damage|p2a: Pelipper|0 fnt\n|-damage|p2b: Landorus|0 fnt\n|faint|p2a: Pelipper\n|faint|p2b: Landorus\n|-damage|p1b: Calyrex|36\/100|[from] item: Life Orb\n|\n|win|tachitsuteto12345\n|raw|tachitsuteto12345's rating: 1577 &rarr; <strong>1602<\/strong><br \/>(+25 for winning)\n|raw|bluestraggler02's rating: 1665 &rarr; <strong>1640<\/strong><br \/>(-25 for losing)\n|l|\u2606bluestraggler02\n|player|p2|\n|l|\u2606tachitsuteto12345\n|player|p1|\n|l| galgith\n","uploadtime":1738848352,"views":16,"formatid":"gen9vgc2025regg","rating":1602,"private":0,"password":null}