{"id":"gen9vgc2025regg-2295093886","format":"[Gen 9] VGC 2025 Reg G","players":["Prometheus756","11DiamondsaurVGC"],"log":"|j|\u2606Prometheus756\n|j|\u260611DiamondsaurVGC\n|t:|1738785863\n|gametype|doubles\n|player|p1|Prometheus756|gentleman-gen4dp|1542\n|player|p2|11DiamondsaurVGC|skier|1641\n|teamsize|p1|6\n|teamsize|p2|6\n|gen|9\n|tier|[Gen 9] VGC 2025 Reg G\n|rated|\n|rule|Species Clause: Limit one of each Pok\u00e9mon\n|rule|Item Clause: Limit 1 of each item\n|clearpoke\n|poke|p1|Kyogre, L50|\n|poke|p1|Tornadus, L50, M|\n|poke|p1|Smeargle, L50, F|\n|poke|p1|Raging Bolt, L50|\n|poke|p1|Urshifu-*, L50, M|\n|poke|p1|Tsareena, L50, F|\n|poke|p2|Zacian-*, L50|\n|poke|p2|Raging Bolt, L50|\n|poke|p2|Whimsicott, L50, F|\n|poke|p2|Chien-Pao, L50|\n|poke|p2|Ogerpon-Wellspring, L50, F|\n|poke|p2|Entei, L50|\n|teampreview|4\n|inactive|Battle timer is ON: inactive players will automatically lose when time's up. (requested by 11DiamondsaurVGC)\n|inactive|Prometheus756 also wants the timer to be on.\n|inactive|Prometheus756 has 60 seconds left.\n|\n|t:|1738785906\n|start\n|switch|p1a: Tornadus|Tornadus, L50, M|100\/100\n|switch|p1b: Smeargle|Smeargle, L50, F|100\/100\n|switch|p2a: Whimsicott|Whimsicott, L50, F|100\/100\n|switch|p2b: Ogerpon|Ogerpon-Wellspring, L50, F|100\/100\n|turn|1\n|\n|t:|1738785925\n|move|p2b: Ogerpon|Spiky Shield|p2b: Ogerpon\n|-singleturn|p2b: Ogerpon|move: Protect\n|move|p1b: Smeargle|Fake Out|p2b: Ogerpon\n|-activate|p2b: Ogerpon|move: Protect\n|-damage|p1b: Smeargle|88\/100|[from] Spiky Shield|[of] p2b: Ogerpon\n|move|p2a: Whimsicott|Taunt|p1b: Smeargle\n|-start|p1b: Smeargle|move: Taunt\n|move|p1a: Tornadus|Taunt|p2a: Whimsicott\n|-start|p2a: Whimsicott|move: Taunt\n|\n|-ability|p1b: Smeargle|Moody|boost\n|-boost|p1b: Smeargle|atk|2\n|-unboost|p1b: Smeargle|spa|1\n|upkeep\n|turn|2\n|inactive|11DiamondsaurVGC has 30 seconds left.\n|inactive|Prometheus756 has 30 seconds left.\n|\n|t:|1738785959\n|switch|p2a: Raging Bolt|Raging Bolt, L50|100\/100\n|switch|p1b: Urshifu|Urshifu-Rapid-Strike, L50, M|100\/100\n|-terastallize|p2b: Ogerpon|Water\n|detailschange|p2b: Ogerpon|Ogerpon-Wellspring-Tera, L50, F, tera:Water\n|-ability|p2b: Ogerpon|Embody Aspect (Wellspring)|boost\n|-boost|p2b: Ogerpon|spd|1\n|move|p1a: Tornadus|Bleakwind Storm|p2a: Raging Bolt|[spread] p2a,p2b\n|-resisted|p2a: Raging Bolt\n|-damage|p2a: Raging Bolt|90\/100\n|-damage|p2b: Ogerpon|72\/100\n|move|p2b: Ogerpon|Ivy Cudgel|p1b: Urshifu|[anim] Ivy Cudgel Water\n|-resisted|p1b: Urshifu\n|-damage|p1b: Urshifu|63\/100\n|\n|upkeep\n|turn|3\n|inactive|Prometheus756 has 30 seconds left.\n|\n|t:|1738785986\n|-terastallize|p1b: Urshifu|Grass\n|move|p1a: Tornadus|Tailwind|p1a: Tornadus\n|-sidestart|p1: Prometheus756|move: Tailwind\n|move|p1b: Urshifu|Ice Spinner|p2a: Raging Bolt\n|-supereffective|p2a: Raging Bolt\n|-damage|p2a: Raging Bolt|28\/100\n|move|p2b: Ogerpon|Horn Leech|p1b: Urshifu\n|-resisted|p1b: Urshifu\n|-damage|p1b: Urshifu|39\/100\n|-heal|p2b: Ogerpon|84\/100|[from] drain|[of] p1b: Urshifu\n|move|p2a: Raging Bolt|Thunderbolt|p1a: Tornadus\n|-supereffective|p1a: Tornadus\n|-damage|p1a: Tornadus|0 fnt\n|faint|p1a: Tornadus\n|\n|upkeep\n|\n|t:|1738786002\n|switch|p1a: Smeargle|Smeargle, L50, F|88\/100\n|turn|4\n|\n|t:|1738786010\n|-end|p2a: Raging Bolt|Protosynthesis|[silent]\n|switch|p2a: Whimsicott|Whimsicott, L50, F|100\/100\n|move|p1b: Urshifu|Ice Spinner|p2a: Whimsicott\n|-supereffective|p2a: Whimsicott\n|-damage|p2a: Whimsicott|0 fnt\n|faint|p2a: Whimsicott\n|move|p1a: Smeargle|Spore|p2b: Ogerpon\n|-status|p2b: Ogerpon|slp|[from] move: Spore\n|cant|p2b: Ogerpon|slp\n|\n|-ability|p1a: Smeargle|Moody|boost\n|-boost|p1a: Smeargle|def|2\n|-unboost|p1a: Smeargle|atk|1\n|upkeep\n|\n|t:|1738786031\n|switch|p2a: Zacian|Zacian-Crowned, L50|100\/100\n|-ability|p2a: Zacian|Intrepid Sword|boost\n|-boost|p2a: Zacian|atk|1\n|turn|5\n|\n|t:|1738786038\n|switch|p1b: Kyogre|Kyogre, L50|100\/100\n|-weather|RainDance|[from] ability: Drizzle|[of] p1b: Kyogre\n|cant|p2b: Ogerpon|slp\n|move|p1a: Smeargle|Spore|p2a: Zacian\n|-status|p2a: Zacian|slp|[from] move: Spore\n|cant|p2a: Zacian|slp\n|\n|-weather|RainDance|[upkeep]\n|-ability|p1a: Smeargle|Moody|boost\n|-boost|p1a: Smeargle|def|2\n|-unboost|p1a: Smeargle|spd|1\n|upkeep\n|turn|6\n|\n|t:|1738786053\n|cant|p2a: Zacian|slp\n|move|p1a: Smeargle|Follow Me|p1a: Smeargle\n|-singleturn|p1a: Smeargle|move: Follow Me\n|move|p1b: Kyogre|Water Spout|p2b: Ogerpon|[spread] p2a,p2b\n|-resisted|p2b: Ogerpon\n|-damage|p2a: Zacian|16\/100 slp\n|-damage|p2b: Ogerpon|53\/100 slp\n|-curestatus|p2b: Ogerpon|slp|[msg]\n|move|p2b: Ogerpon|Horn Leech|p1a: Smeargle\n|-damage|p1a: Smeargle|49\/100\n|-heal|p2b: Ogerpon|71\/100|[from] drain|[of] p1a: Smeargle\n|\n|-weather|RainDance|[upkeep]\n|-sideend|p1: Prometheus756|move: Tailwind\n|-ability|p1a: Smeargle|Moody|boost\n|-boost|p1a: Smeargle|def|2\n|-unboost|p1a: Smeargle|spe|1\n|upkeep\n|turn|7\n|inactive|11DiamondsaurVGC has 30 seconds left.\n|\n|t:|1738786078\n|-curestatus|p2a: Zacian|slp|[msg]\n|move|p2a: Zacian|Protect|p2a: Zacian\n|-singleturn|p2a: Zacian|Protect\n|move|p1a: Smeargle|Follow Me|p1a: Smeargle\n|-singleturn|p1a: Smeargle|move: Follow Me\n|move|p1b: Kyogre|Water Spout|p2a: Zacian|[spread] p2b\n|-activate|p2a: Zacian|move: Protect\n|-resisted|p2b: Ogerpon\n|-damage|p2b: Ogerpon|34\/100\n|move|p2b: Ogerpon|Ivy Cudgel|p1a: Smeargle|[anim] Ivy Cudgel Water\n|-damage|p1a: Smeargle|0 fnt\n|faint|p1a: Smeargle\n|\n|-weather|RainDance|[upkeep]\n|upkeep\n|\n|t:|1738786082\n|switch|p1a: Urshifu|Urshifu-Rapid-Strike, L50, M, tera:Grass|39\/100\n|turn|8\n|inactive|Prometheus756 has 30 seconds left.\n|inactive|Prometheus756 has 20 seconds left.\n|inactive|Prometheus756 has 15 seconds left.\n|\n|t:|1738786126\n|move|p2b: Ogerpon|Follow Me|p2b: Ogerpon\n|-singleturn|p2b: Ogerpon|move: Follow Me\n|move|p1a: Urshifu|Aqua Jet|p2b: Ogerpon\n|-resisted|p2b: Ogerpon\n|-damage|p2b: Ogerpon|7\/100\n|move|p1b: Kyogre|Water Spout|p2a: Zacian|[spread] p2a,p2b\n|-resisted|p2b: Ogerpon\n|-damage|p2a: Zacian|0 fnt\n|-damage|p2b: Ogerpon|0 fnt\n|faint|p2a: Zacian\n|faint|p2b: Ogerpon\n|\n|-weather|RainDance|[upkeep]\n|upkeep\n|\n|t:|1738786135\n|switch|p2b: Raging Bolt|Raging Bolt, L50|28\/100\n|turn|9\n|j| wartortcorp\n|\n|t:|1738786141\n|move|p1a: Urshifu|Aqua Jet|p2b: Raging Bolt\n|-resisted|p2b: Raging Bolt\n|-damage|p2b: Raging Bolt|12\/100\n|move|p2b: Raging Bolt|Thunderclap|p1b: Kyogre\n|-supereffective|p1b: Kyogre\n|-damage|p1b: Kyogre|42\/100\n|move|p1b: Kyogre|Water Spout|p2b: Raging Bolt\n|-resisted|p2b: Raging Bolt\n|-damage|p2b: Raging Bolt|0 fnt\n|faint|p2b: Raging Bolt\n|-end|p2b: Raging Bolt|Protosynthesis|[silent]\n|\n|win|Prometheus756\n|raw|Prometheus756's rating: 1542 &rarr; <strong>1568<\/strong><br \/>(+26 for winning)\n|raw|11DiamondsaurVGC's rating: 1641 &rarr; <strong>1615<\/strong><br \/>(-26 for losing)\n|l|\u260611DiamondsaurVGC\n|player|p2|\n|c|\u2606Prometheus756|Gg\n|l|\u2606Prometheus756\n|player|p1|\n","uploadtime":1738786310,"views":13,"formatid":"gen9vgc2025regg","rating":1568,"private":0,"password":null}