{"id":"gen9vgc2025regg-2295805298","format":"[Gen 9] VGC 2025 Reg G","players":["soooma","bertscai"],"log":"|j|\u2606soooma\n|j|\u2606bertscai\n|t:|1738877883\n|gametype|doubles\n|player|p1|soooma|101|1574\n|player|p2|bertscai|hiker|1599\n|teamsize|p1|6\n|teamsize|p2|6\n|gen|9\n|tier|[Gen 9] VGC 2025 Reg G\n|rated|\n|rule|Species Clause: Limit one of each Pok\u00e9mon\n|rule|Item Clause: Limit 1 of each item\n|clearpoke\n|poke|p1|Calyrex-Shadow, L50|\n|poke|p1|Tsareena, L50, F|\n|poke|p1|Tornadus, L50, M|\n|poke|p1|Urshifu-*, L50, M|\n|poke|p1|Clefairy, L50, F|\n|poke|p1|Incineroar, L50, M|\n|poke|p2|Smeargle, L50, F|\n|poke|p2|Calyrex-Ice, L50|\n|poke|p2|Indeedee-F, L50, F|\n|poke|p2|Urshifu-*, L50, M|\n|poke|p2|Volcarona, L50, M|\n|poke|p2|Torterra, L50, F|\n|teampreview|4\n|inactive|Battle timer is ON: inactive players will automatically lose when time's up. (requested by bertscai)\n|\n|t:|1738877910\n|start\n|switch|p1a: Boomhorse|Calyrex-Shadow, L50|100\/100\n|switch|p1b: CILF|Clefairy, L50, F|100\/100\n|switch|p2a: Calyrex|Calyrex-Ice, L50|100\/100\n|switch|p2b: Smeargle|Smeargle, L50, F, shiny|100\/100\n|-ability|p1a: Boomhorse|As One\n|-ability|p1a: Boomhorse|Unnerve\n|-ability|p2a: Calyrex|As One\n|-ability|p2a: Calyrex|Unnerve\n|turn|1\n|inactive|soooma has 30 seconds left.\n|\n|t:|1738877936\n|-terastallize|p2a: Calyrex|Water\n|move|p1b: CILF|Helping Hand|p1a: Boomhorse\n|-singleturn|p1a: Boomhorse|Helping Hand|[of] p1b: CILF\n|move|p2b: Smeargle|Fake Out|p1b: CILF\n|-damage|p1b: CILF|94\/100\n|move|p1a: Boomhorse|Astral Barrage|p2b: Smeargle|[spread] p2a\n|-immune|p2b: Smeargle\n|-damage|p2a: Calyrex|19\/100\n|move|p2a: Calyrex|Trick Room|p2a: Calyrex\n|-fieldstart|move: Trick Room|[of] p2a: Calyrex\n|\n|upkeep\n|turn|2\n|j| Triple20\n|inactive|soooma has 30 seconds left.\n|\n|t:|1738877967\n|move|p2a: Calyrex|Protect|p2a: Calyrex\n|-singleturn|p2a: Calyrex|Protect\n|move|p1b: CILF|After You|p1a: Boomhorse\n|-activate|p1a: Boomhorse|move: After You\n|move|p1a: Boomhorse|Astral Barrage|p2b: Smeargle|[spread] \n|-activate|p2a: Calyrex|move: Protect\n|-immune|p2b: Smeargle\n|move|p2b: Smeargle|Spore|p1b: CILF\n|-status|p1b: CILF|slp|[from] move: Spore\n|\n|upkeep\n|turn|3\n|\n|t:|1738877979\n|switch|p1a: Lord|Incineroar, L50, M|100\/100\n|-ability|p1a: Lord|Intimidate|boost\n|-fail|p2a: Calyrex|unboost|[from] item: Clear Amulet|[of] p2a: Calyrex\n|-unboost|p2b: Smeargle|atk|1\n|cant|p1b: CILF|slp\n|move|p2b: Smeargle|Decorate|p2a: Calyrex\n|-boost|p2a: Calyrex|atk|2\n|-boost|p2a: Calyrex|spa|2\n|move|p2a: Calyrex|Glacial Lance|p1a: Lord|[spread] p1a,p1b\n|-resisted|p1a: Lord\n|-damage|p1a: Lord|56\/100\n|-damage|p1b: CILF|0 fnt\n|faint|p1b: CILF\n|-ability|p2a: Calyrex|Chilling Neigh|boost\n|-boost|p2a: Calyrex|atk|1\n|\n|upkeep\n|\n|t:|1738878001\n|switch|p1b: Smashmaster|Urshifu, L50, M|100\/100\n|turn|4\n|\n|t:|1738878013\n|move|p2a: Calyrex|Protect|p2a: Calyrex\n|-singleturn|p2a: Calyrex|Protect\n|move|p1a: Lord|Fake Out|p2b: Smeargle\n|-damage|p2b: Smeargle|81\/100\n|cant|p2b: Smeargle|flinch\n|move|p1b: Smashmaster|Wicked Blow|p2b: Smeargle\n|-crit|p2b: Smeargle\n|-damage|p2b: Smeargle|0 fnt\n|faint|p2b: Smeargle\n|\n|upkeep\n|\n|t:|1738878020\n|switch|p2b: Urshifu|Urshifu, L50, M|100\/100\n|turn|5\n|l| Triple20\n|inactive|soooma has 30 seconds left.\n|j| Triple20\n|\n|t:|1738878053\n|move|p2a: Calyrex|Glacial Lance|p1b: Smashmaster|[spread] p1a,p1b\n|-resisted|p1a: Lord\n|-damage|p1a: Lord|0 fnt\n|-damage|p1b: Smashmaster|0 fnt\n|faint|p1a: Lord\n|faint|p1b: Smashmaster\n|-ability|p2a: Calyrex|Chilling Neigh|boost\n|-boost|p2a: Calyrex|atk|2\n|move|p2b: Urshifu|Close Combat|p1: Lord|[notarget]\n|-fail|p2b: Urshifu\n|\n|-fieldend|move: Trick Room\n|upkeep\n|\n|t:|1738878056\n|switch|p1b: Boomhorse|Calyrex-Shadow, L50|100\/100\n|-ability|p1b: Boomhorse|As One\n|-ability|p1b: Boomhorse|Unnerve\n|turn|6\n|\n|t:|1738878069\n|switch|p2b: Torterra|Torterra, L50, F, shiny|100\/100\n|-terastallize|p1b: Boomhorse|Steel\n|move|p2a: Calyrex|Protect|p2a: Calyrex\n|-singleturn|p2a: Calyrex|Protect\n|move|p1b: Boomhorse|Astral Barrage|p2a: Calyrex|[spread] p2b\n|-activate|p2a: Calyrex|move: Protect\n|-damage|p2b: Torterra|14\/100\n|\n|upkeep\n|turn|7\n|\n|t:|1738878078\n|move|p2b: Torterra|Wide Guard|p2b: Torterra\n|-singleturn|p2b: Torterra|Wide Guard\n|move|p1b: Boomhorse|Astral Barrage|p2a: Calyrex|[spread] \n|-activate|p2a: Calyrex|move: Wide Guard\n|-activate|p2b: Torterra|move: Wide Guard\n|move|p2a: Calyrex|High Horsepower|p1b: Boomhorse\n|-supereffective|p1b: Boomhorse\n|-damage|p1b: Boomhorse|0 fnt\n|faint|p1b: Boomhorse\n|\n|win|bertscai\n|raw|soooma's rating: 1574 &rarr; <strong>1555<\/strong><br \/>(-19 for losing)\n|raw|bertscai's rating: 1599 &rarr; <strong>1618<\/strong><br \/>(+19 for winning)\n|l|\u2606soooma\n|player|p1|\n|l|\u2606bertscai\n|player|p2|\n","uploadtime":1738878215,"views":13,"formatid":"gen9vgc2025regg","rating":1555,"private":0,"password":null}