{"id":"gen9vgc2025regg-2295068369","format":"[Gen 9] VGC 2025 Reg G","players":["rmnew72","Yung Trav"],"log":"|j|\u2606rmnew72\n|j|\u203dYung Trav\n|t:|1738783351\n|gametype|doubles\n|player|p1|rmnew72|170|1511\n|player|p2|Yung Trav|265|1710\n|teamsize|p1|6\n|teamsize|p2|6\n|gen|9\n|tier|[Gen 9] VGC 2025 Reg G\n|rated|\n|rule|Species Clause: Limit one of each Pok\u00e9mon\n|rule|Item Clause: Limit 1 of each item\n|clearpoke\n|poke|p1|Mimikyu, L50, F|\n|poke|p1|Incineroar, L50, M|\n|poke|p1|Calyrex-Ice, L50|\n|poke|p1|Torkoal, L50, M|\n|poke|p1|Annihilape, L50, M|\n|poke|p1|Rillaboom, L50, F|\n|poke|p2|Calyrex-Ice, L50|\n|poke|p2|Regidrago, L50|\n|poke|p2|Smeargle, L50, M|\n|poke|p2|Farigiraf, L50, M|\n|poke|p2|Urshifu-*, L50, M|\n|poke|p2|Ogerpon-Cornerstone, L50, F|\n|teampreview|4\n|\n|t:|1738783401\n|start\n|switch|p1a: Mimikyu|Mimikyu, L50, F|100\/100\n|switch|p1b: Incineroar|Incineroar, L50, M|100\/100\n|switch|p2a: Calyrex|Calyrex-Ice, L50|100\/100\n|switch|p2b: Urshifu|Urshifu, L50, M|100\/100\n|-ability|p2a: Calyrex|As One\n|-ability|p2a: Calyrex|Unnerve\n|-ability|p1b: Incineroar|Intimidate|boost\n|-fail|p2a: Calyrex|unboost|[from] item: Clear Amulet|[of] p2a: Calyrex\n|-unboost|p2b: Urshifu|atk|1\n|turn|1\n|\n|t:|1738783425\n|-terastallize|p2b: Urshifu|Ghost\n|move|p2a: Calyrex|Protect|p2a: Calyrex\n|-singleturn|p2a: Calyrex|Protect\n|move|p2b: Urshifu|Coaching|p2a: Calyrex\n|-boost|p2a: Calyrex|atk|1\n|-boost|p2a: Calyrex|def|1\n|move|p1a: Mimikyu|Will-O-Wisp|p2a: Calyrex\n|-activate|p2a: Calyrex|move: Protect\n|move|p1b: Incineroar|Heat Wave|p2a: Calyrex|[spread] p2b\n|-activate|p2a: Calyrex|move: Protect\n|-damage|p2b: Urshifu|60\/100\n|\n|upkeep\n|turn|2\n|\n|t:|1738783444\n|move|p2b: Urshifu|Coaching|p2a: Calyrex\n|-boost|p2a: Calyrex|atk|1\n|-boost|p2a: Calyrex|def|1\n|move|p1b: Incineroar|Heat Wave|p2b: Urshifu|[spread] p2a,p2b\n|-supereffective|p2a: Calyrex\n|-damage|p2a: Calyrex|65\/100\n|-damage|p2b: Urshifu|18\/100\n|-status|p2a: Calyrex|brn\n|move|p2a: Calyrex|High Horsepower|p1b: Incineroar\n|-supereffective|p1b: Incineroar\n|-damage|p1b: Incineroar|20\/100\n|move|p1a: Mimikyu|Trick Room|p1a: Mimikyu\n|-fieldstart|move: Trick Room|[of] p1a: Mimikyu\n|\n|-damage|p2a: Calyrex|59\/100 brn|[from] brn\n|upkeep\n|turn|3\n|\n|t:|1738783471\n|move|p1a: Mimikyu|Shadow Sneak|p2b: Urshifu\n|-supereffective|p2b: Urshifu\n|-damage|p2b: Urshifu|0 fnt\n|faint|p2b: Urshifu\n|move|p2a: Calyrex|High Horsepower|p1b: Incineroar\n|-supereffective|p1b: Incineroar\n|-damage|p1b: Incineroar|0 fnt\n|faint|p1b: Incineroar\n|-ability|p2a: Calyrex|Chilling Neigh|boost\n|-boost|p2a: Calyrex|atk|1\n|\n|-damage|p2a: Calyrex|53\/100 brn|[from] brn\n|upkeep\n|\n|t:|1738783483\n|switch|p1b: Torkoal|Torkoal, L50, M|100\/100\n|switch|p2b: Ogerpon|Ogerpon-Cornerstone, L50, F|100\/100\n|-weather|SunnyDay|[from] ability: Drought|[of] p1b: Torkoal\n|turn|4\n|\n|t:|1738783495\n|move|p2a: Calyrex|Protect|p2a: Calyrex\n|-singleturn|p2a: Calyrex|Protect\n|move|p1a: Mimikyu|Shadow Sneak|p2a: Calyrex\n|-activate|p2a: Calyrex|move: Protect\n|move|p1b: Torkoal|Heat Wave|p2a: Calyrex|[spread] p2b\n|-activate|p2a: Calyrex|move: Protect\n|-damage|p2b: Ogerpon|34\/100\n|-status|p2b: Ogerpon|brn\n|move|p2b: Ogerpon|Ivy Cudgel|p1b: Torkoal|[anim] Ivy Cudgel Rock\n|-supereffective|p1b: Torkoal\n|-damage|p1b: Torkoal|52\/100\n|\n|-weather|SunnyDay|[upkeep]\n|-damage|p2a: Calyrex|47\/100 brn|[from] brn\n|-damage|p2b: Ogerpon|29\/100 brn|[from] brn\n|upkeep\n|turn|5\n|-message|Yung Trav forfeited.\n|\n|win|rmnew72\n|raw|rmnew72's rating: 1511 &rarr; <strong>1541<\/strong><br \/>(+30 for winning)\n|raw|Yung Trav's rating: 1710 &rarr; <strong>1680<\/strong><br \/>(-30 for losing)\n|l|\u203dYung Trav\n|player|p2|\n|j|\u203dYung Trav\n|player|p2|Yung Trav|265|\n|l|\u203dYung Trav\n|player|p2|\n|l|\u2606rmnew72\n|player|p1|\n","uploadtime":1738783683,"views":5,"formatid":"gen9vgc2025regg","rating":1541,"private":0,"password":null}