{"id":"gen9vgc2025regg-2295372683","format":"[Gen 9] VGC 2025 Reg G","players":["CAZ9899","yukita_somaru"],"log":"|j|\u2606CAZ9899\n|j|\u2606yukita_somaru\n|t:|1738822302\n|gametype|doubles\n|player|p1|CAZ9899|riley|1616\n|player|p2|yukita_somaru|chuck|1622\n|teamsize|p1|6\n|teamsize|p2|6\n|gen|9\n|tier|[Gen 9] VGC 2025 Reg G\n|rated|\n|rule|Species Clause: Limit one of each Pok\u00e9mon\n|rule|Item Clause: Limit 1 of each item\n|clearpoke\n|poke|p1|Calyrex-Shadow, L50|\n|poke|p1|Weezing-Galar, L50, F|\n|poke|p1|Urshifu-*, L50, F|\n|poke|p1|Tornadus, L50, M|\n|poke|p1|Indeedee-F, L50, F|\n|poke|p1|Iron Hands, L50|\n|poke|p2|Miraidon, L50|\n|poke|p2|Iron Hands, L50|\n|poke|p2|Iron Bundle, L50|\n|poke|p2|Dragonite, L50, F|\n|poke|p2|Dondozo, L50, F|\n|poke|p2|Tatsugiri-Droopy, L50, F|\n|teampreview|4\n|j| numberonebosskfan\n|\n|t:|1738822364\n|start\n|switch|p1a: Calyrex|Calyrex-Shadow, L50|100\/100\n|switch|p1b: Indeedee|Indeedee-F, L50, F|100\/100\n|switch|p2a: \u30df\u30e9\u30a4\u30c9\u30f3|Miraidon, L50|100\/100\n|switch|p2b: \u30d8\u30a4\u30e9\u30c3\u30b7\u30e3|Dondozo, L50, F|100\/100\n|-ability|p1a: Calyrex|As One\n|-ability|p1a: Calyrex|Unnerve\n|-fieldstart|move: Electric Terrain|[from] ability: Hadron Engine|[of] p2a: \u30df\u30e9\u30a4\u30c9\u30f3\n|-fieldstart|move: Psychic Terrain|[from] ability: Psychic Surge|[of] p1b: Indeedee\n|-enditem|p1b: Indeedee|Psychic Seed\n|-boost|p1b: Indeedee|spd|1|[from] item: Psychic Seed\n|turn|1\n|inactive|Battle timer is ON: inactive players will automatically lose when time's up. (requested by yukita_somaru)\n|\n|t:|1738822429\n|switch|p2a: \u30b7\u30e3\u30ea\u30bf\u30c4|Tatsugiri-Droopy, L50, F|100\/100\n|-activate|p2a: \u30b7\u30e3\u30ea\u30bf\u30c4|ability: Commander|[of] p2b: \u30d8\u30a4\u30e9\u30c3\u30b7\u30e3\n|-boost|p2b: \u30d8\u30a4\u30e9\u30c3\u30b7\u30e3|atk|2\n|-boost|p2b: \u30d8\u30a4\u30e9\u30c3\u30b7\u30e3|spa|2\n|-boost|p2b: \u30d8\u30a4\u30e9\u30c3\u30b7\u30e3|spe|2\n|-boost|p2b: \u30d8\u30a4\u30e9\u30c3\u30b7\u30e3|def|2\n|-boost|p2b: \u30d8\u30a4\u30e9\u30c3\u30b7\u30e3|spd|2\n|move|p1b: Indeedee|Helping Hand|p1a: Calyrex\n|-singleturn|p1a: Calyrex|Helping Hand|[of] p1b: Indeedee\n|move|p1a: Calyrex|Expanding Force|p2b: \u30d8\u30a4\u30e9\u30c3\u30b7\u30e3|[spread] p2b\n|-miss|p1a: Calyrex|p2a: \u30b7\u30e3\u30ea\u30bf\u30c4\n|-damage|p2b: \u30d8\u30a4\u30e9\u30c3\u30b7\u30e3|16\/100\n|move|p2b: \u30d8\u30a4\u30e9\u30c3\u30b7\u30e3|Wave Crash|p1a: Calyrex\n|-damage|p1a: Calyrex|0 fnt\n|faint|p1a: Calyrex\n|-damage|p2b: \u30d8\u30a4\u30e9\u30c3\u30b7\u30e3|0 fnt|[from] Recoil\n|faint|p2b: \u30d8\u30a4\u30e9\u30c3\u30b7\u30e3\n|\n|upkeep\n|\n|t:|1738822453\n|switch|p1a: Weezing|Weezing-Galar, L50, F|100\/100\n|switch|p2b: \u30df\u30e9\u30a4\u30c9\u30f3|Miraidon, L50|100\/100\n|-ability|p1a: Weezing|Neutralizing Gas\n|-block|p2a: \u30b7\u30e3\u30ea\u30bf\u30c4|item: Ability Shield\n|turn|2\n|inactive|CAZ9899 has 30 seconds left.\n|inactive|yukita_somaru has 30 seconds left.\n|\n|t:|1738822481\n|-terastallize|p1b: Indeedee|Fairy\n|move|p2b: \u30df\u30e9\u30a4\u30c9\u30f3|Electro Drift|p1a: Weezing\n|-damage|p1a: Weezing|0 fnt\n|faint|p1a: Weezing\n|-end|p1a: Weezing|ability: Neutralizing Gas\n|-fieldstart|move: Electric Terrain|[from] ability: Hadron Engine|[of] p2b: \u30df\u30e9\u30a4\u30c9\u30f3\n|-fieldstart|move: Psychic Terrain|[from] ability: Psychic Surge|[of] p1b: Indeedee\n|move|p2a: \u30b7\u30e3\u30ea\u30bf\u30c4|Muddy Water|p1b: Indeedee\n|-damage|p1b: Indeedee|71\/100\n|move|p1b: Indeedee|Dazzling Gleam|p2a: \u30b7\u30e3\u30ea\u30bf\u30c4|[spread] p2a,p2b\n|-supereffective|p2a: \u30b7\u30e3\u30ea\u30bf\u30c4\n|-supereffective|p2b: \u30df\u30e9\u30a4\u30c9\u30f3\n|-damage|p2a: \u30b7\u30e3\u30ea\u30bf\u30c4|55\/100\n|-damage|p2b: \u30df\u30e9\u30a4\u30c9\u30f3|63\/100\n|\n|upkeep\n|\n|t:|1738822498\n|switch|p1a: Urshifu|Urshifu, L50, F|100\/100\n|turn|3\n|\n|t:|1738822517\n|switch|p2b: \u30c6\u30c4\u30ce\u30c4\u30c4\u30df|Iron Bundle, L50|100\/100\n|move|p1a: Urshifu|Protect|p1a: Urshifu\n|-singleturn|p1a: Urshifu|Protect\n|move|p2a: \u30b7\u30e3\u30ea\u30bf\u30c4|Muddy Water|p1a: Urshifu|[spread] p1b\n|-activate|p1a: Urshifu|move: Protect\n|-damage|p1b: Indeedee|49\/100\n|move|p1b: Indeedee|Dazzling Gleam|p2a: \u30b7\u30e3\u30ea\u30bf\u30c4|[spread] p2a,p2b\n|-supereffective|p2a: \u30b7\u30e3\u30ea\u30bf\u30c4\n|-damage|p2a: \u30b7\u30e3\u30ea\u30bf\u30c4|8\/100\n|-damage|p2b: \u30c6\u30c4\u30ce\u30c4\u30c4\u30df|62\/100\n|\n|upkeep\n|turn|4\n|inactive|yukita_somaru has 30 seconds left.\n|inactive|yukita_somaru has 20 seconds left.\n|inactive|yukita_somaru has 15 seconds left.\n|inactive|yukita_somaru has 10 seconds left.\n|\n|t:|1738822567\n|move|p2b: \u30c6\u30c4\u30ce\u30c4\u30c4\u30df|Encore|p1a: Urshifu\n|-start|p1a: Urshifu|Encore\n|move|p1a: Urshifu|Protect|p1a: Urshifu\n|-singleturn|p1a: Urshifu|Protect\n|move|p2a: \u30b7\u30e3\u30ea\u30bf\u30c4|Muddy Water|p1a: Urshifu|[spread] \n|-activate|p1a: Urshifu|move: Protect\n|-miss|p2a: \u30b7\u30e3\u30ea\u30bf\u30c4|p1b: Indeedee\n|move|p1b: Indeedee|Trick Room|p1b: Indeedee\n|-fieldstart|move: Trick Room|[of] p1b: Indeedee\n|\n|upkeep\n|turn|5\n|inactive|yukita_somaru has 30 seconds left.\n|inactive|yukita_somaru has 20 seconds left.\n|\n|t:|1738822606\n|move|p1a: Urshifu|Protect||[still]\n|-fail|p1a: Urshifu\n|move|p1b: Indeedee|Dazzling Gleam|p2a: \u30b7\u30e3\u30ea\u30bf\u30c4|[spread] p2a,p2b\n|-supereffective|p2a: \u30b7\u30e3\u30ea\u30bf\u30c4\n|-damage|p2a: \u30b7\u30e3\u30ea\u30bf\u30c4|0 fnt\n|-damage|p2b: \u30c6\u30c4\u30ce\u30c4\u30c4\u30df|20\/100\n|faint|p2a: \u30b7\u30e3\u30ea\u30bf\u30c4\n|move|p2b: \u30c6\u30c4\u30ce\u30c4\u30c4\u30df|Freeze-Dry|p1b: Indeedee\n|-damage|p1b: Indeedee|25\/100\n|\n|upkeep\n|\n|t:|1738822615\n|switch|p2a: \u30df\u30e9\u30a4\u30c9\u30f3|Miraidon, L50|63\/100\n|-fieldstart|move: Electric Terrain|[from] ability: Hadron Engine|[of] p2a: \u30df\u30e9\u30a4\u30c9\u30f3\n|-activate|p2b: \u30c6\u30c4\u30ce\u30c4\u30c4\u30df|ability: Quark Drive\n|-start|p2b: \u30c6\u30c4\u30ce\u30c4\u30c4\u30df|quarkdrivespe\n|turn|6\n|inactive|yukita_somaru has 30 seconds left.\n|inactive|yukita_somaru has 20 seconds left.\n|inactive|yukita_somaru has 15 seconds left.\n|\n|t:|1738822657\n|-terastallize|p2a: \u30df\u30e9\u30a4\u30c9\u30f3|Fairy\n|move|p1a: Urshifu|Protect|p1a: Urshifu\n|-singleturn|p1a: Urshifu|Protect\n|move|p2b: \u30c6\u30c4\u30ce\u30c4\u30c4\u30df|Protect|p2b: \u30c6\u30c4\u30ce\u30c4\u30c4\u30df\n|-singleturn|p2b: \u30c6\u30c4\u30ce\u30c4\u30c4\u30df|Protect\n|move|p1b: Indeedee|Dazzling Gleam|p2b: \u30c6\u30c4\u30ce\u30c4\u30c4\u30df|[spread] p2a\n|-activate|p2b: \u30c6\u30c4\u30ce\u30c4\u30c4\u30df|move: Protect\n|-damage|p2a: \u30df\u30e9\u30a4\u30c9\u30f3|46\/100\n|move|p2a: \u30df\u30e9\u30a4\u30c9\u30f3|Dazzling Gleam|p1a: Urshifu|[spread] p1b\n|-activate|p1a: Urshifu|move: Protect\n|-damage|p1b: Indeedee|0 fnt\n|faint|p1b: Indeedee\n|\n|-end|p1a: Urshifu|Encore\n|upkeep\n|turn|7\n|inactive|CAZ9899 has 30 seconds left.\n|inactive|yukita_somaru has 30 seconds left.\n|inactive|CAZ9899 has 20 seconds left.\n|inactive|yukita_somaru has 20 seconds left.\n|inactive|yukita_somaru has 15 seconds left.\n|inactive|CAZ9899 has 15 seconds left.\n|inactive|yukita_somaru has 10 seconds left.\n|inactive|CAZ9899 has 10 seconds left.\n|inactive|yukita_somaru has 5 seconds left.\n|\n|t:|1738822709\n|move|p1a: Urshifu|Wicked Blow|p2b: \u30c6\u30c4\u30ce\u30c4\u30c4\u30df\n|-crit|p2b: \u30c6\u30c4\u30ce\u30c4\u30c4\u30df\n|-damage|p2b: \u30c6\u30c4\u30ce\u30c4\u30c4\u30df|0 fnt\n|faint|p2b: \u30c6\u30c4\u30ce\u30c4\u30c4\u30df\n|-end|p2b: \u30c6\u30c4\u30ce\u30c4\u30c4\u30df|Quark Drive|[silent]\n|move|p2a: \u30df\u30e9\u30a4\u30c9\u30f3|Dazzling Gleam|p1a: Urshifu\n|-supereffective|p1a: Urshifu\n|-enditem|p1a: Urshifu|Focus Sash\n|-damage|p1a: Urshifu|1\/100\n|\n|upkeep\n|turn|8\n|\n|t:|1738822720\n|move|p1a: Urshifu|Close Combat|p2a: \u30df\u30e9\u30a4\u30c9\u30f3\n|-resisted|p2a: \u30df\u30e9\u30a4\u30c9\u30f3\n|-damage|p2a: \u30df\u30e9\u30a4\u30c9\u30f3|14\/100\n|-unboost|p1a: Urshifu|def|1\n|-unboost|p1a: Urshifu|spd|1\n|move|p2a: \u30df\u30e9\u30a4\u30c9\u30f3|Dazzling Gleam|p1a: Urshifu\n|-supereffective|p1a: Urshifu\n|-damage|p1a: Urshifu|0 fnt\n|faint|p1a: Urshifu\n|\n|win|yukita_somaru\n|raw|CAZ9899's rating: 1616 &rarr; <strong>1596<\/strong><br \/>(-20 for losing)\n|raw|yukita_somaru's rating: 1622 &rarr; <strong>1642<\/strong><br \/>(+20 for winning)\n|l|\u2606CAZ9899\n|player|p1|\n|l| numberonebosskfan\n|l|\u2606yukita_somaru\n|player|p2|\n","uploadtime":1738822858,"views":11,"formatid":"gen9vgc2025regg","rating":1596,"private":0,"password":null}