{"id":"gen9vgc2025regg-2295093954","format":"[Gen 9] VGC 2025 Reg G","players":["JudeVGC","BLiiNDProdiigy"],"log":"|j|\u2606JudeVGC\n|j|\u2606BLiiNDProdiigy\n|t:|1738785871\n|gametype|doubles\n|player|p1|JudeVGC|102|1564\n|player|p2|BLiiNDProdiigy|rocketgrunt|1585\n|teamsize|p1|6\n|teamsize|p2|6\n|gen|9\n|tier|[Gen 9] VGC 2025 Reg G\n|rated|\n|rule|Species Clause: Limit one of each Pok\u00e9mon\n|rule|Item Clause: Limit 1 of each item\n|clearpoke\n|poke|p1|Iron Jugulis, L50|\n|poke|p1|Miraidon, L50|\n|poke|p1|Ursaluna, L50, F|\n|poke|p1|Ogerpon-Hearthflame, L50, F|\n|poke|p1|Farigiraf, L50, F|\n|poke|p1|Iron Hands, L50|\n|poke|p2|Terapagos, L50, M|\n|poke|p2|Incineroar, L50, M|\n|poke|p2|Rillaboom, L50, F|\n|poke|p2|Urshifu-*, L50, F|\n|poke|p2|Flutter Mane, L50|\n|poke|p2|Ogerpon-Hearthflame, L50, F|\n|teampreview|4\n|inactive|Battle timer is ON: inactive players will automatically lose when time's up. (requested by JudeVGC)\n|\n|t:|1738785913\n|start\n|switch|p1a: Iron Jugulis|Iron Jugulis, L50|100\/100\n|switch|p1b: Miraidon|Miraidon, L50|100\/100\n|switch|p2a: Terapagos|Terapagos, L50, M|100\/100\n|switch|p2b: Flutter Mane|Flutter Mane, L50|100\/100\n|-activate|p2a: Terapagos|ability: Tera Shift\n|detailschange|p2a: Terapagos|Terapagos-Terastal, L50, M\n|-heal|p2a: Terapagos|100\/100|[silent]\n|-fieldstart|move: Electric Terrain|[from] ability: Hadron Engine|[of] p1b: Miraidon\n|-activate|p1a: Iron Jugulis|ability: Quark Drive\n|-start|p1a: Iron Jugulis|quarkdrivespe\n|-enditem|p2b: Flutter Mane|Booster Energy\n|-activate|p2b: Flutter Mane|ability: Protosynthesis|[fromitem]\n|-start|p2b: Flutter Mane|protosynthesisspe\n|turn|1\n|\n|t:|1738785922\n|switch|p1b: Ogerpon|Ogerpon-Hearthflame, L50, F|100\/100\n|-ability|p1b: Ogerpon|Mold Breaker\n|-terastallize|p2a: Terapagos|Stellar\n|detailschange|p2a: Terapagos|Terapagos-Stellar, L50, M, tera:Stellar\n|-heal|p2a: Terapagos|100\/100|[silent]\n|-ability|p2a: Terapagos|Teraform Zero\n|-fieldend|move: Electric Terrain\n|-end|p1a: Iron Jugulis|Quark Drive\n|move|p2b: Flutter Mane|Moonblast|p1a: Iron Jugulis\n|-supereffective|p1a: Iron Jugulis\n|-damage|p1a: Iron Jugulis|9\/100\n|move|p1a: Iron Jugulis|Snarl|p2b: Flutter Mane|[spread] p2a,p2b\n|-damage|p2a: Terapagos|90\/100\n|-damage|p2b: Flutter Mane|87\/100\n|-unboost|p2a: Terapagos|spa|1\n|-unboost|p2b: Flutter Mane|spa|1\n|move|p2a: Terapagos|Tera Starstorm|p1a: Iron Jugulis|[spread] p1a,p1b\n|-damage|p1a: Iron Jugulis|0 fnt\n|-damage|p1b: Ogerpon|71\/100\n|faint|p1a: Iron Jugulis\n|-end|p1a: Iron Jugulis|Quark Drive|[silent]\n|\n|-heal|p2a: Terapagos|96\/100|[from] item: Leftovers\n|upkeep\n|\n|t:|1738785943\n|switch|p1a: Miraidon|Miraidon, L50|100\/100\n|-fieldstart|move: Electric Terrain|[from] ability: Hadron Engine|[of] p1a: Miraidon\n|turn|2\n|\n|t:|1738785960\n|move|p2b: Flutter Mane|Protect|p2b: Flutter Mane\n|-singleturn|p2b: Flutter Mane|Protect\n|move|p2a: Terapagos|Protect|p2a: Terapagos\n|-singleturn|p2a: Terapagos|Protect\n|move|p1b: Ogerpon|Follow Me|p1b: Ogerpon\n|-singleturn|p1b: Ogerpon|move: Follow Me\n|move|p1a: Miraidon|Electro Drift|p2a: Terapagos\n|-activate|p2a: Terapagos|move: Protect\n|\n|-heal|p2a: Terapagos|100\/100|[from] item: Leftovers\n|upkeep\n|turn|3\n|\n|t:|1738785971\n|switch|p2a: Rillaboom|Rillaboom, L50, F|100\/100\n|-fieldstart|move: Grassy Terrain|[from] ability: Grassy Surge|[of] p2a: Rillaboom\n|-terastallize|p1a: Miraidon|Fairy\n|move|p2b: Flutter Mane|Icy Wind|p1b: Ogerpon|[spread] p1a,p1b\n|-damage|p1a: Miraidon|95\/100\n|-damage|p1b: Ogerpon|60\/100\n|-unboost|p1a: Miraidon|spe|1\n|-unboost|p1b: Ogerpon|spe|1\n|move|p1b: Ogerpon|Wood Hammer|p2b: Flutter Mane\n|-damage|p2b: Flutter Mane|0 fnt\n|faint|p2b: Flutter Mane\n|-end|p2b: Flutter Mane|Protosynthesis|[silent]\n|-damage|p1b: Ogerpon|31\/100|[from] Recoil\n|move|p1a: Miraidon|Electro Drift|p2a: Rillaboom\n|-resisted|p2a: Rillaboom\n|-damage|p2a: Rillaboom|74\/100\n|\n|-heal|p2a: Rillaboom|80\/100|[from] Grassy Terrain\n|-heal|p1b: Ogerpon|37\/100|[from] Grassy Terrain\n|-heal|p1a: Miraidon|100\/100|[from] Grassy Terrain\n|upkeep\n|\n|t:|1738785981\n|switch|p2b: Terapagos|Terapagos-Stellar, L50, M, tera:Stellar|100\/100\n|turn|4\n|\n|t:|1738785999\n|switch|p2a: Incineroar|Incineroar, L50, M|100\/100\n|-ability|p2a: Incineroar|Intimidate|boost\n|-unboost|p1a: Miraidon|atk|1\n|-unboost|p1b: Ogerpon|atk|1\n|move|p1b: Ogerpon|Wood Hammer|p2b: Terapagos\n|-damage|p2b: Terapagos|64\/100\n|-damage|p1b: Ogerpon|17\/100|[from] Recoil\n|move|p2b: Terapagos|Calm Mind|p2b: Terapagos\n|-boost|p2b: Terapagos|spa|1\n|-boost|p2b: Terapagos|spd|1\n|move|p1a: Miraidon|Electro Drift|p2b: Terapagos\n|-damage|p2b: Terapagos|34\/100\n|\n|-heal|p1b: Ogerpon|22\/100|[from] Grassy Terrain\n|-heal|p2b: Terapagos|40\/100|[from] Grassy Terrain\n|-heal|p2b: Terapagos|46\/100|[from] item: Leftovers\n|upkeep\n|turn|5\n|\n|t:|1738786018\n|switch|p1a: Iron Hands|Iron Hands, L50|100\/100\n|move|p1b: Ogerpon|Spiky Shield|p1b: Ogerpon\n|-singleturn|p1b: Ogerpon|move: Protect\n|move|p2a: Incineroar|Fake Out|p1b: Ogerpon\n|-activate|p1b: Ogerpon|move: Protect\n|-damage|p2a: Incineroar|88\/100|[from] Spiky Shield|[of] p1b: Ogerpon\n|move|p2b: Terapagos|Tera Starstorm|p1b: Ogerpon|[spread] p1a\n|-activate|p1b: Ogerpon|move: Protect\n|-damage|p1a: Iron Hands|70\/100\n|\n|-heal|p1b: Ogerpon|28\/100|[from] Grassy Terrain\n|-heal|p2b: Terapagos|52\/100|[from] Grassy Terrain\n|-heal|p2b: Terapagos|59\/100|[from] item: Leftovers\n|-heal|p2a: Incineroar|94\/100|[from] Grassy Terrain\n|-heal|p1a: Iron Hands|76\/100|[from] Grassy Terrain\n|upkeep\n|turn|6\n|\n|t:|1738786028\n|switch|p1b: Miraidon|Miraidon, L50, tera:Fairy|100\/100\n|-fieldstart|move: Electric Terrain|[from] ability: Hadron Engine|[of] p1b: Miraidon\n|-activate|p1a: Iron Hands|ability: Quark Drive\n|-start|p1a: Iron Hands|quarkdriveatk\n|move|p2b: Terapagos|Protect|p2b: Terapagos\n|-singleturn|p2b: Terapagos|Protect\n|move|p1a: Iron Hands|Fake Out|p2b: Terapagos\n|-activate|p2b: Terapagos|move: Protect\n|move|p2a: Incineroar|Will-O-Wisp|p1a: Iron Hands\n|-status|p1a: Iron Hands|brn\n|\n|-heal|p2b: Terapagos|65\/100|[from] item: Leftovers\n|-damage|p1a: Iron Hands|70\/100 brn|[from] brn\n|upkeep\n|turn|7\n|\n|t:|1738786050\n|switch|p2a: Rillaboom|Rillaboom, L50, F|80\/100\n|-fieldstart|move: Grassy Terrain|[from] ability: Grassy Surge|[of] p2a: Rillaboom\n|-end|p1a: Iron Hands|Quark Drive\n|move|p1b: Miraidon|Volt Switch|p2a: Rillaboom\n|-resisted|p2a: Rillaboom\n|-damage|p2a: Rillaboom|62\/100\n|\n|t:|1738786057\n|switch|p1b: Ogerpon|Ogerpon-Hearthflame, L50, F|28\/100|[from] Volt Switch\n|-ability|p1b: Ogerpon|Mold Breaker\n|move|p2b: Terapagos|Tera Starstorm|p1a: Iron Hands|[spread] p1a,p1b\n|-damage|p1a: Iron Hands|42\/100 brn\n|-damage|p1b: Ogerpon|0 fnt\n|faint|p1b: Ogerpon\n|move|p1a: Iron Hands|Ice Punch|p2a: Rillaboom\n|-supereffective|p2a: Rillaboom\n|-damage|p2a: Rillaboom|35\/100\n|-status|p2a: Rillaboom|frz\n|\n|-heal|p2a: Rillaboom|41\/100 frz|[from] Grassy Terrain\n|-heal|p2b: Terapagos|71\/100|[from] Grassy Terrain\n|-heal|p2b: Terapagos|77\/100|[from] item: Leftovers\n|-heal|p1a: Iron Hands|48\/100 brn|[from] Grassy Terrain\n|-damage|p1a: Iron Hands|42\/100 brn|[from] brn\n|upkeep\n|\n|t:|1738786063\n|switch|p1b: Miraidon|Miraidon, L50, tera:Fairy|100\/100\n|-fieldstart|move: Electric Terrain|[from] ability: Hadron Engine|[of] p1b: Miraidon\n|-activate|p1a: Iron Hands|ability: Quark Drive\n|-start|p1a: Iron Hands|quarkdriveatk\n|turn|8\n|\n|t:|1738786087\n|switch|p2a: Incineroar|Incineroar, L50, M|94\/100\n|-ability|p2a: Incineroar|Intimidate|boost\n|-unboost|p1a: Iron Hands|atk|1\n|-unboost|p1b: Miraidon|atk|1\n|move|p2b: Terapagos|Protect|p2b: Terapagos\n|-singleturn|p2b: Terapagos|Protect\n|move|p1b: Miraidon|Electro Drift|p2b: Terapagos\n|-activate|p2b: Terapagos|move: Protect\n|move|p1a: Iron Hands|Low Kick|p2b: Terapagos\n|-activate|p2b: Terapagos|move: Protect\n|\n|-heal|p2b: Terapagos|84\/100|[from] item: Leftovers\n|-damage|p1a: Iron Hands|35\/100 brn|[from] brn\n|upkeep\n|turn|9\n|\n|t:|1738786099\n|move|p2a: Incineroar|Fake Out|p1a: Iron Hands\n|-damage|p1a: Iron Hands|28\/100 brn\n|move|p1b: Miraidon|Electro Drift|p2b: Terapagos\n|-damage|p2b: Terapagos|26\/100\n|move|p2b: Terapagos|Tera Starstorm|p1b: Miraidon|[spread] p1a,p1b\n|-crit|p1a: Iron Hands\n|-supereffective|p1b: Miraidon\n|-damage|p1a: Iron Hands|0 fnt\n|-damage|p1b: Miraidon|13\/100\n|faint|p1a: Iron Hands\n|-end|p1a: Iron Hands|Quark Drive|[silent]\n|\n|-heal|p2b: Terapagos|33\/100|[from] item: Leftovers\n|upkeep\n|turn|10\n|\n|t:|1738786108\n|move|p2b: Terapagos|Protect|p2b: Terapagos\n|-singleturn|p2b: Terapagos|Protect\n|move|p1b: Miraidon|Electro Drift|p2b: Terapagos\n|-activate|p2b: Terapagos|move: Protect\n|move|p2a: Incineroar|Parting Shot|p1b: Miraidon\n|-unboost|p1b: Miraidon|atk|1\n|-unboost|p1b: Miraidon|spa|1\n|\n|t:|1738786109\n|switch|p2a: Rillaboom|Rillaboom, L50, F|41\/100 frz|[from] Parting Shot\n|-fieldstart|move: Grassy Terrain|[from] ability: Grassy Surge|[of] p2a: Rillaboom\n|\n|-heal|p1b: Miraidon|19\/100|[from] Grassy Terrain\n|-heal|p2a: Rillaboom|47\/100 frz|[from] Grassy Terrain\n|-heal|p2b: Terapagos|39\/100|[from] Grassy Terrain\n|-heal|p2b: Terapagos|45\/100|[from] item: Leftovers\n|upkeep\n|turn|11\n|\n|t:|1738786114\n|cant|p2a: Rillaboom|frz\n|move|p1b: Miraidon|Electro Drift|p2b: Terapagos\n|-crit|p2b: Terapagos\n|-damage|p2b: Terapagos|0 fnt\n|faint|p2b: Terapagos\n|\n|-heal|p1b: Miraidon|25\/100|[from] Grassy Terrain\n|-heal|p2a: Rillaboom|53\/100 frz|[from] Grassy Terrain\n|upkeep\n|\n|t:|1738786117\n|switch|p2b: Incineroar|Incineroar, L50, M|94\/100\n|-ability|p2b: Incineroar|Intimidate|boost\n|-unboost|p1b: Miraidon|atk|1\n|turn|12\n|\n|t:|1738786123\n|cant|p2a: Rillaboom|frz\n|move|p1b: Miraidon|Electro Drift|p2b: Incineroar\n|-damage|p2b: Incineroar|46\/100\n|-damage|p1b: Miraidon|8\/100|[from] item: Rocky Helmet|[of] p2b: Incineroar\n|move|p2b: Incineroar|Will-O-Wisp|p1b: Miraidon\n|-status|p1b: Miraidon|brn\n|\n|-heal|p1b: Miraidon|14\/100 brn|[from] Grassy Terrain\n|-heal|p2a: Rillaboom|59\/100 frz|[from] Grassy Terrain\n|-heal|p2b: Incineroar|52\/100|[from] Grassy Terrain\n|-damage|p1b: Miraidon|8\/100 brn|[from] brn\n|upkeep\n|turn|13\n|-message|JudeVGC forfeited.\n|\n|win|BLiiNDProdiigy\n|raw|JudeVGC's rating: 1564 &rarr; <strong>1545<\/strong><br \/>(-19 for losing)\n|raw|BLiiNDProdiigy's rating: 1585 &rarr; <strong>1604<\/strong><br \/>(+19 for winning)\n|l|\u2606JudeVGC\n|player|p1|\n","uploadtime":1738786132,"views":63,"formatid":"gen9vgc2025regg","rating":1545,"private":0,"password":null}