{"id":"gen9vgc2025regg-2295911995","format":"[Gen 9] VGC 2025 Reg G","players":["aoiharada","xatseye"],"log":"|j|\u2606aoiharada\n|j|\u2606xatseye\n|t:|1738890950\n|gametype|doubles\n|player|p1|aoiharada|170|1631\n|player|p2|xatseye|1|1557\n|teamsize|p1|6\n|teamsize|p2|6\n|gen|9\n|tier|[Gen 9] VGC 2025 Reg G\n|rated|\n|rule|Species Clause: Limit one of each Pok\u00e9mon\n|rule|Item Clause: Limit 1 of each item\n|clearpoke\n|poke|p1|Weezing-Galar, L50, F|\n|poke|p1|Calyrex-Shadow, L50|\n|poke|p1|Dondozo, L50, M|\n|poke|p1|Tatsugiri, L50, F|\n|poke|p1|Incineroar, L50, F|\n|poke|p1|Roaring Moon, L50|\n|poke|p2|Miraidon, L50|\n|poke|p2|Incineroar, L50, F|\n|poke|p2|Farigiraf, L50, F|\n|poke|p2|Grimmsnarl, L50, M|\n|poke|p2|Tornadus, L50, M|\n|poke|p2|Oranguru, L50, F|\n|teampreview|4\n|inactive|Battle timer is ON: inactive players will automatically lose when time's up. (requested by xatseye)\n|\n|t:|1738890964\n|start\n|switch|p1a: Weezing|Weezing-Galar, L50, F|100\/100\n|switch|p1b: Roaring Moon|Roaring Moon, L50|100\/100\n|switch|p2a: Miraidon|Miraidon, L50|100\/100\n|switch|p2b: Oranguru|Oranguru, L50, F|100\/100\n|-ability|p1a: Weezing|Neutralizing Gas\n|turn|1\n|inactive|xatseye has 30 seconds left.\n|inactive|aoiharada has 30 seconds left.\n|inactive|xatseye has 20 seconds left.\n|\n|t:|1738891000\n|switch|p2b: Incineroar|Incineroar, L50, F|100\/100\n|move|p2a: Miraidon|Substitute|p2a: Miraidon\n|-start|p2a: Miraidon|Substitute\n|-damage|p2a: Miraidon|76\/100\n|move|p1b: Roaring Moon|Knock Off|p2b: Incineroar\n|-resisted|p2b: Incineroar\n|-crit|p2b: Incineroar\n|-damage|p2b: Incineroar|69\/100\n|-enditem|p2b: Incineroar|Assault Vest|[from] move: Knock Off|[of] p1b: Roaring Moon\n|move|p1a: Weezing|Poison Gas||[still]|[spread] p2a,p2b\n|-fail|p1a: Weezing\n|-status|p2b: Incineroar|psn\n|\n|-damage|p2b: Incineroar|56\/100 psn|[from] psn\n|upkeep\n|turn|2\n|inactive|aoiharada has 30 seconds left.\n|\n|t:|1738891035\n|-terastallize|p2a: Miraidon|Electric\n|move|p2b: Incineroar|Fake Out|p1b: Roaring Moon\n|-damage|p1b: Roaring Moon|87\/100\n|move|p2a: Miraidon|Calm Mind|p2a: Miraidon\n|-boost|p2a: Miraidon|spa|1\n|-boost|p2a: Miraidon|spd|1\n|cant|p1b: Roaring Moon|flinch\n|move|p1a: Weezing|Strange Steam|p2a: Miraidon\n|-activate|p2a: Miraidon|move: Substitute|[damage]\n|\n|-damage|p2b: Incineroar|44\/100 psn|[from] psn\n|upkeep\n|turn|3\n|inactive|xatseye has 30 seconds left.\n|inactive|xatseye has 20 seconds left.\n|inactive|xatseye has 15 seconds left.\n|inactive|xatseye has 10 seconds left.\n|\n|t:|1738891084\n|move|p1a: Weezing|Protect|p1a: Weezing\n|-singleturn|p1a: Weezing|Protect\n|move|p2a: Miraidon|Parabolic Charge|p1a: Weezing|[spread] p2b,p1b\n|-activate|p1a: Weezing|move: Protect\n|-resisted|p1b: Roaring Moon\n|-crit|p1b: Roaring Moon\n|-damage|p2b: Incineroar|3\/100 psn\n|-heal|p2a: Miraidon|96\/100|[from] drain|[of] p2b: Incineroar\n|-damage|p1b: Roaring Moon|63\/100\n|-heal|p2a: Miraidon|100\/100|[from] drain|[of] p1b: Roaring Moon\n|move|p1b: Roaring Moon|Earthquake|p2b: Incineroar|[spread] p2a,p2b\n|-activate|p1a: Weezing|move: Protect\n|-supereffective|p2a: Miraidon\n|-end|p2a: Miraidon|Substitute\n|-supereffective|p2b: Incineroar\n|-damage|p2b: Incineroar|0 fnt\n|faint|p2b: Incineroar\n|\n|upkeep\n|\n|t:|1738891104\n|switch|p2b: Grimmsnarl|Grimmsnarl, L50, M|100\/100\n|turn|4\n|\n|t:|1738891118\n|move|p2a: Miraidon|Substitute|p2a: Miraidon\n|-start|p2a: Miraidon|Substitute\n|-damage|p2a: Miraidon|76\/100\n|move|p1b: Roaring Moon|Snarl|p2b: Grimmsnarl|[spread] p2a,p2b\n|-resisted|p2b: Grimmsnarl\n|-damage|p2a: Miraidon|71\/100\n|-damage|p2b: Grimmsnarl|99\/100\n|-unboost|p2a: Miraidon|spa|1\n|-unboost|p2b: Grimmsnarl|spa|1\n|move|p1a: Weezing|Poison Gas||[still]|[spread] p2a,p2b\n|-fail|p1a: Weezing\n|-status|p2b: Grimmsnarl|psn\n|move|p2b: Grimmsnarl|Spirit Break|p1b: Roaring Moon\n|-supereffective|p1b: Roaring Moon\n|-damage|p1b: Roaring Moon|0 fnt\n|faint|p1b: Roaring Moon\n|-end|p1b: Roaring Moon|Protosynthesis|[silent]\n|\n|-damage|p2b: Grimmsnarl|87\/100 psn|[from] psn\n|upkeep\n|j| zacattack110\n|\n|t:|1738891135\n|switch|p1b: Dondozo|Dondozo, L50, M|100\/100\n|turn|5\n|\n|t:|1738891149\n|-terastallize|p1b: Dondozo|Grass\n|move|p2a: Miraidon|Calm Mind|p2a: Miraidon\n|-boost|p2a: Miraidon|spa|1\n|-boost|p2a: Miraidon|spd|1\n|move|p2b: Grimmsnarl|Reflect|p2b: Grimmsnarl\n|-sidestart|p2: xatseye|Reflect\n|move|p1a: Weezing|Strange Steam|p2b: Grimmsnarl\n|-supereffective|p2b: Grimmsnarl\n|-damage|p2b: Grimmsnarl|39\/100 psn\n|move|p1b: Dondozo|Substitute|p1b: Dondozo\n|-start|p1b: Dondozo|Substitute\n|-damage|p1b: Dondozo|76\/100\n|\n|-heal|p1b: Dondozo|82\/100|[from] item: Leftovers\n|-damage|p2b: Grimmsnarl|27\/100 psn|[from] psn\n|upkeep\n|turn|6\n|inactive|xatseye has 30 seconds left.\n|\n|t:|1738891177\n|move|p1a: Weezing|Protect|p1a: Weezing\n|-singleturn|p1a: Weezing|Protect\n|move|p1b: Dondozo|Protect|p1b: Dondozo\n|-singleturn|p1b: Dondozo|Protect\n|move|p2a: Miraidon|Parabolic Charge|p1a: Weezing|[spread] p2b\n|-activate|p1a: Weezing|move: Protect\n|-activate|p1b: Dondozo|move: Protect\n|-damage|p2b: Grimmsnarl|0 fnt\n|-heal|p2a: Miraidon|84\/100|[from] drain|[of] p2b: Grimmsnarl\n|faint|p2b: Grimmsnarl\n|\n|-heal|p1b: Dondozo|88\/100|[from] item: Leftovers\n|upkeep\n|\n|t:|1738891189\n|switch|p2b: Oranguru|Oranguru, L50, F|100\/100\n|turn|7\n|\n|t:|1738891203\n|move|p2a: Miraidon|Calm Mind|p2a: Miraidon\n|-boost|p2a: Miraidon|spa|1\n|-boost|p2a: Miraidon|spd|1\n|move|p1a: Weezing|Poison Gas||[still]|[spread] p2a,p2b\n|-fail|p1a: Weezing\n|-status|p2b: Oranguru|psn\n|move|p1b: Dondozo|Substitute|p1b: Dondozo\n|-fail|p1b: Dondozo|move: Substitute\n|move|p2b: Oranguru|Instruct|p2a: Miraidon\n|-singleturn|p2a: Miraidon|move: Instruct|[of] p2b: Oranguru\n|move|p2a: Miraidon|Calm Mind|p2a: Miraidon\n|-boost|p2a: Miraidon|spa|1\n|-boost|p2a: Miraidon|spd|1\n|\n|-heal|p1b: Dondozo|94\/100|[from] item: Leftovers\n|-damage|p2b: Oranguru|88\/100 psn|[from] psn\n|upkeep\n|turn|8\n|inactive|aoiharada has 30 seconds left.\n|inactive|xatseye has 30 seconds left.\n|\n|t:|1738891235\n|move|p1a: Weezing|Protect|p1a: Weezing\n|-singleturn|p1a: Weezing|Protect\n|move|p1b: Dondozo|Protect|p1b: Dondozo\n|-singleturn|p1b: Dondozo|Protect\n|move|p2a: Miraidon|Calm Mind|p2a: Miraidon\n|-boost|p2a: Miraidon|spa|1\n|-boost|p2a: Miraidon|spd|1\n|move|p2b: Oranguru|Instruct|p2a: Miraidon\n|-singleturn|p2a: Miraidon|move: Instruct|[of] p2b: Oranguru\n|move|p2a: Miraidon|Calm Mind|p2a: Miraidon\n|-boost|p2a: Miraidon|spa|1\n|-boost|p2a: Miraidon|spd|1\n|\n|-heal|p1b: Dondozo|100\/100|[from] item: Leftovers\n|-damage|p2b: Oranguru|76\/100 psn|[from] psn\n|upkeep\n|turn|9\n|\n|t:|1738891254\n|move|p2a: Miraidon|Dragon Pulse|p1b: Dondozo\n|-end|p1b: Dondozo|Substitute\n|move|p1a: Weezing|Strange Steam|p2b: Oranguru\n|-damage|p2b: Oranguru|56\/100 psn\n|move|p1b: Dondozo|Substitute|p1b: Dondozo\n|-start|p1b: Dondozo|Substitute\n|-damage|p1b: Dondozo|76\/100\n|move|p2b: Oranguru|Foul Play|p1b: Dondozo\n|-activate|p1b: Dondozo|move: Substitute|[damage]\n|\n|-heal|p1b: Dondozo|82\/100|[from] item: Leftovers\n|-damage|p2b: Oranguru|44\/100 psn|[from] psn\n|upkeep\n|turn|10\n|inactive|xatseye has 30 seconds left.\n|inactive|xatseye has 20 seconds left.\n|inactive|xatseye has 15 seconds left.\n|\n|t:|1738891295\n|move|p1a: Weezing|Protect|p1a: Weezing\n|-singleturn|p1a: Weezing|Protect\n|move|p2a: Miraidon|Calm Mind|p2a: Miraidon\n|-boost|p2a: Miraidon|spa|1\n|-boost|p2a: Miraidon|spd|0\n|move|p1b: Dondozo|Earthquake|p2a: Miraidon|[spread] p2a,p2b\n|-activate|p1a: Weezing|move: Protect\n|-supereffective|p2a: Miraidon\n|-end|p2a: Miraidon|Substitute\n|-damage|p2b: Oranguru|30\/100 psn\n|move|p2b: Oranguru|Instruct|p2a: Miraidon\n|-singleturn|p2a: Miraidon|move: Instruct|[of] p2b: Oranguru\n|move|p2a: Miraidon|Calm Mind|p2a: Miraidon\n|-boost|p2a: Miraidon|spa|0\n|-boost|p2a: Miraidon|spd|0\n|\n|-heal|p1b: Dondozo|88\/100|[from] item: Leftovers\n|-damage|p2b: Oranguru|18\/100 psn|[from] psn\n|upkeep\n|turn|11\n|inactive|aoiharada has 30 seconds left.\n|\n|t:|1738891327\n|move|p1b: Dondozo|Protect|p1b: Dondozo\n|-singleturn|p1b: Dondozo|Protect\n|move|p2a: Miraidon|Parabolic Charge|p1b: Dondozo|[spread] p2b,p1a\n|-activate|p1b: Dondozo|move: Protect\n|-crit|p2b: Oranguru\n|-damage|p2b: Oranguru|0 fnt\n|-heal|p2a: Miraidon|93\/100|[from] drain|[of] p2b: Oranguru\n|-damage|p1a: Weezing|0 fnt\n|-heal|p2a: Miraidon|100\/100|[from] drain|[of] p1a: Weezing\n|faint|p2b: Oranguru\n|faint|p1a: Weezing\n|-end|p1a: Weezing|ability: Neutralizing Gas\n|-fieldstart|move: Electric Terrain|[from] ability: Hadron Engine|[of] p2a: Miraidon\n|-enditem|p2a: Miraidon|Electric Seed\n|-boost|p2a: Miraidon|def|1|[from] item: Electric Seed\n|\n|-heal|p1b: Dondozo|94\/100|[from] item: Leftovers\n|upkeep\n|\n|t:|1738891336\n|switch|p1a: Tatsugiri|Tatsugiri, L50, F|100\/100\n|-activate|p1a: Tatsugiri|ability: Commander|[of] p1b: Dondozo\n|-boost|p1b: Dondozo|atk|2\n|-boost|p1b: Dondozo|spa|2\n|-boost|p1b: Dondozo|spe|2\n|-boost|p1b: Dondozo|def|2\n|-boost|p1b: Dondozo|spd|2\n|turn|12\n|\n|t:|1738891353\n|move|p2a: Miraidon|Parabolic Charge|p1a: Tatsugiri|[spread] p1b\n|-miss|p2a: Miraidon|p1a: Tatsugiri\n|-resisted|p1b: Dondozo\n|-end|p1b: Dondozo|Substitute\n|move|p1b: Dondozo|Earthquake|p2a: Miraidon|[spread] p2a\n|-miss|p1b: Dondozo|p1a: Tatsugiri\n|-supereffective|p2a: Miraidon\n|-damage|p2a: Miraidon|49\/100\n|\n|-heal|p1b: Dondozo|100\/100|[from] item: Leftovers\n|-sideend|p2: xatseye|Reflect\n|upkeep\n|turn|13\n|\n|t:|1738891364\n|move|p2a: Miraidon|Parabolic Charge|p1b: Dondozo|[spread] p1b\n|-miss|p2a: Miraidon|p1a: Tatsugiri\n|-resisted|p1b: Dondozo\n|-damage|p1b: Dondozo|87\/100\n|-heal|p2a: Miraidon|57\/100|[from] drain|[of] p1b: Dondozo\n|move|p1b: Dondozo|Earthquake|p2a: Miraidon|[spread] p2a\n|-miss|p1b: Dondozo|p1a: Tatsugiri\n|-supereffective|p2a: Miraidon\n|-damage|p2a: Miraidon|0 fnt\n|faint|p2a: Miraidon\n|\n|win|aoiharada\n|raw|aoiharada's rating: 1631 &rarr; <strong>1647<\/strong><br \/>(+16 for winning)\n|raw|xatseye's rating: 1557 &rarr; <strong>1541<\/strong><br \/>(-16 for losing)\n|l|\u2606xatseye\n|player|p2|\n|l|\u2606aoiharada\n|player|p1|\n|l| zacattack110\n","uploadtime":1738891562,"views":6,"formatid":"gen9vgc2025regg","rating":1541,"private":0,"password":null}