{"id":"gen9vgc2025regg-2295568186","format":"[Gen 9] VGC 2025 Reg G","players":["Dv147","koji muranishi"],"log":"|j|\u2606Dv147\n|j|\u2606koji muranishi\n|t:|1738854014\n|gametype|doubles\n|player|p1|Dv147|1|1571\n|player|p2|koji muranishi|102|1664\n|teamsize|p1|6\n|teamsize|p2|6\n|gen|9\n|tier|[Gen 9] VGC 2025 Reg G\n|rated|\n|rule|Species Clause: Limit one of each Pok\u00e9mon\n|rule|Item Clause: Limit 1 of each item\n|clearpoke\n|poke|p1|Ting-Lu, L50|\n|poke|p1|Dondozo, L50, F|\n|poke|p1|Calyrex-Shadow, L50|\n|poke|p1|Whimsicott, L50, M|\n|poke|p1|Urshifu-*, L50, F|\n|poke|p1|Ogerpon-Hearthflame, L50, F|\n|poke|p2|Whimsicott, L50, F|\n|poke|p2|Calyrex-Ice, L50|\n|poke|p2|Urshifu-*, L50, M|\n|poke|p2|Entei, L50|\n|poke|p2|Raging Bolt, L50|\n|poke|p2|Landorus, L50, M|\n|teampreview|4\n|inactive|Battle timer is ON: inactive players will automatically lose when time's up. (requested by koji muranishi)\n|\n|t:|1738854032\n|start\n|switch|p1a: Ting-Lu|Ting-Lu, L50|100\/100\n|switch|p1b: Dondozo|Dondozo, L50, F|100\/100\n|switch|p2a: Entei|Entei, L50|100\/100\n|switch|p2b: Landorus|Landorus, L50, M|100\/100\n|-ability|p1a: Ting-Lu|Vessel of Ruin\n|turn|1\n|\n|t:|1738854056\n|move|p2b: Landorus|Taunt|p1a: Ting-Lu\n|-start|p1a: Ting-Lu|move: Taunt\n|move|p2a: Entei|Sacred Fire|p1b: Dondozo\n|-resisted|p1b: Dondozo\n|-damage|p1b: Dondozo|86\/100\n|-status|p1b: Dondozo|brn\n|cant|p1a: Ting-Lu|move: Taunt|Stealth Rock\n|move|p1b: Dondozo|Yawn|p2b: Landorus\n|-start|p2b: Landorus|move: Yawn|[of] p1b: Dondozo\n|\n|-heal|p1b: Dondozo|92\/100 brn|[from] item: Leftovers\n|-damage|p1b: Dondozo|86\/100 brn|[from] brn\n|upkeep\n|turn|2\n|inactive|koji muranishi has 30 seconds left.\n|inactive|koji muranishi has 20 seconds left.\n|\n|t:|1738854091\n|switch|p2b: Calyrex|Calyrex-Ice, L50|100\/100\n|-ability|p2b: Calyrex|As One\n|-ability|p2b: Calyrex|Unnerve\n|move|p2a: Entei|Sacred Fire|p1a: Ting-Lu\n|-damage|p1a: Ting-Lu|76\/100\n|-status|p1a: Ting-Lu|brn\n|move|p1a: Ting-Lu|Ruination|p2b: Calyrex\n|-damage|p2b: Calyrex|50\/100\n|move|p1b: Dondozo|Yawn|p2a: Entei\n|-start|p2a: Entei|move: Yawn|[of] p1b: Dondozo\n|\n|-heal|p1b: Dondozo|92\/100 brn|[from] item: Leftovers\n|-damage|p1a: Ting-Lu|70\/100 brn|[from] brn\n|-damage|p1b: Dondozo|86\/100 brn|[from] brn\n|upkeep\n|turn|3\n|inactive|Dv147 has 30 seconds left.\n|inactive|Dv147 has 20 seconds left.\n|\n|t:|1738854126\n|switch|p2a: Whimsicott|Whimsicott, L50, F|100\/100\n|-terastallize|p2b: Calyrex|Ice\n|-terastallize|p1a: Ting-Lu|Poison\n|move|p2b: Calyrex|Glacial Lance|p1b: Dondozo|[spread] p1a,p1b\n|-resisted|p1b: Dondozo\n|-damage|p1a: Ting-Lu|19\/100 brn\n|-damage|p1b: Dondozo|53\/100 brn\n|move|p1a: Ting-Lu|Ruination|p2a: Whimsicott\n|-damage|p2a: Whimsicott|50\/100\n|move|p1b: Dondozo|Yawn|p2b: Calyrex\n|-start|p2b: Calyrex|move: Yawn|[of] p1b: Dondozo\n|\n|-heal|p1b: Dondozo|59\/100 brn|[from] item: Leftovers\n|-damage|p1a: Ting-Lu|12\/100 brn|[from] brn\n|-damage|p1b: Dondozo|53\/100 brn|[from] brn\n|-end|p1a: Ting-Lu|move: Taunt\n|upkeep\n|turn|4\n|inactive|koji muranishi has 30 seconds left.\n|inactive|koji muranishi has 20 seconds left.\n|inactive|koji muranishi has 15 seconds left.\n|\n|t:|1738854166\n|switch|p2b: Landorus|Landorus, L50, M|100\/100\n|move|p2a: Whimsicott|Moonblast|p1a: Ting-Lu\n|-resisted|p1a: Ting-Lu\n|-damage|p1a: Ting-Lu|2\/100 brn\n|move|p1a: Ting-Lu|Stealth Rock|p2a: Whimsicott\n|-sidestart|p2: koji muranishi|move: Stealth Rock\n|move|p1b: Dondozo|Yawn|p2a: Whimsicott\n|-start|p2a: Whimsicott|move: Yawn|[of] p1b: Dondozo\n|\n|-heal|p1b: Dondozo|59\/100 brn|[from] item: Leftovers\n|-damage|p1a: Ting-Lu|0 fnt|[from] brn\n|faint|p1a: Ting-Lu\n|-damage|p1b: Dondozo|53\/100 brn|[from] brn\n|upkeep\n|\n|t:|1738854185\n|switch|p1a: Calyrex|Calyrex-Shadow, L50|100\/100\n|-ability|p1a: Calyrex|As One\n|-ability|p1a: Calyrex|Unnerve\n|turn|5\n|\n|t:|1738854197\n|move|p1a: Calyrex|Protect|p1a: Calyrex\n|-singleturn|p1a: Calyrex|Protect\n|move|p2a: Whimsicott|Tailwind|p2a: Whimsicott\n|-sidestart|p2: koji muranishi|move: Tailwind\n|move|p2b: Landorus|Sandsear Storm|p1a: Calyrex|[spread] p1b\n|-activate|p1a: Calyrex|move: Protect\n|-damage|p1b: Dondozo|8\/100 brn\n|move|p1b: Dondozo|Yawn|p2b: Landorus\n|-start|p2b: Landorus|move: Yawn|[of] p1b: Dondozo\n|\n|-heal|p1b: Dondozo|14\/100 brn|[from] item: Leftovers\n|-damage|p1b: Dondozo|8\/100 brn|[from] brn\n|-end|p2a: Whimsicott|move: Yawn|[silent]\n|-status|p2a: Whimsicott|slp\n|upkeep\n|turn|6\n|\n|t:|1738854218\n|switch|p2b: Entei|Entei, L50|100\/100\n|-damage|p2b: Entei|76\/100|[from] Stealth Rock\n|cant|p2a: Whimsicott|slp\n|move|p1a: Calyrex|Astral Barrage|p2b: Entei|[spread] p2a,p2b\n|-damage|p2a: Whimsicott|0 fnt\n|-damage|p2b: Entei|21\/100\n|faint|p2a: Whimsicott\n|-ability|p1a: Calyrex|Grim Neigh|boost\n|-boost|p1a: Calyrex|spa|1\n|-damage|p1a: Calyrex|91\/100|[from] item: Life Orb\n|move|p1b: Dondozo|Yawn|p2b: Entei\n|-start|p2b: Entei|move: Yawn|[of] p1b: Dondozo\n|\n|-heal|p1b: Dondozo|14\/100 brn|[from] item: Leftovers\n|-damage|p1b: Dondozo|8\/100 brn|[from] brn\n|upkeep\n|inactive|koji muranishi has 30 seconds left.\n|\n|t:|1738854244\n|switch|p2a: Calyrex|Calyrex-Ice, L50, tera:Ice|50\/100\n|-ability|p2a: Calyrex|As One\n|-ability|p2a: Calyrex|Unnerve\n|-damage|p2a: Calyrex|25\/100|[from] Stealth Rock\n|turn|7\n|\n|t:|1738854253\n|switch|p2b: Landorus|Landorus, L50, M|100\/100\n|-damage|p2b: Landorus|88\/100|[from] Stealth Rock\n|move|p1a: Calyrex|Protect|p1a: Calyrex\n|-singleturn|p1a: Calyrex|Protect\n|move|p2a: Calyrex|Glacial Lance|p1b: Dondozo|[spread] p1b\n|-activate|p1a: Calyrex|move: Protect\n|-resisted|p1b: Dondozo\n|-damage|p1b: Dondozo|0 fnt\n|faint|p1b: Dondozo\n|-ability|p2a: Calyrex|Chilling Neigh|boost\n|-boost|p2a: Calyrex|atk|1\n|\n|upkeep\n|\n|t:|1738854268\n|switch|p1b: Whimsicott|Whimsicott, L50, M|100\/100\n|turn|8\n|\n|t:|1738854277\n|move|p1b: Whimsicott|Tailwind|p1b: Whimsicott\n|-sidestart|p1: Dv147|move: Tailwind\n|move|p1a: Calyrex|Astral Barrage|p2b: Landorus|[spread] p2a,p2b\n|-damage|p2a: Calyrex|0 fnt\n|-damage|p2b: Landorus|0 fnt\n|faint|p2a: Calyrex\n|faint|p2b: Landorus\n|-ability|p1a: Calyrex|Grim Neigh|boost\n|-boost|p1a: Calyrex|spa|2\n|-damage|p1a: Calyrex|81\/100|[from] item: Life Orb\n|\n|-sideend|p2: koji muranishi|move: Tailwind\n|upkeep\n|-message|koji muranishi forfeited.\n|\n|win|Dv147\n|raw|Dv147's rating: 1571 &rarr; <strong>1596<\/strong><br \/>(+25 for winning)\n|raw|koji muranishi's rating: 1664 &rarr; <strong>1639<\/strong><br \/>(-25 for losing)\n|l|\u2606koji muranishi\n|player|p2|\n|j|\u2606koji muranishi\n|player|p2|koji muranishi|102|\n|l|\u2606koji muranishi\n|player|p2|\n|l|\u2606Dv147\n|player|p1|\n","uploadtime":1738854452,"views":10,"formatid":"gen9vgc2025regg","rating":1596,"private":0,"password":null}