{"id":"gen9vgc2025regg-2295001270","format":"[Gen 9] VGC 2025 Reg G","players":["hamahama55","jhyjhyt"],"log":"|j|\u2606hamahama55\n|j|\u2606jhyjhyt\n|t:|1738776907\n|gametype|doubles\n|player|p1|hamahama55|lucas|1640\n|player|p2|jhyjhyt|1|1551\n|teamsize|p1|6\n|teamsize|p2|6\n|gen|9\n|tier|[Gen 9] VGC 2025 Reg G\n|rated|\n|rule|Species Clause: Limit one of each Pok\u00e9mon\n|rule|Item Clause: Limit 1 of each item\n|clearpoke\n|poke|p1|Miraidon, L50|\n|poke|p1|Iron Hands, L50|\n|poke|p1|Grimmsnarl, L50, M|\n|poke|p1|Volcarona, L50, F|\n|poke|p1|Cresselia, L50, F|\n|poke|p1|Iron Treads, L50|\n|poke|p2|Calyrex-Shadow, L50|\n|poke|p2|Rillaboom, L50, F|\n|poke|p2|Dondozo, L50, F|\n|poke|p2|Tatsugiri, L50, M|\n|poke|p2|Pelipper, L50, F|\n|poke|p2|Tornadus, L50, M|\n|teampreview|4\n|inactive|Battle timer is ON: inactive players will automatically lose when time's up. (requested by hamahama55)\n|inactive|hamahama55 has 60 seconds left.\n|inactive|jhyjhyt has 60 seconds left.\n|\n|t:|1738776949\n|start\n|switch|p1a: Grimmsnarl|Grimmsnarl, L50, M|100\/100\n|switch|p1b: Volcarona|Volcarona, L50, F|100\/100\n|switch|p2a: Dondozo|Dondozo, L50, F|100\/100\n|switch|p2b: Rillaboom|Rillaboom, L50, F|100\/100\n|-fieldstart|move: Grassy Terrain|[from] ability: Grassy Surge|[of] p2b: Rillaboom\n|turn|1\n|inactive|jhyjhyt has 30 seconds left.\n|\n|t:|1738776983\n|switch|p2b: Tatsugiri|Tatsugiri, L50, M|100\/100\n|-activate|p2b: Tatsugiri|ability: Commander|[of] p2a: Dondozo\n|-boost|p2a: Dondozo|atk|2\n|-boost|p2a: Dondozo|spa|2\n|-boost|p2a: Dondozo|spe|2\n|-boost|p2a: Dondozo|def|2\n|-boost|p2a: Dondozo|spd|2\n|-terastallize|p1b: Volcarona|Grass\n|-terastallize|p2a: Dondozo|Water\n|move|p1a: Grimmsnarl|Reflect|p1a: Grimmsnarl\n|-sidestart|p1: hamahama55|Reflect\n|move|p1b: Volcarona|Quiver Dance|p1b: Volcarona\n|-boost|p1b: Volcarona|spa|1\n|-boost|p1b: Volcarona|spd|1\n|-boost|p1b: Volcarona|spe|1\n|move|p2a: Dondozo|Surf|p1b: Volcarona|[spread] p1a,p1b\n|-miss|p2a: Dondozo|p2b: Tatsugiri\n|-resisted|p1b: Volcarona\n|-damage|p1a: Grimmsnarl|51\/100\n|-damage|p1b: Volcarona|70\/100\n|\n|-heal|p1b: Volcarona|77\/100|[from] Grassy Terrain\n|-heal|p1b: Volcarona|83\/100|[from] item: Leftovers\n|-heal|p1a: Grimmsnarl|57\/100|[from] Grassy Terrain\n|upkeep\n|turn|2\n|\n|t:|1738777008\n|move|p1a: Grimmsnarl|Light Screen|p1a: Grimmsnarl\n|-sidestart|p1: hamahama55|move: Light Screen\n|move|p1b: Volcarona|Giga Drain|p2a: Dondozo\n|-supereffective|p2a: Dondozo\n|-damage|p2a: Dondozo|58\/100\n|-heal|p1b: Volcarona|100\/100|[from] drain|[of] p2a: Dondozo\n|move|p2a: Dondozo|Surf|p1a: Grimmsnarl|[spread] p1a,p1b\n|-miss|p2a: Dondozo|p2b: Tatsugiri\n|-resisted|p1b: Volcarona\n|-damage|p1a: Grimmsnarl|24\/100\n|-damage|p1b: Volcarona|82\/100\n|\n|-heal|p1b: Volcarona|88\/100|[from] Grassy Terrain\n|-heal|p1b: Volcarona|94\/100|[from] item: Leftovers\n|-heal|p2a: Dondozo|64\/100|[from] Grassy Terrain\n|-heal|p2a: Dondozo|70\/100|[from] item: Leftovers\n|-heal|p1a: Grimmsnarl|30\/100|[from] Grassy Terrain\n|upkeep\n|turn|3\n|\n|t:|1738777028\n|move|p2a: Dondozo|Protect|p2a: Dondozo\n|-singleturn|p2a: Dondozo|Protect\n|move|p1a: Grimmsnarl|Thunder Wave|p2a: Dondozo\n|-activate|p2a: Dondozo|move: Protect\n|move|p1b: Volcarona|Quiver Dance|p1b: Volcarona\n|-boost|p1b: Volcarona|spa|1\n|-boost|p1b: Volcarona|spd|1\n|-boost|p1b: Volcarona|spe|1\n|\n|-heal|p1b: Volcarona|100\/100|[from] Grassy Terrain\n|-heal|p2a: Dondozo|76\/100|[from] Grassy Terrain\n|-heal|p2a: Dondozo|82\/100|[from] item: Leftovers\n|-heal|p1a: Grimmsnarl|36\/100|[from] Grassy Terrain\n|upkeep\n|turn|4\n|inactive|hamahama55 has 30 seconds left.\n|\n|t:|1738777061\n|switch|p1a: Cresselia|Cresselia, L50, F|100\/100\n|move|p1b: Volcarona|Giga Drain|p2a: Dondozo\n|-supereffective|p2a: Dondozo\n|-damage|p2a: Dondozo|43\/100\n|move|p2a: Dondozo|Hydro Pump|p1b: Volcarona\n|-resisted|p1b: Volcarona\n|-damage|p1b: Volcarona|68\/100\n|\n|-heal|p1b: Volcarona|74\/100|[from] Grassy Terrain\n|-heal|p1b: Volcarona|81\/100|[from] item: Leftovers\n|-heal|p2a: Dondozo|49\/100|[from] Grassy Terrain\n|-heal|p2a: Dondozo|55\/100|[from] item: Leftovers\n|upkeep\n|turn|5\n|\n|t:|1738777075\n|move|p1b: Volcarona|Quiver Dance|p1b: Volcarona\n|-boost|p1b: Volcarona|spa|1\n|-boost|p1b: Volcarona|spd|1\n|-boost|p1b: Volcarona|spe|1\n|move|p2a: Dondozo|Hydro Pump|p1a: Cresselia\n|-damage|p1a: Cresselia|52\/100\n|move|p1a: Cresselia|Lunar Blessing|p1a: Cresselia|[spread] p1a,p1b\n|-heal|p1a: Cresselia|78\/100\n|-heal|p1b: Volcarona|100\/100\n|\n|-heal|p2a: Dondozo|62\/100|[from] Grassy Terrain\n|-heal|p2a: Dondozo|68\/100|[from] item: Leftovers\n|-fieldend|move: Grassy Terrain\n|upkeep\n|turn|6\n|-message|jhyjhyt forfeited.\n|\n|win|hamahama55\n|raw|hamahama55's rating: 1640 &rarr; <strong>1655<\/strong><br \/>(+15 for winning)\n|raw|jhyjhyt's rating: 1551 &rarr; <strong>1536<\/strong><br \/>(-15 for losing)\n|l|\u2606jhyjhyt\n|player|p2|\n|l|\u2606hamahama55\n|player|p1|\n","uploadtime":1738777323,"views":9,"formatid":"gen9vgc2025regg","rating":1536,"private":0,"password":null}