{"id":"gen9vgc2025regg-2295404296","format":"[Gen 9] VGC 2025 Reg G","players":["INCINEGOD","llefface"],"log":"|j|\u2606INCINEGOD\n|j|\u2606llefface\n|t:|1738828712\n|gametype|doubles\n|player|p1|INCINEGOD|crasherwake|1597\n|player|p2|llefface|lana-masters|1644\n|teamsize|p1|6\n|teamsize|p2|6\n|gen|9\n|tier|[Gen 9] VGC 2025 Reg G\n|rated|\n|rule|Species Clause: Limit one of each Pok\u00e9mon\n|rule|Item Clause: Limit 1 of each item\n|clearpoke\n|poke|p1|Terapagos, L50, M|\n|poke|p1|Ogerpon-Hearthflame, L50, F|\n|poke|p1|Tornadus, L50, M|\n|poke|p1|Smeargle, L50, F|\n|poke|p1|Dondozo, L50, F|\n|poke|p1|Tatsugiri-Droopy, L50, F|\n|poke|p2|Terapagos, L50, M|\n|poke|p2|Flutter Mane, L50|\n|poke|p2|Ogerpon-Hearthflame, L50, F|\n|poke|p2|Iron Hands, L50|\n|poke|p2|Farigiraf, L50, F|\n|poke|p2|Urshifu-*, L50, F|\n|teampreview|4\nINCINEGOD rejected open team sheets.\n|c|\u2606llefface|glhf!\n|c|\u2606INCINEGOD|U2\n|\n|t:|1738828726\n|start\n|switch|p1a: Terapagos|Terapagos, L50, M|100\/100\n|switch|p1b: Smeargle|Smeargle, L50, F|100\/100\n|switch|p2a: Flutter Mane|Flutter Mane, L50|100\/100\n|switch|p2b: Farigiraf|Farigiraf, L50, F|100\/100\n|-activate|p1a: Terapagos|ability: Tera Shift\n|detailschange|p1a: Terapagos|Terapagos-Terastal, L50, M\n|-heal|p1a: Terapagos|100\/100|[silent]\n|-enditem|p2a: Flutter Mane|Booster Energy\n|-activate|p2a: Flutter Mane|ability: Protosynthesis|[fromitem]\n|-start|p2a: Flutter Mane|protosynthesisspe\n|turn|1\n|\n|t:|1738828735\n|-terastallize|p1a: Terapagos|Stellar\n|detailschange|p1a: Terapagos|Terapagos-Stellar, L50, M, tera:Stellar\n|-heal|p1a: Terapagos|100\/100|[silent]\n|move|p2a: Flutter Mane|Icy Wind|p1b: Smeargle|[spread] p1a,p1b\n|-damage|p1a: Terapagos|91\/100\n|-damage|p1b: Smeargle|71\/100\n|-unboost|p1a: Terapagos|spe|1\n|-unboost|p1b: Smeargle|spe|1\n|move|p2b: Farigiraf|Hyper Voice|p1a: Terapagos|[spread] p1a,p1b\n|-damage|p1a: Terapagos|71\/100\n|-damage|p1b: Smeargle|0 fnt\n|faint|p1b: Smeargle\n|-enditem|p2b: Farigiraf|Throat Spray\n|-boost|p2b: Farigiraf|spa|1|[from] item: Throat Spray\n|move|p1a: Terapagos|Tera Starstorm|p2a: Flutter Mane|[spread] p2a,p2b\n|-damage|p2a: Flutter Mane|50\/100\n|-damage|p2b: Farigiraf|33\/100\n|\n|upkeep\n|\n|t:|1738828752\n|switch|p1b: Ogerpon|Ogerpon-Hearthflame, L50, F|100\/100\n|-ability|p1b: Ogerpon|Mold Breaker\n|turn|2\n|\n|t:|1738828768\n|move|p2b: Farigiraf|Protect|p2b: Farigiraf\n|-singleturn|p2b: Farigiraf|Protect\n|move|p2a: Flutter Mane|Icy Wind|p1a: Terapagos|[spread] p1a,p1b\n|-damage|p1a: Terapagos|62\/100\n|-damage|p1b: Ogerpon|87\/100\n|-unboost|p1a: Terapagos|spe|1\n|-unboost|p1b: Ogerpon|spe|1\n|move|p1b: Ogerpon|Ivy Cudgel|p2a: Flutter Mane|[anim] Ivy Cudgel Fire\n|-damage|p2a: Flutter Mane|0 fnt\n|faint|p2a: Flutter Mane\n|-end|p2a: Flutter Mane|Protosynthesis|[silent]\n|move|p1a: Terapagos|Tera Starstorm|p2b: Farigiraf\n|-activate|p2b: Farigiraf|move: Protect\n|\n|upkeep\n|\n|t:|1738828776\n|switch|p2a: Terapagos|Terapagos, L50, M|100\/100\n|-activate|p2a: Terapagos|ability: Tera Shift\n|detailschange|p2a: Terapagos|Terapagos-Terastal, L50, M\n|-heal|p2a: Terapagos|100\/100|[silent]\n|turn|3\n|\n|t:|1738828810\n|move|p2a: Terapagos|Tera Starstorm|p1b: Ogerpon\n|-damage|p1b: Ogerpon|0 fnt\n|faint|p1b: Ogerpon\n|move|p2b: Farigiraf|Psychic|p1a: Terapagos\n|-damage|p1a: Terapagos|23\/100\n|move|p1a: Terapagos|Tera Starstorm|p2a: Terapagos|[spread] p2a,p2b\n|-activate|p2a: Terapagos|ability: Tera Shell\n|-resisted|p2a: Terapagos\n|-damage|p2a: Terapagos|71\/100\n|-damage|p2b: Farigiraf|0 fnt\n|faint|p2b: Farigiraf\n|\n|upkeep\n|\n|t:|1738828851\n|switch|p1b: Tornadus|Tornadus, L50, M|100\/100\n|switch|p2b: Ogerpon|Ogerpon-Hearthflame, L50, F|100\/100\n|-ability|p2b: Ogerpon|Mold Breaker\n|turn|4\n|\n|t:|1738828883\n|move|p1b: Tornadus|Tailwind|p1b: Tornadus\n|-sidestart|p1: INCINEGOD|move: Tailwind\n|move|p2b: Ogerpon|Ivy Cudgel|p1a: Terapagos|[anim] Ivy Cudgel Fire\n|-damage|p1a: Terapagos|0 fnt\n|faint|p1a: Terapagos\n|move|p2a: Terapagos|Tera Starstorm|p1b: Tornadus\n|-damage|p1b: Tornadus|7\/100\n|\n|upkeep\n|turn|5\n|j| sof.eir\n|\n|t:|1738828918\n|-terastallize|p2a: Terapagos|Stellar\n|detailschange|p2a: Terapagos|Terapagos-Stellar, L50, M, tera:Stellar\n|-heal|p2a: Terapagos|79\/100|[silent]\n|move|p1b: Tornadus|Bleakwind Storm|p2a: Terapagos|[spread] \n|-miss|p1b: Tornadus|p2a: Terapagos\n|-miss|p1b: Tornadus|p2b: Ogerpon\n|move|p2b: Ogerpon|Ivy Cudgel|p1b: Tornadus|[anim] Ivy Cudgel Fire\n|-damage|p1b: Tornadus|0 fnt\n|faint|p1b: Tornadus\n|\n|win|llefface\n|raw|INCINEGOD's rating: 1608 &rarr; <strong>1590<\/strong><br \/>(-18 for losing)\n|raw|llefface's rating: 1644 &rarr; <strong>1662<\/strong><br \/>(+18 for winning)\n|c|\u2606llefface|gg\n|c|\u2606INCINEGOD|Gg\n|l|\u2606INCINEGOD\n|player|p1|\n|l| sof.eir\n|l|\u2606llefface\n|player|p2|\n","uploadtime":1738829109,"views":6,"formatid":"gen9vgc2025regg","rating":1590,"private":0,"password":null}