{"id":"gen9vgc2025regg-2295817211","format":"[Gen 9] VGC 2025 Reg G","players":["Forbranna","xatseye"],"log":"|j|\u2606Forbranna\n|j|\u2606xatseye\n|t:|1738879182\n|gametype|doubles\n|player|p1|Forbranna|clair|1589\n|player|p2|xatseye|1|1618\n|teamsize|p1|6\n|teamsize|p2|6\n|gen|9\n|tier|[Gen 9] VGC 2025 Reg G\n|rated|\n|rule|Species Clause: Limit one of each Pok\u00e9mon\n|rule|Item Clause: Limit 1 of each item\n|clearpoke\n|poke|p1|Grimmsnarl, L50, M|\n|poke|p1|Chi-Yu, L50|\n|poke|p1|Koraidon, L50|\n|poke|p1|Flutter Mane, L50|\n|poke|p1|Raging Bolt, L50|\n|poke|p1|Ogerpon-Cornerstone, L50, F|\n|poke|p2|Flutter Mane, L50|\n|poke|p2|Maushold-Four, L50|\n|poke|p2|Incineroar, L50, M|\n|poke|p2|Calyrex-Ice, L50|\n|poke|p2|Cresselia, L50, F|\n|poke|p2|Urshifu-*, L50, F|\n|teampreview|4\n|inactive|Battle timer is ON: inactive players will automatically lose when time's up. (requested by xatseye)\n|inactive|Forbranna also wants the timer to be on.\n|j| Jfabricio23\n|j| Therazer456\n|inactive|Forbranna has 60 seconds left.\n|inactive|xatseye has 60 seconds left.\n|\n|t:|1738879239\n|start\n|switch|p1a: Zheng He|Chi-Yu, L50|100\/100\n|switch|p1b: Voltaire|Raging Bolt, L50|100\/100\n|switch|p2a: Calyrex|Calyrex-Ice, L50|100\/100\n|switch|p2b: Incineroar|Incineroar, L50, M|100\/100\n|-ability|p2a: Calyrex|As One\n|-ability|p2a: Calyrex|Unnerve\n|-ability|p1a: Zheng He|Beads of Ruin\n|-ability|p2b: Incineroar|Intimidate|boost\n|-unboost|p1a: Zheng He|atk|1\n|-unboost|p1b: Voltaire|atk|1\n|turn|1\n|\n|t:|1738879257\n|move|p2b: Incineroar|Fake Out|p1a: Zheng He\n|-damage|p1a: Zheng He|84\/100\n|move|p1a: Zheng He|Taunt|p2a: Calyrex\n|-start|p2a: Calyrex|move: Taunt\n|move|p1b: Voltaire|Volt Switch|p2a: Calyrex\n|-damage|p2a: Calyrex|73\/100\n|\n|t:|1738879265\n|-end|p1b: Voltaire|Protosynthesis|[silent]\n|switch|p1b: Einstein|Grimmsnarl, L50, M, shiny|100\/100|[from] Volt Switch\n|move|p2a: Calyrex|Glacial Lance|p1a: Zheng He|[spread] p1a,p1b\n|-resisted|p1a: Zheng He\n|-damage|p1a: Zheng He|48\/100\n|-damage|p1b: Einstein|51\/100\n|\n|upkeep\n|turn|2\n|\n|t:|1738879284\n|switch|p2a: Maushold|Maushold-Four, L50, shiny|100\/100\n|move|p1b: Einstein|Reflect|p1b: Einstein\n|-sidestart|p1: Forbranna|Reflect\n|move|p1a: Zheng He|Dark Pulse|p2a: Maushold\n|-damage|p2a: Maushold|15\/100\n|move|p2b: Incineroar|Will-O-Wisp|p1b: Einstein\n|-status|p1b: Einstein|brn\n|\n|-damage|p1b: Einstein|45\/100 brn|[from] brn\n|upkeep\n|turn|3\n|inactive|Forbranna has 30 seconds left.\n|\n|t:|1738879310\n|move|p1b: Einstein|Thunder Wave|p2a: Maushold\n|-status|p2a: Maushold|par\n|move|p1a: Zheng He|Heat Wave|p2a: Maushold|[spread] p2a,p2b\n|-crit|p2a: Maushold\n|-resisted|p2b: Incineroar\n|-damage|p2a: Maushold|0 fnt\n|-damage|p2b: Incineroar|84\/100\n|faint|p2a: Maushold\n|move|p2b: Incineroar|Knock Off|p1a: Zheng He\n|-resisted|p1a: Zheng He\n|-crit|p1a: Zheng He\n|-damage|p1a: Zheng He|9\/100\n|-enditem|p1a: Zheng He|Covert Cloak|[from] move: Knock Off|[of] p2b: Incineroar\n|\n|-damage|p1b: Einstein|39\/100 brn|[from] brn\n|upkeep\n|j| mr pogostick\n|l| mr pogostick\n|\n|t:|1738879323\n|switch|p2a: Calyrex|Calyrex-Ice, L50|73\/100\n|-ability|p2a: Calyrex|As One\n|-ability|p2a: Calyrex|Unnerve\n|turn|4\n|\n|t:|1738879343\n|move|p2a: Calyrex|Protect|p2a: Calyrex\n|-singleturn|p2a: Calyrex|Protect\n|move|p1b: Einstein|Thunder Wave|p2a: Calyrex\n|-activate|p2a: Calyrex|move: Protect\n|move|p1a: Zheng He|Taunt|p2b: Incineroar\n|-start|p2b: Incineroar|move: Taunt\n|move|p2b: Incineroar|Knock Off|p1a: Zheng He\n|-resisted|p1a: Zheng He\n|-damage|p1a: Zheng He|0 fnt\n|faint|p1a: Zheng He\n|\n|-damage|p1b: Einstein|33\/100 brn|[from] brn\n|upkeep\n|\n|t:|1738879361\n|switch|p1a: Moctezuma|Koraidon, L50|100\/100\n|-weather|SunnyDay|[from] ability: Orichalcum Pulse|[of] p1a: Moctezuma\n|-activate|p1a: Moctezuma|Orichalcum Pulse|[source]\n|turn|5\n|\n|t:|1738879377\n|switch|p2b: Cresselia|Cresselia, L50, F, shiny|100\/100\n|-terastallize|p1a: Moctezuma|Fire\n|-terastallize|p2a: Calyrex|Dragon\n|move|p1b: Einstein|Thunder Wave|p2a: Calyrex\n|-status|p2a: Calyrex|par\n|move|p1a: Moctezuma|Flare Blitz|p2a: Calyrex\n|-resisted|p2a: Calyrex\n|-damage|p2a: Calyrex|38\/100 par\n|-damage|p1a: Moctezuma|88\/100|[from] Recoil\n|cant|p2a: Calyrex|par\n|\n|-weather|SunnyDay|[upkeep]\n|-damage|p1b: Einstein|27\/100 brn|[from] brn\n|upkeep\n|turn|6\n|inactive|Forbranna has 30 seconds left.\n|\n|t:|1738879404\n|move|p2a: Calyrex|Protect|p2a: Calyrex\n|-singleturn|p2a: Calyrex|Protect\n|move|p1a: Moctezuma|Collision Course|p2b: Cresselia\n|-resisted|p2b: Cresselia\n|-damage|p2b: Cresselia|77\/100\n|-damage|p1a: Moctezuma|71\/100|[from] item: Rocky Helmet|[of] p2b: Cresselia\n|move|p1b: Einstein|Spirit Break|p2a: Calyrex\n|-activate|p2a: Calyrex|move: Protect\n|move|p2b: Cresselia|Trick Room|p2b: Cresselia\n|-fieldstart|move: Trick Room|[of] p2b: Cresselia\n|\n|-weather|SunnyDay|[upkeep]\n|-damage|p1b: Einstein|21\/100 brn|[from] brn\n|upkeep\n|turn|7\n|\n|t:|1738879423\n|move|p1a: Moctezuma|Protect|p1a: Moctezuma\n|-singleturn|p1a: Moctezuma|Protect\n|move|p2a: Calyrex|Glacial Lance|p1b: Einstein|[spread] p1b\n|-activate|p1a: Moctezuma|move: Protect\n|-crit|p1b: Einstein\n|-damage|p1b: Einstein|0 fnt\n|faint|p1b: Einstein\n|-ability|p2a: Calyrex|Chilling Neigh|boost\n|-boost|p2a: Calyrex|atk|1\n|move|p2b: Cresselia|Lunar Blessing|p2b: Cresselia|[spread] p2a,p2b\n|-heal|p2a: Calyrex|63\/100 par\n|-curestatus|p2a: Calyrex|par|[msg]\n|-heal|p2b: Cresselia|100\/100\n|\n|-weather|SunnyDay|[upkeep]\n|upkeep\n|\n|t:|1738879439\n|switch|p1b: Voltaire|Raging Bolt, L50|100\/100\n|-activate|p1b: Voltaire|ability: Protosynthesis\n|-start|p1b: Voltaire|protosynthesisspa\n|turn|8\n|\n|t:|1738879446\n|move|p2a: Calyrex|Glacial Lance|p1b: Voltaire|[spread] p1a,p1b\n|-resisted|p1a: Moctezuma\n|-supereffective|p1b: Voltaire\n|-damage|p1a: Moctezuma|52\/100\n|-damage|p1b: Voltaire|30\/100\n|move|p2b: Cresselia|Lunar Blessing|p2b: Cresselia|[spread] p2a,p2b\n|-heal|p2a: Calyrex|88\/100\n|move|p1b: Voltaire|Draco Meteor|p2b: Cresselia\n|-damage|p2b: Cresselia|49\/100\n|-unboost|p1b: Voltaire|spa|2\n|move|p1a: Moctezuma|Flare Blitz|p2a: Calyrex\n|-resisted|p2a: Calyrex\n|-damage|p2a: Calyrex|53\/100\n|-damage|p1a: Moctezuma|39\/100|[from] Recoil\n|\n|-weather|SunnyDay|[upkeep]\n|upkeep\n|turn|9\n|-message|Forbranna forfeited.\n|\n|win|xatseye\n|raw|Forbranna's rating: 1589 &rarr; <strong>1571<\/strong><br \/>(-18 for losing)\n|raw|xatseye's rating: 1618 &rarr; <strong>1636<\/strong><br \/>(+18 for winning)\n|l|\u2606xatseye\n|player|p2|\n|l| Jfabricio23\n|l|\u2606Forbranna\n|player|p1|\n","uploadtime":1738879713,"views":6,"formatid":"gen9vgc2025regg","rating":1571,"private":0,"password":null}