{"id":"gen9vgc2025regg-2295056372","format":"[Gen 9] VGC 2025 Reg G","players":["infinitygroudon","Gi1796"],"log":"|j|\u2606infinitygroudon\n|j|\u2606Gi1796\n|t:|1738782180\n|gametype|doubles\n|player|p1|infinitygroudon|265|1545\n|player|p2|Gi1796|veteran|1581\n|teamsize|p1|6\n|teamsize|p2|6\n|gen|9\n|tier|[Gen 9] VGC 2025 Reg G\n|rated|\n|rule|Species Clause: Limit one of each Pok\u00e9mon\n|rule|Item Clause: Limit 1 of each item\n|clearpoke\n|poke|p1|Calyrex-Shadow, L50|\n|poke|p1|Incineroar, L50, M|\n|poke|p1|Weezing-Galar, L50, M|\n|poke|p1|Indeedee-F, L50, F|\n|poke|p1|Iron Valiant, L50|\n|poke|p1|Ursaluna-Bloodmoon, L50, M|\n|poke|p2|Kyogre, L50|\n|poke|p2|Rillaboom, L50, F|\n|poke|p2|Tsareena, L50, F|\n|poke|p2|Urshifu-*, L50, M|\n|poke|p2|Chien-Pao, L50|\n|poke|p2|Tornadus, L50, M|\n|teampreview|4\nGi1796 has agreed to open team sheets.\ninfinitygroudon has agreed to open team sheets.\n|showteam|p1|Calyrex-Shadow||LifeOrb|AsOneSpectrier|ExpandingForce,HyperBeam,Protect,AstralBarrage||||||50|,,,,,Normal]Incineroar||AbilityShield|Intimidate|FakeOut,KnockOff,WillOWisp,PartingShot|||M|||50|,,,,,Ghost]Weezing-Galar||SitrusBerry|NeutralizingGas|SludgeBomb,WillOWisp,Taunt,Protect|||M|||50|,,,,,Steel]Indeedee-F||RockyHelmet|PsychicSurge|FollowMe,DazzlingGleam,HelpingHand,TrickRoom|||F|||50|,,,,,Fairy]Iron Valiant||BoosterEnergy|QuarkDrive|SpiritBreak,CloseCombat,ShadowSneak,Protect||||||50|,,,,,Fairy]Ursaluna-Bloodmoon||AssaultVest|MindsEye|BloodMoon,EarthPower,HyperVoice,VacuumWave|||M|||50|,,,,,Normal\n|showteam|p2|Kyogre||MysticWater|Drizzle|WaterSpout,OriginPulse,IceBeam,Protect||||||50|,,,,,Grass]Rillaboom||AssaultVest|GrassySurge|WoodHammer,GrassyGlide,FakeOut,HighHorsepower|||F|||50|,,,,,Ground]Tsareena||WideLens|QueenlyMajesty|TripleAxel,PowerWhip,HelpingHand,Taunt|||F|||50|,,,,,Ice]Urshifu-Rapid-Strike||LifeOrb|UnseenFist|SurgingStrikes,CloseCombat,AquaJet,Detect|||M|||50|,,,,,Grass]Chien-Pao||FocusSash|SwordofRuin|IcicleCrash,SuckerPunch,SacredSword,Protect||||||50|,,,,,Stellar]Tornadus||CovertCloak|Prankster|BleakwindStorm,RainDance,Tailwind,Protect|||M|||50|,,,,,Steel\n|inactive|Battle timer is ON: inactive players will automatically lose when time's up. (requested by Gi1796)\n|j| oherrodersir\n|inactive|Gi1796 has 60 seconds left.\n|inactive|Gi1796 has 30 seconds left.\n|\n|t:|1738782252\n|start\n|switch|p1a: Mr. Gassy|Weezing-Galar, L50, M|100\/100\n|switch|p1b: Charming|Iron Valiant, L50, shiny|100\/100\n|switch|p2a: Chien-Pao|Chien-Pao, L50|100\/100\n|switch|p2b: Urshifu|Urshifu-Rapid-Strike, L50, M|100\/100\n|-ability|p1a: Mr. Gassy|Neutralizing Gas\n|turn|1\n|inactive|Gi1796 has 30 seconds left.\n|inactive|Gi1796 has 20 seconds left.\n|inactive|Gi1796 has 15 seconds left.\n|inactive|Gi1796 has 10 seconds left.\n|inactive|Gi1796 has 5 seconds left.\n|\n|t:|1738782304\n|move|p1b: Charming|Protect|p1b: Charming\n|-singleturn|p1b: Charming|Protect\n|move|p2a: Chien-Pao|Icicle Crash|p1a: Mr. Gassy\n|-damage|p1a: Mr. Gassy|62\/100\n|move|p2b: Urshifu|Surging Strikes|p1a: Mr. Gassy\n|-crit|p1a: Mr. Gassy\n|-damage|p1a: Mr. Gassy|35\/100\n|-enditem|p1a: Mr. Gassy|Sitrus Berry|[eat]\n|-heal|p1a: Mr. Gassy|60\/100|[from] item: Sitrus Berry\n|-crit|p1a: Mr. Gassy\n|-damage|p1a: Mr. Gassy|36\/100\n|-crit|p1a: Mr. Gassy\n|-damage|p1a: Mr. Gassy|9\/100\n|-hitcount|p1a: Mr. Gassy|3\n|-damage|p2b: Urshifu|91\/100|[from] item: Life Orb\n|move|p1a: Mr. Gassy|Will-O-Wisp|p2b: Urshifu\n|-status|p2b: Urshifu|brn\n|\n|-damage|p2b: Urshifu|85\/100 brn|[from] brn\n|upkeep\n|turn|2\n|inactive|Gi1796 has 30 seconds left.\n|inactive|infinitygroudon has 30 seconds left.\n|\n|t:|1738782337\n|-terastallize|p1b: Charming|Fairy\n|move|p2b: Urshifu|Aqua Jet|p1a: Mr. Gassy\n|-damage|p1a: Mr. Gassy|0 fnt\n|faint|p1a: Mr. Gassy\n|-end|p1a: Mr. Gassy|ability: Neutralizing Gas\n|-ability|p2a: Chien-Pao|Sword of Ruin\n|-enditem|p1b: Charming|Booster Energy\n|-activate|p1b: Charming|ability: Quark Drive|[fromitem]\n|-start|p1b: Charming|quarkdrivespe\n|-damage|p2b: Urshifu|75\/100 brn|[from] item: Life Orb\n|move|p1b: Charming|Spirit Break|p2b: Urshifu\n|-supereffective|p2b: Urshifu\n|-damage|p2b: Urshifu|0 fnt\n|faint|p2b: Urshifu\n|move|p2a: Chien-Pao|Icicle Crash|p1b: Charming\n|-damage|p1b: Charming|29\/100\n|\n|upkeep\n|\n|t:|1738782355\n|switch|p2b: Tornadus|Tornadus, L50, M|100\/100\n|switch|p1a: Suthen|Indeedee-F, L50, F|100\/100\n|-fieldstart|move: Psychic Terrain|[from] ability: Psychic Surge|[of] p1a: Suthen\n|turn|3\n|j| wartortcorp\n|\n|t:|1738782378\n|move|p1b: Charming|Protect|p1b: Charming\n|-singleturn|p1b: Charming|Protect\n|move|p2a: Chien-Pao|Icicle Crash|p1a: Suthen\n|-damage|p1a: Suthen|39\/100\n|move|p2b: Tornadus|Bleakwind Storm|p1b: Charming|[spread] p1a\n|-activate|p1b: Charming|move: Protect\n|-damage|p1a: Suthen|9\/100\n|move|p1a: Suthen|Dazzling Gleam|p2b: Tornadus|[spread] p2a,p2b\n|-supereffective|p2a: Chien-Pao\n|-damage|p2a: Chien-Pao|57\/100\n|-damage|p2b: Tornadus|84\/100\n|\n|upkeep\n|turn|4\n|\n|t:|1738782398\n|move|p2a: Chien-Pao|Protect|p2a: Chien-Pao\n|-singleturn|p2a: Chien-Pao|Protect\n|move|p1b: Charming|Spirit Break|p2a: Chien-Pao\n|-activate|p2a: Chien-Pao|move: Protect\n|move|p2b: Tornadus|Bleakwind Storm|p1b: Charming|[spread] p1a,p1b\n|-damage|p1a: Suthen|0 fnt\n|-damage|p1b: Charming|0 fnt\n|faint|p1a: Suthen\n|faint|p1b: Charming\n|-end|p1b: Charming|Quark Drive|[silent]\n|\n|upkeep\n|\n|t:|1738782406\n|switch|p1b: Duncan|Calyrex-Shadow, L50|100\/100\n|-ability|p1b: Duncan|As One\n|-ability|p1b: Duncan|Unnerve\n|turn|5\n|\n|t:|1738782419\n|move|p2b: Tornadus|Tailwind|p2b: Tornadus\n|-sidestart|p2: Gi1796|move: Tailwind\n|move|p2a: Chien-Pao|Icicle Crash|p1b: Duncan\n|-damage|p1b: Duncan|29\/100\n|move|p1b: Duncan|Astral Barrage|p2b: Tornadus|[spread] p2a,p2b\n|-resisted|p2a: Chien-Pao\n|-damage|p2a: Chien-Pao|0 fnt\n|-damage|p2b: Tornadus|0 fnt\n|faint|p2a: Chien-Pao\n|faint|p2b: Tornadus\n|-ability|p1b: Duncan|Grim Neigh|boost\n|-boost|p1b: Duncan|spa|2\n|-damage|p1b: Duncan|19\/100|[from] item: Life Orb\n|\n|upkeep\n|\n|t:|1738782427\n|switch|p2b: Kyogre|Kyogre, L50|100\/100\n|-weather|RainDance|[from] ability: Drizzle|[of] p2b: Kyogre\n|turn|6\n|\n|t:|1738782432\n|move|p2b: Kyogre|Water Spout|p1b: Duncan\n|-damage|p1b: Duncan|0 fnt\n|faint|p1b: Duncan\n|\n|win|Gi1796\n|raw|infinitygroudon's rating: 1545 &rarr; <strong>1527<\/strong><br \/>(-18 for losing)\n|raw|Gi1796's rating: 1581 &rarr; <strong>1599<\/strong><br \/>(+18 for winning)\n|l|\u2606infinitygroudon\n|player|p1|\n|l|\u2606Gi1796\n|player|p2|\n","uploadtime":1738782577,"views":10,"formatid":"gen9vgc2025regg","rating":1527,"private":0,"password":null}