{"id":"gen9vgc2025regg-2295380741","format":"[Gen 9] VGC 2025 Reg G","players":["nezuko fresh leg","IDKWHATTODOANYMORE"],"log":"|j|\u2606nezuko fresh leg\n|j|\u2606IDKWHATTODOANYMORE\n|t:|1738823922\n|gametype|doubles\n|player|p1|nezuko fresh leg|tuberf|1677\n|player|p2|IDKWHATTODOANYMORE|steven|1713\n|teamsize|p1|6\n|teamsize|p2|6\n|gen|9\n|tier|[Gen 9] VGC 2025 Reg G\n|rated|\n|rule|Species Clause: Limit one of each Pok\u00e9mon\n|rule|Item Clause: Limit 1 of each item\n|clearpoke\n|poke|p1|Whimsicott, L50, F|\n|poke|p1|Indeedee-F, L50, F|\n|poke|p1|Calyrex-Shadow, L50|\n|poke|p1|Urshifu-*, L50, M|\n|poke|p1|Chi-Yu, L50|\n|poke|p1|Ogerpon-Wellspring, L50, F|\n|poke|p2|Amoonguss, L50, M|\n|poke|p2|Calyrex-Ice, L50|\n|poke|p2|Urshifu-*, L50, F|\n|poke|p2|Ogerpon-Hearthflame, L50, F|\n|poke|p2|Landorus, L50, M|\n|poke|p2|Roaring Moon, L50|\n|teampreview|4\n|inactive|Battle timer is ON: inactive players will automatically lose when time's up. (requested by IDKWHATTODOANYMORE)\nnezuko fresh leg has agreed to open team sheets.\nIDKWHATTODOANYMORE rejected open team sheets.\n|j| TurtleMicro\n|inactive|IDKWHATTODOANYMORE has 60 seconds left.\n|\n|t:|1738823967\n|start\n|switch|p1a: Chi-Yu|Chi-Yu, L50|100\/100\n|switch|p1b: Ogerpon|Ogerpon-Wellspring, L50, F|100\/100\n|switch|p2a: Roaring Moon|Roaring Moon, L50, shiny|100\/100\n|switch|p2b: Urshifu|Urshifu-Rapid-Strike, L50, F|100\/100\n|-ability|p1a: Chi-Yu|Beads of Ruin\n|-enditem|p2a: Roaring Moon|Booster Energy\n|-activate|p2a: Roaring Moon|ability: Protosynthesis|[fromitem]\n|-start|p2a: Roaring Moon|protosynthesisspe\n|turn|1\n|\n|t:|1738823991\n|move|p2b: Urshifu|Detect|p2b: Urshifu\n|-singleturn|p2b: Urshifu|Protect\n|move|p1b: Ogerpon|Follow Me|p1b: Ogerpon\n|-singleturn|p1b: Ogerpon|move: Follow Me\n|move|p2a: Roaring Moon|Tailwind|p2a: Roaring Moon\n|-sidestart|p2: IDKWHATTODOANYMORE|move: Tailwind\n|move|p1a: Chi-Yu|Heat Wave|p2a: Roaring Moon|[spread] p2a\n|-activate|p2b: Urshifu|move: Protect\n|-resisted|p2a: Roaring Moon\n|-damage|p2a: Roaring Moon|71\/100\n|-damage|p1a: Chi-Yu|91\/100|[from] item: Life Orb\n|\n|upkeep\n|turn|2\n|\n|t:|1738824007\n|move|p1a: Chi-Yu|Protect|p1a: Chi-Yu\n|-singleturn|p1a: Chi-Yu|Protect\n|move|p2a: Roaring Moon|Acrobatics|p1b: Ogerpon\n|-supereffective|p1b: Ogerpon\n|-damage|p1b: Ogerpon|32\/100\n|move|p2b: Urshifu|Taunt|p1b: Ogerpon\n|-start|p1b: Ogerpon|move: Taunt\n|move|p1b: Ogerpon|Wood Hammer|p2b: Urshifu\n|-supereffective|p2b: Urshifu\n|-damage|p2b: Urshifu|1\/100\n|-damage|p1b: Ogerpon|0 fnt|[from] Recoil\n|faint|p1b: Ogerpon\n|\n|upkeep\n|\n|t:|1738824021\n|switch|p1b: Whimsicott|Whimsicott, L50, F|100\/100\n|turn|3\n|\n|t:|1738824039\n|-terastallize|p1b: Whimsicott|Steel\n|move|p1b: Whimsicott|Tailwind|p1b: Whimsicott\n|-sidestart|p1: nezuko fresh leg|move: Tailwind\n|move|p2a: Roaring Moon|Acrobatics|p1b: Whimsicott\n|-resisted|p1b: Whimsicott\n|-damage|p1b: Whimsicott|78\/100\n|move|p1a: Chi-Yu|Heat Wave|p2b: Urshifu|[spread] p2a,p2b\n|-resisted|p2a: Roaring Moon\n|-resisted|p2b: Urshifu\n|-damage|p2a: Roaring Moon|42\/100\n|-damage|p2b: Urshifu|0 fnt\n|faint|p2b: Urshifu\n|-damage|p1a: Chi-Yu|81\/100|[from] item: Life Orb\n|\n|upkeep\n|\n|t:|1738824052\n|switch|p2b: Calyrex|Calyrex-Ice, L50|100\/100\n|-ability|p2b: Calyrex|As One\n|-ability|p2b: Calyrex|Unnerve\n|turn|4\n|j| impetigo god\n|l| impetigo god\n|\n|t:|1738824071\n|-terastallize|p2b: Calyrex|Water\n|move|p1b: Whimsicott|Taunt|p2b: Calyrex\n|-start|p2b: Calyrex|move: Taunt\n|move|p2a: Roaring Moon|Knock Off|p1b: Whimsicott\n|-damage|p1b: Whimsicott|18\/100\n|-enditem|p1b: Whimsicott|Covert Cloak|[from] move: Knock Off|[of] p2a: Roaring Moon\n|move|p1a: Chi-Yu|Dark Pulse|p2b: Calyrex\n|-damage|p2b: Calyrex|45\/100\n|-damage|p1a: Chi-Yu|71\/100|[from] item: Life Orb\n|cant|p2b: Calyrex|flinch\n|\n|-sideend|p2: IDKWHATTODOANYMORE|move: Tailwind\n|upkeep\n|turn|5\n|\n|t:|1738824096\n|switch|p2b: Ogerpon|Ogerpon-Hearthflame, L50, F|100\/100\n|-ability|p2b: Ogerpon|Mold Breaker\n|move|p1b: Whimsicott|Dazzling Gleam|p2b: Ogerpon|[spread] p2a,p2b\n|-supereffective|p2a: Roaring Moon\n|-crit|p2a: Roaring Moon\n|-resisted|p2b: Ogerpon\n|-damage|p2a: Roaring Moon|0 fnt\n|-damage|p2b: Ogerpon|88\/100\n|faint|p2a: Roaring Moon\n|-end|p2a: Roaring Moon|Protosynthesis|[silent]\n|move|p1a: Chi-Yu|Dark Pulse|p2b: Ogerpon\n|-damage|p2b: Ogerpon|8\/100\n|-damage|p1a: Chi-Yu|61\/100|[from] item: Life Orb\n|\n|upkeep\n|\n|t:|1738824100\n|switch|p2a: Calyrex|Calyrex-Ice, L50, tera:Water|45\/100\n|-ability|p2a: Calyrex|As One\n|-ability|p2a: Calyrex|Unnerve\n|turn|6\n|\n|t:|1738824115\n|move|p2b: Ogerpon|Follow Me|p2b: Ogerpon\n|-singleturn|p2b: Ogerpon|move: Follow Me\n|move|p1b: Whimsicott|Taunt|p2b: Ogerpon\n|-start|p2b: Ogerpon|move: Taunt\n|move|p1a: Chi-Yu|Heat Wave|p2a: Calyrex|[spread] p2a,p2b\n|-resisted|p2a: Calyrex\n|-damage|p2a: Calyrex|20\/100\n|-damage|p2b: Ogerpon|0 fnt\n|faint|p2b: Ogerpon\n|-damage|p1a: Chi-Yu|51\/100|[from] item: Life Orb\n|move|p2a: Calyrex|Trick Room|p2a: Calyrex\n|-fieldstart|move: Trick Room|[of] p2a: Calyrex\n|\n|-sideend|p1: nezuko fresh leg|move: Tailwind\n|upkeep\n|turn|7\n|\n|t:|1738824135\n|move|p1b: Whimsicott|Fake Tears|p2a: Calyrex\n|-fail|p2a: Calyrex|unboost|[from] item: Clear Amulet|[of] p2a: Calyrex\n|move|p2a: Calyrex|Glacial Lance|p1a: Chi-Yu|[spread] p1a,p1b\n|-resisted|p1a: Chi-Yu\n|-resisted|p1b: Whimsicott\n|-damage|p1a: Chi-Yu|7\/100\n|-damage|p1b: Whimsicott|0 fnt\n|faint|p1b: Whimsicott\n|-ability|p2a: Calyrex|Chilling Neigh|boost\n|-boost|p2a: Calyrex|atk|1\n|move|p1a: Chi-Yu|Dark Pulse|p2a: Calyrex\n|-damage|p2a: Calyrex|0 fnt\n|faint|p2a: Calyrex\n|-damage|p1a: Chi-Yu|0 fnt|[from] item: Life Orb\n|faint|p1a: Chi-Yu\n|\n|win|nezuko fresh leg\n|raw|nezuko fresh leg's rating: 1677 &rarr; <strong>1699<\/strong><br \/>(+22 for winning)\n|raw|IDKWHATTODOANYMORE's rating: 1713 &rarr; <strong>1691<\/strong><br \/>(-22 for losing)\n|l|\u2606IDKWHATTODOANYMORE\n|player|p2|\n|l|\u2606nezuko fresh leg\n|player|p1|\n","uploadtime":1738824386,"views":31,"formatid":"gen9vgc2025regg","rating":1691,"private":0,"password":null}