{"id":"gen9vgc2025regg-2295612895","format":"[Gen 9] VGC 2025 Reg G","players":["SubToPenglin","zodipodi"],"log":"|j|\u2606SubToPenglin\n|j|\u2606zodipodi\n|t:|1738858660\n|gametype|doubles\n|player|p1|SubToPenglin|lady|1591\n|player|p2|zodipodi|2|1600\n|teamsize|p1|6\n|teamsize|p2|6\n|gen|9\n|tier|[Gen 9] VGC 2025 Reg G\n|rated|\n|rule|Species Clause: Limit one of each Pok\u00e9mon\n|rule|Item Clause: Limit 1 of each item\n|clearpoke\n|poke|p1|Comfey, L50, F|\n|poke|p1|Terapagos, L50, M|\n|poke|p1|Tornadus, L50, M|\n|poke|p1|Magmar, L50, F|\n|poke|p1|Landorus, L50, M|\n|poke|p1|Volcarona, L50, M|\n|poke|p2|Terapagos, L50, M|\n|poke|p2|Grimmsnarl, L50, M|\n|poke|p2|Amoonguss, L50, M|\n|poke|p2|Ogerpon-Hearthflame, L50, F|\n|poke|p2|Urshifu-*, L50, M|\n|poke|p2|Raging Bolt, L50|\n|teampreview|4\n|inactive|Battle timer is ON: inactive players will automatically lose when time's up. (requested by SubToPenglin)\n|inactive|zodipodi has 60 seconds left.\n|\n|t:|1738858691\n|start\n|switch|p1a: Terapagos|Terapagos, L50, M|100\/100\n|switch|p1b: Tornadus|Tornadus, L50, M|100\/100\n|switch|p2a: Terapagos|Terapagos, L50, M|100\/100\n|switch|p2b: Grimmsnarl|Grimmsnarl, L50, M|100\/100\n|-activate|p2a: Terapagos|ability: Tera Shift\n|detailschange|p2a: Terapagos|Terapagos-Terastal, L50, M\n|-heal|p2a: Terapagos|100\/100|[silent]\n|-activate|p1a: Terapagos|ability: Tera Shift\n|detailschange|p1a: Terapagos|Terapagos-Terastal, L50, M\n|-heal|p1a: Terapagos|100\/100|[silent]\n|turn|1\n|\n|t:|1738858712\n|-terastallize|p2a: Terapagos|Stellar\n|detailschange|p2a: Terapagos|Terapagos-Stellar, L50, M, tera:Stellar\n|-heal|p2a: Terapagos|100\/100|[silent]\n|move|p2b: Grimmsnarl|Fake Out|p1a: Terapagos\n|-activate|p1a: Terapagos|ability: Tera Shell\n|-resisted|p1a: Terapagos\n|-damage|p1a: Terapagos|96\/100\n|move|p1b: Tornadus|Taunt|p2a: Terapagos\n|-start|p2a: Terapagos|move: Taunt\n|move|p2a: Terapagos|Tera Starstorm|p1a: Terapagos|[spread] p1a,p1b\n|-damage|p1a: Terapagos|44\/100\n|-damage|p1b: Tornadus|18\/100\n|cant|p1a: Terapagos|flinch\n|\n|upkeep\n|turn|2\n|inactive|zodipodi has 30 seconds left.\n|\n|t:|1738858738\n|-terastallize|p1a: Terapagos|Stellar\n|detailschange|p1a: Terapagos|Terapagos-Stellar, L50, M, tera:Stellar\n|-heal|p1a: Terapagos|58\/100|[silent]\n|move|p1b: Tornadus|Tailwind|p1b: Tornadus\n|-sidestart|p1: SubToPenglin|move: Tailwind\n|move|p2b: Grimmsnarl|Fake Tears|p1b: Tornadus\n|-unboost|p1b: Tornadus|spd|2\n|move|p1a: Terapagos|Tera Starstorm|p2a: Terapagos|[spread] p2a,p2b\n|-supereffective|p2a: Terapagos\n|-damage|p2a: Terapagos|49\/100\n|-damage|p2b: Grimmsnarl|70\/100\n|move|p2a: Terapagos|Tera Starstorm|p1b: Tornadus|[spread] p1a,p1b\n|-supereffective|p1a: Terapagos\n|-damage|p1a: Terapagos|0 fnt\n|-damage|p1b: Tornadus|0 fnt\n|faint|p1a: Terapagos\n|faint|p1b: Tornadus\n|\n|upkeep\n|\n|t:|1738858743\n|switch|p1b: Comfey|Comfey, L50, F, shiny|100\/100\n|switch|p1a: Landorus|Landorus, L50, M|100\/100\n|turn|3\n|\n|t:|1738858766\n|move|p1b: Comfey|Draining Kiss|p2a: Terapagos\n|-crit|p2a: Terapagos\n|-damage|p2a: Terapagos|30\/100\n|move|p2b: Grimmsnarl|Thunder Wave|p1b: Comfey|[miss]\n|-miss|p2b: Grimmsnarl|p1b: Comfey\n|move|p1a: Landorus|Earth Power|p2a: Terapagos\n|-damage|p2a: Terapagos|0 fnt\n|faint|p2a: Terapagos\n|\n|upkeep\n|\n|t:|1738858778\n|switch|p2a: Ogerpon|Ogerpon-Hearthflame, L50, F|100\/100\n|-ability|p2a: Ogerpon|Mold Breaker\n|turn|4\n|\n|t:|1738858786\n|move|p2a: Ogerpon|Spiky Shield|p2a: Ogerpon\n|-singleturn|p2a: Ogerpon|move: Protect\n|move|p1b: Comfey|Draining Kiss|p2b: Grimmsnarl\n|-supereffective|p2b: Grimmsnarl\n|-damage|p2b: Grimmsnarl|38\/100\n|move|p2b: Grimmsnarl|Thunder Wave|p1b: Comfey\n|-status|p1b: Comfey|par\n|move|p1a: Landorus|Sludge Bomb|p2a: Ogerpon\n|-activate|p2a: Ogerpon|move: Protect\n|\n|upkeep\n|turn|5\n|\n|t:|1738858811\n|move|p1b: Comfey|Draining Kiss|p2b: Grimmsnarl\n|-supereffective|p2b: Grimmsnarl\n|-damage|p2b: Grimmsnarl|7\/100\n|move|p2b: Grimmsnarl|Sucker Punch|p1a: Landorus\n|-damage|p1a: Landorus|67\/100\n|move|p1a: Landorus|Earth Power|p2a: Ogerpon\n|-damage|p2a: Ogerpon|17\/100\n|move|p2a: Ogerpon|Ivy Cudgel|p1b: Comfey|[anim] Ivy Cudgel Fire\n|-damage|p1b: Comfey|41\/100 par\n|-enditem|p1b: Comfey|Sitrus Berry|[eat]\n|-heal|p1b: Comfey|66\/100 par|[from] item: Sitrus Berry\n|\n|-sideend|p1: SubToPenglin|move: Tailwind\n|upkeep\n|turn|6\n|\n|t:|1738858832\n|move|p1a: Landorus|Protect|p1a: Landorus\n|-singleturn|p1a: Landorus|Protect\n|move|p1b: Comfey|Draining Kiss|p2a: Ogerpon\n|-resisted|p2a: Ogerpon\n|-damage|p2a: Ogerpon|7\/100\n|-heal|p1b: Comfey|74\/100 par|[from] drain|[of] p2a: Ogerpon\n|move|p2b: Grimmsnarl|Sucker Punch||[still]\n|-fail|p2b: Grimmsnarl\n|move|p2a: Ogerpon|Ivy Cudgel|p1b: Comfey|[anim] Ivy Cudgel Fire\n|-crit|p1b: Comfey\n|-damage|p1b: Comfey|0 fnt\n|faint|p1b: Comfey\n|\n|upkeep\n|turn|7\n|c|\u2606SubToPenglin|ugh\n|\n|t:|1738858847\n|move|p2b: Grimmsnarl|Sucker Punch|p1a: Landorus\n|-damage|p1a: Landorus|33\/100\n|move|p2a: Ogerpon|Ivy Cudgel|p1a: Landorus|[anim] Ivy Cudgel Fire\n|-crit|p1a: Landorus\n|-damage|p1a: Landorus|0 fnt\n|faint|p1a: Landorus\n|\n|win|zodipodi\n|raw|SubToPenglin's rating: 1593 &rarr; <strong>1573<\/strong><br \/>(-20 for losing)\n|raw|zodipodi's rating: 1600 &rarr; <strong>1620<\/strong><br \/>(+20 for winning)\n|l|\u2606SubToPenglin\n|player|p1|\n|l|\u2606zodipodi\n|player|p2|\n","uploadtime":1738858993,"views":7,"formatid":"gen9vgc2025regg","rating":1573,"private":0,"password":null}