{"id":"gen9vgc2025regg-2295832883","format":"[Gen 9] VGC 2025 Reg G","players":["roykeenkennedy","don drapion"],"log":"|j|\u2606roykeenkennedy\n|j|\u2606don drapion\n|t:|1738880991\n|gametype|doubles\n|player|p1|roykeenkennedy|alder|1639\n|player|p2|don drapion|170|1579\n|teamsize|p1|6\n|teamsize|p2|6\n|gen|9\n|tier|[Gen 9] VGC 2025 Reg G\n|rated|\n|rule|Species Clause: Limit one of each Pok\u00e9mon\n|rule|Item Clause: Limit 1 of each item\n|clearpoke\n|poke|p1|Torkoal, L50, M|\n|poke|p1|Raging Bolt, L50|\n|poke|p1|Incineroar, L50, M|\n|poke|p1|Ogerpon-Cornerstone, L50, F|\n|poke|p1|Annihilape, L50, M|\n|poke|p1|Calyrex-Ice, L50|\n|poke|p2|Calyrex-Ice, L50|\n|poke|p2|Okidogi, L50, M|\n|poke|p2|Whimsicott, L50, M|\n|poke|p2|Farigiraf, L50, F|\n|poke|p2|Walking Wake, L50|\n|poke|p2|Weezing-Galar, L50, M|\n|teampreview|4\ndon drapion rejected open team sheets.\n|\n|t:|1738881034\n|start\n|switch|p1a: Raging Bolt|Raging Bolt, L50|100\/100\n|switch|p1b: Torkoal|Torkoal, L50, M|100\/100\n|switch|p2a: Okidogi|Okidogi, L50, M|100\/100\n|switch|p2b: Farigiraf|Farigiraf, L50, F|100\/100\n|-weather|SunnyDay|[from] ability: Drought|[of] p1b: Torkoal\n|-activate|p1a: Raging Bolt|ability: Protosynthesis\n|-start|p1a: Raging Bolt|protosynthesisspa\n|turn|1\n|\n|t:|1738881055\n|-terastallize|p1a: Raging Bolt|Electric\n|move|p2a: Okidogi|Gunk Shot|p1a: Raging Bolt\n|-damage|p1a: Raging Bolt|45\/100\n|move|p1a: Raging Bolt|Thunderbolt|p2b: Farigiraf\n|-damage|p2b: Farigiraf|0 fnt\n|faint|p2b: Farigiraf\n|-damage|p1a: Raging Bolt|36\/100|[from] item: Life Orb\n|move|p1b: Torkoal|Eruption|p2a: Okidogi\n|-damage|p2a: Okidogi|17\/100\n|\n|-weather|SunnyDay|[upkeep]\n|upkeep\n|\n|t:|1738881067\n|switch|p2b: Calyrex|Calyrex-Ice, L50|100\/100\n|-ability|p2b: Calyrex|As One\n|-ability|p2b: Calyrex|Unnerve\n|turn|2\n|\n|t:|1738881084\n|move|p1a: Raging Bolt|Protect|p1a: Raging Bolt\n|-singleturn|p1a: Raging Bolt|Protect\n|move|p2a: Okidogi|Drain Punch|p1b: Torkoal\n|-damage|p1b: Torkoal|67\/100\n|-heal|p2a: Okidogi|34\/100|[from] drain|[of] p1b: Torkoal\n|move|p2b: Calyrex|Glacial Lance|p1a: Raging Bolt|[spread] p1b\n|-activate|p1a: Raging Bolt|move: Protect\n|-resisted|p1b: Torkoal\n|-damage|p1b: Torkoal|36\/100\n|move|p1b: Torkoal|Eruption|p2b: Calyrex|[spread] p2a,p2b\n|-supereffective|p2b: Calyrex\n|-damage|p2a: Okidogi|12\/100\n|-damage|p2b: Calyrex|53\/100\n|\n|-weather|SunnyDay|[upkeep]\n|upkeep\n|turn|3\n|\n|t:|1738881112\n|move|p2a: Okidogi|Upper Hand|p1a: Raging Bolt\n|-damage|p1a: Raging Bolt|6\/100\n|cant|p1a: Raging Bolt|flinch\n|move|p2b: Calyrex|Glacial Lance|p1a: Raging Bolt|[spread] p1a,p1b\n|-resisted|p1b: Torkoal\n|-damage|p1a: Raging Bolt|0 fnt\n|-damage|p1b: Torkoal|4\/100\n|faint|p1a: Raging Bolt\n|-end|p1a: Raging Bolt|Protosynthesis|[silent]\n|-ability|p2b: Calyrex|Chilling Neigh|boost\n|-boost|p2b: Calyrex|atk|1\n|move|p1b: Torkoal|Eruption|p2a: Okidogi|[spread] p2a,p2b\n|-supereffective|p2b: Calyrex\n|-damage|p2a: Okidogi|10\/100\n|-damage|p2b: Calyrex|49\/100\n|\n|-weather|SunnyDay|[upkeep]\n|upkeep\n|\n|t:|1738881130\n|switch|p1a: Annihilape|Annihilape, L50, M|100\/100\n|turn|4\n|\n|t:|1738881149\n|switch|p1b: Calyrex|Calyrex-Ice, L50|100\/100\n|-ability|p1b: Calyrex|As One\n|-ability|p1b: Calyrex|Unnerve\n|-terastallize|p2b: Calyrex|Water\n|move|p1a: Annihilape|Coaching|p1b: Calyrex\n|-boost|p1b: Calyrex|atk|1\n|-boost|p1b: Calyrex|def|1\n|move|p2a: Okidogi|Drain Punch|p1b: Calyrex\n|-damage|p1b: Calyrex|85\/100\n|-heal|p2a: Okidogi|20\/100|[from] drain|[of] p1b: Calyrex\n|move|p2b: Calyrex|Glacial Lance|p1b: Calyrex|[spread] p1a,p1b\n|-resisted|p1b: Calyrex\n|-damage|p1a: Annihilape|0 fnt\n|-damage|p1b: Calyrex|61\/100\n|faint|p1a: Annihilape\n|-ability|p2b: Calyrex|Chilling Neigh|boost\n|-boost|p2b: Calyrex|atk|1\n|\n|-weather|SunnyDay|[upkeep]\n|upkeep\n|\n|t:|1738881171\n|switch|p1a: Torkoal|Torkoal, L50, M|4\/100\n|turn|5\n|\n|t:|1738881181\n|move|p1a: Torkoal|Protect|p1a: Torkoal\n|-singleturn|p1a: Torkoal|Protect\n|move|p2a: Okidogi|Drain Punch|p1b: Calyrex\n|-damage|p1b: Calyrex|45\/100\n|-heal|p2a: Okidogi|31\/100|[from] drain|[of] p1b: Calyrex\n|move|p2b: Calyrex|Glacial Lance|p1a: Torkoal|[spread] p1b\n|-activate|p1a: Torkoal|move: Protect\n|-resisted|p1b: Calyrex\n|-damage|p1b: Calyrex|12\/100\n|move|p1b: Calyrex|Trick Room|p1b: Calyrex\n|-fieldstart|move: Trick Room|[of] p1b: Calyrex\n|\n|-weather|none\n|upkeep\n|turn|6\n|\n|t:|1738881204\n|move|p1a: Torkoal|Helping Hand|p1b: Calyrex\n|-singleturn|p1b: Calyrex|Helping Hand|[of] p1a: Torkoal\n|move|p1b: Calyrex|Glacial Lance|p2b: Calyrex|[spread] p2a,p2b\n|-resisted|p2b: Calyrex\n|-damage|p2a: Okidogi|0 fnt\n|-damage|p2b: Calyrex|3\/100\n|faint|p2a: Okidogi\n|-ability|p1b: Calyrex|Chilling Neigh|boost\n|-boost|p1b: Calyrex|atk|1\n|move|p2b: Calyrex|Glacial Lance|p1b: Calyrex|[spread] p1a,p1b\n|-resisted|p1a: Torkoal\n|-resisted|p1b: Calyrex\n|-damage|p1a: Torkoal|0 fnt\n|-damage|p1b: Calyrex|0 fnt\n|faint|p1a: Torkoal\n|faint|p1b: Calyrex\n|\n|win|don drapion\n|raw|roykeenkennedy's rating: 1639 &rarr; <strong>1616<\/strong><br \/>(-23 for losing)\n|raw|don drapion's rating: 1579 &rarr; <strong>1602<\/strong><br \/>(+23 for winning)\n|l|\u2606don drapion\n|player|p2|\n|l|\u2606roykeenkennedy\n|player|p1|\n","uploadtime":1738881346,"views":14,"formatid":"gen9vgc2025regg","rating":1602,"private":0,"password":null}