{"id":"gen9vgc2025regg-2295357823","format":"[Gen 9] VGC 2025 Reg G","players":["rinkurusu","xatseye"],"log":"|j|\u2606rinkurusu\n|j|\u2606xatseye\n|t:|1738819495\n|gametype|doubles\n|player|p1|rinkurusu|waitress-gen4|1642\n|player|p2|xatseye|1|1622\n|teamsize|p1|6\n|teamsize|p2|6\n|gen|9\n|tier|[Gen 9] VGC 2025 Reg G\n|rated|\n|rule|Species Clause: Limit one of each Pok\u00e9mon\n|rule|Item Clause: Limit 1 of each item\n|clearpoke\n|poke|p1|Groudon, L50|\n|poke|p1|Flutter Mane, L50|\n|poke|p1|Raging Bolt, L50|\n|poke|p1|Urshifu-*, L50, M|\n|poke|p1|Chien-Pao, L50|\n|poke|p1|Iron Hands, L50|\n|poke|p2|Flutter Mane, L50|\n|poke|p2|Maushold-Four, L50|\n|poke|p2|Incineroar, L50, M|\n|poke|p2|Calyrex-Ice, L50|\n|poke|p2|Raging Bolt, L50|\n|poke|p2|Cresselia, L50, F|\n|teampreview|4\n|inactive|Battle timer is ON: inactive players will automatically lose when time's up. (requested by xatseye)\n|inactive|rinkurusu also wants the timer to be on.\n|\n|t:|1738819522\n|start\n|switch|p1a: Groudon|Groudon, L50|100\/100\n|switch|p1b: Flutter Mane|Flutter Mane, L50|100\/100\n|switch|p2a: Calyrex|Calyrex-Ice, L50|100\/100\n|switch|p2b: Incineroar|Incineroar, L50, M|100\/100\n|-ability|p2a: Calyrex|As One\n|-ability|p2a: Calyrex|Unnerve\n|-weather|SunnyDay|[from] ability: Drought|[of] p1a: Groudon\n|-activate|p1b: Flutter Mane|ability: Protosynthesis\n|-start|p1b: Flutter Mane|protosynthesisspe\n|-ability|p2b: Incineroar|Intimidate|boost\n|-unboost|p1a: Groudon|atk|1\n|-unboost|p1b: Flutter Mane|atk|1\n|turn|1\n|\n|t:|1738819543\n|switch|p2b: Cresselia|Cresselia, L50, F, shiny|100\/100\n|move|p2a: Calyrex|Protect|p2a: Calyrex\n|-singleturn|p2a: Calyrex|Protect\n|move|p1b: Flutter Mane|Dazzling Gleam|p2b: Cresselia|[spread] p2b\n|-activate|p2a: Calyrex|move: Protect\n|-damage|p2b: Cresselia|74\/100\n|move|p1a: Groudon|Precipice Blades|p2b: Cresselia|[spread] \n|-activate|p2a: Calyrex|move: Protect\n|-immune|p2b: Cresselia|[from] ability: Levitate\n|\n|-weather|SunnyDay|[upkeep]\n|upkeep\n|turn|2\n|inactive|xatseye has 30 seconds left.\n|\n|t:|1738819572\n|-terastallize|p2a: Calyrex|Dragon\n|move|p1b: Flutter Mane|Dazzling Gleam|p2b: Cresselia|[spread] p2a,p2b\n|-supereffective|p2a: Calyrex\n|-damage|p2a: Calyrex|47\/100\n|-damage|p2b: Cresselia|50\/100\n|move|p1a: Groudon|Heat Crash|p2b: Cresselia\n|-damage|p2b: Cresselia|21\/100\n|-damage|p1a: Groudon|84\/100|[from] item: Rocky Helmet|[of] p2b: Cresselia\n|move|p2a: Calyrex|Glacial Lance|p1b: Flutter Mane|[spread] p1a,p1b\n|-supereffective|p1a: Groudon\n|-damage|p1a: Groudon|19\/100\n|-damage|p1b: Flutter Mane|26\/100\n|move|p2b: Cresselia|Trick Room|p2b: Cresselia\n|-fieldstart|move: Trick Room|[of] p2b: Cresselia\n|\n|-weather|SunnyDay|[upkeep]\n|upkeep\n|turn|3\n|\n|t:|1738819587\n|move|p2a: Calyrex|Glacial Lance|p1b: Flutter Mane|[spread] p1a,p1b\n|-supereffective|p1a: Groudon\n|-damage|p1a: Groudon|0 fnt\n|-damage|p1b: Flutter Mane|0 fnt\n|faint|p1a: Groudon\n|faint|p1b: Flutter Mane\n|-end|p1b: Flutter Mane|Protosynthesis|[silent]\n|-ability|p2a: Calyrex|Chilling Neigh|boost\n|-boost|p2a: Calyrex|atk|2\n|move|p2b: Cresselia|Lunar Blessing|p2b: Cresselia|[spread] p2a,p2b\n|-heal|p2a: Calyrex|72\/100\n|-heal|p2b: Cresselia|46\/100\n|\n|-weather|SunnyDay|[upkeep]\n|upkeep\n|\n|t:|1738819589\n|switch|p1a: Iron Hands|Iron Hands, L50|100\/100\n|switch|p1b: Chien-Pao|Chien-Pao, L50|100\/100\n|-ability|p1b: Chien-Pao|Sword of Ruin\n|turn|4\n|\n|t:|1738819605\n|switch|p2b: Incineroar|Incineroar, L50, M|100\/100\n|-ability|p2b: Incineroar|Intimidate|boost\n|-unboost|p1a: Iron Hands|atk|1\n|-unboost|p1b: Chien-Pao|atk|1\n|-terastallize|p1a: Iron Hands|Water\n|move|p2a: Calyrex|Protect|p2a: Calyrex\n|-singleturn|p2a: Calyrex|Protect\n|move|p1a: Iron Hands|Iron Defense|p1a: Iron Hands\n|-boost|p1a: Iron Hands|def|2\n|move|p1b: Chien-Pao|Ice Spinner|p2b: Incineroar\n|-resisted|p2b: Incineroar\n|-damage|p2b: Incineroar|80\/100\n|-damage|p1b: Chien-Pao|91\/100|[from] item: Life Orb\n|\n|-weather|SunnyDay|[upkeep]\n|upkeep\n|turn|5\n|inactive|xatseye has 30 seconds left.\n|\n|t:|1738819636\n|move|p1b: Chien-Pao|Protect|p1b: Chien-Pao\n|-singleturn|p1b: Chien-Pao|Protect\n|move|p2a: Calyrex|Glacial Lance|p1b: Chien-Pao|[spread] p1a\n|-activate|p1b: Chien-Pao|move: Protect\n|-resisted|p1a: Iron Hands\n|-damage|p1a: Iron Hands|80\/100\n|move|p1a: Iron Hands|Iron Defense|p1a: Iron Hands\n|-boost|p1a: Iron Hands|def|2\n|move|p2b: Incineroar|Will-O-Wisp|p1a: Iron Hands\n|-status|p1a: Iron Hands|brn\n|\n|-weather|none\n|-heal|p1a: Iron Hands|86\/100 brn|[from] item: Leftovers\n|-damage|p1a: Iron Hands|80\/100 brn|[from] brn\n|upkeep\n|turn|6\n|j| summerdog\n|\n|t:|1738819661\n|move|p2a: Calyrex|Protect|p2a: Calyrex\n|-singleturn|p2a: Calyrex|Protect\n|move|p1b: Chien-Pao|Ice Shard|p2a: Calyrex\n|-activate|p2a: Calyrex|move: Protect\n|move|p1a: Iron Hands|Body Press|p2b: Incineroar\n|-supereffective|p2b: Incineroar\n|-damage|p2b: Incineroar|0 fnt\n|faint|p2b: Incineroar\n|\n|-heal|p1a: Iron Hands|86\/100 brn|[from] item: Leftovers\n|-damage|p1a: Iron Hands|80\/100 brn|[from] brn\n|-fieldend|move: Trick Room\n|upkeep\n|j| ytrohs\n|\n|t:|1738819682\n|switch|p2b: Maushold|Maushold-Four, L50, shiny|100\/100\n|turn|7\n|\n|t:|1738819693\n|move|p1b: Chien-Pao|Protect|p1b: Chien-Pao\n|-singleturn|p1b: Chien-Pao|Protect\n|move|p2b: Maushold|Follow Me|p2b: Maushold\n|-singleturn|p2b: Maushold|move: Follow Me\n|move|p1a: Iron Hands|Body Press|p2b: Maushold\n|-supereffective|p2b: Maushold\n|-enditem|p2b: Maushold|Focus Sash\n|-damage|p2b: Maushold|1\/100\n|move|p2a: Calyrex|High Horsepower|p1b: Chien-Pao\n|-activate|p1b: Chien-Pao|move: Protect\n|\n|-heal|p1a: Iron Hands|86\/100 brn|[from] item: Leftovers\n|-damage|p1a: Iron Hands|80\/100 brn|[from] brn\n|upkeep\n|turn|8\n|j| burbnator10000\n|\n|t:|1738819712\n|move|p2a: Calyrex|Protect|p2a: Calyrex\n|-singleturn|p2a: Calyrex|Protect\n|move|p1b: Chien-Pao|Ice Shard|p2b: Maushold\n|-damage|p2b: Maushold|0 fnt\n|faint|p2b: Maushold\n|-damage|p1b: Chien-Pao|81\/100|[from] item: Life Orb\n|move|p1a: Iron Hands|Iron Defense|p1a: Iron Hands\n|-boost|p1a: Iron Hands|def|2\n|\n|-heal|p1a: Iron Hands|86\/100 brn|[from] item: Leftovers\n|-damage|p1a: Iron Hands|80\/100 brn|[from] brn\n|upkeep\n|\n|t:|1738819723\n|switch|p2b: Cresselia|Cresselia, L50, F, shiny|46\/100\n|turn|9\n|\n|t:|1738819733\n|move|p2b: Cresselia|Ally Switch|p2b: Cresselia\n|swap|p2b: Cresselia|0|[from] move: Ally Switch\n|move|p1b: Chien-Pao|Ice Spinner|p2b: Calyrex\n|-supereffective|p2b: Calyrex\n|-damage|p2b: Calyrex|16\/100\n|-damage|p1b: Chien-Pao|71\/100|[from] item: Life Orb\n|move|p2b: Calyrex|Glacial Lance|p1a: Iron Hands|[spread] p1a,p1b\n|-resisted|p1a: Iron Hands\n|-resisted|p1b: Chien-Pao\n|-damage|p1a: Iron Hands|70\/100 brn\n|-damage|p1b: Chien-Pao|0 fnt\n|faint|p1b: Chien-Pao\n|-ability|p2b: Calyrex|Chilling Neigh|boost\n|-boost|p2b: Calyrex|atk|1\n|move|p1a: Iron Hands|Thunder Punch|p2b: Calyrex\n|-resisted|p2b: Calyrex\n|-damage|p2b: Calyrex|13\/100\n|\n|-heal|p1a: Iron Hands|76\/100 brn|[from] item: Leftovers\n|-damage|p1a: Iron Hands|70\/100 brn|[from] brn\n|upkeep\n|turn|10\n|\n|t:|1738819758\n|move|p2b: Calyrex|Protect|p2b: Calyrex\n|-singleturn|p2b: Calyrex|Protect\n|move|p2a: Cresselia|Lunar Blessing|p2a: Cresselia|[spread] p2a,p2b\n|-heal|p2a: Cresselia|71\/100\n|-heal|p2b: Calyrex|38\/100\n|move|p1a: Iron Hands|Body Press|p2b: Calyrex\n|-activate|p2b: Calyrex|move: Protect\n|\n|-heal|p1a: Iron Hands|76\/100 brn|[from] item: Leftovers\n|-damage|p1a: Iron Hands|70\/100 brn|[from] brn\n|upkeep\n|turn|11\n|\n|t:|1738819781\n|move|p2a: Cresselia|Psychic|p1a: Iron Hands\n|-damage|p1a: Iron Hands|54\/100 brn\n|move|p2b: Calyrex|High Horsepower|p1a: Iron Hands\n|-damage|p1a: Iron Hands|39\/100 brn\n|move|p1a: Iron Hands|Body Press|p2a: Cresselia\n|-resisted|p2a: Cresselia\n|-damage|p2a: Cresselia|51\/100\n|-damage|p1a: Iron Hands|23\/100 brn|[from] item: Rocky Helmet|[of] p2a: Cresselia\n|\n|-heal|p1a: Iron Hands|29\/100 brn|[from] item: Leftovers\n|-damage|p1a: Iron Hands|23\/100 brn|[from] brn\n|upkeep\n|turn|12\n|\n|t:|1738819800\n|move|p2a: Cresselia|Psychic|p1a: Iron Hands\n|-damage|p1a: Iron Hands|6\/100 brn\n|move|p2b: Calyrex|High Horsepower|p1a: Iron Hands\n|-damage|p1a: Iron Hands|0 fnt\n|faint|p1a: Iron Hands\n|-end|p1a: Iron Hands|Quark Drive|[silent]\n|\n|win|xatseye\n|raw|rinkurusu's rating: 1642 &rarr; <strong>1621<\/strong><br \/>(-21 for losing)\n|raw|xatseye's rating: 1622 &rarr; <strong>1643<\/strong><br \/>(+21 for winning)\n|c|\u2606rinkurusu|gg\n|l|\u2606xatseye\n|player|p2|\n|l|\u2606rinkurusu\n|player|p1|\n|l| summerdog\n|l| burbnator10000\n|l| ytrohs\n|j| ytrohs\n","uploadtime":1738819940,"views":12,"formatid":"gen9vgc2025regg","rating":1621,"private":0,"password":null}