{"id":"gen9vgc2025regg-2295451440","format":"[Gen 9] VGC 2025 Reg G","players":["meiose","unoriginal tea"],"log":"|j|\u2606meiose\n|j|\u2606unoriginal tea\n|t:|1738837434\n|gametype|doubles\n|player|p1|meiose|schoolkid-gen4|1575\n|player|p2|unoriginal tea|265|1568\n|teamsize|p1|6\n|teamsize|p2|6\n|gen|9\n|tier|[Gen 9] VGC 2025 Reg G\n|rated|\n|rule|Species Clause: Limit one of each Pok\u00e9mon\n|rule|Item Clause: Limit 1 of each item\n|clearpoke\n|poke|p1|Zamazenta-*, L50|\n|poke|p1|Urshifu-*, L50, F|\n|poke|p1|Ogerpon-Hearthflame, L50, F|\n|poke|p1|Landorus, L50, M|\n|poke|p1|Raging Bolt, L50|\n|poke|p1|Grimmsnarl, L50, M|\n|poke|p2|Zamazenta-*, L50|\n|poke|p2|Flutter Mane, L50|\n|poke|p2|Chi-Yu, L50|\n|poke|p2|Raging Bolt, L50|\n|poke|p2|Rillaboom, L50, M|\n|poke|p2|Ditto, L50|\n|teampreview|4\n|\n|t:|1738837509\n|start\n|switch|p1a: Grimmsnarl|Grimmsnarl, L50, M|100\/100\n|switch|p1b: Zamazenta|Zamazenta-Crowned, L50|100\/100\n|switch|p2a: Zamazenta|Zamazenta-Crowned, L50|100\/100\n|switch|p2b: Flutter Mane|Flutter Mane, L50, shiny|100\/100\n|-ability|p2a: Zamazenta|Dauntless Shield|boost\n|-boost|p2a: Zamazenta|def|1\n|-ability|p1b: Zamazenta|Dauntless Shield|boost\n|-boost|p1b: Zamazenta|def|1\n|-enditem|p2b: Flutter Mane|Booster Energy\n|-activate|p2b: Flutter Mane|ability: Protosynthesis|[fromitem]\n|-start|p2b: Flutter Mane|protosynthesisspe\n|turn|1\n|inactive|Battle timer is ON: inactive players will automatically lose when time's up. (requested by meiose)\n|\n|t:|1738837534\n|-terastallize|p1b: Zamazenta|Water\n|move|p2b: Flutter Mane|Protect|p2b: Flutter Mane\n|-singleturn|p2b: Flutter Mane|Protect\n|move|p1a: Grimmsnarl|Thunder Wave|p2b: Flutter Mane\n|-activate|p2b: Flutter Mane|move: Protect\n|move|p2a: Zamazenta|Heavy Slam|p1a: Grimmsnarl\n|-supereffective|p1a: Grimmsnarl\n|-damage|p1a: Grimmsnarl|4\/100\n|move|p1b: Zamazenta|Heavy Slam|p2b: Flutter Mane\n|-activate|p2b: Flutter Mane|move: Protect\n|\n|upkeep\n|turn|2\n|inactive|unoriginal tea has 30 seconds left.\n|\n|t:|1738837559\n|-end|p2b: Flutter Mane|Protosynthesis|[silent]\n|switch|p2b: Chi-Yu|Chi-Yu, L50|100\/100\n|-ability|p2b: Chi-Yu|Beads of Ruin\n|move|p1a: Grimmsnarl|Light Screen|p1a: Grimmsnarl\n|-sidestart|p1: meiose|move: Light Screen\n|move|p2a: Zamazenta|Body Press|p1a: Grimmsnarl\n|-damage|p1a: Grimmsnarl|0 fnt\n|faint|p1a: Grimmsnarl\n|move|p1b: Zamazenta|Heavy Slam|p2b: Chi-Yu\n|-resisted|p2b: Chi-Yu\n|-damage|p2b: Chi-Yu|67\/100\n|\n|upkeep\n|\n|t:|1738837563\n|switch|p1a: Landorus|Landorus, L50, M|100\/100\n|turn|3\n|inactive|unoriginal tea has 30 seconds left.\n|\n|t:|1738837589\n|move|p2a: Zamazenta|Protect|p2a: Zamazenta\n|-singleturn|p2a: Zamazenta|Protect\n|move|p2b: Chi-Yu|Overheat|p1a: Landorus\n|-damage|p1a: Landorus|26\/100\n|-unboost|p2b: Chi-Yu|spa|2\n|move|p1b: Zamazenta|Body Press|p2a: Zamazenta\n|-activate|p2a: Zamazenta|move: Protect\n|move|p1a: Landorus|Sandsear Storm|p2b: Chi-Yu|[spread] p2b\n|-activate|p2a: Zamazenta|move: Protect\n|-supereffective|p2b: Chi-Yu\n|-damage|p2b: Chi-Yu|0 fnt\n|faint|p2b: Chi-Yu\n|\n|upkeep\n|\n|t:|1738837600\n|switch|p2b: Flutter Mane|Flutter Mane, L50, shiny|100\/100\n|turn|4\n|\n|t:|1738837618\n|move|p2b: Flutter Mane|Protect|p2b: Flutter Mane\n|-singleturn|p2b: Flutter Mane|Protect\n|move|p1a: Landorus|Protect|p1a: Landorus\n|-singleturn|p1a: Landorus|Protect\n|move|p2a: Zamazenta|Heavy Slam|p1a: Landorus\n|-activate|p1a: Landorus|move: Protect\n|move|p1b: Zamazenta|Body Press|p2a: Zamazenta\n|-supereffective|p2a: Zamazenta\n|-damage|p2a: Zamazenta|40\/100\n|\n|upkeep\n|turn|5\n|j| Oscar Norris\n|\n|t:|1738837637\n|switch|p1a: Ogerpon|Ogerpon-Hearthflame, L50, F|100\/100\n|-ability|p1a: Ogerpon|Mold Breaker\n|move|p1b: Zamazenta|Protect|p1b: Zamazenta\n|-singleturn|p1b: Zamazenta|Protect\n|move|p2b: Flutter Mane|Moonblast|p1a: Ogerpon\n|-resisted|p1a: Ogerpon\n|-damage|p1a: Ogerpon|86\/100\n|-unboost|p1a: Ogerpon|spa|1\n|move|p2a: Zamazenta|Body Press|p1b: Zamazenta\n|-activate|p1b: Zamazenta|move: Protect\n|\n|upkeep\n|turn|6\n|\n|t:|1738837644\n|move|p2b: Flutter Mane|Protect|p2b: Flutter Mane\n|-singleturn|p2b: Flutter Mane|Protect\n|move|p1a: Ogerpon|Follow Me|p1a: Ogerpon\n|-singleturn|p1a: Ogerpon|move: Follow Me\n|move|p2a: Zamazenta|Body Press|p1a: Ogerpon\n|-damage|p1a: Ogerpon|12\/100\n|move|p1b: Zamazenta|Body Press|p2a: Zamazenta\n|-supereffective|p2a: Zamazenta\n|-damage|p2a: Zamazenta|0 fnt\n|faint|p2a: Zamazenta\n|\n|upkeep\n|\n|t:|1738837652\n|switch|p2a: Ditto|Ditto, L50, shiny|100\/100\n|-transform|p2a: Ditto|p1b: Zamazenta|[from] ability: Imposter\n|-ability|p2a: Ditto|Dauntless Shield|boost\n|-boost|p2a: Ditto|def|1\n|-start|p2a: Ditto|typechange|Fighting\/Steel|[silent]\n|turn|7\n|\n|t:|1738837668\n|-terastallize|p2a: Ditto|Ghost\n|move|p1a: Ogerpon|Spiky Shield|p1a: Ogerpon\n|-singleturn|p1a: Ogerpon|move: Protect\n|move|p2b: Flutter Mane|Shadow Ball|p1a: Ogerpon\n|-activate|p1a: Ogerpon|move: Protect\n|move|p1b: Zamazenta|Heavy Slam|p2b: Flutter Mane\n|-supereffective|p2b: Flutter Mane\n|-damage|p2b: Flutter Mane|0 fnt\n|faint|p2b: Flutter Mane\n|-end|p2b: Flutter Mane|Protosynthesis|[silent]\n|move|p2a: Ditto|Body Press|p1b: Zamazenta\n|-damage|p1b: Zamazenta|60\/100\n|\n|upkeep\n|turn|8\n|\n|t:|1738837680\n|move|p1a: Ogerpon|Follow Me|p1a: Ogerpon\n|-singleturn|p1a: Ogerpon|move: Follow Me\n|move|p1b: Zamazenta|Body Press|p2a: Ditto\n|-immune|p2a: Ditto\n|move|p2a: Ditto|Heavy Slam|p1a: Ogerpon\n|-resisted|p1a: Ogerpon\n|-damage|p1a: Ogerpon|0 fnt\n|faint|p1a: Ogerpon\n|\n|upkeep\n|\n|t:|1738837682\n|switch|p1a: Landorus|Landorus, L50, M|26\/100\n|turn|9\n|\n|t:|1738837693\n|move|p1a: Landorus|Protect|p1a: Landorus\n|-singleturn|p1a: Landorus|Protect\n|move|p2a: Ditto|Heavy Slam|p1a: Landorus\n|-activate|p1a: Landorus|move: Protect\n|move|p1b: Zamazenta|Heavy Slam|p2a: Ditto\n|-damage|p2a: Ditto|94\/100\n|\n|-sideend|p1: meiose|move: Light Screen\n|upkeep\n|turn|10\n|\n|t:|1738837697\n|move|p2a: Ditto|Heavy Slam|p1a: Landorus\n|-damage|p1a: Landorus|0 fnt\n|faint|p1a: Landorus\n|move|p1b: Zamazenta|Heavy Slam|p2a: Ditto\n|-damage|p2a: Ditto|90\/100\n|\n|upkeep\n|turn|11\n|\n|t:|1738837701\n|move|p2a: Ditto|Protect|p2a: Ditto\n|-singleturn|p2a: Ditto|Protect\n|move|p1b: Zamazenta|Heavy Slam|p2a: Ditto\n|-activate|p2a: Ditto|move: Protect\n|\n|upkeep\n|turn|12\n|-message|meiose forfeited.\n|\n|win|unoriginal tea\n|raw|meiose's rating: 1575 &rarr; <strong>1555<\/strong><br \/>(-20 for losing)\n|raw|unoriginal tea's rating: 1568 &rarr; <strong>1588<\/strong><br \/>(+20 for winning)\n|l|\u2606unoriginal tea\n|player|p2|\n|l|\u2606meiose\n|player|p1|\n","uploadtime":1738838068,"views":14,"formatid":"gen9vgc2025regg","rating":1555,"private":0,"password":null}