{"id":"gen9vgc2025regg-2295108405","format":"[Gen 9] VGC 2025 Reg G","players":["i\u2764\u5a1c\u7984forever","Chef AF"],"log":"|j|\u2606i\u2764\u5a1c\u7984forever\n|j|\u203dChef AF\n|t:|1738787368\n|gametype|doubles\n|player|p1|i\u2764\u5a1c\u7984forever|youngcouple|1578\n|player|p2|Chef AF|bugcatcher-gen4dp|1593\n|teamsize|p1|6\n|teamsize|p2|6\n|gen|9\n|tier|[Gen 9] VGC 2025 Reg G\n|rated|\n|rule|Species Clause: Limit one of each Pok\u00e9mon\n|rule|Item Clause: Limit 1 of each item\n|clearpoke\n|poke|p1|Groudon, L50|\n|poke|p1|Farigiraf, L50, F|\n|poke|p1|Urshifu-*, L50, M|\n|poke|p1|Flutter Mane, L50|\n|poke|p1|Dragonite, L50, M|\n|poke|p1|Torkoal, L50, F|\n|poke|p2|Koraidon, L50|\n|poke|p2|Walking Wake, L50|\n|poke|p2|Iron Moth, L50|\n|poke|p2|Flutter Mane, L50|\n|poke|p2|Umbreon, L50, M|\n|poke|p2|Ogerpon-Cornerstone, L50, F|\n|teampreview|4\n|inactive|Battle timer is ON: inactive players will automatically lose when time's up. (requested by Chef AF)\n|inactive|i\u2764\u5a1c\u7984forever has 60 seconds left.\n|inactive|Chef AF has 60 seconds left.\n|\n|t:|1738787410\n|start\n|switch|p1a: Farigiraf|Farigiraf, L50, F|100\/100\n|switch|p1b: Flutter Mane|Flutter Mane, L50|100\/100\n|switch|p2a: Koraidon|Koraidon, L50|100\/100\n|switch|p2b: Iron Moth|Iron Moth, L50|100\/100\n|-weather|SunnyDay|[from] ability: Orichalcum Pulse|[of] p2a: Koraidon\n|-activate|p1b: Flutter Mane|ability: Protosynthesis\n|-start|p1b: Flutter Mane|protosynthesisspa\n|-activate|p2a: Koraidon|Orichalcum Pulse|[source]\n|-enditem|p2b: Iron Moth|Booster Energy\n|-activate|p2b: Iron Moth|ability: Quark Drive|[fromitem]\n|-start|p2b: Iron Moth|quarkdrivespe\n|turn|1\n|\n|t:|1738787431\n|move|p2b: Iron Moth|Acid Spray|p1a: Farigiraf\n|-damage|p1a: Farigiraf|84\/100\n|-unboost|p1a: Farigiraf|spd|2\n|move|p2a: Koraidon|Flare Blitz|p1b: Flutter Mane\n|-damage|p1b: Flutter Mane|0 fnt\n|faint|p1b: Flutter Mane\n|-end|p1b: Flutter Mane|Protosynthesis|[silent]\n|-damage|p2a: Koraidon|70\/100|[from] Recoil\n|move|p1a: Farigiraf|Trick Room|p1a: Farigiraf\n|-fieldstart|move: Trick Room|[of] p1a: Farigiraf\n|\n|-weather|SunnyDay|[upkeep]\n|upkeep\n|\n|t:|1738787441\n|switch|p1b: Groudon|Groudon, L50|100\/100\n|turn|2\n|\n|t:|1738787449\n|-terastallize|p2b: Iron Moth|Grass\n|move|p2a: Koraidon|Protect|p2a: Koraidon\n|-singleturn|p2a: Koraidon|Protect\n|move|p1a: Farigiraf|Hyper Voice|p2b: Iron Moth|[spread] p2b\n|-activate|p2a: Koraidon|move: Protect\n|-damage|p2b: Iron Moth|69\/100\n|move|p1b: Groudon|Precipice Blades|p2b: Iron Moth|[spread] p2b\n|-activate|p2a: Koraidon|move: Protect\n|-resisted|p2b: Iron Moth\n|-damage|p2b: Iron Moth|29\/100\n|move|p2b: Iron Moth|Solar Beam||[still]\n|-prepare|p2b: Iron Moth|Solar Beam\n|-anim|p2b: Iron Moth|Solar Beam|p1b: Groudon\n|-supereffective|p1b: Groudon\n|-damage|p1b: Groudon|24\/100\n|\n|-weather|SunnyDay|[upkeep]\n|upkeep\n|turn|3\n|inactive|Chef AF has 30 seconds left.\n|\n|t:|1738787479\n|move|p2b: Iron Moth|Protect|p2b: Iron Moth\n|-singleturn|p2b: Iron Moth|Protect\n|move|p1a: Farigiraf|Hyper Voice|p2a: Koraidon|[spread] p2a\n|-activate|p2b: Iron Moth|move: Protect\n|-damage|p2a: Koraidon|41\/100\n|move|p1b: Groudon|Precipice Blades|p2a: Koraidon|[spread] p2a\n|-activate|p2b: Iron Moth|move: Protect\n|-damage|p2a: Koraidon|0 fnt\n|faint|p2a: Koraidon\n|\n|-weather|SunnyDay|[upkeep]\n|upkeep\n|\n|t:|1738787495\n|switch|p2a: Walking Wake|Walking Wake, L50|100\/100\n|-activate|p2a: Walking Wake|ability: Protosynthesis\n|-start|p2a: Walking Wake|protosynthesisspa\n|turn|4\n|j| remotelamp\n|\n|t:|1738787512\n|move|p1a: Farigiraf|Hyper Voice|p2a: Walking Wake|[spread] p2a,p2b\n|-damage|p2a: Walking Wake|82\/100\n|-damage|p2b: Iron Moth|0 fnt\n|faint|p2b: Iron Moth\n|-end|p2b: Iron Moth|Quark Drive|[silent]\n|move|p1b: Groudon|Precipice Blades|p2a: Walking Wake|[miss]\n|-miss|p1b: Groudon|p2a: Walking Wake\n|move|p2a: Walking Wake|Hydro Steam|p1b: Groudon\n|-supereffective|p1b: Groudon\n|-damage|p1b: Groudon|0 fnt\n|faint|p1b: Groudon\n|\n|-weather|SunnyDay|[upkeep]\n|upkeep\n|inactive|i\u2764\u5a1c\u7984forever has 30 seconds left.\n|\n|t:|1738787541\n|switch|p1b: Dragonite|Dragonite, L50, M|100\/100\n|switch|p2b: Ogerpon|Ogerpon-Cornerstone, L50, F|100\/100\n|turn|5\n|j| Triple20\n|l| Triple20\n|inactive|i\u2764\u5a1c\u7984forever has 30 seconds left.\n|\n|t:|1738787575\n|-terastallize|p1b: Dragonite|Normal\n|move|p2b: Ogerpon|Spiky Shield|p2b: Ogerpon\n|-singleturn|p2b: Ogerpon|move: Protect\n|move|p1a: Farigiraf|Hyper Voice|p2a: Walking Wake|[spread] p2a\n|-activate|p2b: Ogerpon|move: Protect\n|-damage|p2a: Walking Wake|61\/100\n|move|p1b: Dragonite|Stomping Tantrum|p2a: Walking Wake\n|-damage|p2a: Walking Wake|18\/100\n|move|p2a: Walking Wake|Hydro Steam|p1a: Farigiraf\n|-damage|p1a: Farigiraf|0 fnt\n|faint|p1a: Farigiraf\n|\n|-weather|none\n|-end|p2a: Walking Wake|Protosynthesis\n|-fieldend|move: Trick Room\n|upkeep\n|turn|6\n|\n|t:|1738787598\n|move|p2b: Ogerpon|Ivy Cudgel|p1b: Dragonite|[anim] Ivy Cudgel Rock\n|-damage|p1b: Dragonite|75\/100\n|move|p2a: Walking Wake|Draco Meteor|p1b: Dragonite\n|-damage|p1b: Dragonite|5\/100\n|-unboost|p2a: Walking Wake|spa|2\n|move|p1b: Dragonite|Stomping Tantrum|p2b: Ogerpon\n|-damage|p2b: Ogerpon|47\/100\n|\n|upkeep\n|turn|7\n|\n|t:|1738787613\n|move|p2b: Ogerpon|Ivy Cudgel|p1b: Dragonite|[anim] Ivy Cudgel Rock\n|-damage|p1b: Dragonite|0 fnt\n|faint|p1b: Dragonite\n|\n|win|Chef AF\n|raw|i\u2764\u5a1c\u7984forever's rating: 1578 &rarr; <strong>1559<\/strong><br \/>(-19 for losing)\n|raw|Chef AF's rating: 1593 &rarr; <strong>1612<\/strong><br \/>(+19 for winning)\n|l|\u2606i\u2764\u5a1c\u7984forever\n|player|p1|\n|l|\u203dChef AF\n|player|p2|\n|j| 413XP\n|l| remotelamp\n","uploadtime":1738787831,"views":15,"formatid":"gen9vgc2025regg","rating":1559,"private":0,"password":null}