{"id":"gen9vgc2025regg-2295442600","format":"[Gen 9] VGC 2025 Reg G","players":["Nightwind Husky","Has_Perry"],"log":"|j|\u2606Nightwind Husky\n|j|\u2606Has_Perry\n|t:|1738835873\n|gametype|doubles\n|player|p1|Nightwind Husky|102|1579\n|player|p2|Has_Perry|veteran|1567\n|teamsize|p1|6\n|teamsize|p2|6\n|gen|9\n|tier|[Gen 9] VGC 2025 Reg G\n|rated|\n|rule|Species Clause: Limit one of each Pok\u00e9mon\n|rule|Item Clause: Limit 1 of each item\n|clearpoke\n|poke|p1|Calyrex-Ice, L50|\n|poke|p1|Landorus, L50, M|\n|poke|p1|Amoonguss, L50, M|\n|poke|p1|Urshifu-*, L50, M|\n|poke|p1|Roaring Moon, L50|\n|poke|p1|Ogerpon-Hearthflame, L50, F|\n|poke|p2|Necrozma-Dawn-Wings, L50|\n|poke|p2|Gallade, L50, M|\n|poke|p2|Ursaluna, L50, M|\n|poke|p2|Lilligant-Hisui, L50, F|\n|poke|p2|Torkoal, L50, F|\n|poke|p2|Indeedee-F, L50, F|\n|teampreview|4\n|inactive|Battle timer is ON: inactive players will automatically lose when time's up. (requested by Nightwind Husky)\n|j| bluestraggler02\n|\n|t:|1738835906\n|start\n|switch|p1a: Roaring Moon|Roaring Moon, L50|100\/100\n|switch|p1b: Ogerpon|Ogerpon-Hearthflame, L50, F|100\/100\n|switch|p2a: Lilligant|Lilligant-Hisui, L50, F|100\/100\n|switch|p2b: Torkoal|Torkoal, L50, F|100\/100\n|-ability|p1b: Ogerpon|Mold Breaker\n|-weather|SunnyDay|[from] ability: Drought|[of] p2b: Torkoal\n|-activate|p1a: Roaring Moon|ability: Protosynthesis\n|-start|p1a: Roaring Moon|protosynthesisspe\n|turn|1\n|inactive|Nightwind Husky has 30 seconds left.\n|inactive|Has_Perry has 30 seconds left.\n|inactive|Nightwind Husky has 20 seconds left.\n|inactive|Nightwind Husky has 15 seconds left.\n|inactive|Nightwind Husky has 10 seconds left.\n|\n|t:|1738835951\n|-terastallize|p1b: Ogerpon|Fire\n|detailschange|p1b: Ogerpon|Ogerpon-Hearthflame-Tera, L50, F, tera:Fire\n|-ability|p1b: Ogerpon|Embody Aspect (Hearthflame)|boost\n|-boost|p1b: Ogerpon|atk|1\n|-terastallize|p2b: Torkoal|Fire\n|move|p1a: Roaring Moon|Protect|p1a: Roaring Moon\n|-singleturn|p1a: Roaring Moon|Protect\n|move|p2a: Lilligant|After You|p2b: Torkoal\n|-activate|p2b: Torkoal|move: After You\n|move|p2b: Torkoal|Eruption|p1b: Ogerpon|[spread] p1b\n|-activate|p1a: Roaring Moon|move: Protect\n|-resisted|p1b: Ogerpon\n|-damage|p1b: Ogerpon|33\/100\n|move|p1b: Ogerpon|Ivy Cudgel|p2b: Torkoal|[anim] Ivy Cudgel Fire\n|-resisted|p2b: Torkoal\n|-damage|p2b: Torkoal|46\/100\n|\n|-weather|SunnyDay|[upkeep]\n|upkeep\n|turn|2\n|inactive|Nightwind Husky has 30 seconds left.\n|inactive|Has_Perry has 30 seconds left.\n|\n|t:|1738835984\n|move|p2a: Lilligant|Close Combat|p1a: Roaring Moon\n|-supereffective|p1a: Roaring Moon\n|-damage|p1a: Roaring Moon|0 fnt\n|-unboost|p2a: Lilligant|def|1\n|-unboost|p2a: Lilligant|spd|1\n|faint|p1a: Roaring Moon\n|-end|p1a: Roaring Moon|Protosynthesis|[silent]\n|move|p1b: Ogerpon|Ivy Cudgel|p2a: Lilligant|[anim] Ivy Cudgel Fire\n|-supereffective|p2a: Lilligant\n|-enditem|p2a: Lilligant|Focus Sash\n|-damage|p2a: Lilligant|1\/100\n|move|p2b: Torkoal|Eruption|p1b: Ogerpon\n|-resisted|p1b: Ogerpon\n|-damage|p1b: Ogerpon|0 fnt\n|faint|p1b: Ogerpon\n|\n|-weather|SunnyDay|[upkeep]\n|upkeep\n|\n|t:|1738835999\n|switch|p1a: Urshifu|Urshifu-Rapid-Strike, L50, M|100\/100\n|switch|p1b: Calyrex|Calyrex-Ice, L50|100\/100\n|-ability|p1b: Calyrex|As One\n|-ability|p1b: Calyrex|Unnerve\n|turn|3\n|inactive|Has_Perry has 30 seconds left.\n|\n|t:|1738836027\n|switch|p2b: Indeedee-\u2640|Indeedee-F, L50, F|100\/100\n|-fieldstart|move: Psychic Terrain|[from] ability: Psychic Surge|[of] p2b: Indeedee-\u2640\n|move|p1b: Calyrex|Protect|p1b: Calyrex\n|-singleturn|p1b: Calyrex|Protect\n|move|p2a: Lilligant|Sleep Powder|p1b: Calyrex\n|-activate|p1b: Calyrex|move: Protect\n|move|p1a: Urshifu|Surging Strikes|p2b: Indeedee-\u2640\n|-crit|p2b: Indeedee-\u2640\n|-damage|p2b: Indeedee-\u2640|90\/100\n|-crit|p2b: Indeedee-\u2640\n|-damage|p2b: Indeedee-\u2640|80\/100\n|-crit|p2b: Indeedee-\u2640\n|-damage|p2b: Indeedee-\u2640|69\/100\n|-hitcount|p2b: Indeedee-\u2640|3\n|\n|-weather|SunnyDay|[upkeep]\n|upkeep\n|turn|4\n|\n|t:|1738836046\n|switch|p2a: Torkoal|Torkoal, L50, F, tera:Fire|46\/100\n|move|p1a: Urshifu|Close Combat|p2b: Indeedee-\u2640\n|-damage|p2b: Indeedee-\u2640|8\/100\n|-unboost|p1a: Urshifu|def|1\n|-unboost|p1a: Urshifu|spd|1\n|move|p1b: Calyrex|Glacial Lance|p2b: Indeedee-\u2640|[spread] p2a,p2b\n|-resisted|p2a: Torkoal\n|-damage|p2a: Torkoal|26\/100\n|-damage|p2b: Indeedee-\u2640|0 fnt\n|faint|p2b: Indeedee-\u2640\n|-ability|p1b: Calyrex|Chilling Neigh|boost\n|-boost|p1b: Calyrex|atk|1\n|\n|-weather|SunnyDay|[upkeep]\n|upkeep\n|\n|t:|1738836059\n|switch|p2b: Lilligant|Lilligant-Hisui, L50, F|1\/100\n|turn|5\n|\n|t:|1738836074\n|move|p1a: Urshifu|Detect|p1a: Urshifu\n|-singleturn|p1a: Urshifu|Protect\n|move|p1b: Calyrex|Protect|p1b: Calyrex\n|-singleturn|p1b: Calyrex|Protect\n|move|p2b: Lilligant|After You|p2a: Torkoal\n|-activate|p2a: Torkoal|move: After You\n|move|p2a: Torkoal|Heat Wave|p1b: Calyrex|[spread] \n|-activate|p1a: Urshifu|move: Protect\n|-activate|p1b: Calyrex|move: Protect\n|\n|-weather|none\n|upkeep\n|turn|6\n|\n|t:|1738836089\n|move|p2b: Lilligant|Sleep Powder|p1b: Calyrex|[miss]\n|-miss|p2b: Lilligant|p1b: Calyrex\n|move|p1a: Urshifu|Surging Strikes|p2a: Torkoal\n|-supereffective|p2a: Torkoal\n|-crit|p2a: Torkoal\n|-damage|p2a: Torkoal|0 fnt\n|faint|p2a: Torkoal\n|-hitcount|p2: Torkoal|1\n|move|p1b: Calyrex|Glacial Lance|p2b: Lilligant\n|-supereffective|p2b: Lilligant\n|-damage|p2b: Lilligant|0 fnt\n|faint|p2b: Lilligant\n|-ability|p1b: Calyrex|Chilling Neigh|boost\n|-boost|p1b: Calyrex|atk|1\n|\n|upkeep\n|\n|t:|1738836096\n|switch|p2b: Quazar Pulito \u2605\u2605\u2605|Necrozma-Dawn-Wings, L50, shiny|100\/100\n|turn|7\n|\n|t:|1738836114\n|move|p1a: Urshifu|Surging Strikes|p2b: Quazar Pulito \u2605\u2605\u2605\n|-crit|p2b: Quazar Pulito \u2605\u2605\u2605\n|-damage|p2b: Quazar Pulito \u2605\u2605\u2605|79\/100\n|-crit|p2b: Quazar Pulito \u2605\u2605\u2605\n|-damage|p2b: Quazar Pulito \u2605\u2605\u2605|57\/100\n|-crit|p2b: Quazar Pulito \u2605\u2605\u2605\n|-damage|p2b: Quazar Pulito \u2605\u2605\u2605|38\/100\n|-hitcount|p2b: Quazar Pulito \u2605\u2605\u2605|3\n|move|p1b: Calyrex|Glacial Lance|p2b: Quazar Pulito \u2605\u2605\u2605\n|-damage|p2b: Quazar Pulito \u2605\u2605\u2605|0 fnt\n|faint|p2b: Quazar Pulito \u2605\u2605\u2605\n|\n|win|Nightwind Husky\n|raw|Nightwind Husky's rating: 1579 &rarr; <strong>1598<\/strong><br \/>(+19 for winning)\n|raw|Has_Perry's rating: 1567 &rarr; <strong>1548<\/strong><br \/>(-19 for losing)\n|l|\u2606Has_Perry\n|player|p2|\n|l|\u2606Nightwind Husky\n|player|p1|\n|l| bluestraggler02\n","uploadtime":1738836141,"views":8,"formatid":"gen9vgc2025regg","rating":1548,"private":0,"password":null}