{"id":"gen9vgc2025regg-2295313845","format":"[Gen 9] VGC 2025 Reg G","players":["chappell murkroan","peachykeane"],"log":"|j|\u2606chappell murkroan\n|j|\u2606peachykeane\n|t:|1738812592\n|gametype|doubles\n|player|p1|chappell murkroan|caitlin|1545\n|player|p2|peachykeane|cowgirl|1567\n|teamsize|p1|6\n|teamsize|p2|6\n|gen|9\n|tier|[Gen 9] VGC 2025 Reg G\n|rated|\n|rule|Species Clause: Limit one of each Pok\u00e9mon\n|rule|Item Clause: Limit 1 of each item\n|clearpoke\n|poke|p1|Ting-Lu, L50|\n|poke|p1|Murkrow, L50, F|\n|poke|p1|Rayquaza, L50|\n|poke|p1|Volcarona, L50, M|\n|poke|p1|Ogerpon-Wellspring, L50, F|\n|poke|p1|Urshifu-*, L50, F|\n|poke|p2|Calyrex-Shadow, L50|\n|poke|p2|Raging Bolt, L50|\n|poke|p2|Clefairy, L50, F|\n|poke|p2|Urshifu-*, L50, F|\n|poke|p2|Incineroar, L50, M|\n|poke|p2|Rillaboom, L50, F|\n|teampreview|4\n|inactive|Battle timer is ON: inactive players will automatically lose when time's up. (requested by chappell murkroan)\n|\n|t:|1738812617\n|start\n|switch|p1a: Rayquaza|Rayquaza, L50|100\/100\n|switch|p1b: Ting-Lu|Ting-Lu, L50|100\/100\n|switch|p2a: Calyrex|Calyrex-Shadow, L50|100\/100\n|switch|p2b: Clefairy|Clefairy, L50, F|100\/100\n|-ability|p2a: Calyrex|As One\n|-ability|p2a: Calyrex|Unnerve\n|-ability|p1a: Rayquaza|Air Lock\n|-ability|p1b: Ting-Lu|Vessel of Ruin\n|turn|1\n|\n|t:|1738812624\n|move|p2b: Clefairy|Follow Me|p2b: Clefairy\n|-singleturn|p2b: Clefairy|move: Follow Me\n|move|p2a: Calyrex|Calm Mind|p2a: Calyrex\n|-boost|p2a: Calyrex|spa|1\n|-boost|p2a: Calyrex|spd|1\n|move|p1a: Rayquaza|Dragon Ascent|p2b: Clefairy\n|-damage|p2b: Clefairy|47\/100\n|-unboost|p1a: Rayquaza|def|1\n|-unboost|p1a: Rayquaza|spd|1\n|move|p1b: Ting-Lu|Earthquake|p2b: Clefairy|[spread] p2a,p2b\n|-immune|p1a: Rayquaza\n|-damage|p2a: Calyrex|54\/100\n|-damage|p2b: Clefairy|8\/100\n|\n|upkeep\n|turn|2\n|inactive|peachykeane has 30 seconds left.\n|\n|t:|1738812659\n|-terastallize|p2a: Calyrex|Fairy\n|move|p2b: Clefairy|Helping Hand|p2a: Calyrex\n|-singleturn|p2a: Calyrex|Helping Hand|[of] p2b: Clefairy\n|move|p2a: Calyrex|Draining Kiss|p1a: Rayquaza\n|-supereffective|p1a: Rayquaza\n|-enditem|p1a: Rayquaza|Focus Sash\n|-damage|p1a: Rayquaza|1\/100\n|-heal|p2a: Calyrex|100\/100|[from] drain|[of] p1a: Rayquaza\n|move|p1a: Rayquaza|Dragon Ascent|p2b: Clefairy\n|-damage|p2b: Clefairy|0 fnt\n|-unboost|p1a: Rayquaza|def|1\n|-unboost|p1a: Rayquaza|spd|1\n|faint|p2b: Clefairy\n|move|p1b: Ting-Lu|Earthquake|p2a: Calyrex|[spread] p2a\n|-immune|p1a: Rayquaza\n|-damage|p2a: Calyrex|46\/100\n|\n|upkeep\n|\n|t:|1738812666\n|switch|p2b: Incineroar|Incineroar, L50, M|100\/100\n|-ability|p2b: Incineroar|Intimidate|boost\n|-unboost|p1a: Rayquaza|atk|1\n|-unboost|p1b: Ting-Lu|atk|1\n|turn|3\n|\n|t:|1738812689\n|-terastallize|p1b: Ting-Lu|Poison\n|move|p1a: Rayquaza|Protect|p1a: Rayquaza\n|-singleturn|p1a: Rayquaza|Protect\n|move|p2b: Incineroar|Fake Out|p1a: Rayquaza\n|-activate|p1a: Rayquaza|move: Protect\n|move|p2a: Calyrex|Draining Kiss|p1b: Ting-Lu\n|-resisted|p1b: Ting-Lu\n|-damage|p1b: Ting-Lu|83\/100\n|-heal|p2a: Calyrex|64\/100|[from] drain|[of] p1b: Ting-Lu\n|move|p1b: Ting-Lu|Earthquake|p2b: Incineroar|[spread] p2a,p2b\n|-activate|p1a: Rayquaza|move: Protect\n|-supereffective|p2b: Incineroar\n|-damage|p2a: Calyrex|20\/100\n|-damage|p2b: Incineroar|23\/100\n|\n|upkeep\n|turn|4\n|\n|t:|1738812704\n|switch|p2b: Rillaboom|Rillaboom, L50, F|100\/100\n|-fieldstart|move: Grassy Terrain|[from] ability: Grassy Surge|[of] p2b: Rillaboom\n|move|p2a: Calyrex|Protect|p2a: Calyrex\n|-singleturn|p2a: Calyrex|Protect\n|move|p1a: Rayquaza|Extreme Speed|p2a: Calyrex\n|-activate|p2a: Calyrex|move: Protect\n|move|p1b: Ting-Lu|Earthquake|p2b: Rillaboom|[spread] p2b\n|-activate|p2a: Calyrex|move: Protect\n|-immune|p1a: Rayquaza\n|-resisted|p2b: Rillaboom\n|-damage|p2b: Rillaboom|91\/100\n|\n|-heal|p2a: Calyrex|26\/100|[from] Grassy Terrain\n|-heal|p2b: Rillaboom|97\/100|[from] Grassy Terrain\n|-heal|p1b: Ting-Lu|89\/100|[from] Grassy Terrain\n|upkeep\n|turn|5\n|\n|t:|1738812716\n|switch|p1b: Murkrow|Murkrow, L50, F|100\/100\n|move|p1a: Rayquaza|Protect|p1a: Rayquaza\n|-singleturn|p1a: Rayquaza|Protect\n|move|p2b: Rillaboom|Fake Out|p1a: Rayquaza\n|-activate|p1a: Rayquaza|move: Protect\n|move|p2a: Calyrex|Astral Barrage|p1b: Murkrow|[spread] p1b\n|-activate|p1a: Rayquaza|move: Protect\n|-resisted|p1b: Murkrow\n|-damage|p1b: Murkrow|48\/100\n|\n|-heal|p2a: Calyrex|32\/100|[from] Grassy Terrain\n|-heal|p2b: Rillaboom|100\/100|[from] Grassy Terrain\n|upkeep\n|turn|6\n|\n|t:|1738812739\n|switch|p2b: Incineroar|Incineroar, L50, M|23\/100\n|-ability|p2b: Incineroar|Intimidate|boost\n|-unboost|p1a: Rayquaza|atk|1\n|-unboost|p1b: Murkrow|atk|1\n|move|p2a: Calyrex|Protect|p2a: Calyrex\n|-singleturn|p2a: Calyrex|Protect\n|move|p1a: Rayquaza|Extreme Speed|p2a: Calyrex\n|-activate|p2a: Calyrex|move: Protect\n|move|p1b: Murkrow|Tailwind|p1b: Murkrow\n|-sidestart|p1: chappell murkroan|move: Tailwind\n|\n|-heal|p2a: Calyrex|38\/100|[from] Grassy Terrain\n|-heal|p2b: Incineroar|29\/100|[from] Grassy Terrain\n|upkeep\n|turn|7\n|\n|t:|1738812760\n|move|p2b: Incineroar|Fake Out|p1a: Rayquaza\n|-damage|p1a: Rayquaza|0 fnt\n|faint|p1a: Rayquaza\n|move|p1b: Murkrow|Haze|p1b: Murkrow\n|-clearallboost\n|move|p2a: Calyrex|Draining Kiss|p1b: Murkrow\n|-supereffective|p1b: Murkrow\n|-damage|p1b: Murkrow|0 fnt\n|-heal|p2a: Calyrex|72\/100|[from] drain|[of] p1b: Murkrow\n|faint|p1b: Murkrow\n|-ability|p2a: Calyrex|Grim Neigh|boost\n|-boost|p2a: Calyrex|spa|1\n|\n|-heal|p2a: Calyrex|78\/100|[from] Grassy Terrain\n|-heal|p2b: Incineroar|35\/100|[from] Grassy Terrain\n|upkeep\n|\n|t:|1738812763\n|switch|p1a: Ting-Lu|Ting-Lu, L50, tera:Poison|89\/100\n|switch|p1b: Urshifu|Urshifu-Rapid-Strike, L50, F|100\/100\n|-ability|p1a: Ting-Lu|Vessel of Ruin\n|turn|8\n|inactive|chappell murkroan has 30 seconds left.\n|inactive|peachykeane has 30 seconds left.\n|inactive|chappell murkroan has 20 seconds left.\n|inactive|chappell murkroan has 15 seconds left.\n|\n|t:|1738812804\n|switch|p2b: Rillaboom|Rillaboom, L50, F|100\/100\n|move|p1b: Urshifu|Surging Strikes|p2b: Rillaboom\n|-resisted|p2b: Rillaboom\n|-crit|p2b: Rillaboom\n|-damage|p2b: Rillaboom|88\/100\n|-resisted|p2b: Rillaboom\n|-crit|p2b: Rillaboom\n|-damage|p2b: Rillaboom|77\/100\n|-resisted|p2b: Rillaboom\n|-crit|p2b: Rillaboom\n|-damage|p2b: Rillaboom|68\/100\n|-hitcount|p2b: Rillaboom|3\n|move|p2a: Calyrex|Astral Barrage|p1b: Urshifu|[spread] p1a,p1b\n|-damage|p1a: Ting-Lu|43\/100\n|-damage|p1b: Urshifu|16\/100\n|move|p1a: Ting-Lu|Tera Blast|p2a: Calyrex|[anim] Tera Blast Poison\n|-supereffective|p2a: Calyrex\n|-damage|p2a: Calyrex|0 fnt\n|faint|p2a: Calyrex\n|\n|-heal|p1b: Urshifu|22\/100|[from] Grassy Terrain\n|-heal|p1a: Ting-Lu|49\/100|[from] Grassy Terrain\n|-heal|p2b: Rillaboom|73\/100|[from] Grassy Terrain\n|-fieldend|move: Grassy Terrain\n|upkeep\n|\n|t:|1738812810\n|switch|p2a: Incineroar|Incineroar, L50, M|35\/100\n|-ability|p2a: Incineroar|Intimidate|boost\n|-unboost|p1a: Ting-Lu|atk|1\n|-unboost|p1b: Urshifu|atk|1\n|turn|9\n|\n|t:|1738812829\n|move|p1b: Urshifu|Surging Strikes|p2a: Incineroar\n|-supereffective|p2a: Incineroar\n|-crit|p2a: Incineroar\n|-damage|p2a: Incineroar|0 fnt\n|faint|p2a: Incineroar\n|-hitcount|p2: Incineroar|1\n|move|p1a: Ting-Lu|Tera Blast|p2b: Rillaboom|[anim] Tera Blast Poison\n|-supereffective|p2b: Rillaboom\n|-damage|p2b: Rillaboom|0 fnt\n|faint|p2b: Rillaboom\n|\n|win|chappell murkroan\n|raw|chappell murkroan's rating: 1545 &rarr; <strong>1566<\/strong><br \/>(+21 for winning)\n|raw|peachykeane's rating: 1567 &rarr; <strong>1546<\/strong><br \/>(-21 for losing)\n|l|\u2606chappell murkroan\n|player|p1|\n","uploadtime":1738812998,"views":10,"formatid":"gen9vgc2025regg","rating":1546,"private":0,"password":null}