{"id":"gen9vgc2025regg-2295808884","format":"[Gen 9] VGC 2025 Reg G","players":["xatseye","caZISA"],"log":"|j|\u2606xatseye\n|j|\u2606caZISA\n|t:|1738878272\n|gametype|doubles\n|player|p1|xatseye|1|1679\n|player|p2|caZISA|red|1711\n|teamsize|p1|6\n|teamsize|p2|6\n|gen|9\n|tier|[Gen 9] VGC 2025 Reg G\n|rated|\n|rule|Species Clause: Limit one of each Pok\u00e9mon\n|rule|Item Clause: Limit 1 of each item\n|clearpoke\n|poke|p1|Flutter Mane, L50|\n|poke|p1|Maushold-Four, L50|\n|poke|p1|Incineroar, L50, M|\n|poke|p1|Calyrex-Ice, L50|\n|poke|p1|Raging Bolt, L50|\n|poke|p1|Cresselia, L50, F|\n|poke|p2|Calyrex-Ice, L50|\n|poke|p2|Urshifu-*, L50, M|\n|poke|p2|Raging Bolt, L50|\n|poke|p2|Rillaboom, L50, M|\n|poke|p2|Torkoal, L50, M|\n|poke|p2|Smeargle, L50, M|\n|teampreview|4\n|inactive|Battle timer is ON: inactive players will automatically lose when time's up. (requested by xatseye)\n|\n|t:|1738878299\n|start\n|switch|p1a: Incineroar|Incineroar, L50, M|100\/100\n|switch|p1b: Maushold|Maushold-Four, L50, shiny|100\/100\n|switch|p2a: Smeargle|Smeargle, L50, M|100\/100\n|switch|p2b: Urshifu|Urshifu, L50, M|100\/100\n|-ability|p1a: Incineroar|Intimidate|boost\n|-unboost|p2a: Smeargle|atk|1\n|-unboost|p2b: Urshifu|atk|1\n|turn|1\n|\n|t:|1738878315\n|move|p2a: Smeargle|Fake Out|p1b: Maushold\n|-damage|p1b: Maushold|96\/100\n|move|p1a: Incineroar|Fake Out|p2b: Urshifu\n|-damage|p2b: Urshifu|88\/100\n|cant|p1b: Maushold|flinch\n|cant|p2b: Urshifu|flinch\n|\n|-ability|p2a: Smeargle|Moody|boost\n|-boost|p2a: Smeargle|def|2\n|-unboost|p2a: Smeargle|atk|1\n|upkeep\n|turn|2\n|\n|t:|1738878333\n|switch|p1a: Flutter Mane|Flutter Mane, L50|100\/100\n|-enditem|p1a: Flutter Mane|Booster Energy\n|-activate|p1a: Flutter Mane|ability: Protosynthesis|[fromitem]\n|-start|p1a: Flutter Mane|protosynthesisspa\n|move|p1b: Maushold|Super Fang|p2a: Smeargle\n|-damage|p2a: Smeargle|51\/100\n|move|p2b: Urshifu|Close Combat|p1a: Flutter Mane\n|-immune|p1a: Flutter Mane\n|move|p2a: Smeargle|Spore|p1b: Maushold\n|-status|p1b: Maushold|slp|[from] move: Spore\n|\n|-ability|p2a: Smeargle|Moody|boost\n|-boost|p2a: Smeargle|def|2\n|-unboost|p2a: Smeargle|spd|1\n|upkeep\n|turn|3\n|\n|t:|1738878353\n|switch|p2b: Calyrex|Calyrex-Ice, L50|100\/100\n|-ability|p2b: Calyrex|As One\n|-ability|p2b: Calyrex|Unnerve\n|move|p2a: Smeargle|Wide Guard|p2a: Smeargle\n|-singleturn|p2a: Smeargle|Wide Guard\n|cant|p1b: Maushold|slp\n|move|p1a: Flutter Mane|Dazzling Gleam|p2a: Smeargle|[spread] \n|-activate|p2a: Smeargle|move: Wide Guard\n|-activate|p2b: Calyrex|move: Wide Guard\n|\n|-ability|p2a: Smeargle|Moody|boost\n|-boost|p2a: Smeargle|def|2\n|-unboost|p2a: Smeargle|spe|1\n|upkeep\n|turn|4\n|inactive|xatseye has 30 seconds left.\n|\n|t:|1738878381\n|move|p2a: Smeargle|Wide Guard|p2a: Smeargle\n|-singleturn|p2a: Smeargle|Wide Guard\n|-curestatus|p1b: Maushold|slp|[msg]\n|move|p1b: Maushold|Super Fang|p2b: Calyrex\n|-damage|p2b: Calyrex|50\/100\n|move|p1a: Flutter Mane|Dazzling Gleam|p2b: Calyrex|[spread] \n|-activate|p2a: Smeargle|move: Wide Guard\n|-activate|p2b: Calyrex|move: Wide Guard\n|move|p2b: Calyrex|Trick Room|p2b: Calyrex\n|-fieldstart|move: Trick Room|[of] p2b: Calyrex\n|\n|-ability|p2a: Smeargle|Moody|boost\n|-boost|p2a: Smeargle|spd|2\n|-unboost|p2a: Smeargle|atk|1\n|upkeep\n|turn|5\n|\n|t:|1738878401\n|-end|p1a: Flutter Mane|Protosynthesis|[silent]\n|switch|p1a: Incineroar|Incineroar, L50, M|100\/100\n|-ability|p1a: Incineroar|Intimidate|boost\n|-unboost|p2a: Smeargle|atk|1\n|-fail|p2b: Calyrex|unboost|[from] item: Clear Amulet|[of] p2b: Calyrex\n|move|p2b: Calyrex|Protect|p2b: Calyrex\n|-singleturn|p2b: Calyrex|Protect\n|move|p2a: Smeargle|Spore|p1a: Incineroar\n|-activate|p1a: Incineroar|item: Safety Goggles|Spore\n|move|p1b: Maushold|Taunt|p2a: Smeargle\n|-start|p2a: Smeargle|move: Taunt\n|\n|-ability|p2a: Smeargle|Moody|boost\n|-boost|p2a: Smeargle|spe|2\n|-unboost|p2a: Smeargle|def|1\n|upkeep\n|turn|6\n|j| Triple20\n|\n|t:|1738878425\n|switch|p2b: Torkoal|Torkoal, L50, M|100\/100\n|-weather|SunnyDay|[from] ability: Drought|[of] p2b: Torkoal\n|switch|p2a: Urshifu|Urshifu, L50, M|88\/100\n|move|p1a: Incineroar|Will-O-Wisp|p2b: Torkoal\n|-immune|p2b: Torkoal\n|move|p1b: Maushold|Taunt|p2b: Torkoal\n|-start|p2b: Torkoal|move: Taunt\n|\n|-weather|SunnyDay|[upkeep]\n|upkeep\n|turn|7\n|\n|t:|1738878447\n|-terastallize|p2b: Torkoal|Fire\n|move|p1b: Maushold|Protect|p1b: Maushold\n|-singleturn|p1b: Maushold|Protect\n|move|p2b: Torkoal|Eruption|p1b: Maushold|[spread] p1a\n|-activate|p1b: Maushold|move: Protect\n|-resisted|p1a: Incineroar\n|-damage|p1a: Incineroar|63\/100\n|move|p1a: Incineroar|Flare Blitz|p2a: Urshifu\n|-damage|p2a: Urshifu|9\/100\n|-damage|p1a: Incineroar|41\/100|[from] Recoil\n|move|p2a: Urshifu|Close Combat|p1a: Incineroar\n|-supereffective|p1a: Incineroar\n|-damage|p1a: Incineroar|0 fnt\n|-unboost|p2a: Urshifu|def|1\n|-unboost|p2a: Urshifu|spd|1\n|faint|p1a: Incineroar\n|\n|-weather|SunnyDay|[upkeep]\n|upkeep\n|inactive|xatseye has 30 seconds left.\n|\n|t:|1738878472\n|switch|p1a: Calyrex|Calyrex-Ice, L50|100\/100\n|-ability|p1a: Calyrex|As One\n|-ability|p1a: Calyrex|Unnerve\n|turn|8\n|\n|t:|1738878481\n|switch|p2a: Calyrex|Calyrex-Ice, L50|50\/100\n|-ability|p2a: Calyrex|As One\n|-ability|p2a: Calyrex|Unnerve\n|-terastallize|p1a: Calyrex|Dragon\n|move|p1b: Maushold|Protect||[still]\n|-fail|p1b: Maushold\n|move|p2b: Torkoal|Eruption|p1b: Maushold|[spread] p1a,p1b\n|-resisted|p1a: Calyrex\n|-damage|p1a: Calyrex|77\/100\n|-damage|p1b: Maushold|0 fnt\n|faint|p1b: Maushold\n|move|p1a: Calyrex|Glacial Lance|p2a: Calyrex|[spread] p2a,p2b\n|-resisted|p2a: Calyrex\n|-resisted|p2b: Torkoal\n|-damage|p2a: Calyrex|35\/100\n|-damage|p2b: Torkoal|82\/100\n|\n|-weather|SunnyDay|[upkeep]\n|-end|p2b: Torkoal|move: Taunt\n|-fieldend|move: Trick Room\n|upkeep\n|\n|t:|1738878498\n|switch|p1b: Flutter Mane|Flutter Mane, L50|100\/100\n|-activate|p1b: Flutter Mane|ability: Protosynthesis\n|-start|p1b: Flutter Mane|protosynthesisspa\n|turn|9\n|\n|t:|1738878512\n|move|p2a: Calyrex|Protect|p2a: Calyrex\n|-singleturn|p2a: Calyrex|Protect\n|move|p1b: Flutter Mane|Shadow Ball|p2a: Calyrex\n|-activate|p2a: Calyrex|move: Protect\n|move|p1a: Calyrex|High Horsepower|p2b: Torkoal\n|-supereffective|p2b: Torkoal\n|-damage|p2b: Torkoal|23\/100\n|move|p2b: Torkoal|Heat Wave|p1a: Calyrex|[spread] p1a,p1b\n|-resisted|p1a: Calyrex\n|-damage|p1a: Calyrex|57\/100\n|-damage|p1b: Flutter Mane|24\/100\n|\n|-weather|SunnyDay|[upkeep]\n|upkeep\n|turn|10\n|inactive|xatseye has 30 seconds left.\n|j| mr pogostick\n|\n|t:|1738878546\n|switch|p2a: Smeargle|Smeargle, L50, M|51\/100\n|move|p2b: Torkoal|Protect|p2b: Torkoal\n|-singleturn|p2b: Torkoal|Protect\n|move|p1b: Flutter Mane|Shadow Ball|p2a: Smeargle\n|-immune|p2a: Smeargle\n|move|p1a: Calyrex|Trick Room|p1a: Calyrex\n|-fieldstart|move: Trick Room|[of] p1a: Calyrex\n|\n|-weather|none\n|-end|p1b: Flutter Mane|Protosynthesis\n|-ability|p2a: Smeargle|Moody|boost\n|-boost|p2a: Smeargle|spd|2\n|-unboost|p2a: Smeargle|spa|1\n|upkeep\n|turn|11\n|\n|t:|1738878570\n|move|p1b: Flutter Mane|Protect|p1b: Flutter Mane\n|-singleturn|p1b: Flutter Mane|Protect\n|move|p2a: Smeargle|Fake Out|p1a: Calyrex\n|-damage|p1a: Calyrex|54\/100\n|move|p2b: Torkoal|Heat Wave|p1b: Flutter Mane|[spread] p1a\n|-activate|p1b: Flutter Mane|move: Protect\n|-resisted|p1a: Calyrex\n|-damage|p1a: Calyrex|40\/100\n|cant|p1a: Calyrex|flinch\n|\n|-ability|p2a: Smeargle|Moody|boost\n|-boost|p2a: Smeargle|atk|2\n|-unboost|p2a: Smeargle|def|1\n|upkeep\n|turn|12\n|\n|t:|1738878588\n|move|p2a: Smeargle|Wide Guard|p2a: Smeargle\n|-singleturn|p2a: Smeargle|Wide Guard\n|move|p2b: Torkoal|Heat Wave|p1b: Flutter Mane|[spread] p1a,p1b\n|-resisted|p1a: Calyrex\n|-damage|p1a: Calyrex|26\/100\n|-damage|p1b: Flutter Mane|0 fnt\n|faint|p1b: Flutter Mane\n|-end|p1b: Flutter Mane|Protosynthesis|[silent]\n|move|p1a: Calyrex|Glacial Lance|p2b: Torkoal|[spread] \n|-activate|p2a: Smeargle|move: Wide Guard\n|-activate|p2b: Torkoal|move: Wide Guard\n|\n|-ability|p2a: Smeargle|Moody|boost\n|-boost|p2a: Smeargle|def|2\n|-unboost|p2a: Smeargle|spd|1\n|upkeep\n|turn|13\n|-message|xatseye forfeited.\n|\n|win|caZISA\n|raw|xatseye's rating: 1679 &rarr; <strong>1661<\/strong><br \/>(-18 for losing)\n|raw|caZISA's rating: 1711 &rarr; <strong>1729<\/strong><br \/>(+18 for winning)\n|l|\u2606xatseye\n|player|p1|\n|l|\u2606caZISA\n|player|p2|\n|l| Triple20\n|l| mr pogostick\n","uploadtime":1738878760,"views":41,"formatid":"gen9vgc2025regg","rating":1661,"private":0,"password":null}