{"id":"gen9vgc2025regg-2295072267","format":"[Gen 9] VGC 2025 Reg G","players":["chappell murkroan","mlm2017"],"log":"|j|\u2606chappell murkroan\n|j|\u2606mlm2017\n|t:|1738783727\n|gametype|doubles\n|player|p1|chappell murkroan|caitlin|1607\n|player|p2|mlm2017|2|1586\n|teamsize|p1|6\n|teamsize|p2|6\n|gen|9\n|tier|[Gen 9] VGC 2025 Reg G\n|rated|\n|rule|Species Clause: Limit one of each Pok\u00e9mon\n|rule|Item Clause: Limit 1 of each item\n|clearpoke\n|poke|p1|Terapagos, L50, M|\n|poke|p1|Tsareena, L50, F|\n|poke|p1|Flutter Mane, L50|\n|poke|p1|Chi-Yu, L50|\n|poke|p1|Dondozo, L50, F|\n|poke|p1|Tatsugiri, L50, F|\n|poke|p2|Miraidon, L50|\n|poke|p2|Urshifu-*, L50, M|\n|poke|p2|Iron Hands, L50|\n|poke|p2|Roaring Moon, L50|\n|poke|p2|Farigiraf, L50, F|\n|poke|p2|Sneasler, L50, F|\n|teampreview|4\n|inactive|Battle timer is ON: inactive players will automatically lose when time's up. (requested by mlm2017)\n|inactive|chappell murkroan also wants the timer to be on.\n|inactive|chappell murkroan has 60 seconds left.\n|inactive|mlm2017 has 60 seconds left.\n|\n|t:|1738783763\n|start\n|switch|p1a: Flutter Mane|Flutter Mane, L50|100\/100\n|switch|p1b: Terapagos|Terapagos, L50, M|100\/100\n|switch|p2a: Miraidon|Miraidon, L50|100\/100\n|switch|p2b: Sneasler|Sneasler, L50, F|100\/100\n|-activate|p1b: Terapagos|ability: Tera Shift\n|detailschange|p1b: Terapagos|Terapagos-Terastal, L50, M\n|-heal|p1b: Terapagos|100\/100|[silent]\n|-fieldstart|move: Electric Terrain|[from] ability: Hadron Engine|[of] p2a: Miraidon\n|-enditem|p2b: Sneasler|Electric Seed\n|-boost|p2b: Sneasler|def|1|[from] item: Electric Seed\n|-enditem|p1a: Flutter Mane|Booster Energy\n|-activate|p1a: Flutter Mane|ability: Protosynthesis|[fromitem]\n|-start|p1a: Flutter Mane|protosynthesisspe\n|turn|1\n|inactive|chappell murkroan has 30 seconds left.\n|\n|t:|1738783792\n|move|p2b: Sneasler|Gunk Shot|p1a: Flutter Mane|[miss]\n|-miss|p2b: Sneasler|p1a: Flutter Mane\n|move|p1a: Flutter Mane|Moonblast|p2a: Miraidon\n|-supereffective|p2a: Miraidon\n|-damage|p2a: Miraidon|29\/100\n|move|p2a: Miraidon|Volt Switch|p1a: Flutter Mane\n|-damage|p1a: Flutter Mane|41\/100\n|j| wartortcorp\n|\n|t:|1738783802\n|switch|p2a: Urshifu|Urshifu-Rapid-Strike, L50, M|100\/100|[from] Volt Switch\n|move|p1b: Terapagos|Tera Starstorm|p2b: Sneasler\n|-damage|p2b: Sneasler|0 fnt\n|faint|p2b: Sneasler\n|\n|upkeep\n|\n|t:|1738783811\n|switch|p2b: Miraidon|Miraidon, L50|29\/100\n|-activate|p2b: Miraidon|ability: Hadron Engine\n|turn|2\n|\n|t:|1738783818\n|-terastallize|p2a: Urshifu|Water\n|move|p2a: Urshifu|Aqua Jet|p1a: Flutter Mane\n|-damage|p1a: Flutter Mane|0 fnt\n|faint|p1a: Flutter Mane\n|-end|p1a: Flutter Mane|Protosynthesis|[silent]\n|move|p2b: Miraidon|Volt Switch|p1b: Terapagos\n|-activate|p1b: Terapagos|ability: Tera Shell\n|-resisted|p1b: Terapagos\n|-damage|p1b: Terapagos|68\/100\n|\n|t:|1738783828\n|switch|p2b: Farigiraf|Farigiraf, L50, F|100\/100|[from] Volt Switch\n|move|p1b: Terapagos|Tera Starstorm|p2b: Farigiraf\n|-damage|p2b: Farigiraf|24\/100\n|\n|upkeep\n|\n|t:|1738783836\n|switch|p1a: Dondozo|Dondozo, L50, F|100\/100\n|turn|3\n|inactive|mlm2017 has 30 seconds left.\n|inactive|mlm2017 has 20 seconds left.\n|\n|t:|1738783871\n|switch|p1b: Tatsugiri|Tatsugiri, L50, F|100\/100\n|-activate|p1b: Tatsugiri|ability: Commander|[of] p1a: Dondozo\n|-boost|p1a: Dondozo|atk|2\n|-boost|p1a: Dondozo|spa|2\n|-boost|p1a: Dondozo|spe|2\n|-boost|p1a: Dondozo|def|2\n|-boost|p1a: Dondozo|spd|2\n|move|p2b: Farigiraf|Helping Hand|p2a: Urshifu\n|-singleturn|p2a: Urshifu|Helping Hand|[of] p2b: Farigiraf\n|move|p1a: Dondozo|Order Up|p2a: Urshifu\n|-damage|p2a: Urshifu|58\/100\n|-boost|p1a: Dondozo|atk|1\n|move|p2a: Urshifu|Close Combat|p1a: Dondozo\n|-damage|p1a: Dondozo|68\/100\n|-unboost|p2a: Urshifu|def|1\n|-unboost|p2a: Urshifu|spd|1\n|\n|upkeep\n|turn|4\n|inactive|mlm2017 has 30 seconds left.\n|\n|t:|1738783896\n|move|p2a: Urshifu|Detect|p2a: Urshifu\n|-singleturn|p2a: Urshifu|Protect\n|move|p1a: Dondozo|Order Up|p2a: Urshifu\n|-activate|p2a: Urshifu|move: Protect\n|move|p2b: Farigiraf|Hyper Voice|p1a: Dondozo|[spread] p1a\n|-miss|p2b: Farigiraf|p1b: Tatsugiri\n|-damage|p1a: Dondozo|53\/100\n|-enditem|p2b: Farigiraf|Throat Spray\n|-boost|p2b: Farigiraf|spa|1|[from] item: Throat Spray\n|\n|upkeep\n|turn|5\n|\n|t:|1738783919\n|move|p2a: Urshifu|Detect||[still]\n|-fail|p2a: Urshifu\n|move|p1a: Dondozo|Earthquake|p2b: Farigiraf|[spread] p2a,p2b\n|-miss|p1a: Dondozo|p1b: Tatsugiri\n|-damage|p2a: Urshifu|3\/100\n|-damage|p2b: Farigiraf|0 fnt\n|faint|p2b: Farigiraf\n|\n|-fieldend|move: Electric Terrain\n|upkeep\n|\n|t:|1738783929\n|switch|p2b: Miraidon|Miraidon, L50|29\/100\n|-fieldstart|move: Electric Terrain|[from] ability: Hadron Engine|[of] p2b: Miraidon\n|turn|6\n|\n|t:|1738783936\n|move|p2b: Miraidon|Draco Meteor|p1a: Dondozo\n|-damage|p1a: Dondozo|4\/100\n|-unboost|p2b: Miraidon|spa|2\n|move|p1a: Dondozo|Earthquake|p2a: Urshifu|[spread] p2a,p2b\n|-miss|p1a: Dondozo|p1b: Tatsugiri\n|-supereffective|p2b: Miraidon\n|-damage|p2a: Urshifu|0 fnt\n|-damage|p2b: Miraidon|0 fnt\n|faint|p2a: Urshifu\n|faint|p2b: Miraidon\n|\n|win|chappell murkroan\n|raw|chappell murkroan's rating: 1607 &rarr; <strong>1626<\/strong><br \/>(+19 for winning)\n|raw|mlm2017's rating: 1586 &rarr; <strong>1567<\/strong><br \/>(-19 for losing)\n|l|\u2606chappell murkroan\n|player|p1|\n|c|\u2606mlm2017|Gg\n","uploadtime":1738784098,"views":12,"formatid":"gen9vgc2025regg","rating":1567,"private":0,"password":null}