{"id":"gen9vgc2025regg-2295814320","format":"[Gen 9] VGC 2025 Reg G","players":["Hikawari","TeumessianFox"],"log":"|j|\u2606Hikawari\n|j|\u2606TeumessianFox\n|t:|1738878855\n|gametype|doubles\n|player|p1|Hikawari|101|1626\n|player|p2|TeumessianFox|101|1650\n|teamsize|p1|6\n|teamsize|p2|6\n|gen|9\n|tier|[Gen 9] VGC 2025 Reg G\n|rated|\n|rule|Species Clause: Limit one of each Pok\u00e9mon\n|rule|Item Clause: Limit 1 of each item\n|clearpoke\n|poke|p1|Zamazenta-*, L50|\n|poke|p1|Chi-Yu, L50|\n|poke|p1|Rillaboom, L50, M|\n|poke|p1|Flutter Mane, L50|\n|poke|p1|Chien-Pao, L50|\n|poke|p1|Amoonguss, L50, M|\n|poke|p2|Calyrex-Shadow, L50|\n|poke|p2|Chi-Yu, L50|\n|poke|p2|Grimmsnarl, L50, M|\n|poke|p2|Whimsicott, L50, M|\n|poke|p2|Farigiraf, L50, M|\n|poke|p2|Urshifu-*, L50, M|\n|teampreview|4\nTeumessianFox rejected open team sheets.\n|inactive|Battle timer is ON: inactive players will automatically lose when time's up. (requested by Hikawari)\n|j| mr pogostick\n|l| mr pogostick\n|inactive|TeumessianFox has 60 seconds left.\n|\n|t:|1738878897\n|start\n|switch|p1a: Zamazenta|Zamazenta-Crowned, L50|100\/100\n|switch|p1b: Flutter Mane|Flutter Mane, L50|100\/100\n|switch|p2a: Chi-Yu|Chi-Yu, L50|100\/100\n|switch|p2b: Grimmsnarl|Grimmsnarl, L50, M|100\/100\n|-ability|p1a: Zamazenta|Dauntless Shield|boost\n|-boost|p1a: Zamazenta|def|1\n|-ability|p2a: Chi-Yu|Beads of Ruin\n|-enditem|p1b: Flutter Mane|Booster Energy\n|-activate|p1b: Flutter Mane|ability: Protosynthesis|[fromitem]\n|-start|p1b: Flutter Mane|protosynthesisspe\n|turn|1\n|inactive|TeumessianFox has 30 seconds left.\n|\n|t:|1738878926\n|-terastallize|p1a: Zamazenta|Dragon\n|move|p2b: Grimmsnarl|Fake Out|p1a: Zamazenta\n|-damage|p1a: Zamazenta|96\/100\n|move|p1b: Flutter Mane|Icy Wind|p2a: Chi-Yu|[spread] p2a,p2b\n|-resisted|p2a: Chi-Yu\n|-damage|p2a: Chi-Yu|93\/100\n|-damage|p2b: Grimmsnarl|84\/100\n|-unboost|p2a: Chi-Yu|spe|1\n|-unboost|p2b: Grimmsnarl|spe|1\n|cant|p1a: Zamazenta|flinch\n|move|p2a: Chi-Yu|Heat Wave|p1b: Flutter Mane|[spread] p1a,p1b\n|-resisted|p1a: Zamazenta\n|-damage|p1a: Zamazenta|74\/100\n|-damage|p1b: Flutter Mane|30\/100\n|-damage|p2a: Chi-Yu|83\/100|[from] item: Life Orb\n|\n|upkeep\n|turn|2\n|\n|t:|1738878945\n|move|p2a: Chi-Yu|Protect|p2a: Chi-Yu\n|-singleturn|p2a: Chi-Yu|Protect\n|move|p2b: Grimmsnarl|Thunder Wave|p1a: Zamazenta|[miss]\n|-miss|p2b: Grimmsnarl|p1a: Zamazenta\n|move|p1b: Flutter Mane|Moonblast|p2b: Grimmsnarl\n|-supereffective|p2b: Grimmsnarl\n|-damage|p2b: Grimmsnarl|0 fnt\n|faint|p2b: Grimmsnarl\n|move|p1a: Zamazenta|Body Press|p2a: Chi-Yu\n|-activate|p2a: Chi-Yu|move: Protect\n|\n|upkeep\n|\n|t:|1738878954\n|switch|p2b: Whimsicott|Whimsicott, L50, M|100\/100\n|turn|3\n|\n|t:|1738878970\n|move|p2b: Whimsicott|Tailwind|p2b: Whimsicott\n|-sidestart|p2: TeumessianFox|move: Tailwind\n|move|p1b: Flutter Mane|Moonblast|p2a: Chi-Yu\n|-damage|p2a: Chi-Yu|32\/100\n|move|p2a: Chi-Yu|Heat Wave|p1b: Flutter Mane|[spread] p1a,p1b\n|-resisted|p1a: Zamazenta\n|-damage|p1a: Zamazenta|48\/100\n|-damage|p1b: Flutter Mane|0 fnt\n|faint|p1b: Flutter Mane\n|-end|p1b: Flutter Mane|Protosynthesis|[silent]\n|-damage|p2a: Chi-Yu|22\/100|[from] item: Life Orb\n|move|p1a: Zamazenta|Heavy Slam|p2b: Whimsicott\n|-supereffective|p2b: Whimsicott\n|-damage|p2b: Whimsicott|0 fnt\n|faint|p2b: Whimsicott\n|\n|upkeep\n|\n|t:|1738878981\n|switch|p1b: Chien-Pao|Chien-Pao, L50|100\/100\n|switch|p2b: Calyrex|Calyrex-Shadow, L50|100\/100\n|-ability|p2b: Calyrex|As One\n|-ability|p2b: Calyrex|Unnerve\n|-ability|p1b: Chien-Pao|Sword of Ruin\n|turn|4\n|\n|t:|1738878993\n|-terastallize|p2b: Calyrex|Ghost\n|move|p1b: Chien-Pao|Protect|p1b: Chien-Pao\n|-singleturn|p1b: Chien-Pao|Protect\n|move|p1a: Zamazenta|Protect|p1a: Zamazenta\n|-singleturn|p1a: Zamazenta|Protect\n|move|p2b: Calyrex|Astral Barrage|p1a: Zamazenta|[spread] \n|-activate|p1a: Zamazenta|move: Protect\n|-activate|p1b: Chien-Pao|move: Protect\n|move|p2a: Chi-Yu|Heat Wave|p1a: Zamazenta|[spread] \n|-activate|p1a: Zamazenta|move: Protect\n|-activate|p1b: Chien-Pao|move: Protect\n|\n|upkeep\n|turn|5\n|\n|t:|1738879009\n|move|p1a: Zamazenta|Wide Guard|p1a: Zamazenta\n|-singleturn|p1a: Zamazenta|Wide Guard\n|move|p2b: Calyrex|Astral Barrage|p1b: Chien-Pao|[spread] \n|-activate|p1a: Zamazenta|move: Wide Guard\n|-activate|p1b: Chien-Pao|move: Wide Guard\n|move|p2a: Chi-Yu|Heat Wave|p1b: Chien-Pao|[spread] \n|-activate|p1a: Zamazenta|move: Wide Guard\n|-activate|p1b: Chien-Pao|move: Wide Guard\n|move|p1b: Chien-Pao|Throat Chop|p2a: Chi-Yu\n|-resisted|p2a: Chi-Yu\n|-crit|p2a: Chi-Yu\n|-damage|p2a: Chi-Yu|0 fnt\n|faint|p2a: Chi-Yu\n|\n|upkeep\n|turn|6\n|-message|TeumessianFox forfeited.\n|\n|win|Hikawari\n|raw|Hikawari's rating: 1626 &rarr; <strong>1647<\/strong><br \/>(+21 for winning)\n|raw|TeumessianFox's rating: 1650 &rarr; <strong>1629<\/strong><br \/>(-21 for losing)\n|l|\u2606Hikawari\n|player|p1|\n|l|\u2606TeumessianFox\n|player|p2|\n","uploadtime":1738879168,"views":6,"formatid":"gen9vgc2025regg","rating":1629,"private":0,"password":null}