{"id":"gen9vgc2025regg-2295596905","format":"[Gen 9] VGC 2025 Reg G","players":["koji muranishi","The Slimmest Jesus"],"log":"|j|\u2606koji muranishi\n|j|\u2606The Slimmest Jesus\n|t:|1738857043\n|gametype|doubles\n|player|p1|koji muranishi|102|1706\n|player|p2|The Slimmest Jesus|266|1652\n|teamsize|p1|6\n|teamsize|p2|6\n|gen|9\n|tier|[Gen 9] VGC 2025 Reg G\n|rated|\n|rule|Species Clause: Limit one of each Pok\u00e9mon\n|rule|Item Clause: Limit 1 of each item\n|clearpoke\n|poke|p1|Whimsicott, L50, M|\n|poke|p1|Calyrex-Ice, L50|\n|poke|p1|Urshifu-*, L50, M|\n|poke|p1|Entei, L50|\n|poke|p1|Raging Bolt, L50|\n|poke|p1|Landorus, L50, M|\n|poke|p2|Indeedee-F, L50, F|\n|poke|p2|Regidrago, L50|\n|poke|p2|Torkoal, L50, F|\n|poke|p2|Gallade, L50, M|\n|poke|p2|Calyrex-Ice, L50|\n|poke|p2|Lilligant-Hisui, L50, F|\n|teampreview|4\n|inactive|Battle timer is ON: inactive players will automatically lose when time's up. (requested by koji muranishi)\n|j| 1trickp0nyta\n|l| 1trickp0nyta\n|inactive|The Slimmest Jesus has 60 seconds left.\n|inactive|The Slimmest Jesus has 30 seconds left.\n|inactive|The Slimmest Jesus has 20 seconds left.\n|inactive|The Slimmest Jesus has 15 seconds left.\n|inactive|The Slimmest Jesus has 10 seconds left.\n|inactive|The Slimmest Jesus has 5 seconds left.\n|\n|t:|1738857135\n|start\n|switch|p1a: Calyrex|Calyrex-Ice, L50|100\/100\n|switch|p1b: Landorus|Landorus, L50, M|100\/100\n|switch|p2a: Calyrex|Calyrex-Ice, L50|100\/100\n|switch|p2b: Lilligant|Lilligant-Hisui, L50, F|100\/100\n|-ability|p1a: Calyrex|As One\n|-ability|p1a: Calyrex|Unnerve\n|-ability|p2a: Calyrex|As One\n|-ability|p2a: Calyrex|Unnerve\n|turn|1\n|inactive|koji muranishi has 30 seconds left.\n|\n|t:|1738857161\n|move|p2b: Lilligant|After You|p2a: Calyrex\n|-activate|p2a: Calyrex|move: After You\n|move|p2a: Calyrex|Glacial Lance|p1a: Calyrex|[spread] p1a,p1b\n|-resisted|p1a: Calyrex\n|-supereffective|p1b: Landorus\n|-damage|p1a: Calyrex|79\/100\n|-damage|p1b: Landorus|0 fnt\n|faint|p1b: Landorus\n|-ability|p2a: Calyrex|Chilling Neigh|boost\n|-boost|p2a: Calyrex|atk|1\n|move|p1a: Calyrex|Glacial Lance|p2b: Lilligant|[spread] p2a,p2b\n|-resisted|p2a: Calyrex\n|-supereffective|p2b: Lilligant\n|-damage|p2a: Calyrex|76\/100\n|-enditem|p2b: Lilligant|Focus Sash\n|-damage|p2b: Lilligant|1\/100\n|\n|upkeep\n|inactive|koji muranishi has 30 seconds left.\n|inactive|koji muranishi has 20 seconds left.\n|\n|t:|1738857197\n|switch|p1b: Entei|Entei, L50|100\/100\n|turn|2\n|inactive|The Slimmest Jesus has 30 seconds left.\n|\n|t:|1738857223\n|move|p2a: Calyrex|Protect|p2a: Calyrex\n|-singleturn|p2a: Calyrex|Protect\n|move|p1b: Entei|Extreme Speed|p2b: Lilligant\n|-damage|p2b: Lilligant|0 fnt\n|faint|p2b: Lilligant\n|move|p1a: Calyrex|Glacial Lance|p2a: Calyrex\n|-activate|p2a: Calyrex|move: Protect\n|\n|upkeep\n|\n|t:|1738857233\n|switch|p2b: Indeedee|Indeedee-F, L50, F|100\/100\n|-fieldstart|move: Psychic Terrain|[from] ability: Psychic Surge|[of] p2b: Indeedee\n|turn|3\n|inactive|koji muranishi has 30 seconds left.\n|inactive|koji muranishi has 20 seconds left.\n|inactive|koji muranishi has 15 seconds left.\n|inactive|The Slimmest Jesus has 30 seconds left.\n|\n|t:|1738857278\n|-terastallize|p1a: Calyrex|Ice\n|move|p2b: Indeedee|Helping Hand|p2a: Calyrex\n|-singleturn|p2a: Calyrex|Helping Hand|[of] p2b: Indeedee\n|move|p1b: Entei|Snarl|p2a: Calyrex|[spread] p2a,p2b\n|-supereffective|p2a: Calyrex\n|-supereffective|p2b: Indeedee\n|-damage|p2a: Calyrex|64\/100\n|-damage|p2b: Indeedee|86\/100\n|-unboost|p2a: Calyrex|spa|1\n|-unboost|p2b: Indeedee|spa|1\n|-enditem|p2a: Calyrex|White Herb\n|-clearnegativeboost|p2a: Calyrex|[silent]\n|move|p1a: Calyrex|Glacial Lance|p2b: Indeedee|[spread] p2a,p2b\n|-resisted|p2a: Calyrex\n|-damage|p2a: Calyrex|29\/100\n|-damage|p2b: Indeedee|0 fnt\n|faint|p2b: Indeedee\n|-ability|p1a: Calyrex|Chilling Neigh|boost\n|-boost|p1a: Calyrex|atk|1\n|move|p2a: Calyrex|Glacial Lance|p1b: Entei|[spread] p1a,p1b\n|-resisted|p1a: Calyrex\n|-resisted|p1b: Entei\n|-damage|p1a: Calyrex|29\/100\n|-damage|p1b: Entei|32\/100\n|\n|upkeep\n|\n|t:|1738857299\n|switch|p2b: Regidrago|Regidrago, L50|100\/100\n|turn|4\n|\n|t:|1738857322\n|switch|p1a: Whimsicott|Whimsicott, L50, M|100\/100\n|move|p2b: Regidrago|Protect|p2b: Regidrago\n|-singleturn|p2b: Regidrago|Protect\n|move|p1b: Entei|Snarl|p2a: Calyrex|[spread] p2a\n|-activate|p2b: Regidrago|move: Protect\n|-supereffective|p2a: Calyrex\n|-damage|p2a: Calyrex|19\/100\n|-unboost|p2a: Calyrex|spa|1\n|move|p2a: Calyrex|Trick Room|p2a: Calyrex\n|-fieldstart|move: Trick Room|[of] p2a: Calyrex\n|\n|upkeep\n|turn|5\n|\n|t:|1738857341\n|move|p2b: Regidrago|Earth Power|p1a: Whimsicott\n|-resisted|p1a: Whimsicott\n|-damage|p1a: Whimsicott|76\/100\n|move|p2a: Calyrex|Glacial Lance|p1b: Entei|[spread] p1a,p1b\n|-supereffective|p1a: Whimsicott\n|-resisted|p1b: Entei\n|-damage|p1a: Whimsicott|0 fnt\n|-damage|p1b: Entei|0 fnt\n|faint|p1a: Whimsicott\n|faint|p1b: Entei\n|-ability|p2a: Calyrex|Chilling Neigh|boost\n|-boost|p2a: Calyrex|atk|2\n|\n|upkeep\n|-message|koji muranishi forfeited.\n|\n|win|The Slimmest Jesus\n|raw|koji muranishi's rating: 1706 &rarr; <strong>1683<\/strong><br \/>(-23 for losing)\n|raw|The Slimmest Jesus's rating: 1652 &rarr; <strong>1675<\/strong><br \/>(+23 for winning)\n|l|\u2606koji muranishi\n|player|p1|\n|l|\u2606The Slimmest Jesus\n|player|p2|\n","uploadtime":1738857574,"views":33,"formatid":"gen9vgc2025regg","rating":1675,"private":0,"password":null}