{"id":"gen9vgc2025regg-2295439441","format":"[Gen 9] VGC 2025 Reg G","players":["Gene10","badpiplupvgc"],"log":"|j|\u2606Gene10\n|j|\u2606badpiplupvgc\n|t:|1738835284\n|gametype|doubles\n|player|p1|Gene10|169|1537\n|player|p2|badpiplupvgc|102|1604\n|teamsize|p1|6\n|teamsize|p2|6\n|gen|9\n|tier|[Gen 9] VGC 2025 Reg G\n|rated|\n|rule|Species Clause: Limit one of each Pok\u00e9mon\n|rule|Item Clause: Limit 1 of each item\n|clearpoke\n|poke|p1|Calyrex-Ice, L50|\n|poke|p1|Urshifu-*, L50, F|\n|poke|p1|Raging Bolt, L50|\n|poke|p1|Rillaboom, L50, M|\n|poke|p1|Pelipper, L50, F|\n|poke|p1|Farigiraf, L50, F|\n|poke|p2|Calyrex-Ice, L50|\n|poke|p2|Amoonguss, L50, F|\n|poke|p2|Raging Bolt, L50|\n|poke|p2|Chi-Yu, L50|\n|poke|p2|Rillaboom, L50, F|\n|poke|p2|Urshifu-*, L50, M|\n|teampreview|4\n|inactive|Battle timer is ON: inactive players will automatically lose when time's up. (requested by Gene10)\n|\n|t:|1738835306\n|start\n|switch|p1a: Calyrex|Calyrex-Ice, L50|100\/100\n|switch|p1b: Urshifu|Urshifu-Rapid-Strike, L50, F|100\/100\n|switch|p2a: Rillaboom|Rillaboom, L50, F|100\/100\n|switch|p2b: Urshifu|Urshifu, L50, M|100\/100\n|-ability|p1a: Calyrex|As One\n|-ability|p1a: Calyrex|Unnerve\n|-fieldstart|move: Grassy Terrain|[from] ability: Grassy Surge|[of] p2a: Rillaboom\n|turn|1\n|\n|t:|1738835322\n|switch|p1a: Farigiraf|Farigiraf, L50, F|100\/100\n|move|p1b: Urshifu|Close Combat|p2b: Urshifu\n|-supereffective|p2b: Urshifu\n|-enditem|p2b: Urshifu|Focus Sash\n|-damage|p2b: Urshifu|1\/100\n|-unboost|p1b: Urshifu|def|1\n|-unboost|p1b: Urshifu|spd|1\n|move|p2b: Urshifu|Wicked Blow|p1a: Farigiraf\n|-supereffective|p1a: Farigiraf\n|-crit|p1a: Farigiraf\n|-damage|p1a: Farigiraf|0 fnt\n|faint|p1a: Farigiraf\n|move|p2a: Rillaboom|U-turn|p1b: Urshifu\n|-resisted|p1b: Urshifu\n|-damage|p1b: Urshifu|82\/100\n|\n|t:|1738835337\n|switch|p2a: Calyrex|Calyrex-Ice, L50|100\/100|[from] U-turn\n|-ability|p2a: Calyrex|As One\n|-ability|p2a: Calyrex|Unnerve\n|\n|-heal|p1b: Urshifu|87\/100|[from] Grassy Terrain\n|-heal|p2b: Urshifu|7\/100|[from] Grassy Terrain\n|upkeep\n|\n|t:|1738835344\n|switch|p1a: Calyrex|Calyrex-Ice, L50|100\/100\n|-ability|p1a: Calyrex|As One\n|-ability|p1a: Calyrex|Unnerve\n|turn|2\n|\n|t:|1738835366\n|move|p1b: Urshifu|Close Combat|p2b: Urshifu\n|-supereffective|p2b: Urshifu\n|-damage|p2b: Urshifu|0 fnt\n|-unboost|p1b: Urshifu|def|1\n|-unboost|p1b: Urshifu|spd|1\n|faint|p2b: Urshifu\n|move|p1a: Calyrex|Imprison|p1a: Calyrex\n|-start|p1a: Calyrex|move: Imprison\n|cant|p2a: Calyrex|move: Imprison|Glacial Lance\n|\n|-heal|p1b: Urshifu|93\/100|[from] Grassy Terrain\n|upkeep\n|c|\u2606badpiplupvgc|fy\n|\n|t:|1738835390\n|switch|p2b: Rillaboom|Rillaboom, L50, F|100\/100\n|turn|3\n|\n|t:|1738835397\n|switch|p1b: Raging Bolt|Raging Bolt, L50|100\/100\n|-enditem|p1b: Raging Bolt|Booster Energy\n|-activate|p1b: Raging Bolt|ability: Protosynthesis|[fromitem]\n|-start|p1b: Raging Bolt|protosynthesisspa\n|switch|p2a: Raging Bolt|Raging Bolt, L50|100\/100\n|-enditem|p2a: Raging Bolt|Booster Energy\n|-activate|p2a: Raging Bolt|ability: Protosynthesis|[fromitem]\n|-start|p2a: Raging Bolt|protosynthesisspa\n|move|p2b: Rillaboom|Fake Out|p1a: Calyrex\n|-damage|p1a: Calyrex|92\/100\n|cant|p1a: Calyrex|flinch\n|\n|-heal|p1a: Calyrex|98\/100|[from] Grassy Terrain\n|upkeep\n|turn|4\n|j| yukina VGC\n|inactive|Gene10 has 30 seconds left.\n|inactive|badpiplupvgc has 30 seconds left.\n|inactive|badpiplupvgc has 20 seconds left.\n|\n|t:|1738835433\n|-terastallize|p2a: Raging Bolt|Electric\n|move|p1a: Calyrex|Protect|p1a: Calyrex\n|-singleturn|p1a: Calyrex|Protect\n|move|p1b: Raging Bolt|Draco Meteor|p2a: Raging Bolt\n|-damage|p2a: Raging Bolt|13\/100\n|-unboost|p1b: Raging Bolt|spa|2\n|move|p2a: Raging Bolt|Draco Meteor|p1a: Calyrex\n|-activate|p1a: Calyrex|move: Protect\n|move|p2b: Rillaboom|Wood Hammer|p1a: Calyrex\n|-activate|p1a: Calyrex|move: Protect\n|\n|-heal|p2a: Raging Bolt|19\/100|[from] Grassy Terrain\n|-heal|p1a: Calyrex|100\/100|[from] Grassy Terrain\n|upkeep\n|turn|5\n|\n|t:|1738835456\n|move|p1b: Raging Bolt|Draco Meteor|p2a: Raging Bolt\n|-damage|p2a: Raging Bolt|0 fnt\n|-unboost|p1b: Raging Bolt|spa|2\n|faint|p2a: Raging Bolt\n|-end|p2a: Raging Bolt|Protosynthesis|[silent]\n|move|p2b: Rillaboom|Wood Hammer|p1a: Calyrex\n|-damage|p1a: Calyrex|47\/100\n|-damage|p2b: Rillaboom|83\/100|[from] Recoil\n|move|p1a: Calyrex|Glacial Lance|p2b: Rillaboom\n|-supereffective|p2b: Rillaboom\n|-damage|p2b: Rillaboom|0 fnt\n|faint|p2b: Rillaboom\n|-ability|p1a: Calyrex|Chilling Neigh|boost\n|-boost|p1a: Calyrex|atk|1\n|\n|-heal|p1a: Calyrex|53\/100|[from] Grassy Terrain\n|-fieldend|move: Grassy Terrain\n|upkeep\n|n|!badpiplupvgc|badpiplupvgc\n|-message|badpiplupvgc forfeited.\n|\n|win|Gene10\n|raw|Gene10's rating: 1537 &rarr; <strong>1561<\/strong><br \/>(+24 for winning)\n|raw|badpiplupvgc's rating: 1604 &rarr; <strong>1580<\/strong><br \/>(-24 for losing)\n|l|!badpiplupvgc\n|player|p2|\n|l|\u2606Gene10\n|player|p1|\n|l| yukina VGC\n","uploadtime":1738835471,"views":6,"formatid":"gen9vgc2025regg","rating":1561,"private":0,"password":null}