{"id":"gen9vgc2025regg-2295369920","format":"[Gen 9] VGC 2025 Reg G","players":["nezuko fresh leg","infinitygroudon"],"log":"|j|\u2606nezuko fresh leg\n|j|\u2606infinitygroudon\n|t:|1738821755\n|gametype|doubles\n|player|p1|nezuko fresh leg|tuberf|1658\n|player|p2|infinitygroudon|102|1637\n|teamsize|p1|6\n|teamsize|p2|6\n|gen|9\n|tier|[Gen 9] VGC 2025 Reg G\n|rated|\n|rule|Species Clause: Limit one of each Pok\u00e9mon\n|rule|Item Clause: Limit 1 of each item\n|clearpoke\n|poke|p1|Whimsicott, L50, F|\n|poke|p1|Indeedee-F, L50, F|\n|poke|p1|Calyrex-Shadow, L50|\n|poke|p1|Urshifu-*, L50, F|\n|poke|p1|Chi-Yu, L50|\n|poke|p1|Ogerpon-Wellspring, L50, F|\n|poke|p2|Calyrex-Shadow, L50|\n|poke|p2|Incineroar, L50, M|\n|poke|p2|Weezing-Galar, L50, M|\n|poke|p2|Indeedee-F, L50, F|\n|poke|p2|Iron Valiant, L50|\n|poke|p2|Ursaluna-Bloodmoon, L50, M|\n|teampreview|4\nnezuko fresh leg has agreed to open team sheets.\ninfinitygroudon has agreed to open team sheets.\n|showteam|p1|Whimsicott||CovertCloak|Prankster|Taunt,Tailwind,DazzlingGleam,FakeTears|||F|||50|,,,,,Steel]Indeedee-F||RockyHelmet|PsychicSurge|FollowMe,DazzlingGleam,HelpingHand,TrickRoom|||F|||50|,,,,,Water]Calyrex-Shadow||FocusSash|AsOneSpectrier|AstralBarrage,ExpandingForce,Protect,NastyPlot||||||50|,,,,,Ghost]Urshifu-Rapid-Strike||MysticWater|UnseenFist|SurgingStrikes,CloseCombat,AquaJet,Protect|||F|||50|,,,,,Water]Chi-Yu||LifeOrb|BeadsofRuin|DarkPulse,Snarl,HeatWave,Protect||||||50|,,,,,Fire]Ogerpon-Wellspring||WellspringMask|WaterAbsorb|IvyCudgel,WoodHammer,FollowMe,SpikyShield|||F|||50|,,,,,Water\n|showteam|p2|Calyrex-Shadow||LifeOrb|AsOneSpectrier|ExpandingForce,HyperBeam,Protect,AstralBarrage||||||50|,,,,,Normal]Incineroar||AbilityShield|Intimidate|FakeOut,KnockOff,WillOWisp,PartingShot|||M|||50|,,,,,Ghost]Weezing-Galar||SitrusBerry|NeutralizingGas|SludgeBomb,WillOWisp,Taunt,Protect|||M|||50|,,,,,Steel]Indeedee-F||RockyHelmet|PsychicSurge|FollowMe,DazzlingGleam,HelpingHand,TrickRoom|||F|||50|,,,,,Fairy]Iron Valiant||BoosterEnergy|QuarkDrive|SpiritBreak,CloseCombat,ShadowSneak,Protect||||||50|,,,,,Fairy]Ursaluna-Bloodmoon||AssaultVest|MindsEye|BloodMoon,EarthPower,HyperVoice,VacuumWave|||M|||50|,,,,,Normal\n|inactive|Battle timer is ON: inactive players will automatically lose when time's up. (requested by nezuko fresh leg)\n|\n|t:|1738821777\n|start\n|switch|p1a: Whimsicott|Whimsicott, L50, F|100\/100\n|switch|p1b: Urshifu|Urshifu-Rapid-Strike, L50, F|100\/100\n|switch|p2a: Duncan|Calyrex-Shadow, L50|100\/100\n|switch|p2b: Charming|Iron Valiant, L50, shiny|100\/100\n|-ability|p2a: Duncan|As One\n|-ability|p2a: Duncan|Unnerve\n|-enditem|p2b: Charming|Booster Energy\n|-activate|p2b: Charming|ability: Quark Drive|[fromitem]\n|-start|p2b: Charming|quarkdrivespe\n|turn|1\n|j| PsquareGames\n|\n|t:|1738821793\n|switch|p2a: Mr. Gassy|Weezing-Galar, L50, M|100\/100\n|-ability|p2a: Mr. Gassy|Neutralizing Gas\n|-terastallize|p1b: Urshifu|Water\n|move|p1a: Whimsicott|Tailwind|p1a: Whimsicott\n|-sidestart|p1: nezuko fresh leg|move: Tailwind\n|move|p1b: Urshifu|Surging Strikes|p2a: Mr. Gassy\n|-crit|p2a: Mr. Gassy\n|-damage|p2a: Mr. Gassy|69\/100\n|-crit|p2a: Mr. Gassy\n|-damage|p2a: Mr. Gassy|37\/100\n|-enditem|p2a: Mr. Gassy|Sitrus Berry|[eat]\n|-heal|p2a: Mr. Gassy|61\/100|[from] item: Sitrus Berry\n|-crit|p2a: Mr. Gassy\n|-damage|p2a: Mr. Gassy|27\/100\n|-hitcount|p2a: Mr. Gassy|3\n|move|p2b: Charming|Spirit Break|p1b: Urshifu\n|-damage|p1b: Urshifu|61\/100\n|-unboost|p1b: Urshifu|spa|1\n|\n|upkeep\n|turn|2\n|l| PsquareGames\n|\n|t:|1738821815\n|-end|p2b: Charming|Quark Drive|[silent]\n|switch|p2b: Suthen|Indeedee-F, L50, F|100\/100\n|move|p1a: Whimsicott|Dazzling Gleam|p2a: Mr. Gassy|[spread] p2a,p2b\n|-resisted|p2a: Mr. Gassy\n|-damage|p2a: Mr. Gassy|18\/100\n|-damage|p2b: Suthen|85\/100\n|move|p1b: Urshifu|Surging Strikes|p2a: Mr. Gassy\n|-crit|p2a: Mr. Gassy\n|-damage|p2a: Mr. Gassy|0 fnt\n|faint|p2a: Mr. Gassy\n|-end|p2a: Mr. Gassy|ability: Neutralizing Gas\n|-fieldstart|move: Psychic Terrain|[from] ability: Psychic Surge|[of] p2b: Suthen\n|-hitcount|p2: Mr. Gassy|1\n|\n|upkeep\n|\n|t:|1738821822\n|switch|p2a: Duncan|Calyrex-Shadow, L50|100\/100\n|-ability|p2a: Duncan|As One\n|-ability|p2a: Duncan|Unnerve\n|turn|3\n|\n|t:|1738821830\n|switch|p1a: \u60e1\u718a\u5669\u5922|Indeedee-F, L50, F|100\/100\n|move|p2b: Suthen|Follow Me|p2b: Suthen\n|-singleturn|p2b: Suthen|move: Follow Me\n|move|p1b: Urshifu|Surging Strikes|p2b: Suthen\n|-crit|p2b: Suthen\n|-damage|p2b: Suthen|50\/100\n|-damage|p1b: Urshifu|44\/100|[from] item: Rocky Helmet|[of] p2b: Suthen\n|-crit|p2b: Suthen\n|-damage|p2b: Suthen|10\/100\n|-damage|p1b: Urshifu|28\/100|[from] item: Rocky Helmet|[of] p2b: Suthen\n|-crit|p2b: Suthen\n|-damage|p2b: Suthen|0 fnt\n|-damage|p1b: Urshifu|11\/100|[from] item: Rocky Helmet|[of] p2b: Suthen\n|faint|p2b: Suthen\n|-hitcount|p2: Suthen|3\n|move|p2a: Duncan|Expanding Force|p1a: \u60e1\u718a\u5669\u5922|[spread] p1a,p1b\n|-resisted|p1a: \u60e1\u718a\u5669\u5922\n|-damage|p1a: \u60e1\u718a\u5669\u5922|57\/100\n|-damage|p1b: Urshifu|0 fnt\n|faint|p1b: Urshifu\n|-ability|p2a: Duncan|Grim Neigh|boost\n|-boost|p2a: Duncan|spa|1\n|-damage|p2a: Duncan|91\/100|[from] item: Life Orb\n|\n|upkeep\n|\n|t:|1738821847\n|switch|p1b: Calyrex|Calyrex-Shadow, L50|100\/100\n|switch|p2b: Charming|Iron Valiant, L50, shiny|100\/100\n|-ability|p1b: Calyrex|As One\n|-ability|p1b: Calyrex|Unnerve\n|turn|4\n|\n|t:|1738821865\n|switch|p1b: Whimsicott|Whimsicott, L50, F|100\/100\n|move|p2b: Charming|Protect|p2b: Charming\n|-singleturn|p2b: Charming|Protect\n|move|p1a: \u60e1\u718a\u5669\u5922|Follow Me|p1a: \u60e1\u718a\u5669\u5922\n|-singleturn|p1a: \u60e1\u718a\u5669\u5922|move: Follow Me\n|move|p2a: Duncan|Expanding Force|p1b: Whimsicott|[spread] p1a,p1b\n|-resisted|p1a: \u60e1\u718a\u5669\u5922\n|-crit|p1b: Whimsicott\n|-damage|p1a: \u60e1\u718a\u5669\u5922|0 fnt\n|-damage|p1b: Whimsicott|0 fnt\n|faint|p1a: \u60e1\u718a\u5669\u5922\n|faint|p1b: Whimsicott\n|-ability|p2a: Duncan|Grim Neigh|boost\n|-boost|p2a: Duncan|spa|2\n|-damage|p2a: Duncan|81\/100|[from] item: Life Orb\n|\n|-sideend|p1: nezuko fresh leg|move: Tailwind\n|upkeep\n|\n|t:|1738821873\n|switch|p1b: Calyrex|Calyrex-Shadow, L50|100\/100\n|-ability|p1b: Calyrex|As One\n|-ability|p1b: Calyrex|Unnerve\n|turn|5\n|\n|t:|1738821891\n|move|p2a: Duncan|Expanding Force|p1b: Calyrex\n|-resisted|p1b: Calyrex\n|-enditem|p1b: Calyrex|Focus Sash\n|-damage|p1b: Calyrex|1\/100\n|-damage|p2a: Duncan|72\/100|[from] item: Life Orb\n|move|p1b: Calyrex|Astral Barrage|p2b: Charming|[spread] p2a,p2b\n|-supereffective|p2a: Duncan\n|-crit|p2b: Charming\n|-damage|p2a: Duncan|0 fnt\n|-damage|p2b: Charming|0 fnt\n|faint|p2a: Duncan\n|faint|p2b: Charming\n|-end|p2b: Charming|Quark Drive|[silent]\n|\n|win|nezuko fresh leg\n|raw|nezuko fresh leg's rating: 1658 &rarr; <strong>1677<\/strong><br \/>(+19 for winning)\n|raw|infinitygroudon's rating: 1637 &rarr; <strong>1618<\/strong><br \/>(-19 for losing)\n|l|\u2606infinitygroudon\n|player|p2|\n|l|\u2606nezuko fresh leg\n|player|p1|\n","uploadtime":1738822163,"views":19,"formatid":"gen9vgc2025regg","rating":1618,"private":0,"password":null}