{"id":"gen9vgc2025regg-2295355231","format":"[Gen 9] VGC 2025 Reg G","players":["cobalt_poke","xiaobengou123"],"log":"|j|\u2606cobalt_poke\n|j|\u2606xiaobengou123\n|t:|1738819043\n|gametype|doubles\n|player|p1|cobalt_poke|266|1575\n|player|p2|xiaobengou123|twins-gen4dp|1660\n|teamsize|p1|6\n|teamsize|p2|6\n|gen|9\n|tier|[Gen 9] VGC 2025 Reg G\n|rated|\n|rule|Species Clause: Limit one of each Pok\u00e9mon\n|rule|Item Clause: Limit 1 of each item\n|clearpoke\n|poke|p1|Weezing-Galar, L50, M|\n|poke|p1|Calyrex-Shadow, L50|\n|poke|p1|Dondozo, L50, M|\n|poke|p1|Tatsugiri, L50, F|\n|poke|p1|Incineroar, L50, M|\n|poke|p1|Roaring Moon, L50|\n|poke|p2|Calyrex-Ice, L50|\n|poke|p2|Incineroar, L50, M|\n|poke|p2|Ogerpon-Cornerstone, L50, F|\n|poke|p2|Urshifu-*, L50, M|\n|poke|p2|Indeedee-F, L50, F|\n|poke|p2|Raging Bolt, L50|\n|teampreview|4\n|j| MTcxing\n|\n|t:|1738819098\n|start\n|switch|p1a: Incineroar|Incineroar, L50, M|100\/100\n|switch|p1b: Weezing|Weezing-Galar, L50, M|100\/100\n|switch|p2a: Calyrex|Calyrex-Ice, L50|100\/100\n|switch|p2b: Urshifu|Urshifu-Rapid-Strike, L50, M|100\/100\n|-ability|p1b: Weezing|Neutralizing Gas\n|-block|p1a: Incineroar|item: Ability Shield\n|-ability|p2a: Calyrex|As One\n|-ability|p2a: Calyrex|Unnerve\n|-ability|p1a: Incineroar|Intimidate|boost\n|-unboost|p2a: Calyrex|atk|1\n|-unboost|p2b: Urshifu|atk|1\n|turn|1\n|\n|t:|1738819119\n|switch|p2a: Indeedee|Indeedee-F, L50, F|100\/100\n|move|p1a: Incineroar|Fake Out|p2b: Urshifu\n|-damage|p2b: Urshifu|89\/100\n|cant|p2b: Urshifu|flinch\n|move|p1b: Weezing|Toxic Spikes|p2a: Indeedee\n|-sidestart|p2: xiaobengou123|move: Toxic Spikes\n|\n|upkeep\n|turn|2\n|\n|t:|1738819132\n|switch|p1a: Dondozo|Dondozo, L50, M|100\/100\n|move|p2b: Urshifu|Surging Strikes|p1a: Dondozo\n|-resisted|p1a: Dondozo\n|-crit|p1a: Dondozo\n|-damage|p1a: Dondozo|93\/100\n|-resisted|p1a: Dondozo\n|-crit|p1a: Dondozo\n|-damage|p1a: Dondozo|86\/100\n|-resisted|p1a: Dondozo\n|-crit|p1a: Dondozo\n|-damage|p1a: Dondozo|79\/100\n|-hitcount|p1a: Dondozo|3\n|move|p2a: Indeedee|Psychic|p1b: Weezing\n|-supereffective|p1b: Weezing\n|-damage|p1b: Weezing|50\/100\n|-enditem|p1b: Weezing|Sitrus Berry|[eat]\n|-heal|p1b: Weezing|75\/100|[from] item: Sitrus Berry\n|move|p1b: Weezing|Poison Gas|p2b: Urshifu|[spread] p2a\n|-miss|p1b: Weezing|p2b: Urshifu\n|-status|p2a: Indeedee|psn\n|\n|-heal|p1a: Dondozo|86\/100|[from] item: Leftovers\n|-damage|p2a: Indeedee|88\/100 psn|[from] psn\n|upkeep\n|turn|3\n|\n|t:|1738819156\n|move|p1b: Weezing|Protect|p1b: Weezing\n|-singleturn|p1b: Weezing|Protect\n|move|p2b: Urshifu|Surging Strikes|p1b: Weezing\n|-activate|p1b: Weezing|move: Protect\n|move|p2a: Indeedee|Psychic|p1b: Weezing\n|-activate|p1b: Weezing|move: Protect\n|move|p1a: Dondozo|Substitute|p1a: Dondozo\n|-start|p1a: Dondozo|Substitute\n|-damage|p1a: Dondozo|61\/100\n|\n|-heal|p1a: Dondozo|67\/100|[from] item: Leftovers\n|-damage|p2a: Indeedee|76\/100 psn|[from] psn\n|upkeep\n|turn|4\n|\n|t:|1738819171\n|-end|p1b: Weezing|ability: Neutralizing Gas\n|-fieldstart|move: Psychic Terrain|[from] ability: Psychic Surge|[of] p2a: Indeedee\n|switch|p1b: Tatsugiri|Tatsugiri, L50, F|100\/100\n|-activate|p1b: Tatsugiri|ability: Commander|[of] p1a: Dondozo\n|-boost|p1a: Dondozo|atk|2\n|-boost|p1a: Dondozo|spa|2\n|-boost|p1a: Dondozo|spe|2\n|-boost|p1a: Dondozo|def|2\n|-boost|p1a: Dondozo|spd|2\n|move|p2b: Urshifu|Surging Strikes|p1b: Tatsugiri|[miss]\n|-miss|p2b: Urshifu|p1b: Tatsugiri\n|move|p1a: Dondozo|Earthquake|p2b: Urshifu|[spread] p2a,p2b\n|-miss|p1a: Dondozo|p1b: Tatsugiri\n|-damage|p2a: Indeedee|29\/100 psn\n|-damage|p2b: Urshifu|45\/100\n|move|p2a: Indeedee|Trick Room|p2a: Indeedee\n|-fieldstart|move: Trick Room|[of] p2a: Indeedee\n|\n|-heal|p1a: Dondozo|73\/100|[from] item: Leftovers\n|-damage|p2a: Indeedee|17\/100 psn|[from] psn\n|upkeep\n|turn|5\n|\n|t:|1738819197\n|-terastallize|p2b: Urshifu|Stellar\n|move|p2a: Indeedee|Heal Pulse|p2b: Urshifu\n|-heal|p2b: Urshifu|95\/100\n|move|p1a: Dondozo|Earthquake|p2a: Indeedee|[spread] p2a,p2b\n|-miss|p1a: Dondozo|p1b: Tatsugiri\n|-damage|p2a: Indeedee|0 fnt\n|-damage|p2b: Urshifu|47\/100\n|faint|p2a: Indeedee\n|move|p2b: Urshifu|Surging Strikes|p1a: Dondozo\n|-resisted|p1a: Dondozo\n|-crit|p1a: Dondozo\n|-activate|p1a: Dondozo|move: Substitute|[damage]\n|-resisted|p1a: Dondozo\n|-crit|p1a: Dondozo\n|-activate|p1a: Dondozo|move: Substitute|[damage]\n|-resisted|p1a: Dondozo\n|-crit|p1a: Dondozo\n|-end|p1a: Dondozo|Substitute\n|-hitcount|p1a: Dondozo|3\n|\n|-heal|p1a: Dondozo|79\/100|[from] item: Leftovers\n|upkeep\n|\n|t:|1738819215\n|switch|p2a: Raging Bolt|Raging Bolt, L50|100\/100\n|-status|p2a: Raging Bolt|psn\n|turn|6\n|\n|t:|1738819222\n|-terastallize|p1a: Dondozo|Grass\n|move|p2a: Raging Bolt|Thunderbolt|p1a: Dondozo\n|-resisted|p1a: Dondozo\n|-damage|p1a: Dondozo|69\/100\n|move|p1a: Dondozo|Earthquake|p2a: Raging Bolt|[spread] p2a,p2b\n|-miss|p1a: Dondozo|p1b: Tatsugiri\n|-supereffective|p2a: Raging Bolt\n|-damage|p2a: Raging Bolt|38\/100 psn\n|-damage|p2b: Urshifu|5\/100\n|move|p2b: Urshifu|Surging Strikes|p1a: Dondozo\n|-resisted|p1a: Dondozo\n|-crit|p1a: Dondozo\n|-damage|p1a: Dondozo|62\/100\n|-resisted|p1a: Dondozo\n|-crit|p1a: Dondozo\n|-damage|p1a: Dondozo|55\/100\n|-resisted|p1a: Dondozo\n|-crit|p1a: Dondozo\n|-damage|p1a: Dondozo|48\/100\n|-hitcount|p1a: Dondozo|3\n|\n|-heal|p1a: Dondozo|54\/100|[from] item: Leftovers\n|-damage|p2a: Raging Bolt|26\/100 psn|[from] psn\n|upkeep\n|turn|7\n|-message|xiaobengou123 forfeited.\n|\n|win|cobalt_poke\n|raw|cobalt_poke's rating: 1575 &rarr; <strong>1600<\/strong><br \/>(+25 for winning)\n|raw|xiaobengou123's rating: 1660 &rarr; <strong>1635<\/strong><br \/>(-25 for losing)\n|l|\u2606xiaobengou123\n|player|p2|\n|l|\u2606cobalt_poke\n|player|p1|\n|l| MTcxing\n","uploadtime":1738819385,"views":6,"formatid":"gen9vgc2025regg","rating":1600,"private":0,"password":null}