{"id":"gen9vgc2025regg-2295384897","format":"[Gen 9] VGC 2025 Reg G","players":["JoshuaShorts","MegalycanrocEX"],"log":"|j|\u2606JoshuaShorts\n|j|\u2606MegalycanrocEX\n|t:|1738824769\n|gametype|doubles\n|player|p1|JoshuaShorts|elesa-masters|1623\n|player|p2|MegalycanrocEX|169|1548\n|teamsize|p1|6\n|teamsize|p2|6\n|gen|9\n|tier|[Gen 9] VGC 2025 Reg G\n|rated|\n|rule|Species Clause: Limit one of each Pok\u00e9mon\n|rule|Item Clause: Limit 1 of each item\n|clearpoke\n|poke|p1|Zacian-*, L50|\n|poke|p1|Tornadus, L50, M|\n|poke|p1|Chi-Yu, L50|\n|poke|p1|Regidrago, L50|\n|poke|p1|Amoonguss, L50, F|\n|poke|p1|Ditto, L50|\n|poke|p2|Tornadus, L50, M|\n|poke|p2|Calyrex-Shadow, L50|\n|poke|p2|Urshifu-*, L50, M|\n|poke|p2|Rillaboom, L50, M|\n|poke|p2|Incineroar, L50, M|\n|poke|p2|Ogerpon-Cornerstone, L50, F|\n|teampreview|4\n|\n|t:|1738824799\n|start\n|switch|p1a: Leeseo|Tornadus, L50, M|100\/100\n|switch|p1b: Gaeul|Zacian-Crowned, L50|100\/100\n|switch|p2a: Tornadus|Tornadus, L50, M|100\/100\n|switch|p2b: Incineroar|Incineroar, L50, M|100\/100\n|-ability|p1b: Gaeul|Intrepid Sword|boost\n|-boost|p1b: Gaeul|atk|1\n|-ability|p2b: Incineroar|Intimidate|boost\n|-unboost|p1a: Leeseo|atk|1\n|-unboost|p1b: Gaeul|atk|1\n|turn|1\n|inactive|Battle timer is ON: inactive players will automatically lose when time's up. (requested by JoshuaShorts)\n|inactive|MegalycanrocEX has 60 seconds left.\n|\n|t:|1738824848\n|move|p1b: Gaeul|Protect|p1b: Gaeul\n|-singleturn|p1b: Gaeul|Protect\n|move|p2a: Tornadus|Tailwind|p2a: Tornadus\n|-sidestart|p2: MegalycanrocEX|move: Tailwind\n|move|p2b: Incineroar|Parting Shot|p1b: Gaeul\n|-activate|p1b: Gaeul|move: Protect\n|move|p1a: Leeseo|Icy Wind|p2a: Tornadus|[spread] p2a,p2b\n|-supereffective|p2a: Tornadus\n|-resisted|p2b: Incineroar\n|-damage|p2a: Tornadus|72\/100\n|-damage|p2b: Incineroar|96\/100\n|-unboost|p2b: Incineroar|spe|1\n|\n|upkeep\n|turn|2\n|\n|t:|1738824867\n|-terastallize|p1b: Gaeul|Ground\n|move|p2a: Tornadus|Scary Face|p1b: Gaeul\n|-unboost|p1b: Gaeul|spe|2\n|move|p1a: Leeseo|Tailwind|p1a: Leeseo\n|-sidestart|p1: JoshuaShorts|move: Tailwind\n|move|p1b: Gaeul|Tera Blast|p2b: Incineroar|[anim] Tera Blast Ground\n|-supereffective|p2b: Incineroar\n|-crit|p2b: Incineroar\n|-damage|p2b: Incineroar|0 fnt\n|faint|p2b: Incineroar\n|\n|upkeep\n|\n|t:|1738824877\n|switch|p2b: Calyrex|Calyrex-Shadow, L50|100\/100\n|-ability|p2b: Calyrex|As One\n|-ability|p2b: Calyrex|Unnerve\n|turn|3\n|\n|t:|1738824889\n|move|p2b: Calyrex|Astral Barrage|p1b: Gaeul|[spread] p1a,p1b\n|-damage|p1a: Leeseo|21\/100\n|-damage|p1b: Gaeul|42\/100\n|move|p1a: Leeseo|Icy Wind|p2b: Calyrex|[spread] p2a,p2b\n|-supereffective|p2a: Tornadus\n|-damage|p2a: Tornadus|43\/100\n|-damage|p2b: Calyrex|89\/100\n|-unboost|p2b: Calyrex|spe|1\n|move|p2a: Tornadus|Bleakwind Storm|p1a: Leeseo|[spread] p1a,p1b\n|-damage|p1a: Leeseo|0 fnt\n|-damage|p1b: Gaeul|8\/100\n|faint|p1a: Leeseo\n|move|p1b: Gaeul|Behemoth Blade|p2b: Calyrex\n|-damage|p2b: Calyrex|25\/100\n|\n|upkeep\n|\n|t:|1738824903\n|switch|p1a: Wonyoung|Ditto, L50|100\/100\n|-transform|p1a: Wonyoung|p2b: Calyrex|[from] ability: Imposter\n|-ability|p1a: Wonyoung|As One\n|-ability|p1a: Wonyoung|Unnerve\n|turn|4\n|\n|t:|1738824921\n|-terastallize|p2b: Calyrex|Normal\n|move|p1b: Gaeul|Protect|p1b: Gaeul\n|-singleturn|p1b: Gaeul|Protect\n|move|p1a: Wonyoung|Astral Barrage|p2a: Tornadus|[spread] p2a\n|-immune|p2b: Calyrex\n|-damage|p2a: Tornadus|0 fnt\n|faint|p2a: Tornadus\n|-ability|p1a: Wonyoung|Grim Neigh|boost\n|-boost|p1a: Wonyoung|spa|1\n|move|p2b: Calyrex|Astral Barrage|p1b: Gaeul|[spread] p1a\n|-activate|p1b: Gaeul|move: Protect\n|-supereffective|p1a: Wonyoung\n|-damage|p1a: Wonyoung|0 fnt\n|faint|p1a: Wonyoung\n|-ability|p2b: Calyrex|Grim Neigh|boost\n|-boost|p2b: Calyrex|spa|1\n|\n|-sideend|p2: MegalycanrocEX|move: Tailwind\n|upkeep\n|\n|t:|1738824940\n|switch|p2a: Ogerpon|Ogerpon-Cornerstone, L50, F|100\/100\n|switch|p1a: Liz|Chi-Yu, L50|100\/100\n|-ability|p1a: Liz|Beads of Ruin\n|turn|5\n|\n|t:|1738824958\n|move|p2a: Ogerpon|Spiky Shield|p2a: Ogerpon\n|-singleturn|p2a: Ogerpon|move: Protect\n|move|p2b: Calyrex|Protect|p2b: Calyrex\n|-singleturn|p2b: Calyrex|Protect\n|move|p1a: Liz|Heat Wave|p2b: Calyrex|[spread] \n|-activate|p2a: Ogerpon|move: Protect\n|-activate|p2b: Calyrex|move: Protect\n|move|p1b: Gaeul|Tera Blast|p2b: Calyrex|[anim] Tera Blast Ground\n|-activate|p2b: Calyrex|move: Protect\n|\n|-sideend|p1: JoshuaShorts|move: Tailwind\n|upkeep\n|turn|6\n|\n|t:|1738824979\n|move|p1b: Gaeul|Protect|p1b: Gaeul\n|-singleturn|p1b: Gaeul|Protect\n|move|p2a: Ogerpon|Ivy Cudgel|p1a: Liz|[anim] Ivy Cudgel Rock\n|-supereffective|p1a: Liz\n|-enditem|p1a: Liz|Focus Sash\n|-damage|p1a: Liz|1\/100\n|move|p1a: Liz|Heat Wave|p2b: Calyrex|[spread] p2a,p2b\n|-damage|p2a: Ogerpon|37\/100\n|-damage|p2b: Calyrex|0 fnt\n|faint|p2b: Calyrex\n|\n|upkeep\n|turn|7\n|\n|t:|1738824996\n|move|p2a: Ogerpon|Spiky Shield|p2a: Ogerpon\n|-singleturn|p2a: Ogerpon|move: Protect\n|move|p1a: Liz|Dark Pulse|p2a: Ogerpon\n|-activate|p2a: Ogerpon|move: Protect\n|move|p1b: Gaeul|Behemoth Blade|p2a: Ogerpon\n|-activate|p2a: Ogerpon|move: Protect\n|-damage|p1b: Gaeul|0 fnt|[from] Spiky Shield|[of] p2a: Ogerpon\n|faint|p1b: Gaeul\n|\n|upkeep\n|turn|8\n|\n|t:|1738825007\n|move|p2a: Ogerpon|Ivy Cudgel|p1a: Liz|[anim] Ivy Cudgel Rock\n|-supereffective|p1a: Liz\n|-damage|p1a: Liz|0 fnt\n|faint|p1a: Liz\n|\n|win|MegalycanrocEX\n|raw|JoshuaShorts's rating: 1623 &rarr; <strong>1599<\/strong><br \/>(-24 for losing)\n|raw|MegalycanrocEX's rating: 1548 &rarr; <strong>1572<\/strong><br \/>(+24 for winning)\n|l|\u2606JoshuaShorts\n|player|p1|\n","uploadtime":1738825014,"views":18,"formatid":"gen9vgc2025regg","rating":1572,"private":0,"password":null}