{"id":"gen9vgc2025regg-2295273453","format":"[Gen 9] VGC 2025 Reg G","players":["GucciSoup","sibylla_system"],"log":"|j|\u2606GucciSoup\n|j|\u2606sibylla_system\n|t:|1738807023\n|gametype|doubles\n|player|p1|GucciSoup|wallace|1585\n|player|p2|sibylla_system|170|1607\n|teamsize|p1|6\n|teamsize|p2|6\n|gen|9\n|tier|[Gen 9] VGC 2025 Reg G\n|rated|\n|rule|Species Clause: Limit one of each Pok\u00e9mon\n|rule|Item Clause: Limit 1 of each item\n|clearpoke\n|poke|p1|Miraidon, L50|\n|poke|p1|Incineroar, L50, F|\n|poke|p1|Scizor, L50, F|\n|poke|p1|Grimmsnarl, L50, M|\n|poke|p1|Pelipper, L50, F|\n|poke|p1|Landorus, L50, M|\n|poke|p2|Calyrex-Ice, L50|\n|poke|p2|Raging Bolt, L50|\n|poke|p2|Landorus, L50, M|\n|poke|p2|Urshifu-*, L50, M|\n|poke|p2|Incineroar, L50, F|\n|poke|p2|Amoonguss, L50, M|\n|teampreview|4\n|\n|t:|1738807066\n|start\n|switch|p1a: Kendrick|Incineroar, L50, F|100\/100\n|switch|p1b: Cpt. Planet|Pelipper, L50, F|100\/100\n|switch|p2a: Landorus|Landorus, L50, M|100\/100\n|switch|p2b: Calyrex|Calyrex-Ice, L50|100\/100\n|-ability|p2b: Calyrex|As One\n|-ability|p2b: Calyrex|Unnerve\n|-weather|RainDance|[from] ability: Drizzle|[of] p1b: Cpt. Planet\n|-ability|p1a: Kendrick|Intimidate|boost\n|-unboost|p2a: Landorus|atk|1\n|-fail|p2b: Calyrex|unboost|[from] item: Clear Amulet|[of] p2b: Calyrex\n|turn|1\n|\n|t:|1738807094\n|switch|p2a: Amoonguss|Amoonguss, L50, M|100\/100\n|move|p1b: Cpt. Planet|Weather Ball|p2a: Amoonguss\n|-resisted|p2a: Amoonguss\n|-damage|p2a: Amoonguss|79\/100\n|move|p2b: Calyrex|Glacial Lance|p1a: Kendrick|[spread] p1a,p1b\n|-resisted|p1a: Kendrick\n|-damage|p1a: Kendrick|77\/100\n|-damage|p1b: Cpt. Planet|22\/100\n|move|p1a: Kendrick|Roar|p2b: Calyrex\n|drag|p2b: Landorus|Landorus, L50, M|100\/100\n|\n|-weather|RainDance|[upkeep]\n|upkeep\n|turn|2\n|\n|t:|1738807119\n|switch|p1b: Thunder Bringer|Landorus, L50, M|100\/100\n|move|p2b: Landorus|Sludge Bomb|p1b: Thunder Bringer\n|-resisted|p1b: Thunder Bringer\n|-damage|p1b: Thunder Bringer|75\/100\n|move|p1a: Kendrick|Parting Shot|p2b: Landorus\n|-unboost|p2b: Landorus|atk|1\n|-unboost|p2b: Landorus|spa|1\n|\n|t:|1738807124\n|switch|p1a: Metal Overlord|Miraidon, L50|100\/100|[from] Parting Shot\n|-fieldstart|move: Electric Terrain|[from] ability: Hadron Engine|[of] p1a: Metal Overlord\n|-enditem|p1a: Metal Overlord|Electric Seed\n|-boost|p1a: Metal Overlord|def|1|[from] item: Electric Seed\n|move|p2a: Amoonguss|Spore|p1a: Metal Overlord\n|-activate|p1a: Metal Overlord|move: Electric Terrain\n|\n|-weather|RainDance|[upkeep]\n|upkeep\n|turn|3\n|\n|t:|1738807145\n|-terastallize|p1a: Metal Overlord|Bug\n|move|p2b: Landorus|Sludge Bomb|p1a: Metal Overlord\n|-damage|p1a: Metal Overlord|76\/100\n|move|p1a: Metal Overlord|Calm Mind|p1a: Metal Overlord\n|-boost|p1a: Metal Overlord|spa|1\n|-boost|p1a: Metal Overlord|spd|1\n|move|p1b: Thunder Bringer|Earth Power|p2a: Amoonguss\n|-damage|p2a: Amoonguss|26\/100\n|move|p2a: Amoonguss|Clear Smog|p1a: Metal Overlord\n|-damage|p1a: Metal Overlord|68\/100\n|-clearboost|p1a: Metal Overlord\n|\n|-weather|RainDance|[upkeep]\n|upkeep\n|turn|4\n|\n|t:|1738807173\n|switch|p2a: Urshifu|Urshifu-Rapid-Strike, L50, M|100\/100\n|move|p2b: Landorus|Sludge Bomb|p1a: Metal Overlord\n|-damage|p1a: Metal Overlord|46\/100\n|move|p1a: Metal Overlord|Calm Mind|p1a: Metal Overlord\n|-boost|p1a: Metal Overlord|spa|1\n|-boost|p1a: Metal Overlord|spd|1\n|move|p1b: Thunder Bringer|Earth Power|p2a: Urshifu\n|-damage|p2a: Urshifu|0 fnt\n|faint|p2a: Urshifu\n|\n|-weather|RainDance|[upkeep]\n|upkeep\n|\n|t:|1738807187\n|switch|p2a: Calyrex|Calyrex-Ice, L50|100\/100\n|-ability|p2a: Calyrex|As One\n|-ability|p2a: Calyrex|Unnerve\n|turn|5\n|\n|t:|1738807197\n|switch|p2b: Amoonguss|Amoonguss, L50, M|59\/100\n|move|p2a: Calyrex|Protect|p2a: Calyrex\n|-singleturn|p2a: Calyrex|Protect\n|move|p1a: Metal Overlord|Parabolic Charge|p2a: Calyrex|[spread] p2b\n|-activate|p2a: Calyrex|move: Protect\n|-immune|p1b: Thunder Bringer\n|-resisted|p2b: Amoonguss\n|-damage|p2b: Amoonguss|38\/100\n|-heal|p1a: Metal Overlord|57\/100|[from] drain|[of] p2b: Amoonguss\n|move|p1b: Thunder Bringer|Sandsear Storm|p2b: Amoonguss|[spread] p2b\n|-activate|p2a: Calyrex|move: Protect\n|-damage|p2b: Amoonguss|0 fnt\n|faint|p2b: Amoonguss\n|\n|-weather|none\n|upkeep\n|-message|sibylla_system forfeited.\n|\n|win|GucciSoup\n|raw|GucciSoup's rating: 1585 &rarr; <strong>1606<\/strong><br \/>(+21 for winning)\n|raw|sibylla_system's rating: 1607 &rarr; <strong>1586<\/strong><br \/>(-21 for losing)\n|l|\u2606sibylla_system\n|player|p2|\n|l|\u2606GucciSoup\n|player|p1|\n","uploadtime":1738807448,"views":6,"formatid":"gen9vgc2025regg","rating":1586,"private":0,"password":null}