{"id":"gen9vgc2025regg-2295961877","format":"[Gen 9] VGC 2025 Reg G","players":["give-upVGC","huyuplan"],"log":"|j|\u2606give-upVGC\n|j|\u2606huyuplan\n|t:|1738897623\n|gametype|doubles\n|player|p1|give-upVGC|169|1596\n|player|p2|huyuplan|lucas|1592\n|teamsize|p1|6\n|teamsize|p2|6\n|gen|9\n|tier|[Gen 9] VGC 2025 Reg G\n|rated|\n|rule|Species Clause: Limit one of each Pok\u00e9mon\n|rule|Item Clause: Limit 1 of each item\n|clearpoke\n|poke|p1|Ogerpon-Hearthflame, L50, F|\n|poke|p1|Roaring Moon, L50|\n|poke|p1|Calyrex-Ice, L50|\n|poke|p1|Landorus, L50, M|\n|poke|p1|Urshifu-*, L50, M|\n|poke|p1|Amoonguss, L50, M|\n|poke|p2|Zacian-*, L50|\n|poke|p2|Raging Bolt, L50|\n|poke|p2|Urshifu-*, L50, M|\n|poke|p2|Ursaluna-Bloodmoon, L50, M|\n|poke|p2|Amoonguss, L50, F|\n|poke|p2|Latios, L50, M|\n|teampreview|4\n|\n|t:|1738897653\n|start\n|switch|p1a: Roaring Moon|Roaring Moon, L50|100\/100\n|switch|p1b: Ogerpon|Ogerpon-Hearthflame, L50, F|100\/100\n|switch|p2a: Latios|Latios, L50, M|100\/100\n|switch|p2b: Zacian|Zacian-Crowned, L50|100\/100\n|-ability|p2b: Zacian|Intrepid Sword|boost\n|-boost|p2b: Zacian|atk|1\n|-ability|p1b: Ogerpon|Mold Breaker\n|-enditem|p1a: Roaring Moon|Booster Energy\n|-activate|p1a: Roaring Moon|ability: Protosynthesis|[fromitem]\n|-start|p1a: Roaring Moon|protosynthesisspe\n|turn|1\n|\n|t:|1738897718\n|-terastallize|p1b: Ogerpon|Fire\n|detailschange|p1b: Ogerpon|Ogerpon-Hearthflame-Tera, L50, F, tera:Fire\n|-ability|p1b: Ogerpon|Embody Aspect (Hearthflame)|boost\n|-boost|p1b: Ogerpon|atk|1\n|move|p1a: Roaring Moon|Tailwind|p1a: Roaring Moon\n|-sidestart|p1: give-upVGC|move: Tailwind\n|move|p1b: Ogerpon|Ivy Cudgel|p2b: Zacian|[anim] Ivy Cudgel Fire\n|-supereffective|p2b: Zacian\n|-damage|p2b: Zacian|0 fnt\n|faint|p2b: Zacian\n|move|p2a: Latios|Draco Meteor|p1b: Ogerpon\n|-damage|p1b: Ogerpon|8\/100\n|-unboost|p2a: Latios|spa|2\n|-damage|p2a: Latios|91\/100|[from] item: Life Orb\n|\n|upkeep\n|\n|t:|1738897736\n|switch|p2b: Urshifu|Urshifu-Rapid-Strike, L50, M|100\/100\n|turn|2\n|j| RainGTX\n|\n|t:|1738897776\n|switch|p1b: Amoonguss|Amoonguss, L50, M|100\/100\n|switch|p2a: Amoonguss|Amoonguss, L50, F|100\/100\n|move|p2b: Urshifu|Aqua Jet|p1b: Amoonguss\n|-resisted|p1b: Amoonguss\n|-damage|p1b: Amoonguss|92\/100\n|move|p1a: Roaring Moon|Knock Off|p2a: Amoonguss\n|-damage|p2a: Amoonguss|69\/100\n|-damage|p1a: Roaring Moon|84\/100|[from] item: Rocky Helmet|[of] p2a: Amoonguss\n|-enditem|p2a: Amoonguss|Rocky Helmet|[from] move: Knock Off|[of] p1a: Roaring Moon\n|\n|upkeep\n|turn|3\n|l| RainGTX\n|\n|t:|1738897809\n|move|p2a: Amoonguss|Rage Powder|p2a: Amoonguss\n|-singleturn|p2a: Amoonguss|move: Rage Powder\n|move|p1a: Roaring Moon|Acrobatics|p2a: Amoonguss\n|-supereffective|p2a: Amoonguss\n|-damage|p2a: Amoonguss|20\/100\n|move|p2b: Urshifu|Close Combat|p1a: Roaring Moon\n|-supereffective|p1a: Roaring Moon\n|-damage|p1a: Roaring Moon|0 fnt\n|-unboost|p2b: Urshifu|def|1\n|-unboost|p2b: Urshifu|spd|1\n|faint|p1a: Roaring Moon\n|-end|p1a: Roaring Moon|Protosynthesis|[silent]\n|move|p1b: Amoonguss|Pollen Puff|p2a: Amoonguss\n|-damage|p2a: Amoonguss|2\/100\n|\n|upkeep\n|\n|t:|1738897825\n|switch|p1a: Calyrex|Calyrex-Ice, L50|100\/100\n|-ability|p1a: Calyrex|As One\n|-ability|p1a: Calyrex|Unnerve\n|turn|4\n|\n|t:|1738897845\n|move|p1a: Calyrex|Glacial Lance|p2b: Urshifu|[spread] p2a,p2b\n|-supereffective|p2a: Amoonguss\n|-resisted|p2b: Urshifu\n|-damage|p2a: Amoonguss|0 fnt\n|-damage|p2b: Urshifu|54\/100\n|faint|p2a: Amoonguss\n|-ability|p1a: Calyrex|Chilling Neigh|boost\n|-boost|p1a: Calyrex|atk|1\n|move|p2b: Urshifu|Surging Strikes|p1a: Calyrex\n|-crit|p1a: Calyrex\n|-damage|p1a: Calyrex|87\/100\n|-crit|p1a: Calyrex\n|-damage|p1a: Calyrex|74\/100\n|-crit|p1a: Calyrex\n|-damage|p1a: Calyrex|60\/100\n|-hitcount|p1a: Calyrex|3\n|move|p1b: Amoonguss|Spore|p2b: Urshifu\n|-activate|p2b: Urshifu|item: Safety Goggles|Spore\n|\n|-sideend|p1: give-upVGC|move: Tailwind\n|upkeep\n|\n|t:|1738897862\n|switch|p2a: Latios|Latios, L50, M|91\/100\n|turn|5\n|\n|t:|1738897893\n|-terastallize|p2a: Latios|Fire\n|move|p1b: Amoonguss|Rage Powder|p1b: Amoonguss\n|-singleturn|p1b: Amoonguss|move: Rage Powder\n|move|p2a: Latios|Tera Blast|p1b: Amoonguss|[anim] Tera Blast Fire\n|-supereffective|p1b: Amoonguss\n|-damage|p1b: Amoonguss|0 fnt\n|faint|p1b: Amoonguss\n|-damage|p2a: Latios|81\/100|[from] item: Life Orb\n|move|p2b: Urshifu|Surging Strikes|p1a: Calyrex\n|-crit|p1a: Calyrex\n|-damage|p1a: Calyrex|47\/100\n|-enditem|p1a: Calyrex|Sitrus Berry|[eat]\n|-heal|p1a: Calyrex|72\/100|[from] item: Sitrus Berry\n|-crit|p1a: Calyrex\n|-damage|p1a: Calyrex|58\/100\n|-crit|p1a: Calyrex\n|-damage|p1a: Calyrex|44\/100\n|-hitcount|p1a: Calyrex|3\n|move|p1a: Calyrex|High Horsepower|p2b: Urshifu\n|-damage|p2b: Urshifu|0 fnt\n|faint|p2b: Urshifu\n|-ability|p1a: Calyrex|Chilling Neigh|boost\n|-boost|p1a: Calyrex|atk|1\n|\n|upkeep\n|\n|t:|1738897900\n|switch|p1b: Ogerpon|Ogerpon-Hearthflame-Tera, L50, F, tera:Fire|8\/100\n|-ability|p1b: Ogerpon|Embody Aspect (Hearthflame)|boost\n|-boost|p1b: Ogerpon|atk|1\n|turn|6\n|\n|t:|1738897952\n|move|p1b: Ogerpon|Follow Me|p1b: Ogerpon\n|-singleturn|p1b: Ogerpon|move: Follow Me\n|move|p2a: Latios|Tera Blast|p1b: Ogerpon|[anim] Tera Blast Fire\n|-resisted|p1b: Ogerpon\n|-damage|p1b: Ogerpon|0 fnt\n|faint|p1b: Ogerpon\n|-damage|p2a: Latios|71\/100|[from] item: Life Orb\n|move|p1a: Calyrex|Glacial Lance|p2a: Latios\n|-resisted|p2a: Latios\n|-damage|p2a: Latios|0 fnt\n|faint|p2a: Latios\n|\n|win|give-upVGC\n|raw|give-upVGC's rating: 1596 &rarr; <strong>1616<\/strong><br \/>(+20 for winning)\n|raw|huyuplan's rating: 1592 &rarr; <strong>1572<\/strong><br \/>(-20 for losing)\n|l|\u2606huyuplan\n|player|p2|\n|l|\u2606give-upVGC\n|player|p1|\n","uploadtime":1738898154,"views":6,"formatid":"gen9vgc2025regg","rating":1572,"private":0,"password":null}