{"id":"gen9vgc2025regg-2295788963","format":"[Gen 9] VGC 2025 Reg G","players":["Jarrettmajor","pigsprep"],"log":"|j|\u2606Jarrettmajor\n|j|\u2606pigsprep\n|t:|1738876156\n|gametype|doubles\n|player|p1|Jarrettmajor|hiker|1541\n|player|p2|pigsprep|lian|1587\n|teamsize|p1|6\n|teamsize|p2|6\n|gen|9\n|tier|[Gen 9] VGC 2025 Reg G\n|rated|\n|rule|Species Clause: Limit one of each Pok\u00e9mon\n|rule|Item Clause: Limit 1 of each item\n|clearpoke\n|poke|p1|Scream Tail, L50|\n|poke|p1|Terapagos, L50, M|\n|poke|p1|Urshifu-*, L50, F|\n|poke|p1|Volcarona, L50, M|\n|poke|p1|Incineroar, L50, F|\n|poke|p1|Rillaboom, L50, F|\n|poke|p2|Kyogre, L50|\n|poke|p2|Tornadus, L50, M|\n|poke|p2|Dondozo, L50, M|\n|poke|p2|Tatsugiri, L50, M|\n|poke|p2|Flutter Mane, L50|\n|poke|p2|Pikachu, L50, F|\n|teampreview|4\n|inactive|Battle timer is ON: inactive players will automatically lose when time's up. (requested by Jarrettmajor)\n|\n|t:|1738876184\n|start\n|switch|p1a: LMYNL|Terapagos, L50, M|100\/100\n|switch|p1b: Cohete|Rillaboom, L50, F|100\/100\n|switch|p2a: Flutter Mane|Flutter Mane, L50|100\/100\n|switch|p2b: Kyogre|Kyogre, L50|100\/100\n|-activate|p1a: LMYNL|ability: Tera Shift\n|detailschange|p1a: LMYNL|Terapagos-Terastal, L50, M\n|-heal|p1a: LMYNL|100\/100|[silent]\n|-weather|RainDance|[from] ability: Drizzle|[of] p2b: Kyogre\n|-fieldstart|move: Grassy Terrain|[from] ability: Grassy Surge|[of] p1b: Cohete\n|-enditem|p2a: Flutter Mane|Booster Energy\n|-activate|p2a: Flutter Mane|ability: Protosynthesis|[fromitem]\n|-start|p2a: Flutter Mane|protosynthesisspe\n|turn|1\n|\n|t:|1738876197\n|-terastallize|p2b: Kyogre|Ghost\n|move|p1a: LMYNL|Protect|p1a: LMYNL\n|-singleturn|p1a: LMYNL|Protect\n|move|p2a: Flutter Mane|Icy Wind|p1a: LMYNL|[spread] p1b\n|-activate|p1a: LMYNL|move: Protect\n|-supereffective|p1b: Cohete\n|-damage|p1b: Cohete|84\/100\n|-unboost|p1b: Cohete|spe|1\n|move|p2b: Kyogre|Water Spout|p1b: Cohete|[spread] p1b\n|-activate|p1a: LMYNL|move: Protect\n|-resisted|p1b: Cohete\n|-damage|p1b: Cohete|37\/100\n|move|p1b: Cohete|Wood Hammer|p2b: Kyogre\n|-damage|p2b: Kyogre|16\/100\n|-damage|p1b: Cohete|12\/100|[from] Recoil\n|\n|-weather|RainDance|[upkeep]\n|-heal|p2b: Kyogre|22\/100|[from] Grassy Terrain\n|-heal|p1b: Cohete|18\/100|[from] Grassy Terrain\n|upkeep\n|turn|2\n|inactive|pigsprep has 30 seconds left.\n|\n|t:|1738876223\n|switch|p1b: Punteria|Incineroar, L50, F|100\/100\n|-ability|p1b: Punteria|Intimidate|boost\n|-unboost|p2a: Flutter Mane|atk|1\n|-unboost|p2b: Kyogre|atk|1\n|move|p2a: Flutter Mane|Moonblast|p1b: Punteria\n|-damage|p1b: Punteria|63\/100\n|move|p2b: Kyogre|Water Spout|p1a: LMYNL|[spread] p1a,p1b\n|-activate|p1a: LMYNL|ability: Tera Shell\n|-resisted|p1a: LMYNL\n|-supereffective|p1b: Punteria\n|-damage|p1a: LMYNL|89\/100\n|-damage|p1b: Punteria|9\/100\n|move|p1a: LMYNL|Calm Mind|p1a: LMYNL\n|-boost|p1a: LMYNL|spa|1\n|-boost|p1a: LMYNL|spd|1\n|\n|-weather|RainDance|[upkeep]\n|-heal|p2b: Kyogre|28\/100|[from] Grassy Terrain\n|-heal|p1a: LMYNL|95\/100|[from] Grassy Terrain\n|-heal|p1a: LMYNL|100\/100|[from] item: Leftovers\n|-heal|p1b: Punteria|15\/100|[from] Grassy Terrain\n|upkeep\n|turn|3\n|inactive|Jarrettmajor has 30 seconds left.\n|inactive|Jarrettmajor has 20 seconds left.\n|\n|t:|1738876261\n|-terastallize|p1a: LMYNL|Stellar\n|detailschange|p1a: LMYNL|Terapagos-Stellar, L50, M, tera:Stellar\n|-heal|p1a: LMYNL|100\/100|[silent]\n|-ability|p1a: LMYNL|Teraform Zero\n|-weather|none\n|-fieldend|move: Grassy Terrain\n|move|p2a: Flutter Mane|Icy Wind|p1a: LMYNL|[spread] p1a,p1b\n|-resisted|p1b: Punteria\n|-damage|p1a: LMYNL|96\/100\n|-damage|p1b: Punteria|10\/100\n|-unboost|p1a: LMYNL|spe|1\n|-unboost|p1b: Punteria|spe|1\n|move|p2b: Kyogre|Water Spout|p1b: Punteria|[spread] p1a,p1b\n|-supereffective|p1b: Punteria\n|-damage|p1a: LMYNL|85\/100\n|-damage|p1b: Punteria|0 fnt\n|faint|p1b: Punteria\n|move|p1a: LMYNL|Tera Starstorm|p2a: Flutter Mane|[spread] p2a,p2b\n|-supereffective|p2b: Kyogre\n|-damage|p2a: Flutter Mane|54\/100\n|-damage|p2b: Kyogre|0 fnt\n|faint|p2b: Kyogre\n|\n|-heal|p1a: LMYNL|92\/100|[from] item: Leftovers\n|upkeep\n|\n|t:|1738876270\n|switch|p2b: Dondozo|Dondozo, L50, M|100\/100\n|switch|p1b: Cohete|Rillaboom, L50, F|18\/100\n|-fieldstart|move: Grassy Terrain|[from] ability: Grassy Surge|[of] p1b: Cohete\n|turn|4\n|\n|t:|1738876276\n|switch|p1b: Shakira|Scream Tail, L50, shiny|100\/100\n|-enditem|p1b: Shakira|Booster Energy\n|-activate|p1b: Shakira|ability: Protosynthesis|[fromitem]\n|-start|p1b: Shakira|protosynthesisspe\n|move|p2b: Dondozo|Protect|p2b: Dondozo\n|-singleturn|p2b: Dondozo|Protect\n|move|p2a: Flutter Mane|Moonblast|p1b: Shakira\n|-damage|p1b: Shakira|69\/100\n|move|p1a: LMYNL|Tera Starstorm|p2a: Flutter Mane|[spread] p2a\n|-activate|p2b: Dondozo|move: Protect\n|-damage|p2a: Flutter Mane|7\/100\n|\n|-heal|p2a: Flutter Mane|13\/100|[from] Grassy Terrain\n|-heal|p1b: Shakira|75\/100|[from] Grassy Terrain\n|-heal|p1a: LMYNL|98\/100|[from] Grassy Terrain\n|-heal|p1a: LMYNL|100\/100|[from] item: Leftovers\n|upkeep\n|turn|5\n|\n|t:|1738876294\n|switch|p2b: Tatsugiri|Tatsugiri, L50, M|100\/100\n|move|p2a: Flutter Mane|Protect|p2a: Flutter Mane\n|-singleturn|p2a: Flutter Mane|Protect\n|move|p1b: Shakira|Protect|p1b: Shakira\n|-singleturn|p1b: Shakira|Protect\n|move|p1a: LMYNL|Tera Starstorm|p2b: Tatsugiri|[spread] p2b\n|-activate|p2a: Flutter Mane|move: Protect\n|-damage|p2b: Tatsugiri|31\/100\n|\n|-heal|p2a: Flutter Mane|18\/100|[from] Grassy Terrain\n|-heal|p1b: Shakira|81\/100|[from] Grassy Terrain\n|-heal|p2b: Tatsugiri|37\/100|[from] Grassy Terrain\n|upkeep\n|turn|6\n|\n|t:|1738876310\n|-end|p2a: Flutter Mane|Protosynthesis|[silent]\n|switch|p2a: Dondozo|Dondozo, L50, M|100\/100\n|-activate|p2b: Tatsugiri|ability: Commander|[of] p2a: Dondozo\n|-boost|p2a: Dondozo|atk|2\n|-boost|p2a: Dondozo|spa|2\n|-boost|p2a: Dondozo|spe|2\n|-boost|p2a: Dondozo|def|2\n|-boost|p2a: Dondozo|spd|2\n|move|p1b: Shakira|Dazzling Gleam|p2a: Dondozo|[spread] p2a\n|-miss|p1b: Shakira|p2b: Tatsugiri\n|-damage|p2a: Dondozo|94\/100\n|move|p1a: LMYNL|Tera Starstorm|p2b: Tatsugiri|[spread] p2a\n|-miss|p1a: LMYNL|p2b: Tatsugiri\n|-damage|p2a: Dondozo|79\/100\n|\n|-heal|p1b: Shakira|87\/100|[from] Grassy Terrain\n|-heal|p2a: Dondozo|85\/100|[from] Grassy Terrain\n|-heal|p2a: Dondozo|91\/100|[from] item: Leftovers\n|-heal|p2b: Tatsugiri|44\/100|[from] Grassy Terrain\n|upkeep\n|turn|7\n|\n|t:|1738876317\n|move|p1b: Shakira|Protect|p1b: Shakira\n|-singleturn|p1b: Shakira|Protect\n|move|p1a: LMYNL|Protect|p1a: LMYNL\n|-singleturn|p1a: LMYNL|Protect\n|move|p2a: Dondozo|Surf|p1a: LMYNL|[spread] \n|-miss|p2a: Dondozo|p2b: Tatsugiri\n|-activate|p1a: LMYNL|move: Protect\n|-activate|p1b: Shakira|move: Protect\n|\n|-heal|p1b: Shakira|93\/100|[from] Grassy Terrain\n|-heal|p2a: Dondozo|97\/100|[from] Grassy Terrain\n|-heal|p2a: Dondozo|100\/100|[from] item: Leftovers\n|-heal|p2b: Tatsugiri|50\/100|[from] Grassy Terrain\n|upkeep\n|turn|8\n|\n|t:|1738876327\n|move|p1b: Shakira|Encore|p2a: Dondozo\n|-start|p2a: Dondozo|Encore\n|move|p2a: Dondozo|Surf|p1a: LMYNL|[spread] p1a,p1b\n|-miss|p2a: Dondozo|p2b: Tatsugiri\n|-damage|p1a: LMYNL|78\/100\n|-damage|p1b: Shakira|64\/100\n|move|p1a: LMYNL|Tera Starstorm|p2b: Tatsugiri|[spread] p2a\n|-miss|p1a: LMYNL|p2b: Tatsugiri\n|-damage|p2a: Dondozo|85\/100\n|\n|-heal|p1b: Shakira|70\/100|[from] Grassy Terrain\n|-heal|p2a: Dondozo|91\/100|[from] Grassy Terrain\n|-heal|p2a: Dondozo|97\/100|[from] item: Leftovers\n|-heal|p2b: Tatsugiri|56\/100|[from] Grassy Terrain\n|-heal|p1a: LMYNL|85\/100|[from] Grassy Terrain\n|-heal|p1a: LMYNL|91\/100|[from] item: Leftovers\n|-fieldend|move: Grassy Terrain\n|upkeep\n|turn|9\n|\n|t:|1738876336\n|move|p1b: Shakira|Disable|p2a: Dondozo\n|-start|p2a: Dondozo|Disable|Surf\n|cant|p2a: Dondozo|Disable|Surf\n|move|p1a: LMYNL|Calm Mind|p1a: LMYNL\n|-boost|p1a: LMYNL|spa|1\n|-boost|p1a: LMYNL|spd|1\n|\n|-heal|p2a: Dondozo|100\/100|[from] item: Leftovers\n|-heal|p1a: LMYNL|97\/100|[from] item: Leftovers\n|upkeep\n|turn|10\n|\n|t:|1738876347\n|move|p1b: Shakira|Dazzling Gleam|p2a: Dondozo|[spread] p2a\n|-miss|p1b: Shakira|p2b: Tatsugiri\n|-damage|p2a: Dondozo|94\/100\n|-activate|p2a: Dondozo|move: Struggle\n|move|p2a: Dondozo|Struggle|p1a: LMYNL\n|-damage|p1a: LMYNL|82\/100\n|-damage|p2a: Dondozo|69\/100|[from] recoil\n|move|p1a: LMYNL|Calm Mind|p1a: LMYNL\n|-boost|p1a: LMYNL|spa|1\n|-boost|p1a: LMYNL|spd|1\n|\n|-heal|p2a: Dondozo|75\/100|[from] item: Leftovers\n|-heal|p1a: LMYNL|88\/100|[from] item: Leftovers\n|-end|p2a: Dondozo|Encore\n|upkeep\n|turn|11\n|\n|t:|1738876361\n|move|p1b: Shakira|Dazzling Gleam|p2b: Tatsugiri|[spread] p2a\n|-miss|p1b: Shakira|p2b: Tatsugiri\n|-damage|p2a: Dondozo|68\/100\n|move|p2a: Dondozo|Wave Crash|p1b: Shakira\n|-crit|p1b: Shakira\n|-damage|p1b: Shakira|0 fnt\n|faint|p1b: Shakira\n|-end|p1b: Shakira|Protosynthesis|[silent]\n|-damage|p2a: Dondozo|46\/100|[from] Recoil\n|move|p1a: LMYNL|Tera Starstorm|p2b: Tatsugiri|[spread] p2a\n|-miss|p1a: LMYNL|p2b: Tatsugiri\n|-damage|p2a: Dondozo|30\/100\n|\n|-heal|p2a: Dondozo|36\/100|[from] item: Leftovers\n|-heal|p1a: LMYNL|95\/100|[from] item: Leftovers\n|upkeep\n|\n|t:|1738876374\n|switch|p1b: Cohete|Rillaboom, L50, F|18\/100\n|-fieldstart|move: Grassy Terrain|[from] ability: Grassy Surge|[of] p1b: Cohete\n|turn|12\n|\n|t:|1738876380\n|move|p2a: Dondozo|Protect|p2a: Dondozo\n|-singleturn|p2a: Dondozo|Protect\n|move|p1b: Cohete|Fake Out|p2a: Dondozo\n|-activate|p2a: Dondozo|move: Protect\n|move|p1a: LMYNL|Tera Starstorm|p2a: Dondozo|[spread] \n|-miss|p1a: LMYNL|p2b: Tatsugiri\n|-activate|p2a: Dondozo|move: Protect\n|\n|-heal|p2a: Dondozo|42\/100|[from] Grassy Terrain\n|-heal|p2a: Dondozo|48\/100|[from] item: Leftovers\n|-heal|p2b: Tatsugiri|62\/100|[from] Grassy Terrain\n|-heal|p1b: Cohete|24\/100|[from] Grassy Terrain\n|-heal|p1a: LMYNL|100\/100|[from] Grassy Terrain\n|-end|p2a: Dondozo|Disable\n|upkeep\n|turn|13\n|\n|t:|1738876389\n|move|p1b: Cohete|Grassy Glide|p2a: Dondozo\n|-supereffective|p2a: Dondozo\n|-damage|p2a: Dondozo|17\/100\n|move|p2a: Dondozo|Order Up|p1b: Cohete\n|-damage|p1b: Cohete|0 fnt\n|faint|p1b: Cohete\n|-boost|p2a: Dondozo|atk|1\n|move|p1a: LMYNL|Tera Starstorm|p2a: Dondozo|[spread] p2a\n|-miss|p1a: LMYNL|p2b: Tatsugiri\n|-damage|p2a: Dondozo|1\/100\n|\n|-heal|p2a: Dondozo|7\/100|[from] Grassy Terrain\n|-heal|p2a: Dondozo|14\/100|[from] item: Leftovers\n|-heal|p2b: Tatsugiri|69\/100|[from] Grassy Terrain\n|upkeep\n|turn|14\n|\n|t:|1738876397\n|move|p2a: Dondozo|Protect|p2a: Dondozo\n|-singleturn|p2a: Dondozo|Protect\n|move|p1a: LMYNL|Earth Power|p2a: Dondozo\n|-activate|p2a: Dondozo|move: Protect\n|\n|-heal|p2a: Dondozo|20\/100|[from] Grassy Terrain\n|-heal|p2a: Dondozo|26\/100|[from] item: Leftovers\n|-heal|p2b: Tatsugiri|75\/100|[from] Grassy Terrain\n|upkeep\n|turn|15\n|\n|t:|1738876401\n|move|p2a: Dondozo|Order Up|p1a: LMYNL\n|-damage|p1a: LMYNL|71\/100\n|-boost|p2a: Dondozo|atk|1\n|move|p1a: LMYNL|Earth Power|p2a: Dondozo\n|-damage|p2a: Dondozo|10\/100\n|\n|-heal|p2a: Dondozo|16\/100|[from] Grassy Terrain\n|-heal|p2a: Dondozo|22\/100|[from] item: Leftovers\n|-heal|p2b: Tatsugiri|81\/100|[from] Grassy Terrain\n|-heal|p1a: LMYNL|77\/100|[from] Grassy Terrain\n|-heal|p1a: LMYNL|83\/100|[from] item: Leftovers\n|upkeep\n|turn|16\n|\n|t:|1738876405\n|move|p2a: Dondozo|Protect|p2a: Dondozo\n|-singleturn|p2a: Dondozo|Protect\n|move|p1a: LMYNL|Earth Power|p2a: Dondozo\n|-activate|p2a: Dondozo|move: Protect\n|\n|-heal|p2a: Dondozo|28\/100|[from] Grassy Terrain\n|-heal|p2a: Dondozo|35\/100|[from] item: Leftovers\n|-heal|p2b: Tatsugiri|87\/100|[from] Grassy Terrain\n|-heal|p1a: LMYNL|89\/100|[from] Grassy Terrain\n|-heal|p1a: LMYNL|95\/100|[from] item: Leftovers\n|-fieldend|move: Grassy Terrain\n|upkeep\n|turn|17\n|\n|t:|1738876412\n|move|p2a: Dondozo|Wave Crash|p1a: LMYNL\n|-damage|p1a: LMYNL|21\/100\n|-damage|p2a: Dondozo|7\/100|[from] Recoil\n|move|p1a: LMYNL|Earth Power|p2a: Dondozo\n|-damage|p2a: Dondozo|0 fnt\n|faint|p2a: Dondozo\n|\n|-heal|p1a: LMYNL|27\/100|[from] item: Leftovers\n|upkeep\n|\n|t:|1738876414\n|switch|p2a: Flutter Mane|Flutter Mane, L50|18\/100\n|turn|18\n|\n|t:|1738876421\n|move|p1a: LMYNL|Protect|p1a: LMYNL\n|-singleturn|p1a: LMYNL|Protect\n|move|p2a: Flutter Mane|Moonblast|p1a: LMYNL\n|-activate|p1a: LMYNL|move: Protect\n|move|p2b: Tatsugiri|Dragon Pulse|p1a: LMYNL\n|-activate|p1a: LMYNL|move: Protect\n|\n|-heal|p1a: LMYNL|33\/100|[from] item: Leftovers\n|upkeep\n|turn|19\n|\n|t:|1738876434\n|move|p2a: Flutter Mane|Moonblast|p1a: LMYNL\n|-damage|p1a: LMYNL|22\/100\n|-unboost|p1a: LMYNL|spa|1\n|move|p2b: Tatsugiri|Dragon Pulse|p1a: LMYNL\n|-damage|p1a: LMYNL|11\/100\n|move|p1a: LMYNL|Earth Power|p2a: Flutter Mane\n|-damage|p2a: Flutter Mane|0 fnt\n|faint|p2a: Flutter Mane\n|-end|p2a: Flutter Mane|Protosynthesis|[silent]\n|\n|-heal|p1a: LMYNL|18\/100|[from] item: Leftovers\n|upkeep\n|turn|20\n|\n|t:|1738876439\n|move|p1a: LMYNL|Protect|p1a: LMYNL\n|-singleturn|p1a: LMYNL|Protect\n|move|p2b: Tatsugiri|Dragon Pulse|p1a: LMYNL\n|-activate|p1a: LMYNL|move: Protect\n|\n|-heal|p1a: LMYNL|24\/100|[from] item: Leftovers\n|upkeep\n|turn|21\n|\n|t:|1738876448\n|move|p2b: Tatsugiri|Dragon Pulse|p1a: LMYNL\n|-damage|p1a: LMYNL|13\/100\n|move|p1a: LMYNL|Earth Power|p2b: Tatsugiri\n|-damage|p2b: Tatsugiri|0 fnt\n|faint|p2b: Tatsugiri\n|\n|win|Jarrettmajor\n|raw|Jarrettmajor's rating: 1541 &rarr; <strong>1564<\/strong><br \/>(+23 for winning)\n|raw|pigsprep's rating: 1587 &rarr; <strong>1564<\/strong><br \/>(-23 for losing)\n|l|\u2606pigsprep\n|player|p2|\n|l|\u2606Jarrettmajor\n|player|p1|\n","uploadtime":1738876582,"views":6,"formatid":"gen9vgc2025regg","rating":1564,"private":0,"password":null}