{"id":"gen9vgc2025regg-2295040702","format":"[Gen 9] VGC 2025 Reg G","players":["meiose","xatseye"],"log":"|j|\u2606meiose\n|j|\u2606xatseye\n|t:|1738780686\n|gametype|doubles\n|player|p1|meiose|schoolkid-gen4|1583\n|player|p2|xatseye|265|1606\n|teamsize|p1|6\n|teamsize|p2|6\n|gen|9\n|tier|[Gen 9] VGC 2025 Reg G\n|rated|\n|rule|Species Clause: Limit one of each Pok\u00e9mon\n|rule|Item Clause: Limit 1 of each item\n|clearpoke\n|poke|p1|Calyrex-Shadow, L50|\n|poke|p1|Ting-Lu, L50|\n|poke|p1|Dondozo, L50, M|\n|poke|p1|Kingambit, L50, M|\n|poke|p1|Ogerpon-Hearthflame, L50, F|\n|poke|p1|Whimsicott, L50, M|\n|poke|p2|Flutter Mane, L50|\n|poke|p2|Maushold-Four, L50|\n|poke|p2|Incineroar, L50, F|\n|poke|p2|Calyrex-Ice, L50|\n|poke|p2|Raging Bolt, L50|\n|poke|p2|Cresselia, L50, F|\n|teampreview|4\n|inactive|Battle timer is ON: inactive players will automatically lose when time's up. (requested by xatseye)\n|inactive|xatseye has 60 seconds left.\n|\n|t:|1738780728\n|start\n|switch|p1a: Ting-Lu|Ting-Lu, L50|100\/100\n|switch|p1b: Kingambit|Kingambit, L50, M|100\/100\n|switch|p2a: Raging Bolt|Raging Bolt, L50|100\/100\n|switch|p2b: Maushold|Maushold-Four, L50, shiny|100\/100\n|-ability|p1a: Ting-Lu|Vessel of Ruin\n|turn|1\n|\n|t:|1738780743\n|move|p2b: Maushold|Super Fang|p1b: Kingambit|[miss]\n|-miss|p2b: Maushold|p1b: Kingambit\n|move|p2a: Raging Bolt|Thunderbolt|p1b: Kingambit\n|-damage|p1b: Kingambit|72\/100\n|move|p1a: Ting-Lu|Stealth Rock|p2a: Raging Bolt\n|-sidestart|p2: xatseye|move: Stealth Rock\n|move|p1b: Kingambit|Kowtow Cleave|p2a: Raging Bolt\n|-damage|p2a: Raging Bolt|69\/100\n|\n|upkeep\n|turn|2\n|\n|t:|1738780766\n|switch|p1b: Calyrex|Calyrex-Shadow, L50|100\/100\n|-ability|p1b: Calyrex|As One\n|-ability|p1b: Calyrex|Unnerve\n|move|p2b: Maushold|Super Fang|p1b: Calyrex\n|-immune|p1b: Calyrex\n|move|p2a: Raging Bolt|Thunderbolt|p1b: Calyrex\n|-damage|p1b: Calyrex|60\/100\n|move|p1a: Ting-Lu|Sand Tomb|p2a: Raging Bolt\n|-supereffective|p2a: Raging Bolt\n|-damage|p2a: Raging Bolt|51\/100\n|-activate|p2a: Raging Bolt|move: Sand Tomb|[of] p1a: Ting-Lu\n|\n|-damage|p2a: Raging Bolt|39\/100|[from] move: Sand Tomb|[partiallytrapped]\n|upkeep\n|turn|3\n|\n|t:|1738780791\n|move|p1b: Calyrex|Protect|p1b: Calyrex\n|-singleturn|p1b: Calyrex|Protect\n|move|p2b: Maushold|Super Fang|p1a: Ting-Lu\n|-damage|p1a: Ting-Lu|51\/100\n|-damage|p2b: Maushold|84\/100|[from] item: Rocky Helmet|[of] p1a: Ting-Lu\n|move|p2a: Raging Bolt|Draco Meteor|p1b: Calyrex\n|-activate|p1b: Calyrex|move: Protect\n|move|p1a: Ting-Lu|Ruination|p2b: Maushold\n|-damage|p2b: Maushold|42\/100\n|\n|-damage|p2a: Raging Bolt|27\/100|[from] move: Sand Tomb|[partiallytrapped]\n|upkeep\n|turn|4\n|\n|t:|1738780815\n|move|p1b: Calyrex|Psychic|p2b: Maushold\n|-damage|p2b: Maushold|0 fnt\n|faint|p2b: Maushold\n|-ability|p1b: Calyrex|Grim Neigh|boost\n|-boost|p1b: Calyrex|spa|1\n|-damage|p1b: Calyrex|51\/100|[from] item: Life Orb\n|move|p2a: Raging Bolt|Draco Meteor|p1b: Calyrex|[miss]\n|-miss|p2a: Raging Bolt|p1b: Calyrex\n|move|p1a: Ting-Lu|Sand Tomb|p2a: Raging Bolt\n|-supereffective|p2a: Raging Bolt\n|-damage|p2a: Raging Bolt|4\/100\n|\n|-damage|p2a: Raging Bolt|0 fnt|[from] move: Sand Tomb|[partiallytrapped]\n|faint|p2a: Raging Bolt\n|-end|p2a: Raging Bolt|Protosynthesis|[silent]\n|upkeep\n|\n|t:|1738780829\n|switch|p2b: Calyrex|Calyrex-Ice, L50|100\/100\n|switch|p2a: Incineroar|Incineroar, L50, F|100\/100\n|-ability|p2b: Calyrex|As One\n|-ability|p2b: Calyrex|Unnerve\n|-damage|p2a: Incineroar|76\/100|[from] Stealth Rock\n|-ability|p2a: Incineroar|Intimidate|boost\n|-unboost|p1a: Ting-Lu|atk|1\n|-unboost|p1b: Calyrex|atk|1\n|-damage|p2b: Calyrex|76\/100|[from] Stealth Rock\n|turn|5\n|\n|t:|1738780848\n|switch|p1a: Dondozo|Dondozo, L50, M|100\/100\n|-terastallize|p1b: Calyrex|Ghost\n|-terastallize|p2b: Calyrex|Dragon\n|move|p1b: Calyrex|Astral Barrage|p2a: Incineroar|[spread] p2a,p2b\n|-resisted|p2a: Incineroar\n|-crit|p2a: Incineroar\n|-damage|p2a: Incineroar|0 fnt\n|-damage|p2b: Calyrex|0 fnt\n|faint|p2a: Incineroar\n|faint|p2b: Calyrex\n|-damage|p1b: Calyrex|41\/100|[from] item: Life Orb\n|\n|win|meiose\n|raw|meiose's rating: 1583 &rarr; <strong>1604<\/strong><br \/>(+21 for winning)\n|raw|xatseye's rating: 1606 &rarr; <strong>1585<\/strong><br \/>(-21 for losing)\n|l|\u2606xatseye\n|player|p2|\n|l|\u2606meiose\n|player|p1|\n","uploadtime":1738781056,"views":13,"formatid":"gen9vgc2025regg","rating":1585,"private":0,"password":null}