{"id":"gen9vgc2025regg-2295106895","format":"[Gen 9] VGC 2025 Reg G","players":["GeorgeBraun","Grimmjane"],"log":"|j|\u2606GeorgeBraun\n|j|\u2606Grimmjane\n|t:|1738787206\n|gametype|doubles\n|player|p1|GeorgeBraun|gentleman-gen4|1567\n|player|p2|Grimmjane|102|1552\n|teamsize|p1|6\n|teamsize|p2|6\n|gen|9\n|tier|[Gen 9] VGC 2025 Reg G\n|rated|\n|rule|Species Clause: Limit one of each Pok\u00e9mon\n|rule|Item Clause: Limit 1 of each item\n|clearpoke\n|poke|p1|Kyogre, L50|\n|poke|p1|Smeargle, L50, M|\n|poke|p1|Hitmontop, L50, M|\n|poke|p1|Murkrow, L50, F|\n|poke|p1|Entei, L50|\n|poke|p1|Dragonite, L50, F|\n|poke|p2|Zacian-*, L50|\n|poke|p2|Entei, L50|\n|poke|p2|Araquanid, L50, F|\n|poke|p2|Brute Bonnet, L50|\n|poke|p2|Tornadus, L50, M|\n|poke|p2|Ditto, L50|\n|teampreview|4\n|inactive|Battle timer is ON: inactive players will automatically lose when time's up. (requested by GeorgeBraun)\n|inactive|Grimmjane has 60 seconds left.\n|\n|t:|1738787251\n|start\n|switch|p1a: Hitmontop|Hitmontop, L50, M|100\/100\n|switch|p1b: Dragonite|Dragonite, L50, F|100\/100\n|switch|p2a: Tornadus|Tornadus, L50, M|100\/100\n|switch|p2b: Brute Bonnet|Brute Bonnet, L50|100\/100\n|-ability|p1a: Hitmontop|Intimidate|boost\n|-unboost|p2a: Tornadus|atk|1\n|-unboost|p2b: Brute Bonnet|atk|1\n|turn|1\n|\n|t:|1738787264\n|-terastallize|p1b: Dragonite|Normal\n|move|p1a: Hitmontop|Fake Out|p2b: Brute Bonnet\n|-damage|p2b: Brute Bonnet|91\/100\n|move|p1b: Dragonite|Extreme Speed|p2a: Tornadus\n|-enditem|p2a: Tornadus|Focus Sash\n|-damage|p2a: Tornadus|1\/100\n|move|p2a: Tornadus|Bleakwind Storm|p1a: Hitmontop|[spread] p1a,p1b\n|-supereffective|p1a: Hitmontop\n|-damage|p1a: Hitmontop|19\/100\n|-damage|p1b: Dragonite|67\/100\n|-unboost|p1b: Dragonite|spe|1\n|move|p2b: Brute Bonnet|Spore|p1b: Dragonite\n|-status|p1b: Dragonite|slp|[from] move: Spore\n|\n|upkeep\n|turn|2\n|\n|t:|1738787283\n|-end|p2b: Brute Bonnet|Protosynthesis|[silent]\n|switch|p2b: Khairo|Zacian-Crowned, L50|100\/100\n|-ability|p2b: Khairo|Intrepid Sword|boost\n|-boost|p2b: Khairo|atk|1\n|move|p1a: Hitmontop|Feint|p2a: Tornadus\n|-damage|p2a: Tornadus|0 fnt\n|faint|p2a: Tornadus\n|cant|p1b: Dragonite|slp\n|\n|upkeep\n|\n|t:|1738787290\n|switch|p2a: Brute Bonnet|Brute Bonnet, L50|91\/100\n|turn|3\n|\n|t:|1738787299\n|-curestatus|p1b: Dragonite|slp|[msg]\n|move|p1b: Dragonite|Extreme Speed|p2a: Brute Bonnet\n|-damage|p2a: Brute Bonnet|31\/100\n|move|p2b: Khairo|Behemoth Blade|p1b: Dragonite\n|-damage|p1b: Dragonite|0 fnt\n|faint|p1b: Dragonite\n|move|p2a: Brute Bonnet|Spore|p1a: Hitmontop\n|-status|p1a: Hitmontop|slp|[from] move: Spore\n|cant|p1a: Hitmontop|slp\n|\n|upkeep\n|\n|t:|1738787319\n|switch|p1b: Kyogre|Kyogre, L50|100\/100\n|-weather|RainDance|[from] ability: Drizzle|[of] p1b: Kyogre\n|turn|4\n|\n|t:|1738787330\n|-curestatus|p1a: Hitmontop|slp|[msg]\n|move|p1a: Hitmontop|Helping Hand|p1b: Kyogre\n|-singleturn|p1b: Kyogre|Helping Hand|[of] p1a: Hitmontop\n|move|p2b: Khairo|Play Rough|p1b: Kyogre\n|-damage|p1b: Kyogre|10\/100\n|move|p1b: Kyogre|Origin Pulse|p2a: Brute Bonnet|[spread] p2a,p2b\n|-resisted|p2a: Brute Bonnet\n|-damage|p2a: Brute Bonnet|0 fnt\n|-damage|p2b: Khairo|0 fnt\n|faint|p2a: Brute Bonnet\n|-end|p2a: Brute Bonnet|Protosynthesis|[silent]\n|faint|p2b: Khairo\n|\n|-weather|RainDance|[upkeep]\n|upkeep\n|\n|t:|1738787341\n|switch|p2a: Ditto|Ditto, L50|100\/100\n|-transform|p2a: Ditto|p1b: Kyogre|[from] ability: Imposter\n|turn|5\n|\n|t:|1738787358\n|switch|p1b: Smeargle|Smeargle, L50, M|100\/100\n|move|p2a: Ditto|Water Spout|p1b: Smeargle|[spread] p1a,p1b\n|-damage|p1a: Hitmontop|0 fnt\n|-enditem|p1b: Smeargle|Focus Sash\n|-damage|p1b: Smeargle|1\/100\n|faint|p1a: Hitmontop\n|\n|-weather|RainDance|[upkeep]\n|-ability|p1b: Smeargle|Moody|boost\n|-boost|p1b: Smeargle|spd|2\n|-unboost|p1b: Smeargle|def|1\n|upkeep\n|\n|t:|1738787364\n|switch|p1a: Kyogre|Kyogre, L50|10\/100\n|turn|6\n|j| 413XP\n|\n|t:|1738787376\n|move|p1b: Smeargle|Fake Out|p2a: Ditto\n|-damage|p2a: Ditto|94\/100\n|cant|p2a: Ditto|flinch\n|move|p1a: Kyogre|Origin Pulse|p2a: Ditto\n|-resisted|p2a: Ditto\n|-crit|p2a: Ditto\n|-damage|p2a: Ditto|9\/100\n|\n|-weather|RainDance|[upkeep]\n|-ability|p1b: Smeargle|Moody|boost\n|-boost|p1b: Smeargle|spd|2\n|-unboost|p1b: Smeargle|spa|1\n|upkeep\n|turn|7\n|\n|t:|1738787392\n|move|p1b: Smeargle|Wide Guard|p1b: Smeargle\n|-singleturn|p1b: Smeargle|Wide Guard\n|move|p2a: Ditto|Water Spout|p1a: Kyogre|[spread] \n|-activate|p1a: Kyogre|move: Wide Guard\n|-activate|p1b: Smeargle|move: Wide Guard\n|move|p1a: Kyogre|Ice Beam|p2a: Ditto\n|-resisted|p2a: Ditto\n|-damage|p2a: Ditto|0 fnt\n|faint|p2a: Ditto\n|\n|win|GeorgeBraun\n|raw|GeorgeBraun's rating: 1567 &rarr; <strong>1586<\/strong><br \/>(+19 for winning)\n|raw|Grimmjane's rating: 1552 &rarr; <strong>1533<\/strong><br \/>(-19 for losing)\n|l|\u2606Grimmjane\n|player|p2|\n|l|\u2606GeorgeBraun\n|player|p1|\n","uploadtime":1738787555,"views":6,"formatid":"gen9vgc2025regg","rating":1533,"private":0,"password":null}