{"id":"gen9vgc2025regg-2295617733","format":"[Gen 9] VGC 2025 Reg G","players":["zodipodi","prod_axel"],"log":"|j|\u2606zodipodi\n|j|\u2606prod_axel\n|t:|1738859151\n|gametype|doubles\n|player|p1|zodipodi|2|1596\n|player|p2|prod_axel|unknown|1551\n|teamsize|p1|6\n|teamsize|p2|6\n|gen|9\n|tier|[Gen 9] VGC 2025 Reg G\n|rated|\n|rule|Species Clause: Limit one of each Pok\u00e9mon\n|rule|Item Clause: Limit 1 of each item\n|clearpoke\n|poke|p1|Terapagos, L50, M|\n|poke|p1|Grimmsnarl, L50, M|\n|poke|p1|Amoonguss, L50, M|\n|poke|p1|Ogerpon-Hearthflame, L50, F|\n|poke|p1|Urshifu-*, L50, F|\n|poke|p1|Raging Bolt, L50|\n|poke|p2|Calyrex-Ice, L50|\n|poke|p2|Pelipper, L50, M|\n|poke|p2|Urshifu-*, L50, M|\n|poke|p2|Rillaboom, L50, F|\n|poke|p2|Raging Bolt, L50|\n|poke|p2|Ogerpon-Cornerstone, L50, F|\n|teampreview|4\n|j| flatziswashed \u269d\u5f61\n|c|\u2606prod_axel|glhf\n|c|\u2606zodipodi|u2\n|inactive|Battle timer is ON: inactive players will automatically lose when time's up. (requested by zodipodi)\nzodipodi rejected open team sheets.\n|inactive|prod_axel has 60 seconds left.\n|\n|t:|1738859232\n|start\n|switch|p1a: Terapagos|Terapagos, L50, M|100\/100\n|switch|p1b: Grimmsnarl|Grimmsnarl, L50, M|100\/100\n|switch|p2a: Calyrex|Calyrex-Ice, L50|100\/100\n|switch|p2b: Pelipper|Pelipper, L50, M|100\/100\n|-activate|p1a: Terapagos|ability: Tera Shift\n|detailschange|p1a: Terapagos|Terapagos-Terastal, L50, M\n|-heal|p1a: Terapagos|100\/100|[silent]\n|-ability|p2a: Calyrex|As One\n|-ability|p2a: Calyrex|Unnerve\n|-weather|RainDance|[from] ability: Drizzle|[of] p2b: Pelipper\n|turn|1\n|inactive|prod_axel has 30 seconds left.\n|\n|t:|1738859263\n|move|p2b: Pelipper|Helping Hand|p2a: Calyrex\n|-singleturn|p2a: Calyrex|Helping Hand|[of] p2b: Pelipper\n|move|p1b: Grimmsnarl|Fake Out|p2a: Calyrex\n|-damage|p2a: Calyrex|93\/100\n|move|p1a: Terapagos|Tera Starstorm|p2a: Calyrex\n|-damage|p2a: Calyrex|38\/100\n|cant|p2a: Calyrex|flinch\n|\n|-weather|RainDance|[upkeep]\n|upkeep\n|turn|2\n|\n|t:|1738859281\n|-terastallize|p1a: Terapagos|Stellar\n|detailschange|p1a: Terapagos|Terapagos-Stellar, L50, M, tera:Stellar\n|-heal|p1a: Terapagos|100\/100|[silent]\n|-ability|p1a: Terapagos|Teraform Zero\n|-weather|none\n|move|p2a: Calyrex|Protect|p2a: Calyrex\n|-singleturn|p2a: Calyrex|Protect\n|move|p1b: Grimmsnarl|Thunder Wave|p2b: Pelipper\n|-status|p2b: Pelipper|par\n|move|p1a: Terapagos|Tera Starstorm|p2a: Calyrex|[spread] p2b\n|-activate|p2a: Calyrex|move: Protect\n|-enditem|p2b: Pelipper|Focus Sash\n|-damage|p2b: Pelipper|1\/100 par\n|cant|p2b: Pelipper|par\n|\n|upkeep\n|turn|3\n|inactive|zodipodi has 30 seconds left.\n|\n|t:|1738859313\n|switch|p1a: Amoonguss|Amoonguss, L50, M|100\/100\n|move|p2b: Pelipper|Wide Guard|p2b: Pelipper\n|-singleturn|p2b: Pelipper|Wide Guard\n|move|p1b: Grimmsnarl|Thunder Wave|p2a: Calyrex\n|-status|p2a: Calyrex|par\n|move|p2a: Calyrex|Glacial Lance|p1a: Amoonguss|[spread] p1a,p1b\n|-supereffective|p1a: Amoonguss\n|-damage|p1a: Amoonguss|22\/100\n|-damage|p1b: Grimmsnarl|39\/100\n|\n|upkeep\n|turn|4\n|inactive|prod_axel has 30 seconds left.\n|\n|t:|1738859341\n|move|p1a: Amoonguss|Rage Powder|p1a: Amoonguss\n|-singleturn|p1a: Amoonguss|move: Rage Powder\n|move|p1b: Grimmsnarl|Sucker Punch|p2a: Calyrex\n|-supereffective|p2a: Calyrex\n|-damage|p2a: Calyrex|2\/100 par\n|move|p2b: Pelipper|Hurricane|p1a: Amoonguss\n|-supereffective|p1a: Amoonguss\n|-damage|p1a: Amoonguss|0 fnt\n|faint|p1a: Amoonguss\n|move|p2a: Calyrex|Glacial Lance|p1b: Grimmsnarl\n|-damage|p1b: Grimmsnarl|0 fnt\n|faint|p1b: Grimmsnarl\n|-ability|p2a: Calyrex|Chilling Neigh|boost\n|-boost|p2a: Calyrex|atk|1\n|\n|upkeep\n|\n|t:|1738859351\n|switch|p1b: Terapagos|Terapagos-Stellar, L50, M, tera:Stellar|100\/100\n|switch|p1a: Urshifu|Urshifu-Rapid-Strike, L50, F|100\/100\n|turn|5\n|\n|t:|1738859369\n|cant|p2b: Pelipper|par\n|move|p1a: Urshifu|Surging Strikes|p2a: Calyrex\n|-crit|p2a: Calyrex\n|-damage|p2a: Calyrex|0 fnt\n|faint|p2a: Calyrex\n|-hitcount|p2: Calyrex|1\n|move|p1b: Terapagos|Tera Starstorm|p2b: Pelipper\n|-damage|p2b: Pelipper|0 fnt\n|faint|p2b: Pelipper\n|\n|upkeep\n|\n|t:|1738859374\n|switch|p2b: Ogerpon|Ogerpon-Cornerstone, L50, F|100\/100\n|switch|p2a: Rillaboom|Rillaboom, L50, F|100\/100\n|-fieldstart|move: Grassy Terrain|[from] ability: Grassy Surge|[of] p2a: Rillaboom\n|turn|6\n|inactive|prod_axel has 30 seconds left.\n|\n|t:|1738859405\n|move|p2b: Ogerpon|Spiky Shield|p2b: Ogerpon\n|-singleturn|p2b: Ogerpon|move: Protect\n|move|p1a: Urshifu|Surging Strikes|p2b: Ogerpon\n|-crit|p2b: Ogerpon\n|-damage|p2b: Ogerpon|76\/100\n|-crit|p2b: Ogerpon\n|-damage|p2b: Ogerpon|51\/100\n|-crit|p2b: Ogerpon\n|-damage|p2b: Ogerpon|26\/100\n|-hitcount|p2b: Ogerpon|3\n|move|p1b: Terapagos|Tera Starstorm|p2b: Ogerpon|[spread] p2a\n|-activate|p2b: Ogerpon|move: Protect\n|-damage|p2a: Rillaboom|33\/100\n|move|p2a: Rillaboom|Wood Hammer|p1b: Terapagos\n|-damage|p1b: Terapagos|23\/100\n|-damage|p2a: Rillaboom|4\/100|[from] Recoil\n|\n|-heal|p2b: Ogerpon|32\/100|[from] Grassy Terrain\n|-heal|p1b: Terapagos|29\/100|[from] Grassy Terrain\n|-heal|p2a: Rillaboom|10\/100|[from] Grassy Terrain\n|upkeep\n|turn|7\n|inactive|prod_axel has 30 seconds left.\n|\n|t:|1738859433\n|move|p2a: Rillaboom|Grassy Glide|p1b: Terapagos\n|-damage|p1b: Terapagos|0 fnt\n|faint|p1b: Terapagos\n|move|p1a: Urshifu|Surging Strikes|p2b: Ogerpon\n|-crit|p2b: Ogerpon\n|-damage|p2b: Ogerpon|8\/100\n|-crit|p2b: Ogerpon\n|-damage|p2b: Ogerpon|0 fnt\n|faint|p2b: Ogerpon\n|-hitcount|p2: Ogerpon|2\n|\n|-heal|p2a: Rillaboom|16\/100|[from] Grassy Terrain\n|upkeep\n|turn|8\n|\n|t:|1738859445\n|move|p2a: Rillaboom|Grassy Glide|p1a: Urshifu\n|-supereffective|p1a: Urshifu\n|-damage|p1a: Urshifu|0 fnt\n|faint|p1a: Urshifu\n|\n|win|prod_axel\n|raw|zodipodi's rating: 1596 &rarr; <strong>1573<\/strong><br \/>(-23 for losing)\n|raw|prod_axel's rating: 1551 &rarr; <strong>1574<\/strong><br \/>(+23 for winning)\n|l|\u2606zodipodi\n|player|p1|\n|c|\u2606prod_axel|gg\n|l|\u2606prod_axel\n|player|p2|\n","uploadtime":1738859703,"views":6,"formatid":"gen9vgc2025regg","rating":1573,"private":0,"password":null}