{"id":"gen9vgc2025regg-2295749213","format":"[Gen 9] VGC 2025 Reg G","players":["Nightwind Husky","Doc_MrMega"],"log":"|j|\u2606Nightwind Husky\n|j|\u2606Doc_MrMega\n|t:|1738872024\n|gametype|doubles\n|player|p1|Nightwind Husky|101|1549\n|player|p2|Doc_MrMega|lucas|1611\n|teamsize|p1|6\n|teamsize|p2|6\n|gen|9\n|tier|[Gen 9] VGC 2025 Reg G\n|rated|\n|rule|Species Clause: Limit one of each Pok\u00e9mon\n|rule|Item Clause: Limit 1 of each item\n|clearpoke\n|poke|p1|Calyrex-Ice, L50|\n|poke|p1|Landorus, L50, M|\n|poke|p1|Amoonguss, L50, F|\n|poke|p1|Urshifu-*, L50, F|\n|poke|p1|Roaring Moon, L50|\n|poke|p1|Ogerpon-Hearthflame, L50, F|\n|poke|p2|Calyrex-Ice, L50|\n|poke|p2|Landorus, L50, M|\n|poke|p2|Amoonguss, L50, F|\n|poke|p2|Urshifu-*, L50, M|\n|poke|p2|Roaring Moon, L50|\n|poke|p2|Ogerpon-Hearthflame, L50, F|\n|teampreview|4\n|inactive|Battle timer is ON: inactive players will automatically lose when time's up. (requested by Doc_MrMega)\n|\n|t:|1738872042\n|start\n|switch|p1a: Urshifu|Urshifu-Rapid-Strike, L50, F|100\/100\n|switch|p1b: Landorus|Landorus, L50, M|100\/100\n|switch|p2a: Urshifu|Urshifu-Rapid-Strike, L50, M|100\/100\n|switch|p2b: Landorus|Landorus, L50, M|100\/100\n|turn|1\n|\n|t:|1738872065\n|-terastallize|p2b: Landorus|Water\n|move|p1b: Landorus|Earth Power|p2b: Landorus\n|-damage|p2b: Landorus|28\/100\n|move|p2b: Landorus|Sandsear Storm|p1b: Landorus|[spread] p1a\n|-immune|p1b: Landorus\n|-damage|p1a: Urshifu|15\/100\n|move|p1a: Urshifu|Surging Strikes|p2a: Urshifu\n|-resisted|p2a: Urshifu\n|-crit|p2a: Urshifu\n|-damage|p2a: Urshifu|90\/100\n|-resisted|p2a: Urshifu\n|-crit|p2a: Urshifu\n|-damage|p2a: Urshifu|79\/100\n|-resisted|p2a: Urshifu\n|-crit|p2a: Urshifu\n|-damage|p2a: Urshifu|69\/100\n|-hitcount|p2a: Urshifu|3\n|move|p2a: Urshifu|Surging Strikes|p1a: Urshifu\n|-resisted|p1a: Urshifu\n|-crit|p1a: Urshifu\n|-damage|p1a: Urshifu|3\/100\n|-resisted|p1a: Urshifu\n|-crit|p1a: Urshifu\n|-damage|p1a: Urshifu|0 fnt\n|faint|p1a: Urshifu\n|-hitcount|p1: Urshifu|2\n|\n|upkeep\n|\n|t:|1738872085\n|switch|p1a: Ogerpon|Ogerpon-Hearthflame, L50, F|100\/100\n|-ability|p1a: Ogerpon|Mold Breaker\n|turn|2\n|inactive|Nightwind Husky has 30 seconds left.\n|\n|t:|1738872111\n|switch|p2a: Roaring Moon|Roaring Moon, L50|100\/100\n|-enditem|p2a: Roaring Moon|Booster Energy\n|-activate|p2a: Roaring Moon|ability: Protosynthesis|[fromitem]\n|-start|p2a: Roaring Moon|protosynthesisspe\n|move|p2b: Landorus|Protect|p2b: Landorus\n|-singleturn|p2b: Landorus|Protect\n|move|p1b: Landorus|Earth Power|p2a: Roaring Moon\n|-damage|p2a: Roaring Moon|33\/100\n|move|p1a: Ogerpon|Horn Leech|p2b: Landorus\n|-activate|p2b: Landorus|move: Protect\n|\n|upkeep\n|turn|3\n|j| alexandritestone\n|inactive|Nightwind Husky has 30 seconds left.\n|\n|t:|1738872141\n|move|p1a: Ogerpon|Spiky Shield|p1a: Ogerpon\n|-singleturn|p1a: Ogerpon|move: Protect\n|move|p2a: Roaring Moon|Tailwind|p2a: Roaring Moon\n|-sidestart|p2: Doc_MrMega|move: Tailwind\n|move|p2b: Landorus|Sludge Bomb|p1a: Ogerpon\n|-activate|p1a: Ogerpon|move: Protect\n|move|p1b: Landorus|Sandsear Storm|p2b: Landorus|[spread] p2a,p2b\n|-damage|p2a: Roaring Moon|0 fnt\n|-damage|p2b: Landorus|0 fnt\n|faint|p2a: Roaring Moon\n|-end|p2a: Roaring Moon|Protosynthesis|[silent]\n|faint|p2b: Landorus\n|\n|upkeep\n|\n|t:|1738872144\n|switch|p2a: Calyrex|Calyrex-Ice, L50|100\/100\n|switch|p2b: Urshifu|Urshifu-Rapid-Strike, L50, M|69\/100\n|-ability|p2a: Calyrex|As One\n|-ability|p2a: Calyrex|Unnerve\n|turn|4\n|inactive|Doc_MrMega has 30 seconds left.\n|\n|t:|1738872170\n|-terastallize|p1b: Landorus|Water\n|move|p1a: Ogerpon|Follow Me|p1a: Ogerpon\n|-singleturn|p1a: Ogerpon|move: Follow Me\n|move|p2b: Urshifu|Close Combat|p1a: Ogerpon\n|-damage|p1a: Ogerpon|46\/100\n|-unboost|p2b: Urshifu|def|1\n|-unboost|p2b: Urshifu|spd|1\n|move|p2a: Calyrex|Glacial Lance|p1a: Ogerpon|[spread] p1a,p1b\n|-resisted|p1b: Landorus\n|-damage|p1a: Ogerpon|4\/100\n|-damage|p1b: Landorus|75\/100\n|move|p1b: Landorus|Earth Power|p2b: Urshifu\n|-damage|p2b: Urshifu|0 fnt\n|faint|p2b: Urshifu\n|\n|upkeep\n|turn|5\n|\n|t:|1738872195\n|move|p2a: Calyrex|Glacial Lance|p1a: Ogerpon|[spread] p1a,p1b\n|-resisted|p1b: Landorus\n|-damage|p1a: Ogerpon|0 fnt\n|-damage|p1b: Landorus|46\/100\n|faint|p1a: Ogerpon\n|-ability|p2a: Calyrex|Chilling Neigh|boost\n|-boost|p2a: Calyrex|atk|1\n|move|p1b: Landorus|Earth Power|p2a: Calyrex\n|-damage|p2a: Calyrex|55\/100\n|\n|upkeep\n|\n|t:|1738872205\n|switch|p1a: Calyrex|Calyrex-Ice, L50|100\/100\n|-ability|p1a: Calyrex|As One\n|-ability|p1a: Calyrex|Unnerve\n|turn|6\n|\n|t:|1738872217\n|move|p1b: Landorus|Protect|p1b: Landorus\n|-singleturn|p1b: Landorus|Protect\n|move|p1a: Calyrex|Protect|p1a: Calyrex\n|-singleturn|p1a: Calyrex|Protect\n|move|p2a: Calyrex|High Horsepower|p1b: Landorus\n|-activate|p1b: Landorus|move: Protect\n|\n|-sideend|p2: Doc_MrMega|move: Tailwind\n|upkeep\n|turn|7\n|\n|t:|1738872230\n|move|p1b: Landorus|Earth Power|p2a: Calyrex\n|-damage|p2a: Calyrex|10\/100\n|move|p1a: Calyrex|High Horsepower|p2a: Calyrex\n|-damage|p2a: Calyrex|0 fnt\n|faint|p2a: Calyrex\n|\n|win|Nightwind Husky\n|raw|Nightwind Husky's rating: 1549 &rarr; <strong>1573<\/strong><br \/>(+24 for winning)\n|raw|Doc_MrMega's rating: 1611 &rarr; <strong>1587<\/strong><br \/>(-24 for losing)\n|l|\u2606Doc_MrMega\n|player|p2|\n","uploadtime":1738872256,"views":7,"formatid":"gen9vgc2025regg","rating":1573,"private":0,"password":null}