{"id":"gen9vgc2025regg-2295850039","format":"[Gen 9] VGC 2025 Reg G","players":["Forbranna","Farmyom"],"log":"|j|\u2606Forbranna\n|j|\u203dFarmyom\n|t:|1738883016\n|gametype|doubles\n|player|p1|Forbranna|clair|1565\n|player|p2|Farmyom|beauty-gen5bw2|1648\n|teamsize|p1|6\n|teamsize|p2|6\n|gen|9\n|tier|[Gen 9] VGC 2025 Reg G\n|rated|\n|rule|Species Clause: Limit one of each Pok\u00e9mon\n|rule|Item Clause: Limit 1 of each item\n|clearpoke\n|poke|p1|Grimmsnarl, L50, M|\n|poke|p1|Chi-Yu, L50|\n|poke|p1|Koraidon, L50|\n|poke|p1|Flutter Mane, L50|\n|poke|p1|Raging Bolt, L50|\n|poke|p1|Ogerpon-Cornerstone, L50, F|\n|poke|p2|Terapagos, L50, M|\n|poke|p2|Flutter Mane, L50|\n|poke|p2|Tornadus, L50, M|\n|poke|p2|Incineroar, L50, F|\n|poke|p2|Rillaboom, L50, M|\n|poke|p2|Walking Wake, L50|\n|teampreview|4\n|inactive|Battle timer is ON: inactive players will automatically lose when time's up. (requested by Forbranna)\n|inactive|Farmyom also wants the timer to be on.\n|inactive|Farmyom has 60 seconds left.\n|\n|t:|1738883048\n|start\n|switch|p1a: Einstein|Grimmsnarl, L50, M, shiny|100\/100\n|switch|p1b: Voltaire|Raging Bolt, L50|100\/100\n|switch|p2a: Incineroar|Incineroar, L50, F|100\/100\n|switch|p2b: Walking Wake|Walking Wake, L50|100\/100\n|-ability|p2a: Incineroar|Intimidate|boost\n|-unboost|p1a: Einstein|atk|1\n|-unboost|p1b: Voltaire|atk|1\n|turn|1\n|\n|t:|1738883062\n|-end|p1b: Voltaire|Protosynthesis|[silent]\n|switch|p1b: Queen Mary I|Flutter Mane, L50|100\/100\n|move|p2a: Incineroar|Fake Out|p1a: Einstein\n|-damage|p1a: Einstein|91\/100\n|cant|p1a: Einstein|flinch\n|move|p2b: Walking Wake|Draco Meteor|p1b: Queen Mary I\n|-immune|p1b: Queen Mary I\n|\n|upkeep\n|turn|2\n|\n|t:|1738883081\n|-terastallize|p2b: Walking Wake|Fire\n|move|p1a: Einstein|Light Screen|p1a: Einstein\n|-sidestart|p1: Forbranna|move: Light Screen\n|move|p1b: Queen Mary I|Moonblast|p2b: Walking Wake\n|-resisted|p2b: Walking Wake\n|-crit|p2b: Walking Wake\n|-damage|p2b: Walking Wake|56\/100\n|move|p2b: Walking Wake|Flamethrower|p1b: Queen Mary I\n|-damage|p1b: Queen Mary I|56\/100\n|-damage|p2b: Walking Wake|46\/100|[from] item: Life Orb\n|move|p2a: Incineroar|Flare Blitz|p1b: Queen Mary I\n|-damage|p1b: Queen Mary I|0 fnt\n|faint|p1b: Queen Mary I\n|-end|p1b: Queen Mary I|Protosynthesis|[silent]\n|-damage|p2a: Incineroar|89\/100|[from] Recoil\n|\n|upkeep\n|\n|t:|1738883098\n|switch|p1b: Moctezuma|Koraidon, L50|100\/100\n|-weather|SunnyDay|[from] ability: Orichalcum Pulse|[of] p1b: Moctezuma\n|-activate|p2b: Walking Wake|ability: Protosynthesis\n|-start|p2b: Walking Wake|protosynthesisspe\n|-activate|p1b: Moctezuma|Orichalcum Pulse|[source]\n|turn|3\n|\n|t:|1738883116\n|move|p2b: Walking Wake|Protect|p2b: Walking Wake\n|-singleturn|p2b: Walking Wake|Protect\n|move|p1b: Moctezuma|Protect|p1b: Moctezuma\n|-singleturn|p1b: Moctezuma|Protect\n|move|p1a: Einstein|Thunder Wave|p2b: Walking Wake\n|-activate|p2b: Walking Wake|move: Protect\n|move|p2a: Incineroar|Knock Off|p1b: Moctezuma\n|-activate|p1b: Moctezuma|move: Protect\n|\n|-weather|SunnyDay|[upkeep]\n|upkeep\n|turn|4\n|inactive|Farmyom has 30 seconds left.\n|\n|t:|1738883143\n|move|p1a: Einstein|Thunder Wave|p2b: Walking Wake\n|-status|p2b: Walking Wake|par\n|move|p1b: Moctezuma|Collision Course|p2b: Walking Wake\n|-damage|p2b: Walking Wake|0 fnt\n|faint|p2b: Walking Wake\n|-end|p2b: Walking Wake|Protosynthesis|[silent]\n|move|p2a: Incineroar|Flare Blitz|p1a: Einstein\n|-damage|p1a: Einstein|26\/100\n|-status|p1a: Einstein|brn\n|-damage|p2a: Incineroar|67\/100|[from] Recoil\n|\n|-weather|SunnyDay|[upkeep]\n|-damage|p1a: Einstein|20\/100 brn|[from] brn\n|upkeep\n|\n|t:|1738883155\n|switch|p2b: Flutter Mane|Flutter Mane, L50|100\/100\n|-activate|p2b: Flutter Mane|ability: Protosynthesis\n|-start|p2b: Flutter Mane|protosynthesisspe\n|turn|5\n|\n|t:|1738883169\n|-terastallize|p1b: Moctezuma|Fire\n|move|p2b: Flutter Mane|Protect|p2b: Flutter Mane\n|-singleturn|p2b: Flutter Mane|Protect\n|move|p1a: Einstein|Reflect|p1a: Einstein\n|-sidestart|p1: Forbranna|Reflect\n|move|p1b: Moctezuma|Flame Charge|p2b: Flutter Mane\n|-activate|p2b: Flutter Mane|move: Protect\n|move|p2a: Incineroar|Knock Off|p1a: Einstein\n|-resisted|p1a: Einstein\n|-damage|p1a: Einstein|13\/100 brn\n|-enditem|p1a: Einstein|Light Clay|[from] move: Knock Off|[of] p2a: Incineroar\n|\n|-weather|SunnyDay|[upkeep]\n|-damage|p1a: Einstein|7\/100 brn|[from] brn\n|upkeep\n|turn|6\n|inactive|Farmyom has 30 seconds left.\n|inactive|Farmyom has 20 seconds left.\n|inactive|Farmyom has 15 seconds left.\n|\n|t:|1738883213\n|-end|p2b: Flutter Mane|Protosynthesis|[silent]\n|switch|p2b: Terapagos|Terapagos, L50, M|100\/100\n|-activate|p2b: Terapagos|ability: Tera Shift\n|detailschange|p2b: Terapagos|Terapagos-Terastal, L50, M\n|-heal|p2b: Terapagos|100\/100|[silent]\n|move|p1a: Einstein|Thunder Wave|p2b: Terapagos\n|-status|p2b: Terapagos|par\n|move|p1b: Moctezuma|Flame Charge|p2b: Terapagos\n|-activate|p2b: Terapagos|ability: Tera Shell\n|-resisted|p2b: Terapagos\n|-damage|p2b: Terapagos|74\/100 par\n|-boost|p1b: Moctezuma|spe|1\n|move|p2a: Incineroar|Flare Blitz|p1a: Einstein\n|-damage|p1a: Einstein|0 fnt\n|faint|p1a: Einstein\n|-damage|p2a: Incineroar|65\/100|[from] Recoil\n|\n|-weather|SunnyDay|[upkeep]\n|upkeep\n|\n|t:|1738883234\n|switch|p1a: Voltaire|Raging Bolt, L50|100\/100\n|-activate|p1a: Voltaire|ability: Protosynthesis\n|-start|p1a: Voltaire|protosynthesisspa\n|turn|7\n|j| ChilledLotusA\n|\n|t:|1738883251\n|move|p2b: Terapagos|Protect|p2b: Terapagos\n|-singleturn|p2b: Terapagos|Protect\n|move|p1a: Voltaire|Thunderclap||[still]\n|-fail|p1a: Voltaire\n|move|p1b: Moctezuma|Flare Blitz|p2b: Terapagos\n|-activate|p2b: Terapagos|move: Protect\n|move|p2a: Incineroar|Knock Off|p1b: Moctezuma\n|-damage|p1b: Moctezuma|78\/100\n|-enditem|p1b: Moctezuma|Clear Amulet|[from] move: Knock Off|[of] p2a: Incineroar\n|\n|-weather|none\n|-end|p1a: Voltaire|Protosynthesis\n|upkeep\n|turn|8\n|\n|t:|1738883276\n|move|p1b: Moctezuma|Collision Course|p2a: Incineroar\n|-supereffective|p2a: Incineroar\n|-damage|p2a: Incineroar|0 fnt\n|-damage|p1b: Moctezuma|61\/100|[from] item: Rocky Helmet|[of] p2a: Incineroar\n|faint|p2a: Incineroar\n|move|p1a: Voltaire|Thunderbolt|p2b: Terapagos\n|-damage|p2b: Terapagos|29\/100 par\n|move|p2b: Terapagos|Earth Power|p1b: Moctezuma\n|-supereffective|p1b: Moctezuma\n|-damage|p1b: Moctezuma|28\/100\n|\n|upkeep\n|\n|t:|1738883290\n|switch|p2a: Flutter Mane|Flutter Mane, L50|100\/100\n|-enditem|p2a: Flutter Mane|Booster Energy\n|-activate|p2a: Flutter Mane|ability: Protosynthesis|[fromitem]\n|-start|p2a: Flutter Mane|protosynthesisspe\n|turn|9\n|\n|t:|1738883300\n|move|p2a: Flutter Mane|Protect|p2a: Flutter Mane\n|-singleturn|p2a: Flutter Mane|Protect\n|move|p2b: Terapagos|Protect|p2b: Terapagos\n|-singleturn|p2b: Terapagos|Protect\n|move|p1b: Moctezuma|Flame Charge|p2a: Flutter Mane\n|-activate|p2a: Flutter Mane|move: Protect\n|move|p1a: Voltaire|Thunderbolt|p2b: Terapagos\n|-activate|p2b: Terapagos|move: Protect\n|\n|-sideend|p1: Forbranna|move: Light Screen\n|upkeep\n|turn|10\n|j| sauromon\n|inactive|Farmyom has 30 seconds left.\n|inactive|Farmyom has 20 seconds left.\n|inactive|Farmyom has 15 seconds left.\n|inactive|Farmyom has 10 seconds left.\n|inactive|Farmyom has 5 seconds left.\n|\n|t:|1738883355\n|move|p1b: Moctezuma|Protect|p1b: Moctezuma\n|-singleturn|p1b: Moctezuma|Protect\n|move|p2a: Flutter Mane|Moonblast|p1a: Voltaire\n|-supereffective|p1a: Voltaire\n|-damage|p1a: Voltaire|49\/100\n|move|p1a: Voltaire|Thunderbolt|p2b: Terapagos\n|-damage|p2b: Terapagos|0 fnt\n|faint|p2b: Terapagos\n|\n|upkeep\n|turn|11\n|\n|t:|1738883370\n|move|p1a: Voltaire|Thunderclap|p2a: Flutter Mane\n|-damage|p2a: Flutter Mane|64\/100\n|move|p2a: Flutter Mane|Moonblast|p1b: Moctezuma\n|-resisted|p1b: Moctezuma\n|-damage|p1b: Moctezuma|9\/100\n|-unboost|p1b: Moctezuma|spa|1\n|move|p1b: Moctezuma|Flame Charge|p2a: Flutter Mane\n|-crit|p2a: Flutter Mane\n|-damage|p2a: Flutter Mane|0 fnt\n|-boost|p1b: Moctezuma|spe|1\n|faint|p2a: Flutter Mane\n|-end|p2a: Flutter Mane|Protosynthesis|[silent]\n|\n|win|Forbranna\n|raw|Forbranna's rating: 1565 &rarr; <strong>1590<\/strong><br \/>(+25 for winning)\n|raw|Farmyom's rating: 1648 &rarr; <strong>1623<\/strong><br \/>(-25 for losing)\n|j| Shield Fish\n|l| Shield Fish\n|l|\u2606Forbranna\n|player|p1|\n","uploadtime":1738883524,"views":6,"formatid":"gen9vgc2025regg","rating":1590,"private":0,"password":null}