{"id":"gen9vgc2025regg-2295399800","format":"[Gen 9] VGC 2025 Reg G","players":["tachitsuteto1234","llefface"],"log":"|j|\u2606tachitsuteto1234\n|j|\u2606llefface\n|t:|1738827827\n|gametype|doubles\n|player|p1|tachitsuteto1234|265|1548\n|player|p2|llefface|lana-masters|1655\n|teamsize|p1|6\n|teamsize|p2|6\n|gen|9\n|tier|[Gen 9] VGC 2025 Reg G\n|rated|\n|rule|Species Clause: Limit one of each Pok\u00e9mon\n|rule|Item Clause: Limit 1 of each item\n|clearpoke\n|poke|p1|Miraidon, L50|\n|poke|p1|Whimsicott, L50, M|\n|poke|p1|Urshifu-*, L50, F|\n|poke|p1|Farigiraf, L50, M|\n|poke|p1|Iron Hands, L50|\n|poke|p1|Chi-Yu, L50|\n|poke|p2|Terapagos, L50, M|\n|poke|p2|Flutter Mane, L50|\n|poke|p2|Ogerpon-Hearthflame, L50, F|\n|poke|p2|Iron Hands, L50|\n|poke|p2|Farigiraf, L50, M|\n|poke|p2|Urshifu-*, L50, F|\n|teampreview|4\n|j| GarchompExVgc\n|c|\u2606llefface|glhf!\ntachitsuteto1234 rejected open team sheets.\n|\n|t:|1738827862\n|start\n|switch|p1a: Miraidon|Miraidon, L50|100\/100\n|switch|p1b: Whimsicott|Whimsicott, L50, M|100\/100\n|switch|p2a: Iron Hands|Iron Hands, L50|100\/100\n|switch|p2b: Farigiraf|Farigiraf, L50, M|100\/100\n|-fieldstart|move: Electric Terrain|[from] ability: Hadron Engine|[of] p1a: Miraidon\n|-activate|p2a: Iron Hands|ability: Quark Drive\n|-start|p2a: Iron Hands|quarkdriveatk\n|turn|1\n|\n|t:|1738827879\n|switch|p1b: Farigiraf|Farigiraf, L50, M|100\/100\n|-enditem|p1b: Farigiraf|Electric Seed\n|-boost|p1b: Farigiraf|def|1|[from] item: Electric Seed\n|-terastallize|p1a: Miraidon|Fairy\n|move|p2a: Iron Hands|Fake Out||[still]\n|cant|p1b: Farigiraf|ability: Armor Tail|Fake Out|[of] p2a: Iron Hands\n|move|p1a: Miraidon|Dazzling Gleam|p2a: Iron Hands|[spread] p2a,p2b\n|-supereffective|p2a: Iron Hands\n|-damage|p2a: Iron Hands|30\/100\n|-damage|p2b: Farigiraf|30\/100\n|move|p2b: Farigiraf|Trick Room|p2b: Farigiraf\n|-fieldstart|move: Trick Room|[of] p2b: Farigiraf\n|\n|upkeep\n|turn|2\n|j| johnkharkiv\n|\n|t:|1738827908\n|switch|p1a: Iron Hands|Iron Hands, L50|100\/100\n|-activate|p1a: Iron Hands|ability: Quark Drive\n|-start|p1a: Iron Hands|quarkdriveatk\n|move|p2b: Farigiraf|Protect|p2b: Farigiraf\n|-singleturn|p2b: Farigiraf|Protect\n|move|p2a: Iron Hands|Low Kick|p1a: Iron Hands\n|-damage|p1a: Iron Hands|46\/100\n|move|p1b: Farigiraf|Psychic|p2a: Iron Hands\n|-supereffective|p2a: Iron Hands\n|-damage|p2a: Iron Hands|0 fnt\n|faint|p2a: Iron Hands\n|-end|p2a: Iron Hands|Quark Drive|[silent]\n|\n|upkeep\n|\n|t:|1738827919\n|switch|p2a: Terapagos|Terapagos, L50, M|100\/100\n|-activate|p2a: Terapagos|ability: Tera Shift\n|detailschange|p2a: Terapagos|Terapagos-Terastal, L50, M\n|-heal|p2a: Terapagos|100\/100|[silent]\n|turn|3\n|\n|t:|1738827943\n|switch|p2b: Ogerpon|Ogerpon-Hearthflame, L50, F|100\/100\n|-ability|p2b: Ogerpon|Mold Breaker\n|move|p1a: Iron Hands|Drain Punch|p2b: Ogerpon\n|-damage|p2b: Ogerpon|41\/100\n|-heal|p1a: Iron Hands|68\/100|[from] drain|[of] p2b: Ogerpon\n|move|p1b: Farigiraf|Psychic|p2a: Terapagos\n|-activate|p2a: Terapagos|ability: Tera Shell\n|-resisted|p2a: Terapagos\n|-damage|p2a: Terapagos|84\/100\n|move|p2a: Terapagos|Tera Starstorm|p1b: Farigiraf\n|-damage|p1b: Farigiraf|20\/100\n|\n|upkeep\n|turn|4\n|\n|t:|1738827972\n|switch|p2a: Farigiraf|Farigiraf, L50, M|30\/100\n|move|p1b: Farigiraf|Helping Hand|p1a: Iron Hands\n|-singleturn|p1a: Iron Hands|Helping Hand|[of] p1b: Farigiraf\n|move|p2b: Ogerpon|Spiky Shield|p2b: Ogerpon\n|-singleturn|p2b: Ogerpon|move: Protect\n|move|p1a: Iron Hands|Drain Punch|p2a: Farigiraf\n|-damage|p2a: Farigiraf|0 fnt\n|-heal|p1a: Iron Hands|81\/100|[from] drain|[of] p2a: Farigiraf\n|faint|p2a: Farigiraf\n|\n|upkeep\n|\n|t:|1738827980\n|switch|p2a: Terapagos|Terapagos-Terastal, L50, M|84\/100\n|turn|5\n|\n|t:|1738828004\n|move|p2b: Ogerpon|Follow Me|p2b: Ogerpon\n|-singleturn|p2b: Ogerpon|move: Follow Me\n|move|p1a: Iron Hands|Drain Punch|p2b: Ogerpon\n|-damage|p2b: Ogerpon|0 fnt\n|-heal|p1a: Iron Hands|96\/100|[from] drain|[of] p2b: Ogerpon\n|faint|p2b: Ogerpon\n|move|p1b: Farigiraf|Psychic|p2a: Terapagos\n|-damage|p2a: Terapagos|49\/100\n|move|p2a: Terapagos|Tera Starstorm|p1a: Iron Hands\n|-damage|p1a: Iron Hands|43\/100\n|\n|-fieldend|move: Trick Room\n|-fieldend|move: Electric Terrain\n|-end|p1a: Iron Hands|Quark Drive\n|upkeep\n|turn|6\n|\n|t:|1738828024\n|-terastallize|p2a: Terapagos|Stellar\n|detailschange|p2a: Terapagos|Terapagos-Stellar, L50, M, tera:Stellar\n|-heal|p2a: Terapagos|63\/100|[silent]\n|move|p2a: Terapagos|Tera Starstorm|p1b: Farigiraf|[spread] p1a,p1b\n|-damage|p1a: Iron Hands|9\/100\n|-damage|p1b: Farigiraf|0 fnt\n|faint|p1b: Farigiraf\n|move|p1a: Iron Hands|Drain Punch|p2a: Terapagos\n|-supereffective|p2a: Terapagos\n|-damage|p2a: Terapagos|1\/100\n|-heal|p1a: Iron Hands|39\/100|[from] drain|[of] p2a: Terapagos\n|\n|upkeep\n|j| wizzpower 2\n|c|\u2606llefface|gg\n|-message|llefface forfeited.\n|\n|win|tachitsuteto1234\n|raw|tachitsuteto1234's rating: 1548 &rarr; <strong>1574<\/strong><br \/>(+26 for winning)\n|raw|llefface's rating: 1655 &rarr; <strong>1629<\/strong><br \/>(-26 for losing)\n|l|\u2606llefface\n|player|p2|\n|l| GarchompExVgc\n|l|\u2606tachitsuteto1234\n|player|p1|\n","uploadtime":1738828276,"views":8,"formatid":"gen9vgc2025regg","rating":1574,"private":0,"password":null}