{"id":"gen9vgc2025regg-2295063544","format":"[Gen 9] VGC 2025 Reg G","players":["Gi1796","xatseye"],"log":"|j|\u2606Gi1796\n|j|\u2606xatseye\n|t:|1738782874\n|gametype|doubles\n|player|p1|Gi1796|veteran|1595\n|player|p2|xatseye|265|1688\n|teamsize|p1|6\n|teamsize|p2|6\n|gen|9\n|tier|[Gen 9] VGC 2025 Reg G\n|rated|\n|rule|Species Clause: Limit one of each Pok\u00e9mon\n|rule|Item Clause: Limit 1 of each item\n|clearpoke\n|poke|p1|Kyogre, L50|\n|poke|p1|Rillaboom, L50, F|\n|poke|p1|Tsareena, L50, F|\n|poke|p1|Urshifu-*, L50, F|\n|poke|p1|Chien-Pao, L50|\n|poke|p1|Tornadus, L50, M|\n|poke|p2|Flutter Mane, L50|\n|poke|p2|Maushold-Four, L50|\n|poke|p2|Incineroar, L50, M|\n|poke|p2|Calyrex-Ice, L50|\n|poke|p2|Raging Bolt, L50|\n|poke|p2|Cresselia, L50, F|\n|teampreview|4\n|inactive|Battle timer is ON: inactive players will automatically lose when time's up. (requested by xatseye)\nGi1796 has agreed to open team sheets.\n|inactive|Gi1796 has 60 seconds left.\n|\n|t:|1738782917\n|start\n|switch|p1a: Kyogre|Kyogre, L50|100\/100\n|switch|p1b: Rillaboom|Rillaboom, L50, F|100\/100\n|switch|p2a: Flutter Mane|Flutter Mane, L50|100\/100\n|switch|p2b: Maushold|Maushold-Four, L50, shiny|100\/100\n|-weather|RainDance|[from] ability: Drizzle|[of] p1a: Kyogre\n|-fieldstart|move: Grassy Terrain|[from] ability: Grassy Surge|[of] p1b: Rillaboom\n|-enditem|p2a: Flutter Mane|Booster Energy\n|-activate|p2a: Flutter Mane|ability: Protosynthesis|[fromitem]\n|-start|p2a: Flutter Mane|protosynthesisspa\n|turn|1\n|inactive|Gi1796 has 30 seconds left.\n|\n|t:|1738782947\n|move|p2b: Maushold|Protect|p2b: Maushold\n|-singleturn|p2b: Maushold|Protect\n|move|p2a: Flutter Mane|Protect|p2a: Flutter Mane\n|-singleturn|p2a: Flutter Mane|Protect\n|move|p1b: Rillaboom|Grassy Glide|p2a: Flutter Mane\n|-activate|p2a: Flutter Mane|move: Protect\n|move|p1a: Kyogre|Origin Pulse|p2b: Maushold|[spread] \n|-activate|p2a: Flutter Mane|move: Protect\n|-activate|p2b: Maushold|move: Protect\n|\n|-weather|RainDance|[upkeep]\n|upkeep\n|turn|2\n|\n|t:|1738782962\n|move|p1b: Rillaboom|Grassy Glide|p2a: Flutter Mane\n|-damage|p2a: Flutter Mane|51\/100\n|move|p2b: Maushold|Super Fang|p1a: Kyogre\n|-damage|p1a: Kyogre|50\/100\n|move|p2a: Flutter Mane|Moonblast|p1a: Kyogre\n|-damage|p1a: Kyogre|2\/100\n|move|p1a: Kyogre|Origin Pulse|p2b: Maushold|[spread] p2a\n|-miss|p1a: Kyogre|p2b: Maushold\n|-damage|p2a: Flutter Mane|0 fnt\n|faint|p2a: Flutter Mane\n|-end|p2a: Flutter Mane|Protosynthesis|[silent]\n|\n|-weather|RainDance|[upkeep]\n|-heal|p1a: Kyogre|8\/100|[from] Grassy Terrain\n|upkeep\n|\n|t:|1738782976\n|switch|p2a: Calyrex|Calyrex-Ice, L50|100\/100\n|-ability|p2a: Calyrex|As One\n|-ability|p2a: Calyrex|Unnerve\n|turn|3\n|inactive|Gi1796 has 30 seconds left.\n|\n|t:|1738783004\n|-terastallize|p2a: Calyrex|Dragon\n|move|p2b: Maushold|Super Fang|p1b: Rillaboom|[miss]\n|-miss|p2b: Maushold|p1b: Rillaboom\n|move|p1a: Kyogre|Origin Pulse|p2a: Calyrex|[spread] p2a,p2b\n|-resisted|p2a: Calyrex\n|-damage|p2a: Calyrex|83\/100\n|-enditem|p2b: Maushold|Focus Sash\n|-damage|p2b: Maushold|1\/100\n|move|p1b: Rillaboom|Wood Hammer|p2b: Maushold\n|-damage|p2b: Maushold|0 fnt\n|faint|p2b: Maushold\n|-damage|p1b: Rillaboom|99\/100|[from] Recoil\n|move|p2a: Calyrex|Glacial Lance|p1a: Kyogre|[spread] p1a,p1b\n|-resisted|p1a: Kyogre\n|-supereffective|p1b: Rillaboom\n|-damage|p1a: Kyogre|0 fnt\n|-damage|p1b: Rillaboom|15\/100\n|faint|p1a: Kyogre\n|-ability|p2a: Calyrex|Chilling Neigh|boost\n|-boost|p2a: Calyrex|atk|1\n|\n|-weather|RainDance|[upkeep]\n|-heal|p1b: Rillaboom|21\/100|[from] Grassy Terrain\n|-heal|p2a: Calyrex|89\/100|[from] Grassy Terrain\n|upkeep\n|\n|t:|1738783025\n|switch|p2b: Raging Bolt|Raging Bolt, L50|100\/100\n|switch|p1a: Chien-Pao|Chien-Pao, L50|100\/100\n|-ability|p1a: Chien-Pao|Sword of Ruin\n|turn|4\n|inactive|Gi1796 has 30 seconds left.\n|\n|t:|1738783051\n|move|p2b: Raging Bolt|Thunderclap|p1a: Chien-Pao\n|-damage|p1a: Chien-Pao|34\/100\n|move|p1a: Chien-Pao|Icicle Crash|p2a: Calyrex\n|-supereffective|p2a: Calyrex\n|-damage|p2a: Calyrex|28\/100\n|move|p1b: Rillaboom|High Horsepower|p2b: Raging Bolt\n|-supereffective|p2b: Raging Bolt\n|-damage|p2b: Raging Bolt|26\/100\n|move|p2a: Calyrex|Trick Room|p2a: Calyrex\n|-fieldstart|move: Trick Room|[of] p2a: Calyrex\n|\n|-weather|RainDance|[upkeep]\n|-heal|p2a: Calyrex|34\/100|[from] Grassy Terrain\n|-heal|p2b: Raging Bolt|32\/100|[from] Grassy Terrain\n|-heal|p1b: Rillaboom|27\/100|[from] Grassy Terrain\n|-heal|p1a: Chien-Pao|40\/100|[from] Grassy Terrain\n|upkeep\n|turn|5\n|inactive|Gi1796 has 30 seconds left.\n|\n|t:|1738783080\n|switch|p1b: Urshifu|Urshifu-Rapid-Strike, L50, F|100\/100\n|move|p1a: Chien-Pao|Protect|p1a: Chien-Pao\n|-singleturn|p1a: Chien-Pao|Protect\n|move|p2b: Raging Bolt|Thunderclap||[still]\n|-fail|p2b: Raging Bolt\n|move|p2a: Calyrex|Glacial Lance|p1b: Urshifu|[spread] p1b\n|-activate|p1a: Chien-Pao|move: Protect\n|-resisted|p1b: Urshifu\n|-damage|p1b: Urshifu|50\/100\n|\n|-weather|none\n|-heal|p2a: Calyrex|40\/100|[from] Grassy Terrain\n|-heal|p2b: Raging Bolt|38\/100|[from] Grassy Terrain\n|-heal|p1b: Urshifu|56\/100|[from] Grassy Terrain\n|-heal|p1a: Chien-Pao|46\/100|[from] Grassy Terrain\n|-fieldend|move: Grassy Terrain\n|upkeep\n|turn|6\n|inactive|Gi1796 has 30 seconds left.\n|\n|t:|1738783110\n|move|p1b: Urshifu|Detect|p1b: Urshifu\n|-singleturn|p1b: Urshifu|Protect\n|move|p2b: Raging Bolt|Thunderclap|p1a: Chien-Pao\n|-damage|p1a: Chien-Pao|0 fnt\n|faint|p1a: Chien-Pao\n|move|p2a: Calyrex|Glacial Lance|p1b: Urshifu\n|-activate|p1b: Urshifu|move: Protect\n|\n|upkeep\n|\n|t:|1738783114\n|switch|p1a: Rillaboom|Rillaboom, L50, F|27\/100\n|-fieldstart|move: Grassy Terrain|[from] ability: Grassy Surge|[of] p1a: Rillaboom\n|turn|7\n|\n|t:|1738783132\n|-terastallize|p1b: Urshifu|Grass\n|move|p1a: Rillaboom|Fake Out|p2a: Calyrex\n|-damage|p2a: Calyrex|31\/100\n|move|p2b: Raging Bolt|Thunderclap|p1b: Urshifu\n|-resisted|p1b: Urshifu\n|-damage|p1b: Urshifu|28\/100\n|cant|p2a: Calyrex|flinch\n|move|p1b: Urshifu|Close Combat|p2a: Calyrex\n|-damage|p2a: Calyrex|0 fnt\n|-unboost|p1b: Urshifu|def|1\n|-unboost|p1b: Urshifu|spd|1\n|faint|p2a: Calyrex\n|-damage|p1b: Urshifu|18\/100|[from] item: Life Orb\n|\n|-heal|p2b: Raging Bolt|44\/100|[from] Grassy Terrain\n|-heal|p1a: Rillaboom|32\/100|[from] Grassy Terrain\n|-heal|p1b: Urshifu|25\/100|[from] Grassy Terrain\n|upkeep\n|turn|8\n|\n|t:|1738783154\n|move|p2b: Raging Bolt|Thunderbolt|p1a: Rillaboom\n|-resisted|p1a: Rillaboom\n|-damage|p1a: Rillaboom|13\/100\n|-status|p1a: Rillaboom|par\n|move|p1a: Rillaboom|High Horsepower|p2b: Raging Bolt\n|-supereffective|p2b: Raging Bolt\n|-damage|p2b: Raging Bolt|0 fnt\n|faint|p2b: Raging Bolt\n|-end|p2b: Raging Bolt|Protosynthesis|[silent]\n|\n|win|Gi1796\n|raw|Gi1796's rating: 1595 &rarr; <strong>1620<\/strong><br \/>(+25 for winning)\n|raw|xatseye's rating: 1688 &rarr; <strong>1663<\/strong><br \/>(-25 for losing)\n|l|\u2606xatseye\n|player|p2|\n|l|\u2606Gi1796\n|player|p1|\n","uploadtime":1738783407,"views":17,"formatid":"gen9vgc2025regg","rating":1620,"private":0,"password":null}