{"id":"gen9vgc2025regg-2295050734","format":"[Gen 9] VGC 2025 Reg G","players":["Tortle Lover 3000","xatseye"],"log":"|j|\u2606Tortle Lover 3000\n|j|\u2606xatseye\n|t:|1738781637\n|gametype|doubles\n|player|p1|Tortle Lover 3000|265|1642\n|player|p2|xatseye|265|1635\n|teamsize|p1|6\n|teamsize|p2|6\n|gen|9\n|tier|[Gen 9] VGC 2025 Reg G\n|rated|\n|rule|Species Clause: Limit one of each Pok\u00e9mon\n|rule|Item Clause: Limit 1 of each item\n|clearpoke\n|poke|p1|Incineroar, L50, M|\n|poke|p1|Calyrex-Shadow, L50|\n|poke|p1|Rillaboom, L50, F|\n|poke|p1|Ogerpon-Hearthflame, L50, F|\n|poke|p1|Raging Bolt, L50|\n|poke|p1|Urshifu-*, L50, M|\n|poke|p2|Flutter Mane, L50|\n|poke|p2|Maushold-Four, L50|\n|poke|p2|Incineroar, L50, M|\n|poke|p2|Calyrex-Ice, L50|\n|poke|p2|Raging Bolt, L50|\n|poke|p2|Cresselia, L50, F|\n|teampreview|4\n|inactive|Battle timer is ON: inactive players will automatically lose when time's up. (requested by xatseye)\n|inactive|Tortle Lover 3000 also wants the timer to be on.\n|inactive|Tortle Lover 3000 has 60 seconds left.\n|inactive|xatseye has 60 seconds left.\n|\n|t:|1738781696\n|start\n|switch|p1a: Urshifu|Urshifu-Rapid-Strike, L50, M|100\/100\n|switch|p1b: Incineroar|Incineroar, L50, M|100\/100\n|switch|p2a: Flutter Mane|Flutter Mane, L50|100\/100\n|switch|p2b: Maushold|Maushold-Four, L50, shiny|100\/100\n|-ability|p1b: Incineroar|Intimidate|boost\n|-unboost|p2a: Flutter Mane|atk|1\n|-unboost|p2b: Maushold|atk|1\n|-enditem|p2a: Flutter Mane|Booster Energy\n|-activate|p2a: Flutter Mane|ability: Protosynthesis|[fromitem]\n|-start|p2a: Flutter Mane|protosynthesisspa\n|turn|1\n|\n|t:|1738781710\n|-terastallize|p1a: Urshifu|Water\n|move|p2b: Maushold|Super Fang|p1b: Incineroar\n|-damage|p1b: Incineroar|50\/100\n|-damage|p2b: Maushold|84\/100|[from] item: Rocky Helmet|[of] p1b: Incineroar\n|move|p2a: Flutter Mane|Dazzling Gleam|p1b: Incineroar|[spread] p1a,p1b\n|-damage|p1a: Urshifu|36\/100\n|-damage|p1b: Incineroar|10\/100\n|move|p1a: Urshifu|Surging Strikes|p2a: Flutter Mane\n|-crit|p2a: Flutter Mane\n|-damage|p2a: Flutter Mane|59\/100\n|-crit|p2a: Flutter Mane\n|-damage|p2a: Flutter Mane|19\/100\n|-crit|p2a: Flutter Mane\n|-damage|p2a: Flutter Mane|0 fnt\n|faint|p2a: Flutter Mane\n|-end|p2a: Flutter Mane|Protosynthesis|[silent]\n|-hitcount|p2: Flutter Mane|3\n|move|p1b: Incineroar|Knock Off|p2b: Maushold\n|-damage|p2b: Maushold|40\/100\n|-enditem|p2b: Maushold|Focus Sash|[from] move: Knock Off|[of] p1b: Incineroar\n|\n|upkeep\n|\n|t:|1738781729\n|switch|p2a: Calyrex|Calyrex-Ice, L50|100\/100\n|-ability|p2a: Calyrex|As One\n|-ability|p2a: Calyrex|Unnerve\n|turn|2\n|\n|t:|1738781741\n|-terastallize|p2a: Calyrex|Dragon\n|move|p2b: Maushold|Taunt|p1b: Incineroar\n|-start|p1b: Incineroar|move: Taunt\n|move|p1a: Urshifu|Surging Strikes|p2a: Calyrex\n|-resisted|p2a: Calyrex\n|-crit|p2a: Calyrex\n|-damage|p2a: Calyrex|93\/100\n|-resisted|p2a: Calyrex\n|-crit|p2a: Calyrex\n|-damage|p2a: Calyrex|85\/100\n|-resisted|p2a: Calyrex\n|-crit|p2a: Calyrex\n|-damage|p2a: Calyrex|77\/100\n|-hitcount|p2a: Calyrex|3\n|move|p1b: Incineroar|Knock Off|p2a: Calyrex\n|-damage|p2a: Calyrex|61\/100\n|-enditem|p2a: Calyrex|Clear Amulet|[from] move: Knock Off|[of] p1b: Incineroar\n|move|p2a: Calyrex|Trick Room|p2a: Calyrex\n|-fieldstart|move: Trick Room|[of] p2a: Calyrex\n|\n|upkeep\n|turn|3\n|inactive|Tortle Lover 3000 has 30 seconds left.\n|inactive|xatseye has 30 seconds left.\n|\n|t:|1738781769\n|switch|p1b: Ogerpon|Ogerpon-Hearthflame, L50, F|100\/100\n|-ability|p1b: Ogerpon|Mold Breaker\n|move|p1a: Urshifu|Aqua Jet|p2b: Maushold\n|-damage|p2b: Maushold|0 fnt\n|faint|p2b: Maushold\n|move|p2a: Calyrex|Glacial Lance|p1b: Ogerpon|[spread] p1a,p1b\n|-resisted|p1a: Urshifu\n|-damage|p1a: Urshifu|15\/100\n|-damage|p1b: Ogerpon|43\/100\n|\n|upkeep\n|\n|t:|1738781779\n|switch|p2b: Incineroar|Incineroar, L50, M|100\/100\n|-ability|p2b: Incineroar|Intimidate|boost\n|-unboost|p1a: Urshifu|atk|1\n|-unboost|p1b: Ogerpon|atk|1\n|turn|4\n|j| Pokedoke\n|\n|t:|1738781788\n|move|p1a: Urshifu|Detect|p1a: Urshifu\n|-singleturn|p1a: Urshifu|Protect\n|move|p1b: Ogerpon|Spiky Shield|p1b: Ogerpon\n|-singleturn|p1b: Ogerpon|move: Protect\n|move|p2b: Incineroar|Fake Out|p1a: Urshifu\n|-activate|p1a: Urshifu|move: Protect\n|move|p2a: Calyrex|Glacial Lance|p1b: Ogerpon|[spread] \n|-activate|p1a: Urshifu|move: Protect\n|-activate|p1b: Ogerpon|move: Protect\n|\n|upkeep\n|turn|5\n|\n|t:|1738781805\n|switch|p1b: Incineroar|Incineroar, L50, M|10\/100\n|-ability|p1b: Incineroar|Intimidate|boost\n|-unboost|p2a: Calyrex|atk|1\n|-unboost|p2b: Incineroar|atk|1\n|move|p1a: Urshifu|Aqua Jet|p2b: Incineroar\n|-supereffective|p2b: Incineroar\n|-damage|p2b: Incineroar|61\/100\n|move|p2a: Calyrex|Glacial Lance|p1b: Incineroar|[spread] p1a,p1b\n|-resisted|p1a: Urshifu\n|-resisted|p1b: Incineroar\n|-damage|p1a: Urshifu|0 fnt\n|-damage|p1b: Incineroar|0 fnt\n|faint|p1a: Urshifu\n|faint|p1b: Incineroar\n|-ability|p2a: Calyrex|Chilling Neigh|boost\n|-boost|p2a: Calyrex|atk|2\n|move|p2b: Incineroar|Knock Off|p1: Urshifu|[notarget]\n|-fail|p2b: Incineroar\n|\n|upkeep\n|\n|t:|1738781815\n|switch|p1b: Calyrex|Calyrex-Shadow, L50|100\/100\n|switch|p1a: Ogerpon|Ogerpon-Hearthflame, L50, F|43\/100\n|-ability|p1b: Calyrex|As One\n|-ability|p1b: Calyrex|Unnerve\n|-ability|p1a: Ogerpon|Mold Breaker\n|turn|6\n|\n|t:|1738781829\n|move|p1a: Ogerpon|Spiky Shield|p1a: Ogerpon\n|-singleturn|p1a: Ogerpon|move: Protect\n|move|p1b: Calyrex|Protect|p1b: Calyrex\n|-singleturn|p1b: Calyrex|Protect\n|move|p2a: Calyrex|Glacial Lance|p1a: Ogerpon|[spread] \n|-activate|p1a: Ogerpon|move: Protect\n|-activate|p1b: Calyrex|move: Protect\n|move|p2b: Incineroar|Knock Off|p1b: Calyrex\n|-activate|p1b: Calyrex|move: Protect\n|\n|-fieldend|move: Trick Room\n|upkeep\n|turn|7\n|\n|t:|1738781843\n|move|p2a: Calyrex|Protect|p2a: Calyrex\n|-singleturn|p2a: Calyrex|Protect\n|move|p1a: Ogerpon|Follow Me|p1a: Ogerpon\n|-singleturn|p1a: Ogerpon|move: Follow Me\n|move|p1b: Calyrex|Astral Barrage|p2a: Calyrex|[spread] p2b\n|-activate|p2a: Calyrex|move: Protect\n|-resisted|p2b: Incineroar\n|-damage|p2b: Incineroar|36\/100\n|-damage|p1b: Calyrex|91\/100|[from] item: Life Orb\n|move|p2b: Incineroar|Knock Off|p1a: Ogerpon\n|-damage|p1a: Ogerpon|23\/100\n|\n|upkeep\n|turn|8\n|j| oherrodersir\n|\n|t:|1738781858\n|move|p1b: Calyrex|Astral Barrage|p2b: Incineroar|[spread] p2a,p2b\n|-resisted|p2b: Incineroar\n|-damage|p2a: Calyrex|25\/100\n|-damage|p2b: Incineroar|11\/100\n|-damage|p1b: Calyrex|81\/100|[from] item: Life Orb\n|move|p1a: Ogerpon|Ivy Cudgel|p2a: Calyrex|[anim] Ivy Cudgel Fire\n|-resisted|p2a: Calyrex\n|-damage|p2a: Calyrex|9\/100\n|move|p2b: Incineroar|Knock Off|p1b: Calyrex\n|-supereffective|p1b: Calyrex\n|-damage|p1b: Calyrex|0 fnt\n|-enditem|p1b: Calyrex|Life Orb|[from] move: Knock Off|[of] p2b: Incineroar\n|faint|p1b: Calyrex\n|move|p2a: Calyrex|Glacial Lance|p1a: Ogerpon\n|-damage|p1a: Ogerpon|0 fnt\n|faint|p1a: Ogerpon\n|\n|win|xatseye\n|raw|Tortle Lover 3000's rating: 1642 &rarr; <strong>1622<\/strong><br \/>(-20 for losing)\n|raw|xatseye's rating: 1635 &rarr; <strong>1655<\/strong><br \/>(+20 for winning)\n|l|\u2606Tortle Lover 3000\n|player|p1|\n|l|\u2606xatseye\n|player|p2|\n|l| Pokedoke\n","uploadtime":1738782024,"views":8,"formatid":"gen9vgc2025regg","rating":1622,"private":0,"password":null}