{"id":"gen9vgc2025regg-2295355655","format":"[Gen 9] VGC 2025 Reg G","players":["nezuko fresh leg","qiin5"],"log":"|j|\u2606nezuko fresh leg\n|j|\u2606qiin5\n|t:|1738819114\n|gametype|doubles\n|player|p1|nezuko fresh leg|tuberf|1649\n|player|p2|qiin5|265|1609\n|teamsize|p1|6\n|teamsize|p2|6\n|gen|9\n|tier|[Gen 9] VGC 2025 Reg G\n|rated|\n|rule|Species Clause: Limit one of each Pok\u00e9mon\n|rule|Item Clause: Limit 1 of each item\n|clearpoke\n|poke|p1|Whimsicott, L50, M|\n|poke|p1|Indeedee-F, L50, F|\n|poke|p1|Calyrex-Shadow, L50|\n|poke|p1|Urshifu-*, L50, F|\n|poke|p1|Chi-Yu, L50|\n|poke|p1|Ogerpon-Wellspring, L50, F|\n|poke|p2|Calyrex-Shadow, L50|\n|poke|p2|Urshifu-*, L50, M|\n|poke|p2|Rillaboom, L50, M|\n|poke|p2|Incineroar, L50, M|\n|poke|p2|Tornadus, L50, M|\n|poke|p2|Ogerpon-Cornerstone, L50, F|\n|teampreview|4\nnezuko fresh leg has agreed to open team sheets.\n|j| thenameahri\n|inactive|Battle timer is ON: inactive players will automatically lose when time's up. (requested by nezuko fresh leg)\n|\n|t:|1738819142\n|start\n|switch|p1a: Whimsicott|Whimsicott, L50, M|100\/100\n|switch|p1b: Urshifu|Urshifu-Rapid-Strike, L50, F|100\/100\n|switch|p2a: Tornadus|Tornadus, L50, M|100\/100\n|switch|p2b: Urshifu|Urshifu-Rapid-Strike, L50, M|100\/100\n|turn|1\n|j| mr pogostick\n|\n|t:|1738819160\n|switch|p2b: Rillaboom|Rillaboom, L50, M|100\/100\n|-fieldstart|move: Grassy Terrain|[from] ability: Grassy Surge|[of] p2b: Rillaboom\n|-terastallize|p1b: Urshifu|Water\n|move|p1a: Whimsicott|Taunt|p2a: Tornadus\n|-start|p2a: Tornadus|move: Taunt\n|move|p2a: Tornadus|Bleakwind Storm|p1a: Whimsicott|[spread] p1b\n|-miss|p2a: Tornadus|p1a: Whimsicott\n|-damage|p1b: Urshifu|59\/100\n|move|p1b: Urshifu|Surging Strikes|p2a: Tornadus\n|-crit|p2a: Tornadus\n|-damage|p2a: Tornadus|64\/100\n|-crit|p2a: Tornadus\n|-damage|p2a: Tornadus|26\/100\n|-crit|p2a: Tornadus\n|-damage|p2a: Tornadus|0 fnt\n|faint|p2a: Tornadus\n|-hitcount|p2: Tornadus|3\n|\n|-heal|p1b: Urshifu|65\/100|[from] Grassy Terrain\n|upkeep\n|inactive|qiin5 has 30 seconds left.\n|\n|t:|1738819188\n|switch|p2a: Urshifu|Urshifu-Rapid-Strike, L50, M|100\/100\n|turn|2\n|\n|t:|1738819195\n|move|p1b: Urshifu|Protect|p1b: Urshifu\n|-singleturn|p1b: Urshifu|Protect\n|move|p2b: Rillaboom|Fake Out|p1b: Urshifu\n|-activate|p1b: Urshifu|move: Protect\n|move|p1a: Whimsicott|Tailwind|p1a: Whimsicott\n|-sidestart|p1: nezuko fresh leg|move: Tailwind\n|move|p2a: Urshifu|Close Combat|p1b: Urshifu\n|-damage|p1b: Urshifu|0 fnt\n|-unboost|p2a: Urshifu|def|1\n|-unboost|p2a: Urshifu|spd|1\n|faint|p1b: Urshifu\n|\n|upkeep\n|\n|t:|1738819205\n|switch|p1b: Calyrex|Calyrex-Shadow, L50|100\/100\n|-ability|p1b: Calyrex|As One\n|-ability|p1b: Calyrex|Unnerve\n|turn|3\n|\n|t:|1738819214\n|switch|p1a: \u60e1\u718a\u5669\u5922|Indeedee-F, L50, F|100\/100\n|-fieldstart|move: Psychic Terrain|[from] ability: Psychic Surge|[of] p1a: \u60e1\u718a\u5669\u5922\n|move|p2a: Urshifu|Detect|p2a: Urshifu\n|-singleturn|p2a: Urshifu|Protect\n|move|p1b: Calyrex|Astral Barrage|p2b: Rillaboom|[spread] p2b\n|-activate|p2a: Urshifu|move: Protect\n|-damage|p2b: Rillaboom|61\/100\n|move|p2b: Rillaboom|Wood Hammer|p1b: Calyrex\n|-damage|p1b: Calyrex|24\/100\n|-damage|p2b: Rillaboom|39\/100|[from] Recoil\n|\n|upkeep\n|turn|4\n|\n|t:|1738819237\n|switch|p2b: Calyrex|Calyrex-Shadow, L50|100\/100\n|-ability|p2b: Calyrex|As One\n|-ability|p2b: Calyrex|Unnerve\n|move|p1a: \u60e1\u718a\u5669\u5922|Helping Hand|p1b: Calyrex\n|-singleturn|p1b: Calyrex|Helping Hand|[of] p1a: \u60e1\u718a\u5669\u5922\n|move|p1b: Calyrex|Astral Barrage|p2b: Calyrex|[spread] p2a,p2b\n|-supereffective|p2b: Calyrex\n|-enditem|p2a: Urshifu|Focus Sash\n|-damage|p2a: Urshifu|1\/100\n|-damage|p2b: Calyrex|0 fnt\n|faint|p2b: Calyrex\n|-ability|p1b: Calyrex|Grim Neigh|boost\n|-boost|p1b: Calyrex|spa|1\n|move|p2a: Urshifu|Surging Strikes|p1b: Calyrex\n|-crit|p1b: Calyrex\n|-damage|p1b: Calyrex|0 fnt\n|faint|p1b: Calyrex\n|-hitcount|p1: Calyrex|1\n|\n|upkeep\n|\n|t:|1738819253\n|switch|p2b: Rillaboom|Rillaboom, L50, M|39\/100\n|switch|p1b: Whimsicott|Whimsicott, L50, M|100\/100\n|-fieldstart|move: Grassy Terrain|[from] ability: Grassy Surge|[of] p2b: Rillaboom\n|turn|5\n|l| thenameahri\n|inactive|qiin5 has 30 seconds left.\n|-message|qiin5 forfeited.\n|\n|win|nezuko fresh leg\n|raw|nezuko fresh leg's rating: 1649 &rarr; <strong>1667<\/strong><br \/>(+18 for winning)\n|raw|qiin5's rating: 1609 &rarr; <strong>1591<\/strong><br \/>(-18 for losing)\n|l|\u2606qiin5\n|player|p2|\n|l| mr pogostick\n|l|\u2606nezuko fresh leg\n|player|p1|\n","uploadtime":1738819524,"views":17,"formatid":"gen9vgc2025regg","rating":1591,"private":0,"password":null}