{"id":"gen9vgc2025regg-2295845269","format":"[Gen 9] VGC 2025 Reg G","players":["Velonara","girigiripeter"],"log":"|j|\u2606Velonara\n|j|\u2606girigiripeter\n|t:|1738882435\n|gametype|doubles\n|player|p1|Velonara|skyla|1521\n|player|p2|girigiripeter|170|1602\n|teamsize|p1|6\n|teamsize|p2|6\n|gen|9\n|tier|[Gen 9] VGC 2025 Reg G\n|rated|\n|rule|Species Clause: Limit one of each Pok\u00e9mon\n|rule|Item Clause: Limit 1 of each item\n|clearpoke\n|poke|p1|Zacian-*, L50|\n|poke|p1|Regidrago, L50|\n|poke|p1|Tornadus, L50, M|\n|poke|p1|Urshifu-*, L50, F|\n|poke|p1|Ogerpon-Hearthflame, L50, F|\n|poke|p1|Farigiraf, L50, M|\n|poke|p2|Miraidon, L50|\n|poke|p2|Farigiraf, L50, M|\n|poke|p2|Urshifu-*, L50, M|\n|poke|p2|Iron Hands, L50|\n|poke|p2|Incineroar, L50, F|\n|poke|p2|Iron Bundle, L50|\n|teampreview|4\n|inactive|Battle timer is ON: inactive players will automatically lose when time's up. (requested by Velonara)\n|inactive|girigiripeter has 60 seconds left.\n|j| tetsuokaga\n|\n|t:|1738882523\n|start\n|switch|p1a: Tornadus|Tornadus, L50, M|100\/100\n|switch|p1b: Regidrago|Regidrago, L50|100\/100\n|switch|p2a: Miraidon|Miraidon, L50|100\/100\n|switch|p2b: Iron Bundle|Iron Bundle, L50|100\/100\n|-fieldstart|move: Electric Terrain|[from] ability: Hadron Engine|[of] p2a: Miraidon\n|-activate|p2b: Iron Bundle|ability: Quark Drive\n|-start|p2b: Iron Bundle|quarkdrivespe\n|turn|1\n|inactive|Velonara has 30 seconds left.\n|\n|t:|1738882550\n|-terastallize|p2a: Miraidon|Fairy\n|-terastallize|p1b: Regidrago|Ghost\n|move|p1a: Tornadus|Tailwind|p1a: Tornadus\n|-sidestart|p1: Velonara|move: Tailwind\n|move|p2b: Iron Bundle|Icy Wind|p1a: Tornadus|[spread] p1a,p1b\n|-supereffective|p1a: Tornadus\n|-damage|p1a: Tornadus|51\/100\n|-damage|p1b: Regidrago|79\/100\n|-unboost|p1b: Regidrago|spe|1\n|move|p2a: Miraidon|Volt Switch|p1b: Regidrago\n|-damage|p1b: Regidrago|0 fnt\n|faint|p1b: Regidrago\n|\n|t:|1738882570\n|switch|p2a: Urshifu|Urshifu-Rapid-Strike, L50, M|100\/100|[from] Volt Switch\n|\n|upkeep\n|inactive|Velonara has 30 seconds left.\n|inactive|Velonara has 20 seconds left.\n|\n|t:|1738882609\n|switch|p1b: Zacian|Zacian-Crowned, L50|100\/100\n|-ability|p1b: Zacian|Intrepid Sword|boost\n|-boost|p1b: Zacian|atk|1\n|turn|2\n|\n|t:|1738882626\n|switch|p2a: Incineroar|Incineroar, L50, F|100\/100\n|-ability|p2a: Incineroar|Intimidate|boost\n|-unboost|p1a: Tornadus|atk|1\n|-unboost|p1b: Zacian|atk|1\n|move|p1b: Zacian|Behemoth Blade|p2b: Iron Bundle\n|-damage|p2b: Iron Bundle|32\/100\n|move|p1a: Tornadus|Bleakwind Storm|p2a: Incineroar|[spread] p2a,p2b\n|-damage|p2a: Incineroar|68\/100\n|-damage|p2b: Iron Bundle|0 fnt\n|faint|p2b: Iron Bundle\n|-end|p2b: Iron Bundle|Quark Drive|[silent]\n|\n|upkeep\n|inactive|girigiripeter has 30 seconds left.\n|\n|t:|1738882657\n|switch|p2b: Miraidon|Miraidon, L50, tera:Fairy|100\/100\n|-activate|p2b: Miraidon|ability: Hadron Engine\n|turn|3\n|\n|t:|1738882666\n|move|p1b: Zacian|Protect|p1b: Zacian\n|-singleturn|p1b: Zacian|Protect\n|move|p2a: Incineroar|Fake Out|p1b: Zacian\n|-activate|p1b: Zacian|move: Protect\n|move|p1a: Tornadus|Bleakwind Storm|p2a: Incineroar|[spread] p2a\n|-miss|p1a: Tornadus|p2b: Miraidon\n|-damage|p2a: Incineroar|38\/100\n|move|p2b: Miraidon|Volt Switch|p1a: Tornadus\n|-supereffective|p1a: Tornadus\n|-damage|p1a: Tornadus|0 fnt\n|faint|p1a: Tornadus\n|\n|t:|1738882679\n|switch|p2b: Urshifu|Urshifu-Rapid-Strike, L50, M|100\/100|[from] Volt Switch\n|\n|upkeep\n|\n|t:|1738882681\n|switch|p1a: Urshifu|Urshifu-Rapid-Strike, L50, F|100\/100\n|turn|4\n|inactive|girigiripeter has 30 seconds left.\n|inactive|girigiripeter has 20 seconds left.\n|inactive|girigiripeter has 15 seconds left.\n|inactive|girigiripeter has 10 seconds left.\n|\n|t:|1738882727\n|move|p2b: Urshifu|Detect|p2b: Urshifu\n|-singleturn|p2b: Urshifu|Protect\n|move|p1b: Zacian|Play Rough|p2b: Urshifu\n|-activate|p2b: Urshifu|move: Protect\n|move|p1a: Urshifu|Surging Strikes|p2a: Incineroar\n|-supereffective|p2a: Incineroar\n|-crit|p2a: Incineroar\n|-damage|p2a: Incineroar|0 fnt\n|-damage|p1a: Urshifu|84\/100|[from] item: Rocky Helmet|[of] p2a: Incineroar\n|faint|p2a: Incineroar\n|-hitcount|p2: Incineroar|1\n|\n|-sideend|p1: Velonara|move: Tailwind\n|upkeep\n|\n|t:|1738882742\n|switch|p2a: Miraidon|Miraidon, L50, tera:Fairy|100\/100\n|-activate|p2a: Miraidon|ability: Hadron Engine\n|turn|5\n|\n|t:|1738882749\n|move|p1b: Zacian|Behemoth Blade|p2a: Miraidon\n|-supereffective|p2a: Miraidon\n|-damage|p2a: Miraidon|0 fnt\n|faint|p2a: Miraidon\n|move|p1a: Urshifu|Surging Strikes|p2b: Urshifu\n|-resisted|p2b: Urshifu\n|-crit|p2b: Urshifu\n|-damage|p2b: Urshifu|86\/100\n|-resisted|p2b: Urshifu\n|-crit|p2b: Urshifu\n|-damage|p2b: Urshifu|71\/100\n|-resisted|p2b: Urshifu\n|-crit|p2b: Urshifu\n|-damage|p2b: Urshifu|57\/100\n|-hitcount|p2b: Urshifu|3\n|move|p2b: Urshifu|Surging Strikes|p1b: Zacian\n|-crit|p1b: Zacian\n|-damage|p1b: Zacian|78\/100\n|-crit|p1b: Zacian\n|-damage|p1b: Zacian|54\/100\n|-crit|p1b: Zacian\n|-damage|p1b: Zacian|32\/100\n|-hitcount|p1b: Zacian|3\n|\n|-fieldend|move: Electric Terrain\n|upkeep\n|turn|6\n|\n|t:|1738882756\n|move|p1b: Zacian|Behemoth Blade|p2b: Urshifu\n|-resisted|p2b: Urshifu\n|-damage|p2b: Urshifu|31\/100\n|move|p1a: Urshifu|Surging Strikes|p2b: Urshifu\n|-resisted|p2b: Urshifu\n|-crit|p2b: Urshifu\n|-damage|p2b: Urshifu|16\/100\n|-resisted|p2b: Urshifu\n|-crit|p2b: Urshifu\n|-damage|p2b: Urshifu|1\/100\n|-resisted|p2b: Urshifu\n|-crit|p2b: Urshifu\n|-damage|p2b: Urshifu|0 fnt\n|faint|p2b: Urshifu\n|-hitcount|p2: Urshifu|3\n|\n|win|Velonara\n|raw|Velonara's rating: 1521 &rarr; <strong>1546<\/strong><br \/>(+25 for winning)\n|raw|girigiripeter's rating: 1602 &rarr; <strong>1577<\/strong><br \/>(-25 for losing)\n|l|\u2606Velonara\n|player|p1|\n|l|\u2606girigiripeter\n|player|p2|\n|l| tetsuokaga\n","uploadtime":1738882979,"views":7,"formatid":"gen9vgc2025regg","rating":1546,"private":0,"password":null}