{"id":"gen9vgc2025regg-2295361691","format":"[Gen 9] VGC 2025 Reg G","players":["sibylla_system","xiaobengou123"],"log":"|j|\u2606sibylla_system\n|j|\u2606xiaobengou123\n|t:|1738820199\n|gametype|doubles\n|player|p1|sibylla_system|170|1684\n|player|p2|xiaobengou123|twins-gen4dp|1609\n|teamsize|p1|6\n|teamsize|p2|6\n|gen|9\n|tier|[Gen 9] VGC 2025 Reg G\n|rated|\n|rule|Species Clause: Limit one of each Pok\u00e9mon\n|rule|Item Clause: Limit 1 of each item\n|clearpoke\n|poke|p1|Terapagos, L50, M|\n|poke|p1|Whimsicott, L50, F|\n|poke|p1|Incineroar, L50, M|\n|poke|p1|Urshifu-*, L50, F|\n|poke|p1|Flutter Mane, L50|\n|poke|p1|Landorus, L50, M|\n|poke|p2|Calyrex-Ice, L50|\n|poke|p2|Incineroar, L50, M|\n|poke|p2|Ogerpon-Cornerstone, L50, F|\n|poke|p2|Urshifu-*, L50, M|\n|poke|p2|Indeedee-F, L50, F|\n|poke|p2|Raging Bolt, L50|\n|teampreview|4\n|\n|t:|1738820218\n|start\n|switch|p1a: Terapagos|Terapagos, L50, M|100\/100\n|switch|p1b: Urshifu|Urshifu-Rapid-Strike, L50, F|100\/100\n|switch|p2a: Calyrex|Calyrex-Ice, L50|100\/100\n|switch|p2b: Indeedee|Indeedee-F, L50, F|100\/100\n|-activate|p1a: Terapagos|ability: Tera Shift\n|detailschange|p1a: Terapagos|Terapagos-Terastal, L50, M\n|-heal|p1a: Terapagos|100\/100|[silent]\n|-ability|p2a: Calyrex|As One\n|-ability|p2a: Calyrex|Unnerve\n|-fieldstart|move: Psychic Terrain|[from] ability: Psychic Surge|[of] p2b: Indeedee\n|turn|1\n|\n|t:|1738820255\n|switch|p1b: Incineroar|Incineroar, L50, M|100\/100\n|-ability|p1b: Incineroar|Intimidate|boost\n|-unboost|p2a: Calyrex|atk|1\n|-unboost|p2b: Indeedee|atk|1\n|move|p1a: Terapagos|Tera Starstorm|p2a: Calyrex\n|-damage|p2a: Calyrex|41\/100\n|move|p2a: Calyrex|Glacial Lance|p1a: Terapagos|[spread] p1a,p1b\n|-activate|p1a: Terapagos|ability: Tera Shell\n|-resisted|p1a: Terapagos\n|-resisted|p1b: Incineroar\n|-damage|p1a: Terapagos|79\/100\n|-damage|p1b: Incineroar|83\/100\n|move|p2b: Indeedee|Trick Room|p2b: Indeedee\n|-fieldstart|move: Trick Room|[of] p2b: Indeedee\n|\n|upkeep\n|turn|2\n|j| Shield Fish\n|\n|t:|1738820278\n|-terastallize|p1a: Terapagos|Stellar\n|detailschange|p1a: Terapagos|Terapagos-Stellar, L50, M, tera:Stellar\n|-heal|p1a: Terapagos|85\/100|[silent]\n|-ability|p1a: Terapagos|Teraform Zero\n|-fieldend|move: Psychic Terrain\n|move|p1b: Incineroar|Fake Out|p2a: Calyrex\n|-crit|p2a: Calyrex\n|-damage|p2a: Calyrex|32\/100\n|cant|p2a: Calyrex|flinch\n|move|p2b: Indeedee|Heal Pulse|p2a: Calyrex\n|-heal|p2a: Calyrex|82\/100\n|move|p1a: Terapagos|Tera Starstorm|p2a: Calyrex|[spread] p2a,p2b\n|-damage|p2a: Calyrex|36\/100\n|-damage|p2b: Indeedee|39\/100\n|\n|upkeep\n|turn|3\n|\n|t:|1738820300\n|move|p2a: Calyrex|High Horsepower|p1b: Incineroar\n|-supereffective|p1b: Incineroar\n|-damage|p1b: Incineroar|43\/100\n|-damage|p2a: Calyrex|20\/100|[from] item: Rocky Helmet|[of] p1b: Incineroar\n|move|p1b: Incineroar|Knock Off|p2a: Calyrex\n|-supereffective|p2a: Calyrex\n|-damage|p2a: Calyrex|0 fnt\n|-enditem|p2a: Calyrex|Never-Melt Ice|[from] move: Knock Off|[of] p1b: Incineroar\n|faint|p2a: Calyrex\n|move|p2b: Indeedee|Heal Pulse|p2: Calyrex|[notarget]\n|-fail|p2b: Indeedee\n|move|p1a: Terapagos|Tera Starstorm|p2b: Indeedee\n|-damage|p2b: Indeedee|0 fnt\n|faint|p2b: Indeedee\n|\n|upkeep\n|\n|t:|1738820315\n|switch|p2a: Urshifu|Urshifu-Rapid-Strike, L50, M|100\/100\n|switch|p2b: Ogerpon|Ogerpon-Cornerstone, L50, F|100\/100\n|turn|4\n|\n|t:|1738820336\n|move|p2b: Ogerpon|Spiky Shield|p2b: Ogerpon\n|-singleturn|p2b: Ogerpon|move: Protect\n|move|p1b: Incineroar|Parting Shot|p2a: Urshifu\n|-unboost|p2a: Urshifu|atk|1\n|-unboost|p2a: Urshifu|spa|1\n|\n|t:|1738820350\n|switch|p1b: Urshifu|Urshifu-Rapid-Strike, L50, F|100\/100|[from] Parting Shot\n|move|p1a: Terapagos|Tera Starstorm|p2b: Ogerpon|[spread] p2a\n|-activate|p2b: Ogerpon|move: Protect\n|-damage|p2a: Urshifu|14\/100\n|move|p2a: Urshifu|Close Combat|p1a: Terapagos\n|-supereffective|p1a: Terapagos\n|-damage|p1a: Terapagos|18\/100\n|-unboost|p2a: Urshifu|def|1\n|-unboost|p2a: Urshifu|spd|1\n|\n|upkeep\n|turn|5\n|-message|xiaobengou123 forfeited.\n|\n|win|sibylla_system\n|raw|sibylla_system's rating: 1684 &rarr; <strong>1700<\/strong><br \/>(+16 for winning)\n|raw|xiaobengou123's rating: 1609 &rarr; <strong>1593<\/strong><br \/>(-16 for losing)\n|l|\u2606xiaobengou123\n|player|p2|\n|l| Shield Fish\n","uploadtime":1738820635,"views":6,"formatid":"gen9vgc2025regg","rating":1593,"private":0,"password":null}