{"id":"gen9vgc2025regg-2295642630","format":"[Gen 9] VGC 2025 Reg G","players":["beastCookie570","qiin5"],"log":"|j|\u2606beastCookie570\n|j|\u2606qiin5\n|t:|1738861631\n|gametype|doubles\n|player|p1|beastCookie570|hiker-gen4|1573\n|player|p2|qiin5|265|1646\n|teamsize|p1|6\n|teamsize|p2|6\n|gen|9\n|tier|[Gen 9] VGC 2025 Reg G\n|rated|\n|rule|Species Clause: Limit one of each Pok\u00e9mon\n|rule|Item Clause: Limit 1 of each item\n|clearpoke\n|poke|p1|Calyrex-Shadow, L50|\n|poke|p1|Weezing-Galar, L50, F|\n|poke|p1|Dondozo, L50, M|\n|poke|p1|Tatsugiri, L50, F|\n|poke|p1|Urshifu-*, L50, F|\n|poke|p1|Whimsicott, L50, M|\n|poke|p2|Calyrex-Shadow, L50|\n|poke|p2|Urshifu-*, L50, M|\n|poke|p2|Rillaboom, L50, F|\n|poke|p2|Incineroar, L50, M|\n|poke|p2|Tornadus, L50, M|\n|poke|p2|Ogerpon-Cornerstone, L50, F|\n|teampreview|4\n|inactive|Battle timer is ON: inactive players will automatically lose when time's up. (requested by beastCookie570)\nbeastCookie570 rejected open team sheets.\n|\n|t:|1738861656\n|start\n|switch|p1a: Calyrex|Calyrex-Shadow, L50|100\/100\n|switch|p1b: Weezing|Weezing-Galar, L50, F|100\/100\n|switch|p2a: Calyrex|Calyrex-Shadow, L50|100\/100\n|switch|p2b: Ogerpon|Ogerpon-Cornerstone, L50, F|100\/100\n|-ability|p1b: Weezing|Neutralizing Gas\n|-ability|p1a: Calyrex|As One\n|-ability|p1a: Calyrex|Unnerve\n|-ability|p2a: Calyrex|As One\n|-ability|p2a: Calyrex|Unnerve\n|turn|1\n|\n|t:|1738861663\n|-terastallize|p1a: Calyrex|Ghost\n|-terastallize|p2a: Calyrex|Normal\n|move|p1a: Calyrex|Astral Barrage|p2b: Ogerpon|[spread] p2b\n|-immune|p2a: Calyrex\n|-damage|p2b: Ogerpon|9\/100\n|move|p2a: Calyrex|Astral Barrage|p1b: Weezing|[spread] p1a,p1b\n|-supereffective|p1a: Calyrex\n|-damage|p1a: Calyrex|0 fnt\n|-damage|p1b: Weezing|41\/100\n|faint|p1a: Calyrex\n|-ability|p2a: Calyrex|Grim Neigh|boost\n|-boost|p2a: Calyrex|spa|1\n|-damage|p2a: Calyrex|91\/100|[from] item: Life Orb\n|move|p2b: Ogerpon|Ivy Cudgel|p1b: Weezing|[anim] Ivy Cudgel Rock\n|-damage|p1b: Weezing|0 fnt\n|faint|p1b: Weezing\n|-end|p1b: Weezing|ability: Neutralizing Gas\n|\n|upkeep\n|\n|t:|1738861668\n|switch|p1a: Dondozo|Dondozo, L50, M|100\/100\n|switch|p1b: Tatsugiri|Tatsugiri, L50, F|100\/100\n|-activate|p1b: Tatsugiri|ability: Commander|[of] p1a: Dondozo\n|-boost|p1a: Dondozo|atk|2\n|-boost|p1a: Dondozo|spa|2\n|-boost|p1a: Dondozo|spe|2\n|-boost|p1a: Dondozo|def|2\n|-boost|p1a: Dondozo|spd|2\n|turn|2\n|\n|t:|1738861687\n|switch|p2a: Rillaboom|Rillaboom, L50, F|100\/100\n|-fieldstart|move: Grassy Terrain|[from] ability: Grassy Surge|[of] p2a: Rillaboom\n|move|p1a: Dondozo|Order Up|p2b: Ogerpon\n|-damage|p2b: Ogerpon|0 fnt\n|faint|p2b: Ogerpon\n|-boost|p1a: Dondozo|atk|1\n|\n|upkeep\n|\n|t:|1738861694\n|switch|p2b: Tornadus|Tornadus, L50, M|100\/100\n|turn|3\n|\n|t:|1738861700\n|move|p1a: Dondozo|Protect|p1a: Dondozo\n|-singleturn|p1a: Dondozo|Protect\n|move|p2a: Rillaboom|Fake Out|p1a: Dondozo\n|-activate|p1a: Dondozo|move: Protect\n|move|p2b: Tornadus|Bleakwind Storm|p1b: Tatsugiri|[spread] \n|-miss|p2b: Tornadus|p1b: Tatsugiri\n|-activate|p1a: Dondozo|move: Protect\n|\n|upkeep\n|turn|4\n|\n|t:|1738861706\n|move|p1a: Dondozo|Yawn|p2a: Rillaboom\n|-start|p2a: Rillaboom|move: Yawn|[of] p1a: Dondozo\n|move|p2b: Tornadus|Bleakwind Storm|p1a: Dondozo|[spread] p1a\n|-miss|p2b: Tornadus|p1b: Tatsugiri\n|-damage|p1a: Dondozo|84\/100\n|move|p2a: Rillaboom|Wood Hammer|p1a: Dondozo\n|-supereffective|p1a: Dondozo\n|-damage|p1a: Dondozo|26\/100\n|-damage|p2a: Rillaboom|78\/100|[from] Recoil\n|\n|-heal|p1a: Dondozo|33\/100|[from] Grassy Terrain\n|-heal|p1a: Dondozo|39\/100|[from] item: Leftovers\n|-heal|p2a: Rillaboom|84\/100|[from] Grassy Terrain\n|upkeep\n|turn|5\n|\n|t:|1738861718\n|move|p1a: Dondozo|Protect|p1a: Dondozo\n|-singleturn|p1a: Dondozo|Protect\n|move|p2b: Tornadus|Rain Dance|p2b: Tornadus\n|-weather|RainDance\n|move|p2a: Rillaboom|U-turn|p2b: Tornadus\n|-resisted|p2b: Tornadus\n|-damage|p2b: Tornadus|88\/100\n|\n|t:|1738861720\n|switch|p2a: Calyrex|Calyrex-Shadow, L50, tera:Normal|91\/100|[from] U-turn\n|-ability|p2a: Calyrex|As One\n|-ability|p2a: Calyrex|Unnerve\n|\n|-weather|RainDance|[upkeep]\n|-heal|p2a: Calyrex|97\/100|[from] Grassy Terrain\n|-heal|p1a: Dondozo|45\/100|[from] Grassy Terrain\n|-heal|p1a: Dondozo|51\/100|[from] item: Leftovers\n|upkeep\n|turn|6\n|\n|t:|1738861735\n|switch|p2a: Rillaboom|Rillaboom, L50, F|84\/100\n|move|p2b: Tornadus|Tailwind|p2b: Tornadus\n|-sidestart|p2: qiin5|move: Tailwind\n|move|p1a: Dondozo|Wave Crash|p2a: Rillaboom\n|-resisted|p2a: Rillaboom\n|-damage|p2a: Rillaboom|0 fnt\n|faint|p2a: Rillaboom\n|-damage|p1a: Dondozo|28\/100|[from] Recoil\n|\n|-weather|RainDance|[upkeep]\n|-heal|p1a: Dondozo|34\/100|[from] Grassy Terrain\n|-heal|p1a: Dondozo|40\/100|[from] item: Leftovers\n|-fieldend|move: Grassy Terrain\n|upkeep\n|\n|t:|1738861737\n|switch|p2a: Calyrex|Calyrex-Shadow, L50, tera:Normal|97\/100\n|-ability|p2a: Calyrex|As One\n|-ability|p2a: Calyrex|Unnerve\n|turn|7\n|\n|t:|1738861745\n|move|p1a: Dondozo|Protect|p1a: Dondozo\n|-singleturn|p1a: Dondozo|Protect\n|move|p2a: Calyrex|Astral Barrage|p1a: Dondozo|[spread] \n|-miss|p2a: Calyrex|p1b: Tatsugiri\n|-activate|p1a: Dondozo|move: Protect\n|move|p2b: Tornadus|Bleakwind Storm|p1b: Tatsugiri|[spread] \n|-miss|p2b: Tornadus|p1b: Tatsugiri\n|-activate|p1a: Dondozo|move: Protect\n|\n|-weather|RainDance|[upkeep]\n|-heal|p1a: Dondozo|46\/100|[from] item: Leftovers\n|upkeep\n|turn|8\n|\n|t:|1738861754\n|move|p2a: Calyrex|Astral Barrage|p1a: Dondozo|[spread] p1a\n|-miss|p2a: Calyrex|p1b: Tatsugiri\n|-damage|p1a: Dondozo|10\/100\n|-damage|p2a: Calyrex|87\/100|[from] item: Life Orb\n|move|p2b: Tornadus|Bleakwind Storm|p1b: Tatsugiri|[spread] p1a\n|-miss|p2b: Tornadus|p1b: Tatsugiri\n|-damage|p1a: Dondozo|0 fnt\n|faint|p1a: Dondozo\n|\n|-weather|RainDance|[upkeep]\n|upkeep\n|turn|9\n|\n|t:|1738861758\n|move|p2a: Calyrex|Astral Barrage|p1b: Tatsugiri\n|-damage|p1b: Tatsugiri|0 fnt\n|faint|p1b: Tatsugiri\n|-damage|p2a: Calyrex|77\/100|[from] item: Life Orb\n|\n|win|qiin5\n|raw|beastCookie570's rating: 1573 &rarr; <strong>1557<\/strong><br \/>(-16 for losing)\n|raw|qiin5's rating: 1646 &rarr; <strong>1662<\/strong><br \/>(+16 for winning)\n|l|\u2606beastCookie570\n|player|p1|\n|l|\u2606qiin5\n|player|p2|\n","uploadtime":1738862043,"views":7,"formatid":"gen9vgc2025regg","rating":1557,"private":0,"password":null}