{"id":"gen9vgc2025regg-2295015695","format":"[Gen 9] VGC 2025 Reg G","players":["Has_Perry","William_Guidi_98"],"log":"|j|\u2606Has_Perry\n|j|\u2606William_Guidi_98\n|t:|1738778289\n|gametype|doubles\n|player|p1|Has_Perry|veteran|1559\n|player|p2|William_Guidi_98|169|1562\n|teamsize|p1|6\n|teamsize|p2|6\n|gen|9\n|tier|[Gen 9] VGC 2025 Reg G\n|rated|\n|rule|Species Clause: Limit one of each Pok\u00e9mon\n|rule|Item Clause: Limit 1 of each item\n|clearpoke\n|poke|p1|Necrozma-Dawn-Wings, L50|\n|poke|p1|Gallade, L50, M|\n|poke|p1|Ursaluna, L50, M|\n|poke|p1|Lilligant-Hisui, L50, F|\n|poke|p1|Torkoal, L50, F|\n|poke|p1|Indeedee-F, L50, F|\n|poke|p2|Miraidon, L50|\n|poke|p2|Farigiraf, L50, F|\n|poke|p2|Iron Hands, L50|\n|poke|p2|Urshifu-*, L50, F|\n|poke|p2|Ogerpon-Hearthflame, L50, F|\n|poke|p2|Whimsicott, L50, M|\n|teampreview|4\n|inactive|Battle timer is ON: inactive players will automatically lose when time's up. (requested by William_Guidi_98)\n|inactive|William_Guidi_98 has 60 seconds left.\n|\n|t:|1738778333\n|start\n|switch|p1a: Quazar Pulito \u2605\u2605\u2605|Necrozma-Dawn-Wings, L50, shiny|100\/100\n|switch|p1b: Indeedee-\u2640|Indeedee-F, L50, F|100\/100\n|switch|p2a: Ogerpon|Ogerpon-Hearthflame, L50, F|100\/100\n|switch|p2b: Miraidon|Miraidon, L50|100\/100\n|-fieldstart|move: Electric Terrain|[from] ability: Hadron Engine|[of] p2b: Miraidon\n|-ability|p2a: Ogerpon|Mold Breaker\n|-fieldstart|move: Psychic Terrain|[from] ability: Psychic Surge|[of] p1b: Indeedee-\u2640\n|turn|1\n|inactive|William_Guidi_98 has 30 seconds left.\n|\n|t:|1738778366\n|-terastallize|p2a: Ogerpon|Fire\n|detailschange|p2a: Ogerpon|Ogerpon-Hearthflame-Tera, L50, F, tera:Fire\n|-ability|p2a: Ogerpon|Embody Aspect (Hearthflame)|boost\n|-boost|p2a: Ogerpon|atk|1\n|move|p1b: Indeedee-\u2640|Follow Me|p1b: Indeedee-\u2640\n|-singleturn|p1b: Indeedee-\u2640|move: Follow Me\n|move|p2b: Miraidon|Electro Drift|p1b: Indeedee-\u2640\n|-damage|p1b: Indeedee-\u2640|13\/100\n|move|p2a: Ogerpon|Ivy Cudgel|p1b: Indeedee-\u2640|[anim] Ivy Cudgel Fire\n|-crit|p1b: Indeedee-\u2640\n|-damage|p1b: Indeedee-\u2640|0 fnt\n|faint|p1b: Indeedee-\u2640\n|move|p1a: Quazar Pulito \u2605\u2605\u2605|Trick Room|p1a: Quazar Pulito \u2605\u2605\u2605\n|-fieldstart|move: Trick Room|[of] p1a: Quazar Pulito \u2605\u2605\u2605\n|\n|upkeep\n|\n|t:|1738778381\n|switch|p1b: Ursaluna|Ursaluna, L50, M|100\/100\n|turn|2\n|\n|t:|1738778396\n|move|p2a: Ogerpon|Follow Me|p2a: Ogerpon\n|-singleturn|p2a: Ogerpon|move: Follow Me\n|move|p1b: Ursaluna|Headlong Rush|p2a: Ogerpon\n|-supereffective|p2a: Ogerpon\n|-damage|p2a: Ogerpon|0 fnt\n|-unboost|p1b: Ursaluna|def|1\n|-unboost|p1b: Ursaluna|spd|1\n|faint|p2a: Ogerpon\n|move|p1a: Quazar Pulito \u2605\u2605\u2605|Meteor Beam||[still]\n|-prepare|p1a: Quazar Pulito \u2605\u2605\u2605|Meteor Beam\n|-boost|p1a: Quazar Pulito \u2605\u2605\u2605|spa|1\n|-enditem|p1a: Quazar Pulito \u2605\u2605\u2605|Power Herb\n|-anim|p1a: Quazar Pulito \u2605\u2605\u2605|Meteor Beam|p2b: Miraidon|[miss]\n|-miss|p1a: Quazar Pulito \u2605\u2605\u2605|p2b: Miraidon\n|move|p2b: Miraidon|Electro Drift|p1a: Quazar Pulito \u2605\u2605\u2605\n|-damage|p1a: Quazar Pulito \u2605\u2605\u2605|43\/100\n|\n|-status|p1b: Ursaluna|brn|[from] item: Flame Orb\n|upkeep\n|\n|t:|1738778418\n|switch|p2a: Iron Hands|Iron Hands, L50|100\/100\n|turn|3\n|\n|t:|1738778434\n|switch|p2b: Urshifu|Urshifu-Rapid-Strike, L50, F|100\/100\n|move|p1b: Ursaluna|Headlong Rush|p2a: Iron Hands\n|-supereffective|p2a: Iron Hands\n|-crit|p2a: Iron Hands\n|-damage|p2a: Iron Hands|0 fnt\n|-unboost|p1b: Ursaluna|def|1\n|-unboost|p1b: Ursaluna|spd|1\n|faint|p2a: Iron Hands\n|-end|p2a: Iron Hands|Quark Drive|[silent]\n|move|p1a: Quazar Pulito \u2605\u2605\u2605|Expanding Force|p2b: Urshifu\n|-supereffective|p2b: Urshifu\n|-enditem|p2b: Urshifu|Focus Sash\n|-damage|p2b: Urshifu|1\/100\n|\n|-damage|p1b: Ursaluna|95\/100 brn|[from] brn\n|upkeep\n|\n|t:|1738778450\n|switch|p2a: Miraidon|Miraidon, L50|100\/100\n|-fieldstart|move: Electric Terrain|[from] ability: Hadron Engine|[of] p2a: Miraidon\n|turn|4\n|inactive|Has_Perry has 30 seconds left.\n|\n|t:|1738778476\n|move|p2b: Urshifu|Protect|p2b: Urshifu\n|-singleturn|p2b: Urshifu|Protect\n|move|p1b: Ursaluna|Headlong Rush|p2a: Miraidon\n|-supereffective|p2a: Miraidon\n|-damage|p2a: Miraidon|0 fnt\n|-unboost|p1b: Ursaluna|def|1\n|-unboost|p1b: Ursaluna|spd|1\n|faint|p2a: Miraidon\n|move|p1a: Quazar Pulito \u2605\u2605\u2605|Moongeist Beam|p2b: Urshifu\n|-activate|p2b: Urshifu|move: Protect\n|\n|-damage|p1b: Ursaluna|89\/100 brn|[from] brn\n|upkeep\n|turn|5\n|-message|William_Guidi_98 forfeited.\n|\n|win|Has_Perry\n|raw|Has_Perry's rating: 1559 &rarr; <strong>1579<\/strong><br \/>(+20 for winning)\n|raw|William_Guidi_98's rating: 1562 &rarr; <strong>1542<\/strong><br \/>(-20 for losing)\n|l|\u2606William_Guidi_98\n|player|p2|\n|l|\u2606Has_Perry\n|player|p1|\n","uploadtime":1738778705,"views":11,"formatid":"gen9vgc2025regg","rating":1542,"private":0,"password":null}