{"id":"gen9vgc2025regg-2295645698","format":"[Gen 9] VGC 2025 Reg G","players":["The Slimmest Jesus","Weakest blow"],"log":"|j|\u2606The Slimmest Jesus\n|j|\u2606Weakest blow\n|t:|1738861937\n|gametype|doubles\n|player|p1|The Slimmest Jesus|266|1669\n|player|p2|Weakest blow|depotagent|1641\n|teamsize|p1|6\n|teamsize|p2|6\n|gen|9\n|tier|[Gen 9] VGC 2025 Reg G\n|rated|\n|rule|Species Clause: Limit one of each Pok\u00e9mon\n|rule|Item Clause: Limit 1 of each item\n|clearpoke\n|poke|p1|Indeedee-F, L50, F|\n|poke|p1|Regidrago, L50|\n|poke|p1|Torkoal, L50, M|\n|poke|p1|Gallade, L50, M|\n|poke|p1|Calyrex-Ice, L50|\n|poke|p1|Lilligant-Hisui, L50, F|\n|poke|p2|Ditto, L50|\n|poke|p2|Iron Hands, L50|\n|poke|p2|Miraidon, L50|\n|poke|p2|Pelipper, L50, F|\n|poke|p2|Volcarona, L50, F|\n|poke|p2|Whimsicott, L50, M|\n|teampreview|4\n|inactive|Battle timer is ON: inactive players will automatically lose when time's up. (requested by The Slimmest Jesus)\n|\n|t:|1738862001\n|start\n|switch|p1a: Calyrex|Calyrex-Ice, L50|100\/100\n|switch|p1b: Indeedee|Indeedee-F, L50, F|100\/100\n|switch|p2a: Volcarona|Volcarona, L50, F|100\/100\n|switch|p2b: Miraidon|Miraidon, L50|100\/100\n|-ability|p1a: Calyrex|As One\n|-ability|p1a: Calyrex|Unnerve\n|-fieldstart|move: Electric Terrain|[from] ability: Hadron Engine|[of] p2b: Miraidon\n|-fieldstart|move: Psychic Terrain|[from] ability: Psychic Surge|[of] p1b: Indeedee\n|turn|1\n|inactive|Weakest blow has 30 seconds left.\n|\n|t:|1738862029\n|switch|p2b: Ditto|Ditto, L50|100\/100\n|-transform|p2b: Ditto|p1a: Calyrex|[from] ability: Imposter\n|-ability|p2b: Ditto|As One\n|-ability|p2b: Ditto|Unnerve\n|move|p1b: Indeedee|Follow Me|p1b: Indeedee\n|-singleturn|p1b: Indeedee|move: Follow Me\n|move|p2a: Volcarona|Struggle Bug|p1a: Calyrex|[spread] p1a,p1b\n|-supereffective|p1a: Calyrex\n|-supereffective|p1b: Indeedee\n|-damage|p1a: Calyrex|73\/100\n|-damage|p1b: Indeedee|67\/100\n|-unboost|p1a: Calyrex|spa|1\n|-unboost|p1b: Indeedee|spa|1\n|-enditem|p1a: Calyrex|White Herb\n|-clearnegativeboost|p1a: Calyrex|[silent]\n|move|p1a: Calyrex|Trick Room|p1a: Calyrex\n|-fieldstart|move: Trick Room|[of] p1a: Calyrex\n|\n|upkeep\n|turn|2\n|inactive|The Slimmest Jesus has 30 seconds left.\n|inactive|Weakest blow has 30 seconds left.\n|inactive|The Slimmest Jesus has 20 seconds left.\n|inactive|The Slimmest Jesus has 15 seconds left.\n|inactive|The Slimmest Jesus has 10 seconds left.\n|\n|t:|1738862078\n|move|p1a: Calyrex|Protect|p1a: Calyrex\n|-singleturn|p1a: Calyrex|Protect\n|move|p1b: Indeedee|Follow Me|p1b: Indeedee\n|-singleturn|p1b: Indeedee|move: Follow Me\n|move|p2b: Ditto|Glacial Lance|p1a: Calyrex|[spread] p1b\n|-activate|p1a: Calyrex|move: Protect\n|-damage|p1b: Indeedee|0 fnt\n|faint|p1b: Indeedee\n|-ability|p2b: Ditto|Chilling Neigh|boost\n|-boost|p2b: Ditto|atk|1\n|move|p2a: Volcarona|Fiery Dance|p1a: Calyrex\n|-activate|p1a: Calyrex|move: Protect\n|\n|upkeep\n|\n|t:|1738862091\n|switch|p1b: Regidrago|Regidrago, L50|100\/100\n|turn|3\n|\n|t:|1738862103\n|-terastallize|p1b: Regidrago|Dragon\n|move|p1b: Regidrago|Dragon Energy|p2a: Volcarona|[spread] p2a,p2b\n|-damage|p2a: Volcarona|7\/100\n|-damage|p2b: Ditto|8\/100\n|move|p2b: Ditto|Glacial Lance|p1b: Regidrago|[spread] p1a,p1b\n|-resisted|p1a: Calyrex\n|-supereffective|p1b: Regidrago\n|-damage|p1a: Calyrex|43\/100\n|-damage|p1b: Regidrago|0 fnt\n|faint|p1b: Regidrago\n|-ability|p2b: Ditto|Chilling Neigh|boost\n|-boost|p2b: Ditto|atk|1\n|move|p1a: Calyrex|Glacial Lance|p2b: Ditto|[spread] p2a,p2b\n|-resisted|p2a: Volcarona\n|-resisted|p2b: Ditto\n|-damage|p2a: Volcarona|0 fnt\n|-damage|p2b: Ditto|0 fnt\n|faint|p2a: Volcarona\n|faint|p2b: Ditto\n|-ability|p1a: Calyrex|Chilling Neigh|boost\n|-boost|p1a: Calyrex|atk|2\n|\n|upkeep\n|\n|t:|1738862125\n|switch|p1b: Gallade|Gallade, L50, M|100\/100\n|switch|p2b: Pelipper|Pelipper, L50, F|100\/100\n|switch|p2a: Miraidon|Miraidon, L50|100\/100\n|-weather|RainDance|[from] ability: Drizzle|[of] p2b: Pelipper\n|-fieldstart|move: Electric Terrain|[from] ability: Hadron Engine|[of] p2a: Miraidon\n|-enditem|p2b: Pelipper|Electric Seed\n|-boost|p2b: Pelipper|def|1|[from] item: Electric Seed\n|turn|4\n|inactive|The Slimmest Jesus has 30 seconds left.\n|inactive|The Slimmest Jesus has 20 seconds left.\n|inactive|The Slimmest Jesus has 15 seconds left.\n|\n|t:|1738862168\n|move|p2a: Miraidon|Protect|p2a: Miraidon\n|-singleturn|p2a: Miraidon|Protect\n|move|p1a: Calyrex|Close Combat|p2a: Miraidon\n|-activate|p2a: Miraidon|move: Protect\n|move|p1b: Gallade|Sacred Sword|p2a: Miraidon\n|-activate|p2a: Miraidon|move: Protect\n|move|p2b: Pelipper|Hurricane|p1b: Gallade\n|-supereffective|p1b: Gallade\n|-damage|p1b: Gallade|34\/100\n|\n|-weather|RainDance|[upkeep]\n|upkeep\n|turn|5\n|inactive|The Slimmest Jesus has 30 seconds left.\n|\n|t:|1738862201\n|-terastallize|p2a: Miraidon|Fairy\n|move|p2b: Pelipper|Wide Guard|p2b: Pelipper\n|-singleturn|p2b: Pelipper|Wide Guard\n|move|p1a: Calyrex|Glacial Lance|p2a: Miraidon|[spread] \n|-activate|p2a: Miraidon|move: Wide Guard\n|-activate|p2b: Pelipper|move: Wide Guard\n|move|p1b: Gallade|Psycho Cut|p2b: Pelipper\n|-damage|p2b: Pelipper|67\/100\n|move|p2a: Miraidon|Dazzling Gleam|p1b: Gallade|[spread] p1a,p1b\n|-supereffective|p1b: Gallade\n|-damage|p1a: Calyrex|2\/100\n|-damage|p1b: Gallade|0 fnt\n|faint|p1b: Gallade\n|-damage|p2a: Miraidon|91\/100|[from] item: Life Orb\n|\n|-weather|RainDance|[upkeep]\n|-fieldend|move: Trick Room\n|upkeep\n|turn|6\n|j| Supertwig31\n|-message|The Slimmest Jesus forfeited.\n|\n|win|Weakest blow\n|raw|The Slimmest Jesus's rating: 1669 &rarr; <strong>1647<\/strong><br \/>(-22 for losing)\n|raw|Weakest blow's rating: 1641 &rarr; <strong>1663<\/strong><br \/>(+22 for winning)\n|l|\u2606The Slimmest Jesus\n|player|p1|\n|l| Supertwig31\n","uploadtime":1738862235,"views":20,"formatid":"gen9vgc2025regg","rating":1647,"private":0,"password":null}