{"id":"gen9vgc2025regg-2295546602","format":"[Gen 9] VGC 2025 Reg G","players":["Dv147","chaddiestchad"],"log":"|j|\u2606Dv147\n|j|\u2606chaddiestchad\n|t:|1738851574\n|gametype|doubles\n|player|p1|Dv147|1|1532\n|player|p2|chaddiestchad|supernerd|1637\n|teamsize|p1|6\n|teamsize|p2|6\n|gen|9\n|tier|[Gen 9] VGC 2025 Reg G\n|rated|\n|rule|Species Clause: Limit one of each Pok\u00e9mon\n|rule|Item Clause: Limit 1 of each item\n|clearpoke\n|poke|p1|Kyogre, L50|\n|poke|p1|Incineroar, L50, F|\n|poke|p1|Rillaboom, L50, M|\n|poke|p1|Urshifu-*, L50, M|\n|poke|p1|Amoonguss, L50, F|\n|poke|p1|Grimmsnarl, L50, M|\n|poke|p2|Calyrex-Shadow, L50|\n|poke|p2|Ogerpon-Hearthflame, L50, F|\n|poke|p2|Incineroar, L50, M|\n|poke|p2|Urshifu-*, L50, M|\n|poke|p2|Rillaboom, L50, M|\n|poke|p2|Raging Bolt, L50|\n|teampreview|4\n|inactive|Battle timer is ON: inactive players will automatically lose when time's up. (requested by chaddiestchad)\n|\n|t:|1738851607\n|start\n|switch|p1a: Incineroar|Incineroar, L50, F|100\/100\n|switch|p1b: Grimmsnarl|Grimmsnarl, L50, M|100\/100\n|switch|p2a: Rillaboom|Rillaboom, L50, M|100\/100\n|switch|p2b: Urshifu|Urshifu-Rapid-Strike, L50, M|100\/100\n|-fieldstart|move: Grassy Terrain|[from] ability: Grassy Surge|[of] p2a: Rillaboom\n|-ability|p1a: Incineroar|Intimidate|boost\n|-unboost|p2a: Rillaboom|atk|1\n|-unboost|p2b: Urshifu|atk|1\n|turn|1\n|inactive|chaddiestchad has 30 seconds left.\n|inactive|chaddiestchad has 20 seconds left.\n|\n|t:|1738851644\n|switch|p1a: Rillaboom|Rillaboom, L50, M|100\/100\n|move|p2a: Rillaboom|Fake Out|p1a: Rillaboom\n|-damage|p1a: Rillaboom|93\/100\n|move|p2b: Urshifu|Surging Strikes|p1b: Grimmsnarl\n|-crit|p1b: Grimmsnarl\n|-damage|p1b: Grimmsnarl|81\/100\n|-crit|p1b: Grimmsnarl\n|-damage|p1b: Grimmsnarl|62\/100\n|-crit|p1b: Grimmsnarl\n|-damage|p1b: Grimmsnarl|40\/100\n|-hitcount|p1b: Grimmsnarl|3\n|move|p1b: Grimmsnarl|Spirit Break|p2b: Urshifu\n|-supereffective|p2b: Urshifu\n|-damage|p2b: Urshifu|47\/100\n|-unboost|p2b: Urshifu|spa|1\n|\n|-heal|p2b: Urshifu|53\/100|[from] Grassy Terrain\n|-heal|p1a: Rillaboom|99\/100|[from] Grassy Terrain\n|-heal|p1b: Grimmsnarl|46\/100|[from] Grassy Terrain\n|upkeep\n|turn|2\n|\n|t:|1738851667\n|switch|p2b: Raging Bolt|Raging Bolt, L50|100\/100\n|-enditem|p2b: Raging Bolt|Booster Energy\n|-activate|p2b: Raging Bolt|ability: Protosynthesis|[fromitem]\n|-start|p2b: Raging Bolt|protosynthesisspa\n|move|p1a: Rillaboom|Fake Out|p2b: Raging Bolt\n|-damage|p2b: Raging Bolt|92\/100\n|move|p1b: Grimmsnarl|Reflect|p1b: Grimmsnarl\n|-sidestart|p1: Dv147|Reflect\n|move|p2a: Rillaboom|Wood Hammer|p1b: Grimmsnarl\n|-damage|p1b: Grimmsnarl|11\/100\n|-damage|p2a: Rillaboom|89\/100|[from] Recoil\n|\n|-heal|p1a: Rillaboom|100\/100|[from] Grassy Terrain\n|-heal|p2a: Rillaboom|95\/100|[from] Grassy Terrain\n|-heal|p2b: Raging Bolt|98\/100|[from] Grassy Terrain\n|-heal|p1b: Grimmsnarl|17\/100|[from] Grassy Terrain\n|upkeep\n|turn|3\n|j| GooglePay\n|\n|t:|1738851689\n|move|p2a: Rillaboom|Grassy Glide|p1b: Grimmsnarl\n|-damage|p1b: Grimmsnarl|1\/100\n|move|p1b: Grimmsnarl|Parting Shot|p2b: Raging Bolt\n|-unboost|p2b: Raging Bolt|atk|1\n|-unboost|p2b: Raging Bolt|spa|1\n|\n|t:|1738851696\n|switch|p1b: Incineroar|Incineroar, L50, F|100\/100|[from] Parting Shot\n|-ability|p1b: Incineroar|Intimidate|boost\n|-unboost|p2a: Rillaboom|atk|1\n|-unboost|p2b: Raging Bolt|atk|1\n|move|p1a: Rillaboom|U-turn|p2a: Rillaboom\n|-supereffective|p2a: Rillaboom\n|-damage|p2a: Rillaboom|55\/100\n|\n|t:|1738851706\n|switch|p1a: Kyogre|Kyogre, L50|100\/100|[from] U-turn\n|-weather|RainDance|[from] ability: Drizzle|[of] p1a: Kyogre\n|move|p2b: Raging Bolt|Dragon Pulse|p1a: Kyogre\n|-damage|p1a: Kyogre|73\/100\n|\n|-weather|RainDance|[upkeep]\n|-heal|p1a: Kyogre|79\/100|[from] Grassy Terrain\n|-heal|p1a: Kyogre|85\/100|[from] item: Leftovers\n|-heal|p2a: Rillaboom|61\/100|[from] Grassy Terrain\n|-heal|p2b: Raging Bolt|100\/100|[from] Grassy Terrain\n|upkeep\n|turn|4\n|inactive|Dv147 has 30 seconds left.\n|\n|t:|1738851733\n|-terastallize|p1a: Kyogre|Grass\n|move|p2b: Raging Bolt|Protect|p2b: Raging Bolt\n|-singleturn|p2b: Raging Bolt|Protect\n|move|p1a: Kyogre|Ice Beam|p2a: Rillaboom\n|-supereffective|p2a: Rillaboom\n|-damage|p2a: Rillaboom|20\/100\n|move|p2a: Rillaboom|U-turn|p1a: Kyogre\n|-supereffective|p1a: Kyogre\n|-damage|p1a: Kyogre|72\/100\n|\n|t:|1738851743\n|switch|p2a: Urshifu|Urshifu-Rapid-Strike, L50, M|53\/100|[from] U-turn\n|move|p1b: Incineroar|Parting Shot|p2a: Urshifu\n|-unboost|p2a: Urshifu|atk|1\n|-unboost|p2a: Urshifu|spa|1\n|\n|t:|1738851751\n|switch|p1b: Rillaboom|Rillaboom, L50, M|100\/100|[from] Parting Shot\n|\n|-weather|RainDance|[upkeep]\n|-heal|p2a: Urshifu|59\/100|[from] Grassy Terrain\n|-heal|p1a: Kyogre|78\/100|[from] Grassy Terrain\n|-heal|p1a: Kyogre|84\/100|[from] item: Leftovers\n|upkeep\n|turn|5\n|\n|t:|1738851768\n|-end|p2b: Raging Bolt|Protosynthesis|[silent]\n|switch|p2b: Calyrex|Calyrex-Shadow, L50|100\/100\n|-ability|p2b: Calyrex|As One\n|-ability|p2b: Calyrex|Unnerve\n|move|p1b: Rillaboom|Fake Out|p2a: Urshifu\n|-damage|p2a: Urshifu|47\/100\n|cant|p2a: Urshifu|flinch\n|move|p1a: Kyogre|Calm Mind|p1a: Kyogre\n|-boost|p1a: Kyogre|spa|1\n|-boost|p1a: Kyogre|spd|1\n|\n|-weather|RainDance|[upkeep]\n|-heal|p2a: Urshifu|54\/100|[from] Grassy Terrain\n|-heal|p1a: Kyogre|90\/100|[from] Grassy Terrain\n|-heal|p1a: Kyogre|96\/100|[from] item: Leftovers\n|-fieldend|move: Grassy Terrain\n|upkeep\n|turn|6\n|inactive|chaddiestchad has 30 seconds left.\n|\n|t:|1738851796\n|move|p2b: Calyrex|Nasty Plot|p2b: Calyrex\n|-boost|p2b: Calyrex|spa|2\n|move|p2a: Urshifu|Close Combat|p1a: Kyogre\n|-damage|p1a: Kyogre|73\/100\n|-unboost|p2a: Urshifu|def|1\n|-unboost|p2a: Urshifu|spd|1\n|move|p1a: Kyogre|Origin Pulse|p2b: Calyrex|[spread] p2a,p2b\n|-resisted|p2a: Urshifu\n|-damage|p2a: Urshifu|0 fnt\n|-damage|p2b: Calyrex|0 fnt\n|faint|p2a: Urshifu\n|faint|p2b: Calyrex\n|move|p1b: Rillaboom|U-turn|p2: Urshifu|[notarget]\n|-fail|p1b: Rillaboom\n|\n|-weather|RainDance|[upkeep]\n|-heal|p1a: Kyogre|79\/100|[from] item: Leftovers\n|upkeep\n|-message|chaddiestchad forfeited.\n|\n|win|Dv147\n|raw|Dv147's rating: 1532 &rarr; <strong>1558<\/strong><br \/>(+26 for winning)\n|raw|chaddiestchad's rating: 1637 &rarr; <strong>1611<\/strong><br \/>(-26 for losing)\n|l|\u2606chaddiestchad\n|player|p2|\n|l|\u2606Dv147\n|player|p1|\n|l| GooglePay\n","uploadtime":1738852041,"views":6,"formatid":"gen9vgc2025regg","rating":1558,"private":0,"password":null}