{"id":"gen9vgc2025regg-2295802359","format":"[Gen 9] VGC 2025 Reg G","players":["xatseye","bertscai"],"log":"|j|\u2606xatseye\n|j|\u2606bertscai\n|t:|1738877567\n|gametype|doubles\n|player|p1|xatseye|1|1665\n|player|p2|bertscai|hiker|1567\n|teamsize|p1|6\n|teamsize|p2|6\n|gen|9\n|tier|[Gen 9] VGC 2025 Reg G\n|rated|\n|rule|Species Clause: Limit one of each Pok\u00e9mon\n|rule|Item Clause: Limit 1 of each item\n|clearpoke\n|poke|p1|Flutter Mane, L50|\n|poke|p1|Maushold-Four, L50|\n|poke|p1|Incineroar, L50, M|\n|poke|p1|Calyrex-Ice, L50|\n|poke|p1|Raging Bolt, L50|\n|poke|p1|Cresselia, L50, F|\n|poke|p2|Smeargle, L50, F|\n|poke|p2|Calyrex-Ice, L50|\n|poke|p2|Indeedee-F, L50, F|\n|poke|p2|Urshifu-*, L50, M|\n|poke|p2|Volcarona, L50, F|\n|poke|p2|Torterra, L50, M|\n|teampreview|4\n|inactive|Battle timer is ON: inactive players will automatically lose when time's up. (requested by xatseye)\n|\n|t:|1738877584\n|start\n|switch|p1a: Flutter Mane|Flutter Mane, L50|100\/100\n|switch|p1b: Maushold|Maushold-Four, L50, shiny|100\/100\n|switch|p2a: Calyrex|Calyrex-Ice, L50|100\/100\n|switch|p2b: Volcarona|Volcarona, L50, F, shiny|100\/100\n|-ability|p2a: Calyrex|As One\n|-ability|p2a: Calyrex|Unnerve\n|-enditem|p1a: Flutter Mane|Booster Energy\n|-activate|p1a: Flutter Mane|ability: Protosynthesis|[fromitem]\n|-start|p1a: Flutter Mane|protosynthesisspa\n|turn|1\n|j| Triple20\n|\n|t:|1738877598\n|move|p2b: Volcarona|Rage Powder|p2b: Volcarona\n|-singleturn|p2b: Volcarona|move: Rage Powder\n|move|p1b: Maushold|Taunt|p2b: Volcarona\n|-start|p2b: Volcarona|move: Taunt\n|move|p1a: Flutter Mane|Shadow Ball|p2b: Volcarona\n|-damage|p2b: Volcarona|52\/100\n|move|p2a: Calyrex|Trick Room|p2a: Calyrex\n|-fieldstart|move: Trick Room|[of] p2a: Calyrex\n|\n|upkeep\n|turn|2\n|j| Mavelus\n|\n|t:|1738877623\n|-end|p1a: Flutter Mane|Protosynthesis|[silent]\n|switch|p1a: Incineroar|Incineroar, L50, M|100\/100\n|-ability|p1a: Incineroar|Intimidate|boost\n|-fail|p2a: Calyrex|unboost|[from] item: Clear Amulet|[of] p2a: Calyrex\n|-unboost|p2b: Volcarona|atk|1\n|-terastallize|p2a: Calyrex|Water\n|move|p1b: Maushold|Protect|p1b: Maushold\n|-singleturn|p1b: Maushold|Protect\n|move|p2a: Calyrex|Glacial Lance|p1b: Maushold|[spread] p1a\n|-activate|p1b: Maushold|move: Protect\n|-resisted|p1a: Incineroar\n|-damage|p1a: Incineroar|81\/100\n|move|p2b: Volcarona|Heat Wave|p1b: Maushold|[spread] p1a\n|-activate|p1b: Maushold|move: Protect\n|-resisted|p1a: Incineroar\n|-damage|p1a: Incineroar|71\/100\n|\n|upkeep\n|turn|3\n|\n|t:|1738877647\n|move|p2a: Calyrex|Protect|p2a: Calyrex\n|-singleturn|p2a: Calyrex|Protect\n|move|p1a: Incineroar|Knock Off|p2b: Volcarona\n|-damage|p2b: Volcarona|14\/100\n|-damage|p1a: Incineroar|55\/100|[from] item: Rocky Helmet|[of] p2b: Volcarona\n|-enditem|p2b: Volcarona|Rocky Helmet|[from] move: Knock Off|[of] p1a: Incineroar\n|move|p2b: Volcarona|Heat Wave|p1b: Maushold|[spread] p1a\n|-miss|p2b: Volcarona|p1b: Maushold\n|-resisted|p1a: Incineroar\n|-damage|p1a: Incineroar|46\/100\n|move|p1b: Maushold|Super Fang|p2a: Calyrex\n|-activate|p2a: Calyrex|move: Protect\n|\n|upkeep\n|turn|4\n|inactive|xatseye has 30 seconds left.\n|\n|t:|1738877675\n|move|p2a: Calyrex|High Horsepower|p1a: Incineroar\n|-supereffective|p1a: Incineroar\n|-damage|p1a: Incineroar|0 fnt\n|faint|p1a: Incineroar\n|-ability|p2a: Calyrex|Chilling Neigh|boost\n|-boost|p2a: Calyrex|atk|1\n|move|p2b: Volcarona|Heat Wave|p1b: Maushold\n|-damage|p1b: Maushold|38\/100\n|move|p1b: Maushold|Super Fang|p2a: Calyrex|[miss]\n|-miss|p1b: Maushold|p2a: Calyrex\n|\n|-end|p2b: Volcarona|move: Taunt\n|upkeep\n|\n|t:|1738877686\n|switch|p1a: Calyrex|Calyrex-Ice, L50|100\/100\n|-ability|p1a: Calyrex|As One\n|-ability|p1a: Calyrex|Unnerve\n|turn|5\n|\n|t:|1738877692\n|move|p2b: Volcarona|Protect|p2b: Volcarona\n|-singleturn|p2b: Volcarona|Protect\n|move|p1b: Maushold|Protect|p1b: Maushold\n|-singleturn|p1b: Maushold|Protect\n|move|p1a: Calyrex|Glacial Lance|p2a: Calyrex|[spread] p2a\n|-activate|p2b: Volcarona|move: Protect\n|-resisted|p2a: Calyrex\n|-damage|p2a: Calyrex|85\/100\n|move|p2a: Calyrex|Glacial Lance|p1b: Maushold|[spread] p1a\n|-activate|p1b: Maushold|move: Protect\n|-resisted|p1a: Calyrex\n|-damage|p1a: Calyrex|80\/100\n|\n|-fieldend|move: Trick Room\n|upkeep\n|turn|6\n|\n|t:|1738877713\n|move|p1b: Maushold|Taunt|p2b: Volcarona\n|-start|p2b: Volcarona|move: Taunt\n|cant|p2b: Volcarona|move: Taunt|Will-O-Wisp\n|move|p2a: Calyrex|Glacial Lance|p1a: Calyrex|[spread] p1a,p1b\n|-resisted|p1a: Calyrex\n|-damage|p1a: Calyrex|60\/100\n|-damage|p1b: Maushold|0 fnt\n|faint|p1b: Maushold\n|-ability|p2a: Calyrex|Chilling Neigh|boost\n|-boost|p2a: Calyrex|atk|1\n|move|p1a: Calyrex|Glacial Lance|p2a: Calyrex|[spread] p2a,p2b\n|-resisted|p2a: Calyrex\n|-crit|p2a: Calyrex\n|-resisted|p2b: Volcarona\n|-damage|p2a: Calyrex|61\/100\n|-damage|p2b: Volcarona|0 fnt\n|faint|p2b: Volcarona\n|-ability|p1a: Calyrex|Chilling Neigh|boost\n|-boost|p1a: Calyrex|atk|1\n|\n|upkeep\n|\n|t:|1738877728\n|switch|p1b: Flutter Mane|Flutter Mane, L50|100\/100\n|switch|p2b: Urshifu|Urshifu, L50, M|100\/100\n|turn|7\n|\n|t:|1738877743\n|-terastallize|p1b: Flutter Mane|Fairy\n|move|p2b: Urshifu|Sucker Punch|p1b: Flutter Mane\n|-resisted|p1b: Flutter Mane\n|-damage|p1b: Flutter Mane|50\/100\n|move|p1b: Flutter Mane|Moonblast|p2a: Calyrex\n|-damage|p2a: Calyrex|11\/100\n|move|p2a: Calyrex|Glacial Lance|p1b: Flutter Mane|[spread] p1a,p1b\n|-resisted|p1a: Calyrex\n|-damage|p1a: Calyrex|27\/100\n|-damage|p1b: Flutter Mane|0 fnt\n|faint|p1b: Flutter Mane\n|-end|p1b: Flutter Mane|Protosynthesis|[silent]\n|-ability|p2a: Calyrex|Chilling Neigh|boost\n|-boost|p2a: Calyrex|atk|1\n|move|p1a: Calyrex|Glacial Lance|p2a: Calyrex|[spread] p2a,p2b\n|-resisted|p2a: Calyrex\n|-crit|p2a: Calyrex\n|-damage|p2a: Calyrex|0 fnt\n|-damage|p2b: Urshifu|31\/100\n|faint|p2a: Calyrex\n|-ability|p1a: Calyrex|Chilling Neigh|boost\n|-boost|p1a: Calyrex|atk|1\n|\n|upkeep\n|\n|t:|1738877746\n|switch|p2a: Smeargle|Smeargle, L50, F, shiny|100\/100\n|turn|8\n|-message|xatseye forfeited.\n|\n|win|bertscai\n|raw|xatseye's rating: 1665 &rarr; <strong>1639<\/strong><br \/>(-26 for losing)\n|raw|bertscai's rating: 1548 &rarr; <strong>1574<\/strong><br \/>(+26 for winning)\n|l|\u2606xatseye\n|player|p1|\n|l|\u2606bertscai\n|player|p2|\n|l| Mavelus\n|l| Triple20\n","uploadtime":1738877943,"views":6,"formatid":"gen9vgc2025regg","rating":1574,"private":0,"password":null}