{"id":"gen9vgc2025regg-2295306189","format":"[Gen 9] VGC 2025 Reg G","players":["TypeSpammer","Tempest Flute"],"log":"|j|\u2606TypeSpammer\n|j|\u2606Tempest Flute\n|t:|1738811523\n|gametype|doubles\n|player|p1|TypeSpammer|266|1584\n|player|p2|Tempest Flute|policeman-gen4|1539\n|teamsize|p1|6\n|teamsize|p2|6\n|gen|9\n|tier|[Gen 9] VGC 2025 Reg G\n|rated|\n|rule|Species Clause: Limit one of each Pok\u00e9mon\n|rule|Item Clause: Limit 1 of each item\n|clearpoke\n|poke|p1|Grimmsnarl, L50, M|\n|poke|p1|Calyrex-Shadow, L50|\n|poke|p1|Hatterene, L50, F|\n|poke|p1|Iron Hands, L50|\n|poke|p1|Urshifu-*, L50, M|\n|poke|p1|Incineroar, L50, F|\n|poke|p2|Koraidon, L50|\n|poke|p2|Flutter Mane, L50|\n|poke|p2|Entei, L50|\n|poke|p2|Raging Bolt, L50|\n|poke|p2|Umbreon, L50, F|\n|poke|p2|Ogerpon-Cornerstone, L50, F|\n|teampreview|4\n|inactive|Battle timer is ON: inactive players will automatically lose when time's up. (requested by Tempest Flute)\nTypeSpammer rejected open team sheets.\n|c|\u2606TypeSpammer|gl hf\n|inactive|TypeSpammer has 60 seconds left.\n|inactive|TypeSpammer has 30 seconds left.\n|inactive|TypeSpammer has 20 seconds left.\n|inactive|TypeSpammer has 15 seconds left.\n|\n|t:|1738811601\n|start\n|switch|p1a: Ghost Rider|Calyrex-Shadow, L50|100\/100\n|switch|p1b: Krampus|Grimmsnarl, L50, M, shiny|100\/100\n|switch|p2a: Koraidon|Koraidon, L50|100\/100\n|switch|p2b: Entei|Entei, L50, shiny|100\/100\n|-ability|p1a: Ghost Rider|As One\n|-ability|p1a: Ghost Rider|Unnerve\n|-weather|SunnyDay|[from] ability: Orichalcum Pulse|[of] p2a: Koraidon\n|-activate|p2a: Koraidon|Orichalcum Pulse|[source]\n|turn|1\n|\n|t:|1738811619\n|-terastallize|p2a: Koraidon|Fire\n|move|p1b: Krampus|Fake Out|p2a: Koraidon\n|-damage|p2a: Koraidon|88\/100\n|move|p1a: Ghost Rider|Astral Barrage|p2b: Entei|[spread] p2a,p2b\n|-damage|p2a: Koraidon|10\/100\n|-damage|p2b: Entei|8\/100\n|cant|p2a: Koraidon|flinch\n|move|p2b: Entei|Sacred Fire|p1a: Ghost Rider\n|-damage|p1a: Ghost Rider|0 fnt\n|faint|p1a: Ghost Rider\n|\n|-weather|SunnyDay|[upkeep]\n|upkeep\n|inactive|TypeSpammer has 30 seconds left.\n|\n|t:|1738811646\n|switch|p1a: Iron Mike|Iron Hands, L50|100\/100\n|turn|2\n|\n|t:|1738811660\n|switch|p2b: Flutter Mane|Flutter Mane, L50, shiny|100\/100\n|-activate|p2b: Flutter Mane|ability: Protosynthesis\n|-start|p2b: Flutter Mane|protosynthesisspe\n|move|p2a: Koraidon|Protect|p2a: Koraidon\n|-singleturn|p2a: Koraidon|Protect\n|move|p1a: Iron Mike|Fake Out|p2b: Flutter Mane\n|-immune|p2b: Flutter Mane\n|move|p1b: Krampus|Sucker Punch||[still]\n|-fail|p1b: Krampus\n|\n|-weather|SunnyDay|[upkeep]\n|upkeep\n|turn|3\n|\n|t:|1738811684\n|switch|p2a: Umbreon|Umbreon, L50, F, shiny|100\/100\n|-terastallize|p1a: Iron Mike|Steel\n|move|p1b: Krampus|Sucker Punch||[still]\n|-fail|p1b: Krampus\n|move|p2b: Flutter Mane|Moonblast|p1b: Krampus\n|-supereffective|p1b: Krampus\n|-damage|p1b: Krampus|0 fnt\n|faint|p1b: Krampus\n|move|p1a: Iron Mike|Heavy Slam|p2b: Flutter Mane\n|-supereffective|p2b: Flutter Mane\n|-enditem|p2b: Flutter Mane|Focus Sash\n|-damage|p2b: Flutter Mane|1\/100\n|\n|-weather|SunnyDay|[upkeep]\n|upkeep\n|\n|t:|1738811692\n|switch|p1b: Glinda|Hatterene, L50, F, shiny|100\/100\n|turn|4\n|\n|t:|1738811710\n|move|p2b: Flutter Mane|Moonblast|p1b: Glinda\n|-damage|p1b: Glinda|41\/100\n|-unboost|p1b: Glinda|spa|1\n|move|p2a: Umbreon|Yawn|p1a: Iron Mike\n|-start|p1a: Iron Mike|move: Yawn|[of] p2a: Umbreon\n|move|p1a: Iron Mike|Close Combat|p2a: Umbreon\n|-supereffective|p2a: Umbreon\n|-damage|p2a: Umbreon|11\/100\n|-unboost|p1a: Iron Mike|def|1\n|-unboost|p1a: Iron Mike|spd|1\n|move|p1b: Glinda|Trick Room|p1b: Glinda\n|-fieldstart|move: Trick Room|[of] p1b: Glinda\n|\n|-weather|SunnyDay|[upkeep]\n|upkeep\n|turn|5\n|\n|t:|1738811726\n|move|p2b: Flutter Mane|Protect|p2b: Flutter Mane\n|-singleturn|p2b: Flutter Mane|Protect\n|move|p1b: Glinda|Dazzling Gleam|p2a: Umbreon|[spread] p2a\n|-activate|p2b: Flutter Mane|move: Protect\n|-supereffective|p2a: Umbreon\n|-damage|p2a: Umbreon|0 fnt\n|faint|p2a: Umbreon\n|move|p1a: Iron Mike|Close Combat|p2b: Flutter Mane\n|-activate|p2b: Flutter Mane|move: Protect\n|\n|-weather|none\n|-end|p2b: Flutter Mane|Protosynthesis\n|-end|p1a: Iron Mike|move: Yawn|[silent]\n|-status|p1a: Iron Mike|slp\n|upkeep\n|\n|t:|1738811734\n|switch|p2a: Entei|Entei, L50, shiny|8\/100\n|turn|6\n|\n|t:|1738811757\n|move|p1b: Glinda|Protect|p1b: Glinda\n|-singleturn|p1b: Glinda|Protect\n|move|p2a: Entei|Extreme Speed|p1b: Glinda\n|-activate|p1b: Glinda|move: Protect\n|cant|p1a: Iron Mike|slp\n|move|p2b: Flutter Mane|Moonblast|p1a: Iron Mike\n|-resisted|p1a: Iron Mike\n|-damage|p1a: Iron Mike|67\/100 slp\n|\n|upkeep\n|turn|7\n|inactive|TypeSpammer has 30 seconds left.\n|inactive|TypeSpammer has 20 seconds left.\n|inactive|TypeSpammer has 15 seconds left.\n|inactive|TypeSpammer has 10 seconds left.\n|inactive|TypeSpammer has 5 seconds left.\n|\n|t:|1738811809\n|move|p2a: Entei|Extreme Speed|p1b: Glinda\n|-damage|p1b: Glinda|0 fnt\n|faint|p1b: Glinda\n|cant|p1a: Iron Mike|slp\n|move|p2b: Flutter Mane|Moonblast|p1a: Iron Mike\n|-resisted|p1a: Iron Mike\n|-damage|p1a: Iron Mike|34\/100 slp\n|\n|upkeep\n|turn|8\n|-message|TypeSpammer forfeited.\n|\n|win|Tempest Flute\n|raw|TypeSpammer's rating: 1584 &rarr; <strong>1561<\/strong><br \/>(-23 for losing)\n|raw|Tempest Flute's rating: 1539 &rarr; <strong>1562<\/strong><br \/>(+23 for winning)\n|l|\u2606TypeSpammer\n|player|p1|\n|l|\u2606Tempest Flute\n|player|p2|\n","uploadtime":1738812001,"views":14,"formatid":"gen9vgc2025regg","rating":1561,"private":0,"password":null}