{"id":"gen9vgc2025regg-2295490184","format":"[Gen 9] VGC 2025 Reg G","players":["jecheonjo","chaddiestchad"],"log":"|j|\u2606jecheonjo\n|j|\u2606chaddiestchad\n|t:|1738843923\n|gametype|doubles\n|player|p1|jecheonjo|steven|1616\n|player|p2|chaddiestchad|supernerd|1633\n|teamsize|p1|6\n|teamsize|p2|6\n|gen|9\n|tier|[Gen 9] VGC 2025 Reg G\n|rated|\n|rule|Species Clause: Limit one of each Pok\u00e9mon\n|rule|Item Clause: Limit 1 of each item\n|clearpoke\n|poke|p1|Terapagos, L50, M|\n|poke|p1|Farigiraf, L50, F|\n|poke|p1|Raging Bolt, L50|\n|poke|p1|Ogerpon-Hearthflame, L50, F|\n|poke|p1|Urshifu-*, L50, F|\n|poke|p1|Flutter Mane, L50|\n|poke|p2|Calyrex-Shadow, L50|\n|poke|p2|Incineroar, L50, F|\n|poke|p2|Urshifu-*, L50, F|\n|poke|p2|Rillaboom, L50, M|\n|poke|p2|Raging Bolt, L50|\n|poke|p2|Pelipper, L50, F|\n|teampreview|4\n|inactive|Battle timer is ON: inactive players will automatically lose when time's up. (requested by chaddiestchad)\n|inactive|jecheonjo has 60 seconds left.\n|inactive|jecheonjo has 30 seconds left.\n|\n|t:|1738843989\n|start\n|switch|p1a: Farigiraf|Farigiraf, L50, F|100\/100\n|switch|p1b: Raging Bolt|Raging Bolt, L50|100\/100\n|switch|p2a: Calyrex|Calyrex-Shadow, L50|100\/100\n|switch|p2b: Rillaboom|Rillaboom, L50, M|100\/100\n|-ability|p2a: Calyrex|As One\n|-ability|p2a: Calyrex|Unnerve\n|-fieldstart|move: Grassy Terrain|[from] ability: Grassy Surge|[of] p2b: Rillaboom\n|turn|1\n|inactive|chaddiestchad has 30 seconds left.\n|\n|t:|1738844022\n|move|p2a: Calyrex|Protect|p2a: Calyrex\n|-singleturn|p2a: Calyrex|Protect\n|move|p2b: Rillaboom|Wood Hammer|p1a: Farigiraf\n|-damage|p1a: Farigiraf|30\/100\n|-damage|p2b: Rillaboom|75\/100|[from] Recoil\n|move|p1b: Raging Bolt|Volt Switch|p2a: Calyrex\n|-activate|p2a: Calyrex|move: Protect\n|move|p1a: Farigiraf|Hyper Voice|p2b: Rillaboom|[spread] p2b\n|-activate|p2a: Calyrex|move: Protect\n|-damage|p2b: Rillaboom|60\/100\n|-enditem|p1a: Farigiraf|Throat Spray\n|-boost|p1a: Farigiraf|spa|1|[from] item: Throat Spray\n|\n|-heal|p2b: Rillaboom|66\/100|[from] Grassy Terrain\n|-heal|p1a: Farigiraf|36\/100|[from] Grassy Terrain\n|upkeep\n|turn|2\n|inactive|jecheonjo has 30 seconds left.\n|\n|t:|1738844051\n|move|p1a: Farigiraf|Protect|p1a: Farigiraf\n|-singleturn|p1a: Farigiraf|Protect\n|move|p2a: Calyrex|Nasty Plot|p2a: Calyrex\n|-boost|p2a: Calyrex|spa|2\n|move|p2b: Rillaboom|U-turn|p1a: Farigiraf\n|-activate|p1a: Farigiraf|move: Protect\n|move|p1b: Raging Bolt|Volt Switch|p2a: Calyrex\n|-damage|p2a: Calyrex|59\/100\n|\n|t:|1738844061\n|-end|p1b: Raging Bolt|Protosynthesis|[silent]\n|switch|p1b: Terapagos|Terapagos, L50, M|100\/100|[from] Volt Switch\n|-activate|p1b: Terapagos|ability: Tera Shift\n|detailschange|p1b: Terapagos|Terapagos-Terastal, L50, M\n|-heal|p1b: Terapagos|100\/100|[silent]\n|\n|-heal|p2a: Calyrex|65\/100|[from] Grassy Terrain\n|-heal|p2b: Rillaboom|72\/100|[from] Grassy Terrain\n|-heal|p1a: Farigiraf|42\/100|[from] Grassy Terrain\n|upkeep\n|turn|3\n|\n|t:|1738844079\n|move|p2a: Calyrex|Protect|p2a: Calyrex\n|-singleturn|p2a: Calyrex|Protect\n|move|p1b: Terapagos|Calm Mind|p1b: Terapagos\n|-boost|p1b: Terapagos|spa|1\n|-boost|p1b: Terapagos|spd|1\n|move|p2b: Rillaboom|U-turn|p1a: Farigiraf\n|-supereffective|p1a: Farigiraf\n|-damage|p1a: Farigiraf|2\/100\n|\n|t:|1738844089\n|switch|p2b: Urshifu|Urshifu-Rapid-Strike, L50, F|100\/100|[from] U-turn\n|move|p1a: Farigiraf|Trick Room|p1a: Farigiraf\n|-fieldstart|move: Trick Room|[of] p1a: Farigiraf\n|\n|-heal|p1a: Farigiraf|8\/100|[from] Grassy Terrain\n|-heal|p2a: Calyrex|71\/100|[from] Grassy Terrain\n|upkeep\n|turn|4\n|\n|t:|1738844112\n|-terastallize|p1b: Terapagos|Stellar\n|detailschange|p1b: Terapagos|Terapagos-Stellar, L50, M, tera:Stellar\n|-heal|p1b: Terapagos|100\/100|[silent]\n|-ability|p1b: Terapagos|Teraform Zero\n|-fieldend|move: Grassy Terrain\n|move|p1a: Farigiraf|Hyper Voice|p2a: Calyrex|[spread] p2b\n|-immune|p2a: Calyrex\n|-damage|p2b: Urshifu|55\/100\n|move|p1b: Terapagos|Tera Starstorm|p2a: Calyrex|[spread] p2a,p2b\n|-damage|p2a: Calyrex|7\/100\n|-damage|p2b: Urshifu|0 fnt\n|faint|p2b: Urshifu\n|move|p2a: Calyrex|Psychic|p1b: Terapagos\n|-damage|p1b: Terapagos|56\/100\n|\n|-heal|p1b: Terapagos|63\/100|[from] item: Leftovers\n|upkeep\n|\n|t:|1738844131\n|switch|p2b: Rillaboom|Rillaboom, L50, M|72\/100\n|-fieldstart|move: Grassy Terrain|[from] ability: Grassy Surge|[of] p2b: Rillaboom\n|turn|5\n|\n|t:|1738844143\n|move|p2a: Calyrex|Protect|p2a: Calyrex\n|-singleturn|p2a: Calyrex|Protect\n|move|p1a: Farigiraf|Psychic|p2b: Rillaboom\n|-damage|p2b: Rillaboom|40\/100\n|move|p2b: Rillaboom|U-turn|p1a: Farigiraf\n|-supereffective|p1a: Farigiraf\n|-damage|p1a: Farigiraf|0 fnt\n|faint|p1a: Farigiraf\n|\n|t:|1738844152\n|switch|p2b: Raging Bolt|Raging Bolt, L50|100\/100|[from] U-turn\n|-enditem|p2b: Raging Bolt|Booster Energy\n|-activate|p2b: Raging Bolt|ability: Protosynthesis|[fromitem]\n|-start|p2b: Raging Bolt|protosynthesisspa\n|move|p1b: Terapagos|Tera Starstorm|p2a: Calyrex|[spread] p2b\n|-activate|p2a: Calyrex|move: Protect\n|-damage|p2b: Raging Bolt|50\/100\n|\n|-heal|p2b: Raging Bolt|56\/100|[from] Grassy Terrain\n|-heal|p1b: Terapagos|69\/100|[from] Grassy Terrain\n|-heal|p1b: Terapagos|75\/100|[from] item: Leftovers\n|-heal|p2a: Calyrex|13\/100|[from] Grassy Terrain\n|upkeep\n|\n|t:|1738844168\n|switch|p1a: Raging Bolt|Raging Bolt, L50|100\/100\n|turn|6\n|-message|chaddiestchad forfeited.\n|\n|win|jecheonjo\n|raw|jecheonjo's rating: 1616 &rarr; <strong>1637<\/strong><br \/>(+21 for winning)\n|raw|chaddiestchad's rating: 1633 &rarr; <strong>1612<\/strong><br \/>(-21 for losing)\n|l|\u2606chaddiestchad\n|player|p2|\n|l|\u2606jecheonjo\n|player|p1|\n","uploadtime":1738844387,"views":6,"formatid":"gen9vgc2025regg","rating":1612,"private":0,"password":null}