{"id":"gen9vgc2025regg-2295457578","format":"[Gen 9] VGC 2025 Reg G","players":["friedfish24","Dearp"],"log":"|j|\u2606friedfish24\n|j|\u2606Dearp\n|t:|1738838505\n|gametype|doubles\n|player|p1|friedfish24|li|1594\n|player|p2|Dearp|battlegirl|1665\n|teamsize|p1|6\n|teamsize|p2|6\n|gen|9\n|tier|[Gen 9] VGC 2025 Reg G\n|rated|\n|rule|Species Clause: Limit one of each Pok\u00e9mon\n|rule|Item Clause: Limit 1 of each item\n|clearpoke\n|poke|p1|Terapagos, L50, M|\n|poke|p1|Ogerpon-Hearthflame, L50, F|\n|poke|p1|Tornadus, L50, M|\n|poke|p1|Smeargle, L50, F|\n|poke|p1|Dondozo, L50, M|\n|poke|p1|Tatsugiri-Droopy, L50, F|\n|poke|p2|Tornadus, L50, M|\n|poke|p2|Ogerpon-Hearthflame, L50, F|\n|poke|p2|Smeargle, L50, M|\n|poke|p2|Terapagos, L50, M|\n|poke|p2|Dondozo, L50, F|\n|poke|p2|Tatsugiri-Droopy, L50, M|\n|teampreview|4\n|\n|t:|1738838543\n|start\n|switch|p1a: Terapagos|Terapagos, L50, M|100\/100\n|switch|p1b: Smeargle|Smeargle, L50, F|100\/100\n|switch|p2a: Terapagos|Terapagos, L50, M|100\/100\n|switch|p2b: Ogerpon|Ogerpon-Hearthflame, L50, F|100\/100\n|-activate|p2a: Terapagos|ability: Tera Shift\n|detailschange|p2a: Terapagos|Terapagos-Terastal, L50, M\n|-heal|p2a: Terapagos|100\/100|[silent]\n|-activate|p1a: Terapagos|ability: Tera Shift\n|detailschange|p1a: Terapagos|Terapagos-Terastal, L50, M\n|-heal|p1a: Terapagos|100\/100|[silent]\n|-ability|p2b: Ogerpon|Mold Breaker\n|turn|1\n|\n|t:|1738838583\n|move|p1b: Smeargle|Fake Out|p2a: Terapagos\n|-activate|p2a: Terapagos|ability: Tera Shell\n|-resisted|p2a: Terapagos\n|-damage|p2a: Terapagos|98\/100\n|move|p2b: Ogerpon|Taunt|p1b: Smeargle\n|-start|p1b: Smeargle|move: Taunt\n|cant|p2a: Terapagos|flinch\n|move|p1a: Terapagos|Tera Starstorm|p2b: Ogerpon\n|-damage|p2b: Ogerpon|6\/100\n|\n|-ability|p1b: Smeargle|Moody|boost\n|-boost|p1b: Smeargle|spd|2\n|-unboost|p1b: Smeargle|spa|1\n|upkeep\n|turn|2\n|\n|t:|1738838605\n|switch|p1b: Tatsugiri|Tatsugiri-Droopy, L50, F|100\/100\n|move|p2b: Ogerpon|Ivy Cudgel|p1a: Terapagos|[anim] Ivy Cudgel Fire\n|-damage|p1a: Terapagos|46\/100\n|move|p2a: Terapagos|Tera Starstorm|p1a: Terapagos\n|-damage|p1a: Terapagos|0 fnt\n|faint|p1a: Terapagos\n|\n|upkeep\n|\n|t:|1738838617\n|switch|p1a: Smeargle|Smeargle, L50, F|100\/100\n|turn|3\n|\n|t:|1738838623\n|move|p1b: Tatsugiri|Muddy Water|p2a: Terapagos|[spread] p2a,p2b\n|-damage|p2a: Terapagos|65\/100\n|-damage|p2b: Ogerpon|0 fnt\n|faint|p2b: Ogerpon\n|move|p1a: Smeargle|Spore|p2a: Terapagos\n|-status|p2a: Terapagos|slp|[from] move: Spore\n|cant|p2a: Terapagos|slp\n|\n|-ability|p1a: Smeargle|Moody|boost\n|-boost|p1a: Smeargle|spe|2\n|-unboost|p1a: Smeargle|atk|1\n|upkeep\n|\n|t:|1738838631\n|switch|p2b: Tatsugiri|Tatsugiri-Droopy, L50, M|100\/100\n|turn|4\n|\n|t:|1738838650\n|switch|p1a: Dondozo|Dondozo, L50, M, shiny|100\/100\n|-activate|p1b: Tatsugiri|ability: Commander|[of] p1a: Dondozo\n|-boost|p1a: Dondozo|atk|2\n|-boost|p1a: Dondozo|spa|2\n|-boost|p1a: Dondozo|spe|2\n|-boost|p1a: Dondozo|def|2\n|-boost|p1a: Dondozo|spd|2\n|cant|p2a: Terapagos|slp\n|move|p2b: Tatsugiri|Draco Meteor|p1b: Tatsugiri|[miss]\n|-miss|p2b: Tatsugiri|p1b: Tatsugiri\n|\n|upkeep\n|turn|5\n|\n|t:|1738838666\n|switch|p2a: Dondozo|Dondozo, L50, F|100\/100\n|-activate|p2b: Tatsugiri|ability: Commander|[of] p2a: Dondozo\n|-boost|p2a: Dondozo|atk|2\n|-boost|p2a: Dondozo|spa|2\n|-boost|p2a: Dondozo|spe|2\n|-boost|p2a: Dondozo|def|2\n|-boost|p2a: Dondozo|spd|2\n|move|p1a: Dondozo|Body Press|p2a: Dondozo\n|-damage|p2a: Dondozo|85\/100\n|\n|-heal|p2a: Dondozo|91\/100|[from] item: Leftovers\n|upkeep\n|turn|6\n|\n|t:|1738838676\n|move|p2a: Dondozo|Protect|p2a: Dondozo\n|-singleturn|p2a: Dondozo|Protect\n|move|p1a: Dondozo|Order Up|p2a: Dondozo\n|-activate|p2a: Dondozo|move: Protect\n|\n|-heal|p2a: Dondozo|97\/100|[from] item: Leftovers\n|upkeep\n|turn|7\n|-message|friedfish24 forfeited.\n|\n|win|Dearp\n|raw|friedfish24's rating: 1594 &rarr; <strong>1578<\/strong><br \/>(-16 for losing)\n|raw|Dearp's rating: 1665 &rarr; <strong>1681<\/strong><br \/>(+16 for winning)\n|l|\u2606friedfish24\n|player|p1|\n|l|\u2606Dearp\n|player|p2|\n","uploadtime":1738838949,"views":9,"formatid":"gen9vgc2025regg","rating":1578,"private":0,"password":null}