{"id":"gen9vgc2025regg-2295456425","format":"[Gen 9] VGC 2025 Reg G","players":["snipedrone","jecheonjo"],"log":"|j|\u2606snipedrone\n|j|\u2606jecheonjo\n|t:|1738838309\n|gametype|doubles\n|player|p1|snipedrone|2|1584\n|player|p2|jecheonjo|steven|1567\n|teamsize|p1|6\n|teamsize|p2|6\n|gen|9\n|tier|[Gen 9] VGC 2025 Reg G\n|rated|\n|rule|Species Clause: Limit one of each Pok\u00e9mon\n|rule|Item Clause: Limit 1 of each item\n|clearpoke\n|poke|p1|Groudon, L50|\n|poke|p1|Jumpluff, L50, M|\n|poke|p1|Flutter Mane, L50|\n|poke|p1|Raging Bolt, L50|\n|poke|p1|Urshifu-*, L50, M|\n|poke|p1|Whimsicott, L50, M|\n|poke|p2|Terapagos, L50, M|\n|poke|p2|Farigiraf, L50, F|\n|poke|p2|Raging Bolt, L50|\n|poke|p2|Ogerpon-Hearthflame, L50, F|\n|poke|p2|Urshifu-*, L50, M|\n|poke|p2|Flutter Mane, L50|\n|teampreview|4\n|\n|t:|1738838328\n|start\n|switch|p1a: Groudon|Groudon, L50, shiny|100\/100\n|switch|p1b: Jumpluff|Jumpluff, L50, M, shiny|100\/100\n|switch|p2a: Terapagos|Terapagos, L50, M|100\/100\n|switch|p2b: Ogerpon|Ogerpon-Hearthflame, L50, F|100\/100\n|-activate|p2a: Terapagos|ability: Tera Shift\n|detailschange|p2a: Terapagos|Terapagos-Terastal, L50, M\n|-heal|p2a: Terapagos|100\/100|[silent]\n|-ability|p2b: Ogerpon|Mold Breaker\n|-weather|SunnyDay|[from] ability: Drought|[of] p1a: Groudon\n|turn|1\n|\n|t:|1738838348\n|move|p2b: Ogerpon|Follow Me|p2b: Ogerpon\n|-singleturn|p2b: Ogerpon|move: Follow Me\n|move|p1b: Jumpluff|Tailwind|p1b: Jumpluff\n|-sidestart|p1: snipedrone|move: Tailwind\n|move|p1a: Groudon|Eruption|p2b: Ogerpon|[spread] p2a,p2b\n|-activate|p2a: Terapagos|ability: Tera Shell\n|-resisted|p2a: Terapagos\n|-damage|p2a: Terapagos|65\/100\n|-damage|p2b: Ogerpon|21\/100\n|move|p2a: Terapagos|Calm Mind|p2a: Terapagos\n|-boost|p2a: Terapagos|spa|1\n|-boost|p2a: Terapagos|spd|1\n|\n|-weather|SunnyDay|[upkeep]\n|-heal|p2a: Terapagos|71\/100|[from] item: Leftovers\n|upkeep\n|turn|2\n|\n|t:|1738838368\n|-terastallize|p2a: Terapagos|Stellar\n|detailschange|p2a: Terapagos|Terapagos-Stellar, L50, M, tera:Stellar\n|-heal|p2a: Terapagos|78\/100|[silent]\n|-ability|p2a: Terapagos|Teraform Zero\n|-weather|none\n|move|p2b: Ogerpon|Follow Me|p2b: Ogerpon\n|-singleturn|p2b: Ogerpon|move: Follow Me\n|move|p1b: Jumpluff|Sleep Powder|p2b: Ogerpon\n|-immune|p2b: Ogerpon\n|move|p1a: Groudon|Eruption|p2a: Terapagos|[spread] p2a,p2b\n|-damage|p2a: Terapagos|55\/100\n|-damage|p2b: Ogerpon|0 fnt\n|faint|p2b: Ogerpon\n|move|p2a: Terapagos|Tera Starstorm|p1b: Jumpluff|[spread] p1a,p1b\n|-damage|p1a: Groudon|42\/100\n|-damage|p1b: Jumpluff|35\/100\n|\n|-heal|p2a: Terapagos|61\/100|[from] item: Leftovers\n|upkeep\n|\n|t:|1738838392\n|switch|p2b: Flutter Mane|Flutter Mane, L50|100\/100\n|-enditem|p2b: Flutter Mane|Booster Energy\n|-activate|p2b: Flutter Mane|ability: Protosynthesis|[fromitem]\n|-start|p2b: Flutter Mane|protosynthesisspe\n|turn|3\n|\n|t:|1738838402\n|switch|p1a: Raging Bolt|Raging Bolt, L50|100\/100\n|move|p2a: Terapagos|Protect|p2a: Terapagos\n|-singleturn|p2a: Terapagos|Protect\n|move|p1b: Jumpluff|Sleep Powder|p2a: Terapagos\n|-activate|p2a: Terapagos|move: Protect\n|move|p2b: Flutter Mane|Taunt|p1b: Jumpluff\n|-start|p1b: Jumpluff|move: Taunt\n|\n|-heal|p2a: Terapagos|67\/100|[from] item: Leftovers\n|upkeep\n|turn|4\n|\n|t:|1738838429\n|switch|p1b: Groudon|Groudon, L50, shiny|42\/100\n|-weather|SunnyDay|[from] ability: Drought|[of] p1b: Groudon\n|-activate|p1a: Raging Bolt|ability: Protosynthesis\n|-start|p1a: Raging Bolt|protosynthesisspa\n|-terastallize|p1a: Raging Bolt|Electric\n|move|p2b: Flutter Mane|Moonblast|p1a: Raging Bolt\n|-damage|p1a: Raging Bolt|60\/100\n|move|p1a: Raging Bolt|Thunderbolt|p2a: Terapagos\n|-damage|p2a: Terapagos|14\/100\n|-damage|p1a: Raging Bolt|50\/100|[from] item: Life Orb\n|move|p2a: Terapagos|Tera Starstorm|p1b: Groudon|[spread] p1a,p1b\n|-supereffective|p1a: Raging Bolt\n|-damage|p1a: Raging Bolt|0 fnt\n|-damage|p1b: Groudon|0 fnt\n|faint|p1a: Raging Bolt\n|-end|p1a: Raging Bolt|Protosynthesis|[silent]\n|faint|p1b: Groudon\n|\n|-weather|SunnyDay|[upkeep]\n|-heal|p2a: Terapagos|20\/100|[from] item: Leftovers\n|-sideend|p1: snipedrone|move: Tailwind\n|upkeep\n|\n|t:|1738838433\n|switch|p1a: Flutter Mane|Flutter Mane, L50, shiny|100\/100\n|switch|p1b: Jumpluff|Jumpluff, L50, M, shiny|35\/100\n|-activate|p1a: Flutter Mane|ability: Protosynthesis\n|-start|p1a: Flutter Mane|protosynthesisspe\n|turn|5\n|\n|t:|1738838456\n|move|p1b: Jumpluff|Sleep Powder|p2a: Terapagos\n|-status|p2a: Terapagos|slp|[from] move: Sleep Powder\n|move|p1a: Flutter Mane|Shadow Ball|p2b: Flutter Mane\n|-supereffective|p2b: Flutter Mane\n|-damage|p2b: Flutter Mane|28\/100\n|move|p2b: Flutter Mane|Moonblast|p1b: Jumpluff\n|-damage|p1b: Jumpluff|0 fnt\n|faint|p1b: Jumpluff\n|cant|p2a: Terapagos|slp\n|\n|-weather|SunnyDay|[upkeep]\n|-heal|p2a: Terapagos|26\/100 slp|[from] item: Leftovers\n|upkeep\n|turn|6\n|\n|t:|1738838470\n|move|p1a: Flutter Mane|Shadow Ball|p2b: Flutter Mane\n|-supereffective|p2b: Flutter Mane\n|-damage|p2b: Flutter Mane|0 fnt\n|faint|p2b: Flutter Mane\n|-end|p2b: Flutter Mane|Protosynthesis|[silent]\n|cant|p2a: Terapagos|slp\n|\n|-weather|SunnyDay|[upkeep]\n|-heal|p2a: Terapagos|33\/100 slp|[from] item: Leftovers\n|upkeep\n|\n|t:|1738838472\n|switch|p2b: Urshifu|Urshifu-Rapid-Strike, L50, M|100\/100\n|turn|7\n|\n|t:|1738838479\n|move|p1a: Flutter Mane|Moonblast|p2b: Urshifu\n|-supereffective|p2b: Urshifu\n|-damage|p2b: Urshifu|0 fnt\n|faint|p2b: Urshifu\n|cant|p2a: Terapagos|slp\n|\n|-weather|SunnyDay|[upkeep]\n|-heal|p2a: Terapagos|39\/100 slp|[from] item: Leftovers\n|upkeep\n|turn|8\n|\n|t:|1738838486\n|-curestatus|p2a: Terapagos|slp|[msg]\n|move|p2a: Terapagos|Protect|p2a: Terapagos\n|-singleturn|p2a: Terapagos|Protect\n|move|p1a: Flutter Mane|Moonblast|p2a: Terapagos\n|-activate|p2a: Terapagos|move: Protect\n|\n|-weather|none\n|-end|p1a: Flutter Mane|Protosynthesis\n|-heal|p2a: Terapagos|45\/100|[from] item: Leftovers\n|upkeep\n|turn|9\n|\n|t:|1738838489\n|move|p1a: Flutter Mane|Moonblast|p2a: Terapagos\n|-damage|p2a: Terapagos|22\/100\n|-unboost|p2a: Terapagos|spa|1\n|move|p2a: Terapagos|Tera Starstorm|p1a: Flutter Mane\n|-damage|p1a: Flutter Mane|45\/100\n|\n|-heal|p2a: Terapagos|28\/100|[from] item: Leftovers\n|upkeep\n|turn|10\n|\n|t:|1738838496\n|move|p2a: Terapagos|Protect|p2a: Terapagos\n|-singleturn|p2a: Terapagos|Protect\n|move|p1a: Flutter Mane|Moonblast|p2a: Terapagos\n|-activate|p2a: Terapagos|move: Protect\n|\n|-heal|p2a: Terapagos|34\/100|[from] item: Leftovers\n|upkeep\n|turn|11\n|\n|t:|1738838499\n|move|p1a: Flutter Mane|Moonblast|p2a: Terapagos\n|-damage|p2a: Terapagos|11\/100\n|move|p2a: Terapagos|Tera Starstorm|p1a: Flutter Mane\n|-damage|p1a: Flutter Mane|0 fnt\n|faint|p1a: Flutter Mane\n|-end|p1a: Flutter Mane|Protosynthesis|[silent]\n|\n|win|jecheonjo\n|raw|snipedrone's rating: 1584 &rarr; <strong>1563<\/strong><br \/>(-21 for losing)\n|raw|jecheonjo's rating: 1567 &rarr; <strong>1588<\/strong><br \/>(+21 for winning)\n|l|\u2606snipedrone\n|player|p1|\n|l|\u2606jecheonjo\n|player|p2|\n","uploadtime":1738838677,"views":11,"formatid":"gen9vgc2025regg","rating":1563,"private":0,"password":null}