{"id":"gen9vgc2025regg-2296860494","format":"[Gen 9] VGC 2025 Reg G","players":["auroray6","4arms2001"],"log":"|j|\u2606auroray6\n|j|\u26064arms2001\n|t:|1739028672\n|gametype|doubles\n|player|p1|auroray6|1|1560\n|player|p2|4arms2001|2|1549\n|teamsize|p1|6\n|teamsize|p2|6\n|gen|9\n|tier|[Gen 9] VGC 2025 Reg G\n|rated|\n|rule|Species Clause: Limit one of each Pok\u00e9mon\n|rule|Item Clause: Limit 1 of each item\n|clearpoke\n|poke|p1|Rayquaza, L50|\n|poke|p1|Incineroar, L50, F|\n|poke|p1|Rillaboom, L50, M|\n|poke|p1|Raging Bolt, L50|\n|poke|p1|Chi-Yu, L50|\n|poke|p1|Urshifu-*, L50, M|\n|poke|p2|Smeargle, L50, F|\n|poke|p2|Calyrex-Ice, L50|\n|poke|p2|Indeedee-F, L50, F|\n|poke|p2|Amoonguss, L50, M|\n|poke|p2|Ursaluna-Bloodmoon, L50, M|\n|poke|p2|Torkoal, L50, M|\n|teampreview|4\n|inactive|Battle timer is ON: inactive players will automatically lose when time's up. (requested by 4arms2001)\n|\n|t:|1739028702\n|start\n|switch|p1a: Urshifu|Urshifu-Rapid-Strike, L50, M|100\/100\n|switch|p1b: Chi-Yu|Chi-Yu, L50|100\/100\n|switch|p2a: Calyrex|Calyrex-Ice, L50|100\/100\n|switch|p2b: Indeedee|Indeedee-F, L50, F|100\/100\n|-ability|p2a: Calyrex|As One\n|-ability|p2a: Calyrex|Unnerve\n|-ability|p1b: Chi-Yu|Beads of Ruin\n|-fieldstart|move: Psychic Terrain|[from] ability: Psychic Surge|[of] p2b: Indeedee\n|-enditem|p2b: Indeedee|Psychic Seed\n|-boost|p2b: Indeedee|spd|1|[from] item: Psychic Seed\n|turn|1\n|\n|t:|1739028716\n|switch|p1a: Incineroar|Incineroar, L50, F|100\/100\n|-ability|p1a: Incineroar|Intimidate|boost\n|-fail|p2a: Calyrex|unboost|[from] item: Clear Amulet|[of] p2a: Calyrex\n|-unboost|p2b: Indeedee|atk|1\n|-terastallize|p2a: Calyrex|Water\n|move|p2b: Indeedee|Follow Me|p2b: Indeedee\n|-singleturn|p2b: Indeedee|move: Follow Me\n|move|p1b: Chi-Yu|Heat Wave|p2a: Calyrex|[spread] p2a,p2b\n|-resisted|p2a: Calyrex\n|-damage|p2a: Calyrex|82\/100\n|-damage|p2b: Indeedee|63\/100\n|move|p2a: Calyrex|Trick Room|p2a: Calyrex\n|-fieldstart|move: Trick Room|[of] p2a: Calyrex\n|\n|upkeep\n|turn|2\n|\n|t:|1739028729\n|switch|p1b: Rillaboom|Rillaboom, L50, M|100\/100\n|-fieldstart|move: Grassy Terrain|[from] ability: Grassy Surge|[of] p1b: Rillaboom\n|move|p2b: Indeedee|Helping Hand|p2a: Calyrex\n|-singleturn|p2a: Calyrex|Helping Hand|[of] p2b: Indeedee\n|move|p1a: Incineroar|Fake Out|p2a: Calyrex\n|-damage|p2a: Calyrex|75\/100\n|cant|p2a: Calyrex|flinch\n|\n|-heal|p2a: Calyrex|81\/100|[from] Grassy Terrain\n|-heal|p2b: Indeedee|69\/100|[from] Grassy Terrain\n|upkeep\n|turn|3\n|\n|t:|1739028744\n|switch|p2b: Amoonguss|Amoonguss, L50, M|100\/100\n|move|p2a: Calyrex|Protect|p2a: Calyrex\n|-singleturn|p2a: Calyrex|Protect\n|move|p1b: Rillaboom|Fake Out|p2a: Calyrex\n|-activate|p2a: Calyrex|move: Protect\n|move|p1a: Incineroar|Parting Shot|p2b: Amoonguss\n|-unboost|p2b: Amoonguss|atk|1\n|-unboost|p2b: Amoonguss|spa|1\n|\n|t:|1739028760\n|switch|p1a: Urshifu|Urshifu-Rapid-Strike, L50, M|100\/100|[from] Parting Shot\n|\n|-heal|p2a: Calyrex|86\/100|[from] Grassy Terrain\n|upkeep\n|turn|4\n|\n|t:|1739028772\n|switch|p1a: Incineroar|Incineroar, L50, F|100\/100\n|-ability|p1a: Incineroar|Intimidate|boost\n|-fail|p2a: Calyrex|unboost|[from] item: Clear Amulet|[of] p2a: Calyrex\n|-unboost|p2b: Amoonguss|atk|1\n|-terastallize|p1b: Rillaboom|Water\n|move|p2b: Amoonguss|Spore|p1b: Rillaboom\n|-status|p1b: Rillaboom|slp|[from] move: Spore\n|move|p2a: Calyrex|Glacial Lance|p1b: Rillaboom|[spread] p1a,p1b\n|-resisted|p1a: Incineroar\n|-resisted|p1b: Rillaboom\n|-damage|p1a: Incineroar|72\/100\n|-damage|p1b: Rillaboom|74\/100 slp\n|cant|p1b: Rillaboom|slp\n|\n|-heal|p2a: Calyrex|92\/100|[from] Grassy Terrain\n|-heal|p1a: Incineroar|79\/100|[from] Grassy Terrain\n|-heal|p1b: Rillaboom|80\/100 slp|[from] Grassy Terrain\n|upkeep\n|turn|5\n|\n|t:|1739028787\n|switch|p2b: Indeedee|Indeedee-F, L50, F|69\/100\n|-fieldstart|move: Psychic Terrain|[from] ability: Psychic Surge|[of] p2b: Indeedee\n|move|p2a: Calyrex|High Horsepower|p1a: Incineroar\n|-supereffective|p1a: Incineroar\n|-damage|p1a: Incineroar|0 fnt\n|faint|p1a: Incineroar\n|-ability|p2a: Calyrex|Chilling Neigh|boost\n|-boost|p2a: Calyrex|atk|1\n|cant|p1b: Rillaboom|slp\n|\n|-fieldend|move: Trick Room\n|upkeep\n|\n|t:|1739028800\n|switch|p1a: Urshifu|Urshifu-Rapid-Strike, L50, M|100\/100\n|turn|6\n|\n|t:|1739028811\n|move|p2b: Indeedee|Follow Me|p2b: Indeedee\n|-singleturn|p2b: Indeedee|move: Follow Me\n|move|p1a: Urshifu|Close Combat|p2b: Indeedee\n|-damage|p2b: Indeedee|0 fnt\n|-unboost|p1a: Urshifu|def|1\n|-unboost|p1a: Urshifu|spd|1\n|faint|p2b: Indeedee\n|-curestatus|p1b: Rillaboom|slp|[msg]\n|move|p1b: Rillaboom|Wood Hammer|p2a: Calyrex\n|-supereffective|p2a: Calyrex\n|-damage|p2a: Calyrex|13\/100\n|-damage|p1b: Rillaboom|52\/100|[from] Recoil\n|move|p2a: Calyrex|Trick Room|p2a: Calyrex\n|-fieldstart|move: Trick Room|[of] p2a: Calyrex\n|\n|upkeep\n|\n|t:|1739028818\n|switch|p2b: Ursaluna|Ursaluna-Bloodmoon, L50, M|100\/100\n|turn|7\n|\n|t:|1739028827\n|switch|p1b: Chi-Yu|Chi-Yu, L50|100\/100\n|-ability|p1b: Chi-Yu|Beads of Ruin\n|move|p1a: Urshifu|Protect|p1a: Urshifu\n|-singleturn|p1a: Urshifu|Protect\n|move|p2a: Calyrex|Glacial Lance|p1b: Chi-Yu|[spread] p1b\n|-activate|p1a: Urshifu|move: Protect\n|-resisted|p1b: Chi-Yu\n|-damage|p1b: Chi-Yu|27\/100\n|move|p2b: Ursaluna|Hyper Voice|p1a: Urshifu|[spread] p1b\n|-activate|p1a: Urshifu|move: Protect\n|-damage|p1b: Chi-Yu|0 fnt\n|faint|p1b: Chi-Yu\n|-damage|p2b: Ursaluna|90\/100|[from] item: Life Orb\n|\n|upkeep\n|\n|t:|1739028838\n|switch|p1b: Rillaboom|Rillaboom, L50, M, tera:Water|52\/100\n|-fieldstart|move: Grassy Terrain|[from] ability: Grassy Surge|[of] p1b: Rillaboom\n|turn|8\n|\n|t:|1739028858\n|move|p1b: Rillaboom|Fake Out|p2a: Calyrex\n|-damage|p2a: Calyrex|5\/100\n|cant|p2a: Calyrex|flinch\n|move|p2b: Ursaluna|Blood Moon|p1b: Rillaboom\n|-damage|p1b: Rillaboom|0 fnt\n|faint|p1b: Rillaboom\n|-damage|p2b: Ursaluna|80\/100|[from] item: Life Orb\n|move|p1a: Urshifu|Surging Strikes|p2b: Ursaluna\n|-supereffective|p2b: Ursaluna\n|-crit|p2b: Ursaluna\n|-damage|p2b: Ursaluna|48\/100\n|-supereffective|p2b: Ursaluna\n|-crit|p2b: Ursaluna\n|-damage|p2b: Ursaluna|15\/100\n|-supereffective|p2b: Ursaluna\n|-crit|p2b: Ursaluna\n|-damage|p2b: Ursaluna|0 fnt\n|faint|p2b: Ursaluna\n|-hitcount|p2: Ursaluna|3\n|\n|-heal|p2a: Calyrex|11\/100|[from] Grassy Terrain\n|upkeep\n|\n|t:|1739028861\n|switch|p2b: Amoonguss|Amoonguss, L50, M|100\/100\n|turn|9\n|\n|t:|1739028874\n|move|p2b: Amoonguss|Rage Powder|p2b: Amoonguss\n|-singleturn|p2b: Amoonguss|move: Rage Powder\n|move|p2a: Calyrex|Glacial Lance|p1a: Urshifu\n|-resisted|p1a: Urshifu\n|-enditem|p1a: Urshifu|Focus Sash\n|-damage|p1a: Urshifu|1\/100\n|move|p1a: Urshifu|Close Combat|p2b: Amoonguss\n|-resisted|p2b: Amoonguss\n|-damage|p2b: Amoonguss|76\/100\n|-unboost|p1a: Urshifu|def|1\n|-unboost|p1a: Urshifu|spd|1\n|\n|-heal|p2b: Amoonguss|82\/100|[from] Grassy Terrain\n|-heal|p2a: Calyrex|16\/100|[from] Grassy Terrain\n|-heal|p1a: Urshifu|7\/100|[from] Grassy Terrain\n|upkeep\n|turn|10\n|\n|t:|1739028880\n|move|p2b: Amoonguss|Rage Powder|p2b: Amoonguss\n|-singleturn|p2b: Amoonguss|move: Rage Powder\n|move|p2a: Calyrex|Glacial Lance|p1a: Urshifu\n|-resisted|p1a: Urshifu\n|-damage|p1a: Urshifu|0 fnt\n|faint|p1a: Urshifu\n|\n|win|4arms2001\n|raw|auroray6's rating: 1560 &rarr; <strong>1539<\/strong><br \/>(-21 for losing)\n|raw|4arms2001's rating: 1549 &rarr; <strong>1570<\/strong><br \/>(+21 for winning)\n|l|\u2606auroray6\n|player|p1|\n|l|\u26064arms2001\n|player|p2|\n","uploadtime":1739029118,"views":5,"formatid":"gen9vgc2025regg","rating":1539,"private":0,"password":null}