{"id":"gen9vgc2025regg-2296150432","format":"[Gen 9] VGC 2025 Reg G","players":["cobalt_poke","stbai"],"log":"|j|\u2606cobalt_poke\n|j|\u2606stbai\n|t:|1738931317\n|gametype|doubles\n|player|p1|cobalt_poke|170|1632\n|player|p2|stbai|janitor|1671\n|teamsize|p1|6\n|teamsize|p2|6\n|gen|9\n|tier|[Gen 9] VGC 2025 Reg G\n|rated|\n|rule|Species Clause: Limit one of each Pok\u00e9mon\n|rule|Item Clause: Limit 1 of each item\n|clearpoke\n|poke|p1|Weezing-Galar, L50, F|\n|poke|p1|Calyrex-Shadow, L50|\n|poke|p1|Dondozo, L50, F|\n|poke|p1|Tatsugiri, L50, M|\n|poke|p1|Incineroar, L50, F|\n|poke|p1|Roaring Moon, L50|\n|poke|p2|Tatsugiri, L50, M|\n|poke|p2|Terapagos, L50, M|\n|poke|p2|Landorus, L50, M|\n|poke|p2|Latios, L50, M|\n|poke|p2|Entei, L50|\n|poke|p2|Dondozo, L50, F|\n|teampreview|4\n|inactive|Battle timer is ON: inactive players will automatically lose when time's up. (requested by stbai)\n|\n|t:|1738931334\n|start\n|switch|p1a: Weezing|Weezing-Galar, L50, F|100\/100\n|switch|p1b: Roaring Moon|Roaring Moon, L50|100\/100\n|switch|p2a: Entei|Entei, L50|100\/100\n|switch|p2b: Dondozo|Dondozo, L50, F|100\/100\n|-ability|p1a: Weezing|Neutralizing Gas\n|turn|1\n|\n|t:|1738931347\n|move|p2b: Dondozo|Protect|p2b: Dondozo\n|-singleturn|p2b: Dondozo|Protect\n|move|p1b: Roaring Moon|Knock Off|p2a: Entei\n|-damage|p2a: Entei|40\/100\n|-enditem|p2a: Entei|Assault Vest|[from] move: Knock Off|[of] p1b: Roaring Moon\n|move|p2a: Entei|Bulldoze|p1a: Weezing|[spread] p1a,p1b\n|-activate|p2b: Dondozo|move: Protect\n|-supereffective|p1a: Weezing\n|-damage|p1a: Weezing|75\/100\n|-damage|p1b: Roaring Moon|82\/100\n|-unboost|p1a: Weezing|spe|1\n|-unboost|p1b: Roaring Moon|spe|1\n|move|p1a: Weezing|Poison Gas|p2a: Entei|[spread] p2a\n|-activate|p2b: Dondozo|move: Protect\n|-status|p2a: Entei|psn\n|\n|-damage|p2a: Entei|28\/100 psn|[from] psn\n|upkeep\n|turn|2\n|\n|t:|1738931365\n|switch|p2a: Tatsugiri|Tatsugiri, L50, M|100\/100\n|-activate|p2a: Tatsugiri|ability: Commander|[of] p2b: Dondozo\n|-boost|p2b: Dondozo|atk|2\n|-boost|p2b: Dondozo|spa|2\n|-boost|p2b: Dondozo|spe|2\n|-boost|p2b: Dondozo|def|2\n|-boost|p2b: Dondozo|spd|2\n|-end|p1a: Weezing|ability: Neutralizing Gas\n|switch|p1a: Dondozo|Dondozo, L50, F|100\/100\n|move|p2b: Dondozo|Substitute|p2b: Dondozo\n|-start|p2b: Dondozo|Substitute\n|-damage|p2b: Dondozo|75\/100\n|move|p1b: Roaring Moon|Knock Off|p2b: Dondozo\n|-activate|p2b: Dondozo|move: Substitute|[damage]\n|\n|-heal|p2b: Dondozo|82\/100|[from] item: Leftovers\n|upkeep\n|turn|3\n|l|\u2606cobalt_poke\n|inactive|cobalt_poke disconnected and has a minute to reconnect!\n|player|p1|\n|inactive|cobalt_poke has 30 seconds left.\n|j|\u2606cobalt_poke\n|inactive|cobalt_poke reconnected and has 30 seconds left.\n|player|p1|cobalt_poke|170|\n|inactive|cobalt_poke has 20 seconds left.\n|inactive|cobalt_poke has 15 seconds left.\n|inactive|cobalt_poke has 10 seconds left.\n|inactive|cobalt_poke has 5 seconds left.\n|\n|t:|1738931420\n|-end|p1b: Roaring Moon|Protosynthesis|[silent]\n|switch|p1b: Weezing|Weezing-Galar, L50, F|75\/100\n|-ability|p1b: Weezing|Neutralizing Gas\n|-block|p2a: Tatsugiri|item: Ability Shield\n|move|p2b: Dondozo|Protect|p2b: Dondozo\n|-singleturn|p2b: Dondozo|Protect\n|move|p1a: Dondozo|Wave Crash|p2b: Dondozo\n|-activate|p2b: Dondozo|move: Protect\n|\n|-heal|p2b: Dondozo|88\/100|[from] item: Leftovers\n|upkeep\n|turn|4\n|\n|t:|1738931438\n|-end|p1b: Weezing|ability: Neutralizing Gas\n|switch|p1b: Roaring Moon|Roaring Moon, L50|82\/100\n|move|p2b: Dondozo|Earthquake|p1a: Dondozo|[spread] p1a,p1b\n|-miss|p2b: Dondozo|p2a: Tatsugiri\n|-damage|p1a: Dondozo|86\/100\n|-damage|p1b: Roaring Moon|32\/100\n|move|p1a: Dondozo|Wave Crash|p2b: Dondozo\n|-resisted|p2b: Dondozo\n|-end|p2b: Dondozo|Substitute\n|-damage|p1a: Dondozo|85\/100|[from] Recoil|[of] p2b: Dondozo\n|\n|-heal|p2b: Dondozo|94\/100|[from] item: Leftovers\n|-heal|p1a: Dondozo|91\/100|[from] item: Leftovers\n|upkeep\n|turn|5\n|\n|t:|1738931458\n|move|p2b: Dondozo|Protect|p2b: Dondozo\n|-singleturn|p2b: Dondozo|Protect\n|move|p1b: Roaring Moon|Knock Off|p2b: Dondozo\n|-activate|p2b: Dondozo|move: Protect\n|move|p1a: Dondozo|Substitute|p1a: Dondozo\n|-start|p1a: Dondozo|Substitute\n|-damage|p1a: Dondozo|66\/100\n|\n|-heal|p2b: Dondozo|99\/100|[from] item: Leftovers\n|-heal|p1a: Dondozo|72\/100|[from] item: Leftovers\n|upkeep\n|turn|6\n|-message|stbai forfeited.\n|\n|win|cobalt_poke\n|raw|cobalt_poke's rating: 1632 &rarr; <strong>1654<\/strong><br \/>(+22 for winning)\n|raw|stbai's rating: 1671 &rarr; <strong>1649<\/strong><br \/>(-22 for losing)\n|l|\u2606stbai\n|player|p2|\n|l|\u2606cobalt_poke\n|player|p1|\n","uploadtime":1738931665,"views":31,"formatid":"gen9vgc2025regg","rating":1649,"private":0,"password":null}