{"id":"gen9vgc2025regg-2296850739","format":"[Gen 9] VGC 2025 Reg G","players":["Farhaz_VGC","radiantwf4"],"log":"|j|\u2606Farhaz_VGC\n|j|\u203dradiantwf4\n|t:|1739027337\n|gametype|doubles\n|player|p1|Farhaz_VGC|rosa|1615\n|player|p2|radiantwf4|265|1642\n|teamsize|p1|6\n|teamsize|p2|6\n|gen|9\n|tier|[Gen 9] VGC 2025 Reg G\n|rated|\n|rule|Species Clause: Limit one of each Pok\u00e9mon\n|rule|Item Clause: Limit 1 of each item\n|clearpoke\n|poke|p1|Tornadus, L50, M|\n|poke|p1|Urshifu-*, L50, F|\n|poke|p1|Incineroar, L50, M|\n|poke|p1|Landorus-Therian, L50, M|\n|poke|p1|Calyrex-Shadow, L50|\n|poke|p1|Farigiraf, L50, M|\n|poke|p2|Ditto, L50|\n|poke|p2|Whimsicott, L50, M|\n|poke|p2|Calyrex-Ice, L50|\n|poke|p2|Incineroar, L50, F|\n|poke|p2|Landorus, L50, M|\n|poke|p2|Amoonguss, L50, M|\n|teampreview|4\n|inactive|Battle timer is ON: inactive players will automatically lose when time's up. (requested by radiantwf4)\n|j| zacattack110\n|l| zacattack110\n|inactive|Farhaz_VGC has 60 seconds left.\n|\n|t:|1739027370\n|start\n|switch|p1a: Tornadus|Tornadus, L50, M|100\/100\n|switch|p1b: Urshifu|Urshifu, L50, F|100\/100\n|switch|p2a: Whimsicott|Whimsicott, L50, M|100\/100\n|switch|p2b: Calyrex|Calyrex-Ice, L50|100\/100\n|-ability|p2b: Calyrex|As One\n|-ability|p2b: Calyrex|Unnerve\n|turn|1\n|\n|t:|1739027382\n|-terastallize|p2b: Calyrex|Water\n|move|p2a: Whimsicott|Endeavor|p1b: Urshifu\n|-damage|p1b: Urshifu|69\/100\n|move|p1b: Urshifu|Wicked Blow|p2b: Calyrex\n|-crit|p2b: Calyrex\n|-damage|p2b: Calyrex|54\/100\n|move|p1a: Tornadus|Bleakwind Storm|p2b: Calyrex|[spread] p2a,p2b\n|-supereffective|p2a: Whimsicott\n|-damage|p2a: Whimsicott|10\/100\n|-damage|p2b: Calyrex|28\/100\n|move|p2b: Calyrex|Glacial Lance|p1b: Urshifu|[spread] p1a,p1b\n|-supereffective|p1a: Tornadus\n|-damage|p1a: Tornadus|0 fnt\n|-damage|p1b: Urshifu|9\/100\n|faint|p1a: Tornadus\n|-ability|p2b: Calyrex|Chilling Neigh|boost\n|-boost|p2b: Calyrex|atk|1\n|\n|upkeep\n|inactive|Farhaz_VGC has 30 seconds left.\n|\n|t:|1739027408\n|switch|p1a: Incineroar|Incineroar, L50, M|100\/100\n|-ability|p1a: Incineroar|Intimidate|boost\n|-unboost|p2a: Whimsicott|atk|1\n|-fail|p2b: Calyrex|unboost|[from] item: Clear Amulet|[of] p2b: Calyrex\n|turn|2\n|\n|t:|1739027425\n|switch|p2a: Landorus|Landorus, L50, M|100\/100\n|switch|p2b: Ditto|Ditto, L50|100\/100\n|-transform|p2b: Ditto|p1a: Incineroar|[from] ability: Imposter\n|-ability|p2b: Ditto|Intimidate|boost\n|-unboost|p1a: Incineroar|atk|1\n|-unboost|p1b: Urshifu|atk|1\n|move|p1a: Incineroar|Fake Out|p2a: Landorus\n|-damage|p2a: Landorus|93\/100\n|move|p1b: Urshifu|Wicked Blow|p2b: Ditto\n|-resisted|p2b: Ditto\n|-crit|p2b: Ditto\n|-damage|p2b: Ditto|67\/100\n|\n|upkeep\n|turn|3\n|inactive|Farhaz_VGC has 30 seconds left.\n|inactive|Farhaz_VGC has 20 seconds left.\n|inactive|Farhaz_VGC has 15 seconds left.\n|\n|t:|1739027468\n|-terastallize|p1b: Urshifu|Ghost\n|move|p2b: Ditto|Fake Out|p1b: Urshifu\n|-immune|p1b: Urshifu\n|move|p1b: Urshifu|Close Combat|p2b: Ditto\n|-supereffective|p2b: Ditto\n|-damage|p2b: Ditto|0 fnt\n|-unboost|p1b: Urshifu|def|1\n|-unboost|p1b: Urshifu|spd|1\n|faint|p2b: Ditto\n|move|p2a: Landorus|Sandsear Storm|p1a: Incineroar|[spread] p1a,p1b\n|-supereffective|p1a: Incineroar\n|-damage|p1a: Incineroar|28\/100\n|-damage|p1b: Urshifu|0 fnt\n|-enditem|p1a: Incineroar|Sitrus Berry|[eat]\n|-heal|p1a: Incineroar|53\/100|[from] item: Sitrus Berry\n|faint|p1b: Urshifu\n|move|p1a: Incineroar|Knock Off|p2a: Landorus\n|-damage|p2a: Landorus|65\/100\n|-enditem|p2a: Landorus|Assault Vest|[from] move: Knock Off|[of] p1a: Incineroar\n|\n|upkeep\n|\n|t:|1739027485\n|switch|p1b: Calyrex|Calyrex-Shadow, L50|100\/100\n|switch|p2b: Whimsicott|Whimsicott, L50, M|10\/100\n|-ability|p1b: Calyrex|As One\n|-ability|p1b: Calyrex|Unnerve\n|turn|4\n|\n|t:|1739027510\n|move|p2b: Whimsicott|Tailwind|p2b: Whimsicott\n|-sidestart|p2: radiantwf4|move: Tailwind\n|move|p2a: Landorus|Earth Power|p1a: Incineroar\n|-supereffective|p1a: Incineroar\n|-damage|p1a: Incineroar|0 fnt\n|faint|p1a: Incineroar\n|move|p1b: Calyrex|Astral Barrage|p2a: Landorus|[spread] p2a,p2b\n|-damage|p2a: Landorus|0 fnt\n|-damage|p2b: Whimsicott|0 fnt\n|faint|p2a: Landorus\n|faint|p2b: Whimsicott\n|-ability|p1b: Calyrex|Grim Neigh|boost\n|-boost|p1b: Calyrex|spa|2\n|\n|upkeep\n|\n|t:|1739027516\n|switch|p2b: Calyrex|Calyrex-Ice, L50, tera:Water|28\/100\n|-ability|p2b: Calyrex|As One\n|-ability|p2b: Calyrex|Unnerve\n|turn|5\n|\n|t:|1739027526\n|move|p2b: Calyrex|Glacial Lance|p1b: Calyrex\n|-damage|p1b: Calyrex|20\/100\n|move|p1b: Calyrex|Astral Barrage|p2b: Calyrex\n|-damage|p2b: Calyrex|0 fnt\n|faint|p2b: Calyrex\n|\n|win|Farhaz_VGC\n|raw|Farhaz_VGC's rating: 1615 &rarr; <strong>1637<\/strong><br \/>(+22 for winning)\n|raw|radiantwf4's rating: 1642 &rarr; <strong>1620<\/strong><br \/>(-22 for losing)\n|l|\u203dradiantwf4\n|player|p2|\n|l|\u2606Farhaz_VGC\n|player|p1|\n","uploadtime":1739027757,"views":6,"formatid":"gen9vgc2025regg","rating":1620,"private":0,"password":null}