{"id":"gen9vgc2025regg-2296658599","format":"[Gen 9] VGC 2025 Reg G","players":["Jasondddd","hjx"],"log":"|j|\u2606Jasondddd\n|j|\u2606hjx\n|t:|1738991444\n|gametype|doubles\n|player|p1|Jasondddd|lucas|1551\n|player|p2|hjx|265|1658\n|teamsize|p1|6\n|teamsize|p2|6\n|gen|9\n|tier|[Gen 9] VGC 2025 Reg G\n|rated|\n|rule|Species Clause: Limit one of each Pok\u00e9mon\n|rule|Item Clause: Limit 1 of each item\n|clearpoke\n|poke|p1|Zamazenta-*, L50|\n|poke|p1|Urshifu-*, L50, M|\n|poke|p1|Landorus, L50, M|\n|poke|p1|Flutter Mane, L50|\n|poke|p1|Rillaboom, L50, F|\n|poke|p1|Moltres, L50|\n|poke|p2|Calyrex-Ice, L50|\n|poke|p2|Whimsicott, L50, F|\n|poke|p2|Ditto, L50|\n|poke|p2|Landorus, L50, M|\n|poke|p2|Dondozo, L50, M|\n|poke|p2|Tatsugiri-Droopy, L50, F|\n|teampreview|4\n|inactive|Battle timer is ON: inactive players will automatically lose when time's up. (requested by hjx)\nhjx rejected open team sheets.\n|inactive|Jasondddd has 60 seconds left.\n|\n|t:|1738991503\n|start\n|switch|p1a: Landorus|Landorus, L50, M|100\/100\n|switch|p1b: Moltres|Moltres, L50|100\/100\n|switch|p2a: Whimsicott|Whimsicott, L50, F|100\/100\n|switch|p2b: Calyrex|Calyrex-Ice, L50|100\/100\n|-ability|p2b: Calyrex|As One\n|-ability|p2b: Calyrex|Unnerve\n|turn|1\n|\n|t:|1738991526\n|move|p2a: Whimsicott|Misty Terrain|p2a: Whimsicott\n|-fieldstart|move: Misty Terrain\n|move|p1a: Landorus|Earth Power|p2b: Calyrex\n|-damage|p2b: Calyrex|74\/100\n|move|p1b: Moltres|Heat Wave|p2a: Whimsicott|[spread] p2a,p2b\n|-supereffective|p2a: Whimsicott\n|-supereffective|p2b: Calyrex\n|-damage|p2a: Whimsicott|11\/100\n|-damage|p2b: Calyrex|43\/100\n|move|p2b: Calyrex|Glacial Lance|p1b: Moltres|[spread] p1a,p1b\n|-supereffective|p1a: Landorus\n|-enditem|p1a: Landorus|Focus Sash\n|-damage|p1a: Landorus|1\/100\n|-damage|p1b: Moltres|49\/100\n|\n|upkeep\n|turn|2\n|inactive|Jasondddd has 30 seconds left.\n|\n|t:|1738991556\n|switch|p1a: Zamazenta|Zamazenta-Crowned, L50|100\/100\n|-ability|p1a: Zamazenta|Dauntless Shield|boost\n|-boost|p1a: Zamazenta|def|1\n|move|p2a: Whimsicott|Tailwind|p2a: Whimsicott\n|-sidestart|p2: hjx|move: Tailwind\n|move|p2b: Calyrex|Glacial Lance|p1a: Zamazenta|[spread] p1a,p1b\n|-resisted|p1a: Zamazenta\n|-damage|p1a: Zamazenta|90\/100\n|-damage|p1b: Moltres|0 fnt\n|faint|p1b: Moltres\n|-ability|p2b: Calyrex|Chilling Neigh|boost\n|-boost|p2b: Calyrex|atk|1\n|\n|upkeep\n|\n|t:|1738991569\n|switch|p1b: Rillaboom|Rillaboom, L50, F|100\/100\n|-fieldstart|move: Grassy Terrain|[from] ability: Grassy Surge|[of] p1b: Rillaboom\n|turn|3\n|\n|t:|1738991588\n|move|p2a: Whimsicott|Misty Terrain|p2a: Whimsicott\n|-fieldstart|move: Misty Terrain\n|move|p1a: Zamazenta|Body Press|p2b: Calyrex\n|-damage|p2b: Calyrex|0 fnt\n|faint|p2b: Calyrex\n|move|p1b: Rillaboom|Grassy Glide|p2a: Whimsicott\n|-resisted|p2a: Whimsicott\n|-damage|p2a: Whimsicott|0 fnt\n|-damage|p1b: Rillaboom|84\/100|[from] item: Rocky Helmet|[of] p2a: Whimsicott\n|faint|p2a: Whimsicott\n|\n|upkeep\n|\n|t:|1738991595\n|switch|p2a: Landorus|Landorus, L50, M|100\/100\n|switch|p2b: Ditto|Ditto, L50|100\/100\n|-transform|p2b: Ditto|p1a: Zamazenta|[from] ability: Imposter\n|-ability|p2b: Ditto|Dauntless Shield|boost\n|-boost|p2b: Ditto|def|1\n|turn|4\n|\n|t:|1738991618\n|-terastallize|p1a: Zamazenta|Dragon\n|move|p2b: Ditto|Body Press|p1a: Zamazenta\n|-damage|p1a: Zamazenta|53\/100\n|move|p2a: Landorus|Sludge Bomb|p1b: Rillaboom\n|-supereffective|p1b: Rillaboom\n|-damage|p1b: Rillaboom|34\/100\n|move|p1a: Zamazenta|Body Press|p2b: Ditto\n|-supereffective|p2b: Ditto\n|-damage|p2b: Ditto|49\/100\n|move|p1b: Rillaboom|U-turn|p2a: Landorus\n|-resisted|p2a: Landorus\n|-damage|p2a: Landorus|88\/100\n|\n|t:|1738991632\n|switch|p1b: Landorus|Landorus, L50, M|1\/100|[from] U-turn\n|\n|upkeep\n|turn|5\n|\n|t:|1738991655\n|move|p1a: Zamazenta|Protect|p1a: Zamazenta\n|-singleturn|p1a: Zamazenta|Protect\n|move|p2b: Ditto|Body Press|p1a: Zamazenta\n|-activate|p1a: Zamazenta|move: Protect\n|move|p2a: Landorus|Sludge Bomb|p1b: Landorus\n|-resisted|p1b: Landorus\n|-damage|p1b: Landorus|0 fnt\n|faint|p1b: Landorus\n|\n|-sideend|p2: hjx|move: Tailwind\n|upkeep\n|\n|t:|1738991667\n|switch|p1b: Rillaboom|Rillaboom, L50, F|34\/100\n|-fieldstart|move: Grassy Terrain|[from] ability: Grassy Surge|[of] p1b: Rillaboom\n|turn|6\n|\n|t:|1738991677\n|move|p2b: Ditto|Protect|p2b: Ditto\n|-singleturn|p2b: Ditto|Protect\n|move|p2a: Landorus|Protect|p2a: Landorus\n|-singleturn|p2a: Landorus|Protect\n|move|p1b: Rillaboom|Fake Out|p2a: Landorus\n|-activate|p2a: Landorus|move: Protect\n|move|p1a: Zamazenta|Body Press|p2b: Ditto\n|-activate|p2b: Ditto|move: Protect\n|\n|-heal|p1a: Zamazenta|59\/100|[from] Grassy Terrain\n|-heal|p2b: Ditto|55\/100|[from] Grassy Terrain\n|-heal|p1b: Rillaboom|39\/100|[from] Grassy Terrain\n|upkeep\n|turn|7\n|\n|t:|1738991696\n|move|p1b: Rillaboom|Grassy Glide|p2a: Landorus\n|-damage|p2a: Landorus|50\/100\n|move|p1a: Zamazenta|Body Press|p2b: Ditto\n|-supereffective|p2b: Ditto\n|-damage|p2b: Ditto|7\/100\n|move|p2b: Ditto|Body Press|p1a: Zamazenta\n|-damage|p1a: Zamazenta|17\/100\n|move|p2a: Landorus|Sludge Bomb|p1b: Rillaboom\n|-supereffective|p1b: Rillaboom\n|-damage|p1b: Rillaboom|0 fnt\n|faint|p1b: Rillaboom\n|\n|-heal|p2b: Ditto|13\/100|[from] Grassy Terrain\n|-heal|p1a: Zamazenta|22\/100|[from] Grassy Terrain\n|upkeep\n|turn|8\n|-message|Jasondddd forfeited.\n|\n|win|hjx\n|raw|Jasondddd's rating: 1551 &rarr; <strong>1537<\/strong><br \/>(-14 for losing)\n|raw|hjx's rating: 1658 &rarr; <strong>1672<\/strong><br \/>(+14 for winning)\n|l|\u2606hjx\n|player|p2|\n|l|\u2606Jasondddd\n|player|p1|\n","uploadtime":1738991717,"views":6,"formatid":"gen9vgc2025regg","rating":1537,"private":0,"password":null}