{"id":"gen9vgc2025regg-2296266131","format":"[Gen 9] VGC 2025 Reg G","players":["Yagamoth","Beccca"],"log":"|j|\u2606Yagamoth\n|j|\u2606Beccca\n|t:|1738944744\n|gametype|doubles\n|player|p1|Yagamoth|janitor|1579\n|player|p2|Beccca|102|1664\n|teamsize|p1|6\n|teamsize|p2|6\n|gen|9\n|tier|[Gen 9] VGC 2025 Reg G\n|rated|\n|rule|Species Clause: Limit one of each Pok\u00e9mon\n|rule|Item Clause: Limit 1 of each item\n|clearpoke\n|poke|p1|Kyogre, L50|\n|poke|p1|Incineroar, L50, F|\n|poke|p1|Wo-Chien, L50|\n|poke|p1|Grimmsnarl, L50, M|\n|poke|p1|Sandy Shocks, L50|\n|poke|p1|Urshifu-*, L50, F|\n|poke|p2|Zamazenta-*, L50|\n|poke|p2|Chien-Pao, L50|\n|poke|p2|Tyranitar, L50, F|\n|poke|p2|Landorus, L50, M|\n|poke|p2|Amoonguss, L50, F|\n|poke|p2|Flutter Mane, L50|\n|teampreview|4\n|\n|t:|1738944777\n|start\n|switch|p1a: Incineroar|Incineroar, L50, F|100\/100\n|switch|p1b: Urshifu|Urshifu-Rapid-Strike, L50, F|100\/100\n|switch|p2a: Flutter Mane|Flutter Mane, L50|100\/100\n|switch|p2b: Chien-Pao|Chien-Pao, L50|100\/100\n|-ability|p2b: Chien-Pao|Sword of Ruin\n|-ability|p1a: Incineroar|Intimidate|boost\n|-unboost|p2a: Flutter Mane|atk|1\n|-unboost|p2b: Chien-Pao|atk|1\n|-enditem|p2a: Flutter Mane|Booster Energy\n|-activate|p2a: Flutter Mane|ability: Protosynthesis|[fromitem]\n|-start|p2a: Flutter Mane|protosynthesisspe\n|turn|1\n|\n|t:|1738944799\n|switch|p2b: Zamazenta|Zamazenta-Crowned, L50|100\/100\n|-ability|p2b: Zamazenta|Dauntless Shield|boost\n|-boost|p2b: Zamazenta|def|1\n|move|p1b: Urshifu|Detect|p1b: Urshifu\n|-singleturn|p1b: Urshifu|Protect\n|move|p2a: Flutter Mane|Moonblast|p1b: Urshifu\n|-activate|p1b: Urshifu|move: Protect\n|move|p1a: Incineroar|Parting Shot|p2a: Flutter Mane\n|-unboost|p2a: Flutter Mane|atk|1\n|-unboost|p2a: Flutter Mane|spa|1\n|inactive|Battle timer is ON: inactive players will automatically lose when time's up. (requested by Beccca)\n|\n|t:|1738944814\n|switch|p1a: Kyogre|Kyogre, L50|100\/100|[from] Parting Shot\n|-weather|RainDance|[from] ability: Drizzle|[of] p1a: Kyogre\n|\n|-weather|RainDance|[upkeep]\n|upkeep\n|turn|2\n|\n|t:|1738944836\n|-terastallize|p2b: Zamazenta|Dragon\n|move|p2a: Flutter Mane|Moonblast|p1b: Urshifu\n|-supereffective|p1b: Urshifu\n|-damage|p1b: Urshifu|17\/100\n|move|p2b: Zamazenta|Body Press|p1b: Urshifu\n|-damage|p1b: Urshifu|0 fnt\n|faint|p1b: Urshifu\n|move|p1a: Kyogre|Water Spout|p2a: Flutter Mane|[spread] p2a,p2b\n|-resisted|p2b: Zamazenta\n|-damage|p2a: Flutter Mane|23\/100\n|-damage|p2b: Zamazenta|63\/100\n|\n|-weather|RainDance|[upkeep]\n|upkeep\n|\n|t:|1738944846\n|switch|p1b: Wo-Chien|Wo-Chien, L50|100\/100\n|-ability|p1b: Wo-Chien|Tablets of Ruin\n|turn|3\n|inactive|Beccca has 30 seconds left.\n|\n|t:|1738944881\n|-terastallize|p1b: Wo-Chien|Poison\n|move|p2a: Flutter Mane|Moonblast|p1a: Kyogre\n|-damage|p1a: Kyogre|87\/100\n|-unboost|p1a: Kyogre|spa|1\n|move|p2b: Zamazenta|Body Press|p1a: Kyogre\n|-crit|p1a: Kyogre\n|-damage|p1a: Kyogre|25\/100\n|move|p1b: Wo-Chien|Pollen Puff|p1a: Kyogre\n|-heal|p1a: Kyogre|75\/100\n|move|p1a: Kyogre|Ice Beam|p2b: Zamazenta\n|-supereffective|p2b: Zamazenta\n|-damage|p2b: Zamazenta|28\/100\n|\n|-weather|RainDance|[upkeep]\n|upkeep\n|turn|4\n|inactive|Yagamoth has 30 seconds left.\n|inactive|Yagamoth has 20 seconds left.\n|\n|t:|1738944917\n|switch|p1a: Incineroar|Incineroar, L50, F|100\/100\n|-ability|p1a: Incineroar|Intimidate|boost\n|-unboost|p2a: Flutter Mane|atk|1\n|-unboost|p2b: Zamazenta|atk|1\n|move|p2a: Flutter Mane|Moonblast|p1a: Incineroar\n|-damage|p1a: Incineroar|74\/100\n|move|p2b: Zamazenta|Body Press|p1a: Incineroar\n|-supereffective|p1a: Incineroar\n|-damage|p1a: Incineroar|0 fnt\n|faint|p1a: Incineroar\n|move|p1b: Wo-Chien|Leech Seed|p2b: Zamazenta|[miss]\n|-miss|p1b: Wo-Chien|p2b: Zamazenta\n|\n|-weather|RainDance|[upkeep]\n|upkeep\n|\n|t:|1738944927\n|switch|p1a: Kyogre|Kyogre, L50|75\/100\n|turn|5\n|\n|t:|1738944938\n|move|p2a: Flutter Mane|Moonblast|p1a: Kyogre\n|-damage|p1a: Kyogre|61\/100\n|-unboost|p1a: Kyogre|spa|1\n|move|p2b: Zamazenta|Body Press|p1a: Kyogre\n|-damage|p1a: Kyogre|13\/100\n|move|p1b: Wo-Chien|Pollen Puff|p1a: Kyogre\n|-heal|p1a: Kyogre|63\/100\n|move|p1a: Kyogre|Water Spout|p2a: Flutter Mane|[spread] p2a,p2b\n|-resisted|p2b: Zamazenta\n|-damage|p2a: Flutter Mane|0 fnt\n|-damage|p2b: Zamazenta|12\/100\n|faint|p2a: Flutter Mane\n|-end|p2a: Flutter Mane|Protosynthesis|[silent]\n|\n|-weather|none\n|upkeep\n|j| uppercut vgc\n|\n|t:|1738944957\n|switch|p2a: Chien-Pao|Chien-Pao, L50|100\/100\n|-ability|p2a: Chien-Pao|Sword of Ruin\n|turn|6\n|\n|t:|1738944972\n|move|p2a: Chien-Pao|Ice Spinner|p1b: Wo-Chien\n|-damage|p1b: Wo-Chien|68\/100\n|move|p2b: Zamazenta|Body Press|p1a: Kyogre\n|-damage|p1a: Kyogre|9\/100\n|move|p1b: Wo-Chien|Leech Seed|p2a: Chien-Pao\n|-start|p2a: Chien-Pao|move: Leech Seed\n|move|p1a: Kyogre|Origin Pulse|p2a: Chien-Pao|[spread] p2b\n|-miss|p1a: Kyogre|p2a: Chien-Pao\n|-resisted|p2b: Zamazenta\n|-damage|p2b: Zamazenta|0 fnt\n|faint|p2b: Zamazenta\n|\n|-heal|p1b: Wo-Chien|74\/100|[from] item: Leftovers\n|-damage|p2a: Chien-Pao|88\/100|[from] Leech Seed|[of] p1b: Wo-Chien\n|-heal|p1b: Wo-Chien|84\/100|[silent]\n|upkeep\n|\n|t:|1738944986\n|switch|p2b: Tyranitar|Tyranitar, L50, F|100\/100\n|-weather|Sandstorm|[from] ability: Sand Stream|[of] p2b: Tyranitar\n|turn|7\n|l| uppercut vgc\n|\n|t:|1738944998\n|move|p2a: Chien-Pao|Throat Chop|p1a: Kyogre\n|-damage|p1a: Kyogre|0 fnt\n|faint|p1a: Kyogre\n|move|p1b: Wo-Chien|Leech Seed|p2b: Tyranitar\n|-start|p2b: Tyranitar|move: Leech Seed\n|move|p2b: Tyranitar|Knock Off|p1b: Wo-Chien\n|-damage|p1b: Wo-Chien|39\/100\n|-enditem|p1b: Wo-Chien|Leftovers|[from] move: Knock Off|[of] p2b: Tyranitar\n|\n|-weather|Sandstorm|[upkeep]\n|-damage|p1b: Wo-Chien|32\/100|[from] Sandstorm\n|-damage|p2a: Chien-Pao|76\/100|[from] Leech Seed|[of] p1b: Wo-Chien\n|-heal|p1b: Wo-Chien|42\/100|[silent]\n|-damage|p2b: Tyranitar|88\/100|[from] Leech Seed|[of] p1b: Wo-Chien\n|-heal|p1b: Wo-Chien|55\/100|[silent]\n|upkeep\n|turn|8\n|\n|t:|1738945019\n|move|p1b: Wo-Chien|Protect|p1b: Wo-Chien\n|-singleturn|p1b: Wo-Chien|Protect\n|move|p2a: Chien-Pao|Throat Chop|p1b: Wo-Chien\n|-activate|p1b: Wo-Chien|move: Protect\n|move|p2b: Tyranitar|Rock Slide|p1b: Wo-Chien\n|-activate|p1b: Wo-Chien|move: Protect\n|\n|-weather|Sandstorm|[upkeep]\n|-damage|p1b: Wo-Chien|49\/100|[from] Sandstorm\n|-damage|p2a: Chien-Pao|64\/100|[from] Leech Seed|[of] p1b: Wo-Chien\n|-heal|p1b: Wo-Chien|59\/100|[silent]\n|-damage|p2b: Tyranitar|76\/100|[from] Leech Seed|[of] p1b: Wo-Chien\n|-heal|p1b: Wo-Chien|72\/100|[silent]\n|upkeep\n|turn|9\n|\n|t:|1738945033\n|move|p2a: Chien-Pao|Throat Chop|p1b: Wo-Chien\n|-damage|p1b: Wo-Chien|37\/100\n|-start|p1b: Wo-Chien|Throat Chop|[silent]\n|move|p1b: Wo-Chien|Pollen Puff|p2a: Chien-Pao\n|-supereffective|p2a: Chien-Pao\n|-damage|p2a: Chien-Pao|0 fnt\n|faint|p2a: Chien-Pao\n|move|p2b: Tyranitar|Rock Slide|p1b: Wo-Chien\n|-damage|p1b: Wo-Chien|10\/100\n|\n|-weather|Sandstorm|[upkeep]\n|-damage|p1b: Wo-Chien|4\/100|[from] Sandstorm\n|-damage|p2b: Tyranitar|64\/100|[from] Leech Seed|[of] p1b: Wo-Chien\n|-heal|p1b: Wo-Chien|17\/100|[silent]\n|upkeep\n|turn|10\n|\n|t:|1738945050\n|move|p1b: Wo-Chien|Protect|p1b: Wo-Chien\n|-singleturn|p1b: Wo-Chien|Protect\n|move|p2b: Tyranitar|Rock Slide|p1b: Wo-Chien\n|-activate|p1b: Wo-Chien|move: Protect\n|\n|-weather|Sandstorm|[upkeep]\n|-damage|p1b: Wo-Chien|11\/100|[from] Sandstorm\n|-damage|p2b: Tyranitar|51\/100|[from] Leech Seed|[of] p1b: Wo-Chien\n|-heal|p1b: Wo-Chien|24\/100|[silent]\n|-end|p1b: Wo-Chien|Throat Chop|[silent]\n|upkeep\n|turn|11\n|\n|t:|1738945060\n|move|p1b: Wo-Chien|Protect||[still]\n|-fail|p1b: Wo-Chien\n|move|p2b: Tyranitar|Rock Slide|p1b: Wo-Chien\n|-damage|p1b: Wo-Chien|2\/100\n|\n|-weather|none\n|-damage|p2b: Tyranitar|39\/100|[from] Leech Seed|[of] p1b: Wo-Chien\n|-heal|p1b: Wo-Chien|15\/100|[silent]\n|upkeep\n|turn|12\n|\n|t:|1738945078\n|move|p1b: Wo-Chien|Protect|p1b: Wo-Chien\n|-singleturn|p1b: Wo-Chien|Protect\n|move|p2b: Tyranitar|Rock Slide|p1b: Wo-Chien\n|-activate|p1b: Wo-Chien|move: Protect\n|\n|-damage|p2b: Tyranitar|27\/100|[from] Leech Seed|[of] p1b: Wo-Chien\n|-heal|p1b: Wo-Chien|28\/100|[silent]\n|upkeep\n|turn|13\n|\n|t:|1738945088\n|move|p1b: Wo-Chien|Pollen Puff|p2b: Tyranitar\n|-supereffective|p2b: Tyranitar\n|-damage|p2b: Tyranitar|4\/100\n|move|p2b: Tyranitar|Rock Slide|p1b: Wo-Chien\n|-damage|p1b: Wo-Chien|3\/100\n|\n|-damage|p2b: Tyranitar|0 fnt|[from] Leech Seed|[of] p1b: Wo-Chien\n|-heal|p1b: Wo-Chien|6\/100|[silent]\n|faint|p2b: Tyranitar\n|\n|win|Yagamoth\n|upkeep\n|raw|Yagamoth's rating: 1579 &rarr; <strong>1604<\/strong><br \/>(+25 for winning)\n|raw|Beccca's rating: 1664 &rarr; <strong>1639<\/strong><br \/>(-25 for losing)\n|l|\u2606Beccca\n|player|p2|\n|l|\u2606Yagamoth\n|player|p1|\n","uploadtime":1738945275,"views":5,"formatid":"gen9vgc2025regg","rating":1604,"private":0,"password":null}