{"id":"gen9vgc2025regg-2296256606","format":"[Gen 9] VGC 2025 Reg G","players":["Grimmjane","xatseye"],"log":"|j|\u2606Grimmjane\n|j|\u2606xatseye\n|t:|1738943764\n|gametype|doubles\n|player|p1|Grimmjane|169|1551\n|player|p2|xatseye|265|1512\n|teamsize|p1|6\n|teamsize|p2|6\n|gen|9\n|tier|[Gen 9] VGC 2025 Reg G\n|rated|\n|rule|Species Clause: Limit one of each Pok\u00e9mon\n|rule|Item Clause: Limit 1 of each item\n|clearpoke\n|poke|p1|Zacian-*, L50|\n|poke|p1|Entei, L50|\n|poke|p1|Araquanid, L50, M|\n|poke|p1|Brute Bonnet, L50|\n|poke|p1|Tornadus, L50, M|\n|poke|p1|Ditto, L50|\n|poke|p2|Miraidon, L50|\n|poke|p2|Incineroar, L50, F|\n|poke|p2|Oranguru, L50, M|\n|poke|p2|Amoonguss, L50, M|\n|poke|p2|Grimmsnarl, L50, M|\n|poke|p2|Urshifu-*, L50, F|\n|teampreview|4\n|inactive|Battle timer is ON: inactive players will automatically lose when time's up. (requested by xatseye)\n|inactive|xatseye has 60 seconds left.\n|\n|t:|1738943800\n|start\n|switch|p1a: Tornadus|Tornadus, L50, M|100\/100\n|switch|p1b: Araquanid|Araquanid, L50, M|100\/100\n|switch|p2a: Miraidon|Miraidon, L50|100\/100\n|switch|p2b: Oranguru|Oranguru, L50, M|100\/100\n|-fieldstart|move: Electric Terrain|[from] ability: Hadron Engine|[of] p2a: Miraidon\n|-enditem|p2a: Miraidon|Electric Seed\n|-boost|p2a: Miraidon|def|1|[from] item: Electric Seed\n|-activate|p2b: Oranguru|ability: Symbiosis|Covert Cloak|[of] p2a: Miraidon\n|turn|1\n|\n|t:|1738943825\n|-terastallize|p1b: Araquanid|Grass\n|move|p1a: Tornadus|Tailwind|p1a: Tornadus\n|-sidestart|p1: Grimmjane|move: Tailwind\n|move|p2a: Miraidon|Calm Mind|p2a: Miraidon\n|-boost|p2a: Miraidon|spa|1\n|-boost|p2a: Miraidon|spd|1\n|move|p1b: Araquanid|Leech Life|p2b: Oranguru\n|-supereffective|p2b: Oranguru\n|-damage|p2b: Oranguru|45\/100\n|move|p2b: Oranguru|Instruct|p2a: Miraidon\n|-singleturn|p2a: Miraidon|move: Instruct|[of] p2b: Oranguru\n|move|p2a: Miraidon|Calm Mind|p2a: Miraidon\n|-boost|p2a: Miraidon|spa|1\n|-boost|p2a: Miraidon|spd|1\n|\n|upkeep\n|turn|2\n|\n|t:|1738943845\n|move|p1b: Araquanid|Protect|p1b: Araquanid\n|-singleturn|p1b: Araquanid|Protect\n|move|p1a: Tornadus|Bleakwind Storm|p2a: Miraidon|[spread] p2a,p2b\n|-resisted|p2a: Miraidon\n|-damage|p2a: Miraidon|93\/100\n|-damage|p2b: Oranguru|20\/100\n|move|p2a: Miraidon|Dragon Pulse|p1b: Araquanid\n|-activate|p1b: Araquanid|move: Protect\n|move|p2b: Oranguru|Instruct|p2a: Miraidon\n|-singleturn|p2a: Miraidon|move: Instruct|[of] p2b: Oranguru\n|move|p2a: Miraidon|Dragon Pulse|p1b: Araquanid\n|-activate|p1b: Araquanid|move: Protect\n|\n|upkeep\n|turn|3\n|\n|t:|1738943870\n|switch|p1b: Khairo|Zacian-Crowned, L50|100\/100\n|-ability|p1b: Khairo|Intrepid Sword|boost\n|-boost|p1b: Khairo|atk|1\n|move|p1a: Tornadus|Bleakwind Storm|p2a: Miraidon|[spread] p2a,p2b\n|-resisted|p2a: Miraidon\n|-damage|p2a: Miraidon|86\/100\n|-damage|p2b: Oranguru|0 fnt\n|faint|p2b: Oranguru\n|move|p2a: Miraidon|Calm Mind|p2a: Miraidon\n|-boost|p2a: Miraidon|spa|1\n|-boost|p2a: Miraidon|spd|1\n|\n|upkeep\n|j| CSVC\n|j| Baguettezzz\n|\n|t:|1738943880\n|switch|p2b: Incineroar|Incineroar, L50, F|100\/100\n|-ability|p2b: Incineroar|Intimidate|boost\n|-unboost|p1a: Tornadus|atk|1\n|-unboost|p1b: Khairo|atk|1\n|turn|4\n|\n|t:|1738943900\n|move|p1b: Khairo|Protect|p1b: Khairo\n|-singleturn|p1b: Khairo|Protect\n|move|p2b: Incineroar|Fake Out|p1b: Khairo\n|-activate|p1b: Khairo|move: Protect\n|move|p1a: Tornadus|Rain Dance|p1a: Tornadus\n|-weather|RainDance\n|move|p2a: Miraidon|Dragon Pulse|p1a: Tornadus\n|-enditem|p1a: Tornadus|Focus Sash\n|-damage|p1a: Tornadus|1\/100\n|\n|-weather|RainDance|[upkeep]\n|-sideend|p1: Grimmjane|move: Tailwind\n|upkeep\n|turn|5\n|inactive|Grimmjane has 30 seconds left.\n|\n|t:|1738943926\n|switch|p2b: Amoonguss|Amoonguss, L50, M|100\/100\n|-terastallize|p2a: Miraidon|Electric\n|move|p1a: Tornadus|Tailwind|p1a: Tornadus\n|-sidestart|p1: Grimmjane|move: Tailwind\n|move|p1b: Khairo|Play Rough|p2b: Amoonguss\n|-resisted|p2b: Amoonguss\n|-damage|p2b: Amoonguss|77\/100\n|-damage|p1b: Khairo|84\/100|[from] item: Rocky Helmet|[of] p2b: Amoonguss\n|move|p2a: Miraidon|Parabolic Charge|p1b: Khairo|[spread] p2b,p1a,p1b\n|-resisted|p2b: Amoonguss\n|-supereffective|p1a: Tornadus\n|-damage|p2b: Amoonguss|24\/100\n|-heal|p2a: Miraidon|100\/100|[from] drain|[of] p2b: Amoonguss\n|-damage|p1a: Tornadus|0 fnt\n|-damage|p1b: Khairo|0 fnt\n|faint|p1a: Tornadus\n|faint|p1b: Khairo\n|\n|-weather|RainDance|[upkeep]\n|-fieldend|move: Electric Terrain\n|upkeep\n|\n|t:|1738943944\n|switch|p1b: Ditto|Ditto, L50|100\/100\n|switch|p1a: Araquanid|Araquanid, L50, M, tera:Grass|100\/100\n|-transform|p1b: Ditto|p2a: Miraidon|[from] ability: Imposter\n|-fieldstart|move: Electric Terrain|[from] ability: Hadron Engine|[of] p1b: Ditto\n|-start|p1b: Ditto|typechange|Electric\/Dragon|[silent]\n|turn|6\n|inactive|Grimmjane has 30 seconds left.\n|\n|t:|1738943974\n|move|p1a: Araquanid|Wide Guard|p1a: Araquanid\n|-singleturn|p1a: Araquanid|Wide Guard\n|move|p2b: Amoonguss|Rage Powder|p2b: Amoonguss\n|-singleturn|p2b: Amoonguss|move: Rage Powder\n|move|p1b: Ditto|Parabolic Charge|p2a: Miraidon|[spread] p2a,p2b\n|-activate|p1a: Araquanid|move: Wide Guard\n|-resisted|p2a: Miraidon\n|-resisted|p2b: Amoonguss\n|-damage|p2a: Miraidon|85\/100\n|-damage|p2b: Amoonguss|0 fnt\n|faint|p2b: Amoonguss\n|move|p2a: Miraidon|Dragon Pulse|p1b: Ditto\n|-supereffective|p1b: Ditto\n|-damage|p1b: Ditto|0 fnt\n|faint|p1b: Ditto\n|\n|-weather|RainDance|[upkeep]\n|upkeep\n|\n|t:|1738943987\n|switch|p2b: Incineroar|Incineroar, L50, F|100\/100\n|-ability|p2b: Incineroar|Intimidate|boost\n|-fail|p1a: Araquanid|unboost|[from] item: Clear Amulet|[of] p1a: Araquanid\n|turn|7\n|-message|Grimmjane forfeited.\n|\n|win|xatseye\n|raw|Grimmjane's rating: 1551 &rarr; <strong>1529<\/strong><br \/>(-22 for losing)\n|raw|xatseye's rating: 1512 &rarr; <strong>1534<\/strong><br \/>(+22 for winning)\n|l|\u2606Grimmjane\n|player|p1|\n|l|\u2606xatseye\n|player|p2|\n|l| CSVC\n|j| CSVC\n|l| CSVC\n|l| Baguettezzz\n|j| Baguettezzz\n|l| Baguettezzz\n","uploadtime":1738944164,"views":11,"formatid":"gen9vgc2025regg","rating":1529,"private":0,"password":null}