{"id":"gen9vgc2025regg-2296325762","format":"[Gen 9] VGC 2025 Reg G","players":["orudbeck","MisterBanana7"],"log":"|j|\u2606orudbeck\n|j|\u2606MisterBanana7\n|t:|1738950692\n|gametype|doubles\n|player|p1|orudbeck|102|1542\n|player|p2|MisterBanana7|cynthia-gen4|1661\n|teamsize|p1|6\n|teamsize|p2|6\n|gen|9\n|tier|[Gen 9] VGC 2025 Reg G\n|rated|\n|rule|Species Clause: Limit one of each Pok\u00e9mon\n|rule|Item Clause: Limit 1 of each item\n|clearpoke\n|poke|p1|Dialga-Origin, L50|\n|poke|p1|Incineroar, L50, M|\n|poke|p1|Araquanid, L50, F|\n|poke|p1|Toxtricity, L50, F|\n|poke|p1|Urshifu-*, L50, F|\n|poke|p1|Ursaluna, L50, M|\n|poke|p2|Groudon, L50|\n|poke|p2|Scovillain, L50, F|\n|poke|p2|Raging Bolt, L50|\n|poke|p2|Flutter Mane, L50|\n|poke|p2|Hariyama, L50, F|\n|poke|p2|Farigiraf, L50, F|\n|teampreview|4\n|j| numberonebosskfan\n|inactive|Battle timer is ON: inactive players will automatically lose when time's up. (requested by MisterBanana7)\n|\n|t:|1738950726\n|start\n|switch|p1a: Dialga|Dialga-Origin, L50|100\/100\n|switch|p1b: Urshifu|Urshifu-Rapid-Strike, L50, F|100\/100\n|switch|p2a: Groudon|Groudon, L50|100\/100\n|switch|p2b: Scovillain|Scovillain, L50, F|100\/100\n|-weather|SunnyDay|[from] ability: Drought|[of] p2a: Groudon\n|turn|1\n|l| numberonebosskfan\n|inactive|orudbeck has 30 seconds left.\n|\n|t:|1738950758\n|-terastallize|p1a: Dialga|Fairy\n|move|p2b: Scovillain|Spicy Extract|p2a: Groudon\n|-fail|p2a: Groudon|unboost|[from] item: Clear Amulet|[of] p2a: Groudon\n|-boost|p2a: Groudon|atk|2\n|move|p1b: Urshifu|Close Combat|p2a: Groudon\n|-damage|p2a: Groudon|55\/100\n|-unboost|p1b: Urshifu|def|1\n|-unboost|p1b: Urshifu|spd|1\n|move|p2a: Groudon|Precipice Blades|p1a: Dialga|[spread] p1a\n|-miss|p2a: Groudon|p1b: Urshifu\n|-damage|p1a: Dialga|10\/100\n|move|p1a: Dialga|Trick Room|p1a: Dialga\n|-fieldstart|move: Trick Room|[of] p1a: Dialga\n|\n|-weather|SunnyDay|[upkeep]\n|upkeep\n|turn|2\n|\n|t:|1738950783\n|move|p1a: Dialga|Protect|p1a: Dialga\n|-singleturn|p1a: Dialga|Protect\n|move|p2b: Scovillain|Rage Powder|p2b: Scovillain\n|-singleturn|p2b: Scovillain|move: Rage Powder\n|move|p2a: Groudon|Precipice Blades|p1a: Dialga|[spread] p1b\n|-activate|p1a: Dialga|move: Protect\n|-crit|p1b: Urshifu\n|-enditem|p1b: Urshifu|Focus Sash\n|-damage|p1b: Urshifu|1\/100\n|move|p1b: Urshifu|Close Combat|p2b: Scovillain\n|-enditem|p2b: Scovillain|Focus Sash\n|-damage|p2b: Scovillain|1\/100\n|-unboost|p1b: Urshifu|def|1\n|-unboost|p1b: Urshifu|spd|1\n|\n|-weather|SunnyDay|[upkeep]\n|upkeep\n|turn|3\n|\n|t:|1738950808\n|move|p2b: Scovillain|Rage Powder|p2b: Scovillain\n|-singleturn|p2b: Scovillain|move: Rage Powder\n|move|p1a: Dialga|Dragon Pulse|p2b: Scovillain\n|-damage|p2b: Scovillain|0 fnt\n|faint|p2b: Scovillain\n|move|p2a: Groudon|Precipice Blades|p1b: Urshifu|[spread] p1b\n|-miss|p2a: Groudon|p1a: Dialga\n|-damage|p1b: Urshifu|0 fnt\n|faint|p1b: Urshifu\n|\n|-weather|SunnyDay|[upkeep]\n|upkeep\n|\n|t:|1738950821\n|switch|p2b: Hariyama|Hariyama, L50, F|100\/100\n|switch|p1b: Araquanid|Araquanid, L50, F|100\/100\n|turn|4\n|j| coolio1997\n|inactive|MisterBanana7 has 30 seconds left.\n|\n|t:|1738950848\n|switch|p1a: Ursaluna|Ursaluna, L50, M|100\/100\n|move|p2b: Hariyama|Fake Out|p1a: Ursaluna\n|-damage|p1a: Ursaluna|90\/100\n|move|p1b: Araquanid|Liquidation|p2a: Groudon\n|-supereffective|p2a: Groudon\n|-damage|p2a: Groudon|0 fnt\n|faint|p2a: Groudon\n|\n|-weather|SunnyDay|[upkeep]\n|-status|p1a: Ursaluna|brn|[from] item: Flame Orb\n|upkeep\n|\n|t:|1738950857\n|switch|p2a: Flutter Mane|Flutter Mane, L50|100\/100\n|-activate|p2a: Flutter Mane|ability: Protosynthesis\n|-start|p2a: Flutter Mane|protosynthesisspe\n|turn|5\n|j| imstuckat1300\n|j| numberonebosskfan\n|inactive|orudbeck has 30 seconds left.\n|inactive|MisterBanana7 has 30 seconds left.\n|inactive|orudbeck has 20 seconds left.\n|inactive|MisterBanana7 has 20 seconds left.\n|inactive|MisterBanana7 has 15 seconds left.\n|\n|t:|1738950900\n|-terastallize|p2a: Flutter Mane|Fairy\n|move|p1a: Ursaluna|Protect|p1a: Ursaluna\n|-singleturn|p1a: Ursaluna|Protect\n|move|p2b: Hariyama|Close Combat|p1a: Ursaluna\n|-activate|p1a: Ursaluna|move: Protect\n|move|p1b: Araquanid|Scary Face|p2b: Hariyama\n|-unboost|p2b: Hariyama|spe|2\n|move|p2a: Flutter Mane|Moonblast|p1b: Araquanid\n|-damage|p1b: Araquanid|39\/100\n|\n|-weather|none\n|-end|p2a: Flutter Mane|Protosynthesis\n|-damage|p1a: Ursaluna|84\/100 brn|[from] brn\n|-fieldend|move: Trick Room\n|upkeep\n|turn|6\n|inactive|orudbeck has 30 seconds left.\n|inactive|MisterBanana7 has 30 seconds left.\n|inactive|MisterBanana7 has 20 seconds left.\n|inactive|MisterBanana7 has 15 seconds left.\n|\n|t:|1738950943\n|move|p2a: Flutter Mane|Protect|p2a: Flutter Mane\n|-singleturn|p2a: Flutter Mane|Protect\n|move|p1a: Ursaluna|Facade|p2b: Hariyama\n|-damage|p2b: Hariyama|0 fnt\n|-damage|p1a: Ursaluna|68\/100 brn|[from] item: Rocky Helmet|[of] p2b: Hariyama\n|faint|p2b: Hariyama\n|move|p1b: Araquanid|Liquidation|p2a: Flutter Mane\n|-activate|p2a: Flutter Mane|move: Protect\n|\n|-damage|p1a: Ursaluna|62\/100 brn|[from] brn\n|upkeep\n|turn|7\n|\n|t:|1738950961\n|move|p2a: Flutter Mane|Dazzling Gleam|p1b: Araquanid|[spread] p1a,p1b\n|-damage|p1a: Ursaluna|14\/100 brn\n|-damage|p1b: Araquanid|0 fnt\n|faint|p1b: Araquanid\n|move|p1a: Ursaluna|Facade|p2a: Flutter Mane\n|-damage|p2a: Flutter Mane|0 fnt\n|faint|p2a: Flutter Mane\n|-end|p2a: Flutter Mane|Protosynthesis|[silent]\n|\n|win|orudbeck\n|raw|orudbeck's rating: 1542 &rarr; <strong>1569<\/strong><br \/>(+27 for winning)\n|raw|MisterBanana7's rating: 1661 &rarr; <strong>1634<\/strong><br \/>(-27 for losing)\n|l|\u2606MisterBanana7\n|player|p2|\n|l|\u2606orudbeck\n|player|p1|\n|l| coolio1997\n|l| numberonebosskfan\n|l| imstuckat1300\n","uploadtime":1738951221,"views":12,"formatid":"gen9vgc2025regg","rating":1569,"private":0,"password":null}