{"id":"gen9vgc2025regg-2296469489","format":"[Gen 9] VGC 2025 Reg G","players":["xatseye","caZISA"],"log":"|j|\u2606xatseye\n|j|\u2606caZISA\n|t:|1738965687\n|gametype|doubles\n|player|p1|xatseye|265|1563\n|player|p2|caZISA|red|1696\n|teamsize|p1|6\n|teamsize|p2|6\n|gen|9\n|tier|[Gen 9] VGC 2025 Reg G\n|rated|\n|rule|Species Clause: Limit one of each Pok\u00e9mon\n|rule|Item Clause: Limit 1 of each item\n|clearpoke\n|poke|p1|Miraidon, L50|\n|poke|p1|Incineroar, L50, F|\n|poke|p1|Oranguru, L50, M|\n|poke|p1|Grimmsnarl, L50, M|\n|poke|p1|Urshifu-*, L50, F|\n|poke|p1|Clefairy, L50, F|\n|poke|p2|Calyrex-Ice, L50|\n|poke|p2|Urshifu-*, L50, M|\n|poke|p2|Raging Bolt, L50|\n|poke|p2|Rillaboom, L50, F|\n|poke|p2|Torkoal, L50, M|\n|poke|p2|Smeargle, L50, M|\n|teampreview|4\n|inactive|Battle timer is ON: inactive players will automatically lose when time's up. (requested by xatseye)\n|\n|t:|1738965703\n|start\n|switch|p1a: Miraidon|Miraidon, L50|100\/100\n|switch|p1b: Oranguru|Oranguru, L50, M|100\/100\n|switch|p2a: Rillaboom|Rillaboom, L50, F|100\/100\n|switch|p2b: Calyrex|Calyrex-Ice, L50|100\/100\n|-ability|p2b: Calyrex|As One\n|-ability|p2b: Calyrex|Unnerve\n|-fieldstart|move: Electric Terrain|[from] ability: Hadron Engine|[of] p1a: Miraidon\n|-enditem|p1a: Miraidon|Electric Seed\n|-boost|p1a: Miraidon|def|1|[from] item: Electric Seed\n|-activate|p1b: Oranguru|ability: Symbiosis|Covert Cloak|[of] p1a: Miraidon\n|-fieldstart|move: Grassy Terrain|[from] ability: Grassy Surge|[of] p2a: Rillaboom\n|turn|1\n|\n|t:|1738965723\n|-terastallize|p1a: Miraidon|Electric\n|move|p2a: Rillaboom|Fake Out|p1a: Miraidon\n|-damage|p1a: Miraidon|92\/100\n|move|p1a: Miraidon|Calm Mind|p1a: Miraidon\n|-boost|p1a: Miraidon|spa|1\n|-boost|p1a: Miraidon|spd|1\n|move|p1b: Oranguru|Instruct|p1a: Miraidon\n|-singleturn|p1a: Miraidon|move: Instruct|[of] p1b: Oranguru\n|move|p1a: Miraidon|Calm Mind|p1a: Miraidon\n|-boost|p1a: Miraidon|spa|1\n|-boost|p1a: Miraidon|spd|1\n|move|p2b: Calyrex|Glacial Lance|p1a: Miraidon|[spread] p1a,p1b\n|-damage|p1a: Miraidon|56\/100\n|-damage|p1b: Oranguru|40\/100\n|\n|-heal|p1a: Miraidon|62\/100|[from] Grassy Terrain\n|-heal|p1b: Oranguru|46\/100|[from] Grassy Terrain\n|upkeep\n|turn|2\n|\n|t:|1738965740\n|switch|p2a: Smeargle|Smeargle, L50, M|100\/100\n|move|p2b: Calyrex|Protect|p2b: Calyrex\n|-singleturn|p2b: Calyrex|Protect\n|move|p1a: Miraidon|Parabolic Charge|p2a: Smeargle|[spread] p1b,p2a\n|-activate|p2b: Calyrex|move: Protect\n|-damage|p1b: Oranguru|0 fnt\n|-heal|p1a: Miraidon|84\/100|[from] drain|[of] p1b: Oranguru\n|-enditem|p2a: Smeargle|Focus Sash\n|-damage|p2a: Smeargle|1\/100\n|-heal|p1a: Miraidon|100\/100|[from] drain|[of] p2a: Smeargle\n|faint|p1b: Oranguru\n|\n|-heal|p2a: Smeargle|7\/100|[from] Grassy Terrain\n|-ability|p2a: Smeargle|Moody|boost\n|-boost|p2a: Smeargle|atk|2\n|-unboost|p2a: Smeargle|spd|1\n|upkeep\n|\n|t:|1738965759\n|switch|p1b: Incineroar|Incineroar, L50, F|100\/100\n|-ability|p1b: Incineroar|Intimidate|boost\n|-unboost|p2a: Smeargle|atk|1\n|-fail|p2b: Calyrex|unboost|[from] item: Clear Amulet|[of] p2b: Calyrex\n|turn|3\n|\n|t:|1738965776\n|switch|p2b: Rillaboom|Rillaboom, L50, F|100\/100\n|move|p2a: Smeargle|Fake Out|p1b: Incineroar\n|-damage|p1b: Incineroar|95\/100\n|cant|p1b: Incineroar|flinch\n|move|p1a: Miraidon|Parabolic Charge|p2a: Smeargle|[spread] p1b,p2a,p2b\n|-crit|p1b: Incineroar\n|-resisted|p2b: Rillaboom\n|-damage|p1b: Incineroar|14\/100\n|-damage|p2a: Smeargle|0 fnt\n|-damage|p2b: Rillaboom|77\/100\n|-enditem|p1b: Incineroar|Sitrus Berry|[eat]\n|-heal|p1b: Incineroar|39\/100|[from] item: Sitrus Berry\n|faint|p2a: Smeargle\n|\n|-heal|p2b: Rillaboom|83\/100|[from] Grassy Terrain\n|-heal|p1b: Incineroar|45\/100|[from] Grassy Terrain\n|upkeep\n|\n|t:|1738965785\n|switch|p2a: Calyrex|Calyrex-Ice, L50|100\/100\n|-ability|p2a: Calyrex|As One\n|-ability|p2a: Calyrex|Unnerve\n|turn|4\n|\n|t:|1738965801\n|switch|p1b: Clefairy|Clefairy, L50, F|100\/100\n|move|p2b: Rillaboom|Fake Out|p1b: Clefairy\n|-damage|p1b: Clefairy|88\/100\n|move|p1a: Miraidon|Calm Mind|p1a: Miraidon\n|-boost|p1a: Miraidon|spa|1\n|-boost|p1a: Miraidon|spd|1\n|move|p2a: Calyrex|Trick Room|p2a: Calyrex\n|-fieldstart|move: Trick Room|[of] p2a: Calyrex\n|\n|-heal|p1b: Clefairy|94\/100|[from] Grassy Terrain\n|-heal|p2b: Rillaboom|89\/100|[from] Grassy Terrain\n|upkeep\n|turn|5\n|inactive|xatseye has 30 seconds left.\n|\n|t:|1738965827\n|-terastallize|p2b: Rillaboom|Grass\n|move|p2a: Calyrex|Protect|p2a: Calyrex\n|-singleturn|p2a: Calyrex|Protect\n|move|p1b: Clefairy|After You|p1a: Miraidon\n|-activate|p1a: Miraidon|move: After You\n|move|p1a: Miraidon|Dragon Pulse|p2a: Calyrex\n|-activate|p2a: Calyrex|move: Protect\n|move|p2b: Rillaboom|Wood Hammer|p1a: Miraidon\n|-damage|p1a: Miraidon|51\/100\n|-damage|p2b: Rillaboom|73\/100|[from] Recoil\n|\n|-heal|p1b: Clefairy|99\/100|[from] Grassy Terrain\n|-heal|p2b: Rillaboom|79\/100|[from] Grassy Terrain\n|-heal|p1a: Miraidon|57\/100|[from] Grassy Terrain\n|-fieldend|move: Grassy Terrain\n|upkeep\n|turn|6\n|\n|t:|1738965844\n|move|p1a: Miraidon|Protect|p1a: Miraidon\n|-singleturn|p1a: Miraidon|Protect\n|move|p1b: Clefairy|Heal Pulse|p1a: Miraidon\n|-activate|p1a: Miraidon|move: Protect\n|move|p2a: Calyrex|Glacial Lance|p1b: Clefairy|[spread] p1b\n|-activate|p1a: Miraidon|move: Protect\n|-damage|p1b: Clefairy|41\/100\n|move|p2b: Rillaboom|Wood Hammer|p1a: Miraidon\n|-activate|p1a: Miraidon|move: Protect\n|\n|upkeep\n|turn|7\n|\n|t:|1738965858\n|move|p1b: Clefairy|After You|p1a: Miraidon\n|-activate|p1a: Miraidon|move: After You\n|move|p1a: Miraidon|Parabolic Charge|p2a: Calyrex|[spread] p1b,p2a,p2b\n|-resisted|p2b: Rillaboom\n|-damage|p1b: Clefairy|0 fnt\n|-heal|p1a: Miraidon|75\/100|[from] drain|[of] p1b: Clefairy\n|-damage|p2a: Calyrex|44\/100\n|-heal|p1a: Miraidon|100\/100|[from] drain|[of] p2a: Calyrex\n|-damage|p2b: Rillaboom|49\/100\n|faint|p1b: Clefairy\n|move|p2a: Calyrex|Glacial Lance|p1a: Miraidon\n|-damage|p1a: Miraidon|54\/100\n|move|p2b: Rillaboom|Wood Hammer|p1a: Miraidon\n|-damage|p1a: Miraidon|6\/100\n|-damage|p2b: Rillaboom|33\/100|[from] Recoil\n|\n|upkeep\n|\n|t:|1738965873\n|switch|p1b: Incineroar|Incineroar, L50, F|45\/100\n|-ability|p1b: Incineroar|Intimidate|boost\n|-fail|p2a: Calyrex|unboost|[from] item: Clear Amulet|[of] p2a: Calyrex\n|-unboost|p2b: Rillaboom|atk|1\n|turn|8\n|\n|t:|1738965895\n|switch|p2b: Torkoal|Torkoal, L50, M|100\/100\n|-weather|SunnyDay|[from] ability: Drought|[of] p2b: Torkoal\n|move|p1a: Miraidon|Protect|p1a: Miraidon\n|-singleturn|p1a: Miraidon|Protect\n|move|p1b: Incineroar|Fake Out|p2a: Calyrex\n|-damage|p2a: Calyrex|37\/100\n|cant|p2a: Calyrex|flinch\n|\n|-weather|SunnyDay|[upkeep]\n|-fieldend|move: Trick Room\n|upkeep\n|turn|9\n|\n|t:|1738965911\n|switch|p2b: Rillaboom|Rillaboom, L50, F, tera:Grass|33\/100\n|-fieldstart|move: Grassy Terrain|[from] ability: Grassy Surge|[of] p2b: Rillaboom\n|move|p2a: Calyrex|Protect|p2a: Calyrex\n|-singleturn|p2a: Calyrex|Protect\n|move|p1a: Miraidon|Parabolic Charge|p2a: Calyrex|[spread] p1b,p2b\n|-activate|p2a: Calyrex|move: Protect\n|-resisted|p2b: Rillaboom\n|-damage|p1b: Incineroar|0 fnt\n|-heal|p1a: Miraidon|28\/100|[from] drain|[of] p1b: Incineroar\n|-damage|p2b: Rillaboom|5\/100\n|-heal|p1a: Miraidon|42\/100|[from] drain|[of] p2b: Rillaboom\n|faint|p1b: Incineroar\n|\n|-weather|SunnyDay|[upkeep]\n|-heal|p1a: Miraidon|48\/100|[from] Grassy Terrain\n|-heal|p2b: Rillaboom|11\/100|[from] Grassy Terrain\n|-heal|p2a: Calyrex|43\/100|[from] Grassy Terrain\n|upkeep\n|turn|10\n|\n|t:|1738965930\n|move|p1a: Miraidon|Parabolic Charge|p2b: Rillaboom|[spread] p2a,p2b\n|-resisted|p2b: Rillaboom\n|-damage|p2a: Calyrex|0 fnt\n|-heal|p1a: Miraidon|70\/100|[from] drain|[of] p2a: Calyrex\n|-damage|p2b: Rillaboom|0 fnt\n|-heal|p1a: Miraidon|75\/100|[from] drain|[of] p2b: Rillaboom\n|faint|p2a: Calyrex\n|faint|p2b: Rillaboom\n|\n|-weather|SunnyDay|[upkeep]\n|-heal|p1a: Miraidon|81\/100|[from] Grassy Terrain\n|upkeep\n|-message|caZISA forfeited.\n|\n|win|xatseye\n|raw|xatseye's rating: 1563 &rarr; <strong>1590<\/strong><br \/>(+27 for winning)\n|raw|caZISA's rating: 1696 &rarr; <strong>1669<\/strong><br \/>(-27 for losing)\n|l|\u2606caZISA\n|player|p2|\n|l|\u2606xatseye\n|player|p1|\n","uploadtime":1738966144,"views":48,"formatid":"gen9vgc2025regg","rating":1590,"private":0,"password":null}