{"id":"gen9vgc2025regg-2296126032","format":"[Gen 9] VGC 2025 Reg G","players":["onedaymob","jkimkim1"],"log":"|j|\u2606onedaymob\n|j|\u2606jkimkim1\n|t:|1738927390\n|gametype|doubles\n|player|p1|onedaymob|2|1594\n|player|p2|jkimkim1|1|1616\n|teamsize|p1|6\n|teamsize|p2|6\n|gen|9\n|tier|[Gen 9] VGC 2025 Reg G\n|rated|\n|rule|Species Clause: Limit one of each Pok\u00e9mon\n|rule|Item Clause: Limit 1 of each item\n|clearpoke\n|poke|p1|Rayquaza, L50|\n|poke|p1|Landorus-Therian, L50, M|\n|poke|p1|Pelipper, L50, M|\n|poke|p1|Urshifu-*, L50, F|\n|poke|p1|Raging Bolt, L50|\n|poke|p1|Whimsicott, L50, M|\n|poke|p2|Miraidon, L50|\n|poke|p2|Cresselia, L50, F|\n|poke|p2|Thundurus-Therian, L50, M|\n|poke|p2|Incineroar, L50, F|\n|poke|p2|Ursaluna, L50, M|\n|poke|p2|Whimsicott, L50, F|\n|teampreview|4\n|inactive|Battle timer is ON: inactive players will automatically lose when time's up. (requested by onedaymob)\n|inactive|jkimkim1 has 60 seconds left.\n|\n|t:|1738927438\n|start\n|switch|p1a: Whimsicott|Whimsicott, L50, M|100\/100\n|switch|p1b: Landorus|Landorus-Therian, L50, M|100\/100\n|switch|p2a: Jayson tatum|Miraidon, L50|100\/100\n|switch|p2b: \ub9e5\ub3c4\ud604|Whimsicott, L50, F, shiny|100\/100\n|-fieldstart|move: Electric Terrain|[from] ability: Hadron Engine|[of] p2a: Jayson tatum\n|-ability|p1b: Landorus|Intimidate|boost\n|-unboost|p2a: Jayson tatum|atk|1\n|-unboost|p2b: \ub9e5\ub3c4\ud604|atk|1\n|turn|1\n|\n|t:|1738927452\n|switch|p2a: \uc0ac\uc2b9\ud5cc|Cresselia, L50, F, shiny|100\/100\n|move|p2b: \ub9e5\ub3c4\ud604|Taunt|p1a: Whimsicott\n|-start|p1a: Whimsicott|move: Taunt\n|cant|p1a: Whimsicott|move: Taunt|Tailwind\n|move|p1b: Landorus|Earthquake|p2b: \ub9e5\ub3c4\ud604|[spread] p1a,p2b\n|-immune|p2a: \uc0ac\uc2b9\ud5cc|[from] ability: Levitate\n|-resisted|p1a: Whimsicott\n|-resisted|p2b: \ub9e5\ub3c4\ud604\n|-damage|p1a: Whimsicott|61\/100\n|-damage|p2b: \ub9e5\ub3c4\ud604|53\/100\n|\n|upkeep\n|turn|2\n|\n|t:|1738927469\n|switch|p1a: Pelipper|Pelipper, L50, M|100\/100\n|-weather|RainDance|[from] ability: Drizzle|[of] p1a: Pelipper\n|move|p2b: \ub9e5\ub3c4\ud604|Tailwind|p2b: \ub9e5\ub3c4\ud604\n|-sidestart|p2: jkimkim1|move: Tailwind\n|move|p2a: \uc0ac\uc2b9\ud5cc|Ice Beam|p1b: Landorus\n|-supereffective|p1b: Landorus\n|-damage|p1b: Landorus|10\/100\n|move|p1b: Landorus|Earthquake|p2a: \uc0ac\uc2b9\ud5cc|[spread] p2b\n|-immune|p1a: Pelipper\n|-immune|p2a: \uc0ac\uc2b9\ud5cc|[from] ability: Levitate\n|-resisted|p2b: \ub9e5\ub3c4\ud604\n|-damage|p2b: \ub9e5\ub3c4\ud604|2\/100\n|\n|-weather|RainDance|[upkeep]\n|upkeep\n|turn|3\n|inactive|onedaymob has 30 seconds left.\n|inactive|jkimkim1 has 30 seconds left.\n|\n|t:|1738927502\n|switch|p1b: Whimsicott|Whimsicott, L50, M|61\/100\n|move|p2b: \ub9e5\ub3c4\ud604|Endeavor|p1a: Pelipper\n|-damage|p1a: Pelipper|2\/100\n|-damage|p2b: \ub9e5\ub3c4\ud604|0 fnt|[from] item: Rocky Helmet|[of] p1a: Pelipper\n|faint|p2b: \ub9e5\ub3c4\ud604\n|move|p2a: \uc0ac\uc2b9\ud5cc|Ice Beam|p1b: Whimsicott\n|-supereffective|p1b: Whimsicott\n|-damage|p1b: Whimsicott|17\/100\n|move|p1a: Pelipper|Hurricane|p2a: \uc0ac\uc2b9\ud5cc\n|-damage|p2a: \uc0ac\uc2b9\ud5cc|81\/100\n|\n|-weather|RainDance|[upkeep]\n|upkeep\n|\n|t:|1738927515\n|switch|p2b: Jayson tatum|Miraidon, L50|100\/100\n|-activate|p2b: Jayson tatum|ability: Hadron Engine\n|turn|4\n|inactive|onedaymob has 30 seconds left.\n|inactive|onedaymob has 20 seconds left.\n|\n|t:|1738927554\n|switch|p1a: Landorus|Landorus-Therian, L50, M|10\/100\n|-ability|p1a: Landorus|Intimidate|boost\n|-unboost|p2a: \uc0ac\uc2b9\ud5cc|atk|1\n|-unboost|p2b: Jayson tatum|atk|1\n|move|p1b: Whimsicott|Encore|p2a: \uc0ac\uc2b9\ud5cc\n|-start|p2a: \uc0ac\uc2b9\ud5cc|Encore\n|move|p2b: Jayson tatum|Volt Switch|p1b: Whimsicott\n|-resisted|p1b: Whimsicott\n|-damage|p1b: Whimsicott|0 fnt\n|faint|p1b: Whimsicott\n|\n|t:|1738927564\n|switch|p2b: Kingjames|Incineroar, L50, F|100\/100|[from] Volt Switch\n|-ability|p2b: Kingjames|Intimidate|boost\n|-unboost|p1a: Landorus|atk|1\n|move|p2a: \uc0ac\uc2b9\ud5cc|Ice Beam|p1a: Landorus\n|-supereffective|p1a: Landorus\n|-damage|p1a: Landorus|0 fnt\n|faint|p1a: Landorus\n|\n|-weather|RainDance|[upkeep]\n|upkeep\n|\n|t:|1738927576\n|switch|p1b: Pelipper|Pelipper, L50, M|2\/100\n|switch|p1a: Rayquaza|Rayquaza, L50|100\/100\n|-ability|p1a: Rayquaza|Air Lock\n|turn|5\n|\n|t:|1738927598\n|-terastallize|p1a: Rayquaza|Normal\n|move|p1b: Pelipper|Helping Hand|p1a: Rayquaza\n|-singleturn|p1a: Rayquaza|Helping Hand|[of] p1b: Pelipper\n|move|p2b: Kingjames|Will-O-Wisp|p1a: Rayquaza\n|-status|p1a: Rayquaza|brn\n|move|p2a: \uc0ac\uc2b9\ud5cc|Ice Beam|p1b: Pelipper\n|-damage|p1b: Pelipper|0 fnt\n|faint|p1b: Pelipper\n|move|p1a: Rayquaza|Dragon Ascent|p2b: Kingjames\n|-damage|p2b: Kingjames|43\/100\n|-unboost|p1a: Rayquaza|def|1\n|-unboost|p1a: Rayquaza|spd|1\n|\n|-weather|RainDance|[upkeep]\n|-damage|p1a: Rayquaza|94\/100 brn|[from] brn\n|-sideend|p2: jkimkim1|move: Tailwind\n|-fieldend|move: Electric Terrain\n|upkeep\n|turn|6\n|-message|onedaymob forfeited.\n|\n|win|jkimkim1\n|raw|onedaymob's rating: 1594 &rarr; <strong>1575<\/strong><br \/>(-19 for losing)\n|raw|jkimkim1's rating: 1616 &rarr; <strong>1635<\/strong><br \/>(+19 for winning)\n|l|\u2606onedaymob\n|player|p1|\n","uploadtime":1738927838,"views":13,"formatid":"gen9vgc2025regg","rating":1575,"private":0,"password":null}