{"id":"gen9vgc2025regg-2296583573","format":"[Gen 9] VGC 2025 Reg G","players":["Peytongen9vgc","TwitterJasePokemon"],"log":"|j|\u2606Peytongen9vgc\n|j|\u2606TwitterJasePokemon\n|t:|1738980214\n|gametype|doubles\n|player|p1|Peytongen9vgc|red|1546\n|player|p2|TwitterJasePokemon|lucas|1559\n|teamsize|p1|6\n|teamsize|p2|6\n|gen|9\n|tier|[Gen 9] VGC 2025 Reg G\n|rated|\n|rule|Species Clause: Limit one of each Pok\u00e9mon\n|rule|Item Clause: Limit 1 of each item\n|clearpoke\n|poke|p1|Calyrex-Shadow, L50|\n|poke|p1|Raging Bolt, L50|\n|poke|p1|Rillaboom, L50, M|\n|poke|p1|Incineroar, L50, M|\n|poke|p1|Urshifu-*, L50, M|\n|poke|p1|Farigiraf, L50, M|\n|poke|p2|Heatran, L50, F|\n|poke|p2|Sinistcha, L50|\n|poke|p2|Grimmsnarl, L50, M|\n|poke|p2|Urshifu-*, L50, F|\n|poke|p2|Iron Hands, L50|\n|poke|p2|Miraidon, L50|\n|teampreview|4\n|inactive|Battle timer is ON: inactive players will automatically lose when time's up. (requested by TwitterJasePokemon)\n|inactive|Peytongen9vgc also wants the timer to be on.\n|\n|t:|1738980236\n|start\n|switch|p1a: Raging Bolt|Raging Bolt, L50|100\/100\n|switch|p1b: Incineroar|Incineroar, L50, M|100\/100\n|switch|p2a: Sinistcha|Sinistcha, L50|100\/100\n|switch|p2b: Heatran|Heatran, L50, F|100\/100\n|-ability|p1b: Incineroar|Intimidate|boost\n|-unboost|p2a: Sinistcha|atk|1\n|-unboost|p2b: Heatran|atk|1\n|-enditem|p1a: Raging Bolt|Booster Energy\n|-activate|p1a: Raging Bolt|ability: Protosynthesis|[fromitem]\n|-start|p1a: Raging Bolt|protosynthesisspa\n|turn|1\n|j| yukina VGC\n|\n|t:|1738980251\n|move|p2b: Heatran|Protect|p2b: Heatran\n|-singleturn|p2b: Heatran|Protect\n|move|p2a: Sinistcha|Protect|p2a: Sinistcha\n|-singleturn|p2a: Sinistcha|Protect\n|move|p1a: Raging Bolt|Thunderbolt|p2b: Heatran\n|-activate|p2b: Heatran|move: Protect\n|move|p1b: Incineroar|Knock Off|p2a: Sinistcha\n|-activate|p2a: Sinistcha|move: Protect\n|\n|upkeep\n|turn|2\n|\n|t:|1738980270\n|switch|p2a: Iron Hands|Iron Hands, L50|100\/100\n|move|p2b: Heatran|Magma Storm|p1a: Raging Bolt\n|-resisted|p1a: Raging Bolt\n|-damage|p1a: Raging Bolt|79\/100\n|-activate|p1a: Raging Bolt|move: Magma Storm|[of] p2b: Heatran\n|move|p1a: Raging Bolt|Dragon Pulse|p2a: Iron Hands\n|-damage|p2a: Iron Hands|49\/100\n|move|p1b: Incineroar|Knock Off|p2a: Iron Hands\n|-resisted|p2a: Iron Hands\n|-damage|p2a: Iron Hands|35\/100\n|-enditem|p2a: Iron Hands|Clear Amulet|[from] move: Knock Off|[of] p1b: Incineroar\n|\n|-damage|p1a: Raging Bolt|66\/100|[from] move: Magma Storm|[partiallytrapped]\n|upkeep\n|turn|3\n|\n|t:|1738980294\n|switch|p1b: Calyrex|Calyrex-Shadow, L50|100\/100\n|-ability|p1b: Calyrex|As One\n|-ability|p1b: Calyrex|Unnerve\n|move|p2b: Heatran|Magma Storm|p1b: Calyrex\n|-damage|p1b: Calyrex|55\/100\n|-activate|p1b: Calyrex|move: Magma Storm|[of] p2b: Heatran\n|move|p1a: Raging Bolt|Dragon Pulse|p2a: Iron Hands\n|-damage|p2a: Iron Hands|0 fnt\n|faint|p2a: Iron Hands\n|-end|p2a: Iron Hands|Quark Drive|[silent]\n|\n|-damage|p1b: Calyrex|42\/100|[from] move: Magma Storm|[partiallytrapped]\n|-damage|p1a: Raging Bolt|54\/100|[from] move: Magma Storm|[partiallytrapped]\n|upkeep\n|\n|t:|1738980306\n|switch|p2a: Miraidon|Miraidon, L50|100\/100\n|-fieldstart|move: Electric Terrain|[from] ability: Hadron Engine|[of] p2a: Miraidon\n|turn|4\n|\n|t:|1738980315\n|-terastallize|p2a: Miraidon|Fairy\n|move|p1b: Calyrex|Protect|p1b: Calyrex\n|-singleturn|p1b: Calyrex|Protect\n|move|p2a: Miraidon|Dazzling Gleam|p1b: Calyrex|[spread] p1a\n|-activate|p1b: Calyrex|move: Protect\n|-supereffective|p1a: Raging Bolt\n|-damage|p1a: Raging Bolt|0 fnt\n|faint|p1a: Raging Bolt\n|-end|p1a: Raging Bolt|Protosynthesis|[silent]\n|move|p2b: Heatran|Magma Storm|p1b: Calyrex\n|-activate|p1b: Calyrex|move: Protect\n|\n|-damage|p1b: Calyrex|30\/100|[from] move: Magma Storm|[partiallytrapped]\n|upkeep\n|\n|t:|1738980319\n|switch|p1a: Rillaboom|Rillaboom, L50, M|100\/100\n|-fieldstart|move: Grassy Terrain|[from] ability: Grassy Surge|[of] p1a: Rillaboom\n|turn|5\n|\n|t:|1738980333\n|move|p1a: Rillaboom|Fake Out|p2a: Miraidon\n|-damage|p2a: Miraidon|87\/100\n|move|p1b: Calyrex|Astral Barrage|p2b: Heatran|[spread] p2a,p2b\n|-damage|p2a: Miraidon|56\/100\n|-damage|p2b: Heatran|57\/100\n|cant|p2a: Miraidon|flinch\n|move|p2b: Heatran|Magma Storm|p1b: Calyrex\n|-damage|p1b: Calyrex|0 fnt\n|faint|p1b: Calyrex\n|\n|-heal|p2a: Miraidon|62\/100|[from] Grassy Terrain\n|-heal|p2b: Heatran|63\/100|[from] Grassy Terrain\n|upkeep\n|\n|t:|1738980344\n|switch|p1b: Incineroar|Incineroar, L50, M|100\/100\n|-ability|p1b: Incineroar|Intimidate|boost\n|-unboost|p2a: Miraidon|atk|1\n|-unboost|p2b: Heatran|atk|1\n|turn|6\n|\n|t:|1738980355\n|switch|p2a: Sinistcha|Sinistcha, L50|100\/100\n|-heal|p2b: Heatran|88\/100|[from] ability: Hospitality|[of] p2a: Sinistcha\n|move|p2b: Heatran|Protect|p2b: Heatran\n|-singleturn|p2b: Heatran|Protect\n|move|p1b: Incineroar|Fake Out|p2b: Heatran\n|-activate|p2b: Heatran|move: Protect\n|move|p1a: Rillaboom|Wood Hammer|p2a: Sinistcha\n|-resisted|p2a: Sinistcha\n|-damage|p2a: Sinistcha|72\/100\n|-damage|p1a: Rillaboom|84\/100|[from] item: Rocky Helmet|[of] p2a: Sinistcha\n|-damage|p1a: Rillaboom|76\/100|[from] Recoil\n|\n|-heal|p2b: Heatran|94\/100|[from] Grassy Terrain\n|-heal|p1a: Rillaboom|82\/100|[from] Grassy Terrain\n|-heal|p2a: Sinistcha|79\/100|[from] Grassy Terrain\n|upkeep\n|turn|7\n|-message|Peytongen9vgc forfeited.\n|\n|win|TwitterJasePokemon\n|raw|Peytongen9vgc's rating: 1546 &rarr; <strong>1527<\/strong><br \/>(-19 for losing)\n|raw|TwitterJasePokemon's rating: 1559 &rarr; <strong>1578<\/strong><br \/>(+19 for winning)\n|l|\u2606Peytongen9vgc\n|player|p1|\n|l|\u2606TwitterJasePokemon\n|player|p2|\n","uploadtime":1738980506,"views":5,"formatid":"gen9vgc2025regg","rating":1527,"private":0,"password":null}