{"id":"gen9vgc2025regg-2296040801","format":"[Gen 9] VGC 2025 Reg G","players":["Sexmex TV","huyuplan"],"log":"|j|\u2606Sexmex TV\n|j|\u2606huyuplan\n|t:|1738911412\n|gametype|doubles\n|player|p1|Sexmex TV|swimmerf-gen4|1576\n|player|p2|huyuplan|lucas|1555\n|teamsize|p1|6\n|teamsize|p2|6\n|gen|9\n|tier|[Gen 9] VGC 2025 Reg G\n|rated|\n|rule|Species Clause: Limit one of each Pok\u00e9mon\n|rule|Item Clause: Limit 1 of each item\n|clearpoke\n|poke|p1|Lunala, L50|\n|poke|p1|Garganacl, L50, M|\n|poke|p1|Raging Bolt, L50|\n|poke|p1|Incineroar, L50, F|\n|poke|p1|Rillaboom, L50, M|\n|poke|p1|Ogerpon-Wellspring, L50, F|\n|poke|p2|Zacian-*, L50|\n|poke|p2|Raging Bolt, L50|\n|poke|p2|Urshifu-*, L50, F|\n|poke|p2|Ursaluna-Bloodmoon, L50, M|\n|poke|p2|Amoonguss, L50, F|\n|poke|p2|Mandibuzz, L50, F|\n|teampreview|4\n|inactive|Battle timer is ON: inactive players will automatically lose when time's up. (requested by Sexmex TV)\n|\n|t:|1738911460\n|start\n|switch|p1a: Garganacl|Garganacl, L50, M|100\/100\n|switch|p1b: Rillaboom|Rillaboom, L50, M|100\/100\n|switch|p2a: Raging Bolt|Raging Bolt, L50|100\/100\n|switch|p2b: Zacian|Zacian-Crowned, L50|100\/100\n|-ability|p2b: Zacian|Intrepid Sword|boost\n|-boost|p2b: Zacian|atk|1\n|-fieldstart|move: Grassy Terrain|[from] ability: Grassy Surge|[of] p1b: Rillaboom\n|-enditem|p1a: Garganacl|Grassy Seed\n|-boost|p1a: Garganacl|def|1|[from] item: Grassy Seed\n|turn|1\n|inactive|huyuplan has 30 seconds left.\n|\n|t:|1738911489\n|move|p2b: Zacian|Protect|p2b: Zacian\n|-singleturn|p2b: Zacian|Protect\n|move|p1b: Rillaboom|Fake Out|p2b: Zacian\n|-activate|p2b: Zacian|move: Protect\n|move|p2a: Raging Bolt|Volt Switch|p1a: Garganacl\n|-damage|p1a: Garganacl|71\/100\n|\n|t:|1738911502\n|-end|p2a: Raging Bolt|Protosynthesis|[silent]\n|switch|p2a: Amoonguss|Amoonguss, L50, F|100\/100|[from] Volt Switch\n|move|p1a: Garganacl|Salt Cure|p2a: Amoonguss\n|-damage|p2a: Amoonguss|90\/100\n|-start|p2a: Amoonguss|Salt Cure\n|\n|-heal|p1a: Garganacl|77\/100|[from] Grassy Terrain\n|-heal|p2a: Amoonguss|96\/100|[from] Grassy Terrain\n|-damage|p2a: Amoonguss|84\/100|[from] Salt Cure\n|upkeep\n|turn|2\n|inactive|huyuplan has 30 seconds left.\n|inactive|Sexmex TV has 30 seconds left.\n|inactive|huyuplan has 20 seconds left.\n|\n|t:|1738911540\n|move|p1a: Garganacl|Protect|p1a: Garganacl\n|-singleturn|p1a: Garganacl|Protect\n|move|p2b: Zacian|Substitute|p2b: Zacian\n|-start|p2b: Zacian|Substitute\n|-damage|p2b: Zacian|76\/100\n|move|p1b: Rillaboom|U-turn|p2a: Amoonguss\n|-damage|p2a: Amoonguss|65\/100\n|-damage|p1b: Rillaboom|84\/100|[from] item: Rocky Helmet|[of] p2a: Amoonguss\n|\n|t:|1738911542\n|switch|p1b: Ogerpon|Ogerpon-Wellspring, L50, F|100\/100|[from] U-turn\n|move|p2a: Amoonguss|Clear Smog|p1a: Garganacl\n|-activate|p1a: Garganacl|move: Protect\n|\n|-heal|p2b: Zacian|82\/100|[from] Grassy Terrain\n|-heal|p1a: Garganacl|83\/100|[from] Grassy Terrain\n|-heal|p2a: Amoonguss|71\/100|[from] Grassy Terrain\n|-damage|p2a: Amoonguss|58\/100|[from] Salt Cure\n|upkeep\n|turn|3\n|inactive|huyuplan has 30 seconds left.\n|\n|t:|1738911574\n|switch|p2a: Raging Bolt|Raging Bolt, L50|100\/100\n|-terastallize|p1a: Garganacl|Ghost\n|move|p2b: Zacian|Play Rough|p1b: Ogerpon\n|-damage|p1b: Ogerpon|8\/100\n|move|p1b: Ogerpon|Ivy Cudgel|p2b: Zacian|[anim] Ivy Cudgel Water\n|-end|p2b: Zacian|Substitute\n|move|p1a: Garganacl|Salt Cure|p2b: Zacian\n|-resisted|p2b: Zacian\n|-damage|p2b: Zacian|76\/100\n|-start|p2b: Zacian|Salt Cure\n|\n|-heal|p2b: Zacian|82\/100|[from] Grassy Terrain\n|-heal|p1b: Ogerpon|14\/100|[from] Grassy Terrain\n|-heal|p1a: Garganacl|88\/100|[from] Grassy Terrain\n|-damage|p2b: Zacian|57\/100|[from] Salt Cure\n|upkeep\n|turn|4\n|inactive|huyuplan has 30 seconds left.\n|\n|t:|1738911604\n|switch|p2b: Amoonguss|Amoonguss, L50, F|92\/100\n|move|p1b: Ogerpon|Follow Me|p1b: Ogerpon\n|-singleturn|p1b: Ogerpon|move: Follow Me\n|move|p2a: Raging Bolt|Electroweb|p1a: Garganacl|[spread] p1b\n|-miss|p2a: Raging Bolt|p1a: Garganacl\n|-damage|p1b: Ogerpon|0 fnt\n|faint|p1b: Ogerpon\n|move|p1a: Garganacl|Salt Cure|p2a: Raging Bolt\n|-damage|p2a: Raging Bolt|89\/100\n|-start|p2a: Raging Bolt|Salt Cure\n|\n|-heal|p2a: Raging Bolt|96\/100|[from] Grassy Terrain\n|-heal|p1a: Garganacl|94\/100|[from] Grassy Terrain\n|-heal|p2b: Amoonguss|98\/100|[from] Grassy Terrain\n|-damage|p2a: Raging Bolt|83\/100|[from] Salt Cure\n|upkeep\n|\n|t:|1738911608\n|switch|p1b: Rillaboom|Rillaboom, L50, M|84\/100\n|turn|5\n|inactive|huyuplan has 30 seconds left.\n|\n|t:|1738911642\n|move|p2b: Amoonguss|Rage Powder|p2b: Amoonguss\n|-singleturn|p2b: Amoonguss|move: Rage Powder\n|move|p1b: Rillaboom|Wood Hammer|p2a: Raging Bolt\n|-resisted|p2a: Raging Bolt\n|-damage|p2a: Raging Bolt|50\/100\n|-damage|p1b: Rillaboom|72\/100|[from] Recoil\n|move|p2a: Raging Bolt|Volt Switch|p1b: Rillaboom\n|-resisted|p1b: Rillaboom\n|-damage|p1b: Rillaboom|58\/100\n|\n|t:|1738911652\n|-end|p2a: Raging Bolt|Protosynthesis|[silent]\n|switch|p2a: Zacian|Zacian-Crowned, L50|57\/100|[from] Volt Switch\n|move|p1a: Garganacl|Salt Cure|p2b: Amoonguss\n|-damage|p2b: Amoonguss|88\/100\n|-start|p2b: Amoonguss|Salt Cure\n|\n|-heal|p2a: Zacian|64\/100|[from] Grassy Terrain\n|-heal|p1b: Rillaboom|63\/100|[from] Grassy Terrain\n|-heal|p1a: Garganacl|99\/100|[from] Grassy Terrain\n|-heal|p2b: Amoonguss|94\/100|[from] Grassy Terrain\n|-damage|p2b: Amoonguss|81\/100|[from] Salt Cure\n|-fieldend|move: Grassy Terrain\n|upkeep\n|turn|6\n|\n|t:|1738911673\n|move|p2a: Zacian|Substitute|p2a: Zacian\n|-start|p2a: Zacian|Substitute\n|-damage|p2a: Zacian|39\/100\n|move|p1b: Rillaboom|U-turn|p2b: Amoonguss\n|-damage|p2b: Amoonguss|63\/100\n|-damage|p1b: Rillaboom|47\/100|[from] item: Rocky Helmet|[of] p2b: Amoonguss\n|\n|t:|1738911677\n|switch|p1b: Lunala|Lunala, L50|100\/100|[from] U-turn\n|move|p1a: Garganacl|Salt Cure|p2a: Zacian\n|-resisted|p2a: Zacian\n|-activate|p2a: Zacian|move: Substitute|[damage]\n|move|p2b: Amoonguss|Pollen Puff|p2a: Zacian\n|-heal|p2a: Zacian|89\/100\n|\n|-damage|p2b: Amoonguss|50\/100|[from] Salt Cure\n|upkeep\n|turn|7\n|inactive|huyuplan has 30 seconds left.\n|inactive|huyuplan has 20 seconds left.\n|\n|t:|1738911712\n|move|p2a: Zacian|Protect|p2a: Zacian\n|-singleturn|p2a: Zacian|Protect\n|move|p1b: Lunala|Moongeist Beam|p2b: Amoonguss\n|-damage|p2b: Amoonguss|0 fnt\n|faint|p2b: Amoonguss\n|move|p1a: Garganacl|Salt Cure|p2a: Zacian\n|-activate|p2a: Zacian|move: Protect\n|\n|upkeep\n|\n|t:|1738911732\n|switch|p2b: Raging Bolt|Raging Bolt, L50|50\/100\n|turn|8\n|\n|t:|1738911751\n|-terastallize|p2a: Zacian|Dark\n|move|p1b: Lunala|Protect|p1b: Lunala\n|-singleturn|p1b: Lunala|Protect\n|move|p2a: Zacian|Behemoth Blade|p1b: Lunala\n|-activate|p1b: Lunala|move: Protect\n|move|p2b: Raging Bolt|Snarl|p1b: Lunala|[spread] p1a\n|-activate|p1b: Lunala|move: Protect\n|-supereffective|p1a: Garganacl\n|-damage|p1a: Garganacl|78\/100\n|-unboost|p1a: Garganacl|spa|1\n|move|p1a: Garganacl|Salt Cure|p2b: Raging Bolt\n|-damage|p2b: Raging Bolt|37\/100\n|-start|p2b: Raging Bolt|Salt Cure\n|\n|-damage|p2b: Raging Bolt|25\/100|[from] Salt Cure\n|upkeep\n|turn|9\n|j| Pokuchu\n|inactive|huyuplan has 30 seconds left.\n|\n|t:|1738911779\n|-end|p2b: Raging Bolt|Protosynthesis|[silent]\n|switch|p2b: Ursaluna|Ursaluna-Bloodmoon, L50, M|100\/100\n|move|p2a: Zacian|Behemoth Blade|p1b: Lunala\n|-damage|p1b: Lunala|82\/100\n|move|p1b: Lunala|Moonblast|p2b: Ursaluna\n|-crit|p2b: Ursaluna\n|-damage|p2b: Ursaluna|32\/100\n|-unboost|p2b: Ursaluna|spa|1\n|move|p1a: Garganacl|Salt Cure|p2a: Zacian\n|-activate|p2a: Zacian|move: Substitute|[damage]\n|\n|-heal|p1b: Lunala|88\/100|[from] item: Leftovers\n|upkeep\n|turn|10\n|inactive|huyuplan has 30 seconds left.\n|inactive|huyuplan has 20 seconds left.\n|inactive|huyuplan has 15 seconds left.\n|\n|t:|1738911820\n|move|p2b: Ursaluna|Protect|p2b: Ursaluna\n|-singleturn|p2b: Ursaluna|Protect\n|move|p2a: Zacian|Behemoth Blade|p1b: Lunala\n|-damage|p1b: Lunala|51\/100\n|move|p1b: Lunala|Moonblast|p2a: Zacian\n|-supereffective|p2a: Zacian\n|-end|p2a: Zacian|Substitute\n|move|p1a: Garganacl|Salt Cure|p2a: Zacian\n|-damage|p2a: Zacian|79\/100\n|-start|p2a: Zacian|Salt Cure\n|\n|-heal|p1b: Lunala|58\/100|[from] item: Leftovers\n|-damage|p2a: Zacian|67\/100|[from] Salt Cure\n|upkeep\n|turn|11\n|inactive|huyuplan has 30 seconds left.\n|\n|t:|1738911853\n|switch|p2a: Raging Bolt|Raging Bolt, L50|25\/100\n|move|p1b: Lunala|Moonblast|p2b: Ursaluna\n|-damage|p2b: Ursaluna|0 fnt\n|faint|p2b: Ursaluna\n|move|p1a: Garganacl|Salt Cure|p2a: Raging Bolt\n|-damage|p2a: Raging Bolt|12\/100\n|-start|p2a: Raging Bolt|Salt Cure\n|\n|-heal|p1b: Lunala|64\/100|[from] item: Leftovers\n|-damage|p2a: Raging Bolt|0 fnt|[from] Salt Cure\n|faint|p2a: Raging Bolt\n|-end|p2a: Raging Bolt|Protosynthesis|[silent]\n|upkeep\n|\n|t:|1738911868\n|switch|p2b: Zacian|Zacian-Crowned, L50, tera:Dark|67\/100\n|turn|12\n|-message|huyuplan forfeited.\n|\n|win|Sexmex TV\n|raw|Sexmex TV's rating: 1576 &rarr; <strong>1595<\/strong><br \/>(+19 for winning)\n|raw|huyuplan's rating: 1555 &rarr; <strong>1536<\/strong><br \/>(-19 for losing)\n|l|\u2606huyuplan\n|player|p2|\n","uploadtime":1738911883,"views":12,"formatid":"gen9vgc2025regg","rating":1536,"private":0,"password":null}