{"id":"gen9vgc2025regg-2296850448","format":"[Gen 9] VGC 2025 Reg G","players":["Doc_MrMega","elvegis1"],"log":"|j|\u2606Doc_MrMega\n|j|\u2606elvegis1\n|t:|1739027294\n|gametype|doubles\n|player|p1|Doc_MrMega|lucas|1663\n|player|p2|elvegis1|lucas|1623\n|teamsize|p1|6\n|teamsize|p2|6\n|gen|9\n|tier|[Gen 9] VGC 2025 Reg G\n|rated|\n|rule|Species Clause: Limit one of each Pok\u00e9mon\n|rule|Item Clause: Limit 1 of each item\n|clearpoke\n|poke|p1|Calyrex-Ice, L50|\n|poke|p1|Landorus, L50, M|\n|poke|p1|Amoonguss, L50, F|\n|poke|p1|Urshifu-*, L50, M|\n|poke|p1|Roaring Moon, L50|\n|poke|p1|Ogerpon-Hearthflame, L50, F|\n|poke|p2|Calyrex-Shadow, L50|\n|poke|p2|Urshifu-*, L50, M|\n|poke|p2|Whimsicott, L50, F|\n|poke|p2|Incineroar, L50, F|\n|poke|p2|Ditto, L50|\n|poke|p2|Regidrago, L50|\n|teampreview|4\n|inactive|Battle timer is ON: inactive players will automatically lose when time's up. (requested by elvegis1)\n|\n|t:|1739027325\n|start\n|switch|p1a: Calyrex|Calyrex-Ice, L50|100\/100\n|switch|p1b: Amoonguss|Amoonguss, L50, F|100\/100\n|switch|p2a: Urshifu|Urshifu-Rapid-Strike, L50, M|100\/100\n|switch|p2b: Incineroar|Incineroar, L50, F|100\/100\n|-ability|p1a: Calyrex|As One\n|-ability|p1a: Calyrex|Unnerve\n|-ability|p2b: Incineroar|Intimidate|boost\n|-fail|p1a: Calyrex|unboost|[from] item: Clear Amulet|[of] p1a: Calyrex\n|-unboost|p1b: Amoonguss|atk|1\n|turn|1\n|\n|t:|1739027339\n|move|p2b: Incineroar|Fake Out|p1a: Calyrex\n|-damage|p1a: Calyrex|95\/100\n|move|p2a: Urshifu|Taunt|p1b: Amoonguss\n|-start|p1b: Amoonguss|move: Taunt\n|cant|p1a: Calyrex|flinch\n|cant|p1b: Amoonguss|move: Taunt|Spore\n|\n|upkeep\n|turn|2\n|\n|t:|1739027360\n|-terastallize|p2a: Urshifu|Water\n|move|p2a: Urshifu|Surging Strikes|p1a: Calyrex\n|-crit|p1a: Calyrex\n|-damage|p1a: Calyrex|74\/100\n|-crit|p1a: Calyrex\n|-damage|p1a: Calyrex|53\/100\n|-crit|p1a: Calyrex\n|-damage|p1a: Calyrex|31\/100\n|-hitcount|p1a: Calyrex|3\n|move|p1a: Calyrex|High Horsepower|p2b: Incineroar\n|-supereffective|p2b: Incineroar\n|-damage|p2b: Incineroar|38\/100\n|move|p2b: Incineroar|Flare Blitz|p1a: Calyrex\n|-supereffective|p1a: Calyrex\n|-damage|p1a: Calyrex|0 fnt\n|faint|p1a: Calyrex\n|-damage|p2b: Incineroar|28\/100|[from] Recoil\n|move|p1b: Amoonguss|Pollen Puff|p1: Calyrex|[notarget]\n|-fail|p1b: Amoonguss\n|\n|upkeep\n|\n|t:|1739027370\n|switch|p1a: Urshifu|Urshifu-Rapid-Strike, L50, M|100\/100\n|turn|3\n|\n|t:|1739027388\n|move|p2a: Urshifu|Surging Strikes|p1a: Urshifu\n|-resisted|p1a: Urshifu\n|-crit|p1a: Urshifu\n|-damage|p1a: Urshifu|84\/100\n|-resisted|p1a: Urshifu\n|-crit|p1a: Urshifu\n|-damage|p1a: Urshifu|69\/100\n|-resisted|p1a: Urshifu\n|-crit|p1a: Urshifu\n|-damage|p1a: Urshifu|55\/100\n|-hitcount|p1a: Urshifu|3\n|move|p1a: Urshifu|Surging Strikes|p2b: Incineroar\n|-supereffective|p2b: Incineroar\n|-crit|p2b: Incineroar\n|-damage|p2b: Incineroar|0 fnt\n|faint|p2b: Incineroar\n|-hitcount|p2: Incineroar|1\n|move|p1b: Amoonguss|Pollen Puff|p1a: Urshifu\n|-heal|p1a: Urshifu|100\/100\n|\n|-end|p1b: Amoonguss|move: Taunt\n|upkeep\n|\n|t:|1739027404\n|switch|p2b: Ditto|Ditto, L50|100\/100\n|-transform|p2b: Ditto|p1a: Urshifu|[from] ability: Imposter\n|turn|4\n|\n|t:|1739027421\n|move|p2a: Urshifu|Surging Strikes|p1a: Urshifu\n|-resisted|p1a: Urshifu\n|-crit|p1a: Urshifu\n|-damage|p1a: Urshifu|87\/100\n|-resisted|p1a: Urshifu\n|-crit|p1a: Urshifu\n|-damage|p1a: Urshifu|71\/100\n|-resisted|p1a: Urshifu\n|-crit|p1a: Urshifu\n|-damage|p1a: Urshifu|56\/100\n|-hitcount|p1a: Urshifu|3\n|move|p1a: Urshifu|Close Combat|p2b: Ditto\n|-damage|p2b: Ditto|32\/100\n|-unboost|p1a: Urshifu|def|1\n|-unboost|p1a: Urshifu|spd|1\n|move|p2b: Ditto|Taunt|p1b: Amoonguss\n|-start|p1b: Amoonguss|move: Taunt\n|cant|p1b: Amoonguss|move: Taunt|Spore\n|\n|upkeep\n|turn|5\n|inactive|Doc_MrMega has 30 seconds left.\n|inactive|elvegis1 has 30 seconds left.\n|inactive|Doc_MrMega has 20 seconds left.\n|\n|t:|1739027460\n|switch|p1a: Roaring Moon|Roaring Moon, L50|100\/100\n|-enditem|p1a: Roaring Moon|Booster Energy\n|-activate|p1a: Roaring Moon|ability: Protosynthesis|[fromitem]\n|-start|p1a: Roaring Moon|protosynthesisspe\n|move|p2a: Urshifu|Surging Strikes|p1a: Roaring Moon\n|-resisted|p1a: Roaring Moon\n|-crit|p1a: Roaring Moon\n|-damage|p1a: Roaring Moon|83\/100\n|-resisted|p1a: Roaring Moon\n|-crit|p1a: Roaring Moon\n|-damage|p1a: Roaring Moon|67\/100\n|-resisted|p1a: Roaring Moon\n|-crit|p1a: Roaring Moon\n|-damage|p1a: Roaring Moon|49\/100\n|-hitcount|p1a: Roaring Moon|3\n|move|p2b: Ditto|Surging Strikes|p1a: Roaring Moon\n|-resisted|p1a: Roaring Moon\n|-crit|p1a: Roaring Moon\n|-damage|p1a: Roaring Moon|39\/100\n|-resisted|p1a: Roaring Moon\n|-crit|p1a: Roaring Moon\n|-damage|p1a: Roaring Moon|29\/100\n|-resisted|p1a: Roaring Moon\n|-crit|p1a: Roaring Moon\n|-damage|p1a: Roaring Moon|19\/100\n|-hitcount|p1a: Roaring Moon|3\n|move|p1b: Amoonguss|Pollen Puff|p1a: Roaring Moon\n|-heal|p1a: Roaring Moon|68\/100\n|\n|upkeep\n|turn|6\n|inactive|elvegis1 has 30 seconds left.\n|\n|t:|1739027493\n|move|p1a: Roaring Moon|Tailwind|p1a: Roaring Moon\n|-sidestart|p1: Doc_MrMega|move: Tailwind\n|move|p2a: Urshifu|Surging Strikes|p1a: Roaring Moon\n|-resisted|p1a: Roaring Moon\n|-crit|p1a: Roaring Moon\n|-damage|p1a: Roaring Moon|50\/100\n|-resisted|p1a: Roaring Moon\n|-crit|p1a: Roaring Moon\n|-damage|p1a: Roaring Moon|34\/100\n|-resisted|p1a: Roaring Moon\n|-crit|p1a: Roaring Moon\n|-damage|p1a: Roaring Moon|16\/100\n|-hitcount|p1a: Roaring Moon|3\n|move|p2b: Ditto|Surging Strikes|p1b: Amoonguss\n|-resisted|p1b: Amoonguss\n|-crit|p1b: Amoonguss\n|-damage|p1b: Amoonguss|92\/100\n|-resisted|p1b: Amoonguss\n|-crit|p1b: Amoonguss\n|-damage|p1b: Amoonguss|83\/100\n|-resisted|p1b: Amoonguss\n|-crit|p1b: Amoonguss\n|-damage|p1b: Amoonguss|75\/100\n|-hitcount|p1b: Amoonguss|3\n|move|p1b: Amoonguss|Pollen Puff|p2b: Ditto\n|-resisted|p2b: Ditto\n|-damage|p2b: Ditto|17\/100\n|\n|-end|p1b: Amoonguss|move: Taunt\n|upkeep\n|turn|7\n|inactive|Doc_MrMega has 30 seconds left.\n|inactive|elvegis1 has 30 seconds left.\n|\n|t:|1739027524\n|move|p2a: Urshifu|Detect|p2a: Urshifu\n|-singleturn|p2a: Urshifu|Protect\n|move|p2b: Ditto|Detect|p2b: Ditto\n|-singleturn|p2b: Ditto|Protect\n|move|p1a: Roaring Moon|Acrobatics|p2b: Ditto\n|-activate|p2b: Ditto|move: Protect\n|move|p1b: Amoonguss|Spore|p2a: Urshifu\n|-activate|p2a: Urshifu|move: Protect\n|\n|upkeep\n|turn|8\n|\n|t:|1739027549\n|switch|p2b: Calyrex|Calyrex-Shadow, L50|100\/100\n|-ability|p2b: Calyrex|As One\n|-ability|p2b: Calyrex|Unnerve\n|move|p1b: Amoonguss|Protect|p1b: Amoonguss\n|-singleturn|p1b: Amoonguss|Protect\n|move|p1a: Roaring Moon|Acrobatics|p2b: Calyrex\n|-damage|p2b: Calyrex|68\/100\n|move|p2a: Urshifu|Taunt|p1b: Amoonguss\n|-activate|p1b: Amoonguss|move: Protect\n|\n|upkeep\n|turn|9\n|\n|t:|1739027570\n|move|p2b: Calyrex|Protect|p2b: Calyrex\n|-singleturn|p2b: Calyrex|Protect\n|move|p1b: Amoonguss|Rage Powder|p1b: Amoonguss\n|-singleturn|p1b: Amoonguss|move: Rage Powder\n|move|p1a: Roaring Moon|Knock Off|p2b: Calyrex\n|-activate|p2b: Calyrex|move: Protect\n|move|p2a: Urshifu|Surging Strikes|p1b: Amoonguss\n|-resisted|p1b: Amoonguss\n|-crit|p1b: Amoonguss\n|-damage|p1b: Amoonguss|61\/100\n|-resisted|p1b: Amoonguss\n|-crit|p1b: Amoonguss\n|-damage|p1b: Amoonguss|47\/100\n|-resisted|p1b: Amoonguss\n|-crit|p1b: Amoonguss\n|-damage|p1b: Amoonguss|34\/100\n|-hitcount|p1b: Amoonguss|3\n|\n|-sideend|p1: Doc_MrMega|move: Tailwind\n|upkeep\n|turn|10\n|\n|t:|1739027590\n|move|p1b: Amoonguss|Rage Powder|p1b: Amoonguss\n|-singleturn|p1b: Amoonguss|move: Rage Powder\n|move|p1a: Roaring Moon|Knock Off|p2b: Calyrex\n|-supereffective|p2b: Calyrex\n|-damage|p2b: Calyrex|0 fnt\n|-enditem|p2b: Calyrex|Spell Tag|[from] move: Knock Off|[of] p1a: Roaring Moon\n|faint|p2b: Calyrex\n|move|p2a: Urshifu|Surging Strikes|p1b: Amoonguss\n|-resisted|p1b: Amoonguss\n|-crit|p1b: Amoonguss\n|-damage|p1b: Amoonguss|19\/100\n|-resisted|p1b: Amoonguss\n|-crit|p1b: Amoonguss\n|-damage|p1b: Amoonguss|6\/100\n|-resisted|p1b: Amoonguss\n|-crit|p1b: Amoonguss\n|-damage|p1b: Amoonguss|0 fnt\n|faint|p1b: Amoonguss\n|-hitcount|p1: Amoonguss|3\n|\n|upkeep\n|\n|t:|1739027594\n|switch|p2b: Ditto|Ditto, L50|17\/100\n|switch|p1b: Urshifu|Urshifu-Rapid-Strike, L50, M|56\/100\n|-transform|p2b: Ditto|p1a: Roaring Moon|[from] ability: Imposter\n|turn|11\n|inactive|Doc_MrMega has 30 seconds left.\n|inactive|Doc_MrMega has 20 seconds left.\n|inactive|Doc_MrMega has 15 seconds left.\n|inactive|Doc_MrMega has 10 seconds left.\n|inactive|Doc_MrMega has 5 seconds left.\n|\n|t:|1739027647\n|-terastallize|p1b: Urshifu|Water\n|move|p1a: Roaring Moon|Tailwind|p1a: Roaring Moon\n|-sidestart|p1: Doc_MrMega|move: Tailwind\n|move|p1b: Urshifu|Surging Strikes|p2a: Urshifu\n|-resisted|p2a: Urshifu\n|-crit|p2a: Urshifu\n|-damage|p2a: Urshifu|85\/100\n|-resisted|p2a: Urshifu\n|-crit|p2a: Urshifu\n|-damage|p2a: Urshifu|71\/100\n|-resisted|p2a: Urshifu\n|-crit|p2a: Urshifu\n|-damage|p2a: Urshifu|56\/100\n|-hitcount|p2a: Urshifu|3\n|move|p2b: Ditto|Acrobatics|p1a: Roaring Moon\n|-damage|p1a: Roaring Moon|0 fnt\n|faint|p1a: Roaring Moon\n|-end|p1a: Roaring Moon|Protosynthesis|[silent]\n|move|p2a: Urshifu|Close Combat|p1b: Urshifu\n|-damage|p1b: Urshifu|0 fnt\n|-unboost|p2a: Urshifu|def|1\n|-unboost|p2a: Urshifu|spd|1\n|faint|p1b: Urshifu\n|\n|win|elvegis1\n|raw|Doc_MrMega's rating: 1663 &rarr; <strong>1641<\/strong><br \/>(-22 for losing)\n|raw|elvegis1's rating: 1623 &rarr; <strong>1645<\/strong><br \/>(+22 for winning)\n|l|\u2606Doc_MrMega\n|player|p1|\n|l|\u2606elvegis1\n|player|p2|\n","uploadtime":1739027892,"views":7,"formatid":"gen9vgc2025regg","rating":1641,"private":0,"password":null}