{"id":"gen9vgc2025regg-2296847660","format":"[Gen 9] VGC 2025 Reg G","players":["radiantwf4","cobalt_poke"],"log":"|j|\u203dradiantwf4\n|j|\u2606cobalt_poke\n|t:|1739026914\n|gametype|doubles\n|player|p1|radiantwf4|265|1639\n|player|p2|cobalt_poke|266|1690\n|teamsize|p1|6\n|teamsize|p2|6\n|gen|9\n|tier|[Gen 9] VGC 2025 Reg G\n|rated|\n|rule|Species Clause: Limit one of each Pok\u00e9mon\n|rule|Item Clause: Limit 1 of each item\n|clearpoke\n|poke|p1|Ditto, L50|\n|poke|p1|Whimsicott, L50, F|\n|poke|p1|Calyrex-Ice, L50|\n|poke|p1|Incineroar, L50, M|\n|poke|p1|Landorus, L50, M|\n|poke|p1|Amoonguss, L50, M|\n|poke|p2|Weezing-Galar, L50, F|\n|poke|p2|Calyrex-Shadow, L50|\n|poke|p2|Dondozo, L50, F|\n|poke|p2|Tatsugiri, L50, F|\n|poke|p2|Incineroar, L50, F|\n|poke|p2|Roaring Moon, L50|\n|teampreview|4\n|inactive|Battle timer is ON: inactive players will automatically lose when time's up. (requested by radiantwf4)\n|inactive|cobalt_poke has 60 seconds left.\n|\n|t:|1739026956\n|start\n|switch|p1a: Calyrex|Calyrex-Ice, L50|100\/100\n|switch|p1b: Whimsicott|Whimsicott, L50, F|100\/100\n|switch|p2a: Calyrex|Calyrex-Shadow, L50|100\/100\n|switch|p2b: Weezing|Weezing-Galar, L50, F|100\/100\n|-ability|p2b: Weezing|Neutralizing Gas\n|-ability|p2a: Calyrex|As One\n|-ability|p2a: Calyrex|Unnerve\n|-ability|p1a: Calyrex|As One\n|-ability|p1a: Calyrex|Unnerve\n|turn|1\n|\n|t:|1739026976\n|-terastallize|p2a: Calyrex|Fighting\n|-terastallize|p1a: Calyrex|Water\n|move|p2a: Calyrex|Tera Blast|p1a: Calyrex|[anim] Tera Blast Fighting\n|-damage|p1a: Calyrex|43\/100\n|move|p1b: Whimsicott|Misty Terrain|p1b: Whimsicott\n|-fieldstart|move: Misty Terrain\n|move|p1a: Calyrex|Glacial Lance|p2b: Weezing|[spread] p2a,p2b\n|-damage|p2a: Calyrex|44\/100\n|-damage|p2b: Weezing|52\/100\n|move|p2b: Weezing|Toxic Spikes|p1a: Calyrex\n|-sidestart|p1: radiantwf4|move: Toxic Spikes\n|\n|upkeep\n|turn|2\n|\n|t:|1739026993\n|switch|p2a: Tatsugiri|Tatsugiri, L50, F|100\/100\n|-end|p2b: Weezing|ability: Neutralizing Gas\n|switch|p2b: Dondozo|Dondozo, L50, F|100\/100\n|-activate|p2a: Tatsugiri|ability: Commander|[of] p2b: Dondozo\n|-boost|p2b: Dondozo|atk|2\n|-boost|p2b: Dondozo|spa|2\n|-boost|p2b: Dondozo|spe|2\n|-boost|p2b: Dondozo|def|2\n|-boost|p2b: Dondozo|spd|2\n|move|p1b: Whimsicott|Tailwind|p1b: Whimsicott\n|-sidestart|p1: radiantwf4|move: Tailwind\n|move|p1a: Calyrex|Glacial Lance|p2a: Tatsugiri|[spread] p2b\n|-miss|p1a: Calyrex|p2a: Tatsugiri\n|-resisted|p2b: Dondozo\n|-damage|p2b: Dondozo|92\/100\n|\n|-heal|p2b: Dondozo|99\/100|[from] item: Leftovers\n|upkeep\n|turn|3\n|j| zacattack110\n|inactive|radiantwf4 has 30 seconds left.\n|\n|t:|1739027020\n|switch|p1a: Amoonguss|Amoonguss, L50, M|100\/100\n|-sideend|p1: radiantwf4|move: Toxic Spikes|[of] p1a: Amoonguss\n|move|p1b: Whimsicott|Endeavor|p2b: Dondozo\n|-damage|p2b: Dondozo|47\/100\n|move|p2b: Dondozo|Earthquake|p1a: Amoonguss|[spread] p1a,p1b\n|-miss|p2b: Dondozo|p2a: Tatsugiri\n|-resisted|p1b: Whimsicott\n|-damage|p1a: Amoonguss|69\/100\n|-damage|p1b: Whimsicott|62\/100\n|\n|-heal|p2b: Dondozo|53\/100|[from] item: Leftovers\n|upkeep\n|turn|4\n|\n|t:|1739027038\n|move|p2b: Dondozo|Protect|p2b: Dondozo\n|-singleturn|p2b: Dondozo|Protect\n|move|p1b: Whimsicott|Encore|p2b: Dondozo\n|-activate|p2b: Dondozo|move: Protect\n|move|p1a: Amoonguss|Clear Smog|p2b: Dondozo\n|-activate|p2b: Dondozo|move: Protect\n|\n|-heal|p2b: Dondozo|60\/100|[from] item: Leftovers\n|upkeep\n|turn|5\n|-message|cobalt_poke forfeited.\n|\n|win|radiantwf4\n|raw|radiantwf4's rating: 1639 &rarr; <strong>1662<\/strong><br \/>(+23 for winning)\n|raw|cobalt_poke's rating: 1690 &rarr; <strong>1667<\/strong><br \/>(-23 for losing)\n|l|\u2606cobalt_poke\n|player|p2|\n|l|\u203dradiantwf4\n|player|p1|\n|l| zacattack110\n","uploadtime":1739027212,"views":12,"formatid":"gen9vgc2025regg","rating":1662,"private":0,"password":null}