{"id":"gen9vgc2025regg-2296441277","format":"[Gen 9] VGC 2025 Reg G","players":["caZISA","my pony my horse"],"log":"|j|\u2606caZISA\n|j|\u2606my pony my horse\n|t:|1738962486\n|gametype|doubles\n|player|p1|caZISA|red|1705\n|player|p2|my pony my horse|unknown|1593\n|teamsize|p1|6\n|teamsize|p2|6\n|gen|9\n|tier|[Gen 9] VGC 2025 Reg G\n|rated|\n|rule|Species Clause: Limit one of each Pok\u00e9mon\n|rule|Item Clause: Limit 1 of each item\n|clearpoke\n|poke|p1|Calyrex-Ice, L50|\n|poke|p1|Urshifu-*, L50, M|\n|poke|p1|Raging Bolt, L50|\n|poke|p1|Rillaboom, L50, F|\n|poke|p1|Torkoal, L50, M|\n|poke|p1|Smeargle, L50, F|\n|poke|p2|Zamazenta-*, L50|\n|poke|p2|Amoonguss, L50, F|\n|poke|p2|Chien-Pao, L50|\n|poke|p2|Flutter Mane, L50|\n|poke|p2|Chi-Yu, L50|\n|poke|p2|Raging Bolt, L50|\n|teampreview|4\n|inactive|Battle timer is ON: inactive players will automatically lose when time's up. (requested by my pony my horse)\n|c|\u2606my pony my horse|Glhf\n|inactive|my pony my horse has 60 seconds left.\n|\n|t:|1738962523\n|start\n|switch|p1a: Smeargle|Smeargle, L50, F|100\/100\n|switch|p1b: Calyrex|Calyrex-Ice, L50|100\/100\n|switch|p2a: Zamazenta|Zamazenta-Crowned, L50|100\/100\n|switch|p2b: Flutter Mane|Flutter Mane, L50|100\/100\n|-ability|p1b: Calyrex|As One\n|-ability|p1b: Calyrex|Unnerve\n|-ability|p2a: Zamazenta|Dauntless Shield|boost\n|-boost|p2a: Zamazenta|def|1\n|-enditem|p2b: Flutter Mane|Booster Energy\n|-activate|p2b: Flutter Mane|ability: Protosynthesis|[fromitem]\n|-start|p2b: Flutter Mane|protosynthesisspe\n|turn|1\n|c|\u2606caZISA|same\n|\n|t:|1738962547\n|move|p1a: Smeargle|Fake Out|p2a: Zamazenta\n|-resisted|p2a: Zamazenta\n|-damage|p2a: Zamazenta|99\/100\n|move|p2b: Flutter Mane|Taunt|p1a: Smeargle\n|-start|p1a: Smeargle|move: Taunt\n|cant|p2a: Zamazenta|flinch\n|move|p1b: Calyrex|Glacial Lance|p2a: Zamazenta|[spread] p2a,p2b\n|-resisted|p2a: Zamazenta\n|-damage|p2a: Zamazenta|87\/100\n|-damage|p2b: Flutter Mane|10\/100\n|\n|-ability|p1a: Smeargle|Moody|boost\n|-boost|p1a: Smeargle|def|2\n|-unboost|p1a: Smeargle|spe|1\n|upkeep\n|turn|2\n|\n|t:|1738962555\n|switch|p1a: Rillaboom|Rillaboom, L50, F|100\/100\n|-fieldstart|move: Grassy Terrain|[from] ability: Grassy Surge|[of] p1a: Rillaboom\n|move|p1b: Calyrex|Protect|p1b: Calyrex\n|-singleturn|p1b: Calyrex|Protect\n|move|p2b: Flutter Mane|Taunt|p1b: Calyrex\n|-activate|p1b: Calyrex|move: Protect\n|move|p2a: Zamazenta|Body Press|p1a: Rillaboom\n|-damage|p1a: Rillaboom|29\/100\n|\n|-heal|p2b: Flutter Mane|16\/100|[from] Grassy Terrain\n|-heal|p2a: Zamazenta|93\/100|[from] Grassy Terrain\n|-heal|p1a: Rillaboom|35\/100|[from] Grassy Terrain\n|upkeep\n|turn|3\n|\n|t:|1738962576\n|-end|p2b: Flutter Mane|Protosynthesis|[silent]\n|switch|p2b: Amoonguss|Amoonguss, L50, F|100\/100\n|move|p1a: Rillaboom|Grassy Glide|p2b: Amoonguss\n|-resisted|p2b: Amoonguss\n|-damage|p2b: Amoonguss|93\/100\n|-damage|p1a: Rillaboom|18\/100|[from] item: Rocky Helmet|[of] p2b: Amoonguss\n|move|p2a: Zamazenta|Body Press|p1b: Calyrex\n|-damage|p1b: Calyrex|55\/100\n|move|p1b: Calyrex|Trick Room|p1b: Calyrex\n|-fieldstart|move: Trick Room|[of] p1b: Calyrex\n|\n|-heal|p2b: Amoonguss|99\/100|[from] Grassy Terrain\n|-heal|p1b: Calyrex|61\/100|[from] Grassy Terrain\n|-heal|p1a: Rillaboom|24\/100|[from] Grassy Terrain\n|-heal|p2a: Zamazenta|98\/100|[from] Grassy Terrain\n|upkeep\n|turn|4\n|\n|t:|1738962585\n|move|p1b: Calyrex|Protect|p1b: Calyrex\n|-singleturn|p1b: Calyrex|Protect\n|move|p2b: Amoonguss|Spore|p1b: Calyrex\n|-activate|p1b: Calyrex|move: Protect\n|move|p1a: Rillaboom|U-turn|p2b: Amoonguss\n|-damage|p2b: Amoonguss|79\/100\n|-damage|p1a: Rillaboom|8\/100|[from] item: Rocky Helmet|[of] p2b: Amoonguss\n|j| Kpxbrothers\n|\n|t:|1738962592\n|switch|p1a: Torkoal|Torkoal, L50, M|100\/100|[from] U-turn\n|-weather|SunnyDay|[from] ability: Drought|[of] p1a: Torkoal\n|move|p2a: Zamazenta|Body Press|p1a: Torkoal\n|-damage|p1a: Torkoal|51\/100\n|\n|-weather|SunnyDay|[upkeep]\n|-heal|p1a: Torkoal|57\/100|[from] Grassy Terrain\n|-heal|p2b: Amoonguss|85\/100|[from] Grassy Terrain\n|-heal|p1b: Calyrex|67\/100|[from] Grassy Terrain\n|-heal|p2a: Zamazenta|100\/100|[from] Grassy Terrain\n|upkeep\n|turn|5\n|\n|t:|1738962604\n|switch|p1b: Rillaboom|Rillaboom, L50, F|8\/100\n|-terastallize|p2b: Amoonguss|Water\n|move|p1a: Torkoal|Protect|p1a: Torkoal\n|-singleturn|p1a: Torkoal|Protect\n|move|p2a: Zamazenta|Wide Guard|p2a: Zamazenta\n|-singleturn|p2a: Zamazenta|Wide Guard\n|move|p2b: Amoonguss|Spore|p1a: Torkoal\n|-activate|p1a: Torkoal|move: Protect\n|\n|-weather|SunnyDay|[upkeep]\n|-heal|p1a: Torkoal|64\/100|[from] Grassy Terrain\n|-heal|p2b: Amoonguss|91\/100|[from] Grassy Terrain\n|-heal|p1b: Rillaboom|14\/100|[from] Grassy Terrain\n|upkeep\n|turn|6\n|\n|t:|1738962627\n|move|p1b: Rillaboom|Fake Out|p2b: Amoonguss\n|-damage|p2b: Amoonguss|80\/100\n|-damage|p1b: Rillaboom|0 fnt|[from] item: Rocky Helmet|[of] p2b: Amoonguss\n|faint|p1b: Rillaboom\n|move|p2a: Zamazenta|Wide Guard|p2a: Zamazenta\n|-singleturn|p2a: Zamazenta|Wide Guard\n|move|p1a: Torkoal|Flamethrower|p2a: Zamazenta\n|-supereffective|p2a: Zamazenta\n|-damage|p2a: Zamazenta|1\/100\n|cant|p2b: Amoonguss|flinch\n|\n|-weather|SunnyDay|[upkeep]\n|-heal|p1a: Torkoal|70\/100|[from] Grassy Terrain\n|-heal|p2b: Amoonguss|86\/100|[from] Grassy Terrain\n|-heal|p2a: Zamazenta|7\/100|[from] Grassy Terrain\n|-fieldend|move: Grassy Terrain\n|upkeep\n|\n|t:|1738962638\n|switch|p1b: Smeargle|Smeargle, L50, F|100\/100\n|turn|7\n|inactive|my pony my horse has 30 seconds left.\n|inactive|my pony my horse has 20 seconds left.\n|\n|t:|1738962676\n|-terastallize|p1b: Smeargle|Grass\n|move|p2a: Zamazenta|Protect||[still]\n|-fail|p2a: Zamazenta\n|move|p1b: Smeargle|Follow Me|p1b: Smeargle\n|-singleturn|p1b: Smeargle|move: Follow Me\n|move|p1a: Torkoal|Flamethrower|p2a: Zamazenta\n|-supereffective|p2a: Zamazenta\n|-damage|p2a: Zamazenta|0 fnt\n|faint|p2a: Zamazenta\n|move|p2b: Amoonguss|Spore|p1b: Smeargle\n|-immune|p1b: Smeargle\n|\n|-weather|SunnyDay|[upkeep]\n|-fieldend|move: Trick Room\n|-ability|p1b: Smeargle|Moody|boost\n|-boost|p1b: Smeargle|spd|2\n|-unboost|p1b: Smeargle|spe|1\n|upkeep\n|\n|t:|1738962682\n|switch|p2a: Chien-Pao|Chien-Pao, L50|100\/100\n|-ability|p2a: Chien-Pao|Sword of Ruin\n|turn|8\n|\n|t:|1738962694\n|move|p2a: Chien-Pao|Ice Spinner|p1b: Smeargle\n|-supereffective|p1b: Smeargle\n|-enditem|p1b: Smeargle|Focus Sash\n|-damage|p1b: Smeargle|1\/100\n|move|p1b: Smeargle|Spore|p2b: Amoonguss\n|-status|p2b: Amoonguss|slp|[from] move: Spore\n|cant|p2b: Amoonguss|slp\n|move|p1a: Torkoal|Heat Wave|p2a: Chien-Pao|[spread] p2a,p2b\n|-supereffective|p2a: Chien-Pao\n|-resisted|p2b: Amoonguss\n|-enditem|p2a: Chien-Pao|Focus Sash\n|-damage|p2a: Chien-Pao|1\/100\n|-damage|p2b: Amoonguss|62\/100 slp\n|\n|-weather|none\n|-ability|p1b: Smeargle|Moody|boost\n|-boost|p1b: Smeargle|spe|2\n|-unboost|p1b: Smeargle|atk|1\n|upkeep\n|turn|9\n|\n|t:|1738962704\n|switch|p1b: Calyrex|Calyrex-Ice, L50|67\/100\n|-ability|p1b: Calyrex|As One\n|-ability|p1b: Calyrex|Unnerve\n|move|p2a: Chien-Pao|Ice Spinner|p1b: Calyrex\n|-resisted|p1b: Calyrex\n|-damage|p1b: Calyrex|52\/100\n|cant|p2b: Amoonguss|slp\n|move|p1a: Torkoal|Heat Wave|p2a: Chien-Pao|[spread] p2b\n|-miss|p1a: Torkoal|p2a: Chien-Pao\n|-resisted|p2b: Amoonguss\n|-damage|p2b: Amoonguss|46\/100 slp\n|\n|upkeep\n|turn|10\n|inactive|my pony my horse has 30 seconds left.\n|inactive|my pony my horse has 20 seconds left.\n|inactive|my pony my horse has 15 seconds left.\n|\n|t:|1738962744\n|move|p2a: Chien-Pao|Protect|p2a: Chien-Pao\n|-singleturn|p2a: Chien-Pao|Protect\n|move|p1b: Calyrex|Protect|p1b: Calyrex\n|-singleturn|p1b: Calyrex|Protect\n|cant|p2b: Amoonguss|slp\n|move|p1a: Torkoal|Heat Wave|p2a: Chien-Pao|[spread] p2b\n|-activate|p2a: Chien-Pao|move: Protect\n|-resisted|p2b: Amoonguss\n|-damage|p2b: Amoonguss|29\/100 slp\n|\n|upkeep\n|turn|11\n|\n|t:|1738962759\n|switch|p1a: Smeargle|Smeargle, L50, F, tera:Grass|1\/100\n|move|p2a: Chien-Pao|Throat Chop|p1b: Calyrex\n|-supereffective|p1b: Calyrex\n|-damage|p1b: Calyrex|0 fnt\n|faint|p1b: Calyrex\n|-curestatus|p2b: Amoonguss|slp|[msg]\n|move|p2b: Amoonguss|Spore|p1a: Smeargle\n|-immune|p1a: Smeargle\n|\n|-ability|p1a: Smeargle|Moody|boost\n|-boost|p1a: Smeargle|atk|2\n|-unboost|p1a: Smeargle|spe|1\n|upkeep\n|\n|t:|1738962764\n|switch|p1b: Torkoal|Torkoal, L50, M|70\/100\n|-weather|SunnyDay|[from] ability: Drought|[of] p1b: Torkoal\n|turn|12\n|\n|t:|1738962786\n|move|p2a: Chien-Pao|Protect|p2a: Chien-Pao\n|-singleturn|p2a: Chien-Pao|Protect\n|move|p1a: Smeargle|Fake Out|p2a: Chien-Pao\n|-activate|p2a: Chien-Pao|move: Protect\n|move|p2b: Amoonguss|Clear Smog|p1a: Smeargle\n|-supereffective|p1a: Smeargle\n|-damage|p1a: Smeargle|0 fnt\n|-clearboost|p1a: Smeargle\n|faint|p1a: Smeargle\n|move|p1b: Torkoal|Eruption|p2a: Chien-Pao|[spread] p2b\n|-activate|p2a: Chien-Pao|move: Protect\n|-resisted|p2b: Amoonguss\n|-damage|p2b: Amoonguss|0 fnt\n|faint|p2b: Amoonguss\n|\n|-weather|SunnyDay|[upkeep]\n|upkeep\n|-message|caZISA forfeited.\n|\n|win|my pony my horse\n|raw|caZISA's rating: 1705 &rarr; <strong>1679<\/strong><br \/>(-26 for losing)\n|raw|my pony my horse's rating: 1593 &rarr; <strong>1619<\/strong><br \/>(+26 for winning)\n|l|\u2606caZISA\n|player|p1|\n|l|\u2606my pony my horse\n|player|p2|\n|l| Kpxbrothers\n|j|\u2606my pony my horse\n|player|p2|my pony my horse|unknown|\n|l|\u2606my pony my horse\n|player|p2|\n","uploadtime":1738963010,"views":28,"formatid":"gen9vgc2025regg","rating":1619,"private":0,"password":null}