{"id":"gen9vgc2025regg-2296675253","format":"[Gen 9] VGC 2025 Reg G","players":["cobalt_poke","prototony"],"log":"|j|\u2606cobalt_poke\n|j|\u2606prototony\n|t:|1738994300\n|gametype|doubles\n|player|p1|cobalt_poke|101|1633\n|player|p2|prototony|firebreather|1648\n|teamsize|p1|6\n|teamsize|p2|6\n|gen|9\n|tier|[Gen 9] VGC 2025 Reg G\n|rated|\n|rule|Species Clause: Limit one of each Pok\u00e9mon\n|rule|Item Clause: Limit 1 of each item\n|clearpoke\n|poke|p1|Weezing-Galar, L50, M|\n|poke|p1|Calyrex-Shadow, L50|\n|poke|p1|Dondozo, L50, F|\n|poke|p1|Tatsugiri, L50, M|\n|poke|p1|Incineroar, L50, M|\n|poke|p1|Roaring Moon, L50|\n|poke|p2|Calyrex-Ice, L50|\n|poke|p2|Urshifu-*, L50, M|\n|poke|p2|Pelipper, L50, F|\n|poke|p2|Amoonguss, L50, M|\n|poke|p2|Iron Valiant, L50|\n|poke|p2|Landorus, L50, M|\n|teampreview|4\n|inactive|Battle timer is ON: inactive players will automatically lose when time's up. (requested by cobalt_poke)\n|inactive|prototony has 60 seconds left.\n|\n|t:|1738994361\n|start\n|switch|p1a: Calyrex|Calyrex-Shadow, L50|100\/100\n|switch|p1b: Weezing|Weezing-Galar, L50, M|100\/100\n|switch|p2a: Landorus|Landorus, L50, M|100\/100\n|switch|p2b: Urshifu|Urshifu-Rapid-Strike, L50, M|100\/100\n|-ability|p1b: Weezing|Neutralizing Gas\n|-ability|p1a: Calyrex|As One\n|-ability|p1a: Calyrex|Unnerve\n|turn|1\n|\n|t:|1738994381\n|move|p2b: Urshifu|Detect|p2b: Urshifu\n|-singleturn|p2b: Urshifu|Protect\n|move|p2a: Landorus|Sandsear Storm|p1a: Calyrex|[spread] p1a,p1b\n|-supereffective|p1b: Weezing\n|-damage|p1a: Calyrex|61\/100\n|-damage|p1b: Weezing|33\/100\n|-enditem|p1b: Weezing|Sitrus Berry|[eat]\n|-heal|p1b: Weezing|58\/100|[from] item: Sitrus Berry\n|move|p1a: Calyrex|Astral Barrage|p2a: Landorus|[spread] p2a\n|-activate|p2b: Urshifu|move: Protect\n|-damage|p2a: Landorus|2\/100\n|move|p1b: Weezing|Poison Gas|p2b: Urshifu|[spread] p2a\n|-activate|p2b: Urshifu|move: Protect\n|-status|p2a: Landorus|psn\n|\n|-damage|p2a: Landorus|0 fnt|[from] psn\n|faint|p2a: Landorus\n|upkeep\n|\n|t:|1738994400\n|switch|p2a: Calyrex|Calyrex-Ice, L50|100\/100\n|-ability|p2a: Calyrex|As One\n|-ability|p2a: Calyrex|Unnerve\n|turn|2\n|\n|t:|1738994412\n|-terastallize|p1b: Weezing|Grass\n|move|p2a: Calyrex|Protect|p2a: Calyrex\n|-singleturn|p2a: Calyrex|Protect\n|move|p1a: Calyrex|Astral Barrage|p2b: Urshifu|[spread] p2b\n|-activate|p2a: Calyrex|move: Protect\n|-enditem|p2b: Urshifu|Focus Sash\n|-damage|p2b: Urshifu|1\/100\n|move|p2b: Urshifu|Surging Strikes|p1a: Calyrex\n|-crit|p1a: Calyrex\n|-damage|p1a: Calyrex|37\/100\n|-crit|p1a: Calyrex\n|-damage|p1a: Calyrex|11\/100\n|-crit|p1a: Calyrex\n|-damage|p1a: Calyrex|0 fnt\n|faint|p1a: Calyrex\n|-hitcount|p1: Calyrex|3\n|move|p1b: Weezing|Poison Gas|p2b: Urshifu|[spread] p2b\n|-activate|p2a: Calyrex|move: Protect\n|-status|p2b: Urshifu|psn\n|\n|-damage|p2b: Urshifu|0 fnt|[from] psn\n|faint|p2b: Urshifu\n|upkeep\n|\n|t:|1738994424\n|switch|p1a: Dondozo|Dondozo, L50, F|100\/100\n|switch|p2b: Iron Valiant|Iron Valiant, L50, shiny|100\/100\n|turn|3\n|inactive|prototony has 30 seconds left.\n|inactive|prototony has 20 seconds left.\n|inactive|prototony has 15 seconds left.\n|\n|t:|1738994469\n|-end|p1b: Weezing|ability: Neutralizing Gas\n|switch|p1b: Tatsugiri|Tatsugiri, L50, M|100\/100\n|-enditem|p2b: Iron Valiant|Booster Energy\n|-activate|p2b: Iron Valiant|ability: Quark Drive|[fromitem]\n|-start|p2b: Iron Valiant|quarkdrivespe\n|-activate|p1b: Tatsugiri|ability: Commander|[of] p1a: Dondozo\n|-boost|p1a: Dondozo|atk|2\n|-boost|p1a: Dondozo|spa|2\n|-boost|p1a: Dondozo|spe|2\n|-boost|p1a: Dondozo|def|2\n|-boost|p1a: Dondozo|spd|2\n|move|p2b: Iron Valiant|Protect|p2b: Iron Valiant\n|-singleturn|p2b: Iron Valiant|Protect\n|move|p1a: Dondozo|Wave Crash|p2b: Iron Valiant\n|-activate|p2b: Iron Valiant|move: Protect\n|move|p2a: Calyrex|Glacial Lance|p1a: Dondozo|[spread] p1a\n|-miss|p2a: Calyrex|p1b: Tatsugiri\n|-resisted|p1a: Dondozo\n|-damage|p1a: Dondozo|92\/100\n|\n|-heal|p1a: Dondozo|98\/100|[from] item: Leftovers\n|upkeep\n|turn|4\n|\n|t:|1738994490\n|-terastallize|p2a: Calyrex|Water\n|move|p2b: Iron Valiant|Spirit Break|p1a: Dondozo\n|-damage|p1a: Dondozo|88\/100\n|-unboost|p1a: Dondozo|spa|1\n|move|p1a: Dondozo|Earthquake|p2b: Iron Valiant|[spread] p2a,p2b\n|-miss|p1a: Dondozo|p1b: Tatsugiri\n|-damage|p2a: Calyrex|75\/100\n|-damage|p2b: Iron Valiant|59\/100\n|move|p2a: Calyrex|Trick Room|p2a: Calyrex\n|-fieldstart|move: Trick Room|[of] p2a: Calyrex\n|\n|-heal|p1a: Dondozo|94\/100|[from] item: Leftovers\n|upkeep\n|turn|5\n|\n|t:|1738994505\n|move|p2b: Iron Valiant|Protect|p2b: Iron Valiant\n|-singleturn|p2b: Iron Valiant|Protect\n|move|p2a: Calyrex|High Horsepower|p1a: Dondozo\n|-damage|p1a: Dondozo|81\/100\n|move|p1a: Dondozo|Wave Crash|p2b: Iron Valiant\n|-activate|p2b: Iron Valiant|move: Protect\n|\n|-heal|p1a: Dondozo|87\/100|[from] item: Leftovers\n|upkeep\n|turn|6\n|\n|t:|1738994516\n|move|p2a: Calyrex|High Horsepower|p1a: Dondozo\n|-damage|p1a: Dondozo|73\/100\n|move|p1a: Dondozo|Wave Crash|p2b: Iron Valiant\n|-damage|p2b: Iron Valiant|0 fnt\n|faint|p2b: Iron Valiant\n|-end|p2b: Iron Valiant|Quark Drive|[silent]\n|-damage|p1a: Dondozo|60\/100|[from] Recoil\n|\n|-heal|p1a: Dondozo|66\/100|[from] item: Leftovers\n|upkeep\n|turn|7\n|\n|t:|1738994526\n|move|p2a: Calyrex|High Horsepower|p1a: Dondozo\n|-damage|p1a: Dondozo|54\/100\n|move|p1a: Dondozo|Earthquake|p2a: Calyrex|[spread] p2a\n|-miss|p1a: Dondozo|p1b: Tatsugiri\n|-damage|p2a: Calyrex|48\/100\n|\n|-heal|p1a: Dondozo|60\/100|[from] item: Leftovers\n|upkeep\n|turn|8\n|\n|t:|1738994530\n|move|p2a: Calyrex|Glacial Lance|p1b: Tatsugiri|[spread] p1a\n|-miss|p2a: Calyrex|p1b: Tatsugiri\n|-resisted|p1a: Dondozo\n|-damage|p1a: Dondozo|51\/100\n|move|p1a: Dondozo|Earthquake|p2a: Calyrex|[spread] p2a\n|-miss|p1a: Dondozo|p1b: Tatsugiri\n|-damage|p2a: Calyrex|22\/100\n|\n|-heal|p1a: Dondozo|58\/100|[from] item: Leftovers\n|-fieldend|move: Trick Room\n|upkeep\n|turn|9\n|\n|t:|1738994534\n|move|p1a: Dondozo|Wave Crash|p2a: Calyrex\n|-resisted|p2a: Calyrex\n|-damage|p2a: Calyrex|0 fnt\n|faint|p2a: Calyrex\n|-damage|p1a: Dondozo|52\/100|[from] Recoil\n|\n|win|cobalt_poke\n|raw|cobalt_poke's rating: 1633 &rarr; <strong>1654<\/strong><br \/>(+21 for winning)\n|raw|prototony's rating: 1648 &rarr; <strong>1627<\/strong><br \/>(-21 for losing)\n|l|\u2606cobalt_poke\n|player|p1|\n|l|\u2606prototony\n|player|p2|\n","uploadtime":1738994739,"views":10,"formatid":"gen9vgc2025regg","rating":1627,"private":0,"password":null}