{"id":"gen9vgc2025regg-2296965043","format":"[Gen 9] VGC 2025 Reg G","players":["RedyVGC","Elektriktoad"],"log":"|j|\u2606RedyVGC\n|j|\u2606Elektriktoad\n|t:|1739041517\n|gametype|doubles\n|player|p1|RedyVGC|2|1505\n|player|p2|Elektriktoad|janine|1634\n|teamsize|p1|6\n|teamsize|p2|6\n|gen|9\n|tier|[Gen 9] VGC 2025 Reg G\n|rated|\n|rule|Species Clause: Limit one of each Pok\u00e9mon\n|rule|Item Clause: Limit 1 of each item\n|clearpoke\n|poke|p1|Calyrex-Shadow, L50|\n|poke|p1|Incineroar, L50, F|\n|poke|p1|Urshifu-*, L50, F|\n|poke|p1|Rillaboom, L50, M|\n|poke|p1|Farigiraf, L50, F|\n|poke|p1|Raging Bolt, L50|\n|poke|p2|Calyrex-Ice, L50|\n|poke|p2|Trapinch, L50, F|\n|poke|p2|Annihilape, L50, M|\n|poke|p2|Pelipper, L50, M|\n|poke|p2|Jigglypuff, L50, F|\n|poke|p2|Urshifu-*, L50, M|\n|teampreview|4\n|inactive|Battle timer is ON: inactive players will automatically lose when time's up. (requested by RedyVGC)\nRedyVGC has agreed to open team sheets.\n|inactive|RedyVGC has 60 seconds left.\n|inactive|RedyVGC has 30 seconds left.\n|inactive|RedyVGC has 20 seconds left.\n|inactive|RedyVGC has 15 seconds left.\n|inactive|RedyVGC has 10 seconds left.\n|inactive|RedyVGC has 5 seconds left.\n|\n|t:|1739041604\n|start\n|switch|p1a: Calyrex|Calyrex-Shadow, L50|100\/100\n|switch|p1b: Rillaboom|Rillaboom, L50, M|100\/100\n|switch|p2a: Annihilape|Annihilape, L50, M|100\/100\n|switch|p2b: Calyrex|Calyrex-Ice, L50|100\/100\n|-ability|p1a: Calyrex|As One\n|-ability|p1a: Calyrex|Unnerve\n|-ability|p2b: Calyrex|As One\n|-ability|p2b: Calyrex|Unnerve\n|-fieldstart|move: Grassy Terrain|[from] ability: Grassy Surge|[of] p1b: Rillaboom\n|turn|1\n|\n|t:|1739041627\n|-terastallize|p1a: Calyrex|Water\n|-terastallize|p2b: Calyrex|Grass\n|move|p1b: Rillaboom|Grassy Glide|p2a: Annihilape\n|-damage|p2a: Annihilape|66\/100\n|move|p2a: Annihilape|Final Gambit|p1b: Rillaboom\n|-damage|p1b: Rillaboom|32\/100\n|faint|p2a: Annihilape\n|move|p1a: Calyrex|Astral Barrage|p2b: Calyrex\n|-damage|p2b: Calyrex|55\/100\n|move|p2b: Calyrex|Trick Room|p2b: Calyrex\n|-fieldstart|move: Trick Room|[of] p2b: Calyrex\n|\n|-heal|p2b: Calyrex|61\/100|[from] Grassy Terrain\n|-heal|p1b: Rillaboom|37\/100|[from] Grassy Terrain\n|upkeep\n|j| futonkagebunshin\n|inactive|Elektriktoad has 30 seconds left.\n|j| lsslsssllsslsssl\n|inactive|Elektriktoad has 20 seconds left.\n|inactive|Elektriktoad has 15 seconds left.\n|\n|t:|1739041668\n|switch|p2a: Jigglypuff|Jigglypuff, L50, F|100\/100\n|turn|2\n|l| lsslsssllsslsssl\n|\n|t:|1739041684\n|switch|p1b: Incineroar|Incineroar, L50, F|100\/100\n|-ability|p1b: Incineroar|Intimidate|boost\n|-unboost|p2a: Jigglypuff|atk|1\n|-unboost|p2b: Calyrex|atk|1\n|move|p1a: Calyrex|Protect|p1a: Calyrex\n|-singleturn|p1a: Calyrex|Protect\n|move|p2a: Jigglypuff|Knock Off|p1a: Calyrex\n|-activate|p1a: Calyrex|move: Protect\n|move|p2b: Calyrex|Seed Bomb|p1a: Calyrex\n|-activate|p1a: Calyrex|move: Protect\n|\n|-heal|p2b: Calyrex|67\/100|[from] Grassy Terrain\n|upkeep\n|turn|3\n|inactive|RedyVGC has 30 seconds left.\n|\n|t:|1739041716\n|switch|p1a: Raging Bolt|Raging Bolt, L50|100\/100\n|-enditem|p1a: Raging Bolt|Booster Energy\n|-activate|p1a: Raging Bolt|ability: Protosynthesis|[fromitem]\n|-start|p1a: Raging Bolt|protosynthesisspa\n|move|p2a: Jigglypuff|Heal Pulse|p2b: Calyrex\n|-heal|p2b: Calyrex|100\/100\n|move|p2b: Calyrex|Seed Bomb|p1a: Raging Bolt\n|-resisted|p1a: Raging Bolt\n|-damage|p1a: Raging Bolt|83\/100\n|move|p1b: Incineroar|Knock Off|p2b: Calyrex\n|-damage|p2b: Calyrex|83\/100\n|-enditem|p2b: Calyrex|Covert Cloak|[from] move: Knock Off|[of] p1b: Incineroar\n|\n|-heal|p2b: Calyrex|89\/100|[from] Grassy Terrain\n|-heal|p1a: Raging Bolt|89\/100|[from] Grassy Terrain\n|upkeep\n|turn|4\n|\n|t:|1739041741\n|switch|p2b: Pelipper|Pelipper, L50, M|100\/100\n|-weather|RainDance|[from] ability: Drizzle|[of] p2b: Pelipper\n|move|p1a: Raging Bolt|Protect|p1a: Raging Bolt\n|-singleturn|p1a: Raging Bolt|Protect\n|move|p2a: Jigglypuff|Knock Off|p1a: Raging Bolt\n|-activate|p1a: Raging Bolt|move: Protect\n|move|p1b: Incineroar|Parting Shot|p2b: Pelipper\n|-unboost|p2b: Pelipper|atk|1\n|-unboost|p2b: Pelipper|spa|1\n|\n|t:|1739041751\n|switch|p1b: Calyrex|Calyrex-Shadow, L50, tera:Water|100\/100|[from] Parting Shot\n|-ability|p1b: Calyrex|As One\n|-ability|p1b: Calyrex|Unnerve\n|\n|-weather|RainDance|[upkeep]\n|-heal|p1a: Raging Bolt|95\/100|[from] Grassy Terrain\n|upkeep\n|turn|5\n|j| IshzarkVGC\n|inactive|Elektriktoad has 30 seconds left.\n|\n|t:|1739041785\n|move|p2a: Jigglypuff|Protect|p2a: Jigglypuff\n|-singleturn|p2a: Jigglypuff|Protect\n|move|p2b: Pelipper|Weather Ball|p1a: Raging Bolt\n|-resisted|p1a: Raging Bolt\n|-damage|p1a: Raging Bolt|74\/100\n|move|p1a: Raging Bolt|Thunderbolt|p2b: Pelipper\n|-supereffective|p2b: Pelipper\n|-damage|p2b: Pelipper|0 fnt\n|faint|p2b: Pelipper\n|move|p1b: Calyrex|Nasty Plot|p1b: Calyrex\n|-boost|p1b: Calyrex|spa|2\n|\n|-weather|RainDance|[upkeep]\n|-heal|p1a: Raging Bolt|80\/100|[from] Grassy Terrain\n|-fieldend|move: Trick Room\n|-fieldend|move: Grassy Terrain\n|upkeep\n|\n|t:|1739041787\n|switch|p2b: Calyrex|Calyrex-Ice, L50, tera:Grass|89\/100\n|-ability|p2b: Calyrex|As One\n|-ability|p2b: Calyrex|Unnerve\n|turn|6\n|l| futonkagebunshin\n|-message|Elektriktoad forfeited.\n|\n|win|RedyVGC\n|raw|RedyVGC's rating: 1505 &rarr; <strong>1532<\/strong><br \/>(+27 for winning)\n|raw|Elektriktoad's rating: 1634 &rarr; <strong>1607<\/strong><br \/>(-27 for losing)\n|l|\u2606Elektriktoad\n|player|p2|\n|l|\u2606RedyVGC\n|player|p1|\n|l| IshzarkVGC\n","uploadtime":1739041984,"views":6,"formatid":"gen9vgc2025regg","rating":1532,"private":0,"password":null}