{"id":"gen9vgc2025regg-2296931782","format":"[Gen 9] VGC 2025 Reg G","players":["Yung Trav","William_Guidi_98"],"log":"|j|\u203dYung Trav\n|j|\u2606William_Guidi_98\n|t:|1739037473\n|gametype|doubles\n|player|p1|Yung Trav|265|1579\n|player|p2|William_Guidi_98|2|1599\n|teamsize|p1|6\n|teamsize|p2|6\n|gen|9\n|tier|[Gen 9] VGC 2025 Reg G\n|rated|\n|rule|Species Clause: Limit one of each Pok\u00e9mon\n|rule|Item Clause: Limit 1 of each item\n|clearpoke\n|poke|p1|Calyrex-Ice, L50|\n|poke|p1|Regidrago, L50|\n|poke|p1|Smeargle, L50, M|\n|poke|p1|Farigiraf, L50, M|\n|poke|p1|Urshifu-*, L50, M|\n|poke|p1|Ogerpon-Cornerstone, L50, F|\n|poke|p2|Calyrex-Shadow, L50|\n|poke|p2|Indeedee-F, L50, F|\n|poke|p2|Chi-Yu, L50|\n|poke|p2|Tornadus, L50, M|\n|poke|p2|Urshifu-*, L50, M|\n|poke|p2|Raging Bolt, L50|\n|teampreview|4\n|inactive|Battle timer is ON: inactive players will automatically lose when time's up. (requested by Yung Trav)\n|\n|t:|1739037503\n|start\n|switch|p1a: Calyrex|Calyrex-Ice, L50|100\/100\n|switch|p1b: Ogerpon|Ogerpon-Cornerstone, L50, F|100\/100\n|switch|p2a: Indeedee|Indeedee-F, L50, F|100\/100\n|switch|p2b: Calyrex|Calyrex-Shadow, L50|100\/100\n|-ability|p2b: Calyrex|As One\n|-ability|p2b: Calyrex|Unnerve\n|-ability|p1a: Calyrex|As One\n|-ability|p1a: Calyrex|Unnerve\n|-fieldstart|move: Psychic Terrain|[from] ability: Psychic Surge|[of] p2a: Indeedee\n|-enditem|p2a: Indeedee|Psychic Seed\n|-boost|p2a: Indeedee|spd|1|[from] item: Psychic Seed\n|turn|1\n|\n|t:|1739037526\n|-terastallize|p1a: Calyrex|Water\n|move|p2b: Calyrex|Astral Barrage|p1a: Calyrex|[spread] p1a,p1b\n|-damage|p1a: Calyrex|63\/100\n|-damage|p1b: Ogerpon|31\/100\n|move|p1b: Ogerpon|Taunt|p2a: Indeedee\n|-start|p2a: Indeedee|move: Taunt\n|cant|p2a: Indeedee|move: Taunt|Imprison\n|move|p1a: Calyrex|Trick Room|p1a: Calyrex\n|-fieldstart|move: Trick Room|[of] p1a: Calyrex\n|\n|upkeep\n|turn|2\n|inactive|Yung Trav has 30 seconds left.\n|\n|t:|1739037552\n|switch|p1b: Smeargle|Smeargle, L50, M, shiny|100\/100\n|switch|p2b: Urshifu|Urshifu-Rapid-Strike, L50, M|100\/100\n|move|p1a: Calyrex|Glacial Lance|p2b: Urshifu|[spread] p2a,p2b\n|-resisted|p2b: Urshifu\n|-crit|p2b: Urshifu\n|-damage|p2a: Indeedee|20\/100\n|-damage|p2b: Urshifu|53\/100\n|-activate|p2a: Indeedee|move: Struggle\n|move|p2a: Indeedee|Struggle|p1a: Calyrex\n|-damage|p1a: Calyrex|59\/100\n|-damage|p2a: Indeedee|0 fnt|[from] recoil\n|faint|p2a: Indeedee\n|\n|upkeep\n|\n|t:|1739037566\n|switch|p2a: Chi-Yu|Chi-Yu, L50|100\/100\n|-ability|p2a: Chi-Yu|Beads of Ruin\n|turn|3\n|\n|t:|1739037581\n|move|p1b: Smeargle|Decorate|p1a: Calyrex\n|-boost|p1a: Calyrex|atk|2\n|-boost|p1a: Calyrex|spa|2\n|move|p1a: Calyrex|High Horsepower|p2a: Chi-Yu\n|-supereffective|p2a: Chi-Yu\n|-damage|p2a: Chi-Yu|0 fnt\n|faint|p2a: Chi-Yu\n|-ability|p1a: Calyrex|Chilling Neigh|boost\n|-boost|p1a: Calyrex|atk|1\n|move|p2b: Urshifu|Surging Strikes|p1b: Smeargle\n|-crit|p1b: Smeargle\n|-damage|p1b: Smeargle|68\/100\n|-crit|p1b: Smeargle\n|-damage|p1b: Smeargle|37\/100\n|-crit|p1b: Smeargle\n|-damage|p1b: Smeargle|9\/100\n|-hitcount|p1b: Smeargle|3\n|\n|upkeep\n|\n|t:|1739037591\n|switch|p2a: Calyrex|Calyrex-Shadow, L50|100\/100\n|-ability|p2a: Calyrex|As One\n|-ability|p2a: Calyrex|Unnerve\n|turn|4\n|\n|t:|1739037609\n|move|p1b: Smeargle|Spore|p2a: Calyrex\n|-status|p2a: Calyrex|slp|[from] move: Spore\n|move|p1a: Calyrex|Glacial Lance|p2a: Calyrex|[spread] p2a,p2b\n|-resisted|p2b: Urshifu\n|-crit|p2b: Urshifu\n|-enditem|p2a: Calyrex|Focus Sash\n|-damage|p2a: Calyrex|1\/100 slp\n|-damage|p2b: Urshifu|0 fnt\n|faint|p2b: Urshifu\n|-ability|p1a: Calyrex|Chilling Neigh|boost\n|-boost|p1a: Calyrex|atk|1\n|cant|p2a: Calyrex|slp\n|\n|upkeep\n|turn|5\n|-message|William_Guidi_98 forfeited.\n|\n|win|Yung Trav\n|raw|Yung Trav's rating: 1579 &rarr; <strong>1600<\/strong><br \/>(+21 for winning)\n|raw|William_Guidi_98's rating: 1599 &rarr; <strong>1578<\/strong><br \/>(-21 for losing)\n|l|\u2606William_Guidi_98\n|player|p2|\n|l|\u203dYung Trav\n|player|p1|\n","uploadtime":1739037783,"views":6,"formatid":"gen9vgc2025regg","rating":1578,"private":0,"password":null}