{"id":"gen9vgc2025regg-2296416511","format":"[Gen 9] VGC 2025 Reg G","players":["GubbsVGC","907vgc"],"log":"|j|\u2606GubbsVGC\n|j|\u2606907vgc\n|t:|1738959747\n|gametype|doubles\n|player|p1|GubbsVGC|265|1568\n|player|p2|907vgc|102|1524\n|teamsize|p1|6\n|teamsize|p2|6\n|gen|9\n|tier|[Gen 9] VGC 2025 Reg G\n|rated|\n|rule|Species Clause: Limit one of each Pok\u00e9mon\n|rule|Item Clause: Limit 1 of each item\n|clearpoke\n|poke|p1|Gengar, L50, F|\n|poke|p1|Chien-Pao, L50|\n|poke|p1|Rillaboom, L50, F|\n|poke|p1|Zamazenta-*, L50|\n|poke|p1|Thundurus, L50, M|\n|poke|p1|Politoed, L50, M|\n|poke|p2|Tornadus, L50, M|\n|poke|p2|Urshifu-*, L50, F|\n|poke|p2|Eternatus, L50|\n|poke|p2|Rillaboom, L50, F|\n|poke|p2|Gholdengo, L50|\n|poke|p2|Umbreon, L50, M|\n|teampreview|4\n|\n|t:|1738959782\n|start\n|switch|p1a: Thundurus|Thundurus, L50, M|100\/100\n|switch|p1b: Gengar|Gengar, L50, F|100\/100\n|switch|p2a: Eternatus|Eternatus, L50|100\/100\n|switch|p2b: Gholdengo|Gholdengo, L50|100\/100\n|-ability|p2a: Eternatus|Pressure\n|turn|1\n|inactive|Battle timer is ON: inactive players will automatically lose when time's up. (requested by GubbsVGC)\n|\n|t:|1738959811\n|move|p1b: Gengar|Protect|p1b: Gengar\n|-singleturn|p1b: Gengar|Protect\n|move|p1a: Thundurus|Eerie Impulse|p2a: Eternatus\n|-unboost|p2a: Eternatus|spa|2\n|move|p2b: Gholdengo|Shadow Ball|p1b: Gengar\n|-activate|p1b: Gengar|move: Protect\n|move|p2a: Eternatus|Meteor Beam||[still]\n|-prepare|p2a: Eternatus|Meteor Beam\n|-boost|p2a: Eternatus|spa|1\n|-enditem|p2a: Eternatus|Power Herb\n|-anim|p2a: Eternatus|Meteor Beam|p1a: Thundurus\n|-supereffective|p1a: Thundurus\n|-damage|p1a: Thundurus|35\/100\n|\n|upkeep\n|turn|2\n|\n|t:|1738959829\n|switch|p2a: Tornadus|Tornadus, L50, M|100\/100\n|move|p1a: Thundurus|Thunder Wave|p2b: Gholdengo\n|-immune|p2b: Gholdengo|[from] ability: Good as Gold\n|move|p2b: Gholdengo|Shadow Ball|p1a: Thundurus\n|-damage|p1a: Thundurus|0 fnt\n|faint|p1a: Thundurus\n|move|p1b: Gengar|Hex|p2b: Gholdengo\n|-supereffective|p2b: Gholdengo\n|-damage|p2b: Gholdengo|0 fnt\n|faint|p2b: Gholdengo\n|-damage|p1b: Gengar|91\/100|[from] item: Life Orb\n|\n|upkeep\n|\n|t:|1738959846\n|switch|p1a: Chien-Pao|Chien-Pao, L50|100\/100\n|switch|p2b: Urshifu|Urshifu-Rapid-Strike, L50, F|100\/100\n|-ability|p1a: Chien-Pao|Sword of Ruin\n|turn|3\n|\n|t:|1738959863\n|-terastallize|p2a: Tornadus|Dark\n|move|p2a: Tornadus|Tailwind|p2a: Tornadus\n|-sidestart|p2: 907vgc|move: Tailwind\n|move|p2b: Urshifu|Surging Strikes|p1b: Gengar\n|-crit|p1b: Gengar\n|-damage|p1b: Gengar|23\/100\n|-crit|p1b: Gengar\n|-damage|p1b: Gengar|0 fnt\n|faint|p1b: Gengar\n|-hitcount|p1: Gengar|2\n|-damage|p2b: Urshifu|91\/100|[from] item: Life Orb\n|move|p1a: Chien-Pao|Icicle Crash|p2a: Tornadus\n|-damage|p2a: Tornadus|25\/100\n|\n|upkeep\n|\n|t:|1738959877\n|switch|p1b: Zamazenta|Zamazenta-Crowned, L50|100\/100\n|-ability|p1b: Zamazenta|Dauntless Shield|boost\n|-boost|p1b: Zamazenta|def|1\n|turn|4\n|inactive|GubbsVGC has 30 seconds left.\n|inactive|GubbsVGC has 20 seconds left.\n|\n|t:|1738959912\n|-terastallize|p1a: Chien-Pao|Stellar\n|move|p2a: Tornadus|Rain Dance|p2a: Tornadus\n|-weather|RainDance\n|move|p1a: Chien-Pao|Sucker Punch|p2b: Urshifu\n|-resisted|p2b: Urshifu\n|-damage|p2b: Urshifu|57\/100\n|move|p2b: Urshifu|Surging Strikes|p1a: Chien-Pao\n|-crit|p1a: Chien-Pao\n|-damage|p1a: Chien-Pao|47\/100\n|-crit|p1a: Chien-Pao\n|-damage|p1a: Chien-Pao|0 fnt\n|faint|p1a: Chien-Pao\n|-hitcount|p1: Chien-Pao|2\n|-damage|p2b: Urshifu|47\/100|[from] item: Life Orb\n|move|p1b: Zamazenta|Body Press|p2b: Urshifu\n|-damage|p2b: Urshifu|0 fnt\n|faint|p2b: Urshifu\n|\n|-weather|RainDance|[upkeep]\n|upkeep\n|\n|t:|1738959927\n|switch|p2b: Eternatus|Eternatus, L50|100\/100\n|-ability|p2b: Eternatus|Pressure\n|turn|5\n|\n|t:|1738959944\n|move|p2a: Tornadus|Protect|p2a: Tornadus\n|-singleturn|p2a: Tornadus|Protect\n|move|p2b: Eternatus|Meteor Beam||[still]\n|-prepare|p2b: Eternatus|Meteor Beam\n|-boost|p2b: Eternatus|spa|1\n|move|p1b: Zamazenta|Body Press|p2a: Tornadus\n|-activate|p2a: Tornadus|move: Protect\n|\n|-weather|RainDance|[upkeep]\n|upkeep\n|turn|6\n|\n|t:|1738959953\n|move|p2b: Eternatus|Meteor Beam|p1b: Zamazenta|[from] lockedmove\n|-resisted|p1b: Zamazenta\n|-damage|p1b: Zamazenta|90\/100\n|move|p2a: Tornadus|Bleakwind Storm|p1b: Zamazenta\n|-damage|p1b: Zamazenta|58\/100\n|-unboost|p1b: Zamazenta|spe|1\n|move|p1b: Zamazenta|Body Press|p2a: Tornadus\n|-supereffective|p2a: Tornadus\n|-damage|p2a: Tornadus|0 fnt\n|faint|p2a: Tornadus\n|\n|-weather|RainDance|[upkeep]\n|-sideend|p2: 907vgc|move: Tailwind\n|upkeep\n|turn|7\n|inactive|GubbsVGC has 30 seconds left.\n|c|\u2606907vgc|gg\n|\n|t:|1738959984\n|move|p2b: Eternatus|Dynamax Cannon|p1b: Zamazenta\n|-resisted|p1b: Zamazenta\n|-damage|p1b: Zamazenta|29\/100\n|move|p1b: Zamazenta|Iron Defense|p1b: Zamazenta\n|-boost|p1b: Zamazenta|def|2\n|\n|-weather|RainDance|[upkeep]\n|upkeep\n|turn|8\n|\n|t:|1738959993\n|move|p2b: Eternatus|Dynamax Cannon|p1b: Zamazenta\n|-resisted|p1b: Zamazenta\n|-crit|p1b: Zamazenta\n|-damage|p1b: Zamazenta|0 fnt\n|faint|p1b: Zamazenta\n|\n|win|907vgc\n|raw|GubbsVGC's rating: 1568 &rarr; <strong>1545<\/strong><br \/>(-23 for losing)\n|raw|907vgc's rating: 1524 &rarr; <strong>1547<\/strong><br \/>(+23 for winning)\n|l|\u2606907vgc\n|player|p2|\n|l|\u2606GubbsVGC\n|player|p1|\n","uploadtime":1738960219,"views":12,"formatid":"gen9vgc2025regg","rating":1545,"private":0,"password":null}