{"id":"gen9vgc2025regg-2296300063","format":"[Gen 9] VGC 2025 Reg G","players":["kd-vgc711","Hikawari"],"log":"|j|\u2606kd-vgc711\n|j|\u2606Hikawari\n|t:|1738948154\n|gametype|doubles\n|player|p1|kd-vgc711|1|1626\n|player|p2|Hikawari|170|1690\n|teamsize|p1|6\n|teamsize|p2|6\n|gen|9\n|tier|[Gen 9] VGC 2025 Reg G\n|rated|\n|rule|Species Clause: Limit one of each Pok\u00e9mon\n|rule|Item Clause: Limit 1 of each item\n|clearpoke\n|poke|p1|Whimsicott, L50, F|\n|poke|p1|Entei, L50|\n|poke|p1|Flutter Mane, L50|\n|poke|p1|Groudon, L50|\n|poke|p1|Raging Bolt, L50|\n|poke|p1|Chi-Yu, L50|\n|poke|p2|Zamazenta-*, L50|\n|poke|p2|Chi-Yu, L50|\n|poke|p2|Rillaboom, L50, F|\n|poke|p2|Flutter Mane, L50|\n|poke|p2|Chien-Pao, L50|\n|poke|p2|Amoonguss, L50, M|\n|teampreview|4\n|inactive|Battle timer is ON: inactive players will automatically lose when time's up. (requested by Hikawari)\n|j| bluestraggler02\n|\n|t:|1738948178\n|start\n|switch|p1a: Entei|Entei, L50, shiny|100\/100\n|switch|p1b: Chi-Yu|Chi-Yu, L50|100\/100\n|switch|p2a: Zamazenta|Zamazenta-Crowned, L50|100\/100\n|switch|p2b: Chien-Pao|Chien-Pao, L50|100\/100\n|-ability|p1b: Chi-Yu|Beads of Ruin\n|-ability|p2b: Chien-Pao|Sword of Ruin\n|-ability|p2a: Zamazenta|Dauntless Shield|boost\n|-boost|p2a: Zamazenta|def|1\n|turn|1\n|\n|t:|1738948193\n|-terastallize|p2a: Zamazenta|Dragon\n|move|p1a: Entei|Protect|p1a: Entei\n|-singleturn|p1a: Entei|Protect\n|move|p1b: Chi-Yu|Overheat|p2a: Zamazenta\n|-resisted|p2a: Zamazenta\n|-damage|p2a: Zamazenta|67\/100\n|-unboost|p1b: Chi-Yu|spa|2\n|move|p2b: Chien-Pao|Throat Chop|p1a: Entei\n|-activate|p1a: Entei|move: Protect\n|move|p2a: Zamazenta|Body Press|p1a: Entei\n|-activate|p1a: Entei|move: Protect\n|\n|upkeep\n|turn|2\n|\n|t:|1738948207\n|move|p1a: Entei|Extreme Speed|p2b: Chien-Pao\n|-damage|p2b: Chien-Pao|56\/100\n|-damage|p1a: Entei|91\/100|[from] item: Life Orb\n|move|p1b: Chi-Yu|Overheat|p2b: Chien-Pao\n|-supereffective|p2b: Chien-Pao\n|-damage|p2b: Chien-Pao|0 fnt\n|-unboost|p1b: Chi-Yu|spa|2\n|faint|p2b: Chien-Pao\n|move|p2a: Zamazenta|Body Press|p1a: Entei\n|-damage|p1a: Entei|23\/100\n|\n|upkeep\n|\n|t:|1738948212\n|switch|p2b: Chi-Yu|Chi-Yu, L50|100\/100\n|-ability|p2b: Chi-Yu|Beads of Ruin\n|turn|3\n|\n|t:|1738948228\n|move|p1a: Entei|Extreme Speed|p2b: Chi-Yu\n|-damage|p2b: Chi-Yu|55\/100\n|-damage|p1a: Entei|13\/100|[from] item: Life Orb\n|move|p1b: Chi-Yu|Overheat|p2b: Chi-Yu\n|-resisted|p2b: Chi-Yu\n|-damage|p2b: Chi-Yu|42\/100\n|-unboost|p1b: Chi-Yu|spa|2\n|move|p2b: Chi-Yu|Dark Pulse|p1a: Entei\n|-damage|p1a: Entei|0 fnt\n|faint|p1a: Entei\n|move|p2a: Zamazenta|Body Press|p1b: Chi-Yu\n|-supereffective|p1b: Chi-Yu\n|-damage|p1b: Chi-Yu|0 fnt\n|faint|p1b: Chi-Yu\n|\n|upkeep\n|\n|t:|1738948235\n|switch|p1b: Groudon|Groudon, L50, shiny|100\/100\n|switch|p1a: Flutter Mane|Flutter Mane, L50, shiny|100\/100\n|-weather|SunnyDay|[from] ability: Drought|[of] p1b: Groudon\n|-activate|p1a: Flutter Mane|ability: Protosynthesis\n|-start|p1a: Flutter Mane|protosynthesisspe\n|turn|4\n|\n|t:|1738948247\n|-terastallize|p1b: Groudon|Fire\n|move|p2a: Zamazenta|Wide Guard|p2a: Zamazenta\n|-singleturn|p2a: Zamazenta|Wide Guard\n|move|p1a: Flutter Mane|Moonblast|p2a: Zamazenta\n|-supereffective|p2a: Zamazenta\n|-damage|p2a: Zamazenta|0 fnt\n|faint|p2a: Zamazenta\n|move|p2b: Chi-Yu|Dark Pulse|p1a: Flutter Mane\n|-damage|p1a: Flutter Mane|50\/100\n|move|p1b: Groudon|Precipice Blades|p2b: Chi-Yu\n|-activate|p2b: Chi-Yu|move: Wide Guard\n|\n|-weather|SunnyDay|[upkeep]\n|upkeep\n|\n|t:|1738948253\n|switch|p2a: Amoonguss|Amoonguss, L50, M|100\/100\n|turn|5\n|\n|t:|1738948261\n|move|p1a: Flutter Mane|Moonblast|p2b: Chi-Yu\n|-damage|p2b: Chi-Yu|0 fnt\n|faint|p2b: Chi-Yu\n|move|p1b: Groudon|Precipice Blades|p2a: Amoonguss\n|-damage|p2a: Amoonguss|61\/100\n|move|p2a: Amoonguss|Spore|p1b: Groudon\n|-status|p1b: Groudon|slp|[from] move: Spore\n|\n|-weather|SunnyDay|[upkeep]\n|upkeep\n|turn|6\n|\n|t:|1738948265\n|move|p1a: Flutter Mane|Moonblast|p2a: Amoonguss\n|-resisted|p2a: Amoonguss\n|-damage|p2a: Amoonguss|24\/100\n|cant|p1b: Groudon|slp\n|move|p2a: Amoonguss|Sludge Bomb|p1a: Flutter Mane\n|-damage|p1a: Flutter Mane|24\/100\n|\n|-weather|SunnyDay|[upkeep]\n|upkeep\n|turn|7\n|-message|Hikawari forfeited.\n|\n|win|kd-vgc711\n|raw|kd-vgc711's rating: 1626 &rarr; <strong>1650<\/strong><br \/>(+24 for winning)\n|raw|Hikawari's rating: 1690 &rarr; <strong>1666<\/strong><br \/>(-24 for losing)\n|l|\u2606Hikawari\n|player|p2|\n|l|\u2606kd-vgc711\n|player|p1|\n","uploadtime":1738948453,"views":11,"formatid":"gen9vgc2025regg","rating":1650,"private":0,"password":null}