{"id":"gen9vgc2025regg-2296565883","format":"[Gen 9] VGC 2025 Reg G","players":["VVhistler","Shaymin frohawk"],"log":"|j|\u2606VVhistler\n|j|\u2606Shaymin frohawk\n|t:|1738977824\n|gametype|doubles\n|player|p1|VVhistler|rocketgrunt|1613\n|player|p2|Shaymin frohawk|unknown|1591\n|teamsize|p1|6\n|teamsize|p2|6\n|gen|9\n|tier|[Gen 9] VGC 2025 Reg G\n|rated|\n|rule|Species Clause: Limit one of each Pok\u00e9mon\n|rule|Item Clause: Limit 1 of each item\n|clearpoke\n|poke|p1|Calyrex-Shadow, L50|\n|poke|p1|Pawmot, L50, F|\n|poke|p1|Maushold, L50|\n|poke|p1|Chien-Pao, L50|\n|poke|p1|Chi-Yu, L50|\n|poke|p1|Urshifu-*, L50, F|\n|poke|p2|Terapagos, L50, M|\n|poke|p2|Farigiraf, L50, M|\n|poke|p2|Whimsicott, L50, F|\n|poke|p2|Amoonguss, L50, F|\n|poke|p2|Iron Bundle, L50|\n|poke|p2|Gholdengo, L50|\n|teampreview|4\n|inactive|Battle timer is ON: inactive players will automatically lose when time's up. (requested by Shaymin frohawk)\n|j| playrornds\n|inactive|VVhistler has 60 seconds left.\n|inactive|Shaymin frohawk has 60 seconds left.\n|\n|t:|1738977860\n|start\n|switch|p1a: Chi-Yu|Chi-Yu, L50|100\/100\n|switch|p1b: Chien-Pao|Chien-Pao, L50|100\/100\n|switch|p2a: Iron Bundle|Iron Bundle, L50|100\/100\n|switch|p2b: Gholdengo|Gholdengo, L50|100\/100\n|-ability|p1a: Chi-Yu|Beads of Ruin\n|-ability|p1b: Chien-Pao|Sword of Ruin\n|-enditem|p2a: Iron Bundle|Booster Energy\n|-activate|p2a: Iron Bundle|ability: Quark Drive|[fromitem]\n|-start|p2a: Iron Bundle|quarkdrivespe\n|turn|1\n|\n|t:|1738977885\n|move|p1b: Chien-Pao|Sucker Punch|p2a: Iron Bundle\n|-damage|p2a: Iron Bundle|25\/100\n|move|p2a: Iron Bundle|Icy Wind|p1a: Chi-Yu|[spread] p1a\n|-miss|p2a: Iron Bundle|p1b: Chien-Pao\n|-resisted|p1a: Chi-Yu\n|-damage|p1a: Chi-Yu|90\/100\n|-unboost|p1a: Chi-Yu|spe|1\n|move|p1a: Chi-Yu|Snarl|p2b: Gholdengo|[spread] p2b\n|-miss|p1a: Chi-Yu|p2a: Iron Bundle\n|-supereffective|p2b: Gholdengo\n|-damage|p2b: Gholdengo|38\/100\n|-unboost|p2b: Gholdengo|spa|1\n|move|p2b: Gholdengo|Make It Rain|p1b: Chien-Pao|[spread] p1a,p1b\n|-resisted|p1a: Chi-Yu\n|-supereffective|p1b: Chien-Pao\n|-damage|p1a: Chi-Yu|66\/100\n|-damage|p1b: Chien-Pao|0 fnt\n|-unboost|p2b: Gholdengo|spa|1\n|faint|p1b: Chien-Pao\n|-damage|p2b: Gholdengo|28\/100|[from] item: Life Orb\n|\n|upkeep\n|inactive|VVhistler has 30 seconds left.\n|\n|t:|1738977913\n|switch|p1b: Pawmot|Pawmot, L50, F|100\/100\n|turn|2\n|j| Typostyty\n|\n|t:|1738977925\n|move|p2a: Iron Bundle|Protect|p2a: Iron Bundle\n|-singleturn|p2a: Iron Bundle|Protect\n|move|p1b: Pawmot|Revival Blessing|p1b: Pawmot\n|\n|t:|1738977930\n|-heal|p1: Chien-Pao|50\/100|[from] move: Revival Blessing\n|move|p1a: Chi-Yu|Snarl|p2b: Gholdengo|[spread] p2b\n|-activate|p2a: Iron Bundle|move: Protect\n|-supereffective|p2b: Gholdengo\n|-damage|p2b: Gholdengo|0 fnt\n|faint|p2b: Gholdengo\n|\n|upkeep\n|\n|t:|1738977938\n|switch|p2b: Terapagos|Terapagos, L50, M|100\/100\n|-activate|p2b: Terapagos|ability: Tera Shift\n|detailschange|p2b: Terapagos|Terapagos-Terastal, L50, M\n|-heal|p2b: Terapagos|100\/100|[silent]\n|turn|3\n|\n|t:|1738977948\n|move|p2a: Iron Bundle|Encore||[still]\n|-fail|p2a: Iron Bundle\n|move|p1b: Pawmot|Close Combat|p2b: Terapagos\n|-activate|p2b: Terapagos|ability: Tera Shell\n|-resisted|p2b: Terapagos\n|-damage|p2b: Terapagos|78\/100\n|-unboost|p1b: Pawmot|def|1\n|-unboost|p1b: Pawmot|spd|1\n|move|p1a: Chi-Yu|Snarl|p2a: Iron Bundle|[spread] p2a\n|-miss|p1a: Chi-Yu|p2b: Terapagos\n|-damage|p2a: Iron Bundle|0 fnt\n|faint|p2a: Iron Bundle\n|-end|p2a: Iron Bundle|Quark Drive|[silent]\n|move|p2b: Terapagos|Tera Starstorm|p1a: Chi-Yu\n|-damage|p1a: Chi-Yu|0 fnt\n|faint|p1a: Chi-Yu\n|\n|upkeep\n|j| IshzarkVGC\n|\n|t:|1738977968\n|switch|p2a: Amoonguss|Amoonguss, L50, F|100\/100\n|switch|p1a: Chien-Pao|Chien-Pao, L50|50\/100\n|-ability|p1a: Chien-Pao|Sword of Ruin\n|turn|4\n|\n|t:|1738977992\n|-terastallize|p2b: Terapagos|Stellar\n|detailschange|p2b: Terapagos|Terapagos-Stellar, L50, M, tera:Stellar\n|-heal|p2b: Terapagos|84\/100|[silent]\n|move|p2a: Amoonguss|Protect|p2a: Amoonguss\n|-singleturn|p2a: Amoonguss|Protect\n|move|p1a: Chien-Pao|Icicle Crash|p2a: Amoonguss\n|-activate|p2a: Amoonguss|move: Protect\n|move|p1b: Pawmot|Close Combat|p2b: Terapagos\n|-supereffective|p2b: Terapagos\n|-damage|p2b: Terapagos|0 fnt\n|-unboost|p1b: Pawmot|def|1\n|-unboost|p1b: Pawmot|spd|1\n|faint|p2b: Terapagos\n|\n|upkeep\n|turn|5\n|-message|Shaymin frohawk forfeited.\n|\n|win|VVhistler\n|raw|VVhistler's rating: 1613 &rarr; <strong>1632<\/strong><br \/>(+19 for winning)\n|raw|Shaymin frohawk's rating: 1591 &rarr; <strong>1572<\/strong><br \/>(-19 for losing)\n|l|\u2606Shaymin frohawk\n|player|p2|\n|l|\u2606VVhistler\n|player|p1|\n|l| Typostyty\n|l| IshzarkVGC\n","uploadtime":1738978182,"views":11,"formatid":"gen9vgc2025regg","rating":1572,"private":0,"password":null}