{"id":"gen9vgc2025regg-2296421343","format":"[Gen 9] VGC 2025 Reg G","players":["BLiiNDProdiigy","Forbranna"],"log":"|j|\u2606BLiiNDProdiigy\n|j|\u2606Forbranna\n|t:|1738960282\n|gametype|doubles\n|player|p1|BLiiNDProdiigy|rocketgrunt|1614\n|player|p2|Forbranna|clair|1617\n|teamsize|p1|6\n|teamsize|p2|6\n|gen|9\n|tier|[Gen 9] VGC 2025 Reg G\n|rated|\n|rule|Species Clause: Limit one of each Pok\u00e9mon\n|rule|Item Clause: Limit 1 of each item\n|clearpoke\n|poke|p1|Terapagos, L50, M|\n|poke|p1|Incineroar, L50, M|\n|poke|p1|Rillaboom, L50, F|\n|poke|p1|Urshifu-*, L50, F|\n|poke|p1|Flutter Mane, L50|\n|poke|p1|Ogerpon-Hearthflame, L50, F|\n|poke|p2|Grimmsnarl, L50, M|\n|poke|p2|Chi-Yu, L50|\n|poke|p2|Koraidon, L50|\n|poke|p2|Flutter Mane, L50|\n|poke|p2|Raging Bolt, L50|\n|poke|p2|Ogerpon-Cornerstone, L50, F|\n|teampreview|4\n|inactive|Battle timer is ON: inactive players will automatically lose when time's up. (requested by Forbranna)\n|\n|t:|1738960311\n|start\n|switch|p1a: Terapagos|Terapagos, L50, M|100\/100\n|switch|p1b: Incineroar|Incineroar, L50, M|100\/100\n|switch|p2a: Einstein|Grimmsnarl, L50, M, shiny|100\/100\n|switch|p2b: Moctezuma|Koraidon, L50|100\/100\n|-activate|p1a: Terapagos|ability: Tera Shift\n|detailschange|p1a: Terapagos|Terapagos-Terastal, L50, M\n|-heal|p1a: Terapagos|100\/100|[silent]\n|-weather|SunnyDay|[from] ability: Orichalcum Pulse|[of] p2b: Moctezuma\n|-activate|p2b: Moctezuma|Orichalcum Pulse|[source]\n|-ability|p1b: Incineroar|Intimidate|boost\n|-unboost|p2a: Einstein|atk|1\n|-fail|p2b: Moctezuma|unboost|[from] item: Clear Amulet|[of] p2b: Moctezuma\n|turn|1\n|\n|t:|1738960333\n|move|p1b: Incineroar|Fake Out|p2a: Einstein\n|-damage|p2a: Einstein|90\/100\n|cant|p2a: Einstein|flinch\n|move|p2b: Moctezuma|Flame Charge|p1a: Terapagos\n|-activate|p1a: Terapagos|ability: Tera Shell\n|-resisted|p1a: Terapagos\n|-damage|p1a: Terapagos|85\/100\n|-boost|p2b: Moctezuma|spe|1\n|move|p1a: Terapagos|Substitute|p1a: Terapagos\n|-start|p1a: Terapagos|Substitute\n|-damage|p1a: Terapagos|61\/100\n|\n|-weather|SunnyDay|[upkeep]\n|-heal|p1a: Terapagos|66\/100|[from] item: Leftovers\n|upkeep\n|turn|2\n|\n|t:|1738960354\n|move|p1a: Terapagos|Protect|p1a: Terapagos\n|-singleturn|p1a: Terapagos|Protect\n|move|p2a: Einstein|Light Screen|p2a: Einstein\n|-sidestart|p2: Forbranna|move: Light Screen\n|move|p2b: Moctezuma|Flame Charge|p1a: Terapagos\n|-activate|p1a: Terapagos|move: Protect\n|move|p1b: Incineroar|Will-O-Wisp|p2b: Moctezuma\n|-status|p2b: Moctezuma|brn\n|\n|-weather|SunnyDay|[upkeep]\n|-heal|p1a: Terapagos|72\/100|[from] item: Leftovers\n|-damage|p2b: Moctezuma|94\/100 brn|[from] brn\n|upkeep\n|turn|3\n|\n|t:|1738960371\n|move|p2b: Moctezuma|Collision Course|p1a: Terapagos\n|-supereffective|p1a: Terapagos\n|-end|p1a: Terapagos|Substitute\n|move|p1a: Terapagos|Calm Mind|p1a: Terapagos\n|-boost|p1a: Terapagos|spa|1\n|-boost|p1a: Terapagos|spd|1\n|move|p2a: Einstein|Spirit Break|p1a: Terapagos\n|-crit|p1a: Terapagos\n|-damage|p1a: Terapagos|36\/100\n|-unboost|p1a: Terapagos|spa|1\n|move|p1b: Incineroar|Will-O-Wisp|p2a: Einstein|[miss]\n|-miss|p1b: Incineroar|p2a: Einstein\n|\n|-weather|SunnyDay|[upkeep]\n|-heal|p1a: Terapagos|41\/100|[from] item: Leftovers\n|-damage|p2b: Moctezuma|88\/100 brn|[from] brn\n|upkeep\n|turn|4\n|j| kiabu233\n|\n|t:|1738960391\n|move|p1a: Terapagos|Protect|p1a: Terapagos\n|-singleturn|p1a: Terapagos|Protect\n|move|p2b: Moctezuma|Collision Course|p1b: Incineroar\n|-supereffective|p1b: Incineroar\n|-damage|p1b: Incineroar|30\/100\n|-damage|p2b: Moctezuma|71\/100 brn|[from] item: Rocky Helmet|[of] p1b: Incineroar\n|move|p1b: Incineroar|Parting Shot|p2a: Einstein\n|-unboost|p2a: Einstein|atk|1\n|-unboost|p2a: Einstein|spa|1\n|\n|t:|1738960403\n|switch|p1b: Ogerpon|Ogerpon-Hearthflame, L50, F|100\/100|[from] Parting Shot\n|-ability|p1b: Ogerpon|Mold Breaker\n|move|p2a: Einstein|Spirit Break|p1b: Ogerpon\n|-resisted|p1b: Ogerpon\n|-damage|p1b: Ogerpon|91\/100\n|-unboost|p1b: Ogerpon|spa|1\n|\n|-weather|SunnyDay|[upkeep]\n|-heal|p1a: Terapagos|47\/100|[from] item: Leftovers\n|-damage|p2b: Moctezuma|65\/100 brn|[from] brn\n|upkeep\n|turn|5\n|\n|t:|1738960419\n|move|p2b: Moctezuma|Protect|p2b: Moctezuma\n|-singleturn|p2b: Moctezuma|Protect\n|move|p1b: Ogerpon|Follow Me|p1b: Ogerpon\n|-singleturn|p1b: Ogerpon|move: Follow Me\n|move|p2a: Einstein|Reflect|p2a: Einstein\n|-sidestart|p2: Forbranna|Reflect\n|move|p1a: Terapagos|Calm Mind|p1a: Terapagos\n|-boost|p1a: Terapagos|spa|1\n|-boost|p1a: Terapagos|spd|1\n|\n|-weather|none\n|-heal|p1a: Terapagos|53\/100|[from] item: Leftovers\n|-damage|p2b: Moctezuma|59\/100 brn|[from] brn\n|upkeep\n|turn|6\n|\n|t:|1738960436\n|switch|p2a: Voltaire|Raging Bolt, L50|100\/100\n|move|p1b: Ogerpon|Follow Me|p1b: Ogerpon\n|-singleturn|p1b: Ogerpon|move: Follow Me\n|move|p2b: Moctezuma|Flare Blitz|p1b: Ogerpon\n|-damage|p1b: Ogerpon|69\/100\n|-damage|p2b: Moctezuma|52\/100 brn|[from] Recoil\n|move|p1a: Terapagos|Calm Mind|p1a: Terapagos\n|-boost|p1a: Terapagos|spa|1\n|-boost|p1a: Terapagos|spd|1\n|\n|-heal|p1a: Terapagos|59\/100|[from] item: Leftovers\n|-damage|p2b: Moctezuma|46\/100 brn|[from] brn\n|upkeep\n|turn|7\n|\n|t:|1738960452\n|move|p2b: Moctezuma|Protect|p2b: Moctezuma\n|-singleturn|p2b: Moctezuma|Protect\n|move|p1b: Ogerpon|Spiky Shield|p1b: Ogerpon\n|-singleturn|p1b: Ogerpon|move: Protect\n|move|p1a: Terapagos|Protect|p1a: Terapagos\n|-singleturn|p1a: Terapagos|Protect\n|move|p2a: Voltaire|Draco Meteor|p1b: Ogerpon\n|-activate|p1b: Ogerpon|move: Protect\n|\n|-heal|p1a: Terapagos|64\/100|[from] item: Leftovers\n|-damage|p2b: Moctezuma|40\/100 brn|[from] brn\n|upkeep\n|turn|8\n|\n|t:|1738960470\n|-terastallize|p1a: Terapagos|Stellar\n|detailschange|p1a: Terapagos|Terapagos-Stellar, L50, M, tera:Stellar\n|-heal|p1a: Terapagos|74\/100|[silent]\n|move|p1b: Ogerpon|Follow Me|p1b: Ogerpon\n|-singleturn|p1b: Ogerpon|move: Follow Me\n|move|p2b: Moctezuma|Collision Course|p1b: Ogerpon\n|-damage|p1b: Ogerpon|39\/100\n|move|p1a: Terapagos|Tera Starstorm|p2b: Moctezuma|[spread] p2a,p2b\n|-damage|p2a: Voltaire|68\/100\n|-damage|p2b: Moctezuma|0 fnt\n|faint|p2b: Moctezuma\n|move|p2a: Voltaire|Draco Meteor|p1b: Ogerpon\n|-damage|p1b: Ogerpon|0 fnt\n|-unboost|p2a: Voltaire|spa|2\n|faint|p1b: Ogerpon\n|\n|-heal|p1a: Terapagos|80\/100|[from] item: Leftovers\n|upkeep\n|\n|t:|1738960491\n|switch|p2b: Einstein|Grimmsnarl, L50, M, shiny|90\/100\n|switch|p1b: Incineroar|Incineroar, L50, M|30\/100\n|-ability|p1b: Incineroar|Intimidate|boost\n|-unboost|p2a: Voltaire|atk|1\n|-unboost|p2b: Einstein|atk|1\n|turn|9\n|\n|t:|1738960507\n|move|p1b: Incineroar|Fake Out|p2b: Einstein\n|-damage|p2b: Einstein|83\/100\n|cant|p2b: Einstein|flinch\n|move|p1a: Terapagos|Substitute|p1a: Terapagos\n|-start|p1a: Terapagos|Substitute\n|-damage|p1a: Terapagos|55\/100\n|move|p2a: Voltaire|Volt Switch|p1a: Terapagos\n|-activate|p1a: Terapagos|move: Substitute|[damage]\n|\n|t:|1738960517\n|-end|p2a: Voltaire|Protosynthesis|[silent]\n|switch|p2a: Queen Mary I|Flutter Mane, L50|100\/100|[from] Volt Switch\n|\n|-heal|p1a: Terapagos|61\/100|[from] item: Leftovers\n|-sideend|p2: Forbranna|move: Light Screen\n|upkeep\n|turn|10\n|j| Funn yIy\n|\n|t:|1738960527\n|move|p2b: Einstein|Light Screen|p2b: Einstein\n|-sidestart|p2: Forbranna|move: Light Screen\n|move|p2a: Queen Mary I|Moonblast|p1a: Terapagos\n|-activate|p1a: Terapagos|move: Substitute|[damage]\n|move|p1a: Terapagos|Tera Starstorm|p2a: Queen Mary I|[spread] p2a,p2b\n|-damage|p2a: Queen Mary I|45\/100\n|-damage|p2b: Einstein|31\/100\n|move|p1b: Incineroar|Parting Shot|p2a: Queen Mary I\n|-unboost|p2a: Queen Mary I|atk|1\n|-unboost|p2a: Queen Mary I|spa|1\n|\n|t:|1738960532\n|switch|p1b: Flutter Mane|Flutter Mane, L50|100\/100|[from] Parting Shot\n|-enditem|p1b: Flutter Mane|Booster Energy\n|-activate|p1b: Flutter Mane|ability: Protosynthesis|[fromitem]\n|-start|p1b: Flutter Mane|protosynthesisspe\n|\n|-heal|p1a: Terapagos|67\/100|[from] item: Leftovers\n|upkeep\n|turn|11\n|inactive|Forbranna has 30 seconds left.\n|-message|Forbranna forfeited.\n|\n|win|BLiiNDProdiigy\n|raw|BLiiNDProdiigy's rating: 1614 &rarr; <strong>1634<\/strong><br \/>(+20 for winning)\n|raw|Forbranna's rating: 1617 &rarr; <strong>1597<\/strong><br \/>(-20 for losing)\n|l| kiabu233\n|l|\u2606Forbranna\n|player|p2|\n|c|\u2606BLiiNDProdiigy|Ggs\n|l|\u2606BLiiNDProdiigy\n|player|p1|\n|l| Funn yIy\n","uploadtime":1738960772,"views":6,"formatid":"gen9vgc2025regg","rating":1597,"private":0,"password":null}