{"id":"gen9vgc2025regg-2296204111","format":"[Gen 9] VGC 2025 Reg G","players":["xiaobengou123","kd-vgc711"],"log":"|j|\u2606xiaobengou123\n|j|\u2606kd-vgc711\n|t:|1738938265\n|gametype|doubles\n|player|p1|xiaobengou123|twins-gen4dp|1597\n|player|p2|kd-vgc711|266|1591\n|teamsize|p1|6\n|teamsize|p2|6\n|gen|9\n|tier|[Gen 9] VGC 2025 Reg G\n|rated|\n|rule|Species Clause: Limit one of each Pok\u00e9mon\n|rule|Item Clause: Limit 1 of each item\n|clearpoke\n|poke|p1|Calyrex-Ice, L50|\n|poke|p1|Flutter Mane, L50|\n|poke|p1|Ogerpon-Cornerstone, L50, F|\n|poke|p1|Urshifu-*, L50, M|\n|poke|p1|Indeedee-F, L50, F|\n|poke|p1|Raging Bolt, L50|\n|poke|p2|Whimsicott, L50, F|\n|poke|p2|Entei, L50|\n|poke|p2|Flutter Mane, L50|\n|poke|p2|Groudon, L50|\n|poke|p2|Raging Bolt, L50|\n|poke|p2|Chi-Yu, L50|\n|teampreview|4\n|\n|t:|1738938292\n|start\n|switch|p1a: Flutter Mane|Flutter Mane, L50|100\/100\n|switch|p1b: Ogerpon|Ogerpon-Cornerstone, L50, F|100\/100\n|switch|p2a: Raging Bolt|Raging Bolt, L50|100\/100\n|switch|p2b: Chi-Yu|Chi-Yu, L50|100\/100\n|-ability|p2b: Chi-Yu|Beads of Ruin\n|-enditem|p1a: Flutter Mane|Booster Energy\n|-activate|p1a: Flutter Mane|ability: Protosynthesis|[fromitem]\n|-start|p1a: Flutter Mane|protosynthesisspe\n|turn|1\n|inactive|Battle timer is ON: inactive players will automatically lose when time's up. (requested by kd-vgc711)\n|\n|t:|1738938314\n|move|p2a: Raging Bolt|Thunderclap|p1b: Ogerpon\n|-resisted|p1b: Ogerpon\n|-damage|p1b: Ogerpon|73\/100\n|move|p1a: Flutter Mane|Icy Wind|p2b: Chi-Yu|[spread] p2a,p2b\n|-supereffective|p2a: Raging Bolt\n|-resisted|p2b: Chi-Yu\n|-damage|p2a: Raging Bolt|83\/100\n|-damage|p2b: Chi-Yu|93\/100\n|-unboost|p2a: Raging Bolt|spe|1\n|-unboost|p2b: Chi-Yu|spe|1\n|move|p1b: Ogerpon|Ivy Cudgel|p2b: Chi-Yu|[anim] Ivy Cudgel Rock\n|-supereffective|p2b: Chi-Yu\n|-damage|p2b: Chi-Yu|0 fnt\n|faint|p2b: Chi-Yu\n|\n|upkeep\n|\n|t:|1738938319\n|switch|p2b: Groudon|Groudon, L50, shiny|100\/100\n|-weather|SunnyDay|[from] ability: Drought|[of] p2b: Groudon\n|-activate|p2a: Raging Bolt|ability: Protosynthesis\n|-start|p2a: Raging Bolt|protosynthesisspa\n|turn|2\n|\n|t:|1738938331\n|move|p1b: Ogerpon|Spiky Shield|p1b: Ogerpon\n|-singleturn|p1b: Ogerpon|move: Protect\n|move|p2a: Raging Bolt|Thunderclap|p1a: Flutter Mane\n|-damage|p1a: Flutter Mane|53\/100\n|move|p1a: Flutter Mane|Icy Wind|p2a: Raging Bolt|[spread] p2a,p2b\n|-supereffective|p2a: Raging Bolt\n|-supereffective|p2b: Groudon\n|-damage|p2a: Raging Bolt|69\/100\n|-damage|p2b: Groudon|79\/100\n|-unboost|p2a: Raging Bolt|spe|1\n|move|p2b: Groudon|Precipice Blades|p1a: Flutter Mane|[spread] \n|-activate|p1b: Ogerpon|move: Protect\n|-miss|p2b: Groudon|p1a: Flutter Mane\n|\n|-weather|SunnyDay|[upkeep]\n|upkeep\n|turn|3\n|inactive|kd-vgc711 has 30 seconds left.\n|\n|t:|1738938360\n|-terastallize|p2a: Raging Bolt|Electric\n|move|p1a: Flutter Mane|Moonblast|p2a: Raging Bolt\n|-damage|p2a: Raging Bolt|45\/100\n|move|p1b: Ogerpon|Power Whip|p2b: Groudon\n|-supereffective|p2b: Groudon\n|-damage|p2b: Groudon|0 fnt\n|faint|p2b: Groudon\n|move|p2a: Raging Bolt|Electroweb|p1b: Ogerpon|[spread] p1a,p1b\n|-resisted|p1b: Ogerpon\n|-damage|p1a: Flutter Mane|14\/100\n|-damage|p1b: Ogerpon|47\/100\n|-unboost|p1a: Flutter Mane|spe|1\n|-unboost|p1b: Ogerpon|spe|1\n|\n|-weather|SunnyDay|[upkeep]\n|upkeep\n|\n|t:|1738938367\n|switch|p2b: Entei|Entei, L50, shiny|100\/100\n|turn|4\n|\n|t:|1738938377\n|move|p2b: Entei|Protect|p2b: Entei\n|-singleturn|p2b: Entei|Protect\n|move|p1b: Ogerpon|Spiky Shield|p1b: Ogerpon\n|-singleturn|p1b: Ogerpon|move: Protect\n|move|p1a: Flutter Mane|Icy Wind|p2b: Entei|[spread] p2a\n|-activate|p2b: Entei|move: Protect\n|-damage|p2a: Raging Bolt|38\/100\n|-unboost|p2a: Raging Bolt|spe|1\n|move|p2a: Raging Bolt|Electroweb|p1b: Ogerpon|[spread] p1a\n|-activate|p1b: Ogerpon|move: Protect\n|-damage|p1a: Flutter Mane|0 fnt\n|faint|p1a: Flutter Mane\n|-end|p1a: Flutter Mane|Protosynthesis|[silent]\n|\n|-weather|SunnyDay|[upkeep]\n|upkeep\n|\n|t:|1738938391\n|switch|p1a: Calyrex|Calyrex-Ice, L50|100\/100\n|-ability|p1a: Calyrex|As One\n|-ability|p1a: Calyrex|Unnerve\n|turn|5\n|\n|t:|1738938398\n|-terastallize|p1a: Calyrex|Fairy\n|move|p1b: Ogerpon|Follow Me|p1b: Ogerpon\n|-singleturn|p1b: Ogerpon|move: Follow Me\n|move|p2b: Entei|Sacred Fire|p1b: Ogerpon\n|-damage|p1b: Ogerpon|0 fnt\n|faint|p1b: Ogerpon\n|-damage|p2b: Entei|91\/100|[from] item: Life Orb\n|move|p1a: Calyrex|Glacial Lance|p2a: Raging Bolt|[spread] p2a,p2b\n|-resisted|p2b: Entei\n|-damage|p2a: Raging Bolt|0 fnt\n|-damage|p2b: Entei|57\/100\n|faint|p2a: Raging Bolt\n|-end|p2a: Raging Bolt|Protosynthesis|[silent]\n|-ability|p1a: Calyrex|Chilling Neigh|boost\n|-boost|p1a: Calyrex|atk|1\n|\n|-weather|SunnyDay|[upkeep]\n|upkeep\n|\n|t:|1738938412\n|switch|p1b: Indeedee|Indeedee-F, L50, F|100\/100\n|-fieldstart|move: Psychic Terrain|[from] ability: Psychic Surge|[of] p1b: Indeedee\n|turn|6\n|-message|kd-vgc711 forfeited.\n|\n|win|xiaobengou123\n|raw|xiaobengou123's rating: 1597 &rarr; <strong>1617<\/strong><br \/>(+20 for winning)\n|raw|kd-vgc711's rating: 1591 &rarr; <strong>1571<\/strong><br \/>(-20 for losing)\n|l|\u2606kd-vgc711\n|player|p2|\n|l|\u2606xiaobengou123\n|player|p1|\n","uploadtime":1738938609,"views":6,"formatid":"gen9vgc2025regg","rating":1571,"private":0,"password":null}