{"id":"gen9vgc2025regg-2296403642","format":"[Gen 9] VGC 2025 Reg G","players":["Farhaz_VGC","Forbranna"],"log":"|j|\u2606Farhaz_VGC\n|j|\u2606Forbranna\n|t:|1738958370\n|gametype|doubles\n|player|p1|Farhaz_VGC|rosa|1606\n|player|p2|Forbranna|clair|1555\n|teamsize|p1|6\n|teamsize|p2|6\n|gen|9\n|tier|[Gen 9] VGC 2025 Reg G\n|rated|\n|rule|Species Clause: Limit one of each Pok\u00e9mon\n|rule|Item Clause: Limit 1 of each item\n|clearpoke\n|poke|p1|Tornadus, L50, M|\n|poke|p1|Urshifu-*, L50, M|\n|poke|p1|Incineroar, L50, M|\n|poke|p1|Landorus-Therian, L50, M|\n|poke|p1|Calyrex-Shadow, L50|\n|poke|p1|Farigiraf, L50, M|\n|poke|p2|Grimmsnarl, L50, M|\n|poke|p2|Chi-Yu, L50|\n|poke|p2|Koraidon, L50|\n|poke|p2|Flutter Mane, L50|\n|poke|p2|Raging Bolt, L50|\n|poke|p2|Ogerpon-Cornerstone, L50, F|\n|teampreview|4\n|inactive|Battle timer is ON: inactive players will automatically lose when time's up. (requested by Forbranna)\n|\n|t:|1738958385\n|start\n|switch|p1a: Tornadus|Tornadus, L50, M|100\/100\n|switch|p1b: Landorus|Landorus-Therian, L50, M|100\/100\n|switch|p2a: Einstein|Grimmsnarl, L50, M, shiny|100\/100\n|switch|p2b: Queen Mary I|Flutter Mane, L50|100\/100\n|-ability|p1b: Landorus|Intimidate|boost\n|-unboost|p2a: Einstein|atk|1\n|-unboost|p2b: Queen Mary I|atk|1\n|turn|1\n|\n|t:|1738958399\n|move|p2a: Einstein|Reflect|p2a: Einstein\n|-sidestart|p2: Forbranna|Reflect\n|move|p2b: Queen Mary I|Icy Wind|p1b: Landorus|[spread] p1a,p1b\n|-supereffective|p1a: Tornadus\n|-supereffective|p1b: Landorus\n|-damage|p1a: Tornadus|70\/100\n|-damage|p1b: Landorus|59\/100\n|-unboost|p1b: Landorus|spe|1\n|move|p1a: Tornadus|Bleakwind Storm|p2b: Queen Mary I|[spread] p2a,p2b\n|-crit|p2b: Queen Mary I\n|-damage|p2a: Einstein|72\/100\n|-damage|p2b: Queen Mary I|51\/100\n|move|p1b: Landorus|Earthquake|p2a: Einstein|[spread] p2a,p2b\n|-immune|p1a: Tornadus\n|-damage|p2a: Einstein|44\/100\n|-damage|p2b: Queen Mary I|0 fnt\n|faint|p2b: Queen Mary I\n|-end|p2b: Queen Mary I|Protosynthesis|[silent]\n|\n|upkeep\n|\n|t:|1738958416\n|switch|p2b: Moctezuma|Koraidon, L50|100\/100\n|-weather|SunnyDay|[from] ability: Orichalcum Pulse|[of] p2b: Moctezuma\n|-activate|p2b: Moctezuma|Orichalcum Pulse|[source]\n|turn|2\n|\n|t:|1738958429\n|-terastallize|p1a: Tornadus|Dark\n|move|p1a: Tornadus|Tailwind|p1a: Tornadus\n|-sidestart|p1: Farhaz_VGC|move: Tailwind\n|move|p2a: Einstein|Light Screen|p2a: Einstein\n|-sidestart|p2: Forbranna|move: Light Screen\n|move|p2b: Moctezuma|Flame Charge|p1b: Landorus\n|-damage|p1b: Landorus|26\/100\n|-boost|p2b: Moctezuma|spe|1\n|move|p1b: Landorus|Earthquake|p2b: Moctezuma|[spread] p1a,p2a,p2b\n|-damage|p1a: Tornadus|22\/100\n|-damage|p2a: Einstein|14\/100\n|-damage|p2b: Moctezuma|74\/100\n|\n|-weather|SunnyDay|[upkeep]\n|upkeep\n|turn|3\n|\n|t:|1738958448\n|switch|p2a: Voltaire|Raging Bolt, L50|100\/100\n|-activate|p2a: Voltaire|ability: Protosynthesis\n|-start|p2a: Voltaire|protosynthesisspa\n|-terastallize|p2b: Moctezuma|Fire\n|move|p2b: Moctezuma|Flame Charge|p1b: Landorus\n|-damage|p1b: Landorus|0 fnt\n|-boost|p2b: Moctezuma|spe|1\n|faint|p1b: Landorus\n|move|p1a: Tornadus|Bleakwind Storm|p2a: Voltaire|[spread] p2a,p2b\n|-resisted|p2a: Voltaire\n|-damage|p2a: Voltaire|94\/100\n|-damage|p2b: Moctezuma|55\/100\n|\n|-weather|SunnyDay|[upkeep]\n|upkeep\n|j| PoggibonsiCity\n|\n|t:|1738958466\n|switch|p1b: Urshifu|Urshifu, L50, M|100\/100\n|turn|4\n|\n|t:|1738958488\n|move|p2a: Voltaire|Thunderclap|p1a: Tornadus\n|-damage|p1a: Tornadus|0 fnt\n|faint|p1a: Tornadus\n|move|p2b: Moctezuma|Collision Course|p1b: Urshifu\n|-supereffective|p1b: Urshifu\n|-enditem|p1b: Urshifu|Focus Sash\n|-damage|p1b: Urshifu|1\/100\n|move|p1b: Urshifu|Close Combat|p2b: Moctezuma\n|-damage|p2b: Moctezuma|17\/100\n|-unboost|p1b: Urshifu|def|1\n|-unboost|p1b: Urshifu|spd|1\n|\n|-weather|SunnyDay|[upkeep]\n|upkeep\n|\n|t:|1738958500\n|switch|p1a: Calyrex|Calyrex-Shadow, L50|100\/100\n|-ability|p1a: Calyrex|As One\n|-ability|p1a: Calyrex|Unnerve\n|turn|5\n|j| VelmasJinkies\n|\n|t:|1738958516\n|move|p2b: Moctezuma|Protect|p2b: Moctezuma\n|-singleturn|p2b: Moctezuma|Protect\n|move|p1b: Urshifu|Sucker Punch||[still]\n|-fail|p1b: Urshifu\n|move|p1a: Calyrex|Astral Barrage|p2a: Voltaire|[spread] p2a\n|-activate|p2b: Moctezuma|move: Protect\n|-damage|p2a: Voltaire|64\/100\n|move|p2a: Voltaire|Thunderbolt|p1b: Urshifu\n|-damage|p1b: Urshifu|0 fnt\n|faint|p1b: Urshifu\n|\n|-weather|SunnyDay|[upkeep]\n|-sideend|p1: Farhaz_VGC|move: Tailwind\n|upkeep\n|turn|6\n|l| PoggibonsiCity\n|\n|t:|1738958534\n|move|p2a: Voltaire|Thunderclap|p1a: Calyrex\n|-damage|p1a: Calyrex|49\/100\n|move|p2b: Moctezuma|Flare Blitz|p1a: Calyrex\n|-damage|p1a: Calyrex|0 fnt\n|faint|p1a: Calyrex\n|-damage|p2b: Moctezuma|0 fnt|[from] Recoil\n|faint|p2b: Moctezuma\n|\n|win|Forbranna\n|raw|Farhaz_VGC's rating: 1606 &rarr; <strong>1583<\/strong><br \/>(-23 for losing)\n|raw|Forbranna's rating: 1555 &rarr; <strong>1578<\/strong><br \/>(+23 for winning)\n|l|\u2606Farhaz_VGC\n|player|p1|\n","uploadtime":1738958596,"views":6,"formatid":"gen9vgc2025regg","rating":1578,"private":0,"password":null}