{"id":"gen9vgc2025regg-2296406580","format":"[Gen 9] VGC 2025 Reg G","players":["Gi1796","Farhaz_VGC"],"log":"|j|\u2606Gi1796\n|j|\u2606Farhaz_VGC\n|t:|1738958686\n|gametype|doubles\n|player|p1|Gi1796|veteran|1632\n|player|p2|Farhaz_VGC|rosa|1596\n|teamsize|p1|6\n|teamsize|p2|6\n|gen|9\n|tier|[Gen 9] VGC 2025 Reg G\n|rated|\n|rule|Species Clause: Limit one of each Pok\u00e9mon\n|rule|Item Clause: Limit 1 of each item\n|clearpoke\n|poke|p1|Calyrex-Shadow, L50|\n|poke|p1|Chi-Yu, L50|\n|poke|p1|Ogerpon-Cornerstone, L50, F|\n|poke|p1|Tornadus, L50, M|\n|poke|p1|Urshifu-*, L50, M|\n|poke|p1|Indeedee-F, L50, F|\n|poke|p2|Tornadus, L50, M|\n|poke|p2|Urshifu-*, L50, F|\n|poke|p2|Incineroar, L50, F|\n|poke|p2|Landorus-Therian, L50, M|\n|poke|p2|Calyrex-Shadow, L50|\n|poke|p2|Farigiraf, L50, F|\n|teampreview|4\nGi1796 has agreed to open team sheets.\n|inactive|Battle timer is ON: inactive players will automatically lose when time's up. (requested by Gi1796)\n|inactive|Gi1796 has 60 seconds left.\n|j| playrornds\n|\n|t:|1738958727\n|start\n|switch|p1a: Tornadus|Tornadus, L50, M|100\/100\n|switch|p1b: Calyrex|Calyrex-Shadow, L50|100\/100\n|switch|p2a: Tornadus|Tornadus, L50, M|100\/100\n|switch|p2b: Landorus|Landorus-Therian, L50, M|100\/100\n|-ability|p1b: Calyrex|As One\n|-ability|p1b: Calyrex|Unnerve\n|-ability|p2b: Landorus|Intimidate|boost\n|-unboost|p1a: Tornadus|atk|1\n|-unboost|p1b: Calyrex|atk|1\n|turn|1\n|\n|t:|1738958747\n|move|p2a: Tornadus|Tailwind|p2a: Tornadus\n|-sidestart|p2: Farhaz_VGC|move: Tailwind\n|move|p2b: Landorus|Rock Slide|p1b: Calyrex|[spread] p1a,p1b\n|-supereffective|p1a: Tornadus\n|-damage|p1a: Tornadus|27\/100\n|-damage|p1b: Calyrex|74\/100\n|move|p1b: Calyrex|Astral Barrage|p2a: Tornadus|[spread] p2a,p2b\n|-damage|p2a: Tornadus|28\/100\n|-damage|p2b: Landorus|44\/100\n|-damage|p1b: Calyrex|64\/100|[from] item: Life Orb\n|move|p1a: Tornadus|Bleakwind Storm|p2a: Tornadus|[spread] p2b\n|-miss|p1a: Tornadus|p2a: Tornadus\n|-damage|p2b: Landorus|14\/100\n|\n|upkeep\n|turn|2\n|\n|t:|1738958766\n|move|p2a: Tornadus|Taunt|p1a: Tornadus\n|-start|p1a: Tornadus|move: Taunt\n|cant|p1a: Tornadus|move: Taunt|Tailwind\n|move|p2b: Landorus|Rock Slide|p1b: Calyrex|[spread] p1a,p1b\n|-supereffective|p1a: Tornadus\n|-damage|p1a: Tornadus|0 fnt\n|-damage|p1b: Calyrex|36\/100\n|faint|p1a: Tornadus\n|cant|p1b: Calyrex|flinch\n|\n|upkeep\n|\n|t:|1738958786\n|switch|p1a: Urshifu|Urshifu-Rapid-Strike, L50, M|100\/100\n|turn|3\n|\n|t:|1738958800\n|-terastallize|p1a: Urshifu|Water\n|move|p1a: Urshifu|Aqua Jet|p2a: Tornadus\n|-damage|p2a: Tornadus|4\/100\n|move|p2a: Tornadus|Bleakwind Storm|p1a: Urshifu|[spread] p1b\n|-miss|p2a: Tornadus|p1a: Urshifu\n|-damage|p1b: Calyrex|6\/100\n|move|p2b: Landorus|Earthquake|p1a: Urshifu|[spread] p1a,p1b\n|-immune|p2a: Tornadus\n|-damage|p1a: Urshifu|52\/100\n|-damage|p1b: Calyrex|0 fnt\n|faint|p1b: Calyrex\n|\n|upkeep\n|\n|t:|1738958810\n|switch|p1b: Ogerpon|Ogerpon-Cornerstone, L50, F|100\/100\n|turn|4\n|\n|t:|1738958820\n|move|p1a: Urshifu|Aqua Jet|p2a: Tornadus\n|-damage|p2a: Tornadus|0 fnt\n|faint|p2a: Tornadus\n|move|p2b: Landorus|Earthquake|p1a: Urshifu|[spread] p1a,p1b\n|-damage|p1a: Urshifu|9\/100\n|-damage|p1b: Ogerpon|42\/100\n|move|p1b: Ogerpon|Ivy Cudgel|p2b: Landorus|[anim] Ivy Cudgel Rock\n|-damage|p2b: Landorus|0 fnt\n|faint|p2b: Landorus\n|\n|-sideend|p2: Farhaz_VGC|move: Tailwind\n|upkeep\n|\n|t:|1738958830\n|switch|p2a: Calyrex|Calyrex-Shadow, L50|100\/100\n|switch|p2b: Urshifu|Urshifu, L50, F|100\/100\n|-ability|p2a: Calyrex|As One\n|-ability|p2a: Calyrex|Unnerve\n|turn|5\n|j| VelmasJinkies\n|-message|Gi1796 forfeited.\n|\n|win|Farhaz_VGC\n|raw|Gi1796's rating: 1632 &rarr; <strong>1610<\/strong><br \/>(-22 for losing)\n|raw|Farhaz_VGC's rating: 1596 &rarr; <strong>1618<\/strong><br \/>(+22 for winning)\n|l|\u2606Gi1796\n|player|p1|\n|l|\u2606Farhaz_VGC\n|player|p2|\n|l| playrornds\n","uploadtime":1738958973,"views":12,"formatid":"gen9vgc2025regg","rating":1610,"private":0,"password":null}