{"id":"gen9vgc2025regg-2296417390","format":"[Gen 9] VGC 2025 Reg G","players":["xatseye","pigsprep"],"log":"|j|\u2606xatseye\n|j|\u2606pigsprep\n|t:|1738959845\n|gametype|doubles\n|player|p1|xatseye|265|1549\n|player|p2|pigsprep|arven-v|1626\n|teamsize|p1|6\n|teamsize|p2|6\n|gen|9\n|tier|[Gen 9] VGC 2025 Reg G\n|rated|\n|rule|Species Clause: Limit one of each Pok\u00e9mon\n|rule|Item Clause: Limit 1 of each item\n|clearpoke\n|poke|p1|Miraidon, L50|\n|poke|p1|Incineroar, L50, F|\n|poke|p1|Oranguru, L50, F|\n|poke|p1|Grimmsnarl, L50, M|\n|poke|p1|Urshifu-*, L50, F|\n|poke|p1|Comfey, L50, F|\n|poke|p2|Kyogre, L50|\n|poke|p2|Tornadus, L50, M|\n|poke|p2|Dondozo, L50, M|\n|poke|p2|Tatsugiri, L50, M|\n|poke|p2|Flutter Mane, L50|\n|poke|p2|Pikachu, L50, F|\n|teampreview|4\n|inactive|Battle timer is ON: inactive players will automatically lose when time's up. (requested by xatseye)\n|\n|t:|1738959869\n|start\n|switch|p1a: Miraidon|Miraidon, L50|100\/100\n|switch|p1b: Oranguru|Oranguru, L50, F|100\/100\n|switch|p2a: Kyogre|Kyogre, L50|100\/100\n|switch|p2b: Pikachu|Pikachu, L50, F, shiny|100\/100\n|-fieldstart|move: Electric Terrain|[from] ability: Hadron Engine|[of] p1a: Miraidon\n|-enditem|p1a: Miraidon|Electric Seed\n|-boost|p1a: Miraidon|def|1|[from] item: Electric Seed\n|-activate|p1b: Oranguru|ability: Symbiosis|Covert Cloak|[of] p1a: Miraidon\n|-weather|RainDance|[from] ability: Drizzle|[of] p2a: Kyogre\n|turn|1\n|\n|t:|1738959883\n|move|p2b: Pikachu|Fake Out|p1a: Miraidon\n|-damage|p1a: Miraidon|91\/100\n|move|p1a: Miraidon|Calm Mind|p1a: Miraidon\n|-boost|p1a: Miraidon|spa|1\n|-boost|p1a: Miraidon|spd|1\n|move|p2a: Kyogre|Water Spout|p1a: Miraidon|[spread] p1a,p1b\n|-resisted|p1a: Miraidon\n|-damage|p1a: Miraidon|54\/100\n|-damage|p1b: Oranguru|4\/100\n|move|p1b: Oranguru|Instruct|p1a: Miraidon\n|-singleturn|p1a: Miraidon|move: Instruct|[of] p1b: Oranguru\n|move|p1a: Miraidon|Calm Mind|p1a: Miraidon\n|-boost|p1a: Miraidon|spa|1\n|-boost|p1a: Miraidon|spd|1\n|\n|-weather|RainDance|[upkeep]\n|upkeep\n|turn|2\n|\n|t:|1738959901\n|move|p1a: Miraidon|Parabolic Charge|p2a: Kyogre|[spread] p1b,p2a\n|-ability|p2b: Pikachu|Lightning Rod|boost\n|-boost|p2b: Pikachu|spa|1\n|-supereffective|p2a: Kyogre\n|-damage|p1b: Oranguru|0 fnt\n|-heal|p1a: Miraidon|56\/100|[from] drain|[of] p1b: Oranguru\n|-damage|p2a: Kyogre|0 fnt\n|-heal|p1a: Miraidon|100\/100|[from] drain|[of] p2a: Kyogre\n|faint|p1b: Oranguru\n|faint|p2a: Kyogre\n|move|p2b: Pikachu|Play Rough|p1a: Miraidon\n|-supereffective|p1a: Miraidon\n|-damage|p1a: Miraidon|60\/100\n|\n|-weather|RainDance|[upkeep]\n|upkeep\n|\n|t:|1738959915\n|switch|p2a: Dondozo|Dondozo, L50, M|100\/100\n|switch|p1b: Urshifu|Urshifu-Rapid-Strike, L50, F|100\/100\n|turn|3\n|\n|t:|1738959931\n|switch|p2b: Tatsugiri|Tatsugiri, L50, M|100\/100\n|-activate|p2b: Tatsugiri|ability: Commander|[of] p2a: Dondozo\n|-boost|p2a: Dondozo|atk|2\n|-boost|p2a: Dondozo|spa|2\n|-boost|p2a: Dondozo|spe|2\n|-boost|p2a: Dondozo|def|2\n|-boost|p2a: Dondozo|spd|2\n|-terastallize|p2a: Dondozo|Dragon\n|move|p1a: Miraidon|Protect|p1a: Miraidon\n|-singleturn|p1a: Miraidon|Protect\n|move|p1b: Urshifu|U-turn|p2b: Tatsugiri|[miss]\n|-miss|p1b: Urshifu|p2b: Tatsugiri\n|move|p2a: Dondozo|Order Up|p1a: Miraidon\n|-activate|p1a: Miraidon|move: Protect\n|\n|-weather|RainDance|[upkeep]\n|upkeep\n|turn|4\n|\n|t:|1738959951\n|-terastallize|p1a: Miraidon|Electric\n|move|p1b: Urshifu|U-turn|p2a: Dondozo\n|-damage|p2a: Dondozo|90\/100\n|\n|t:|1738959954\n|switch|p1b: Comfey|Comfey, L50, F|100\/100|[from] U-turn\n|move|p1a: Miraidon|Parabolic Charge|p2a: Dondozo|[spread] p1b,p2a\n|-miss|p1a: Miraidon|p2b: Tatsugiri\n|-resisted|p2a: Dondozo\n|-damage|p1b: Comfey|9\/100\n|-heal|p1a: Miraidon|96\/100|[from] drain|[of] p1b: Comfey\n|-damage|p2a: Dondozo|76\/100\n|-heal|p1a: Miraidon|100\/100|[from] drain|[of] p2a: Dondozo\n|-enditem|p1b: Comfey|Sitrus Berry|[eat]\n|-heal|p1b: Comfey|34\/100|[from] item: Sitrus Berry\n|move|p2a: Dondozo|Wave Crash|p1a: Miraidon\n|-damage|p1a: Miraidon|0 fnt\n|faint|p1a: Miraidon\n|-damage|p2a: Dondozo|47\/100|[from] Recoil\n|\n|-weather|RainDance|[upkeep]\n|-heal|p2a: Dondozo|53\/100|[from] item: Leftovers\n|upkeep\n|\n|t:|1738959972\n|switch|p1a: Urshifu|Urshifu-Rapid-Strike, L50, F|100\/100\n|turn|5\n|\n|t:|1738959984\n|move|p1b: Comfey|Draining Kiss|p2a: Dondozo\n|-supereffective|p2a: Dondozo\n|-damage|p2a: Dondozo|39\/100\n|-heal|p1b: Comfey|49\/100|[from] drain|[of] p2a: Dondozo\n|move|p1a: Urshifu|Surging Strikes|p2a: Dondozo\n|-resisted|p2a: Dondozo\n|-crit|p2a: Dondozo\n|-damage|p2a: Dondozo|28\/100\n|-resisted|p2a: Dondozo\n|-crit|p2a: Dondozo\n|-damage|p2a: Dondozo|15\/100\n|-resisted|p2a: Dondozo\n|-crit|p2a: Dondozo\n|-damage|p2a: Dondozo|4\/100\n|-hitcount|p2a: Dondozo|3\n|move|p2a: Dondozo|Surf|p1b: Comfey|[spread] p1a,p1b\n|-miss|p2a: Dondozo|p2b: Tatsugiri\n|-resisted|p1a: Urshifu\n|-damage|p1a: Urshifu|57\/100\n|-damage|p1b: Comfey|9\/100\n|\n|-weather|none\n|-heal|p2a: Dondozo|10\/100|[from] item: Leftovers\n|-fieldend|move: Electric Terrain\n|upkeep\n|turn|6\n|inactive|xatseye has 30 seconds left.\n|\n|t:|1738960013\n|move|p1b: Comfey|Floral Healing|p1a: Urshifu\n|-heal|p1a: Urshifu|100\/100\n|move|p1a: Urshifu|Surging Strikes|p2a: Dondozo\n|-resisted|p2a: Dondozo\n|-crit|p2a: Dondozo\n|-damage|p2a: Dondozo|1\/100\n|-resisted|p2a: Dondozo\n|-crit|p2a: Dondozo\n|-damage|p2a: Dondozo|0 fnt\n|faint|p2a: Dondozo\n|-hitcount|p2: Dondozo|2\n|\n|upkeep\n|\n|t:|1738960022\n|switch|p2a: Pikachu|Pikachu, L50, F, shiny|100\/100\n|turn|7\n|\n|t:|1738960033\n|move|p2a: Pikachu|Fake Out|p1b: Comfey\n|-damage|p1b: Comfey|0 fnt\n|faint|p1b: Comfey\n|move|p1a: Urshifu|Surging Strikes|p2a: Pikachu\n|-crit|p2a: Pikachu\n|-damage|p2a: Pikachu|37\/100\n|-crit|p2a: Pikachu\n|-damage|p2a: Pikachu|0 fnt\n|faint|p2a: Pikachu\n|-hitcount|p2: Pikachu|2\n|move|p2b: Tatsugiri|Dragon Pulse|p1a: Urshifu\n|-crit|p1a: Urshifu\n|-damage|p1a: Urshifu|0 fnt\n|faint|p1a: Urshifu\n|\n|win|pigsprep\n|raw|xatseye's rating: 1549 &rarr; <strong>1533<\/strong><br \/>(-16 for losing)\n|raw|pigsprep's rating: 1626 &rarr; <strong>1642<\/strong><br \/>(+16 for winning)\n|l|\u2606pigsprep\n|player|p2|\n|l|\u2606xatseye\n|player|p1|\n","uploadtime":1738960219,"views":14,"formatid":"gen9vgc2025regg","rating":1533,"private":0,"password":null}