{"id":"gen9vgc2025regg-2296588793","format":"[Gen 9] VGC 2025 Reg G","players":["Mishima14","Jasondddd"],"log":"|j|\u2606Mishima14\n|j|\u2606Jasondddd\n|t:|1738980923\n|gametype|doubles\n|player|p1|Mishima14|169|1552\n|player|p2|Jasondddd|lucas|1578\n|teamsize|p1|6\n|teamsize|p2|6\n|gen|9\n|tier|[Gen 9] VGC 2025 Reg G\n|rated|\n|rule|Species Clause: Limit one of each Pok\u00e9mon\n|rule|Item Clause: Limit 1 of each item\n|clearpoke\n|poke|p1|Calyrex-Ice, L50|\n|poke|p1|Landorus, L50, M|\n|poke|p1|Urshifu-*, L50, M|\n|poke|p1|Ogerpon-Hearthflame, L50, F|\n|poke|p1|Raging Bolt, L50|\n|poke|p1|Grimmsnarl, L50, M|\n|poke|p2|Zamazenta-*, L50|\n|poke|p2|Urshifu-*, L50, M|\n|poke|p2|Landorus, L50, M|\n|poke|p2|Flutter Mane, L50|\n|poke|p2|Rillaboom, L50, F|\n|poke|p2|Moltres, L50|\n|teampreview|4\n|inactive|Battle timer is ON: inactive players will automatically lose when time's up. (requested by Mishima14)\n|inactive|Mishima14 has 60 seconds left.\n|inactive|Jasondddd has 60 seconds left.\n|\n|t:|1738980977\n|start\n|switch|p1a: Calyrex|Calyrex-Ice, L50|100\/100\n|switch|p1b: Raging Bolt|Raging Bolt, L50|100\/100\n|switch|p2a: Moltres|Moltres, L50|100\/100\n|switch|p2b: Zamazenta|Zamazenta-Crowned, L50|100\/100\n|-ability|p1a: Calyrex|As One\n|-ability|p1a: Calyrex|Unnerve\n|-ability|p2b: Zamazenta|Dauntless Shield|boost\n|-boost|p2b: Zamazenta|def|1\n|turn|1\n|\n|t:|1738980996\n|switch|p1a: Grimmsnarl|Grimmsnarl, L50, M|100\/100\n|move|p2b: Zamazenta|Body Press|p1a: Grimmsnarl\n|-damage|p1a: Grimmsnarl|35\/100\n|move|p2a: Moltres|Heat Wave|p1a: Grimmsnarl|[spread] p1a,p1b\n|-resisted|p1b: Raging Bolt\n|-damage|p1a: Grimmsnarl|0 fnt\n|-damage|p1b: Raging Bolt|90\/100\n|faint|p1a: Grimmsnarl\n|move|p1b: Raging Bolt|Electroweb|p2b: Zamazenta|[spread] p2a,p2b\n|-supereffective|p2a: Moltres\n|-damage|p2a: Moltres|62\/100\n|-damage|p2b: Zamazenta|84\/100\n|-unboost|p2a: Moltres|spe|1\n|-unboost|p2b: Zamazenta|spe|1\n|\n|upkeep\n|\n|t:|1738981011\n|switch|p1a: Landorus|Landorus, L50, M|100\/100\n|turn|2\n|\n|t:|1738981024\n|switch|p2a: Landorus|Landorus, L50, M|100\/100\n|move|p2b: Zamazenta|Protect|p2b: Zamazenta\n|-singleturn|p2b: Zamazenta|Protect\n|move|p1a: Landorus|Earth Power|p2b: Zamazenta\n|-activate|p2b: Zamazenta|move: Protect\n|move|p1b: Raging Bolt|Electroweb|p2a: Landorus|[spread] \n|-activate|p2b: Zamazenta|move: Protect\n|-immune|p2a: Landorus\n|\n|upkeep\n|turn|3\n|\n|t:|1738981048\n|switch|p2b: Rillaboom|Rillaboom, L50, F|100\/100\n|-fieldstart|move: Grassy Terrain|[from] ability: Grassy Surge|[of] p2b: Rillaboom\n|-terastallize|p1b: Raging Bolt|Fairy\n|move|p2a: Landorus|Earth Power|p1b: Raging Bolt\n|-damage|p1b: Raging Bolt|54\/100\n|move|p1a: Landorus|Earth Power|p2b: Rillaboom\n|-resisted|p2b: Rillaboom\n|-damage|p2b: Rillaboom|79\/100\n|move|p1b: Raging Bolt|Volt Switch|p2b: Rillaboom\n|-resisted|p2b: Rillaboom\n|-damage|p2b: Rillaboom|68\/100\n|\n|t:|1738981061\n|-end|p1b: Raging Bolt|Protosynthesis|[silent]\n|switch|p1b: Calyrex|Calyrex-Ice, L50|100\/100|[from] Volt Switch\n|-ability|p1b: Calyrex|As One\n|-ability|p1b: Calyrex|Unnerve\n|\n|-heal|p2b: Rillaboom|74\/100|[from] Grassy Terrain\n|upkeep\n|turn|4\n|\n|t:|1738981076\n|move|p2b: Rillaboom|Fake Out|p1b: Calyrex\n|-damage|p1b: Calyrex|93\/100\n|move|p2a: Landorus|Earth Power|p1b: Calyrex\n|-damage|p1b: Calyrex|50\/100\n|move|p1a: Landorus|Sludge Bomb|p2b: Rillaboom\n|-supereffective|p2b: Rillaboom\n|-damage|p2b: Rillaboom|14\/100\n|cant|p1b: Calyrex|flinch\n|\n|-heal|p2b: Rillaboom|19\/100|[from] Grassy Terrain\n|-heal|p1b: Calyrex|56\/100|[from] Grassy Terrain\n|upkeep\n|turn|5\n|\n|t:|1738981099\n|move|p1b: Calyrex|Protect|p1b: Calyrex\n|-singleturn|p1b: Calyrex|Protect\n|move|p2b: Rillaboom|Grassy Glide|p1b: Calyrex\n|-activate|p1b: Calyrex|move: Protect\n|move|p2a: Landorus|Earth Power|p1b: Calyrex\n|-activate|p1b: Calyrex|move: Protect\n|move|p1a: Landorus|Earth Power|p2b: Rillaboom\n|-resisted|p2b: Rillaboom\n|-damage|p2b: Rillaboom|0 fnt\n|faint|p2b: Rillaboom\n|\n|-heal|p1b: Calyrex|62\/100|[from] Grassy Terrain\n|upkeep\n|j| yukina VGC\n|\n|t:|1738981114\n|switch|p2b: Moltres|Moltres, L50|62\/100\n|turn|6\n|\n|t:|1738981122\n|switch|p1b: Raging Bolt|Raging Bolt, L50, tera:Fairy|54\/100\n|move|p2a: Landorus|Earth Power|p1b: Raging Bolt\n|-damage|p1b: Raging Bolt|18\/100\n|move|p1a: Landorus|Sludge Bomb|p2a: Landorus\n|-resisted|p2a: Landorus\n|-damage|p2a: Landorus|67\/100\n|move|p2b: Moltres|Heat Wave|p1a: Landorus|[spread] p1a,p1b\n|-damage|p1a: Landorus|66\/100\n|-damage|p1b: Raging Bolt|0 fnt\n|faint|p1b: Raging Bolt\n|-end|p1b: Raging Bolt|Protosynthesis|[silent]\n|\n|upkeep\n|\n|t:|1738981130\n|switch|p1b: Calyrex|Calyrex-Ice, L50|62\/100\n|-ability|p1b: Calyrex|As One\n|-ability|p1b: Calyrex|Unnerve\n|turn|7\n|\n|t:|1738981143\n|move|p2a: Landorus|Earth Power|p1b: Calyrex\n|-damage|p1b: Calyrex|23\/100\n|move|p1a: Landorus|Sludge Bomb|p2b: Moltres\n|-damage|p2b: Moltres|13\/100\n|move|p2b: Moltres|Heat Wave|p1b: Calyrex|[spread] p1a,p1b\n|-supereffective|p1b: Calyrex\n|-damage|p1a: Landorus|27\/100\n|-damage|p1b: Calyrex|0 fnt\n|faint|p1b: Calyrex\n|\n|-fieldend|move: Grassy Terrain\n|upkeep\n|turn|8\n|-message|Mishima14 forfeited.\n|\n|win|Jasondddd\n|raw|Mishima14's rating: 1552 &rarr; <strong>1533<\/strong><br \/>(-19 for losing)\n|raw|Jasondddd's rating: 1578 &rarr; <strong>1597<\/strong><br \/>(+19 for winning)\n","uploadtime":1738981164,"views":22,"formatid":"gen9vgc2025regg","rating":1533,"private":0,"password":null}