{"id":"gen9vgc2025regg-2296589545","format":"[Gen 9] VGC 2025 Reg G","players":["speedduels","Kwiper"],"log":"|j|\u2606speedduels\n|j|\u2606Kwiper\n|t:|1738981027\n|gametype|doubles\n|player|p1|speedduels|102|1556\n|player|p2|Kwiper|sycamore|1541\n|teamsize|p1|6\n|teamsize|p2|6\n|gen|9\n|tier|[Gen 9] VGC 2025 Reg G\n|rated|\n|rule|Species Clause: Limit one of each Pok\u00e9mon\n|rule|Item Clause: Limit 1 of each item\n|clearpoke\n|poke|p1|Terapagos, L50, M|\n|poke|p1|Flutter Mane, L50|\n|poke|p1|Chi-Yu, L50|\n|poke|p1|Grimmsnarl, L50, M|\n|poke|p1|Dondozo, L50, M|\n|poke|p1|Tatsugiri, L50, F|\n|poke|p2|Koraidon, L50|\n|poke|p2|Flutter Mane, L50|\n|poke|p2|Raging Bolt, L50|\n|poke|p2|Tornadus, L50, M|\n|poke|p2|Chi-Yu, L50|\n|poke|p2|Bastiodon, L50, M|\n|teampreview|4\n|inactive|Battle timer is ON: inactive players will automatically lose when time's up. (requested by Kwiper)\n|inactive|Kwiper has 60 seconds left.\n|\n|t:|1738981066\n|start\n|switch|p1a: Flutter Mane|Flutter Mane, L50|100\/100\n|switch|p1b: Chi-Yu|Chi-Yu, L50|100\/100\n|switch|p2a: Tornadus|Tornadus, L50, M|100\/100\n|switch|p2b: Flutter Mane|Flutter Mane, L50|100\/100\n|-ability|p1b: Chi-Yu|Beads of Ruin\n|-enditem|p1a: Flutter Mane|Booster Energy\n|-activate|p1a: Flutter Mane|ability: Protosynthesis|[fromitem]\n|-start|p1a: Flutter Mane|protosynthesisspe\n|turn|1\n|inactive|speedduels has 30 seconds left.\n|inactive|speedduels has 20 seconds left.\n|\n|t:|1738981104\n|move|p2a: Tornadus|Tailwind|p2a: Tornadus\n|-sidestart|p2: Kwiper|move: Tailwind\n|move|p2b: Flutter Mane|Moonblast|p1b: Chi-Yu\n|-damage|p1b: Chi-Yu|38\/100\n|-unboost|p1b: Chi-Yu|spa|1\n|move|p1a: Flutter Mane|Moonblast|p2b: Flutter Mane\n|-damage|p2b: Flutter Mane|41\/100\n|move|p1b: Chi-Yu|Heat Wave|p2b: Flutter Mane|[spread] p2a\n|-miss|p1b: Chi-Yu|p2b: Flutter Mane\n|-damage|p2a: Tornadus|52\/100\n|\n|upkeep\n|turn|2\n|\n|t:|1738981125\n|move|p2b: Flutter Mane|Moonblast|p1a: Flutter Mane\n|-damage|p1a: Flutter Mane|43\/100\n|move|p2a: Tornadus|Bleakwind Storm|p1a: Flutter Mane|[spread] p1a,p1b\n|-damage|p1a: Flutter Mane|0 fnt\n|-damage|p1b: Chi-Yu|0 fnt\n|faint|p1a: Flutter Mane\n|-end|p1a: Flutter Mane|Protosynthesis|[silent]\n|faint|p1b: Chi-Yu\n|\n|upkeep\n|\n|t:|1738981131\n|switch|p1a: Dondozo|Dondozo, L50, M|100\/100\n|switch|p1b: Tatsugiri|Tatsugiri, L50, F|100\/100\n|-activate|p1b: Tatsugiri|ability: Commander|[of] p1a: Dondozo\n|-boost|p1a: Dondozo|atk|2\n|-boost|p1a: Dondozo|spa|2\n|-boost|p1a: Dondozo|spe|2\n|-boost|p1a: Dondozo|def|2\n|-boost|p1a: Dondozo|spd|2\n|turn|3\n|\n|t:|1738981145\n|move|p1a: Dondozo|Protect|p1a: Dondozo\n|-singleturn|p1a: Dondozo|Protect\n|move|p2b: Flutter Mane|Thunder Wave|p1a: Dondozo\n|-activate|p1a: Dondozo|move: Protect\n|move|p2a: Tornadus|Bleakwind Storm|p1b: Tatsugiri|[spread] \n|-miss|p2a: Tornadus|p1b: Tatsugiri\n|-activate|p1a: Dondozo|move: Protect\n|\n|upkeep\n|turn|4\n|\n|t:|1738981150\n|move|p2b: Flutter Mane|Thunder Wave|p1a: Dondozo\n|-status|p1a: Dondozo|par\n|move|p2a: Tornadus|Bleakwind Storm|p1a: Dondozo|[spread] p1a\n|-miss|p2a: Tornadus|p1b: Tatsugiri\n|-damage|p1a: Dondozo|81\/100 par\n|move|p1a: Dondozo|Order Up|p2a: Tornadus\n|-damage|p2a: Tornadus|0 fnt\n|faint|p2a: Tornadus\n|-boost|p1a: Dondozo|atk|1\n|\n|-heal|p1a: Dondozo|88\/100 par|[from] item: Leftovers\n|-sideend|p2: Kwiper|move: Tailwind\n|upkeep\n|\n|t:|1738981155\n|switch|p2a: Koraidon|Koraidon, L50|100\/100\n|-weather|SunnyDay|[from] ability: Orichalcum Pulse|[of] p2a: Koraidon\n|-activate|p2b: Flutter Mane|ability: Protosynthesis\n|-start|p2b: Flutter Mane|protosynthesisspe\n|-activate|p2a: Koraidon|Orichalcum Pulse|[source]\n|turn|5\n|\n|t:|1738981158\n|move|p2a: Koraidon|Protect|p2a: Koraidon\n|-singleturn|p2a: Koraidon|Protect\n|cant|p1a: Dondozo|par\n|move|p2b: Flutter Mane|Taunt|p1a: Dondozo\n|-start|p1a: Dondozo|move: Taunt\n|\n|-weather|SunnyDay|[upkeep]\n|-heal|p1a: Dondozo|94\/100 par|[from] item: Leftovers\n|upkeep\n|turn|6\n|\n|t:|1738981174\n|-end|p2b: Flutter Mane|Protosynthesis|[silent]\n|switch|p2b: Raging Bolt|Raging Bolt, L50|100\/100\n|-activate|p2b: Raging Bolt|ability: Protosynthesis\n|-start|p2b: Raging Bolt|protosynthesisspa\n|move|p2a: Koraidon|Protect|p2a: Koraidon\n|-singleturn|p2a: Koraidon|Protect\n|cant|p1a: Dondozo|par\n|\n|-weather|SunnyDay|[upkeep]\n|-heal|p1a: Dondozo|99\/100 par|[from] item: Leftovers\n|upkeep\n|turn|7\n|c|\u2606speedduels|double protect why\n|\n|t:|1738981196\n|-terastallize|p2b: Raging Bolt|Fairy\n|-terastallize|p1a: Dondozo|Grass\n|move|p2a: Koraidon|Flare Blitz|p1a: Dondozo\n|-supereffective|p1a: Dondozo\n|-damage|p1a: Dondozo|35\/100 par\n|-damage|p2a: Koraidon|74\/100|[from] Recoil\n|move|p2b: Raging Bolt|Thunderbolt|p1a: Dondozo\n|-resisted|p1a: Dondozo\n|-damage|p1a: Dondozo|18\/100 par\n|move|p1a: Dondozo|Earthquake|p2b: Raging Bolt|[spread] p2a,p2b\n|-miss|p1a: Dondozo|p1b: Tatsugiri\n|-damage|p2a: Koraidon|29\/100\n|-damage|p2b: Raging Bolt|60\/100\n|\n|-weather|SunnyDay|[upkeep]\n|-heal|p1a: Dondozo|24\/100 par|[from] item: Leftovers\n|upkeep\n|turn|8\n|c|\u2606Kwiper|the inner machinations of my mind are an enigma\n|-message|speedduels forfeited.\n|\n|win|Kwiper\n|raw|speedduels's rating: 1556 &rarr; <strong>1535<\/strong><br \/>(-21 for losing)\n|raw|Kwiper's rating: 1541 &rarr; <strong>1562<\/strong><br \/>(+21 for winning)\n","uploadtime":1738981213,"views":6,"formatid":"gen9vgc2025regg","rating":1535,"private":0,"password":null}