{"id":"gen9vgc2025regg-2296671813","format":"[Gen 9] VGC 2025 Reg G","players":["adamskorch","koji muranishi"],"log":"|j|\u2606adamskorch\n|j|\u2606koji muranishi\n|t:|1738993690\n|gametype|doubles\n|player|p1|adamskorch|1|1578\n|player|p2|koji muranishi|265|1653\n|teamsize|p1|6\n|teamsize|p2|6\n|gen|9\n|tier|[Gen 9] VGC 2025 Reg G\n|rated|\n|rule|Species Clause: Limit one of each Pok\u00e9mon\n|rule|Item Clause: Limit 1 of each item\n|clearpoke\n|poke|p1|Whimsicott, L50, M|\n|poke|p1|Calyrex-Shadow, L50|\n|poke|p1|Ogerpon-Hearthflame, L50, F|\n|poke|p1|Incineroar, L50, F|\n|poke|p1|Rillaboom, L50, M|\n|poke|p1|Amoonguss, L50, M|\n|poke|p2|Whimsicott, L50, M|\n|poke|p2|Calyrex-Ice, L50|\n|poke|p2|Urshifu-*, L50, M|\n|poke|p2|Entei, L50|\n|poke|p2|Raging Bolt, L50|\n|poke|p2|Landorus, L50, M|\n|teampreview|4\n|inactive|Battle timer is ON: inactive players will automatically lose when time's up. (requested by koji muranishi)\n|\n|t:|1738993708\n|start\n|switch|p1a: Whimsicott|Whimsicott, L50, M|100\/100\n|switch|p1b: Ogerpon|Ogerpon-Hearthflame, L50, F|100\/100\n|switch|p2a: Whimsicott|Whimsicott, L50, M|100\/100\n|switch|p2b: Calyrex|Calyrex-Ice, L50|100\/100\n|-ability|p2b: Calyrex|As One\n|-ability|p2b: Calyrex|Unnerve\n|-ability|p1b: Ogerpon|Mold Breaker\n|turn|1\n|\n|t:|1738993727\n|switch|p2b: Entei|Entei, L50|100\/100\n|move|p1a: Whimsicott|Protect|p1a: Whimsicott\n|-singleturn|p1a: Whimsicott|Protect\n|move|p1b: Ogerpon|Spiky Shield|p1b: Ogerpon\n|-singleturn|p1b: Ogerpon|move: Protect\n|move|p2a: Whimsicott|Trick Room|p2a: Whimsicott\n|-fieldstart|move: Trick Room|[of] p2a: Whimsicott\n|\n|upkeep\n|turn|2\n|j| Panda Man7567\n|\n|t:|1738993746\n|-terastallize|p1a: Whimsicott|Dark\n|move|p2a: Whimsicott|Encore|p1a: Whimsicott\n|-hint|Since gen 7, Dark is immune to Prankster moves.\n|-immune|p1a: Whimsicott\n|move|p1a: Whimsicott|Encore||[still]\n|-fail|p1a: Whimsicott\n|move|p1b: Ogerpon|Ivy Cudgel|p2b: Entei|[anim] Ivy Cudgel Fire\n|-resisted|p2b: Entei\n|-damage|p2b: Entei|70\/100\n|move|p2b: Entei|Stone Edge|p1b: Ogerpon\n|-supereffective|p1b: Ogerpon\n|-damage|p1b: Ogerpon|28\/100\n|\n|upkeep\n|turn|3\n|\n|t:|1738993764\n|switch|p1b: Amoonguss|Amoonguss, L50, M|100\/100\n|move|p1a: Whimsicott|Encore|p2b: Entei\n|-start|p2b: Entei|Encore\n|move|p2b: Entei|Stone Edge|p1a: Whimsicott\n|-damage|p1a: Whimsicott|51\/100\n|move|p2a: Whimsicott|Moonblast|p1a: Whimsicott\n|-supereffective|p1a: Whimsicott\n|-damage|p1a: Whimsicott|0 fnt\n|faint|p1a: Whimsicott\n|\n|upkeep\n|\n|t:|1738993775\n|switch|p1a: Ogerpon|Ogerpon-Hearthflame, L50, F|28\/100\n|-ability|p1a: Ogerpon|Mold Breaker\n|turn|4\n|j| Onryo of the Mob\n|\n|t:|1738993796\n|move|p1b: Amoonguss|Spore|p2b: Entei\n|-status|p2b: Entei|slp|[from] move: Spore\n|move|p1a: Ogerpon|Ivy Cudgel|p2a: Whimsicott|[anim] Ivy Cudgel Fire\n|-supereffective|p2a: Whimsicott\n|-crit|p2a: Whimsicott\n|-enditem|p2a: Whimsicott|Focus Sash\n|-damage|p2a: Whimsicott|1\/100\n|cant|p2b: Entei|slp\n|move|p2a: Whimsicott|Moonblast|p1a: Ogerpon\n|-resisted|p1a: Ogerpon\n|-damage|p1a: Ogerpon|8\/100\n|-unboost|p1a: Ogerpon|spa|1\n|\n|upkeep\n|turn|5\n|\n|t:|1738993812\n|move|p2a: Whimsicott|Tailwind|p2a: Whimsicott\n|-sidestart|p2: koji muranishi|move: Tailwind\n|move|p1b: Amoonguss|Sludge Bomb|p2a: Whimsicott\n|-supereffective|p2a: Whimsicott\n|-damage|p2a: Whimsicott|0 fnt\n|faint|p2a: Whimsicott\n|move|p1a: Ogerpon|Ivy Cudgel|p2b: Entei|[anim] Ivy Cudgel Fire\n|-resisted|p2b: Entei\n|-damage|p2b: Entei|37\/100 slp\n|-curestatus|p2b: Entei|slp|[msg]\n|move|p2b: Entei|Stone Edge|p1a: Ogerpon\n|-supereffective|p1a: Ogerpon\n|-damage|p1a: Ogerpon|0 fnt\n|faint|p1a: Ogerpon\n|\n|-end|p2b: Entei|Encore\n|-fieldend|move: Trick Room\n|upkeep\n|\n|t:|1738993830\n|switch|p2a: Calyrex|Calyrex-Ice, L50|100\/100\n|switch|p1a: Calyrex|Calyrex-Shadow, L50|100\/100\n|-ability|p2a: Calyrex|As One\n|-ability|p2a: Calyrex|Unnerve\n|-ability|p1a: Calyrex|As One\n|-ability|p1a: Calyrex|Unnerve\n|turn|6\n|\n|t:|1738993844\n|-terastallize|p2a: Calyrex|Ice\n|move|p2b: Entei|Sacred Fire|p1a: Calyrex\n|-damage|p1a: Calyrex|33\/100\n|-status|p1a: Calyrex|brn\n|move|p2a: Calyrex|Glacial Lance|p1b: Amoonguss|[spread] p1a,p1b\n|-supereffective|p1b: Amoonguss\n|-damage|p1a: Calyrex|0 fnt\n|-damage|p1b: Amoonguss|0 fnt\n|faint|p1a: Calyrex\n|faint|p1b: Amoonguss\n|\n|win|koji muranishi\n|raw|adamskorch's rating: 1578 &rarr; <strong>1562<\/strong><br \/>(-16 for losing)\n|raw|koji muranishi's rating: 1653 &rarr; <strong>1669<\/strong><br \/>(+16 for winning)\n|l|\u2606adamskorch\n|player|p1|\n|l|\u2606koji muranishi\n|player|p2|\n|l| Onryo of the Mob\n","uploadtime":1738993999,"views":33,"formatid":"gen9vgc2025regg","rating":1562,"private":0,"password":null}