{"id":"gen9vgc2025regg-2296136465","format":"[Gen 9] VGC 2025 Reg G","players":["Frikandellenbos","jkimkim1"],"log":"|j|\u2606Frikandellenbos\n|j|\u2606jkimkim1\n|t:|1738929137\n|gametype|doubles\n|player|p1|Frikandellenbos|hiker-gen4|1554\n|player|p2|jkimkim1|1|1641\n|teamsize|p1|6\n|teamsize|p2|6\n|gen|9\n|tier|[Gen 9] VGC 2025 Reg G\n|rated|\n|rule|Species Clause: Limit one of each Pok\u00e9mon\n|rule|Item Clause: Limit 1 of each item\n|clearpoke\n|poke|p1|Calyrex-Ice, L50|\n|poke|p1|Incineroar, L50, F|\n|poke|p1|Pelipper, L50, F|\n|poke|p1|Ogerpon-Cornerstone, L50, F|\n|poke|p1|Raging Bolt, L50|\n|poke|p1|Urshifu-*, L50, F|\n|poke|p2|Miraidon, L50|\n|poke|p2|Cresselia, L50, F|\n|poke|p2|Thundurus-Therian, L50, M|\n|poke|p2|Incineroar, L50, F|\n|poke|p2|Ursaluna, L50, M|\n|poke|p2|Whimsicott, L50, F|\n|teampreview|4\n|inactive|Battle timer is ON: inactive players will automatically lose when time's up. (requested by jkimkim1)\n|\n|t:|1738929168\n|start\n|switch|p1a: Calyrex|Calyrex-Ice, L50|100\/100\n|switch|p1b: Ogerpon|Ogerpon-Cornerstone, L50, F|100\/100\n|switch|p2a: Jayson tatum|Miraidon, L50|100\/100\n|switch|p2b: \uc0ac\uc2b9\ud5cc|Cresselia, L50, F, shiny|100\/100\n|-ability|p1a: Calyrex|As One\n|-ability|p1a: Calyrex|Unnerve\n|-fieldstart|move: Electric Terrain|[from] ability: Hadron Engine|[of] p2a: Jayson tatum\n|turn|1\n|\n|t:|1738929175\n|-terastallize|p2a: Jayson tatum|Fairy\n|move|p2b: \uc0ac\uc2b9\ud5cc|Helping Hand|p2a: Jayson tatum\n|-singleturn|p2a: Jayson tatum|Helping Hand|[of] p2b: \uc0ac\uc2b9\ud5cc\n|move|p1b: Ogerpon|Spiky Shield|p1b: Ogerpon\n|-singleturn|p1b: Ogerpon|move: Protect\n|move|p1a: Calyrex|Protect|p1a: Calyrex\n|-singleturn|p1a: Calyrex|Protect\n|move|p2a: Jayson tatum|Dazzling Gleam|p1a: Calyrex|[spread] \n|-activate|p1a: Calyrex|move: Protect\n|-activate|p1b: Ogerpon|move: Protect\n|\n|upkeep\n|turn|2\n|\n|t:|1738929195\n|move|p2a: Jayson tatum|Dazzling Gleam|p1a: Calyrex|[spread] p1a,p1b\n|-crit|p1b: Ogerpon\n|-damage|p1a: Calyrex|54\/100\n|-ability|p1b: Ogerpon|Sturdy\n|-damage|p1b: Ogerpon|1\/100\n|move|p1b: Ogerpon|Ivy Cudgel|p2a: Jayson tatum|[anim] Ivy Cudgel Rock\n|-damage|p2a: Jayson tatum|46\/100\n|move|p1a: Calyrex|Glacial Lance|p2b: \uc0ac\uc2b9\ud5cc|[spread] p2a,p2b\n|-damage|p2a: Jayson tatum|0 fnt\n|-damage|p2b: \uc0ac\uc2b9\ud5cc|61\/100\n|faint|p2a: Jayson tatum\n|-ability|p1a: Calyrex|Chilling Neigh|boost\n|-boost|p1a: Calyrex|atk|1\n|move|p2b: \uc0ac\uc2b9\ud5cc|Trick Room|p2b: \uc0ac\uc2b9\ud5cc\n|-fieldstart|move: Trick Room|[of] p2b: \uc0ac\uc2b9\ud5cc\n|\n|upkeep\n|\n|t:|1738929205\n|switch|p2a: Canada bear|Ursaluna, L50, M|100\/100\n|turn|3\n|\n|t:|1738929217\n|switch|p1b: Incineroar|Incineroar, L50, F|100\/100\n|-ability|p1b: Incineroar|Intimidate|boost\n|-unboost|p2a: Canada bear|atk|1\n|-unboost|p2b: \uc0ac\uc2b9\ud5cc|atk|1\n|move|p2a: Canada bear|Protect|p2a: Canada bear\n|-singleturn|p2a: Canada bear|Protect\n|move|p1a: Calyrex|Glacial Lance|p2b: \uc0ac\uc2b9\ud5cc|[spread] p2b\n|-activate|p2a: Canada bear|move: Protect\n|-damage|p2b: \uc0ac\uc2b9\ud5cc|2\/100\n|move|p2b: \uc0ac\uc2b9\ud5cc|Psychic|p1b: Incineroar\n|-immune|p1b: Incineroar\n|\n|-status|p2a: Canada bear|brn|[from] item: Flame Orb\n|upkeep\n|turn|4\n|\n|t:|1738929231\n|switch|p2a: Kingjames|Incineroar, L50, F|100\/100\n|-ability|p2a: Kingjames|Intimidate|boost\n|-fail|p1a: Calyrex|unboost|[from] item: Clear Amulet|[of] p1a: Calyrex\n|-unboost|p1b: Incineroar|atk|1\n|move|p1b: Incineroar|Fake Out|p2a: Kingjames\n|-damage|p2a: Kingjames|94\/100\n|move|p1a: Calyrex|Glacial Lance|p2b: \uc0ac\uc2b9\ud5cc|[spread] p2a,p2b\n|-resisted|p2a: Kingjames\n|-crit|p2b: \uc0ac\uc2b9\ud5cc\n|-damage|p2a: Kingjames|50\/100\n|-damage|p2b: \uc0ac\uc2b9\ud5cc|0 fnt\n|faint|p2b: \uc0ac\uc2b9\ud5cc\n|-ability|p1a: Calyrex|Chilling Neigh|boost\n|-boost|p1a: Calyrex|atk|1\n|\n|upkeep\n|\n|t:|1738929241\n|switch|p2b: Canada bear|Ursaluna, L50, M|100\/100 brn\n|turn|5\n|\n|t:|1738929259\n|-terastallize|p1b: Incineroar|Ghost\n|move|p1a: Calyrex|Protect|p1a: Calyrex\n|-singleturn|p1a: Calyrex|Protect\n|move|p2a: Kingjames|Fake Out|p1a: Calyrex\n|-activate|p1a: Calyrex|move: Protect\n|move|p2b: Canada bear|Headlong Rush|p1b: Incineroar\n|-damage|p1b: Incineroar|0 fnt\n|-unboost|p2b: Canada bear|def|1\n|-unboost|p2b: Canada bear|spd|1\n|faint|p1b: Incineroar\n|\n|-damage|p2b: Canada bear|95\/100 brn|[from] brn\n|-fieldend|move: Electric Terrain\n|upkeep\n|\n|t:|1738929269\n|switch|p1b: Pelipper|Pelipper, L50, F|100\/100\n|-weather|RainDance|[from] ability: Drizzle|[of] p1b: Pelipper\n|turn|6\n|inactive|jkimkim1 has 30 seconds left.\n|inactive|Frikandellenbos has 30 seconds left.\n|\n|t:|1738929305\n|switch|p1a: Ogerpon|Ogerpon-Cornerstone, L50, F|1\/100\n|move|p1b: Pelipper|Protect|p1b: Pelipper\n|-singleturn|p1b: Pelipper|Protect\n|move|p2b: Canada bear|Facade|p1a: Ogerpon\n|-resisted|p1a: Ogerpon\n|-damage|p1a: Ogerpon|0 fnt\n|faint|p1a: Ogerpon\n|move|p2a: Kingjames|Knock Off|p1b: Pelipper\n|-activate|p1b: Pelipper|move: Protect\n|\n|-weather|RainDance|[upkeep]\n|-damage|p2b: Canada bear|89\/100 brn|[from] brn\n|-fieldend|move: Trick Room\n|upkeep\n|\n|t:|1738929313\n|switch|p1a: Calyrex|Calyrex-Ice, L50|54\/100\n|-ability|p1a: Calyrex|As One\n|-ability|p1a: Calyrex|Unnerve\n|turn|7\n|\n|t:|1738929325\n|move|p2a: Kingjames|Will-O-Wisp|p1a: Calyrex\n|-status|p1a: Calyrex|brn\n|move|p1b: Pelipper|Weather Ball|p2a: Kingjames\n|-supereffective|p2a: Kingjames\n|-damage|p2a: Kingjames|0 fnt\n|faint|p2a: Kingjames\n|move|p1a: Calyrex|Glacial Lance|p2b: Canada bear\n|-supereffective|p2b: Canada bear\n|-damage|p2b: Canada bear|1\/100 brn\n|move|p2b: Canada bear|Facade|p1b: Pelipper\n|-enditem|p1b: Pelipper|Focus Sash\n|-damage|p1b: Pelipper|1\/100\n|\n|-weather|RainDance|[upkeep]\n|-damage|p1a: Calyrex|48\/100 brn|[from] brn\n|-damage|p2b: Canada bear|0 fnt|[from] brn\n|faint|p2b: Canada bear\n|\n|win|Frikandellenbos\n|upkeep\n|raw|Frikandellenbos's rating: 1554 &rarr; <strong>1579<\/strong><br \/>(+25 for winning)\n|raw|jkimkim1's rating: 1641 &rarr; <strong>1616<\/strong><br \/>(-25 for losing)\n|l|\u2606Frikandellenbos\n|player|p1|\n","uploadtime":1738929476,"views":6,"formatid":"gen9vgc2025regg","rating":1579,"private":0,"password":null}