{"id":"gen9vgc2025regg-2296758379","format":"[Gen 9] VGC 2025 Reg G","players":["araf zaman","kattikaaa"],"log":"|j|\u2606araf zaman\n|j|\u2606kattikaaa\n|t:|1739011830\n|gametype|doubles\n|player|p1|araf zaman|266|1614\n|player|p2|kattikaaa|170|1536\n|teamsize|p1|6\n|teamsize|p2|6\n|gen|9\n|tier|[Gen 9] VGC 2025 Reg G\n|rated|\n|rule|Species Clause: Limit one of each Pok\u00e9mon\n|rule|Item Clause: Limit 1 of each item\n|clearpoke\n|poke|p1|Urshifu-*, L50, F|\n|poke|p1|Calyrex-Ice, L50|\n|poke|p1|Smeargle, L50, M|\n|poke|p1|Ogerpon-Hearthflame, L50, F|\n|poke|p1|Ursaluna-Bloodmoon, L50, M|\n|poke|p1|Electabuzz, L50, M|\n|poke|p2|Miraidon, L50|\n|poke|p2|Grimmsnarl, L50, M|\n|poke|p2|Amoonguss, L50, F|\n|poke|p2|Tsareena, L50, F|\n|poke|p2|Iron Hands, L50|\n|poke|p2|Pelipper, L50, M|\n|teampreview|4\n|inactive|Battle timer is ON: inactive players will automatically lose when time's up. (requested by kattikaaa)\nkattikaaa rejected open team sheets.\n|j| ytjhrtegsa\n|inactive|araf zaman has 60 seconds left.\n|\n|t:|1739011868\n|start\n|switch|p1a: Smeargle|Smeargle, L50, M|100\/100\n|switch|p1b: Calyrex|Calyrex-Ice, L50|100\/100\n|switch|p2a: Miraidon|Miraidon, L50|100\/100\n|switch|p2b: Grimmsnarl|Grimmsnarl, L50, M, shiny|100\/100\n|-ability|p1b: Calyrex|As One\n|-ability|p1b: Calyrex|Unnerve\n|-fieldstart|move: Electric Terrain|[from] ability: Hadron Engine|[of] p2a: Miraidon\n|-enditem|p2a: Miraidon|Electric Seed\n|-boost|p2a: Miraidon|def|1|[from] item: Electric Seed\n|turn|1\n|inactive|kattikaaa has 30 seconds left.\n|\n|t:|1739011894\n|-terastallize|p2a: Miraidon|Fairy\n|move|p2b: Grimmsnarl|Fake Out|p1b: Calyrex\n|-damage|p1b: Calyrex|93\/100\n|move|p2a: Miraidon|Calm Mind|p2a: Miraidon\n|-boost|p2a: Miraidon|spa|1\n|-boost|p2a: Miraidon|spd|1\n|move|p1a: Smeargle|Decorate|p1b: Calyrex\n|-boost|p1b: Calyrex|atk|2\n|-boost|p1b: Calyrex|spa|2\n|cant|p1b: Calyrex|flinch\n|\n|upkeep\n|turn|2\n|inactive|kattikaaa has 30 seconds left.\n|\n|t:|1739011923\n|move|p1a: Smeargle|Follow Me|p1a: Smeargle\n|-singleturn|p1a: Smeargle|move: Follow Me\n|move|p2b: Grimmsnarl|Reflect|p2b: Grimmsnarl\n|-sidestart|p2: kattikaaa|Reflect\n|move|p2a: Miraidon|Calm Mind|p2a: Miraidon\n|-boost|p2a: Miraidon|spa|1\n|-boost|p2a: Miraidon|spd|1\n|move|p1b: Calyrex|Trick Room|p1b: Calyrex\n|-fieldstart|move: Trick Room|[of] p1b: Calyrex\n|\n|upkeep\n|turn|3\n|inactive|kattikaaa has 30 seconds left.\n|\n|t:|1739011950\n|switch|p2b: Iron Hands|Iron Hands, L50, shiny|100\/100\n|-activate|p2b: Iron Hands|ability: Quark Drive\n|-start|p2b: Iron Hands|quarkdriveatk\n|-terastallize|p1b: Calyrex|Water\n|move|p1a: Smeargle|Decorate|p1b: Calyrex\n|-boost|p1b: Calyrex|atk|2\n|-boost|p1b: Calyrex|spa|2\n|move|p1b: Calyrex|Glacial Lance|p2b: Iron Hands|[spread] p2a,p2b\n|-damage|p2a: Miraidon|34\/100\n|-damage|p2b: Iron Hands|19\/100\n|move|p2a: Miraidon|Parabolic Charge|p1b: Calyrex|[spread] p2b,p1a,p1b\n|-resisted|p2b: Iron Hands\n|-crit|p1a: Smeargle\n|-supereffective|p1b: Calyrex\n|-damage|p2b: Iron Hands|0 fnt\n|-heal|p2a: Miraidon|44\/100|[from] drain|[of] p2b: Iron Hands\n|-enditem|p1a: Smeargle|Focus Sash\n|-damage|p1a: Smeargle|1\/100\n|-heal|p2a: Miraidon|84\/100|[from] drain|[of] p1a: Smeargle\n|-damage|p1b: Calyrex|0 fnt\n|-heal|p2a: Miraidon|100\/100|[from] drain|[of] p1b: Calyrex\n|faint|p2b: Iron Hands\n|-end|p2b: Iron Hands|Quark Drive|[silent]\n|faint|p1b: Calyrex\n|\n|upkeep\n|inactive|kattikaaa has 30 seconds left.\n|\n|t:|1739011977\n|switch|p2b: Grimmsnarl|Grimmsnarl, L50, M, shiny|100\/100\n|switch|p1b: Ursaluna|Ursaluna-Bloodmoon, L50, M|100\/100\n|turn|4\n|\n|t:|1739011990\n|move|p2b: Grimmsnarl|Fake Out|p1b: Ursaluna\n|-damage|p1b: Ursaluna|93\/100\n|move|p1a: Smeargle|Decorate|p1b: Ursaluna\n|-boost|p1b: Ursaluna|atk|2\n|-boost|p1b: Ursaluna|spa|2\n|cant|p1b: Ursaluna|flinch\n|move|p2a: Miraidon|Calm Mind|p2a: Miraidon\n|-boost|p2a: Miraidon|spa|1\n|-boost|p2a: Miraidon|spd|1\n|\n|upkeep\n|turn|5\n|\n|t:|1739012005\n|move|p2b: Grimmsnarl|Light Screen|p2b: Grimmsnarl\n|-sidestart|p2: kattikaaa|move: Light Screen\n|move|p1a: Smeargle|Decorate|p1b: Ursaluna\n|-boost|p1b: Ursaluna|atk|2\n|-boost|p1b: Ursaluna|spa|2\n|move|p1b: Ursaluna|Blood Moon|p2a: Miraidon\n|-damage|p2a: Miraidon|42\/100\n|-damage|p1b: Ursaluna|83\/100|[from] item: Life Orb\n|move|p2a: Miraidon|Dazzling Gleam|p1a: Smeargle|[spread] p1a,p1b\n|-damage|p1a: Smeargle|0 fnt\n|-damage|p1b: Ursaluna|0 fnt\n|faint|p1a: Smeargle\n|faint|p1b: Ursaluna\n|\n|-fieldend|move: Electric Terrain\n|upkeep\n|inactive|araf zaman has 30 seconds left.\n|-message|araf zaman forfeited.\n|\n|win|kattikaaa\n|raw|araf zaman's rating: 1614 &rarr; <strong>1590<\/strong><br \/>(-24 for losing)\n|raw|kattikaaa's rating: 1536 &rarr; <strong>1560<\/strong><br \/>(+24 for winning)\n|l|\u2606araf zaman\n|player|p1|\n|l| ytjhrtegsa\n|l|\u2606kattikaaa\n|player|p2|\n","uploadtime":1739012263,"views":6,"formatid":"gen9vgc2025regg","rating":1560,"private":0,"password":null}