{"id":"gen9vgc2025regg-2296321681","format":"[Gen 9] VGC 2025 Reg G","players":["Forbranna","Hikawari"],"log":"|j|\u2606Forbranna\n|j|\u2606Hikawari\n|t:|1738950288\n|gametype|doubles\n|player|p1|Forbranna|clair|1520\n|player|p2|Hikawari|170|1616\n|teamsize|p1|6\n|teamsize|p2|6\n|gen|9\n|tier|[Gen 9] VGC 2025 Reg G\n|rated|\n|rule|Species Clause: Limit one of each Pok\u00e9mon\n|rule|Item Clause: Limit 1 of each item\n|clearpoke\n|poke|p1|Grimmsnarl, L50, M|\n|poke|p1|Chi-Yu, L50|\n|poke|p1|Koraidon, L50|\n|poke|p1|Flutter Mane, L50|\n|poke|p1|Raging Bolt, L50|\n|poke|p1|Ogerpon-Cornerstone, L50, F|\n|poke|p2|Zamazenta-*, L50|\n|poke|p2|Chi-Yu, L50|\n|poke|p2|Rillaboom, L50, F|\n|poke|p2|Flutter Mane, L50|\n|poke|p2|Chien-Pao, L50|\n|poke|p2|Amoonguss, L50, M|\n|teampreview|4\n|inactive|Battle timer is ON: inactive players will automatically lose when time's up. (requested by Forbranna)\n|\n|t:|1738950317\n|start\n|switch|p1a: Einstein|Grimmsnarl, L50, M, shiny|100\/100\n|switch|p1b: Moctezuma|Koraidon, L50|100\/100\n|switch|p2a: Flutter Mane|Flutter Mane, L50|100\/100\n|switch|p2b: Chi-Yu|Chi-Yu, L50|100\/100\n|-ability|p2b: Chi-Yu|Beads of Ruin\n|-weather|SunnyDay|[from] ability: Orichalcum Pulse|[of] p1b: Moctezuma\n|-activate|p2a: Flutter Mane|ability: Protosynthesis\n|-start|p2a: Flutter Mane|protosynthesisspe\n|-activate|p1b: Moctezuma|Orichalcum Pulse|[source]\n|turn|1\n|\n|t:|1738950334\n|-terastallize|p1b: Moctezuma|Fire\n|move|p1a: Einstein|Light Screen|p1a: Einstein\n|-sidestart|p1: Forbranna|move: Light Screen\n|move|p2a: Flutter Mane|Moonblast|p1a: Einstein\n|-supereffective|p1a: Einstein\n|-damage|p1a: Einstein|28\/100\n|move|p2b: Chi-Yu|Heat Wave|p1a: Einstein|[spread] p1a,p1b\n|-resisted|p1b: Moctezuma\n|-damage|p1a: Einstein|0 fnt\n|-damage|p1b: Moctezuma|78\/100\n|faint|p1a: Einstein\n|move|p1b: Moctezuma|Flame Charge|p2a: Flutter Mane\n|-damage|p2a: Flutter Mane|10\/100\n|-boost|p1b: Moctezuma|spe|1\n|\n|-weather|SunnyDay|[upkeep]\n|upkeep\n|\n|t:|1738950352\n|switch|p1a: Zheng He|Chi-Yu, L50|100\/100\n|-ability|p1a: Zheng He|Beads of Ruin\n|turn|2\n|\n|t:|1738950369\n|move|p2a: Flutter Mane|Shadow Ball|p1b: Moctezuma\n|-damage|p1b: Moctezuma|50\/100\n|move|p1b: Moctezuma|Collision Course|p2b: Chi-Yu\n|-supereffective|p2b: Chi-Yu\n|-damage|p2b: Chi-Yu|0 fnt\n|faint|p2b: Chi-Yu\n|move|p1a: Zheng He|Heat Wave|p2a: Flutter Mane\n|-damage|p2a: Flutter Mane|0 fnt\n|faint|p2a: Flutter Mane\n|-end|p2a: Flutter Mane|Protosynthesis|[silent]\n|\n|-weather|SunnyDay|[upkeep]\n|upkeep\n|\n|t:|1738950375\n|switch|p2a: Chien-Pao|Chien-Pao, L50|100\/100\n|switch|p2b: Zamazenta|Zamazenta-Crowned, L50|100\/100\n|-ability|p2a: Chien-Pao|Sword of Ruin\n|-ability|p2b: Zamazenta|Dauntless Shield|boost\n|-boost|p2b: Zamazenta|def|1\n|turn|3\n|\n|t:|1738950400\n|-terastallize|p2b: Zamazenta|Dragon\n|move|p1b: Moctezuma|Protect|p1b: Moctezuma\n|-singleturn|p1b: Moctezuma|Protect\n|move|p1a: Zheng He|Protect|p1a: Zheng He\n|-singleturn|p1a: Zheng He|Protect\n|move|p2a: Chien-Pao|Sucker Punch||[still]\n|-fail|p2a: Chien-Pao\n|move|p2b: Zamazenta|Body Press|p1a: Zheng He\n|-activate|p1a: Zheng He|move: Protect\n|\n|-weather|SunnyDay|[upkeep]\n|upkeep\n|turn|4\n|\n|t:|1738950418\n|move|p2a: Chien-Pao|Sucker Punch|p1b: Moctezuma\n|-damage|p1b: Moctezuma|5\/100\n|move|p1b: Moctezuma|Flame Charge|p2a: Chien-Pao\n|-supereffective|p2a: Chien-Pao\n|-enditem|p2a: Chien-Pao|Focus Sash\n|-damage|p2a: Chien-Pao|1\/100\n|-boost|p1b: Moctezuma|spe|1\n|move|p2b: Zamazenta|Body Press|p1a: Zheng He\n|-supereffective|p1a: Zheng He\n|-damage|p1a: Zheng He|0 fnt\n|faint|p1a: Zheng He\n|\n|-weather|SunnyDay|[upkeep]\n|upkeep\n|\n|t:|1738950432\n|switch|p1a: Voltaire|Raging Bolt, L50|100\/100\n|-activate|p1a: Voltaire|ability: Protosynthesis\n|-start|p1a: Voltaire|protosynthesisspa\n|turn|5\n|\n|t:|1738950438\n|move|p1b: Moctezuma|Protect|p1b: Moctezuma\n|-singleturn|p1b: Moctezuma|Protect\n|move|p2a: Chien-Pao|Protect|p2a: Chien-Pao\n|-singleturn|p2a: Chien-Pao|Protect\n|move|p2b: Zamazenta|Body Press|p1a: Voltaire\n|-damage|p1a: Voltaire|23\/100\n|move|p1a: Voltaire|Draco Meteor|p2b: Zamazenta\n|-supereffective|p2b: Zamazenta\n|-damage|p2b: Zamazenta|0 fnt\n|-unboost|p1a: Voltaire|spa|2\n|faint|p2b: Zamazenta\n|\n|-weather|none\n|-end|p1a: Voltaire|Protosynthesis\n|upkeep\n|turn|6\n|\n|t:|1738950457\n|move|p2a: Chien-Pao|Sucker Punch|p1b: Moctezuma\n|-damage|p1b: Moctezuma|0 fnt\n|faint|p1b: Moctezuma\n|move|p1a: Voltaire|Thunderbolt|p2a: Chien-Pao\n|-damage|p2a: Chien-Pao|0 fnt\n|faint|p2a: Chien-Pao\n|\n|win|Forbranna\n|raw|Forbranna's rating: 1520 &rarr; <strong>1545<\/strong><br \/>(+25 for winning)\n|raw|Hikawari's rating: 1616 &rarr; <strong>1591<\/strong><br \/>(-25 for losing)\n|l|\u2606Hikawari\n|player|p2|\n|l|\u2606Forbranna\n|player|p1|\n","uploadtime":1738950667,"views":7,"formatid":"gen9vgc2025regg","rating":1545,"private":0,"password":null}