{"id":"gen9vgc2025regg-2296505318","format":"[Gen 9] VGC 2025 Reg G","players":["Farmyom","superpowerpoke"],"log":"|j|\u203dFarmyom\n|j|\u2606superpowerpoke\n|t:|1738970015\n|gametype|doubles\n|player|p1|Farmyom|beauty-gen5bw2|1577\n|player|p2|superpowerpoke|169|1658\n|teamsize|p1|6\n|teamsize|p2|6\n|gen|9\n|tier|[Gen 9] VGC 2025 Reg G\n|rated|\n|rule|Species Clause: Limit one of each Pok\u00e9mon\n|rule|Item Clause: Limit 1 of each item\n|clearpoke\n|poke|p1|Terapagos, L50, M|\n|poke|p1|Flutter Mane, L50|\n|poke|p1|Tornadus, L50, M|\n|poke|p1|Incineroar, L50, M|\n|poke|p1|Rillaboom, L50, F|\n|poke|p1|Walking Wake, L50|\n|poke|p2|Kyogre, L50|\n|poke|p2|Whimsicott, L50, M|\n|poke|p2|Chien-Pao, L50|\n|poke|p2|Urshifu-*, L50, M|\n|poke|p2|Iron Hands, L50|\n|poke|p2|Farigiraf, L50, M|\n|teampreview|4\n|inactive|Battle timer is ON: inactive players will automatically lose when time's up. (requested by Farmyom)\n|inactive|superpowerpoke has 60 seconds left.\n|inactive|superpowerpoke has 30 seconds left.\n|inactive|superpowerpoke has 20 seconds left.\n|inactive|superpowerpoke has 15 seconds left.\n|\n|t:|1738970093\n|start\n|switch|p1a: Incineroar|Incineroar, L50, M|100\/100\n|switch|p1b: Tornadus|Tornadus, L50, M|100\/100\n|switch|p2a: Iron Hands|Iron Hands, L50|100\/100\n|switch|p2b: Farigiraf|Farigiraf, L50, M|100\/100\n|-ability|p1a: Incineroar|Intimidate|boost\n|-unboost|p2a: Iron Hands|atk|1\n|-unboost|p2b: Farigiraf|atk|1\n|turn|1\n|\n|t:|1738970109\n|switch|p1b: Terapagos|Terapagos, L50, M|100\/100\n|-activate|p1b: Terapagos|ability: Tera Shift\n|detailschange|p1b: Terapagos|Terapagos-Terastal, L50, M\n|-heal|p1b: Terapagos|100\/100|[silent]\n|move|p2b: Farigiraf|Helping Hand|p2a: Iron Hands\n|-singleturn|p2a: Iron Hands|Helping Hand|[of] p2b: Farigiraf\n|move|p1a: Incineroar|Parting Shot|p2b: Farigiraf\n|-unboost|p2b: Farigiraf|atk|1\n|-unboost|p2b: Farigiraf|spa|1\n|\n|t:|1738970120\n|switch|p1a: Tornadus|Tornadus, L50, M|100\/100|[from] Parting Shot\n|move|p2a: Iron Hands|Drain Punch|p1a: Tornadus\n|-resisted|p1a: Tornadus\n|-damage|p1a: Tornadus|75\/100\n|\n|upkeep\n|turn|2\n|inactive|superpowerpoke has 30 seconds left.\n|\n|t:|1738970155\n|switch|p1a: Incineroar|Incineroar, L50, M|100\/100\n|-ability|p1a: Incineroar|Intimidate|boost\n|-unboost|p2a: Iron Hands|atk|1\n|-unboost|p2b: Farigiraf|atk|1\n|move|p1b: Terapagos|Meteor Beam||[still]\n|-prepare|p1b: Terapagos|Meteor Beam\n|-boost|p1b: Terapagos|spa|1\n|-enditem|p1b: Terapagos|Power Herb\n|-anim|p1b: Terapagos|Meteor Beam|p2b: Farigiraf|[miss]\n|-miss|p1b: Terapagos|p2b: Farigiraf\n|move|p2b: Farigiraf|Psychic|p1b: Terapagos\n|-activate|p1b: Terapagos|ability: Tera Shell\n|-resisted|p1b: Terapagos\n|-damage|p1b: Terapagos|90\/100\n|-unboost|p1b: Terapagos|spd|1\n|move|p2a: Iron Hands|Drain Punch|p1b: Terapagos\n|-supereffective|p1b: Terapagos\n|-damage|p1b: Terapagos|52\/100\n|\n|upkeep\n|turn|3\n|j| 413XP\n|inactive|superpowerpoke has 30 seconds left.\n|j| egieggz1\n|inactive|superpowerpoke has 20 seconds left.\n|inactive|superpowerpoke has 15 seconds left.\n|inactive|superpowerpoke has 10 seconds left.\n|\n|t:|1738970202\n|move|p2b: Farigiraf|Helping Hand|p2a: Iron Hands\n|-singleturn|p2a: Iron Hands|Helping Hand|[of] p2b: Farigiraf\n|move|p1b: Terapagos|Protect|p1b: Terapagos\n|-singleturn|p1b: Terapagos|Protect\n|move|p1a: Incineroar|Knock Off|p2b: Farigiraf\n|-supereffective|p2b: Farigiraf\n|-damage|p2b: Farigiraf|34\/100\n|-enditem|p2b: Farigiraf|Safety Goggles|[from] move: Knock Off|[of] p1a: Incineroar\n|move|p2a: Iron Hands|Drain Punch|p1a: Incineroar\n|-supereffective|p1a: Incineroar\n|-damage|p1a: Incineroar|53\/100\n|-damage|p2a: Iron Hands|84\/100|[from] item: Rocky Helmet|[of] p1a: Incineroar\n|\n|upkeep\n|turn|4\n|\n|t:|1738970225\n|-terastallize|p1b: Terapagos|Stellar\n|detailschange|p1b: Terapagos|Terapagos-Stellar, L50, M, tera:Stellar\n|-heal|p1b: Terapagos|65\/100|[silent]\n|move|p2b: Farigiraf|Helping Hand|p2a: Iron Hands\n|-singleturn|p2a: Iron Hands|Helping Hand|[of] p2b: Farigiraf\n|move|p1b: Terapagos|Tera Starstorm|p2a: Iron Hands|[spread] p2a,p2b\n|-damage|p2a: Iron Hands|54\/100\n|-damage|p2b: Farigiraf|0 fnt\n|faint|p2b: Farigiraf\n|move|p1a: Incineroar|Parting Shot|p2a: Iron Hands\n|-unboost|p2a: Iron Hands|atk|1\n|-unboost|p2a: Iron Hands|spa|1\n|\n|t:|1738970238\n|switch|p1a: Tornadus|Tornadus, L50, M|75\/100|[from] Parting Shot\n|move|p2a: Iron Hands|Drain Punch|p1b: Terapagos\n|-supereffective|p1b: Terapagos\n|-damage|p1b: Terapagos|31\/100\n|-heal|p2a: Iron Hands|73\/100|[from] drain|[of] p1b: Terapagos\n|\n|upkeep\n|\n|t:|1738970250\n|switch|p2b: Kyogre|Kyogre, L50|100\/100\n|-weather|RainDance|[from] ability: Drizzle|[of] p2b: Kyogre\n|turn|5\n|\n|t:|1738970270\n|move|p1a: Tornadus|Sunny Day|p1a: Tornadus\n|-weather|SunnyDay\n|move|p1b: Terapagos|Tera Starstorm|p2b: Kyogre|[spread] p2a,p2b\n|-damage|p2a: Iron Hands|39\/100\n|-damage|p2b: Kyogre|63\/100\n|move|p2b: Kyogre|Water Spout|p1a: Tornadus|[spread] p1a,p1b\n|-damage|p1a: Tornadus|51\/100\n|-damage|p1b: Terapagos|13\/100\n|move|p2a: Iron Hands|Drain Punch|p1b: Terapagos\n|-supereffective|p1b: Terapagos\n|-damage|p1b: Terapagos|0 fnt\n|-heal|p2a: Iron Hands|46\/100|[from] drain|[of] p1b: Terapagos\n|faint|p1b: Terapagos\n|\n|-weather|SunnyDay|[upkeep]\n|upkeep\n|\n|t:|1738970276\n|switch|p1b: Walking Wake|Walking Wake, L50|100\/100\n|-activate|p1b: Walking Wake|ability: Protosynthesis\n|-start|p1b: Walking Wake|protosynthesisspe\n|turn|6\n|inactive|superpowerpoke has 30 seconds left.\n|\n|t:|1738970310\n|switch|p1a: Incineroar|Incineroar, L50, M|53\/100\n|-ability|p1a: Incineroar|Intimidate|boost\n|-unboost|p2a: Iron Hands|atk|1\n|-unboost|p2b: Kyogre|atk|1\n|move|p1b: Walking Wake|Draco Meteor|p2b: Kyogre\n|-damage|p2b: Kyogre|4\/100\n|-unboost|p1b: Walking Wake|spa|2\n|-damage|p1b: Walking Wake|91\/100|[from] item: Life Orb\n|move|p2b: Kyogre|Ice Beam|p1a: Incineroar\n|-resisted|p1a: Incineroar\n|-damage|p1a: Incineroar|38\/100\n|move|p2a: Iron Hands|Drain Punch|p1a: Incineroar\n|-supereffective|p1a: Incineroar\n|-damage|p1a: Incineroar|14\/100\n|-heal|p2a: Iron Hands|57\/100|[from] drain|[of] p1a: Incineroar\n|-damage|p2a: Iron Hands|40\/100|[from] item: Rocky Helmet|[of] p1a: Incineroar\n|\n|-weather|SunnyDay|[upkeep]\n|upkeep\n|turn|7\n|inactive|superpowerpoke has 30 seconds left.\n|\n|t:|1738970338\n|-end|p2a: Iron Hands|Quark Drive|[silent]\n|switch|p2a: Urshifu|Urshifu, L50, M|100\/100\n|move|p2b: Kyogre|Protect|p2b: Kyogre\n|-singleturn|p2b: Kyogre|Protect\n|move|p1a: Incineroar|Fake Out|p2a: Urshifu\n|-damage|p2a: Urshifu|90\/100\n|move|p1b: Walking Wake|Hydro Steam|p2b: Kyogre\n|-activate|p2b: Kyogre|move: Protect\n|\n|-weather|SunnyDay|[upkeep]\n|upkeep\n|turn|8\n|inactive|superpowerpoke has 30 seconds left.\n|inactive|superpowerpoke has 20 seconds left.\n|\n|t:|1738970376\n|switch|p1a: Tornadus|Tornadus, L50, M|51\/100\n|move|p1b: Walking Wake|Hydro Steam|p2a: Urshifu\n|-damage|p2a: Urshifu|31\/100\n|-damage|p1b: Walking Wake|81\/100|[from] item: Life Orb\n|move|p2a: Urshifu|Wicked Blow|p1a: Tornadus\n|-crit|p1a: Tornadus\n|-damage|p1a: Tornadus|0 fnt\n|faint|p1a: Tornadus\n|move|p2b: Kyogre|Ice Beam|p1b: Walking Wake\n|-damage|p1b: Walking Wake|44\/100\n|\n|-weather|SunnyDay|[upkeep]\n|upkeep\n|\n|t:|1738970382\n|switch|p1a: Incineroar|Incineroar, L50, M|14\/100\n|-ability|p1a: Incineroar|Intimidate|boost\n|-unboost|p2a: Urshifu|atk|1\n|-unboost|p2b: Kyogre|atk|1\n|turn|9\n|inactive|superpowerpoke has 30 seconds left.\n|\n|t:|1738970412\n|move|p1a: Incineroar|Fake Out|p2a: Urshifu\n|-crit|p2a: Urshifu\n|-damage|p2a: Urshifu|13\/100\n|move|p1b: Walking Wake|Hydro Steam|p2b: Kyogre\n|-resisted|p2b: Kyogre\n|-damage|p2b: Kyogre|0 fnt\n|faint|p2b: Kyogre\n|-damage|p1b: Walking Wake|35\/100|[from] item: Life Orb\n|cant|p2a: Urshifu|flinch\n|\n|-weather|none\n|-end|p1b: Walking Wake|Protosynthesis\n|upkeep\n|\n|t:|1738970425\n|switch|p2b: Iron Hands|Iron Hands, L50|40\/100\n|turn|10\n|\n|t:|1738970446\n|-terastallize|p2b: Iron Hands|Water\n|move|p2b: Iron Hands|Fake Out|p1b: Walking Wake\n|-damage|p1b: Walking Wake|16\/100\n|cant|p1b: Walking Wake|flinch\n|move|p2a: Urshifu|Wicked Blow|p1b: Walking Wake\n|-crit|p1b: Walking Wake\n|-damage|p1b: Walking Wake|0 fnt\n|faint|p1b: Walking Wake\n|-end|p1b: Walking Wake|Protosynthesis|[silent]\n|move|p1a: Incineroar|Flare Blitz|p2a: Urshifu\n|-damage|p2a: Urshifu|0 fnt\n|faint|p2a: Urshifu\n|-damage|p1a: Incineroar|11\/100|[from] Recoil\n|\n|upkeep\n|turn|11\n|\n|t:|1738970460\n|move|p1a: Incineroar|Knock Off|p2b: Iron Hands\n|-damage|p2b: Iron Hands|13\/100\n|-enditem|p2b: Iron Hands|Assault Vest|[from] move: Knock Off|[of] p1a: Incineroar\n|move|p2b: Iron Hands|Drain Punch|p1a: Incineroar\n|-supereffective|p1a: Incineroar\n|-damage|p1a: Incineroar|0 fnt\n|-heal|p2b: Iron Hands|17\/100|[from] drain|[of] p1a: Incineroar\n|-damage|p2b: Iron Hands|1\/100|[from] item: Rocky Helmet|[of] p1a: Incineroar\n|faint|p1a: Incineroar\n|\n|win|superpowerpoke\n|raw|Farmyom's rating: 1577 &rarr; <strong>1562<\/strong><br \/>(-15 for losing)\n|raw|superpowerpoke's rating: 1658 &rarr; <strong>1673<\/strong><br \/>(+15 for winning)\n|l| egieggz1\n|l| 413XP\n","uploadtime":1738970703,"views":9,"formatid":"gen9vgc2025regg","rating":1562,"private":0,"password":null}