{"id":"gen9vgc2025regg-2296175518","format":"[Gen 9] VGC 2025 Reg G","players":["Beccca","paramita2"],"log":"|j|\u2606Beccca\n|j|\u2606paramita2\n|t:|1738934806\n|gametype|doubles\n|player|p1|Beccca|266|1656\n|player|p2|paramita2|picnicker|1555\n|teamsize|p1|6\n|teamsize|p2|6\n|gen|9\n|tier|[Gen 9] VGC 2025 Reg G\n|rated|\n|rule|Species Clause: Limit one of each Pok\u00e9mon\n|rule|Item Clause: Limit 1 of each item\n|clearpoke\n|poke|p1|Zamazenta-*, L50|\n|poke|p1|Chien-Pao, L50|\n|poke|p1|Tyranitar, L50, M|\n|poke|p1|Landorus, L50, M|\n|poke|p1|Amoonguss, L50, F|\n|poke|p1|Flutter Mane, L50|\n|poke|p2|Chi-Yu, L50|\n|poke|p2|Flutter Mane, L50|\n|poke|p2|Abomasnow, L50, F|\n|poke|p2|Iron Treads, L50|\n|poke|p2|Indeedee-F, L50, F|\n|poke|p2|Kyogre, L50|\n|teampreview|4\n|inactive|Battle timer is ON: inactive players will automatically lose when time's up. (requested by paramita2)\n|inactive|paramita2 has 60 seconds left.\n|\n|t:|1738934865\n|start\n|switch|p1a: Tyranitar|Tyranitar, L50, M|100\/100\n|switch|p1b: Flutter Mane|Flutter Mane, L50|100\/100\n|switch|p2a: Kyogre|Kyogre, L50|100\/100\n|switch|p2b: Chi-Yu|Chi-Yu, L50|100\/100\n|-ability|p2b: Chi-Yu|Beads of Ruin\n|-weather|RainDance|[from] ability: Drizzle|[of] p2a: Kyogre\n|-weather|Sandstorm|[from] ability: Sand Stream|[of] p1a: Tyranitar\n|-enditem|p1b: Flutter Mane|Booster Energy\n|-activate|p1b: Flutter Mane|ability: Protosynthesis|[fromitem]\n|-start|p1b: Flutter Mane|protosynthesisspe\n|turn|1\n|inactive|paramita2 has 30 seconds left.\n|\n|t:|1738934891\n|move|p1b: Flutter Mane|Thunder Wave|p2a: Kyogre\n|-status|p2a: Kyogre|par\n|move|p2b: Chi-Yu|Dark Pulse|p1b: Flutter Mane\n|-damage|p1b: Flutter Mane|56\/100\n|move|p1a: Tyranitar|Rock Slide|p2b: Chi-Yu|[spread] p2a,p2b\n|-supereffective|p2b: Chi-Yu\n|-damage|p2a: Kyogre|74\/100 par\n|-damage|p2b: Chi-Yu|31\/100\n|move|p2a: Kyogre|Water Spout|p1a: Tyranitar|[spread] p1a,p1b\n|-supereffective|p1a: Tyranitar\n|-damage|p1a: Tyranitar|22\/100\n|-damage|p1b: Flutter Mane|0 fnt\n|faint|p1b: Flutter Mane\n|-end|p1b: Flutter Mane|Protosynthesis|[silent]\n|\n|-weather|Sandstorm|[upkeep]\n|-damage|p2b: Chi-Yu|26\/100|[from] Sandstorm\n|-damage|p2a: Kyogre|68\/100 par|[from] Sandstorm\n|upkeep\n|\n|t:|1738934908\n|switch|p1b: Chien-Pao|Chien-Pao, L50|100\/100\n|-ability|p1b: Chien-Pao|Sword of Ruin\n|turn|2\n|j| aimyon36\n|\n|t:|1738934925\n|switch|p2b: Indeedee|Indeedee-F, L50, F|100\/100\n|-fieldstart|move: Psychic Terrain|[from] ability: Psychic Surge|[of] p2b: Indeedee\n|-enditem|p2b: Indeedee|Psychic Seed\n|-boost|p2b: Indeedee|spd|1|[from] item: Psychic Seed\n|move|p1b: Chien-Pao|Sucker Punch||[still]\n|-fail|p1b: Chien-Pao\n|move|p1a: Tyranitar|Knock Off|p2a: Kyogre\n|-damage|p2a: Kyogre|1\/100 par\n|-enditem|p2a: Kyogre|Choice Specs|[from] move: Knock Off|[of] p1a: Tyranitar\n|move|p2a: Kyogre|Water Spout|p1a: Tyranitar|[spread] p1a,p1b\n|-supereffective|p1a: Tyranitar\n|-damage|p1a: Tyranitar|22\/100\n|-damage|p1b: Chien-Pao|99\/100\n|\n|-weather|Sandstorm|[upkeep]\n|-damage|p1b: Chien-Pao|94\/100|[from] Sandstorm\n|-damage|p2b: Indeedee|94\/100|[from] Sandstorm\n|-damage|p2a: Kyogre|0 fnt|[from] Sandstorm\n|faint|p2a: Kyogre\n|upkeep\n|l| aimyon36\n|\n|t:|1738934944\n|switch|p2a: Flutter Mane|Flutter Mane, L50|100\/100\n|turn|3\n|inactive|Beccca has 30 seconds left.\n|\n|t:|1738934970\n|move|p1b: Chien-Pao|Protect|p1b: Chien-Pao\n|-singleturn|p1b: Chien-Pao|Protect\n|move|p2b: Indeedee|Follow Me|p2b: Indeedee\n|-singleturn|p2b: Indeedee|move: Follow Me\n|move|p2a: Flutter Mane|Dazzling Gleam|p1b: Chien-Pao|[spread] p1a\n|-activate|p1b: Chien-Pao|move: Protect\n|-supereffective|p1a: Tyranitar\n|-damage|p1a: Tyranitar|0 fnt\n|faint|p1a: Tyranitar\n|\n|-weather|Sandstorm|[upkeep]\n|-damage|p1b: Chien-Pao|88\/100|[from] Sandstorm\n|-damage|p2a: Flutter Mane|94\/100|[from] Sandstorm\n|-damage|p2b: Indeedee|88\/100|[from] Sandstorm\n|upkeep\n|\n|t:|1738934981\n|switch|p1a: Zamazenta|Zamazenta-Crowned, L50|100\/100\n|-ability|p1a: Zamazenta|Dauntless Shield|boost\n|-boost|p1a: Zamazenta|def|1\n|turn|4\n|\n|t:|1738934996\n|-terastallize|p1b: Chien-Pao|Ghost\n|move|p2b: Indeedee|Follow Me|p2b: Indeedee\n|-singleturn|p2b: Indeedee|move: Follow Me\n|move|p1b: Chien-Pao|Throat Chop|p2b: Indeedee\n|-supereffective|p2b: Indeedee\n|-damage|p2b: Indeedee|0 fnt\n|faint|p2b: Indeedee\n|move|p1a: Zamazenta|Heavy Slam|p2a: Flutter Mane\n|-supereffective|p2a: Flutter Mane\n|-damage|p2a: Flutter Mane|0 fnt\n|faint|p2a: Flutter Mane\n|-end|p2a: Flutter Mane|Protosynthesis|[silent]\n|\n|-weather|Sandstorm|[upkeep]\n|-damage|p1b: Chien-Pao|82\/100|[from] Sandstorm\n|upkeep\n|\n|t:|1738935008\n|switch|p2b: Chi-Yu|Chi-Yu, L50|26\/100\n|-ability|p2b: Chi-Yu|Beads of Ruin\n|turn|5\n|\n|t:|1738935022\n|move|p1b: Chien-Pao|Throat Chop|p2b: Chi-Yu\n|-resisted|p2b: Chi-Yu\n|-damage|p2b: Chi-Yu|0 fnt\n|faint|p2b: Chi-Yu\n|\n|win|Beccca\n|raw|Beccca's rating: 1656 &rarr; <strong>1670<\/strong><br \/>(+14 for winning)\n|raw|paramita2's rating: 1555 &rarr; <strong>1541<\/strong><br \/>(-14 for losing)\n|l|\u2606paramita2\n|player|p2|\n|l|\u2606Beccca\n|player|p1|\n","uploadtime":1738935276,"views":4,"formatid":"gen9vgc2025regg","rating":1541,"private":0,"password":null}