{"id":"gen9vgc2025regg-2296250538","format":"[Gen 9] VGC 2025 Reg G","players":["beastCookie570","pokehys4"],"log":"|j|\u2606beastCookie570\n|j|\u2606pokehys4\n|t:|1738943155\n|gametype|doubles\n|player|p1|beastCookie570|hiker-gen4|1588\n|player|p2|pokehys4|1|1611\n|teamsize|p1|6\n|teamsize|p2|6\n|gen|9\n|tier|[Gen 9] VGC 2025 Reg G\n|rated|\n|rule|Species Clause: Limit one of each Pok\u00e9mon\n|rule|Item Clause: Limit 1 of each item\n|clearpoke\n|poke|p1|Calyrex-Shadow, L50|\n|poke|p1|Weezing-Galar, L50, M|\n|poke|p1|Dondozo, L50, M|\n|poke|p1|Tatsugiri, L50, M|\n|poke|p1|Urshifu-*, L50, M|\n|poke|p1|Whimsicott, L50, F|\n|poke|p2|Ogerpon-Cornerstone, L50, F|\n|poke|p2|Raging Bolt, L50|\n|poke|p2|Chi-Yu, L50|\n|poke|p2|Flutter Mane, L50|\n|poke|p2|Koraidon, L50|\n|poke|p2|Ditto, L50|\n|teampreview|4\n|inactive|Battle timer is ON: inactive players will automatically lose when time's up. (requested by pokehys4)\nbeastCookie570 rejected open team sheets.\n|j| Triple20\n|inactive|beastCookie570 has 60 seconds left.\n|\n|t:|1738943193\n|start\n|switch|p1a: Calyrex|Calyrex-Shadow, L50|100\/100\n|switch|p1b: Weezing|Weezing-Galar, L50, M|100\/100\n|switch|p2a: Raging Bolt|Raging Bolt, L50|100\/100\n|switch|p2b: Chi-Yu|Chi-Yu, L50|100\/100\n|-ability|p1b: Weezing|Neutralizing Gas\n|-ability|p1a: Calyrex|As One\n|-ability|p1a: Calyrex|Unnerve\n|turn|1\n|\n|t:|1738943214\n|move|p1a: Calyrex|Astral Barrage|p2b: Chi-Yu|[spread] p2a,p2b\n|-resisted|p2b: Chi-Yu\n|-damage|p2a: Raging Bolt|71\/100\n|-damage|p2b: Chi-Yu|73\/100\n|move|p2b: Chi-Yu|Overheat|p1a: Calyrex\n|-damage|p1a: Calyrex|37\/100\n|-unboost|p2b: Chi-Yu|spa|2\n|move|p2a: Raging Bolt|Thunderbolt|p1a: Calyrex\n|-damage|p1a: Calyrex|0 fnt\n|faint|p1a: Calyrex\n|move|p1b: Weezing|Strange Steam|p2b: Chi-Yu\n|-damage|p2b: Chi-Yu|46\/100\n|\n|upkeep\n|j| Daafjeweerwolfje\n|\n|t:|1738943231\n|switch|p1a: Urshifu|Urshifu, L50, M|100\/100\n|turn|2\n|\n|t:|1738943241\n|move|p1a: Urshifu|Detect|p1a: Urshifu\n|-singleturn|p1a: Urshifu|Protect\n|move|p2a: Raging Bolt|Thunderclap||[still]\n|-fail|p2a: Raging Bolt\n|move|p2b: Chi-Yu|Taunt|p1b: Weezing\n|-start|p1b: Weezing|move: Taunt\n|move|p1b: Weezing|Strange Steam|p2a: Raging Bolt\n|-supereffective|p2a: Raging Bolt\n|-damage|p2a: Raging Bolt|40\/100\n|-start|p2a: Raging Bolt|confusion\n|\n|upkeep\n|turn|3\n|\n|t:|1738943258\n|-end|p1b: Weezing|ability: Neutralizing Gas\n|-ability|p2b: Chi-Yu|Beads of Ruin\n|switch|p1b: Whimsicott|Whimsicott, L50, F|100\/100\n|-activate|p2a: Raging Bolt|confusion\n|-damage|p2a: Raging Bolt|36\/100|[from] confusion\n|move|p1a: Urshifu|Close Combat|p2b: Chi-Yu\n|-supereffective|p2b: Chi-Yu\n|-damage|p2b: Chi-Yu|0 fnt\n|-unboost|p1a: Urshifu|def|1\n|-unboost|p1a: Urshifu|spd|1\n|faint|p2b: Chi-Yu\n|\n|upkeep\n|\n|t:|1738943269\n|switch|p2b: Koraidon|Koraidon, L50|100\/100\n|-weather|SunnyDay|[from] ability: Orichalcum Pulse|[of] p2b: Koraidon\n|-activate|p2a: Raging Bolt|ability: Protosynthesis\n|-start|p2a: Raging Bolt|protosynthesisspa\n|-activate|p2b: Koraidon|Orichalcum Pulse|[source]\n|turn|4\n|\n|t:|1738943282\n|switch|p1a: Weezing|Weezing-Galar, L50, M|100\/100\n|-ability|p1a: Weezing|Neutralizing Gas\n|-terastallize|p2b: Koraidon|Fire\n|-activate|p2a: Raging Bolt|confusion\n|move|p2a: Raging Bolt|Thunderclap||[still]\n|-fail|p2a: Raging Bolt\n|move|p1b: Whimsicott|Tailwind|p1b: Whimsicott\n|-sidestart|p1: beastCookie570|move: Tailwind\n|move|p2b: Koraidon|Flame Charge|p1b: Whimsicott\n|-supereffective|p1b: Whimsicott\n|-damage|p1b: Whimsicott|0 fnt\n|-boost|p2b: Koraidon|spe|1\n|faint|p1b: Whimsicott\n|\n|-weather|SunnyDay|[upkeep]\n|upkeep\n|j| Reflextive\n|\n|t:|1738943295\n|switch|p1b: Urshifu|Urshifu, L50, M|100\/100\n|turn|5\n|\n|t:|1738943316\n|-terastallize|p1b: Urshifu|Stellar\n|move|p1b: Urshifu|Close Combat|p2b: Koraidon\n|-damage|p2b: Koraidon|30\/100\n|-unboost|p1b: Urshifu|def|1\n|-unboost|p1b: Urshifu|spd|1\n|move|p2b: Koraidon|Flare Blitz|p1a: Weezing\n|-damage|p1a: Weezing|20\/100\n|-damage|p2b: Koraidon|14\/100|[from] item: Rocky Helmet|[of] p1a: Weezing\n|-damage|p2b: Koraidon|0 fnt|[from] Recoil\n|faint|p2b: Koraidon\n|move|p1a: Weezing|Strange Steam|p2a: Raging Bolt\n|-supereffective|p2a: Raging Bolt\n|-damage|p2a: Raging Bolt|4\/100\n|-activate|p2a: Raging Bolt|confusion\n|move|p2a: Raging Bolt|Thunderbolt|p1a: Weezing\n|-damage|p1a: Weezing|0 fnt\n|faint|p1a: Weezing\n|-end|p1a: Weezing|ability: Neutralizing Gas\n|\n|-weather|SunnyDay|[upkeep]\n|upkeep\n|j| Izuden\n|\n|t:|1738943330\n|switch|p2b: Ogerpon|Ogerpon-Cornerstone, L50, F|100\/100\n|turn|6\n|\n|t:|1738943352\n|move|p1b: Urshifu|Sucker Punch|p2a: Raging Bolt\n|-damage|p2a: Raging Bolt|0 fnt\n|faint|p2a: Raging Bolt\n|-end|p2a: Raging Bolt|Protosynthesis|[silent]\n|move|p2b: Ogerpon|Ivy Cudgel|p1b: Urshifu|[anim] Ivy Cudgel Rock\n|-resisted|p1b: Urshifu\n|-damage|p1b: Urshifu|54\/100\n|\n|-weather|SunnyDay|[upkeep]\n|upkeep\n|turn|7\n|l| Triple20\n|j| Baguettezzz\n|inactive|beastCookie570 has 30 seconds left.\n|j| CSVC\n|inactive|beastCookie570 has 20 seconds left.\n|inactive|beastCookie570 has 15 seconds left.\n|\n|t:|1738943396\n|move|p1b: Urshifu|Wicked Blow|p2b: Ogerpon\n|-crit|p2b: Ogerpon\n|-damage|p2b: Ogerpon|21\/100\n|move|p2b: Ogerpon|Power Whip|p1b: Urshifu\n|-damage|p1b: Urshifu|0 fnt\n|faint|p1b: Urshifu\n|\n|win|pokehys4\n|raw|beastCookie570's rating: 1588 &rarr; <strong>1569<\/strong><br \/>(-19 for losing)\n|raw|pokehys4's rating: 1611 &rarr; <strong>1630<\/strong><br \/>(+19 for winning)\n|c|\u2606beastCookie570|Gg\n|c|\u2606pokehys4|gg\n|c|\u2606beastCookie570|why is there so many people here\n|c|\u2606pokehys4|idk\n|c|\u2606beastCookie570|Lol\n|c|\u2606pokehys4|im not anybody\n|c|\u2606beastCookie570|thisbguy triple20 has been stalking me I think\n|l|\u2606pokehys4\n|player|p2|\n|l| Izuden\n|c|\u2606beastCookie570|Like idk these people either lmao\n|l|\u2606beastCookie570\n|player|p1|\n|l| Baguettezzz\n|l| Reflextive\n","uploadtime":1738943609,"views":6,"formatid":"gen9vgc2025regg","rating":1569,"private":0,"password":null}