{"id":"gen9vgc2025regg-2296304201","format":"[Gen 9] VGC 2025 Reg G","players":["lrex9","Hikawari"],"log":"|j|\u2606lrex9\n|j|\u2606Hikawari\n|t:|1738948556\n|gametype|doubles\n|player|p1|lrex9|lucas|1546\n|player|p2|Hikawari|170|1641\n|teamsize|p1|6\n|teamsize|p2|6\n|gen|9\n|tier|[Gen 9] VGC 2025 Reg G\n|rated|\n|rule|Species Clause: Limit one of each Pok\u00e9mon\n|rule|Item Clause: Limit 1 of each item\n|clearpoke\n|poke|p1|Kyogre, L50|\n|poke|p1|Roaring Moon, L50|\n|poke|p1|Landorus, L50, M|\n|poke|p1|Bruxish, L50, M|\n|poke|p1|Indeedee-F, L50, F|\n|poke|p1|Scizor, L50, M|\n|poke|p2|Zamazenta-*, L50|\n|poke|p2|Chi-Yu, L50|\n|poke|p2|Rillaboom, L50, M|\n|poke|p2|Flutter Mane, L50|\n|poke|p2|Chien-Pao, L50|\n|poke|p2|Amoonguss, L50, F|\n|teampreview|4\n|inactive|Battle timer is ON: inactive players will automatically lose when time's up. (requested by Hikawari)\nHikawari has agreed to open team sheets.\n|inactive|lrex9 has 60 seconds left.\n|inactive|lrex9 has 30 seconds left.\n|inactive|lrex9 has 20 seconds left.\n|inactive|lrex9 has 15 seconds left.\n|\n|t:|1738948642\n|start\n|switch|p1a: Scizor|Scizor, L50, M|100\/100\n|switch|p1b: Kyogre|Kyogre, L50|100\/100\n|switch|p2a: Zamazenta|Zamazenta-Crowned, L50|100\/100\n|switch|p2b: Chien-Pao|Chien-Pao, L50|100\/100\n|-ability|p2b: Chien-Pao|Sword of Ruin\n|-ability|p2a: Zamazenta|Dauntless Shield|boost\n|-boost|p2a: Zamazenta|def|1\n|-weather|RainDance|[from] ability: Drizzle|[of] p1b: Kyogre\n|turn|1\n|\n|t:|1738948655\n|-terastallize|p2a: Zamazenta|Dragon\n|move|p1a: Scizor|Bullet Punch|p2b: Chien-Pao\n|-supereffective|p2b: Chien-Pao\n|-enditem|p2b: Chien-Pao|Focus Sash\n|-damage|p2b: Chien-Pao|1\/100\n|move|p2b: Chien-Pao|Throat Chop|p1b: Kyogre\n|-damage|p1b: Kyogre|38\/100\n|-start|p1b: Kyogre|Throat Chop|[silent]\n|move|p2a: Zamazenta|Body Press|p1a: Scizor\n|-damage|p1a: Scizor|3\/100\n|move|p1b: Kyogre|Origin Pulse|p2b: Chien-Pao|[spread] p2a,p2b\n|-resisted|p2a: Zamazenta\n|-damage|p2a: Zamazenta|57\/100\n|-damage|p2b: Chien-Pao|0 fnt\n|faint|p2b: Chien-Pao\n|\n|-weather|RainDance|[upkeep]\n|upkeep\n|\n|t:|1738948669\n|switch|p2b: Amoonguss|Amoonguss, L50, F|100\/100\n|turn|2\n|\n|t:|1738948680\n|move|p2b: Amoonguss|Rage Powder|p2b: Amoonguss\n|-singleturn|p2b: Amoonguss|move: Rage Powder\n|move|p1a: Scizor|Bullet Punch|p2b: Amoonguss\n|-damage|p2b: Amoonguss|62\/100\n|-damage|p1a: Scizor|0 fnt|[from] item: Rocky Helmet|[of] p2b: Amoonguss\n|faint|p1a: Scizor\n|move|p2a: Zamazenta|Body Press|p1b: Kyogre\n|-damage|p1b: Kyogre|0 fnt\n|faint|p1b: Kyogre\n|\n|-weather|RainDance|[upkeep]\n|upkeep\n|\n|t:|1738948686\n|switch|p1b: Landorus|Landorus, L50, M|100\/100\n|switch|p1a: Roaring Moon|Roaring Moon, L50|100\/100\n|-enditem|p1a: Roaring Moon|Booster Energy\n|-activate|p1a: Roaring Moon|ability: Protosynthesis|[fromitem]\n|-start|p1a: Roaring Moon|protosynthesisspe\n|turn|3\n|\n|t:|1738948692\n|-terastallize|p1a: Roaring Moon|Flying\n|move|p2a: Zamazenta|Wide Guard|p2a: Zamazenta\n|-singleturn|p2a: Zamazenta|Wide Guard\n|move|p1a: Roaring Moon|Acrobatics|p2b: Amoonguss\n|-supereffective|p2b: Amoonguss\n|-damage|p2b: Amoonguss|0 fnt\n|-damage|p1a: Roaring Moon|84\/100|[from] item: Rocky Helmet|[of] p2b: Amoonguss\n|faint|p2b: Amoonguss\n|move|p1b: Landorus|Earth Power|p2a: Zamazenta\n|-damage|p2a: Zamazenta|3\/100\n|\n|-weather|RainDance|[upkeep]\n|upkeep\n|\n|t:|1738948696\n|switch|p2b: Rillaboom|Rillaboom, L50, M|100\/100\n|-fieldstart|move: Grassy Terrain|[from] ability: Grassy Surge|[of] p2b: Rillaboom\n|turn|4\n|\n|t:|1738948709\n|move|p1a: Roaring Moon|Protect|p1a: Roaring Moon\n|-singleturn|p1a: Roaring Moon|Protect\n|move|p1b: Landorus|Protect|p1b: Landorus\n|-singleturn|p1b: Landorus|Protect\n|move|p2b: Rillaboom|Fake Out|p1a: Roaring Moon\n|-activate|p1a: Roaring Moon|move: Protect\n|move|p2a: Zamazenta|Heavy Slam|p1b: Landorus\n|-activate|p1b: Landorus|move: Protect\n|\n|-weather|RainDance|[upkeep]\n|-heal|p2a: Zamazenta|9\/100|[from] Grassy Terrain\n|upkeep\n|turn|5\n|\n|t:|1738948724\n|move|p2b: Rillaboom|Grassy Glide|p1b: Landorus\n|-damage|p1b: Landorus|58\/100\n|move|p1a: Roaring Moon|Acrobatics|p2b: Rillaboom\n|-supereffective|p2b: Rillaboom\n|-damage|p2b: Rillaboom|0 fnt\n|faint|p2b: Rillaboom\n|move|p2a: Zamazenta|Heavy Slam|p1b: Landorus\n|-damage|p1b: Landorus|0 fnt\n|faint|p1b: Landorus\n|\n|-weather|none\n|-heal|p2a: Zamazenta|16\/100|[from] Grassy Terrain\n|upkeep\n|turn|6\n|\n|t:|1738948736\n|move|p2a: Zamazenta|Protect|p2a: Zamazenta\n|-singleturn|p2a: Zamazenta|Protect\n|move|p1a: Roaring Moon|Acrobatics|p2a: Zamazenta\n|-activate|p2a: Zamazenta|move: Protect\n|\n|-heal|p2a: Zamazenta|22\/100|[from] Grassy Terrain\n|upkeep\n|turn|7\n|\n|t:|1738948740\n|move|p1a: Roaring Moon|Acrobatics|p2a: Zamazenta\n|-damage|p2a: Zamazenta|0 fnt\n|faint|p2a: Zamazenta\n|\n|win|lrex9\n|raw|lrex9's rating: 1546 &rarr; <strong>1571<\/strong><br \/>(+25 for winning)\n|raw|Hikawari's rating: 1641 &rarr; <strong>1616<\/strong><br \/>(-25 for losing)\n|l|\u2606Hikawari\n|player|p2|\n|l|\u2606lrex9\n|player|p1|\n","uploadtime":1738949007,"views":9,"formatid":"gen9vgc2025regg","rating":1571,"private":0,"password":null}