{"id":"gen9vgc2025regg-2296144519","format":"[Gen 9] VGC 2025 Reg G","players":["lichuvgc","BorisJohnsonVGC"],"log":"|j|\u2606lichuvgc\n|j|\u2606BorisJohnsonVGC\n|t:|1738930415\n|gametype|doubles\n|player|p1|lichuvgc|265|1615\n|player|p2|BorisJohnsonVGC|lucas|1783\n|teamsize|p1|6\n|teamsize|p2|6\n|gen|9\n|tier|[Gen 9] VGC 2025 Reg G\n|rated|\n|rule|Species Clause: Limit one of each Pok\u00e9mon\n|rule|Item Clause: Limit 1 of each item\n|clearpoke\n|poke|p1|Calyrex-Ice, L50|\n|poke|p1|Urshifu-*, L50, M|\n|poke|p1|Smeargle, L50, M|\n|poke|p1|Farigiraf, L50, M|\n|poke|p1|Ursaluna-Bloodmoon, L50, M|\n|poke|p1|Torkoal, L50, M|\n|poke|p2|Kyogre, L50|\n|poke|p2|Rillaboom, L50, M|\n|poke|p2|Incineroar, L50, M|\n|poke|p2|Urshifu-*, L50, M|\n|poke|p2|Amoonguss, L50, M|\n|poke|p2|Roaring Moon, L50|\n|teampreview|4\n|\n|t:|1738930482\n|start\n|switch|p1a: Smeargle|Smeargle, L50, M|100\/100\n|switch|p1b: Farigiraf|Farigiraf, L50, M|100\/100\n|switch|p2a: Incineroar|Incineroar, L50, M|100\/100\n|switch|p2b: Urshifu|Urshifu-Rapid-Strike, L50, M|100\/100\n|-ability|p2a: Incineroar|Intimidate|boost\n|-unboost|p1a: Smeargle|atk|1\n|-enditem|p1a: Smeargle|Eject Pack\n|-unboost|p1b: Farigiraf|atk|1\n|\n|t:|1738930494\n|switch|p1a: Calyrex|Calyrex-Ice, L50|100\/100\n|-ability|p1a: Calyrex|As One\n|-ability|p1a: Calyrex|Unnerve\n|turn|1\n|\n|t:|1738930544\n|move|p1b: Farigiraf|Ally Switch|p1b: Farigiraf\n|swap|p1b: Farigiraf|0|[from] move: Ally Switch\n|move|p2b: Urshifu|U-turn|p1a: Farigiraf\n|-supereffective|p1a: Farigiraf\n|-damage|p1a: Farigiraf|52\/100\n|\n|t:|1738930548\n|switch|p2b: Kyogre|Kyogre, L50|100\/100|[from] U-turn\n|-weather|RainDance|[from] ability: Drizzle|[of] p2b: Kyogre\n|move|p2a: Incineroar|Knock Off|p1a: Farigiraf\n|-supereffective|p1a: Farigiraf\n|-damage|p1a: Farigiraf|0 fnt\n|-enditem|p1a: Farigiraf|Safety Goggles|[from] move: Knock Off|[of] p2a: Incineroar\n|faint|p1a: Farigiraf\n|move|p1b: Calyrex|Trick Room|p1b: Calyrex\n|-fieldstart|move: Trick Room|[of] p1b: Calyrex\n|\n|-weather|RainDance|[upkeep]\n|upkeep\n|\n|t:|1738930589\n|switch|p1a: Smeargle|Smeargle, L50, M|100\/100\n|turn|2\n|j| eeveetaboo\n|\n|t:|1738930598\n|-terastallize|p1b: Calyrex|Grass\n|move|p1a: Smeargle|Fake Out|p2a: Incineroar\n|-damage|p2a: Incineroar|96\/100\n|move|p1b: Calyrex|Bullet Seed|p2b: Kyogre\n|-supereffective|p2b: Kyogre\n|-damage|p2b: Kyogre|73\/100\n|-supereffective|p2b: Kyogre\n|-damage|p2b: Kyogre|46\/100\n|-supereffective|p2b: Kyogre\n|-damage|p2b: Kyogre|21\/100\n|-supereffective|p2b: Kyogre\n|-damage|p2b: Kyogre|0 fnt\n|faint|p2b: Kyogre\n|-ability|p1b: Calyrex|Chilling Neigh|boost\n|-boost|p1b: Calyrex|atk|1\n|-hitcount|p2: Kyogre|4\n|cant|p2a: Incineroar|flinch\n|\n|-weather|RainDance|[upkeep]\n|-ability|p1a: Smeargle|Moody|boost\n|-boost|p1a: Smeargle|spd|2\n|-unboost|p1a: Smeargle|atk|1\n|upkeep\n|\n|t:|1738930608\n|switch|p2b: Amoonguss|Amoonguss, L50, M|100\/100\n|turn|3\n|\n|t:|1738930633\n|switch|p2a: Urshifu|Urshifu-Rapid-Strike, L50, M|100\/100\n|-terastallize|p2b: Amoonguss|Fairy\n|move|p1a: Smeargle|Follow Me|p1a: Smeargle\n|-singleturn|p1a: Smeargle|move: Follow Me\n|move|p2b: Amoonguss|Spore|p1a: Smeargle\n|-status|p1a: Smeargle|slp|[from] move: Spore\n|move|p1b: Calyrex|Glacial Lance|p2a: Urshifu|[spread] p2a,p2b\n|-resisted|p2a: Urshifu\n|-damage|p2a: Urshifu|56\/100\n|-damage|p2b: Amoonguss|33\/100\n|\n|-weather|RainDance|[upkeep]\n|-ability|p1a: Smeargle|Moody|boost\n|-boost|p1a: Smeargle|spe|2\n|-unboost|p1a: Smeargle|atk|1\n|upkeep\n|turn|4\n|\n|t:|1738930649\n|switch|p2b: Incineroar|Incineroar, L50, M|96\/100\n|-ability|p2b: Incineroar|Intimidate|boost\n|-unboost|p1a: Smeargle|atk|1\n|-unboost|p1b: Calyrex|atk|1\n|switch|p1a: Torkoal|Torkoal, L50, M|100\/100\n|-weather|SunnyDay|[from] ability: Drought|[of] p1a: Torkoal\n|move|p1b: Calyrex|Glacial Lance|p2b: Incineroar|[spread] p2a,p2b\n|-resisted|p2a: Urshifu\n|-crit|p2a: Urshifu\n|-resisted|p2b: Incineroar\n|-damage|p2a: Urshifu|15\/100\n|-damage|p2b: Incineroar|67\/100\n|move|p2a: Urshifu|U-turn|p1b: Calyrex\n|-supereffective|p1b: Calyrex\n|-damage|p1b: Calyrex|66\/100\n|\n|t:|1738930662\n|switch|p2a: Amoonguss|Amoonguss, L50, M, tera:Fairy|67\/100|[from] U-turn\n|\n|-weather|SunnyDay|[upkeep]\n|upkeep\n|turn|5\n|\n|t:|1738930671\n|move|p2b: Incineroar|Fake Out|p1a: Torkoal\n|-damage|p1a: Torkoal|92\/100\n|cant|p1a: Torkoal|flinch\n|move|p2a: Amoonguss|Sludge Bomb|p1b: Calyrex\n|-supereffective|p1b: Calyrex\n|-damage|p1b: Calyrex|31\/100\n|move|p1b: Calyrex|Glacial Lance|p2b: Incineroar|[spread] p2a,p2b\n|-resisted|p2b: Incineroar\n|-damage|p2a: Amoonguss|24\/100\n|-damage|p2b: Incineroar|40\/100\n|\n|-weather|SunnyDay|[upkeep]\n|-fieldend|move: Trick Room\n|upkeep\n|turn|6\n|\n|t:|1738930695\n|move|p2b: Incineroar|Will-O-Wisp|p1b: Calyrex\n|-status|p1b: Calyrex|brn\n|move|p2a: Amoonguss|Spore|p1a: Torkoal\n|-status|p1a: Torkoal|slp|[from] move: Spore\n|cant|p1a: Torkoal|slp\n|move|p1b: Calyrex|Trick Room|p1b: Calyrex\n|-fieldstart|move: Trick Room|[of] p1b: Calyrex\n|\n|-weather|SunnyDay|[upkeep]\n|-damage|p1b: Calyrex|25\/100 brn|[from] brn\n|upkeep\n|turn|7\n|\n|t:|1738930711\n|switch|p1b: Smeargle|Smeargle, L50, M|100\/100 slp\n|cant|p1a: Torkoal|slp\n|move|p2a: Amoonguss|Sludge Bomb|p1b: Smeargle\n|-damage|p1b: Smeargle|41\/100 slp\n|move|p2b: Incineroar|Parting Shot|p1a: Torkoal\n|-unboost|p1a: Torkoal|atk|1\n|-unboost|p1a: Torkoal|spa|1\n|\n|t:|1738930717\n|switch|p2b: Urshifu|Urshifu-Rapid-Strike, L50, M|15\/100|[from] Parting Shot\n|\n|-weather|SunnyDay|[upkeep]\n|-ability|p1b: Smeargle|Moody|boost\n|-boost|p1b: Smeargle|atk|2\n|-unboost|p1b: Smeargle|spa|1\n|upkeep\n|turn|8\n|\n|t:|1738930730\n|switch|p2a: Incineroar|Incineroar, L50, M|40\/100\n|-ability|p2a: Incineroar|Intimidate|boost\n|-unboost|p1a: Torkoal|atk|1\n|-unboost|p1b: Smeargle|atk|1\n|cant|p1b: Smeargle|slp\n|-curestatus|p1a: Torkoal|slp|[msg]\n|move|p1a: Torkoal|Eruption|p2a: Incineroar|[spread] p2a,p2b\n|-resisted|p2a: Incineroar\n|-resisted|p2b: Urshifu\n|-damage|p2a: Incineroar|14\/100\n|-damage|p2b: Urshifu|0 fnt\n|faint|p2b: Urshifu\n|\n|-weather|none\n|-ability|p1b: Smeargle|Moody|boost\n|-boost|p1b: Smeargle|spa|2\n|-unboost|p1b: Smeargle|spd|1\n|upkeep\n|\n|t:|1738930740\n|switch|p2b: Amoonguss|Amoonguss, L50, M, tera:Fairy|58\/100\n|turn|9\n|\n|t:|1738930752\n|switch|p1a: Calyrex|Calyrex-Ice, L50, tera:Grass|25\/100 brn\n|-ability|p1a: Calyrex|As One\n|-ability|p1a: Calyrex|Unnerve\n|move|p2a: Incineroar|Fake Out|p1a: Calyrex\n|-damage|p1a: Calyrex|18\/100 brn\n|move|p2b: Amoonguss|Sludge Bomb|p1b: Smeargle\n|-damage|p1b: Smeargle|0 fnt\n|faint|p1b: Smeargle\n|\n|-damage|p1a: Calyrex|12\/100 brn|[from] brn\n|upkeep\n|\n|t:|1738930763\n|switch|p1b: Torkoal|Torkoal, L50, M|92\/100\n|-weather|SunnyDay|[from] ability: Drought|[of] p1b: Torkoal\n|turn|10\n|\n|t:|1738930799\n|move|p1b: Torkoal|Eruption|p2b: Amoonguss|[spread] p2a,p2b\n|-resisted|p2a: Incineroar\n|-damage|p2a: Incineroar|0 fnt\n|-damage|p2b: Amoonguss|0 fnt\n|faint|p2a: Incineroar\n|faint|p2b: Amoonguss\n|\n|win|lichuvgc\n|raw|lichuvgc's rating: 1615 &rarr; <strong>1644<\/strong><br \/>(+29 for winning)\n|raw|BorisJohnsonVGC's rating: 1783 &rarr; <strong>1754<\/strong><br \/>(-29 for losing)\n|l|\u2606BorisJohnsonVGC\n|player|p2|\n|l|\u2606lichuvgc\n|player|p1|\n|l| eeveetaboo\n","uploadtime":1738930981,"views":7,"formatid":"gen9vgc2025regg","rating":1644,"private":0,"password":null}