{"id":"gen9vgc2025regg-2296437208","format":"[Gen 9] VGC 2025 Reg G","players":["Jameson Murray","my pony my horse"],"log":"|j|\u2606Jameson Murray\n|j|\u2606my pony my horse\n|t:|1738962030\n|gametype|doubles\n|player|p1|Jameson Murray|elesa|1523\n|player|p2|my pony my horse|unknown|1597\n|teamsize|p1|6\n|teamsize|p2|6\n|gen|9\n|tier|[Gen 9] VGC 2025 Reg G\n|rated|\n|rule|Species Clause: Limit one of each Pok\u00e9mon\n|rule|Item Clause: Limit 1 of each item\n|clearpoke\n|poke|p1|Groudon, L50|\n|poke|p1|Gastrodon-East, L50, M|\n|poke|p1|Jumpluff, L50, M|\n|poke|p1|Urshifu-*, L50, F|\n|poke|p1|Raging Bolt, L50|\n|poke|p1|Gouging Fire, L50|\n|poke|p2|Zamazenta-*, L50|\n|poke|p2|Amoonguss, L50, M|\n|poke|p2|Chien-Pao, L50|\n|poke|p2|Flutter Mane, L50|\n|poke|p2|Chi-Yu, L50|\n|poke|p2|Raging Bolt, L50|\n|teampreview|4\n|inactive|Battle timer is ON: inactive players will automatically lose when time's up. (requested by my pony my horse)\n|inactive|Jameson Murray has 60 seconds left.\n|inactive|my pony my horse has 60 seconds left.\n|\n|t:|1738962091\n|start\n|switch|p1a: Raging Bolt|Raging Bolt, L50|100\/100\n|switch|p1b: Gastrodon|Gastrodon-East, L50, M|100\/100\n|switch|p2a: Zamazenta|Zamazenta-Crowned, L50|100\/100\n|switch|p2b: Chien-Pao|Chien-Pao, L50|100\/100\n|-ability|p2b: Chien-Pao|Sword of Ruin\n|-ability|p2a: Zamazenta|Dauntless Shield|boost\n|-boost|p2a: Zamazenta|def|1\n|turn|1\n|\n|t:|1738962107\n|-terastallize|p1a: Raging Bolt|Water\n|move|p2b: Chien-Pao|Ice Spinner|p1a: Raging Bolt\n|-resisted|p1a: Raging Bolt\n|-damage|p1a: Raging Bolt|80\/100\n|move|p2a: Zamazenta|Body Press|p1b: Gastrodon\n|-damage|p1b: Gastrodon|36\/100\n|move|p1a: Raging Bolt|Thunderbolt|p2b: Chien-Pao\n|-damage|p2b: Chien-Pao|24\/100\n|move|p1b: Gastrodon|Yawn|p2a: Zamazenta\n|-start|p2a: Zamazenta|move: Yawn|[of] p1b: Gastrodon\n|\n|-heal|p1b: Gastrodon|42\/100|[from] item: Leftovers\n|upkeep\n|turn|2\n|\n|t:|1738962125\n|move|p2b: Chien-Pao|Protect|p2b: Chien-Pao\n|-singleturn|p2b: Chien-Pao|Protect\n|move|p2a: Zamazenta|Body Press|p1a: Raging Bolt\n|-damage|p1a: Raging Bolt|13\/100\n|move|p1a: Raging Bolt|Thunderbolt|p2a: Zamazenta\n|-damage|p2a: Zamazenta|64\/100\n|move|p1b: Gastrodon|Earth Power|p2b: Chien-Pao\n|-activate|p2b: Chien-Pao|move: Protect\n|\n|-heal|p1b: Gastrodon|48\/100|[from] item: Leftovers\n|-end|p2a: Zamazenta|move: Yawn|[silent]\n|-status|p2a: Zamazenta|slp\n|upkeep\n|turn|3\n|\n|t:|1738962139\n|-end|p1a: Raging Bolt|Protosynthesis|[silent]\n|switch|p1a: Jumpluff|Jumpluff, L50, M|100\/100\n|move|p2b: Chien-Pao|Sucker Punch||[still]\n|-fail|p2b: Chien-Pao\n|cant|p2a: Zamazenta|slp\n|move|p1b: Gastrodon|Earth Power|p2a: Zamazenta\n|-supereffective|p2a: Zamazenta\n|-damage|p2a: Zamazenta|20\/100 slp\n|\n|-heal|p1b: Gastrodon|54\/100|[from] item: Leftovers\n|upkeep\n|turn|4\n|\n|t:|1738962157\n|switch|p1a: Raging Bolt|Raging Bolt, L50, tera:Water|13\/100\n|move|p2b: Chien-Pao|Ice Spinner|p1a: Raging Bolt\n|-resisted|p1a: Raging Bolt\n|-damage|p1a: Raging Bolt|0 fnt\n|faint|p1a: Raging Bolt\n|-end|p1a: Raging Bolt|Protosynthesis|[silent]\n|cant|p2a: Zamazenta|slp\n|move|p1b: Gastrodon|Earth Power|p2b: Chien-Pao\n|-damage|p2b: Chien-Pao|0 fnt\n|faint|p2b: Chien-Pao\n|\n|-heal|p1b: Gastrodon|60\/100|[from] item: Leftovers\n|upkeep\n|\n|t:|1738962174\n|switch|p2b: Chi-Yu|Chi-Yu, L50|100\/100\n|switch|p1a: Jumpluff|Jumpluff, L50, M|100\/100\n|-ability|p2b: Chi-Yu|Beads of Ruin\n|turn|5\n|\n|t:|1738962182\n|move|p2b: Chi-Yu|Heat Wave|p1b: Gastrodon|[spread] p1a,p1b\n|-supereffective|p1a: Jumpluff\n|-resisted|p1b: Gastrodon\n|-damage|p1a: Jumpluff|0 fnt\n|-damage|p1b: Gastrodon|35\/100\n|faint|p1a: Jumpluff\n|cant|p2a: Zamazenta|slp\n|move|p1b: Gastrodon|Earth Power|p2b: Chi-Yu\n|-supereffective|p2b: Chi-Yu\n|-damage|p2b: Chi-Yu|27\/100\n|\n|-heal|p1b: Gastrodon|41\/100|[from] item: Leftovers\n|upkeep\n|\n|t:|1738962190\n|switch|p1a: Groudon|Groudon, L50|100\/100\n|-weather|SunnyDay|[from] ability: Drought|[of] p1a: Groudon\n|turn|6\n|\n|t:|1738962211\n|move|p1a: Groudon|Protect|p1a: Groudon\n|-singleturn|p1a: Groudon|Protect\n|move|p2b: Chi-Yu|Heat Wave|p1a: Groudon|[spread] p1b\n|-activate|p1a: Groudon|move: Protect\n|-resisted|p1b: Gastrodon\n|-damage|p1b: Gastrodon|4\/100\n|-curestatus|p2a: Zamazenta|slp|[msg]\n|move|p2a: Zamazenta|Body Press|p1a: Groudon\n|-activate|p1a: Groudon|move: Protect\n|move|p1b: Gastrodon|Earth Power|p2b: Chi-Yu\n|-supereffective|p2b: Chi-Yu\n|-damage|p2b: Chi-Yu|0 fnt\n|faint|p2b: Chi-Yu\n|\n|-weather|SunnyDay|[upkeep]\n|-heal|p1b: Gastrodon|10\/100|[from] item: Leftovers\n|upkeep\n|\n|t:|1738962215\n|switch|p2b: Flutter Mane|Flutter Mane, L50|100\/100\n|-activate|p2b: Flutter Mane|ability: Protosynthesis\n|-start|p2b: Flutter Mane|protosynthesisspe\n|turn|7\n|\n|t:|1738962226\n|move|p2b: Flutter Mane|Icy Wind|p1b: Gastrodon|[spread] p1a,p1b\n|-supereffective|p1a: Groudon\n|-damage|p1a: Groudon|76\/100\n|-damage|p1b: Gastrodon|0 fnt\n|-unboost|p1a: Groudon|spe|1\n|faint|p1b: Gastrodon\n|move|p2a: Zamazenta|Body Press|p1a: Groudon\n|-damage|p1a: Groudon|34\/100\n|move|p1a: Groudon|Precipice Blades|p2b: Flutter Mane|[spread] p2a,p2b\n|-supereffective|p2a: Zamazenta\n|-damage|p2a: Zamazenta|0 fnt\n|-damage|p2b: Flutter Mane|0 fnt\n|faint|p2a: Zamazenta\n|faint|p2b: Flutter Mane\n|-end|p2b: Flutter Mane|Protosynthesis|[silent]\n|-damage|p1a: Groudon|24\/100|[from] item: Life Orb\n|\n|win|Jameson Murray\n|raw|Jameson Murray's rating: 1523 &rarr; <strong>1547<\/strong><br \/>(+24 for winning)\n|raw|my pony my horse's rating: 1597 &rarr; <strong>1573<\/strong><br \/>(-24 for losing)\n|l|\u2606my pony my horse\n|player|p2|\n|l|\u2606Jameson Murray\n|player|p1|\n","uploadtime":1738962440,"views":7,"formatid":"gen9vgc2025regg","rating":1547,"private":0,"password":null}