{"id":"gen9vgc2025regg-2296957044","format":"[Gen 9] VGC 2025 Reg G","players":["mastermind212","ggttmmhh"],"log":"|j|\u2606mastermind212\n|j|\u2606ggttmmhh\n|t:|1739040549\n|gametype|doubles\n|player|p1|mastermind212|2|1546\n|player|p2|ggttmmhh|266|1692\n|teamsize|p1|6\n|teamsize|p2|6\n|gen|9\n|tier|[Gen 9] VGC 2025 Reg G\n|rated|\n|rule|Species Clause: Limit one of each Pok\u00e9mon\n|rule|Item Clause: Limit 1 of each item\n|clearpoke\n|poke|p1|Kyogre, L50|\n|poke|p1|Flutter Mane, L50|\n|poke|p1|Tsareena, L50, F|\n|poke|p1|Ditto, L50|\n|poke|p1|Rillaboom, L50, M|\n|poke|p1|Tornadus, L50, M|\n|poke|p2|Zacian-*, L50|\n|poke|p2|Weezing, L50, M|\n|poke|p2|Regigigas, L50|\n|poke|p2|Tornadus, L50, M|\n|poke|p2|Chien-Pao, L50|\n|poke|p2|Ogerpon-Wellspring, L50, F|\n|teampreview|4\n|inactive|Battle timer is ON: inactive players will automatically lose when time's up. (requested by mastermind212)\n|inactive|mastermind212 has 60 seconds left.\n|inactive|ggttmmhh has 60 seconds left.\n|\n|t:|1739040597\n|start\n|switch|p1a: Rillaboom|Rillaboom, L50, M|100\/100\n|switch|p1b: Tornadus|Tornadus, L50, M|100\/100\n|switch|p2a: Badnik|Weezing, L50, M|100\/100\n|switch|p2b: Dr. Eggman|Regigigas, L50|100\/100\n|-ability|p2a: Badnik|Neutralizing Gas\n|turn|1\n|inactive|ggttmmhh has 30 seconds left.\n|\n|t:|1739040632\n|move|p1a: Rillaboom|Fake Out|p2b: Dr. Eggman\n|-damage|p2b: Dr. Eggman|87\/100\n|move|p1b: Tornadus|Tailwind|p1b: Tornadus\n|-sidestart|p1: mastermind212|move: Tailwind\n|cant|p2b: Dr. Eggman|flinch\n|move|p2a: Badnik|Will-O-Wisp|p1a: Rillaboom\n|-status|p1a: Rillaboom|brn\n|\n|-damage|p1a: Rillaboom|94\/100 brn|[from] brn\n|upkeep\n|turn|2\n|j| kiabu233\n|\n|t:|1739040656\n|move|p2a: Badnik|Protect|p2a: Badnik\n|-singleturn|p2a: Badnik|Protect\n|move|p1b: Tornadus|Bleakwind Storm|p2b: Dr. Eggman|[spread] p2b\n|-activate|p2a: Badnik|move: Protect\n|-damage|p2b: Dr. Eggman|56\/100\n|move|p1a: Rillaboom|High Horsepower|p2a: Badnik\n|-activate|p2a: Badnik|move: Protect\n|move|p2b: Dr. Eggman|Crush Grip|p1b: Tornadus\n|-damage|p1b: Tornadus|0 fnt\n|faint|p1b: Tornadus\n|-damage|p2b: Dr. Eggman|47\/100|[from] item: Life Orb\n|\n|-damage|p1a: Rillaboom|88\/100 brn|[from] brn\n|upkeep\n|\n|t:|1739040670\n|switch|p1b: Kyogre|Kyogre, L50|100\/100\n|turn|3\n|\n|t:|1739040688\n|-end|p2a: Badnik|ability: Neutralizing Gas\n|-weather|RainDance|[from] ability: Drizzle|[of] p1b: Kyogre\n|-fieldstart|move: Grassy Terrain|[from] ability: Grassy Surge|[of] p1a: Rillaboom\n|-start|p2b: Dr. Eggman|ability: Slow Start\n|switch|p2a: Sonic|Zacian-Crowned, L50|100\/100\n|-ability|p2a: Sonic|Intrepid Sword|boost\n|-boost|p2a: Sonic|atk|1\n|move|p2b: Dr. Eggman|Wide Guard|p2b: Dr. Eggman\n|-singleturn|p2b: Dr. Eggman|Wide Guard\n|move|p1b: Kyogre|Water Spout|p2a: Sonic|[spread] \n|-activate|p2a: Sonic|move: Wide Guard\n|-activate|p2b: Dr. Eggman|move: Wide Guard\n|move|p1a: Rillaboom|High Horsepower|p2a: Sonic\n|-supereffective|p2a: Sonic\n|-damage|p2a: Sonic|68\/100\n|\n|-weather|RainDance|[upkeep]\n|-heal|p1a: Rillaboom|94\/100 brn|[from] Grassy Terrain\n|-heal|p2a: Sonic|74\/100|[from] Grassy Terrain\n|-heal|p2b: Dr. Eggman|52\/100|[from] Grassy Terrain\n|-damage|p1a: Rillaboom|88\/100 brn|[from] brn\n|upkeep\n|turn|4\n|j| IshzarkVGC\n|inactive|mastermind212 has 30 seconds left.\n|inactive|ggttmmhh has 30 seconds left.\n|inactive|mastermind212 has 20 seconds left.\n|inactive|ggttmmhh has 20 seconds left.\n|\n|t:|1739040728\n|switch|p1b: Ditto|Ditto, L50|100\/100\n|-transform|p1b: Ditto|p2a: Sonic|[from] ability: Imposter\n|-ability|p1b: Ditto|Intrepid Sword|boost\n|-boost|p1b: Ditto|atk|1\n|move|p2b: Dr. Eggman|Wide Guard|p2b: Dr. Eggman\n|-singleturn|p2b: Dr. Eggman|Wide Guard\n|move|p1a: Rillaboom|High Horsepower|p2a: Sonic\n|-supereffective|p2a: Sonic\n|-damage|p2a: Sonic|37\/100\n|move|p2a: Sonic|Play Rough|p1b: Ditto\n|-resisted|p1b: Ditto\n|-damage|p1b: Ditto|64\/100\n|\n|-weather|RainDance|[upkeep]\n|-heal|p1b: Ditto|70\/100|[from] Grassy Terrain\n|-heal|p1a: Rillaboom|94\/100 brn|[from] Grassy Terrain\n|-heal|p2a: Sonic|43\/100|[from] Grassy Terrain\n|-heal|p2b: Dr. Eggman|58\/100|[from] Grassy Terrain\n|-damage|p1a: Rillaboom|88\/100 brn|[from] brn\n|-sideend|p1: mastermind212|move: Tailwind\n|upkeep\n|turn|5\n|\n|t:|1739040751\n|-end|p2b: Dr. Eggman|Slow Start|[silent]\n|switch|p2b: Amy Rose|Ogerpon-Wellspring, L50, F|100\/100\n|move|p2a: Sonic|Protect|p2a: Sonic\n|-singleturn|p2a: Sonic|Protect\n|move|p1b: Ditto|Behemoth Blade|p2b: Amy Rose\n|-resisted|p2b: Amy Rose\n|-damage|p2b: Amy Rose|33\/100\n|move|p1a: Rillaboom|High Horsepower|p2a: Sonic\n|-activate|p2a: Sonic|move: Protect\n|\n|-weather|RainDance|[upkeep]\n|-heal|p1b: Ditto|75\/100|[from] Grassy Terrain\n|-heal|p2a: Sonic|49\/100|[from] Grassy Terrain\n|-heal|p2b: Amy Rose|39\/100|[from] Grassy Terrain\n|-heal|p1a: Rillaboom|94\/100 brn|[from] Grassy Terrain\n|-damage|p1a: Rillaboom|88\/100 brn|[from] brn\n|upkeep\n|turn|6\n|j| EllAkuro\n|\n|t:|1739040771\n|move|p1b: Ditto|Protect|p1b: Ditto\n|-singleturn|p1b: Ditto|Protect\n|move|p2b: Amy Rose|Follow Me|p2b: Amy Rose\n|-singleturn|p2b: Amy Rose|move: Follow Me\n|move|p2a: Sonic|Behemoth Blade|p1b: Ditto\n|-activate|p1b: Ditto|move: Protect\n|move|p1a: Rillaboom|Wood Hammer|p2b: Amy Rose\n|-damage|p2b: Amy Rose|0 fnt\n|faint|p2b: Amy Rose\n|-damage|p1a: Rillaboom|76\/100 brn|[from] Recoil\n|\n|-weather|RainDance|[upkeep]\n|-heal|p1b: Ditto|81\/100|[from] Grassy Terrain\n|-heal|p2a: Sonic|55\/100|[from] Grassy Terrain\n|-heal|p1a: Rillaboom|82\/100 brn|[from] Grassy Terrain\n|-damage|p1a: Rillaboom|76\/100 brn|[from] brn\n|upkeep\n|\n|t:|1739040777\n|switch|p2b: Badnik|Weezing, L50, M|100\/100\n|-ability|p2b: Badnik|Neutralizing Gas\n|turn|7\n|inactive|mastermind212 has 30 seconds left.\n|\n|t:|1739040809\n|move|p2a: Sonic|Behemoth Blade|p1b: Ditto\n|-damage|p1b: Ditto|0 fnt\n|faint|p1b: Ditto\n|move|p1a: Rillaboom|High Horsepower|p2a: Sonic\n|-supereffective|p2a: Sonic\n|-damage|p2a: Sonic|21\/100\n|move|p2b: Badnik|Sludge Bomb|p1a: Rillaboom\n|-supereffective|p1a: Rillaboom\n|-damage|p1a: Rillaboom|30\/100 brn\n|\n|-weather|none\n|-heal|p2a: Sonic|27\/100|[from] Grassy Terrain\n|-heal|p1a: Rillaboom|36\/100 brn|[from] Grassy Terrain\n|-damage|p1a: Rillaboom|30\/100 brn|[from] brn\n|-fieldend|move: Grassy Terrain\n|upkeep\n|\n|t:|1739040822\n|switch|p1b: Kyogre|Kyogre, L50|100\/100\n|turn|8\n|inactive|ggttmmhh has 30 seconds left.\n|inactive|ggttmmhh has 20 seconds left.\n|\n|t:|1739040860\n|-terastallize|p2a: Sonic|Dragon\n|move|p1b: Kyogre|Protect|p1b: Kyogre\n|-singleturn|p1b: Kyogre|Protect\n|move|p2b: Badnik|Protect|p2b: Badnik\n|-singleturn|p2b: Badnik|Protect\n|move|p2a: Sonic|Play Rough|p1b: Kyogre\n|-activate|p1b: Kyogre|move: Protect\n|move|p1a: Rillaboom|High Horsepower|p2a: Sonic\n|-damage|p2a: Sonic|10\/100\n|\n|-damage|p1a: Rillaboom|23\/100 brn|[from] brn\n|upkeep\n|turn|9\n|inactive|ggttmmhh has 30 seconds left.\n|\n|t:|1739040885\n|move|p2a: Sonic|Play Rough|p1b: Kyogre\n|-damage|p1b: Kyogre|21\/100\n|move|p1b: Kyogre|Ice Beam|p2a: Sonic\n|-supereffective|p2a: Sonic\n|-damage|p2a: Sonic|0 fnt\n|faint|p2a: Sonic\n|move|p1a: Rillaboom|High Horsepower|p2b: Badnik\n|-supereffective|p2b: Badnik\n|-damage|p2b: Badnik|69\/100\n|move|p2b: Badnik|Sludge Bomb|p1b: Kyogre\n|-damage|p1b: Kyogre|3\/100\n|-status|p1b: Kyogre|psn\n|\n|-damage|p1b: Kyogre|0 fnt|[from] psn\n|faint|p1b: Kyogre\n|-damage|p1a: Rillaboom|17\/100 brn|[from] brn\n|upkeep\n|-message|mastermind212 forfeited.\n|\n|win|ggttmmhh\n|raw|mastermind212's rating: 1546 &rarr; <strong>1534<\/strong><br \/>(-12 for losing)\n|raw|ggttmmhh's rating: 1692 &rarr; <strong>1704<\/strong><br \/>(+12 for winning)\n|l|\u2606mastermind212\n|player|p1|\n|l|\u2606ggttmmhh\n|player|p2|\n|l| kiabu233\n|l| IshzarkVGC\n|l| EllAkuro\n","uploadtime":1739041141,"views":6,"formatid":"gen9vgc2025regg","rating":1534,"private":0,"password":null}