{"id":"gen9vgc2025regg-2296871591","format":"[Gen 9] VGC 2025 Reg G","players":["SeaWolfMikess","Doc_MrMega"],"log":"|j|\u2606SeaWolfMikess\n|j|\u2606Doc_MrMega\n|t:|1739030132\n|gametype|doubles\n|player|p1|SeaWolfMikess|hugh|1703\n|player|p2|Doc_MrMega|lucas|1699\n|teamsize|p1|6\n|teamsize|p2|6\n|gen|9\n|tier|[Gen 9] VGC 2025 Reg G\n|rated|\n|rule|Species Clause: Limit one of each Pok\u00e9mon\n|rule|Item Clause: Limit 1 of each item\n|clearpoke\n|poke|p1|Zamazenta-*, L50|\n|poke|p1|Chien-Pao, L50|\n|poke|p1|Pelipper, L50, F|\n|poke|p1|Landorus, L50, M|\n|poke|p1|Amoonguss, L50, M|\n|poke|p1|Raging Bolt, L50|\n|poke|p2|Calyrex-Ice, L50|\n|poke|p2|Landorus, L50, M|\n|poke|p2|Amoonguss, L50, F|\n|poke|p2|Urshifu-*, L50, F|\n|poke|p2|Roaring Moon, L50|\n|poke|p2|Ogerpon-Hearthflame, L50, F|\n|teampreview|4\n|inactive|Battle timer is ON: inactive players will automatically lose when time's up. (requested by Doc_MrMega)\n|j| Panda Man7567\n|\n|t:|1739030163\n|start\n|switch|p1a: Pelipper|Pelipper, L50, F|100\/100\n|switch|p1b: Zamazenta|Zamazenta-Crowned, L50|100\/100\n|switch|p2a: Calyrex|Calyrex-Ice, L50|100\/100\n|switch|p2b: Amoonguss|Amoonguss, L50, F|100\/100\n|-ability|p2a: Calyrex|As One\n|-ability|p2a: Calyrex|Unnerve\n|-ability|p1b: Zamazenta|Dauntless Shield|boost\n|-boost|p1b: Zamazenta|def|1\n|-weather|RainDance|[from] ability: Drizzle|[of] p1a: Pelipper\n|turn|1\n|j| eriksp2\n|\n|t:|1739030175\n|move|p1b: Zamazenta|Behemoth Bash|p2a: Calyrex\n|-supereffective|p2a: Calyrex\n|-damage|p2a: Calyrex|50\/100\n|move|p1a: Pelipper|Hurricane|p2a: Calyrex\n|-damage|p2a: Calyrex|21\/100\n|move|p2a: Calyrex|Glacial Lance|p1a: Pelipper|[spread] p1a,p1b\n|-resisted|p1b: Zamazenta\n|-damage|p1a: Pelipper|43\/100\n|-damage|p1b: Zamazenta|89\/100\n|move|p2b: Amoonguss|Spore|p1a: Pelipper\n|-activate|p1a: Pelipper|item: Safety Goggles|Spore\n|\n|-weather|RainDance|[upkeep]\n|upkeep\n|turn|2\n|\n|t:|1739030197\n|switch|p2a: Ogerpon|Ogerpon-Hearthflame, L50, F|100\/100\n|-ability|p2a: Ogerpon|Mold Breaker\n|move|p1b: Zamazenta|Behemoth Bash|p2a: Ogerpon\n|-resisted|p2a: Ogerpon\n|-damage|p2a: Ogerpon|84\/100\n|move|p1a: Pelipper|Hurricane|p2b: Amoonguss\n|-supereffective|p2b: Amoonguss\n|-damage|p2b: Amoonguss|19\/100\n|move|p2b: Amoonguss|Pollen Puff|p2a: Ogerpon\n|-heal|p2a: Ogerpon|100\/100\n|\n|-weather|RainDance|[upkeep]\n|upkeep\n|turn|3\n|l| eriksp2\n|\n|t:|1739030219\n|-terastallize|p2a: Ogerpon|Fire\n|detailschange|p2a: Ogerpon|Ogerpon-Hearthflame-Tera, L50, F, tera:Fire\n|-ability|p2a: Ogerpon|Embody Aspect (Hearthflame)|boost\n|-boost|p2a: Ogerpon|atk|1\n|move|p1a: Pelipper|Helping Hand|p1b: Zamazenta\n|-singleturn|p1b: Zamazenta|Helping Hand|[of] p1a: Pelipper\n|move|p1b: Zamazenta|Body Press|p2a: Ogerpon\n|-damage|p2a: Ogerpon|17\/100\n|move|p2a: Ogerpon|Horn Leech|p1a: Pelipper\n|-damage|p1a: Pelipper|0 fnt\n|-heal|p2a: Ogerpon|35\/100|[from] drain|[of] p1a: Pelipper\n|faint|p1a: Pelipper\n|move|p2b: Amoonguss|Spore|p1b: Zamazenta\n|-status|p1b: Zamazenta|slp|[from] move: Spore\n|\n|-weather|RainDance|[upkeep]\n|upkeep\n|\n|t:|1739030229\n|switch|p1a: Chien-Pao|Chien-Pao, L50|100\/100\n|-ability|p1a: Chien-Pao|Sword of Ruin\n|turn|4\n|\n|t:|1739030240\n|-terastallize|p1b: Zamazenta|Dragon\n|move|p2b: Amoonguss|Rage Powder|p2b: Amoonguss\n|-singleturn|p2b: Amoonguss|move: Rage Powder\n|move|p1a: Chien-Pao|Ice Spinner|p2b: Amoonguss\n|-supereffective|p2b: Amoonguss\n|-damage|p2b: Amoonguss|0 fnt\n|faint|p2b: Amoonguss\n|cant|p1b: Zamazenta|slp\n|move|p2a: Ogerpon|Horn Leech|p1a: Chien-Pao\n|-damage|p1a: Chien-Pao|23\/100\n|-heal|p2a: Ogerpon|68\/100|[from] drain|[of] p1a: Chien-Pao\n|\n|-weather|RainDance|[upkeep]\n|upkeep\n|\n|t:|1739030248\n|switch|p2b: Calyrex|Calyrex-Ice, L50|21\/100\n|-ability|p2b: Calyrex|As One\n|-ability|p2b: Calyrex|Unnerve\n|turn|5\n|\n|t:|1739030251\n|cant|p1b: Zamazenta|slp\n|move|p2a: Ogerpon|Follow Me|p2a: Ogerpon\n|-singleturn|p2a: Ogerpon|move: Follow Me\n|move|p1a: Chien-Pao|Crunch|p2a: Ogerpon\n|-damage|p2a: Ogerpon|27\/100\n|move|p2b: Calyrex|Glacial Lance|p1a: Chien-Pao|[spread] p1a,p1b\n|-resisted|p1a: Chien-Pao\n|-supereffective|p1b: Zamazenta\n|-damage|p1a: Chien-Pao|0 fnt\n|-damage|p1b: Zamazenta|31\/100 slp\n|faint|p1a: Chien-Pao\n|-ability|p2b: Calyrex|Chilling Neigh|boost\n|-boost|p2b: Calyrex|atk|1\n|\n|-weather|none\n|upkeep\n|\n|t:|1739030255\n|switch|p1a: Raging Bolt|Raging Bolt, L50|100\/100\n|turn|6\n|\n|t:|1739030275\n|move|p2a: Ogerpon|Spiky Shield|p2a: Ogerpon\n|-singleturn|p2a: Ogerpon|move: Protect\n|-curestatus|p1b: Zamazenta|slp|[msg]\n|move|p1b: Zamazenta|Body Press|p2a: Ogerpon\n|-activate|p2a: Ogerpon|move: Protect\n|-damage|p1b: Zamazenta|19\/100|[from] Spiky Shield|[of] p2a: Ogerpon\n|move|p1a: Raging Bolt|Thunderbolt|p2b: Calyrex\n|-damage|p2b: Calyrex|0 fnt\n|faint|p2b: Calyrex\n|\n|upkeep\n|\n|t:|1739030283\n|switch|p2b: Landorus|Landorus, L50, M|100\/100\n|turn|7\n|\n|t:|1739030304\n|move|p2a: Ogerpon|Spiky Shield|p2a: Ogerpon\n|-singleturn|p2a: Ogerpon|move: Protect\n|move|p1b: Zamazenta|Body Press|p2a: Ogerpon\n|-activate|p2a: Ogerpon|move: Protect\n|-damage|p1b: Zamazenta|7\/100|[from] Spiky Shield|[of] p2a: Ogerpon\n|move|p2b: Landorus|Earth Power|p1b: Zamazenta\n|-damage|p1b: Zamazenta|0 fnt\n|faint|p1b: Zamazenta\n|move|p1a: Raging Bolt|Draco Meteor|p2b: Landorus\n|-crit|p2b: Landorus\n|-damage|p2b: Landorus|0 fnt\n|-unboost|p1a: Raging Bolt|spa|2\n|faint|p2b: Landorus\n|\n|upkeep\n|turn|8\n|\n|t:|1739030313\n|move|p2a: Ogerpon|Horn Leech|p1a: Raging Bolt\n|-resisted|p1a: Raging Bolt\n|-damage|p1a: Raging Bolt|81\/100\n|-heal|p2a: Ogerpon|39\/100|[from] drain|[of] p1a: Raging Bolt\n|move|p1a: Raging Bolt|Draco Meteor|p2a: Ogerpon\n|-damage|p2a: Ogerpon|5\/100\n|-unboost|p1a: Raging Bolt|spa|2\n|\n|upkeep\n|turn|9\n|\n|t:|1739030325\n|move|p2a: Ogerpon|Follow Me|p2a: Ogerpon\n|-singleturn|p2a: Ogerpon|move: Follow Me\n|move|p1a: Raging Bolt|Thunderclap||[still]\n|-fail|p1a: Raging Bolt\n|\n|upkeep\n|turn|10\n|\n|t:|1739030335\n|move|p2a: Ogerpon|Spiky Shield|p2a: Ogerpon\n|-singleturn|p2a: Ogerpon|move: Protect\n|move|p1a: Raging Bolt|Thunderclap||[still]\n|-fail|p1a: Raging Bolt\n|\n|upkeep\n|turn|11\n|\n|t:|1739030341\n|move|p1a: Raging Bolt|Thunderclap|p2a: Ogerpon\n|-damage|p2a: Ogerpon|0 fnt\n|faint|p2a: Ogerpon\n|\n|win|SeaWolfMikess\n|raw|SeaWolfMikess's rating: 1703 &rarr; <strong>1723<\/strong><br \/>(+20 for winning)\n|raw|Doc_MrMega's rating: 1699 &rarr; <strong>1679<\/strong><br \/>(-20 for losing)\n|l|\u2606Doc_MrMega\n|player|p2|\n|l|\u2606SeaWolfMikess\n|player|p1|\n|l| Panda Man7567\n","uploadtime":1739030480,"views":43,"formatid":"gen9vgc2025regg","rating":1679,"private":0,"password":null}