{"id":"gen9vgc2025regg-2296332046","format":"[Gen 9] VGC 2025 Reg G","players":["lichuvgc","Gen3Sigma11"],"log":"|j|\u2606lichuvgc\n|j|\u2606Gen3Sigma11\n|t:|1738951303\n|gametype|doubles\n|player|p1|lichuvgc|102|1564\n|player|p2|Gen3Sigma11|169|1553\n|teamsize|p1|6\n|teamsize|p2|6\n|gen|9\n|tier|[Gen 9] VGC 2025 Reg G\n|rated|\n|rule|Species Clause: Limit one of each Pok\u00e9mon\n|rule|Item Clause: Limit 1 of each item\n|clearpoke\n|poke|p1|Calyrex-Ice, L50|\n|poke|p1|Urshifu-*, L50, F|\n|poke|p1|Smeargle, L50, F|\n|poke|p1|Farigiraf, L50, F|\n|poke|p1|Ursaluna-Bloodmoon, L50, M|\n|poke|p1|Torkoal, L50, F|\n|poke|p2|Calyrex-Shadow, L50|\n|poke|p2|Mienshao, L50, F|\n|poke|p2|Clefairy, L50, F|\n|poke|p2|Tornadus, L50, M|\n|poke|p2|Flutter Mane, L50|\n|poke|p2|Chi-Yu, L50|\n|teampreview|4\n|inactive|Battle timer is ON: inactive players will automatically lose when time's up. (requested by Gen3Sigma11)\n|inactive|lichuvgc has 60 seconds left.\n|inactive|Gen3Sigma11 has 60 seconds left.\n|\n|t:|1738951348\n|start\n|switch|p1a: Calyrex|Calyrex-Ice, L50|100\/100\n|switch|p1b: Farigiraf|Farigiraf, L50, F|100\/100\n|switch|p2a: Calyrex|Calyrex-Shadow, L50|100\/100\n|switch|p2b: Clefairy|Clefairy, L50, F|100\/100\n|-ability|p2a: Calyrex|As One\n|-ability|p2a: Calyrex|Unnerve\n|-ability|p1a: Calyrex|As One\n|-ability|p1a: Calyrex|Unnerve\n|turn|1\n|\n|t:|1738951370\n|-terastallize|p1a: Calyrex|Grass\n|move|p2a: Calyrex|Nasty Plot|p2a: Calyrex\n|-boost|p2a: Calyrex|spa|2\n|move|p1a: Calyrex|Glacial Lance|p2b: Clefairy|[spread] p2a,p2b\n|-damage|p2a: Calyrex|60\/100\n|-damage|p2b: Clefairy|51\/100\n|move|p2b: Clefairy|Sing|p1b: Farigiraf\n|-status|p1b: Farigiraf|slp|[from] move: Sing\n|cant|p1b: Farigiraf|slp\n|\n|upkeep\n|turn|2\n|\n|t:|1738951390\n|-terastallize|p2a: Calyrex|Fairy\n|move|p2b: Clefairy|Helping Hand|p2a: Calyrex\n|-singleturn|p2a: Calyrex|Helping Hand|[of] p2b: Clefairy\n|cant|p1b: Farigiraf|slp\n|move|p2a: Calyrex|Draining Kiss|p1a: Calyrex\n|-crit|p1a: Calyrex\n|-damage|p1a: Calyrex|15\/100\n|-heal|p2a: Calyrex|100\/100|[from] drain|[of] p1a: Calyrex\n|move|p1a: Calyrex|Glacial Lance|p2b: Clefairy|[spread] p2a,p2b\n|-damage|p2a: Calyrex|56\/100\n|-damage|p2b: Clefairy|3\/100\n|\n|upkeep\n|turn|3\n|\n|t:|1738951412\n|move|p1a: Calyrex|Protect|p1a: Calyrex\n|-singleturn|p1a: Calyrex|Protect\n|move|p2b: Clefairy|Protect|p2b: Clefairy\n|-singleturn|p2b: Clefairy|Protect\n|move|p2a: Calyrex|Draining Kiss|p1b: Farigiraf\n|-damage|p1b: Farigiraf|40\/100 slp\n|-heal|p2a: Calyrex|100\/100|[from] drain|[of] p1b: Farigiraf\n|cant|p1b: Farigiraf|slp\n|\n|upkeep\n|turn|4\n|\n|t:|1738951435\n|switch|p2b: Mienshao|Mienshao, L50, F|100\/100\n|move|p2a: Calyrex|Draining Kiss|p1a: Calyrex\n|-damage|p1a: Calyrex|0 fnt\n|faint|p1a: Calyrex\n|-ability|p2a: Calyrex|Grim Neigh|boost\n|-boost|p2a: Calyrex|spa|1\n|-curestatus|p1b: Farigiraf|slp|[msg]\n|move|p1b: Farigiraf|Foul Play|p2b: Mienshao\n|-resisted|p2b: Mienshao\n|-damage|p2b: Mienshao|66\/100\n|\n|upkeep\n|\n|t:|1738951455\n|switch|p1a: Ursaluna|Ursaluna-Bloodmoon, L50, M|100\/100\n|turn|5\n|inactive|lichuvgc has 30 seconds left.\n|inactive|Gen3Sigma11 has 30 seconds left.\n|\n|t:|1738951486\n|move|p1b: Farigiraf|Ally Switch|p1b: Farigiraf\n|swap|p1b: Farigiraf|0|[from] move: Ally Switch\n|move|p2a: Calyrex|Draining Kiss|p1b: Ursaluna\n|-damage|p1b: Ursaluna|3\/100\n|move|p2b: Mienshao|Close Combat|p1a: Farigiraf\n|-damage|p1a: Farigiraf|0 fnt\n|-unboost|p2b: Mienshao|def|1\n|-unboost|p2b: Mienshao|spd|1\n|faint|p1a: Farigiraf\n|move|p1b: Ursaluna|Blood Moon|p2a: Calyrex\n|-damage|p2a: Calyrex|18\/100\n|-enditem|p2a: Calyrex|Sitrus Berry|[eat]\n|-heal|p2a: Calyrex|43\/100|[from] item: Sitrus Berry\n|-damage|p1b: Ursaluna|0 fnt|[from] item: Life Orb\n|faint|p1b: Ursaluna\n|\n|upkeep\n|-message|lichuvgc forfeited.\n|\n|win|Gen3Sigma11\n|raw|lichuvgc's rating: 1564 &rarr; <strong>1543<\/strong><br \/>(-21 for losing)\n|raw|Gen3Sigma11's rating: 1553 &rarr; <strong>1574<\/strong><br \/>(+21 for winning)\n|l|\u2606lichuvgc\n|player|p1|\n|l|\u2606Gen3Sigma11\n|player|p2|\n","uploadtime":1738951775,"views":6,"formatid":"gen9vgc2025regg","rating":1543,"private":0,"password":null}