{"id":"gen9vgc2025regg-2296712705","format":"[Gen 9] VGC 2025 Reg G","players":["Dionysus17","hjx"],"log":"|j|\u2606Dionysus17\n|j|\u2606hjx\n|t:|1739001889\n|gametype|doubles\n|player|p1|Dionysus17|170|1545\n|player|p2|hjx|170|1625\n|teamsize|p1|6\n|teamsize|p2|6\n|gen|9\n|tier|[Gen 9] VGC 2025 Reg G\n|rated|\n|rule|Species Clause: Limit one of each Pok\u00e9mon\n|rule|Item Clause: Limit 1 of each item\n|clearpoke\n|poke|p1|Ogerpon, L50, F|\n|poke|p1|Tornadus, L50, M|\n|poke|p1|Urshifu-*, L50, M|\n|poke|p1|Lunala, L50|\n|poke|p1|Indeedee-F, L50, F|\n|poke|p1|Landorus, L50, M|\n|poke|p2|Calyrex-Ice, L50|\n|poke|p2|Whimsicott, L50, F|\n|poke|p2|Ditto, L50|\n|poke|p2|Dondozo, L50, M|\n|poke|p2|Tatsugiri-Droopy, L50, F|\n|poke|p2|Flutter Mane, L50|\n|teampreview|4\nDionysus17 has agreed to open team sheets.\n|inactive|Battle timer is ON: inactive players will automatically lose when time's up. (requested by Dionysus17)\n|\n|t:|1739001919\n|start\n|switch|p1a: Lunala|Lunala, L50|100\/100\n|switch|p1b: Indeedee|Indeedee-F, L50, F|100\/100\n|switch|p2a: Flutter Mane|Flutter Mane, L50|100\/100\n|switch|p2b: Whimsicott|Whimsicott, L50, F|100\/100\n|-fieldstart|move: Psychic Terrain|[from] ability: Psychic Surge|[of] p1b: Indeedee\n|turn|1\n|\n|t:|1739001929\n|move|p1b: Indeedee|Follow Me|p1b: Indeedee\n|-singleturn|p1b: Indeedee|move: Follow Me\n|move|p2b: Whimsicott|Misty Terrain|p2b: Whimsicott\n|-fieldstart|move: Misty Terrain\n|move|p2a: Flutter Mane|Dazzling Gleam|p1b: Indeedee|[spread] p1a,p1b\n|-crit|p1b: Indeedee\n|-damage|p1a: Lunala|89\/100\n|-damage|p1b: Indeedee|55\/100\n|move|p1a: Lunala|Meteor Beam||[still]\n|-prepare|p1a: Lunala|Meteor Beam\n|-boost|p1a: Lunala|spa|1\n|-enditem|p1a: Lunala|Power Herb\n|-anim|p1a: Lunala|Meteor Beam|p2b: Whimsicott\n|-damage|p2b: Whimsicott|20\/100\n|\n|upkeep\n|turn|2\n|\n|t:|1739001952\n|move|p2b: Whimsicott|Protect|p2b: Whimsicott\n|-singleturn|p2b: Whimsicott|Protect\n|move|p1a: Lunala|Wide Guard|p1a: Lunala\n|-singleturn|p1a: Lunala|Wide Guard\n|move|p2a: Flutter Mane|Dazzling Gleam|p1b: Indeedee|[spread] \n|-activate|p1a: Lunala|move: Wide Guard\n|-activate|p1b: Indeedee|move: Wide Guard\n|move|p1b: Indeedee|Dazzling Gleam|p2b: Whimsicott|[spread] p2a\n|-activate|p2b: Whimsicott|move: Protect\n|-damage|p2a: Flutter Mane|87\/100\n|\n|upkeep\n|turn|3\n|\n|t:|1739001965\n|move|p1b: Indeedee|Follow Me|p1b: Indeedee\n|-singleturn|p1b: Indeedee|move: Follow Me\n|move|p2b: Whimsicott|Encore|p1b: Indeedee\n|-start|p1b: Indeedee|Encore\n|move|p2a: Flutter Mane|Thunder Wave|p1b: Indeedee\n|-activate|p1b: Indeedee|move: Misty Terrain\n|move|p1a: Lunala|Moongeist Beam|p2a: Flutter Mane\n|-supereffective|p2a: Flutter Mane\n|-damage|p2a: Flutter Mane|0 fnt\n|faint|p2a: Flutter Mane\n|-end|p2a: Flutter Mane|Protosynthesis|[silent]\n|\n|upkeep\n|\n|t:|1739001970\n|switch|p2a: Calyrex|Calyrex-Ice, L50|100\/100\n|-ability|p2a: Calyrex|As One\n|-ability|p2a: Calyrex|Unnerve\n|turn|4\n|\n|t:|1739001984\n|switch|p2b: Ditto|Ditto, L50|100\/100\n|-transform|p2b: Ditto|p1a: Lunala|[from] ability: Imposter\n|switch|p1b: Tornadus|Tornadus, L50, M|100\/100\n|-terastallize|p2a: Calyrex|Grass\n|move|p1a: Lunala|Moongeist Beam|p2a: Calyrex\n|-damage|p2a: Calyrex|63\/100\n|move|p2a: Calyrex|Glacial Lance|p1b: Tornadus|[spread] p1a,p1b\n|-supereffective|p1b: Tornadus\n|-damage|p1a: Lunala|39\/100\n|-damage|p1b: Tornadus|0 fnt\n|faint|p1b: Tornadus\n|-ability|p2a: Calyrex|Chilling Neigh|boost\n|-boost|p2a: Calyrex|atk|1\n|\n|upkeep\n|\n|t:|1739002004\n|switch|p1b: Landorus|Landorus, L50, M|100\/100\n|turn|5\n|\n|t:|1739002023\n|-terastallize|p1a: Lunala|Fairy\n|move|p1b: Landorus|Protect|p1b: Landorus\n|-singleturn|p1b: Landorus|Protect\n|move|p2b: Ditto|Moongeist Beam|p1a: Lunala\n|-damage|p1a: Lunala|0 fnt\n|faint|p1a: Lunala\n|move|p2a: Calyrex|Glacial Lance|p1b: Landorus\n|-activate|p1b: Landorus|move: Protect\n|\n|-fieldend|Misty Terrain\n|upkeep\n|\n|t:|1739002029\n|switch|p1a: Indeedee|Indeedee-F, L50, F|55\/100\n|-fieldstart|move: Psychic Terrain|[from] ability: Psychic Surge|[of] p1a: Indeedee\n|turn|6\n|\n|t:|1739002042\n|move|p1b: Landorus|Sludge Bomb|p2a: Calyrex\n|-supereffective|p2a: Calyrex\n|-damage|p2a: Calyrex|22\/100\n|move|p2b: Ditto|Expanding Force|p1a: Indeedee|[spread] p1a,p1b\n|-resisted|p1a: Indeedee\n|-damage|p1a: Indeedee|8\/100\n|-damage|p1b: Landorus|0 fnt\n|faint|p1b: Landorus\n|move|p1a: Indeedee|Dazzling Gleam|p2b: Ditto|[spread] p2a,p2b\n|-damage|p2a: Calyrex|15\/100\n|-damage|p2b: Ditto|93\/100\n|move|p2a: Calyrex|Glacial Lance|p1a: Indeedee\n|-damage|p1a: Indeedee|0 fnt\n|faint|p1a: Indeedee\n|\n|win|hjx\n|raw|Dionysus17's rating: 1545 &rarr; <strong>1530<\/strong><br \/>(-15 for losing)\n|raw|hjx's rating: 1625 &rarr; <strong>1640<\/strong><br \/>(+15 for winning)\n|l|\u2606Dionysus17\n|player|p1|\n|l|\u2606hjx\n|player|p2|\n","uploadtime":1739002275,"views":5,"formatid":"gen9vgc2025regg","rating":1530,"private":0,"password":null}