{"id":"gen9vgc2025regg-2296817403","format":"[Gen 9] VGC 2025 Reg G","players":["zero_the_enforcer","radiantwf4"],"log":"|j|\u2606zero_the_enforcer\n|j|\u203dradiantwf4\n|t:|1739022508\n|gametype|doubles\n|player|p1|zero_the_enforcer|102|1620\n|player|p2|radiantwf4|265|1564\n|teamsize|p1|6\n|teamsize|p2|6\n|gen|9\n|tier|[Gen 9] VGC 2025 Reg G\n|rated|\n|rule|Species Clause: Limit one of each Pok\u00e9mon\n|rule|Item Clause: Limit 1 of each item\n|clearpoke\n|poke|p1|Miraidon, L50|\n|poke|p1|Chi-Yu, L50|\n|poke|p1|Whimsicott, L50, M|\n|poke|p1|Farigiraf, L50, F|\n|poke|p1|Ursaluna, L50, F|\n|poke|p1|Grimmsnarl, L50, M|\n|poke|p2|Ditto, L50|\n|poke|p2|Whimsicott, L50, M|\n|poke|p2|Calyrex-Ice, L50|\n|poke|p2|Incineroar, L50, M|\n|poke|p2|Landorus, L50, M|\n|poke|p2|Amoonguss, L50, M|\n|teampreview|4\n|inactive|Battle timer is ON: inactive players will automatically lose when time's up. (requested by radiantwf4)\n|inactive|radiantwf4 has 60 seconds left.\n|j| zacattack110\n|j| Claarity\n|\n|t:|1739022539\n|start\n|switch|p1a: Miraidon|Miraidon, L50|100\/100\n|switch|p1b: Grimmsnarl|Grimmsnarl, L50, M|100\/100\n|switch|p2a: Whimsicott|Whimsicott, L50, M|100\/100\n|switch|p2b: Landorus|Landorus, L50, M|100\/100\n|-fieldstart|move: Electric Terrain|[from] ability: Hadron Engine|[of] p1a: Miraidon\n|turn|1\n|\n|t:|1739022558\n|move|p2a: Whimsicott|Misty Terrain|p2a: Whimsicott\n|-fieldstart|move: Misty Terrain\n|move|p1b: Grimmsnarl|Light Screen|p1b: Grimmsnarl\n|-sidestart|p1: zero_the_enforcer|move: Light Screen\n|move|p1a: Miraidon|Draco Meteor|p2b: Landorus\n|-damage|p2b: Landorus|25\/100\n|-unboost|p1a: Miraidon|spa|2\n|move|p2b: Landorus|Sandsear Storm|p1a: Miraidon|[spread] p1a,p1b\n|-supereffective|p1a: Miraidon\n|-crit|p1a: Miraidon\n|-damage|p1a: Miraidon|11\/100\n|-damage|p1b: Grimmsnarl|70\/100\n|\n|upkeep\n|turn|2\n|\n|t:|1739022575\n|switch|p1a: Farigiraf|Farigiraf, L50, F|100\/100\n|move|p2a: Whimsicott|Tailwind|p2a: Whimsicott\n|-sidestart|p2: radiantwf4|move: Tailwind\n|move|p1b: Grimmsnarl|Sucker Punch|p2b: Landorus\n|-damage|p2b: Landorus|0 fnt\n|faint|p2b: Landorus\n|\n|upkeep\n|\n|t:|1739022584\n|switch|p2b: Calyrex|Calyrex-Ice, L50|100\/100\n|-ability|p2b: Calyrex|As One\n|-ability|p2b: Calyrex|Unnerve\n|turn|3\n|\n|t:|1739022602\n|-terastallize|p2b: Calyrex|Water\n|move|p2a: Whimsicott|Endeavor|p1a: Farigiraf\n|-damage|p1a: Farigiraf|53\/100\n|move|p2b: Calyrex|Glacial Lance|p1b: Grimmsnarl|[spread] p1a,p1b\n|-crit|p1a: Farigiraf\n|-damage|p1a: Farigiraf|0 fnt\n|-damage|p1b: Grimmsnarl|16\/100\n|faint|p1a: Farigiraf\n|-ability|p2b: Calyrex|Chilling Neigh|boost\n|-boost|p2b: Calyrex|atk|1\n|move|p1b: Grimmsnarl|Foul Play|p2b: Calyrex\n|-damage|p2b: Calyrex|23\/100\n|\n|upkeep\n|inactive|zero_the_enforcer has 30 seconds left.\n|\n|t:|1739022629\n|switch|p1a: Ursaluna|Ursaluna, L50, F|100\/100\n|turn|4\n|\n|t:|1739022640\n|move|p1a: Ursaluna|Protect|p1a: Ursaluna\n|-singleturn|p1a: Ursaluna|Protect\n|move|p1b: Grimmsnarl|Sucker Punch|p2b: Calyrex\n|-damage|p2b: Calyrex|0 fnt\n|faint|p2b: Calyrex\n|move|p2a: Whimsicott|Endeavor|p1a: Ursaluna\n|-activate|p1a: Ursaluna|move: Protect\n|\n|upkeep\n|\n|t:|1739022644\n|switch|p2b: Ditto|Ditto, L50|100\/100\n|-transform|p2b: Ditto|p1a: Ursaluna|[from] ability: Imposter\n|turn|5\n|\n|t:|1739022661\n|move|p1b: Grimmsnarl|Reflect|p1b: Grimmsnarl\n|-sidestart|p1: zero_the_enforcer|Reflect\n|move|p2a: Whimsicott|Endeavor|p1a: Ursaluna\n|-damage|p1a: Ursaluna|54\/100\n|move|p2b: Ditto|Earthquake|p1a: Ursaluna|[spread] p2a,p1a,p1b\n|-resisted|p2a: Whimsicott\n|-damage|p2a: Whimsicott|61\/100\n|-damage|p1a: Ursaluna|29\/100\n|-damage|p1b: Grimmsnarl|0 fnt\n|faint|p1b: Grimmsnarl\n|move|p1a: Ursaluna|Facade|p2b: Ditto\n|-damage|p2b: Ditto|52\/100\n|\n|-sideend|p1: zero_the_enforcer|move: Light Screen\n|-sideend|p2: radiantwf4|move: Tailwind\n|-fieldend|Misty Terrain\n|-status|p1a: Ursaluna|brn|[from] item: Flame Orb\n|upkeep\n|\n|t:|1739022675\n|switch|p1b: Miraidon|Miraidon, L50|11\/100\n|-fieldstart|move: Electric Terrain|[from] ability: Hadron Engine|[of] p1b: Miraidon\n|turn|6\n|\n|t:|1739022684\n|-terastallize|p1b: Miraidon|Fairy\n|move|p1a: Ursaluna|Protect|p1a: Ursaluna\n|-singleturn|p1a: Ursaluna|Protect\n|move|p2a: Whimsicott|Tailwind|p2a: Whimsicott\n|-sidestart|p2: radiantwf4|move: Tailwind\n|move|p1b: Miraidon|Dazzling Gleam|p2b: Ditto|[spread] p2a,p2b\n|-damage|p2a: Whimsicott|0 fnt\n|-damage|p2b: Ditto|0 fnt\n|faint|p2a: Whimsicott\n|faint|p2b: Ditto\n|\n|win|zero_the_enforcer\n|raw|zero_the_enforcer's rating: 1620 &rarr; <strong>1637<\/strong><br \/>(+17 for winning)\n|raw|radiantwf4's rating: 1564 &rarr; <strong>1547<\/strong><br \/>(-17 for losing)\n|l|\u203dradiantwf4\n|player|p2|\n|l|\u2606zero_the_enforcer\n|player|p1|\n","uploadtime":1739022858,"views":7,"formatid":"gen9vgc2025regg","rating":1547,"private":0,"password":null}