{"id":"gen9vgc2025regg-2296878271","format":"[Gen 9] VGC 2025 Reg G","players":["SeaWolfMikess","GubbsVGC"],"log":"|j|\u2606SeaWolfMikess\n|j|\u2606GubbsVGC\n|t:|1739030977\n|gametype|doubles\n|player|p1|SeaWolfMikess|hugh|1693\n|player|p2|GubbsVGC|170|1615\n|teamsize|p1|6\n|teamsize|p2|6\n|gen|9\n|tier|[Gen 9] VGC 2025 Reg G\n|rated|\n|rule|Species Clause: Limit one of each Pok\u00e9mon\n|rule|Item Clause: Limit 1 of each item\n|clearpoke\n|poke|p1|Zamazenta-*, L50|\n|poke|p1|Chien-Pao, L50|\n|poke|p1|Pelipper, L50, F|\n|poke|p1|Landorus, L50, M|\n|poke|p1|Amoonguss, L50, F|\n|poke|p1|Raging Bolt, L50|\n|poke|p2|Rhydon, L50, M|\n|poke|p2|Zacian-*, L50|\n|poke|p2|Ogerpon-Wellspring, L50, F|\n|poke|p2|Pelipper, L50, F|\n|poke|p2|Okidogi, L50, M|\n|poke|p2|Salamence, L50, F|\n|teampreview|4\n|\n|t:|1739031051\n|start\n|switch|p1a: Zamazenta|Zamazenta-Crowned, L50|100\/100\n|switch|p1b: Chien-Pao|Chien-Pao, L50|100\/100\n|switch|p2a: Ogerpon|Ogerpon-Wellspring, L50, F|100\/100\n|switch|p2b: Zacian|Zacian-Crowned, L50|100\/100\n|-ability|p2b: Zacian|Intrepid Sword|boost\n|-boost|p2b: Zacian|atk|1\n|-ability|p1b: Chien-Pao|Sword of Ruin\n|-ability|p1a: Zamazenta|Dauntless Shield|boost\n|-boost|p1a: Zamazenta|def|1\n|turn|1\n|inactive|Battle timer is ON: inactive players will automatically lose when time's up. (requested by GubbsVGC)\n|\n|t:|1739031077\n|move|p1b: Chien-Pao|Protect|p1b: Chien-Pao\n|-singleturn|p1b: Chien-Pao|Protect\n|move|p1a: Zamazenta|Protect|p1a: Zamazenta\n|-singleturn|p1a: Zamazenta|Protect\n|move|p2a: Ogerpon|Spiky Shield|p2a: Ogerpon\n|-singleturn|p2a: Ogerpon|move: Protect\n|move|p2b: Zacian|Behemoth Blade|p1b: Chien-Pao\n|-activate|p1b: Chien-Pao|move: Protect\n|\n|upkeep\n|turn|2\n|inactive|GubbsVGC has 30 seconds left.\n|inactive|GubbsVGC has 20 seconds left.\n|inactive|GubbsVGC has 15 seconds left.\n|inactive|GubbsVGC has 10 seconds left.\n|inactive|GubbsVGC has 5 seconds left.\n|\n|t:|1739031129\n|move|p2b: Zacian|Play Rough|p1b: Chien-Pao\n|-supereffective|p1b: Chien-Pao\n|-enditem|p1b: Chien-Pao|Focus Sash\n|-damage|p1b: Chien-Pao|1\/100\n|-unboost|p1b: Chien-Pao|atk|1\n|move|p1b: Chien-Pao|Crunch|p2a: Ogerpon\n|-damage|p2a: Ogerpon|50\/100\n|move|p1a: Zamazenta|Body Press|p2a: Ogerpon\n|-damage|p2a: Ogerpon|0 fnt\n|faint|p2a: Ogerpon\n|\n|upkeep\n|inactive|GubbsVGC has 30 seconds left.\n|\n|t:|1739031155\n|switch|p2a: Pelipper|Pelipper, L50, F|100\/100\n|-weather|RainDance|[from] ability: Drizzle|[of] p2a: Pelipper\n|turn|3\n|\n|t:|1739031171\n|-terastallize|p2a: Pelipper|Stellar\n|move|p1b: Chien-Pao|Sucker Punch|p2a: Pelipper\n|-damage|p2a: Pelipper|56\/100\n|move|p2b: Zacian|Sacred Sword|p1a: Zamazenta\n|-supereffective|p1a: Zamazenta\n|-damage|p1a: Zamazenta|8\/100\n|move|p1a: Zamazenta|Body Press|p2a: Pelipper\n|-resisted|p2a: Pelipper\n|-damage|p2a: Pelipper|0 fnt\n|faint|p2a: Pelipper\n|\n|-weather|RainDance|[upkeep]\n|upkeep\n|\n|t:|1739031185\n|switch|p2a: Salamence|Salamence, L50, F|100\/100\n|-ability|p2a: Salamence|Intimidate|boost\n|-unboost|p1a: Zamazenta|atk|1\n|-unboost|p1b: Chien-Pao|atk|1\n|turn|4\n|inactive|GubbsVGC has 30 seconds left.\n|\n|t:|1739031212\n|move|p1a: Zamazenta|Protect|p1a: Zamazenta\n|-singleturn|p1a: Zamazenta|Protect\n|move|p1b: Chien-Pao|Sucker Punch||[still]\n|-fail|p1b: Chien-Pao\n|move|p2b: Zacian|Behemoth Blade|p1b: Chien-Pao\n|-supereffective|p1b: Chien-Pao\n|-damage|p1b: Chien-Pao|0 fnt\n|faint|p1b: Chien-Pao\n|move|p2a: Salamence|Tailwind|p2a: Salamence\n|-sidestart|p2: GubbsVGC|move: Tailwind\n|\n|-weather|RainDance|[upkeep]\n|upkeep\n|\n|t:|1739031216\n|switch|p1b: Amoonguss|Amoonguss, L50, F|100\/100\n|turn|5\n|j| rosmarino1\n|inactive|SeaWolfMikess has 30 seconds left.\n|inactive|GubbsVGC has 30 seconds left.\n|\n|t:|1739031246\n|move|p2b: Zacian|Behemoth Blade|p1b: Amoonguss\n|-damage|p1b: Amoonguss|25\/100\n|-damage|p2b: Zacian|84\/100|[from] item: Rocky Helmet|[of] p1b: Amoonguss\n|move|p2a: Salamence|Air Slash|p1a: Zamazenta\n|-damage|p1a: Zamazenta|0 fnt\n|faint|p1a: Zamazenta\n|move|p1b: Amoonguss|Spore|p2b: Zacian\n|-status|p2b: Zacian|slp|[from] move: Spore\n|\n|-weather|RainDance|[upkeep]\n|upkeep\n|-message|SeaWolfMikess forfeited.\n|\n|win|GubbsVGC\n|raw|SeaWolfMikess's rating: 1682 &rarr; <strong>1658<\/strong><br \/>(-24 for losing)\n|raw|GubbsVGC's rating: 1615 &rarr; <strong>1639<\/strong><br \/>(+24 for winning)\n|l|\u2606SeaWolfMikess\n|player|p1|\n|l|\u2606GubbsVGC\n|player|p2|\n|l| rosmarino1\n","uploadtime":1739031432,"views":42,"formatid":"gen9vgc2025regg","rating":1639,"private":0,"password":null}