{"id":"gen9vgc2025regg-2296857873","format":"[Gen 9] VGC 2025 Reg G","players":["Llemand","superpowerpoke"],"log":"|j|\u2606Llemand\n|j|\u2606superpowerpoke\n|t:|1739028312\n|gametype|doubles\n|player|p1|Llemand|caitlin|1554\n|player|p2|superpowerpoke|1|1697\n|teamsize|p1|6\n|teamsize|p2|6\n|gen|9\n|tier|[Gen 9] VGC 2025 Reg G\n|rated|\n|rule|Species Clause: Limit one of each Pok\u00e9mon\n|rule|Item Clause: Limit 1 of each item\n|clearpoke\n|poke|p1|Incineroar, L50, M|\n|poke|p1|Rillaboom, L50, F|\n|poke|p1|Calyrex-Ice, L50|\n|poke|p1|Urshifu-*, L50, M|\n|poke|p1|Pelipper, L50, F|\n|poke|p1|Landorus, L50, M|\n|poke|p2|Kyogre, L50|\n|poke|p2|Whimsicott, L50, M|\n|poke|p2|Chien-Pao, L50|\n|poke|p2|Urshifu-*, L50, M|\n|poke|p2|Iron Hands, L50|\n|poke|p2|Farigiraf, L50, M|\n|teampreview|4\n|\n|t:|1739028388\n|start\n|switch|p1a: Rillaboom|Rillaboom, L50, F, shiny|100\/100\n|switch|p1b: Calyrex|Calyrex-Ice, L50|100\/100\n|switch|p2a: Urshifu|Urshifu, L50, M|100\/100\n|switch|p2b: Whimsicott|Whimsicott, L50, M|100\/100\n|-ability|p1b: Calyrex|As One\n|-ability|p1b: Calyrex|Unnerve\n|-fieldstart|move: Grassy Terrain|[from] ability: Grassy Surge|[of] p1a: Rillaboom\n|turn|1\n|\n|t:|1739028407\n|-terastallize|p1b: Calyrex|Water\n|move|p1a: Rillaboom|Fake Out|p2a: Urshifu\n|-damage|p2a: Urshifu|86\/100\n|move|p2b: Whimsicott|Endeavor|p1b: Calyrex\n|-damage|p1b: Calyrex|58\/100\n|cant|p2a: Urshifu|flinch\n|move|p1b: Calyrex|Glacial Lance|p2a: Urshifu|[spread] p2a,p2b\n|-supereffective|p2b: Whimsicott\n|-damage|p2a: Urshifu|29\/100\n|-enditem|p2b: Whimsicott|Focus Sash\n|-damage|p2b: Whimsicott|1\/100\n|\n|-heal|p2b: Whimsicott|7\/100|[from] Grassy Terrain\n|-heal|p2a: Urshifu|36\/100|[from] Grassy Terrain\n|-heal|p1b: Calyrex|64\/100|[from] Grassy Terrain\n|upkeep\n|turn|2\n|\n|t:|1739028445\n|move|p2b: Whimsicott|Encore|p1a: Rillaboom\n|-start|p1a: Rillaboom|Encore\n|move|p1a: Rillaboom|Fake Out||[still]\n|-hint|Fake Out only works on your first turn out.\n|-fail|p1a: Rillaboom\n|move|p2a: Urshifu|Close Combat|p1b: Calyrex\n|-damage|p1b: Calyrex|7\/100\n|-unboost|p2a: Urshifu|def|1\n|-unboost|p2a: Urshifu|spd|1\n|move|p1b: Calyrex|Glacial Lance|p2b: Whimsicott|[spread] p2a,p2b\n|-supereffective|p2b: Whimsicott\n|-damage|p2a: Urshifu|0 fnt\n|-damage|p2b: Whimsicott|0 fnt\n|faint|p2a: Urshifu\n|faint|p2b: Whimsicott\n|-ability|p1b: Calyrex|Chilling Neigh|boost\n|-boost|p1b: Calyrex|atk|2\n|\n|-heal|p1b: Calyrex|13\/100|[from] Grassy Terrain\n|upkeep\n|\n|t:|1739028468\n|switch|p2b: Chien-Pao|Chien-Pao, L50|100\/100\n|switch|p2a: Kyogre|Kyogre, L50|100\/100\n|-ability|p2b: Chien-Pao|Sword of Ruin\n|-weather|RainDance|[from] ability: Drizzle|[of] p2a: Kyogre\n|turn|3\n|\n|t:|1739028497\n|switch|p1a: Urshifu|Urshifu-Rapid-Strike, L50, M|100\/100\n|move|p1b: Calyrex|Protect|p1b: Calyrex\n|-singleturn|p1b: Calyrex|Protect\n|move|p2b: Chien-Pao|Crunch|p1a: Urshifu\n|-resisted|p1a: Urshifu\n|-damage|p1a: Urshifu|65\/100\n|-damage|p2b: Chien-Pao|91\/100|[from] item: Life Orb\n|move|p2a: Kyogre|Water Spout|p1a: Urshifu|[spread] p1a\n|-activate|p1b: Calyrex|move: Protect\n|-resisted|p1a: Urshifu\n|-damage|p1a: Urshifu|0 fnt\n|faint|p1a: Urshifu\n|\n|-weather|RainDance|[upkeep]\n|-heal|p2b: Chien-Pao|97\/100|[from] Grassy Terrain\n|-heal|p1b: Calyrex|19\/100|[from] Grassy Terrain\n|upkeep\n|\n|t:|1739028511\n|switch|p1a: Rillaboom|Rillaboom, L50, F, shiny|100\/100\n|turn|4\n|\n|t:|1739028534\n|-terastallize|p2a: Kyogre|Electric\n|move|p1a: Rillaboom|Fake Out|p2a: Kyogre\n|-damage|p2a: Kyogre|86\/100\n|move|p2b: Chien-Pao|Ice Spinner|p1a: Rillaboom\n|-supereffective|p1a: Rillaboom\n|-damage|p1a: Rillaboom|0 fnt\n|-fieldend|move: Grassy Terrain\n|faint|p1a: Rillaboom\n|-damage|p2b: Chien-Pao|87\/100|[from] item: Life Orb\n|move|p2a: Kyogre|Water Spout|p1b: Calyrex\n|-resisted|p1b: Calyrex\n|-damage|p1b: Calyrex|0 fnt\n|faint|p1b: Calyrex\n|\n|-weather|RainDance|[upkeep]\n|upkeep\n|j| Fatperez34\n|\n|t:|1739028548\n|switch|p1b: Pelipper|Pelipper, L50, F, shiny|100\/100\n|turn|5\n|-message|Llemand forfeited.\n|\n|win|superpowerpoke\n|raw|Llemand's rating: 1554 &rarr; <strong>1542<\/strong><br \/>(-12 for losing)\n|raw|superpowerpoke's rating: 1697 &rarr; <strong>1709<\/strong><br \/>(+12 for winning)\n|l|\u2606Llemand\n|player|p1|\n|l| Fatperez34\n|l|\u2606superpowerpoke\n|player|p2|\n","uploadtime":1739028710,"views":6,"formatid":"gen9vgc2025regg","rating":1542,"private":0,"password":null}