{"id":"gen9vgc2025regg-2296222686","format":"[Gen 9] VGC 2025 Reg G","players":["soooma","Blueaquajet5"],"log":"|j|\u2606soooma\n|j|\u2606Blueaquajet5\n|t:|1738940295\n|gametype|doubles\n|player|p1|soooma|266|1546\n|player|p2|Blueaquajet5|170|1603\n|teamsize|p1|6\n|teamsize|p2|6\n|gen|9\n|tier|[Gen 9] VGC 2025 Reg G\n|rated|\n|rule|Species Clause: Limit one of each Pok\u00e9mon\n|rule|Item Clause: Limit 1 of each item\n|clearpoke\n|poke|p1|Calyrex-Shadow, L50|\n|poke|p1|Tsareena, L50, F|\n|poke|p1|Tornadus, L50, M|\n|poke|p1|Urshifu-*, L50, M|\n|poke|p1|Clefairy, L50, F|\n|poke|p1|Incineroar, L50, M|\n|poke|p2|Calyrex-Shadow, L50|\n|poke|p2|Raging Bolt, L50|\n|poke|p2|Clefairy, L50, M|\n|poke|p2|Urshifu-*, L50, M|\n|poke|p2|Incineroar, L50, F|\n|poke|p2|Rillaboom, L50, F|\n|teampreview|4\n|inactive|Battle timer is ON: inactive players will automatically lose when time's up. (requested by Blueaquajet5)\n|inactive|soooma has 60 seconds left.\n|inactive|Blueaquajet5 has 60 seconds left.\n|\n|t:|1738940357\n|start\n|switch|p1a: Windyboi|Tornadus, L50, M|100\/100\n|switch|p1b: Lord|Incineroar, L50, M|100\/100\n|switch|p2a: Calyrex|Calyrex-Shadow, L50|100\/100\n|switch|p2b: Raging Bolt|Raging Bolt, L50|100\/100\n|-ability|p2a: Calyrex|As One\n|-ability|p2a: Calyrex|Unnerve\n|-ability|p1b: Lord|Intimidate|boost\n|-unboost|p2a: Calyrex|atk|1\n|-unboost|p2b: Raging Bolt|atk|1\n|turn|1\n|j| Reflextive\n|inactive|Blueaquajet5 has 30 seconds left.\n|\n|t:|1738940389\n|-terastallize|p2a: Calyrex|Fairy\n|move|p1a: Windyboi|Protect|p1a: Windyboi\n|-singleturn|p1a: Windyboi|Protect\n|move|p2a: Calyrex|Calm Mind|p2a: Calyrex\n|-boost|p2a: Calyrex|spa|1\n|-boost|p2a: Calyrex|spd|1\n|move|p2b: Raging Bolt|Electroweb|p1a: Windyboi|[spread] p1b\n|-activate|p1a: Windyboi|move: Protect\n|-damage|p1b: Lord|78\/100\n|-unboost|p1b: Lord|spe|1\n|move|p1b: Lord|Knock Off|p2a: Calyrex\n|-resisted|p2a: Calyrex\n|-damage|p2a: Calyrex|77\/100\n|-enditem|p2a: Calyrex|Covert Cloak|[from] move: Knock Off|[of] p1b: Lord\n|\n|upkeep\n|turn|2\n|inactive|soooma has 30 seconds left.\n|inactive|soooma has 20 seconds left.\n|\n|t:|1738940428\n|move|p1a: Windyboi|Tailwind|p1a: Windyboi\n|-sidestart|p1: soooma|move: Tailwind\n|move|p2a: Calyrex|Calm Mind|p2a: Calyrex\n|-boost|p2a: Calyrex|spa|1\n|-boost|p2a: Calyrex|spd|1\n|move|p2b: Raging Bolt|Thunderbolt|p1b: Lord\n|-crit|p1b: Lord\n|-damage|p1b: Lord|14\/100\n|move|p1b: Lord|Flare Blitz|p2a: Calyrex\n|-crit|p2a: Calyrex\n|-damage|p2a: Calyrex|0 fnt\n|-enditem|p1b: Lord|Sitrus Berry|[eat]\n|-heal|p1b: Lord|39\/100|[from] item: Sitrus Berry\n|faint|p2a: Calyrex\n|-damage|p1b: Lord|14\/100|[from] Recoil\n|\n|upkeep\n|\n|t:|1738940441\n|switch|p2a: Incineroar|Incineroar, L50, F|100\/100\n|-ability|p2a: Incineroar|Intimidate|boost\n|-unboost|p1a: Windyboi|atk|1\n|-unboost|p1b: Lord|atk|1\n|turn|3\n|\n|t:|1738940462\n|move|p2b: Raging Bolt|Thunderclap||[still]\n|-fail|p2b: Raging Bolt\n|move|p1a: Windyboi|Bleakwind Storm|p2a: Incineroar|[spread] p2a,p2b\n|-resisted|p2b: Raging Bolt\n|-damage|p2a: Incineroar|75\/100\n|-damage|p2b: Raging Bolt|91\/100\n|-unboost|p2b: Raging Bolt|spe|1\n|move|p1b: Lord|Parting Shot|p2b: Raging Bolt\n|-unboost|p2b: Raging Bolt|atk|1\n|-unboost|p2b: Raging Bolt|spa|1\n|inactive|soooma has 30 seconds left.\n|c|\u2606soooma|thats a slow incin\n|inactive|soooma has 20 seconds left.\n|\n|t:|1738940499\n|switch|p1b: Boomhorse|Calyrex-Shadow, L50|100\/100|[from] Parting Shot\n|-ability|p1b: Boomhorse|As One\n|-ability|p1b: Boomhorse|Unnerve\n|move|p2a: Incineroar|Knock Off|p1a: Windyboi\n|-damage|p1a: Windyboi|54\/100\n|-enditem|p1a: Windyboi|Covert Cloak|[from] move: Knock Off|[of] p2a: Incineroar\n|\n|upkeep\n|turn|4\n|j| 2-2-2 Ape\n|inactive|soooma has 30 seconds left.\n|c|\u2606soooma|that was almost bad but i figure you attacked that slot\n|l| 2-2-2 Ape\n|inactive|soooma has 20 seconds left.\n|inactive|soooma has 15 seconds left.\n|\n|t:|1738940543\n|switch|p1a: CILF|Clefairy, L50, F|100\/100\n|-terastallize|p1b: Boomhorse|Steel\n|move|p1b: Boomhorse|Astral Barrage|p2a: Incineroar|[spread] p2a,p2b\n|-resisted|p2a: Incineroar\n|-damage|p2a: Incineroar|41\/100\n|-damage|p2b: Raging Bolt|42\/100\n|move|p2a: Incineroar|Knock Off|p1b: Boomhorse\n|-damage|p1b: Boomhorse|68\/100\n|-enditem|p1b: Boomhorse|Choice Specs|[from] move: Knock Off|[of] p2a: Incineroar\n|move|p2b: Raging Bolt|Electroweb|p1b: Boomhorse|[spread] p1a,p1b\n|-damage|p1a: CILF|88\/100\n|-damage|p1b: Boomhorse|57\/100\n|-unboost|p1a: CILF|spe|1\n|-unboost|p1b: Boomhorse|spe|1\n|\n|upkeep\n|turn|5\n|inactive|soooma has 30 seconds left.\n|\n|t:|1738940576\n|switch|p1b: Lord|Incineroar, L50, M|14\/100\n|-ability|p1b: Lord|Intimidate|boost\n|-unboost|p2a: Incineroar|atk|1\n|-unboost|p2b: Raging Bolt|atk|1\n|move|p1a: CILF|Protect|p1a: CILF\n|-singleturn|p1a: CILF|Protect\n|move|p2a: Incineroar|Knock Off|p1a: CILF\n|-activate|p1a: CILF|move: Protect\n|move|p2b: Raging Bolt|Electroweb|p1b: Lord|[spread] p1b\n|-activate|p1a: CILF|move: Protect\n|-damage|p1b: Lord|4\/100\n|-unboost|p1b: Lord|spe|1\n|\n|-sideend|p1: soooma|move: Tailwind\n|upkeep\n|turn|6\n|inactive|soooma has 30 seconds left.\n|inactive|Blueaquajet5 has 30 seconds left.\n|\n|t:|1738940605\n|move|p1a: CILF|Helping Hand|p1b: Lord\n|-singleturn|p1b: Lord|Helping Hand|[of] p1a: CILF\n|move|p1b: Lord|Fake Out|p2a: Incineroar\n|-damage|p2a: Incineroar|22\/100\n|cant|p2a: Incineroar|flinch\n|move|p2b: Raging Bolt|Electroweb|p1a: CILF|[spread] p1a,p1b\n|-damage|p1a: CILF|74\/100\n|-damage|p1b: Lord|0 fnt\n|-unboost|p1a: CILF|spe|1\n|faint|p1b: Lord\n|\n|upkeep\n|\n|t:|1738940613\n|switch|p1b: Boomhorse|Calyrex-Shadow, L50, tera:Steel|57\/100\n|-ability|p1b: Boomhorse|As One\n|-ability|p1b: Boomhorse|Unnerve\n|turn|7\n|\n|t:|1738940631\n|move|p1a: CILF|Helping Hand|p1b: Boomhorse\n|-singleturn|p1b: Boomhorse|Helping Hand|[of] p1a: CILF\n|move|p1b: Boomhorse|Astral Barrage|p2a: Incineroar|[spread] p2a,p2b\n|-resisted|p2a: Incineroar\n|-damage|p2a: Incineroar|0 fnt\n|-damage|p2b: Raging Bolt|0 fnt\n|faint|p2a: Incineroar\n|faint|p2b: Raging Bolt\n|-end|p2b: Raging Bolt|Protosynthesis|[silent]\n|-ability|p1b: Boomhorse|Grim Neigh|boost\n|-boost|p1b: Boomhorse|spa|2\n|\n|upkeep\n|-message|Blueaquajet5 forfeited.\n|\n|win|soooma\n|raw|soooma's rating: 1546 &rarr; <strong>1569<\/strong><br \/>(+23 for winning)\n|raw|Blueaquajet5's rating: 1603 &rarr; <strong>1580<\/strong><br \/>(-23 for losing)\n|l|\u2606Blueaquajet5\n|player|p2|\n|c|\u2606soooma|gg\n|l| Reflextive\n|l|\u2606soooma\n|player|p1|\n","uploadtime":1738940832,"views":5,"formatid":"gen9vgc2025regg","rating":1569,"private":0,"password":null}