{"id":"gen9vgc2025regg-2296278068","format":"[Gen 9] VGC 2025 Reg G","players":["zero_the_enforcer","pokehys4"],"log":"|j|\u2606zero_the_enforcer\n|j|\u2606pokehys4\n|t:|1738945950\n|gametype|doubles\n|player|p1|zero_the_enforcer|101|1582\n|player|p2|pokehys4|1|1630\n|teamsize|p1|6\n|teamsize|p2|6\n|gen|9\n|tier|[Gen 9] VGC 2025 Reg G\n|rated|\n|rule|Species Clause: Limit one of each Pok\u00e9mon\n|rule|Item Clause: Limit 1 of each item\n|clearpoke\n|poke|p1|Miraidon, L50|\n|poke|p1|Chi-Yu, L50|\n|poke|p1|Whimsicott, L50, F|\n|poke|p1|Farigiraf, L50, F|\n|poke|p1|Ursaluna-Bloodmoon, L50, M|\n|poke|p1|Urshifu-*, L50, M|\n|poke|p2|Ogerpon-Cornerstone, L50, F|\n|poke|p2|Raging Bolt, L50|\n|poke|p2|Chi-Yu, L50|\n|poke|p2|Flutter Mane, L50|\n|poke|p2|Koraidon, L50|\n|poke|p2|Ditto, L50|\n|teampreview|4\n|inactive|Battle timer is ON: inactive players will automatically lose when time's up. (requested by pokehys4)\n|\n|t:|1738945976\n|start\n|switch|p1a: Miraidon|Miraidon, L50|100\/100\n|switch|p1b: Whimsicott|Whimsicott, L50, F|100\/100\n|switch|p2a: Ogerpon|Ogerpon-Cornerstone, L50, F|100\/100\n|switch|p2b: Koraidon|Koraidon, L50|100\/100\n|-weather|SunnyDay|[from] ability: Orichalcum Pulse|[of] p2b: Koraidon\n|-activate|p2b: Koraidon|Orichalcum Pulse|[source]\n|-fieldstart|move: Electric Terrain|[from] ability: Hadron Engine|[of] p1a: Miraidon\n|turn|1\n|j| Therazer456\n|\n|t:|1738945990\n|move|p2a: Ogerpon|Spiky Shield|p2a: Ogerpon\n|-singleturn|p2a: Ogerpon|move: Protect\n|move|p2b: Koraidon|Protect|p2b: Koraidon\n|-singleturn|p2b: Koraidon|Protect\n|move|p1b: Whimsicott|Tailwind|p1b: Whimsicott\n|-sidestart|p1: zero_the_enforcer|move: Tailwind\n|move|p1a: Miraidon|Dazzling Gleam|p2a: Ogerpon|[spread] \n|-activate|p2a: Ogerpon|move: Protect\n|-activate|p2b: Koraidon|move: Protect\n|\n|-weather|SunnyDay|[upkeep]\n|upkeep\n|turn|2\n|\n|t:|1738946004\n|-terastallize|p2b: Koraidon|Fire\n|move|p1a: Miraidon|Dazzling Gleam|p2a: Ogerpon|[spread] p2a,p2b\n|-resisted|p2b: Koraidon\n|-damage|p2a: Ogerpon|47\/100\n|-damage|p2b: Koraidon|82\/100\n|move|p1b: Whimsicott|Moonblast|p2a: Ogerpon\n|-damage|p2a: Ogerpon|15\/100\n|-unboost|p2a: Ogerpon|spa|1\n|move|p2a: Ogerpon|Ivy Cudgel|p1a: Miraidon|[anim] Ivy Cudgel Rock\n|-damage|p1a: Miraidon|52\/100\n|move|p2b: Koraidon|Flame Charge|p1b: Whimsicott\n|-supereffective|p1b: Whimsicott\n|-damage|p1b: Whimsicott|0 fnt\n|-boost|p2b: Koraidon|spe|1\n|faint|p1b: Whimsicott\n|\n|-weather|SunnyDay|[upkeep]\n|upkeep\n|\n|t:|1738946020\n|switch|p1b: Farigiraf|Farigiraf, L50, F|100\/100\n|-enditem|p1b: Farigiraf|Electric Seed\n|-boost|p1b: Farigiraf|def|1|[from] item: Electric Seed\n|turn|3\n|\n|t:|1738946045\n|switch|p1a: Ursaluna|Ursaluna-Bloodmoon, L50, M|100\/100\n|-terastallize|p1b: Farigiraf|Water\n|move|p2a: Ogerpon|Spiky Shield|p2a: Ogerpon\n|-singleturn|p2a: Ogerpon|move: Protect\n|move|p2b: Koraidon|Collision Course|p1a: Ursaluna\n|-supereffective|p1a: Ursaluna\n|-damage|p1a: Ursaluna|0 fnt\n|faint|p1a: Ursaluna\n|move|p1b: Farigiraf|Trick Room|p1b: Farigiraf\n|-fieldstart|move: Trick Room|[of] p1b: Farigiraf\n|\n|-weather|SunnyDay|[upkeep]\n|upkeep\n|\n|t:|1738946055\n|switch|p1a: Miraidon|Miraidon, L50|52\/100\n|-activate|p1a: Miraidon|ability: Hadron Engine\n|turn|4\n|j| zacattack110\n|j| BionicFox\n|j| 17 character name\n|\n|t:|1738946071\n|move|p2b: Koraidon|Protect|p2b: Koraidon\n|-singleturn|p2b: Koraidon|Protect\n|move|p1b: Farigiraf|Psychic|p2a: Ogerpon\n|-damage|p2a: Ogerpon|0 fnt\n|faint|p2a: Ogerpon\n|move|p1a: Miraidon|Electro Drift|p2b: Koraidon\n|-activate|p2b: Koraidon|move: Protect\n|\n|-weather|SunnyDay|[upkeep]\n|-sideend|p1: zero_the_enforcer|move: Tailwind\n|upkeep\n|\n|t:|1738946081\n|switch|p2a: Chi-Yu|Chi-Yu, L50|100\/100\n|-ability|p2a: Chi-Yu|Beads of Ruin\n|turn|5\n|\n|t:|1738946104\n|move|p1b: Farigiraf|Psychic|p2a: Chi-Yu\n|-immune|p2a: Chi-Yu\n|move|p2a: Chi-Yu|Overheat|p1a: Miraidon|[miss]\n|-miss|p2a: Chi-Yu|p1a: Miraidon\n|move|p1a: Miraidon|Electro Drift|p2b: Koraidon\n|-damage|p2b: Koraidon|0 fnt\n|faint|p2b: Koraidon\n|\n|-weather|none\n|-fieldend|move: Electric Terrain\n|upkeep\n|\n|t:|1738946108\n|switch|p2b: Ditto|Ditto, L50|100\/100\n|-transform|p2b: Ditto|p1a: Miraidon|[from] ability: Imposter\n|-fieldstart|move: Electric Terrain|[from] ability: Hadron Engine|[of] p2b: Ditto\n|turn|6\n|\n|t:|1738946120\n|move|p1b: Farigiraf|Psychic|p2b: Ditto\n|-damage|p2b: Ditto|57\/100\n|move|p2a: Chi-Yu|Overheat|p1a: Miraidon\n|-resisted|p1a: Miraidon\n|-damage|p1a: Miraidon|20\/100\n|-unboost|p2a: Chi-Yu|spa|2\n|move|p1a: Miraidon|Electro Drift|p2a: Chi-Yu\n|-damage|p2a: Chi-Yu|0 fnt\n|faint|p2a: Chi-Yu\n|move|p2b: Ditto|Electro Drift|p1b: Farigiraf\n|-supereffective|p1b: Farigiraf\n|-damage|p1b: Farigiraf|0 fnt\n|faint|p1b: Farigiraf\n|\n|upkeep\n|turn|7\n|\n|t:|1738946138\n|move|p2b: Ditto|Dazzling Gleam|p1a: Miraidon\n|-supereffective|p1a: Miraidon\n|-damage|p1a: Miraidon|0 fnt\n|faint|p1a: Miraidon\n|\n|win|pokehys4\n|raw|zero_the_enforcer's rating: 1582 &rarr; <strong>1565<\/strong><br \/>(-17 for losing)\n|raw|pokehys4's rating: 1630 &rarr; <strong>1647<\/strong><br \/>(+17 for winning)\n|l| Therazer456\n|l|\u2606zero_the_enforcer\n|player|p1|\n|l| BionicFox\n|l| 17 character name\n|l| zacattack110\n","uploadtime":1738946385,"views":6,"formatid":"gen9vgc2025regg","rating":1565,"private":0,"password":null}