{"id":"gen9vgc2025regg-2296643238","format":"[Gen 9] VGC 2025 Reg G","players":["koji muranishi","Jasondddd"],"log":"|j|\u2606koji muranishi\n|j|\u2606Jasondddd\n|t:|1738989077\n|gametype|doubles\n|player|p1|koji muranishi|265|1706\n|player|p2|Jasondddd|lucas|1566\n|teamsize|p1|6\n|teamsize|p2|6\n|gen|9\n|tier|[Gen 9] VGC 2025 Reg G\n|rated|\n|rule|Species Clause: Limit one of each Pok\u00e9mon\n|rule|Item Clause: Limit 1 of each item\n|clearpoke\n|poke|p1|Whimsicott, L50, F|\n|poke|p1|Calyrex-Ice, L50|\n|poke|p1|Urshifu-*, L50, F|\n|poke|p1|Entei, L50|\n|poke|p1|Raging Bolt, L50|\n|poke|p1|Landorus, L50, M|\n|poke|p2|Zamazenta-*, L50|\n|poke|p2|Urshifu-*, L50, F|\n|poke|p2|Landorus, L50, M|\n|poke|p2|Flutter Mane, L50|\n|poke|p2|Rillaboom, L50, F|\n|poke|p2|Moltres, L50|\n|teampreview|4\n|inactive|Battle timer is ON: inactive players will automatically lose when time's up. (requested by koji muranishi)\n|inactive|koji muranishi has 60 seconds left.\n|inactive|Jasondddd has 60 seconds left.\n|inactive|koji muranishi has 30 seconds left.\n|j| zzz1994000\n|inactive|koji muranishi has 20 seconds left.\n|inactive|koji muranishi has 15 seconds left.\n|\n|t:|1738989160\n|start\n|switch|p1a: Whimsicott|Whimsicott, L50, F|100\/100\n|switch|p1b: Entei|Entei, L50|100\/100\n|switch|p2a: Landorus|Landorus, L50, M|100\/100\n|switch|p2b: Moltres|Moltres, L50|100\/100\n|turn|1\n|j| Baguettezzz\n|\n|t:|1738989174\n|move|p1a: Whimsicott|Tailwind|p1a: Whimsicott\n|-sidestart|p1: koji muranishi|move: Tailwind\n|move|p1b: Entei|Stone Edge|p2b: Moltres|[miss]\n|-miss|p1b: Entei|p2b: Moltres\n|move|p2a: Landorus|Sludge Bomb|p1a: Whimsicott\n|-supereffective|p1a: Whimsicott\n|-enditem|p1a: Whimsicott|Focus Sash\n|-damage|p1a: Whimsicott|1\/100\n|move|p2b: Moltres|Tailwind|p2b: Moltres\n|-sidestart|p2: Jasondddd|move: Tailwind\n|\n|upkeep\n|turn|2\n|j| randoftw\n|inactive|Jasondddd has 30 seconds left.\n|\n|t:|1738989199\n|switch|p2b: Zamazenta|Zamazenta-Crowned, L50|100\/100\n|-ability|p2b: Zamazenta|Dauntless Shield|boost\n|-boost|p2b: Zamazenta|def|1\n|move|p1a: Whimsicott|Encore||[still]\n|-fail|p1a: Whimsicott\n|move|p2a: Landorus|Earth Power|p1b: Entei\n|-supereffective|p1b: Entei\n|-damage|p1b: Entei|11\/100\n|move|p1b: Entei|Sacred Fire|p2a: Landorus\n|-damage|p2a: Landorus|38\/100\n|-status|p2a: Landorus|brn\n|\n|-damage|p2a: Landorus|32\/100 brn|[from] brn\n|upkeep\n|turn|3\n|inactive|Jasondddd has 30 seconds left.\n|\n|t:|1738989230\n|switch|p2a: Flutter Mane|Flutter Mane, L50|100\/100\n|-enditem|p2a: Flutter Mane|Booster Energy\n|-activate|p2a: Flutter Mane|ability: Protosynthesis|[fromitem]\n|-start|p2a: Flutter Mane|protosynthesisspe\n|-terastallize|p1a: Whimsicott|Ghost\n|move|p2b: Zamazenta|Body Press|p1b: Entei\n|-damage|p1b: Entei|0 fnt\n|faint|p1b: Entei\n|move|p1a: Whimsicott|Trick Room|p1a: Whimsicott\n|-fieldstart|move: Trick Room|[of] p1a: Whimsicott\n|\n|upkeep\n|\n|t:|1738989247\n|switch|p1b: Landorus|Landorus, L50, M|100\/100\n|turn|4\n|\n|t:|1738989261\n|-end|p2a: Flutter Mane|Protosynthesis|[silent]\n|switch|p2a: Moltres|Moltres, L50|100\/100\n|-terastallize|p2b: Zamazenta|Dragon\n|move|p1b: Landorus|Sandsear Storm|p2b: Zamazenta|[spread] p2b\n|-immune|p2a: Moltres\n|-crit|p2b: Zamazenta\n|-damage|p2b: Zamazenta|31\/100\n|move|p1a: Whimsicott|Moonblast|p2a: Moltres\n|-resisted|p2a: Moltres\n|-damage|p2a: Moltres|82\/100\n|move|p2b: Zamazenta|Body Press|p1b: Landorus\n|-resisted|p1b: Landorus\n|-crit|p1b: Landorus\n|-damage|p1b: Landorus|45\/100\n|\n|-sideend|p1: koji muranishi|move: Tailwind\n|-sideend|p2: Jasondddd|move: Tailwind\n|upkeep\n|turn|5\n|inactive|Jasondddd has 30 seconds left.\n|\n|t:|1738989289\n|switch|p1a: Raging Bolt|Raging Bolt, L50|100\/100\n|-enditem|p1a: Raging Bolt|Booster Energy\n|-activate|p1a: Raging Bolt|ability: Protosynthesis|[fromitem]\n|-start|p1a: Raging Bolt|protosynthesisspa\n|switch|p2b: Landorus|Landorus, L50, M|32\/100 brn\n|move|p2a: Moltres|Heat Wave|p1a: Raging Bolt|[spread] p1b\n|-miss|p2a: Moltres|p1a: Raging Bolt\n|-damage|p1b: Landorus|0 fnt\n|faint|p1b: Landorus\n|\n|-damage|p2b: Landorus|26\/100 brn|[from] brn\n|upkeep\n|l| Baguettezzz\n|\n|t:|1738989304\n|switch|p1b: Whimsicott|Whimsicott, L50, F, tera:Ghost|1\/100\n|turn|6\n|\n|t:|1738989319\n|move|p1a: Raging Bolt|Thunderclap|p2a: Moltres\n|-supereffective|p2a: Moltres\n|-damage|p2a: Moltres|0 fnt\n|faint|p2a: Moltres\n|move|p1b: Whimsicott|Tailwind|p1b: Whimsicott\n|-sidestart|p1: koji muranishi|move: Tailwind\n|move|p2b: Landorus|Earth Power|p1a: Raging Bolt\n|-supereffective|p1a: Raging Bolt\n|-damage|p1a: Raging Bolt|0 fnt\n|faint|p1a: Raging Bolt\n|-end|p1a: Raging Bolt|Protosynthesis|[silent]\n|\n|-damage|p2b: Landorus|20\/100 brn|[from] brn\n|upkeep\n|-message|koji muranishi forfeited.\n|\n|win|Jasondddd\n|raw|koji muranishi's rating: 1706 &rarr; <strong>1678<\/strong><br \/>(-28 for losing)\n|raw|Jasondddd's rating: 1566 &rarr; <strong>1594<\/strong><br \/>(+28 for winning)\n|l|\u2606koji muranishi\n|player|p1|\n","uploadtime":1738989341,"views":25,"formatid":"gen9vgc2025regg","rating":1594,"private":0,"password":null}