{"id":"gen9vgc2025regg-2296781789","format":"[Gen 9] VGC 2025 Reg G","players":["kanucks25","BlvckTheGamer"],"log":"|j|\u2606kanucks25\n|j|\u2606BlvckTheGamer\n|t:|1739016492\n|gametype|doubles\n|player|p1|kanucks25|169|1577\n|player|p2|BlvckTheGamer|265|1545\n|teamsize|p1|6\n|teamsize|p2|6\n|gen|9\n|tier|[Gen 9] VGC 2025 Reg G\n|rated|\n|rule|Species Clause: Limit one of each Pok\u00e9mon\n|rule|Item Clause: Limit 1 of each item\n|clearpoke\n|poke|p1|Calyrex-Shadow, L50|\n|poke|p1|Indeedee-F, L50, F|\n|poke|p1|Ogerpon-Wellspring, L50, F|\n|poke|p1|Pelipper, L50, F|\n|poke|p1|Urshifu-*, L50, F|\n|poke|p1|Tornadus, L50, M|\n|poke|p2|Umbreon, L50, M|\n|poke|p2|Entei, L50|\n|poke|p2|Groudon, L50|\n|poke|p2|Ogerpon-Wellspring, L50, F|\n|poke|p2|Raging Bolt, L50|\n|poke|p2|Chien-Pao, L50|\n|teampreview|4\n|\n|t:|1739016540\n|start\n|switch|p1a: Urshifu|Urshifu, L50, F|100\/100\n|switch|p1b: Calyrex|Calyrex-Shadow, L50|100\/100\n|switch|p2a: Ogerpon|Ogerpon-Wellspring, L50, F|100\/100\n|switch|p2b: Umbreon|Umbreon, L50, M|100\/100\n|-ability|p1b: Calyrex|As One\n|-ability|p1b: Calyrex|Unnerve\n|turn|1\n|\n|t:|1739016569\n|-terastallize|p1b: Calyrex|Fairy\n|move|p1b: Calyrex|Astral Barrage|p2b: Umbreon|[spread] p2a,p2b\n|-resisted|p2b: Umbreon\n|-damage|p2a: Ogerpon|21\/100\n|-damage|p2b: Umbreon|76\/100\n|-damage|p1b: Calyrex|91\/100|[from] item: Life Orb\n|move|p2a: Ogerpon|Ivy Cudgel|p1a: Urshifu|[anim] Ivy Cudgel Water\n|-damage|p1a: Urshifu|49\/100\n|move|p1a: Urshifu|Close Combat|p2b: Umbreon\n|-supereffective|p2b: Umbreon\n|-damage|p2b: Umbreon|0 fnt\n|-unboost|p1a: Urshifu|def|1\n|-unboost|p1a: Urshifu|spd|1\n|faint|p2b: Umbreon\n|\n|upkeep\n|\n|t:|1739016589\n|switch|p2b: Groudon|Groudon, L50|100\/100\n|-weather|SunnyDay|[from] ability: Drought|[of] p2b: Groudon\n|turn|2\n|\n|t:|1739016605\n|switch|p1a: Pelipper|Pelipper, L50, F|100\/100\n|-weather|RainDance|[from] ability: Drizzle|[of] p1a: Pelipper\n|move|p2a: Ogerpon|Spiky Shield|p2a: Ogerpon\n|-singleturn|p2a: Ogerpon|move: Protect\n|move|p1b: Calyrex|Astral Barrage|p2b: Groudon|[spread] p2b\n|-activate|p2a: Ogerpon|move: Protect\n|-damage|p2b: Groudon|55\/100\n|-damage|p1b: Calyrex|81\/100|[from] item: Life Orb\n|move|p2b: Groudon|Precipice Blades|p1b: Calyrex|[spread] p1b\n|-immune|p1a: Pelipper\n|-damage|p1b: Calyrex|19\/100\n|\n|-weather|RainDance|[upkeep]\n|upkeep\n|turn|3\n|\n|t:|1739016642\n|switch|p2a: Chien-Pao|Chien-Pao, L50|100\/100\n|-ability|p2a: Chien-Pao|Sword of Ruin\n|move|p1b: Calyrex|Astral Barrage|p2b: Groudon|[spread] p2a,p2b\n|-resisted|p2a: Chien-Pao\n|-damage|p2a: Chien-Pao|31\/100\n|-damage|p2b: Groudon|6\/100\n|-damage|p1b: Calyrex|10\/100|[from] item: Life Orb\n|move|p1a: Pelipper|Weather Ball|p2b: Groudon\n|-supereffective|p2b: Groudon\n|-damage|p2b: Groudon|0 fnt\n|faint|p2b: Groudon\n|\n|-weather|RainDance|[upkeep]\n|upkeep\n|\n|t:|1739016656\n|switch|p2b: Ogerpon|Ogerpon-Wellspring, L50, F|21\/100\n|turn|4\n|\n|t:|1739016674\n|move|p2a: Chien-Pao|Sucker Punch|p1b: Calyrex\n|-resisted|p1b: Calyrex\n|-damage|p1b: Calyrex|0 fnt\n|faint|p1b: Calyrex\n|move|p2b: Ogerpon|Horn Leech|p1a: Pelipper\n|-damage|p1a: Pelipper|31\/100\n|-heal|p2b: Ogerpon|48\/100|[from] drain|[of] p1a: Pelipper\n|move|p1a: Pelipper|Tailwind|p1a: Pelipper\n|-sidestart|p1: kanucks25|move: Tailwind\n|\n|-weather|RainDance|[upkeep]\n|upkeep\n|\n|t:|1739016686\n|switch|p1b: Urshifu|Urshifu, L50, F|49\/100\n|turn|5\n|\n|t:|1739016695\n|move|p2a: Chien-Pao|Sucker Punch|p1a: Pelipper\n|-damage|p1a: Pelipper|0 fnt\n|faint|p1a: Pelipper\n|move|p1b: Urshifu|Wicked Blow|p2a: Chien-Pao\n|-resisted|p2a: Chien-Pao\n|-crit|p2a: Chien-Pao\n|-damage|p2a: Chien-Pao|0 fnt\n|faint|p2a: Chien-Pao\n|move|p2b: Ogerpon|Horn Leech|p1b: Urshifu\n|-damage|p1b: Urshifu|10\/100\n|-heal|p2b: Ogerpon|71\/100|[from] drain|[of] p1b: Urshifu\n|\n|-weather|RainDance|[upkeep]\n|upkeep\n|\n|t:|1739016706\n|switch|p1a: Ogerpon|Ogerpon-Wellspring, L50, F|100\/100\n|turn|6\n|\n|t:|1739016713\n|move|p1a: Ogerpon|Follow Me|p1a: Ogerpon\n|-singleturn|p1a: Ogerpon|move: Follow Me\n|move|p1b: Urshifu|Wicked Blow|p2b: Ogerpon\n|-crit|p2b: Ogerpon\n|-damage|p2b: Ogerpon|0 fnt\n|faint|p2b: Ogerpon\n|\n|win|kanucks25\n|raw|kanucks25's rating: 1577 &rarr; <strong>1595<\/strong><br \/>(+18 for winning)\n|raw|BlvckTheGamer's rating: 1545 &rarr; <strong>1527<\/strong><br \/>(-18 for losing)\n|l|\u2606BlvckTheGamer\n|player|p2|\n|l|\u2606kanucks25\n|player|p1|\n","uploadtime":1739016962,"views":11,"formatid":"gen9vgc2025regg","rating":1527,"private":0,"password":null}