{"id":"gen9vgc2025regg-2296048332","format":"[Gen 9] VGC 2025 Reg G","players":["Sheevpeuic","sibylla_system"],"log":"|j|\u2606Sheevpeuic\n|j|\u2606sibylla_system\n|t:|1738912973\n|gametype|doubles\n|player|p1|Sheevpeuic|169|1635\n|player|p2|sibylla_system|170|1723\n|teamsize|p1|6\n|teamsize|p2|6\n|gen|9\n|tier|[Gen 9] VGC 2025 Reg G\n|rated|\n|rule|Species Clause: Limit one of each Pok\u00e9mon\n|rule|Item Clause: Limit 1 of each item\n|clearpoke\n|poke|p1|Kyogre, L50|\n|poke|p1|Roaring Moon, L50|\n|poke|p1|Farigiraf, L50, F|\n|poke|p1|Iron Hands, L50|\n|poke|p1|Ogerpon-Wellspring, L50, F|\n|poke|p1|Landorus, L50, M|\n|poke|p2|Terapagos, L50, M|\n|poke|p2|Whimsicott, L50, F|\n|poke|p2|Incineroar, L50, F|\n|poke|p2|Urshifu-*, L50, F|\n|poke|p2|Flutter Mane, L50|\n|poke|p2|Landorus, L50, M|\n|teampreview|4\n|inactive|Battle timer is ON: inactive players will automatically lose when time's up. (requested by sibylla_system)\n|\n|t:|1738913013\n|start\n|switch|p1a: Roaring Moon|Roaring Moon, L50, shiny|100\/100\n|switch|p1b: Ogerpon|Ogerpon-Wellspring, L50, F|100\/100\n|switch|p2a: Terapagos|Terapagos, L50, M|100\/100\n|switch|p2b: Whimsicott|Whimsicott, L50, F|100\/100\n|-activate|p2a: Terapagos|ability: Tera Shift\n|detailschange|p2a: Terapagos|Terapagos-Terastal, L50, M\n|-heal|p2a: Terapagos|100\/100|[silent]\n|-enditem|p1a: Roaring Moon|Booster Energy\n|-activate|p1a: Roaring Moon|ability: Protosynthesis|[fromitem]\n|-start|p1a: Roaring Moon|protosynthesisspe\n|turn|1\n|inactive|sibylla_system has 30 seconds left.\n|inactive|sibylla_system has 20 seconds left.\n|inactive|sibylla_system has 15 seconds left.\n|inactive|sibylla_system has 10 seconds left.\n|inactive|sibylla_system has 5 seconds left.\n|\n|t:|1738913065\n|move|p2b: Whimsicott|Tailwind|p2b: Whimsicott\n|-sidestart|p2: sibylla_system|move: Tailwind\n|move|p2a: Terapagos|Tera Starstorm|p1b: Ogerpon\n|-damage|p1b: Ogerpon|0 fnt\n|faint|p1b: Ogerpon\n|move|p1a: Roaring Moon|Tailwind|p1a: Roaring Moon\n|-sidestart|p1: Sheevpeuic|move: Tailwind\n|\n|upkeep\n|\n|t:|1738913076\n|switch|p1b: Kyogre|Kyogre, L50|100\/100\n|-weather|RainDance|[from] ability: Drizzle|[of] p1b: Kyogre\n|turn|2\n|\n|t:|1738913099\n|switch|p1b: Landorus|Landorus, L50, M|100\/100\n|-terastallize|p2a: Terapagos|Stellar\n|detailschange|p2a: Terapagos|Terapagos-Stellar, L50, M, tera:Stellar\n|-heal|p2a: Terapagos|100\/100|[silent]\n|-ability|p2a: Terapagos|Teraform Zero\n|-weather|none\n|move|p2b: Whimsicott|Fake Tears|p1b: Landorus\n|-unboost|p1b: Landorus|spd|2\n|move|p1a: Roaring Moon|Knock Off|p2a: Terapagos\n|-damage|p2a: Terapagos|64\/100\n|-enditem|p2a: Terapagos|Choice Specs|[from] move: Knock Off|[of] p1a: Roaring Moon\n|move|p2a: Terapagos|Tera Starstorm|p1a: Roaring Moon|[spread] p1a,p1b\n|-damage|p1a: Roaring Moon|65\/100\n|-damage|p1b: Landorus|0 fnt\n|faint|p1b: Landorus\n|\n|upkeep\n|\n|t:|1738913115\n|switch|p1b: Kyogre|Kyogre, L50|100\/100\n|-weather|RainDance|[from] ability: Drizzle|[of] p1b: Kyogre\n|turn|3\n|inactive|sibylla_system has 30 seconds left.\n|\n|t:|1738913147\n|switch|p2a: Landorus|Landorus, L50, M|100\/100\n|move|p2b: Whimsicott|Fake Tears|p1b: Kyogre\n|-unboost|p1b: Kyogre|spd|2\n|move|p1a: Roaring Moon|Acrobatics|p2b: Whimsicott\n|-supereffective|p2b: Whimsicott\n|-damage|p2b: Whimsicott|13\/100\n|move|p1b: Kyogre|Water Spout|p2a: Landorus|[spread] p2a,p2b\n|-supereffective|p2a: Landorus\n|-crit|p2a: Landorus\n|-resisted|p2b: Whimsicott\n|-damage|p2a: Landorus|0 fnt\n|-damage|p2b: Whimsicott|0 fnt\n|faint|p2a: Landorus\n|faint|p2b: Whimsicott\n|\n|-weather|RainDance|[upkeep]\n|upkeep\n|\n|t:|1738913160\n|switch|p2a: Incineroar|Incineroar, L50, F|100\/100\n|switch|p2b: Terapagos|Terapagos-Stellar, L50, M, tera:Stellar|64\/100\n|-ability|p2a: Incineroar|Intimidate|boost\n|-unboost|p1a: Roaring Moon|atk|1\n|-unboost|p1b: Kyogre|atk|1\n|turn|4\n|\n|t:|1738913183\n|-terastallize|p1a: Roaring Moon|Flying\n|move|p2a: Incineroar|Fake Out|p1b: Kyogre\n|-crit|p1b: Kyogre\n|-damage|p1b: Kyogre|83\/100\n|move|p1a: Roaring Moon|Acrobatics|p2b: Terapagos\n|-damage|p2b: Terapagos|37\/100\n|cant|p1b: Kyogre|flinch\n|move|p2b: Terapagos|Tera Starstorm|p1b: Kyogre|[spread] p1a,p1b\n|-supereffective|p1a: Roaring Moon\n|-damage|p1a: Roaring Moon|0 fnt\n|-damage|p1b: Kyogre|15\/100\n|faint|p1a: Roaring Moon\n|-end|p1a: Roaring Moon|Protosynthesis|[silent]\n|\n|-weather|RainDance|[upkeep]\n|-sideend|p1: Sheevpeuic|move: Tailwind\n|-sideend|p2: sibylla_system|move: Tailwind\n|upkeep\n|turn|5\n|\n|t:|1738913204\n|move|p1b: Kyogre|Water Spout|p2b: Terapagos|[spread] p2a,p2b\n|-supereffective|p2a: Incineroar\n|-crit|p2a: Incineroar\n|-damage|p2a: Incineroar|40\/100\n|-damage|p2b: Terapagos|21\/100\n|move|p2b: Terapagos|Tera Starstorm|p1b: Kyogre\n|-damage|p1b: Kyogre|0 fnt\n|faint|p1b: Kyogre\n|\n|win|sibylla_system\n|raw|Sheevpeuic's rating: 1635 &rarr; <strong>1620<\/strong><br \/>(-15 for losing)\n|raw|sibylla_system's rating: 1723 &rarr; <strong>1738<\/strong><br \/>(+15 for winning)\n|l|\u2606Sheevpeuic\n|player|p1|\n|j|\u2606Sheevpeuic\n|player|p1|Sheevpeuic|169|\n|l|\u2606Sheevpeuic\n|player|p1|\n|l|\u2606sibylla_system\n|player|p2|\n","uploadtime":1738913408,"views":6,"formatid":"gen9vgc2025regg","rating":1620,"private":0,"password":null}