{"id":"gen9vgc2025regg-2296418390","format":"[Gen 9] VGC 2025 Reg G","players":["Forbranna","Farmyom"],"log":"|j|\u2606Forbranna\n|j|\u203dFarmyom\n|t:|1738959953\n|gametype|doubles\n|player|p1|Forbranna|clair|1594\n|player|p2|Farmyom|beauty-gen5bw2|1665\n|teamsize|p1|6\n|teamsize|p2|6\n|gen|9\n|tier|[Gen 9] VGC 2025 Reg G\n|rated|\n|rule|Species Clause: Limit one of each Pok\u00e9mon\n|rule|Item Clause: Limit 1 of each item\n|clearpoke\n|poke|p1|Grimmsnarl, L50, M|\n|poke|p1|Chi-Yu, L50|\n|poke|p1|Koraidon, L50|\n|poke|p1|Flutter Mane, L50|\n|poke|p1|Raging Bolt, L50|\n|poke|p1|Ogerpon-Cornerstone, L50, F|\n|poke|p2|Terapagos, L50, M|\n|poke|p2|Flutter Mane, L50|\n|poke|p2|Tornadus, L50, M|\n|poke|p2|Incineroar, L50, F|\n|poke|p2|Rillaboom, L50, M|\n|poke|p2|Walking Wake, L50|\n|teampreview|4\n|inactive|Battle timer is ON: inactive players will automatically lose when time's up. (requested by Farmyom)\n|inactive|Forbranna also wants the timer to be on.\n|\n|t:|1738959982\n|start\n|switch|p1a: Einstein|Grimmsnarl, L50, M, shiny|100\/100\n|switch|p1b: Voltaire|Raging Bolt, L50|100\/100\n|switch|p2a: Incineroar|Incineroar, L50, F|100\/100\n|switch|p2b: Walking Wake|Walking Wake, L50|100\/100\n|-ability|p2a: Incineroar|Intimidate|boost\n|-unboost|p1a: Einstein|atk|1\n|-unboost|p1b: Voltaire|atk|1\n|turn|1\n|\n|t:|1738960000\n|move|p2a: Incineroar|Fake Out|p1a: Einstein\n|-damage|p1a: Einstein|90\/100\n|cant|p1a: Einstein|flinch\n|move|p2b: Walking Wake|Draco Meteor|p1b: Voltaire\n|-supereffective|p1b: Voltaire\n|-damage|p1b: Voltaire|1\/100\n|-unboost|p2b: Walking Wake|spa|2\n|-damage|p2b: Walking Wake|91\/100|[from] item: Life Orb\n|move|p1b: Voltaire|Volt Switch|p2b: Walking Wake\n|-damage|p2b: Walking Wake|40\/100\n|j| Funn yIy\n|\n|t:|1738960013\n|-end|p1b: Voltaire|Protosynthesis|[silent]\n|switch|p1b: Moctezuma|Koraidon, L50|100\/100|[from] Volt Switch\n|-weather|SunnyDay|[from] ability: Orichalcum Pulse|[of] p1b: Moctezuma\n|-activate|p2b: Walking Wake|ability: Protosynthesis\n|-start|p2b: Walking Wake|protosynthesisspe\n|-activate|p1b: Moctezuma|Orichalcum Pulse|[source]\n|\n|-weather|SunnyDay|[upkeep]\n|upkeep\n|turn|2\n|\n|t:|1738960026\n|-end|p2b: Walking Wake|Protosynthesis|[silent]\n|switch|p2b: Tornadus|Tornadus, L50, M|100\/100\n|move|p1a: Einstein|Thunder Wave|p2b: Tornadus\n|-status|p2b: Tornadus|par\n|move|p1b: Moctezuma|Collision Course|p2b: Tornadus\n|-resisted|p2b: Tornadus\n|-damage|p2b: Tornadus|59\/100 par\n|move|p2a: Incineroar|Flare Blitz|p1a: Einstein\n|-damage|p1a: Einstein|21\/100\n|-damage|p2a: Incineroar|78\/100|[from] Recoil\n|\n|-weather|SunnyDay|[upkeep]\n|upkeep\n|turn|3\n|\n|t:|1738960049\n|-terastallize|p1b: Moctezuma|Fire\n|move|p1a: Einstein|Light Screen|p1a: Einstein\n|-sidestart|p1: Forbranna|move: Light Screen\n|move|p2b: Tornadus|Tailwind|p2b: Tornadus\n|-sidestart|p2: Farmyom|move: Tailwind\n|move|p1b: Moctezuma|Collision Course|p2a: Incineroar\n|-supereffective|p2a: Incineroar\n|-damage|p2a: Incineroar|0 fnt\n|-damage|p1b: Moctezuma|84\/100|[from] item: Rocky Helmet|[of] p2a: Incineroar\n|faint|p2a: Incineroar\n|\n|-weather|SunnyDay|[upkeep]\n|upkeep\n|\n|t:|1738960058\n|switch|p2a: Terapagos|Terapagos, L50, M|100\/100\n|-activate|p2a: Terapagos|ability: Tera Shift\n|detailschange|p2a: Terapagos|Terapagos-Terastal, L50, M\n|-heal|p2a: Terapagos|100\/100|[silent]\n|turn|4\n|\n|t:|1738960070\n|move|p2a: Terapagos|Protect|p2a: Terapagos\n|-singleturn|p2a: Terapagos|Protect\n|move|p1b: Moctezuma|Protect|p1b: Moctezuma\n|-singleturn|p1b: Moctezuma|Protect\n|move|p1a: Einstein|Thunder Wave|p2a: Terapagos\n|-activate|p2a: Terapagos|move: Protect\n|cant|p2b: Tornadus|par\n|\n|-weather|SunnyDay|[upkeep]\n|upkeep\n|turn|5\n|j| Salvato1902V\n|\n|t:|1738960086\n|switch|p1b: Voltaire|Raging Bolt, L50|1\/100\n|-activate|p1b: Voltaire|ability: Protosynthesis\n|-start|p1b: Voltaire|protosynthesisspa\n|move|p1a: Einstein|Thunder Wave|p2a: Terapagos\n|-status|p2a: Terapagos|par\n|move|p2b: Tornadus|Bleakwind Storm|p1a: Einstein|[spread] p1a\n|-miss|p2b: Tornadus|p1b: Voltaire\n|-damage|p1a: Einstein|0 fnt\n|faint|p1a: Einstein\n|move|p2a: Terapagos|Meteor Beam||[still]\n|-prepare|p2a: Terapagos|Meteor Beam\n|-boost|p2a: Terapagos|spa|1\n|-enditem|p2a: Terapagos|Power Herb\n|-anim|p2a: Terapagos|Meteor Beam|p1b: Voltaire\n|-damage|p1b: Voltaire|0 fnt\n|faint|p1b: Voltaire\n|-end|p1b: Voltaire|Protosynthesis|[silent]\n|\n|-weather|none\n|upkeep\n|\n|t:|1738960106\n|switch|p1b: Joan of Arc|Ogerpon-Cornerstone, L50, F|100\/100\n|switch|p1a: Moctezuma|Koraidon, L50, tera:Fire|84\/100\n|-weather|SunnyDay|[from] ability: Orichalcum Pulse|[of] p1a: Moctezuma\n|-activate|p1a: Moctezuma|Orichalcum Pulse|[source]\n|turn|6\n|\n|t:|1738960122\n|switch|p2b: Walking Wake|Walking Wake, L50|40\/100\n|-activate|p2b: Walking Wake|ability: Protosynthesis\n|-start|p2b: Walking Wake|protosynthesisspe\n|move|p2a: Terapagos|Protect|p2a: Terapagos\n|-singleturn|p2a: Terapagos|Protect\n|move|p1a: Moctezuma|Collision Course|p2a: Terapagos\n|-activate|p2a: Terapagos|move: Protect\n|move|p1b: Joan of Arc|Ivy Cudgel|p2a: Terapagos|[anim] Ivy Cudgel Rock\n|-activate|p2a: Terapagos|move: Protect\n|\n|-weather|SunnyDay|[upkeep]\n|-sideend|p2: Farmyom|move: Tailwind\n|upkeep\n|turn|7\n|inactive|Farmyom has 30 seconds left.\n|inactive|Farmyom has 20 seconds left.\n|\n|t:|1738960159\n|move|p1a: Moctezuma|Protect|p1a: Moctezuma\n|-singleturn|p1a: Moctezuma|Protect\n|move|p2b: Walking Wake|Hydro Steam|p1a: Moctezuma\n|-activate|p1a: Moctezuma|move: Protect\n|move|p1b: Joan of Arc|Ivy Cudgel|p2b: Walking Wake|[anim] Ivy Cudgel Rock\n|-damage|p2b: Walking Wake|0 fnt\n|faint|p2b: Walking Wake\n|-end|p2b: Walking Wake|Protosynthesis|[silent]\n|move|p2a: Terapagos|Tera Starstorm|p1b: Joan of Arc\n|-resisted|p1b: Joan of Arc\n|-damage|p1b: Joan of Arc|66\/100\n|\n|-weather|SunnyDay|[upkeep]\n|upkeep\n|\n|t:|1738960162\n|switch|p2b: Tornadus|Tornadus, L50, M|59\/100 par\n|turn|8\n|inactive|Farmyom has 30 seconds left.\n|\n|t:|1738960189\n|move|p2b: Tornadus|Taunt|p1b: Joan of Arc\n|-start|p1b: Joan of Arc|move: Taunt\n|move|p1a: Moctezuma|Collision Course|p2a: Terapagos\n|-activate|p2a: Terapagos|ability: Tera Shell\n|-resisted|p2a: Terapagos\n|-damage|p2a: Terapagos|72\/100 par\n|move|p1b: Joan of Arc|Ivy Cudgel|p2a: Terapagos|[anim] Ivy Cudgel Rock\n|-damage|p2a: Terapagos|19\/100 par\n|move|p2a: Terapagos|Earth Power|p1a: Moctezuma\n|-supereffective|p1a: Moctezuma\n|-damage|p1a: Moctezuma|37\/100\n|\n|-weather|SunnyDay|[upkeep]\n|upkeep\n|turn|9\n|inactive|Farmyom has 30 seconds left.\n|\n|t:|1738960214\n|-terastallize|p2b: Tornadus|Dark\n|move|p2a: Terapagos|Protect|p2a: Terapagos\n|-singleturn|p2a: Terapagos|Protect\n|move|p1a: Moctezuma|Collision Course|p2a: Terapagos\n|-activate|p2a: Terapagos|move: Protect\n|move|p1b: Joan of Arc|Ivy Cudgel|p2b: Tornadus|[anim] Ivy Cudgel Rock\n|-damage|p2b: Tornadus|0 fnt\n|faint|p2b: Tornadus\n|\n|-weather|SunnyDay|[upkeep]\n|upkeep\n|turn|10\n|-message|Farmyom forfeited.\n|\n|win|Forbranna\n|raw|Forbranna's rating: 1594 &rarr; <strong>1617<\/strong><br \/>(+23 for winning)\n|raw|Farmyom's rating: 1648 &rarr; <strong>1625<\/strong><br \/>(-23 for losing)\n|l|\u203dFarmyom\n|player|p2|\n|l|\u2606Forbranna\n|player|p1|\n|l| Salvato1902V\n","uploadtime":1738960495,"views":34,"formatid":"gen9vgc2025regg","rating":1617,"private":0,"password":null}