{"id":"gen9vgc2025regg-2296883959","format":"[Gen 9] VGC 2025 Reg G","players":["koji muranishi","InfinityGroudon"],"log":"|j|\u2606koji muranishi\n|j|\u2606InfinityGroudon\n|t:|1739031690\n|gametype|doubles\n|player|p1|koji muranishi|266|1687\n|player|p2|InfinityGroudon|101|1742\n|teamsize|p1|6\n|teamsize|p2|6\n|gen|9\n|tier|[Gen 9] VGC 2025 Reg G\n|rated|\n|rule|Species Clause: Limit one of each Pok\u00e9mon\n|rule|Item Clause: Limit 1 of each item\n|clearpoke\n|poke|p1|Whimsicott, L50, M|\n|poke|p1|Calyrex-Ice, L50|\n|poke|p1|Urshifu-*, L50, F|\n|poke|p1|Entei, L50|\n|poke|p1|Raging Bolt, L50|\n|poke|p1|Landorus, L50, M|\n|poke|p2|Terapagos, L50, M|\n|poke|p2|Clefairy, L50, F|\n|poke|p2|Rillaboom, L50, F|\n|poke|p2|Skeledirge, L50, M|\n|poke|p2|Urshifu-*, L50, M|\n|poke|p2|Chien-Pao, L50|\n|teampreview|4\n|inactive|Battle timer is ON: inactive players will automatically lose when time's up. (requested by koji muranishi)\n|\n|t:|1739031714\n|start\n|switch|p1a: Whimsicott|Whimsicott, L50, M|100\/100\n|switch|p1b: Entei|Entei, L50|100\/100\n|switch|p2a: Moonwater|Clefairy, L50, F|100\/100\n|switch|p2b: Perrine|Terapagos, L50, M|100\/100\n|-activate|p2b: Perrine|ability: Tera Shift\n|detailschange|p2b: Perrine|Terapagos-Terastal, L50, M\n|-heal|p2b: Perrine|100\/100|[silent]\n|turn|1\n|j| Tobidog\n|\n|t:|1739031729\n|move|p1a: Whimsicott|Moonblast|p2a: Moonwater\n|-damage|p2a: Moonwater|62\/100\n|move|p1b: Entei|Snarl|p2a: Moonwater|[spread] p2a,p2b\n|-resisted|p2a: Moonwater\n|-activate|p2b: Perrine|ability: Tera Shell\n|-resisted|p2b: Perrine\n|-damage|p2a: Moonwater|58\/100\n|-damage|p2b: Perrine|98\/100\n|-unboost|p2a: Moonwater|spa|1\n|-unboost|p2b: Perrine|spa|1\n|move|p2b: Perrine|Calm Mind|p2b: Perrine\n|-boost|p2b: Perrine|spa|1\n|-boost|p2b: Perrine|spd|1\n|move|p2a: Moonwater|Life Dew|p2a: Moonwater|[spread] p2a,p2b\n|-heal|p2a: Moonwater|82\/100\n|-heal|p2b: Perrine|100\/100\n|\n|upkeep\n|turn|2\n|l| Tobidog\n|inactive|koji muranishi has 30 seconds left.\n|\n|t:|1739031755\n|move|p2a: Moonwater|Follow Me|p2a: Moonwater\n|-singleturn|p2a: Moonwater|move: Follow Me\n|move|p1a: Whimsicott|Encore|p2a: Moonwater\n|-start|p2a: Moonwater|Encore\n|move|p1b: Entei|Sacred Fire|p2a: Moonwater\n|-damage|p2a: Moonwater|43\/100\n|-status|p2a: Moonwater|brn\n|move|p2b: Perrine|Calm Mind|p2b: Perrine\n|-boost|p2b: Perrine|spa|1\n|-boost|p2b: Perrine|spd|1\n|\n|-damage|p2a: Moonwater|37\/100 brn|[from] brn\n|upkeep\n|turn|3\n|j| Tobidog\n|\n|t:|1739031771\n|-terastallize|p2b: Perrine|Stellar\n|detailschange|p2b: Perrine|Terapagos-Stellar, L50, M, tera:Stellar\n|-heal|p2b: Perrine|100\/100|[silent]\n|move|p2a: Moonwater|Follow Me|p2a: Moonwater\n|-singleturn|p2a: Moonwater|move: Follow Me\n|move|p1a: Whimsicott|Moonblast|p2a: Moonwater\n|-damage|p2a: Moonwater|4\/100 brn\n|-unboost|p2a: Moonwater|spa|1\n|move|p1b: Entei|Snarl|p2a: Moonwater|[spread] p2a,p2b\n|-resisted|p2a: Moonwater\n|-crit|p2b: Perrine\n|-damage|p2a: Moonwater|1\/100 brn\n|-damage|p2b: Perrine|95\/100\n|-unboost|p2a: Moonwater|spa|1\n|-unboost|p2b: Perrine|spa|1\n|move|p2b: Perrine|Tera Starstorm|p1a: Whimsicott|[spread] p1a,p1b\n|-damage|p1a: Whimsicott|48\/100\n|-damage|p1b: Entei|73\/100\n|\n|-heal|p2b: Perrine|100\/100|[from] item: Leftovers\n|-damage|p2a: Moonwater|0 fnt|[from] brn\n|faint|p2a: Moonwater\n|upkeep\n|\n|t:|1739031783\n|switch|p2a: Ernesto|Skeledirge, L50, M|100\/100\n|turn|4\n|\n|t:|1739031798\n|move|p1a: Whimsicott|Tailwind|p1a: Whimsicott\n|-sidestart|p1: koji muranishi|move: Tailwind\n|move|p1b: Entei|Snarl|p2a: Ernesto|[spread] p2a,p2b\n|-supereffective|p2a: Ernesto\n|-damage|p2a: Ernesto|86\/100\n|-damage|p2b: Perrine|98\/100\n|-unboost|p2a: Ernesto|spa|1\n|-unboost|p2b: Perrine|spa|1\n|move|p2b: Perrine|Calm Mind|p2b: Perrine\n|-boost|p2b: Perrine|spa|1\n|-boost|p2b: Perrine|spd|1\n|move|p2a: Ernesto|Torch Song|p1a: Whimsicott\n|-supereffective|p1a: Whimsicott\n|-damage|p1a: Whimsicott|0 fnt\n|-boost|p2a: Ernesto|spa|1\n|faint|p1a: Whimsicott\n|-enditem|p2a: Ernesto|Throat Spray\n|-boost|p2a: Ernesto|spa|1|[from] item: Throat Spray\n|\n|-heal|p2b: Perrine|100\/100|[from] item: Leftovers\n|upkeep\n|\n|t:|1739031820\n|switch|p1a: Urshifu|Urshifu-Rapid-Strike, L50, F|100\/100\n|turn|5\n|j| rosmarino1\n|\n|t:|1739031829\n|move|p1a: Urshifu|Surging Strikes|p2a: Ernesto\n|-supereffective|p2a: Ernesto\n|-crit|p2a: Ernesto\n|-damage|p2a: Ernesto|48\/100\n|-supereffective|p2a: Ernesto\n|-crit|p2a: Ernesto\n|-damage|p2a: Ernesto|13\/100\n|-supereffective|p2a: Ernesto\n|-crit|p2a: Ernesto\n|-damage|p2a: Ernesto|0 fnt\n|faint|p2a: Ernesto\n|-hitcount|p2: Ernesto|3\n|move|p1b: Entei|Snarl|p2b: Perrine\n|-damage|p2b: Perrine|98\/100\n|-unboost|p2b: Perrine|spa|1\n|move|p2b: Perrine|Tera Starstorm|p1b: Entei|[spread] p1a,p1b\n|-damage|p1a: Urshifu|65\/100\n|-damage|p1b: Entei|53\/100\n|\n|-heal|p2b: Perrine|100\/100|[from] item: Leftovers\n|upkeep\n|\n|t:|1739031832\n|switch|p2a: Ram|Urshifu, L50, M|100\/100\n|turn|6\n|\n|t:|1739031855\n|move|p2a: Ram|Sucker Punch|p1a: Urshifu\n|-resisted|p1a: Urshifu\n|-damage|p1a: Urshifu|37\/100\n|move|p1a: Urshifu|Surging Strikes|p2a: Ram\n|-crit|p2a: Ram\n|-damage|p2a: Ram|76\/100\n|-crit|p2a: Ram\n|-damage|p2a: Ram|52\/100\n|-crit|p2a: Ram\n|-damage|p2a: Ram|28\/100\n|-hitcount|p2a: Ram|3\n|move|p1b: Entei|Sacred Fire|p2a: Ram\n|-damage|p2a: Ram|0 fnt\n|faint|p2a: Ram\n|move|p2b: Perrine|Tera Starstorm|p1b: Entei|[spread] p1a,p1b\n|-damage|p1a: Urshifu|3\/100\n|-damage|p1b: Entei|36\/100\n|\n|upkeep\n|turn|7\n|\n|t:|1739031874\n|move|p1a: Urshifu|Surging Strikes|p2b: Perrine\n|-crit|p2b: Perrine\n|-damage|p2b: Perrine|87\/100\n|-crit|p2b: Perrine\n|-damage|p2b: Perrine|75\/100\n|-crit|p2b: Perrine\n|-damage|p2b: Perrine|62\/100\n|-hitcount|p2b: Perrine|3\n|move|p1b: Entei|Sacred Fire|p2b: Perrine\n|-damage|p2b: Perrine|34\/100\n|-status|p2b: Perrine|brn\n|move|p2b: Perrine|Tera Starstorm|p1b: Entei|[spread] p1a,p1b\n|-damage|p1a: Urshifu|0 fnt\n|-damage|p1b: Entei|17\/100\n|faint|p1a: Urshifu\n|\n|-heal|p2b: Perrine|40\/100 brn|[from] item: Leftovers\n|-damage|p2b: Perrine|34\/100 brn|[from] brn\n|-sideend|p1: koji muranishi|move: Tailwind\n|upkeep\n|-message|InfinityGroudon forfeited.\n|\n|win|koji muranishi\n|raw|koji muranishi's rating: 1687 &rarr; <strong>1710<\/strong><br \/>(+23 for winning)\n|raw|InfinityGroudon's rating: 1742 &rarr; <strong>1719<\/strong><br \/>(-23 for losing)\n|l|\u2606InfinityGroudon\n|player|p2|\n|l| Tobidog\n|l| rosmarino1\n|l|\u2606koji muranishi\n|player|p1|\n","uploadtime":1739032113,"views":54,"formatid":"gen9vgc2025regg","rating":1710,"private":0,"password":null}