{"id":"gen9vgc2025regg-2296980494","format":"[Gen 9] VGC 2025 Reg G","players":["Micah122","elvegis1"],"log":"|j|\u2606Micah122\n|j|\u2606elvegis1\n|t:|1739043374\n|gametype|doubles\n|player|p1|Micah122|1|1556\n|player|p2|elvegis1|lucas|1601\n|teamsize|p1|6\n|teamsize|p2|6\n|gen|9\n|tier|[Gen 9] VGC 2025 Reg G\n|rated|\n|rule|Species Clause: Limit one of each Pok\u00e9mon\n|rule|Item Clause: Limit 1 of each item\n|clearpoke\n|poke|p1|Calyrex-Shadow, L50|\n|poke|p1|Dondozo, L50, M|\n|poke|p1|Indeedee-F, L50, F|\n|poke|p1|Urshifu-*, L50, F|\n|poke|p1|Tatsugiri-Droopy, L50, F|\n|poke|p1|Weezing-Galar, L50, M|\n|poke|p2|Calyrex-Shadow, L50|\n|poke|p2|Urshifu-*, L50, M|\n|poke|p2|Whimsicott, L50, M|\n|poke|p2|Incineroar, L50, M|\n|poke|p2|Ditto, L50|\n|poke|p2|Regidrago, L50|\n|teampreview|4\n|inactive|Battle timer is ON: inactive players will automatically lose when time's up. (requested by Micah122)\n|\n|t:|1739043404\n|start\n|switch|p1a: Calyrex|Calyrex-Shadow, L50|100\/100\n|switch|p1b: Dondozo|Dondozo, L50, M|100\/100\n|switch|p2a: Incineroar|Incineroar, L50, M|100\/100\n|switch|p2b: Calyrex|Calyrex-Shadow, L50|100\/100\n|-ability|p1a: Calyrex|As One\n|-ability|p1a: Calyrex|Unnerve\n|-ability|p2b: Calyrex|As One\n|-ability|p2b: Calyrex|Unnerve\n|-ability|p2a: Incineroar|Intimidate|boost\n|-unboost|p1a: Calyrex|atk|1\n|-unboost|p1b: Dondozo|atk|1\n|turn|1\n|inactive|Micah122 has 30 seconds left.\n|\n|t:|1739043429\n|switch|p1b: Indeedee|Indeedee-F, L50, F|100\/100\n|-fieldstart|move: Psychic Terrain|[from] ability: Psychic Surge|[of] p1b: Indeedee\n|-terastallize|p1a: Calyrex|Normal\n|move|p2b: Calyrex|Protect|p2b: Calyrex\n|-singleturn|p2b: Calyrex|Protect\n|move|p1a: Calyrex|Astral Barrage|p2a: Incineroar|[spread] p2a\n|-activate|p2b: Calyrex|move: Protect\n|-resisted|p2a: Incineroar\n|-damage|p2a: Incineroar|70\/100\n|-damage|p1a: Calyrex|91\/100|[from] item: Life Orb\n|move|p2a: Incineroar|Knock Off|p1a: Calyrex\n|-damage|p1a: Calyrex|48\/100\n|-enditem|p1a: Calyrex|Life Orb|[from] move: Knock Off|[of] p2a: Incineroar\n|\n|upkeep\n|turn|2\n|\n|t:|1739043453\n|-terastallize|p2b: Calyrex|Water\n|move|p1b: Indeedee|Follow Me|p1b: Indeedee\n|-singleturn|p1b: Indeedee|move: Follow Me\n|move|p1a: Calyrex|Expanding Force|p2a: Incineroar|[spread] p2b\n|-immune|p2a: Incineroar\n|-damage|p2b: Calyrex|30\/100\n|move|p2b: Calyrex|Psyshock|p1b: Indeedee\n|-resisted|p1b: Indeedee\n|-damage|p1b: Indeedee|68\/100\n|move|p2a: Incineroar|Knock Off|p1b: Indeedee\n|-supereffective|p1b: Indeedee\n|-damage|p1b: Indeedee|0 fnt\n|-enditem|p1b: Indeedee|Safety Goggles|[from] move: Knock Off|[of] p2a: Incineroar\n|faint|p1b: Indeedee\n|\n|upkeep\n|\n|t:|1739043466\n|switch|p1b: Dondozo|Dondozo, L50, M|100\/100\n|turn|3\n|\n|t:|1739043473\n|move|p2b: Calyrex|Protect|p2b: Calyrex\n|-singleturn|p2b: Calyrex|Protect\n|move|p1b: Dondozo|Protect|p1b: Dondozo\n|-singleturn|p1b: Dondozo|Protect\n|move|p1a: Calyrex|Astral Barrage|p2a: Incineroar|[spread] p2a\n|-activate|p2b: Calyrex|move: Protect\n|-resisted|p2a: Incineroar\n|-damage|p2a: Incineroar|48\/100\n|move|p2a: Incineroar|Flare Blitz|p1a: Calyrex\n|-damage|p1a: Calyrex|0 fnt\n|faint|p1a: Calyrex\n|-damage|p2a: Incineroar|34\/100|[from] Recoil\n|\n|upkeep\n|\n|t:|1739043482\n|switch|p1a: Tatsugiri|Tatsugiri-Droopy, L50, F, shiny|100\/100\n|-activate|p1a: Tatsugiri|ability: Commander|[of] p1b: Dondozo\n|-boost|p1b: Dondozo|atk|2\n|-boost|p1b: Dondozo|spa|2\n|-boost|p1b: Dondozo|spe|2\n|-boost|p1b: Dondozo|def|2\n|-boost|p1b: Dondozo|spd|2\n|turn|4\n|\n|t:|1739043488\n|switch|p2a: Ditto|Ditto, L50|100\/100\n|-transform|p2a: Ditto|p1b: Dondozo|[from] ability: Imposter\n|move|p2b: Calyrex|Astral Barrage|p1a: Tatsugiri|[spread] p1b\n|-miss|p2b: Calyrex|p1a: Tatsugiri\n|-damage|p1b: Dondozo|73\/100\n|move|p1b: Dondozo|Body Press|p2a: Ditto\n|-damage|p2a: Ditto|80\/100\n|\n|-heal|p1b: Dondozo|79\/100|[from] item: Leftovers\n|upkeep\n|turn|5\n|\n|t:|1739043506\n|move|p1b: Dondozo|Protect|p1b: Dondozo\n|-singleturn|p1b: Dondozo|Protect\n|move|p2b: Calyrex|Astral Barrage|p1a: Tatsugiri|[spread] \n|-miss|p2b: Calyrex|p1a: Tatsugiri\n|-activate|p1b: Dondozo|move: Protect\n|move|p2a: Ditto|Order Up|p1b: Dondozo\n|-activate|p1b: Dondozo|move: Protect\n|\n|-heal|p1b: Dondozo|85\/100|[from] item: Leftovers\n|-fieldend|move: Psychic Terrain\n|upkeep\n|turn|6\n|\n|t:|1739043515\n|switch|p2b: Incineroar|Incineroar, L50, M|34\/100\n|-ability|p2b: Incineroar|Intimidate|boost\n|-unboost|p1a: Tatsugiri|atk|1\n|-unboost|p1b: Dondozo|atk|1\n|move|p2a: Ditto|Order Up|p1b: Dondozo\n|-damage|p1b: Dondozo|74\/100\n|move|p1b: Dondozo|Order Up|p2a: Ditto\n|-damage|p2a: Ditto|64\/100\n|-boost|p1b: Dondozo|def|1\n|\n|-heal|p1b: Dondozo|81\/100|[from] item: Leftovers\n|upkeep\n|turn|7\n|\n|t:|1739043533\n|move|p1b: Dondozo|Protect|p1b: Dondozo\n|-singleturn|p1b: Dondozo|Protect\n|move|p2b: Incineroar|Fake Out|p1b: Dondozo\n|-activate|p1b: Dondozo|move: Protect\n|move|p2a: Ditto|Order Up|p1b: Dondozo\n|-activate|p1b: Dondozo|move: Protect\n|\n|-heal|p1b: Dondozo|87\/100|[from] item: Leftovers\n|upkeep\n|turn|8\n|\n|t:|1739043541\n|move|p2a: Ditto|Body Press|p1b: Dondozo\n|-damage|p1b: Dondozo|73\/100\n|move|p1b: Dondozo|Body Press|p2b: Incineroar\n|-supereffective|p2b: Incineroar\n|-damage|p2b: Incineroar|0 fnt\n|faint|p2b: Incineroar\n|\n|-heal|p1b: Dondozo|79\/100|[from] item: Leftovers\n|upkeep\n|\n|t:|1739043550\n|switch|p2b: Regidrago|Regidrago, L50|100\/100\n|turn|9\n|\n|t:|1739043555\n|move|p2b: Regidrago|Protect|p2b: Regidrago\n|-singleturn|p2b: Regidrago|Protect\n|move|p1b: Dondozo|Order Up|p2b: Regidrago\n|-activate|p2b: Regidrago|move: Protect\n|move|p2a: Ditto|Body Press|p1b: Dondozo\n|-damage|p1b: Dondozo|64\/100\n|\n|-heal|p1b: Dondozo|70\/100|[from] item: Leftovers\n|upkeep\n|turn|10\n|\n|t:|1739043570\n|move|p2a: Ditto|Body Press|p1b: Dondozo\n|-damage|p1b: Dondozo|54\/100\n|move|p1b: Dondozo|Order Up|p2b: Regidrago\n|-supereffective|p2b: Regidrago\n|-damage|p2b: Regidrago|49\/100\n|-boost|p1b: Dondozo|def|1\n|move|p2b: Regidrago|Draco Meteor|p1b: Dondozo\n|-crit|p1b: Dondozo\n|-damage|p1b: Dondozo|0 fnt\n|-unboost|p2b: Regidrago|spa|2\n|faint|p1b: Dondozo\n|\n|upkeep\n|turn|11\n|\n|t:|1739043590\n|move|p2a: Ditto|Order Up|p1a: Tatsugiri\n|-supereffective|p1a: Tatsugiri\n|-enditem|p1a: Tatsugiri|Focus Sash\n|-damage|p1a: Tatsugiri|1\/100\n|move|p1a: Tatsugiri|Muddy Water|p2a: Ditto|[spread] p2b\n|-miss|p1a: Tatsugiri|p2a: Ditto\n|-resisted|p2b: Regidrago\n|-damage|p2b: Regidrago|32\/100\n|-unboost|p2b: Regidrago|accuracy|1\n|move|p2b: Regidrago|Draco Meteor|p1a: Tatsugiri|[miss]\n|-miss|p2b: Regidrago|p1a: Tatsugiri\n|\n|upkeep\n|turn|12\n|-message|Micah122 forfeited.\n|\n|win|elvegis1\n|raw|Micah122's rating: 1556 &rarr; <strong>1539<\/strong><br \/>(-17 for losing)\n|raw|elvegis1's rating: 1601 &rarr; <strong>1618<\/strong><br \/>(+17 for winning)\n|l|\u2606Micah122\n|player|p1|\n|l|\u2606elvegis1\n|player|p2|\n","uploadtime":1739043801,"views":6,"formatid":"gen9vgc2025regg","rating":1539,"private":0,"password":null}