{"id":"gen9vgc2025regg-2296410725","format":"[Gen 9] VGC 2025 Reg G","players":["Gen3Sigma11","907vgc"],"log":"|j|\u2606Gen3Sigma11\n|j|\u2606907vgc\n|t:|1738959128\n|gametype|doubles\n|player|p1|Gen3Sigma11|101|1597\n|player|p2|907vgc|102|1549\n|teamsize|p1|6\n|teamsize|p2|6\n|gen|9\n|tier|[Gen 9] VGC 2025 Reg G\n|rated|\n|rule|Species Clause: Limit one of each Pok\u00e9mon\n|rule|Item Clause: Limit 1 of each item\n|clearpoke\n|poke|p1|Calyrex-Shadow, L50|\n|poke|p1|Mienshao, L50, F|\n|poke|p1|Clefairy, L50, F|\n|poke|p1|Tornadus, L50, M|\n|poke|p1|Flutter Mane, L50|\n|poke|p1|Chi-Yu, L50|\n|poke|p2|Tornadus, L50, M|\n|poke|p2|Urshifu-*, L50, F|\n|poke|p2|Eternatus, L50|\n|poke|p2|Rillaboom, L50, M|\n|poke|p2|Gholdengo, L50|\n|poke|p2|Umbreon, L50, F|\n|teampreview|4\n|inactive|Battle timer is ON: inactive players will automatically lose when time's up. (requested by Gen3Sigma11)\n|inactive|Gen3Sigma11 has 60 seconds left.\n|\n|t:|1738959161\n|start\n|switch|p1a: Calyrex|Calyrex-Shadow, L50|100\/100\n|switch|p1b: Mienshao|Mienshao, L50, F|100\/100\n|switch|p2a: Tornadus|Tornadus, L50, M|100\/100\n|switch|p2b: Eternatus|Eternatus, L50|100\/100\n|-ability|p1a: Calyrex|As One\n|-ability|p1a: Calyrex|Unnerve\n|-ability|p2b: Eternatus|Pressure\n|turn|1\n|\n|t:|1738959174\n|move|p1b: Mienshao|Fake Out|p2b: Eternatus\n|-damage|p2b: Eternatus|88\/100\n|move|p1a: Calyrex|Nasty Plot|p1a: Calyrex\n|-boost|p1a: Calyrex|spa|2\n|cant|p2b: Eternatus|flinch\n|move|p2a: Tornadus|Bleakwind Storm|p1b: Mienshao|[spread] p1a,p1b\n|-supereffective|p1b: Mienshao\n|-damage|p1a: Calyrex|70\/100\n|-enditem|p1b: Mienshao|Focus Sash\n|-damage|p1b: Mienshao|1\/100\n|\n|upkeep\n|turn|2\n|inactive|Gen3Sigma11 has 30 seconds left.\n|inactive|907vgc has 30 seconds left.\n|\n|t:|1738959207\n|switch|p1b: Tornadus|Tornadus, L50, M|100\/100\n|move|p1a: Calyrex|Protect|p1a: Calyrex\n|-singleturn|p1a: Calyrex|Protect\n|move|p2b: Eternatus|Protect|p2b: Eternatus\n|-singleturn|p2b: Eternatus|Protect\n|move|p2a: Tornadus|Tailwind|p2a: Tornadus\n|-sidestart|p2: 907vgc|move: Tailwind\n|\n|upkeep\n|turn|3\n|\n|t:|1738959222\n|move|p1b: Tornadus|Tailwind|p1b: Tornadus\n|-sidestart|p1: Gen3Sigma11|move: Tailwind\n|move|p1a: Calyrex|Astral Barrage|p2b: Eternatus|[spread] p2a,p2b\n|-damage|p2a: Tornadus|0 fnt\n|-damage|p2b: Eternatus|21\/100\n|faint|p2a: Tornadus\n|-ability|p1a: Calyrex|Grim Neigh|boost\n|-boost|p1a: Calyrex|spa|1\n|move|p2b: Eternatus|Meteor Beam||[still]\n|-prepare|p2b: Eternatus|Meteor Beam\n|-boost|p2b: Eternatus|spa|1\n|-enditem|p2b: Eternatus|Power Herb\n|-anim|p2b: Eternatus|Meteor Beam|p1b: Tornadus\n|-supereffective|p1b: Tornadus\n|-damage|p1b: Tornadus|0 fnt\n|faint|p1b: Tornadus\n|\n|upkeep\n|\n|t:|1738959236\n|switch|p2a: Gholdengo|Gholdengo, L50|100\/100\n|switch|p1b: Clefairy|Clefairy, L50, F|100\/100\n|turn|4\n|\n|t:|1738959250\n|-terastallize|p2a: Gholdengo|Steel\n|move|p1a: Calyrex|Protect|p1a: Calyrex\n|-singleturn|p1a: Calyrex|Protect\n|move|p2b: Eternatus|Protect|p2b: Eternatus\n|-singleturn|p2b: Eternatus|Protect\n|move|p1b: Clefairy|Protect|p1b: Clefairy\n|-singleturn|p1b: Clefairy|Protect\n|move|p2a: Gholdengo|Make It Rain|p1a: Calyrex|[spread] \n|-activate|p1a: Calyrex|move: Protect\n|-activate|p1b: Clefairy|move: Protect\n|\n|upkeep\n|turn|5\n|\n|t:|1738959271\n|move|p1b: Clefairy|Helping Hand|p1a: Calyrex\n|-singleturn|p1a: Calyrex|Helping Hand|[of] p1b: Clefairy\n|move|p2a: Gholdengo|Make It Rain|p1a: Calyrex|[spread] p1a,p1b\n|-supereffective|p1b: Clefairy\n|-damage|p1a: Calyrex|28\/100\n|-damage|p1b: Clefairy|0 fnt\n|-unboost|p2a: Gholdengo|spa|1\n|-enditem|p1a: Calyrex|Sitrus Berry|[eat]\n|-heal|p1a: Calyrex|53\/100|[from] item: Sitrus Berry\n|faint|p1b: Clefairy\n|move|p1a: Calyrex|Astral Barrage|p2a: Gholdengo|[spread] p2a,p2b\n|-damage|p2a: Gholdengo|0 fnt\n|-damage|p2b: Eternatus|0 fnt\n|faint|p2a: Gholdengo\n|faint|p2b: Eternatus\n|-ability|p1a: Calyrex|Grim Neigh|boost\n|-boost|p1a: Calyrex|spa|2\n|\n|-sideend|p2: 907vgc|move: Tailwind\n|upkeep\n|\n|t:|1738959279\n|switch|p2b: Urshifu|Urshifu-Rapid-Strike, L50, F|100\/100\n|switch|p1b: Mienshao|Mienshao, L50, F|1\/100\n|turn|6\n|\n|t:|1738959291\n|move|p2b: Urshifu|Detect|p2b: Urshifu\n|-singleturn|p2b: Urshifu|Protect\n|move|p1b: Mienshao|Fake Out|p2b: Urshifu\n|-activate|p2b: Urshifu|move: Protect\n|move|p1a: Calyrex|Draining Kiss|p2b: Urshifu\n|-activate|p2b: Urshifu|move: Protect\n|\n|-sideend|p1: Gen3Sigma11|move: Tailwind\n|upkeep\n|turn|7\n|\n|t:|1738959311\n|move|p2b: Urshifu|Aqua Jet|p1a: Calyrex\n|-damage|p1a: Calyrex|28\/100\n|-damage|p2b: Urshifu|91\/100|[from] item: Life Orb\n|move|p1a: Calyrex|Draining Kiss|p2b: Urshifu\n|-supereffective|p2b: Urshifu\n|-damage|p2b: Urshifu|0 fnt\n|-heal|p1a: Calyrex|88\/100|[from] drain|[of] p2b: Urshifu\n|faint|p2b: Urshifu\n|\n|win|Gen3Sigma11\n|raw|Gen3Sigma11's rating: 1597 &rarr; <strong>1614<\/strong><br \/>(+17 for winning)\n|raw|907vgc's rating: 1549 &rarr; <strong>1532<\/strong><br \/>(-17 for losing)\n|l|\u2606Gen3Sigma11\n|player|p1|\n","uploadtime":1738959527,"views":11,"formatid":"gen9vgc2025regg","rating":1532,"private":0,"password":null}