{"id":"gen9vgc2025regg-2296422207","format":"[Gen 9] VGC 2025 Reg G","players":["Sheevpeuic","GubbsVGC"],"log":"|j|\u2606Sheevpeuic\n|j|\u2606GubbsVGC\n|t:|1738960379\n|gametype|doubles\n|player|p1|Sheevpeuic|169|1586\n|player|p2|GubbsVGC|265|1522\n|teamsize|p1|6\n|teamsize|p2|6\n|gen|9\n|tier|[Gen 9] VGC 2025 Reg G\n|rated|\n|rule|Species Clause: Limit one of each Pok\u00e9mon\n|rule|Item Clause: Limit 1 of each item\n|clearpoke\n|poke|p1|Kyogre, L50|\n|poke|p1|Roaring Moon, L50|\n|poke|p1|Farigiraf, L50, F|\n|poke|p1|Iron Hands, L50|\n|poke|p1|Ogerpon-Wellspring, L50, F|\n|poke|p1|Landorus, L50, M|\n|poke|p2|Chien-Pao, L50|\n|poke|p2|Rillaboom, L50, M|\n|poke|p2|Zamazenta-*, L50|\n|poke|p2|Thundurus, L50, M|\n|poke|p2|Politoed, L50, F|\n|poke|p2|Sinistcha-Masterpiece, L50|\n|teampreview|4\n|\n|t:|1738960446\n|start\n|switch|p1a: Landorus|Landorus, L50, M|100\/100\n|switch|p1b: Ogerpon|Ogerpon-Wellspring, L50, F|100\/100\n|switch|p2a: Thundurus|Thundurus, L50, M|100\/100\n|switch|p2b: Chien-Pao|Chien-Pao, L50|100\/100\n|-ability|p2b: Chien-Pao|Sword of Ruin\n|turn|1\n|\n|t:|1738960464\n|move|p2b: Chien-Pao|Protect|p2b: Chien-Pao\n|-singleturn|p2b: Chien-Pao|Protect\n|move|p1b: Ogerpon|Follow Me|p1b: Ogerpon\n|-singleturn|p1b: Ogerpon|move: Follow Me\n|move|p2a: Thundurus|Thunder Wave|p1b: Ogerpon\n|-status|p1b: Ogerpon|par\n|move|p1a: Landorus|Earth Power|p2b: Chien-Pao\n|-activate|p2b: Chien-Pao|move: Protect\n|\n|upkeep\n|turn|2\n|\n|t:|1738960482\n|-terastallize|p1a: Landorus|Poison\n|move|p2b: Chien-Pao|Icicle Crash|p1a: Landorus\n|-crit|p1a: Landorus\n|-damage|p1a: Landorus|0 fnt\n|faint|p1a: Landorus\n|move|p2a: Thundurus|Wildbolt Storm|p1b: Ogerpon\n|-damage|p1b: Ogerpon|40\/100 par\n|cant|p1b: Ogerpon|par\n|\n|upkeep\n|\n|t:|1738960496\n|switch|p1a: Iron Hands|Iron Hands, L50|100\/100\n|turn|3\n|\n|t:|1738960513\n|switch|p2b: Rillaboom|Rillaboom, L50, M|100\/100\n|-fieldstart|move: Grassy Terrain|[from] ability: Grassy Surge|[of] p2b: Rillaboom\n|move|p1b: Ogerpon|Spiky Shield|p1b: Ogerpon\n|-singleturn|p1b: Ogerpon|move: Protect\n|move|p2a: Thundurus|Wildbolt Storm|p1a: Iron Hands|[spread] p1a\n|-activate|p1b: Ogerpon|move: Protect\n|-resisted|p1a: Iron Hands\n|-damage|p1a: Iron Hands|90\/100\n|move|p1a: Iron Hands|Drain Punch|p2b: Rillaboom\n|-damage|p2b: Rillaboom|60\/100\n|-heal|p1a: Iron Hands|100\/100|[from] drain|[of] p2b: Rillaboom\n|\n|-heal|p2b: Rillaboom|66\/100|[from] Grassy Terrain\n|-heal|p1b: Ogerpon|46\/100 par|[from] Grassy Terrain\n|upkeep\n|turn|4\n|\n|t:|1738960539\n|move|p2a: Thundurus|Wildbolt Storm|p1a: Iron Hands|[spread] p1a\n|-miss|p2a: Thundurus|p1b: Ogerpon\n|-resisted|p1a: Iron Hands\n|-damage|p1a: Iron Hands|89\/100\n|move|p2b: Rillaboom|Wood Hammer|p1a: Iron Hands\n|-damage|p1a: Iron Hands|40\/100\n|-damage|p2b: Rillaboom|45\/100|[from] Recoil\n|move|p1b: Ogerpon|Horn Leech|p2b: Rillaboom\n|-resisted|p2b: Rillaboom\n|-damage|p2b: Rillaboom|19\/100\n|-heal|p1b: Ogerpon|63\/100 par|[from] drain|[of] p2b: Rillaboom\n|move|p1a: Iron Hands|Drain Punch|p2b: Rillaboom\n|-damage|p2b: Rillaboom|0 fnt\n|-heal|p1a: Iron Hands|47\/100|[from] drain|[of] p2b: Rillaboom\n|faint|p2b: Rillaboom\n|\n|-heal|p1b: Ogerpon|69\/100 par|[from] Grassy Terrain\n|-heal|p1a: Iron Hands|53\/100|[from] Grassy Terrain\n|upkeep\n|\n|t:|1738960561\n|switch|p2b: Zamazenta|Zamazenta-Crowned, L50|100\/100\n|-ability|p2b: Zamazenta|Dauntless Shield|boost\n|-boost|p2b: Zamazenta|def|1\n|turn|5\n|\n|t:|1738960572\n|move|p2a: Thundurus|Wildbolt Storm|p1a: Iron Hands|[spread] p1b\n|-miss|p2a: Thundurus|p1a: Iron Hands\n|-damage|p1b: Ogerpon|28\/100 par\n|move|p2b: Zamazenta|Iron Defense|p2b: Zamazenta\n|-boost|p2b: Zamazenta|def|2\n|move|p1b: Ogerpon|Ivy Cudgel|p2a: Thundurus|[anim] Ivy Cudgel Water\n|-damage|p2a: Thundurus|35\/100\n|move|p1a: Iron Hands|Wild Charge|p2a: Thundurus\n|-damage|p2a: Thundurus|0 fnt\n|faint|p2a: Thundurus\n|-damage|p1a: Iron Hands|47\/100|[from] Recoil\n|\n|-heal|p1b: Ogerpon|34\/100 par|[from] Grassy Terrain\n|-heal|p1a: Iron Hands|53\/100|[from] Grassy Terrain\n|upkeep\n|\n|t:|1738960591\n|switch|p2a: Chien-Pao|Chien-Pao, L50|100\/100\n|-ability|p2a: Chien-Pao|Sword of Ruin\n|turn|6\n|\n|t:|1738960620\n|move|p1b: Ogerpon|Spiky Shield|p1b: Ogerpon\n|-singleturn|p1b: Ogerpon|move: Protect\n|move|p2a: Chien-Pao|Sacred Sword|p1a: Iron Hands\n|-damage|p1a: Iron Hands|28\/100\n|move|p2b: Zamazenta|Body Press|p1a: Iron Hands\n|-damage|p1a: Iron Hands|0 fnt\n|faint|p1a: Iron Hands\n|-end|p1a: Iron Hands|Quark Drive|[silent]\n|\n|-heal|p1b: Ogerpon|40\/100 par|[from] Grassy Terrain\n|upkeep\n|j| Salvato1902V\n|\n|t:|1738960627\n|switch|p1a: Kyogre|Kyogre, L50|100\/100\n|-weather|RainDance|[from] ability: Drizzle|[of] p1a: Kyogre\n|turn|7\n|\n|t:|1738960645\n|-terastallize|p2a: Chien-Pao|Stellar\n|move|p1b: Ogerpon|Follow Me|p1b: Ogerpon\n|-singleturn|p1b: Ogerpon|move: Follow Me\n|move|p2a: Chien-Pao|Sacred Sword|p1b: Ogerpon\n|-damage|p1b: Ogerpon|0 fnt\n|faint|p1b: Ogerpon\n|move|p2b: Zamazenta|Body Press|p1a: Kyogre\n|-damage|p1a: Kyogre|0 fnt\n|faint|p1a: Kyogre\n|\n|win|GubbsVGC\n|raw|Sheevpeuic's rating: 1586 &rarr; <strong>1562<\/strong><br \/>(-24 for losing)\n|raw|GubbsVGC's rating: 1522 &rarr; <strong>1546<\/strong><br \/>(+24 for winning)\n|l|\u2606GubbsVGC\n|player|p2|\n|l|\u2606Sheevpeuic\n|player|p1|\n|l| Salvato1902V\n","uploadtime":1738960911,"views":5,"formatid":"gen9vgc2025regg","rating":1546,"private":0,"password":null}