{"id":"gen9vgc2025regg-2296119952","format":"[Gen 9] VGC 2025 Reg G","players":["pokehys4","BorisJohnsonVGC"],"log":"|j|\u2606pokehys4\n|j|\u2606BorisJohnsonVGC\n|t:|1738926346\n|gametype|doubles\n|player|p1|pokehys4|2|1555\n|player|p2|BorisJohnsonVGC|lucas|1643\n|teamsize|p1|6\n|teamsize|p2|6\n|gen|9\n|tier|[Gen 9] VGC 2025 Reg G\n|rated|\n|rule|Species Clause: Limit one of each Pok\u00e9mon\n|rule|Item Clause: Limit 1 of each item\n|clearpoke\n|poke|p1|Ogerpon-Cornerstone, L50, F|\n|poke|p1|Raging Bolt, L50|\n|poke|p1|Chi-Yu, L50|\n|poke|p1|Flutter Mane, L50|\n|poke|p1|Koraidon, L50|\n|poke|p1|Ditto, L50|\n|poke|p2|Kyogre, L50|\n|poke|p2|Rillaboom, L50, F|\n|poke|p2|Incineroar, L50, M|\n|poke|p2|Urshifu-*, L50, M|\n|poke|p2|Amoonguss, L50, M|\n|poke|p2|Roaring Moon, L50|\n|teampreview|4\n|inactive|Battle timer is ON: inactive players will automatically lose when time's up. (requested by pokehys4)\n|j| Triple20\n|inactive|pokehys4 has 60 seconds left.\n|inactive|BorisJohnsonVGC has 60 seconds left.\n|\n|t:|1738926391\n|start\n|switch|p1a: Flutter Mane|Flutter Mane, L50|100\/100\n|switch|p1b: Koraidon|Koraidon, L50|100\/100\n|switch|p2a: Incineroar|Incineroar, L50, M|100\/100\n|switch|p2b: Amoonguss|Amoonguss, L50, M|100\/100\n|-weather|SunnyDay|[from] ability: Orichalcum Pulse|[of] p1b: Koraidon\n|-activate|p1a: Flutter Mane|ability: Protosynthesis\n|-start|p1a: Flutter Mane|protosynthesisspe\n|-activate|p1b: Koraidon|Orichalcum Pulse|[source]\n|-ability|p2a: Incineroar|Intimidate|boost\n|-unboost|p1a: Flutter Mane|atk|1\n|-fail|p1b: Koraidon|unboost|[from] item: Clear Amulet|[of] p1b: Koraidon\n|turn|1\n|\n|t:|1738926406\n|move|p1a: Flutter Mane|Protect|p1a: Flutter Mane\n|-singleturn|p1a: Flutter Mane|Protect\n|move|p1b: Koraidon|Protect|p1b: Koraidon\n|-singleturn|p1b: Koraidon|Protect\n|move|p2a: Incineroar|Fake Out|p1b: Koraidon\n|-activate|p1b: Koraidon|move: Protect\n|move|p2b: Amoonguss|Spore|p1a: Flutter Mane\n|-activate|p1a: Flutter Mane|move: Protect\n|\n|-weather|SunnyDay|[upkeep]\n|upkeep\n|turn|2\n|\n|t:|1738926425\n|switch|p2a: Kyogre|Kyogre, L50|100\/100\n|-weather|RainDance|[from] ability: Drizzle|[of] p2a: Kyogre\n|-end|p1a: Flutter Mane|Protosynthesis\n|-enditem|p1a: Flutter Mane|Booster Energy\n|-activate|p1a: Flutter Mane|ability: Protosynthesis|[fromitem]\n|-start|p1a: Flutter Mane|protosynthesisspe\n|-terastallize|p1b: Koraidon|Fire\n|move|p1a: Flutter Mane|Moonblast|p2b: Amoonguss\n|-resisted|p2b: Amoonguss\n|-damage|p2b: Amoonguss|81\/100\n|move|p1b: Koraidon|Flare Blitz|p2b: Amoonguss\n|-supereffective|p2b: Amoonguss\n|-damage|p2b: Amoonguss|31\/100\n|-damage|p1b: Koraidon|84\/100|[from] item: Rocky Helmet|[of] p2b: Amoonguss\n|-damage|p1b: Koraidon|66\/100|[from] Recoil\n|move|p2b: Amoonguss|Pollen Puff|p2a: Kyogre\n|-immune|p2a: Kyogre\n|\n|-weather|RainDance|[upkeep]\n|upkeep\n|turn|3\n|\n|t:|1738926442\n|switch|p2b: Incineroar|Incineroar, L50, M|100\/100\n|-ability|p2b: Incineroar|Intimidate|boost\n|-unboost|p1a: Flutter Mane|atk|1\n|-fail|p1b: Koraidon|unboost|[from] item: Clear Amulet|[of] p1b: Koraidon\n|move|p1a: Flutter Mane|Sunny Day|p1a: Flutter Mane\n|-weather|SunnyDay\n|move|p1b: Koraidon|Flame Charge|p2b: Incineroar\n|-resisted|p2b: Incineroar\n|-damage|p2b: Incineroar|68\/100\n|-boost|p1b: Koraidon|spe|1\n|move|p2a: Kyogre|Origin Pulse|p1a: Flutter Mane|[spread] p1a,p1b\n|-supereffective|p1b: Koraidon\n|-damage|p1a: Flutter Mane|83\/100\n|-damage|p1b: Koraidon|31\/100\n|\n|-weather|SunnyDay|[upkeep]\n|upkeep\n|turn|4\n|\n|t:|1738926459\n|move|p1b: Koraidon|Protect|p1b: Koraidon\n|-singleturn|p1b: Koraidon|Protect\n|move|p2b: Incineroar|Fake Out|p1b: Koraidon\n|-activate|p1b: Koraidon|move: Protect\n|move|p1a: Flutter Mane|Moonblast|p2a: Kyogre\n|-crit|p2a: Kyogre\n|-damage|p2a: Kyogre|54\/100\n|move|p2a: Kyogre|Calm Mind|p2a: Kyogre\n|-boost|p2a: Kyogre|spa|1\n|-boost|p2a: Kyogre|spd|1\n|\n|-weather|SunnyDay|[upkeep]\n|-heal|p2a: Kyogre|60\/100|[from] item: Leftovers\n|upkeep\n|turn|5\n|\n|t:|1738926484\n|move|p2a: Kyogre|Protect|p2a: Kyogre\n|-singleturn|p2a: Kyogre|Protect\n|move|p1a: Flutter Mane|Moonblast|p2a: Kyogre\n|-activate|p2a: Kyogre|move: Protect\n|move|p1b: Koraidon|Collision Course|p2b: Incineroar\n|-supereffective|p2b: Incineroar\n|-damage|p2b: Incineroar|0 fnt\n|faint|p2b: Incineroar\n|\n|-weather|SunnyDay|[upkeep]\n|-heal|p2a: Kyogre|66\/100|[from] item: Leftovers\n|upkeep\n|\n|t:|1738926495\n|switch|p2b: Amoonguss|Amoonguss, L50, M|64\/100\n|turn|6\n|l| Triple20\n|inactive|pokehys4 has 30 seconds left.\n|\n|t:|1738926522\n|move|p1a: Flutter Mane|Protect|p1a: Flutter Mane\n|-singleturn|p1a: Flutter Mane|Protect\n|move|p2b: Amoonguss|Rage Powder|p2b: Amoonguss\n|-singleturn|p2b: Amoonguss|move: Rage Powder\n|move|p1b: Koraidon|Flame Charge|p2b: Amoonguss\n|-supereffective|p2b: Amoonguss\n|-damage|p2b: Amoonguss|0 fnt\n|-boost|p1b: Koraidon|spe|1\n|-damage|p1b: Koraidon|15\/100|[from] item: Rocky Helmet|[of] p2b: Amoonguss\n|faint|p2b: Amoonguss\n|move|p2a: Kyogre|Origin Pulse|p1b: Koraidon|[spread] p1b\n|-activate|p1a: Flutter Mane|move: Protect\n|-supereffective|p1b: Koraidon\n|-damage|p1b: Koraidon|0 fnt\n|faint|p1b: Koraidon\n|\n|-weather|SunnyDay|[upkeep]\n|-heal|p2a: Kyogre|72\/100|[from] item: Leftovers\n|upkeep\n|\n|t:|1738926538\n|switch|p1b: Chi-Yu|Chi-Yu, L50|100\/100\n|switch|p2b: Roaring Moon|Roaring Moon, L50|100\/100\n|-ability|p1b: Chi-Yu|Beads of Ruin\n|-activate|p2b: Roaring Moon|ability: Protosynthesis\n|-start|p2b: Roaring Moon|protosynthesisspe\n|turn|7\n|j| Jasper2452\n|inactive|pokehys4 has 30 seconds left.\n|inactive|BorisJohnsonVGC has 30 seconds left.\n|inactive|BorisJohnsonVGC has 20 seconds left.\n|inactive|BorisJohnsonVGC has 15 seconds left.\n|inactive|BorisJohnsonVGC has 10 seconds left.\n|inactive|BorisJohnsonVGC has 5 seconds left.\n|\n|t:|1738926593\n|move|p1a: Flutter Mane|Moonblast|p2b: Roaring Moon\n|-supereffective|p2b: Roaring Moon\n|-damage|p2b: Roaring Moon|0 fnt\n|faint|p2b: Roaring Moon\n|-end|p2b: Roaring Moon|Protosynthesis|[silent]\n|move|p1b: Chi-Yu|Heat Wave|p2a: Kyogre\n|-resisted|p2a: Kyogre\n|-damage|p2a: Kyogre|51\/100\n|move|p2a: Kyogre|Origin Pulse|p1b: Chi-Yu|[spread] p1a,p1b\n|-crit|p1a: Flutter Mane\n|-supereffective|p1b: Chi-Yu\n|-damage|p1a: Flutter Mane|26\/100\n|-damage|p1b: Chi-Yu|40\/100\n|\n|-weather|none\n|-heal|p2a: Kyogre|57\/100|[from] item: Leftovers\n|upkeep\n|turn|8\n|inactive|pokehys4 has 30 seconds left.\n|inactive|BorisJohnsonVGC has 30 seconds left.\n|inactive|BorisJohnsonVGC has 20 seconds left.\n|inactive|BorisJohnsonVGC has 15 seconds left.\n|inactive|BorisJohnsonVGC has 10 seconds left.\n|inactive|BorisJohnsonVGC has 5 seconds left.\n|\n|t:|1738926648\n|move|p1a: Flutter Mane|Moonblast|p2a: Kyogre\n|-damage|p2a: Kyogre|32\/100\n|move|p1b: Chi-Yu|Snarl|p2a: Kyogre\n|-damage|p2a: Kyogre|15\/100\n|-unboost|p2a: Kyogre|spa|1\n|move|p2a: Kyogre|Origin Pulse|p1a: Flutter Mane|[spread] p1a,p1b\n|-supereffective|p1b: Chi-Yu\n|-damage|p1a: Flutter Mane|0 fnt\n|-damage|p1b: Chi-Yu|0 fnt\n|faint|p1a: Flutter Mane\n|-end|p1a: Flutter Mane|Protosynthesis|[silent]\n|faint|p1b: Chi-Yu\n|\n|-heal|p2a: Kyogre|21\/100|[from] item: Leftovers\n|upkeep\n|\n|t:|1738926661\n|switch|p1b: Ogerpon|Ogerpon-Cornerstone, L50, F|100\/100\n|turn|9\n|inactive|BorisJohnsonVGC has 30 seconds left.\n|inactive|BorisJohnsonVGC has 20 seconds left.\n|inactive|BorisJohnsonVGC has 15 seconds left.\n|inactive|BorisJohnsonVGC has 10 seconds left.\n|inactive|BorisJohnsonVGC has 5 seconds left.\n|\n|t:|1738926716\n|move|p1b: Ogerpon|Ivy Cudgel|p2a: Kyogre|[anim] Ivy Cudgel Rock\n|-damage|p2a: Kyogre|0 fnt\n|faint|p2a: Kyogre\n|\n|win|pokehys4\n|raw|pokehys4's rating: 1555 &rarr; <strong>1580<\/strong><br \/>(+25 for winning)\n|raw|BorisJohnsonVGC's rating: 1643 &rarr; <strong>1618<\/strong><br \/>(-25 for losing)\n|l| Jasper2452\n|l|\u2606BorisJohnsonVGC\n|player|p2|\n|l|\u2606pokehys4\n|player|p1|\n","uploadtime":1738926882,"views":7,"formatid":"gen9vgc2025regg","rating":1580,"private":0,"password":null}