{"id":"gen9vgc2025regg-2296177415","format":"[Gen 9] VGC 2025 Reg G","players":["cobalt_poke","TurnAGaming"],"log":"|j|\u2606cobalt_poke\n|j|\u2606TurnAGaming\n|t:|1738935048\n|gametype|doubles\n|player|p1|cobalt_poke|170|1655\n|player|p2|TurnAGaming|drayden|1592\n|teamsize|p1|6\n|teamsize|p2|6\n|gen|9\n|tier|[Gen 9] VGC 2025 Reg G\n|rated|\n|rule|Species Clause: Limit one of each Pok\u00e9mon\n|rule|Item Clause: Limit 1 of each item\n|clearpoke\n|poke|p1|Weezing-Galar, L50, F|\n|poke|p1|Calyrex-Shadow, L50|\n|poke|p1|Dondozo, L50, F|\n|poke|p1|Tatsugiri, L50, M|\n|poke|p1|Incineroar, L50, F|\n|poke|p1|Roaring Moon, L50|\n|poke|p2|Zamazenta-*, L50|\n|poke|p2|Umbreon, L50, M|\n|poke|p2|Chien-Pao, L50|\n|poke|p2|Urshifu-*, L50, F|\n|poke|p2|Flutter Mane, L50|\n|poke|p2|Ogerpon-Hearthflame, L50, F|\n|teampreview|4\n|\n|t:|1738935078\n|start\n|switch|p1a: Weezing|Weezing-Galar, L50, F|100\/100\n|switch|p1b: Incineroar|Incineroar, L50, F|100\/100\n|switch|p2a: Umbreon|Umbreon, L50, M, shiny|100\/100\n|switch|p2b: Zamazenta|Zamazenta-Crowned, L50|100\/100\n|-ability|p1a: Weezing|Neutralizing Gas\n|-block|p1b: Incineroar|item: Ability Shield\n|-ability|p1b: Incineroar|Intimidate|boost\n|-unboost|p2a: Umbreon|atk|1\n|-unboost|p2b: Zamazenta|atk|1\n|turn|1\n|\n|t:|1738935100\n|move|p1b: Incineroar|Fake Out|p2b: Zamazenta\n|-resisted|p2b: Zamazenta\n|-damage|p2b: Zamazenta|97\/100\n|cant|p2b: Zamazenta|flinch\n|move|p2a: Umbreon|Taunt|p1a: Weezing\n|-start|p1a: Weezing|move: Taunt\n|cant|p1a: Weezing|move: Taunt|Toxic Spikes\n|\n|upkeep\n|turn|2\n|\n|t:|1738935116\n|-end|p1a: Weezing|ability: Neutralizing Gas\n|-ability|p2b: Zamazenta|Dauntless Shield|boost\n|-boost|p2b: Zamazenta|def|1\n|switch|p1a: Dondozo|Dondozo, L50, F|100\/100\n|-terastallize|p1b: Incineroar|Ghost\n|move|p2b: Zamazenta|Body Press|p1b: Incineroar\n|-immune|p1b: Incineroar\n|move|p1b: Incineroar|Will-O-Wisp|p2b: Zamazenta\n|-status|p2b: Zamazenta|brn\n|move|p2a: Umbreon|Yawn|p1a: Dondozo\n|-start|p1a: Dondozo|move: Yawn|[of] p2a: Umbreon\n|\n|-damage|p2b: Zamazenta|91\/100 brn|[from] brn\n|upkeep\n|turn|3\n|l|\u2606cobalt_poke\n|player|p1|\n|j|\u2606cobalt_poke\n|player|p1|cobalt_poke|170|\n|inactive|Battle timer is ON: inactive players will automatically lose when time's up. (requested by TurnAGaming)\n|\n|t:|1738935157\n|switch|p1a: Weezing|Weezing-Galar, L50, F|100\/100\n|-ability|p1a: Weezing|Neutralizing Gas\n|-block|p1b: Incineroar|item: Ability Shield\n|move|p2b: Zamazenta|Body Press|p1a: Weezing\n|-resisted|p1a: Weezing\n|-damage|p1a: Weezing|93\/100\n|move|p1b: Incineroar|Parting Shot|p2a: Umbreon\n|-unboost|p2a: Umbreon|atk|1\n|-unboost|p2a: Umbreon|spa|1\n|\n|t:|1738935169\n|switch|p1b: Dondozo|Dondozo, L50, F|100\/100|[from] Parting Shot\n|move|p2a: Umbreon|Foul Play|p1b: Dondozo\n|-damage|p1b: Dondozo|72\/100\n|\n|-heal|p1b: Dondozo|79\/100|[from] item: Leftovers\n|-damage|p2b: Zamazenta|85\/100 brn|[from] brn\n|upkeep\n|turn|4\n|\n|t:|1738935182\n|move|p2b: Zamazenta|Body Press|p1b: Dondozo\n|-crit|p1b: Dondozo\n|-damage|p1b: Dondozo|43\/100\n|move|p2a: Umbreon|Taunt|p1a: Weezing\n|-start|p1a: Weezing|move: Taunt\n|move|p1a: Weezing|Strange Steam|p2a: Umbreon\n|-supereffective|p2a: Umbreon\n|-damage|p2a: Umbreon|67\/100\n|move|p1b: Dondozo|Wave Crash|p2a: Umbreon\n|-damage|p2a: Umbreon|33\/100\n|-damage|p1b: Dondozo|34\/100|[from] Recoil\n|\n|-heal|p2a: Umbreon|39\/100|[from] item: Leftovers\n|-heal|p1b: Dondozo|41\/100|[from] item: Leftovers\n|-damage|p2b: Zamazenta|79\/100 brn|[from] brn\n|upkeep\n|turn|5\n|\n|t:|1738935198\n|switch|p1b: Calyrex|Calyrex-Shadow, L50|100\/100\n|-ability|p1b: Calyrex|As One\n|-ability|p1b: Calyrex|Unnerve\n|-terastallize|p2a: Umbreon|Grass\n|move|p2b: Zamazenta|Body Press|p1a: Weezing\n|-resisted|p1a: Weezing\n|-damage|p1a: Weezing|85\/100\n|move|p2a: Umbreon|Yawn|p1b: Calyrex\n|-start|p1b: Calyrex|move: Yawn|[of] p2a: Umbreon\n|move|p1a: Weezing|Strange Steam|p2a: Umbreon\n|-damage|p2a: Umbreon|20\/100\n|\n|-heal|p2a: Umbreon|26\/100|[from] item: Leftovers\n|-damage|p2b: Zamazenta|73\/100 brn|[from] brn\n|upkeep\n|turn|6\n|\n|t:|1738935218\n|switch|p1b: Dondozo|Dondozo, L50, F|41\/100\n|switch|p2a: Flutter Mane|Flutter Mane, L50, shiny|100\/100\n|move|p2b: Zamazenta|Behemoth Bash|p1a: Weezing\n|-supereffective|p1a: Weezing\n|-damage|p1a: Weezing|60\/100\n|move|p1a: Weezing|Strange Steam|p2a: Flutter Mane\n|-damage|p2a: Flutter Mane|75\/100\n|\n|-heal|p1b: Dondozo|47\/100|[from] item: Leftovers\n|-damage|p2b: Zamazenta|67\/100 brn|[from] brn\n|-end|p1a: Weezing|move: Taunt\n|upkeep\n|turn|7\n|\n|t:|1738935234\n|move|p2a: Flutter Mane|Shadow Ball|p1a: Weezing\n|-damage|p1a: Weezing|24\/100\n|-enditem|p1a: Weezing|Sitrus Berry|[eat]\n|-heal|p1a: Weezing|49\/100|[from] item: Sitrus Berry\n|move|p2b: Zamazenta|Behemoth Bash|p1a: Weezing\n|-supereffective|p1a: Weezing\n|-crit|p1a: Weezing\n|-damage|p1a: Weezing|0 fnt\n|faint|p1a: Weezing\n|-end|p1a: Weezing|ability: Neutralizing Gas\n|-enditem|p2a: Flutter Mane|Booster Energy\n|-activate|p2a: Flutter Mane|ability: Protosynthesis|[fromitem]\n|-start|p2a: Flutter Mane|protosynthesisspe\n|move|p1b: Dondozo|Wave Crash|p2a: Flutter Mane\n|-damage|p2a: Flutter Mane|0 fnt\n|faint|p2a: Flutter Mane\n|-end|p2a: Flutter Mane|Protosynthesis|[silent]\n|-damage|p1b: Dondozo|33\/100|[from] Recoil\n|\n|-heal|p1b: Dondozo|39\/100|[from] item: Leftovers\n|-damage|p2b: Zamazenta|60\/100 brn|[from] brn\n|upkeep\n|l|\u2606cobalt_poke\n|inactive|cobalt_poke disconnected and has a minute to reconnect!\n|player|p1|\n|j|\u2606cobalt_poke\n|inactive|cobalt_poke reconnected and has 40 seconds left.\n|player|p1|cobalt_poke|170|\n|\n|t:|1738935255\n|switch|p2a: Chien-Pao|Chien-Pao, L50|100\/100\n|switch|p1a: Calyrex|Calyrex-Shadow, L50|100\/100\n|-ability|p1a: Calyrex|As One\n|-ability|p1a: Calyrex|Unnerve\n|-ability|p2a: Chien-Pao|Sword of Ruin\n|turn|8\n|inactive|TurnAGaming has 30 seconds left.\n|inactive|TurnAGaming has 20 seconds left.\n|inactive|TurnAGaming has 15 seconds left.\n|inactive|TurnAGaming has 10 seconds left.\n|inactive|TurnAGaming has 5 seconds left.\n|\n|t:|1738935307\n|switch|p1a: Incineroar|Incineroar, L50, F, tera:Ghost|100\/100\n|-ability|p1a: Incineroar|Intimidate|boost\n|-unboost|p2a: Chien-Pao|atk|1\n|-unboost|p2b: Zamazenta|atk|1\n|move|p2a: Chien-Pao|Sucker Punch|p1b: Dondozo\n|-damage|p1b: Dondozo|11\/100\n|move|p2b: Zamazenta|Body Press|p1b: Dondozo\n|-damage|p1b: Dondozo|0 fnt\n|faint|p1b: Dondozo\n|\n|-damage|p2b: Zamazenta|54\/100 brn|[from] brn\n|upkeep\n|\n|t:|1738935317\n|switch|p1b: Calyrex|Calyrex-Shadow, L50|100\/100\n|-ability|p1b: Calyrex|As One\n|-ability|p1b: Calyrex|Unnerve\n|turn|9\n|\n|t:|1738935324\n|switch|p2a: Umbreon|Umbreon, L50, M, shiny, tera:Grass|26\/100\n|move|p2b: Zamazenta|Wide Guard|p2b: Zamazenta\n|-singleturn|p2b: Zamazenta|Wide Guard\n|move|p1a: Incineroar|Fake Out|p2a: Umbreon\n|-damage|p2a: Umbreon|19\/100\n|move|p1b: Calyrex|Astral Barrage|p2a: Umbreon|[spread] \n|-activate|p2a: Umbreon|move: Wide Guard\n|-activate|p2b: Zamazenta|move: Wide Guard\n|\n|-heal|p2a: Umbreon|25\/100|[from] item: Leftovers\n|-damage|p2b: Zamazenta|48\/100 brn|[from] brn\n|upkeep\n|turn|10\n|-message|cobalt_poke forfeited.\n|\n|win|TurnAGaming\n|raw|cobalt_poke's rating: 1655 &rarr; <strong>1631<\/strong><br \/>(-24 for losing)\n|raw|TurnAGaming's rating: 1592 &rarr; <strong>1616<\/strong><br \/>(+24 for winning)\n|l|\u2606cobalt_poke\n|player|p1|\n|l|\u2606TurnAGaming\n|player|p2|\n","uploadtime":1738935554,"views":27,"formatid":"gen9vgc2025regg","rating":1616,"private":0,"password":null}