{"id":"gen9vgc2025regg-2296139546","format":"[Gen 9] VGC 2025 Reg G","players":["lichuvgc","Realfrytki"],"log":"|j|\u2606lichuvgc\n|j|\u2606Realfrytki\n|t:|1738929633\n|gametype|doubles\n|player|p1|lichuvgc|265|1674\n|player|p2|Realfrytki|veteranf|1567\n|teamsize|p1|6\n|teamsize|p2|6\n|gen|9\n|tier|[Gen 9] VGC 2025 Reg G\n|rated|\n|rule|Species Clause: Limit one of each Pok\u00e9mon\n|rule|Item Clause: Limit 1 of each item\n|clearpoke\n|poke|p1|Calyrex-Ice, L50|\n|poke|p1|Urshifu-*, L50, M|\n|poke|p1|Smeargle, L50, M|\n|poke|p1|Farigiraf, L50, F|\n|poke|p1|Ursaluna-Bloodmoon, L50, M|\n|poke|p1|Torkoal, L50, F|\n|poke|p2|Terapagos, L50, M|\n|poke|p2|Smeargle, L50, F|\n|poke|p2|Ogerpon-Hearthflame, L50, F|\n|poke|p2|Tornadus, L50, M|\n|poke|p2|Dondozo, L50, F|\n|poke|p2|Tatsugiri-Droopy, L50, F|\n|teampreview|4\n|\n|t:|1738929653\n|start\n|switch|p1a: Smeargle|Smeargle, L50, M|100\/100\n|switch|p1b: Farigiraf|Farigiraf, L50, F|100\/100\n|switch|p2a: Terapagos|Terapagos, L50, M|100\/100\n|switch|p2b: Smeargle|Smeargle, L50, F|100\/100\n|-activate|p2a: Terapagos|ability: Tera Shift\n|detailschange|p2a: Terapagos|Terapagos-Terastal, L50, M\n|-heal|p2a: Terapagos|100\/100|[silent]\n|turn|1\n|\n|t:|1738929680\n|-terastallize|p2a: Terapagos|Stellar\n|detailschange|p2a: Terapagos|Terapagos-Stellar, L50, M, tera:Stellar\n|-heal|p2a: Terapagos|100\/100|[silent]\n|move|p1a: Smeargle|Fake Out|p2a: Terapagos\n|-damage|p2a: Terapagos|97\/100\n|move|p2b: Smeargle|Follow Me|p2b: Smeargle\n|-singleturn|p2b: Smeargle|move: Follow Me\n|cant|p2a: Terapagos|flinch\n|move|p1b: Farigiraf|Trick Room|p1b: Farigiraf\n|-fieldstart|move: Trick Room|[of] p1b: Farigiraf\n|\n|-ability|p1a: Smeargle|Moody|boost\n|-boost|p1a: Smeargle|atk|2\n|-unboost|p1a: Smeargle|spd|1\n|-enditem|p1a: Smeargle|Eject Pack\n|-ability|p2b: Smeargle|Moody|boost\n|-boost|p2b: Smeargle|spd|2\n|-unboost|p2b: Smeargle|atk|1\n|upkeep\n|\n|t:|1738929697\n|switch|p1a: Calyrex|Calyrex-Ice, L50|100\/100\n|-ability|p1a: Calyrex|As One\n|-ability|p1a: Calyrex|Unnerve\n|turn|2\n|\n|t:|1738929718\n|move|p1a: Calyrex|Bullet Seed|p2b: Smeargle\n|-damage|p2b: Smeargle|78\/100\n|-damage|p2b: Smeargle|56\/100\n|-damage|p2b: Smeargle|34\/100\n|-damage|p2b: Smeargle|14\/100\n|-hitcount|p2b: Smeargle|4\n|move|p1b: Farigiraf|Foul Play|p2a: Terapagos\n|-damage|p2a: Terapagos|84\/100\n|move|p2a: Terapagos|Tera Starstorm|p1a: Calyrex|[spread] p1a,p1b\n|-damage|p1a: Calyrex|60\/100\n|-damage|p1b: Farigiraf|48\/100\n|move|p2b: Smeargle|Spore|p1a: Calyrex\n|-status|p1a: Calyrex|slp|[from] move: Spore\n|\n|-ability|p2b: Smeargle|Moody|boost\n|-boost|p2b: Smeargle|atk|2\n|-unboost|p2b: Smeargle|spd|1\n|upkeep\n|turn|3\n|\n|t:|1738929739\n|cant|p1a: Calyrex|slp\n|move|p1b: Farigiraf|Foul Play|p2b: Smeargle\n|-damage|p2b: Smeargle|0 fnt\n|faint|p2b: Smeargle\n|move|p2a: Terapagos|Tera Starstorm|p1b: Farigiraf|[spread] p1a,p1b\n|-damage|p1a: Calyrex|16\/100 slp\n|-damage|p1b: Farigiraf|2\/100\n|\n|upkeep\n|\n|t:|1738929749\n|switch|p2b: Dondozo|Dondozo, L50, F|100\/100\n|turn|4\n|\n|t:|1738929760\n|-curestatus|p1a: Calyrex|slp|[msg]\n|move|p1a: Calyrex|Protect|p1a: Calyrex\n|-singleturn|p1a: Calyrex|Protect\n|move|p2b: Dondozo|Protect|p2b: Dondozo\n|-singleturn|p2b: Dondozo|Protect\n|move|p1b: Farigiraf|Foul Play|p2b: Dondozo\n|-activate|p2b: Dondozo|move: Protect\n|move|p2a: Terapagos|Tera Starstorm|p1a: Calyrex|[spread] p1b\n|-activate|p1a: Calyrex|move: Protect\n|-damage|p1b: Farigiraf|0 fnt\n|faint|p1b: Farigiraf\n|\n|upkeep\n|\n|t:|1738929786\n|switch|p1b: Smeargle|Smeargle, L50, M|100\/100\n|turn|5\n|\n|t:|1738929795\n|switch|p2a: Tatsugiri|Tatsugiri-Droopy, L50, F|100\/100\n|-activate|p2a: Tatsugiri|ability: Commander|[of] p2b: Dondozo\n|-boost|p2b: Dondozo|atk|2\n|-boost|p2b: Dondozo|spa|2\n|-boost|p2b: Dondozo|spe|2\n|-boost|p2b: Dondozo|def|2\n|-boost|p2b: Dondozo|spd|2\n|-terastallize|p1a: Calyrex|Grass\n|move|p1a: Calyrex|Bullet Seed|p2b: Dondozo\n|-supereffective|p2b: Dondozo\n|-damage|p2b: Dondozo|93\/100\n|-supereffective|p2b: Dondozo\n|-damage|p2b: Dondozo|85\/100\n|-supereffective|p2b: Dondozo\n|-damage|p2b: Dondozo|77\/100\n|-supereffective|p2b: Dondozo\n|-damage|p2b: Dondozo|69\/100\n|-hitcount|p2b: Dondozo|4\n|move|p1b: Smeargle|Spore|p2a: Tatsugiri|[miss]\n|-miss|p1b: Smeargle|p2a: Tatsugiri\n|move|p2b: Dondozo|Body Press|p1a: Calyrex\n|-damage|p1a: Calyrex|0 fnt\n|faint|p1a: Calyrex\n|\n|-heal|p2b: Dondozo|75\/100|[from] item: Leftovers\n|-fieldend|move: Trick Room\n|-ability|p1b: Smeargle|Moody|boost\n|-boost|p1b: Smeargle|atk|2\n|-unboost|p1b: Smeargle|def|1\n|upkeep\n|\n|t:|1738929818\n|switch|p1a: Urshifu|Urshifu, L50, M|100\/100\n|turn|6\n|\n|t:|1738929837\n|move|p2b: Dondozo|Body Press|p1a: Urshifu\n|-supereffective|p1a: Urshifu\n|-damage|p1a: Urshifu|0 fnt\n|faint|p1a: Urshifu\n|move|p1b: Smeargle|Spore|p2b: Dondozo\n|-status|p2b: Dondozo|slp|[from] move: Spore\n|\n|-heal|p2b: Dondozo|81\/100 slp|[from] item: Leftovers\n|-ability|p1b: Smeargle|Moody|boost\n|-boost|p1b: Smeargle|spa|2\n|-unboost|p1b: Smeargle|def|1\n|upkeep\n|turn|7\n|-message|lichuvgc forfeited.\n|\n|win|Realfrytki\n|raw|lichuvgc's rating: 1674 &rarr; <strong>1648<\/strong><br \/>(-26 for losing)\n|raw|Realfrytki's rating: 1567 &rarr; <strong>1593<\/strong><br \/>(+26 for winning)\n|l|\u2606lichuvgc\n|player|p1|\n|l|\u2606Realfrytki\n|player|p2|\n","uploadtime":1738930023,"views":6,"formatid":"gen9vgc2025regg","rating":1593,"private":0,"password":null}