{"id":"gen9vgc2025regg-2296231067","format":"[Gen 9] VGC 2025 Reg G","players":["qunqun24","kd-vgc711"],"log":"|j|\u2606qunqun24\n|j|\u2606kd-vgc711\n|t:|1738941178\n|gametype|doubles\n|player|p1|qunqun24|102|1543\n|player|p2|kd-vgc711|266|1609\n|teamsize|p1|6\n|teamsize|p2|6\n|gen|9\n|tier|[Gen 9] VGC 2025 Reg G\n|rated|\n|rule|Species Clause: Limit one of each Pok\u00e9mon\n|rule|Item Clause: Limit 1 of each item\n|clearpoke\n|poke|p1|Calyrex-Shadow, L50|\n|poke|p1|Ting-Lu, L50|\n|poke|p1|Dondozo, L50, F|\n|poke|p1|Urshifu-*, L50, M|\n|poke|p1|Ogerpon-Hearthflame, L50, F|\n|poke|p1|Whimsicott, L50, M|\n|poke|p2|Whimsicott, L50, M|\n|poke|p2|Entei, L50|\n|poke|p2|Flutter Mane, L50|\n|poke|p2|Groudon, L50|\n|poke|p2|Raging Bolt, L50|\n|poke|p2|Chi-Yu, L50|\n|teampreview|4\n|inactive|Battle timer is ON: inactive players will automatically lose when time's up. (requested by qunqun24)\n|\n|t:|1738941208\n|start\n|switch|p1a: Dondozo|Dondozo, L50, F|100\/100\n|switch|p1b: Ting-Lu|Ting-Lu, L50|100\/100\n|switch|p2a: Chi-Yu|Chi-Yu, L50|100\/100\n|switch|p2b: Flutter Mane|Flutter Mane, L50, shiny|100\/100\n|-ability|p2a: Chi-Yu|Beads of Ruin\n|-ability|p1b: Ting-Lu|Vessel of Ruin\n|turn|1\n|inactive|qunqun24 has 30 seconds left.\n|inactive|kd-vgc711 has 30 seconds left.\n|\n|t:|1738941243\n|-terastallize|p2b: Flutter Mane|Fairy\n|-terastallize|p1b: Ting-Lu|Fairy\n|move|p2a: Chi-Yu|Overheat|p1b: Ting-Lu|[miss]\n|-miss|p2a: Chi-Yu|p1b: Ting-Lu\n|move|p2b: Flutter Mane|Moonblast|p1b: Ting-Lu\n|-damage|p1b: Ting-Lu|32\/100\n|move|p1b: Ting-Lu|Stealth Rock|p2a: Chi-Yu\n|-sidestart|p2: kd-vgc711|move: Stealth Rock\n|move|p1a: Dondozo|Yawn|p2a: Chi-Yu\n|-start|p2a: Chi-Yu|move: Yawn|[of] p1a: Dondozo\n|\n|upkeep\n|turn|2\n|\n|t:|1738941259\n|switch|p2a: Groudon|Groudon, L50, shiny|100\/100\n|-damage|p2a: Groudon|95\/100|[from] Stealth Rock\n|-weather|SunnyDay|[from] ability: Drought|[of] p2a: Groudon\n|-activate|p2b: Flutter Mane|ability: Protosynthesis\n|-start|p2b: Flutter Mane|protosynthesisspe\n|move|p2b: Flutter Mane|Moonblast|p1a: Dondozo\n|-damage|p1a: Dondozo|47\/100\n|move|p1b: Ting-Lu|Ruination|p2a: Groudon\n|-damage|p2a: Groudon|48\/100\n|move|p1a: Dondozo|Yawn|p2b: Flutter Mane\n|-start|p2b: Flutter Mane|move: Yawn|[of] p1a: Dondozo\n|\n|-weather|SunnyDay|[upkeep]\n|-heal|p1a: Dondozo|54\/100|[from] item: Leftovers\n|upkeep\n|turn|3\n|\n|t:|1738941277\n|-end|p2b: Flutter Mane|Protosynthesis|[silent]\n|switch|p2b: Raging Bolt|Raging Bolt, L50|100\/100\n|-damage|p2b: Raging Bolt|88\/100|[from] Stealth Rock\n|-activate|p2b: Raging Bolt|ability: Protosynthesis\n|-start|p2b: Raging Bolt|protosynthesisspa\n|move|p2a: Groudon|Precipice Blades|p1a: Dondozo|[spread] p1a,p1b\n|-damage|p1a: Dondozo|27\/100\n|-damage|p1b: Ting-Lu|11\/100\n|move|p1b: Ting-Lu|Ruination|p2b: Raging Bolt\n|-damage|p2b: Raging Bolt|44\/100\n|move|p1a: Dondozo|Yawn|p2a: Groudon\n|-start|p2a: Groudon|move: Yawn|[of] p1a: Dondozo\n|\n|-weather|SunnyDay|[upkeep]\n|-heal|p1a: Dondozo|34\/100|[from] item: Leftovers\n|upkeep\n|turn|4\n|inactive|qunqun24 has 30 seconds left.\n|\n|t:|1738941302\n|switch|p2a: Chi-Yu|Chi-Yu, L50|100\/100\n|-damage|p2a: Chi-Yu|76\/100|[from] Stealth Rock\n|-ability|p2a: Chi-Yu|Beads of Ruin\n|move|p2b: Raging Bolt|Electroweb|p1b: Ting-Lu|[spread] p1a,p1b\n|-supereffective|p1a: Dondozo\n|-damage|p1a: Dondozo|0 fnt\n|-damage|p1b: Ting-Lu|0 fnt\n|faint|p1a: Dondozo\n|faint|p1b: Ting-Lu\n|\n|-weather|SunnyDay|[upkeep]\n|upkeep\n|\n|t:|1738941309\n|switch|p1b: Whimsicott|Whimsicott, L50, M|100\/100\n|switch|p1a: Calyrex|Calyrex-Shadow, L50|100\/100\n|-ability|p1a: Calyrex|As One\n|-ability|p1a: Calyrex|Unnerve\n|turn|5\n|\n|t:|1738941328\n|move|p1a: Calyrex|Protect|p1a: Calyrex\n|-singleturn|p1a: Calyrex|Protect\n|move|p2b: Raging Bolt|Thunderclap||[still]\n|-fail|p2b: Raging Bolt\n|move|p2a: Chi-Yu|Heat Wave|p1b: Whimsicott|[spread] p1b\n|-activate|p1a: Calyrex|move: Protect\n|-supereffective|p1b: Whimsicott\n|-damage|p1b: Whimsicott|0 fnt\n|faint|p1b: Whimsicott\n|\n|-weather|SunnyDay|[upkeep]\n|upkeep\n|turn|6\n|j| bluestraggler02\n|\n|t:|1738941337\n|move|p2a: Chi-Yu|Heat Wave|p1a: Calyrex\n|-damage|p1a: Calyrex|0 fnt\n|faint|p1a: Calyrex\n|\n|win|kd-vgc711\n|raw|qunqun24's rating: 1543 &rarr; <strong>1527<\/strong><br \/>(-16 for losing)\n|raw|kd-vgc711's rating: 1609 &rarr; <strong>1625<\/strong><br \/>(+16 for winning)\n|l|\u2606kd-vgc711\n|player|p2|\n","uploadtime":1738941527,"views":10,"formatid":"gen9vgc2025regg","rating":1527,"private":0,"password":null}