{"id":"gen9vgc2025regg-2296866263","format":"[Gen 9] VGC 2025 Reg G","players":["Terry kloak","4arms2001"],"log":"|j|\u2606Terry kloak\n|j|\u26064arms2001\n|t:|1739029436\n|gametype|doubles\n|player|p1|Terry kloak|1|1536\n|player|p2|4arms2001|2|1586\n|teamsize|p1|6\n|teamsize|p2|6\n|gen|9\n|tier|[Gen 9] VGC 2025 Reg G\n|rated|\n|rule|Species Clause: Limit one of each Pok\u00e9mon\n|rule|Item Clause: Limit 1 of each item\n|clearpoke\n|poke|p1|Zacian-*, L50|\n|poke|p1|Whimsicott, L50, M|\n|poke|p1|Milotic, L50, F|\n|poke|p1|Raging Bolt, L50|\n|poke|p1|Landorus, L50, M|\n|poke|p1|Incineroar, L50, F|\n|poke|p2|Smeargle, L50, F|\n|poke|p2|Calyrex-Ice, L50|\n|poke|p2|Indeedee-F, L50, F|\n|poke|p2|Amoonguss, L50, F|\n|poke|p2|Ursaluna-Bloodmoon, L50, M|\n|poke|p2|Torkoal, L50, F|\n|teampreview|4\n|\n|t:|1739029486\n|start\n|switch|p1a: Milotic|Milotic, L50, F|100\/100\n|switch|p1b: Whimsicott|Whimsicott, L50, M|100\/100\n|switch|p2a: Calyrex|Calyrex-Ice, L50|100\/100\n|switch|p2b: Smeargle|Smeargle, L50, F|100\/100\n|-ability|p2a: Calyrex|As One\n|-ability|p2a: Calyrex|Unnerve\n|turn|1\n|\n|t:|1739029514\n|switch|p2b: Indeedee|Indeedee-F, L50, F|100\/100\n|-fieldstart|move: Psychic Terrain|[from] ability: Psychic Surge|[of] p2b: Indeedee\n|-enditem|p2b: Indeedee|Psychic Seed\n|-boost|p2b: Indeedee|spd|1|[from] item: Psychic Seed\n|-terastallize|p1b: Whimsicott|Water\n|move|p1b: Whimsicott|Encore|p2a: Calyrex\n|-activate|p2a: Calyrex|move: Psychic Terrain\n|move|p1a: Milotic|Coil|p1a: Milotic\n|-boost|p1a: Milotic|atk|1\n|-boost|p1a: Milotic|def|1\n|-boost|p1a: Milotic|accuracy|1\n|move|p2a: Calyrex|Trick Room|p2a: Calyrex\n|-fieldstart|move: Trick Room|[of] p2a: Calyrex\n|\n|upkeep\n|turn|2\n|\n|t:|1739029535\n|move|p1b: Whimsicott|Light Screen|p1b: Whimsicott\n|-sidestart|p1: Terry kloak|move: Light Screen\n|move|p2a: Calyrex|High Horsepower|p1a: Milotic\n|-damage|p1a: Milotic|73\/100\n|move|p2b: Indeedee|Psychic|p1a: Milotic\n|-damage|p1a: Milotic|54\/100\n|-unboost|p1a: Milotic|spd|1\n|-ability|p1a: Milotic|Competitive|boost\n|-boost|p1a: Milotic|spa|2\n|move|p1a: Milotic|Hypnosis|p2b: Indeedee\n|-status|p2b: Indeedee|slp|[from] move: Hypnosis\n|\n|-heal|p1a: Milotic|60\/100|[from] item: Leftovers\n|upkeep\n|turn|3\n|\n|t:|1739029550\n|switch|p1b: Incineroar|Incineroar, L50, F|100\/100\n|-ability|p1b: Incineroar|Intimidate|boost\n|-fail|p2a: Calyrex|unboost|[from] item: Clear Amulet|[of] p2a: Calyrex\n|-unboost|p2b: Indeedee|atk|1\n|move|p2a: Calyrex|High Horsepower|p1a: Milotic\n|-damage|p1a: Milotic|29\/100\n|cant|p2b: Indeedee|slp\n|move|p1a: Milotic|Hypnosis|p2a: Calyrex\n|-status|p2a: Calyrex|slp|[from] move: Hypnosis\n|\n|-heal|p1a: Milotic|35\/100|[from] item: Leftovers\n|upkeep\n|turn|4\n|j| futonkagebunshin\n|\n|t:|1739029567\n|switch|p2b: Amoonguss|Amoonguss, L50, F|100\/100\n|cant|p2a: Calyrex|slp\n|move|p1b: Incineroar|Knock Off|p2a: Calyrex\n|-supereffective|p2a: Calyrex\n|-damage|p2a: Calyrex|56\/100 slp\n|-enditem|p2a: Calyrex|Clear Amulet|[from] move: Knock Off|[of] p1b: Incineroar\n|move|p1a: Milotic|Coil|p1a: Milotic\n|-boost|p1a: Milotic|atk|1\n|-boost|p1a: Milotic|def|1\n|-boost|p1a: Milotic|accuracy|1\n|\n|-heal|p1a: Milotic|41\/100|[from] item: Leftovers\n|upkeep\n|turn|5\n|\n|t:|1739029583\n|move|p1a: Milotic|Protect|p1a: Milotic\n|-singleturn|p1a: Milotic|Protect\n|move|p2b: Amoonguss|Spore|p1a: Milotic\n|-activate|p1a: Milotic|move: Protect\n|cant|p2a: Calyrex|slp\n|move|p1b: Incineroar|Parting Shot|p2a: Calyrex\n|-unboost|p2a: Calyrex|atk|1\n|-unboost|p2a: Calyrex|spa|1\n|\n|t:|1739029595\n|switch|p1b: Zacian|Zacian-Crowned, L50|100\/100|[from] Parting Shot\n|-ability|p1b: Zacian|Intrepid Sword|boost\n|-boost|p1b: Zacian|atk|1\n|\n|-heal|p1a: Milotic|47\/100|[from] item: Leftovers\n|-fieldend|move: Trick Room\n|-fieldend|move: Psychic Terrain\n|upkeep\n|turn|6\n|\n|t:|1739029609\n|move|p2b: Amoonguss|Rage Powder|p2b: Amoonguss\n|-singleturn|p2b: Amoonguss|move: Rage Powder\n|move|p1b: Zacian|Behemoth Blade|p2b: Amoonguss\n|-damage|p2b: Amoonguss|35\/100\n|-enditem|p2b: Amoonguss|Sitrus Berry|[eat]\n|-heal|p2b: Amoonguss|60\/100|[from] item: Sitrus Berry\n|move|p1a: Milotic|Hypnosis|p2b: Amoonguss\n|-status|p2b: Amoonguss|slp|[from] move: Hypnosis\n|cant|p2a: Calyrex|slp\n|\n|-heal|p1a: Milotic|54\/100|[from] item: Leftovers\n|-sideend|p1: Terry kloak|move: Light Screen\n|upkeep\n|turn|7\n|\n|t:|1739029625\n|switch|p2b: Smeargle|Smeargle, L50, F|100\/100\n|-terastallize|p2a: Calyrex|Water\n|move|p1b: Zacian|Behemoth Blade|p2a: Calyrex\n|-resisted|p2a: Calyrex\n|-damage|p2a: Calyrex|30\/100 slp\n|move|p1a: Milotic|Muddy Water|p2a: Calyrex|[spread] p2a,p2b\n|-resisted|p2a: Calyrex\n|-damage|p2a: Calyrex|13\/100 slp\n|-enditem|p2b: Smeargle|Focus Sash\n|-damage|p2b: Smeargle|1\/100\n|-unboost|p2a: Calyrex|accuracy|1\n|-unboost|p2b: Smeargle|accuracy|1\n|-curestatus|p2a: Calyrex|slp|[msg]\n|move|p2a: Calyrex|Trick Room|p2a: Calyrex\n|-fieldstart|move: Trick Room|[of] p2a: Calyrex\n|\n|-heal|p1a: Milotic|60\/100|[from] item: Leftovers\n|-ability|p2b: Smeargle|Moody|boost\n|-boost|p2b: Smeargle|def|2\n|-unboost|p2b: Smeargle|spa|1\n|upkeep\n|turn|8\n|-message|4arms2001 forfeited.\n|\n|win|Terry kloak\n|raw|Terry kloak's rating: 1536 &rarr; <strong>1559<\/strong><br \/>(+23 for winning)\n|raw|4arms2001's rating: 1586 &rarr; <strong>1563<\/strong><br \/>(-23 for losing)\n|l|\u26064arms2001\n|player|p2|\n|l|\u2606Terry kloak\n|player|p1|\n","uploadtime":1739029800,"views":8,"formatid":"gen9vgc2025regg","rating":1559,"private":0,"password":null}