{"id":"gen9vgc2025regg-2296982334","format":"[Gen 9] VGC 2025 Reg G","players":["georgebraun","angelluisenjoyer"],"log":"|j|\u2606georgebraun\n|j|\u2606angelluisenjoyer\n|t:|1739043591\n|gametype|doubles\n|player|p1|georgebraun|gentleman-gen4|1550\n|player|p2|angelluisenjoyer|volkner|1536\n|teamsize|p1|6\n|teamsize|p2|6\n|gen|9\n|tier|[Gen 9] VGC 2025 Reg G\n|rated|\n|rule|Species Clause: Limit one of each Pok\u00e9mon\n|rule|Item Clause: Limit 1 of each item\n|clearpoke\n|poke|p1|Calyrex-Shadow, L50|\n|poke|p1|Weezing, L50, F|\n|poke|p1|Regigigas, L50|\n|poke|p1|Hitmontop, L50, M|\n|poke|p1|Entei, L50|\n|poke|p1|Smeargle, L50, M|\n|poke|p2|Groudon, L50|\n|poke|p2|Umbreon, L50, F|\n|poke|p2|Lilligant-Hisui, L50, F|\n|poke|p2|Walking Wake, L50|\n|poke|p2|Flutter Mane, L50|\n|poke|p2|Volcarona, L50, M|\n|teampreview|4\n|inactive|Battle timer is ON: inactive players will automatically lose when time's up. (requested by georgebraun)\n|\n|t:|1739043609\n|start\n|switch|p1a: Weezing|Weezing, L50, F|100\/100\n|switch|p1b: Regigigas|Regigigas, L50|100\/100\n|switch|p2a: Walking Wake|Walking Wake, L50|100\/100\n|switch|p2b: Flutter Mane|Flutter Mane, L50|100\/100\n|-ability|p1a: Weezing|Neutralizing Gas\n|turn|1\n|\n|t:|1739043633\n|move|p2b: Flutter Mane|Moonblast|p1b: Regigigas\n|-damage|p1b: Regigigas|69\/100\n|move|p2a: Walking Wake|Draco Meteor|p1b: Regigigas\n|-damage|p1b: Regigigas|4\/100\n|-unboost|p2a: Walking Wake|spa|2\n|-damage|p2a: Walking Wake|91\/100|[from] item: Life Orb\n|move|p1b: Regigigas|Double-Edge|p2a: Walking Wake\n|-enditem|p1b: Regigigas|Normal Gem|[from] gem\n|-damage|p2a: Walking Wake|0 fnt\n|faint|p2a: Walking Wake\n|-end|p2a: Walking Wake|Protosynthesis|[silent]\n|-damage|p1b: Regigigas|0 fnt|[from] Recoil\n|faint|p1b: Regigigas\n|-end|p1b: Regigigas|Slow Start|[silent]\n|move|p1a: Weezing|Poison Gas|p2b: Flutter Mane\n|-status|p2b: Flutter Mane|psn\n|\n|-damage|p2b: Flutter Mane|88\/100 psn|[from] psn\n|upkeep\n|\n|t:|1739043647\n|switch|p2a: Groudon|Groudon, L50|100\/100\n|switch|p1b: Calyrex|Calyrex-Shadow, L50|100\/100\n|-ability|p1b: Calyrex|As One\n|-ability|p1b: Calyrex|Unnerve\n|turn|2\n|\n|t:|1739043663\n|-end|p2b: Flutter Mane|Protosynthesis|[silent]\n|switch|p2b: Umbreon|Umbreon, L50, F|100\/100\n|move|p1b: Calyrex|Protect|p1b: Calyrex\n|-singleturn|p1b: Calyrex|Protect\n|move|p2a: Groudon|Precipice Blades|p1a: Weezing|[spread] p1a\n|-activate|p1b: Calyrex|move: Protect\n|-supereffective|p1a: Weezing\n|-damage|p1a: Weezing|6\/100\n|move|p1a: Weezing|Poison Gas|p2a: Groudon|[spread] p2a,p2b\n|-status|p2a: Groudon|psn\n|-status|p2b: Umbreon|psn\n|\n|-damage|p2a: Groudon|88\/100 psn|[from] psn\n|-damage|p2b: Umbreon|88\/100 psn|[from] psn\n|upkeep\n|turn|3\n|j| playrornds\n|l| playrornds\n|\n|t:|1739043688\n|-terastallize|p1b: Calyrex|Fairy\n|move|p1a: Weezing|Protect|p1a: Weezing\n|-singleturn|p1a: Weezing|Protect\n|move|p1b: Calyrex|Astral Barrage|p2a: Groudon|[spread] p2a,p2b\n|-resisted|p2b: Umbreon\n|-damage|p2a: Groudon|49\/100 psn\n|-damage|p2b: Umbreon|65\/100 psn\n|-damage|p1b: Calyrex|91\/100|[from] item: Life Orb\n|move|p2a: Groudon|Precipice Blades|p1b: Calyrex|[spread] p1b\n|-activate|p1a: Weezing|move: Protect\n|-damage|p1b: Calyrex|29\/100\n|move|p2b: Umbreon|Yawn|p1b: Calyrex\n|-start|p1b: Calyrex|move: Yawn|[of] p2b: Umbreon\n|\n|-damage|p2a: Groudon|36\/100 psn|[from] psn\n|-damage|p2b: Umbreon|52\/100 psn|[from] psn\n|upkeep\n|turn|4\n|j| leodogelin\n|inactive|georgebraun has 30 seconds left.\n|inactive|georgebraun has 20 seconds left.\n|inactive|georgebraun has 15 seconds left.\n|\n|t:|1739043729\n|move|p1b: Calyrex|Draining Kiss|p2b: Umbreon\n|-supereffective|p2b: Umbreon\n|-damage|p2b: Umbreon|0 fnt\n|-heal|p1b: Calyrex|73\/100|[from] drain|[of] p2b: Umbreon\n|faint|p2b: Umbreon\n|-ability|p1b: Calyrex|Grim Neigh|boost\n|-boost|p1b: Calyrex|spa|1\n|-damage|p1b: Calyrex|64\/100|[from] item: Life Orb\n|move|p2a: Groudon|Precipice Blades|p1b: Calyrex|[spread] p1a\n|-miss|p2a: Groudon|p1b: Calyrex\n|-supereffective|p1a: Weezing\n|-damage|p1a: Weezing|0 fnt\n|faint|p1a: Weezing\n|-end|p1a: Weezing|ability: Neutralizing Gas\n|-weather|SunnyDay|[from] ability: Drought|[of] p2a: Groudon\n|\n|-weather|SunnyDay|[upkeep]\n|-damage|p2a: Groudon|24\/100 psn|[from] psn\n|-end|p1b: Calyrex|move: Yawn|[silent]\n|-status|p1b: Calyrex|slp\n|upkeep\n|\n|t:|1739043735\n|switch|p1a: Entei|Entei, L50|100\/100\n|switch|p2b: Flutter Mane|Flutter Mane, L50|88\/100 psn\n|-activate|p2b: Flutter Mane|ability: Protosynthesis\n|-start|p2b: Flutter Mane|protosynthesisspe\n|turn|5\n|l| leodogelin\n|\n|t:|1739043754\n|cant|p1b: Calyrex|slp\n|move|p2b: Flutter Mane|Icy Wind|p1b: Calyrex|[spread] p1a,p1b\n|-resisted|p1a: Entei\n|-damage|p1a: Entei|94\/100\n|-damage|p1b: Calyrex|51\/100 slp\n|-unboost|p1a: Entei|spe|1\n|-unboost|p1b: Calyrex|spe|1\n|move|p2a: Groudon|Precipice Blades|p1b: Calyrex|[spread] p1a,p1b\n|-supereffective|p1a: Entei\n|-damage|p1a: Entei|0 fnt\n|-damage|p1b: Calyrex|0 fnt\n|faint|p1a: Entei\n|faint|p1b: Calyrex\n|\n|win|angelluisenjoyer\n|raw|georgebraun's rating: 1550 &rarr; <strong>1529<\/strong><br \/>(-21 for losing)\n|raw|angelluisenjoyer's rating: 1536 &rarr; <strong>1557<\/strong><br \/>(+21 for winning)\n|l|\u2606georgebraun\n|player|p1|\n|l|\u2606angelluisenjoyer\n|player|p2|\n","uploadtime":1739043941,"views":5,"formatid":"gen9vgc2025regg","rating":1529,"private":0,"password":null}