{"id":"gen9vgc2025regg-2296006297","format":"[Gen 9] VGC 2025 Reg G","players":["Tempest Flute","qiin5"],"log":"|j|\u2606Tempest Flute\n|j|\u2606qiin5\n|t:|1738904782\n|gametype|doubles\n|player|p1|Tempest Flute|policeman-gen4|1631\n|player|p2|qiin5|169|1681\n|teamsize|p1|6\n|teamsize|p2|6\n|gen|9\n|tier|[Gen 9] VGC 2025 Reg G\n|rated|\n|rule|Species Clause: Limit one of each Pok\u00e9mon\n|rule|Item Clause: Limit 1 of each item\n|clearpoke\n|poke|p1|Koraidon, L50|\n|poke|p1|Flutter Mane, L50|\n|poke|p1|Entei, L50|\n|poke|p1|Raging Bolt, L50|\n|poke|p1|Umbreon, L50, M|\n|poke|p1|Ogerpon-Cornerstone, L50, F|\n|poke|p2|Tornadus, L50, M|\n|poke|p2|Zacian-*, L50|\n|poke|p2|Urshifu-*, L50, M|\n|poke|p2|Regidrago, L50|\n|poke|p2|Iron Hands, L50|\n|poke|p2|Ogerpon-Cornerstone, L50, F|\n|teampreview|4\n|inactive|Battle timer is ON: inactive players will automatically lose when time's up. (requested by Tempest Flute)\n|inactive|Tempest Flute has 60 seconds left.\n|inactive|qiin5 has 60 seconds left.\n|j| randoftw\n|inactive|Tempest Flute has 30 seconds left.\n|inactive|Tempest Flute has 20 seconds left.\n|inactive|Tempest Flute has 15 seconds left.\n|inactive|Tempest Flute has 10 seconds left.\n|inactive|Tempest Flute has 5 seconds left.\n|\n|t:|1738904870\n|start\n|switch|p1a: Flutter Mane|Flutter Mane, L50, shiny|100\/100\n|switch|p1b: Ogerpon|Ogerpon-Cornerstone, L50, F|100\/100\n|switch|p2a: Tornadus|Tornadus, L50, M|100\/100\n|switch|p2b: Regidrago|Regidrago, L50|100\/100\n|turn|1\n|\n|t:|1738904890\n|switch|p2b: Zacian|Zacian-Crowned, L50, shiny|100\/100\n|-ability|p2b: Zacian|Intrepid Sword|boost\n|-boost|p2b: Zacian|atk|1\n|move|p2a: Tornadus|Protect|p2a: Tornadus\n|-singleturn|p2a: Tornadus|Protect\n|move|p1a: Flutter Mane|Moonblast|p2b: Zacian\n|-resisted|p2b: Zacian\n|-damage|p2b: Zacian|78\/100\n|move|p1b: Ogerpon|Ivy Cudgel|p2a: Tornadus|[anim] Ivy Cudgel Rock\n|-activate|p2a: Tornadus|move: Protect\n|\n|upkeep\n|turn|2\n|\n|t:|1738904909\n|switch|p2a: Urshifu|Urshifu-Rapid-Strike, L50, M|100\/100\n|move|p1a: Flutter Mane|Icy Wind|p2b: Zacian|[spread] p2a,p2b\n|-resisted|p2a: Urshifu\n|-resisted|p2b: Zacian\n|-damage|p2a: Urshifu|89\/100\n|-damage|p2b: Zacian|72\/100\n|-unboost|p2a: Urshifu|spe|1\n|-unboost|p2b: Zacian|spe|1\n|move|p1b: Ogerpon|Ivy Cudgel|p2a: Urshifu|[anim] Ivy Cudgel Rock\n|-resisted|p2a: Urshifu\n|-crit|p2a: Urshifu\n|-damage|p2a: Urshifu|41\/100\n|move|p2b: Zacian|Behemoth Blade|p1a: Flutter Mane\n|-supereffective|p1a: Flutter Mane\n|-enditem|p1a: Flutter Mane|Focus Sash\n|-damage|p1a: Flutter Mane|1\/100\n|\n|upkeep\n|turn|3\n|inactive|Tempest Flute has 30 seconds left.\n|inactive|Tempest Flute has 20 seconds left.\n|\n|t:|1738904945\n|-end|p1a: Flutter Mane|Protosynthesis|[silent]\n|switch|p1a: Koraidon|Koraidon, L50|100\/100\n|-weather|SunnyDay|[from] ability: Orichalcum Pulse|[of] p1a: Koraidon\n|-activate|p1a: Koraidon|Orichalcum Pulse|[source]\n|move|p2a: Urshifu|Aqua Jet|p1a: Koraidon\n|-resisted|p1a: Koraidon\n|-damage|p1a: Koraidon|96\/100\n|move|p1b: Ogerpon|Power Whip|p2a: Urshifu\n|-supereffective|p2a: Urshifu\n|-damage|p2a: Urshifu|0 fnt\n|faint|p2a: Urshifu\n|move|p2b: Zacian|Behemoth Blade|p1b: Ogerpon\n|-supereffective|p1b: Ogerpon\n|-ability|p1b: Ogerpon|Sturdy\n|-damage|p1b: Ogerpon|1\/100\n|\n|-weather|SunnyDay|[upkeep]\n|upkeep\n|\n|t:|1738904952\n|switch|p2a: Tornadus|Tornadus, L50, M|100\/100\n|turn|4\n|inactive|Tempest Flute has 30 seconds left.\n|inactive|Tempest Flute has 20 seconds left.\n|inactive|Tempest Flute has 15 seconds left.\n|inactive|Tempest Flute has 10 seconds left.\n|\n|t:|1738905001\n|-terastallize|p1a: Koraidon|Fire\n|move|p2b: Zacian|Protect|p2b: Zacian\n|-singleturn|p2b: Zacian|Protect\n|move|p2a: Tornadus|Tailwind|p2a: Tornadus\n|-sidestart|p2: qiin5|move: Tailwind\n|move|p1a: Koraidon|Flare Blitz|p2b: Zacian\n|-activate|p2b: Zacian|move: Protect\n|move|p1b: Ogerpon|Ivy Cudgel|p2a: Tornadus|[anim] Ivy Cudgel Rock\n|-supereffective|p2a: Tornadus\n|-enditem|p2a: Tornadus|Focus Sash\n|-damage|p2a: Tornadus|1\/100\n|\n|-weather|SunnyDay|[upkeep]\n|upkeep\n|turn|5\n|\n|t:|1738905018\n|move|p1a: Koraidon|Protect|p1a: Koraidon\n|-singleturn|p1a: Koraidon|Protect\n|move|p1b: Ogerpon|Spiky Shield|p1b: Ogerpon\n|-singleturn|p1b: Ogerpon|move: Protect\n|move|p2a: Tornadus|Rain Dance|p2a: Tornadus\n|-weather|RainDance\n|move|p2b: Zacian|Behemoth Blade|p1a: Koraidon\n|-activate|p1a: Koraidon|move: Protect\n|\n|-weather|RainDance|[upkeep]\n|upkeep\n|turn|6\n|j| CazperVGC2\n|\n|t:|1738905037\n|move|p1b: Ogerpon|Follow Me|p1b: Ogerpon\n|-singleturn|p1b: Ogerpon|move: Follow Me\n|move|p2a: Tornadus|Bleakwind Storm|p1b: Ogerpon|[spread] p1a,p1b\n|-damage|p1a: Koraidon|58\/100\n|-damage|p1b: Ogerpon|0 fnt\n|faint|p1b: Ogerpon\n|move|p2b: Zacian|Behemoth Blade|p1a: Koraidon\n|-resisted|p1a: Koraidon\n|-crit|p1a: Koraidon\n|-damage|p1a: Koraidon|5\/100\n|move|p1a: Koraidon|Scale Shot|p2a: Tornadus\n|-damage|p2a: Tornadus|0 fnt\n|faint|p2a: Tornadus\n|-hitcount|p2: Tornadus|1\n|-unboost|p1a: Koraidon|def|1\n|-boost|p1a: Koraidon|spe|1\n|\n|-weather|RainDance|[upkeep]\n|upkeep\n|\n|t:|1738905050\n|switch|p2a: Regidrago|Regidrago, L50|100\/100\n|switch|p1b: Flutter Mane|Flutter Mane, L50, shiny|1\/100\n|turn|7\n|\n|t:|1738905058\n|move|p1a: Koraidon|Protect|p1a: Koraidon\n|-singleturn|p1a: Koraidon|Protect\n|move|p1b: Flutter Mane|Protect|p1b: Flutter Mane\n|-singleturn|p1b: Flutter Mane|Protect\n|move|p2a: Regidrago|Dragon Energy|p1a: Koraidon|[spread] \n|-activate|p1a: Koraidon|move: Protect\n|-activate|p1b: Flutter Mane|move: Protect\n|move|p2b: Zacian|Swords Dance|p2b: Zacian\n|-boost|p2b: Zacian|atk|2\n|\n|-weather|RainDance|[upkeep]\n|-sideend|p2: qiin5|move: Tailwind\n|upkeep\n|turn|8\n|j| InfinityGroudon\n|inactive|Tempest Flute has 30 seconds left.\n|\n|t:|1738905087\n|-terastallize|p2a: Regidrago|Ghost\n|move|p2b: Zacian|Protect|p2b: Zacian\n|-singleturn|p2b: Zacian|Protect\n|move|p1a: Koraidon|Collision Course|p2b: Zacian\n|-activate|p2b: Zacian|move: Protect\n|move|p1b: Flutter Mane|Dazzling Gleam|p2a: Regidrago|[spread] p2a\n|-activate|p2b: Zacian|move: Protect\n|-damage|p2a: Regidrago|63\/100\n|move|p2a: Regidrago|Earth Power|p1a: Koraidon\n|-supereffective|p1a: Koraidon\n|-damage|p1a: Koraidon|0 fnt\n|faint|p1a: Koraidon\n|-damage|p2a: Regidrago|53\/100|[from] item: Life Orb\n|\n|-weather|RainDance|[upkeep]\n|upkeep\n|\n|t:|1738905091\n|switch|p1a: Entei|Entei, L50, shiny|100\/100\n|turn|9\n|\n|t:|1738905116\n|move|p1b: Flutter Mane|Moonblast|p2a: Regidrago\n|-damage|p2a: Regidrago|0 fnt\n|faint|p2a: Regidrago\n|move|p1a: Entei|Stomping Tantrum|p2b: Zacian\n|-supereffective|p2b: Zacian\n|-damage|p2b: Zacian|5\/100\n|move|p2b: Zacian|Behemoth Blade|p1a: Entei\n|-resisted|p1a: Entei\n|-damage|p1a: Entei|16\/100\n|\n|-weather|none\n|upkeep\n|turn|10\n|-message|qiin5 forfeited.\n|\n|win|Tempest Flute\n|raw|Tempest Flute's rating: 1631 &rarr; <strong>1654<\/strong><br \/>(+23 for winning)\n|raw|qiin5's rating: 1681 &rarr; <strong>1658<\/strong><br \/>(-23 for losing)\n|l|\u2606qiin5\n|player|p2|\n|l| InfinityGroudon\n|l|\u2606Tempest Flute\n|player|p1|\n|l| randoftw\n","uploadtime":1738905375,"views":32,"formatid":"gen9vgc2025regg","rating":1654,"private":0,"password":null}