{"id":"gen9vgc2025regg-2296248301","format":"[Gen 9] VGC 2025 Reg G","players":["cobalt_poke","Gen3Sigma11"],"log":"|j|\u2606cobalt_poke\n|j|\u2606Gen3Sigma11\n|t:|1738942929\n|gametype|doubles\n|player|p1|cobalt_poke|170|1651\n|player|p2|Gen3Sigma11|1|1599\n|teamsize|p1|6\n|teamsize|p2|6\n|gen|9\n|tier|[Gen 9] VGC 2025 Reg G\n|rated|\n|rule|Species Clause: Limit one of each Pok\u00e9mon\n|rule|Item Clause: Limit 1 of each item\n|clearpoke\n|poke|p1|Weezing-Galar, L50, M|\n|poke|p1|Calyrex-Shadow, L50|\n|poke|p1|Dondozo, L50, M|\n|poke|p1|Tatsugiri, L50, F|\n|poke|p1|Incineroar, L50, F|\n|poke|p1|Roaring Moon, L50|\n|poke|p2|Calyrex-Shadow, L50|\n|poke|p2|Mienshao, L50, M|\n|poke|p2|Clefairy, L50, M|\n|poke|p2|Tornadus, L50, M|\n|poke|p2|Chi-Yu, L50|\n|poke|p2|Flutter Mane, L50|\n|teampreview|4\n|inactive|Battle timer is ON: inactive players will automatically lose when time's up. (requested by Gen3Sigma11)\n|inactive|cobalt_poke has 60 seconds left.\n|\n|t:|1738942968\n|start\n|switch|p1a: Roaring Moon|Roaring Moon, L50|100\/100\n|switch|p1b: Weezing|Weezing-Galar, L50, M|100\/100\n|switch|p2a: Calyrex|Calyrex-Shadow, L50|100\/100\n|switch|p2b: Mienshao|Mienshao, L50, M|100\/100\n|-ability|p1b: Weezing|Neutralizing Gas\n|-ability|p2a: Calyrex|As One\n|-ability|p2a: Calyrex|Unnerve\n|turn|1\n|inactive|Gen3Sigma11 has 30 seconds left.\n|inactive|Gen3Sigma11 has 20 seconds left.\n|inactive|Gen3Sigma11 has 15 seconds left.\n|inactive|Gen3Sigma11 has 10 seconds left.\n|\n|t:|1738943015\n|-end|p1a: Roaring Moon|Protosynthesis|[silent]\n|switch|p1a: Dondozo|Dondozo, L50, M|100\/100\n|-end|p1b: Weezing|ability: Neutralizing Gas\n|switch|p1b: Tatsugiri|Tatsugiri, L50, F|100\/100\n|-activate|p1b: Tatsugiri|ability: Commander|[of] p1a: Dondozo\n|-boost|p1a: Dondozo|atk|2\n|-boost|p1a: Dondozo|spa|2\n|-boost|p1a: Dondozo|spe|2\n|-boost|p1a: Dondozo|def|2\n|-boost|p1a: Dondozo|spd|2\n|-terastallize|p2a: Calyrex|Fairy\n|move|p2b: Mienshao|Fake Out|p1a: Dondozo\n|-crit|p1a: Dondozo\n|-damage|p1a: Dondozo|86\/100\n|move|p2a: Calyrex|Nasty Plot|p2a: Calyrex\n|-boost|p2a: Calyrex|spa|2\n|\n|-heal|p1a: Dondozo|92\/100|[from] item: Leftovers\n|upkeep\n|turn|2\n|inactive|cobalt_poke has 30 seconds left.\n|inactive|cobalt_poke has 20 seconds left.\n|inactive|cobalt_poke has 15 seconds left.\n|inactive|cobalt_poke has 10 seconds left.\n|\n|t:|1738943062\n|move|p2a: Calyrex|Astral Barrage|p1b: Tatsugiri|[spread] p1a\n|-miss|p2a: Calyrex|p1b: Tatsugiri\n|-damage|p1a: Dondozo|65\/100\n|move|p2b: Mienshao|Close Combat|p1a: Dondozo\n|-damage|p1a: Dondozo|43\/100\n|-unboost|p2b: Mienshao|def|1\n|-unboost|p2b: Mienshao|spd|1\n|move|p1a: Dondozo|Wave Crash|p2a: Calyrex\n|-damage|p2a: Calyrex|0 fnt\n|faint|p2a: Calyrex\n|-damage|p1a: Dondozo|17\/100|[from] Recoil\n|\n|-heal|p1a: Dondozo|23\/100|[from] item: Leftovers\n|upkeep\n|\n|t:|1738943076\n|switch|p2a: Tornadus|Tornadus, L50, M|100\/100\n|turn|3\n|\n|t:|1738943084\n|move|p2b: Mienshao|Close Combat|p1a: Dondozo\n|-damage|p1a: Dondozo|2\/100\n|-unboost|p2b: Mienshao|def|1\n|-unboost|p2b: Mienshao|spd|1\n|move|p2a: Tornadus|Bleakwind Storm|p1b: Tatsugiri|[spread] \n|-miss|p2a: Tornadus|p1b: Tatsugiri\n|-miss|p2a: Tornadus|p1a: Dondozo\n|move|p1a: Dondozo|Wave Crash|p2b: Mienshao\n|-enditem|p2b: Mienshao|Focus Sash\n|-damage|p2b: Mienshao|1\/100\n|-damage|p1a: Dondozo|0 fnt|[from] Recoil\n|faint|p1a: Dondozo\n|\n|upkeep\n|\n|t:|1738943095\n|switch|p1a: Weezing|Weezing-Galar, L50, M|100\/100\n|-ability|p1a: Weezing|Neutralizing Gas\n|turn|4\n|j| Triple20\n|\n|t:|1738943109\n|switch|p2b: Clefairy|Clefairy, L50, M|100\/100\n|move|p1b: Tatsugiri|Protect|p1b: Tatsugiri\n|-singleturn|p1b: Tatsugiri|Protect\n|move|p2a: Tornadus|Bleakwind Storm|p1a: Weezing|[spread] p1a\n|-activate|p1b: Tatsugiri|move: Protect\n|-damage|p1a: Weezing|73\/100\n|move|p1a: Weezing|Poison Gas|p2a: Tornadus|[spread] p2a,p2b\n|-status|p2a: Tornadus|psn\n|-status|p2b: Clefairy|psn\n|\n|-damage|p2a: Tornadus|88\/100 psn|[from] psn\n|-damage|p2b: Clefairy|88\/100 psn|[from] psn\n|upkeep\n|turn|5\n|\n|t:|1738943133\n|switch|p1b: Roaring Moon|Roaring Moon, L50|100\/100\n|move|p2b: Clefairy|Helping Hand|p2a: Tornadus\n|-singleturn|p2a: Tornadus|Helping Hand|[of] p2b: Clefairy\n|move|p2a: Tornadus|Bleakwind Storm|p1a: Weezing|[spread] p1a,p1b\n|-damage|p1a: Weezing|31\/100\n|-damage|p1b: Roaring Moon|72\/100\n|-unboost|p1b: Roaring Moon|spe|1\n|-enditem|p1a: Weezing|Sitrus Berry|[eat]\n|-heal|p1a: Weezing|56\/100|[from] item: Sitrus Berry\n|move|p1a: Weezing|Strange Steam|p2a: Tornadus\n|-damage|p2a: Tornadus|56\/100 psn\n|\n|-damage|p2a: Tornadus|43\/100 psn|[from] psn\n|-damage|p2b: Clefairy|76\/100 psn|[from] psn\n|upkeep\n|turn|6\n|\n|t:|1738943157\n|move|p2b: Clefairy|Helping Hand|p2a: Tornadus\n|-singleturn|p2a: Tornadus|Helping Hand|[of] p2b: Clefairy\n|move|p2a: Tornadus|Bleakwind Storm|p1a: Weezing|[spread] p1a,p1b\n|-damage|p1a: Weezing|9\/100\n|-damage|p1b: Roaring Moon|41\/100\n|-unboost|p1a: Weezing|spe|1\n|move|p1b: Roaring Moon|Knock Off|p2a: Tornadus\n|-damage|p2a: Tornadus|0 fnt\n|-enditem|p2a: Tornadus|Covert Cloak|[from] move: Knock Off|[of] p1b: Roaring Moon\n|faint|p2a: Tornadus\n|move|p1a: Weezing|Strange Steam|p2b: Clefairy\n|-damage|p2b: Clefairy|50\/100 psn\n|\n|-damage|p2b: Clefairy|38\/100 psn|[from] psn\n|upkeep\n|\n|t:|1738943166\n|switch|p2a: Mienshao|Mienshao, L50, M|1\/100\n|turn|7\n|\n|t:|1738943183\n|-terastallize|p1b: Roaring Moon|Fairy\n|move|p2a: Mienshao|Fake Out|p1a: Weezing\n|-crit|p1a: Weezing\n|-damage|p1a: Weezing|0 fnt\n|faint|p1a: Weezing\n|-end|p1a: Weezing|ability: Neutralizing Gas\n|move|p2b: Clefairy|Follow Me|p2b: Clefairy\n|-singleturn|p2b: Clefairy|move: Follow Me\n|move|p1b: Roaring Moon|Snarl|p2b: Clefairy|[spread] p2a,p2b\n|-resisted|p2a: Mienshao\n|-resisted|p2b: Clefairy\n|-crit|p2b: Clefairy\n|-damage|p2a: Mienshao|0 fnt\n|-damage|p2b: Clefairy|32\/100 psn\n|-unboost|p2b: Clefairy|spa|1\n|faint|p2a: Mienshao\n|\n|-damage|p2b: Clefairy|19\/100 psn|[from] psn\n|upkeep\n|\n|t:|1738943195\n|switch|p1a: Tatsugiri|Tatsugiri, L50, F|100\/100\n|turn|8\n|-message|Gen3Sigma11 forfeited.\n|\n|win|cobalt_poke\n|raw|cobalt_poke's rating: 1651 &rarr; <strong>1668<\/strong><br \/>(+17 for winning)\n|raw|Gen3Sigma11's rating: 1599 &rarr; <strong>1582<\/strong><br \/>(-17 for losing)\n|l|\u2606Gen3Sigma11\n|player|p2|\n|l|\u2606cobalt_poke\n|player|p1|\n|l| Triple20\n","uploadtime":1738943470,"views":17,"formatid":"gen9vgc2025regg","rating":1582,"private":0,"password":null}