{"id":"gen9vgc2025regg-2296741274","format":"[Gen 9] VGC 2025 Reg G","players":["Peytongen9vgc","shilf"],"log":"|j|\u2606Peytongen9vgc\n|j|\u2606shilf\n|t:|1739008205\n|gametype|doubles\n|player|p1|Peytongen9vgc|red|1547\n|player|p2|shilf|102|1626\n|teamsize|p1|6\n|teamsize|p2|6\n|gen|9\n|tier|[Gen 9] VGC 2025 Reg G\n|rated|\n|rule|Species Clause: Limit one of each Pok\u00e9mon\n|rule|Item Clause: Limit 1 of each item\n|clearpoke\n|poke|p1|Calyrex-Shadow, L50|\n|poke|p1|Raging Bolt, L50|\n|poke|p1|Rillaboom, L50, M|\n|poke|p1|Incineroar, L50, M|\n|poke|p1|Urshifu-*, L50, M|\n|poke|p1|Farigiraf, L50, M|\n|poke|p2|Zamazenta-*, L50|\n|poke|p2|Landorus, L50, M|\n|poke|p2|Tornadus, L50, M|\n|poke|p2|Umbreon, L50, M|\n|poke|p2|Chien-Pao, L50|\n|poke|p2|Raging Bolt, L50|\n|teampreview|4\n|inactive|Battle timer is ON: inactive players will automatically lose when time's up. (requested by Peytongen9vgc)\n|inactive|Peytongen9vgc has 60 seconds left.\n|inactive|shilf has 60 seconds left.\n|\n|t:|1739008252\n|start\n|switch|p1a: Calyrex|Calyrex-Shadow, L50|100\/100\n|switch|p1b: Incineroar|Incineroar, L50, M|100\/100\n|switch|p2a: Tornadus|Tornadus, L50, M|100\/100\n|switch|p2b: Umbreon|Umbreon, L50, M|100\/100\n|-ability|p1a: Calyrex|As One\n|-ability|p1a: Calyrex|Unnerve\n|-ability|p1b: Incineroar|Intimidate|boost\n|-unboost|p2a: Tornadus|atk|1\n|-fail|p2b: Umbreon|unboost|Attack|[from] ability: Inner Focus|[of] p2b: Umbreon\n|turn|1\n|j| PoggibonsiCity\n|inactive|shilf has 30 seconds left.\n|j| zacattack110\n|\n|t:|1739008282\n|switch|p2a: Zamazenta|Zamazenta-Crowned, L50|100\/100\n|-ability|p2a: Zamazenta|Dauntless Shield|boost\n|-boost|p2a: Zamazenta|def|1\n|move|p1b: Incineroar|Fake Out|p2b: Umbreon\n|-damage|p2b: Umbreon|93\/100\n|move|p1a: Calyrex|Nasty Plot|p1a: Calyrex\n|-boost|p1a: Calyrex|spa|2\n|move|p2b: Umbreon|Thunder Wave|p1a: Calyrex\n|-status|p1a: Calyrex|par\n|\n|upkeep\n|turn|2\n|inactive|shilf has 30 seconds left.\n|inactive|shilf has 20 seconds left.\n|\n|t:|1739008317\n|move|p1b: Incineroar|Helping Hand|p1a: Calyrex\n|-singleturn|p1a: Calyrex|Helping Hand|[of] p1b: Incineroar\n|move|p2a: Zamazenta|Heavy Slam|p1a: Calyrex\n|-crit|p1a: Calyrex\n|-damage|p1a: Calyrex|26\/100 par\n|move|p1a: Calyrex|Astral Barrage|p2b: Umbreon|[spread] p2a,p2b\n|-resisted|p2b: Umbreon\n|-damage|p2a: Zamazenta|8\/100\n|-damage|p2b: Umbreon|40\/100\n|move|p2b: Umbreon|Foul Play|p1a: Calyrex\n|-supereffective|p1a: Calyrex\n|-damage|p1a: Calyrex|0 fnt\n|faint|p1a: Calyrex\n|\n|upkeep\n|\n|t:|1739008333\n|switch|p1a: Urshifu|Urshifu-Rapid-Strike, L50, M|100\/100\n|turn|3\n|inactive|shilf has 30 seconds left.\n|\n|t:|1739008366\n|-terastallize|p2b: Umbreon|Water\n|move|p1a: Urshifu|Aqua Jet|p2a: Zamazenta\n|-damage|p2a: Zamazenta|0 fnt\n|faint|p2a: Zamazenta\n|move|p2b: Umbreon|Foul Play|p1b: Incineroar\n|-resisted|p1b: Incineroar\n|-damage|p1b: Incineroar|84\/100\n|move|p1b: Incineroar|Parting Shot|p2b: Umbreon\n|-unboost|p2b: Umbreon|atk|1\n|-unboost|p2b: Umbreon|spa|1\n|\n|t:|1739008374\n|switch|p1b: Raging Bolt|Raging Bolt, L50|100\/100|[from] Parting Shot\n|-enditem|p1b: Raging Bolt|Booster Energy\n|-activate|p1b: Raging Bolt|ability: Protosynthesis|[fromitem]\n|-start|p1b: Raging Bolt|protosynthesisspa\n|\n|upkeep\n|\n|t:|1739008377\n|switch|p2a: Chien-Pao|Chien-Pao, L50|100\/100\n|-ability|p2a: Chien-Pao|Sword of Ruin\n|turn|4\n|\n|t:|1739008397\n|move|p2a: Chien-Pao|Protect|p2a: Chien-Pao\n|-singleturn|p2a: Chien-Pao|Protect\n|move|p1a: Urshifu|Aqua Jet|p2a: Chien-Pao\n|-damage|p2a: Chien-Pao|71\/100\n|move|p1b: Raging Bolt|Thunderclap||[still]\n|-fail|p1b: Raging Bolt\n|move|p2b: Umbreon|Yawn|p1b: Raging Bolt\n|-start|p1b: Raging Bolt|move: Yawn|[of] p2b: Umbreon\n|\n|upkeep\n|turn|5\n|\n|t:|1739008413\n|switch|p2a: Tornadus|Tornadus, L50, M|100\/100\n|move|p1a: Urshifu|Close Combat|p2a: Tornadus\n|-resisted|p2a: Tornadus\n|-damage|p2a: Tornadus|64\/100\n|-unboost|p1a: Urshifu|def|1\n|-unboost|p1a: Urshifu|spd|1\n|move|p1b: Raging Bolt|Thunderbolt|p2b: Umbreon\n|-supereffective|p2b: Umbreon\n|-damage|p2b: Umbreon|0 fnt\n|faint|p2b: Umbreon\n|\n|-end|p1b: Raging Bolt|move: Yawn|[silent]\n|-status|p1b: Raging Bolt|slp\n|upkeep\n|\n|t:|1739008422\n|switch|p2b: Chien-Pao|Chien-Pao, L50|71\/100\n|-ability|p2b: Chien-Pao|Sword of Ruin\n|turn|6\n|\n|t:|1739008431\n|cant|p1b: Raging Bolt|slp\n|move|p2b: Chien-Pao|Ice Spinner|p1b: Raging Bolt\n|-supereffective|p1b: Raging Bolt\n|-damage|p1b: Raging Bolt|15\/100 slp\n|move|p1a: Urshifu|Close Combat|p2b: Chien-Pao\n|-supereffective|p2b: Chien-Pao\n|-damage|p2b: Chien-Pao|0 fnt\n|-unboost|p1a: Urshifu|def|1\n|-unboost|p1a: Urshifu|spd|1\n|faint|p2b: Chien-Pao\n|move|p2a: Tornadus|Bleakwind Storm|p1a: Urshifu|[spread] p1b\n|-miss|p2a: Tornadus|p1a: Urshifu\n|-resisted|p1b: Raging Bolt\n|-damage|p1b: Raging Bolt|1\/100 slp\n|-unboost|p1b: Raging Bolt|spe|1\n|\n|upkeep\n|turn|7\n|-message|shilf forfeited.\n|\n|win|Peytongen9vgc\n|raw|Peytongen9vgc's rating: 1547 &rarr; <strong>1571<\/strong><br \/>(+24 for winning)\n|raw|shilf's rating: 1626 &rarr; <strong>1602<\/strong><br \/>(-24 for losing)\n|l|\u2606shilf\n|player|p2|\n|l|\u2606Peytongen9vgc\n|player|p1|\n|l| PoggibonsiCity\n|l| zacattack110\n","uploadtime":1739008671,"views":7,"formatid":"gen9vgc2025regg","rating":1571,"private":0,"password":null}