{"id":"gen9vgc2025regg-2296769152","format":"[Gen 9] VGC 2025 Reg G","players":["Farhaz_VGC","morgan01vgc"],"log":"|j|\u2606Farhaz_VGC\n|j|\u2606morgan01vgc\n|t:|1739014081\n|gametype|doubles\n|player|p1|Farhaz_VGC|rosa|1614\n|player|p2|morgan01vgc|elesa|1571\n|teamsize|p1|6\n|teamsize|p2|6\n|gen|9\n|tier|[Gen 9] VGC 2025 Reg G\n|rated|\n|rule|Species Clause: Limit one of each Pok\u00e9mon\n|rule|Item Clause: Limit 1 of each item\n|clearpoke\n|poke|p1|Tornadus, L50, M|\n|poke|p1|Urshifu-*, L50, M|\n|poke|p1|Incineroar, L50, M|\n|poke|p1|Landorus-Therian, L50, M|\n|poke|p1|Calyrex-Shadow, L50|\n|poke|p1|Farigiraf, L50, F|\n|poke|p2|Lugia, L50|\n|poke|p2|Persian-Alola, L50, F|\n|poke|p2|Iron Hands, L50|\n|poke|p2|Chi-Yu, L50|\n|poke|p2|Gyarados, L50, M|\n|poke|p2|Iron Treads, L50|\n|teampreview|4\n|j| zacattack110\n|inactive|Battle timer is ON: inactive players will automatically lose when time's up. (requested by Farhaz_VGC)\n|\n|t:|1739014113\n|start\n|switch|p1a: Tornadus|Tornadus, L50, M|100\/100\n|switch|p1b: Landorus|Landorus-Therian, L50, M|100\/100\n|switch|p2a: Iron Hands|Iron Hands, L50|100\/100\n|switch|p2b: Gyarados|Gyarados, L50, M|100\/100\n|-ability|p1b: Landorus|Intimidate|boost\n|-unboost|p2a: Iron Hands|atk|1\n|-unboost|p2b: Gyarados|atk|1\n|-ability|p2b: Gyarados|Intimidate|boost\n|-unboost|p1a: Tornadus|atk|1\n|-unboost|p1b: Landorus|atk|1\n|turn|1\n|\n|t:|1739014134\n|-terastallize|p1b: Landorus|Fairy\n|move|p2a: Iron Hands|Fake Out|p1b: Landorus\n|-damage|p1b: Landorus|90\/100\n|move|p1a: Tornadus|Bleakwind Storm|p2a: Iron Hands|[spread] p2a\n|-miss|p1a: Tornadus|p2b: Gyarados\n|-damage|p2a: Iron Hands|84\/100\n|-unboost|p2a: Iron Hands|spe|1\n|cant|p1b: Landorus|flinch\n|move|p2b: Gyarados|Waterfall|p1b: Landorus\n|-damage|p1b: Landorus|66\/100\n|\n|upkeep\n|turn|2\n|\n|t:|1739014153\n|-end|p2a: Iron Hands|Quark Drive|[silent]\n|switch|p2a: Lugia|Lugia, L50|100\/100\n|move|p1a: Tornadus|Tailwind|p1a: Tornadus\n|-sidestart|p1: Farhaz_VGC|move: Tailwind\n|move|p1b: Landorus|Rock Slide|p2a: Lugia|[spread] p2a,p2b\n|-supereffective|p2a: Lugia\n|-supereffective|p2b: Gyarados\n|-damage|p2a: Lugia|89\/100\n|-damage|p2b: Gyarados|70\/100\n|-enditem|p2a: Lugia|Weakness Policy\n|-boost|p2a: Lugia|atk|2|[from] item: Weakness Policy\n|-boost|p2a: Lugia|spa|2|[from] item: Weakness Policy\n|move|p2b: Gyarados|Thunder Wave|p1a: Tornadus\n|-status|p1a: Tornadus|par\n|\n|upkeep\n|turn|3\n|inactive|Farhaz_VGC has 30 seconds left.\n|\n|t:|1739014182\n|move|p1b: Landorus|Rock Slide|p2b: Gyarados|[spread] p2a,p2b\n|-supereffective|p2a: Lugia\n|-supereffective|p2b: Gyarados\n|-damage|p2a: Lugia|64\/100\n|-damage|p2b: Gyarados|39\/100\n|-enditem|p2b: Gyarados|Sitrus Berry|[eat]\n|-heal|p2b: Gyarados|64\/100|[from] item: Sitrus Berry\n|move|p2a: Lugia|Calm Mind|p2a: Lugia\n|-boost|p2a: Lugia|spa|1\n|-boost|p2a: Lugia|spd|1\n|cant|p1a: Tornadus|par\n|move|p2b: Gyarados|Thunder Wave|p1b: Landorus\n|-status|p1b: Landorus|par\n|\n|upkeep\n|turn|4\n|\n|t:|1739014204\n|move|p1a: Tornadus|Taunt|p2a: Lugia\n|-start|p2a: Lugia|move: Taunt\n|cant|p2a: Lugia|move: Taunt|Recover\n|move|p1b: Landorus|Rock Slide|p2b: Gyarados|[spread] p2a,p2b\n|-supereffective|p2a: Lugia\n|-supereffective|p2b: Gyarados\n|-damage|p2a: Lugia|42\/100\n|-damage|p2b: Gyarados|31\/100\n|move|p2b: Gyarados|Waterfall|p1a: Tornadus\n|-damage|p1a: Tornadus|80\/100 par\n|\n|upkeep\n|turn|5\n|\n|t:|1739014227\n|move|p2a: Lugia|Aeroblast|p1a: Tornadus\n|-damage|p1a: Tornadus|0 fnt\n|faint|p1a: Tornadus\n|move|p1b: Landorus|U-turn|p2a: Lugia\n|-damage|p2a: Lugia|26\/100\n|\n|t:|1739014236\n|switch|p1b: Urshifu|Urshifu, L50, M|100\/100|[from] U-turn\n|move|p2b: Gyarados|Waterfall|p1b: Urshifu\n|-crit|p1b: Urshifu\n|-damage|p1b: Urshifu|49\/100\n|\n|-sideend|p1: Farhaz_VGC|move: Tailwind\n|upkeep\n|\n|t:|1739014244\n|switch|p1a: Calyrex|Calyrex-Shadow, L50|100\/100\n|-ability|p1a: Calyrex|As One\n|-ability|p1a: Calyrex|Unnerve\n|turn|6\n|inactive|morgan01vgc has 30 seconds left.\n|\n|t:|1739014275\n|-terastallize|p2a: Lugia|Dark\n|move|p1a: Calyrex|Astral Barrage|p2b: Gyarados|[spread] p2a,p2b\n|-resisted|p2a: Lugia\n|-damage|p2a: Lugia|8\/100\n|-damage|p2b: Gyarados|0 fnt\n|faint|p2b: Gyarados\n|-ability|p1a: Calyrex|Grim Neigh|boost\n|-boost|p1a: Calyrex|spa|1\n|move|p2a: Lugia|Aeroblast|p1b: Urshifu\n|-supereffective|p1b: Urshifu\n|-damage|p1b: Urshifu|0 fnt\n|faint|p1b: Urshifu\n|\n|-end|p2a: Lugia|move: Taunt\n|upkeep\n|\n|t:|1739014291\n|switch|p1b: Landorus|Landorus-Therian, L50, M, tera:Fairy|66\/100 par\n|switch|p2b: Chi-Yu|Chi-Yu, L50|100\/100\n|-ability|p2b: Chi-Yu|Beads of Ruin\n|-ability|p1b: Landorus|Intimidate|boost\n|-unboost|p2a: Lugia|atk|1\n|-unboost|p2b: Chi-Yu|atk|1\n|turn|7\n|\n|t:|1739014307\n|move|p2b: Chi-Yu|Dark Pulse|p1a: Calyrex\n|-supereffective|p1a: Calyrex\n|-damage|p1a: Calyrex|0 fnt\n|faint|p1a: Calyrex\n|move|p2a: Lugia|Recover|p2a: Lugia\n|-heal|p2a: Lugia|59\/100\n|move|p1b: Landorus|Rock Slide|p2a: Lugia|[spread] p2a,p2b\n|-supereffective|p2b: Chi-Yu\n|-damage|p2a: Lugia|40\/100\n|-damage|p2b: Chi-Yu|24\/100\n|\n|upkeep\n|turn|8\n|-message|Farhaz_VGC forfeited.\n|\n|win|morgan01vgc\n|raw|Farhaz_VGC's rating: 1614 &rarr; <strong>1592<\/strong><br \/>(-22 for losing)\n|raw|morgan01vgc's rating: 1571 &rarr; <strong>1593<\/strong><br \/>(+22 for winning)\n|l|\u2606Farhaz_VGC\n|player|p1|\n|l|\u2606morgan01vgc\n|player|p2|\n|l| zacattack110\n","uploadtime":1739014474,"views":13,"formatid":"gen9vgc2025regg","rating":1592,"private":0,"password":null}