{"id":"gen9vgc2025regg-2296535535","format":"[Gen 9] VGC 2025 Reg G","players":["adamskorch","Rabble!"],"log":"|j|\u2606adamskorch\n|j|\u2606Rabble!\n|t:|1738973837\n|gametype|doubles\n|player|p1|adamskorch|169|1645\n|player|p2|Rabble!|101|1686\n|teamsize|p1|6\n|teamsize|p2|6\n|gen|9\n|tier|[Gen 9] VGC 2025 Reg G\n|rated|\n|rule|Species Clause: Limit one of each Pok\u00e9mon\n|rule|Item Clause: Limit 1 of each item\n|clearpoke\n|poke|p1|Whimsicott, L50, M|\n|poke|p1|Calyrex-Shadow, L50|\n|poke|p1|Ogerpon-Hearthflame, L50, F|\n|poke|p1|Incineroar, L50, F|\n|poke|p1|Rillaboom, L50, M|\n|poke|p1|Amoonguss, L50, M|\n|poke|p2|Terapagos, L50, M|\n|poke|p2|Thundurus, L50, M|\n|poke|p2|Comfey, L50, F|\n|poke|p2|Rillaboom, L50, F|\n|poke|p2|Glimmora, L50, M|\n|poke|p2|Chi-Yu, L50|\n|teampreview|4\n|inactive|Battle timer is ON: inactive players will automatically lose when time's up. (requested by adamskorch)\n|inactive|Rabble! has 60 seconds left.\n|\n|t:|1738973907\n|start\n|switch|p1a: Calyrex|Calyrex-Shadow, L50|100\/100\n|switch|p1b: Ogerpon|Ogerpon-Hearthflame, L50, F|100\/100\n|switch|p2a: Terapagos|Terapagos, L50, M|100\/100\n|switch|p2b: Rillaboom|Rillaboom, L50, F|100\/100\n|-activate|p2a: Terapagos|ability: Tera Shift\n|detailschange|p2a: Terapagos|Terapagos-Terastal, L50, M\n|-heal|p2a: Terapagos|100\/100|[silent]\n|-ability|p1a: Calyrex|As One\n|-ability|p1a: Calyrex|Unnerve\n|-ability|p1b: Ogerpon|Mold Breaker\n|-fieldstart|move: Grassy Terrain|[from] ability: Grassy Surge|[of] p2b: Rillaboom\n|turn|1\n|inactive|adamskorch has 30 seconds left.\n|\n|t:|1738973937\n|switch|p2b: Chi-Yu|Chi-Yu, L50|100\/100\n|-ability|p2b: Chi-Yu|Beads of Ruin\n|move|p1a: Calyrex|Nasty Plot|p1a: Calyrex\n|-boost|p1a: Calyrex|spa|2\n|move|p1b: Ogerpon|Ivy Cudgel|p2b: Chi-Yu|[anim] Ivy Cudgel Fire\n|-resisted|p2b: Chi-Yu\n|-damage|p2b: Chi-Yu|57\/100\n|move|p2a: Terapagos|Calm Mind|p2a: Terapagos\n|-boost|p2a: Terapagos|spa|1\n|-boost|p2a: Terapagos|spd|1\n|\n|-heal|p2b: Chi-Yu|63\/100|[from] Grassy Terrain\n|upkeep\n|turn|2\n|\n|t:|1738973962\n|-terastallize|p1a: Calyrex|Fighting\n|move|p2b: Chi-Yu|Protect|p2b: Chi-Yu\n|-singleturn|p2b: Chi-Yu|Protect\n|move|p1b: Ogerpon|Follow Me|p1b: Ogerpon\n|-singleturn|p1b: Ogerpon|move: Follow Me\n|move|p1a: Calyrex|Tera Blast|p2a: Terapagos|[anim] Tera Blast Fighting\n|-activate|p2a: Terapagos|ability: Tera Shell\n|-resisted|p2a: Terapagos\n|-damage|p2a: Terapagos|68\/100\n|move|p2a: Terapagos|Calm Mind|p2a: Terapagos\n|-boost|p2a: Terapagos|spa|1\n|-boost|p2a: Terapagos|spd|1\n|\n|-heal|p2b: Chi-Yu|69\/100|[from] Grassy Terrain\n|-heal|p2a: Terapagos|74\/100|[from] Grassy Terrain\n|-heal|p2a: Terapagos|80\/100|[from] item: Leftovers\n|upkeep\n|turn|3\n|inactive|adamskorch has 30 seconds left.\n|\n|t:|1738973991\n|move|p2a: Terapagos|Protect|p2a: Terapagos\n|-singleturn|p2a: Terapagos|Protect\n|move|p1a: Calyrex|Tera Blast|p2b: Chi-Yu|[anim] Tera Blast Fighting\n|-supereffective|p2b: Chi-Yu\n|-damage|p2b: Chi-Yu|0 fnt\n|faint|p2b: Chi-Yu\n|-ability|p1a: Calyrex|Grim Neigh|boost\n|-boost|p1a: Calyrex|spa|1\n|move|p1b: Ogerpon|Ivy Cudgel|p2a: Terapagos|[anim] Ivy Cudgel Fire\n|-activate|p2a: Terapagos|move: Protect\n|\n|-heal|p2a: Terapagos|86\/100|[from] Grassy Terrain\n|-heal|p2a: Terapagos|92\/100|[from] item: Leftovers\n|upkeep\n|\n|t:|1738974008\n|switch|p2b: Comfey|Comfey, L50, F|100\/100\n|turn|4\n|\n|t:|1738974031\n|move|p2b: Comfey|Floral Healing|p2a: Terapagos\n|-heal|p2a: Terapagos|100\/100\n|move|p1a: Calyrex|Tera Blast|p2a: Terapagos|[anim] Tera Blast Fighting\n|-activate|p2a: Terapagos|ability: Tera Shell\n|-resisted|p2a: Terapagos\n|-damage|p2a: Terapagos|78\/100\n|move|p1b: Ogerpon|Ivy Cudgel|p2b: Comfey|[anim] Ivy Cudgel Fire\n|-damage|p2b: Comfey|41\/100\n|move|p2a: Terapagos|Tera Starstorm|p1a: Calyrex\n|-damage|p1a: Calyrex|8\/100\n|\n|-heal|p1a: Calyrex|14\/100|[from] Grassy Terrain\n|-heal|p2b: Comfey|47\/100|[from] Grassy Terrain\n|-heal|p2a: Terapagos|84\/100|[from] Grassy Terrain\n|-heal|p2a: Terapagos|90\/100|[from] item: Leftovers\n|upkeep\n|turn|5\n|\n|t:|1738974054\n|move|p1a: Calyrex|Protect|p1a: Calyrex\n|-singleturn|p1a: Calyrex|Protect\n|move|p2b: Comfey|Draining Kiss|p1a: Calyrex\n|-activate|p1a: Calyrex|move: Protect\n|move|p1b: Ogerpon|Ivy Cudgel|p2b: Comfey|[anim] Ivy Cudgel Fire\n|-damage|p2b: Comfey|0 fnt\n|faint|p2b: Comfey\n|move|p2a: Terapagos|Tera Starstorm|p1b: Ogerpon\n|-damage|p1b: Ogerpon|12\/100\n|\n|-heal|p1a: Calyrex|20\/100|[from] Grassy Terrain\n|-heal|p1b: Ogerpon|18\/100|[from] Grassy Terrain\n|-heal|p2a: Terapagos|96\/100|[from] Grassy Terrain\n|-heal|p2a: Terapagos|100\/100|[from] item: Leftovers\n|-fieldend|move: Grassy Terrain\n|upkeep\n|\n|t:|1738974073\n|switch|p2b: Rillaboom|Rillaboom, L50, F|100\/100\n|-fieldstart|move: Grassy Terrain|[from] ability: Grassy Surge|[of] p2b: Rillaboom\n|turn|6\n|inactive|Rabble! has 30 seconds left.\n|\n|t:|1738974102\n|switch|p1a: Incineroar|Incineroar, L50, F|100\/100\n|-ability|p1a: Incineroar|Intimidate|boost\n|-unboost|p2a: Terapagos|atk|1\n|-unboost|p2b: Rillaboom|atk|1\n|-terastallize|p2a: Terapagos|Stellar\n|detailschange|p2a: Terapagos|Terapagos-Stellar, L50, M, tera:Stellar\n|-heal|p2a: Terapagos|100\/100|[silent]\n|-ability|p2a: Terapagos|Teraform Zero\n|-fieldend|move: Grassy Terrain\n|move|p1b: Ogerpon|Spiky Shield|p1b: Ogerpon\n|-singleturn|p1b: Ogerpon|move: Protect\n|move|p2b: Rillaboom|Fake Out|p1a: Incineroar\n|-damage|p1a: Incineroar|94\/100\n|move|p2a: Terapagos|Tera Starstorm|p1b: Ogerpon|[spread] p1a\n|-activate|p1b: Ogerpon|move: Protect\n|-damage|p1a: Incineroar|46\/100\n|-enditem|p1a: Incineroar|Sitrus Berry|[eat]\n|-heal|p1a: Incineroar|71\/100|[from] item: Sitrus Berry\n|\n|upkeep\n|turn|7\n|inactive|adamskorch has 30 seconds left.\n|\n|t:|1738974128\n|move|p1b: Ogerpon|Ivy Cudgel|p2b: Rillaboom|[anim] Ivy Cudgel Fire\n|-supereffective|p2b: Rillaboom\n|-damage|p2b: Rillaboom|0 fnt\n|faint|p2b: Rillaboom\n|move|p2a: Terapagos|Tera Starstorm|p1b: Ogerpon|[spread] p1a,p1b\n|-damage|p1a: Incineroar|21\/100\n|-damage|p1b: Ogerpon|0 fnt\n|faint|p1b: Ogerpon\n|move|p1a: Incineroar|Knock Off|p2a: Terapagos\n|-damage|p2a: Terapagos|83\/100\n|-enditem|p2a: Terapagos|Leftovers|[from] move: Knock Off|[of] p1a: Incineroar\n|\n|upkeep\n|\n|t:|1738974145\n|switch|p1b: Amoonguss|Amoonguss, L50, M|100\/100\n|turn|8\n|\n|t:|1738974153\n|move|p2a: Terapagos|Tera Starstorm|p1b: Amoonguss|[spread] p1a,p1b\n|-damage|p1a: Incineroar|0 fnt\n|-damage|p1b: Amoonguss|50\/100\n|faint|p1a: Incineroar\n|move|p1b: Amoonguss|Spore|p2a: Terapagos\n|-status|p2a: Terapagos|slp|[from] move: Spore\n|\n|upkeep\n|\n|t:|1738974160\n|switch|p1a: Calyrex|Calyrex-Shadow, L50, tera:Fighting|20\/100\n|-ability|p1a: Calyrex|As One\n|-ability|p1a: Calyrex|Unnerve\n|turn|9\n|\n|t:|1738974177\n|move|p1a: Calyrex|Tera Blast|p2a: Terapagos|[anim] Tera Blast Fighting\n|-supereffective|p2a: Terapagos\n|-damage|p2a: Terapagos|57\/100 slp\n|cant|p2a: Terapagos|slp\n|move|p1b: Amoonguss|Sludge Bomb|p2a: Terapagos\n|-damage|p2a: Terapagos|49\/100 slp\n|\n|upkeep\n|turn|10\n|\n|t:|1738974188\n|move|p1a: Calyrex|Tera Blast|p2a: Terapagos|[anim] Tera Blast Fighting\n|-supereffective|p2a: Terapagos\n|-damage|p2a: Terapagos|24\/100 slp\n|cant|p2a: Terapagos|slp\n|move|p1b: Amoonguss|Sludge Bomb|p2a: Terapagos\n|-damage|p2a: Terapagos|15\/100 slp\n|\n|upkeep\n|turn|11\n|\n|t:|1738974199\n|move|p1a: Calyrex|Tera Blast|p2a: Terapagos|[anim] Tera Blast Fighting\n|-supereffective|p2a: Terapagos\n|-damage|p2a: Terapagos|0 fnt\n|faint|p2a: Terapagos\n|\n|win|adamskorch\n|raw|adamskorch's rating: 1645 &rarr; <strong>1667<\/strong><br \/>(+22 for winning)\n|raw|Rabble!'s rating: 1686 &rarr; <strong>1664<\/strong><br \/>(-22 for losing)\n|l|\u2606adamskorch\n|player|p1|\n|l|\u2606Rabble!\n|player|p2|\n","uploadtime":1738974408,"views":18,"formatid":"gen9vgc2025regg","rating":1664,"private":0,"password":null}