{"id":"gen9vgc2025regg-2296570484","format":"[Gen 9] VGC 2025 Reg G","players":["ScribbleScribble","qiin5"],"log":"|j|\u2606ScribbleScribble\n|j|\u2606qiin5\n|t:|1738978444\n|gametype|doubles\n|player|p1|ScribbleScribble|gardenia-masters|1589\n|player|p2|qiin5|265|1636\n|teamsize|p1|6\n|teamsize|p2|6\n|gen|9\n|tier|[Gen 9] VGC 2025 Reg G\n|rated|\n|rule|Species Clause: Limit one of each Pok\u00e9mon\n|rule|Item Clause: Limit 1 of each item\n|clearpoke\n|poke|p1|Calyrex-Ice, L50|\n|poke|p1|Farigiraf, L50, F|\n|poke|p1|Iron Valiant, L50|\n|poke|p1|Ogerpon-Wellspring, L50, F|\n|poke|p1|Roaring Moon, L50|\n|poke|p1|Landorus, L50, M|\n|poke|p2|Zamazenta-*, L50|\n|poke|p2|Chien-Pao, L50|\n|poke|p2|Amoonguss, L50, M|\n|poke|p2|Raging Bolt, L50|\n|poke|p2|Dragonite, L50, F|\n|poke|p2|Ditto, L50|\n|teampreview|4\n|inactive|Battle timer is ON: inactive players will automatically lose when time's up. (requested by ScribbleScribble)\n|j| IshzarkVGC\n|\n|t:|1738978473\n|start\n|switch|p1a: Landorus|Landorus, L50, M|100\/100\n|switch|p1b: Roaring Moon|Roaring Moon, L50|100\/100\n|switch|p2a: Chien-Pao|Chien-Pao, L50|100\/100\n|switch|p2b: Dragonite|Dragonite, L50, F|100\/100\n|-ability|p2a: Chien-Pao|Sword of Ruin\n|-enditem|p1b: Roaring Moon|Booster Energy\n|-activate|p1b: Roaring Moon|ability: Protosynthesis|[fromitem]\n|-start|p1b: Roaring Moon|protosynthesisspe\n|turn|1\n|\n|t:|1738978486\n|move|p1a: Landorus|Protect|p1a: Landorus\n|-singleturn|p1a: Landorus|Protect\n|move|p1b: Roaring Moon|Tailwind|p1b: Roaring Moon\n|-sidestart|p1: ScribbleScribble|move: Tailwind\n|move|p2a: Chien-Pao|Ice Spinner|p1a: Landorus\n|-activate|p1a: Landorus|move: Protect\n|move|p2b: Dragonite|Low Kick|p1b: Roaring Moon\n|-supereffective|p1b: Roaring Moon\n|-damage|p1b: Roaring Moon|0 fnt\n|faint|p1b: Roaring Moon\n|-end|p1b: Roaring Moon|Protosynthesis|[silent]\n|\n|upkeep\n|\n|t:|1738978499\n|switch|p1b: Calyrex|Calyrex-Ice, L50|100\/100\n|-ability|p1b: Calyrex|As One\n|-ability|p1b: Calyrex|Unnerve\n|turn|2\n|inactive|qiin5 has 30 seconds left.\n|\n|t:|1738978531\n|switch|p2b: Zamazenta|Zamazenta-Crowned, L50|100\/100\n|-ability|p2b: Zamazenta|Dauntless Shield|boost\n|-boost|p2b: Zamazenta|def|1\n|-terastallize|p1a: Landorus|Poison\n|move|p1a: Landorus|Earth Power|p2a: Chien-Pao\n|-enditem|p2a: Chien-Pao|Focus Sash\n|-damage|p2a: Chien-Pao|1\/100\n|move|p1b: Calyrex|Glacial Lance|p2b: Zamazenta|[spread] p2a,p2b\n|-resisted|p2a: Chien-Pao\n|-resisted|p2b: Zamazenta\n|-damage|p2a: Chien-Pao|0 fnt\n|-damage|p2b: Zamazenta|87\/100\n|faint|p2a: Chien-Pao\n|-ability|p1b: Calyrex|Chilling Neigh|boost\n|-boost|p1b: Calyrex|atk|1\n|\n|upkeep\n|\n|t:|1738978551\n|switch|p2a: Dragonite|Dragonite, L50, F|100\/100\n|turn|3\n|j| playrornds\n|\n|t:|1738978567\n|switch|p1b: Ogerpon|Ogerpon-Wellspring, L50, F|100\/100\n|-terastallize|p2b: Zamazenta|Dragon\n|move|p2b: Zamazenta|Wide Guard|p2b: Zamazenta\n|-singleturn|p2b: Zamazenta|Wide Guard\n|move|p1a: Landorus|Earth Power|p2b: Zamazenta\n|-damage|p2b: Zamazenta|25\/100\n|move|p2a: Dragonite|Outrage|p1b: Ogerpon\n|-damage|p1b: Ogerpon|0 fnt\n|faint|p1b: Ogerpon\n|\n|upkeep\n|\n|t:|1738978575\n|switch|p1b: Calyrex|Calyrex-Ice, L50|100\/100\n|-ability|p1b: Calyrex|As One\n|-ability|p1b: Calyrex|Unnerve\n|turn|4\n|\n|t:|1738978582\n|move|p2b: Zamazenta|Wide Guard|p2b: Zamazenta\n|-singleturn|p2b: Zamazenta|Wide Guard\n|move|p1a: Landorus|Earth Power|p2b: Zamazenta\n|-crit|p2b: Zamazenta\n|-damage|p2b: Zamazenta|0 fnt\n|faint|p2b: Zamazenta\n|move|p1b: Calyrex|Glacial Lance|p2a: Dragonite\n|-activate|p2a: Dragonite|move: Wide Guard\n|move|p2a: Dragonite|Outrage|p1b: Calyrex|[from] lockedmove\n|-damage|p1b: Calyrex|28\/100\n|\n|-sideend|p1: ScribbleScribble|move: Tailwind\n|upkeep\n|\n|t:|1738978591\n|switch|p2b: Ditto|Ditto, L50|100\/100\n|-transform|p2b: Ditto|p1a: Landorus|[from] ability: Imposter\n|-start|p2b: Ditto|typechange|Ground\/Flying|[silent]\n|turn|5\n|\n|t:|1738978598\n|move|p2b: Ditto|Earth Power|p1b: Calyrex\n|-damage|p1b: Calyrex|0 fnt\n|faint|p1b: Calyrex\n|move|p1a: Landorus|Sludge Bomb|p2a: Dragonite\n|-damage|p2a: Dragonite|33\/100\n|move|p2a: Dragonite|Outrage|p1a: Landorus|[from] lockedmove\n|-damage|p1a: Landorus|0 fnt\n|faint|p1a: Landorus\n|-start|p2a: Dragonite|confusion|[fatigue]\n|\n|win|qiin5\n|raw|ScribbleScribble's rating: 1589 &rarr; <strong>1572<\/strong><br \/>(-17 for losing)\n|raw|qiin5's rating: 1636 &rarr; <strong>1653<\/strong><br \/>(+17 for winning)\n|l|\u2606qiin5\n|player|p2|\n|l| IshzarkVGC\n","uploadtime":1738978866,"views":6,"formatid":"gen9vgc2025regg","rating":1572,"private":0,"password":null}