{"id":"gen9vgc2025regg-2296949755","format":"[Gen 9] VGC 2025 Reg G","players":["elvegis1","William_Guidi_98"],"log":"|j|\u2606elvegis1\n|j|\u2606William_Guidi_98\n|t:|1739039658\n|gametype|doubles\n|player|p1|elvegis1|lucas|1659\n|player|p2|William_Guidi_98|2|1635\n|teamsize|p1|6\n|teamsize|p2|6\n|gen|9\n|tier|[Gen 9] VGC 2025 Reg G\n|rated|\n|rule|Species Clause: Limit one of each Pok\u00e9mon\n|rule|Item Clause: Limit 1 of each item\n|clearpoke\n|poke|p1|Calyrex-Shadow, L50|\n|poke|p1|Urshifu-*, L50, F|\n|poke|p1|Whimsicott, L50, M|\n|poke|p1|Incineroar, L50, M|\n|poke|p1|Ditto, L50|\n|poke|p1|Regidrago, L50|\n|poke|p2|Calyrex-Shadow, L50|\n|poke|p2|Indeedee-F, L50, F|\n|poke|p2|Chi-Yu, L50|\n|poke|p2|Tornadus, L50, M|\n|poke|p2|Urshifu-*, L50, M|\n|poke|p2|Raging Bolt, L50|\n|teampreview|4\n|inactive|Battle timer is ON: inactive players will automatically lose when time's up. (requested by William_Guidi_98)\n|inactive|elvegis1 has 60 seconds left.\n|\n|t:|1739039695\n|start\n|switch|p1a: Whimsicott|Whimsicott, L50, M|100\/100\n|switch|p1b: Calyrex|Calyrex-Shadow, L50|100\/100\n|switch|p2a: Chi-Yu|Chi-Yu, L50|100\/100\n|switch|p2b: Tornadus|Tornadus, L50, M|100\/100\n|-ability|p1b: Calyrex|As One\n|-ability|p1b: Calyrex|Unnerve\n|-ability|p2a: Chi-Yu|Beads of Ruin\n|turn|1\n|inactive|elvegis1 has 30 seconds left.\n|inactive|elvegis1 has 20 seconds left.\n|inactive|elvegis1 has 15 seconds left.\n|inactive|elvegis1 has 10 seconds left.\n|\n|t:|1739039743\n|switch|p1b: Ditto|Ditto, L50|100\/100\n|-transform|p1b: Ditto|p2a: Chi-Yu|[from] ability: Imposter\n|-ability|p1b: Ditto|Beads of Ruin\n|move|p1a: Whimsicott|Tailwind|p1a: Whimsicott\n|-sidestart|p1: elvegis1|move: Tailwind\n|move|p2a: Chi-Yu|Heat Wave|p1a: Whimsicott|[spread] p1a,p1b\n|-supereffective|p1a: Whimsicott\n|-resisted|p1b: Ditto\n|-damage|p1a: Whimsicott|0 fnt\n|-damage|p1b: Ditto|71\/100\n|faint|p1a: Whimsicott\n|move|p2b: Tornadus|Bleakwind Storm|p1b: Ditto\n|-damage|p1b: Ditto|34\/100\n|-unboost|p1b: Ditto|spe|1\n|\n|upkeep\n|j| lsslsssllsslsssl\n|l| lsslsssllsslsssl\n|\n|t:|1739039760\n|switch|p1a: Regidrago|Regidrago, L50|100\/100\n|turn|2\n|\n|t:|1739039771\n|move|p2b: Tornadus|Tailwind|p2b: Tornadus\n|-sidestart|p2: William_Guidi_98|move: Tailwind\n|move|p2a: Chi-Yu|Heat Wave|p1b: Ditto|[spread] p1a\n|-miss|p2a: Chi-Yu|p1b: Ditto\n|-resisted|p1a: Regidrago\n|-damage|p1a: Regidrago|60\/100\n|move|p1a: Regidrago|Dragon Energy|p2a: Chi-Yu|[spread] p2a,p2b\n|-damage|p2a: Chi-Yu|27\/100\n|-damage|p2b: Tornadus|39\/100\n|move|p1b: Ditto|Snarl|p2b: Tornadus|[spread] p2a,p2b\n|-resisted|p2a: Chi-Yu\n|-damage|p2a: Chi-Yu|14\/100\n|-damage|p2b: Tornadus|17\/100\n|-unboost|p2a: Chi-Yu|spa|1\n|\n|upkeep\n|turn|3\n|j| ok3rd\n|l| ok3rd\n|\n|t:|1739039794\n|move|p1a: Regidrago|Protect|p1a: Regidrago\n|-singleturn|p1a: Regidrago|Protect\n|move|p2a: Chi-Yu|Heat Wave|p1b: Ditto|[spread] p1b\n|-activate|p1a: Regidrago|move: Protect\n|-resisted|p1b: Ditto\n|-damage|p1b: Ditto|14\/100\n|move|p2b: Tornadus|Bleakwind Storm|p1a: Regidrago|[spread] p1b\n|-activate|p1a: Regidrago|move: Protect\n|-damage|p1b: Ditto|0 fnt\n|faint|p1b: Ditto\n|\n|upkeep\n|\n|t:|1739039806\n|switch|p1b: Calyrex|Calyrex-Shadow, L50|100\/100\n|-ability|p1b: Calyrex|As One\n|-ability|p1b: Calyrex|Unnerve\n|turn|4\n|inactive|William_Guidi_98 has 30 seconds left.\n|\n|t:|1739039835\n|move|p2b: Tornadus|Taunt|p1b: Calyrex\n|-start|p1b: Calyrex|move: Taunt\n|move|p1b: Calyrex|Astral Barrage|p2a: Chi-Yu|[spread] p2a,p2b\n|-resisted|p2a: Chi-Yu\n|-damage|p2a: Chi-Yu|0 fnt\n|-damage|p2b: Tornadus|0 fnt\n|faint|p2a: Chi-Yu\n|faint|p2b: Tornadus\n|-ability|p1b: Calyrex|Grim Neigh|boost\n|-boost|p1b: Calyrex|spa|2\n|move|p1a: Regidrago|Dragon Energy|p2: Chi-Yu|[notarget]\n|-fail|p1a: Regidrago\n|\n|-sideend|p1: elvegis1|move: Tailwind\n|upkeep\n|\n|t:|1739039840\n|switch|p2a: Calyrex|Calyrex-Shadow, L50|100\/100\n|switch|p2b: Raging Bolt|Raging Bolt, L50|100\/100\n|-ability|p2a: Calyrex|As One\n|-ability|p2a: Calyrex|Unnerve\n|turn|5\n|\n|t:|1739039854\n|-terastallize|p2a: Calyrex|Normal\n|-terastallize|p1b: Calyrex|Water\n|move|p2b: Raging Bolt|Thunderclap|p1b: Calyrex\n|-supereffective|p1b: Calyrex\n|-damage|p1b: Calyrex|0 fnt\n|faint|p1b: Calyrex\n|-damage|p2b: Raging Bolt|91\/100|[from] item: Life Orb\n|move|p2a: Calyrex|Astral Barrage|p1a: Regidrago\n|-damage|p1a: Regidrago|0 fnt\n|faint|p1a: Regidrago\n|\n|win|William_Guidi_98\n|raw|elvegis1's rating: 1659 &rarr; <strong>1638<\/strong><br \/>(-21 for losing)\n|raw|William_Guidi_98's rating: 1635 &rarr; <strong>1656<\/strong><br \/>(+21 for winning)\n|l|\u2606elvegis1\n|player|p1|\n|l|\u2606William_Guidi_98\n|player|p2|\n","uploadtime":1739040023,"views":6,"formatid":"gen9vgc2025regg","rating":1638,"private":0,"password":null}