{"id":"gen9vgc2025regg-2296334945","format":"[Gen 9] VGC 2025 Reg G","players":["orudbeck","Chococroc"],"log":"|badge|p2|bronze|gen9lc|100-4\n|uhtml|medal-msg|<div class=\"broadcast-blue\">Curious what those medals under the avatar are? PS now has Ladder Seasons! For more information, check out the <a href=\"https:\/\/www.smogon.com\/forums\/threads\/3740067\/\">thread on Smogon.<\/a><\/div>\n|j|\u2606orudbeck\n|j|\u2606Chococroc\n|t:|1738951585\n|gametype|doubles\n|player|p1|orudbeck|102|1545\n|player|p2|Chococroc|pokemaniac|1572\n|teamsize|p1|6\n|teamsize|p2|6\n|gen|9\n|tier|[Gen 9] VGC 2025 Reg G\n|rated|\n|rule|Species Clause: Limit one of each Pok\u00e9mon\n|rule|Item Clause: Limit 1 of each item\n|clearpoke\n|poke|p1|Dialga-Origin, L50|\n|poke|p1|Incineroar, L50, F|\n|poke|p1|Araquanid, L50, M|\n|poke|p1|Toxtricity, L50, M|\n|poke|p1|Urshifu-*, L50, F|\n|poke|p1|Ursaluna, L50, F|\n|poke|p2|Whimsicott, L50, F|\n|poke|p2|Chi-Yu, L50|\n|poke|p2|Flutter Mane, L50|\n|poke|p2|Raging Bolt, L50|\n|poke|p2|Amoonguss, L50, M|\n|poke|p2|Zamazenta-*, L50|\n|teampreview|4\n|\n|t:|1738951626\n|start\n|switch|p1a: Incineroar|Incineroar, L50, F|100\/100\n|switch|p1b: Dialga|Dialga-Origin, L50|100\/100\n|switch|p2a: Amoonguss|Amoonguss, L50, M, shiny|100\/100\n|switch|p2b: Raging Bolt|Raging Bolt, L50|100\/100\n|-ability|p1a: Incineroar|Intimidate|boost\n|-unboost|p2a: Amoonguss|atk|1\n|-unboost|p2b: Raging Bolt|atk|1\n|turn|1\n|\n|t:|1738951639\n|move|p1b: Dialga|Dragon Pulse|p2b: Raging Bolt\n|-supereffective|p2b: Raging Bolt\n|-damage|p2b: Raging Bolt|30\/100\n|move|p2b: Raging Bolt|Snarl|p1b: Dialga|[spread] p1a,p1b\n|-resisted|p1a: Incineroar\n|-damage|p1a: Incineroar|95\/100\n|-damage|p1b: Dialga|89\/100\n|-unboost|p1a: Incineroar|spa|1\n|-unboost|p1b: Dialga|spa|1\n|move|p1a: Incineroar|Flare Blitz|p2a: Amoonguss\n|-supereffective|p2a: Amoonguss\n|-damage|p2a: Amoonguss|0 fnt\n|faint|p2a: Amoonguss\n|-damage|p1a: Incineroar|59\/100|[from] Recoil\n|\n|upkeep\n|\n|t:|1738951650\n|switch|p2a: Zamazenta|Zamazenta-Crowned, L50|100\/100\n|-ability|p2a: Zamazenta|Dauntless Shield|boost\n|-boost|p2a: Zamazenta|def|1\n|turn|2\n|j| numberonebosskfan\n|\n|t:|1738951673\n|-terastallize|p1b: Dialga|Bug\n|move|p2a: Zamazenta|Body Press|p1b: Dialga\n|-resisted|p1b: Dialga\n|-damage|p1b: Dialga|60\/100\n|move|p2b: Raging Bolt|Thunderbolt|p1a: Incineroar\n|-damage|p1a: Incineroar|23\/100\n|move|p1a: Incineroar|Knock Off|p2b: Raging Bolt\n|-damage|p2b: Raging Bolt|0 fnt\n|-enditem|p2b: Raging Bolt|Assault Vest|[from] move: Knock Off|[of] p1a: Incineroar\n|faint|p2b: Raging Bolt\n|-end|p2b: Raging Bolt|Protosynthesis|[silent]\n|move|p1b: Dialga|Trick Room|p1b: Dialga\n|-fieldstart|move: Trick Room|[of] p1b: Dialga\n|\n|upkeep\n|\n|t:|1738951682\n|switch|p2b: Flutter Mane|Flutter Mane, L50|100\/100\n|turn|3\n|\n|t:|1738951695\n|move|p2a: Zamazenta|Protect|p2a: Zamazenta\n|-singleturn|p2a: Zamazenta|Protect\n|move|p2b: Flutter Mane|Protect|p2b: Flutter Mane\n|-singleturn|p2b: Flutter Mane|Protect\n|move|p1a: Incineroar|U-turn|p2b: Flutter Mane\n|-activate|p2b: Flutter Mane|move: Protect\n|move|p1b: Dialga|Flash Cannon|p2b: Flutter Mane\n|-activate|p2b: Flutter Mane|move: Protect\n|\n|upkeep\n|turn|4\n|\n|t:|1738951712\n|-terastallize|p2b: Flutter Mane|Fairy\n|move|p1a: Incineroar|U-turn|p2b: Flutter Mane\n|-resisted|p2b: Flutter Mane\n|-damage|p2b: Flutter Mane|74\/100\n|\n|t:|1738951737\n|switch|p1a: Ursaluna|Ursaluna, L50, F|100\/100|[from] U-turn\n|move|p1b: Dialga|Flash Cannon|p2b: Flutter Mane\n|-supereffective|p2b: Flutter Mane\n|-damage|p2b: Flutter Mane|0 fnt\n|faint|p2b: Flutter Mane\n|-end|p2b: Flutter Mane|Protosynthesis|[silent]\n|move|p2a: Zamazenta|Body Press|p1a: Ursaluna\n|-supereffective|p1a: Ursaluna\n|-damage|p1a: Ursaluna|4\/100\n|\n|-status|p1a: Ursaluna|brn|[from] item: Flame Orb\n|upkeep\n|turn|5\n|-message|Chococroc forfeited.\n|\n|win|orudbeck\n|raw|orudbeck's rating: 1545 &rarr; <strong>1567<\/strong><br \/>(+22 for winning)\n|raw|Chococroc's rating: 1572 &rarr; <strong>1550<\/strong><br \/>(-22 for losing)\n|l|\u2606Chococroc\n|player|p2|\n|l| numberonebosskfan\n|l|\u2606orudbeck\n|player|p1|\n","uploadtime":1738951913,"views":6,"formatid":"gen9vgc2025regg","rating":1550,"private":0,"password":null}