{"id":"gen9vgc2025regg-2296491946","format":"[Gen 9] VGC 2025 Reg G","players":["verlierenistokay2","ScribbleScribble"],"log":"|j|\u2606verlierenistokay2\n|j|\u2606ScribbleScribble\n|t:|1738968362\n|gametype|doubles\n|player|p1|verlierenistokay2|266|1599\n|player|p2|ScribbleScribble|gardenia-masters|1649\n|teamsize|p1|6\n|teamsize|p2|6\n|gen|9\n|tier|[Gen 9] VGC 2025 Reg G\n|rated|\n|rule|Species Clause: Limit one of each Pok\u00e9mon\n|rule|Item Clause: Limit 1 of each item\n|clearpoke\n|poke|p1|Reshiram, L50|\n|poke|p1|Sandy Shocks, L50|\n|poke|p1|Rillaboom, L50, M|\n|poke|p1|Ninetales, L50, F|\n|poke|p1|Chi-Yu, L50|\n|poke|p1|Tornadus, L50, M|\n|poke|p2|Calyrex-Ice, L50|\n|poke|p2|Farigiraf, L50, F|\n|poke|p2|Iron Valiant, L50|\n|poke|p2|Ogerpon-Wellspring, L50, F|\n|poke|p2|Roaring Moon, L50|\n|poke|p2|Landorus, L50, M|\n|teampreview|4\n|inactive|Battle timer is ON: inactive players will automatically lose when time's up. (requested by ScribbleScribble)\n|j| Funn yIy\n|\n|t:|1738968381\n|start\n|switch|p1a: Sandy Shocks|Sandy Shocks, L50|100\/100\n|switch|p1b: Ninetales|Ninetales, L50, F|100\/100\n|switch|p2a: Ogerpon|Ogerpon-Wellspring, L50, F|100\/100\n|switch|p2b: Calyrex|Calyrex-Ice, L50|100\/100\n|-ability|p2b: Calyrex|As One\n|-ability|p2b: Calyrex|Unnerve\n|-weather|SunnyDay|[from] ability: Drought|[of] p1b: Ninetales\n|-activate|p1a: Sandy Shocks|ability: Protosynthesis\n|-start|p1a: Sandy Shocks|protosynthesisspe\n|turn|1\n|\n|t:|1738968398\n|move|p2a: Ogerpon|Follow Me|p2a: Ogerpon\n|-singleturn|p2a: Ogerpon|move: Follow Me\n|move|p1a: Sandy Shocks|Gravity|p1a: Sandy Shocks\n|-fieldstart|move: Gravity\n|move|p1b: Ninetales|Hypnosis|p2a: Ogerpon\n|-status|p2a: Ogerpon|slp|[from] move: Hypnosis\n|move|p2b: Calyrex|Trick Room|p2b: Calyrex\n|-fieldstart|move: Trick Room|[of] p2b: Calyrex\n|\n|-weather|SunnyDay|[upkeep]\n|upkeep\n|turn|2\n|\n|t:|1738968413\n|switch|p2a: Landorus|Landorus, L50, M|100\/100\n|move|p1a: Sandy Shocks|Protect|p1a: Sandy Shocks\n|-singleturn|p1a: Sandy Shocks|Protect\n|move|p2b: Calyrex|High Horsepower|p1b: Ninetales\n|-supereffective|p1b: Ninetales\n|-damage|p1b: Ninetales|2\/100\n|move|p1b: Ninetales|Hypnosis|p2b: Calyrex\n|-status|p2b: Calyrex|slp|[from] move: Hypnosis\n|\n|-weather|SunnyDay|[upkeep]\n|upkeep\n|turn|3\n|inactive|verlierenistokay2 has 30 seconds left.\n|inactive|verlierenistokay2 has 20 seconds left.\n|inactive|verlierenistokay2 has 15 seconds left.\n|j| ChilledLotusA\n|inactive|verlierenistokay2 has 10 seconds left.\n|inactive|verlierenistokay2 has 5 seconds left.\n|\n|t:|1738968463\n|cant|p2b: Calyrex|slp\n|move|p2a: Landorus|Sandsear Storm|p1b: Ninetales|[spread] p1a,p1b\n|-supereffective|p1a: Sandy Shocks\n|-supereffective|p1b: Ninetales\n|-damage|p1a: Sandy Shocks|0 fnt\n|-damage|p1b: Ninetales|0 fnt\n|faint|p1a: Sandy Shocks\n|-end|p1a: Sandy Shocks|Protosynthesis|[silent]\n|faint|p1b: Ninetales\n|\n|-weather|SunnyDay|[upkeep]\n|upkeep\n|\n|t:|1738968470\n|switch|p1b: Reshiram|Reshiram, L50|100\/100\n|switch|p1a: Tornadus|Tornadus, L50, M|100\/100\n|-ability|p1b: Reshiram|Turboblaze\n|turn|4\n|\n|t:|1738968486\n|-terastallize|p1b: Reshiram|Fire\n|cant|p2b: Calyrex|slp\n|move|p2a: Landorus|Sandsear Storm|p1a: Tornadus|[spread] p1a,p1b\n|-supereffective|p1b: Reshiram\n|-crit|p1b: Reshiram\n|-damage|p1a: Tornadus|29\/100\n|-damage|p1b: Reshiram|0 fnt\n|faint|p1b: Reshiram\n|move|p1a: Tornadus|Bleakwind Storm|p2b: Calyrex|[spread] p2a,p2b\n|-damage|p2a: Landorus|68\/100\n|-damage|p2b: Calyrex|75\/100 slp\n|-unboost|p2a: Landorus|spe|1\n|\n|-weather|SunnyDay|[upkeep]\n|-heal|p1a: Tornadus|35\/100|[from] item: Leftovers\n|upkeep\n|turn|5\n|-message|verlierenistokay2 forfeited.\n|\n|win|ScribbleScribble\n|raw|verlierenistokay2's rating: 1599 &rarr; <strong>1582<\/strong><br \/>(-17 for losing)\n|raw|ScribbleScribble's rating: 1649 &rarr; <strong>1666<\/strong><br \/>(+17 for winning)\n|l|\u2606verlierenistokay2\n|player|p1|\n|l| ChilledLotusA\n|l|\u2606ScribbleScribble\n|player|p2|\n|l| Funn yIy\n","uploadtime":1738968709,"views":18,"formatid":"gen9vgc2025regg","rating":1582,"private":0,"password":null}