{"id":"gen9vgc2025regg-2296873476","format":"[Gen 9] VGC 2025 Reg G","players":["radiantwf4","Doc_MrMega"],"log":"|j|\u203dradiantwf4\n|j|\u2606Doc_MrMega\n|t:|1739030368\n|gametype|doubles\n|player|p1|radiantwf4|265|1650\n|player|p2|Doc_MrMega|lucas|1679\n|teamsize|p1|6\n|teamsize|p2|6\n|gen|9\n|tier|[Gen 9] VGC 2025 Reg G\n|rated|\n|rule|Species Clause: Limit one of each Pok\u00e9mon\n|rule|Item Clause: Limit 1 of each item\n|clearpoke\n|poke|p1|Ditto, L50|\n|poke|p1|Whimsicott, L50, M|\n|poke|p1|Calyrex-Ice, L50|\n|poke|p1|Incineroar, L50, M|\n|poke|p1|Landorus, L50, M|\n|poke|p1|Amoonguss, L50, F|\n|poke|p2|Calyrex-Ice, L50|\n|poke|p2|Landorus, L50, M|\n|poke|p2|Amoonguss, L50, M|\n|poke|p2|Urshifu-*, L50, F|\n|poke|p2|Roaring Moon, L50|\n|poke|p2|Ogerpon-Hearthflame, L50, F|\n|teampreview|4\n|inactive|Battle timer is ON: inactive players will automatically lose when time's up. (requested by radiantwf4)\n|j| rosmarino1\n|inactive|Doc_MrMega has 60 seconds left.\n|\n|t:|1739030413\n|start\n|switch|p1a: Incineroar|Incineroar, L50, M|100\/100\n|switch|p1b: Calyrex|Calyrex-Ice, L50|100\/100\n|switch|p2a: Roaring Moon|Roaring Moon, L50|100\/100\n|switch|p2b: Urshifu|Urshifu-Rapid-Strike, L50, F|100\/100\n|-ability|p1b: Calyrex|As One\n|-ability|p1b: Calyrex|Unnerve\n|-ability|p1a: Incineroar|Intimidate|boost\n|-unboost|p2a: Roaring Moon|atk|1\n|-unboost|p2b: Urshifu|atk|1\n|-enditem|p2a: Roaring Moon|Booster Energy\n|-activate|p2a: Roaring Moon|ability: Protosynthesis|[fromitem]\n|-start|p2a: Roaring Moon|protosynthesisspe\n|turn|1\n|\n|t:|1739030428\n|-terastallize|p1b: Calyrex|Water\n|move|p2a: Roaring Moon|Protect|p2a: Roaring Moon\n|-singleturn|p2a: Roaring Moon|Protect\n|move|p2b: Urshifu|Detect|p2b: Urshifu\n|-singleturn|p2b: Urshifu|Protect\n|move|p1b: Calyrex|Glacial Lance|p2b: Urshifu|[spread] \n|-activate|p2a: Roaring Moon|move: Protect\n|-activate|p2b: Urshifu|move: Protect\n|move|p1a: Incineroar|Will-O-Wisp|p2b: Urshifu\n|-activate|p2b: Urshifu|move: Protect\n|\n|upkeep\n|turn|2\n|\n|t:|1739030439\n|move|p2a: Roaring Moon|Tailwind|p2a: Roaring Moon\n|-sidestart|p2: Doc_MrMega|move: Tailwind\n|move|p2b: Urshifu|Surging Strikes|p1a: Incineroar\n|-supereffective|p1a: Incineroar\n|-crit|p1a: Incineroar\n|-damage|p1a: Incineroar|53\/100\n|-supereffective|p1a: Incineroar\n|-crit|p1a: Incineroar\n|-damage|p1a: Incineroar|7\/100\n|-enditem|p1a: Incineroar|Sitrus Berry|[eat]\n|-heal|p1a: Incineroar|32\/100|[from] item: Sitrus Berry\n|-supereffective|p1a: Incineroar\n|-crit|p1a: Incineroar\n|-damage|p1a: Incineroar|0 fnt\n|faint|p1a: Incineroar\n|-hitcount|p1: Incineroar|3\n|move|p1b: Calyrex|Glacial Lance|p2a: Roaring Moon|[spread] p2a,p2b\n|-supereffective|p2a: Roaring Moon\n|-resisted|p2b: Urshifu\n|-damage|p2a: Roaring Moon|0 fnt\n|-damage|p2b: Urshifu|77\/100\n|faint|p2a: Roaring Moon\n|-end|p2a: Roaring Moon|Protosynthesis|[silent]\n|-ability|p1b: Calyrex|Chilling Neigh|boost\n|-boost|p1b: Calyrex|atk|1\n|\n|upkeep\n|\n|t:|1739030448\n|switch|p2a: Ogerpon|Ogerpon-Hearthflame, L50, F|100\/100\n|switch|p1a: Whimsicott|Whimsicott, L50, M|100\/100\n|-ability|p2a: Ogerpon|Mold Breaker\n|turn|3\n|\n|t:|1739030465\n|switch|p1b: Landorus|Landorus, L50, M|100\/100\n|-terastallize|p2a: Ogerpon|Fire\n|detailschange|p2a: Ogerpon|Ogerpon-Hearthflame-Tera, L50, F, tera:Fire\n|-ability|p2a: Ogerpon|Embody Aspect (Hearthflame)|boost\n|-boost|p2a: Ogerpon|atk|1\n|move|p1a: Whimsicott|Tailwind|p1a: Whimsicott\n|-sidestart|p1: radiantwf4|move: Tailwind\n|move|p2a: Ogerpon|Horn Leech|p1b: Landorus\n|-damage|p1b: Landorus|47\/100\n|move|p2b: Urshifu|Surging Strikes|p1b: Landorus\n|-supereffective|p1b: Landorus\n|-crit|p1b: Landorus\n|-damage|p1b: Landorus|0 fnt\n|faint|p1b: Landorus\n|-hitcount|p1: Landorus|1\n|\n|upkeep\n|\n|t:|1739030468\n|switch|p1b: Calyrex|Calyrex-Ice, L50, tera:Water|100\/100\n|-ability|p1b: Calyrex|As One\n|-ability|p1b: Calyrex|Unnerve\n|turn|4\n|\n|t:|1739030491\n|move|p2b: Urshifu|Detect|p2b: Urshifu\n|-singleturn|p2b: Urshifu|Protect\n|move|p1b: Calyrex|Protect|p1b: Calyrex\n|-singleturn|p1b: Calyrex|Protect\n|move|p1a: Whimsicott|Endeavor|p2a: Ogerpon\n|-damage|p2a: Ogerpon|66\/100\n|move|p2a: Ogerpon|Horn Leech|p1b: Calyrex\n|-activate|p1b: Calyrex|move: Protect\n|\n|upkeep\n|turn|5\n|\n|t:|1739030511\n|move|p1a: Whimsicott|Encore|p2b: Urshifu\n|-start|p2b: Urshifu|Encore\n|move|p2a: Ogerpon|Horn Leech|p1b: Calyrex\n|-supereffective|p1b: Calyrex\n|-damage|p1b: Calyrex|22\/100\n|-heal|p2a: Ogerpon|100\/100|[from] drain|[of] p1b: Calyrex\n|move|p2b: Urshifu|Detect||[still]\n|-fail|p2b: Urshifu\n|move|p1b: Calyrex|High Horsepower|p2a: Ogerpon\n|-supereffective|p2a: Ogerpon\n|-damage|p2a: Ogerpon|36\/100\n|\n|-sideend|p2: Doc_MrMega|move: Tailwind\n|upkeep\n|turn|6\n|\n|t:|1739030535\n|switch|p2a: Calyrex|Calyrex-Ice, L50|100\/100\n|-ability|p2a: Calyrex|As One\n|-ability|p2a: Calyrex|Unnerve\n|move|p2b: Urshifu|Detect|p2b: Urshifu\n|-singleturn|p2b: Urshifu|Protect\n|move|p1a: Whimsicott|Endeavor|p2b: Urshifu\n|-activate|p2b: Urshifu|move: Protect\n|move|p1b: Calyrex|Glacial Lance|p2b: Urshifu|[spread] p2a\n|-activate|p2b: Urshifu|move: Protect\n|-resisted|p2a: Calyrex\n|-damage|p2a: Calyrex|82\/100\n|\n|-sideend|p1: radiantwf4|move: Tailwind\n|upkeep\n|turn|7\n|\n|t:|1739030552\n|move|p2b: Urshifu|Detect||[still]\n|-fail|p2b: Urshifu\n|move|p1a: Whimsicott|Endeavor|p2a: Calyrex\n|-damage|p2a: Calyrex|58\/100\n|move|p1b: Calyrex|Imprison|p1b: Calyrex\n|-start|p1b: Calyrex|move: Imprison\n|cant|p2a: Calyrex|move: Imprison|High Horsepower\n|\n|-end|p2b: Urshifu|Encore\n|upkeep\n|turn|8\n|inactive|Doc_MrMega has 30 seconds left.\n|inactive|Doc_MrMega has 20 seconds left.\n|inactive|Doc_MrMega has 15 seconds left.\n|inactive|Doc_MrMega has 10 seconds left.\n|inactive|Doc_MrMega has 5 seconds left.\n|\n|t:|1739030607\n|move|p1a: Whimsicott|Encore|p2b: Urshifu\n|-start|p2b: Urshifu|Encore\n|move|p2b: Urshifu|Detect|p2b: Urshifu\n|-singleturn|p2b: Urshifu|Protect\n|move|p1b: Calyrex|High Horsepower|p2b: Urshifu\n|-activate|p2b: Urshifu|move: Protect\n|move|p2a: Calyrex|Trick Room|p2a: Calyrex\n|-fieldstart|move: Trick Room|[of] p2a: Calyrex\n|\n|upkeep\n|turn|9\n|\n|t:|1739030622\n|switch|p2b: Ogerpon|Ogerpon-Hearthflame-Tera, L50, F, tera:Fire|36\/100\n|-ability|p2b: Ogerpon|Embody Aspect (Hearthflame)|boost\n|-boost|p2b: Ogerpon|atk|1\n|move|p1b: Calyrex|Glacial Lance|p2a: Calyrex|[spread] p2a,p2b\n|-resisted|p2a: Calyrex\n|-resisted|p2b: Ogerpon\n|-damage|p2a: Calyrex|42\/100\n|-damage|p2b: Ogerpon|16\/100\n|move|p1a: Whimsicott|Endeavor|p2a: Calyrex\n|-immune|p2a: Calyrex\n|move|p2a: Calyrex|Trick Room|p2a: Calyrex\n|-fieldend|move: Trick Room\n|\n|upkeep\n|turn|10\n|\n|t:|1739030644\n|switch|p2a: Urshifu|Urshifu-Rapid-Strike, L50, F|77\/100\n|move|p1b: Calyrex|Protect|p1b: Calyrex\n|-singleturn|p1b: Calyrex|Protect\n|move|p1a: Whimsicott|Encore||[still]\n|-fail|p1a: Whimsicott\n|move|p2b: Ogerpon|Horn Leech|p1b: Calyrex\n|-activate|p1b: Calyrex|move: Protect\n|\n|upkeep\n|turn|11\n|\n|t:|1739030656\n|move|p1a: Whimsicott|Tailwind|p1a: Whimsicott\n|-sidestart|p1: radiantwf4|move: Tailwind\n|move|p1b: Calyrex|Glacial Lance|p2b: Ogerpon|[spread] p2a,p2b\n|-resisted|p2a: Urshifu\n|-resisted|p2b: Ogerpon\n|-damage|p2a: Urshifu|51\/100\n|-damage|p2b: Ogerpon|0 fnt\n|faint|p2b: Ogerpon\n|-ability|p1b: Calyrex|Chilling Neigh|boost\n|-boost|p1b: Calyrex|atk|1\n|move|p2a: Urshifu|Close Combat|p1b: Calyrex\n|-damage|p1b: Calyrex|0 fnt\n|-unboost|p2a: Urshifu|def|1\n|-unboost|p2a: Urshifu|spd|1\n|faint|p1b: Calyrex\n|\n|upkeep\n|\n|t:|1739030661\n|switch|p2b: Calyrex|Calyrex-Ice, L50|42\/100\n|-ability|p2b: Calyrex|As One\n|-ability|p2b: Calyrex|Unnerve\n|turn|12\n|-message|radiantwf4 forfeited.\n|\n|win|Doc_MrMega\n|raw|radiantwf4's rating: 1650 &rarr; <strong>1632<\/strong><br \/>(-18 for losing)\n|raw|Doc_MrMega's rating: 1679 &rarr; <strong>1697<\/strong><br \/>(+18 for winning)\n|l|\u203dradiantwf4\n|player|p1|\n|l|\u2606Doc_MrMega\n|player|p2|\n|l| rosmarino1\n","uploadtime":1739030888,"views":13,"formatid":"gen9vgc2025regg","rating":1632,"private":0,"password":null}