{"id":"gen9vgc2025regg-2296132915","format":"[Gen 9] VGC 2025 Reg G","players":["lichuvgc","BorisJohnsonVGC"],"log":"|j|\u2606lichuvgc\n|j|\u2606BorisJohnsonVGC\n|t:|1738928561\n|gametype|doubles\n|player|p1|lichuvgc|265|1644\n|player|p2|BorisJohnsonVGC|lucas|1707\n|teamsize|p1|6\n|teamsize|p2|6\n|gen|9\n|tier|[Gen 9] VGC 2025 Reg G\n|rated|\n|rule|Species Clause: Limit one of each Pok\u00e9mon\n|rule|Item Clause: Limit 1 of each item\n|clearpoke\n|poke|p1|Calyrex-Ice, L50|\n|poke|p1|Urshifu-*, L50, M|\n|poke|p1|Smeargle, L50, F|\n|poke|p1|Farigiraf, L50, M|\n|poke|p1|Ursaluna-Bloodmoon, L50, M|\n|poke|p1|Torkoal, L50, F|\n|poke|p2|Kyogre, L50|\n|poke|p2|Rillaboom, L50, M|\n|poke|p2|Incineroar, L50, M|\n|poke|p2|Urshifu-*, L50, F|\n|poke|p2|Amoonguss, L50, M|\n|poke|p2|Roaring Moon, L50|\n|teampreview|4\n|\n|t:|1738928598\n|start\n|switch|p1a: Smeargle|Smeargle, L50, F|100\/100\n|switch|p1b: Calyrex|Calyrex-Ice, L50|100\/100\n|switch|p2a: Urshifu|Urshifu-Rapid-Strike, L50, F|100\/100\n|switch|p2b: Incineroar|Incineroar, L50, M|100\/100\n|-ability|p1b: Calyrex|As One\n|-ability|p1b: Calyrex|Unnerve\n|-ability|p2b: Incineroar|Intimidate|boost\n|-unboost|p1a: Smeargle|atk|1\n|-enditem|p1a: Smeargle|Eject Pack\n|-unboost|p1b: Calyrex|atk|1\n|\n|t:|1738928614\n|switch|p1a: Torkoal|Torkoal, L50, F|100\/100\n|-weather|SunnyDay|[from] ability: Drought|[of] p1a: Torkoal\n|turn|1\n|\n|t:|1738928632\n|switch|p1b: Smeargle|Smeargle, L50, F|100\/100\n|move|p2b: Incineroar|Fake Out|p1b: Smeargle\n|-damage|p1b: Smeargle|84\/100\n|move|p2a: Urshifu|U-turn|p1b: Smeargle\n|-damage|p1b: Smeargle|49\/100\n|\n|t:|1738928635\n|switch|p2a: Kyogre|Kyogre, L50|100\/100|[from] U-turn\n|-weather|RainDance|[from] ability: Drizzle|[of] p2a: Kyogre\n|move|p1a: Torkoal|Heat Wave|p2a: Kyogre|[spread] \n|-miss|p1a: Torkoal|p2a: Kyogre\n|-miss|p1a: Torkoal|p2b: Incineroar\n|\n|-weather|RainDance|[upkeep]\n|-ability|p1b: Smeargle|Moody|boost\n|-boost|p1b: Smeargle|atk|2\n|-unboost|p1b: Smeargle|spd|1\n|upkeep\n|turn|2\n|\n|t:|1738928661\n|switch|p2a: Amoonguss|Amoonguss, L50, M|100\/100\n|switch|p1a: Calyrex|Calyrex-Ice, L50|100\/100\n|-ability|p1a: Calyrex|As One\n|-ability|p1a: Calyrex|Unnerve\n|move|p1b: Smeargle|Fake Out|p2a: Amoonguss\n|-damage|p2a: Amoonguss|94\/100\n|-damage|p1b: Smeargle|33\/100|[from] item: Rocky Helmet|[of] p2a: Amoonguss\n|move|p2b: Incineroar|Will-O-Wisp|p1a: Calyrex\n|-status|p1a: Calyrex|brn\n|\n|-weather|RainDance|[upkeep]\n|-damage|p1a: Calyrex|95\/100 brn|[from] brn\n|-ability|p1b: Smeargle|Moody|boost\n|-boost|p1b: Smeargle|def|2\n|-unboost|p1b: Smeargle|spa|1\n|upkeep\n|turn|3\n|\n|t:|1738928692\n|switch|p2a: Urshifu|Urshifu-Rapid-Strike, L50, F|100\/100\n|-terastallize|p1a: Calyrex|Grass\n|move|p1b: Smeargle|Spore|p2b: Incineroar\n|-activate|p2b: Incineroar|item: Safety Goggles|Spore\n|move|p2b: Incineroar|Knock Off|p1b: Smeargle\n|-damage|p1b: Smeargle|15\/100\n|move|p1a: Calyrex|Trick Room|p1a: Calyrex\n|-fieldstart|move: Trick Room|[of] p1a: Calyrex\n|\n|-weather|RainDance|[upkeep]\n|-damage|p1a: Calyrex|89\/100 brn|[from] brn\n|-ability|p1b: Smeargle|Moody|boost\n|-boost|p1b: Smeargle|spe|2\n|-unboost|p1b: Smeargle|def|1\n|upkeep\n|turn|4\n|\n|t:|1738928727\n|switch|p1b: Torkoal|Torkoal, L50, F|100\/100\n|-weather|SunnyDay|[from] ability: Drought|[of] p1b: Torkoal\n|move|p1a: Calyrex|Bullet Seed|p2a: Urshifu\n|-supereffective|p2a: Urshifu\n|-crit|p2a: Urshifu\n|-damage|p2a: Urshifu|74\/100\n|-supereffective|p2a: Urshifu\n|-damage|p2a: Urshifu|57\/100\n|-supereffective|p2a: Urshifu\n|-damage|p2a: Urshifu|41\/100\n|-supereffective|p2a: Urshifu\n|-damage|p2a: Urshifu|25\/100\n|-hitcount|p2a: Urshifu|4\n|move|p2b: Incineroar|Knock Off|p1b: Torkoal\n|-damage|p1b: Torkoal|73\/100\n|-enditem|p1b: Torkoal|Choice Specs|[from] move: Knock Off|[of] p2b: Incineroar\n|move|p2a: Urshifu|U-turn|p1a: Calyrex\n|-supereffective|p1a: Calyrex\n|-damage|p1a: Calyrex|55\/100 brn\n|\n|t:|1738928745\n|switch|p2a: Kyogre|Kyogre, L50|100\/100|[from] U-turn\n|-weather|RainDance|[from] ability: Drizzle|[of] p2a: Kyogre\n|\n|-weather|RainDance|[upkeep]\n|-damage|p1a: Calyrex|49\/100 brn|[from] brn\n|upkeep\n|turn|5\n|\n|t:|1738928768\n|move|p1b: Torkoal|Weather Ball|p2b: Incineroar\n|-supereffective|p2b: Incineroar\n|-damage|p2b: Incineroar|31\/100\n|move|p1a: Calyrex|Glacial Lance|p2b: Incineroar|[spread] p2a,p2b\n|-resisted|p2a: Kyogre\n|-resisted|p2b: Incineroar\n|-damage|p2a: Kyogre|89\/100\n|-damage|p2b: Incineroar|18\/100\n|move|p2b: Incineroar|Parting Shot|p1a: Calyrex\n|-unboost|p1a: Calyrex|atk|1\n|-unboost|p1a: Calyrex|spa|1\n|\n|t:|1738928776\n|switch|p2b: Amoonguss|Amoonguss, L50, M|100\/100|[from] Parting Shot\n|move|p2a: Kyogre|Origin Pulse|p1b: Torkoal|[spread] p1a,p1b\n|-resisted|p1a: Calyrex\n|-supereffective|p1b: Torkoal\n|-damage|p1a: Calyrex|28\/100 brn\n|-damage|p1b: Torkoal|0 fnt\n|faint|p1b: Torkoal\n|\n|-weather|RainDance|[upkeep]\n|-heal|p2a: Kyogre|95\/100|[from] item: Leftovers\n|-damage|p1a: Calyrex|22\/100 brn|[from] brn\n|upkeep\n|\n|t:|1738928792\n|switch|p1b: Smeargle|Smeargle, L50, F|15\/100\n|turn|6\n|\n|t:|1738928801\n|move|p2b: Amoonguss|Spore|p1b: Smeargle\n|-status|p1b: Smeargle|slp|[from] move: Spore\n|move|p1a: Calyrex|Glacial Lance|p2b: Amoonguss|[spread] p2a,p2b\n|-resisted|p2a: Kyogre\n|-supereffective|p2b: Amoonguss\n|-damage|p2a: Kyogre|87\/100\n|-damage|p2b: Amoonguss|69\/100\n|cant|p1b: Smeargle|slp\n|move|p2a: Kyogre|Ice Beam|p1a: Calyrex\n|-supereffective|p1a: Calyrex\n|-damage|p1a: Calyrex|0 fnt\n|faint|p1a: Calyrex\n|\n|-weather|RainDance|[upkeep]\n|-heal|p2a: Kyogre|93\/100|[from] item: Leftovers\n|-ability|p1b: Smeargle|Moody|boost\n|-boost|p1b: Smeargle|spa|2\n|-unboost|p1b: Smeargle|def|1\n|upkeep\n|\n|t:|1738928817\n|switch|p1a: Ursaluna|Ursaluna-Bloodmoon, L50, M|100\/100\n|turn|7\n|-message|lichuvgc forfeited.\n|\n|win|BorisJohnsonVGC\n|raw|lichuvgc's rating: 1644 &rarr; <strong>1628<\/strong><br \/>(-16 for losing)\n|raw|BorisJohnsonVGC's rating: 1707 &rarr; <strong>1723<\/strong><br \/>(+16 for winning)\n|l|\u2606lichuvgc\n|player|p1|\n|l|\u2606BorisJohnsonVGC\n|player|p2|\n","uploadtime":1738929067,"views":15,"formatid":"gen9vgc2025regg","rating":1628,"private":0,"password":null}