{"id":"gen9vgc2025regg-2296068747","format":"[Gen 9] VGC 2025 Reg G","players":["ssbutan","Nightwind Husky"],"log":"|j|\u2606ssbutan\n|j|\u2606Nightwind Husky\n|t:|1738917014\n|gametype|doubles\n|player|p1|ssbutan|camper|1634\n|player|p2|Nightwind Husky|101|1608\n|teamsize|p1|6\n|teamsize|p2|6\n|gen|9\n|tier|[Gen 9] VGC 2025 Reg G\n|rated|\n|rule|Species Clause: Limit one of each Pok\u00e9mon\n|rule|Item Clause: Limit 1 of each item\n|clearpoke\n|poke|p1|Calyrex-Ice, L50|\n|poke|p1|Cresselia, L50, F|\n|poke|p1|Rillaboom, L50, M|\n|poke|p1|Urshifu-*, L50, M|\n|poke|p1|Ting-Lu, L50|\n|poke|p1|Goodra-Hisui, L50, M|\n|poke|p2|Calyrex-Ice, L50|\n|poke|p2|Landorus, L50, M|\n|poke|p2|Amoonguss, L50, M|\n|poke|p2|Urshifu-*, L50, M|\n|poke|p2|Roaring Moon, L50|\n|poke|p2|Ogerpon-Hearthflame, L50, F|\n|teampreview|4\n|inactive|Battle timer is ON: inactive players will automatically lose when time's up. (requested by ssbutan)\n|j| Rocket grunt KB\n|inactive|Nightwind Husky has 60 seconds left.\n|\n|t:|1738917046\n|start\n|switch|p1a: Calyrex|Calyrex-Ice, L50|100\/100\n|switch|p1b: Urshifu|Urshifu-Rapid-Strike, L50, M|100\/100\n|switch|p2a: Calyrex|Calyrex-Ice, L50|100\/100\n|switch|p2b: Ogerpon|Ogerpon-Hearthflame, L50, F|100\/100\n|-ability|p2a: Calyrex|As One\n|-ability|p2a: Calyrex|Unnerve\n|-ability|p1a: Calyrex|As One\n|-ability|p1a: Calyrex|Unnerve\n|-ability|p2b: Ogerpon|Mold Breaker\n|turn|1\n|j| sof.eir\n|inactive|ssbutan has 30 seconds left.\n|\n|t:|1738917073\n|move|p1b: Urshifu|U-turn|p2a: Calyrex\n|-supereffective|p2a: Calyrex\n|-damage|p2a: Calyrex|70\/100\n|\n|t:|1738917076\n|switch|p1b: Goodra|Goodra-Hisui, L50, M|100\/100|[from] U-turn\n|move|p2b: Ogerpon|Horn Leech|p1b: Goodra\n|-resisted|p1b: Goodra\n|-damage|p1b: Goodra|94\/100\n|-damage|p2b: Ogerpon|84\/100|[from] item: Rocky Helmet|[of] p1b: Goodra\n|move|p2a: Calyrex|Glacial Lance|p1a: Calyrex|[spread] p1a,p1b\n|-resisted|p1a: Calyrex\n|-damage|p1a: Calyrex|85\/100\n|-damage|p1b: Goodra|58\/100\n|move|p1a: Calyrex|Leech Seed|p2a: Calyrex\n|-start|p2a: Calyrex|move: Leech Seed\n|\n|-heal|p1a: Calyrex|90\/100|[from] item: Leftovers\n|-damage|p2a: Calyrex|58\/100|[from] Leech Seed|[of] p1a: Calyrex\n|-heal|p1a: Calyrex|100\/100|[silent]\n|upkeep\n|turn|2\n|inactive|ssbutan has 30 seconds left.\n|inactive|Nightwind Husky has 30 seconds left.\n|\n|t:|1738917110\n|switch|p1a: Urshifu|Urshifu-Rapid-Strike, L50, M|100\/100\n|move|p2b: Ogerpon|Ivy Cudgel|p1a: Urshifu|[anim] Ivy Cudgel Fire\n|-resisted|p1a: Urshifu\n|-damage|p1a: Urshifu|76\/100\n|move|p2a: Calyrex|Glacial Lance|p1a: Urshifu|[spread] p1a,p1b\n|-resisted|p1a: Urshifu\n|-damage|p1a: Urshifu|50\/100\n|-damage|p1b: Goodra|21\/100\n|move|p1b: Goodra|Acid Armor|p1b: Goodra\n|-boost|p1b: Goodra|def|2\n|\n|-damage|p2a: Calyrex|45\/100|[from] Leech Seed|[of] p1a: Urshifu\n|-heal|p1a: Urshifu|64\/100|[silent]\n|upkeep\n|turn|3\n|\n|t:|1738917135\n|switch|p2a: Urshifu|Urshifu-Rapid-Strike, L50, M|100\/100\n|move|p1a: Urshifu|U-turn|p2a: Urshifu\n|-resisted|p2a: Urshifu\n|-crit|p2a: Urshifu\n|-damage|p2a: Urshifu|86\/100\n|\n|t:|1738917142\n|switch|p1a: Calyrex|Calyrex-Ice, L50|100\/100|[from] U-turn\n|-ability|p1a: Calyrex|As One\n|-ability|p1a: Calyrex|Unnerve\n|move|p2b: Ogerpon|Ivy Cudgel|p1b: Goodra|[anim] Ivy Cudgel Fire\n|-damage|p1b: Goodra|3\/100\n|move|p1b: Goodra|Life Dew||[still]|[spread] p1a,p1b\n|-fail|p1a: Calyrex|heal\n|-heal|p1b: Goodra|28\/100\n|\n|upkeep\n|turn|4\n|inactive|Nightwind Husky has 30 seconds left.\n|inactive|Nightwind Husky has 20 seconds left.\n|inactive|Nightwind Husky has 15 seconds left.\n|\n|t:|1738917184\n|-terastallize|p1a: Calyrex|Fairy\n|move|p2b: Ogerpon|Ivy Cudgel|p1b: Goodra|[anim] Ivy Cudgel Fire\n|-crit|p1b: Goodra\n|-damage|p1b: Goodra|0 fnt\n|faint|p1b: Goodra\n|move|p2a: Urshifu|Surging Strikes|p1a: Calyrex\n|-crit|p1a: Calyrex\n|-damage|p1a: Calyrex|86\/100\n|-crit|p1a: Calyrex\n|-damage|p1a: Calyrex|73\/100\n|-crit|p1a: Calyrex\n|-damage|p1a: Calyrex|60\/100\n|-hitcount|p1a: Calyrex|3\n|move|p1a: Calyrex|Glacial Lance|p2b: Ogerpon|[spread] p2a,p2b\n|-resisted|p2a: Urshifu\n|-damage|p2a: Urshifu|65\/100\n|-damage|p2b: Ogerpon|50\/100\n|\n|-heal|p1a: Calyrex|66\/100|[from] item: Leftovers\n|upkeep\n|\n|t:|1738917191\n|switch|p1b: Urshifu|Urshifu-Rapid-Strike, L50, M|64\/100\n|turn|5\n|inactive|Nightwind Husky has 30 seconds left.\n|\n|t:|1738917219\n|move|p1b: Urshifu|Surging Strikes|p2b: Ogerpon\n|-crit|p2b: Ogerpon\n|-damage|p2b: Ogerpon|33\/100\n|-crit|p2b: Ogerpon\n|-damage|p2b: Ogerpon|16\/100\n|-crit|p2b: Ogerpon\n|-damage|p2b: Ogerpon|0 fnt\n|faint|p2b: Ogerpon\n|-hitcount|p2: Ogerpon|3\n|move|p2a: Urshifu|Surging Strikes|p1a: Calyrex\n|-crit|p1a: Calyrex\n|-damage|p1a: Calyrex|51\/100\n|-crit|p1a: Calyrex\n|-damage|p1a: Calyrex|36\/100\n|-crit|p1a: Calyrex\n|-damage|p1a: Calyrex|21\/100\n|-hitcount|p1a: Calyrex|3\n|move|p1a: Calyrex|Glacial Lance|p2a: Urshifu\n|-resisted|p2a: Urshifu\n|-damage|p2a: Urshifu|37\/100\n|\n|-heal|p1a: Calyrex|27\/100|[from] item: Leftovers\n|upkeep\n|\n|t:|1738917241\n|switch|p2b: Landorus|Landorus, L50, M|100\/100\n|turn|6\n|\n|t:|1738917251\n|switch|p1a: Cresselia|Cresselia, L50, F|100\/100\n|-terastallize|p2b: Landorus|Water\n|move|p1b: Urshifu|Surging Strikes|p2b: Landorus\n|-resisted|p2b: Landorus\n|-crit|p2b: Landorus\n|-damage|p2b: Landorus|90\/100\n|-resisted|p2b: Landorus\n|-crit|p2b: Landorus\n|-damage|p2b: Landorus|80\/100\n|-resisted|p2b: Landorus\n|-crit|p2b: Landorus\n|-damage|p2b: Landorus|70\/100\n|-hitcount|p2b: Landorus|3\n|move|p2b: Landorus|Earth Power|p1b: Urshifu\n|-damage|p1b: Urshifu|0 fnt\n|faint|p1b: Urshifu\n|move|p2a: Urshifu|Surging Strikes|p1a: Cresselia\n|-crit|p1a: Cresselia\n|-damage|p1a: Cresselia|87\/100\n|-crit|p1a: Cresselia\n|-damage|p1a: Cresselia|73\/100\n|-crit|p1a: Cresselia\n|-damage|p1a: Cresselia|59\/100\n|-hitcount|p1a: Cresselia|3\n|\n|upkeep\n|\n|t:|1738917256\n|switch|p1b: Calyrex|Calyrex-Ice, L50, tera:Fairy|27\/100\n|-ability|p1b: Calyrex|As One\n|-ability|p1b: Calyrex|Unnerve\n|turn|7\n|-message|ssbutan forfeited.\n|\n|win|Nightwind Husky\n|raw|ssbutan's rating: 1634 &rarr; <strong>1613<\/strong><br \/>(-21 for losing)\n|raw|Nightwind Husky's rating: 1608 &rarr; <strong>1629<\/strong><br \/>(+21 for winning)\n|l|\u2606ssbutan\n|player|p1|\n","uploadtime":1738917288,"views":6,"formatid":"gen9vgc2025regg","rating":1613,"private":0,"password":null}