{"id":"gen9vgc2025regg-2296528066","format":"[Gen 9] VGC 2025 Reg G","players":["morgan01vgc","namboyVGC"],"log":"|j|\u2606morgan01vgc\n|j|\u2606namboyVGC\n|t:|1738972880\n|gametype|doubles\n|player|p1|morgan01vgc|elesa|1586\n|player|p2|namboyVGC|ethan|1599\n|teamsize|p1|6\n|teamsize|p2|6\n|gen|9\n|tier|[Gen 9] VGC 2025 Reg G\n|rated|\n|rule|Species Clause: Limit one of each Pok\u00e9mon\n|rule|Item Clause: Limit 1 of each item\n|clearpoke\n|poke|p1|Calyrex-Shadow, L50|\n|poke|p1|Weezing-Galar, L50, M|\n|poke|p1|Regigigas, L50|\n|poke|p1|Urshifu-*, L50, F|\n|poke|p1|Indeedee-F, L50, F|\n|poke|p1|Chi-Yu, L50|\n|poke|p2|Indeedee-F, L50, F|\n|poke|p2|Calyrex-Ice, L50|\n|poke|p2|Pelipper, L50, F|\n|poke|p2|Urshifu-*, L50, M|\n|poke|p2|Landorus, L50, M|\n|poke|p2|Iron Hands, L50|\n|teampreview|4\n|inactive|Battle timer is ON: inactive players will automatically lose when time's up. (requested by namboyVGC)\n|\n|t:|1738972909\n|start\n|switch|p1a: Weezing|Weezing-Galar, L50, M|100\/100\n|switch|p1b: Regigigas|Regigigas, L50|100\/100\n|switch|p2a: Indeedee|Indeedee-F, L50, F|100\/100\n|switch|p2b: Calyrex|Calyrex-Ice, L50|100\/100\n|-ability|p1a: Weezing|Neutralizing Gas\n|-ability|p2b: Calyrex|As One\n|-ability|p2b: Calyrex|Unnerve\n|turn|1\n|\n|t:|1738972925\n|move|p2a: Indeedee|Follow Me|p2a: Indeedee\n|-singleturn|p2a: Indeedee|move: Follow Me\n|move|p1b: Regigigas|Knock Off|p2a: Indeedee\n|-supereffective|p2a: Indeedee\n|-enditem|p2a: Indeedee|Focus Sash\n|-damage|p2a: Indeedee|1\/100\n|-damage|p1b: Regigigas|91\/100|[from] item: Life Orb\n|move|p1a: Weezing|Poison Gas|p2b: Calyrex|[spread] p2a,p2b\n|-status|p2a: Indeedee|psn\n|-status|p2b: Calyrex|psn\n|move|p2b: Calyrex|Trick Room|p2b: Calyrex\n|-fieldstart|move: Trick Room|[of] p2b: Calyrex\n|\n|-damage|p2b: Calyrex|88\/100 psn|[from] psn\n|-damage|p2a: Indeedee|0 fnt|[from] psn\n|faint|p2a: Indeedee\n|upkeep\n|\n|t:|1738972939\n|switch|p2a: Iron Hands|Iron Hands, L50|100\/100\n|turn|2\n|inactive|morgan01vgc has 30 seconds left.\n|\n|t:|1738972970\n|-end|p1a: Weezing|ability: Neutralizing Gas\n|-start|p1b: Regigigas|ability: Slow Start\n|switch|p1a: Indeedee|Indeedee-F, L50, F|100\/100\n|-fieldstart|move: Psychic Terrain|[from] ability: Psychic Surge|[of] p1a: Indeedee\n|move|p1b: Regigigas|Wide Guard|p1b: Regigigas\n|-singleturn|p1b: Regigigas|Wide Guard\n|move|p2b: Calyrex|High Horsepower|p1a: Indeedee\n|-damage|p1a: Indeedee|58\/100\n|move|p2a: Iron Hands|Low Kick|p1b: Regigigas\n|-supereffective|p1b: Regigigas\n|-damage|p1b: Regigigas|0 fnt\n|faint|p1b: Regigigas\n|-end|p1b: Regigigas|Slow Start|[silent]\n|\n|-damage|p2b: Calyrex|76\/100 psn|[from] psn\n|upkeep\n|\n|t:|1738972994\n|switch|p1b: Calyrex|Calyrex-Shadow, L50|100\/100\n|-ability|p1b: Calyrex|As One\n|-ability|p1b: Calyrex|Unnerve\n|turn|3\n|inactive|morgan01vgc has 30 seconds left.\n|\n|t:|1738973024\n|switch|p1a: Weezing|Weezing-Galar, L50, M|100\/100\n|-ability|p1a: Weezing|Neutralizing Gas\n|-terastallize|p2b: Calyrex|Grass\n|move|p1b: Calyrex|Protect|p1b: Calyrex\n|-singleturn|p1b: Calyrex|Protect\n|move|p2b: Calyrex|Glacial Lance|p1a: Weezing|[spread] p1a\n|-activate|p1b: Calyrex|move: Protect\n|-damage|p1a: Weezing|49\/100\n|move|p2a: Iron Hands|Wild Charge|p1b: Calyrex\n|-activate|p1b: Calyrex|move: Protect\n|\n|-damage|p2b: Calyrex|64\/100 psn|[from] psn\n|upkeep\n|turn|4\n|inactive|morgan01vgc has 30 seconds left.\n|inactive|morgan01vgc has 20 seconds left.\n|\n|t:|1738973061\n|switch|p1b: Indeedee|Indeedee-F, L50, F|58\/100\n|move|p1a: Weezing|Protect|p1a: Weezing\n|-singleturn|p1a: Weezing|Protect\n|move|p2b: Calyrex|Glacial Lance|p1a: Weezing|[spread] p1b\n|-activate|p1a: Weezing|move: Protect\n|-damage|p1b: Indeedee|0 fnt\n|faint|p1b: Indeedee\n|-ability|p2b: Calyrex|Chilling Neigh|boost\n|-boost|p2b: Calyrex|atk|1\n|move|p2a: Iron Hands|Wild Charge|p1a: Weezing\n|-activate|p1a: Weezing|move: Protect\n|\n|-damage|p2b: Calyrex|52\/100 psn|[from] psn\n|upkeep\n|\n|t:|1738973079\n|switch|p1b: Calyrex|Calyrex-Shadow, L50|100\/100\n|-ability|p1b: Calyrex|As One\n|-ability|p1b: Calyrex|Unnerve\n|turn|5\n|j| eriksp2\n|\n|t:|1738973087\n|-end|p2a: Iron Hands|Quark Drive|[silent]\n|switch|p2a: Pelipper|Pelipper, L50, F|100\/100\n|move|p1b: Calyrex|Protect|p1b: Calyrex\n|-singleturn|p1b: Calyrex|Protect\n|move|p2b: Calyrex|Glacial Lance|p1b: Calyrex|[spread] p1a\n|-activate|p1b: Calyrex|move: Protect\n|-damage|p1a: Weezing|0 fnt\n|faint|p1a: Weezing\n|-end|p1a: Weezing|ability: Neutralizing Gas\n|-weather|RainDance|[from] ability: Drizzle|[of] p2a: Pelipper\n|-ability|p2b: Calyrex|Chilling Neigh|boost\n|-boost|p2b: Calyrex|atk|1\n|\n|-weather|RainDance|[upkeep]\n|-damage|p2b: Calyrex|40\/100 psn|[from] psn\n|-fieldend|move: Trick Room\n|upkeep\n|turn|6\n|inactive|morgan01vgc has 30 seconds left.\n|inactive|namboyVGC has 30 seconds left.\n|inactive|namboyVGC has 20 seconds left.\n|\n|t:|1738973124\n|move|p2a: Pelipper|Wide Guard|p2a: Pelipper\n|-singleturn|p2a: Pelipper|Wide Guard\n|move|p1b: Calyrex|Astral Barrage|p2a: Pelipper|[spread] \n|-activate|p2a: Pelipper|move: Wide Guard\n|-activate|p2b: Calyrex|move: Wide Guard\n|move|p2b: Calyrex|Trick Room|p2b: Calyrex\n|-fieldstart|move: Trick Room|[of] p2b: Calyrex\n|\n|-weather|RainDance|[upkeep]\n|-damage|p2b: Calyrex|28\/100 psn|[from] psn\n|-fieldend|move: Psychic Terrain\n|upkeep\n|turn|7\n|-message|morgan01vgc forfeited.\n|\n|win|namboyVGC\n|raw|morgan01vgc's rating: 1586 &rarr; <strong>1567<\/strong><br \/>(-19 for losing)\n|raw|namboyVGC's rating: 1599 &rarr; <strong>1618<\/strong><br \/>(+19 for winning)\n|l|\u2606morgan01vgc\n|player|p1|\n|l|\u2606namboyVGC\n|player|p2|\n|l| eriksp2\n","uploadtime":1738973411,"views":10,"formatid":"gen9vgc2025regg","rating":1567,"private":0,"password":null}