{"id":"gen9vgc2025regg-2296219962","format":"[Gen 9] VGC 2025 Reg G","players":["Yagamoth","0l0f3rn3"],"log":"|j|\u2606Yagamoth\n|j|\u26060l0f3rn3\n|t:|1738940005\n|gametype|doubles\n|player|p1|Yagamoth|janitor|1605\n|player|p2|0l0f3rn3|101|1506\n|teamsize|p1|6\n|teamsize|p2|6\n|gen|9\n|tier|[Gen 9] VGC 2025 Reg G\n|rated|\n|rule|Species Clause: Limit one of each Pok\u00e9mon\n|rule|Item Clause: Limit 1 of each item\n|clearpoke\n|poke|p1|Kyogre, L50|\n|poke|p1|Incineroar, L50, M|\n|poke|p1|Wo-Chien, L50|\n|poke|p1|Grimmsnarl, L50, M|\n|poke|p1|Sandy Shocks, L50|\n|poke|p1|Urshifu-*, L50, M|\n|poke|p2|Whimsicott, L50, F|\n|poke|p2|Ogerpon-Cornerstone, L50, F|\n|poke|p2|Incineroar, L50, F|\n|poke|p2|Miraidon, L50|\n|poke|p2|Ursaluna-Bloodmoon, L50, M|\n|poke|p2|Farigiraf, L50, M|\n|teampreview|4\n|\n|t:|1738940034\n|start\n|switch|p1a: Grimmsnarl|Grimmsnarl, L50, M|100\/100\n|switch|p1b: Sandy Shocks|Sandy Shocks, L50|100\/100\n|switch|p2a: Whimsicott|Whimsicott, L50, F|100\/100\n|switch|p2b: Ogerpon|Ogerpon-Cornerstone, L50, F|100\/100\n|turn|1\n|j| Reflextive\n|\n|t:|1738940079\n|-end|p1b: Sandy Shocks|Protosynthesis|[silent]\n|switch|p1b: Wo-Chien|Wo-Chien, L50|100\/100\n|-ability|p1b: Wo-Chien|Tablets of Ruin\n|move|p1a: Grimmsnarl|Light Screen|p1a: Grimmsnarl\n|-sidestart|p1: Yagamoth|move: Light Screen\n|move|p2a: Whimsicott|Moonblast|p1a: Grimmsnarl\n|-supereffective|p1a: Grimmsnarl\n|-damage|p1a: Grimmsnarl|58\/100\n|move|p2b: Ogerpon|Ivy Cudgel|p1a: Grimmsnarl|[anim] Ivy Cudgel Rock\n|-damage|p1a: Grimmsnarl|10\/100\n|\n|upkeep\n|turn|2\n|\n|t:|1738940097\n|move|p1b: Wo-Chien|Protect|p1b: Wo-Chien\n|-singleturn|p1b: Wo-Chien|Protect\n|move|p1a: Grimmsnarl|Reflect|p1a: Grimmsnarl\n|-sidestart|p1: Yagamoth|Reflect\n|move|p2a: Whimsicott|Moonblast|p1b: Wo-Chien\n|-activate|p1b: Wo-Chien|move: Protect\n|move|p2b: Ogerpon|Ivy Cudgel|p1b: Wo-Chien|[anim] Ivy Cudgel Rock\n|-activate|p1b: Wo-Chien|move: Protect\n|\n|upkeep\n|turn|3\n|\n|t:|1738940109\n|switch|p2b: Miraidon|Miraidon, L50|100\/100\n|-fieldstart|move: Electric Terrain|[from] ability: Hadron Engine|[of] p2b: Miraidon\n|move|p1a: Grimmsnarl|Thunder Wave|p2b: Miraidon\n|-immune|p2b: Miraidon\n|move|p2a: Whimsicott|Moonblast|p1a: Grimmsnarl\n|-supereffective|p1a: Grimmsnarl\n|-damage|p1a: Grimmsnarl|0 fnt\n|faint|p1a: Grimmsnarl\n|move|p1b: Wo-Chien|Ruination|p2b: Miraidon\n|-damage|p2b: Miraidon|51\/100\n|\n|upkeep\n|\n|t:|1738940122\n|switch|p1a: Sandy Shocks|Sandy Shocks, L50|100\/100\n|turn|4\n|\n|t:|1738940146\n|switch|p2b: Ursaluna|Ursaluna-Bloodmoon, L50, M|100\/100\n|move|p1a: Sandy Shocks|Earth Power|p2b: Ursaluna\n|-crit|p2b: Ursaluna\n|-damage|p2b: Ursaluna|5\/100\n|move|p2a: Whimsicott|Moonblast|p1b: Wo-Chien\n|-supereffective|p1b: Wo-Chien\n|-damage|p1b: Wo-Chien|67\/100\n|move|p1b: Wo-Chien|Ruination|p2a: Whimsicott\n|-damage|p2a: Whimsicott|50\/100\n|\n|-heal|p1b: Wo-Chien|73\/100|[from] item: Leftovers\n|upkeep\n|turn|5\n|\n|t:|1738940170\n|move|p2a: Whimsicott|Tailwind|p2a: Whimsicott\n|-sidestart|p2: 0l0f3rn3|move: Tailwind\n|move|p1a: Sandy Shocks|Earth Power|p2b: Ursaluna\n|-damage|p2b: Ursaluna|0 fnt\n|faint|p2b: Ursaluna\n|move|p1b: Wo-Chien|Ruination|p2a: Whimsicott\n|-damage|p2a: Whimsicott|25\/100\n|\n|-heal|p1b: Wo-Chien|79\/100|[from] item: Leftovers\n|upkeep\n|\n|t:|1738940179\n|switch|p2b: Miraidon|Miraidon, L50|51\/100\n|-activate|p2b: Miraidon|ability: Hadron Engine\n|turn|6\n|\n|t:|1738940194\n|-terastallize|p2b: Miraidon|Electric\n|-terastallize|p1b: Wo-Chien|Poison\n|move|p2a: Whimsicott|Moonblast|p1b: Wo-Chien\n|-resisted|p1b: Wo-Chien\n|-damage|p1b: Wo-Chien|72\/100\n|move|p2b: Miraidon|Volt Switch|p1b: Wo-Chien\n|-damage|p1b: Wo-Chien|7\/100\n|\n|t:|1738940202\n|switch|p2b: Ogerpon|Ogerpon-Cornerstone, L50, F|100\/100|[from] Volt Switch\n|move|p1a: Sandy Shocks|Earth Power|p2b: Ogerpon\n|-damage|p2b: Ogerpon|42\/100\n|move|p1b: Wo-Chien|Pollen Puff|p2a: Whimsicott\n|-damage|p2a: Whimsicott|0 fnt\n|faint|p2a: Whimsicott\n|\n|-heal|p1b: Wo-Chien|14\/100|[from] item: Leftovers\n|upkeep\n|\n|t:|1738940213\n|switch|p2a: Miraidon|Miraidon, L50, tera:Electric|51\/100\n|-activate|p2a: Miraidon|ability: Hadron Engine\n|turn|7\n|\n|t:|1738940229\n|move|p2a: Miraidon|Electro Drift|p1b: Wo-Chien\n|-damage|p1b: Wo-Chien|0 fnt\n|faint|p1b: Wo-Chien\n|move|p2b: Ogerpon|Power Whip|p1a: Sandy Shocks\n|-supereffective|p1a: Sandy Shocks\n|-damage|p1a: Sandy Shocks|0 fnt\n|faint|p1a: Sandy Shocks\n|-end|p1a: Sandy Shocks|Protosynthesis|[silent]\n|\n|-fieldend|move: Electric Terrain\n|upkeep\n|\n|t:|1738940236\n|switch|p1b: Kyogre|Kyogre, L50|100\/100\n|-weather|RainDance|[from] ability: Drizzle|[of] p1b: Kyogre\n|turn|8\n|\n|t:|1738940251\n|move|p2a: Miraidon|Electro Drift|p1b: Kyogre\n|-supereffective|p1b: Kyogre\n|-damage|p1b: Kyogre|15\/100\n|move|p2b: Ogerpon|Power Whip|p1b: Kyogre\n|-supereffective|p1b: Kyogre\n|-damage|p1b: Kyogre|0 fnt\n|faint|p1b: Kyogre\n|\n|win|0l0f3rn3\n|raw|Yagamoth's rating: 1605 &rarr; <strong>1579<\/strong><br \/>(-26 for losing)\n|raw|0l0f3rn3's rating: 1506 &rarr; <strong>1532<\/strong><br \/>(+26 for winning)\n|l|\u2606Yagamoth\n|player|p1|\n|l|\u26060l0f3rn3\n|player|p2|\n","uploadtime":1738940415,"views":5,"formatid":"gen9vgc2025regg","rating":1532,"private":0,"password":null}