{"id":"gen9vgc2025regg-2296668858","format":"[Gen 9] VGC 2025 Reg G","players":["jkimkim1","lichuweijixi"],"log":"|j|\u2606jkimkim1\n|j|\u2606lichuweijixi\n|t:|1738993170\n|gametype|doubles\n|player|p1|jkimkim1|169|1628\n|player|p2|lichuweijixi|266|1532\n|teamsize|p1|6\n|teamsize|p2|6\n|gen|9\n|tier|[Gen 9] VGC 2025 Reg G\n|rated|\n|rule|Species Clause: Limit one of each Pok\u00e9mon\n|rule|Item Clause: Limit 1 of each item\n|clearpoke\n|poke|p1|Miraidon, L50|\n|poke|p1|Cresselia, L50, F|\n|poke|p1|Thundurus-Therian, L50, M|\n|poke|p1|Incineroar, L50, M|\n|poke|p1|Ursaluna, L50, M|\n|poke|p1|Whimsicott, L50, F|\n|poke|p2|Calyrex-Ice, L50|\n|poke|p2|Urshifu-*, L50, M|\n|poke|p2|Smeargle, L50, F|\n|poke|p2|Tornadus, L50, M|\n|poke|p2|Raging Bolt, L50|\n|poke|p2|Ogerpon-Hearthflame, L50, F|\n|teampreview|4\n|inactive|Battle timer is ON: inactive players will automatically lose when time's up. (requested by jkimkim1)\n|inactive|jkimkim1 has 60 seconds left.\n|\n|t:|1738993230\n|start\n|switch|p1a: Jayson tatum|Miraidon, L50|100\/100\n|switch|p1b: Kingjames|Incineroar, L50, M|100\/100\n|switch|p2a: Tornadus|Tornadus, L50, M|100\/100\n|switch|p2b: Calyrex|Calyrex-Ice, L50|100\/100\n|-ability|p2b: Calyrex|As One\n|-ability|p2b: Calyrex|Unnerve\n|-fieldstart|move: Electric Terrain|[from] ability: Hadron Engine|[of] p1a: Jayson tatum\n|-ability|p1b: Kingjames|Intimidate|boost\n|-unboost|p2a: Tornadus|atk|1\n|-unboost|p2b: Calyrex|atk|1\n|turn|1\n|\n|t:|1738993246\n|switch|p2b: Ogerpon|Ogerpon-Hearthflame, L50, F|100\/100\n|-ability|p2b: Ogerpon|Mold Breaker\n|move|p2a: Tornadus|Protect|p2a: Tornadus\n|-singleturn|p2a: Tornadus|Protect\n|move|p1b: Kingjames|Fake Out|p2b: Ogerpon\n|-damage|p2b: Ogerpon|89\/100\n|move|p1a: Jayson tatum|Volt Switch|p2a: Tornadus\n|-activate|p2a: Tornadus|move: Protect\n|\n|upkeep\n|turn|2\n|inactive|lichuweijixi has 30 seconds left.\n|\n|t:|1738993280\n|switch|p1a: \uc0ac\uc2b9\ud5cc|Cresselia, L50, F, shiny|100\/100\n|switch|p2a: Raging Bolt|Raging Bolt, L50|100\/100\n|-enditem|p2a: Raging Bolt|Booster Energy\n|-activate|p2a: Raging Bolt|ability: Protosynthesis|[fromitem]\n|-start|p2a: Raging Bolt|protosynthesisspa\n|move|p2b: Ogerpon|Encore|p1b: Kingjames\n|-start|p1b: Kingjames|Encore\n|move|p1b: Kingjames|Fake Out||[still]\n|-hint|Fake Out only works on your first turn out.\n|-fail|p1b: Kingjames\n|\n|upkeep\n|turn|3\n|inactive|jkimkim1 has 30 seconds left.\n|inactive|lichuweijixi has 30 seconds left.\n|inactive|jkimkim1 has 20 seconds left.\n|inactive|jkimkim1 has 15 seconds left.\n|\n|t:|1738993324\n|move|p1b: Kingjames|Fake Out||[still]\n|-hint|Fake Out only works on your first turn out.\n|-fail|p1b: Kingjames\n|move|p2b: Ogerpon|Taunt|p1a: \uc0ac\uc2b9\ud5cc\n|-start|p1a: \uc0ac\uc2b9\ud5cc|move: Taunt\n|move|p2a: Raging Bolt|Thunderbolt|p1b: Kingjames\n|-damage|p1b: Kingjames|12\/100\n|move|p1a: \uc0ac\uc2b9\ud5cc|Psychic|p2b: Ogerpon\n|-damage|p2b: Ogerpon|63\/100\n|\n|upkeep\n|turn|4\n|inactive|lichuweijixi has 30 seconds left.\n|\n|t:|1738993353\n|switch|p1b: Jayson tatum|Miraidon, L50|100\/100\n|-activate|p1b: Jayson tatum|ability: Hadron Engine\n|move|p2b: Ogerpon|Ivy Cudgel|p1b: Jayson tatum|[anim] Ivy Cudgel Fire\n|-resisted|p1b: Jayson tatum\n|-damage|p1b: Jayson tatum|72\/100\n|move|p2a: Raging Bolt|Draco Meteor|p1b: Jayson tatum\n|-supereffective|p1b: Jayson tatum\n|-damage|p1b: Jayson tatum|0 fnt\n|-unboost|p2a: Raging Bolt|spa|2\n|faint|p1b: Jayson tatum\n|move|p1a: \uc0ac\uc2b9\ud5cc|Psychic|p2b: Ogerpon\n|-damage|p2b: Ogerpon|38\/100\n|\n|upkeep\n|\n|t:|1738993370\n|switch|p1b: Canada bear|Ursaluna, L50, M|100\/100\n|turn|5\n|inactive|lichuweijixi has 30 seconds left.\n|\n|t:|1738993397\n|switch|p1a: Kingjames|Incineroar, L50, M|12\/100\n|-ability|p1a: Kingjames|Intimidate|boost\n|-unboost|p2a: Raging Bolt|atk|1\n|-unboost|p2b: Ogerpon|atk|1\n|-terastallize|p2b: Ogerpon|Fire\n|detailschange|p2b: Ogerpon|Ogerpon-Hearthflame-Tera, L50, F, tera:Fire\n|-ability|p2b: Ogerpon|Embody Aspect (Hearthflame)|boost\n|-boost|p2b: Ogerpon|atk|1\n|move|p2b: Ogerpon|Ivy Cudgel|p1a: Kingjames|[anim] Ivy Cudgel Fire\n|-resisted|p1a: Kingjames\n|-damage|p1a: Kingjames|0 fnt\n|faint|p1a: Kingjames\n|move|p2a: Raging Bolt|Draco Meteor|p1b: Canada bear\n|-damage|p1b: Canada bear|52\/100\n|-unboost|p2a: Raging Bolt|spa|2\n|move|p1b: Canada bear|Earthquake|p2b: Ogerpon|[spread] p2a,p2b\n|-supereffective|p2a: Raging Bolt\n|-supereffective|p2b: Ogerpon\n|-damage|p2a: Raging Bolt|25\/100\n|-damage|p2b: Ogerpon|0 fnt\n|faint|p2b: Ogerpon\n|\n|-fieldend|move: Electric Terrain\n|-status|p1b: Canada bear|brn|[from] item: Flame Orb\n|upkeep\n|\n|t:|1738993416\n|switch|p2b: Tornadus|Tornadus, L50, M|100\/100\n|switch|p1a: \uc0ac\uc2b9\ud5cc|Cresselia, L50, F, shiny|100\/100\n|turn|6\n|\n|t:|1738993432\n|move|p1b: Canada bear|Protect|p1b: Canada bear\n|-singleturn|p1b: Canada bear|Protect\n|move|p2b: Tornadus|Bleakwind Storm|p1b: Canada bear|[spread] p1a\n|-activate|p1b: Canada bear|move: Protect\n|-damage|p1a: \uc0ac\uc2b9\ud5cc|75\/100\n|move|p2a: Raging Bolt|Draco Meteor|p1b: Canada bear\n|-activate|p1b: Canada bear|move: Protect\n|move|p1a: \uc0ac\uc2b9\ud5cc|Trick Room|p1a: \uc0ac\uc2b9\ud5cc\n|-fieldstart|move: Trick Room|[of] p1a: \uc0ac\uc2b9\ud5cc\n|\n|-damage|p1b: Canada bear|46\/100 brn|[from] brn\n|upkeep\n|turn|7\n|\n|t:|1738993454\n|move|p2b: Tornadus|Protect|p2b: Tornadus\n|-singleturn|p2b: Tornadus|Protect\n|move|p1b: Canada bear|Facade|p2b: Tornadus\n|-activate|p2b: Tornadus|move: Protect\n|move|p1a: \uc0ac\uc2b9\ud5cc|Ice Beam|p2a: Raging Bolt\n|-supereffective|p2a: Raging Bolt\n|-damage|p2a: Raging Bolt|0 fnt\n|faint|p2a: Raging Bolt\n|-end|p2a: Raging Bolt|Protosynthesis|[silent]\n|\n|-damage|p1b: Canada bear|41\/100 brn|[from] brn\n|upkeep\n|\n|t:|1738993462\n|switch|p2a: Calyrex|Calyrex-Ice, L50|100\/100\n|-ability|p2a: Calyrex|As One\n|-ability|p2a: Calyrex|Unnerve\n|turn|8\n|\n|t:|1738993473\n|move|p1b: Canada bear|Protect|p1b: Canada bear\n|-singleturn|p1b: Canada bear|Protect\n|move|p1a: \uc0ac\uc2b9\ud5cc|Ice Beam|p2b: Tornadus\n|-supereffective|p2b: Tornadus\n|-damage|p2b: Tornadus|53\/100\n|move|p2b: Tornadus|Bleakwind Storm|p1a: \uc0ac\uc2b9\ud5cc|[spread] p1a\n|-activate|p1b: Canada bear|move: Protect\n|-damage|p1a: \uc0ac\uc2b9\ud5cc|50\/100\n|move|p2a: Calyrex|Trick Room|p2a: Calyrex\n|-fieldend|move: Trick Room\n|\n|-damage|p1b: Canada bear|35\/100 brn|[from] brn\n|upkeep\n|turn|9\n|\n|t:|1738993491\n|move|p1a: \uc0ac\uc2b9\ud5cc|Helping Hand|p1b: Canada bear\n|-singleturn|p1b: Canada bear|Helping Hand|[of] p1a: \uc0ac\uc2b9\ud5cc\n|move|p2b: Tornadus|Bleakwind Storm|p1a: \uc0ac\uc2b9\ud5cc|[spread] p1a,p1b\n|-damage|p1a: \uc0ac\uc2b9\ud5cc|28\/100\n|-damage|p1b: Canada bear|0 fnt\n|faint|p1b: Canada bear\n|move|p2a: Calyrex|Glacial Lance|p1a: \uc0ac\uc2b9\ud5cc\n|-damage|p1a: \uc0ac\uc2b9\ud5cc|0 fnt\n|faint|p1a: \uc0ac\uc2b9\ud5cc\n|\n|win|lichuweijixi\n|raw|jkimkim1's rating: 1628 &rarr; <strong>1603<\/strong><br \/>(-25 for losing)\n|raw|lichuweijixi's rating: 1532 &rarr; <strong>1557<\/strong><br \/>(+25 for winning)\n|l|\u2606lichuweijixi\n|player|p2|\n","uploadtime":1738993763,"views":10,"formatid":"gen9vgc2025regg","rating":1557,"private":0,"password":null}