{"id":"gen9vgc2025regg-2296220144","format":"[Gen 9] VGC 2025 Reg G","players":["soooma","ApoVGC"],"log":"|j|\u2606soooma\n|j|\u2606ApoVGC\n|t:|1738940025\n|gametype|doubles\n|player|p1|soooma|266|1563\n|player|p2|ApoVGC|169|1608\n|teamsize|p1|6\n|teamsize|p2|6\n|gen|9\n|tier|[Gen 9] VGC 2025 Reg G\n|rated|\n|rule|Species Clause: Limit one of each Pok\u00e9mon\n|rule|Item Clause: Limit 1 of each item\n|clearpoke\n|poke|p1|Calyrex-Shadow, L50|\n|poke|p1|Tsareena, L50, F|\n|poke|p1|Tornadus, L50, M|\n|poke|p1|Urshifu-*, L50, M|\n|poke|p1|Clefairy, L50, F|\n|poke|p1|Incineroar, L50, M|\n|poke|p2|Calyrex-Shadow, L50|\n|poke|p2|Amoonguss, L50, F|\n|poke|p2|Tornadus, L50, M|\n|poke|p2|Indeedee-F, L50, F|\n|poke|p2|Urshifu-*, L50, M|\n|poke|p2|Chi-Yu, L50|\n|teampreview|4\n|j| Reflextive\n|inactive|Battle timer is ON: inactive players will automatically lose when time's up. (requested by ApoVGC)\n|inactive|soooma has 60 seconds left.\n|\n|t:|1738940088\n|start\n|switch|p1a: Windyboi|Tornadus, L50, M|100\/100\n|switch|p1b: Lord|Incineroar, L50, M|100\/100\n|switch|p2a: Tornadus|Tornadus, L50, M|100\/100\n|switch|p2b: Chi-Yu|Chi-Yu, L50|100\/100\n|-ability|p2b: Chi-Yu|Beads of Ruin\n|-ability|p1b: Lord|Intimidate|boost\n|-unboost|p2a: Tornadus|atk|1\n|-unboost|p2b: Chi-Yu|atk|1\n|turn|1\n|j| Funn yIy\n|l| Funn yIy\n|\n|t:|1738940107\n|-terastallize|p2b: Chi-Yu|Ground\n|move|p1a: Windyboi|Tailwind|p1a: Windyboi\n|-sidestart|p1: soooma|move: Tailwind\n|move|p2a: Tornadus|Tailwind|p2a: Tornadus\n|-sidestart|p2: ApoVGC|move: Tailwind\n|move|p2b: Chi-Yu|Tera Blast|p1b: Lord|[anim] Tera Blast Ground\n|-supereffective|p1b: Lord\n|-damage|p1b: Lord|0 fnt\n|faint|p1b: Lord\n|\n|upkeep\n|\n|t:|1738940120\n|switch|p1b: Boomhorse|Calyrex-Shadow, L50|100\/100\n|-ability|p1b: Boomhorse|As One\n|-ability|p1b: Boomhorse|Unnerve\n|turn|2\n|inactive|soooma has 30 seconds left.\n|\n|t:|1738940146\n|move|p1a: Windyboi|Scary Face|p2b: Chi-Yu\n|-unboost|p2b: Chi-Yu|spe|2\n|move|p2a: Tornadus|Rain Dance|p2a: Tornadus\n|-weather|RainDance\n|move|p1b: Boomhorse|Astral Barrage|p2b: Chi-Yu|[spread] p2a,p2b\n|-damage|p2a: Tornadus|0 fnt\n|-damage|p2b: Chi-Yu|10\/100\n|faint|p2a: Tornadus\n|-ability|p1b: Boomhorse|Grim Neigh|boost\n|-boost|p1b: Boomhorse|spa|1\n|move|p2b: Chi-Yu|Tera Blast|p1b: Boomhorse|[anim] Tera Blast Ground\n|-damage|p1b: Boomhorse|32\/100\n|\n|-weather|RainDance|[upkeep]\n|upkeep\n|\n|t:|1738940159\n|switch|p2a: Urshifu|Urshifu-Rapid-Strike, L50, M|100\/100\n|turn|3\n|\n|t:|1738940175\n|switch|p1b: CILF|Clefairy, L50, F|100\/100\n|move|p1a: Windyboi|Bleakwind Storm|p2a: Urshifu|[spread] p2a,p2b\n|-supereffective|p2a: Urshifu\n|-enditem|p2a: Urshifu|Focus Sash\n|-damage|p2a: Urshifu|1\/100\n|-damage|p2b: Chi-Yu|0 fnt\n|-unboost|p2a: Urshifu|spe|1\n|faint|p2b: Chi-Yu\n|move|p2a: Urshifu|Surging Strikes|p1a: Windyboi\n|-crit|p1a: Windyboi\n|-damage|p1a: Windyboi|70\/100\n|-crit|p1a: Windyboi\n|-damage|p1a: Windyboi|41\/100\n|-crit|p1a: Windyboi\n|-damage|p1a: Windyboi|11\/100\n|-hitcount|p1a: Windyboi|3\n|\n|-weather|RainDance|[upkeep]\n|upkeep\n|\n|t:|1738940192\n|switch|p2b: Calyrex|Calyrex-Shadow, L50|100\/100\n|-ability|p2b: Calyrex|As One\n|-ability|p2b: Calyrex|Unnerve\n|turn|4\n|\n|t:|1738940217\n|-terastallize|p1b: CILF|Water\n|move|p2b: Calyrex|Protect|p2b: Calyrex\n|-singleturn|p2b: Calyrex|Protect\n|move|p1b: CILF|Protect|p1b: CILF\n|-singleturn|p1b: CILF|Protect\n|move|p1a: Windyboi|Scary Face|p2b: Calyrex\n|-activate|p2b: Calyrex|move: Protect\n|move|p2a: Urshifu|Surging Strikes|p1b: CILF\n|-resisted|p1b: CILF\n|-crit|p1b: CILF\n|-damage|p1b: CILF|86\/100\n|-resisted|p1b: CILF\n|-crit|p1b: CILF\n|-damage|p1b: CILF|71\/100\n|-resisted|p1b: CILF\n|-crit|p1b: CILF\n|-damage|p1b: CILF|58\/100\n|-hitcount|p1b: CILF|3\n|\n|-weather|RainDance|[upkeep]\n|-sideend|p2: ApoVGC|move: Tailwind\n|-sideend|p1: soooma|move: Tailwind\n|upkeep\n|turn|5\n|\n|t:|1738940240\n|move|p2a: Urshifu|Detect|p2a: Urshifu\n|-singleturn|p2a: Urshifu|Protect\n|move|p1b: CILF|Protect||[still]\n|-fail|p1b: CILF\n|move|p1a: Windyboi|Scary Face|p2b: Calyrex\n|-unboost|p2b: Calyrex|spe|2\n|move|p2b: Calyrex|Astral Barrage|p1b: CILF|[spread] p1a,p1b\n|-damage|p1a: Windyboi|0 fnt\n|-damage|p1b: CILF|0 fnt\n|faint|p1a: Windyboi\n|faint|p1b: CILF\n|-ability|p2b: Calyrex|Grim Neigh|boost\n|-boost|p2b: Calyrex|spa|2\n|-damage|p2b: Calyrex|91\/100|[from] item: Life Orb\n|\n|-weather|RainDance|[upkeep]\n|upkeep\n|\n|t:|1738940250\n|switch|p1b: Boomhorse|Calyrex-Shadow, L50|32\/100\n|-ability|p1b: Boomhorse|As One\n|-ability|p1b: Boomhorse|Unnerve\n|turn|6\n|\n|t:|1738940260\n|move|p2a: Urshifu|Aqua Jet|p1b: Boomhorse\n|-damage|p1b: Boomhorse|0 fnt\n|faint|p1b: Boomhorse\n|\n|win|ApoVGC\n|raw|soooma's rating: 1563 &rarr; <strong>1546<\/strong><br \/>(-17 for losing)\n|raw|ApoVGC's rating: 1608 &rarr; <strong>1625<\/strong><br \/>(+17 for winning)\n|c|\u2606soooma|gg wp\n|l|\u2606soooma\n|player|p1|\n|l|\u2606ApoVGC\n|player|p2|\n","uploadtime":1738940415,"views":6,"formatid":"gen9vgc2025regg","rating":1546,"private":0,"password":null}