{"id":"gen9vgc2025regg-2296518472","format":"[Gen 9] VGC 2025 Reg G","players":["GlobalWinner","roykeenkennedy"],"log":"|j|\u2606GlobalWinner\n|j|\u2606roykeenkennedy\n|t:|1738971672\n|gametype|doubles\n|player|p1|GlobalWinner|pokekid|1529\n|player|p2|roykeenkennedy|alder|1644\n|teamsize|p1|6\n|teamsize|p2|6\n|gen|9\n|tier|[Gen 9] VGC 2025 Reg G\n|rated|\n|rule|Species Clause: Limit one of each Pok\u00e9mon\n|rule|Item Clause: Limit 1 of each item\n|clearpoke\n|poke|p1|Eternatus, L50|\n|poke|p1|Rillaboom, L50, M|\n|poke|p1|Landorus, L50, M|\n|poke|p1|Moltres-Galar, L50|\n|poke|p1|Incineroar, L50, M|\n|poke|p1|Urshifu-*, L50, M|\n|poke|p2|Torkoal, L50, F|\n|poke|p2|Raging Bolt, L50|\n|poke|p2|Incineroar, L50, M|\n|poke|p2|Ogerpon-Cornerstone, L50, F|\n|poke|p2|Annihilape, L50, F|\n|poke|p2|Calyrex-Ice, L50|\n|teampreview|4\n|\n|t:|1738971702\n|start\n|switch|p1a: Rillaboom|Rillaboom, L50, M|100\/100\n|switch|p1b: Moltres|Moltres-Galar, L50|100\/100\n|switch|p2a: Annihilape|Annihilape, L50, F|100\/100\n|switch|p2b: Calyrex|Calyrex-Ice, L50|100\/100\n|-ability|p2b: Calyrex|As One\n|-ability|p2b: Calyrex|Unnerve\n|-fieldstart|move: Grassy Terrain|[from] ability: Grassy Surge|[of] p1a: Rillaboom\n|turn|1\n|\n|t:|1738971723\n|move|p2b: Calyrex|Protect|p2b: Calyrex\n|-singleturn|p2b: Calyrex|Protect\n|move|p1a: Rillaboom|Grassy Glide|p2a: Annihilape\n|-damage|p2a: Annihilape|66\/100\n|move|p2a: Annihilape|Coaching|p2b: Calyrex\n|-boost|p2b: Calyrex|atk|1\n|-boost|p2b: Calyrex|def|1\n|move|p1b: Moltres|Foul Play|p2b: Calyrex\n|-activate|p2b: Calyrex|move: Protect\n|\n|-heal|p2a: Annihilape|72\/100|[from] Grassy Terrain\n|upkeep\n|turn|2\n|\n|t:|1738971741\n|-terastallize|p2b: Calyrex|Water\n|move|p2a: Annihilape|Coaching|p2b: Calyrex\n|-boost|p2b: Calyrex|atk|1\n|-boost|p2b: Calyrex|def|1\n|move|p1a: Rillaboom|Wood Hammer|p2b: Calyrex\n|-supereffective|p2b: Calyrex\n|-damage|p2b: Calyrex|51\/100\n|-damage|p1a: Rillaboom|84\/100|[from] Recoil\n|move|p1b: Moltres|Foul Play|p2b: Calyrex\n|-damage|p2b: Calyrex|6\/100\n|move|p2b: Calyrex|Trick Room|p2b: Calyrex\n|-fieldstart|move: Trick Room|[of] p2b: Calyrex\n|\n|-heal|p2b: Calyrex|12\/100|[from] Grassy Terrain\n|-heal|p1a: Rillaboom|90\/100|[from] Grassy Terrain\n|-heal|p2a: Annihilape|78\/100|[from] Grassy Terrain\n|upkeep\n|turn|3\n|\n|t:|1738971777\n|move|p2b: Calyrex|Protect|p2b: Calyrex\n|-singleturn|p2b: Calyrex|Protect\n|move|p1a: Rillaboom|Grassy Glide|p2b: Calyrex\n|-activate|p2b: Calyrex|move: Protect\n|move|p1b: Moltres|Fiery Wrath|p2b: Calyrex|[spread] p2a\n|-activate|p2b: Calyrex|move: Protect\n|-damage|p2a: Annihilape|53\/100\n|move|p2a: Annihilape|Coaching|p2b: Calyrex\n|-boost|p2b: Calyrex|atk|1\n|-boost|p2b: Calyrex|def|1\n|\n|-heal|p2b: Calyrex|18\/100|[from] Grassy Terrain\n|-heal|p1a: Rillaboom|96\/100|[from] Grassy Terrain\n|-heal|p2a: Annihilape|59\/100|[from] Grassy Terrain\n|upkeep\n|turn|4\n|\n|t:|1738971799\n|move|p1a: Rillaboom|Grassy Glide|p2b: Calyrex\n|-supereffective|p2b: Calyrex\n|-damage|p2b: Calyrex|0 fnt\n|faint|p2b: Calyrex\n|move|p1b: Moltres|Fiery Wrath|p2a: Annihilape\n|-damage|p2a: Annihilape|23\/100\n|move|p2a: Annihilape|Coaching|p2: Calyrex|[notarget]\n|-fail|p2a: Annihilape\n|\n|-heal|p1a: Rillaboom|100\/100|[from] Grassy Terrain\n|-heal|p2a: Annihilape|29\/100|[from] Grassy Terrain\n|upkeep\n|\n|t:|1738971814\n|switch|p2b: Torkoal|Torkoal, L50, F|100\/100\n|-weather|SunnyDay|[from] ability: Drought|[of] p2b: Torkoal\n|turn|5\n|\n|t:|1738971851\n|switch|p1b: Incineroar|Incineroar, L50, M|100\/100\n|-ability|p1b: Incineroar|Intimidate|boost\n|-unboost|p2a: Annihilape|atk|1\n|-ability|p2a: Annihilape|Defiant|boost\n|-boost|p2a: Annihilape|atk|2\n|-unboost|p2b: Torkoal|atk|1\n|switch|p2a: Raging Bolt|Raging Bolt, L50|100\/100\n|-activate|p2a: Raging Bolt|ability: Protosynthesis\n|-start|p2a: Raging Bolt|protosynthesisspa\n|-terastallize|p1a: Rillaboom|Fire\n|move|p2b: Torkoal|Eruption|p1a: Rillaboom|[spread] p1a,p1b\n|-resisted|p1a: Rillaboom\n|-resisted|p1b: Incineroar\n|-damage|p1a: Rillaboom|70\/100\n|-damage|p1b: Incineroar|66\/100\n|move|p1a: Rillaboom|Wood Hammer|p2b: Torkoal\n|-resisted|p2b: Torkoal\n|-damage|p2b: Torkoal|68\/100\n|-damage|p1a: Rillaboom|62\/100|[from] Recoil\n|\n|-weather|SunnyDay|[upkeep]\n|-heal|p2b: Torkoal|75\/100|[from] Grassy Terrain\n|-heal|p1b: Incineroar|72\/100|[from] Grassy Terrain\n|-heal|p1a: Rillaboom|68\/100|[from] Grassy Terrain\n|-fieldend|move: Grassy Terrain\n|upkeep\n|turn|6\n|\n|t:|1738971882\n|move|p2b: Torkoal|Eruption|p1a: Rillaboom|[spread] p1a,p1b\n|-resisted|p1a: Rillaboom\n|-resisted|p1b: Incineroar\n|-damage|p1a: Rillaboom|47\/100\n|-damage|p1b: Incineroar|44\/100\n|move|p1b: Incineroar|Knock Off|p2a: Raging Bolt\n|-damage|p2a: Raging Bolt|66\/100\n|-enditem|p2a: Raging Bolt|Life Orb|[from] move: Knock Off|[of] p1b: Incineroar\n|move|p2a: Raging Bolt|Thunderbolt|p1b: Incineroar\n|-damage|p1b: Incineroar|0 fnt\n|faint|p1b: Incineroar\n|move|p1a: Rillaboom|Wood Hammer|p2b: Torkoal\n|-resisted|p2b: Torkoal\n|-damage|p2b: Torkoal|50\/100\n|-damage|p1a: Rillaboom|41\/100|[from] Recoil\n|\n|-weather|SunnyDay|[upkeep]\n|-fieldend|move: Trick Room\n|upkeep\n|\n|t:|1738971895\n|switch|p1b: Eternatus|Eternatus, L50|100\/100\n|-ability|p1b: Eternatus|Pressure\n|turn|7\n|\n|t:|1738971929\n|move|p2b: Torkoal|Protect|p2b: Torkoal\n|-singleturn|p2b: Torkoal|Protect\n|move|p1b: Eternatus|Dynamax Cannon|p2a: Raging Bolt\n|-supereffective|p2a: Raging Bolt\n|-damage|p2a: Raging Bolt|0 fnt\n|faint|p2a: Raging Bolt\n|-end|p2a: Raging Bolt|Protosynthesis|[silent]\n|move|p1a: Rillaboom|U-turn|p2b: Torkoal\n|-activate|p2b: Torkoal|move: Protect\n|\n|-weather|SunnyDay|[upkeep]\n|upkeep\n|\n|t:|1738971942\n|switch|p2a: Annihilape|Annihilape, L50, F|29\/100\n|turn|8\n|\n|t:|1738971950\n|move|p2b: Torkoal|Helping Hand|p2a: Annihilape\n|-singleturn|p2a: Annihilape|Helping Hand|[of] p2b: Torkoal\n|move|p2a: Annihilape|Rage Fist|p1b: Eternatus\n|-damage|p1b: Eternatus|4\/100\n|move|p1b: Eternatus|Dynamax Cannon|p2a: Annihilape\n|-damage|p2a: Annihilape|0 fnt\n|faint|p2a: Annihilape\n|move|p1a: Rillaboom|Wood Hammer|p2b: Torkoal\n|-resisted|p2b: Torkoal\n|-damage|p2b: Torkoal|24\/100\n|-damage|p1a: Rillaboom|34\/100|[from] Recoil\n|\n|-weather|SunnyDay|[upkeep]\n|-heal|p1b: Eternatus|10\/100|[from] item: Leftovers\n|upkeep\n|turn|9\n|-message|roykeenkennedy forfeited.\n|\n|win|GlobalWinner\n|raw|GlobalWinner's rating: 1529 &rarr; <strong>1555<\/strong><br \/>(+26 for winning)\n|raw|roykeenkennedy's rating: 1644 &rarr; <strong>1618<\/strong><br \/>(-26 for losing)\n|l|\u2606roykeenkennedy\n|player|p2|\n|l|\u2606GlobalWinner\n|player|p1|\n","uploadtime":1738972128,"views":6,"formatid":"gen9vgc2025regg","rating":1555,"private":0,"password":null}