{"id":"gen9vgc2025regg-2296559310","format":"[Gen 9] VGC 2025 Reg G","players":["VVhistler","KT02"],"log":"|j|\u2606VVhistler\n|j|\u203dKT02\n|t:|1738976952\n|gametype|doubles\n|player|p1|VVhistler|rocketgrunt|1624\n|player|p2|KT02|pokekid|1823\n|teamsize|p1|6\n|teamsize|p2|6\n|gen|9\n|tier|[Gen 9] VGC 2025 Reg G\n|rated|\n|rule|Species Clause: Limit one of each Pok\u00e9mon\n|rule|Item Clause: Limit 1 of each item\n|clearpoke\n|poke|p1|Calyrex-Shadow, L50|\n|poke|p1|Pawmot, L50, F|\n|poke|p1|Maushold, L50|\n|poke|p1|Chien-Pao, L50|\n|poke|p1|Chi-Yu, L50|\n|poke|p1|Urshifu-*, L50, M|\n|poke|p2|Incineroar, L50, M|\n|poke|p2|Urshifu-*, L50, F|\n|poke|p2|Pelipper, L50, F|\n|poke|p2|Miraidon, L50|\n|poke|p2|Iron Bundle, L50|\n|poke|p2|Kingambit, L50, F|\n|teampreview|4\n|j| sauromon\nVVhistler rejected open team sheets.\n|inactive|Battle timer is ON: inactive players will automatically lose when time's up. (requested by VVhistler)\n|\n|t:|1738977051\n|start\n|switch|p1a: Urshifu|Urshifu-Rapid-Strike, L50, M|100\/100\n|switch|p1b: Chien-Pao|Chien-Pao, L50|100\/100\n|switch|p2a: Incineroar|Incineroar, L50, M|100\/100\n|switch|p2b: Urshifu|Urshifu-Rapid-Strike, L50, F|100\/100\n|-ability|p1b: Chien-Pao|Sword of Ruin\n|-ability|p2a: Incineroar|Intimidate|boost\n|-unboost|p1a: Urshifu|atk|1\n|-unboost|p1b: Chien-Pao|atk|1\n|turn|1\n|\n|t:|1738977076\n|move|p2a: Incineroar|Fake Out|p1a: Urshifu\n|-damage|p1a: Urshifu|87\/100\n|move|p1b: Chien-Pao|Icicle Crash|p2a: Incineroar\n|-resisted|p2a: Incineroar\n|-damage|p2a: Incineroar|77\/100\n|move|p2b: Urshifu|Surging Strikes|p1b: Chien-Pao\n|-crit|p1b: Chien-Pao\n|-damage|p1b: Chien-Pao|64\/100\n|-crit|p1b: Chien-Pao\n|-damage|p1b: Chien-Pao|27\/100\n|-crit|p1b: Chien-Pao\n|-damage|p1b: Chien-Pao|0 fnt\n|faint|p1b: Chien-Pao\n|-hitcount|p1: Chien-Pao|3\n|cant|p1a: Urshifu|flinch\n|\n|upkeep\n|\n|t:|1738977092\n|switch|p1b: Pawmot|Pawmot, L50, F|100\/100\n|turn|2\n|\n|t:|1738977117\n|move|p2b: Urshifu|Aqua Jet|p1b: Pawmot\n|-damage|p1b: Pawmot|55\/100\n|move|p1b: Pawmot|Revival Blessing|p1b: Pawmot\n|\n|t:|1738977122\n|-heal|p1: Chien-Pao|50\/100|[from] move: Revival Blessing\n|move|p1a: Urshifu|Surging Strikes|p2a: Incineroar\n|-supereffective|p2a: Incineroar\n|-crit|p2a: Incineroar\n|-damage|p2a: Incineroar|38\/100\n|-supereffective|p2a: Incineroar\n|-crit|p2a: Incineroar\n|-damage|p2a: Incineroar|2\/100\n|-supereffective|p2a: Incineroar\n|-crit|p2a: Incineroar\n|-damage|p2a: Incineroar|0 fnt\n|faint|p2a: Incineroar\n|-hitcount|p2: Incineroar|3\n|\n|upkeep\n|\n|t:|1738977129\n|switch|p2a: Miraidon|Miraidon, L50|100\/100\n|-fieldstart|move: Electric Terrain|[from] ability: Hadron Engine|[of] p2a: Miraidon\n|turn|3\n|\n|t:|1738977146\n|switch|p2b: Iron Bundle|Iron Bundle, L50|100\/100\n|-activate|p2b: Iron Bundle|ability: Quark Drive\n|-start|p2b: Iron Bundle|quarkdrivespe\n|-terastallize|p2a: Miraidon|Fairy\n|move|p1a: Urshifu|Detect|p1a: Urshifu\n|-singleturn|p1a: Urshifu|Protect\n|move|p2a: Miraidon|Dazzling Gleam|p1b: Pawmot|[spread] p1b\n|-activate|p1a: Urshifu|move: Protect\n|-supereffective|p1b: Pawmot\n|-damage|p1b: Pawmot|0 fnt\n|faint|p1b: Pawmot\n|\n|upkeep\n|\n|t:|1738977165\n|switch|p1b: Calyrex|Calyrex-Shadow, L50|100\/100\n|-ability|p1b: Calyrex|As One\n|-ability|p1b: Calyrex|Unnerve\n|turn|4\n|\n|t:|1738977184\n|switch|p1a: Chien-Pao|Chien-Pao, L50|50\/100\n|-ability|p1a: Chien-Pao|Sword of Ruin\n|-terastallize|p1b: Calyrex|Ghost\n|move|p2b: Iron Bundle|Icy Wind|p1b: Calyrex|[spread] p1b\n|-miss|p2b: Iron Bundle|p1a: Chien-Pao\n|-damage|p1b: Calyrex|79\/100\n|-unboost|p1b: Calyrex|spe|1\n|move|p2a: Miraidon|Dazzling Gleam|p1a: Chien-Pao|[spread] p1a,p1b\n|-supereffective|p1a: Chien-Pao\n|-damage|p1a: Chien-Pao|0 fnt\n|-damage|p1b: Calyrex|16\/100\n|faint|p1a: Chien-Pao\n|move|p1b: Calyrex|Astral Barrage|p2a: Miraidon|[spread] p2a,p2b\n|-damage|p2a: Miraidon|30\/100\n|-enditem|p2b: Iron Bundle|Focus Sash\n|-damage|p2b: Iron Bundle|1\/100\n|\n|upkeep\n|\n|t:|1738977205\n|switch|p1a: Urshifu|Urshifu-Rapid-Strike, L50, M|87\/100\n|turn|5\n|\n|t:|1738977220\n|move|p1b: Calyrex|Protect|p1b: Calyrex\n|-singleturn|p1b: Calyrex|Protect\n|move|p1a: Urshifu|Aqua Jet|p2a: Miraidon\n|-damage|p2a: Miraidon|3\/100\n|move|p2b: Iron Bundle|Freeze-Dry|p1a: Urshifu\n|-supereffective|p1a: Urshifu\n|-damage|p1a: Urshifu|0 fnt\n|faint|p1a: Urshifu\n|move|p2a: Miraidon|Dazzling Gleam|p1b: Calyrex\n|-activate|p1b: Calyrex|move: Protect\n|\n|upkeep\n|turn|6\n|-message|VVhistler forfeited.\n|\n|win|KT02\n|raw|VVhistler's rating: 1624 &rarr; <strong>1614<\/strong><br \/>(-10 for losing)\n|raw|KT02's rating: 1823 &rarr; <strong>1833<\/strong><br \/>(+10 for winning)\n|l|\u2606VVhistler\n|player|p1|\n|l|\u203dKT02\n|player|p2|\n|l| sauromon\n","uploadtime":1738977499,"views":6,"formatid":"gen9vgc2025regg","rating":1614,"private":0,"password":null}