{"id":"gen9vgc2025regg-2296665212","format":"[Gen 9] VGC 2025 Reg G","players":["prototony","501JFW"],"log":"|j|\u2606prototony\n|j|\u2606501JFW\n|t:|1738992535\n|gametype|doubles\n|player|p1|prototony|firebreather|1605\n|player|p2|501JFW|2|1686\n|teamsize|p1|6\n|teamsize|p2|6\n|gen|9\n|tier|[Gen 9] VGC 2025 Reg G\n|rated|\n|rule|Species Clause: Limit one of each Pok\u00e9mon\n|rule|Item Clause: Limit 1 of each item\n|clearpoke\n|poke|p1|Calyrex-Ice, L50|\n|poke|p1|Urshifu-*, L50, M|\n|poke|p1|Pelipper, L50, M|\n|poke|p1|Amoonguss, L50, M|\n|poke|p1|Iron Valiant, L50|\n|poke|p1|Landorus, L50, M|\n|poke|p2|Calyrex-Ice, L50|\n|poke|p2|Urshifu-*, L50, M|\n|poke|p2|Pelipper, L50, M|\n|poke|p2|Amoonguss, L50, F|\n|poke|p2|Incineroar, L50, F|\n|poke|p2|Raging Bolt, L50|\n|teampreview|4\n|c|\u2606prototony|nice team lol\n|inactive|Battle timer is ON: inactive players will automatically lose when time's up. (requested by 501JFW)\n|inactive|prototony has 60 seconds left.\n|inactive|501JFW has 60 seconds left.\n|\n|t:|1738992596\n|start\n|switch|p1a: Iron Valiant|Iron Valiant, L50, shiny|100\/100\n|switch|p1b: Calyrex|Calyrex-Ice, L50|100\/100\n|switch|p2a: Calyrex|Calyrex-Ice, L50|100\/100\n|switch|p2b: Urshifu|Urshifu-Rapid-Strike, L50, M|100\/100\n|-ability|p2a: Calyrex|As One\n|-ability|p2a: Calyrex|Unnerve\n|-ability|p1b: Calyrex|As One\n|-ability|p1b: Calyrex|Unnerve\n|-enditem|p1a: Iron Valiant|Booster Energy\n|-activate|p1a: Iron Valiant|ability: Quark Drive|[fromitem]\n|-start|p1a: Iron Valiant|quarkdrivespe\n|turn|1\n|\n|t:|1738992619\n|move|p1a: Iron Valiant|Spirit Break|p2b: Urshifu\n|-supereffective|p2b: Urshifu\n|-damage|p2b: Urshifu|34\/100\n|-unboost|p2b: Urshifu|spa|1\n|move|p2b: Urshifu|Surging Strikes|p1a: Iron Valiant\n|-crit|p1a: Iron Valiant\n|-damage|p1a: Iron Valiant|78\/100\n|-crit|p1a: Iron Valiant\n|-damage|p1a: Iron Valiant|56\/100\n|-crit|p1a: Iron Valiant\n|-damage|p1a: Iron Valiant|34\/100\n|-hitcount|p1a: Iron Valiant|3\n|move|p2a: Calyrex|Glacial Lance|p1a: Iron Valiant|[spread] p1a,p1b\n|-resisted|p1b: Calyrex\n|-damage|p1a: Iron Valiant|0 fnt\n|-damage|p1b: Calyrex|80\/100\n|faint|p1a: Iron Valiant\n|-end|p1a: Iron Valiant|Quark Drive|[silent]\n|-ability|p2a: Calyrex|Chilling Neigh|boost\n|-boost|p2a: Calyrex|atk|1\n|move|p1b: Calyrex|High Horsepower|p2b: Urshifu\n|-damage|p2b: Urshifu|0 fnt\n|faint|p2b: Urshifu\n|-ability|p1b: Calyrex|Chilling Neigh|boost\n|-boost|p1b: Calyrex|atk|1\n|\n|upkeep\n|\n|t:|1738992637\n|switch|p1a: Pelipper|Pelipper, L50, M|100\/100\n|switch|p2b: Incineroar|Incineroar, L50, F, shiny|100\/100\n|-weather|RainDance|[from] ability: Drizzle|[of] p1a: Pelipper\n|-ability|p2b: Incineroar|Intimidate|boost\n|-unboost|p1a: Pelipper|atk|1\n|-fail|p1b: Calyrex|unboost|[from] item: Clear Amulet|[of] p1b: Calyrex\n|turn|2\n|\n|t:|1738992657\n|-terastallize|p2b: Incineroar|Water\n|move|p1b: Calyrex|Protect|p1b: Calyrex\n|-singleturn|p1b: Calyrex|Protect\n|move|p1a: Pelipper|Wide Guard|p1a: Pelipper\n|-singleturn|p1a: Pelipper|Wide Guard\n|move|p2b: Incineroar|Knock Off|p1b: Calyrex\n|-activate|p1b: Calyrex|move: Protect\n|move|p2a: Calyrex|Glacial Lance|p1a: Pelipper|[spread] \n|-activate|p1a: Pelipper|move: Wide Guard\n|-activate|p1b: Calyrex|move: Wide Guard\n|\n|-weather|RainDance|[upkeep]\n|upkeep\n|turn|3\n|inactive|prototony has 30 seconds left.\n|\n|t:|1738992685\n|-terastallize|p1b: Calyrex|Water\n|move|p1a: Pelipper|Weather Ball|p2a: Calyrex\n|-damage|p2a: Calyrex|42\/100\n|-damage|p1a: Pelipper|91\/100|[from] item: Life Orb\n|move|p2b: Incineroar|Knock Off|p1b: Calyrex\n|-damage|p1b: Calyrex|58\/100\n|-enditem|p1b: Calyrex|Clear Amulet|[from] move: Knock Off|[of] p2b: Incineroar\n|move|p2a: Calyrex|High Horsepower|p1b: Calyrex\n|-damage|p1b: Calyrex|22\/100\n|move|p1b: Calyrex|High Horsepower|p2b: Incineroar\n|-damage|p2b: Incineroar|58\/100\n|-damage|p1b: Calyrex|6\/100|[from] item: Rocky Helmet|[of] p2b: Incineroar\n|\n|-weather|RainDance|[upkeep]\n|upkeep\n|turn|4\n|inactive|prototony has 30 seconds left.\n|inactive|501JFW has 30 seconds left.\n|inactive|prototony has 20 seconds left.\n|\n|t:|1738992724\n|move|p2a: Calyrex|Protect|p2a: Calyrex\n|-singleturn|p2a: Calyrex|Protect\n|move|p1a: Pelipper|Weather Ball|p2a: Calyrex\n|-activate|p2a: Calyrex|move: Protect\n|move|p2b: Incineroar|Knock Off|p1a: Pelipper\n|-damage|p1a: Pelipper|51\/100\n|-enditem|p1a: Pelipper|Life Orb|[from] move: Knock Off|[of] p2b: Incineroar\n|move|p1b: Calyrex|High Horsepower|p2b: Incineroar\n|-damage|p2b: Incineroar|11\/100\n|-damage|p1b: Calyrex|0 fnt|[from] item: Rocky Helmet|[of] p2b: Incineroar\n|faint|p1b: Calyrex\n|\n|-weather|RainDance|[upkeep]\n|upkeep\n|\n|t:|1738992727\n|switch|p1b: Landorus|Landorus, L50, M|100\/100\n|turn|5\n|\n|t:|1738992762\n|move|p1b: Landorus|Sludge Bomb|p2b: Incineroar\n|-damage|p2b: Incineroar|0 fnt\n|faint|p2b: Incineroar\n|move|p1a: Pelipper|Weather Ball|p2a: Calyrex\n|-damage|p2a: Calyrex|0 fnt\n|faint|p2a: Calyrex\n|\n|-weather|RainDance|[upkeep]\n|upkeep\n|\n|t:|1738992765\n|switch|p2b: Raging Bolt|Raging Bolt, L50|100\/100\n|turn|6\n|\n|t:|1738992778\n|move|p1a: Pelipper|Helping Hand|p1b: Landorus\n|-singleturn|p1b: Landorus|Helping Hand|[of] p1a: Pelipper\n|move|p2b: Raging Bolt|Thunderclap||[still]\n|-fail|p2b: Raging Bolt\n|move|p1b: Landorus|Sludge Bomb|p2b: Raging Bolt\n|-damage|p2b: Raging Bolt|64\/100\n|\n|-weather|none\n|upkeep\n|turn|7\n|\n|t:|1738992798\n|move|p1b: Landorus|Sludge Bomb|p2b: Raging Bolt\n|-damage|p2b: Raging Bolt|42\/100\n|move|p2b: Raging Bolt|Snarl|p1b: Landorus|[spread] p1a,p1b\n|-damage|p1a: Pelipper|27\/100\n|-damage|p1b: Landorus|82\/100\n|-unboost|p1a: Pelipper|spa|1\n|-unboost|p1b: Landorus|spa|1\n|move|p1a: Pelipper|Weather Ball|p2b: Raging Bolt\n|-damage|p2b: Raging Bolt|36\/100\n|\n|upkeep\n|turn|8\n|\n|t:|1738992811\n|move|p1a: Pelipper|Wide Guard|p1a: Pelipper\n|-singleturn|p1a: Pelipper|Wide Guard\n|move|p1b: Landorus|Sludge Bomb|p2b: Raging Bolt\n|-damage|p2b: Raging Bolt|22\/100\n|move|p2b: Raging Bolt|Draco Meteor|p1b: Landorus|[miss]\n|-miss|p2b: Raging Bolt|p1b: Landorus\n|\n|upkeep\n|turn|9\n|\n|t:|1738992820\n|move|p1a: Pelipper|Helping Hand|p1b: Landorus\n|-singleturn|p1b: Landorus|Helping Hand|[of] p1a: Pelipper\n|move|p1b: Landorus|Sludge Bomb|p2b: Raging Bolt\n|-damage|p2b: Raging Bolt|0 fnt\n|faint|p2b: Raging Bolt\n|-end|p2b: Raging Bolt|Protosynthesis|[silent]\n|\n|win|prototony\n|raw|prototony's rating: 1605 &rarr; <strong>1630<\/strong><br \/>(+25 for winning)\n|raw|501JFW's rating: 1686 &rarr; <strong>1661<\/strong><br \/>(-25 for losing)\n|l|\u2606501JFW\n|player|p2|\n|l|\u2606prototony\n|player|p1|\n","uploadtime":1738993066,"views":6,"formatid":"gen9vgc2025regg","rating":1630,"private":0,"password":null}