{"id":"gen9vgc2025regg-2296129624","format":"[Gen 9] VGC 2025 Reg G","players":["cobalt_poke","BorisJohnsonVGC"],"log":"|j|\u2606cobalt_poke\n|j|\u2606BorisJohnsonVGC\n|t:|1738928012\n|gametype|doubles\n|player|p1|cobalt_poke|170|1611\n|player|p2|BorisJohnsonVGC|lucas|1676\n|teamsize|p1|6\n|teamsize|p2|6\n|gen|9\n|tier|[Gen 9] VGC 2025 Reg G\n|rated|\n|rule|Species Clause: Limit one of each Pok\u00e9mon\n|rule|Item Clause: Limit 1 of each item\n|clearpoke\n|poke|p1|Weezing-Galar, L50, M|\n|poke|p1|Calyrex-Shadow, L50|\n|poke|p1|Dondozo, L50, M|\n|poke|p1|Tatsugiri, L50, F|\n|poke|p1|Incineroar, L50, M|\n|poke|p1|Roaring Moon, L50|\n|poke|p2|Kyogre, L50|\n|poke|p2|Rillaboom, L50, M|\n|poke|p2|Incineroar, L50, M|\n|poke|p2|Urshifu-*, L50, M|\n|poke|p2|Amoonguss, L50, F|\n|poke|p2|Roaring Moon, L50|\n|teampreview|4\n|j| Gohan ig\n|\n|t:|1738928051\n|start\n|switch|p1a: Roaring Moon|Roaring Moon, L50|100\/100\n|switch|p1b: Weezing|Weezing-Galar, L50, M|100\/100\n|switch|p2a: Incineroar|Incineroar, L50, M|100\/100\n|switch|p2b: Kyogre|Kyogre, L50|100\/100\n|-ability|p1b: Weezing|Neutralizing Gas\n|turn|1\n|\n|t:|1738928074\n|move|p2b: Kyogre|Protect|p2b: Kyogre\n|-singleturn|p2b: Kyogre|Protect\n|move|p1a: Roaring Moon|Knock Off|p2b: Kyogre\n|-activate|p2b: Kyogre|move: Protect\n|move|p2a: Incineroar|Will-O-Wisp|p1a: Roaring Moon\n|-status|p1a: Roaring Moon|brn\n|move|p1b: Weezing|Poison Gas|p2b: Kyogre|[spread] p2a\n|-activate|p2b: Kyogre|move: Protect\n|-status|p2a: Incineroar|psn\n|\n|-damage|p2a: Incineroar|88\/100 psn|[from] psn\n|-damage|p1a: Roaring Moon|95\/100 brn|[from] brn\n|upkeep\n|turn|2\n|\n|t:|1738928086\n|switch|p2b: Amoonguss|Amoonguss, L50, F|100\/100\n|move|p1a: Roaring Moon|Knock Off|p2b: Amoonguss\n|-damage|p2b: Amoonguss|76\/100\n|-damage|p1a: Roaring Moon|78\/100 brn|[from] item: Rocky Helmet|[of] p2b: Amoonguss\n|-enditem|p2b: Amoonguss|Rocky Helmet|[from] move: Knock Off|[of] p1a: Roaring Moon\n|move|p2a: Incineroar|Knock Off|p1b: Weezing\n|-resisted|p1b: Weezing\n|-damage|p1b: Weezing|83\/100\n|-enditem|p1b: Weezing|Sitrus Berry|[from] move: Knock Off|[of] p2a: Incineroar\n|move|p1b: Weezing|Poison Gas|p2a: Incineroar|[spread] \n|-fail|p2a: Incineroar|psn\n|-immune|p2b: Amoonguss\n|\n|-damage|p2a: Incineroar|76\/100 psn|[from] psn\n|-damage|p1a: Roaring Moon|72\/100 brn|[from] brn\n|upkeep\n|turn|3\n|\n|t:|1738928113\n|-end|p1a: Roaring Moon|Protosynthesis|[silent]\n|switch|p1a: Dondozo|Dondozo, L50, M|100\/100\n|switch|p2b: Kyogre|Kyogre, L50|100\/100\n|move|p2a: Incineroar|Parting Shot|p1b: Weezing\n|-unboost|p1b: Weezing|atk|1\n|-unboost|p1b: Weezing|spa|1\n|\n|t:|1738928123\n|switch|p2a: Rillaboom|Rillaboom, L50, M|100\/100|[from] Parting Shot\n|move|p1b: Weezing|Poison Gas|p2a: Rillaboom|[spread] p2a\n|-miss|p1b: Weezing|p2b: Kyogre\n|-status|p2a: Rillaboom|psn\n|\n|-damage|p2a: Rillaboom|88\/100 psn|[from] psn\n|upkeep\n|turn|4\n|\n|t:|1738928132\n|switch|p1a: Roaring Moon|Roaring Moon, L50|72\/100 brn\n|move|p1b: Weezing|Protect|p1b: Weezing\n|-singleturn|p1b: Weezing|Protect\n|move|p2a: Rillaboom|Fake Out|p1b: Weezing\n|-activate|p1b: Weezing|move: Protect\n|move|p2b: Kyogre|Calm Mind|p2b: Kyogre\n|-boost|p2b: Kyogre|spa|1\n|-boost|p2b: Kyogre|spd|1\n|\n|-damage|p2a: Rillaboom|76\/100 psn|[from] psn\n|-damage|p1a: Roaring Moon|66\/100 brn|[from] brn\n|upkeep\n|turn|5\n|\n|t:|1738928150\n|move|p1a: Roaring Moon|Knock Off|p2a: Rillaboom\n|-damage|p2a: Rillaboom|51\/100 psn\n|-enditem|p2a: Rillaboom|Assault Vest|[from] move: Knock Off|[of] p1a: Roaring Moon\n|move|p2b: Kyogre|Origin Pulse|p1b: Weezing|[spread] p1a,p1b\n|-resisted|p1a: Roaring Moon\n|-crit|p1b: Weezing\n|-damage|p1a: Roaring Moon|47\/100 brn\n|-damage|p1b: Weezing|0 fnt\n|faint|p1b: Weezing\n|-end|p1b: Weezing|ability: Neutralizing Gas\n|-weather|RainDance|[from] ability: Drizzle|[of] p2b: Kyogre\n|-fieldstart|move: Grassy Terrain|[from] ability: Grassy Surge|[of] p2a: Rillaboom\n|move|p2a: Rillaboom|Wood Hammer|p1a: Roaring Moon\n|-resisted|p1a: Roaring Moon\n|-damage|p1a: Roaring Moon|1\/100 brn\n|-damage|p2a: Rillaboom|36\/100 psn|[from] Recoil\n|\n|-weather|RainDance|[upkeep]\n|-heal|p1a: Roaring Moon|7\/100 brn|[from] Grassy Terrain\n|-heal|p2a: Rillaboom|42\/100 psn|[from] Grassy Terrain\n|-damage|p2a: Rillaboom|30\/100 psn|[from] psn\n|-damage|p1a: Roaring Moon|1\/100 brn|[from] brn\n|upkeep\n|\n|t:|1738928158\n|switch|p1b: Dondozo|Dondozo, L50, M|100\/100\n|turn|6\n|\n|t:|1738928185\n|-end|p1a: Roaring Moon|Protosynthesis|[silent]\n|switch|p1a: Tatsugiri|Tatsugiri, L50, F|100\/100\n|-activate|p1a: Tatsugiri|ability: Commander|[of] p1b: Dondozo\n|-boost|p1b: Dondozo|atk|2\n|-boost|p1b: Dondozo|spa|2\n|-boost|p1b: Dondozo|spe|2\n|-boost|p1b: Dondozo|def|2\n|-boost|p1b: Dondozo|spd|2\n|switch|p2a: Amoonguss|Amoonguss, L50, F|76\/100\n|move|p1b: Dondozo|Wave Crash|p2a: Amoonguss\n|-resisted|p2a: Amoonguss\n|-damage|p2a: Amoonguss|14\/100\n|-damage|p1b: Dondozo|83\/100|[from] Recoil\n|move|p2b: Kyogre|Ice Beam|p1b: Dondozo\n|-resisted|p1b: Dondozo\n|-crit|p1b: Dondozo\n|-damage|p1b: Dondozo|58\/100\n|\n|-weather|RainDance|[upkeep]\n|-heal|p1b: Dondozo|64\/100|[from] Grassy Terrain\n|-heal|p1b: Dondozo|70\/100|[from] item: Leftovers\n|-heal|p2a: Amoonguss|20\/100|[from] Grassy Terrain\n|upkeep\n|turn|7\n|\n|t:|1738928201\n|switch|p2a: Incineroar|Incineroar, L50, M|76\/100 psn\n|-ability|p2a: Incineroar|Intimidate|boost\n|-unboost|p1a: Tatsugiri|atk|1\n|-unboost|p1b: Dondozo|atk|1\n|move|p1b: Dondozo|Wave Crash|p2a: Incineroar\n|-supereffective|p2a: Incineroar\n|-damage|p2a: Incineroar|0 fnt\n|faint|p2a: Incineroar\n|-damage|p1b: Dondozo|51\/100|[from] Recoil\n|move|p2b: Kyogre|Ice Beam|p1b: Dondozo\n|-resisted|p1b: Dondozo\n|-damage|p1b: Dondozo|42\/100\n|\n|-weather|RainDance|[upkeep]\n|-heal|p1b: Dondozo|48\/100|[from] Grassy Terrain\n|-heal|p1b: Dondozo|55\/100|[from] item: Leftovers\n|upkeep\n|\n|t:|1738928209\n|switch|p2a: Amoonguss|Amoonguss, L50, F|53\/100\n|turn|8\n|\n|t:|1738928219\n|switch|p2a: Rillaboom|Rillaboom, L50, M|30\/100 psn\n|move|p1b: Dondozo|Substitute|p1b: Dondozo\n|-start|p1b: Dondozo|Substitute\n|-damage|p1b: Dondozo|30\/100\n|move|p2b: Kyogre|Ice Beam|p1b: Dondozo\n|-resisted|p1b: Dondozo\n|-activate|p1b: Dondozo|move: Substitute|[damage]\n|\n|-weather|RainDance|[upkeep]\n|-heal|p1b: Dondozo|36\/100|[from] Grassy Terrain\n|-heal|p1b: Dondozo|42\/100|[from] item: Leftovers\n|-heal|p2a: Rillaboom|36\/100 psn|[from] Grassy Terrain\n|-damage|p2a: Rillaboom|23\/100 psn|[from] psn\n|upkeep\n|turn|9\n|\n|t:|1738928230\n|move|p2a: Rillaboom|Grassy Glide|p1b: Dondozo\n|-supereffective|p1b: Dondozo\n|-end|p1b: Dondozo|Substitute\n|move|p1b: Dondozo|Wave Crash|p2a: Rillaboom\n|-resisted|p2a: Rillaboom\n|-damage|p2a: Rillaboom|0 fnt\n|faint|p2a: Rillaboom\n|-damage|p1b: Dondozo|36\/100|[from] Recoil\n|move|p2b: Kyogre|Calm Mind|p2b: Kyogre\n|-boost|p2b: Kyogre|spa|1\n|-boost|p2b: Kyogre|spd|1\n|\n|-weather|none\n|-heal|p1b: Dondozo|43\/100|[from] Grassy Terrain\n|-heal|p1b: Dondozo|49\/100|[from] item: Leftovers\n|-fieldend|move: Grassy Terrain\n|upkeep\n|\n|t:|1738928234\n|switch|p2a: Amoonguss|Amoonguss, L50, F|86\/100\n|turn|10\n|\n|t:|1738928242\n|move|p1b: Dondozo|Protect|p1b: Dondozo\n|-singleturn|p1b: Dondozo|Protect\n|move|p2b: Kyogre|Ice Beam|p1b: Dondozo\n|-activate|p1b: Dondozo|move: Protect\n|move|p2a: Amoonguss|Sludge Bomb|p1b: Dondozo\n|-activate|p1b: Dondozo|move: Protect\n|\n|-heal|p1b: Dondozo|55\/100|[from] item: Leftovers\n|upkeep\n|turn|11\n|\n|t:|1738928253\n|move|p1b: Dondozo|Earthquake|p2b: Kyogre|[spread] p2a,p2b\n|-miss|p1b: Dondozo|p1a: Tatsugiri\n|-damage|p2a: Amoonguss|61\/100\n|-damage|p2b: Kyogre|74\/100\n|move|p2b: Kyogre|Origin Pulse|p1a: Tatsugiri|[spread] \n|-miss|p2b: Kyogre|p1a: Tatsugiri\n|-miss|p2b: Kyogre|p1b: Dondozo\n|move|p2a: Amoonguss|Sludge Bomb|p1b: Dondozo\n|-damage|p1b: Dondozo|41\/100\n|-status|p1b: Dondozo|psn\n|\n|-heal|p1b: Dondozo|47\/100 psn|[from] item: Leftovers\n|-heal|p2b: Kyogre|80\/100|[from] item: Leftovers\n|-damage|p1b: Dondozo|35\/100 psn|[from] psn\n|upkeep\n|turn|12\n|\n|t:|1738928271\n|move|p1b: Dondozo|Earthquake|p2a: Amoonguss|[spread] p2a,p2b\n|-miss|p1b: Dondozo|p1a: Tatsugiri\n|-damage|p2a: Amoonguss|34\/100\n|-damage|p2b: Kyogre|54\/100\n|move|p2b: Kyogre|Ice Beam|p1b: Dondozo\n|-resisted|p1b: Dondozo\n|-damage|p1b: Dondozo|26\/100 psn\n|move|p2a: Amoonguss|Sludge Bomb|p1b: Dondozo\n|-damage|p1b: Dondozo|13\/100 psn\n|\n|-heal|p1b: Dondozo|20\/100 psn|[from] item: Leftovers\n|-heal|p2b: Kyogre|60\/100|[from] item: Leftovers\n|-damage|p1b: Dondozo|7\/100 psn|[from] psn\n|upkeep\n|turn|13\n|\n|t:|1738928298\n|move|p1b: Dondozo|Wave Crash|p2a: Amoonguss\n|-resisted|p2a: Amoonguss\n|-damage|p2a: Amoonguss|4\/100\n|-damage|p1b: Dondozo|0 fnt|[from] Recoil\n|faint|p1b: Dondozo\n|move|p2b: Kyogre|Calm Mind|p2b: Kyogre\n|-boost|p2b: Kyogre|spa|1\n|-boost|p2b: Kyogre|spd|1\n|move|p2a: Amoonguss|Pollen Puff|p2b: Kyogre\n|-heal|p2b: Kyogre|100\/100\n|\n|upkeep\n|\n|t:|1738928301\n|switch|p1b: Roaring Moon|Roaring Moon, L50|1\/100 brn\n|turn|14\n|-message|cobalt_poke forfeited.\n|\n|win|BorisJohnsonVGC\n|raw|cobalt_poke's rating: 1611 &rarr; <strong>1595<\/strong><br \/>(-16 for losing)\n|raw|BorisJohnsonVGC's rating: 1676 &rarr; <strong>1692<\/strong><br \/>(+16 for winning)\n|l|\u2606cobalt_poke\n|player|p1|\n|l|\u2606BorisJohnsonVGC\n|player|p2|\n|l| Gohan ig\n","uploadtime":1738928521,"views":12,"formatid":"gen9vgc2025regg","rating":1595,"private":0,"password":null}