{"id":"gen9vgc2025regg-2296177858","format":"[Gen 9] VGC 2025 Reg G","players":["kanucks25","Money03"],"log":"|j|\u2606kanucks25\n|j|\u2606Money03\n|t:|1738935102\n|gametype|doubles\n|player|p1|kanucks25|266|1558\n|player|p2|Money03|1|1553\n|teamsize|p1|6\n|teamsize|p2|6\n|gen|9\n|tier|[Gen 9] VGC 2025 Reg G\n|rated|\n|rule|Species Clause: Limit one of each Pok\u00e9mon\n|rule|Item Clause: Limit 1 of each item\n|clearpoke\n|poke|p1|Calyrex-Shadow, L50|\n|poke|p1|Indeedee-F, L50, F|\n|poke|p1|Ogerpon-Wellspring, L50, F|\n|poke|p1|Pelipper, L50, F|\n|poke|p1|Urshifu-*, L50, F|\n|poke|p1|Annihilape, L50, M|\n|poke|p2|Miraidon, L50|\n|poke|p2|Farigiraf, L50, F|\n|poke|p2|Whimsicott, L50, M|\n|poke|p2|Iron Hands, L50|\n|poke|p2|Chien-Pao, L50|\n|poke|p2|Ogerpon-Cornerstone, L50, F|\n|teampreview|4\n|inactive|Battle timer is ON: inactive players will automatically lose when time's up. (requested by Money03)\n|inactive|Money03 has 60 seconds left.\n|\n|t:|1738935165\n|start\n|switch|p1a: Indeedee|Indeedee-F, L50, F|100\/100\n|switch|p1b: Calyrex|Calyrex-Shadow, L50|100\/100\n|switch|p2a: Miraidon|Miraidon, L50|100\/100\n|switch|p2b: Whimsicott|Whimsicott, L50, M|100\/100\n|-ability|p1b: Calyrex|As One\n|-ability|p1b: Calyrex|Unnerve\n|-fieldstart|move: Electric Terrain|[from] ability: Hadron Engine|[of] p2a: Miraidon\n|-fieldstart|move: Psychic Terrain|[from] ability: Psychic Surge|[of] p1a: Indeedee\n|turn|1\n|\n|t:|1738935186\n|move|p1a: Indeedee|Follow Me|p1a: Indeedee\n|-singleturn|p1a: Indeedee|move: Follow Me\n|move|p2b: Whimsicott|Light Screen|p2b: Whimsicott\n|-sidestart|p2: Money03|move: Light Screen\n|move|p1b: Calyrex|Expanding Force|p2a: Miraidon|[spread] p2a,p2b\n|-damage|p2a: Miraidon|52\/100\n|-damage|p2b: Whimsicott|28\/100\n|-damage|p1b: Calyrex|91\/100|[from] item: Life Orb\n|move|p2a: Miraidon|Volt Switch|p1a: Indeedee\n|-damage|p1a: Indeedee|41\/100\n|\n|t:|1738935205\n|switch|p2a: Ogerpon|Ogerpon-Cornerstone, L50, F|100\/100|[from] Volt Switch\n|\n|upkeep\n|turn|2\n|\n|t:|1738935225\n|switch|p1a: Ogerpon|Ogerpon-Wellspring, L50, F|100\/100\n|move|p1b: Calyrex|Protect|p1b: Calyrex\n|-singleturn|p1b: Calyrex|Protect\n|move|p2b: Whimsicott|Tailwind|p2b: Whimsicott\n|-sidestart|p2: Money03|move: Tailwind\n|move|p2a: Ogerpon|Ivy Cudgel|p1b: Calyrex|[anim] Ivy Cudgel Rock\n|-activate|p1b: Calyrex|move: Protect\n|\n|upkeep\n|turn|3\n|inactive|Money03 has 30 seconds left.\n|inactive|Money03 has 20 seconds left.\n|inactive|Money03 has 15 seconds left.\n|inactive|Money03 has 10 seconds left.\n|inactive|Money03 has 5 seconds left.\n|\n|t:|1738935278\n|-terastallize|p2a: Ogerpon|Rock\n|detailschange|p2a: Ogerpon|Ogerpon-Cornerstone-Tera, L50, F, tera:Rock\n|-ability|p2a: Ogerpon|Embody Aspect (Cornerstone)|boost\n|-boost|p2a: Ogerpon|def|1\n|move|p1a: Ogerpon|Follow Me|p1a: Ogerpon\n|-singleturn|p1a: Ogerpon|move: Follow Me\n|move|p2a: Ogerpon|Ivy Cudgel|p1a: Ogerpon|[anim] Ivy Cudgel Rock\n|-crit|p1a: Ogerpon\n|-damage|p1a: Ogerpon|0 fnt\n|faint|p1a: Ogerpon\n|move|p2b: Whimsicott|Moonblast|p1b: Calyrex\n|-damage|p1b: Calyrex|67\/100\n|move|p1b: Calyrex|Astral Barrage|p2a: Ogerpon|[spread] p2a,p2b\n|-damage|p2a: Ogerpon|40\/100\n|-damage|p2b: Whimsicott|0 fnt\n|faint|p2b: Whimsicott\n|-ability|p1b: Calyrex|Grim Neigh|boost\n|-boost|p1b: Calyrex|spa|1\n|-damage|p1b: Calyrex|58\/100|[from] item: Life Orb\n|\n|upkeep\n|inactive|kanucks25 has 30 seconds left.\n|\n|t:|1738935307\n|switch|p2b: Chien-Pao|Chien-Pao, L50|100\/100\n|switch|p1a: Urshifu|Urshifu, L50, F|100\/100\n|-ability|p2b: Chien-Pao|Sword of Ruin\n|turn|4\n|inactive|kanucks25 has 30 seconds left.\n|inactive|Money03 has 30 seconds left.\n|\n|t:|1738935336\n|-terastallize|p1a: Urshifu|Poison\n|move|p2a: Ogerpon|Spiky Shield|p2a: Ogerpon\n|-singleturn|p2a: Ogerpon|move: Protect\n|move|p1b: Calyrex|Protect|p1b: Calyrex\n|-singleturn|p1b: Calyrex|Protect\n|move|p2b: Chien-Pao|Sacred Sword|p1a: Urshifu\n|-resisted|p1a: Urshifu\n|-damage|p1a: Urshifu|82\/100\n|move|p1a: Urshifu|Wicked Blow|p2b: Chien-Pao\n|-resisted|p2b: Chien-Pao\n|-crit|p2b: Chien-Pao\n|-damage|p2b: Chien-Pao|29\/100\n|\n|upkeep\n|turn|5\n|inactive|kanucks25 has 30 seconds left.\n|inactive|Money03 has 30 seconds left.\n|inactive|kanucks25 has 20 seconds left.\n|inactive|kanucks25 has 15 seconds left.\n|inactive|kanucks25 has 10 seconds left.\n|\n|t:|1738935384\n|switch|p2a: Miraidon|Miraidon, L50|52\/100\n|-fieldstart|move: Electric Terrain|[from] ability: Hadron Engine|[of] p2a: Miraidon\n|switch|p1b: Indeedee|Indeedee-F, L50, F|41\/100\n|-fieldstart|move: Psychic Terrain|[from] ability: Psychic Surge|[of] p1b: Indeedee\n|move|p2b: Chien-Pao|Sucker Punch||[still]\n|-fail|p2b: Chien-Pao\n|move|p1a: Urshifu|Wicked Blow|p2b: Chien-Pao\n|-resisted|p2b: Chien-Pao\n|-crit|p2b: Chien-Pao\n|-damage|p2b: Chien-Pao|0 fnt\n|faint|p2b: Chien-Pao\n|\n|-sideend|p2: Money03|move: Light Screen\n|-sideend|p2: Money03|move: Tailwind\n|upkeep\n|\n|t:|1738935398\n|switch|p2b: Ogerpon|Ogerpon-Cornerstone-Tera, L50, F, tera:Rock|40\/100\n|-ability|p2b: Ogerpon|Embody Aspect (Cornerstone)|boost\n|-boost|p2b: Ogerpon|def|1\n|turn|6\n|\n|t:|1738935421\n|move|p1b: Indeedee|Follow Me|p1b: Indeedee\n|-singleturn|p1b: Indeedee|move: Follow Me\n|move|p2b: Ogerpon|Ivy Cudgel|p1b: Indeedee|[anim] Ivy Cudgel Rock\n|-damage|p1b: Indeedee|0 fnt\n|faint|p1b: Indeedee\n|move|p2a: Miraidon|Dazzling Gleam|p1a: Urshifu\n|-resisted|p1a: Urshifu\n|-damage|p1a: Urshifu|54\/100\n|move|p1a: Urshifu|Wicked Blow|p2a: Miraidon\n|-crit|p2a: Miraidon\n|-damage|p2a: Miraidon|0 fnt\n|faint|p2a: Miraidon\n|\n|upkeep\n|-message|Money03 forfeited.\n|\n|win|kanucks25\n|raw|kanucks25's rating: 1558 &rarr; <strong>1578<\/strong><br \/>(+20 for winning)\n|raw|Money03's rating: 1553 &rarr; <strong>1533<\/strong><br \/>(-20 for losing)\n|l|\u2606Money03\n|player|p2|\n|l|\u2606kanucks25\n|player|p1|\n","uploadtime":1738935693,"views":6,"formatid":"gen9vgc2025regg","rating":1533,"private":0,"password":null}