{"id":"gen9vgc2025regg-2296811008","format":"[Gen 9] VGC 2025 Reg G","players":["onedaymob","elvegis1"],"log":"|j|\u2606onedaymob\n|j|\u2606elvegis1\n|t:|1739021516\n|gametype|doubles\n|player|p1|onedaymob|170|1574\n|player|p2|elvegis1|lucas|1605\n|teamsize|p1|6\n|teamsize|p2|6\n|gen|9\n|tier|[Gen 9] VGC 2025 Reg G\n|rated|\n|rule|Species Clause: Limit one of each Pok\u00e9mon\n|rule|Item Clause: Limit 1 of each item\n|clearpoke\n|poke|p1|Groudon, L50|\n|poke|p1|Urshifu-*, L50, F|\n|poke|p1|Chien-Pao, L50|\n|poke|p1|Whimsicott, L50, F|\n|poke|p1|Volcarona, L50, F|\n|poke|p1|Flutter Mane, L50|\n|poke|p2|Calyrex-Shadow, L50|\n|poke|p2|Urshifu-*, L50, M|\n|poke|p2|Whimsicott, L50, F|\n|poke|p2|Incineroar, L50, F|\n|poke|p2|Ditto, L50|\n|poke|p2|Regidrago, L50|\n|teampreview|4\n|inactive|Battle timer is ON: inactive players will automatically lose when time's up. (requested by onedaymob)\n|inactive|onedaymob has 60 seconds left.\n|\n|t:|1739021553\n|start\n|switch|p1a: Whimsicott|Whimsicott, L50, F|100\/100\n|switch|p1b: Groudon|Groudon, L50|100\/100\n|switch|p2a: Calyrex|Calyrex-Shadow, L50|100\/100\n|switch|p2b: Whimsicott|Whimsicott, L50, F|100\/100\n|-ability|p2a: Calyrex|As One\n|-ability|p2a: Calyrex|Unnerve\n|-weather|SunnyDay|[from] ability: Drought|[of] p1b: Groudon\n|turn|1\n|\n|t:|1739021568\n|move|p2b: Whimsicott|Tailwind|p2b: Whimsicott\n|-sidestart|p2: elvegis1|move: Tailwind\n|move|p1a: Whimsicott|Light Screen|p1a: Whimsicott\n|-sidestart|p1: onedaymob|move: Light Screen\n|move|p2a: Calyrex|Astral Barrage|p1a: Whimsicott|[spread] p1a,p1b\n|-damage|p1a: Whimsicott|54\/100\n|-damage|p1b: Groudon|69\/100\n|move|p1b: Groudon|Precipice Blades|p2b: Whimsicott|[spread] p2a,p2b\n|-resisted|p2b: Whimsicott\n|-damage|p2a: Calyrex|47\/100\n|-damage|p2b: Whimsicott|65\/100\n|\n|-weather|SunnyDay|[upkeep]\n|upkeep\n|turn|2\n|\n|t:|1739021589\n|move|p2b: Whimsicott|Fake Tears|p1b: Groudon\n|-unboost|p1b: Groudon|spd|2\n|move|p1a: Whimsicott|Tailwind|p1a: Whimsicott\n|-sidestart|p1: onedaymob|move: Tailwind\n|move|p2a: Calyrex|Astral Barrage|p1a: Whimsicott|[spread] p1a,p1b\n|-damage|p1a: Whimsicott|5\/100\n|-damage|p1b: Groudon|10\/100\n|move|p1b: Groudon|Precipice Blades|p2b: Whimsicott|[spread] p2b\n|-miss|p1b: Groudon|p2a: Calyrex\n|-resisted|p2b: Whimsicott\n|-damage|p2b: Whimsicott|28\/100\n|\n|-weather|SunnyDay|[upkeep]\n|upkeep\n|turn|3\n|inactive|onedaymob has 30 seconds left.\n|inactive|elvegis1 has 30 seconds left.\n|\n|t:|1739021615\n|move|p1a: Whimsicott|Encore|p2b: Whimsicott\n|-start|p2b: Whimsicott|Encore\n|move|p2a: Calyrex|Astral Barrage|p1b: Groudon|[spread] p1a,p1b\n|-damage|p1a: Whimsicott|0 fnt\n|-damage|p1b: Groudon|0 fnt\n|faint|p1a: Whimsicott\n|faint|p1b: Groudon\n|-ability|p2a: Calyrex|Grim Neigh|boost\n|-boost|p2a: Calyrex|spa|2\n|move|p2b: Whimsicott|Fake Tears|p1: Whimsicott|[notarget]\n|-fail|p2b: Whimsicott\n|\n|-weather|SunnyDay|[upkeep]\n|upkeep\n|\n|t:|1739021626\n|switch|p1a: Chien-Pao|Chien-Pao, L50|100\/100\n|switch|p1b: Flutter Mane|Flutter Mane, L50|100\/100\n|-ability|p1a: Chien-Pao|Sword of Ruin\n|-activate|p1b: Flutter Mane|ability: Protosynthesis\n|-start|p1b: Flutter Mane|protosynthesisspe\n|turn|4\n|inactive|elvegis1 has 30 seconds left.\n|\n|t:|1739021655\n|-terastallize|p2a: Calyrex|Water\n|move|p1a: Chien-Pao|Ice Shard|p2b: Whimsicott\n|-supereffective|p2b: Whimsicott\n|-damage|p2b: Whimsicott|0 fnt\n|faint|p2b: Whimsicott\n|move|p1b: Flutter Mane|Shadow Ball|p2a: Calyrex\n|-damage|p2a: Calyrex|15\/100\n|move|p2a: Calyrex|Astral Barrage|p1a: Chien-Pao|[spread] p1a,p1b\n|-resisted|p1a: Chien-Pao\n|-supereffective|p1b: Flutter Mane\n|-damage|p1a: Chien-Pao|26\/100\n|-damage|p1b: Flutter Mane|0 fnt\n|faint|p1b: Flutter Mane\n|-end|p1b: Flutter Mane|Protosynthesis|[silent]\n|-ability|p2a: Calyrex|Grim Neigh|boost\n|-boost|p2a: Calyrex|spa|1\n|\n|-weather|SunnyDay|[upkeep]\n|-sideend|p2: elvegis1|move: Tailwind\n|upkeep\n|\n|t:|1739021663\n|switch|p2b: Incineroar|Incineroar, L50, F|100\/100\n|-ability|p2b: Incineroar|Intimidate|boost\n|-unboost|p1a: Chien-Pao|atk|1\n|turn|5\n|-message|onedaymob forfeited.\n|\n|win|elvegis1\n|raw|onedaymob's rating: 1574 &rarr; <strong>1556<\/strong><br \/>(-18 for losing)\n|raw|elvegis1's rating: 1605 &rarr; <strong>1623<\/strong><br \/>(+18 for winning)\n|l|\u2606onedaymob\n|player|p1|\n|l|\u2606elvegis1\n|player|p2|\n|j| futonkagebunshin\n","uploadtime":1739021906,"views":6,"formatid":"gen9vgc2025regg","rating":1556,"private":0,"password":null}