{"id":"gen9vgc2025regg-2296846419","format":"[Gen 9] VGC 2025 Reg G","players":["auroray6","radiantwf4"],"log":"|j|\u2606auroray6\n|j|\u203dradiantwf4\n|t:|1739026742\n|gametype|doubles\n|player|p1|auroray6|1|1498\n|player|p2|radiantwf4|265|1668\n|teamsize|p1|6\n|teamsize|p2|6\n|gen|9\n|tier|[Gen 9] VGC 2025 Reg G\n|rated|\n|rule|Species Clause: Limit one of each Pok\u00e9mon\n|rule|Item Clause: Limit 1 of each item\n|clearpoke\n|poke|p1|Rayquaza, L50|\n|poke|p1|Incineroar, L50, F|\n|poke|p1|Rillaboom, L50, F|\n|poke|p1|Raging Bolt, L50|\n|poke|p1|Chi-Yu, L50|\n|poke|p1|Urshifu-*, L50, F|\n|poke|p2|Ditto, L50|\n|poke|p2|Whimsicott, L50, M|\n|poke|p2|Calyrex-Ice, L50|\n|poke|p2|Incineroar, L50, M|\n|poke|p2|Landorus, L50, M|\n|poke|p2|Amoonguss, L50, M|\n|teampreview|4\n|inactive|Battle timer is ON: inactive players will automatically lose when time's up. (requested by radiantwf4)\n|inactive|auroray6 has 60 seconds left.\n|\n|t:|1739026783\n|start\n|switch|p1a: Chi-Yu|Chi-Yu, L50|100\/100\n|switch|p1b: Urshifu|Urshifu-Rapid-Strike, L50, F|100\/100\n|switch|p2a: Whimsicott|Whimsicott, L50, M|100\/100\n|switch|p2b: Calyrex|Calyrex-Ice, L50|100\/100\n|-ability|p2b: Calyrex|As One\n|-ability|p2b: Calyrex|Unnerve\n|-ability|p1a: Chi-Yu|Beads of Ruin\n|turn|1\n|\n|t:|1739026797\n|-terastallize|p1b: Urshifu|Stellar\n|-terastallize|p2b: Calyrex|Water\n|move|p2a: Whimsicott|Tailwind|p2a: Whimsicott\n|-sidestart|p2: radiantwf4|move: Tailwind\n|move|p1a: Chi-Yu|Heat Wave|p2b: Calyrex|[spread] p2a,p2b\n|-supereffective|p2a: Whimsicott\n|-resisted|p2b: Calyrex\n|-enditem|p2a: Whimsicott|Focus Sash\n|-damage|p2a: Whimsicott|1\/100\n|-damage|p2b: Calyrex|78\/100\n|move|p2b: Calyrex|High Horsepower|p1a: Chi-Yu|[miss]\n|-miss|p2b: Calyrex|p1a: Chi-Yu\n|move|p1b: Urshifu|Close Combat|p2b: Calyrex\n|-damage|p2b: Calyrex|10\/100\n|-unboost|p1b: Urshifu|def|1\n|-unboost|p1b: Urshifu|spd|1\n|\n|upkeep\n|turn|2\n|inactive|auroray6 has 30 seconds left.\n|inactive|radiantwf4 has 30 seconds left.\n|\n|t:|1739026827\n|move|p2a: Whimsicott|Endeavor|p1b: Urshifu\n|-damage|p1b: Urshifu|1\/100\n|move|p1a: Chi-Yu|Heat Wave|p2b: Calyrex|[spread] p2a\n|-miss|p1a: Chi-Yu|p2b: Calyrex\n|-supereffective|p2a: Whimsicott\n|-damage|p2a: Whimsicott|0 fnt\n|faint|p2a: Whimsicott\n|move|p2b: Calyrex|Glacial Lance|p1b: Urshifu|[spread] p1a,p1b\n|-resisted|p1a: Chi-Yu\n|-resisted|p1b: Urshifu\n|-damage|p1a: Chi-Yu|58\/100\n|-damage|p1b: Urshifu|0 fnt\n|faint|p1b: Urshifu\n|-ability|p2b: Calyrex|Chilling Neigh|boost\n|-boost|p2b: Calyrex|atk|1\n|\n|upkeep\n|\n|t:|1739026842\n|switch|p2a: Landorus|Landorus, L50, M|100\/100\n|switch|p1b: Rayquaza|Rayquaza, L50|100\/100\n|-ability|p1b: Rayquaza|Air Lock\n|turn|3\n|\n|t:|1739026866\n|move|p2b: Calyrex|Protect|p2b: Calyrex\n|-singleturn|p2b: Calyrex|Protect\n|move|p2a: Landorus|Sandsear Storm|p1a: Chi-Yu|[spread] p1a\n|-immune|p1b: Rayquaza\n|-supereffective|p1a: Chi-Yu\n|-damage|p1a: Chi-Yu|0 fnt\n|faint|p1a: Chi-Yu\n|move|p1b: Rayquaza|Draco Meteor|p2a: Landorus\n|-damage|p2a: Landorus|37\/100\n|-unboost|p1b: Rayquaza|spa|2\n|-damage|p1b: Rayquaza|91\/100|[from] item: Life Orb\n|\n|upkeep\n|\n|t:|1739026871\n|switch|p1a: Raging Bolt|Raging Bolt, L50|100\/100\n|-enditem|p1a: Raging Bolt|Booster Energy\n|-activate|p1a: Raging Bolt|ability: Protosynthesis|[fromitem]\n|-start|p1a: Raging Bolt|protosynthesisspa\n|turn|4\n|\n|t:|1739026879\n|switch|p2b: Ditto|Ditto, L50|100\/100\n|-transform|p2b: Ditto|p1a: Raging Bolt|[from] ability: Imposter\n|move|p1b: Rayquaza|Extreme Speed|p2a: Landorus\n|-damage|p2a: Landorus|0 fnt\n|faint|p2a: Landorus\n|-damage|p1b: Rayquaza|81\/100|[from] item: Life Orb\n|move|p1a: Raging Bolt|Thunderclap||[still]\n|-fail|p1a: Raging Bolt\n|\n|-sideend|p2: radiantwf4|move: Tailwind\n|upkeep\n|\n|t:|1739026886\n|switch|p2a: Calyrex|Calyrex-Ice, L50, tera:Water|10\/100\n|-ability|p2a: Calyrex|As One\n|-ability|p2a: Calyrex|Unnerve\n|turn|5\n|\n|t:|1739026905\n|move|p1b: Rayquaza|Draco Meteor|p2b: Ditto\n|-supereffective|p2b: Ditto\n|-damage|p2b: Ditto|0 fnt\n|-unboost|p1b: Rayquaza|spa|2\n|faint|p2b: Ditto\n|-end|p2b: Ditto|Protosynthesis|[silent]\n|-damage|p1b: Rayquaza|71\/100|[from] item: Life Orb\n|move|p2a: Calyrex|Glacial Lance|p1b: Rayquaza|[spread] p1a,p1b\n|-supereffective|p1a: Raging Bolt\n|-supereffective|p1b: Rayquaza\n|-damage|p1a: Raging Bolt|7\/100\n|-damage|p1b: Rayquaza|0 fnt\n|faint|p1b: Rayquaza\n|-ability|p2a: Calyrex|Chilling Neigh|boost\n|-boost|p2a: Calyrex|atk|1\n|move|p1a: Raging Bolt|Draco Meteor|p2a: Calyrex\n|-damage|p2a: Calyrex|0 fnt\n|-unboost|p1a: Raging Bolt|spa|2\n|faint|p2a: Calyrex\n|\n|win|auroray6\n|raw|auroray6's rating: 1498 &rarr; <strong>1527<\/strong><br \/>(+29 for winning)\n|raw|radiantwf4's rating: 1668 &rarr; <strong>1639<\/strong><br \/>(-29 for losing)\n|l|\u203dradiantwf4\n|player|p2|\n","uploadtime":1739027076,"views":7,"formatid":"gen9vgc2025regg","rating":1527,"private":0,"password":null}