{"id":"gen9vgc2025regg-2296967693","format":"[Gen 9] VGC 2025 Reg G","players":["nerd159","opnew"],"log":"|j|\u2606nerd159\n|j|\u2606opnew\n|t:|1739041832\n|gametype|doubles\n|player|p1|nerd159|170|1605\n|player|p2|opnew|266|1524\n|teamsize|p1|6\n|teamsize|p2|6\n|gen|9\n|tier|[Gen 9] VGC 2025 Reg G\n|rated|\n|rule|Species Clause: Limit one of each Pok\u00e9mon\n|rule|Item Clause: Limit 1 of each item\n|clearpoke\n|poke|p1|Eternatus, L50|\n|poke|p1|Chien-Pao, L50|\n|poke|p1|Tinkaton, L50, F|\n|poke|p1|Kingambit, L50, M|\n|poke|p1|Farigiraf, L50, F|\n|poke|p1|Urshifu-*, L50, M|\n|poke|p2|Calyrex-Shadow, L50|\n|poke|p2|Incineroar, L50, F|\n|poke|p2|Whimsicott, L50, F|\n|poke|p2|Tsareena, L50, F|\n|poke|p2|Ogerpon-Hearthflame, L50, F|\n|poke|p2|Clefairy, L50, F|\n|teampreview|4\n|l|\u2606nerd159\n|player|p1|\n|j|\u2606nerd159\n|player|p1|nerd159|170|\n|j| IshzarkVGC\n|inactive|Battle timer is ON: inactive players will automatically lose when time's up. (requested by opnew)\n|\n|t:|1739041877\n|start\n|switch|p1a: Eternatus|Eternatus, L50|100\/100\n|switch|p1b: Kingambit|Kingambit, L50, M, shiny|100\/100\n|switch|p2a: Calyrex|Calyrex-Shadow, L50|100\/100\n|switch|p2b: Incineroar|Incineroar, L50, F|100\/100\n|-ability|p2a: Calyrex|As One\n|-ability|p2a: Calyrex|Unnerve\n|-ability|p1a: Eternatus|Pressure\n|-ability|p2b: Incineroar|Intimidate|boost\n|-unboost|p1a: Eternatus|atk|1\n|-unboost|p1b: Kingambit|atk|1\n|-ability|p1b: Kingambit|Defiant|boost\n|-boost|p1b: Kingambit|atk|2\n|turn|1\n|inactive|nerd159 has 30 seconds left.\n|inactive|opnew has 30 seconds left.\n|inactive|opnew has 20 seconds left.\n|inactive|opnew has 15 seconds left.\n|inactive|opnew has 10 seconds left.\n|\n|t:|1739041923\n|-terastallize|p2a: Calyrex|Fairy\n|move|p2a: Calyrex|Nasty Plot|p2a: Calyrex\n|-boost|p2a: Calyrex|spa|2\n|move|p1a: Eternatus|Sludge Bomb|p2b: Incineroar\n|-damage|p2b: Incineroar|33\/100\n|move|p2b: Incineroar|Knock Off|p1a: Eternatus\n|-damage|p1a: Eternatus|68\/100\n|-enditem|p1a: Eternatus|Choice Specs|[from] move: Knock Off|[of] p2b: Incineroar\n|move|p1b: Kingambit|Kowtow Cleave|p2a: Calyrex\n|-resisted|p2a: Calyrex\n|-damage|p2a: Calyrex|52\/100\n|\n|upkeep\n|turn|2\n|l| IshzarkVGC\n|inactive|opnew has 30 seconds left.\n|\n|t:|1739041958\n|move|p2b: Incineroar|Helping Hand|p2a: Calyrex\n|-singleturn|p2a: Calyrex|Helping Hand|[of] p2b: Incineroar\n|move|p1b: Kingambit|Protect|p1b: Kingambit\n|-singleturn|p1b: Kingambit|Protect\n|move|p2a: Calyrex|Draining Kiss|p1a: Eternatus\n|-damage|p1a: Eternatus|0 fnt\n|-heal|p2a: Calyrex|100\/100|[from] drain|[of] p1a: Eternatus\n|faint|p1a: Eternatus\n|-ability|p2a: Calyrex|Grim Neigh|boost\n|-boost|p2a: Calyrex|spa|1\n|\n|upkeep\n|\n|t:|1739041960\n|switch|p1a: Chien-Pao|Chien-Pao, L50|100\/100\n|-ability|p1a: Chien-Pao|Sword of Ruin\n|turn|3\n|\n|t:|1739041983\n|move|p2a: Calyrex|Protect|p2a: Calyrex\n|-singleturn|p2a: Calyrex|Protect\n|move|p1a: Chien-Pao|Sacred Sword|p2b: Incineroar\n|-supereffective|p2b: Incineroar\n|-damage|p2b: Incineroar|0 fnt\n|faint|p2b: Incineroar\n|move|p1b: Kingambit|Iron Head|p2a: Calyrex\n|-activate|p2a: Calyrex|move: Protect\n|\n|upkeep\n|\n|t:|1739042001\n|switch|p2b: Clefairy|Clefairy, L50, F|100\/100\n|turn|4\n|\n|t:|1739042006\n|move|p2b: Clefairy|Follow Me|p2b: Clefairy\n|-singleturn|p2b: Clefairy|move: Follow Me\n|move|p2a: Calyrex|Astral Barrage|p1b: Kingambit|[spread] p1a,p1b\n|-resisted|p1a: Chien-Pao\n|-resisted|p1b: Kingambit\n|-enditem|p1a: Chien-Pao|Focus Sash\n|-damage|p1a: Chien-Pao|1\/100\n|-damage|p1b: Kingambit|38\/100\n|move|p1a: Chien-Pao|Ice Spinner|p2b: Clefairy\n|-damage|p2b: Clefairy|60\/100\n|move|p1b: Kingambit|Iron Head|p2b: Clefairy\n|-supereffective|p2b: Clefairy\n|-damage|p2b: Clefairy|0 fnt\n|faint|p2b: Clefairy\n|\n|upkeep\n|\n|t:|1739042022\n|switch|p2b: Tsareena|Tsareena, L50, F|100\/100\n|turn|5\n|\n|t:|1739042045\n|switch|p1a: Farigiraf|Farigiraf, L50, F|100\/100\n|move|p2b: Tsareena|Helping Hand|p2a: Calyrex\n|-singleturn|p2a: Calyrex|Helping Hand|[of] p2b: Tsareena\n|move|p1b: Kingambit|Protect|p1b: Kingambit\n|-singleturn|p1b: Kingambit|Protect\n|move|p2a: Calyrex|Astral Barrage|p1a: Farigiraf|[spread] \n|-activate|p1b: Kingambit|move: Protect\n|-immune|p1a: Farigiraf\n|\n|upkeep\n|turn|6\n|inactive|opnew has 30 seconds left.\n|j| IshzarkVGC\n|\n|t:|1739042075\n|switch|p1b: Chien-Pao|Chien-Pao, L50|1\/100\n|-ability|p1b: Chien-Pao|Sword of Ruin\n|move|p2a: Calyrex|Draining Kiss|p1a: Farigiraf\n|-damage|p1a: Farigiraf|0 fnt\n|faint|p1a: Farigiraf\n|-ability|p2a: Calyrex|Grim Neigh|boost\n|-boost|p2a: Calyrex|spa|1\n|move|p2b: Tsareena|High Jump Kick|p1b: Chien-Pao\n|-supereffective|p1b: Chien-Pao\n|-damage|p1b: Chien-Pao|0 fnt\n|faint|p1b: Chien-Pao\n|-damage|p2b: Tsareena|91\/100|[from] item: Life Orb\n|\n|upkeep\n|-message|nerd159 forfeited.\n|\n|win|opnew\n|raw|nerd159's rating: 1605 &rarr; <strong>1580<\/strong><br \/>(-25 for losing)\n|raw|opnew's rating: 1524 &rarr; <strong>1549<\/strong><br \/>(+25 for winning)\n|l|\u2606nerd159\n|player|p1|\n|l| IshzarkVGC\n","uploadtime":1739042263,"views":7,"formatid":"gen9vgc2025regg","rating":1549,"private":0,"password":null}