{"id":"gen9vgc2025regg-2296701557","format":"[Gen 9] VGC 2025 Reg G","players":["lichuweijixi","ComputerYui"],"log":"|j|\u2606lichuweijixi\n|j|\u2606ComputerYui\n|t:|1738999462\n|gametype|doubles\n|player|p1|lichuweijixi|266|1559\n|player|p2|ComputerYui|101|1558\n|teamsize|p1|6\n|teamsize|p2|6\n|gen|9\n|tier|[Gen 9] VGC 2025 Reg G\n|rated|\n|rule|Species Clause: Limit one of each Pok\u00e9mon\n|rule|Item Clause: Limit 1 of each item\n|clearpoke\n|poke|p1|Calyrex-Ice, L50|\n|poke|p1|Urshifu-*, L50, M|\n|poke|p1|Smeargle, L50, F|\n|poke|p1|Tornadus, L50, M|\n|poke|p1|Raging Bolt, L50|\n|poke|p1|Ogerpon-Hearthflame, L50, F|\n|poke|p2|Armarouge, L50, M|\n|poke|p2|Indeedee-F, L50, F|\n|poke|p2|Koraidon, L50|\n|poke|p2|Whimsicott, L50, F|\n|poke|p2|Walking Wake, L50|\n|poke|p2|Scream Tail, L50|\n|teampreview|4\n|\n|t:|1738999478\n|start\n|switch|p1a: Ogerpon|Ogerpon-Hearthflame, L50, F|100\/100\n|switch|p1b: Calyrex|Calyrex-Ice, L50|100\/100\n|switch|p2a: Scream Tail|Scream Tail, L50, shiny|100\/100\n|switch|p2b: Koraidon|Koraidon, L50|100\/100\n|-ability|p1b: Calyrex|As One\n|-ability|p1b: Calyrex|Unnerve\n|-weather|SunnyDay|[from] ability: Orichalcum Pulse|[of] p2b: Koraidon\n|-activate|p2a: Scream Tail|ability: Protosynthesis\n|-start|p2a: Scream Tail|protosynthesisspe\n|-activate|p2b: Koraidon|Orichalcum Pulse|[source]\n|-ability|p1a: Ogerpon|Mold Breaker\n|turn|1\n|\n|t:|1738999508\n|move|p1a: Ogerpon|Follow Me|p1a: Ogerpon\n|-singleturn|p1a: Ogerpon|move: Follow Me\n|move|p2b: Koraidon|U-turn|p1a: Ogerpon\n|-damage|p1a: Ogerpon|64\/100\n|\n|t:|1738999512\n|switch|p2b: Indeedee|Indeedee-F, L50, F, shiny|100\/100|[from] U-turn\n|-fieldstart|move: Psychic Terrain|[from] ability: Psychic Surge|[of] p2b: Indeedee\n|move|p2a: Scream Tail|Disable|p1a: Ogerpon\n|-start|p1a: Ogerpon|Disable|Follow Me\n|move|p1b: Calyrex|Trick Room|p1b: Calyrex\n|-fieldstart|move: Trick Room|[of] p1b: Calyrex\n|\n|-weather|SunnyDay|[upkeep]\n|upkeep\n|turn|2\n|\n|t:|1738999547\n|-terastallize|p1a: Ogerpon|Fire\n|detailschange|p1a: Ogerpon|Ogerpon-Hearthflame-Tera, L50, F, tera:Fire\n|-ability|p1a: Ogerpon|Embody Aspect (Hearthflame)|boost\n|-boost|p1a: Ogerpon|atk|1\n|move|p2b: Indeedee|Follow Me|p2b: Indeedee\n|-singleturn|p2b: Indeedee|move: Follow Me\n|move|p1b: Calyrex|Glacial Lance|p2b: Indeedee|[spread] p2a,p2b\n|-damage|p2a: Scream Tail|52\/100\n|-damage|p2b: Indeedee|45\/100\n|-enditem|p2b: Indeedee|Eject Button\n|\n|t:|1738999558\n|switch|p2b: Armarouge|Armarouge, L50, M, shiny|100\/100\n|move|p1a: Ogerpon|Ivy Cudgel|p2b: Armarouge|[anim] Ivy Cudgel Fire\n|-resisted|p2b: Armarouge\n|-damage|p2b: Armarouge|5\/100\n|-ability|p2b: Armarouge|Weak Armor|boost\n|-unboost|p2b: Armarouge|def|1\n|-boost|p2b: Armarouge|spe|2\n|move|p2a: Scream Tail|Trick Room|p2a: Scream Tail\n|-fieldend|move: Trick Room\n|\n|-weather|SunnyDay|[upkeep]\n|upkeep\n|turn|3\n|\n|t:|1738999603\n|switch|p1b: Urshifu|Urshifu, L50, M|100\/100\n|move|p2b: Armarouge|Endure|p2b: Armarouge\n|-singleturn|p2b: Armarouge|move: Endure\n|move|p2a: Scream Tail|Crunch|p2b: Armarouge\n|-supereffective|p2b: Armarouge\n|-activate|p2b: Armarouge|move: Endure\n|-damage|p2b: Armarouge|1\/100\n|-ability|p2b: Armarouge|Weak Armor|boost\n|-unboost|p2b: Armarouge|def|1\n|-boost|p2b: Armarouge|spe|2\n|-enditem|p2b: Armarouge|Weakness Policy\n|-boost|p2b: Armarouge|atk|2|[from] item: Weakness Policy\n|-boost|p2b: Armarouge|spa|2|[from] item: Weakness Policy\n|move|p1a: Ogerpon|Ivy Cudgel|p2a: Scream Tail|[anim] Ivy Cudgel Fire\n|-damage|p2a: Scream Tail|0 fnt\n|faint|p2a: Scream Tail\n|-end|p2a: Scream Tail|Protosynthesis|[silent]\n|\n|-weather|SunnyDay|[upkeep]\n|upkeep\n|\n|t:|1738999622\n|switch|p2a: Koraidon|Koraidon, L50|100\/100\n|-activate|p2a: Koraidon|ability: Orichalcum Pulse\n|turn|4\n|\n|t:|1738999638\n|switch|p1b: Smeargle|Smeargle, L50, F|100\/100\n|move|p2b: Armarouge|Heat Wave|p1a: Ogerpon|[spread] p1a,p1b\n|-resisted|p1a: Ogerpon\n|-damage|p1a: Ogerpon|11\/100\n|-enditem|p1b: Smeargle|Focus Sash\n|-damage|p1b: Smeargle|1\/100\n|move|p2a: Koraidon|Collision Course|p1b: Smeargle\n|-supereffective|p1b: Smeargle\n|-damage|p1b: Smeargle|0 fnt\n|faint|p1b: Smeargle\n|move|p1a: Ogerpon|Ivy Cudgel|p2b: Armarouge|[anim] Ivy Cudgel Fire\n|-resisted|p2b: Armarouge\n|-damage|p2b: Armarouge|0 fnt\n|faint|p2b: Armarouge\n|\n|-weather|SunnyDay|[upkeep]\n|upkeep\n|\n|t:|1738999657\n|switch|p2b: Indeedee|Indeedee-F, L50, F, shiny|45\/100\n|switch|p1b: Calyrex|Calyrex-Ice, L50|100\/100\n|-ability|p1b: Calyrex|As One\n|-ability|p1b: Calyrex|Unnerve\n|turn|5\n|\n|t:|1738999672\n|move|p2b: Indeedee|Helping Hand|p2a: Koraidon\n|-singleturn|p2a: Koraidon|Helping Hand|[of] p2b: Indeedee\n|move|p1b: Calyrex|Protect|p1b: Calyrex\n|-singleturn|p1b: Calyrex|Protect\n|move|p2a: Koraidon|Collision Course|p1b: Calyrex\n|-activate|p1b: Calyrex|move: Protect\n|move|p1a: Ogerpon|Ivy Cudgel|p2b: Indeedee|[anim] Ivy Cudgel Fire\n|-damage|p2b: Indeedee|0 fnt\n|faint|p2b: Indeedee\n|\n|-weather|none\n|-end|p1a: Ogerpon|Disable\n|-fieldend|move: Psychic Terrain\n|upkeep\n|turn|6\n|-message|ComputerYui forfeited.\n|\n|win|lichuweijixi\n|raw|lichuweijixi's rating: 1559 &rarr; <strong>1579<\/strong><br \/>(+20 for winning)\n|raw|ComputerYui's rating: 1558 &rarr; <strong>1538<\/strong><br \/>(-20 for losing)\n|l|\u2606ComputerYui\n|player|p2|\n|l|\u2606lichuweijixi\n|player|p1|\n","uploadtime":1738999900,"views":14,"formatid":"gen9vgc2025regg","rating":1538,"private":0,"password":null}