{"id":"gen9vgc2025regg-2296134493","format":"[Gen 9] VGC 2025 Reg G","players":["lichuvgc","cobalt_poke"],"log":"|j|\u2606lichuvgc\n|j|\u2606cobalt_poke\n|t:|1738928823\n|gametype|doubles\n|player|p1|lichuvgc|265|1628\n|player|p2|cobalt_poke|170|1611\n|teamsize|p1|6\n|teamsize|p2|6\n|gen|9\n|tier|[Gen 9] VGC 2025 Reg G\n|rated|\n|rule|Species Clause: Limit one of each Pok\u00e9mon\n|rule|Item Clause: Limit 1 of each item\n|clearpoke\n|poke|p1|Calyrex-Ice, L50|\n|poke|p1|Urshifu-*, L50, F|\n|poke|p1|Smeargle, L50, F|\n|poke|p1|Farigiraf, L50, M|\n|poke|p1|Ursaluna-Bloodmoon, L50, M|\n|poke|p1|Torkoal, L50, M|\n|poke|p2|Weezing-Galar, L50, M|\n|poke|p2|Calyrex-Shadow, L50|\n|poke|p2|Dondozo, L50, F|\n|poke|p2|Tatsugiri, L50, M|\n|poke|p2|Incineroar, L50, M|\n|poke|p2|Roaring Moon, L50|\n|teampreview|4\n|\n|t:|1738928835\n|start\n|switch|p1a: Calyrex|Calyrex-Ice, L50|100\/100\n|switch|p1b: Farigiraf|Farigiraf, L50, M|100\/100\n|switch|p2a: Weezing|Weezing-Galar, L50, M|100\/100\n|switch|p2b: Incineroar|Incineroar, L50, M|100\/100\n|-ability|p2a: Weezing|Neutralizing Gas\n|-block|p2b: Incineroar|item: Ability Shield\n|-ability|p1a: Calyrex|As One\n|-ability|p1a: Calyrex|Unnerve\n|-ability|p2b: Incineroar|Intimidate|boost\n|-unboost|p1a: Calyrex|atk|1\n|-unboost|p1b: Farigiraf|atk|1\n|turn|1\n|inactive|Battle timer is ON: inactive players will automatically lose when time's up. (requested by cobalt_poke)\n|\n|t:|1738928883\n|move|p2b: Incineroar|Fake Out|p1b: Farigiraf\n|-damage|p1b: Farigiraf|91\/100\n|move|p2a: Weezing|Toxic Spikes|p1b: Farigiraf\n|-sidestart|p1: lichuvgc|move: Toxic Spikes\n|cant|p1b: Farigiraf|flinch\n|move|p1a: Calyrex|Trick Room|p1a: Calyrex\n|-fieldstart|move: Trick Room|[of] p1a: Calyrex\n|\n|upkeep\n|turn|2\n|\n|t:|1738928908\n|move|p2a: Weezing|Protect|p2a: Weezing\n|-singleturn|p2a: Weezing|Protect\n|move|p1b: Farigiraf|Ally Switch|p1b: Farigiraf\n|swap|p1b: Farigiraf|0|[from] move: Ally Switch\n|move|p1b: Calyrex|Glacial Lance|p2a: Weezing|[spread] p2b\n|-activate|p2a: Weezing|move: Protect\n|-resisted|p2b: Incineroar\n|-damage|p2b: Incineroar|81\/100\n|move|p2b: Incineroar|Will-O-Wisp|p1a: Farigiraf\n|-status|p1a: Farigiraf|brn\n|\n|-damage|p1a: Farigiraf|85\/100 brn|[from] brn\n|upkeep\n|turn|3\n|\n|t:|1738928929\n|switch|p1a: Ursaluna|Ursaluna-Bloodmoon, L50, M|100\/100\n|-status|p1a: Ursaluna|psn\n|-end|p2a: Weezing|ability: Neutralizing Gas\n|switch|p2a: Dondozo|Dondozo, L50, F|100\/100\n|move|p1b: Calyrex|Glacial Lance|p2b: Incineroar|[spread] p2a,p2b\n|-resisted|p2a: Dondozo\n|-resisted|p2b: Incineroar\n|-damage|p2a: Dondozo|82\/100\n|-damage|p2b: Incineroar|60\/100\n|move|p2b: Incineroar|Will-O-Wisp|p1b: Calyrex\n|-status|p1b: Calyrex|brn\n|\n|-heal|p2a: Dondozo|88\/100|[from] item: Leftovers\n|-damage|p1a: Ursaluna|88\/100 psn|[from] psn\n|-damage|p1b: Calyrex|95\/100 brn|[from] brn\n|upkeep\n|turn|4\n|inactive|lichuvgc has 30 seconds left.\n|inactive|lichuvgc has 20 seconds left.\n|inactive|lichuvgc has 15 seconds left.\n|inactive|lichuvgc has 10 seconds left.\n|\n|t:|1738928976\n|-terastallize|p1b: Calyrex|Grass\n|move|p2a: Dondozo|Protect|p2a: Dondozo\n|-singleturn|p2a: Dondozo|Protect\n|move|p1b: Calyrex|Glacial Lance|p2a: Dondozo|[spread] p2b\n|-activate|p2a: Dondozo|move: Protect\n|-resisted|p2b: Incineroar\n|-damage|p2b: Incineroar|51\/100\n|move|p1a: Ursaluna|Hyper Voice|p2b: Incineroar|[spread] p2b\n|-activate|p2a: Dondozo|move: Protect\n|-damage|p2b: Incineroar|2\/100\n|-damage|p1a: Ursaluna|79\/100 psn|[from] item: Life Orb\n|move|p2b: Incineroar|Knock Off|p1a: Ursaluna\n|-damage|p1a: Ursaluna|51\/100 psn\n|-enditem|p1a: Ursaluna|Life Orb|[from] move: Knock Off|[of] p2b: Incineroar\n|\n|-heal|p2a: Dondozo|94\/100|[from] item: Leftovers\n|-damage|p1a: Ursaluna|38\/100 psn|[from] psn\n|-damage|p1b: Calyrex|89\/100 brn|[from] brn\n|upkeep\n|turn|5\n|\n|t:|1738929000\n|switch|p2b: Tatsugiri|Tatsugiri, L50, M|100\/100\n|-activate|p2b: Tatsugiri|ability: Commander|[of] p2a: Dondozo\n|-boost|p2a: Dondozo|atk|2\n|-boost|p2a: Dondozo|spa|2\n|-boost|p2a: Dondozo|spe|2\n|-boost|p2a: Dondozo|def|2\n|-boost|p2a: Dondozo|spd|2\n|move|p1b: Calyrex|Bullet Seed|p2a: Dondozo\n|-supereffective|p2a: Dondozo\n|-damage|p2a: Dondozo|88\/100\n|-supereffective|p2a: Dondozo\n|-damage|p2a: Dondozo|83\/100\n|-supereffective|p2a: Dondozo\n|-damage|p2a: Dondozo|77\/100\n|-supereffective|p2a: Dondozo\n|-damage|p2a: Dondozo|71\/100\n|-supereffective|p2a: Dondozo\n|-damage|p2a: Dondozo|66\/100\n|-hitcount|p2a: Dondozo|5\n|move|p1a: Ursaluna|Blood Moon|p2a: Dondozo\n|-damage|p2a: Dondozo|24\/100\n|move|p2a: Dondozo|Earthquake|p1b: Calyrex|[spread] p1a,p1b\n|-miss|p2a: Dondozo|p2b: Tatsugiri\n|-resisted|p1b: Calyrex\n|-damage|p1a: Ursaluna|8\/100 psn\n|-damage|p1b: Calyrex|76\/100 brn\n|\n|-heal|p2a: Dondozo|30\/100|[from] item: Leftovers\n|-damage|p1a: Ursaluna|0 fnt|[from] psn\n|faint|p1a: Ursaluna\n|-damage|p1b: Calyrex|70\/100 brn|[from] brn\n|-fieldend|move: Trick Room\n|upkeep\n|inactive|lichuvgc has 30 seconds left.\n|\n|t:|1738929027\n|switch|p1a: Urshifu|Urshifu, L50, F|100\/100\n|-status|p1a: Urshifu|psn\n|turn|6\n|j| AmdAndrewVGC\n|inactive|lichuvgc has 30 seconds left.\n|\n|t:|1738929053\n|switch|p1a: Farigiraf|Farigiraf, L50, M|85\/100 brn\n|move|p2a: Dondozo|Wave Crash|p1a: Farigiraf\n|-damage|p1a: Farigiraf|0 fnt\n|faint|p1a: Farigiraf\n|-damage|p2a: Dondozo|6\/100|[from] Recoil\n|move|p1b: Calyrex|Trick Room|p1b: Calyrex\n|-fieldstart|move: Trick Room|[of] p1b: Calyrex\n|\n|-heal|p2a: Dondozo|13\/100|[from] item: Leftovers\n|-damage|p1b: Calyrex|64\/100 brn|[from] brn\n|upkeep\n|\n|t:|1738929064\n|switch|p1a: Urshifu|Urshifu, L50, F|100\/100 psn\n|turn|7\n|\n|t:|1738929073\n|move|p1b: Calyrex|Bullet Seed|p2a: Dondozo\n|-supereffective|p2a: Dondozo\n|-damage|p2a: Dondozo|7\/100\n|-supereffective|p2a: Dondozo\n|-damage|p2a: Dondozo|1\/100\n|-supereffective|p2a: Dondozo\n|-damage|p2a: Dondozo|0 fnt\n|faint|p2a: Dondozo\n|-ability|p1b: Calyrex|Chilling Neigh|boost\n|-boost|p1b: Calyrex|atk|1\n|-hitcount|p2: Dondozo|3\n|move|p1a: Urshifu|Wicked Blow|p2b: Tatsugiri\n|-crit|p2b: Tatsugiri\n|-enditem|p2b: Tatsugiri|Focus Sash\n|-damage|p2b: Tatsugiri|1\/100\n|\n|-damage|p1a: Urshifu|88\/100 psn|[from] psn\n|-damage|p1b: Calyrex|58\/100 brn|[from] brn\n|upkeep\n|\n|t:|1738929081\n|switch|p2a: Incineroar|Incineroar, L50, M|2\/100\n|-ability|p2a: Incineroar|Intimidate|boost\n|-unboost|p1a: Urshifu|atk|1\n|-unboost|p1b: Calyrex|atk|1\n|turn|8\n|\n|t:|1738929096\n|move|p2a: Incineroar|Fake Out|p1b: Calyrex\n|-damage|p1b: Calyrex|52\/100 brn\n|cant|p1b: Calyrex|flinch\n|move|p1a: Urshifu|Wicked Blow|p2b: Tatsugiri\n|-crit|p2b: Tatsugiri\n|-damage|p2b: Tatsugiri|0 fnt\n|faint|p2b: Tatsugiri\n|\n|-damage|p1a: Urshifu|76\/100 psn|[from] psn\n|-damage|p1b: Calyrex|46\/100 brn|[from] brn\n|upkeep\n|\n|t:|1738929102\n|switch|p2b: Weezing|Weezing-Galar, L50, M|100\/100\n|-ability|p2b: Weezing|Neutralizing Gas\n|-block|p2a: Incineroar|item: Ability Shield\n|turn|9\n|\n|t:|1738929110\n|move|p1b: Calyrex|Glacial Lance|p2a: Incineroar|[spread] p2a,p2b\n|-resisted|p2a: Incineroar\n|-damage|p2a: Incineroar|0 fnt\n|-damage|p2b: Weezing|83\/100\n|faint|p2a: Incineroar\n|-ability|p1b: Calyrex|Chilling Neigh|boost\n|-boost|p1b: Calyrex|atk|1\n|move|p2b: Weezing|Strange Steam|p1a: Urshifu\n|-supereffective|p1a: Urshifu\n|-damage|p1a: Urshifu|0 fnt\n|faint|p1a: Urshifu\n|\n|-damage|p1b: Calyrex|41\/100 brn|[from] brn\n|upkeep\n|turn|10\n|\n|t:|1738929122\n|move|p2b: Weezing|Protect|p2b: Weezing\n|-singleturn|p2b: Weezing|Protect\n|move|p1b: Calyrex|Glacial Lance|p2b: Weezing\n|-activate|p2b: Weezing|move: Protect\n|\n|-damage|p1b: Calyrex|35\/100 brn|[from] brn\n|-fieldend|move: Trick Room\n|upkeep\n|turn|11\n|\n|t:|1738929129\n|move|p2b: Weezing|Strange Steam|p1b: Calyrex\n|-damage|p1b: Calyrex|15\/100 brn\n|move|p1b: Calyrex|Glacial Lance|p2b: Weezing\n|-damage|p2b: Weezing|48\/100\n|\n|-damage|p1b: Calyrex|9\/100 brn|[from] brn\n|upkeep\n|turn|12\n|-message|lichuvgc forfeited.\n|\n|win|cobalt_poke\n|raw|lichuvgc's rating: 1628 &rarr; <strong>1607<\/strong><br \/>(-21 for losing)\n|raw|cobalt_poke's rating: 1611 &rarr; <strong>1632<\/strong><br \/>(+21 for winning)\n|l|\u2606lichuvgc\n|player|p1|\n|l|\u2606cobalt_poke\n|player|p2|\n|l| AmdAndrewVGC\n","uploadtime":1738929340,"views":7,"formatid":"gen9vgc2025regg","rating":1607,"private":0,"password":null}