{"id":"gen9vgc2025regg-2296264967","format":"[Gen 9] VGC 2025 Reg G","players":["Ayae.Hakamada","BLiiNDProdiigy"],"log":"|j|\u2606Ayae.Hakamada\n|j|\u2606BLiiNDProdiigy\n|t:|1738944626\n|gametype|doubles\n|player|p1|Ayae.Hakamada|skyla|1572\n|player|p2|BLiiNDProdiigy|rocketgrunt|1563\n|teamsize|p1|6\n|teamsize|p2|6\n|gen|9\n|tier|[Gen 9] VGC 2025 Reg G\n|rated|\n|rule|Species Clause: Limit one of each Pok\u00e9mon\n|rule|Item Clause: Limit 1 of each item\n|clearpoke\n|poke|p1|Calyrex-Ice, L50|\n|poke|p1|Regieleki, L50|\n|poke|p1|Urshifu-*, L50, M|\n|poke|p1|Pelipper, L50, M|\n|poke|p1|Iron Valiant, L50|\n|poke|p1|Farigiraf, L50, M|\n|poke|p2|Terapagos, L50, M|\n|poke|p2|Incineroar, L50, F|\n|poke|p2|Rillaboom, L50, F|\n|poke|p2|Urshifu-*, L50, M|\n|poke|p2|Flutter Mane, L50|\n|poke|p2|Ogerpon-Hearthflame, L50, F|\n|teampreview|4\n|inactive|Battle timer is ON: inactive players will automatically lose when time's up. (requested by Ayae.Hakamada)\n|inactive|Ayae.Hakamada has 60 seconds left.\n|inactive|BLiiNDProdiigy has 60 seconds left.\n|inactive|Ayae.Hakamada has 30 seconds left.\n|inactive|Ayae.Hakamada has 20 seconds left.\n|inactive|Ayae.Hakamada has 15 seconds left.\n|inactive|Ayae.Hakamada has 10 seconds left.\n|\n|t:|1738944711\n|start\n|switch|p1a: Urshifu|Urshifu-Rapid-Strike, L50, M|100\/100\n|switch|p1b: Iron Valiant|Iron Valiant, L50|100\/100\n|switch|p2a: Terapagos|Terapagos, L50, M|100\/100\n|switch|p2b: Incineroar|Incineroar, L50, F|100\/100\n|-activate|p2a: Terapagos|ability: Tera Shift\n|detailschange|p2a: Terapagos|Terapagos-Terastal, L50, M\n|-heal|p2a: Terapagos|100\/100|[silent]\n|-ability|p2b: Incineroar|Intimidate|boost\n|-unboost|p1a: Urshifu|atk|1\n|-unboost|p1b: Iron Valiant|atk|1\n|-enditem|p1b: Iron Valiant|Booster Energy\n|-activate|p1b: Iron Valiant|ability: Quark Drive|[fromitem]\n|-start|p1b: Iron Valiant|quarkdrivespe\n|turn|1\n|inactive|Ayae.Hakamada has 30 seconds left.\n|\n|t:|1738944740\n|move|p1a: Urshifu|Detect|p1a: Urshifu\n|-singleturn|p1a: Urshifu|Protect\n|move|p2a: Terapagos|Protect|p2a: Terapagos\n|-singleturn|p2a: Terapagos|Protect\n|move|p1b: Iron Valiant|Spirit Break|p2a: Terapagos\n|-activate|p2a: Terapagos|move: Protect\n|move|p2b: Incineroar|Will-O-Wisp|p1a: Urshifu\n|-activate|p1a: Urshifu|move: Protect\n|\n|upkeep\n|turn|2\n|\n|t:|1738944763\n|switch|p2a: Urshifu|Urshifu-Rapid-Strike, L50, M|100\/100\n|move|p1b: Iron Valiant|Coaching|p1a: Urshifu\n|-boost|p1a: Urshifu|atk|1\n|-boost|p1a: Urshifu|def|1\n|move|p1a: Urshifu|Surging Strikes|p2b: Incineroar\n|-supereffective|p2b: Incineroar\n|-crit|p2b: Incineroar\n|-damage|p2b: Incineroar|62\/100\n|-damage|p1a: Urshifu|84\/100|[from] item: Rocky Helmet|[of] p2b: Incineroar\n|-supereffective|p2b: Incineroar\n|-crit|p2b: Incineroar\n|-damage|p2b: Incineroar|23\/100\n|-damage|p1a: Urshifu|67\/100|[from] item: Rocky Helmet|[of] p2b: Incineroar\n|-supereffective|p2b: Incineroar\n|-crit|p2b: Incineroar\n|-damage|p2b: Incineroar|0 fnt\n|-damage|p1a: Urshifu|51\/100|[from] item: Rocky Helmet|[of] p2b: Incineroar\n|faint|p2b: Incineroar\n|-hitcount|p2: Incineroar|3\n|\n|upkeep\n|\n|t:|1738944768\n|switch|p2b: Ogerpon|Ogerpon-Hearthflame, L50, F|100\/100\n|-ability|p2b: Ogerpon|Mold Breaker\n|turn|3\n|inactive|Ayae.Hakamada has 30 seconds left.\n|inactive|Ayae.Hakamada has 20 seconds left.\n|inactive|Ayae.Hakamada has 15 seconds left.\n|\n|t:|1738944809\n|move|p1b: Iron Valiant|Coaching|p1a: Urshifu\n|-boost|p1a: Urshifu|atk|1\n|-boost|p1a: Urshifu|def|1\n|move|p2b: Ogerpon|Wood Hammer|p1a: Urshifu\n|-supereffective|p1a: Urshifu\n|-damage|p1a: Urshifu|0 fnt\n|faint|p1a: Urshifu\n|-damage|p2b: Ogerpon|83\/100|[from] Recoil\n|move|p2a: Urshifu|Surging Strikes|p1b: Iron Valiant\n|-crit|p1b: Iron Valiant\n|-damage|p1b: Iron Valiant|70\/100\n|-crit|p1b: Iron Valiant\n|-damage|p1b: Iron Valiant|40\/100\n|-crit|p1b: Iron Valiant\n|-damage|p1b: Iron Valiant|8\/100\n|-hitcount|p1b: Iron Valiant|3\n|\n|upkeep\n|\n|t:|1738944826\n|switch|p1a: Regieleki|Regieleki, L50|100\/100\n|turn|4\n|\n|t:|1738944845\n|move|p2a: Urshifu|Protect|p2a: Urshifu\n|-singleturn|p2a: Urshifu|Protect\n|move|p1b: Iron Valiant|Spirit Break|p2a: Urshifu\n|-activate|p2a: Urshifu|move: Protect\n|move|p1a: Regieleki|Thunderbolt|p2a: Urshifu\n|-activate|p2a: Urshifu|move: Protect\n|move|p2b: Ogerpon|Ivy Cudgel|p1a: Regieleki|[anim] Ivy Cudgel Fire\n|-damage|p1a: Regieleki|0 fnt\n|faint|p1a: Regieleki\n|\n|upkeep\n|\n|t:|1738944858\n|switch|p1a: Calyrex|Calyrex-Ice, L50|100\/100\n|-ability|p1a: Calyrex|As One\n|-ability|p1a: Calyrex|Unnerve\n|turn|5\n|\n|t:|1738944869\n|move|p2a: Urshifu|Aqua Jet|p1b: Iron Valiant\n|-damage|p1b: Iron Valiant|0 fnt\n|faint|p1b: Iron Valiant\n|-end|p1b: Iron Valiant|Quark Drive|[silent]\n|move|p2b: Ogerpon|Wood Hammer|p1a: Calyrex\n|-damage|p1a: Calyrex|58\/100\n|-damage|p2b: Ogerpon|67\/100|[from] Recoil\n|move|p1a: Calyrex|Glacial Lance|p2b: Ogerpon|[spread] p2a,p2b\n|-resisted|p2a: Urshifu\n|-damage|p2a: Urshifu|73\/100\n|-damage|p2b: Ogerpon|8\/100\n|\n|upkeep\n|turn|6\n|-message|Ayae.Hakamada forfeited.\n|\n|win|BLiiNDProdiigy\n|raw|Ayae.Hakamada's rating: 1572 &rarr; <strong>1551<\/strong><br \/>(-21 for losing)\n|raw|BLiiNDProdiigy's rating: 1563 &rarr; <strong>1584<\/strong><br \/>(+21 for winning)\n|l|\u2606Ayae.Hakamada\n|player|p1|\n|l|\u2606BLiiNDProdiigy\n|player|p2|\n","uploadtime":1738945136,"views":6,"formatid":"gen9vgc2025regg","rating":1551,"private":0,"password":null}