{"id":"gen9vgc2025regg-2296229612","format":"[Gen 9] VGC 2025 Reg G","players":["kd-vgc711","Pa7mmm"],"log":"|j|\u2606kd-vgc711\n|j|\u2606Pa7mmm\n|t:|1738941030\n|gametype|doubles\n|player|p1|kd-vgc711|266|1590\n|player|p2|Pa7mmm|2|1569\n|teamsize|p1|6\n|teamsize|p2|6\n|gen|9\n|tier|[Gen 9] VGC 2025 Reg G\n|rated|\n|rule|Species Clause: Limit one of each Pok\u00e9mon\n|rule|Item Clause: Limit 1 of each item\n|clearpoke\n|poke|p1|Whimsicott, L50, F|\n|poke|p1|Entei, L50|\n|poke|p1|Flutter Mane, L50|\n|poke|p1|Groudon, L50|\n|poke|p1|Raging Bolt, L50|\n|poke|p1|Chi-Yu, L50|\n|poke|p2|Miraidon, L50|\n|poke|p2|Porygon2, L50|\n|poke|p2|Landorus, L50, M|\n|poke|p2|Iron Bundle, L50|\n|poke|p2|Iron Hands, L50|\n|poke|p2|Tornadus, L50, M|\n|teampreview|4\n|inactive|Battle timer is ON: inactive players will automatically lose when time's up. (requested by Pa7mmm)\n|\n|t:|1738941052\n|start\n|switch|p1a: Flutter Mane|Flutter Mane, L50, shiny|100\/100\n|switch|p1b: Chi-Yu|Chi-Yu, L50|100\/100\n|switch|p2a: Miraidon|Miraidon, L50|100\/100\n|switch|p2b: Iron Bundle|Iron Bundle, L50|100\/100\n|-ability|p1b: Chi-Yu|Beads of Ruin\n|-fieldstart|move: Electric Terrain|[from] ability: Hadron Engine|[of] p2a: Miraidon\n|-activate|p2b: Iron Bundle|ability: Quark Drive\n|-start|p2b: Iron Bundle|quarkdrivespe\n|turn|1\n|\n|t:|1738941072\n|-end|p1a: Flutter Mane|Protosynthesis|[silent]\n|switch|p1a: Groudon|Groudon, L50, shiny|100\/100\n|-weather|SunnyDay|[from] ability: Drought|[of] p1a: Groudon\n|move|p2b: Iron Bundle|Icy Wind|p1a: Groudon|[spread] p1a,p1b\n|-supereffective|p1a: Groudon\n|-resisted|p1b: Chi-Yu\n|-damage|p1a: Groudon|53\/100\n|-damage|p1b: Chi-Yu|88\/100\n|-unboost|p1b: Chi-Yu|spe|1\n|move|p2a: Miraidon|Volt Switch|p1b: Chi-Yu\n|-damage|p1b: Chi-Yu|0 fnt\n|faint|p1b: Chi-Yu\n|j| VelmasJinkies\n|\n|t:|1738941085\n|switch|p2a: Landorus|Landorus, L50, M|100\/100|[from] Volt Switch\n|\n|-weather|SunnyDay|[upkeep]\n|upkeep\n|\n|t:|1738941089\n|switch|p1b: Flutter Mane|Flutter Mane, L50, shiny|100\/100\n|-activate|p1b: Flutter Mane|ability: Protosynthesis\n|-start|p1b: Flutter Mane|protosynthesisspe\n|turn|2\n|\n|t:|1738941098\n|-terastallize|p1b: Flutter Mane|Fairy\n|move|p1a: Groudon|Protect|p1a: Groudon\n|-singleturn|p1a: Groudon|Protect\n|move|p2b: Iron Bundle|Icy Wind|p1b: Flutter Mane|[spread] p1b\n|-activate|p1a: Groudon|move: Protect\n|-damage|p1b: Flutter Mane|80\/100\n|-unboost|p1b: Flutter Mane|spe|1\n|move|p1b: Flutter Mane|Dazzling Gleam|p2b: Iron Bundle|[spread] p2a,p2b\n|-damage|p2a: Landorus|13\/100\n|-enditem|p2b: Iron Bundle|Focus Sash\n|-damage|p2b: Iron Bundle|1\/100\n|move|p2a: Landorus|Earth Power|p1a: Groudon\n|-activate|p1a: Groudon|move: Protect\n|\n|-weather|SunnyDay|[upkeep]\n|upkeep\n|turn|3\n|\n|t:|1738941113\n|move|p2b: Iron Bundle|Icy Wind|p1a: Groudon|[spread] p1a\n|-miss|p2b: Iron Bundle|p1b: Flutter Mane\n|-supereffective|p1a: Groudon\n|-damage|p1a: Groudon|18\/100\n|move|p1b: Flutter Mane|Dazzling Gleam|p2b: Iron Bundle|[spread] p2a,p2b\n|-damage|p2a: Landorus|0 fnt\n|-damage|p2b: Iron Bundle|0 fnt\n|faint|p2a: Landorus\n|faint|p2b: Iron Bundle\n|-end|p2b: Iron Bundle|Quark Drive|[silent]\n|move|p1a: Groudon|Fire Punch|p2: Landorus|[notarget]\n|-fail|p1a: Groudon\n|\n|-weather|SunnyDay|[upkeep]\n|upkeep\n|\n|t:|1738941121\n|switch|p2b: Tornadus|Tornadus, L50, M|100\/100\n|switch|p2a: Miraidon|Miraidon, L50|100\/100\n|-activate|p2a: Miraidon|ability: Hadron Engine\n|turn|4\n|\n|t:|1738941134\n|-end|p1b: Flutter Mane|Protosynthesis|[silent]\n|switch|p1b: Raging Bolt|Raging Bolt, L50|100\/100\n|-activate|p1b: Raging Bolt|ability: Protosynthesis\n|-start|p1b: Raging Bolt|protosynthesisspa\n|-terastallize|p2a: Miraidon|Electric\n|move|p1a: Groudon|Protect|p1a: Groudon\n|-singleturn|p1a: Groudon|Protect\n|move|p2a: Miraidon|Electro Drift|p1b: Raging Bolt\n|-resisted|p1b: Raging Bolt\n|-damage|p1b: Raging Bolt|75\/100\n|move|p2b: Tornadus|Bleakwind Storm|p1a: Groudon|[spread] p1b\n|-activate|p1a: Groudon|move: Protect\n|-resisted|p1b: Raging Bolt\n|-damage|p1b: Raging Bolt|64\/100\n|\n|-weather|SunnyDay|[upkeep]\n|upkeep\n|turn|5\n|\n|t:|1738941155\n|move|p1b: Raging Bolt|Thunderclap|p2b: Tornadus\n|-supereffective|p2b: Tornadus\n|-damage|p2b: Tornadus|0 fnt\n|faint|p2b: Tornadus\n|move|p2a: Miraidon|Electro Drift|p1b: Raging Bolt\n|-resisted|p1b: Raging Bolt\n|-damage|p1b: Raging Bolt|36\/100\n|move|p1a: Groudon|Precipice Blades|p2a: Miraidon\n|-supereffective|p2a: Miraidon\n|-damage|p2a: Miraidon|0 fnt\n|faint|p2a: Miraidon\n|\n|win|kd-vgc711\n|raw|kd-vgc711's rating: 1590 &rarr; <strong>1609<\/strong><br \/>(+19 for winning)\n|raw|Pa7mmm's rating: 1569 &rarr; <strong>1550<\/strong><br \/>(-19 for losing)\n|l|\u2606Pa7mmm\n|player|p2|\n|l|\u2606kd-vgc711\n|player|p1|\n","uploadtime":1738941388,"views":6,"formatid":"gen9vgc2025regg","rating":1550,"private":0,"password":null}