{"id":"gen9vgc2025regg-2296092358","format":"[Gen 9] VGC 2025 Reg G","players":["Nero2022","ssbutan"],"log":"|j|\u2606Nero2022\n|j|\u2606ssbutan\n|t:|1738921457\n|gametype|doubles\n|player|p1|Nero2022|skyla|1542\n|player|p2|ssbutan|camper|1663\n|teamsize|p1|6\n|teamsize|p2|6\n|gen|9\n|tier|[Gen 9] VGC 2025 Reg G\n|rated|\n|rule|Species Clause: Limit one of each Pok\u00e9mon\n|rule|Item Clause: Limit 1 of each item\n|clearpoke\n|poke|p1|Calyrex-Ice, L50|\n|poke|p1|Landorus, L50, M|\n|poke|p1|Incineroar, L50, M|\n|poke|p1|Pelipper, L50, M|\n|poke|p1|Urshifu-*, L50, M|\n|poke|p1|Ogerpon, L50, F|\n|poke|p2|Calyrex-Ice, L50|\n|poke|p2|Cresselia, L50, F|\n|poke|p2|Rillaboom, L50, M|\n|poke|p2|Urshifu-*, L50, M|\n|poke|p2|Ting-Lu, L50|\n|poke|p2|Goodra-Hisui, L50, F|\n|teampreview|4\n|inactive|Battle timer is ON: inactive players will automatically lose when time's up. (requested by Nero2022)\n|inactive|ssbutan also wants the timer to be on.\n|inactive|Nero2022 has 60 seconds left.\n|inactive|Nero2022 has 30 seconds left.\n|\n|t:|1738921523\n|start\n|switch|p1a: Incineroar|Incineroar, L50, M|100\/100\n|switch|p1b: Ogerpon|Ogerpon, L50, F|100\/100\n|switch|p2a: Calyrex|Calyrex-Ice, L50|100\/100\n|switch|p2b: Urshifu|Urshifu-Rapid-Strike, L50, M|100\/100\n|-ability|p2a: Calyrex|As One\n|-ability|p2a: Calyrex|Unnerve\n|-ability|p1a: Incineroar|Intimidate|boost\n|-unboost|p2a: Calyrex|atk|1\n|-unboost|p2b: Urshifu|atk|1\n|turn|1\n|inactive|Nero2022 has 30 seconds left.\n|inactive|ssbutan has 30 seconds left.\n|\n|t:|1738921555\n|switch|p2b: Goodra|Goodra-Hisui, L50, F|100\/100\n|move|p1a: Incineroar|Fake Out|p2a: Calyrex\n|-damage|p2a: Calyrex|95\/100\n|move|p1b: Ogerpon|Bullet Seed|p2b: Goodra\n|-ability|p2b: Goodra|Sap Sipper|boost\n|-boost|p2b: Goodra|atk|1\n|cant|p2a: Calyrex|flinch\n|\n|-heal|p2a: Calyrex|100\/100|[from] item: Leftovers\n|upkeep\n|turn|2\n|inactive|Nero2022 has 30 seconds left.\n|inactive|ssbutan has 30 seconds left.\n|\n|t:|1738921589\n|move|p1b: Ogerpon|Spiky Shield|p1b: Ogerpon\n|-singleturn|p1b: Ogerpon|move: Protect\n|move|p1a: Incineroar|Will-O-Wisp|p2a: Calyrex\n|-status|p2a: Calyrex|brn\n|move|p2b: Goodra|Acid Armor|p2b: Goodra\n|-boost|p2b: Goodra|def|2\n|move|p2a: Calyrex|Leech Seed|p1a: Incineroar\n|-start|p1a: Incineroar|move: Leech Seed\n|\n|-damage|p1a: Incineroar|88\/100|[from] Leech Seed|[of] p2a: Calyrex\n|-damage|p2a: Calyrex|95\/100 brn|[from] brn\n|upkeep\n|turn|3\n|inactive|Nero2022 has 30 seconds left.\n|inactive|ssbutan has 30 seconds left.\n|inactive|Nero2022 has 20 seconds left.\n|inactive|ssbutan has 20 seconds left.\n|inactive|Nero2022 has 15 seconds left.\n|inactive|ssbutan has 15 seconds left.\n|\n|t:|1738921632\n|switch|p2a: Cresselia|Cresselia, L50, F|100\/100\n|move|p1b: Ogerpon|Encore||[still]\n|-fail|p1b: Ogerpon\n|move|p1a: Incineroar|Will-O-Wisp|p2b: Goodra\n|-status|p2b: Goodra|brn\n|move|p2b: Goodra|Acid Armor|p2b: Goodra\n|-boost|p2b: Goodra|def|2\n|\n|-damage|p1a: Incineroar|76\/100|[from] Leech Seed|[of] p2a: Cresselia\n|-damage|p2b: Goodra|95\/100 brn|[from] brn\n|upkeep\n|turn|4\n|inactive|Nero2022 has 30 seconds left.\n|inactive|Nero2022 has 20 seconds left.\n|inactive|Nero2022 has 15 seconds left.\n|inactive|Nero2022 has 10 seconds left.\n|\n|t:|1738921678\n|switch|p1a: Calyrex|Calyrex-Ice, L50|100\/100\n|-ability|p1a: Calyrex|As One\n|-ability|p1a: Calyrex|Unnerve\n|move|p2a: Cresselia|Ally Switch|p2a: Cresselia\n|swap|p2a: Cresselia|1|[from] move: Ally Switch\n|move|p1b: Ogerpon|Bullet Seed|p2a: Goodra\n|-ability|p2a: Goodra|Sap Sipper|boost\n|-boost|p2a: Goodra|atk|1\n|move|p2a: Goodra|Body Press|p1a: Calyrex\n|-damage|p1a: Calyrex|79\/100\n|\n|-damage|p2a: Goodra|89\/100 brn|[from] brn\n|upkeep\n|turn|5\n|inactive|Nero2022 has 30 seconds left.\n|inactive|ssbutan has 30 seconds left.\n|inactive|ssbutan has 20 seconds left.\n|inactive|ssbutan has 15 seconds left.\n|inactive|ssbutan has 10 seconds left.\n|\n|t:|1738921723\n|switch|p2b: Urshifu|Urshifu-Rapid-Strike, L50, M|100\/100\n|-terastallize|p2a: Goodra|Water\n|move|p1b: Ogerpon|Encore||[still]\n|-fail|p1b: Ogerpon\n|move|p2a: Goodra|Knock Off|p1a: Calyrex\n|-supereffective|p1a: Calyrex\n|-damage|p1a: Calyrex|52\/100\n|-enditem|p1a: Calyrex|Clear Amulet|[from] move: Knock Off|[of] p2a: Goodra\n|move|p1a: Calyrex|Glacial Lance|p2b: Urshifu|[spread] p2a,p2b\n|-resisted|p2a: Goodra\n|-resisted|p2b: Urshifu\n|-damage|p2a: Goodra|82\/100 brn\n|-damage|p2b: Urshifu|71\/100\n|\n|-damage|p2a: Goodra|76\/100 brn|[from] brn\n|upkeep\n|turn|6\n|inactive|Nero2022 has 30 seconds left.\n|inactive|ssbutan has 30 seconds left.\n|inactive|Nero2022 has 20 seconds left.\n|inactive|ssbutan has 20 seconds left.\n|inactive|Nero2022 has 15 seconds left.\n|inactive|ssbutan has 15 seconds left.\n|inactive|Nero2022 has 10 seconds left.\n|inactive|ssbutan has 10 seconds left.\n|\n|t:|1738921770\n|switch|p1a: Incineroar|Incineroar, L50, M|76\/100\n|-ability|p1a: Incineroar|Intimidate|boost\n|-unboost|p2a: Goodra|atk|1\n|-unboost|p2b: Urshifu|atk|1\n|move|p2b: Urshifu|U-turn|p1b: Ogerpon\n|-supereffective|p1b: Ogerpon\n|-damage|p1b: Ogerpon|59\/100\n|\n|t:|1738921777\n|switch|p2b: Cresselia|Cresselia, L50, F|100\/100|[from] U-turn\n|move|p1b: Ogerpon|Bullet Seed|p2b: Cresselia\n|-damage|p2b: Cresselia|93\/100\n|-damage|p2b: Cresselia|86\/100\n|-damage|p2b: Cresselia|78\/100\n|-damage|p2b: Cresselia|71\/100\n|-hitcount|p2b: Cresselia|4\n|move|p2a: Goodra|Body Press|p1b: Ogerpon\n|-damage|p1b: Ogerpon|11\/100\n|\n|-damage|p2a: Goodra|70\/100 brn|[from] brn\n|upkeep\n|turn|7\n|inactive|Nero2022 has 30 seconds left.\n|\n|t:|1738921804\n|switch|p1b: Calyrex|Calyrex-Ice, L50|52\/100\n|-ability|p1b: Calyrex|As One\n|-ability|p1b: Calyrex|Unnerve\n|move|p2b: Cresselia|Lunar Blessing|p2b: Cresselia|[spread] p2a,p2b\n|-heal|p2a: Goodra|95\/100 brn\n|-curestatus|p2a: Goodra|brn|[msg]\n|-heal|p2b: Cresselia|97\/100\n|move|p1a: Incineroar|Knock Off|p2a: Goodra\n|-damage|p2a: Goodra|86\/100\n|-damage|p1a: Incineroar|59\/100|[from] item: Rocky Helmet|[of] p2a: Goodra\n|-enditem|p2a: Goodra|Rocky Helmet|[from] move: Knock Off|[of] p1a: Incineroar\n|move|p2a: Goodra|Body Press|p1a: Incineroar\n|-supereffective|p1a: Incineroar\n|-damage|p1a: Incineroar|0 fnt\n|-damage|p2a: Goodra|69\/100|[from] item: Rocky Helmet|[of] p1a: Incineroar\n|faint|p1a: Incineroar\n|\n|upkeep\n|inactive|Nero2022 has 30 seconds left.\n|\n|t:|1738921831\n|switch|p1a: Urshifu|Urshifu-Rapid-Strike, L50, M|100\/100\n|turn|8\n|\n|t:|1738921848\n|switch|p2b: Urshifu|Urshifu-Rapid-Strike, L50, M|71\/100\n|-terastallize|p1a: Urshifu|Stellar\n|move|p1a: Urshifu|Close Combat|p2a: Goodra\n|-damage|p2a: Goodra|48\/100\n|-unboost|p1a: Urshifu|def|1\n|-unboost|p1a: Urshifu|spd|1\n|move|p2a: Goodra|Body Press|p1a: Urshifu\n|-enditem|p1a: Urshifu|Focus Sash\n|-damage|p1a: Urshifu|1\/100\n|move|p1b: Calyrex|High Horsepower|p2a: Goodra\n|-damage|p2a: Goodra|37\/100\n|\n|upkeep\n|turn|9\n|j| tetsuokaga\n|-message|Nero2022 forfeited.\n|\n|win|ssbutan\n|raw|Nero2022's rating: 1542 &rarr; <strong>1529<\/strong><br \/>(-13 for losing)\n|raw|ssbutan's rating: 1663 &rarr; <strong>1676<\/strong><br \/>(+13 for winning)\n|l|\u2606ssbutan\n|player|p2|\n|l| tetsuokaga\n","uploadtime":1738921869,"views":24,"formatid":"gen9vgc2025regg","rating":1529,"private":0,"password":null}