{"id":"gen9vgc2025regg-2296878029","format":"[Gen 9] VGC 2025 Reg G","players":["GuevaraGaming2","radiantwf4"],"log":"|j|\u2606GuevaraGaming2\n|j|\u203dradiantwf4\n|t:|1739030950\n|gametype|doubles\n|player|p1|GuevaraGaming2|hilbert-wonderlauncher|1615\n|player|p2|radiantwf4|265|1657\n|teamsize|p1|6\n|teamsize|p2|6\n|gen|9\n|tier|[Gen 9] VGC 2025 Reg G\n|rated|\n|rule|Species Clause: Limit one of each Pok\u00e9mon\n|rule|Item Clause: Limit 1 of each item\n|clearpoke\n|poke|p1|Rillaboom, L50, F|\n|poke|p1|Tornadus, L50, M|\n|poke|p1|Zamazenta-*, L50|\n|poke|p1|Landorus, L50, M|\n|poke|p1|Incineroar, L50, M|\n|poke|p1|Urshifu-*, L50, M|\n|poke|p2|Ditto, L50|\n|poke|p2|Whimsicott, L50, F|\n|poke|p2|Calyrex-Ice, L50|\n|poke|p2|Incineroar, L50, M|\n|poke|p2|Landorus, L50, M|\n|poke|p2|Amoonguss, L50, M|\n|teampreview|4\n|inactive|Battle timer is ON: inactive players will automatically lose when time's up. (requested by radiantwf4)\n|\n|t:|1739030978\n|start\n|switch|p1a: Tornadus|Tornadus, L50, M, shiny|100\/100\n|switch|p1b: Incineroar|Incineroar, L50, M, shiny|100\/100\n|switch|p2a: Amoonguss|Amoonguss, L50, M|100\/100\n|switch|p2b: Calyrex|Calyrex-Ice, L50|100\/100\n|-ability|p2b: Calyrex|As One\n|-ability|p2b: Calyrex|Unnerve\n|-ability|p1b: Incineroar|Intimidate|boost\n|-unboost|p2a: Amoonguss|atk|1\n|-fail|p2b: Calyrex|unboost|[from] item: Clear Amulet|[of] p2b: Calyrex\n|turn|1\n|\n|t:|1739030994\n|move|p2b: Calyrex|Protect|p2b: Calyrex\n|-singleturn|p2b: Calyrex|Protect\n|move|p1a: Tornadus|Bleakwind Storm|p2a: Amoonguss|[spread] p2a\n|-activate|p2b: Calyrex|move: Protect\n|-supereffective|p2a: Amoonguss\n|-damage|p2a: Amoonguss|31\/100\n|move|p1b: Incineroar|Taunt|p2b: Calyrex\n|-activate|p2b: Calyrex|move: Protect\n|move|p2a: Amoonguss|Spore|p1a: Tornadus\n|-status|p1a: Tornadus|slp|[from] move: Spore\n|\n|upkeep\n|turn|2\n|\n|t:|1739031010\n|switch|p2a: Whimsicott|Whimsicott, L50, F|100\/100\n|cant|p1a: Tornadus|slp\n|move|p2b: Calyrex|Glacial Lance|p1b: Incineroar|[spread] p1a,p1b\n|-supereffective|p1a: Tornadus\n|-resisted|p1b: Incineroar\n|-enditem|p1a: Tornadus|Focus Sash\n|-damage|p1a: Tornadus|1\/100 slp\n|-damage|p1b: Incineroar|77\/100\n|move|p1b: Incineroar|Knock Off|p2a: Whimsicott\n|-resisted|p2a: Whimsicott\n|-damage|p2a: Whimsicott|67\/100\n|-enditem|p2a: Whimsicott|Focus Sash|[from] move: Knock Off|[of] p1b: Incineroar\n|\n|upkeep\n|turn|3\n|\n|t:|1739031029\n|move|p2a: Whimsicott|Misty Terrain|p2a: Whimsicott\n|-fieldstart|move: Misty Terrain\n|-curestatus|p1a: Tornadus|slp|[msg]\n|move|p1a: Tornadus|Tailwind|p1a: Tornadus\n|-sidestart|p1: GuevaraGaming2|move: Tailwind\n|move|p1b: Incineroar|Knock Off|p2b: Calyrex\n|-supereffective|p2b: Calyrex\n|-damage|p2b: Calyrex|49\/100\n|-enditem|p2b: Calyrex|Clear Amulet|[from] move: Knock Off|[of] p1b: Incineroar\n|move|p2b: Calyrex|Glacial Lance|p1b: Incineroar|[spread] p1a,p1b\n|-supereffective|p1a: Tornadus\n|-resisted|p1b: Incineroar\n|-damage|p1a: Tornadus|0 fnt\n|-damage|p1b: Incineroar|53\/100\n|faint|p1a: Tornadus\n|-ability|p2b: Calyrex|Chilling Neigh|boost\n|-boost|p2b: Calyrex|atk|1\n|\n|upkeep\n|\n|t:|1739031037\n|switch|p1a: Landorus|Landorus, L50, M, shiny|100\/100\n|turn|4\n|\n|t:|1739031047\n|switch|p2b: Landorus|Landorus, L50, M|100\/100\n|move|p2a: Whimsicott|Tailwind|p2a: Whimsicott\n|-sidestart|p2: radiantwf4|move: Tailwind\n|move|p1a: Landorus|Earth Power|p2b: Landorus\n|-immune|p2b: Landorus\n|move|p1b: Incineroar|Parting Shot|p2a: Whimsicott\n|-unboost|p2a: Whimsicott|atk|1\n|-unboost|p2a: Whimsicott|spa|1\n|\n|t:|1739031049\n|switch|p1b: Zamazenta|Zamazenta-Crowned, L50, shiny|100\/100|[from] Parting Shot\n|-ability|p1b: Zamazenta|Dauntless Shield|boost\n|-boost|p1b: Zamazenta|def|1\n|\n|upkeep\n|turn|5\n|inactive|radiantwf4 has 30 seconds left.\n|\n|t:|1739031074\n|switch|p2a: Amoonguss|Amoonguss, L50, M|64\/100\n|-terastallize|p1b: Zamazenta|Dragon\n|move|p1a: Landorus|Protect|p1a: Landorus\n|-singleturn|p1a: Landorus|Protect\n|move|p1b: Zamazenta|Heavy Slam|p2a: Amoonguss\n|-damage|p2a: Amoonguss|30\/100\n|move|p2b: Landorus|Earth Power|p1b: Zamazenta\n|-damage|p1b: Zamazenta|61\/100\n|\n|upkeep\n|turn|6\n|\n|t:|1739031099\n|move|p1b: Zamazenta|Heavy Slam|p2b: Landorus\n|-damage|p2b: Landorus|53\/100\n|move|p1a: Landorus|Earth Power|p2a: Amoonguss\n|-damage|p2a: Amoonguss|0 fnt\n|faint|p2a: Amoonguss\n|move|p2b: Landorus|Earth Power|p1b: Zamazenta\n|-damage|p1b: Zamazenta|20\/100\n|\n|-sideend|p1: GuevaraGaming2|move: Tailwind\n|upkeep\n|\n|t:|1739031110\n|switch|p2a: Whimsicott|Whimsicott, L50, F|67\/100\n|turn|7\n|\n|t:|1739031117\n|move|p1b: Zamazenta|Protect|p1b: Zamazenta\n|-singleturn|p1b: Zamazenta|Protect\n|move|p2a: Whimsicott|Encore|p1a: Landorus\n|-start|p1a: Landorus|Encore\n|move|p2b: Landorus|Earth Power|p1b: Zamazenta\n|-activate|p1b: Zamazenta|move: Protect\n|move|p1a: Landorus|Earth Power|p2b: Landorus\n|-immune|p2b: Landorus\n|\n|-sideend|p2: radiantwf4|move: Tailwind\n|-fieldend|Misty Terrain\n|upkeep\n|turn|8\n|\n|t:|1739031132\n|move|p2a: Whimsicott|Tailwind|p2a: Whimsicott\n|-sidestart|p2: radiantwf4|move: Tailwind\n|move|p2b: Landorus|Earth Power|p1b: Zamazenta\n|-damage|p1b: Zamazenta|0 fnt\n|faint|p1b: Zamazenta\n|move|p1a: Landorus|Earth Power|p2a: Whimsicott\n|-resisted|p2a: Whimsicott\n|-damage|p2a: Whimsicott|19\/100\n|\n|upkeep\n|\n|t:|1739031134\n|switch|p1b: Incineroar|Incineroar, L50, M, shiny|53\/100\n|-ability|p1b: Incineroar|Intimidate|boost\n|-unboost|p2a: Whimsicott|atk|1\n|-unboost|p2b: Landorus|atk|1\n|turn|9\n|-message|GuevaraGaming2 forfeited.\n|\n|win|radiantwf4\n|raw|GuevaraGaming2's rating: 1615 &rarr; <strong>1597<\/strong><br \/>(-18 for losing)\n|raw|radiantwf4's rating: 1657 &rarr; <strong>1675<\/strong><br \/>(+18 for winning)\n|l|\u2606GuevaraGaming2\n|player|p1|\n|l|\u203dradiantwf4\n|player|p2|\n","uploadtime":1739031296,"views":6,"formatid":"gen9vgc2025regg","rating":1597,"private":0,"password":null}