{"id":"gen9vgc2025regg-2296303237","format":"[Gen 9] VGC 2025 Reg G","players":["qiin5","kiwigal"],"log":"|j|\u2606qiin5\n|j|\u2606kiwigal\n|t:|1738948459\n|gametype|doubles\n|player|p1|qiin5|169|1612\n|player|p2|kiwigal|emma|1681\n|teamsize|p1|6\n|teamsize|p2|6\n|gen|9\n|tier|[Gen 9] VGC 2025 Reg G\n|rated|\n|rule|Species Clause: Limit one of each Pok\u00e9mon\n|rule|Item Clause: Limit 1 of each item\n|clearpoke\n|poke|p1|Zamazenta-*, L50|\n|poke|p1|Chien-Pao, L50|\n|poke|p1|Amoonguss, L50, M|\n|poke|p1|Raging Bolt, L50|\n|poke|p1|Dragonite, L50, F|\n|poke|p1|Ditto, L50|\n|poke|p2|Calyrex-Ice, L50|\n|poke|p2|Amoonguss, L50, M|\n|poke|p2|Urshifu-*, L50, M|\n|poke|p2|Roaring Moon, L50|\n|poke|p2|Landorus, L50, M|\n|poke|p2|Ogerpon-Cornerstone, L50, F|\n|teampreview|4\n|\n|t:|1738948497\n|start\n|switch|p1a: Chien-Pao|Chien-Pao, L50|100\/100\n|switch|p1b: Amoonguss|Amoonguss, L50, M|100\/100\n|switch|p2a: uno dos tres|Urshifu-Rapid-Strike, L50, M|100\/100\n|switch|p2b: Wildmence|Roaring Moon, L50|100\/100\n|-ability|p1a: Chien-Pao|Sword of Ruin\n|-enditem|p2b: Wildmence|Booster Energy\n|-activate|p2b: Wildmence|ability: Protosynthesis|[fromitem]\n|-start|p2b: Wildmence|protosynthesisspe\n|turn|1\n|\n|t:|1738948510\n|move|p2b: Wildmence|Protect|p2b: Wildmence\n|-singleturn|p2b: Wildmence|Protect\n|move|p1b: Amoonguss|Protect|p1b: Amoonguss\n|-singleturn|p1b: Amoonguss|Protect\n|move|p1a: Chien-Pao|Ice Spinner|p2b: Wildmence\n|-activate|p2b: Wildmence|move: Protect\n|move|p2a: uno dos tres|Taunt|p1b: Amoonguss\n|-activate|p1b: Amoonguss|move: Protect\n|\n|upkeep\n|turn|2\n|\n|t:|1738948530\n|switch|p1b: Dragonite|Dragonite, L50, F|100\/100\n|-terastallize|p2b: Wildmence|Flying\n|move|p2b: Wildmence|Acrobatics|p1b: Dragonite\n|-damage|p1b: Dragonite|38\/100\n|move|p1a: Chien-Pao|Ice Spinner|p2b: Wildmence\n|-supereffective|p2b: Wildmence\n|-damage|p2b: Wildmence|0 fnt\n|faint|p2b: Wildmence\n|-end|p2b: Wildmence|Protosynthesis|[silent]\n|move|p2a: uno dos tres|Surging Strikes|p1a: Chien-Pao\n|-crit|p1a: Chien-Pao\n|-damage|p1a: Chien-Pao|64\/100\n|-crit|p1a: Chien-Pao\n|-damage|p1a: Chien-Pao|32\/100\n|-crit|p1a: Chien-Pao\n|-damage|p1a: Chien-Pao|0 fnt\n|faint|p1a: Chien-Pao\n|-hitcount|p1: Chien-Pao|3\n|\n|upkeep\n|\n|t:|1738948546\n|switch|p1a: Zamazenta|Zamazenta-Crowned, L50|100\/100\n|switch|p2b: damn..|Calyrex-Ice, L50|100\/100\n|-ability|p2b: damn..|As One\n|-ability|p2b: damn..|Unnerve\n|-ability|p1a: Zamazenta|Dauntless Shield|boost\n|-boost|p1a: Zamazenta|def|1\n|turn|3\n|\n|t:|1738948565\n|move|p2b: damn..|Protect|p2b: damn..\n|-singleturn|p2b: damn..|Protect\n|move|p1b: Dragonite|Extreme Speed|p2a: uno dos tres\n|-damage|p2a: uno dos tres|52\/100\n|move|p1a: Zamazenta|Body Press|p2a: uno dos tres\n|-damage|p2a: uno dos tres|0 fnt\n|faint|p2a: uno dos tres\n|\n|upkeep\n|\n|t:|1738948569\n|switch|p2a: Intimidatless|Landorus, L50, M|100\/100\n|turn|4\n|\n|t:|1738948589\n|-terastallize|p1a: Zamazenta|Dragon\n|move|p1a: Zamazenta|Wide Guard|p1a: Zamazenta\n|-singleturn|p1a: Zamazenta|Wide Guard\n|move|p1b: Dragonite|Extreme Speed|p2b: damn..\n|-damage|p2b: damn..|74\/100\n|move|p2a: Intimidatless|Earth Power|p1a: Zamazenta\n|-damage|p1a: Zamazenta|42\/100\n|move|p2b: damn..|Glacial Lance|p1b: Dragonite|[spread] \n|-activate|p1a: Zamazenta|move: Wide Guard\n|-activate|p1b: Dragonite|move: Wide Guard\n|\n|upkeep\n|turn|5\n|\n|t:|1738948621\n|move|p1b: Dragonite|Extreme Speed|p2b: damn..\n|-damage|p2b: damn..|47\/100\n|move|p1a: Zamazenta|Body Press|p2b: damn..\n|-damage|p2b: damn..|0 fnt\n|faint|p2b: damn..\n|move|p2a: Intimidatless|Earth Power|p1a: Zamazenta\n|-damage|p1a: Zamazenta|0 fnt\n|faint|p1a: Zamazenta\n|\n|upkeep\n|\n|t:|1738948626\n|switch|p1a: Amoonguss|Amoonguss, L50, M|100\/100\n|turn|6\n|-message|kiwigal forfeited.\n|\n|win|qiin5\n|raw|qiin5's rating: 1612 &rarr; <strong>1636<\/strong><br \/>(+24 for winning)\n|raw|kiwigal's rating: 1681 &rarr; <strong>1657<\/strong><br \/>(-24 for losing)\n|l|\u2606kiwigal\n|player|p2|\n|l|\u2606qiin5\n|player|p1|\n","uploadtime":1738948868,"views":26,"formatid":"gen9vgc2025regg","rating":1636,"private":0,"password":null}