{"id":"gen9vgc2025regg-2296115956","format":"[Gen 9] VGC 2025 Reg G","players":["Frikandellenbos","AnTree4"],"log":"|j|\u2606Frikandellenbos\n|j|\u2606AnTree4\n|t:|1738925646\n|gametype|doubles\n|player|p1|Frikandellenbos|hiker-gen4|1592\n|player|p2|AnTree4|brock|1574\n|teamsize|p1|6\n|teamsize|p2|6\n|gen|9\n|tier|[Gen 9] VGC 2025 Reg G\n|rated|\n|rule|Species Clause: Limit one of each Pok\u00e9mon\n|rule|Item Clause: Limit 1 of each item\n|clearpoke\n|poke|p1|Calyrex-Ice, L50|\n|poke|p1|Incineroar, L50, F|\n|poke|p1|Pelipper, L50, M|\n|poke|p1|Ogerpon-Cornerstone, L50, F|\n|poke|p1|Raging Bolt, L50|\n|poke|p1|Urshifu-*, L50, M|\n|poke|p2|Kyogre, L50|\n|poke|p2|Sinistcha, L50|\n|poke|p2|Archaludon, L50, F|\n|poke|p2|Thundurus, L50, M|\n|poke|p2|Farigiraf, L50, F|\n|poke|p2|Urshifu-*, L50, M|\n|teampreview|4\n|j| Triple20\n|inactive|Battle timer is ON: inactive players will automatically lose when time's up. (requested by AnTree4)\n|\n|t:|1738925710\n|start\n|switch|p1a: Calyrex|Calyrex-Ice, L50|100\/100\n|switch|p1b: Ogerpon|Ogerpon-Cornerstone, L50, F|100\/100\n|switch|p2a: Farigiraf|Farigiraf, L50, F|100\/100\n|switch|p2b: Urshifu|Urshifu-Rapid-Strike, L50, M|100\/100\n|-ability|p1a: Calyrex|As One\n|-ability|p1a: Calyrex|Unnerve\n|turn|1\n|\n|t:|1738925731\n|-terastallize|p1a: Calyrex|Fairy\n|move|p1b: Ogerpon|Power Whip|p2b: Urshifu\n|-supereffective|p2b: Urshifu\n|-damage|p2b: Urshifu|0 fnt\n|faint|p2b: Urshifu\n|move|p2a: Farigiraf|Hyper Voice|p1b: Ogerpon|[spread] p1a,p1b\n|-resisted|p1b: Ogerpon\n|-damage|p1a: Calyrex|80\/100\n|-damage|p1b: Ogerpon|83\/100\n|-enditem|p2a: Farigiraf|Throat Spray\n|-boost|p2a: Farigiraf|spa|1|[from] item: Throat Spray\n|move|p1a: Calyrex|Glacial Lance|p2a: Farigiraf\n|-damage|p2a: Farigiraf|33\/100\n|\n|upkeep\n|\n|t:|1738925741\n|switch|p2b: Kyogre|Kyogre, L50|100\/100\n|-weather|RainDance|[from] ability: Drizzle|[of] p2b: Kyogre\n|turn|2\n|\n|t:|1738925754\n|switch|p2b: Archaludon|Archaludon, L50, F|100\/100\n|move|p1a: Calyrex|Protect|p1a: Calyrex\n|-singleturn|p1a: Calyrex|Protect\n|move|p1b: Ogerpon|Power Whip|p2b: Archaludon\n|-resisted|p2b: Archaludon\n|-damage|p2b: Archaludon|88\/100\n|-ability|p2b: Archaludon|Stamina|boost\n|-boost|p2b: Archaludon|def|1\n|move|p2a: Farigiraf|Hyper Voice|p1a: Calyrex|[spread] p1b\n|-activate|p1a: Calyrex|move: Protect\n|-resisted|p1b: Ogerpon\n|-damage|p1b: Ogerpon|54\/100\n|\n|-weather|RainDance|[upkeep]\n|upkeep\n|turn|3\n|\n|t:|1738925776\n|move|p2a: Farigiraf|Protect|p2a: Farigiraf\n|-singleturn|p2a: Farigiraf|Protect\n|move|p1b: Ogerpon|Ivy Cudgel|p2a: Farigiraf|[anim] Ivy Cudgel Rock\n|-activate|p2a: Farigiraf|move: Protect\n|move|p2b: Archaludon|Electro Shot||[still]\n|-prepare|p2b: Archaludon|Electro Shot\n|-boost|p2b: Archaludon|spa|1\n|-anim|p2b: Archaludon|Electro Shot|p1a: Calyrex\n|-damage|p1a: Calyrex|40\/100\n|move|p1a: Calyrex|Glacial Lance|p2b: Archaludon|[spread] p2b\n|-activate|p2a: Farigiraf|move: Protect\n|-damage|p2b: Archaludon|56\/100\n|-ability|p2b: Archaludon|Stamina|boost\n|-boost|p2b: Archaludon|def|1\n|\n|-weather|RainDance|[upkeep]\n|upkeep\n|turn|4\n|\n|t:|1738925794\n|move|p1b: Ogerpon|Follow Me|p1b: Ogerpon\n|-singleturn|p1b: Ogerpon|move: Follow Me\n|move|p2b: Archaludon|Electro Shot||[still]\n|-prepare|p2b: Archaludon|Electro Shot\n|-boost|p2b: Archaludon|spa|1\n|-anim|p2b: Archaludon|Electro Shot|p1b: Ogerpon\n|-resisted|p1b: Ogerpon\n|-damage|p1b: Ogerpon|4\/100\n|move|p2a: Farigiraf|Twin Beam|p1b: Ogerpon\n|-damage|p1b: Ogerpon|0 fnt\n|faint|p1b: Ogerpon\n|-hitcount|p1: Ogerpon|1\n|move|p1a: Calyrex|Glacial Lance|p2a: Farigiraf|[spread] p2a,p2b\n|-damage|p2a: Farigiraf|0 fnt\n|-damage|p2b: Archaludon|34\/100\n|-ability|p2b: Archaludon|Stamina|boost\n|-boost|p2b: Archaludon|def|1\n|faint|p2a: Farigiraf\n|-ability|p1a: Calyrex|Chilling Neigh|boost\n|-boost|p1a: Calyrex|atk|1\n|\n|-weather|RainDance|[upkeep]\n|upkeep\n|\n|t:|1738925816\n|switch|p1b: Urshifu|Urshifu-Rapid-Strike, L50, M|100\/100\n|switch|p2a: Kyogre|Kyogre, L50|100\/100\n|turn|5\n|\n|t:|1738925831\n|move|p1b: Urshifu|Surging Strikes|p2b: Archaludon\n|-resisted|p2b: Archaludon\n|-crit|p2b: Archaludon\n|-damage|p2b: Archaludon|21\/100\n|-ability|p2b: Archaludon|Stamina|boost\n|-boost|p2b: Archaludon|def|1\n|-resisted|p2b: Archaludon\n|-crit|p2b: Archaludon\n|-damage|p2b: Archaludon|9\/100\n|-ability|p2b: Archaludon|Stamina|boost\n|-boost|p2b: Archaludon|def|1\n|-resisted|p2b: Archaludon\n|-crit|p2b: Archaludon\n|-damage|p2b: Archaludon|0 fnt\n|faint|p2b: Archaludon\n|-hitcount|p2: Archaludon|3\n|move|p2a: Kyogre|Origin Pulse|p1a: Calyrex|[spread] p1a\n|-miss|p2a: Kyogre|p1b: Urshifu\n|-damage|p1a: Calyrex|0 fnt\n|faint|p1a: Calyrex\n|\n|-weather|RainDance|[upkeep]\n|upkeep\n|l| Triple20\n|\n|t:|1738925846\n|switch|p1a: Pelipper|Pelipper, L50, M|100\/100\n|turn|6\n|\n|t:|1738925851\n|move|p1a: Pelipper|Wide Guard|p1a: Pelipper\n|-singleturn|p1a: Pelipper|Wide Guard\n|move|p1b: Urshifu|Surging Strikes|p2a: Kyogre\n|-resisted|p2a: Kyogre\n|-crit|p2a: Kyogre\n|-damage|p2a: Kyogre|85\/100\n|-resisted|p2a: Kyogre\n|-crit|p2a: Kyogre\n|-damage|p2a: Kyogre|69\/100\n|-resisted|p2a: Kyogre\n|-crit|p2a: Kyogre\n|-damage|p2a: Kyogre|55\/100\n|-hitcount|p2a: Kyogre|3\n|move|p2a: Kyogre|Origin Pulse|p1a: Pelipper|[spread] \n|-activate|p1a: Pelipper|move: Wide Guard\n|-activate|p1b: Urshifu|move: Wide Guard\n|\n|-weather|none\n|-heal|p2a: Kyogre|60\/100|[from] item: Leftovers\n|upkeep\n|turn|7\n|j| Triple20\n|\n|t:|1738925864\n|move|p1a: Pelipper|Wide Guard|p1a: Pelipper\n|-singleturn|p1a: Pelipper|Wide Guard\n|move|p1b: Urshifu|Surging Strikes|p2a: Kyogre\n|-resisted|p2a: Kyogre\n|-crit|p2a: Kyogre\n|-damage|p2a: Kyogre|50\/100\n|-resisted|p2a: Kyogre\n|-crit|p2a: Kyogre\n|-damage|p2a: Kyogre|41\/100\n|-resisted|p2a: Kyogre\n|-crit|p2a: Kyogre\n|-damage|p2a: Kyogre|30\/100\n|-hitcount|p2a: Kyogre|3\n|move|p2a: Kyogre|Ice Beam|p1b: Urshifu\n|-resisted|p1b: Urshifu\n|-damage|p1b: Urshifu|75\/100\n|\n|-heal|p2a: Kyogre|36\/100|[from] item: Leftovers\n|upkeep\n|turn|8\n|\n|t:|1738925886\n|move|p1a: Pelipper|Wide Guard|p1a: Pelipper\n|-singleturn|p1a: Pelipper|Wide Guard\n|move|p1b: Urshifu|Surging Strikes|p2a: Kyogre\n|-resisted|p2a: Kyogre\n|-crit|p2a: Kyogre\n|-damage|p2a: Kyogre|26\/100\n|-resisted|p2a: Kyogre\n|-crit|p2a: Kyogre\n|-damage|p2a: Kyogre|15\/100\n|-resisted|p2a: Kyogre\n|-crit|p2a: Kyogre\n|-damage|p2a: Kyogre|6\/100\n|-hitcount|p2a: Kyogre|3\n|move|p2a: Kyogre|Origin Pulse|p1a: Pelipper|[spread] \n|-activate|p1a: Pelipper|move: Wide Guard\n|-activate|p1b: Urshifu|move: Wide Guard\n|\n|-heal|p2a: Kyogre|12\/100|[from] item: Leftovers\n|upkeep\n|turn|9\n|-message|AnTree4 forfeited.\n|\n|win|Frikandellenbos\n|raw|Frikandellenbos's rating: 1592 &rarr; <strong>1611<\/strong><br \/>(+19 for winning)\n|raw|AnTree4's rating: 1574 &rarr; <strong>1555<\/strong><br \/>(-19 for losing)\n|l|\u2606AnTree4\n|player|p2|\n|l|\u2606Frikandellenbos\n|player|p1|\n|l| Triple20\n","uploadtime":1738925897,"views":8,"formatid":"gen9vgc2025regg","rating":1555,"private":0,"password":null}