{"id":"gen9vgc2025regg-2296172355","format":"[Gen 9] VGC 2025 Reg G","players":["KHAN ZAMAI","cobalt_poke"],"log":"|j|\u203dKHAN ZAMAI\n|j|\u2606cobalt_poke\n|t:|1738934391\n|gametype|doubles\n|player|p1|KHAN ZAMAI|170|1582\n|player|p2|cobalt_poke|170|1654\n|teamsize|p1|6\n|teamsize|p2|6\n|gen|9\n|tier|[Gen 9] VGC 2025 Reg G\n|rated|\n|rule|Species Clause: Limit one of each Pok\u00e9mon\n|rule|Item Clause: Limit 1 of each item\n|clearpoke\n|poke|p1|Comfey, L50, F|\n|poke|p1|Rillaboom, L50, F|\n|poke|p1|Terapagos, L50, M|\n|poke|p1|Incineroar, L50, F|\n|poke|p1|Ogerpon-Wellspring, L50, F|\n|poke|p1|Grimmsnarl, L50, M|\n|poke|p2|Weezing-Galar, L50, F|\n|poke|p2|Calyrex-Shadow, L50|\n|poke|p2|Dondozo, L50, M|\n|poke|p2|Tatsugiri, L50, M|\n|poke|p2|Incineroar, L50, F|\n|poke|p2|Roaring Moon, L50|\n|teampreview|4\n|inactive|Battle timer is ON: inactive players will automatically lose when time's up. (requested by KHAN ZAMAI)\n|\n|t:|1738934418\n|start\n|switch|p1a: Grimmsnarl|Grimmsnarl, L50, M|100\/100\n|switch|p1b: Terapagos|Terapagos, L50, M|100\/100\n|switch|p2a: Weezing|Weezing-Galar, L50, F|100\/100\n|switch|p2b: Incineroar|Incineroar, L50, F|100\/100\n|-activate|p1b: Terapagos|ability: Tera Shift\n|detailschange|p1b: Terapagos|Terapagos-Terastal, L50, M\n|-heal|p1b: Terapagos|100\/100|[silent]\n|-ability|p2a: Weezing|Neutralizing Gas\n|-block|p2b: Incineroar|item: Ability Shield\n|-ability|p2b: Incineroar|Intimidate|boost\n|-unboost|p1a: Grimmsnarl|atk|1\n|-unboost|p1b: Terapagos|atk|1\n|turn|1\n|\n|t:|1738934436\n|switch|p1a: Incineroar|Incineroar, L50, F|100\/100\n|move|p2b: Incineroar|Fake Out|p1b: Terapagos\n|-damage|p1b: Terapagos|94\/100\n|cant|p1b: Terapagos|flinch\n|move|p2a: Weezing|Poison Gas|p1b: Terapagos|[spread] p1a,p1b\n|-status|p1a: Incineroar|psn\n|-status|p1b: Terapagos|psn\n|\n|-heal|p1b: Terapagos|99\/100 psn|[from] item: Leftovers\n|-damage|p1b: Terapagos|87\/100 psn|[from] psn\n|-damage|p1a: Incineroar|88\/100 psn|[from] psn\n|upkeep\n|turn|2\n|\n|t:|1738934446\n|move|p2b: Incineroar|Knock Off|p1b: Terapagos\n|-crit|p1b: Terapagos\n|-damage|p1b: Terapagos|51\/100 psn\n|-enditem|p1b: Terapagos|Leftovers|[from] move: Knock Off|[of] p2b: Incineroar\n|move|p1b: Terapagos|Calm Mind|p1b: Terapagos\n|-boost|p1b: Terapagos|spa|1\n|-boost|p1b: Terapagos|spd|1\n|move|p2a: Weezing|Toxic Spikes|p1b: Terapagos\n|-sidestart|p1: KHAN ZAMAI|move: Toxic Spikes\n|move|p1a: Incineroar|Knock Off|p2a: Weezing\n|-resisted|p2a: Weezing\n|-damage|p2a: Weezing|83\/100\n|-enditem|p2a: Weezing|Sitrus Berry|[from] move: Knock Off|[of] p1a: Incineroar\n|\n|-damage|p1b: Terapagos|39\/100 psn|[from] psn\n|-damage|p1a: Incineroar|76\/100 psn|[from] psn\n|upkeep\n|turn|3\n|\n|t:|1738934461\n|-terastallize|p1b: Terapagos|Stellar\n|detailschange|p1b: Terapagos|Terapagos-Stellar, L50, M, tera:Stellar\n|-heal|p1b: Terapagos|54\/100 psn|[silent]\n|move|p2b: Incineroar|Knock Off|p1a: Incineroar\n|-resisted|p1a: Incineroar\n|-damage|p1a: Incineroar|62\/100 psn\n|-enditem|p1a: Incineroar|Safety Goggles|[from] move: Knock Off|[of] p2b: Incineroar\n|move|p1b: Terapagos|Tera Starstorm|p2b: Incineroar|[spread] p2a,p2b\n|-damage|p2a: Weezing|38\/100\n|-damage|p2b: Incineroar|52\/100\n|move|p2a: Weezing|Strange Steam|p1a: Incineroar\n|-damage|p1a: Incineroar|40\/100 psn\n|move|p1a: Incineroar|Parting Shot|p2a: Weezing\n|-unboost|p2a: Weezing|atk|1\n|-unboost|p2a: Weezing|spa|1\n|\n|t:|1738934469\n|switch|p1a: Grimmsnarl|Grimmsnarl, L50, M|100\/100|[from] Parting Shot\n|-status|p1a: Grimmsnarl|psn\n|\n|-damage|p1b: Terapagos|42\/100 psn|[from] psn\n|-damage|p1a: Grimmsnarl|88\/100 psn|[from] psn\n|upkeep\n|turn|4\n|\n|t:|1738934483\n|move|p2b: Incineroar|Parting Shot|p1b: Terapagos\n|-unboost|p1b: Terapagos|atk|1\n|-unboost|p1b: Terapagos|spa|1\n|\n|t:|1738934486\n|switch|p2b: Dondozo|Dondozo, L50, M|100\/100|[from] Parting Shot\n|move|p1b: Terapagos|Tera Starstorm|p2a: Weezing|[spread] p2a,p2b\n|-damage|p2a: Weezing|7\/100\n|-damage|p2b: Dondozo|70\/100\n|move|p2a: Weezing|Strange Steam|p1a: Grimmsnarl\n|-supereffective|p1a: Grimmsnarl\n|-damage|p1a: Grimmsnarl|58\/100 psn\n|move|p1a: Grimmsnarl|Spirit Break|p2b: Dondozo\n|-damage|p2b: Dondozo|52\/100\n|-unboost|p2b: Dondozo|spa|1\n|\n|-heal|p2b: Dondozo|58\/100|[from] item: Leftovers\n|-damage|p1b: Terapagos|29\/100 psn|[from] psn\n|-damage|p1a: Grimmsnarl|46\/100 psn|[from] psn\n|upkeep\n|turn|5\n|\n|t:|1738934503\n|move|p2a: Weezing|Protect|p2a: Weezing\n|-singleturn|p2a: Weezing|Protect\n|move|p2b: Dondozo|Protect|p2b: Dondozo\n|-singleturn|p2b: Dondozo|Protect\n|move|p1b: Terapagos|Tera Starstorm|p2a: Weezing|[spread] \n|-activate|p2a: Weezing|move: Protect\n|-activate|p2b: Dondozo|move: Protect\n|move|p1a: Grimmsnarl|Thunder Wave|p2b: Dondozo\n|-activate|p2b: Dondozo|move: Protect\n|\n|-heal|p2b: Dondozo|64\/100|[from] item: Leftovers\n|-damage|p1b: Terapagos|17\/100 psn|[from] psn\n|-damage|p1a: Grimmsnarl|34\/100 psn|[from] psn\n|upkeep\n|turn|6\n|\n|t:|1738934517\n|switch|p2b: Incineroar|Incineroar, L50, F|52\/100\n|-ability|p2b: Incineroar|Intimidate|boost\n|-unboost|p1a: Grimmsnarl|atk|1\n|-unboost|p1b: Terapagos|atk|1\n|move|p1b: Terapagos|Tera Starstorm|p2a: Weezing|[spread] p2a,p2b\n|-damage|p2a: Weezing|0 fnt\n|-damage|p2b: Incineroar|19\/100\n|faint|p2a: Weezing\n|-end|p2a: Weezing|ability: Neutralizing Gas\n|move|p1a: Grimmsnarl|Thunder Wave|p2b: Incineroar\n|-hint|Since gen 7, Dark is immune to Prankster moves.\n|-immune|p2b: Incineroar\n|\n|-damage|p1b: Terapagos|4\/100 psn|[from] psn\n|-damage|p1a: Grimmsnarl|21\/100 psn|[from] psn\n|upkeep\n|\n|t:|1738934532\n|switch|p2a: Dondozo|Dondozo, L50, M|64\/100\n|turn|7\n|\n|t:|1738934540\n|switch|p1b: Incineroar|Incineroar, L50, F|40\/100 psn\n|-ability|p1b: Incineroar|Intimidate|boost\n|-unboost|p2a: Dondozo|atk|1\n|-unboost|p2b: Incineroar|atk|1\n|move|p2b: Incineroar|Fake Out|p1a: Grimmsnarl\n|-damage|p1a: Grimmsnarl|14\/100 psn\n|cant|p1a: Grimmsnarl|flinch\n|move|p2a: Dondozo|Substitute|p2a: Dondozo\n|-start|p2a: Dondozo|Substitute\n|-damage|p2a: Dondozo|39\/100\n|\n|-heal|p2a: Dondozo|46\/100|[from] item: Leftovers\n|-damage|p1b: Incineroar|27\/100 psn|[from] psn\n|-damage|p1a: Grimmsnarl|2\/100 psn|[from] psn\n|upkeep\n|turn|8\n|\n|t:|1738934552\n|switch|p2b: Tatsugiri|Tatsugiri, L50, M|100\/100\n|-activate|p2b: Tatsugiri|ability: Commander|[of] p2a: Dondozo\n|-boost|p2a: Dondozo|atk|2\n|-boost|p2a: Dondozo|spa|2\n|-boost|p2a: Dondozo|spe|2\n|-boost|p2a: Dondozo|def|2\n|-boost|p2a: Dondozo|spd|2\n|move|p2a: Dondozo|Earthquake|p1b: Incineroar|[spread] p1a,p1b\n|-miss|p2a: Dondozo|p2b: Tatsugiri\n|-supereffective|p1b: Incineroar\n|-damage|p1a: Grimmsnarl|0 fnt\n|-damage|p1b: Incineroar|0 fnt\n|faint|p1a: Grimmsnarl\n|faint|p1b: Incineroar\n|\n|-heal|p2a: Dondozo|52\/100|[from] item: Leftovers\n|upkeep\n|\n|t:|1738934561\n|switch|p1b: Terapagos|Terapagos-Stellar, L50, M, tera:Stellar|4\/100 psn\n|switch|p1a: Rillaboom|Rillaboom, L50, F|100\/100\n|-status|p1a: Rillaboom|psn\n|-fieldstart|move: Grassy Terrain|[from] ability: Grassy Surge|[of] p1a: Rillaboom\n|turn|9\n|\n|t:|1738934571\n|-terastallize|p2a: Dondozo|Grass\n|move|p1a: Rillaboom|Fake Out|p2a: Dondozo\n|-activate|p2a: Dondozo|move: Substitute|[damage]\n|move|p2a: Dondozo|Earthquake|p1a: Rillaboom|[spread] p1a,p1b\n|-miss|p2a: Dondozo|p2b: Tatsugiri\n|-resisted|p1a: Rillaboom\n|-damage|p1a: Rillaboom|92\/100 psn\n|-damage|p1b: Terapagos|0 fnt\n|faint|p1b: Terapagos\n|\n|-heal|p2a: Dondozo|58\/100|[from] Grassy Terrain\n|-heal|p2a: Dondozo|64\/100|[from] item: Leftovers\n|-heal|p1a: Rillaboom|98\/100 psn|[from] Grassy Terrain\n|-damage|p1a: Rillaboom|86\/100 psn|[from] psn\n|upkeep\n|turn|10\n|-message|KHAN ZAMAI forfeited.\n|\n|win|cobalt_poke\n|raw|KHAN ZAMAI's rating: 1582 &rarr; <strong>1566<\/strong><br \/>(-16 for losing)\n|raw|cobalt_poke's rating: 1654 &rarr; <strong>1670<\/strong><br \/>(+16 for winning)\n|l|\u203dKHAN ZAMAI\n|player|p1|\n|l|\u2606cobalt_poke\n|player|p2|\n|j|\u2606cobalt_poke\n|player|p2|cobalt_poke|170|\n|l|\u2606cobalt_poke\n|player|p2|\n","uploadtime":1738934720,"views":24,"formatid":"gen9vgc2025regg","rating":1566,"private":0,"password":null}