{"id":"gen9vgc2025regg-2296860701","format":"[Gen 9] VGC 2025 Reg G","players":["Farhaz_VGC","maggeprutten5"],"log":"|j|\u2606Farhaz_VGC\n|j|\u2606maggeprutten5\n|t:|1739028699\n|gametype|doubles\n|player|p1|Farhaz_VGC|rosa|1564\n|player|p2|maggeprutten5|fantina|1551\n|teamsize|p1|6\n|teamsize|p2|6\n|gen|9\n|tier|[Gen 9] VGC 2025 Reg G\n|rated|\n|rule|Species Clause: Limit one of each Pok\u00e9mon\n|rule|Item Clause: Limit 1 of each item\n|clearpoke\n|poke|p1|Tornadus, L50, M|\n|poke|p1|Urshifu-*, L50, M|\n|poke|p1|Incineroar, L50, M|\n|poke|p1|Landorus-Therian, L50, M|\n|poke|p1|Calyrex-Shadow, L50|\n|poke|p1|Farigiraf, L50, F|\n|poke|p2|Calyrex-Ice, L50|\n|poke|p2|Torkoal, L50, M|\n|poke|p2|Indeedee-F, L50, F|\n|poke|p2|Ursaluna, L50, F|\n|poke|p2|Smeargle, L50, F|\n|poke|p2|Amoonguss, L50, M|\n|teampreview|4\n|inactive|Battle timer is ON: inactive players will automatically lose when time's up. (requested by maggeprutten5)\nmaggeprutten5 has agreed to open team sheets.\n|c|\u2606maggeprutten5|glhf\n|\n|t:|1739028733\n|start\n|switch|p1a: Farigiraf|Farigiraf, L50, F|100\/100\n|switch|p1b: Tornadus|Tornadus, L50, M|100\/100\n|switch|p2a: Smeargle|Smeargle, L50, F|100\/100\n|switch|p2b: Calyrex|Calyrex-Ice, L50|100\/100\n|-ability|p2b: Calyrex|As One\n|-ability|p2b: Calyrex|Unnerve\n|turn|1\n|inactive|Farhaz_VGC has 30 seconds left.\n|inactive|maggeprutten5 has 30 seconds left.\n|inactive|Farhaz_VGC has 20 seconds left.\n|\n|t:|1739028772\n|-terastallize|p2b: Calyrex|Fire\n|move|p1b: Tornadus|Taunt|p2a: Smeargle\n|-start|p2a: Smeargle|move: Taunt\n|cant|p2a: Smeargle|move: Taunt|Spore\n|move|p1a: Farigiraf|Imprison|p1a: Farigiraf\n|-start|p1a: Farigiraf|move: Imprison\n|move|p2b: Calyrex|Glacial Lance|p1a: Farigiraf|[spread] p1a,p1b\n|-supereffective|p1b: Tornadus\n|-damage|p1a: Farigiraf|43\/100\n|-damage|p1b: Tornadus|0 fnt\n|faint|p1b: Tornadus\n|-ability|p2b: Calyrex|Chilling Neigh|boost\n|-boost|p2b: Calyrex|atk|1\n|\n|upkeep\n|\n|t:|1739028791\n|switch|p1b: Urshifu|Urshifu, L50, M|100\/100\n|turn|2\n|\n|t:|1739028815\n|switch|p2a: Amoonguss|Amoonguss, L50, M|100\/100\n|move|p1b: Urshifu|Close Combat|p2b: Calyrex\n|-damage|p2b: Calyrex|58\/100\n|-unboost|p1b: Urshifu|def|1\n|-unboost|p1b: Urshifu|spd|1\n|move|p1a: Farigiraf|Hyper Voice|p2a: Amoonguss|[spread] p2a,p2b\n|-damage|p2a: Amoonguss|73\/100\n|-damage|p2b: Calyrex|38\/100\n|-enditem|p1a: Farigiraf|Throat Spray\n|-boost|p1a: Farigiraf|spa|1|[from] item: Throat Spray\n|move|p2b: Calyrex|Glacial Lance|p1a: Farigiraf|[spread] p1a,p1b\n|-damage|p1a: Farigiraf|0 fnt\n|-enditem|p1b: Urshifu|Focus Sash\n|-damage|p1b: Urshifu|1\/100\n|faint|p1a: Farigiraf\n|-ability|p2b: Calyrex|Chilling Neigh|boost\n|-boost|p2b: Calyrex|atk|1\n|\n|upkeep\n|\n|t:|1739028832\n|switch|p1a: Calyrex|Calyrex-Shadow, L50|100\/100\n|-ability|p1a: Calyrex|As One\n|-ability|p1a: Calyrex|Unnerve\n|turn|3\n|inactive|maggeprutten5 has 30 seconds left.\n|\n|t:|1739028860\n|move|p2b: Calyrex|Protect|p2b: Calyrex\n|-singleturn|p2b: Calyrex|Protect\n|move|p1a: Calyrex|Psychic|p2a: Amoonguss\n|-supereffective|p2a: Amoonguss\n|-damage|p2a: Amoonguss|0 fnt\n|faint|p2a: Amoonguss\n|-ability|p1a: Calyrex|Grim Neigh|boost\n|-boost|p1a: Calyrex|spa|1\n|move|p1b: Urshifu|Close Combat|p2b: Calyrex\n|-damage|p2b: Calyrex|0 fnt\n|-unboost|p1b: Urshifu|def|1\n|-unboost|p1b: Urshifu|spd|1\n|faint|p2b: Calyrex\n|\n|upkeep\n|\n|t:|1739028872\n|switch|p2b: Smeargle|Smeargle, L50, F|100\/100\n|switch|p2a: Torkoal|Torkoal, L50, M|100\/100\n|-weather|SunnyDay|[from] ability: Drought|[of] p2a: Torkoal\n|turn|4\n|\n|t:|1739028890\n|-terastallize|p1b: Urshifu|Ghost\n|move|p2b: Smeargle|Fake Out|p1b: Urshifu\n|-immune|p1b: Urshifu\n|move|p1a: Calyrex|Psychic|p2a: Torkoal\n|-damage|p2a: Torkoal|0 fnt\n|faint|p2a: Torkoal\n|-ability|p1a: Calyrex|Grim Neigh|boost\n|-boost|p1a: Calyrex|spa|1\n|move|p1b: Urshifu|Close Combat|p2b: Smeargle\n|-supereffective|p2b: Smeargle\n|-enditem|p2b: Smeargle|Focus Sash\n|-damage|p2b: Smeargle|1\/100\n|-unboost|p1b: Urshifu|def|1\n|-unboost|p1b: Urshifu|spd|1\n|\n|-weather|SunnyDay|[upkeep]\n|upkeep\n|turn|5\n|inactive|maggeprutten5 has 30 seconds left.\n|c|\u2606Farhaz_VGC|gg\n|inactive|maggeprutten5 has 20 seconds left.\n|c|\u2606maggeprutten5|ggs wp\u2606\n|\n|t:|1739028928\n|move|p1a: Calyrex|Psychic|p2b: Smeargle\n|-damage|p2b: Smeargle|0 fnt\n|faint|p2b: Smeargle\n|\n|win|Farhaz_VGC\n|raw|Farhaz_VGC's rating: 1564 &rarr; <strong>1583<\/strong><br \/>(+19 for winning)\n|raw|maggeprutten5's rating: 1551 &rarr; <strong>1532<\/strong><br \/>(-19 for losing)\n|c|\u2606Farhaz_VGC|wp\n|l|\u2606Farhaz_VGC\n|player|p1|\n|c|\u2606maggeprutten5|th\n|l|\u2606maggeprutten5\n|player|p2|\n","uploadtime":1739029118,"views":5,"formatid":"gen9vgc2025regg","rating":1532,"private":0,"password":null}