{"id":"gen9vgc2025regg-2296502842","format":"[Gen 9] VGC 2025 Reg G","players":["ScribbleScribble","xatseye"],"log":"|j|\u2606ScribbleScribble\n|j|\u2606xatseye\n|t:|1738969711\n|gametype|doubles\n|player|p1|ScribbleScribble|gardenia-masters|1639\n|player|p2|xatseye|265|1603\n|teamsize|p1|6\n|teamsize|p2|6\n|gen|9\n|tier|[Gen 9] VGC 2025 Reg G\n|rated|\n|rule|Species Clause: Limit one of each Pok\u00e9mon\n|rule|Item Clause: Limit 1 of each item\n|clearpoke\n|poke|p1|Calyrex-Ice, L50|\n|poke|p1|Farigiraf, L50, F|\n|poke|p1|Iron Valiant, L50|\n|poke|p1|Ogerpon-Wellspring, L50, F|\n|poke|p1|Roaring Moon, L50|\n|poke|p1|Landorus, L50, M|\n|poke|p2|Miraidon, L50|\n|poke|p2|Incineroar, L50, F|\n|poke|p2|Oranguru, L50, F|\n|poke|p2|Grimmsnarl, L50, M|\n|poke|p2|Urshifu-*, L50, M|\n|poke|p2|Clefairy, L50, M|\n|teampreview|4\n|inactive|Battle timer is ON: inactive players will automatically lose when time's up. (requested by xatseye)\n|inactive|ScribbleScribble also wants the timer to be on.\n|j| Nogaard\n|inactive|xatseye has 60 seconds left.\n|\n|t:|1738969761\n|start\n|switch|p1a: Roaring Moon|Roaring Moon, L50|100\/100\n|switch|p1b: Landorus|Landorus, L50, M|100\/100\n|switch|p2a: Urshifu|Urshifu-Rapid-Strike, L50, M|100\/100\n|switch|p2b: Incineroar|Incineroar, L50, F|100\/100\n|-ability|p2b: Incineroar|Intimidate|boost\n|-unboost|p1a: Roaring Moon|atk|1\n|-unboost|p1b: Landorus|atk|1\n|-enditem|p1a: Roaring Moon|Booster Energy\n|-activate|p1a: Roaring Moon|ability: Protosynthesis|[fromitem]\n|-start|p1a: Roaring Moon|protosynthesisspe\n|turn|1\n|\n|t:|1738969781\n|-terastallize|p1b: Landorus|Poison\n|move|p2b: Incineroar|Fake Out|p1b: Landorus\n|-damage|p1b: Landorus|90\/100\n|move|p1a: Roaring Moon|Tailwind|p1a: Roaring Moon\n|-sidestart|p1: ScribbleScribble|move: Tailwind\n|cant|p1b: Landorus|flinch\n|move|p2a: Urshifu|Close Combat|p1a: Roaring Moon\n|-supereffective|p1a: Roaring Moon\n|-damage|p1a: Roaring Moon|0 fnt\n|-unboost|p2a: Urshifu|def|1\n|-unboost|p2a: Urshifu|spd|1\n|faint|p1a: Roaring Moon\n|-end|p1a: Roaring Moon|Protosynthesis|[silent]\n|\n|upkeep\n|\n|t:|1738969794\n|switch|p1a: Calyrex|Calyrex-Ice, L50|100\/100\n|-ability|p1a: Calyrex|As One\n|-ability|p1a: Calyrex|Unnerve\n|turn|2\n|l| Nogaard\n|\n|t:|1738969803\n|switch|p2a: Clefairy|Clefairy, L50, M|100\/100\n|move|p1b: Landorus|Sandsear Storm|p2b: Incineroar|[spread] p2a,p2b\n|-supereffective|p2b: Incineroar\n|-damage|p2a: Clefairy|61\/100\n|-damage|p2b: Incineroar|24\/100\n|move|p1a: Calyrex|Glacial Lance|p2b: Incineroar|[spread] p2a,p2b\n|-resisted|p2b: Incineroar\n|-damage|p2a: Clefairy|3\/100\n|-damage|p2b: Incineroar|10\/100\n|move|p2b: Incineroar|Parting Shot|p1b: Landorus\n|-unboost|p1b: Landorus|atk|1\n|-unboost|p1b: Landorus|spa|1\n|\n|t:|1738969816\n|switch|p2b: Miraidon|Miraidon, L50|100\/100|[from] Parting Shot\n|-fieldstart|move: Electric Terrain|[from] ability: Hadron Engine|[of] p2b: Miraidon\n|-enditem|p2b: Miraidon|Electric Seed\n|-boost|p2b: Miraidon|def|1|[from] item: Electric Seed\n|\n|upkeep\n|turn|3\n|\n|t:|1738969839\n|switch|p2a: Incineroar|Incineroar, L50, F|10\/100\n|-ability|p2a: Incineroar|Intimidate|boost\n|-fail|p1a: Calyrex|unboost|[from] item: Clear Amulet|[of] p1a: Calyrex\n|-unboost|p1b: Landorus|atk|1\n|move|p2b: Miraidon|Protect|p2b: Miraidon\n|-singleturn|p2b: Miraidon|Protect\n|move|p1b: Landorus|Sandsear Storm|p2b: Miraidon|[spread] p2a\n|-activate|p2b: Miraidon|move: Protect\n|-supereffective|p2a: Incineroar\n|-damage|p2a: Incineroar|0 fnt\n|faint|p2a: Incineroar\n|move|p1a: Calyrex|Glacial Lance|p2b: Miraidon\n|-activate|p2b: Miraidon|move: Protect\n|\n|upkeep\n|\n|t:|1738969854\n|switch|p2a: Clefairy|Clefairy, L50, M|3\/100\n|turn|4\n|\n|t:|1738969867\n|-terastallize|p2b: Miraidon|Electric\n|move|p2a: Clefairy|Follow Me|p2a: Clefairy\n|-singleturn|p2a: Clefairy|move: Follow Me\n|move|p1b: Landorus|Sandsear Storm|p2a: Clefairy|[spread] p2a,p2b\n|-supereffective|p2b: Miraidon\n|-damage|p2a: Clefairy|0 fnt\n|-damage|p2b: Miraidon|51\/100\n|faint|p2a: Clefairy\n|move|p1a: Calyrex|Glacial Lance|p2b: Miraidon\n|-damage|p2b: Miraidon|12\/100\n|move|p2b: Miraidon|Calm Mind|p2b: Miraidon\n|-boost|p2b: Miraidon|spa|1\n|-boost|p2b: Miraidon|spd|1\n|\n|-sideend|p1: ScribbleScribble|move: Tailwind\n|upkeep\n|\n|t:|1738969882\n|switch|p2a: Urshifu|Urshifu-Rapid-Strike, L50, M|100\/100\n|turn|5\n|\n|t:|1738969896\n|move|p2a: Urshifu|Surging Strikes|p1a: Calyrex\n|-crit|p1a: Calyrex\n|-damage|p1a: Calyrex|88\/100\n|-crit|p1a: Calyrex\n|-damage|p1a: Calyrex|75\/100\n|-crit|p1a: Calyrex\n|-damage|p1a: Calyrex|61\/100\n|-hitcount|p1a: Calyrex|3\n|move|p2b: Miraidon|Parabolic Charge|p1a: Calyrex|[spread] p2a,p1a,p1b\n|-supereffective|p2a: Urshifu\n|-damage|p2a: Urshifu|0 fnt\n|-heal|p2b: Miraidon|55\/100|[from] drain|[of] p2a: Urshifu\n|-damage|p1a: Calyrex|0 fnt\n|-heal|p2b: Miraidon|83\/100|[from] drain|[of] p1a: Calyrex\n|-damage|p1b: Landorus|0 fnt\n|-heal|p2b: Miraidon|100\/100|[from] drain|[of] p1b: Landorus\n|faint|p2a: Urshifu\n|faint|p1a: Calyrex\n|faint|p1b: Landorus\n|\n|upkeep\n|\n|t:|1738969899\n|switch|p1b: Farigiraf|Farigiraf, L50, F|100\/100\n|turn|6\n|\n|t:|1738969915\n|move|p2b: Miraidon|Parabolic Charge|p1b: Farigiraf\n|-damage|p1b: Farigiraf|0 fnt\n|faint|p1b: Farigiraf\n|\n|win|xatseye\n|raw|ScribbleScribble's rating: 1639 &rarr; <strong>1617<\/strong><br \/>(-22 for losing)\n|raw|xatseye's rating: 1603 &rarr; <strong>1625<\/strong><br \/>(+22 for winning)\n|l|\u2606ScribbleScribble\n|player|p1|\n|l|\u2606xatseye\n|player|p2|\n","uploadtime":1738970133,"views":13,"formatid":"gen9vgc2025regg","rating":1617,"private":0,"password":null}