{"id":"gen9vgc2025regg-2296175727","format":"[Gen 9] VGC 2025 Reg G","players":["Cammyrupt12","TurnAGaming"],"log":"|j|\u2606Cammyrupt12\n|j|\u2606TurnAGaming\n|t:|1738934831\n|gametype|doubles\n|player|p1|Cammyrupt12|ballguy|1558\n|player|p2|TurnAGaming|drayden|1615\n|teamsize|p1|6\n|teamsize|p2|6\n|gen|9\n|tier|[Gen 9] VGC 2025 Reg G\n|rated|\n|rule|Species Clause: Limit one of each Pok\u00e9mon\n|rule|Item Clause: Limit 1 of each item\n|clearpoke\n|poke|p1|Kyogre, L50|\n|poke|p1|Overqwil, L50, F|\n|poke|p1|Tinkaton, L50, F|\n|poke|p1|Tsareena, L50, F|\n|poke|p1|Tornadus, L50, M|\n|poke|p1|Landorus, L50, M|\n|poke|p2|Zamazenta-*, L50|\n|poke|p2|Umbreon, L50, F|\n|poke|p2|Chien-Pao, L50|\n|poke|p2|Urshifu-*, L50, M|\n|poke|p2|Flutter Mane, L50|\n|poke|p2|Ogerpon-Hearthflame, L50, F|\n|teampreview|4\n|j| coolio1997\n|\n|t:|1738934903\n|start\n|switch|p1a: Kyogre|Kyogre, L50|100\/100\n|switch|p1b: Tornadus|Tornadus, L50, M|100\/100\n|switch|p2a: Umbreon|Umbreon, L50, F, shiny|100\/100\n|switch|p2b: Flutter Mane|Flutter Mane, L50, shiny|100\/100\n|-weather|RainDance|[from] ability: Drizzle|[of] p1a: Kyogre\n|-enditem|p2b: Flutter Mane|Booster Energy\n|-activate|p2b: Flutter Mane|ability: Protosynthesis|[fromitem]\n|-start|p2b: Flutter Mane|protosynthesisspe\n|turn|1\n|j| aimyon36\n|l| aimyon36\n|\n|t:|1738934941\n|-terastallize|p2a: Umbreon|Grass\n|move|p1b: Tornadus|Tailwind|p1b: Tornadus\n|-sidestart|p1: Cammyrupt12|move: Tailwind\n|move|p2b: Flutter Mane|Shadow Ball|p1a: Kyogre\n|-damage|p1a: Kyogre|74\/100\n|-unboost|p1a: Kyogre|spd|1\n|move|p1a: Kyogre|Water Spout|p2b: Flutter Mane|[spread] p2a,p2b\n|-resisted|p2a: Umbreon\n|-damage|p2a: Umbreon|71\/100\n|-damage|p2b: Flutter Mane|18\/100\n|move|p2a: Umbreon|Snarl|p1b: Tornadus|[spread] p1a,p1b\n|-damage|p1a: Kyogre|64\/100\n|-damage|p1b: Tornadus|87\/100\n|-unboost|p1a: Kyogre|spa|1\n|-unboost|p1b: Tornadus|spa|1\n|\n|-weather|RainDance|[upkeep]\n|-heal|p2a: Umbreon|77\/100|[from] item: Leftovers\n|upkeep\n|turn|2\n|\n|t:|1738934971\n|move|p1b: Tornadus|Bleakwind Storm|p2b: Flutter Mane|[spread] p2a,p2b\n|-supereffective|p2a: Umbreon\n|-damage|p2a: Umbreon|41\/100\n|-damage|p2b: Flutter Mane|0 fnt\n|faint|p2b: Flutter Mane\n|-end|p2b: Flutter Mane|Protosynthesis|[silent]\n|move|p1a: Kyogre|Ice Beam|p2a: Umbreon\n|-supereffective|p2a: Umbreon\n|-damage|p2a: Umbreon|12\/100\n|move|p2a: Umbreon|Snarl|p1b: Tornadus|[spread] p1a,p1b\n|-damage|p1a: Kyogre|54\/100\n|-damage|p1b: Tornadus|71\/100\n|-unboost|p1a: Kyogre|spa|1\n|-unboost|p1b: Tornadus|spa|1\n|\n|-weather|RainDance|[upkeep]\n|-heal|p2a: Umbreon|18\/100|[from] item: Leftovers\n|upkeep\n|\n|t:|1738934975\n|switch|p2b: Zamazenta|Zamazenta-Crowned, L50|100\/100\n|-ability|p2b: Zamazenta|Dauntless Shield|boost\n|-boost|p2b: Zamazenta|def|1\n|turn|3\n|\n|t:|1738934990\n|switch|p1b: Landorus|Landorus, L50, M|100\/100\n|move|p1a: Kyogre|Ice Beam|p2a: Umbreon\n|-supereffective|p2a: Umbreon\n|-damage|p2a: Umbreon|0 fnt\n|faint|p2a: Umbreon\n|move|p2b: Zamazenta|Body Press|p1a: Kyogre\n|-damage|p1a: Kyogre|0 fnt\n|faint|p1a: Kyogre\n|\n|-weather|RainDance|[upkeep]\n|upkeep\n|\n|t:|1738934998\n|switch|p1a: Tinkaton|Tinkaton, L50, F|100\/100\n|switch|p2a: Urshifu|Urshifu-Rapid-Strike, L50, M|100\/100\n|-ability|p1a: Tinkaton|Mold Breaker\n|turn|4\n|\n|t:|1738935015\n|-terastallize|p1b: Landorus|Water\n|move|p1a: Tinkaton|Feint|p2b: Zamazenta\n|-resisted|p2b: Zamazenta\n|-damage|p2b: Zamazenta|99\/100\n|move|p1b: Landorus|Earth Power|p2b: Zamazenta\n|-supereffective|p2b: Zamazenta\n|-damage|p2b: Zamazenta|0 fnt\n|faint|p2b: Zamazenta\n|move|p2a: Urshifu|Surging Strikes|p1b: Landorus\n|-resisted|p1b: Landorus\n|-crit|p1b: Landorus\n|-damage|p1b: Landorus|82\/100\n|-resisted|p1b: Landorus\n|-crit|p1b: Landorus\n|-damage|p1b: Landorus|64\/100\n|-resisted|p1b: Landorus\n|-crit|p1b: Landorus\n|-damage|p1b: Landorus|47\/100\n|-hitcount|p1b: Landorus|3\n|\n|-weather|RainDance|[upkeep]\n|-sideend|p1: Cammyrupt12|move: Tailwind\n|upkeep\n|turn|5\n|\n|t:|1738935029\n|move|p2a: Urshifu|Surging Strikes|p1b: Landorus\n|-resisted|p1b: Landorus\n|-crit|p1b: Landorus\n|-damage|p1b: Landorus|30\/100\n|-resisted|p1b: Landorus\n|-crit|p1b: Landorus\n|-damage|p1b: Landorus|14\/100\n|-resisted|p1b: Landorus\n|-crit|p1b: Landorus\n|-damage|p1b: Landorus|0 fnt\n|faint|p1b: Landorus\n|-hitcount|p1: Landorus|3\n|move|p1a: Tinkaton|Play Rough|p2a: Urshifu\n|-supereffective|p2a: Urshifu\n|-damage|p2a: Urshifu|35\/100\n|\n|-weather|none\n|upkeep\n|\n|t:|1738935031\n|switch|p1b: Tornadus|Tornadus, L50, M|71\/100\n|turn|6\n|\n|t:|1738935036\n|move|p1b: Tornadus|Tailwind|p1b: Tornadus\n|-sidestart|p1: Cammyrupt12|move: Tailwind\n|move|p2a: Urshifu|Surging Strikes|p1b: Tornadus\n|-crit|p1b: Tornadus\n|-damage|p1b: Tornadus|40\/100\n|-crit|p1b: Tornadus\n|-damage|p1b: Tornadus|7\/100\n|-crit|p1b: Tornadus\n|-damage|p1b: Tornadus|0 fnt\n|faint|p1b: Tornadus\n|-hitcount|p1: Tornadus|3\n|move|p1a: Tinkaton|Play Rough|p2a: Urshifu\n|-supereffective|p2a: Urshifu\n|-damage|p2a: Urshifu|0 fnt\n|faint|p2a: Urshifu\n|\n|win|Cammyrupt12\n|raw|Cammyrupt12's rating: 1558 &rarr; <strong>1581<\/strong><br \/>(+23 for winning)\n|raw|TurnAGaming's rating: 1615 &rarr; <strong>1592<\/strong><br \/>(-23 for losing)\n|l|\u2606TurnAGaming\n|player|p2|\n|l| coolio1997\n|l|\u2606Cammyrupt12\n|player|p1|\n","uploadtime":1738935276,"views":12,"formatid":"gen9vgc2025regg","rating":1581,"private":0,"password":null}