{"id":"gen9vgc2025regg-2296742446","format":"[Gen 9] VGC 2025 Reg G","players":["shilf","radiantwf4"],"log":"|j|\u2606shilf\n|j|\u203dradiantwf4\n|t:|1739008445\n|gametype|doubles\n|player|p1|shilf|102|1602\n|player|p2|radiantwf4|265|1598\n|teamsize|p1|6\n|teamsize|p2|6\n|gen|9\n|tier|[Gen 9] VGC 2025 Reg G\n|rated|\n|rule|Species Clause: Limit one of each Pok\u00e9mon\n|rule|Item Clause: Limit 1 of each item\n|clearpoke\n|poke|p1|Zamazenta-*, L50|\n|poke|p1|Landorus, L50, M|\n|poke|p1|Tornadus, L50, M|\n|poke|p1|Umbreon, L50, M|\n|poke|p1|Chien-Pao, L50|\n|poke|p1|Raging Bolt, L50|\n|poke|p2|Landorus, L50, M|\n|poke|p2|Ditto, L50|\n|poke|p2|Raging Bolt, L50|\n|poke|p2|Whimsicott, L50, F|\n|poke|p2|Calyrex-Ice, L50|\n|poke|p2|Incineroar, L50, M|\n|teampreview|4\n|inactive|Battle timer is ON: inactive players will automatically lose when time's up. (requested by radiantwf4)\n|j| PoggibonsiCity\n|inactive|shilf has 60 seconds left.\n|\n|t:|1739008490\n|start\n|switch|p1a: Chien-Pao|Chien-Pao, L50|100\/100\n|switch|p1b: Umbreon|Umbreon, L50, M|100\/100\n|switch|p2a: Whimsicott|Whimsicott, L50, F|100\/100\n|switch|p2b: Calyrex|Calyrex-Ice, L50|100\/100\n|-ability|p2b: Calyrex|As One\n|-ability|p2b: Calyrex|Unnerve\n|-ability|p1a: Chien-Pao|Sword of Ruin\n|turn|1\n|\n|t:|1739008507\n|-terastallize|p2b: Calyrex|Water\n|-terastallize|p1b: Umbreon|Water\n|move|p1a: Chien-Pao|Protect|p1a: Chien-Pao\n|-singleturn|p1a: Chien-Pao|Protect\n|move|p2a: Whimsicott|Endeavor|p1a: Chien-Pao\n|-activate|p1a: Chien-Pao|move: Protect\n|move|p2b: Calyrex|Glacial Lance|p1b: Umbreon|[spread] p1b\n|-activate|p1a: Chien-Pao|move: Protect\n|-resisted|p1b: Umbreon\n|-damage|p1b: Umbreon|75\/100\n|move|p1b: Umbreon|Yawn|p2b: Calyrex\n|-start|p2b: Calyrex|move: Yawn|[of] p1b: Umbreon\n|\n|upkeep\n|turn|2\n|inactive|shilf has 30 seconds left.\n|\n|t:|1739008535\n|move|p2a: Whimsicott|Misty Terrain|p2a: Whimsicott\n|-fieldstart|move: Misty Terrain\n|move|p1a: Chien-Pao|Throat Chop|p2b: Calyrex\n|-damage|p2b: Calyrex|62\/100\n|-start|p2b: Calyrex|Throat Chop|[silent]\n|move|p2b: Calyrex|Glacial Lance|p1a: Chien-Pao|[spread] p1a,p1b\n|-resisted|p1a: Chien-Pao\n|-resisted|p1b: Umbreon\n|-damage|p1a: Chien-Pao|60\/100\n|-damage|p1b: Umbreon|52\/100\n|move|p1b: Umbreon|Foul Play|p2b: Calyrex\n|-damage|p2b: Calyrex|3\/100\n|\n|-end|p2b: Calyrex|move: Yawn|[silent]\n|-activate|p2b: Calyrex|move: Misty Terrain\n|upkeep\n|turn|3\n|inactive|shilf has 30 seconds left.\n|\n|t:|1739008560\n|move|p2a: Whimsicott|Tailwind|p2a: Whimsicott\n|-sidestart|p2: radiantwf4|move: Tailwind\n|move|p2b: Calyrex|High Horsepower|p1a: Chien-Pao\n|-damage|p1a: Chien-Pao|4\/100\n|move|p1a: Chien-Pao|Ice Spinner|p2a: Whimsicott\n|-supereffective|p2a: Whimsicott\n|-enditem|p2a: Whimsicott|Focus Sash\n|-damage|p2a: Whimsicott|1\/100\n|-fieldend|Misty Terrain\n|move|p1b: Umbreon|Foul Play|p2a: Whimsicott\n|-resisted|p2a: Whimsicott\n|-crit|p2a: Whimsicott\n|-damage|p2a: Whimsicott|0 fnt\n|faint|p2a: Whimsicott\n|\n|-end|p2b: Calyrex|Throat Chop|[silent]\n|upkeep\n|\n|t:|1739008568\n|switch|p2a: Landorus|Landorus, L50, M|100\/100\n|turn|4\n|\n|t:|1739008580\n|switch|p1a: Raging Bolt|Raging Bolt, L50|100\/100\n|-enditem|p1a: Raging Bolt|Booster Energy\n|-activate|p1a: Raging Bolt|ability: Protosynthesis|[fromitem]\n|-start|p1a: Raging Bolt|protosynthesisspa\n|move|p2b: Calyrex|Protect|p2b: Calyrex\n|-singleturn|p2b: Calyrex|Protect\n|move|p2a: Landorus|Sandsear Storm|p1b: Umbreon|[spread] p1a,p1b\n|-supereffective|p1a: Raging Bolt\n|-crit|p1a: Raging Bolt\n|-damage|p1a: Raging Bolt|0 fnt\n|-damage|p1b: Umbreon|14\/100\n|faint|p1a: Raging Bolt\n|-end|p1a: Raging Bolt|Protosynthesis|[silent]\n|move|p1b: Umbreon|Yawn|p2a: Landorus\n|-start|p2a: Landorus|move: Yawn|[of] p1b: Umbreon\n|\n|upkeep\n|\n|t:|1739008596\n|switch|p1a: Zamazenta|Zamazenta-Crowned, L50|100\/100\n|-ability|p1a: Zamazenta|Dauntless Shield|boost\n|-boost|p1a: Zamazenta|def|1\n|turn|5\n|\n|t:|1739008610\n|move|p1a: Zamazenta|Protect|p1a: Zamazenta\n|-singleturn|p1a: Zamazenta|Protect\n|move|p2a: Landorus|Earth Power|p1b: Umbreon\n|-damage|p1b: Umbreon|0 fnt\n|faint|p1b: Umbreon\n|move|p2b: Calyrex|High Horsepower|p1a: Zamazenta\n|-activate|p1a: Zamazenta|move: Protect\n|\n|-end|p2a: Landorus|move: Yawn|[silent]\n|-status|p2a: Landorus|slp\n|upkeep\n|\n|t:|1739008616\n|switch|p1b: Chien-Pao|Chien-Pao, L50|4\/100\n|-ability|p1b: Chien-Pao|Sword of Ruin\n|turn|6\n|inactive|shilf has 30 seconds left.\n|inactive|shilf has 20 seconds left.\n|\n|t:|1739008652\n|switch|p2b: Ditto|Ditto, L50|100\/100\n|-transform|p2b: Ditto|p1a: Zamazenta|[from] ability: Imposter\n|-ability|p2b: Ditto|Dauntless Shield|boost\n|-boost|p2b: Ditto|def|1\n|cant|p2a: Landorus|slp\n|move|p1b: Chien-Pao|Ice Spinner|p2a: Landorus\n|-supereffective|p2a: Landorus\n|-damage|p2a: Landorus|0 fnt\n|faint|p2a: Landorus\n|move|p1a: Zamazenta|Heavy Slam|p2b: Ditto\n|-resisted|p2b: Ditto\n|-damage|p2b: Ditto|97\/100\n|\n|-sideend|p2: radiantwf4|move: Tailwind\n|upkeep\n|j| zacattack110\n|\n|t:|1739008655\n|switch|p2a: Calyrex|Calyrex-Ice, L50, tera:Water|3\/100\n|-ability|p2a: Calyrex|As One\n|-ability|p2a: Calyrex|Unnerve\n|turn|7\n|\n|t:|1739008669\n|move|p1b: Chien-Pao|Protect|p1b: Chien-Pao\n|-singleturn|p1b: Chien-Pao|Protect\n|move|p2b: Ditto|Body Press|p1a: Zamazenta\n|-supereffective|p1a: Zamazenta\n|-damage|p1a: Zamazenta|7\/100\n|move|p1a: Zamazenta|Body Press|p2b: Ditto\n|-supereffective|p2b: Ditto\n|-damage|p2b: Ditto|27\/100\n|move|p2a: Calyrex|Glacial Lance|p1b: Chien-Pao|[spread] p1a\n|-activate|p1b: Chien-Pao|move: Protect\n|-resisted|p1a: Zamazenta\n|-damage|p1a: Zamazenta|0 fnt\n|faint|p1a: Zamazenta\n|-ability|p2a: Calyrex|Chilling Neigh|boost\n|-boost|p2a: Calyrex|atk|1\n|\n|upkeep\n|turn|8\n|\n|t:|1739008680\n|move|p2b: Ditto|Body Press|p1b: Chien-Pao\n|-supereffective|p1b: Chien-Pao\n|-damage|p1b: Chien-Pao|0 fnt\n|faint|p1b: Chien-Pao\n|\n|win|radiantwf4\n|raw|shilf's rating: 1602 &rarr; <strong>1582<\/strong><br \/>(-20 for losing)\n|raw|radiantwf4's rating: 1598 &rarr; <strong>1618<\/strong><br \/>(+20 for winning)\n|l|\u203dradiantwf4\n|player|p2|\n|l|\u2606shilf\n|player|p1|\n|l| zacattack110\n|l| PoggibonsiCity\n","uploadtime":1739008947,"views":6,"formatid":"gen9vgc2025regg","rating":1582,"private":0,"password":null}