{"id":"gen9vgc2025regg-2296521068","format":"[Gen 9] VGC 2025 Reg G","players":["Dionysus17","GlobalWinner"],"log":"|j|\u2606Dionysus17\n|j|\u2606GlobalWinner\n|t:|1738971996\n|gametype|doubles\n|player|p1|Dionysus17|266|1548\n|player|p2|GlobalWinner|pokekid|1555\n|teamsize|p1|6\n|teamsize|p2|6\n|gen|9\n|tier|[Gen 9] VGC 2025 Reg G\n|rated|\n|rule|Species Clause: Limit one of each Pok\u00e9mon\n|rule|Item Clause: Limit 1 of each item\n|clearpoke\n|poke|p1|Calyrex-Shadow, L50|\n|poke|p1|Whimsicott, L50, F|\n|poke|p1|Incineroar, L50, M|\n|poke|p1|Rillaboom, L50, M|\n|poke|p1|Ogerpon-Hearthflame, L50, F|\n|poke|p1|Raging Bolt, L50|\n|poke|p2|Eternatus, L50|\n|poke|p2|Rillaboom, L50, M|\n|poke|p2|Landorus, L50, M|\n|poke|p2|Moltres-Galar, L50|\n|poke|p2|Incineroar, L50, M|\n|poke|p2|Urshifu-*, L50, M|\n|teampreview|4\nDionysus17 has agreed to open team sheets.\n|inactive|Battle timer is ON: inactive players will automatically lose when time's up. (requested by Dionysus17)\n|\n|t:|1738972024\n|start\n|switch|p1a: Calyrex|Calyrex-Shadow, L50|100\/100\n|switch|p1b: Incineroar|Incineroar, L50, M|100\/100\n|switch|p2a: Incineroar|Incineroar, L50, M|100\/100\n|switch|p2b: Moltres|Moltres-Galar, L50|100\/100\n|-ability|p1a: Calyrex|As One\n|-ability|p1a: Calyrex|Unnerve\n|-ability|p1b: Incineroar|Intimidate|boost\n|-unboost|p2a: Incineroar|atk|1\n|-unboost|p2b: Moltres|atk|1\n|-ability|p2a: Incineroar|Intimidate|boost\n|-unboost|p1a: Calyrex|atk|1\n|-unboost|p1b: Incineroar|atk|1\n|turn|1\n|inactive|Dionysus17 has 30 seconds left.\n|\n|t:|1738972055\n|-terastallize|p1a: Calyrex|Fairy\n|move|p1b: Incineroar|Fake Out|p2a: Incineroar\n|-damage|p2a: Incineroar|94\/100\n|move|p1a: Calyrex|Draining Kiss|p2b: Moltres\n|-supereffective|p2b: Moltres\n|-damage|p2b: Moltres|28\/100\n|-ability|p2b: Moltres|Berserk|boost\n|-boost|p2b: Moltres|spa|1\n|-damage|p1a: Calyrex|91\/100|[from] item: Life Orb\n|move|p2b: Moltres|Foul Play|p1a: Calyrex\n|-resisted|p1a: Calyrex\n|-damage|p1a: Calyrex|81\/100\n|cant|p2a: Incineroar|flinch\n|\n|upkeep\n|turn|2\n|\n|t:|1738972070\n|switch|p2b: Rillaboom|Rillaboom, L50, M|100\/100\n|-fieldstart|move: Grassy Terrain|[from] ability: Grassy Surge|[of] p2b: Rillaboom\n|move|p1a: Calyrex|Astral Barrage|p2b: Rillaboom|[spread] p2a,p2b\n|-resisted|p2a: Incineroar\n|-damage|p2a: Incineroar|63\/100\n|-damage|p2b: Rillaboom|54\/100\n|-damage|p1a: Calyrex|71\/100|[from] item: Life Orb\n|move|p1b: Incineroar|Parting Shot|p2a: Incineroar\n|-unboost|p2a: Incineroar|atk|1\n|-unboost|p2a: Incineroar|spa|1\n|\n|t:|1738972081\n|switch|p1b: Ogerpon|Ogerpon-Hearthflame, L50, F|100\/100|[from] Parting Shot\n|-ability|p1b: Ogerpon|Mold Breaker\n|move|p2a: Incineroar|Parting Shot|p1a: Calyrex\n|-unboost|p1a: Calyrex|atk|1\n|-unboost|p1a: Calyrex|spa|1\n|\n|t:|1738972085\n|switch|p2a: Eternatus|Eternatus, L50|100\/100|[from] Parting Shot\n|-ability|p2a: Eternatus|Pressure\n|\n|-heal|p1a: Calyrex|77\/100|[from] Grassy Terrain\n|-heal|p2b: Rillaboom|59\/100|[from] Grassy Terrain\n|upkeep\n|turn|3\n|\n|t:|1738972092\n|switch|p1a: Incineroar|Incineroar, L50, M|100\/100\n|-ability|p1a: Incineroar|Intimidate|boost\n|-unboost|p2a: Eternatus|atk|1\n|-unboost|p2b: Rillaboom|atk|1\n|move|p2b: Rillaboom|Fake Out|p1b: Ogerpon\n|-damage|p1b: Ogerpon|90\/100\n|move|p2a: Eternatus|Sludge Bomb|p1a: Incineroar\n|-damage|p1a: Incineroar|63\/100\n|cant|p1b: Ogerpon|flinch\n|\n|-heal|p1b: Ogerpon|95\/100|[from] Grassy Terrain\n|-heal|p2b: Rillaboom|65\/100|[from] Grassy Terrain\n|-heal|p1a: Incineroar|69\/100|[from] Grassy Terrain\n|upkeep\n|turn|4\n|\n|t:|1738972104\n|switch|p2b: Incineroar|Incineroar, L50, M|63\/100\n|-ability|p2b: Incineroar|Intimidate|boost\n|-unboost|p1a: Incineroar|atk|1\n|-unboost|p1b: Ogerpon|atk|1\n|switch|p1a: Calyrex|Calyrex-Shadow, L50, tera:Fairy|77\/100\n|-ability|p1a: Calyrex|As One\n|-ability|p1a: Calyrex|Unnerve\n|move|p2a: Eternatus|Sludge Bomb|p1b: Ogerpon\n|-supereffective|p1b: Ogerpon\n|-damage|p1b: Ogerpon|0 fnt\n|faint|p1b: Ogerpon\n|\n|-heal|p1a: Calyrex|83\/100|[from] Grassy Terrain\n|-heal|p2b: Incineroar|69\/100|[from] Grassy Terrain\n|upkeep\n|\n|t:|1738972108\n|switch|p1b: Incineroar|Incineroar, L50, M|69\/100\n|-ability|p1b: Incineroar|Intimidate|boost\n|-unboost|p2a: Eternatus|atk|1\n|-unboost|p2b: Incineroar|atk|1\n|turn|5\n|\n|t:|1738972125\n|move|p1b: Incineroar|Fake Out|p2b: Incineroar\n|-damage|p2b: Incineroar|60\/100\n|cant|p2b: Incineroar|flinch\n|move|p1a: Calyrex|Psyshock|p2a: Eternatus\n|-supereffective|p2a: Eternatus\n|-damage|p2a: Eternatus|0 fnt\n|faint|p2a: Eternatus\n|-ability|p1a: Calyrex|Grim Neigh|boost\n|-boost|p1a: Calyrex|spa|1\n|-damage|p1a: Calyrex|74\/100|[from] item: Life Orb\n|\n|-heal|p1a: Calyrex|80\/100|[from] Grassy Terrain\n|-heal|p1b: Incineroar|75\/100|[from] Grassy Terrain\n|-heal|p2b: Incineroar|66\/100|[from] Grassy Terrain\n|upkeep\n|\n|t:|1738972132\n|switch|p2a: Rillaboom|Rillaboom, L50, M|65\/100\n|turn|6\n|\n|t:|1738972154\n|move|p1a: Calyrex|Protect|p1a: Calyrex\n|-singleturn|p1a: Calyrex|Protect\n|move|p2a: Rillaboom|Grassy Glide|p1a: Calyrex\n|-activate|p1a: Calyrex|move: Protect\n|move|p1b: Incineroar|Knock Off|p2a: Rillaboom\n|-damage|p2a: Rillaboom|26\/100\n|-enditem|p2a: Rillaboom|Assault Vest|[from] move: Knock Off|[of] p1b: Incineroar\n|move|p2b: Incineroar|Parting Shot|p1a: Calyrex\n|-activate|p1a: Calyrex|move: Protect\n|\n|-heal|p1a: Calyrex|86\/100|[from] Grassy Terrain\n|-heal|p2a: Rillaboom|31\/100|[from] Grassy Terrain\n|-heal|p1b: Incineroar|81\/100|[from] Grassy Terrain\n|-heal|p2b: Incineroar|72\/100|[from] Grassy Terrain\n|-fieldend|move: Grassy Terrain\n|upkeep\n|turn|7\n|-message|GlobalWinner forfeited.\n|\n|win|Dionysus17\n|raw|Dionysus17's rating: 1536 &rarr; <strong>1557<\/strong><br \/>(+21 for winning)\n|raw|GlobalWinner's rating: 1555 &rarr; <strong>1534<\/strong><br \/>(-21 for losing)\n|l|\u2606GlobalWinner\n|player|p2|\n|l|\u2606Dionysus17\n|player|p1|\n","uploadtime":1738972413,"views":5,"formatid":"gen9vgc2025regg","rating":1534,"private":0,"password":null}