{"id":"gen9vgc2025regg-2296664347","format":"[Gen 9] VGC 2025 Reg G","players":["adamskorch","GubbsVGC"],"log":"|j|\u2606adamskorch\n|j|\u2606GubbsVGC\n|t:|1738992389\n|gametype|doubles\n|player|p1|adamskorch|1|1592\n|player|p2|GubbsVGC|2|1600\n|teamsize|p1|6\n|teamsize|p2|6\n|gen|9\n|tier|[Gen 9] VGC 2025 Reg G\n|rated|\n|rule|Species Clause: Limit one of each Pok\u00e9mon\n|rule|Item Clause: Limit 1 of each item\n|clearpoke\n|poke|p1|Whimsicott, L50, F|\n|poke|p1|Calyrex-Shadow, L50|\n|poke|p1|Ogerpon-Hearthflame, L50, F|\n|poke|p1|Incineroar, L50, F|\n|poke|p1|Rillaboom, L50, F|\n|poke|p1|Amoonguss, L50, M|\n|poke|p2|Zacian-*, L50|\n|poke|p2|Tornadus, L50, M|\n|poke|p2|Archaludon, L50, M|\n|poke|p2|Incineroar, L50, F|\n|poke|p2|Landorus, L50, M|\n|poke|p2|Amoonguss, L50, F|\n|teampreview|4\n|inactive|Battle timer is ON: inactive players will automatically lose when time's up. (requested by adamskorch)\n|\n|t:|1738992433\n|start\n|switch|p1a: Whimsicott|Whimsicott, L50, F|100\/100\n|switch|p1b: Calyrex|Calyrex-Shadow, L50|100\/100\n|switch|p2a: Incineroar|Incineroar, L50, F|100\/100\n|switch|p2b: Tornadus|Tornadus, L50, M|100\/100\n|-ability|p1b: Calyrex|As One\n|-ability|p1b: Calyrex|Unnerve\n|-ability|p2a: Incineroar|Intimidate|boost\n|-unboost|p1a: Whimsicott|atk|1\n|-unboost|p1b: Calyrex|atk|1\n|turn|1\n|inactive|GubbsVGC has 30 seconds left.\n|inactive|adamskorch has 30 seconds left.\n|inactive|adamskorch has 20 seconds left.\n|inactive|GubbsVGC has 20 seconds left.\n|\n|t:|1738992476\n|-terastallize|p1b: Calyrex|Fighting\n|-terastallize|p2b: Tornadus|Dark\n|move|p1a: Whimsicott|Protect|p1a: Whimsicott\n|-singleturn|p1a: Whimsicott|Protect\n|move|p1b: Calyrex|Nasty Plot|p1b: Calyrex\n|-boost|p1b: Calyrex|spa|2\n|move|p2b: Tornadus|Bleakwind Storm|p1a: Whimsicott|[spread] p1b\n|-activate|p1a: Whimsicott|move: Protect\n|-supereffective|p1b: Calyrex\n|-damage|p1b: Calyrex|25\/100\n|-unboost|p1b: Calyrex|spe|1\n|move|p2a: Incineroar|Knock Off|p1a: Whimsicott\n|-activate|p1a: Whimsicott|move: Protect\n|\n|upkeep\n|turn|2\n|inactive|GubbsVGC has 30 seconds left.\n|inactive|GubbsVGC has 20 seconds left.\n|inactive|GubbsVGC has 15 seconds left.\n|inactive|adamskorch has 30 seconds left.\n|\n|t:|1738992521\n|switch|p2b: Zacian|Zacian, L50|100\/100\n|-ability|p2b: Zacian|Intrepid Sword|boost\n|-boost|p2b: Zacian|atk|1\n|move|p1a: Whimsicott|Tailwind|p1a: Whimsicott\n|-sidestart|p1: adamskorch|move: Tailwind\n|move|p1b: Calyrex|Tera Blast|p2a: Incineroar|[anim] Tera Blast Fighting\n|-supereffective|p2a: Incineroar\n|-damage|p2a: Incineroar|0 fnt\n|faint|p2a: Incineroar\n|-ability|p1b: Calyrex|Grim Neigh|boost\n|-boost|p1b: Calyrex|spa|1\n|\n|upkeep\n|\n|t:|1738992536\n|switch|p2a: Tornadus|Tornadus, L50, M, tera:Dark|100\/100\n|turn|3\n|\n|t:|1738992553\n|switch|p1a: Incineroar|Incineroar, L50, F|100\/100\n|-ability|p1a: Incineroar|Intimidate|boost\n|-unboost|p2a: Tornadus|atk|1\n|-fail|p2b: Zacian|unboost|[from] item: Clear Amulet|[of] p2b: Zacian\n|move|p1b: Calyrex|Protect|p1b: Calyrex\n|-singleturn|p1b: Calyrex|Protect\n|move|p2b: Zacian|Sacred Sword|p1b: Calyrex\n|-activate|p1b: Calyrex|move: Protect\n|move|p2a: Tornadus|Bleakwind Storm|p1a: Incineroar|[spread] p1a\n|-activate|p1b: Calyrex|move: Protect\n|-damage|p1a: Incineroar|75\/100\n|-unboost|p1a: Incineroar|spe|1\n|\n|upkeep\n|turn|4\n|inactive|GubbsVGC has 30 seconds left.\n|inactive|adamskorch has 30 seconds left.\n|inactive|GubbsVGC has 20 seconds left.\n|inactive|GubbsVGC has 15 seconds left.\n|\n|t:|1738992597\n|move|p2b: Zacian|Protect|p2b: Zacian\n|-singleturn|p2b: Zacian|Protect\n|move|p1a: Incineroar|Fake Out|p2b: Zacian\n|-activate|p2b: Zacian|move: Protect\n|move|p2a: Tornadus|Tailwind|p2a: Tornadus\n|-sidestart|p2: GubbsVGC|move: Tailwind\n|move|p1b: Calyrex|Tera Blast|p2a: Tornadus|[anim] Tera Blast Fighting\n|-supereffective|p2a: Tornadus\n|-damage|p2a: Tornadus|0 fnt\n|faint|p2a: Tornadus\n|-ability|p1b: Calyrex|Grim Neigh|boost\n|-boost|p1b: Calyrex|spa|1\n|\n|upkeep\n|\n|t:|1738992611\n|switch|p2a: Archaludon|Archaludon, L50, M|100\/100\n|turn|5\n|\n|t:|1738992631\n|move|p1b: Calyrex|Protect|p1b: Calyrex\n|-singleturn|p1b: Calyrex|Protect\n|move|p2b: Zacian|Sacred Sword|p1b: Calyrex\n|-activate|p1b: Calyrex|move: Protect\n|move|p2a: Archaludon|Body Press|p1a: Incineroar\n|-supereffective|p1a: Incineroar\n|-damage|p1a: Incineroar|39\/100\n|-enditem|p1a: Incineroar|Sitrus Berry|[eat]\n|-heal|p1a: Incineroar|63\/100|[from] item: Sitrus Berry\n|move|p1a: Incineroar|Parting Shot|p2a: Archaludon\n|-unboost|p2a: Archaludon|atk|1\n|-unboost|p2a: Archaludon|spa|1\n|\n|t:|1738992643\n|switch|p1a: Ogerpon|Ogerpon-Hearthflame, L50, F|100\/100|[from] Parting Shot\n|-ability|p1a: Ogerpon|Mold Breaker\n|\n|-sideend|p1: adamskorch|move: Tailwind\n|upkeep\n|turn|6\n|\n|t:|1738992664\n|move|p1a: Ogerpon|Follow Me|p1a: Ogerpon\n|-singleturn|p1a: Ogerpon|move: Follow Me\n|move|p2b: Zacian|Sacred Sword|p1a: Ogerpon\n|-damage|p1a: Ogerpon|58\/100\n|move|p2a: Archaludon|Dragon Pulse|p1a: Ogerpon\n|-crit|p1a: Ogerpon\n|-damage|p1a: Ogerpon|0 fnt\n|faint|p1a: Ogerpon\n|move|p1b: Calyrex|Tera Blast|p2a: Archaludon|[anim] Tera Blast Fighting\n|-supereffective|p2a: Archaludon\n|-damage|p2a: Archaludon|0 fnt\n|faint|p2a: Archaludon\n|-ability|p1b: Calyrex|Grim Neigh|boost\n|-boost|p1b: Calyrex|spa|1\n|\n|upkeep\n|\n|t:|1738992677\n|switch|p1a: Incineroar|Incineroar, L50, F|63\/100\n|-ability|p1a: Incineroar|Intimidate|boost\n|-fail|p2b: Zacian|unboost|[from] item: Clear Amulet|[of] p2b: Zacian\n|turn|7\n|j| dragondrivevgc\n|\n|t:|1738992699\n|move|p2b: Zacian|Protect|p2b: Zacian\n|-singleturn|p2b: Zacian|Protect\n|move|p1a: Incineroar|Fake Out|p2b: Zacian\n|-activate|p2b: Zacian|move: Protect\n|move|p1b: Calyrex|Tera Blast|p2b: Zacian|[anim] Tera Blast Fighting\n|-activate|p2b: Zacian|move: Protect\n|\n|-sideend|p2: GubbsVGC|move: Tailwind\n|upkeep\n|turn|8\n|inactive|GubbsVGC has 30 seconds left.\n|\n|t:|1738992726\n|move|p2b: Zacian|Play Rough|p1a: Incineroar\n|-damage|p1a: Incineroar|10\/100\n|move|p1b: Calyrex|Tera Blast|p2b: Zacian|[anim] Tera Blast Fighting\n|-resisted|p2b: Zacian\n|-damage|p2b: Zacian|23\/100\n|move|p1a: Incineroar|Parting Shot|p2b: Zacian\n|-fail|p2b: Zacian|unboost|[from] item: Clear Amulet|[of] p2b: Zacian\n|\n|upkeep\n|turn|9\n|\n|t:|1738992752\n|switch|p1a: Whimsicott|Whimsicott, L50, F|100\/100\n|move|p2b: Zacian|Protect|p2b: Zacian\n|-singleturn|p2b: Zacian|Protect\n|move|p1b: Calyrex|Protect||[still]\n|-fail|p1b: Calyrex\n|\n|upkeep\n|turn|10\n|-message|GubbsVGC forfeited.\n|\n|win|adamskorch\n|raw|adamskorch's rating: 1592 &rarr; <strong>1612<\/strong><br \/>(+20 for winning)\n|raw|GubbsVGC's rating: 1600 &rarr; <strong>1580<\/strong><br \/>(-20 for losing)\n|l|\u2606GubbsVGC\n|player|p2|\n|c|\u2606adamskorch|how did dog move before horse\n|c|\u2606adamskorch|im max speed\n|l|\u2606adamskorch\n|player|p1|\n","uploadtime":1738992927,"views":6,"formatid":"gen9vgc2025regg","rating":1580,"private":0,"password":null}