{"id":"gen9vgc2025regg-2296973927","format":"[Gen 9] VGC 2025 Reg G","players":["actuary97","angelluisenjoyer"],"log":"|j|\u2606actuary97\n|j|\u2606angelluisenjoyer\n|t:|1739042598\n|gametype|doubles\n|player|p1|actuary97|sabrina-frlg|1555\n|player|p2|angelluisenjoyer|volkner|1578\n|teamsize|p1|6\n|teamsize|p2|6\n|gen|9\n|tier|[Gen 9] VGC 2025 Reg G\n|rated|\n|rule|Species Clause: Limit one of each Pok\u00e9mon\n|rule|Item Clause: Limit 1 of each item\n|clearpoke\n|poke|p1|Regieleki, L50|\n|poke|p1|Miraidon, L50|\n|poke|p1|Roaring Moon, L50|\n|poke|p1|Iron Hands, L50|\n|poke|p1|Chi-Yu, L50|\n|poke|p1|Whimsicott, L50, M|\n|poke|p2|Groudon, L50|\n|poke|p2|Umbreon, L50, M|\n|poke|p2|Lilligant-Hisui, L50, F|\n|poke|p2|Walking Wake, L50|\n|poke|p2|Flutter Mane, L50|\n|poke|p2|Volcarona, L50, M|\n|teampreview|4\nactuary97 has agreed to open team sheets.\n|j| jahzeh\n|inactive|Battle timer is ON: inactive players will automatically lose when time's up. (requested by angelluisenjoyer)\nangelluisenjoyer has agreed to open team sheets.\n|showteam|p1|Regieleki||ChoiceSpecs|Transistor|Electroweb,ElectroBall,TeraBlast,VoltSwitch||||||50|,,,,,Ice]Miraidon||ScopeLens|HadronEngine|ElectroDrift,DracoMeteor,Overheat,Protect||||||50|,,,,,Fire]Roaring Moon||BoosterEnergy|Protosynthesis|KnockOff,Acrobatics,DragonCheer,BreakingSwipe||||||50|,,,,,Flying]Iron Hands||AssaultVest|QuarkDrive|CloseCombat,HeavySlam,LowKick,FakeOut||||||50|,,,,,Grass]Chi-Yu||CovertCloak|BeadsofRuin|HeatWave,DarkPulse,Snarl,Taunt||||||50|,,,,,Water]Whimsicott||FocusSash|Prankster|Moonblast,SunnyDay,Encore,Tailwind|||M|||50|,,,,,Ghost\n|showteam|p2|Groudon||AssaultVest|Drought|ThunderPunch,PrecipiceBlades,HeatCrash,StompingTantrum||||||50|,,,,,Fire]Umbreon||SafetyGoggles|InnerFocus|Taunt,Moonlight,FoulPlay,Yawn|||M|||50|,,,,,Poison]Lilligant-Hisui||FocusSash|Chlorophyll|LeafBlade,CloseCombat,Coaching,AfterYou|||F|||50|,,,,,Ghost]Walking Wake||LifeOrb|Protosynthesis|DracoMeteor,HydroSteam,Flamethrower,Protect||||||50|,,,,,Stellar]Flutter Mane||BoosterEnergy|Protosynthesis|Moonblast,ShadowBall,IcyWind,SunnyDay||||||50|,,,,,Grass]Volcarona||RockyHelmet|FlameBody|HeatWave,StruggleBug,RagePowder,Tailwind|||M|||50|,,,,,Grass\n|\n|t:|1739042653\n|start\n|switch|p1a: Whimsicott|Whimsicott, L50, M|100\/100\n|switch|p1b: Roaring Moon|Roaring Moon, L50|100\/100\n|switch|p2a: Groudon|Groudon, L50|100\/100\n|switch|p2b: Lilligant|Lilligant-Hisui, L50, F|100\/100\n|-weather|SunnyDay|[from] ability: Drought|[of] p2a: Groudon\n|-activate|p1b: Roaring Moon|ability: Protosynthesis\n|-start|p1b: Roaring Moon|protosynthesisspe\n|turn|1\n|l|\u2606angelluisenjoyer\n|inactive|angelluisenjoyer disconnected and has a minute to reconnect!\n|player|p2|\n|inactive|angelluisenjoyer has 30 seconds left.\n|j|\u2606angelluisenjoyer\n|inactive|angelluisenjoyer reconnected and has 30 seconds left.\n|player|p2|angelluisenjoyer|volkner|\n|inactive|angelluisenjoyer has 20 seconds left.\n|inactive|angelluisenjoyer has 15 seconds left.\n|inactive|angelluisenjoyer has 10 seconds left.\n|\n|t:|1739042701\n|move|p1a: Whimsicott|Tailwind|p1a: Whimsicott\n|-sidestart|p1: actuary97|move: Tailwind\n|move|p1b: Roaring Moon|Breaking Swipe|p2a: Groudon|[spread] p2a,p2b\n|-damage|p2a: Groudon|81\/100\n|-damage|p2b: Lilligant|59\/100\n|-unboost|p2a: Groudon|atk|1\n|-unboost|p2b: Lilligant|atk|1\n|move|p2b: Lilligant|Coaching|p2a: Groudon\n|-boost|p2a: Groudon|atk|1\n|-boost|p2a: Groudon|def|1\n|move|p2a: Groudon|Heat Crash|p1a: Whimsicott\n|-supereffective|p1a: Whimsicott\n|-enditem|p1a: Whimsicott|Focus Sash\n|-damage|p1a: Whimsicott|1\/100\n|\n|-weather|SunnyDay|[upkeep]\n|upkeep\n|turn|2\n|\n|t:|1739042725\n|switch|p2b: Flutter Mane|Flutter Mane, L50|100\/100\n|-activate|p2b: Flutter Mane|ability: Protosynthesis\n|-start|p2b: Flutter Mane|protosynthesisspe\n|move|p1a: Whimsicott|Encore||[still]\n|-fail|p1a: Whimsicott\n|move|p1b: Roaring Moon|Breaking Swipe|p2a: Groudon|[spread] p2a\n|-immune|p2b: Flutter Mane\n|-damage|p2a: Groudon|69\/100\n|-unboost|p2a: Groudon|atk|1\n|move|p2a: Groudon|Precipice Blades|p1b: Roaring Moon|[spread] p1a,p1b\n|-resisted|p1a: Whimsicott\n|-damage|p1a: Whimsicott|0 fnt\n|-damage|p1b: Roaring Moon|56\/100\n|faint|p1a: Whimsicott\n|\n|-weather|SunnyDay|[upkeep]\n|upkeep\n|\n|t:|1739042731\n|switch|p1a: Miraidon|Miraidon, L50|100\/100\n|-fieldstart|move: Electric Terrain|[from] ability: Hadron Engine|[of] p1a: Miraidon\n|turn|3\n|l|\u2606angelluisenjoyer\n|inactive|angelluisenjoyer disconnected and has a minute to reconnect!\n|player|p2|\n|j|\u2606angelluisenjoyer\n|inactive|angelluisenjoyer reconnected and has 40 seconds left.\n|player|p2|angelluisenjoyer|volkner|\n|inactive|actuary97 has 30 seconds left.\n|inactive|angelluisenjoyer has 30 seconds left.\n|inactive|actuary97 has 20 seconds left.\n|inactive|actuary97 has 15 seconds left.\n|\n|t:|1739042777\n|-end|p2b: Flutter Mane|Protosynthesis|[silent]\n|switch|p2b: Volcarona|Volcarona, L50, M|100\/100\n|move|p1b: Roaring Moon|Dragon Cheer|p1a: Miraidon\n|-start|p1a: Miraidon|move: Dragon Cheer\n|move|p1a: Miraidon|Overheat|p2a: Groudon\n|-crit|p2a: Groudon\n|-damage|p2a: Groudon|0 fnt\n|-unboost|p1a: Miraidon|spa|2\n|faint|p2a: Groudon\n|\n|-weather|SunnyDay|[upkeep]\n|upkeep\n|inactive|angelluisenjoyer has 30 seconds left.\n|\n|t:|1739042811\n|switch|p2a: Flutter Mane|Flutter Mane, L50|100\/100\n|-activate|p2a: Flutter Mane|ability: Protosynthesis\n|-start|p2a: Flutter Mane|protosynthesisspe\n|turn|4\n|\n|t:|1739042822\n|move|p2b: Volcarona|Rage Powder|p2b: Volcarona\n|-singleturn|p2b: Volcarona|move: Rage Powder\n|move|p1b: Roaring Moon|Acrobatics|p2b: Volcarona\n|-supereffective|p2b: Volcarona\n|-damage|p2b: Volcarona|60\/100\n|-damage|p1b: Roaring Moon|40\/100|[from] item: Rocky Helmet|[of] p2b: Volcarona\n|move|p1a: Miraidon|Electro Drift|p2b: Volcarona\n|-crit|p2b: Volcarona\n|-damage|p2b: Volcarona|0 fnt\n|-damage|p1a: Miraidon|84\/100|[from] item: Rocky Helmet|[of] p2b: Volcarona\n|faint|p2b: Volcarona\n|move|p2a: Flutter Mane|Icy Wind|p1a: Miraidon|[spread] p1a,p1b\n|-supereffective|p1a: Miraidon\n|-supereffective|p1b: Roaring Moon\n|-damage|p1a: Miraidon|62\/100\n|-damage|p1b: Roaring Moon|18\/100\n|-unboost|p1a: Miraidon|spe|1\n|-unboost|p1b: Roaring Moon|spe|1\n|\n|-weather|SunnyDay|[upkeep]\n|-sideend|p1: actuary97|move: Tailwind\n|upkeep\n|\n|t:|1739042832\n|switch|p2b: Lilligant|Lilligant-Hisui, L50, F|59\/100\n|turn|5\n|\n|t:|1739042853\n|move|p1a: Miraidon|Protect|p1a: Miraidon\n|-singleturn|p1a: Miraidon|Protect\n|move|p2b: Lilligant|Close Combat|p1a: Miraidon\n|-activate|p1a: Miraidon|move: Protect\n|move|p2a: Flutter Mane|Icy Wind|p1b: Roaring Moon|[spread] p1b\n|-activate|p1a: Miraidon|move: Protect\n|-supereffective|p1b: Roaring Moon\n|-damage|p1b: Roaring Moon|0 fnt\n|faint|p1b: Roaring Moon\n|-end|p1b: Roaring Moon|Protosynthesis|[silent]\n|\n|-weather|none\n|-end|p2a: Flutter Mane|Protosynthesis\n|upkeep\n|-enditem|p2a: Flutter Mane|Booster Energy\n|-activate|p2a: Flutter Mane|ability: Protosynthesis|[fromitem]\n|-start|p2a: Flutter Mane|protosynthesisspe\n|\n|t:|1739042861\n|switch|p1b: Iron Hands|Iron Hands, L50|100\/100\n|-activate|p1b: Iron Hands|ability: Quark Drive\n|-start|p1b: Iron Hands|quarkdriveatk\n|turn|6\n|inactive|actuary97 has 30 seconds left.\n|inactive|angelluisenjoyer has 30 seconds left.\n|\n|t:|1739042892\n|-terastallize|p2b: Lilligant|Ghost\n|-terastallize|p1a: Miraidon|Fire\n|move|p1b: Iron Hands|Fake Out|p2b: Lilligant\n|-immune|p2b: Lilligant\n|move|p2a: Flutter Mane|Moonblast|p1b: Iron Hands\n|-supereffective|p1b: Iron Hands\n|-damage|p1b: Iron Hands|59\/100\n|-unboost|p1b: Iron Hands|spa|1\n|move|p2b: Lilligant|Close Combat|p1a: Miraidon\n|-damage|p1a: Miraidon|2\/100\n|-unboost|p2b: Lilligant|def|1\n|-unboost|p2b: Lilligant|spd|1\n|move|p1a: Miraidon|Electro Drift|p2a: Flutter Mane\n|-crit|p2a: Flutter Mane\n|-damage|p2a: Flutter Mane|0 fnt\n|faint|p2a: Flutter Mane\n|-end|p2a: Flutter Mane|Protosynthesis|[silent]\n|\n|upkeep\n|turn|7\n|\n|t:|1739042916\n|move|p2b: Lilligant|Close Combat|p1a: Miraidon\n|-damage|p1a: Miraidon|0 fnt\n|-unboost|p2b: Lilligant|def|1\n|-unboost|p2b: Lilligant|spd|1\n|faint|p1a: Miraidon\n|move|p1b: Iron Hands|Heavy Slam|p2b: Lilligant\n|-damage|p2b: Lilligant|0 fnt\n|faint|p2b: Lilligant\n|\n|win|actuary97\n|raw|actuary97's rating: 1555 &rarr; <strong>1576<\/strong><br \/>(+21 for winning)\n|raw|angelluisenjoyer's rating: 1578 &rarr; <strong>1557<\/strong><br \/>(-21 for losing)\n|c|\u2606actuary97|gg\n|c|\u2606angelluisenjoyer|GG\n|c|\u2606angelluisenjoyer|2% xd\n|c|\u2606actuary97|yeah close\n|l|\u2606angelluisenjoyer\n|player|p2|\n|c|\u2606actuary97|I think I have a bit of bulk ev\n|l| jahzeh\n|l|\u2606actuary97\n|player|p1|\n","uploadtime":1739043102,"views":5,"formatid":"gen9vgc2025regg","rating":1557,"private":0,"password":null}