{"id":"gen9vgc2025regg-2296422970","format":"[Gen 9] VGC 2025 Reg G","players":["my pony my horse","Yagamoth"],"log":"|j|\u2606my pony my horse\n|j|\u2606Yagamoth\n|t:|1738960465\n|gametype|doubles\n|player|p1|my pony my horse|unknown|1601\n|player|p2|Yagamoth|janitor|1611\n|teamsize|p1|6\n|teamsize|p2|6\n|gen|9\n|tier|[Gen 9] VGC 2025 Reg G\n|rated|\n|rule|Species Clause: Limit one of each Pok\u00e9mon\n|rule|Item Clause: Limit 1 of each item\n|clearpoke\n|poke|p1|Zamazenta-*, L50|\n|poke|p1|Amoonguss, L50, F|\n|poke|p1|Chien-Pao, L50|\n|poke|p1|Flutter Mane, L50|\n|poke|p1|Chi-Yu, L50|\n|poke|p1|Raging Bolt, L50|\n|poke|p2|Kyogre, L50|\n|poke|p2|Incineroar, L50, M|\n|poke|p2|Wo-Chien, L50|\n|poke|p2|Grimmsnarl, L50, M|\n|poke|p2|Sandy Shocks, L50|\n|poke|p2|Urshifu-*, L50, F|\n|teampreview|4\n|inactive|Battle timer is ON: inactive players will automatically lose when time's up. (requested by my pony my horse)\n|inactive|my pony my horse has 60 seconds left.\n|\n|t:|1738960502\n|start\n|switch|p1a: Zamazenta|Zamazenta-Crowned, L50|100\/100\n|switch|p1b: Flutter Mane|Flutter Mane, L50|100\/100\n|switch|p2a: Incineroar|Incineroar, L50, M|100\/100\n|switch|p2b: Grimmsnarl|Grimmsnarl, L50, M|100\/100\n|-ability|p1a: Zamazenta|Dauntless Shield|boost\n|-boost|p1a: Zamazenta|def|1\n|-ability|p2a: Incineroar|Intimidate|boost\n|-unboost|p1a: Zamazenta|atk|1\n|-unboost|p1b: Flutter Mane|atk|1\n|-enditem|p1b: Flutter Mane|Booster Energy\n|-activate|p1b: Flutter Mane|ability: Protosynthesis|[fromitem]\n|-start|p1b: Flutter Mane|protosynthesisspe\n|turn|1\n|\n|t:|1738960518\n|move|p2a: Incineroar|Fake Out|p1a: Zamazenta\n|-resisted|p1a: Zamazenta\n|-damage|p1a: Zamazenta|98\/100\n|move|p2b: Grimmsnarl|Light Screen|p2b: Grimmsnarl\n|-sidestart|p2: Yagamoth|move: Light Screen\n|move|p1b: Flutter Mane|Moonblast|p2b: Grimmsnarl\n|-supereffective|p2b: Grimmsnarl\n|-damage|p2b: Grimmsnarl|42\/100\n|cant|p1a: Zamazenta|flinch\n|\n|upkeep\n|turn|2\n|\n|t:|1738960531\n|move|p2b: Grimmsnarl|Reflect|p2b: Grimmsnarl\n|-sidestart|p2: Yagamoth|Reflect\n|move|p1b: Flutter Mane|Moonblast|p2b: Grimmsnarl\n|-supereffective|p2b: Grimmsnarl\n|-damage|p2b: Grimmsnarl|0 fnt\n|faint|p2b: Grimmsnarl\n|move|p1a: Zamazenta|Body Press|p2a: Incineroar\n|-supereffective|p2a: Incineroar\n|-damage|p2a: Incineroar|9\/100\n|move|p2a: Incineroar|Will-O-Wisp|p1a: Zamazenta|[miss]\n|-miss|p2a: Incineroar|p1a: Zamazenta\n|\n|upkeep\n|\n|t:|1738960541\n|switch|p2b: Wo-Chien|Wo-Chien, L50|100\/100\n|-ability|p2b: Wo-Chien|Tablets of Ruin\n|turn|3\n|\n|t:|1738960556\n|switch|p2a: Kyogre|Kyogre, L50|100\/100\n|-weather|RainDance|[from] ability: Drizzle|[of] p2a: Kyogre\n|-terastallize|p2b: Wo-Chien|Poison\n|move|p1b: Flutter Mane|Moonblast|p2a: Kyogre\n|-damage|p2a: Kyogre|88\/100\n|move|p1a: Zamazenta|Body Press|p2b: Wo-Chien\n|-resisted|p2b: Wo-Chien\n|-damage|p2b: Wo-Chien|87\/100\n|move|p2b: Wo-Chien|Leech Seed|p1a: Zamazenta\n|-start|p1a: Zamazenta|move: Leech Seed\n|\n|-weather|RainDance|[upkeep]\n|-heal|p2b: Wo-Chien|94\/100|[from] item: Leftovers\n|-damage|p1a: Zamazenta|86\/100|[from] Leech Seed|[of] p2b: Wo-Chien\n|-heal|p2b: Wo-Chien|100\/100|[silent]\n|upkeep\n|turn|4\n|j| kiabu233\n|\n|t:|1738960579\n|switch|p1a: Raging Bolt|Raging Bolt, L50|100\/100\n|-terastallize|p1b: Flutter Mane|Water\n|move|p1b: Flutter Mane|Taunt|p2b: Wo-Chien\n|-start|p2b: Wo-Chien|move: Taunt\n|move|p2b: Wo-Chien|Pollen Puff|p2a: Kyogre\n|-heal|p2a: Kyogre|100\/100\n|move|p2a: Kyogre|Water Spout|p1a: Raging Bolt|[spread] p1a,p1b\n|-resisted|p1a: Raging Bolt\n|-resisted|p1b: Flutter Mane\n|-damage|p1a: Raging Bolt|75\/100\n|-damage|p1b: Flutter Mane|57\/100\n|\n|-weather|RainDance|[upkeep]\n|upkeep\n|turn|5\n|inactive|my pony my horse has 30 seconds left.\n|\n|t:|1738960604\n|move|p1b: Flutter Mane|Icy Wind|p2b: Wo-Chien|[spread] p2a,p2b\n|-resisted|p2a: Kyogre\n|-damage|p2a: Kyogre|99\/100\n|-damage|p2b: Wo-Chien|94\/100\n|-unboost|p2a: Kyogre|spe|1\n|-unboost|p2b: Wo-Chien|spe|1\n|move|p1a: Raging Bolt|Snarl|p2a: Kyogre|[spread] p2a\n|-miss|p1a: Raging Bolt|p2b: Wo-Chien\n|-crit|p2a: Kyogre\n|-damage|p2a: Kyogre|87\/100\n|-unboost|p2a: Kyogre|spa|1\n|move|p2b: Wo-Chien|Ruination|p1a: Raging Bolt\n|-damage|p1a: Raging Bolt|38\/100\n|move|p2a: Kyogre|Ice Beam|p1a: Raging Bolt\n|-supereffective|p1a: Raging Bolt\n|-damage|p1a: Raging Bolt|11\/100\n|\n|-weather|RainDance|[upkeep]\n|-heal|p2b: Wo-Chien|100\/100|[from] item: Leftovers\n|upkeep\n|turn|6\n|inactive|my pony my horse has 30 seconds left.\n|inactive|my pony my horse has 20 seconds left.\n|inactive|Yagamoth has 30 seconds left.\n|inactive|my pony my horse has 15 seconds left.\n|\n|t:|1738960649\n|move|p1b: Flutter Mane|Moonblast|p2a: Kyogre\n|-damage|p2a: Kyogre|74\/100\n|move|p1a: Raging Bolt|Thunderbolt|p2a: Kyogre\n|-supereffective|p2a: Kyogre\n|-damage|p2a: Kyogre|47\/100\n|move|p2b: Wo-Chien|Pollen Puff|p2a: Kyogre\n|-heal|p2a: Kyogre|97\/100\n|move|p2a: Kyogre|Ice Beam|p1a: Raging Bolt\n|-supereffective|p1a: Raging Bolt\n|-damage|p1a: Raging Bolt|0 fnt\n|faint|p1a: Raging Bolt\n|-end|p1a: Raging Bolt|Protosynthesis|[silent]\n|\n|-weather|RainDance|[upkeep]\n|-end|p2b: Wo-Chien|move: Taunt\n|upkeep\n|\n|t:|1738960663\n|switch|p1a: Zamazenta|Zamazenta-Crowned, L50|86\/100\n|turn|7\n|\n|t:|1738960675\n|move|p1b: Flutter Mane|Taunt|p2b: Wo-Chien\n|-start|p2b: Wo-Chien|move: Taunt\n|move|p1a: Zamazenta|Heavy Slam|p2b: Wo-Chien\n|-damage|p2b: Wo-Chien|82\/100\n|move|p2b: Wo-Chien|Ruination|p1a: Zamazenta\n|-damage|p1a: Zamazenta|43\/100\n|move|p2a: Kyogre|Water Spout|p1a: Zamazenta|[spread] p1a,p1b\n|-resisted|p1b: Flutter Mane\n|-damage|p1a: Zamazenta|0 fnt\n|-damage|p1b: Flutter Mane|32\/100\n|faint|p1a: Zamazenta\n|\n|-weather|none\n|-heal|p2b: Wo-Chien|88\/100|[from] item: Leftovers\n|upkeep\n|\n|t:|1738960682\n|switch|p1a: Chien-Pao|Chien-Pao, L50|100\/100\n|-ability|p1a: Chien-Pao|Sword of Ruin\n|turn|8\n|\n|t:|1738960697\n|move|p1b: Flutter Mane|Moonblast|p2a: Kyogre\n|-damage|p2a: Kyogre|83\/100\n|move|p1a: Chien-Pao|Ice Spinner|p2b: Wo-Chien\n|-damage|p2b: Wo-Chien|65\/100\n|move|p2b: Wo-Chien|Pollen Puff|p1a: Chien-Pao\n|-supereffective|p1a: Chien-Pao\n|-damage|p1a: Chien-Pao|32\/100\n|move|p2a: Kyogre|Water Spout|p1b: Flutter Mane|[spread] p1a,p1b\n|-resisted|p1b: Flutter Mane\n|-damage|p1a: Chien-Pao|0 fnt\n|-damage|p1b: Flutter Mane|16\/100\n|faint|p1a: Chien-Pao\n|\n|-heal|p2b: Wo-Chien|71\/100|[from] item: Leftovers\n|-sideend|p2: Yagamoth|move: Light Screen\n|upkeep\n|turn|9\n|-message|my pony my horse forfeited.\n|\n|win|Yagamoth\n|raw|my pony my horse's rating: 1601 &rarr; <strong>1582<\/strong><br \/>(-19 for losing)\n|raw|Yagamoth's rating: 1611 &rarr; <strong>1630<\/strong><br \/>(+19 for winning)\n|l|\u2606my pony my horse\n|player|p1|\n|l| kiabu233\n|l|\u2606Yagamoth\n|player|p2|\n","uploadtime":1738960911,"views":5,"formatid":"gen9vgc2025regg","rating":1582,"private":0,"password":null}