{"id":"gen9vgc2025regg-2296416369","format":"[Gen 9] VGC 2025 Reg G","players":["Sheevpeuic","caZISA"],"log":"|j|\u2606Sheevpeuic\n|j|\u2606caZISA\n|t:|1738959731\n|gametype|doubles\n|player|p1|Sheevpeuic|169|1648\n|player|p2|caZISA|red|1678\n|teamsize|p1|6\n|teamsize|p2|6\n|gen|9\n|tier|[Gen 9] VGC 2025 Reg G\n|rated|\n|rule|Species Clause: Limit one of each Pok\u00e9mon\n|rule|Item Clause: Limit 1 of each item\n|clearpoke\n|poke|p1|Kyogre, L50|\n|poke|p1|Roaring Moon, L50|\n|poke|p1|Farigiraf, L50, F|\n|poke|p1|Iron Hands, L50|\n|poke|p1|Ogerpon-Wellspring, L50, F|\n|poke|p1|Landorus, L50, M|\n|poke|p2|Calyrex-Ice, L50|\n|poke|p2|Urshifu-*, L50, M|\n|poke|p2|Raging Bolt, L50|\n|poke|p2|Rillaboom, L50, F|\n|poke|p2|Torkoal, L50, F|\n|poke|p2|Smeargle, L50, F|\n|teampreview|4\n|j| Maikeng\n|\n|t:|1738959759\n|start\n|switch|p1a: Ogerpon|Ogerpon-Wellspring, L50, F|100\/100\n|switch|p1b: Kyogre|Kyogre, L50|100\/100\n|switch|p2a: Smeargle|Smeargle, L50, F|100\/100\n|switch|p2b: Calyrex|Calyrex-Ice, L50|100\/100\n|-ability|p2b: Calyrex|As One\n|-ability|p2b: Calyrex|Unnerve\n|-weather|RainDance|[from] ability: Drizzle|[of] p1b: Kyogre\n|turn|1\n|j| Funn yIy\n|inactive|Battle timer is ON: inactive players will automatically lose when time's up. (requested by caZISA)\n|\n|t:|1738959789\n|switch|p1a: Farigiraf|Farigiraf, L50, F|100\/100\n|move|p2a: Smeargle|Wide Guard|p2a: Smeargle\n|-singleturn|p2a: Smeargle|Wide Guard\n|move|p1b: Kyogre|Water Spout|p2b: Calyrex|[spread] \n|-activate|p2a: Smeargle|move: Wide Guard\n|-activate|p2b: Calyrex|move: Wide Guard\n|move|p2b: Calyrex|Trick Room|p2b: Calyrex\n|-fieldstart|move: Trick Room|[of] p2b: Calyrex\n|\n|-weather|RainDance|[upkeep]\n|-ability|p2a: Smeargle|Moody|boost\n|-boost|p2a: Smeargle|def|2\n|-unboost|p2a: Smeargle|spe|1\n|upkeep\n|turn|2\n|\n|t:|1738959802\n|switch|p1b: Iron Hands|Iron Hands, L50|100\/100\n|move|p2b: Calyrex|Protect|p2b: Calyrex\n|-singleturn|p2b: Calyrex|Protect\n|move|p2a: Smeargle|Spore|p1a: Farigiraf\n|-activate|p1a: Farigiraf|item: Safety Goggles|Spore\n|move|p1a: Farigiraf|Trick Room|p1a: Farigiraf\n|-fieldend|move: Trick Room\n|\n|-weather|RainDance|[upkeep]\n|-ability|p2a: Smeargle|Moody|boost\n|-boost|p2a: Smeargle|atk|2\n|-unboost|p2a: Smeargle|def|1\n|upkeep\n|turn|3\n|\n|t:|1738959817\n|switch|p2a: Rillaboom|Rillaboom, L50, F|100\/100\n|-fieldstart|move: Grassy Terrain|[from] ability: Grassy Surge|[of] p2a: Rillaboom\n|-terastallize|p2b: Calyrex|Fire\n|move|p1b: Iron Hands|Fake Out|p2a: Rillaboom\n|-damage|p2a: Rillaboom|86\/100\n|move|p1a: Farigiraf|Psychic|p2a: Rillaboom\n|-damage|p2a: Rillaboom|58\/100\n|move|p2b: Calyrex|Glacial Lance|p1b: Iron Hands|[spread] p1a,p1b\n|-damage|p1a: Farigiraf|34\/100\n|-damage|p1b: Iron Hands|63\/100\n|\n|-weather|RainDance|[upkeep]\n|-heal|p2a: Rillaboom|64\/100|[from] Grassy Terrain\n|-heal|p1a: Farigiraf|40\/100|[from] Grassy Terrain\n|-heal|p1b: Iron Hands|69\/100|[from] Grassy Terrain\n|upkeep\n|turn|4\n|\n|t:|1738959833\n|move|p2a: Rillaboom|Wood Hammer|p1a: Farigiraf\n|-damage|p1a: Farigiraf|0 fnt\n|faint|p1a: Farigiraf\n|-damage|p2a: Rillaboom|49\/100|[from] Recoil\n|move|p1b: Iron Hands|Drain Punch|p2a: Rillaboom\n|-damage|p2a: Rillaboom|6\/100\n|-heal|p1b: Iron Hands|86\/100|[from] drain|[of] p2a: Rillaboom\n|move|p2b: Calyrex|Trick Room|p2b: Calyrex\n|-fieldstart|move: Trick Room|[of] p2b: Calyrex\n|\n|-weather|RainDance|[upkeep]\n|-heal|p1b: Iron Hands|92\/100|[from] Grassy Terrain\n|-heal|p2a: Rillaboom|12\/100|[from] Grassy Terrain\n|upkeep\n|\n|t:|1738959839\n|switch|p1a: Ogerpon|Ogerpon-Wellspring, L50, F|100\/100\n|turn|5\n|\n|t:|1738959847\n|-terastallize|p1a: Ogerpon|Water\n|detailschange|p1a: Ogerpon|Ogerpon-Wellspring-Tera, L50, F, tera:Water\n|-ability|p1a: Ogerpon|Embody Aspect (Wellspring)|boost\n|-boost|p1a: Ogerpon|spd|1\n|move|p2b: Calyrex|Protect|p2b: Calyrex\n|-singleturn|p2b: Calyrex|Protect\n|move|p2a: Rillaboom|Grassy Glide|p1a: Ogerpon\n|-supereffective|p1a: Ogerpon\n|-damage|p1a: Ogerpon|0 fnt\n|faint|p1a: Ogerpon\n|move|p1b: Iron Hands|Drain Punch|p2a: Rillaboom\n|-damage|p2a: Rillaboom|0 fnt\n|-heal|p1b: Iron Hands|96\/100|[from] drain|[of] p2a: Rillaboom\n|faint|p2a: Rillaboom\n|\n|-weather|none\n|-heal|p1b: Iron Hands|100\/100|[from] Grassy Terrain\n|upkeep\n|\n|t:|1738959858\n|switch|p2a: Smeargle|Smeargle, L50, F|100\/100\n|switch|p1a: Kyogre|Kyogre, L50|100\/100\n|-weather|RainDance|[from] ability: Drizzle|[of] p1a: Kyogre\n|turn|6\n|\n|t:|1738959865\n|move|p2a: Smeargle|Fake Out|p1a: Kyogre\n|-damage|p1a: Kyogre|95\/100\n|move|p2b: Calyrex|High Horsepower|p1b: Iron Hands\n|-supereffective|p1b: Iron Hands\n|-damage|p1b: Iron Hands|46\/100\n|move|p1b: Iron Hands|Drain Punch|p2a: Smeargle\n|-supereffective|p2a: Smeargle\n|-enditem|p2a: Smeargle|Focus Sash\n|-damage|p2a: Smeargle|1\/100\n|-heal|p1b: Iron Hands|71\/100|[from] drain|[of] p2a: Smeargle\n|cant|p1a: Kyogre|flinch\n|\n|-weather|RainDance|[upkeep]\n|-heal|p1b: Iron Hands|77\/100|[from] Grassy Terrain\n|-heal|p2a: Smeargle|7\/100|[from] Grassy Terrain\n|-heal|p1a: Kyogre|100\/100|[from] Grassy Terrain\n|-ability|p2a: Smeargle|Moody|boost\n|-boost|p2a: Smeargle|atk|2\n|-unboost|p2a: Smeargle|spd|1\n|upkeep\n|turn|7\n|\n|t:|1738959879\n|move|p2a: Smeargle|Wide Guard|p2a: Smeargle\n|-singleturn|p2a: Smeargle|Wide Guard\n|move|p2b: Calyrex|High Horsepower|p1b: Iron Hands\n|-supereffective|p1b: Iron Hands\n|-damage|p1b: Iron Hands|20\/100\n|move|p1b: Iron Hands|Drain Punch|p2a: Smeargle\n|-supereffective|p2a: Smeargle\n|-damage|p2a: Smeargle|0 fnt\n|-heal|p1b: Iron Hands|22\/100|[from] drain|[of] p2a: Smeargle\n|faint|p2a: Smeargle\n|move|p1a: Kyogre|Water Spout|p2b: Calyrex\n|-activate|p2b: Calyrex|move: Wide Guard\n|\n|-weather|RainDance|[upkeep]\n|-heal|p1b: Iron Hands|28\/100|[from] Grassy Terrain\n|-fieldend|move: Grassy Terrain\n|upkeep\n|\n|t:|1738959884\n|switch|p2a: Torkoal|Torkoal, L50, F|100\/100\n|-weather|SunnyDay|[from] ability: Drought|[of] p2a: Torkoal\n|turn|8\n|\n|t:|1738959890\n|move|p2a: Torkoal|Eruption|p1b: Iron Hands|[spread] p1a,p1b\n|-resisted|p1a: Kyogre\n|-damage|p1a: Kyogre|66\/100\n|-damage|p1b: Iron Hands|0 fnt\n|faint|p1b: Iron Hands\n|-end|p1b: Iron Hands|Quark Drive|[silent]\n|move|p2b: Calyrex|High Horsepower|p1a: Kyogre\n|-damage|p1a: Kyogre|14\/100\n|move|p1a: Kyogre|Water Spout|p2b: Calyrex|[spread] p2a,p2b\n|-supereffective|p2a: Torkoal\n|-supereffective|p2b: Calyrex\n|-crit|p2b: Calyrex\n|-damage|p2a: Torkoal|82\/100\n|-damage|p2b: Calyrex|89\/100\n|\n|-weather|SunnyDay|[upkeep]\n|-fieldend|move: Trick Room\n|upkeep\n|turn|9\n|-message|Sheevpeuic forfeited.\n|\n|win|caZISA\n|raw|Sheevpeuic's rating: 1648 &rarr; <strong>1630<\/strong><br \/>(-18 for losing)\n|raw|caZISA's rating: 1678 &rarr; <strong>1696<\/strong><br \/>(+18 for winning)\n|l|\u2606caZISA\n|player|p2|\n|l|\u2606Sheevpeuic\n|player|p1|\n|l| Funn yIy\n|l| Maikeng\n","uploadtime":1738960080,"views":42,"formatid":"gen9vgc2025regg","rating":1630,"private":0,"password":null}