{"id":"gen9vgc2025regg-2296581425","format":"[Gen 9] VGC 2025 Reg G","players":["TwitterJasePokemon","VVhistler"],"log":"|j|\u2606TwitterJasePokemon\n|j|\u2606VVhistler\n|t:|1738979911\n|gametype|doubles\n|player|p1|TwitterJasePokemon|lucas|1533\n|player|p2|VVhistler|rocketgrunt|1639\n|teamsize|p1|6\n|teamsize|p2|6\n|gen|9\n|tier|[Gen 9] VGC 2025 Reg G\n|rated|\n|rule|Species Clause: Limit one of each Pok\u00e9mon\n|rule|Item Clause: Limit 1 of each item\n|clearpoke\n|poke|p1|Heatran, L50, M|\n|poke|p1|Sinistcha, L50|\n|poke|p1|Grimmsnarl, L50, M|\n|poke|p1|Urshifu-*, L50, M|\n|poke|p1|Iron Hands, L50|\n|poke|p1|Miraidon, L50|\n|poke|p2|Calyrex-Shadow, L50|\n|poke|p2|Pawmot, L50, F|\n|poke|p2|Maushold, L50|\n|poke|p2|Chien-Pao, L50|\n|poke|p2|Chi-Yu, L50|\n|poke|p2|Urshifu-*, L50, F|\n|teampreview|4\n|inactive|Battle timer is ON: inactive players will automatically lose when time's up. (requested by TwitterJasePokemon)\n|j| SparkyMark230\n|inactive|VVhistler has 60 seconds left.\n|l| SparkyMark230\n|\n|t:|1738979959\n|start\n|switch|p1a: Grimmsnarl|Grimmsnarl, L50, M|100\/100\n|switch|p1b: Miraidon|Miraidon, L50|100\/100\n|switch|p2a: Chi-Yu|Chi-Yu, L50|100\/100\n|switch|p2b: Calyrex|Calyrex-Shadow, L50|100\/100\n|-ability|p2b: Calyrex|As One\n|-ability|p2b: Calyrex|Unnerve\n|-ability|p2a: Chi-Yu|Beads of Ruin\n|-fieldstart|move: Electric Terrain|[from] ability: Hadron Engine|[of] p1b: Miraidon\n|turn|1\n|\n|t:|1738979981\n|-terastallize|p2b: Calyrex|Ghost\n|move|p1a: Grimmsnarl|Light Screen|p1a: Grimmsnarl\n|-sidestart|p1: TwitterJasePokemon|move: Light Screen\n|move|p2a: Chi-Yu|Heat Wave|p1a: Grimmsnarl|[spread] p1a,p1b\n|-resisted|p1b: Miraidon\n|-damage|p1a: Grimmsnarl|72\/100\n|-damage|p1b: Miraidon|91\/100\n|move|p2b: Calyrex|Astral Barrage|p1a: Grimmsnarl|[spread] p1a,p1b\n|-resisted|p1a: Grimmsnarl\n|-damage|p1a: Grimmsnarl|35\/100\n|-damage|p1b: Miraidon|45\/100\n|move|p1b: Miraidon|Volt Switch|p2b: Calyrex\n|-damage|p2b: Calyrex|8\/100\n|\n|t:|1738979998\n|switch|p1b: Heatran|Heatran, L50, M|100\/100|[from] Volt Switch\n|\n|upkeep\n|turn|2\n|\n|t:|1738980010\n|switch|p2a: Maushold|Maushold, L50|100\/100\n|move|p1a: Grimmsnarl|Thunder Wave|p2b: Calyrex\n|-status|p2b: Calyrex|par\n|move|p1b: Heatran|Magma Storm|p2b: Calyrex|[miss]\n|-miss|p1b: Heatran|p2b: Calyrex\n|move|p2b: Calyrex|Astral Barrage|p1a: Grimmsnarl|[spread] p1a,p1b\n|-resisted|p1a: Grimmsnarl\n|-damage|p1a: Grimmsnarl|8\/100\n|-damage|p1b: Heatran|50\/100\n|\n|upkeep\n|turn|3\n|\n|t:|1738980034\n|move|p1b: Heatran|Protect|p1b: Heatran\n|-singleturn|p1b: Heatran|Protect\n|move|p2a: Maushold|Follow Me|p2a: Maushold\n|-singleturn|p2a: Maushold|move: Follow Me\n|move|p1a: Grimmsnarl|Reflect|p1a: Grimmsnarl\n|-sidestart|p1: TwitterJasePokemon|Reflect\n|move|p2b: Calyrex|Astral Barrage|p1a: Grimmsnarl|[spread] p1a\n|-activate|p1b: Heatran|move: Protect\n|-resisted|p1a: Grimmsnarl\n|-damage|p1a: Grimmsnarl|0 fnt\n|faint|p1a: Grimmsnarl\n|-ability|p2b: Calyrex|Grim Neigh|boost\n|-boost|p2b: Calyrex|spa|1\n|\n|upkeep\n|\n|t:|1738980039\n|switch|p1a: Miraidon|Miraidon, L50|45\/100\n|-activate|p1a: Miraidon|ability: Hadron Engine\n|turn|4\n|j| zach.fisher\n|\n|t:|1738980054\n|move|p2a: Maushold|Follow Me|p2a: Maushold\n|-singleturn|p2a: Maushold|move: Follow Me\n|move|p1a: Miraidon|Dazzling Gleam|p2b: Calyrex|[spread] p2a,p2b\n|-damage|p2a: Maushold|66\/100\n|-damage|p2b: Calyrex|0 fnt\n|faint|p2b: Calyrex\n|move|p1b: Heatran|Magma Storm|p2a: Maushold\n|-damage|p2a: Maushold|9\/100\n|-activate|p2a: Maushold|move: Magma Storm|[of] p1b: Heatran\n|\n|-damage|p2a: Maushold|0 fnt|[from] move: Magma Storm|[partiallytrapped]\n|faint|p2a: Maushold\n|upkeep\n|\n|t:|1738980067\n|switch|p2b: Pawmot|Pawmot, L50, F|100\/100\n|switch|p2a: Chi-Yu|Chi-Yu, L50|100\/100\n|-ability|p2a: Chi-Yu|Beads of Ruin\n|turn|5\n|\n|t:|1738980080\n|switch|p1a: Sinistcha|Sinistcha, L50|100\/100\n|-heal|p1b: Heatran|75\/100|[from] ability: Hospitality|[of] p1a: Sinistcha\n|move|p2a: Chi-Yu|Snarl|p1b: Heatran|[spread] p1a,p1b\n|-supereffective|p1a: Sinistcha\n|-crit|p1a: Sinistcha\n|-damage|p1a: Sinistcha|9\/100\n|-damage|p1b: Heatran|57\/100\n|-unboost|p1a: Sinistcha|spa|1\n|-unboost|p1b: Heatran|spa|1\n|move|p2b: Pawmot|Revival Blessing|p2b: Pawmot\n|\n|t:|1738980091\n|-heal|p2: Calyrex|50\/100|[from] move: Revival Blessing\n|move|p1b: Heatran|Magma Storm|p2a: Chi-Yu\n|-resisted|p2a: Chi-Yu\n|-damage|p2a: Chi-Yu|80\/100\n|-activate|p2a: Chi-Yu|move: Magma Storm|[of] p1b: Heatran\n|\n|-damage|p2a: Chi-Yu|68\/100|[from] move: Magma Storm|[partiallytrapped]\n|-fieldend|move: Electric Terrain\n|upkeep\n|turn|6\n|j| playrornds\n|\n|t:|1738980109\n|switch|p1a: Miraidon|Miraidon, L50|45\/100\n|-fieldstart|move: Electric Terrain|[from] ability: Hadron Engine|[of] p1a: Miraidon\n|-terastallize|p1b: Heatran|Bug\n|move|p2a: Chi-Yu|Snarl|p1b: Heatran|[spread] p1a,p1b\n|-damage|p1a: Miraidon|33\/100\n|-damage|p1b: Heatran|39\/100\n|-unboost|p1a: Miraidon|spa|1\n|-unboost|p1b: Heatran|spa|1\n|move|p2b: Pawmot|Close Combat|p1b: Heatran\n|-resisted|p1b: Heatran\n|-damage|p1b: Heatran|27\/100\n|-unboost|p2b: Pawmot|def|1\n|-unboost|p2b: Pawmot|spd|1\n|move|p1b: Heatran|Magma Storm|p2b: Pawmot\n|-damage|p2b: Pawmot|14\/100\n|-activate|p2b: Pawmot|move: Magma Storm|[of] p1b: Heatran\n|\n|-damage|p2a: Chi-Yu|55\/100|[from] move: Magma Storm|[partiallytrapped]\n|-damage|p2b: Pawmot|1\/100|[from] move: Magma Storm|[partiallytrapped]\n|upkeep\n|turn|7\n|inactive|TwitterJasePokemon has 30 seconds left.\n|\n|t:|1738980139\n|move|p1b: Heatran|Protect|p1b: Heatran\n|-singleturn|p1b: Heatran|Protect\n|move|p2a: Chi-Yu|Snarl|p1a: Miraidon|[spread] p1a\n|-activate|p1b: Heatran|move: Protect\n|-damage|p1a: Miraidon|21\/100\n|-unboost|p1a: Miraidon|spa|1\n|move|p1a: Miraidon|Volt Switch|p2a: Chi-Yu\n|-damage|p2a: Chi-Yu|11\/100\n|l| zach.fisher\n|\n|t:|1738980150\n|switch|p1a: Sinistcha|Sinistcha, L50|9\/100|[from] Volt Switch\n|-heal|p1b: Heatran|52\/100|[from] ability: Hospitality|[of] p1a: Sinistcha\n|move|p2b: Pawmot|Close Combat|p1a: Sinistcha\n|-immune|p1a: Sinistcha\n|\n|-damage|p2a: Chi-Yu|0 fnt|[from] move: Magma Storm|[partiallytrapped]\n|faint|p2a: Chi-Yu\n|-damage|p2b: Pawmot|0 fnt|[from] move: Magma Storm|[partiallytrapped]\n|faint|p2b: Pawmot\n|upkeep\n|\n|t:|1738980165\n|switch|p2a: Calyrex|Calyrex-Shadow, L50|50\/100\n|-ability|p2a: Calyrex|As One\n|-ability|p2a: Calyrex|Unnerve\n|turn|8\n|\n|t:|1738980173\n|move|p2a: Calyrex|Astral Barrage|p1a: Sinistcha|[spread] p1a,p1b\n|-supereffective|p1a: Sinistcha\n|-damage|p1a: Sinistcha|0 fnt\n|-damage|p1b: Heatran|14\/100\n|faint|p1a: Sinistcha\n|-ability|p2a: Calyrex|Grim Neigh|boost\n|-boost|p2a: Calyrex|spa|1\n|move|p1b: Heatran|Magma Storm|p2a: Calyrex\n|-damage|p2a: Calyrex|25\/100\n|-activate|p2a: Calyrex|move: Magma Storm|[of] p1b: Heatran\n|\n|-damage|p2a: Calyrex|12\/100|[from] move: Magma Storm|[partiallytrapped]\n|-sideend|p1: TwitterJasePokemon|move: Light Screen\n|upkeep\n|\n|t:|1738980176\n|switch|p1a: Miraidon|Miraidon, L50|21\/100\n|-activate|p1a: Miraidon|ability: Hadron Engine\n|turn|9\n|\n|t:|1738980190\n|move|p1b: Heatran|Protect|p1b: Heatran\n|-singleturn|p1b: Heatran|Protect\n|move|p2a: Calyrex|Astral Barrage|p1a: Miraidon|[spread] p1a\n|-activate|p1b: Heatran|move: Protect\n|-damage|p1a: Miraidon|0 fnt\n|faint|p1a: Miraidon\n|-ability|p2a: Calyrex|Grim Neigh|boost\n|-boost|p2a: Calyrex|spa|1\n|\n|-damage|p2a: Calyrex|0 fnt|[from] move: Magma Storm|[partiallytrapped]\n|faint|p2a: Calyrex\n|\n|win|TwitterJasePokemon\n|upkeep\n|raw|TwitterJasePokemon's rating: 1533 &rarr; <strong>1559<\/strong><br \/>(+26 for winning)\n|raw|VVhistler's rating: 1639 &rarr; <strong>1613<\/strong><br \/>(-26 for losing)\n|l|\u2606VVhistler\n|player|p2|\n|l|\u2606TwitterJasePokemon\n|player|p1|\n","uploadtime":1738980371,"views":15,"formatid":"gen9vgc2025regg","rating":1559,"private":0,"password":null}