{"id":"gen9vgc2025regg-2296455416","format":"[Gen 9] VGC 2025 Reg G","players":["Farmyom","caZISA"],"log":"|j|\u203dFarmyom\n|j|\u2606caZISA\n|t:|1738964091\n|gametype|doubles\n|player|p1|Farmyom|beauty-gen5bw2|1620\n|player|p2|caZISA|red|1676\n|teamsize|p1|6\n|teamsize|p2|6\n|gen|9\n|tier|[Gen 9] VGC 2025 Reg G\n|rated|\n|rule|Species Clause: Limit one of each Pok\u00e9mon\n|rule|Item Clause: Limit 1 of each item\n|clearpoke\n|poke|p1|Terapagos, L50, M|\n|poke|p1|Flutter Mane, L50|\n|poke|p1|Tornadus, L50, M|\n|poke|p1|Incineroar, L50, M|\n|poke|p1|Rillaboom, L50, M|\n|poke|p1|Walking Wake, L50|\n|poke|p2|Koraidon, L50|\n|poke|p2|Entei, L50|\n|poke|p2|Walking Wake, L50|\n|poke|p2|Rillaboom, L50, M|\n|poke|p2|Grimmsnarl, L50, M|\n|poke|p2|Gholdengo, L50|\n|teampreview|4\n|inactive|Battle timer is ON: inactive players will automatically lose when time's up. (requested by Farmyom)\n|\n|t:|1738964111\n|start\n|switch|p1a: Flutter Mane|Flutter Mane, L50|100\/100\n|switch|p1b: Terapagos|Terapagos, L50, M|100\/100\n|switch|p2a: Grimmsnarl|Grimmsnarl, L50, M|100\/100\n|switch|p2b: Entei|Entei, L50|100\/100\n|-activate|p1b: Terapagos|ability: Tera Shift\n|detailschange|p1b: Terapagos|Terapagos-Terastal, L50, M\n|-heal|p1b: Terapagos|100\/100|[silent]\n|-enditem|p1a: Flutter Mane|Booster Energy\n|-activate|p1a: Flutter Mane|ability: Protosynthesis|[fromitem]\n|-start|p1a: Flutter Mane|protosynthesisspe\n|turn|1\n|\n|t:|1738964123\n|move|p2a: Grimmsnarl|Light Screen|p2a: Grimmsnarl\n|-sidestart|p2: caZISA|move: Light Screen\n|move|p1a: Flutter Mane|Moonblast|p2a: Grimmsnarl\n|-supereffective|p2a: Grimmsnarl\n|-damage|p2a: Grimmsnarl|49\/100\n|-unboost|p2a: Grimmsnarl|spa|1\n|move|p1b: Terapagos|Meteor Beam||[still]\n|-prepare|p1b: Terapagos|Meteor Beam\n|-boost|p1b: Terapagos|spa|1\n|-enditem|p1b: Terapagos|Power Herb\n|-anim|p1b: Terapagos|Meteor Beam|p2b: Entei\n|-supereffective|p2b: Entei\n|-damage|p2b: Entei|52\/100\n|move|p2b: Entei|Snarl|p1b: Terapagos|[spread] p1a,p1b\n|-activate|p1b: Terapagos|ability: Tera Shell\n|-resisted|p1b: Terapagos\n|-damage|p1a: Flutter Mane|93\/100\n|-damage|p1b: Terapagos|97\/100\n|-unboost|p1a: Flutter Mane|spa|1\n|-unboost|p1b: Terapagos|spa|1\n|\n|upkeep\n|turn|2\n|inactive|Farmyom has 30 seconds left.\n|\n|t:|1738964148\n|move|p1b: Terapagos|Protect|p1b: Terapagos\n|-singleturn|p1b: Terapagos|Protect\n|move|p2a: Grimmsnarl|Thunder Wave|p1b: Terapagos\n|-activate|p1b: Terapagos|move: Protect\n|move|p1a: Flutter Mane|Fake Tears|p2a: Grimmsnarl\n|-unboost|p2a: Grimmsnarl|spd|2\n|move|p2b: Entei|Sacred Fire|p1a: Flutter Mane\n|-damage|p1a: Flutter Mane|17\/100\n|-status|p1a: Flutter Mane|brn\n|\n|-damage|p1a: Flutter Mane|11\/100 brn|[from] brn\n|upkeep\n|turn|3\n|\n|t:|1738964169\n|move|p2a: Grimmsnarl|Thunder Wave|p1b: Terapagos\n|-status|p1b: Terapagos|par\n|move|p1a: Flutter Mane|Moonblast|p2a: Grimmsnarl\n|-supereffective|p2a: Grimmsnarl\n|-damage|p2a: Grimmsnarl|0 fnt\n|faint|p2a: Grimmsnarl\n|move|p2b: Entei|Snarl|p1a: Flutter Mane|[spread] p1a,p1b\n|-damage|p1a: Flutter Mane|4\/100 brn\n|-damage|p1b: Terapagos|90\/100 par\n|-unboost|p1a: Flutter Mane|spa|1\n|-unboost|p1b: Terapagos|spa|1\n|move|p1b: Terapagos|Earth Power|p2b: Entei\n|-supereffective|p2b: Entei\n|-damage|p2b: Entei|38\/100\n|\n|-damage|p1a: Flutter Mane|0 fnt|[from] brn\n|faint|p1a: Flutter Mane\n|-end|p1a: Flutter Mane|Protosynthesis|[silent]\n|upkeep\n|\n|t:|1738964185\n|switch|p1a: Walking Wake|Walking Wake, L50|100\/100\n|switch|p2a: Koraidon|Koraidon, L50|100\/100\n|-weather|SunnyDay|[from] ability: Orichalcum Pulse|[of] p2a: Koraidon\n|-activate|p1a: Walking Wake|ability: Protosynthesis\n|-start|p1a: Walking Wake|protosynthesisspe\n|-activate|p2a: Koraidon|Orichalcum Pulse|[source]\n|turn|4\n|\n|t:|1738964193\n|switch|p1b: Tornadus|Tornadus, L50, M|100\/100\n|move|p2a: Koraidon|Protect|p2a: Koraidon\n|-singleturn|p2a: Koraidon|Protect\n|move|p1a: Walking Wake|Hydro Steam|p2a: Koraidon\n|-activate|p2a: Koraidon|move: Protect\n|move|p2b: Entei|Snarl|p1a: Walking Wake|[spread] p1a,p1b\n|-damage|p1a: Walking Wake|90\/100\n|-damage|p1b: Tornadus|91\/100\n|-unboost|p1a: Walking Wake|spa|1\n|\n|-weather|SunnyDay|[upkeep]\n|upkeep\n|turn|5\n|\n|t:|1738964209\n|-end|p1a: Walking Wake|Protosynthesis|[silent]\n|switch|p1a: Terapagos|Terapagos-Terastal, L50, M|90\/100 par\n|-terastallize|p2a: Koraidon|Fire\n|move|p2a: Koraidon|Collision Course|p1a: Terapagos\n|-supereffective|p1a: Terapagos\n|-damage|p1a: Terapagos|0 fnt\n|faint|p1a: Terapagos\n|move|p1b: Tornadus|Bleakwind Storm|p2a: Koraidon|[spread] p2a\n|-miss|p1b: Tornadus|p2b: Entei\n|-damage|p2a: Koraidon|77\/100\n|move|p2b: Entei|Sacred Fire|p1b: Tornadus\n|-damage|p1b: Tornadus|0 fnt\n|faint|p1b: Tornadus\n|\n|-weather|SunnyDay|[upkeep]\n|upkeep\n|\n|t:|1738964215\n|switch|p1b: Walking Wake|Walking Wake, L50|90\/100\n|-activate|p1b: Walking Wake|ability: Protosynthesis\n|-start|p1b: Walking Wake|protosynthesisspe\n|turn|6\n|\n|t:|1738964230\n|move|p2b: Entei|Extreme Speed|p1b: Walking Wake\n|-damage|p1b: Walking Wake|60\/100\n|move|p1b: Walking Wake|Hydro Steam|p2b: Entei\n|-supereffective|p2b: Entei\n|-damage|p2b: Entei|0 fnt\n|faint|p2b: Entei\n|-damage|p1b: Walking Wake|51\/100|[from] item: Life Orb\n|move|p2a: Koraidon|Collision Course|p1b: Walking Wake\n|-crit|p1b: Walking Wake\n|-damage|p1b: Walking Wake|0 fnt\n|faint|p1b: Walking Wake\n|-end|p1b: Walking Wake|Protosynthesis|[silent]\n|\n|win|caZISA\n|raw|Farmyom's rating: 1620 &rarr; <strong>1603<\/strong><br \/>(-17 for losing)\n|raw|caZISA's rating: 1676 &rarr; <strong>1693<\/strong><br \/>(+17 for winning)\n|l|\u2606caZISA\n|player|p2|\n","uploadtime":1738964435,"views":39,"formatid":"gen9vgc2025regg","rating":1603,"private":0,"password":null}