{"id":"gen9vgc2025regg-2296300598","format":"[Gen 9] VGC 2025 Reg G","players":["lawfoolio","hoeheng"],"log":"|j|\u2606lawfoolio\n|j|\u2606hoeheng\n|t:|1738948203\n|gametype|doubles\n|player|p1|lawfoolio|170|1569\n|player|p2|hoeheng|hilda|1505\n|teamsize|p1|6\n|teamsize|p2|6\n|gen|9\n|tier|[Gen 9] VGC 2025 Reg G\n|rated|\n|rule|Species Clause: Limit one of each Pok\u00e9mon\n|rule|Item Clause: Limit 1 of each item\n|clearpoke\n|poke|p1|Zamazenta-*, L50|\n|poke|p1|Entei, L50|\n|poke|p1|Flutter Mane, L50|\n|poke|p1|Chien-Pao, L50|\n|poke|p1|Amoonguss, L50, M|\n|poke|p1|Ditto, L50|\n|poke|p2|Kyogre, L50|\n|poke|p2|Landorus, L50, M|\n|poke|p2|Scizor, L50, M|\n|poke|p2|Indeedee-F, L50, F|\n|poke|p2|Bruxish, L50, M|\n|poke|p2|Roaring Moon, L50|\n|teampreview|4\n|inactive|Battle timer is ON: inactive players will automatically lose when time's up. (requested by lawfoolio)\n|inactive|lawfoolio has 60 seconds left.\n|\n|t:|1738948242\n|start\n|switch|p1a: Amoonguss|Amoonguss, L50, M|100\/100\n|switch|p1b: Flutter Mane|Flutter Mane, L50|100\/100\n|switch|p2a: Roaring Moon|Roaring Moon, L50|100\/100\n|switch|p2b: Landorus|Landorus, L50, M|100\/100\n|-enditem|p1b: Flutter Mane|Booster Energy\n|-activate|p1b: Flutter Mane|ability: Protosynthesis|[fromitem]\n|-start|p1b: Flutter Mane|protosynthesisspe\n|-enditem|p2a: Roaring Moon|Booster Energy\n|-activate|p2a: Roaring Moon|ability: Protosynthesis|[fromitem]\n|-start|p2a: Roaring Moon|protosynthesisspe\n|turn|1\n|\n|t:|1738948264\n|-terastallize|p2a: Roaring Moon|Steel\n|-terastallize|p1a: Amoonguss|Water\n|move|p1a: Amoonguss|Rage Powder|p1a: Amoonguss\n|-singleturn|p1a: Amoonguss|move: Rage Powder\n|move|p1b: Flutter Mane|Icy Wind|p2a: Roaring Moon|[spread] p2a,p2b\n|-resisted|p2a: Roaring Moon\n|-supereffective|p2b: Landorus\n|-damage|p2a: Roaring Moon|94\/100\n|-damage|p2b: Landorus|37\/100\n|-unboost|p2a: Roaring Moon|spe|1\n|-unboost|p2b: Landorus|spe|1\n|move|p2a: Roaring Moon|Tailwind|p2a: Roaring Moon\n|-sidestart|p2: hoeheng|move: Tailwind\n|move|p2b: Landorus|Earth Power|p1a: Amoonguss\n|-damage|p1a: Amoonguss|41\/100\n|\n|upkeep\n|turn|2\n|inactive|hoeheng has 30 seconds left.\n|inactive|hoeheng has 20 seconds left.\n|\n|t:|1738948300\n|move|p1b: Flutter Mane|Protect|p1b: Flutter Mane\n|-singleturn|p1b: Flutter Mane|Protect\n|move|p2a: Roaring Moon|Knock Off|p1a: Amoonguss\n|-damage|p1a: Amoonguss|0 fnt\n|-damage|p2a: Roaring Moon|77\/100|[from] item: Rocky Helmet|[of] p1a: Amoonguss\n|-enditem|p1a: Amoonguss|Rocky Helmet|[from] move: Knock Off|[of] p2a: Roaring Moon\n|faint|p1a: Amoonguss\n|move|p2b: Landorus|Earth Power|p1b: Flutter Mane\n|-activate|p1b: Flutter Mane|move: Protect\n|\n|upkeep\n|\n|t:|1738948306\n|switch|p1a: Ditto|Ditto, L50|100\/100\n|-transform|p1a: Ditto|p2b: Landorus|[from] ability: Imposter\n|turn|3\n|\n|t:|1738948316\n|move|p2a: Roaring Moon|Knock Off|p1b: Flutter Mane\n|-damage|p1b: Flutter Mane|50\/100\n|move|p1b: Flutter Mane|Icy Wind|p2a: Roaring Moon|[spread] p2a,p2b\n|-resisted|p2a: Roaring Moon\n|-supereffective|p2b: Landorus\n|-damage|p2a: Roaring Moon|71\/100\n|-damage|p2b: Landorus|0 fnt\n|-unboost|p2a: Roaring Moon|spe|1\n|faint|p2b: Landorus\n|move|p1a: Ditto|Earth Power|p2a: Roaring Moon\n|-supereffective|p2a: Roaring Moon\n|-damage|p2a: Roaring Moon|0 fnt\n|faint|p2a: Roaring Moon\n|-end|p2a: Roaring Moon|Protosynthesis|[silent]\n|\n|upkeep\n|\n|t:|1738948320\n|switch|p2a: Kyogre|Kyogre, L50|100\/100\n|switch|p2b: Bruxish|Bruxish, L50, M|100\/100\n|-weather|RainDance|[from] ability: Drizzle|[of] p2a: Kyogre\n|turn|4\n|\n|t:|1738948332\n|move|p2b: Bruxish|Aqua Jet|p1b: Flutter Mane\n|-damage|p1b: Flutter Mane|2\/100\n|move|p1b: Flutter Mane|Icy Wind|p2a: Kyogre|[spread] p2a,p2b\n|-resisted|p2a: Kyogre\n|-resisted|p2b: Bruxish\n|-damage|p2a: Kyogre|96\/100\n|-damage|p2b: Bruxish|90\/100\n|-unboost|p2a: Kyogre|spe|1\n|-unboost|p2b: Bruxish|spe|1\n|move|p2a: Kyogre|Water Spout|p1a: Ditto|[spread] p1a,p1b\n|-supereffective|p1a: Ditto\n|-damage|p1a: Ditto|0 fnt\n|-damage|p1b: Flutter Mane|0 fnt\n|faint|p1a: Ditto\n|faint|p1b: Flutter Mane\n|-end|p1b: Flutter Mane|Protosynthesis|[silent]\n|\n|-weather|RainDance|[upkeep]\n|-sideend|p2: hoeheng|move: Tailwind\n|upkeep\n|\n|t:|1738948343\n|switch|p1a: Zamazenta|Zamazenta-Crowned, L50|100\/100\n|-ability|p1a: Zamazenta|Dauntless Shield|boost\n|-boost|p1a: Zamazenta|def|1\n|turn|5\n|\n|t:|1738948349\n|move|p1a: Zamazenta|Body Press|p2a: Kyogre\n|-damage|p2a: Kyogre|23\/100\n|move|p2b: Bruxish|Super Fang|p1a: Zamazenta\n|-damage|p1a: Zamazenta|50\/100\n|move|p2a: Kyogre|Water Spout|p1a: Zamazenta\n|-damage|p1a: Zamazenta|15\/100\n|\n|-weather|RainDance|[upkeep]\n|upkeep\n|turn|6\n|\n|t:|1738948356\n|move|p1a: Zamazenta|Body Press|p2a: Kyogre\n|-crit|p2a: Kyogre\n|-damage|p2a: Kyogre|0 fnt\n|faint|p2a: Kyogre\n|move|p2b: Bruxish|Psychic Fangs|p1a: Zamazenta\n|-damage|p1a: Zamazenta|0 fnt\n|faint|p1a: Zamazenta\n|\n|win|hoeheng\n|raw|lawfoolio's rating: 1569 &rarr; <strong>1545<\/strong><br \/>(-24 for losing)\n|raw|hoeheng's rating: 1505 &rarr; <strong>1529<\/strong><br \/>(+24 for winning)\n|l|\u2606lawfoolio\n|player|p1|\n|l|\u2606hoeheng\n|player|p2|\n","uploadtime":1738948592,"views":5,"formatid":"gen9vgc2025regg","rating":1529,"private":0,"password":null}