{"id":"gen9vgc2025regg-2296302241","format":"[Gen 9] VGC 2025 Reg G","players":["lawfoolio","Beccca"],"log":"|j|\u2606lawfoolio\n|j|\u2606Beccca\n|t:|1738948363\n|gametype|doubles\n|player|p1|lawfoolio|170|1545\n|player|p2|Beccca|102|1634\n|teamsize|p1|6\n|teamsize|p2|6\n|gen|9\n|tier|[Gen 9] VGC 2025 Reg G\n|rated|\n|rule|Species Clause: Limit one of each Pok\u00e9mon\n|rule|Item Clause: Limit 1 of each item\n|clearpoke\n|poke|p1|Zamazenta-*, L50|\n|poke|p1|Entei, L50|\n|poke|p1|Flutter Mane, L50|\n|poke|p1|Chien-Pao, L50|\n|poke|p1|Amoonguss, L50, F|\n|poke|p1|Ditto, L50|\n|poke|p2|Zamazenta-*, L50|\n|poke|p2|Chien-Pao, L50|\n|poke|p2|Tyranitar, L50, F|\n|poke|p2|Landorus, L50, M|\n|poke|p2|Amoonguss, L50, F|\n|poke|p2|Flutter Mane, L50|\n|teampreview|4\n|inactive|Battle timer is ON: inactive players will automatically lose when time's up. (requested by lawfoolio)\n|inactive|Beccca has 60 seconds left.\n|inactive|lawfoolio has 60 seconds left.\n|\n|t:|1738948408\n|start\n|switch|p1a: Amoonguss|Amoonguss, L50, F|100\/100\n|switch|p1b: Flutter Mane|Flutter Mane, L50|100\/100\n|switch|p2a: Flutter Mane|Flutter Mane, L50|100\/100\n|switch|p2b: Zamazenta|Zamazenta-Crowned, L50|100\/100\n|-ability|p2b: Zamazenta|Dauntless Shield|boost\n|-boost|p2b: Zamazenta|def|1\n|-enditem|p1b: Flutter Mane|Booster Energy\n|-activate|p1b: Flutter Mane|ability: Protosynthesis|[fromitem]\n|-start|p1b: Flutter Mane|protosynthesisspe\n|-enditem|p2a: Flutter Mane|Booster Energy\n|-activate|p2a: Flutter Mane|ability: Protosynthesis|[fromitem]\n|-start|p2a: Flutter Mane|protosynthesisspe\n|turn|1\n|\n|t:|1738948431\n|move|p1b: Flutter Mane|Protect|p1b: Flutter Mane\n|-singleturn|p1b: Flutter Mane|Protect\n|move|p2b: Zamazenta|Protect|p2b: Zamazenta\n|-singleturn|p2b: Zamazenta|Protect\n|move|p2a: Flutter Mane|Icy Wind|p1b: Flutter Mane|[spread] p1a\n|-activate|p1b: Flutter Mane|move: Protect\n|-supereffective|p1a: Amoonguss\n|-damage|p1a: Amoonguss|78\/100\n|-unboost|p1a: Amoonguss|spe|1\n|move|p1a: Amoonguss|Spore|p2b: Zamazenta\n|-activate|p2b: Zamazenta|move: Protect\n|\n|upkeep\n|turn|2\n|\n|t:|1738948454\n|move|p1a: Amoonguss|Rage Powder|p1a: Amoonguss\n|-singleturn|p1a: Amoonguss|move: Rage Powder\n|move|p1b: Flutter Mane|Shadow Ball|p2a: Flutter Mane\n|-supereffective|p2a: Flutter Mane\n|-damage|p2a: Flutter Mane|43\/100\n|move|p2a: Flutter Mane|Icy Wind|p1b: Flutter Mane|[spread] p1a,p1b\n|-supereffective|p1a: Amoonguss\n|-damage|p1a: Amoonguss|55\/100\n|-damage|p1b: Flutter Mane|90\/100\n|-unboost|p1a: Amoonguss|spe|1\n|-unboost|p1b: Flutter Mane|spe|1\n|move|p2b: Zamazenta|Heavy Slam|p1a: Amoonguss\n|-damage|p1a: Amoonguss|14\/100\n|-damage|p2b: Zamazenta|84\/100|[from] item: Rocky Helmet|[of] p1a: Amoonguss\n|\n|upkeep\n|turn|3\n|\n|t:|1738948475\n|switch|p1a: Ditto|Ditto, L50|100\/100\n|-transform|p1a: Ditto|p2b: Zamazenta|[from] ability: Imposter\n|-ability|p1a: Ditto|Dauntless Shield|boost\n|-boost|p1a: Ditto|def|1\n|move|p1b: Flutter Mane|Protect|p1b: Flutter Mane\n|-singleturn|p1b: Flutter Mane|Protect\n|move|p2a: Flutter Mane|Icy Wind|p1a: Ditto|[spread] \n|-activate|p1b: Flutter Mane|move: Protect\n|-miss|p2a: Flutter Mane|p1a: Ditto\n|move|p2b: Zamazenta|Heavy Slam|p1b: Flutter Mane\n|-activate|p1b: Flutter Mane|move: Protect\n|\n|upkeep\n|turn|4\n|\n|t:|1738948500\n|-end|p1b: Flutter Mane|Protosynthesis|[silent]\n|switch|p1b: Amoonguss|Amoonguss, L50, F|47\/100\n|move|p2a: Flutter Mane|Protect|p2a: Flutter Mane\n|-singleturn|p2a: Flutter Mane|Protect\n|move|p2b: Zamazenta|Protect|p2b: Zamazenta\n|-singleturn|p2b: Zamazenta|Protect\n|move|p1a: Ditto|Body Press|p2b: Zamazenta\n|-activate|p2b: Zamazenta|move: Protect\n|\n|upkeep\n|turn|5\n|\n|t:|1738948523\n|-terastallize|p2b: Zamazenta|Dragon\n|move|p2a: Flutter Mane|Icy Wind|p1b: Amoonguss|[spread] p1a,p1b\n|-resisted|p1a: Ditto\n|-supereffective|p1b: Amoonguss\n|-damage|p1a: Ditto|95\/100\n|-damage|p1b: Amoonguss|25\/100\n|-unboost|p1a: Ditto|spe|1\n|-unboost|p1b: Amoonguss|spe|1\n|move|p2b: Zamazenta|Heavy Slam|p1b: Amoonguss\n|-damage|p1b: Amoonguss|0 fnt\n|-damage|p2b: Zamazenta|68\/100|[from] item: Rocky Helmet|[of] p1b: Amoonguss\n|faint|p1b: Amoonguss\n|move|p1a: Ditto|Body Press|p2b: Zamazenta\n|-damage|p2b: Zamazenta|28\/100\n|\n|upkeep\n|\n|t:|1738948536\n|switch|p1b: Zamazenta|Zamazenta-Crowned, L50|100\/100\n|-ability|p1b: Zamazenta|Dauntless Shield|boost\n|-boost|p1b: Zamazenta|def|1\n|turn|6\n|\n|t:|1738948548\n|move|p2b: Zamazenta|Protect|p2b: Zamazenta\n|-singleturn|p2b: Zamazenta|Protect\n|move|p2a: Flutter Mane|Thunder Wave|p1b: Zamazenta\n|-status|p1b: Zamazenta|par\n|move|p1a: Ditto|Body Press|p2b: Zamazenta\n|-activate|p2b: Zamazenta|move: Protect\n|cant|p1b: Zamazenta|par\n|\n|upkeep\n|turn|7\n|\n|t:|1738948562\n|move|p2a: Flutter Mane|Thunder Wave|p1a: Ditto\n|-status|p1a: Ditto|par\n|move|p2b: Zamazenta|Body Press|p1b: Zamazenta\n|-supereffective|p1b: Zamazenta\n|-damage|p1b: Zamazenta|39\/100 par\n|move|p1b: Zamazenta|Heavy Slam|p2a: Flutter Mane\n|-supereffective|p2a: Flutter Mane\n|-damage|p2a: Flutter Mane|0 fnt\n|faint|p2a: Flutter Mane\n|-end|p2a: Flutter Mane|Protosynthesis|[silent]\n|move|p1a: Ditto|Body Press|p2b: Zamazenta\n|-damage|p2b: Zamazenta|0 fnt\n|faint|p2b: Zamazenta\n|\n|upkeep\n|\n|t:|1738948575\n|switch|p2a: Chien-Pao|Chien-Pao, L50|100\/100\n|switch|p2b: Landorus|Landorus, L50, M|100\/100\n|-ability|p2a: Chien-Pao|Sword of Ruin\n|turn|8\n|inactive|Beccca has 30 seconds left.\n|inactive|lawfoolio has 30 seconds left.\n|inactive|Beccca has 20 seconds left.\n|\n|t:|1738948617\n|move|p2a: Chien-Pao|Protect|p2a: Chien-Pao\n|-singleturn|p2a: Chien-Pao|Protect\n|move|p1b: Zamazenta|Protect|p1b: Zamazenta\n|-singleturn|p1b: Zamazenta|Protect\n|move|p2b: Landorus|Earth Power|p1b: Zamazenta\n|-activate|p1b: Zamazenta|move: Protect\n|move|p1a: Ditto|Body Press|p2b: Landorus\n|-resisted|p2b: Landorus\n|-damage|p2b: Landorus|31\/100\n|\n|upkeep\n|turn|9\n|inactive|Beccca has 30 seconds left.\n|\n|t:|1738948648\n|switch|p1a: Flutter Mane|Flutter Mane, L50|90\/100\n|move|p2a: Chien-Pao|Ice Spinner|p1a: Flutter Mane\n|-damage|p1a: Flutter Mane|15\/100\n|move|p2b: Landorus|Earth Power|p1b: Zamazenta\n|-supereffective|p1b: Zamazenta\n|-damage|p1b: Zamazenta|0 fnt\n|faint|p1b: Zamazenta\n|\n|upkeep\n|\n|t:|1738948652\n|switch|p1b: Ditto|Ditto, L50|95\/100 par\n|-transform|p1b: Ditto|p2a: Chien-Pao|[from] ability: Imposter\n|-ability|p1b: Ditto|Sword of Ruin\n|turn|10\n|\n|t:|1738948669\n|move|p2b: Landorus|Protect|p2b: Landorus\n|-singleturn|p2b: Landorus|Protect\n|move|p2a: Chien-Pao|Ice Spinner|p1a: Flutter Mane\n|-damage|p1a: Flutter Mane|0 fnt\n|faint|p1a: Flutter Mane\n|-end|p1a: Flutter Mane|Protosynthesis|[silent]\n|move|p1b: Ditto|Throat Chop|p2a: Chien-Pao\n|-resisted|p2a: Chien-Pao\n|-damage|p2a: Chien-Pao|75\/100\n|-start|p2a: Chien-Pao|Throat Chop|[silent]\n|\n|upkeep\n|turn|11\n|-message|lawfoolio forfeited.\n|\n|win|Beccca\n|raw|lawfoolio's rating: 1545 &rarr; <strong>1530<\/strong><br \/>(-15 for losing)\n|raw|Beccca's rating: 1634 &rarr; <strong>1649<\/strong><br \/>(+15 for winning)\n|l|\u2606lawfoolio\n|player|p1|\n","uploadtime":1738948688,"views":22,"formatid":"gen9vgc2025regg","rating":1530,"private":0,"password":null}