{"id":"gen9vgc2025regg-2296720495","format":"[Gen 9] VGC 2025 Reg G","players":["Tempest brute","radiantwf4"],"log":"|j|\u2606Tempest brute\n|j|\u203dradiantwf4\n|t:|1739003652\n|gametype|doubles\n|player|p1|Tempest brute|veteran|1577\n|player|p2|radiantwf4|265|1617\n|teamsize|p1|4\n|teamsize|p2|6\n|gen|9\n|tier|[Gen 9] VGC 2025 Reg G\n|rated|\n|rule|Species Clause: Limit one of each Pok\u00e9mon\n|rule|Item Clause: Limit 1 of each item\n|clearpoke\n|poke|p1|Terapagos, L50, M|\n|poke|p1|Iron Leaves, L50|\n|poke|p1|Iron Hands, L50|\n|poke|p1|Moltres, L50|\n|poke|p2|Landorus, L50, M|\n|poke|p2|Ditto, L50|\n|poke|p2|Raging Bolt, L50|\n|poke|p2|Whimsicott, L50, F|\n|poke|p2|Calyrex-Ice, L50|\n|poke|p2|Incineroar, L50, F|\n|teampreview|4\n|inactive|Battle timer is ON: inactive players will automatically lose when time's up. (requested by radiantwf4)\n|\n|t:|1739003680\n|start\n|switch|p1a: Terapagos|Terapagos, L50, M|100\/100\n|switch|p1b: Moltres|Moltres, L50|100\/100\n|switch|p2a: Whimsicott|Whimsicott, L50, F|100\/100\n|switch|p2b: Calyrex|Calyrex-Ice, L50|100\/100\n|-activate|p1a: Terapagos|ability: Tera Shift\n|detailschange|p1a: Terapagos|Terapagos-Terastal, L50, M\n|-heal|p1a: Terapagos|100\/100|[silent]\n|-ability|p2b: Calyrex|As One\n|-ability|p2b: Calyrex|Unnerve\n|turn|1\n|\n|t:|1739003696\n|-terastallize|p1a: Terapagos|Stellar\n|detailschange|p1a: Terapagos|Terapagos-Stellar, L50, M, tera:Stellar\n|-heal|p1a: Terapagos|100\/100|[silent]\n|move|p2a: Whimsicott|Tailwind|p2a: Whimsicott\n|-sidestart|p2: radiantwf4|move: Tailwind\n|move|p2b: Calyrex|Glacial Lance|p1b: Moltres|[spread] p1a,p1b\n|-damage|p1a: Terapagos|74\/100\n|-damage|p1b: Moltres|58\/100\n|move|p1b: Moltres|Will-O-Wisp|p2b: Calyrex\n|-status|p2b: Calyrex|brn\n|move|p1a: Terapagos|Tera Starstorm|p2b: Calyrex|[spread] p2a,p2b\n|-crit|p2a: Whimsicott\n|-damage|p2a: Whimsicott|32\/100\n|-damage|p2b: Calyrex|76\/100 brn\n|\n|-heal|p1a: Terapagos|80\/100|[from] item: Leftovers\n|-damage|p2b: Calyrex|70\/100 brn|[from] brn\n|upkeep\n|turn|2\n|\n|t:|1739003714\n|move|p2a: Whimsicott|Endeavor|p1a: Terapagos\n|-damage|p1a: Terapagos|15\/100\n|move|p2b: Calyrex|Glacial Lance|p1a: Terapagos|[spread] p1a,p1b\n|-crit|p1b: Moltres\n|-damage|p1a: Terapagos|0 fnt\n|-damage|p1b: Moltres|27\/100\n|faint|p1a: Terapagos\n|-ability|p2b: Calyrex|Chilling Neigh|boost\n|-boost|p2b: Calyrex|atk|1\n|move|p1b: Moltres|Roost|p1b: Moltres\n|-heal|p1b: Moltres|78\/100\n|-singleturn|p1b: Moltres|move: Roost\n|\n|-damage|p2b: Calyrex|64\/100 brn|[from] brn\n|upkeep\n|\n|t:|1739003738\n|switch|p1a: Iron Hands|Iron Hands, L50|100\/100\n|turn|3\n|\n|t:|1739003744\n|move|p1a: Iron Hands|Fake Out|p2a: Whimsicott\n|-damage|p2a: Whimsicott|7\/100\n|cant|p2a: Whimsicott|flinch\n|move|p2b: Calyrex|High Horsepower|p1a: Iron Hands\n|-supereffective|p1a: Iron Hands\n|-damage|p1a: Iron Hands|60\/100\n|move|p1b: Moltres|Flamethrower|p2a: Whimsicott\n|-supereffective|p2a: Whimsicott\n|-damage|p2a: Whimsicott|0 fnt\n|faint|p2a: Whimsicott\n|\n|-damage|p2b: Calyrex|57\/100 brn|[from] brn\n|upkeep\n|\n|t:|1739003751\n|switch|p2a: Ditto|Ditto, L50|100\/100\n|-transform|p2a: Ditto|p1b: Moltres|[from] ability: Imposter\n|turn|4\n|inactive|radiantwf4 has 30 seconds left.\n|\n|t:|1739003777\n|-terastallize|p2b: Calyrex|Water\n|move|p2a: Ditto|Flamethrower|p1a: Iron Hands\n|-damage|p1a: Iron Hands|41\/100\n|move|p2b: Calyrex|High Horsepower|p1a: Iron Hands\n|-supereffective|p1a: Iron Hands\n|-damage|p1a: Iron Hands|2\/100\n|move|p1b: Moltres|Flamethrower|p2b: Calyrex\n|-resisted|p2b: Calyrex\n|-damage|p2b: Calyrex|43\/100 brn\n|move|p1a: Iron Hands|Wild Charge|p2a: Ditto\n|-supereffective|p2a: Ditto\n|-damage|p2a: Ditto|4\/100\n|-damage|p1a: Iron Hands|0 fnt|[from] Recoil\n|faint|p1a: Iron Hands\n|-end|p1a: Iron Hands|Quark Drive|[silent]\n|\n|-damage|p2b: Calyrex|37\/100 brn|[from] brn\n|-sideend|p2: radiantwf4|move: Tailwind\n|upkeep\n|\n|t:|1739003780\n|switch|p1a: Iron Leaves|Iron Leaves, L50|100\/100\n|-enditem|p1a: Iron Leaves|Booster Energy\n|-activate|p1a: Iron Leaves|ability: Quark Drive|[fromitem]\n|-start|p1a: Iron Leaves|quarkdrivespe\n|turn|5\n|j| LightWatt\n|\n|t:|1739003795\n|move|p1a: Iron Leaves|Leaf Blade|p2b: Calyrex\n|-supereffective|p2b: Calyrex\n|-crit|p2b: Calyrex\n|-damage|p2b: Calyrex|0 fnt\n|faint|p2b: Calyrex\n|move|p2a: Ditto|Flamethrower|p1a: Iron Leaves\n|-supereffective|p1a: Iron Leaves\n|-damage|p1a: Iron Leaves|41\/100\n|move|p1b: Moltres|Air Slash|p2a: Ditto\n|-damage|p2a: Ditto|0 fnt\n|faint|p2a: Ditto\n|\n|upkeep\n|\n|t:|1739003800\n|switch|p2b: Landorus|Landorus, L50, M|100\/100\n|turn|6\n|\n|t:|1739003807\n|move|p1a: Iron Leaves|Leaf Blade|p2b: Landorus\n|-damage|p2b: Landorus|53\/100\n|move|p2b: Landorus|Earth Power|p1a: Iron Leaves\n|-resisted|p1a: Iron Leaves\n|-damage|p1a: Iron Leaves|9\/100\n|move|p1b: Moltres|Flamethrower|p2b: Landorus\n|-damage|p2b: Landorus|6\/100\n|\n|upkeep\n|turn|7\n|-message|radiantwf4 forfeited.\n|\n|win|Tempest brute\n|raw|Tempest brute's rating: 1577 &rarr; <strong>1599<\/strong><br \/>(+22 for winning)\n|raw|radiantwf4's rating: 1617 &rarr; <strong>1595<\/strong><br \/>(-22 for losing)\n|l|\u203dradiantwf4\n|player|p2|\n|l| LightWatt\n|l|\u2606Tempest brute\n|player|p1|\n","uploadtime":1739003950,"views":7,"formatid":"gen9vgc2025regg","rating":1595,"private":0,"password":null}