{"id":"gen9vgc2025regg-2296471200","format":"[Gen 9] VGC 2025 Reg G","players":["pigsprep","Emirnent"],"log":"|j|\u2606pigsprep\n|j|\u2606Emirnent\n|t:|1738965888\n|gametype|doubles\n|player|p1|pigsprep|arven-v|1619\n|player|p2|Emirnent|2|1641\n|teamsize|p1|6\n|teamsize|p2|6\n|gen|9\n|tier|[Gen 9] VGC 2025 Reg G\n|rated|\n|rule|Species Clause: Limit one of each Pok\u00e9mon\n|rule|Item Clause: Limit 1 of each item\n|clearpoke\n|poke|p1|Kyogre, L50|\n|poke|p1|Tornadus, L50, M|\n|poke|p1|Dondozo, L50, M|\n|poke|p1|Tatsugiri, L50, M|\n|poke|p1|Flutter Mane, L50|\n|poke|p1|Pikachu, L50, F|\n|poke|p2|Calyrex-Ice, L50|\n|poke|p2|Indeedee-F, L50, F|\n|poke|p2|Annihilape, L50, M|\n|poke|p2|Heatran, L50, M|\n|poke|p2|Sinistcha, L50|\n|poke|p2|Iron Valiant, L50|\n|teampreview|4\n|inactive|Battle timer is ON: inactive players will automatically lose when time's up. (requested by Emirnent)\n|inactive|Emirnent has 60 seconds left.\n|inactive|pigsprep also wants the timer to be on.\n|\n|t:|1738965932\n|start\n|switch|p1a: Kyogre|Kyogre, L50|100\/100\n|switch|p1b: Flutter Mane|Flutter Mane, L50|100\/100\n|switch|p2a: Calyrex|Calyrex-Ice, L50|100\/100\n|switch|p2b: Annihilape|Annihilape, L50, M|100\/100\n|-ability|p2a: Calyrex|As One\n|-ability|p2a: Calyrex|Unnerve\n|-weather|RainDance|[from] ability: Drizzle|[of] p1a: Kyogre\n|-enditem|p1b: Flutter Mane|Booster Energy\n|-activate|p1b: Flutter Mane|ability: Protosynthesis|[fromitem]\n|-start|p1b: Flutter Mane|protosynthesisspe\n|turn|1\n|\n|t:|1738965948\n|-terastallize|p1a: Kyogre|Ghost\n|-terastallize|p2a: Calyrex|Water\n|move|p1b: Flutter Mane|Moonblast|p2a: Calyrex\n|-damage|p2a: Calyrex|82\/100\n|-unboost|p2a: Calyrex|spa|1\n|move|p2b: Annihilape|Rage Fist|p1a: Kyogre\n|-supereffective|p1a: Kyogre\n|-damage|p1a: Kyogre|51\/100\n|move|p1a: Kyogre|Water Spout|p2b: Annihilape|[spread] p2a,p2b\n|-resisted|p2a: Calyrex\n|-damage|p2a: Calyrex|64\/100\n|-damage|p2b: Annihilape|26\/100\n|move|p2a: Calyrex|Seed Bomb|p1a: Kyogre\n|-damage|p1a: Kyogre|13\/100\n|\n|-weather|RainDance|[upkeep]\n|upkeep\n|turn|2\n|inactive|Emirnent has 30 seconds left.\n|\n|t:|1738965975\n|switch|p2b: Sinistcha|Sinistcha, L50|100\/100\n|-heal|p2a: Calyrex|89\/100|[from] ability: Hospitality|[of] p2b: Sinistcha\n|switch|p1a: Dondozo|Dondozo, L50, M|100\/100\n|move|p1b: Flutter Mane|Moonblast|p2b: Sinistcha\n|-damage|p2b: Sinistcha|60\/100\n|move|p2a: Calyrex|Glacial Lance|p1b: Flutter Mane|[spread] p1a,p1b\n|-resisted|p1a: Dondozo\n|-damage|p1a: Dondozo|77\/100\n|-damage|p1b: Flutter Mane|18\/100\n|\n|-weather|RainDance|[upkeep]\n|-heal|p1a: Dondozo|83\/100|[from] item: Leftovers\n|upkeep\n|turn|3\n|j| Funn yIy\n|\n|t:|1738965989\n|-end|p1b: Flutter Mane|Protosynthesis|[silent]\n|switch|p1b: Tatsugiri|Tatsugiri, L50, M|100\/100\n|-activate|p1b: Tatsugiri|ability: Commander|[of] p1a: Dondozo\n|-boost|p1a: Dondozo|atk|2\n|-boost|p1a: Dondozo|spa|2\n|-boost|p1a: Dondozo|spe|2\n|-boost|p1a: Dondozo|def|2\n|-boost|p1a: Dondozo|spd|2\n|switch|p2b: Annihilape|Annihilape, L50, M|26\/100\n|move|p1a: Dondozo|Wave Crash|p2b: Annihilape\n|-damage|p2b: Annihilape|0 fnt\n|faint|p2b: Annihilape\n|-damage|p1a: Dondozo|76\/100|[from] Recoil\n|move|p2a: Calyrex|Glacial Lance|p1b: Tatsugiri|[spread] p1a\n|-miss|p2a: Calyrex|p1b: Tatsugiri\n|-resisted|p1a: Dondozo\n|-damage|p1a: Dondozo|65\/100\n|\n|-weather|RainDance|[upkeep]\n|-heal|p1a: Dondozo|71\/100|[from] item: Leftovers\n|upkeep\n|\n|t:|1738965991\n|switch|p2b: Iron Valiant|Iron Valiant, L50|100\/100\n|-enditem|p2b: Iron Valiant|Booster Energy\n|-activate|p2b: Iron Valiant|ability: Quark Drive|[fromitem]\n|-start|p2b: Iron Valiant|quarkdrivespe\n|turn|4\n|\n|t:|1738965999\n|move|p2b: Iron Valiant|Disable|p1a: Dondozo\n|-start|p1a: Dondozo|Disable|Wave Crash\n|cant|p1a: Dondozo|Disable|Wave Crash\n|move|p2a: Calyrex|Seed Bomb|p1a: Dondozo\n|-supereffective|p1a: Dondozo\n|-damage|p1a: Dondozo|44\/100\n|\n|-weather|RainDance|[upkeep]\n|-heal|p1a: Dondozo|50\/100|[from] item: Leftovers\n|upkeep\n|turn|5\n|\n|t:|1738966005\n|move|p2b: Iron Valiant|Encore|p1a: Dondozo\n|-start|p1a: Dondozo|Encore\n|cant|p1a: Dondozo|Disable|Wave Crash\n|move|p2a: Calyrex|Seed Bomb|p1a: Dondozo\n|-supereffective|p1a: Dondozo\n|-damage|p1a: Dondozo|22\/100\n|\n|-weather|none\n|-heal|p1a: Dondozo|28\/100|[from] item: Leftovers\n|upkeep\n|turn|6\n|\n|t:|1738966012\n|move|p2b: Iron Valiant|Coaching|p2a: Calyrex\n|-boost|p2a: Calyrex|atk|1\n|-boost|p2a: Calyrex|def|1\n|-activate|p1a: Dondozo|move: Struggle\n|move|p1a: Dondozo|Struggle|p2b: Iron Valiant\n|-damage|p2b: Iron Valiant|72\/100\n|-damage|p1a: Dondozo|4\/100|[from] recoil\n|move|p2a: Calyrex|Seed Bomb|p1a: Dondozo\n|-supereffective|p1a: Dondozo\n|-damage|p1a: Dondozo|0 fnt\n|faint|p1a: Dondozo\n|-ability|p2a: Calyrex|Chilling Neigh|boost\n|-boost|p2a: Calyrex|atk|1\n|\n|upkeep\n|\n|t:|1738966021\n|switch|p1a: Flutter Mane|Flutter Mane, L50|18\/100\n|turn|7\n|\n|t:|1738966025\n|move|p2b: Iron Valiant|Moonblast|p1a: Flutter Mane\n|-damage|p1a: Flutter Mane|0 fnt\n|faint|p1a: Flutter Mane\n|-end|p1a: Flutter Mane|Protosynthesis|[silent]\n|move|p1b: Tatsugiri|Dragon Pulse|p2a: Calyrex\n|-damage|p2a: Calyrex|68\/100\n|move|p2a: Calyrex|Glacial Lance|p1b: Tatsugiri\n|-enditem|p1b: Tatsugiri|Focus Sash\n|-damage|p1b: Tatsugiri|1\/100\n|\n|upkeep\n|\n|t:|1738966028\n|switch|p1a: Kyogre|Kyogre, L50, tera:Ghost|13\/100\n|-weather|RainDance|[from] ability: Drizzle|[of] p1a: Kyogre\n|turn|8\n|-message|pigsprep forfeited.\n|\n|win|Emirnent\n|raw|pigsprep's rating: 1619 &rarr; <strong>1600<\/strong><br \/>(-19 for losing)\n|raw|Emirnent's rating: 1641 &rarr; <strong>1660<\/strong><br \/>(+19 for winning)\n|l|\u2606pigsprep\n|player|p1|\n|l|\u2606Emirnent\n|player|p2|\n|l| Funn yIy\n","uploadtime":1738966287,"views":12,"formatid":"gen9vgc2025regg","rating":1600,"private":0,"password":null}