{"id":"gen9vgc2025regg-2296697999","format":"[Gen 9] VGC 2025 Reg G","players":["ircktomfrd","ComputerYui"],"log":"|j|\u2606ircktomfrd\n|j|\u2606ComputerYui\n|t:|1738998738\n|gametype|doubles\n|player|p1|ircktomfrd|flannery|1585\n|player|p2|ComputerYui|101|1586\n|teamsize|p1|6\n|teamsize|p2|6\n|gen|9\n|tier|[Gen 9] VGC 2025 Reg G\n|rated|\n|rule|Species Clause: Limit one of each Pok\u00e9mon\n|rule|Item Clause: Limit 1 of each item\n|clearpoke\n|poke|p1|Torkoal, L50, F|\n|poke|p1|Garchomp, L50, F|\n|poke|p1|Regice, L50|\n|poke|p1|Regieleki, L50|\n|poke|p1|Gallade, L50, M|\n|poke|p1|Dialga-Origin, L50|\n|poke|p2|Armarouge, L50, M|\n|poke|p2|Indeedee-F, L50, F|\n|poke|p2|Koraidon, L50|\n|poke|p2|Whimsicott, L50, F|\n|poke|p2|Walking Wake, L50|\n|poke|p2|Scream Tail, L50|\n|teampreview|4\n|inactive|Battle timer is ON: inactive players will automatically lose when time's up. (requested by ircktomfrd)\n|inactive|ircktomfrd has 60 seconds left.\n|\n|t:|1738998772\n|start\n|switch|p1a: Regieleki|Regieleki, L50, shiny|100\/100\n|switch|p1b: Dialga|Dialga-Origin, L50, shiny|100\/100\n|switch|p2a: Scream Tail|Scream Tail, L50, shiny|100\/100\n|switch|p2b: Koraidon|Koraidon, L50|100\/100\n|-weather|SunnyDay|[from] ability: Orichalcum Pulse|[of] p2b: Koraidon\n|-activate|p2a: Scream Tail|ability: Protosynthesis\n|-start|p2a: Scream Tail|protosynthesisspe\n|-activate|p2b: Koraidon|Orichalcum Pulse|[source]\n|turn|1\n|inactive|ComputerYui has 30 seconds left.\n|inactive|ComputerYui has 20 seconds left.\n|inactive|ComputerYui has 15 seconds left.\n|inactive|ComputerYui has 10 seconds left.\n|inactive|ircktomfrd has 30 seconds left.\n|\n|t:|1738998823\n|-terastallize|p1a: Regieleki|Normal\n|move|p2b: Koraidon|Flare Blitz|p1a: Regieleki\n|-damage|p1a: Regieleki|0 fnt\n|faint|p1a: Regieleki\n|-damage|p2b: Koraidon|72\/100|[from] Recoil\n|move|p2a: Scream Tail|Crunch|p1b: Dialga\n|-damage|p1b: Dialga|91\/100\n|move|p1b: Dialga|Trick Room|p1b: Dialga\n|-fieldstart|move: Trick Room|[of] p1b: Dialga\n|\n|-weather|SunnyDay|[upkeep]\n|upkeep\n|\n|t:|1738998834\n|switch|p1a: Garchomp|Garchomp, L50, F, shiny|100\/100\n|turn|2\n|\n|t:|1738998848\n|switch|p2b: Indeedee|Indeedee-F, L50, F, shiny|100\/100\n|-fieldstart|move: Psychic Terrain|[from] ability: Psychic Surge|[of] p2b: Indeedee\n|-terastallize|p2a: Scream Tail|Water\n|move|p1b: Dialga|Flash Cannon|p2a: Scream Tail\n|-resisted|p2a: Scream Tail\n|-damage|p2a: Scream Tail|77\/100\n|move|p1a: Garchomp|Earthquake|p2a: Scream Tail|[spread] p2a,p2b\n|-activate|p1b: Dialga|ability: Telepathy\n|-damage|p2a: Scream Tail|21\/100\n|-damage|p2b: Indeedee|37\/100\n|-enditem|p2b: Indeedee|Eject Button\n|\n|t:|1738998862\n|switch|p2b: Armarouge|Armarouge, L50, M, shiny|100\/100\n|move|p2a: Scream Tail|Trick Room|p2a: Scream Tail\n|-fieldend|move: Trick Room\n|\n|-weather|SunnyDay|[upkeep]\n|upkeep\n|turn|3\n|c|\u2606ircktomfrd|oh lord\n|c|\u2606ircktomfrd|i did not know that gets trick room\n|\n|t:|1738998882\n|move|p2a: Scream Tail|Crunch|p2b: Armarouge\n|-supereffective|p2b: Armarouge\n|-damage|p2b: Armarouge|71\/100\n|-ability|p2b: Armarouge|Weak Armor|boost\n|-unboost|p2b: Armarouge|def|1\n|-boost|p2b: Armarouge|spe|2\n|-enditem|p2b: Armarouge|Weakness Policy\n|-boost|p2b: Armarouge|atk|2|[from] item: Weakness Policy\n|-boost|p2b: Armarouge|spa|2|[from] item: Weakness Policy\n|move|p2b: Armarouge|Expanding Force|p1a: Garchomp|[spread] p1a,p1b\n|-resisted|p1b: Dialga\n|-damage|p1a: Garchomp|0 fnt\n|-damage|p1b: Dialga|40\/100\n|faint|p1a: Garchomp\n|move|p1b: Dialga|Trick Room|p1b: Dialga\n|-fieldstart|move: Trick Room|[of] p1b: Dialga\n|\n|-weather|SunnyDay|[upkeep]\n|upkeep\n|c|\u2606ircktomfrd|oh lord\n|\n|t:|1738998893\n|switch|p1a: Gallade|Gallade, L50, M, shiny|100\/100\n|turn|4\n|inactive|ircktomfrd has 30 seconds left.\n|inactive|ComputerYui has 30 seconds left.\n|inactive|ircktomfrd has 20 seconds left.\n|j| numberonebosskfan\n|inactive|ircktomfrd has 15 seconds left.\n|inactive|ircktomfrd has 10 seconds left.\n|\n|t:|1738998939\n|move|p1a: Gallade|Sacred Sword|p2a: Scream Tail\n|-damage|p2a: Scream Tail|0 fnt\n|faint|p2a: Scream Tail\n|-end|p2a: Scream Tail|Protosynthesis|[silent]\n|move|p1b: Dialga|Draco Meteor|p2b: Armarouge\n|-damage|p2b: Armarouge|0 fnt\n|-unboost|p1b: Dialga|spa|2\n|faint|p2b: Armarouge\n|\n|-weather|SunnyDay|[upkeep]\n|upkeep\n|\n|t:|1738998952\n|switch|p2b: Indeedee|Indeedee-F, L50, F, shiny|37\/100\n|switch|p2a: Koraidon|Koraidon, L50|72\/100\n|-activate|p2a: Koraidon|ability: Orichalcum Pulse\n|turn|5\n|inactive|ircktomfrd has 30 seconds left.\n|\n|t:|1738998978\n|move|p2b: Indeedee|Follow Me|p2b: Indeedee\n|-singleturn|p2b: Indeedee|move: Follow Me\n|move|p1a: Gallade|Psycho Cut|p2b: Indeedee\n|-resisted|p2b: Indeedee\n|-damage|p2b: Indeedee|0 fnt\n|faint|p2b: Indeedee\n|move|p1b: Dialga|Draco Meteor|p2a: Koraidon|[miss]\n|-miss|p1b: Dialga|p2a: Koraidon\n|move|p2a: Koraidon|Flare Blitz|p1a: Gallade\n|-enditem|p1a: Gallade|Focus Sash\n|-damage|p1a: Gallade|1\/100\n|-status|p1a: Gallade|brn\n|-damage|p2a: Koraidon|45\/100|[from] Recoil\n|\n|-weather|none\n|-damage|p1a: Gallade|0 fnt|[from] brn\n|faint|p1a: Gallade\n|upkeep\n|turn|6\n|c|\u2606ircktomfrd|oh\n|c|\u2606ircktomfrd|my god\n|c|\u2606ircktomfrd|what a turn\n|\n|t:|1738998998\n|move|p1b: Dialga|Draco Meteor|p2a: Koraidon\n|-supereffective|p2a: Koraidon\n|-damage|p2a: Koraidon|0 fnt\n|-unboost|p1b: Dialga|spa|2\n|faint|p2a: Koraidon\n|\n|win|ircktomfrd\n|raw|ircktomfrd's rating: 1585 &rarr; <strong>1605<\/strong><br \/>(+20 for winning)\n|raw|ComputerYui's rating: 1586 &rarr; <strong>1566<\/strong><br \/>(-20 for losing)\n|c|\u2606ircktomfrd|ggwp\n|l|\u2606ComputerYui\n|player|p2|\n","uploadtime":1738999008,"views":13,"formatid":"gen9vgc2025regg","rating":1566,"private":0,"password":null}