{"id":"gen9vgc2025regg-2296464552","format":"[Gen 9] VGC 2025 Reg G","players":["caZISA","namboyVGC"],"log":"|j|\u2606caZISA\n|j|\u2606namboyVGC\n|t:|1738965124\n|gametype|doubles\n|player|p1|caZISA|red|1686\n|player|p2|namboyVGC|ethan|1638\n|teamsize|p1|6\n|teamsize|p2|6\n|gen|9\n|tier|[Gen 9] VGC 2025 Reg G\n|rated|\n|rule|Species Clause: Limit one of each Pok\u00e9mon\n|rule|Item Clause: Limit 1 of each item\n|clearpoke\n|poke|p1|Calyrex-Ice, L50|\n|poke|p1|Urshifu-*, L50, F|\n|poke|p1|Raging Bolt, L50|\n|poke|p1|Rillaboom, L50, M|\n|poke|p1|Torkoal, L50, M|\n|poke|p1|Smeargle, L50, M|\n|poke|p2|Chi-Yu, L50|\n|poke|p2|Flutter Mane, L50|\n|poke|p2|Groudon, L50|\n|poke|p2|Gouging Fire, L50|\n|poke|p2|Walking Wake, L50|\n|poke|p2|Whimsicott, L50, F|\n|teampreview|4\n|inactive|Battle timer is ON: inactive players will automatically lose when time's up. (requested by namboyVGC)\n|c|\u2606caZISA|glhf\n|inactive|caZISA has 60 seconds left.\n|inactive|namboyVGC has 60 seconds left.\n|\n|t:|1738965174\n|start\n|switch|p1a: Smeargle|Smeargle, L50, M|100\/100\n|switch|p1b: Calyrex|Calyrex-Ice, L50|100\/100\n|switch|p2a: Chi-Yu|Chi-Yu, L50|100\/100\n|switch|p2b: Whimsicott|Whimsicott, L50, F|100\/100\n|-ability|p1b: Calyrex|As One\n|-ability|p1b: Calyrex|Unnerve\n|-ability|p2a: Chi-Yu|Beads of Ruin\n|turn|1\n|\n|t:|1738965190\n|-terastallize|p1b: Calyrex|Fire\n|move|p1a: Smeargle|Fake Out|p2a: Chi-Yu\n|-damage|p2a: Chi-Yu|91\/100\n|move|p2b: Whimsicott|Sunny Day|p2b: Whimsicott\n|-weather|SunnyDay\n|cant|p2a: Chi-Yu|flinch\n|move|p1b: Calyrex|High Horsepower|p2a: Chi-Yu\n|-supereffective|p2a: Chi-Yu\n|-damage|p2a: Chi-Yu|0 fnt\n|faint|p2a: Chi-Yu\n|-ability|p1b: Calyrex|Chilling Neigh|boost\n|-boost|p1b: Calyrex|atk|1\n|\n|-weather|SunnyDay|[upkeep]\n|-ability|p1a: Smeargle|Moody|boost\n|-boost|p1a: Smeargle|spa|2\n|-unboost|p1a: Smeargle|def|1\n|upkeep\n|\n|t:|1738965205\n|switch|p2a: Groudon|Groudon, L50|100\/100\n|turn|2\n|\n|t:|1738965210\n|move|p1a: Smeargle|Wide Guard|p1a: Smeargle\n|-singleturn|p1a: Smeargle|Wide Guard\n|move|p2b: Whimsicott|Encore|p1b: Calyrex\n|-start|p1b: Calyrex|Encore\n|move|p2a: Groudon|Precipice Blades|p1b: Calyrex|[spread] \n|-activate|p1a: Smeargle|move: Wide Guard\n|-activate|p1b: Calyrex|move: Wide Guard\n|move|p1b: Calyrex|High Horsepower|p2a: Groudon\n|-damage|p2a: Groudon|62\/100\n|\n|-weather|SunnyDay|[upkeep]\n|-ability|p1a: Smeargle|Moody|boost\n|-boost|p1a: Smeargle|spa|2\n|-unboost|p1a: Smeargle|atk|1\n|upkeep\n|turn|3\n|\n|t:|1738965234\n|switch|p1b: Torkoal|Torkoal, L50, M|100\/100\n|move|p2b: Whimsicott|Moonblast|p1a: Smeargle\n|-crit|p1a: Smeargle\n|-enditem|p1a: Smeargle|Focus Sash\n|-damage|p1a: Smeargle|1\/100\n|-unboost|p1a: Smeargle|spa|1\n|move|p1a: Smeargle|Spore|p2a: Groudon\n|-status|p2a: Groudon|slp|[from] move: Spore\n|cant|p2a: Groudon|slp\n|\n|-weather|SunnyDay|[upkeep]\n|-ability|p1a: Smeargle|Moody|boost\n|-boost|p1a: Smeargle|def|2\n|-unboost|p1a: Smeargle|atk|1\n|upkeep\n|turn|4\n|inactive|namboyVGC has 30 seconds left.\n|\n|t:|1738965260\n|-terastallize|p2a: Groudon|Fire\n|move|p1a: Smeargle|Wide Guard|p1a: Smeargle\n|-singleturn|p1a: Smeargle|Wide Guard\n|move|p2b: Whimsicott|Moonblast|p1a: Smeargle\n|-damage|p1a: Smeargle|0 fnt\n|faint|p1a: Smeargle\n|-curestatus|p2a: Groudon|slp|[msg]\n|move|p2a: Groudon|Precipice Blades|p1b: Torkoal\n|-activate|p1b: Torkoal|move: Wide Guard\n|move|p1b: Torkoal|Eruption|p2a: Groudon|[spread] p2a,p2b\n|-resisted|p2a: Groudon\n|-supereffective|p2b: Whimsicott\n|-damage|p2a: Groudon|33\/100\n|-damage|p2b: Whimsicott|0 fnt\n|faint|p2b: Whimsicott\n|\n|-weather|SunnyDay|[upkeep]\n|upkeep\n|\n|t:|1738965273\n|switch|p2b: Gouging Fire|Gouging Fire, L50|100\/100\n|switch|p1a: Raging Bolt|Raging Bolt, L50|100\/100\n|-activate|p2b: Gouging Fire|ability: Protosynthesis\n|-start|p2b: Gouging Fire|protosynthesisspe\n|-activate|p1a: Raging Bolt|ability: Protosynthesis\n|-start|p1a: Raging Bolt|protosynthesisspa\n|turn|5\n|\n|t:|1738965281\n|switch|p1b: Calyrex|Calyrex-Ice, L50, tera:Fire|100\/100\n|-ability|p1b: Calyrex|As One\n|-ability|p1b: Calyrex|Unnerve\n|move|p1a: Raging Bolt|Thunderclap|p2a: Groudon\n|-damage|p2a: Groudon|0 fnt\n|faint|p2a: Groudon\n|-damage|p1a: Raging Bolt|91\/100|[from] item: Life Orb\n|move|p2b: Gouging Fire|Howl|p2b: Gouging Fire\n|-boost|p2b: Gouging Fire|atk|1\n|\n|-weather|none\n|-end|p2b: Gouging Fire|Protosynthesis\n|-end|p1a: Raging Bolt|Protosynthesis\n|upkeep\n|turn|6\n|-message|namboyVGC forfeited.\n|\n|win|caZISA\n|raw|caZISA's rating: 1686 &rarr; <strong>1703<\/strong><br \/>(+17 for winning)\n|raw|namboyVGC's rating: 1638 &rarr; <strong>1621<\/strong><br \/>(-17 for losing)\n|l|\u2606namboyVGC\n|player|p2|\n|l|\u2606caZISA\n|player|p1|\n","uploadtime":1738965575,"views":25,"formatid":"gen9vgc2025regg","rating":1621,"private":0,"password":null}