{"id":"gen9vgc2025regg-2296246567","format":"[Gen 9] VGC 2025 Reg G","players":["Beccca","Yung Trav"],"log":"|j|\u2606Beccca\n|j|\u2606Yung Trav\n|t:|1738942757\n|gametype|doubles\n|player|p1|Beccca|102|1620\n|player|p2|Yung Trav|1|1580\n|teamsize|p1|6\n|teamsize|p2|6\n|gen|9\n|tier|[Gen 9] VGC 2025 Reg G\n|rated|\n|rule|Species Clause: Limit one of each Pok\u00e9mon\n|rule|Item Clause: Limit 1 of each item\n|clearpoke\n|poke|p1|Zamazenta-*, L50|\n|poke|p1|Chien-Pao, L50|\n|poke|p1|Tyranitar, L50, M|\n|poke|p1|Landorus, L50, M|\n|poke|p1|Amoonguss, L50, M|\n|poke|p1|Flutter Mane, L50|\n|poke|p2|Calyrex-Ice, L50|\n|poke|p2|Regidrago, L50|\n|poke|p2|Smeargle, L50, M|\n|poke|p2|Farigiraf, L50, M|\n|poke|p2|Urshifu-*, L50, M|\n|poke|p2|Ogerpon-Cornerstone, L50, F|\n|teampreview|4\n|\n|t:|1738942792\n|start\n|switch|p1a: Tyranitar|Tyranitar, L50, M|100\/100\n|switch|p1b: Flutter Mane|Flutter Mane, L50|100\/100\n|switch|p2a: Calyrex|Calyrex-Ice, L50|100\/100\n|switch|p2b: Smeargle|Smeargle, L50, M, shiny|100\/100\n|-ability|p2a: Calyrex|As One\n|-ability|p2a: Calyrex|Unnerve\n|-weather|Sandstorm|[from] ability: Sand Stream|[of] p1a: Tyranitar\n|-enditem|p1b: Flutter Mane|Booster Energy\n|-activate|p1b: Flutter Mane|ability: Protosynthesis|[fromitem]\n|-start|p1b: Flutter Mane|protosynthesisspe\n|turn|1\n|inactive|Battle timer is ON: inactive players will automatically lose when time's up. (requested by Beccca)\n|\n|t:|1738942846\n|-terastallize|p2a: Calyrex|Water\n|move|p2b: Smeargle|Follow Me|p2b: Smeargle\n|-singleturn|p2b: Smeargle|move: Follow Me\n|move|p1b: Flutter Mane|Moonblast|p2b: Smeargle\n|-damage|p2b: Smeargle|13\/100\n|move|p1a: Tyranitar|Knock Off|p2b: Smeargle\n|-damage|p2b: Smeargle|0 fnt\n|-enditem|p2b: Smeargle|Focus Sash|[from] move: Knock Off|[of] p1a: Tyranitar\n|faint|p2b: Smeargle\n|move|p2a: Calyrex|Trick Room|p2a: Calyrex\n|-fieldstart|move: Trick Room|[of] p2a: Calyrex\n|\n|-weather|Sandstorm|[upkeep]\n|-damage|p2a: Calyrex|95\/100|[from] Sandstorm\n|-damage|p1b: Flutter Mane|95\/100|[from] Sandstorm\n|upkeep\n|\n|t:|1738942863\n|switch|p2b: Regidrago|Regidrago, L50, shiny|100\/100\n|turn|2\n|\n|t:|1738942873\n|move|p1a: Tyranitar|Protect|p1a: Tyranitar\n|-singleturn|p1a: Tyranitar|Protect\n|move|p1b: Flutter Mane|Protect|p1b: Flutter Mane\n|-singleturn|p1b: Flutter Mane|Protect\n|move|p2b: Regidrago|Earth Power|p1b: Flutter Mane\n|-activate|p1b: Flutter Mane|move: Protect\n|move|p2a: Calyrex|Glacial Lance|p1b: Flutter Mane|[spread] \n|-activate|p1a: Tyranitar|move: Protect\n|-activate|p1b: Flutter Mane|move: Protect\n|\n|-weather|Sandstorm|[upkeep]\n|-damage|p2b: Regidrago|94\/100|[from] Sandstorm\n|-damage|p2a: Calyrex|89\/100|[from] Sandstorm\n|-damage|p1b: Flutter Mane|89\/100|[from] Sandstorm\n|upkeep\n|turn|3\n|inactive|Beccca has 30 seconds left.\n|inactive|Yung Trav has 30 seconds left.\n|inactive|Beccca has 20 seconds left.\n|inactive|Beccca has 15 seconds left.\n|\n|t:|1738942917\n|move|p2b: Regidrago|Dragon Energy|p1a: Tyranitar|[spread] p1a\n|-immune|p1b: Flutter Mane\n|-crit|p1a: Tyranitar\n|-damage|p1a: Tyranitar|20\/100\n|move|p2a: Calyrex|Glacial Lance|p1b: Flutter Mane|[spread] p1a,p1b\n|-damage|p1a: Tyranitar|0 fnt\n|-damage|p1b: Flutter Mane|2\/100\n|faint|p1a: Tyranitar\n|-ability|p2a: Calyrex|Chilling Neigh|boost\n|-boost|p2a: Calyrex|atk|1\n|move|p1b: Flutter Mane|Moonblast|p2b: Regidrago\n|-supereffective|p2b: Regidrago\n|-damage|p2b: Regidrago|0 fnt\n|faint|p2b: Regidrago\n|\n|-weather|Sandstorm|[upkeep]\n|-damage|p2a: Calyrex|83\/100|[from] Sandstorm\n|-damage|p1b: Flutter Mane|0 fnt|[from] Sandstorm\n|faint|p1b: Flutter Mane\n|-end|p1b: Flutter Mane|Protosynthesis|[silent]\n|upkeep\n|\n|t:|1738942937\n|switch|p2b: Ogerpon|Ogerpon-Cornerstone, L50, F|100\/100\n|switch|p1a: Zamazenta|Zamazenta-Crowned, L50|100\/100\n|switch|p1b: Chien-Pao|Chien-Pao, L50|100\/100\n|-ability|p1a: Zamazenta|Dauntless Shield|boost\n|-boost|p1a: Zamazenta|def|1\n|-ability|p1b: Chien-Pao|Sword of Ruin\n|turn|4\n|\n|t:|1738942956\n|move|p1a: Zamazenta|Protect|p1a: Zamazenta\n|-singleturn|p1a: Zamazenta|Protect\n|move|p1b: Chien-Pao|Protect|p1b: Chien-Pao\n|-singleturn|p1b: Chien-Pao|Protect\n|move|p2a: Calyrex|High Horsepower|p1b: Chien-Pao\n|-activate|p1b: Chien-Pao|move: Protect\n|move|p2b: Ogerpon|Ivy Cudgel|p1b: Chien-Pao|[anim] Ivy Cudgel Rock\n|-activate|p1b: Chien-Pao|move: Protect\n|\n|-weather|Sandstorm|[upkeep]\n|-damage|p2a: Calyrex|77\/100|[from] Sandstorm\n|upkeep\n|turn|5\n|inactive|Beccca has 30 seconds left.\n|inactive|Yung Trav has 30 seconds left.\n|\n|t:|1738942986\n|-terastallize|p1b: Chien-Pao|Ghost\n|move|p2b: Ogerpon|Follow Me|p2b: Ogerpon\n|-singleturn|p2b: Ogerpon|move: Follow Me\n|move|p1b: Chien-Pao|Sucker Punch||[still]\n|-fail|p1b: Chien-Pao\n|move|p2a: Calyrex|High Horsepower|p1a: Zamazenta\n|-supereffective|p1a: Zamazenta\n|-damage|p1a: Zamazenta|38\/100\n|move|p1a: Zamazenta|Body Press|p2b: Ogerpon\n|-supereffective|p2b: Ogerpon\n|-ability|p2b: Ogerpon|Sturdy\n|-damage|p2b: Ogerpon|1\/100\n|\n|-weather|none\n|-fieldend|move: Trick Room\n|upkeep\n|turn|6\n|inactive|Yung Trav has 30 seconds left.\n|\n|t:|1738943014\n|move|p1b: Chien-Pao|Throat Chop|p2a: Calyrex\n|-damage|p2a: Calyrex|42\/100\n|-start|p2a: Calyrex|Throat Chop|[silent]\n|move|p2b: Ogerpon|Ivy Cudgel|p1b: Chien-Pao|[anim] Ivy Cudgel Rock\n|-damage|p1b: Chien-Pao|25\/100\n|move|p1a: Zamazenta|Body Press|p2a: Calyrex\n|-damage|p2a: Calyrex|0 fnt\n|faint|p2a: Calyrex\n|\n|upkeep\n|turn|7\n|-message|Yung Trav forfeited.\n|\n|win|Beccca\n|raw|Beccca's rating: 1620 &rarr; <strong>1638<\/strong><br \/>(+18 for winning)\n|raw|Yung Trav's rating: 1580 &rarr; <strong>1562<\/strong><br \/>(-18 for losing)\n|l|\u2606Yung Trav\n|player|p2|\n|j|\u2606Yung Trav\n|player|p2|Yung Trav|1|\n|l|\u2606Yung Trav\n|player|p2|\n|l|\u2606Beccca\n|player|p1|\n","uploadtime":1738943193,"views":5,"formatid":"gen9vgc2025regg","rating":1562,"private":0,"password":null}