{"id":"gen9vgc2025regg-2296166681","format":"[Gen 9] VGC 2025 Reg G","players":["give-upVGC","lichuvgc"],"log":"|j|\u2606give-upVGC\n|j|\u2606lichuvgc\n|t:|1738933635\n|gametype|doubles\n|player|p1|give-upVGC|101|1562\n|player|p2|lichuvgc|265|1579\n|teamsize|p1|6\n|teamsize|p2|6\n|gen|9\n|tier|[Gen 9] VGC 2025 Reg G\n|rated|\n|rule|Species Clause: Limit one of each Pok\u00e9mon\n|rule|Item Clause: Limit 1 of each item\n|clearpoke\n|poke|p1|Calyrex-Ice, L50|\n|poke|p1|Ogerpon-Wellspring, L50, F|\n|poke|p1|Urshifu-*, L50, M|\n|poke|p1|Smeargle, L50, M|\n|poke|p1|Tornadus, L50, M|\n|poke|p1|Chi-Yu, L50|\n|poke|p2|Calyrex-Ice, L50|\n|poke|p2|Urshifu-*, L50, F|\n|poke|p2|Smeargle, L50, F|\n|poke|p2|Farigiraf, L50, M|\n|poke|p2|Ursaluna-Bloodmoon, L50, M|\n|poke|p2|Torkoal, L50, F|\n|teampreview|4\n|\n|t:|1738933669\n|start\n|switch|p1a: Tornadus|Tornadus, L50, M|100\/100\n|switch|p1b: Chi-Yu|Chi-Yu, L50|100\/100\n|switch|p2a: Smeargle|Smeargle, L50, F|100\/100\n|switch|p2b: Farigiraf|Farigiraf, L50, M|100\/100\n|-ability|p1b: Chi-Yu|Beads of Ruin\n|turn|1\n|\n|t:|1738933705\n|-terastallize|p2b: Farigiraf|Fire\n|move|p2a: Smeargle|Wide Guard|p2a: Smeargle\n|-singleturn|p2a: Smeargle|Wide Guard\n|move|p1b: Chi-Yu|Heat Wave|p2a: Smeargle|[spread] \n|-activate|p2a: Smeargle|move: Wide Guard\n|-activate|p2b: Farigiraf|move: Wide Guard\n|move|p1a: Tornadus|Bleakwind Storm|p2a: Smeargle|[spread] \n|-activate|p2a: Smeargle|move: Wide Guard\n|-activate|p2b: Farigiraf|move: Wide Guard\n|move|p2b: Farigiraf|Trick Room|p2b: Farigiraf\n|-fieldstart|move: Trick Room|[of] p2b: Farigiraf\n|\n|-ability|p2a: Smeargle|Moody|boost\n|-boost|p2a: Smeargle|spd|2\n|-unboost|p2a: Smeargle|atk|1\n|-enditem|p2a: Smeargle|Eject Pack\n|upkeep\n|\n|t:|1738933748\n|switch|p2a: Torkoal|Torkoal, L50, F|100\/100\n|-weather|SunnyDay|[from] ability: Drought|[of] p2a: Torkoal\n|turn|2\n|\n|t:|1738933757\n|move|p2a: Torkoal|Earth Power|p1b: Chi-Yu\n|-supereffective|p1b: Chi-Yu\n|-damage|p1b: Chi-Yu|6\/100\n|-unboost|p1b: Chi-Yu|spd|1\n|move|p2b: Farigiraf|Foul Play|p1b: Chi-Yu\n|-resisted|p1b: Chi-Yu\n|-damage|p1b: Chi-Yu|0 fnt\n|faint|p1b: Chi-Yu\n|move|p1a: Tornadus|Bleakwind Storm|p2a: Torkoal|[spread] p2a,p2b\n|-damage|p2a: Torkoal|51\/100\n|-damage|p2b: Farigiraf|70\/100\n|\n|-weather|SunnyDay|[upkeep]\n|upkeep\n|\n|t:|1738933767\n|switch|p1b: Calyrex|Calyrex-Ice, L50|100\/100\n|-ability|p1b: Calyrex|As One\n|-ability|p1b: Calyrex|Unnerve\n|turn|3\n|\n|t:|1738933775\n|switch|p2a: Calyrex|Calyrex-Ice, L50|100\/100\n|-ability|p2a: Calyrex|As One\n|-ability|p2a: Calyrex|Unnerve\n|-terastallize|p1b: Calyrex|Fire\n|move|p2b: Farigiraf|Foul Play|p1b: Calyrex\n|-damage|p1b: Calyrex|75\/100\n|move|p1a: Tornadus|Bleakwind Storm|p2a: Calyrex|[spread] p2a,p2b\n|-damage|p2a: Calyrex|75\/100\n|-damage|p2b: Farigiraf|40\/100\n|move|p1b: Calyrex|Trick Room|p1b: Calyrex\n|-fieldend|move: Trick Room\n|\n|-weather|SunnyDay|[upkeep]\n|upkeep\n|turn|4\n|\n|t:|1738933798\n|move|p1a: Tornadus|Bleakwind Storm|p2a: Calyrex|[spread] p2a\n|-miss|p1a: Tornadus|p2b: Farigiraf\n|-damage|p2a: Calyrex|47\/100\n|move|p1b: Calyrex|Glacial Lance|p2b: Farigiraf|[spread] p2a,p2b\n|-resisted|p2a: Calyrex\n|-crit|p2a: Calyrex\n|-resisted|p2b: Farigiraf\n|-damage|p2a: Calyrex|24\/100\n|-damage|p2b: Farigiraf|15\/100\n|move|p2a: Calyrex|Glacial Lance|p1a: Tornadus|[spread] p1a,p1b\n|-supereffective|p1a: Tornadus\n|-resisted|p1b: Calyrex\n|-damage|p1a: Tornadus|0 fnt\n|-damage|p1b: Calyrex|58\/100\n|faint|p1a: Tornadus\n|-ability|p2a: Calyrex|Chilling Neigh|boost\n|-boost|p2a: Calyrex|atk|1\n|move|p2b: Farigiraf|Trick Room|p2b: Farigiraf\n|-fieldstart|move: Trick Room|[of] p2b: Farigiraf\n|\n|-weather|SunnyDay|[upkeep]\n|upkeep\n|\n|t:|1738933802\n|switch|p1a: Urshifu|Urshifu, L50, M|100\/100\n|turn|5\n|\n|t:|1738933833\n|move|p2a: Calyrex|Protect|p2a: Calyrex\n|-singleturn|p2a: Calyrex|Protect\n|move|p1a: Urshifu|Detect|p1a: Urshifu\n|-singleturn|p1a: Urshifu|Protect\n|move|p2b: Farigiraf|Foul Play|p1b: Calyrex\n|-damage|p1b: Calyrex|32\/100\n|move|p1b: Calyrex|Glacial Lance|p2a: Calyrex|[spread] p2b\n|-activate|p2a: Calyrex|move: Protect\n|-resisted|p2b: Farigiraf\n|-damage|p2b: Farigiraf|0 fnt\n|faint|p2b: Farigiraf\n|-ability|p1b: Calyrex|Chilling Neigh|boost\n|-boost|p1b: Calyrex|atk|1\n|\n|-weather|SunnyDay|[upkeep]\n|upkeep\n|\n|t:|1738933847\n|switch|p2b: Smeargle|Smeargle, L50, F|100\/100\n|turn|6\n|\n|t:|1738933860\n|move|p1a: Urshifu|Sucker Punch|p2a: Calyrex\n|-supereffective|p2a: Calyrex\n|-damage|p2a: Calyrex|0 fnt\n|-enditem|p1b: Calyrex|Sitrus Berry|[eat]\n|-heal|p1b: Calyrex|57\/100|[from] item: Sitrus Berry\n|faint|p2a: Calyrex\n|-damage|p1a: Urshifu|91\/100|[from] item: Life Orb\n|move|p1b: Calyrex|Glacial Lance|p2b: Smeargle\n|-damage|p2b: Smeargle|0 fnt\n|faint|p2b: Smeargle\n|-ability|p1b: Calyrex|Chilling Neigh|boost\n|-boost|p1b: Calyrex|atk|1\n|\n|-weather|none\n|upkeep\n|-message|lichuvgc forfeited.\n|\n|win|give-upVGC\n|raw|give-upVGC's rating: 1562 &rarr; <strong>1583<\/strong><br \/>(+21 for winning)\n|raw|lichuvgc's rating: 1579 &rarr; <strong>1558<\/strong><br \/>(-21 for losing)\n|l|\u2606lichuvgc\n|player|p2|\n|l|\u2606give-upVGC\n|player|p1|\n","uploadtime":1738934026,"views":6,"formatid":"gen9vgc2025regg","rating":1558,"private":0,"password":null}