{"id":"gen9vgc2025regg-2296459753","format":"[Gen 9] VGC 2025 Reg G","players":["Forbranna","namboyVGC"],"log":"|j|\u2606Forbranna\n|j|\u2606namboyVGC\n|t:|1738964585\n|gametype|doubles\n|player|p1|Forbranna|clair|1578\n|player|p2|namboyVGC|ethan|1646\n|teamsize|p1|6\n|teamsize|p2|6\n|gen|9\n|tier|[Gen 9] VGC 2025 Reg G\n|rated|\n|rule|Species Clause: Limit one of each Pok\u00e9mon\n|rule|Item Clause: Limit 1 of each item\n|clearpoke\n|poke|p1|Grimmsnarl, L50, M|\n|poke|p1|Chi-Yu, L50|\n|poke|p1|Koraidon, L50|\n|poke|p1|Flutter Mane, L50|\n|poke|p1|Raging Bolt, L50|\n|poke|p1|Ogerpon-Cornerstone, L50, F|\n|poke|p2|Chi-Yu, L50|\n|poke|p2|Flutter Mane, L50|\n|poke|p2|Groudon, L50|\n|poke|p2|Gouging Fire, L50|\n|poke|p2|Walking Wake, L50|\n|poke|p2|Whimsicott, L50, M|\n|teampreview|4\n|inactive|Battle timer is ON: inactive players will automatically lose when time's up. (requested by namboyVGC)\n|inactive|Forbranna also wants the timer to be on.\n|j| 2-2-2 Ape\n|\n|t:|1738964610\n|start\n|switch|p1a: Einstein|Grimmsnarl, L50, M, shiny|100\/100\n|switch|p1b: Joan of Arc|Ogerpon-Cornerstone, L50, F|100\/100\n|switch|p2a: Groudon|Groudon, L50|100\/100\n|switch|p2b: Gouging Fire|Gouging Fire, L50|100\/100\n|-weather|SunnyDay|[from] ability: Drought|[of] p2a: Groudon\n|-activate|p2b: Gouging Fire|ability: Protosynthesis\n|-start|p2b: Gouging Fire|protosynthesisspe\n|turn|1\n|\n|t:|1738964627\n|move|p1b: Joan of Arc|Spiky Shield|p1b: Joan of Arc\n|-singleturn|p1b: Joan of Arc|move: Protect\n|move|p1a: Einstein|Reflect|p1a: Einstein\n|-sidestart|p1: Forbranna|Reflect\n|move|p2b: Gouging Fire|Howl|p2b: Gouging Fire|[spread] p2a,p2b\n|-boost|p2a: Groudon|atk|1\n|-boost|p2b: Gouging Fire|atk|1\n|move|p2a: Groudon|Precipice Blades|p1b: Joan of Arc|[spread] p1a\n|-activate|p1b: Joan of Arc|move: Protect\n|-damage|p1a: Einstein|48\/100\n|\n|-weather|SunnyDay|[upkeep]\n|upkeep\n|turn|2\n|\n|t:|1738964643\n|move|p1a: Einstein|Thunder Wave|p2b: Gouging Fire\n|-status|p2b: Gouging Fire|par\n|move|p1b: Joan of Arc|Horn Leech|p2a: Groudon\n|-supereffective|p2a: Groudon\n|-damage|p2a: Groudon|45\/100\n|move|p2b: Gouging Fire|Breaking Swipe|p1a: Einstein|[spread] p1b\n|-immune|p1a: Einstein\n|-damage|p1b: Joan of Arc|72\/100\n|-unboost|p1b: Joan of Arc|atk|1\n|move|p2a: Groudon|Precipice Blades|p1b: Joan of Arc|[spread] p1a,p1b\n|-damage|p1a: Einstein|0 fnt\n|-damage|p1b: Joan of Arc|0 fnt\n|faint|p1a: Einstein\n|faint|p1b: Joan of Arc\n|\n|-weather|SunnyDay|[upkeep]\n|upkeep\n|j| BionicFox\n|\n|t:|1738964662\n|switch|p1b: Queen Mary I|Flutter Mane, L50|100\/100\n|switch|p1a: Moctezuma|Koraidon, L50|100\/100\n|-activate|p1a: Moctezuma|ability: Orichalcum Pulse\n|-activate|p1b: Queen Mary I|ability: Protosynthesis\n|-start|p1b: Queen Mary I|protosynthesisspe\n|turn|3\n|\n|t:|1738964678\n|-terastallize|p1a: Moctezuma|Fire\n|move|p1b: Queen Mary I|Icy Wind|p2b: Gouging Fire|[spread] p2a,p2b\n|-supereffective|p2a: Groudon\n|-damage|p2a: Groudon|28\/100\n|-damage|p2b: Gouging Fire|86\/100 par\n|-unboost|p2a: Groudon|spe|1\n|move|p1a: Moctezuma|Collision Course|p2a: Groudon\n|-damage|p2a: Groudon|0 fnt\n|faint|p2a: Groudon\n|move|p2b: Gouging Fire|Flare Blitz|p1b: Queen Mary I\n|-enditem|p1b: Queen Mary I|Focus Sash\n|-damage|p1b: Queen Mary I|1\/100\n|-damage|p2b: Gouging Fire|64\/100 par|[from] Recoil\n|\n|-weather|SunnyDay|[upkeep]\n|upkeep\n|\n|t:|1738964701\n|switch|p2a: Flutter Mane|Flutter Mane, L50|100\/100\n|-activate|p2a: Flutter Mane|ability: Protosynthesis\n|-start|p2a: Flutter Mane|protosynthesisspe\n|turn|4\n|\n|t:|1738964714\n|move|p1b: Queen Mary I|Protect|p1b: Queen Mary I\n|-singleturn|p1b: Queen Mary I|Protect\n|move|p2a: Flutter Mane|Dazzling Gleam|p1a: Moctezuma|[spread] p1a\n|-activate|p1b: Queen Mary I|move: Protect\n|-resisted|p1a: Moctezuma\n|-damage|p1a: Moctezuma|79\/100\n|move|p1a: Moctezuma|Collision Course|p2b: Gouging Fire\n|-damage|p2b: Gouging Fire|9\/100 par\n|move|p2b: Gouging Fire|Breaking Swipe|p1a: Moctezuma|[spread] p1a\n|-activate|p1b: Queen Mary I|move: Protect\n|-damage|p1a: Moctezuma|63\/100\n|\n|-weather|SunnyDay|[upkeep]\n|upkeep\n|turn|5\n|\n|t:|1738964737\n|move|p2b: Gouging Fire|Burning Bulwark|p2b: Gouging Fire\n|-singleturn|p2b: Gouging Fire|move: Protect\n|move|p1b: Queen Mary I|Moonblast|p2b: Gouging Fire\n|-activate|p2b: Gouging Fire|move: Protect\n|move|p2a: Flutter Mane|Dazzling Gleam|p1b: Queen Mary I|[spread] p1a,p1b\n|-resisted|p1a: Moctezuma\n|-damage|p1a: Moctezuma|41\/100\n|-damage|p1b: Queen Mary I|0 fnt\n|faint|p1b: Queen Mary I\n|-end|p1b: Queen Mary I|Protosynthesis|[silent]\n|move|p1a: Moctezuma|Flame Charge|p2a: Flutter Mane\n|-damage|p2a: Flutter Mane|0 fnt\n|-boost|p1a: Moctezuma|spe|1\n|faint|p2a: Flutter Mane\n|-end|p2a: Flutter Mane|Protosynthesis|[silent]\n|\n|-weather|none\n|-end|p2b: Gouging Fire|Protosynthesis\n|upkeep\n|\n|t:|1738964751\n|switch|p2a: Chi-Yu|Chi-Yu, L50|100\/100\n|-ability|p2a: Chi-Yu|Beads of Ruin\n|turn|6\n|\n|t:|1738964766\n|-terastallize|p2a: Chi-Yu|Ghost\n|move|p1a: Moctezuma|Collision Course|p2a: Chi-Yu\n|-immune|p2a: Chi-Yu\n|move|p2a: Chi-Yu|Dark Pulse|p1a: Moctezuma\n|-damage|p1a: Moctezuma|0 fnt\n|faint|p1a: Moctezuma\n|\n|win|namboyVGC\n|raw|Forbranna's rating: 1578 &rarr; <strong>1562<\/strong><br \/>(-16 for losing)\n|raw|namboyVGC's rating: 1646 &rarr; <strong>1662<\/strong><br \/>(+16 for winning)\n|l| BionicFox\n|l| 2-2-2 Ape\n|l|\u2606namboyVGC\n|player|p2|\n|j| 2-2-2 Ape\n|l| 2-2-2 Ape\n|l|\u2606Forbranna\n|player|p1|\n","uploadtime":1738965004,"views":16,"formatid":"gen9vgc2025regg","rating":1562,"private":0,"password":null}