{"id":"gen9vgc2025regg-2296150617","format":"[Gen 9] VGC 2025 Reg G","players":["lichuvgc","Kxng Christian"],"log":"|j|\u2606lichuvgc\n|j|\u2606Kxng Christian\n|t:|1738931347\n|gametype|doubles\n|player|p1|lichuvgc|265|1619\n|player|p2|Kxng Christian|colress|1576\n|teamsize|p1|6\n|teamsize|p2|6\n|gen|9\n|tier|[Gen 9] VGC 2025 Reg G\n|rated|\n|rule|Species Clause: Limit one of each Pok\u00e9mon\n|rule|Item Clause: Limit 1 of each item\n|clearpoke\n|poke|p1|Calyrex-Ice, L50|\n|poke|p1|Urshifu-*, L50, M|\n|poke|p1|Smeargle, L50, M|\n|poke|p1|Farigiraf, L50, F|\n|poke|p1|Ursaluna-Bloodmoon, L50, M|\n|poke|p1|Torkoal, L50, M|\n|poke|p2|Calyrex-Shadow, L50|\n|poke|p2|Smeargle, L50, F|\n|poke|p2|Urshifu-*, L50, M|\n|poke|p2|Tornadus, L50, M|\n|poke|p2|Ogerpon-Hearthflame, L50, F|\n|poke|p2|Rillaboom, L50, F|\n|teampreview|4\n|\n|t:|1738931379\n|start\n|switch|p1a: Smeargle|Smeargle, L50, M|100\/100\n|switch|p1b: Farigiraf|Farigiraf, L50, F|100\/100\n|switch|p2a: Wet Em Up|Urshifu-Rapid-Strike, L50, M|100\/100\n|switch|p2b: Sickening|Smeargle, L50, F, shiny|100\/100\n|turn|1\n|\n|t:|1738931401\n|switch|p2a: Marina|Ogerpon-Hearthflame, L50, F|100\/100\n|-ability|p2a: Marina|Mold Breaker\n|move|p1a: Smeargle|Fake Out|p2a: Marina\n|-damage|p2a: Marina|94\/100\n|move|p2b: Sickening|Spore|p1a: Smeargle\n|-status|p1a: Smeargle|slp|[from] move: Spore\n|move|p1b: Farigiraf|Trick Room|p1b: Farigiraf\n|-fieldstart|move: Trick Room|[of] p1b: Farigiraf\n|\n|-ability|p1a: Smeargle|Moody|boost\n|-boost|p1a: Smeargle|spd|2\n|-unboost|p1a: Smeargle|spa|1\n|-enditem|p1a: Smeargle|Eject Pack\n|-ability|p2b: Sickening|Moody|boost\n|-boost|p2b: Sickening|spa|2\n|-unboost|p2b: Sickening|def|1\n|upkeep\n|\n|t:|1738931416\n|switch|p1a: Calyrex|Calyrex-Ice, L50|100\/100\n|-ability|p1a: Calyrex|As One\n|-ability|p1a: Calyrex|Unnerve\n|turn|2\n|\n|t:|1738931446\n|-terastallize|p1a: Calyrex|Grass\n|-terastallize|p2a: Marina|Fire\n|detailschange|p2a: Marina|Ogerpon-Hearthflame-Tera, L50, F, tera:Fire\n|-ability|p2a: Marina|Embody Aspect (Hearthflame)|boost\n|-boost|p2a: Marina|atk|1\n|move|p1b: Farigiraf|Ally Switch|p1b: Farigiraf\n|swap|p1b: Farigiraf|0|[from] move: Ally Switch\n|move|p2b: Sickening|Follow Me|p2b: Sickening\n|-singleturn|p2b: Sickening|move: Follow Me\n|move|p1b: Calyrex|Glacial Lance|p2b: Sickening|[spread] p2a,p2b\n|-resisted|p2a: Marina\n|-damage|p2a: Marina|55\/100\n|-enditem|p2b: Sickening|Focus Sash\n|-damage|p2b: Sickening|1\/100\n|move|p2a: Marina|Ivy Cudgel|p1b: Calyrex|[anim] Ivy Cudgel Fire\n|-supereffective|p1b: Calyrex\n|-damage|p1b: Calyrex|0 fnt\n|faint|p1b: Calyrex\n|\n|-ability|p2b: Sickening|Moody|boost\n|-boost|p2b: Sickening|spd|2\n|-unboost|p2b: Sickening|spe|1\n|upkeep\n|\n|t:|1738931466\n|switch|p1b: Ursaluna|Ursaluna-Bloodmoon, L50, M|100\/100\n|turn|3\n|\n|t:|1738931510\n|move|p1a: Farigiraf|Helping Hand|p1b: Ursaluna\n|-singleturn|p1b: Ursaluna|Helping Hand|[of] p1a: Farigiraf\n|move|p2a: Marina|Spiky Shield|p2a: Marina\n|-singleturn|p2a: Marina|move: Protect\n|move|p1b: Ursaluna|Hyper Voice|p2a: Marina|[spread] p2b\n|-activate|p2a: Marina|move: Protect\n|-damage|p2b: Sickening|0 fnt\n|faint|p2b: Sickening\n|-damage|p1b: Ursaluna|91\/100|[from] item: Life Orb\n|\n|upkeep\n|\n|t:|1738931518\n|switch|p2b: 1 Man 1 H\u00f8rse|Calyrex-Shadow, L50|100\/100\n|-ability|p2b: 1 Man 1 H\u00f8rse|As One\n|-ability|p2b: 1 Man 1 H\u00f8rse|Unnerve\n|turn|4\n|\n|t:|1738931530\n|move|p1a: Farigiraf|Helping Hand|p1b: Ursaluna\n|-singleturn|p1b: Ursaluna|Helping Hand|[of] p1a: Farigiraf\n|move|p2a: Marina|Follow Me|p2a: Marina\n|-singleturn|p2a: Marina|move: Follow Me\n|move|p1b: Ursaluna|Hyper Voice|p2b: 1 Man 1 H\u00f8rse|[spread] p2a,p2b\n|-damage|p2a: Marina|0 fnt\n|-damage|p2b: 1 Man 1 H\u00f8rse|16\/100\n|faint|p2a: Marina\n|-damage|p1b: Ursaluna|81\/100|[from] item: Life Orb\n|move|p2b: 1 Man 1 H\u00f8rse|Snarl|p1b: Ursaluna|[spread] p1a,p1b\n|-supereffective|p1a: Farigiraf\n|-damage|p1a: Farigiraf|60\/100\n|-damage|p1b: Ursaluna|55\/100\n|-unboost|p1a: Farigiraf|spa|1\n|-unboost|p1b: Ursaluna|spa|1\n|-damage|p2b: 1 Man 1 H\u00f8rse|6\/100|[from] item: Life Orb\n|\n|upkeep\n|\n|t:|1738931548\n|switch|p2a: Wet Em Up|Urshifu-Rapid-Strike, L50, M|100\/100\n|turn|5\n|j| MomeriA12\n|j| highturf\n|\n|t:|1738931571\n|move|p2b: 1 Man 1 H\u00f8rse|Protect|p2b: 1 Man 1 H\u00f8rse\n|-singleturn|p2b: 1 Man 1 H\u00f8rse|Protect\n|move|p1b: Ursaluna|Blood Moon|p2a: Wet Em Up\n|-damage|p2a: Wet Em Up|0 fnt\n|faint|p2a: Wet Em Up\n|-damage|p1b: Ursaluna|46\/100|[from] item: Life Orb\n|move|p1a: Farigiraf|Foul Play|p2b: 1 Man 1 H\u00f8rse\n|-activate|p2b: 1 Man 1 H\u00f8rse|move: Protect\n|\n|-fieldend|move: Trick Room\n|upkeep\n|turn|6\n|\n|t:|1738931585\n|move|p1b: Ursaluna|Vacuum Wave|p2b: 1 Man 1 H\u00f8rse\n|-resisted|p2b: 1 Man 1 H\u00f8rse\n|-damage|p2b: 1 Man 1 H\u00f8rse|0 fnt\n|faint|p2b: 1 Man 1 H\u00f8rse\n|-damage|p1b: Ursaluna|36\/100|[from] item: Life Orb\n|\n|win|lichuvgc\n|raw|lichuvgc's rating: 1619 &rarr; <strong>1637<\/strong><br \/>(+18 for winning)\n|raw|Kxng Christian's rating: 1576 &rarr; <strong>1558<\/strong><br \/>(-18 for losing)\n|l|\u2606Kxng Christian\n|player|p2|\n|l|\u2606lichuvgc\n|player|p1|\n|l| MomeriA12\n","uploadtime":1738931801,"views":13,"formatid":"gen9vgc2025regg","rating":1558,"private":0,"password":null}