{"id":"gen9vgc2025regg-2296145119","format":"[Gen 9] VGC 2025 Reg G","players":["Realfrytki","verlierenistokay2"],"log":"|j|\u2606Realfrytki\n|j|\u2606verlierenistokay2\n|t:|1738930505\n|gametype|doubles\n|player|p1|Realfrytki|veteranf|1556\n|player|p2|verlierenistokay2|101|1507\n|teamsize|p1|6\n|teamsize|p2|6\n|gen|9\n|tier|[Gen 9] VGC 2025 Reg G\n|rated|\n|rule|Species Clause: Limit one of each Pok\u00e9mon\n|rule|Item Clause: Limit 1 of each item\n|clearpoke\n|poke|p1|Terapagos, L50, M|\n|poke|p1|Smeargle, L50, M|\n|poke|p1|Ogerpon-Hearthflame, L50, F|\n|poke|p1|Tornadus, L50, M|\n|poke|p1|Dondozo, L50, F|\n|poke|p1|Tatsugiri-Droopy, L50, M|\n|poke|p2|Koraidon, L50|\n|poke|p2|Umbreon, L50, M|\n|poke|p2|Raging Bolt, L50|\n|poke|p2|Flutter Mane, L50|\n|poke|p2|Ogerpon-Cornerstone, L50, F|\n|poke|p2|Entei, L50|\n|teampreview|4\n|\n|t:|1738930526\n|start\n|switch|p1a: Tornadus|Tornadus, L50, M|100\/100\n|switch|p1b: Terapagos|Terapagos, L50, M|100\/100\n|switch|p2a: Koraidon|Koraidon, L50|100\/100\n|switch|p2b: Flutter Mane|Flutter Mane, L50|100\/100\n|-activate|p1b: Terapagos|ability: Tera Shift\n|detailschange|p1b: Terapagos|Terapagos-Terastal, L50, M\n|-heal|p1b: Terapagos|100\/100|[silent]\n|-weather|SunnyDay|[from] ability: Orichalcum Pulse|[of] p2a: Koraidon\n|-activate|p2b: Flutter Mane|ability: Protosynthesis\n|-start|p2b: Flutter Mane|protosynthesisspe\n|-activate|p2a: Koraidon|Orichalcum Pulse|[source]\n|turn|1\n|\n|t:|1738930563\n|-terastallize|p1b: Terapagos|Stellar\n|detailschange|p1b: Terapagos|Terapagos-Stellar, L50, M, tera:Stellar\n|-heal|p1b: Terapagos|100\/100|[silent]\n|-ability|p1b: Terapagos|Teraform Zero\n|-weather|none\n|-end|p2b: Flutter Mane|Protosynthesis\n|move|p1a: Tornadus|Tailwind|p1a: Tornadus\n|-sidestart|p1: Realfrytki|move: Tailwind\n|move|p1b: Terapagos|Tera Starstorm|p2a: Koraidon|[spread] p2a,p2b\n|-damage|p2a: Koraidon|38\/100\n|-damage|p2b: Flutter Mane|37\/100\n|move|p2a: Koraidon|Collision Course|p1b: Terapagos\n|-supereffective|p1b: Terapagos\n|-damage|p1b: Terapagos|12\/100\n|move|p2b: Flutter Mane|Dazzling Gleam|p1b: Terapagos|[spread] p1a,p1b\n|-damage|p1a: Tornadus|66\/100\n|-damage|p1b: Terapagos|0 fnt\n|faint|p1b: Terapagos\n|\n|upkeep\n|\n|t:|1738930580\n|switch|p1b: Ogerpon|Ogerpon-Hearthflame, L50, F|100\/100\n|-ability|p1b: Ogerpon|Mold Breaker\n|turn|2\n|\n|t:|1738930600\n|move|p2a: Koraidon|Protect|p2a: Koraidon\n|-singleturn|p2a: Koraidon|Protect\n|move|p1a: Tornadus|Bleakwind Storm|p2a: Koraidon|[spread] p2b\n|-activate|p2a: Koraidon|move: Protect\n|-damage|p2b: Flutter Mane|4\/100\n|-unboost|p2b: Flutter Mane|spe|1\n|move|p1b: Ogerpon|Ivy Cudgel|p2b: Flutter Mane|[anim] Ivy Cudgel Fire\n|-damage|p2b: Flutter Mane|0 fnt\n|faint|p2b: Flutter Mane\n|-end|p2b: Flutter Mane|Protosynthesis|[silent]\n|\n|upkeep\n|\n|t:|1738930609\n|switch|p2b: Raging Bolt|Raging Bolt, L50|100\/100\n|turn|3\n|\n|t:|1738930637\n|switch|p2a: Ogerpon|Ogerpon-Cornerstone, L50, F|100\/100\n|move|p1a: Tornadus|Bleakwind Storm|p2b: Raging Bolt|[spread] p2a\n|-miss|p1a: Tornadus|p2b: Raging Bolt\n|-damage|p2a: Ogerpon|64\/100\n|move|p1b: Ogerpon|Wood Hammer|p2b: Raging Bolt\n|-resisted|p2b: Raging Bolt\n|-damage|p2b: Raging Bolt|71\/100\n|-damage|p1b: Ogerpon|88\/100|[from] Recoil\n|move|p2b: Raging Bolt|Volt Switch|p1a: Tornadus\n|-supereffective|p1a: Tornadus\n|-damage|p1a: Tornadus|0 fnt\n|faint|p1a: Tornadus\n|\n|t:|1738930651\n|-end|p2b: Raging Bolt|Protosynthesis|[silent]\n|switch|p2b: Koraidon|Koraidon, L50|38\/100|[from] Volt Switch\n|-weather|SunnyDay|[from] ability: Orichalcum Pulse|[of] p2b: Koraidon\n|-activate|p2b: Koraidon|Orichalcum Pulse|[source]\n|\n|-weather|SunnyDay|[upkeep]\n|upkeep\n|\n|t:|1738930656\n|switch|p1a: Smeargle|Smeargle, L50, M|100\/100\n|turn|4\n|\n|t:|1738930672\n|move|p2b: Koraidon|Protect|p2b: Koraidon\n|-singleturn|p2b: Koraidon|Protect\n|move|p2a: Ogerpon|Spiky Shield|p2a: Ogerpon\n|-singleturn|p2a: Ogerpon|move: Protect\n|move|p1b: Ogerpon|Ivy Cudgel|p2a: Ogerpon|[anim] Ivy Cudgel Fire\n|-activate|p2a: Ogerpon|move: Protect\n|move|p1a: Smeargle|Decorate|p1b: Ogerpon\n|-boost|p1b: Ogerpon|atk|2\n|-boost|p1b: Ogerpon|spa|2\n|\n|-weather|SunnyDay|[upkeep]\n|-sideend|p1: Realfrytki|move: Tailwind\n|-ability|p1a: Smeargle|Moody|boost\n|-boost|p1a: Smeargle|spa|2\n|-unboost|p1a: Smeargle|atk|1\n|upkeep\n|turn|5\n|\n|t:|1738930701\n|move|p1b: Ogerpon|Spiky Shield|p1b: Ogerpon\n|-singleturn|p1b: Ogerpon|move: Protect\n|move|p2b: Koraidon|Scale Shot|p1a: Smeargle\n|-damage|p1a: Smeargle|68\/100\n|-damage|p1a: Smeargle|36\/100\n|-damage|p1a: Smeargle|1\/100\n|-damage|p1a: Smeargle|0 fnt\n|faint|p1a: Smeargle\n|-hitcount|p1: Smeargle|4\n|-unboost|p2b: Koraidon|def|1\n|-boost|p2b: Koraidon|spe|1\n|move|p2a: Ogerpon|Ivy Cudgel|p1b: Ogerpon|[anim] Ivy Cudgel Rock\n|-activate|p1b: Ogerpon|move: Protect\n|\n|-weather|SunnyDay|[upkeep]\n|upkeep\n|turn|6\n|-message|Realfrytki forfeited.\n|\n|win|verlierenistokay2\n|raw|Realfrytki's rating: 1556 &rarr; <strong>1533<\/strong><br \/>(-23 for losing)\n|raw|verlierenistokay2's rating: 1507 &rarr; <strong>1530<\/strong><br \/>(+23 for winning)\n|l|\u2606Realfrytki\n|player|p1|\n|l|\u2606verlierenistokay2\n|player|p2|\n","uploadtime":1738930981,"views":5,"formatid":"gen9vgc2025regg","rating":1530,"private":0,"password":null}