{"id":"gen9vgc2025regg-2297810218","format":"[Gen 9] VGC 2025 Reg G","players":["Kwiper","Tempest Flute"],"log":"|j|\u2606Kwiper\n|j|\u2606Tempest Flute\n|t:|1739164206\n|gametype|doubles\n|player|p1|Kwiper|sycamore|1549\n|player|p2|Tempest Flute|policeman-gen4|1637\n|teamsize|p1|6\n|teamsize|p2|6\n|gen|9\n|tier|[Gen 9] VGC 2025 Reg G\n|rated|\n|rule|Species Clause: Limit one of each Pok\u00e9mon\n|rule|Item Clause: Limit 1 of each item\n|clearpoke\n|poke|p1|Koraidon, L50|\n|poke|p1|Flutter Mane, L50|\n|poke|p1|Raging Bolt, L50|\n|poke|p1|Tornadus, L50, M|\n|poke|p1|Chi-Yu, L50|\n|poke|p1|Bastiodon, L50, M|\n|poke|p2|Koraidon, L50|\n|poke|p2|Flutter Mane, L50|\n|poke|p2|Ogerpon-Cornerstone, L50, F|\n|poke|p2|Chi-Yu, L50|\n|poke|p2|Raging Bolt, L50|\n|poke|p2|Ditto, L50|\n|teampreview|4\n|inactive|Battle timer is ON: inactive players will automatically lose when time's up. (requested by Tempest Flute)\n|inactive|Kwiper also wants the timer to be on.\n|j| SupernovaSZ8\n|l|\u2606Tempest Flute\n|inactive|Tempest Flute disconnected and has a minute to reconnect!\n|player|p2|\n|j|\u2606Tempest Flute\n|inactive|Tempest Flute reconnected and has 75 seconds left.\n|player|p2|Tempest Flute|policeman-gen4|\n|j| aimyon36\n|inactive|Tempest Flute has 60 seconds left.\n|l| aimyon36\n|\n|t:|1739164246\n|start\n|switch|p1a: Tornadus|Tornadus, L50, M|100\/100\n|switch|p1b: Flutter Mane|Flutter Mane, L50|100\/100\n|switch|p2a: Koraidon|Koraidon, L50|100\/100\n|switch|p2b: Ogerpon|Ogerpon-Cornerstone, L50, F|100\/100\n|-weather|SunnyDay|[from] ability: Orichalcum Pulse|[of] p2a: Koraidon\n|-activate|p1b: Flutter Mane|ability: Protosynthesis\n|-start|p1b: Flutter Mane|protosynthesisspe\n|-activate|p2a: Koraidon|Orichalcum Pulse|[source]\n|turn|1\n|\n|t:|1739164267\n|-terastallize|p2a: Koraidon|Fire\n|move|p1a: Tornadus|Tailwind|p1a: Tornadus\n|-sidestart|p1: Kwiper|move: Tailwind\n|move|p1b: Flutter Mane|Taunt|p2b: Ogerpon\n|-start|p2b: Ogerpon|move: Taunt\n|move|p2b: Ogerpon|Ivy Cudgel|p1a: Tornadus|[anim] Ivy Cudgel Rock\n|-supereffective|p1a: Tornadus\n|-damage|p1a: Tornadus|0 fnt\n|faint|p1a: Tornadus\n|move|p2a: Koraidon|Flare Blitz|p1b: Flutter Mane\n|-enditem|p1b: Flutter Mane|Focus Sash\n|-damage|p1b: Flutter Mane|1\/100\n|-damage|p2a: Koraidon|80\/100|[from] Recoil\n|\n|-weather|SunnyDay|[upkeep]\n|upkeep\n|\n|t:|1739164275\n|switch|p1a: Koraidon|Koraidon, L50|100\/100\n|-activate|p1a: Koraidon|ability: Orichalcum Pulse\n|turn|2\n|inactive|Tempest Flute has 30 seconds left.\n|inactive|Tempest Flute has 20 seconds left.\n|inactive|Tempest Flute has 15 seconds left.\n|\n|t:|1739164318\n|move|p1b: Flutter Mane|Thunder Wave|p2a: Koraidon\n|-status|p2a: Koraidon|par\n|move|p1a: Koraidon|Breaking Swipe|p2b: Ogerpon|[spread] p2a,p2b\n|-damage|p2a: Koraidon|55\/100 par\n|-damage|p2b: Ogerpon|54\/100\n|-unboost|p2b: Ogerpon|atk|1\n|move|p2b: Ogerpon|Ivy Cudgel|p1a: Koraidon|[anim] Ivy Cudgel Rock\n|-resisted|p1a: Koraidon\n|-damage|p1a: Koraidon|84\/100\n|move|p2a: Koraidon|Flame Charge|p1b: Flutter Mane\n|-damage|p1b: Flutter Mane|0 fnt\n|-boost|p2a: Koraidon|spe|1\n|faint|p1b: Flutter Mane\n|-end|p1b: Flutter Mane|Protosynthesis|[silent]\n|\n|-weather|SunnyDay|[upkeep]\n|upkeep\n|\n|t:|1739164322\n|switch|p1b: Raging Bolt|Raging Bolt, L50|100\/100\n|-activate|p1b: Raging Bolt|ability: Protosynthesis\n|-start|p1b: Raging Bolt|protosynthesisspa\n|turn|3\n|l| SupernovaSZ8\n|\n|t:|1739164337\n|move|p1a: Koraidon|Collision Course|p2b: Ogerpon\n|-supereffective|p2b: Ogerpon\n|-crit|p2b: Ogerpon\n|-damage|p2b: Ogerpon|0 fnt\n|faint|p2b: Ogerpon\n|move|p1b: Raging Bolt|Thunderbolt|p2a: Koraidon\n|-damage|p2a: Koraidon|1\/100 par\n|move|p2a: Koraidon|Collision Course|p1a: Koraidon\n|-damage|p1a: Koraidon|21\/100\n|\n|-weather|SunnyDay|[upkeep]\n|upkeep\n|\n|t:|1739164345\n|switch|p2b: Flutter Mane|Flutter Mane, L50|100\/100\n|-activate|p2b: Flutter Mane|ability: Protosynthesis\n|-start|p2b: Flutter Mane|protosynthesisspe\n|turn|4\n|\n|t:|1739164368\n|move|p1a: Koraidon|Flare Blitz|p2b: Flutter Mane\n|-damage|p2b: Flutter Mane|0 fnt\n|faint|p2b: Flutter Mane\n|-end|p2b: Flutter Mane|Protosynthesis|[silent]\n|-damage|p1a: Koraidon|0 fnt|[from] Recoil\n|faint|p1a: Koraidon\n|move|p1b: Raging Bolt|Snarl|p2a: Koraidon\n|-damage|p2a: Koraidon|0 fnt\n|faint|p2a: Koraidon\n|\n|-weather|SunnyDay|[upkeep]\n|-sideend|p1: Kwiper|move: Tailwind\n|upkeep\n|\n|t:|1739164371\n|switch|p2b: Chi-Yu|Chi-Yu, L50|100\/100\n|-ability|p2b: Chi-Yu|Beads of Ruin\n|turn|5\n|\n|t:|1739164380\n|move|p1b: Raging Bolt|Thunderclap|p2b: Chi-Yu\n|-damage|p2b: Chi-Yu|45\/100\n|move|p2b: Chi-Yu|Snarl|p1b: Raging Bolt\n|-damage|p1b: Raging Bolt|78\/100\n|-unboost|p1b: Raging Bolt|spa|1\n|\n|-weather|none\n|-end|p1b: Raging Bolt|Protosynthesis\n|upkeep\n|turn|6\n|\n|t:|1739164389\n|move|p2b: Chi-Yu|Snarl|p1b: Raging Bolt\n|-damage|p1b: Raging Bolt|58\/100\n|-unboost|p1b: Raging Bolt|spa|1\n|move|p1b: Raging Bolt|Draco Meteor|p2b: Chi-Yu\n|-damage|p2b: Chi-Yu|11\/100\n|-unboost|p1b: Raging Bolt|spa|2\n|\n|upkeep\n|turn|7\n|\n|t:|1739164397\n|-terastallize|p1b: Raging Bolt|Fairy\n|move|p1b: Raging Bolt|Thunderclap||[still]\n|-fail|p1b: Raging Bolt\n|move|p2b: Chi-Yu|Taunt|p1b: Raging Bolt\n|-start|p1b: Raging Bolt|move: Taunt\n|\n|upkeep\n|turn|8\n|\n|t:|1739164405\n|move|p2b: Chi-Yu|Taunt||[still]\n|-fail|p2b: Chi-Yu\n|move|p1b: Raging Bolt|Thunderbolt|p2b: Chi-Yu\n|-damage|p2b: Chi-Yu|0 fnt\n|faint|p2b: Chi-Yu\n|\n|win|Kwiper\n|raw|Kwiper's rating: 1549 &rarr; <strong>1574<\/strong><br \/>(+25 for winning)\n|raw|Tempest Flute's rating: 1637 &rarr; <strong>1612<\/strong><br \/>(-25 for losing)\n|l|\u2606Tempest Flute\n|player|p2|\n|l|\u2606Kwiper\n|player|p1|\n","uploadtime":1739164546,"views":5,"formatid":"gen9vgc2025regg","rating":1574,"private":0,"password":null}