{"id":"gen9vgc2025regg-2297989515","format":"[Gen 9] VGC 2025 Reg G","players":["Benjojos","koji muranishi"],"log":"|j|\u2606Benjojos\n|j|\u2606koji muranishi\n|t:|1739196611\n|gametype|doubles\n|player|p1|Benjojos|caitlin|1556\n|player|p2|koji muranishi|2|1695\n|teamsize|p1|6\n|teamsize|p2|6\n|gen|9\n|tier|[Gen 9] VGC 2025 Reg G\n|rated|\n|rule|Species Clause: Limit one of each Pok\u00e9mon\n|rule|Item Clause: Limit 1 of each item\n|clearpoke\n|poke|p1|Calyrex-Ice, L50|\n|poke|p1|Indeedee-F, L50, F|\n|poke|p1|Annihilape, L50, F|\n|poke|p1|Heatran, L50, M|\n|poke|p1|Sinistcha, L50|\n|poke|p1|Iron Valiant, L50|\n|poke|p2|Whimsicott, L50, M|\n|poke|p2|Calyrex-Ice, L50|\n|poke|p2|Urshifu-*, L50, M|\n|poke|p2|Entei, L50|\n|poke|p2|Raging Bolt, L50|\n|poke|p2|Landorus, L50, M|\n|teampreview|4\n|inactive|Battle timer is ON: inactive players will automatically lose when time's up. (requested by Benjojos)\n|\n|t:|1739196636\n|start\n|switch|p1a: Calyrex|Calyrex-Ice, L50|100\/100\n|switch|p1b: Annihilape|Annihilape, L50, F|100\/100\n|switch|p2a: Urshifu|Urshifu-Rapid-Strike, L50, M|100\/100\n|switch|p2b: Landorus|Landorus, L50, M|100\/100\n|-ability|p1a: Calyrex|As One\n|-ability|p1a: Calyrex|Unnerve\n|turn|1\n|inactive|Benjojos has 30 seconds left.\n|\n|t:|1739196670\n|-terastallize|p1a: Calyrex|Water\n|move|p2a: Urshifu|U-turn|p1a: Calyrex\n|-damage|p1a: Calyrex|85\/100\n|\n|t:|1739196675\n|switch|p2a: Calyrex|Calyrex-Ice, L50|100\/100|[from] U-turn\n|-ability|p2a: Calyrex|As One\n|-ability|p2a: Calyrex|Unnerve\n|move|p1b: Annihilape|Coaching|p1a: Calyrex\n|-boost|p1a: Calyrex|atk|1\n|-boost|p1a: Calyrex|def|1\n|move|p2b: Landorus|Sandsear Storm|p1b: Annihilape|[spread] p1a,p1b\n|-damage|p1a: Calyrex|58\/100\n|-damage|p1b: Annihilape|29\/100\n|move|p1a: Calyrex|Glacial Lance|p2a: Calyrex|[spread] p2a,p2b\n|-resisted|p2a: Calyrex\n|-supereffective|p2b: Landorus\n|-damage|p2a: Calyrex|70\/100\n|-damage|p2b: Landorus|0 fnt\n|faint|p2b: Landorus\n|-ability|p1a: Calyrex|Chilling Neigh|boost\n|-boost|p1a: Calyrex|atk|1\n|\n|upkeep\n|inactive|koji muranishi has 30 seconds left.\n|\n|t:|1739196709\n|switch|p2b: Urshifu|Urshifu-Rapid-Strike, L50, M|100\/100\n|turn|2\n|\n|t:|1739196721\n|switch|p1b: Sinistcha|Sinistcha, L50|100\/100\n|-heal|p1a: Calyrex|83\/100|[from] ability: Hospitality|[of] p1b: Sinistcha\n|-terastallize|p2b: Urshifu|Water\n|move|p2b: Urshifu|Surging Strikes|p1a: Calyrex\n|-resisted|p1a: Calyrex\n|-crit|p1a: Calyrex\n|-damage|p1a: Calyrex|73\/100\n|-resisted|p1a: Calyrex\n|-crit|p1a: Calyrex\n|-damage|p1a: Calyrex|64\/100\n|-resisted|p1a: Calyrex\n|-crit|p1a: Calyrex\n|-damage|p1a: Calyrex|55\/100\n|-hitcount|p1a: Calyrex|3\n|move|p2a: Calyrex|Glacial Lance|p1b: Sinistcha|[spread] p1a,p1b\n|-resisted|p1a: Calyrex\n|-supereffective|p1b: Sinistcha\n|-damage|p1a: Calyrex|37\/100\n|-damage|p1b: Sinistcha|0 fnt\n|faint|p1b: Sinistcha\n|-ability|p2a: Calyrex|Chilling Neigh|boost\n|-boost|p2a: Calyrex|atk|1\n|move|p1a: Calyrex|Crunch|p2a: Calyrex\n|-supereffective|p2a: Calyrex\n|-damage|p2a: Calyrex|0 fnt\n|faint|p2a: Calyrex\n|-ability|p1a: Calyrex|Chilling Neigh|boost\n|-boost|p1a: Calyrex|atk|1\n|\n|upkeep\n|inactive|koji muranishi has 30 seconds left.\n|\n|t:|1739196747\n|switch|p2a: Entei|Entei, L50|100\/100\n|switch|p1b: Annihilape|Annihilape, L50, F|29\/100\n|turn|3\n|\n|t:|1739196760\n|move|p2b: Urshifu|Surging Strikes|p1a: Calyrex\n|-resisted|p1a: Calyrex\n|-crit|p1a: Calyrex\n|-damage|p1a: Calyrex|28\/100\n|-resisted|p1a: Calyrex\n|-crit|p1a: Calyrex\n|-damage|p1a: Calyrex|19\/100\n|-resisted|p1a: Calyrex\n|-crit|p1a: Calyrex\n|-damage|p1a: Calyrex|10\/100\n|-hitcount|p1a: Calyrex|3\n|move|p1b: Annihilape|Close Combat|p2a: Entei\n|-damage|p2a: Entei|37\/100\n|-unboost|p1b: Annihilape|def|1\n|-unboost|p1b: Annihilape|spd|1\n|move|p2a: Entei|Sacred Fire|p1a: Calyrex\n|-resisted|p1a: Calyrex\n|-damage|p1a: Calyrex|0 fnt\n|faint|p1a: Calyrex\n|\n|upkeep\n|\n|t:|1739196775\n|switch|p1a: Indeedee|Indeedee-F, L50, F|100\/100\n|-fieldstart|move: Psychic Terrain|[from] ability: Psychic Surge|[of] p1a: Indeedee\n|-enditem|p1a: Indeedee|Psychic Seed\n|-boost|p1a: Indeedee|spd|1|[from] item: Psychic Seed\n|turn|4\n|\n|t:|1739196788\n|move|p1a: Indeedee|Follow Me|p1a: Indeedee\n|-singleturn|p1a: Indeedee|move: Follow Me\n|move|p2b: Urshifu|Surging Strikes|p1a: Indeedee\n|-crit|p1a: Indeedee\n|-damage|p1a: Indeedee|71\/100\n|-crit|p1a: Indeedee\n|-damage|p1a: Indeedee|44\/100\n|-crit|p1a: Indeedee\n|-damage|p1a: Indeedee|13\/100\n|-hitcount|p1a: Indeedee|3\n|move|p1b: Annihilape|Close Combat|p2a: Entei\n|-damage|p2a: Entei|0 fnt\n|-unboost|p1b: Annihilape|def|1\n|-unboost|p1b: Annihilape|spd|1\n|faint|p2a: Entei\n|\n|upkeep\n|turn|5\n|\n|t:|1739196804\n|move|p1a: Indeedee|Follow Me|p1a: Indeedee\n|-singleturn|p1a: Indeedee|move: Follow Me\n|move|p2b: Urshifu|Surging Strikes|p1a: Indeedee\n|-crit|p1a: Indeedee\n|-damage|p1a: Indeedee|0 fnt\n|faint|p1a: Indeedee\n|-hitcount|p1: Indeedee|1\n|move|p1b: Annihilape|Close Combat|p2b: Urshifu\n|-damage|p2b: Urshifu|39\/100\n|-unboost|p1b: Annihilape|def|1\n|-unboost|p1b: Annihilape|spd|1\n|\n|upkeep\n|turn|6\n|-message|Benjojos forfeited.\n|\n|win|koji muranishi\n|raw|Benjojos's rating: 1556 &rarr; <strong>1544<\/strong><br \/>(-12 for losing)\n|raw|koji muranishi's rating: 1695 &rarr; <strong>1707<\/strong><br \/>(+12 for winning)\n|l|\u2606Benjojos\n|player|p1|\n|l|\u2606koji muranishi\n|player|p2|\n","uploadtime":1739196819,"views":16,"formatid":"gen9vgc2025regg","rating":1544,"private":0,"password":null}