{"id":"gen9vgc2025regg-2297429154","format":"[Gen 9] VGC 2025 Reg G","players":["enbymcgee","cobalt_poke"],"log":"|j|\u2606enbymcgee\n|j|\u2606cobalt_poke\n|t:|1739114120\n|gametype|doubles\n|player|p1|enbymcgee|caitlin|1664\n|player|p2|cobalt_poke|101|1754\n|teamsize|p1|6\n|teamsize|p2|6\n|gen|9\n|tier|[Gen 9] VGC 2025 Reg G\n|rated|\n|rule|Species Clause: Limit one of each Pok\u00e9mon\n|rule|Item Clause: Limit 1 of each item\n|clearpoke\n|poke|p1|Groudon, L50|\n|poke|p1|Chien-Pao, L50|\n|poke|p1|Raging Bolt, L50|\n|poke|p1|Entei, L50|\n|poke|p1|Flutter Mane, L50|\n|poke|p1|Ogerpon-Cornerstone, L50, F|\n|poke|p2|Weezing-Galar, L50, M|\n|poke|p2|Calyrex-Shadow, L50|\n|poke|p2|Dondozo, L50, F|\n|poke|p2|Tatsugiri, L50, M|\n|poke|p2|Incineroar, L50, M|\n|poke|p2|Roaring Moon, L50|\n|teampreview|4\n|c|\u2606enbymcgee|glhf!\n|inactive|Battle timer is ON: inactive players will automatically lose when time's up. (requested by cobalt_poke)\n|\n|t:|1739114173\n|start\n|switch|p1a: Chien-Pao|Chien-Pao, L50|100\/100\n|switch|p1b: Entei|Entei, L50|100\/100\n|switch|p2a: Dondozo|Dondozo, L50, F|100\/100\n|switch|p2b: Calyrex|Calyrex-Shadow, L50|100\/100\n|-ability|p2b: Calyrex|As One\n|-ability|p2b: Calyrex|Unnerve\n|-ability|p1a: Chien-Pao|Sword of Ruin\n|turn|1\n|\n|t:|1739114194\n|-terastallize|p2b: Calyrex|Fighting\n|move|p2a: Dondozo|Protect|p2a: Dondozo\n|-singleturn|p2a: Dondozo|Protect\n|move|p1b: Entei|Extreme Speed|p2b: Calyrex\n|-damage|p2b: Calyrex|42\/100\n|move|p1a: Chien-Pao|Sucker Punch|p2b: Calyrex\n|-resisted|p2b: Calyrex\n|-damage|p2b: Calyrex|16\/100\n|move|p2b: Calyrex|Astral Barrage|p1b: Entei|[spread] p1a,p1b\n|-resisted|p1a: Chien-Pao\n|-damage|p1a: Chien-Pao|31\/100\n|-damage|p1b: Entei|3\/100\n|\n|upkeep\n|turn|2\n|\n|t:|1739114217\n|switch|p2b: Tatsugiri|Tatsugiri, L50, M|100\/100\n|-activate|p2b: Tatsugiri|ability: Commander|[of] p2a: Dondozo\n|-boost|p2a: Dondozo|atk|2\n|-boost|p2a: Dondozo|spa|2\n|-boost|p2a: Dondozo|spe|2\n|-boost|p2a: Dondozo|def|2\n|-boost|p2a: Dondozo|spd|2\n|switch|p1b: Raging Bolt|Raging Bolt, L50|100\/100\n|move|p1a: Chien-Pao|Sucker Punch||[still]\n|-fail|p1a: Chien-Pao\n|move|p2a: Dondozo|Earthquake|p1a: Chien-Pao|[spread] p1a,p1b\n|-miss|p2a: Dondozo|p2b: Tatsugiri\n|-supereffective|p1b: Raging Bolt\n|-damage|p1a: Chien-Pao|0 fnt\n|-damage|p1b: Raging Bolt|13\/100\n|faint|p1a: Chien-Pao\n|\n|upkeep\n|\n|t:|1739114221\n|switch|p1a: Flutter Mane|Flutter Mane, L50|100\/100\n|turn|3\n|\n|t:|1739114235\n|-terastallize|p1a: Flutter Mane|Fairy\n|move|p1b: Raging Bolt|Thunderclap|p2a: Dondozo\n|-supereffective|p2a: Dondozo\n|-damage|p2a: Dondozo|62\/100\n|move|p1a: Flutter Mane|Moonblast|p2a: Dondozo\n|-damage|p2a: Dondozo|12\/100\n|move|p2a: Dondozo|Earthquake|p1b: Raging Bolt|[spread] p1a,p1b\n|-miss|p2a: Dondozo|p2b: Tatsugiri\n|-supereffective|p1b: Raging Bolt\n|-damage|p1a: Flutter Mane|24\/100\n|-damage|p1b: Raging Bolt|0 fnt\n|faint|p1b: Raging Bolt\n|-end|p1b: Raging Bolt|Protosynthesis|[silent]\n|\n|-heal|p2a: Dondozo|18\/100|[from] item: Leftovers\n|upkeep\n|\n|t:|1739114243\n|switch|p1b: Entei|Entei, L50|3\/100\n|turn|4\n|inactive|enbymcgee has 30 seconds left.\n|\n|t:|1739114273\n|move|p2a: Dondozo|Protect|p2a: Dondozo\n|-singleturn|p2a: Dondozo|Protect\n|move|p1b: Entei|Extreme Speed|p2a: Dondozo\n|-activate|p2a: Dondozo|move: Protect\n|move|p1a: Flutter Mane|Moonblast|p2a: Dondozo\n|-activate|p2a: Dondozo|move: Protect\n|\n|-heal|p2a: Dondozo|24\/100|[from] item: Leftovers\n|upkeep\n|turn|5\n|\n|t:|1739114277\n|move|p1b: Entei|Extreme Speed|p2a: Dondozo\n|-damage|p2a: Dondozo|10\/100\n|move|p1a: Flutter Mane|Moonblast|p2a: Dondozo\n|-crit|p2a: Dondozo\n|-damage|p2a: Dondozo|0 fnt\n|faint|p2a: Dondozo\n|\n|upkeep\n|\n|t:|1739114287\n|switch|p2a: Calyrex|Calyrex-Shadow, L50, tera:Fighting|16\/100\n|-ability|p2a: Calyrex|As One\n|-ability|p2a: Calyrex|Unnerve\n|turn|6\n|\n|t:|1739114299\n|move|p1b: Entei|Extreme Speed|p2b: Tatsugiri\n|-damage|p2b: Tatsugiri|21\/100\n|move|p2a: Calyrex|Astral Barrage|p1b: Entei|[spread] p1a,p1b\n|-damage|p1a: Flutter Mane|0 fnt\n|-damage|p1b: Entei|0 fnt\n|faint|p1a: Flutter Mane\n|-end|p1a: Flutter Mane|Protosynthesis|[silent]\n|faint|p1b: Entei\n|\n|win|cobalt_poke\n|raw|enbymcgee's rating: 1664 &rarr; <strong>1649<\/strong><br \/>(-15 for losing)\n|raw|cobalt_poke's rating: 1754 &rarr; <strong>1769<\/strong><br \/>(+15 for winning)\n|c|\u2606enbymcgee|gg\n|l|\u2606cobalt_poke\n|player|p2|\n|l|\u2606enbymcgee\n|player|p1|\n","uploadtime":1739114463,"views":14,"formatid":"gen9vgc2025regg","rating":1649,"private":0,"password":null}