{"id":"gen9vgc2025regg-2297120872","format":"[Gen 9] VGC 2025 Reg G","players":["searows","test-on-calls"],"log":"|j|\u2606searows\n|j|\u2606test-on-calls\n|t:|1739060986\n|gametype|doubles\n|player|p1|searows|miku-water|1521\n|player|p2|test-on-calls|2|1589\n|teamsize|p1|6\n|teamsize|p2|6\n|gen|9\n|tier|[Gen 9] VGC 2025 Reg G\n|rated|\n|rule|Species Clause: Limit one of each Pok\u00e9mon\n|rule|Item Clause: Limit 1 of each item\n|clearpoke\n|poke|p1|Calyrex-Ice, L50|\n|poke|p1|Raging Bolt, L50|\n|poke|p1|Urshifu-*, L50, F|\n|poke|p1|Amoonguss, L50, F|\n|poke|p1|Ogerpon-Cornerstone, L50, F|\n|poke|p1|Tornadus, L50, M|\n|poke|p2|Flutter Mane, L50|\n|poke|p2|Groudon, L50|\n|poke|p2|Chi-Yu, L50|\n|poke|p2|Whimsicott, L50, M|\n|poke|p2|Toxapex, L50, F|\n|poke|p2|Zapdos-Galar, L50|\n|teampreview|4\nsearows has agreed to open team sheets.\n|inactive|Battle timer is ON: inactive players will automatically lose when time's up. (requested by test-on-calls)\n|j| Meiser63\n|inactive|searows has 60 seconds left.\n|\n|t:|1739061034\n|start\n|switch|p1a: Calyrex|Calyrex-Ice, L50|100\/100\n|switch|p1b: Ogerpon|Ogerpon-Cornerstone, L50, F|100\/100\n|switch|p2a: Whimsicott|Whimsicott, L50, M|100\/100\n|switch|p2b: Groudon|Groudon, L50, shiny|100\/100\n|-ability|p1a: Calyrex|As One\n|-ability|p1a: Calyrex|Unnerve\n|-weather|SunnyDay|[from] ability: Drought|[of] p2b: Groudon\n|turn|1\n|\n|t:|1739061059\n|-terastallize|p2b: Groudon|Water\n|move|p2a: Whimsicott|Moonblast|p1b: Ogerpon\n|-damage|p1b: Ogerpon|56\/100\n|move|p1b: Ogerpon|Ivy Cudgel|p2b: Groudon|[anim] Ivy Cudgel Rock\n|-damage|p2b: Groudon|63\/100\n|move|p2b: Groudon|Precipice Blades|p1a: Calyrex|[spread] p1a,p1b\n|-damage|p1a: Calyrex|61\/100\n|-damage|p1b: Ogerpon|0 fnt\n|faint|p1b: Ogerpon\n|move|p1a: Calyrex|Glacial Lance|p2b: Groudon|[spread] p2a,p2b\n|-supereffective|p2a: Whimsicott\n|-resisted|p2b: Groudon\n|-enditem|p2a: Whimsicott|Focus Sash\n|-damage|p2a: Whimsicott|1\/100\n|-damage|p2b: Groudon|43\/100\n|\n|-weather|SunnyDay|[upkeep]\n|upkeep\n|inactive|searows has 30 seconds left.\n|\n|t:|1739061085\n|switch|p1b: Raging Bolt|Raging Bolt, L50|100\/100\n|-activate|p1b: Raging Bolt|ability: Protosynthesis\n|-start|p1b: Raging Bolt|protosynthesisspa\n|turn|2\n|\n|t:|1739061102\n|switch|p2b: Toxapex|Toxapex, L50, F|100\/100\n|move|p1b: Raging Bolt|Protect|p1b: Raging Bolt\n|-singleturn|p1b: Raging Bolt|Protect\n|move|p2a: Whimsicott|Moonblast|p1b: Raging Bolt\n|-activate|p1b: Raging Bolt|move: Protect\n|move|p1a: Calyrex|Glacial Lance|p2b: Toxapex|[spread] p2a,p2b\n|-supereffective|p2a: Whimsicott\n|-resisted|p2b: Toxapex\n|-damage|p2a: Whimsicott|0 fnt\n|-damage|p2b: Toxapex|83\/100\n|faint|p2a: Whimsicott\n|-ability|p1a: Calyrex|Chilling Neigh|boost\n|-boost|p1a: Calyrex|atk|1\n|\n|-weather|SunnyDay|[upkeep]\n|-heal|p2b: Toxapex|89\/100|[from] item: Leftovers\n|upkeep\n|\n|t:|1739061106\n|switch|p2a: Flutter Mane|Flutter Mane, L50, shiny|100\/100\n|-activate|p2a: Flutter Mane|ability: Protosynthesis\n|-start|p2a: Flutter Mane|protosynthesisspe\n|turn|3\n|inactive|searows has 30 seconds left.\n|\n|t:|1739061136\n|move|p1b: Raging Bolt|Protect|p1b: Raging Bolt\n|-singleturn|p1b: Raging Bolt|Protect\n|move|p1a: Calyrex|Protect|p1a: Calyrex\n|-singleturn|p1a: Calyrex|Protect\n|move|p2b: Toxapex|Wide Guard|p2b: Toxapex\n|-singleturn|p2b: Toxapex|Wide Guard\n|move|p2a: Flutter Mane|Moonblast|p1b: Raging Bolt\n|-activate|p1b: Raging Bolt|move: Protect\n|\n|-weather|SunnyDay|[upkeep]\n|-heal|p2b: Toxapex|95\/100|[from] item: Leftovers\n|upkeep\n|turn|4\n|\n|t:|1739061157\n|-terastallize|p1b: Raging Bolt|Electric\n|move|p2b: Toxapex|Baneful Bunker||[still]\n|-fail|p2b: Toxapex\n|move|p1b: Raging Bolt|Thunderclap|p2a: Flutter Mane\n|-damage|p2a: Flutter Mane|32\/100\n|move|p2a: Flutter Mane|Moonblast|p1a: Calyrex\n|-damage|p1a: Calyrex|3\/100\n|move|p1a: Calyrex|High Horsepower|p2b: Toxapex\n|-supereffective|p2b: Toxapex\n|-damage|p2b: Toxapex|8\/100\n|\n|-weather|SunnyDay|[upkeep]\n|-heal|p2b: Toxapex|14\/100|[from] item: Leftovers\n|upkeep\n|turn|5\n|inactive|searows has 30 seconds left.\n|\n|t:|1739061186\n|move|p1b: Raging Bolt|Thunderclap|p2a: Flutter Mane\n|-damage|p2a: Flutter Mane|0 fnt\n|faint|p2a: Flutter Mane\n|-end|p2a: Flutter Mane|Protosynthesis|[silent]\n|move|p2b: Toxapex|Infestation|p1b: Raging Bolt\n|-crit|p1b: Raging Bolt\n|-damage|p1b: Raging Bolt|97\/100\n|-activate|p1b: Raging Bolt|move: Infestation|[of] p2b: Toxapex\n|move|p1a: Calyrex|Trick Room|p1a: Calyrex\n|-fieldstart|move: Trick Room|[of] p1a: Calyrex\n|\n|-weather|none\n|-end|p1b: Raging Bolt|Protosynthesis\n|-heal|p2b: Toxapex|20\/100|[from] item: Leftovers\n|-damage|p1b: Raging Bolt|85\/100|[from] move: Infestation|[partiallytrapped]\n|upkeep\n|-enditem|p1b: Raging Bolt|Booster Energy\n|-activate|p1b: Raging Bolt|ability: Protosynthesis|[fromitem]\n|-start|p1b: Raging Bolt|protosynthesisspa\n|-message|test-on-calls forfeited.\n|\n|win|searows\n|raw|searows's rating: 1521 &rarr; <strong>1545<\/strong><br \/>(+24 for winning)\n|raw|test-on-calls's rating: 1589 &rarr; <strong>1565<\/strong><br \/>(-24 for losing)\n|l|\u2606test-on-calls\n|player|p2|\n|l|\u2606searows\n|player|p1|\n|l| Meiser63\n","uploadtime":1739061201,"views":34,"formatid":"gen9vgc2025regg","rating":1545,"private":0,"password":null}