{"id":"gen9vgc2025regg-2297621257","format":"[Gen 9] VGC 2025 Reg G","players":["Bougie Oatmeal","Velonara"],"log":"|j|\u2606Bougie Oatmeal\n|j|\u2606Velonara\n|t:|1739137109\n|gametype|doubles\n|player|p1|Bougie Oatmeal|rowan|1527\n|player|p2|Velonara|rocketgruntf|1679\n|teamsize|p1|6\n|teamsize|p2|6\n|gen|9\n|tier|[Gen 9] VGC 2025 Reg G\n|rated|\n|rule|Species Clause: Limit one of each Pok\u00e9mon\n|rule|Item Clause: Limit 1 of each item\n|clearpoke\n|poke|p1|Calyrex-Shadow, L50|\n|poke|p1|Indeedee-F, L50, F|\n|poke|p1|Ogerpon-Hearthflame, L50, F|\n|poke|p1|Iron Jugulis, L50|\n|poke|p1|Iron Hands, L50|\n|poke|p1|Urshifu-*, L50, M|\n|poke|p2|Dondozo, L50, F|\n|poke|p2|Tatsugiri-Droopy, L50, M|\n|poke|p2|Terapagos, L50, M|\n|poke|p2|Smeargle, L50, F|\n|poke|p2|Tornadus, L50, M|\n|poke|p2|Ogerpon-Hearthflame, L50, F|\n|teampreview|4\n|inactive|Battle timer is ON: inactive players will automatically lose when time's up. (requested by Bougie Oatmeal)\n|j| Therazer456\n|c|\u2606Bougie Oatmeal|ok\n|inactive|Velonara has 60 seconds left.\n|\n|t:|1739137155\n|start\n|switch|p1a: Hallothreen|Iron Jugulis, L50|100\/100\n|switch|p1b: Proshokza|Iron Hands, L50|100\/100\n|switch|p2a: Terapagos|Terapagos, L50, M|100\/100\n|switch|p2b: Smeargle|Smeargle, L50, F|100\/100\n|-activate|p2a: Terapagos|ability: Tera Shift\n|detailschange|p2a: Terapagos|Terapagos-Terastal, L50, M\n|-heal|p2a: Terapagos|100\/100|[silent]\n|-enditem|p1a: Hallothreen|Booster Energy\n|-activate|p1a: Hallothreen|ability: Quark Drive|[fromitem]\n|-start|p1a: Hallothreen|quarkdrivespe\n|turn|1\n|\n|t:|1739137164\n|move|p2b: Smeargle|Fake Out|p1b: Proshokza\n|-crit|p1b: Proshokza\n|-damage|p1b: Proshokza|96\/100\n|move|p1a: Hallothreen|Snarl|p2a: Terapagos|[spread] p2a,p2b\n|-activate|p2a: Terapagos|ability: Tera Shell\n|-resisted|p2a: Terapagos\n|-damage|p2a: Terapagos|92\/100\n|-damage|p2b: Smeargle|56\/100\n|-unboost|p2a: Terapagos|spa|1\n|-unboost|p2b: Smeargle|spa|1\n|move|p2a: Terapagos|Tera Starstorm|p1a: Hallothreen\n|-damage|p1a: Hallothreen|40\/100\n|cant|p1b: Proshokza|flinch\n|\n|-ability|p2b: Smeargle|Moody|boost\n|-boost|p2b: Smeargle|spa|2\n|-unboost|p2b: Smeargle|spd|1\n|upkeep\n|turn|2\n|\n|t:|1739137176\n|-terastallize|p2a: Terapagos|Stellar\n|detailschange|p2a: Terapagos|Terapagos-Stellar, L50, M, tera:Stellar\n|-heal|p2a: Terapagos|94\/100|[silent]\n|move|p1a: Hallothreen|Tailwind|p1a: Hallothreen\n|-sidestart|p1: Bougie Oatmeal|move: Tailwind\n|move|p1b: Proshokza|Drain Punch|p2b: Smeargle\n|-supereffective|p2b: Smeargle\n|-damage|p2b: Smeargle|0 fnt\n|-heal|p1b: Proshokza|100\/100|[from] drain|[of] p2b: Smeargle\n|faint|p2b: Smeargle\n|move|p2a: Terapagos|Tera Starstorm|p1b: Proshokza|[spread] p1a,p1b\n|-damage|p1a: Hallothreen|0 fnt\n|-damage|p1b: Proshokza|78\/100\n|faint|p1a: Hallothreen\n|-end|p1a: Hallothreen|Quark Drive|[silent]\n|\n|upkeep\n|\n|t:|1739137199\n|switch|p1a: Laotzulowei|Urshifu-Rapid-Strike, L50, M|100\/100\n|switch|p2b: Tornadus|Tornadus, L50, M|100\/100\n|turn|3\n|\n|t:|1739137209\n|switch|p2a: Ogerpon|Ogerpon-Hearthflame, L50, F|100\/100\n|-ability|p2a: Ogerpon|Mold Breaker\n|move|p2b: Tornadus|Tailwind|p2b: Tornadus\n|-sidestart|p2: Velonara|move: Tailwind\n|move|p1a: Laotzulowei|Close Combat|p2a: Ogerpon\n|-damage|p2a: Ogerpon|40\/100\n|-unboost|p1a: Laotzulowei|def|1\n|-unboost|p1a: Laotzulowei|spd|1\n|move|p1b: Proshokza|Drain Punch|p2a: Ogerpon\n|-damage|p2a: Ogerpon|0 fnt\n|-heal|p1b: Proshokza|91\/100|[from] drain|[of] p2a: Ogerpon\n|faint|p2a: Ogerpon\n|\n|upkeep\n|\n|t:|1739137210\n|switch|p2a: Terapagos|Terapagos-Stellar, L50, M, tera:Stellar|94\/100\n|turn|4\n|\n|t:|1739137215\n|move|p1a: Laotzulowei|Close Combat|p2a: Terapagos\n|-supereffective|p2a: Terapagos\n|-damage|p2a: Terapagos|11\/100\n|-unboost|p1a: Laotzulowei|def|1\n|-unboost|p1a: Laotzulowei|spd|1\n|move|p2b: Tornadus|Bleakwind Storm|p1a: Laotzulowei|[spread] p1a,p1b\n|-supereffective|p1a: Laotzulowei\n|-damage|p1a: Laotzulowei|0 fnt\n|-damage|p1b: Proshokza|69\/100\n|faint|p1a: Laotzulowei\n|move|p2a: Terapagos|Tera Starstorm|p1b: Proshokza\n|-damage|p1b: Proshokza|25\/100\n|move|p1b: Proshokza|Drain Punch|p2a: Terapagos\n|-supereffective|p2a: Terapagos\n|-damage|p2a: Terapagos|0 fnt\n|-heal|p1b: Proshokza|30\/100|[from] drain|[of] p2a: Terapagos\n|faint|p2a: Terapagos\n|\n|upkeep\n|\n|t:|1739137218\n|switch|p1a: Zoroastre|Calyrex-Shadow, L50|100\/100\n|-ability|p1a: Zoroastre|As One\n|-ability|p1a: Zoroastre|Unnerve\n|turn|5\n|c|\u2606Bougie Oatmeal|weeeeeeeeee\n|\n|t:|1739137229\n|-terastallize|p1a: Zoroastre|Ghost\n|move|p2b: Tornadus|Protect|p2b: Tornadus\n|-singleturn|p2b: Tornadus|Protect\n|move|p1a: Zoroastre|Astral Barrage|p2b: Tornadus\n|-activate|p2b: Tornadus|move: Protect\n|move|p1b: Proshokza|Wild Charge|p2b: Tornadus\n|-activate|p2b: Tornadus|move: Protect\n|\n|-sideend|p1: Bougie Oatmeal|move: Tailwind\n|upkeep\n|turn|6\n|\n|t:|1739137234\n|move|p2b: Tornadus|Bleakwind Storm|p1b: Proshokza|[spread] p1a,p1b\n|-damage|p1a: Zoroastre|61\/100\n|-damage|p1b: Proshokza|9\/100\n|move|p1a: Zoroastre|Astral Barrage|p2b: Tornadus\n|-damage|p2b: Tornadus|0 fnt\n|faint|p2b: Tornadus\n|\n|win|Bougie Oatmeal\n|raw|Bougie Oatmeal's rating: 1527 &rarr; <strong>1555<\/strong><br \/>(+28 for winning)\n|raw|Velonara's rating: 1679 &rarr; <strong>1651<\/strong><br \/>(-28 for losing)\n|l| Therazer456\n|l|\u2606Velonara\n|player|p2|\n|l|\u2606Bougie Oatmeal\n|player|p1|\n","uploadtime":1739137444,"views":4,"formatid":"gen9vgc2025regg","rating":1555,"private":0,"password":null}