{"id":"gen9vgc2025regg-2297898605","format":"[Gen 9] VGC 2025 Reg G","players":["BellmanTGM","tycocs"],"log":"|j|\u2606BellmanTGM\n|j|\u2606tycocs\n|t:|1739182988\n|gametype|doubles\n|player|p1|BellmanTGM|pokefan-gen4|1579\n|player|p2|tycocs|emmet|1568\n|teamsize|p1|6\n|teamsize|p2|6\n|gen|9\n|tier|[Gen 9] VGC 2025 Reg G\n|rated|\n|rule|Species Clause: Limit one of each Pok\u00e9mon\n|rule|Item Clause: Limit 1 of each item\n|clearpoke\n|poke|p1|Terapagos, L50, M|\n|poke|p1|Indeedee-F, L50, F|\n|poke|p1|Ogerpon-Cornerstone, L50, F|\n|poke|p1|Urshifu-*, L50, M|\n|poke|p1|Tornadus, L50, M|\n|poke|p1|Clefairy, L50, F|\n|poke|p2|Rillaboom, L50, M|\n|poke|p2|Terapagos, L50, M|\n|poke|p2|Flutter Mane, L50|\n|poke|p2|Volcarona, L50, M|\n|poke|p2|Incineroar, L50, F|\n|poke|p2|Urshifu-*, L50, M|\n|teampreview|4\n|inactive|Battle timer is ON: inactive players will automatically lose when time's up. (requested by BellmanTGM)\n|\n|t:|1739183012\n|start\n|switch|p1a: Terapagos|Terapagos, L50, M|100\/100\n|switch|p1b: Indeedee|Indeedee-F, L50, F|100\/100\n|switch|p2a: Urshifu|Urshifu-Rapid-Strike, L50, M|100\/100\n|switch|p2b: Terapagos|Terapagos, L50, M|100\/100\n|-activate|p1a: Terapagos|ability: Tera Shift\n|detailschange|p1a: Terapagos|Terapagos-Terastal, L50, M\n|-heal|p1a: Terapagos|100\/100|[silent]\n|-activate|p2b: Terapagos|ability: Tera Shift\n|detailschange|p2b: Terapagos|Terapagos-Terastal, L50, M\n|-heal|p2b: Terapagos|100\/100|[silent]\n|-fieldstart|move: Psychic Terrain|[from] ability: Psychic Surge|[of] p1b: Indeedee\n|-enditem|p1b: Indeedee|Psychic Seed\n|-boost|p1b: Indeedee|spd|1|[from] item: Psychic Seed\n|turn|1\n|\n|t:|1739183034\n|-terastallize|p1a: Terapagos|Stellar\n|detailschange|p1a: Terapagos|Terapagos-Stellar, L50, M, tera:Stellar\n|-heal|p1a: Terapagos|100\/100|[silent]\n|-ability|p1a: Terapagos|Teraform Zero\n|-fieldend|move: Psychic Terrain\n|move|p1b: Indeedee|Fake Out|p2a: Urshifu\n|-damage|p2a: Urshifu|92\/100\n|cant|p2a: Urshifu|flinch\n|move|p1a: Terapagos|Tera Starstorm|p2b: Terapagos|[spread] p2a,p2b\n|-activate|p2b: Terapagos|ability: Tera Shell\n|-resisted|p2b: Terapagos\n|-crit|p2b: Terapagos\n|-damage|p2a: Urshifu|21\/100\n|-damage|p2b: Terapagos|65\/100\n|move|p2b: Terapagos|Calm Mind|p2b: Terapagos\n|-boost|p2b: Terapagos|spa|1\n|-boost|p2b: Terapagos|spd|1\n|\n|-heal|p2b: Terapagos|71\/100|[from] item: Leftovers\n|upkeep\n|turn|2\n|\n|t:|1739183057\n|move|p2b: Terapagos|Protect|p2b: Terapagos\n|-singleturn|p2b: Terapagos|Protect\n|move|p1b: Indeedee|Follow Me|p1b: Indeedee\n|-singleturn|p1b: Indeedee|move: Follow Me\n|move|p2a: Urshifu|Surging Strikes|p1b: Indeedee\n|-crit|p1b: Indeedee\n|-damage|p1b: Indeedee|77\/100\n|-crit|p1b: Indeedee\n|-damage|p1b: Indeedee|52\/100\n|-crit|p1b: Indeedee\n|-damage|p1b: Indeedee|29\/100\n|-hitcount|p1b: Indeedee|3\n|move|p1a: Terapagos|Tera Starstorm|p2a: Urshifu|[spread] p2a\n|-activate|p2b: Terapagos|move: Protect\n|-damage|p2a: Urshifu|0 fnt\n|faint|p2a: Urshifu\n|\n|-heal|p2b: Terapagos|77\/100|[from] item: Leftovers\n|upkeep\n|\n|t:|1739183081\n|switch|p2a: Incineroar|Incineroar, L50, F|100\/100\n|-ability|p2a: Incineroar|Intimidate|boost\n|-unboost|p1a: Terapagos|atk|1\n|-unboost|p1b: Indeedee|atk|1\n|turn|3\n|\n|t:|1739183100\n|switch|p1a: Ogerpon|Ogerpon-Cornerstone, L50, F|100\/100\n|switch|p2a: Flutter Mane|Flutter Mane, L50|100\/100\n|-enditem|p2a: Flutter Mane|Booster Energy\n|-activate|p2a: Flutter Mane|ability: Protosynthesis|[fromitem]\n|-start|p2a: Flutter Mane|protosynthesisspe\n|-terastallize|p2b: Terapagos|Stellar\n|detailschange|p2b: Terapagos|Terapagos-Stellar, L50, M, tera:Stellar\n|-heal|p2b: Terapagos|83\/100|[silent]\n|move|p2b: Terapagos|Tera Starstorm|p1a: Ogerpon|[spread] p1a,p1b\n|-damage|p1a: Ogerpon|44\/100\n|-damage|p1b: Indeedee|0 fnt\n|faint|p1b: Indeedee\n|\n|-heal|p2b: Terapagos|89\/100|[from] item: Leftovers\n|upkeep\n|\n|t:|1739183114\n|switch|p1b: Terapagos|Terapagos-Stellar, L50, M, tera:Stellar|100\/100\n|turn|4\n|\n|t:|1739183128\n|move|p2a: Flutter Mane|Icy Wind|p1a: Ogerpon|[spread] p1a,p1b\n|-supereffective|p1a: Ogerpon\n|-damage|p1a: Ogerpon|13\/100\n|-damage|p1b: Terapagos|92\/100\n|-unboost|p1a: Ogerpon|spe|1\n|-unboost|p1b: Terapagos|spe|1\n|move|p1a: Ogerpon|Ivy Cudgel|p2a: Flutter Mane|[anim] Ivy Cudgel Rock\n|-damage|p2a: Flutter Mane|15\/100\n|move|p2b: Terapagos|Tera Starstorm|p1a: Ogerpon|[spread] p1a,p1b\n|-supereffective|p1b: Terapagos\n|-damage|p1a: Ogerpon|0 fnt\n|-damage|p1b: Terapagos|30\/100\n|faint|p1a: Ogerpon\n|move|p1b: Terapagos|Tera Starstorm|p2b: Terapagos|[spread] p2a,p2b\n|-supereffective|p2b: Terapagos\n|-damage|p2a: Flutter Mane|0 fnt\n|-damage|p2b: Terapagos|38\/100\n|faint|p2a: Flutter Mane\n|-end|p2a: Flutter Mane|Protosynthesis|[silent]\n|\n|-heal|p2b: Terapagos|44\/100|[from] item: Leftovers\n|upkeep\n|\n|t:|1739183147\n|switch|p2a: Incineroar|Incineroar, L50, F|100\/100\n|switch|p1a: Urshifu|Urshifu-Rapid-Strike, L50, M|100\/100\n|-ability|p2a: Incineroar|Intimidate|boost\n|-unboost|p1a: Urshifu|atk|1\n|-unboost|p1b: Terapagos|atk|1\n|turn|5\n|\n|t:|1739183158\n|move|p1a: Urshifu|Detect|p1a: Urshifu\n|-singleturn|p1a: Urshifu|Protect\n|move|p2a: Incineroar|Fake Out|p1a: Urshifu\n|-activate|p1a: Urshifu|move: Protect\n|move|p2b: Terapagos|Tera Starstorm|p1b: Terapagos|[spread] p1b\n|-activate|p1a: Urshifu|move: Protect\n|-supereffective|p1b: Terapagos\n|-damage|p1b: Terapagos|0 fnt\n|faint|p1b: Terapagos\n|\n|-heal|p2b: Terapagos|50\/100|[from] item: Leftovers\n|upkeep\n|turn|6\n|inactive|BellmanTGM has 30 seconds left.\n|inactive|BellmanTGM has 20 seconds left.\n|inactive|BellmanTGM has 15 seconds left.\n|\n|t:|1739183202\n|move|p1a: Urshifu|Close Combat|p2b: Terapagos\n|-supereffective|p2b: Terapagos\n|-damage|p2b: Terapagos|12\/100\n|-unboost|p1a: Urshifu|def|1\n|-unboost|p1a: Urshifu|spd|1\n|move|p2b: Terapagos|Tera Starstorm|p1a: Urshifu\n|-enditem|p1a: Urshifu|Focus Sash\n|-damage|p1a: Urshifu|1\/100\n|move|p2a: Incineroar|Will-O-Wisp|p1a: Urshifu\n|-status|p1a: Urshifu|brn\n|\n|-heal|p2b: Terapagos|18\/100|[from] item: Leftovers\n|-damage|p1a: Urshifu|0 fnt|[from] brn\n|faint|p1a: Urshifu\n|\n|win|tycocs\n|upkeep\n|raw|BellmanTGM's rating: 1579 &rarr; <strong>1558<\/strong><br \/>(-21 for losing)\n|raw|tycocs's rating: 1568 &rarr; <strong>1589<\/strong><br \/>(+21 for winning)\n|l|\u2606BellmanTGM\n|player|p1|\n|l|\u2606tycocs\n|player|p2|\n","uploadtime":1739183405,"views":7,"formatid":"gen9vgc2025regg","rating":1558,"private":0,"password":null}