{"id":"gen9vgc2025regg-2297904731","format":"[Gen 9] VGC 2025 Reg G","players":["Playeroo7","friedfish24"],"log":"|j|\u2606Playeroo7\n|j|\u2606friedfish24\n|t:|1739184069\n|gametype|doubles\n|player|p1|Playeroo7|266|1584\n|player|p2|friedfish24|li|1695\n|teamsize|p1|6\n|teamsize|p2|6\n|gen|9\n|tier|[Gen 9] VGC 2025 Reg G\n|rated|\n|rule|Species Clause: Limit one of each Pok\u00e9mon\n|rule|Item Clause: Limit 1 of each item\n|clearpoke\n|poke|p1|Calyrex-Ice, L50|\n|poke|p1|Grimmsnarl, L50, M|\n|poke|p1|Iron Hands, L50|\n|poke|p1|Heatran, L50, F|\n|poke|p1|Amoonguss, L50, M|\n|poke|p1|Landorus, L50, M|\n|poke|p2|Grimmsnarl, L50, M|\n|poke|p2|Terapagos, L50, M|\n|poke|p2|Ogerpon-Hearthflame, L50, F|\n|poke|p2|Urshifu-*, L50, F|\n|poke|p2|Landorus-Therian, L50, M|\n|poke|p2|Raging Bolt, L50|\n|teampreview|4\n|inactive|Battle timer is ON: inactive players will automatically lose when time's up. (requested by Playeroo7)\n|inactive|friedfish24 has 60 seconds left.\n|inactive|friedfish24 has 30 seconds left.\n|inactive|friedfish24 has 20 seconds left.\n|inactive|friedfish24 has 15 seconds left.\n|\n|t:|1739184148\n|start\n|switch|p1a: Heatran|Heatran, L50, F|100\/100\n|switch|p1b: Calyrex|Calyrex-Ice, L50|100\/100\n|switch|p2a: Grimmsnarl|Grimmsnarl, L50, M|100\/100\n|switch|p2b: Terapagos|Terapagos, L50, M|100\/100\n|-activate|p2b: Terapagos|ability: Tera Shift\n|detailschange|p2b: Terapagos|Terapagos-Terastal, L50, M\n|-heal|p2b: Terapagos|100\/100|[silent]\n|-ability|p1b: Calyrex|As One\n|-ability|p1b: Calyrex|Unnerve\n|turn|1\n|\n|t:|1739184165\n|move|p2a: Grimmsnarl|Reflect|p2a: Grimmsnarl\n|-sidestart|p2: friedfish24|Reflect\n|move|p2b: Terapagos|Tera Starstorm|p1b: Calyrex\n|-crit|p1b: Calyrex\n|-damage|p1b: Calyrex|16\/100\n|move|p1a: Heatran|Flash Cannon|p2a: Grimmsnarl\n|-supereffective|p2a: Grimmsnarl\n|-crit|p2a: Grimmsnarl\n|-damage|p2a: Grimmsnarl|0 fnt\n|faint|p2a: Grimmsnarl\n|move|p1b: Calyrex|Glacial Lance|p2b: Terapagos\n|-activate|p2b: Terapagos|ability: Tera Shell\n|-resisted|p2b: Terapagos\n|-damage|p2b: Terapagos|76\/100\n|\n|upkeep\n|\n|t:|1739184179\n|switch|p2a: Landorus|Landorus-Therian, L50, M, shiny|100\/100\n|-ability|p2a: Landorus|Intimidate|boost\n|-unboost|p1a: Heatran|atk|1\n|-fail|p1b: Calyrex|unboost|[from] item: Clear Amulet|[of] p1b: Calyrex\n|turn|2\n|\n|t:|1739184189\n|switch|p1a: Amoonguss|Amoonguss, L50, M|100\/100\n|-terastallize|p2b: Terapagos|Stellar\n|detailschange|p2b: Terapagos|Terapagos-Stellar, L50, M, tera:Stellar\n|-heal|p2b: Terapagos|82\/100|[silent]\n|move|p1b: Calyrex|Protect|p1b: Calyrex\n|-singleturn|p1b: Calyrex|Protect\n|move|p2b: Terapagos|Tera Starstorm|p1b: Calyrex|[spread] p1a\n|-activate|p1b: Calyrex|move: Protect\n|-damage|p1a: Amoonguss|50\/100\n|move|p2a: Landorus|Rock Slide|p1b: Calyrex|[spread] p1a\n|-activate|p1b: Calyrex|move: Protect\n|-damage|p1a: Amoonguss|31\/100\n|\n|upkeep\n|turn|3\n|\n|t:|1739184204\n|switch|p1a: Heatran|Heatran, L50, F|100\/100\n|move|p2b: Terapagos|Tera Starstorm|p1b: Calyrex|[spread] p1a,p1b\n|-damage|p1a: Heatran|46\/100\n|-damage|p1b: Calyrex|0 fnt\n|faint|p1b: Calyrex\n|move|p2a: Landorus|Stomping Tantrum|p1a: Heatran\n|-supereffective|p1a: Heatran\n|-damage|p1a: Heatran|0 fnt\n|faint|p1a: Heatran\n|\n|upkeep\n|\n|t:|1739184210\n|switch|p1a: Amoonguss|Amoonguss, L50, M|64\/100\n|switch|p1b: Landorus|Landorus, L50, M|100\/100\n|turn|4\n|\n|t:|1739184219\n|move|p1b: Landorus|Protect|p1b: Landorus\n|-singleturn|p1b: Landorus|Protect\n|move|p2b: Terapagos|Tera Starstorm|p1a: Amoonguss|[spread] p1a\n|-activate|p1b: Landorus|move: Protect\n|-damage|p1a: Amoonguss|9\/100\n|move|p2a: Landorus|Stomping Tantrum|p1a: Amoonguss\n|-damage|p1a: Amoonguss|0 fnt\n|-damage|p2a: Landorus|84\/100|[from] item: Rocky Helmet|[of] p1a: Amoonguss\n|faint|p1a: Amoonguss\n|\n|upkeep\n|turn|5\n|\n|t:|1739184231\n|move|p1b: Landorus|Earth Power|p2b: Terapagos\n|-damage|p2b: Terapagos|35\/100\n|move|p2b: Terapagos|Tera Starstorm|p1b: Landorus\n|-damage|p1b: Landorus|15\/100\n|move|p2a: Landorus|Crunch|p1b: Landorus\n|-damage|p1b: Landorus|0 fnt\n|faint|p1b: Landorus\n|\n|win|friedfish24\n|raw|Playeroo7's rating: 1584 &rarr; <strong>1570<\/strong><br \/>(-14 for losing)\n|raw|friedfish24's rating: 1695 &rarr; <strong>1709<\/strong><br \/>(+14 for winning)\n|l|\u2606Playeroo7\n|player|p1|\n|l|\u2606friedfish24\n|player|p2|\n","uploadtime":1739184372,"views":18,"formatid":"gen9vgc2025regg","rating":1570,"private":0,"password":null}