{"id":"gen9vgc2025regg-2297238434","format":"[Gen 9] VGC 2025 Reg G","players":["cobalt_poke","zero_the_enforcer"],"log":"|j|\u2606cobalt_poke\n|j|\u2606zero_the_enforcer\n|t:|1739077753\n|gametype|doubles\n|player|p1|cobalt_poke|102|1680\n|player|p2|zero_the_enforcer|265|1616\n|teamsize|p1|6\n|teamsize|p2|6\n|gen|9\n|tier|[Gen 9] VGC 2025 Reg G\n|rated|\n|rule|Species Clause: Limit one of each Pok\u00e9mon\n|rule|Item Clause: Limit 1 of each item\n|clearpoke\n|poke|p1|Weezing-Galar, L50, F|\n|poke|p1|Calyrex-Shadow, L50|\n|poke|p1|Dondozo, L50, M|\n|poke|p1|Tatsugiri, L50, M|\n|poke|p1|Incineroar, L50, F|\n|poke|p1|Roaring Moon, L50|\n|poke|p2|Miraidon, L50|\n|poke|p2|Chi-Yu, L50|\n|poke|p2|Whimsicott, L50, F|\n|poke|p2|Farigiraf, L50, F|\n|poke|p2|Ursaluna, L50, F|\n|poke|p2|Grimmsnarl, L50, M|\n|teampreview|4\n|inactive|Battle timer is ON: inactive players will automatically lose when time's up. (requested by cobalt_poke)\n|\n|t:|1739077776\n|start\n|switch|p1a: Roaring Moon|Roaring Moon, L50|100\/100\n|switch|p1b: Weezing|Weezing-Galar, L50, F|100\/100\n|switch|p2a: Grimmsnarl|Grimmsnarl, L50, M|100\/100\n|switch|p2b: Chi-Yu|Chi-Yu, L50|100\/100\n|-ability|p1b: Weezing|Neutralizing Gas\n|turn|1\n|\n|t:|1739077791\n|move|p1b: Weezing|Protect|p1b: Weezing\n|-singleturn|p1b: Weezing|Protect\n|move|p2b: Chi-Yu|Overheat|p1b: Weezing\n|-activate|p1b: Weezing|move: Protect\n|move|p1a: Roaring Moon|Earthquake|p2b: Chi-Yu|[spread] p2a,p2b\n|-activate|p1b: Weezing|move: Protect\n|-supereffective|p2b: Chi-Yu\n|-damage|p2a: Grimmsnarl|72\/100\n|-damage|p2b: Chi-Yu|1\/100\n|move|p2a: Grimmsnarl|Reflect|p2a: Grimmsnarl\n|-sidestart|p2: zero_the_enforcer|Reflect\n|\n|upkeep\n|turn|2\n|j| mr pogostick\n|inactive|cobalt_poke has 30 seconds left.\n|\n|t:|1739077817\n|switch|p2b: Whimsicott|Whimsicott, L50, F|100\/100\n|-end|p1a: Roaring Moon|Protosynthesis|[silent]\n|switch|p1a: Dondozo|Dondozo, L50, M|100\/100\n|move|p1b: Weezing|Strange Steam|p2a: Grimmsnarl\n|-supereffective|p2a: Grimmsnarl\n|-damage|p2a: Grimmsnarl|20\/100\n|move|p2a: Grimmsnarl|Light Screen|p2a: Grimmsnarl\n|-sidestart|p2: zero_the_enforcer|move: Light Screen\n|\n|upkeep\n|turn|3\n|inactive|zero_the_enforcer has 30 seconds left.\n|\n|t:|1739077850\n|move|p1a: Dondozo|Protect|p1a: Dondozo\n|-singleturn|p1a: Dondozo|Protect\n|move|p2b: Whimsicott|Moonblast|p1a: Dondozo\n|-activate|p1a: Dondozo|move: Protect\n|move|p1b: Weezing|Toxic Spikes|p2a: Grimmsnarl\n|-sidestart|p2: zero_the_enforcer|move: Toxic Spikes\n|move|p2a: Grimmsnarl|Foul Play|p1a: Dondozo\n|-activate|p1a: Dondozo|move: Protect\n|\n|upkeep\n|turn|4\n|\n|t:|1739077871\n|move|p2b: Whimsicott|Tailwind|p2b: Whimsicott\n|-sidestart|p2: zero_the_enforcer|move: Tailwind\n|move|p2a: Grimmsnarl|Foul Play|p1a: Dondozo\n|-damage|p1a: Dondozo|68\/100\n|move|p1b: Weezing|Poison Gas|p2a: Grimmsnarl|[spread] p2a,p2b\n|-status|p2a: Grimmsnarl|psn\n|-status|p2b: Whimsicott|psn\n|move|p1a: Dondozo|Substitute|p1a: Dondozo\n|-start|p1a: Dondozo|Substitute\n|-damage|p1a: Dondozo|43\/100\n|\n|-heal|p1a: Dondozo|49\/100|[from] item: Leftovers\n|-damage|p2b: Whimsicott|88\/100 psn|[from] psn\n|-damage|p2a: Grimmsnarl|8\/100 psn|[from] psn\n|upkeep\n|turn|5\n|\n|t:|1739077888\n|move|p1a: Dondozo|Protect|p1a: Dondozo\n|-singleturn|p1a: Dondozo|Protect\n|move|p2b: Whimsicott|Moonblast|p1a: Dondozo\n|-activate|p1a: Dondozo|move: Protect\n|move|p2a: Grimmsnarl|Foul Play|p1a: Dondozo\n|-activate|p1a: Dondozo|move: Protect\n|move|p1b: Weezing|Strange Steam|p2b: Whimsicott\n|-damage|p2b: Whimsicott|58\/100 psn\n|\n|-heal|p1a: Dondozo|55\/100|[from] item: Leftovers\n|-damage|p2b: Whimsicott|45\/100 psn|[from] psn\n|-damage|p2a: Grimmsnarl|0 fnt|[from] psn\n|faint|p2a: Grimmsnarl\n|-sideend|p2: zero_the_enforcer|Reflect\n|upkeep\n|j| whatsanx\n|\n|t:|1739077894\n|switch|p2a: Miraidon|Miraidon, L50|100\/100\n|-status|p2a: Miraidon|psn\n|turn|6\n|\n|t:|1739077917\n|-end|p1b: Weezing|ability: Neutralizing Gas\n|-fieldstart|move: Electric Terrain|[from] ability: Hadron Engine|[of] p2a: Miraidon\n|switch|p1b: Tatsugiri|Tatsugiri, L50, M|100\/100\n|-activate|p1b: Tatsugiri|ability: Commander|[of] p1a: Dondozo\n|-boost|p1a: Dondozo|atk|2\n|-boost|p1a: Dondozo|spa|2\n|-boost|p1a: Dondozo|spe|2\n|-boost|p1a: Dondozo|def|2\n|-boost|p1a: Dondozo|spd|2\n|move|p2b: Whimsicott|Moonblast|p1a: Dondozo\n|-activate|p1a: Dondozo|move: Substitute|[damage]\n|move|p2a: Miraidon|Volt Switch|p1a: Dondozo\n|-supereffective|p1a: Dondozo\n|-end|p1a: Dondozo|Substitute\n|\n|t:|1739077930\n|switch|p2a: Chi-Yu|Chi-Yu, L50|1\/100|[from] Volt Switch\n|-status|p2a: Chi-Yu|psn\n|-ability|p2a: Chi-Yu|Beads of Ruin\n|move|p1a: Dondozo|Earthquake|p2a: Chi-Yu|[spread] p2a,p2b\n|-miss|p1a: Dondozo|p1b: Tatsugiri\n|-supereffective|p2a: Chi-Yu\n|-resisted|p2b: Whimsicott\n|-damage|p2a: Chi-Yu|0 fnt\n|-damage|p2b: Whimsicott|10\/100 psn\n|faint|p2a: Chi-Yu\n|\n|-heal|p1a: Dondozo|62\/100|[from] item: Leftovers\n|-damage|p2b: Whimsicott|0 fnt|[from] psn\n|faint|p2b: Whimsicott\n|-sideend|p2: zero_the_enforcer|move: Light Screen\n|upkeep\n|\n|t:|1739077938\n|switch|p2b: Miraidon|Miraidon, L50|100\/100 psn\n|-activate|p2b: Miraidon|ability: Hadron Engine\n|turn|7\n|\n|t:|1739077945\n|-terastallize|p1a: Dondozo|Grass\n|move|p2b: Miraidon|Electro Drift|p1a: Dondozo\n|-resisted|p1a: Dondozo\n|-damage|p1a: Dondozo|31\/100\n|move|p1a: Dondozo|Earthquake|p2b: Miraidon|[spread] p2b\n|-miss|p1a: Dondozo|p1b: Tatsugiri\n|-supereffective|p2b: Miraidon\n|-damage|p2b: Miraidon|25\/100 psn\n|\n|-heal|p1a: Dondozo|37\/100|[from] item: Leftovers\n|-damage|p2b: Miraidon|13\/100 psn|[from] psn\n|-sideend|p2: zero_the_enforcer|move: Tailwind\n|upkeep\n|turn|8\n|-message|zero_the_enforcer forfeited.\n|\n|win|cobalt_poke\n|raw|cobalt_poke's rating: 1680 &rarr; <strong>1696<\/strong><br \/>(+16 for winning)\n|raw|zero_the_enforcer's rating: 1616 &rarr; <strong>1600<\/strong><br \/>(-16 for losing)\n|l|\u2606zero_the_enforcer\n|player|p2|\n|l|\u2606cobalt_poke\n|player|p1|\n|l| whatsanx\n|l| mr pogostick\n","uploadtime":1739078194,"views":8,"formatid":"gen9vgc2025regg","rating":1600,"private":0,"password":null}