{"id":"gen9vgc2025regg-2297504306","format":"[Gen 9] VGC 2025 Reg G","players":["DimensionalFool","zrofs"],"log":"|j|\u203dDimensionalFool\n|j|\u2606zrofs\n|t:|1739123588\n|gametype|doubles\n|player|p1|DimensionalFool|169|1670\n|player|p2|zrofs|steven|1590\n|teamsize|p1|6\n|teamsize|p2|6\n|gen|9\n|tier|[Gen 9] VGC 2025 Reg G\n|rated|\n|rule|Species Clause: Limit one of each Pok\u00e9mon\n|rule|Item Clause: Limit 1 of each item\n|clearpoke\n|poke|p1|Grimmsnarl, L50, M|\n|poke|p1|Landorus, L50, M|\n|poke|p1|Calyrex-Ice, L50|\n|poke|p1|Pelipper, L50, F|\n|poke|p1|Urshifu-*, L50, F|\n|poke|p1|Rillaboom, L50, M|\n|poke|p2|Terapagos, L50, M|\n|poke|p2|Sinistcha, L50|\n|poke|p2|Rillaboom, L50, M|\n|poke|p2|Incineroar, L50, M|\n|poke|p2|Annihilape, L50, M|\n|poke|p2|Maushold, L50|\n|teampreview|4\n|inactive|Battle timer is ON: inactive players will automatically lose when time's up. (requested by DimensionalFool)\n|inactive|zrofs has 60 seconds left.\n|\n|t:|1739123636\n|start\n|switch|p1a: Pelipper|Pelipper, L50, F|100\/100\n|switch|p1b: Urshifu|Urshifu-Rapid-Strike, L50, F|100\/100\n|switch|p2a: Annihilape|Annihilape, L50, M|100\/100\n|switch|p2b: Maushold|Maushold, L50|100\/100\n|-weather|RainDance|[from] ability: Drizzle|[of] p1a: Pelipper\n|turn|1\n|j| Funn yIy\n|l| Funn yIy\n|inactive|zrofs has 30 seconds left.\n|inactive|zrofs has 20 seconds left.\n|\n|t:|1739123674\n|-terastallize|p1b: Urshifu|Ghost\n|move|p1b: Urshifu|Surging Strikes|p2a: Annihilape\n|-crit|p2a: Annihilape\n|-damage|p2a: Annihilape|79\/100\n|-crit|p2a: Annihilape\n|-damage|p2a: Annihilape|57\/100\n|-crit|p2a: Annihilape\n|-damage|p2a: Annihilape|36\/100\n|-hitcount|p2a: Annihilape|3\n|move|p2b: Maushold|Beat Up|p2a: Annihilape\n|-damage|p2a: Annihilape|34\/100\n|-damage|p2a: Annihilape|32\/100\n|-damage|p2a: Annihilape|30\/100\n|-damage|p2a: Annihilape|29\/100\n|-hitcount|p2a: Annihilape|4\n|move|p1a: Pelipper|Hurricane|p2a: Annihilape\n|-supereffective|p2a: Annihilape\n|-crit|p2a: Annihilape\n|-damage|p2a: Annihilape|0 fnt\n|faint|p2a: Annihilape\n|\n|-weather|RainDance|[upkeep]\n|upkeep\n|\n|t:|1739123692\n|switch|p2a: Terapagos|Terapagos, L50, M|100\/100\n|-activate|p2a: Terapagos|ability: Tera Shift\n|detailschange|p2a: Terapagos|Terapagos-Terastal, L50, M\n|-heal|p2a: Terapagos|100\/100|[silent]\n|turn|2\n|j| Funn yIy\n|inactive|zrofs has 30 seconds left.\n|\n|t:|1739123720\n|-terastallize|p2a: Terapagos|Stellar\n|detailschange|p2a: Terapagos|Terapagos-Stellar, L50, M, tera:Stellar\n|-heal|p2a: Terapagos|100\/100|[silent]\n|-ability|p2a: Terapagos|Teraform Zero\n|-weather|none\n|move|p2b: Maushold|Follow Me|p2b: Maushold\n|-singleturn|p2b: Maushold|move: Follow Me\n|move|p1b: Urshifu|Surging Strikes|p2b: Maushold\n|-crit|p2b: Maushold\n|-damage|p2b: Maushold|70\/100\n|-crit|p2b: Maushold\n|-damage|p2b: Maushold|41\/100\n|-crit|p2b: Maushold\n|-damage|p2b: Maushold|13\/100\n|-hitcount|p2b: Maushold|3\n|move|p1a: Pelipper|Weather Ball|p2b: Maushold\n|-damage|p2b: Maushold|0 fnt\n|faint|p2b: Maushold\n|move|p2a: Terapagos|Tera Starstorm|p1a: Pelipper|[spread] p1a,p1b\n|-supereffective|p1b: Urshifu\n|-damage|p1a: Pelipper|26\/100\n|-damage|p1b: Urshifu|0 fnt\n|faint|p1b: Urshifu\n|\n|upkeep\n|j| gyugguiigggiiv\n|l| gyugguiigggiiv\n|\n|t:|1739123742\n|switch|p2b: Sinistcha|Sinistcha, L50|100\/100\n|switch|p1b: Landorus|Landorus, L50, M|100\/100\n|turn|3\n|\n|t:|1739123759\n|move|p1a: Pelipper|Wide Guard|p1a: Pelipper\n|-singleturn|p1a: Pelipper|Wide Guard\n|move|p1b: Landorus|Sludge Bomb|p2b: Sinistcha\n|-damage|p2b: Sinistcha|52\/100\n|move|p2a: Terapagos|Tera Starstorm|p1a: Pelipper|[spread] \n|-activate|p1a: Pelipper|move: Wide Guard\n|-activate|p1b: Landorus|move: Wide Guard\n|move|p2b: Sinistcha|Matcha Gotcha|p1a: Pelipper|[spread] \n|-activate|p1a: Pelipper|move: Wide Guard\n|-activate|p1b: Landorus|move: Wide Guard\n|\n|upkeep\n|turn|4\n|\n|t:|1739123781\n|move|p1a: Pelipper|Wide Guard|p1a: Pelipper\n|-singleturn|p1a: Pelipper|Wide Guard\n|move|p1b: Landorus|Sludge Bomb|p2b: Sinistcha\n|-damage|p2b: Sinistcha|5\/100\n|move|p2a: Terapagos|Calm Mind|p2a: Terapagos\n|-boost|p2a: Terapagos|spa|1\n|-boost|p2a: Terapagos|spd|1\n|move|p2b: Sinistcha|Life Dew||[still]|[spread] p2a,p2b\n|-fail|p2a: Terapagos|heal\n|-heal|p2b: Sinistcha|30\/100\n|\n|upkeep\n|turn|5\n|\n|t:|1739123802\n|move|p1a: Pelipper|Wide Guard|p1a: Pelipper\n|-singleturn|p1a: Pelipper|Wide Guard\n|move|p1b: Landorus|Sludge Bomb|p2b: Sinistcha\n|-damage|p2b: Sinistcha|0 fnt\n|faint|p2b: Sinistcha\n|move|p2a: Terapagos|Calm Mind|p2a: Terapagos\n|-boost|p2a: Terapagos|spa|1\n|-boost|p2a: Terapagos|spd|1\n|\n|upkeep\n|turn|6\n|\n|t:|1739123814\n|move|p1a: Pelipper|Wide Guard|p1a: Pelipper\n|-singleturn|p1a: Pelipper|Wide Guard\n|move|p1b: Landorus|Earth Power|p2a: Terapagos\n|-damage|p2a: Terapagos|78\/100\n|move|p2a: Terapagos|Calm Mind|p2a: Terapagos\n|-boost|p2a: Terapagos|spa|1\n|-boost|p2a: Terapagos|spd|1\n|\n|upkeep\n|turn|7\n|\n|t:|1739123837\n|move|p1a: Pelipper|Wide Guard|p1a: Pelipper\n|-singleturn|p1a: Pelipper|Wide Guard\n|move|p1b: Landorus|Sandsear Storm|p2a: Terapagos\n|-damage|p2a: Terapagos|57\/100\n|move|p2a: Terapagos|Calm Mind|p2a: Terapagos\n|-boost|p2a: Terapagos|spa|1\n|-boost|p2a: Terapagos|spd|1\n|\n|upkeep\n|turn|8\n|\n|t:|1739123845\n|move|p1a: Pelipper|Wide Guard|p1a: Pelipper\n|-singleturn|p1a: Pelipper|Wide Guard\n|move|p1b: Landorus|Earth Power|p2a: Terapagos\n|-damage|p2a: Terapagos|42\/100\n|move|p2a: Terapagos|Calm Mind|p2a: Terapagos\n|-boost|p2a: Terapagos|spa|1\n|-boost|p2a: Terapagos|spd|1\n|\n|upkeep\n|turn|9\n|\n|t:|1739123857\n|move|p2a: Terapagos|Protect|p2a: Terapagos\n|-singleturn|p2a: Terapagos|Protect\n|move|p1a: Pelipper|Wide Guard|p1a: Pelipper\n|-singleturn|p1a: Pelipper|Wide Guard\n|move|p1b: Landorus|Earth Power|p2a: Terapagos\n|-activate|p2a: Terapagos|move: Protect\n|\n|upkeep\n|turn|10\n|\n|t:|1739123866\n|move|p1a: Pelipper|Wide Guard|p1a: Pelipper\n|-singleturn|p1a: Pelipper|Wide Guard\n|move|p1b: Landorus|Earth Power|p2a: Terapagos\n|-damage|p2a: Terapagos|29\/100\n|move|p2a: Terapagos|Calm Mind|p2a: Terapagos\n|-boost|p2a: Terapagos|spa|1\n|-boost|p2a: Terapagos|spd|1\n|\n|upkeep\n|turn|11\n|\n|t:|1739123879\n|move|p2a: Terapagos|Protect|p2a: Terapagos\n|-singleturn|p2a: Terapagos|Protect\n|move|p1a: Pelipper|Wide Guard|p1a: Pelipper\n|-singleturn|p1a: Pelipper|Wide Guard\n|move|p1b: Landorus|Sludge Bomb|p2a: Terapagos\n|-activate|p2a: Terapagos|move: Protect\n|\n|upkeep\n|turn|12\n|\n|t:|1739123903\n|move|p1a: Pelipper|Wide Guard|p1a: Pelipper\n|-singleturn|p1a: Pelipper|Wide Guard\n|move|p1b: Landorus|Sludge Bomb|p2a: Terapagos\n|-damage|p2a: Terapagos|21\/100\n|move|p2a: Terapagos|Substitute|p2a: Terapagos\n|-fail|p2a: Terapagos|move: Substitute|[weak]\n|\n|upkeep\n|turn|13\n|\n|t:|1739123913\n|move|p2a: Terapagos|Protect|p2a: Terapagos\n|-singleturn|p2a: Terapagos|Protect\n|move|p1a: Pelipper|Wide Guard|p1a: Pelipper\n|-singleturn|p1a: Pelipper|Wide Guard\n|move|p1b: Landorus|Sludge Bomb|p2a: Terapagos\n|-activate|p2a: Terapagos|move: Protect\n|\n|upkeep\n|turn|14\n|\n|t:|1739123921\n|move|p2a: Terapagos|Protect||[still]\n|-fail|p2a: Terapagos\n|move|p1a: Pelipper|Wide Guard|p1a: Pelipper\n|-singleturn|p1a: Pelipper|Wide Guard\n|move|p1b: Landorus|Sludge Bomb|p2a: Terapagos\n|-damage|p2a: Terapagos|13\/100\n|\n|upkeep\n|turn|15\n|\n|t:|1739123933\n|move|p2a: Terapagos|Protect|p2a: Terapagos\n|-singleturn|p2a: Terapagos|Protect\n|move|p1a: Pelipper|Wide Guard|p1a: Pelipper\n|-singleturn|p1a: Pelipper|Wide Guard\n|move|p1b: Landorus|Earth Power|p2a: Terapagos\n|-activate|p2a: Terapagos|move: Protect\n|\n|upkeep\n|turn|16\n|\n|t:|1739123943\n|move|p2a: Terapagos|Protect|p2a: Terapagos\n|-singleturn|p2a: Terapagos|Protect\n|move|p1a: Pelipper|Wide Guard|p1a: Pelipper\n|-singleturn|p1a: Pelipper|Wide Guard\n|move|p1b: Landorus|Earth Power|p2a: Terapagos\n|-activate|p2a: Terapagos|move: Protect\n|\n|upkeep\n|turn|17\n|\n|t:|1739123955\n|move|p2a: Terapagos|Protect|p2a: Terapagos\n|-singleturn|p2a: Terapagos|Protect\n|move|p1a: Pelipper|Wide Guard|p1a: Pelipper\n|-singleturn|p1a: Pelipper|Wide Guard\n|move|p1b: Landorus|Earth Power|p2a: Terapagos\n|-activate|p2a: Terapagos|move: Protect\n|\n|upkeep\n|turn|18\n|\n|t:|1739123972\n|move|p1a: Pelipper|Wide Guard|p1a: Pelipper\n|-singleturn|p1a: Pelipper|Wide Guard\n|move|p1b: Landorus|Earth Power|p2a: Terapagos\n|-damage|p2a: Terapagos|1\/100\n|move|p2a: Terapagos|Tera Starstorm|p1b: Landorus|[spread] \n|-activate|p1a: Pelipper|move: Wide Guard\n|-activate|p1b: Landorus|move: Wide Guard\n|\n|upkeep\n|turn|19\n|\n|t:|1739123984\n|move|p1b: Landorus|Earth Power|p2a: Terapagos\n|-damage|p2a: Terapagos|0 fnt\n|faint|p2a: Terapagos\n|\n|win|DimensionalFool\n|raw|DimensionalFool's rating: 1670 &rarr; <strong>1685<\/strong><br \/>(+15 for winning)\n|raw|zrofs's rating: 1590 &rarr; <strong>1575<\/strong><br \/>(-15 for losing)\n|l|\u2606zrofs\n|player|p2|\n|l| Funn yIy\n|l|\u203dDimensionalFool\n|player|p1|\n","uploadtime":1739124146,"views":7,"formatid":"gen9vgc2025regg","rating":1575,"private":0,"password":null}