{"id":"gen9vgc2025regg-2297399689","format":"[Gen 9] VGC 2025 Reg G","players":["24Ray21","zonavideovigilada"],"log":"|j|\u260624Ray21\n|j|\u2606zonavideovigilada\n|t:|1739109746\n|gametype|doubles\n|player|p1|24Ray21|266|1582\n|player|p2|zonavideovigilada|102|1679\n|teamsize|p1|6\n|teamsize|p2|6\n|gen|9\n|tier|[Gen 9] VGC 2025 Reg G\n|rated|\n|rule|Species Clause: Limit one of each Pok\u00e9mon\n|rule|Item Clause: Limit 1 of each item\n|clearpoke\n|poke|p1|Calyrex-Shadow, L50|\n|poke|p1|Mienshao, L50, M|\n|poke|p1|Incineroar, L50, F|\n|poke|p1|Indeedee-F, L50, F|\n|poke|p1|Raging Bolt, L50|\n|poke|p1|Whimsicott, L50, F|\n|poke|p2|Urshifu-*, L50, F|\n|poke|p2|Whimsicott, L50, F|\n|poke|p2|Miraidon, L50|\n|poke|p2|Iron Hands, L50|\n|poke|p2|Incineroar, L50, M|\n|poke|p2|Iron Leaves, L50|\n|teampreview|4\n|inactive|Battle timer is ON: inactive players will automatically lose when time's up. (requested by zonavideovigilada)\n|\n|t:|1739109781\n|start\n|switch|p1a: Calyrex|Calyrex-Shadow, L50|100\/100\n|switch|p1b: Mienshao|Mienshao, L50, M|100\/100\n|switch|p2a: Whimsicott|Whimsicott, L50, F|100\/100\n|switch|p2b: Miraidon|Miraidon, L50|100\/100\n|-ability|p1a: Calyrex|As One\n|-ability|p1a: Calyrex|Unnerve\n|-fieldstart|move: Electric Terrain|[from] ability: Hadron Engine|[of] p2b: Miraidon\n|turn|1\n|j| HolyMane\n|inactive|zonavideovigilada has 30 seconds left.\n|\n|t:|1739109810\n|switch|p2b: Incineroar|Incineroar, L50, M|100\/100\n|-ability|p2b: Incineroar|Intimidate|boost\n|-unboost|p1a: Calyrex|atk|1\n|-fail|p1b: Mienshao|unboost|Attack|[from] ability: Inner Focus|[of] p1b: Mienshao\n|-terastallize|p1a: Calyrex|Ghost\n|move|p1b: Mienshao|Fake Out|p2b: Incineroar\n|-damage|p2b: Incineroar|89\/100\n|move|p2a: Whimsicott|Light Screen|p2a: Whimsicott\n|-sidestart|p2: zonavideovigilada|move: Light Screen\n|move|p1a: Calyrex|Astral Barrage|p2b: Incineroar|[spread] p2a,p2b\n|-resisted|p2b: Incineroar\n|-damage|p2a: Whimsicott|6\/100\n|-damage|p2b: Incineroar|65\/100\n|-damage|p1a: Calyrex|91\/100|[from] item: Life Orb\n|\n|upkeep\n|turn|2\n|inactive|24Ray21 has 30 seconds left.\n|inactive|zonavideovigilada has 30 seconds left.\n|inactive|zonavideovigilada has 20 seconds left.\n|\n|t:|1739109847\n|move|p2a: Whimsicott|Tailwind|p2a: Whimsicott\n|-sidestart|p2: zonavideovigilada|move: Tailwind\n|move|p1a: Calyrex|Astral Barrage|p2b: Incineroar|[spread] p2a,p2b\n|-resisted|p2b: Incineroar\n|-damage|p2a: Whimsicott|0 fnt\n|-damage|p2b: Incineroar|41\/100\n|faint|p2a: Whimsicott\n|-ability|p1a: Calyrex|Grim Neigh|boost\n|-boost|p1a: Calyrex|spa|1\n|-damage|p1a: Calyrex|81\/100|[from] item: Life Orb\n|move|p1b: Mienshao|Close Combat|p2b: Incineroar\n|-supereffective|p2b: Incineroar\n|-damage|p2b: Incineroar|0 fnt\n|-unboost|p1b: Mienshao|def|1\n|-unboost|p1b: Mienshao|spd|1\n|faint|p2b: Incineroar\n|\n|upkeep\n|\n|t:|1739109859\n|switch|p2a: Iron Leaves|Iron Leaves, L50|100\/100\n|switch|p2b: Miraidon|Miraidon, L50|100\/100\n|-activate|p2b: Miraidon|ability: Hadron Engine\n|-activate|p2a: Iron Leaves|ability: Quark Drive\n|-start|p2a: Iron Leaves|quarkdrivespe\n|turn|3\n|\n|t:|1739109873\n|switch|p1b: Indeedee|Indeedee-F, L50, F|100\/100\n|-fieldstart|move: Psychic Terrain|[from] ability: Psychic Surge|[of] p1b: Indeedee\n|-end|p2a: Iron Leaves|Quark Drive\n|-enditem|p1b: Indeedee|Psychic Seed\n|-boost|p1b: Indeedee|spd|1|[from] item: Psychic Seed\n|-terastallize|p2b: Miraidon|Fairy\n|move|p1a: Calyrex|Protect|p1a: Calyrex\n|-singleturn|p1a: Calyrex|Protect\n|move|p2b: Miraidon|Dazzling Gleam|p1a: Calyrex|[spread] p1b\n|-activate|p1a: Calyrex|move: Protect\n|-damage|p1b: Indeedee|67\/100\n|move|p2a: Iron Leaves|Leaf Blade|p1a: Calyrex\n|-activate|p1a: Calyrex|move: Protect\n|\n|upkeep\n|turn|4\n|inactive|24Ray21 has 30 seconds left.\n|\n|t:|1739109900\n|move|p2a: Iron Leaves|Protect|p2a: Iron Leaves\n|-singleturn|p2a: Iron Leaves|Protect\n|move|p1b: Indeedee|Follow Me|p1b: Indeedee\n|-singleturn|p1b: Indeedee|move: Follow Me\n|move|p2b: Miraidon|Dazzling Gleam|p1a: Calyrex|[spread] p1a,p1b\n|-damage|p1a: Calyrex|28\/100\n|-damage|p1b: Indeedee|33\/100\n|move|p1a: Calyrex|Astral Barrage|p2b: Miraidon|[spread] p2b\n|-activate|p2a: Iron Leaves|move: Protect\n|-damage|p2b: Miraidon|11\/100\n|-damage|p1a: Calyrex|18\/100|[from] item: Life Orb\n|\n|upkeep\n|turn|5\n|\n|t:|1739109917\n|move|p1a: Calyrex|Protect|p1a: Calyrex\n|-singleturn|p1a: Calyrex|Protect\n|move|p1b: Indeedee|Follow Me|p1b: Indeedee\n|-singleturn|p1b: Indeedee|move: Follow Me\n|move|p2b: Miraidon|Dazzling Gleam|p1a: Calyrex|[spread] p1b\n|-activate|p1a: Calyrex|move: Protect\n|-damage|p1b: Indeedee|0 fnt\n|faint|p1b: Indeedee\n|move|p2a: Iron Leaves|Leaf Blade|p1a: Calyrex\n|-activate|p1a: Calyrex|move: Protect\n|\n|-sideend|p2: zonavideovigilada|move: Light Screen\n|-sideend|p2: zonavideovigilada|move: Tailwind\n|upkeep\n|-message|zonavideovigilada forfeited.\n|\n|win|24Ray21\n|raw|24Ray21's rating: 1582 &rarr; <strong>1607<\/strong><br \/>(+25 for winning)\n|raw|zonavideovigilada's rating: 1679 &rarr; <strong>1654<\/strong><br \/>(-25 for losing)\n|l| HolyMane\n|l|\u2606zonavideovigilada\n|player|p2|\n","uploadtime":1739110181,"views":6,"formatid":"gen9vgc2025regg","rating":1607,"private":0,"password":null}