{"id":"gen9vgc2025regg-2297275000","format":"[Gen 9] VGC 2025 Reg G","players":["LaceyZiyu\u7d2b\u7afd\u5b66\u59d0","thegreatcubone"],"log":"|j|\u2606LaceyZiyu\u7d2b\u7afd\u5b66\u59d0\n|j|\u2606thegreatcubone\n|t:|1739084484\n|gametype|doubles\n|player|p1|LaceyZiyu\u7d2b\u7afd\u5b66\u59d0|lacey|1552\n|player|p2|thegreatcubone|265|1545\n|teamsize|p1|6\n|teamsize|p2|6\n|gen|9\n|tier|[Gen 9] VGC 2025 Reg G\n|rated|\n|rule|Species Clause: Limit one of each Pok\u00e9mon\n|rule|Item Clause: Limit 1 of each item\n|clearpoke\n|poke|p1|Muk-Alola, L50, F|\n|poke|p1|Smeargle, L50, F|\n|poke|p1|Flamigo, L50, F|\n|poke|p1|Dondozo, L50, F|\n|poke|p1|Tatsugiri, L50, F|\n|poke|p1|Calyrex-Shadow, L50|\n|poke|p2|Groudon, L50|\n|poke|p2|Raging Bolt, L50|\n|poke|p2|Chi-Yu, L50|\n|poke|p2|Urshifu-*, L50, M|\n|poke|p2|Jumpluff, L50, F|\n|poke|p2|Incineroar, L50, M|\n|teampreview|4\n|\n|t:|1739084503\n|start\n|switch|p1a: \u5e26\u6765\u7b11\u5bb9\u81ed\u81ed\u6ce5|Muk-Alola, L50, F|100\/100\n|switch|p1b: \u5e26\u6765\u7b11\u5bb9\u56fe\u56fe\u72ac|Smeargle, L50, F|100\/100\n|switch|p2a: Groudon|Groudon, L50|100\/100\n|switch|p2b: Jumpluff|Jumpluff, L50, F, shiny|100\/100\n|-weather|SunnyDay|[from] ability: Drought|[of] p2a: Groudon\n|turn|1\n|\n|t:|1739084521\n|move|p2b: Jumpluff|Sleep Powder|p1a: \u5e26\u6765\u7b11\u5bb9\u81ed\u81ed\u6ce5|[miss]\n|-miss|p2b: Jumpluff|p1a: \u5e26\u6765\u7b11\u5bb9\u81ed\u81ed\u6ce5\n|move|p1b: \u5e26\u6765\u7b11\u5bb9\u56fe\u56fe\u72ac|Spore|p2a: Groudon\n|-status|p2a: Groudon|slp|[from] move: Spore\n|cant|p2a: Groudon|slp\n|move|p1a: \u5e26\u6765\u7b11\u5bb9\u81ed\u81ed\u6ce5|Minimize|p1a: \u5e26\u6765\u7b11\u5bb9\u81ed\u81ed\u6ce5\n|-boost|p1a: \u5e26\u6765\u7b11\u5bb9\u81ed\u81ed\u6ce5|evasion|2\n|\n|-weather|SunnyDay|[upkeep]\n|-ability|p1b: \u5e26\u6765\u7b11\u5bb9\u56fe\u56fe\u72ac|Moody|boost\n|-boost|p1b: \u5e26\u6765\u7b11\u5bb9\u56fe\u56fe\u72ac|def|2\n|-unboost|p1b: \u5e26\u6765\u7b11\u5bb9\u56fe\u56fe\u72ac|spe|1\n|upkeep\n|turn|2\n|\n|t:|1739084536\n|move|p1b: \u5e26\u6765\u7b11\u5bb9\u56fe\u56fe\u72ac|Follow Me|p1b: \u5e26\u6765\u7b11\u5bb9\u56fe\u56fe\u72ac\n|-singleturn|p1b: \u5e26\u6765\u7b11\u5bb9\u56fe\u56fe\u72ac|move: Follow Me\n|move|p2b: Jumpluff|Encore|p1b: \u5e26\u6765\u7b11\u5bb9\u56fe\u56fe\u72ac\n|-start|p1b: \u5e26\u6765\u7b11\u5bb9\u56fe\u56fe\u72ac|Encore\n|-curestatus|p2a: Groudon|slp|[msg]\n|move|p2a: Groudon|Precipice Blades|p1a: \u5e26\u6765\u7b11\u5bb9\u81ed\u81ed\u6ce5|[spread] p1b\n|-miss|p2a: Groudon|p1a: \u5e26\u6765\u7b11\u5bb9\u81ed\u81ed\u6ce5\n|-crit|p1b: \u5e26\u6765\u7b11\u5bb9\u56fe\u56fe\u72ac\n|-enditem|p1b: \u5e26\u6765\u7b11\u5bb9\u56fe\u56fe\u72ac|Focus Sash\n|-damage|p1b: \u5e26\u6765\u7b11\u5bb9\u56fe\u56fe\u72ac|1\/100\n|move|p1a: \u5e26\u6765\u7b11\u5bb9\u81ed\u81ed\u6ce5|Minimize|p1a: \u5e26\u6765\u7b11\u5bb9\u81ed\u81ed\u6ce5\n|-boost|p1a: \u5e26\u6765\u7b11\u5bb9\u81ed\u81ed\u6ce5|evasion|2\n|\n|-weather|SunnyDay|[upkeep]\n|-ability|p1b: \u5e26\u6765\u7b11\u5bb9\u56fe\u56fe\u72ac|Moody|boost\n|-boost|p1b: \u5e26\u6765\u7b11\u5bb9\u56fe\u56fe\u72ac|spe|2\n|-unboost|p1b: \u5e26\u6765\u7b11\u5bb9\u56fe\u56fe\u72ac|spa|1\n|upkeep\n|turn|3\n|\n|t:|1739084562\n|move|p1b: \u5e26\u6765\u7b11\u5bb9\u56fe\u56fe\u72ac|Follow Me|p1b: \u5e26\u6765\u7b11\u5bb9\u56fe\u56fe\u72ac\n|-singleturn|p1b: \u5e26\u6765\u7b11\u5bb9\u56fe\u56fe\u72ac|move: Follow Me\n|move|p2b: Jumpluff|Tailwind|p2b: Jumpluff\n|-sidestart|p2: thegreatcubone|move: Tailwind\n|move|p2a: Groudon|Precipice Blades|p1b: \u5e26\u6765\u7b11\u5bb9\u56fe\u56fe\u72ac|[spread] p1b\n|-miss|p2a: Groudon|p1a: \u5e26\u6765\u7b11\u5bb9\u81ed\u81ed\u6ce5\n|-damage|p1b: \u5e26\u6765\u7b11\u5bb9\u56fe\u56fe\u72ac|0 fnt\n|faint|p1b: \u5e26\u6765\u7b11\u5bb9\u56fe\u56fe\u72ac\n|-ability|p1a: \u5e26\u6765\u7b11\u5bb9\u81ed\u81ed\u6ce5|Moody|[from] ability: Power of Alchemy|[of] p1b: \u5e26\u6765\u7b11\u5bb9\u56fe\u56fe\u72ac\n|move|p1a: \u5e26\u6765\u7b11\u5bb9\u81ed\u81ed\u6ce5|Minimize|p1a: \u5e26\u6765\u7b11\u5bb9\u81ed\u81ed\u6ce5\n|-boost|p1a: \u5e26\u6765\u7b11\u5bb9\u81ed\u81ed\u6ce5|evasion|2\n|\n|-weather|SunnyDay|[upkeep]\n|-ability|p1a: \u5e26\u6765\u7b11\u5bb9\u81ed\u81ed\u6ce5|Moody|boost\n|-boost|p1a: \u5e26\u6765\u7b11\u5bb9\u81ed\u81ed\u6ce5|atk|2\n|-unboost|p1a: \u5e26\u6765\u7b11\u5bb9\u81ed\u81ed\u6ce5|def|1\n|upkeep\n|\n|t:|1739084568\n|switch|p1b: Flamigo|Flamigo, L50, F|100\/100\n|-copyboost|p1b: Flamigo|p1a: \u5e26\u6765\u7b11\u5bb9\u81ed\u81ed\u6ce5|[from] ability: Costar\n|-enditem|p1b: Flamigo|White Herb\n|-clearnegativeboost|p1b: Flamigo|[silent]\n|turn|4\n|\n|t:|1739084586\n|-terastallize|p2a: Groudon|Fire\n|move|p1b: Flamigo|Wide Guard|p1b: Flamigo\n|-singleturn|p1b: Flamigo|Wide Guard\n|move|p2b: Jumpluff|Encore|p1a: \u5e26\u6765\u7b11\u5bb9\u81ed\u81ed\u6ce5|[miss]\n|-miss|p2b: Jumpluff|p1a: \u5e26\u6765\u7b11\u5bb9\u81ed\u81ed\u6ce5\n|move|p2a: Groudon|Heat Crash|p1b: Flamigo\n|-damage|p1b: Flamigo|0 fnt\n|faint|p1b: Flamigo\n|move|p1a: \u5e26\u6765\u7b11\u5bb9\u81ed\u81ed\u6ce5|Substitute|p1a: \u5e26\u6765\u7b11\u5bb9\u81ed\u81ed\u6ce5\n|-start|p1a: \u5e26\u6765\u7b11\u5bb9\u81ed\u81ed\u6ce5|Substitute\n|-damage|p1a: \u5e26\u6765\u7b11\u5bb9\u81ed\u81ed\u6ce5|75\/100\n|\n|-weather|SunnyDay|[upkeep]\n|-heal|p1a: \u5e26\u6765\u7b11\u5bb9\u81ed\u81ed\u6ce5|82\/100|[from] item: Leftovers\n|-ability|p1a: \u5e26\u6765\u7b11\u5bb9\u81ed\u81ed\u6ce5|Moody|boost\n|-boost|p1a: \u5e26\u6765\u7b11\u5bb9\u81ed\u81ed\u6ce5|spa|2\n|-unboost|p1a: \u5e26\u6765\u7b11\u5bb9\u81ed\u81ed\u6ce5|def|1\n|upkeep\n|\n|t:|1739084603\n|switch|p1b: \u9b3c\u9a6c\u738b\u5929\u4e0b\u7b2c\u4e00|Calyrex-Shadow, L50|100\/100\n|-ability|p1b: \u9b3c\u9a6c\u738b\u5929\u4e0b\u7b2c\u4e00|As One\n|-ability|p1b: \u9b3c\u9a6c\u738b\u5929\u4e0b\u7b2c\u4e00|Unnerve\n|turn|5\n|\n|t:|1739084614\n|move|p1b: \u9b3c\u9a6c\u738b\u5929\u4e0b\u7b2c\u4e00|Protect|p1b: \u9b3c\u9a6c\u738b\u5929\u4e0b\u7b2c\u4e00\n|-singleturn|p1b: \u9b3c\u9a6c\u738b\u5929\u4e0b\u7b2c\u4e00|Protect\n|move|p2b: Jumpluff|Sleep Powder|p1b: \u9b3c\u9a6c\u738b\u5929\u4e0b\u7b2c\u4e00\n|-activate|p1b: \u9b3c\u9a6c\u738b\u5929\u4e0b\u7b2c\u4e00|move: Protect\n|move|p2a: Groudon|Crunch|p1b: \u9b3c\u9a6c\u738b\u5929\u4e0b\u7b2c\u4e00\n|-activate|p1b: \u9b3c\u9a6c\u738b\u5929\u4e0b\u7b2c\u4e00|move: Protect\n|move|p1a: \u5e26\u6765\u7b11\u5bb9\u81ed\u81ed\u6ce5|Toxic|p2a: Groudon\n|-status|p2a: Groudon|tox\n|\n|-weather|none\n|-heal|p1a: \u5e26\u6765\u7b11\u5bb9\u81ed\u81ed\u6ce5|88\/100|[from] item: Leftovers\n|-damage|p2a: Groudon|95\/100 tox|[from] psn\n|-ability|p1a: \u5e26\u6765\u7b11\u5bb9\u81ed\u81ed\u6ce5|Moody|boost\n|-boost|p1a: \u5e26\u6765\u7b11\u5bb9\u81ed\u81ed\u6ce5|spa|2\n|-unboost|p1a: \u5e26\u6765\u7b11\u5bb9\u81ed\u81ed\u6ce5|def|1\n|upkeep\n|turn|6\n|\n|t:|1739084639\n|-terastallize|p1b: \u9b3c\u9a6c\u738b\u5929\u4e0b\u7b2c\u4e00|Grass\n|move|p2b: Jumpluff|Encore|p1b: \u9b3c\u9a6c\u738b\u5929\u4e0b\u7b2c\u4e00\n|-start|p1b: \u9b3c\u9a6c\u738b\u5929\u4e0b\u7b2c\u4e00|Encore\n|move|p2a: Groudon|Heat Crash|p1a: \u5e26\u6765\u7b11\u5bb9\u81ed\u81ed\u6ce5\n|-end|p1a: \u5e26\u6765\u7b11\u5bb9\u81ed\u81ed\u6ce5|Substitute\n|move|p1b: \u9b3c\u9a6c\u738b\u5929\u4e0b\u7b2c\u4e00|Protect||[still]\n|-fail|p1b: \u9b3c\u9a6c\u738b\u5929\u4e0b\u7b2c\u4e00\n|move|p1a: \u5e26\u6765\u7b11\u5bb9\u81ed\u81ed\u6ce5|Knock Off|p2a: Groudon\n|-damage|p2a: Groudon|51\/100 tox\n|-enditem|p2a: Groudon|Clear Amulet|[from] move: Knock Off|[of] p1a: \u5e26\u6765\u7b11\u5bb9\u81ed\u81ed\u6ce5\n|\n|-heal|p1a: \u5e26\u6765\u7b11\u5bb9\u81ed\u81ed\u6ce5|94\/100|[from] item: Leftovers\n|-damage|p2a: Groudon|39\/100 tox|[from] psn\n|-sideend|p2: thegreatcubone|move: Tailwind\n|-ability|p1a: \u5e26\u6765\u7b11\u5bb9\u81ed\u81ed\u6ce5|Moody|boost\n|-boost|p1a: \u5e26\u6765\u7b11\u5bb9\u81ed\u81ed\u6ce5|def|2\n|-unboost|p1a: \u5e26\u6765\u7b11\u5bb9\u81ed\u81ed\u6ce5|spd|1\n|upkeep\n|turn|7\n|\n|t:|1739084659\n|move|p1b: \u9b3c\u9a6c\u738b\u5929\u4e0b\u7b2c\u4e00|Protect|p1b: \u9b3c\u9a6c\u738b\u5929\u4e0b\u7b2c\u4e00\n|-singleturn|p1b: \u9b3c\u9a6c\u738b\u5929\u4e0b\u7b2c\u4e00|Protect\n|move|p2b: Jumpluff|Pollen Puff|p2a: Groudon\n|-heal|p2a: Groudon|89\/100 tox\n|move|p2a: Groudon|Heat Crash|p1a: \u5e26\u6765\u7b11\u5bb9\u81ed\u81ed\u6ce5\n|-damage|p1a: \u5e26\u6765\u7b11\u5bb9\u81ed\u81ed\u6ce5|0 fnt\n|faint|p1a: \u5e26\u6765\u7b11\u5bb9\u81ed\u81ed\u6ce5\n|\n|-damage|p2a: Groudon|72\/100 tox|[from] psn\n|upkeep\n|turn|8\n|-message|LaceyZiyu\u7d2b\u7afd\u5b66\u59d0 forfeited.\n|\n|win|thegreatcubone\n|raw|LaceyZiyu\u7d2b\u7afd\u5b66\u59d0's rating: 1565 &rarr; <strong>1544<\/strong><br \/>(-21 for losing)\n|raw|thegreatcubone's rating: 1545 &rarr; <strong>1566<\/strong><br \/>(+21 for winning)\n|l|\u2606LaceyZiyu\u7d2b\u7afd\u5b66\u59d0\n|player|p1|\n|l|\u2606thegreatcubone\n|player|p2|\n","uploadtime":1739084843,"views":11,"formatid":"gen9vgc2025regg","rating":1544,"private":0,"password":null}