{"id":"gen9vgc2025regg-2297478185","format":"[Gen 9] VGC 2025 Reg G","players":["georgebraun","test-on-calls"],"log":"|j|\u2606georgebraun\n|j|\u2606test-on-calls\n|t:|1739120466\n|gametype|doubles\n|player|p1|georgebraun|gentleman-gen4|1576\n|player|p2|test-on-calls|169|1579\n|teamsize|p1|6\n|teamsize|p2|6\n|gen|9\n|tier|[Gen 9] VGC 2025 Reg G\n|rated|\n|rule|Species Clause: Limit one of each Pok\u00e9mon\n|rule|Item Clause: Limit 1 of each item\n|clearpoke\n|poke|p1|Rillaboom, L50, M|\n|poke|p1|Hitmontop, L50, M|\n|poke|p1|Smeargle, L50, F|\n|poke|p1|Urshifu-*, L50, M|\n|poke|p1|Murkrow, L50, M|\n|poke|p1|Kyogre, L50|\n|poke|p2|Flutter Mane, L50|\n|poke|p2|Groudon, L50|\n|poke|p2|Chi-Yu, L50|\n|poke|p2|Whimsicott, L50, M|\n|poke|p2|Toxapex, L50, M|\n|poke|p2|Zapdos-Galar, L50|\n|teampreview|4\n|inactive|Battle timer is ON: inactive players will automatically lose when time's up. (requested by georgebraun)\n|inactive|test-on-calls has 60 seconds left.\n|\n|t:|1739120519\n|start\n|switch|p1a: Smeargle|Smeargle, L50, F|100\/100\n|switch|p1b: Urshifu|Urshifu, L50, M|100\/100\n|switch|p2a: Whimsicott|Whimsicott, L50, M|100\/100\n|switch|p2b: Groudon|Groudon, L50, shiny|100\/100\n|-weather|SunnyDay|[from] ability: Drought|[of] p2b: Groudon\n|turn|1\n|\n|t:|1739120531\n|move|p1b: Urshifu|Detect|p1b: Urshifu\n|-singleturn|p1b: Urshifu|Protect\n|move|p2a: Whimsicott|Misty Terrain|p2a: Whimsicott\n|-fieldstart|move: Misty Terrain\n|move|p1a: Smeargle|Spore|p2b: Groudon\n|-activate|p2b: Groudon|move: Misty Terrain\n|move|p2b: Groudon|Precipice Blades|p1a: Smeargle|[spread] p1a\n|-activate|p1b: Urshifu|move: Protect\n|-enditem|p1a: Smeargle|Focus Sash\n|-damage|p1a: Smeargle|1\/100\n|\n|-weather|SunnyDay|[upkeep]\n|-ability|p1a: Smeargle|Moody|boost\n|-boost|p1a: Smeargle|atk|2\n|-unboost|p1a: Smeargle|spe|1\n|upkeep\n|turn|2\n|\n|t:|1739120551\n|switch|p1a: Hitmontop|Hitmontop, L50, M|100\/100\n|-ability|p1a: Hitmontop|Intimidate|boost\n|-unboost|p2a: Whimsicott|atk|1\n|-unboost|p2b: Groudon|atk|1\n|-terastallize|p1b: Urshifu|Dark\n|move|p2a: Whimsicott|Tailwind|p2a: Whimsicott\n|-sidestart|p2: test-on-calls|move: Tailwind\n|move|p2b: Groudon|Precipice Blades|p1a: Hitmontop|[spread] p1a,p1b\n|-damage|p1a: Hitmontop|53\/100\n|-damage|p1b: Urshifu|61\/100\n|move|p1b: Urshifu|Wicked Blow|p2b: Groudon\n|-crit|p2b: Groudon\n|-damage|p2b: Groudon|25\/100\n|-damage|p1b: Urshifu|51\/100|[from] item: Life Orb\n|\n|-weather|SunnyDay|[upkeep]\n|upkeep\n|turn|3\n|\n|t:|1739120573\n|switch|p2b: Flutter Mane|Flutter Mane, L50, shiny|100\/100\n|-activate|p2b: Flutter Mane|ability: Protosynthesis\n|-start|p2b: Flutter Mane|protosynthesisspe\n|-terastallize|p2a: Whimsicott|Ghost\n|move|p1a: Hitmontop|Fake Out|p2a: Whimsicott\n|-immune|p2a: Whimsicott\n|move|p2a: Whimsicott|Moonblast|p1b: Urshifu\n|-supereffective|p1b: Urshifu\n|-damage|p1b: Urshifu|0 fnt\n|faint|p1b: Urshifu\n|\n|-weather|SunnyDay|[upkeep]\n|upkeep\n|j| teddyster\n|\n|t:|1739120581\n|switch|p1b: Kyogre|Kyogre, L50|100\/100\n|-weather|RainDance|[from] ability: Drizzle|[of] p1b: Kyogre\n|-end|p2b: Flutter Mane|Protosynthesis\n|turn|4\n|\n|t:|1739120585\n|move|p1a: Hitmontop|Helping Hand|p1b: Kyogre\n|-singleturn|p1b: Kyogre|Helping Hand|[of] p1a: Hitmontop\n|move|p2b: Flutter Mane|Thunderbolt|p1b: Kyogre\n|-supereffective|p1b: Kyogre\n|-damage|p1b: Kyogre|31\/100\n|move|p2a: Whimsicott|Moonblast|p1b: Kyogre\n|-damage|p1b: Kyogre|4\/100\n|move|p1b: Kyogre|Origin Pulse|p2b: Flutter Mane|[spread] p2b\n|-miss|p1b: Kyogre|p2a: Whimsicott\n|-damage|p2b: Flutter Mane|0 fnt\n|faint|p2b: Flutter Mane\n|-end|p2b: Flutter Mane|Protosynthesis|[silent]\n|\n|-weather|RainDance|[upkeep]\n|upkeep\n|\n|t:|1739120589\n|switch|p2b: Groudon|Groudon, L50, shiny|25\/100\n|-weather|SunnyDay|[from] ability: Drought|[of] p2b: Groudon\n|turn|5\n|-message|georgebraun forfeited.\n|\n|win|test-on-calls\n|raw|georgebraun's rating: 1576 &rarr; <strong>1556<\/strong><br \/>(-20 for losing)\n|raw|test-on-calls's rating: 1579 &rarr; <strong>1599<\/strong><br \/>(+20 for winning)\n|l|\u2606georgebraun\n|player|p1|\n|l|\u2606test-on-calls\n|player|p2|\n","uploadtime":1739120824,"views":10,"formatid":"gen9vgc2025regg","rating":1556,"private":0,"password":null}