{"id":"gen9vgc2025regg-2297111830","format":"[Gen 9] VGC 2025 Reg G","players":["superpowerpoke","Elektriktoad"],"log":"|j|\u2606superpowerpoke\n|j|\u2606Elektriktoad\n|t:|1739059775\n|gametype|doubles\n|player|p1|superpowerpoke|1|1619\n|player|p2|Elektriktoad|janine|1646\n|teamsize|p1|6\n|teamsize|p2|6\n|gen|9\n|tier|[Gen 9] VGC 2025 Reg G\n|rated|\n|rule|Species Clause: Limit one of each Pok\u00e9mon\n|rule|Item Clause: Limit 1 of each item\n|clearpoke\n|poke|p1|Kyogre, L50|\n|poke|p1|Whimsicott, L50, M|\n|poke|p1|Chien-Pao, L50|\n|poke|p1|Urshifu-*, L50, M|\n|poke|p1|Iron Leaves, L50|\n|poke|p1|Raging Bolt, L50|\n|poke|p2|Calyrex-Ice, L50|\n|poke|p2|Trapinch, L50, M|\n|poke|p2|Annihilape, L50, F|\n|poke|p2|Pelipper, L50, F|\n|poke|p2|Jigglypuff, L50, M|\n|poke|p2|Urshifu-*, L50, F|\n|teampreview|4\n|j| gieoeo\n|\n|t:|1739059799\n|start\n|switch|p1a: Whimsicott|Whimsicott, L50, M|100\/100\n|switch|p1b: Urshifu|Urshifu, L50, M|100\/100\n|switch|p2a: Annihilape|Annihilape, L50, F|100\/100\n|switch|p2b: Calyrex|Calyrex-Ice, L50|100\/100\n|-ability|p2b: Calyrex|As One\n|-ability|p2b: Calyrex|Unnerve\n|turn|1\n|\n|t:|1739059832\n|-terastallize|p2b: Calyrex|Grass\n|move|p1a: Whimsicott|Tailwind|p1a: Whimsicott\n|-sidestart|p1: superpowerpoke|move: Tailwind\n|move|p1b: Urshifu|Wicked Blow|p2b: Calyrex\n|-crit|p2b: Calyrex\n|-damage|p2b: Calyrex|42\/100\n|move|p2a: Annihilape|Close Combat|p1b: Urshifu\n|-supereffective|p1b: Urshifu\n|-damage|p1b: Urshifu|8\/100\n|-unboost|p2a: Annihilape|def|1\n|-unboost|p2a: Annihilape|spd|1\n|move|p2b: Calyrex|Glacial Lance|p1b: Urshifu|[spread] p1a,p1b\n|-supereffective|p1a: Whimsicott\n|-enditem|p1a: Whimsicott|Focus Sash\n|-damage|p1a: Whimsicott|1\/100\n|-damage|p1b: Urshifu|0 fnt\n|faint|p1b: Urshifu\n|-ability|p2b: Calyrex|Chilling Neigh|boost\n|-boost|p2b: Calyrex|atk|1\n|\n|upkeep\n|\n|t:|1739059857\n|switch|p1b: Chien-Pao|Chien-Pao, L50|100\/100\n|-ability|p1b: Chien-Pao|Sword of Ruin\n|turn|2\n|\n|t:|1739059881\n|move|p1a: Whimsicott|Moonblast|p2a: Annihilape\n|-supereffective|p2a: Annihilape\n|-damage|p2a: Annihilape|3\/100\n|-unboost|p2a: Annihilape|spa|1\n|move|p1b: Chien-Pao|Ice Spinner|p2b: Calyrex\n|-supereffective|p2b: Calyrex\n|-damage|p2b: Calyrex|0 fnt\n|faint|p2b: Calyrex\n|-damage|p1b: Chien-Pao|91\/100|[from] item: Life Orb\n|move|p2a: Annihilape|Close Combat|p1b: Chien-Pao\n|-supereffective|p1b: Chien-Pao\n|-damage|p1b: Chien-Pao|0 fnt\n|-unboost|p2a: Annihilape|def|1\n|-unboost|p2a: Annihilape|spd|1\n|faint|p1b: Chien-Pao\n|\n|upkeep\n|\n|t:|1739059907\n|switch|p1b: Kyogre|Kyogre, L50|100\/100\n|switch|p2b: Jigglypuff|Jigglypuff, L50, M|100\/100\n|-weather|RainDance|[from] ability: Drizzle|[of] p1b: Kyogre\n|turn|3\n|\n|t:|1739059918\n|move|p1a: Whimsicott|Endeavor|p2b: Jigglypuff\n|-damage|p2b: Jigglypuff|1\/100\n|move|p2a: Annihilape|Close Combat|p1a: Whimsicott\n|-resisted|p1a: Whimsicott\n|-damage|p1a: Whimsicott|0 fnt\n|-unboost|p2a: Annihilape|def|1\n|-unboost|p2a: Annihilape|spd|1\n|faint|p1a: Whimsicott\n|move|p1b: Kyogre|Water Spout|p2a: Annihilape|[spread] p2a,p2b\n|-crit|p2b: Jigglypuff\n|-damage|p2a: Annihilape|0 fnt\n|-damage|p2b: Jigglypuff|0 fnt\n|faint|p2a: Annihilape\n|faint|p2b: Jigglypuff\n|\n|-weather|RainDance|[upkeep]\n|upkeep\n|\n|t:|1739059928\n|switch|p2a: Pelipper|Pelipper, L50, F|100\/100\n|turn|4\n|\n|t:|1739059942\n|move|p2a: Pelipper|Protect|p2a: Pelipper\n|-singleturn|p2a: Pelipper|Protect\n|move|p1b: Kyogre|Thunder|p2a: Pelipper\n|-activate|p2a: Pelipper|move: Protect\n|\n|-weather|RainDance|[upkeep]\n|-sideend|p1: superpowerpoke|move: Tailwind\n|upkeep\n|turn|5\n|c|\u2606Elektriktoad|Gg\n|\n|t:|1739059951\n|move|p1b: Kyogre|Thunder|p2a: Pelipper\n|-supereffective|p2a: Pelipper\n|-damage|p2a: Pelipper|0 fnt\n|faint|p2a: Pelipper\n|\n|win|superpowerpoke\n|raw|superpowerpoke's rating: 1619 &rarr; <strong>1641<\/strong><br \/>(+22 for winning)\n|raw|Elektriktoad's rating: 1646 &rarr; <strong>1624<\/strong><br \/>(-22 for losing)\n|l|\u2606Elektriktoad\n|player|p2|\n|l|\u2606superpowerpoke\n|player|p1|\n|l| gieoeo\n","uploadtime":1739060195,"views":12,"formatid":"gen9vgc2025regg","rating":1624,"private":0,"password":null}