{"id":"gen9vgc2025regg-2297555215","format":"[Gen 9] VGC 2025 Reg G","players":["DillonChills","Nightwind Husky"],"log":"|j|\u2606DillonChills\n|j|\u2606Nightwind Husky\n|t:|1739129554\n|gametype|doubles\n|player|p1|DillonChills|169|1577\n|player|p2|Nightwind Husky|265|1526\n|teamsize|p1|6\n|teamsize|p2|6\n|gen|9\n|tier|[Gen 9] VGC 2025 Reg G\n|rated|\n|rule|Species Clause: Limit one of each Pok\u00e9mon\n|rule|Item Clause: Limit 1 of each item\n|clearpoke\n|poke|p1|Ursaluna, L50, M|\n|poke|p1|Iron Crown, L50|\n|poke|p1|Urshifu-*, L50, F|\n|poke|p1|Incineroar, L50, M|\n|poke|p1|Miraidon, L50|\n|poke|p1|Whimsicott, L50, F|\n|poke|p2|Calyrex-Ice, L50|\n|poke|p2|Landorus, L50, M|\n|poke|p2|Amoonguss, L50, M|\n|poke|p2|Urshifu-*, L50, M|\n|poke|p2|Roaring Moon, L50|\n|poke|p2|Ogerpon-Hearthflame, L50, F|\n|teampreview|4\n|inactive|Battle timer is ON: inactive players will automatically lose when time's up. (requested by Nightwind Husky)\n|j| Funn yIy\n|\n|t:|1739129568\n|start\n|switch|p1a: Whimsicott|Whimsicott, L50, F|100\/100\n|switch|p1b: Iron Crown|Iron Crown, L50|100\/100\n|switch|p2a: Ogerpon|Ogerpon-Hearthflame, L50, F|100\/100\n|switch|p2b: Calyrex|Calyrex-Ice, L50|100\/100\n|-ability|p2b: Calyrex|As One\n|-ability|p2b: Calyrex|Unnerve\n|-ability|p2a: Ogerpon|Mold Breaker\n|turn|1\n|l| Funn yIy\n|\n|t:|1739129588\n|move|p2b: Calyrex|Protect|p2b: Calyrex\n|-singleturn|p2b: Calyrex|Protect\n|move|p1a: Whimsicott|Moonblast|p2a: Ogerpon\n|-resisted|p2a: Ogerpon\n|-damage|p2a: Ogerpon|83\/100\n|move|p1b: Iron Crown|Psyshock|p2a: Ogerpon\n|-damage|p2a: Ogerpon|42\/100\n|-damage|p1b: Iron Crown|91\/100|[from] item: Life Orb\n|move|p2a: Ogerpon|Ivy Cudgel|p1b: Iron Crown|[anim] Ivy Cudgel Fire\n|-supereffective|p1b: Iron Crown\n|-damage|p1b: Iron Crown|0 fnt\n|faint|p1b: Iron Crown\n|-end|p1b: Iron Crown|Quark Drive|[silent]\n|\n|upkeep\n|\n|t:|1739129601\n|switch|p1b: Urshifu|Urshifu-Rapid-Strike, L50, F|100\/100\n|turn|2\n|\n|t:|1739129611\n|move|p2a: Ogerpon|Follow Me|p2a: Ogerpon\n|-singleturn|p2a: Ogerpon|move: Follow Me\n|move|p1a: Whimsicott|Encore|p2a: Ogerpon\n|-start|p2a: Ogerpon|Encore\n|move|p1b: Urshifu|Surging Strikes|p2a: Ogerpon\n|-crit|p2a: Ogerpon\n|-damage|p2a: Ogerpon|21\/100\n|-crit|p2a: Ogerpon\n|-damage|p2a: Ogerpon|0 fnt\n|faint|p2a: Ogerpon\n|-hitcount|p2: Ogerpon|2\n|move|p2b: Calyrex|Glacial Lance|p1a: Whimsicott|[spread] p1a,p1b\n|-supereffective|p1a: Whimsicott\n|-resisted|p1b: Urshifu\n|-enditem|p1a: Whimsicott|Focus Sash\n|-damage|p1a: Whimsicott|1\/100\n|-damage|p1b: Urshifu|73\/100\n|\n|upkeep\n|\n|t:|1739129629\n|switch|p2a: Roaring Moon|Roaring Moon, L50|100\/100\n|-enditem|p2a: Roaring Moon|Booster Energy\n|-activate|p2a: Roaring Moon|ability: Protosynthesis|[fromitem]\n|-start|p2a: Roaring Moon|protosynthesisspe\n|turn|3\n|\n|t:|1739129637\n|move|p1a: Whimsicott|Tailwind|p1a: Whimsicott\n|-sidestart|p1: DillonChills|move: Tailwind\n|move|p1b: Urshifu|Close Combat|p2a: Roaring Moon\n|-supereffective|p2a: Roaring Moon\n|-damage|p2a: Roaring Moon|0 fnt\n|-unboost|p1b: Urshifu|def|1\n|-unboost|p1b: Urshifu|spd|1\n|faint|p2a: Roaring Moon\n|-end|p2a: Roaring Moon|Protosynthesis|[silent]\n|move|p2b: Calyrex|Glacial Lance|p1b: Urshifu|[spread] p1a,p1b\n|-supereffective|p1a: Whimsicott\n|-resisted|p1b: Urshifu\n|-damage|p1a: Whimsicott|0 fnt\n|-damage|p1b: Urshifu|33\/100\n|faint|p1a: Whimsicott\n|-ability|p2b: Calyrex|Chilling Neigh|boost\n|-boost|p2b: Calyrex|atk|1\n|\n|upkeep\n|\n|t:|1739129652\n|switch|p1a: Miraidon|Miraidon, L50|100\/100\n|switch|p2a: Landorus|Landorus, L50, M|100\/100\n|-fieldstart|move: Electric Terrain|[from] ability: Hadron Engine|[of] p1a: Miraidon\n|turn|4\n|\n|t:|1739129677\n|-terastallize|p1a: Miraidon|Ghost\n|-terastallize|p2a: Landorus|Water\n|move|p2b: Calyrex|Protect|p2b: Calyrex\n|-singleturn|p2b: Calyrex|Protect\n|move|p1a: Miraidon|Dragon Pulse|p2b: Calyrex\n|-activate|p2b: Calyrex|move: Protect\n|move|p1b: Urshifu|Surging Strikes|p2a: Landorus\n|-resisted|p2a: Landorus\n|-crit|p2a: Landorus\n|-damage|p2a: Landorus|89\/100\n|-resisted|p2a: Landorus\n|-crit|p2a: Landorus\n|-damage|p2a: Landorus|78\/100\n|-resisted|p2a: Landorus\n|-crit|p2a: Landorus\n|-damage|p2a: Landorus|66\/100\n|-hitcount|p2a: Landorus|3\n|move|p2a: Landorus|Earth Power|p1a: Miraidon\n|-damage|p1a: Miraidon|34\/100\n|\n|upkeep\n|turn|5\n|inactive|Nightwind Husky has 30 seconds left.\n|\n|t:|1739129703\n|move|p1a: Miraidon|Dragon Pulse|p2b: Calyrex\n|-damage|p2b: Calyrex|36\/100\n|move|p1b: Urshifu|Surging Strikes|p2b: Calyrex\n|-crit|p2b: Calyrex\n|-damage|p2b: Calyrex|20\/100\n|-crit|p2b: Calyrex\n|-damage|p2b: Calyrex|3\/100\n|-crit|p2b: Calyrex\n|-damage|p2b: Calyrex|0 fnt\n|faint|p2b: Calyrex\n|-hitcount|p2: Calyrex|3\n|move|p2a: Landorus|Earth Power|p1a: Miraidon\n|-damage|p1a: Miraidon|0 fnt\n|faint|p1a: Miraidon\n|\n|upkeep\n|turn|6\n|\n|t:|1739129717\n|move|p1b: Urshifu|Close Combat|p2a: Landorus\n|-damage|p2a: Landorus|4\/100\n|-unboost|p1b: Urshifu|def|1\n|-unboost|p1b: Urshifu|spd|1\n|move|p2a: Landorus|Earth Power|p1b: Urshifu\n|-damage|p1b: Urshifu|0 fnt\n|faint|p1b: Urshifu\n|\n|win|Nightwind Husky\n|raw|DillonChills's rating: 1577 &rarr; <strong>1554<\/strong><br \/>(-23 for losing)\n|raw|Nightwind Husky's rating: 1526 &rarr; <strong>1549<\/strong><br \/>(+23 for winning)\n|l|\u2606DillonChills\n|player|p1|\n|l|\u2606Nightwind Husky\n|player|p2|\n","uploadtime":1739129737,"views":5,"formatid":"gen9vgc2025regg","rating":1549,"private":0,"password":null}