{"id":"gen9vgc2025regg-2297396245","format":"[Gen 9] VGC 2025 Reg G","players":["24Ray21","SeaWolfMikess"],"log":"|j|\u260624Ray21\n|j|\u2606SeaWolfMikess\n|t:|1739109182\n|gametype|doubles\n|player|p1|24Ray21|266|1537\n|player|p2|SeaWolfMikess|hugh|1695\n|teamsize|p1|6\n|teamsize|p2|6\n|gen|9\n|tier|[Gen 9] VGC 2025 Reg G\n|rated|\n|rule|Species Clause: Limit one of each Pok\u00e9mon\n|rule|Item Clause: Limit 1 of each item\n|clearpoke\n|poke|p1|Calyrex-Shadow, L50|\n|poke|p1|Mienshao, L50, F|\n|poke|p1|Incineroar, L50, M|\n|poke|p1|Indeedee-F, L50, F|\n|poke|p1|Raging Bolt, L50|\n|poke|p1|Whimsicott, L50, F|\n|poke|p2|Miraidon, L50|\n|poke|p2|Sneasler, L50, F|\n|poke|p2|Chien-Pao, L50|\n|poke|p2|Ogerpon-Hearthflame, L50, F|\n|poke|p2|Iron Hands, L50|\n|poke|p2|Urshifu-*, L50, F|\n|teampreview|4\n|\n|t:|1739109239\n|start\n|switch|p1a: Calyrex|Calyrex-Shadow, L50|100\/100\n|switch|p1b: Indeedee|Indeedee-F, L50, F|100\/100\n|switch|p2a: Miraidon|Miraidon, L50|100\/100\n|switch|p2b: Sneasler|Sneasler, L50, F|100\/100\n|-ability|p1a: Calyrex|As One\n|-ability|p1a: Calyrex|Unnerve\n|-fieldstart|move: Electric Terrain|[from] ability: Hadron Engine|[of] p2a: Miraidon\n|-enditem|p2b: Sneasler|Electric Seed\n|-boost|p2b: Sneasler|def|1|[from] item: Electric Seed\n|-fieldstart|move: Psychic Terrain|[from] ability: Psychic Surge|[of] p1b: Indeedee\n|-enditem|p1b: Indeedee|Psychic Seed\n|-boost|p1b: Indeedee|spd|1|[from] item: Psychic Seed\n|turn|1\n|\n|t:|1739109272\n|-terastallize|p2b: Sneasler|Dark\n|move|p1b: Indeedee|Follow Me|p1b: Indeedee\n|-singleturn|p1b: Indeedee|move: Follow Me\n|move|p2b: Sneasler|Throat Chop|p1b: Indeedee\n|-supereffective|p1b: Indeedee\n|-damage|p1b: Indeedee|8\/100\n|-start|p1b: Indeedee|Throat Chop|[silent]\n|move|p1a: Calyrex|Expanding Force|p2b: Sneasler|[spread] p2a\n|-immune|p2b: Sneasler\n|-damage|p2a: Miraidon|14\/100\n|-damage|p1a: Calyrex|91\/100|[from] item: Life Orb\n|move|p2a: Miraidon|Volt Switch|p1b: Indeedee\n|-crit|p1b: Indeedee\n|-damage|p1b: Indeedee|0 fnt\n|faint|p1b: Indeedee\n|\n|t:|1739109279\n|switch|p2a: Chien-Pao|Chien-Pao, L50|100\/100|[from] Volt Switch\n|-ability|p2a: Chien-Pao|Sword of Ruin\n|\n|upkeep\n|\n|t:|1739109293\n|switch|p1b: Incineroar|Incineroar, L50, M|100\/100\n|-ability|p1b: Incineroar|Intimidate|boost\n|-unboost|p2a: Chien-Pao|atk|1\n|-unboost|p2b: Sneasler|atk|1\n|turn|2\n|inactive|Battle timer is ON: inactive players will automatically lose when time's up. (requested by SeaWolfMikess)\n|\n|t:|1739109340\n|move|p1a: Calyrex|Protect|p1a: Calyrex\n|-singleturn|p1a: Calyrex|Protect\n|move|p1b: Incineroar|Fake Out|p2a: Chien-Pao\n|-activate|p2a: Chien-Pao|move: Psychic Terrain\n|move|p2b: Sneasler|Close Combat|p1a: Calyrex\n|-activate|p1a: Calyrex|move: Protect\n|move|p2a: Chien-Pao|Throat Chop|p1a: Calyrex\n|-activate|p1a: Calyrex|move: Protect\n|\n|upkeep\n|turn|3\n|\n|t:|1739109361\n|switch|p1a: Raging Bolt|Raging Bolt, L50|100\/100\n|-enditem|p1a: Raging Bolt|Booster Energy\n|-activate|p1a: Raging Bolt|ability: Protosynthesis|[fromitem]\n|-start|p1a: Raging Bolt|protosynthesisspa\n|move|p2b: Sneasler|Gunk Shot|p1a: Raging Bolt|[miss]\n|-miss|p2b: Sneasler|p1a: Raging Bolt\n|move|p2a: Chien-Pao|Throat Chop|p1a: Raging Bolt\n|-damage|p1a: Raging Bolt|64\/100\n|-start|p1a: Raging Bolt|Throat Chop|[silent]\n|move|p1b: Incineroar|Will-O-Wisp|p2a: Chien-Pao|[miss]\n|-miss|p1b: Incineroar|p2a: Chien-Pao\n|\n|upkeep\n|turn|4\n|\n|t:|1739109378\n|move|p1a: Raging Bolt|Protect|p1a: Raging Bolt\n|-singleturn|p1a: Raging Bolt|Protect\n|move|p2b: Sneasler|Close Combat|p1b: Incineroar\n|-supereffective|p1b: Incineroar\n|-damage|p1b: Incineroar|19\/100\n|-unboost|p2b: Sneasler|def|1\n|-unboost|p2b: Sneasler|spd|1\n|-damage|p2b: Sneasler|84\/100|[from] item: Rocky Helmet|[of] p1b: Incineroar\n|move|p2a: Chien-Pao|Icicle Crash|p1a: Raging Bolt\n|-activate|p1a: Raging Bolt|move: Protect\n|move|p1b: Incineroar|Will-O-Wisp|p2b: Sneasler\n|-status|p2b: Sneasler|brn\n|\n|-damage|p2b: Sneasler|78\/100 brn|[from] brn\n|-end|p1a: Raging Bolt|Throat Chop|[silent]\n|upkeep\n|turn|5\n|inactive|24Ray21 has 30 seconds left.\n|inactive|24Ray21 has 20 seconds left.\n|inactive|24Ray21 has 15 seconds left.\n|inactive|24Ray21 has 10 seconds left.\n|\n|t:|1739109426\n|-terastallize|p1a: Raging Bolt|Electric\n|move|p2b: Sneasler|Gunk Shot|p1a: Raging Bolt|[miss]\n|-miss|p2b: Sneasler|p1a: Raging Bolt\n|move|p2a: Chien-Pao|Icicle Crash|p1a: Raging Bolt\n|-damage|p1a: Raging Bolt|29\/100\n|move|p1a: Raging Bolt|Thunderbolt|p2b: Sneasler\n|-damage|p2b: Sneasler|0 fnt\n|faint|p2b: Sneasler\n|move|p1b: Incineroar|Will-O-Wisp|p2a: Chien-Pao\n|-status|p2a: Chien-Pao|brn\n|\n|-damage|p2a: Chien-Pao|95\/100 brn|[from] brn\n|-fieldend|move: Psychic Terrain\n|upkeep\n|\n|t:|1739109435\n|switch|p2b: Iron Hands|Iron Hands, L50|100\/100\n|turn|6\n|inactive|SeaWolfMikess has 30 seconds left.\n|\n|t:|1739109464\n|move|p2b: Iron Hands|Fake Out|p1a: Raging Bolt\n|-damage|p1a: Raging Bolt|8\/100\n|cant|p1a: Raging Bolt|flinch\n|move|p2a: Chien-Pao|Throat Chop|p1a: Raging Bolt\n|-damage|p1a: Raging Bolt|0 fnt\n|faint|p1a: Raging Bolt\n|-end|p1a: Raging Bolt|Protosynthesis|[silent]\n|move|p1b: Incineroar|Will-O-Wisp|p2b: Iron Hands\n|-status|p2b: Iron Hands|brn\n|\n|-damage|p2a: Chien-Pao|89\/100 brn|[from] brn\n|-damage|p2b: Iron Hands|94\/100 brn|[from] brn\n|upkeep\n|\n|t:|1739109479\n|switch|p1a: Calyrex|Calyrex-Shadow, L50|91\/100\n|-ability|p1a: Calyrex|As One\n|-ability|p1a: Calyrex|Unnerve\n|turn|7\n|\n|t:|1739109489\n|move|p2a: Chien-Pao|Sucker Punch|p1a: Calyrex\n|-supereffective|p1a: Calyrex\n|-damage|p1a: Calyrex|11\/100\n|move|p1a: Calyrex|Pollen Puff|p2a: Chien-Pao\n|-supereffective|p2a: Chien-Pao\n|-damage|p2a: Chien-Pao|0 fnt\n|faint|p2a: Chien-Pao\n|-ability|p1a: Calyrex|Grim Neigh|boost\n|-boost|p1a: Calyrex|spa|1\n|-damage|p1a: Calyrex|1\/100|[from] item: Life Orb\n|move|p1b: Incineroar|Knock Off|p2b: Iron Hands\n|-resisted|p2b: Iron Hands\n|-damage|p2b: Iron Hands|81\/100 brn\n|-enditem|p2b: Iron Hands|Assault Vest|[from] move: Knock Off|[of] p1b: Incineroar\n|move|p2b: Iron Hands|Drain Punch|p1b: Incineroar\n|-supereffective|p1b: Incineroar\n|-damage|p1b: Incineroar|0 fnt\n|-heal|p2b: Iron Hands|89\/100 brn|[from] drain|[of] p1b: Incineroar\n|-damage|p2b: Iron Hands|72\/100 brn|[from] item: Rocky Helmet|[of] p1b: Incineroar\n|faint|p1b: Incineroar\n|\n|-damage|p2b: Iron Hands|66\/100 brn|[from] brn\n|upkeep\n|\n|t:|1739109492\n|switch|p2a: Miraidon|Miraidon, L50|14\/100\n|-fieldstart|move: Electric Terrain|[from] ability: Hadron Engine|[of] p2a: Miraidon\n|-activate|p2b: Iron Hands|ability: Quark Drive\n|-start|p2b: Iron Hands|quarkdriveatk\n|turn|8\n|inactive|24Ray21 has 30 seconds left.\n|\n|t:|1739109518\n|move|p1a: Calyrex|Protect|p1a: Calyrex\n|-singleturn|p1a: Calyrex|Protect\n|move|p2a: Miraidon|Electro Drift|p1a: Calyrex\n|-activate|p1a: Calyrex|move: Protect\n|move|p2b: Iron Hands|Wild Charge|p1a: Calyrex\n|-activate|p1a: Calyrex|move: Protect\n|\n|-damage|p2b: Iron Hands|60\/100 brn|[from] brn\n|upkeep\n|turn|9\n|\n|t:|1739109530\n|move|p1a: Calyrex|Astral Barrage|p2a: Miraidon|[spread] p2a,p2b\n|-damage|p2a: Miraidon|0 fnt\n|-damage|p2b: Iron Hands|0 fnt\n|faint|p2a: Miraidon\n|faint|p2b: Iron Hands\n|-end|p2b: Iron Hands|Quark Drive|[silent]\n|-damage|p1a: Calyrex|0 fnt|[from] item: Life Orb\n|faint|p1a: Calyrex\n|\n|win|24Ray21\n|raw|24Ray21's rating: 1537 &rarr; <strong>1566<\/strong><br \/>(+29 for winning)\n|raw|SeaWolfMikess's rating: 1695 &rarr; <strong>1666<\/strong><br \/>(-29 for losing)\n|l|\u2606SeaWolfMikess\n|player|p2|\n","uploadtime":1739109766,"views":15,"formatid":"gen9vgc2025regg","rating":1566,"private":0,"password":null}