{"id":"gen9vgc2025regg-2297973041","format":"[Gen 9] VGC 2025 Reg G","players":["liamvgc01","longhq"],"log":"|j|\u2606liamvgc01\n|j|\u203dlonghq\n|t:|1739194545\n|gametype|doubles\n|player|p1|liamvgc01|red|1560\n|player|p2|longhq|dawn|1623\n|teamsize|p1|6\n|teamsize|p2|6\n|gen|9\n|tier|[Gen 9] VGC 2025 Reg G\n|rated|\n|rule|Species Clause: Limit one of each Pok\u00e9mon\n|rule|Item Clause: Limit 1 of each item\n|clearpoke\n|poke|p1|Amoonguss, L50, M|\n|poke|p1|Ogerpon-Cornerstone, L50, F|\n|poke|p1|Urshifu-*, L50, M|\n|poke|p1|Whimsicott, L50, M|\n|poke|p1|Landorus, L50, M|\n|poke|p1|Calyrex-Ice, L50|\n|poke|p2|Raging Bolt, L50|\n|poke|p2|Gouging Fire, L50|\n|poke|p2|Koraidon, L50|\n|poke|p2|Indeedee-F, L50, F|\n|poke|p2|Kingambit, L50, M|\n|poke|p2|Jumpluff, L50, F|\n|teampreview|4\n|inactive|Battle timer is ON: inactive players will automatically lose when time's up. (requested by liamvgc01)\n|inactive|longhq has 60 seconds left.\n|\n|t:|1739194593\n|start\n|switch|p1a: Whimsicott|Whimsicott, L50, M|100\/100\n|switch|p1b: Ogerpon|Ogerpon-Cornerstone, L50, F|100\/100\n|switch|p2a: Gouging Fire|Gouging Fire, L50|100\/100\n|switch|p2b: Koraidon|Koraidon, L50|100\/100\n|-weather|SunnyDay|[from] ability: Orichalcum Pulse|[of] p2b: Koraidon\n|-activate|p2a: Gouging Fire|ability: Protosynthesis\n|-start|p2a: Gouging Fire|protosynthesisspe\n|-activate|p2b: Koraidon|Orichalcum Pulse|[source]\n|turn|1\n|\n|t:|1739194613\n|move|p2a: Gouging Fire|Burning Bulwark|p2a: Gouging Fire\n|-singleturn|p2a: Gouging Fire|move: Protect\n|move|p1a: Whimsicott|Tailwind|p1a: Whimsicott\n|-sidestart|p1: liamvgc01|move: Tailwind\n|move|p1b: Ogerpon|Ivy Cudgel|p2a: Gouging Fire|[anim] Ivy Cudgel Rock\n|-activate|p2a: Gouging Fire|move: Protect\n|move|p2b: Koraidon|U-turn|p1b: Ogerpon\n|-supereffective|p1b: Ogerpon\n|-ability|p1b: Ogerpon|Sturdy\n|-damage|p1b: Ogerpon|1\/100\n|\n|t:|1739194627\n|switch|p2b: Kingambit|Kingambit, L50, M|100\/100|[from] U-turn\n|\n|-weather|SunnyDay|[upkeep]\n|upkeep\n|turn|2\n|\n|t:|1739194649\n|-end|p2a: Gouging Fire|Protosynthesis|[silent]\n|switch|p2a: Koraidon|Koraidon, L50|100\/100\n|-activate|p2a: Koraidon|ability: Orichalcum Pulse\n|move|p1a: Whimsicott|Encore||[still]\n|-fail|p1a: Whimsicott\n|move|p2b: Kingambit|Sucker Punch|p1b: Ogerpon\n|-damage|p1b: Ogerpon|0 fnt\n|faint|p1b: Ogerpon\n|\n|-weather|SunnyDay|[upkeep]\n|upkeep\n|\n|t:|1739194660\n|switch|p1b: Landorus|Landorus, L50, M|100\/100\n|turn|3\n|inactive|longhq has 30 seconds left.\n|\n|t:|1739194686\n|switch|p2a: Gouging Fire|Gouging Fire, L50|100\/100\n|-activate|p2a: Gouging Fire|ability: Protosynthesis\n|-start|p2a: Gouging Fire|protosynthesisspe\n|-terastallize|p1a: Whimsicott|Fire\n|-terastallize|p2b: Kingambit|Dark\n|move|p2b: Kingambit|Sucker Punch|p1b: Landorus\n|-damage|p1b: Landorus|35\/100\n|move|p1a: Whimsicott|Moonblast|p2a: Gouging Fire\n|-damage|p2a: Gouging Fire|73\/100\n|move|p1b: Landorus|Earth Power|p2b: Kingambit\n|-damage|p2b: Kingambit|26\/100\n|\n|-weather|SunnyDay|[upkeep]\n|upkeep\n|turn|4\n|inactive|longhq has 30 seconds left.\n|inactive|longhq has 20 seconds left.\n|inactive|longhq has 15 seconds left.\n|inactive|longhq has 10 seconds left.\n|\n|t:|1739194733\n|move|p1b: Landorus|Protect|p1b: Landorus\n|-singleturn|p1b: Landorus|Protect\n|move|p2b: Kingambit|Protect|p2b: Kingambit\n|-singleturn|p2b: Kingambit|Protect\n|move|p1a: Whimsicott|Moonblast|p2b: Kingambit\n|-activate|p2b: Kingambit|move: Protect\n|move|p2a: Gouging Fire|Howl|p2a: Gouging Fire|[spread] p2a,p2b\n|-boost|p2a: Gouging Fire|atk|1\n|-boost|p2b: Kingambit|atk|1\n|\n|-weather|SunnyDay|[upkeep]\n|-sideend|p1: liamvgc01|move: Tailwind\n|upkeep\n|turn|5\n|\n|t:|1739194754\n|move|p1a: Whimsicott|Encore|p2b: Kingambit\n|-hint|Since gen 7, Dark is immune to Prankster moves.\n|-immune|p2b: Kingambit\n|move|p2b: Kingambit|Sucker Punch|p1b: Landorus\n|-damage|p1b: Landorus|0 fnt\n|faint|p1b: Landorus\n|move|p2a: Gouging Fire|Breaking Swipe|p1a: Whimsicott\n|-damage|p1a: Whimsicott|56\/100\n|\n|-weather|none\n|-end|p2a: Gouging Fire|Protosynthesis\n|upkeep\n|\n|t:|1739194760\n|switch|p1b: Calyrex|Calyrex-Ice, L50|100\/100\n|-ability|p1b: Calyrex|As One\n|-ability|p1b: Calyrex|Unnerve\n|turn|6\n|\n|t:|1739194778\n|move|p2a: Gouging Fire|Burning Bulwark|p2a: Gouging Fire\n|-singleturn|p2a: Gouging Fire|move: Protect\n|move|p2b: Kingambit|Protect|p2b: Kingambit\n|-singleturn|p2b: Kingambit|Protect\n|move|p1a: Whimsicott|Moonblast|p2b: Kingambit\n|-activate|p2b: Kingambit|move: Protect\n|move|p1b: Calyrex|Trick Room|p1b: Calyrex\n|-fieldstart|move: Trick Room|[of] p1b: Calyrex\n|\n|upkeep\n|turn|7\n|inactive|longhq has 30 seconds left.\n|inactive|longhq has 20 seconds left.\n|inactive|longhq has 15 seconds left.\n|inactive|longhq has 10 seconds left.\n|\n|t:|1739194828\n|switch|p2b: Raging Bolt|Raging Bolt, L50|100\/100\n|move|p1b: Calyrex|Protect|p1b: Calyrex\n|-singleturn|p1b: Calyrex|Protect\n|move|p2a: Gouging Fire|Breaking Swipe|p1b: Calyrex|[spread] p1a\n|-activate|p1b: Calyrex|move: Protect\n|-damage|p1a: Whimsicott|26\/100\n|move|p1a: Whimsicott|Moonblast|p2b: Raging Bolt\n|-supereffective|p2b: Raging Bolt\n|-damage|p2b: Raging Bolt|55\/100\n|-unboost|p2b: Raging Bolt|spa|1\n|\n|upkeep\n|turn|8\n|inactive|liamvgc01 has 30 seconds left.\n|inactive|longhq has 30 seconds left.\n|inactive|liamvgc01 has 20 seconds left.\n|\n|t:|1739194864\n|move|p2b: Raging Bolt|Protect|p2b: Raging Bolt\n|-singleturn|p2b: Raging Bolt|Protect\n|move|p1a: Whimsicott|Encore|p2a: Gouging Fire\n|-start|p2a: Gouging Fire|Encore\n|move|p1b: Calyrex|Glacial Lance|p2b: Raging Bolt|[spread] p2a\n|-activate|p2b: Raging Bolt|move: Protect\n|-damage|p2a: Gouging Fire|26\/100\n|move|p2a: Gouging Fire|Breaking Swipe|p1b: Calyrex|[spread] p1a,p1b\n|-damage|p1a: Whimsicott|0 fnt\n|-damage|p1b: Calyrex|82\/100\n|faint|p1a: Whimsicott\n|\n|upkeep\n|turn|9\n|inactive|longhq has 30 seconds left.\n|inactive|longhq has 20 seconds left.\n|\n|t:|1739194902\n|move|p2b: Raging Bolt|Thunderclap|p1b: Calyrex\n|-crit|p1b: Calyrex\n|-damage|p1b: Calyrex|23\/100\n|-damage|p2b: Raging Bolt|45\/100|[from] item: Life Orb\n|move|p1b: Calyrex|Glacial Lance|p2a: Gouging Fire|[spread] p2a,p2b\n|-supereffective|p2b: Raging Bolt\n|-damage|p2a: Gouging Fire|0 fnt\n|-damage|p2b: Raging Bolt|0 fnt\n|faint|p2a: Gouging Fire\n|-end|p2a: Gouging Fire|Protosynthesis|[silent]\n|faint|p2b: Raging Bolt\n|-end|p2b: Raging Bolt|Protosynthesis|[silent]\n|-ability|p1b: Calyrex|Chilling Neigh|boost\n|-boost|p1b: Calyrex|atk|2\n|\n|upkeep\n|\n|t:|1739194907\n|switch|p2b: Koraidon|Koraidon, L50|100\/100\n|switch|p2a: Kingambit|Kingambit, L50, M, tera:Dark|26\/100\n|-weather|SunnyDay|[from] ability: Orichalcum Pulse|[of] p2b: Koraidon\n|-activate|p2b: Koraidon|Orichalcum Pulse|[source]\n|turn|10\n|\n|t:|1739194913\n|move|p2a: Kingambit|Sucker Punch|p1b: Calyrex\n|-supereffective|p1b: Calyrex\n|-damage|p1b: Calyrex|0 fnt\n|faint|p1b: Calyrex\n|\n|win|longhq\n|raw|liamvgc01's rating: 1560 &rarr; <strong>1544<\/strong><br \/>(-16 for losing)\n|raw|longhq's rating: 1623 &rarr; <strong>1639<\/strong><br \/>(+16 for winning)\n|l|\u2606liamvgc01\n|player|p1|\n|l|\u203dlonghq\n|player|p2|\n","uploadtime":1739195171,"views":4,"formatid":"gen9vgc2025regg","rating":1544,"private":0,"password":null}