{"id":"gen9vgc2025regg-2297356444","format":"[Gen 9] VGC 2025 Reg G","players":["morgan01vgc","DimensionalFool"],"log":"|j|\u2606morgan01vgc\n|j|\u203dDimensionalFool\n|t:|1739102156\n|gametype|doubles\n|player|p1|morgan01vgc|elesa|1567\n|player|p2|DimensionalFool|169|1521\n|teamsize|p1|6\n|teamsize|p2|6\n|gen|9\n|tier|[Gen 9] VGC 2025 Reg G\n|rated|\n|rule|Species Clause: Limit one of each Pok\u00e9mon\n|rule|Item Clause: Limit 1 of each item\n|clearpoke\n|poke|p1|Pelipper, L50, M|\n|poke|p1|Miraidon, L50|\n|poke|p1|Thundurus-Therian, L50, M|\n|poke|p1|Iron Treads, L50|\n|poke|p1|Ogerpon-Hearthflame, L50, F|\n|poke|p1|Oranguru, L50, M|\n|poke|p2|Grimmsnarl, L50, M|\n|poke|p2|Landorus, L50, M|\n|poke|p2|Calyrex-Ice, L50|\n|poke|p2|Pelipper, L50, M|\n|poke|p2|Urshifu-*, L50, M|\n|poke|p2|Rillaboom, L50, M|\n|teampreview|4\n|inactive|Battle timer is ON: inactive players will automatically lose when time's up. (requested by DimensionalFool)\n|\n|t:|1739102188\n|start\n|switch|p1a: Miraidon|Miraidon, L50|100\/100\n|switch|p1b: Iron Treads|Iron Treads, L50|100\/100\n|switch|p2a: Rillaboom|Rillaboom, L50, M|100\/100\n|switch|p2b: Calyrex|Calyrex-Ice, L50|100\/100\n|-ability|p2b: Calyrex|As One\n|-ability|p2b: Calyrex|Unnerve\n|-fieldstart|move: Electric Terrain|[from] ability: Hadron Engine|[of] p1a: Miraidon\n|-activate|p1b: Iron Treads|ability: Quark Drive\n|-start|p1b: Iron Treads|quarkdriveatk\n|-fieldstart|move: Grassy Terrain|[from] ability: Grassy Surge|[of] p2a: Rillaboom\n|-end|p1b: Iron Treads|Quark Drive\n|-enditem|p1b: Iron Treads|Booster Energy\n|-activate|p1b: Iron Treads|ability: Quark Drive|[fromitem]\n|-start|p1b: Iron Treads|quarkdriveatk\n|turn|1\n|inactive|morgan01vgc has 30 seconds left.\n|\n|t:|1739102221\n|-terastallize|p1a: Miraidon|Fairy\n|move|p2a: Rillaboom|Fake Out|p1b: Iron Treads\n|-resisted|p1b: Iron Treads\n|-damage|p1b: Iron Treads|95\/100\n|move|p1a: Miraidon|Volt Switch|p2b: Calyrex\n|-damage|p2b: Calyrex|77\/100\n|\n|t:|1739102230\n|switch|p1a: Ogerpon|Ogerpon-Hearthflame, L50, F|100\/100|[from] Volt Switch\n|-ability|p1a: Ogerpon|Mold Breaker\n|cant|p1b: Iron Treads|flinch\n|move|p2b: Calyrex|Glacial Lance|p1b: Iron Treads|[spread] p1a,p1b\n|-damage|p1a: Ogerpon|33\/100\n|-damage|p1b: Iron Treads|50\/100\n|\n|-heal|p1a: Ogerpon|39\/100|[from] Grassy Terrain\n|-heal|p1b: Iron Treads|56\/100|[from] Grassy Terrain\n|-heal|p2b: Calyrex|83\/100|[from] Grassy Terrain\n|upkeep\n|turn|2\n|\n|t:|1739102252\n|switch|p2a: Pelipper|Pelipper, L50, M|100\/100\n|-weather|RainDance|[from] ability: Drizzle|[of] p2a: Pelipper\n|-terastallize|p2b: Calyrex|Water\n|move|p1a: Ogerpon|Horn Leech|p2b: Calyrex\n|-supereffective|p2b: Calyrex\n|-damage|p2b: Calyrex|15\/100\n|-heal|p1a: Ogerpon|76\/100|[from] drain|[of] p2b: Calyrex\n|move|p1b: Iron Treads|Ice Spinner|p2b: Calyrex\n|-resisted|p2b: Calyrex\n|-damage|p2b: Calyrex|4\/100\n|-fieldend|move: Grassy Terrain\n|move|p2b: Calyrex|Glacial Lance|p1b: Iron Treads|[spread] p1a,p1b\n|-damage|p1a: Ogerpon|20\/100\n|-damage|p1b: Iron Treads|15\/100\n|\n|-weather|RainDance|[upkeep]\n|upkeep\n|turn|3\n|inactive|morgan01vgc has 30 seconds left.\n|\n|t:|1739102284\n|switch|p2b: Rillaboom|Rillaboom, L50, M|100\/100\n|-fieldstart|move: Grassy Terrain|[from] ability: Grassy Surge|[of] p2b: Rillaboom\n|move|p1a: Ogerpon|Horn Leech|p2a: Pelipper\n|-damage|p2a: Pelipper|37\/100\n|-heal|p1a: Ogerpon|43\/100|[from] drain|[of] p2a: Pelipper\n|move|p1b: Iron Treads|Ice Spinner|p2b: Rillaboom\n|-supereffective|p2b: Rillaboom\n|-damage|p2b: Rillaboom|30\/100\n|-damage|p1b: Iron Treads|0 fnt|[from] item: Rocky Helmet|[of] p2b: Rillaboom\n|faint|p1b: Iron Treads\n|-end|p1b: Iron Treads|Quark Drive|[silent]\n|move|p2a: Pelipper|Tailwind|p2a: Pelipper\n|-sidestart|p2: DimensionalFool|move: Tailwind\n|\n|-weather|RainDance|[upkeep]\n|-heal|p2b: Rillaboom|37\/100|[from] Grassy Terrain\n|-heal|p1a: Ogerpon|49\/100|[from] Grassy Terrain\n|upkeep\n|inactive|morgan01vgc has 30 seconds left.\n|\n|t:|1739102315\n|switch|p1b: Pelipper|Pelipper, L50, M|100\/100\n|turn|4\n|\n|t:|1739102328\n|move|p1a: Ogerpon|Spiky Shield|p1a: Ogerpon\n|-singleturn|p1a: Ogerpon|move: Protect\n|move|p2a: Pelipper|Hurricane|p1b: Pelipper\n|-damage|p1b: Pelipper|46\/100\n|move|p2b: Rillaboom|Drum Beating|p1b: Pelipper\n|-damage|p1b: Pelipper|0 fnt\n|faint|p1b: Pelipper\n|\n|-weather|RainDance|[upkeep]\n|-heal|p2b: Rillaboom|43\/100|[from] Grassy Terrain\n|-heal|p1a: Ogerpon|55\/100|[from] Grassy Terrain\n|upkeep\n|\n|t:|1739102342\n|switch|p1b: Miraidon|Miraidon, L50, tera:Fairy|100\/100\n|-fieldstart|move: Electric Terrain|[from] ability: Hadron Engine|[of] p1b: Miraidon\n|turn|5\n|\n|t:|1739102357\n|move|p2a: Pelipper|Hurricane|p1a: Ogerpon\n|-supereffective|p1a: Ogerpon\n|-damage|p1a: Ogerpon|0 fnt\n|faint|p1a: Ogerpon\n|move|p2b: Rillaboom|Drum Beating|p1b: Miraidon\n|-damage|p1b: Miraidon|54\/100\n|-unboost|p1b: Miraidon|spe|1\n|move|p1b: Miraidon|Dazzling Gleam|p2b: Rillaboom|[spread] p2a,p2b\n|-damage|p2a: Pelipper|0 fnt\n|-damage|p2b: Rillaboom|0 fnt\n|faint|p2a: Pelipper\n|faint|p2b: Rillaboom\n|\n|-weather|RainDance|[upkeep]\n|upkeep\n|\n|t:|1739102367\n|switch|p2a: Calyrex|Calyrex-Ice, L50, tera:Water|4\/100\n|switch|p2b: Landorus|Landorus, L50, M|100\/100\n|-ability|p2a: Calyrex|As One\n|-ability|p2a: Calyrex|Unnerve\n|turn|6\n|-message|morgan01vgc forfeited.\n|\n|win|DimensionalFool\n|raw|morgan01vgc's rating: 1567 &rarr; <strong>1544<\/strong><br \/>(-23 for losing)\n|raw|DimensionalFool's rating: 1521 &rarr; <strong>1544<\/strong><br \/>(+23 for winning)\n|l|\u2606morgan01vgc\n|player|p1|\n|l|\u203dDimensionalFool\n|player|p2|\n","uploadtime":1739102630,"views":5,"formatid":"gen9vgc2025regg","rating":1544,"private":0,"password":null}