{"id":"gen9vgc2025regg-2297524371","format":"[Gen 9] VGC 2025 Reg G","players":["tycocs","zrofs"],"log":"|j|\u2606tycocs\n|j|\u2606zrofs\n|t:|1739125967\n|gametype|doubles\n|player|p1|tycocs|emmet|1552\n|player|p2|zrofs|steven|1607\n|teamsize|p1|6\n|teamsize|p2|6\n|gen|9\n|tier|[Gen 9] VGC 2025 Reg G\n|rated|\n|rule|Species Clause: Limit one of each Pok\u00e9mon\n|rule|Item Clause: Limit 1 of each item\n|clearpoke\n|poke|p1|Rillaboom, L50, F|\n|poke|p1|Terapagos, L50, M|\n|poke|p1|Flutter Mane, L50|\n|poke|p1|Volcarona, L50, F|\n|poke|p1|Incineroar, L50, M|\n|poke|p1|Urshifu-*, L50, F|\n|poke|p2|Terapagos, L50, M|\n|poke|p2|Sinistcha, L50|\n|poke|p2|Rillaboom, L50, M|\n|poke|p2|Incineroar, L50, F|\n|poke|p2|Annihilape, L50, M|\n|poke|p2|Maushold, L50|\n|teampreview|4\n|\n|t:|1739125990\n|start\n|switch|p1a: Flutter Mane|Flutter Mane, L50|100\/100\n|switch|p1b: Terapagos|Terapagos, L50, M|100\/100\n|switch|p2a: Terapagos|Terapagos, L50, M|100\/100\n|switch|p2b: Incineroar|Incineroar, L50, F|100\/100\n|-activate|p1b: Terapagos|ability: Tera Shift\n|detailschange|p1b: Terapagos|Terapagos-Terastal, L50, M\n|-heal|p1b: Terapagos|100\/100|[silent]\n|-activate|p2a: Terapagos|ability: Tera Shift\n|detailschange|p2a: Terapagos|Terapagos-Terastal, L50, M\n|-heal|p2a: Terapagos|100\/100|[silent]\n|-ability|p2b: Incineroar|Intimidate|boost\n|-unboost|p1a: Flutter Mane|atk|1\n|-unboost|p1b: Terapagos|atk|1\n|-enditem|p1a: Flutter Mane|Booster Energy\n|-activate|p1a: Flutter Mane|ability: Protosynthesis|[fromitem]\n|-start|p1a: Flutter Mane|protosynthesisspe\n|turn|1\n|inactive|Battle timer is ON: inactive players will automatically lose when time's up. (requested by tycocs)\n|\n|t:|1739126020\n|move|p1b: Terapagos|Protect|p1b: Terapagos\n|-singleturn|p1b: Terapagos|Protect\n|move|p1a: Flutter Mane|Thunder Wave|p2a: Terapagos\n|-status|p2a: Terapagos|par\n|move|p2b: Incineroar|Knock Off|p1b: Terapagos\n|-activate|p1b: Terapagos|move: Protect\n|cant|p2a: Terapagos|par\n|\n|upkeep\n|turn|2\n|\n|t:|1739126037\n|move|p1a: Flutter Mane|Taunt|p2a: Terapagos\n|-start|p2a: Terapagos|move: Taunt\n|move|p1b: Terapagos|Calm Mind|p1b: Terapagos\n|-boost|p1b: Terapagos|spa|1\n|-boost|p1b: Terapagos|spd|1\n|move|p2b: Incineroar|Knock Off|p1b: Terapagos\n|-activate|p1b: Terapagos|ability: Tera Shell\n|-resisted|p1b: Terapagos\n|-damage|p1b: Terapagos|88\/100\n|-enditem|p1b: Terapagos|Leftovers|[from] move: Knock Off|[of] p2b: Incineroar\n|cant|p2a: Terapagos|move: Taunt|Calm Mind\n|\n|upkeep\n|turn|3\n|inactive|tycocs has 30 seconds left.\n|\n|t:|1739126063\n|move|p1a: Flutter Mane|Moonblast|p2b: Incineroar\n|-damage|p2b: Incineroar|60\/100\n|move|p1b: Terapagos|Tera Starstorm|p2b: Incineroar\n|-damage|p2b: Incineroar|6\/100\n|move|p2b: Incineroar|Parting Shot|p1b: Terapagos\n|-unboost|p1b: Terapagos|atk|1\n|-unboost|p1b: Terapagos|spa|1\n|\n|t:|1739126071\n|switch|p2b: Maushold|Maushold, L50|100\/100|[from] Parting Shot\n|move|p2a: Terapagos|Tera Starstorm|p1b: Terapagos\n|-damage|p1b: Terapagos|53\/100\n|\n|upkeep\n|turn|4\n|\n|t:|1739126086\n|move|p2b: Maushold|Protect|p2b: Maushold\n|-singleturn|p2b: Maushold|Protect\n|move|p1b: Terapagos|Protect|p1b: Terapagos\n|-singleturn|p1b: Terapagos|Protect\n|move|p1a: Flutter Mane|Icy Wind|p2b: Maushold|[spread] p2a\n|-activate|p2b: Maushold|move: Protect\n|-activate|p2a: Terapagos|ability: Tera Shell\n|-resisted|p2a: Terapagos\n|-damage|p2a: Terapagos|97\/100 par\n|cant|p2a: Terapagos|par\n|\n|-end|p2a: Terapagos|move: Taunt\n|upkeep\n|turn|5\n|\n|t:|1739126109\n|-terastallize|p1b: Terapagos|Stellar\n|detailschange|p1b: Terapagos|Terapagos-Stellar, L50, M, tera:Stellar\n|-heal|p1b: Terapagos|65\/100|[silent]\n|move|p2b: Maushold|Follow Me|p2b: Maushold\n|-singleturn|p2b: Maushold|move: Follow Me\n|move|p1a: Flutter Mane|Icy Wind|p2a: Terapagos|[spread] p2a,p2b\n|-damage|p2a: Terapagos|89\/100 par\n|-damage|p2b: Maushold|86\/100\n|-unboost|p2b: Maushold|spe|1\n|move|p1b: Terapagos|Tera Starstorm|p2b: Maushold|[spread] p2a,p2b\n|-damage|p2a: Terapagos|69\/100 par\n|-damage|p2b: Maushold|44\/100\n|move|p2a: Terapagos|Calm Mind|p2a: Terapagos\n|-boost|p2a: Terapagos|spa|1\n|-boost|p2a: Terapagos|spd|1\n|\n|upkeep\n|turn|6\n|inactive|tycocs has 30 seconds left.\n|\n|t:|1739126139\n|move|p2b: Maushold|Protect|p2b: Maushold\n|-singleturn|p2b: Maushold|Protect\n|move|p1a: Flutter Mane|Moonblast|p2a: Terapagos\n|-damage|p2a: Terapagos|52\/100 par\n|move|p1b: Terapagos|Tera Starstorm|p2a: Terapagos|[spread] p2a\n|-activate|p2b: Maushold|move: Protect\n|-damage|p2a: Terapagos|39\/100 par\n|cant|p2a: Terapagos|par\n|\n|upkeep\n|turn|7\n|\n|t:|1739126164\n|switch|p2b: Sinistcha|Sinistcha, L50|100\/100\n|-heal|p2a: Terapagos|64\/100 par|[from] ability: Hospitality|[of] p2b: Sinistcha\n|move|p1a: Flutter Mane|Icy Wind|p2b: Sinistcha|[spread] p2a\n|-miss|p1a: Flutter Mane|p2b: Sinistcha\n|-damage|p2a: Terapagos|57\/100 par\n|move|p1b: Terapagos|Calm Mind|p1b: Terapagos\n|-boost|p1b: Terapagos|spa|1\n|-boost|p1b: Terapagos|spd|1\n|move|p2a: Terapagos|Calm Mind|p2a: Terapagos\n|-boost|p2a: Terapagos|spa|1\n|-boost|p2a: Terapagos|spd|1\n|\n|upkeep\n|turn|8\n|inactive|tycocs has 30 seconds left.\n|\n|t:|1739126191\n|move|p1a: Flutter Mane|Taunt|p2a: Terapagos\n|-start|p2a: Terapagos|move: Taunt\n|move|p1b: Terapagos|Calm Mind|p1b: Terapagos\n|-boost|p1b: Terapagos|spa|1\n|-boost|p1b: Terapagos|spd|1\n|cant|p2a: Terapagos|move: Taunt|Calm Mind\n|move|p2b: Sinistcha|Trick Room|p2b: Sinistcha\n|-fieldstart|move: Trick Room|[of] p2b: Sinistcha\n|\n|upkeep\n|turn|9\n|\n|t:|1739126213\n|-end|p1a: Flutter Mane|Protosynthesis|[silent]\n|switch|p1a: Volcarona|Volcarona, L50, F, shiny|100\/100\n|-terastallize|p2a: Terapagos|Stellar\n|detailschange|p2a: Terapagos|Terapagos-Stellar, L50, M, tera:Stellar\n|-heal|p2a: Terapagos|68\/100 par|[silent]\n|move|p2a: Terapagos|Tera Starstorm|p1a: Volcarona|[spread] p1a,p1b\n|-supereffective|p1b: Terapagos\n|-damage|p1a: Volcarona|21\/100\n|-damage|p1b: Terapagos|24\/100\n|-enditem|p1a: Volcarona|Sitrus Berry|[eat]\n|-heal|p1a: Volcarona|46\/100|[from] item: Sitrus Berry\n|move|p2b: Sinistcha|Life Dew||[still]|[spread] p2a,p2b\n|-heal|p2a: Terapagos|93\/100 par\n|-fail|p2b: Sinistcha|heal\n|move|p1b: Terapagos|Calm Mind|p1b: Terapagos\n|-boost|p1b: Terapagos|spa|1\n|-boost|p1b: Terapagos|spd|1\n|\n|upkeep\n|turn|10\n|\n|t:|1739126237\n|move|p1b: Terapagos|Protect|p1b: Terapagos\n|-singleturn|p1b: Terapagos|Protect\n|cant|p2a: Terapagos|par\n|move|p2b: Sinistcha|Life Dew||[still]|[spread] p2a,p2b\n|-heal|p2a: Terapagos|100\/100 par\n|-fail|p2b: Sinistcha|heal\n|move|p1a: Volcarona|Overheat|p2b: Sinistcha\n|-supereffective|p2b: Sinistcha\n|-damage|p2b: Sinistcha|0 fnt\n|-unboost|p1a: Volcarona|spa|2\n|faint|p2b: Sinistcha\n|\n|-end|p2a: Terapagos|move: Taunt\n|upkeep\n|\n|t:|1739126252\n|switch|p2b: Incineroar|Incineroar, L50, F|6\/100\n|-ability|p2b: Incineroar|Intimidate|boost\n|-unboost|p1a: Volcarona|atk|1\n|-unboost|p1b: Terapagos|atk|1\n|turn|11\n|\n|t:|1739126277\n|move|p2b: Incineroar|Fake Out|p1b: Terapagos\n|-damage|p1b: Terapagos|19\/100\n|cant|p2a: Terapagos|par\n|cant|p1b: Terapagos|flinch\n|move|p1a: Volcarona|Struggle Bug|p2b: Incineroar|[spread] p2a,p2b\n|-damage|p2a: Terapagos|97\/100 par\n|-damage|p2b: Incineroar|0 fnt\n|faint|p2b: Incineroar\n|\n|upkeep\n|\n|t:|1739126286\n|switch|p2b: Maushold|Maushold, L50|44\/100\n|turn|12\n|\n|t:|1739126308\n|move|p1b: Terapagos|Protect|p1b: Terapagos\n|-singleturn|p1b: Terapagos|Protect\n|move|p1a: Volcarona|Protect|p1a: Volcarona\n|-singleturn|p1a: Volcarona|Protect\n|move|p2a: Terapagos|Substitute|p2a: Terapagos\n|-start|p2a: Terapagos|Substitute\n|-damage|p2a: Terapagos|72\/100 par\n|move|p2b: Maushold|Taunt|p1a: Volcarona\n|-activate|p1a: Volcarona|move: Protect\n|\n|-fieldend|move: Trick Room\n|upkeep\n|turn|13\n|\n|t:|1739126324\n|move|p2b: Maushold|Protect|p2b: Maushold\n|-singleturn|p2b: Maushold|Protect\n|move|p1a: Volcarona|Rage Powder|p1a: Volcarona\n|-singleturn|p1a: Volcarona|move: Rage Powder\n|move|p1b: Terapagos|Tera Starstorm|p2b: Maushold|[spread] p2a\n|-activate|p2b: Maushold|move: Protect\n|-supereffective|p2a: Terapagos\n|-end|p2a: Terapagos|Substitute\n|move|p2a: Terapagos|Tera Starstorm|p1a: Volcarona|[spread] p1a,p1b\n|-supereffective|p1b: Terapagos\n|-damage|p1a: Volcarona|0 fnt\n|-damage|p1b: Terapagos|0 fnt\n|faint|p1a: Volcarona\n|faint|p1b: Terapagos\n|\n|upkeep\n|l|\u2606zrofs\n|inactive|zrofs disconnected and has a minute to reconnect!\n|player|p2|\n|j|\u2606zrofs\n|inactive|zrofs reconnected.\n|player|p2|zrofs|steven|\n|\n|t:|1739126339\n|switch|p1a: Flutter Mane|Flutter Mane, L50|100\/100\n|switch|p1b: Urshifu|Urshifu-Rapid-Strike, L50, F|100\/100\n|turn|14\n|inactive|zrofs has 30 seconds left.\n|\n|t:|1739126364\n|move|p2b: Maushold|Follow Me|p2b: Maushold\n|-singleturn|p2b: Maushold|move: Follow Me\n|move|p1a: Flutter Mane|Moonblast|p2b: Maushold\n|-damage|p2b: Maushold|0 fnt\n|faint|p2b: Maushold\n|move|p1b: Urshifu|Close Combat|p2a: Terapagos\n|-supereffective|p2a: Terapagos\n|-damage|p2a: Terapagos|0 fnt\n|-unboost|p1b: Urshifu|def|1\n|-unboost|p1b: Urshifu|spd|1\n|faint|p2a: Terapagos\n|\n|win|tycocs\n|raw|tycocs's rating: 1552 &rarr; <strong>1575<\/strong><br \/>(+23 for winning)\n|raw|zrofs's rating: 1607 &rarr; <strong>1584<\/strong><br \/>(-23 for losing)\n|l|\u2606zrofs\n|player|p2|\n|l|\u2606tycocs\n|player|p1|\n","uploadtime":1739126638,"views":6,"formatid":"gen9vgc2025regg","rating":1575,"private":0,"password":null}