{"id":"gen9vgc2025regg-2297224038","format":"[Gen 9] VGC 2025 Reg G","players":["bertscai","dabaroniandcheese"],"log":"|j|\u2606bertscai\n|j|\u2606dabaroniandcheese\n|t:|1739075465\n|gametype|doubles\n|player|p1|bertscai|hiker|1594\n|player|p2|dabaroniandcheese|parasollady|1602\n|teamsize|p1|6\n|teamsize|p2|6\n|gen|9\n|tier|[Gen 9] VGC 2025 Reg G\n|rated|\n|rule|Species Clause: Limit one of each Pok\u00e9mon\n|rule|Item Clause: Limit 1 of each item\n|clearpoke\n|poke|p1|Smeargle, L50, M|\n|poke|p1|Terapagos, L50, M|\n|poke|p1|Cresselia, L50, F|\n|poke|p1|Rillaboom, L50, M|\n|poke|p1|Ogerpon-Wellspring, L50, F|\n|poke|p1|Sableye, L50, F|\n|poke|p2|Calyrex-Ice, L50|\n|poke|p2|Urshifu-*, L50, M|\n|poke|p2|Pelipper, L50, F|\n|poke|p2|Landorus, L50, M|\n|poke|p2|Rillaboom, L50, M|\n|poke|p2|Ogerpon-Cornerstone, L50, F|\n|teampreview|4\n|\n|t:|1739075492\n|start\n|switch|p1a: Sableye|Sableye, L50, F|100\/100\n|switch|p1b: Terapagos|Terapagos, L50, M|100\/100\n|switch|p2a: Pelipper|Pelipper, L50, F|100\/100\n|switch|p2b: Landorus|Landorus, L50, M|100\/100\n|-activate|p1b: Terapagos|ability: Tera Shift\n|detailschange|p1b: Terapagos|Terapagos-Terastal, L50, M\n|-heal|p1b: Terapagos|100\/100|[silent]\n|-weather|RainDance|[from] ability: Drizzle|[of] p2a: Pelipper\n|turn|1\n|inactive|Battle timer is ON: inactive players will automatically lose when time's up. (requested by bertscai)\n|\n|t:|1739075507\n|move|p1a: Sableye|Light Screen|p1a: Sableye\n|-sidestart|p1: bertscai|move: Light Screen\n|move|p2b: Landorus|Sandsear Storm|p1a: Sableye|[spread] p1a,p1b\n|-activate|p1b: Terapagos|ability: Tera Shell\n|-resisted|p1b: Terapagos\n|-crit|p1b: Terapagos\n|-damage|p1a: Sableye|51\/100\n|-damage|p1b: Terapagos|65\/100\n|move|p1b: Terapagos|Calm Mind|p1b: Terapagos\n|-boost|p1b: Terapagos|spa|1\n|-boost|p1b: Terapagos|spd|1\n|move|p2a: Pelipper|Weather Ball|p1b: Terapagos\n|-damage|p1b: Terapagos|37\/100\n|\n|-weather|RainDance|[upkeep]\n|-heal|p1b: Terapagos|44\/100|[from] item: Leftovers\n|upkeep\n|turn|2\n|\n|t:|1739075527\n|move|p1b: Terapagos|Protect|p1b: Terapagos\n|-singleturn|p1b: Terapagos|Protect\n|move|p1a: Sableye|Reflect|p1a: Sableye\n|-sidestart|p1: bertscai|Reflect\n|move|p2b: Landorus|Sandsear Storm|p1a: Sableye|[spread] p1a\n|-activate|p1b: Terapagos|move: Protect\n|-damage|p1a: Sableye|0 fnt\n|faint|p1a: Sableye\n|move|p2a: Pelipper|Weather Ball|p1b: Terapagos\n|-activate|p1b: Terapagos|move: Protect\n|\n|-weather|RainDance|[upkeep]\n|-heal|p1b: Terapagos|50\/100|[from] item: Leftovers\n|upkeep\n|\n|t:|1739075540\n|switch|p1a: Smeargle|Smeargle, L50, M|100\/100\n|turn|3\n|\n|t:|1739075550\n|-terastallize|p1b: Terapagos|Stellar\n|detailschange|p1b: Terapagos|Terapagos-Stellar, L50, M, tera:Stellar\n|-heal|p1b: Terapagos|63\/100|[silent]\n|-ability|p1b: Terapagos|Teraform Zero\n|-weather|none\n|move|p2b: Landorus|Sandsear Storm|p1b: Terapagos|[spread] p1b\n|-miss|p2b: Landorus|p1a: Smeargle\n|-damage|p1b: Terapagos|49\/100\n|move|p1a: Smeargle|Decorate|p1b: Terapagos\n|-boost|p1b: Terapagos|atk|2\n|-boost|p1b: Terapagos|spa|2\n|move|p1b: Terapagos|Tera Starstorm|p2a: Pelipper|[spread] p2a,p2b\n|-enditem|p2a: Pelipper|Focus Sash\n|-damage|p2a: Pelipper|1\/100\n|-damage|p2b: Landorus|0 fnt\n|faint|p2b: Landorus\n|move|p2a: Pelipper|Hurricane|p1a: Smeargle\n|-crit|p1a: Smeargle\n|-enditem|p1a: Smeargle|Focus Sash\n|-damage|p1a: Smeargle|1\/100\n|-start|p1a: Smeargle|confusion\n|\n|-heal|p1b: Terapagos|55\/100|[from] item: Leftovers\n|-ability|p1a: Smeargle|Moody|boost\n|-boost|p1a: Smeargle|spe|2\n|-unboost|p1a: Smeargle|atk|1\n|upkeep\n|\n|t:|1739075564\n|switch|p2b: Calyrex|Calyrex-Ice, L50|100\/100\n|-ability|p2b: Calyrex|As One\n|-ability|p2b: Calyrex|Unnerve\n|turn|4\n|inactive|dabaroniandcheese has 30 seconds left.\n|\n|t:|1739075594\n|-terastallize|p2b: Calyrex|Grass\n|move|p1b: Terapagos|Protect|p1b: Terapagos\n|-singleturn|p1b: Terapagos|Protect\n|move|p2a: Pelipper|Wide Guard|p2a: Pelipper\n|-singleturn|p2a: Pelipper|Wide Guard\n|-activate|p1a: Smeargle|confusion\n|-damage|p1a: Smeargle|0 fnt|[from] confusion\n|faint|p1a: Smeargle\n|move|p2b: Calyrex|Trick Room|p2b: Calyrex\n|-fieldstart|move: Trick Room|[of] p2b: Calyrex\n|\n|-heal|p1b: Terapagos|62\/100|[from] item: Leftovers\n|upkeep\n|\n|t:|1739075604\n|switch|p1a: Ogerpon|Ogerpon-Wellspring, L50, F|100\/100\n|turn|5\n|\n|t:|1739075619\n|move|p2a: Pelipper|Helping Hand|p2b: Calyrex\n|-singleturn|p2b: Calyrex|Helping Hand|[of] p2a: Pelipper\n|move|p2b: Calyrex|Glacial Lance|p1b: Terapagos|[spread] p1a,p1b\n|-damage|p1a: Ogerpon|35\/100\n|-damage|p1b: Terapagos|30\/100\n|move|p1b: Terapagos|Calm Mind|p1b: Terapagos\n|-boost|p1b: Terapagos|spa|1\n|-boost|p1b: Terapagos|spd|1\n|move|p1a: Ogerpon|Horn Leech|p2a: Pelipper\n|-damage|p2a: Pelipper|0 fnt\n|-heal|p1a: Ogerpon|36\/100|[from] drain|[of] p2a: Pelipper\n|faint|p2a: Pelipper\n|\n|-heal|p1b: Terapagos|36\/100|[from] item: Leftovers\n|upkeep\n|\n|t:|1739075625\n|switch|p2a: Urshifu|Urshifu-Rapid-Strike, L50, M|100\/100\n|turn|6\n|inactive|bertscai has 30 seconds left.\n|\n|t:|1739075655\n|move|p1a: Ogerpon|Follow Me|p1a: Ogerpon\n|-singleturn|p1a: Ogerpon|move: Follow Me\n|move|p2b: Calyrex|Glacial Lance|p1a: Ogerpon|[spread] p1a,p1b\n|-damage|p1a: Ogerpon|0 fnt\n|-damage|p1b: Terapagos|16\/100\n|faint|p1a: Ogerpon\n|-ability|p2b: Calyrex|Chilling Neigh|boost\n|-boost|p2b: Calyrex|atk|1\n|move|p1b: Terapagos|Tera Starstorm|p2b: Calyrex|[spread] p2a,p2b\n|-supereffective|p2b: Calyrex\n|-damage|p2a: Urshifu|0 fnt\n|-damage|p2b: Calyrex|0 fnt\n|faint|p2a: Urshifu\n|faint|p2b: Calyrex\n|\n|win|bertscai\n|raw|bertscai's rating: 1594 &rarr; <strong>1614<\/strong><br \/>(+20 for winning)\n|raw|dabaroniandcheese's rating: 1602 &rarr; <strong>1582<\/strong><br \/>(-20 for losing)\n|l|\u2606dabaroniandcheese\n|player|p2|\n|l|\u2606bertscai\n|player|p1|\n","uploadtime":1739075803,"views":6,"formatid":"gen9vgc2025regg","rating":1582,"private":0,"password":null}