{"id":"gen9vgc2025regg-2297693569","format":"[Gen 9] VGC 2025 Reg G","players":["pokehys2","ssbutan"],"log":"|j|\u2606pokehys2\n|j|\u2606ssbutan\n|t:|1739146533\n|gametype|doubles\n|player|p1|pokehys2|bruno|1655\n|player|p2|ssbutan|camper|1638\n|teamsize|p1|6\n|teamsize|p2|6\n|gen|9\n|tier|[Gen 9] VGC 2025 Reg G\n|rated|\n|rule|Species Clause: Limit one of each Pok\u00e9mon\n|rule|Item Clause: Limit 1 of each item\n|clearpoke\n|poke|p1|Ogerpon-Cornerstone, L50, F|\n|poke|p1|Raging Bolt, L50|\n|poke|p1|Chi-Yu, L50|\n|poke|p1|Flutter Mane, L50|\n|poke|p1|Koraidon, L50|\n|poke|p1|Ditto, L50|\n|poke|p2|Calyrex-Ice, L50|\n|poke|p2|Cresselia, L50, F|\n|poke|p2|Rillaboom, L50, F|\n|poke|p2|Urshifu-*, L50, M|\n|poke|p2|Raging Bolt, L50|\n|poke|p2|Thundurus, L50, M|\n|teampreview|4\n|inactive|Battle timer is ON: inactive players will automatically lose when time's up. (requested by pokehys2)\n|inactive|ssbutan also wants the timer to be on.\n|inactive|ssbutan has 60 seconds left.\n|\n|t:|1739146593\n|start\n|switch|p1a: Chi-Yu|Chi-Yu, L50|100\/100\n|switch|p1b: Koraidon|Koraidon, L50|100\/100\n|switch|p2a: Urshifu|Urshifu-Rapid-Strike, L50, M|100\/100\n|switch|p2b: Thundurus|Thundurus, L50, M|100\/100\n|-weather|SunnyDay|[from] ability: Orichalcum Pulse|[of] p1b: Koraidon\n|-activate|p1b: Koraidon|Orichalcum Pulse|[source]\n|-ability|p1a: Chi-Yu|Beads of Ruin\n|turn|1\n|j| futonkagebunshin\n|inactive|pokehys2 has 30 seconds left.\n|j| Gizzard121\n|inactive|pokehys2 has 20 seconds left.\n|\n|t:|1739146628\n|-terastallize|p1a: Chi-Yu|Water\n|move|p1b: Koraidon|Protect|p1b: Koraidon\n|-singleturn|p1b: Koraidon|Protect\n|move|p2b: Thundurus|Rain Dance|p2b: Thundurus\n|-weather|RainDance\n|move|p2a: Urshifu|Surging Strikes|p1a: Chi-Yu\n|-resisted|p1a: Chi-Yu\n|-crit|p1a: Chi-Yu\n|-damage|p1a: Chi-Yu|85\/100\n|-resisted|p1a: Chi-Yu\n|-crit|p1a: Chi-Yu\n|-damage|p1a: Chi-Yu|67\/100\n|-resisted|p1a: Chi-Yu\n|-crit|p1a: Chi-Yu\n|-damage|p1a: Chi-Yu|50\/100\n|-hitcount|p1a: Chi-Yu|3\n|move|p1a: Chi-Yu|Overheat|p2b: Thundurus\n|-damage|p2b: Thundurus|50\/100\n|-unboost|p1a: Chi-Yu|spa|2\n|\n|-weather|RainDance|[upkeep]\n|upkeep\n|turn|2\n|inactive|pokehys2 has 30 seconds left.\n|inactive|ssbutan has 30 seconds left.\n|inactive|pokehys2 has 20 seconds left.\n|inactive|pokehys2 has 15 seconds left.\n|inactive|pokehys2 has 10 seconds left.\n|\n|t:|1739146675\n|switch|p1b: Ogerpon|Ogerpon-Cornerstone, L50, F|100\/100\n|move|p2a: Urshifu|Surging Strikes|p1a: Chi-Yu\n|-resisted|p1a: Chi-Yu\n|-crit|p1a: Chi-Yu\n|-damage|p1a: Chi-Yu|33\/100\n|-resisted|p1a: Chi-Yu\n|-crit|p1a: Chi-Yu\n|-damage|p1a: Chi-Yu|16\/100\n|-resisted|p1a: Chi-Yu\n|-crit|p1a: Chi-Yu\n|-damage|p1a: Chi-Yu|0 fnt\n|faint|p1a: Chi-Yu\n|-hitcount|p1: Chi-Yu|3\n|move|p2b: Thundurus|Volt Switch|p1b: Ogerpon\n|-resisted|p1b: Ogerpon\n|-damage|p1b: Ogerpon|83\/100\n|\n|t:|1739146698\n|switch|p2b: Cresselia|Cresselia, L50, F|100\/100|[from] Volt Switch\n|\n|-weather|RainDance|[upkeep]\n|upkeep\n|\n|t:|1739146714\n|switch|p1a: Koraidon|Koraidon, L50|100\/100\n|-weather|SunnyDay|[from] ability: Orichalcum Pulse|[of] p1a: Koraidon\n|-activate|p1a: Koraidon|Orichalcum Pulse|[source]\n|turn|3\n|j| RiotJuice\n|inactive|pokehys2 has 30 seconds left.\n|\n|t:|1739146748\n|switch|p2a: Calyrex|Calyrex-Ice, L50|100\/100\n|-ability|p2a: Calyrex|As One\n|-ability|p2a: Calyrex|Unnerve\n|move|p1b: Ogerpon|Power Whip|p2b: Cresselia\n|-damage|p2b: Cresselia|61\/100\n|move|p1a: Koraidon|Flare Blitz|p2b: Cresselia\n|-damage|p2b: Cresselia|8\/100\n|-status|p2b: Cresselia|brn\n|-damage|p1a: Koraidon|81\/100|[from] Recoil\n|move|p2b: Cresselia|Thunder Wave|p1a: Koraidon|[miss]\n|-miss|p2b: Cresselia|p1a: Koraidon\n|\n|-weather|SunnyDay|[upkeep]\n|-damage|p2b: Cresselia|2\/100 brn|[from] brn\n|upkeep\n|turn|4\n|inactive|pokehys2 has 30 seconds left.\n|inactive|pokehys2 has 20 seconds left.\n|inactive|pokehys2 has 15 seconds left.\n|inactive|pokehys2 has 10 seconds left.\n|inactive|pokehys2 has 5 seconds left.\n|\n|t:|1739146803\n|move|p2a: Calyrex|Protect|p2a: Calyrex\n|-singleturn|p2a: Calyrex|Protect\n|move|p1b: Ogerpon|Power Whip|p2b: Cresselia\n|-damage|p2b: Cresselia|0 fnt\n|faint|p2b: Cresselia\n|move|p1a: Koraidon|Collision Course|p2a: Calyrex\n|-activate|p2a: Calyrex|move: Protect\n|\n|-weather|SunnyDay|[upkeep]\n|upkeep\n|\n|t:|1739146815\n|switch|p2b: Thundurus|Thundurus, L50, M|50\/100\n|turn|5\n|inactive|pokehys2 has 30 seconds left.\n|\n|t:|1739146841\n|-terastallize|p2a: Calyrex|Fairy\n|move|p2b: Thundurus|Rain Dance|p2b: Thundurus\n|-weather|RainDance\n|move|p1b: Ogerpon|Ivy Cudgel|p2a: Calyrex|[anim] Ivy Cudgel Rock\n|-damage|p2a: Calyrex|69\/100\n|move|p1a: Koraidon|Collision Course|p2a: Calyrex\n|-resisted|p2a: Calyrex\n|-damage|p2a: Calyrex|54\/100\n|move|p2a: Calyrex|Glacial Lance|p1a: Koraidon|[spread] p1a,p1b\n|-supereffective|p1a: Koraidon\n|-supereffective|p1b: Ogerpon\n|-damage|p1a: Koraidon|14\/100\n|-damage|p1b: Ogerpon|0 fnt\n|faint|p1b: Ogerpon\n|-ability|p2a: Calyrex|Chilling Neigh|boost\n|-boost|p2a: Calyrex|atk|1\n|\n|-weather|RainDance|[upkeep]\n|-heal|p2a: Calyrex|59\/100|[from] item: Leftovers\n|upkeep\n|\n|t:|1739146845\n|switch|p1b: Ditto|Ditto, L50|100\/100\n|-transform|p1b: Ditto|p2a: Calyrex|[from] ability: Imposter\n|-ability|p1b: Ditto|As One\n|-ability|p1b: Ditto|Unnerve\n|-start|p1b: Ditto|typechange|Psychic\/Ice|[silent]\n|turn|6\n|inactive|ssbutan has 30 seconds left.\n|inactive|pokehys2 has 30 seconds left.\n|inactive|ssbutan has 20 seconds left.\n|inactive|ssbutan has 15 seconds left.\n|inactive|ssbutan has 10 seconds left.\n|inactive|ssbutan has 5 seconds left.\n|\n|t:|1739146897\n|move|p1a: Koraidon|Protect|p1a: Koraidon\n|-singleturn|p1a: Koraidon|Protect\n|move|p2b: Thundurus|Volt Switch|p1a: Koraidon\n|-activate|p1a: Koraidon|move: Protect\n|move|p2a: Calyrex|Leech Seed|p1b: Ditto\n|-start|p1b: Ditto|move: Leech Seed\n|move|p1b: Ditto|Glacial Lance|p2a: Calyrex|[spread] p2a,p2b\n|-supereffective|p2b: Thundurus\n|-damage|p2a: Calyrex|23\/100\n|-damage|p2b: Thundurus|0 fnt\n|faint|p2b: Thundurus\n|-ability|p1b: Ditto|Chilling Neigh|boost\n|-boost|p1b: Ditto|atk|1\n|\n|-weather|RainDance|[upkeep]\n|-heal|p2a: Calyrex|29\/100|[from] item: Leftovers\n|-damage|p1b: Ditto|88\/100|[from] Leech Seed|[of] p2a: Calyrex\n|-heal|p2a: Calyrex|38\/100|[silent]\n|upkeep\n|j| Rooks2024\n|\n|t:|1739146903\n|switch|p2b: Urshifu|Urshifu-Rapid-Strike, L50, M|100\/100\n|turn|7\n|\n|t:|1739146923\n|move|p2b: Urshifu|Surging Strikes|p1b: Ditto\n|-crit|p1b: Ditto\n|-damage|p1b: Ditto|68\/100\n|-crit|p1b: Ditto\n|-damage|p1b: Ditto|47\/100\n|-crit|p1b: Ditto\n|-damage|p1b: Ditto|26\/100\n|-hitcount|p1b: Ditto|3\n|move|p1a: Koraidon|Collision Course|p2b: Urshifu\n|-damage|p2b: Urshifu|45\/100\n|move|p1b: Ditto|Glacial Lance|p2a: Calyrex|[spread] p2a,p2b\n|-resisted|p2b: Urshifu\n|-damage|p2a: Calyrex|0 fnt\n|-damage|p2b: Urshifu|0 fnt\n|faint|p2a: Calyrex\n|faint|p2b: Urshifu\n|\n|win|pokehys2\n|raw|pokehys2's rating: 1655 &rarr; <strong>1674<\/strong><br \/>(+19 for winning)\n|raw|ssbutan's rating: 1638 &rarr; <strong>1619<\/strong><br \/>(-19 for losing)\n|l|\u2606ssbutan\n|player|p2|\n|j|\u2606ssbutan\n|player|p2|ssbutan|camper|\n|l| RiotJuice\n|l| Gizzard121\n|l|\u2606ssbutan\n|player|p2|\n|l| futonkagebunshin\n","uploadtime":1739146931,"views":35,"formatid":"gen9vgc2025regg","rating":1619,"private":0,"password":null}