{"id":"gen9vgc2025regg-2297684152","format":"[Gen 9] VGC 2025 Reg G","players":["rinkurusu","elvegis1"],"log":"|j|\u2606rinkurusu\n|j|\u2606elvegis1\n|t:|1739145136\n|gametype|doubles\n|player|p1|rinkurusu|waitress-gen4|1707\n|player|p2|elvegis1|lucas|1619\n|teamsize|p1|6\n|teamsize|p2|6\n|gen|9\n|tier|[Gen 9] VGC 2025 Reg G\n|rated|\n|rule|Species Clause: Limit one of each Pok\u00e9mon\n|rule|Item Clause: Limit 1 of each item\n|clearpoke\n|poke|p1|Groudon, L50|\n|poke|p1|Flutter Mane, L50|\n|poke|p1|Raging Bolt, L50|\n|poke|p1|Urshifu-*, L50, F|\n|poke|p1|Chien-Pao, L50|\n|poke|p1|Iron Hands, L50|\n|poke|p2|Calyrex-Shadow, L50|\n|poke|p2|Urshifu-*, L50, F|\n|poke|p2|Whimsicott, L50, F|\n|poke|p2|Incineroar, L50, F|\n|poke|p2|Ditto, L50|\n|poke|p2|Regidrago, L50|\n|teampreview|4\n|inactive|Battle timer is ON: inactive players will automatically lose when time's up. (requested by rinkurusu)\n|\n|t:|1739145157\n|start\n|switch|p1a: Groudon|Groudon, L50|100\/100\n|switch|p1b: Flutter Mane|Flutter Mane, L50|100\/100\n|switch|p2a: Whimsicott|Whimsicott, L50, F|100\/100\n|switch|p2b: Calyrex|Calyrex-Shadow, L50|100\/100\n|-ability|p2b: Calyrex|As One\n|-ability|p2b: Calyrex|Unnerve\n|-weather|SunnyDay|[from] ability: Drought|[of] p1a: Groudon\n|-activate|p1b: Flutter Mane|ability: Protosynthesis\n|-start|p1b: Flutter Mane|protosynthesisspe\n|turn|1\n|\n|t:|1739145168\n|-terastallize|p1b: Flutter Mane|Normal\n|-terastallize|p2b: Calyrex|Water\n|move|p2a: Whimsicott|Tailwind|p2a: Whimsicott\n|-sidestart|p2: elvegis1|move: Tailwind\n|move|p2b: Calyrex|Astral Barrage|p1b: Flutter Mane|[spread] p1a\n|-immune|p1b: Flutter Mane\n|-damage|p1a: Groudon|48\/100\n|move|p1b: Flutter Mane|Dazzling Gleam|p2a: Whimsicott|[spread] p2a,p2b\n|-damage|p2a: Whimsicott|36\/100\n|-damage|p2b: Calyrex|61\/100\n|move|p1a: Groudon|Precipice Blades|p2b: Calyrex|[spread] p2a,p2b\n|-resisted|p2a: Whimsicott\n|-damage|p2a: Whimsicott|7\/100\n|-damage|p2b: Calyrex|10\/100\n|\n|-weather|SunnyDay|[upkeep]\n|upkeep\n|turn|2\n|j| futonkagebunshin\n|inactive|elvegis1 has 30 seconds left.\n|\n|t:|1739145196\n|move|p2b: Calyrex|Protect|p2b: Calyrex\n|-singleturn|p2b: Calyrex|Protect\n|move|p1a: Groudon|Protect|p1a: Groudon\n|-singleturn|p1a: Groudon|Protect\n|move|p2a: Whimsicott|Moonblast|p1b: Flutter Mane\n|-damage|p1b: Flutter Mane|68\/100\n|move|p1b: Flutter Mane|Dazzling Gleam|p2b: Calyrex|[spread] p2a\n|-activate|p2b: Calyrex|move: Protect\n|-damage|p2a: Whimsicott|0 fnt\n|faint|p2a: Whimsicott\n|\n|-weather|SunnyDay|[upkeep]\n|upkeep\n|\n|t:|1739145207\n|switch|p2a: Regidrago|Regidrago, L50|100\/100\n|turn|3\n|\n|t:|1739145219\n|move|p2b: Calyrex|Psychic|p1b: Flutter Mane\n|-damage|p1b: Flutter Mane|11\/100\n|move|p1b: Flutter Mane|Dazzling Gleam|p2b: Calyrex|[spread] p2a,p2b\n|-supereffective|p2a: Regidrago\n|-damage|p2a: Regidrago|0 fnt\n|-damage|p2b: Calyrex|0 fnt\n|faint|p2a: Regidrago\n|faint|p2b: Calyrex\n|move|p1a: Groudon|Precipice Blades|p2: Regidrago|[notarget]\n|-fail|p1a: Groudon\n|\n|-weather|SunnyDay|[upkeep]\n|upkeep\n|\n|t:|1739145229\n|switch|p2b: Incineroar|Incineroar, L50, F|100\/100\n|-ability|p2b: Incineroar|Intimidate|boost\n|-unboost|p1a: Groudon|atk|1\n|-unboost|p1b: Flutter Mane|atk|1\n|turn|4\n|\n|t:|1739145236\n|move|p1b: Flutter Mane|Dazzling Gleam|p2b: Incineroar\n|-damage|p2b: Incineroar|46\/100\n|move|p2b: Incineroar|Flare Blitz|p1a: Groudon\n|-damage|p1a: Groudon|2\/100\n|-damage|p2b: Incineroar|30\/100|[from] Recoil\n|move|p1a: Groudon|Precipice Blades|p2b: Incineroar|[miss]\n|-miss|p1a: Groudon|p2b: Incineroar\n|\n|-weather|SunnyDay|[upkeep]\n|-sideend|p2: elvegis1|move: Tailwind\n|upkeep\n|turn|5\n|\n|t:|1739145244\n|move|p1b: Flutter Mane|Dazzling Gleam|p2b: Incineroar\n|-damage|p2b: Incineroar|0 fnt\n|faint|p2b: Incineroar\n|\n|win|rinkurusu\n|raw|rinkurusu's rating: 1707 &rarr; <strong>1722<\/strong><br \/>(+15 for winning)\n|raw|elvegis1's rating: 1619 &rarr; <strong>1604<\/strong><br \/>(-15 for losing)\n|l|\u2606elvegis1\n|player|p2|\n|l|\u2606rinkurusu\n|player|p1|\n|l| futonkagebunshin\n","uploadtime":1739145454,"views":7,"formatid":"gen9vgc2025regg","rating":1604,"private":0,"password":null}