{"id":"gen9vgc2025regg-2297516764","format":"[Gen 9] VGC 2025 Reg G","players":["Sheevpeuic","zrofs"],"log":"|j|\u2606Sheevpeuic\n|j|\u2606zrofs\n|t:|1739125065\n|gametype|doubles\n|player|p1|Sheevpeuic|2|1582\n|player|p2|zrofs|steven|1592\n|teamsize|p1|6\n|teamsize|p2|6\n|gen|9\n|tier|[Gen 9] VGC 2025 Reg G\n|rated|\n|rule|Species Clause: Limit one of each Pok\u00e9mon\n|rule|Item Clause: Limit 1 of each item\n|clearpoke\n|poke|p1|Kyogre, L50|\n|poke|p1|Roaring Moon, L50|\n|poke|p1|Farigiraf, L50, M|\n|poke|p1|Iron Hands, L50|\n|poke|p1|Ogerpon-Wellspring, L50, F|\n|poke|p1|Landorus, L50, M|\n|poke|p2|Terapagos, L50, M|\n|poke|p2|Sinistcha, L50|\n|poke|p2|Rillaboom, L50, M|\n|poke|p2|Incineroar, L50, F|\n|poke|p2|Annihilape, L50, M|\n|poke|p2|Maushold, L50|\n|teampreview|4\n|\n|t:|1739125084\n|start\n|switch|p1a: Kyogre|Kyogre, L50|100\/100\n|switch|p1b: Roaring Moon|Roaring Moon, L50, shiny|100\/100\n|switch|p2a: Terapagos|Terapagos, L50, M|100\/100\n|switch|p2b: Rillaboom|Rillaboom, L50, M|100\/100\n|-activate|p2a: Terapagos|ability: Tera Shift\n|detailschange|p2a: Terapagos|Terapagos-Terastal, L50, M\n|-heal|p2a: Terapagos|100\/100|[silent]\n|-weather|RainDance|[from] ability: Drizzle|[of] p1a: Kyogre\n|-fieldstart|move: Grassy Terrain|[from] ability: Grassy Surge|[of] p2b: Rillaboom\n|-enditem|p1b: Roaring Moon|Booster Energy\n|-activate|p1b: Roaring Moon|ability: Protosynthesis|[fromitem]\n|-start|p1b: Roaring Moon|protosynthesisspe\n|turn|1\n|inactive|Battle timer is ON: inactive players will automatically lose when time's up. (requested by zrofs)\n|j| Funn yIy\n|\n|t:|1739125103\n|switch|p1a: Farigiraf|Farigiraf, L50, M|100\/100\n|move|p2b: Rillaboom|Fake Out||[still]\n|cant|p1a: Farigiraf|ability: Armor Tail|Fake Out|[of] p2b: Rillaboom\n|move|p1b: Roaring Moon|Knock Off|p2a: Terapagos\n|-activate|p2a: Terapagos|ability: Tera Shell\n|-resisted|p2a: Terapagos\n|-damage|p2a: Terapagos|81\/100\n|-enditem|p2a: Terapagos|Covert Cloak|[from] move: Knock Off|[of] p1b: Roaring Moon\n|move|p2a: Terapagos|Calm Mind|p2a: Terapagos\n|-boost|p2a: Terapagos|spa|1\n|-boost|p2a: Terapagos|spd|1\n|\n|-weather|RainDance|[upkeep]\n|-heal|p2a: Terapagos|87\/100|[from] Grassy Terrain\n|upkeep\n|turn|2\n|\n|t:|1739125122\n|switch|p2b: Incineroar|Incineroar, L50, F|100\/100\n|-ability|p2b: Incineroar|Intimidate|boost\n|-unboost|p1a: Farigiraf|atk|1\n|-unboost|p1b: Roaring Moon|atk|1\n|move|p1a: Farigiraf|Helping Hand|p1b: Roaring Moon\n|-singleturn|p1b: Roaring Moon|Helping Hand|[of] p1a: Farigiraf\n|move|p1b: Roaring Moon|Acrobatics|p2b: Incineroar\n|-damage|p2b: Incineroar|66\/100\n|move|p2a: Terapagos|Calm Mind|p2a: Terapagos\n|-boost|p2a: Terapagos|spa|1\n|-boost|p2a: Terapagos|spd|1\n|\n|-weather|RainDance|[upkeep]\n|-heal|p2a: Terapagos|93\/100|[from] Grassy Terrain\n|-heal|p2b: Incineroar|72\/100|[from] Grassy Terrain\n|upkeep\n|turn|3\n|\n|t:|1739125145\n|-end|p1b: Roaring Moon|Protosynthesis|[silent]\n|switch|p1b: Iron Hands|Iron Hands, L50|100\/100\n|move|p2a: Terapagos|Calm Mind|p2a: Terapagos\n|-boost|p2a: Terapagos|spa|1\n|-boost|p2a: Terapagos|spd|1\n|move|p2b: Incineroar|Will-O-Wisp|p1b: Iron Hands\n|-status|p1b: Iron Hands|brn\n|move|p1a: Farigiraf|Trick Room|p1a: Farigiraf\n|-fieldstart|move: Trick Room|[of] p1a: Farigiraf\n|\n|-weather|RainDance|[upkeep]\n|-heal|p2b: Incineroar|78\/100|[from] Grassy Terrain\n|-heal|p2a: Terapagos|99\/100|[from] Grassy Terrain\n|-damage|p1b: Iron Hands|94\/100 brn|[from] brn\n|upkeep\n|turn|4\n|\n|t:|1739125167\n|move|p1a: Farigiraf|Helping Hand|p1b: Iron Hands\n|-singleturn|p1b: Iron Hands|Helping Hand|[of] p1a: Farigiraf\n|move|p2a: Terapagos|Protect|p2a: Terapagos\n|-singleturn|p2a: Terapagos|Protect\n|move|p1b: Iron Hands|Drain Punch|p2b: Incineroar\n|-supereffective|p2b: Incineroar\n|-damage|p2b: Incineroar|18\/100\n|-heal|p1b: Iron Hands|100\/100 brn|[from] drain|[of] p2b: Incineroar\n|move|p2b: Incineroar|Knock Off|p1b: Iron Hands\n|-resisted|p1b: Iron Hands\n|-damage|p1b: Iron Hands|89\/100 brn\n|-enditem|p1b: Iron Hands|Assault Vest|[from] move: Knock Off|[of] p2b: Incineroar\n|\n|-weather|RainDance|[upkeep]\n|-heal|p1b: Iron Hands|95\/100 brn|[from] Grassy Terrain\n|-heal|p2b: Incineroar|24\/100|[from] Grassy Terrain\n|-heal|p2a: Terapagos|100\/100|[from] Grassy Terrain\n|-damage|p1b: Iron Hands|89\/100 brn|[from] brn\n|upkeep\n|turn|5\n|inactive|zrofs has 30 seconds left.\n|\n|t:|1739125194\n|move|p1a: Farigiraf|Helping Hand|p1b: Iron Hands\n|-singleturn|p1b: Iron Hands|Helping Hand|[of] p1a: Farigiraf\n|move|p1b: Iron Hands|Drain Punch|p2a: Terapagos\n|-activate|p2a: Terapagos|ability: Tera Shell\n|-resisted|p2a: Terapagos\n|-damage|p2a: Terapagos|86\/100\n|-heal|p1b: Iron Hands|95\/100 brn|[from] drain|[of] p2a: Terapagos\n|move|p2b: Incineroar|Parting Shot|p1b: Iron Hands\n|-unboost|p1b: Iron Hands|atk|1\n|-unboost|p1b: Iron Hands|spa|1\n|\n|t:|1739125207\n|switch|p2b: Sinistcha|Sinistcha, L50|100\/100|[from] Parting Shot\n|-heal|p2a: Terapagos|100\/100|[from] ability: Hospitality|[of] p2b: Sinistcha\n|move|p2a: Terapagos|Tera Starstorm|p1a: Farigiraf\n|-damage|p1a: Farigiraf|5\/100\n|\n|-weather|none\n|-heal|p1b: Iron Hands|100\/100 brn|[from] Grassy Terrain\n|-heal|p1a: Farigiraf|11\/100|[from] Grassy Terrain\n|-damage|p1b: Iron Hands|94\/100 brn|[from] brn\n|-fieldend|move: Grassy Terrain\n|upkeep\n|turn|6\n|\n|t:|1739125232\n|-end|p1b: Iron Hands|Quark Drive|[silent]\n|switch|p1b: Roaring Moon|Roaring Moon, L50, shiny|100\/100\n|move|p2b: Sinistcha|Rage Powder|p2b: Sinistcha\n|-singleturn|p2b: Sinistcha|move: Rage Powder\n|move|p1a: Farigiraf|Foul Play|p2b: Sinistcha\n|-supereffective|p2b: Sinistcha\n|-damage|p2b: Sinistcha|83\/100\n|-damage|p1a: Farigiraf|0 fnt|[from] item: Rocky Helmet|[of] p2b: Sinistcha\n|faint|p1a: Farigiraf\n|move|p2a: Terapagos|Tera Starstorm|p1b: Roaring Moon\n|-damage|p1b: Roaring Moon|0 fnt\n|faint|p1b: Roaring Moon\n|-end|p1b: Roaring Moon|Protosynthesis|[silent]\n|\n|upkeep\n|\n|t:|1739125240\n|switch|p1a: Kyogre|Kyogre, L50|100\/100\n|switch|p1b: Iron Hands|Iron Hands, L50|94\/100 brn\n|-weather|RainDance|[from] ability: Drizzle|[of] p1a: Kyogre\n|turn|7\n|\n|t:|1739125253\n|-terastallize|p2a: Terapagos|Stellar\n|detailschange|p2a: Terapagos|Terapagos-Stellar, L50, M, tera:Stellar\n|-heal|p2a: Terapagos|100\/100|[silent]\n|-ability|p2a: Terapagos|Teraform Zero\n|-weather|none\n|-terastallize|p1a: Kyogre|Grass\n|move|p1b: Iron Hands|Fake Out|p2a: Terapagos\n|-crit|p2a: Terapagos\n|-damage|p2a: Terapagos|93\/100\n|move|p2b: Sinistcha|Rage Powder|p2b: Sinistcha\n|-singleturn|p2b: Sinistcha|move: Rage Powder\n|cant|p2a: Terapagos|flinch\n|move|p1a: Kyogre|Water Spout|p2a: Terapagos|[spread] p2a,p2b\n|-resisted|p2b: Sinistcha\n|-damage|p2a: Terapagos|67\/100\n|-damage|p2b: Sinistcha|30\/100\n|\n|-damage|p1b: Iron Hands|88\/100 brn|[from] brn\n|-fieldend|move: Trick Room\n|upkeep\n|turn|8\n|\n|t:|1739125271\n|move|p2b: Sinistcha|Rage Powder|p2b: Sinistcha\n|-singleturn|p2b: Sinistcha|move: Rage Powder\n|move|p1a: Kyogre|Water Spout|p2a: Terapagos|[spread] p2a,p2b\n|-resisted|p2b: Sinistcha\n|-damage|p2a: Terapagos|39\/100\n|-damage|p2b: Sinistcha|0 fnt\n|faint|p2b: Sinistcha\n|move|p2a: Terapagos|Tera Starstorm|p1b: Iron Hands|[spread] p1a,p1b\n|-supereffective|p1a: Kyogre\n|-damage|p1a: Kyogre|0 fnt\n|-damage|p1b: Iron Hands|0 fnt\n|faint|p1a: Kyogre\n|faint|p1b: Iron Hands\n|-end|p1b: Iron Hands|Quark Drive|[silent]\n|\n|win|zrofs\n|raw|Sheevpeuic's rating: 1582 &rarr; <strong>1563<\/strong><br \/>(-19 for losing)\n|raw|zrofs's rating: 1592 &rarr; <strong>1611<\/strong><br \/>(+19 for winning)\n|l|\u2606Sheevpeuic\n|player|p1|\n|l| Funn yIy\n|l|\u2606zrofs\n|player|p2|\n","uploadtime":1739125530,"views":9,"formatid":"gen9vgc2025regg","rating":1563,"private":0,"password":null}