{"id":"gen9vgc2025regg-2297916512","format":"[Gen 9] VGC 2025 Reg G","players":["friedfish24","seung2742"],"log":"|j|\u2606friedfish24\n|j|\u2606seung2742\n|t:|1739186098\n|gametype|doubles\n|player|p1|friedfish24|li|1703\n|player|p2|seung2742|102|1658\n|teamsize|p1|6\n|teamsize|p2|6\n|gen|9\n|tier|[Gen 9] VGC 2025 Reg G\n|rated|\n|rule|Species Clause: Limit one of each Pok\u00e9mon\n|rule|Item Clause: Limit 1 of each item\n|clearpoke\n|poke|p1|Grimmsnarl, L50, M|\n|poke|p1|Terapagos, L50, M|\n|poke|p1|Ogerpon-Hearthflame, L50, F|\n|poke|p1|Landorus-Therian, L50, M|\n|poke|p1|Raging Bolt, L50|\n|poke|p1|Farigiraf, L50, F|\n|poke|p2|Calyrex-Shadow, L50|\n|poke|p2|Whimsicott, L50, F|\n|poke|p2|Raging Bolt, L50|\n|poke|p2|Chi-Yu, L50|\n|poke|p2|Rillaboom, L50, M|\n|poke|p2|Urshifu-*, L50, M|\n|teampreview|4\n|inactive|Battle timer is ON: inactive players will automatically lose when time's up. (requested by seung2742)\n|inactive|friedfish24 has 60 seconds left.\n|\n|t:|1739186137\n|start\n|switch|p1a: Grimmsnarl|Grimmsnarl, L50, M|100\/100\n|switch|p1b: Landorus|Landorus-Therian, L50, M, shiny|100\/100\n|switch|p2a: Whimsicott|Whimsicott, L50, F|100\/100\n|switch|p2b: Chi-Yu|Chi-Yu, L50|100\/100\n|-ability|p2b: Chi-Yu|Beads of Ruin\n|-ability|p1b: Landorus|Intimidate|boost\n|-unboost|p2a: Whimsicott|atk|1\n|-unboost|p2b: Chi-Yu|atk|1\n|turn|1\n|inactive|seung2742 has 30 seconds left.\n|\n|t:|1739186163\n|move|p2a: Whimsicott|Tailwind|p2a: Whimsicott\n|-sidestart|p2: seung2742|move: Tailwind\n|move|p1a: Grimmsnarl|Light Screen|p1a: Grimmsnarl\n|-sidestart|p1: friedfish24|move: Light Screen\n|move|p2b: Chi-Yu|Heat Wave|p1b: Landorus|[spread] p1a\n|-miss|p2b: Chi-Yu|p1b: Landorus\n|-damage|p1a: Grimmsnarl|49\/100\n|move|p1b: Landorus|Stomping Tantrum|p2b: Chi-Yu\n|-supereffective|p2b: Chi-Yu\n|-damage|p2b: Chi-Yu|0 fnt\n|faint|p2b: Chi-Yu\n|\n|upkeep\n|\n|t:|1739186176\n|switch|p2b: Calyrex|Calyrex-Shadow, L50|100\/100\n|-ability|p2b: Calyrex|As One\n|-ability|p2b: Calyrex|Unnerve\n|turn|2\n|j| Therazer456\n|\n|t:|1739186186\n|move|p2b: Calyrex|Protect|p2b: Calyrex\n|-singleturn|p2b: Calyrex|Protect\n|move|p1a: Grimmsnarl|Thunder Wave|p2b: Calyrex\n|-activate|p2b: Calyrex|move: Protect\n|move|p2a: Whimsicott|Moonblast|p1a: Grimmsnarl\n|-supereffective|p1a: Grimmsnarl\n|-damage|p1a: Grimmsnarl|15\/100\n|move|p1b: Landorus|Crunch|p2b: Calyrex\n|-activate|p2b: Calyrex|move: Protect\n|\n|upkeep\n|turn|3\n|inactive|seung2742 has 30 seconds left.\n|\n|t:|1739186218\n|move|p1a: Grimmsnarl|Thunder Wave|p2b: Calyrex\n|-status|p2b: Calyrex|par\n|move|p2a: Whimsicott|Moonblast|p1a: Grimmsnarl\n|-supereffective|p1a: Grimmsnarl\n|-damage|p1a: Grimmsnarl|0 fnt\n|faint|p1a: Grimmsnarl\n|move|p2b: Calyrex|Astral Barrage|p1b: Landorus\n|-damage|p1b: Landorus|67\/100\n|move|p1b: Landorus|Crunch|p2b: Calyrex\n|-supereffective|p2b: Calyrex\n|-enditem|p2b: Calyrex|Focus Sash\n|-damage|p2b: Calyrex|1\/100 par\n|-unboost|p2b: Calyrex|def|1\n|\n|upkeep\n|\n|t:|1739186231\n|switch|p1a: Terapagos|Terapagos, L50, M|100\/100\n|-activate|p1a: Terapagos|ability: Tera Shift\n|detailschange|p1a: Terapagos|Terapagos-Terastal, L50, M\n|-heal|p1a: Terapagos|100\/100|[silent]\n|turn|4\n|\n|t:|1739186237\n|move|p2a: Whimsicott|Moonblast|p1a: Terapagos\n|-activate|p1a: Terapagos|ability: Tera Shell\n|-resisted|p1a: Terapagos\n|-damage|p1a: Terapagos|92\/100\n|move|p2b: Calyrex|Astral Barrage|p1b: Landorus|[spread] p1b\n|-immune|p1a: Terapagos\n|-damage|p1b: Landorus|39\/100\n|move|p1a: Terapagos|Tera Starstorm|p2a: Whimsicott\n|-damage|p2a: Whimsicott|0 fnt\n|faint|p2a: Whimsicott\n|move|p1b: Landorus|Rock Slide|p2b: Calyrex\n|-damage|p2b: Calyrex|0 fnt\n|faint|p2b: Calyrex\n|\n|-sideend|p2: seung2742|move: Tailwind\n|upkeep\n|\n|t:|1739186240\n|switch|p2a: Urshifu|Urshifu-Rapid-Strike, L50, M|100\/100\n|turn|5\n|-message|seung2742 forfeited.\n|\n|win|friedfish24\n|raw|friedfish24's rating: 1703 &rarr; <strong>1720<\/strong><br \/>(+17 for winning)\n|raw|seung2742's rating: 1658 &rarr; <strong>1641<\/strong><br \/>(-17 for losing)\n|l|\u2606seung2742\n|player|p2|\n|l|\u2606friedfish24\n|player|p1|\n|l| Therazer456\n","uploadtime":1739186442,"views":12,"formatid":"gen9vgc2025regg","rating":1641,"private":0,"password":null}