{"id":"gen9vgc2025regg-2297248075","format":"[Gen 9] VGC 2025 Reg G","players":["KinimaP","test7301"],"log":"|j|\u2606KinimaP\n|j|\u2606test7301\n|t:|1739079383\n|gametype|doubles\n|player|p1|KinimaP|2|1560\n|player|p2|test7301|2|1504\n|teamsize|p1|6\n|teamsize|p2|6\n|gen|9\n|tier|[Gen 9] VGC 2025 Reg G\n|rated|\n|rule|Species Clause: Limit one of each Pok\u00e9mon\n|rule|Item Clause: Limit 1 of each item\n|clearpoke\n|poke|p1|Smeargle, L50, F|\n|poke|p1|Calyrex-Ice, L50|\n|poke|p1|Torkoal, L50, M|\n|poke|p1|Ogerpon-Cornerstone, L50, F|\n|poke|p1|Raging Bolt, L50|\n|poke|p1|Flutter Mane, L50|\n|poke|p2|Kyogre, L50|\n|poke|p2|Urshifu-*, L50, F|\n|poke|p2|Rillaboom, L50, M|\n|poke|p2|Landorus, L50, M|\n|poke|p2|Tornadus, L50, M|\n|poke|p2|Raging Bolt, L50|\n|teampreview|4\n|\n|t:|1739079439\n|start\n|switch|p1a: Raging Bolt|Raging Bolt, L50|100\/100\n|switch|p1b: Calyrex|Calyrex-Ice, L50|100\/100\n|switch|p2a: Landorus|Landorus, L50, M|100\/100\n|switch|p2b: Rillaboom|Rillaboom, L50, M|100\/100\n|-ability|p1b: Calyrex|As One\n|-ability|p1b: Calyrex|Unnerve\n|-fieldstart|move: Grassy Terrain|[from] ability: Grassy Surge|[of] p2b: Rillaboom\n|turn|1\n|\n|t:|1739079480\n|-end|p1a: Raging Bolt|Protosynthesis|[silent]\n|switch|p1a: Ogerpon|Ogerpon-Cornerstone, L50, F|100\/100\n|move|p2b: Rillaboom|Fake Out|p1b: Calyrex\n|-damage|p1b: Calyrex|91\/100\n|move|p2a: Landorus|Earth Power|p1a: Ogerpon\n|-damage|p1a: Ogerpon|6\/100\n|cant|p1b: Calyrex|flinch\n|\n|-heal|p1a: Ogerpon|11\/100|[from] Grassy Terrain\n|-heal|p1b: Calyrex|97\/100|[from] Grassy Terrain\n|upkeep\n|turn|2\n|l|\u2606KinimaP\n|player|p1|\n|j|\u2606KinimaP\n|player|p1|KinimaP|2|\n|\n|t:|1739079528\n|move|p1a: Ogerpon|Spiky Shield|p1a: Ogerpon\n|-singleturn|p1a: Ogerpon|move: Protect\n|move|p2a: Landorus|Sandsear Storm|p1a: Ogerpon|[spread] p1b\n|-activate|p1a: Ogerpon|move: Protect\n|-damage|p1b: Calyrex|61\/100\n|move|p2b: Rillaboom|U-turn|p1b: Calyrex\n|-supereffective|p1b: Calyrex\n|-damage|p1b: Calyrex|33\/100\n|\n|t:|1739079535\n|switch|p2b: Kyogre|Kyogre, L50|100\/100|[from] U-turn\n|-weather|RainDance|[from] ability: Drizzle|[of] p2b: Kyogre\n|move|p1b: Calyrex|Glacial Lance|p2b: Kyogre|[spread] p2a,p2b\n|-supereffective|p2a: Landorus\n|-resisted|p2b: Kyogre\n|-damage|p2a: Landorus|0 fnt\n|-damage|p2b: Kyogre|66\/100\n|faint|p2a: Landorus\n|-ability|p1b: Calyrex|Chilling Neigh|boost\n|-boost|p1b: Calyrex|atk|1\n|\n|-weather|RainDance|[upkeep]\n|-heal|p2b: Kyogre|73\/100|[from] Grassy Terrain\n|-heal|p1a: Ogerpon|17\/100|[from] Grassy Terrain\n|-heal|p1b: Calyrex|39\/100|[from] Grassy Terrain\n|upkeep\n|\n|t:|1739079539\n|switch|p2a: Rillaboom|Rillaboom, L50, M|100\/100\n|turn|3\n|\n|t:|1739079573\n|move|p1b: Calyrex|Protect|p1b: Calyrex\n|-singleturn|p1b: Calyrex|Protect\n|move|p2b: Kyogre|Water Spout|p1a: Ogerpon|[spread] p1a\n|-activate|p1b: Calyrex|move: Protect\n|-damage|p1a: Ogerpon|0 fnt\n|faint|p1a: Ogerpon\n|move|p2a: Rillaboom|Wood Hammer|p1b: Calyrex\n|-activate|p1b: Calyrex|move: Protect\n|\n|-weather|RainDance|[upkeep]\n|-heal|p2b: Kyogre|79\/100|[from] Grassy Terrain\n|-heal|p1b: Calyrex|45\/100|[from] Grassy Terrain\n|upkeep\n|\n|t:|1739079588\n|switch|p1a: Raging Bolt|Raging Bolt, L50|100\/100\n|turn|4\n|j| Panda Man7567\n|\n|t:|1739079612\n|-terastallize|p2b: Kyogre|Grass\n|-terastallize|p1b: Calyrex|Water\n|move|p2b: Kyogre|Water Spout|p1a: Raging Bolt|[spread] p1a,p1b\n|-resisted|p1a: Raging Bolt\n|-resisted|p1b: Calyrex\n|-damage|p1a: Raging Bolt|79\/100\n|-damage|p1b: Calyrex|20\/100\n|move|p2a: Rillaboom|Wood Hammer|p1b: Calyrex\n|-supereffective|p1b: Calyrex\n|-damage|p1b: Calyrex|0 fnt\n|faint|p1b: Calyrex\n|-damage|p2a: Rillaboom|94\/100|[from] Recoil\n|move|p1a: Raging Bolt|Electroweb|p2a: Rillaboom|[spread] p2a,p2b\n|-resisted|p2a: Rillaboom\n|-resisted|p2b: Kyogre\n|-damage|p2a: Rillaboom|86\/100\n|-damage|p2b: Kyogre|72\/100\n|-unboost|p2a: Rillaboom|spe|1\n|-unboost|p2b: Kyogre|spe|1\n|\n|-weather|RainDance|[upkeep]\n|-heal|p2b: Kyogre|78\/100|[from] Grassy Terrain\n|-heal|p1a: Raging Bolt|85\/100|[from] Grassy Terrain\n|-heal|p2a: Rillaboom|92\/100|[from] Grassy Terrain\n|upkeep\n|\n|t:|1739079624\n|switch|p1b: Flutter Mane|Flutter Mane, L50|100\/100\n|turn|5\n|\n|t:|1739079647\n|move|p1a: Raging Bolt|Thunderclap|p2b: Kyogre\n|-resisted|p2b: Kyogre\n|-damage|p2b: Kyogre|64\/100\n|move|p1b: Flutter Mane|Moonblast|p2b: Kyogre\n|-damage|p2b: Kyogre|15\/100\n|-unboost|p2b: Kyogre|spa|1\n|-damage|p1b: Flutter Mane|91\/100|[from] item: Life Orb\n|move|p2b: Kyogre|Water Spout|p1a: Raging Bolt|[spread] p1a,p1b\n|-resisted|p1a: Raging Bolt\n|-damage|p1a: Raging Bolt|83\/100\n|-damage|p1b: Flutter Mane|79\/100\n|move|p2a: Rillaboom|Wood Hammer|p1b: Flutter Mane\n|-damage|p1b: Flutter Mane|0 fnt\n|faint|p1b: Flutter Mane\n|-end|p1b: Flutter Mane|Protosynthesis|[silent]\n|-damage|p2a: Rillaboom|76\/100|[from] Recoil\n|\n|-weather|RainDance|[upkeep]\n|-heal|p2b: Kyogre|22\/100|[from] Grassy Terrain\n|-heal|p1a: Raging Bolt|89\/100|[from] Grassy Terrain\n|-heal|p2a: Rillaboom|82\/100|[from] Grassy Terrain\n|-fieldend|move: Grassy Terrain\n|upkeep\n|turn|6\n|\n|t:|1739079679\n|switch|p2b: Raging Bolt|Raging Bolt, L50|100\/100\n|-enditem|p2b: Raging Bolt|Booster Energy\n|-activate|p2b: Raging Bolt|ability: Protosynthesis|[fromitem]\n|-start|p2b: Raging Bolt|protosynthesisspa\n|move|p1a: Raging Bolt|Draco Meteor|p2a: Rillaboom\n|-crit|p2a: Rillaboom\n|-damage|p2a: Rillaboom|12\/100\n|-unboost|p1a: Raging Bolt|spa|2\n|move|p2a: Rillaboom|U-turn|p1a: Raging Bolt\n|-damage|p1a: Raging Bolt|70\/100\n|\n|t:|1739079690\n|switch|p2a: Kyogre|Kyogre, L50, tera:Grass|22\/100|[from] U-turn\n|\n|-weather|none\n|upkeep\n|turn|7\n|\n|t:|1739079699\n|move|p2a: Kyogre|Ice Beam|p1a: Raging Bolt\n|-supereffective|p1a: Raging Bolt\n|-damage|p1a: Raging Bolt|35\/100\n|move|p1a: Raging Bolt|Draco Meteor|p2b: Raging Bolt\n|-supereffective|p2b: Raging Bolt\n|-damage|p2b: Raging Bolt|40\/100\n|-unboost|p1a: Raging Bolt|spa|2\n|move|p2b: Raging Bolt|Draco Meteor|p1a: Raging Bolt\n|-supereffective|p1a: Raging Bolt\n|-damage|p1a: Raging Bolt|0 fnt\n|-unboost|p2b: Raging Bolt|spa|2\n|faint|p1a: Raging Bolt\n|-end|p1a: Raging Bolt|Protosynthesis|[silent]\n|\n|win|test7301\n|raw|KinimaP's rating: 1560 &rarr; <strong>1537<\/strong><br \/>(-23 for losing)\n|raw|test7301's rating: 1504 &rarr; <strong>1527<\/strong><br \/>(+23 for winning)\n|l| Panda Man7567\n|l|\u2606KinimaP\n|player|p1|\n","uploadtime":1739079706,"views":13,"formatid":"gen9vgc2025regg","rating":1527,"private":0,"password":null}