{"id":"gen9vgc2025regg-2297448317","format":"[Gen 9] VGC 2025 Reg G","players":["zrofs","Kaicyios"],"log":"|j|\u2606zrofs\n|j|\u2606Kaicyios\n|t:|1739116693\n|gametype|doubles\n|player|p1|zrofs|steven|1527\n|player|p2|Kaicyios|giovanni|1595\n|teamsize|p1|6\n|teamsize|p2|6\n|gen|9\n|tier|[Gen 9] VGC 2025 Reg G\n|rated|\n|rule|Species Clause: Limit one of each Pok\u00e9mon\n|rule|Item Clause: Limit 1 of each item\n|clearpoke\n|poke|p1|Terapagos, L50, M|\n|poke|p1|Sinistcha, L50|\n|poke|p1|Rillaboom, L50, M|\n|poke|p1|Incineroar, L50, M|\n|poke|p1|Annihilape, L50, M|\n|poke|p1|Maushold, L50|\n|poke|p2|Groudon, L50|\n|poke|p2|Tornadus, L50, M|\n|poke|p2|Flutter Mane, L50|\n|poke|p2|Chi-Yu, L50|\n|poke|p2|Raging Bolt, L50|\n|poke|p2|Ogerpon-Hearthflame, L50, F|\n|teampreview|4\n|inactive|Battle timer is ON: inactive players will automatically lose when time's up. (requested by zrofs)\n|\n|t:|1739116735\n|start\n|switch|p1a: Terapagos|Terapagos, L50, M|100\/100\n|switch|p1b: Incineroar|Incineroar, L50, M|100\/100\n|switch|p2a: Tornadus|Tornadus, L50, M|100\/100\n|switch|p2b: Chi-Yu|Chi-Yu, L50|100\/100\n|-activate|p1a: Terapagos|ability: Tera Shift\n|detailschange|p1a: Terapagos|Terapagos-Terastal, L50, M\n|-heal|p1a: Terapagos|100\/100|[silent]\n|-ability|p2b: Chi-Yu|Beads of Ruin\n|-ability|p1b: Incineroar|Intimidate|boost\n|-unboost|p2a: Tornadus|atk|1\n|-unboost|p2b: Chi-Yu|atk|1\n|turn|1\n|inactive|Kaicyios has 30 seconds left.\n|inactive|Kaicyios has 20 seconds left.\n|inactive|Kaicyios has 15 seconds left.\n|inactive|Kaicyios has 10 seconds left.\n|\n|t:|1739116784\n|switch|p2b: Groudon|Groudon, L50|100\/100\n|-weather|SunnyDay|[from] ability: Drought|[of] p2b: Groudon\n|move|p1a: Terapagos|Protect|p1a: Terapagos\n|-singleturn|p1a: Terapagos|Protect\n|move|p2a: Tornadus|Bleakwind Storm|p1a: Terapagos|[spread] p1b\n|-activate|p1a: Terapagos|move: Protect\n|-damage|p1b: Incineroar|70\/100\n|move|p1b: Incineroar|Knock Off|p2b: Groudon\n|-damage|p2b: Groudon|75\/100\n|-enditem|p2b: Groudon|Assault Vest|[from] move: Knock Off|[of] p1b: Incineroar\n|\n|-weather|SunnyDay|[upkeep]\n|upkeep\n|turn|2\n|inactive|zrofs has 30 seconds left.\n|inactive|Kaicyios has 30 seconds left.\n|inactive|Kaicyios has 20 seconds left.\n|inactive|Kaicyios has 15 seconds left.\n|j| MTcxing\n|inactive|Kaicyios has 10 seconds left.\n|\n|t:|1739116833\n|switch|p1b: Maushold|Maushold, L50|100\/100\n|move|p2a: Tornadus|Bleakwind Storm|p1a: Terapagos|[spread] p1a,p1b\n|-activate|p1a: Terapagos|ability: Tera Shell\n|-resisted|p1a: Terapagos\n|-damage|p1a: Terapagos|90\/100\n|-damage|p1b: Maushold|55\/100\n|move|p2b: Groudon|Precipice Blades|p1b: Maushold|[spread] p1a,p1b\n|-damage|p1a: Terapagos|56\/100\n|-damage|p1b: Maushold|0 fnt\n|faint|p1b: Maushold\n|move|p1a: Terapagos|Calm Mind|p1a: Terapagos\n|-boost|p1a: Terapagos|spa|1\n|-boost|p1a: Terapagos|spd|1\n|\n|-weather|SunnyDay|[upkeep]\n|upkeep\n|\n|t:|1739116846\n|switch|p1b: Incineroar|Incineroar, L50, M|70\/100\n|-ability|p1b: Incineroar|Intimidate|boost\n|-unboost|p2a: Tornadus|atk|1\n|-unboost|p2b: Groudon|atk|1\n|turn|3\n|inactive|Kaicyios has 30 seconds left.\n|\n|t:|1739116877\n|switch|p2b: Flutter Mane|Flutter Mane, L50|100\/100\n|-activate|p2b: Flutter Mane|ability: Protosynthesis\n|-start|p2b: Flutter Mane|protosynthesisspa\n|move|p1b: Incineroar|Fake Out|p2b: Flutter Mane\n|-immune|p2b: Flutter Mane\n|move|p2a: Tornadus|Tailwind|p2a: Tornadus\n|-sidestart|p2: Kaicyios|move: Tailwind\n|move|p1a: Terapagos|Calm Mind|p1a: Terapagos\n|-boost|p1a: Terapagos|spa|1\n|-boost|p1a: Terapagos|spd|1\n|\n|-weather|SunnyDay|[upkeep]\n|upkeep\n|turn|4\n|l| MTcxing\n|inactive|Kaicyios has 30 seconds left.\n|\n|t:|1739116906\n|-terastallize|p2b: Flutter Mane|Fairy\n|move|p1a: Terapagos|Protect|p1a: Terapagos\n|-singleturn|p1a: Terapagos|Protect\n|move|p2b: Flutter Mane|Dazzling Gleam|p1a: Terapagos|[spread] p1b\n|-activate|p1a: Terapagos|move: Protect\n|-damage|p1b: Incineroar|0 fnt\n|faint|p1b: Incineroar\n|move|p2a: Tornadus|Bleakwind Storm|p1a: Terapagos\n|-activate|p1a: Terapagos|move: Protect\n|\n|-weather|SunnyDay|[upkeep]\n|upkeep\n|\n|t:|1739116917\n|switch|p1b: Sinistcha|Sinistcha, L50|100\/100\n|-heal|p1a: Terapagos|81\/100|[from] ability: Hospitality|[of] p1b: Sinistcha\n|turn|5\n|j| MTcxing\n|\n|t:|1739116935\n|-terastallize|p1a: Terapagos|Stellar\n|detailschange|p1a: Terapagos|Terapagos-Stellar, L50, M, tera:Stellar\n|-heal|p1a: Terapagos|86\/100|[silent]\n|-ability|p1a: Terapagos|Teraform Zero\n|-weather|none\n|-end|p2b: Flutter Mane|Protosynthesis\n|move|p2b: Flutter Mane|Dazzling Gleam|p1b: Sinistcha|[spread] p1a,p1b\n|-damage|p1a: Terapagos|65\/100\n|-damage|p1b: Sinistcha|33\/100\n|move|p2a: Tornadus|Weather Ball|p1a: Terapagos\n|-damage|p1a: Terapagos|60\/100\n|move|p1a: Terapagos|Tera Starstorm|p2a: Tornadus|[spread] p2a,p2b\n|-supereffective|p2b: Flutter Mane\n|-enditem|p2a: Tornadus|Focus Sash\n|-damage|p2a: Tornadus|1\/100\n|-damage|p2b: Flutter Mane|0 fnt\n|faint|p2b: Flutter Mane\n|-end|p2b: Flutter Mane|Protosynthesis|[silent]\n|move|p1b: Sinistcha|Trick Room|p1b: Sinistcha\n|-fieldstart|move: Trick Room|[of] p1b: Sinistcha\n|\n|upkeep\n|\n|t:|1739116957\n|switch|p2b: Groudon|Groudon, L50|75\/100\n|-weather|SunnyDay|[from] ability: Drought|[of] p2b: Groudon\n|turn|6\n|inactive|Kaicyios has 30 seconds left.\n|\n|t:|1739116990\n|switch|p2b: Chi-Yu|Chi-Yu, L50|100\/100\n|-ability|p2b: Chi-Yu|Beads of Ruin\n|move|p1b: Sinistcha|Matcha Gotcha|p2b: Chi-Yu|[spread] p2a,p2b\n|-resisted|p2a: Tornadus\n|-resisted|p2b: Chi-Yu\n|-damage|p2a: Tornadus|0 fnt\n|-heal|p1b: Sinistcha|34\/100|[from] drain|[of] p2a: Tornadus\n|-damage|p2b: Chi-Yu|86\/100\n|-heal|p1b: Sinistcha|39\/100|[from] drain|[of] p2b: Chi-Yu\n|faint|p2a: Tornadus\n|move|p1a: Terapagos|Tera Starstorm|p2b: Chi-Yu\n|-damage|p2b: Chi-Yu|0 fnt\n|faint|p2b: Chi-Yu\n|\n|-weather|SunnyDay|[upkeep]\n|-sideend|p2: Kaicyios|move: Tailwind\n|upkeep\n|\n|t:|1739117010\n|switch|p2b: Groudon|Groudon, L50|75\/100\n|turn|7\n|\n|t:|1739117019\n|move|p1b: Sinistcha|Life Dew|p1b: Sinistcha|[spread] p1a,p1b\n|-heal|p1a: Terapagos|85\/100\n|-heal|p1b: Sinistcha|65\/100\n|move|p1a: Terapagos|Tera Starstorm|p2b: Groudon\n|-damage|p2b: Groudon|0 fnt\n|faint|p2b: Groudon\n|\n|win|zrofs\n|raw|zrofs's rating: 1527 &rarr; <strong>1551<\/strong><br \/>(+24 for winning)\n|raw|Kaicyios's rating: 1595 &rarr; <strong>1571<\/strong><br \/>(-24 for losing)\n|l| MTcxing\n|l|\u2606zrofs\n|player|p1|\n","uploadtime":1739117227,"views":5,"formatid":"gen9vgc2025regg","rating":1551,"private":0,"password":null}