{"id":"gen9vgc2025regg-2297523990","format":"[Gen 9] VGC 2025 Reg G","players":["Nightwind Husky","elvegis1"],"log":"|j|\u2606Nightwind Husky\n|j|\u2606elvegis1\n|t:|1739125922\n|gametype|doubles\n|player|p1|Nightwind Husky|265|1544\n|player|p2|elvegis1|lucas|1652\n|teamsize|p1|6\n|teamsize|p2|6\n|gen|9\n|tier|[Gen 9] VGC 2025 Reg G\n|rated|\n|rule|Species Clause: Limit one of each Pok\u00e9mon\n|rule|Item Clause: Limit 1 of each item\n|clearpoke\n|poke|p1|Calyrex-Ice, L50|\n|poke|p1|Landorus, L50, M|\n|poke|p1|Amoonguss, L50, F|\n|poke|p1|Urshifu-*, L50, F|\n|poke|p1|Roaring Moon, L50|\n|poke|p1|Ogerpon-Hearthflame, L50, F|\n|poke|p2|Calyrex-Shadow, L50|\n|poke|p2|Urshifu-*, L50, F|\n|poke|p2|Whimsicott, L50, F|\n|poke|p2|Incineroar, L50, M|\n|poke|p2|Ditto, L50|\n|poke|p2|Regidrago, L50|\n|teampreview|4\n|inactive|Battle timer is ON: inactive players will automatically lose when time's up. (requested by elvegis1)\n|j| Funn yIy\n|inactive|Nightwind Husky has 60 seconds left.\n|\n|t:|1739125964\n|start\n|switch|p1a: Roaring Moon|Roaring Moon, L50|100\/100\n|switch|p1b: Calyrex|Calyrex-Ice, L50|100\/100\n|switch|p2a: Urshifu|Urshifu-Rapid-Strike, L50, F|100\/100\n|switch|p2b: Calyrex|Calyrex-Shadow, L50|100\/100\n|-ability|p2b: Calyrex|As One\n|-ability|p2b: Calyrex|Unnerve\n|-ability|p1b: Calyrex|As One\n|-ability|p1b: Calyrex|Unnerve\n|-enditem|p1a: Roaring Moon|Booster Energy\n|-activate|p1a: Roaring Moon|ability: Protosynthesis|[fromitem]\n|-start|p1a: Roaring Moon|protosynthesisspe\n|turn|1\n|inactive|Nightwind Husky has 30 seconds left.\n|\n|t:|1739125992\n|-terastallize|p2b: Calyrex|Water\n|-terastallize|p1b: Calyrex|Fairy\n|move|p1a: Roaring Moon|Knock Off|p2b: Calyrex\n|-damage|p2b: Calyrex|59\/100\n|-enditem|p2b: Calyrex|Spell Tag|[from] move: Knock Off|[of] p1a: Roaring Moon\n|move|p2b: Calyrex|Astral Barrage|p1a: Roaring Moon|[spread] p1a,p1b\n|-resisted|p1a: Roaring Moon\n|-damage|p1a: Roaring Moon|75\/100\n|-damage|p1b: Calyrex|65\/100\n|move|p2a: Urshifu|Surging Strikes|p1b: Calyrex\n|-crit|p1b: Calyrex\n|-damage|p1b: Calyrex|50\/100\n|-crit|p1b: Calyrex\n|-damage|p1b: Calyrex|34\/100\n|-crit|p1b: Calyrex\n|-damage|p1b: Calyrex|19\/100\n|-hitcount|p1b: Calyrex|3\n|move|p1b: Calyrex|Glacial Lance|p2b: Calyrex|[spread] p2a,p2b\n|-resisted|p2a: Urshifu\n|-resisted|p2b: Calyrex\n|-damage|p2a: Urshifu|74\/100\n|-damage|p2b: Calyrex|33\/100\n|\n|upkeep\n|turn|2\n|inactive|Nightwind Husky has 30 seconds left.\n|inactive|elvegis1 has 30 seconds left.\n|\n|t:|1739126026\n|switch|p2b: Incineroar|Incineroar, L50, M|100\/100\n|-ability|p2b: Incineroar|Intimidate|boost\n|-unboost|p1a: Roaring Moon|atk|1\n|-fail|p1b: Calyrex|unboost|[from] item: Clear Amulet|[of] p1b: Calyrex\n|move|p1b: Calyrex|Protect|p1b: Calyrex\n|-singleturn|p1b: Calyrex|Protect\n|move|p1a: Roaring Moon|Acrobatics|p2a: Urshifu\n|-supereffective|p2a: Urshifu\n|-damage|p2a: Urshifu|32\/100\n|move|p2a: Urshifu|Surging Strikes|p1b: Calyrex\n|-crit|p1b: Calyrex\n|-damage|p1b: Calyrex|4\/100\n|-crit|p1b: Calyrex\n|-damage|p1b: Calyrex|0 fnt\n|faint|p1b: Calyrex\n|-hitcount|p1: Calyrex|2\n|\n|upkeep\n|\n|t:|1739126047\n|switch|p1b: Amoonguss|Amoonguss, L50, F|100\/100\n|turn|3\n|\n|t:|1739126058\n|switch|p1b: Urshifu|Urshifu-Rapid-Strike, L50, F|100\/100\n|move|p2b: Incineroar|Fake Out|p1a: Roaring Moon\n|-damage|p1a: Roaring Moon|64\/100\n|cant|p1a: Roaring Moon|flinch\n|move|p2a: Urshifu|Taunt|p1b: Urshifu\n|-start|p1b: Urshifu|move: Taunt\n|\n|upkeep\n|turn|4\n|\n|t:|1739126080\n|move|p1a: Roaring Moon|Acrobatics|p2a: Urshifu\n|-supereffective|p2a: Urshifu\n|-damage|p2a: Urshifu|0 fnt\n|faint|p2a: Urshifu\n|move|p1b: Urshifu|Surging Strikes|p2b: Incineroar\n|-supereffective|p2b: Incineroar\n|-crit|p2b: Incineroar\n|-damage|p2b: Incineroar|59\/100\n|-supereffective|p2b: Incineroar\n|-crit|p2b: Incineroar\n|-damage|p2b: Incineroar|20\/100\n|-supereffective|p2b: Incineroar\n|-crit|p2b: Incineroar\n|-damage|p2b: Incineroar|0 fnt\n|faint|p2b: Incineroar\n|-hitcount|p2: Incineroar|3\n|\n|upkeep\n|\n|t:|1739126090\n|switch|p2a: Ditto|Ditto, L50|100\/100\n|switch|p2b: Calyrex|Calyrex-Shadow, L50, tera:Water|33\/100\n|-ability|p2b: Calyrex|As One\n|-ability|p2b: Calyrex|Unnerve\n|-transform|p2a: Ditto|p1b: Urshifu|[from] ability: Imposter\n|turn|5\n|\n|t:|1739126111\n|move|p1a: Roaring Moon|Tailwind|p1a: Roaring Moon\n|-sidestart|p1: Nightwind Husky|move: Tailwind\n|move|p1b: Urshifu|Close Combat|p2b: Calyrex\n|-damage|p2b: Calyrex|0 fnt\n|-unboost|p1b: Urshifu|def|1\n|-unboost|p1b: Urshifu|spd|1\n|faint|p2b: Calyrex\n|move|p2a: Ditto|Surging Strikes|p1a: Roaring Moon\n|-resisted|p1a: Roaring Moon\n|-crit|p1a: Roaring Moon\n|-damage|p1a: Roaring Moon|54\/100\n|-resisted|p1a: Roaring Moon\n|-crit|p1a: Roaring Moon\n|-damage|p1a: Roaring Moon|44\/100\n|-resisted|p1a: Roaring Moon\n|-crit|p1a: Roaring Moon\n|-damage|p1a: Roaring Moon|33\/100\n|-hitcount|p1a: Roaring Moon|3\n|\n|-end|p1b: Urshifu|move: Taunt\n|upkeep\n|turn|6\n|\n|t:|1739126129\n|move|p1a: Roaring Moon|Acrobatics|p2a: Ditto\n|-supereffective|p2a: Ditto\n|-damage|p2a: Ditto|49\/100\n|move|p1b: Urshifu|Close Combat|p2a: Ditto\n|-damage|p2a: Ditto|0 fnt\n|-unboost|p1b: Urshifu|def|1\n|-unboost|p1b: Urshifu|spd|1\n|faint|p2a: Ditto\n|\n|win|Nightwind Husky\n|raw|Nightwind Husky's rating: 1544 &rarr; <strong>1570<\/strong><br \/>(+26 for winning)\n|raw|elvegis1's rating: 1652 &rarr; <strong>1626<\/strong><br \/>(-26 for losing)\n|l|\u2606elvegis1\n|player|p2|\n","uploadtime":1739126147,"views":7,"formatid":"gen9vgc2025regg","rating":1570,"private":0,"password":null}