{"id":"gen9vgc2025regg-2297917675","format":"[Gen 9] VGC 2025 Reg G","players":["sturbyy","huyuplan"],"log":"|j|\u2606sturbyy\n|j|\u2606huyuplan\n|t:|1739186299\n|gametype|doubles\n|player|p1|sturbyy|101|1615\n|player|p2|huyuplan|lucas|1626\n|teamsize|p1|6\n|teamsize|p2|6\n|gen|9\n|tier|[Gen 9] VGC 2025 Reg G\n|rated|\n|rule|Species Clause: Limit one of each Pok\u00e9mon\n|rule|Item Clause: Limit 1 of each item\n|clearpoke\n|poke|p1|Calyrex-Ice, L50|\n|poke|p1|Incineroar, L50, F|\n|poke|p1|Urshifu-*, L50, F|\n|poke|p1|Raging Bolt, L50|\n|poke|p1|Landorus, L50, M|\n|poke|p1|Pelipper, L50, M|\n|poke|p2|Regidrago, L50|\n|poke|p2|Zacian-*, L50|\n|poke|p2|Torkoal, L50, F|\n|poke|p2|Farigiraf, L50, F|\n|poke|p2|Tornadus, L50, M|\n|poke|p2|Raging Bolt, L50|\n|teampreview|4\n|\n|t:|1739186335\n|start\n|switch|p1a: Calyrex|Calyrex-Ice, L50|100\/100\n|switch|p1b: Pelipper|Pelipper, L50, M|100\/100\n|switch|p2a: Regidrago|Regidrago, L50|100\/100\n|switch|p2b: Zacian|Zacian-Crowned, L50|100\/100\n|-ability|p1a: Calyrex|As One\n|-ability|p1a: Calyrex|Unnerve\n|-ability|p2b: Zacian|Intrepid Sword|boost\n|-boost|p2b: Zacian|atk|1\n|-weather|RainDance|[from] ability: Drizzle|[of] p1b: Pelipper\n|turn|1\n|\n|t:|1739186372\n|switch|p2a: Torkoal|Torkoal, L50, F|100\/100\n|-weather|SunnyDay|[from] ability: Drought|[of] p2a: Torkoal\n|move|p1a: Calyrex|Protect|p1a: Calyrex\n|-singleturn|p1a: Calyrex|Protect\n|move|p2b: Zacian|Play Rough|p1b: Pelipper|[miss]\n|-miss|p2b: Zacian|p1b: Pelipper\n|move|p1b: Pelipper|Hurricane|p2a: Torkoal|[miss]\n|-miss|p1b: Pelipper|p2a: Torkoal\n|\n|-weather|SunnyDay|[upkeep]\n|upkeep\n|turn|2\n|\n|t:|1739186406\n|switch|p1a: Incineroar|Incineroar, L50, F, shiny|100\/100\n|-ability|p1a: Incineroar|Intimidate|boost\n|-unboost|p2a: Torkoal|atk|1\n|-unboost|p2b: Zacian|atk|1\n|move|p2b: Zacian|Play Rough|p1a: Incineroar\n|-damage|p1a: Incineroar|69\/100\n|-unboost|p1a: Incineroar|atk|1\n|move|p1b: Pelipper|Weather Ball|p2b: Zacian\n|-supereffective|p2b: Zacian\n|-damage|p2b: Zacian|45\/100\n|move|p2a: Torkoal|Eruption|p1a: Incineroar|[spread] p1a,p1b\n|-resisted|p1a: Incineroar\n|-resisted|p1b: Pelipper\n|-damage|p1a: Incineroar|35\/100\n|-damage|p1b: Pelipper|48\/100\n|\n|-weather|SunnyDay|[upkeep]\n|upkeep\n|turn|3\n|\n|t:|1739186435\n|switch|p2b: Raging Bolt|Raging Bolt, L50|100\/100\n|-activate|p2b: Raging Bolt|ability: Protosynthesis\n|-start|p2b: Raging Bolt|protosynthesisspa\n|move|p1b: Pelipper|Weather Ball|p2b: Raging Bolt\n|-resisted|p2b: Raging Bolt\n|-damage|p2b: Raging Bolt|92\/100\n|move|p1a: Incineroar|Parting Shot|p2a: Torkoal\n|-unboost|p2a: Torkoal|atk|1\n|-unboost|p2a: Torkoal|spa|1\n|\n|t:|1739186445\n|switch|p1a: Raging Bolt|Raging Bolt, L50|100\/100|[from] Parting Shot\n|-activate|p1a: Raging Bolt|ability: Protosynthesis\n|-start|p1a: Raging Bolt|protosynthesisspa\n|move|p2a: Torkoal|Weather Ball|p1a: Raging Bolt\n|-resisted|p1a: Raging Bolt\n|-damage|p1a: Raging Bolt|86\/100\n|\n|-weather|SunnyDay|[upkeep]\n|upkeep\n|turn|4\n|\n|t:|1739186476\n|switch|p1b: Incineroar|Incineroar, L50, F, shiny|35\/100\n|-ability|p1b: Incineroar|Intimidate|boost\n|-unboost|p2a: Torkoal|atk|1\n|-unboost|p2b: Raging Bolt|atk|1\n|move|p2a: Torkoal|Helping Hand|p2b: Raging Bolt\n|-singleturn|p2b: Raging Bolt|Helping Hand|[of] p2a: Torkoal\n|move|p1a: Raging Bolt|Draco Meteor|p2b: Raging Bolt|[miss]\n|-miss|p1a: Raging Bolt|p2b: Raging Bolt\n|move|p2b: Raging Bolt|Dragon Pulse|p1a: Raging Bolt\n|-supereffective|p1a: Raging Bolt\n|-damage|p1a: Raging Bolt|0 fnt\n|faint|p1a: Raging Bolt\n|-end|p1a: Raging Bolt|Protosynthesis|[silent]\n|\n|-weather|SunnyDay|[upkeep]\n|upkeep\n|\n|t:|1739186486\n|switch|p1a: Calyrex|Calyrex-Ice, L50|100\/100\n|-ability|p1a: Calyrex|As One\n|-ability|p1a: Calyrex|Unnerve\n|turn|5\n|\n|t:|1739186524\n|-end|p2b: Raging Bolt|Protosynthesis|[silent]\n|switch|p2b: Zacian|Zacian-Crowned, L50|45\/100\n|move|p1b: Incineroar|Knock Off|p2a: Torkoal\n|-crit|p2a: Torkoal\n|-damage|p2a: Torkoal|63\/100\n|-enditem|p2a: Torkoal|Charcoal|[from] move: Knock Off|[of] p1b: Incineroar\n|move|p1a: Calyrex|High Horsepower|p2a: Torkoal\n|-supereffective|p2a: Torkoal\n|-damage|p2a: Torkoal|0 fnt\n|faint|p2a: Torkoal\n|-ability|p1a: Calyrex|Chilling Neigh|boost\n|-boost|p1a: Calyrex|atk|1\n|\n|-weather|none\n|upkeep\n|\n|t:|1739186540\n|switch|p2a: Regidrago|Regidrago, L50|100\/100\n|turn|6\n|\n|t:|1739186546\n|switch|p1b: Pelipper|Pelipper, L50, M|48\/100\n|-weather|RainDance|[from] ability: Drizzle|[of] p1b: Pelipper\n|-terastallize|p2a: Regidrago|Dragon\n|move|p1a: Calyrex|Protect|p1a: Calyrex\n|-singleturn|p1a: Calyrex|Protect\n|move|p2b: Zacian|Behemoth Blade|p1a: Calyrex\n|-activate|p1a: Calyrex|move: Protect\n|move|p2a: Regidrago|Dragon Energy|p1a: Calyrex|[spread] p1b\n|-activate|p1a: Calyrex|move: Protect\n|-damage|p1b: Pelipper|0 fnt\n|faint|p1b: Pelipper\n|\n|-weather|RainDance|[upkeep]\n|upkeep\n|\n|t:|1739186557\n|switch|p1b: Incineroar|Incineroar, L50, F, shiny|35\/100\n|-ability|p1b: Incineroar|Intimidate|boost\n|-unboost|p2a: Regidrago|atk|1\n|-unboost|p2b: Zacian|atk|1\n|turn|7\n|\n|t:|1739186569\n|move|p2b: Zacian|Protect|p2b: Zacian\n|-singleturn|p2b: Zacian|Protect\n|move|p2a: Regidrago|Protect|p2a: Regidrago\n|-singleturn|p2a: Regidrago|Protect\n|move|p1b: Incineroar|Fake Out|p2a: Regidrago\n|-activate|p2a: Regidrago|move: Protect\n|move|p1a: Calyrex|Trick Room|p1a: Calyrex\n|-fieldstart|move: Trick Room|[of] p1a: Calyrex\n|\n|-weather|RainDance|[upkeep]\n|upkeep\n|turn|8\n|\n|t:|1739186597\n|move|p1a: Calyrex|Glacial Lance|p2b: Zacian|[spread] p2a,p2b\n|-supereffective|p2a: Regidrago\n|-resisted|p2b: Zacian\n|-damage|p2a: Regidrago|0 fnt\n|-damage|p2b: Zacian|9\/100\n|faint|p2a: Regidrago\n|-ability|p1a: Calyrex|Chilling Neigh|boost\n|-boost|p1a: Calyrex|atk|1\n|move|p1b: Incineroar|Knock Off|p2b: Zacian\n|-resisted|p2b: Zacian\n|-damage|p2b: Zacian|1\/100\n|move|p2b: Zacian|Behemoth Blade|p1a: Calyrex\n|-supereffective|p1a: Calyrex\n|-damage|p1a: Calyrex|57\/100\n|\n|-weather|RainDance|[upkeep]\n|upkeep\n|\n|t:|1739186612\n|switch|p2a: Raging Bolt|Raging Bolt, L50|92\/100\n|turn|9\n|j| continuethesaga\n|-message|huyuplan forfeited.\n|\n|win|sturbyy\n|raw|sturbyy's rating: 1615 &rarr; <strong>1636<\/strong><br \/>(+21 for winning)\n|raw|huyuplan's rating: 1626 &rarr; <strong>1605<\/strong><br \/>(-21 for losing)\n|l|\u2606huyuplan\n|player|p2|\n|l| continuethesaga\n|l|\u2606sturbyy\n|player|p1|\n","uploadtime":1739186857,"views":14,"formatid":"gen9vgc2025regg","rating":1605,"private":0,"password":null}