{"id":"gen9vgc2025regg-2297157721","format":"[Gen 9] VGC 2025 Reg G","players":["Tempest brute","something123"],"log":"|j|\u2606Tempest brute\n|j|\u2606something123\n|t:|1739065880\n|gametype|doubles\n|player|p1|Tempest brute|veteran|1667\n|player|p2|something123|1|1763\n|teamsize|p1|4\n|teamsize|p2|6\n|gen|9\n|tier|[Gen 9] VGC 2025 Reg G\n|rated|\n|rule|Species Clause: Limit one of each Pok\u00e9mon\n|rule|Item Clause: Limit 1 of each item\n|clearpoke\n|poke|p1|Terapagos, L50, M|\n|poke|p1|Iron Leaves, L50|\n|poke|p1|Iron Hands, L50|\n|poke|p1|Moltres, L50|\n|poke|p2|Brute Bonnet, L50|\n|poke|p2|Walking Wake, L50|\n|poke|p2|Indeedee-F, L50, F|\n|poke|p2|Gouging Fire, L50|\n|poke|p2|Flutter Mane, L50|\n|poke|p2|Koraidon, L50|\n|teampreview|4\n|c|\u2606something123|what are you cooking?\n|j| yukina VGC\n|c|\u2606Tempest brute|Terapagos\n|\n|t:|1739065956\n|start\n|switch|p1a: Terapagos|Terapagos, L50, M|100\/100\n|switch|p1b: Iron Leaves|Iron Leaves, L50|100\/100\n|switch|p2a: Flutter Mane|Flutter Mane, L50|100\/100\n|switch|p2b: Koraidon|Koraidon, L50|100\/100\n|-activate|p1a: Terapagos|ability: Tera Shift\n|detailschange|p1a: Terapagos|Terapagos-Terastal, L50, M\n|-heal|p1a: Terapagos|100\/100|[silent]\n|-weather|SunnyDay|[from] ability: Orichalcum Pulse|[of] p2b: Koraidon\n|-activate|p2a: Flutter Mane|ability: Protosynthesis\n|-start|p2a: Flutter Mane|protosynthesisspe\n|-activate|p2b: Koraidon|Orichalcum Pulse|[source]\n|-enditem|p1b: Iron Leaves|Booster Energy\n|-activate|p1b: Iron Leaves|ability: Quark Drive|[fromitem]\n|-start|p1b: Iron Leaves|quarkdrivespe\n|turn|1\n|\n|t:|1739065973\n|-terastallize|p1a: Terapagos|Stellar\n|detailschange|p1a: Terapagos|Terapagos-Stellar, L50, M, tera:Stellar\n|-heal|p1a: Terapagos|100\/100|[silent]\n|-ability|p1a: Terapagos|Teraform Zero\n|-weather|none\n|-end|p2a: Flutter Mane|Protosynthesis\n|move|p2b: Koraidon|Protect|p2b: Koraidon\n|-singleturn|p2b: Koraidon|Protect\n|move|p1a: Terapagos|Protect|p1a: Terapagos\n|-singleturn|p1a: Terapagos|Protect\n|move|p1b: Iron Leaves|Coaching|p1a: Terapagos\n|-boost|p1a: Terapagos|atk|1\n|-boost|p1a: Terapagos|def|1\n|move|p2a: Flutter Mane|Icy Wind|p1b: Iron Leaves|[spread] p1b\n|-activate|p1a: Terapagos|move: Protect\n|-supereffective|p1b: Iron Leaves\n|-crit|p1b: Iron Leaves\n|-damage|p1b: Iron Leaves|57\/100\n|-unboost|p1b: Iron Leaves|spe|1\n|\n|upkeep\n|turn|2\n|\n|t:|1739066004\n|switch|p2b: Indeedee|Indeedee-F, L50, F|100\/100\n|-fieldstart|move: Psychic Terrain|[from] ability: Psychic Surge|[of] p2b: Indeedee\n|-enditem|p2b: Indeedee|Psychic Seed\n|-boost|p2b: Indeedee|spd|1|[from] item: Psychic Seed\n|move|p2a: Flutter Mane|Shadow Ball|p1b: Iron Leaves\n|-supereffective|p1b: Iron Leaves\n|-damage|p1b: Iron Leaves|0 fnt\n|faint|p1b: Iron Leaves\n|-end|p1b: Iron Leaves|Quark Drive|[silent]\n|move|p1a: Terapagos|Tera Starstorm|p2a: Flutter Mane|[spread] p2a,p2b\n|-damage|p2a: Flutter Mane|19\/100\n|-damage|p2b: Indeedee|66\/100\n|\n|upkeep\n|\n|t:|1739066011\n|switch|p1b: Moltres|Moltres, L50|100\/100\n|turn|3\n|\n|t:|1739066028\n|move|p2a: Flutter Mane|Icy Wind|p1b: Moltres|[spread] p1a,p1b\n|-damage|p1a: Terapagos|92\/100\n|-damage|p1b: Moltres|86\/100\n|-unboost|p1a: Terapagos|spe|1\n|move|p1b: Moltres|Roost|p1b: Moltres\n|-heal|p1b: Moltres|100\/100\n|-singleturn|p1b: Moltres|move: Roost\n|move|p2b: Indeedee|Psychic|p1b: Moltres\n|-damage|p1b: Moltres|62\/100\n|move|p1a: Terapagos|Tera Starstorm|p2a: Flutter Mane|[spread] p2a,p2b\n|-damage|p2a: Flutter Mane|0 fnt\n|-damage|p2b: Indeedee|33\/100\n|faint|p2a: Flutter Mane\n|-end|p2a: Flutter Mane|Protosynthesis|[silent]\n|\n|-heal|p1a: Terapagos|98\/100|[from] item: Leftovers\n|upkeep\n|\n|t:|1739066045\n|switch|p2a: Koraidon|Koraidon, L50|100\/100\n|-weather|SunnyDay|[from] ability: Orichalcum Pulse|[of] p2a: Koraidon\n|-activate|p2a: Koraidon|Orichalcum Pulse|[source]\n|turn|4\n|j| Kaicyios\n|\n|t:|1739066063\n|move|p2b: Indeedee|Helping Hand|p2a: Koraidon\n|-singleturn|p2a: Koraidon|Helping Hand|[of] p2b: Indeedee\n|move|p1a: Terapagos|Protect|p1a: Terapagos\n|-singleturn|p1a: Terapagos|Protect\n|move|p2a: Koraidon|Collision Course|p1a: Terapagos\n|-activate|p1a: Terapagos|move: Protect\n|move|p1b: Moltres|Roost|p1b: Moltres\n|-heal|p1b: Moltres|100\/100\n|-singleturn|p1b: Moltres|move: Roost\n|\n|-weather|SunnyDay|[upkeep]\n|-heal|p1a: Terapagos|100\/100|[from] item: Leftovers\n|upkeep\n|turn|5\n|\n|t:|1739066071\n|move|p2b: Indeedee|Helping Hand|p2a: Koraidon\n|-singleturn|p2a: Koraidon|Helping Hand|[of] p2b: Indeedee\n|move|p2a: Koraidon|Collision Course|p1a: Terapagos\n|-supereffective|p1a: Terapagos\n|-damage|p1a: Terapagos|0 fnt\n|faint|p1a: Terapagos\n|move|p1b: Moltres|Air Slash|p2a: Koraidon\n|-supereffective|p2a: Koraidon\n|-damage|p2a: Koraidon|37\/100\n|\n|-weather|SunnyDay|[upkeep]\n|upkeep\n|\n|t:|1739066075\n|switch|p1a: Iron Hands|Iron Hands, L50|100\/100\n|turn|6\n|\n|t:|1739066095\n|move|p2a: Koraidon|Collision Course|p1a: Iron Hands\n|-crit|p1a: Iron Hands\n|-damage|p1a: Iron Hands|22\/100\n|move|p1b: Moltres|Flamethrower|p2b: Indeedee\n|-damage|p2b: Indeedee|0 fnt\n|faint|p2b: Indeedee\n|move|p1a: Iron Hands|Low Kick|p2a: Koraidon\n|-damage|p2a: Koraidon|0 fnt\n|faint|p2a: Koraidon\n|\n|-weather|SunnyDay|[upkeep]\n|-fieldend|move: Psychic Terrain\n|upkeep\n|\n|t:|1739066104\n|switch|p2b: Walking Wake|Walking Wake, L50|100\/100\n|-activate|p2b: Walking Wake|ability: Protosynthesis\n|-start|p2b: Walking Wake|protosynthesisspe\n|turn|7\n|\n|t:|1739066115\n|move|p2b: Walking Wake|Hydro Steam|p1a: Iron Hands\n|-damage|p1a: Iron Hands|0 fnt\n|faint|p1a: Iron Hands\n|-end|p1a: Iron Hands|Quark Drive|[silent]\n|-damage|p2b: Walking Wake|91\/100|[from] item: Life Orb\n|move|p1b: Moltres|Air Slash|p2b: Walking Wake\n|-damage|p2b: Walking Wake|53\/100\n|\n|-weather|SunnyDay|[upkeep]\n|upkeep\n|turn|8\n|c|\u2606Tempest brute|Gg\n|c|\u2606something123|gg\n|-message|Tempest brute forfeited.\n|\n|win|something123\n|raw|Tempest brute's rating: 1667 &rarr; <strong>1652<\/strong><br \/>(-15 for losing)\n|raw|something123's rating: 1763 &rarr; <strong>1778<\/strong><br \/>(+15 for winning)\n|l|\u2606something123\n|player|p2|\n|l|\u2606Tempest brute\n|player|p1|\n|l| yukina VGC\n|l| Kaicyios\n","uploadtime":1739066266,"views":29,"formatid":"gen9vgc2025regg","rating":1652,"private":0,"password":null}