{"id":"gen9vgc2025regg-2297099524","format":"[Gen 9] VGC 2025 Reg G","players":["iAcidicOwl","chaddiestchad"],"log":"|j|\u2606iAcidicOwl\n|j|\u2606chaddiestchad\n|t:|1739058159\n|gametype|doubles\n|player|p1|iAcidicOwl|dahlia|1606\n|player|p2|chaddiestchad|supernerd|1571\n|teamsize|p1|6\n|teamsize|p2|6\n|gen|9\n|tier|[Gen 9] VGC 2025 Reg G\n|rated|\n|rule|Species Clause: Limit one of each Pok\u00e9mon\n|rule|Item Clause: Limit 1 of each item\n|clearpoke\n|poke|p1|Tyranitar, L50, M|\n|poke|p1|Zamazenta-*, L50|\n|poke|p1|Ogerpon-Hearthflame, L50, F|\n|poke|p1|Raging Bolt, L50|\n|poke|p1|Rillaboom, L50, F|\n|poke|p1|Moltres-Galar, L50|\n|poke|p2|Calyrex-Shadow, L50|\n|poke|p2|Ogerpon-Hearthflame, L50, F|\n|poke|p2|Incineroar, L50, M|\n|poke|p2|Urshifu-*, L50, F|\n|poke|p2|Rillaboom, L50, F|\n|poke|p2|Raging Bolt, L50|\n|teampreview|4\n|inactive|Battle timer is ON: inactive players will automatically lose when time's up. (requested by chaddiestchad)\n|j| flatziswashed \u269d\u5f61\n|inactive|iAcidicOwl has 60 seconds left.\n|inactive|chaddiestchad has 60 seconds left.\n|\n|t:|1739058217\n|start\n|switch|p1a: Moltres|Moltres-Galar, L50|100\/100\n|switch|p1b: Tyranitar|Tyranitar, L50, M|100\/100\n|switch|p2a: Raging Bolt|Raging Bolt, L50|100\/100\n|switch|p2b: Incineroar|Incineroar, L50, M|100\/100\n|-ability|p2b: Incineroar|Intimidate|boost\n|-unboost|p1a: Moltres|atk|1\n|-unboost|p1b: Tyranitar|atk|1\n|-weather|Sandstorm|[from] ability: Sand Stream|[of] p1b: Tyranitar\n|-enditem|p2a: Raging Bolt|Booster Energy\n|-activate|p2a: Raging Bolt|ability: Protosynthesis|[fromitem]\n|-start|p2a: Raging Bolt|protosynthesisspa\n|turn|1\n|inactive|chaddiestchad has 30 seconds left.\n|inactive|chaddiestchad has 20 seconds left.\n|inactive|chaddiestchad has 15 seconds left.\n|j| Izuden\n|\n|t:|1739058261\n|switch|p1a: Raging Bolt|Raging Bolt, L50|100\/100\n|-enditem|p1a: Raging Bolt|Booster Energy\n|-activate|p1a: Raging Bolt|ability: Protosynthesis|[fromitem]\n|-start|p1a: Raging Bolt|protosynthesisspa\n|-terastallize|p2a: Raging Bolt|Fairy\n|move|p2a: Raging Bolt|Thunderbolt|p1a: Raging Bolt\n|-resisted|p1a: Raging Bolt\n|-damage|p1a: Raging Bolt|87\/100\n|move|p2b: Incineroar|Parting Shot|p1a: Raging Bolt\n|-unboost|p1a: Raging Bolt|atk|1\n|-unboost|p1a: Raging Bolt|spa|1\n|\n|t:|1739058276\n|switch|p2b: Urshifu|Urshifu-Rapid-Strike, L50, F|100\/100|[from] Parting Shot\n|move|p1b: Tyranitar|Rock Slide|p2b: Urshifu|[spread] p2a,p2b\n|-resisted|p2b: Urshifu\n|-damage|p2a: Raging Bolt|76\/100\n|-damage|p2b: Urshifu|84\/100\n|\n|-weather|Sandstorm|[upkeep]\n|-damage|p2a: Raging Bolt|70\/100|[from] Sandstorm\n|-damage|p1a: Raging Bolt|81\/100|[from] Sandstorm\n|upkeep\n|turn|2\n|\n|t:|1739058294\n|move|p2b: Urshifu|Detect|p2b: Urshifu\n|-singleturn|p2b: Urshifu|Protect\n|move|p2a: Raging Bolt|Dragon Pulse|p1a: Raging Bolt\n|-supereffective|p1a: Raging Bolt\n|-damage|p1a: Raging Bolt|0 fnt\n|faint|p1a: Raging Bolt\n|-end|p1a: Raging Bolt|Protosynthesis|[silent]\n|move|p1b: Tyranitar|Rock Slide|p2a: Raging Bolt|[spread] p2a\n|-activate|p2b: Urshifu|move: Protect\n|-damage|p2a: Raging Bolt|46\/100\n|\n|-weather|Sandstorm|[upkeep]\n|-damage|p2a: Raging Bolt|40\/100|[from] Sandstorm\n|upkeep\n|\n|t:|1739058312\n|switch|p1a: Zamazenta|Zamazenta-Crowned, L50|100\/100\n|-ability|p1a: Zamazenta|Dauntless Shield|boost\n|-boost|p1a: Zamazenta|def|1\n|turn|3\n|j| mr pogostick\n|\n|t:|1739058331\n|move|p1a: Zamazenta|Iron Defense|p1a: Zamazenta\n|-boost|p1a: Zamazenta|def|2\n|move|p2b: Urshifu|Surging Strikes|p1b: Tyranitar\n|-supereffective|p1b: Tyranitar\n|-crit|p1b: Tyranitar\n|-damage|p1b: Tyranitar|67\/100\n|-supereffective|p1b: Tyranitar\n|-crit|p1b: Tyranitar\n|-damage|p1b: Tyranitar|35\/100\n|-supereffective|p1b: Tyranitar\n|-crit|p1b: Tyranitar\n|-damage|p1b: Tyranitar|5\/100\n|-hitcount|p1b: Tyranitar|3\n|move|p2a: Raging Bolt|Thunderbolt|p1a: Zamazenta\n|-damage|p1a: Zamazenta|60\/100\n|-status|p1a: Zamazenta|par\n|move|p1b: Tyranitar|Rock Slide|p2b: Urshifu|[spread] p2a\n|-miss|p1b: Tyranitar|p2b: Urshifu\n|-damage|p2a: Raging Bolt|17\/100\n|\n|-weather|Sandstorm|[upkeep]\n|-damage|p2a: Raging Bolt|11\/100|[from] Sandstorm\n|upkeep\n|turn|4\n|\n|t:|1739058356\n|move|p2a: Raging Bolt|Protect|p2a: Raging Bolt\n|-singleturn|p2a: Raging Bolt|Protect\n|move|p2b: Urshifu|Surging Strikes|p1a: Zamazenta\n|-crit|p1a: Zamazenta\n|-damage|p1a: Zamazenta|46\/100 par\n|-crit|p1a: Zamazenta\n|-damage|p1a: Zamazenta|31\/100 par\n|-crit|p1a: Zamazenta\n|-damage|p1a: Zamazenta|15\/100 par\n|-hitcount|p1a: Zamazenta|3\n|move|p1a: Zamazenta|Body Press|p2b: Urshifu\n|-damage|p2b: Urshifu|0 fnt\n|faint|p2b: Urshifu\n|move|p1b: Tyranitar|Rock Slide|p2a: Raging Bolt\n|-activate|p2a: Raging Bolt|move: Protect\n|\n|-weather|Sandstorm|[upkeep]\n|-damage|p2a: Raging Bolt|4\/100|[from] Sandstorm\n|upkeep\n|inactive|chaddiestchad has 30 seconds left.\n|\n|t:|1739058381\n|switch|p2b: Incineroar|Incineroar, L50, M|100\/100\n|-ability|p2b: Incineroar|Intimidate|boost\n|-unboost|p1a: Zamazenta|atk|1\n|-unboost|p1b: Tyranitar|atk|1\n|turn|5\n|\n|t:|1739058394\n|switch|p1b: Moltres|Moltres-Galar, L50|100\/100\n|move|p2b: Incineroar|Fake Out|p1b: Moltres\n|-damage|p1b: Moltres|91\/100\n|move|p2a: Raging Bolt|Thunderbolt|p1a: Zamazenta\n|-damage|p1a: Zamazenta|0 fnt\n|faint|p1a: Zamazenta\n|\n|-weather|none\n|upkeep\n|\n|t:|1739058403\n|switch|p1a: Tyranitar|Tyranitar, L50, M|5\/100\n|-weather|Sandstorm|[from] ability: Sand Stream|[of] p1a: Tyranitar\n|turn|6\n|l| Izuden\n|\n|t:|1739058425\n|move|p2a: Raging Bolt|Thunderclap||[still]\n|-fail|p2a: Raging Bolt\n|move|p1b: Moltres|Tailwind|p1b: Moltres\n|-sidestart|p1: iAcidicOwl|move: Tailwind\n|move|p1a: Tyranitar|Rock Slide|p2a: Raging Bolt|[spread] p2a,p2b\n|-supereffective|p2b: Incineroar\n|-damage|p2a: Raging Bolt|0 fnt\n|-damage|p2b: Incineroar|28\/100\n|faint|p2a: Raging Bolt\n|-end|p2a: Raging Bolt|Protosynthesis|[silent]\n|cant|p2b: Incineroar|flinch\n|\n|-weather|Sandstorm|[upkeep]\n|-damage|p1b: Moltres|85\/100|[from] Sandstorm\n|-damage|p2b: Incineroar|22\/100|[from] Sandstorm\n|upkeep\n|\n|t:|1739058439\n|switch|p2a: Ogerpon|Ogerpon-Hearthflame, L50, F|100\/100\n|-ability|p2a: Ogerpon|Mold Breaker\n|turn|7\n|\n|t:|1739058452\n|move|p1b: Moltres|Fiery Wrath|p2b: Incineroar|[spread] p2a,p2b\n|-crit|p2a: Ogerpon\n|-resisted|p2b: Incineroar\n|-damage|p2a: Ogerpon|64\/100\n|-damage|p2b: Incineroar|10\/100\n|move|p2a: Ogerpon|Horn Leech|p1a: Tyranitar\n|-supereffective|p1a: Tyranitar\n|-damage|p1a: Tyranitar|0 fnt\n|-heal|p2a: Ogerpon|67\/100|[from] drain|[of] p1a: Tyranitar\n|faint|p1a: Tyranitar\n|move|p2b: Incineroar|Parting Shot|p1b: Moltres\n|-unboost|p1b: Moltres|atk|1\n|-unboost|p1b: Moltres|spa|1\n|\n|-weather|Sandstorm|[upkeep]\n|-damage|p1b: Moltres|78\/100|[from] Sandstorm\n|-damage|p2a: Ogerpon|61\/100|[from] Sandstorm\n|-damage|p2b: Incineroar|4\/100|[from] Sandstorm\n|upkeep\n|turn|8\n|inactive|iAcidicOwl has 30 seconds left.\n|\n|t:|1739058478\n|move|p2b: Incineroar|Helping Hand|p2a: Ogerpon\n|-singleturn|p2a: Ogerpon|Helping Hand|[of] p2b: Incineroar\n|move|p1b: Moltres|Fiery Wrath|p2b: Incineroar|[spread] p2a,p2b\n|-resisted|p2b: Incineroar\n|-damage|p2a: Ogerpon|44\/100\n|-damage|p2b: Incineroar|0 fnt\n|faint|p2b: Incineroar\n|move|p2a: Ogerpon|Ivy Cudgel|p1b: Moltres|[anim] Ivy Cudgel Fire\n|-damage|p1b: Moltres|0 fnt\n|faint|p1b: Moltres\n|\n|win|chaddiestchad\n|raw|iAcidicOwl's rating: 1606 &rarr; <strong>1584<\/strong><br \/>(-22 for losing)\n|raw|chaddiestchad's rating: 1571 &rarr; <strong>1593<\/strong><br \/>(+22 for winning)\n|l|\u2606iAcidicOwl\n|player|p1|\n|l| mr pogostick\n|l|\u2606chaddiestchad\n|player|p2|\n|l| flatziswashed \u269d\u5f61\n","uploadtime":1739058669,"views":8,"formatid":"gen9vgc2025regg","rating":1584,"private":0,"password":null}