{"id":"gen9vgc2025regg-2297435568","format":"[Gen 9] VGC 2025 Reg G","players":["Kaicyios","Yung Trav"],"log":"|j|\u2606Kaicyios\n|j|\u2606Yung Trav\n|t:|1739114993\n|gametype|doubles\n|player|p1|Kaicyios|giovanni|1520\n|player|p2|Yung Trav|169|1615\n|teamsize|p1|6\n|teamsize|p2|6\n|gen|9\n|tier|[Gen 9] VGC 2025 Reg G\n|rated|\n|rule|Species Clause: Limit one of each Pok\u00e9mon\n|rule|Item Clause: Limit 1 of each item\n|clearpoke\n|poke|p1|Groudon, L50|\n|poke|p1|Tornadus, L50, M|\n|poke|p1|Flutter Mane, L50|\n|poke|p1|Chi-Yu, L50|\n|poke|p1|Raging Bolt, L50|\n|poke|p1|Ogerpon-Hearthflame, L50, F|\n|poke|p2|Calyrex-Ice, L50|\n|poke|p2|Regidrago, L50|\n|poke|p2|Smeargle, L50, M|\n|poke|p2|Farigiraf, L50, M|\n|poke|p2|Urshifu-*, L50, M|\n|poke|p2|Ogerpon-Cornerstone, L50, F|\n|teampreview|4\n|inactive|Battle timer is ON: inactive players will automatically lose when time's up. (requested by Yung Trav)\n|inactive|Kaicyios has 60 seconds left.\n|inactive|Yung Trav has 60 seconds left.\n|\n|t:|1739115055\n|start\n|switch|p1a: Groudon|Groudon, L50|100\/100\n|switch|p1b: Chi-Yu|Chi-Yu, L50|100\/100\n|switch|p2a: Calyrex|Calyrex-Ice, L50|100\/100\n|switch|p2b: Ogerpon|Ogerpon-Cornerstone, L50, F|100\/100\n|-ability|p2a: Calyrex|As One\n|-ability|p2a: Calyrex|Unnerve\n|-ability|p1b: Chi-Yu|Beads of Ruin\n|-weather|SunnyDay|[from] ability: Drought|[of] p1a: Groudon\n|turn|1\n|inactive|Kaicyios has 30 seconds left.\n|\n|t:|1739115085\n|-terastallize|p1a: Groudon|Fire\n|-terastallize|p2a: Calyrex|Water\n|move|p2b: Ogerpon|Follow Me|p2b: Ogerpon\n|-singleturn|p2b: Ogerpon|move: Follow Me\n|move|p1b: Chi-Yu|Heat Wave|p2a: Calyrex|[spread] p2a,p2b\n|-resisted|p2a: Calyrex\n|-crit|p2a: Calyrex\n|-damage|p2a: Calyrex|59\/100\n|-damage|p2b: Ogerpon|9\/100\n|-status|p2a: Calyrex|brn\n|move|p1a: Groudon|Precipice Blades|p2b: Ogerpon|[spread] p2a\n|-miss|p1a: Groudon|p2b: Ogerpon\n|-damage|p2a: Calyrex|23\/100 brn\n|move|p2a: Calyrex|Trick Room|p2a: Calyrex\n|-fieldstart|move: Trick Room|[of] p2a: Calyrex\n|\n|-weather|SunnyDay|[upkeep]\n|-damage|p2a: Calyrex|17\/100 brn|[from] brn\n|upkeep\n|turn|2\n|\n|t:|1739115108\n|move|p2a: Calyrex|High Horsepower|p1b: Chi-Yu\n|-supereffective|p1b: Chi-Yu\n|-damage|p1b: Chi-Yu|26\/100\n|move|p1a: Groudon|Precipice Blades|p2b: Ogerpon|[spread] p2a,p2b\n|-damage|p2a: Calyrex|0 fnt\n|-damage|p2b: Ogerpon|0 fnt\n|faint|p2a: Calyrex\n|faint|p2b: Ogerpon\n|move|p1b: Chi-Yu|Heat Wave|p2: Calyrex|[notarget]\n|-fail|p1b: Chi-Yu\n|\n|-weather|SunnyDay|[upkeep]\n|upkeep\n|\n|t:|1739115121\n|switch|p2a: Regidrago|Regidrago, L50, shiny|100\/100\n|switch|p2b: Smeargle|Smeargle, L50, M, shiny|100\/100\n|turn|3\n|\n|t:|1739115131\n|move|p2a: Regidrago|Dragon Energy|p1b: Chi-Yu|[spread] p1a,p1b\n|-damage|p1a: Groudon|35\/100\n|-damage|p1b: Chi-Yu|0 fnt\n|faint|p1b: Chi-Yu\n|move|p2b: Smeargle|Spore|p1a: Groudon\n|-status|p1a: Groudon|slp|[from] move: Spore\n|cant|p1a: Groudon|slp\n|\n|-weather|SunnyDay|[upkeep]\n|upkeep\n|\n|t:|1739115144\n|switch|p1b: Ogerpon|Ogerpon-Hearthflame, L50, F|100\/100\n|-ability|p1b: Ogerpon|Mold Breaker\n|turn|4\n|inactive|Kaicyios has 30 seconds left.\n|\n|t:|1739115171\n|switch|p1a: Flutter Mane|Flutter Mane, L50|100\/100\n|-activate|p1a: Flutter Mane|ability: Protosynthesis\n|-start|p1a: Flutter Mane|protosynthesisspa\n|move|p1b: Ogerpon|Spiky Shield|p1b: Ogerpon\n|-singleturn|p1b: Ogerpon|move: Protect\n|move|p2a: Regidrago|Dragon Energy|p1a: Flutter Mane|[spread] \n|-activate|p1b: Ogerpon|move: Protect\n|-immune|p1a: Flutter Mane\n|move|p2b: Smeargle|Decorate|p2a: Regidrago\n|-boost|p2a: Regidrago|atk|2\n|-boost|p2a: Regidrago|spa|2\n|\n|-weather|SunnyDay|[upkeep]\n|upkeep\n|turn|5\n|\n|t:|1739115193\n|-end|p1a: Flutter Mane|Protosynthesis|[silent]\n|switch|p1a: Groudon|Groudon, L50, tera:Fire|35\/100 slp\n|move|p2a: Regidrago|Dragon Energy|p1b: Ogerpon|[spread] p1a,p1b\n|-damage|p1a: Groudon|0 fnt\n|-damage|p1b: Ogerpon|0 fnt\n|faint|p1a: Groudon\n|faint|p1b: Ogerpon\n|move|p2b: Smeargle|Spore|p1: Groudon|[notarget]\n|-fail|p2b: Smeargle\n|\n|-weather|none\n|-fieldend|move: Trick Room\n|upkeep\n|\n|t:|1739115206\n|switch|p1b: Flutter Mane|Flutter Mane, L50|100\/100\n|turn|6\n|\n|t:|1739115214\n|move|p2a: Regidrago|Protect|p2a: Regidrago\n|-singleturn|p2a: Regidrago|Protect\n|move|p1b: Flutter Mane|Dazzling Gleam|p2b: Smeargle|[spread] p2b\n|-activate|p2a: Regidrago|move: Protect\n|-enditem|p2b: Smeargle|Focus Sash\n|-damage|p2b: Smeargle|1\/100\n|move|p2b: Smeargle|Spore|p1b: Flutter Mane\n|-status|p1b: Flutter Mane|slp|[from] move: Spore\n|\n|upkeep\n|turn|7\n|\n|t:|1739115228\n|cant|p1b: Flutter Mane|slp\n|move|p2b: Smeargle|Decorate|p2a: Regidrago\n|-boost|p2a: Regidrago|atk|2\n|-boost|p2a: Regidrago|spa|2\n|move|p2a: Regidrago|Earth Power|p1b: Flutter Mane\n|-damage|p1b: Flutter Mane|18\/100 slp\n|\n|upkeep\n|turn|8\n|\n|t:|1739115240\n|move|p2b: Smeargle|Follow Me|p2b: Smeargle\n|-singleturn|p2b: Smeargle|move: Follow Me\n|-curestatus|p1b: Flutter Mane|slp|[msg]\n|move|p1b: Flutter Mane|Dazzling Gleam|p2b: Smeargle|[spread] p2a,p2b\n|-supereffective|p2a: Regidrago\n|-damage|p2a: Regidrago|0 fnt\n|-damage|p2b: Smeargle|0 fnt\n|faint|p2a: Regidrago\n|faint|p2b: Smeargle\n|\n|win|Kaicyios\n|raw|Kaicyios's rating: 1520 &rarr; <strong>1545<\/strong><br \/>(+25 for winning)\n|raw|Yung Trav's rating: 1615 &rarr; <strong>1590<\/strong><br \/>(-25 for losing)\n|l|\u2606Kaicyios\n|player|p1|\n|l|\u2606Yung Trav\n|player|p2|\n","uploadtime":1739115430,"views":6,"formatid":"gen9vgc2025regg","rating":1545,"private":0,"password":null}