{"id":"gen9vgc2025regg-2297208333","format":"[Gen 9] VGC 2025 Reg G","players":["sibylla_system","Dearp"],"log":"|j|\u2606sibylla_system\n|j|\u2606Dearp\n|t:|1739073094\n|gametype|doubles\n|player|p1|sibylla_system|265|1717\n|player|p2|Dearp|battlegirl|1717\n|teamsize|p1|6\n|teamsize|p2|6\n|gen|9\n|tier|[Gen 9] VGC 2025 Reg G\n|rated|\n|rule|Species Clause: Limit one of each Pok\u00e9mon\n|rule|Item Clause: Limit 1 of each item\n|clearpoke\n|poke|p1|Terapagos, L50, M|\n|poke|p1|Whimsicott, L50, F|\n|poke|p1|Incineroar, L50, F|\n|poke|p1|Urshifu-*, L50, F|\n|poke|p1|Flutter Mane, L50|\n|poke|p1|Landorus, L50, M|\n|poke|p2|Heatran, L50, F|\n|poke|p2|Sinistcha, L50|\n|poke|p2|Annihilape, L50, F|\n|poke|p2|Calyrex-Ice, L50|\n|poke|p2|Indeedee-F, L50, F|\n|poke|p2|Iron Valiant, L50|\n|teampreview|4\n|\n|t:|1739073131\n|start\n|switch|p1a: Terapagos|Terapagos, L50, M|100\/100\n|switch|p1b: Incineroar|Incineroar, L50, F|100\/100\n|switch|p2a: Calyrex|Calyrex-Ice, L50|100\/100\n|switch|p2b: Annihilape|Annihilape, L50, F|100\/100\n|-activate|p1a: Terapagos|ability: Tera Shift\n|detailschange|p1a: Terapagos|Terapagos-Terastal, L50, M\n|-heal|p1a: Terapagos|100\/100|[silent]\n|-ability|p2a: Calyrex|As One\n|-ability|p2a: Calyrex|Unnerve\n|-ability|p1b: Incineroar|Intimidate|boost\n|-unboost|p2a: Calyrex|atk|1\n|-unboost|p2b: Annihilape|atk|1\n|-ability|p2b: Annihilape|Defiant|boost\n|-boost|p2b: Annihilape|atk|2\n|turn|1\n|\n|t:|1739073151\n|move|p1b: Incineroar|Fake Out|p2a: Calyrex\n|-damage|p2a: Calyrex|93\/100\n|move|p2b: Annihilape|Close Combat|p1b: Incineroar\n|-supereffective|p1b: Incineroar\n|-damage|p1b: Incineroar|0 fnt\n|-unboost|p2b: Annihilape|def|1\n|-unboost|p2b: Annihilape|spd|1\n|-damage|p2b: Annihilape|84\/100|[from] item: Rocky Helmet|[of] p1b: Incineroar\n|faint|p1b: Incineroar\n|move|p1a: Terapagos|Tera Starstorm|p2a: Calyrex\n|-crit|p2a: Calyrex\n|-damage|p2a: Calyrex|34\/100\n|cant|p2a: Calyrex|flinch\n|\n|upkeep\n|\n|t:|1739073185\n|switch|p1b: Landorus|Landorus, L50, M|100\/100\n|turn|2\n|\n|t:|1739073192\n|switch|p2b: Sinistcha|Sinistcha, L50|100\/100\n|-heal|p2a: Calyrex|59\/100|[from] ability: Hospitality|[of] p2b: Sinistcha\n|move|p1b: Landorus|Earth Power|p2b: Sinistcha\n|-resisted|p2b: Sinistcha\n|-damage|p2b: Sinistcha|63\/100\n|move|p1a: Terapagos|Tera Starstorm|p2a: Calyrex\n|-damage|p2a: Calyrex|19\/100\n|move|p2a: Calyrex|Glacial Lance|p1b: Landorus|[spread] p1a,p1b\n|-activate|p1a: Terapagos|ability: Tera Shell\n|-resisted|p1a: Terapagos\n|-supereffective|p1b: Landorus\n|-damage|p1a: Terapagos|83\/100\n|-damage|p1b: Landorus|0 fnt\n|faint|p1b: Landorus\n|-ability|p2a: Calyrex|Chilling Neigh|boost\n|-boost|p2a: Calyrex|atk|1\n|\n|upkeep\n|\n|t:|1739073208\n|switch|p1b: Urshifu|Urshifu, L50, F|100\/100\n|turn|3\n|\n|t:|1739073226\n|-terastallize|p1a: Terapagos|Stellar\n|detailschange|p1a: Terapagos|Terapagos-Stellar, L50, M, tera:Stellar\n|-heal|p1a: Terapagos|88\/100|[silent]\n|-terastallize|p2b: Sinistcha|Dark\n|move|p2b: Sinistcha|Protect|p2b: Sinistcha\n|-singleturn|p2b: Sinistcha|Protect\n|move|p1b: Urshifu|Wicked Blow|p2b: Sinistcha\n|-resisted|p2b: Sinistcha\n|-crit|p2b: Sinistcha\n|-damage|p2b: Sinistcha|38\/100\n|-damage|p1b: Urshifu|84\/100|[from] item: Rocky Helmet|[of] p2b: Sinistcha\n|move|p1a: Terapagos|Tera Starstorm|p2a: Calyrex|[spread] p2a\n|-activate|p2b: Sinistcha|move: Protect\n|-damage|p2a: Calyrex|0 fnt\n|faint|p2a: Calyrex\n|\n|upkeep\n|\n|t:|1739073234\n|switch|p2a: Iron Valiant|Iron Valiant, L50|100\/100\n|-enditem|p2a: Iron Valiant|Booster Energy\n|-activate|p2a: Iron Valiant|ability: Quark Drive|[fromitem]\n|-start|p2a: Iron Valiant|quarkdrivespe\n|turn|4\n|\n|t:|1739073250\n|move|p1b: Urshifu|Detect|p1b: Urshifu\n|-singleturn|p1b: Urshifu|Protect\n|move|p2a: Iron Valiant|Disable|p1a: Terapagos\n|-start|p1a: Terapagos|Disable|Tera Starstorm\n|cant|p1a: Terapagos|Disable|Tera Starstorm\n|move|p2b: Sinistcha|Life Dew||[still]|[spread] p2a,p2b\n|-fail|p2a: Iron Valiant|heal\n|-heal|p2b: Sinistcha|63\/100\n|\n|upkeep\n|turn|5\n|j| 0eiae0ieaie\n|-message|sibylla_system forfeited.\n|\n|win|Dearp\n|raw|sibylla_system's rating: 1717 &rarr; <strong>1697<\/strong><br \/>(-20 for losing)\n|raw|Dearp's rating: 1717 &rarr; <strong>1737<\/strong><br \/>(+20 for winning)\n|l|\u2606sibylla_system\n|player|p1|\n|l|\u2606Dearp\n|player|p2|\n","uploadtime":1739073454,"views":68,"formatid":"gen9vgc2025regg","rating":1697,"private":0,"password":null}