{"id":"gen9vgc2025regg-2297525149","format":"[Gen 9] VGC 2025 Reg G","players":["BattleBlazikenVGC","Kaicyios"],"log":"|j|\u2606BattleBlazikenVGC\n|j|\u2606Kaicyios\n|t:|1739126058\n|gametype|doubles\n|player|p1|BattleBlazikenVGC|ltsurge|1578\n|player|p2|Kaicyios|giovanni|1567\n|teamsize|p1|6\n|teamsize|p2|6\n|gen|9\n|tier|[Gen 9] VGC 2025 Reg G\n|rated|\n|rule|Species Clause: Limit one of each Pok\u00e9mon\n|rule|Item Clause: Limit 1 of each item\n|clearpoke\n|poke|p1|Eternatus, L50|\n|poke|p1|Rhydon, L50, M|\n|poke|p1|Grimmsnarl, L50, M|\n|poke|p1|Amoonguss, L50, M|\n|poke|p1|Spectrier, L50|\n|poke|p1|Moltres-Galar, L50|\n|poke|p2|Groudon, L50|\n|poke|p2|Tornadus, L50, M|\n|poke|p2|Flutter Mane, L50|\n|poke|p2|Chi-Yu, L50|\n|poke|p2|Raging Bolt, L50|\n|poke|p2|Ogerpon-Hearthflame, L50, F|\n|teampreview|4\n|j| Fr8ghtRain\n|\n|t:|1739126114\n|start\n|switch|p1a: Osborne|Grimmsnarl, L50, M, shiny|100\/100\n|switch|p1b: Moltres|Moltres-Galar, L50, shiny|100\/100\n|switch|p2a: Tornadus|Tornadus, L50, M|100\/100\n|switch|p2b: Groudon|Groudon, L50|100\/100\n|-weather|SunnyDay|[from] ability: Drought|[of] p2b: Groudon\n|turn|1\n|\n|t:|1739126153\n|move|p1a: Osborne|Reflect|p1a: Osborne\n|-sidestart|p1: BattleBlazikenVGC|Reflect\n|move|p2a: Tornadus|Weather Ball|p1b: Moltres\n|-damage|p1b: Moltres|68\/100\n|move|p1b: Moltres|Foul Play|p2b: Groudon\n|-damage|p2b: Groudon|48\/100\n|move|p2b: Groudon|Rock Slide|p1a: Osborne|[spread] p1a,p1b\n|-supereffective|p1b: Moltres\n|-damage|p1a: Osborne|84\/100\n|-damage|p1b: Moltres|36\/100\n|-ability|p1b: Moltres|Berserk|boost\n|-boost|p1b: Moltres|spa|1\n|\n|-weather|SunnyDay|[upkeep]\n|upkeep\n|turn|2\n|\n|t:|1739126193\n|move|p2a: Tornadus|Tailwind|p2a: Tornadus\n|-sidestart|p2: Kaicyios|move: Tailwind\n|move|p1a: Osborne|Thunder Wave|p2a: Tornadus\n|-status|p2a: Tornadus|par\n|move|p2b: Groudon|Heat Crash|p1b: Moltres\n|-damage|p1b: Moltres|0 fnt\n|faint|p1b: Moltres\n|\n|-weather|SunnyDay|[upkeep]\n|upkeep\n|\n|t:|1739126203\n|switch|p1b: Tahtorak|Eternatus, L50|100\/100\n|-ability|p1b: Tahtorak|Pressure\n|turn|3\n|j| Jfabricio23\n|\n|t:|1739126242\n|switch|p2a: Flutter Mane|Flutter Mane, L50|100\/100\n|-activate|p2a: Flutter Mane|ability: Protosynthesis\n|-start|p2a: Flutter Mane|protosynthesisspa\n|-terastallize|p1b: Tahtorak|Dark\n|move|p1a: Osborne|Light Screen|p1a: Osborne\n|-sidestart|p1: BattleBlazikenVGC|move: Light Screen\n|move|p2b: Groudon|Precipice Blades|p1a: Osborne|[spread] p1a\n|-miss|p2b: Groudon|p1b: Tahtorak\n|-damage|p1a: Osborne|46\/100\n|move|p1b: Tahtorak|Cosmic Power|p1b: Tahtorak\n|-boost|p1b: Tahtorak|def|1\n|-boost|p1b: Tahtorak|spd|1\n|\n|-weather|SunnyDay|[upkeep]\n|upkeep\n|turn|4\n|\n|t:|1739126299\n|-end|p2a: Flutter Mane|Protosynthesis|[silent]\n|switch|p2a: Tornadus|Tornadus, L50, M|100\/100 par\n|move|p2b: Groudon|High Horsepower|p1b: Tahtorak\n|-damage|p1b: Tahtorak|83\/100\n|move|p1b: Tahtorak|Sludge Bomb|p2a: Tornadus\n|-damage|p2a: Tornadus|40\/100 par\n|move|p1a: Osborne|Spirit Break|p2a: Tornadus\n|-damage|p2a: Tornadus|0 fnt\n|faint|p2a: Tornadus\n|\n|-weather|SunnyDay|[upkeep]\n|-heal|p1b: Tahtorak|89\/100|[from] item: Leftovers\n|upkeep\n|\n|t:|1739126314\n|switch|p2a: Flutter Mane|Flutter Mane, L50|100\/100\n|-activate|p2a: Flutter Mane|ability: Protosynthesis\n|-start|p2a: Flutter Mane|protosynthesisspa\n|turn|5\n|\n|t:|1739126331\n|-terastallize|p2a: Flutter Mane|Fairy\n|move|p1a: Osborne|Thunder Wave|p2a: Flutter Mane\n|-status|p2a: Flutter Mane|par\n|move|p2b: Groudon|Precipice Blades|p1a: Osborne|[spread] p1b\n|-miss|p2b: Groudon|p1a: Osborne\n|-damage|p1b: Tahtorak|73\/100\n|move|p2a: Flutter Mane|Moonblast|p1b: Tahtorak\n|-supereffective|p1b: Tahtorak\n|-damage|p1b: Tahtorak|0 fnt\n|faint|p1b: Tahtorak\n|\n|-weather|none\n|-end|p2a: Flutter Mane|Protosynthesis\n|-sideend|p2: Kaicyios|move: Tailwind\n|upkeep\n|\n|t:|1739126344\n|switch|p1b: Bo|Rhydon, L50, M, shiny|100\/100\n|turn|6\n|l| Fr8ghtRain\n|\n|t:|1739126367\n|move|p2b: Groudon|Precipice Blades|p1a: Osborne|[spread] p1a\n|-miss|p2b: Groudon|p1b: Bo\n|-damage|p1a: Osborne|3\/100\n|cant|p2a: Flutter Mane|par\n|move|p1a: Osborne|Spirit Break|p2a: Flutter Mane\n|-damage|p2a: Flutter Mane|41\/100 par\n|-unboost|p2a: Flutter Mane|spa|1\n|move|p1b: Bo|High Horsepower|p2a: Flutter Mane\n|-damage|p2a: Flutter Mane|0 fnt\n|faint|p2a: Flutter Mane\n|-end|p2a: Flutter Mane|Protosynthesis|[silent]\n|\n|upkeep\n|\n|t:|1739126383\n|switch|p2a: Chi-Yu|Chi-Yu, L50|100\/100\n|-ability|p2a: Chi-Yu|Beads of Ruin\n|turn|7\n|\n|t:|1739126392\n|move|p2a: Chi-Yu|Snarl|p1b: Bo|[spread] p1a,p1b\n|-resisted|p1a: Osborne\n|-damage|p1a: Osborne|0 fnt\n|-damage|p1b: Bo|84\/100\n|-unboost|p1b: Bo|spa|1\n|faint|p1a: Osborne\n|move|p2b: Groudon|High Horsepower|p1b: Bo\n|-supereffective|p1b: Bo\n|-damage|p1b: Bo|41\/100\n|move|p1b: Bo|High Horsepower|p2a: Chi-Yu\n|-supereffective|p2a: Chi-Yu\n|-damage|p2a: Chi-Yu|0 fnt\n|faint|p2a: Chi-Yu\n|\n|upkeep\n|turn|8\n|\n|t:|1739126406\n|move|p2b: Groudon|High Horsepower|p1b: Bo\n|-supereffective|p1b: Bo\n|-damage|p1b: Bo|0 fnt\n|faint|p1b: Bo\n|\n|win|Kaicyios\n|raw|BattleBlazikenVGC's rating: 1578 &rarr; <strong>1557<\/strong><br \/>(-21 for losing)\n|raw|Kaicyios's rating: 1567 &rarr; <strong>1588<\/strong><br \/>(+21 for winning)\n|l|\u2606BattleBlazikenVGC\n|player|p1|\n|l| Jfabricio23\n|l|\u2606Kaicyios\n|player|p2|\n","uploadtime":1739126413,"views":26,"formatid":"gen9vgc2025regg","rating":1557,"private":0,"password":null}