{"id":"gen9vgc2025regg-2297732780","format":"[Gen 9] VGC 2025 Reg G","players":["Kaicyios","Kxng Christian"],"log":"|j|\u2606Kaicyios\n|j|\u2606Kxng Christian\n|t:|1739152190\n|gametype|doubles\n|player|p1|Kaicyios|giovanni|1573\n|player|p2|Kxng Christian|colress|1592\n|teamsize|p1|6\n|teamsize|p2|6\n|gen|9\n|tier|[Gen 9] VGC 2025 Reg G\n|rated|\n|rule|Species Clause: Limit one of each Pok\u00e9mon\n|rule|Item Clause: Limit 1 of each item\n|clearpoke\n|poke|p1|Groudon, L50|\n|poke|p1|Tornadus, L50, M|\n|poke|p1|Flutter Mane, L50|\n|poke|p1|Chi-Yu, L50|\n|poke|p1|Raging Bolt, L50|\n|poke|p1|Brute Bonnet, L50|\n|poke|p2|Calyrex-Shadow, L50|\n|poke|p2|Smeargle, L50, F|\n|poke|p2|Urshifu-*, L50, M|\n|poke|p2|Tornadus, L50, M|\n|poke|p2|Ogerpon-Hearthflame, L50, F|\n|poke|p2|Rillaboom, L50, M|\n|teampreview|4\n|inactive|Battle timer is ON: inactive players will automatically lose when time's up. (requested by Kaicyios)\n|\n|t:|1739152248\n|start\n|switch|p1a: Chi-Yu|Chi-Yu, L50|100\/100\n|switch|p1b: Groudon|Groudon, L50|100\/100\n|switch|p2a: Wet Em Up|Urshifu-Rapid-Strike, L50, M|100\/100\n|switch|p2b: P.Diddy Good|Tornadus, L50, M, shiny|100\/100\n|-ability|p1a: Chi-Yu|Beads of Ruin\n|-weather|SunnyDay|[from] ability: Drought|[of] p1b: Groudon\n|turn|1\n|inactive|Kaicyios has 30 seconds left.\n|\n|t:|1739152281\n|switch|p1b: Brute Bonnet|Brute Bonnet, L50|100\/100\n|-activate|p1b: Brute Bonnet|ability: Protosynthesis\n|-start|p1b: Brute Bonnet|protosynthesisatk\n|move|p2b: P.Diddy Good|Rain Dance|p2b: P.Diddy Good\n|-weather|RainDance\n|-end|p1b: Brute Bonnet|Protosynthesis\n|move|p1a: Chi-Yu|Dark Pulse|p2b: P.Diddy Good\n|-damage|p2b: P.Diddy Good|14\/100\n|move|p2a: Wet Em Up|Surging Strikes|p1b: Brute Bonnet\n|-resisted|p1b: Brute Bonnet\n|-crit|p1b: Brute Bonnet\n|-damage|p1b: Brute Bonnet|85\/100\n|-resisted|p1b: Brute Bonnet\n|-crit|p1b: Brute Bonnet\n|-damage|p1b: Brute Bonnet|70\/100\n|-resisted|p1b: Brute Bonnet\n|-crit|p1b: Brute Bonnet\n|-damage|p1b: Brute Bonnet|56\/100\n|-hitcount|p1b: Brute Bonnet|3\n|\n|-weather|RainDance|[upkeep]\n|upkeep\n|turn|2\n|inactive|Kaicyios has 30 seconds left.\n|inactive|Kaicyios has 20 seconds left.\n|inactive|Kxng Christian has 30 seconds left.\n|\n|t:|1739152324\n|switch|p2a: Marina|Ogerpon-Hearthflame, L50, F|100\/100\n|-ability|p2a: Marina|Mold Breaker\n|-end|p1b: Brute Bonnet|Protosynthesis|[silent]\n|switch|p1b: Tornadus|Tornadus, L50, M|100\/100\n|move|p2b: P.Diddy Good|Tailwind|p2b: P.Diddy Good\n|-sidestart|p2: Kxng Christian|move: Tailwind\n|move|p1a: Chi-Yu|Dark Pulse|p2b: P.Diddy Good\n|-damage|p2b: P.Diddy Good|0 fnt\n|faint|p2b: P.Diddy Good\n|\n|-weather|RainDance|[upkeep]\n|upkeep\n|\n|t:|1739152336\n|switch|p2b: Wet Em Up|Urshifu-Rapid-Strike, L50, M|100\/100\n|turn|3\n|inactive|Kaicyios has 30 seconds left.\n|inactive|Kaicyios has 20 seconds left.\n|inactive|Kaicyios has 15 seconds left.\n|\n|t:|1739152383\n|move|p1b: Tornadus|Sunny Day|p1b: Tornadus\n|-weather|SunnyDay\n|move|p2b: Wet Em Up|Close Combat|p1a: Chi-Yu\n|-supereffective|p1a: Chi-Yu\n|-damage|p1a: Chi-Yu|0 fnt\n|-unboost|p2b: Wet Em Up|def|1\n|-unboost|p2b: Wet Em Up|spd|1\n|faint|p1a: Chi-Yu\n|move|p2a: Marina|Wood Hammer|p1b: Tornadus\n|-resisted|p1b: Tornadus\n|-damage|p1b: Tornadus|47\/100\n|-damage|p2a: Marina|83\/100|[from] Recoil\n|\n|-weather|SunnyDay|[upkeep]\n|upkeep\n|\n|t:|1739152407\n|switch|p1a: Groudon|Groudon, L50|100\/100\n|turn|4\n|inactive|Kxng Christian has 30 seconds left.\n|inactive|Kxng Christian has 20 seconds left.\n|inactive|Kxng Christian has 15 seconds left.\n|inactive|Kxng Christian has 10 seconds left.\n|\n|t:|1739152455\n|-terastallize|p2a: Marina|Fire\n|detailschange|p2a: Marina|Ogerpon-Hearthflame-Tera, L50, F, tera:Fire\n|-ability|p2a: Marina|Embody Aspect (Hearthflame)|boost\n|-boost|p2a: Marina|atk|1\n|-terastallize|p1a: Groudon|Fire\n|move|p1b: Tornadus|Tailwind|p1b: Tornadus\n|-sidestart|p1: Kaicyios|move: Tailwind\n|move|p2b: Wet Em Up|Close Combat|p1a: Groudon\n|-damage|p1a: Groudon|54\/100\n|-unboost|p2b: Wet Em Up|def|1\n|-unboost|p2b: Wet Em Up|spd|1\n|move|p2a: Marina|Ivy Cudgel|p1a: Groudon|[anim] Ivy Cudgel Fire\n|-resisted|p1a: Groudon\n|-damage|p1a: Groudon|0 fnt\n|faint|p1a: Groudon\n|\n|-weather|SunnyDay|[upkeep]\n|upkeep\n|\n|t:|1739152474\n|switch|p1a: Brute Bonnet|Brute Bonnet, L50|56\/100\n|-activate|p1a: Brute Bonnet|ability: Protosynthesis\n|-start|p1a: Brute Bonnet|protosynthesisatk\n|turn|5\n|j| dododano\n|inactive|Kaicyios has 30 seconds left.\n|\n|t:|1739152501\n|move|p1a: Brute Bonnet|Sucker Punch|p2a: Marina\n|-crit|p2a: Marina\n|-damage|p2a: Marina|0 fnt\n|faint|p2a: Marina\n|move|p2b: Wet Em Up|Close Combat|p1a: Brute Bonnet\n|-supereffective|p1a: Brute Bonnet\n|-damage|p1a: Brute Bonnet|0 fnt\n|-unboost|p2b: Wet Em Up|def|1\n|-unboost|p2b: Wet Em Up|spd|1\n|faint|p1a: Brute Bonnet\n|-end|p1a: Brute Bonnet|Protosynthesis|[silent]\n|move|p1b: Tornadus|Bleakwind Storm|p2b: Wet Em Up\n|-supereffective|p2b: Wet Em Up\n|-damage|p2b: Wet Em Up|0 fnt\n|faint|p2b: Wet Em Up\n|\n|-weather|SunnyDay|[upkeep]\n|-sideend|p2: Kxng Christian|move: Tailwind\n|upkeep\n|\n|t:|1739152510\n|switch|p2a: Bamb\u00f8\u00f8|Rillaboom, L50, M, shiny|100\/100\n|-fieldstart|move: Grassy Terrain|[from] ability: Grassy Surge|[of] p2a: Bamb\u00f8\u00f8\n|turn|6\n|\n|t:|1739152531\n|move|p1b: Tornadus|Weather Ball|p2a: Bamb\u00f8\u00f8\n|-supereffective|p2a: Bamb\u00f8\u00f8\n|-damage|p2a: Bamb\u00f8\u00f8|14\/100\n|move|p2a: Bamb\u00f8\u00f8|Wood Hammer|p1b: Tornadus\n|-resisted|p1b: Tornadus\n|-damage|p1b: Tornadus|0 fnt\n|faint|p1b: Tornadus\n|-damage|p2a: Bamb\u00f8\u00f8|2\/100|[from] Recoil\n|\n|win|Kxng Christian\n|raw|Kaicyios's rating: 1573 &rarr; <strong>1554<\/strong><br \/>(-19 for losing)\n|raw|Kxng Christian's rating: 1592 &rarr; <strong>1611<\/strong><br \/>(+19 for winning)\n|l| dododano\n|l|\u2606Kaicyios\n|player|p1|\n|l|\u2606Kxng Christian\n|player|p2|\n","uploadtime":1739152673,"views":7,"formatid":"gen9vgc2025regg","rating":1554,"private":0,"password":null}