{"id":"gen9vgc2025regg-2297682728","format":"[Gen 9] VGC 2025 Reg G","players":["cobalt_poke","futonkagebunshin"],"log":"|j|\u2606cobalt_poke\n|j|\u2606futonkagebunshin\n|t:|1739144927\n|gametype|doubles\n|player|p1|cobalt_poke|101|1663\n|player|p2|futonkagebunshin|policeman-gen4|1622\n|teamsize|p1|6\n|teamsize|p2|6\n|gen|9\n|tier|[Gen 9] VGC 2025 Reg G\n|rated|\n|rule|Species Clause: Limit one of each Pok\u00e9mon\n|rule|Item Clause: Limit 1 of each item\n|clearpoke\n|poke|p1|Weezing-Galar, L50, M|\n|poke|p1|Calyrex-Shadow, L50|\n|poke|p1|Dondozo, L50, F|\n|poke|p1|Tatsugiri, L50, M|\n|poke|p1|Incineroar, L50, M|\n|poke|p1|Roaring Moon, L50|\n|poke|p2|Koraidon, L50|\n|poke|p2|Tornadus, L50, M|\n|poke|p2|Chi-Yu, L50|\n|poke|p2|Flutter Mane, L50|\n|poke|p2|Umbreon, L50, M|\n|poke|p2|Raging Bolt, L50|\n|teampreview|4\n|inactive|Battle timer is ON: inactive players will automatically lose when time's up. (requested by cobalt_poke)\n|\n|t:|1739144960\n|start\n|switch|p1a: Roaring Moon|Roaring Moon, L50|100\/100\n|switch|p1b: Weezing|Weezing-Galar, L50, M|100\/100\n|switch|p2a: Koraidon|Koraidon, L50|100\/100\n|switch|p2b: Tornadus|Tornadus, L50, M|100\/100\n|-ability|p1b: Weezing|Neutralizing Gas\n|turn|1\n|j| 114514yaju\n|\n|t:|1739144980\n|-end|p1a: Roaring Moon|Protosynthesis|[silent]\n|switch|p1a: Calyrex|Calyrex-Shadow, L50|100\/100\n|-ability|p1a: Calyrex|As One\n|-ability|p1a: Calyrex|Unnerve\n|-terastallize|p2a: Koraidon|Fire\n|move|p2a: Koraidon|Flare Blitz|p1b: Weezing\n|-damage|p1b: Weezing|39\/100\n|-enditem|p1b: Weezing|Sitrus Berry|[eat]\n|-heal|p1b: Weezing|64\/100|[from] item: Sitrus Berry\n|-damage|p2a: Koraidon|81\/100|[from] Recoil\n|move|p2b: Tornadus|Tailwind|p2b: Tornadus\n|-sidestart|p2: futonkagebunshin|move: Tailwind\n|move|p1b: Weezing|Strange Steam|p2a: Koraidon\n|-resisted|p2a: Koraidon\n|-damage|p2a: Koraidon|65\/100\n|\n|upkeep\n|turn|2\n|inactive|futonkagebunshin has 30 seconds left.\n|inactive|cobalt_poke has 30 seconds left.\n|inactive|futonkagebunshin has 20 seconds left.\n|\n|t:|1739145017\n|move|p2a: Koraidon|Protect|p2a: Koraidon\n|-singleturn|p2a: Koraidon|Protect\n|move|p1b: Weezing|Protect|p1b: Weezing\n|-singleturn|p1b: Weezing|Protect\n|move|p2b: Tornadus|Bleakwind Storm|p1b: Weezing|[spread] p1a\n|-activate|p1b: Weezing|move: Protect\n|-damage|p1a: Calyrex|66\/100\n|move|p1a: Calyrex|Astral Barrage|p2a: Koraidon|[spread] p2b\n|-activate|p2a: Koraidon|move: Protect\n|-damage|p2b: Tornadus|25\/100\n|\n|upkeep\n|turn|3\n|\n|t:|1739145040\n|switch|p1a: Incineroar|Incineroar, L50, M|100\/100\n|-ability|p1a: Incineroar|Intimidate|boost\n|-fail|p2a: Koraidon|unboost|[from] item: Clear Amulet|[of] p2a: Koraidon\n|-unboost|p2b: Tornadus|atk|1\n|move|p2a: Koraidon|Flare Blitz|p1a: Incineroar\n|-resisted|p1a: Incineroar\n|-damage|p1a: Incineroar|71\/100\n|-damage|p2a: Koraidon|54\/100|[from] Recoil\n|move|p2b: Tornadus|Bleakwind Storm|p1b: Weezing|[spread] p1b\n|-miss|p2b: Tornadus|p1a: Incineroar\n|-damage|p1b: Weezing|33\/100\n|-unboost|p1b: Weezing|spe|1\n|move|p1b: Weezing|Poison Gas|p2a: Koraidon|[spread] p2a,p2b\n|-status|p2a: Koraidon|psn\n|-status|p2b: Tornadus|psn\n|\n|-damage|p2a: Koraidon|42\/100 psn|[from] psn\n|-damage|p2b: Tornadus|12\/100 psn|[from] psn\n|upkeep\n|turn|4\n|inactive|cobalt_poke has 30 seconds left.\n|\n|t:|1739145069\n|move|p1a: Incineroar|Fake Out|p2b: Tornadus\n|-damage|p2b: Tornadus|0 fnt\n|faint|p2b: Tornadus\n|move|p2a: Koraidon|Collision Course|p1a: Incineroar\n|-supereffective|p1a: Incineroar\n|-damage|p1a: Incineroar|0 fnt\n|faint|p1a: Incineroar\n|move|p1b: Weezing|Strange Steam|p2a: Koraidon\n|-resisted|p2a: Koraidon\n|-damage|p2a: Koraidon|28\/100 psn\n|\n|-damage|p2a: Koraidon|16\/100 psn|[from] psn\n|-sideend|p2: futonkagebunshin|move: Tailwind\n|upkeep\n|\n|t:|1739145082\n|switch|p2b: Raging Bolt|Raging Bolt, L50|100\/100\n|switch|p1a: Calyrex|Calyrex-Shadow, L50|66\/100\n|-ability|p1a: Calyrex|As One\n|-ability|p1a: Calyrex|Unnerve\n|turn|5\n|\n|t:|1739145096\n|move|p2a: Koraidon|Protect|p2a: Koraidon\n|-singleturn|p2a: Koraidon|Protect\n|move|p1b: Weezing|Protect|p1b: Weezing\n|-singleturn|p1b: Weezing|Protect\n|move|p1a: Calyrex|Astral Barrage|p2a: Koraidon|[spread] p2b\n|-activate|p2a: Koraidon|move: Protect\n|-damage|p2b: Raging Bolt|51\/100\n|move|p2b: Raging Bolt|Snarl|p1b: Weezing|[spread] p1a\n|-activate|p1b: Weezing|move: Protect\n|-supereffective|p1a: Calyrex\n|-damage|p1a: Calyrex|0 fnt\n|faint|p1a: Calyrex\n|\n|-damage|p2a: Koraidon|3\/100 psn|[from] psn\n|upkeep\n|\n|t:|1739145108\n|switch|p1a: Roaring Moon|Roaring Moon, L50|100\/100\n|turn|6\n|\n|t:|1739145124\n|-terastallize|p1a: Roaring Moon|Fairy\n|move|p2a: Koraidon|Collision Course|p1a: Roaring Moon\n|-resisted|p1a: Roaring Moon\n|-damage|p1a: Roaring Moon|69\/100\n|move|p1a: Roaring Moon|Tera Blast|p2b: Raging Bolt|[anim] Tera Blast Fairy\n|-supereffective|p2b: Raging Bolt\n|-damage|p2b: Raging Bolt|0 fnt\n|faint|p2b: Raging Bolt\n|-end|p2b: Raging Bolt|Protosynthesis|[silent]\n|move|p1b: Weezing|Toxic Spikes|p2a: Koraidon\n|-sidestart|p2: futonkagebunshin|move: Toxic Spikes\n|\n|-damage|p2a: Koraidon|0 fnt|[from] psn\n|faint|p2a: Koraidon\n|upkeep\n|\n|t:|1739145141\n|switch|p2b: Flutter Mane|Flutter Mane, L50|100\/100\n|-status|p2b: Flutter Mane|psn\n|turn|7\n|\n|t:|1739145152\n|move|p2b: Flutter Mane|Protect|p2b: Flutter Mane\n|-singleturn|p2b: Flutter Mane|Protect\n|move|p1a: Roaring Moon|Knock Off|p2b: Flutter Mane\n|-activate|p2b: Flutter Mane|move: Protect\n|move|p1b: Weezing|Strange Steam|p2b: Flutter Mane\n|-activate|p2b: Flutter Mane|move: Protect\n|\n|-damage|p2b: Flutter Mane|88\/100 psn|[from] psn\n|upkeep\n|turn|8\n|\n|t:|1739145161\n|move|p2b: Flutter Mane|Moonblast|p1a: Roaring Moon\n|-damage|p1a: Roaring Moon|33\/100\n|move|p1a: Roaring Moon|Knock Off|p2b: Flutter Mane\n|-damage|p2b: Flutter Mane|0 fnt\n|-enditem|p2b: Flutter Mane|Focus Sash|[from] move: Knock Off|[of] p1a: Roaring Moon\n|faint|p2b: Flutter Mane\n|-end|p2b: Flutter Mane|Protosynthesis|[silent]\n|\n|win|cobalt_poke\n|raw|cobalt_poke's rating: 1663 &rarr; <strong>1681<\/strong><br \/>(+18 for winning)\n|raw|futonkagebunshin's rating: 1622 &rarr; <strong>1604<\/strong><br \/>(-18 for losing)\n|l|\u2606cobalt_poke\n|player|p1|\n|l| 114514yaju\n","uploadtime":1739145316,"views":12,"formatid":"gen9vgc2025regg","rating":1604,"private":0,"password":null}