{"id":"gen9vgc2025regg-2297208754","format":"[Gen 9] VGC 2025 Reg G","players":["TLSSG","morgan01vgc"],"log":"|j|\u2606TLSSG\n|j|\u2606morgan01vgc\n|t:|1739073157\n|gametype|doubles\n|player|p1|TLSSG|lance|1527\n|player|p2|morgan01vgc|elesa|1621\n|teamsize|p1|6\n|teamsize|p2|6\n|gen|9\n|tier|[Gen 9] VGC 2025 Reg G\n|rated|\n|rule|Species Clause: Limit one of each Pok\u00e9mon\n|rule|Item Clause: Limit 1 of each item\n|clearpoke\n|poke|p1|Calyrex-Ice, L50|\n|poke|p1|Indeedee-F, L50, F|\n|poke|p1|Gallade, L50, M|\n|poke|p1|Hatterene, L50, F|\n|poke|p1|Ursaluna, L50, F|\n|poke|p1|Urshifu-*, L50, F|\n|poke|p2|Lugia, L50|\n|poke|p2|Persian-Alola, L50, F|\n|poke|p2|Iron Hands, L50|\n|poke|p2|Chi-Yu, L50|\n|poke|p2|Gyarados, L50, M|\n|poke|p2|Iron Treads, L50|\n|teampreview|4\nTLSSG has agreed to open team sheets.\n|\n|t:|1739073192\n|start\n|switch|p1a: Urshifu|Urshifu, L50, F|100\/100\n|switch|p1b: Indeedee|Indeedee-F, L50, F|100\/100\n|switch|p2a: Iron Treads|Iron Treads, L50|100\/100\n|switch|p2b: Chi-Yu|Chi-Yu, L50|100\/100\n|-ability|p2b: Chi-Yu|Beads of Ruin\n|-fieldstart|move: Psychic Terrain|[from] ability: Psychic Surge|[of] p1b: Indeedee\n|-enditem|p2a: Iron Treads|Booster Energy\n|-activate|p2a: Iron Treads|ability: Quark Drive|[fromitem]\n|-start|p2a: Iron Treads|quarkdriveatk\n|turn|1\n|\n|t:|1739073210\n|move|p2b: Chi-Yu|Heat Wave|p1a: Urshifu|[spread] p1a,p1b\n|-damage|p1a: Urshifu|13\/100\n|-damage|p1b: Indeedee|51\/100\n|move|p2a: Iron Treads|Steel Roller|p1b: Indeedee\n|-damage|p1b: Indeedee|0 fnt\n|-fieldend|move: Psychic Terrain\n|faint|p1b: Indeedee\n|move|p1a: Urshifu|U-turn|p2b: Chi-Yu\n|-damage|p2b: Chi-Yu|30\/100\n|\n|t:|1739073219\n|switch|p1a: Calyrex|Calyrex-Ice, L50|100\/100|[from] U-turn\n|-ability|p1a: Calyrex|As One\n|-ability|p1a: Calyrex|Unnerve\n|\n|upkeep\n|\n|t:|1739073226\n|switch|p1b: Urshifu|Urshifu, L50, F|13\/100\n|turn|2\n|\n|t:|1739073239\n|-terastallize|p1a: Calyrex|Water\n|move|p1b: Urshifu|Sucker Punch|p2b: Chi-Yu\n|-resisted|p2b: Chi-Yu\n|-damage|p2b: Chi-Yu|0 fnt\n|faint|p2b: Chi-Yu\n|move|p2a: Iron Treads|High Horsepower|p1a: Calyrex\n|-damage|p1a: Calyrex|62\/100\n|move|p1a: Calyrex|Trick Room|p1a: Calyrex\n|-fieldstart|move: Trick Room|[of] p1a: Calyrex\n|\n|upkeep\n|\n|t:|1739073250\n|switch|p2b: Iron Hands|Iron Hands, L50|100\/100\n|turn|3\n|\n|t:|1739073267\n|-terastallize|p2b: Iron Hands|Fire\n|move|p1b: Urshifu|Sucker Punch|p2a: Iron Treads\n|-damage|p2a: Iron Treads|44\/100\n|move|p1a: Calyrex|Glacial Lance|p2a: Iron Treads|[spread] p2a,p2b\n|-resisted|p2b: Iron Hands\n|-damage|p2a: Iron Treads|0 fnt\n|-damage|p2b: Iron Hands|83\/100\n|faint|p2a: Iron Treads\n|-end|p2a: Iron Treads|Quark Drive|[silent]\n|-ability|p1a: Calyrex|Chilling Neigh|boost\n|-boost|p1a: Calyrex|atk|1\n|move|p2b: Iron Hands|Wild Charge|p1a: Calyrex\n|-supereffective|p1a: Calyrex\n|-damage|p1a: Calyrex|1\/100\n|-damage|p2b: Iron Hands|71\/100|[from] Recoil\n|\n|upkeep\n|\n|t:|1739073282\n|switch|p2a: Lugia|Lugia, L50|100\/100\n|turn|4\n|\n|t:|1739073296\n|move|p1a: Calyrex|Protect|p1a: Calyrex\n|-singleturn|p1a: Calyrex|Protect\n|move|p1b: Urshifu|Sucker Punch|p2b: Iron Hands\n|-damage|p2b: Iron Hands|33\/100\n|move|p2b: Iron Hands|Drain Punch|p1a: Calyrex\n|-activate|p1a: Calyrex|move: Protect\n|move|p2a: Lugia|Earth Power|p1a: Calyrex\n|-activate|p1a: Calyrex|move: Protect\n|\n|upkeep\n|turn|5\n|\n|t:|1739073326\n|move|p1b: Urshifu|Sucker Punch|p2b: Iron Hands\n|-damage|p2b: Iron Hands|0 fnt\n|faint|p2b: Iron Hands\n|-end|p2b: Iron Hands|Quark Drive|[silent]\n|move|p1a: Calyrex|Glacial Lance|p2a: Lugia\n|-supereffective|p2a: Lugia\n|-damage|p2a: Lugia|4\/100\n|-enditem|p2a: Lugia|Weakness Policy\n|-boost|p2a: Lugia|atk|2|[from] item: Weakness Policy\n|-boost|p2a: Lugia|spa|2|[from] item: Weakness Policy\n|move|p2a: Lugia|Earth Power|p1a: Calyrex\n|-damage|p1a: Calyrex|0 fnt\n|faint|p1a: Calyrex\n|\n|upkeep\n|\n|t:|1739073332\n|switch|p1a: Hatterene|Hatterene, L50, F|100\/100\n|turn|6\n|\n|t:|1739073342\n|move|p1b: Urshifu|Sucker Punch||[still]\n|-fail|p1b: Urshifu\n|move|p1a: Hatterene|Dazzling Gleam|p2a: Lugia\n|-damage|p2a: Lugia|0 fnt\n|faint|p2a: Lugia\n|-damage|p1a: Hatterene|91\/100|[from] item: Life Orb\n|\n|win|TLSSG\n|raw|TLSSG's rating: 1527 &rarr; <strong>1552<\/strong><br \/>(+25 for winning)\n|raw|morgan01vgc's rating: 1621 &rarr; <strong>1596<\/strong><br \/>(-25 for losing)\n|l|\u2606morgan01vgc\n|player|p2|\n|l|\u2606TLSSG\n|player|p1|\n","uploadtime":1739073592,"views":10,"formatid":"gen9vgc2025regg","rating":1552,"private":0,"password":null}