{"id":"gen9vgc2025regg-2297985033","format":"[Gen 9] VGC 2025 Reg G","players":["ComputerYui","longhq"],"log":"|j|\u2606ComputerYui\n|j|\u203dlonghq\n|t:|1739196069\n|gametype|doubles\n|player|p1|ComputerYui|1|1538\n|player|p2|longhq|dawn|1660\n|teamsize|p1|6\n|teamsize|p2|6\n|gen|9\n|tier|[Gen 9] VGC 2025 Reg G\n|rated|\n|rule|Species Clause: Limit one of each Pok\u00e9mon\n|rule|Item Clause: Limit 1 of each item\n|clearpoke\n|poke|p1|Armarouge, L50, M|\n|poke|p1|Indeedee-F, L50, F|\n|poke|p1|Koraidon, L50|\n|poke|p1|Whimsicott, L50, F|\n|poke|p1|Walking Wake, L50|\n|poke|p1|Primarina, L50, F|\n|poke|p2|Raging Bolt, L50|\n|poke|p2|Gouging Fire, L50|\n|poke|p2|Koraidon, L50|\n|poke|p2|Indeedee-F, L50, F|\n|poke|p2|Kingambit, L50, M|\n|poke|p2|Jumpluff, L50, F|\n|teampreview|4\n|\n|t:|1739196132\n|start\n|switch|p1a: Whimsicott|Whimsicott, L50, F, shiny|100\/100\n|switch|p1b: Koraidon|Koraidon, L50|100\/100\n|switch|p2a: Koraidon|Koraidon, L50|100\/100\n|switch|p2b: Jumpluff|Jumpluff, L50, F|100\/100\n|-weather|SunnyDay|[from] ability: Orichalcum Pulse|[of] p1b: Koraidon\n|-activate|p1b: Koraidon|Orichalcum Pulse|[source]\n|-activate|p2a: Koraidon|ability: Orichalcum Pulse\n|turn|1\n|\n|t:|1739196156\n|move|p1a: Whimsicott|Taunt|p2b: Jumpluff\n|-start|p2b: Jumpluff|move: Taunt\n|cant|p2b: Jumpluff|move: Taunt|Tailwind\n|move|p1b: Koraidon|U-turn|p2b: Jumpluff\n|-damage|p2b: Jumpluff|61\/100\n|\n|t:|1739196163\n|switch|p1b: Indeedee|Indeedee-F, L50, F, shiny|100\/100|[from] U-turn\n|-fieldstart|move: Psychic Terrain|[from] ability: Psychic Surge|[of] p1b: Indeedee\n|move|p2a: Koraidon|Flare Blitz|p1a: Whimsicott\n|-supereffective|p1a: Whimsicott\n|-enditem|p1a: Whimsicott|Focus Sash\n|-damage|p1a: Whimsicott|1\/100\n|-damage|p2a: Koraidon|75\/100|[from] Recoil\n|\n|-weather|SunnyDay|[upkeep]\n|upkeep\n|turn|2\n|\n|t:|1739196192\n|-terastallize|p2a: Koraidon|Fire\n|move|p1b: Indeedee|Follow Me|p1b: Indeedee\n|-singleturn|p1b: Indeedee|move: Follow Me\n|move|p1a: Whimsicott|Dazzling Gleam|p2a: Koraidon|[spread] p2a,p2b\n|-resisted|p2a: Koraidon\n|-damage|p2a: Koraidon|64\/100\n|-damage|p2b: Jumpluff|40\/100\n|move|p2b: Jumpluff|Pollen Puff|p1b: Indeedee\n|-supereffective|p1b: Indeedee\n|-damage|p1b: Indeedee|78\/100\n|-enditem|p1b: Indeedee|Eject Button\n|\n|t:|1739196205\n|switch|p1b: Koraidon|Koraidon, L50|100\/100\n|-activate|p1b: Koraidon|ability: Orichalcum Pulse\n|move|p2a: Koraidon|Flare Blitz|p1b: Koraidon\n|-resisted|p1b: Koraidon\n|-damage|p1b: Koraidon|16\/100\n|-damage|p2a: Koraidon|36\/100|[from] Recoil\n|\n|-weather|SunnyDay|[upkeep]\n|upkeep\n|turn|3\n|\n|t:|1739196245\n|switch|p1a: Indeedee|Indeedee-F, L50, F, shiny|78\/100\n|switch|p2b: Raging Bolt|Raging Bolt, L50|100\/100\n|-activate|p2b: Raging Bolt|ability: Protosynthesis\n|-start|p2b: Raging Bolt|protosynthesisspa\n|move|p1b: Koraidon|Collision Course|p2a: Koraidon\n|-damage|p2a: Koraidon|0 fnt\n|faint|p2a: Koraidon\n|\n|-weather|SunnyDay|[upkeep]\n|upkeep\n|\n|t:|1739196267\n|switch|p2a: Jumpluff|Jumpluff, L50, F|40\/100\n|turn|4\n|\n|t:|1739196289\n|move|p1a: Indeedee|Follow Me|p1a: Indeedee\n|-singleturn|p1a: Indeedee|move: Follow Me\n|move|p2a: Jumpluff|Tailwind|p2a: Jumpluff\n|-sidestart|p2: longhq|move: Tailwind\n|move|p1b: Koraidon|Collision Course|p2b: Raging Bolt\n|-damage|p2b: Raging Bolt|38\/100\n|move|p2b: Raging Bolt|Thunderbolt|p1a: Indeedee\n|-damage|p1a: Indeedee|0 fnt\n|faint|p1a: Indeedee\n|-damage|p2b: Raging Bolt|29\/100|[from] item: Life Orb\n|\n|-weather|SunnyDay|[upkeep]\n|upkeep\n|\n|t:|1739196304\n|switch|p1a: Whimsicott|Whimsicott, L50, F, shiny|1\/100\n|turn|5\n|\n|t:|1739196324\n|move|p2a: Jumpluff|Pollen Puff|p1a: Whimsicott\n|-damage|p1a: Whimsicott|0 fnt\n|faint|p1a: Whimsicott\n|move|p1b: Koraidon|Collision Course|p2b: Raging Bolt\n|-damage|p2b: Raging Bolt|0 fnt\n|faint|p2b: Raging Bolt\n|-end|p2b: Raging Bolt|Protosynthesis|[silent]\n|\n|-weather|none\n|-fieldend|move: Psychic Terrain\n|upkeep\n|\n|t:|1739196335\n|switch|p1a: Armarouge|Armarouge, L50, M, shiny|100\/100\n|switch|p2b: Kingambit|Kingambit, L50, M|100\/100\n|turn|6\n|\n|t:|1739196355\n|move|p2b: Kingambit|Sucker Punch|p1b: Koraidon\n|-resisted|p1b: Koraidon\n|-damage|p1b: Koraidon|0 fnt\n|faint|p1b: Koraidon\n|move|p2a: Jumpluff|Sleep Powder|p1a: Armarouge|[miss]\n|-miss|p2a: Jumpluff|p1a: Armarouge\n|move|p1a: Armarouge|Heat Wave|p2b: Kingambit|[spread] p2a,p2b\n|-supereffective|p2a: Jumpluff\n|-supereffective|p2b: Kingambit\n|-damage|p2a: Jumpluff|0 fnt\n|-damage|p2b: Kingambit|20\/100\n|faint|p2a: Jumpluff\n|\n|upkeep\n|turn|7\n|\n|t:|1739196372\n|move|p2b: Kingambit|Sucker Punch|p1a: Armarouge\n|-supereffective|p1a: Armarouge\n|-damage|p1a: Armarouge|11\/100\n|-ability|p1a: Armarouge|Weak Armor|boost\n|-unboost|p1a: Armarouge|def|1\n|-boost|p1a: Armarouge|spe|2\n|-enditem|p1a: Armarouge|Weakness Policy\n|-boost|p1a: Armarouge|atk|2|[from] item: Weakness Policy\n|-boost|p1a: Armarouge|spa|2|[from] item: Weakness Policy\n|move|p1a: Armarouge|Heat Wave|p2b: Kingambit\n|-supereffective|p2b: Kingambit\n|-damage|p2b: Kingambit|0 fnt\n|faint|p2b: Kingambit\n|\n|win|ComputerYui\n|raw|ComputerYui's rating: 1538 &rarr; <strong>1565<\/strong><br \/>(+27 for winning)\n|raw|longhq's rating: 1660 &rarr; <strong>1633<\/strong><br \/>(-27 for losing)\n|l|\u2606ComputerYui\n|player|p1|\n|l|\u203dlonghq\n|player|p2|\n","uploadtime":1739196554,"views":4,"formatid":"gen9vgc2025regg","rating":1565,"private":0,"password":null}