{"id":"gen9vgc2025regg-2297891699","format":"[Gen 9] VGC 2025 Reg G","players":["jasonrfry","Benjojos"],"log":"|j|\u2606jasonrfry\n|j|\u2606Benjojos\n|t:|1739181722\n|gametype|doubles\n|player|p1|jasonrfry|170|1519\n|player|p2|Benjojos|depotagent|1606\n|teamsize|p1|6\n|teamsize|p2|6\n|gen|9\n|tier|[Gen 9] VGC 2025 Reg G\n|rated|\n|rule|Species Clause: Limit one of each Pok\u00e9mon\n|rule|Item Clause: Limit 1 of each item\n|clearpoke\n|poke|p1|Spiritomb, L50, M|\n|poke|p1|Hatterene, L50, F|\n|poke|p1|Thundurus, L50, M|\n|poke|p1|Calyrex-Ice, L50|\n|poke|p1|Araquanid, L50, M|\n|poke|p1|Iron Hands, L50|\n|poke|p2|Calyrex-Ice, L50|\n|poke|p2|Indeedee-F, L50, F|\n|poke|p2|Annihilape, L50, F|\n|poke|p2|Heatran, L50, F|\n|poke|p2|Sinistcha, L50|\n|poke|p2|Iron Valiant, L50|\n|teampreview|4\n|j| Jasper2452\n|inactive|Battle timer is ON: inactive players will automatically lose when time's up. (requested by Benjojos)\n|inactive|jasonrfry has 60 seconds left.\n|\n|t:|1739181759\n|start\n|switch|p1a: Spiritomb|Spiritomb, L50, M, shiny|100\/100\n|switch|p1b: Araquanid|Araquanid, L50, M|100\/100\n|switch|p2a: Calyrex|Calyrex-Ice, L50|100\/100\n|switch|p2b: Annihilape|Annihilape, L50, F|100\/100\n|-ability|p2a: Calyrex|As One\n|-ability|p2a: Calyrex|Unnerve\n|turn|1\n|inactive|Benjojos has 30 seconds left.\n|\n|t:|1739181787\n|move|p1b: Araquanid|Wide Guard|p1b: Araquanid\n|-singleturn|p1b: Araquanid|Wide Guard\n|move|p2b: Annihilape|Taunt|p1a: Spiritomb\n|-start|p1a: Spiritomb|move: Taunt\n|-enditem|p1a: Spiritomb|Mental Herb\n|-end|p1a: Spiritomb|move: Taunt\n|move|p2a: Calyrex|Crunch|p1a: Spiritomb\n|-damage|p1a: Spiritomb|70\/100\n|move|p1a: Spiritomb|Will-O-Wisp|p2a: Calyrex\n|-status|p2a: Calyrex|brn\n|\n|-damage|p2a: Calyrex|95\/100 brn|[from] brn\n|upkeep\n|turn|2\n|inactive|jasonrfry has 30 seconds left.\n|\n|t:|1739181829\n|move|p2b: Annihilape|Coaching|p2a: Calyrex\n|-boost|p2a: Calyrex|atk|1\n|-boost|p2a: Calyrex|def|1\n|move|p2a: Calyrex|Glacial Lance|p1b: Araquanid|[spread] p1a,p1b\n|-resisted|p1b: Araquanid\n|-damage|p1a: Spiritomb|33\/100\n|-damage|p1b: Araquanid|78\/100\n|move|p1b: Araquanid|Liquidation|p2b: Annihilape\n|-damage|p2b: Annihilape|21\/100\n|-unboost|p2b: Annihilape|def|1\n|-ability|p2b: Annihilape|Defiant|boost\n|-boost|p2b: Annihilape|atk|2\n|move|p1a: Spiritomb|Trick Room|p1a: Spiritomb\n|-fieldstart|move: Trick Room|[of] p1a: Spiritomb\n|\n|-damage|p2a: Calyrex|89\/100 brn|[from] brn\n|upkeep\n|turn|3\n|inactive|Benjojos has 30 seconds left.\n|\n|t:|1739181855\n|switch|p2b: Sinistcha|Sinistcha, L50|100\/100\n|-heal|p2a: Calyrex|100\/100 brn|[from] ability: Hospitality|[of] p2b: Sinistcha\n|-terastallize|p2a: Calyrex|Water\n|move|p1b: Araquanid|Liquidation|p2b: Sinistcha\n|-resisted|p2b: Sinistcha\n|-damage|p2b: Sinistcha|75\/100\n|-damage|p1b: Araquanid|61\/100|[from] item: Rocky Helmet|[of] p2b: Sinistcha\n|move|p1a: Spiritomb|Curse|p2a: Calyrex\n|-start|p2a: Calyrex|Curse|[of] p1a: Spiritomb\n|-damage|p1a: Spiritomb|0 fnt\n|faint|p1a: Spiritomb\n|move|p2a: Calyrex|Glacial Lance|p1b: Araquanid\n|-resisted|p1b: Araquanid\n|-damage|p1b: Araquanid|32\/100\n|\n|-damage|p2a: Calyrex|95\/100 brn|[from] brn\n|-damage|p2a: Calyrex|70\/100 brn|[from] Curse\n|upkeep\n|\n|t:|1739181862\n|switch|p1a: Calyrex|Calyrex-Ice, L50|100\/100\n|-ability|p1a: Calyrex|As One\n|-ability|p1a: Calyrex|Unnerve\n|turn|4\n|\n|t:|1739181878\n|switch|p2a: Annihilape|Annihilape, L50, F|21\/100\n|-terastallize|p1a: Calyrex|Ice\n|move|p2b: Sinistcha|Protect|p2b: Sinistcha\n|-singleturn|p2b: Sinistcha|Protect\n|move|p1b: Araquanid|Power Split|p2a: Annihilape\n|-activate|p1b: Araquanid|move: Power Split|[of] p2a: Annihilape\n|move|p1a: Calyrex|Glacial Lance|p2a: Annihilape|[spread] p2a\n|-activate|p2b: Sinistcha|move: Protect\n|-damage|p2a: Annihilape|0 fnt\n|faint|p2a: Annihilape\n|-ability|p1a: Calyrex|Chilling Neigh|boost\n|-boost|p1a: Calyrex|atk|1\n|\n|upkeep\n|\n|t:|1739181902\n|switch|p2a: Indeedee|Indeedee-F, L50, F|100\/100\n|-fieldstart|move: Psychic Terrain|[from] ability: Psychic Surge|[of] p2a: Indeedee\n|-enditem|p2a: Indeedee|Psychic Seed\n|-boost|p2a: Indeedee|spd|1|[from] item: Psychic Seed\n|turn|5\n|\n|t:|1739181913\n|move|p2b: Sinistcha|Protect||[still]\n|-fail|p2b: Sinistcha\n|move|p1b: Araquanid|Liquidation|p2a: Indeedee\n|-damage|p2a: Indeedee|34\/100\n|move|p1a: Calyrex|Glacial Lance|p2b: Sinistcha|[spread] p2a,p2b\n|-supereffective|p2b: Sinistcha\n|-damage|p2a: Indeedee|0 fnt\n|-damage|p2b: Sinistcha|0 fnt\n|faint|p2a: Indeedee\n|faint|p2b: Sinistcha\n|-ability|p1a: Calyrex|Chilling Neigh|boost\n|-boost|p1a: Calyrex|atk|2\n|\n|upkeep\n|\n|t:|1739181921\n|switch|p2b: Calyrex|Calyrex-Ice, L50, tera:Water|70\/100 brn\n|-ability|p2b: Calyrex|As One\n|-ability|p2b: Calyrex|Unnerve\n|turn|6\n|-message|Benjojos forfeited.\n|\n|win|jasonrfry\n|raw|jasonrfry's rating: 1519 &rarr; <strong>1544<\/strong><br \/>(+25 for winning)\n|raw|Benjojos's rating: 1606 &rarr; <strong>1581<\/strong><br \/>(-25 for losing)\n|l|\u2606Benjojos\n|player|p2|\n","uploadtime":1739181931,"views":10,"formatid":"gen9vgc2025regg","rating":1544,"private":0,"password":null}