{"id":"gen9vgc2025regg-2297107039","format":"[Gen 9] VGC 2025 Reg G","players":["Elektriktoad","Kaicyios"],"log":"|j|\u2606Elektriktoad\n|j|\u2606Kaicyios\n|t:|1739059132\n|gametype|doubles\n|player|p1|Elektriktoad|janine|1636\n|player|p2|Kaicyios|giovanni|1546\n|teamsize|p1|6\n|teamsize|p2|6\n|gen|9\n|tier|[Gen 9] VGC 2025 Reg G\n|rated|\n|rule|Species Clause: Limit one of each Pok\u00e9mon\n|rule|Item Clause: Limit 1 of each item\n|clearpoke\n|poke|p1|Calyrex-Ice, L50|\n|poke|p1|Trapinch, L50, F|\n|poke|p1|Annihilape, L50, M|\n|poke|p1|Pelipper, L50, M|\n|poke|p1|Jigglypuff, L50, M|\n|poke|p1|Urshifu-*, L50, F|\n|poke|p2|Groudon, L50|\n|poke|p2|Whimsicott, L50, F|\n|poke|p2|Flutter Mane, L50|\n|poke|p2|Chi-Yu, L50|\n|poke|p2|Raging Bolt, L50|\n|poke|p2|Ogerpon-Hearthflame, L50, F|\n|teampreview|4\n|\n|t:|1739059177\n|start\n|switch|p1a: Annihilape|Annihilape, L50, M|100\/100\n|switch|p1b: Calyrex|Calyrex-Ice, L50|100\/100\n|switch|p2a: Groudon|Groudon, L50|100\/100\n|switch|p2b: Chi-Yu|Chi-Yu, L50|100\/100\n|-ability|p1b: Calyrex|As One\n|-ability|p1b: Calyrex|Unnerve\n|-ability|p2b: Chi-Yu|Beads of Ruin\n|-weather|SunnyDay|[from] ability: Drought|[of] p2a: Groudon\n|turn|1\n|\n|t:|1739059207\n|switch|p1a: Pelipper|Pelipper, L50, M|100\/100\n|-weather|RainDance|[from] ability: Drizzle|[of] p1a: Pelipper\n|-terastallize|p1b: Calyrex|Grass\n|move|p2b: Chi-Yu|Dark Pulse|p1b: Calyrex\n|-damage|p1b: Calyrex|57\/100\n|move|p2a: Groudon|High Horsepower|p1b: Calyrex\n|-resisted|p1b: Calyrex\n|-damage|p1b: Calyrex|38\/100\n|move|p1b: Calyrex|Trick Room|p1b: Calyrex\n|-fieldstart|move: Trick Room|[of] p1b: Calyrex\n|\n|-weather|RainDance|[upkeep]\n|upkeep\n|turn|2\n|\n|t:|1739059264\n|switch|p1a: Trapinch|Trapinch, L50, F|100\/100\n|move|p1b: Calyrex|Glacial Lance|p2b: Chi-Yu|[spread] p2a,p2b\n|-supereffective|p2a: Groudon\n|-crit|p2a: Groudon\n|-resisted|p2b: Chi-Yu\n|-damage|p2a: Groudon|0 fnt\n|-damage|p2b: Chi-Yu|55\/100\n|faint|p2a: Groudon\n|-ability|p1b: Calyrex|Chilling Neigh|boost\n|-boost|p1b: Calyrex|atk|1\n|move|p2b: Chi-Yu|Dark Pulse|p1b: Calyrex\n|-damage|p1b: Calyrex|0 fnt\n|faint|p1b: Calyrex\n|\n|-weather|RainDance|[upkeep]\n|upkeep\n|\n|t:|1739059286\n|switch|p1b: Pelipper|Pelipper, L50, M|100\/100\n|switch|p2a: Flutter Mane|Flutter Mane, L50|100\/100\n|turn|3\n|\n|t:|1739059305\n|-terastallize|p2a: Flutter Mane|Fairy\n|move|p1a: Trapinch|Earthquake|p2a: Flutter Mane|[spread] p2a,p2b\n|-immune|p1b: Pelipper\n|-supereffective|p2b: Chi-Yu\n|-damage|p2a: Flutter Mane|19\/100\n|-damage|p2b: Chi-Yu|0 fnt\n|faint|p2b: Chi-Yu\n|move|p1b: Pelipper|Weather Ball|p2a: Flutter Mane\n|-damage|p2a: Flutter Mane|0 fnt\n|faint|p2a: Flutter Mane\n|-end|p2a: Flutter Mane|Protosynthesis|[silent]\n|\n|-weather|RainDance|[upkeep]\n|upkeep\n|\n|t:|1739059319\n|switch|p2b: Raging Bolt|Raging Bolt, L50|100\/100\n|turn|4\n|\n|t:|1739059336\n|move|p1b: Pelipper|Protect|p1b: Pelipper\n|-singleturn|p1b: Pelipper|Protect\n|move|p2b: Raging Bolt|Thunderclap||[still]\n|-fail|p2b: Raging Bolt\n|move|p1a: Trapinch|Earthquake|p2b: Raging Bolt|[spread] p2b\n|-activate|p1b: Pelipper|move: Protect\n|-supereffective|p2b: Raging Bolt\n|-damage|p2b: Raging Bolt|43\/100\n|\n|-weather|RainDance|[upkeep]\n|upkeep\n|turn|5\n|-message|Kaicyios forfeited.\n|\n|win|Elektriktoad\n|raw|Elektriktoad's rating: 1636 &rarr; <strong>1651<\/strong><br \/>(+15 for winning)\n|raw|Kaicyios's rating: 1546 &rarr; <strong>1531<\/strong><br \/>(-15 for losing)\n|l|\u2606Kaicyios\n|player|p2|\n|l|\u2606Elektriktoad\n|player|p1|\n","uploadtime":1739059501,"views":20,"formatid":"gen9vgc2025regg","rating":1531,"private":0,"password":null}