{"id":"gen9vgc2025regg-2297054275","format":"[Gen 9] VGC 2025 Reg G","players":["Tempest brute","OnADiffWorkComp"],"log":"|j|\u2606Tempest brute\n|j|\u2606OnADiffWorkComp\n|t:|1739052438\n|gametype|doubles\n|player|p1|Tempest brute|veteran|1610\n|player|p2|OnADiffWorkComp|101|1555\n|teamsize|p1|4\n|teamsize|p2|6\n|gen|9\n|tier|[Gen 9] VGC 2025 Reg G\n|rated|\n|rule|Species Clause: Limit one of each Pok\u00e9mon\n|rule|Item Clause: Limit 1 of each item\n|clearpoke\n|poke|p1|Terapagos, L50, M|\n|poke|p1|Iron Leaves, L50|\n|poke|p1|Iron Hands, L50|\n|poke|p1|Moltres, L50|\n|poke|p2|Smeargle, L50, M|\n|poke|p2|Calyrex-Shadow, L50|\n|poke|p2|Clefairy, L50, M|\n|poke|p2|Tornadus, L50, M|\n|poke|p2|Urshifu-*, L50, M|\n|poke|p2|Rillaboom, L50, F|\n|teampreview|4\n|\n|t:|1739052465\n|start\n|switch|p1a: Terapagos|Terapagos, L50, M|100\/100\n|switch|p1b: Iron Hands|Iron Hands, L50|100\/100\n|switch|p2a: Smeargle|Smeargle, L50, M|100\/100\n|switch|p2b: Calyrex|Calyrex-Shadow, L50|100\/100\n|-activate|p1a: Terapagos|ability: Tera Shift\n|detailschange|p1a: Terapagos|Terapagos-Terastal, L50, M\n|-heal|p1a: Terapagos|100\/100|[silent]\n|-ability|p2b: Calyrex|As One\n|-ability|p2b: Calyrex|Unnerve\n|turn|1\n|inactive|Battle timer is ON: inactive players will automatically lose when time's up. (requested by OnADiffWorkComp)\n|j| mr pogostick\n|\n|t:|1739052483\n|-terastallize|p1a: Terapagos|Stellar\n|detailschange|p1a: Terapagos|Terapagos-Stellar, L50, M, tera:Stellar\n|-heal|p1a: Terapagos|100\/100|[silent]\n|move|p2a: Smeargle|Fake Out|p1b: Iron Hands\n|-damage|p1b: Iron Hands|98\/100\n|move|p2b: Calyrex|Nasty Plot|p2b: Calyrex\n|-boost|p2b: Calyrex|spa|2\n|move|p1a: Terapagos|Tera Starstorm|p2b: Calyrex|[spread] p2a,p2b\n|-damage|p2a: Smeargle|23\/100\n|-damage|p2b: Calyrex|68\/100\n|cant|p1b: Iron Hands|flinch\n|\n|-ability|p2a: Smeargle|Moody|boost\n|-boost|p2a: Smeargle|spa|2\n|-unboost|p2a: Smeargle|spd|1\n|upkeep\n|turn|2\n|\n|t:|1739052507\n|move|p1a: Terapagos|Protect|p1a: Terapagos\n|-singleturn|p1a: Terapagos|Protect\n|move|p2a: Smeargle|Wide Guard|p2a: Smeargle\n|-singleturn|p2a: Smeargle|Wide Guard\n|move|p2b: Calyrex|Astral Barrage|p1a: Terapagos|[spread] p1b\n|-activate|p1a: Terapagos|move: Protect\n|-damage|p1b: Iron Hands|34\/100\n|-damage|p2b: Calyrex|58\/100|[from] item: Life Orb\n|move|p1b: Iron Hands|Wild Charge|p2a: Smeargle\n|-damage|p2a: Smeargle|0 fnt\n|faint|p2a: Smeargle\n|-damage|p1b: Iron Hands|31\/100|[from] Recoil\n|\n|upkeep\n|\n|t:|1739052527\n|switch|p2a: Urshifu|Urshifu-Rapid-Strike, L50, M|100\/100\n|turn|3\n|\n|t:|1739052542\n|move|p2b: Calyrex|Giga Drain|p1a: Terapagos\n|-damage|p1a: Terapagos|55\/100\n|-heal|p2b: Calyrex|93\/100|[from] drain|[of] p1a: Terapagos\n|-damage|p2b: Calyrex|83\/100|[from] item: Life Orb\n|move|p2a: Urshifu|Surging Strikes|p1b: Iron Hands\n|-crit|p1b: Iron Hands\n|-damage|p1b: Iron Hands|14\/100\n|-crit|p1b: Iron Hands\n|-damage|p1b: Iron Hands|0 fnt\n|faint|p1b: Iron Hands\n|-end|p1b: Iron Hands|Quark Drive|[silent]\n|-hitcount|p1: Iron Hands|2\n|move|p1a: Terapagos|Tera Starstorm|p2b: Calyrex|[spread] p2a,p2b\n|-crit|p2a: Urshifu\n|-damage|p2a: Urshifu|32\/100\n|-damage|p2b: Calyrex|52\/100\n|\n|-heal|p1a: Terapagos|61\/100|[from] item: Leftovers\n|upkeep\n|\n|t:|1739052554\n|switch|p1b: Iron Leaves|Iron Leaves, L50|100\/100\n|-enditem|p1b: Iron Leaves|Booster Energy\n|-activate|p1b: Iron Leaves|ability: Quark Drive|[fromitem]\n|-start|p1b: Iron Leaves|quarkdrivespe\n|turn|4\n|\n|t:|1739052573\n|move|p2b: Calyrex|Protect|p2b: Calyrex\n|-singleturn|p2b: Calyrex|Protect\n|move|p1b: Iron Leaves|Leaf Blade|p2a: Urshifu\n|-supereffective|p2a: Urshifu\n|-crit|p2a: Urshifu\n|-damage|p2a: Urshifu|0 fnt\n|faint|p2a: Urshifu\n|move|p1a: Terapagos|Tera Starstorm|p2b: Calyrex\n|-activate|p2b: Calyrex|move: Protect\n|\n|-heal|p1a: Terapagos|67\/100|[from] item: Leftovers\n|upkeep\n|\n|t:|1739052584\n|switch|p2a: Clefairy|Clefairy, L50, M|100\/100\n|turn|5\n|\n|t:|1739052592\n|move|p2a: Clefairy|Follow Me|p2a: Clefairy\n|-singleturn|p2a: Clefairy|move: Follow Me\n|move|p1b: Iron Leaves|Coaching|p1a: Terapagos\n|-boost|p1a: Terapagos|atk|1\n|-boost|p1a: Terapagos|def|1\n|move|p2b: Calyrex|Astral Barrage|p1a: Terapagos|[spread] p1b\n|-immune|p1a: Terapagos\n|-supereffective|p1b: Iron Leaves\n|-damage|p1b: Iron Leaves|0 fnt\n|faint|p1b: Iron Leaves\n|-end|p1b: Iron Leaves|Quark Drive|[silent]\n|-ability|p2b: Calyrex|Grim Neigh|boost\n|-boost|p2b: Calyrex|spa|1\n|-damage|p2b: Calyrex|42\/100|[from] item: Life Orb\n|move|p1a: Terapagos|Tera Starstorm|p2a: Clefairy|[spread] p2a,p2b\n|-damage|p2a: Clefairy|72\/100\n|-damage|p2b: Calyrex|12\/100\n|\n|-heal|p1a: Terapagos|73\/100|[from] item: Leftovers\n|upkeep\n|\n|t:|1739052595\n|switch|p1b: Moltres|Moltres, L50|100\/100\n|turn|6\n|\n|t:|1739052615\n|-terastallize|p2b: Calyrex|Grass\n|move|p2a: Clefairy|Helping Hand|p2b: Calyrex\n|-singleturn|p2b: Calyrex|Helping Hand|[of] p2a: Clefairy\n|move|p2b: Calyrex|Giga Drain|p1a: Terapagos\n|-damage|p1a: Terapagos|0 fnt\n|-heal|p2b: Calyrex|67\/100|[from] drain|[of] p1a: Terapagos\n|faint|p1a: Terapagos\n|-ability|p2b: Calyrex|Grim Neigh|boost\n|-boost|p2b: Calyrex|spa|1\n|-damage|p2b: Calyrex|57\/100|[from] item: Life Orb\n|move|p1b: Moltres|Flamethrower|p2a: Clefairy\n|-damage|p2a: Clefairy|39\/100\n|\n|upkeep\n|turn|7\n|-message|Tempest brute forfeited.\n|\n|win|OnADiffWorkComp\n|raw|Tempest brute's rating: 1610 &rarr; <strong>1587<\/strong><br \/>(-23 for losing)\n|raw|OnADiffWorkComp's rating: 1555 &rarr; <strong>1578<\/strong><br \/>(+23 for winning)\n|l|\u2606Tempest brute\n|player|p1|\n|l|\u2606OnADiffWorkComp\n|player|p2|\n|l| mr pogostick\n","uploadtime":1739052840,"views":17,"formatid":"gen9vgc2025regg","rating":1578,"private":0,"password":null}