{"id":"gen9vgc2025regg-2297654204","format":"[Gen 9] VGC 2025 Reg G","players":["Yung Trav","tachitsuteto1234"],"log":"|j|\u2606Yung Trav\n|j|\u2606tachitsuteto1234\n|t:|1739141121\n|gametype|doubles\n|player|p1|Yung Trav|1|1585\n|player|p2|tachitsuteto1234|1|1655\n|teamsize|p1|6\n|teamsize|p2|6\n|gen|9\n|tier|[Gen 9] VGC 2025 Reg G\n|rated|\n|rule|Species Clause: Limit one of each Pok\u00e9mon\n|rule|Item Clause: Limit 1 of each item\n|clearpoke\n|poke|p1|Calyrex-Ice, L50|\n|poke|p1|Regidrago, L50|\n|poke|p1|Smeargle, L50, M|\n|poke|p1|Farigiraf, L50, M|\n|poke|p1|Urshifu-*, L50, M|\n|poke|p1|Ogerpon-Cornerstone, L50, F|\n|poke|p2|Miraidon, L50|\n|poke|p2|Whimsicott, L50, M|\n|poke|p2|Urshifu-*, L50, M|\n|poke|p2|Farigiraf, L50, F|\n|poke|p2|Iron Hands, L50|\n|poke|p2|Chi-Yu, L50|\n|teampreview|4\n|inactive|Battle timer is ON: inactive players will automatically lose when time's up. (requested by Yung Trav)\n|inactive|tachitsuteto1234 has 60 seconds left.\n|\n|t:|1739141172\n|start\n|switch|p1a: Calyrex|Calyrex-Ice, L50|100\/100\n|switch|p1b: Ogerpon|Ogerpon-Cornerstone, L50, F|100\/100\n|switch|p2a: Miraidon|Miraidon, L50|100\/100\n|switch|p2b: Iron Hands|Iron Hands, L50|100\/100\n|-ability|p1a: Calyrex|As One\n|-ability|p1a: Calyrex|Unnerve\n|-fieldstart|move: Electric Terrain|[from] ability: Hadron Engine|[of] p2a: Miraidon\n|-activate|p2b: Iron Hands|ability: Quark Drive\n|-start|p2b: Iron Hands|quarkdriveatk\n|turn|1\n|inactive|tachitsuteto1234 has 30 seconds left.\n|\n|t:|1739141200\n|-terastallize|p2a: Miraidon|Fairy\n|move|p1b: Ogerpon|Follow Me|p1b: Ogerpon\n|-singleturn|p1b: Ogerpon|move: Follow Me\n|move|p2a: Miraidon|Dazzling Gleam|p1a: Calyrex|[spread] p1a,p1b\n|-damage|p1a: Calyrex|54\/100\n|-damage|p1b: Ogerpon|22\/100\n|move|p2b: Iron Hands|Drain Punch|p1b: Ogerpon\n|-supereffective|p1b: Ogerpon\n|-damage|p1b: Ogerpon|0 fnt\n|faint|p1b: Ogerpon\n|move|p1a: Calyrex|Trick Room|p1a: Calyrex\n|-fieldstart|move: Trick Room|[of] p1a: Calyrex\n|\n|upkeep\n|\n|t:|1739141220\n|switch|p1b: Smeargle|Smeargle, L50, M, shiny|100\/100\n|turn|2\n|\n|t:|1739141233\n|switch|p2a: Farigiraf|Farigiraf, L50, F|100\/100\n|-enditem|p2a: Farigiraf|Electric Seed\n|-boost|p2a: Farigiraf|def|1|[from] item: Electric Seed\n|move|p1a: Calyrex|Protect|p1a: Calyrex\n|-singleturn|p1a: Calyrex|Protect\n|move|p2b: Iron Hands|Drain Punch|p1a: Calyrex\n|-activate|p1a: Calyrex|move: Protect\n|move|p1b: Smeargle|Decorate|p1a: Calyrex\n|-boost|p1a: Calyrex|atk|2\n|-boost|p1a: Calyrex|spa|2\n|\n|upkeep\n|turn|3\n|\n|t:|1739141258\n|move|p1b: Smeargle|Follow Me|p1b: Smeargle\n|-singleturn|p1b: Smeargle|move: Follow Me\n|move|p2b: Iron Hands|Drain Punch|p1b: Smeargle\n|-supereffective|p1b: Smeargle\n|-enditem|p1b: Smeargle|Focus Sash\n|-damage|p1b: Smeargle|1\/100\n|move|p1a: Calyrex|Glacial Lance|p2b: Iron Hands|[spread] p2a,p2b\n|-damage|p2a: Farigiraf|42\/100\n|-damage|p2b: Iron Hands|20\/100\n|move|p2a: Farigiraf|Psychic|p1b: Smeargle\n|-damage|p1b: Smeargle|0 fnt\n|faint|p1b: Smeargle\n|\n|upkeep\n|\n|t:|1739141272\n|switch|p1b: Regidrago|Regidrago, L50, shiny|100\/100\n|turn|4\n|\n|t:|1739141290\n|move|p2a: Farigiraf|Helping Hand|p2b: Iron Hands\n|-singleturn|p2b: Iron Hands|Helping Hand|[of] p2a: Farigiraf\n|move|p1b: Regidrago|Dragon Energy|p2b: Iron Hands|[spread] p2a,p2b\n|-damage|p2a: Farigiraf|0 fnt\n|-damage|p2b: Iron Hands|0 fnt\n|faint|p2a: Farigiraf\n|faint|p2b: Iron Hands\n|-end|p2b: Iron Hands|Quark Drive|[silent]\n|move|p1a: Calyrex|Glacial Lance|p2: Farigiraf|[notarget]\n|-fail|p1a: Calyrex\n|\n|upkeep\n|\n|t:|1739141310\n|switch|p2b: Urshifu|Urshifu-Rapid-Strike, L50, M|100\/100\n|switch|p2a: Miraidon|Miraidon, L50, tera:Fairy|100\/100\n|-activate|p2a: Miraidon|ability: Hadron Engine\n|turn|5\n|j| tetsuokaga\n|\n|t:|1739141331\n|-terastallize|p1a: Calyrex|Water\n|move|p1b: Regidrago|Earth Power|p2a: Miraidon\n|-damage|p2a: Miraidon|77\/100\n|move|p1a: Calyrex|Glacial Lance|p2b: Urshifu|[spread] p2a,p2b\n|-resisted|p2b: Urshifu\n|-damage|p2a: Miraidon|0 fnt\n|-damage|p2b: Urshifu|38\/100\n|faint|p2a: Miraidon\n|-ability|p1a: Calyrex|Chilling Neigh|boost\n|-boost|p1a: Calyrex|atk|1\n|move|p2b: Urshifu|Surging Strikes|p1a: Calyrex\n|-resisted|p1a: Calyrex\n|-crit|p1a: Calyrex\n|-damage|p1a: Calyrex|45\/100\n|-resisted|p1a: Calyrex\n|-crit|p1a: Calyrex\n|-damage|p1a: Calyrex|36\/100\n|-resisted|p1a: Calyrex\n|-crit|p1a: Calyrex\n|-damage|p1a: Calyrex|27\/100\n|-hitcount|p1a: Calyrex|3\n|\n|-fieldend|move: Trick Room\n|-fieldend|move: Electric Terrain\n|upkeep\n|turn|6\n|-message|tachitsuteto1234 forfeited.\n|\n|win|Yung Trav\n|raw|Yung Trav's rating: 1585 &rarr; <strong>1609<\/strong><br \/>(+24 for winning)\n|raw|tachitsuteto1234's rating: 1655 &rarr; <strong>1631<\/strong><br \/>(-24 for losing)\n|l|\u2606tachitsuteto1234\n|player|p2|\n|l| tetsuokaga\n|l|\u2606Yung Trav\n|player|p1|\n","uploadtime":1739141587,"views":10,"formatid":"gen9vgc2025regg","rating":1609,"private":0,"password":null}