{"id":"gen9vgc2025regg-2297884797","format":"[Gen 9] VGC 2025 Reg G","players":["jkimkim1","zonavideovigilada"],"log":"|j|\u2606jkimkim1\n|j|\u2606zonavideovigilada\n|t:|1739180465\n|gametype|doubles\n|player|p1|jkimkim1|2|1587\n|player|p2|zonavideovigilada|265|1612\n|teamsize|p1|6\n|teamsize|p2|6\n|gen|9\n|tier|[Gen 9] VGC 2025 Reg G\n|rated|\n|rule|Species Clause: Limit one of each Pok\u00e9mon\n|rule|Item Clause: Limit 1 of each item\n|clearpoke\n|poke|p1|Miraidon, L50|\n|poke|p1|Cresselia, L50, F|\n|poke|p1|Incineroar, L50, F|\n|poke|p1|Roaring Moon, L50|\n|poke|p1|Ursaluna, L50, M|\n|poke|p1|Whimsicott, L50, M|\n|poke|p2|Urshifu-*, L50, M|\n|poke|p2|Whimsicott, L50, M|\n|poke|p2|Miraidon, L50|\n|poke|p2|Iron Hands, L50|\n|poke|p2|Incineroar, L50, M|\n|poke|p2|Iron Leaves, L50|\n|teampreview|4\n|inactive|Battle timer is ON: inactive players will automatically lose when time's up. (requested by jkimkim1)\n|inactive|zonavideovigilada has 60 seconds left.\n|\n|t:|1739180510\n|start\n|switch|p1a: Jayson tatum|Miraidon, L50|100\/100\n|switch|p1b: kingjames|Incineroar, L50, F|100\/100\n|switch|p2a: Whimsicott|Whimsicott, L50, M|100\/100\n|switch|p2b: Miraidon|Miraidon, L50|100\/100\n|-fieldstart|move: Electric Terrain|[from] ability: Hadron Engine|[of] p2b: Miraidon\n|-activate|p1a: Jayson tatum|ability: Hadron Engine\n|-ability|p1b: kingjames|Intimidate|boost\n|-unboost|p2a: Whimsicott|atk|1\n|-unboost|p2b: Miraidon|atk|1\n|turn|1\n|inactive|jkimkim1 has 30 seconds left.\n|inactive|zonavideovigilada has 30 seconds left.\n|inactive|jkimkim1 has 20 seconds left.\n|inactive|zonavideovigilada has 20 seconds left.\n|\n|t:|1739180549\n|-terastallize|p2b: Miraidon|Fairy\n|move|p1b: kingjames|Fake Out|p2b: Miraidon\n|-damage|p2b: Miraidon|90\/100\n|move|p2a: Whimsicott|Light Screen|p2a: Whimsicott\n|-sidestart|p2: zonavideovigilada|move: Light Screen\n|cant|p2b: Miraidon|flinch\n|move|p1a: Jayson tatum|Draco Meteor|p2b: Miraidon\n|-immune|p2b: Miraidon\n|\n|upkeep\n|turn|2\n|\n|t:|1739180562\n|switch|p1a: \uc0ac\uc2b9\ud5cc\ud06c\uc138|Cresselia, L50, F, shiny|100\/100\n|move|p2b: Miraidon|Dazzling Gleam|p1a: \uc0ac\uc2b9\ud5cc\ud06c\uc138|[spread] p1a,p1b\n|-crit|p1b: kingjames\n|-damage|p1a: \uc0ac\uc2b9\ud5cc\ud06c\uc138|61\/100\n|-damage|p1b: kingjames|3\/100\n|move|p2a: Whimsicott|Moonblast|p1a: \uc0ac\uc2b9\ud5cc\ud06c\uc138\n|-damage|p1a: \uc0ac\uc2b9\ud5cc\ud06c\uc138|46\/100\n|-enditem|p1a: \uc0ac\uc2b9\ud5cc\ud06c\uc138|Sitrus Berry|[eat]\n|-heal|p1a: \uc0ac\uc2b9\ud5cc\ud06c\uc138|71\/100|[from] item: Sitrus Berry\n|move|p1b: kingjames|Parting Shot|p2b: Miraidon\n|-unboost|p2b: Miraidon|atk|1\n|-unboost|p2b: Miraidon|spa|1\n|\n|t:|1739180578\n|switch|p1b: Ursaluna|Ursaluna, L50, M|100\/100|[from] Parting Shot\n|\n|-status|p1b: Ursaluna|brn|[from] item: Flame Orb\n|upkeep\n|turn|3\n|\n|t:|1739180594\n|switch|p2a: Incineroar|Incineroar, L50, M|100\/100\n|-ability|p2a: Incineroar|Intimidate|boost\n|-unboost|p1a: \uc0ac\uc2b9\ud5cc\ud06c\uc138|atk|1\n|-unboost|p1b: Ursaluna|atk|1\n|move|p2b: Miraidon|Dazzling Gleam|p1b: Ursaluna|[spread] p1a,p1b\n|-damage|p1a: \uc0ac\uc2b9\ud5cc\ud06c\uc138|46\/100\n|-damage|p1b: Ursaluna|60\/100 brn\n|move|p1b: Ursaluna|Earthquake|p2b: Miraidon|[spread] p2a,p2b\n|-immune|p1a: \uc0ac\uc2b9\ud5cc\ud06c\uc138|[from] ability: Levitate\n|-supereffective|p2a: Incineroar\n|-damage|p2a: Incineroar|17\/100\n|-damage|p2b: Miraidon|46\/100\n|move|p1a: \uc0ac\uc2b9\ud5cc\ud06c\uc138|Trick Room|p1a: \uc0ac\uc2b9\ud5cc\ud06c\uc138\n|-fieldstart|move: Trick Room|[of] p1a: \uc0ac\uc2b9\ud5cc\ud06c\uc138\n|\n|-damage|p1b: Ursaluna|54\/100 brn|[from] brn\n|upkeep\n|turn|4\n|inactive|zonavideovigilada has 30 seconds left.\n|\n|t:|1739180620\n|switch|p2a: Whimsicott|Whimsicott, L50, M|100\/100\n|-terastallize|p1b: Ursaluna|Ghost\n|move|p1a: \uc0ac\uc2b9\ud5cc\ud06c\uc138|Helping Hand|p1b: Ursaluna\n|-singleturn|p1b: Ursaluna|Helping Hand|[of] p1a: \uc0ac\uc2b9\ud5cc\ud06c\uc138\n|move|p1b: Ursaluna|Earthquake|p2a: Whimsicott|[spread] p2a,p2b\n|-immune|p1a: \uc0ac\uc2b9\ud5cc\ud06c\uc138|[from] ability: Levitate\n|-resisted|p2a: Whimsicott\n|-damage|p2a: Whimsicott|57\/100\n|-damage|p2b: Miraidon|0 fnt\n|faint|p2b: Miraidon\n|\n|-damage|p1b: Ursaluna|48\/100 brn|[from] brn\n|upkeep\n|\n|t:|1739180635\n|switch|p2b: Iron Hands|Iron Hands, L50|100\/100\n|-enditem|p2b: Iron Hands|Electric Seed\n|-boost|p2b: Iron Hands|def|1|[from] item: Electric Seed\n|-activate|p2b: Iron Hands|ability: Quark Drive\n|-start|p2b: Iron Hands|quarkdriveatk\n|turn|5\n|\n|t:|1739180644\n|move|p1a: \uc0ac\uc2b9\ud5cc\ud06c\uc138|Helping Hand|p1b: Ursaluna\n|-singleturn|p1b: Ursaluna|Helping Hand|[of] p1a: \uc0ac\uc2b9\ud5cc\ud06c\uc138\n|move|p2b: Iron Hands|Detect|p2b: Iron Hands\n|-singleturn|p2b: Iron Hands|Protect\n|move|p2a: Whimsicott|Encore|p1b: Ursaluna\n|-start|p1b: Ursaluna|Encore\n|move|p1b: Ursaluna|Earthquake|p2a: Whimsicott|[spread] p2a\n|-activate|p2b: Iron Hands|move: Protect\n|-immune|p1a: \uc0ac\uc2b9\ud5cc\ud06c\uc138|[from] ability: Levitate\n|-resisted|p2a: Whimsicott\n|-damage|p2a: Whimsicott|18\/100\n|\n|-damage|p1b: Ursaluna|42\/100 brn|[from] brn\n|-sideend|p2: zonavideovigilada|move: Light Screen\n|-fieldend|move: Electric Terrain\n|-end|p2b: Iron Hands|Quark Drive\n|upkeep\n|turn|6\n|inactive|zonavideovigilada has 30 seconds left.\n|\n|t:|1739180674\n|switch|p2a: Incineroar|Incineroar, L50, M|17\/100\n|-ability|p2a: Incineroar|Intimidate|boost\n|-unboost|p1a: \uc0ac\uc2b9\ud5cc\ud06c\uc138|atk|1\n|-unboost|p1b: Ursaluna|atk|1\n|move|p1a: \uc0ac\uc2b9\ud5cc\ud06c\uc138|Helping Hand|p1b: Ursaluna\n|-singleturn|p1b: Ursaluna|Helping Hand|[of] p1a: \uc0ac\uc2b9\ud5cc\ud06c\uc138\n|move|p1b: Ursaluna|Earthquake|p2a: Incineroar|[spread] p2a,p2b\n|-immune|p1a: \uc0ac\uc2b9\ud5cc\ud06c\uc138|[from] ability: Levitate\n|-supereffective|p2a: Incineroar\n|-supereffective|p2b: Iron Hands\n|-damage|p2a: Incineroar|0 fnt\n|-damage|p2b: Iron Hands|52\/100\n|faint|p2a: Incineroar\n|move|p2b: Iron Hands|Thunder Punch|p1b: Ursaluna\n|-damage|p1b: Ursaluna|13\/100 brn\n|\n|-damage|p1b: Ursaluna|7\/100 brn|[from] brn\n|upkeep\n|inactive|zonavideovigilada has 30 seconds left.\n|\n|t:|1739180704\n|switch|p2a: Whimsicott|Whimsicott, L50, M|18\/100\n|turn|7\n|inactive|zonavideovigilada has 30 seconds left.\n|inactive|zonavideovigilada has 20 seconds left.\n|inactive|zonavideovigilada has 15 seconds left.\n|inactive|zonavideovigilada has 10 seconds left.\n|inactive|zonavideovigilada has 5 seconds left.\n|\n|t:|1739180759\n|move|p2a: Whimsicott|Tailwind|p2a: Whimsicott\n|-sidestart|p2: zonavideovigilada|move: Tailwind\n|move|p1b: Ursaluna|Earthquake|p2a: Whimsicott|[spread] p2a,p2b\n|-immune|p1a: \uc0ac\uc2b9\ud5cc\ud06c\uc138|[from] ability: Levitate\n|-resisted|p2a: Whimsicott\n|-supereffective|p2b: Iron Hands\n|-damage|p2a: Whimsicott|0 fnt\n|-damage|p2b: Iron Hands|21\/100\n|faint|p2a: Whimsicott\n|move|p1a: \uc0ac\uc2b9\ud5cc\ud06c\uc138|Psychic|p2b: Iron Hands\n|-supereffective|p2b: Iron Hands\n|-damage|p2b: Iron Hands|0 fnt\n|faint|p2b: Iron Hands\n|-end|p2b: Iron Hands|Quark Drive|[silent]\n|\n|win|jkimkim1\n|raw|jkimkim1's rating: 1587 &rarr; <strong>1608<\/strong><br \/>(+21 for winning)\n|raw|zonavideovigilada's rating: 1612 &rarr; <strong>1591<\/strong><br \/>(-21 for losing)\n|l|\u2606zonavideovigilada\n|player|p2|\n","uploadtime":1739180920,"views":13,"formatid":"gen9vgc2025regg","rating":1591,"private":0,"password":null}