{"id":"gen9vgc2025regg-2297813599","format":"[Gen 9] VGC 2025 Reg G","players":["Chaoticfarmer","aoiharada"],"log":"|j|\u2606Chaoticfarmer\n|j|\u2606aoiharada\n|t:|1739164835\n|gametype|doubles\n|player|p1|Chaoticfarmer|norman|1569\n|player|p2|aoiharada|102|1574\n|teamsize|p1|6\n|teamsize|p2|6\n|gen|9\n|tier|[Gen 9] VGC 2025 Reg G\n|rated|\n|rule|Species Clause: Limit one of each Pok\u00e9mon\n|rule|Item Clause: Limit 1 of each item\n|clearpoke\n|poke|p1|Rillaboom, L50, M|\n|poke|p1|Cobalion, L50|\n|poke|p1|Kyogre, L50|\n|poke|p1|Tornadus, L50, M|\n|poke|p1|Farigiraf, L50, F|\n|poke|p1|Volcarona, L50, F|\n|poke|p2|Weezing-Galar, L50, F|\n|poke|p2|Calyrex-Shadow, L50|\n|poke|p2|Dondozo, L50, M|\n|poke|p2|Tatsugiri, L50, F|\n|poke|p2|Incineroar, L50, M|\n|poke|p2|Roaring Moon, L50|\n|teampreview|4\n|inactive|Battle timer is ON: inactive players will automatically lose when time's up. (requested by Chaoticfarmer)\n|inactive|Chaoticfarmer has 60 seconds left.\n|inactive|aoiharada has 60 seconds left.\n|\n|t:|1739164875\n|start\n|switch|p1a: Farigiraf|Farigiraf, L50, F|100\/100\n|switch|p1b: Volcarona|Volcarona, L50, F|100\/100\n|switch|p2a: Roaring Moon|Roaring Moon, L50|100\/100\n|switch|p2b: Weezing|Weezing-Galar, L50, F|100\/100\n|-ability|p2b: Weezing|Neutralizing Gas\n|turn|1\n|\n|t:|1739164899\n|move|p1b: Volcarona|Rage Powder|p1b: Volcarona\n|-singleturn|p1b: Volcarona|move: Rage Powder\n|move|p2a: Roaring Moon|Snarl|p1a: Farigiraf|[spread] p1a,p1b\n|-supereffective|p1a: Farigiraf\n|-damage|p1a: Farigiraf|84\/100\n|-damage|p1b: Volcarona|94\/100\n|-unboost|p1a: Farigiraf|spa|1\n|-unboost|p1b: Volcarona|spa|1\n|move|p1a: Farigiraf|Twin Beam|p2b: Weezing\n|-supereffective|p2b: Weezing\n|-crit|p2b: Weezing\n|-damage|p2b: Weezing|24\/100\n|-enditem|p2b: Weezing|Sitrus Berry|[eat]\n|-heal|p2b: Weezing|49\/100|[from] item: Sitrus Berry\n|-supereffective|p2b: Weezing\n|-damage|p2b: Weezing|9\/100\n|-hitcount|p2b: Weezing|2\n|move|p2b: Weezing|Toxic Spikes|p1b: Volcarona\n|-sidestart|p1: Chaoticfarmer|move: Toxic Spikes\n|\n|upkeep\n|turn|2\n|inactive|aoiharada has 30 seconds left.\n|\n|t:|1739164925\n|switch|p1a: Tornadus|Tornadus, L50, M|100\/100\n|move|p2b: Weezing|Protect|p2b: Weezing\n|-singleturn|p2b: Weezing|Protect\n|move|p2a: Roaring Moon|Earthquake|p1a: Tornadus|[spread] p1b\n|-activate|p2b: Weezing|move: Protect\n|-immune|p1a: Tornadus\n|-crit|p1b: Volcarona\n|-damage|p1b: Volcarona|43\/100\n|move|p1b: Volcarona|Struggle Bug|p2a: Roaring Moon|[spread] p2a\n|-activate|p2b: Weezing|move: Protect\n|-supereffective|p2a: Roaring Moon\n|-damage|p2a: Roaring Moon|87\/100\n|-unboost|p2a: Roaring Moon|spa|1\n|\n|upkeep\n|turn|3\n|\n|t:|1739164942\n|move|p1b: Volcarona|Protect|p1b: Volcarona\n|-singleturn|p1b: Volcarona|Protect\n|move|p2a: Roaring Moon|Knock Off|p1a: Tornadus\n|-damage|p1a: Tornadus|29\/100\n|-enditem|p1a: Tornadus|Covert Cloak|[from] move: Knock Off|[of] p2a: Roaring Moon\n|move|p1a: Tornadus|Tailwind|p1a: Tornadus\n|-sidestart|p1: Chaoticfarmer|move: Tailwind\n|move|p2b: Weezing|Poison Gas|p1a: Tornadus|[spread] p1a\n|-activate|p1b: Volcarona|move: Protect\n|-status|p1a: Tornadus|psn\n|\n|-damage|p1a: Tornadus|17\/100 psn|[from] psn\n|upkeep\n|turn|4\n|\n|t:|1739164955\n|move|p2b: Weezing|Protect|p2b: Weezing\n|-singleturn|p2b: Weezing|Protect\n|move|p1b: Volcarona|Will-O-Wisp|p2a: Roaring Moon\n|-status|p2a: Roaring Moon|brn\n|move|p1a: Tornadus|Bleakwind Storm|p2b: Weezing|[spread] p2a\n|-activate|p2b: Weezing|move: Protect\n|-damage|p2a: Roaring Moon|62\/100 brn\n|move|p2a: Roaring Moon|Knock Off|p1b: Volcarona\n|-damage|p1b: Volcarona|9\/100\n|-enditem|p1b: Volcarona|Safety Goggles|[from] move: Knock Off|[of] p2a: Roaring Moon\n|\n|-damage|p1a: Tornadus|5\/100 psn|[from] psn\n|-damage|p2a: Roaring Moon|56\/100 brn|[from] brn\n|upkeep\n|turn|5\n|\n|t:|1739164975\n|move|p1b: Volcarona|Struggle Bug|p2a: Roaring Moon|[spread] p2a,p2b\n|-supereffective|p2a: Roaring Moon\n|-resisted|p2b: Weezing\n|-crit|p2b: Weezing\n|-damage|p2a: Roaring Moon|43\/100 brn\n|-damage|p2b: Weezing|3\/100\n|-unboost|p2a: Roaring Moon|spa|1\n|-unboost|p2b: Weezing|spa|1\n|move|p1a: Tornadus|Bleakwind Storm|p2b: Weezing|[spread] p2b\n|-miss|p1a: Tornadus|p2a: Roaring Moon\n|-crit|p2b: Weezing\n|-damage|p2b: Weezing|0 fnt\n|faint|p2b: Weezing\n|-end|p2b: Weezing|ability: Neutralizing Gas\n|move|p2a: Roaring Moon|Snarl|p1a: Tornadus|[spread] p1a,p1b\n|-damage|p1a: Tornadus|0 fnt\n|-damage|p1b: Volcarona|6\/100\n|-unboost|p1b: Volcarona|spa|1\n|faint|p1a: Tornadus\n|\n|-damage|p2a: Roaring Moon|37\/100 brn|[from] brn\n|upkeep\n|\n|t:|1739164990\n|switch|p1a: Kyogre|Kyogre, L50|100\/100\n|switch|p2b: Dondozo|Dondozo, L50, M|100\/100\n|-status|p1a: Kyogre|psn\n|-weather|RainDance|[from] ability: Drizzle|[of] p1a: Kyogre\n|turn|6\n|\n|t:|1739165011\n|move|p2b: Dondozo|Protect|p2b: Dondozo\n|-singleturn|p2b: Dondozo|Protect\n|move|p1b: Volcarona|Will-O-Wisp|p2b: Dondozo\n|-activate|p2b: Dondozo|move: Protect\n|move|p1a: Kyogre|Ice Beam|p2a: Roaring Moon\n|-supereffective|p2a: Roaring Moon\n|-damage|p2a: Roaring Moon|0 fnt\n|faint|p2a: Roaring Moon\n|-end|p2a: Roaring Moon|Protosynthesis|[silent]\n|\n|-weather|RainDance|[upkeep]\n|-damage|p1a: Kyogre|88\/100 psn|[from] psn\n|-sideend|p1: Chaoticfarmer|move: Tailwind\n|upkeep\n|\n|t:|1739165018\n|switch|p2a: Tatsugiri|Tatsugiri, L50, F|100\/100\n|-activate|p2a: Tatsugiri|ability: Commander|[of] p2b: Dondozo\n|-boost|p2b: Dondozo|atk|2\n|-boost|p2b: Dondozo|spa|2\n|-boost|p2b: Dondozo|spe|2\n|-boost|p2b: Dondozo|def|2\n|-boost|p2b: Dondozo|spd|2\n|turn|7\n|\n|t:|1739165039\n|move|p1b: Volcarona|Will-O-Wisp|p2b: Dondozo|[miss]\n|-miss|p1b: Volcarona|p2b: Dondozo\n|move|p2b: Dondozo|Earthquake|p1a: Kyogre|[spread] p1a,p1b\n|-miss|p2b: Dondozo|p2a: Tatsugiri\n|-damage|p1a: Kyogre|50\/100 psn\n|-damage|p1b: Volcarona|0 fnt\n|-enditem|p1a: Kyogre|Sitrus Berry|[eat]\n|-heal|p1a: Kyogre|75\/100 psn|[from] item: Sitrus Berry\n|faint|p1b: Volcarona\n|move|p1a: Kyogre|Thunder|p2b: Dondozo\n|-supereffective|p2b: Dondozo\n|-damage|p2b: Dondozo|58\/100\n|-status|p2b: Dondozo|par\n|\n|-weather|RainDance|[upkeep]\n|-heal|p2b: Dondozo|64\/100 par|[from] item: Leftovers\n|-damage|p1a: Kyogre|63\/100 psn|[from] psn\n|upkeep\n|\n|t:|1739165051\n|switch|p1b: Farigiraf|Farigiraf, L50, F|84\/100\n|-status|p1b: Farigiraf|psn\n|turn|8\n|\n|t:|1739165067\n|-terastallize|p1b: Farigiraf|Fairy\n|move|p2b: Dondozo|Protect|p2b: Dondozo\n|-singleturn|p2b: Dondozo|Protect\n|move|p1a: Kyogre|Thunder|p2b: Dondozo\n|-activate|p2b: Dondozo|move: Protect\n|move|p1b: Farigiraf|Dazzling Gleam|p2b: Dondozo|[spread] \n|-miss|p1b: Farigiraf|p2a: Tatsugiri\n|-activate|p2b: Dondozo|move: Protect\n|\n|-weather|RainDance|[upkeep]\n|-heal|p2b: Dondozo|70\/100 par|[from] item: Leftovers\n|-damage|p1a: Kyogre|51\/100 psn|[from] psn\n|-damage|p1b: Farigiraf|72\/100 psn|[from] psn\n|upkeep\n|turn|9\n|\n|t:|1739165085\n|move|p1a: Kyogre|Ice Beam|p2b: Dondozo\n|-resisted|p2b: Dondozo\n|-damage|p2b: Dondozo|60\/100 par\n|move|p1b: Farigiraf|Dazzling Gleam|p2a: Tatsugiri|[spread] p2b\n|-miss|p1b: Farigiraf|p2a: Tatsugiri\n|-damage|p2b: Dondozo|39\/100 par\n|move|p2b: Dondozo|Earthquake|p1a: Kyogre|[spread] p1a,p1b\n|-miss|p2b: Dondozo|p2a: Tatsugiri\n|-damage|p1a: Kyogre|8\/100 psn\n|-damage|p1b: Farigiraf|27\/100 psn\n|\n|-weather|RainDance|[upkeep]\n|-heal|p2b: Dondozo|46\/100 par|[from] item: Leftovers\n|-damage|p1a: Kyogre|0 fnt|[from] psn\n|faint|p1a: Kyogre\n|-damage|p1b: Farigiraf|15\/100 psn|[from] psn\n|upkeep\n|turn|10\n|\n|t:|1739165098\n|move|p1b: Farigiraf|Dazzling Gleam|p2a: Tatsugiri|[spread] p2b\n|-miss|p1b: Farigiraf|p2a: Tatsugiri\n|-damage|p2b: Dondozo|26\/100 par\n|move|p2b: Dondozo|Earthquake|p1b: Farigiraf|[spread] p1b\n|-miss|p2b: Dondozo|p2a: Tatsugiri\n|-damage|p1b: Farigiraf|0 fnt\n|faint|p1b: Farigiraf\n|\n|win|aoiharada\n|raw|Chaoticfarmer's rating: 1569 &rarr; <strong>1549<\/strong><br \/>(-20 for losing)\n|raw|aoiharada's rating: 1574 &rarr; <strong>1594<\/strong><br \/>(+20 for winning)\n|l|\u2606aoiharada\n|player|p2|\n|l|\u2606Chaoticfarmer\n|player|p1|\n","uploadtime":1739165233,"views":8,"formatid":"gen9vgc2025regg","rating":1549,"private":0,"password":null}