{"id":"gen9vgc2025regg-2297735359","format":"[Gen 9] VGC 2025 Reg G","players":["ssbutan","Kaicyios"],"log":"|j|\u2606ssbutan\n|j|\u2606Kaicyios\n|t:|1739152557\n|gametype|doubles\n|player|p1|ssbutan|camper|1618\n|player|p2|Kaicyios|giovanni|1554\n|teamsize|p1|6\n|teamsize|p2|6\n|gen|9\n|tier|[Gen 9] VGC 2025 Reg G\n|rated|\n|rule|Species Clause: Limit one of each Pok\u00e9mon\n|rule|Item Clause: Limit 1 of each item\n|clearpoke\n|poke|p1|Calyrex-Ice, L50|\n|poke|p1|Cresselia, L50, F|\n|poke|p1|Rillaboom, L50, F|\n|poke|p1|Urshifu-*, L50, M|\n|poke|p1|Raging Bolt, L50|\n|poke|p1|Thundurus, L50, M|\n|poke|p2|Groudon, L50|\n|poke|p2|Tornadus, L50, M|\n|poke|p2|Flutter Mane, L50|\n|poke|p2|Chi-Yu, L50|\n|poke|p2|Raging Bolt, L50|\n|poke|p2|Brute Bonnet, L50|\n|teampreview|4\n|inactive|Battle timer is ON: inactive players will automatically lose when time's up. (requested by ssbutan)\n|inactive|ssbutan has 60 seconds left.\n|inactive|Kaicyios has 60 seconds left.\n|\n|t:|1739152614\n|start\n|switch|p1a: Calyrex|Calyrex-Ice, L50|100\/100\n|switch|p1b: Rillaboom|Rillaboom, L50, F|100\/100\n|switch|p2a: Groudon|Groudon, L50|100\/100\n|switch|p2b: Flutter Mane|Flutter Mane, L50|100\/100\n|-ability|p1a: Calyrex|As One\n|-ability|p1a: Calyrex|Unnerve\n|-weather|SunnyDay|[from] ability: Drought|[of] p2a: Groudon\n|-activate|p2b: Flutter Mane|ability: Protosynthesis\n|-start|p2b: Flutter Mane|protosynthesisspa\n|-fieldstart|move: Grassy Terrain|[from] ability: Grassy Surge|[of] p1b: Rillaboom\n|turn|1\n|inactive|Kaicyios has 30 seconds left.\n|inactive|Kaicyios has 20 seconds left.\n|\n|t:|1739152651\n|-terastallize|p1a: Calyrex|Fairy\n|move|p1b: Rillaboom|Fake Out|p2a: Groudon\n|-damage|p2a: Groudon|93\/100\n|move|p2b: Flutter Mane|Shadow Ball|p1a: Calyrex\n|-damage|p1a: Calyrex|40\/100\n|cant|p2a: Groudon|flinch\n|move|p1a: Calyrex|Glacial Lance|p2a: Groudon|[spread] p2a,p2b\n|-supereffective|p2a: Groudon\n|-damage|p2a: Groudon|35\/100\n|-damage|p2b: Flutter Mane|0 fnt\n|faint|p2b: Flutter Mane\n|-end|p2b: Flutter Mane|Protosynthesis|[silent]\n|-ability|p1a: Calyrex|Chilling Neigh|boost\n|-boost|p1a: Calyrex|atk|1\n|\n|-weather|SunnyDay|[upkeep]\n|-heal|p2a: Groudon|41\/100|[from] Grassy Terrain\n|-heal|p1a: Calyrex|45\/100|[from] Grassy Terrain\n|-heal|p1a: Calyrex|51\/100|[from] item: Leftovers\n|upkeep\n|j| dododano\n|\n|t:|1739152676\n|switch|p2b: Tornadus|Tornadus, L50, M|100\/100\n|turn|2\n|j| playrornds\n|\n|t:|1739152695\n|move|p1a: Calyrex|Protect|p1a: Calyrex\n|-singleturn|p1a: Calyrex|Protect\n|move|p2b: Tornadus|Tailwind|p2b: Tornadus\n|-sidestart|p2: Kaicyios|move: Tailwind\n|move|p2a: Groudon|Precipice Blades|p1b: Rillaboom|[spread] p1b\n|-activate|p1a: Calyrex|move: Protect\n|-resisted|p1b: Rillaboom\n|-damage|p1b: Rillaboom|80\/100\n|move|p1b: Rillaboom|U-turn|p2a: Groudon\n|-damage|p2a: Groudon|29\/100\n|\n|t:|1739152701\n|switch|p1b: Thundurus|Thundurus, L50, M|100\/100|[from] U-turn\n|\n|-weather|SunnyDay|[upkeep]\n|-heal|p2a: Groudon|35\/100|[from] Grassy Terrain\n|-heal|p1a: Calyrex|57\/100|[from] Grassy Terrain\n|-heal|p1a: Calyrex|63\/100|[from] item: Leftovers\n|upkeep\n|turn|3\n|inactive|Kaicyios has 30 seconds left.\n|\n|t:|1739152728\n|move|p1b: Thundurus|Rain Dance|p1b: Thundurus\n|-weather|RainDance\n|move|p2b: Tornadus|Weather Ball|p1a: Calyrex\n|-damage|p1a: Calyrex|33\/100\n|move|p2a: Groudon|High Horsepower|p1a: Calyrex\n|-crit|p1a: Calyrex\n|-damage|p1a: Calyrex|0 fnt\n|faint|p1a: Calyrex\n|\n|-weather|RainDance|[upkeep]\n|-heal|p2a: Groudon|41\/100|[from] Grassy Terrain\n|upkeep\n|\n|t:|1739152743\n|switch|p1a: Rillaboom|Rillaboom, L50, F|80\/100\n|turn|4\n|inactive|Kaicyios has 30 seconds left.\n|\n|t:|1739152776\n|-terastallize|p2b: Tornadus|Stellar\n|move|p2b: Tornadus|Bleakwind Storm|p1a: Rillaboom|[spread] p1a,p1b\n|-supereffective|p1a: Rillaboom\n|-resisted|p1b: Thundurus\n|-damage|p1a: Rillaboom|20\/100\n|-damage|p1b: Thundurus|70\/100\n|move|p2a: Groudon|Rock Slide|p1b: Thundurus|[spread] p1a,p1b\n|-supereffective|p1b: Thundurus\n|-damage|p1a: Rillaboom|1\/100\n|-damage|p1b: Thundurus|13\/100\n|move|p1b: Thundurus|Volt Switch|p2b: Tornadus\n|-supereffective|p2b: Tornadus\n|-damage|p2b: Tornadus|15\/100\n|\n|t:|1739152790\n|switch|p1b: Cresselia|Cresselia, L50, F|100\/100|[from] Volt Switch\n|move|p1a: Rillaboom|Knock Off|p2a: Groudon\n|-damage|p2a: Groudon|21\/100\n|-enditem|p2a: Groudon|Assault Vest|[from] move: Knock Off|[of] p1a: Rillaboom\n|\n|-weather|RainDance|[upkeep]\n|-heal|p2a: Groudon|27\/100|[from] Grassy Terrain\n|-heal|p1a: Rillaboom|7\/100|[from] Grassy Terrain\n|upkeep\n|turn|5\n|\n|t:|1739152815\n|move|p1a: Rillaboom|Grassy Glide|p2a: Groudon\n|-supereffective|p2a: Groudon\n|-damage|p2a: Groudon|0 fnt\n|faint|p2a: Groudon\n|move|p2b: Tornadus|Bleakwind Storm|p1a: Rillaboom|[spread] p1a,p1b\n|-supereffective|p1a: Rillaboom\n|-damage|p1a: Rillaboom|0 fnt\n|-damage|p1b: Cresselia|75\/100\n|faint|p1a: Rillaboom\n|move|p1b: Cresselia|Psychic|p2b: Tornadus\n|-damage|p2b: Tornadus|0 fnt\n|faint|p2b: Tornadus\n|\n|-weather|RainDance|[upkeep]\n|-sideend|p2: Kaicyios|move: Tailwind\n|-fieldend|move: Grassy Terrain\n|upkeep\n|\n|t:|1739152831\n|switch|p2b: Brute Bonnet|Brute Bonnet, L50|100\/100\n|switch|p1a: Thundurus|Thundurus, L50, M|13\/100\n|turn|6\n|inactive|ssbutan has 30 seconds left.\n|inactive|Kaicyios has 30 seconds left.\n|inactive|Kaicyios has 20 seconds left.\n|\n|t:|1739152867\n|move|p2b: Brute Bonnet|Sucker Punch|p1a: Thundurus\n|-damage|p1a: Thundurus|0 fnt\n|faint|p1a: Thundurus\n|move|p1b: Cresselia|Lunar Blessing|p1b: Cresselia\n|-heal|p1b: Cresselia|99\/100\n|\n|-weather|RainDance|[upkeep]\n|upkeep\n|turn|7\n|\n|t:|1739152878\n|move|p1b: Cresselia|Thunder Wave|p2b: Brute Bonnet\n|-status|p2b: Brute Bonnet|par\n|cant|p2b: Brute Bonnet|par\n|\n|-weather|none\n|upkeep\n|turn|8\n|\n|t:|1739152889\n|move|p1b: Cresselia|Ally Switch||[still]\n|-fail|p1b: Cresselia|move: Ally Switch\n|move|p2b: Brute Bonnet|Spore|p1b: Cresselia\n|-activate|p1b: Cresselia|item: Safety Goggles|Spore\n|\n|upkeep\n|turn|9\n|\n|t:|1739152898\n|move|p1b: Cresselia|Ally Switch||[still]\n|-fail|p1b: Cresselia\n|cant|p2b: Brute Bonnet|par\n|\n|upkeep\n|turn|10\n|\n|t:|1739152904\n|move|p1b: Cresselia|Ally Switch||[still]\n|-fail|p1b: Cresselia|move: Ally Switch\n|move|p2b: Brute Bonnet|Clear Smog|p1b: Cresselia\n|-damage|p1b: Cresselia|94\/100\n|-clearboost|p1b: Cresselia\n|\n|upkeep\n|turn|11\n|\n|t:|1739152913\n|move|p1b: Cresselia|Ally Switch||[still]\n|-fail|p1b: Cresselia\n|cant|p2b: Brute Bonnet|par\n|\n|upkeep\n|turn|12\n|\n|t:|1739152917\n|move|p1b: Cresselia|Ally Switch||[still]\n|-fail|p1b: Cresselia|move: Ally Switch\n|cant|p2b: Brute Bonnet|par\n|\n|upkeep\n|turn|13\n|\n|t:|1739152921\n|move|p1b: Cresselia|Ally Switch||[still]\n|-fail|p1b: Cresselia\n|move|p2b: Brute Bonnet|Clear Smog|p1b: Cresselia\n|-crit|p1b: Cresselia\n|-damage|p1b: Cresselia|84\/100\n|-clearboost|p1b: Cresselia\n|\n|upkeep\n|turn|14\n|\n|t:|1739152928\n|move|p1b: Cresselia|Ally Switch||[still]\n|-fail|p1b: Cresselia|move: Ally Switch\n|move|p2b: Brute Bonnet|Clear Smog|p1b: Cresselia\n|-crit|p1b: Cresselia\n|-damage|p1b: Cresselia|75\/100\n|-clearboost|p1b: Cresselia\n|\n|upkeep\n|turn|15\n|\n|t:|1739152932\n|move|p1b: Cresselia|Ally Switch||[still]\n|-fail|p1b: Cresselia|move: Ally Switch\n|move|p2b: Brute Bonnet|Clear Smog|p1b: Cresselia\n|-damage|p1b: Cresselia|69\/100\n|-clearboost|p1b: Cresselia\n|\n|upkeep\n|turn|16\n|j| EllAkuro\n|c| dododano|bruh\n|\n|t:|1739152936\n|move|p1b: Cresselia|Ally Switch||[still]\n|-fail|p1b: Cresselia\n|move|p2b: Brute Bonnet|Clear Smog|p1b: Cresselia\n|-damage|p1b: Cresselia|63\/100\n|-clearboost|p1b: Cresselia\n|\n|upkeep\n|turn|17\n|\n|t:|1739152940\n|move|p1b: Cresselia|Ally Switch||[still]\n|-fail|p1b: Cresselia|move: Ally Switch\n|move|p2b: Brute Bonnet|Clear Smog|p1b: Cresselia\n|-damage|p1b: Cresselia|56\/100\n|-clearboost|p1b: Cresselia\n|\n|upkeep\n|turn|18\n|\n|t:|1739152943\n|move|p1b: Cresselia|Ally Switch||[still]\n|-fail|p1b: Cresselia|move: Ally Switch\n|move|p2b: Brute Bonnet|Clear Smog|p1b: Cresselia\n|-damage|p1b: Cresselia|50\/100\n|-clearboost|p1b: Cresselia\n|\n|upkeep\n|turn|19\n|\n|t:|1739152945\n|move|p1b: Cresselia|Ally Switch||[still]\n|-fail|p1b: Cresselia\n|move|p2b: Brute Bonnet|Clear Smog|p1b: Cresselia\n|-crit|p1b: Cresselia\n|-damage|p1b: Cresselia|40\/100\n|-clearboost|p1b: Cresselia\n|\n|upkeep\n|turn|20\n|\n|t:|1739152947\n|move|p1b: Cresselia|Ally Switch||[still]\n|-fail|p1b: Cresselia|move: Ally Switch\n|cant|p2b: Brute Bonnet|par\n|\n|upkeep\n|turn|21\n|\n|t:|1739152949\n|move|p1b: Cresselia|Lunar Blessing|p1b: Cresselia\n|-heal|p1b: Cresselia|65\/100\n|move|p2b: Brute Bonnet|Clear Smog|p1b: Cresselia\n|-damage|p1b: Cresselia|59\/100\n|-clearboost|p1b: Cresselia\n|\n|upkeep\n|turn|22\n|\n|t:|1739152951\n|move|p1b: Cresselia|Lunar Blessing|p1b: Cresselia\n|-heal|p1b: Cresselia|84\/100\n|move|p2b: Brute Bonnet|Clear Smog|p1b: Cresselia\n|-damage|p1b: Cresselia|78\/100\n|-clearboost|p1b: Cresselia\n|\n|upkeep\n|turn|23\n|\n|t:|1739152960\n|move|p1b: Cresselia|Ally Switch||[still]\n|-fail|p1b: Cresselia|move: Ally Switch\n|cant|p2b: Brute Bonnet|par\n|\n|upkeep\n|turn|24\n|\n|t:|1739152963\n|move|p1b: Cresselia|Ally Switch||[still]\n|-fail|p1b: Cresselia|move: Ally Switch\n|move|p2b: Brute Bonnet|Clear Smog|p1b: Cresselia\n|-damage|p1b: Cresselia|71\/100\n|-clearboost|p1b: Cresselia\n|\n|upkeep\n|turn|25\n|\n|t:|1739152968\n|move|p1b: Cresselia|Ally Switch||[still]\n|-fail|p1b: Cresselia\n|cant|p2b: Brute Bonnet|par\n|\n|upkeep\n|turn|26\n|\n|t:|1739152971\n|move|p1b: Cresselia|Ally Switch||[still]\n|-fail|p1b: Cresselia|move: Ally Switch\n|move|p2b: Brute Bonnet|Clear Smog|p1b: Cresselia\n|-damage|p1b: Cresselia|65\/100\n|-clearboost|p1b: Cresselia\n|\n|upkeep\n|turn|27\n|\n|t:|1739152973\n|move|p1b: Cresselia|Ally Switch||[still]\n|-fail|p1b: Cresselia\n|cant|p2b: Brute Bonnet|par\n|\n|upkeep\n|turn|28\n|c| playrornds|lolllll\n|\n|t:|1739152977\n|move|p1b: Cresselia|Lunar Blessing|p1b: Cresselia\n|-heal|p1b: Cresselia|90\/100\n|move|p2b: Brute Bonnet|Spore|p1b: Cresselia\n|-activate|p1b: Cresselia|item: Safety Goggles|Spore\n|\n|upkeep\n|turn|29\n|\n|t:|1739152984\n|move|p1b: Cresselia|Lunar Blessing|p1b: Cresselia\n|-heal|p1b: Cresselia|100\/100\n|move|p2b: Brute Bonnet|Spore|p1b: Cresselia\n|-activate|p1b: Cresselia|item: Safety Goggles|Spore\n|\n|upkeep\n|turn|30\n|\n|t:|1739152993\n|move|p2b: Brute Bonnet|Sucker Punch||[still]\n|-fail|p2b: Brute Bonnet\n|move|p1b: Cresselia|Lunar Blessing||[still]\n|-fail|p1b: Cresselia\n|\n|upkeep\n|turn|31\n|\n|t:|1739152996\n|move|p2b: Brute Bonnet|Rage Powder|p2b: Brute Bonnet\n|-singleturn|p2b: Brute Bonnet|move: Rage Powder\n|move|p1b: Cresselia|Lunar Blessing||[still]\n|-fail|p1b: Cresselia\n|\n|upkeep\n|turn|32\n|\n|t:|1739152998\n|move|p2b: Brute Bonnet|Rage Powder|p2b: Brute Bonnet\n|-singleturn|p2b: Brute Bonnet|move: Rage Powder\n|move|p1b: Cresselia|Lunar Blessing||[still]\n|-fail|p1b: Cresselia\n|\n|upkeep\n|turn|33\n|c| dododano|whats your other move on burte bonnet\n|\n|t:|1739153012\n|move|p1b: Cresselia|Ally Switch||[still]\n|-fail|p1b: Cresselia|move: Ally Switch\n|move|p2b: Brute Bonnet|Clear Smog|p1b: Cresselia\n|-damage|p1b: Cresselia|94\/100\n|-clearboost|p1b: Cresselia\n|\n|upkeep\n|turn|34\n|\n|t:|1739153019\n|move|p1b: Cresselia|Ally Switch||[still]\n|-fail|p1b: Cresselia|move: Ally Switch\n|move|p2b: Brute Bonnet|Sucker Punch||[still]\n|-fail|p2b: Brute Bonnet\n|\n|upkeep\n|turn|35\n|\n|t:|1739153025\n|move|p1b: Cresselia|Ally Switch||[still]\n|-fail|p1b: Cresselia\n|move|p2b: Brute Bonnet|Rage Powder|p2b: Brute Bonnet\n|-singleturn|p2b: Brute Bonnet|move: Rage Powder\n|\n|upkeep\n|turn|36\n|\n|t:|1739153038\n|move|p1b: Cresselia|Ally Switch||[still]\n|-fail|p1b: Cresselia|move: Ally Switch\n|move|p2b: Brute Bonnet|Rage Powder|p2b: Brute Bonnet\n|-singleturn|p2b: Brute Bonnet|move: Rage Powder\n|\n|upkeep\n|turn|37\n|\n|t:|1739153041\n|move|p1b: Cresselia|Ally Switch||[still]\n|-fail|p1b: Cresselia|move: Ally Switch\n|move|p2b: Brute Bonnet|Rage Powder|p2b: Brute Bonnet\n|-singleturn|p2b: Brute Bonnet|move: Rage Powder\n|\n|upkeep\n|turn|38\n|\n|t:|1739153042\n|move|p1b: Cresselia|Ally Switch||[still]\n|-fail|p1b: Cresselia\n|move|p2b: Brute Bonnet|Rage Powder|p2b: Brute Bonnet\n|-singleturn|p2b: Brute Bonnet|move: Rage Powder\n|\n|upkeep\n|turn|39\n|\n|t:|1739153047\n|move|p2b: Brute Bonnet|Rage Powder|p2b: Brute Bonnet\n|-singleturn|p2b: Brute Bonnet|move: Rage Powder\n|move|p1b: Cresselia|Thunder Wave|p2b: Brute Bonnet\n|-fail|p2b: Brute Bonnet|par\n|\n|upkeep\n|turn|40\n|\n|t:|1739153049\n|move|p2b: Brute Bonnet|Rage Powder|p2b: Brute Bonnet\n|-singleturn|p2b: Brute Bonnet|move: Rage Powder\n|move|p1b: Cresselia|Thunder Wave|p2b: Brute Bonnet|[miss]\n|-miss|p1b: Cresselia|p2b: Brute Bonnet\n|\n|upkeep\n|turn|41\n|\n|t:|1739153050\n|move|p2b: Brute Bonnet|Rage Powder|p2b: Brute Bonnet\n|-singleturn|p2b: Brute Bonnet|move: Rage Powder\n|move|p1b: Cresselia|Thunder Wave|p2b: Brute Bonnet\n|-fail|p2b: Brute Bonnet|par\n|\n|upkeep\n|turn|42\n|\n|t:|1739153052\n|move|p2b: Brute Bonnet|Rage Powder|p2b: Brute Bonnet\n|-singleturn|p2b: Brute Bonnet|move: Rage Powder\n|move|p1b: Cresselia|Thunder Wave|p2b: Brute Bonnet|[miss]\n|-miss|p1b: Cresselia|p2b: Brute Bonnet\n|\n|upkeep\n|turn|43\n|\n|t:|1739153054\n|cant|p2b: Brute Bonnet|par\n|move|p1b: Cresselia|Thunder Wave|p2b: Brute Bonnet|[miss]\n|-miss|p1b: Cresselia|p2b: Brute Bonnet\n|\n|upkeep\n|turn|44\n|\n|t:|1739153056\n|cant|p2b: Brute Bonnet|par\n|move|p1b: Cresselia|Thunder Wave|p2b: Brute Bonnet\n|-fail|p2b: Brute Bonnet|par\n|\n|upkeep\n|turn|45\n|\n|t:|1739153058\n|cant|p2b: Brute Bonnet|par\n|move|p1b: Cresselia|Thunder Wave|p2b: Brute Bonnet\n|-fail|p2b: Brute Bonnet|par\n|\n|upkeep\n|turn|46\n|\n|t:|1739153060\n|move|p2b: Brute Bonnet|Rage Powder|p2b: Brute Bonnet\n|-singleturn|p2b: Brute Bonnet|move: Rage Powder\n|move|p1b: Cresselia|Thunder Wave|p2b: Brute Bonnet\n|-fail|p2b: Brute Bonnet|par\n|\n|upkeep\n|turn|47\n|\n|t:|1739153065\n|move|p2b: Brute Bonnet|Rage Powder|p2b: Brute Bonnet\n|-singleturn|p2b: Brute Bonnet|move: Rage Powder\n|move|p1b: Cresselia|Thunder Wave|p2b: Brute Bonnet\n|-fail|p2b: Brute Bonnet|par\n|\n|upkeep\n|turn|48\n|\n|t:|1739153069\n|move|p2b: Brute Bonnet|Rage Powder|p2b: Brute Bonnet\n|-singleturn|p2b: Brute Bonnet|move: Rage Powder\n|move|p1b: Cresselia|Thunder Wave|p2b: Brute Bonnet\n|-fail|p2b: Brute Bonnet|par\n|\n|upkeep\n|turn|49\n|\n|t:|1739153072\n|move|p2b: Brute Bonnet|Rage Powder|p2b: Brute Bonnet\n|-singleturn|p2b: Brute Bonnet|move: Rage Powder\n|move|p1b: Cresselia|Thunder Wave|p2b: Brute Bonnet\n|-fail|p2b: Brute Bonnet|par\n|\n|upkeep\n|turn|50\n|\n|t:|1739153074\n|move|p2b: Brute Bonnet|Rage Powder|p2b: Brute Bonnet\n|-singleturn|p2b: Brute Bonnet|move: Rage Powder\n|move|p1b: Cresselia|Thunder Wave|p2b: Brute Bonnet\n|-fail|p2b: Brute Bonnet|par\n|\n|upkeep\n|turn|51\n|\n|t:|1739153076\n|move|p2b: Brute Bonnet|Rage Powder|p2b: Brute Bonnet\n|-singleturn|p2b: Brute Bonnet|move: Rage Powder\n|move|p1b: Cresselia|Thunder Wave|p2b: Brute Bonnet\n|-fail|p2b: Brute Bonnet|par\n|\n|upkeep\n|turn|52\n|\n|t:|1739153078\n|cant|p2b: Brute Bonnet|par\n|move|p1b: Cresselia|Thunder Wave|p2b: Brute Bonnet\n|-fail|p2b: Brute Bonnet|par\n|\n|upkeep\n|turn|53\n|\n|t:|1739153079\n|move|p2b: Brute Bonnet|Rage Powder|p2b: Brute Bonnet\n|-singleturn|p2b: Brute Bonnet|move: Rage Powder\n|move|p1b: Cresselia|Thunder Wave|p2b: Brute Bonnet\n|-fail|p2b: Brute Bonnet|par\n|\n|upkeep\n|turn|54\n|\n|t:|1739153082\n|move|p2b: Brute Bonnet|Rage Powder|p2b: Brute Bonnet\n|-singleturn|p2b: Brute Bonnet|move: Rage Powder\n|move|p1b: Cresselia|Thunder Wave|p2b: Brute Bonnet\n|-fail|p2b: Brute Bonnet|par\n|\n|upkeep\n|turn|55\n|\n|t:|1739153086\n|move|p1b: Cresselia|Thunder Wave|p2b: Brute Bonnet\n|-fail|p2b: Brute Bonnet|par\n|move|p2b: Brute Bonnet|Spore|p1b: Cresselia\n|-activate|p1b: Cresselia|item: Safety Goggles|Spore\n|\n|upkeep\n|turn|56\n|\n|t:|1739153089\n|move|p1b: Cresselia|Thunder Wave|p2b: Brute Bonnet\n|-fail|p2b: Brute Bonnet|par\n|cant|p2b: Brute Bonnet|par\n|\n|upkeep\n|turn|57\n|\n|t:|1739153109\n|move|p1b: Cresselia|Thunder Wave|p2b: Brute Bonnet\n|-fail|p2b: Brute Bonnet|par\n|move|p2b: Brute Bonnet|Spore|p1b: Cresselia\n|-activate|p1b: Cresselia|item: Safety Goggles|Spore\n|\n|upkeep\n|turn|58\n|\n|t:|1739153111\n|move|p1b: Cresselia|Thunder Wave|p2b: Brute Bonnet\n|-fail|p2b: Brute Bonnet|par\n|move|p2b: Brute Bonnet|Spore|p1b: Cresselia\n|-activate|p1b: Cresselia|item: Safety Goggles|Spore\n|\n|upkeep\n|turn|59\n|\n|t:|1739153115\n|move|p1b: Cresselia|Thunder Wave|p2b: Brute Bonnet\n|-fail|p2b: Brute Bonnet|par\n|move|p2b: Brute Bonnet|Spore|p1b: Cresselia\n|-activate|p1b: Cresselia|item: Safety Goggles|Spore\n|\n|upkeep\n|turn|60\n|\n|t:|1739153117\n|move|p1b: Cresselia|Thunder Wave|p2b: Brute Bonnet\n|-fail|p2b: Brute Bonnet|par\n|cant|p2b: Brute Bonnet|par\n|\n|upkeep\n|turn|61\n|\n|t:|1739153123\n|move|p1b: Cresselia|Thunder Wave|p2b: Brute Bonnet\n|-fail|p2b: Brute Bonnet|par\n|move|p2b: Brute Bonnet|Spore|p1b: Cresselia\n|-activate|p1b: Cresselia|item: Safety Goggles|Spore\n|\n|upkeep\n|turn|62\n|\n|t:|1739153126\n|move|p1b: Cresselia|Thunder Wave|p2b: Brute Bonnet\n|-fail|p2b: Brute Bonnet|par\n|move|p2b: Brute Bonnet|Spore|p1b: Cresselia\n|-activate|p1b: Cresselia|item: Safety Goggles|Spore\n|\n|upkeep\n|turn|63\n|\n|t:|1739153131\n|move|p1b: Cresselia|Thunder Wave|p2b: Brute Bonnet\n|-fail|p2b: Brute Bonnet|par\n|move|p2b: Brute Bonnet|Spore|p1b: Cresselia\n|-activate|p1b: Cresselia|item: Safety Goggles|Spore\n|\n|upkeep\n|turn|64\n|\n|t:|1739153133\n|move|p1b: Cresselia|Thunder Wave|p2b: Brute Bonnet\n|-fail|p2b: Brute Bonnet|par\n|move|p2b: Brute Bonnet|Spore|p1b: Cresselia\n|-activate|p1b: Cresselia|item: Safety Goggles|Spore\n|\n|upkeep\n|turn|65\n|\n|t:|1739153140\n|move|p1b: Cresselia|Thunder Wave|p2b: Brute Bonnet\n|-fail|p2b: Brute Bonnet|par\n|move|p2b: Brute Bonnet|Spore|p1b: Cresselia\n|-activate|p1b: Cresselia|item: Safety Goggles|Spore\n|\n|upkeep\n|turn|66\n|\n|t:|1739153143\n|move|p1b: Cresselia|Thunder Wave|p2b: Brute Bonnet|[miss]\n|-miss|p1b: Cresselia|p2b: Brute Bonnet\n|move|p2b: Brute Bonnet|Spore|p1b: Cresselia\n|-activate|p1b: Cresselia|item: Safety Goggles|Spore\n|\n|upkeep\n|turn|67\n|\n|t:|1739153146\n|move|p1b: Cresselia|Thunder Wave|p2b: Brute Bonnet\n|-fail|p2b: Brute Bonnet|par\n|cant|p2b: Brute Bonnet|par\n|\n|upkeep\n|turn|68\n|\n|t:|1739153152\n|move|p1b: Cresselia|Thunder Wave|p2b: Brute Bonnet\n|-fail|p2b: Brute Bonnet|par\n|move|p2b: Brute Bonnet|Spore|p1b: Cresselia\n|-activate|p1b: Cresselia|item: Safety Goggles|Spore\n|\n|upkeep\n|turn|69\n|\n|t:|1739153157\n|move|p1b: Cresselia|Thunder Wave|p2b: Brute Bonnet\n|-fail|p2b: Brute Bonnet|par\n|move|p2b: Brute Bonnet|Spore|p1b: Cresselia\n|-activate|p1b: Cresselia|item: Safety Goggles|Spore\n|\n|upkeep\n|turn|70\n|\n|t:|1739153160\n|move|p1b: Cresselia|Psychic|p2b: Brute Bonnet\n|-immune|p2b: Brute Bonnet\n|cant|p2b: Brute Bonnet|par\n|\n|upkeep\n|turn|71\n|\n|t:|1739153164\n|move|p2b: Brute Bonnet|Sucker Punch|p1b: Cresselia\n|-supereffective|p1b: Cresselia\n|-crit|p1b: Cresselia\n|-damage|p1b: Cresselia|28\/100\n|move|p1b: Cresselia|Psychic|p2b: Brute Bonnet\n|-immune|p2b: Brute Bonnet\n|\n|upkeep\n|turn|72\n|-message|ssbutan forfeited.\n|\n|win|Kaicyios\n|raw|ssbutan's rating: 1618 &rarr; <strong>1594<\/strong><br \/>(-24 for losing)\n|raw|Kaicyios's rating: 1554 &rarr; <strong>1578<\/strong><br \/>(+24 for winning)\n|l|\u2606ssbutan\n|player|p1|\n|c| playrornds|rip\n|l|\u2606Kaicyios\n|player|p2|\n|l| playrornds\n|c| dododano|lol\n|l| dododano\n","uploadtime":1739153173,"views":6,"formatid":"gen9vgc2025regg","rating":1578,"private":0,"password":null}