{"id":"gen9vgc2025regg-2297749293","format":"[Gen 9] VGC 2025 Reg G","players":["Kaicyios","InfinityGroudon"],"log":"|j|\u2606Kaicyios\n|j|\u2606InfinityGroudon\n|t:|1739154559\n|gametype|doubles\n|player|p1|Kaicyios|giovanni|1606\n|player|p2|InfinityGroudon|101|1679\n|teamsize|p1|6\n|teamsize|p2|6\n|gen|9\n|tier|[Gen 9] VGC 2025 Reg G\n|rated|\n|rule|Species Clause: Limit one of each Pok\u00e9mon\n|rule|Item Clause: Limit 1 of each item\n|clearpoke\n|poke|p1|Groudon, L50|\n|poke|p1|Tornadus, L50, M|\n|poke|p1|Flutter Mane, L50|\n|poke|p1|Chi-Yu, L50|\n|poke|p1|Raging Bolt, L50|\n|poke|p1|Brute Bonnet, L50|\n|poke|p2|Calyrex-Shadow, L50|\n|poke|p2|Incineroar, L50, M|\n|poke|p2|Weezing-Galar, L50, M|\n|poke|p2|Indeedee-F, L50, F|\n|poke|p2|Iron Valiant, L50|\n|poke|p2|Ursaluna-Bloodmoon, L50, M|\n|teampreview|4\n|\n|t:|1739154600\n|start\n|switch|p1a: Tornadus|Tornadus, L50, M|100\/100\n|switch|p1b: Chi-Yu|Chi-Yu, L50|100\/100\n|switch|p2a: Mr. Grizz|Ursaluna-Bloodmoon, L50, M|100\/100\n|switch|p2b: Duncan|Calyrex-Shadow, L50|100\/100\n|-ability|p2b: Duncan|As One\n|-ability|p2b: Duncan|Unnerve\n|-ability|p1b: Chi-Yu|Beads of Ruin\n|turn|1\n|j| zzz1994000\n|l| zzz1994000\n|\n|t:|1739154635\n|move|p2b: Duncan|Protect|p2b: Duncan\n|-singleturn|p2b: Duncan|Protect\n|move|p1a: Tornadus|Sunny Day|p1a: Tornadus\n|-weather|SunnyDay\n|move|p1b: Chi-Yu|Overheat|p2a: Mr. Grizz\n|-damage|p2a: Mr. Grizz|12\/100\n|-unboost|p1b: Chi-Yu|spa|2\n|move|p2a: Mr. Grizz|Earth Power|p1b: Chi-Yu\n|-supereffective|p1b: Chi-Yu\n|-damage|p1b: Chi-Yu|0 fnt\n|faint|p1b: Chi-Yu\n|\n|-weather|SunnyDay|[upkeep]\n|upkeep\n|\n|t:|1739154652\n|switch|p1b: Groudon|Groudon, L50|100\/100\n|turn|2\n|\n|t:|1739154663\n|switch|p2a: Suthen|Indeedee-F, L50, F|100\/100\n|-fieldstart|move: Psychic Terrain|[from] ability: Psychic Surge|[of] p2a: Suthen\n|move|p1a: Tornadus|Tailwind|p1a: Tornadus\n|-sidestart|p1: Kaicyios|move: Tailwind\n|move|p1b: Groudon|Precipice Blades|p2a: Suthen|[spread] p2a\n|-miss|p1b: Groudon|p2b: Duncan\n|-damage|p2a: Suthen|39\/100\n|move|p2b: Duncan|Expanding Force|p1a: Tornadus|[spread] p1a,p1b\n|-enditem|p1a: Tornadus|Focus Sash\n|-damage|p1a: Tornadus|1\/100\n|-damage|p1b: Groudon|40\/100\n|-damage|p2b: Duncan|91\/100|[from] item: Life Orb\n|\n|-weather|SunnyDay|[upkeep]\n|upkeep\n|turn|3\n|j| Samevgcmons\n|\n|t:|1739154680\n|move|p2b: Duncan|Protect|p2b: Duncan\n|-singleturn|p2b: Duncan|Protect\n|move|p1a: Tornadus|Bleakwind Storm|p2a: Suthen|[spread] p2a\n|-activate|p2b: Duncan|move: Protect\n|-damage|p2a: Suthen|10\/100\n|-unboost|p2a: Suthen|spe|1\n|move|p1b: Groudon|Precipice Blades|p2a: Suthen|[spread] p2a\n|-activate|p2b: Duncan|move: Protect\n|-damage|p2a: Suthen|0 fnt\n|faint|p2a: Suthen\n|\n|-weather|SunnyDay|[upkeep]\n|upkeep\n|\n|t:|1739154689\n|switch|p2a: Charming|Iron Valiant, L50, shiny|100\/100\n|-enditem|p2a: Charming|Booster Energy\n|-activate|p2a: Charming|ability: Quark Drive|[fromitem]\n|-start|p2a: Charming|quarkdrivespe\n|turn|4\n|j| Therazer456\n|j| futonkagebunshin\n|\n|t:|1739154717\n|move|p2a: Charming|Shadow Sneak|p1a: Tornadus\n|-hint|Psychic Terrain doesn't affect Pok\u00e9mon immune to Ground.\n|-damage|p1a: Tornadus|0 fnt\n|faint|p1a: Tornadus\n|move|p1b: Groudon|High Horsepower|p2b: Duncan\n|-damage|p2b: Duncan|23\/100\n|move|p2b: Duncan|Expanding Force|p1b: Groudon\n|-crit|p1b: Groudon\n|-damage|p1b: Groudon|0 fnt\n|faint|p1b: Groudon\n|-ability|p2b: Duncan|Grim Neigh|boost\n|-boost|p2b: Duncan|spa|1\n|-damage|p2b: Duncan|13\/100|[from] item: Life Orb\n|\n|-weather|SunnyDay|[upkeep]\n|upkeep\n|\n|t:|1739154736\n|switch|p1b: Flutter Mane|Flutter Mane, L50|100\/100\n|-activate|p1b: Flutter Mane|ability: Protosynthesis\n|-start|p1b: Flutter Mane|protosynthesisspa\n|turn|5\n|\n|t:|1739154749\n|-terastallize|p1b: Flutter Mane|Fairy\n|move|p2a: Charming|Protect|p2a: Charming\n|-singleturn|p2a: Charming|Protect\n|move|p2b: Duncan|Protect|p2b: Duncan\n|-singleturn|p2b: Duncan|Protect\n|move|p1b: Flutter Mane|Dazzling Gleam|p2a: Charming|[spread] \n|-activate|p2a: Charming|move: Protect\n|-activate|p2b: Duncan|move: Protect\n|\n|-weather|none\n|-end|p1b: Flutter Mane|Protosynthesis\n|-sideend|p1: Kaicyios|move: Tailwind\n|upkeep\n|turn|6\n|\n|t:|1739154754\n|move|p2a: Charming|Spirit Break|p1b: Flutter Mane\n|-damage|p1b: Flutter Mane|23\/100\n|-unboost|p1b: Flutter Mane|spa|1\n|move|p2b: Duncan|Expanding Force|p1b: Flutter Mane\n|-damage|p1b: Flutter Mane|0 fnt\n|faint|p1b: Flutter Mane\n|-end|p1b: Flutter Mane|Protosynthesis|[silent]\n|-damage|p2b: Duncan|3\/100|[from] item: Life Orb\n|\n|win|InfinityGroudon\n|raw|Kaicyios's rating: 1606 &rarr; <strong>1590<\/strong><br \/>(-16 for losing)\n|raw|InfinityGroudon's rating: 1679 &rarr; <strong>1695<\/strong><br \/>(+16 for winning)\n|l|\u2606InfinityGroudon\n|player|p2|\n|l|\u2606Kaicyios\n|player|p1|\n|l| Samevgcmons\n|l| Therazer456\n","uploadtime":1739154893,"views":13,"formatid":"gen9vgc2025regg","rating":1590,"private":0,"password":null}