{"id":"gen9vgc2025regg-2297411118","format":"[Gen 9] VGC 2025 Reg G","players":["Ginopollo","DimensionalFool"],"log":"|j|\u2606Ginopollo\n|j|\u203dDimensionalFool\n|t:|1739111537\n|gametype|doubles\n|player|p1|Ginopollo|169|1538\n|player|p2|DimensionalFool|169|1620\n|teamsize|p1|6\n|teamsize|p2|6\n|gen|9\n|tier|[Gen 9] VGC 2025 Reg G\n|rated|\n|rule|Species Clause: Limit one of each Pok\u00e9mon\n|rule|Item Clause: Limit 1 of each item\n|clearpoke\n|poke|p1|Raging Bolt, L50|\n|poke|p1|Urshifu-*, L50, F|\n|poke|p1|Calyrex-Ice, L50|\n|poke|p1|Incineroar, L50, F|\n|poke|p1|Amoonguss, L50, F|\n|poke|p1|Landorus, L50, M|\n|poke|p2|Grimmsnarl, L50, M|\n|poke|p2|Landorus, L50, M|\n|poke|p2|Calyrex-Ice, L50|\n|poke|p2|Pelipper, L50, F|\n|poke|p2|Urshifu-*, L50, F|\n|poke|p2|Rillaboom, L50, M|\n|teampreview|4\n|inactive|Battle timer is ON: inactive players will automatically lose when time's up. (requested by DimensionalFool)\n|j| MTcxing\n|inactive|Ginopollo has 60 seconds left.\n|\n|t:|1739111605\n|start\n|switch|p1a: Calyrex|Calyrex-Ice, L50|100\/100\n|switch|p1b: Urshifu|Urshifu-Rapid-Strike, L50, F|100\/100\n|switch|p2a: Calyrex|Calyrex-Ice, L50|100\/100\n|switch|p2b: Rillaboom|Rillaboom, L50, M|100\/100\n|-ability|p2a: Calyrex|As One\n|-ability|p2a: Calyrex|Unnerve\n|-ability|p1a: Calyrex|As One\n|-ability|p1a: Calyrex|Unnerve\n|-fieldstart|move: Grassy Terrain|[from] ability: Grassy Surge|[of] p2b: Rillaboom\n|turn|1\n|inactive|Ginopollo has 30 seconds left.\n|\n|t:|1739111631\n|move|p2b: Rillaboom|Fake Out|p1a: Calyrex\n|-damage|p1a: Calyrex|92\/100\n|move|p1b: Urshifu|Close Combat|p2a: Calyrex\n|-damage|p2a: Calyrex|62\/100\n|-unboost|p1b: Urshifu|def|1\n|-unboost|p1b: Urshifu|spd|1\n|move|p2a: Calyrex|Throat Chop|p1a: Calyrex\n|-supereffective|p1a: Calyrex\n|-damage|p1a: Calyrex|53\/100\n|-start|p1a: Calyrex|Throat Chop|[silent]\n|cant|p1a: Calyrex|flinch\n|\n|-heal|p2a: Calyrex|68\/100|[from] Grassy Terrain\n|-heal|p1a: Calyrex|59\/100|[from] Grassy Terrain\n|upkeep\n|turn|2\n|\n|t:|1739111651\n|-terastallize|p2b: Rillaboom|Fire\n|move|p1a: Calyrex|Protect|p1a: Calyrex\n|-singleturn|p1a: Calyrex|Protect\n|move|p2b: Rillaboom|Grassy Glide|p1b: Urshifu\n|-supereffective|p1b: Urshifu\n|-enditem|p1b: Urshifu|Focus Sash\n|-damage|p1b: Urshifu|1\/100\n|move|p1b: Urshifu|Close Combat|p2b: Rillaboom\n|-damage|p2b: Rillaboom|33\/100\n|-unboost|p1b: Urshifu|def|1\n|-unboost|p1b: Urshifu|spd|1\n|-damage|p1b: Urshifu|0 fnt|[from] item: Rocky Helmet|[of] p2b: Rillaboom\n|faint|p1b: Urshifu\n|move|p2a: Calyrex|Throat Chop|p1a: Calyrex\n|-activate|p1a: Calyrex|move: Protect\n|\n|-heal|p2b: Rillaboom|39\/100|[from] Grassy Terrain\n|-heal|p2a: Calyrex|74\/100|[from] Grassy Terrain\n|-heal|p1a: Calyrex|65\/100|[from] Grassy Terrain\n|-end|p1a: Calyrex|Throat Chop|[silent]\n|upkeep\n|inactive|Ginopollo has 30 seconds left.\n|\n|t:|1739111677\n|switch|p1b: Landorus|Landorus, L50, M|100\/100\n|turn|3\n|\n|t:|1739111692\n|switch|p2b: Landorus|Landorus, L50, M|100\/100\n|move|p1b: Landorus|Sandsear Storm|p2a: Calyrex|[spread] \n|-immune|p2b: Landorus\n|-miss|p1b: Landorus|p2a: Calyrex\n|move|p2a: Calyrex|Throat Chop|p1a: Calyrex\n|-supereffective|p1a: Calyrex\n|-damage|p1a: Calyrex|27\/100\n|-start|p1a: Calyrex|Throat Chop|[silent]\n|move|p1a: Calyrex|Glacial Lance|p2a: Calyrex|[spread] p2a,p2b\n|-resisted|p2a: Calyrex\n|-supereffective|p2b: Landorus\n|-damage|p2a: Calyrex|56\/100\n|-damage|p2b: Landorus|0 fnt\n|faint|p2b: Landorus\n|-ability|p1a: Calyrex|Chilling Neigh|boost\n|-boost|p1a: Calyrex|atk|1\n|\n|-heal|p2a: Calyrex|62\/100|[from] Grassy Terrain\n|-heal|p1a: Calyrex|33\/100|[from] Grassy Terrain\n|upkeep\n|\n|t:|1739111704\n|switch|p2b: Urshifu|Urshifu-Rapid-Strike, L50, F|100\/100\n|turn|4\n|\n|t:|1739111715\n|-terastallize|p1b: Landorus|Water\n|move|p2b: Urshifu|Close Combat|p1a: Calyrex\n|-damage|p1a: Calyrex|0 fnt\n|-unboost|p2b: Urshifu|def|1\n|-unboost|p2b: Urshifu|spd|1\n|faint|p1a: Calyrex\n|move|p1b: Landorus|Sandsear Storm|p2a: Calyrex|[spread] p2a,p2b\n|-damage|p2a: Calyrex|33\/100\n|-damage|p2b: Urshifu|0 fnt\n|faint|p2b: Urshifu\n|move|p2a: Calyrex|Glacial Lance|p1b: Landorus\n|-resisted|p1b: Landorus\n|-damage|p1b: Landorus|60\/100\n|\n|-heal|p1b: Landorus|66\/100|[from] Grassy Terrain\n|-heal|p2a: Calyrex|39\/100|[from] Grassy Terrain\n|upkeep\n|j| yukina VGC\n|\n|t:|1739111733\n|switch|p2b: Rillaboom|Rillaboom, L50, M, tera:Fire|39\/100\n|switch|p1a: Amoonguss|Amoonguss, L50, F|100\/100\n|turn|5\n|\n|t:|1739111749\n|move|p1b: Landorus|Protect|p1b: Landorus\n|-singleturn|p1b: Landorus|Protect\n|move|p2b: Rillaboom|Fake Out|p1a: Amoonguss\n|-damage|p1a: Amoonguss|88\/100\n|-damage|p2b: Rillaboom|23\/100|[from] item: Rocky Helmet|[of] p1a: Amoonguss\n|move|p2a: Calyrex|Seed Bomb|p1b: Landorus\n|-activate|p1b: Landorus|move: Protect\n|cant|p1a: Amoonguss|flinch\n|\n|-heal|p1b: Landorus|72\/100|[from] Grassy Terrain\n|-heal|p2b: Rillaboom|29\/100|[from] Grassy Terrain\n|-heal|p2a: Calyrex|44\/100|[from] Grassy Terrain\n|-heal|p1a: Amoonguss|94\/100|[from] Grassy Terrain\n|-fieldend|move: Grassy Terrain\n|upkeep\n|turn|6\n|inactive|Ginopollo has 30 seconds left.\n|inactive|Ginopollo has 20 seconds left.\n|inactive|Ginopollo has 15 seconds left.\n|inactive|Ginopollo has 10 seconds left.\n|\n|t:|1739111796\n|move|p1a: Amoonguss|Rage Powder|p1a: Amoonguss\n|-singleturn|p1a: Amoonguss|move: Rage Powder\n|move|p1b: Landorus|Sandsear Storm|p2a: Calyrex|[spread] p2a,p2b\n|-supereffective|p2b: Rillaboom\n|-damage|p2a: Calyrex|14\/100\n|-damage|p2b: Rillaboom|0 fnt\n|faint|p2b: Rillaboom\n|move|p2a: Calyrex|Seed Bomb|p1a: Amoonguss\n|-resisted|p1a: Amoonguss\n|-damage|p1a: Amoonguss|86\/100\n|\n|upkeep\n|turn|7\n|\n|t:|1739111806\n|move|p1a: Amoonguss|Rage Powder|p1a: Amoonguss\n|-singleturn|p1a: Amoonguss|move: Rage Powder\n|move|p1b: Landorus|Earth Power|p2a: Calyrex\n|-damage|p2a: Calyrex|0 fnt\n|faint|p2a: Calyrex\n|\n|win|Ginopollo\n|raw|Ginopollo's rating: 1538 &rarr; <strong>1563<\/strong><br \/>(+25 for winning)\n|raw|DimensionalFool's rating: 1620 &rarr; <strong>1595<\/strong><br \/>(-25 for losing)\n|l|\u2606Ginopollo\n|player|p1|\n|l| MTcxing\n","uploadtime":1739111976,"views":4,"formatid":"gen9vgc2025regg","rating":1563,"private":0,"password":null}