{"id":"gen9vgc2025regg-2297510797","format":"[Gen 9] VGC 2025 Reg G","players":["Lechonkbro","zrofs"],"log":"|j|\u2606Lechonkbro\n|j|\u2606zrofs\n|t:|1739124351\n|gametype|doubles\n|player|p1|Lechonkbro|ghetsis-gen5bw|1571\n|player|p2|zrofs|steven|1594\n|teamsize|p1|6\n|teamsize|p2|6\n|gen|9\n|tier|[Gen 9] VGC 2025 Reg G\n|rated|\n|rule|Species Clause: Limit one of each Pok\u00e9mon\n|rule|Item Clause: Limit 1 of each item\n|clearpoke\n|poke|p1|Miraidon, L50|\n|poke|p1|Incineroar, L50, F|\n|poke|p1|Urshifu-*, L50, M|\n|poke|p1|Oranguru, L50, F|\n|poke|p1|Clefairy, L50, F|\n|poke|p1|Iron Valiant, L50|\n|poke|p2|Terapagos, L50, M|\n|poke|p2|Sinistcha, L50|\n|poke|p2|Rillaboom, L50, F|\n|poke|p2|Incineroar, L50, F|\n|poke|p2|Annihilape, L50, M|\n|poke|p2|Maushold, L50|\n|teampreview|4\n|\n|t:|1739124366\n|start\n|switch|p1a: Miraidon|Miraidon, L50|100\/100\n|switch|p1b: Oranguru|Oranguru, L50, F|100\/100\n|switch|p2a: Terapagos|Terapagos, L50, M|100\/100\n|switch|p2b: Rillaboom|Rillaboom, L50, F|100\/100\n|-activate|p2a: Terapagos|ability: Tera Shift\n|detailschange|p2a: Terapagos|Terapagos-Terastal, L50, M\n|-heal|p2a: Terapagos|100\/100|[silent]\n|-fieldstart|move: Electric Terrain|[from] ability: Hadron Engine|[of] p1a: Miraidon\n|-enditem|p1a: Miraidon|Electric Seed\n|-boost|p1a: Miraidon|def|1|[from] item: Electric Seed\n|-activate|p1b: Oranguru|ability: Symbiosis|Covert Cloak|[of] p1a: Miraidon\n|-fieldstart|move: Grassy Terrain|[from] ability: Grassy Surge|[of] p2b: Rillaboom\n|turn|1\n|inactive|Battle timer is ON: inactive players will automatically lose when time's up. (requested by zrofs)\n|\n|t:|1739124385\n|move|p1a: Miraidon|Calm Mind|p1a: Miraidon\n|-boost|p1a: Miraidon|spa|1\n|-boost|p1a: Miraidon|spd|1\n|move|p2b: Rillaboom|U-turn|p1b: Oranguru\n|-supereffective|p1b: Oranguru\n|-damage|p1b: Oranguru|64\/100\n|\n|t:|1739124392\n|switch|p2b: Incineroar|Incineroar, L50, F|100\/100|[from] U-turn\n|-ability|p2b: Incineroar|Intimidate|boost\n|-unboost|p1a: Miraidon|atk|1\n|-unboost|p1b: Oranguru|atk|1\n|move|p2a: Terapagos|Calm Mind|p2a: Terapagos\n|-boost|p2a: Terapagos|spa|1\n|-boost|p2a: Terapagos|spd|1\n|move|p1b: Oranguru|Instruct|p1a: Miraidon\n|-singleturn|p1a: Miraidon|move: Instruct|[of] p1b: Oranguru\n|move|p1a: Miraidon|Calm Mind|p1a: Miraidon\n|-boost|p1a: Miraidon|spa|1\n|-boost|p1a: Miraidon|spd|1\n|\n|-heal|p1b: Oranguru|70\/100|[from] Grassy Terrain\n|upkeep\n|turn|2\n|\n|t:|1739124409\n|move|p2b: Incineroar|Fake Out|p1a: Miraidon\n|-damage|p1a: Miraidon|94\/100\n|move|p1a: Miraidon|Calm Mind|p1a: Miraidon\n|-boost|p1a: Miraidon|spa|1\n|-boost|p1a: Miraidon|spd|1\n|move|p2a: Terapagos|Calm Mind|p2a: Terapagos\n|-boost|p2a: Terapagos|spa|1\n|-boost|p2a: Terapagos|spd|1\n|move|p1b: Oranguru|Instruct|p1a: Miraidon\n|-singleturn|p1a: Miraidon|move: Instruct|[of] p1b: Oranguru\n|move|p1a: Miraidon|Calm Mind|p1a: Miraidon\n|-boost|p1a: Miraidon|spa|1\n|-boost|p1a: Miraidon|spd|1\n|\n|-heal|p1a: Miraidon|99\/100|[from] Grassy Terrain\n|-heal|p1b: Oranguru|76\/100|[from] Grassy Terrain\n|upkeep\n|turn|3\n|\n|t:|1739124430\n|move|p1a: Miraidon|Parabolic Charge|p2b: Incineroar|[spread] p1b,p2a,p2b\n|-activate|p2a: Terapagos|ability: Tera Shell\n|-resisted|p2a: Terapagos\n|-damage|p1b: Oranguru|21\/100\n|-heal|p1a: Miraidon|100\/100|[from] drain|[of] p1b: Oranguru\n|-damage|p2a: Terapagos|86\/100\n|-damage|p2b: Incineroar|40\/100\n|move|p2a: Terapagos|Calm Mind|p2a: Terapagos\n|-boost|p2a: Terapagos|spa|1\n|-boost|p2a: Terapagos|spd|1\n|move|p2b: Incineroar|Parting Shot|p1a: Miraidon\n|-unboost|p1a: Miraidon|atk|1\n|-unboost|p1a: Miraidon|spa|1\n|\n|t:|1739124443\n|switch|p2b: Sinistcha|Sinistcha, L50|100\/100|[from] Parting Shot\n|-heal|p2a: Terapagos|100\/100|[from] ability: Hospitality|[of] p2b: Sinistcha\n|move|p1b: Oranguru|Instruct|p1a: Miraidon\n|-singleturn|p1a: Miraidon|move: Instruct|[of] p1b: Oranguru\n|move|p1a: Miraidon|Parabolic Charge|p2a: Terapagos|[spread] p1b,p2a,p2b\n|-activate|p2a: Terapagos|ability: Tera Shell\n|-resisted|p2a: Terapagos\n|-resisted|p2b: Sinistcha\n|-damage|p1b: Oranguru|0 fnt\n|-damage|p2a: Terapagos|90\/100\n|-damage|p2b: Sinistcha|71\/100\n|faint|p1b: Oranguru\n|\n|-heal|p2a: Terapagos|96\/100|[from] Grassy Terrain\n|-heal|p2b: Sinistcha|77\/100|[from] Grassy Terrain\n|upkeep\n|\n|t:|1739124465\n|switch|p1b: Incineroar|Incineroar, L50, F|100\/100\n|-ability|p1b: Incineroar|Intimidate|boost\n|-unboost|p2a: Terapagos|atk|1\n|-unboost|p2b: Sinistcha|atk|1\n|turn|4\n|\n|t:|1739124476\n|switch|p2b: Incineroar|Incineroar, L50, F|40\/100\n|-ability|p2b: Incineroar|Intimidate|boost\n|-unboost|p1a: Miraidon|atk|1\n|-unboost|p1b: Incineroar|atk|1\n|move|p2a: Terapagos|Protect|p2a: Terapagos\n|-singleturn|p2a: Terapagos|Protect\n|move|p1b: Incineroar|Fake Out|p2a: Terapagos\n|-activate|p2a: Terapagos|move: Protect\n|move|p1a: Miraidon|Dragon Pulse|p2b: Incineroar\n|-damage|p2b: Incineroar|0 fnt\n|faint|p2b: Incineroar\n|\n|-heal|p2a: Terapagos|100\/100|[from] Grassy Terrain\n|upkeep\n|\n|t:|1739124490\n|switch|p2b: Sinistcha|Sinistcha, L50|77\/100\n|turn|5\n|\n|t:|1739124514\n|-terastallize|p2b: Sinistcha|Fairy\n|move|p1a: Miraidon|Dragon Pulse|p2b: Sinistcha\n|-immune|p2b: Sinistcha\n|move|p2a: Terapagos|Calm Mind|p2a: Terapagos\n|-boost|p2a: Terapagos|spa|1\n|-boost|p2a: Terapagos|spd|1\n|move|p1b: Incineroar|Parting Shot|p2a: Terapagos\n|-unboost|p2a: Terapagos|atk|1\n|-unboost|p2a: Terapagos|spa|1\n|\n|t:|1739124525\n|switch|p1b: Iron Valiant|Iron Valiant, L50|100\/100|[from] Parting Shot\n|-enditem|p1b: Iron Valiant|Booster Energy\n|-activate|p1b: Iron Valiant|ability: Quark Drive|[fromitem]\n|-start|p1b: Iron Valiant|quarkdrivespe\n|move|p2b: Sinistcha|Trick Room|p2b: Sinistcha\n|-fieldstart|move: Trick Room|[of] p2b: Sinistcha\n|\n|-heal|p2b: Sinistcha|83\/100|[from] Grassy Terrain\n|-fieldend|move: Grassy Terrain\n|upkeep\n|turn|6\n|\n|t:|1739124545\n|move|p2b: Sinistcha|Matcha Gotcha|p1a: Miraidon|[spread] p1a,p1b\n|-resisted|p1a: Miraidon\n|-damage|p1a: Miraidon|98\/100\n|-heal|p2b: Sinistcha|85\/100|[from] drain|[of] p1a: Miraidon\n|-damage|p1b: Iron Valiant|66\/100\n|-heal|p2b: Sinistcha|100\/100|[from] drain|[of] p1b: Iron Valiant\n|move|p2a: Terapagos|Tera Starstorm|p1a: Miraidon\n|-damage|p1a: Miraidon|58\/100\n|move|p1a: Miraidon|Dragon Pulse|p2a: Terapagos\n|-activate|p2a: Terapagos|ability: Tera Shell\n|-resisted|p2a: Terapagos\n|-damage|p2a: Terapagos|87\/100\n|move|p1b: Iron Valiant|Disable|p2a: Terapagos\n|-start|p2a: Terapagos|Disable|Tera Starstorm\n|\n|upkeep\n|turn|7\n|inactive|zrofs has 30 seconds left.\n|\n|t:|1739124571\n|move|p1b: Iron Valiant|Wide Guard|p1b: Iron Valiant\n|-singleturn|p1b: Iron Valiant|Wide Guard\n|move|p2b: Sinistcha|Life Dew||[still]|[spread] p2a,p2b\n|-heal|p2a: Terapagos|100\/100\n|-fail|p2b: Sinistcha|heal\n|move|p2a: Terapagos|Substitute|p2a: Terapagos\n|-start|p2a: Terapagos|Substitute\n|-damage|p2a: Terapagos|76\/100\n|move|p1a: Miraidon|Parabolic Charge|p2a: Terapagos|[spread] p2a,p2b\n|-activate|p1b: Iron Valiant|move: Wide Guard\n|-activate|p2a: Terapagos|move: Substitute|[damage]\n|-heal|p1a: Miraidon|68\/100|[from] drain|[of] p2a: Terapagos\n|-damage|p2b: Sinistcha|40\/100\n|-heal|p1a: Miraidon|95\/100|[from] drain|[of] p2b: Sinistcha\n|\n|upkeep\n|turn|8\n|inactive|zrofs has 30 seconds left.\n|\n|t:|1739124596\n|switch|p2b: Rillaboom|Rillaboom, L50, F|100\/100\n|-fieldstart|move: Grassy Terrain|[from] ability: Grassy Surge|[of] p2b: Rillaboom\n|move|p2a: Terapagos|Calm Mind|p2a: Terapagos\n|-boost|p2a: Terapagos|spa|1\n|-boost|p2a: Terapagos|spd|1\n|move|p1a: Miraidon|Calm Mind|p1a: Miraidon\n|-boost|p1a: Miraidon|spa|1\n|-boost|p1a: Miraidon|spd|1\n|move|p1b: Iron Valiant|Encore|p2a: Terapagos\n|-start|p2a: Terapagos|Encore\n|\n|-heal|p2a: Terapagos|82\/100|[from] Grassy Terrain\n|-heal|p1a: Miraidon|100\/100|[from] Grassy Terrain\n|-heal|p1b: Iron Valiant|72\/100|[from] Grassy Terrain\n|upkeep\n|turn|9\n|inactive|Lechonkbro has 30 seconds left.\n|inactive|zrofs has 30 seconds left.\n|\n|t:|1739124629\n|-end|p1b: Iron Valiant|Quark Drive|[silent]\n|switch|p1b: Incineroar|Incineroar, L50, F|100\/100\n|-ability|p1b: Incineroar|Intimidate|boost\n|-immune|p2a: Terapagos\n|-unboost|p2b: Rillaboom|atk|1\n|move|p2a: Terapagos|Calm Mind|p2a: Terapagos\n|-boost|p2a: Terapagos|spa|1\n|-boost|p2a: Terapagos|spd|1\n|move|p2b: Rillaboom|U-turn|p1b: Incineroar\n|-damage|p1b: Incineroar|90\/100\n|\n|t:|1739124640\n|switch|p2b: Sinistcha|Sinistcha, L50, tera:Fairy|40\/100|[from] U-turn\n|-heal|p2a: Terapagos|100\/100|[from] ability: Hospitality|[of] p2b: Sinistcha\n|move|p1a: Miraidon|Calm Mind|p1a: Miraidon\n|-boost|p1a: Miraidon|spa|1\n|-boost|p1a: Miraidon|spd|1\n|\n|-heal|p1b: Incineroar|96\/100|[from] Grassy Terrain\n|-heal|p2b: Sinistcha|46\/100|[from] Grassy Terrain\n|-fieldend|move: Trick Room\n|upkeep\n|turn|10\n|inactive|zrofs has 30 seconds left.\n|\n|t:|1739124665\n|switch|p2b: Rillaboom|Rillaboom, L50, F|100\/100\n|move|p1a: Miraidon|Parabolic Charge|p2b: Rillaboom|[spread] p1b,p2a,p2b\n|-activate|p2a: Terapagos|ability: Tera Shell\n|-resisted|p2a: Terapagos\n|-end|p2a: Terapagos|Substitute\n|-resisted|p2b: Rillaboom\n|-damage|p1b: Incineroar|24\/100\n|-damage|p2b: Rillaboom|71\/100\n|-enditem|p1b: Incineroar|Sitrus Berry|[eat]\n|-heal|p1b: Incineroar|49\/100|[from] item: Sitrus Berry\n|move|p2a: Terapagos|Calm Mind|p2a: Terapagos\n|-boost|p2a: Terapagos|spa|1\n|-boost|p2a: Terapagos|spd|0\n|move|p1b: Incineroar|Parting Shot|p2a: Terapagos\n|-unboost|p2a: Terapagos|atk|1\n|-unboost|p2a: Terapagos|spa|1\n|\n|t:|1739124681\n|switch|p1b: Iron Valiant|Iron Valiant, L50|72\/100|[from] Parting Shot\n|\n|-heal|p1b: Iron Valiant|78\/100|[from] Grassy Terrain\n|-heal|p2b: Rillaboom|77\/100|[from] Grassy Terrain\n|-end|p2a: Terapagos|Disable\n|upkeep\n|turn|11\n|inactive|Lechonkbro has 30 seconds left.\n|inactive|Lechonkbro has 20 seconds left.\n|\n|t:|1739124718\n|move|p2b: Rillaboom|Fake Out|p1b: Iron Valiant\n|-damage|p1b: Iron Valiant|65\/100\n|cant|p1b: Iron Valiant|flinch\n|move|p1a: Miraidon|Dragon Pulse|p2b: Rillaboom\n|-damage|p2b: Rillaboom|0 fnt\n|faint|p2b: Rillaboom\n|move|p2a: Terapagos|Calm Mind|p2a: Terapagos\n|-boost|p2a: Terapagos|spa|1\n|-boost|p2a: Terapagos|spd|0\n|\n|-heal|p1b: Iron Valiant|71\/100|[from] Grassy Terrain\n|-end|p2a: Terapagos|Encore\n|upkeep\n|\n|t:|1739124730\n|switch|p2b: Sinistcha|Sinistcha, L50, tera:Fairy|46\/100\n|turn|12\n|\n|t:|1739124748\n|move|p1b: Iron Valiant|Wide Guard|p1b: Iron Valiant\n|-singleturn|p1b: Iron Valiant|Wide Guard\n|move|p1a: Miraidon|Parabolic Charge|p2a: Terapagos|[spread] p2a,p2b\n|-activate|p1b: Iron Valiant|move: Wide Guard\n|-activate|p2a: Terapagos|ability: Tera Shell\n|-resisted|p2a: Terapagos\n|-crit|p2a: Terapagos\n|-damage|p2a: Terapagos|50\/100\n|-damage|p2b: Sinistcha|0 fnt\n|faint|p2b: Sinistcha\n|move|p2a: Terapagos|Substitute|p2a: Terapagos\n|-start|p2a: Terapagos|Substitute\n|-damage|p2a: Terapagos|25\/100\n|\n|-heal|p1b: Iron Valiant|77\/100|[from] Grassy Terrain\n|-heal|p2a: Terapagos|31\/100|[from] Grassy Terrain\n|-fieldend|move: Grassy Terrain\n|upkeep\n|turn|13\n|-message|zrofs forfeited.\n|\n|win|Lechonkbro\n|raw|Lechonkbro's rating: 1571 &rarr; <strong>1592<\/strong><br \/>(+21 for winning)\n|raw|zrofs's rating: 1594 &rarr; <strong>1573<\/strong><br \/>(-21 for losing)\n|l|\u2606zrofs\n|player|p2|\n|l|\u2606Lechonkbro\n|player|p1|\n","uploadtime":1739124977,"views":6,"formatid":"gen9vgc2025regg","rating":1573,"private":0,"password":null}