{"id":"gen9vgc2025regg-2297999949","format":"[Gen 9] VGC 2025 Reg G","players":["Bahamate","InfinityGroudon"],"log":"|j|\u2606Bahamate\n|j|\u2606InfinityGroudon\n|t:|1739197818\n|gametype|doubles\n|player|p1|Bahamate|grimsley|1558\n|player|p2|InfinityGroudon|266|1658\n|teamsize|p1|6\n|teamsize|p2|6\n|gen|9\n|tier|[Gen 9] VGC 2025 Reg G\n|rated|\n|rule|Species Clause: Limit one of each Pok\u00e9mon\n|rule|Item Clause: Limit 1 of each item\n|clearpoke\n|poke|p1|Miraidon, L50|\n|poke|p1|Volcarona, L50, F|\n|poke|p1|Urshifu-*, L50, M|\n|poke|p1|Whimsicott, L50, M|\n|poke|p1|Chien-Pao, L50|\n|poke|p1|Okidogi, L50, M|\n|poke|p2|Terapagos, L50, M|\n|poke|p2|Clefairy, L50, F|\n|poke|p2|Rillaboom, L50, F|\n|poke|p2|Skeledirge, L50, M|\n|poke|p2|Urshifu-*, L50, M|\n|poke|p2|Chien-Pao, L50|\n|teampreview|4\n|j| darkbanana49\n|inactive|Battle timer is ON: inactive players will automatically lose when time's up. (requested by InfinityGroudon)\n|\n|t:|1739197852\n|start\n|switch|p1a: Miraidon|Miraidon, L50|100\/100\n|switch|p1b: Okidogi|Okidogi, L50, M|100\/100\n|switch|p2a: Moonwater|Clefairy, L50, F|100\/100\n|switch|p2b: Perrine|Terapagos, L50, M|100\/100\n|-activate|p2b: Perrine|ability: Tera Shift\n|detailschange|p2b: Perrine|Terapagos-Terastal, L50, M\n|-heal|p2b: Perrine|100\/100|[silent]\n|-fieldstart|move: Electric Terrain|[from] ability: Hadron Engine|[of] p1a: Miraidon\n|turn|1\n|\n|t:|1739197869\n|move|p2a: Moonwater|Follow Me|p2a: Moonwater\n|-singleturn|p2a: Moonwater|move: Follow Me\n|move|p1a: Miraidon|Volt Switch|p2a: Moonwater\n|-damage|p2a: Moonwater|7\/100\n|\n|t:|1739197874\n|switch|p1a: Volcarona|Volcarona, L50, F|100\/100|[from] Volt Switch\n|-enditem|p1a: Volcarona|Electric Seed\n|-boost|p1a: Volcarona|def|1|[from] item: Electric Seed\n|move|p1b: Okidogi|Knock Off|p2a: Moonwater\n|-resisted|p2a: Moonwater\n|-damage|p2a: Moonwater|0 fnt\n|-enditem|p2a: Moonwater|Eviolite|[from] move: Knock Off|[of] p1b: Okidogi\n|faint|p2a: Moonwater\n|move|p2b: Perrine|Calm Mind|p2b: Perrine\n|-boost|p2b: Perrine|spa|1\n|-boost|p2b: Perrine|spd|1\n|\n|upkeep\n|\n|t:|1739197879\n|switch|p2a: Lion's Roar|Rillaboom, L50, F|100\/100\n|-fieldstart|move: Grassy Terrain|[from] ability: Grassy Surge|[of] p2a: Lion's Roar\n|turn|2\n|\n|t:|1739197894\n|move|p2a: Lion's Roar|Fake Out|p1b: Okidogi\n|-damage|p1b: Okidogi|89\/100\n|move|p1a: Volcarona|Struggle Bug|p2a: Lion's Roar|[spread] p2a,p2b\n|-supereffective|p2a: Lion's Roar\n|-activate|p2b: Perrine|ability: Tera Shell\n|-resisted|p2b: Perrine\n|-damage|p2a: Lion's Roar|73\/100\n|-damage|p2b: Perrine|96\/100\n|-unboost|p2a: Lion's Roar|spa|1\n|-unboost|p2b: Perrine|spa|1\n|cant|p1b: Okidogi|flinch\n|move|p2b: Perrine|Calm Mind|p2b: Perrine\n|-boost|p2b: Perrine|spa|1\n|-boost|p2b: Perrine|spd|1\n|\n|-heal|p1b: Okidogi|95\/100|[from] Grassy Terrain\n|-heal|p2b: Perrine|100\/100|[from] Grassy Terrain\n|-heal|p2a: Lion's Roar|79\/100|[from] Grassy Terrain\n|upkeep\n|turn|3\n|\n|t:|1739197910\n|move|p1a: Volcarona|Fiery Dance|p2a: Lion's Roar\n|-supereffective|p2a: Lion's Roar\n|-damage|p2a: Lion's Roar|24\/100\n|-boost|p1a: Volcarona|spa|1\n|move|p1b: Okidogi|Knock Off|p2b: Perrine\n|-activate|p2b: Perrine|ability: Tera Shell\n|-resisted|p2b: Perrine\n|-damage|p2b: Perrine|88\/100\n|-enditem|p2b: Perrine|Leftovers|[from] move: Knock Off|[of] p1b: Okidogi\n|move|p2b: Perrine|Earth Power|p1b: Okidogi\n|-supereffective|p1b: Okidogi\n|-damage|p1b: Okidogi|42\/100\n|move|p2a: Lion's Roar|Wood Hammer|p1b: Okidogi\n|-resisted|p1b: Okidogi\n|-damage|p1b: Okidogi|12\/100\n|-damage|p2a: Lion's Roar|15\/100|[from] Recoil\n|\n|-heal|p1b: Okidogi|18\/100|[from] Grassy Terrain\n|-heal|p2b: Perrine|94\/100|[from] Grassy Terrain\n|-heal|p2a: Lion's Roar|21\/100|[from] Grassy Terrain\n|upkeep\n|turn|4\n|\n|t:|1739197933\n|switch|p1b: Miraidon|Miraidon, L50|100\/100\n|-fieldstart|move: Electric Terrain|[from] ability: Hadron Engine|[of] p1b: Miraidon\n|move|p2b: Perrine|Protect|p2b: Perrine\n|-singleturn|p2b: Perrine|Protect\n|move|p1a: Volcarona|Struggle Bug|p2b: Perrine|[spread] p2a\n|-activate|p2b: Perrine|move: Protect\n|-supereffective|p2a: Lion's Roar\n|-damage|p2a: Lion's Roar|0 fnt\n|faint|p2a: Lion's Roar\n|\n|upkeep\n|\n|t:|1739197935\n|switch|p2a: Presto|Chien-Pao, L50|100\/100\n|-ability|p2a: Presto|Sword of Ruin\n|turn|5\n|inactive|Bahamate has 30 seconds left.\n|\n|t:|1739197964\n|-terastallize|p1b: Miraidon|Ghost\n|-terastallize|p2b: Perrine|Stellar\n|detailschange|p2b: Perrine|Terapagos-Stellar, L50, M, tera:Stellar\n|-heal|p2b: Perrine|95\/100|[silent]\n|-ability|p2b: Perrine|Teraform Zero\n|-fieldend|move: Electric Terrain\n|move|p2a: Presto|Protect|p2a: Presto\n|-singleturn|p2a: Presto|Protect\n|move|p1b: Miraidon|Volt Switch|p2b: Perrine\n|-damage|p2b: Perrine|78\/100\n|\n|t:|1739197975\n|switch|p1b: Urshifu|Urshifu-Rapid-Strike, L50, M|100\/100|[from] Volt Switch\n|move|p1a: Volcarona|Struggle Bug|p2a: Presto|[spread] p2b\n|-activate|p2a: Presto|move: Protect\n|-damage|p2b: Perrine|70\/100\n|-unboost|p2b: Perrine|spa|1\n|move|p2b: Perrine|Tera Starstorm|p1b: Urshifu|[spread] p1a,p1b\n|-crit|p1b: Urshifu\n|-damage|p1a: Volcarona|70\/100\n|-damage|p1b: Urshifu|29\/100\n|\n|upkeep\n|turn|6\n|\n|t:|1739197993\n|move|p1a: Volcarona|Rage Powder|p1a: Volcarona\n|-singleturn|p1a: Volcarona|move: Rage Powder\n|move|p2a: Presto|Sucker Punch||[still]\n|-fail|p2a: Presto\n|move|p1b: Urshifu|Close Combat|p2b: Perrine\n|-supereffective|p2b: Perrine\n|-damage|p2b: Perrine|0 fnt\n|-unboost|p1b: Urshifu|def|1\n|-unboost|p1b: Urshifu|spd|1\n|faint|p2b: Perrine\n|\n|upkeep\n|turn|7\n|-message|InfinityGroudon forfeited.\n|\n|win|Bahamate\n|raw|Bahamate's rating: 1558 &rarr; <strong>1583<\/strong><br \/>(+25 for winning)\n|raw|InfinityGroudon's rating: 1643 &rarr; <strong>1618<\/strong><br \/>(-25 for losing)\n|l|\u2606InfinityGroudon\n|player|p2|\n|l| darkbanana49\n|l|\u2606Bahamate\n|player|p1|\n","uploadtime":1739198213,"views":5,"formatid":"gen9vgc2025regg","rating":1583,"private":0,"password":null}