{"id":"gen9vgc2025regg-2297652733","format":"[Gen 9] VGC 2025 Reg G","players":["kajashi","AthenaStrive9"],"log":"|j|\u2606kajashi\n|j|\u2606AthenaStrive9\n|t:|1739140939\n|gametype|doubles\n|player|p1|kajashi|n|1586\n|player|p2|AthenaStrive9|lana-masters|1524\n|teamsize|p1|6\n|teamsize|p2|6\n|gen|9\n|tier|[Gen 9] VGC 2025 Reg G\n|rated|\n|rule|Species Clause: Limit one of each Pok\u00e9mon\n|rule|Item Clause: Limit 1 of each item\n|clearpoke\n|poke|p1|Incineroar, L50, F|\n|poke|p1|Amoonguss, L50, F|\n|poke|p1|Calyrex-Ice, L50|\n|poke|p1|Raging Bolt, L50|\n|poke|p1|Landorus, L50, M|\n|poke|p1|Urshifu-*, L50, F|\n|poke|p2|Miraidon, L50|\n|poke|p2|Iron Hands, L50|\n|poke|p2|Whimsicott, L50, F|\n|poke|p2|Farigiraf, L50, F|\n|poke|p2|Dugtrio, L50, F|\n|poke|p2|Chi-Yu, L50|\n|teampreview|4\nAthenaStrive9 has agreed to open team sheets.\n|\n|t:|1739140985\n|start\n|switch|p1a: Landorus|Landorus, L50, M|100\/100\n|switch|p1b: Amoonguss|Amoonguss, L50, F|100\/100\n|switch|p2a: Miraidon|Miraidon, L50|100\/100\n|switch|p2b: Chi-Yu|Chi-Yu, L50|100\/100\n|-ability|p2b: Chi-Yu|Beads of Ruin\n|-fieldstart|move: Electric Terrain|[from] ability: Hadron Engine|[of] p2a: Miraidon\n|turn|1\n|\n|t:|1739141004\n|-terastallize|p2a: Miraidon|Fairy\n|move|p1b: Amoonguss|Rage Powder|p1b: Amoonguss\n|-singleturn|p1b: Amoonguss|move: Rage Powder\n|move|p2b: Chi-Yu|Heat Wave|p1a: Landorus|[spread] p1a\n|-miss|p2b: Chi-Yu|p1b: Amoonguss\n|-damage|p1a: Landorus|31\/100\n|move|p1a: Landorus|Sandsear Storm|p2b: Chi-Yu|[spread] p2a,p2b\n|-supereffective|p2b: Chi-Yu\n|-damage|p2a: Miraidon|35\/100\n|-damage|p2b: Chi-Yu|0 fnt\n|faint|p2b: Chi-Yu\n|move|p2a: Miraidon|Dazzling Gleam|p1b: Amoonguss|[spread] p1a,p1b\n|-resisted|p1b: Amoonguss\n|-damage|p1a: Landorus|0 fnt\n|-damage|p1b: Amoonguss|72\/100\n|faint|p1a: Landorus\n|\n|upkeep\n|\n|t:|1739141022\n|switch|p2b: Dugtrio|Dugtrio, L50, F, shiny|100\/100\n|switch|p1a: Calyrex|Calyrex-Ice, L50|100\/100\n|-ability|p1a: Calyrex|As One\n|-ability|p1a: Calyrex|Unnerve\n|turn|2\n|j| Cyrus D\n|l| Cyrus D\n|\n|t:|1739141043\n|move|p2b: Dugtrio|Helping Hand|p2a: Miraidon\n|-singleturn|p2a: Miraidon|Helping Hand|[of] p2b: Dugtrio\n|move|p1b: Amoonguss|Rage Powder|p1b: Amoonguss\n|-singleturn|p1b: Amoonguss|move: Rage Powder\n|move|p2a: Miraidon|Dazzling Gleam|p1a: Calyrex|[spread] p1a,p1b\n|-resisted|p1b: Amoonguss\n|-damage|p1a: Calyrex|33\/100\n|-damage|p1b: Amoonguss|30\/100\n|move|p1a: Calyrex|Glacial Lance|p2b: Dugtrio|[spread] p2a,p2b\n|-supereffective|p2b: Dugtrio\n|-damage|p2a: Miraidon|0 fnt\n|-enditem|p2b: Dugtrio|Focus Sash\n|-damage|p2b: Dugtrio|2\/100\n|faint|p2a: Miraidon\n|-ability|p1a: Calyrex|Chilling Neigh|boost\n|-boost|p1a: Calyrex|atk|1\n|\n|upkeep\n|\n|t:|1739141054\n|switch|p2a: Farigiraf|Farigiraf, L50, F|100\/100\n|-enditem|p2a: Farigiraf|Electric Seed\n|-boost|p2a: Farigiraf|def|1|[from] item: Electric Seed\n|turn|3\n|\n|t:|1739141066\n|move|p2b: Dugtrio|Protect|p2b: Dugtrio\n|-singleturn|p2b: Dugtrio|Protect\n|move|p1a: Calyrex|Protect|p1a: Calyrex\n|-singleturn|p1a: Calyrex|Protect\n|move|p2a: Farigiraf|Psychic Noise|p1b: Amoonguss\n|-supereffective|p1b: Amoonguss\n|-damage|p1b: Amoonguss|0 fnt\n|faint|p1b: Amoonguss\n|\n|upkeep\n|\n|t:|1739141070\n|switch|p1b: Raging Bolt|Raging Bolt, L50|100\/100\n|turn|4\n|\n|t:|1739141087\n|-terastallize|p1b: Raging Bolt|Dark\n|move|p2b: Dugtrio|Endeavor|p1b: Raging Bolt\n|-damage|p1b: Raging Bolt|1\/100\n|move|p1b: Raging Bolt|Snarl|p2a: Farigiraf|[spread] p2a,p2b\n|-supereffective|p2a: Farigiraf\n|-damage|p2a: Farigiraf|65\/100\n|-damage|p2b: Dugtrio|0 fnt\n|-unboost|p2a: Farigiraf|spa|1\n|faint|p2b: Dugtrio\n|move|p2a: Farigiraf|Foul Play|p1a: Calyrex\n|-supereffective|p1a: Calyrex\n|-damage|p1a: Calyrex|0 fnt\n|faint|p1a: Calyrex\n|\n|upkeep\n|turn|5\n|\n|t:|1739141107\n|move|p1b: Raging Bolt|Draco Meteor|p2a: Farigiraf|[miss]\n|-miss|p1b: Raging Bolt|p2a: Farigiraf\n|move|p2a: Farigiraf|Foul Play|p1b: Raging Bolt\n|-resisted|p1b: Raging Bolt\n|-damage|p1b: Raging Bolt|0 fnt\n|faint|p1b: Raging Bolt\n|-end|p1b: Raging Bolt|Protosynthesis|[silent]\n|\n|win|AthenaStrive9\n|raw|kajashi's rating: 1586 &rarr; <strong>1562<\/strong><br \/>(-24 for losing)\n|raw|AthenaStrive9's rating: 1524 &rarr; <strong>1548<\/strong><br \/>(+24 for winning)\n|c|\u2606AthenaStrive9|gg\n|c|\u2606kajashi|gg\n|l|\u2606AthenaStrive9\n|player|p2|\n|l|\u2606kajashi\n|player|p1|\n","uploadtime":1739141115,"views":22,"formatid":"gen9vgc2025regg","rating":1548,"private":0,"password":null}