{"id":"gen9vgc2025regg-2297741074","format":"[Gen 9] VGC 2025 Reg G","players":["InfinityGroudon","stbai"],"log":"|j|\u2606InfinityGroudon\n|j|\u2606stbai\n|t:|1739153365\n|gametype|doubles\n|player|p1|InfinityGroudon|101|1707\n|player|p2|stbai|janitor|1669\n|teamsize|p1|6\n|teamsize|p2|6\n|gen|9\n|tier|[Gen 9] VGC 2025 Reg G\n|rated|\n|rule|Species Clause: Limit one of each Pok\u00e9mon\n|rule|Item Clause: Limit 1 of each item\n|clearpoke\n|poke|p1|Calyrex-Shadow, L50|\n|poke|p1|Incineroar, L50, M|\n|poke|p1|Weezing-Galar, L50, M|\n|poke|p1|Indeedee-F, L50, F|\n|poke|p1|Iron Valiant, L50|\n|poke|p1|Ursaluna-Bloodmoon, L50, M|\n|poke|p2|Tatsugiri, L50, M|\n|poke|p2|Terapagos, L50, M|\n|poke|p2|Latios, L50, M|\n|poke|p2|Entei, L50|\n|poke|p2|Dondozo, L50, F|\n|poke|p2|Gardevoir, L50, M|\n|teampreview|4\n|inactive|Battle timer is ON: inactive players will automatically lose when time's up. (requested by stbai)\n|\n|t:|1739153370\n|start\n|switch|p1a: Suthen|Indeedee-F, L50, F|100\/100\n|switch|p1b: Duncan|Calyrex-Shadow, L50|100\/100\n|switch|p2a: Entei|Entei, L50|100\/100\n|switch|p2b: Dondozo|Dondozo, L50, F|100\/100\n|-ability|p1b: Duncan|As One\n|-ability|p1b: Duncan|Unnerve\n|-fieldstart|move: Psychic Terrain|[from] ability: Psychic Surge|[of] p1a: Suthen\n|turn|1\n|\n|t:|1739153384\n|move|p1a: Suthen|Helping Hand|p1b: Duncan\n|-singleturn|p1b: Duncan|Helping Hand|[of] p1a: Suthen\n|move|p2b: Dondozo|Protect|p2b: Dondozo\n|-singleturn|p2b: Dondozo|Protect\n|move|p1b: Duncan|Expanding Force|p2a: Entei|[spread] p2a\n|-activate|p2b: Dondozo|move: Protect\n|-crit|p2a: Entei\n|-damage|p2a: Entei|0 fnt\n|faint|p2a: Entei\n|-ability|p1b: Duncan|Grim Neigh|boost\n|-boost|p1b: Duncan|spa|1\n|-damage|p1b: Duncan|91\/100|[from] item: Life Orb\n|\n|upkeep\n|\n|t:|1739153388\n|switch|p2a: Tatsugiri|Tatsugiri, L50, M|100\/100\n|-activate|p2a: Tatsugiri|ability: Commander|[of] p2b: Dondozo\n|-boost|p2b: Dondozo|atk|2\n|-boost|p2b: Dondozo|spa|2\n|-boost|p2b: Dondozo|spe|2\n|-boost|p2b: Dondozo|def|2\n|-boost|p2b: Dondozo|spd|2\n|turn|2\n|\n|t:|1739153397\n|switch|p1a: Mr. Gassy|Weezing-Galar, L50, M|100\/100\n|-ability|p1a: Mr. Gassy|Neutralizing Gas\n|-block|p2a: Tatsugiri|item: Ability Shield\n|move|p1b: Duncan|Expanding Force|p2a: Tatsugiri|[spread] p2b\n|-miss|p1b: Duncan|p2a: Tatsugiri\n|-damage|p2b: Dondozo|42\/100\n|-damage|p1b: Duncan|81\/100|[from] item: Life Orb\n|move|p2b: Dondozo|Earthquake|p1b: Duncan|[spread] p1a,p1b\n|-miss|p2b: Dondozo|p2a: Tatsugiri\n|-supereffective|p1a: Mr. Gassy\n|-damage|p1a: Mr. Gassy|24\/100\n|-damage|p1b: Duncan|33\/100\n|-enditem|p1a: Mr. Gassy|Sitrus Berry|[eat]\n|-heal|p1a: Mr. Gassy|49\/100|[from] item: Sitrus Berry\n|\n|-heal|p2b: Dondozo|48\/100|[from] item: Leftovers\n|upkeep\n|turn|3\n|\n|t:|1739153414\n|move|p2b: Dondozo|Protect|p2b: Dondozo\n|-singleturn|p2b: Dondozo|Protect\n|move|p1b: Duncan|Expanding Force|p2a: Tatsugiri|[spread] \n|-miss|p1b: Duncan|p2a: Tatsugiri\n|-activate|p2b: Dondozo|move: Protect\n|move|p1a: Mr. Gassy|Sludge Bomb|p2a: Tatsugiri|[miss]\n|-miss|p1a: Mr. Gassy|p2a: Tatsugiri\n|\n|-heal|p2b: Dondozo|54\/100|[from] item: Leftovers\n|upkeep\n|turn|4\n|\n|t:|1739153420\n|move|p1b: Duncan|Expanding Force|p2a: Tatsugiri|[spread] p2b\n|-miss|p1b: Duncan|p2a: Tatsugiri\n|-damage|p2b: Dondozo|0 fnt\n|faint|p2b: Dondozo\n|-ability|p1b: Duncan|Grim Neigh|boost\n|-boost|p1b: Duncan|spa|1\n|-damage|p1b: Duncan|23\/100|[from] item: Life Orb\n|move|p1a: Mr. Gassy|Sludge Bomb|p2a: Tatsugiri\n|-damage|p2a: Tatsugiri|70\/100\n|-status|p2a: Tatsugiri|psn\n|\n|-damage|p2a: Tatsugiri|58\/100 psn|[from] psn\n|upkeep\n|\n|t:|1739153424\n|switch|p2b: Terapagos|Terapagos, L50, M|100\/100\n|-activate|p2b: Terapagos|ability: Tera Shift\n|detailschange|p2b: Terapagos|Terapagos-Terastal, L50, M\n|-heal|p2b: Terapagos|100\/100|[silent]\n|turn|5\n|j| playrornds\n|\n|t:|1739153428\n|-terastallize|p2b: Terapagos|Stellar\n|detailschange|p2b: Terapagos|Terapagos-Stellar, L50, M, tera:Stellar\n|-heal|p2b: Terapagos|100\/100|[silent]\n|move|p2a: Tatsugiri|Protect|p2a: Tatsugiri\n|-singleturn|p2a: Tatsugiri|Protect\n|move|p1b: Duncan|Expanding Force|p2a: Tatsugiri|[spread] p2b\n|-activate|p2a: Tatsugiri|move: Protect\n|-damage|p2b: Terapagos|0 fnt\n|faint|p2b: Terapagos\n|-ability|p1b: Duncan|Grim Neigh|boost\n|-boost|p1b: Duncan|spa|1\n|-damage|p1b: Duncan|14\/100|[from] item: Life Orb\n|move|p1a: Mr. Gassy|Sludge Bomb|p2a: Tatsugiri\n|-activate|p2a: Tatsugiri|move: Protect\n|\n|-damage|p2a: Tatsugiri|45\/100 psn|[from] psn\n|-fieldend|move: Psychic Terrain\n|upkeep\n|turn|6\n|-message|stbai forfeited.\n|\n|win|InfinityGroudon\n|raw|InfinityGroudon's rating: 1707 &rarr; <strong>1725<\/strong><br \/>(+18 for winning)\n|raw|stbai's rating: 1669 &rarr; <strong>1651<\/strong><br \/>(-18 for losing)\n|l|\u2606stbai\n|player|p2|\n|l|\u2606InfinityGroudon\n|player|p1|\n|l| playrornds\n","uploadtime":1739153644,"views":5,"formatid":"gen9vgc2025regg","rating":1651,"private":0,"password":null}