{"id":"gen9vgc2025regg-2297654097","format":"[Gen 9] VGC 2025 Reg G","players":["InWINeroar","DimensionalFool"],"log":"|j|\u2606InWINeroar\n|j|\u203dDimensionalFool\n|t:|1739141109\n|gametype|doubles\n|player|p1|InWINeroar|102|1545\n|player|p2|DimensionalFool|266|1649\n|teamsize|p1|6\n|teamsize|p2|6\n|gen|9\n|tier|[Gen 9] VGC 2025 Reg G\n|rated|\n|rule|Species Clause: Limit one of each Pok\u00e9mon\n|rule|Item Clause: Limit 1 of each item\n|clearpoke\n|poke|p1|Calyrex-Shadow, L50|\n|poke|p1|Urshifu-*, L50, F|\n|poke|p1|Incineroar, L50, M|\n|poke|p1|Rillaboom, L50, F|\n|poke|p1|Ogerpon-Hearthflame, L50, F|\n|poke|p1|Clefairy, L50, M|\n|poke|p2|Grimmsnarl, L50, M|\n|poke|p2|Landorus, L50, M|\n|poke|p2|Calyrex-Ice, L50|\n|poke|p2|Pelipper, L50, M|\n|poke|p2|Urshifu-*, L50, F|\n|poke|p2|Rillaboom, L50, M|\n|teampreview|4\n|inactive|Battle timer is ON: inactive players will automatically lose when time's up. (requested by InWINeroar)\n|\n|t:|1739141146\n|start\n|switch|p1a: Calyrex|Calyrex-Shadow, L50|100\/100\n|switch|p1b: Clefairy|Clefairy, L50, M|100\/100\n|switch|p2a: Calyrex|Calyrex-Ice, L50|100\/100\n|switch|p2b: Grimmsnarl|Grimmsnarl, L50, M|100\/100\n|-ability|p1a: Calyrex|As One\n|-ability|p1a: Calyrex|Unnerve\n|-ability|p2a: Calyrex|As One\n|-ability|p2a: Calyrex|Unnerve\n|turn|1\n|\n|t:|1739141160\n|-terastallize|p1a: Calyrex|Ghost\n|-terastallize|p2a: Calyrex|Water\n|move|p1b: Clefairy|Helping Hand|p1a: Calyrex\n|-singleturn|p1a: Calyrex|Helping Hand|[of] p1b: Clefairy\n|move|p2b: Grimmsnarl|Trick|p1a: Calyrex\n|-activate|p2b: Grimmsnarl|move: Trick|[of] p1a: Calyrex\n|-item|p1a: Calyrex|Lagging Tail|[from] move: Trick\n|-item|p2b: Grimmsnarl|Focus Sash|[from] move: Trick\n|move|p1a: Calyrex|Astral Barrage|p2b: Grimmsnarl|[spread] p2a,p2b\n|-resisted|p2b: Grimmsnarl\n|-damage|p2a: Calyrex|47\/100\n|-damage|p2b: Grimmsnarl|52\/100\n|move|p2a: Calyrex|Glacial Lance|p1b: Clefairy|[spread] p1a,p1b\n|-damage|p1a: Calyrex|52\/100\n|-damage|p1b: Clefairy|48\/100\n|\n|upkeep\n|turn|2\n|\n|t:|1739141183\n|move|p1b: Clefairy|Follow Me|p1b: Clefairy\n|-singleturn|p1b: Clefairy|move: Follow Me\n|move|p2b: Grimmsnarl|Light Screen|p2b: Grimmsnarl\n|-sidestart|p2: DimensionalFool|move: Light Screen\n|move|p2a: Calyrex|Glacial Lance|p1a: Calyrex|[spread] p1a,p1b\n|-damage|p1a: Calyrex|0 fnt\n|-damage|p1b: Clefairy|0 fnt\n|faint|p1a: Calyrex\n|faint|p1b: Clefairy\n|-ability|p2a: Calyrex|Chilling Neigh|boost\n|-boost|p2a: Calyrex|atk|2\n|\n|upkeep\n|\n|t:|1739141188\n|switch|p1a: Ogerpon|Ogerpon-Hearthflame, L50, F|100\/100\n|switch|p1b: Rillaboom|Rillaboom, L50, F|100\/100\n|-ability|p1a: Ogerpon|Mold Breaker\n|-fieldstart|move: Grassy Terrain|[from] ability: Grassy Surge|[of] p1b: Rillaboom\n|turn|3\n|\n|t:|1739141200\n|move|p2b: Grimmsnarl|Thunder Wave|p1a: Ogerpon\n|-status|p1a: Ogerpon|par\n|move|p1b: Rillaboom|Wood Hammer|p2a: Calyrex\n|-supereffective|p2a: Calyrex\n|-damage|p2a: Calyrex|0 fnt\n|faint|p2a: Calyrex\n|-damage|p1b: Rillaboom|85\/100|[from] Recoil\n|move|p1a: Ogerpon|Ivy Cudgel|p2b: Grimmsnarl|[anim] Ivy Cudgel Fire\n|-damage|p2b: Grimmsnarl|0 fnt\n|faint|p2b: Grimmsnarl\n|\n|-heal|p1b: Rillaboom|91\/100|[from] Grassy Terrain\n|upkeep\n|\n|t:|1739141205\n|switch|p2a: Urshifu|Urshifu-Rapid-Strike, L50, F|100\/100\n|switch|p2b: Pelipper|Pelipper, L50, M|100\/100\n|-weather|RainDance|[from] ability: Drizzle|[of] p2b: Pelipper\n|turn|4\n|\n|t:|1739141214\n|move|p1b: Rillaboom|Grassy Glide|p2a: Urshifu\n|-supereffective|p2a: Urshifu\n|-damage|p2a: Urshifu|29\/100\n|cant|p1a: Ogerpon|par\n|move|p2a: Urshifu|U-turn|p1b: Rillaboom\n|-supereffective|p1b: Rillaboom\n|-damage|p1b: Rillaboom|38\/100\n|move|p2b: Pelipper|Hurricane|p1b: Rillaboom\n|-supereffective|p1b: Rillaboom\n|-damage|p1b: Rillaboom|0 fnt\n|faint|p1b: Rillaboom\n|\n|-weather|RainDance|[upkeep]\n|-heal|p2a: Urshifu|34\/100|[from] Grassy Terrain\n|upkeep\n|turn|5\n|\n|t:|1739141231\n|move|p1a: Ogerpon|Grassy Glide|p2b: Pelipper\n|-damage|p2b: Pelipper|49\/100\n|move|p2a: Urshifu|U-turn|p1a: Ogerpon\n|-damage|p1a: Ogerpon|69\/100 par\n|move|p2b: Pelipper|Hurricane|p1a: Ogerpon\n|-supereffective|p1a: Ogerpon\n|-damage|p1a: Ogerpon|0 fnt\n|faint|p1a: Ogerpon\n|\n|win|DimensionalFool\n|raw|InWINeroar's rating: 1545 &rarr; <strong>1531<\/strong><br \/>(-14 for losing)\n|raw|DimensionalFool's rating: 1649 &rarr; <strong>1663<\/strong><br \/>(+14 for winning)\n|l|\u2606InWINeroar\n|player|p1|\n|l|\u203dDimensionalFool\n|player|p2|\n","uploadtime":1739141449,"views":5,"formatid":"gen9vgc2025regg","rating":1531,"private":0,"password":null}