{"id":"gen9vgc2025regg-2297501722","format":"[Gen 9] VGC 2025 Reg G","players":["zrofs","KinimaP"],"log":"|j|\u2606zrofs\n|j|\u2606KinimaP\n|t:|1739123282\n|gametype|doubles\n|player|p1|zrofs|steven|1571\n|player|p2|KinimaP|1|1551\n|teamsize|p1|6\n|teamsize|p2|6\n|gen|9\n|tier|[Gen 9] VGC 2025 Reg G\n|rated|\n|rule|Species Clause: Limit one of each Pok\u00e9mon\n|rule|Item Clause: Limit 1 of each item\n|clearpoke\n|poke|p1|Terapagos, L50, M|\n|poke|p1|Sinistcha, L50|\n|poke|p1|Rillaboom, L50, M|\n|poke|p1|Incineroar, L50, F|\n|poke|p1|Annihilape, L50, M|\n|poke|p1|Maushold, L50|\n|poke|p2|Smeargle, L50, M|\n|poke|p2|Calyrex-Ice, L50|\n|poke|p2|Torkoal, L50, M|\n|poke|p2|Ogerpon-Cornerstone, L50, F|\n|poke|p2|Raging Bolt, L50|\n|poke|p2|Flutter Mane, L50|\n|teampreview|4\n|inactive|Battle timer is ON: inactive players will automatically lose when time's up. (requested by zrofs)\n|\n|t:|1739123341\n|start\n|switch|p1a: Annihilape|Annihilape, L50, M|100\/100\n|switch|p1b: Maushold|Maushold, L50|100\/100\n|switch|p2a: Smeargle|Smeargle, L50, M|100\/100\n|switch|p2b: Calyrex|Calyrex-Ice, L50|100\/100\n|-ability|p2b: Calyrex|As One\n|-ability|p2b: Calyrex|Unnerve\n|turn|1\n|\n|t:|1739123361\n|move|p2a: Smeargle|Follow Me|p2a: Smeargle\n|-singleturn|p2a: Smeargle|move: Follow Me\n|move|p1b: Maushold|Taunt|p2a: Smeargle\n|-start|p2a: Smeargle|move: Taunt\n|move|p1a: Annihilape|Bulk Up|p1a: Annihilape\n|-boost|p1a: Annihilape|atk|1\n|-boost|p1a: Annihilape|def|1\n|move|p2b: Calyrex|Glacial Lance|p1b: Maushold|[spread] p1a,p1b\n|-damage|p1a: Annihilape|74\/100\n|-damage|p1b: Maushold|24\/100\n|\n|-heal|p1a: Annihilape|80\/100|[from] item: Leftovers\n|-ability|p2a: Smeargle|Moody|boost\n|-boost|p2a: Smeargle|spe|2\n|-unboost|p2a: Smeargle|spa|1\n|upkeep\n|turn|2\n|inactive|zrofs has 30 seconds left.\n|j| Therazer456\n|inactive|zrofs has 20 seconds left.\n|\n|t:|1739123397\n|move|p2b: Calyrex|Protect|p2b: Calyrex\n|-singleturn|p2b: Calyrex|Protect\n|move|p2a: Smeargle|Salt Cure|p1a: Annihilape\n|-resisted|p1a: Annihilape\n|-damage|p1a: Annihilape|80\/100\n|-start|p1a: Annihilape|Salt Cure\n|move|p1b: Maushold|Beat Up|p1a: Annihilape\n|-damage|p1a: Annihilape|78\/100\n|-damage|p1a: Annihilape|77\/100\n|-crit|p1a: Annihilape\n|-damage|p1a: Annihilape|74\/100\n|-damage|p1a: Annihilape|73\/100\n|-hitcount|p1a: Annihilape|4\n|move|p1a: Annihilape|Rage Fist|p2b: Calyrex\n|-activate|p2b: Calyrex|move: Protect\n|\n|-heal|p1a: Annihilape|79\/100|[from] item: Leftovers\n|-damage|p1a: Annihilape|66\/100|[from] Salt Cure\n|-ability|p2a: Smeargle|Moody|boost\n|-boost|p2a: Smeargle|spd|2\n|-unboost|p2a: Smeargle|atk|1\n|upkeep\n|turn|3\n|inactive|zrofs has 30 seconds left.\n|inactive|KinimaP has 30 seconds left.\n|\n|t:|1739123430\n|switch|p2b: Ogerpon|Ogerpon-Cornerstone, L50, F|100\/100\n|move|p1b: Maushold|Follow Me|p1b: Maushold\n|-singleturn|p1b: Maushold|move: Follow Me\n|move|p2a: Smeargle|Salt Cure|p1b: Maushold\n|-damage|p1b: Maushold|20\/100\n|-start|p1b: Maushold|Salt Cure\n|move|p1a: Annihilape|Rage Fist|p2b: Ogerpon\n|-ability|p2b: Ogerpon|Sturdy\n|-damage|p2b: Ogerpon|1\/100\n|\n|-heal|p1a: Annihilape|72\/100|[from] item: Leftovers\n|-damage|p1b: Maushold|8\/100|[from] Salt Cure\n|-damage|p1a: Annihilape|60\/100|[from] Salt Cure\n|-ability|p2a: Smeargle|Moody|boost\n|-boost|p2a: Smeargle|spa|2\n|-unboost|p2a: Smeargle|def|1\n|upkeep\n|turn|4\n|\n|t:|1739123453\n|move|p2b: Ogerpon|Spiky Shield|p2b: Ogerpon\n|-singleturn|p2b: Ogerpon|move: Protect\n|move|p2a: Smeargle|Salt Cure|p1a: Annihilape\n|-resisted|p1a: Annihilape\n|-damage|p1a: Annihilape|59\/100\n|move|p1b: Maushold|Beat Up|p2b: Ogerpon\n|-activate|p2b: Ogerpon|move: Protect\n|move|p1a: Annihilape|Drain Punch|p2a: Smeargle\n|-supereffective|p2a: Smeargle\n|-enditem|p2a: Smeargle|Focus Sash\n|-damage|p2a: Smeargle|1\/100\n|-heal|p1a: Annihilape|99\/100|[from] drain|[of] p2a: Smeargle\n|\n|-heal|p1a: Annihilape|100\/100|[from] item: Leftovers\n|-damage|p1b: Maushold|0 fnt|[from] Salt Cure\n|faint|p1b: Maushold\n|-damage|p1a: Annihilape|88\/100|[from] Salt Cure\n|-end|p2a: Smeargle|move: Taunt\n|-ability|p2a: Smeargle|Moody|boost\n|-boost|p2a: Smeargle|spe|2\n|-unboost|p2a: Smeargle|spd|1\n|upkeep\n|\n|t:|1739123476\n|switch|p1b: Incineroar|Incineroar, L50, F|100\/100\n|-ability|p1b: Incineroar|Intimidate|boost\n|-unboost|p2a: Smeargle|atk|1\n|-unboost|p2b: Ogerpon|atk|1\n|turn|5\n|\n|t:|1739123489\n|move|p1b: Incineroar|Fake Out|p2a: Smeargle\n|-damage|p2a: Smeargle|0 fnt\n|faint|p2a: Smeargle\n|move|p2b: Ogerpon|Ivy Cudgel|p1b: Incineroar|[anim] Ivy Cudgel Rock\n|-supereffective|p1b: Incineroar\n|-damage|p1b: Incineroar|30\/100\n|move|p1a: Annihilape|Drain Punch|p2b: Ogerpon\n|-supereffective|p2b: Ogerpon\n|-damage|p2b: Ogerpon|0 fnt\n|-heal|p1a: Annihilape|88\/100|[from] drain|[of] p2b: Ogerpon\n|faint|p2b: Ogerpon\n|\n|-heal|p1a: Annihilape|94\/100|[from] item: Leftovers\n|-damage|p1a: Annihilape|82\/100|[from] Salt Cure\n|upkeep\n|\n|t:|1739123498\n|switch|p2b: Calyrex|Calyrex-Ice, L50|100\/100\n|switch|p2a: Flutter Mane|Flutter Mane, L50|100\/100\n|-ability|p2b: Calyrex|As One\n|-ability|p2b: Calyrex|Unnerve\n|turn|6\n|\n|t:|1739123517\n|-terastallize|p2a: Flutter Mane|Fairy\n|-terastallize|p1a: Annihilape|Normal\n|move|p2a: Flutter Mane|Dazzling Gleam|p1b: Incineroar|[spread] p1a,p1b\n|-damage|p1a: Annihilape|43\/100\n|-damage|p1b: Incineroar|0 fnt\n|faint|p1b: Incineroar\n|-damage|p2a: Flutter Mane|91\/100|[from] item: Life Orb\n|move|p1a: Annihilape|Rage Fist|p2b: Calyrex\n|-supereffective|p2b: Calyrex\n|-damage|p2b: Calyrex|0 fnt\n|faint|p2b: Calyrex\n|\n|-heal|p1a: Annihilape|49\/100|[from] item: Leftovers\n|-damage|p1a: Annihilape|36\/100|[from] Salt Cure\n|upkeep\n|\n|t:|1739123530\n|switch|p1b: Terapagos|Terapagos, L50, M|100\/100\n|-activate|p1b: Terapagos|ability: Tera Shift\n|detailschange|p1b: Terapagos|Terapagos-Terastal, L50, M\n|-heal|p1b: Terapagos|100\/100|[silent]\n|turn|7\n|\n|t:|1739123546\n|move|p2a: Flutter Mane|Dazzling Gleam|p1b: Terapagos|[spread] p1a,p1b\n|-activate|p1b: Terapagos|ability: Tera Shell\n|-resisted|p1b: Terapagos\n|-damage|p1a: Annihilape|0 fnt\n|-damage|p1b: Terapagos|77\/100\n|faint|p1a: Annihilape\n|-damage|p2a: Flutter Mane|81\/100|[from] item: Life Orb\n|move|p1b: Terapagos|Tera Starstorm|p2a: Flutter Mane\n|-damage|p2a: Flutter Mane|13\/100\n|\n|upkeep\n|turn|8\n|\n|t:|1739123571\n|move|p2a: Flutter Mane|Moonblast|p1b: Terapagos\n|-damage|p1b: Terapagos|4\/100\n|-damage|p2a: Flutter Mane|3\/100|[from] item: Life Orb\n|move|p1b: Terapagos|Tera Starstorm|p2a: Flutter Mane\n|-damage|p2a: Flutter Mane|0 fnt\n|faint|p2a: Flutter Mane\n|-end|p2a: Flutter Mane|Protosynthesis|[silent]\n|\n|win|zrofs\n|raw|zrofs's rating: 1571 &rarr; <strong>1590<\/strong><br \/>(+19 for winning)\n|raw|KinimaP's rating: 1551 &rarr; <strong>1532<\/strong><br \/>(-19 for losing)\n|l|\u2606zrofs\n|player|p1|\n|l|\u2606KinimaP\n|player|p2|\n|j|\u2606KinimaP\n|player|p2|KinimaP|1|\n|l|\u2606KinimaP\n|player|p2|\n","uploadtime":1739123591,"views":8,"formatid":"gen9vgc2025regg","rating":1532,"private":0,"password":null}