{"id":"gen9vgc2025regg-2297326987","format":"[Gen 9] VGC 2025 Reg G","players":["anotherworldVGC","Hoshinaaa"],"log":"|j|\u2606anotherworldVGC\n|j|\u2606Hoshinaaa\n|t:|1739096059\n|gametype|doubles\n|player|p1|anotherworldVGC|102|1554\n|player|p2|Hoshinaaa|rosa|1547\n|teamsize|p1|4\n|teamsize|p2|6\n|gen|9\n|tier|[Gen 9] VGC 2025 Reg G\n|rated|\n|rule|Species Clause: Limit one of each Pok\u00e9mon\n|rule|Item Clause: Limit 1 of each item\n|clearpoke\n|poke|p1|Calyrex-Shadow, L50|\n|poke|p1|Cobalion, L50|\n|poke|p1|Urshifu-*, L50, F|\n|poke|p1|Rillaboom, L50, F|\n|poke|p2|Groudon, L50|\n|poke|p2|Flutter Mane, L50|\n|poke|p2|Amoonguss, L50, F|\n|poke|p2|Incineroar, L50, M|\n|poke|p2|Indeedee, L50, M|\n|poke|p2|Raging Bolt, L50|\n|teampreview|4\n|inactive|Battle timer is ON: inactive players will automatically lose when time's up. (requested by Hoshinaaa)\n|inactive|Hoshinaaa has 60 seconds left.\n|\n|t:|1739096090\n|start\n|switch|p1a: Rillaboom|Rillaboom, L50, F, shiny|100\/100\n|switch|p1b: Cobalion|Cobalion, L50, shiny|100\/100\n|switch|p2a: Groudon|Groudon, L50|100\/100\n|switch|p2b: Flutter Mane|Flutter Mane, L50|100\/100\n|-fieldstart|move: Grassy Terrain|[from] ability: Grassy Surge|[of] p1a: Rillaboom\n|-enditem|p1b: Cobalion|Grassy Seed\n|-boost|p1b: Cobalion|def|1|[from] item: Grassy Seed\n|-weather|SunnyDay|[from] ability: Drought|[of] p2a: Groudon\n|-activate|p2b: Flutter Mane|ability: Protosynthesis\n|-start|p2b: Flutter Mane|protosynthesisspe\n|turn|1\n|inactive|anotherworldVGC has 30 seconds left.\n|inactive|Hoshinaaa has 30 seconds left.\n|\n|t:|1739096120\n|-end|p2b: Flutter Mane|Protosynthesis|[silent]\n|switch|p2b: Indeedee|Indeedee, L50, M|100\/100\n|-fieldstart|move: Psychic Terrain|[from] ability: Psychic Surge|[of] p2b: Indeedee\n|move|p1b: Cobalion|Protect|p1b: Cobalion\n|-singleturn|p1b: Cobalion|Protect\n|move|p1a: Rillaboom|Wood Hammer|p2b: Indeedee\n|-crit|p2b: Indeedee\n|-enditem|p2b: Indeedee|Focus Sash\n|-damage|p2b: Indeedee|1\/100\n|-damage|p1a: Rillaboom|78\/100|[from] Recoil\n|move|p2a: Groudon|Heat Crash|p1a: Rillaboom\n|-supereffective|p1a: Rillaboom\n|-damage|p1a: Rillaboom|0 fnt\n|faint|p1a: Rillaboom\n|\n|-weather|SunnyDay|[upkeep]\n|upkeep\n|inactive|anotherworldVGC has 30 seconds left.\n|inactive|anotherworldVGC has 20 seconds left.\n|inactive|anotherworldVGC has 15 seconds left.\n|\n|t:|1739096160\n|switch|p1a: Urshifu|Urshifu-Rapid-Strike, L50, F|100\/100\n|turn|2\n|j| wattovgc\n|\n|t:|1739096174\n|move|p1a: Urshifu|Iron Head|p2b: Indeedee\n|-damage|p2b: Indeedee|0 fnt\n|faint|p2b: Indeedee\n|move|p1b: Cobalion|Body Press|p2a: Groudon\n|-damage|p2a: Groudon|60\/100\n|move|p2a: Groudon|Precipice Blades|p1b: Cobalion|[spread] p1a,p1b\n|-supereffective|p1b: Cobalion\n|-damage|p1a: Urshifu|44\/100\n|-damage|p1b: Cobalion|58\/100\n|\n|-weather|SunnyDay|[upkeep]\n|upkeep\n|\n|t:|1739096186\n|switch|p2b: Flutter Mane|Flutter Mane, L50|100\/100\n|-activate|p2b: Flutter Mane|ability: Protosynthesis\n|-start|p2b: Flutter Mane|protosynthesisspe\n|turn|3\n|\n|t:|1739096196\n|move|p1b: Cobalion|Protect|p1b: Cobalion\n|-singleturn|p1b: Cobalion|Protect\n|move|p2b: Flutter Mane|Dazzling Gleam|p1b: Cobalion|[spread] p1a\n|-activate|p1b: Cobalion|move: Protect\n|-supereffective|p1a: Urshifu\n|-damage|p1a: Urshifu|0 fnt\n|faint|p1a: Urshifu\n|move|p2a: Groudon|Precipice Blades|p1b: Cobalion\n|-activate|p1b: Cobalion|move: Protect\n|\n|-weather|SunnyDay|[upkeep]\n|upkeep\n|\n|t:|1739096202\n|switch|p1a: Calyrex|Calyrex-Shadow, L50|100\/100\n|-ability|p1a: Calyrex|As One\n|-ability|p1a: Calyrex|Unnerve\n|turn|4\n|\n|t:|1739096217\n|-terastallize|p2b: Flutter Mane|Fairy\n|-terastallize|p1a: Calyrex|Ghost\n|move|p2b: Flutter Mane|Dazzling Gleam|p1b: Cobalion|[spread] p1a,p1b\n|-damage|p1a: Calyrex|40\/100\n|-damage|p1b: Cobalion|0 fnt\n|faint|p1b: Cobalion\n|move|p1a: Calyrex|Astral Barrage|p2b: Flutter Mane|[spread] p2a,p2b\n|-damage|p2a: Groudon|14\/100\n|-damage|p2b: Flutter Mane|31\/100\n|move|p2a: Groudon|Precipice Blades|p1a: Calyrex|[miss]\n|-miss|p2a: Groudon|p1a: Calyrex\n|\n|-weather|SunnyDay|[upkeep]\n|upkeep\n|turn|5\n|\n|t:|1739096234\n|switch|p2a: Incineroar|Incineroar, L50, M|100\/100\n|-ability|p2a: Incineroar|Intimidate|boost\n|-unboost|p1a: Calyrex|atk|1\n|move|p1a: Calyrex|Protect|p1a: Calyrex\n|-singleturn|p1a: Calyrex|Protect\n|move|p2b: Flutter Mane|Dazzling Gleam|p1a: Calyrex\n|-activate|p1a: Calyrex|move: Protect\n|\n|-weather|none\n|-end|p2b: Flutter Mane|Protosynthesis\n|-fieldend|move: Psychic Terrain\n|upkeep\n|turn|6\n|\n|t:|1739096246\n|switch|p2a: Groudon|Groudon, L50|14\/100\n|-weather|SunnyDay|[from] ability: Drought|[of] p2a: Groudon\n|-activate|p2b: Flutter Mane|ability: Protosynthesis\n|-start|p2b: Flutter Mane|protosynthesisspe\n|move|p2b: Flutter Mane|Dazzling Gleam|p1a: Calyrex\n|-damage|p1a: Calyrex|0 fnt\n|faint|p1a: Calyrex\n|\n|win|Hoshinaaa\n|raw|anotherworldVGC's rating: 1554 &rarr; <strong>1534<\/strong><br \/>(-20 for losing)\n|raw|Hoshinaaa's rating: 1547 &rarr; <strong>1567<\/strong><br \/>(+20 for winning)\n|l|\u2606anotherworldVGC\n|player|p1|\n|l| wattovgc\n|l|\u2606Hoshinaaa\n|player|p2|\n","uploadtime":1739096382,"views":12,"formatid":"gen9vgc2025regg","rating":1534,"private":0,"password":null}