{"id":"gen9vgc2025regg-2297932897","format":"[Gen 9] VGC 2025 Reg G","players":["Tester_SF04","sibylla_system"],"log":"|j|\u2606Tester_SF04\n|j|\u2606sibylla_system\n|t:|1739188807\n|gametype|doubles\n|player|p1|Tester_SF04|hiker-gen4|1557\n|player|p2|sibylla_system|169|1670\n|teamsize|p1|6\n|teamsize|p2|6\n|gen|9\n|tier|[Gen 9] VGC 2025 Reg G\n|rated|\n|rule|Species Clause: Limit one of each Pok\u00e9mon\n|rule|Item Clause: Limit 1 of each item\n|clearpoke\n|poke|p1|Lugia, L50|\n|poke|p1|Muk-Alola, L50, M|\n|poke|p1|Smeargle, L50, M|\n|poke|p1|Flamigo, L50, M|\n|poke|p1|Cresselia, L50, F|\n|poke|p1|Sinistcha-Masterpiece, L50|\n|poke|p2|Calyrex-Ice, L50|\n|poke|p2|Urshifu-*, L50, F|\n|poke|p2|Amoonguss, L50, M|\n|poke|p2|Raging Bolt, L50|\n|poke|p2|Incineroar, L50, F|\n|poke|p2|Landorus, L50, M|\n|teampreview|4\nsibylla_system rejected open team sheets.\n|\n|t:|1739188860\n|start\n|switch|p1a: Smeargle|Smeargle, L50, M|100\/100\n|switch|p1b: Muk|Muk-Alola, L50, M|100\/100\n|switch|p2a: Amoonguss|Amoonguss, L50, M|100\/100\n|switch|p2b: Urshifu|Urshifu-Rapid-Strike, L50, F|100\/100\n|turn|1\n|\n|t:|1739188886\n|-terastallize|p2b: Urshifu|Grass\n|move|p2b: Urshifu|Taunt|p1b: Muk\n|-start|p1b: Muk|move: Taunt\n|move|p1a: Smeargle|Spore|p2b: Urshifu\n|-immune|p2b: Urshifu\n|cant|p1b: Muk|move: Taunt|Substitute\n|move|p2a: Amoonguss|Spore|p1b: Muk\n|-status|p1b: Muk|slp|[from] move: Spore\n|\n|-ability|p1a: Smeargle|Moody|boost\n|-boost|p1a: Smeargle|def|2\n|-unboost|p1a: Smeargle|atk|1\n|upkeep\n|turn|2\n|\n|t:|1739188916\n|move|p2b: Urshifu|Protect|p2b: Urshifu\n|-singleturn|p2b: Urshifu|Protect\n|move|p1a: Smeargle|Salt Cure|p2b: Urshifu\n|-activate|p2b: Urshifu|move: Protect\n|cant|p1b: Muk|slp\n|move|p2a: Amoonguss|Spore|p1a: Smeargle\n|-status|p1a: Smeargle|slp|[from] move: Spore\n|\n|-ability|p1a: Smeargle|Moody|boost\n|-boost|p1a: Smeargle|spa|2\n|-unboost|p1a: Smeargle|spd|1\n|upkeep\n|turn|3\n|\n|t:|1739188951\n|-terastallize|p1b: Muk|Water\n|move|p2b: Urshifu|Surging Strikes|p1b: Muk\n|-resisted|p1b: Muk\n|-crit|p1b: Muk\n|-damage|p1b: Muk|88\/100 slp\n|-resisted|p1b: Muk\n|-crit|p1b: Muk\n|-damage|p1b: Muk|75\/100 slp\n|-resisted|p1b: Muk\n|-crit|p1b: Muk\n|-damage|p1b: Muk|65\/100 slp\n|-hitcount|p1b: Muk|3\n|cant|p1a: Smeargle|slp\n|-curestatus|p1b: Muk|slp|[msg]\n|move|p1b: Muk|Knock Off|p2b: Urshifu\n|-damage|p2b: Urshifu|68\/100\n|-enditem|p2b: Urshifu|Mystic Water|[from] move: Knock Off|[of] p1b: Muk\n|move|p2a: Amoonguss|Clear Smog|p1a: Smeargle\n|-damage|p1a: Smeargle|54\/100 slp\n|-clearboost|p1a: Smeargle\n|\n|-heal|p1b: Muk|71\/100|[from] item: Leftovers\n|-end|p1b: Muk|move: Taunt\n|-ability|p1a: Smeargle|Moody|boost\n|-boost|p1a: Smeargle|spa|2\n|-unboost|p1a: Smeargle|def|1\n|upkeep\n|turn|4\n|\n|t:|1739188988\n|cant|p1a: Smeargle|slp\n|move|p2b: Urshifu|Taunt|p1b: Muk\n|-start|p1b: Muk|move: Taunt\n|cant|p1b: Muk|move: Taunt|Minimize\n|move|p2a: Amoonguss|Spore|p1b: Muk\n|-status|p1b: Muk|slp|[from] move: Spore\n|\n|-heal|p1b: Muk|77\/100 slp|[from] item: Leftovers\n|-ability|p1a: Smeargle|Moody|boost\n|-boost|p1a: Smeargle|spd|2\n|-unboost|p1a: Smeargle|def|1\n|upkeep\n|turn|5\n|-message|Tester_SF04 forfeited.\n|\n|win|sibylla_system\n|raw|Tester_SF04's rating: 1557 &rarr; <strong>1543<\/strong><br \/>(-14 for losing)\n|raw|sibylla_system's rating: 1670 &rarr; <strong>1684<\/strong><br \/>(+14 for winning)\n|l|\u2606Tester_SF04\n|player|p1|\n","uploadtime":1739189204,"views":10,"formatid":"gen9vgc2025regg","rating":1543,"private":0,"password":null}