{"id":"gen9vgc2025regg-2297074977","format":"[Gen 9] VGC 2025 Reg G","players":["kapu reki","Forbranna"],"log":"|j|\u2606kapu reki\n|j|\u2606Forbranna\n|t:|1739055023\n|gametype|doubles\n|player|p1|kapu reki|supernerd|1531\n|player|p2|Forbranna|clair|1604\n|teamsize|p1|6\n|teamsize|p2|6\n|gen|9\n|tier|[Gen 9] VGC 2025 Reg G\n|rated|\n|rule|Species Clause: Limit one of each Pok\u00e9mon\n|rule|Item Clause: Limit 1 of each item\n|clearpoke\n|poke|p1|Calyrex-Ice, L50|\n|poke|p1|Primarina, L50, F|\n|poke|p1|Indeedee-F, L50, F|\n|poke|p1|Incineroar, L50, F|\n|poke|p1|Ursaluna-Bloodmoon, L50, M|\n|poke|p1|Ogerpon, L50, F|\n|poke|p2|Grimmsnarl, L50, M|\n|poke|p2|Chi-Yu, L50|\n|poke|p2|Koraidon, L50|\n|poke|p2|Flutter Mane, L50|\n|poke|p2|Raging Bolt, L50|\n|poke|p2|Ogerpon-Cornerstone, L50, F|\n|teampreview|4\n|inactive|Battle timer is ON: inactive players will automatically lose when time's up. (requested by Forbranna)\n|inactive|kapu reki has 60 seconds left.\n|inactive|Forbranna has 60 seconds left.\n|\n|t:|1739055060\n|start\n|switch|p1a: Ogerpon|Ogerpon, L50, F|100\/100\n|switch|p1b: Incineroar|Incineroar, L50, F|100\/100\n|switch|p2a: Zheng He|Chi-Yu, L50|100\/100\n|switch|p2b: Moctezuma|Koraidon, L50|100\/100\n|-weather|SunnyDay|[from] ability: Orichalcum Pulse|[of] p2b: Moctezuma\n|-activate|p2b: Moctezuma|Orichalcum Pulse|[source]\n|-ability|p2a: Zheng He|Beads of Ruin\n|-ability|p1b: Incineroar|Intimidate|boost\n|-unboost|p2a: Zheng He|atk|1\n|-fail|p2b: Moctezuma|unboost|[from] item: Clear Amulet|[of] p2b: Moctezuma\n|turn|1\n|\n|t:|1739055084\n|-terastallize|p1a: Ogerpon|Grass\n|detailschange|p1a: Ogerpon|Ogerpon-Teal-Tera, L50, F, tera:Grass\n|-ability|p1a: Ogerpon|Embody Aspect (Teal)|boost\n|-boost|p1a: Ogerpon|spe|1\n|move|p1b: Incineroar|Fake Out|p2b: Moctezuma\n|-damage|p2b: Moctezuma|88\/100\n|move|p1a: Ogerpon|Superpower|p2a: Zheng He\n|-supereffective|p2a: Zheng He\n|-damage|p2a: Zheng He|0 fnt\n|-unboost|p1a: Ogerpon|atk|1\n|-unboost|p1a: Ogerpon|def|1\n|faint|p2a: Zheng He\n|-damage|p1a: Ogerpon|91\/100|[from] item: Life Orb\n|cant|p2b: Moctezuma|flinch\n|\n|-weather|SunnyDay|[upkeep]\n|upkeep\n|\n|t:|1739055102\n|switch|p2a: Einstein|Grimmsnarl, L50, M, shiny|100\/100\n|turn|2\n|\n|t:|1739055112\n|switch|p1b: Indeedee|Indeedee-F, L50, F|100\/100\n|-fieldstart|move: Psychic Terrain|[from] ability: Psychic Surge|[of] p1b: Indeedee\n|move|p2b: Moctezuma|Protect|p2b: Moctezuma\n|-singleturn|p2b: Moctezuma|Protect\n|move|p2a: Einstein|Reflect|p2a: Einstein\n|-sidestart|p2: Forbranna|Reflect\n|move|p1a: Ogerpon|Play Rough|p2b: Moctezuma\n|-activate|p2b: Moctezuma|move: Protect\n|\n|-weather|SunnyDay|[upkeep]\n|upkeep\n|turn|3\n|\n|t:|1739055135\n|-terastallize|p2b: Moctezuma|Fire\n|move|p1a: Ogerpon|Play Rough|p2a: Einstein\n|-supereffective|p2a: Einstein\n|-damage|p2a: Einstein|67\/100\n|-damage|p1a: Ogerpon|81\/100|[from] item: Life Orb\n|move|p2b: Moctezuma|Flare Blitz|p1a: Ogerpon\n|-supereffective|p1a: Ogerpon\n|-damage|p1a: Ogerpon|0 fnt\n|faint|p1a: Ogerpon\n|-damage|p2b: Moctezuma|66\/100|[from] Recoil\n|move|p2a: Einstein|Spirit Break|p1b: Indeedee\n|-damage|p1b: Indeedee|66\/100\n|-unboost|p1b: Indeedee|spa|1\n|move|p1b: Indeedee|Trick Room|p1b: Indeedee\n|-fieldstart|move: Trick Room|[of] p1b: Indeedee\n|\n|-weather|SunnyDay|[upkeep]\n|upkeep\n|inactive|kapu reki has 30 seconds left.\n|inactive|kapu reki has 20 seconds left.\n|\n|t:|1739055173\n|switch|p1a: Incineroar|Incineroar, L50, F|100\/100\n|-ability|p1a: Incineroar|Intimidate|boost\n|-unboost|p2a: Einstein|atk|1\n|-fail|p2b: Moctezuma|unboost|[from] item: Clear Amulet|[of] p2b: Moctezuma\n|turn|4\n|\n|t:|1739055189\n|move|p2b: Moctezuma|Protect|p2b: Moctezuma\n|-singleturn|p2b: Moctezuma|Protect\n|move|p2a: Einstein|Light Screen|p2a: Einstein\n|-sidestart|p2: Forbranna|move: Light Screen\n|move|p1a: Incineroar|Flare Blitz|p2a: Einstein\n|-damage|p2a: Einstein|4\/100\n|-damage|p1a: Incineroar|80\/100|[from] Recoil\n|move|p1b: Indeedee|Hyper Voice|p2b: Moctezuma|[spread] p2a\n|-activate|p2b: Moctezuma|move: Protect\n|-damage|p2a: Einstein|0 fnt\n|faint|p2a: Einstein\n|\n|-weather|SunnyDay|[upkeep]\n|upkeep\n|\n|t:|1739055203\n|switch|p2a: Joan of Arc|Ogerpon-Cornerstone, L50, F|100\/100\n|turn|5\n|\n|t:|1739055217\n|move|p2a: Joan of Arc|Spiky Shield|p2a: Joan of Arc\n|-singleturn|p2a: Joan of Arc|move: Protect\n|move|p1a: Incineroar|Knock Off|p2b: Moctezuma\n|-crit|p2b: Moctezuma\n|-damage|p2b: Moctezuma|0 fnt\n|-enditem|p2b: Moctezuma|Clear Amulet|[from] move: Knock Off|[of] p1a: Incineroar\n|faint|p2b: Moctezuma\n|move|p1b: Indeedee|Hyper Voice|p2a: Joan of Arc\n|-activate|p2a: Joan of Arc|move: Protect\n|\n|-weather|none\n|upkeep\n|turn|6\n|-message|Forbranna forfeited.\n|\n|win|kapu reki\n|raw|kapu reki's rating: 1531 &rarr; <strong>1555<\/strong><br \/>(+24 for winning)\n|raw|Forbranna's rating: 1604 &rarr; <strong>1580<\/strong><br \/>(-24 for losing)\n|l|\u2606Forbranna\n|player|p2|\n|l|\u2606kapu reki\n|player|p1|\n","uploadtime":1739055478,"views":16,"formatid":"gen9vgc2025regg","rating":1555,"private":0,"password":null}