{"id":"gen9vgc2025regg-2297052439","format":"[Gen 9] VGC 2025 Reg G","players":["head0fthetable","juanessamal"],"log":"|j|\u2606head0fthetable\n|j|\u2606juanessamal\n|t:|1739052205\n|gametype|doubles\n|player|p1|head0fthetable|leon-masters|1567\n|player|p2|juanessamal|266|1563\n|teamsize|p1|6\n|teamsize|p2|6\n|gen|9\n|tier|[Gen 9] VGC 2025 Reg G\n|rated|\n|rule|Species Clause: Limit one of each Pok\u00e9mon\n|rule|Item Clause: Limit 1 of each item\n|clearpoke\n|poke|p1|Zamazenta-*, L50|\n|poke|p1|Roaring Moon, L50|\n|poke|p1|Flutter Mane, L50|\n|poke|p1|Cresselia, L50, F|\n|poke|p1|Ursaluna, L50, F|\n|poke|p1|Volcarona, L50, F|\n|poke|p2|Urshifu-*, L50, F|\n|poke|p2|Kyogre, L50|\n|poke|p2|Tornadus, L50, M|\n|poke|p2|Ursaluna-Bloodmoon, L50, M|\n|poke|p2|Rillaboom, L50, F|\n|poke|p2|Comfey, L50, F|\n|teampreview|4\n|inactive|Battle timer is ON: inactive players will automatically lose when time's up. (requested by head0fthetable)\n|inactiveoff|Battle timer is now OFF.\n|j| mr pogostick\n|j| Mukmogs\n|l| Mukmogs\n|\n|t:|1739052269\n|start\n|switch|p1a: Roaring Moon|Roaring Moon, L50|100\/100\n|switch|p1b: Flutter Mane|Flutter Mane, L50|100\/100\n|switch|p2a: Kyogre|Kyogre, L50|100\/100\n|switch|p2b: Comfey|Comfey, L50, F|100\/100\n|-weather|RainDance|[from] ability: Drizzle|[of] p2a: Kyogre\n|-enditem|p1a: Roaring Moon|Booster Energy\n|-activate|p1a: Roaring Moon|ability: Protosynthesis|[fromitem]\n|-start|p1a: Roaring Moon|protosynthesisspe\n|turn|1\n|\n|t:|1739052289\n|-terastallize|p1b: Flutter Mane|Fairy\n|move|p1a: Roaring Moon|Acrobatics|p2b: Comfey\n|-damage|p2b: Comfey|51\/100\n|move|p1b: Flutter Mane|Dazzling Gleam|p2b: Comfey|[spread] p2a,p2b\n|-damage|p2a: Kyogre|68\/100\n|-damage|p2b: Comfey|3\/100\n|move|p2a: Kyogre|Origin Pulse|p1a: Roaring Moon|[spread] p1a,p1b\n|-resisted|p1a: Roaring Moon\n|-damage|p1a: Roaring Moon|63\/100\n|-damage|p1b: Flutter Mane|27\/100\n|move|p2b: Comfey|Trick Room|p2b: Comfey\n|-fieldstart|move: Trick Room|[of] p2b: Comfey\n|\n|-weather|RainDance|[upkeep]\n|upkeep\n|turn|2\n|\n|t:|1739052317\n|move|p1a: Roaring Moon|Protect|p1a: Roaring Moon\n|-singleturn|p1a: Roaring Moon|Protect\n|move|p2b: Comfey|Giga Drain|p2a: Kyogre\n|-supereffective|p2a: Kyogre\n|-damage|p2a: Kyogre|50\/100\n|-heal|p2b: Comfey|14\/100|[from] drain|[of] p2a: Kyogre\n|-enditem|p2a: Kyogre|Weakness Policy\n|-boost|p2a: Kyogre|atk|2|[from] item: Weakness Policy\n|-boost|p2a: Kyogre|spa|2|[from] item: Weakness Policy\n|move|p2a: Kyogre|Origin Pulse|p1b: Flutter Mane|[spread] p1b\n|-activate|p1a: Roaring Moon|move: Protect\n|-damage|p1b: Flutter Mane|0 fnt\n|faint|p1b: Flutter Mane\n|-end|p1b: Flutter Mane|Protosynthesis|[silent]\n|\n|-weather|RainDance|[upkeep]\n|upkeep\n|\n|t:|1739052339\n|switch|p1b: Zamazenta|Zamazenta-Crowned, L50|100\/100\n|-ability|p1b: Zamazenta|Dauntless Shield|boost\n|-boost|p1b: Zamazenta|def|1\n|turn|3\n|\n|t:|1739052371\n|move|p1a: Roaring Moon|Protect||[still]\n|-fail|p1a: Roaring Moon\n|move|p2b: Comfey|Floral Healing|p2a: Kyogre\n|-heal|p2a: Kyogre|100\/100\n|move|p2a: Kyogre|Ice Beam|p1a: Roaring Moon\n|-supereffective|p1a: Roaring Moon\n|-damage|p1a: Roaring Moon|0 fnt\n|faint|p1a: Roaring Moon\n|-end|p1a: Roaring Moon|Protosynthesis|[silent]\n|move|p1b: Zamazenta|Body Press|p2a: Kyogre\n|-damage|p2a: Kyogre|32\/100\n|\n|-weather|RainDance|[upkeep]\n|upkeep\n|\n|t:|1739052383\n|switch|p1a: Volcarona|Volcarona, L50, F|100\/100\n|turn|4\n|\n|t:|1739052424\n|move|p2b: Comfey|Floral Healing|p2a: Kyogre\n|-heal|p2a: Kyogre|82\/100\n|move|p2a: Kyogre|Ice Beam|p1b: Zamazenta\n|-resisted|p1b: Zamazenta\n|-damage|p1b: Zamazenta|76\/100\n|move|p1a: Volcarona|Giga Drain|p2a: Kyogre\n|-supereffective|p2a: Kyogre\n|-damage|p2a: Kyogre|46\/100\n|move|p1b: Zamazenta|Body Press|p2a: Kyogre\n|-damage|p2a: Kyogre|0 fnt\n|faint|p2a: Kyogre\n|\n|-weather|RainDance|[upkeep]\n|upkeep\n|\n|t:|1739052441\n|switch|p2a: Urshifu|Urshifu-Rapid-Strike, L50, F|100\/100\n|turn|5\n|c|\u2606head0fthetable|why didn't you origin pulse?\n|\n|t:|1739052448\n|-terastallize|p2a: Urshifu|Water\n|move|p2b: Comfey|Draining Kiss|p1b: Zamazenta\n|-damage|p1b: Zamazenta|66\/100\n|-heal|p2b: Comfey|23\/100|[from] drain|[of] p1b: Zamazenta\n|move|p2a: Urshifu|Surging Strikes|p1b: Zamazenta\n|-crit|p1b: Zamazenta\n|-damage|p1b: Zamazenta|38\/100\n|-crit|p1b: Zamazenta\n|-damage|p1b: Zamazenta|12\/100\n|-crit|p1b: Zamazenta\n|-damage|p1b: Zamazenta|0 fnt\n|faint|p1b: Zamazenta\n|-hitcount|p1: Zamazenta|3\n|move|p1a: Volcarona|Giga Drain|p2a: Urshifu\n|-supereffective|p2a: Urshifu\n|-damage|p2a: Urshifu|34\/100\n|\n|-weather|none\n|-fieldend|move: Trick Room\n|upkeep\n|turn|6\n|\n|t:|1739052472\n|move|p2b: Comfey|Floral Healing|p2a: Urshifu\n|-heal|p2a: Urshifu|84\/100\n|move|p1a: Volcarona|Giga Drain|p2b: Comfey\n|-damage|p2b: Comfey|0 fnt\n|faint|p2b: Comfey\n|move|p2a: Urshifu|Surging Strikes|p1a: Volcarona\n|-supereffective|p1a: Volcarona\n|-crit|p1a: Volcarona\n|-damage|p1a: Volcarona|24\/100\n|-status|p2a: Urshifu|brn|[from] ability: Flame Body|[of] p1a: Volcarona\n|-supereffective|p1a: Volcarona\n|-crit|p1a: Volcarona\n|-damage|p1a: Volcarona|0 fnt\n|faint|p1a: Volcarona\n|-hitcount|p1: Volcarona|2\n|\n|win|juanessamal\n|raw|head0fthetable's rating: 1567 &rarr; <strong>1546<\/strong><br \/>(-21 for losing)\n|raw|juanessamal's rating: 1541 &rarr; <strong>1562<\/strong><br \/>(+21 for winning)\n|l|\u2606head0fthetable\n|player|p1|\n|l|\u2606juanessamal\n|player|p2|\n|l| mr pogostick\n","uploadtime":1739052701,"views":18,"formatid":"gen9vgc2025regg","rating":1546,"private":0,"password":null}