{"id":"gen9vgc2025regg-2297582554","format":"[Gen 9] VGC 2025 Reg G","players":["SeaWolfMikess","Forbranna"],"log":"|j|\u2606SeaWolfMikess\n|j|\u2606Forbranna\n|t:|1739132675\n|gametype|doubles\n|player|p1|SeaWolfMikess|hugh|1652\n|player|p2|Forbranna|clair|1642\n|teamsize|p1|6\n|teamsize|p2|6\n|gen|9\n|tier|[Gen 9] VGC 2025 Reg G\n|rated|\n|rule|Species Clause: Limit one of each Pok\u00e9mon\n|rule|Item Clause: Limit 1 of each item\n|clearpoke\n|poke|p1|Miraidon, L50|\n|poke|p1|Sneasler, L50, M|\n|poke|p1|Chien-Pao, L50|\n|poke|p1|Ogerpon-Hearthflame, L50, F|\n|poke|p1|Iron Hands, L50|\n|poke|p1|Urshifu-*, L50, F|\n|poke|p2|Grimmsnarl, L50, M|\n|poke|p2|Chi-Yu, L50|\n|poke|p2|Koraidon, L50|\n|poke|p2|Flutter Mane, L50|\n|poke|p2|Raging Bolt, L50|\n|poke|p2|Ogerpon-Cornerstone, L50, F|\n|teampreview|4\n|inactive|Battle timer is ON: inactive players will automatically lose when time's up. (requested by Forbranna)\n|\n|t:|1739132692\n|start\n|switch|p1a: Iron Hands|Iron Hands, L50|100\/100\n|switch|p1b: Miraidon|Miraidon, L50|100\/100\n|switch|p2a: Einstein|Grimmsnarl, L50, M, shiny|100\/100\n|switch|p2b: Queen Mary I|Flutter Mane, L50|100\/100\n|-fieldstart|move: Electric Terrain|[from] ability: Hadron Engine|[of] p1b: Miraidon\n|-activate|p1a: Iron Hands|ability: Quark Drive\n|-start|p1a: Iron Hands|quarkdriveatk\n|turn|1\n|\n|t:|1739132708\n|-terastallize|p1a: Iron Hands|Water\n|move|p2a: Einstein|Light Screen|p2a: Einstein\n|-sidestart|p2: Forbranna|move: Light Screen\n|move|p2b: Queen Mary I|Moonblast|p1a: Iron Hands\n|-damage|p1a: Iron Hands|76\/100\n|-unboost|p1a: Iron Hands|spa|1\n|move|p1b: Miraidon|Volt Switch|p2b: Queen Mary I\n|-damage|p2b: Queen Mary I|30\/100\n|j| Therazer456\n|\n|t:|1739132719\n|switch|p1b: Chien-Pao|Chien-Pao, L50|100\/100|[from] Volt Switch\n|-ability|p1b: Chien-Pao|Sword of Ruin\n|move|p1a: Iron Hands|Wild Charge|p2b: Queen Mary I\n|-damage|p2b: Queen Mary I|0 fnt\n|faint|p2b: Queen Mary I\n|-end|p2b: Queen Mary I|Protosynthesis|[silent]\n|-damage|p1a: Iron Hands|72\/100|[from] Recoil\n|\n|upkeep\n|\n|t:|1739132730\n|switch|p2b: Voltaire|Raging Bolt, L50|100\/100\n|turn|2\n|\n|t:|1739132739\n|-end|p1a: Iron Hands|Quark Drive|[silent]\n|switch|p1a: Miraidon|Miraidon, L50|100\/100\n|-activate|p1a: Miraidon|ability: Hadron Engine\n|-terastallize|p2b: Voltaire|Electric\n|move|p2a: Einstein|Reflect|p2a: Einstein\n|-sidestart|p2: Forbranna|Reflect\n|move|p1b: Chien-Pao|Icicle Crash|p2b: Voltaire\n|-damage|p2b: Voltaire|73\/100\n|move|p2b: Voltaire|Volt Switch|p1b: Chien-Pao\n|-enditem|p1b: Chien-Pao|Focus Sash\n|-damage|p1b: Chien-Pao|1\/100\n|\n|t:|1739132753\n|-end|p2b: Voltaire|Protosynthesis|[silent]\n|switch|p2b: Moctezuma|Koraidon, L50|100\/100|[from] Volt Switch\n|-weather|SunnyDay|[from] ability: Orichalcum Pulse|[of] p2b: Moctezuma\n|-activate|p2b: Moctezuma|Orichalcum Pulse|[source]\n|\n|-weather|SunnyDay|[upkeep]\n|upkeep\n|turn|3\n|\n|t:|1739132762\n|move|p2b: Moctezuma|Protect|p2b: Moctezuma\n|-singleturn|p2b: Moctezuma|Protect\n|move|p1b: Chien-Pao|Icicle Crash|p2a: Einstein\n|-damage|p2a: Einstein|64\/100\n|move|p1a: Miraidon|Dazzling Gleam|p2a: Einstein|[spread] p2a\n|-activate|p2b: Moctezuma|move: Protect\n|-supereffective|p2a: Einstein\n|-damage|p2a: Einstein|6\/100\n|cant|p2a: Einstein|flinch\n|\n|-weather|SunnyDay|[upkeep]\n|upkeep\n|turn|4\n|\n|t:|1739132780\n|move|p1b: Chien-Pao|Throat Chop|p2a: Einstein\n|-resisted|p2a: Einstein\n|-damage|p2a: Einstein|0 fnt\n|faint|p2a: Einstein\n|move|p2b: Moctezuma|Collision Course|p1a: Miraidon\n|-damage|p1a: Miraidon|15\/100\n|move|p1a: Miraidon|Dazzling Gleam|p2b: Moctezuma\n|-supereffective|p2b: Moctezuma\n|-damage|p2b: Moctezuma|0 fnt\n|faint|p2b: Moctezuma\n|\n|-weather|SunnyDay|[upkeep]\n|upkeep\n|\n|t:|1739132800\n|switch|p2b: Voltaire|Raging Bolt, L50, tera:Electric|73\/100\n|-activate|p2b: Voltaire|ability: Protosynthesis\n|-start|p2b: Voltaire|protosynthesisspa\n|turn|5\n|\n|t:|1739132805\n|switch|p1a: Iron Hands|Iron Hands, L50, tera:Water|72\/100\n|-activate|p1a: Iron Hands|ability: Quark Drive\n|-start|p1a: Iron Hands|quarkdriveatk\n|move|p1b: Chien-Pao|Sucker Punch|p2b: Voltaire\n|-damage|p2b: Voltaire|49\/100\n|move|p2b: Voltaire|Thunderclap||[still]\n|-fail|p2b: Voltaire\n|\n|-weather|SunnyDay|[upkeep]\n|-fieldend|move: Electric Terrain\n|-end|p1a: Iron Hands|Quark Drive\n|upkeep\n|turn|6\n|-message|Forbranna forfeited.\n|\n|win|SeaWolfMikess\n|raw|SeaWolfMikess's rating: 1652 &rarr; <strong>1671<\/strong><br \/>(+19 for winning)\n|raw|Forbranna's rating: 1642 &rarr; <strong>1623<\/strong><br \/>(-19 for losing)\n|l|\u2606SeaWolfMikess\n|player|p1|\n|l|\u2606Forbranna\n|player|p2|\n","uploadtime":1739133007,"views":26,"formatid":"gen9vgc2025regg","rating":1623,"private":0,"password":null}