{"id":"gen9vgc2025regg-2297460524","format":"[Gen 9] VGC 2025 Reg G","players":["georgebraun","Yung Trav"],"log":"|j|\u2606georgebraun\n|j|\u2606Yung Trav\n|t:|1739118264\n|gametype|doubles\n|player|p1|georgebraun|gentleman-gen4|1582\n|player|p2|Yung Trav|169|1637\n|teamsize|p1|6\n|teamsize|p2|6\n|gen|9\n|tier|[Gen 9] VGC 2025 Reg G\n|rated|\n|rule|Species Clause: Limit one of each Pok\u00e9mon\n|rule|Item Clause: Limit 1 of each item\n|clearpoke\n|poke|p1|Rillaboom, L50, F|\n|poke|p1|Hitmontop, L50, M|\n|poke|p1|Smeargle, L50, M|\n|poke|p1|Urshifu-*, L50, M|\n|poke|p1|Murkrow, L50, F|\n|poke|p1|Kyogre, L50|\n|poke|p2|Calyrex-Ice, L50|\n|poke|p2|Regidrago, L50|\n|poke|p2|Smeargle, L50, M|\n|poke|p2|Farigiraf, L50, M|\n|poke|p2|Urshifu-*, L50, M|\n|poke|p2|Ogerpon-Cornerstone, L50, F|\n|teampreview|4\n|inactive|Battle timer is ON: inactive players will automatically lose when time's up. (requested by Yung Trav)\n|j| Pokuchu\n|inactive|Yung Trav has 60 seconds left.\n|\n|t:|1739118310\n|start\n|switch|p1a: Smeargle|Smeargle, L50, M|100\/100\n|switch|p1b: Kyogre|Kyogre, L50|100\/100\n|switch|p2a: Calyrex|Calyrex-Ice, L50|100\/100\n|switch|p2b: Urshifu|Urshifu, L50, M|100\/100\n|-ability|p2a: Calyrex|As One\n|-ability|p2a: Calyrex|Unnerve\n|-weather|RainDance|[from] ability: Drizzle|[of] p1b: Kyogre\n|turn|1\n|\n|t:|1739118326\n|move|p2a: Calyrex|Protect|p2a: Calyrex\n|-singleturn|p2a: Calyrex|Protect\n|move|p1a: Smeargle|Follow Me|p1a: Smeargle\n|-singleturn|p1a: Smeargle|move: Follow Me\n|move|p2b: Urshifu|Wicked Blow|p1a: Smeargle\n|-crit|p1a: Smeargle\n|-enditem|p1a: Smeargle|Focus Sash\n|-damage|p1a: Smeargle|1\/100\n|move|p1b: Kyogre|Water Spout|p2b: Urshifu|[spread] p2b\n|-activate|p2a: Calyrex|move: Protect\n|-damage|p2b: Urshifu|0 fnt\n|faint|p2b: Urshifu\n|\n|-weather|RainDance|[upkeep]\n|-ability|p1a: Smeargle|Moody|boost\n|-boost|p1a: Smeargle|def|2\n|-unboost|p1a: Smeargle|spa|1\n|upkeep\n|\n|t:|1739118346\n|switch|p2b: Farigiraf|Farigiraf, L50, M, shiny|100\/100\n|turn|2\n|\n|t:|1739118360\n|-terastallize|p2b: Farigiraf|Water\n|move|p2a: Calyrex|Protect|p2a: Calyrex\n|-singleturn|p2a: Calyrex|Protect\n|move|p1b: Kyogre|Water Spout|p2b: Farigiraf|[spread] p2b\n|-activate|p2a: Calyrex|move: Protect\n|-resisted|p2b: Farigiraf\n|-damage|p2b: Farigiraf|41\/100\n|move|p1a: Smeargle|Spore|p2a: Calyrex\n|-activate|p2a: Calyrex|move: Protect\n|move|p2b: Farigiraf|Trick Room|p2b: Farigiraf\n|-fieldstart|move: Trick Room|[of] p2b: Farigiraf\n|\n|-weather|RainDance|[upkeep]\n|-ability|p1a: Smeargle|Moody|boost\n|-boost|p1a: Smeargle|spd|2\n|-unboost|p1a: Smeargle|spa|1\n|upkeep\n|turn|3\n|inactive|georgebraun has 30 seconds left.\n|inactive|Yung Trav has 30 seconds left.\n|\n|t:|1739118393\n|move|p1a: Smeargle|Follow Me|p1a: Smeargle\n|-singleturn|p1a: Smeargle|move: Follow Me\n|move|p2a: Calyrex|High Horsepower|p1a: Smeargle|[miss]\n|-miss|p2a: Calyrex|p1a: Smeargle\n|move|p2b: Farigiraf|Psychic Noise|p1a: Smeargle\n|-damage|p1a: Smeargle|0 fnt\n|faint|p1a: Smeargle\n|move|p1b: Kyogre|Water Spout|p2a: Calyrex|[spread] p2a,p2b\n|-resisted|p2b: Farigiraf\n|-damage|p2a: Calyrex|13\/100\n|-damage|p2b: Farigiraf|0 fnt\n|faint|p2b: Farigiraf\n|\n|-weather|RainDance|[upkeep]\n|upkeep\n|\n|t:|1739118411\n|switch|p2b: Regidrago|Regidrago, L50, shiny|100\/100\n|switch|p1a: Hitmontop|Hitmontop, L50, M|100\/100\n|-ability|p1a: Hitmontop|Intimidate|boost\n|-fail|p2a: Calyrex|unboost|[from] item: Clear Amulet|[of] p2a: Calyrex\n|-unboost|p2b: Regidrago|atk|1\n|turn|4\n|\n|t:|1739118434\n|move|p2a: Calyrex|Protect|p2a: Calyrex\n|-singleturn|p2a: Calyrex|Protect\n|move|p1a: Hitmontop|Feint|p2a: Calyrex\n|-activate|p2a: Calyrex|move: Feint\n|-damage|p2a: Calyrex|7\/100\n|move|p2b: Regidrago|Dragon Energy|p1b: Kyogre|[spread] p1a,p1b\n|-damage|p1a: Hitmontop|20\/100\n|-damage|p1b: Kyogre|39\/100\n|move|p1b: Kyogre|Origin Pulse|p2b: Regidrago|[spread] p2a,p2b\n|-resisted|p2b: Regidrago\n|-damage|p2a: Calyrex|0 fnt\n|-damage|p2b: Regidrago|46\/100\n|faint|p2a: Calyrex\n|\n|-weather|RainDance|[upkeep]\n|upkeep\n|turn|5\n|l| Pokuchu\n|-message|Yung Trav forfeited.\n|\n|win|georgebraun\n|raw|georgebraun's rating: 1582 &rarr; <strong>1605<\/strong><br \/>(+23 for winning)\n|raw|Yung Trav's rating: 1637 &rarr; <strong>1614<\/strong><br \/>(-23 for losing)\n|l|\u2606Yung Trav\n|player|p2|\n|j|\u2606Yung Trav\n|player|p2|Yung Trav|169|\n|l|\u2606georgebraun\n|player|p1|\n|l|\u2606Yung Trav\n|player|p2|\n","uploadtime":1739118609,"views":11,"formatid":"gen9vgc2025regg","rating":1605,"private":0,"password":null}