{"id":"gen9vgc2025regg-2297994667","format":"[Gen 9] VGC 2025 Reg G","players":["koji muranishi","bluestraggler02"],"log":"|j|\u2606koji muranishi\n|j|\u203dbluestraggler02\n|t:|1739197208\n|gametype|doubles\n|player|p1|koji muranishi|2|1701\n|player|p2|bluestraggler02|265|1744\n|teamsize|p1|6\n|teamsize|p2|6\n|gen|9\n|tier|[Gen 9] VGC 2025 Reg G\n|rated|\n|rule|Species Clause: Limit one of each Pok\u00e9mon\n|rule|Item Clause: Limit 1 of each item\n|clearpoke\n|poke|p1|Whimsicott, L50, M|\n|poke|p1|Calyrex-Ice, L50|\n|poke|p1|Urshifu-*, L50, F|\n|poke|p1|Entei, L50|\n|poke|p1|Raging Bolt, L50|\n|poke|p1|Landorus, L50, M|\n|poke|p2|Zamazenta-*, L50|\n|poke|p2|Roaring Moon, L50|\n|poke|p2|Landorus, L50, M|\n|poke|p2|Pelipper, L50, M|\n|poke|p2|Urshifu-*, L50, F|\n|poke|p2|Amoonguss, L50, M|\n|teampreview|4\n|inactive|Battle timer is ON: inactive players will automatically lose when time's up. (requested by koji muranishi)\n|\n|t:|1739197236\n|start\n|switch|p1a: Whimsicott|Whimsicott, L50, M|100\/100\n|switch|p1b: Entei|Entei, L50|100\/100\n|switch|p2a: Zamazenta|Zamazenta-Crowned, L50|100\/100\n|switch|p2b: Roaring Moon|Roaring Moon, L50|100\/100\n|-ability|p2a: Zamazenta|Dauntless Shield|boost\n|-boost|p2a: Zamazenta|def|1\n|-enditem|p2b: Roaring Moon|Booster Energy\n|-activate|p2b: Roaring Moon|ability: Protosynthesis|[fromitem]\n|-start|p2b: Roaring Moon|protosynthesisspe\n|turn|1\n|\n|t:|1739197270\n|switch|p2a: Pelipper|Pelipper, L50, M|100\/100\n|-weather|RainDance|[from] ability: Drizzle|[of] p2a: Pelipper\n|move|p2b: Roaring Moon|Tailwind|p2b: Roaring Moon\n|-sidestart|p2: bluestraggler02|move: Tailwind\n|move|p1b: Entei|Sacred Fire|p2a: Pelipper\n|-resisted|p2a: Pelipper\n|-damage|p2a: Pelipper|83\/100\n|-status|p2a: Pelipper|brn\n|move|p1a: Whimsicott|Trick Room|p1a: Whimsicott\n|-fieldstart|move: Trick Room|[of] p1a: Whimsicott\n|\n|-weather|RainDance|[upkeep]\n|-damage|p2a: Pelipper|77\/100 brn|[from] brn\n|upkeep\n|turn|2\n|j| Rabbithorn01\n|\n|t:|1739197288\n|move|p1b: Entei|Stone Edge|p2a: Pelipper\n|-supereffective|p2a: Pelipper\n|-damage|p2a: Pelipper|0 fnt\n|faint|p2a: Pelipper\n|move|p1a: Whimsicott|Moonblast|p2b: Roaring Moon\n|-supereffective|p2b: Roaring Moon\n|-damage|p2b: Roaring Moon|0 fnt\n|faint|p2b: Roaring Moon\n|-end|p2b: Roaring Moon|Protosynthesis|[silent]\n|\n|-weather|RainDance|[upkeep]\n|upkeep\n|\n|t:|1739197292\n|switch|p2a: Landorus|Landorus, L50, M|100\/100\n|switch|p2b: Zamazenta|Zamazenta-Crowned, L50|100\/100\n|turn|3\n|\n|t:|1739197307\n|move|p2b: Zamazenta|Protect|p2b: Zamazenta\n|-singleturn|p2b: Zamazenta|Protect\n|move|p1b: Entei|Sacred Fire|p2b: Zamazenta\n|-activate|p2b: Zamazenta|move: Protect\n|move|p1a: Whimsicott|Moonblast|p2b: Zamazenta\n|-activate|p2b: Zamazenta|move: Protect\n|move|p2a: Landorus|Sandsear Storm|p1a: Whimsicott|[spread] p1a,p1b\n|-resisted|p1a: Whimsicott\n|-supereffective|p1b: Entei\n|-damage|p1a: Whimsicott|52\/100\n|-damage|p1b: Entei|9\/100\n|\n|-weather|RainDance|[upkeep]\n|upkeep\n|turn|4\n|\n|t:|1739197324\n|move|p1a: Whimsicott|Encore|p2b: Zamazenta\n|-start|p2b: Zamazenta|Encore\n|move|p1b: Entei|Snarl|p2b: Zamazenta|[spread] p2a,p2b\n|-resisted|p2b: Zamazenta\n|-damage|p2a: Landorus|90\/100\n|-damage|p2b: Zamazenta|97\/100\n|-unboost|p2a: Landorus|spa|1\n|-unboost|p2b: Zamazenta|spa|1\n|move|p2a: Landorus|Sandsear Storm|p1b: Entei|[spread] p1a,p1b\n|-resisted|p1a: Whimsicott\n|-supereffective|p1b: Entei\n|-damage|p1a: Whimsicott|17\/100\n|-damage|p1b: Entei|0 fnt\n|faint|p1b: Entei\n|move|p2b: Zamazenta|Protect||[still]\n|-fail|p2b: Zamazenta\n|\n|-weather|RainDance|[upkeep]\n|-sideend|p2: bluestraggler02|move: Tailwind\n|upkeep\n|\n|t:|1739197341\n|switch|p1b: Calyrex|Calyrex-Ice, L50|100\/100\n|-ability|p1b: Calyrex|As One\n|-ability|p1b: Calyrex|Unnerve\n|turn|5\n|j| 1212kkekrk\n|\n|t:|1739197350\n|-terastallize|p1b: Calyrex|Ice\n|-terastallize|p2a: Landorus|Poison\n|move|p2b: Zamazenta|Protect|p2b: Zamazenta\n|-singleturn|p2b: Zamazenta|Protect\n|move|p1b: Calyrex|Glacial Lance|p2b: Zamazenta|[spread] p2a\n|-activate|p2b: Zamazenta|move: Protect\n|-damage|p2a: Landorus|0 fnt\n|faint|p2a: Landorus\n|-ability|p1b: Calyrex|Chilling Neigh|boost\n|-boost|p1b: Calyrex|atk|1\n|move|p1a: Whimsicott|Moonblast|p2b: Zamazenta\n|-activate|p2b: Zamazenta|move: Protect\n|\n|-weather|none\n|-fieldend|move: Trick Room\n|upkeep\n|turn|6\n|-message|bluestraggler02 forfeited.\n|\n|win|koji muranishi\n|raw|koji muranishi's rating: 1701 &rarr; <strong>1723<\/strong><br \/>(+22 for winning)\n|raw|bluestraggler02's rating: 1744 &rarr; <strong>1722<\/strong><br \/>(-22 for losing)\n|l|\u203dbluestraggler02\n|player|p2|\n|l|\u2606koji muranishi\n|player|p1|\n","uploadtime":1739197366,"views":65,"formatid":"gen9vgc2025regg","rating":1722,"private":0,"password":null}