{"id":"gen9vgc2025regg-2297726985","format":"[Gen 9] VGC 2025 Reg G","players":["Kaicyios","InfinityGroudon"],"log":"|j|\u2606Kaicyios\n|j|\u2606InfinityGroudon\n|t:|1739151337\n|gametype|doubles\n|player|p1|Kaicyios|giovanni|1585\n|player|p2|InfinityGroudon|101|1759\n|teamsize|p1|6\n|teamsize|p2|6\n|gen|9\n|tier|[Gen 9] VGC 2025 Reg G\n|rated|\n|rule|Species Clause: Limit one of each Pok\u00e9mon\n|rule|Item Clause: Limit 1 of each item\n|clearpoke\n|poke|p1|Groudon, L50|\n|poke|p1|Tornadus, L50, M|\n|poke|p1|Flutter Mane, L50|\n|poke|p1|Chi-Yu, L50|\n|poke|p1|Raging Bolt, L50|\n|poke|p1|Brute Bonnet, L50|\n|poke|p2|Terapagos, L50, M|\n|poke|p2|Clefairy, L50, F|\n|poke|p2|Rillaboom, L50, F|\n|poke|p2|Skeledirge, L50, M|\n|poke|p2|Urshifu-*, L50, M|\n|poke|p2|Chien-Pao, L50|\n|teampreview|4\n|\n|t:|1739151367\n|start\n|switch|p1a: Groudon|Groudon, L50|100\/100\n|switch|p1b: Flutter Mane|Flutter Mane, L50|100\/100\n|switch|p2a: Moonwater|Clefairy, L50, F|100\/100\n|switch|p2b: Perrine|Terapagos, L50, M|100\/100\n|-activate|p2b: Perrine|ability: Tera Shift\n|detailschange|p2b: Perrine|Terapagos-Terastal, L50, M\n|-heal|p2b: Perrine|100\/100|[silent]\n|-weather|SunnyDay|[from] ability: Drought|[of] p1a: Groudon\n|-activate|p1b: Flutter Mane|ability: Protosynthesis\n|-start|p1b: Flutter Mane|protosynthesisspa\n|turn|1\n|\n|t:|1739151391\n|move|p2a: Moonwater|Protect|p2a: Moonwater\n|-singleturn|p2a: Moonwater|Protect\n|move|p1b: Flutter Mane|Dazzling Gleam|p2a: Moonwater|[spread] p2b\n|-activate|p2a: Moonwater|move: Protect\n|-activate|p2b: Perrine|ability: Tera Shell\n|-resisted|p2b: Perrine\n|-damage|p2b: Perrine|82\/100\n|move|p1a: Groudon|Precipice Blades|p2a: Moonwater|[spread] p2b\n|-activate|p2a: Moonwater|move: Protect\n|-crit|p2b: Perrine\n|-damage|p2b: Perrine|34\/100\n|move|p2b: Perrine|Calm Mind|p2b: Perrine\n|-boost|p2b: Perrine|spa|1\n|-boost|p2b: Perrine|spd|1\n|\n|-weather|SunnyDay|[upkeep]\n|-heal|p2b: Perrine|40\/100|[from] item: Leftovers\n|upkeep\n|turn|2\n|\n|t:|1739151412\n|-terastallize|p1b: Flutter Mane|Fairy\n|move|p2b: Perrine|Protect|p2b: Perrine\n|-singleturn|p2b: Perrine|Protect\n|move|p1b: Flutter Mane|Dazzling Gleam|p2a: Moonwater|[spread] p2a\n|-activate|p2b: Perrine|move: Protect\n|-damage|p2a: Moonwater|18\/100\n|move|p1a: Groudon|Precipice Blades|p2b: Perrine|[spread] p2a\n|-activate|p2b: Perrine|move: Protect\n|-damage|p2a: Moonwater|0 fnt\n|faint|p2a: Moonwater\n|\n|-weather|SunnyDay|[upkeep]\n|-heal|p2b: Perrine|46\/100|[from] item: Leftovers\n|upkeep\n|j| Kal0stest\n|\n|t:|1739151434\n|switch|p2a: Presto|Chien-Pao, L50|100\/100\n|-ability|p2a: Presto|Sword of Ruin\n|turn|3\n|\n|t:|1739151441\n|-terastallize|p2b: Perrine|Stellar\n|detailschange|p2b: Perrine|Terapagos-Stellar, L50, M, tera:Stellar\n|-heal|p2b: Perrine|60\/100|[silent]\n|-ability|p2b: Perrine|Teraform Zero\n|-weather|none\n|-end|p1b: Flutter Mane|Protosynthesis\n|move|p2a: Presto|Ice Spinner|p1a: Groudon\n|-supereffective|p1a: Groudon\n|-damage|p1a: Groudon|23\/100\n|move|p1b: Flutter Mane|Dazzling Gleam|p2b: Perrine|[spread] p2a,p2b\n|-supereffective|p2a: Presto\n|-enditem|p2a: Presto|Focus Sash\n|-damage|p2a: Presto|1\/100\n|-damage|p2b: Perrine|34\/100\n|move|p1a: Groudon|Precipice Blades|p2a: Presto|[spread] p2a\n|-miss|p1a: Groudon|p2b: Perrine\n|-damage|p2a: Presto|0 fnt\n|faint|p2a: Presto\n|move|p2b: Perrine|Tera Starstorm|p1b: Flutter Mane|[spread] p1a,p1b\n|-supereffective|p1b: Flutter Mane\n|-damage|p1a: Groudon|0 fnt\n|-damage|p1b: Flutter Mane|0 fnt\n|faint|p1a: Groudon\n|faint|p1b: Flutter Mane\n|-end|p1b: Flutter Mane|Protosynthesis|[silent]\n|\n|-heal|p2b: Perrine|40\/100|[from] item: Leftovers\n|upkeep\n|\n|t:|1739151467\n|switch|p2a: Ram|Urshifu, L50, M|100\/100\n|switch|p1b: Raging Bolt|Raging Bolt, L50|100\/100\n|switch|p1a: Chi-Yu|Chi-Yu, L50|100\/100\n|-ability|p1a: Chi-Yu|Beads of Ruin\n|turn|4\n|\n|t:|1739151489\n|move|p1a: Chi-Yu|Heat Wave|p2b: Perrine|[spread] p2a,p2b\n|-damage|p2a: Ram|14\/100\n|-damage|p2b: Perrine|20\/100\n|-status|p2b: Perrine|brn\n|move|p2a: Ram|Close Combat|p1a: Chi-Yu\n|-supereffective|p1a: Chi-Yu\n|-damage|p1a: Chi-Yu|0 fnt\n|-unboost|p2a: Ram|def|1\n|-unboost|p2a: Ram|spd|1\n|faint|p1a: Chi-Yu\n|move|p2b: Perrine|Tera Starstorm|p1b: Raging Bolt\n|-damage|p1b: Raging Bolt|41\/100\n|move|p1b: Raging Bolt|Electroweb|p2b: Perrine|[spread] p2a,p2b\n|-damage|p2a: Ram|0 fnt\n|-damage|p2b: Perrine|9\/100 brn\n|-unboost|p2b: Perrine|spe|1\n|faint|p2a: Ram\n|-damage|p1b: Raging Bolt|31\/100|[from] item: Life Orb\n|\n|-heal|p2b: Perrine|15\/100 brn|[from] item: Leftovers\n|-damage|p2b: Perrine|9\/100 brn|[from] brn\n|upkeep\n|turn|5\n|\n|t:|1739151518\n|move|p1b: Raging Bolt|Thunderbolt|p2b: Perrine\n|-damage|p2b: Perrine|0 fnt\n|faint|p2b: Perrine\n|-damage|p1b: Raging Bolt|21\/100|[from] item: Life Orb\n|\n|win|Kaicyios\n|raw|Kaicyios's rating: 1585 &rarr; <strong>1614<\/strong><br \/>(+29 for winning)\n|raw|InfinityGroudon's rating: 1759 &rarr; <strong>1730<\/strong><br \/>(-29 for losing)\n|l|\u2606InfinityGroudon\n|player|p2|\n|l|\u2606Kaicyios\n|player|p1|\n","uploadtime":1739151526,"views":11,"formatid":"gen9vgc2025regg","rating":1614,"private":0,"password":null}