{"id":"gen9vgc2025regg-2297406129","format":"[Gen 9] VGC 2025 Reg G","players":["ssbutan","zonavideovigilada"],"log":"|j|\u2606ssbutan\n|j|\u2606zonavideovigilada\n|t:|1739110773\n|gametype|doubles\n|player|p1|ssbutan|camper|1647\n|player|p2|zonavideovigilada|102|1598\n|teamsize|p1|6\n|teamsize|p2|6\n|gen|9\n|tier|[Gen 9] VGC 2025 Reg G\n|rated|\n|rule|Species Clause: Limit one of each Pok\u00e9mon\n|rule|Item Clause: Limit 1 of each item\n|clearpoke\n|poke|p1|Calyrex-Ice, L50|\n|poke|p1|Cresselia, L50, F|\n|poke|p1|Rillaboom, L50, M|\n|poke|p1|Urshifu-*, L50, F|\n|poke|p1|Raging Bolt, L50|\n|poke|p1|Thundurus, L50, M|\n|poke|p2|Urshifu-*, L50, F|\n|poke|p2|Whimsicott, L50, M|\n|poke|p2|Miraidon, L50|\n|poke|p2|Iron Hands, L50|\n|poke|p2|Incineroar, L50, M|\n|poke|p2|Iron Leaves, L50|\n|teampreview|4\n|inactive|Battle timer is ON: inactive players will automatically lose when time's up. (requested by ssbutan)\n|inactive|ssbutan has 60 seconds left.\n|\n|t:|1739110832\n|start\n|switch|p1a: Calyrex|Calyrex-Ice, L50|100\/100\n|switch|p1b: Rillaboom|Rillaboom, L50, M|100\/100\n|switch|p2a: Incineroar|Incineroar, L50, M|100\/100\n|switch|p2b: Miraidon|Miraidon, L50|100\/100\n|-ability|p1a: Calyrex|As One\n|-ability|p1a: Calyrex|Unnerve\n|-fieldstart|move: Electric Terrain|[from] ability: Hadron Engine|[of] p2b: Miraidon\n|-fieldstart|move: Grassy Terrain|[from] ability: Grassy Surge|[of] p1b: Rillaboom\n|-ability|p2a: Incineroar|Intimidate|boost\n|-unboost|p1a: Calyrex|atk|1\n|-unboost|p1b: Rillaboom|atk|1\n|turn|1\n|inactive|ssbutan has 30 seconds left.\n|inactive|ssbutan has 20 seconds left.\n|\n|t:|1739110871\n|-terastallize|p2a: Incineroar|Ghost\n|-terastallize|p1a: Calyrex|Fairy\n|move|p1b: Rillaboom|Fake Out|p2b: Miraidon\n|-damage|p2b: Miraidon|93\/100\n|cant|p2b: Miraidon|flinch\n|move|p2a: Incineroar|Will-O-Wisp|p1a: Calyrex\n|-status|p1a: Calyrex|brn\n|move|p1a: Calyrex|Body Press|p2a: Incineroar\n|-immune|p2a: Incineroar\n|\n|-heal|p2b: Miraidon|99\/100|[from] Grassy Terrain\n|-damage|p1a: Calyrex|95\/100 brn|[from] brn\n|upkeep\n|turn|2\n|inactive|zonavideovigilada has 30 seconds left.\n|inactive|zonavideovigilada has 20 seconds left.\n|\n|t:|1739110910\n|switch|p1a: Raging Bolt|Raging Bolt, L50|100\/100\n|move|p2b: Miraidon|Dazzling Gleam|p1a: Raging Bolt|[spread] p1a,p1b\n|-supereffective|p1a: Raging Bolt\n|-damage|p1a: Raging Bolt|44\/100\n|-damage|p1b: Rillaboom|79\/100\n|move|p1b: Rillaboom|U-turn|p2b: Miraidon\n|-damage|p2b: Miraidon|87\/100\n|\n|t:|1739110927\n|switch|p1b: Cresselia|Cresselia, L50, F|100\/100|[from] U-turn\n|move|p2a: Incineroar|Parting Shot|p1b: Cresselia\n|-unboost|p1b: Cresselia|atk|1\n|-unboost|p1b: Cresselia|spa|1\n|\n|t:|1739110932\n|switch|p2a: Iron Hands|Iron Hands, L50|100\/100|[from] Parting Shot\n|\n|-heal|p2b: Miraidon|93\/100|[from] Grassy Terrain\n|-heal|p1a: Raging Bolt|50\/100|[from] Grassy Terrain\n|upkeep\n|turn|3\n|\n|t:|1739110941\n|-end|p1a: Raging Bolt|Protosynthesis|[silent]\n|switch|p1a: Calyrex|Calyrex-Ice, L50, tera:Fairy|95\/100 brn\n|-ability|p1a: Calyrex|As One\n|-ability|p1a: Calyrex|Unnerve\n|move|p2b: Miraidon|Dazzling Gleam|p1a: Calyrex|[spread] p1a,p1b\n|-damage|p1a: Calyrex|74\/100 brn\n|-damage|p1b: Cresselia|80\/100\n|move|p1b: Cresselia|Lunar Blessing|p1b: Cresselia|[spread] p1a,p1b\n|-heal|p1a: Calyrex|99\/100 brn\n|-curestatus|p1a: Calyrex|brn|[msg]\n|-heal|p1b: Cresselia|100\/100\n|move|p2a: Iron Hands|Swords Dance|p2a: Iron Hands\n|-boost|p2a: Iron Hands|atk|2\n|\n|-heal|p2b: Miraidon|99\/100|[from] Grassy Terrain\n|-heal|p1a: Calyrex|100\/100|[from] Grassy Terrain\n|upkeep\n|turn|4\n|\n|t:|1739110964\n|switch|p2b: Incineroar|Incineroar, L50, M, tera:Ghost|100\/100\n|-ability|p2b: Incineroar|Intimidate|boost\n|-unboost|p1a: Calyrex|atk|1\n|-unboost|p1b: Cresselia|atk|1\n|move|p1b: Cresselia|Psychic|p2a: Iron Hands\n|-supereffective|p2a: Iron Hands\n|-damage|p2a: Iron Hands|75\/100\n|move|p2a: Iron Hands|Swords Dance|p2a: Iron Hands\n|-boost|p2a: Iron Hands|atk|2\n|move|p1a: Calyrex|Leech Seed|p2a: Iron Hands|[miss]\n|-miss|p1a: Calyrex|p2a: Iron Hands\n|\n|-heal|p2a: Iron Hands|81\/100|[from] Grassy Terrain\n|upkeep\n|turn|5\n|-message|ssbutan forfeited.\n|\n|win|zonavideovigilada\n|raw|ssbutan's rating: 1647 &rarr; <strong>1624<\/strong><br \/>(-23 for losing)\n|raw|zonavideovigilada's rating: 1598 &rarr; <strong>1621<\/strong><br \/>(+23 for winning)\n|l|\u2606ssbutan\n|player|p1|\n|l|\u2606zonavideovigilada\n|player|p2|\n","uploadtime":1739111147,"views":6,"formatid":"gen9vgc2025regg","rating":1621,"private":0,"password":null}