{"id":"gen9vgc2025regg-2297101067","format":"[Gen 9] VGC 2025 Reg G","players":["YxngDaws","juanessamal"],"log":"|j|\u2606YxngDaws\n|j|\u2606juanessamal\n|t:|1739058354\n|gametype|doubles\n|player|p1|YxngDaws|1|1628\n|player|p2|juanessamal|266|1525\n|teamsize|p1|6\n|teamsize|p2|6\n|gen|9\n|tier|[Gen 9] VGC 2025 Reg G\n|rated|\n|rule|Species Clause: Limit one of each Pok\u00e9mon\n|rule|Item Clause: Limit 1 of each item\n|clearpoke\n|poke|p1|Miraidon, L50|\n|poke|p1|Iron Hands, L50|\n|poke|p1|Farigiraf, L50, M|\n|poke|p1|Whimsicott, L50, F|\n|poke|p1|Incineroar, L50, F|\n|poke|p1|Urshifu-*, L50, F|\n|poke|p2|Koraidon, L50|\n|poke|p2|Weezing-Galar, L50, F|\n|poke|p2|Chi-Yu, L50|\n|poke|p2|Flutter Mane, L50|\n|poke|p2|Brute Bonnet, L50|\n|poke|p2|Walking Wake, L50|\n|teampreview|4\n|inactive|Battle timer is ON: inactive players will automatically lose when time's up. (requested by YxngDaws)\n|\n|t:|1739058401\n|start\n|switch|p1a: Farigiraf|Farigiraf, L50, M|100\/100\n|switch|p1b: Incineroar|Incineroar, L50, F|100\/100\n|switch|p2a: Weezing|Weezing-Galar, L50, F|100\/100\n|switch|p2b: Brute Bonnet|Brute Bonnet, L50|100\/100\n|-ability|p2a: Weezing|Neutralizing Gas\n|turn|1\n|inactive|juanessamal has 30 seconds left.\n|\n|t:|1739058433\n|-end|p2a: Weezing|ability: Neutralizing Gas\n|-ability|p1b: Incineroar|Intimidate|boost\n|-unboost|p2a: Weezing|atk|1\n|-unboost|p2b: Brute Bonnet|atk|1\n|switch|p2a: Flutter Mane|Flutter Mane, L50|100\/100\n|-enditem|p2b: Brute Bonnet|Booster Energy\n|-activate|p2b: Brute Bonnet|ability: Protosynthesis|[fromitem]\n|-start|p2b: Brute Bonnet|protosynthesisatk\n|move|p1a: Farigiraf|Psychic Noise|p2a: Flutter Mane\n|-damage|p2a: Flutter Mane|70\/100\n|-start|p2a: Flutter Mane|move: Heal Block\n|move|p2b: Brute Bonnet|Spore|p1b: Incineroar\n|-activate|p1b: Incineroar|item: Safety Goggles|Spore\n|move|p1b: Incineroar|Taunt|p2b: Brute Bonnet\n|-start|p2b: Brute Bonnet|move: Taunt\n|\n|upkeep\n|turn|2\n|inactive|YxngDaws has 30 seconds left.\n|inactive|juanessamal has 30 seconds left.\n|\n|t:|1739058466\n|-end|p2b: Brute Bonnet|Protosynthesis|[silent]\n|switch|p2b: Koraidon|Koraidon, L50|100\/100\n|-weather|SunnyDay|[from] ability: Orichalcum Pulse|[of] p2b: Koraidon\n|-activate|p2a: Flutter Mane|ability: Protosynthesis\n|-start|p2a: Flutter Mane|protosynthesisspe\n|-activate|p2b: Koraidon|Orichalcum Pulse|[source]\n|move|p2a: Flutter Mane|Protect|p2a: Flutter Mane\n|-singleturn|p2a: Flutter Mane|Protect\n|move|p1b: Incineroar|Parting Shot|p2a: Flutter Mane\n|-activate|p2a: Flutter Mane|move: Protect\n|move|p1a: Farigiraf|Trick Room|p1a: Farigiraf\n|-fieldstart|move: Trick Room|[of] p1a: Farigiraf\n|\n|-weather|SunnyDay|[upkeep]\n|-end|p2a: Flutter Mane|move: Heal Block\n|upkeep\n|turn|3\n|inactive|juanessamal has 30 seconds left.\n|inactive|YxngDaws has 30 seconds left.\n|\n|t:|1739058498\n|-end|p2a: Flutter Mane|Protosynthesis|[silent]\n|switch|p2a: Weezing|Weezing-Galar, L50, F|100\/100\n|-ability|p2a: Weezing|Neutralizing Gas\n|move|p2b: Koraidon|Protect|p2b: Koraidon\n|-singleturn|p2b: Koraidon|Protect\n|move|p1b: Incineroar|Parting Shot|p2b: Koraidon\n|-activate|p2b: Koraidon|move: Protect\n|move|p1a: Farigiraf|Foul Play|p2b: Koraidon\n|-activate|p2b: Koraidon|move: Protect\n|\n|-weather|SunnyDay|[upkeep]\n|upkeep\n|turn|4\n|inactive|juanessamal has 30 seconds left.\n|inactive|juanessamal has 20 seconds left.\n|inactive|juanessamal has 15 seconds left.\n|inactive|juanessamal has 10 seconds left.\n|\n|t:|1739058545\n|switch|p2b: Brute Bonnet|Brute Bonnet, L50|100\/100\n|move|p2a: Weezing|Protect|p2a: Weezing\n|-singleturn|p2a: Weezing|Protect\n|move|p1b: Incineroar|Knock Off|p2b: Brute Bonnet\n|-resisted|p2b: Brute Bonnet\n|-damage|p2b: Brute Bonnet|91\/100\n|move|p1a: Farigiraf|Psychic Noise|p2a: Weezing\n|-activate|p2a: Weezing|move: Protect\n|\n|-weather|SunnyDay|[upkeep]\n|upkeep\n|turn|5\n|inactive|juanessamal has 30 seconds left.\n|\n|t:|1739058572\n|-end|p2a: Weezing|ability: Neutralizing Gas\n|-ability|p1b: Incineroar|Intimidate|boost\n|-unboost|p2a: Weezing|atk|1\n|-unboost|p2b: Brute Bonnet|atk|1\n|-activate|p2b: Brute Bonnet|ability: Protosynthesis\n|-start|p2b: Brute Bonnet|protosynthesisatk\n|switch|p2a: Flutter Mane|Flutter Mane, L50|70\/100\n|-activate|p2a: Flutter Mane|ability: Protosynthesis\n|-start|p2a: Flutter Mane|protosynthesisspe\n|move|p1b: Incineroar|Taunt|p2b: Brute Bonnet\n|-start|p2b: Brute Bonnet|move: Taunt\n|cant|p2b: Brute Bonnet|move: Taunt|Spore\n|move|p1a: Farigiraf|Psychic Noise|p2a: Flutter Mane\n|-damage|p2a: Flutter Mane|40\/100\n|-start|p2a: Flutter Mane|move: Heal Block\n|\n|-weather|SunnyDay|[upkeep]\n|upkeep\n|turn|6\n|inactive|juanessamal has 30 seconds left.\n|\n|t:|1739058604\n|move|p1b: Incineroar|Parting Shot|p2b: Brute Bonnet\n|-unboost|p2b: Brute Bonnet|atk|1\n|-unboost|p2b: Brute Bonnet|spa|1\n|\n|t:|1739058610\n|switch|p1b: Miraidon|Miraidon, L50|100\/100|[from] Parting Shot\n|-fieldstart|move: Electric Terrain|[from] ability: Hadron Engine|[of] p1b: Miraidon\n|-enditem|p1a: Farigiraf|Electric Seed\n|-boost|p1a: Farigiraf|def|1|[from] item: Electric Seed\n|move|p2b: Brute Bonnet|Bullet Seed|p1a: Farigiraf\n|-damage|p1a: Farigiraf|95\/100\n|-damage|p1a: Farigiraf|90\/100\n|-damage|p1a: Farigiraf|84\/100\n|-crit|p1a: Farigiraf\n|-damage|p1a: Farigiraf|62\/100\n|-hitcount|p1a: Farigiraf|4\n|move|p1a: Farigiraf|Psychic Noise|p2b: Brute Bonnet\n|-immune|p2b: Brute Bonnet\n|move|p2a: Flutter Mane|Moonblast|p1a: Farigiraf\n|-damage|p1a: Farigiraf|11\/100\n|\n|-weather|none\n|-end|p2b: Brute Bonnet|Protosynthesis\n|-end|p2a: Flutter Mane|Protosynthesis\n|-end|p2a: Flutter Mane|move: Heal Block\n|-fieldend|move: Trick Room\n|upkeep\n|turn|7\n|inactive|YxngDaws has 30 seconds left.\n|inactive|juanessamal has 30 seconds left.\n|\n|t:|1739058639\n|-end|p2b: Brute Bonnet|Protosynthesis|[silent]\n|switch|p2b: Koraidon|Koraidon, L50|100\/100\n|-weather|SunnyDay|[from] ability: Orichalcum Pulse|[of] p2b: Koraidon\n|-activate|p2a: Flutter Mane|ability: Protosynthesis\n|-start|p2a: Flutter Mane|protosynthesisspe\n|-activate|p2b: Koraidon|Orichalcum Pulse|[source]\n|-terastallize|p1b: Miraidon|Fairy\n|move|p2a: Flutter Mane|Dazzling Gleam|p1b: Miraidon|[spread] p1a,p1b\n|-damage|p1a: Farigiraf|0 fnt\n|-damage|p1b: Miraidon|77\/100\n|faint|p1a: Farigiraf\n|move|p1b: Miraidon|Volt Switch|p2a: Flutter Mane\n|-damage|p2a: Flutter Mane|0 fnt\n|faint|p2a: Flutter Mane\n|-end|p2a: Flutter Mane|Protosynthesis|[silent]\n|\n|t:|1739058654\n|switch|p1b: Incineroar|Incineroar, L50, F|100\/100|[from] Volt Switch\n|-ability|p1b: Incineroar|Intimidate|boost\n|-unboost|p2b: Koraidon|atk|1\n|\n|-weather|SunnyDay|[upkeep]\n|upkeep\n|\n|t:|1739058666\n|switch|p2a: Brute Bonnet|Brute Bonnet, L50|91\/100\n|switch|p1a: Miraidon|Miraidon, L50, tera:Fairy|77\/100\n|-activate|p1a: Miraidon|ability: Hadron Engine\n|-activate|p2a: Brute Bonnet|ability: Protosynthesis\n|-start|p2a: Brute Bonnet|protosynthesisatk\n|turn|8\n|\n|t:|1739058684\n|-end|p2a: Brute Bonnet|Protosynthesis|[silent]\n|switch|p2a: Weezing|Weezing-Galar, L50, F|100\/100\n|-ability|p2a: Weezing|Neutralizing Gas\n|move|p2b: Koraidon|Protect|p2b: Koraidon\n|-singleturn|p2b: Koraidon|Protect\n|move|p1b: Incineroar|Fake Out|p2a: Weezing\n|-damage|p2a: Weezing|88\/100\n|move|p1a: Miraidon|Dazzling Gleam|p2a: Weezing|[spread] p2a\n|-activate|p2b: Koraidon|move: Protect\n|-resisted|p2a: Weezing\n|-damage|p2a: Weezing|43\/100\n|-enditem|p2a: Weezing|Sitrus Berry|[eat]\n|-heal|p2a: Weezing|68\/100|[from] item: Sitrus Berry\n|\n|-weather|SunnyDay|[upkeep]\n|upkeep\n|turn|9\n|\n|t:|1739058705\n|-terastallize|p2b: Koraidon|Fire\n|move|p2a: Weezing|Protect|p2a: Weezing\n|-singleturn|p2a: Weezing|Protect\n|move|p2b: Koraidon|Collision Course|p1b: Incineroar\n|-supereffective|p1b: Incineroar\n|-damage|p1b: Incineroar|0 fnt\n|faint|p1b: Incineroar\n|-damage|p2b: Koraidon|91\/100|[from] item: Life Orb\n|move|p1a: Miraidon|Dazzling Gleam|p2b: Koraidon|[spread] p2b\n|-activate|p2a: Weezing|move: Protect\n|-resisted|p2b: Koraidon\n|-damage|p2b: Koraidon|67\/100\n|\n|-weather|SunnyDay|[upkeep]\n|upkeep\n|\n|t:|1739058722\n|switch|p1b: Iron Hands|Iron Hands, L50|100\/100\n|turn|10\n|\n|t:|1739058737\n|move|p1b: Iron Hands|Fake Out|p2a: Weezing\n|-damage|p2a: Weezing|50\/100\n|move|p2b: Koraidon|Flare Blitz|p1a: Miraidon\n|-damage|p1a: Miraidon|0 fnt\n|faint|p1a: Miraidon\n|-damage|p2b: Koraidon|37\/100|[from] Recoil\n|-damage|p2b: Koraidon|27\/100|[from] item: Life Orb\n|cant|p2a: Weezing|flinch\n|\n|-weather|SunnyDay|[upkeep]\n|-fieldend|move: Electric Terrain\n|upkeep\n|turn|11\n|\n|t:|1739058756\n|switch|p2b: Brute Bonnet|Brute Bonnet, L50|91\/100\n|move|p2a: Weezing|Protect|p2a: Weezing\n|-singleturn|p2a: Weezing|Protect\n|move|p1b: Iron Hands|Drain Punch|p2b: Brute Bonnet\n|-supereffective|p2b: Brute Bonnet\n|-damage|p2b: Brute Bonnet|17\/100\n|\n|-weather|none\n|upkeep\n|turn|12\n|\n|t:|1739058776\n|move|p2a: Weezing|Strange Steam|p1b: Iron Hands\n|-supereffective|p1b: Iron Hands\n|-damage|p1b: Iron Hands|63\/100\n|move|p2b: Brute Bonnet|Spore|p1b: Iron Hands\n|-status|p1b: Iron Hands|slp|[from] move: Spore\n|cant|p1b: Iron Hands|slp\n|\n|upkeep\n|turn|13\n|\n|t:|1739058786\n|move|p2a: Weezing|Strange Steam|p1b: Iron Hands\n|-supereffective|p1b: Iron Hands\n|-damage|p1b: Iron Hands|23\/100 slp\n|move|p2b: Brute Bonnet|Bullet Seed|p1b: Iron Hands\n|-damage|p1b: Iron Hands|13\/100 slp\n|-damage|p1b: Iron Hands|3\/100 slp\n|-damage|p1b: Iron Hands|0 fnt\n|faint|p1b: Iron Hands\n|-end|p1b: Iron Hands|Quark Drive|[silent]\n|-hitcount|p1: Iron Hands|3\n|\n|win|juanessamal\n|raw|YxngDaws's rating: 1628 &rarr; <strong>1602<\/strong><br \/>(-26 for losing)\n|raw|juanessamal's rating: 1525 &rarr; <strong>1551<\/strong><br \/>(+26 for winning)\n|l|\u2606YxngDaws\n|player|p1|\n|l|\u2606juanessamal\n|player|p2|\n","uploadtime":1739058946,"views":5,"formatid":"gen9vgc2025regg","rating":1551,"private":0,"password":null}