{"id":"gen9vgc2025regg-2297552694","format":"[Gen 9] VGC 2025 Reg G","players":["Elektriktoad","futonkagebunshin"],"log":"|j|\u2606Elektriktoad\n|j|\u2606futonkagebunshin\n|t:|1739129265\n|gametype|doubles\n|player|p1|Elektriktoad|janine|1673\n|player|p2|futonkagebunshin|policeman-gen4|1583\n|teamsize|p1|6\n|teamsize|p2|6\n|gen|9\n|tier|[Gen 9] VGC 2025 Reg G\n|rated|\n|rule|Species Clause: Limit one of each Pok\u00e9mon\n|rule|Item Clause: Limit 1 of each item\n|clearpoke\n|poke|p1|Calyrex-Ice, L50|\n|poke|p1|Trapinch, L50, F|\n|poke|p1|Annihilape, L50, F|\n|poke|p1|Pelipper, L50, M|\n|poke|p1|Jigglypuff, L50, F|\n|poke|p1|Urshifu-*, L50, M|\n|poke|p2|Koraidon, L50|\n|poke|p2|Tornadus, L50, M|\n|poke|p2|Chi-Yu, L50|\n|poke|p2|Flutter Mane, L50|\n|poke|p2|Umbreon, L50, F|\n|poke|p2|Raging Bolt, L50|\n|teampreview|4\n|\n|t:|1739129286\n|start\n|switch|p1a: Annihilape|Annihilape, L50, F|100\/100\n|switch|p1b: Calyrex|Calyrex-Ice, L50|100\/100\n|switch|p2a: Tornadus|Tornadus, L50, M|100\/100\n|switch|p2b: Chi-Yu|Chi-Yu, L50|100\/100\n|-ability|p1b: Calyrex|As One\n|-ability|p1b: Calyrex|Unnerve\n|-ability|p2b: Chi-Yu|Beads of Ruin\n|turn|1\n|\n|t:|1739129314\n|move|p1b: Calyrex|Protect|p1b: Calyrex\n|-singleturn|p1b: Calyrex|Protect\n|move|p2a: Tornadus|Sunny Day|p2a: Tornadus\n|-weather|SunnyDay\n|move|p1a: Annihilape|Final Gambit|p2a: Tornadus\n|-damage|p2a: Tornadus|0 fnt\n|faint|p1a: Annihilape\n|faint|p2a: Tornadus\n|move|p2b: Chi-Yu|Heat Wave|p1b: Calyrex\n|-activate|p1b: Calyrex|move: Protect\n|\n|-weather|SunnyDay|[upkeep]\n|upkeep\n|\n|t:|1739129326\n|switch|p1a: Trapinch|Trapinch, L50, F|100\/100\n|switch|p2a: Umbreon|Umbreon, L50, F|100\/100\n|turn|2\n|\n|t:|1739129344\n|switch|p1a: Pelipper|Pelipper, L50, M|100\/100\n|-weather|RainDance|[from] ability: Drizzle|[of] p1a: Pelipper\n|-terastallize|p1b: Calyrex|Grass\n|move|p2b: Chi-Yu|Heat Wave|p1a: Pelipper|[spread] p1a,p1b\n|-resisted|p1a: Pelipper\n|-crit|p1a: Pelipper\n|-supereffective|p1b: Calyrex\n|-damage|p1a: Pelipper|57\/100\n|-damage|p1b: Calyrex|44\/100\n|move|p2a: Umbreon|Yawn|p1b: Calyrex\n|-start|p1b: Calyrex|move: Yawn|[of] p2a: Umbreon\n|move|p1b: Calyrex|Trick Room|p1b: Calyrex\n|-fieldstart|move: Trick Room|[of] p1b: Calyrex\n|\n|-weather|RainDance|[upkeep]\n|upkeep\n|turn|3\n|\n|t:|1739129402\n|switch|p1a: Trapinch|Trapinch, L50, F|100\/100\n|switch|p2b: Koraidon|Koraidon, L50|100\/100\n|-weather|SunnyDay|[from] ability: Orichalcum Pulse|[of] p2b: Koraidon\n|-activate|p2b: Koraidon|Orichalcum Pulse|[source]\n|move|p1b: Calyrex|Glacial Lance|p2b: Koraidon|[spread] p2a,p2b\n|-supereffective|p2b: Koraidon\n|-damage|p2a: Umbreon|58\/100\n|-damage|p2b: Koraidon|0 fnt\n|faint|p2b: Koraidon\n|-ability|p1b: Calyrex|Chilling Neigh|boost\n|-boost|p1b: Calyrex|atk|1\n|move|p2a: Umbreon|Foul Play|p1b: Calyrex\n|-damage|p1b: Calyrex|0 fnt\n|faint|p1b: Calyrex\n|\n|-weather|SunnyDay|[upkeep]\n|upkeep\n|\n|t:|1739129425\n|switch|p1b: Pelipper|Pelipper, L50, M|57\/100\n|switch|p2b: Chi-Yu|Chi-Yu, L50|100\/100\n|-weather|RainDance|[from] ability: Drizzle|[of] p1b: Pelipper\n|-ability|p2b: Chi-Yu|Beads of Ruin\n|turn|4\n|\n|t:|1739129435\n|-terastallize|p2b: Chi-Yu|Water\n|move|p1a: Trapinch|Earthquake|p2b: Chi-Yu|[spread] p2a,p2b\n|-immune|p1b: Pelipper\n|-damage|p2a: Umbreon|36\/100\n|-damage|p2b: Chi-Yu|58\/100\n|move|p1b: Pelipper|Weather Ball|p2a: Umbreon\n|-damage|p2a: Umbreon|0 fnt\n|faint|p2a: Umbreon\n|move|p2b: Chi-Yu|Dark Pulse|p1b: Pelipper\n|-damage|p1b: Pelipper|0 fnt\n|faint|p1b: Pelipper\n|\n|-weather|RainDance|[upkeep]\n|upkeep\n|turn|5\n|\n|t:|1739129445\n|move|p1a: Trapinch|Earthquake|p2b: Chi-Yu\n|-damage|p2b: Chi-Yu|0 fnt\n|faint|p2b: Chi-Yu\n|\n|win|Elektriktoad\n|raw|Elektriktoad's rating: 1673 &rarr; <strong>1688<\/strong><br \/>(+15 for winning)\n|raw|futonkagebunshin's rating: 1583 &rarr; <strong>1568<\/strong><br \/>(-15 for losing)\n|c|\u2606Elektriktoad|Gg\n|l|\u2606Elektriktoad\n|player|p1|\n","uploadtime":1739129461,"views":12,"formatid":"gen9vgc2025regg","rating":1568,"private":0,"password":null}