{"id":"gen9vgc2025regg-2297914049","format":"[Gen 9] VGC 2025 Reg G","players":["sibylla_system","Tester_SF04"],"log":"|j|\u2606sibylla_system\n|j|\u2606Tester_SF04\n|t:|1739185668\n|gametype|doubles\n|player|p1|sibylla_system|169|1553\n|player|p2|Tester_SF04|hiker-gen4|1564\n|teamsize|p1|6\n|teamsize|p2|6\n|gen|9\n|tier|[Gen 9] VGC 2025 Reg G\n|rated|\n|rule|Species Clause: Limit one of each Pok\u00e9mon\n|rule|Item Clause: Limit 1 of each item\n|clearpoke\n|poke|p1|Calyrex-Ice, L50|\n|poke|p1|Urshifu-*, L50, M|\n|poke|p1|Amoonguss, L50, F|\n|poke|p1|Raging Bolt, L50|\n|poke|p1|Incineroar, L50, M|\n|poke|p1|Landorus, L50, M|\n|poke|p2|Calyrex-Ice, L50|\n|poke|p2|Slowking-Galar, L50, M|\n|poke|p2|Grimmsnarl, L50, M|\n|poke|p2|Landorus, L50, M|\n|poke|p2|Regieleki, L50|\n|poke|p2|Urshifu-*, L50, F|\n|teampreview|4\n|inactive|Battle timer is ON: inactive players will automatically lose when time's up. (requested by Tester_SF04)\n|inactive|sibylla_system has 60 seconds left.\n|\n|t:|1739185750\n|start\n|switch|p1a: Urshifu|Urshifu-Rapid-Strike, L50, M|100\/100\n|switch|p1b: Incineroar|Incineroar, L50, M|100\/100\n|switch|p2a: Grimmsnarl|Grimmsnarl, L50, M|100\/100\n|switch|p2b: Calyrex|Calyrex-Ice, L50|100\/100\n|-ability|p2b: Calyrex|As One\n|-ability|p2b: Calyrex|Unnerve\n|-ability|p1b: Incineroar|Intimidate|boost\n|-unboost|p2a: Grimmsnarl|atk|1\n|-unboost|p2b: Calyrex|atk|1\n|turn|1\n|inactive|sibylla_system has 30 seconds left.\n|inactive|Tester_SF04 has 30 seconds left.\n|\n|t:|1739185783\n|-terastallize|p2b: Calyrex|Water\n|move|p1b: Incineroar|Fake Out|p2a: Grimmsnarl\n|-damage|p2a: Grimmsnarl|90\/100\n|cant|p2a: Grimmsnarl|flinch\n|move|p1a: Urshifu|Surging Strikes|p2a: Grimmsnarl\n|-crit|p2a: Grimmsnarl\n|-damage|p2a: Grimmsnarl|67\/100\n|-crit|p2a: Grimmsnarl\n|-damage|p2a: Grimmsnarl|46\/100\n|-crit|p2a: Grimmsnarl\n|-damage|p2a: Grimmsnarl|24\/100\n|-hitcount|p2a: Grimmsnarl|3\n|move|p2b: Calyrex|Glacial Lance|p1a: Urshifu|[spread] p1a,p1b\n|-resisted|p1a: Urshifu\n|-resisted|p1b: Incineroar\n|-damage|p1a: Urshifu|83\/100\n|-damage|p1b: Incineroar|89\/100\n|\n|upkeep\n|turn|2\n|\n|t:|1739185803\n|move|p2a: Grimmsnarl|Misty Terrain|p2a: Grimmsnarl\n|-fieldstart|move: Misty Terrain\n|move|p1a: Urshifu|Surging Strikes|p2a: Grimmsnarl\n|-crit|p2a: Grimmsnarl\n|-damage|p2a: Grimmsnarl|1\/100\n|-crit|p2a: Grimmsnarl\n|-damage|p2a: Grimmsnarl|0 fnt\n|faint|p2a: Grimmsnarl\n|-hitcount|p2: Grimmsnarl|2\n|move|p1b: Incineroar|Knock Off|p2b: Calyrex\n|-damage|p2b: Calyrex|77\/100\n|-enditem|p2b: Calyrex|Covert Cloak|[from] move: Knock Off|[of] p1b: Incineroar\n|move|p2b: Calyrex|Trick Room|p2b: Calyrex\n|-fieldstart|move: Trick Room|[of] p2b: Calyrex\n|\n|upkeep\n|\n|t:|1739185808\n|switch|p2a: Slowking|Slowking-Galar, L50, M|100\/100\n|-clearboost|p2b: Calyrex|[from] ability: Curious Medicine|[of] p2a: Slowking\n|turn|3\n|\n|t:|1739185820\n|move|p1a: Urshifu|Protect|p1a: Urshifu\n|-singleturn|p1a: Urshifu|Protect\n|move|p2a: Slowking|Heal Pulse|p2b: Calyrex\n|-heal|p2b: Calyrex|100\/100\n|move|p2b: Calyrex|High Horsepower|p1b: Incineroar\n|-supereffective|p1b: Incineroar\n|-crit|p1b: Incineroar\n|-damage|p1b: Incineroar|7\/100\n|-damage|p2b: Calyrex|84\/100|[from] item: Rocky Helmet|[of] p1b: Incineroar\n|move|p1b: Incineroar|Parting Shot|p2b: Calyrex\n|-unboost|p2b: Calyrex|atk|1\n|-unboost|p2b: Calyrex|spa|1\n|\n|t:|1739185832\n|switch|p1b: Calyrex|Calyrex-Ice, L50|100\/100|[from] Parting Shot\n|-ability|p1b: Calyrex|As One\n|-ability|p1b: Calyrex|Unnerve\n|\n|upkeep\n|turn|4\n|\n|t:|1739185844\n|switch|p1a: Incineroar|Incineroar, L50, M|7\/100\n|-ability|p1a: Incineroar|Intimidate|boost\n|-unboost|p2a: Slowking|atk|1\n|-unboost|p2b: Calyrex|atk|1\n|move|p2a: Slowking|Psychic|p1a: Incineroar\n|-immune|p1a: Incineroar\n|move|p2b: Calyrex|Glacial Lance|p1a: Incineroar|[spread] p1a,p1b\n|-resisted|p1a: Incineroar\n|-resisted|p1b: Calyrex\n|-damage|p1a: Incineroar|0 fnt\n|-damage|p1b: Calyrex|93\/100\n|faint|p1a: Incineroar\n|-ability|p2b: Calyrex|Chilling Neigh|boost\n|-boost|p2b: Calyrex|atk|1\n|move|p1b: Calyrex|Glacial Lance|p2b: Calyrex|[spread] p2a,p2b\n|-resisted|p2b: Calyrex\n|-damage|p2a: Slowking|46\/100\n|-damage|p2b: Calyrex|65\/100\n|\n|upkeep\n|\n|t:|1739185861\n|switch|p1a: Urshifu|Urshifu-Rapid-Strike, L50, M|83\/100\n|turn|5\n|\n|t:|1739185872\n|move|p1a: Urshifu|Protect|p1a: Urshifu\n|-singleturn|p1a: Urshifu|Protect\n|move|p2a: Slowking|Heal Pulse|p2b: Calyrex\n|-heal|p2b: Calyrex|100\/100\n|move|p2b: Calyrex|Glacial Lance|p1b: Calyrex|[spread] p1b\n|-activate|p1a: Urshifu|move: Protect\n|-resisted|p1b: Calyrex\n|-damage|p1b: Calyrex|83\/100\n|move|p1b: Calyrex|Glacial Lance|p2a: Slowking|[spread] p2a,p2b\n|-resisted|p2b: Calyrex\n|-damage|p2a: Slowking|0 fnt\n|-damage|p2b: Calyrex|83\/100\n|faint|p2a: Slowking\n|-ability|p1b: Calyrex|Chilling Neigh|boost\n|-boost|p1b: Calyrex|atk|1\n|\n|upkeep\n|\n|t:|1739185875\n|switch|p2a: Urshifu|Urshifu-Rapid-Strike, L50, F|100\/100\n|turn|6\n|inactive|sibylla_system has 30 seconds left.\n|\n|t:|1739185901\n|move|p2b: Calyrex|Glacial Lance|p1a: Urshifu|[spread] p1a,p1b\n|-resisted|p1a: Urshifu\n|-crit|p1a: Urshifu\n|-resisted|p1b: Calyrex\n|-damage|p1a: Urshifu|48\/100\n|-damage|p1b: Calyrex|72\/100\n|move|p1b: Calyrex|Glacial Lance|p2a: Urshifu|[spread] p2a,p2b\n|-resisted|p2a: Urshifu\n|-resisted|p2b: Calyrex\n|-damage|p2a: Urshifu|58\/100\n|-damage|p2b: Calyrex|58\/100\n|move|p1a: Urshifu|Surging Strikes|p2a: Urshifu\n|-resisted|p2a: Urshifu\n|-crit|p2a: Urshifu\n|-damage|p2a: Urshifu|47\/100\n|-resisted|p2a: Urshifu\n|-crit|p2a: Urshifu\n|-damage|p2a: Urshifu|36\/100\n|-resisted|p2a: Urshifu\n|-crit|p2a: Urshifu\n|-damage|p2a: Urshifu|23\/100\n|-hitcount|p2a: Urshifu|3\n|move|p2a: Urshifu|Close Combat|p1a: Urshifu\n|-damage|p1a: Urshifu|0 fnt\n|-unboost|p2a: Urshifu|def|1\n|-unboost|p2a: Urshifu|spd|1\n|faint|p1a: Urshifu\n|\n|-fieldend|move: Trick Room\n|-fieldend|Misty Terrain\n|upkeep\n|\n|t:|1739185921\n|switch|p1a: Amoonguss|Amoonguss, L50, F|100\/100\n|turn|7\n|\n|t:|1739185931\n|-terastallize|p1a: Amoonguss|Normal\n|move|p2a: Urshifu|Surging Strikes|p1b: Calyrex\n|-crit|p1b: Calyrex\n|-damage|p1b: Calyrex|58\/100\n|-crit|p1b: Calyrex\n|-damage|p1b: Calyrex|43\/100\n|-crit|p1b: Calyrex\n|-damage|p1b: Calyrex|29\/100\n|-hitcount|p1b: Calyrex|3\n|move|p1b: Calyrex|Glacial Lance|p2a: Urshifu|[spread] p2a,p2b\n|-resisted|p2a: Urshifu\n|-resisted|p2b: Calyrex\n|-damage|p2a: Urshifu|0 fnt\n|-damage|p2b: Calyrex|30\/100\n|faint|p2a: Urshifu\n|-ability|p1b: Calyrex|Chilling Neigh|boost\n|-boost|p1b: Calyrex|atk|1\n|move|p2b: Calyrex|Glacial Lance|p1b: Calyrex|[spread] p1a,p1b\n|-resisted|p1b: Calyrex\n|-damage|p1a: Amoonguss|62\/100\n|-damage|p1b: Calyrex|17\/100\n|move|p1a: Amoonguss|Spore|p2b: Calyrex\n|-status|p2b: Calyrex|slp|[from] move: Spore\n|\n|upkeep\n|turn|8\n|-message|Tester_SF04 forfeited.\n|\n|win|sibylla_system\n|raw|sibylla_system's rating: 1553 &rarr; <strong>1574<\/strong><br \/>(+21 for winning)\n|raw|Tester_SF04's rating: 1564 &rarr; <strong>1543<\/strong><br \/>(-21 for losing)\n|l|\u2606Tester_SF04\n|player|p2|\n","uploadtime":1739186166,"views":8,"formatid":"gen9vgc2025regg","rating":1543,"private":0,"password":null}