{"id":"gen9vgc2025regg-2297241032","format":"[Gen 9] VGC 2025 Reg G","players":["sibylla_system","zero_the_enforcer"],"log":"|j|\u2606sibylla_system\n|j|\u2606zero_the_enforcer\n|t:|1739078188\n|gametype|doubles\n|player|p1|sibylla_system|265|1660\n|player|p2|zero_the_enforcer|265|1619\n|teamsize|p1|6\n|teamsize|p2|6\n|gen|9\n|tier|[Gen 9] VGC 2025 Reg G\n|rated|\n|rule|Species Clause: Limit one of each Pok\u00e9mon\n|rule|Item Clause: Limit 1 of each item\n|clearpoke\n|poke|p1|Terapagos, L50, M|\n|poke|p1|Whimsicott, L50, F|\n|poke|p1|Incineroar, L50, M|\n|poke|p1|Urshifu-*, L50, F|\n|poke|p1|Flutter Mane, L50|\n|poke|p1|Landorus, L50, M|\n|poke|p2|Miraidon, L50|\n|poke|p2|Chi-Yu, L50|\n|poke|p2|Whimsicott, L50, F|\n|poke|p2|Farigiraf, L50, F|\n|poke|p2|Ursaluna, L50, F|\n|poke|p2|Grimmsnarl, L50, M|\n|teampreview|4\n|\n|t:|1739078214\n|start\n|switch|p1a: Terapagos|Terapagos, L50, M|100\/100\n|switch|p1b: Incineroar|Incineroar, L50, M|100\/100\n|switch|p2a: Miraidon|Miraidon, L50|100\/100\n|switch|p2b: Chi-Yu|Chi-Yu, L50|100\/100\n|-activate|p1a: Terapagos|ability: Tera Shift\n|detailschange|p1a: Terapagos|Terapagos-Terastal, L50, M\n|-heal|p1a: Terapagos|100\/100|[silent]\n|-ability|p2b: Chi-Yu|Beads of Ruin\n|-fieldstart|move: Electric Terrain|[from] ability: Hadron Engine|[of] p2a: Miraidon\n|-ability|p1b: Incineroar|Intimidate|boost\n|-unboost|p2a: Miraidon|atk|1\n|-unboost|p2b: Chi-Yu|atk|1\n|turn|1\n|j| mr pogostick\n|\n|t:|1739078232\n|-terastallize|p2b: Chi-Yu|Fire\n|move|p1b: Incineroar|Fake Out|p2a: Miraidon\n|-damage|p2a: Miraidon|92\/100\n|move|p2b: Chi-Yu|Overheat|p1a: Terapagos\n|-activate|p1a: Terapagos|ability: Tera Shell\n|-resisted|p1a: Terapagos\n|-damage|p1a: Terapagos|30\/100\n|-unboost|p2b: Chi-Yu|spa|2\n|cant|p2a: Miraidon|flinch\n|move|p1a: Terapagos|Tera Starstorm|p2a: Miraidon\n|-damage|p2a: Miraidon|11\/100\n|\n|upkeep\n|turn|2\n|\n|t:|1739078269\n|switch|p1a: Landorus|Landorus, L50, M|100\/100\n|move|p2b: Chi-Yu|Overheat|p1a: Landorus|[miss]\n|-miss|p2b: Chi-Yu|p1a: Landorus\n|move|p2a: Miraidon|Electro Drift|p1b: Incineroar\n|-damage|p1b: Incineroar|0 fnt\n|-damage|p2a: Miraidon|0 fnt|[from] item: Rocky Helmet|[of] p1b: Incineroar\n|faint|p1b: Incineroar\n|faint|p2a: Miraidon\n|\n|upkeep\n|\n|t:|1739078281\n|switch|p2a: Farigiraf|Farigiraf, L50, F|100\/100\n|switch|p1b: Terapagos|Terapagos-Terastal, L50, M|30\/100\n|-enditem|p2a: Farigiraf|Electric Seed\n|-boost|p2a: Farigiraf|def|1|[from] item: Electric Seed\n|turn|3\n|\n|t:|1739078290\n|-terastallize|p1b: Terapagos|Stellar\n|detailschange|p1b: Terapagos|Terapagos-Stellar, L50, M, tera:Stellar\n|-heal|p1b: Terapagos|49\/100|[silent]\n|-ability|p1b: Terapagos|Teraform Zero\n|-fieldend|move: Electric Terrain\n|move|p2b: Chi-Yu|Overheat|p1b: Terapagos\n|-damage|p1b: Terapagos|0 fnt\n|-unboost|p2b: Chi-Yu|spa|2\n|faint|p1b: Terapagos\n|move|p1a: Landorus|Earth Power|p2a: Farigiraf\n|-damage|p2a: Farigiraf|26\/100\n|move|p2a: Farigiraf|Trick Room|p2a: Farigiraf\n|-fieldstart|move: Trick Room|[of] p2a: Farigiraf\n|\n|upkeep\n|\n|t:|1739078303\n|switch|p1b: Whimsicott|Whimsicott, L50, F|100\/100\n|turn|4\n|\n|t:|1739078319\n|switch|p2b: Ursaluna|Ursaluna, L50, F|100\/100\n|move|p2a: Farigiraf|Psychic|p1a: Landorus\n|-damage|p1a: Landorus|60\/100\n|move|p1b: Whimsicott|Moonblast|p2b: Ursaluna\n|-damage|p2b: Ursaluna|76\/100\n|-unboost|p2b: Ursaluna|spa|1\n|move|p1a: Landorus|Earth Power|p2b: Ursaluna\n|-damage|p2b: Ursaluna|16\/100\n|\n|-status|p2b: Ursaluna|brn|[from] item: Flame Orb\n|upkeep\n|turn|5\n|\n|t:|1739078344\n|move|p1a: Landorus|Protect|p1a: Landorus\n|-singleturn|p1a: Landorus|Protect\n|move|p2b: Ursaluna|Facade|p1b: Whimsicott\n|-damage|p1b: Whimsicott|0 fnt\n|faint|p1b: Whimsicott\n|move|p2a: Farigiraf|Psychic|p1a: Landorus\n|-activate|p1a: Landorus|move: Protect\n|\n|-damage|p2b: Ursaluna|10\/100 brn|[from] brn\n|upkeep\n|turn|6\n|-message|sibylla_system forfeited.\n|\n|win|zero_the_enforcer\n|raw|sibylla_system's rating: 1660 &rarr; <strong>1638<\/strong><br \/>(-22 for losing)\n|raw|zero_the_enforcer's rating: 1619 &rarr; <strong>1641<\/strong><br \/>(+22 for winning)\n|l|\u2606sibylla_system\n|player|p1|\n|l| mr pogostick\n|l|\u2606zero_the_enforcer\n|player|p2|\n","uploadtime":1739078609,"views":14,"formatid":"gen9vgc2025regg","rating":1638,"private":0,"password":null}