{"id":"gen9vgc2025regg-2297274730","format":"[Gen 9] VGC 2025 Reg G","players":["syarisyari","llefface"],"log":"|j|\u2606syarisyari\n|j|\u2606llefface\n|t:|1739084430\n|gametype|doubles\n|player|p1|syarisyari|266|1550\n|player|p2|llefface|lana-masters|1677\n|teamsize|p1|6\n|teamsize|p2|6\n|gen|9\n|tier|[Gen 9] VGC 2025 Reg G\n|rated|\n|rule|Species Clause: Limit one of each Pok\u00e9mon\n|rule|Item Clause: Limit 1 of each item\n|clearpoke\n|poke|p1|Miraidon, L50|\n|poke|p1|Oranguru, L50, M|\n|poke|p1|Grimmsnarl, L50, M|\n|poke|p1|Incineroar, L50, F|\n|poke|p1|Lanturn, L50, F|\n|poke|p1|Urshifu-*, L50, M|\n|poke|p2|Terapagos, L50, M|\n|poke|p2|Iron Hands, L50|\n|poke|p2|Ogerpon-Wellspring, L50, F|\n|poke|p2|Chi-Yu, L50|\n|poke|p2|Farigiraf, L50, M|\n|poke|p2|Flutter Mane, L50|\n|teampreview|4\n|j| lyqvgc\n|c|\u2606llefface|glhf!\n|\n|t:|1739084465\n|start\n|switch|p1a: Miraidon|Miraidon, L50|100\/100\n|switch|p1b: Grimmsnarl|Grimmsnarl, L50, M|100\/100\n|switch|p2a: Terapagos|Terapagos, L50, M|100\/100\n|switch|p2b: Flutter Mane|Flutter Mane, L50|100\/100\n|-activate|p2a: Terapagos|ability: Tera Shift\n|detailschange|p2a: Terapagos|Terapagos-Terastal, L50, M\n|-heal|p2a: Terapagos|100\/100|[silent]\n|-fieldstart|move: Electric Terrain|[from] ability: Hadron Engine|[of] p1a: Miraidon\n|-enditem|p2b: Flutter Mane|Booster Energy\n|-activate|p2b: Flutter Mane|ability: Protosynthesis|[fromitem]\n|-start|p2b: Flutter Mane|protosynthesisspe\n|turn|1\n|\n|t:|1739084499\n|move|p1a: Miraidon|Protect|p1a: Miraidon\n|-singleturn|p1a: Miraidon|Protect\n|move|p1b: Grimmsnarl|Taunt|p2a: Terapagos\n|-start|p2a: Terapagos|move: Taunt\n|move|p2b: Flutter Mane|Moonblast|p1b: Grimmsnarl\n|-supereffective|p1b: Grimmsnarl\n|-damage|p1b: Grimmsnarl|19\/100\n|move|p2a: Terapagos|Tera Starstorm|p1b: Grimmsnarl\n|-damage|p1b: Grimmsnarl|0 fnt\n|faint|p1b: Grimmsnarl\n|\n|upkeep\n|\n|t:|1739084511\n|switch|p1b: Lanturn|Lanturn, L50, F|100\/100\n|turn|2\n|c|\u2606llefface|!dt lanturn\n|raw|<div class=\"message\"><ul class=\"utilichart\"><li class=\"result\"><span class=\"col numcol\">(DUU)<\/span> <span class=\"col iconcol\"><psicon pokemon=\"lanturn\"\/><\/span> <span class=\"col pokemonnamecol\" style=\"white-space:nowrap\"><a href=\"https:\/\/dex.pokemonshowdown.com\/pokemon\/lanturn\" target=\"_blank\">Lanturn<\/a><\/span> <span class=\"col typecol\"><img src=\"https:\/\/play.pokemonshowdown.com\/sprites\/types\/Water.png\" alt=\"Water\" height=\"14\" width=\"32\"><img src=\"https:\/\/play.pokemonshowdown.com\/sprites\/types\/Electric.png\" alt=\"Electric\" height=\"14\" width=\"32\"><\/span> <span style=\"float:left;min-height:26px\"><span class=\"col twoabilitycol\">Volt Absorb<br \/>Illuminate<\/span><span class=\"col abilitycol\"><em>Water Absorb<\/em><\/span><\/span><span style=\"float:left;min-height:26px\"><span class=\"col statcol\"><em>HP<\/em><br \/>125<\/span> <span class=\"col statcol\"><em>Atk<\/em><br \/>58<\/span> <span class=\"col statcol\"><em>Def<\/em><br \/>58<\/span> <span class=\"col statcol\"><em>SpA<\/em><br \/>76<\/span> <span class=\"col statcol\"><em>SpD<\/em><br \/>76<\/span> <span class=\"col statcol\"><em>Spe<\/em><br \/>67<\/span> <span class=\"col bstcol\"><em>BST<br \/>460<\/em><\/span> <\/span><\/li><li style=\"clear:both\"><\/li><\/ul><\/div>\n|raw|<font size=\"1\"><font color=\"#686868\">Dex#:<\/font> 171&nbsp;|&ThickSpace;<font color=\"#686868\">Gen:<\/font> 2&nbsp;|&ThickSpace;<font color=\"#686868\">Height:<\/font> 1.2 m&nbsp;|&ThickSpace;<font color=\"#686868\">Weight:<\/font> 22.5 kg <em>(40 BP)<\/em>&nbsp;|&ThickSpace;<font color=\"#686868\">Dex Colour:<\/font> Blue&nbsp;|&ThickSpace;<font color=\"#686868\">Egg Group(s):<\/font> Water 2&nbsp;|&ThickSpace;<font color=\"#686868\">Pre-Evolution:<\/font> Chinchou&nbsp;|&ThickSpace;<font color=\"#686868\">Does Not Evolve<\/font><\/font>\n\n|\n|t:|1739084540\n|-terastallize|p1a: Miraidon|Fire\n|move|p2b: Flutter Mane|Icy Wind|p1a: Miraidon|[spread] p1b\n|-miss|p2b: Flutter Mane|p1a: Miraidon\n|-resisted|p1b: Lanturn\n|-damage|p1b: Lanturn|95\/100\n|-unboost|p1b: Lanturn|spe|1\n|move|p1a: Miraidon|Calm Mind|p1a: Miraidon\n|-boost|p1a: Miraidon|spa|1\n|-boost|p1a: Miraidon|spd|1\n|move|p2a: Terapagos|Tera Starstorm|p1a: Miraidon\n|-damage|p1a: Miraidon|51\/100\n|move|p1b: Lanturn|Icy Wind|p2a: Terapagos|[spread] p2a,p2b\n|-activate|p2a: Terapagos|ability: Tera Shell\n|-resisted|p2a: Terapagos\n|-damage|p2a: Terapagos|97\/100\n|-damage|p2b: Flutter Mane|94\/100\n|-unboost|p2a: Terapagos|spe|1\n|-unboost|p2b: Flutter Mane|spe|1\n|\n|upkeep\n|turn|3\n|\n|t:|1739084558\n|switch|p2a: Iron Hands|Iron Hands, L50|100\/100\n|-activate|p2a: Iron Hands|ability: Quark Drive\n|-start|p2a: Iron Hands|quarkdriveatk\n|move|p2b: Flutter Mane|Icy Wind|p1a: Miraidon|[spread] p1a\n|-miss|p2b: Flutter Mane|p1b: Lanturn\n|-resisted|p1a: Miraidon\n|-damage|p1a: Miraidon|48\/100\n|move|p1a: Miraidon|Parabolic Charge|p2a: Iron Hands|[spread] p2a,p2b\n|-heal|p1b: Lanturn|100\/100|[from] ability: Volt Absorb|[of] p1a: Miraidon\n|-resisted|p2a: Iron Hands\n|-damage|p2a: Iron Hands|82\/100\n|-heal|p1a: Miraidon|59\/100|[from] drain|[of] p2a: Iron Hands\n|-damage|p2b: Flutter Mane|34\/100\n|-heal|p1a: Miraidon|82\/100|[from] drain|[of] p2b: Flutter Mane\n|move|p1b: Lanturn|Flip Turn|p2b: Flutter Mane\n|-crit|p2b: Flutter Mane\n|-damage|p2b: Flutter Mane|2\/100\n|\n|t:|1739084577\n|switch|p1b: Urshifu|Urshifu, L50, M|100\/100|[from] Flip Turn\n|\n|upkeep\n|turn|4\n|\n|t:|1739084604\n|move|p1b: Urshifu|Detect|p1b: Urshifu\n|-singleturn|p1b: Urshifu|Protect\n|move|p2a: Iron Hands|Fake Out|p1b: Urshifu\n|-activate|p1b: Urshifu|move: Protect\n|move|p2b: Flutter Mane|Moonblast|p1b: Urshifu\n|-activate|p1b: Urshifu|move: Protect\n|move|p1a: Miraidon|Parabolic Charge|p2b: Flutter Mane|[spread] p2a,p2b\n|-activate|p1b: Urshifu|move: Protect\n|-resisted|p2a: Iron Hands\n|-damage|p2a: Iron Hands|65\/100\n|-heal|p1a: Miraidon|91\/100|[from] drain|[of] p2a: Iron Hands\n|-damage|p2b: Flutter Mane|0 fnt\n|-heal|p1a: Miraidon|92\/100|[from] drain|[of] p2b: Flutter Mane\n|faint|p2b: Flutter Mane\n|-end|p2b: Flutter Mane|Protosynthesis|[silent]\n|\n|upkeep\n|\n|t:|1739084608\n|switch|p2b: Chi-Yu|Chi-Yu, L50|100\/100\n|-ability|p2b: Chi-Yu|Beads of Ruin\n|turn|5\n|\n|t:|1739084633\n|move|p2b: Chi-Yu|Heat Wave|p1a: Miraidon|[spread] p1a,p1b\n|-resisted|p1a: Miraidon\n|-damage|p1a: Miraidon|78\/100\n|-damage|p1b: Urshifu|25\/100\n|move|p1a: Miraidon|Dragon Pulse|p2a: Iron Hands\n|-damage|p2a: Iron Hands|3\/100\n|move|p1b: Urshifu|Close Combat|p2a: Iron Hands\n|-damage|p2a: Iron Hands|0 fnt\n|-unboost|p1b: Urshifu|def|1\n|-unboost|p1b: Urshifu|spd|1\n|faint|p2a: Iron Hands\n|-end|p2a: Iron Hands|Quark Drive|[silent]\n|\n|-fieldend|move: Electric Terrain\n|upkeep\n|\n|t:|1739084641\n|switch|p2a: Terapagos|Terapagos-Terastal, L50, M|97\/100\n|turn|6\n|\n|t:|1739084655\n|-terastallize|p2a: Terapagos|Stellar\n|detailschange|p2a: Terapagos|Terapagos-Stellar, L50, M, tera:Stellar\n|-heal|p2a: Terapagos|98\/100|[silent]\n|move|p1b: Urshifu|Detect|p1b: Urshifu\n|-singleturn|p1b: Urshifu|Protect\n|move|p2b: Chi-Yu|Heat Wave|p1b: Urshifu|[spread] p1a\n|-activate|p1b: Urshifu|move: Protect\n|-resisted|p1a: Miraidon\n|-damage|p1a: Miraidon|64\/100\n|move|p1a: Miraidon|Calm Mind|p1a: Miraidon\n|-boost|p1a: Miraidon|spa|1\n|-boost|p1a: Miraidon|spd|1\n|move|p2a: Terapagos|Tera Starstorm|p1a: Miraidon|[spread] p1a\n|-activate|p1b: Urshifu|move: Protect\n|-supereffective|p1a: Miraidon\n|-damage|p1a: Miraidon|2\/100\n|\n|upkeep\n|turn|7\n|\n|t:|1739084671\n|switch|p1b: Lanturn|Lanturn, L50, F|100\/100\n|move|p2b: Chi-Yu|Heat Wave|p1b: Lanturn|[spread] p1a,p1b\n|-resisted|p1a: Miraidon\n|-resisted|p1b: Lanturn\n|-damage|p1a: Miraidon|0 fnt\n|-damage|p1b: Lanturn|79\/100\n|faint|p1a: Miraidon\n|move|p2a: Terapagos|Tera Starstorm|p1b: Lanturn\n|-damage|p1b: Lanturn|0 fnt\n|faint|p1b: Lanturn\n|\n|upkeep\n|-message|syarisyari forfeited.\n|\n|win|llefface\n|raw|syarisyari's rating: 1550 &rarr; <strong>1537<\/strong><br \/>(-13 for losing)\n|raw|llefface's rating: 1677 &rarr; <strong>1690<\/strong><br \/>(+13 for winning)\n|l|\u2606syarisyari\n|player|p1|\n|l|\u2606llefface\n|player|p2|\n|l| lyqvgc\n","uploadtime":1739084843,"views":7,"formatid":"gen9vgc2025regg","rating":1537,"private":0,"password":null}