{"id":"gen9vgc2025regg-2297173986","format":"[Gen 9] VGC 2025 Reg G","players":["actuary97","something123"],"log":"|j|\u2606actuary97\n|j|\u2606something123\n|t:|1739068160\n|gametype|doubles\n|player|p1|actuary97|sabrina-frlg|1635\n|player|p2|something123|1|1784\n|teamsize|p1|6\n|teamsize|p2|6\n|gen|9\n|tier|[Gen 9] VGC 2025 Reg G\n|rated|\n|rule|Species Clause: Limit one of each Pok\u00e9mon\n|rule|Item Clause: Limit 1 of each item\n|clearpoke\n|poke|p1|Roaring Moon, L50|\n|poke|p1|Chi-Yu, L50|\n|poke|p1|Iron Hands, L50|\n|poke|p1|Regieleki, L50|\n|poke|p1|Whimsicott, L50, F|\n|poke|p1|Miraidon, L50|\n|poke|p2|Brute Bonnet, L50|\n|poke|p2|Walking Wake, L50|\n|poke|p2|Indeedee-F, L50, F|\n|poke|p2|Gouging Fire, L50|\n|poke|p2|Flutter Mane, L50|\n|poke|p2|Koraidon, L50|\n|teampreview|4\nactuary97 has agreed to open team sheets.\n|inactive|Battle timer is ON: inactive players will automatically lose when time's up. (requested by actuary97)\n|inactive|something123 has 60 seconds left.\n|\n|t:|1739068238\n|start\n|switch|p1a: Roaring Moon|Roaring Moon, L50|100\/100\n|switch|p1b: Miraidon|Miraidon, L50|100\/100\n|switch|p2a: Koraidon|Koraidon, L50|100\/100\n|switch|p2b: Brute Bonnet|Brute Bonnet, L50|100\/100\n|-fieldstart|move: Electric Terrain|[from] ability: Hadron Engine|[of] p1b: Miraidon\n|-weather|SunnyDay|[from] ability: Orichalcum Pulse|[of] p2a: Koraidon\n|-activate|p1a: Roaring Moon|ability: Protosynthesis\n|-start|p1a: Roaring Moon|protosynthesisspe\n|-activate|p2b: Brute Bonnet|ability: Protosynthesis\n|-start|p2b: Brute Bonnet|protosynthesisdef\n|-activate|p2a: Koraidon|Orichalcum Pulse|[source]\n|turn|1\n|inactive|actuary97 has 30 seconds left.\n|inactive|actuary97 has 20 seconds left.\n|inactive|actuary97 has 15 seconds left.\n|inactive|actuary97 has 10 seconds left.\n|inactive|actuary97 has 5 seconds left.\n|\n|t:|1739068290\n|switch|p2a: Indeedee|Indeedee-F, L50, F|100\/100\n|-fieldstart|move: Psychic Terrain|[from] ability: Psychic Surge|[of] p2a: Indeedee\n|-enditem|p2a: Indeedee|Psychic Seed\n|-boost|p2a: Indeedee|spd|1|[from] item: Psychic Seed\n|move|p1a: Roaring Moon|Dragon Cheer|p1b: Miraidon\n|-start|p1b: Miraidon|move: Dragon Cheer\n|move|p1b: Miraidon|Draco Meteor|p2a: Indeedee\n|-crit|p2a: Indeedee\n|-damage|p2a: Indeedee|0 fnt\n|-unboost|p1b: Miraidon|spa|2\n|faint|p2a: Indeedee\n|move|p2b: Brute Bonnet|Spore|p1b: Miraidon\n|-status|p1b: Miraidon|slp|[from] move: Spore\n|\n|-weather|SunnyDay|[upkeep]\n|upkeep\n|\n|t:|1739068305\n|switch|p2a: Koraidon|Koraidon, L50|100\/100\n|-activate|p2a: Koraidon|ability: Orichalcum Pulse\n|turn|2\n|\n|t:|1739068331\n|switch|p1b: Iron Hands|Iron Hands, L50|100\/100\n|move|p1a: Roaring Moon|Knock Off|p2a: Koraidon\n|-resisted|p2a: Koraidon\n|-damage|p2a: Koraidon|77\/100\n|-enditem|p2a: Koraidon|Clear Amulet|[from] move: Knock Off|[of] p1a: Roaring Moon\n|move|p2a: Koraidon|Flame Charge|p1a: Roaring Moon\n|-resisted|p1a: Roaring Moon\n|-damage|p1a: Roaring Moon|76\/100\n|-boost|p2a: Koraidon|spe|1\n|move|p2b: Brute Bonnet|Spore|p1b: Iron Hands\n|-status|p1b: Iron Hands|slp|[from] move: Spore\n|\n|-weather|SunnyDay|[upkeep]\n|upkeep\n|turn|3\n|inactive|something123 has 30 seconds left.\n|inactive|actuary97 has 30 seconds left.\n|\n|t:|1739068364\n|-end|p2b: Brute Bonnet|Protosynthesis|[silent]\n|switch|p2b: Flutter Mane|Flutter Mane, L50|100\/100\n|-activate|p2b: Flutter Mane|ability: Protosynthesis\n|-start|p2b: Flutter Mane|protosynthesisspe\n|move|p1a: Roaring Moon|Breaking Swipe|p2a: Koraidon|[spread] p2a\n|-immune|p2b: Flutter Mane\n|-supereffective|p2a: Koraidon\n|-damage|p2a: Koraidon|37\/100\n|-unboost|p2a: Koraidon|atk|1\n|move|p2a: Koraidon|Collision Course|p1b: Iron Hands\n|-damage|p1b: Iron Hands|66\/100 slp\n|cant|p1b: Iron Hands|slp\n|\n|-weather|SunnyDay|[upkeep]\n|upkeep\n|turn|4\n|inactive|actuary97 has 30 seconds left.\n|inactive|something123 has 30 seconds left.\n|inactive|actuary97 has 20 seconds left.\n|inactive|something123 has 20 seconds left.\n|inactive|actuary97 has 15 seconds left.\n|inactive|something123 has 15 seconds left.\n|inactive|actuary97 has 10 seconds left.\n|inactive|something123 has 10 seconds left.\n|inactive|something123 has 5 seconds left.\n|\n|t:|1739068418\n|-terastallize|p1a: Roaring Moon|Flying\n|move|p2a: Koraidon|Protect|p2a: Koraidon\n|-singleturn|p2a: Koraidon|Protect\n|move|p2b: Flutter Mane|Moonblast|p1a: Roaring Moon\n|-damage|p1a: Roaring Moon|22\/100\n|move|p1a: Roaring Moon|Knock Off|p2b: Flutter Mane\n|-enditem|p2b: Flutter Mane|Focus Sash\n|-damage|p2b: Flutter Mane|1\/100\n|cant|p1b: Iron Hands|slp\n|\n|-weather|SunnyDay|[upkeep]\n|upkeep\n|turn|5\n|inactive|something123 has 30 seconds left.\n|inactive|actuary97 has 30 seconds left.\n|\n|t:|1739068453\n|-end|p1a: Roaring Moon|Protosynthesis|[silent]\n|switch|p1a: Regieleki|Regieleki, L50|100\/100\n|-terastallize|p2a: Koraidon|Fire\n|move|p2b: Flutter Mane|Icy Wind|p1a: Regieleki|[spread] p1a,p1b\n|-damage|p1a: Regieleki|70\/100\n|-damage|p1b: Iron Hands|58\/100 slp\n|-unboost|p1a: Regieleki|spe|1\n|-unboost|p1b: Iron Hands|spe|1\n|move|p2a: Koraidon|Flare Blitz|p1b: Iron Hands\n|-crit|p1b: Iron Hands\n|-damage|p1b: Iron Hands|0 fnt\n|faint|p1b: Iron Hands\n|-end|p1b: Iron Hands|Quark Drive|[silent]\n|-damage|p2a: Koraidon|10\/100|[from] Recoil\n|\n|-weather|none\n|-end|p2b: Flutter Mane|Protosynthesis\n|-fieldend|move: Psychic Terrain\n|upkeep\n|\n|t:|1739068462\n|switch|p1b: Roaring Moon|Roaring Moon, L50, tera:Flying|22\/100\n|-enditem|p1b: Roaring Moon|Booster Energy\n|-activate|p1b: Roaring Moon|ability: Protosynthesis|[fromitem]\n|-start|p1b: Roaring Moon|protosynthesisspe\n|turn|6\n|inactive|actuary97 has 30 seconds left.\n|\n|t:|1739068491\n|switch|p2a: Brute Bonnet|Brute Bonnet, L50|100\/100\n|switch|p1a: Miraidon|Miraidon, L50|100\/100 slp\n|-fieldstart|move: Electric Terrain|[from] ability: Hadron Engine|[of] p1a: Miraidon\n|move|p2b: Flutter Mane|Protect|p2b: Flutter Mane\n|-singleturn|p2b: Flutter Mane|Protect\n|move|p1b: Roaring Moon|Acrobatics|p2b: Flutter Mane\n|-activate|p2b: Flutter Mane|move: Protect\n|\n|upkeep\n|turn|7\n|inactive|actuary97 has 30 seconds left.\n|\n|t:|1739068517\n|-end|p2a: Brute Bonnet|Protosynthesis|[silent]\n|switch|p2a: Koraidon|Koraidon, L50, tera:Fire|10\/100\n|-weather|SunnyDay|[from] ability: Orichalcum Pulse|[of] p2a: Koraidon\n|-activate|p2b: Flutter Mane|ability: Protosynthesis\n|-start|p2b: Flutter Mane|protosynthesisspe\n|-activate|p2a: Koraidon|Orichalcum Pulse|[source]\n|move|p2b: Flutter Mane|Icy Wind|p1a: Miraidon|[spread] p1a,p1b\n|-supereffective|p1a: Miraidon\n|-supereffective|p1b: Roaring Moon\n|-damage|p1a: Miraidon|76\/100 slp\n|-damage|p1b: Roaring Moon|0 fnt\n|-unboost|p1a: Miraidon|spe|1\n|faint|p1b: Roaring Moon\n|-end|p1b: Roaring Moon|Protosynthesis|[silent]\n|cant|p1a: Miraidon|slp\n|\n|-weather|SunnyDay|[upkeep]\n|upkeep\n|\n|t:|1739068520\n|switch|p1b: Regieleki|Regieleki, L50|70\/100\n|turn|8\n|inactive|something123 has 30 seconds left.\n|\n|t:|1739068551\n|move|p2a: Koraidon|Protect|p2a: Koraidon\n|-singleturn|p2a: Koraidon|Protect\n|move|p2b: Flutter Mane|Moonblast|p1a: Miraidon\n|-supereffective|p1a: Miraidon\n|-damage|p1a: Miraidon|0 fnt\n|faint|p1a: Miraidon\n|move|p1b: Regieleki|Electroweb|p2a: Koraidon|[spread] p2b\n|-activate|p2a: Koraidon|move: Protect\n|-damage|p2b: Flutter Mane|0 fnt\n|faint|p2b: Flutter Mane\n|-end|p2b: Flutter Mane|Protosynthesis|[silent]\n|\n|-weather|SunnyDay|[upkeep]\n|upkeep\n|\n|t:|1739068557\n|switch|p2b: Brute Bonnet|Brute Bonnet, L50|100\/100\n|-activate|p2b: Brute Bonnet|ability: Protosynthesis\n|-start|p2b: Brute Bonnet|protosynthesisdef\n|turn|9\n|\n|t:|1739068562\n|move|p1b: Regieleki|Electroweb|p2b: Brute Bonnet|[spread] p2a,p2b\n|-resisted|p2b: Brute Bonnet\n|-damage|p2a: Koraidon|0 fnt\n|-damage|p2b: Brute Bonnet|79\/100\n|-unboost|p2b: Brute Bonnet|spe|1\n|faint|p2a: Koraidon\n|move|p2b: Brute Bonnet|Seed Bomb|p1b: Regieleki\n|-damage|p1b: Regieleki|0 fnt\n|faint|p1b: Regieleki\n|\n|win|something123\n|raw|actuary97's rating: 1635 &rarr; <strong>1623<\/strong><br \/>(-12 for losing)\n|raw|something123's rating: 1784 &rarr; <strong>1796<\/strong><br \/>(+12 for winning)\n|l|\u2606something123\n|player|p2|\n|c|\u2606actuary97|gg\n|l|\u2606actuary97\n|player|p1|\n","uploadtime":1739068754,"views":12,"formatid":"gen9vgc2025regg","rating":1623,"private":0,"password":null}