{"id":"gen9vgc2025regg-2297154449","format":"[Gen 9] VGC 2025 Reg G","players":["actuary97","something123"],"log":"|j|\u2606actuary97\n|j|\u2606something123\n|t:|1739065432\n|gametype|doubles\n|player|p1|actuary97|sabrina-frlg|1621\n|player|p2|something123|1|1750\n|teamsize|p1|6\n|teamsize|p2|6\n|gen|9\n|tier|[Gen 9] VGC 2025 Reg G\n|rated|\n|rule|Species Clause: Limit one of each Pok\u00e9mon\n|rule|Item Clause: Limit 1 of each item\n|clearpoke\n|poke|p1|Roaring Moon, L50|\n|poke|p1|Chi-Yu, L50|\n|poke|p1|Iron Hands, L50|\n|poke|p1|Regieleki, L50|\n|poke|p1|Whimsicott, L50, F|\n|poke|p1|Miraidon, L50|\n|poke|p2|Brute Bonnet, L50|\n|poke|p2|Walking Wake, L50|\n|poke|p2|Indeedee-F, L50, F|\n|poke|p2|Gouging Fire, L50|\n|poke|p2|Flutter Mane, L50|\n|poke|p2|Koraidon, L50|\n|teampreview|4\nactuary97 has agreed to open team sheets.\n|j| yukina VGC\n|\n|t:|1739065500\n|start\n|switch|p1a: Regieleki|Regieleki, L50|100\/100\n|switch|p1b: Roaring Moon|Roaring Moon, L50|100\/100\n|switch|p2a: Indeedee|Indeedee-F, L50, F|100\/100\n|switch|p2b: Koraidon|Koraidon, L50|100\/100\n|-weather|SunnyDay|[from] ability: Orichalcum Pulse|[of] p2b: Koraidon\n|-activate|p1b: Roaring Moon|ability: Protosynthesis\n|-start|p1b: Roaring Moon|protosynthesisspe\n|-activate|p2b: Koraidon|Orichalcum Pulse|[source]\n|-fieldstart|move: Psychic Terrain|[from] ability: Psychic Surge|[of] p2a: Indeedee\n|-enditem|p2a: Indeedee|Psychic Seed\n|-boost|p2a: Indeedee|spd|1|[from] item: Psychic Seed\n|turn|1\n|inactive|Battle timer is ON: inactive players will automatically lose when time's up. (requested by something123)\n|\n|t:|1739065553\n|switch|p2a: Brute Bonnet|Brute Bonnet, L50|100\/100\n|-activate|p2a: Brute Bonnet|ability: Protosynthesis\n|-start|p2a: Brute Bonnet|protosynthesisdef\n|-terastallize|p1b: Roaring Moon|Flying\n|move|p1b: Roaring Moon|Acrobatics|p2a: Brute Bonnet\n|-supereffective|p2a: Brute Bonnet\n|-damage|p2a: Brute Bonnet|67\/100\n|-damage|p1b: Roaring Moon|84\/100|[from] item: Rocky Helmet|[of] p2a: Brute Bonnet\n|move|p1a: Regieleki|Electroweb|p2a: Brute Bonnet|[spread] p2a,p2b\n|-resisted|p2a: Brute Bonnet\n|-resisted|p2b: Koraidon\n|-damage|p2a: Brute Bonnet|50\/100\n|-damage|p2b: Koraidon|82\/100\n|-unboost|p2a: Brute Bonnet|spe|1\n|move|p2b: Koraidon|Flame Charge|p1a: Regieleki\n|-damage|p1a: Regieleki|28\/100\n|-boost|p2b: Koraidon|spe|1\n|\n|-weather|SunnyDay|[upkeep]\n|upkeep\n|turn|2\n|c|\u2606actuary97|oh I forgot w sun I still have my item\n|inactive|actuary97 has 30 seconds left.\n|inactive|something123 has 30 seconds left.\n|inactive|actuary97 has 20 seconds left.\n|inactive|something123 has 20 seconds left.\n|inactive|actuary97 has 15 seconds left.\n|inactive|something123 has 15 seconds left.\n|inactive|something123 has 10 seconds left.\n|inactive|actuary97 has 10 seconds left.\n|inactive|something123 has 5 seconds left.\n|\n|t:|1739065608\n|switch|p1a: Miraidon|Miraidon, L50|100\/100\n|-fieldstart|move: Electric Terrain|[from] ability: Hadron Engine|[of] p1a: Miraidon\n|move|p1b: Roaring Moon|Knock Off|p2b: Koraidon\n|-resisted|p2b: Koraidon\n|-damage|p2b: Koraidon|59\/100\n|-enditem|p2b: Koraidon|Clear Amulet|[from] move: Knock Off|[of] p1b: Roaring Moon\n|move|p2b: Koraidon|Collision Course|p1b: Roaring Moon\n|-resisted|p1b: Roaring Moon\n|-damage|p1b: Roaring Moon|30\/100\n|move|p2a: Brute Bonnet|Seed Bomb|p1a: Miraidon\n|-resisted|p1a: Miraidon\n|-damage|p1a: Miraidon|84\/100\n|\n|-weather|SunnyDay|[upkeep]\n|upkeep\n|turn|3\n|inactive|something123 has 30 seconds left.\n|inactive|actuary97 has 30 seconds left.\n|\n|t:|1739065638\n|switch|p1a: Iron Hands|Iron Hands, L50|100\/100\n|-activate|p1a: Iron Hands|ability: Quark Drive\n|-start|p1a: Iron Hands|quarkdriveatk\n|-terastallize|p2b: Koraidon|Fire\n|move|p2a: Brute Bonnet|Rage Powder|p2a: Brute Bonnet\n|-singleturn|p2a: Brute Bonnet|move: Rage Powder\n|move|p1b: Roaring Moon|Breaking Swipe|p2a: Brute Bonnet|[spread] p2a,p2b\n|-damage|p2a: Brute Bonnet|38\/100\n|-damage|p2b: Koraidon|38\/100\n|-unboost|p2a: Brute Bonnet|atk|1\n|-unboost|p2b: Koraidon|atk|1\n|-damage|p1b: Roaring Moon|14\/100|[from] item: Rocky Helmet|[of] p2a: Brute Bonnet\n|move|p2b: Koraidon|Flame Charge|p1b: Roaring Moon\n|-damage|p1b: Roaring Moon|0 fnt\n|-boost|p2b: Koraidon|spe|1\n|faint|p1b: Roaring Moon\n|-end|p1b: Roaring Moon|Protosynthesis|[silent]\n|\n|-weather|SunnyDay|[upkeep]\n|upkeep\n|\n|t:|1739065658\n|switch|p1b: Regieleki|Regieleki, L50|28\/100\n|turn|4\n|inactive|actuary97 has 30 seconds left.\n|inactive|something123 has 30 seconds left.\n|\n|t:|1739065685\n|switch|p2b: Indeedee|Indeedee-F, L50, F|100\/100\n|-fieldstart|move: Psychic Terrain|[from] ability: Psychic Surge|[of] p2b: Indeedee\n|-end|p1a: Iron Hands|Quark Drive\n|move|p1b: Regieleki|Electroweb|p2b: Indeedee|[spread] p2a,p2b\n|-resisted|p2a: Brute Bonnet\n|-damage|p2a: Brute Bonnet|22\/100\n|-damage|p2b: Indeedee|61\/100\n|-unboost|p2a: Brute Bonnet|spe|1\n|-unboost|p2b: Indeedee|spe|1\n|move|p1a: Iron Hands|Low Kick|p2b: Indeedee\n|-damage|p2b: Indeedee|30\/100\n|move|p2a: Brute Bonnet|Spore|p1a: Iron Hands\n|-status|p1a: Iron Hands|slp|[from] move: Spore\n|\n|-weather|SunnyDay|[upkeep]\n|upkeep\n|turn|5\n|inactive|actuary97 has 30 seconds left.\n|\n|t:|1739065712\n|switch|p1b: Miraidon|Miraidon, L50|84\/100\n|-fieldstart|move: Electric Terrain|[from] ability: Hadron Engine|[of] p1b: Miraidon\n|-activate|p1a: Iron Hands|ability: Quark Drive\n|-start|p1a: Iron Hands|quarkdriveatk\n|switch|p2b: Walking Wake|Walking Wake, L50|100\/100\n|-activate|p2b: Walking Wake|ability: Protosynthesis\n|-start|p2b: Walking Wake|protosynthesisspe\n|cant|p1a: Iron Hands|slp\n|move|p2a: Brute Bonnet|Seed Bomb|p1b: Miraidon\n|-resisted|p1b: Miraidon\n|-damage|p1b: Miraidon|73\/100\n|\n|-weather|none\n|-end|p2b: Walking Wake|Protosynthesis\n|-end|p2a: Brute Bonnet|Protosynthesis\n|upkeep\n|turn|6\n|\n|t:|1739065734\n|-end|p2a: Brute Bonnet|Protosynthesis|[silent]\n|switch|p2a: Koraidon|Koraidon, L50, tera:Fire|38\/100\n|-weather|SunnyDay|[from] ability: Orichalcum Pulse|[of] p2a: Koraidon\n|-activate|p2b: Walking Wake|ability: Protosynthesis\n|-start|p2b: Walking Wake|protosynthesisspe\n|-activate|p2a: Koraidon|Orichalcum Pulse|[source]\n|move|p1b: Miraidon|Protect|p1b: Miraidon\n|-singleturn|p1b: Miraidon|Protect\n|move|p2b: Walking Wake|Draco Meteor|p1b: Miraidon\n|-activate|p1b: Miraidon|move: Protect\n|cant|p1a: Iron Hands|slp\n|\n|-weather|SunnyDay|[upkeep]\n|upkeep\n|turn|7\n|j| Kaicyios\n|inactive|something123 has 30 seconds left.\n|inactive|actuary97 has 30 seconds left.\n|\n|t:|1739065768\n|switch|p1b: Regieleki|Regieleki, L50|28\/100\n|move|p2b: Walking Wake|Draco Meteor|p1b: Regieleki\n|-damage|p1b: Regieleki|0 fnt\n|-unboost|p2b: Walking Wake|spa|2\n|faint|p1b: Regieleki\n|-damage|p2b: Walking Wake|91\/100|[from] item: Life Orb\n|move|p2a: Koraidon|Flame Charge|p1a: Iron Hands\n|-damage|p1a: Iron Hands|50\/100 slp\n|-boost|p2a: Koraidon|spe|1\n|-curestatus|p1a: Iron Hands|slp|[msg]\n|move|p1a: Iron Hands|Low Kick|p2a: Koraidon\n|-damage|p2a: Koraidon|0 fnt\n|faint|p2a: Koraidon\n|\n|-weather|SunnyDay|[upkeep]\n|upkeep\n|\n|t:|1739065786\n|switch|p1b: Miraidon|Miraidon, L50|73\/100\n|switch|p2a: Indeedee|Indeedee-F, L50, F|30\/100\n|-activate|p1b: Miraidon|ability: Hadron Engine\n|-fieldstart|move: Psychic Terrain|[from] ability: Psychic Surge|[of] p2a: Indeedee\n|-end|p1a: Iron Hands|Quark Drive\n|turn|8\n|inactive|actuary97 has 30 seconds left.\n|inactive|something123 has 30 seconds left.\n|inactive|actuary97 has 20 seconds left.\n|\n|t:|1739065821\n|move|p1b: Miraidon|Protect|p1b: Miraidon\n|-singleturn|p1b: Miraidon|Protect\n|move|p2b: Walking Wake|Draco Meteor|p1b: Miraidon\n|-activate|p1b: Miraidon|move: Protect\n|move|p2a: Indeedee|Psychic|p1a: Iron Hands\n|-supereffective|p1a: Iron Hands\n|-damage|p1a: Iron Hands|12\/100\n|move|p1a: Iron Hands|Heavy Slam|p2a: Indeedee\n|-damage|p2a: Indeedee|0 fnt\n|faint|p2a: Indeedee\n|\n|-weather|SunnyDay|[upkeep]\n|upkeep\n|\n|t:|1739065831\n|switch|p2a: Brute Bonnet|Brute Bonnet, L50|22\/100\n|-activate|p2a: Brute Bonnet|ability: Protosynthesis\n|-start|p2a: Brute Bonnet|protosynthesisdef\n|turn|9\n|\n|t:|1739065838\n|move|p2b: Walking Wake|Draco Meteor|p1b: Miraidon\n|-supereffective|p1b: Miraidon\n|-damage|p1b: Miraidon|0 fnt\n|-unboost|p2b: Walking Wake|spa|2\n|faint|p1b: Miraidon\n|-damage|p2b: Walking Wake|81\/100|[from] item: Life Orb\n|move|p2a: Brute Bonnet|Seed Bomb|p1a: Iron Hands\n|-damage|p1a: Iron Hands|0 fnt\n|faint|p1a: Iron Hands\n|-end|p1a: Iron Hands|Quark Drive|[silent]\n|\n|win|something123\n|raw|actuary97's rating: 1621 &rarr; <strong>1608<\/strong><br \/>(-13 for losing)\n|raw|something123's rating: 1750 &rarr; <strong>1763<\/strong><br \/>(+13 for winning)\n|l|\u2606something123\n|player|p2|\n|c|\u2606actuary97|gg\n|l|\u2606actuary97\n|player|p1|\n|l| yukina VGC\n","uploadtime":1739065989,"views":15,"formatid":"gen9vgc2025regg","rating":1608,"private":0,"password":null}