{"id":"gen9vgc2025regg-2297206904","format":"[Gen 9] VGC 2025 Reg G","players":["kanucks25","something123"],"log":"|j|\u2606kanucks25\n|j|\u2606something123\n|t:|1739072882\n|gametype|doubles\n|player|p1|kanucks25|101|1631\n|player|p2|something123|1|1680\n|teamsize|p1|6\n|teamsize|p2|6\n|gen|9\n|tier|[Gen 9] VGC 2025 Reg G\n|rated|\n|rule|Species Clause: Limit one of each Pok\u00e9mon\n|rule|Item Clause: Limit 1 of each item\n|clearpoke\n|poke|p1|Calyrex-Shadow, L50|\n|poke|p1|Indeedee-F, L50, F|\n|poke|p1|Ogerpon-Wellspring, L50, F|\n|poke|p1|Urshifu-*, L50, F|\n|poke|p1|Tornadus, L50, M|\n|poke|p1|Landorus-Therian, L50, M|\n|poke|p2|Brute Bonnet, L50|\n|poke|p2|Walking Wake, L50|\n|poke|p2|Indeedee-F, L50, F|\n|poke|p2|Gouging Fire, L50|\n|poke|p2|Flutter Mane, L50|\n|poke|p2|Koraidon, L50|\n|teampreview|4\n|inactive|Battle timer is ON: inactive players will automatically lose when time's up. (requested by something123)\n|j| 0eiae0ieaie\n|inactive|kanucks25 has 60 seconds left.\n|\n|t:|1739072960\n|start\n|switch|p1a: Indeedee|Indeedee-F, L50, F|100\/100\n|switch|p1b: Calyrex|Calyrex-Shadow, L50|100\/100\n|switch|p2a: Flutter Mane|Flutter Mane, L50|100\/100\n|switch|p2b: Koraidon|Koraidon, L50|100\/100\n|-ability|p1b: Calyrex|As One\n|-ability|p1b: Calyrex|Unnerve\n|-weather|SunnyDay|[from] ability: Orichalcum Pulse|[of] p2b: Koraidon\n|-activate|p2a: Flutter Mane|ability: Protosynthesis\n|-start|p2a: Flutter Mane|protosynthesisspe\n|-activate|p2b: Koraidon|Orichalcum Pulse|[source]\n|-fieldstart|move: Psychic Terrain|[from] ability: Psychic Surge|[of] p1a: Indeedee\n|turn|1\n|inactive|something123 has 30 seconds left.\n|\n|t:|1739072991\n|-terastallize|p2b: Koraidon|Fire\n|move|p1a: Indeedee|Follow Me|p1a: Indeedee\n|-singleturn|p1a: Indeedee|move: Follow Me\n|move|p2a: Flutter Mane|Icy Wind|p1b: Calyrex|[spread] p1a,p1b\n|-damage|p1a: Indeedee|85\/100\n|-damage|p1b: Calyrex|88\/100\n|-unboost|p1a: Indeedee|spe|1\n|-unboost|p1b: Calyrex|spe|1\n|move|p2b: Koraidon|Flame Charge|p1a: Indeedee\n|-damage|p1a: Indeedee|11\/100\n|-boost|p2b: Koraidon|spe|1\n|-damage|p2b: Koraidon|84\/100|[from] item: Rocky Helmet|[of] p1a: Indeedee\n|move|p1b: Calyrex|Expanding Force|p2a: Flutter Mane|[spread] p2a,p2b\n|-enditem|p2a: Flutter Mane|Focus Sash\n|-damage|p2a: Flutter Mane|1\/100\n|-damage|p2b: Koraidon|0 fnt\n|faint|p2b: Koraidon\n|-ability|p1b: Calyrex|Grim Neigh|boost\n|-boost|p1b: Calyrex|spa|1\n|-damage|p1b: Calyrex|79\/100|[from] item: Life Orb\n|\n|-weather|SunnyDay|[upkeep]\n|upkeep\n|\n|t:|1739073015\n|switch|p2b: Brute Bonnet|Brute Bonnet, L50|100\/100\n|-activate|p2b: Brute Bonnet|ability: Protosynthesis\n|-start|p2b: Brute Bonnet|protosynthesisdef\n|turn|2\n|inactive|kanucks25 has 30 seconds left.\n|inactive|something123 has 30 seconds left.\n|\n|t:|1739073046\n|move|p2a: Flutter Mane|Protect|p2a: Flutter Mane\n|-singleturn|p2a: Flutter Mane|Protect\n|move|p1b: Calyrex|Protect|p1b: Calyrex\n|-singleturn|p1b: Calyrex|Protect\n|move|p2b: Brute Bonnet|Taunt|p1a: Indeedee\n|-start|p1a: Indeedee|move: Taunt\n|cant|p1a: Indeedee|move: Taunt|Trick Room\n|\n|-weather|SunnyDay|[upkeep]\n|upkeep\n|turn|3\n|\n|t:|1739073068\n|-end|p2a: Flutter Mane|Protosynthesis|[silent]\n|switch|p2a: Indeedee|Indeedee-F, L50, F|100\/100\n|-enditem|p2a: Indeedee|Psychic Seed\n|-boost|p2a: Indeedee|spd|1|[from] item: Psychic Seed\n|switch|p1b: Tornadus|Tornadus, L50, M|100\/100\n|move|p2b: Brute Bonnet|Spore|p1b: Tornadus\n|-status|p1b: Tornadus|slp|[from] move: Spore\n|move|p1a: Indeedee|Alluring Voice|p2a: Indeedee\n|-damage|p2a: Indeedee|90\/100\n|-start|p2a: Indeedee|confusion\n|\n|-weather|SunnyDay|[upkeep]\n|upkeep\n|turn|4\n|\n|t:|1739073089\n|cant|p1b: Tornadus|slp\n|-activate|p2a: Indeedee|confusion\n|move|p2a: Indeedee|Psychic|p1b: Tornadus\n|-damage|p1b: Tornadus|50\/100 slp\n|move|p2b: Brute Bonnet|Spore|p1a: Indeedee\n|-status|p1a: Indeedee|slp|[from] move: Spore\n|cant|p1a: Indeedee|slp\n|\n|-weather|SunnyDay|[upkeep]\n|-end|p1a: Indeedee|move: Taunt\n|upkeep\n|turn|5\n|\n|t:|1739073110\n|cant|p1a: Indeedee|slp\n|cant|p1b: Tornadus|slp\n|move|p2b: Brute Bonnet|Seed Bomb|p1a: Indeedee\n|-damage|p1a: Indeedee|0 fnt\n|faint|p1a: Indeedee\n|-end|p2a: Indeedee|confusion\n|move|p2a: Indeedee|Trick Room|p2a: Indeedee\n|-fieldstart|move: Trick Room|[of] p2a: Indeedee\n|\n|-weather|none\n|-end|p2b: Brute Bonnet|Protosynthesis\n|-fieldend|move: Psychic Terrain\n|upkeep\n|\n|t:|1739073128\n|switch|p1a: Urshifu|Urshifu, L50, F|100\/100\n|turn|6\n|\n|t:|1739073151\n|move|p2b: Brute Bonnet|Spore|p1a: Urshifu\n|-status|p1a: Urshifu|slp|[from] move: Spore\n|move|p2a: Indeedee|Psychic|p1b: Tornadus\n|-damage|p1b: Tornadus|10\/100 slp\n|cant|p1a: Urshifu|slp\n|cant|p1b: Tornadus|slp\n|\n|upkeep\n|turn|7\n|\n|t:|1739073174\n|-curestatus|p1b: Tornadus|slp|[msg]\n|move|p1b: Tornadus|Protect|p1b: Tornadus\n|-singleturn|p1b: Tornadus|Protect\n|move|p2b: Brute Bonnet|Spore|p1b: Tornadus\n|-activate|p1b: Tornadus|move: Protect\n|move|p2a: Indeedee|Psychic|p1b: Tornadus\n|-activate|p1b: Tornadus|move: Protect\n|-curestatus|p1a: Urshifu|slp|[msg]\n|move|p1a: Urshifu|Wicked Blow|p2a: Indeedee\n|-supereffective|p2a: Indeedee\n|-crit|p2a: Indeedee\n|-damage|p2a: Indeedee|0 fnt\n|faint|p2a: Indeedee\n|\n|upkeep\n|\n|t:|1739073178\n|switch|p2a: Flutter Mane|Flutter Mane, L50|1\/100\n|turn|8\n|inactive|kanucks25 has 30 seconds left.\n|inactive|kanucks25 has 20 seconds left.\n|\n|t:|1739073215\n|move|p2b: Brute Bonnet|Rage Powder|p2b: Brute Bonnet\n|-singleturn|p2b: Brute Bonnet|move: Rage Powder\n|move|p1a: Urshifu|Wicked Blow|p2b: Brute Bonnet\n|-resisted|p2b: Brute Bonnet\n|-crit|p2b: Brute Bonnet\n|-damage|p2b: Brute Bonnet|70\/100\n|-damage|p1a: Urshifu|84\/100|[from] item: Rocky Helmet|[of] p2b: Brute Bonnet\n|move|p1b: Tornadus|Bleakwind Storm|p2b: Brute Bonnet|[spread] p2a,p2b\n|-supereffective|p2b: Brute Bonnet\n|-damage|p2a: Flutter Mane|0 fnt\n|-damage|p2b: Brute Bonnet|11\/100\n|faint|p2a: Flutter Mane\n|-end|p2a: Flutter Mane|Protosynthesis|[silent]\n|\n|upkeep\n|turn|9\n|-message|something123 forfeited.\n|\n|win|kanucks25\n|raw|kanucks25's rating: 1631 &rarr; <strong>1654<\/strong><br \/>(+23 for winning)\n|raw|something123's rating: 1680 &rarr; <strong>1657<\/strong><br \/>(-23 for losing)\n|l|\u2606something123\n|player|p2|\n|l| 0eiae0ieaie\n|l|\u2606kanucks25\n|player|p1|\n","uploadtime":1739073454,"views":21,"formatid":"gen9vgc2025regg","rating":1654,"private":0,"password":null}