{"id":"gen9vgc2025regg-2297179983","format":"[Gen 9] VGC 2025 Reg G","players":["InfinityGroudon","something123"],"log":"|j|\u2606InfinityGroudon\n|j|\u2606something123\n|t:|1739069004\n|gametype|doubles\n|player|p1|InfinityGroudon|1|1681\n|player|p2|something123|1|1773\n|teamsize|p1|6\n|teamsize|p2|6\n|gen|9\n|tier|[Gen 9] VGC 2025 Reg G\n|rated|\n|rule|Species Clause: Limit one of each Pok\u00e9mon\n|rule|Item Clause: Limit 1 of each item\n|clearpoke\n|poke|p1|Calyrex-Shadow, L50|\n|poke|p1|Incineroar, L50, M|\n|poke|p1|Weezing-Galar, L50, M|\n|poke|p1|Indeedee-F, L50, F|\n|poke|p1|Iron Valiant, L50|\n|poke|p1|Ursaluna-Bloodmoon, L50, M|\n|poke|p2|Brute Bonnet, L50|\n|poke|p2|Walking Wake, L50|\n|poke|p2|Indeedee-F, L50, F|\n|poke|p2|Gouging Fire, L50|\n|poke|p2|Flutter Mane, L50|\n|poke|p2|Koraidon, L50|\n|teampreview|4\n|j| yukina VGC\n|\n|t:|1739069029\n|start\n|switch|p1a: Mr. Gassy|Weezing-Galar, L50, M|100\/100\n|switch|p1b: Charming|Iron Valiant, L50, shiny|100\/100\n|switch|p2a: Brute Bonnet|Brute Bonnet, L50|100\/100\n|switch|p2b: Koraidon|Koraidon, L50|100\/100\n|-ability|p1a: Mr. Gassy|Neutralizing Gas\n|turn|1\n|\n|t:|1739069052\n|-terastallize|p2b: Koraidon|Fire\n|move|p2b: Koraidon|Flame Charge|p1b: Charming\n|-damage|p1b: Charming|58\/100\n|-boost|p2b: Koraidon|spe|1\n|move|p1b: Charming|Close Combat|p2a: Brute Bonnet\n|-supereffective|p2a: Brute Bonnet\n|-damage|p2a: Brute Bonnet|16\/100\n|-unboost|p1b: Charming|def|1\n|-unboost|p1b: Charming|spd|1\n|-damage|p1b: Charming|41\/100|[from] item: Rocky Helmet|[of] p2a: Brute Bonnet\n|move|p2a: Brute Bonnet|Spore|p1a: Mr. Gassy\n|-status|p1a: Mr. Gassy|slp|[from] move: Spore\n|cant|p1a: Mr. Gassy|slp\n|\n|upkeep\n|turn|2\n|\n|t:|1739069089\n|-end|p2a: Brute Bonnet|Protosynthesis|[silent]\n|switch|p2a: Indeedee|Indeedee-F, L50, F|100\/100\n|move|p1b: Charming|Protect|p1b: Charming\n|-singleturn|p1b: Charming|Protect\n|move|p2b: Koraidon|Flame Charge|p1b: Charming\n|-activate|p1b: Charming|move: Protect\n|cant|p1a: Mr. Gassy|slp\n|\n|upkeep\n|turn|3\n|\n|t:|1739069107\n|-end|p1b: Charming|Quark Drive|[silent]\n|switch|p1b: Suthen|Indeedee-F, L50, F|100\/100\n|move|p2b: Koraidon|Flame Charge|p1b: Suthen\n|-damage|p1b: Suthen|65\/100\n|-boost|p2b: Koraidon|spe|1\n|-damage|p2b: Koraidon|84\/100|[from] item: Rocky Helmet|[of] p1b: Suthen\n|move|p2a: Indeedee|Psychic|p1a: Mr. Gassy\n|-supereffective|p1a: Mr. Gassy\n|-damage|p1a: Mr. Gassy|34\/100 slp\n|-unboost|p1a: Mr. Gassy|spd|1\n|-enditem|p1a: Mr. Gassy|Sitrus Berry|[eat]\n|-heal|p1a: Mr. Gassy|58\/100 slp|[from] item: Sitrus Berry\n|-curestatus|p1a: Mr. Gassy|slp|[msg]\n|move|p1a: Mr. Gassy|Taunt|p2a: Indeedee\n|-start|p2a: Indeedee|move: Taunt\n|\n|upkeep\n|turn|4\n|\n|t:|1739069136\n|switch|p1b: Charming|Iron Valiant, L50, shiny|41\/100\n|move|p2b: Koraidon|Collision Course|p1b: Charming\n|-resisted|p1b: Charming\n|-damage|p1b: Charming|6\/100\n|move|p2a: Indeedee|Psychic|p1a: Mr. Gassy\n|-supereffective|p1a: Mr. Gassy\n|-damage|p1a: Mr. Gassy|0 fnt\n|faint|p1a: Mr. Gassy\n|-end|p1a: Mr. Gassy|ability: Neutralizing Gas\n|-weather|SunnyDay|[from] ability: Orichalcum Pulse|[of] p2b: Koraidon\n|-activate|p2b: Koraidon|Orichalcum Pulse|[source]\n|-fieldstart|move: Psychic Terrain|[from] ability: Psychic Surge|[of] p2a: Indeedee\n|-enditem|p2a: Indeedee|Psychic Seed\n|-boost|p2a: Indeedee|spd|1|[from] item: Psychic Seed\n|-enditem|p1b: Charming|Booster Energy\n|-activate|p1b: Charming|ability: Quark Drive|[fromitem]\n|-start|p1b: Charming|quarkdrivespe\n|\n|-weather|SunnyDay|[upkeep]\n|upkeep\n|\n|t:|1739069143\n|switch|p1a: Duncan|Calyrex-Shadow, L50|100\/100\n|-ability|p1a: Duncan|As One\n|-ability|p1a: Duncan|Unnerve\n|turn|5\n|\n|t:|1739069161\n|move|p2b: Koraidon|Protect|p2b: Koraidon\n|-singleturn|p2b: Koraidon|Protect\n|move|p1a: Duncan|Protect|p1a: Duncan\n|-singleturn|p1a: Duncan|Protect\n|move|p1b: Charming|Close Combat|p2a: Indeedee\n|-damage|p2a: Indeedee|44\/100\n|-unboost|p1b: Charming|def|1\n|-unboost|p1b: Charming|spd|1\n|move|p2a: Indeedee|Psychic|p1b: Charming\n|-supereffective|p1b: Charming\n|-damage|p1b: Charming|0 fnt\n|faint|p1b: Charming\n|-end|p1b: Charming|Quark Drive|[silent]\n|\n|-weather|SunnyDay|[upkeep]\n|upkeep\n|\n|t:|1739069165\n|switch|p1b: Suthen|Indeedee-F, L50, F|65\/100\n|turn|6\n|\n|t:|1739069182\n|move|p1b: Suthen|Follow Me|p1b: Suthen\n|-singleturn|p1b: Suthen|move: Follow Me\n|move|p2b: Koraidon|Flare Blitz|p1b: Suthen\n|-damage|p1b: Suthen|0 fnt\n|-damage|p2b: Koraidon|67\/100|[from] item: Rocky Helmet|[of] p1b: Suthen\n|faint|p1b: Suthen\n|-damage|p2b: Koraidon|46\/100|[from] Recoil\n|move|p1a: Duncan|Expanding Force|p2b: Koraidon|[spread] p2a,p2b\n|-resisted|p2a: Indeedee\n|-damage|p2a: Indeedee|15\/100\n|-damage|p2b: Koraidon|0 fnt\n|faint|p2b: Koraidon\n|-ability|p1a: Duncan|Grim Neigh|boost\n|-boost|p1a: Duncan|spa|1\n|-damage|p1a: Duncan|91\/100|[from] item: Life Orb\n|move|p2a: Indeedee|Psychic|p1a: Duncan\n|-resisted|p1a: Duncan\n|-damage|p1a: Duncan|72\/100\n|\n|-weather|SunnyDay|[upkeep]\n|-end|p2a: Indeedee|move: Taunt\n|upkeep\n|\n|t:|1739069193\n|switch|p2b: Walking Wake|Walking Wake, L50|100\/100\n|-activate|p2b: Walking Wake|ability: Protosynthesis\n|-start|p2b: Walking Wake|protosynthesisspe\n|turn|7\n|\n|t:|1739069204\n|move|p2a: Indeedee|Helping Hand|p2b: Walking Wake\n|-singleturn|p2b: Walking Wake|Helping Hand|[of] p2a: Indeedee\n|move|p1a: Duncan|Protect|p1a: Duncan\n|-singleturn|p1a: Duncan|Protect\n|move|p2b: Walking Wake|Hydro Steam|p1a: Duncan\n|-activate|p1a: Duncan|move: Protect\n|\n|-weather|SunnyDay|[upkeep]\n|upkeep\n|turn|8\n|\n|t:|1739069208\n|move|p2a: Indeedee|Helping Hand|p2b: Walking Wake\n|-singleturn|p2b: Walking Wake|Helping Hand|[of] p2a: Indeedee\n|move|p1a: Duncan|Protect|p1a: Duncan\n|-singleturn|p1a: Duncan|Protect\n|move|p2b: Walking Wake|Hydro Steam|p1a: Duncan\n|-activate|p1a: Duncan|move: Protect\n|\n|-weather|none\n|-end|p2b: Walking Wake|Protosynthesis\n|-fieldend|move: Psychic Terrain\n|upkeep\n|turn|9\n|\n|t:|1739069223\n|move|p2b: Walking Wake|Protect|p2b: Walking Wake\n|-singleturn|p2b: Walking Wake|Protect\n|move|p1a: Duncan|Astral Barrage|p2b: Walking Wake|[spread] \n|-activate|p2b: Walking Wake|move: Protect\n|-immune|p2a: Indeedee\n|move|p2a: Indeedee|Psychic|p1a: Duncan\n|-resisted|p1a: Duncan\n|-damage|p1a: Duncan|57\/100\n|\n|upkeep\n|turn|10\n|\n|t:|1739069239\n|move|p1a: Duncan|Astral Barrage|p2b: Walking Wake|[spread] p2b\n|-immune|p2a: Indeedee\n|-damage|p2b: Walking Wake|0 fnt\n|faint|p2b: Walking Wake\n|-end|p2b: Walking Wake|Protosynthesis|[silent]\n|-ability|p1a: Duncan|Grim Neigh|boost\n|-boost|p1a: Duncan|spa|1\n|-damage|p1a: Duncan|48\/100|[from] item: Life Orb\n|move|p2a: Indeedee|Psychic|p1a: Duncan\n|-resisted|p1a: Duncan\n|-damage|p1a: Duncan|34\/100\n|\n|upkeep\n|\n|t:|1739069244\n|switch|p2b: Brute Bonnet|Brute Bonnet, L50|16\/100\n|turn|11\n|j| sauromon\n|\n|t:|1739069269\n|move|p1a: Duncan|Astral Barrage|p2b: Brute Bonnet|[spread] p2b\n|-immune|p2a: Indeedee\n|-resisted|p2b: Brute Bonnet\n|-damage|p2b: Brute Bonnet|0 fnt\n|faint|p2b: Brute Bonnet\n|-end|p2b: Brute Bonnet|Protosynthesis|[silent]\n|-ability|p1a: Duncan|Grim Neigh|boost\n|-boost|p1a: Duncan|spa|1\n|-damage|p1a: Duncan|24\/100|[from] item: Life Orb\n|move|p2a: Indeedee|Psychic|p1a: Duncan\n|-resisted|p1a: Duncan\n|-damage|p1a: Duncan|9\/100\n|\n|upkeep\n|turn|12\n|\n|t:|1739069272\n|move|p1a: Duncan|Expanding Force|p2a: Indeedee\n|-resisted|p2a: Indeedee\n|-damage|p2a: Indeedee|0 fnt\n|faint|p2a: Indeedee\n|-damage|p1a: Duncan|0 fnt|[from] item: Life Orb\n|faint|p1a: Duncan\n|\n|win|InfinityGroudon\n|raw|InfinityGroudon's rating: 1681 &rarr; <strong>1706<\/strong><br \/>(+25 for winning)\n|raw|something123's rating: 1773 &rarr; <strong>1748<\/strong><br \/>(-25 for losing)\n|l|\u2606something123\n|player|p2|\n|l|\u2606InfinityGroudon\n|player|p1|\n|l| yukina VGC\n","uploadtime":1739069445,"views":68,"formatid":"gen9vgc2025regg","rating":1706,"private":0,"password":null}