{"id":"gen9vgc2025regg-2297626415","format":"[Gen 9] VGC 2025 Reg G","players":["TheLoanRanger","Velonara"],"log":"|j|\u2606TheLoanRanger\n|j|\u2606Velonara\n|t:|1739137718\n|gametype|doubles\n|player|p1|TheLoanRanger|gardenia|1698\n|player|p2|Velonara|rocketgruntf|1699\n|teamsize|p1|6\n|teamsize|p2|6\n|gen|9\n|tier|[Gen 9] VGC 2025 Reg G\n|rated|\n|rule|Species Clause: Limit one of each Pok\u00e9mon\n|rule|Item Clause: Limit 1 of each item\n|clearpoke\n|poke|p1|Miraidon, L50|\n|poke|p1|Suicune, L50|\n|poke|p1|Urshifu-*, L50, M|\n|poke|p1|Gholdengo, L50|\n|poke|p1|Ogerpon-Hearthflame, L50, F|\n|poke|p1|Landorus, L50, M|\n|poke|p2|Dondozo, L50, M|\n|poke|p2|Tatsugiri-Droopy, L50, F|\n|poke|p2|Terapagos, L50, M|\n|poke|p2|Smeargle, L50, F|\n|poke|p2|Tornadus, L50, M|\n|poke|p2|Ogerpon-Hearthflame, L50, F|\n|teampreview|4\n|inactive|Battle timer is ON: inactive players will automatically lose when time's up. (requested by Velonara)\n|j| RiotJuice\n|inactive|TheLoanRanger has 60 seconds left.\nTheLoanRanger has agreed to open team sheets.\n|\n|t:|1739137763\n|start\n|switch|p1a: Miraidon|Miraidon, L50|100\/100\n|switch|p1b: Urshifu|Urshifu, L50, M|100\/100\n|switch|p2a: Terapagos|Terapagos, L50, M|100\/100\n|switch|p2b: Smeargle|Smeargle, L50, F|100\/100\n|-activate|p2a: Terapagos|ability: Tera Shift\n|detailschange|p2a: Terapagos|Terapagos-Terastal, L50, M\n|-heal|p2a: Terapagos|100\/100|[silent]\n|-fieldstart|move: Electric Terrain|[from] ability: Hadron Engine|[of] p1a: Miraidon\n|turn|1\n|j| MillerH33\n|inactive|Velonara has 30 seconds left.\n|\n|t:|1739137797\n|move|p2b: Smeargle|Fake Out|p1a: Miraidon\n|-damage|p1a: Miraidon|96\/100\n|move|p1b: Urshifu|Wicked Blow|p2a: Terapagos\n|-activate|p2a: Terapagos|ability: Tera Shell\n|-resisted|p2a: Terapagos\n|-crit|p2a: Terapagos\n|-damage|p2a: Terapagos|74\/100\n|cant|p1a: Miraidon|flinch\n|move|p2a: Terapagos|Tera Starstorm|p1a: Miraidon\n|-damage|p1a: Miraidon|32\/100\n|\n|-ability|p2b: Smeargle|Moody|boost\n|-boost|p2b: Smeargle|spe|2\n|-unboost|p2b: Smeargle|def|1\n|upkeep\n|turn|2\n|j| Pokuchu\n|inactive|TheLoanRanger has 30 seconds left.\n|\n|t:|1739137823\n|move|p2b: Smeargle|Follow Me|p2b: Smeargle\n|-singleturn|p2b: Smeargle|move: Follow Me\n|move|p1b: Urshifu|Wicked Blow|p2b: Smeargle\n|-crit|p2b: Smeargle\n|-enditem|p2b: Smeargle|Focus Sash\n|-damage|p2b: Smeargle|1\/100\n|move|p1a: Miraidon|Volt Switch|p2b: Smeargle\n|-damage|p2b: Smeargle|0 fnt\n|faint|p2b: Smeargle\n|\n|t:|1739137830\n|switch|p1a: Suicune|Suicune, L50|100\/100|[from] Volt Switch\n|move|p2a: Terapagos|Tera Starstorm|p1b: Urshifu\n|-damage|p1b: Urshifu|0 fnt\n|faint|p1b: Urshifu\n|\n|upkeep\n|\n|t:|1739137838\n|switch|p1b: Ogerpon|Ogerpon-Hearthflame, L50, F|100\/100\n|switch|p2b: Tornadus|Tornadus, L50, M|100\/100\n|-ability|p1b: Ogerpon|Mold Breaker\n|turn|3\n|\n|t:|1739137849\n|-terastallize|p2a: Terapagos|Stellar\n|detailschange|p2a: Terapagos|Terapagos-Stellar, L50, M, tera:Stellar\n|-heal|p2a: Terapagos|81\/100|[silent]\n|-ability|p2a: Terapagos|Teraform Zero\n|-fieldend|move: Electric Terrain\n|move|p1b: Ogerpon|Spiky Shield|p1b: Ogerpon\n|-singleturn|p1b: Ogerpon|move: Protect\n|move|p2b: Tornadus|Tailwind|p2b: Tornadus\n|-sidestart|p2: Velonara|move: Tailwind\n|move|p2a: Terapagos|Tera Starstorm|p1a: Suicune|[spread] p1a\n|-activate|p1b: Ogerpon|move: Protect\n|-damage|p1a: Suicune|60\/100\n|move|p1a: Suicune|Snarl|p2a: Terapagos|[spread] p2a,p2b\n|-damage|p2a: Terapagos|75\/100\n|-damage|p2b: Tornadus|88\/100\n|-unboost|p2a: Terapagos|spa|1\n|-unboost|p2b: Tornadus|spa|1\n|\n|upkeep\n|turn|4\n|inactive|TheLoanRanger has 30 seconds left.\n|inactive|TheLoanRanger has 20 seconds left.\n|inactive|TheLoanRanger has 15 seconds left.\n|\n|t:|1739137893\n|move|p2b: Tornadus|Bleakwind Storm|p1b: Ogerpon|[spread] p1a,p1b\n|-supereffective|p1b: Ogerpon\n|-damage|p1a: Suicune|45\/100\n|-damage|p1b: Ogerpon|51\/100\n|move|p2a: Terapagos|Tera Starstorm|p1a: Suicune|[spread] p1a,p1b\n|-damage|p1a: Suicune|18\/100\n|-damage|p1b: Ogerpon|10\/100\n|move|p1b: Ogerpon|Ivy Cudgel|p2a: Terapagos|[anim] Ivy Cudgel Fire\n|-damage|p2a: Terapagos|40\/100\n|move|p1a: Suicune|Snarl|p2b: Tornadus|[spread] p2a,p2b\n|-damage|p2a: Terapagos|34\/100\n|-damage|p2b: Tornadus|77\/100\n|-unboost|p2a: Terapagos|spa|1\n|-unboost|p2b: Tornadus|spa|1\n|\n|upkeep\n|turn|5\n|l| RiotJuice\n|inactive|Velonara has 30 seconds left.\n|inactive|Velonara has 20 seconds left.\n|inactive|Velonara has 15 seconds left.\n|\n|t:|1739137934\n|switch|p2b: Ogerpon|Ogerpon-Hearthflame, L50, F|100\/100\n|-ability|p2b: Ogerpon|Mold Breaker\n|move|p1b: Ogerpon|Spiky Shield|p1b: Ogerpon\n|-singleturn|p1b: Ogerpon|move: Protect\n|move|p2a: Terapagos|Tera Starstorm|p1b: Ogerpon|[spread] p1a\n|-activate|p1b: Ogerpon|move: Protect\n|-damage|p1a: Suicune|0 fnt\n|faint|p1a: Suicune\n|\n|upkeep\n|-message|TheLoanRanger forfeited.\n|\n|win|Velonara\n|raw|TheLoanRanger's rating: 1698 &rarr; <strong>1678<\/strong><br \/>(-20 for losing)\n|raw|Velonara's rating: 1699 &rarr; <strong>1719<\/strong><br \/>(+20 for winning)\n|l|\u2606TheLoanRanger\n|player|p1|\n|l|\u2606Velonara\n|player|p2|\n","uploadtime":1739138135,"views":38,"formatid":"gen9vgc2025regg","rating":1678,"private":0,"password":null}