{"id":"gen9vgc2025regg-2297151722","format":"[Gen 9] VGC 2025 Reg G","players":["Elektriktoad","KT02"],"log":"|j|\u2606Elektriktoad\n|j|\u203dKT02\n|t:|1739065070\n|gametype|doubles\n|player|p1|Elektriktoad|janine|1628\n|player|p2|KT02|169|1761\n|teamsize|p1|6\n|teamsize|p2|6\n|gen|9\n|tier|[Gen 9] VGC 2025 Reg G\n|rated|\n|rule|Species Clause: Limit one of each Pok\u00e9mon\n|rule|Item Clause: Limit 1 of each item\n|clearpoke\n|poke|p1|Calyrex-Ice, L50|\n|poke|p1|Trapinch, L50, F|\n|poke|p1|Annihilape, L50, F|\n|poke|p1|Pelipper, L50, F|\n|poke|p1|Jigglypuff, L50, F|\n|poke|p1|Urshifu-*, L50, M|\n|poke|p2|Incineroar, L50, F|\n|poke|p2|Urshifu-*, L50, M|\n|poke|p2|Pelipper, L50, F|\n|poke|p2|Miraidon, L50|\n|poke|p2|Iron Bundle, L50|\n|poke|p2|Kingambit, L50, M|\n|teampreview|4\n|\n|t:|1739065089\n|start\n|switch|p1a: Annihilape|Annihilape, L50, F|100\/100\n|switch|p1b: Calyrex|Calyrex-Ice, L50|100\/100\n|switch|p2a: Miraidon|Miraidon, L50|100\/100\n|switch|p2b: Iron Bundle|Iron Bundle, L50|100\/100\n|-ability|p1b: Calyrex|As One\n|-ability|p1b: Calyrex|Unnerve\n|-fieldstart|move: Electric Terrain|[from] ability: Hadron Engine|[of] p2a: Miraidon\n|-activate|p2b: Iron Bundle|ability: Quark Drive\n|-start|p2b: Iron Bundle|quarkdrivespe\n|turn|1\n|\n|t:|1739065111\n|switch|p1a: Trapinch|Trapinch, L50, F|100\/100\n|-terastallize|p2a: Miraidon|Fairy\n|-terastallize|p1b: Calyrex|Grass\n|move|p2b: Iron Bundle|Icy Wind|p1b: Calyrex|[spread] p1a\n|-miss|p2b: Iron Bundle|p1b: Calyrex\n|-supereffective|p1a: Trapinch\n|-damage|p1a: Trapinch|5\/100\n|-unboost|p1a: Trapinch|spe|1\n|move|p2a: Miraidon|Electro Drift|p1b: Calyrex\n|-resisted|p1b: Calyrex\n|-damage|p1b: Calyrex|58\/100\n|move|p1b: Calyrex|Trick Room|p1b: Calyrex\n|-fieldstart|move: Trick Room|[of] p1b: Calyrex\n|\n|upkeep\n|turn|2\n|\n|t:|1739065133\n|move|p1a: Trapinch|Feint|p2b: Iron Bundle\n|-damage|p2b: Iron Bundle|89\/100\n|move|p1b: Calyrex|Seed Bomb|p2b: Iron Bundle\n|-supereffective|p2b: Iron Bundle\n|-crit|p2b: Iron Bundle\n|-damage|p2b: Iron Bundle|0 fnt\n|faint|p2b: Iron Bundle\n|-end|p2b: Iron Bundle|Quark Drive|[silent]\n|-ability|p1b: Calyrex|Chilling Neigh|boost\n|-boost|p1b: Calyrex|atk|1\n|move|p2a: Miraidon|Electro Drift|p1b: Calyrex\n|-resisted|p1b: Calyrex\n|-damage|p1b: Calyrex|16\/100\n|\n|upkeep\n|\n|t:|1739065140\n|switch|p2b: Incineroar|Incineroar, L50, F|100\/100\n|-ability|p2b: Incineroar|Intimidate|boost\n|-unboost|p1a: Trapinch|atk|1\n|-unboost|p1b: Calyrex|atk|1\n|turn|3\n|j| Kaicyios\n|\n|t:|1739065156\n|move|p1b: Calyrex|Protect|p1b: Calyrex\n|-singleturn|p1b: Calyrex|Protect\n|move|p2b: Incineroar|Fake Out|p1a: Trapinch\n|-damage|p1a: Trapinch|0 fnt\n|faint|p1a: Trapinch\n|move|p2a: Miraidon|Electro Drift|p1b: Calyrex\n|-activate|p1b: Calyrex|move: Protect\n|\n|upkeep\n|\n|t:|1739065161\n|switch|p1a: Pelipper|Pelipper, L50, F|100\/100\n|-weather|RainDance|[from] ability: Drizzle|[of] p1a: Pelipper\n|turn|4\n|\n|t:|1739065172\n|move|p1b: Calyrex|Glacial Lance|p2b: Incineroar|[spread] p2a,p2b\n|-resisted|p2b: Incineroar\n|-damage|p2a: Miraidon|43\/100\n|-damage|p2b: Incineroar|77\/100\n|move|p1a: Pelipper|Weather Ball|p2b: Incineroar\n|-supereffective|p2b: Incineroar\n|-damage|p2b: Incineroar|0 fnt\n|faint|p2b: Incineroar\n|move|p2a: Miraidon|Electro Drift|p1a: Pelipper\n|-supereffective|p1a: Pelipper\n|-damage|p1a: Pelipper|0 fnt\n|faint|p1a: Pelipper\n|\n|-weather|RainDance|[upkeep]\n|upkeep\n|\n|t:|1739065178\n|switch|p1a: Annihilape|Annihilape, L50, F|100\/100\n|switch|p2b: Urshifu|Urshifu-Rapid-Strike, L50, M|100\/100\n|turn|5\n|\n|t:|1739065196\n|move|p2b: Urshifu|Aqua Jet|p1b: Calyrex\n|-resisted|p1b: Calyrex\n|-damage|p1b: Calyrex|4\/100\n|move|p1b: Calyrex|Glacial Lance|p2b: Urshifu|[spread] p2a,p2b\n|-resisted|p2b: Urshifu\n|-damage|p2a: Miraidon|0 fnt\n|-damage|p2b: Urshifu|71\/100\n|faint|p2a: Miraidon\n|-ability|p1b: Calyrex|Chilling Neigh|boost\n|-boost|p1b: Calyrex|atk|1\n|move|p1a: Annihilape|Final Gambit|p2b: Urshifu\n|-damage|p2b: Urshifu|0 fnt\n|faint|p1a: Annihilape\n|faint|p2b: Urshifu\n|\n|win|Elektriktoad\n|raw|Elektriktoad's rating: 1628 &rarr; <strong>1655<\/strong><br \/>(+27 for winning)\n|raw|KT02's rating: 1761 &rarr; <strong>1734<\/strong><br \/>(-27 for losing)\n|l|\u203dKT02\n|player|p2|\n|l|\u2606Elektriktoad\n|player|p1|\n|l| Kaicyios\n","uploadtime":1739065281,"views":20,"formatid":"gen9vgc2025regg","rating":1655,"private":0,"password":null}