{"id":"gen9vgc2025regg-2297181874","format":"[Gen 9] VGC 2025 Reg G","players":["actuary97","Tempest brute"],"log":"|j|\u2606actuary97\n|j|\u2606Tempest brute\n|t:|1739069265\n|gametype|doubles\n|player|p1|actuary97|sabrina-frlg|1598\n|player|p2|Tempest brute|veteran|1622\n|teamsize|p1|6\n|teamsize|p2|4\n|gen|9\n|tier|[Gen 9] VGC 2025 Reg G\n|rated|\n|rule|Species Clause: Limit one of each Pok\u00e9mon\n|rule|Item Clause: Limit 1 of each item\n|clearpoke\n|poke|p1|Roaring Moon, L50|\n|poke|p1|Chi-Yu, L50|\n|poke|p1|Iron Hands, L50|\n|poke|p1|Regieleki, L50|\n|poke|p1|Whimsicott, L50, M|\n|poke|p1|Miraidon, L50|\n|poke|p2|Terapagos, L50, M|\n|poke|p2|Iron Leaves, L50|\n|poke|p2|Iron Hands, L50|\n|poke|p2|Moltres, L50|\n|teampreview|4\n|c|\u2606actuary97|omg\n|c|\u2606actuary97|sick team\n|c|\u2606Tempest brute|Thanks\nactuary97 has agreed to open team sheets.\n|j| AmdAndrewVGC\n|\n|t:|1739069372\n|start\n|switch|p1a: Regieleki|Regieleki, L50|100\/100\n|switch|p1b: Roaring Moon|Roaring Moon, L50|100\/100\n|switch|p2a: Iron Leaves|Iron Leaves, L50|100\/100\n|switch|p2b: Iron Hands|Iron Hands, L50|100\/100\n|-enditem|p1b: Roaring Moon|Booster Energy\n|-activate|p1b: Roaring Moon|ability: Protosynthesis|[fromitem]\n|-start|p1b: Roaring Moon|protosynthesisspe\n|-enditem|p2a: Iron Leaves|Booster Energy\n|-activate|p2a: Iron Leaves|ability: Quark Drive|[fromitem]\n|-start|p2a: Iron Leaves|quarkdrivespe\n|turn|1\n|\n|t:|1739069401\n|-terastallize|p1b: Roaring Moon|Flying\n|move|p1b: Roaring Moon|Breaking Swipe|p2b: Iron Hands|[spread] p2a,p2b\n|-damage|p2a: Iron Leaves|79\/100\n|-damage|p2b: Iron Hands|86\/100\n|-unboost|p2a: Iron Leaves|atk|1\n|-unboost|p2b: Iron Hands|atk|1\n|move|p1a: Regieleki|Volt Switch|p2a: Iron Leaves\n|-resisted|p2a: Iron Leaves\n|-damage|p2a: Iron Leaves|50\/100\n|\n|t:|1739069412\n|switch|p1a: Iron Hands|Iron Hands, L50|100\/100|[from] Volt Switch\n|move|p2a: Iron Leaves|Coaching|p2b: Iron Hands\n|-boost|p2b: Iron Hands|atk|1\n|-boost|p2b: Iron Hands|def|1\n|move|p2b: Iron Hands|Drain Punch|p1b: Roaring Moon\n|-resisted|p1b: Roaring Moon\n|-damage|p1b: Roaring Moon|73\/100\n|-heal|p2b: Iron Hands|96\/100|[from] drain|[of] p1b: Roaring Moon\n|\n|upkeep\n|turn|2\n|\n|t:|1739069434\n|-end|p2a: Iron Leaves|Quark Drive|[silent]\n|switch|p2a: Moltres|Moltres, L50|100\/100\n|-end|p1a: Iron Hands|Quark Drive|[silent]\n|switch|p1a: Miraidon|Miraidon, L50|100\/100\n|-fieldstart|move: Electric Terrain|[from] ability: Hadron Engine|[of] p1a: Miraidon\n|-activate|p2b: Iron Hands|ability: Quark Drive\n|-start|p2b: Iron Hands|quarkdrivedef\n|move|p1b: Roaring Moon|Dragon Cheer|p1a: Miraidon\n|-start|p1a: Miraidon|move: Dragon Cheer\n|move|p2b: Iron Hands|Wild Charge|p1b: Roaring Moon\n|-supereffective|p1b: Roaring Moon\n|-damage|p1b: Roaring Moon|0 fnt\n|faint|p1b: Roaring Moon\n|-end|p1b: Roaring Moon|Protosynthesis|[silent]\n|-damage|p2b: Iron Hands|82\/100|[from] Recoil\n|\n|upkeep\n|l|\u2606Tempest brute\n|player|p2|\n|j| sauromon\n|j| Kaicyios\n|\n|t:|1739069452\n|switch|p1b: Regieleki|Regieleki, L50|100\/100\n|turn|3\n|j|\u2606Tempest brute\n|player|p2|Tempest brute|veteran|\n|\n|t:|1739069477\n|switch|p2a: Iron Leaves|Iron Leaves, L50|50\/100\n|-activate|p2a: Iron Leaves|ability: Quark Drive\n|-start|p2a: Iron Leaves|quarkdrivespe\n|move|p1b: Regieleki|Electro Ball|p2a: Iron Leaves\n|-resisted|p2a: Iron Leaves\n|-damage|p2a: Iron Leaves|17\/100\n|move|p1a: Miraidon|Draco Meteor|p2b: Iron Hands\n|-crit|p2b: Iron Hands\n|-damage|p2b: Iron Hands|21\/100\n|-unboost|p1a: Miraidon|spa|2\n|move|p2b: Iron Hands|Drain Punch|p1a: Miraidon\n|-damage|p1a: Miraidon|60\/100\n|-heal|p2b: Iron Hands|36\/100|[from] drain|[of] p1a: Miraidon\n|\n|upkeep\n|turn|4\n|\n|t:|1739069498\n|-end|p2b: Iron Hands|Quark Drive|[silent]\n|switch|p2b: Moltres|Moltres, L50|100\/100\n|move|p2a: Iron Leaves|Protect|p2a: Iron Leaves\n|-singleturn|p2a: Iron Leaves|Protect\n|move|p1b: Regieleki|Electro Ball|p2a: Iron Leaves\n|-activate|p2a: Iron Leaves|move: Protect\n|move|p1a: Miraidon|Draco Meteor|p2b: Moltres\n|-crit|p2b: Moltres\n|-damage|p2b: Moltres|0 fnt\n|-unboost|p1a: Miraidon|spa|2\n|faint|p2b: Moltres\n|\n|upkeep\n|\n|t:|1739069501\n|switch|p2b: Terapagos|Terapagos, L50, M|100\/100\n|-activate|p2b: Terapagos|ability: Tera Shift\n|detailschange|p2b: Terapagos|Terapagos-Terastal, L50, M\n|-heal|p2b: Terapagos|100\/100|[silent]\n|turn|5\n|\n|t:|1739069530\n|-end|p2a: Iron Leaves|Quark Drive|[silent]\n|switch|p2a: Iron Hands|Iron Hands, L50|36\/100\n|-activate|p2a: Iron Hands|ability: Quark Drive\n|-start|p2a: Iron Hands|quarkdriveatk\n|-terastallize|p2b: Terapagos|Stellar\n|detailschange|p2b: Terapagos|Terapagos-Stellar, L50, M, tera:Stellar\n|-heal|p2b: Terapagos|100\/100|[silent]\n|-ability|p2b: Terapagos|Teraform Zero\n|-fieldend|move: Electric Terrain\n|-end|p2a: Iron Hands|Quark Drive\n|move|p1a: Miraidon|Protect|p1a: Miraidon\n|-singleturn|p1a: Miraidon|Protect\n|move|p1b: Regieleki|Electro Ball|p2b: Terapagos\n|-damage|p2b: Terapagos|56\/100\n|move|p2b: Terapagos|Tera Starstorm|p1b: Regieleki|[spread] p1b\n|-activate|p1a: Miraidon|move: Protect\n|-damage|p1b: Regieleki|43\/100\n|\n|-heal|p2b: Terapagos|62\/100|[from] item: Leftovers\n|upkeep\n|turn|6\n|\n|t:|1739069560\n|switch|p1a: Iron Hands|Iron Hands, L50|100\/100\n|move|p2a: Iron Hands|Fake Out|p1a: Iron Hands\n|-damage|p1a: Iron Hands|91\/100\n|move|p1b: Regieleki|Electro Ball|p2b: Terapagos\n|-damage|p2b: Terapagos|17\/100\n|move|p2b: Terapagos|Tera Starstorm|p1a: Iron Hands|[spread] p1a,p1b\n|-damage|p1a: Iron Hands|76\/100\n|-damage|p1b: Regieleki|0 fnt\n|faint|p1b: Regieleki\n|\n|-heal|p2b: Terapagos|23\/100|[from] item: Leftovers\n|upkeep\n|\n|t:|1739069570\n|switch|p1b: Miraidon|Miraidon, L50|60\/100\n|-fieldstart|move: Electric Terrain|[from] ability: Hadron Engine|[of] p1b: Miraidon\n|-activate|p1a: Iron Hands|ability: Quark Drive\n|-start|p1a: Iron Hands|quarkdriveatk\n|-activate|p2a: Iron Hands|ability: Quark Drive\n|-start|p2a: Iron Hands|quarkdriveatk\n|turn|7\n|\n|t:|1739069577\n|move|p2b: Terapagos|Protect|p2b: Terapagos\n|-singleturn|p2b: Terapagos|Protect\n|move|p1a: Iron Hands|Fake Out|p2a: Iron Hands\n|-damage|p2a: Iron Hands|24\/100\n|move|p1b: Miraidon|Electro Drift|p2b: Terapagos\n|-activate|p2b: Terapagos|move: Protect\n|cant|p2a: Iron Hands|flinch\n|\n|-heal|p2b: Terapagos|29\/100|[from] item: Leftovers\n|upkeep\n|turn|8\n|\n|t:|1739069600\n|-end|p2a: Iron Hands|Quark Drive|[silent]\n|switch|p2a: Iron Leaves|Iron Leaves, L50|17\/100\n|-activate|p2a: Iron Leaves|ability: Quark Drive\n|-start|p2a: Iron Leaves|quarkdrivespe\n|move|p2b: Terapagos|Protect||[still]\n|-fail|p2b: Terapagos\n|move|p1b: Miraidon|Electro Drift|p2a: Iron Leaves\n|-resisted|p2a: Iron Leaves\n|-damage|p2a: Iron Leaves|0 fnt\n|faint|p2a: Iron Leaves\n|-end|p2a: Iron Leaves|Quark Drive|[silent]\n|move|p1a: Iron Hands|Low Kick|p2b: Terapagos\n|-supereffective|p2b: Terapagos\n|-damage|p2b: Terapagos|0 fnt\n|faint|p2b: Terapagos\n|\n|upkeep\n|c|\u2606actuary97|gg\n|-message|Tempest brute forfeited.\n|\n|win|actuary97\n|raw|actuary97's rating: 1598 &rarr; <strong>1619<\/strong><br \/>(+21 for winning)\n|raw|Tempest brute's rating: 1622 &rarr; <strong>1601<\/strong><br \/>(-21 for losing)\n|l|\u2606Tempest brute\n|player|p2|\n|l| sauromon\n|l| AmdAndrewVGC\n","uploadtime":1739069860,"views":23,"formatid":"gen9vgc2025regg","rating":1601,"private":0,"password":null}