{"id":"gen9vgc2025regg-2297699917","format":"[Gen 9] VGC 2025 Reg G","players":["futonkagebunshin","cilan123"],"log":"|j|\u2606futonkagebunshin\n|j|\u2606cilan123\n|t:|1739147442\n|gametype|doubles\n|player|p1|futonkagebunshin|policeman-gen4|1623\n|player|p2|cilan123|2|1542\n|teamsize|p1|6\n|teamsize|p2|6\n|gen|9\n|tier|[Gen 9] VGC 2025 Reg G\n|rated|\n|rule|Species Clause: Limit one of each Pok\u00e9mon\n|rule|Item Clause: Limit 1 of each item\n|clearpoke\n|poke|p1|Koraidon, L50|\n|poke|p1|Tornadus, L50, M|\n|poke|p1|Chi-Yu, L50|\n|poke|p1|Flutter Mane, L50|\n|poke|p1|Umbreon, L50, M|\n|poke|p1|Raging Bolt, L50|\n|poke|p2|Groudon, L50|\n|poke|p2|Iron Valiant, L50|\n|poke|p2|Raging Bolt, L50|\n|poke|p2|Farigiraf, L50, M|\n|poke|p2|Walking Wake, L50|\n|poke|p2|Chi-Yu, L50|\n|teampreview|4\n|\n|t:|1739147500\n|start\n|switch|p1a: Koraidon|Koraidon, L50|100\/100\n|switch|p1b: Flutter Mane|Flutter Mane, L50|100\/100\n|switch|p2a: saquon|Groudon, L50|100\/100\n|switch|p2b: Farigiraf|Farigiraf, L50, M|100\/100\n|-weather|SunnyDay|[from] ability: Orichalcum Pulse|[of] p1a: Koraidon\n|-activate|p1b: Flutter Mane|ability: Protosynthesis\n|-start|p1b: Flutter Mane|protosynthesisspe\n|-activate|p1a: Koraidon|Orichalcum Pulse|[source]\n|turn|1\n|j| RiotJuice\n|\n|t:|1739147535\n|-terastallize|p2a: saquon|Fire\n|move|p2b: Farigiraf|Helping Hand|p2a: saquon\n|-singleturn|p2a: saquon|Helping Hand|[of] p2b: Farigiraf\n|move|p1b: Flutter Mane|Moonblast|p2b: Farigiraf\n|-damage|p2b: Farigiraf|49\/100\n|-unboost|p2b: Farigiraf|spa|1\n|move|p1a: Koraidon|Collision Course|p2b: Farigiraf\n|-damage|p2b: Farigiraf|0 fnt\n|faint|p2b: Farigiraf\n|move|p2a: saquon|Precipice Blades|p1a: Koraidon|[spread] p1a,p1b\n|-damage|p1a: Koraidon|17\/100\n|-enditem|p1b: Flutter Mane|Focus Sash\n|-damage|p1b: Flutter Mane|1\/100\n|\n|-weather|SunnyDay|[upkeep]\n|upkeep\n|\n|t:|1739147554\n|switch|p2b: Raging Bolt|Raging Bolt, L50|100\/100\n|-activate|p2b: Raging Bolt|ability: Protosynthesis\n|-start|p2b: Raging Bolt|protosynthesisspa\n|turn|2\n|\n|t:|1739147560\n|move|p2b: Raging Bolt|Thunderclap|p1b: Flutter Mane\n|-damage|p1b: Flutter Mane|0 fnt\n|faint|p1b: Flutter Mane\n|-end|p1b: Flutter Mane|Protosynthesis|[silent]\n|-damage|p2b: Raging Bolt|90\/100|[from] item: Life Orb\n|move|p1a: Koraidon|Scale Shot|p2b: Raging Bolt\n|-supereffective|p2b: Raging Bolt\n|-damage|p2b: Raging Bolt|58\/100\n|-supereffective|p2b: Raging Bolt\n|-damage|p2b: Raging Bolt|29\/100\n|-supereffective|p2b: Raging Bolt\n|-damage|p2b: Raging Bolt|0 fnt\n|faint|p2b: Raging Bolt\n|-end|p2b: Raging Bolt|Protosynthesis|[silent]\n|-hitcount|p2: Raging Bolt|3\n|-unboost|p1a: Koraidon|def|1\n|-boost|p1a: Koraidon|spe|1\n|move|p2a: saquon|Precipice Blades|p1a: Koraidon\n|-damage|p1a: Koraidon|0 fnt\n|faint|p1a: Koraidon\n|\n|-weather|SunnyDay|[upkeep]\n|upkeep\n|\n|t:|1739147574\n|switch|p1b: Umbreon|Umbreon, L50, M|100\/100\n|switch|p1a: Chi-Yu|Chi-Yu, L50|100\/100\n|switch|p2b: Iron Valiant|Iron Valiant, L50|100\/100\n|-ability|p1a: Chi-Yu|Beads of Ruin\n|-enditem|p2b: Iron Valiant|Booster Energy\n|-activate|p2b: Iron Valiant|ability: Quark Drive|[fromitem]\n|-start|p2b: Iron Valiant|quarkdrivespe\n|turn|3\n|\n|t:|1739147603\n|-terastallize|p1a: Chi-Yu|Water\n|move|p2b: Iron Valiant|Spirit Break|p1a: Chi-Yu\n|-damage|p1a: Chi-Yu|58\/100\n|-unboost|p1a: Chi-Yu|spa|1\n|move|p1a: Chi-Yu|Overheat|p2b: Iron Valiant\n|-crit|p2b: Iron Valiant\n|-damage|p2b: Iron Valiant|0 fnt\n|-unboost|p1a: Chi-Yu|spa|2\n|faint|p2b: Iron Valiant\n|-end|p2b: Iron Valiant|Quark Drive|[silent]\n|move|p2a: saquon|Precipice Blades|p1a: Chi-Yu|[spread] p1b\n|-miss|p2a: saquon|p1a: Chi-Yu\n|-damage|p1b: Umbreon|63\/100\n|move|p1b: Umbreon|Yawn|p2a: saquon\n|-start|p2a: saquon|move: Yawn|[of] p1b: Umbreon\n|\n|-weather|SunnyDay|[upkeep]\n|upkeep\n|turn|4\n|\n|t:|1739147633\n|move|p1a: Chi-Yu|Overheat|p2a: saquon\n|-resisted|p2a: saquon\n|-damage|p2a: saquon|75\/100\n|-unboost|p1a: Chi-Yu|spa|2\n|move|p2a: saquon|Precipice Blades|p1b: Umbreon|[spread] p1a\n|-miss|p2a: saquon|p1b: Umbreon\n|-damage|p1a: Chi-Yu|0 fnt\n|faint|p1a: Chi-Yu\n|move|p1b: Umbreon|Moonlight|p1b: Umbreon\n|-heal|p1b: Umbreon|100\/100\n|\n|-weather|SunnyDay|[upkeep]\n|-end|p2a: saquon|move: Yawn|[silent]\n|-status|p2a: saquon|slp\n|upkeep\n|turn|5\n|\n|t:|1739147648\n|cant|p2a: saquon|slp\n|move|p1b: Umbreon|Foul Play|p2a: saquon\n|-damage|p2a: saquon|27\/100 slp\n|\n|-weather|none\n|upkeep\n|turn|6\n|l| RiotJuice\n|j| RiotJuice\n|\n|t:|1739147655\n|cant|p2a: saquon|slp\n|move|p1b: Umbreon|Foul Play|p2a: saquon\n|-damage|p2a: saquon|0 fnt\n|faint|p2a: saquon\n|\n|win|futonkagebunshin\n|raw|futonkagebunshin's rating: 1623 &rarr; <strong>1638<\/strong><br \/>(+15 for winning)\n|raw|cilan123's rating: 1542 &rarr; <strong>1527<\/strong><br \/>(-15 for losing)\n|l| RiotJuice\n|l|\u2606cilan123\n|player|p2|\n|l|\u2606futonkagebunshin\n|player|p1|\n","uploadtime":1739147803,"views":4,"formatid":"gen9vgc2025regg","rating":1527,"private":0,"password":null}