{"id":"gen9vgc2025regg-2297312357","format":"[Gen 9] VGC 2025 Reg G","players":["SendMuj","cobalt_poke"],"log":"|j|\u2606SendMuj\n|j|\u2606cobalt_poke\n|t:|1739092796\n|gametype|doubles\n|player|p1|SendMuj|pokemonranger-gen4|1652\n|player|p2|cobalt_poke|1|1739\n|teamsize|p1|6\n|teamsize|p2|6\n|gen|9\n|tier|[Gen 9] VGC 2025 Reg G\n|rated|\n|rule|Species Clause: Limit one of each Pok\u00e9mon\n|rule|Item Clause: Limit 1 of each item\n|clearpoke\n|poke|p1|Kyogre, L50|\n|poke|p1|Whimsicott, L50, F|\n|poke|p1|Ogerpon-Hearthflame, L50, F|\n|poke|p1|Rillaboom, L50, M|\n|poke|p1|Incineroar, L50, M|\n|poke|p1|Landorus, L50, M|\n|poke|p2|Weezing-Galar, L50, M|\n|poke|p2|Calyrex-Shadow, L50|\n|poke|p2|Dondozo, L50, M|\n|poke|p2|Tatsugiri, L50, M|\n|poke|p2|Incineroar, L50, F|\n|poke|p2|Roaring Moon, L50|\n|teampreview|4\n|inactive|Battle timer is ON: inactive players will automatically lose when time's up. (requested by SendMuj)\n|\n|t:|1739092808\n|start\n|switch|p1a: Whimsicott|Whimsicott, L50, F|100\/100\n|switch|p1b: Kyogre|Kyogre, L50|100\/100\n|switch|p2a: Weezing|Weezing-Galar, L50, M|100\/100\n|switch|p2b: Calyrex|Calyrex-Shadow, L50|100\/100\n|-ability|p2a: Weezing|Neutralizing Gas\n|-ability|p2b: Calyrex|As One\n|-ability|p2b: Calyrex|Unnerve\n|turn|1\n|\n|t:|1739092821\n|-terastallize|p1b: Kyogre|Water\n|move|p2b: Calyrex|Astral Barrage|p1b: Kyogre|[spread] p1a,p1b\n|-enditem|p1a: Whimsicott|Focus Sash\n|-damage|p1a: Whimsicott|1\/100\n|-damage|p1b: Kyogre|38\/100\n|move|p1b: Kyogre|Water Spout|p2a: Weezing|[spread] p2a,p2b\n|-damage|p2a: Weezing|52\/100\n|-damage|p2b: Calyrex|44\/100\n|move|p1a: Whimsicott|Tailwind|p1a: Whimsicott\n|-sidestart|p1: SendMuj|move: Tailwind\n|move|p2a: Weezing|Toxic Spikes|p1b: Kyogre\n|-sidestart|p1: SendMuj|move: Toxic Spikes\n|\n|upkeep\n|turn|2\n|\n|t:|1739092842\n|switch|p1b: Rillaboom|Rillaboom, L50, M|100\/100\n|-status|p1b: Rillaboom|psn\n|move|p1a: Whimsicott|Light Screen|p1a: Whimsicott\n|-sidestart|p1: SendMuj|move: Light Screen\n|move|p2b: Calyrex|Astral Barrage|p1b: Rillaboom|[spread] p1a,p1b\n|-damage|p1a: Whimsicott|0 fnt\n|-damage|p1b: Rillaboom|65\/100 psn\n|faint|p1a: Whimsicott\n|-ability|p2b: Calyrex|Grim Neigh|boost\n|-boost|p2b: Calyrex|spa|1\n|move|p2a: Weezing|Poison Gas|p1b: Rillaboom|[miss]\n|-miss|p2a: Weezing|p1b: Rillaboom\n|\n|-damage|p1b: Rillaboom|53\/100 psn|[from] psn\n|upkeep\n|\n|t:|1739092850\n|switch|p1a: Kyogre|Kyogre, L50, tera:Water|38\/100\n|-status|p1a: Kyogre|psn\n|turn|3\n|\n|t:|1739092862\n|switch|p2b: Tatsugiri|Tatsugiri, L50, M|100\/100\n|-end|p2a: Weezing|ability: Neutralizing Gas\n|-weather|RainDance|[from] ability: Drizzle|[of] p1a: Kyogre\n|-fieldstart|move: Grassy Terrain|[from] ability: Grassy Surge|[of] p1b: Rillaboom\n|switch|p2a: Dondozo|Dondozo, L50, M|100\/100\n|-activate|p2b: Tatsugiri|ability: Commander|[of] p2a: Dondozo\n|-boost|p2a: Dondozo|atk|2\n|-boost|p2a: Dondozo|spa|2\n|-boost|p2a: Dondozo|spe|2\n|-boost|p2a: Dondozo|def|2\n|-boost|p2a: Dondozo|spd|2\n|move|p1a: Kyogre|Origin Pulse|p2a: Dondozo|[spread] p2a\n|-miss|p1a: Kyogre|p2b: Tatsugiri\n|-resisted|p2a: Dondozo\n|-damage|p2a: Dondozo|60\/100\n|move|p1b: Rillaboom|U-turn|p2a: Dondozo\n|-damage|p2a: Dondozo|53\/100\n|\n|t:|1739092870\n|switch|p1b: Landorus|Landorus, L50, M|100\/100|[from] U-turn\n|\n|-weather|RainDance|[upkeep]\n|-heal|p1a: Kyogre|44\/100 psn|[from] Grassy Terrain\n|-heal|p2a: Dondozo|59\/100|[from] Grassy Terrain\n|-heal|p2a: Dondozo|65\/100|[from] item: Leftovers\n|-damage|p1a: Kyogre|32\/100 psn|[from] psn\n|upkeep\n|turn|4\n|\n|t:|1739092874\n|move|p2a: Dondozo|Protect|p2a: Dondozo\n|-singleturn|p2a: Dondozo|Protect\n|move|p1b: Landorus|Sludge Bomb|p2a: Dondozo\n|-activate|p2a: Dondozo|move: Protect\n|move|p1a: Kyogre|Origin Pulse|p2b: Tatsugiri|[spread] \n|-miss|p1a: Kyogre|p2b: Tatsugiri\n|-activate|p2a: Dondozo|move: Protect\n|\n|-weather|RainDance|[upkeep]\n|-heal|p1a: Kyogre|38\/100 psn|[from] Grassy Terrain\n|-heal|p2a: Dondozo|72\/100|[from] Grassy Terrain\n|-heal|p2a: Dondozo|78\/100|[from] item: Leftovers\n|-damage|p1a: Kyogre|26\/100 psn|[from] psn\n|-sideend|p1: SendMuj|move: Tailwind\n|upkeep\n|turn|5\n|\n|t:|1739092880\n|move|p1b: Landorus|Sludge Bomb|p2a: Dondozo\n|-damage|p2a: Dondozo|53\/100\n|move|p1a: Kyogre|Origin Pulse|p2a: Dondozo|[spread] p2a\n|-miss|p1a: Kyogre|p2b: Tatsugiri\n|-resisted|p2a: Dondozo\n|-damage|p2a: Dondozo|11\/100\n|move|p2a: Dondozo|Wave Crash|p1b: Landorus\n|-supereffective|p1b: Landorus\n|-damage|p1b: Landorus|0 fnt\n|faint|p1b: Landorus\n|-damage|p2a: Dondozo|0 fnt|[from] Recoil\n|faint|p2a: Dondozo\n|\n|-weather|RainDance|[upkeep]\n|-heal|p1a: Kyogre|31\/100 psn|[from] Grassy Terrain\n|-damage|p1a: Kyogre|19\/100 psn|[from] psn\n|upkeep\n|\n|t:|1739092888\n|switch|p1b: Rillaboom|Rillaboom, L50, M|53\/100 psn\n|switch|p2a: Calyrex|Calyrex-Shadow, L50|44\/100\n|-ability|p2a: Calyrex|As One\n|-ability|p2a: Calyrex|Unnerve\n|turn|6\n|\n|t:|1739092893\n|move|p2b: Tatsugiri|Protect|p2b: Tatsugiri\n|-singleturn|p2b: Tatsugiri|Protect\n|move|p2a: Calyrex|Astral Barrage|p1b: Rillaboom|[spread] p1a,p1b\n|-damage|p1a: Kyogre|0 fnt\n|-damage|p1b: Rillaboom|18\/100 psn\n|faint|p1a: Kyogre\n|-ability|p2a: Calyrex|Grim Neigh|boost\n|-boost|p2a: Calyrex|spa|1\n|move|p1b: Rillaboom|Knock Off|p2a: Calyrex\n|-supereffective|p2a: Calyrex\n|-damage|p2a: Calyrex|0 fnt\n|-enditem|p2a: Calyrex|Choice Specs|[from] move: Knock Off|[of] p1b: Rillaboom\n|faint|p2a: Calyrex\n|\n|-weather|RainDance|[upkeep]\n|-heal|p1b: Rillaboom|24\/100 psn|[from] Grassy Terrain\n|-damage|p1b: Rillaboom|12\/100 psn|[from] psn\n|-sideend|p1: SendMuj|move: Light Screen\n|upkeep\n|\n|t:|1739092901\n|switch|p2a: Weezing|Weezing-Galar, L50, M|52\/100\n|-ability|p2a: Weezing|Neutralizing Gas\n|turn|7\n|\n|t:|1739092908\n|move|p1b: Rillaboom|Grassy Glide|p2b: Tatsugiri\n|-damage|p2b: Tatsugiri|33\/100\n|move|p2b: Tatsugiri|Draco Meteor|p1b: Rillaboom\n|-damage|p1b: Rillaboom|0 fnt\n|-unboost|p2b: Tatsugiri|spa|2\n|faint|p1b: Rillaboom\n|\n|win|cobalt_poke\n|raw|SendMuj's rating: 1652 &rarr; <strong>1637<\/strong><br \/>(-15 for losing)\n|raw|cobalt_poke's rating: 1739 &rarr; <strong>1754<\/strong><br \/>(+15 for winning)\n|l|\u2606SendMuj\n|player|p1|\n|l|\u2606cobalt_poke\n|player|p2|\n","uploadtime":1739093122,"views":7,"formatid":"gen9vgc2025regg","rating":1637,"private":0,"password":null}