{"id":"gen9vgc2025regg-2297521394","format":"[Gen 9] VGC 2025 Reg G","players":["Nightwind Husky","zrofs"],"log":"|j|\u2606Nightwind Husky\n|j|\u2606zrofs\n|t:|1739125612\n|gametype|doubles\n|player|p1|Nightwind Husky|265|1563\n|player|p2|zrofs|steven|1588\n|teamsize|p1|6\n|teamsize|p2|6\n|gen|9\n|tier|[Gen 9] VGC 2025 Reg G\n|rated|\n|rule|Species Clause: Limit one of each Pok\u00e9mon\n|rule|Item Clause: Limit 1 of each item\n|clearpoke\n|poke|p1|Calyrex-Ice, L50|\n|poke|p1|Landorus, L50, M|\n|poke|p1|Amoonguss, L50, F|\n|poke|p1|Urshifu-*, L50, M|\n|poke|p1|Roaring Moon, L50|\n|poke|p1|Ogerpon-Hearthflame, L50, F|\n|poke|p2|Terapagos, L50, M|\n|poke|p2|Sinistcha, L50|\n|poke|p2|Rillaboom, L50, M|\n|poke|p2|Incineroar, L50, M|\n|poke|p2|Annihilape, L50, M|\n|poke|p2|Maushold, L50|\n|teampreview|4\n|inactive|Battle timer is ON: inactive players will automatically lose when time's up. (requested by Nightwind Husky)\n|j| Jfabricio23\n|\n|t:|1739125638\n|start\n|switch|p1a: Calyrex|Calyrex-Ice, L50|100\/100\n|switch|p1b: Ogerpon|Ogerpon-Hearthflame, L50, F|100\/100\n|switch|p2a: Incineroar|Incineroar, L50, M|100\/100\n|switch|p2b: Maushold|Maushold, L50|100\/100\n|-ability|p1a: Calyrex|As One\n|-ability|p1a: Calyrex|Unnerve\n|-ability|p1b: Ogerpon|Mold Breaker\n|-ability|p2a: Incineroar|Intimidate|boost\n|-fail|p1a: Calyrex|unboost|[from] item: Clear Amulet|[of] p1a: Calyrex\n|-unboost|p1b: Ogerpon|atk|1\n|turn|1\n|inactive|Nightwind Husky has 30 seconds left.\n|\n|t:|1739125667\n|switch|p1b: Urshifu|Urshifu-Rapid-Strike, L50, M|100\/100\n|move|p1a: Calyrex|Protect|p1a: Calyrex\n|-singleturn|p1a: Calyrex|Protect\n|move|p2a: Incineroar|Fake Out|p1b: Urshifu\n|-damage|p1b: Urshifu|92\/100\n|move|p2b: Maushold|Taunt|p1a: Calyrex\n|-activate|p1a: Calyrex|move: Protect\n|\n|upkeep\n|turn|2\n|inactive|Nightwind Husky has 30 seconds left.\n|inactive|zrofs has 30 seconds left.\n|j| Funn yIy\n|inactive|zrofs has 20 seconds left.\n|\n|t:|1739125704\n|switch|p2b: Sinistcha|Sinistcha, L50|100\/100\n|-terastallize|p2a: Incineroar|Ghost\n|move|p1b: Urshifu|Surging Strikes|p2a: Incineroar\n|-crit|p2a: Incineroar\n|-damage|p2a: Incineroar|79\/100\n|-crit|p2a: Incineroar\n|-damage|p2a: Incineroar|55\/100\n|-crit|p2a: Incineroar\n|-damage|p2a: Incineroar|34\/100\n|-hitcount|p2a: Incineroar|3\n|move|p2a: Incineroar|Will-O-Wisp|p1a: Calyrex\n|-status|p1a: Calyrex|brn\n|move|p1a: Calyrex|Glacial Lance|p2a: Incineroar|[spread] p2a,p2b\n|-supereffective|p2b: Sinistcha\n|-damage|p2a: Incineroar|9\/100\n|-damage|p2b: Sinistcha|48\/100\n|\n|-damage|p1a: Calyrex|95\/100 brn|[from] brn\n|upkeep\n|turn|3\n|inactive|Nightwind Husky has 30 seconds left.\n|inactive|zrofs has 30 seconds left.\n|inactive|Nightwind Husky has 20 seconds left.\n|inactive|zrofs has 20 seconds left.\n|inactive|Nightwind Husky has 15 seconds left.\n|inactive|zrofs has 15 seconds left.\n|\n|t:|1739125747\n|switch|p2a: Annihilape|Annihilape, L50, M|100\/100\n|move|p1b: Urshifu|Detect|p1b: Urshifu\n|-singleturn|p1b: Urshifu|Protect\n|move|p2b: Sinistcha|Life Dew||[still]|[spread] p2a,p2b\n|-fail|p2a: Annihilape|heal\n|-heal|p2b: Sinistcha|73\/100\n|move|p1a: Calyrex|Glacial Lance|p2a: Annihilape|[spread] p2a,p2b\n|-supereffective|p2b: Sinistcha\n|-crit|p2b: Sinistcha\n|-damage|p2a: Annihilape|74\/100\n|-damage|p2b: Sinistcha|0 fnt\n|faint|p2b: Sinistcha\n|-ability|p1a: Calyrex|Chilling Neigh|boost\n|-boost|p1a: Calyrex|atk|1\n|\n|-heal|p2a: Annihilape|80\/100|[from] item: Leftovers\n|-damage|p1a: Calyrex|89\/100 brn|[from] brn\n|upkeep\n|\n|t:|1739125765\n|switch|p2b: Incineroar|Incineroar, L50, M, tera:Ghost|9\/100\n|-ability|p2b: Incineroar|Intimidate|boost\n|-fail|p1a: Calyrex|unboost|[from] item: Clear Amulet|[of] p1a: Calyrex\n|-unboost|p1b: Urshifu|atk|1\n|turn|4\n|\n|t:|1739125781\n|switch|p1b: Ogerpon|Ogerpon-Hearthflame, L50, F|100\/100\n|-ability|p1b: Ogerpon|Mold Breaker\n|move|p2b: Incineroar|Fake Out|p1b: Ogerpon\n|-damage|p1b: Ogerpon|91\/100\n|move|p2a: Annihilape|Bulk Up|p2a: Annihilape\n|-boost|p2a: Annihilape|atk|1\n|-boost|p2a: Annihilape|def|1\n|move|p1a: Calyrex|Glacial Lance|p2b: Incineroar|[spread] p2a,p2b\n|-damage|p2a: Annihilape|54\/100\n|-damage|p2b: Incineroar|0 fnt\n|faint|p2b: Incineroar\n|-ability|p1a: Calyrex|Chilling Neigh|boost\n|-boost|p1a: Calyrex|atk|1\n|\n|-heal|p2a: Annihilape|60\/100|[from] item: Leftovers\n|-damage|p1a: Calyrex|83\/100 brn|[from] brn\n|upkeep\n|\n|t:|1739125797\n|switch|p2b: Maushold|Maushold, L50|100\/100\n|turn|5\n|\n|t:|1739125814\n|move|p2b: Maushold|Protect|p2b: Maushold\n|-singleturn|p2b: Maushold|Protect\n|move|p1b: Ogerpon|Follow Me|p1b: Ogerpon\n|-singleturn|p1b: Ogerpon|move: Follow Me\n|move|p2a: Annihilape|Rage Fist|p1b: Ogerpon\n|-damage|p1b: Ogerpon|19\/100\n|move|p1a: Calyrex|Glacial Lance|p2b: Maushold|[spread] p2a\n|-activate|p2b: Maushold|move: Protect\n|-damage|p2a: Annihilape|34\/100\n|\n|-heal|p2a: Annihilape|40\/100|[from] item: Leftovers\n|-damage|p1a: Calyrex|77\/100 brn|[from] brn\n|upkeep\n|turn|6\n|inactive|zrofs has 30 seconds left.\n|\n|t:|1739125840\n|-terastallize|p1a: Calyrex|Fairy\n|move|p2b: Maushold|Follow Me|p2b: Maushold\n|-singleturn|p2b: Maushold|move: Follow Me\n|move|p1b: Ogerpon|Follow Me|p1b: Ogerpon\n|-singleturn|p1b: Ogerpon|move: Follow Me\n|move|p2a: Annihilape|Rage Fist|p1b: Ogerpon\n|-damage|p1b: Ogerpon|0 fnt\n|faint|p1b: Ogerpon\n|move|p1a: Calyrex|Glacial Lance|p2a: Annihilape|[spread] p2a,p2b\n|-damage|p2a: Annihilape|13\/100\n|-damage|p2b: Maushold|30\/100\n|\n|-heal|p2a: Annihilape|19\/100|[from] item: Leftovers\n|-damage|p1a: Calyrex|72\/100 brn|[from] brn\n|upkeep\n|\n|t:|1739125852\n|switch|p1b: Roaring Moon|Roaring Moon, L50|100\/100\n|-enditem|p1b: Roaring Moon|Booster Energy\n|-activate|p1b: Roaring Moon|ability: Protosynthesis|[fromitem]\n|-start|p1b: Roaring Moon|protosynthesisspe\n|turn|7\n|\n|t:|1739125864\n|move|p1a: Calyrex|Protect|p1a: Calyrex\n|-singleturn|p1a: Calyrex|Protect\n|move|p2b: Maushold|Follow Me|p2b: Maushold\n|-singleturn|p2b: Maushold|move: Follow Me\n|move|p1b: Roaring Moon|Tailwind|p1b: Roaring Moon\n|-sidestart|p1: Nightwind Husky|move: Tailwind\n|move|p2a: Annihilape|Drain Punch|p1b: Roaring Moon\n|-supereffective|p1b: Roaring Moon\n|-damage|p1b: Roaring Moon|0 fnt\n|-heal|p2a: Annihilape|69\/100|[from] drain|[of] p1b: Roaring Moon\n|faint|p1b: Roaring Moon\n|-end|p1b: Roaring Moon|Protosynthesis|[silent]\n|\n|-heal|p2a: Annihilape|75\/100|[from] item: Leftovers\n|-damage|p1a: Calyrex|66\/100 brn|[from] brn\n|upkeep\n|\n|t:|1739125874\n|switch|p1b: Urshifu|Urshifu-Rapid-Strike, L50, M|92\/100\n|turn|8\n|\n|t:|1739125894\n|move|p1b: Urshifu|Detect|p1b: Urshifu\n|-singleturn|p1b: Urshifu|Protect\n|move|p2b: Maushold|Protect|p2b: Maushold\n|-singleturn|p2b: Maushold|Protect\n|move|p1a: Calyrex|Glacial Lance|p2a: Annihilape|[spread] p2a\n|-activate|p2b: Maushold|move: Protect\n|-damage|p2a: Annihilape|51\/100\n|move|p2a: Annihilape|Rage Fist|p1a: Calyrex\n|-damage|p1a: Calyrex|0 fnt\n|faint|p1a: Calyrex\n|\n|-heal|p2a: Annihilape|57\/100|[from] item: Leftovers\n|upkeep\n|turn|9\n|\n|t:|1739125909\n|move|p2b: Maushold|Follow Me|p2b: Maushold\n|-singleturn|p2b: Maushold|move: Follow Me\n|move|p1b: Urshifu|Surging Strikes|p2b: Maushold\n|-crit|p2b: Maushold\n|-damage|p2b: Maushold|0 fnt\n|faint|p2b: Maushold\n|-hitcount|p2: Maushold|1\n|move|p2a: Annihilape|Rage Fist|p1b: Urshifu\n|-damage|p1b: Urshifu|0 fnt\n|faint|p1b: Urshifu\n|\n|win|zrofs\n|raw|Nightwind Husky's rating: 1563 &rarr; <strong>1544<\/strong><br \/>(-19 for losing)\n|raw|zrofs's rating: 1588 &rarr; <strong>1607<\/strong><br \/>(+19 for winning)\n|l| Jfabricio23\n|l|\u2606zrofs\n|player|p2|\n|l| Funn yIy\n","uploadtime":1739126084,"views":6,"formatid":"gen9vgc2025regg","rating":1544,"private":0,"password":null}