{"id":"gen9vgc2025regg-2297821248","format":"[Gen 9] VGC 2025 Reg G","players":["ssbutan","InfinityGroudon"],"log":"|j|\u2606ssbutan\n|j|\u2606InfinityGroudon\n|t:|1739166318\n|gametype|doubles\n|player|p1|ssbutan|camper|1582\n|player|p2|InfinityGroudon|101|1687\n|teamsize|p1|6\n|teamsize|p2|6\n|gen|9\n|tier|[Gen 9] VGC 2025 Reg G\n|rated|\n|rule|Species Clause: Limit one of each Pok\u00e9mon\n|rule|Item Clause: Limit 1 of each item\n|clearpoke\n|poke|p1|Calyrex-Ice, L50|\n|poke|p1|Cresselia, L50, F|\n|poke|p1|Rillaboom, L50, F|\n|poke|p1|Urshifu-*, L50, M|\n|poke|p1|Raging Bolt, L50|\n|poke|p1|Thundurus, L50, M|\n|poke|p2|Terapagos, L50, M|\n|poke|p2|Clefairy, L50, F|\n|poke|p2|Rillaboom, L50, F|\n|poke|p2|Skeledirge, L50, M|\n|poke|p2|Urshifu-*, L50, M|\n|poke|p2|Chien-Pao, L50|\n|teampreview|4\n|inactive|Battle timer is ON: inactive players will automatically lose when time's up. (requested by ssbutan)\n|\n|t:|1739166345\n|start\n|switch|p1a: Urshifu|Urshifu-Rapid-Strike, L50, M|100\/100\n|switch|p1b: Thundurus|Thundurus, L50, M|100\/100\n|switch|p2a: Lion's Roar|Rillaboom, L50, F|100\/100\n|switch|p2b: Ram|Urshifu, L50, M|100\/100\n|-fieldstart|move: Grassy Terrain|[from] ability: Grassy Surge|[of] p2a: Lion's Roar\n|turn|1\n|inactive|ssbutan has 30 seconds left.\n|inactive|InfinityGroudon has 30 seconds left.\n|\n|t:|1739166372\n|move|p2a: Lion's Roar|Fake Out|p1a: Urshifu\n|-damage|p1a: Urshifu|87\/100\n|cant|p1a: Urshifu|flinch\n|move|p1b: Thundurus|Volt Switch|p2b: Ram\n|-damage|p2b: Ram|54\/100\n|\n|t:|1739166382\n|switch|p1b: Calyrex|Calyrex-Ice, L50|100\/100|[from] Volt Switch\n|-ability|p1b: Calyrex|As One\n|-ability|p1b: Calyrex|Unnerve\n|move|p2b: Ram|Wicked Blow|p1b: Calyrex\n|-supereffective|p1b: Calyrex\n|-crit|p1b: Calyrex\n|-damage|p1b: Calyrex|16\/100\n|\n|-heal|p1a: Urshifu|94\/100|[from] Grassy Terrain\n|-heal|p2b: Ram|61\/100|[from] Grassy Terrain\n|-heal|p1b: Calyrex|22\/100|[from] Grassy Terrain\n|-heal|p1b: Calyrex|28\/100|[from] item: Leftovers\n|upkeep\n|turn|2\n|\n|t:|1739166406\n|switch|p2b: Ernesto|Skeledirge, L50, M|100\/100\n|-terastallize|p1b: Calyrex|Fairy\n|move|p1a: Urshifu|U-turn|p2a: Lion's Roar\n|-supereffective|p2a: Lion's Roar\n|-damage|p2a: Lion's Roar|60\/100\n|\n|t:|1739166418\n|switch|p1a: Cresselia|Cresselia, L50, F|100\/100|[from] U-turn\n|move|p2a: Lion's Roar|Wood Hammer|p1a: Cresselia\n|-crit|p1a: Cresselia\n|-damage|p1a: Cresselia|40\/100\n|-damage|p2a: Lion's Roar|38\/100|[from] Recoil\n|move|p1b: Calyrex|Glacial Lance|p2a: Lion's Roar|[spread] p2a,p2b\n|-supereffective|p2a: Lion's Roar\n|-resisted|p2b: Ernesto\n|-damage|p2a: Lion's Roar|0 fnt\n|-damage|p2b: Ernesto|82\/100\n|faint|p2a: Lion's Roar\n|-ability|p1b: Calyrex|Chilling Neigh|boost\n|-boost|p1b: Calyrex|atk|1\n|\n|-heal|p2b: Ernesto|88\/100|[from] Grassy Terrain\n|-heal|p1b: Calyrex|34\/100|[from] Grassy Terrain\n|-heal|p1b: Calyrex|40\/100|[from] item: Leftovers\n|upkeep\n|\n|t:|1739166422\n|switch|p2a: Perrine|Terapagos, L50, M|100\/100\n|-activate|p2a: Perrine|ability: Tera Shift\n|detailschange|p2a: Perrine|Terapagos-Terastal, L50, M\n|-heal|p2a: Perrine|100\/100|[silent]\n|turn|3\n|\n|t:|1739166433\n|-terastallize|p2a: Perrine|Stellar\n|detailschange|p2a: Perrine|Terapagos-Stellar, L50, M, tera:Stellar\n|-heal|p2a: Perrine|100\/100|[silent]\n|-ability|p2a: Perrine|Teraform Zero\n|-fieldend|move: Grassy Terrain\n|move|p1b: Calyrex|Protect|p1b: Calyrex\n|-singleturn|p1b: Calyrex|Protect\n|move|p2a: Perrine|Tera Starstorm|p1b: Calyrex|[spread] p1a\n|-activate|p1b: Calyrex|move: Protect\n|-damage|p1a: Cresselia|18\/100\n|move|p1a: Cresselia|Thunder Wave|p2a: Perrine\n|-status|p2a: Perrine|par\n|move|p2b: Ernesto|Shadow Ball|p1a: Cresselia\n|-supereffective|p1a: Cresselia\n|-damage|p1a: Cresselia|0 fnt\n|faint|p1a: Cresselia\n|\n|-heal|p1b: Calyrex|45\/100|[from] item: Leftovers\n|upkeep\n|raw|<div class=\"broadcast-red\"><b>The server is restarting soon.<\/b><br \/>Please finish your battles quickly. No new battles can be started until the server resets in a few minutes.<\/div>\n|inactive|staff also wants the timer to be on.\n|raw|<div class=\"broadcast-red\"><b>Moderated chat was set to +!<\/b><br \/>Only users of rank + and higher can talk.<\/div>\n|\n|t:|1739166453\n|switch|p1a: Thundurus|Thundurus, L50, M|100\/100\n|turn|4\n|\n|t:|1739166467\n|move|p1a: Thundurus|Eerie Impulse|p2a: Perrine\n|-unboost|p2a: Perrine|spa|2\n|move|p2b: Ernesto|Torch Song|p1a: Thundurus\n|-crit|p1a: Thundurus\n|-damage|p1a: Thundurus|44\/100\n|-boost|p2b: Ernesto|spa|1\n|-enditem|p2b: Ernesto|Throat Spray\n|-boost|p2b: Ernesto|spa|1|[from] item: Throat Spray\n|move|p1b: Calyrex|Leech Seed|p2b: Ernesto\n|-start|p2b: Ernesto|move: Leech Seed\n|move|p2a: Perrine|Tera Starstorm|p1a: Thundurus|[spread] p1a,p1b\n|-supereffective|p1b: Calyrex\n|-crit|p1b: Calyrex\n|-damage|p1a: Thundurus|17\/100\n|-damage|p1b: Calyrex|7\/100\n|\n|-heal|p1b: Calyrex|13\/100|[from] item: Leftovers\n|-damage|p2b: Ernesto|76\/100|[from] Leech Seed|[of] p1b: Calyrex\n|-heal|p1b: Calyrex|25\/100|[silent]\n|upkeep\n|turn|5\n|inactive|ssbutan has 30 seconds left.\n|\n|t:|1739166500\n|move|p1b: Calyrex|Protect|p1b: Calyrex\n|-singleturn|p1b: Calyrex|Protect\n|move|p1a: Thundurus|Rain Dance|p1a: Thundurus\n|-weather|RainDance\n|move|p2b: Ernesto|Torch Song|p1b: Calyrex\n|-activate|p1b: Calyrex|move: Protect\n|move|p2a: Perrine|Tera Starstorm|p1b: Calyrex|[spread] p1a\n|-activate|p1b: Calyrex|move: Protect\n|-crit|p1a: Thundurus\n|-damage|p1a: Thundurus|0 fnt\n|faint|p1a: Thundurus\n|\n|-weather|RainDance|[upkeep]\n|-heal|p1b: Calyrex|30\/100|[from] item: Leftovers\n|-damage|p2b: Ernesto|64\/100|[from] Leech Seed|[of] p1b: Calyrex\n|-heal|p1b: Calyrex|43\/100|[silent]\n|upkeep\n|\n|t:|1739166510\n|switch|p1a: Urshifu|Urshifu-Rapid-Strike, L50, M|94\/100\n|turn|6\n|\n|t:|1739166525\n|move|p1a: Urshifu|Surging Strikes|p2b: Ernesto\n|-supereffective|p2b: Ernesto\n|-crit|p2b: Ernesto\n|-damage|p2b: Ernesto|14\/100\n|-supereffective|p2b: Ernesto\n|-crit|p2b: Ernesto\n|-damage|p2b: Ernesto|0 fnt\n|faint|p2b: Ernesto\n|-hitcount|p2: Ernesto|2\n|move|p1b: Calyrex|Body Press|p2a: Perrine\n|-supereffective|p2a: Perrine\n|-damage|p2a: Perrine|67\/100 par\n|move|p2a: Perrine|Tera Starstorm|p1b: Calyrex|[spread] p1a,p1b\n|-supereffective|p1b: Calyrex\n|-damage|p1a: Urshifu|73\/100\n|-damage|p1b: Calyrex|19\/100\n|\n|-weather|RainDance|[upkeep]\n|-heal|p1b: Calyrex|25\/100|[from] item: Leftovers\n|-heal|p2a: Perrine|74\/100 par|[from] item: Leftovers\n|upkeep\n|\n|t:|1739166528\n|switch|p2b: Ram|Urshifu, L50, M|61\/100\n|turn|7\n|\n|t:|1739166551\n|move|p1b: Calyrex|Protect|p1b: Calyrex\n|-singleturn|p1b: Calyrex|Protect\n|move|p2b: Ram|Sucker Punch|p1a: Urshifu\n|-resisted|p1a: Urshifu\n|-damage|p1a: Urshifu|45\/100\n|move|p1a: Urshifu|Surging Strikes|p2b: Ram\n|-crit|p2b: Ram\n|-damage|p2b: Ram|27\/100\n|-crit|p2b: Ram\n|-damage|p2b: Ram|0 fnt\n|faint|p2b: Ram\n|-hitcount|p2: Ram|2\n|move|p2a: Perrine|Tera Starstorm|p1b: Calyrex|[spread] p1a\n|-activate|p1b: Calyrex|move: Protect\n|-damage|p1a: Urshifu|24\/100\n|\n|-weather|RainDance|[upkeep]\n|-heal|p1b: Calyrex|31\/100|[from] item: Leftovers\n|-heal|p2a: Perrine|80\/100 par|[from] item: Leftovers\n|upkeep\n|turn|8\n|\n|t:|1739166569\n|move|p1a: Urshifu|Surging Strikes|p2a: Perrine\n|-crit|p2a: Perrine\n|-damage|p2a: Perrine|62\/100 par\n|-crit|p2a: Perrine\n|-damage|p2a: Perrine|46\/100 par\n|-crit|p2a: Perrine\n|-damage|p2a: Perrine|28\/100 par\n|-hitcount|p2a: Perrine|3\n|move|p1b: Calyrex|Body Press|p2a: Perrine\n|-supereffective|p2a: Perrine\n|-damage|p2a: Perrine|0 fnt\n|faint|p2a: Perrine\n|\n|win|ssbutan\n|raw|ssbutan's rating: 1582 &rarr; <strong>1608<\/strong><br \/>(+26 for winning)\n|raw|InfinityGroudon's rating: 1687 &rarr; <strong>1661<\/strong><br \/>(-26 for losing)\n|l|\u2606InfinityGroudon\n|player|p2|\n","uploadtime":1739166581,"views":17,"formatid":"gen9vgc2025regg","rating":1608,"private":0,"password":null}