{"id":"gen9vgc2025regg-2297103129","format":"[Gen 9] VGC 2025 Reg G","players":["Benjojos","superpowerpoke"],"log":"|j|\u2606Benjojos\n|j|\u2606superpowerpoke\n|t:|1739058617\n|gametype|doubles\n|player|p1|Benjojos|depotagent|1612\n|player|p2|superpowerpoke|1|1626\n|teamsize|p1|6\n|teamsize|p2|6\n|gen|9\n|tier|[Gen 9] VGC 2025 Reg G\n|rated|\n|rule|Species Clause: Limit one of each Pok\u00e9mon\n|rule|Item Clause: Limit 1 of each item\n|clearpoke\n|poke|p1|Calyrex-Ice, L50|\n|poke|p1|Indeedee-F, L50, F|\n|poke|p1|Annihilape, L50, M|\n|poke|p1|Heatran, L50, M|\n|poke|p1|Sinistcha, L50|\n|poke|p1|Iron Valiant, L50|\n|poke|p2|Kyogre, L50|\n|poke|p2|Whimsicott, L50, F|\n|poke|p2|Chien-Pao, L50|\n|poke|p2|Urshifu-*, L50, M|\n|poke|p2|Iron Leaves, L50|\n|poke|p2|Raging Bolt, L50|\n|teampreview|4\n|inactive|Battle timer is ON: inactive players will automatically lose when time's up. (requested by Benjojos)\n|j| tetsuokaga\n|inactive|Benjojos has 60 seconds left.\n|\n|t:|1739058652\n|start\n|switch|p1a: Calyrex|Calyrex-Ice, L50|100\/100\n|switch|p1b: Annihilape|Annihilape, L50, M|100\/100\n|switch|p2a: Urshifu|Urshifu, L50, M|100\/100\n|switch|p2b: Whimsicott|Whimsicott, L50, F|100\/100\n|-ability|p1a: Calyrex|As One\n|-ability|p1a: Calyrex|Unnerve\n|turn|1\n|\n|t:|1739058674\n|-terastallize|p1a: Calyrex|Water\n|move|p2b: Whimsicott|Tailwind|p2b: Whimsicott\n|-sidestart|p2: superpowerpoke|move: Tailwind\n|move|p2a: Urshifu|Wicked Blow|p1a: Calyrex\n|-crit|p1a: Calyrex\n|-damage|p1a: Calyrex|38\/100\n|move|p1b: Annihilape|Close Combat|p2a: Urshifu\n|-supereffective|p2a: Urshifu\n|-damage|p2a: Urshifu|0 fnt\n|-unboost|p1b: Annihilape|def|1\n|-unboost|p1b: Annihilape|spd|1\n|faint|p2a: Urshifu\n|move|p1a: Calyrex|Glacial Lance|p2b: Whimsicott\n|-supereffective|p2b: Whimsicott\n|-enditem|p2b: Whimsicott|Focus Sash\n|-damage|p2b: Whimsicott|1\/100\n|\n|upkeep\n|\n|t:|1739058699\n|switch|p2a: Kyogre|Kyogre, L50|100\/100\n|-weather|RainDance|[from] ability: Drizzle|[of] p2a: Kyogre\n|turn|2\n|\n|t:|1739058707\n|switch|p1b: Sinistcha|Sinistcha, L50|100\/100\n|-heal|p1a: Calyrex|63\/100|[from] ability: Hospitality|[of] p1b: Sinistcha\n|move|p2b: Whimsicott|Moonblast|p1b: Sinistcha\n|-damage|p1b: Sinistcha|66\/100\n|-unboost|p1b: Sinistcha|spa|1\n|move|p2a: Kyogre|Thunder|p1a: Calyrex\n|-supereffective|p1a: Calyrex\n|-damage|p1a: Calyrex|26\/100\n|move|p1a: Calyrex|Glacial Lance|p2b: Whimsicott|[spread] p2a,p2b\n|-resisted|p2a: Kyogre\n|-supereffective|p2b: Whimsicott\n|-damage|p2a: Kyogre|79\/100\n|-damage|p2b: Whimsicott|0 fnt\n|faint|p2b: Whimsicott\n|-ability|p1a: Calyrex|Chilling Neigh|boost\n|-boost|p1a: Calyrex|atk|1\n|\n|-weather|RainDance|[upkeep]\n|upkeep\n|\n|t:|1739058727\n|switch|p2b: Chien-Pao|Chien-Pao, L50|100\/100\n|-ability|p2b: Chien-Pao|Sword of Ruin\n|turn|3\n|\n|t:|1739058741\n|switch|p1a: Indeedee|Indeedee-F, L50, F|100\/100\n|-fieldstart|move: Psychic Terrain|[from] ability: Psychic Surge|[of] p1a: Indeedee\n|-enditem|p1a: Indeedee|Psychic Seed\n|-boost|p1a: Indeedee|spd|1|[from] item: Psychic Seed\n|-terastallize|p2b: Chien-Pao|Ice\n|move|p1b: Sinistcha|Protect|p1b: Sinistcha\n|-singleturn|p1b: Sinistcha|Protect\n|move|p2b: Chien-Pao|Ice Spinner|p1b: Sinistcha\n|-activate|p1b: Sinistcha|move: Protect\n|move|p2a: Kyogre|Thunder|p1a: Indeedee\n|-damage|p1a: Indeedee|77\/100\n|\n|-weather|RainDance|[upkeep]\n|upkeep\n|turn|4\n|\n|t:|1739058764\n|move|p1a: Indeedee|Follow Me|p1a: Indeedee\n|-singleturn|p1a: Indeedee|move: Follow Me\n|move|p2b: Chien-Pao|Crunch|p1a: Indeedee\n|-supereffective|p1a: Indeedee\n|-damage|p1a: Indeedee|0 fnt\n|faint|p1a: Indeedee\n|-damage|p2b: Chien-Pao|91\/100|[from] item: Life Orb\n|move|p2a: Kyogre|Ice Beam|p1b: Sinistcha\n|-supereffective|p1b: Sinistcha\n|-damage|p1b: Sinistcha|0 fnt\n|faint|p1b: Sinistcha\n|\n|-weather|RainDance|[upkeep]\n|-sideend|p2: superpowerpoke|move: Tailwind\n|upkeep\n|\n|t:|1739058773\n|switch|p1a: Calyrex|Calyrex-Ice, L50, tera:Water|26\/100\n|switch|p1b: Annihilape|Annihilape, L50, M|100\/100\n|-ability|p1a: Calyrex|As One\n|-ability|p1a: Calyrex|Unnerve\n|turn|5\n|inactive|superpowerpoke has 30 seconds left.\n|\n|t:|1739058801\n|move|p2b: Chien-Pao|Crunch|p1b: Annihilape\n|-damage|p1b: Annihilape|17\/100\n|-damage|p2b: Chien-Pao|82\/100|[from] item: Life Orb\n|move|p1b: Annihilape|Close Combat|p2b: Chien-Pao\n|-supereffective|p2b: Chien-Pao\n|-damage|p2b: Chien-Pao|0 fnt\n|-unboost|p1b: Annihilape|def|1\n|-unboost|p1b: Annihilape|spd|1\n|faint|p2b: Chien-Pao\n|move|p2a: Kyogre|Thunder|p1a: Calyrex\n|-supereffective|p1a: Calyrex\n|-damage|p1a: Calyrex|0 fnt\n|faint|p1a: Calyrex\n|\n|-weather|RainDance|[upkeep]\n|upkeep\n|turn|6\n|\n|t:|1739058817\n|move|p1b: Annihilape|Close Combat|p2a: Kyogre\n|-damage|p2a: Kyogre|35\/100\n|-unboost|p1b: Annihilape|def|1\n|-unboost|p1b: Annihilape|spd|1\n|move|p2a: Kyogre|Water Spout|p1b: Annihilape\n|-damage|p1b: Annihilape|0 fnt\n|faint|p1b: Annihilape\n|\n|win|superpowerpoke\n|raw|Benjojos's rating: 1612 &rarr; <strong>1593<\/strong><br \/>(-19 for losing)\n|raw|superpowerpoke's rating: 1626 &rarr; <strong>1645<\/strong><br \/>(+19 for winning)\n|l| tetsuokaga\n|l|\u2606Benjojos\n|player|p1|\n|l|\u2606superpowerpoke\n|player|p2|\n","uploadtime":1739059085,"views":6,"formatid":"gen9vgc2025regg","rating":1593,"private":0,"password":null}