{"id":"gen9vgc2025regg-2297814657","format":"[Gen 9] VGC 2025 Reg G","players":["Tempest Flute","InfinityGroudon"],"log":"|j|\u2606Tempest Flute\n|j|\u2606InfinityGroudon\n|t:|1739165026\n|gametype|doubles\n|player|p1|Tempest Flute|policeman-gen4|1581\n|player|p2|InfinityGroudon|101|1669\n|teamsize|p1|6\n|teamsize|p2|6\n|gen|9\n|tier|[Gen 9] VGC 2025 Reg G\n|rated|\n|rule|Species Clause: Limit one of each Pok\u00e9mon\n|rule|Item Clause: Limit 1 of each item\n|clearpoke\n|poke|p1|Zacian-*, L50|\n|poke|p1|Whimsicott, L50, F|\n|poke|p1|Chi-Yu, L50|\n|poke|p1|Regidrago, L50|\n|poke|p1|Ogerpon-Wellspring, L50, F|\n|poke|p1|Ditto, L50|\n|poke|p2|Terapagos, L50, M|\n|poke|p2|Clefairy, L50, F|\n|poke|p2|Rillaboom, L50, F|\n|poke|p2|Skeledirge, L50, M|\n|poke|p2|Urshifu-*, L50, M|\n|poke|p2|Chien-Pao, L50|\n|teampreview|4\n|inactive|Battle timer is ON: inactive players will automatically lose when time's up. (requested by Tempest Flute)\n|inactive|Tempest Flute has 60 seconds left.\n|\n|t:|1739165068\n|start\n|switch|p1a: VEGETA|Chi-Yu, L50|100\/100\n|switch|p1b: NIMBUS|Whimsicott, L50, F, shiny|100\/100\n|switch|p2a: Moonwater|Clefairy, L50, F|100\/100\n|switch|p2b: Ernesto|Skeledirge, L50, M|100\/100\n|-ability|p1a: VEGETA|Beads of Ruin\n|turn|1\n|\n|t:|1739165084\n|move|p1b: NIMBUS|Tailwind|p1b: NIMBUS\n|-sidestart|p1: Tempest Flute|move: Tailwind\n|move|p1a: VEGETA|Heat Wave|p2a: Moonwater|[spread] p2a,p2b\n|-resisted|p2b: Ernesto\n|-damage|p2a: Moonwater|39\/100\n|-damage|p2b: Ernesto|80\/100\n|-status|p2a: Moonwater|brn\n|move|p2b: Ernesto|Yawn|p1a: VEGETA\n|-start|p1a: VEGETA|move: Yawn|[of] p2b: Ernesto\n|move|p2a: Moonwater|Life Dew|p2a: Moonwater|[spread] p2a,p2b\n|-heal|p2a: Moonwater|64\/100 brn\n|-heal|p2b: Ernesto|100\/100\n|\n|-damage|p2a: Moonwater|58\/100 brn|[from] brn\n|upkeep\n|turn|2\n|inactive|Tempest Flute has 30 seconds left.\n|\n|t:|1739165113\n|switch|p1a: BULMA|Ogerpon-Wellspring, L50, F|100\/100\n|move|p2a: Moonwater|Follow Me|p2a: Moonwater\n|-singleturn|p2a: Moonwater|move: Follow Me\n|move|p1b: NIMBUS|Encore|p2a: Moonwater\n|-start|p2a: Moonwater|Encore\n|move|p2b: Ernesto|Torch Song|p1b: NIMBUS\n|-supereffective|p1b: NIMBUS\n|-damage|p1b: NIMBUS|32\/100\n|-boost|p2b: Ernesto|spa|1\n|-enditem|p2b: Ernesto|Throat Spray\n|-boost|p2b: Ernesto|spa|1|[from] item: Throat Spray\n|\n|-damage|p2a: Moonwater|51\/100 brn|[from] brn\n|upkeep\n|turn|3\n|inactive|Tempest Flute has 30 seconds left.\n|inactive|Tempest Flute has 20 seconds left.\n|\n|t:|1739165150\n|-terastallize|p1a: BULMA|Water\n|detailschange|p1a: BULMA|Ogerpon-Wellspring-Tera, L50, F, tera:Water\n|-ability|p1a: BULMA|Embody Aspect (Wellspring)|boost\n|-boost|p1a: BULMA|spd|1\n|move|p2a: Moonwater|Follow Me|p2a: Moonwater\n|-singleturn|p2a: Moonwater|move: Follow Me\n|move|p1a: BULMA|Ivy Cudgel|p2a: Moonwater|[anim] Ivy Cudgel Water\n|-damage|p2a: Moonwater|0 fnt\n|faint|p2a: Moonwater\n|move|p1b: NIMBUS|Moonblast|p2b: Ernesto\n|-resisted|p2b: Ernesto\n|-damage|p2b: Ernesto|90\/100\n|move|p2b: Ernesto|Torch Song|p1a: BULMA\n|-resisted|p1a: BULMA\n|-damage|p1a: BULMA|68\/100\n|-boost|p2b: Ernesto|spa|1\n|\n|upkeep\n|\n|t:|1739165161\n|switch|p2a: Perrine|Terapagos, L50, M|100\/100\n|-activate|p2a: Perrine|ability: Tera Shift\n|detailschange|p2a: Perrine|Terapagos-Terastal, L50, M\n|-heal|p2a: Perrine|100\/100|[silent]\n|turn|4\n|\n|t:|1739165170\n|switch|p2b: Presto|Chien-Pao, L50|100\/100\n|-ability|p2b: Presto|Sword of Ruin\n|-terastallize|p2a: Perrine|Stellar\n|detailschange|p2a: Perrine|Terapagos-Stellar, L50, M, tera:Stellar\n|-heal|p2a: Perrine|100\/100|[silent]\n|move|p1b: NIMBUS|Protect|p1b: NIMBUS\n|-singleturn|p1b: NIMBUS|Protect\n|move|p1a: BULMA|Spiky Shield|p1a: BULMA\n|-singleturn|p1a: BULMA|move: Protect\n|move|p2a: Perrine|Tera Starstorm|p1b: NIMBUS|[spread] \n|-activate|p1a: BULMA|move: Protect\n|-activate|p1b: NIMBUS|move: Protect\n|\n|-sideend|p1: Tempest Flute|move: Tailwind\n|upkeep\n|turn|5\n|\n|t:|1739165193\n|move|p2b: Presto|Sucker Punch|p1a: BULMA\n|-damage|p1a: BULMA|10\/100\n|move|p1b: NIMBUS|Tailwind|p1b: NIMBUS\n|-sidestart|p1: Tempest Flute|move: Tailwind\n|move|p1a: BULMA|Ivy Cudgel|p2a: Perrine|[anim] Ivy Cudgel Water\n|-damage|p2a: Perrine|44\/100\n|move|p2a: Perrine|Tera Starstorm|p1b: NIMBUS|[spread] p1a,p1b\n|-supereffective|p1a: BULMA\n|-damage|p1a: BULMA|0 fnt\n|-damage|p1b: NIMBUS|0 fnt\n|faint|p1a: BULMA\n|faint|p1b: NIMBUS\n|\n|-heal|p2a: Perrine|50\/100|[from] item: Leftovers\n|upkeep\n|\n|t:|1739165202\n|switch|p1a: FUTURE TRUNKS|Zacian-Crowned, L50|100\/100\n|switch|p1b: VEGETA|Chi-Yu, L50|100\/100\n|-ability|p1a: FUTURE TRUNKS|Intrepid Sword|boost\n|-boost|p1a: FUTURE TRUNKS|atk|1\n|-ability|p1b: VEGETA|Beads of Ruin\n|turn|6\n|\n|t:|1739165225\n|move|p2b: Presto|Protect|p2b: Presto\n|-singleturn|p2b: Presto|Protect\n|move|p2a: Perrine|Protect|p2a: Perrine\n|-singleturn|p2a: Perrine|Protect\n|move|p1a: FUTURE TRUNKS|Behemoth Blade|p2b: Presto\n|-activate|p2b: Presto|move: Protect\n|move|p1b: VEGETA|Heat Wave|p2a: Perrine|[spread] \n|-activate|p2a: Perrine|move: Protect\n|-activate|p2b: Presto|move: Protect\n|\n|-heal|p2a: Perrine|56\/100|[from] item: Leftovers\n|upkeep\n|turn|7\n|\n|t:|1739165241\n|switch|p2b: Ernesto|Skeledirge, L50, M|90\/100\n|move|p1a: FUTURE TRUNKS|Behemoth Blade|p2b: Ernesto\n|-resisted|p2b: Ernesto\n|-crit|p2b: Ernesto\n|-damage|p2b: Ernesto|59\/100\n|move|p1b: VEGETA|Heat Wave|p2a: Perrine|[spread] p2a,p2b\n|-resisted|p2b: Ernesto\n|-damage|p2a: Perrine|16\/100\n|-damage|p2b: Ernesto|30\/100\n|move|p2a: Perrine|Tera Starstorm|p1b: VEGETA|[spread] p1a,p1b\n|-damage|p1a: FUTURE TRUNKS|58\/100\n|-damage|p1b: VEGETA|60\/100\n|\n|-heal|p2a: Perrine|22\/100|[from] item: Leftovers\n|upkeep\n|turn|8\n|\n|t:|1739165254\n|move|p2a: Perrine|Protect|p2a: Perrine\n|-singleturn|p2a: Perrine|Protect\n|move|p1a: FUTURE TRUNKS|Behemoth Blade|p2b: Ernesto\n|-resisted|p2b: Ernesto\n|-damage|p2b: Ernesto|8\/100\n|move|p1b: VEGETA|Heat Wave|p2b: Ernesto|[spread] p2b\n|-activate|p2a: Perrine|move: Protect\n|-resisted|p2b: Ernesto\n|-damage|p2b: Ernesto|0 fnt\n|faint|p2b: Ernesto\n|\n|-heal|p2a: Perrine|29\/100|[from] item: Leftovers\n|-sideend|p1: Tempest Flute|move: Tailwind\n|upkeep\n|\n|t:|1739165256\n|switch|p2b: Presto|Chien-Pao, L50|100\/100\n|-ability|p2b: Presto|Sword of Ruin\n|turn|9\n|\n|t:|1739165267\n|move|p1a: FUTURE TRUNKS|Behemoth Blade|p2a: Perrine\n|-crit|p2a: Perrine\n|-damage|p2a: Perrine|0 fnt\n|faint|p2a: Perrine\n|move|p2b: Presto|Sacred Sword|p1b: VEGETA\n|-supereffective|p1b: VEGETA\n|-crit|p1b: VEGETA\n|-damage|p1b: VEGETA|0 fnt\n|faint|p1b: VEGETA\n|\n|upkeep\n|turn|10\n|\n|t:|1739165286\n|move|p1a: FUTURE TRUNKS|Protect|p1a: FUTURE TRUNKS\n|-singleturn|p1a: FUTURE TRUNKS|Protect\n|move|p2b: Presto|Sacred Sword|p1a: FUTURE TRUNKS\n|-activate|p1a: FUTURE TRUNKS|move: Protect\n|\n|upkeep\n|turn|11\n|\n|t:|1739165291\n|move|p1a: FUTURE TRUNKS|Behemoth Blade|p2b: Presto\n|-supereffective|p2b: Presto\n|-enditem|p2b: Presto|Focus Sash\n|-damage|p2b: Presto|1\/100\n|move|p2b: Presto|Sacred Sword|p1a: FUTURE TRUNKS\n|-damage|p1a: FUTURE TRUNKS|22\/100\n|\n|upkeep\n|turn|12\n|\n|t:|1739165299\n|move|p2b: Presto|Sucker Punch|p1a: FUTURE TRUNKS\n|-resisted|p1a: FUTURE TRUNKS\n|-damage|p1a: FUTURE TRUNKS|0 fnt\n|faint|p1a: FUTURE TRUNKS\n|\n|win|InfinityGroudon\n|raw|Tempest Flute's rating: 1581 &rarr; <strong>1566<\/strong><br \/>(-15 for losing)\n|raw|InfinityGroudon's rating: 1669 &rarr; <strong>1684<\/strong><br \/>(+15 for winning)\n|l|\u2606InfinityGroudon\n|player|p2|\n|l|\u2606Tempest Flute\n|player|p1|\n","uploadtime":1739165508,"views":8,"formatid":"gen9vgc2025regg","rating":1566,"private":0,"password":null}