{"id":"gen9vgc2025regg-2297608183","format":"[Gen 9] VGC 2025 Reg G","players":["nickfanta","Realfrytki"],"log":"|j|\u2606nickfanta\n|j|\u2606Realfrytki\n|t:|1739135590\n|gametype|doubles\n|player|p1|nickfanta|lucas|1595\n|player|p2|Realfrytki|veteranf|1681\n|teamsize|p1|6\n|teamsize|p2|6\n|gen|9\n|tier|[Gen 9] VGC 2025 Reg G\n|rated|\n|rule|Species Clause: Limit one of each Pok\u00e9mon\n|rule|Item Clause: Limit 1 of each item\n|clearpoke\n|poke|p1|Calyrex-Shadow, L50|\n|poke|p1|Incineroar, L50, M|\n|poke|p1|Urshifu-*, L50, M|\n|poke|p1|Amoonguss, L50, F|\n|poke|p1|Raging Bolt, L50|\n|poke|p1|Flutter Mane, L50|\n|poke|p2|Terapagos, L50, M|\n|poke|p2|Rillaboom, L50, F|\n|poke|p2|Urshifu-*, L50, M|\n|poke|p2|Flutter Mane, L50|\n|poke|p2|Volcarona, L50, M|\n|poke|p2|Grimmsnarl, L50, M|\n|teampreview|4\n|inactive|Battle timer is ON: inactive players will automatically lose when time's up. (requested by nickfanta)\n|j| Jfabricio23\n|\n|t:|1739135622\n|start\n|switch|p1a: Flutter Mane|Flutter Mane, L50|100\/100\n|switch|p1b: Urshifu|Urshifu-Rapid-Strike, L50, M|100\/100\n|switch|p2a: Terapagos|Terapagos, L50, M|100\/100\n|switch|p2b: Grimmsnarl|Grimmsnarl, L50, M|100\/100\n|-activate|p2a: Terapagos|ability: Tera Shift\n|detailschange|p2a: Terapagos|Terapagos-Terastal, L50, M\n|-heal|p2a: Terapagos|100\/100|[silent]\n|-enditem|p1a: Flutter Mane|Booster Energy\n|-activate|p1a: Flutter Mane|ability: Protosynthesis|[fromitem]\n|-start|p1a: Flutter Mane|protosynthesisspe\n|turn|1\n|\n|t:|1739135639\n|-terastallize|p2a: Terapagos|Stellar\n|detailschange|p2a: Terapagos|Terapagos-Stellar, L50, M, tera:Stellar\n|-heal|p2a: Terapagos|100\/100|[silent]\n|move|p2b: Grimmsnarl|Fake Out|p1b: Urshifu\n|-damage|p1b: Urshifu|90\/100\n|move|p1a: Flutter Mane|Moonblast|p2b: Grimmsnarl\n|-supereffective|p2b: Grimmsnarl\n|-damage|p2b: Grimmsnarl|0 fnt\n|faint|p2b: Grimmsnarl\n|cant|p1b: Urshifu|flinch\n|move|p2a: Terapagos|Tera Starstorm|p1a: Flutter Mane|[spread] p1a,p1b\n|-damage|p1a: Flutter Mane|42\/100\n|-damage|p1b: Urshifu|0 fnt\n|faint|p1b: Urshifu\n|\n|upkeep\n|\n|t:|1739135657\n|switch|p1b: Incineroar|Incineroar, L50, M|100\/100\n|switch|p2b: Volcarona|Volcarona, L50, M|100\/100\n|-ability|p1b: Incineroar|Intimidate|boost\n|-unboost|p2a: Terapagos|atk|1\n|-unboost|p2b: Volcarona|atk|1\n|turn|2\n|\n|t:|1739135672\n|move|p1b: Incineroar|Fake Out|p2a: Terapagos\n|-damage|p2a: Terapagos|93\/100\n|move|p1a: Flutter Mane|Taunt|p2b: Volcarona\n|-start|p2b: Volcarona|move: Taunt\n|cant|p2a: Terapagos|flinch\n|move|p2b: Volcarona|Fiery Dance|p1a: Flutter Mane\n|-damage|p1a: Flutter Mane|4\/100\n|\n|upkeep\n|turn|3\n|\n|t:|1739135687\n|switch|p2b: Flutter Mane|Flutter Mane, L50|100\/100\n|-enditem|p2b: Flutter Mane|Booster Energy\n|-activate|p2b: Flutter Mane|ability: Protosynthesis|[fromitem]\n|-start|p2b: Flutter Mane|protosynthesisspe\n|move|p1a: Flutter Mane|Thunder Wave|p2a: Terapagos\n|-status|p2a: Terapagos|par\n|move|p1b: Incineroar|Knock Off|p2a: Terapagos\n|-damage|p2a: Terapagos|66\/100 par\n|-enditem|p2a: Terapagos|Choice Specs|[from] move: Knock Off|[of] p1b: Incineroar\n|move|p2a: Terapagos|Tera Starstorm|p1a: Flutter Mane|[spread] p1a,p1b\n|-damage|p1a: Flutter Mane|0 fnt\n|-damage|p1b: Incineroar|69\/100\n|faint|p1a: Flutter Mane\n|-end|p1a: Flutter Mane|Protosynthesis|[silent]\n|\n|upkeep\n|\n|t:|1739135699\n|switch|p1a: Calyrex|Calyrex-Shadow, L50|100\/100\n|-ability|p1a: Calyrex|As One\n|-ability|p1a: Calyrex|Unnerve\n|turn|4\n|inactive|nickfanta has 30 seconds left.\n|inactive|nickfanta has 20 seconds left.\n|inactive|nickfanta has 15 seconds left.\n|inactive|nickfanta has 10 seconds left.\n|inactive|nickfanta has 5 seconds left.\n|\n|t:|1739135751\n|-terastallize|p1a: Calyrex|Fighting\n|move|p2b: Flutter Mane|Thunder Wave|p1a: Calyrex\n|-status|p1a: Calyrex|par\n|move|p1a: Calyrex|Astral Barrage|p2a: Terapagos|[spread] p2b\n|-immune|p2a: Terapagos\n|-supereffective|p2b: Flutter Mane\n|-damage|p2b: Flutter Mane|3\/100\n|move|p1b: Incineroar|Knock Off|p2b: Flutter Mane\n|-damage|p2b: Flutter Mane|0 fnt\n|faint|p2b: Flutter Mane\n|-end|p2b: Flutter Mane|Protosynthesis|[silent]\n|move|p2a: Terapagos|Dark Pulse|p1a: Calyrex\n|-resisted|p1a: Calyrex\n|-damage|p1a: Calyrex|83\/100 par\n|\n|upkeep\n|\n|t:|1739135767\n|switch|p2b: Volcarona|Volcarona, L50, M|100\/100\n|turn|5\n|\n|t:|1739135778\n|move|p1a: Calyrex|Protect|p1a: Calyrex\n|-singleturn|p1a: Calyrex|Protect\n|move|p2b: Volcarona|Rage Powder|p2b: Volcarona\n|-singleturn|p2b: Volcarona|move: Rage Powder\n|move|p1b: Incineroar|Knock Off|p2b: Volcarona\n|-damage|p2b: Volcarona|68\/100\n|-damage|p1b: Incineroar|52\/100|[from] item: Rocky Helmet|[of] p2b: Volcarona\n|-enditem|p2b: Volcarona|Rocky Helmet|[from] move: Knock Off|[of] p1b: Incineroar\n|move|p2a: Terapagos|Tera Starstorm|p1a: Calyrex|[spread] p1b\n|-activate|p1a: Calyrex|move: Protect\n|-damage|p1b: Incineroar|19\/100\n|\n|upkeep\n|turn|6\n|inactive|nickfanta has 30 seconds left.\n|\n|t:|1739135805\n|move|p2b: Volcarona|Rage Powder|p2b: Volcarona\n|-singleturn|p2b: Volcarona|move: Rage Powder\n|move|p1a: Calyrex|Psychic|p2b: Volcarona\n|-damage|p2b: Volcarona|17\/100\n|move|p1b: Incineroar|Knock Off|p2b: Volcarona\n|-damage|p2b: Volcarona|0 fnt\n|faint|p2b: Volcarona\n|cant|p2a: Terapagos|par\n|\n|upkeep\n|turn|7\n|\n|t:|1739135814\n|move|p1a: Calyrex|Tera Blast|p2a: Terapagos|[anim] Tera Blast Fighting\n|-supereffective|p2a: Terapagos\n|-damage|p2a: Terapagos|3\/100 par\n|move|p1b: Incineroar|Parting Shot|p2a: Terapagos\n|-unboost|p2a: Terapagos|atk|1\n|-unboost|p2a: Terapagos|spa|1\n|cant|p2a: Terapagos|par\n|\n|upkeep\n|turn|8\n|c|\u2606Realfrytki|well well well\n|\n|t:|1739135833\n|move|p1a: Calyrex|Tera Blast|p2a: Terapagos|[anim] Tera Blast Fighting\n|-supereffective|p2a: Terapagos\n|-damage|p2a: Terapagos|0 fnt\n|faint|p2a: Terapagos\n|\n|win|nickfanta\n|raw|nickfanta's rating: 1595 &rarr; <strong>1620<\/strong><br \/>(+25 for winning)\n|raw|Realfrytki's rating: 1681 &rarr; <strong>1656<\/strong><br \/>(-25 for losing)\n|l| Jfabricio23\n|l|\u2606nickfanta\n|player|p1|\n|l|\u2606Realfrytki\n|player|p2|\n","uploadtime":1739136063,"views":5,"formatid":"gen9vgc2025regg","rating":1620,"private":0,"password":null}