{"id":"gen9vgc2025regg-2297957734","format":"[Gen 9] VGC 2025 Reg G","players":["Weakest blow","GlobalWinner"],"log":"|j|\u2606Weakest blow\n|j|\u2606GlobalWinner\n|t:|1739192521\n|gametype|doubles\n|player|p1|Weakest blow|depotagent|1616\n|player|p2|GlobalWinner|pokekid|1548\n|teamsize|p1|6\n|teamsize|p2|6\n|gen|9\n|tier|[Gen 9] VGC 2025 Reg G\n|rated|\n|rule|Species Clause: Limit one of each Pok\u00e9mon\n|rule|Item Clause: Limit 1 of each item\n|clearpoke\n|poke|p1|Ditto, L50|\n|poke|p1|Iron Hands, L50|\n|poke|p1|Miraidon, L50|\n|poke|p1|Pelipper, L50, M|\n|poke|p1|Volcarona, L50, M|\n|poke|p1|Whimsicott, L50, F|\n|poke|p2|Eternatus, L50|\n|poke|p2|Flutter Mane, L50|\n|poke|p2|Incineroar, L50, F|\n|poke|p2|Ditto, L50|\n|poke|p2|Urshifu-*, L50, M|\n|poke|p2|Rillaboom, L50, M|\n|teampreview|4\n|\n|t:|1739192555\n|start\n|switch|p1a: Volcarona|Volcarona, L50, M|100\/100\n|switch|p1b: Miraidon|Miraidon, L50|100\/100\n|switch|p2a: Eternatus|Eternatus, L50|100\/100\n|switch|p2b: Incineroar|Incineroar, L50, F|100\/100\n|-ability|p2a: Eternatus|Pressure\n|-fieldstart|move: Electric Terrain|[from] ability: Hadron Engine|[of] p1b: Miraidon\n|-ability|p2b: Incineroar|Intimidate|boost\n|-unboost|p1a: Volcarona|atk|1\n|-unboost|p1b: Miraidon|atk|1\n|turn|1\n|\n|t:|1739192573\n|move|p1b: Miraidon|Protect|p1b: Miraidon\n|-singleturn|p1b: Miraidon|Protect\n|move|p2b: Incineroar|Fake Out|p1b: Miraidon\n|-activate|p1b: Miraidon|move: Protect\n|move|p2a: Eternatus|Dynamax Cannon|p1b: Miraidon\n|-activate|p1b: Miraidon|move: Protect\n|move|p1a: Volcarona|Quiver Dance|p1a: Volcarona\n|-boost|p1a: Volcarona|spa|1\n|-boost|p1a: Volcarona|spd|1\n|-boost|p1a: Volcarona|spe|1\n|\n|upkeep\n|turn|2\n|\n|t:|1739192602\n|-terastallize|p2a: Eternatus|Fairy\n|move|p1a: Volcarona|Rage Powder|p1a: Volcarona\n|-singleturn|p1a: Volcarona|move: Rage Powder\n|move|p2a: Eternatus|Dynamax Cannon|p1a: Volcarona\n|-damage|p1a: Volcarona|67\/100\n|move|p1b: Miraidon|Draco Meteor|p2a: Eternatus\n|-immune|p2a: Eternatus\n|move|p2b: Incineroar|Parting Shot|p1a: Volcarona\n|-unboost|p1a: Volcarona|atk|1\n|-unboost|p1a: Volcarona|spa|1\n|\n|t:|1739192615\n|switch|p2b: Flutter Mane|Flutter Mane, L50|100\/100|[from] Parting Shot\n|-enditem|p2b: Flutter Mane|Booster Energy\n|-activate|p2b: Flutter Mane|ability: Protosynthesis|[fromitem]\n|-start|p2b: Flutter Mane|protosynthesisspe\n|\n|upkeep\n|turn|3\n|\n|t:|1739192626\n|move|p1a: Volcarona|Rage Powder|p1a: Volcarona\n|-singleturn|p1a: Volcarona|move: Rage Powder\n|move|p2b: Flutter Mane|Icy Wind|p1b: Miraidon|[spread] p1a,p1b\n|-resisted|p1a: Volcarona\n|-supereffective|p1b: Miraidon\n|-damage|p1a: Volcarona|63\/100\n|-damage|p1b: Miraidon|79\/100\n|-unboost|p1a: Volcarona|spe|1\n|-unboost|p1b: Miraidon|spe|1\n|move|p2a: Eternatus|Dynamax Cannon|p1a: Volcarona\n|-damage|p1a: Volcarona|28\/100\n|move|p1b: Miraidon|Electro Drift|p2b: Flutter Mane\n|-damage|p2b: Flutter Mane|0 fnt\n|faint|p2b: Flutter Mane\n|-end|p2b: Flutter Mane|Protosynthesis|[silent]\n|-damage|p1b: Miraidon|70\/100|[from] item: Life Orb\n|\n|upkeep\n|\n|t:|1739192639\n|switch|p2b: Incineroar|Incineroar, L50, F|100\/100\n|-ability|p2b: Incineroar|Intimidate|boost\n|-unboost|p1a: Volcarona|atk|1\n|-unboost|p1b: Miraidon|atk|1\n|turn|4\n|j| mewkyuvgc\n|\n|t:|1739192655\n|move|p1b: Miraidon|Protect|p1b: Miraidon\n|-singleturn|p1b: Miraidon|Protect\n|move|p2b: Incineroar|Fake Out|p1b: Miraidon\n|-activate|p1b: Miraidon|move: Protect\n|move|p2a: Eternatus|Dynamax Cannon|p1a: Volcarona\n|-damage|p1a: Volcarona|0 fnt\n|faint|p1a: Volcarona\n|\n|upkeep\n|\n|t:|1739192670\n|switch|p1a: Whimsicott|Whimsicott, L50, F|100\/100\n|turn|5\n|\n|t:|1739192680\n|switch|p2a: Rillaboom|Rillaboom, L50, M|100\/100\n|-fieldstart|move: Grassy Terrain|[from] ability: Grassy Surge|[of] p2a: Rillaboom\n|move|p1a: Whimsicott|Tailwind|p1a: Whimsicott\n|-sidestart|p1: Weakest blow|move: Tailwind\n|move|p1b: Miraidon|Electro Drift|p2b: Incineroar\n|-damage|p2b: Incineroar|36\/100\n|-damage|p1b: Miraidon|60\/100|[from] item: Life Orb\n|move|p2b: Incineroar|Flare Blitz|p1a: Whimsicott\n|-supereffective|p1a: Whimsicott\n|-damage|p1a: Whimsicott|0 fnt\n|faint|p1a: Whimsicott\n|-damage|p2b: Incineroar|10\/100|[from] Recoil\n|\n|-heal|p1b: Miraidon|66\/100|[from] Grassy Terrain\n|-heal|p2b: Incineroar|16\/100|[from] Grassy Terrain\n|upkeep\n|\n|t:|1739192699\n|switch|p1a: Ditto|Ditto, L50|100\/100\n|-transform|p1a: Ditto|p2b: Incineroar|[from] ability: Imposter\n|-ability|p1a: Ditto|Intimidate|boost\n|-unboost|p2a: Rillaboom|atk|1\n|-unboost|p2b: Incineroar|atk|1\n|turn|6\n|\n|t:|1739192719\n|move|p1a: Ditto|Fake Out|p2a: Rillaboom\n|-damage|p2a: Rillaboom|90\/100\n|cant|p2a: Rillaboom|flinch\n|move|p1b: Miraidon|Dazzling Gleam|p2a: Rillaboom|[spread] p2a,p2b\n|-damage|p2a: Rillaboom|67\/100\n|-damage|p2b: Incineroar|0 fnt\n|faint|p2b: Incineroar\n|-damage|p1b: Miraidon|57\/100|[from] item: Life Orb\n|\n|-heal|p1b: Miraidon|63\/100|[from] Grassy Terrain\n|-heal|p2a: Rillaboom|73\/100|[from] Grassy Terrain\n|upkeep\n|\n|t:|1739192725\n|switch|p2b: Eternatus|Eternatus, L50, tera:Fairy|100\/100\n|-ability|p2b: Eternatus|Pressure\n|turn|7\n|\n|t:|1739192748\n|move|p1b: Miraidon|Electro Drift|p2b: Eternatus\n|-damage|p2b: Eternatus|36\/100\n|-damage|p1b: Miraidon|54\/100|[from] item: Life Orb\n|move|p2b: Eternatus|Dynamax Cannon|p1b: Miraidon\n|-supereffective|p1b: Miraidon\n|-damage|p1b: Miraidon|0 fnt\n|faint|p1b: Miraidon\n|move|p1a: Ditto|Flare Blitz|p2a: Rillaboom\n|-supereffective|p2a: Rillaboom\n|-crit|p2a: Rillaboom\n|-damage|p2a: Rillaboom|0 fnt\n|faint|p2a: Rillaboom\n|-damage|p1a: Ditto|68\/100|[from] Recoil\n|\n|-heal|p2b: Eternatus|42\/100|[from] Grassy Terrain\n|-heal|p2b: Eternatus|48\/100|[from] item: Leftovers\n|-heal|p1a: Ditto|74\/100|[from] Grassy Terrain\n|upkeep\n|turn|8\n|\n|t:|1739192769\n|move|p2b: Eternatus|Recover|p2b: Eternatus\n|-heal|p2b: Eternatus|98\/100\n|move|p1a: Ditto|Flare Blitz|p2b: Eternatus\n|-damage|p2b: Eternatus|58\/100\n|-damage|p1a: Ditto|55\/100|[from] Recoil\n|\n|-heal|p2b: Eternatus|64\/100|[from] Grassy Terrain\n|-heal|p2b: Eternatus|70\/100|[from] item: Leftovers\n|-heal|p1a: Ditto|60\/100|[from] Grassy Terrain\n|-sideend|p1: Weakest blow|move: Tailwind\n|upkeep\n|turn|9\n|-message|Weakest blow forfeited.\n|\n|win|GlobalWinner\n|raw|Weakest blow's rating: 1616 &rarr; <strong>1592<\/strong><br \/>(-24 for losing)\n|raw|GlobalWinner's rating: 1548 &rarr; <strong>1572<\/strong><br \/>(+24 for winning)\n|l| mewkyuvgc\n|l|\u2606GlobalWinner\n|player|p2|\n","uploadtime":1739192959,"views":5,"formatid":"gen9vgc2025regg","rating":1572,"private":0,"password":null}