{"id":"gen9vgc2025regg-2297984813","format":"[Gen 9] VGC 2025 Reg G","players":["Plantyplant","roykeenkennedy"],"log":"|j|\u2606Plantyplant\n|j|\u2606roykeenkennedy\n|t:|1739196042\n|gametype|doubles\n|player|p1|Plantyplant|169|1520\n|player|p2|roykeenkennedy|alder|1601\n|teamsize|p1|6\n|teamsize|p2|6\n|gen|9\n|tier|[Gen 9] VGC 2025 Reg G\n|rated|\n|rule|Species Clause: Limit one of each Pok\u00e9mon\n|rule|Item Clause: Limit 1 of each item\n|clearpoke\n|poke|p1|Calyrex-Ice, L50|\n|poke|p1|Trapinch, L50, F|\n|poke|p1|Farigiraf, L50, M|\n|poke|p1|Raging Bolt, L50|\n|poke|p1|Blastoise, L50, F|\n|poke|p1|Urshifu-*, L50, M|\n|poke|p2|Raging Bolt, L50|\n|poke|p2|Incineroar, L50, M|\n|poke|p2|Ogerpon-Cornerstone, L50, F|\n|poke|p2|Annihilape, L50, F|\n|poke|p2|Calyrex-Ice, L50|\n|poke|p2|Amoonguss, L50, F|\n|teampreview|4\n|inactive|Battle timer is ON: inactive players will automatically lose when time's up. (requested by Plantyplant)\n|\n|t:|1739196067\n|start\n|switch|p1a: Calyrex|Calyrex-Ice, L50|100\/100\n|switch|p1b: Blastoise|Blastoise, L50, F, shiny|100\/100\n|switch|p2a: Annihilape|Annihilape, L50, F|100\/100\n|switch|p2b: Calyrex|Calyrex-Ice, L50|100\/100\n|-ability|p2b: Calyrex|As One\n|-ability|p2b: Calyrex|Unnerve\n|-ability|p1a: Calyrex|As One\n|-ability|p1a: Calyrex|Unnerve\n|turn|1\n|inactive|roykeenkennedy has 30 seconds left.\n|\n|t:|1739196101\n|-terastallize|p2b: Calyrex|Water\n|move|p2a: Annihilape|Coaching|p2b: Calyrex\n|-boost|p2b: Calyrex|atk|1\n|-boost|p2b: Calyrex|def|1\n|move|p1b: Blastoise|Yawn|p2b: Calyrex\n|-start|p2b: Calyrex|move: Yawn|[of] p1b: Blastoise\n|move|p1a: Calyrex|Glacial Lance|p2b: Calyrex|[spread] p2a,p2b\n|-resisted|p2b: Calyrex\n|-damage|p2a: Annihilape|38\/100\n|-damage|p2b: Calyrex|89\/100\n|move|p2b: Calyrex|Trick Room|p2b: Calyrex\n|-fieldstart|move: Trick Room|[of] p2b: Calyrex\n|\n|upkeep\n|turn|2\n|inactive|Plantyplant has 30 seconds left.\n|inactive|roykeenkennedy has 30 seconds left.\n|\n|t:|1739196129\n|move|p1a: Calyrex|Glacial Lance|p2b: Calyrex|[spread] p2a,p2b\n|-resisted|p2b: Calyrex\n|-damage|p2a: Annihilape|0 fnt\n|-damage|p2b: Calyrex|77\/100\n|faint|p2a: Annihilape\n|-ability|p1a: Calyrex|Chilling Neigh|boost\n|-boost|p1a: Calyrex|atk|1\n|move|p2b: Calyrex|Glacial Lance|p1a: Calyrex|[spread] p1a,p1b\n|-resisted|p1a: Calyrex\n|-resisted|p1b: Blastoise\n|-damage|p1a: Calyrex|72\/100\n|-damage|p1b: Blastoise|64\/100\n|move|p1b: Blastoise|Life Dew|p1b: Blastoise|[spread] p1a,p1b\n|-heal|p1a: Calyrex|97\/100\n|-heal|p1b: Blastoise|88\/100\n|\n|-heal|p1b: Blastoise|94\/100|[from] item: Leftovers\n|-end|p2b: Calyrex|move: Yawn|[silent]\n|-status|p2b: Calyrex|slp\n|upkeep\n|\n|t:|1739196148\n|switch|p2a: Amoonguss|Amoonguss, L50, F|100\/100\n|turn|3\n|\n|t:|1739196163\n|move|p2a: Amoonguss|Spore|p1a: Calyrex\n|-status|p1a: Calyrex|slp|[from] move: Spore\n|cant|p1a: Calyrex|slp\n|cant|p2b: Calyrex|slp\n|move|p1b: Blastoise|Yawn|p2a: Amoonguss\n|-start|p2a: Amoonguss|move: Yawn|[of] p1b: Blastoise\n|\n|-heal|p1b: Blastoise|99\/100|[from] item: Leftovers\n|upkeep\n|turn|4\n|\n|t:|1739196177\n|switch|p2a: Raging Bolt|Raging Bolt, L50|100\/100\n|switch|p1b: Farigiraf|Farigiraf, L50, M|100\/100\n|cant|p1a: Calyrex|slp\n|cant|p2b: Calyrex|slp\n|\n|upkeep\n|turn|5\n|\n|t:|1739196191\n|move|p1b: Farigiraf|Helping Hand|p1a: Calyrex\n|-singleturn|p1a: Calyrex|Helping Hand|[of] p1b: Farigiraf\n|cant|p1a: Calyrex|slp\n|cant|p2b: Calyrex|slp\n|move|p2a: Raging Bolt|Thunderbolt|p1a: Calyrex\n|-damage|p1a: Calyrex|61\/100 slp\n|\n|-fieldend|move: Trick Room\n|upkeep\n|turn|6\n|inactive|Plantyplant has 30 seconds left.\n|\n|t:|1739196222\n|-curestatus|p1a: Calyrex|slp|[msg]\n|move|p1a: Calyrex|Protect|p1a: Calyrex\n|-singleturn|p1a: Calyrex|Protect\n|move|p2a: Raging Bolt|Draco Meteor|p1a: Calyrex\n|-activate|p1a: Calyrex|move: Protect\n|move|p1b: Farigiraf|Psychic|p2b: Calyrex\n|-damage|p2b: Calyrex|55\/100 slp\n|-curestatus|p2b: Calyrex|slp|[msg]\n|move|p2b: Calyrex|Glacial Lance|p1b: Farigiraf|[spread] p1b\n|-activate|p1a: Calyrex|move: Protect\n|-damage|p1b: Farigiraf|29\/100\n|\n|upkeep\n|turn|7\n|\n|t:|1739196246\n|switch|p1a: Blastoise|Blastoise, L50, F, shiny|99\/100\n|move|p2a: Raging Bolt|Draco Meteor|p1a: Blastoise\n|-damage|p1a: Blastoise|44\/100\n|-unboost|p2a: Raging Bolt|spa|2\n|move|p1b: Farigiraf|Foul Play|p2b: Calyrex\n|-damage|p2b: Calyrex|27\/100\n|move|p2b: Calyrex|Glacial Lance|p1a: Blastoise|[spread] p1a,p1b\n|-resisted|p1a: Blastoise\n|-crit|p1a: Blastoise\n|-damage|p1a: Blastoise|0 fnt\n|-damage|p1b: Farigiraf|0 fnt\n|faint|p1a: Blastoise\n|faint|p1b: Farigiraf\n|-ability|p2b: Calyrex|Chilling Neigh|boost\n|-boost|p2b: Calyrex|atk|2\n|\n|upkeep\n|\n|t:|1739196261\n|switch|p1a: Calyrex|Calyrex-Ice, L50|61\/100\n|switch|p1b: Urshifu|Urshifu, L50, M|100\/100\n|-ability|p1a: Calyrex|As One\n|-ability|p1a: Calyrex|Unnerve\n|turn|8\n|\n|t:|1739196279\n|move|p1b: Urshifu|Wicked Blow|p2b: Calyrex\n|-crit|p2b: Calyrex\n|-damage|p2b: Calyrex|0 fnt\n|faint|p2b: Calyrex\n|move|p2a: Raging Bolt|Draco Meteor|p1a: Calyrex\n|-damage|p1a: Calyrex|36\/100\n|-unboost|p2a: Raging Bolt|spa|2\n|move|p1a: Calyrex|Glacial Lance|p2a: Raging Bolt\n|-supereffective|p2a: Raging Bolt\n|-damage|p2a: Raging Bolt|0 fnt\n|faint|p2a: Raging Bolt\n|-end|p2a: Raging Bolt|Protosynthesis|[silent]\n|-ability|p1a: Calyrex|Chilling Neigh|boost\n|-boost|p1a: Calyrex|atk|1\n|\n|upkeep\n|-message|roykeenkennedy forfeited.\n|\n|win|Plantyplant\n|raw|Plantyplant's rating: 1520 &rarr; <strong>1545<\/strong><br \/>(+25 for winning)\n|raw|roykeenkennedy's rating: 1601 &rarr; <strong>1576<\/strong><br \/>(-25 for losing)\n|l|\u2606roykeenkennedy\n|player|p2|\n|l|\u2606Plantyplant\n|player|p1|\n","uploadtime":1739196554,"views":5,"formatid":"gen9vgc2025regg","rating":1545,"private":0,"password":null}