{"id":"gen9vgc2025regg-2297610695","format":"[Gen 9] VGC 2025 Reg G","players":["Realfrytki","Velonara"],"log":"|j|\u2606Realfrytki\n|j|\u2606Velonara\n|t:|1739135876\n|gametype|doubles\n|player|p1|Realfrytki|veteranf|1656\n|player|p2|Velonara|rocketgruntf|1612\n|teamsize|p1|6\n|teamsize|p2|6\n|gen|9\n|tier|[Gen 9] VGC 2025 Reg G\n|rated|\n|rule|Species Clause: Limit one of each Pok\u00e9mon\n|rule|Item Clause: Limit 1 of each item\n|clearpoke\n|poke|p1|Terapagos, L50, M|\n|poke|p1|Rillaboom, L50, F|\n|poke|p1|Urshifu-*, L50, F|\n|poke|p1|Flutter Mane, L50|\n|poke|p1|Volcarona, L50, M|\n|poke|p1|Grimmsnarl, L50, M|\n|poke|p2|Dondozo, L50, F|\n|poke|p2|Tatsugiri-Droopy, L50, F|\n|poke|p2|Terapagos, L50, M|\n|poke|p2|Smeargle, L50, M|\n|poke|p2|Tornadus, L50, M|\n|poke|p2|Ogerpon-Hearthflame, L50, F|\n|teampreview|4\n|inactive|Battle timer is ON: inactive players will automatically lose when time's up. (requested by Velonara)\n|j| Jfabricio23\n|inactive|Realfrytki has 60 seconds left.\n|\n|t:|1739135931\n|start\n|switch|p1a: Urshifu|Urshifu-Rapid-Strike, L50, F|100\/100\n|switch|p1b: Grimmsnarl|Grimmsnarl, L50, M|100\/100\n|switch|p2a: Terapagos|Terapagos, L50, M|100\/100\n|switch|p2b: Smeargle|Smeargle, L50, M|100\/100\n|-activate|p2a: Terapagos|ability: Tera Shift\n|detailschange|p2a: Terapagos|Terapagos-Terastal, L50, M\n|-heal|p2a: Terapagos|100\/100|[silent]\n|turn|1\n|\n|t:|1739135948\n|move|p1a: Urshifu|Detect|p1a: Urshifu\n|-singleturn|p1a: Urshifu|Protect\n|move|p2b: Smeargle|Fake Out|p1b: Grimmsnarl\n|-damage|p1b: Grimmsnarl|96\/100\n|move|p1b: Grimmsnarl|Thunder Wave|p2a: Terapagos|[miss]\n|-miss|p1b: Grimmsnarl|p2a: Terapagos\n|move|p2a: Terapagos|Tera Starstorm|p1b: Grimmsnarl\n|-damage|p1b: Grimmsnarl|19\/100\n|\n|-ability|p2b: Smeargle|Moody|boost\n|-boost|p2b: Smeargle|atk|2\n|-unboost|p2b: Smeargle|spe|1\n|upkeep\n|turn|2\n|inactive|Realfrytki has 30 seconds left.\n|\n|t:|1739135974\n|move|p1b: Grimmsnarl|Thunder Wave|p2a: Terapagos\n|-status|p2a: Terapagos|par\n|move|p1a: Urshifu|Surging Strikes|p2b: Smeargle\n|-crit|p2b: Smeargle\n|-damage|p2b: Smeargle|59\/100\n|-crit|p2b: Smeargle\n|-damage|p2b: Smeargle|20\/100\n|-crit|p2b: Smeargle\n|-damage|p2b: Smeargle|0 fnt\n|faint|p2b: Smeargle\n|-hitcount|p2: Smeargle|3\n|cant|p2a: Terapagos|par\n|\n|upkeep\n|\n|t:|1739135980\n|switch|p2b: Tornadus|Tornadus, L50, M|100\/100\n|turn|3\n|inactive|Realfrytki has 30 seconds left.\n|\n|t:|1739136006\n|move|p1a: Urshifu|Detect|p1a: Urshifu\n|-singleturn|p1a: Urshifu|Protect\n|move|p1b: Grimmsnarl|Thunder Wave|p2b: Tornadus\n|-status|p2b: Tornadus|par\n|move|p2b: Tornadus|Bleakwind Storm|p1b: Grimmsnarl|[spread] p1b\n|-activate|p1a: Urshifu|move: Protect\n|-damage|p1b: Grimmsnarl|0 fnt\n|faint|p1b: Grimmsnarl\n|move|p2a: Terapagos|Tera Starstorm|p1a: Urshifu\n|-activate|p1a: Urshifu|move: Protect\n|\n|upkeep\n|j| zach.fisher\n|\n|t:|1739136023\n|switch|p1b: Rillaboom|Rillaboom, L50, F|100\/100\n|-fieldstart|move: Grassy Terrain|[from] ability: Grassy Surge|[of] p1b: Rillaboom\n|turn|4\n|\n|t:|1739136030\n|-terastallize|p2a: Terapagos|Stellar\n|detailschange|p2a: Terapagos|Terapagos-Stellar, L50, M, tera:Stellar\n|-heal|p2a: Terapagos|100\/100 par|[silent]\n|-ability|p2a: Terapagos|Teraform Zero\n|-fieldend|move: Grassy Terrain\n|move|p1b: Rillaboom|Fake Out|p2a: Terapagos\n|-damage|p2a: Terapagos|92\/100 par\n|move|p1a: Urshifu|Close Combat|p2a: Terapagos\n|-supereffective|p2a: Terapagos\n|-damage|p2a: Terapagos|0 fnt\n|-unboost|p1a: Urshifu|def|1\n|-unboost|p1a: Urshifu|spd|1\n|faint|p2a: Terapagos\n|move|p2b: Tornadus|Bleakwind Storm|p1b: Rillaboom|[spread] p1a,p1b\n|-supereffective|p1a: Urshifu\n|-supereffective|p1b: Rillaboom\n|-enditem|p1a: Urshifu|Focus Sash\n|-damage|p1a: Urshifu|1\/100\n|-damage|p1b: Rillaboom|47\/100\n|-unboost|p1a: Urshifu|spe|1\n|\n|upkeep\n|\n|t:|1739136045\n|switch|p2a: Ogerpon|Ogerpon-Hearthflame, L50, F|100\/100\n|-ability|p2a: Ogerpon|Mold Breaker\n|turn|5\n|inactive|Realfrytki has 30 seconds left.\n|\n|t:|1739136071\n|switch|p1b: Flutter Mane|Flutter Mane, L50|100\/100\n|-enditem|p1b: Flutter Mane|Booster Energy\n|-activate|p1b: Flutter Mane|ability: Protosynthesis|[fromitem]\n|-start|p1b: Flutter Mane|protosynthesisspe\n|move|p1a: Urshifu|Detect|p1a: Urshifu\n|-singleturn|p1a: Urshifu|Protect\n|move|p2a: Ogerpon|Ivy Cudgel|p1b: Flutter Mane|[anim] Ivy Cudgel Fire\n|-crit|p1b: Flutter Mane\n|-damage|p1b: Flutter Mane|0 fnt\n|faint|p1b: Flutter Mane\n|-end|p1b: Flutter Mane|Protosynthesis|[silent]\n|move|p2b: Tornadus|Bleakwind Storm|p1a: Urshifu\n|-activate|p1a: Urshifu|move: Protect\n|\n|upkeep\n|\n|t:|1739136084\n|switch|p1b: Rillaboom|Rillaboom, L50, F|47\/100\n|-fieldstart|move: Grassy Terrain|[from] ability: Grassy Surge|[of] p1b: Rillaboom\n|turn|6\n|\n|t:|1739136092\n|-terastallize|p1a: Urshifu|Stellar\n|move|p1b: Rillaboom|Fake Out|p2a: Ogerpon\n|-crit|p2a: Ogerpon\n|-damage|p2a: Ogerpon|80\/100\n|cant|p2a: Ogerpon|flinch\n|move|p1a: Urshifu|Surging Strikes|p2a: Ogerpon\n|-crit|p2a: Ogerpon\n|-damage|p2a: Ogerpon|47\/100\n|-crit|p2a: Ogerpon\n|-damage|p2a: Ogerpon|14\/100\n|-crit|p2a: Ogerpon\n|-damage|p2a: Ogerpon|0 fnt\n|faint|p2a: Ogerpon\n|-hitcount|p2: Ogerpon|3\n|cant|p2b: Tornadus|par\n|\n|-heal|p1b: Rillaboom|53\/100|[from] Grassy Terrain\n|-heal|p1a: Urshifu|7\/100|[from] Grassy Terrain\n|upkeep\n|turn|7\n|inactive|Realfrytki has 30 seconds left.\n|\n|t:|1739136119\n|move|p1b: Rillaboom|Wood Hammer|p2b: Tornadus\n|-resisted|p2b: Tornadus\n|-damage|p2b: Tornadus|44\/100 par\n|-damage|p1b: Rillaboom|37\/100|[from] item: Rocky Helmet|[of] p2b: Tornadus\n|-damage|p1b: Rillaboom|23\/100|[from] Recoil\n|move|p1a: Urshifu|Surging Strikes|p2b: Tornadus\n|-crit|p2b: Tornadus\n|-damage|p2b: Tornadus|11\/100 par\n|-damage|p1a: Urshifu|0 fnt|[from] item: Rocky Helmet|[of] p2b: Tornadus\n|faint|p1a: Urshifu\n|-hitcount|p2b: Tornadus|1\n|move|p2b: Tornadus|Bleakwind Storm|p1b: Rillaboom\n|-supereffective|p1b: Rillaboom\n|-damage|p1b: Rillaboom|0 fnt\n|faint|p1b: Rillaboom\n|\n|win|Velonara\n|raw|Realfrytki's rating: 1656 &rarr; <strong>1633<\/strong><br \/>(-23 for losing)\n|raw|Velonara's rating: 1612 &rarr; <strong>1635<\/strong><br \/>(+23 for winning)\n|l|\u2606Velonara\n|player|p2|\n|l|\u2606Realfrytki\n|player|p1|\n|l| Jfabricio23\n|l| zach.fisher\n|j| threedigglets\n|l| threedigglets\n","uploadtime":1739136340,"views":4,"formatid":"gen9vgc2025regg","rating":1633,"private":0,"password":null}