{"id":"gen9vgc2025regg-2297535076","format":"[Gen 9] VGC 2025 Reg G","players":["liamvgc01","Farmyom"],"log":"|j|\u2606liamvgc01\n|j|\u203dFarmyom\n|t:|1739127213\n|gametype|doubles\n|player|p1|liamvgc01|red|1550\n|player|p2|Farmyom|beauty-gen5bw2|1608\n|teamsize|p1|6\n|teamsize|p2|6\n|gen|9\n|tier|[Gen 9] VGC 2025 Reg G\n|rated|\n|rule|Species Clause: Limit one of each Pok\u00e9mon\n|rule|Item Clause: Limit 1 of each item\n|clearpoke\n|poke|p1|Amoonguss, L50, F|\n|poke|p1|Ogerpon-Cornerstone, L50, F|\n|poke|p1|Urshifu-*, L50, F|\n|poke|p1|Whimsicott, L50, M|\n|poke|p1|Landorus, L50, M|\n|poke|p1|Calyrex-Ice, L50|\n|poke|p2|Terapagos, L50, M|\n|poke|p2|Flutter Mane, L50|\n|poke|p2|Tornadus, L50, M|\n|poke|p2|Incineroar, L50, F|\n|poke|p2|Rillaboom, L50, F|\n|poke|p2|Walking Wake, L50|\n|teampreview|4\n|inactive|Battle timer is ON: inactive players will automatically lose when time's up. (requested by Farmyom)\n|inactive|liamvgc01 also wants the timer to be on.\n|\n|t:|1739127235\n|start\n|switch|p1a: Urshifu|Urshifu-Rapid-Strike, L50, F|100\/100\n|switch|p1b: Whimsicott|Whimsicott, L50, M|100\/100\n|switch|p2a: Rillaboom|Rillaboom, L50, F|100\/100\n|switch|p2b: Terapagos|Terapagos, L50, M|100\/100\n|-activate|p2b: Terapagos|ability: Tera Shift\n|detailschange|p2b: Terapagos|Terapagos-Terastal, L50, M\n|-heal|p2b: Terapagos|100\/100|[silent]\n|-fieldstart|move: Grassy Terrain|[from] ability: Grassy Surge|[of] p2a: Rillaboom\n|turn|1\n|\n|t:|1739127246\n|switch|p2b: Incineroar|Incineroar, L50, F|100\/100\n|-ability|p2b: Incineroar|Intimidate|boost\n|-unboost|p1a: Urshifu|atk|1\n|-unboost|p1b: Whimsicott|atk|1\n|move|p1a: Urshifu|Detect|p1a: Urshifu\n|-singleturn|p1a: Urshifu|Protect\n|move|p1b: Whimsicott|Tailwind|p1b: Whimsicott\n|-sidestart|p1: liamvgc01|move: Tailwind\n|move|p2a: Rillaboom|Grassy Glide|p1a: Urshifu\n|-activate|p1a: Urshifu|move: Protect\n|\n|upkeep\n|turn|2\n|\n|t:|1739127265\n|switch|p1a: Calyrex|Calyrex-Ice, L50|100\/100\n|-ability|p1a: Calyrex|As One\n|-ability|p1a: Calyrex|Unnerve\n|move|p1b: Whimsicott|Moonblast|p2b: Incineroar\n|-damage|p2b: Incineroar|77\/100\n|-unboost|p2b: Incineroar|spa|1\n|move|p2a: Rillaboom|Wood Hammer|p1a: Calyrex\n|-damage|p1a: Calyrex|51\/100\n|-damage|p2a: Rillaboom|83\/100|[from] Recoil\n|move|p2b: Incineroar|Flare Blitz|p1b: Whimsicott\n|-supereffective|p1b: Whimsicott\n|-damage|p1b: Whimsicott|0 fnt\n|faint|p1b: Whimsicott\n|-damage|p2b: Incineroar|50\/100|[from] Recoil\n|\n|-heal|p1a: Calyrex|57\/100|[from] Grassy Terrain\n|-heal|p2a: Rillaboom|89\/100|[from] Grassy Terrain\n|-heal|p2b: Incineroar|55\/100|[from] Grassy Terrain\n|upkeep\n|\n|t:|1739127282\n|switch|p1b: Urshifu|Urshifu-Rapid-Strike, L50, F|100\/100\n|turn|3\n|inactive|Farmyom has 30 seconds left.\n|\n|t:|1739127309\n|switch|p2a: Terapagos|Terapagos-Terastal, L50, M|100\/100\n|move|p1b: Urshifu|Surging Strikes|p2b: Incineroar\n|-supereffective|p2b: Incineroar\n|-crit|p2b: Incineroar\n|-damage|p2b: Incineroar|28\/100\n|-damage|p1b: Urshifu|84\/100|[from] item: Rocky Helmet|[of] p2b: Incineroar\n|-supereffective|p2b: Incineroar\n|-crit|p2b: Incineroar\n|-damage|p2b: Incineroar|0 fnt\n|-damage|p1b: Urshifu|67\/100|[from] item: Rocky Helmet|[of] p2b: Incineroar\n|faint|p2b: Incineroar\n|-hitcount|p2: Incineroar|2\n|move|p1a: Calyrex|Glacial Lance|p2a: Terapagos\n|-activate|p2a: Terapagos|ability: Tera Shell\n|-resisted|p2a: Terapagos\n|-damage|p2a: Terapagos|70\/100\n|\n|-heal|p1b: Urshifu|73\/100|[from] Grassy Terrain\n|-heal|p1a: Calyrex|63\/100|[from] Grassy Terrain\n|-heal|p2a: Terapagos|76\/100|[from] Grassy Terrain\n|upkeep\n|\n|t:|1739127331\n|switch|p2b: Rillaboom|Rillaboom, L50, F|89\/100\n|turn|4\n|\n|t:|1739127345\n|-terastallize|p2b: Rillaboom|Fire\n|move|p1b: Urshifu|Detect|p1b: Urshifu\n|-singleturn|p1b: Urshifu|Protect\n|move|p2b: Rillaboom|Fake Out|p1b: Urshifu\n|-activate|p1b: Urshifu|move: Protect\n|move|p1a: Calyrex|Glacial Lance|p2a: Terapagos|[spread] p2a,p2b\n|-resisted|p2b: Rillaboom\n|-damage|p2a: Terapagos|31\/100\n|-damage|p2b: Rillaboom|62\/100\n|move|p2a: Terapagos|Meteor Beam||[still]\n|-prepare|p2a: Terapagos|Meteor Beam\n|-boost|p2a: Terapagos|spa|1\n|-enditem|p2a: Terapagos|Power Herb\n|-anim|p2a: Terapagos|Meteor Beam|p1a: Calyrex\n|-supereffective|p1a: Calyrex\n|-damage|p1a: Calyrex|0 fnt\n|faint|p1a: Calyrex\n|\n|-heal|p1b: Urshifu|79\/100|[from] Grassy Terrain\n|-heal|p2a: Terapagos|37\/100|[from] Grassy Terrain\n|-heal|p2b: Rillaboom|68\/100|[from] Grassy Terrain\n|-sideend|p1: liamvgc01|move: Tailwind\n|upkeep\n|\n|t:|1739127360\n|switch|p1a: Ogerpon|Ogerpon-Cornerstone, L50, F|100\/100\n|turn|5\n|inactive|Farmyom has 30 seconds left.\n|\n|t:|1739127392\n|switch|p2b: Walking Wake|Walking Wake, L50|100\/100\n|-terastallize|p1b: Urshifu|Water\n|move|p1a: Ogerpon|Ivy Cudgel|p2a: Terapagos|[anim] Ivy Cudgel Rock\n|-damage|p2a: Terapagos|0 fnt\n|faint|p2a: Terapagos\n|move|p1b: Urshifu|Surging Strikes|p2b: Walking Wake\n|-resisted|p2b: Walking Wake\n|-crit|p2b: Walking Wake\n|-damage|p2b: Walking Wake|93\/100\n|-resisted|p2b: Walking Wake\n|-crit|p2b: Walking Wake\n|-damage|p2b: Walking Wake|86\/100\n|-resisted|p2b: Walking Wake\n|-crit|p2b: Walking Wake\n|-damage|p2b: Walking Wake|79\/100\n|-hitcount|p2b: Walking Wake|3\n|\n|-heal|p2b: Walking Wake|84\/100|[from] Grassy Terrain\n|-heal|p1b: Urshifu|84\/100|[from] Grassy Terrain\n|-fieldend|move: Grassy Terrain\n|upkeep\n|\n|t:|1739127400\n|switch|p2a: Rillaboom|Rillaboom, L50, F, tera:Fire|68\/100\n|-fieldstart|move: Grassy Terrain|[from] ability: Grassy Surge|[of] p2a: Rillaboom\n|turn|6\n|inactive|Farmyom has 30 seconds left.\n|inactive|Farmyom has 20 seconds left.\n|inactive|Farmyom has 15 seconds left.\n|\n|t:|1739127442\n|move|p1a: Ogerpon|Spiky Shield|p1a: Ogerpon\n|-singleturn|p1a: Ogerpon|move: Protect\n|move|p1b: Urshifu|Detect|p1b: Urshifu\n|-singleturn|p1b: Urshifu|Protect\n|move|p2b: Walking Wake|Draco Meteor|p1b: Urshifu\n|-activate|p1b: Urshifu|move: Protect\n|move|p2a: Rillaboom|Wood Hammer|p1a: Ogerpon\n|-activate|p1a: Ogerpon|move: Protect\n|-damage|p2a: Rillaboom|56\/100|[from] Spiky Shield|[of] p1a: Ogerpon\n|\n|-heal|p2b: Walking Wake|90\/100|[from] Grassy Terrain\n|-heal|p1b: Urshifu|90\/100|[from] Grassy Terrain\n|-heal|p2a: Rillaboom|62\/100|[from] Grassy Terrain\n|upkeep\n|turn|7\n|inactive|liamvgc01 has 30 seconds left.\n|inactive|Farmyom has 30 seconds left.\n|inactive|Farmyom has 20 seconds left.\n|\n|t:|1739127478\n|move|p2a: Rillaboom|Grassy Glide|p1a: Ogerpon\n|-damage|p1a: Ogerpon|56\/100\n|move|p1a: Ogerpon|Ivy Cudgel|p2a: Rillaboom|[anim] Ivy Cudgel Rock\n|-supereffective|p2a: Rillaboom\n|-damage|p2a: Rillaboom|0 fnt\n|faint|p2a: Rillaboom\n|move|p2b: Walking Wake|Hydro Steam|p1a: Ogerpon\n|-damage|p1a: Ogerpon|0 fnt\n|faint|p1a: Ogerpon\n|-damage|p2b: Walking Wake|80\/100|[from] item: Life Orb\n|move|p1b: Urshifu|Close Combat|p2b: Walking Wake\n|-damage|p2b: Walking Wake|12\/100\n|-unboost|p1b: Urshifu|def|1\n|-unboost|p1b: Urshifu|spd|1\n|\n|-heal|p2b: Walking Wake|18\/100|[from] Grassy Terrain\n|-heal|p1b: Urshifu|96\/100|[from] Grassy Terrain\n|upkeep\n|turn|8\n|\n|t:|1739127499\n|move|p1b: Urshifu|Detect|p1b: Urshifu\n|-singleturn|p1b: Urshifu|Protect\n|move|p2b: Walking Wake|Draco Meteor|p1b: Urshifu\n|-activate|p1b: Urshifu|move: Protect\n|\n|-heal|p2b: Walking Wake|23\/100|[from] Grassy Terrain\n|-heal|p1b: Urshifu|100\/100|[from] Grassy Terrain\n|upkeep\n|turn|9\n|\n|t:|1739127510\n|move|p2b: Walking Wake|Draco Meteor|p1b: Urshifu\n|-enditem|p1b: Urshifu|Focus Sash\n|-damage|p1b: Urshifu|1\/100\n|-unboost|p2b: Walking Wake|spa|2\n|-damage|p2b: Walking Wake|14\/100|[from] item: Life Orb\n|move|p1b: Urshifu|Close Combat|p2b: Walking Wake\n|-damage|p2b: Walking Wake|0 fnt\n|-unboost|p1b: Urshifu|def|1\n|-unboost|p1b: Urshifu|spd|1\n|faint|p2b: Walking Wake\n|-end|p2b: Walking Wake|Protosynthesis|[silent]\n|\n|win|liamvgc01\n|raw|liamvgc01's rating: 1550 &rarr; <strong>1573<\/strong><br \/>(+23 for winning)\n|raw|Farmyom's rating: 1608 &rarr; <strong>1585<\/strong><br \/>(-23 for losing)\n|l|\u203dFarmyom\n|player|p2|\n|l|\u2606liamvgc01\n|player|p1|\n","uploadtime":1739127746,"views":5,"formatid":"gen9vgc2025regg","rating":1573,"private":0,"password":null}