{"id":"gen9vgc2025regg-2297392283","format":"[Gen 9] VGC 2025 Reg G","players":["FunkyPengu1n","Lacossg"],"log":"|j|\u203dFunkyPengu1n\n|j|\u2606Lacossg\n|t:|1739108534\n|gametype|doubles\n|player|p1|FunkyPengu1n|266|1500\n|player|p2|Lacossg|265|1682\n|teamsize|p1|6\n|teamsize|p2|6\n|gen|9\n|tier|[Gen 9] VGC 2025 Reg G\n|rated|\n|rule|Species Clause: Limit one of each Pok\u00e9mon\n|rule|Item Clause: Limit 1 of each item\n|clearpoke\n|poke|p1|Calyrex-Shadow, L50|\n|poke|p1|Urshifu-*, L50, F|\n|poke|p1|Rillaboom, L50, M|\n|poke|p1|Incineroar, L50, M|\n|poke|p1|Pelipper, L50, M|\n|poke|p1|Farigiraf, L50, F|\n|poke|p2|Chi-Yu, L50|\n|poke|p2|Lunala, L50|\n|poke|p2|Indeedee-F, L50, F|\n|poke|p2|Roaring Moon, L50|\n|poke|p2|Urshifu-*, L50, F|\n|poke|p2|Ursaluna, L50, F|\n|teampreview|4\n|inactive|Battle timer is ON: inactive players will automatically lose when time's up. (requested by FunkyPengu1n)\n|l|\u2606Lacossg\n|inactive|Lacossg disconnected and has a minute to reconnect!\n|player|p2|\n|j|\u2606Lacossg\n|inactive|Lacossg reconnected and has 85 seconds left.\n|player|p2|Lacossg|265|\n|\n|t:|1739108574\n|start\n|switch|p1a: Incineroar|Incineroar, L50, M, shiny|100\/100\n|switch|p1b: Calyrex|Calyrex-Shadow, L50|100\/100\n|switch|p2a: Roaring Moon|Roaring Moon, L50|100\/100\n|switch|p2b: Lunala|Lunala, L50|100\/100\n|-ability|p1b: Calyrex|As One\n|-ability|p1b: Calyrex|Unnerve\n|-ability|p1a: Incineroar|Intimidate|boost\n|-unboost|p2a: Roaring Moon|atk|1\n|-unboost|p2b: Lunala|atk|1\n|-enditem|p2a: Roaring Moon|Booster Energy\n|-activate|p2a: Roaring Moon|ability: Protosynthesis|[fromitem]\n|-start|p2a: Roaring Moon|protosynthesisspe\n|turn|1\n|\n|t:|1739108593\n|-terastallize|p1b: Calyrex|Water\n|-terastallize|p2b: Lunala|Fairy\n|move|p1a: Incineroar|Fake Out|p2b: Lunala\n|-damage|p2b: Lunala|97\/100\n|move|p2a: Roaring Moon|Taunt|p1b: Calyrex\n|-start|p1b: Calyrex|move: Taunt\n|move|p1b: Calyrex|Astral Barrage|p2a: Roaring Moon|[spread] p2a,p2b\n|-resisted|p2a: Roaring Moon\n|-damage|p2a: Roaring Moon|76\/100\n|-damage|p2b: Lunala|58\/100\n|cant|p2b: Lunala|flinch\n|\n|upkeep\n|turn|2\n|inactive|FunkyPengu1n has 30 seconds left.\n|\n|t:|1739108622\n|switch|p1a: Rillaboom|Rillaboom, L50, M|100\/100\n|-fieldstart|move: Grassy Terrain|[from] ability: Grassy Surge|[of] p1a: Rillaboom\n|move|p2a: Roaring Moon|Snarl|p1a: Rillaboom|[spread] p1a,p1b\n|-damage|p1a: Rillaboom|95\/100\n|-damage|p1b: Calyrex|94\/100\n|-unboost|p1a: Rillaboom|spa|1\n|move|p1b: Calyrex|Astral Barrage|p2b: Lunala|[spread] p2a,p2b\n|-resisted|p2a: Roaring Moon\n|-damage|p2a: Roaring Moon|53\/100\n|-damage|p2b: Lunala|18\/100\n|move|p2b: Lunala|Meteor Beam||[still]\n|-prepare|p2b: Lunala|Meteor Beam\n|-boost|p2b: Lunala|spa|1\n|-enditem|p2b: Lunala|Power Herb\n|-anim|p2b: Lunala|Meteor Beam|p1a: Rillaboom\n|-damage|p1a: Rillaboom|45\/100\n|\n|-heal|p2a: Roaring Moon|59\/100|[from] Grassy Terrain\n|-heal|p1b: Calyrex|99\/100|[from] Grassy Terrain\n|-heal|p2b: Lunala|24\/100|[from] Grassy Terrain\n|-heal|p1a: Rillaboom|50\/100|[from] Grassy Terrain\n|upkeep\n|turn|3\n|\n|t:|1739108646\n|switch|p2b: Chi-Yu|Chi-Yu, L50|100\/100\n|-ability|p2b: Chi-Yu|Beads of Ruin\n|switch|p1a: Incineroar|Incineroar, L50, M, shiny|100\/100\n|-ability|p1a: Incineroar|Intimidate|boost\n|-unboost|p2a: Roaring Moon|atk|1\n|-unboost|p2b: Chi-Yu|atk|1\n|move|p2a: Roaring Moon|Tailwind|p2a: Roaring Moon\n|-sidestart|p2: Lacossg|move: Tailwind\n|move|p1b: Calyrex|Astral Barrage|p2a: Roaring Moon|[spread] p2a,p2b\n|-resisted|p2a: Roaring Moon\n|-resisted|p2b: Chi-Yu\n|-damage|p2a: Roaring Moon|30\/100\n|-damage|p2b: Chi-Yu|76\/100\n|\n|-heal|p2a: Roaring Moon|36\/100|[from] Grassy Terrain\n|-heal|p2b: Chi-Yu|82\/100|[from] Grassy Terrain\n|-heal|p1b: Calyrex|100\/100|[from] Grassy Terrain\n|-end|p1b: Calyrex|move: Taunt\n|upkeep\n|turn|4\n|inactive|FunkyPengu1n has 30 seconds left.\n|inactive|Lacossg has 30 seconds left.\n|inactive|Lacossg has 20 seconds left.\n|inactive|Lacossg has 15 seconds left.\n|\n|t:|1739108688\n|move|p1b: Calyrex|Protect|p1b: Calyrex\n|-singleturn|p1b: Calyrex|Protect\n|move|p2a: Roaring Moon|Taunt|p1b: Calyrex\n|-activate|p1b: Calyrex|move: Protect\n|move|p2b: Chi-Yu|Nasty Plot|p2b: Chi-Yu\n|-boost|p2b: Chi-Yu|spa|2\n|move|p1a: Incineroar|Parting Shot|p2b: Chi-Yu\n|-unboost|p2b: Chi-Yu|atk|1\n|-unboost|p2b: Chi-Yu|spa|1\n|l|\u2606Lacossg\n|inactive|Lacossg disconnected and has a minute to reconnect!\n|player|p2|\n|\n|t:|1739108703\n|switch|p1a: Urshifu|Urshifu-Rapid-Strike, L50, F|100\/100|[from] Parting Shot\n|\n|-heal|p2a: Roaring Moon|42\/100|[from] Grassy Terrain\n|-heal|p2b: Chi-Yu|89\/100|[from] Grassy Terrain\n|upkeep\n|turn|5\n|j|\u2606Lacossg\n|inactive|Lacossg reconnected and has 45 seconds left.\n|player|p2|Lacossg|265|\n|\n|t:|1739108728\n|move|p2a: Roaring Moon|Knock Off|p1b: Calyrex\n|-damage|p1b: Calyrex|74\/100\n|-enditem|p1b: Calyrex|Covert Cloak|[from] move: Knock Off|[of] p2a: Roaring Moon\n|move|p2b: Chi-Yu|Dark Pulse|p1b: Calyrex\n|-damage|p1b: Calyrex|8\/100\n|move|p1a: Urshifu|Surging Strikes|p2b: Chi-Yu\n|-supereffective|p2b: Chi-Yu\n|-crit|p2b: Chi-Yu\n|-damage|p2b: Chi-Yu|47\/100\n|-supereffective|p2b: Chi-Yu\n|-crit|p2b: Chi-Yu\n|-damage|p2b: Chi-Yu|5\/100\n|-supereffective|p2b: Chi-Yu\n|-crit|p2b: Chi-Yu\n|-damage|p2b: Chi-Yu|0 fnt\n|faint|p2b: Chi-Yu\n|-hitcount|p2: Chi-Yu|3\n|move|p1b: Calyrex|Astral Barrage|p2a: Roaring Moon\n|-resisted|p2a: Roaring Moon\n|-damage|p2a: Roaring Moon|11\/100\n|\n|-heal|p2a: Roaring Moon|18\/100|[from] Grassy Terrain\n|-heal|p1b: Calyrex|14\/100|[from] Grassy Terrain\n|upkeep\n|\n|t:|1739108739\n|switch|p2b: Lunala|Lunala, L50, tera:Fairy|24\/100\n|turn|6\n|\n|t:|1739108751\n|-end|p2a: Roaring Moon|Protosynthesis|[silent]\n|switch|p2a: Indeedee|Indeedee-F, L50, F|100\/100\n|-fieldstart|move: Psychic Terrain|[from] ability: Psychic Surge|[of] p2a: Indeedee\n|move|p2b: Lunala|Expanding Force|p1a: Urshifu|[spread] p1a,p1b\n|-supereffective|p1a: Urshifu\n|-damage|p1a: Urshifu|0 fnt\n|-damage|p1b: Calyrex|0 fnt\n|faint|p1a: Urshifu\n|faint|p1b: Calyrex\n|\n|-sideend|p2: Lacossg|move: Tailwind\n|upkeep\n|\n|t:|1739108758\n|switch|p1b: Incineroar|Incineroar, L50, M, shiny|100\/100\n|switch|p1a: Rillaboom|Rillaboom, L50, M|50\/100\n|-fieldstart|move: Grassy Terrain|[from] ability: Grassy Surge|[of] p1a: Rillaboom\n|-ability|p1b: Incineroar|Intimidate|boost\n|-unboost|p2a: Indeedee|atk|1\n|-unboost|p2b: Lunala|atk|1\n|turn|7\n|l|\u2606Lacossg\n|inactive|Lacossg disconnected and has a minute to reconnect!\n|player|p2|\n|inactive|Lacossg has 30 seconds left.\n|j|\u2606Lacossg\n|inactive|Lacossg reconnected and has 30 seconds left.\n|player|p2|Lacossg|265|\n|\n|t:|1739108790\n|switch|p2b: Roaring Moon|Roaring Moon, L50|18\/100\n|move|p1b: Incineroar|Fake Out|p2a: Indeedee\n|-damage|p2a: Indeedee|91\/100\n|-damage|p1b: Incineroar|84\/100|[from] item: Rocky Helmet|[of] p2a: Indeedee\n|move|p1a: Rillaboom|Wood Hammer|p2b: Roaring Moon\n|-resisted|p2b: Roaring Moon\n|-damage|p2b: Roaring Moon|0 fnt\n|faint|p2b: Roaring Moon\n|-end|p2b: Roaring Moon|Protosynthesis|[silent]\n|-damage|p1a: Rillaboom|45\/100|[from] Recoil\n|cant|p2a: Indeedee|flinch\n|\n|-heal|p1a: Rillaboom|51\/100|[from] Grassy Terrain\n|-heal|p2a: Indeedee|97\/100|[from] Grassy Terrain\n|-heal|p1b: Incineroar|90\/100|[from] Grassy Terrain\n|upkeep\n|l|\u2606Lacossg\n|inactive|Lacossg disconnected and has a minute to reconnect!\n|player|p2|\n|j|\u2606Lacossg\n|inactive|Lacossg reconnected and has 35 seconds left.\n|player|p2|Lacossg|265|\n|inactive|Lacossg has 30 seconds left.\n|\n|t:|1739108816\n|switch|p2b: Lunala|Lunala, L50, tera:Fairy|24\/100\n|turn|8\n|\n|t:|1739108822\n|move|p2a: Indeedee|Follow Me|p2a: Indeedee\n|-singleturn|p2a: Indeedee|move: Follow Me\n|move|p2b: Lunala|Meteor Beam||[still]\n|-prepare|p2b: Lunala|Meteor Beam\n|-boost|p2b: Lunala|spa|1\n|move|p1a: Rillaboom|Wood Hammer|p2a: Indeedee\n|-damage|p2a: Indeedee|20\/100\n|-damage|p1a: Rillaboom|34\/100|[from] item: Rocky Helmet|[of] p2a: Indeedee\n|-damage|p1a: Rillaboom|13\/100|[from] Recoil\n|move|p1b: Incineroar|Knock Off|p2a: Indeedee\n|-supereffective|p2a: Indeedee\n|-damage|p2a: Indeedee|0 fnt\n|-damage|p1b: Incineroar|74\/100|[from] item: Rocky Helmet|[of] p2a: Indeedee\n|-enditem|p2a: Indeedee|Rocky Helmet|[from] move: Knock Off|[of] p1b: Incineroar\n|faint|p2a: Indeedee\n|\n|-heal|p2b: Lunala|30\/100|[from] Grassy Terrain\n|-heal|p1a: Rillaboom|18\/100|[from] Grassy Terrain\n|-heal|p1b: Incineroar|80\/100|[from] Grassy Terrain\n|upkeep\n|turn|9\n|\n|t:|1739108838\n|move|p2b: Lunala|Meteor Beam|p1b: Incineroar|[from] lockedmove\n|-supereffective|p1b: Incineroar\n|-damage|p1b: Incineroar|0 fnt\n|faint|p1b: Incineroar\n|move|p1a: Rillaboom|Wood Hammer|p2b: Lunala\n|-damage|p2b: Lunala|0 fnt\n|faint|p2b: Lunala\n|-damage|p1a: Rillaboom|8\/100|[from] Recoil\n|\n|win|FunkyPengu1n\n|raw|FunkyPengu1n's rating: 1500 &rarr; <strong>1530<\/strong><br \/>(+30 for winning)\n|raw|Lacossg's rating: 1682 &rarr; <strong>1652<\/strong><br \/>(-30 for losing)\n|l|\u203dFunkyPengu1n\n|player|p1|\n|l|\u2606Lacossg\n|player|p2|\n","uploadtime":1739109075,"views":6,"formatid":"gen9vgc2025regg","rating":1530,"private":0,"password":null}