{"id":"gen9vgc2025regg-2297807577","format":"[Gen 9] VGC 2025 Reg G","players":["alfredd2640","Tempest Flute"],"log":"|j|\u2606alfredd2640\n|j|\u2606Tempest Flute\n|t:|1739163719\n|gametype|doubles\n|player|p1|alfredd2640|cynthia|1569\n|player|p2|Tempest Flute|policeman-gen4|1643\n|teamsize|p1|6\n|teamsize|p2|6\n|gen|9\n|tier|[Gen 9] VGC 2025 Reg G\n|rated|\n|rule|Species Clause: Limit one of each Pok\u00e9mon\n|rule|Item Clause: Limit 1 of each item\n|clearpoke\n|poke|p1|Calyrex-Ice, L50|\n|poke|p1|Ogerpon-Cornerstone, L50, F|\n|poke|p1|Rillaboom, L50, F|\n|poke|p1|Urshifu-*, L50, F|\n|poke|p1|Pelipper, L50, F|\n|poke|p1|Incineroar, L50, F|\n|poke|p2|Koraidon, L50|\n|poke|p2|Flutter Mane, L50|\n|poke|p2|Ogerpon-Cornerstone, L50, F|\n|poke|p2|Chi-Yu, L50|\n|poke|p2|Raging Bolt, L50|\n|poke|p2|Ditto, L50|\n|teampreview|4\n|inactive|Battle timer is ON: inactive players will automatically lose when time's up. (requested by Tempest Flute)\n|inactive|alfredd2640 also wants the timer to be on.\n|j| they34\n|j| mr pogostick\n|\n|t:|1739163746\n|start\n|switch|p1a: Ogerpon|Ogerpon-Cornerstone, L50, F|100\/100\n|switch|p1b: Calyrex|Calyrex-Ice, L50|100\/100\n|switch|p2a: Ogerpon|Ogerpon-Cornerstone, L50, F|100\/100\n|switch|p2b: Ditto|Ditto, L50|100\/100\n|-ability|p1b: Calyrex|As One\n|-ability|p1b: Calyrex|Unnerve\n|-transform|p2b: Ditto|p1a: Ogerpon|[from] ability: Imposter\n|turn|1\n|\n|t:|1739163767\n|move|p1a: Ogerpon|Follow Me|p1a: Ogerpon\n|-singleturn|p1a: Ogerpon|move: Follow Me\n|move|p2a: Ogerpon|Ivy Cudgel|p1a: Ogerpon|[anim] Ivy Cudgel Rock\n|-damage|p1a: Ogerpon|24\/100\n|move|p2b: Ditto|Ivy Cudgel|p1a: Ogerpon|[anim] Ivy Cudgel Rock\n|-damage|p1a: Ogerpon|0 fnt\n|faint|p1a: Ogerpon\n|move|p1b: Calyrex|Trick Room|p1b: Calyrex\n|-fieldstart|move: Trick Room|[of] p1b: Calyrex\n|\n|upkeep\n|\n|t:|1739163776\n|switch|p1a: Rillaboom|Rillaboom, L50, F|100\/100\n|-fieldstart|move: Grassy Terrain|[from] ability: Grassy Surge|[of] p1a: Rillaboom\n|turn|2\n|\n|t:|1739163784\n|move|p2a: Ogerpon|Spiky Shield|p2a: Ogerpon\n|-singleturn|p2a: Ogerpon|move: Protect\n|move|p2b: Ditto|Spiky Shield|p2b: Ditto\n|-singleturn|p2b: Ditto|move: Protect\n|move|p1a: Rillaboom|Fake Out|p2b: Ditto\n|-activate|p2b: Ditto|move: Protect\n|-damage|p1a: Rillaboom|88\/100|[from] Spiky Shield|[of] p2b: Ditto\n|move|p1b: Calyrex|Glacial Lance|p2a: Ogerpon|[spread] \n|-activate|p2a: Ogerpon|move: Protect\n|-activate|p2b: Ditto|move: Protect\n|\n|-heal|p1a: Rillaboom|94\/100|[from] Grassy Terrain\n|upkeep\n|turn|3\n|\n|t:|1739163799\n|move|p1a: Rillaboom|Grassy Glide|p2a: Ogerpon\n|-damage|p2a: Ogerpon|54\/100\n|move|p1b: Calyrex|Glacial Lance|p2b: Ditto|[spread] p2a,p2b\n|-supereffective|p2a: Ogerpon\n|-supereffective|p2b: Ditto\n|-damage|p2a: Ogerpon|0 fnt\n|-ability|p2b: Ditto|Sturdy\n|-damage|p2b: Ditto|1\/100\n|faint|p2a: Ogerpon\n|-ability|p1b: Calyrex|Chilling Neigh|boost\n|-boost|p1b: Calyrex|atk|1\n|move|p2b: Ditto|Ivy Cudgel|p1b: Calyrex|[anim] Ivy Cudgel Rock\n|-supereffective|p1b: Calyrex\n|-damage|p1b: Calyrex|37\/100\n|\n|-heal|p1b: Calyrex|43\/100|[from] Grassy Terrain\n|-heal|p1a: Rillaboom|99\/100|[from] Grassy Terrain\n|-heal|p2b: Ditto|7\/100|[from] Grassy Terrain\n|upkeep\n|inactive|Tempest Flute has 30 seconds left.\n|\n|t:|1739163826\n|switch|p2a: Koraidon|Koraidon, L50|100\/100\n|-weather|SunnyDay|[from] ability: Orichalcum Pulse|[of] p2a: Koraidon\n|-activate|p2a: Koraidon|Orichalcum Pulse|[source]\n|turn|4\n|j| yukina vgc\n|inactive|Tempest Flute has 30 seconds left.\n|\n|t:|1739163854\n|-terastallize|p1b: Calyrex|Fire\n|move|p2a: Koraidon|Protect|p2a: Koraidon\n|-singleturn|p2a: Koraidon|Protect\n|move|p2b: Ditto|Spiky Shield|p2b: Ditto\n|-singleturn|p2b: Ditto|move: Protect\n|move|p1b: Calyrex|Glacial Lance|p2a: Koraidon|[spread] \n|-activate|p2a: Koraidon|move: Protect\n|-activate|p2b: Ditto|move: Protect\n|move|p1a: Rillaboom|U-turn|p2a: Koraidon\n|-activate|p2a: Koraidon|move: Protect\n|\n|-weather|SunnyDay|[upkeep]\n|-heal|p1b: Calyrex|48\/100|[from] Grassy Terrain\n|-heal|p1a: Rillaboom|100\/100|[from] Grassy Terrain\n|-heal|p2b: Ditto|13\/100|[from] Grassy Terrain\n|upkeep\n|turn|5\n|inactive|Tempest Flute has 30 seconds left.\n|\n|t:|1739163887\n|switch|p2b: Raging Bolt|Raging Bolt, L50|100\/100\n|-activate|p2b: Raging Bolt|ability: Protosynthesis\n|-start|p2b: Raging Bolt|protosynthesisspa\n|-terastallize|p2a: Koraidon|Fire\n|move|p1b: Calyrex|High Horsepower|p2a: Koraidon\n|-supereffective|p2a: Koraidon\n|-damage|p2a: Koraidon|0 fnt\n|faint|p2a: Koraidon\n|-ability|p1b: Calyrex|Chilling Neigh|boost\n|-boost|p1b: Calyrex|atk|1\n|move|p1a: Rillaboom|U-turn|p2b: Raging Bolt\n|-damage|p2b: Raging Bolt|81\/100\n|\n|t:|1739163898\n|switch|p1a: Pelipper|Pelipper, L50, F|100\/100|[from] U-turn\n|-weather|RainDance|[from] ability: Drizzle|[of] p1a: Pelipper\n|-end|p2b: Raging Bolt|Protosynthesis\n|\n|-weather|RainDance|[upkeep]\n|-heal|p1b: Calyrex|54\/100|[from] Grassy Terrain\n|-heal|p2b: Raging Bolt|87\/100|[from] Grassy Terrain\n|-fieldend|move: Trick Room\n|upkeep\n|\n|t:|1739163900\n|switch|p2a: Ditto|Ditto, L50|13\/100\n|-transform|p2a: Ditto|p1b: Calyrex|[from] ability: Imposter\n|-ability|p2a: Ditto|As One\n|-ability|p2a: Ditto|Unnerve\n|-start|p2a: Ditto|typechange|Psychic\/Ice|[silent]\n|turn|6\n|\n|t:|1739163917\n|move|p1b: Calyrex|Protect|p1b: Calyrex\n|-singleturn|p1b: Calyrex|Protect\n|move|p1a: Pelipper|Weather Ball|p2a: Ditto\n|-damage|p2a: Ditto|0 fnt\n|faint|p2a: Ditto\n|move|p2b: Raging Bolt|Electroweb|p1a: Pelipper|[spread] p1a\n|-activate|p1b: Calyrex|move: Protect\n|-supereffective|p1a: Pelipper\n|-enditem|p1a: Pelipper|Focus Sash\n|-damage|p1a: Pelipper|1\/100\n|-unboost|p1a: Pelipper|spe|1\n|\n|-weather|RainDance|[upkeep]\n|-heal|p2b: Raging Bolt|93\/100|[from] Grassy Terrain\n|-heal|p1b: Calyrex|60\/100|[from] Grassy Terrain\n|-fieldend|move: Grassy Terrain\n|upkeep\n|turn|7\n|\n|t:|1739163932\n|move|p1a: Pelipper|Wide Guard|p1a: Pelipper\n|-singleturn|p1a: Pelipper|Wide Guard\n|move|p2b: Raging Bolt|Thunderbolt|p1b: Calyrex\n|-damage|p1b: Calyrex|22\/100\n|move|p1b: Calyrex|Glacial Lance|p2b: Raging Bolt\n|-supereffective|p2b: Raging Bolt\n|-damage|p2b: Raging Bolt|0 fnt\n|faint|p2b: Raging Bolt\n|-end|p2b: Raging Bolt|Protosynthesis|[silent]\n|\n|win|alfredd2640\n|raw|alfredd2640's rating: 1569 &rarr; <strong>1593<\/strong><br \/>(+24 for winning)\n|raw|Tempest Flute's rating: 1643 &rarr; <strong>1619<\/strong><br \/>(-24 for losing)\n|l|\u2606Tempest Flute\n|player|p2|\n|l|\u2606alfredd2640\n|player|p1|\n|l| yukina vgc\n|l| they34\n|l| mr pogostick\n","uploadtime":1739164132,"views":8,"formatid":"gen9vgc2025regg","rating":1593,"private":0,"password":null}