{"id":"gen9vgc2025regg-2297509092","format":"[Gen 9] VGC 2025 Reg G","players":["kattikaaa","DimensionalFool"],"log":"|j|\u2606kattikaaa\n|j|\u203dDimensionalFool\n|t:|1739124153\n|gametype|doubles\n|player|p1|kattikaaa|101|1567\n|player|p2|DimensionalFool|169|1685\n|teamsize|p1|6\n|teamsize|p2|6\n|gen|9\n|tier|[Gen 9] VGC 2025 Reg G\n|rated|\n|rule|Species Clause: Limit one of each Pok\u00e9mon\n|rule|Item Clause: Limit 1 of each item\n|clearpoke\n|poke|p1|Miraidon, L50|\n|poke|p1|Grimmsnarl, L50, M|\n|poke|p1|Amoonguss, L50, F|\n|poke|p1|Tsareena, L50, F|\n|poke|p1|Iron Hands, L50|\n|poke|p1|Pelipper, L50, F|\n|poke|p2|Grimmsnarl, L50, M|\n|poke|p2|Landorus, L50, M|\n|poke|p2|Calyrex-Ice, L50|\n|poke|p2|Pelipper, L50, M|\n|poke|p2|Urshifu-*, L50, M|\n|poke|p2|Rillaboom, L50, M|\n|teampreview|4\n|inactive|Battle timer is ON: inactive players will automatically lose when time's up. (requested by kattikaaa)\nkattikaaa rejected open team sheets.\n|inactive|DimensionalFool has 60 seconds left.\n|\n|t:|1739124187\n|start\n|switch|p1a: Miraidon|Miraidon, L50|100\/100\n|switch|p1b: Grimmsnarl|Grimmsnarl, L50, M, shiny|100\/100\n|switch|p2a: Calyrex|Calyrex-Ice, L50|100\/100\n|switch|p2b: Pelipper|Pelipper, L50, M|100\/100\n|-ability|p2a: Calyrex|As One\n|-ability|p2a: Calyrex|Unnerve\n|-fieldstart|move: Electric Terrain|[from] ability: Hadron Engine|[of] p1a: Miraidon\n|-enditem|p1a: Miraidon|Electric Seed\n|-boost|p1a: Miraidon|def|1|[from] item: Electric Seed\n|-weather|RainDance|[from] ability: Drizzle|[of] p2b: Pelipper\n|turn|1\n|inactive|kattikaaa has 30 seconds left.\n|\n|t:|1739124213\n|switch|p2b: Rillaboom|Rillaboom, L50, M|100\/100\n|-fieldstart|move: Grassy Terrain|[from] ability: Grassy Surge|[of] p2b: Rillaboom\n|-terastallize|p1a: Miraidon|Fairy\n|move|p1b: Grimmsnarl|Fake Out|p2a: Calyrex\n|-damage|p2a: Calyrex|94\/100\n|move|p1a: Miraidon|Calm Mind|p1a: Miraidon\n|-boost|p1a: Miraidon|spa|1\n|-boost|p1a: Miraidon|spd|1\n|cant|p2a: Calyrex|flinch\n|\n|-weather|RainDance|[upkeep]\n|-heal|p2a: Calyrex|99\/100|[from] Grassy Terrain\n|upkeep\n|turn|2\n|inactive|kattikaaa has 30 seconds left.\n|\n|t:|1739124238\n|move|p1a: Miraidon|Protect|p1a: Miraidon\n|-singleturn|p1a: Miraidon|Protect\n|move|p2b: Rillaboom|Fake Out|p1b: Grimmsnarl\n|-damage|p1b: Grimmsnarl|87\/100\n|cant|p1b: Grimmsnarl|flinch\n|move|p2a: Calyrex|Glacial Lance|p1b: Grimmsnarl|[spread] p1b\n|-activate|p1a: Miraidon|move: Protect\n|-crit|p1b: Grimmsnarl\n|-damage|p1b: Grimmsnarl|9\/100\n|\n|-weather|RainDance|[upkeep]\n|-heal|p2a: Calyrex|100\/100|[from] Grassy Terrain\n|-heal|p1b: Grimmsnarl|15\/100|[from] Grassy Terrain\n|upkeep\n|turn|3\n|\n|t:|1739124256\n|move|p1b: Grimmsnarl|Reflect|p1b: Grimmsnarl\n|-sidestart|p1: kattikaaa|Reflect\n|move|p1a: Miraidon|Calm Mind|p1a: Miraidon\n|-boost|p1a: Miraidon|spa|1\n|-boost|p1a: Miraidon|spd|1\n|move|p2b: Rillaboom|Drum Beating|p1a: Miraidon\n|-damage|p1a: Miraidon|81\/100\n|-unboost|p1a: Miraidon|spe|1\n|move|p2a: Calyrex|Glacial Lance|p1b: Grimmsnarl|[spread] p1a,p1b\n|-damage|p1a: Miraidon|62\/100\n|-damage|p1b: Grimmsnarl|0 fnt\n|faint|p1b: Grimmsnarl\n|-ability|p2a: Calyrex|Chilling Neigh|boost\n|-boost|p2a: Calyrex|atk|1\n|\n|-weather|RainDance|[upkeep]\n|-heal|p1a: Miraidon|68\/100|[from] Grassy Terrain\n|upkeep\n|\n|t:|1739124276\n|switch|p1b: Pelipper|Pelipper, L50, F, shiny|100\/100\n|turn|4\n|\n|t:|1739124293\n|move|p1b: Pelipper|Wide Guard|p1b: Pelipper\n|-singleturn|p1b: Pelipper|Wide Guard\n|move|p2b: Rillaboom|Drum Beating|p1b: Pelipper\n|-damage|p1b: Pelipper|63\/100\n|-unboost|p1b: Pelipper|spe|1\n|move|p1a: Miraidon|Dazzling Gleam|p2b: Rillaboom|[spread] p2a,p2b\n|-damage|p2a: Calyrex|74\/100\n|-damage|p2b: Rillaboom|42\/100\n|move|p2a: Calyrex|Glacial Lance|p1a: Miraidon|[spread] \n|-activate|p1a: Miraidon|move: Wide Guard\n|-activate|p1b: Pelipper|move: Wide Guard\n|\n|-weather|RainDance|[upkeep]\n|-heal|p2b: Rillaboom|48\/100|[from] Grassy Terrain\n|-heal|p1a: Miraidon|74\/100|[from] Grassy Terrain\n|-heal|p2a: Calyrex|80\/100|[from] Grassy Terrain\n|upkeep\n|turn|5\n|\n|t:|1739124316\n|move|p1b: Pelipper|Wide Guard|p1b: Pelipper\n|-singleturn|p1b: Pelipper|Wide Guard\n|move|p2b: Rillaboom|Drum Beating|p1a: Miraidon\n|-damage|p1a: Miraidon|55\/100\n|-unboost|p1a: Miraidon|spe|1\n|move|p2a: Calyrex|Seed Bomb|p1b: Pelipper\n|-damage|p1b: Pelipper|16\/100\n|move|p1a: Miraidon|Dazzling Gleam|p2a: Calyrex|[spread] p2a,p2b\n|-crit|p2b: Rillaboom\n|-damage|p2a: Calyrex|56\/100\n|-damage|p2b: Rillaboom|0 fnt\n|faint|p2b: Rillaboom\n|\n|-weather|none\n|-heal|p2a: Calyrex|61\/100|[from] Grassy Terrain\n|-heal|p1a: Miraidon|60\/100|[from] Grassy Terrain\n|-fieldend|move: Grassy Terrain\n|upkeep\n|\n|t:|1739124333\n|switch|p2b: Landorus|Landorus, L50, M|100\/100\n|turn|6\n|\n|t:|1739124354\n|move|p1b: Pelipper|Wide Guard|p1b: Pelipper\n|-singleturn|p1b: Pelipper|Wide Guard\n|move|p2b: Landorus|Sludge Bomb|p1a: Miraidon\n|-supereffective|p1a: Miraidon\n|-damage|p1a: Miraidon|24\/100\n|move|p2a: Calyrex|High Horsepower|p1a: Miraidon\n|-damage|p1a: Miraidon|5\/100\n|move|p1a: Miraidon|Dazzling Gleam|p2b: Landorus|[spread] p2a,p2b\n|-damage|p2a: Calyrex|37\/100\n|-damage|p2b: Landorus|31\/100\n|\n|upkeep\n|turn|7\n|\n|t:|1739124371\n|move|p1a: Miraidon|Protect|p1a: Miraidon\n|-singleturn|p1a: Miraidon|Protect\n|move|p2b: Landorus|Earth Power|p1a: Miraidon\n|-activate|p1a: Miraidon|move: Protect\n|move|p2a: Calyrex|Seed Bomb|p1b: Pelipper\n|-damage|p1b: Pelipper|0 fnt\n|faint|p1b: Pelipper\n|-ability|p2a: Calyrex|Chilling Neigh|boost\n|-boost|p2a: Calyrex|atk|1\n|\n|upkeep\n|\n|t:|1739124383\n|switch|p1b: Iron Hands|Iron Hands, L50, shiny|100\/100\n|turn|8\n|\n|t:|1739124402\n|move|p1b: Iron Hands|Fake Out|p2b: Landorus\n|-damage|p2b: Landorus|10\/100\n|cant|p2b: Landorus|flinch\n|move|p2a: Calyrex|Seed Bomb|p1a: Miraidon\n|-damage|p1a: Miraidon|0 fnt\n|faint|p1a: Miraidon\n|-ability|p2a: Calyrex|Chilling Neigh|boost\n|-boost|p2a: Calyrex|atk|1\n|\n|upkeep\n|turn|9\n|\n|t:|1739124414\n|move|p2b: Landorus|Earth Power|p1b: Iron Hands\n|-supereffective|p1b: Iron Hands\n|-damage|p1b: Iron Hands|25\/100\n|move|p2a: Calyrex|High Horsepower|p1b: Iron Hands|[miss]\n|-miss|p2a: Calyrex|p1b: Iron Hands\n|move|p1b: Iron Hands|Iron Head|p2a: Calyrex\n|-supereffective|p2a: Calyrex\n|-crit|p2a: Calyrex\n|-damage|p2a: Calyrex|0 fnt\n|faint|p2a: Calyrex\n|\n|upkeep\n|\n|t:|1739124421\n|switch|p2a: Pelipper|Pelipper, L50, M|100\/100\n|-weather|RainDance|[from] ability: Drizzle|[of] p2a: Pelipper\n|turn|10\n|-message|kattikaaa forfeited.\n|\n|win|DimensionalFool\n|raw|kattikaaa's rating: 1567 &rarr; <strong>1552<\/strong><br \/>(-15 for losing)\n|raw|DimensionalFool's rating: 1659 &rarr; <strong>1674<\/strong><br \/>(+15 for winning)\n|l|\u203dDimensionalFool\n|player|p2|\n|l|\u2606kattikaaa\n|player|p1|\n","uploadtime":1739124700,"views":5,"formatid":"gen9vgc2025regg","rating":1552,"private":0,"password":null}