{"id":"gen9vgc2025regg-2297525386","format":"[Gen 9] VGC 2025 Reg G","players":["Lechonkbro","Axel316"],"log":"|j|\u2606Lechonkbro\n|j|\u2606Axel316\n|t:|1739126084\n|gametype|doubles\n|player|p1|Lechonkbro|ghetsis-gen5bw|1607\n|player|p2|Axel316|102|1614\n|teamsize|p1|6\n|teamsize|p2|6\n|gen|9\n|tier|[Gen 9] VGC 2025 Reg G\n|rated|\n|rule|Species Clause: Limit one of each Pok\u00e9mon\n|rule|Item Clause: Limit 1 of each item\n|clearpoke\n|poke|p1|Miraidon, L50|\n|poke|p1|Incineroar, L50, F|\n|poke|p1|Urshifu-*, L50, M|\n|poke|p1|Oranguru, L50, F|\n|poke|p1|Clefairy, L50, M|\n|poke|p1|Iron Valiant, L50|\n|poke|p2|Calyrex-Ice, L50|\n|poke|p2|Urshifu-*, L50, F|\n|poke|p2|Incineroar, L50, F|\n|poke|p2|Latios, L50, M|\n|poke|p2|Pelipper, L50, M|\n|poke|p2|Archaludon, L50, M|\n|teampreview|4\n|inactive|Battle timer is ON: inactive players will automatically lose when time's up. (requested by Lechonkbro)\n|\n|t:|1739126115\n|start\n|switch|p1a: Miraidon|Miraidon, L50|100\/100\n|switch|p1b: Oranguru|Oranguru, L50, F|100\/100\n|switch|p2a: Calyrex|Calyrex-Ice, L50|100\/100\n|switch|p2b: Latios|Latios, L50, M|100\/100\n|-ability|p2a: Calyrex|As One\n|-ability|p2a: Calyrex|Unnerve\n|-fieldstart|move: Electric Terrain|[from] ability: Hadron Engine|[of] p1a: Miraidon\n|-enditem|p1a: Miraidon|Electric Seed\n|-boost|p1a: Miraidon|def|1|[from] item: Electric Seed\n|-activate|p1b: Oranguru|ability: Symbiosis|Covert Cloak|[of] p1a: Miraidon\n|turn|1\n|\n|t:|1739126136\n|-terastallize|p1a: Miraidon|Electric\n|-terastallize|p2a: Calyrex|Grass\n|move|p2b: Latios|Trick|p1b: Oranguru\n|-activate|p2b: Latios|move: Trick|[of] p1b: Oranguru\n|-item|p1b: Oranguru|Choice Scarf|[from] move: Trick\n|-enditem|p2b: Latios|Choice Scarf|[silent]|[from] move: Trick\n|move|p1a: Miraidon|Calm Mind|p1a: Miraidon\n|-boost|p1a: Miraidon|spa|1\n|-boost|p1a: Miraidon|spd|1\n|move|p1b: Oranguru|Instruct|p1a: Miraidon\n|-singleturn|p1a: Miraidon|move: Instruct|[of] p1b: Oranguru\n|move|p1a: Miraidon|Calm Mind|p1a: Miraidon\n|-boost|p1a: Miraidon|spa|1\n|-boost|p1a: Miraidon|spd|1\n|move|p2a: Calyrex|Glacial Lance|p1b: Oranguru|[spread] p1a,p1b\n|-damage|p1a: Miraidon|68\/100\n|-damage|p1b: Oranguru|50\/100\n|\n|upkeep\n|turn|2\n|j| Jfabricio23\n|inactive|Axel316 has 30 seconds left.\n|\n|t:|1739126165\n|move|p2a: Calyrex|Protect|p2a: Calyrex\n|-singleturn|p2a: Calyrex|Protect\n|move|p1a: Miraidon|Parabolic Charge|p2b: Latios|[spread] p1b,p2b\n|-activate|p2a: Calyrex|move: Protect\n|-resisted|p2b: Latios\n|-damage|p1b: Oranguru|0 fnt\n|-heal|p1a: Miraidon|92\/100|[from] drain|[of] p1b: Oranguru\n|-damage|p2b: Latios|43\/100\n|-heal|p1a: Miraidon|100\/100|[from] drain|[of] p2b: Latios\n|faint|p1b: Oranguru\n|move|p2b: Latios|Luster Purge|p1a: Miraidon\n|-damage|p1a: Miraidon|81\/100\n|\n|upkeep\n|j| Funn yIy\n|\n|t:|1739126181\n|switch|p1b: Iron Valiant|Iron Valiant, L50|100\/100\n|-activate|p1b: Iron Valiant|ability: Quark Drive\n|-start|p1b: Iron Valiant|quarkdrivespe\n|turn|3\n|\n|t:|1739126190\n|move|p1b: Iron Valiant|Encore|p2a: Calyrex\n|-start|p2a: Calyrex|Encore\n|move|p1a: Miraidon|Dragon Pulse|p2b: Latios\n|-supereffective|p2b: Latios\n|-damage|p2b: Latios|0 fnt\n|faint|p2b: Latios\n|move|p2a: Calyrex|Protect||[still]\n|-fail|p2a: Calyrex\n|\n|upkeep\n|\n|t:|1739126200\n|switch|p2b: Incineroar|Incineroar, L50, F|100\/100\n|-ability|p2b: Incineroar|Intimidate|boost\n|-unboost|p1a: Miraidon|atk|1\n|-unboost|p1b: Iron Valiant|atk|1\n|turn|4\n|\n|t:|1739126209\n|switch|p2a: Archaludon|Archaludon, L50, M|100\/100\n|move|p1b: Iron Valiant|Wide Guard|p1b: Iron Valiant\n|-singleturn|p1b: Iron Valiant|Wide Guard\n|move|p2b: Incineroar|Fake Out|p1a: Miraidon\n|-damage|p1a: Miraidon|74\/100\n|move|p1a: Miraidon|Parabolic Charge|p2a: Archaludon|[spread] p2a,p2b\n|-activate|p1b: Iron Valiant|move: Wide Guard\n|-resisted|p2a: Archaludon\n|-damage|p2a: Archaludon|36\/100\n|-heal|p1a: Miraidon|100\/100|[from] drain|[of] p2a: Archaludon\n|-damage|p2b: Incineroar|6\/100\n|\n|upkeep\n|turn|5\n|-message|Axel316 forfeited.\n|\n|win|Lechonkbro\n|raw|Lechonkbro's rating: 1607 &rarr; <strong>1627<\/strong><br \/>(+20 for winning)\n|raw|Axel316's rating: 1614 &rarr; <strong>1594<\/strong><br \/>(-20 for losing)\n|l|\u2606Axel316\n|player|p2|\n|l|\u2606Lechonkbro\n|player|p1|\n|l| Jfabricio23\n","uploadtime":1739126361,"views":16,"formatid":"gen9vgc2025regg","rating":1594,"private":0,"password":null}