{"id":"gen9vgc2025regg-2297737297","format":"[Gen 9] VGC 2025 Reg G","players":["jecheonjo","crazydude57"],"log":"|j|\u2606jecheonjo\n|j|\u2606crazydude57\n|t:|1739152825\n|gametype|doubles\n|player|p1|jecheonjo|steven|1558\n|player|p2|crazydude57|lance|1530\n|teamsize|p1|6\n|teamsize|p2|6\n|gen|9\n|tier|[Gen 9] VGC 2025 Reg G\n|rated|\n|rule|Species Clause: Limit one of each Pok\u00e9mon\n|rule|Item Clause: Limit 1 of each item\n|clearpoke\n|poke|p1|Terapagos, L50, M|\n|poke|p1|Farigiraf, L50, F|\n|poke|p1|Urshifu-*, L50, M|\n|poke|p1|Amoonguss, L50, F|\n|poke|p1|Incineroar, L50, F|\n|poke|p1|Raging Bolt, L50|\n|poke|p2|Zacian-*, L50|\n|poke|p2|Weezing, L50, M|\n|poke|p2|Regigigas, L50|\n|poke|p2|Tornadus, L50, M|\n|poke|p2|Chien-Pao, L50|\n|poke|p2|Ogerpon-Wellspring, L50, F|\n|teampreview|4\n|inactive|Battle timer is ON: inactive players will automatically lose when time's up. (requested by crazydude57)\n|inactive|jecheonjo has 60 seconds left.\n|c|\u2606crazydude57|gl hf\n|\n|t:|1739152872\n|start\n|switch|p1a: Urshifu|Urshifu-Rapid-Strike, L50, M|100\/100\n|switch|p1b: Farigiraf|Farigiraf, L50, F|100\/100\n|switch|p2a: Dr. Eggman|Regigigas, L50|100\/100\n|switch|p2b: Badnik|Weezing, L50, M|100\/100\n|-ability|p2b: Badnik|Neutralizing Gas\n|turn|1\n|\n|t:|1739152894\n|move|p2a: Dr. Eggman|Crush Grip|p1a: Urshifu\n|-damage|p1a: Urshifu|0 fnt\n|faint|p1a: Urshifu\n|-damage|p2a: Dr. Eggman|91\/100|[from] item: Life Orb\n|move|p2b: Badnik|Taunt|p1b: Farigiraf\n|-start|p1b: Farigiraf|move: Taunt\n|move|p1b: Farigiraf|Psychic|p2b: Badnik\n|-supereffective|p2b: Badnik\n|-damage|p2b: Badnik|34\/100\n|-enditem|p2b: Badnik|Sitrus Berry|[eat]\n|-heal|p2b: Badnik|59\/100|[from] item: Sitrus Berry\n|\n|upkeep\n|\n|t:|1739152907\n|switch|p1a: Terapagos|Terapagos, L50, M|100\/100\n|-activate|p1a: Terapagos|ability: Tera Shift\n|detailschange|p1a: Terapagos|Terapagos-Terastal, L50, M\n|-heal|p1a: Terapagos|100\/100|[silent]\n|turn|2\n|\n|t:|1739152920\n|move|p1a: Terapagos|Protect|p1a: Terapagos\n|-singleturn|p1a: Terapagos|Protect\n|move|p2a: Dr. Eggman|Crush Grip|p1a: Terapagos\n|-activate|p1a: Terapagos|move: Protect\n|move|p2b: Badnik|Sludge Bomb|p1a: Terapagos\n|-activate|p1a: Terapagos|move: Protect\n|move|p1b: Farigiraf|Psychic|p2b: Badnik\n|-supereffective|p2b: Badnik\n|-damage|p2b: Badnik|0 fnt\n|faint|p2b: Badnik\n|-end|p2b: Badnik|ability: Neutralizing Gas\n|-start|p2a: Dr. Eggman|ability: Slow Start\n|\n|upkeep\n|\n|t:|1739152935\n|switch|p2b: Sonic|Zacian-Crowned, L50|100\/100\n|-ability|p2b: Sonic|Intrepid Sword|boost\n|-boost|p2b: Sonic|atk|1\n|turn|3\n|\n|t:|1739152944\n|switch|p1b: Incineroar|Incineroar, L50, F|100\/100\n|-ability|p1b: Incineroar|Intimidate|boost\n|-unboost|p2a: Dr. Eggman|atk|1\n|-unboost|p2b: Sonic|atk|1\n|-end|p2a: Dr. Eggman|Slow Start|[silent]\n|switch|p2a: Knuckles|Chien-Pao, L50|100\/100\n|-ability|p2a: Knuckles|Sword of Ruin\n|move|p2b: Sonic|Sacred Sword|p1b: Incineroar\n|-supereffective|p1b: Incineroar\n|-damage|p1b: Incineroar|28\/100\n|move|p1a: Terapagos|Calm Mind|p1a: Terapagos\n|-boost|p1a: Terapagos|spa|1\n|-boost|p1a: Terapagos|spd|1\n|\n|upkeep\n|turn|4\n|\n|t:|1739152965\n|-terastallize|p2a: Knuckles|Ghost\n|move|p1b: Incineroar|Fake Out|p2a: Knuckles\n|-immune|p2a: Knuckles\n|move|p2b: Sonic|Sacred Sword|p1b: Incineroar\n|-supereffective|p1b: Incineroar\n|-damage|p1b: Incineroar|0 fnt\n|faint|p1b: Incineroar\n|move|p2a: Knuckles|Sacred Sword|p1a: Terapagos\n|-activate|p1a: Terapagos|ability: Tera Shell\n|-resisted|p1a: Terapagos\n|-damage|p1a: Terapagos|81\/100\n|move|p1a: Terapagos|Rock Polish|p1a: Terapagos\n|-boost|p1a: Terapagos|spe|2\n|\n|-heal|p1a: Terapagos|88\/100|[from] item: Leftovers\n|upkeep\n|\n|t:|1739152980\n|switch|p1b: Farigiraf|Farigiraf, L50, F|100\/100\n|turn|5\n|\n|t:|1739152992\n|move|p1a: Terapagos|Protect|p1a: Terapagos\n|-singleturn|p1a: Terapagos|Protect\n|move|p2b: Sonic|Sacred Sword|p1a: Terapagos\n|-activate|p1a: Terapagos|move: Protect\n|move|p2a: Knuckles|Sacred Sword|p1a: Terapagos\n|-activate|p1a: Terapagos|move: Protect\n|move|p1b: Farigiraf|Psychic|p2a: Knuckles\n|-damage|p2a: Knuckles|45\/100\n|\n|-heal|p1a: Terapagos|94\/100|[from] item: Leftovers\n|upkeep\n|turn|6\n|\n|t:|1739153010\n|-terastallize|p1a: Terapagos|Stellar\n|detailschange|p1a: Terapagos|Terapagos-Stellar, L50, M, tera:Stellar\n|-heal|p1a: Terapagos|95\/100|[silent]\n|move|p1a: Terapagos|Tera Starstorm|p2b: Sonic|[spread] p2a,p2b\n|-supereffective|p2a: Knuckles\n|-damage|p2a: Knuckles|0 fnt\n|-damage|p2b: Sonic|48\/100\n|faint|p2a: Knuckles\n|move|p2b: Sonic|Sacred Sword|p1a: Terapagos\n|-supereffective|p1a: Terapagos\n|-damage|p1a: Terapagos|48\/100\n|move|p1b: Farigiraf|Hyper Voice|p2b: Sonic\n|-resisted|p2b: Sonic\n|-damage|p2b: Sonic|31\/100\n|-enditem|p1b: Farigiraf|Throat Spray\n|-boost|p1b: Farigiraf|spa|1|[from] item: Throat Spray\n|\n|-heal|p1a: Terapagos|55\/100|[from] item: Leftovers\n|upkeep\n|\n|t:|1739153025\n|switch|p2a: Dr. Eggman|Regigigas, L50|91\/100\n|-start|p2a: Dr. Eggman|ability: Slow Start\n|turn|7\n|\n|t:|1739153032\n|move|p2a: Dr. Eggman|Wide Guard|p2a: Dr. Eggman\n|-singleturn|p2a: Dr. Eggman|Wide Guard\n|move|p1a: Terapagos|Tera Starstorm|p2b: Sonic|[spread] \n|-activate|p2a: Dr. Eggman|move: Wide Guard\n|-activate|p2b: Sonic|move: Wide Guard\n|move|p2b: Sonic|Sacred Sword|p1b: Farigiraf\n|-damage|p1b: Farigiraf|75\/100\n|move|p1b: Farigiraf|Psychic|p2a: Dr. Eggman\n|-damage|p2a: Dr. Eggman|46\/100\n|\n|-heal|p1a: Terapagos|61\/100|[from] item: Leftovers\n|upkeep\n|turn|8\n|\n|t:|1739153050\n|move|p2a: Dr. Eggman|Wide Guard|p2a: Dr. Eggman\n|-singleturn|p2a: Dr. Eggman|Wide Guard\n|move|p1a: Terapagos|Tera Starstorm|p2b: Sonic|[spread] \n|-activate|p2a: Dr. Eggman|move: Wide Guard\n|-activate|p2b: Sonic|move: Wide Guard\n|move|p2b: Sonic|Behemoth Blade|p1b: Farigiraf\n|-damage|p1b: Farigiraf|27\/100\n|move|p1b: Farigiraf|Psychic|p2a: Dr. Eggman\n|-damage|p2a: Dr. Eggman|2\/100\n|\n|-heal|p1a: Terapagos|67\/100|[from] item: Leftovers\n|upkeep\n|turn|9\n|inactive|jecheonjo has 30 seconds left.\n|inactive|jecheonjo has 20 seconds left.\n|inactive|jecheonjo has 15 seconds left.\n|\n|t:|1739153090\n|move|p1b: Farigiraf|Protect|p1b: Farigiraf\n|-singleturn|p1b: Farigiraf|Protect\n|move|p2a: Dr. Eggman|Wide Guard|p2a: Dr. Eggman\n|-singleturn|p2a: Dr. Eggman|Wide Guard\n|move|p1a: Terapagos|Calm Mind|p1a: Terapagos\n|-boost|p1a: Terapagos|spa|1\n|-boost|p1a: Terapagos|spd|1\n|move|p2b: Sonic|Behemoth Blade|p1b: Farigiraf\n|-activate|p1b: Farigiraf|move: Protect\n|\n|-heal|p1a: Terapagos|73\/100|[from] item: Leftovers\n|upkeep\n|turn|10\n|\n|t:|1739153108\n|move|p2a: Dr. Eggman|Wide Guard|p2a: Dr. Eggman\n|-singleturn|p2a: Dr. Eggman|Wide Guard\n|move|p1a: Terapagos|Calm Mind|p1a: Terapagos\n|-boost|p1a: Terapagos|spa|1\n|-boost|p1a: Terapagos|spd|1\n|move|p2b: Sonic|Behemoth Blade|p1b: Farigiraf\n|-damage|p1b: Farigiraf|0 fnt\n|faint|p1b: Farigiraf\n|\n|-heal|p1a: Terapagos|79\/100|[from] item: Leftovers\n|upkeep\n|turn|11\n|\n|t:|1739153120\n|move|p1a: Terapagos|Protect|p1a: Terapagos\n|-singleturn|p1a: Terapagos|Protect\n|move|p2a: Dr. Eggman|Wide Guard|p2a: Dr. Eggman\n|-singleturn|p2a: Dr. Eggman|Wide Guard\n|move|p2b: Sonic|Sacred Sword|p1a: Terapagos\n|-activate|p1a: Terapagos|move: Protect\n|\n|-heal|p1a: Terapagos|85\/100|[from] item: Leftovers\n|-end|p2a: Dr. Eggman|Slow Start\n|upkeep\n|turn|12\n|\n|t:|1739153132\n|move|p2a: Dr. Eggman|Wide Guard|p2a: Dr. Eggman\n|-singleturn|p2a: Dr. Eggman|Wide Guard\n|move|p1a: Terapagos|Tera Starstorm|p2b: Sonic|[spread] \n|-activate|p2a: Dr. Eggman|move: Wide Guard\n|-activate|p2b: Sonic|move: Wide Guard\n|move|p2b: Sonic|Sacred Sword|p1a: Terapagos\n|-supereffective|p1a: Terapagos\n|-crit|p1a: Terapagos\n|-damage|p1a: Terapagos|22\/100\n|\n|-heal|p1a: Terapagos|28\/100|[from] item: Leftovers\n|upkeep\n|turn|13\n|c|\u2606crazydude57|gg\n|\n|t:|1739153147\n|move|p2a: Dr. Eggman|Wide Guard|p2a: Dr. Eggman\n|-singleturn|p2a: Dr. Eggman|Wide Guard\n|move|p1a: Terapagos|Tera Starstorm|p2b: Sonic|[spread] \n|-activate|p2a: Dr. Eggman|move: Wide Guard\n|-activate|p2b: Sonic|move: Wide Guard\n|move|p2b: Sonic|Sacred Sword|p1a: Terapagos\n|-supereffective|p1a: Terapagos\n|-damage|p1a: Terapagos|0 fnt\n|faint|p1a: Terapagos\n|\n|win|crazydude57\n|raw|jecheonjo's rating: 1558 &rarr; <strong>1536<\/strong><br \/>(-22 for losing)\n|raw|crazydude57's rating: 1530 &rarr; <strong>1552<\/strong><br \/>(+22 for winning)\n|l|\u2606jecheonjo\n|player|p1|\n|l|\u2606crazydude57\n|player|p2|\n","uploadtime":1739153366,"views":4,"formatid":"gen9vgc2025regg","rating":1536,"private":0,"password":null}