{"id":"gen9vgc2025regg-2297071596","format":"[Gen 9] VGC 2025 Reg G","players":["Benjojos","Chipsnguac421"],"log":"|j|\u2606Benjojos\n|j|\u2606Chipsnguac421\n|t:|1739054585\n|gametype|doubles\n|player|p1|Benjojos|depotagent|1530\n|player|p2|Chipsnguac421|argenta|1581\n|teamsize|p1|6\n|teamsize|p2|6\n|gen|9\n|tier|[Gen 9] VGC 2025 Reg G\n|rated|\n|rule|Species Clause: Limit one of each Pok\u00e9mon\n|rule|Item Clause: Limit 1 of each item\n|clearpoke\n|poke|p1|Calyrex-Ice, L50|\n|poke|p1|Indeedee-F, L50, F|\n|poke|p1|Annihilape, L50, F|\n|poke|p1|Heatran, L50, M|\n|poke|p1|Sinistcha, L50|\n|poke|p1|Iron Valiant, L50|\n|poke|p2|Slowking, L50, F|\n|poke|p2|Weezing-Galar, L50, M|\n|poke|p2|Baxcalibur, L50, M|\n|poke|p2|Kyogre, L50|\n|poke|p2|Indeedee-F, L50, F|\n|poke|p2|Smeargle, L50, F|\n|teampreview|4\n|j| RiotJuice\n|inactive|Battle timer is ON: inactive players will automatically lose when time's up. (requested by Benjojos)\n|c|\u2606Benjojos|James baek video?\n|inactive|Benjojos has 60 seconds left.\n|\n|t:|1739054649\n|start\n|switch|p1a: Calyrex|Calyrex-Ice, L50|100\/100\n|switch|p1b: Annihilape|Annihilape, L50, F|100\/100\n|switch|p2a: Baxcalibur|Baxcalibur, L50, M|100\/100\n|switch|p2b: Smeargle|Smeargle, L50, F|100\/100\n|-ability|p1a: Calyrex|As One\n|-ability|p1a: Calyrex|Unnerve\n|turn|1\n|inactive|Chipsnguac421 has 30 seconds left.\n|\n|t:|1739054681\n|-terastallize|p2b: Smeargle|Ghost\n|move|p2a: Baxcalibur|Protect|p2a: Baxcalibur\n|-singleturn|p2a: Baxcalibur|Protect\n|move|p1b: Annihilape|Close Combat|p2a: Baxcalibur\n|-activate|p2a: Baxcalibur|move: Protect\n|move|p2b: Smeargle|Spore|p1a: Calyrex\n|-status|p1a: Calyrex|slp|[from] move: Spore\n|cant|p1a: Calyrex|slp\n|\n|-ability|p2b: Smeargle|Moody|boost\n|-boost|p2b: Smeargle|spa|2\n|-unboost|p2b: Smeargle|atk|1\n|upkeep\n|turn|2\n|inactive|Benjojos has 30 seconds left.\n|\n|t:|1739054707\n|move|p2b: Smeargle|Follow Me|p2b: Smeargle\n|-singleturn|p2b: Smeargle|move: Follow Me\n|move|p1b: Annihilape|Taunt|p2b: Smeargle\n|-start|p2b: Smeargle|move: Taunt\n|move|p2a: Baxcalibur|Swords Dance|p2a: Baxcalibur\n|-boost|p2a: Baxcalibur|atk|2\n|-curestatus|p1a: Calyrex|slp|[msg]\n|move|p1a: Calyrex|Glacial Lance|p2a: Baxcalibur|[spread] p2a,p2b\n|-damage|p2a: Baxcalibur|42\/100\n|-enditem|p2b: Smeargle|Focus Sash\n|-damage|p2b: Smeargle|1\/100\n|\n|-ability|p2b: Smeargle|Moody|boost\n|-boost|p2b: Smeargle|spd|2\n|-unboost|p2b: Smeargle|spe|1\n|upkeep\n|turn|3\n|\n|t:|1739054728\n|switch|p2b: Indeedee|Indeedee-F, L50, F|100\/100\n|-fieldstart|move: Psychic Terrain|[from] ability: Psychic Surge|[of] p2b: Indeedee\n|move|p2a: Baxcalibur|Protect|p2a: Baxcalibur\n|-singleturn|p2a: Baxcalibur|Protect\n|move|p1b: Annihilape|Close Combat|p2a: Baxcalibur\n|-activate|p2a: Baxcalibur|move: Protect\n|move|p1a: Calyrex|Glacial Lance|p2b: Indeedee|[spread] p2b\n|-activate|p2a: Baxcalibur|move: Protect\n|-damage|p2b: Indeedee|38\/100\n|\n|upkeep\n|turn|4\n|\n|t:|1739054751\n|move|p2b: Indeedee|Follow Me|p2b: Indeedee\n|-singleturn|p2b: Indeedee|move: Follow Me\n|move|p1b: Annihilape|Coaching|p1a: Calyrex\n|-boost|p1a: Calyrex|atk|1\n|-boost|p1a: Calyrex|def|1\n|move|p2a: Baxcalibur|Scale Shot|p1b: Annihilape\n|-damage|p1b: Annihilape|71\/100\n|-damage|p1b: Annihilape|39\/100\n|-damage|p1b: Annihilape|8\/100\n|-damage|p1b: Annihilape|0 fnt\n|faint|p1b: Annihilape\n|-hitcount|p1: Annihilape|4\n|-unboost|p2a: Baxcalibur|def|1\n|-boost|p2a: Baxcalibur|spe|1\n|move|p1a: Calyrex|Glacial Lance|p2b: Indeedee|[spread] p2a,p2b\n|-damage|p2a: Baxcalibur|0 fnt\n|-damage|p2b: Indeedee|0 fnt\n|faint|p2a: Baxcalibur\n|faint|p2b: Indeedee\n|-ability|p1a: Calyrex|Chilling Neigh|boost\n|-boost|p1a: Calyrex|atk|2\n|\n|upkeep\n|\n|t:|1739054768\n|switch|p1b: Sinistcha|Sinistcha, L50|100\/100\n|switch|p2a: Kyogre|Kyogre, L50|100\/100\n|switch|p2b: Smeargle|Smeargle, L50, F, tera:Ghost|1\/100\n|-weather|RainDance|[from] ability: Drizzle|[of] p2a: Kyogre\n|turn|5\n|\n|t:|1739054788\n|-terastallize|p1a: Calyrex|Water\n|move|p1b: Sinistcha|Rage Powder|p1b: Sinistcha\n|-singleturn|p1b: Sinistcha|move: Rage Powder\n|move|p2a: Kyogre|Water Spout|p1a: Calyrex|[spread] p1a,p1b\n|-resisted|p1a: Calyrex\n|-resisted|p1b: Sinistcha\n|-damage|p1a: Calyrex|78\/100\n|-damage|p1b: Sinistcha|47\/100\n|move|p2b: Smeargle|Spore|p1b: Sinistcha\n|-immune|p1b: Sinistcha\n|move|p1a: Calyrex|Glacial Lance|p2b: Smeargle|[spread] p2a,p2b\n|-resisted|p2a: Kyogre\n|-damage|p2a: Kyogre|25\/100\n|-damage|p2b: Smeargle|0 fnt\n|faint|p2b: Smeargle\n|-ability|p1a: Calyrex|Chilling Neigh|boost\n|-boost|p1a: Calyrex|atk|1\n|\n|-weather|RainDance|[upkeep]\n|upkeep\n|turn|6\n|c|\u2606Benjojos|scarf kyogre respect\n|-message|Chipsnguac421 forfeited.\n|\n|win|Benjojos\n|raw|Benjojos's rating: 1530 &rarr; <strong>1553<\/strong><br \/>(+23 for winning)\n|raw|Chipsnguac421's rating: 1581 &rarr; <strong>1558<\/strong><br \/>(-23 for losing)\n|l|\u2606Chipsnguac421\n|player|p2|\n|c|\u2606Benjojos|i didnt know how to play that team\n|c|\u2606Benjojos|too weir\n|c|\u2606Benjojos|weird\n|l| RiotJuice\n|l|\u2606Benjojos\n|player|p1|\n","uploadtime":1739055061,"views":6,"formatid":"gen9vgc2025regg","rating":1553,"private":0,"password":null}