{"id":"gen9vgc2025regg-2297189877","format":"[Gen 9] VGC 2025 Reg G","players":["sibylla_system","GengarNight_07"],"log":"|j|\u2606sibylla_system\n|j|\u2606GengarNight_07\n|t:|1739070407\n|gametype|doubles\n|player|p1|sibylla_system|265|1703\n|player|p2|GengarNight_07|266|1593\n|teamsize|p1|6\n|teamsize|p2|6\n|gen|9\n|tier|[Gen 9] VGC 2025 Reg G\n|rated|\n|rule|Species Clause: Limit one of each Pok\u00e9mon\n|rule|Item Clause: Limit 1 of each item\n|clearpoke\n|poke|p1|Terapagos, L50, M|\n|poke|p1|Whimsicott, L50, F|\n|poke|p1|Incineroar, L50, F|\n|poke|p1|Urshifu-*, L50, M|\n|poke|p1|Flutter Mane, L50|\n|poke|p1|Landorus, L50, M|\n|poke|p2|Calyrex-Shadow, L50|\n|poke|p2|Raging Bolt, L50|\n|poke|p2|Urshifu-*, L50, M|\n|poke|p2|Ogerpon-Hearthflame, L50, F|\n|poke|p2|Rillaboom, L50, M|\n|poke|p2|Incineroar, L50, F|\n|teampreview|4\n|inactive|Battle timer is ON: inactive players will automatically lose when time's up. (requested by sibylla_system)\n|\n|t:|1739070446\n|start\n|switch|p1a: Terapagos|Terapagos, L50, M|100\/100\n|switch|p1b: Incineroar|Incineroar, L50, F|100\/100\n|switch|p2a: Calyrex|Calyrex-Shadow, L50|100\/100\n|switch|p2b: Rillaboom|Rillaboom, L50, M|100\/100\n|-activate|p1a: Terapagos|ability: Tera Shift\n|detailschange|p1a: Terapagos|Terapagos-Terastal, L50, M\n|-heal|p1a: Terapagos|100\/100|[silent]\n|-ability|p2a: Calyrex|As One\n|-ability|p2a: Calyrex|Unnerve\n|-fieldstart|move: Grassy Terrain|[from] ability: Grassy Surge|[of] p2b: Rillaboom\n|-ability|p1b: Incineroar|Intimidate|boost\n|-unboost|p2a: Calyrex|atk|1\n|-unboost|p2b: Rillaboom|atk|1\n|turn|1\n|inactive|sibylla_system has 30 seconds left.\n|\n|t:|1739070472\n|switch|p2a: Urshifu|Urshifu-Rapid-Strike, L50, M|100\/100\n|-terastallize|p1a: Terapagos|Stellar\n|detailschange|p1a: Terapagos|Terapagos-Stellar, L50, M, tera:Stellar\n|-heal|p1a: Terapagos|100\/100|[silent]\n|-ability|p1a: Terapagos|Teraform Zero\n|-fieldend|move: Grassy Terrain\n|move|p2b: Rillaboom|Fake Out|p1a: Terapagos\n|-damage|p1a: Terapagos|94\/100\n|cant|p1a: Terapagos|flinch\n|move|p1b: Incineroar|Knock Off|p2a: Urshifu\n|-resisted|p2a: Urshifu\n|-damage|p2a: Urshifu|81\/100\n|-enditem|p2a: Urshifu|Mystic Water|[from] move: Knock Off|[of] p1b: Incineroar\n|\n|upkeep\n|turn|2\n|inactive|sibylla_system has 30 seconds left.\n|inactive|GengarNight_07 has 30 seconds left.\n|inactive|GengarNight_07 has 20 seconds left.\n|inactive|GengarNight_07 has 15 seconds left.\n|inactive|GengarNight_07 has 10 seconds left.\n|\n|t:|1739070518\n|switch|p1a: Whimsicott|Whimsicott, L50, F|100\/100\n|move|p2a: Urshifu|Surging Strikes|p1a: Whimsicott\n|-resisted|p1a: Whimsicott\n|-crit|p1a: Whimsicott\n|-damage|p1a: Whimsicott|87\/100\n|-resisted|p1a: Whimsicott\n|-crit|p1a: Whimsicott\n|-damage|p1a: Whimsicott|75\/100\n|-resisted|p1a: Whimsicott\n|-crit|p1a: Whimsicott\n|-damage|p1a: Whimsicott|62\/100\n|-hitcount|p1a: Whimsicott|3\n|move|p2b: Rillaboom|U-turn|p1b: Incineroar\n|-damage|p1b: Incineroar|89\/100\n|-damage|p2b: Rillaboom|84\/100|[from] item: Rocky Helmet|[of] p1b: Incineroar\n|\n|t:|1739070524\n|switch|p2b: Incineroar|Incineroar, L50, F|100\/100|[from] U-turn\n|-ability|p2b: Incineroar|Intimidate|boost\n|-unboost|p1a: Whimsicott|atk|1\n|-unboost|p1b: Incineroar|atk|1\n|move|p1b: Incineroar|Parting Shot|p2b: Incineroar\n|-unboost|p2b: Incineroar|atk|1\n|-unboost|p2b: Incineroar|spa|1\n|inactive|sibylla_system has 30 seconds left.\n|\n|t:|1739070556\n|switch|p1b: Terapagos|Terapagos-Stellar, L50, M, tera:Stellar|94\/100|[from] Parting Shot\n|\n|upkeep\n|turn|3\n|inactive|GengarNight_07 has 30 seconds left.\n|\n|t:|1739070581\n|switch|p1b: Incineroar|Incineroar, L50, F|89\/100\n|-ability|p1b: Incineroar|Intimidate|boost\n|-unboost|p2a: Urshifu|atk|1\n|-unboost|p2b: Incineroar|atk|1\n|-terastallize|p2a: Urshifu|Ghost\n|move|p2b: Incineroar|Fake Out|p1b: Incineroar\n|-damage|p1b: Incineroar|84\/100\n|-damage|p2b: Incineroar|84\/100|[from] item: Rocky Helmet|[of] p1b: Incineroar\n|move|p1a: Whimsicott|Moonblast|p2a: Urshifu\n|-damage|p2a: Urshifu|50\/100\n|move|p2a: Urshifu|Close Combat|p1b: Incineroar\n|-supereffective|p1b: Incineroar\n|-damage|p1b: Incineroar|23\/100\n|-unboost|p2a: Urshifu|def|1\n|-unboost|p2a: Urshifu|spd|1\n|-damage|p2a: Urshifu|33\/100|[from] item: Rocky Helmet|[of] p1b: Incineroar\n|\n|upkeep\n|turn|4\n|inactive|sibylla_system has 30 seconds left.\n|\n|t:|1739070611\n|switch|p2a: Rillaboom|Rillaboom, L50, M|84\/100\n|-fieldstart|move: Grassy Terrain|[from] ability: Grassy Surge|[of] p2a: Rillaboom\n|move|p1a: Whimsicott|Moonblast|p2a: Rillaboom\n|-crit|p2a: Rillaboom\n|-damage|p2a: Rillaboom|56\/100\n|move|p1b: Incineroar|Taunt|p2b: Incineroar\n|-start|p2b: Incineroar|move: Taunt\n|cant|p2b: Incineroar|move: Taunt|Parting Shot\n|\n|-heal|p1a: Whimsicott|68\/100|[from] Grassy Terrain\n|-heal|p2a: Rillaboom|62\/100|[from] Grassy Terrain\n|-heal|p1b: Incineroar|29\/100|[from] Grassy Terrain\n|-heal|p2b: Incineroar|90\/100|[from] Grassy Terrain\n|upkeep\n|turn|5\n|inactive|sibylla_system has 30 seconds left.\n|inactive|GengarNight_07 has 30 seconds left.\n|inactive|sibylla_system has 20 seconds left.\n|inactive|GengarNight_07 has 20 seconds left.\n|inactive|sibylla_system has 15 seconds left.\n|\n|t:|1739070655\n|move|p2b: Incineroar|Fake Out||[still]\n|-hint|Fake Out only works on your first turn out.\n|-fail|p2b: Incineroar\n|move|p1a: Whimsicott|Fake Tears|p2a: Rillaboom\n|-unboost|p2a: Rillaboom|spd|2\n|move|p2a: Rillaboom|U-turn|p1a: Whimsicott\n|-damage|p1a: Whimsicott|40\/100\n|j| sauromon\n|\n|t:|1739070662\n|switch|p2a: Calyrex|Calyrex-Shadow, L50|100\/100|[from] U-turn\n|-ability|p2a: Calyrex|As One\n|-ability|p2a: Calyrex|Unnerve\n|move|p1b: Incineroar|Parting Shot|p2a: Calyrex\n|-unboost|p2a: Calyrex|atk|1\n|-unboost|p2a: Calyrex|spa|1\n|\n|t:|1739070675\n|switch|p1b: Terapagos|Terapagos-Stellar, L50, M, tera:Stellar|94\/100|[from] Parting Shot\n|\n|-heal|p1a: Whimsicott|46\/100|[from] Grassy Terrain\n|-heal|p1b: Terapagos|99\/100|[from] Grassy Terrain\n|-heal|p2b: Incineroar|96\/100|[from] Grassy Terrain\n|upkeep\n|turn|6\n|\n|t:|1739070694\n|switch|p2b: Rillaboom|Rillaboom, L50, M|62\/100\n|move|p1a: Whimsicott|Tailwind|p1a: Whimsicott\n|-sidestart|p1: sibylla_system|move: Tailwind\n|move|p1b: Terapagos|Tera Starstorm|p2a: Calyrex|[spread] p2a,p2b\n|-damage|p2a: Calyrex|44\/100\n|-damage|p2b: Rillaboom|24\/100\n|move|p2a: Calyrex|Astral Barrage|p1b: Terapagos|[spread] p1a\n|-immune|p1b: Terapagos\n|-damage|p1a: Whimsicott|4\/100\n|\n|-heal|p1a: Whimsicott|10\/100|[from] Grassy Terrain\n|-heal|p1b: Terapagos|100\/100|[from] Grassy Terrain\n|-heal|p2a: Calyrex|50\/100|[from] Grassy Terrain\n|-heal|p2b: Rillaboom|30\/100|[from] Grassy Terrain\n|upkeep\n|turn|7\n|j| BionicFox\n|inactive|sibylla_system has 30 seconds left.\n|inactive|GengarNight_07 has 30 seconds left.\n|inactive|sibylla_system has 20 seconds left.\n|inactive|sibylla_system has 15 seconds left.\n|\n|t:|1739070734\n|move|p2b: Rillaboom|Fake Out|p1b: Terapagos\n|-damage|p1b: Terapagos|90\/100\n|move|p1a: Whimsicott|Encore|p2b: Rillaboom\n|-start|p2b: Rillaboom|Encore\n|cant|p1b: Terapagos|flinch\n|move|p2a: Calyrex|Draining Kiss|p1a: Whimsicott\n|-damage|p1a: Whimsicott|0 fnt\n|-heal|p2a: Calyrex|55\/100|[from] drain|[of] p1a: Whimsicott\n|faint|p1a: Whimsicott\n|-ability|p2a: Calyrex|Grim Neigh|boost\n|-boost|p2a: Calyrex|spa|1\n|\n|-heal|p1b: Terapagos|96\/100|[from] Grassy Terrain\n|-heal|p2a: Calyrex|61\/100|[from] Grassy Terrain\n|-heal|p2b: Rillaboom|36\/100|[from] Grassy Terrain\n|upkeep\n|\n|t:|1739070754\n|switch|p1a: Landorus|Landorus, L50, M|100\/100\n|turn|8\n|inactive|GengarNight_07 has 30 seconds left.\n|\n|t:|1739070780\n|switch|p2b: Incineroar|Incineroar, L50, F|96\/100\n|-ability|p2b: Incineroar|Intimidate|boost\n|-unboost|p1a: Landorus|atk|1\n|-unboost|p1b: Terapagos|atk|1\n|move|p2a: Calyrex|Protect|p2a: Calyrex\n|-singleturn|p2a: Calyrex|Protect\n|move|p1a: Landorus|Substitute|p1a: Landorus\n|-start|p1a: Landorus|Substitute\n|-damage|p1a: Landorus|76\/100\n|move|p1b: Terapagos|Tera Starstorm|p2b: Incineroar|[spread] p2b\n|-activate|p2a: Calyrex|move: Protect\n|-damage|p2b: Incineroar|46\/100\n|\n|-heal|p1b: Terapagos|100\/100|[from] Grassy Terrain\n|-heal|p2a: Calyrex|67\/100|[from] Grassy Terrain\n|-heal|p2b: Incineroar|51\/100|[from] Grassy Terrain\n|-fieldend|move: Grassy Terrain\n|upkeep\n|turn|9\n|inactive|sibylla_system has 30 seconds left.\n|inactive|GengarNight_07 has 30 seconds left.\n|inactive|GengarNight_07 has 20 seconds left.\n|inactive|GengarNight_07 has 15 seconds left.\n|inactive|GengarNight_07 has 10 seconds left.\n|inactive|GengarNight_07 has 5 seconds left.\n|\n|t:|1739070832\n|move|p2b: Incineroar|Fake Out|p1b: Terapagos\n|-damage|p1b: Terapagos|92\/100\n|move|p1a: Landorus|Earth Power|p2a: Calyrex\n|-damage|p2a: Calyrex|1\/100\n|cant|p1b: Terapagos|flinch\n|move|p2a: Calyrex|Astral Barrage|p1b: Terapagos|[spread] p1a\n|-immune|p1b: Terapagos\n|-end|p1a: Landorus|Substitute\n|\n|-sideend|p1: sibylla_system|move: Tailwind\n|upkeep\n|turn|10\n|inactive|sibylla_system has 30 seconds left.\n|\n|t:|1739070864\n|move|p2a: Calyrex|Protect|p2a: Calyrex\n|-singleturn|p2a: Calyrex|Protect\n|move|p1a: Landorus|Substitute|p1a: Landorus\n|-start|p1a: Landorus|Substitute\n|-damage|p1a: Landorus|51\/100\n|move|p1b: Terapagos|Tera Starstorm|p2a: Calyrex|[spread] p2b\n|-activate|p2a: Calyrex|move: Protect\n|-damage|p2b: Incineroar|0 fnt\n|faint|p2b: Incineroar\n|\n|upkeep\n|\n|t:|1739070878\n|switch|p2b: Rillaboom|Rillaboom, L50, M|36\/100\n|-fieldstart|move: Grassy Terrain|[from] ability: Grassy Surge|[of] p2b: Rillaboom\n|turn|11\n|\n|t:|1739070896\n|move|p2b: Rillaboom|Grassy Glide|p1a: Landorus\n|-end|p1a: Landorus|Substitute\n|move|p2a: Calyrex|Astral Barrage|p1a: Landorus|[spread] p1a\n|-immune|p1b: Terapagos\n|-damage|p1a: Landorus|0 fnt\n|faint|p1a: Landorus\n|-ability|p2a: Calyrex|Grim Neigh|boost\n|-boost|p2a: Calyrex|spa|1\n|move|p1b: Terapagos|Tera Starstorm|p2b: Rillaboom|[spread] p2a,p2b\n|-damage|p2a: Calyrex|0 fnt\n|-damage|p2b: Rillaboom|0 fnt\n|faint|p2a: Calyrex\n|faint|p2b: Rillaboom\n|\n|-heal|p1b: Terapagos|98\/100|[from] Grassy Terrain\n|upkeep\n|\n|t:|1739070911\n|switch|p1a: Incineroar|Incineroar, L50, F|29\/100\n|switch|p2b: Urshifu|Urshifu-Rapid-Strike, L50, M, tera:Ghost|33\/100\n|-ability|p1a: Incineroar|Intimidate|boost\n|-unboost|p2b: Urshifu|atk|1\n|turn|12\n|\n|t:|1739070921\n|move|p2b: Urshifu|Detect|p2b: Urshifu\n|-singleturn|p2b: Urshifu|Protect\n|move|p1b: Terapagos|Tera Starstorm|p2b: Urshifu\n|-activate|p2b: Urshifu|move: Protect\n|move|p1a: Incineroar|Knock Off|p2b: Urshifu\n|-activate|p2b: Urshifu|move: Protect\n|\n|-heal|p1b: Terapagos|100\/100|[from] Grassy Terrain\n|-heal|p2b: Urshifu|39\/100|[from] Grassy Terrain\n|-heal|p1a: Incineroar|35\/100|[from] Grassy Terrain\n|upkeep\n|turn|13\n|\n|t:|1739070941\n|move|p1b: Terapagos|Tera Starstorm|p2b: Urshifu\n|-supereffective|p2b: Urshifu\n|-damage|p2b: Urshifu|0 fnt\n|faint|p2b: Urshifu\n|\n|win|sibylla_system\n|raw|sibylla_system's rating: 1703 &rarr; <strong>1717<\/strong><br \/>(+14 for winning)\n|raw|GengarNight_07's rating: 1593 &rarr; <strong>1579<\/strong><br \/>(-14 for losing)\n|l|\u2606GengarNight_07\n|player|p2|\n|l| BionicFox\n","uploadtime":1739071104,"views":6,"formatid":"gen9vgc2025regg","rating":1579,"private":0,"password":null}