{"id":"gen9vgc2025regg-2297481570","format":"[Gen 9] VGC 2025 Reg G","players":["georgebraun","Yung Trav"],"log":"|j|\u2606georgebraun\n|j|\u2606Yung Trav\n|t:|1739120886\n|gametype|doubles\n|player|p1|georgebraun|gentleman-gen4|1567\n|player|p2|Yung Trav|169|1643\n|teamsize|p1|6\n|teamsize|p2|6\n|gen|9\n|tier|[Gen 9] VGC 2025 Reg G\n|rated|\n|rule|Species Clause: Limit one of each Pok\u00e9mon\n|rule|Item Clause: Limit 1 of each item\n|clearpoke\n|poke|p1|Rillaboom, L50, F|\n|poke|p1|Hitmontop, L50, M|\n|poke|p1|Smeargle, L50, F|\n|poke|p1|Urshifu-*, L50, F|\n|poke|p1|Murkrow, L50, F|\n|poke|p1|Kyogre, L50|\n|poke|p2|Calyrex-Ice, L50|\n|poke|p2|Regidrago, L50|\n|poke|p2|Smeargle, L50, M|\n|poke|p2|Farigiraf, L50, M|\n|poke|p2|Urshifu-*, L50, M|\n|poke|p2|Ogerpon-Cornerstone, L50, F|\n|teampreview|4\n|inactive|Battle timer is ON: inactive players will automatically lose when time's up. (requested by Yung Trav)\n|\n|t:|1739120913\n|start\n|switch|p1a: Murkrow|Murkrow, L50, F|100\/100\n|switch|p1b: Urshifu|Urshifu, L50, F|100\/100\n|switch|p2a: Calyrex|Calyrex-Ice, L50|100\/100\n|switch|p2b: Smeargle|Smeargle, L50, M, shiny|100\/100\n|-ability|p2a: Calyrex|As One\n|-ability|p2a: Calyrex|Unnerve\n|turn|1\n|j| teddyster\n|j| SparkySign\n|\n|t:|1739120938\n|-terastallize|p2a: Calyrex|Water\n|move|p2b: Smeargle|Fake Out|p1b: Urshifu\n|-damage|p1b: Urshifu|95\/100\n|cant|p1b: Urshifu|flinch\n|move|p1a: Murkrow|Air Slash|p2b: Smeargle\n|-damage|p2b: Smeargle|54\/100\n|move|p2a: Calyrex|Glacial Lance|p1a: Murkrow|[spread] p1a,p1b\n|-supereffective|p1a: Murkrow\n|-damage|p1a: Murkrow|0 fnt\n|-damage|p1b: Urshifu|35\/100\n|faint|p1a: Murkrow\n|-ability|p2a: Calyrex|Chilling Neigh|boost\n|-boost|p2a: Calyrex|atk|1\n|\n|upkeep\n|\n|t:|1739120952\n|switch|p1a: Kyogre|Kyogre, L50|100\/100\n|-weather|RainDance|[from] ability: Drizzle|[of] p1a: Kyogre\n|turn|2\n|\n|t:|1739120958\n|-terastallize|p1b: Urshifu|Dark\n|move|p2b: Smeargle|Follow Me|p2b: Smeargle\n|-singleturn|p2b: Smeargle|move: Follow Me\n|move|p1b: Urshifu|Wicked Blow|p2b: Smeargle\n|-crit|p2b: Smeargle\n|-damage|p2b: Smeargle|0 fnt\n|faint|p2b: Smeargle\n|-damage|p1b: Urshifu|26\/100|[from] item: Life Orb\n|move|p1a: Kyogre|Water Spout|p2a: Calyrex\n|-resisted|p2a: Calyrex\n|-damage|p2a: Calyrex|41\/100\n|move|p2a: Calyrex|Trick Room|p2a: Calyrex\n|-fieldstart|move: Trick Room|[of] p2a: Calyrex\n|\n|-weather|RainDance|[upkeep]\n|upkeep\n|\n|t:|1739120975\n|switch|p2b: Regidrago|Regidrago, L50, shiny|100\/100\n|turn|3\n|\n|t:|1739120991\n|move|p1a: Kyogre|Protect|p1a: Kyogre\n|-singleturn|p1a: Kyogre|Protect\n|move|p1b: Urshifu|Sucker Punch|p2a: Calyrex\n|-damage|p2a: Calyrex|0 fnt\n|faint|p2a: Calyrex\n|-damage|p1b: Urshifu|16\/100|[from] item: Life Orb\n|move|p2b: Regidrago|Dragon Energy|p1a: Kyogre|[spread] p1b\n|-activate|p1a: Kyogre|move: Protect\n|-damage|p1b: Urshifu|0 fnt\n|faint|p1b: Urshifu\n|\n|-weather|RainDance|[upkeep]\n|upkeep\n|\n|t:|1739121005\n|switch|p2a: Farigiraf|Farigiraf, L50, M, shiny|100\/100\n|switch|p1b: Smeargle|Smeargle, L50, F|100\/100\n|turn|4\n|\n|t:|1739121021\n|move|p1b: Smeargle|Wide Guard|p1b: Smeargle\n|-singleturn|p1b: Smeargle|Wide Guard\n|move|p2b: Regidrago|Dragon Energy|p1a: Kyogre|[spread] \n|-activate|p1a: Kyogre|move: Wide Guard\n|-activate|p1b: Smeargle|move: Wide Guard\n|move|p2a: Farigiraf|Psychic Noise|p1b: Smeargle\n|-damage|p1b: Smeargle|39\/100\n|-start|p1b: Smeargle|move: Heal Block\n|move|p1a: Kyogre|Water Spout|p2b: Regidrago|[spread] p2a,p2b\n|-resisted|p2b: Regidrago\n|-damage|p2a: Farigiraf|0 fnt\n|-damage|p2b: Regidrago|27\/100\n|faint|p2a: Farigiraf\n|\n|-weather|RainDance|[upkeep]\n|-ability|p1b: Smeargle|Moody|boost\n|-boost|p1b: Smeargle|atk|2\n|-unboost|p1b: Smeargle|def|1\n|upkeep\n|turn|5\n|\n|t:|1739121042\n|move|p1b: Smeargle|Follow Me|p1b: Smeargle\n|-singleturn|p1b: Smeargle|move: Follow Me\n|move|p2b: Regidrago|Draco Meteor|p1b: Smeargle\n|-damage|p1b: Smeargle|0 fnt\n|-unboost|p2b: Regidrago|spa|2\n|faint|p1b: Smeargle\n|move|p1a: Kyogre|Ice Beam|p2b: Regidrago\n|-supereffective|p2b: Regidrago\n|-damage|p2b: Regidrago|0 fnt\n|faint|p2b: Regidrago\n|\n|win|georgebraun\n|raw|georgebraun's rating: 1567 &rarr; <strong>1591<\/strong><br \/>(+24 for winning)\n|raw|Yung Trav's rating: 1643 &rarr; <strong>1619<\/strong><br \/>(-24 for losing)\n|l|\u2606georgebraun\n|player|p1|\n|l| SparkySign\n|l|\u2606Yung Trav\n|player|p2|\n","uploadtime":1739121239,"views":20,"formatid":"gen9vgc2025regg","rating":1591,"private":0,"password":null}