{"id":"gen9vgc2025regg-2297735532","format":"[Gen 9] VGC 2025 Reg G","players":["jecheonjo","Tester_SF04"],"log":"|j|\u2606jecheonjo\n|j|\u2606Tester_SF04\n|t:|1739152577\n|gametype|doubles\n|player|p1|jecheonjo|steven|1580\n|player|p2|Tester_SF04|hiker-gen4|1542\n|teamsize|p1|6\n|teamsize|p2|6\n|gen|9\n|tier|[Gen 9] VGC 2025 Reg G\n|rated|\n|rule|Species Clause: Limit one of each Pok\u00e9mon\n|rule|Item Clause: Limit 1 of each item\n|clearpoke\n|poke|p1|Terapagos, L50, M|\n|poke|p1|Farigiraf, L50, F|\n|poke|p1|Urshifu-*, L50, M|\n|poke|p1|Amoonguss, L50, F|\n|poke|p1|Incineroar, L50, F|\n|poke|p1|Raging Bolt, L50|\n|poke|p2|Wo-Chien, L50|\n|poke|p2|Kyogre, L50|\n|poke|p2|Incineroar, L50, M|\n|poke|p2|Grimmsnarl, L50, M|\n|poke|p2|Urshifu-*, L50, F|\n|poke|p2|Iron Jugulis, L50|\n|teampreview|4\n|\n|t:|1739152625\n|start\n|switch|p1a: Raging Bolt|Raging Bolt, L50|100\/100\n|switch|p1b: Urshifu|Urshifu-Rapid-Strike, L50, M|100\/100\n|switch|p2a: Urshifu|Urshifu-Rapid-Strike, L50, F|100\/100\n|switch|p2b: Kyogre|Kyogre, L50|100\/100\n|-weather|RainDance|[from] ability: Drizzle|[of] p2b: Kyogre\n|turn|1\n|\n|t:|1739152676\n|move|p1a: Raging Bolt|Thunderclap|p2a: Urshifu\n|-supereffective|p2a: Urshifu\n|-damage|p2a: Urshifu|0 fnt\n|faint|p2a: Urshifu\n|move|p1b: Urshifu|Close Combat|p2b: Kyogre\n|-damage|p2b: Kyogre|52\/100\n|-unboost|p1b: Urshifu|def|1\n|-unboost|p1b: Urshifu|spd|1\n|move|p2b: Kyogre|Ice Beam|p1a: Raging Bolt\n|-supereffective|p1a: Raging Bolt\n|-damage|p1a: Raging Bolt|59\/100\n|\n|-weather|RainDance|[upkeep]\n|upkeep\n|\n|t:|1739152681\n|switch|p2a: Wo-Chien|Wo-Chien, L50|100\/100\n|-ability|p2a: Wo-Chien|Tablets of Ruin\n|turn|2\n|\n|t:|1739152699\n|-terastallize|p2b: Kyogre|Grass\n|move|p1b: Urshifu|Close Combat|p2a: Wo-Chien\n|-supereffective|p2a: Wo-Chien\n|-damage|p2a: Wo-Chien|19\/100\n|-unboost|p1b: Urshifu|def|1\n|-unboost|p1b: Urshifu|spd|1\n|move|p2a: Wo-Chien|Pollen Puff|p2b: Kyogre\n|-heal|p2b: Kyogre|100\/100\n|move|p2b: Kyogre|Water Spout|p1a: Raging Bolt|[spread] p1a,p1b\n|-resisted|p1a: Raging Bolt\n|-crit|p1a: Raging Bolt\n|-resisted|p1b: Urshifu\n|-damage|p1a: Raging Bolt|19\/100\n|-damage|p1b: Urshifu|0 fnt\n|faint|p1b: Urshifu\n|move|p1a: Raging Bolt|Electroweb|p2a: Wo-Chien|[spread] p2a,p2b\n|-resisted|p2a: Wo-Chien\n|-resisted|p2b: Kyogre\n|-damage|p2a: Wo-Chien|11\/100\n|-damage|p2b: Kyogre|96\/100\n|-unboost|p2a: Wo-Chien|spe|1\n|-unboost|p2b: Kyogre|spe|1\n|\n|-weather|RainDance|[upkeep]\n|-heal|p2a: Wo-Chien|17\/100|[from] item: Leftovers\n|upkeep\n|\n|t:|1739152719\n|switch|p1b: Terapagos|Terapagos, L50, M|100\/100\n|-activate|p1b: Terapagos|ability: Tera Shift\n|detailschange|p1b: Terapagos|Terapagos-Terastal, L50, M\n|-heal|p1b: Terapagos|100\/100|[silent]\n|turn|3\n|\n|t:|1739152727\n|switch|p2b: Grimmsnarl|Grimmsnarl, L50, M|100\/100\n|-terastallize|p1b: Terapagos|Stellar\n|detailschange|p1b: Terapagos|Terapagos-Stellar, L50, M, tera:Stellar\n|-heal|p1b: Terapagos|100\/100|[silent]\n|-ability|p1b: Terapagos|Teraform Zero\n|-weather|none\n|move|p2a: Wo-Chien|Protect|p2a: Wo-Chien\n|-singleturn|p2a: Wo-Chien|Protect\n|move|p1b: Terapagos|Tera Starstorm|p2b: Grimmsnarl|[spread] p2b\n|-activate|p2a: Wo-Chien|move: Protect\n|-damage|p2b: Grimmsnarl|59\/100\n|move|p1a: Raging Bolt|Dragon Pulse|p2a: Wo-Chien\n|-activate|p2a: Wo-Chien|move: Protect\n|\n|-heal|p2a: Wo-Chien|22\/100|[from] item: Leftovers\n|upkeep\n|turn|4\n|\n|t:|1739152745\n|move|p2b: Grimmsnarl|Thunder Wave|p1b: Terapagos\n|-status|p1b: Terapagos|par\n|move|p1a: Raging Bolt|Volt Switch|p2b: Grimmsnarl\n|-damage|p2b: Grimmsnarl|16\/100\n|\n|t:|1739152751\n|-end|p1a: Raging Bolt|Protosynthesis|[silent]\n|switch|p1a: Amoonguss|Amoonguss, L50, F|100\/100|[from] Volt Switch\n|move|p2a: Wo-Chien|Ruination|p1b: Terapagos\n|-damage|p1b: Terapagos|51\/100 par\n|move|p1b: Terapagos|Tera Starstorm|p2b: Grimmsnarl|[spread] p2a,p2b\n|-damage|p2a: Wo-Chien|0 fnt\n|-damage|p2b: Grimmsnarl|0 fnt\n|faint|p2a: Wo-Chien\n|faint|p2b: Grimmsnarl\n|\n|-heal|p1b: Terapagos|57\/100 par|[from] item: Leftovers\n|upkeep\n|\n|t:|1739152756\n|switch|p2b: Kyogre|Kyogre, L50, tera:Grass|96\/100\n|-weather|RainDance|[from] ability: Drizzle|[of] p2b: Kyogre\n|turn|5\n|\n|t:|1739152774\n|move|p1b: Terapagos|Protect|p1b: Terapagos\n|-singleturn|p1b: Terapagos|Protect\n|move|p2b: Kyogre|Water Spout|p1b: Terapagos|[spread] p1a\n|-activate|p1b: Terapagos|move: Protect\n|-resisted|p1a: Amoonguss\n|-damage|p1a: Amoonguss|56\/100\n|move|p1a: Amoonguss|Pollen Puff|p2b: Kyogre\n|-supereffective|p2b: Kyogre\n|-damage|p2b: Kyogre|79\/100\n|\n|-weather|RainDance|[upkeep]\n|-heal|p1b: Terapagos|63\/100 par|[from] item: Leftovers\n|upkeep\n|turn|6\n|\n|t:|1739152789\n|switch|p1b: Raging Bolt|Raging Bolt, L50|19\/100\n|move|p2b: Kyogre|Water Spout|p1a: Amoonguss|[spread] p1a,p1b\n|-resisted|p1a: Amoonguss\n|-resisted|p1b: Raging Bolt\n|-damage|p1a: Amoonguss|23\/100\n|-damage|p1b: Raging Bolt|0 fnt\n|faint|p1b: Raging Bolt\n|-end|p1b: Raging Bolt|Protosynthesis|[silent]\n|move|p1a: Amoonguss|Pollen Puff|p2b: Kyogre\n|-supereffective|p2b: Kyogre\n|-damage|p2b: Kyogre|64\/100\n|\n|-weather|RainDance|[upkeep]\n|upkeep\n|\n|t:|1739152801\n|switch|p1b: Terapagos|Terapagos-Stellar, L50, M, tera:Stellar|63\/100 par\n|turn|7\n|\n|t:|1739152807\n|move|p2b: Kyogre|Origin Pulse|p1b: Terapagos|[spread] p1a\n|-miss|p2b: Kyogre|p1b: Terapagos\n|-resisted|p1a: Amoonguss\n|-damage|p1a: Amoonguss|0 fnt\n|faint|p1a: Amoonguss\n|cant|p1b: Terapagos|par\n|\n|-weather|RainDance|[upkeep]\n|-heal|p1b: Terapagos|69\/100 par|[from] item: Leftovers\n|upkeep\n|turn|8\n|\n|t:|1739152814\n|move|p2b: Kyogre|Origin Pulse|p1b: Terapagos\n|-damage|p1b: Terapagos|8\/100 par\n|move|p1b: Terapagos|Tera Starstorm|p2b: Kyogre\n|-supereffective|p2b: Kyogre\n|-damage|p2b: Kyogre|13\/100\n|\n|-weather|RainDance|[upkeep]\n|-heal|p1b: Terapagos|14\/100 par|[from] item: Leftovers\n|upkeep\n|turn|9\n|-message|jecheonjo forfeited.\n|\n|win|Tester_SF04\n|raw|jecheonjo's rating: 1580 &rarr; <strong>1558<\/strong><br \/>(-22 for losing)\n|raw|Tester_SF04's rating: 1542 &rarr; <strong>1564<\/strong><br \/>(+22 for winning)\n|l|\u2606jecheonjo\n|player|p1|\n","uploadtime":1739152833,"views":28,"formatid":"gen9vgc2025regg","rating":1558,"private":0,"password":null}