{"id":"gen9vgc2025regg-2297744433","format":"[Gen 9] VGC 2025 Reg G","players":["Enrique13131","stbai"],"log":"|j|\u2606Enrique13131\n|j|\u2606stbai\n|t:|1739153850\n|gametype|doubles\n|player|p1|Enrique13131|lucas|1544\n|player|p2|stbai|janitor|1651\n|teamsize|p1|6\n|teamsize|p2|6\n|gen|9\n|tier|[Gen 9] VGC 2025 Reg G\n|rated|\n|rule|Species Clause: Limit one of each Pok\u00e9mon\n|rule|Item Clause: Limit 1 of each item\n|clearpoke\n|poke|p1|Urshifu-*, L50, F|\n|poke|p1|Incineroar, L50, M|\n|poke|p1|Pelipper, L50, F|\n|poke|p1|Raging Bolt, L50|\n|poke|p1|Rillaboom, L50, F|\n|poke|p1|Calyrex-Ice, L50|\n|poke|p2|Tatsugiri, L50, F|\n|poke|p2|Terapagos, L50, M|\n|poke|p2|Latios, L50, M|\n|poke|p2|Entei, L50|\n|poke|p2|Dondozo, L50, M|\n|poke|p2|Gardevoir, L50, M|\n|teampreview|4\n|inactive|Battle timer is ON: inactive players will automatically lose when time's up. (requested by stbai)\n|j| Fulimba\n|\n|t:|1739153879\n|start\n|switch|p1a: Urshifu|Urshifu, L50, F|100\/100\n|switch|p1b: HADES|Incineroar, L50, M|100\/100\n|switch|p2a: Latios|Latios, L50, M|100\/100\n|switch|p2b: Entei|Entei, L50|100\/100\n|-ability|p1b: HADES|Intimidate|boost\n|-unboost|p2a: Latios|atk|1\n|-fail|p2b: Entei|unboost|Attack|[from] ability: Inner Focus|[of] p2b: Entei\n|turn|1\n|\n|t:|1739153896\n|move|p1a: Urshifu|Detect|p1a: Urshifu\n|-singleturn|p1a: Urshifu|Protect\n|move|p2b: Entei|Extreme Speed|p1a: Urshifu\n|-activate|p1a: Urshifu|move: Protect\n|move|p2a: Latios|Luster Purge|p1a: Urshifu\n|-activate|p1a: Urshifu|move: Protect\n|move|p1b: HADES|Knock Off|p2a: Latios\n|-supereffective|p2a: Latios\n|-damage|p2a: Latios|19\/100\n|-enditem|p2a: Latios|Covert Cloak|[from] move: Knock Off|[of] p1b: HADES\n|\n|upkeep\n|turn|2\n|j| Salvato1902V\n|inactive|Enrique13131 has 30 seconds left.\n|\n|t:|1739153927\n|-terastallize|p2b: Entei|Normal\n|move|p2b: Entei|Extreme Speed|p1a: Urshifu\n|-damage|p1a: Urshifu|59\/100\n|move|p2a: Latios|Tailwind|p2a: Latios\n|-sidestart|p2: stbai|move: Tailwind\n|move|p1a: Urshifu|Wicked Blow|p2b: Entei\n|-crit|p2b: Entei\n|-damage|p2b: Entei|31\/100\n|move|p1b: HADES|Knock Off|p2a: Latios\n|-supereffective|p2a: Latios\n|-damage|p2a: Latios|0 fnt\n|faint|p2a: Latios\n|\n|upkeep\n|\n|t:|1739153943\n|switch|p2a: Gardevoir|Gardevoir, L50, M|100\/100\n|-ability|p2a: Gardevoir|Unseen Fist|[from] ability: Trace|[of] p1a: Urshifu\n|turn|3\n|\n|t:|1739153956\n|move|p1a: Urshifu|Detect|p1a: Urshifu\n|-singleturn|p1a: Urshifu|Protect\n|move|p2b: Entei|Extreme Speed|p1b: HADES\n|-damage|p1b: HADES|67\/100\n|move|p2a: Gardevoir|Dazzling Gleam|p1b: HADES|[spread] p1b\n|-activate|p1a: Urshifu|move: Protect\n|-damage|p1b: HADES|44\/100\n|move|p1b: HADES|Knock Off|p2b: Entei\n|-damage|p2b: Entei|0 fnt\n|-enditem|p2b: Entei|Assault Vest|[from] move: Knock Off|[of] p1b: HADES\n|faint|p2b: Entei\n|\n|upkeep\n|\n|t:|1739153958\n|switch|p2b: Terapagos|Terapagos, L50, M|100\/100\n|-activate|p2b: Terapagos|ability: Tera Shift\n|detailschange|p2b: Terapagos|Terapagos-Terastal, L50, M\n|-heal|p2b: Terapagos|100\/100|[silent]\n|turn|4\n|\n|t:|1739153982\n|move|p2a: Gardevoir|Dazzling Gleam|p1a: Urshifu|[spread] p1a,p1b\n|-supereffective|p1a: Urshifu\n|-crit|p1a: Urshifu\n|-damage|p1a: Urshifu|0 fnt\n|-damage|p1b: HADES|22\/100\n|faint|p1a: Urshifu\n|move|p2b: Terapagos|Tera Starstorm|p1b: HADES\n|-damage|p1b: HADES|0 fnt\n|faint|p1b: HADES\n|\n|upkeep\n|\n|t:|1739153986\n|switch|p1a: Ehrmantraut|Calyrex-Ice, L50|100\/100\n|switch|p1b: PAN|Rillaboom, L50, F|100\/100\n|-ability|p1a: Ehrmantraut|As One\n|-ability|p1a: Ehrmantraut|Unnerve\n|-fieldstart|move: Grassy Terrain|[from] ability: Grassy Surge|[of] p1b: PAN\n|turn|5\n|\n|t:|1739153992\n|move|p1b: PAN|Fake Out|p2b: Terapagos\n|-activate|p2b: Terapagos|ability: Tera Shell\n|-resisted|p2b: Terapagos\n|-damage|p2b: Terapagos|95\/100\n|move|p2a: Gardevoir|Dazzling Gleam|p1a: Ehrmantraut|[spread] p1a,p1b\n|-crit|p1b: PAN\n|-damage|p1a: Ehrmantraut|83\/100\n|-damage|p1b: PAN|68\/100\n|cant|p2b: Terapagos|flinch\n|move|p1a: Ehrmantraut|Glacial Lance|p2b: Terapagos|[spread] p2a,p2b\n|-damage|p2a: Gardevoir|11\/100\n|-damage|p2b: Terapagos|47\/100\n|\n|-heal|p2a: Gardevoir|17\/100|[from] Grassy Terrain\n|-heal|p2b: Terapagos|53\/100|[from] Grassy Terrain\n|-heal|p1b: PAN|74\/100|[from] Grassy Terrain\n|-heal|p1a: Ehrmantraut|89\/100|[from] Grassy Terrain\n|-sideend|p2: stbai|move: Tailwind\n|upkeep\n|turn|6\n|j| zzz1994000\n|l| zzz1994000\n|\n|t:|1739154010\n|move|p2a: Gardevoir|Dazzling Gleam|p1a: Ehrmantraut|[spread] p1a,p1b\n|-damage|p1a: Ehrmantraut|70\/100\n|-damage|p1b: PAN|55\/100\n|move|p2b: Terapagos|Tera Starstorm|p1b: PAN\n|-damage|p1b: PAN|17\/100\n|move|p1b: PAN|Wood Hammer|p2b: Terapagos\n|-damage|p2b: Terapagos|0 fnt\n|faint|p2b: Terapagos\n|-damage|p1b: PAN|0 fnt|[from] Recoil\n|faint|p1b: PAN\n|move|p1a: Ehrmantraut|Glacial Lance|p2a: Gardevoir\n|-damage|p2a: Gardevoir|0 fnt\n|faint|p2a: Gardevoir\n|\n|win|Enrique13131\n|raw|Enrique13131's rating: 1544 &rarr; <strong>1570<\/strong><br \/>(+26 for winning)\n|raw|stbai's rating: 1651 &rarr; <strong>1625<\/strong><br \/>(-26 for losing)\n|l|\u2606stbai\n|player|p2|\n|l| Fulimba\n|l| Salvato1902V\n","uploadtime":1739154026,"views":16,"formatid":"gen9vgc2025regg","rating":1570,"private":0,"password":null}