{"id":"gen9vgc2025regg-2297997708","format":"[Gen 9] VGC 2025 Reg G","players":["bluestraggler02","InfinityGroudon"],"log":"|j|\u203dbluestraggler02\n|j|\u2606InfinityGroudon\n|t:|1739197564\n|gametype|doubles\n|player|p1|bluestraggler02|265|1701\n|player|p2|InfinityGroudon|266|1677\n|teamsize|p1|6\n|teamsize|p2|6\n|gen|9\n|tier|[Gen 9] VGC 2025 Reg G\n|rated|\n|rule|Species Clause: Limit one of each Pok\u00e9mon\n|rule|Item Clause: Limit 1 of each item\n|clearpoke\n|poke|p1|Zamazenta-*, L50|\n|poke|p1|Roaring Moon, L50|\n|poke|p1|Landorus, L50, M|\n|poke|p1|Pelipper, L50, M|\n|poke|p1|Urshifu-*, L50, M|\n|poke|p1|Amoonguss, L50, F|\n|poke|p2|Terapagos, L50, M|\n|poke|p2|Clefairy, L50, F|\n|poke|p2|Rillaboom, L50, F|\n|poke|p2|Skeledirge, L50, M|\n|poke|p2|Urshifu-*, L50, M|\n|poke|p2|Chien-Pao, L50|\n|teampreview|4\n|\n|t:|1739197600\n|start\n|switch|p1a: Urshifu|Urshifu-Rapid-Strike, L50, M|100\/100\n|switch|p1b: Roaring Moon|Roaring Moon, L50|100\/100\n|switch|p2a: Lion's Roar|Rillaboom, L50, F|100\/100\n|switch|p2b: Presto|Chien-Pao, L50|100\/100\n|-ability|p2b: Presto|Sword of Ruin\n|-fieldstart|move: Grassy Terrain|[from] ability: Grassy Surge|[of] p2a: Lion's Roar\n|-enditem|p1b: Roaring Moon|Booster Energy\n|-activate|p1b: Roaring Moon|ability: Protosynthesis|[fromitem]\n|-start|p1b: Roaring Moon|protosynthesisspe\n|turn|1\n|inactive|Battle timer is ON: inactive players will automatically lose when time's up. (requested by bluestraggler02)\n|\n|t:|1739197626\n|move|p1b: Roaring Moon|Protect|p1b: Roaring Moon\n|-singleturn|p1b: Roaring Moon|Protect\n|move|p1a: Urshifu|Detect|p1a: Urshifu\n|-singleturn|p1a: Urshifu|Protect\n|move|p2b: Presto|Sucker Punch||[still]\n|-fail|p2b: Presto\n|move|p2a: Lion's Roar|Grassy Glide|p1a: Urshifu\n|-activate|p1a: Urshifu|move: Protect\n|\n|upkeep\n|turn|2\n|\n|t:|1739197642\n|-terastallize|p1a: Urshifu|Grass\n|-terastallize|p2a: Lion's Roar|Fire\n|move|p1b: Roaring Moon|Tailwind|p1b: Roaring Moon\n|-sidestart|p1: bluestraggler02|move: Tailwind\n|move|p1a: Urshifu|Surging Strikes|p2b: Presto\n|-crit|p2b: Presto\n|-damage|p2b: Presto|63\/100\n|-crit|p2b: Presto\n|-damage|p2b: Presto|26\/100\n|-crit|p2b: Presto\n|-damage|p2b: Presto|0 fnt\n|faint|p2b: Presto\n|-hitcount|p2: Presto|3\n|move|p2a: Lion's Roar|Wood Hammer|p1a: Urshifu\n|-resisted|p1a: Urshifu\n|-damage|p1a: Urshifu|62\/100\n|-damage|p2a: Lion's Roar|89\/100|[from] Recoil\n|\n|-heal|p1a: Urshifu|68\/100|[from] Grassy Terrain\n|-heal|p2a: Lion's Roar|95\/100|[from] Grassy Terrain\n|upkeep\n|\n|t:|1739197651\n|switch|p2b: Ram|Urshifu, L50, M|100\/100\n|turn|3\n|\n|t:|1739197665\n|move|p1b: Roaring Moon|Acrobatics|p2b: Ram\n|-supereffective|p2b: Ram\n|-damage|p2b: Ram|33\/100\n|move|p1a: Urshifu|Surging Strikes|p2a: Lion's Roar\n|-supereffective|p2a: Lion's Roar\n|-crit|p2a: Lion's Roar\n|-damage|p2a: Lion's Roar|51\/100\n|-supereffective|p2a: Lion's Roar\n|-crit|p2a: Lion's Roar\n|-damage|p2a: Lion's Roar|7\/100\n|-supereffective|p2a: Lion's Roar\n|-crit|p2a: Lion's Roar\n|-damage|p2a: Lion's Roar|0 fnt\n|faint|p2a: Lion's Roar\n|-hitcount|p2: Lion's Roar|3\n|move|p2b: Ram|Wicked Blow|p1a: Urshifu\n|-crit|p1a: Urshifu\n|-damage|p1a: Urshifu|0 fnt\n|faint|p1a: Urshifu\n|\n|-heal|p2b: Ram|40\/100|[from] Grassy Terrain\n|upkeep\n|\n|t:|1739197680\n|switch|p1a: Zamazenta|Zamazenta-Crowned, L50|100\/100\n|switch|p2a: Ernesto|Skeledirge, L50, M|100\/100\n|-ability|p1a: Zamazenta|Dauntless Shield|boost\n|-boost|p1a: Zamazenta|def|1\n|turn|4\n|\n|t:|1739197687\n|move|p1b: Roaring Moon|Knock Off|p2a: Ernesto\n|-supereffective|p2a: Ernesto\n|-damage|p2a: Ernesto|28\/100\n|-enditem|p2a: Ernesto|Throat Spray|[from] move: Knock Off|[of] p1b: Roaring Moon\n|move|p1a: Zamazenta|Body Press|p2b: Ram\n|-supereffective|p2b: Ram\n|-damage|p2b: Ram|0 fnt\n|faint|p2b: Ram\n|move|p2a: Ernesto|Torch Song|p1a: Zamazenta\n|-supereffective|p1a: Zamazenta\n|-damage|p1a: Zamazenta|59\/100\n|-boost|p2a: Ernesto|spa|1\n|\n|-heal|p1a: Zamazenta|65\/100|[from] Grassy Terrain\n|-heal|p2a: Ernesto|34\/100|[from] Grassy Terrain\n|upkeep\n|turn|5\n|-message|InfinityGroudon forfeited.\n|\n|win|bluestraggler02\n|raw|bluestraggler02's rating: 1701 &rarr; <strong>1720<\/strong><br \/>(+19 for winning)\n|raw|InfinityGroudon's rating: 1677 &rarr; <strong>1658<\/strong><br \/>(-19 for losing)\n|l|\u2606InfinityGroudon\n|player|p2|\n|l|\u203dbluestraggler02\n|player|p1|\n","uploadtime":1739197936,"views":7,"formatid":"gen9vgc2025regg","rating":1658,"private":0,"password":null}