{"id":"gen9vgc2025regg-2297518905","format":"[Gen 9] VGC 2025 Reg G","players":["liamvgc01","zrofs"],"log":"|j|\u2606liamvgc01\n|j|\u2606zrofs\n|t:|1739125319\n|gametype|doubles\n|player|p1|liamvgc01|red|1564\n|player|p2|zrofs|steven|1611\n|teamsize|p1|6\n|teamsize|p2|6\n|gen|9\n|tier|[Gen 9] VGC 2025 Reg G\n|rated|\n|rule|Species Clause: Limit one of each Pok\u00e9mon\n|rule|Item Clause: Limit 1 of each item\n|clearpoke\n|poke|p1|Amoonguss, L50, F|\n|poke|p1|Ogerpon-Cornerstone, L50, F|\n|poke|p1|Urshifu-*, L50, F|\n|poke|p1|Whimsicott, L50, M|\n|poke|p1|Landorus, L50, M|\n|poke|p1|Calyrex-Ice, L50|\n|poke|p2|Terapagos, L50, M|\n|poke|p2|Sinistcha, L50|\n|poke|p2|Rillaboom, L50, M|\n|poke|p2|Incineroar, L50, M|\n|poke|p2|Annihilape, L50, F|\n|poke|p2|Maushold, L50|\n|teampreview|4\n|inactive|Battle timer is ON: inactive players will automatically lose when time's up. (requested by liamvgc01)\n|inactive|liamvgc01 has 60 seconds left.\n|inactive|zrofs has 60 seconds left.\n|\n|t:|1739125359\n|start\n|switch|p1a: Whimsicott|Whimsicott, L50, M|100\/100\n|switch|p1b: Ogerpon|Ogerpon-Cornerstone, L50, F|100\/100\n|switch|p2a: Annihilape|Annihilape, L50, F|100\/100\n|switch|p2b: Maushold|Maushold, L50|100\/100\n|turn|1\n|j| Jfabricio23\n|inactive|zrofs has 30 seconds left.\n|\n|t:|1739125387\n|move|p2b: Maushold|Follow Me|p2b: Maushold\n|-singleturn|p2b: Maushold|move: Follow Me\n|move|p1b: Ogerpon|Ivy Cudgel|p2b: Maushold|[anim] Ivy Cudgel Rock\n|-crit|p2b: Maushold\n|-enditem|p2b: Maushold|Focus Sash\n|-damage|p2b: Maushold|1\/100\n|move|p1a: Whimsicott|Moonblast|p2b: Maushold\n|-damage|p2b: Maushold|0 fnt\n|faint|p2b: Maushold\n|move|p2a: Annihilape|Bulk Up|p2a: Annihilape\n|-boost|p2a: Annihilape|atk|1\n|-boost|p2a: Annihilape|def|1\n|\n|upkeep\n|\n|t:|1739125400\n|switch|p2b: Incineroar|Incineroar, L50, M|100\/100\n|-ability|p2b: Incineroar|Intimidate|boost\n|-unboost|p1a: Whimsicott|atk|1\n|-unboost|p1b: Ogerpon|atk|1\n|turn|2\n|\n|t:|1739125410\n|-terastallize|p2a: Annihilape|Normal\n|move|p1b: Ogerpon|Spiky Shield|p1b: Ogerpon\n|-singleturn|p1b: Ogerpon|move: Protect\n|move|p1a: Whimsicott|Encore|p2a: Annihilape\n|-start|p2a: Annihilape|Encore\n|move|p2a: Annihilape|Bulk Up|p2a: Annihilape\n|-boost|p2a: Annihilape|atk|1\n|-boost|p2a: Annihilape|def|1\n|move|p2b: Incineroar|Parting Shot|p1a: Whimsicott\n|-unboost|p1a: Whimsicott|atk|1\n|-unboost|p1a: Whimsicott|spa|1\n|\n|t:|1739125420\n|switch|p2b: Sinistcha|Sinistcha, L50|100\/100|[from] Parting Shot\n|\n|upkeep\n|turn|3\n|\n|t:|1739125434\n|switch|p2b: Incineroar|Incineroar, L50, M|100\/100\n|-ability|p2b: Incineroar|Intimidate|boost\n|-unboost|p1a: Whimsicott|atk|1\n|-unboost|p1b: Ogerpon|atk|1\n|move|p1a: Whimsicott|Tailwind|p1a: Whimsicott\n|-sidestart|p1: liamvgc01|move: Tailwind\n|move|p1b: Ogerpon|Ivy Cudgel|p2b: Incineroar|[anim] Ivy Cudgel Rock\n|-supereffective|p2b: Incineroar\n|-damage|p2b: Incineroar|51\/100\n|move|p2a: Annihilape|Bulk Up|p2a: Annihilape\n|-boost|p2a: Annihilape|atk|1\n|-boost|p2a: Annihilape|def|1\n|\n|upkeep\n|turn|4\n|\n|t:|1739125453\n|move|p1b: Ogerpon|Ivy Cudgel|p2b: Incineroar|[anim] Ivy Cudgel Rock\n|-supereffective|p2b: Incineroar\n|-damage|p2b: Incineroar|2\/100\n|move|p1a: Whimsicott|Moonblast|p2b: Incineroar\n|-damage|p2b: Incineroar|0 fnt\n|faint|p2b: Incineroar\n|move|p2a: Annihilape|Bulk Up|p2a: Annihilape\n|-boost|p2a: Annihilape|atk|1\n|-boost|p2a: Annihilape|def|1\n|\n|-end|p2a: Annihilape|Encore\n|upkeep\n|\n|t:|1739125464\n|switch|p2b: Sinistcha|Sinistcha, L50|100\/100\n|turn|5\n|\n|t:|1739125486\n|move|p2b: Sinistcha|Rage Powder|p2b: Sinistcha\n|-singleturn|p2b: Sinistcha|move: Rage Powder\n|move|p1a: Whimsicott|Encore|p2a: Annihilape\n|-start|p2a: Annihilape|Encore\n|move|p1b: Ogerpon|Ivy Cudgel|p2b: Sinistcha|[anim] Ivy Cudgel Rock\n|-damage|p2b: Sinistcha|75\/100\n|move|p2a: Annihilape|Bulk Up|p2a: Annihilape\n|-boost|p2a: Annihilape|atk|1\n|-boost|p2a: Annihilape|def|1\n|\n|upkeep\n|turn|6\n|\n|t:|1739125507\n|switch|p1b: Urshifu|Urshifu-Rapid-Strike, L50, F|100\/100\n|move|p1a: Whimsicott|Encore|p2b: Sinistcha\n|-start|p2b: Sinistcha|Encore\n|move|p2a: Annihilape|Bulk Up|p2a: Annihilape\n|-boost|p2a: Annihilape|atk|1\n|-boost|p2a: Annihilape|def|1\n|move|p2b: Sinistcha|Rage Powder|p2b: Sinistcha\n|-singleturn|p2b: Sinistcha|move: Rage Powder\n|\n|-sideend|p1: liamvgc01|move: Tailwind\n|upkeep\n|turn|7\n|\n|t:|1739125524\n|-terastallize|p1b: Urshifu|Water\n|move|p2b: Sinistcha|Rage Powder|p2b: Sinistcha\n|-singleturn|p2b: Sinistcha|move: Rage Powder\n|move|p1a: Whimsicott|Taunt|p2a: Annihilape\n|-start|p2a: Annihilape|move: Taunt\n|move|p1b: Urshifu|Surging Strikes|p2b: Sinistcha\n|-resisted|p2b: Sinistcha\n|-crit|p2b: Sinistcha\n|-damage|p2b: Sinistcha|63\/100\n|-damage|p1b: Urshifu|84\/100|[from] item: Rocky Helmet|[of] p2b: Sinistcha\n|-resisted|p2b: Sinistcha\n|-crit|p2b: Sinistcha\n|-damage|p2b: Sinistcha|50\/100\n|-damage|p1b: Urshifu|67\/100|[from] item: Rocky Helmet|[of] p2b: Sinistcha\n|-resisted|p2b: Sinistcha\n|-crit|p2b: Sinistcha\n|-damage|p2b: Sinistcha|39\/100\n|-damage|p1b: Urshifu|51\/100|[from] item: Rocky Helmet|[of] p2b: Sinistcha\n|-hitcount|p2b: Sinistcha|3\n|cant|p2a: Annihilape|move: Taunt|Bulk Up\n|\n|-end|p2a: Annihilape|Encore\n|upkeep\n|turn|8\n|inactive|liamvgc01 has 30 seconds left.\n|\n|t:|1739125554\n|move|p2b: Sinistcha|Rage Powder|p2b: Sinistcha\n|-singleturn|p2b: Sinistcha|move: Rage Powder\n|move|p1a: Whimsicott|Encore|p2a: Annihilape\n|-start|p2a: Annihilape|Encore\n|move|p1b: Urshifu|Surging Strikes|p2b: Sinistcha\n|-resisted|p2b: Sinistcha\n|-crit|p2b: Sinistcha\n|-damage|p2b: Sinistcha|27\/100\n|-damage|p1b: Urshifu|34\/100|[from] item: Rocky Helmet|[of] p2b: Sinistcha\n|-resisted|p2b: Sinistcha\n|-crit|p2b: Sinistcha\n|-damage|p2b: Sinistcha|15\/100\n|-damage|p1b: Urshifu|18\/100|[from] item: Rocky Helmet|[of] p2b: Sinistcha\n|-resisted|p2b: Sinistcha\n|-crit|p2b: Sinistcha\n|-damage|p2b: Sinistcha|2\/100\n|-damage|p1b: Urshifu|1\/100|[from] item: Rocky Helmet|[of] p2b: Sinistcha\n|-hitcount|p2b: Sinistcha|3\n|cant|p2a: Annihilape|move: Taunt|Bulk Up\n|\n|-end|p2b: Sinistcha|Encore\n|upkeep\n|turn|9\n|\n|t:|1739125578\n|move|p2b: Sinistcha|Rage Powder|p2b: Sinistcha\n|-singleturn|p2b: Sinistcha|move: Rage Powder\n|move|p1a: Whimsicott|Moonblast|p2b: Sinistcha\n|-damage|p2b: Sinistcha|0 fnt\n|faint|p2b: Sinistcha\n|move|p1b: Urshifu|Surging Strikes|p2a: Annihilape\n|-crit|p2a: Annihilape\n|-damage|p2a: Annihilape|75\/100\n|-crit|p2a: Annihilape\n|-damage|p2a: Annihilape|52\/100\n|-crit|p2a: Annihilape\n|-damage|p2a: Annihilape|29\/100\n|-hitcount|p2a: Annihilape|3\n|-activate|p2a: Annihilape|move: Struggle\n|move|p2a: Annihilape|Struggle|p1a: Whimsicott\n|-damage|p1a: Whimsicott|34\/100\n|-damage|p2a: Annihilape|4\/100|[from] recoil\n|\n|-heal|p2a: Annihilape|10\/100|[from] item: Leftovers\n|-end|p2a: Annihilape|move: Taunt\n|upkeep\n|turn|10\n|-message|zrofs forfeited.\n|\n|win|liamvgc01\n|raw|liamvgc01's rating: 1564 &rarr; <strong>1587<\/strong><br \/>(+23 for winning)\n|raw|zrofs's rating: 1611 &rarr; <strong>1588<\/strong><br \/>(-23 for losing)\n|l|\u2606zrofs\n|player|p2|\n|l|\u2606liamvgc01\n|player|p1|\n|l| Jfabricio23\n","uploadtime":1739125807,"views":14,"formatid":"gen9vgc2025regg","rating":1587,"private":0,"password":null}