{"id":"gen9vgc2025regg-2297741630","format":"[Gen 9] VGC 2025 Reg G","players":["Kaicyios","stbai"],"log":"|j|\u2606Kaicyios\n|j|\u2606stbai\n|t:|1739153447\n|gametype|doubles\n|player|p1|Kaicyios|giovanni|1595\n|player|p2|stbai|janitor|1651\n|teamsize|p1|6\n|teamsize|p2|6\n|gen|9\n|tier|[Gen 9] VGC 2025 Reg G\n|rated|\n|rule|Species Clause: Limit one of each Pok\u00e9mon\n|rule|Item Clause: Limit 1 of each item\n|clearpoke\n|poke|p1|Groudon, L50|\n|poke|p1|Tornadus, L50, M|\n|poke|p1|Flutter Mane, L50|\n|poke|p1|Chi-Yu, L50|\n|poke|p1|Raging Bolt, L50|\n|poke|p1|Brute Bonnet, L50|\n|poke|p2|Tatsugiri, L50, M|\n|poke|p2|Terapagos, L50, M|\n|poke|p2|Latios, L50, M|\n|poke|p2|Entei, L50|\n|poke|p2|Dondozo, L50, M|\n|poke|p2|Gardevoir, L50, M|\n|teampreview|4\n|inactive|Battle timer is ON: inactive players will automatically lose when time's up. (requested by stbai)\n|j| dododano\n|inactive|Kaicyios has 60 seconds left.\n|j| zzz1994000\n|\n|t:|1739153488\n|start\n|switch|p1a: Groudon|Groudon, L50|100\/100\n|switch|p1b: Flutter Mane|Flutter Mane, L50|100\/100\n|switch|p2a: Entei|Entei, L50|100\/100\n|switch|p2b: Dondozo|Dondozo, L50, M|100\/100\n|-weather|SunnyDay|[from] ability: Drought|[of] p1a: Groudon\n|-activate|p1b: Flutter Mane|ability: Protosynthesis\n|-start|p1b: Flutter Mane|protosynthesisspa\n|turn|1\n|inactive|Kaicyios has 30 seconds left.\n|inactive|stbai has 30 seconds left.\n|j| playrornds\n|inactive|Kaicyios has 20 seconds left.\n|inactive|stbai has 20 seconds left.\n|inactive|stbai has 15 seconds left.\n|\n|t:|1739153531\n|-terastallize|p1b: Flutter Mane|Fairy\n|move|p2b: Dondozo|Protect|p2b: Dondozo\n|-singleturn|p2b: Dondozo|Protect\n|move|p1b: Flutter Mane|Dazzling Gleam|p2a: Entei|[spread] p2a\n|-activate|p2b: Dondozo|move: Protect\n|-resisted|p2a: Entei\n|-damage|p2a: Entei|66\/100\n|move|p2a: Entei|Sacred Fire|p1b: Flutter Mane\n|-damage|p1b: Flutter Mane|0 fnt\n|faint|p1b: Flutter Mane\n|-end|p1b: Flutter Mane|Protosynthesis|[silent]\n|move|p1a: Groudon|Precipice Blades|p2a: Entei|[spread] p2a\n|-activate|p2b: Dondozo|move: Protect\n|-supereffective|p2a: Entei\n|-damage|p2a: Entei|0 fnt\n|faint|p2a: Entei\n|\n|-weather|SunnyDay|[upkeep]\n|upkeep\n|\n|t:|1739153552\n|switch|p1b: Brute Bonnet|Brute Bonnet, L50|100\/100\n|switch|p2a: Terapagos|Terapagos, L50, M|100\/100\n|-activate|p2a: Terapagos|ability: Tera Shift\n|detailschange|p2a: Terapagos|Terapagos-Terastal, L50, M\n|-heal|p2a: Terapagos|100\/100|[silent]\n|-activate|p1b: Brute Bonnet|ability: Protosynthesis\n|-start|p1b: Brute Bonnet|protosynthesisatk\n|turn|2\n|\n|t:|1739153575\n|-terastallize|p2a: Terapagos|Stellar\n|detailschange|p2a: Terapagos|Terapagos-Stellar, L50, M, tera:Stellar\n|-heal|p2a: Terapagos|100\/100|[silent]\n|-ability|p2a: Terapagos|Teraform Zero\n|-weather|none\n|-end|p1b: Brute Bonnet|Protosynthesis\n|move|p2a: Terapagos|Tera Starstorm|p1b: Brute Bonnet|[spread] p1a,p1b\n|-crit|p1b: Brute Bonnet\n|-damage|p1a: Groudon|75\/100\n|-damage|p1b: Brute Bonnet|51\/100\n|move|p1a: Groudon|Precipice Blades|p2a: Terapagos|[spread] p2a,p2b\n|-damage|p2a: Terapagos|64\/100\n|-damage|p2b: Dondozo|60\/100\n|move|p2b: Dondozo|Substitute|p2b: Dondozo\n|-start|p2b: Dondozo|Substitute\n|-damage|p2b: Dondozo|35\/100\n|move|p1b: Brute Bonnet|Spore|p2a: Terapagos\n|-status|p2a: Terapagos|slp|[from] move: Spore\n|\n|-heal|p2b: Dondozo|41\/100|[from] item: Leftovers\n|upkeep\n|turn|3\n|inactive|Kaicyios has 30 seconds left.\n|\n|t:|1739153607\n|switch|p2a: Tatsugiri|Tatsugiri, L50, M|100\/100\n|-activate|p2a: Tatsugiri|ability: Commander|[of] p2b: Dondozo\n|-boost|p2b: Dondozo|atk|2\n|-boost|p2b: Dondozo|spa|2\n|-boost|p2b: Dondozo|spe|2\n|-boost|p2b: Dondozo|def|2\n|-boost|p2b: Dondozo|spd|2\n|switch|p1a: Tornadus|Tornadus, L50, M|100\/100\n|move|p1b: Brute Bonnet|Sucker Punch|p2b: Dondozo\n|-activate|p2b: Dondozo|move: Substitute|[damage]\n|move|p2b: Dondozo|Order Up|p1b: Brute Bonnet\n|-damage|p1b: Brute Bonnet|14\/100\n|-boost|p2b: Dondozo|atk|1\n|\n|-heal|p2b: Dondozo|47\/100|[from] item: Leftovers\n|upkeep\n|turn|4\n|inactive|Kaicyios has 30 seconds left.\n|inactive|Kaicyios has 20 seconds left.\n|\n|t:|1739153646\n|move|p1a: Tornadus|Bleakwind Storm|p2b: Dondozo|[spread] p2b\n|-miss|p1a: Tornadus|p2a: Tatsugiri\n|-end|p2b: Dondozo|Substitute\n|move|p2b: Dondozo|Order Up|p1b: Brute Bonnet\n|-damage|p1b: Brute Bonnet|0 fnt\n|faint|p1b: Brute Bonnet\n|-end|p1b: Brute Bonnet|Protosynthesis|[silent]\n|-boost|p2b: Dondozo|atk|1\n|\n|-heal|p2b: Dondozo|54\/100|[from] item: Leftovers\n|upkeep\n|\n|t:|1739153657\n|switch|p1b: Groudon|Groudon, L50|75\/100\n|-weather|SunnyDay|[from] ability: Drought|[of] p1b: Groudon\n|turn|5\n|\n|t:|1739153673\n|move|p2b: Dondozo|Protect|p2b: Dondozo\n|-singleturn|p2b: Dondozo|Protect\n|move|p1a: Tornadus|Bleakwind Storm|p2b: Dondozo|[spread] \n|-miss|p1a: Tornadus|p2a: Tatsugiri\n|-activate|p2b: Dondozo|move: Protect\n|move|p1b: Groudon|High Horsepower|p2b: Dondozo\n|-activate|p2b: Dondozo|move: Protect\n|\n|-weather|SunnyDay|[upkeep]\n|-heal|p2b: Dondozo|60\/100|[from] item: Leftovers\n|upkeep\n|turn|6\n|\n|t:|1739153682\n|move|p1a: Tornadus|Bleakwind Storm|p2a: Tatsugiri|[spread] p2b\n|-miss|p1a: Tornadus|p2a: Tatsugiri\n|-damage|p2b: Dondozo|41\/100\n|move|p2b: Dondozo|Order Up|p1b: Groudon\n|-damage|p1b: Groudon|28\/100\n|-boost|p2b: Dondozo|atk|1\n|move|p1b: Groudon|High Horsepower|p2b: Dondozo\n|-damage|p2b: Dondozo|20\/100\n|\n|-weather|SunnyDay|[upkeep]\n|-heal|p2b: Dondozo|26\/100|[from] item: Leftovers\n|upkeep\n|turn|7\n|\n|t:|1739153700\n|move|p1a: Tornadus|Bleakwind Storm|p2a: Tatsugiri|[spread] p2b\n|-miss|p1a: Tornadus|p2a: Tatsugiri\n|-damage|p2b: Dondozo|10\/100\n|-unboost|p2b: Dondozo|spe|1\n|move|p2b: Dondozo|Order Up|p1b: Groudon\n|-damage|p1b: Groudon|0 fnt\n|faint|p1b: Groudon\n|-boost|p2b: Dondozo|atk|1\n|\n|-weather|SunnyDay|[upkeep]\n|-heal|p2b: Dondozo|16\/100|[from] item: Leftovers\n|upkeep\n|turn|8\n|\n|t:|1739153710\n|move|p2b: Dondozo|Protect|p2b: Dondozo\n|-singleturn|p2b: Dondozo|Protect\n|move|p1a: Tornadus|Bleakwind Storm|p2b: Dondozo|[spread] \n|-miss|p1a: Tornadus|p2a: Tatsugiri\n|-activate|p2b: Dondozo|move: Protect\n|\n|-weather|SunnyDay|[upkeep]\n|-heal|p2b: Dondozo|22\/100|[from] item: Leftovers\n|upkeep\n|turn|9\n|\n|t:|1739153713\n|move|p1a: Tornadus|Bleakwind Storm|p2a: Tatsugiri|[spread] p2b\n|-miss|p1a: Tornadus|p2a: Tatsugiri\n|-damage|p2b: Dondozo|6\/100\n|move|p2b: Dondozo|Order Up|p1a: Tornadus\n|-enditem|p1a: Tornadus|Focus Sash\n|-damage|p1a: Tornadus|1\/100\n|-boost|p2b: Dondozo|atk|0\n|\n|-weather|none\n|-heal|p2b: Dondozo|12\/100|[from] item: Leftovers\n|upkeep\n|turn|10\n|\n|t:|1739153718\n|move|p2b: Dondozo|Protect|p2b: Dondozo\n|-singleturn|p2b: Dondozo|Protect\n|move|p1a: Tornadus|Bleakwind Storm|p2a: Tatsugiri|[spread] \n|-miss|p1a: Tornadus|p2a: Tatsugiri\n|-activate|p2b: Dondozo|move: Protect\n|\n|-heal|p2b: Dondozo|18\/100|[from] item: Leftovers\n|upkeep\n|turn|11\n|\n|t:|1739153720\n|move|p1a: Tornadus|Bleakwind Storm|p2a: Tatsugiri|[spread] p2b\n|-miss|p1a: Tornadus|p2a: Tatsugiri\n|-damage|p2b: Dondozo|0 fnt\n|faint|p2b: Dondozo\n|\n|upkeep\n|\n|t:|1739153724\n|switch|p2b: Terapagos|Terapagos-Stellar, L50, M, tera:Stellar|64\/100 slp\n|turn|12\n|l| playrornds\n|\n|t:|1739153729\n|move|p1a: Tornadus|Bleakwind Storm|p2a: Tatsugiri|[spread] p2a,p2b\n|-damage|p2a: Tatsugiri|53\/100\n|-damage|p2b: Terapagos|41\/100 slp\n|cant|p2b: Terapagos|slp\n|move|p2a: Tatsugiri|Dragon Pulse|p1a: Tornadus\n|-damage|p1a: Tornadus|0 fnt\n|faint|p1a: Tornadus\n|\n|win|stbai\n|raw|Kaicyios's rating: 1595 &rarr; <strong>1578<\/strong><br \/>(-17 for losing)\n|raw|stbai's rating: 1651 &rarr; <strong>1668<\/strong><br \/>(+17 for winning)\n|l|\u2606stbai\n|player|p2|\n|l|\u2606Kaicyios\n|player|p1|\n|l| zzz1994000\n|l| dododano\n","uploadtime":1739153922,"views":6,"formatid":"gen9vgc2025regg","rating":1578,"private":0,"password":null}