{"id":"gen9vgc2025regg-2297914904","format":"[Gen 9] VGC 2025 Reg G","players":["longhq","seung2742"],"log":"|j|\u203dlonghq\n|j|\u2606seung2742\n|t:|1739185814\n|gametype|doubles\n|player|p1|longhq|dawn|1632\n|player|p2|seung2742|102|1660\n|teamsize|p1|6\n|teamsize|p2|6\n|gen|9\n|tier|[Gen 9] VGC 2025 Reg G\n|rated|\n|rule|Species Clause: Limit one of each Pok\u00e9mon\n|rule|Item Clause: Limit 1 of each item\n|clearpoke\n|poke|p1|Raging Bolt, L50|\n|poke|p1|Gouging Fire, L50|\n|poke|p1|Koraidon, L50|\n|poke|p1|Indeedee-F, L50, F|\n|poke|p1|Kingambit, L50, F|\n|poke|p1|Jumpluff, L50, M|\n|poke|p2|Calyrex-Shadow, L50|\n|poke|p2|Whimsicott, L50, M|\n|poke|p2|Raging Bolt, L50|\n|poke|p2|Chi-Yu, L50|\n|poke|p2|Rillaboom, L50, F|\n|poke|p2|Urshifu-*, L50, F|\n|teampreview|4\n|inactive|Battle timer is ON: inactive players will automatically lose when time's up. (requested by seung2742)\n|inactive|longhq has 60 seconds left.\n|\n|t:|1739185859\n|start\n|switch|p1a: Indeedee|Indeedee-F, L50, F|100\/100\n|switch|p1b: Koraidon|Koraidon, L50|100\/100\n|switch|p2a: Whimsicott|Whimsicott, L50, M|100\/100\n|switch|p2b: Chi-Yu|Chi-Yu, L50|100\/100\n|-weather|SunnyDay|[from] ability: Orichalcum Pulse|[of] p1b: Koraidon\n|-activate|p1b: Koraidon|Orichalcum Pulse|[source]\n|-ability|p2b: Chi-Yu|Beads of Ruin\n|-fieldstart|move: Psychic Terrain|[from] ability: Psychic Surge|[of] p1a: Indeedee\n|-enditem|p1a: Indeedee|Psychic Seed\n|-boost|p1a: Indeedee|spd|1|[from] item: Psychic Seed\n|turn|1\n|\n|t:|1739185878\n|-terastallize|p2b: Chi-Yu|Fire\n|move|p2a: Whimsicott|Tailwind|p2a: Whimsicott\n|-sidestart|p2: seung2742|move: Tailwind\n|move|p2b: Chi-Yu|Heat Wave|p1a: Indeedee|[spread] p1a,p1b\n|-resisted|p1b: Koraidon\n|-damage|p1a: Indeedee|7\/100\n|-damage|p1b: Koraidon|19\/100\n|move|p1b: Koraidon|U-turn|p2b: Chi-Yu\n|-resisted|p2b: Chi-Yu\n|-damage|p2b: Chi-Yu|57\/100\n|\n|t:|1739185896\n|switch|p1b: Raging Bolt|Raging Bolt, L50|100\/100|[from] U-turn\n|-activate|p1b: Raging Bolt|ability: Protosynthesis\n|-start|p1b: Raging Bolt|protosynthesisspa\n|move|p1a: Indeedee|Trick Room|p1a: Indeedee\n|-fieldstart|move: Trick Room|[of] p1a: Indeedee\n|\n|-weather|SunnyDay|[upkeep]\n|upkeep\n|turn|2\n|inactive|longhq has 30 seconds left.\n|\n|t:|1739185924\n|switch|p1a: Kingambit|Kingambit, L50, F|100\/100\n|switch|p2b: Raging Bolt|Raging Bolt, L50|100\/100\n|-activate|p2b: Raging Bolt|ability: Protosynthesis\n|-start|p2b: Raging Bolt|protosynthesisspa\n|-terastallize|p1b: Raging Bolt|Electric\n|move|p1b: Raging Bolt|Thunderbolt|p2b: Raging Bolt\n|-resisted|p2b: Raging Bolt\n|-crit|p2b: Raging Bolt\n|-damage|p2b: Raging Bolt|74\/100\n|-damage|p1b: Raging Bolt|91\/100|[from] item: Life Orb\n|move|p2a: Whimsicott|Moonblast|p1b: Raging Bolt\n|-damage|p1b: Raging Bolt|66\/100\n|-unboost|p1b: Raging Bolt|spa|1\n|\n|-weather|SunnyDay|[upkeep]\n|upkeep\n|turn|3\n|inactive|seung2742 has 30 seconds left.\n|\n|t:|1739185952\n|move|p1a: Kingambit|Iron Head|p2a: Whimsicott\n|-supereffective|p2a: Whimsicott\n|-damage|p2a: Whimsicott|0 fnt\n|faint|p2a: Whimsicott\n|move|p1b: Raging Bolt|Draco Meteor|p2b: Raging Bolt\n|-supereffective|p2b: Raging Bolt\n|-damage|p2b: Raging Bolt|0 fnt\n|-unboost|p1b: Raging Bolt|spa|2\n|faint|p2b: Raging Bolt\n|-end|p2b: Raging Bolt|Protosynthesis|[silent]\n|-damage|p1b: Raging Bolt|56\/100|[from] item: Life Orb\n|\n|-weather|SunnyDay|[upkeep]\n|upkeep\n|j| Worst at ubers\n|\n|t:|1739185961\n|switch|p2b: Calyrex|Calyrex-Shadow, L50|100\/100\n|switch|p2a: Chi-Yu|Chi-Yu, L50, tera:Fire|57\/100\n|-ability|p2b: Calyrex|As One\n|-ability|p2b: Calyrex|Unnerve\n|-ability|p2a: Chi-Yu|Beads of Ruin\n|turn|4\n|inactive|longhq has 30 seconds left.\n|\n|t:|1739185989\n|-end|p1b: Raging Bolt|Protosynthesis|[silent]\n|switch|p1b: Indeedee|Indeedee-F, L50, F|7\/100\n|move|p1a: Kingambit|Kowtow Cleave|p2a: Chi-Yu\n|-damage|p2a: Chi-Yu|0 fnt\n|faint|p2a: Chi-Yu\n|move|p2b: Calyrex|Nasty Plot|p2b: Calyrex\n|-boost|p2b: Calyrex|spa|2\n|\n|-weather|SunnyDay|[upkeep]\n|-sideend|p2: seung2742|move: Tailwind\n|upkeep\n|turn|5\n|-message|seung2742 forfeited.\n|\n|win|longhq\n|raw|longhq's rating: 1632 &rarr; <strong>1654<\/strong><br \/>(+22 for winning)\n|raw|seung2742's rating: 1660 &rarr; <strong>1638<\/strong><br \/>(-22 for losing)\n|l|\u2606seung2742\n|player|p2|\n|l| Worst at ubers\n","uploadtime":1739186166,"views":16,"formatid":"gen9vgc2025regg","rating":1638,"private":0,"password":null}