{"id":"gen9vgc2025regg-2297977686","format":"[Gen 9] VGC 2025 Reg G","players":["sawawa256","Weakest blow"],"log":"|j|\u2606sawawa256\n|j|\u2606Weakest blow\n|t:|1739195143\n|gametype|doubles\n|player|p1|sawawa256|hilbert|1651\n|player|p2|Weakest blow|depotagent|1554\n|teamsize|p1|6\n|teamsize|p2|6\n|gen|9\n|tier|[Gen 9] VGC 2025 Reg G\n|rated|\n|rule|Species Clause: Limit one of each Pok\u00e9mon\n|rule|Item Clause: Limit 1 of each item\n|clearpoke\n|poke|p1|Calyrex-Ice, L50|\n|poke|p1|Farigiraf, L50, F|\n|poke|p1|Ogerpon-Hearthflame, L50, F|\n|poke|p1|Torkoal, L50, F|\n|poke|p1|Urshifu-*, L50, M|\n|poke|p1|Raging Bolt, L50|\n|poke|p2|Ditto, L50|\n|poke|p2|Iron Hands, L50|\n|poke|p2|Miraidon, L50|\n|poke|p2|Pelipper, L50, F|\n|poke|p2|Volcarona, L50, F|\n|poke|p2|Whimsicott, L50, F|\n|teampreview|4\n|\n|t:|1739195172\n|start\n|switch|p1a: Calyrex|Calyrex-Ice, L50|100\/100\n|switch|p1b: Ogerpon|Ogerpon-Hearthflame, L50, F|100\/100\n|switch|p2a: Iron Hands|Iron Hands, L50|100\/100\n|switch|p2b: Miraidon|Miraidon, L50|100\/100\n|-ability|p1a: Calyrex|As One\n|-ability|p1a: Calyrex|Unnerve\n|-fieldstart|move: Electric Terrain|[from] ability: Hadron Engine|[of] p2b: Miraidon\n|-activate|p2a: Iron Hands|ability: Quark Drive\n|-start|p2a: Iron Hands|quarkdriveatk\n|-ability|p1b: Ogerpon|Mold Breaker\n|turn|1\n|\n|t:|1739195199\n|move|p1b: Ogerpon|Spiky Shield|p1b: Ogerpon\n|-singleturn|p1b: Ogerpon|move: Protect\n|move|p1a: Calyrex|Protect|p1a: Calyrex\n|-singleturn|p1a: Calyrex|Protect\n|move|p2a: Iron Hands|Fake Out|p1a: Calyrex\n|-activate|p1a: Calyrex|move: Protect\n|move|p2b: Miraidon|Draco Meteor|p1b: Ogerpon\n|-activate|p1b: Ogerpon|move: Protect\n|\n|upkeep\n|turn|2\n|\n|t:|1739195223\n|-terastallize|p2b: Miraidon|Fairy\n|-terastallize|p1a: Calyrex|Fairy\n|move|p2b: Miraidon|Dazzling Gleam|p1b: Ogerpon|[spread] p1a,p1b\n|-resisted|p1b: Ogerpon\n|-damage|p1a: Calyrex|65\/100\n|-damage|p1b: Ogerpon|71\/100\n|-damage|p2b: Miraidon|91\/100|[from] item: Life Orb\n|move|p1b: Ogerpon|Power Whip|p2a: Iron Hands\n|-damage|p2a: Iron Hands|58\/100\n|move|p2a: Iron Hands|Drain Punch|p1a: Calyrex\n|-resisted|p1a: Calyrex\n|-damage|p1a: Calyrex|48\/100\n|-heal|p2a: Iron Hands|65\/100|[from] drain|[of] p1a: Calyrex\n|move|p1a: Calyrex|Glacial Lance|p2a: Iron Hands|[spread] p2a,p2b\n|-damage|p2a: Iron Hands|27\/100\n|-damage|p2b: Miraidon|32\/100\n|\n|upkeep\n|turn|3\n|\n|t:|1739195277\n|move|p1b: Ogerpon|Follow Me|p1b: Ogerpon\n|-singleturn|p1b: Ogerpon|move: Follow Me\n|move|p2b: Miraidon|Draco Meteor|p1b: Ogerpon\n|-damage|p1b: Ogerpon|0 fnt\n|-unboost|p2b: Miraidon|spa|2\n|faint|p1b: Ogerpon\n|-damage|p2b: Miraidon|23\/100|[from] item: Life Orb\n|move|p2a: Iron Hands|Low Kick|p1a: Calyrex\n|-resisted|p1a: Calyrex\n|-damage|p1a: Calyrex|19\/100\n|move|p1a: Calyrex|Glacial Lance|p2a: Iron Hands|[spread] p2a,p2b\n|-damage|p2a: Iron Hands|0 fnt\n|-damage|p2b: Miraidon|0 fnt\n|faint|p2a: Iron Hands\n|-end|p2a: Iron Hands|Quark Drive|[silent]\n|faint|p2b: Miraidon\n|-ability|p1a: Calyrex|Chilling Neigh|boost\n|-boost|p1a: Calyrex|atk|2\n|\n|upkeep\n|\n|t:|1739195298\n|switch|p2b: Ditto|Ditto, L50|100\/100\n|switch|p1b: Farigiraf|Farigiraf, L50, F|100\/100\n|switch|p2a: Pelipper|Pelipper, L50, F|100\/100\n|-transform|p2b: Ditto|p1a: Calyrex|[from] ability: Imposter\n|-ability|p2b: Ditto|As One\n|-ability|p2b: Ditto|Unnerve\n|-weather|RainDance|[from] ability: Drizzle|[of] p2a: Pelipper\n|-enditem|p2a: Pelipper|Electric Seed\n|-boost|p2a: Pelipper|def|1|[from] item: Electric Seed\n|-start|p2b: Ditto|typechange|Psychic\/Ice|[silent]\n|turn|4\n|\n|t:|1739195325\n|move|p2a: Pelipper|Hurricane|p1a: Calyrex\n|-damage|p1a: Calyrex|0 fnt\n|faint|p1a: Calyrex\n|move|p1b: Farigiraf|Psyshock|p2a: Pelipper\n|-damage|p2a: Pelipper|79\/100\n|move|p2b: Ditto|Glacial Lance|p1b: Farigiraf\n|-damage|p1b: Farigiraf|0 fnt\n|faint|p1b: Farigiraf\n|-ability|p2b: Ditto|Chilling Neigh|boost\n|-boost|p2b: Ditto|atk|1\n|\n|-weather|RainDance|[upkeep]\n|upkeep\n|\n|t:|1739195340\n|switch|p1b: Urshifu|Urshifu, L50, M|100\/100\n|turn|5\n|\n|t:|1739195346\n|move|p1b: Urshifu|Wicked Blow|p2b: Ditto\n|-supereffective|p2b: Ditto\n|-crit|p2b: Ditto\n|-damage|p2b: Ditto|2\/100\n|move|p2a: Pelipper|Hurricane|p1b: Urshifu\n|-supereffective|p1b: Urshifu\n|-enditem|p1b: Urshifu|Focus Sash\n|-damage|p1b: Urshifu|1\/100\n|move|p2b: Ditto|Glacial Lance|p1b: Urshifu\n|-crit|p1b: Urshifu\n|-damage|p1b: Urshifu|0 fnt\n|faint|p1b: Urshifu\n|\n|win|Weakest blow\n|raw|sawawa256's rating: 1651 &rarr; <strong>1626<\/strong><br \/>(-25 for losing)\n|raw|Weakest blow's rating: 1554 &rarr; <strong>1579<\/strong><br \/>(+25 for winning)\n|l|\u2606sawawa256\n|player|p1|\n","uploadtime":1739195586,"views":4,"formatid":"gen9vgc2025regg","rating":1579,"private":0,"password":null}