{"id":"gen9vgc2025regg-2297538023","format":"[Gen 9] VGC 2025 Reg G","players":["Nightwind Husky","liamvgc01"],"log":"|j|\u2606Nightwind Husky\n|j|\u2606liamvgc01\n|t:|1739127563\n|gametype|doubles\n|player|p1|Nightwind Husky|265|1570\n|player|p2|liamvgc01|red|1573\n|teamsize|p1|6\n|teamsize|p2|6\n|gen|9\n|tier|[Gen 9] VGC 2025 Reg G\n|rated|\n|rule|Species Clause: Limit one of each Pok\u00e9mon\n|rule|Item Clause: Limit 1 of each item\n|clearpoke\n|poke|p1|Calyrex-Ice, L50|\n|poke|p1|Landorus, L50, M|\n|poke|p1|Amoonguss, L50, M|\n|poke|p1|Urshifu-*, L50, F|\n|poke|p1|Roaring Moon, L50|\n|poke|p1|Ogerpon-Hearthflame, L50, F|\n|poke|p2|Amoonguss, L50, F|\n|poke|p2|Ogerpon-Cornerstone, L50, F|\n|poke|p2|Urshifu-*, L50, F|\n|poke|p2|Whimsicott, L50, F|\n|poke|p2|Landorus, L50, M|\n|poke|p2|Calyrex-Ice, L50|\n|teampreview|4\n|inactive|Battle timer is ON: inactive players will automatically lose when time's up. (requested by liamvgc01)\n|\n|t:|1739127587\n|start\n|switch|p1a: Calyrex|Calyrex-Ice, L50|100\/100\n|switch|p1b: Ogerpon|Ogerpon-Hearthflame, L50, F|100\/100\n|switch|p2a: Whimsicott|Whimsicott, L50, F|100\/100\n|switch|p2b: Calyrex|Calyrex-Ice, L50|100\/100\n|-ability|p2b: Calyrex|As One\n|-ability|p2b: Calyrex|Unnerve\n|-ability|p1a: Calyrex|As One\n|-ability|p1a: Calyrex|Unnerve\n|-ability|p1b: Ogerpon|Mold Breaker\n|turn|1\n|\n|t:|1739127603\n|-terastallize|p2b: Calyrex|Fairy\n|move|p2a: Whimsicott|Tailwind|p2a: Whimsicott\n|-sidestart|p2: liamvgc01|move: Tailwind\n|move|p2b: Calyrex|Glacial Lance|p1a: Calyrex|[spread] p1a,p1b\n|-resisted|p1a: Calyrex\n|-damage|p1a: Calyrex|85\/100\n|-damage|p1b: Ogerpon|51\/100\n|move|p1b: Ogerpon|Ivy Cudgel|p2a: Whimsicott|[anim] Ivy Cudgel Fire\n|-supereffective|p2a: Whimsicott\n|-damage|p2a: Whimsicott|0 fnt\n|faint|p2a: Whimsicott\n|move|p1a: Calyrex|Glacial Lance|p2b: Calyrex\n|-damage|p2b: Calyrex|57\/100\n|\n|upkeep\n|\n|t:|1739127616\n|switch|p2a: Ogerpon|Ogerpon-Cornerstone, L50, F|100\/100\n|turn|2\n|\n|t:|1739127628\n|move|p2a: Ogerpon|Spiky Shield|p2a: Ogerpon\n|-singleturn|p2a: Ogerpon|move: Protect\n|move|p1b: Ogerpon|Follow Me|p1b: Ogerpon\n|-singleturn|p1b: Ogerpon|move: Follow Me\n|move|p2b: Calyrex|Glacial Lance|p1b: Ogerpon|[spread] p1a,p1b\n|-resisted|p1a: Calyrex\n|-crit|p1a: Calyrex\n|-damage|p1a: Calyrex|60\/100\n|-damage|p1b: Ogerpon|2\/100\n|move|p1a: Calyrex|Trick Room|p1a: Calyrex\n|-fieldstart|move: Trick Room|[of] p1a: Calyrex\n|\n|upkeep\n|turn|3\n|\n|t:|1739127649\n|move|p1a: Calyrex|Glacial Lance|p2b: Calyrex|[spread] p2a,p2b\n|-supereffective|p2a: Ogerpon\n|-ability|p2a: Ogerpon|Sturdy\n|-damage|p2a: Ogerpon|1\/100\n|-damage|p2b: Calyrex|22\/100\n|move|p1b: Ogerpon|Horn Leech|p2a: Ogerpon\n|-damage|p2a: Ogerpon|0 fnt\n|-heal|p1b: Ogerpon|3\/100|[from] drain|[of] p2a: Ogerpon\n|faint|p2a: Ogerpon\n|move|p2b: Calyrex|Trick Room|p2b: Calyrex\n|-fieldend|move: Trick Room\n|\n|upkeep\n|\n|t:|1739127652\n|switch|p2a: Landorus|Landorus, L50, M|100\/100\n|turn|4\n|\n|t:|1739127670\n|move|p1a: Calyrex|Protect|p1a: Calyrex\n|-singleturn|p1a: Calyrex|Protect\n|move|p1b: Ogerpon|Follow Me|p1b: Ogerpon\n|-singleturn|p1b: Ogerpon|move: Follow Me\n|move|p2a: Landorus|Sandsear Storm|p1b: Ogerpon|[spread] p1b\n|-activate|p1a: Calyrex|move: Protect\n|-damage|p1b: Ogerpon|0 fnt\n|faint|p1b: Ogerpon\n|move|p2b: Calyrex|High Horsepower|p1a: Calyrex\n|-activate|p1a: Calyrex|move: Protect\n|\n|-sideend|p2: liamvgc01|move: Tailwind\n|upkeep\n|\n|t:|1739127675\n|switch|p1b: Roaring Moon|Roaring Moon, L50|100\/100\n|-enditem|p1b: Roaring Moon|Booster Energy\n|-activate|p1b: Roaring Moon|ability: Protosynthesis|[fromitem]\n|-start|p1b: Roaring Moon|protosynthesisspe\n|turn|5\n|\n|t:|1739127684\n|move|p1b: Roaring Moon|Tailwind|p1b: Roaring Moon\n|-sidestart|p1: Nightwind Husky|move: Tailwind\n|move|p1a: Calyrex|Glacial Lance|p2b: Calyrex|[spread] p2a,p2b\n|-supereffective|p2a: Landorus\n|-damage|p2a: Landorus|0 fnt\n|-damage|p2b: Calyrex|0 fnt\n|faint|p2a: Landorus\n|faint|p2b: Calyrex\n|\n|win|Nightwind Husky\n|raw|Nightwind Husky's rating: 1570 &rarr; <strong>1590<\/strong><br \/>(+20 for winning)\n|raw|liamvgc01's rating: 1573 &rarr; <strong>1553<\/strong><br \/>(-20 for losing)\n","uploadtime":1739127692,"views":5,"formatid":"gen9vgc2025regg","rating":1553,"private":0,"password":null}