{"id":"gen9vgc2025regg-2297117486","format":"[Gen 9] VGC 2025 Reg G","players":["RichardTheSlayer","juanessamal"],"log":"|j|\u2606RichardTheSlayer\n|j|\u2606juanessamal\n|t:|1739060533\n|gametype|doubles\n|player|p1|RichardTheSlayer|265|1507\n|player|p2|juanessamal|266|1575\n|teamsize|p1|6\n|teamsize|p2|6\n|gen|9\n|tier|[Gen 9] VGC 2025 Reg G\n|rated|\n|rule|Species Clause: Limit one of each Pok\u00e9mon\n|rule|Item Clause: Limit 1 of each item\n|clearpoke\n|poke|p1|Calyrex-Ice, L50|\n|poke|p1|Ogerpon-Hearthflame, L50, F|\n|poke|p1|Rillaboom, L50, M|\n|poke|p1|Raging Bolt, L50|\n|poke|p1|Tornadus, L50, M|\n|poke|p1|Urshifu-*, L50, M|\n|poke|p2|Koraidon, L50|\n|poke|p2|Weezing-Galar, L50, F|\n|poke|p2|Chi-Yu, L50|\n|poke|p2|Flutter Mane, L50|\n|poke|p2|Brute Bonnet, L50|\n|poke|p2|Walking Wake, L50|\n|teampreview|4\n|j| Meiser63\n|\n|t:|1739060592\n|start\n|switch|p1a: Raging Bolt|Raging Bolt, L50|100\/100\n|switch|p1b: Tornadus|Tornadus, L50, M|100\/100\n|switch|p2a: Koraidon|Koraidon, L50|100\/100\n|switch|p2b: Weezing|Weezing-Galar, L50, F|100\/100\n|-ability|p2b: Weezing|Neutralizing Gas\n|turn|1\n|\n|t:|1739060607\n|-terastallize|p2a: Koraidon|Fire\n|move|p1a: Raging Bolt|Protect|p1a: Raging Bolt\n|-singleturn|p1a: Raging Bolt|Protect\n|move|p2a: Koraidon|Flare Blitz|p1b: Tornadus\n|-damage|p1b: Tornadus|33\/100\n|-damage|p2a: Koraidon|77\/100|[from] Recoil\n|-damage|p2a: Koraidon|67\/100|[from] item: Life Orb\n|move|p1b: Tornadus|Tailwind|p1b: Tornadus\n|-sidestart|p1: RichardTheSlayer|move: Tailwind\n|move|p2b: Weezing|Strange Steam|p1a: Raging Bolt\n|-activate|p1a: Raging Bolt|move: Protect\n|\n|upkeep\n|turn|2\n|\n|t:|1739060712\n|-end|p2b: Weezing|ability: Neutralizing Gas\n|-weather|SunnyDay|[from] ability: Orichalcum Pulse|[of] p2a: Koraidon\n|-activate|p1a: Raging Bolt|ability: Protosynthesis\n|-start|p1a: Raging Bolt|protosynthesisspa\n|-activate|p2a: Koraidon|Orichalcum Pulse|[source]\n|switch|p2b: Brute Bonnet|Brute Bonnet, L50|100\/100\n|-activate|p2b: Brute Bonnet|ability: Protosynthesis\n|-start|p2b: Brute Bonnet|protosynthesisatk\n|move|p2a: Koraidon|Protect|p2a: Koraidon\n|-singleturn|p2a: Koraidon|Protect\n|move|p1b: Tornadus|Bleakwind Storm|p2a: Koraidon|[spread] \n|-activate|p2a: Koraidon|move: Protect\n|-miss|p1b: Tornadus|p2b: Brute Bonnet\n|move|p1a: Raging Bolt|Thunderbolt|p2a: Koraidon\n|-activate|p2a: Koraidon|move: Protect\n|\n|-weather|SunnyDay|[upkeep]\n|upkeep\n|turn|3\n|\n|t:|1739060757\n|move|p2b: Brute Bonnet|Rage Powder|p2b: Brute Bonnet\n|-singleturn|p2b: Brute Bonnet|move: Rage Powder\n|move|p1b: Tornadus|Bleakwind Storm|p2a: Koraidon|[spread] p2a,p2b\n|-supereffective|p2b: Brute Bonnet\n|-damage|p2a: Koraidon|36\/100\n|-damage|p2b: Brute Bonnet|45\/100\n|-unboost|p2a: Koraidon|spe|1\n|move|p1a: Raging Bolt|Thunderbolt|p2b: Brute Bonnet\n|-resisted|p2b: Brute Bonnet\n|-damage|p2b: Brute Bonnet|6\/100\n|-damage|p1a: Raging Bolt|91\/100|[from] item: Life Orb\n|move|p2a: Koraidon|Scale Shot|p1a: Raging Bolt\n|-supereffective|p1a: Raging Bolt\n|-damage|p1a: Raging Bolt|49\/100\n|-supereffective|p1a: Raging Bolt\n|-damage|p1a: Raging Bolt|11\/100\n|-supereffective|p1a: Raging Bolt\n|-damage|p1a: Raging Bolt|0 fnt\n|faint|p1a: Raging Bolt\n|-end|p1a: Raging Bolt|Protosynthesis|[silent]\n|-hitcount|p1: Raging Bolt|3\n|-unboost|p2a: Koraidon|def|1\n|-boost|p2a: Koraidon|spe|1\n|-damage|p2a: Koraidon|27\/100|[from] item: Life Orb\n|\n|-weather|SunnyDay|[upkeep]\n|upkeep\n|\n|t:|1739060767\n|switch|p1a: Ogerpon|Ogerpon-Hearthflame, L50, F|100\/100\n|-ability|p1a: Ogerpon|Mold Breaker\n|turn|4\n|\n|t:|1739060801\n|move|p1a: Ogerpon|Spiky Shield|p1a: Ogerpon\n|-singleturn|p1a: Ogerpon|move: Protect\n|move|p2a: Koraidon|Protect|p2a: Koraidon\n|-singleturn|p2a: Koraidon|Protect\n|move|p1b: Tornadus|Taunt|p2a: Koraidon\n|-activate|p2a: Koraidon|move: Protect\n|move|p2b: Brute Bonnet|Sucker Punch||[still]\n|-fail|p2b: Brute Bonnet\n|\n|-weather|SunnyDay|[upkeep]\n|-sideend|p1: RichardTheSlayer|move: Tailwind\n|upkeep\n|turn|5\n|\n|t:|1739060821\n|-end|p2b: Brute Bonnet|Protosynthesis|[silent]\n|switch|p2b: Weezing|Weezing-Galar, L50, F|100\/100\n|-ability|p2b: Weezing|Neutralizing Gas\n|-terastallize|p1a: Ogerpon|Fire\n|detailschange|p1a: Ogerpon|Ogerpon-Hearthflame-Tera, L50, F, tera:Fire\n|move|p2a: Koraidon|Scale Shot|p1b: Tornadus\n|-damage|p1b: Tornadus|17\/100\n|-damage|p1b: Tornadus|2\/100\n|-damage|p1b: Tornadus|0 fnt\n|faint|p1b: Tornadus\n|-hitcount|p1: Tornadus|3\n|-unboost|p2a: Koraidon|def|1\n|-boost|p2a: Koraidon|spe|1\n|-damage|p2a: Koraidon|17\/100|[from] item: Life Orb\n|move|p1a: Ogerpon|Ivy Cudgel|p2a: Koraidon|[anim] Ivy Cudgel Fire\n|-resisted|p2a: Koraidon\n|-damage|p2a: Koraidon|0 fnt\n|faint|p2a: Koraidon\n|\n|-weather|SunnyDay|[upkeep]\n|upkeep\n|l|\u2606juanessamal\n|player|p2|\n|j|\u2606juanessamal\n|player|p2|juanessamal|266|\n|\n|t:|1739060870\n|switch|p2a: Chi-Yu|Chi-Yu, L50|100\/100\n|switch|p1b: Calyrex|Calyrex-Ice, L50|100\/100\n|-ability|p1b: Calyrex|As One\n|-ability|p1b: Calyrex|Unnerve\n|turn|6\n|\n|t:|1739060912\n|move|p1b: Calyrex|Protect|p1b: Calyrex\n|-singleturn|p1b: Calyrex|Protect\n|move|p2a: Chi-Yu|Heat Wave|p1a: Ogerpon|[spread] p1a\n|-activate|p1b: Calyrex|move: Protect\n|-resisted|p1a: Ogerpon\n|-damage|p1a: Ogerpon|66\/100\n|move|p1a: Ogerpon|Ivy Cudgel|p2a: Chi-Yu|[anim] Ivy Cudgel Fire\n|-resisted|p2a: Chi-Yu\n|-damage|p2a: Chi-Yu|16\/100\n|move|p2b: Weezing|Sludge Bomb|p1a: Ogerpon\n|-damage|p1a: Ogerpon|26\/100\n|\n|-weather|none\n|upkeep\n|turn|7\n|\n|t:|1739060949\n|move|p1a: Ogerpon|Spiky Shield|p1a: Ogerpon\n|-singleturn|p1a: Ogerpon|move: Protect\n|move|p2a: Chi-Yu|Heat Wave|p1a: Ogerpon|[spread] p1b\n|-activate|p1a: Ogerpon|move: Protect\n|-supereffective|p1b: Calyrex\n|-damage|p1b: Calyrex|40\/100\n|move|p2b: Weezing|Sludge Bomb|p1b: Calyrex\n|-damage|p1b: Calyrex|12\/100\n|move|p1b: Calyrex|Glacial Lance|p2b: Weezing|[spread] p2a,p2b\n|-resisted|p2a: Chi-Yu\n|-damage|p2a: Chi-Yu|0 fnt\n|-damage|p2b: Weezing|38\/100\n|faint|p2a: Chi-Yu\n|-ability|p1b: Calyrex|Chilling Neigh|boost\n|-boost|p1b: Calyrex|atk|1\n|\n|upkeep\n|\n|t:|1739060963\n|switch|p2a: Brute Bonnet|Brute Bonnet, L50|6\/100\n|turn|8\n|\n|t:|1739060994\n|move|p2b: Weezing|Protect|p2b: Weezing\n|-singleturn|p2b: Weezing|Protect\n|move|p1a: Ogerpon|Follow Me|p1a: Ogerpon\n|-singleturn|p1a: Ogerpon|move: Follow Me\n|move|p2a: Brute Bonnet|Spore|p1a: Ogerpon\n|-status|p1a: Ogerpon|slp|[from] move: Spore\n|move|p1b: Calyrex|Glacial Lance|p2a: Brute Bonnet|[spread] p2a\n|-activate|p2b: Weezing|move: Protect\n|-supereffective|p2a: Brute Bonnet\n|-damage|p2a: Brute Bonnet|0 fnt\n|faint|p2a: Brute Bonnet\n|-end|p2a: Brute Bonnet|Protosynthesis|[silent]\n|-ability|p1b: Calyrex|Chilling Neigh|boost\n|-boost|p1b: Calyrex|atk|1\n|\n|upkeep\n|turn|9\n|l| Meiser63\n|\n|t:|1739061007\n|move|p1b: Calyrex|Protect|p1b: Calyrex\n|-singleturn|p1b: Calyrex|Protect\n|cant|p1a: Ogerpon|slp\n|move|p2b: Weezing|Sludge Bomb|p1b: Calyrex\n|-activate|p1b: Calyrex|move: Protect\n|\n|upkeep\n|turn|10\n|\n|t:|1739061015\n|cant|p1a: Ogerpon|slp\n|move|p2b: Weezing|Sludge Bomb|p1a: Ogerpon\n|-damage|p1a: Ogerpon|0 fnt\n|faint|p1a: Ogerpon\n|move|p1b: Calyrex|Glacial Lance|p2b: Weezing\n|-damage|p2b: Weezing|0 fnt\n|faint|p2b: Weezing\n|-end|p2b: Weezing|ability: Neutralizing Gas\n|\n|win|RichardTheSlayer\n|raw|RichardTheSlayer's rating: 1507 &rarr; <strong>1531<\/strong><br \/>(+24 for winning)\n|raw|juanessamal's rating: 1575 &rarr; <strong>1551<\/strong><br \/>(-24 for losing)\n|l|\u2606juanessamal\n|player|p2|\n","uploadtime":1739061166,"views":5,"formatid":"gen9vgc2025regg","rating":1531,"private":0,"password":null}