{"id":"gen9vgc2025regg-2297105545","format":"[Gen 9] VGC 2025 Reg G","players":["actuary97","iAcidicOwl"],"log":"|j|\u2606actuary97\n|j|\u2606iAcidicOwl\n|t:|1739058931\n|gametype|doubles\n|player|p1|actuary97|sabrina-frlg|1606\n|player|p2|iAcidicOwl|dahlia|1591\n|teamsize|p1|6\n|teamsize|p2|6\n|gen|9\n|tier|[Gen 9] VGC 2025 Reg G\n|rated|\n|rule|Species Clause: Limit one of each Pok\u00e9mon\n|rule|Item Clause: Limit 1 of each item\n|clearpoke\n|poke|p1|Regieleki, L50|\n|poke|p1|Miraidon, L50|\n|poke|p1|Roaring Moon, L50|\n|poke|p1|Iron Hands, L50|\n|poke|p1|Chi-Yu, L50|\n|poke|p1|Whimsicott, L50, F|\n|poke|p2|Tyranitar, L50, M|\n|poke|p2|Zamazenta-*, L50|\n|poke|p2|Ogerpon-Hearthflame, L50, F|\n|poke|p2|Raging Bolt, L50|\n|poke|p2|Rillaboom, L50, F|\n|poke|p2|Moltres-Galar, L50|\n|teampreview|4\nactuary97 has agreed to open team sheets.\n|\n|t:|1739059032\n|start\n|switch|p1a: Regieleki|Regieleki, L50|100\/100\n|switch|p1b: Roaring Moon|Roaring Moon, L50|100\/100\n|switch|p2a: Ogerpon|Ogerpon-Hearthflame, L50, F|100\/100\n|switch|p2b: Zamazenta|Zamazenta-Crowned, L50|100\/100\n|-ability|p2b: Zamazenta|Dauntless Shield|boost\n|-boost|p2b: Zamazenta|def|1\n|-ability|p2a: Ogerpon|Mold Breaker\n|-enditem|p1b: Roaring Moon|Booster Energy\n|-activate|p1b: Roaring Moon|ability: Protosynthesis|[fromitem]\n|-start|p1b: Roaring Moon|protosynthesisspe\n|turn|1\n|j| mr pogostick\n|\n|t:|1739059086\n|-terastallize|p1b: Roaring Moon|Flying\n|-terastallize|p2a: Ogerpon|Fire\n|detailschange|p2a: Ogerpon|Ogerpon-Hearthflame-Tera, L50, F, tera:Fire\n|-ability|p2a: Ogerpon|Embody Aspect (Hearthflame)|boost\n|-boost|p2a: Ogerpon|atk|1\n|move|p1b: Roaring Moon|Breaking Swipe|p2b: Zamazenta|[spread] p2a,p2b\n|-resisted|p2b: Zamazenta\n|-damage|p2a: Ogerpon|70\/100\n|-damage|p2b: Zamazenta|95\/100\n|-unboost|p2a: Ogerpon|atk|1\n|-unboost|p2b: Zamazenta|atk|1\n|move|p1a: Regieleki|Volt Switch|p2b: Zamazenta\n|-damage|p2b: Zamazenta|55\/100\n|\n|t:|1739059099\n|switch|p1a: Iron Hands|Iron Hands, L50|100\/100|[from] Volt Switch\n|move|p2b: Zamazenta|Body Press|p1b: Roaring Moon\n|-resisted|p1b: Roaring Moon\n|-damage|p1b: Roaring Moon|63\/100\n|move|p2a: Ogerpon|Ivy Cudgel|p1a: Iron Hands|[anim] Ivy Cudgel Fire\n|-damage|p1a: Iron Hands|48\/100\n|\n|upkeep\n|turn|2\n|\n|t:|1739059134\n|-end|p1a: Iron Hands|Quark Drive|[silent]\n|switch|p1a: Miraidon|Miraidon, L50|100\/100\n|-fieldstart|move: Electric Terrain|[from] ability: Hadron Engine|[of] p1a: Miraidon\n|move|p1b: Roaring Moon|Breaking Swipe|p2b: Zamazenta|[spread] p2a,p2b\n|-resisted|p2b: Zamazenta\n|-damage|p2a: Ogerpon|38\/100\n|-damage|p2b: Zamazenta|50\/100\n|-unboost|p2a: Ogerpon|atk|1\n|-unboost|p2b: Zamazenta|atk|1\n|move|p2b: Zamazenta|Iron Defense|p2b: Zamazenta\n|-boost|p2b: Zamazenta|def|2\n|move|p2a: Ogerpon|Ivy Cudgel|p1a: Miraidon|[anim] Ivy Cudgel Fire\n|-resisted|p1a: Miraidon\n|-damage|p1a: Miraidon|73\/100\n|\n|upkeep\n|turn|3\n|\n|t:|1739059164\n|move|p1a: Miraidon|Protect|p1a: Miraidon\n|-singleturn|p1a: Miraidon|Protect\n|move|p1b: Roaring Moon|Dragon Cheer|p1a: Miraidon\n|-start|p1a: Miraidon|move: Dragon Cheer\n|move|p2b: Zamazenta|Body Press|p1a: Miraidon\n|-activate|p1a: Miraidon|move: Protect\n|move|p2a: Ogerpon|Ivy Cudgel|p1b: Roaring Moon|[anim] Ivy Cudgel Fire\n|-damage|p1b: Roaring Moon|0 fnt\n|faint|p1b: Roaring Moon\n|-end|p1b: Roaring Moon|Protosynthesis|[silent]\n|\n|upkeep\n|\n|t:|1739059176\n|switch|p1b: Regieleki|Regieleki, L50|100\/100\n|turn|4\n|\n|t:|1739059197\n|switch|p2a: Rillaboom|Rillaboom, L50, F|100\/100\n|-fieldstart|move: Grassy Terrain|[from] ability: Grassy Surge|[of] p2a: Rillaboom\n|move|p1b: Regieleki|Volt Switch|p2a: Rillaboom\n|-resisted|p2a: Rillaboom\n|-damage|p2a: Rillaboom|79\/100\n|\n|t:|1739059204\n|switch|p1b: Iron Hands|Iron Hands, L50|48\/100|[from] Volt Switch\n|move|p1a: Miraidon|Electro Drift|p2b: Zamazenta\n|-crit|p2b: Zamazenta\n|-damage|p2b: Zamazenta|0 fnt\n|faint|p2b: Zamazenta\n|\n|-heal|p1a: Miraidon|79\/100|[from] Grassy Terrain\n|-heal|p2a: Rillaboom|85\/100|[from] Grassy Terrain\n|-heal|p1b: Iron Hands|54\/100|[from] Grassy Terrain\n|upkeep\n|\n|t:|1739059236\n|switch|p2b: Ogerpon|Ogerpon-Hearthflame-Tera, L50, F, tera:Fire|38\/100\n|-ability|p2b: Ogerpon|Embody Aspect (Hearthflame)|boost\n|-boost|p2b: Ogerpon|atk|1\n|turn|5\n|\n|t:|1739059270\n|move|p1a: Miraidon|Protect|p1a: Miraidon\n|-singleturn|p1a: Miraidon|Protect\n|move|p2a: Rillaboom|Fake Out|p1a: Miraidon\n|-activate|p1a: Miraidon|move: Protect\n|move|p2b: Ogerpon|Ivy Cudgel|p1b: Iron Hands|[anim] Ivy Cudgel Fire\n|-damage|p1b: Iron Hands|0 fnt\n|faint|p1b: Iron Hands\n|-end|p1b: Iron Hands|Quark Drive|[silent]\n|\n|-heal|p1a: Miraidon|85\/100|[from] Grassy Terrain\n|-heal|p2b: Ogerpon|44\/100|[from] Grassy Terrain\n|-heal|p2a: Rillaboom|90\/100|[from] Grassy Terrain\n|upkeep\n|\n|t:|1739059277\n|switch|p1b: Regieleki|Regieleki, L50|100\/100\n|turn|6\n|\n|t:|1739059310\n|move|p2b: Ogerpon|Spiky Shield|p2b: Ogerpon\n|-singleturn|p2b: Ogerpon|move: Protect\n|move|p2a: Rillaboom|Grassy Glide|p1b: Regieleki\n|-crit|p1b: Regieleki\n|-damage|p1b: Regieleki|0 fnt\n|faint|p1b: Regieleki\n|move|p1a: Miraidon|Overheat|p2a: Rillaboom\n|-supereffective|p2a: Rillaboom\n|-crit|p2a: Rillaboom\n|-damage|p2a: Rillaboom|0 fnt\n|-unboost|p1a: Miraidon|spa|2\n|faint|p2a: Rillaboom\n|\n|-heal|p1a: Miraidon|91\/100|[from] Grassy Terrain\n|-heal|p2b: Ogerpon|50\/100|[from] Grassy Terrain\n|upkeep\n|\n|t:|1739059319\n|switch|p2a: Raging Bolt|Raging Bolt, L50|100\/100\n|-enditem|p2a: Raging Bolt|Booster Energy\n|-activate|p2a: Raging Bolt|ability: Protosynthesis|[fromitem]\n|-start|p2a: Raging Bolt|protosynthesisspa\n|turn|7\n|\n|t:|1739059372\n|move|p1a: Miraidon|Draco Meteor|p2a: Raging Bolt\n|-supereffective|p2a: Raging Bolt\n|-crit|p2a: Raging Bolt\n|-damage|p2a: Raging Bolt|0 fnt\n|-unboost|p1a: Miraidon|spa|2\n|faint|p2a: Raging Bolt\n|-end|p2a: Raging Bolt|Protosynthesis|[silent]\n|move|p2b: Ogerpon|Ivy Cudgel|p1a: Miraidon|[anim] Ivy Cudgel Fire\n|-resisted|p1a: Miraidon\n|-damage|p1a: Miraidon|32\/100\n|\n|-heal|p1a: Miraidon|38\/100|[from] Grassy Terrain\n|-heal|p2b: Ogerpon|56\/100|[from] Grassy Terrain\n|upkeep\n|turn|8\n|\n|t:|1739059383\n|move|p1a: Miraidon|Protect|p1a: Miraidon\n|-singleturn|p1a: Miraidon|Protect\n|move|p2b: Ogerpon|Spiky Shield||[still]\n|-fail|p2b: Ogerpon\n|\n|-heal|p1a: Miraidon|44\/100|[from] Grassy Terrain\n|-heal|p2b: Ogerpon|61\/100|[from] Grassy Terrain\n|-fieldend|move: Grassy Terrain\n|upkeep\n|turn|9\n|\n|t:|1739059388\n|move|p2b: Ogerpon|Spiky Shield|p2b: Ogerpon\n|-singleturn|p2b: Ogerpon|move: Protect\n|move|p1a: Miraidon|Electro Drift|p2b: Ogerpon\n|-activate|p2b: Ogerpon|move: Protect\n|-damage|p1a: Miraidon|32\/100|[from] Spiky Shield|[of] p2b: Ogerpon\n|\n|upkeep\n|turn|10\n|\n|t:|1739059393\n|move|p1a: Miraidon|Electro Drift|p2b: Ogerpon\n|-crit|p2b: Ogerpon\n|-damage|p2b: Ogerpon|0 fnt\n|faint|p2b: Ogerpon\n|\n|win|actuary97\n|raw|actuary97's rating: 1606 &rarr; <strong>1625<\/strong><br \/>(+19 for winning)\n|raw|iAcidicOwl's rating: 1591 &rarr; <strong>1572<\/strong><br \/>(-19 for losing)\n|l|\u2606iAcidicOwl\n|player|p2|\n|l| mr pogostick\n|l|\u2606actuary97\n|player|p1|\n|j|\u2606actuary97\n|player|p1|actuary97|sabrina-frlg|\n|l|\u2606actuary97\n|player|p1|\n","uploadtime":1739059399,"views":32,"formatid":"gen9vgc2025regg","rating":1572,"private":0,"password":null}