{"id":"gen9vgc2025regg-2297242298","format":"[Gen 9] VGC 2025 Reg G","players":["Sup Camille OTP","zero_the_enforcer"],"log":"|j|\u2606Sup Camille OTP\n|j|\u2606zero_the_enforcer\n|t:|1739078400\n|gametype|doubles\n|player|p1|Sup Camille OTP|mars|1528\n|player|p2|zero_the_enforcer|265|1641\n|teamsize|p1|6\n|teamsize|p2|6\n|gen|9\n|tier|[Gen 9] VGC 2025 Reg G\n|rated|\n|rule|Species Clause: Limit one of each Pok\u00e9mon\n|rule|Item Clause: Limit 1 of each item\n|clearpoke\n|poke|p1|Miraidon, L50|\n|poke|p1|Whimsicott, L50, F|\n|poke|p1|Farigiraf, L50, F|\n|poke|p1|Urshifu-*, L50, M|\n|poke|p1|Iron Hands, L50|\n|poke|p1|Ogerpon-Hearthflame, L50, F|\n|poke|p2|Miraidon, L50|\n|poke|p2|Chi-Yu, L50|\n|poke|p2|Whimsicott, L50, F|\n|poke|p2|Farigiraf, L50, F|\n|poke|p2|Ursaluna, L50, F|\n|poke|p2|Grimmsnarl, L50, M|\n|teampreview|4\n|j| Kal0stest\n|inactive|Battle timer is ON: inactive players will automatically lose when time's up. (requested by zero_the_enforcer)\n|\n|t:|1739078429\n|start\n|switch|p1a: Whimsicott|Whimsicott, L50, F|100\/100\n|switch|p1b: Miraidon|Miraidon, L50|100\/100\n|switch|p2a: Miraidon|Miraidon, L50|100\/100\n|switch|p2b: Grimmsnarl|Grimmsnarl, L50, M|100\/100\n|-fieldstart|move: Electric Terrain|[from] ability: Hadron Engine|[of] p1b: Miraidon\n|-activate|p2a: Miraidon|ability: Hadron Engine\n|turn|1\n|j| Uzairion2\n|\n|t:|1739078449\n|move|p1a: Whimsicott|Tailwind|p1a: Whimsicott\n|-sidestart|p1: Sup Camille OTP|move: Tailwind\n|move|p2b: Grimmsnarl|Light Screen|p2b: Grimmsnarl\n|-sidestart|p2: zero_the_enforcer|move: Light Screen\n|move|p1b: Miraidon|Volt Switch|p2b: Grimmsnarl\n|-damage|p2b: Grimmsnarl|41\/100\n|\n|t:|1739078454\n|switch|p1b: Ogerpon|Ogerpon-Hearthflame, L50, F|100\/100|[from] Volt Switch\n|-ability|p1b: Ogerpon|Mold Breaker\n|move|p2a: Miraidon|Volt Switch|p1b: Ogerpon\n|-resisted|p1b: Ogerpon\n|-damage|p1b: Ogerpon|58\/100\n|\n|t:|1739078463\n|switch|p2a: Farigiraf|Farigiraf, L50, F|100\/100|[from] Volt Switch\n|-enditem|p2a: Farigiraf|Electric Seed\n|-boost|p2a: Farigiraf|def|1|[from] item: Electric Seed\n|\n|upkeep\n|turn|2\n|l| Uzairion2\n|\n|t:|1739078484\n|move|p2b: Grimmsnarl|Reflect|p2b: Grimmsnarl\n|-sidestart|p2: zero_the_enforcer|Reflect\n|move|p1a: Whimsicott|Moonblast|p2a: Farigiraf\n|-damage|p2a: Farigiraf|85\/100\n|move|p1b: Ogerpon|Ivy Cudgel|p2a: Farigiraf|[anim] Ivy Cudgel Fire\n|-damage|p2a: Farigiraf|60\/100\n|move|p2a: Farigiraf|Trick Room|p2a: Farigiraf\n|-fieldstart|move: Trick Room|[of] p2a: Farigiraf\n|\n|upkeep\n|turn|3\n|\n|t:|1739078502\n|switch|p1a: Iron Hands|Iron Hands, L50|100\/100\n|-activate|p1a: Iron Hands|ability: Quark Drive\n|-start|p1a: Iron Hands|quarkdriveatk\n|move|p2a: Farigiraf|Psychic|p1b: Ogerpon\n|-damage|p1b: Ogerpon|27\/100\n|move|p2b: Grimmsnarl|Foul Play|p1b: Ogerpon\n|-damage|p1b: Ogerpon|0 fnt\n|faint|p1b: Ogerpon\n|\n|upkeep\n|inactive|Sup Camille OTP has 30 seconds left.\n|\n|t:|1739078528\n|switch|p1b: Whimsicott|Whimsicott, L50, F|100\/100\n|turn|4\n|\n|t:|1739078541\n|-terastallize|p1a: Iron Hands|Water\n|move|p2a: Farigiraf|Psychic|p1a: Iron Hands\n|-damage|p1a: Iron Hands|79\/100\n|move|p2b: Grimmsnarl|Foul Play|p1a: Iron Hands\n|-damage|p1a: Iron Hands|32\/100\n|move|p1a: Iron Hands|Drain Punch|p2a: Farigiraf\n|-damage|p2a: Farigiraf|33\/100\n|-heal|p1a: Iron Hands|45\/100|[from] drain|[of] p2a: Farigiraf\n|move|p1b: Whimsicott|Moonblast|p2a: Farigiraf\n|-damage|p2a: Farigiraf|19\/100\n|-unboost|p2a: Farigiraf|spa|1\n|\n|-sideend|p1: Sup Camille OTP|move: Tailwind\n|upkeep\n|turn|5\n|inactive|Sup Camille OTP has 30 seconds left.\n|inactive|Sup Camille OTP has 20 seconds left.\n|inactive|Sup Camille OTP has 15 seconds left.\n|inactive|Sup Camille OTP has 10 seconds left.\n|inactive|Sup Camille OTP has 5 seconds left.\n|\n|t:|1739078592\n|-end|p1a: Iron Hands|Quark Drive|[silent]\n|switch|p1a: Miraidon|Miraidon, L50|100\/100\n|-activate|p1a: Miraidon|ability: Hadron Engine\n|move|p2a: Farigiraf|Psychic|p1a: Miraidon\n|-damage|p1a: Miraidon|81\/100\n|move|p2b: Grimmsnarl|Foul Play|p1a: Miraidon\n|-damage|p1a: Miraidon|52\/100\n|move|p1b: Whimsicott|Moonblast|p2b: Grimmsnarl\n|-supereffective|p2b: Grimmsnarl\n|-damage|p2b: Grimmsnarl|5\/100\n|\n|-sideend|p2: zero_the_enforcer|move: Light Screen\n|-fieldend|move: Electric Terrain\n|upkeep\n|turn|6\n|inactive|zero_the_enforcer has 30 seconds left.\n|\n|t:|1739078620\n|move|p2b: Grimmsnarl|Light Screen|p2b: Grimmsnarl\n|-sidestart|p2: zero_the_enforcer|move: Light Screen\n|move|p2a: Farigiraf|Psychic|p1a: Miraidon\n|-damage|p1a: Miraidon|34\/100\n|move|p1b: Whimsicott|Moonblast|p2b: Grimmsnarl\n|-supereffective|p2b: Grimmsnarl\n|-damage|p2b: Grimmsnarl|0 fnt\n|faint|p2b: Grimmsnarl\n|move|p1a: Miraidon|Volt Switch|p2a: Farigiraf\n|-damage|p2a: Farigiraf|0 fnt\n|faint|p2a: Farigiraf\n|\n|t:|1739078623\n|switch|p1a: Iron Hands|Iron Hands, L50, tera:Water|45\/100|[from] Volt Switch\n|\n|-sideend|p2: zero_the_enforcer|Reflect\n|-fieldend|move: Trick Room\n|upkeep\n|\n|t:|1739078627\n|switch|p2b: Ursaluna|Ursaluna, L50, F|100\/100\n|switch|p2a: Miraidon|Miraidon, L50|100\/100\n|-fieldstart|move: Electric Terrain|[from] ability: Hadron Engine|[of] p2a: Miraidon\n|-activate|p1a: Iron Hands|ability: Quark Drive\n|-start|p1a: Iron Hands|quarkdriveatk\n|turn|7\n|inactive|Sup Camille OTP has 30 seconds left.\n|inactive|Sup Camille OTP has 20 seconds left.\n|inactive|zero_the_enforcer has 30 seconds left.\n|inactive|Sup Camille OTP has 15 seconds left.\n|\n|t:|1739078670\n|move|p2b: Ursaluna|Protect|p2b: Ursaluna\n|-singleturn|p2b: Ursaluna|Protect\n|move|p2a: Miraidon|Draco Meteor|p1a: Iron Hands\n|-crit|p1a: Iron Hands\n|-damage|p1a: Iron Hands|0 fnt\n|-unboost|p2a: Miraidon|spa|2\n|faint|p1a: Iron Hands\n|-end|p1a: Iron Hands|Quark Drive|[silent]\n|move|p1b: Whimsicott|Moonblast|p2a: Miraidon\n|-supereffective|p2a: Miraidon\n|-crit|p2a: Miraidon\n|-damage|p2a: Miraidon|45\/100\n|-unboost|p2a: Miraidon|spa|1\n|\n|-status|p2b: Ursaluna|brn|[from] item: Flame Orb\n|upkeep\n|\n|t:|1739078672\n|switch|p1a: Miraidon|Miraidon, L50|34\/100\n|-activate|p1a: Miraidon|ability: Hadron Engine\n|turn|8\n|inactive|Sup Camille OTP has 30 seconds left.\n|inactive|zero_the_enforcer has 30 seconds left.\n|\n|t:|1739078699\n|move|p1b: Whimsicott|Encore|p2b: Ursaluna\n|-start|p2b: Ursaluna|Encore\n|move|p1a: Miraidon|Draco Meteor|p2b: Ursaluna|[miss]\n|-miss|p1a: Miraidon|p2b: Ursaluna\n|move|p2a: Miraidon|Draco Meteor|p1a: Miraidon\n|-supereffective|p1a: Miraidon\n|-damage|p1a: Miraidon|0 fnt\n|-unboost|p2a: Miraidon|spa|2\n|faint|p1a: Miraidon\n|move|p2b: Ursaluna|Protect||[still]\n|-fail|p2b: Ursaluna\n|\n|-damage|p2b: Ursaluna|95\/100 brn|[from] brn\n|upkeep\n|turn|9\n|\n|t:|1739078715\n|-terastallize|p2a: Miraidon|Fairy\n|move|p2b: Ursaluna|Protect|p2b: Ursaluna\n|-singleturn|p2b: Ursaluna|Protect\n|move|p2a: Miraidon|Draco Meteor|p1b: Whimsicott\n|-immune|p1b: Whimsicott\n|move|p1b: Whimsicott|Moonblast|p2b: Ursaluna\n|-activate|p2b: Ursaluna|move: Protect\n|\n|-damage|p2b: Ursaluna|89\/100 brn|[from] brn\n|upkeep\n|turn|10\n|\n|t:|1739078729\n|move|p2b: Ursaluna|Protect||[still]\n|-fail|p2b: Ursaluna\n|move|p2a: Miraidon|Draco Meteor|p1b: Whimsicott\n|-immune|p1b: Whimsicott\n|move|p1b: Whimsicott|Moonblast|p2b: Ursaluna\n|-damage|p2b: Ursaluna|73\/100 brn\n|\n|-damage|p2b: Ursaluna|67\/100 brn|[from] brn\n|-end|p2b: Ursaluna|Encore\n|-sideend|p2: zero_the_enforcer|move: Light Screen\n|upkeep\n|turn|11\n|\n|t:|1739078741\n|move|p1b: Whimsicott|Encore|p2b: Ursaluna\n|-start|p2b: Ursaluna|Encore\n|move|p2a: Miraidon|Draco Meteor|p1b: Whimsicott\n|-immune|p1b: Whimsicott\n|move|p2b: Ursaluna|Protect||[still]\n|-fail|p2b: Ursaluna\n|\n|-damage|p2b: Ursaluna|61\/100 brn|[from] brn\n|-fieldend|move: Electric Terrain\n|upkeep\n|turn|12\n|\n|t:|1739078744\n|move|p2b: Ursaluna|Protect|p2b: Ursaluna\n|-singleturn|p2b: Ursaluna|Protect\n|move|p2a: Miraidon|Draco Meteor|p1b: Whimsicott\n|-immune|p1b: Whimsicott\n|move|p1b: Whimsicott|Moonblast|p2b: Ursaluna\n|-activate|p2b: Ursaluna|move: Protect\n|\n|-damage|p2b: Ursaluna|55\/100 brn|[from] brn\n|upkeep\n|turn|13\n|\n|t:|1739078749\n|move|p2b: Ursaluna|Protect|p2b: Ursaluna\n|-singleturn|p2b: Ursaluna|Protect\n|move|p2a: Miraidon|Draco Meteor|p1b: Whimsicott\n|-immune|p1b: Whimsicott\n|move|p1b: Whimsicott|Moonblast|p2b: Ursaluna\n|-activate|p2b: Ursaluna|move: Protect\n|\n|-damage|p2b: Ursaluna|49\/100 brn|[from] brn\n|-end|p2b: Ursaluna|Encore\n|upkeep\n|turn|14\n|\n|t:|1739078760\n|move|p2b: Ursaluna|Protect||[still]\n|-fail|p2b: Ursaluna\n|move|p1b: Whimsicott|Encore|p2b: Ursaluna\n|-start|p2b: Ursaluna|Encore\n|move|p2a: Miraidon|Draco Meteor|p1b: Whimsicott\n|-immune|p1b: Whimsicott\n|\n|-damage|p2b: Ursaluna|44\/100 brn|[from] brn\n|upkeep\n|turn|15\n|\n|t:|1739078763\n|move|p2b: Ursaluna|Protect|p2b: Ursaluna\n|-singleturn|p2b: Ursaluna|Protect\n|-activate|p2a: Miraidon|move: Struggle\n|move|p2a: Miraidon|Struggle|p1b: Whimsicott\n|-damage|p1b: Whimsicott|89\/100\n|-damage|p2a: Miraidon|20\/100|[from] recoil\n|move|p1b: Whimsicott|Moonblast|p2b: Ursaluna\n|-activate|p2b: Ursaluna|move: Protect\n|\n|-damage|p2b: Ursaluna|38\/100 brn|[from] brn\n|upkeep\n|turn|16\n|\n|t:|1739078766\n|move|p2b: Ursaluna|Protect||[still]\n|-fail|p2b: Ursaluna\n|-activate|p2a: Miraidon|move: Struggle\n|move|p2a: Miraidon|Struggle|p1b: Whimsicott\n|-damage|p1b: Whimsicott|77\/100\n|-damage|p2a: Miraidon|0 fnt|[from] recoil\n|faint|p2a: Miraidon\n|move|p1b: Whimsicott|Moonblast|p2b: Ursaluna\n|-damage|p2b: Ursaluna|14\/100 brn\n|\n|-damage|p2b: Ursaluna|8\/100 brn|[from] brn\n|upkeep\n|turn|17\n|\n|t:|1739078769\n|move|p2b: Ursaluna|Protect|p2b: Ursaluna\n|-singleturn|p2b: Ursaluna|Protect\n|move|p1b: Whimsicott|Moonblast|p2b: Ursaluna\n|-activate|p2b: Ursaluna|move: Protect\n|\n|-damage|p2b: Ursaluna|2\/100 brn|[from] brn\n|-end|p2b: Ursaluna|Encore\n|upkeep\n|turn|18\n|\n|t:|1739078773\n|move|p2b: Ursaluna|Protect||[still]\n|-fail|p2b: Ursaluna\n|move|p1b: Whimsicott|Encore|p2b: Ursaluna\n|-start|p2b: Ursaluna|Encore\n|\n|-damage|p2b: Ursaluna|0 fnt|[from] brn\n|faint|p2b: Ursaluna\n|\n|win|Sup Camille OTP\n|upkeep\n|raw|Sup Camille OTP's rating: 1528 &rarr; <strong>1554<\/strong><br \/>(+26 for winning)\n|raw|zero_the_enforcer's rating: 1641 &rarr; <strong>1615<\/strong><br \/>(-26 for losing)\n|l|\u2606Sup Camille OTP\n|player|p1|\n|l|\u2606zero_the_enforcer\n|player|p2|\n|l| Kal0stest\n","uploadtime":1739079025,"views":6,"formatid":"gen9vgc2025regg","rating":1554,"private":0,"password":null}