{"id":"gen9vgc2025regg-2297899857","format":"[Gen 9] VGC 2025 Reg G","players":["Benjojos","ComputerYui"],"log":"|j|\u2606Benjojos\n|j|\u2606ComputerYui\n|t:|1739183206\n|gametype|doubles\n|player|p1|Benjojos|depotagent|1550\n|player|p2|ComputerYui|101|1564\n|teamsize|p1|6\n|teamsize|p2|6\n|gen|9\n|tier|[Gen 9] VGC 2025 Reg G\n|rated|\n|rule|Species Clause: Limit one of each Pok\u00e9mon\n|rule|Item Clause: Limit 1 of each item\n|clearpoke\n|poke|p1|Calyrex-Ice, L50|\n|poke|p1|Indeedee-F, L50, F|\n|poke|p1|Annihilape, L50, F|\n|poke|p1|Heatran, L50, F|\n|poke|p1|Sinistcha, L50|\n|poke|p1|Iron Valiant, L50|\n|poke|p2|Armarouge, L50, M|\n|poke|p2|Indeedee-F, L50, F|\n|poke|p2|Koraidon, L50|\n|poke|p2|Whimsicott, L50, F|\n|poke|p2|Walking Wake, L50|\n|poke|p2|Exeggutor, L50, M|\n|teampreview|4\n|inactive|Battle timer is ON: inactive players will automatically lose when time's up. (requested by Benjojos)\n|inactive|Benjojos has 60 seconds left.\n|inactive|Benjojos has 30 seconds left.\n|\n|t:|1739183276\n|start\n|switch|p1a: Calyrex|Calyrex-Ice, L50|100\/100\n|switch|p1b: Annihilape|Annihilape, L50, F|100\/100\n|switch|p2a: Exeggutor|Exeggutor, L50, M, shiny|100\/100\n|switch|p2b: Koraidon|Koraidon, L50|100\/100\n|-ability|p1a: Calyrex|As One\n|-ability|p1a: Calyrex|Unnerve\n|-weather|SunnyDay|[from] ability: Orichalcum Pulse|[of] p2b: Koraidon\n|-activate|p2b: Koraidon|Orichalcum Pulse|[source]\n|turn|1\n|inactive|Benjojos has 30 seconds left.\n|inactive|ComputerYui has 30 seconds left.\n|\n|t:|1739183307\n|switch|p1a: Sinistcha|Sinistcha, L50|100\/100\n|move|p2b: Koraidon|U-turn|p1a: Sinistcha\n|-damage|p1a: Sinistcha|76\/100\n|-damage|p2b: Koraidon|84\/100|[from] item: Rocky Helmet|[of] p1a: Sinistcha\n|\n|t:|1739183313\n|switch|p2b: Indeedee|Indeedee-F, L50, F, shiny|100\/100|[from] U-turn\n|-fieldstart|move: Psychic Terrain|[from] ability: Psychic Surge|[of] p2b: Indeedee\n|move|p2a: Exeggutor|Expanding Force|p1b: Annihilape|[spread] p1a,p1b\n|-supereffective|p1b: Annihilape\n|-damage|p1a: Sinistcha|4\/100\n|-enditem|p1b: Annihilape|Focus Sash\n|-damage|p1b: Annihilape|1\/100\n|-damage|p2a: Exeggutor|91\/100|[from] item: Life Orb\n|move|p1b: Annihilape|Rage Fist|p2a: Exeggutor\n|-supereffective|p2a: Exeggutor\n|-damage|p2a: Exeggutor|0 fnt\n|faint|p2a: Exeggutor\n|\n|-weather|SunnyDay|[upkeep]\n|upkeep\n|\n|t:|1739183336\n|switch|p2a: Armarouge|Armarouge, L50, M, shiny|100\/100\n|turn|2\n|\n|t:|1739183354\n|move|p2b: Indeedee|Follow Me|p2b: Indeedee\n|-singleturn|p2b: Indeedee|move: Follow Me\n|move|p1b: Annihilape|Taunt|p2b: Indeedee\n|-start|p2b: Indeedee|move: Taunt\n|move|p2a: Armarouge|Expanding Force|p1b: Annihilape|[spread] p1a,p1b\n|-supereffective|p1b: Annihilape\n|-damage|p1a: Sinistcha|0 fnt\n|-damage|p1b: Annihilape|0 fnt\n|faint|p1a: Sinistcha\n|faint|p1b: Annihilape\n|\n|-weather|SunnyDay|[upkeep]\n|upkeep\n|\n|t:|1739183361\n|switch|p1b: Calyrex|Calyrex-Ice, L50|100\/100\n|switch|p1a: Indeedee|Indeedee-F, L50, F|100\/100\n|-ability|p1b: Calyrex|As One\n|-ability|p1b: Calyrex|Unnerve\n|-enditem|p1a: Indeedee|Psychic Seed\n|-boost|p1a: Indeedee|spd|1|[from] item: Psychic Seed\n|turn|3\n|\n|t:|1739183384\n|-terastallize|p1b: Calyrex|Water\n|move|p2b: Indeedee|Fake Out||[still]\n|-hint|Fake Out only works on your first turn out.\n|-fail|p2b: Indeedee\n|move|p2a: Armarouge|Heat Wave|p1a: Indeedee|[spread] p1a,p1b\n|-resisted|p1b: Calyrex\n|-damage|p1a: Indeedee|64\/100\n|-damage|p1b: Calyrex|86\/100\n|move|p1a: Indeedee|Psychic|p2a: Armarouge\n|-resisted|p2a: Armarouge\n|-damage|p2a: Armarouge|76\/100\n|move|p1b: Calyrex|High Horsepower|p2a: Armarouge\n|-supereffective|p2a: Armarouge\n|-damage|p2a: Armarouge|0 fnt\n|faint|p2a: Armarouge\n|-ability|p1b: Calyrex|Chilling Neigh|boost\n|-boost|p1b: Calyrex|atk|1\n|\n|-weather|SunnyDay|[upkeep]\n|upkeep\n|\n|t:|1739183403\n|switch|p2a: Koraidon|Koraidon, L50|84\/100\n|-activate|p2a: Koraidon|ability: Orichalcum Pulse\n|turn|4\n|\n|t:|1739183426\n|move|p2b: Indeedee|Fake Out||[still]\n|-hint|Fake Out only works on your first turn out.\n|-fail|p2b: Indeedee\n|move|p1a: Indeedee|Follow Me|p1a: Indeedee\n|-singleturn|p1a: Indeedee|move: Follow Me\n|move|p2a: Koraidon|Collision Course|p1a: Indeedee\n|-damage|p1a: Indeedee|0 fnt\n|faint|p1a: Indeedee\n|move|p1b: Calyrex|Crunch|p2b: Indeedee\n|-supereffective|p2b: Indeedee\n|-damage|p2b: Indeedee|2\/100\n|-unboost|p2b: Indeedee|def|1\n|\n|-weather|SunnyDay|[upkeep]\n|upkeep\n|turn|5\n|inactive|Benjojos has 30 seconds left.\n|inactive|ComputerYui has 30 seconds left.\n|\n|t:|1739183456\n|-terastallize|p2a: Koraidon|Fire\n|move|p2b: Indeedee|Fake Out||[still]\n|-hint|Fake Out only works on your first turn out.\n|-fail|p2b: Indeedee\n|move|p2a: Koraidon|Collision Course|p1b: Calyrex\n|-damage|p1b: Calyrex|43\/100\n|move|p1b: Calyrex|High Horsepower|p2a: Koraidon\n|-supereffective|p2a: Koraidon\n|-damage|p2a: Koraidon|0 fnt\n|faint|p2a: Koraidon\n|-ability|p1b: Calyrex|Chilling Neigh|boost\n|-boost|p1b: Calyrex|atk|1\n|\n|-weather|none\n|-end|p2b: Indeedee|move: Taunt\n|-fieldend|move: Psychic Terrain\n|upkeep\n|turn|6\n|-message|ComputerYui forfeited.\n|\n|win|Benjojos\n|raw|Benjojos's rating: 1550 &rarr; <strong>1571<\/strong><br \/>(+21 for winning)\n|raw|ComputerYui's rating: 1564 &rarr; <strong>1543<\/strong><br \/>(-21 for losing)\n|l|\u2606ComputerYui\n|player|p2|\n|l|\u2606Benjojos\n|player|p1|\n","uploadtime":1739183681,"views":12,"formatid":"gen9vgc2025regg","rating":1543,"private":0,"password":null}