{"id":"gen9vgc2025regg-2297962880","format":"[Gen 9] VGC 2025 Reg G","players":["SendMuj","GlobalWinner"],"log":"|j|\u2606SendMuj\n|j|\u2606GlobalWinner\n|t:|1739193210\n|gametype|doubles\n|player|p1|SendMuj|pokemonranger-gen4|1628\n|player|p2|GlobalWinner|pokekid|1586\n|teamsize|p1|6\n|teamsize|p2|6\n|gen|9\n|tier|[Gen 9] VGC 2025 Reg G\n|rated|\n|rule|Species Clause: Limit one of each Pok\u00e9mon\n|rule|Item Clause: Limit 1 of each item\n|clearpoke\n|poke|p1|Kyogre, L50|\n|poke|p1|Whimsicott, L50, F|\n|poke|p1|Ogerpon-Hearthflame, L50, F|\n|poke|p1|Rillaboom, L50, F|\n|poke|p1|Incineroar, L50, F|\n|poke|p1|Landorus, L50, M|\n|poke|p2|Eternatus, L50|\n|poke|p2|Flutter Mane, L50|\n|poke|p2|Incineroar, L50, F|\n|poke|p2|Ditto, L50|\n|poke|p2|Urshifu-*, L50, F|\n|poke|p2|Rillaboom, L50, M|\n|teampreview|4\n|inactive|Battle timer is ON: inactive players will automatically lose when time's up. (requested by SendMuj)\n|inactive|GlobalWinner has 60 seconds left.\n|\n|t:|1739193252\n|start\n|switch|p1a: Whimsicott|Whimsicott, L50, F|100\/100\n|switch|p1b: Kyogre|Kyogre, L50|100\/100\n|switch|p2a: Eternatus|Eternatus, L50|100\/100\n|switch|p2b: Rillaboom|Rillaboom, L50, M|100\/100\n|-ability|p2a: Eternatus|Pressure\n|-weather|RainDance|[from] ability: Drizzle|[of] p1b: Kyogre\n|-fieldstart|move: Grassy Terrain|[from] ability: Grassy Surge|[of] p2b: Rillaboom\n|turn|1\n|\n|t:|1739193269\n|switch|p1b: Landorus|Landorus, L50, M|100\/100\n|move|p2b: Rillaboom|Fake Out|p1b: Landorus\n|-damage|p1b: Landorus|85\/100\n|move|p1a: Whimsicott|Light Screen|p1a: Whimsicott\n|-sidestart|p1: SendMuj|move: Light Screen\n|move|p2a: Eternatus|Sludge Bomb|p1a: Whimsicott\n|-supereffective|p1a: Whimsicott\n|-enditem|p1a: Whimsicott|Focus Sash\n|-damage|p1a: Whimsicott|1\/100\n|\n|-weather|RainDance|[upkeep]\n|-heal|p1a: Whimsicott|7\/100|[from] Grassy Terrain\n|upkeep\n|turn|2\n|inactive|GlobalWinner has 30 seconds left.\n|\n|t:|1739193300\n|switch|p2a: Flutter Mane|Flutter Mane, L50|100\/100\n|-enditem|p2a: Flutter Mane|Booster Energy\n|-activate|p2a: Flutter Mane|ability: Protosynthesis|[fromitem]\n|-start|p2a: Flutter Mane|protosynthesisspe\n|move|p1a: Whimsicott|Tailwind|p1a: Whimsicott\n|-sidestart|p1: SendMuj|move: Tailwind\n|move|p1b: Landorus|Sludge Bomb|p2b: Rillaboom\n|-supereffective|p2b: Rillaboom\n|-damage|p2b: Rillaboom|33\/100\n|move|p2b: Rillaboom|Wood Hammer|p1b: Landorus\n|-damage|p1b: Landorus|0 fnt\n|faint|p1b: Landorus\n|-damage|p2b: Rillaboom|11\/100|[from] Recoil\n|\n|-weather|RainDance|[upkeep]\n|-heal|p1a: Whimsicott|13\/100|[from] Grassy Terrain\n|-heal|p2b: Rillaboom|16\/100|[from] Grassy Terrain\n|upkeep\n|\n|t:|1739193313\n|switch|p1b: Kyogre|Kyogre, L50|100\/100\n|turn|3\n|\n|t:|1739193331\n|switch|p1a: Ogerpon|Ogerpon-Hearthflame, L50, F|100\/100\n|-ability|p1a: Ogerpon|Mold Breaker\n|-terastallize|p1b: Kyogre|Water\n|move|p2b: Rillaboom|Grassy Glide|p1b: Kyogre\n|-supereffective|p1b: Kyogre\n|-damage|p1b: Kyogre|24\/100\n|move|p1b: Kyogre|Water Spout|p2a: Flutter Mane|[spread] p2a,p2b\n|-resisted|p2b: Rillaboom\n|-damage|p2a: Flutter Mane|54\/100\n|-damage|p2b: Rillaboom|0 fnt\n|faint|p2b: Rillaboom\n|move|p2a: Flutter Mane|Icy Wind|p1a: Ogerpon|[spread] p1a,p1b\n|-resisted|p1b: Kyogre\n|-damage|p1a: Ogerpon|90\/100\n|-damage|p1b: Kyogre|21\/100\n|-unboost|p1a: Ogerpon|spe|1\n|-unboost|p1b: Kyogre|spe|1\n|\n|-weather|RainDance|[upkeep]\n|-heal|p2a: Flutter Mane|59\/100|[from] Grassy Terrain\n|-heal|p1a: Ogerpon|96\/100|[from] Grassy Terrain\n|-heal|p1b: Kyogre|27\/100|[from] Grassy Terrain\n|upkeep\n|\n|t:|1739193349\n|switch|p2b: Urshifu|Urshifu-Rapid-Strike, L50, F|100\/100\n|turn|4\n|\n|t:|1739193356\n|switch|p1b: Whimsicott|Whimsicott, L50, F|13\/100\n|move|p2a: Flutter Mane|Icy Wind|p1b: Whimsicott|[spread] p1a,p1b\n|-supereffective|p1b: Whimsicott\n|-damage|p1a: Ogerpon|86\/100\n|-damage|p1b: Whimsicott|0 fnt\n|-unboost|p1a: Ogerpon|spe|1\n|faint|p1b: Whimsicott\n|move|p2b: Urshifu|Close Combat|p1a: Ogerpon\n|-damage|p1a: Ogerpon|0 fnt\n|-unboost|p2b: Urshifu|def|1\n|-unboost|p2b: Urshifu|spd|1\n|faint|p1a: Ogerpon\n|\n|-weather|RainDance|[upkeep]\n|-heal|p2a: Flutter Mane|65\/100|[from] Grassy Terrain\n|upkeep\n|\n|t:|1739193368\n|switch|p1a: Kyogre|Kyogre, L50, tera:Water|27\/100\n|turn|5\n|\n|t:|1739193371\n|move|p2a: Flutter Mane|Protect|p2a: Flutter Mane\n|-singleturn|p2a: Flutter Mane|Protect\n|move|p1a: Kyogre|Origin Pulse|p2b: Urshifu|[spread] \n|-activate|p2a: Flutter Mane|move: Protect\n|-miss|p1a: Kyogre|p2b: Urshifu\n|move|p2b: Urshifu|Close Combat|p1a: Kyogre\n|-damage|p1a: Kyogre|0 fnt\n|-unboost|p2b: Urshifu|def|1\n|-unboost|p2b: Urshifu|spd|1\n|faint|p1a: Kyogre\n|\n|win|GlobalWinner\n|raw|SendMuj's rating: 1628 &rarr; <strong>1606<\/strong><br \/>(-22 for losing)\n|raw|GlobalWinner's rating: 1586 &rarr; <strong>1608<\/strong><br \/>(+22 for winning)\n|l|\u2606GlobalWinner\n|player|p2|\n|l|\u2606SendMuj\n|player|p1|\n","uploadtime":1739193512,"views":15,"formatid":"gen9vgc2025regg","rating":1606,"private":0,"password":null}