{"id":"gen9vgc2025regg-2297792647","format":"[Gen 9] VGC 2025 Reg G","players":["wibe guarb","rinkurusu"],"log":"|j|\u2606wibe guarb\n|j|\u2606rinkurusu\n|t:|1739161160\n|gametype|doubles\n|player|p1|wibe guarb|ninjaboy|1554\n|player|p2|rinkurusu|waitress-gen4|1585\n|teamsize|p1|6\n|teamsize|p2|6\n|gen|9\n|tier|[Gen 9] VGC 2025 Reg G\n|rated|\n|rule|Species Clause: Limit one of each Pok\u00e9mon\n|rule|Item Clause: Limit 1 of each item\n|clearpoke\n|poke|p1|Calyrex-Ice, L50|\n|poke|p1|Kingambit, L50, M|\n|poke|p1|Tinkaton, L50, F|\n|poke|p1|Sinistcha-Masterpiece, L50|\n|poke|p1|Pelipper, L50, F|\n|poke|p1|Landorus, L50, M|\n|poke|p2|Groudon, L50|\n|poke|p2|Flutter Mane, L50|\n|poke|p2|Raging Bolt, L50|\n|poke|p2|Urshifu-*, L50, F|\n|poke|p2|Chien-Pao, L50|\n|poke|p2|Iron Hands, L50|\n|teampreview|4\n|inactive|Battle timer is ON: inactive players will automatically lose when time's up. (requested by rinkurusu)\n|\n|t:|1739161187\n|start\n|switch|p1a: Calyrex|Calyrex-Ice, L50|100\/100\n|switch|p1b: Tinkaton|Tinkaton, L50, F|100\/100\n|switch|p2a: Raging Bolt|Raging Bolt, L50|100\/100\n|switch|p2b: Chien-Pao|Chien-Pao, L50|100\/100\n|-ability|p1a: Calyrex|As One\n|-ability|p1a: Calyrex|Unnerve\n|-ability|p2b: Chien-Pao|Sword of Ruin\n|-ability|p1b: Tinkaton|Mold Breaker\n|turn|1\n|\n|t:|1739161202\n|-terastallize|p1a: Calyrex|Fire\n|move|p1b: Tinkaton|Feint|p2a: Raging Bolt\n|-damage|p2a: Raging Bolt|94\/100\n|move|p2b: Chien-Pao|Ice Spinner|p1b: Tinkaton\n|-resisted|p1b: Tinkaton\n|-damage|p1b: Tinkaton|62\/100\n|-damage|p2b: Chien-Pao|91\/100|[from] item: Life Orb\n|move|p2a: Raging Bolt|Volt Switch|p1b: Tinkaton\n|-damage|p1b: Tinkaton|39\/100\n|\n|t:|1739161212\n|-end|p2a: Raging Bolt|Protosynthesis|[silent]\n|switch|p2a: Iron Hands|Iron Hands, L50|100\/100|[from] Volt Switch\n|move|p1a: Calyrex|Glacial Lance|p2b: Chien-Pao|[spread] p2a,p2b\n|-resisted|p2b: Chien-Pao\n|-damage|p2a: Iron Hands|49\/100\n|-damage|p2b: Chien-Pao|51\/100\n|\n|-heal|p2a: Iron Hands|55\/100|[from] item: Leftovers\n|upkeep\n|turn|2\n|\n|t:|1739161229\n|-terastallize|p2a: Iron Hands|Water\n|move|p2b: Chien-Pao|Ice Spinner|p1b: Tinkaton\n|-resisted|p1b: Tinkaton\n|-damage|p1b: Tinkaton|0 fnt\n|faint|p1b: Tinkaton\n|-damage|p2b: Chien-Pao|41\/100|[from] item: Life Orb\n|move|p2a: Iron Hands|Iron Defense|p2a: Iron Hands\n|-boost|p2a: Iron Hands|def|2\n|move|p1a: Calyrex|High Horsepower|p2a: Iron Hands\n|-damage|p2a: Iron Hands|36\/100\n|\n|-heal|p2a: Iron Hands|42\/100|[from] item: Leftovers\n|upkeep\n|\n|t:|1739161237\n|switch|p1b: Pelipper|Pelipper, L50, F|100\/100\n|-weather|RainDance|[from] ability: Drizzle|[of] p1b: Pelipper\n|turn|3\n|\n|t:|1739161258\n|move|p2a: Iron Hands|Protect|p2a: Iron Hands\n|-singleturn|p2a: Iron Hands|Protect\n|move|p2b: Chien-Pao|Ice Spinner|p1b: Pelipper\n|-enditem|p1b: Pelipper|Focus Sash\n|-damage|p1b: Pelipper|1\/100\n|-damage|p2b: Chien-Pao|31\/100|[from] item: Life Orb\n|move|p1b: Pelipper|Hurricane|p2a: Iron Hands\n|-activate|p2a: Iron Hands|move: Protect\n|move|p1a: Calyrex|Glacial Lance|p2a: Iron Hands|[spread] p2b\n|-activate|p2a: Iron Hands|move: Protect\n|-resisted|p2b: Chien-Pao\n|-damage|p2b: Chien-Pao|0 fnt\n|faint|p2b: Chien-Pao\n|-ability|p1a: Calyrex|Chilling Neigh|boost\n|-boost|p1a: Calyrex|atk|1\n|\n|-weather|RainDance|[upkeep]\n|-heal|p2a: Iron Hands|48\/100|[from] item: Leftovers\n|upkeep\n|\n|t:|1739161277\n|switch|p2b: Urshifu|Urshifu, L50, F|100\/100\n|turn|4\n|\n|t:|1739161287\n|switch|p1b: Sinistcha|Sinistcha-Masterpiece, L50|100\/100\n|move|p2b: Urshifu|Wicked Blow|p1b: Sinistcha\n|-supereffective|p1b: Sinistcha\n|-crit|p1b: Sinistcha\n|-damage|p1b: Sinistcha|9\/100\n|-damage|p2b: Urshifu|84\/100|[from] item: Rocky Helmet|[of] p1b: Sinistcha\n|move|p2a: Iron Hands|Iron Defense|p2a: Iron Hands\n|-boost|p2a: Iron Hands|def|2\n|move|p1a: Calyrex|Glacial Lance|p2a: Iron Hands|[spread] p2a,p2b\n|-resisted|p2a: Iron Hands\n|-damage|p2a: Iron Hands|38\/100\n|-damage|p2b: Urshifu|0 fnt\n|faint|p2b: Urshifu\n|-ability|p1a: Calyrex|Chilling Neigh|boost\n|-boost|p1a: Calyrex|atk|1\n|\n|-weather|RainDance|[upkeep]\n|-heal|p2a: Iron Hands|44\/100|[from] item: Leftovers\n|upkeep\n|\n|t:|1739161296\n|switch|p2b: Raging Bolt|Raging Bolt, L50|94\/100\n|turn|5\n|\n|t:|1739161316\n|move|p2b: Raging Bolt|Electroweb|p1a: Calyrex|[spread] p1a,p1b\n|-resisted|p1b: Sinistcha\n|-damage|p1a: Calyrex|87\/100\n|-damage|p1b: Sinistcha|0 fnt\n|faint|p1b: Sinistcha\n|move|p2a: Iron Hands|Body Press|p1a: Calyrex\n|-damage|p1a: Calyrex|35\/100\n|move|p1a: Calyrex|Glacial Lance|p2a: Iron Hands|[spread] p2a,p2b\n|-resisted|p2a: Iron Hands\n|-supereffective|p2b: Raging Bolt\n|-damage|p2a: Iron Hands|31\/100\n|-damage|p2b: Raging Bolt|0 fnt\n|faint|p2b: Raging Bolt\n|-end|p2b: Raging Bolt|Protosynthesis|[silent]\n|-ability|p1a: Calyrex|Chilling Neigh|boost\n|-boost|p1a: Calyrex|atk|1\n|\n|-weather|RainDance|[upkeep]\n|-heal|p2a: Iron Hands|37\/100|[from] item: Leftovers\n|upkeep\n|\n|t:|1739161320\n|switch|p1b: Pelipper|Pelipper, L50, F|1\/100\n|turn|6\n|\n|t:|1739161328\n|move|p1b: Pelipper|Hurricane|p2a: Iron Hands\n|-damage|p2a: Iron Hands|3\/100\n|-start|p2a: Iron Hands|confusion\n|-activate|p2a: Iron Hands|confusion\n|move|p2a: Iron Hands|Body Press|p1b: Pelipper\n|-resisted|p1b: Pelipper\n|-damage|p1b: Pelipper|0 fnt\n|faint|p1b: Pelipper\n|move|p1a: Calyrex|High Horsepower|p2a: Iron Hands\n|-damage|p2a: Iron Hands|0 fnt\n|faint|p2a: Iron Hands\n|-end|p2a: Iron Hands|Quark Drive|[silent]\n|\n|win|wibe guarb\n|raw|wibe guarb's rating: 1554 &rarr; <strong>1576<\/strong><br \/>(+22 for winning)\n|raw|rinkurusu's rating: 1585 &rarr; <strong>1563<\/strong><br \/>(-22 for losing)\n|l|\u2606rinkurusu\n|player|p2|\n|l|\u2606wibe guarb\n|player|p1|\n","uploadtime":1739161556,"views":11,"formatid":"gen9vgc2025regg","rating":1563,"private":0,"password":null}