{"id":"gen9vgc2025regg-2297484031","format":"[Gen 9] VGC 2025 Reg G","players":["Xermaeus","Doc_MrMega"],"log":"|j|\u2606Xermaeus\n|j|\u2606Doc_MrMega\n|t:|1739121191\n|gametype|doubles\n|player|p1|Xermaeus|265|1590\n|player|p2|Doc_MrMega|lucas|1704\n|teamsize|p1|6\n|teamsize|p2|6\n|gen|9\n|tier|[Gen 9] VGC 2025 Reg G\n|rated|\n|rule|Species Clause: Limit one of each Pok\u00e9mon\n|rule|Item Clause: Limit 1 of each item\n|clearpoke\n|poke|p1|Whimsicott, L50, F|\n|poke|p1|Miraidon, L50|\n|poke|p1|Farigiraf, L50, F|\n|poke|p1|Iron Hands, L50|\n|poke|p1|Ogerpon-Hearthflame, L50, F|\n|poke|p1|Urshifu-*, L50, M|\n|poke|p2|Calyrex-Ice, L50|\n|poke|p2|Landorus, L50, M|\n|poke|p2|Amoonguss, L50, F|\n|poke|p2|Urshifu-*, L50, M|\n|poke|p2|Roaring Moon, L50|\n|poke|p2|Ogerpon-Hearthflame, L50, F|\n|teampreview|4\n|inactive|Battle timer is ON: inactive players will automatically lose when time's up. (requested by Doc_MrMega)\n|inactive|Xermaeus has 60 seconds left.\n|\n|t:|1739121237\n|start\n|switch|p1a: Farigiraf|Farigiraf, L50, F, shiny|100\/100\n|switch|p1b: Miraidon|Miraidon, L50|100\/100\n|switch|p2a: Calyrex|Calyrex-Ice, L50|100\/100\n|switch|p2b: Ogerpon|Ogerpon-Hearthflame, L50, F|100\/100\n|-ability|p2a: Calyrex|As One\n|-ability|p2a: Calyrex|Unnerve\n|-fieldstart|move: Electric Terrain|[from] ability: Hadron Engine|[of] p1b: Miraidon\n|-enditem|p1a: Farigiraf|Electric Seed\n|-boost|p1a: Farigiraf|def|1|[from] item: Electric Seed\n|-ability|p2b: Ogerpon|Mold Breaker\n|turn|1\n|\n|t:|1739121259\n|-terastallize|p2a: Calyrex|Fairy\n|move|p2b: Ogerpon|Follow Me|p2b: Ogerpon\n|-singleturn|p2b: Ogerpon|move: Follow Me\n|move|p1b: Miraidon|Volt Switch|p2b: Ogerpon\n|-resisted|p2b: Ogerpon\n|-damage|p2b: Ogerpon|48\/100\n|\n|t:|1739121267\n|switch|p1b: Iron Hands|Iron Hands, L50, shiny|100\/100|[from] Volt Switch\n|-activate|p1b: Iron Hands|ability: Quark Drive\n|-start|p1b: Iron Hands|quarkdriveatk\n|move|p2a: Calyrex|Glacial Lance|p1a: Farigiraf|[spread] p1a,p1b\n|-damage|p1a: Farigiraf|71\/100\n|-damage|p1b: Iron Hands|67\/100\n|move|p1a: Farigiraf|Foul Play|p2b: Ogerpon\n|-damage|p2b: Ogerpon|26\/100\n|\n|upkeep\n|turn|2\n|\n|t:|1739121283\n|move|p1b: Iron Hands|Fake Out|p2a: Calyrex\n|-damage|p2a: Calyrex|88\/100\n|move|p2b: Ogerpon|Ivy Cudgel|p1b: Iron Hands|[anim] Ivy Cudgel Fire\n|-damage|p1b: Iron Hands|36\/100\n|cant|p2a: Calyrex|flinch\n|move|p1a: Farigiraf|Psychic|p2b: Ogerpon\n|-damage|p2b: Ogerpon|0 fnt\n|faint|p2b: Ogerpon\n|\n|upkeep\n|\n|t:|1739121294\n|switch|p2b: Landorus|Landorus, L50, M|100\/100\n|turn|3\n|\n|t:|1739121319\n|move|p2b: Landorus|Earth Power|p1a: Farigiraf\n|-damage|p1a: Farigiraf|4\/100\n|move|p2a: Calyrex|High Horsepower|p1b: Iron Hands\n|-supereffective|p1b: Iron Hands\n|-damage|p1b: Iron Hands|0 fnt\n|faint|p1b: Iron Hands\n|-end|p1b: Iron Hands|Quark Drive|[silent]\n|-ability|p2a: Calyrex|Chilling Neigh|boost\n|-boost|p2a: Calyrex|atk|1\n|move|p1a: Farigiraf|Psychic|p2b: Landorus\n|-damage|p2b: Landorus|62\/100\n|\n|upkeep\n|\n|t:|1739121333\n|switch|p1b: Miraidon|Miraidon, L50|100\/100\n|-activate|p1b: Miraidon|ability: Hadron Engine\n|turn|4\n|\n|t:|1739121349\n|-terastallize|p1b: Miraidon|Fairy\n|move|p2a: Calyrex|Protect|p2a: Calyrex\n|-singleturn|p2a: Calyrex|Protect\n|move|p1b: Miraidon|Electro Drift|p2a: Calyrex\n|-activate|p2a: Calyrex|move: Protect\n|move|p2b: Landorus|Earth Power|p1b: Miraidon\n|-damage|p1b: Miraidon|42\/100\n|move|p1a: Farigiraf|Psychic|p2b: Landorus\n|-crit|p2b: Landorus\n|-damage|p2b: Landorus|11\/100\n|\n|upkeep\n|turn|5\n|\n|t:|1739121372\n|switch|p1b: Urshifu|Urshifu, L50, M|100\/100\n|switch|p2a: Amoonguss|Amoonguss, L50, F|100\/100\n|move|p2b: Landorus|Sandsear Storm|p1b: Urshifu|[spread] p1a,p1b\n|-damage|p1a: Farigiraf|0 fnt\n|-damage|p1b: Urshifu|13\/100\n|faint|p1a: Farigiraf\n|\n|-fieldend|move: Electric Terrain\n|upkeep\n|\n|t:|1739121384\n|switch|p1a: Miraidon|Miraidon, L50, tera:Fairy|42\/100\n|-fieldstart|move: Electric Terrain|[from] ability: Hadron Engine|[of] p1a: Miraidon\n|turn|6\n|\n|t:|1739121399\n|move|p1a: Miraidon|Dazzling Gleam|p2a: Amoonguss|[spread] p2a,p2b\n|-resisted|p2a: Amoonguss\n|-damage|p2a: Amoonguss|69\/100\n|-damage|p2b: Landorus|0 fnt\n|faint|p2b: Landorus\n|move|p1b: Urshifu|Wicked Blow|p2a: Amoonguss\n|-crit|p2a: Amoonguss\n|-damage|p2a: Amoonguss|14\/100\n|move|p2a: Amoonguss|Pollen Puff|p1b: Urshifu\n|-damage|p1b: Urshifu|0 fnt\n|faint|p1b: Urshifu\n|\n|upkeep\n|\n|t:|1739121406\n|switch|p2b: Calyrex|Calyrex-Ice, L50, tera:Fairy|88\/100\n|-ability|p2b: Calyrex|As One\n|-ability|p2b: Calyrex|Unnerve\n|turn|7\n|\n|t:|1739121416\n|move|p2a: Amoonguss|Protect|p2a: Amoonguss\n|-singleturn|p2a: Amoonguss|Protect\n|move|p1a: Miraidon|Dazzling Gleam|p2b: Calyrex|[spread] p2b\n|-activate|p2a: Amoonguss|move: Protect\n|-damage|p2b: Calyrex|39\/100\n|move|p2b: Calyrex|Glacial Lance|p1a: Miraidon\n|-damage|p1a: Miraidon|0 fnt\n|faint|p1a: Miraidon\n|\n|win|Doc_MrMega\n|raw|Xermaeus's rating: 1590 &rarr; <strong>1576<\/strong><br \/>(-14 for losing)\n|raw|Doc_MrMega's rating: 1704 &rarr; <strong>1718<\/strong><br \/>(+14 for winning)\n|l|\u2606Xermaeus\n|player|p1|\n|l|\u2606Doc_MrMega\n|player|p2|\n","uploadtime":1739121655,"views":9,"formatid":"gen9vgc2025regg","rating":1576,"private":0,"password":null}