{"id":"gen9vgc2025regg-2297982429","format":"[Gen 9] VGC 2025 Reg G","players":["Lechonkbro","longhq"],"log":"|j|\u2606Lechonkbro\n|j|\u203dlonghq\n|t:|1739195748\n|gametype|doubles\n|player|p1|Lechonkbro|ghetsis-gen5bw|1628\n|player|p2|longhq|dawn|1641\n|teamsize|p1|6\n|teamsize|p2|6\n|gen|9\n|tier|[Gen 9] VGC 2025 Reg G\n|rated|\n|rule|Species Clause: Limit one of each Pok\u00e9mon\n|rule|Item Clause: Limit 1 of each item\n|clearpoke\n|poke|p1|Miraidon, L50|\n|poke|p1|Incineroar, L50, M|\n|poke|p1|Urshifu-*, L50, M|\n|poke|p1|Oranguru, L50, M|\n|poke|p1|Clefairy, L50, M|\n|poke|p1|Iron Valiant, L50|\n|poke|p2|Raging Bolt, L50|\n|poke|p2|Gouging Fire, L50|\n|poke|p2|Koraidon, L50|\n|poke|p2|Indeedee-F, L50, F|\n|poke|p2|Kingambit, L50, M|\n|poke|p2|Jumpluff, L50, F|\n|teampreview|4\n|inactive|Battle timer is ON: inactive players will automatically lose when time's up. (requested by Lechonkbro)\n|inactive|longhq has 60 seconds left.\n|\n|t:|1739195824\n|start\n|switch|p1a: Miraidon|Miraidon, L50|100\/100\n|switch|p1b: Oranguru|Oranguru, L50, M|100\/100\n|switch|p2a: Koraidon|Koraidon, L50|100\/100\n|switch|p2b: Kingambit|Kingambit, L50, M|100\/100\n|-weather|SunnyDay|[from] ability: Orichalcum Pulse|[of] p2a: Koraidon\n|-activate|p2a: Koraidon|Orichalcum Pulse|[source]\n|-fieldstart|move: Electric Terrain|[from] ability: Hadron Engine|[of] p1a: Miraidon\n|-enditem|p1a: Miraidon|Electric Seed\n|-boost|p1a: Miraidon|def|1|[from] item: Electric Seed\n|-activate|p1b: Oranguru|ability: Symbiosis|Covert Cloak|[of] p1a: Miraidon\n|turn|1\n|inactive|Lechonkbro has 30 seconds left.\n|inactive|longhq has 30 seconds left.\n|inactive|Lechonkbro has 20 seconds left.\n|inactive|longhq has 20 seconds left.\n|inactive|Lechonkbro has 15 seconds left.\n|inactive|longhq has 15 seconds left.\n|inactive|Lechonkbro has 10 seconds left.\n|inactive|Lechonkbro has 5 seconds left.\n|\n|t:|1739195876\n|-terastallize|p2a: Koraidon|Fire\n|-terastallize|p1a: Miraidon|Electric\n|move|p2b: Kingambit|Protect|p2b: Kingambit\n|-singleturn|p2b: Kingambit|Protect\n|move|p2a: Koraidon|Flare Blitz|p1b: Oranguru\n|-damage|p1b: Oranguru|0 fnt\n|faint|p1b: Oranguru\n|-damage|p2a: Koraidon|64\/100|[from] Recoil\n|move|p1a: Miraidon|Calm Mind|p1a: Miraidon\n|-boost|p1a: Miraidon|spa|1\n|-boost|p1a: Miraidon|spd|1\n|\n|-weather|SunnyDay|[upkeep]\n|upkeep\n|\n|t:|1739195892\n|switch|p1b: Incineroar|Incineroar, L50, M|100\/100\n|-ability|p1b: Incineroar|Intimidate|boost\n|-unboost|p2a: Koraidon|atk|1\n|-unboost|p2b: Kingambit|atk|1\n|-ability|p2b: Kingambit|Defiant|boost\n|-boost|p2b: Kingambit|atk|2\n|turn|2\n|\n|t:|1739195913\n|switch|p2a: Indeedee|Indeedee-F, L50, F|100\/100\n|-fieldstart|move: Psychic Terrain|[from] ability: Psychic Surge|[of] p2a: Indeedee\n|-enditem|p2a: Indeedee|Psychic Seed\n|-boost|p2a: Indeedee|spd|1|[from] item: Psychic Seed\n|move|p1b: Incineroar|Fake Out|p2a: Indeedee\n|-activate|p2a: Indeedee|move: Psychic Terrain\n|move|p2b: Kingambit|Sucker Punch||[still]\n|-fail|p2b: Kingambit\n|move|p1a: Miraidon|Calm Mind|p1a: Miraidon\n|-boost|p1a: Miraidon|spa|1\n|-boost|p1a: Miraidon|spd|1\n|\n|-weather|SunnyDay|[upkeep]\n|upkeep\n|turn|3\n|j| 1212kkekrk\n|inactive|longhq has 30 seconds left.\n|\n|t:|1739195938\n|move|p1a: Miraidon|Parabolic Charge|p2b: Kingambit|[spread] p1b,p2a,p2b\n|-damage|p1b: Incineroar|43\/100\n|-damage|p2a: Indeedee|58\/100\n|-damage|p2b: Kingambit|35\/100\n|-enditem|p1b: Incineroar|Sitrus Berry|[eat]\n|-heal|p1b: Incineroar|68\/100|[from] item: Sitrus Berry\n|move|p1b: Incineroar|Knock Off|p2a: Indeedee\n|-supereffective|p2a: Indeedee\n|-damage|p2a: Indeedee|7\/100\n|move|p2b: Kingambit|Kowtow Cleave|p1a: Miraidon\n|-crit|p1a: Miraidon\n|-damage|p1a: Miraidon|13\/100\n|move|p2a: Indeedee|Trick Room|p2a: Indeedee\n|-fieldstart|move: Trick Room|[of] p2a: Indeedee\n|\n|-weather|SunnyDay|[upkeep]\n|upkeep\n|turn|4\n|\n|t:|1739195960\n|move|p1a: Miraidon|Protect|p1a: Miraidon\n|-singleturn|p1a: Miraidon|Protect\n|move|p2a: Indeedee|Follow Me|p2a: Indeedee\n|-singleturn|p2a: Indeedee|move: Follow Me\n|move|p2b: Kingambit|Kowtow Cleave|p1a: Miraidon\n|-activate|p1a: Miraidon|move: Protect\n|move|p1b: Incineroar|Flare Blitz|p2a: Indeedee\n|-damage|p2a: Indeedee|0 fnt\n|faint|p2a: Indeedee\n|-damage|p1b: Incineroar|66\/100|[from] Recoil\n|\n|-weather|SunnyDay|[upkeep]\n|upkeep\n|\n|t:|1739195963\n|switch|p2a: Raging Bolt|Raging Bolt, L50|100\/100\n|-activate|p2a: Raging Bolt|ability: Protosynthesis\n|-start|p2a: Raging Bolt|protosynthesisspa\n|turn|5\n|\n|t:|1739195987\n|switch|p1a: Iron Valiant|Iron Valiant, L50|100\/100\n|-enditem|p1a: Iron Valiant|Booster Energy\n|-activate|p1a: Iron Valiant|ability: Quark Drive|[fromitem]\n|-start|p1a: Iron Valiant|quarkdrivespe\n|move|p2b: Kingambit|Kowtow Cleave|p1a: Iron Valiant\n|-resisted|p1a: Iron Valiant\n|-damage|p1a: Iron Valiant|81\/100\n|move|p1b: Incineroar|Flare Blitz|p2b: Kingambit\n|-supereffective|p2b: Kingambit\n|-damage|p2b: Kingambit|0 fnt\n|faint|p2b: Kingambit\n|-damage|p1b: Incineroar|54\/100|[from] Recoil\n|move|p2a: Raging Bolt|Thunderbolt|p1b: Incineroar\n|-damage|p1b: Incineroar|0 fnt\n|faint|p1b: Incineroar\n|-damage|p2a: Raging Bolt|91\/100|[from] item: Life Orb\n|\n|-weather|none\n|-end|p2a: Raging Bolt|Protosynthesis\n|upkeep\n|\n|t:|1739196007\n|switch|p2b: Koraidon|Koraidon, L50, tera:Fire|64\/100\n|switch|p1b: Miraidon|Miraidon, L50, tera:Electric|13\/100\n|-fieldstart|move: Electric Terrain|[from] ability: Hadron Engine|[of] p1b: Miraidon\n|-weather|SunnyDay|[from] ability: Orichalcum Pulse|[of] p2b: Koraidon\n|-activate|p2a: Raging Bolt|ability: Protosynthesis\n|-start|p2a: Raging Bolt|protosynthesisspa\n|-activate|p2b: Koraidon|Orichalcum Pulse|[source]\n|turn|6\n|inactive|longhq has 30 seconds left.\n|\n|t:|1739196039\n|move|p1b: Miraidon|Protect|p1b: Miraidon\n|-singleturn|p1b: Miraidon|Protect\n|move|p2a: Raging Bolt|Thunderbolt|p1a: Iron Valiant\n|-damage|p1a: Iron Valiant|0 fnt\n|faint|p1a: Iron Valiant\n|-end|p1a: Iron Valiant|Quark Drive|[silent]\n|-damage|p2a: Raging Bolt|81\/100|[from] item: Life Orb\n|move|p2b: Koraidon|Flare Blitz|p1b: Miraidon\n|-activate|p1b: Miraidon|move: Protect\n|\n|-weather|SunnyDay|[upkeep]\n|upkeep\n|turn|7\n|-message|Lechonkbro forfeited.\n|\n|win|longhq\n|raw|Lechonkbro's rating: 1628 &rarr; <strong>1609<\/strong><br \/>(-19 for losing)\n|raw|longhq's rating: 1641 &rarr; <strong>1660<\/strong><br \/>(+19 for winning)\n|l|\u2606Lechonkbro\n|player|p1|\n|l|\u203dlonghq\n|player|p2|\n|l| 1212kkekrk\n","uploadtime":1739196278,"views":10,"formatid":"gen9vgc2025regg","rating":1609,"private":0,"password":null}