{"id":"gen9vgc2025regg-2297645440","format":"[Gen 9] VGC 2025 Reg G","players":["12laudaa","KT02"],"log":"|j|\u260612laudaa\n|j|\u203dKT02\n|t:|1739140035\n|gametype|doubles\n|player|p1|12laudaa|102|1572\n|player|p2|KT02|170|1667\n|teamsize|p1|6\n|teamsize|p2|6\n|gen|9\n|tier|[Gen 9] VGC 2025 Reg G\n|rated|\n|rule|Species Clause: Limit one of each Pok\u00e9mon\n|rule|Item Clause: Limit 1 of each item\n|clearpoke\n|poke|p1|Calyrex-Shadow, L50|\n|poke|p1|Indeedee-F, L50, F|\n|poke|p1|Tornadus, L50, M|\n|poke|p1|Urshifu-*, L50, M|\n|poke|p1|Smeargle, L50, F|\n|poke|p1|Chi-Yu, L50|\n|poke|p2|Miraidon, L50|\n|poke|p2|Iron Bundle, L50|\n|poke|p2|Ninetales-Alola, L50, M|\n|poke|p2|Incineroar, L50, M|\n|poke|p2|Urshifu-*, L50, F|\n|poke|p2|Kingambit, L50, F|\n|teampreview|4\n|\n|t:|1739140062\n|start\n|switch|p1a: Smeargle|Smeargle, L50, F|100\/100\n|switch|p1b: yuri|Chi-Yu, L50|100\/100\n|switch|p2a: Incineroar|Incineroar, L50, M|100\/100\n|switch|p2b: Iron Bundle|Iron Bundle, L50|100\/100\n|-ability|p1b: yuri|Beads of Ruin\n|-ability|p2a: Incineroar|Intimidate|boost\n|-unboost|p1a: Smeargle|atk|1\n|-unboost|p1b: yuri|atk|1\n|turn|1\n|\n|t:|1739140087\n|move|p2b: Iron Bundle|Protect|p2b: Iron Bundle\n|-singleturn|p2b: Iron Bundle|Protect\n|move|p1a: Smeargle|Fake Out|p2b: Iron Bundle\n|-activate|p2b: Iron Bundle|move: Protect\n|move|p1b: yuri|Heat Wave|p2b: Iron Bundle|[spread] p2a\n|-activate|p2b: Iron Bundle|move: Protect\n|-resisted|p2a: Incineroar\n|-damage|p2a: Incineroar|77\/100\n|move|p2a: Incineroar|U-turn|p1a: Smeargle\n|-damage|p1a: Smeargle|55\/100\n|\n|t:|1739140100\n|switch|p2a: Miraidon|Miraidon, L50|100\/100|[from] U-turn\n|-fieldstart|move: Electric Terrain|[from] ability: Hadron Engine|[of] p2a: Miraidon\n|-activate|p2b: Iron Bundle|ability: Quark Drive\n|-start|p2b: Iron Bundle|quarkdrivespe\n|\n|-ability|p1a: Smeargle|Moody|boost\n|-boost|p1a: Smeargle|spa|2\n|-unboost|p1a: Smeargle|atk|1\n|upkeep\n|turn|2\n|\n|t:|1739140133\n|move|p1a: Smeargle|Wide Guard|p1a: Smeargle\n|-singleturn|p1a: Smeargle|Wide Guard\n|move|p2b: Iron Bundle|Freeze-Dry|p1a: Smeargle\n|-damage|p1a: Smeargle|0 fnt\n|faint|p1a: Smeargle\n|move|p1b: yuri|Heat Wave|p2b: Iron Bundle|[spread] p2b\n|-miss|p1b: yuri|p2a: Miraidon\n|-damage|p2b: Iron Bundle|3\/100\n|move|p2a: Miraidon|Volt Switch|p1b: yuri\n|-damage|p1b: yuri|0 fnt\n|faint|p1b: yuri\n|\n|t:|1739140148\n|switch|p2a: Incineroar|Incineroar, L50, M|77\/100|[from] Volt Switch\n|\n|upkeep\n|\n|t:|1739140156\n|switch|p1b: Calyrex|Calyrex-Shadow, L50|100\/100\n|switch|p1a: Garp|Urshifu-Rapid-Strike, L50, M|100\/100\n|-ability|p1b: Calyrex|As One\n|-ability|p1b: Calyrex|Unnerve\n|turn|3\n|\n|t:|1739140197\n|-terastallize|p2b: Iron Bundle|Normal\n|-terastallize|p1a: Garp|Electric\n|move|p1b: Calyrex|Protect|p1b: Calyrex\n|-singleturn|p1b: Calyrex|Protect\n|move|p2a: Incineroar|Fake Out|p1a: Garp\n|-damage|p1a: Garp|90\/100\n|move|p2b: Iron Bundle|Icy Wind|p1a: Garp|[spread] p1a\n|-activate|p1b: Calyrex|move: Protect\n|-damage|p1a: Garp|60\/100\n|cant|p1a: Garp|flinch\n|\n|upkeep\n|turn|4\n|inactive|Battle timer is ON: inactive players will automatically lose when time's up. (requested by 12laudaa)\n|inactive|KT02 has 60 seconds left.\n|\n|t:|1739140232\n|move|p2b: Iron Bundle|Icy Wind|p1a: Garp|[spread] p1a,p1b\n|-damage|p1a: Garp|30\/100\n|-damage|p1b: Calyrex|80\/100\n|-unboost|p1b: Calyrex|spe|1\n|move|p1a: Garp|Surging Strikes|p2a: Incineroar\n|-supereffective|p2a: Incineroar\n|-crit|p2a: Incineroar\n|-damage|p2a: Incineroar|49\/100\n|-supereffective|p2a: Incineroar\n|-crit|p2a: Incineroar\n|-damage|p2a: Incineroar|19\/100\n|-supereffective|p2a: Incineroar\n|-crit|p2a: Incineroar\n|-damage|p2a: Incineroar|0 fnt\n|faint|p2a: Incineroar\n|-hitcount|p2: Incineroar|3\n|move|p1b: Calyrex|Expanding Force|p2b: Iron Bundle\n|-damage|p2b: Iron Bundle|0 fnt\n|faint|p2b: Iron Bundle\n|-end|p2b: Iron Bundle|Quark Drive|[silent]\n|-ability|p1b: Calyrex|Grim Neigh|boost\n|-boost|p1b: Calyrex|spa|1\n|\n|upkeep\n|\n|t:|1739140247\n|switch|p2b: Miraidon|Miraidon, L50|100\/100\n|switch|p2a: Kingambit|Kingambit, L50, F|100\/100\n|-activate|p2b: Miraidon|ability: Hadron Engine\n|turn|5\n|\n|t:|1739140255\n|move|p1b: Calyrex|Protect|p1b: Calyrex\n|-singleturn|p1b: Calyrex|Protect\n|move|p2a: Kingambit|Sucker Punch||[still]\n|-fail|p2a: Kingambit\n|move|p2b: Miraidon|Dazzling Gleam|p1a: Garp|[spread] p1a\n|-activate|p1b: Calyrex|move: Protect\n|-damage|p1a: Garp|0 fnt\n|faint|p1a: Garp\n|\n|-fieldend|move: Electric Terrain\n|upkeep\n|turn|6\n|-message|12laudaa forfeited.\n|\n|win|KT02\n|raw|12laudaa's rating: 1572 &rarr; <strong>1557<\/strong><br \/>(-15 for losing)\n|raw|KT02's rating: 1667 &rarr; <strong>1682<\/strong><br \/>(+15 for winning)\n|l|\u260612laudaa\n|player|p1|\n|l|\u203dKT02\n|player|p2|\n","uploadtime":1739140483,"views":7,"formatid":"gen9vgc2025regg","rating":1557,"private":0,"password":null}