{"id":"gen9vgc2025regg-2297206221","format":"[Gen 9] VGC 2025 Reg G","players":["Squ1dge_","Dearp"],"log":"|j|\u2606Squ1dge_\n|j|\u2606Dearp\n|t:|1739072775\n|gametype|doubles\n|player|p1|Squ1dge_|1|1544\n|player|p2|Dearp|battlegirl|1725\n|teamsize|p1|6\n|teamsize|p2|6\n|gen|9\n|tier|[Gen 9] VGC 2025 Reg G\n|rated|\n|rule|Species Clause: Limit one of each Pok\u00e9mon\n|rule|Item Clause: Limit 1 of each item\n|clearpoke\n|poke|p1|Calyrex-Ice, L50|\n|poke|p1|Ogerpon-Cornerstone, L50, F|\n|poke|p1|Chi-Yu, L50|\n|poke|p1|Flutter Mane, L50|\n|poke|p1|Urshifu-*, L50, F|\n|poke|p1|Raging Bolt, L50|\n|poke|p2|Heatran, L50, M|\n|poke|p2|Sinistcha, L50|\n|poke|p2|Annihilape, L50, F|\n|poke|p2|Calyrex-Ice, L50|\n|poke|p2|Indeedee-F, L50, F|\n|poke|p2|Iron Valiant, L50|\n|teampreview|4\n|\n|t:|1739072815\n|start\n|switch|p1a: Flutter Mane|Flutter Mane, L50|100\/100\n|switch|p1b: Urshifu|Urshifu-Rapid-Strike, L50, F|100\/100\n|switch|p2a: Calyrex|Calyrex-Ice, L50|100\/100\n|switch|p2b: Indeedee|Indeedee-F, L50, F|100\/100\n|-ability|p2a: Calyrex|As One\n|-ability|p2a: Calyrex|Unnerve\n|-fieldstart|move: Psychic Terrain|[from] ability: Psychic Surge|[of] p2b: Indeedee\n|-enditem|p2b: Indeedee|Psychic Seed\n|-boost|p2b: Indeedee|spd|1|[from] item: Psychic Seed\n|-enditem|p1a: Flutter Mane|Booster Energy\n|-activate|p1a: Flutter Mane|ability: Protosynthesis|[fromitem]\n|-start|p1a: Flutter Mane|protosynthesisspe\n|turn|1\n|\n|t:|1739072851\n|-end|p1a: Flutter Mane|Protosynthesis|[silent]\n|switch|p1a: Calyrex|Calyrex-Ice, L50|100\/100\n|-ability|p1a: Calyrex|As One\n|-ability|p1a: Calyrex|Unnerve\n|-terastallize|p2a: Calyrex|Water\n|move|p1b: Urshifu|Detect|p1b: Urshifu\n|-singleturn|p1b: Urshifu|Protect\n|move|p2a: Calyrex|Glacial Lance|p1a: Calyrex|[spread] p1a\n|-activate|p1b: Urshifu|move: Protect\n|-resisted|p1a: Calyrex\n|-damage|p1a: Calyrex|84\/100\n|move|p2b: Indeedee|Trick Room|p2b: Indeedee\n|-fieldstart|move: Trick Room|[of] p2b: Indeedee\n|\n|upkeep\n|turn|2\n|j| Kal0stest\n|\n|t:|1739072877\n|-terastallize|p1b: Urshifu|Water\n|move|p2b: Indeedee|Helping Hand|p2a: Calyrex\n|-singleturn|p2a: Calyrex|Helping Hand|[of] p2b: Indeedee\n|move|p1a: Calyrex|Glacial Lance|p2b: Indeedee|[spread] p2a,p2b\n|-resisted|p2a: Calyrex\n|-damage|p2a: Calyrex|83\/100\n|-damage|p2b: Indeedee|48\/100\n|move|p2a: Calyrex|Seed Bomb|p1b: Urshifu\n|-supereffective|p1b: Urshifu\n|-enditem|p1b: Urshifu|Focus Sash\n|-damage|p1b: Urshifu|1\/100\n|move|p1b: Urshifu|Surging Strikes|p2b: Indeedee\n|-crit|p2b: Indeedee\n|-damage|p2b: Indeedee|17\/100\n|-crit|p2b: Indeedee\n|-damage|p2b: Indeedee|0 fnt\n|faint|p2b: Indeedee\n|-hitcount|p2: Indeedee|2\n|\n|upkeep\n|\n|t:|1739072892\n|switch|p2b: Iron Valiant|Iron Valiant, L50|100\/100\n|-enditem|p2b: Iron Valiant|Booster Energy\n|-activate|p2b: Iron Valiant|ability: Quark Drive|[fromitem]\n|-start|p2b: Iron Valiant|quarkdrivespe\n|turn|3\n|\n|t:|1739072902\n|move|p1b: Urshifu|Detect|p1b: Urshifu\n|-singleturn|p1b: Urshifu|Protect\n|move|p1a: Calyrex|High Horsepower|p2b: Iron Valiant\n|-damage|p2b: Iron Valiant|57\/100\n|move|p2a: Calyrex|Glacial Lance|p1a: Calyrex|[spread] p1a\n|-activate|p1b: Urshifu|move: Protect\n|-resisted|p1a: Calyrex\n|-damage|p1a: Calyrex|67\/100\n|move|p2b: Iron Valiant|Coaching|p2a: Calyrex\n|-boost|p2a: Calyrex|atk|1\n|-boost|p2a: Calyrex|def|1\n|\n|upkeep\n|turn|4\n|\n|t:|1739072923\n|-end|p2b: Iron Valiant|Quark Drive|[silent]\n|switch|p2b: Heatran|Heatran, L50, M|100\/100\n|move|p1a: Calyrex|Glacial Lance|p2a: Calyrex|[spread] p2a,p2b\n|-resisted|p2a: Calyrex\n|-resisted|p2b: Heatran\n|-damage|p2a: Calyrex|72\/100\n|-damage|p2b: Heatran|89\/100\n|move|p2a: Calyrex|Glacial Lance|p1a: Calyrex|[spread] p1a,p1b\n|-resisted|p1a: Calyrex\n|-resisted|p1b: Urshifu\n|-damage|p1a: Calyrex|41\/100\n|-damage|p1b: Urshifu|0 fnt\n|faint|p1b: Urshifu\n|-ability|p2a: Calyrex|Chilling Neigh|boost\n|-boost|p2a: Calyrex|atk|1\n|\n|upkeep\n|\n|t:|1739072937\n|switch|p1b: Ogerpon|Ogerpon-Cornerstone, L50, F|100\/100\n|turn|5\n|\n|t:|1739072951\n|move|p2b: Heatran|Protect|p2b: Heatran\n|-singleturn|p2b: Heatran|Protect\n|move|p1b: Ogerpon|Spiky Shield|p1b: Ogerpon\n|-singleturn|p1b: Ogerpon|move: Protect\n|move|p1a: Calyrex|High Horsepower|p2b: Heatran\n|-activate|p2b: Heatran|move: Protect\n|move|p2a: Calyrex|Glacial Lance|p1b: Ogerpon|[spread] p1a\n|-activate|p1b: Ogerpon|move: Protect\n|-resisted|p1a: Calyrex\n|-damage|p1a: Calyrex|6\/100\n|\n|-fieldend|move: Trick Room\n|-fieldend|move: Psychic Terrain\n|upkeep\n|turn|6\n|\n|t:|1739072984\n|move|p1b: Ogerpon|Power Whip|p2a: Calyrex\n|-supereffective|p2a: Calyrex\n|-damage|p2a: Calyrex|14\/100\n|move|p2a: Calyrex|Glacial Lance|p1a: Calyrex|[spread] p1a,p1b\n|-resisted|p1a: Calyrex\n|-supereffective|p1b: Ogerpon\n|-damage|p1a: Calyrex|0 fnt\n|-ability|p1b: Ogerpon|Sturdy\n|-damage|p1b: Ogerpon|1\/100\n|faint|p1a: Calyrex\n|-ability|p2a: Calyrex|Chilling Neigh|boost\n|-boost|p2a: Calyrex|atk|1\n|move|p2b: Heatran|Heavy Slam|p1b: Ogerpon\n|-supereffective|p1b: Ogerpon\n|-damage|p1b: Ogerpon|0 fnt\n|faint|p1b: Ogerpon\n|\n|upkeep\n|-message|Squ1dge_ forfeited.\n|\n|win|Dearp\n|raw|Squ1dge_'s rating: 1544 &rarr; <strong>1534<\/strong><br \/>(-10 for losing)\n|raw|Dearp's rating: 1725 &rarr; <strong>1735<\/strong><br \/>(+10 for winning)\n|l|\u2606Squ1dge_\n|player|p1|\n|l| Kal0stest\n|l|\u2606Dearp\n|player|p2|\n","uploadtime":1739073177,"views":6,"formatid":"gen9vgc2025regg","rating":1534,"private":0,"password":null}