{"id":"gen9vgc2025regg-2297928020","format":"[Gen 9] VGC 2025 Reg G","players":["test-on-calls","friedfish24"],"log":"|j|\u2606test-on-calls\n|j|\u2606friedfish24\n|t:|1739188032\n|gametype|doubles\n|player|p1|test-on-calls|2|1607\n|player|p2|friedfish24|li|1618\n|teamsize|p1|6\n|teamsize|p2|6\n|gen|9\n|tier|[Gen 9] VGC 2025 Reg G\n|rated|\n|rule|Species Clause: Limit one of each Pok\u00e9mon\n|rule|Item Clause: Limit 1 of each item\n|clearpoke\n|poke|p1|Flutter Mane, L50|\n|poke|p1|Groudon, L50|\n|poke|p1|Chi-Yu, L50|\n|poke|p1|Whimsicott, L50, F|\n|poke|p1|Toxapex, L50, F|\n|poke|p1|Zapdos-Galar, L50|\n|poke|p2|Grimmsnarl, L50, M|\n|poke|p2|Terapagos, L50, M|\n|poke|p2|Ogerpon-Hearthflame, L50, F|\n|poke|p2|Flutter Mane, L50|\n|poke|p2|Tornadus, L50, M|\n|poke|p2|Iron Hands, L50|\n|teampreview|4\n|\n|t:|1739188083\n|start\n|switch|p1a: Zapdos|Zapdos-Galar, L50, shiny|100\/100\n|switch|p1b: Groudon|Groudon, L50, shiny|100\/100\n|switch|p2a: Grimmsnarl|Grimmsnarl, L50, M|100\/100\n|switch|p2b: Terapagos|Terapagos, L50, M|100\/100\n|-activate|p2b: Terapagos|ability: Tera Shift\n|detailschange|p2b: Terapagos|Terapagos-Terastal, L50, M\n|-heal|p2b: Terapagos|100\/100|[silent]\n|-weather|SunnyDay|[from] ability: Drought|[of] p1b: Groudon\n|turn|1\n|\n|t:|1739188103\n|-terastallize|p2b: Terapagos|Stellar\n|detailschange|p2b: Terapagos|Terapagos-Stellar, L50, M, tera:Stellar\n|-heal|p2b: Terapagos|100\/100|[silent]\n|-ability|p2b: Terapagos|Teraform Zero\n|-weather|none\n|move|p2a: Grimmsnarl|Reflect|p2a: Grimmsnarl\n|-sidestart|p2: friedfish24|Reflect\n|move|p1a: Zapdos|Coaching|p1b: Groudon\n|-boost|p1b: Groudon|atk|1\n|-boost|p1b: Groudon|def|1\n|move|p2b: Terapagos|Tera Starstorm|p1b: Groudon|[spread] p1a,p1b\n|-damage|p1a: Zapdos|28\/100\n|-damage|p1b: Groudon|62\/100\n|move|p1b: Groudon|Heat Crash|p2b: Terapagos\n|-damage|p2b: Terapagos|67\/100\n|\n|upkeep\n|turn|2\n|\n|t:|1739188123\n|move|p2a: Grimmsnarl|Thunder Wave|p1a: Zapdos\n|-status|p1a: Zapdos|par\n|move|p2b: Terapagos|Tera Starstorm|p1b: Groudon|[spread] p1a,p1b\n|-damage|p1a: Zapdos|0 fnt\n|-damage|p1b: Groudon|25\/100\n|faint|p1a: Zapdos\n|move|p1b: Groudon|Precipice Blades|p2a: Grimmsnarl|[spread] p2a,p2b\n|-crit|p2a: Grimmsnarl\n|-damage|p2a: Grimmsnarl|0 fnt\n|-damage|p2b: Terapagos|32\/100\n|faint|p2a: Grimmsnarl\n|\n|upkeep\n|\n|t:|1739188136\n|switch|p1a: Flutter Mane|Flutter Mane, L50, shiny|100\/100\n|switch|p2a: Iron Hands|Iron Hands, L50|100\/100\n|turn|3\n|\n|t:|1739188142\n|move|p2a: Iron Hands|Fake Out|p1b: Groudon\n|-damage|p1b: Groudon|17\/100\n|move|p1a: Flutter Mane|Moonblast|p2b: Terapagos\n|-damage|p2b: Terapagos|0 fnt\n|faint|p2b: Terapagos\n|cant|p1b: Groudon|flinch\n|\n|upkeep\n|\n|t:|1739188149\n|switch|p2b: Ogerpon|Ogerpon-Hearthflame, L50, F|100\/100\n|-ability|p2b: Ogerpon|Mold Breaker\n|turn|4\n|\n|t:|1739188158\n|-terastallize|p1a: Flutter Mane|Fairy\n|move|p1a: Flutter Mane|Moonblast|p2a: Iron Hands\n|-supereffective|p2a: Iron Hands\n|-damage|p2a: Iron Hands|0 fnt\n|faint|p2a: Iron Hands\n|-end|p2a: Iron Hands|Quark Drive|[silent]\n|move|p2b: Ogerpon|Ivy Cudgel|p1b: Groudon|[anim] Ivy Cudgel Fire\n|-damage|p1b: Groudon|0 fnt\n|faint|p1b: Groudon\n|\n|upkeep\n|\n|t:|1739188159\n|switch|p1b: Whimsicott|Whimsicott, L50, F|100\/100\n|turn|5\n|\n|t:|1739188164\n|move|p1a: Flutter Mane|Moonblast|p2b: Ogerpon\n|-resisted|p2b: Ogerpon\n|-damage|p2b: Ogerpon|50\/100\n|move|p1b: Whimsicott|Moonblast|p2b: Ogerpon\n|-resisted|p2b: Ogerpon\n|-damage|p2b: Ogerpon|31\/100\n|-unboost|p2b: Ogerpon|spa|1\n|move|p2b: Ogerpon|Ivy Cudgel|p1a: Flutter Mane|[anim] Ivy Cudgel Fire\n|-crit|p1a: Flutter Mane\n|-damage|p1a: Flutter Mane|0 fnt\n|faint|p1a: Flutter Mane\n|-end|p1a: Flutter Mane|Protosynthesis|[silent]\n|\n|upkeep\n|turn|6\n|\n|t:|1739188176\n|move|p1b: Whimsicott|Moonblast|p2b: Ogerpon\n|-resisted|p2b: Ogerpon\n|-damage|p2b: Ogerpon|12\/100\n|move|p2b: Ogerpon|Ivy Cudgel|p1b: Whimsicott|[anim] Ivy Cudgel Fire\n|-supereffective|p1b: Whimsicott\n|-enditem|p1b: Whimsicott|Focus Sash\n|-damage|p1b: Whimsicott|1\/100\n|\n|upkeep\n|turn|7\n|\n|t:|1739188181\n|move|p1b: Whimsicott|Moonblast|p2b: Ogerpon\n|-resisted|p2b: Ogerpon\n|-damage|p2b: Ogerpon|0 fnt\n|faint|p2b: Ogerpon\n|\n|win|test-on-calls\n|raw|test-on-calls's rating: 1607 &rarr; <strong>1628<\/strong><br \/>(+21 for winning)\n|raw|friedfish24's rating: 1618 &rarr; <strong>1597<\/strong><br \/>(-21 for losing)\n|l|\u2606friedfish24\n|player|p2|\n|l|\u2606test-on-calls\n|player|p1|\n","uploadtime":1739188376,"views":8,"formatid":"gen9vgc2025regg","rating":1597,"private":0,"password":null}