{"id":"gen9vgc2025regg-2297967312","format":"[Gen 9] VGC 2025 Reg G","players":["beastCookie570","GlobalWinner"],"log":"|j|\u2606beastCookie570\n|j|\u2606GlobalWinner\n|t:|1739193797\n|gametype|doubles\n|player|p1|beastCookie570|hiker-gen4|1543\n|player|p2|GlobalWinner|pokekid|1606\n|teamsize|p1|6\n|teamsize|p2|6\n|gen|9\n|tier|[Gen 9] VGC 2025 Reg G\n|rated|\n|rule|Species Clause: Limit one of each Pok\u00e9mon\n|rule|Item Clause: Limit 1 of each item\n|clearpoke\n|poke|p1|Zacian-*, L50|\n|poke|p1|Tornadus, L50, M|\n|poke|p1|Urshifu-*, L50, F|\n|poke|p1|Rillaboom, L50, M|\n|poke|p1|Incineroar, L50, M|\n|poke|p1|Farigiraf, L50, M|\n|poke|p2|Eternatus, L50|\n|poke|p2|Flutter Mane, L50|\n|poke|p2|Incineroar, L50, M|\n|poke|p2|Ditto, L50|\n|poke|p2|Urshifu-*, L50, F|\n|poke|p2|Rillaboom, L50, M|\n|teampreview|4\n|\n|t:|1739193871\n|start\n|switch|p1a: Zacian|Zacian-Crowned, L50|100\/100\n|switch|p1b: Rillaboom|Rillaboom, L50, M|100\/100\n|switch|p2a: Eternatus|Eternatus, L50|100\/100\n|switch|p2b: Urshifu|Urshifu-Rapid-Strike, L50, F|100\/100\n|-ability|p1a: Zacian|Intrepid Sword|boost\n|-boost|p1a: Zacian|atk|1\n|-ability|p2a: Eternatus|Pressure\n|-fieldstart|move: Grassy Terrain|[from] ability: Grassy Surge|[of] p1b: Rillaboom\n|turn|1\n|inactive|Battle timer is ON: inactive players will automatically lose when time's up. (requested by beastCookie570)\n|\n|t:|1739193889\n|switch|p2b: Ditto|Ditto, L50, shiny|100\/100\n|-transform|p2b: Ditto|p1a: Zacian|[from] ability: Imposter\n|-ability|p2b: Ditto|Intrepid Sword|boost\n|-boost|p2b: Ditto|atk|1\n|switch|p2a: Incineroar|Incineroar, L50, M|100\/100\n|-ability|p2a: Incineroar|Intimidate|boost\n|-unboost|p1a: Zacian|atk|1\n|-unboost|p1b: Rillaboom|atk|1\n|move|p1b: Rillaboom|Fake Out|p2a: Incineroar\n|-damage|p2a: Incineroar|93\/100\n|move|p1a: Zacian|Swords Dance|p1a: Zacian\n|-boost|p1a: Zacian|atk|2\n|\n|-heal|p2a: Incineroar|99\/100|[from] Grassy Terrain\n|upkeep\n|turn|2\n|\n|t:|1739193911\n|switch|p1b: Farigiraf|Farigiraf, L50, M|100\/100\n|move|p1a: Zacian|Protect|p1a: Zacian\n|-singleturn|p1a: Zacian|Protect\n|move|p2b: Ditto|Swords Dance|p2b: Ditto\n|-boost|p2b: Ditto|atk|2\n|move|p2a: Incineroar|Parting Shot|p1a: Zacian\n|-activate|p1a: Zacian|move: Protect\n|\n|-heal|p2a: Incineroar|100\/100|[from] Grassy Terrain\n|upkeep\n|turn|3\n|\n|t:|1739193924\n|-terastallize|p1a: Zacian|Water\n|move|p2b: Ditto|Behemoth Blade|p1b: Farigiraf\n|-damage|p1b: Farigiraf|0 fnt\n|faint|p1b: Farigiraf\n|move|p1a: Zacian|Behemoth Blade|p2b: Ditto\n|-enditem|p2b: Ditto|Focus Sash\n|-damage|p2b: Ditto|1\/100\n|move|p2a: Incineroar|Parting Shot|p1a: Zacian\n|-unboost|p1a: Zacian|atk|1\n|-unboost|p1a: Zacian|spa|1\n|\n|t:|1739193946\n|switch|p2a: Urshifu|Urshifu-Rapid-Strike, L50, F|100\/100|[from] Parting Shot\n|\n|-heal|p2b: Ditto|7\/100|[from] Grassy Terrain\n|upkeep\n|\n|t:|1739193951\n|switch|p1b: Rillaboom|Rillaboom, L50, M|100\/100\n|turn|4\n|\n|t:|1739193959\n|switch|p2a: Incineroar|Incineroar, L50, M|100\/100\n|-ability|p2a: Incineroar|Intimidate|boost\n|-unboost|p1a: Zacian|atk|1\n|-unboost|p1b: Rillaboom|atk|1\n|move|p2b: Ditto|Protect|p2b: Ditto\n|-singleturn|p2b: Ditto|Protect\n|move|p1b: Rillaboom|Grassy Glide|p2b: Ditto\n|-activate|p2b: Ditto|move: Protect\n|move|p1a: Zacian|Play Rough|p2a: Incineroar\n|-damage|p2a: Incineroar|57\/100\n|\n|-heal|p2b: Ditto|13\/100|[from] Grassy Terrain\n|-heal|p2a: Incineroar|63\/100|[from] Grassy Terrain\n|upkeep\n|turn|5\n|\n|t:|1739193973\n|switch|p1a: Incineroar|Incineroar, L50, M|100\/100\n|-ability|p1a: Incineroar|Intimidate|boost\n|-unboost|p2a: Incineroar|atk|1\n|-unboost|p2b: Ditto|atk|1\n|move|p2a: Incineroar|Fake Out|p1b: Rillaboom\n|-damage|p1b: Rillaboom|94\/100\n|cant|p1b: Rillaboom|flinch\n|move|p2b: Ditto|Play Rough|p1a: Incineroar\n|-crit|p1a: Incineroar\n|-enditem|p1a: Incineroar|Focus Sash\n|-damage|p1a: Incineroar|1\/100\n|\n|-heal|p2b: Ditto|19\/100|[from] Grassy Terrain\n|-heal|p1a: Incineroar|7\/100|[from] Grassy Terrain\n|-heal|p1b: Rillaboom|99\/100|[from] Grassy Terrain\n|-heal|p2a: Incineroar|69\/100|[from] Grassy Terrain\n|-fieldend|move: Grassy Terrain\n|upkeep\n|turn|6\n|\n|t:|1739193992\n|move|p2b: Ditto|Protect|p2b: Ditto\n|-singleturn|p2b: Ditto|Protect\n|move|p1a: Incineroar|Fake Out|p2a: Incineroar\n|-damage|p2a: Incineroar|56\/100\n|move|p1b: Rillaboom|U-turn|p2a: Incineroar\n|-damage|p2a: Incineroar|44\/100\n|\n|t:|1739193996\n|switch|p1b: Zacian|Zacian-Crowned, L50, tera:Water|100\/100|[from] U-turn\n|cant|p2a: Incineroar|flinch\n|\n|upkeep\n|turn|7\n|\n|t:|1739194009\n|move|p1b: Zacian|Behemoth Blade|p2b: Ditto\n|-damage|p2b: Ditto|0 fnt\n|faint|p2b: Ditto\n|move|p1a: Incineroar|Knock Off|p2a: Incineroar\n|-resisted|p2a: Incineroar\n|-damage|p2a: Incineroar|21\/100\n|-enditem|p2a: Incineroar|Safety Goggles|[from] move: Knock Off|[of] p1a: Incineroar\n|move|p2a: Incineroar|Flare Blitz|p1a: Incineroar\n|-resisted|p1a: Incineroar\n|-damage|p1a: Incineroar|0 fnt\n|faint|p1a: Incineroar\n|-damage|p2a: Incineroar|19\/100|[from] Recoil\n|\n|upkeep\n|\n|t:|1739194019\n|switch|p1a: Rillaboom|Rillaboom, L50, M|99\/100\n|switch|p2b: Eternatus|Eternatus, L50|100\/100\n|-ability|p2b: Eternatus|Pressure\n|-fieldstart|move: Grassy Terrain|[from] ability: Grassy Surge|[of] p1a: Rillaboom\n|turn|8\n|\n|t:|1739194032\n|switch|p2a: Urshifu|Urshifu-Rapid-Strike, L50, F|100\/100\n|move|p1a: Rillaboom|Fake Out|p2b: Eternatus\n|-damage|p2b: Eternatus|88\/100\n|move|p1b: Zacian|Swords Dance|p1b: Zacian\n|-boost|p1b: Zacian|atk|2\n|cant|p2b: Eternatus|flinch\n|\n|-heal|p2b: Eternatus|94\/100|[from] Grassy Terrain\n|-heal|p2b: Eternatus|100\/100|[from] item: Leftovers\n|-heal|p1a: Rillaboom|100\/100|[from] Grassy Terrain\n|upkeep\n|turn|9\n|\n|t:|1739194044\n|move|p1a: Rillaboom|Grassy Glide|p2a: Urshifu\n|-supereffective|p2a: Urshifu\n|-crit|p2a: Urshifu\n|-damage|p2a: Urshifu|0 fnt\n|faint|p2a: Urshifu\n|move|p1b: Zacian|Behemoth Blade|p2b: Eternatus\n|-damage|p2b: Eternatus|3\/100\n|move|p2b: Eternatus|Dynamax Cannon|p1b: Zacian\n|-damage|p1b: Zacian|50\/100\n|\n|-heal|p1b: Zacian|56\/100|[from] Grassy Terrain\n|-heal|p2b: Eternatus|9\/100|[from] Grassy Terrain\n|-heal|p2b: Eternatus|16\/100|[from] item: Leftovers\n|upkeep\n|\n|t:|1739194047\n|switch|p2a: Incineroar|Incineroar, L50, M|19\/100\n|-ability|p2a: Incineroar|Intimidate|boost\n|-unboost|p1a: Rillaboom|atk|1\n|-unboost|p1b: Zacian|atk|1\n|turn|10\n|\n|t:|1739194057\n|move|p2a: Incineroar|Fake Out|p1b: Zacian\n|-damage|p1b: Zacian|47\/100\n|cant|p1b: Zacian|flinch\n|move|p2b: Eternatus|Sludge Bomb|p1a: Rillaboom\n|-supereffective|p1a: Rillaboom\n|-damage|p1a: Rillaboom|17\/100\n|move|p1a: Rillaboom|Wood Hammer|p2b: Eternatus\n|-resisted|p2b: Eternatus\n|-damage|p2b: Eternatus|4\/100\n|-damage|p1a: Rillaboom|13\/100|[from] Recoil\n|\n|-heal|p1b: Zacian|54\/100|[from] Grassy Terrain\n|-heal|p2b: Eternatus|11\/100|[from] Grassy Terrain\n|-heal|p2b: Eternatus|17\/100|[from] item: Leftovers\n|-heal|p1a: Rillaboom|19\/100|[from] Grassy Terrain\n|-heal|p2a: Incineroar|25\/100|[from] Grassy Terrain\n|upkeep\n|turn|11\n|\n|t:|1739194075\n|move|p1b: Zacian|Behemoth Blade|p2b: Eternatus\n|-damage|p2b: Eternatus|0 fnt\n|faint|p2b: Eternatus\n|move|p1a: Rillaboom|Wood Hammer|p2a: Incineroar\n|-resisted|p2a: Incineroar\n|-damage|p2a: Incineroar|4\/100\n|-damage|p1a: Rillaboom|12\/100|[from] Recoil\n|move|p2a: Incineroar|Knock Off|p1b: Zacian\n|-damage|p1b: Zacian|32\/100\n|\n|-heal|p1b: Zacian|38\/100|[from] Grassy Terrain\n|-heal|p1a: Rillaboom|17\/100|[from] Grassy Terrain\n|-heal|p2a: Incineroar|10\/100|[from] Grassy Terrain\n|upkeep\n|turn|12\n|-message|GlobalWinner forfeited.\n|\n|win|beastCookie570\n|raw|beastCookie570's rating: 1543 &rarr; <strong>1567<\/strong><br \/>(+24 for winning)\n|raw|GlobalWinner's rating: 1606 &rarr; <strong>1582<\/strong><br \/>(-24 for losing)\n|l|\u2606GlobalWinner\n|player|p2|\n|c|\u2606beastCookie570|Ggs\n|l|\u2606beastCookie570\n|player|p1|\n","uploadtime":1739194342,"views":4,"formatid":"gen9vgc2025regg","rating":1567,"private":0,"password":null}