{"id":"gen9vgc2025regg-2297959543","format":"[Gen 9] VGC 2025 Reg G","players":["chin8","SendMuj"],"log":"|j|\u2606chin8\n|j|\u2606SendMuj\n|t:|1739192758\n|gametype|doubles\n|player|p1|chin8|gentleman-gen4dp|1569\n|player|p2|SendMuj|pokemonranger-gen4|1628\n|teamsize|p1|6\n|teamsize|p2|6\n|gen|9\n|tier|[Gen 9] VGC 2025 Reg G\n|rated|\n|rule|Species Clause: Limit one of each Pok\u00e9mon\n|rule|Item Clause: Limit 1 of each item\n|clearpoke\n|poke|p1|Calyrex-Shadow, L50|\n|poke|p1|Incineroar, L50, F|\n|poke|p1|Rillaboom, L50, F|\n|poke|p1|Gastrodon-East, L50, M|\n|poke|p1|Hitmonchan, L50, M|\n|poke|p1|Tropius, L50, F|\n|poke|p2|Kyogre, L50|\n|poke|p2|Whimsicott, L50, F|\n|poke|p2|Ogerpon-Hearthflame, L50, F|\n|poke|p2|Rillaboom, L50, M|\n|poke|p2|Incineroar, L50, M|\n|poke|p2|Landorus, L50, M|\n|teampreview|4\n|inactive|Battle timer is ON: inactive players will automatically lose when time's up. (requested by SendMuj)\n|\n|t:|1739192784\n|start\n|switch|p1a: Hitmonchan|Hitmonchan, L50, M|100\/100\n|switch|p1b: Calyrex|Calyrex-Shadow, L50|100\/100\n|switch|p2a: Whimsicott|Whimsicott, L50, F|100\/100\n|switch|p2b: Ogerpon|Ogerpon-Hearthflame, L50, F|100\/100\n|-ability|p1b: Calyrex|As One\n|-ability|p1b: Calyrex|Unnerve\n|-ability|p2b: Ogerpon|Mold Breaker\n|turn|1\n|j| mewkyuvgc\n|l| mewkyuvgc\n|\n|t:|1739192794\n|switch|p1a: Incineroar|Incineroar, L50, F|100\/100\n|-ability|p1a: Incineroar|Intimidate|boost\n|-unboost|p2a: Whimsicott|atk|1\n|-unboost|p2b: Ogerpon|atk|1\n|move|p2b: Ogerpon|Spiky Shield|p2b: Ogerpon\n|-singleturn|p2b: Ogerpon|move: Protect\n|move|p2a: Whimsicott|Tailwind|p2a: Whimsicott\n|-sidestart|p2: SendMuj|move: Tailwind\n|move|p1b: Calyrex|Astral Barrage|p2b: Ogerpon|[spread] p2a\n|-activate|p2b: Ogerpon|move: Protect\n|-damage|p2a: Whimsicott|27\/100\n|\n|upkeep\n|turn|2\n|\n|t:|1739192810\n|move|p1a: Incineroar|Fake Out|p2b: Ogerpon\n|-damage|p2b: Ogerpon|84\/100\n|move|p2a: Whimsicott|Light Screen|p2a: Whimsicott\n|-sidestart|p2: SendMuj|move: Light Screen\n|cant|p2b: Ogerpon|flinch\n|move|p1b: Calyrex|Astral Barrage|p2b: Ogerpon|[spread] p2a,p2b\n|-damage|p2a: Whimsicott|0 fnt\n|-damage|p2b: Ogerpon|44\/100\n|faint|p2a: Whimsicott\n|-ability|p1b: Calyrex|Grim Neigh|boost\n|-boost|p1b: Calyrex|spa|1\n|\n|upkeep\n|\n|t:|1739192812\n|switch|p2a: Kyogre|Kyogre, L50|100\/100\n|-weather|RainDance|[from] ability: Drizzle|[of] p2a: Kyogre\n|turn|3\n|\n|t:|1739192822\n|switch|p2b: Landorus|Landorus, L50, M|100\/100\n|-terastallize|p2a: Kyogre|Water\n|-terastallize|p1a: Incineroar|Grass\n|move|p1b: Calyrex|Protect|p1b: Calyrex\n|-singleturn|p1b: Calyrex|Protect\n|move|p2a: Kyogre|Water Spout|p1b: Calyrex|[spread] p1a\n|-activate|p1b: Calyrex|move: Protect\n|-resisted|p1a: Incineroar\n|-damage|p1a: Incineroar|12\/100\n|-enditem|p1a: Incineroar|Aguav Berry|[eat]\n|-heal|p1a: Incineroar|46\/100|[from] item: Aguav Berry\n|move|p1a: Incineroar|Parting Shot|p2a: Kyogre\n|-unboost|p2a: Kyogre|atk|1\n|-unboost|p2a: Kyogre|spa|1\n|\n|t:|1739192827\n|switch|p1a: Tropius|Tropius, L50, F|100\/100|[from] Parting Shot\n|\n|-weather|RainDance|[upkeep]\n|upkeep\n|turn|4\n|\n|t:|1739192834\n|move|p1a: Tropius|Wide Guard|p1a: Tropius\n|-singleturn|p1a: Tropius|Wide Guard\n|move|p2b: Landorus|Sandsear Storm|p1b: Calyrex|[spread] \n|-activate|p1a: Tropius|move: Wide Guard\n|-activate|p1b: Calyrex|move: Wide Guard\n|move|p2a: Kyogre|Water Spout|p1b: Calyrex|[spread] \n|-activate|p1a: Tropius|move: Wide Guard\n|-activate|p1b: Calyrex|move: Wide Guard\n|move|p1b: Calyrex|Astral Barrage|p2b: Landorus|[spread] p2a,p2b\n|-damage|p2a: Kyogre|57\/100\n|-damage|p2b: Landorus|32\/100\n|\n|-weather|RainDance|[upkeep]\n|-sideend|p2: SendMuj|move: Tailwind\n|upkeep\n|turn|5\n|\n|t:|1739192841\n|move|p1a: Tropius|Wide Guard|p1a: Tropius\n|-singleturn|p1a: Tropius|Wide Guard\n|move|p1b: Calyrex|Astral Barrage|p2a: Kyogre|[spread] p2a,p2b\n|-damage|p2a: Kyogre|16\/100\n|-damage|p2b: Landorus|0 fnt\n|faint|p2b: Landorus\n|-ability|p1b: Calyrex|Grim Neigh|boost\n|-boost|p1b: Calyrex|spa|1\n|move|p2a: Kyogre|Water Spout|p1a: Tropius|[spread] \n|-activate|p1a: Tropius|move: Wide Guard\n|-activate|p1b: Calyrex|move: Wide Guard\n|\n|-weather|RainDance|[upkeep]\n|upkeep\n|-message|SendMuj forfeited.\n|\n|win|chin8\n|raw|chin8's rating: 1569 &rarr; <strong>1592<\/strong><br \/>(+23 for winning)\n|raw|SendMuj's rating: 1628 &rarr; <strong>1605<\/strong><br \/>(-23 for losing)\n|l|\u2606chin8\n|player|p1|\n|l|\u2606SendMuj\n|player|p2|\n","uploadtime":1739193097,"views":12,"formatid":"gen9vgc2025regg","rating":1592,"private":0,"password":null}