{"id":"gen9vgc2025regg-2297515751","format":"[Gen 9] VGC 2025 Reg G","players":["Sheevpeuic","MasterofMetapods5"],"log":"|j|\u2606Sheevpeuic\n|j|\u2606MasterofMetapods5\n|t:|1739124940\n|gametype|doubles\n|player|p1|Sheevpeuic|2|1563\n|player|p2|MasterofMetapods5|101|1578\n|teamsize|p1|6\n|teamsize|p2|6\n|gen|9\n|tier|[Gen 9] VGC 2025 Reg G\n|rated|\n|rule|Species Clause: Limit one of each Pok\u00e9mon\n|rule|Item Clause: Limit 1 of each item\n|clearpoke\n|poke|p1|Kyogre, L50|\n|poke|p1|Roaring Moon, L50|\n|poke|p1|Farigiraf, L50, F|\n|poke|p1|Iron Hands, L50|\n|poke|p1|Ogerpon-Wellspring, L50, F|\n|poke|p1|Landorus, L50, M|\n|poke|p2|Groudon, L50|\n|poke|p2|Rillaboom, L50, F|\n|poke|p2|Raging Bolt, L50|\n|poke|p2|Grimmsnarl, L50, M|\n|poke|p2|Incineroar, L50, F|\n|poke|p2|Gholdengo, L50|\n|teampreview|4\n|\n|t:|1739124961\n|start\n|switch|p1a: Roaring Moon|Roaring Moon, L50, shiny|100\/100\n|switch|p1b: Kyogre|Kyogre, L50|100\/100\n|switch|p2a: Grimmsnarl|Grimmsnarl, L50, M|100\/100\n|switch|p2b: Rillaboom|Rillaboom, L50, F|100\/100\n|-weather|RainDance|[from] ability: Drizzle|[of] p1b: Kyogre\n|-fieldstart|move: Grassy Terrain|[from] ability: Grassy Surge|[of] p2b: Rillaboom\n|-enditem|p1a: Roaring Moon|Booster Energy\n|-activate|p1a: Roaring Moon|ability: Protosynthesis|[fromitem]\n|-start|p1a: Roaring Moon|protosynthesisspe\n|turn|1\n|\n|t:|1739124971\n|switch|p1b: Farigiraf|Farigiraf, L50, F|100\/100\n|switch|p2b: Groudon|Groudon, L50|100\/100\n|-weather|SunnyDay|[from] ability: Drought|[of] p2b: Groudon\n|move|p2a: Grimmsnarl|Light Screen|p2a: Grimmsnarl\n|-sidestart|p2: MasterofMetapods5|move: Light Screen\n|move|p1a: Roaring Moon|Acrobatics|p2b: Groudon\n|-damage|p2b: Groudon|74\/100\n|\n|-weather|SunnyDay|[upkeep]\n|-heal|p2b: Groudon|80\/100|[from] Grassy Terrain\n|upkeep\n|turn|2\n|\n|t:|1739124981\n|move|p2a: Grimmsnarl|Reflect|p2a: Grimmsnarl\n|-sidestart|p2: MasterofMetapods5|Reflect\n|move|p1a: Roaring Moon|Tailwind|p1a: Roaring Moon\n|-sidestart|p1: Sheevpeuic|move: Tailwind\n|move|p1b: Farigiraf|Psychic|p2b: Groudon\n|-damage|p2b: Groudon|62\/100\n|move|p2b: Groudon|Precipice Blades|p1b: Farigiraf|[spread] p1a,p1b\n|-damage|p1a: Roaring Moon|43\/100\n|-damage|p1b: Farigiraf|51\/100\n|\n|-weather|SunnyDay|[upkeep]\n|-heal|p1a: Roaring Moon|49\/100|[from] Grassy Terrain\n|-heal|p1b: Farigiraf|57\/100|[from] Grassy Terrain\n|-heal|p2b: Groudon|68\/100|[from] Grassy Terrain\n|upkeep\n|turn|3\n|\n|t:|1739124997\n|move|p1a: Roaring Moon|Knock Off|p2b: Groudon\n|-damage|p2b: Groudon|46\/100\n|-enditem|p2b: Groudon|Clear Amulet|[from] move: Knock Off|[of] p1a: Roaring Moon\n|move|p1b: Farigiraf|Foul Play|p2a: Grimmsnarl\n|-resisted|p2a: Grimmsnarl\n|-damage|p2a: Grimmsnarl|96\/100\n|move|p2b: Groudon|Precipice Blades|p1a: Roaring Moon|[spread] p1a\n|-miss|p2b: Groudon|p1b: Farigiraf\n|-damage|p1a: Roaring Moon|0 fnt\n|faint|p1a: Roaring Moon\n|-end|p1a: Roaring Moon|Protosynthesis|[silent]\n|move|p2a: Grimmsnarl|Spirit Break|p1b: Farigiraf\n|-damage|p1b: Farigiraf|24\/100\n|-unboost|p1b: Farigiraf|spa|1\n|\n|-weather|SunnyDay|[upkeep]\n|-heal|p1b: Farigiraf|30\/100|[from] Grassy Terrain\n|-heal|p2b: Groudon|52\/100|[from] Grassy Terrain\n|-heal|p2a: Grimmsnarl|100\/100|[from] Grassy Terrain\n|upkeep\n|\n|t:|1739124999\n|switch|p1a: Kyogre|Kyogre, L50|100\/100\n|-weather|RainDance|[from] ability: Drizzle|[of] p1a: Kyogre\n|turn|4\n|\n|t:|1739125006\n|move|p1b: Farigiraf|Helping Hand|p1a: Kyogre\n|-singleturn|p1a: Kyogre|Helping Hand|[of] p1b: Farigiraf\n|move|p2b: Groudon|Protect|p2b: Groudon\n|-singleturn|p2b: Groudon|Protect\n|move|p1a: Kyogre|Water Spout|p2a: Grimmsnarl|[spread] p2a\n|-activate|p2b: Groudon|move: Protect\n|-damage|p2a: Grimmsnarl|0 fnt\n|faint|p2a: Grimmsnarl\n|\n|-weather|RainDance|[upkeep]\n|-heal|p1b: Farigiraf|36\/100|[from] Grassy Terrain\n|-heal|p2b: Groudon|58\/100|[from] Grassy Terrain\n|upkeep\n|\n|t:|1739125012\n|switch|p2a: Rillaboom|Rillaboom, L50, F|100\/100\n|turn|5\n|\n|t:|1739125025\n|-terastallize|p1a: Kyogre|Grass\n|move|p1b: Farigiraf|Helping Hand|p1a: Kyogre\n|-singleturn|p1a: Kyogre|Helping Hand|[of] p1b: Farigiraf\n|move|p1a: Kyogre|Water Spout|p2b: Groudon|[spread] p2a,p2b\n|-resisted|p2a: Rillaboom\n|-supereffective|p2b: Groudon\n|-damage|p2a: Rillaboom|40\/100\n|-damage|p2b: Groudon|0 fnt\n|faint|p2b: Groudon\n|move|p2a: Rillaboom|Wood Hammer|p1a: Kyogre\n|-resisted|p1a: Kyogre\n|-damage|p1a: Kyogre|57\/100\n|-damage|p2a: Rillaboom|28\/100|[from] Recoil\n|\n|-weather|RainDance|[upkeep]\n|-heal|p1a: Kyogre|63\/100|[from] Grassy Terrain\n|-heal|p1b: Farigiraf|42\/100|[from] Grassy Terrain\n|-heal|p2a: Rillaboom|34\/100|[from] Grassy Terrain\n|-sideend|p1: Sheevpeuic|move: Tailwind\n|-fieldend|move: Grassy Terrain\n|upkeep\n|\n|t:|1739125028\n|switch|p2b: Raging Bolt|Raging Bolt, L50|100\/100\n|turn|6\n|\n|t:|1739125047\n|-terastallize|p2b: Raging Bolt|Fairy\n|move|p1b: Farigiraf|Helping Hand|p1a: Kyogre\n|-singleturn|p1a: Kyogre|Helping Hand|[of] p1b: Farigiraf\n|move|p1a: Kyogre|Water Spout|p2b: Raging Bolt|[spread] p2a,p2b\n|-resisted|p2a: Rillaboom\n|-damage|p2a: Rillaboom|0 fnt\n|-damage|p2b: Raging Bolt|12\/100\n|faint|p2a: Rillaboom\n|move|p2b: Raging Bolt|Calm Mind|p2b: Raging Bolt\n|-boost|p2b: Raging Bolt|spa|1\n|-boost|p2b: Raging Bolt|spd|1\n|\n|-weather|RainDance|[upkeep]\n|-heal|p2b: Raging Bolt|18\/100|[from] item: Leftovers\n|upkeep\n|turn|7\n|-message|MasterofMetapods5 forfeited.\n|\n|win|Sheevpeuic\n|raw|Sheevpeuic's rating: 1563 &rarr; <strong>1582<\/strong><br \/>(+19 for winning)\n|raw|MasterofMetapods5's rating: 1553 &rarr; <strong>1534<\/strong><br \/>(-19 for losing)\n|l|\u2606MasterofMetapods5\n|player|p2|\n|l|\u2606Sheevpeuic\n|player|p1|\n","uploadtime":1739125253,"views":6,"formatid":"gen9vgc2025regg","rating":1534,"private":0,"password":null}