{"id":"gen9vgc2025regg-2297764910","format":"[Gen 9] VGC 2025 Reg G","players":["kanucks25","InfinityGroudon"],"log":"|j|\u2606kanucks25\n|j|\u2606InfinityGroudon\n|t:|1739156840\n|gametype|doubles\n|player|p1|kanucks25|2|1623\n|player|p2|InfinityGroudon|101|1691\n|teamsize|p1|6\n|teamsize|p2|6\n|gen|9\n|tier|[Gen 9] VGC 2025 Reg G\n|rated|\n|rule|Species Clause: Limit one of each Pok\u00e9mon\n|rule|Item Clause: Limit 1 of each item\n|clearpoke\n|poke|p1|Calyrex-Shadow, L50|\n|poke|p1|Indeedee-F, L50, F|\n|poke|p1|Ogerpon-Wellspring, L50, F|\n|poke|p1|Urshifu-*, L50, F|\n|poke|p1|Tornadus, L50, M|\n|poke|p1|Dondozo, L50, F|\n|poke|p2|Calyrex-Shadow, L50|\n|poke|p2|Incineroar, L50, M|\n|poke|p2|Weezing-Galar, L50, M|\n|poke|p2|Indeedee-F, L50, F|\n|poke|p2|Iron Valiant, L50|\n|poke|p2|Ursaluna-Bloodmoon, L50, M|\n|teampreview|4\n|\n|t:|1739156867\n|start\n|switch|p1a: Indeedee|Indeedee-F, L50, F|100\/100\n|switch|p1b: Calyrex|Calyrex-Shadow, L50|100\/100\n|switch|p2a: Suthen|Indeedee-F, L50, F|100\/100\n|switch|p2b: Duncan|Calyrex-Shadow, L50|100\/100\n|-ability|p2b: Duncan|As One\n|-ability|p2b: Duncan|Unnerve\n|-ability|p1b: Calyrex|As One\n|-ability|p1b: Calyrex|Unnerve\n|-fieldstart|move: Psychic Terrain|[from] ability: Psychic Surge|[of] p2a: Suthen\n|turn|1\n|\n|t:|1739156894\n|move|p2b: Duncan|Protect|p2b: Duncan\n|-singleturn|p2b: Duncan|Protect\n|move|p1b: Calyrex|Protect|p1b: Calyrex\n|-singleturn|p1b: Calyrex|Protect\n|move|p2a: Suthen|Dazzling Gleam|p1b: Calyrex|[spread] p1a\n|-activate|p1b: Calyrex|move: Protect\n|-damage|p1a: Indeedee|89\/100\n|move|p1a: Indeedee|Imprison|p1a: Indeedee\n|-start|p1a: Indeedee|move: Imprison\n|\n|upkeep\n|turn|2\n|\n|t:|1739156907\n|switch|p1b: Urshifu|Urshifu, L50, F|100\/100\n|move|p2a: Suthen|Helping Hand|p2b: Duncan\n|-singleturn|p2b: Duncan|Helping Hand|[of] p2a: Suthen\n|move|p2b: Duncan|Expanding Force|p1a: Indeedee|[spread] p1a\n|-immune|p1b: Urshifu\n|-resisted|p1a: Indeedee\n|-damage|p1a: Indeedee|27\/100\n|-damage|p2b: Duncan|91\/100|[from] item: Life Orb\n|move|p1a: Indeedee|Trick Room|p1a: Indeedee\n|-fieldstart|move: Trick Room|[of] p1a: Indeedee\n|\n|upkeep\n|turn|3\n|\n|t:|1739156921\n|switch|p2b: Charming|Iron Valiant, L50, shiny|100\/100\n|-enditem|p2b: Charming|Booster Energy\n|-activate|p2b: Charming|ability: Quark Drive|[fromitem]\n|-start|p2b: Charming|quarkdrivespe\n|move|p1a: Indeedee|Follow Me|p1a: Indeedee\n|-singleturn|p1a: Indeedee|move: Follow Me\n|move|p2a: Suthen|Dazzling Gleam|p1b: Urshifu|[spread] p1a,p1b\n|-supereffective|p1b: Urshifu\n|-damage|p1a: Indeedee|15\/100\n|-damage|p1b: Urshifu|36\/100\n|move|p1b: Urshifu|Wicked Blow|p2b: Charming\n|-resisted|p2b: Charming\n|-crit|p2b: Charming\n|-damage|p2b: Charming|70\/100\n|\n|upkeep\n|turn|4\n|\n|t:|1739156936\n|-terastallize|p1b: Urshifu|Poison\n|move|p1a: Indeedee|Follow Me|p1a: Indeedee\n|-singleturn|p1a: Indeedee|move: Follow Me\n|move|p2a: Suthen|Dazzling Gleam|p1a: Indeedee|[spread] p1a,p1b\n|-resisted|p1b: Urshifu\n|-damage|p1a: Indeedee|3\/100\n|-damage|p1b: Urshifu|28\/100\n|move|p1b: Urshifu|Wicked Blow|p2a: Suthen\n|-supereffective|p2a: Suthen\n|-crit|p2a: Suthen\n|-damage|p2a: Suthen|0 fnt\n|-damage|p1b: Urshifu|11\/100|[from] item: Rocky Helmet|[of] p2a: Suthen\n|faint|p2a: Suthen\n|move|p2b: Charming|Spirit Break|p1a: Indeedee\n|-damage|p1a: Indeedee|0 fnt\n|-damage|p2b: Charming|54\/100|[from] item: Rocky Helmet|[of] p1a: Indeedee\n|faint|p1a: Indeedee\n|\n|upkeep\n|\n|t:|1739156953\n|switch|p1a: Calyrex|Calyrex-Shadow, L50|100\/100\n|switch|p2a: Mr. Gassy|Weezing-Galar, L50, M|100\/100\n|-ability|p2a: Mr. Gassy|Neutralizing Gas\n|-ability|p1a: Calyrex|As One\n|-ability|p1a: Calyrex|Unnerve\n|turn|5\n|\n|t:|1739156974\n|-terastallize|p2a: Mr. Gassy|Steel\n|move|p2a: Mr. Gassy|Sludge Bomb|p1a: Calyrex\n|-resisted|p1a: Calyrex\n|-damage|p1a: Calyrex|87\/100\n|move|p1b: Urshifu|Wicked Blow|p2a: Mr. Gassy\n|-crit|p2a: Mr. Gassy\n|-damage|p2a: Mr. Gassy|19\/100\n|move|p2b: Charming|Spirit Break|p1a: Calyrex\n|-damage|p1a: Calyrex|42\/100\n|-unboost|p1a: Calyrex|spa|1\n|move|p1a: Calyrex|Draining Kiss|p2b: Charming\n|-supereffective|p2b: Charming\n|-damage|p2b: Charming|0 fnt\n|-heal|p1a: Calyrex|74\/100|[from] drain|[of] p2b: Charming\n|faint|p2b: Charming\n|-end|p2b: Charming|Quark Drive|[silent]\n|-ability|p1a: Calyrex|Grim Neigh|boost\n|-boost|p1a: Calyrex|spa|1\n|-damage|p1a: Calyrex|64\/100|[from] item: Life Orb\n|\n|-fieldend|move: Psychic Terrain\n|upkeep\n|\n|t:|1739156983\n|switch|p2b: Duncan|Calyrex-Shadow, L50|91\/100\n|-ability|p2b: Duncan|As One\n|-ability|p2b: Duncan|Unnerve\n|turn|6\n|\n|t:|1739157025\n|switch|p1b: Ogerpon|Ogerpon-Wellspring, L50, F|100\/100\n|move|p2b: Duncan|Protect|p2b: Duncan\n|-singleturn|p2b: Duncan|Protect\n|move|p2a: Mr. Gassy|Sludge Bomb|p1b: Ogerpon\n|-supereffective|p1b: Ogerpon\n|-damage|p1b: Ogerpon|49\/100\n|move|p1a: Calyrex|Astral Barrage|p2a: Mr. Gassy|[spread] p2a\n|-activate|p2b: Duncan|move: Protect\n|-damage|p2a: Mr. Gassy|0 fnt\n|faint|p2a: Mr. Gassy\n|-end|p2a: Mr. Gassy|ability: Neutralizing Gas\n|-ability|p1a: Calyrex|Grim Neigh|boost\n|-boost|p1a: Calyrex|spa|1\n|-damage|p1a: Calyrex|55\/100|[from] item: Life Orb\n|\n|-fieldend|move: Trick Room\n|upkeep\n|turn|7\n|\n|t:|1739157045\n|move|p1b: Ogerpon|Spiky Shield|p1b: Ogerpon\n|-singleturn|p1b: Ogerpon|move: Protect\n|move|p2b: Duncan|Astral Barrage|p1a: Calyrex|[spread] p1a\n|-activate|p1b: Ogerpon|move: Protect\n|-supereffective|p1a: Calyrex\n|-damage|p1a: Calyrex|0 fnt\n|faint|p1a: Calyrex\n|-ability|p2b: Duncan|Grim Neigh|boost\n|-boost|p2b: Duncan|spa|1\n|-damage|p2b: Duncan|81\/100|[from] item: Life Orb\n|\n|upkeep\n|\n|t:|1739157055\n|switch|p1a: Urshifu|Urshifu, L50, F, tera:Poison|11\/100\n|turn|8\n|\n|t:|1739157059\n|move|p1a: Urshifu|Sucker Punch|p2b: Duncan\n|-supereffective|p2b: Duncan\n|-damage|p2b: Duncan|0 fnt\n|faint|p2b: Duncan\n|\n|win|kanucks25\n|raw|kanucks25's rating: 1623 &rarr; <strong>1647<\/strong><br \/>(+24 for winning)\n|raw|InfinityGroudon's rating: 1691 &rarr; <strong>1667<\/strong><br \/>(-24 for losing)\n|l|\u2606InfinityGroudon\n|player|p2|\n|l|\u2606kanucks25\n|player|p1|\n","uploadtime":1739157255,"views":5,"formatid":"gen9vgc2025regg","rating":1647,"private":0,"password":null}