{"id":"gen9vgc2025regg-2297141594","format":"[Gen 9] VGC 2025 Reg G","players":["actuary97","KT02"],"log":"|j|\u2606actuary97\n|j|\u203dKT02\n|t:|1739063695\n|gametype|doubles\n|player|p1|actuary97|sabrina-frlg|1691\n|player|p2|KT02|169|1750\n|teamsize|p1|6\n|teamsize|p2|6\n|gen|9\n|tier|[Gen 9] VGC 2025 Reg G\n|rated|\n|rule|Species Clause: Limit one of each Pok\u00e9mon\n|rule|Item Clause: Limit 1 of each item\n|clearpoke\n|poke|p1|Roaring Moon, L50|\n|poke|p1|Chi-Yu, L50|\n|poke|p1|Iron Hands, L50|\n|poke|p1|Regieleki, L50|\n|poke|p1|Whimsicott, L50, F|\n|poke|p1|Miraidon, L50|\n|poke|p2|Incineroar, L50, F|\n|poke|p2|Urshifu-*, L50, F|\n|poke|p2|Pelipper, L50, F|\n|poke|p2|Miraidon, L50|\n|poke|p2|Iron Bundle, L50|\n|poke|p2|Kingambit, L50, F|\n|teampreview|4\nactuary97 has agreed to open team sheets.\n|\n|t:|1739063730\n|start\n|switch|p1a: Regieleki|Regieleki, L50|100\/100\n|switch|p1b: Whimsicott|Whimsicott, L50, F|100\/100\n|switch|p2a: Miraidon|Miraidon, L50|100\/100\n|switch|p2b: Iron Bundle|Iron Bundle, L50|100\/100\n|-fieldstart|move: Electric Terrain|[from] ability: Hadron Engine|[of] p2a: Miraidon\n|-activate|p2b: Iron Bundle|ability: Quark Drive\n|-start|p2b: Iron Bundle|quarkdrivespe\n|turn|1\n|\n|t:|1739063749\n|move|p1b: Whimsicott|Tailwind|p1b: Whimsicott\n|-sidestart|p1: actuary97|move: Tailwind\n|move|p1a: Regieleki|Electroweb|p2a: Miraidon|[spread] p2a,p2b\n|-resisted|p2a: Miraidon\n|-supereffective|p2b: Iron Bundle\n|-damage|p2a: Miraidon|89\/100\n|-enditem|p2b: Iron Bundle|Focus Sash\n|-damage|p2b: Iron Bundle|1\/100\n|-unboost|p2a: Miraidon|spe|1\n|-unboost|p2b: Iron Bundle|spe|1\n|move|p2b: Iron Bundle|Icy Wind|p1b: Whimsicott|[spread] p1a,p1b\n|-crit|p1a: Regieleki\n|-supereffective|p1b: Whimsicott\n|-damage|p1a: Regieleki|41\/100\n|-damage|p1b: Whimsicott|28\/100\n|-unboost|p1a: Regieleki|spe|1\n|-unboost|p1b: Whimsicott|spe|1\n|move|p2a: Miraidon|Dazzling Gleam|p1b: Whimsicott|[spread] p1a,p1b\n|-damage|p1a: Regieleki|0 fnt\n|-damage|p1b: Whimsicott|0 fnt\n|faint|p1a: Regieleki\n|faint|p1b: Whimsicott\n|\n|upkeep\n|\n|t:|1739063761\n|switch|p1a: Iron Hands|Iron Hands, L50|100\/100\n|switch|p1b: Miraidon|Miraidon, L50|100\/100\n|-activate|p1b: Miraidon|ability: Hadron Engine\n|-activate|p1a: Iron Hands|ability: Quark Drive\n|-start|p1a: Iron Hands|quarkdriveatk\n|turn|2\n|\n|t:|1739063783\n|switch|p2a: Incineroar|Incineroar, L50, F|100\/100\n|-ability|p2a: Incineroar|Intimidate|boost\n|-unboost|p1a: Iron Hands|atk|1\n|-unboost|p1b: Miraidon|atk|1\n|move|p2b: Iron Bundle|Protect|p2b: Iron Bundle\n|-singleturn|p2b: Iron Bundle|Protect\n|move|p1a: Iron Hands|Fake Out|p2a: Incineroar\n|-damage|p2a: Incineroar|91\/100\n|move|p1b: Miraidon|Electro Drift|p2b: Iron Bundle\n|-activate|p2b: Iron Bundle|move: Protect\n|\n|upkeep\n|turn|3\n|\n|t:|1739063798\n|move|p1b: Miraidon|Protect|p1b: Miraidon\n|-singleturn|p1b: Miraidon|Protect\n|move|p2a: Incineroar|Fake Out|p1b: Miraidon\n|-activate|p1b: Miraidon|move: Protect\n|move|p2b: Iron Bundle|Encore|p1a: Iron Hands\n|-start|p1a: Iron Hands|Encore\n|move|p1a: Iron Hands|Fake Out||[still]\n|-hint|Fake Out only works on your first turn out.\n|-fail|p1a: Iron Hands\n|\n|upkeep\n|turn|4\n|\n|t:|1739063837\n|move|p1a: Iron Hands|Fake Out||[still]\n|-hint|Fake Out only works on your first turn out.\n|-fail|p1a: Iron Hands\n|move|p1b: Miraidon|Electro Drift|p2b: Iron Bundle\n|-supereffective|p2b: Iron Bundle\n|-damage|p2b: Iron Bundle|0 fnt\n|faint|p2b: Iron Bundle\n|-end|p2b: Iron Bundle|Quark Drive|[silent]\n|move|p2a: Incineroar|Knock Off|p1b: Miraidon\n|-damage|p1b: Miraidon|60\/100\n|-enditem|p1b: Miraidon|Scope Lens|[from] move: Knock Off|[of] p2a: Incineroar\n|\n|-sideend|p1: actuary97|move: Tailwind\n|upkeep\n|\n|t:|1739063855\n|switch|p2b: Miraidon|Miraidon, L50|89\/100\n|-activate|p2b: Miraidon|ability: Hadron Engine\n|turn|5\n|\n|t:|1739063870\n|-terastallize|p2b: Miraidon|Fairy\n|-terastallize|p1b: Miraidon|Fire\n|move|p1a: Iron Hands|Fake Out||[still]\n|-hint|Fake Out only works on your first turn out.\n|-fail|p1a: Iron Hands\n|move|p2b: Miraidon|Dazzling Gleam|p1b: Miraidon|[spread] p1a,p1b\n|-supereffective|p1a: Iron Hands\n|-resisted|p1b: Miraidon\n|-damage|p1a: Iron Hands|34\/100\n|-damage|p1b: Miraidon|32\/100\n|move|p1b: Miraidon|Electro Drift|p2b: Miraidon\n|-damage|p2b: Miraidon|7\/100\n|move|p2a: Incineroar|U-turn|p1a: Iron Hands\n|-resisted|p1a: Iron Hands\n|-damage|p1a: Iron Hands|27\/100\n|j| JoshieWoo17\n|\n|t:|1739063883\n|switch|p2a: Urshifu|Urshifu-Rapid-Strike, L50, F|100\/100|[from] U-turn\n|\n|-end|p1a: Iron Hands|Encore\n|-fieldend|move: Electric Terrain\n|-end|p1a: Iron Hands|Quark Drive\n|upkeep\n|turn|6\n|\n|t:|1739063903\n|move|p2a: Urshifu|Aqua Jet|p1b: Miraidon\n|-supereffective|p1b: Miraidon\n|-damage|p1b: Miraidon|0 fnt\n|faint|p1b: Miraidon\n|move|p2b: Miraidon|Dazzling Gleam|p1a: Iron Hands\n|-supereffective|p1a: Iron Hands\n|-damage|p1a: Iron Hands|0 fnt\n|faint|p1a: Iron Hands\n|-end|p1a: Iron Hands|Quark Drive|[silent]\n|\n|win|KT02\n|raw|actuary97's rating: 1691 &rarr; <strong>1674<\/strong><br \/>(-17 for losing)\n|raw|KT02's rating: 1750 &rarr; <strong>1767<\/strong><br \/>(+17 for winning)\n|c|\u2606actuary97|gg\n|l|\u2606actuary97\n|player|p1|\n|l|\u203dKT02\n|player|p2|\n|l| JoshieWoo17\n","uploadtime":1739064055,"views":35,"formatid":"gen9vgc2025regg","rating":1674,"private":0,"password":null}