{"id":"gen9vgc2025regg-2297926795","format":"[Gen 9] VGC 2025 Reg G","players":["KT02","sawawa256"],"log":"|j|\u203dKT02\n|j|\u2606sawawa256\n|t:|1739187836\n|gametype|doubles\n|player|p1|KT02|266|1753\n|player|p2|sawawa256|hilbert|1688\n|teamsize|p1|6\n|teamsize|p2|6\n|gen|9\n|tier|[Gen 9] VGC 2025 Reg G\n|rated|\n|rule|Species Clause: Limit one of each Pok\u00e9mon\n|rule|Item Clause: Limit 1 of each item\n|clearpoke\n|poke|p1|Groudon, L50|\n|poke|p1|Flutter Mane, L50|\n|poke|p1|Ogerpon-Cornerstone, L50, F|\n|poke|p1|Raging Bolt, L50|\n|poke|p1|Urshifu-*, L50, M|\n|poke|p1|Chien-Pao, L50|\n|poke|p2|Calyrex-Ice, L50|\n|poke|p2|Farigiraf, L50, M|\n|poke|p2|Ogerpon-Hearthflame, L50, F|\n|poke|p2|Torkoal, L50, M|\n|poke|p2|Urshifu-*, L50, M|\n|poke|p2|Raging Bolt, L50|\n|teampreview|4\n|inactive|Battle timer is ON: inactive players will automatically lose when time's up. (requested by sawawa256)\n|inactive|KT02 has 60 seconds left.\n|\n|t:|1739187875\n|start\n|switch|p1a: Groudon|Groudon, L50|100\/100\n|switch|p1b: Urshifu|Urshifu, L50, M|100\/100\n|switch|p2a: Calyrex|Calyrex-Ice, L50|100\/100\n|switch|p2b: Ogerpon|Ogerpon-Hearthflame, L50, F|100\/100\n|-ability|p2a: Calyrex|As One\n|-ability|p2a: Calyrex|Unnerve\n|-ability|p2b: Ogerpon|Mold Breaker\n|-weather|SunnyDay|[from] ability: Drought|[of] p1a: Groudon\n|turn|1\n|inactive|KT02 has 30 seconds left.\n|inactive|sawawa256 has 30 seconds left.\n|\n|t:|1739187908\n|-terastallize|p1a: Groudon|Fire\n|-terastallize|p2a: Calyrex|Fairy\n|move|p1b: Urshifu|Protect|p1b: Urshifu\n|-singleturn|p1b: Urshifu|Protect\n|move|p2b: Ogerpon|Ivy Cudgel|p1b: Urshifu|[anim] Ivy Cudgel Fire\n|-activate|p1b: Urshifu|move: Protect\n|move|p1a: Groudon|Precipice Blades|p2a: Calyrex|[spread] p2a,p2b\n|-damage|p2a: Calyrex|67\/100\n|-damage|p2b: Ogerpon|57\/100\n|move|p2a: Calyrex|Trick Room|p2a: Calyrex\n|-fieldstart|move: Trick Room|[of] p2a: Calyrex\n|\n|-weather|SunnyDay|[upkeep]\n|upkeep\n|turn|2\n|inactive|KT02 has 30 seconds left.\n|inactive|sawawa256 has 30 seconds left.\n|inactive|KT02 has 20 seconds left.\n|inactive|KT02 has 15 seconds left.\n|inactive|KT02 has 10 seconds left.\n|\n|t:|1739187956\n|move|p2b: Ogerpon|Follow Me|p2b: Ogerpon\n|-singleturn|p2b: Ogerpon|move: Follow Me\n|move|p2a: Calyrex|High Horsepower|p1a: Groudon\n|-supereffective|p1a: Groudon\n|-damage|p1a: Groudon|45\/100\n|move|p1a: Groudon|Precipice Blades|p2b: Ogerpon|[spread] p2a,p2b\n|-damage|p2a: Calyrex|37\/100\n|-damage|p2b: Ogerpon|13\/100\n|move|p1b: Urshifu|Wicked Blow|p2b: Ogerpon\n|-crit|p2b: Ogerpon\n|-damage|p2b: Ogerpon|0 fnt\n|faint|p2b: Ogerpon\n|\n|-weather|SunnyDay|[upkeep]\n|upkeep\n|\n|t:|1739187971\n|switch|p2b: Torkoal|Torkoal, L50, M|100\/100\n|turn|3\n|\n|t:|1739187982\n|move|p1a: Groudon|Protect|p1a: Groudon\n|-singleturn|p1a: Groudon|Protect\n|move|p1b: Urshifu|Protect|p1b: Urshifu\n|-singleturn|p1b: Urshifu|Protect\n|move|p2b: Torkoal|Eruption|p1a: Groudon|[spread] \n|-activate|p1a: Groudon|move: Protect\n|-activate|p1b: Urshifu|move: Protect\n|move|p2a: Calyrex|Glacial Lance|p1b: Urshifu|[spread] \n|-activate|p1a: Groudon|move: Protect\n|-activate|p1b: Urshifu|move: Protect\n|\n|-weather|SunnyDay|[upkeep]\n|upkeep\n|turn|4\n|\n|t:|1739187999\n|move|p1b: Urshifu|Sucker Punch|p2b: Torkoal\n|-damage|p2b: Torkoal|69\/100\n|move|p2b: Torkoal|Eruption|p1a: Groudon|[spread] p1a,p1b\n|-resisted|p1a: Groudon\n|-crit|p1a: Groudon\n|-damage|p1a: Groudon|7\/100\n|-damage|p1b: Urshifu|14\/100\n|move|p2a: Calyrex|Glacial Lance|p1a: Groudon|[spread] p1a,p1b\n|-resisted|p1a: Groudon\n|-damage|p1a: Groudon|0 fnt\n|-damage|p1b: Urshifu|0 fnt\n|faint|p1a: Groudon\n|faint|p1b: Urshifu\n|-ability|p2a: Calyrex|Chilling Neigh|boost\n|-boost|p2a: Calyrex|atk|2\n|\n|-weather|SunnyDay|[upkeep]\n|upkeep\n|\n|t:|1739188008\n|switch|p1a: Chien-Pao|Chien-Pao, L50|100\/100\n|switch|p1b: Ogerpon|Ogerpon-Cornerstone, L50, F|100\/100\n|-ability|p1a: Chien-Pao|Sword of Ruin\n|turn|5\n|\n|t:|1739188028\n|move|p1b: Ogerpon|Spiky Shield|p1b: Ogerpon\n|-singleturn|p1b: Ogerpon|move: Protect\n|move|p1a: Chien-Pao|Protect|p1a: Chien-Pao\n|-singleturn|p1a: Chien-Pao|Protect\n|move|p2b: Torkoal|Eruption|p1b: Ogerpon|[spread] \n|-activate|p1a: Chien-Pao|move: Protect\n|-activate|p1b: Ogerpon|move: Protect\n|move|p2a: Calyrex|Glacial Lance|p1a: Chien-Pao|[spread] \n|-activate|p1a: Chien-Pao|move: Protect\n|-activate|p1b: Ogerpon|move: Protect\n|\n|-weather|none\n|-fieldend|move: Trick Room\n|upkeep\n|turn|6\n|inactive|sawawa256 has 30 seconds left.\n|inactive|sawawa256 has 20 seconds left.\n|inactive|sawawa256 has 15 seconds left.\n|-message|sawawa256 forfeited.\n|\n|win|KT02\n|raw|KT02's rating: 1753 &rarr; <strong>1769<\/strong><br \/>(+16 for winning)\n|raw|sawawa256's rating: 1688 &rarr; <strong>1672<\/strong><br \/>(-16 for losing)\n|l|\u203dKT02\n|player|p1|\n","uploadtime":1739188238,"views":20,"formatid":"gen9vgc2025regg","rating":1672,"private":0,"password":null}