{"id":"gen9vgc2025regg-2297221821","format":"[Gen 9] VGC 2025 Reg G","players":["jkimkim1","Gamertag1001"],"log":"|j|\u2606jkimkim1\n|j|\u2606Gamertag1001\n|t:|1739075120\n|gametype|doubles\n|player|p1|jkimkim1|265|1583\n|player|p2|Gamertag1001|kieran-champion|1519\n|teamsize|p1|6\n|teamsize|p2|6\n|gen|9\n|tier|[Gen 9] VGC 2025 Reg G\n|rated|\n|rule|Species Clause: Limit one of each Pok\u00e9mon\n|rule|Item Clause: Limit 1 of each item\n|clearpoke\n|poke|p1|Zamazenta-*, L50|\n|poke|p1|Roaring Moon, L50|\n|poke|p1|Incineroar, L50, F|\n|poke|p1|Heatran, L50, F|\n|poke|p1|Rillaboom, L50, M|\n|poke|p1|Landorus, L50, M|\n|poke|p2|Calyrex-Ice, L50|\n|poke|p2|Landorus, L50, M|\n|poke|p2|Roaring Moon, L50|\n|poke|p2|Iron Hands, L50|\n|poke|p2|Volcarona, L50, M|\n|poke|p2|Ogerpon-Wellspring, L50, F|\n|teampreview|4\n|inactive|Battle timer is ON: inactive players will automatically lose when time's up. (requested by Gamertag1001)\n|inactive|jkimkim1 has 60 seconds left.\n|inactive|jkimkim1 has 30 seconds left.\n|inactive|jkimkim1 has 20 seconds left.\n|inactive|jkimkim1 has 15 seconds left.\n|inactive|jkimkim1 has 10 seconds left.\n|inactive|jkimkim1 has 5 seconds left.\n|\n|t:|1739075208\n|start\n|switch|p1a: Roaring Moon|Roaring Moon, L50|100\/100\n|switch|p1b: kingjames|Rillaboom, L50, M|100\/100\n|switch|p2a: Smite|Landorus, L50, M|100\/100\n|switch|p2b: Mothra|Volcarona, L50, M|100\/100\n|-fieldstart|move: Grassy Terrain|[from] ability: Grassy Surge|[of] p1b: kingjames\n|-enditem|p1a: Roaring Moon|Booster Energy\n|-activate|p1a: Roaring Moon|ability: Protosynthesis|[fromitem]\n|-start|p1a: Roaring Moon|protosynthesisspe\n|turn|1\n|\n|t:|1739075225\n|-terastallize|p1a: Roaring Moon|Flying\n|move|p1a: Roaring Moon|Acrobatics|p2b: Mothra\n|-supereffective|p2b: Mothra\n|-damage|p2b: Mothra|0 fnt\n|-damage|p1a: Roaring Moon|84\/100|[from] item: Rocky Helmet|[of] p2b: Mothra\n|faint|p2b: Mothra\n|move|p2a: Smite|Earth Power|p1a: Roaring Moon\n|-immune|p1a: Roaring Moon\n|move|p1b: kingjames|Wood Hammer|p2a: Smite\n|-damage|p2a: Smite|5\/100\n|-damage|p1b: kingjames|75\/100|[from] Recoil\n|\n|-heal|p1b: kingjames|81\/100|[from] Grassy Terrain\n|upkeep\n|\n|t:|1739075234\n|switch|p2b: Megamind|Calyrex-Ice, L50|100\/100\n|-ability|p2b: Megamind|As One\n|-ability|p2b: Megamind|Unnerve\n|turn|2\n|\n|t:|1739075256\n|move|p1a: Roaring Moon|Knock Off|p2b: Megamind\n|-supereffective|p2b: Megamind\n|-damage|p2b: Megamind|44\/100\n|-enditem|p2b: Megamind|Clear Amulet|[from] move: Knock Off|[of] p1a: Roaring Moon\n|move|p2a: Smite|Sludge Bomb|p1b: kingjames\n|-supereffective|p1b: kingjames\n|-crit|p1b: kingjames\n|-damage|p1b: kingjames|0 fnt\n|faint|p1b: kingjames\n|move|p2b: Megamind|Glacial Lance|p1a: Roaring Moon\n|-supereffective|p1a: Roaring Moon\n|-damage|p1a: Roaring Moon|0 fnt\n|faint|p1a: Roaring Moon\n|-end|p1a: Roaring Moon|Protosynthesis|[silent]\n|-ability|p2b: Megamind|Chilling Neigh|boost\n|-boost|p2b: Megamind|atk|1\n|\n|-heal|p2b: Megamind|50\/100|[from] Grassy Terrain\n|upkeep\n|\n|t:|1739075266\n|switch|p1a: Zamazenta|Zamazenta-Crowned, L50|100\/100\n|switch|p1b: Heatran|Heatran, L50, F|100\/100\n|-ability|p1a: Zamazenta|Dauntless Shield|boost\n|-boost|p1a: Zamazenta|def|1\n|turn|3\n|\n|t:|1739075280\n|move|p2a: Smite|Protect|p2a: Smite\n|-singleturn|p2a: Smite|Protect\n|move|p2b: Megamind|Protect|p2b: Megamind\n|-singleturn|p2b: Megamind|Protect\n|move|p1a: Zamazenta|Body Press|p2a: Smite\n|-activate|p2a: Smite|move: Protect\n|move|p1b: Heatran|Heat Wave|p2a: Smite|[spread] \n|-activate|p2a: Smite|move: Protect\n|-activate|p2b: Megamind|move: Protect\n|\n|-heal|p2b: Megamind|56\/100|[from] Grassy Terrain\n|upkeep\n|turn|4\n|\n|t:|1739075296\n|-terastallize|p2b: Megamind|Water\n|move|p1a: Zamazenta|Heavy Slam|p2a: Smite\n|-damage|p2a: Smite|0 fnt\n|faint|p2a: Smite\n|move|p1b: Heatran|Heat Wave|p2b: Megamind\n|-resisted|p2b: Megamind\n|-damage|p2b: Megamind|43\/100\n|move|p2b: Megamind|High Horsepower|p1b: Heatran\n|-supereffective|p1b: Heatran\n|-damage|p1b: Heatran|0 fnt\n|faint|p1b: Heatran\n|-ability|p2b: Megamind|Chilling Neigh|boost\n|-boost|p2b: Megamind|atk|1\n|\n|-heal|p2b: Megamind|49\/100|[from] Grassy Terrain\n|upkeep\n|\n|t:|1739075300\n|switch|p2a: Brian Hands|Iron Hands, L50|100\/100\n|turn|5\n|\n|t:|1739075310\n|move|p1a: Zamazenta|Body Press|p2b: Megamind\n|-damage|p2b: Megamind|7\/100\n|move|p2b: Megamind|High Horsepower|p1a: Zamazenta\n|-supereffective|p1a: Zamazenta\n|-damage|p1a: Zamazenta|40\/100\n|move|p2a: Brian Hands|Low Kick|p1a: Zamazenta\n|-supereffective|p1a: Zamazenta\n|-damage|p1a: Zamazenta|0 fnt\n|faint|p1a: Zamazenta\n|\n|win|Gamertag1001\n|raw|jkimkim1's rating: 1583 &rarr; <strong>1559<\/strong><br \/>(-24 for losing)\n|raw|Gamertag1001's rating: 1519 &rarr; <strong>1543<\/strong><br \/>(+24 for winning)\n|l|\u2606Gamertag1001\n|player|p2|\n","uploadtime":1739075526,"views":6,"formatid":"gen9vgc2025regg","rating":1543,"private":0,"password":null}