{"id":"gen9vgc2025regg-2297440820","format":"[Gen 9] VGC 2025 Reg G","players":["Noname4152","ok3rd"],"log":"|j|\u2606Noname4152\n|j|\u2606ok3rd\n|t:|1739115703\n|gametype|doubles\n|player|p1|Noname4152|giovanni|1548\n|player|p2|ok3rd|lillie-z|1567\n|teamsize|p1|6\n|teamsize|p2|6\n|gen|9\n|tier|[Gen 9] VGC 2025 Reg G\n|rated|\n|rule|Species Clause: Limit one of each Pok\u00e9mon\n|rule|Item Clause: Limit 1 of each item\n|clearpoke\n|poke|p1|Kyogre, L50|\n|poke|p1|Urshifu-*, L50, F|\n|poke|p1|Landorus, L50, M|\n|poke|p1|Rillaboom, L50, M|\n|poke|p1|Incineroar, L50, F|\n|poke|p1|Tornadus, L50, M|\n|poke|p2|Raging Bolt, L50|\n|poke|p2|Miraidon, L50|\n|poke|p2|Chi-Yu, L50|\n|poke|p2|Torkoal, L50, F|\n|poke|p2|Farigiraf, L50, M|\n|poke|p2|Ursaluna, L50, F|\n|teampreview|4\n|inactive|Battle timer is ON: inactive players will automatically lose when time's up. (requested by Noname4152)\n|inactive|ok3rd has 60 seconds left.\n|\n|t:|1739115734\n|start\n|switch|p1a: Landorus|Landorus, L50, M|100\/100\n|switch|p1b: Tornadus|Tornadus, L50, M|100\/100\n|switch|p2a: Miraidon|Miraidon, L50|100\/100\n|switch|p2b: Farigiraf|Farigiraf, L50, M|100\/100\n|-fieldstart|move: Electric Terrain|[from] ability: Hadron Engine|[of] p2a: Miraidon\n|-enditem|p2b: Farigiraf|Electric Seed\n|-boost|p2b: Farigiraf|def|1|[from] item: Electric Seed\n|turn|1\n|\n|t:|1739115747\n|-terastallize|p2a: Miraidon|Fairy\n|move|p1b: Tornadus|Tailwind|p1b: Tornadus\n|-sidestart|p1: Noname4152|move: Tailwind\n|move|p1a: Landorus|Earth Power|p2a: Miraidon\n|-damage|p2a: Miraidon|36\/100\n|move|p2a: Miraidon|Volt Switch|p1b: Tornadus\n|-supereffective|p1b: Tornadus\n|-enditem|p1b: Tornadus|Focus Sash\n|-damage|p1b: Tornadus|1\/100\n|\n|t:|1739115751\n|switch|p2a: Ursaluna|Ursaluna, L50, F|100\/100|[from] Volt Switch\n|move|p2b: Farigiraf|Trick Room|p2b: Farigiraf\n|-fieldstart|move: Trick Room|[of] p2b: Farigiraf\n|\n|-status|p2a: Ursaluna|brn|[from] item: Flame Orb\n|upkeep\n|turn|2\n|\n|t:|1739115771\n|move|p1a: Landorus|Protect|p1a: Landorus\n|-singleturn|p1a: Landorus|Protect\n|move|p2a: Ursaluna|Facade|p1a: Landorus\n|-activate|p1a: Landorus|move: Protect\n|move|p2b: Farigiraf|Dazzling Gleam|p1b: Tornadus|[spread] p1b\n|-activate|p1a: Landorus|move: Protect\n|-damage|p1b: Tornadus|0 fnt\n|faint|p1b: Tornadus\n|\n|-damage|p2a: Ursaluna|95\/100 brn|[from] brn\n|upkeep\n|\n|t:|1739115779\n|switch|p1b: Kyogre|Kyogre, L50|100\/100\n|-weather|RainDance|[from] ability: Drizzle|[of] p1b: Kyogre\n|turn|3\n|\n|t:|1739115799\n|-terastallize|p1a: Landorus|Steel\n|move|p2b: Farigiraf|Helping Hand|p2a: Ursaluna\n|-singleturn|p2a: Ursaluna|Helping Hand|[of] p2b: Farigiraf\n|move|p2a: Ursaluna|Facade|p1b: Kyogre\n|-damage|p1b: Kyogre|0 fnt\n|faint|p1b: Kyogre\n|move|p1a: Landorus|Sandsear Storm|p2b: Farigiraf|[spread] p2a,p2b\n|-damage|p2a: Ursaluna|41\/100 brn\n|-damage|p2b: Farigiraf|49\/100\n|\n|-weather|RainDance|[upkeep]\n|-damage|p2a: Ursaluna|36\/100 brn|[from] brn\n|upkeep\n|\n|t:|1739115810\n|switch|p1b: Rillaboom|Rillaboom, L50, M|100\/100\n|-fieldstart|move: Grassy Terrain|[from] ability: Grassy Surge|[of] p1b: Rillaboom\n|turn|4\n|\n|t:|1739115820\n|move|p2b: Farigiraf|Helping Hand|p2a: Ursaluna\n|-singleturn|p2a: Ursaluna|Helping Hand|[of] p2b: Farigiraf\n|move|p2a: Ursaluna|Facade|p1b: Rillaboom\n|-damage|p1b: Rillaboom|0 fnt\n|-damage|p2a: Ursaluna|19\/100 brn|[from] item: Rocky Helmet|[of] p1b: Rillaboom\n|faint|p1b: Rillaboom\n|move|p1a: Landorus|Sandsear Storm|p2a: Ursaluna|[spread] p2a,p2b\n|-damage|p2a: Ursaluna|0 fnt\n|-damage|p2b: Farigiraf|0 fnt\n|faint|p2a: Ursaluna\n|faint|p2b: Farigiraf\n|\n|-weather|RainDance|[upkeep]\n|-sideend|p1: Noname4152|move: Tailwind\n|upkeep\n|\n|t:|1739115823\n|switch|p2a: Torkoal|Torkoal, L50, F|100\/100\n|switch|p2b: Miraidon|Miraidon, L50, tera:Fairy|36\/100\n|-weather|SunnyDay|[from] ability: Drought|[of] p2a: Torkoal\n|-item|p2a: Torkoal|Air Balloon\n|-fieldstart|move: Electric Terrain|[from] ability: Hadron Engine|[of] p2b: Miraidon\n|turn|5\n|\n|t:|1739115836\n|move|p2a: Torkoal|Eruption|p1a: Landorus\n|-supereffective|p1a: Landorus\n|-damage|p1a: Landorus|0 fnt\n|faint|p1a: Landorus\n|\n|win|ok3rd\n|raw|Noname4152's rating: 1548 &rarr; <strong>1529<\/strong><br \/>(-19 for losing)\n|raw|ok3rd's rating: 1567 &rarr; <strong>1586<\/strong><br \/>(+19 for winning)\n|c|\u2606ok3rd|gg\n|c|\u2606Noname4152|gg\n|l|\u2606Noname4152\n|player|p1|\n","uploadtime":1739115983,"views":15,"formatid":"gen9vgc2025regg","rating":1529,"private":0,"password":null}