{"id":"gen9vgc2025regg-2297393479","format":"[Gen 9] VGC 2025 Reg G","players":["GlobalWinner","SeaWolfMikess"],"log":"|j|\u2606GlobalWinner\n|j|\u2606SeaWolfMikess\n|t:|1739108733\n|gametype|doubles\n|player|p1|GlobalWinner|pokekid|1544\n|player|p2|SeaWolfMikess|hugh|1656\n|teamsize|p1|6\n|teamsize|p2|6\n|gen|9\n|tier|[Gen 9] VGC 2025 Reg G\n|rated|\n|rule|Species Clause: Limit one of each Pok\u00e9mon\n|rule|Item Clause: Limit 1 of each item\n|clearpoke\n|poke|p1|Eternatus, L50|\n|poke|p1|Urshifu-*, L50, F|\n|poke|p1|Chi-Yu, L50|\n|poke|p1|Rillaboom, L50, F|\n|poke|p1|Amoonguss, L50, F|\n|poke|p1|Ditto, L50|\n|poke|p2|Miraidon, L50|\n|poke|p2|Sneasler, L50, M|\n|poke|p2|Chien-Pao, L50|\n|poke|p2|Ogerpon-Hearthflame, L50, F|\n|poke|p2|Iron Hands, L50|\n|poke|p2|Urshifu-*, L50, F|\n|teampreview|4\n|\n|t:|1739108753\n|start\n|switch|p1a: Eternatus|Eternatus, L50|100\/100\n|switch|p1b: Amoonguss|Amoonguss, L50, F|100\/100\n|switch|p2a: Sneasler|Sneasler, L50, M|100\/100\n|switch|p2b: Chien-Pao|Chien-Pao, L50|100\/100\n|-ability|p2b: Chien-Pao|Sword of Ruin\n|-ability|p1a: Eternatus|Pressure\n|turn|1\n|j| yuexiangzhu02\n|\n|t:|1739108778\n|-terastallize|p1a: Eternatus|Fairy\n|move|p2a: Sneasler|Fake Out|p1b: Amoonguss\n|-damage|p1b: Amoonguss|86\/100\n|move|p2b: Chien-Pao|Icicle Crash|p1a: Eternatus\n|-damage|p1a: Eternatus|56\/100\n|move|p1a: Eternatus|Sludge Bomb|p2b: Chien-Pao\n|-damage|p2b: Chien-Pao|23\/100\n|move|p1b: Amoonguss|Pollen Puff|p2b: Chien-Pao\n|-supereffective|p2b: Chien-Pao\n|-damage|p2b: Chien-Pao|0 fnt\n|faint|p2b: Chien-Pao\n|\n|-heal|p1a: Eternatus|63\/100|[from] item: Leftovers\n|upkeep\n|\n|t:|1739108787\n|switch|p2b: Ogerpon|Ogerpon-Hearthflame, L50, F|100\/100\n|-ability|p2b: Ogerpon|Mold Breaker\n|turn|2\n|\n|t:|1739108806\n|-terastallize|p2b: Ogerpon|Fire\n|detailschange|p2b: Ogerpon|Ogerpon-Hearthflame-Tera, L50, F, tera:Fire\n|-ability|p2b: Ogerpon|Embody Aspect (Hearthflame)|boost\n|-boost|p2b: Ogerpon|atk|1\n|move|p1b: Amoonguss|Rage Powder|p1b: Amoonguss\n|-singleturn|p1b: Amoonguss|move: Rage Powder\n|move|p1a: Eternatus|Sludge Bomb|p2b: Ogerpon\n|-damage|p2b: Ogerpon|47\/100\n|-status|p2b: Ogerpon|psn\n|move|p2a: Sneasler|Gunk Shot|p1b: Amoonguss|[miss]\n|-miss|p2a: Sneasler|p1b: Amoonguss\n|move|p2b: Ogerpon|Ivy Cudgel|p1b: Amoonguss|[anim] Ivy Cudgel Fire\n|-supereffective|p1b: Amoonguss\n|-damage|p1b: Amoonguss|0 fnt\n|faint|p1b: Amoonguss\n|\n|-heal|p1a: Eternatus|69\/100|[from] item: Leftovers\n|-damage|p2b: Ogerpon|35\/100 psn|[from] psn\n|upkeep\n|\n|t:|1739108823\n|switch|p1b: Ditto|Ditto, L50, shiny|100\/100\n|-transform|p1b: Ditto|p2a: Sneasler|[from] ability: Imposter\n|turn|3\n|\n|t:|1739108838\n|move|p2b: Ogerpon|Spiky Shield|p2b: Ogerpon\n|-singleturn|p2b: Ogerpon|move: Protect\n|move|p1a: Eternatus|Recover|p1a: Eternatus\n|-heal|p1a: Eternatus|100\/100\n|move|p1b: Ditto|Throat Chop|p2b: Ogerpon\n|-activate|p2b: Ogerpon|move: Protect\n|-damage|p1b: Ditto|88\/100|[from] Spiky Shield|[of] p2b: Ogerpon\n|move|p2a: Sneasler|Gunk Shot|p1a: Eternatus\n|-supereffective|p1a: Eternatus\n|-damage|p1a: Eternatus|0 fnt\n|faint|p1a: Eternatus\n|\n|-damage|p2b: Ogerpon|23\/100 psn|[from] psn\n|upkeep\n|\n|t:|1739108840\n|switch|p1a: Rillaboom|Rillaboom, L50, F|100\/100\n|-fieldstart|move: Grassy Terrain|[from] ability: Grassy Surge|[of] p1a: Rillaboom\n|turn|4\n|\n|t:|1739108854\n|move|p1a: Rillaboom|Fake Out|p2a: Sneasler\n|-damage|p2a: Sneasler|76\/100\n|move|p1b: Ditto|Throat Chop|p2b: Ogerpon\n|-damage|p2b: Ogerpon|0 fnt\n|faint|p2b: Ogerpon\n|cant|p2a: Sneasler|flinch\n|\n|-heal|p2a: Sneasler|82\/100|[from] Grassy Terrain\n|-heal|p1b: Ditto|94\/100|[from] Grassy Terrain\n|upkeep\n|\n|t:|1739108856\n|switch|p2b: Miraidon|Miraidon, L50|100\/100\n|-fieldstart|move: Electric Terrain|[from] ability: Hadron Engine|[of] p2b: Miraidon\n|-enditem|p2a: Sneasler|Electric Seed\n|-boost|p2a: Sneasler|def|1|[from] item: Electric Seed\n|turn|5\n|\n|t:|1739108870\n|move|p2a: Sneasler|Gunk Shot|p1a: Rillaboom|[miss]\n|-miss|p2a: Sneasler|p1a: Rillaboom\n|move|p2b: Miraidon|Electro Drift|p1a: Rillaboom\n|-resisted|p1a: Rillaboom\n|-damage|p1a: Rillaboom|48\/100\n|move|p1b: Ditto|Close Combat|p2b: Miraidon\n|-damage|p2b: Miraidon|38\/100\n|-unboost|p1b: Ditto|def|1\n|-unboost|p1b: Ditto|spd|1\n|move|p1a: Rillaboom|Wood Hammer|p2a: Sneasler\n|-resisted|p2a: Sneasler\n|-damage|p2a: Sneasler|46\/100\n|-damage|p1a: Rillaboom|40\/100|[from] Recoil\n|\n|upkeep\n|turn|6\n|\n|t:|1739108901\n|move|p2a: Sneasler|Close Combat|p1a: Rillaboom\n|-damage|p1a: Rillaboom|0 fnt\n|-unboost|p2a: Sneasler|def|1\n|-unboost|p2a: Sneasler|spd|1\n|faint|p1a: Rillaboom\n|move|p2b: Miraidon|Electro Drift|p1b: Ditto\n|-damage|p1b: Ditto|0 fnt\n|faint|p1b: Ditto\n|\n|win|SeaWolfMikess\n|raw|GlobalWinner's rating: 1544 &rarr; <strong>1530<\/strong><br \/>(-14 for losing)\n|raw|SeaWolfMikess's rating: 1656 &rarr; <strong>1670<\/strong><br \/>(+14 for winning)\n|l|\u2606GlobalWinner\n|player|p1|\n|l|\u2606SeaWolfMikess\n|player|p2|\n|l| yuexiangzhu02\n","uploadtime":1739109075,"views":27,"formatid":"gen9vgc2025regg","rating":1530,"private":0,"password":null}