{"id":"gen9vgc2025regg-2297578916","format":"[Gen 9] VGC 2025 Reg G","players":["Forbranna","futonkagebunshin"],"log":"|j|\u2606Forbranna\n|j|\u2606futonkagebunshin\n|t:|1739132261\n|gametype|doubles\n|player|p1|Forbranna|clair|1622\n|player|p2|futonkagebunshin|policeman-gen4|1629\n|teamsize|p1|6\n|teamsize|p2|6\n|gen|9\n|tier|[Gen 9] VGC 2025 Reg G\n|rated|\n|rule|Species Clause: Limit one of each Pok\u00e9mon\n|rule|Item Clause: Limit 1 of each item\n|clearpoke\n|poke|p1|Grimmsnarl, L50, M|\n|poke|p1|Chi-Yu, L50|\n|poke|p1|Koraidon, L50|\n|poke|p1|Flutter Mane, L50|\n|poke|p1|Raging Bolt, L50|\n|poke|p1|Ogerpon-Cornerstone, L50, F|\n|poke|p2|Koraidon, L50|\n|poke|p2|Tornadus, L50, M|\n|poke|p2|Chi-Yu, L50|\n|poke|p2|Flutter Mane, L50|\n|poke|p2|Umbreon, L50, F|\n|poke|p2|Raging Bolt, L50|\n|teampreview|4\n|inactive|Battle timer is ON: inactive players will automatically lose when time's up. (requested by Forbranna)\n|inactive|futonkagebunshin has 60 seconds left.\n|\n|t:|1739132316\n|start\n|switch|p1a: Einstein|Grimmsnarl, L50, M, shiny|100\/100\n|switch|p1b: Queen Mary I|Flutter Mane, L50|100\/100\n|switch|p2a: Tornadus|Tornadus, L50, M|100\/100\n|switch|p2b: Chi-Yu|Chi-Yu, L50|100\/100\n|-ability|p2b: Chi-Yu|Beads of Ruin\n|turn|1\n|j| PMG9\n|\n|t:|1739132332\n|move|p1a: Einstein|Light Screen|p1a: Einstein\n|-sidestart|p1: Forbranna|move: Light Screen\n|move|p1b: Queen Mary I|Icy Wind|p2b: Chi-Yu|[spread] p2a,p2b\n|-supereffective|p2a: Tornadus\n|-resisted|p2b: Chi-Yu\n|-damage|p2a: Tornadus|62\/100\n|-damage|p2b: Chi-Yu|93\/100\n|-unboost|p2b: Chi-Yu|spe|1\n|move|p2a: Tornadus|Bleakwind Storm|p1a: Einstein|[spread] p1a,p1b\n|-damage|p1a: Einstein|73\/100\n|-damage|p1b: Queen Mary I|70\/100\n|move|p2b: Chi-Yu|Heat Wave|p1b: Queen Mary I|[spread] p1a,p1b\n|-damage|p1a: Einstein|19\/100\n|-damage|p1b: Queen Mary I|16\/100\n|\n|upkeep\n|turn|2\n|\n|t:|1739132352\n|move|p1b: Queen Mary I|Protect|p1b: Queen Mary I\n|-singleturn|p1b: Queen Mary I|Protect\n|move|p2a: Tornadus|Tailwind|p2a: Tornadus\n|-sidestart|p2: futonkagebunshin|move: Tailwind\n|move|p1a: Einstein|Reflect|p1a: Einstein\n|-sidestart|p1: Forbranna|Reflect\n|move|p2b: Chi-Yu|Heat Wave|p1b: Queen Mary I|[spread] p1a\n|-activate|p1b: Queen Mary I|move: Protect\n|-damage|p1a: Einstein|0 fnt\n|faint|p1a: Einstein\n|\n|upkeep\n|\n|t:|1739132365\n|switch|p1a: Moctezuma|Koraidon, L50|100\/100\n|-weather|SunnyDay|[from] ability: Orichalcum Pulse|[of] p1a: Moctezuma\n|-activate|p1b: Queen Mary I|ability: Protosynthesis\n|-start|p1b: Queen Mary I|protosynthesisspe\n|-activate|p1a: Moctezuma|Orichalcum Pulse|[source]\n|turn|3\n|inactive|futonkagebunshin has 30 seconds left.\n|j| gieoeo\n|inactive|futonkagebunshin has 20 seconds left.\n|inactive|futonkagebunshin has 15 seconds left.\n|inactive|futonkagebunshin has 10 seconds left.\n|inactive|futonkagebunshin has 5 seconds left.\n|\n|t:|1739132418\n|switch|p2b: Raging Bolt|Raging Bolt, L50|100\/100\n|-activate|p2b: Raging Bolt|ability: Protosynthesis\n|-start|p2b: Raging Bolt|protosynthesisspa\n|-terastallize|p1a: Moctezuma|Fire\n|move|p2a: Tornadus|Substitute|p2a: Tornadus\n|-start|p2a: Tornadus|Substitute\n|-damage|p2a: Tornadus|37\/100\n|move|p1b: Queen Mary I|Icy Wind|p2b: Raging Bolt|[spread] p2a\n|-miss|p1b: Queen Mary I|p2b: Raging Bolt\n|-supereffective|p2a: Tornadus\n|-crit|p2a: Tornadus\n|-end|p2a: Tornadus|Substitute\n|move|p1a: Moctezuma|Collision Course|p2b: Raging Bolt\n|-damage|p2b: Raging Bolt|38\/100\n|\n|-weather|SunnyDay|[upkeep]\n|upkeep\n|turn|4\n|inactive|Forbranna has 30 seconds left.\n|inactive|futonkagebunshin has 30 seconds left.\n|\n|t:|1739132450\n|-end|p1b: Queen Mary I|Protosynthesis|[silent]\n|switch|p1b: Voltaire|Raging Bolt, L50|100\/100\n|-activate|p1b: Voltaire|ability: Protosynthesis\n|-start|p1b: Voltaire|protosynthesisspa\n|move|p2a: Tornadus|Substitute|p2a: Tornadus\n|-start|p2a: Tornadus|Substitute\n|-damage|p2a: Tornadus|12\/100\n|move|p2b: Raging Bolt|Thunderclap||[still]\n|-fail|p2b: Raging Bolt\n|move|p1a: Moctezuma|Collision Course|p2b: Raging Bolt\n|-damage|p2b: Raging Bolt|0 fnt\n|faint|p2b: Raging Bolt\n|-end|p2b: Raging Bolt|Protosynthesis|[silent]\n|\n|-weather|SunnyDay|[upkeep]\n|upkeep\n|\n|t:|1739132459\n|switch|p2b: Koraidon|Koraidon, L50|100\/100\n|-activate|p2b: Koraidon|ability: Orichalcum Pulse\n|turn|5\n|\n|t:|1739132473\n|move|p1a: Moctezuma|Protect|p1a: Moctezuma\n|-singleturn|p1a: Moctezuma|Protect\n|move|p2b: Koraidon|Scale Shot|p1b: Voltaire\n|-supereffective|p1b: Voltaire\n|-damage|p1b: Voltaire|84\/100\n|-supereffective|p1b: Voltaire\n|-damage|p1b: Voltaire|67\/100\n|-hitcount|p1b: Voltaire|2\n|-unboost|p2b: Koraidon|def|1\n|-boost|p2b: Koraidon|spe|1\n|move|p2a: Tornadus|Bleakwind Storm|p1a: Moctezuma|[spread] p1b\n|-activate|p1a: Moctezuma|move: Protect\n|-resisted|p1b: Voltaire\n|-damage|p1b: Voltaire|61\/100\n|move|p1b: Voltaire|Thunderbolt|p2a: Tornadus\n|-supereffective|p2a: Tornadus\n|-end|p2a: Tornadus|Substitute\n|\n|-weather|SunnyDay|[upkeep]\n|-sideend|p2: futonkagebunshin|move: Tailwind\n|upkeep\n|turn|6\n|j| numberonebosskfan\n|inactive|futonkagebunshin has 30 seconds left.\n|inactive|futonkagebunshin has 20 seconds left.\n|inactive|futonkagebunshin has 15 seconds left.\n|inactive|futonkagebunshin has 10 seconds left.\n|inactive|futonkagebunshin has 5 seconds left.\n|\n|t:|1739132526\n|move|p2b: Koraidon|Protect|p2b: Koraidon\n|-singleturn|p2b: Koraidon|Protect\n|move|p2a: Tornadus|Tailwind|p2a: Tornadus\n|-sidestart|p2: futonkagebunshin|move: Tailwind\n|move|p1a: Moctezuma|Collision Course|p2b: Koraidon\n|-activate|p2b: Koraidon|move: Protect\n|move|p1b: Voltaire|Draco Meteor|p2b: Koraidon\n|-activate|p2b: Koraidon|move: Protect\n|\n|-weather|SunnyDay|[upkeep]\n|upkeep\n|turn|7\n|inactive|futonkagebunshin has 30 seconds left.\n|inactive|futonkagebunshin has 20 seconds left.\n|\n|t:|1739132564\n|-terastallize|p2b: Koraidon|Fire\n|move|p2b: Koraidon|Collision Course|p1a: Moctezuma\n|-damage|p1a: Moctezuma|58\/100\n|move|p2a: Tornadus|Bleakwind Storm|p1a: Moctezuma|[spread] p1a,p1b\n|-resisted|p1b: Voltaire\n|-damage|p1a: Moctezuma|37\/100\n|-damage|p1b: Voltaire|55\/100\n|move|p1a: Moctezuma|Collision Course|p2b: Koraidon\n|-damage|p2b: Koraidon|0 fnt\n|faint|p2b: Koraidon\n|move|p1b: Voltaire|Draco Meteor|p2a: Tornadus\n|-damage|p2a: Tornadus|0 fnt\n|-unboost|p1b: Voltaire|spa|2\n|faint|p2a: Tornadus\n|\n|-weather|none\n|-end|p1b: Voltaire|Protosynthesis\n|upkeep\n|l| PMG9\n|\n|t:|1739132584\n|switch|p2a: Chi-Yu|Chi-Yu, L50|93\/100\n|-ability|p2a: Chi-Yu|Beads of Ruin\n|turn|8\n|inactive|futonkagebunshin has 30 seconds left.\n|j| Harry 555\n|inactive|futonkagebunshin has 20 seconds left.\n|\n|t:|1739132621\n|move|p2a: Chi-Yu|Dark Pulse|p1b: Voltaire\n|-damage|p1b: Voltaire|23\/100\n|move|p1a: Moctezuma|Collision Course|p2a: Chi-Yu\n|-supereffective|p2a: Chi-Yu\n|-damage|p2a: Chi-Yu|0 fnt\n|faint|p2a: Chi-Yu\n|\n|win|Forbranna\n|raw|Forbranna's rating: 1622 &rarr; <strong>1642<\/strong><br \/>(+20 for winning)\n|raw|futonkagebunshin's rating: 1629 &rarr; <strong>1609<\/strong><br \/>(-20 for losing)\n|l| gieoeo\n|l|\u2606Forbranna\n|player|p1|\n|l| Harry 555\n|l| numberonebosskfan\n","uploadtime":1739132869,"views":8,"formatid":"gen9vgc2025regg","rating":1609,"private":0,"password":null}