{"id":"gen9vgc2025regg-2297116184","format":"[Gen 9] VGC 2025 Reg G","players":["biglivingorganism","InfinityGroudon"],"log":"|j|\u2606biglivingorganism\n|j|\u2606InfinityGroudon\n|t:|1739060358\n|gametype|doubles\n|player|p1|biglivingorganism|musician|1545\n|player|p2|InfinityGroudon|1|1627\n|teamsize|p1|6\n|teamsize|p2|6\n|gen|9\n|tier|[Gen 9] VGC 2025 Reg G\n|rated|\n|rule|Species Clause: Limit one of each Pok\u00e9mon\n|rule|Item Clause: Limit 1 of each item\n|clearpoke\n|poke|p1|Tatsugiri, L50, F|\n|poke|p1|Chi-Yu, L50|\n|poke|p1|Dondozo, L50, M|\n|poke|p1|Miraidon, L50|\n|poke|p1|Dragonite, L50, F|\n|poke|p1|Iron Crown, L50|\n|poke|p2|Calyrex-Shadow, L50|\n|poke|p2|Incineroar, L50, M|\n|poke|p2|Weezing-Galar, L50, M|\n|poke|p2|Indeedee-F, L50, F|\n|poke|p2|Iron Valiant, L50|\n|poke|p2|Ursaluna-Bloodmoon, L50, M|\n|teampreview|4\nbiglivingorganism has agreed to open team sheets.\nInfinityGroudon has agreed to open team sheets.\n|showteam|p1|Tatsugiri||FocusSash|Commander|MuddyWater,IcyWind,DracoMeteor,Protect|||F|||50|,,,,,Normal]Chi-Yu||ChoiceScarf|BeadsofRuin|HeatWave,Snarl,DarkPulse,Overheat||||||50|,,,,,Ghost]Dondozo||Leftovers|Unaware|OrderUp,Protect,WaveCrash,Earthquake|||M|||50|,,,,,Grass]Miraidon||AssaultVest|HadronEngine|VoltSwitch,DracoMeteor,ElectroDrift,DazzlingGleam||||||50|,,,,,Fairy]Dragonite||ChoiceBand|InnerFocus|IronHead,AerialAce,ExtremeSpeed,Outrage|||F|||50|,,,,,Normal]Iron Crown||LifeOrb|QuarkDrive|TachyonCutter,TeraBlast,Psyshock,Protect||||||50|,,,,,Ground\n|showteam|p2|Calyrex-Shadow||LifeOrb|AsOneSpectrier|ExpandingForce,HyperBeam,Protect,AstralBarrage||||||50|,,,,,Normal]Incineroar||AbilityShield|Intimidate|FakeOut,KnockOff,WillOWisp,PartingShot|||M|||50|,,,,,Ghost]Weezing-Galar||SitrusBerry|NeutralizingGas|SludgeBomb,WillOWisp,Taunt,Protect|||M|||50|,,,,,Steel]Indeedee-F||RockyHelmet|PsychicSurge|FollowMe,DazzlingGleam,HelpingHand,TrickRoom|||F|||50|,,,,,Fairy]Iron Valiant||BoosterEnergy|QuarkDrive|SpiritBreak,CloseCombat,ShadowSneak,Protect||||||50|,,,,,Fairy]Ursaluna-Bloodmoon||AssaultVest|MindsEye|BloodMoon,EarthPower,HyperVoice,VacuumWave|||M|||50|,,,,,Normal\n|j| tetsuokaga\n|\n|t:|1739060405\n|start\n|switch|p1a: Dragonite|Dragonite, L50, F|100\/100\n|switch|p1b: Dondozo|Dondozo, L50, M|100\/100\n|switch|p2a: Charming|Iron Valiant, L50, shiny|100\/100\n|switch|p2b: Duncan|Calyrex-Shadow, L50|100\/100\n|-ability|p2b: Duncan|As One\n|-ability|p2b: Duncan|Unnerve\n|-enditem|p2a: Charming|Booster Energy\n|-activate|p2a: Charming|ability: Quark Drive|[fromitem]\n|-start|p2a: Charming|quarkdrivespe\n|turn|1\n|\n|t:|1739060456\n|-end|p2a: Charming|Quark Drive|[silent]\n|switch|p2a: Suthen|Indeedee-F, L50, F|100\/100\n|-fieldstart|move: Psychic Terrain|[from] ability: Psychic Surge|[of] p2a: Suthen\n|switch|p1a: Tatsugiri|Tatsugiri, L50, F|100\/100\n|-activate|p1a: Tatsugiri|ability: Commander|[of] p1b: Dondozo\n|-boost|p1b: Dondozo|atk|2\n|-boost|p1b: Dondozo|spa|2\n|-boost|p1b: Dondozo|spe|2\n|-boost|p1b: Dondozo|def|2\n|-boost|p1b: Dondozo|spd|2\n|move|p2b: Duncan|Expanding Force|p1a: Tatsugiri|[spread] p1b\n|-miss|p2b: Duncan|p1a: Tatsugiri\n|-damage|p1b: Dondozo|58\/100\n|-damage|p2b: Duncan|91\/100|[from] item: Life Orb\n|move|p1b: Dondozo|Wave Crash|p2b: Duncan\n|-damage|p2b: Duncan|0 fnt\n|faint|p2b: Duncan\n|-damage|p1b: Dondozo|35\/100|[from] Recoil\n|\n|-heal|p1b: Dondozo|41\/100|[from] item: Leftovers\n|upkeep\n|\n|t:|1739060464\n|switch|p2b: Mr. Gassy|Weezing-Galar, L50, M|100\/100\n|-ability|p2b: Mr. Gassy|Neutralizing Gas\n|turn|2\n|\n|t:|1739060470\n|move|p1b: Dondozo|Protect|p1b: Dondozo\n|-singleturn|p1b: Dondozo|Protect\n|move|p2a: Suthen|Dazzling Gleam|p1b: Dondozo|[spread] \n|-miss|p2a: Suthen|p1a: Tatsugiri\n|-activate|p1b: Dondozo|move: Protect\n|move|p2b: Mr. Gassy|Will-O-Wisp|p1b: Dondozo\n|-activate|p1b: Dondozo|move: Protect\n|\n|-heal|p1b: Dondozo|47\/100|[from] item: Leftovers\n|upkeep\n|turn|3\n|\n|t:|1739060481\n|move|p1b: Dondozo|Earthquake|p2a: Suthen|[spread] p2a,p2b\n|-miss|p1b: Dondozo|p1a: Tatsugiri\n|-supereffective|p2b: Mr. Gassy\n|-damage|p2a: Suthen|55\/100\n|-damage|p2b: Mr. Gassy|19\/100\n|-enditem|p2b: Mr. Gassy|Sitrus Berry|[eat]\n|-heal|p2b: Mr. Gassy|43\/100|[from] item: Sitrus Berry\n|move|p2a: Suthen|Dazzling Gleam|p1a: Tatsugiri|[spread] p1b\n|-miss|p2a: Suthen|p1a: Tatsugiri\n|-damage|p1b: Dondozo|41\/100\n|move|p2b: Mr. Gassy|Will-O-Wisp|p1b: Dondozo\n|-status|p1b: Dondozo|brn\n|\n|-heal|p1b: Dondozo|47\/100 brn|[from] item: Leftovers\n|-damage|p1b: Dondozo|41\/100 brn|[from] brn\n|upkeep\n|turn|4\n|\n|t:|1739060506\n|-end|p2b: Mr. Gassy|ability: Neutralizing Gas\n|switch|p2b: Charming|Iron Valiant, L50, shiny|100\/100\n|move|p1b: Dondozo|Earthquake|p2b: Charming|[spread] p2a,p2b\n|-miss|p1b: Dondozo|p1a: Tatsugiri\n|-damage|p2a: Suthen|30\/100\n|-damage|p2b: Charming|72\/100\n|move|p2a: Suthen|Dazzling Gleam|p1a: Tatsugiri|[spread] p1b\n|-miss|p2a: Suthen|p1a: Tatsugiri\n|-crit|p1b: Dondozo\n|-damage|p1b: Dondozo|21\/100 brn\n|\n|-heal|p1b: Dondozo|27\/100 brn|[from] item: Leftovers\n|-damage|p1b: Dondozo|21\/100 brn|[from] brn\n|upkeep\n|turn|5\n|\n|t:|1739060536\n|move|p2b: Charming|Protect|p2b: Charming\n|-singleturn|p2b: Charming|Protect\n|move|p1b: Dondozo|Wave Crash|p2a: Suthen\n|-damage|p2a: Suthen|0 fnt\n|-damage|p1b: Dondozo|4\/100 brn|[from] item: Rocky Helmet|[of] p2a: Suthen\n|faint|p2a: Suthen\n|-damage|p1b: Dondozo|0 fnt|[from] Recoil\n|faint|p1b: Dondozo\n|\n|-fieldend|move: Psychic Terrain\n|upkeep\n|\n|t:|1739060559\n|switch|p2a: Mr. Gassy|Weezing-Galar, L50, M|43\/100\n|switch|p1b: Dragonite|Dragonite, L50, F|100\/100\n|-ability|p2a: Mr. Gassy|Neutralizing Gas\n|turn|6\n|\n|t:|1739060599\n|-terastallize|p2b: Charming|Fairy\n|move|p2b: Charming|Spirit Break|p1a: Tatsugiri\n|-supereffective|p1a: Tatsugiri\n|-enditem|p1a: Tatsugiri|Focus Sash\n|-damage|p1a: Tatsugiri|1\/100\n|-unboost|p1a: Tatsugiri|spa|1\n|move|p1a: Tatsugiri|Muddy Water|p2b: Charming|[spread] p2a,p2b\n|-damage|p2a: Mr. Gassy|21\/100\n|-damage|p2b: Charming|31\/100\n|-unboost|p2a: Mr. Gassy|accuracy|1\n|move|p1b: Dragonite|Iron Head|p2b: Charming\n|-supereffective|p2b: Charming\n|-damage|p2b: Charming|0 fnt\n|faint|p2b: Charming\n|-end|p2b: Charming|Quark Drive|[silent]\n|move|p2a: Mr. Gassy|Will-O-Wisp|p1b: Dragonite\n|-status|p1b: Dragonite|brn\n|\n|-damage|p1b: Dragonite|94\/100 brn|[from] brn\n|upkeep\n|turn|7\n|\n|t:|1739060621\n|move|p1a: Tatsugiri|Protect|p1a: Tatsugiri\n|-singleturn|p1a: Tatsugiri|Protect\n|move|p1b: Dragonite|Iron Head|p2a: Mr. Gassy\n|-supereffective|p2a: Mr. Gassy\n|-damage|p2a: Mr. Gassy|0 fnt\n|faint|p2a: Mr. Gassy\n|-end|p2a: Mr. Gassy|ability: Neutralizing Gas\n|\n|win|biglivingorganism\n|raw|biglivingorganism's rating: 1545 &rarr; <strong>1570<\/strong><br \/>(+25 for winning)\n|raw|InfinityGroudon's rating: 1627 &rarr; <strong>1602<\/strong><br \/>(-25 for losing)\n|l|\u2606InfinityGroudon\n|player|p2|\n|l| tetsuokaga\n|l|\u2606biglivingorganism\n|player|p1|\n","uploadtime":1739060644,"views":35,"formatid":"gen9vgc2025regg","rating":1570,"private":0,"password":null}