{"id":"gen9vgc2025regg-2297920164","format":"[Gen 9] VGC 2025 Reg G","players":["morgan01vgc","HEDGEHOGMEOW"],"log":"|j|\u2606morgan01vgc\n|j|\u2606HEDGEHOGMEOW\n|t:|1739186724\n|gametype|doubles\n|player|p1|morgan01vgc|elesa|1544\n|player|p2|HEDGEHOGMEOW|1|1574\n|teamsize|p1|6\n|teamsize|p2|6\n|gen|9\n|tier|[Gen 9] VGC 2025 Reg G\n|rated|\n|rule|Species Clause: Limit one of each Pok\u00e9mon\n|rule|Item Clause: Limit 1 of each item\n|clearpoke\n|poke|p1|Groudon, L50|\n|poke|p1|Moltres, L50|\n|poke|p1|Raging Bolt, L50|\n|poke|p1|Iron Valiant, L50|\n|poke|p1|Kingambit, L50, F|\n|poke|p1|Amoonguss, L50, M|\n|poke|p2|Calyrex-Shadow, L50|\n|poke|p2|Incineroar, L50, M|\n|poke|p2|Rillaboom, L50, M|\n|poke|p2|Urshifu-*, L50, F|\n|poke|p2|Farigiraf, L50, F|\n|poke|p2|Raging Bolt, L50|\n|teampreview|4\n|inactive|Battle timer is ON: inactive players will automatically lose when time's up. (requested by HEDGEHOGMEOW)\n|inactive|morgan01vgc has 60 seconds left.\n|inactive|HEDGEHOGMEOW has 60 seconds left.\n|inactive|morgan01vgc has 30 seconds left.\n|inactive|HEDGEHOGMEOW has 30 seconds left.\n|inactive|morgan01vgc has 20 seconds left.\n|inactive|morgan01vgc has 15 seconds left.\n|inactive|morgan01vgc has 10 seconds left.\n|inactive|morgan01vgc has 5 seconds left.\n|\n|t:|1739186818\n|start\n|switch|p1a: Groudon|Groudon, L50|100\/100\n|switch|p1b: Moltres|Moltres, L50|100\/100\n|switch|p2a: Urshifu|Urshifu-Rapid-Strike, L50, F|100\/100\n|switch|p2b: Farigiraf|Farigiraf, L50, F|100\/100\n|-weather|SunnyDay|[from] ability: Drought|[of] p1a: Groudon\n|turn|1\n|inactive|morgan01vgc has 30 seconds left.\n|inactive|HEDGEHOGMEOW has 30 seconds left.\n|inactive|morgan01vgc has 20 seconds left.\n|inactive|HEDGEHOGMEOW has 20 seconds left.\n|inactive|morgan01vgc has 15 seconds left.\n|inactive|morgan01vgc has 10 seconds left.\n|inactive|morgan01vgc has 5 seconds left.\n|\n|t:|1739186873\n|move|p2a: Urshifu|Detect|p2a: Urshifu\n|-singleturn|p2a: Urshifu|Protect\n|move|p1b: Moltres|Heat Wave|p2a: Urshifu|[spread] p2b\n|-activate|p2a: Urshifu|move: Protect\n|-damage|p2b: Farigiraf|62\/100\n|move|p1a: Groudon|Precipice Blades|p2b: Farigiraf|[spread] \n|-activate|p2a: Urshifu|move: Protect\n|-miss|p1a: Groudon|p2b: Farigiraf\n|move|p2b: Farigiraf|Trick Room|p2b: Farigiraf\n|-fieldstart|move: Trick Room|[of] p2b: Farigiraf\n|\n|-weather|SunnyDay|[upkeep]\n|upkeep\n|turn|2\n|inactive|morgan01vgc has 30 seconds left.\n|inactive|HEDGEHOGMEOW has 30 seconds left.\n|inactive|morgan01vgc has 20 seconds left.\n|inactive|morgan01vgc has 15 seconds left.\n|inactive|morgan01vgc has 10 seconds left.\n|inactive|morgan01vgc has 5 seconds left.\n|\n|t:|1739186928\n|move|p2b: Farigiraf|Hyper Voice|p1a: Groudon|[spread] p1a,p1b\n|-damage|p1a: Groudon|70\/100\n|-damage|p1b: Moltres|70\/100\n|-enditem|p2b: Farigiraf|Throat Spray\n|-boost|p2b: Farigiraf|spa|1|[from] item: Throat Spray\n|move|p1a: Groudon|Precipice Blades|p2a: Urshifu|[spread] p2b\n|-miss|p1a: Groudon|p2a: Urshifu\n|-damage|p2b: Farigiraf|10\/100\n|move|p1b: Moltres|Heat Wave|p2a: Urshifu|[spread] p2a\n|-miss|p1b: Moltres|p2b: Farigiraf\n|-resisted|p2a: Urshifu\n|-crit|p2a: Urshifu\n|-damage|p2a: Urshifu|53\/100\n|move|p2a: Urshifu|Close Combat|p1a: Groudon\n|-damage|p1a: Groudon|29\/100\n|-unboost|p2a: Urshifu|def|1\n|-unboost|p2a: Urshifu|spd|1\n|\n|-weather|SunnyDay|[upkeep]\n|upkeep\n|turn|3\n|inactive|morgan01vgc has 30 seconds left.\n|inactive|morgan01vgc has 20 seconds left.\n|inactive|morgan01vgc has 15 seconds left.\n|inactive|morgan01vgc has 10 seconds left.\n|inactive|morgan01vgc has 5 seconds left.\n|\n|t:|1739186983\n|switch|p2a: Incineroar|Incineroar, L50, M|100\/100\n|-ability|p2a: Incineroar|Intimidate|boost\n|-fail|p1a: Groudon|unboost|[from] item: Clear Amulet|[of] p1a: Groudon\n|-unboost|p1b: Moltres|atk|1\n|move|p2b: Farigiraf|Hyper Voice|p1a: Groudon|[spread] p1a,p1b\n|-damage|p1a: Groudon|0 fnt\n|-damage|p1b: Moltres|30\/100\n|faint|p1a: Groudon\n|move|p1b: Moltres|Heat Wave|p2b: Farigiraf|[spread] p2a,p2b\n|-resisted|p2a: Incineroar\n|-damage|p2a: Incineroar|81\/100\n|-damage|p2b: Farigiraf|0 fnt\n|faint|p2b: Farigiraf\n|\n|-weather|SunnyDay|[upkeep]\n|upkeep\n|inactive|morgan01vgc has 30 seconds left.\n|inactive|morgan01vgc has 20 seconds left.\n|inactive|morgan01vgc has 15 seconds left.\n|j| IshzarkVGC\n|inactive|morgan01vgc has 10 seconds left.\n|inactive|morgan01vgc has 5 seconds left.\n|\n|t:|1739187038\n|switch|p2b: Urshifu|Urshifu-Rapid-Strike, L50, F|53\/100\n|switch|p1a: Raging Bolt|Raging Bolt, L50|100\/100\n|-activate|p1a: Raging Bolt|ability: Protosynthesis\n|-start|p1a: Raging Bolt|protosynthesisspa\n|turn|4\n|inactive|morgan01vgc has 30 seconds left.\n|inactive|morgan01vgc has 20 seconds left.\n|inactive|morgan01vgc has 15 seconds left.\n|inactive|morgan01vgc has 10 seconds left.\n|inactive|morgan01vgc has 5 seconds left.\n|\n|t:|1739187093\n|move|p2a: Incineroar|Fake Out|p1a: Raging Bolt\n|-damage|p1a: Raging Bolt|91\/100\n|cant|p1a: Raging Bolt|flinch\n|move|p1b: Moltres|Heat Wave|p2b: Urshifu|[spread] p2a,p2b\n|-resisted|p2a: Incineroar\n|-resisted|p2b: Urshifu\n|-damage|p2a: Incineroar|62\/100\n|-damage|p2b: Urshifu|19\/100\n|move|p2b: Urshifu|Surging Strikes|p1b: Moltres\n|-supereffective|p1b: Moltres\n|-crit|p1b: Moltres\n|-damage|p1b: Moltres|12\/100\n|-damage|p2b: Urshifu|3\/100|[from] item: Rocky Helmet|[of] p1b: Moltres\n|-supereffective|p1b: Moltres\n|-crit|p1b: Moltres\n|-damage|p1b: Moltres|0 fnt\n|-damage|p2b: Urshifu|0 fnt|[from] item: Rocky Helmet|[of] p1b: Moltres\n|faint|p1b: Moltres\n|faint|p2b: Urshifu\n|-hitcount|p1: Moltres|2\n|\n|-weather|SunnyDay|[upkeep]\n|upkeep\n|inactive|morgan01vgc has 30 seconds left.\n|inactive|morgan01vgc has 20 seconds left.\n|inactive|morgan01vgc has 15 seconds left.\n|inactive|morgan01vgc has 10 seconds left.\n|inactive|morgan01vgc has 5 seconds left.\n|\n|t:|1739187148\n|switch|p1b: Iron Valiant|Iron Valiant, L50|100\/100\n|switch|p2b: Calyrex|Calyrex-Shadow, L50|100\/100\n|-ability|p2b: Calyrex|As One\n|-ability|p2b: Calyrex|Unnerve\n|-enditem|p1b: Iron Valiant|Booster Energy\n|-activate|p1b: Iron Valiant|ability: Quark Drive|[fromitem]\n|-start|p1b: Iron Valiant|quarkdrivespe\n|turn|5\n|inactive|morgan01vgc has 30 seconds left.\n|inactive|HEDGEHOGMEOW has 30 seconds left.\n|inactive|morgan01vgc has 20 seconds left.\n|inactive|morgan01vgc has 15 seconds left.\n|inactive|morgan01vgc has 10 seconds left.\n|inactive|morgan01vgc has 5 seconds left.\n|\n|t:|1739187203\n|-terastallize|p2a: Incineroar|Ghost\n|move|p2a: Incineroar|Knock Off|p1a: Raging Bolt\n|-damage|p1a: Raging Bolt|57\/100\n|-enditem|p1a: Raging Bolt|Assault Vest|[from] move: Knock Off|[of] p2a: Incineroar\n|move|p1a: Raging Bolt|Thunderbolt|p2b: Calyrex\n|-damage|p2b: Calyrex|37\/100\n|move|p2b: Calyrex|Psyshock|p1b: Iron Valiant\n|-supereffective|p1b: Iron Valiant\n|-damage|p1b: Iron Valiant|8\/100\n|move|p1b: Iron Valiant|Moonblast|p2b: Calyrex\n|-damage|p2b: Calyrex|0 fnt\n|faint|p2b: Calyrex\n|\n|-weather|none\n|-end|p1a: Raging Bolt|Protosynthesis\n|-fieldend|move: Trick Room\n|upkeep\n|turn|6\n|inactive|morgan01vgc has 30 seconds left.\n|inactive|morgan01vgc has 20 seconds left.\n|inactive|morgan01vgc has 15 seconds left.\n|inactive|morgan01vgc has 10 seconds left.\n|inactive|HEDGEHOGMEOW has 30 seconds left.\n|-message|HEDGEHOGMEOW forfeited.\n|\n|win|morgan01vgc\n|inactive|morgan01vgc has 10 seconds left this turn.\n|raw|morgan01vgc's rating: 1544 &rarr; <strong>1566<\/strong><br \/>(+22 for winning)\n|raw|HEDGEHOGMEOW's rating: 1574 &rarr; <strong>1552<\/strong><br \/>(-22 for losing)\n|l|\u2606HEDGEHOGMEOW\n|player|p2|\n|l| IshzarkVGC\n|l|\u2606morgan01vgc\n|player|p1|\n","uploadtime":1739187409,"views":7,"formatid":"gen9vgc2025regg","rating":1552,"private":0,"password":null}