{"id":"gen9vgc2025regg-2297295238","format":"[Gen 9] VGC 2025 Reg G","players":["araf zaman","KT02"],"log":"|j|\u2606araf zaman\n|j|\u2606KT02\n|t:|1739088922\n|gametype|doubles\n|player|p1|araf zaman|1|1565\n|player|p2|KT02|265|1744\n|teamsize|p1|6\n|teamsize|p2|6\n|gen|9\n|tier|[Gen 9] VGC 2025 Reg G\n|rated|\n|rule|Species Clause: Limit one of each Pok\u00e9mon\n|rule|Item Clause: Limit 1 of each item\n|clearpoke\n|poke|p1|Urshifu-*, L50, M|\n|poke|p1|Calyrex-Ice, L50|\n|poke|p1|Smeargle, L50, M|\n|poke|p1|Ogerpon-Hearthflame, L50, F|\n|poke|p1|Ursaluna-Bloodmoon, L50, M|\n|poke|p1|Electabuzz, L50, F|\n|poke|p2|Incineroar, L50, M|\n|poke|p2|Urshifu-*, L50, F|\n|poke|p2|Miraidon, L50|\n|poke|p2|Iron Bundle, L50|\n|poke|p2|Tornadus, L50, M|\n|poke|p2|Dragonite, L50, F|\n|teampreview|4\n|\n|t:|1739088943\n|start\n|switch|p1a: Smeargle|Smeargle, L50, M|100\/100\n|switch|p1b: Calyrex|Calyrex-Ice, L50|100\/100\n|switch|p2a: Incineroar|Incineroar, L50, M|100\/100\n|switch|p2b: Miraidon|Miraidon, L50|100\/100\n|-ability|p1b: Calyrex|As One\n|-ability|p1b: Calyrex|Unnerve\n|-fieldstart|move: Electric Terrain|[from] ability: Hadron Engine|[of] p2b: Miraidon\n|-ability|p2a: Incineroar|Intimidate|boost\n|-fail|p1a: Smeargle|unboost|Attack|[from] ability: Own Tempo|[of] p1a: Smeargle\n|-fail|p1b: Calyrex|unboost|[from] item: Clear Amulet|[of] p1b: Calyrex\n|turn|1\n|\n|t:|1739088956\n|move|p2a: Incineroar|Fake Out|p1b: Calyrex\n|-damage|p1b: Calyrex|94\/100\n|move|p1a: Smeargle|Fake Out|p2b: Miraidon\n|-damage|p2b: Miraidon|96\/100\n|cant|p2b: Miraidon|flinch\n|cant|p1b: Calyrex|flinch\n|\n|upkeep\n|turn|2\n|inactive|Battle timer is ON: inactive players will automatically lose when time's up. (requested by araf zaman)\n|\n|t:|1739088996\n|switch|p2a: Urshifu|Urshifu-Rapid-Strike, L50, F|100\/100\n|move|p1a: Smeargle|Follow Me|p1a: Smeargle\n|-singleturn|p1a: Smeargle|move: Follow Me\n|move|p2b: Miraidon|Volt Switch|p1a: Smeargle\n|-enditem|p1a: Smeargle|Focus Sash\n|-damage|p1a: Smeargle|1\/100\n|\n|t:|1739089002\n|switch|p2b: Incineroar|Incineroar, L50, M|100\/100|[from] Volt Switch\n|-ability|p2b: Incineroar|Intimidate|boost\n|-fail|p1a: Smeargle|unboost|Attack|[from] ability: Own Tempo|[of] p1a: Smeargle\n|-fail|p1b: Calyrex|unboost|[from] item: Clear Amulet|[of] p1b: Calyrex\n|move|p1b: Calyrex|Trick Room|p1b: Calyrex\n|-fieldstart|move: Trick Room|[of] p1b: Calyrex\n|\n|upkeep\n|turn|3\n|\n|t:|1739089023\n|switch|p1a: Ursaluna|Ursaluna-Bloodmoon, L50, M|100\/100\n|move|p2a: Urshifu|Aqua Jet|p1a: Ursaluna\n|-supereffective|p1a: Ursaluna\n|-damage|p1a: Ursaluna|64\/100\n|move|p1b: Calyrex|High Horsepower|p2b: Incineroar\n|-supereffective|p2b: Incineroar\n|-damage|p2b: Incineroar|38\/100\n|move|p2b: Incineroar|Will-O-Wisp|p1b: Calyrex\n|-status|p1b: Calyrex|brn\n|\n|-damage|p1b: Calyrex|88\/100 brn|[from] brn\n|upkeep\n|turn|4\n|inactive|KT02 has 30 seconds left.\n|\n|t:|1739089056\n|-terastallize|p1a: Ursaluna|Normal\n|move|p2a: Urshifu|Protect|p2a: Urshifu\n|-singleturn|p2a: Urshifu|Protect\n|move|p1a: Ursaluna|Hyper Voice|p2b: Incineroar|[spread] p2b\n|-activate|p2a: Urshifu|move: Protect\n|-damage|p2b: Incineroar|0 fnt\n|faint|p2b: Incineroar\n|-damage|p1a: Ursaluna|54\/100|[from] item: Life Orb\n|move|p1b: Calyrex|High Horsepower|p2a: Urshifu\n|-activate|p2a: Urshifu|move: Protect\n|\n|-damage|p1b: Calyrex|82\/100 brn|[from] brn\n|upkeep\n|j| wattovgc\n|\n|t:|1739089080\n|switch|p2b: Miraidon|Miraidon, L50|96\/100\n|-activate|p2b: Miraidon|ability: Hadron Engine\n|turn|5\n|\n|t:|1739089090\n|-terastallize|p2b: Miraidon|Fairy\n|move|p1a: Ursaluna|Blood Moon|p2b: Miraidon\n|-damage|p2b: Miraidon|0 fnt\n|faint|p2b: Miraidon\n|-damage|p1a: Ursaluna|45\/100|[from] item: Life Orb\n|move|p1b: Calyrex|Glacial Lance|p2a: Urshifu\n|-resisted|p2a: Urshifu\n|-crit|p2a: Urshifu\n|-damage|p2a: Urshifu|71\/100\n|move|p2a: Urshifu|Surging Strikes|p1b: Calyrex\n|-crit|p1b: Calyrex\n|-damage|p1b: Calyrex|66\/100 brn\n|-crit|p1b: Calyrex\n|-damage|p1b: Calyrex|51\/100 brn\n|-crit|p1b: Calyrex\n|-damage|p1b: Calyrex|34\/100 brn\n|-hitcount|p1b: Calyrex|3\n|\n|-damage|p1b: Calyrex|28\/100 brn|[from] brn\n|-fieldend|move: Electric Terrain\n|upkeep\n|\n|t:|1739089098\n|switch|p2b: Iron Bundle|Iron Bundle, L50|100\/100\n|turn|6\n|\n|t:|1739089111\n|switch|p1a: Smeargle|Smeargle, L50, M|1\/100\n|move|p2a: Urshifu|Protect|p2a: Urshifu\n|-singleturn|p2a: Urshifu|Protect\n|move|p2b: Iron Bundle|Protect|p2b: Iron Bundle\n|-singleturn|p2b: Iron Bundle|Protect\n|move|p1b: Calyrex|High Horsepower|p2b: Iron Bundle\n|-activate|p2b: Iron Bundle|move: Protect\n|\n|-damage|p1b: Calyrex|22\/100 brn|[from] brn\n|-fieldend|move: Trick Room\n|upkeep\n|turn|7\n|inactive|KT02 has 30 seconds left.\n|\n|t:|1739089136\n|move|p1a: Smeargle|Fake Out|p2a: Urshifu\n|-damage|p2a: Urshifu|66\/100\n|move|p2b: Iron Bundle|Encore|p1b: Calyrex\n|-start|p1b: Calyrex|Encore\n|cant|p2a: Urshifu|flinch\n|move|p1b: Calyrex|High Horsepower|p2a: Urshifu\n|-damage|p2a: Urshifu|46\/100\n|\n|-damage|p1b: Calyrex|16\/100 brn|[from] brn\n|upkeep\n|turn|8\n|\n|t:|1739089153\n|move|p1a: Smeargle|Follow Me|p1a: Smeargle\n|-singleturn|p1a: Smeargle|move: Follow Me\n|move|p2b: Iron Bundle|Icy Wind|p1a: Smeargle|[spread] p1b\n|-miss|p2b: Iron Bundle|p1a: Smeargle\n|-resisted|p1b: Calyrex\n|-damage|p1b: Calyrex|9\/100 brn\n|move|p2a: Urshifu|Surging Strikes|p1a: Smeargle\n|-crit|p1a: Smeargle\n|-damage|p1a: Smeargle|0 fnt\n|faint|p1a: Smeargle\n|-hitcount|p1: Smeargle|1\n|move|p1b: Calyrex|High Horsepower|p2a: Urshifu\n|-damage|p2a: Urshifu|24\/100\n|\n|-damage|p1b: Calyrex|3\/100 brn|[from] brn\n|upkeep\n|\n|t:|1739089168\n|switch|p1a: Urshifu|Urshifu, L50, M|100\/100\n|turn|9\n|\n|t:|1739089180\n|switch|p1b: Ursaluna|Ursaluna-Bloodmoon, L50, M, tera:Normal|45\/100\n|move|p1a: Urshifu|Sucker Punch|p2a: Urshifu\n|-resisted|p2a: Urshifu\n|-damage|p2a: Urshifu|0 fnt\n|faint|p2a: Urshifu\n|move|p2b: Iron Bundle|Icy Wind|p1b: Ursaluna|[spread] p1a\n|-miss|p2b: Iron Bundle|p1b: Ursaluna\n|-damage|p1a: Urshifu|72\/100\n|-unboost|p1a: Urshifu|spe|1\n|\n|upkeep\n|turn|10\n|-message|KT02 forfeited.\n|\n|win|araf zaman\n|raw|araf zaman's rating: 1565 &rarr; <strong>1594<\/strong><br \/>(+29 for winning)\n|raw|KT02's rating: 1744 &rarr; <strong>1715<\/strong><br \/>(-29 for losing)\n|l|\u2606KT02\n|player|p2|\n|c|\u2606araf zaman|Gg\n","uploadtime":1739089199,"views":7,"formatid":"gen9vgc2025regg","rating":1594,"private":0,"password":null}