{"id":"gen9vgc2025regg-2297976401","format":"[Gen 9] VGC 2025 Reg G","players":["ComputerYui","Benjojos"],"log":"|j|\u2606ComputerYui\n|j|\u2606Benjojos\n|t:|1739194982\n|gametype|doubles\n|player|p1|ComputerYui|1|1591\n|player|p2|Benjojos|caitlin|1557\n|teamsize|p1|6\n|teamsize|p2|6\n|gen|9\n|tier|[Gen 9] VGC 2025 Reg G\n|rated|\n|rule|Species Clause: Limit one of each Pok\u00e9mon\n|rule|Item Clause: Limit 1 of each item\n|clearpoke\n|poke|p1|Armarouge, L50, M|\n|poke|p1|Indeedee-F, L50, F|\n|poke|p1|Koraidon, L50|\n|poke|p1|Whimsicott, L50, F|\n|poke|p1|Walking Wake, L50|\n|poke|p1|Primarina, L50, F|\n|poke|p2|Calyrex-Ice, L50|\n|poke|p2|Indeedee-F, L50, F|\n|poke|p2|Annihilape, L50, F|\n|poke|p2|Heatran, L50, F|\n|poke|p2|Sinistcha, L50|\n|poke|p2|Iron Valiant, L50|\n|teampreview|4\n|inactive|Battle timer is ON: inactive players will automatically lose when time's up. (requested by Benjojos)\n|\n|t:|1739195007\n|start\n|switch|p1a: Primarina|Primarina, L50, F, shiny|100\/100\n|switch|p1b: Koraidon|Koraidon, L50|100\/100\n|switch|p2a: Calyrex|Calyrex-Ice, L50|100\/100\n|switch|p2b: Annihilape|Annihilape, L50, F|100\/100\n|-ability|p2a: Calyrex|As One\n|-ability|p2a: Calyrex|Unnerve\n|-weather|SunnyDay|[from] ability: Orichalcum Pulse|[of] p1b: Koraidon\n|-activate|p1b: Koraidon|Orichalcum Pulse|[source]\n|turn|1\n|inactive|ComputerYui has 30 seconds left.\n|inactive|Benjojos has 30 seconds left.\n|\n|t:|1739195040\n|-terastallize|p1b: Koraidon|Fire\n|-terastallize|p2a: Calyrex|Water\n|move|p1b: Koraidon|Flare Blitz|p2b: Annihilape\n|-enditem|p2b: Annihilape|Focus Sash\n|-damage|p2b: Annihilape|1\/100\n|-damage|p1b: Koraidon|66\/100|[from] Recoil\n|move|p2b: Annihilape|Coaching|p2a: Calyrex\n|-boost|p2a: Calyrex|atk|1\n|-boost|p2a: Calyrex|def|1\n|move|p2a: Calyrex|Seed Bomb|p1a: Primarina\n|-supereffective|p1a: Primarina\n|-damage|p1a: Primarina|10\/100\n|move|p1a: Primarina|Weather Ball|p2a: Calyrex\n|-resisted|p2a: Calyrex\n|-damage|p2a: Calyrex|89\/100\n|\n|-weather|SunnyDay|[upkeep]\n|upkeep\n|turn|2\n|inactive|ComputerYui has 30 seconds left.\n|inactive|Benjojos has 30 seconds left.\n|inactive|ComputerYui has 20 seconds left.\n|\n|t:|1739195079\n|switch|p1a: Indeedee|Indeedee-F, L50, F, shiny|100\/100\n|-fieldstart|move: Psychic Terrain|[from] ability: Psychic Surge|[of] p1a: Indeedee\n|move|p1b: Koraidon|Flare Blitz|p2b: Annihilape\n|-damage|p2b: Annihilape|0 fnt\n|faint|p2b: Annihilape\n|-damage|p1b: Koraidon|65\/100|[from] Recoil\n|move|p2a: Calyrex|High Horsepower|p1b: Koraidon\n|-supereffective|p1b: Koraidon\n|-damage|p1b: Koraidon|0 fnt\n|faint|p1b: Koraidon\n|-ability|p2a: Calyrex|Chilling Neigh|boost\n|-boost|p2a: Calyrex|atk|1\n|\n|-weather|SunnyDay|[upkeep]\n|upkeep\n|\n|t:|1739195102\n|switch|p1b: Armarouge|Armarouge, L50, M, shiny|100\/100\n|switch|p2b: Indeedee|Indeedee-F, L50, F|100\/100\n|-enditem|p2b: Indeedee|Psychic Seed\n|-boost|p2b: Indeedee|spd|1|[from] item: Psychic Seed\n|turn|3\n|inactive|ComputerYui has 30 seconds left.\n|inactive|Benjojos has 30 seconds left.\n|inactive|ComputerYui has 20 seconds left.\n|inactive|ComputerYui has 15 seconds left.\n|inactive|Benjojos has 20 seconds left.\n|inactive|ComputerYui has 10 seconds left.\n|\n|t:|1739195149\n|move|p1a: Indeedee|Follow Me|p1a: Indeedee\n|-singleturn|p1a: Indeedee|move: Follow Me\n|move|p1b: Armarouge|Expanding Force|p2a: Calyrex|[spread] p2a,p2b\n|-crit|p2a: Calyrex\n|-resisted|p2b: Indeedee\n|-damage|p2a: Calyrex|49\/100\n|-damage|p2b: Indeedee|81\/100\n|move|p2a: Calyrex|High Horsepower|p1a: Indeedee\n|-damage|p1a: Indeedee|23\/100\n|-enditem|p1a: Indeedee|Eject Button\n|\n|t:|1739195158\n|switch|p1a: Primarina|Primarina, L50, F, shiny|10\/100\n|move|p2b: Indeedee|Trick Room|p2b: Indeedee\n|-fieldstart|move: Trick Room|[of] p2b: Indeedee\n|\n|-weather|SunnyDay|[upkeep]\n|upkeep\n|turn|4\n|inactive|ComputerYui has 30 seconds left.\n|inactive|ComputerYui has 20 seconds left.\n|inactive|ComputerYui has 15 seconds left.\n|\n|t:|1739195202\n|move|p1b: Armarouge|Endure|p1b: Armarouge\n|-singleturn|p1b: Armarouge|move: Endure\n|move|p1a: Primarina|Encore|p2b: Indeedee\n|-start|p2b: Indeedee|Encore\n|move|p2a: Calyrex|Crunch|p1b: Armarouge\n|-supereffective|p1b: Armarouge\n|-activate|p1b: Armarouge|move: Endure\n|-damage|p1b: Armarouge|1\/100\n|-ability|p1b: Armarouge|Weak Armor|boost\n|-unboost|p1b: Armarouge|def|1\n|-boost|p1b: Armarouge|spe|2\n|-enditem|p1b: Armarouge|Weakness Policy\n|-boost|p1b: Armarouge|atk|2|[from] item: Weakness Policy\n|-boost|p1b: Armarouge|spa|2|[from] item: Weakness Policy\n|move|p2b: Indeedee|Trick Room|p2b: Indeedee\n|-fieldend|move: Trick Room\n|\n|-weather|SunnyDay|[upkeep]\n|upkeep\n|turn|5\n|inactive|ComputerYui has 30 seconds left.\n|\n|t:|1739195228\n|switch|p2b: Sinistcha|Sinistcha, L50|100\/100\n|-heal|p2a: Calyrex|73\/100|[from] ability: Hospitality|[of] p2b: Sinistcha\n|move|p1b: Armarouge|Expanding Force|p2a: Calyrex|[spread] p2a,p2b\n|-damage|p2a: Calyrex|12\/100\n|-damage|p2b: Sinistcha|0 fnt\n|faint|p2b: Sinistcha\n|move|p2a: Calyrex|Glacial Lance|p1a: Primarina|[spread] p1a,p1b\n|-resisted|p1a: Primarina\n|-resisted|p1b: Armarouge\n|-damage|p1a: Primarina|0 fnt\n|-damage|p1b: Armarouge|0 fnt\n|faint|p1a: Primarina\n|faint|p1b: Armarouge\n|-ability|p2a: Calyrex|Chilling Neigh|boost\n|-boost|p2a: Calyrex|atk|2\n|\n|-weather|none\n|upkeep\n|-message|ComputerYui forfeited.\n|\n|win|Benjojos\n|raw|ComputerYui's rating: 1591 &rarr; <strong>1569<\/strong><br \/>(-22 for losing)\n|raw|Benjojos's rating: 1557 &rarr; <strong>1579<\/strong><br \/>(+22 for winning)\n|l|\u2606ComputerYui\n|player|p1|\n|l|\u2606Benjojos\n|player|p2|\n","uploadtime":1739195448,"views":6,"formatid":"gen9vgc2025regg","rating":1569,"private":0,"password":null}