{"id":"gen9vgc2025regg-2297211781","format":"[Gen 9] VGC 2025 Reg G","players":["something123","sibylla_system"],"log":"|j|\u2606something123\n|j|\u2606sibylla_system\n|t:|1739073604\n|gametype|doubles\n|player|p1|something123|1|1649\n|player|p2|sibylla_system|265|1680\n|teamsize|p1|6\n|teamsize|p2|6\n|gen|9\n|tier|[Gen 9] VGC 2025 Reg G\n|rated|\n|rule|Species Clause: Limit one of each Pok\u00e9mon\n|rule|Item Clause: Limit 1 of each item\n|clearpoke\n|poke|p1|Brute Bonnet, L50|\n|poke|p1|Walking Wake, L50|\n|poke|p1|Indeedee-F, L50, F|\n|poke|p1|Gouging Fire, L50|\n|poke|p1|Flutter Mane, L50|\n|poke|p1|Koraidon, L50|\n|poke|p2|Terapagos, L50, M|\n|poke|p2|Whimsicott, L50, F|\n|poke|p2|Incineroar, L50, M|\n|poke|p2|Urshifu-*, L50, M|\n|poke|p2|Flutter Mane, L50|\n|poke|p2|Landorus, L50, M|\n|teampreview|4\n|j| MillerH33\n|inactive|Battle timer is ON: inactive players will automatically lose when time's up. (requested by sibylla_system)\n|\n|t:|1739073658\n|start\n|switch|p1a: Flutter Mane|Flutter Mane, L50|100\/100\n|switch|p1b: Koraidon|Koraidon, L50|100\/100\n|switch|p2a: Terapagos|Terapagos, L50, M|100\/100\n|switch|p2b: Flutter Mane|Flutter Mane, L50|100\/100\n|-activate|p2a: Terapagos|ability: Tera Shift\n|detailschange|p2a: Terapagos|Terapagos-Terastal, L50, M\n|-heal|p2a: Terapagos|100\/100|[silent]\n|-weather|SunnyDay|[from] ability: Orichalcum Pulse|[of] p1b: Koraidon\n|-activate|p1a: Flutter Mane|ability: Protosynthesis\n|-start|p1a: Flutter Mane|protosynthesisspe\n|-activate|p2b: Flutter Mane|ability: Protosynthesis\n|-start|p2b: Flutter Mane|protosynthesisspe\n|-activate|p1b: Koraidon|Orichalcum Pulse|[source]\n|turn|1\n|inactive|something123 has 30 seconds left.\n|inactive|sibylla_system has 30 seconds left.\n|\n|t:|1739073684\n|switch|p2a: Whimsicott|Whimsicott, L50, F|100\/100\n|move|p1b: Koraidon|Protect|p1b: Koraidon\n|-singleturn|p1b: Koraidon|Protect\n|move|p1a: Flutter Mane|Icy Wind|p2b: Flutter Mane|[spread] p2a,p2b\n|-supereffective|p2a: Whimsicott\n|-damage|p2a: Whimsicott|65\/100\n|-damage|p2b: Flutter Mane|86\/100\n|-unboost|p2b: Flutter Mane|spe|1\n|move|p2b: Flutter Mane|Thunder Wave|p1b: Koraidon\n|-activate|p1b: Koraidon|move: Protect\n|\n|-weather|SunnyDay|[upkeep]\n|upkeep\n|turn|2\n|inactive|something123 has 30 seconds left.\n|inactive|something123 has 20 seconds left.\n|inactive|something123 has 15 seconds left.\n|\n|t:|1739073726\n|-end|p1a: Flutter Mane|Protosynthesis|[silent]\n|switch|p1a: Indeedee|Indeedee-F, L50, F|100\/100\n|-fieldstart|move: Psychic Terrain|[from] ability: Psychic Surge|[of] p1a: Indeedee\n|-enditem|p1a: Indeedee|Psychic Seed\n|-boost|p1a: Indeedee|spd|1|[from] item: Psychic Seed\n|-terastallize|p1b: Koraidon|Fire\n|move|p2a: Whimsicott|Encore|p1b: Koraidon\n|-activate|p1b: Koraidon|move: Psychic Terrain\n|move|p2b: Flutter Mane|Thunder Wave|p1a: Indeedee\n|-status|p1a: Indeedee|par\n|move|p1b: Koraidon|Flame Charge|p2b: Flutter Mane\n|-damage|p2b: Flutter Mane|0 fnt\n|-boost|p1b: Koraidon|spe|1\n|faint|p2b: Flutter Mane\n|-end|p2b: Flutter Mane|Protosynthesis|[silent]\n|\n|-weather|SunnyDay|[upkeep]\n|upkeep\n|\n|t:|1739073745\n|switch|p2b: Terapagos|Terapagos-Terastal, L50, M|100\/100\n|turn|3\n|inactive|something123 has 30 seconds left.\n|j| Kal0stest\n|inactive|something123 has 20 seconds left.\n|\n|t:|1739073783\n|-terastallize|p2b: Terapagos|Stellar\n|detailschange|p2b: Terapagos|Terapagos-Stellar, L50, M, tera:Stellar\n|-heal|p2b: Terapagos|100\/100|[silent]\n|-ability|p2b: Terapagos|Teraform Zero\n|-weather|none\n|-fieldend|move: Psychic Terrain\n|move|p1b: Koraidon|Protect|p1b: Koraidon\n|-singleturn|p1b: Koraidon|Protect\n|move|p2a: Whimsicott|Tailwind|p2a: Whimsicott\n|-sidestart|p2: sibylla_system|move: Tailwind\n|move|p2b: Terapagos|Tera Starstorm|p1b: Koraidon|[spread] p1a\n|-activate|p1b: Koraidon|move: Protect\n|-damage|p1a: Indeedee|63\/100 par\n|move|p1a: Indeedee|Psychic|p2b: Terapagos\n|-damage|p2b: Terapagos|81\/100\n|\n|upkeep\n|turn|4\n|inactive|sibylla_system has 30 seconds left.\n|j| mr pogostick\n|inactive|sibylla_system has 20 seconds left.\n|\n|t:|1739073819\n|move|p1a: Indeedee|Follow Me|p1a: Indeedee\n|-singleturn|p1a: Indeedee|move: Follow Me\n|move|p2a: Whimsicott|Fake Tears|p1a: Indeedee\n|-unboost|p1a: Indeedee|spd|2\n|move|p2b: Terapagos|Tera Starstorm|p1a: Indeedee|[spread] p1a,p1b\n|-supereffective|p1b: Koraidon\n|-damage|p1a: Indeedee|0 fnt\n|-damage|p1b: Koraidon|0 fnt\n|faint|p1a: Indeedee\n|faint|p1b: Koraidon\n|\n|upkeep\n|\n|t:|1739073827\n|switch|p1b: Brute Bonnet|Brute Bonnet, L50|100\/100\n|switch|p1a: Flutter Mane|Flutter Mane, L50|100\/100\n|turn|5\n|\n|t:|1739073846\n|move|p2a: Whimsicott|Fake Tears|p1a: Flutter Mane\n|-unboost|p1a: Flutter Mane|spd|2\n|move|p2b: Terapagos|Tera Starstorm|p1b: Brute Bonnet|[spread] p1a,p1b\n|-enditem|p1a: Flutter Mane|Focus Sash\n|-damage|p1a: Flutter Mane|1\/100\n|-damage|p1b: Brute Bonnet|48\/100\n|move|p1a: Flutter Mane|Moonblast|p2a: Whimsicott\n|-damage|p2a: Whimsicott|5\/100\n|move|p1b: Brute Bonnet|Spore|p2b: Terapagos\n|-status|p2b: Terapagos|slp|[from] move: Spore\n|\n|upkeep\n|turn|6\n|j| 0eiae0ieaie\n|inactive|something123 has 30 seconds left.\n|inactive|sibylla_system has 30 seconds left.\n|inactive|sibylla_system has 20 seconds left.\n|\n|t:|1739073885\n|move|p2a: Whimsicott|Encore|p1a: Flutter Mane\n|-start|p1a: Flutter Mane|Encore\n|cant|p2b: Terapagos|slp\n|move|p1a: Flutter Mane|Moonblast|p2a: Whimsicott\n|-damage|p2a: Whimsicott|0 fnt\n|faint|p2a: Whimsicott\n|move|p1b: Brute Bonnet|Seed Bomb|p2b: Terapagos\n|-damage|p2b: Terapagos|56\/100 slp\n|\n|-sideend|p2: sibylla_system|move: Tailwind\n|upkeep\n|l| MillerH33\n|\n|t:|1739073894\n|switch|p2a: Urshifu|Urshifu, L50, M|100\/100\n|turn|7\n|\n|t:|1739073904\n|move|p2a: Urshifu|Detect|p2a: Urshifu\n|-singleturn|p2a: Urshifu|Protect\n|move|p1b: Brute Bonnet|Rage Powder|p1b: Brute Bonnet\n|-singleturn|p1b: Brute Bonnet|move: Rage Powder\n|move|p1a: Flutter Mane|Moonblast|p2a: Urshifu\n|-activate|p2a: Urshifu|move: Protect\n|cant|p2b: Terapagos|slp\n|\n|upkeep\n|turn|8\n|\n|t:|1739073916\n|move|p2a: Urshifu|Sucker Punch|p1a: Flutter Mane\n|-damage|p1a: Flutter Mane|0 fnt\n|faint|p1a: Flutter Mane\n|-end|p1a: Flutter Mane|Protosynthesis|[silent]\n|cant|p2b: Terapagos|slp\n|move|p1b: Brute Bonnet|Seed Bomb|p2b: Terapagos\n|-damage|p2b: Terapagos|30\/100 slp\n|\n|upkeep\n|turn|9\n|-message|something123 forfeited.\n|\n|win|sibylla_system\n|raw|something123's rating: 1649 &rarr; <strong>1631<\/strong><br \/>(-18 for losing)\n|raw|sibylla_system's rating: 1680 &rarr; <strong>1698<\/strong><br \/>(+18 for winning)\n|l|\u2606something123\n|player|p1|\n|l| Kal0stest\n|l| mr pogostick\n","uploadtime":1739074145,"views":29,"formatid":"gen9vgc2025regg","rating":1631,"private":0,"password":null}