{"id":"gen9vgc2025regg-2297911658","format":"[Gen 9] VGC 2025 Reg G","players":["sibylla_system","satelite99"],"log":"|j|\u2606sibylla_system\n|j|\u2606satelite99\n|t:|1739185264\n|gametype|doubles\n|player|p1|sibylla_system|169|1576\n|player|p2|satelite99|wallace|1519\n|teamsize|p1|6\n|teamsize|p2|6\n|gen|9\n|tier|[Gen 9] VGC 2025 Reg G\n|rated|\n|rule|Species Clause: Limit one of each Pok\u00e9mon\n|rule|Item Clause: Limit 1 of each item\n|clearpoke\n|poke|p1|Calyrex-Ice, L50|\n|poke|p1|Urshifu-*, L50, M|\n|poke|p1|Amoonguss, L50, F|\n|poke|p1|Raging Bolt, L50|\n|poke|p1|Incineroar, L50, M|\n|poke|p1|Landorus, L50, M|\n|poke|p2|Terapagos, L50, M|\n|poke|p2|Scream Tail, L50|\n|poke|p2|Incineroar, L50, F|\n|poke|p2|Pelipper, L50, M|\n|poke|p2|Ogerpon-Wellspring, L50, F|\n|poke|p2|Urshifu-*, L50, F|\n|teampreview|4\nsatelite99 rejected open team sheets.\n|inactive|Battle timer is ON: inactive players will automatically lose when time's up. (requested by satelite99)\n|inactive|sibylla_system has 60 seconds left.\n|inactive|satelite99 has 60 seconds left.\n|inactive|satelite99 has 30 seconds left.\n|\n|t:|1739185338\n|start\n|switch|p1a: Raging Bolt|Raging Bolt, L50|100\/100\n|switch|p1b: Urshifu|Urshifu-Rapid-Strike, L50, M|100\/100\n|switch|p2a: Urshifu|Urshifu, L50, F|100\/100\n|switch|p2b: Terapagos|Terapagos, L50, M|100\/100\n|-activate|p2b: Terapagos|ability: Tera Shift\n|detailschange|p2b: Terapagos|Terapagos-Terastal, L50, M\n|-heal|p2b: Terapagos|100\/100|[silent]\n|turn|1\n|inactive|satelite99 has 30 seconds left.\n|inactive|satelite99 has 20 seconds left.\n|inactive|satelite99 has 15 seconds left.\n|inactive|satelite99 has 10 seconds left.\n|\n|t:|1739185386\n|switch|p2a: Ogerpon|Ogerpon-Wellspring, L50, F|100\/100\n|move|p1b: Urshifu|Surging Strikes|p2b: Terapagos\n|-activate|p2b: Terapagos|ability: Tera Shell\n|-resisted|p2b: Terapagos\n|-crit|p2b: Terapagos\n|-damage|p2b: Terapagos|90\/100\n|-resisted|p2b: Terapagos\n|-crit|p2b: Terapagos\n|-damage|p2b: Terapagos|80\/100\n|-resisted|p2b: Terapagos\n|-crit|p2b: Terapagos\n|-damage|p2b: Terapagos|69\/100\n|-hitcount|p2b: Terapagos|3\n|move|p2b: Terapagos|Earth Power|p1a: Raging Bolt\n|-supereffective|p1a: Raging Bolt\n|-damage|p1a: Raging Bolt|72\/100\n|move|p1a: Raging Bolt|Electroweb|p2b: Terapagos|[spread] p2a,p2b\n|-damage|p2a: Ogerpon|79\/100\n|-damage|p2b: Terapagos|51\/100\n|-unboost|p2a: Ogerpon|spe|1\n|\n|upkeep\n|turn|2\n|inactive|satelite99 has 30 seconds left.\n|\n|t:|1739185415\n|switch|p1b: Amoonguss|Amoonguss, L50, F|100\/100\n|switch|p2b: Incineroar|Incineroar, L50, F|100\/100\n|-ability|p2b: Incineroar|Intimidate|boost\n|-unboost|p1a: Raging Bolt|atk|1\n|-unboost|p1b: Amoonguss|atk|1\n|move|p2a: Ogerpon|Horn Leech|p1b: Amoonguss\n|-resisted|p1b: Amoonguss\n|-damage|p1b: Amoonguss|90\/100\n|-heal|p2a: Ogerpon|86\/100|[from] drain|[of] p1b: Amoonguss\n|move|p1a: Raging Bolt|Snarl|p2a: Ogerpon|[spread] p2a,p2b\n|-resisted|p2b: Incineroar\n|-damage|p2a: Ogerpon|72\/100\n|-damage|p2b: Incineroar|95\/100\n|-unboost|p2a: Ogerpon|spa|1\n|-unboost|p2b: Incineroar|spa|1\n|\n|upkeep\n|turn|3\n|inactive|sibylla_system has 30 seconds left.\n|inactive|satelite99 has 30 seconds left.\n|inactive|satelite99 has 20 seconds left.\n|\n|t:|1739185455\n|switch|p1b: Calyrex|Calyrex-Ice, L50|100\/100\n|-ability|p1b: Calyrex|As One\n|-ability|p1b: Calyrex|Unnerve\n|move|p2a: Ogerpon|Ivy Cudgel|p1b: Calyrex|[anim] Ivy Cudgel Water\n|-damage|p1b: Calyrex|67\/100\n|move|p1a: Raging Bolt|Volt Switch|p2a: Ogerpon\n|-damage|p2a: Ogerpon|36\/100\n|\n|t:|1739185465\n|-end|p1a: Raging Bolt|Protosynthesis|[silent]\n|switch|p1a: Urshifu|Urshifu-Rapid-Strike, L50, M|100\/100|[from] Volt Switch\n|move|p2b: Incineroar|Knock Off|p1a: Urshifu\n|-resisted|p1a: Urshifu\n|-damage|p1a: Urshifu|83\/100\n|-enditem|p1a: Urshifu|Mystic Water|[from] move: Knock Off|[of] p2b: Incineroar\n|\n|upkeep\n|turn|4\n|\n|t:|1739185487\n|move|p1a: Urshifu|Protect|p1a: Urshifu\n|-singleturn|p1a: Urshifu|Protect\n|move|p2a: Ogerpon|Follow Me|p2a: Ogerpon\n|-singleturn|p2a: Ogerpon|move: Follow Me\n|move|p1b: Calyrex|Glacial Lance|p2a: Ogerpon|[spread] p2a,p2b\n|-resisted|p2b: Incineroar\n|-damage|p2a: Ogerpon|0 fnt\n|-damage|p2b: Incineroar|74\/100\n|faint|p2a: Ogerpon\n|-ability|p1b: Calyrex|Chilling Neigh|boost\n|-boost|p1b: Calyrex|atk|1\n|move|p2b: Incineroar|Will-O-Wisp|p1b: Calyrex\n|-status|p1b: Calyrex|brn\n|\n|-damage|p1b: Calyrex|61\/100 brn|[from] brn\n|upkeep\n|\n|t:|1739185501\n|switch|p2a: Urshifu|Urshifu, L50, F|100\/100\n|turn|5\n|inactive|satelite99 has 30 seconds left.\n|inactive|satelite99 has 20 seconds left.\n|inactive|satelite99 has 15 seconds left.\n|\n|t:|1739185543\n|-terastallize|p1b: Calyrex|Water\n|move|p2a: Urshifu|Close Combat|p1a: Urshifu\n|-damage|p1a: Urshifu|0 fnt\n|-unboost|p2a: Urshifu|def|1\n|-unboost|p2a: Urshifu|spd|1\n|faint|p1a: Urshifu\n|move|p2b: Incineroar|Knock Off|p1b: Calyrex\n|-damage|p1b: Calyrex|39\/100 brn\n|-enditem|p1b: Calyrex|Clear Amulet|[from] move: Knock Off|[of] p2b: Incineroar\n|move|p1b: Calyrex|Trick Room|p1b: Calyrex\n|-fieldstart|move: Trick Room|[of] p1b: Calyrex\n|\n|-damage|p1b: Calyrex|33\/100 brn|[from] brn\n|upkeep\n|\n|t:|1739185555\n|switch|p1a: Amoonguss|Amoonguss, L50, F|100\/100\n|turn|6\n|\n|t:|1739185574\n|switch|p2a: Terapagos|Terapagos-Terastal, L50, M|51\/100\n|move|p1a: Amoonguss|Pollen Puff|p1b: Calyrex\n|-heal|p1b: Calyrex|83\/100 brn\n|move|p2b: Incineroar|Parting Shot|p1b: Calyrex\n|-unboost|p1b: Calyrex|atk|1\n|-unboost|p1b: Calyrex|spa|1\n|j| continuethesaga\n|\n|t:|1739185582\n|switch|p2b: Urshifu|Urshifu, L50, F|100\/100|[from] Parting Shot\n|move|p1b: Calyrex|Glacial Lance|p2a: Terapagos|[spread] p2a,p2b\n|-damage|p2a: Terapagos|29\/100\n|-damage|p2b: Urshifu|72\/100\n|\n|-damage|p1b: Calyrex|77\/100 brn|[from] brn\n|upkeep\n|turn|7\n|\n|t:|1739185604\n|switch|p2b: Incineroar|Incineroar, L50, F|74\/100\n|-ability|p2b: Incineroar|Intimidate|boost\n|-unboost|p1a: Amoonguss|atk|1\n|-unboost|p1b: Calyrex|atk|1\n|-terastallize|p2a: Terapagos|Stellar\n|detailschange|p2a: Terapagos|Terapagos-Stellar, L50, M, tera:Stellar\n|-heal|p2a: Terapagos|47\/100|[silent]\n|move|p1a: Amoonguss|Spore|p2b: Incineroar\n|-activate|p2b: Incineroar|item: Safety Goggles|Spore\n|move|p1b: Calyrex|High Horsepower|p2b: Incineroar\n|-supereffective|p2b: Incineroar\n|-damage|p2b: Incineroar|55\/100\n|move|p2a: Terapagos|Tera Starstorm|p1a: Amoonguss|[spread] p1a,p1b\n|-supereffective|p1b: Calyrex\n|-damage|p1a: Amoonguss|73\/100\n|-damage|p1b: Calyrex|20\/100 brn\n|\n|-damage|p1b: Calyrex|15\/100 brn|[from] brn\n|upkeep\n|turn|8\n|inactive|sibylla_system has 30 seconds left.\n|\n|t:|1739185630\n|switch|p1a: Raging Bolt|Raging Bolt, L50|72\/100\n|move|p2a: Terapagos|Protect|p2a: Terapagos\n|-singleturn|p2a: Terapagos|Protect\n|move|p2b: Incineroar|Knock Off|p1a: Raging Bolt\n|-damage|p1a: Raging Bolt|38\/100\n|-enditem|p1a: Raging Bolt|Assault Vest|[from] move: Knock Off|[of] p2b: Incineroar\n|move|p1b: Calyrex|Glacial Lance|p2b: Incineroar|[spread] p2b\n|-activate|p2a: Terapagos|move: Protect\n|-resisted|p2b: Incineroar\n|-damage|p2b: Incineroar|49\/100\n|\n|-damage|p1b: Calyrex|9\/100 brn|[from] brn\n|upkeep\n|turn|9\n|inactive|satelite99 has 30 seconds left.\n|\n|t:|1739185659\n|move|p1a: Raging Bolt|Thunderclap||[still]\n|-fail|p1a: Raging Bolt\n|move|p2b: Incineroar|Parting Shot|p1a: Raging Bolt\n|-unboost|p1a: Raging Bolt|atk|1\n|-unboost|p1a: Raging Bolt|spa|1\n|\n|t:|1739185663\n|switch|p2b: Urshifu|Urshifu, L50, F|72\/100|[from] Parting Shot\n|move|p1b: Calyrex|Glacial Lance|p2b: Urshifu|[spread] p2a,p2b\n|-damage|p2a: Terapagos|36\/100\n|-damage|p2b: Urshifu|53\/100\n|move|p2a: Terapagos|Tera Starstorm|p1b: Calyrex|[spread] p1a,p1b\n|-supereffective|p1b: Calyrex\n|-damage|p1a: Raging Bolt|9\/100\n|-damage|p1b: Calyrex|0 fnt\n|faint|p1b: Calyrex\n|\n|-fieldend|move: Trick Room\n|upkeep\n|-message|sibylla_system forfeited.\n|\n|win|satelite99\n|raw|sibylla_system's rating: 1576 &rarr; <strong>1553<\/strong><br \/>(-23 for losing)\n|raw|satelite99's rating: 1519 &rarr; <strong>1542<\/strong><br \/>(+23 for winning)\n|l|\u2606sibylla_system\n|player|p1|\n|l|\u2606satelite99\n|player|p2|\n|l| continuethesaga\n","uploadtime":1739185890,"views":7,"formatid":"gen9vgc2025regg","rating":1542,"private":0,"password":null}