{"id":"gen9vgc2025regg-2297318358","format":"[Gen 9] VGC 2025 Reg G","players":["sturbyy","sibylla_system"],"log":"|j|\u2606sturbyy\n|j|\u2606sibylla_system\n|t:|1739094149\n|gametype|doubles\n|player|p1|sturbyy|266|1534\n|player|p2|sibylla_system|265|1644\n|teamsize|p1|6\n|teamsize|p2|6\n|gen|9\n|tier|[Gen 9] VGC 2025 Reg G\n|rated|\n|rule|Species Clause: Limit one of each Pok\u00e9mon\n|rule|Item Clause: Limit 1 of each item\n|clearpoke\n|poke|p1|Calyrex-Ice, L50|\n|poke|p1|Incineroar, L50, F|\n|poke|p1|Urshifu-*, L50, M|\n|poke|p1|Raging Bolt, L50|\n|poke|p1|Landorus, L50, M|\n|poke|p1|Pelipper, L50, F|\n|poke|p2|Terapagos, L50, M|\n|poke|p2|Whimsicott, L50, M|\n|poke|p2|Incineroar, L50, F|\n|poke|p2|Urshifu-*, L50, F|\n|poke|p2|Flutter Mane, L50|\n|poke|p2|Landorus, L50, M|\n|teampreview|4\n|\n|t:|1739094165\n|start\n|switch|p1a: Calyrex|Calyrex-Ice, L50|100\/100\n|switch|p1b: Incineroar|Incineroar, L50, F, shiny|100\/100\n|switch|p2a: Incineroar|Incineroar, L50, F|100\/100\n|switch|p2b: Landorus|Landorus, L50, M|100\/100\n|-ability|p1a: Calyrex|As One\n|-ability|p1a: Calyrex|Unnerve\n|-ability|p2a: Incineroar|Intimidate|boost\n|-fail|p1a: Calyrex|unboost|[from] item: Clear Amulet|[of] p1a: Calyrex\n|-unboost|p1b: Incineroar|atk|1\n|-ability|p1b: Incineroar|Intimidate|boost\n|-unboost|p2a: Incineroar|atk|1\n|-unboost|p2b: Landorus|atk|1\n|turn|1\n|j| Smoox\n|\n|t:|1739094194\n|move|p2a: Incineroar|Fake Out|p1a: Calyrex\n|-damage|p1a: Calyrex|96\/100\n|move|p1b: Incineroar|Fake Out|p2b: Landorus\n|-damage|p2b: Landorus|93\/100\n|cant|p2b: Landorus|flinch\n|cant|p1a: Calyrex|flinch\n|\n|upkeep\n|turn|2\n|\n|t:|1739094220\n|switch|p1b: Raging Bolt|Raging Bolt, L50|100\/100\n|-terastallize|p2b: Landorus|Water\n|move|p2b: Landorus|Earth Power|p1a: Calyrex\n|-damage|p1a: Calyrex|48\/100\n|move|p2a: Incineroar|Taunt|p1b: Raging Bolt\n|-start|p1b: Raging Bolt|move: Taunt\n|move|p1a: Calyrex|Glacial Lance|p2b: Landorus|[spread] p2a,p2b\n|-resisted|p2a: Incineroar\n|-resisted|p2b: Landorus\n|-damage|p2a: Incineroar|80\/100\n|-damage|p2b: Landorus|60\/100\n|\n|upkeep\n|turn|3\n|\n|t:|1739094245\n|move|p2b: Landorus|Protect|p2b: Landorus\n|-singleturn|p2b: Landorus|Protect\n|move|p1b: Raging Bolt|Volt Switch|p2a: Incineroar\n|-damage|p2a: Incineroar|44\/100\n|\n|t:|1739094250\n|-end|p1b: Raging Bolt|Protosynthesis|[silent]\n|switch|p1b: Incineroar|Incineroar, L50, F, shiny|100\/100|[from] Volt Switch\n|-ability|p1b: Incineroar|Intimidate|boost\n|-unboost|p2a: Incineroar|atk|1\n|-unboost|p2b: Landorus|atk|1\n|move|p2a: Incineroar|Knock Off|p1a: Calyrex\n|-supereffective|p1a: Calyrex\n|-damage|p1a: Calyrex|25\/100\n|-enditem|p1a: Calyrex|Clear Amulet|[from] move: Knock Off|[of] p2a: Incineroar\n|move|p1a: Calyrex|High Horsepower|p2a: Incineroar\n|-supereffective|p2a: Incineroar\n|-damage|p2a: Incineroar|0 fnt\n|-damage|p1a: Calyrex|9\/100|[from] item: Rocky Helmet|[of] p2a: Incineroar\n|faint|p2a: Incineroar\n|-ability|p1a: Calyrex|Chilling Neigh|boost\n|-boost|p1a: Calyrex|atk|1\n|\n|upkeep\n|\n|t:|1739094271\n|switch|p2a: Urshifu|Urshifu, L50, F|100\/100\n|turn|4\n|j| MegaFissure\n|\n|t:|1739094285\n|move|p2a: Urshifu|Detect|p2a: Urshifu\n|-singleturn|p2a: Urshifu|Protect\n|move|p1b: Incineroar|Fake Out|p2b: Landorus\n|-damage|p2b: Landorus|50\/100\n|cant|p2b: Landorus|flinch\n|move|p1a: Calyrex|Glacial Lance|p2b: Landorus|[spread] p2b\n|-activate|p2a: Urshifu|move: Protect\n|-resisted|p2b: Landorus\n|-damage|p2b: Landorus|1\/100\n|\n|upkeep\n|turn|5\n|\n|t:|1739094319\n|-terastallize|p1b: Incineroar|Ghost\n|move|p2b: Landorus|Earth Power|p1b: Incineroar\n|-damage|p1b: Incineroar|33\/100\n|move|p2a: Urshifu|Wicked Blow|p1a: Calyrex\n|-supereffective|p1a: Calyrex\n|-crit|p1a: Calyrex\n|-damage|p1a: Calyrex|0 fnt\n|faint|p1a: Calyrex\n|move|p1b: Incineroar|Will-O-Wisp|p2a: Urshifu\n|-status|p2a: Urshifu|brn\n|\n|-damage|p2a: Urshifu|94\/100 brn|[from] brn\n|upkeep\n|\n|t:|1739094330\n|switch|p1a: Raging Bolt|Raging Bolt, L50|100\/100\n|turn|6\n|\n|t:|1739094343\n|switch|p2b: Terapagos|Terapagos, L50, M|100\/100\n|-activate|p2b: Terapagos|ability: Tera Shift\n|detailschange|p2b: Terapagos|Terapagos-Terastal, L50, M\n|-heal|p2b: Terapagos|100\/100|[silent]\n|switch|p1b: Urshifu|Urshifu-Rapid-Strike, L50, M|100\/100\n|move|p2a: Urshifu|Wicked Blow|p1b: Urshifu\n|-resisted|p1b: Urshifu\n|-crit|p1b: Urshifu\n|-damage|p1b: Urshifu|84\/100\n|move|p1a: Raging Bolt|Volt Switch|p2a: Urshifu\n|-damage|p2a: Urshifu|36\/100 brn\n|-message|sibylla_system forfeited.\n|\n|win|sturbyy\n|raw|sturbyy's rating: 1534 &rarr; <strong>1560<\/strong><br \/>(+26 for winning)\n|raw|sibylla_system's rating: 1644 &rarr; <strong>1618<\/strong><br \/>(-26 for losing)\n|l| MegaFissure\n|l|\u2606sturbyy\n|player|p1|\n|l| Smoox\n|l|\u2606sibylla_system\n|player|p2|\n","uploadtime":1739094616,"views":6,"formatid":"gen9vgc2025regg","rating":1560,"private":0,"password":null}