{"id":"gen9vgc2025regg-2297884770","format":"[Gen 9] VGC 2025 Reg G","players":["satelite99","BellmanTGM"],"log":"|j|\u2606satelite99\n|j|\u2606BellmanTGM\n|t:|1739180459\n|gametype|doubles\n|player|p1|satelite99|wallace|1514\n|player|p2|BellmanTGM|pokefan-gen4|1576\n|teamsize|p1|6\n|teamsize|p2|6\n|gen|9\n|tier|[Gen 9] VGC 2025 Reg G\n|rated|\n|rule|Species Clause: Limit one of each Pok\u00e9mon\n|rule|Item Clause: Limit 1 of each item\n|clearpoke\n|poke|p1|Terapagos, L50, M|\n|poke|p1|Scream Tail, L50|\n|poke|p1|Incineroar, L50, M|\n|poke|p1|Pelipper, L50, M|\n|poke|p1|Rillaboom, L50, F|\n|poke|p1|Urshifu-*, L50, M|\n|poke|p2|Terapagos, L50, M|\n|poke|p2|Indeedee-F, L50, F|\n|poke|p2|Ogerpon-Cornerstone, L50, F|\n|poke|p2|Urshifu-*, L50, F|\n|poke|p2|Tornadus, L50, M|\n|poke|p2|Clefairy, L50, M|\n|teampreview|4\n|inactive|Battle timer is ON: inactive players will automatically lose when time's up. (requested by BellmanTGM)\nsatelite99 rejected open team sheets.\n|j| lin DAN\n|c| lin DAN|This guy moaned at least this loud: OHHHHHH\n|inactive|satelite99 has 60 seconds left.\n|inactive|BellmanTGM has 60 seconds left.\n|\n|t:|1739180499\n|start\n|switch|p1a: Terapagos|Terapagos, L50, M|100\/100\n|switch|p1b: Scream Tail|Scream Tail, L50|100\/100\n|switch|p2a: Terapagos|Terapagos, L50, M|100\/100\n|switch|p2b: Indeedee|Indeedee-F, L50, F|100\/100\n|-activate|p2a: Terapagos|ability: Tera Shift\n|detailschange|p2a: Terapagos|Terapagos-Terastal, L50, M\n|-heal|p2a: Terapagos|100\/100|[silent]\n|-activate|p1a: Terapagos|ability: Tera Shift\n|detailschange|p1a: Terapagos|Terapagos-Terastal, L50, M\n|-heal|p1a: Terapagos|100\/100|[silent]\n|-fieldstart|move: Psychic Terrain|[from] ability: Psychic Surge|[of] p2b: Indeedee\n|-enditem|p2b: Indeedee|Psychic Seed\n|-boost|p2b: Indeedee|spd|1|[from] item: Psychic Seed\n|-enditem|p1b: Scream Tail|Booster Energy\n|-activate|p1b: Scream Tail|ability: Protosynthesis|[fromitem]\n|-start|p1b: Scream Tail|protosynthesisspe\n|turn|1\n|inactive|satelite99 has 30 seconds left.\n|\n|t:|1739180525\n|-terastallize|p2a: Terapagos|Stellar\n|detailschange|p2a: Terapagos|Terapagos-Stellar, L50, M, tera:Stellar\n|-heal|p2a: Terapagos|100\/100|[silent]\n|-ability|p2a: Terapagos|Teraform Zero\n|-fieldend|move: Psychic Terrain\n|move|p1b: Scream Tail|Protect|p1b: Scream Tail\n|-singleturn|p1b: Scream Tail|Protect\n|move|p2b: Indeedee|Fake Out|p1a: Terapagos\n|-activate|p1a: Terapagos|ability: Tera Shell\n|-resisted|p1a: Terapagos\n|-crit|p1a: Terapagos\n|-damage|p1a: Terapagos|95\/100\n|move|p2a: Terapagos|Tera Starstorm|p1b: Scream Tail|[spread] p1a\n|-activate|p1b: Scream Tail|move: Protect\n|-damage|p1a: Terapagos|50\/100\n|cant|p1a: Terapagos|flinch\n|\n|-heal|p1a: Terapagos|55\/100|[from] item: Leftovers\n|upkeep\n|turn|2\n|l| lin DAN\n|inactive|satelite99 has 30 seconds left.\n|\n|t:|1739180556\n|move|p2b: Indeedee|Helping Hand|p2a: Terapagos\n|-singleturn|p2a: Terapagos|Helping Hand|[of] p2b: Indeedee\n|move|p1a: Terapagos|Protect|p1a: Terapagos\n|-singleturn|p1a: Terapagos|Protect\n|move|p1b: Scream Tail|Disable|p2a: Terapagos\n|-start|p2a: Terapagos|Disable|Tera Starstorm\n|cant|p2a: Terapagos|Disable|Tera Starstorm\n|\n|-heal|p1a: Terapagos|61\/100|[from] item: Leftovers\n|upkeep\n|turn|3\n|inactive|satelite99 has 30 seconds left.\n|\n|t:|1739180588\n|switch|p2a: Tornadus|Tornadus, L50, M|100\/100\n|-terastallize|p1a: Terapagos|Stellar\n|detailschange|p1a: Terapagos|Terapagos-Stellar, L50, M, tera:Stellar\n|-heal|p1a: Terapagos|71\/100|[silent]\n|move|p1b: Scream Tail|Play Rough|p2a: Tornadus\n|-damage|p2a: Tornadus|78\/100\n|move|p1a: Terapagos|Tera Starstorm|p2b: Indeedee|[spread] p2a,p2b\n|-damage|p2a: Tornadus|41\/100\n|-damage|p2b: Indeedee|77\/100\n|move|p2b: Indeedee|Psychic|p1a: Terapagos\n|-damage|p1a: Terapagos|54\/100\n|\n|-heal|p1a: Terapagos|60\/100|[from] item: Leftovers\n|upkeep\n|turn|4\n|\n|t:|1739180612\n|move|p2b: Indeedee|Follow Me|p2b: Indeedee\n|-singleturn|p2b: Indeedee|move: Follow Me\n|move|p2a: Tornadus|Taunt|p1b: Scream Tail\n|-start|p1b: Scream Tail|move: Taunt\n|cant|p1b: Scream Tail|move: Taunt|Encore\n|move|p1a: Terapagos|Calm Mind|p1a: Terapagos\n|-boost|p1a: Terapagos|spa|1\n|-boost|p1a: Terapagos|spd|1\n|\n|-heal|p1a: Terapagos|66\/100|[from] item: Leftovers\n|upkeep\n|turn|5\n|\n|t:|1739180624\n|-end|p1b: Scream Tail|Protosynthesis|[silent]\n|switch|p1b: Pelipper|Pelipper, L50, M|100\/100\n|-weather|RainDance|[from] ability: Drizzle|[of] p1b: Pelipper\n|move|p2a: Tornadus|Taunt|p1a: Terapagos\n|-start|p1a: Terapagos|move: Taunt\n|move|p1a: Terapagos|Tera Starstorm|p2a: Tornadus|[spread] p2a,p2b\n|-damage|p2a: Tornadus|0 fnt\n|-damage|p2b: Indeedee|39\/100\n|faint|p2a: Tornadus\n|move|p2b: Indeedee|Psychic|p1a: Terapagos\n|-damage|p1a: Terapagos|53\/100\n|\n|-weather|RainDance|[upkeep]\n|-heal|p1a: Terapagos|59\/100|[from] item: Leftovers\n|upkeep\n|\n|t:|1739180637\n|switch|p2a: Ogerpon|Ogerpon-Cornerstone, L50, F|100\/100\n|turn|6\n|\n|t:|1739180645\n|switch|p1b: Urshifu|Urshifu-Rapid-Strike, L50, M|100\/100\n|move|p2a: Ogerpon|Ivy Cudgel|p1b: Urshifu|[anim] Ivy Cudgel Rock\n|-resisted|p1b: Urshifu\n|-damage|p1b: Urshifu|71\/100\n|move|p1a: Terapagos|Tera Starstorm|p2b: Indeedee|[spread] p2a,p2b\n|-crit|p2a: Ogerpon\n|-ability|p2a: Ogerpon|Sturdy\n|-damage|p2a: Ogerpon|1\/100\n|-damage|p2b: Indeedee|4\/100\n|move|p2b: Indeedee|Psychic|p1b: Urshifu\n|-supereffective|p1b: Urshifu\n|-damage|p1b: Urshifu|0 fnt\n|faint|p1b: Urshifu\n|\n|-weather|RainDance|[upkeep]\n|-heal|p1a: Terapagos|66\/100|[from] item: Leftovers\n|upkeep\n|\n|t:|1739180658\n|switch|p1b: Scream Tail|Scream Tail, L50|100\/100\n|turn|7\n|inactive|BellmanTGM has 30 seconds left.\n|\n|t:|1739180691\n|move|p2a: Ogerpon|Ivy Cudgel|p1b: Scream Tail|[anim] Ivy Cudgel Rock\n|-damage|p1b: Scream Tail|59\/100\n|move|p1b: Scream Tail|Play Rough|p2a: Ogerpon\n|-damage|p2a: Ogerpon|0 fnt\n|faint|p2a: Ogerpon\n|move|p1a: Terapagos|Tera Starstorm|p2b: Indeedee\n|-damage|p2b: Indeedee|0 fnt\n|faint|p2b: Indeedee\n|\n|-weather|RainDance|[upkeep]\n|-heal|p1a: Terapagos|72\/100|[from] item: Leftovers\n|-end|p1a: Terapagos|move: Taunt\n|upkeep\n|\n|t:|1739180699\n|switch|p2b: Terapagos|Terapagos-Stellar, L50, M, tera:Stellar|100\/100\n|turn|8\n|\n|t:|1739180720\n|move|p1b: Scream Tail|Protect|p1b: Scream Tail\n|-singleturn|p1b: Scream Tail|Protect\n|move|p1a: Terapagos|Protect|p1a: Terapagos\n|-singleturn|p1a: Terapagos|Protect\n|move|p2b: Terapagos|Hyper Beam|p1b: Scream Tail\n|-activate|p1b: Scream Tail|move: Protect\n|\n|-weather|RainDance|[upkeep]\n|-heal|p1a: Terapagos|78\/100|[from] item: Leftovers\n|upkeep\n|turn|9\n|\n|t:|1739180737\n|move|p1b: Scream Tail|Encore|p2b: Terapagos\n|-start|p2b: Terapagos|Encore\n|move|p2b: Terapagos|Hyper Beam|p1b: Scream Tail\n|-damage|p1b: Scream Tail|0 fnt\n|-mustrecharge|p2b: Terapagos\n|faint|p1b: Scream Tail\n|-end|p1b: Scream Tail|Protosynthesis|[silent]\n|move|p1a: Terapagos|Tera Starstorm|p2b: Terapagos\n|-supereffective|p2b: Terapagos\n|-damage|p2b: Terapagos|4\/100\n|\n|-weather|none\n|-heal|p1a: Terapagos|84\/100|[from] item: Leftovers\n|upkeep\n|\n|t:|1739180745\n|switch|p1b: Pelipper|Pelipper, L50, M|100\/100\n|-weather|RainDance|[from] ability: Drizzle|[of] p1b: Pelipper\n|turn|10\n|-message|BellmanTGM forfeited.\n|\n|win|satelite99\n|raw|satelite99's rating: 1514 &rarr; <strong>1538<\/strong><br \/>(+24 for winning)\n|raw|BellmanTGM's rating: 1576 &rarr; <strong>1552<\/strong><br \/>(-24 for losing)\n|l|\u2606BellmanTGM\n|player|p2|\n|l|\u2606satelite99\n|player|p1|\n","uploadtime":1739180920,"views":7,"formatid":"gen9vgc2025regg","rating":1538,"private":0,"password":null}