{"id":"gen9vgc2025regg-2297521257","format":"[Gen 9] VGC 2025 Reg G","players":["Currymanpuff","VGCPancakes"],"log":"|j|\u2606Currymanpuff\n|j|\u2606VGCPancakes\n|t:|1739125597\n|gametype|doubles\n|player|p1|Currymanpuff|102|1548\n|player|p2|VGCPancakes|dawn-gen4pt|1535\n|teamsize|p1|6\n|teamsize|p2|6\n|gen|9\n|tier|[Gen 9] VGC 2025 Reg G\n|rated|\n|rule|Species Clause: Limit one of each Pok\u00e9mon\n|rule|Item Clause: Limit 1 of each item\n|clearpoke\n|poke|p1|Zacian-*, L50|\n|poke|p1|Regidrago, L50|\n|poke|p1|Ditto, L50|\n|poke|p1|Whimsicott, L50, M|\n|poke|p1|Brute Bonnet, L50|\n|poke|p1|Sandy Shocks, L50|\n|poke|p2|Koraidon, L50|\n|poke|p2|Raging Bolt, L50|\n|poke|p2|Flutter Mane, L50|\n|poke|p2|Chien-Pao, L50|\n|poke|p2|Incineroar, L50, M|\n|poke|p2|Riolu, L50, F|\n|teampreview|4\n|\n|t:|1739125626\n|start\n|switch|p1a: Sandy Shocks|Sandy Shocks, L50|100\/100\n|switch|p1b: Whimsicott|Whimsicott, L50, M|100\/100\n|switch|p2a: Incineroar|Incineroar, L50, M|100\/100\n|switch|p2b: Flutter Mane|Flutter Mane, L50|100\/100\n|-ability|p2a: Incineroar|Intimidate|boost\n|-unboost|p1a: Sandy Shocks|atk|1\n|-unboost|p1b: Whimsicott|atk|1\n|turn|1\n|\n|t:|1739125638\n|move|p1a: Sandy Shocks|Protect|p1a: Sandy Shocks\n|-singleturn|p1a: Sandy Shocks|Protect\n|move|p2a: Incineroar|Fake Out|p1a: Sandy Shocks\n|-activate|p1a: Sandy Shocks|move: Protect\n|move|p1b: Whimsicott|Tailwind|p1b: Whimsicott\n|-sidestart|p1: Currymanpuff|move: Tailwind\n|move|p2b: Flutter Mane|Icy Wind|p1a: Sandy Shocks|[spread] p1b\n|-activate|p1a: Sandy Shocks|move: Protect\n|-supereffective|p1b: Whimsicott\n|-damage|p1b: Whimsicott|41\/100\n|\n|upkeep\n|turn|2\n|\n|t:|1739125651\n|move|p1b: Whimsicott|Moonblast|p2b: Flutter Mane\n|-damage|p2b: Flutter Mane|76\/100\n|move|p1a: Sandy Shocks|Earth Power|p2a: Incineroar\n|-supereffective|p2a: Incineroar\n|-damage|p2a: Incineroar|15\/100\n|-enditem|p2a: Incineroar|Sitrus Berry|[eat]\n|-heal|p2a: Incineroar|40\/100|[from] item: Sitrus Berry\n|-damage|p1a: Sandy Shocks|91\/100|[from] item: Life Orb\n|move|p2b: Flutter Mane|Icy Wind|p1a: Sandy Shocks|[spread] p1a,p1b\n|-supereffective|p1a: Sandy Shocks\n|-supereffective|p1b: Whimsicott\n|-damage|p1a: Sandy Shocks|41\/100\n|-damage|p1b: Whimsicott|0 fnt\n|-unboost|p1a: Sandy Shocks|spe|1\n|faint|p1b: Whimsicott\n|move|p2a: Incineroar|Parting Shot|p1a: Sandy Shocks\n|-unboost|p1a: Sandy Shocks|atk|1\n|-unboost|p1a: Sandy Shocks|spa|1\n|\n|t:|1739125669\n|switch|p2a: Koraidon|Koraidon, L50|100\/100|[from] Parting Shot\n|-weather|SunnyDay|[from] ability: Orichalcum Pulse|[of] p2a: Koraidon\n|-activate|p1a: Sandy Shocks|ability: Protosynthesis\n|-start|p1a: Sandy Shocks|protosynthesisdef\n|-activate|p2b: Flutter Mane|ability: Protosynthesis\n|-start|p2b: Flutter Mane|protosynthesisspe\n|-activate|p2a: Koraidon|Orichalcum Pulse|[source]\n|\n|-weather|SunnyDay|[upkeep]\n|upkeep\n|\n|t:|1739125678\n|switch|p1b: Ditto|Ditto, L50|100\/100\n|-transform|p1b: Ditto|p2a: Koraidon|[from] ability: Imposter\n|-activate|p1b: Ditto|ability: Orichalcum Pulse\n|turn|3\n|\n|t:|1739125694\n|-end|p2b: Flutter Mane|Protosynthesis|[silent]\n|switch|p2b: Incineroar|Incineroar, L50, M|40\/100\n|-ability|p2b: Incineroar|Intimidate|boost\n|-unboost|p1a: Sandy Shocks|atk|1\n|-unboost|p1b: Ditto|atk|1\n|move|p2a: Koraidon|Protect|p2a: Koraidon\n|-singleturn|p2a: Koraidon|Protect\n|move|p1b: Ditto|Flare Blitz|p2b: Incineroar\n|-resisted|p2b: Incineroar\n|-damage|p2b: Incineroar|17\/100\n|-damage|p1b: Ditto|91\/100|[from] Recoil\n|move|p1a: Sandy Shocks|Earth Power|p2a: Koraidon\n|-activate|p2a: Koraidon|move: Protect\n|\n|-weather|SunnyDay|[upkeep]\n|upkeep\n|turn|4\n|\n|t:|1739125731\n|-terastallize|p1b: Ditto|Ghost\n|-terastallize|p2a: Koraidon|Fire\n|move|p2b: Incineroar|Fake Out|p1b: Ditto\n|-immune|p1b: Ditto\n|move|p1b: Ditto|Flare Blitz|p2b: Incineroar\n|-resisted|p2b: Incineroar\n|-damage|p2b: Incineroar|0 fnt\n|faint|p2b: Incineroar\n|-damage|p1b: Ditto|84\/100|[from] Recoil\n|move|p1a: Sandy Shocks|Earth Power|p2a: Koraidon\n|-supereffective|p2a: Koraidon\n|-damage|p2a: Koraidon|32\/100\n|-damage|p1a: Sandy Shocks|32\/100|[from] item: Life Orb\n|move|p2a: Koraidon|Flame Charge|p1a: Sandy Shocks\n|-damage|p1a: Sandy Shocks|0 fnt\n|-boost|p2a: Koraidon|spe|1\n|faint|p1a: Sandy Shocks\n|-end|p1a: Sandy Shocks|Protosynthesis|[silent]\n|\n|-weather|SunnyDay|[upkeep]\n|-sideend|p1: Currymanpuff|move: Tailwind\n|upkeep\n|\n|t:|1739125752\n|switch|p1a: Zacian|Zacian-Crowned, L50|100\/100\n|switch|p2b: Riolu|Riolu, L50, F, shiny|100\/100\n|-ability|p1a: Zacian|Intrepid Sword|boost\n|-boost|p1a: Zacian|atk|1\n|turn|5\n|\n|t:|1739125765\n|move|p2a: Koraidon|Protect|p2a: Koraidon\n|-singleturn|p2a: Koraidon|Protect\n|move|p2b: Riolu|Coaching|p2a: Koraidon\n|-boost|p2a: Koraidon|atk|1\n|-boost|p2a: Koraidon|def|1\n|move|p1b: Ditto|Flare Blitz|p2a: Koraidon\n|-activate|p2a: Koraidon|move: Protect\n|move|p1a: Zacian|Play Rough|p2b: Riolu\n|-supereffective|p2b: Riolu\n|-damage|p2b: Riolu|0 fnt\n|faint|p2b: Riolu\n|\n|-weather|SunnyDay|[upkeep]\n|upkeep\n|\n|t:|1739125777\n|switch|p2b: Flutter Mane|Flutter Mane, L50|76\/100\n|-activate|p2b: Flutter Mane|ability: Protosynthesis\n|-start|p2b: Flutter Mane|protosynthesisspe\n|turn|6\n|\n|t:|1739125790\n|move|p1a: Zacian|Protect|p1a: Zacian\n|-singleturn|p1a: Zacian|Protect\n|move|p2b: Flutter Mane|Shadow Ball|p1b: Ditto\n|-supereffective|p1b: Ditto\n|-damage|p1b: Ditto|0 fnt\n|faint|p1b: Ditto\n|move|p2a: Koraidon|Flare Blitz|p1a: Zacian\n|-activate|p1a: Zacian|move: Protect\n|\n|-weather|none\n|-end|p2b: Flutter Mane|Protosynthesis\n|upkeep\n|turn|7\n|\n|t:|1739125808\n|move|p2a: Koraidon|Flare Blitz|p1a: Zacian\n|-supereffective|p1a: Zacian\n|-crit|p1a: Zacian\n|-damage|p1a: Zacian|0 fnt\n|faint|p1a: Zacian\n|-damage|p2a: Koraidon|0 fnt|[from] Recoil\n|faint|p2a: Koraidon\n|\n|win|VGCPancakes\n|raw|Currymanpuff's rating: 1548 &rarr; <strong>1527<\/strong><br \/>(-21 for losing)\n|raw|VGCPancakes's rating: 1535 &rarr; <strong>1556<\/strong><br \/>(+21 for winning)\n|l|\u2606Currymanpuff\n|player|p1|\n|l|\u2606VGCPancakes\n|player|p2|\n","uploadtime":1739125946,"views":7,"formatid":"gen9vgc2025regg","rating":1527,"private":0,"password":null}