{"id":"gen9vgc2025regg-2297687512","format":"[Gen 9] VGC 2025 Reg G","players":["pokehys2","mattun"],"log":"|j|\u2606pokehys2\n|j|\u2606mattun\n|t:|1739145629\n|gametype|doubles\n|player|p1|pokehys2|bruno|1639\n|player|p2|mattun|265|1571\n|teamsize|p1|6\n|teamsize|p2|6\n|gen|9\n|tier|[Gen 9] VGC 2025 Reg G\n|rated|\n|rule|Species Clause: Limit one of each Pok\u00e9mon\n|rule|Item Clause: Limit 1 of each item\n|clearpoke\n|poke|p1|Ogerpon-Cornerstone, L50, F|\n|poke|p1|Raging Bolt, L50|\n|poke|p1|Chi-Yu, L50|\n|poke|p1|Flutter Mane, L50|\n|poke|p1|Koraidon, L50|\n|poke|p1|Ditto, L50|\n|poke|p2|Calyrex-Ice, L50|\n|poke|p2|Ogerpon-Wellspring, L50, F|\n|poke|p2|Amoonguss, L50, M|\n|poke|p2|Iron Valiant, L50|\n|poke|p2|Urshifu-*, L50, F|\n|poke|p2|Archaludon, L50, F|\n|teampreview|4\n|inactive|Battle timer is ON: inactive players will automatically lose when time's up. (requested by pokehys2)\n|inactive|mattun has 60 seconds left.\n|\n|t:|1739145660\n|start\n|switch|p1a: Koraidon|Koraidon, L50|100\/100\n|switch|p1b: Chi-Yu|Chi-Yu, L50|100\/100\n|switch|p2a: Calyrex|Calyrex-Ice, L50|100\/100\n|switch|p2b: Iron Valiant|Iron Valiant, L50|100\/100\n|-ability|p2a: Calyrex|As One\n|-ability|p2a: Calyrex|Unnerve\n|-weather|SunnyDay|[from] ability: Orichalcum Pulse|[of] p1a: Koraidon\n|-activate|p1a: Koraidon|Orichalcum Pulse|[source]\n|-ability|p1b: Chi-Yu|Beads of Ruin\n|-enditem|p2b: Iron Valiant|Booster Energy\n|-activate|p2b: Iron Valiant|ability: Quark Drive|[fromitem]\n|-start|p2b: Iron Valiant|quarkdrivespe\n|turn|1\n|\n|t:|1739145680\n|-terastallize|p1a: Koraidon|Fire\n|-terastallize|p2a: Calyrex|Fire\n|move|p2b: Iron Valiant|Wide Guard|p2b: Iron Valiant\n|-singleturn|p2b: Iron Valiant|Wide Guard\n|move|p1a: Koraidon|Flare Blitz|p2b: Iron Valiant\n|-damage|p2b: Iron Valiant|0 fnt\n|faint|p2b: Iron Valiant\n|-end|p2b: Iron Valiant|Quark Drive|[silent]\n|-damage|p1a: Koraidon|72\/100|[from] Recoil\n|move|p1b: Chi-Yu|Taunt|p2a: Calyrex\n|-start|p2a: Calyrex|move: Taunt\n|cant|p2a: Calyrex|move: Taunt|Trick Room\n|\n|-weather|SunnyDay|[upkeep]\n|upkeep\n|\n|t:|1739145695\n|switch|p2b: Amoonguss|Amoonguss, L50, M|100\/100\n|turn|2\n|\n|t:|1739145710\n|move|p2b: Amoonguss|Rage Powder|p2b: Amoonguss\n|-singleturn|p2b: Amoonguss|move: Rage Powder\n|move|p1a: Koraidon|Collision Course|p2b: Amoonguss\n|-resisted|p2b: Amoonguss\n|-damage|p2b: Amoonguss|71\/100\n|-damage|p1a: Koraidon|56\/100|[from] item: Rocky Helmet|[of] p2b: Amoonguss\n|move|p1b: Chi-Yu|Overheat|p2b: Amoonguss\n|-supereffective|p2b: Amoonguss\n|-damage|p2b: Amoonguss|0 fnt\n|-unboost|p1b: Chi-Yu|spa|2\n|faint|p2b: Amoonguss\n|move|p2a: Calyrex|Glacial Lance|p1b: Chi-Yu|[spread] p1a,p1b\n|-resisted|p1a: Koraidon\n|-crit|p1a: Koraidon\n|-resisted|p1b: Chi-Yu\n|-damage|p1a: Koraidon|30\/100\n|-damage|p1b: Chi-Yu|73\/100\n|\n|-weather|SunnyDay|[upkeep]\n|upkeep\n|j| mr pogostick\n|\n|t:|1739145724\n|switch|p2b: Archaludon|Archaludon, L50, F|100\/100\n|turn|3\n|\n|t:|1739145733\n|move|p2b: Archaludon|Protect|p2b: Archaludon\n|-singleturn|p2b: Archaludon|Protect\n|move|p1a: Koraidon|Collision Course|p2b: Archaludon\n|-activate|p2b: Archaludon|move: Protect\n|move|p1b: Chi-Yu|Overheat|p2b: Archaludon\n|-activate|p2b: Archaludon|move: Protect\n|move|p2a: Calyrex|Stomping Tantrum|p1a: Koraidon\n|-supereffective|p1a: Koraidon\n|-damage|p1a: Koraidon|0 fnt\n|faint|p1a: Koraidon\n|-ability|p2a: Calyrex|Chilling Neigh|boost\n|-boost|p2a: Calyrex|atk|1\n|\n|-weather|SunnyDay|[upkeep]\n|-end|p2a: Calyrex|move: Taunt\n|upkeep\n|\n|t:|1739145742\n|switch|p1a: Ogerpon|Ogerpon-Cornerstone, L50, F|100\/100\n|turn|4\n|inactive|pokehys2 has 30 seconds left.\n|\n|t:|1739145769\n|move|p1a: Ogerpon|Spiky Shield|p1a: Ogerpon\n|-singleturn|p1a: Ogerpon|move: Protect\n|move|p1b: Chi-Yu|Overheat|p2b: Archaludon\n|-damage|p2b: Archaludon|8\/100\n|-unboost|p1b: Chi-Yu|spa|2\n|move|p2b: Archaludon|Flash Cannon|p1a: Ogerpon\n|-activate|p1a: Ogerpon|move: Protect\n|move|p2a: Calyrex|Trick Room|p2a: Calyrex\n|-fieldstart|move: Trick Room|[of] p2a: Calyrex\n|\n|-weather|SunnyDay|[upkeep]\n|upkeep\n|turn|5\n|\n|t:|1739145781\n|move|p2a: Calyrex|Stomping Tantrum|p1b: Chi-Yu\n|-supereffective|p1b: Chi-Yu\n|-damage|p1b: Chi-Yu|0 fnt\n|faint|p1b: Chi-Yu\n|-ability|p2a: Calyrex|Chilling Neigh|boost\n|-boost|p2a: Calyrex|atk|1\n|move|p2b: Archaludon|Flash Cannon|p1a: Ogerpon\n|-supereffective|p1a: Ogerpon\n|-ability|p1a: Ogerpon|Sturdy\n|-damage|p1a: Ogerpon|1\/100\n|move|p1a: Ogerpon|Ivy Cudgel|p2a: Calyrex|[anim] Ivy Cudgel Rock\n|-supereffective|p2a: Calyrex\n|-crit|p2a: Calyrex\n|-damage|p2a: Calyrex|0 fnt\n|faint|p2a: Calyrex\n|\n|-weather|none\n|upkeep\n|\n|t:|1739145786\n|switch|p1b: Ditto|Ditto, L50|100\/100\n|turn|6\n|\n|t:|1739145803\n|move|p1b: Ditto|Transform|p2b: Archaludon\n|-transform|p1b: Ditto|p2b: Archaludon\n|move|p2b: Archaludon|Flash Cannon|p1a: Ogerpon\n|-supereffective|p1a: Ogerpon\n|-damage|p1a: Ogerpon|0 fnt\n|faint|p1a: Ogerpon\n|\n|upkeep\n|turn|7\n|\n|t:|1739145812\n|move|p2b: Archaludon|Draco Meteor|p1b: Ditto\n|-ability|p1b: Ditto|Sturdy\n|-damage|p1b: Ditto|1\/100\n|-unboost|p2b: Archaludon|spa|2\n|move|p1b: Ditto|Flash Cannon|p2b: Archaludon\n|-resisted|p2b: Archaludon\n|-damage|p2b: Archaludon|0 fnt\n|faint|p2b: Archaludon\n|\n|win|pokehys2\n|raw|pokehys2's rating: 1639 &rarr; <strong>1655<\/strong><br \/>(+16 for winning)\n|raw|mattun's rating: 1571 &rarr; <strong>1555<\/strong><br \/>(-16 for losing)\n|l|\u2606mattun\n|player|p2|\n|l| mr pogostick\n|l|\u2606pokehys2\n|player|p1|\n","uploadtime":1739146006,"views":6,"formatid":"gen9vgc2025regg","rating":1555,"private":0,"password":null}