{"id":"gen9vgc2025regg-2297278672","format":"[Gen 9] VGC 2025 Reg G","players":["Fehuo","sinclaires"],"log":"|j|\u2606Fehuo\n|j|\u2606sinclaires\n|t:|1739085255\n|gametype|doubles\n|player|p1|Fehuo|cynthia-gen4|1597\n|player|p2|sinclaires|266|1505\n|teamsize|p1|6\n|teamsize|p2|6\n|gen|9\n|tier|[Gen 9] VGC 2025 Reg G\n|rated|\n|rule|Species Clause: Limit one of each Pok\u00e9mon\n|rule|Item Clause: Limit 1 of each item\n|clearpoke\n|poke|p1|Calyrex-Ice, L50|\n|poke|p1|Raging Bolt, L50|\n|poke|p1|Urshifu-*, L50, F|\n|poke|p1|Ogerpon-Hearthflame, L50, F|\n|poke|p1|Rillaboom, L50, M|\n|poke|p1|Indeedee-F, L50, F|\n|poke|p2|Weezing-Galar, L50, F|\n|poke|p2|Dondozo, L50, M|\n|poke|p2|Calyrex-Shadow, L50|\n|poke|p2|Tatsugiri-Droopy, L50, M|\n|poke|p2|Indeedee-F, L50, F|\n|poke|p2|Urshifu-*, L50, M|\n|teampreview|4\n|inactive|Battle timer is ON: inactive players will automatically lose when time's up. (requested by Fehuo)\n|\n|t:|1739085278\n|start\n|switch|p1a: Calyrex|Calyrex-Ice, L50|100\/100\n|switch|p1b: Indeedee|Indeedee-F, L50, F|100\/100\n|switch|p2a: Calyrex|Calyrex-Shadow, L50|100\/100\n|switch|p2b: Dondozo|Dondozo, L50, M|100\/100\n|-ability|p2a: Calyrex|As One\n|-ability|p2a: Calyrex|Unnerve\n|-ability|p1a: Calyrex|As One\n|-ability|p1a: Calyrex|Unnerve\n|-fieldstart|move: Psychic Terrain|[from] ability: Psychic Surge|[of] p1b: Indeedee\n|turn|1\n|\n|t:|1739085298\n|-terastallize|p1a: Calyrex|Dark\n|move|p2a: Calyrex|Expanding Force|p1b: Indeedee|[spread] p1b\n|-immune|p1a: Calyrex\n|-resisted|p1b: Indeedee\n|-damage|p1b: Indeedee|55\/100\n|-damage|p2a: Calyrex|91\/100|[from] item: Life Orb\n|move|p1a: Calyrex|Crunch|p2a: Calyrex\n|-supereffective|p2a: Calyrex\n|-damage|p2a: Calyrex|0 fnt\n|faint|p2a: Calyrex\n|-ability|p1a: Calyrex|Chilling Neigh|boost\n|-boost|p1a: Calyrex|atk|1\n|move|p2b: Dondozo|Body Press|p1b: Indeedee\n|-damage|p1b: Indeedee|30\/100\n|-damage|p2b: Dondozo|84\/100|[from] item: Rocky Helmet|[of] p1b: Indeedee\n|move|p1b: Indeedee|Trick Room|p1b: Indeedee\n|-fieldstart|move: Trick Room|[of] p1b: Indeedee\n|\n|-heal|p2b: Dondozo|90\/100|[from] item: Leftovers\n|upkeep\n|\n|t:|1739085303\n|switch|p2a: Tatsugiri|Tatsugiri-Droopy, L50, M, shiny|100\/100\n|-activate|p2a: Tatsugiri|ability: Commander|[of] p2b: Dondozo\n|-boost|p2b: Dondozo|atk|2\n|-boost|p2b: Dondozo|spa|2\n|-boost|p2b: Dondozo|spe|2\n|-boost|p2b: Dondozo|def|2\n|-boost|p2b: Dondozo|spd|2\n|turn|2\n|\n|t:|1739085322\n|switch|p1b: Rillaboom|Rillaboom, L50, M|100\/100\n|-fieldstart|move: Grassy Terrain|[from] ability: Grassy Surge|[of] p1b: Rillaboom\n|move|p1a: Calyrex|Crunch|p2b: Dondozo\n|-crit|p2b: Dondozo\n|-damage|p2b: Dondozo|44\/100\n|move|p2b: Dondozo|Order Up|p1b: Rillaboom\n|-damage|p1b: Rillaboom|62\/100\n|-boost|p2b: Dondozo|def|1\n|\n|-heal|p1b: Rillaboom|68\/100|[from] Grassy Terrain\n|-heal|p2b: Dondozo|50\/100|[from] Grassy Terrain\n|-heal|p2b: Dondozo|56\/100|[from] item: Leftovers\n|upkeep\n|turn|3\n|c|\u2606sinclaires|Dont think I have ever seen dark tera\n|inactive|sinclaires has 30 seconds left.\n|inactive|sinclaires has 20 seconds left.\n|inactive|sinclaires has 15 seconds left.\n|\n|t:|1739085363\n|-terastallize|p2b: Dondozo|Grass\n|move|p1a: Calyrex|Crunch|p2b: Dondozo\n|-damage|p2b: Dondozo|44\/100\n|move|p1b: Rillaboom|Wood Hammer|p2b: Dondozo\n|-resisted|p2b: Dondozo\n|-damage|p2b: Dondozo|31\/100\n|-damage|p1b: Rillaboom|63\/100|[from] Recoil\n|move|p2b: Dondozo|Body Press|p1a: Calyrex\n|-supereffective|p1a: Calyrex\n|-damage|p1a: Calyrex|13\/100\n|\n|-heal|p1a: Calyrex|19\/100|[from] Grassy Terrain\n|-heal|p1b: Rillaboom|69\/100|[from] Grassy Terrain\n|-heal|p2b: Dondozo|37\/100|[from] Grassy Terrain\n|-heal|p2b: Dondozo|43\/100|[from] item: Leftovers\n|upkeep\n|turn|4\n|c|\u2606Fehuo|its just normal\n|\n|t:|1739085381\n|switch|p1b: Indeedee|Indeedee-F, L50, F|30\/100\n|-fieldstart|move: Psychic Terrain|[from] ability: Psychic Surge|[of] p1b: Indeedee\n|move|p2b: Dondozo|Protect|p2b: Dondozo\n|-singleturn|p2b: Dondozo|Protect\n|move|p1a: Calyrex|Glacial Lance|p2a: Tatsugiri|[spread] \n|-miss|p1a: Calyrex|p2a: Tatsugiri\n|-activate|p2b: Dondozo|move: Protect\n|\n|-heal|p2b: Dondozo|49\/100|[from] item: Leftovers\n|upkeep\n|turn|5\n|c|\u2606sinclaires|Nah its usually tera fire or tera fairy lol\n|\n|t:|1739085395\n|move|p1b: Indeedee|Follow Me|p1b: Indeedee\n|-singleturn|p1b: Indeedee|move: Follow Me\n|move|p1a: Calyrex|Glacial Lance|p2a: Tatsugiri|[spread] p2b\n|-miss|p1a: Calyrex|p2a: Tatsugiri\n|-supereffective|p2b: Dondozo\n|-damage|p2b: Dondozo|24\/100\n|move|p2b: Dondozo|Body Press|p1b: Indeedee\n|-damage|p1b: Indeedee|0 fnt\n|-damage|p2b: Dondozo|8\/100|[from] item: Rocky Helmet|[of] p1b: Indeedee\n|faint|p1b: Indeedee\n|\n|-heal|p2b: Dondozo|14\/100|[from] item: Leftovers\n|-fieldend|move: Trick Room\n|upkeep\n|\n|t:|1739085404\n|switch|p1b: Rillaboom|Rillaboom, L50, M|69\/100\n|-fieldstart|move: Grassy Terrain|[from] ability: Grassy Surge|[of] p1b: Rillaboom\n|turn|6\n|\n|t:|1739085417\n|move|p2b: Dondozo|Protect|p2b: Dondozo\n|-singleturn|p2b: Dondozo|Protect\n|move|p1b: Rillaboom|U-turn|p2b: Dondozo\n|-activate|p2b: Dondozo|move: Protect\n|move|p1a: Calyrex|Glacial Lance|p2b: Dondozo|[spread] \n|-miss|p1a: Calyrex|p2a: Tatsugiri\n|-activate|p2b: Dondozo|move: Protect\n|\n|-heal|p2b: Dondozo|20\/100|[from] Grassy Terrain\n|-heal|p2b: Dondozo|27\/100|[from] item: Leftovers\n|-heal|p1b: Rillaboom|75\/100|[from] Grassy Terrain\n|-heal|p1a: Calyrex|25\/100|[from] Grassy Terrain\n|upkeep\n|turn|7\n|\n|t:|1739085422\n|move|p2b: Dondozo|Body Press|p1a: Calyrex\n|-supereffective|p1a: Calyrex\n|-damage|p1a: Calyrex|0 fnt\n|faint|p1a: Calyrex\n|move|p1b: Rillaboom|U-turn|p2b: Dondozo\n|-supereffective|p2b: Dondozo\n|-damage|p2b: Dondozo|11\/100\n|\n|t:|1739085429\n|switch|p1b: Raging Bolt|Raging Bolt, L50|100\/100|[from] U-turn\n|-enditem|p1b: Raging Bolt|Booster Energy\n|-activate|p1b: Raging Bolt|ability: Protosynthesis|[fromitem]\n|-start|p1b: Raging Bolt|protosynthesisspa\n|\n|-heal|p2b: Dondozo|17\/100|[from] Grassy Terrain\n|-heal|p2b: Dondozo|23\/100|[from] item: Leftovers\n|upkeep\n|\n|t:|1739085431\n|switch|p1a: Rillaboom|Rillaboom, L50, M|75\/100\n|turn|8\n|-message|Fehuo forfeited.\n|\n|win|sinclaires\n|raw|Fehuo's rating: 1597 &rarr; <strong>1572<\/strong><br \/>(-25 for losing)\n|raw|sinclaires's rating: 1505 &rarr; <strong>1530<\/strong><br \/>(+25 for winning)\n|l|\u2606Fehuo\n|player|p1|\n","uploadtime":1739085674,"views":5,"formatid":"gen9vgc2025regg","rating":1530,"private":0,"password":null}