{"id":"gen9vgc2025regg-2297472972","format":"[Gen 9] VGC 2025 Reg G","players":["Farmyom","Nightwind Husky"],"log":"|j|\u203dFarmyom\n|j|\u2606Nightwind Husky\n|t:|1739119818\n|gametype|doubles\n|player|p1|Farmyom|beauty-gen5bw2|1580\n|player|p2|Nightwind Husky|265|1596\n|teamsize|p1|6\n|teamsize|p2|6\n|gen|9\n|tier|[Gen 9] VGC 2025 Reg G\n|rated|\n|rule|Species Clause: Limit one of each Pok\u00e9mon\n|rule|Item Clause: Limit 1 of each item\n|clearpoke\n|poke|p1|Terapagos, L50, M|\n|poke|p1|Flutter Mane, L50|\n|poke|p1|Tornadus, L50, M|\n|poke|p1|Incineroar, L50, M|\n|poke|p1|Rillaboom, L50, F|\n|poke|p1|Walking Wake, L50|\n|poke|p2|Calyrex-Ice, L50|\n|poke|p2|Landorus, L50, M|\n|poke|p2|Amoonguss, L50, F|\n|poke|p2|Urshifu-*, L50, F|\n|poke|p2|Roaring Moon, L50|\n|poke|p2|Ogerpon-Hearthflame, L50, F|\n|teampreview|4\n|inactive|Battle timer is ON: inactive players will automatically lose when time's up. (requested by Farmyom)\n|inactive|Nightwind Husky has 60 seconds left.\n|\n|t:|1739119858\n|start\n|switch|p1a: Incineroar|Incineroar, L50, M|100\/100\n|switch|p1b: Terapagos|Terapagos, L50, M|100\/100\n|switch|p2a: Calyrex|Calyrex-Ice, L50|100\/100\n|switch|p2b: Amoonguss|Amoonguss, L50, F|100\/100\n|-activate|p1b: Terapagos|ability: Tera Shift\n|detailschange|p1b: Terapagos|Terapagos-Terastal, L50, M\n|-heal|p1b: Terapagos|100\/100|[silent]\n|-ability|p2a: Calyrex|As One\n|-ability|p2a: Calyrex|Unnerve\n|-ability|p1a: Incineroar|Intimidate|boost\n|-fail|p2a: Calyrex|unboost|[from] item: Clear Amulet|[of] p2a: Calyrex\n|-unboost|p2b: Amoonguss|atk|1\n|turn|1\n|\n|t:|1739119882\n|move|p1a: Incineroar|Fake Out|p2b: Amoonguss\n|-damage|p2b: Amoonguss|91\/100\n|move|p1b: Terapagos|Meteor Beam||[still]\n|-prepare|p1b: Terapagos|Meteor Beam\n|-boost|p1b: Terapagos|spa|1\n|-enditem|p1b: Terapagos|Power Herb\n|-anim|p1b: Terapagos|Meteor Beam|p2a: Calyrex\n|-supereffective|p2a: Calyrex\n|-damage|p2a: Calyrex|28\/100\n|move|p2b: Amoonguss|Spore|p1b: Terapagos\n|-status|p1b: Terapagos|slp|[from] move: Spore\n|move|p2a: Calyrex|Trick Room|p2a: Calyrex\n|-fieldstart|move: Trick Room|[of] p2a: Calyrex\n|\n|upkeep\n|turn|2\n|\n|t:|1739119905\n|move|p2b: Amoonguss|Pollen Puff|p2a: Calyrex\n|-heal|p2a: Calyrex|78\/100\n|move|p2a: Calyrex|High Horsepower|p1a: Incineroar\n|-supereffective|p1a: Incineroar\n|-damage|p1a: Incineroar|44\/100\n|-damage|p2a: Calyrex|61\/100|[from] item: Rocky Helmet|[of] p1a: Incineroar\n|move|p1a: Incineroar|Flare Blitz|p2b: Amoonguss\n|-supereffective|p2b: Amoonguss\n|-damage|p2b: Amoonguss|17\/100\n|-damage|p1a: Incineroar|18\/100|[from] Recoil\n|cant|p1b: Terapagos|slp\n|\n|upkeep\n|turn|3\n|inactive|Farmyom has 30 seconds left.\n|\n|t:|1739119945\n|move|p2b: Amoonguss|Pollen Puff|p2a: Calyrex\n|-heal|p2a: Calyrex|100\/100\n|move|p2a: Calyrex|Glacial Lance|p1b: Terapagos|[spread] p1a,p1b\n|-resisted|p1a: Incineroar\n|-activate|p1b: Terapagos|ability: Tera Shell\n|-resisted|p1b: Terapagos\n|-crit|p1b: Terapagos\n|-damage|p1a: Incineroar|0 fnt\n|-damage|p1b: Terapagos|65\/100 slp\n|faint|p1a: Incineroar\n|-ability|p2a: Calyrex|Chilling Neigh|boost\n|-boost|p2a: Calyrex|atk|1\n|-curestatus|p1b: Terapagos|slp|[msg]\n|move|p1b: Terapagos|Tera Starstorm|p2a: Calyrex\n|-damage|p2a: Calyrex|44\/100\n|\n|upkeep\n|\n|t:|1739119954\n|switch|p1a: Rillaboom|Rillaboom, L50, F|100\/100\n|-fieldstart|move: Grassy Terrain|[from] ability: Grassy Surge|[of] p1a: Rillaboom\n|turn|4\n|inactive|Nightwind Husky has 30 seconds left.\n|\n|t:|1739119984\n|-terastallize|p1a: Rillaboom|Fire\n|move|p1b: Terapagos|Protect|p1b: Terapagos\n|-singleturn|p1b: Terapagos|Protect\n|move|p2b: Amoonguss|Spore|p1b: Terapagos\n|-activate|p1b: Terapagos|move: Protect\n|move|p2a: Calyrex|Glacial Lance|p1a: Rillaboom|[spread] p1a\n|-activate|p1b: Terapagos|move: Protect\n|-resisted|p1a: Rillaboom\n|-damage|p1a: Rillaboom|62\/100\n|move|p1a: Rillaboom|Wood Hammer|p2b: Amoonguss\n|-resisted|p2b: Amoonguss\n|-damage|p2b: Amoonguss|2\/100\n|-damage|p1a: Rillaboom|56\/100|[from] Recoil\n|\n|-heal|p2b: Amoonguss|8\/100|[from] Grassy Terrain\n|-heal|p2a: Calyrex|50\/100|[from] Grassy Terrain\n|-heal|p1a: Rillaboom|62\/100|[from] Grassy Terrain\n|-heal|p1b: Terapagos|71\/100|[from] Grassy Terrain\n|upkeep\n|turn|5\n|inactive|Farmyom has 30 seconds left.\n|inactive|Nightwind Husky has 30 seconds left.\n|\n|t:|1739120016\n|move|p1a: Rillaboom|Grassy Glide|p2b: Amoonguss\n|-resisted|p2b: Amoonguss\n|-damage|p2b: Amoonguss|0 fnt\n|faint|p2b: Amoonguss\n|move|p2a: Calyrex|Glacial Lance|p1a: Rillaboom|[spread] p1a,p1b\n|-resisted|p1a: Rillaboom\n|-damage|p1a: Rillaboom|18\/100\n|-damage|p1b: Terapagos|0 fnt\n|faint|p1b: Terapagos\n|-ability|p2a: Calyrex|Chilling Neigh|boost\n|-boost|p2a: Calyrex|atk|1\n|\n|-heal|p2a: Calyrex|56\/100|[from] Grassy Terrain\n|-heal|p1a: Rillaboom|24\/100|[from] Grassy Terrain\n|-fieldend|move: Trick Room\n|upkeep\n|\n|t:|1739120030\n|switch|p1b: Walking Wake|Walking Wake, L50|100\/100\n|switch|p2b: Ogerpon|Ogerpon-Hearthflame, L50, F|100\/100\n|-ability|p2b: Ogerpon|Mold Breaker\n|turn|6\n|\n|t:|1739120038\n|move|p2b: Ogerpon|Follow Me|p2b: Ogerpon\n|-singleturn|p2b: Ogerpon|move: Follow Me\n|move|p1b: Walking Wake|Draco Meteor|p2b: Ogerpon\n|-damage|p2b: Ogerpon|17\/100\n|-unboost|p1b: Walking Wake|spa|2\n|-damage|p1b: Walking Wake|91\/100|[from] item: Life Orb\n|move|p1a: Rillaboom|Wood Hammer|p2b: Ogerpon\n|-resisted|p2b: Ogerpon\n|-damage|p2b: Ogerpon|2\/100\n|-damage|p1a: Rillaboom|19\/100|[from] Recoil\n|move|p2a: Calyrex|Glacial Lance|p1a: Rillaboom|[spread] p1a,p1b\n|-resisted|p1a: Rillaboom\n|-damage|p1a: Rillaboom|0 fnt\n|-damage|p1b: Walking Wake|0 fnt\n|faint|p1a: Rillaboom\n|faint|p1b: Walking Wake\n|-end|p1b: Walking Wake|Protosynthesis|[silent]\n|\n|win|Nightwind Husky\n|raw|Farmyom's rating: 1580 &rarr; <strong>1561<\/strong><br \/>(-19 for losing)\n|raw|Nightwind Husky's rating: 1596 &rarr; <strong>1615<\/strong><br \/>(+19 for winning)\n|l|\u203dFarmyom\n|player|p1|\n","uploadtime":1739120066,"views":9,"formatid":"gen9vgc2025regg","rating":1561,"private":0,"password":null}