{"id":"gen9vgc2025regg-2297820501","format":"[Gen 9] VGC 2025 Reg G","players":["Sdsdffggff","InfinityGroudon"],"log":"|j|\u2606Sdsdffggff\n|j|\u2606InfinityGroudon\n|t:|1739166168\n|gametype|doubles\n|player|p1|Sdsdffggff|102|1538\n|player|p2|InfinityGroudon|101|1716\n|teamsize|p1|6\n|teamsize|p2|6\n|gen|9\n|tier|[Gen 9] VGC 2025 Reg G\n|rated|\n|rule|Species Clause: Limit one of each Pok\u00e9mon\n|rule|Item Clause: Limit 1 of each item\n|clearpoke\n|poke|p1|Weezing-Galar, L50, F|\n|poke|p1|Tornadus, L50, M|\n|poke|p1|Urshifu-*, L50, F|\n|poke|p1|Kyogre, L50|\n|poke|p1|Farigiraf, L50, M|\n|poke|p1|Iron Bundle, L50|\n|poke|p2|Terapagos, L50, M|\n|poke|p2|Clefairy, L50, F|\n|poke|p2|Rillaboom, L50, F|\n|poke|p2|Skeledirge, L50, M|\n|poke|p2|Urshifu-*, L50, M|\n|poke|p2|Chien-Pao, L50|\n|teampreview|4\n|inactive|Battle timer is ON: inactive players will automatically lose when time's up. (requested by Sdsdffggff)\n|\n|t:|1739166198\n|start\n|switch|p1a: Kyogre|Kyogre, L50|100\/100\n|switch|p1b: Urshifu|Urshifu, L50, F|100\/100\n|switch|p2a: Lion's Roar|Rillaboom, L50, F|100\/100\n|switch|p2b: Perrine|Terapagos, L50, M|100\/100\n|-activate|p2b: Perrine|ability: Tera Shift\n|detailschange|p2b: Perrine|Terapagos-Terastal, L50, M\n|-heal|p2b: Perrine|100\/100|[silent]\n|-weather|RainDance|[from] ability: Drizzle|[of] p1a: Kyogre\n|-fieldstart|move: Grassy Terrain|[from] ability: Grassy Surge|[of] p2a: Lion's Roar\n|turn|1\n|\n|t:|1739166218\n|switch|p1b: Farigiraf|Farigiraf, L50, M|100\/100\n|-terastallize|p1a: Kyogre|Water\n|move|p1a: Kyogre|Water Spout|p2b: Perrine|[spread] p2a,p2b\n|-resisted|p2a: Lion's Roar\n|-activate|p2b: Perrine|ability: Tera Shell\n|-resisted|p2b: Perrine\n|-damage|p2a: Lion's Roar|54\/100\n|-damage|p2b: Perrine|51\/100\n|move|p2b: Perrine|Calm Mind|p2b: Perrine\n|-boost|p2b: Perrine|spa|1\n|-boost|p2b: Perrine|spd|1\n|move|p2a: Lion's Roar|Wood Hammer|p1a: Kyogre\n|-supereffective|p1a: Kyogre\n|-damage|p1a: Kyogre|0 fnt\n|faint|p1a: Kyogre\n|-damage|p2a: Lion's Roar|26\/100|[from] Recoil\n|\n|-weather|RainDance|[upkeep]\n|-heal|p2b: Perrine|57\/100|[from] Grassy Terrain\n|-heal|p2b: Perrine|63\/100|[from] item: Leftovers\n|-heal|p2a: Lion's Roar|31\/100|[from] Grassy Terrain\n|upkeep\n|\n|t:|1739166228\n|switch|p1a: Urshifu|Urshifu, L50, F|100\/100\n|turn|2\n|\n|t:|1739166237\n|switch|p2a: Moonwater|Clefairy, L50, F|100\/100\n|-terastallize|p2b: Perrine|Stellar\n|detailschange|p2b: Perrine|Terapagos-Stellar, L50, M, tera:Stellar\n|-heal|p2b: Perrine|72\/100|[silent]\n|-ability|p2b: Perrine|Teraform Zero\n|-weather|none\n|-fieldend|move: Grassy Terrain\n|move|p1a: Urshifu|Close Combat|p2b: Perrine\n|-supereffective|p2b: Perrine\n|-damage|p2b: Perrine|0 fnt\n|-unboost|p1a: Urshifu|def|1\n|-unboost|p1a: Urshifu|spd|1\n|faint|p2b: Perrine\n|move|p1b: Farigiraf|Foul Play|p2a: Moonwater\n|-resisted|p2a: Moonwater\n|-damage|p2a: Moonwater|97\/100\n|\n|upkeep\n|\n|t:|1739166249\n|switch|p2b: Ram|Urshifu, L50, M|100\/100\n|turn|3\n|\n|t:|1739166258\n|switch|p1a: Weezing|Weezing-Galar, L50, F|100\/100\n|-ability|p1a: Weezing|Neutralizing Gas\n|move|p2a: Moonwater|Follow Me|p2a: Moonwater\n|-singleturn|p2a: Moonwater|move: Follow Me\n|move|p2b: Ram|Wicked Blow|p1b: Farigiraf\n|-supereffective|p1b: Farigiraf\n|-crit|p1b: Farigiraf\n|-damage|p1b: Farigiraf|0 fnt\n|faint|p1b: Farigiraf\n|\n|upkeep\n|\n|t:|1739166266\n|switch|p1b: Urshifu|Urshifu, L50, F|100\/100\n|turn|4\n|\n|t:|1739166272\n|switch|p2b: Lion's Roar|Rillaboom, L50, F|31\/100\n|move|p2a: Moonwater|Follow Me|p2a: Moonwater\n|-singleturn|p2a: Moonwater|move: Follow Me\n|move|p1b: Urshifu|Wicked Blow|p2a: Moonwater\n|-resisted|p2a: Moonwater\n|-crit|p2a: Moonwater\n|-damage|p2a: Moonwater|63\/100\n|move|p1a: Weezing|Dazzling Gleam|p2b: Lion's Roar|[spread] p2a,p2b\n|-damage|p2a: Moonwater|48\/100\n|-damage|p2b: Lion's Roar|19\/100\n|\n|upkeep\n|turn|5\n|\n|t:|1739166291\n|move|p2a: Moonwater|Follow Me|p2a: Moonwater\n|-singleturn|p2a: Moonwater|move: Follow Me\n|move|p1b: Urshifu|Wicked Blow|p2a: Moonwater\n|-resisted|p2a: Moonwater\n|-crit|p2a: Moonwater\n|-damage|p2a: Moonwater|17\/100\n|move|p2b: Lion's Roar|Wood Hammer|p1b: Urshifu\n|-damage|p1b: Urshifu|40\/100\n|-damage|p2b: Lion's Roar|2\/100|[from] Recoil\n|move|p1a: Weezing|Dazzling Gleam|p2a: Moonwater|[spread] p2a,p2b\n|-damage|p2a: Moonwater|2\/100\n|-damage|p2b: Lion's Roar|0 fnt\n|faint|p2b: Lion's Roar\n|\n|upkeep\n|\n|t:|1739166295\n|switch|p2b: Ram|Urshifu, L50, M|100\/100\n|turn|6\n|\n|t:|1739166304\n|move|p2a: Moonwater|Helping Hand|p2b: Ram\n|-singleturn|p2b: Ram|Helping Hand|[of] p2a: Moonwater\n|move|p2b: Ram|Wicked Blow|p1a: Weezing\n|-resisted|p1a: Weezing\n|-crit|p1a: Weezing\n|-damage|p1a: Weezing|52\/100\n|move|p1b: Urshifu|Wicked Blow|p2b: Ram\n|-resisted|p2b: Ram\n|-crit|p2b: Ram\n|-damage|p2b: Ram|76\/100\n|move|p1a: Weezing|Dazzling Gleam|p2a: Moonwater|[spread] p2a,p2b\n|-supereffective|p2b: Ram\n|-damage|p2a: Moonwater|0 fnt\n|-damage|p2b: Ram|0 fnt\n|faint|p2a: Moonwater\n|faint|p2b: Ram\n|\n|win|Sdsdffggff\n|raw|Sdsdffggff's rating: 1538 &rarr; <strong>1567<\/strong><br \/>(+29 for winning)\n|raw|InfinityGroudon's rating: 1716 &rarr; <strong>1687<\/strong><br \/>(-29 for losing)\n|l|\u2606InfinityGroudon\n|player|p2|\n|l|\u2606Sdsdffggff\n|player|p1|\n|raw|<div class=\"broadcast-red\"><b>The server is restarting soon.<\/b><br \/>Please finish your battles quickly. No new battles can be started until the server resets in a few minutes.<\/div>\n","uploadtime":1739166470,"views":8,"formatid":"gen9vgc2025regg","rating":1567,"private":0,"password":null}