{"id":"gen9vgc2025regg-2297597173","format":"[Gen 9] VGC 2025 Reg G","players":["ScribbleScribble","Realfrytki"],"log":"|j|\u2606ScribbleScribble\n|j|\u2606Realfrytki\n|t:|1739134343\n|gametype|doubles\n|player|p1|ScribbleScribble|gardenia-masters|1582\n|player|p2|Realfrytki|veteranf|1632\n|teamsize|p1|6\n|teamsize|p2|6\n|gen|9\n|tier|[Gen 9] VGC 2025 Reg G\n|rated|\n|rule|Species Clause: Limit one of each Pok\u00e9mon\n|rule|Item Clause: Limit 1 of each item\n|clearpoke\n|poke|p1|Calyrex-Ice, L50|\n|poke|p1|Farigiraf, L50, F|\n|poke|p1|Iron Valiant, L50|\n|poke|p1|Ogerpon-Wellspring, L50, F|\n|poke|p1|Roaring Moon, L50|\n|poke|p1|Landorus, L50, M|\n|poke|p2|Terapagos, L50, M|\n|poke|p2|Rillaboom, L50, F|\n|poke|p2|Urshifu-*, L50, F|\n|poke|p2|Flutter Mane, L50|\n|poke|p2|Volcarona, L50, M|\n|poke|p2|Grimmsnarl, L50, M|\n|teampreview|4\n|inactive|Battle timer is ON: inactive players will automatically lose when time's up. (requested by ScribbleScribble)\n|\n|t:|1739134372\n|start\n|switch|p1a: Roaring Moon|Roaring Moon, L50|100\/100\n|switch|p1b: Landorus|Landorus, L50, M|100\/100\n|switch|p2a: Terapagos|Terapagos, L50, M|100\/100\n|switch|p2b: Grimmsnarl|Grimmsnarl, L50, M|100\/100\n|-activate|p2a: Terapagos|ability: Tera Shift\n|detailschange|p2a: Terapagos|Terapagos-Terastal, L50, M\n|-heal|p2a: Terapagos|100\/100|[silent]\n|-enditem|p1a: Roaring Moon|Booster Energy\n|-activate|p1a: Roaring Moon|ability: Protosynthesis|[fromitem]\n|-start|p1a: Roaring Moon|protosynthesisspe\n|turn|1\n|\n|t:|1739134391\n|move|p1b: Landorus|Protect|p1b: Landorus\n|-singleturn|p1b: Landorus|Protect\n|move|p2b: Grimmsnarl|Fake Out|p1b: Landorus\n|-activate|p1b: Landorus|move: Protect\n|move|p1a: Roaring Moon|Knock Off|p2a: Terapagos\n|-activate|p2a: Terapagos|ability: Tera Shell\n|-resisted|p2a: Terapagos\n|-damage|p2a: Terapagos|77\/100\n|-enditem|p2a: Terapagos|Choice Specs|[from] move: Knock Off|[of] p1a: Roaring Moon\n|move|p2a: Terapagos|Dazzling Gleam|p1b: Landorus|[spread] p1a\n|-activate|p1b: Landorus|move: Protect\n|-supereffective|p1a: Roaring Moon\n|-damage|p1a: Roaring Moon|24\/100\n|\n|upkeep\n|turn|2\n|j| Onryo of the Mob\n|\n|t:|1739134415\n|-terastallize|p2a: Terapagos|Stellar\n|detailschange|p2a: Terapagos|Terapagos-Stellar, L50, M, tera:Stellar\n|-heal|p2a: Terapagos|83\/100|[silent]\n|move|p2b: Grimmsnarl|Fake Tears|p1b: Landorus\n|-unboost|p1b: Landorus|spd|2\n|move|p1a: Roaring Moon|Tailwind|p1a: Roaring Moon\n|-sidestart|p1: ScribbleScribble|move: Tailwind\n|move|p1b: Landorus|Sandsear Storm|p2a: Terapagos|[spread] p2a,p2b\n|-damage|p2a: Terapagos|38\/100\n|-damage|p2b: Grimmsnarl|47\/100\n|move|p2a: Terapagos|Tera Starstorm|p1b: Landorus|[spread] p1a,p1b\n|-damage|p1a: Roaring Moon|0 fnt\n|-damage|p1b: Landorus|18\/100\n|faint|p1a: Roaring Moon\n|-end|p1a: Roaring Moon|Protosynthesis|[silent]\n|\n|upkeep\n|\n|t:|1739134426\n|switch|p1a: Calyrex|Calyrex-Ice, L50|100\/100\n|-ability|p1a: Calyrex|As One\n|-ability|p1a: Calyrex|Unnerve\n|turn|3\n|\n|t:|1739134445\n|move|p1b: Landorus|Sandsear Storm|p2a: Terapagos|[spread] p2a,p2b\n|-damage|p2a: Terapagos|0 fnt\n|-damage|p2b: Grimmsnarl|0 fnt\n|faint|p2a: Terapagos\n|faint|p2b: Grimmsnarl\n|move|p1a: Calyrex|Glacial Lance|p2: Terapagos|[notarget]\n|-fail|p1a: Calyrex\n|\n|upkeep\n|\n|t:|1739134452\n|switch|p2a: Volcarona|Volcarona, L50, M|100\/100\n|switch|p2b: Flutter Mane|Flutter Mane, L50|100\/100\n|-enditem|p2b: Flutter Mane|Booster Energy\n|-activate|p2b: Flutter Mane|ability: Protosynthesis|[fromitem]\n|-start|p2b: Flutter Mane|protosynthesisspe\n|turn|4\n|inactive|Realfrytki has 30 seconds left.\n|j| futonkagebunshin\n|\n|t:|1739134486\n|-terastallize|p1a: Calyrex|Dragon\n|move|p2b: Flutter Mane|Icy Wind|p1a: Calyrex|[spread] p1a,p1b\n|-supereffective|p1a: Calyrex\n|-supereffective|p1b: Landorus\n|-damage|p1a: Calyrex|79\/100\n|-damage|p1b: Landorus|0 fnt\n|faint|p1b: Landorus\n|move|p2a: Volcarona|Will-O-Wisp|p1a: Calyrex\n|-status|p1a: Calyrex|brn\n|move|p1a: Calyrex|Trick Room|p1a: Calyrex\n|-fieldstart|move: Trick Room|[of] p1a: Calyrex\n|\n|-damage|p1a: Calyrex|73\/100 brn|[from] brn\n|upkeep\n|\n|t:|1739134490\n|switch|p1b: Ogerpon|Ogerpon-Wellspring, L50, F|100\/100\n|turn|5\n|inactive|Realfrytki has 30 seconds left.\n|\n|t:|1739134517\n|move|p2a: Volcarona|Fiery Dance|p1b: Ogerpon\n|-damage|p1b: Ogerpon|63\/100\n|-boost|p2a: Volcarona|spa|1\n|move|p1a: Calyrex|Glacial Lance|p2b: Flutter Mane|[spread] p2a,p2b\n|-resisted|p2a: Volcarona\n|-damage|p2a: Volcarona|89\/100\n|-damage|p2b: Flutter Mane|69\/100\n|move|p2b: Flutter Mane|Moonblast|p1a: Calyrex\n|-supereffective|p1a: Calyrex\n|-damage|p1a: Calyrex|11\/100 brn\n|move|p1b: Ogerpon|Wood Hammer|p2b: Flutter Mane\n|-damage|p2b: Flutter Mane|0 fnt\n|faint|p2b: Flutter Mane\n|-end|p2b: Flutter Mane|Protosynthesis|[silent]\n|-damage|p1b: Ogerpon|43\/100|[from] Recoil\n|\n|-damage|p1a: Calyrex|5\/100 brn|[from] brn\n|-sideend|p1: ScribbleScribble|move: Tailwind\n|upkeep\n|turn|6\n|inactive|Realfrytki has 30 seconds left.\n|l| Onryo of the Mob\n|\n|t:|1739134550\n|move|p2a: Volcarona|Protect|p2a: Volcarona\n|-singleturn|p2a: Volcarona|Protect\n|move|p1b: Ogerpon|Spiky Shield|p1b: Ogerpon\n|-singleturn|p1b: Ogerpon|move: Protect\n|move|p1a: Calyrex|Trick Room|p1a: Calyrex\n|-fieldend|move: Trick Room\n|\n|-damage|p1a: Calyrex|0 fnt|[from] brn\n|faint|p1a: Calyrex\n|upkeep\n|turn|7\n|\n|t:|1739134560\n|move|p1b: Ogerpon|Ivy Cudgel|p2a: Volcarona|[anim] Ivy Cudgel Water\n|-supereffective|p2a: Volcarona\n|-damage|p2a: Volcarona|1\/100\n|move|p2a: Volcarona|Fiery Dance|p1b: Ogerpon\n|-damage|p1b: Ogerpon|0 fnt\n|-boost|p2a: Volcarona|spa|1\n|faint|p1b: Ogerpon\n|\n|win|Realfrytki\n|raw|ScribbleScribble's rating: 1582 &rarr; <strong>1565<\/strong><br \/>(-17 for losing)\n|raw|Realfrytki's rating: 1632 &rarr; <strong>1649<\/strong><br \/>(+17 for winning)\n|c|\u2606ScribbleScribble|nooo\n|c|\u2606ScribbleScribble|gg\n|c|\u2606Realfrytki|gg\n","uploadtime":1739134570,"views":6,"formatid":"gen9vgc2025regg","rating":1565,"private":0,"password":null}