{"id":"gen9vgc2025regg-2297419985","format":"[Gen 9] VGC 2025 Reg G","players":["Doc_MrMega","ZTMY ENCORE"],"log":"|j|\u2606Doc_MrMega\n|j|\u2606ZTMY ENCORE\n|t:|1739112839\n|gametype|doubles\n|player|p1|Doc_MrMega|lucas|1791\n|player|p2|ZTMY ENCORE|102|1807\n|teamsize|p1|6\n|teamsize|p2|6\n|gen|9\n|tier|[Gen 9] VGC 2025 Reg G\n|rated|\n|rule|Species Clause: Limit one of each Pok\u00e9mon\n|rule|Item Clause: Limit 1 of each item\n|clearpoke\n|poke|p1|Calyrex-Ice, L50|\n|poke|p1|Landorus, L50, M|\n|poke|p1|Amoonguss, L50, F|\n|poke|p1|Urshifu-*, L50, F|\n|poke|p1|Roaring Moon, L50|\n|poke|p1|Ogerpon-Hearthflame, L50, F|\n|poke|p2|Lunala, L50|\n|poke|p2|Roaring Moon, L50|\n|poke|p2|Smeargle, L50, F|\n|poke|p2|Urshifu-*, L50, F|\n|poke|p2|Chi-Yu, L50|\n|poke|p2|Amoonguss, L50, M|\n|teampreview|4\n|inactive|Battle timer is ON: inactive players will automatically lose when time's up. (requested by Doc_MrMega)\n|\n|t:|1739112864\n|start\n|switch|p1a: Roaring Moon|Roaring Moon, L50|100\/100\n|switch|p1b: Urshifu|Urshifu-Rapid-Strike, L50, F|100\/100\n|switch|p2a: Lunala|Lunala, L50|100\/100\n|switch|p2b: Roaring Moon|Roaring Moon, L50|100\/100\n|-enditem|p2b: Roaring Moon|Booster Energy\n|-activate|p2b: Roaring Moon|ability: Protosynthesis|[fromitem]\n|-start|p2b: Roaring Moon|protosynthesisspe\n|-enditem|p1a: Roaring Moon|Booster Energy\n|-activate|p1a: Roaring Moon|ability: Protosynthesis|[fromitem]\n|-start|p1a: Roaring Moon|protosynthesisspe\n|turn|1\n|inactive|Doc_MrMega has 30 seconds left.\n|\n|t:|1739112897\n|-terastallize|p2a: Lunala|Fairy\n|move|p2b: Roaring Moon|Tailwind|p2b: Roaring Moon\n|-sidestart|p2: ZTMY ENCORE|move: Tailwind\n|move|p1a: Roaring Moon|Knock Off|p2a: Lunala\n|-resisted|p2a: Lunala\n|-damage|p2a: Lunala|91\/100\n|-enditem|p2a: Lunala|Power Herb|[from] move: Knock Off|[of] p1a: Roaring Moon\n|move|p2a: Lunala|Dazzling Gleam|p1a: Roaring Moon|[spread] p1a,p1b\n|-supereffective|p1a: Roaring Moon\n|-supereffective|p1b: Urshifu\n|-damage|p1a: Roaring Moon|0 fnt\n|-damage|p1b: Urshifu|5\/100\n|faint|p1a: Roaring Moon\n|-end|p1a: Roaring Moon|Protosynthesis|[silent]\n|move|p1b: Urshifu|Surging Strikes|p2a: Lunala\n|-crit|p2a: Lunala\n|-damage|p2a: Lunala|71\/100\n|-crit|p2a: Lunala\n|-damage|p2a: Lunala|49\/100\n|-crit|p2a: Lunala\n|-damage|p2a: Lunala|28\/100\n|-hitcount|p2a: Lunala|3\n|\n|upkeep\n|\n|t:|1739112919\n|switch|p1a: Calyrex|Calyrex-Ice, L50|100\/100\n|-ability|p1a: Calyrex|As One\n|-ability|p1a: Calyrex|Unnerve\n|turn|2\n|inactive|ZTMY ENCORE has 30 seconds left.\n|inactive|ZTMY ENCORE has 20 seconds left.\n|inactive|ZTMY ENCORE has 15 seconds left.\n|inactive|ZTMY ENCORE has 10 seconds left.\n|\n|t:|1739112964\n|-terastallize|p1a: Calyrex|Fairy\n|move|p1b: Urshifu|Detect|p1b: Urshifu\n|-singleturn|p1b: Urshifu|Protect\n|move|p2b: Roaring Moon|Acrobatics|p1a: Calyrex\n|-crit|p1a: Calyrex\n|-damage|p1a: Calyrex|66\/100\n|move|p2a: Lunala|Moongeist Beam|p1a: Calyrex\n|-damage|p1a: Calyrex|27\/100\n|move|p1a: Calyrex|Trick Room|p1a: Calyrex\n|-fieldstart|move: Trick Room|[of] p1a: Calyrex\n|\n|upkeep\n|turn|3\n|inactive|Doc_MrMega has 30 seconds left.\n|\n|t:|1739112995\n|switch|p2a: Urshifu|Urshifu-Rapid-Strike, L50, F|100\/100\n|move|p2b: Roaring Moon|Protect|p2b: Roaring Moon\n|-singleturn|p2b: Roaring Moon|Protect\n|move|p1a: Calyrex|Glacial Lance|p2a: Urshifu|[spread] p2a\n|-activate|p2b: Roaring Moon|move: Protect\n|-resisted|p2a: Urshifu\n|-damage|p2a: Urshifu|74\/100\n|move|p1b: Urshifu|Close Combat|p2b: Roaring Moon\n|-supereffective|p2b: Roaring Moon\n|-damage|p2b: Roaring Moon|0 fnt\n|-unboost|p1b: Urshifu|def|1\n|-unboost|p1b: Urshifu|spd|1\n|faint|p2b: Roaring Moon\n|-end|p2b: Roaring Moon|Protosynthesis|[silent]\n|\n|upkeep\n|\n|t:|1739113009\n|switch|p2b: Smeargle|Smeargle, L50, F|100\/100\n|turn|4\n|\n|t:|1739113031\n|move|p2b: Smeargle|Fake Out|p1b: Urshifu\n|-damage|p1b: Urshifu|0 fnt\n|faint|p1b: Urshifu\n|move|p1a: Calyrex|High Horsepower|p2a: Urshifu\n|-damage|p2a: Urshifu|33\/100\n|move|p2a: Urshifu|Surging Strikes|p1a: Calyrex\n|-crit|p1a: Calyrex\n|-damage|p1a: Calyrex|10\/100\n|-crit|p1a: Calyrex\n|-damage|p1a: Calyrex|0 fnt\n|faint|p1a: Calyrex\n|-hitcount|p1: Calyrex|2\n|\n|-sideend|p2: ZTMY ENCORE|move: Tailwind\n|-ability|p2b: Smeargle|Moody|boost\n|-boost|p2b: Smeargle|spe|2\n|-unboost|p2b: Smeargle|spa|1\n|upkeep\n|\n|t:|1739113034\n|switch|p1a: Landorus|Landorus, L50, M|100\/100\n|turn|5\n|\n|t:|1739113053\n|move|p2a: Urshifu|Detect|p2a: Urshifu\n|-singleturn|p2a: Urshifu|Protect\n|move|p1a: Landorus|Sandsear Storm|p2b: Smeargle|[spread] p2b\n|-activate|p2a: Urshifu|move: Protect\n|-enditem|p2b: Smeargle|Focus Sash\n|-damage|p2b: Smeargle|1\/100\n|move|p2b: Smeargle|Spore|p1a: Landorus\n|-status|p1a: Landorus|slp|[from] move: Spore\n|\n|-ability|p2b: Smeargle|Moody|boost\n|-boost|p2b: Smeargle|def|2\n|-unboost|p2b: Smeargle|spd|1\n|upkeep\n|turn|6\n|\n|t:|1739113068\n|cant|p1a: Landorus|slp\n|move|p2a: Urshifu|Surging Strikes|p1a: Landorus\n|-supereffective|p1a: Landorus\n|-crit|p1a: Landorus\n|-damage|p1a: Landorus|48\/100 slp\n|-supereffective|p1a: Landorus\n|-crit|p1a: Landorus\n|-damage|p1a: Landorus|1\/100 slp\n|-supereffective|p1a: Landorus\n|-crit|p1a: Landorus\n|-damage|p1a: Landorus|0 fnt\n|faint|p1a: Landorus\n|-hitcount|p1: Landorus|3\n|\n|win|ZTMY ENCORE\n|raw|Doc_MrMega's rating: 1791 &rarr; <strong>1772<\/strong><br \/>(-19 for losing)\n|raw|ZTMY ENCORE's rating: 1807 &rarr; <strong>1826<\/strong><br \/>(+19 for winning)\n|l|\u2606ZTMY ENCORE\n|player|p2|\n|l|\u2606Doc_MrMega\n|player|p1|\n","uploadtime":1739113219,"views":124,"formatid":"gen9vgc2025regg","rating":1772,"private":0,"password":null}