{"id":"gen9vgc2025regg-2297522371","format":"[Gen 9] VGC 2025 Reg G","players":["elvegis1","Sheevpeuic"],"log":"|j|\u2606elvegis1\n|j|\u2606Sheevpeuic\n|t:|1739125729\n|gametype|doubles\n|player|p1|elvegis1|lucas|1634\n|player|p2|Sheevpeuic|2|1598\n|teamsize|p1|6\n|teamsize|p2|6\n|gen|9\n|tier|[Gen 9] VGC 2025 Reg G\n|rated|\n|rule|Species Clause: Limit one of each Pok\u00e9mon\n|rule|Item Clause: Limit 1 of each item\n|clearpoke\n|poke|p1|Calyrex-Shadow, L50|\n|poke|p1|Urshifu-*, L50, F|\n|poke|p1|Whimsicott, L50, F|\n|poke|p1|Incineroar, L50, M|\n|poke|p1|Ditto, L50|\n|poke|p1|Regidrago, L50|\n|poke|p2|Kyogre, L50|\n|poke|p2|Roaring Moon, L50|\n|poke|p2|Farigiraf, L50, M|\n|poke|p2|Iron Hands, L50|\n|poke|p2|Ogerpon-Wellspring, L50, F|\n|poke|p2|Landorus, L50, M|\n|teampreview|4\n|inactive|Battle timer is ON: inactive players will automatically lose when time's up. (requested by elvegis1)\n|\n|t:|1739125751\n|start\n|switch|p1a: Whimsicott|Whimsicott, L50, F|100\/100\n|switch|p1b: Regidrago|Regidrago, L50|100\/100\n|switch|p2a: Iron Hands|Iron Hands, L50|100\/100\n|switch|p2b: Farigiraf|Farigiraf, L50, M|100\/100\n|turn|1\n|\n|t:|1739125772\n|switch|p1a: Ditto|Ditto, L50|100\/100\n|-transform|p1a: Ditto|p2b: Farigiraf|[from] ability: Imposter\n|-terastallize|p2b: Farigiraf|Fairy\n|move|p1b: Regidrago|Dragon Energy|p2b: Farigiraf|[spread] p2a\n|-immune|p2b: Farigiraf\n|-damage|p2a: Iron Hands|43\/100\n|move|p2a: Iron Hands|Low Kick|p1b: Regidrago\n|-damage|p1b: Regidrago|25\/100\n|move|p2b: Farigiraf|Trick Room|p2b: Farigiraf\n|-fieldstart|move: Trick Room|[of] p2b: Farigiraf\n|\n|upkeep\n|turn|2\n|\n|t:|1739125795\n|move|p2b: Farigiraf|Helping Hand|p2a: Iron Hands\n|-singleturn|p2a: Iron Hands|Helping Hand|[of] p2b: Farigiraf\n|move|p1b: Regidrago|Protect|p1b: Regidrago\n|-singleturn|p1b: Regidrago|Protect\n|move|p2a: Iron Hands|Drain Punch|p1a: Ditto\n|-enditem|p1a: Ditto|Focus Sash\n|-damage|p1a: Ditto|1\/100\n|-heal|p2a: Iron Hands|72\/100|[from] drain|[of] p1a: Ditto\n|move|p1a: Ditto|Psychic|p2a: Iron Hands\n|-supereffective|p2a: Iron Hands\n|-damage|p2a: Iron Hands|32\/100\n|\n|upkeep\n|turn|3\n|\n|t:|1739125818\n|move|p2a: Iron Hands|Drain Punch|p1b: Regidrago\n|-crit|p1b: Regidrago\n|-damage|p1b: Regidrago|0 fnt\n|-heal|p2a: Iron Hands|46\/100|[from] drain|[of] p1b: Regidrago\n|faint|p1b: Regidrago\n|move|p1a: Ditto|Psychic|p2a: Iron Hands\n|-supereffective|p2a: Iron Hands\n|-damage|p2a: Iron Hands|4\/100\n|move|p2b: Farigiraf|Psychic|p1a: Ditto\n|-resisted|p1a: Ditto\n|-damage|p1a: Ditto|0 fnt\n|faint|p1a: Ditto\n|\n|upkeep\n|\n|t:|1739125827\n|switch|p1a: Whimsicott|Whimsicott, L50, F|100\/100\n|switch|p1b: Calyrex|Calyrex-Shadow, L50|100\/100\n|-ability|p1b: Calyrex|As One\n|-ability|p1b: Calyrex|Unnerve\n|turn|4\n|\n|t:|1739125842\n|-terastallize|p1b: Calyrex|Water\n|move|p2a: Iron Hands|Drain Punch|p1b: Calyrex\n|-damage|p1b: Calyrex|57\/100\n|-heal|p2a: Iron Hands|21\/100|[from] drain|[of] p1b: Calyrex\n|move|p2b: Farigiraf|Foul Play|p1b: Calyrex\n|-damage|p1b: Calyrex|43\/100\n|move|p1a: Whimsicott|Moonblast|p2b: Farigiraf\n|-damage|p2b: Farigiraf|79\/100\n|move|p1b: Calyrex|Astral Barrage|p2a: Iron Hands|[spread] p2a,p2b\n|-crit|p2a: Iron Hands\n|-damage|p2a: Iron Hands|0 fnt\n|-damage|p2b: Farigiraf|32\/100\n|faint|p2a: Iron Hands\n|-end|p2a: Iron Hands|Quark Drive|[silent]\n|-ability|p1b: Calyrex|Grim Neigh|boost\n|-boost|p1b: Calyrex|spa|1\n|\n|upkeep\n|\n|t:|1739125851\n|switch|p2a: Kyogre|Kyogre, L50|100\/100\n|-weather|RainDance|[from] ability: Drizzle|[of] p2a: Kyogre\n|turn|5\n|\n|t:|1739125872\n|move|p2b: Farigiraf|Helping Hand|p2a: Kyogre\n|-singleturn|p2a: Kyogre|Helping Hand|[of] p2b: Farigiraf\n|move|p1b: Calyrex|Protect|p1b: Calyrex\n|-singleturn|p1b: Calyrex|Protect\n|move|p1a: Whimsicott|Tailwind|p1a: Whimsicott\n|-sidestart|p1: elvegis1|move: Tailwind\n|move|p2a: Kyogre|Water Spout|p1b: Calyrex|[spread] p1a\n|-activate|p1b: Calyrex|move: Protect\n|-resisted|p1a: Whimsicott\n|-damage|p1a: Whimsicott|0 fnt\n|faint|p1a: Whimsicott\n|\n|-weather|RainDance|[upkeep]\n|-fieldend|move: Trick Room\n|upkeep\n|turn|6\n|\n|t:|1739125884\n|move|p1b: Calyrex|Astral Barrage|p2b: Farigiraf|[spread] p2a,p2b\n|-damage|p2a: Kyogre|28\/100\n|-damage|p2b: Farigiraf|0 fnt\n|faint|p2b: Farigiraf\n|-ability|p1b: Calyrex|Grim Neigh|boost\n|-boost|p1b: Calyrex|spa|1\n|move|p2a: Kyogre|Water Spout|p1b: Calyrex\n|-resisted|p1b: Calyrex\n|-damage|p1b: Calyrex|17\/100\n|\n|-weather|RainDance|[upkeep]\n|upkeep\n|\n|t:|1739125889\n|switch|p2b: Ogerpon|Ogerpon-Wellspring, L50, F|100\/100\n|turn|7\n|\n|t:|1739125895\n|move|p1b: Calyrex|Astral Barrage|p2a: Kyogre|[spread] p2a,p2b\n|-damage|p2a: Kyogre|0 fnt\n|-damage|p2b: Ogerpon|0 fnt\n|faint|p2a: Kyogre\n|faint|p2b: Ogerpon\n|\n|win|elvegis1\n|raw|elvegis1's rating: 1634 &rarr; <strong>1652<\/strong><br \/>(+18 for winning)\n|raw|Sheevpeuic's rating: 1598 &rarr; <strong>1580<\/strong><br \/>(-18 for losing)\n|l|\u2606Sheevpeuic\n|player|p2|\n|l|\u2606elvegis1\n|player|p1|\n|j| ido1234567890\n","uploadtime":1739126084,"views":6,"formatid":"gen9vgc2025regg","rating":1580,"private":0,"password":null}