{"id":"gen9vgc2025regg-2297922911","format":"[Gen 9] VGC 2025 Reg G","players":["huyuplan","friedfish24"],"log":"|j|\u2606huyuplan\n|j|\u2606friedfish24\n|t:|1739187195\n|gametype|doubles\n|player|p1|huyuplan|lucas|1661\n|player|p2|friedfish24|li|1679\n|teamsize|p1|6\n|teamsize|p2|6\n|gen|9\n|tier|[Gen 9] VGC 2025 Reg G\n|rated|\n|rule|Species Clause: Limit one of each Pok\u00e9mon\n|rule|Item Clause: Limit 1 of each item\n|clearpoke\n|poke|p1|Regidrago, L50|\n|poke|p1|Zacian-*, L50|\n|poke|p1|Torkoal, L50, M|\n|poke|p1|Farigiraf, L50, M|\n|poke|p1|Tornadus, L50, M|\n|poke|p1|Raging Bolt, L50|\n|poke|p2|Grimmsnarl, L50, M|\n|poke|p2|Terapagos, L50, M|\n|poke|p2|Ogerpon-Hearthflame, L50, F|\n|poke|p2|Iron Hands, L50|\n|poke|p2|Flutter Mane, L50|\n|poke|p2|Chi-Yu, L50|\n|teampreview|4\n|inactive|Battle timer is ON: inactive players will automatically lose when time's up. (requested by friedfish24)\n|j| IshzarkVGC\n|\n|t:|1739187261\n|start\n|switch|p1a: Zacian|Zacian-Crowned, L50|100\/100\n|switch|p1b: Raging Bolt|Raging Bolt, L50|100\/100\n|switch|p2a: Grimmsnarl|Grimmsnarl, L50, M|100\/100\n|switch|p2b: Terapagos|Terapagos, L50, M|100\/100\n|-activate|p2b: Terapagos|ability: Tera Shift\n|detailschange|p2b: Terapagos|Terapagos-Terastal, L50, M\n|-heal|p2b: Terapagos|100\/100|[silent]\n|-ability|p1a: Zacian|Intrepid Sword|boost\n|-boost|p1a: Zacian|atk|1\n|turn|1\n|inactive|huyuplan has 30 seconds left.\n|inactive|friedfish24 has 30 seconds left.\n|inactive|friedfish24 has 20 seconds left.\n|\n|t:|1739187297\n|move|p2a: Grimmsnarl|Reflect|p2a: Grimmsnarl\n|-sidestart|p2: friedfish24|Reflect\n|move|p1a: Zacian|Behemoth Blade|p2a: Grimmsnarl\n|-supereffective|p2a: Grimmsnarl\n|-crit|p2a: Grimmsnarl\n|-damage|p2a: Grimmsnarl|0 fnt\n|faint|p2a: Grimmsnarl\n|move|p2b: Terapagos|Tera Starstorm|p1b: Raging Bolt\n|-damage|p1b: Raging Bolt|48\/100\n|move|p1b: Raging Bolt|Volt Switch|p2b: Terapagos\n|-activate|p2b: Terapagos|ability: Tera Shell\n|-resisted|p2b: Terapagos\n|-damage|p2b: Terapagos|81\/100\n|\n|t:|1739187311\n|-end|p1b: Raging Bolt|Protosynthesis|[silent]\n|switch|p1b: Tornadus|Tornadus, L50, M|100\/100|[from] Volt Switch\n|\n|upkeep\n|\n|t:|1739187317\n|switch|p2a: Chi-Yu|Chi-Yu, L50|100\/100\n|-ability|p2a: Chi-Yu|Beads of Ruin\n|turn|2\n|\n|t:|1739187331\n|-terastallize|p2b: Terapagos|Stellar\n|detailschange|p2b: Terapagos|Terapagos-Stellar, L50, M, tera:Stellar\n|-heal|p2b: Terapagos|86\/100|[silent]\n|move|p1b: Tornadus|Tailwind|p1b: Tornadus\n|-sidestart|p1: huyuplan|move: Tailwind\n|move|p1a: Zacian|Play Rough|p2a: Chi-Yu|[miss]\n|-miss|p1a: Zacian|p2a: Chi-Yu\n|move|p2a: Chi-Yu|Heat Wave|p1a: Zacian|[spread] p1b\n|-miss|p2a: Chi-Yu|p1a: Zacian\n|-damage|p1b: Tornadus|23\/100\n|move|p2b: Terapagos|Tera Starstorm|p1b: Tornadus|[spread] p1a,p1b\n|-damage|p1a: Zacian|30\/100\n|-damage|p1b: Tornadus|0 fnt\n|faint|p1b: Tornadus\n|\n|upkeep\n|\n|t:|1739187350\n|switch|p1b: Regidrago|Regidrago, L50|100\/100\n|turn|3\n|inactive|huyuplan has 30 seconds left.\n|\n|t:|1739187377\n|-terastallize|p1b: Regidrago|Dragon\n|move|p1a: Zacian|Behemoth Blade|p2b: Terapagos\n|-damage|p2b: Terapagos|52\/100\n|move|p1b: Regidrago|Dragon Energy|p2a: Chi-Yu|[spread] p2a,p2b\n|-crit|p2a: Chi-Yu\n|-crit|p2b: Terapagos\n|-enditem|p2a: Chi-Yu|Focus Sash\n|-damage|p2a: Chi-Yu|1\/100\n|-damage|p2b: Terapagos|0 fnt\n|faint|p2b: Terapagos\n|move|p2a: Chi-Yu|Heat Wave|p1a: Zacian|[spread] p1a,p1b\n|-supereffective|p1a: Zacian\n|-resisted|p1b: Regidrago\n|-crit|p1b: Regidrago\n|-damage|p1a: Zacian|0 fnt\n|-damage|p1b: Regidrago|58\/100\n|faint|p1a: Zacian\n|\n|upkeep\n|\n|t:|1739187393\n|switch|p1a: Raging Bolt|Raging Bolt, L50|48\/100\n|switch|p2b: Iron Hands|Iron Hands, L50|100\/100\n|turn|4\n|\n|t:|1739187408\n|move|p1b: Regidrago|Protect|p1b: Regidrago\n|-singleturn|p1b: Regidrago|Protect\n|move|p2b: Iron Hands|Fake Out|p1b: Regidrago\n|-activate|p1b: Regidrago|move: Protect\n|move|p1a: Raging Bolt|Dragon Pulse|p2a: Chi-Yu\n|-damage|p2a: Chi-Yu|0 fnt\n|faint|p2a: Chi-Yu\n|\n|upkeep\n|turn|5\n|\n|t:|1739187420\n|move|p1b: Regidrago|Draco Meteor|p2b: Iron Hands\n|-damage|p2b: Iron Hands|29\/100\n|-unboost|p1b: Regidrago|spa|2\n|move|p1a: Raging Bolt|Dragon Pulse|p2b: Iron Hands\n|-damage|p2b: Iron Hands|1\/100\n|move|p2b: Iron Hands|Drain Punch|p1b: Regidrago\n|-damage|p1b: Regidrago|8\/100\n|-heal|p2b: Iron Hands|31\/100|[from] drain|[of] p1b: Regidrago\n|\n|-sideend|p1: huyuplan|move: Tailwind\n|upkeep\n|turn|6\n|\n|t:|1739187435\n|move|p1b: Regidrago|Draco Meteor|p2b: Iron Hands\n|-damage|p2b: Iron Hands|0 fnt\n|-unboost|p1b: Regidrago|spa|2\n|faint|p2b: Iron Hands\n|-end|p2b: Iron Hands|Quark Drive|[silent]\n|\n|win|huyuplan\n|raw|huyuplan's rating: 1661 &rarr; <strong>1682<\/strong><br \/>(+21 for winning)\n|raw|friedfish24's rating: 1679 &rarr; <strong>1658<\/strong><br \/>(-21 for losing)\n|l|\u2606friedfish24\n|player|p2|\n|l|\u2606huyuplan\n|player|p1|\n|l| IshzarkVGC\n|j| IshzarkVGC\n|l| IshzarkVGC\n","uploadtime":1739187685,"views":13,"formatid":"gen9vgc2025regg","rating":1658,"private":0,"password":null}