{"id":"gen9vgc2025regg-2297251883","format":"[Gen 9] VGC 2025 Reg G","players":["DillonChills","llefface"],"log":"|j|\u2606DillonChills\n|j|\u2606llefface\n|t:|1739080071\n|gametype|doubles\n|player|p1|DillonChills|170|1530\n|player|p2|llefface|lana-masters|1702\n|teamsize|p1|6\n|teamsize|p2|6\n|gen|9\n|tier|[Gen 9] VGC 2025 Reg G\n|rated|\n|rule|Species Clause: Limit one of each Pok\u00e9mon\n|rule|Item Clause: Limit 1 of each item\n|clearpoke\n|poke|p1|Ursaluna, L50, M|\n|poke|p1|Iron Crown, L50|\n|poke|p1|Urshifu-*, L50, F|\n|poke|p1|Incineroar, L50, F|\n|poke|p1|Miraidon, L50|\n|poke|p1|Whimsicott, L50, M|\n|poke|p2|Terapagos, L50, M|\n|poke|p2|Iron Hands, L50|\n|poke|p2|Ogerpon-Wellspring, L50, F|\n|poke|p2|Chi-Yu, L50|\n|poke|p2|Farigiraf, L50, M|\n|poke|p2|Flutter Mane, L50|\n|teampreview|4\n|c|\u2606llefface|glhf!\n|c|\u2606DillonChills|u2\n|inactive|Battle timer is ON: inactive players will automatically lose when time's up. (requested by DillonChills)\n|\n|t:|1739080103\n|start\n|switch|p1a: Miraidon|Miraidon, L50|100\/100\n|switch|p1b: Urshifu|Urshifu-Rapid-Strike, L50, F|100\/100\n|switch|p2a: Iron Hands|Iron Hands, L50|100\/100\n|switch|p2b: Farigiraf|Farigiraf, L50, M|100\/100\n|-fieldstart|move: Electric Terrain|[from] ability: Hadron Engine|[of] p1a: Miraidon\n|-activate|p2a: Iron Hands|ability: Quark Drive\n|-start|p2a: Iron Hands|quarkdriveatk\n|turn|1\n|\n|t:|1739080125\n|switch|p1b: Incineroar|Incineroar, L50, F|100\/100\n|-ability|p1b: Incineroar|Intimidate|boost\n|-unboost|p2a: Iron Hands|atk|1\n|-unboost|p2b: Farigiraf|atk|1\n|-terastallize|p1a: Miraidon|Ghost\n|move|p2a: Iron Hands|Fake Out|p1a: Miraidon\n|-immune|p1a: Miraidon\n|move|p1a: Miraidon|Electro Drift|p2b: Farigiraf\n|-damage|p2b: Farigiraf|0 fnt\n|faint|p2b: Farigiraf\n|\n|upkeep\n|\n|t:|1739080131\n|switch|p2b: Ogerpon|Ogerpon-Wellspring, L50, F|100\/100\n|turn|2\n|\n|t:|1739080142\n|switch|p1a: Urshifu|Urshifu-Rapid-Strike, L50, F|100\/100\n|move|p2b: Ogerpon|Spiky Shield|p2b: Ogerpon\n|-singleturn|p2b: Ogerpon|move: Protect\n|move|p1b: Incineroar|U-turn|p2b: Ogerpon\n|-activate|p2b: Ogerpon|move: Protect\n|-damage|p1b: Incineroar|88\/100|[from] Spiky Shield|[of] p2b: Ogerpon\n|move|p2a: Iron Hands|Drain Punch|p1b: Incineroar\n|-supereffective|p1b: Incineroar\n|-damage|p1b: Incineroar|25\/100\n|\n|upkeep\n|turn|3\n|\n|t:|1739080165\n|-end|p2a: Iron Hands|Quark Drive|[silent]\n|switch|p2a: Terapagos|Terapagos, L50, M|100\/100\n|-activate|p2a: Terapagos|ability: Tera Shift\n|detailschange|p2a: Terapagos|Terapagos-Terastal, L50, M\n|-heal|p2a: Terapagos|100\/100|[silent]\n|move|p1a: Urshifu|Detect|p1a: Urshifu\n|-singleturn|p1a: Urshifu|Protect\n|move|p2b: Ogerpon|Power Whip|p1a: Urshifu\n|-activate|p1a: Urshifu|move: Protect\n|move|p1b: Incineroar|U-turn|p2b: Ogerpon\n|-supereffective|p2b: Ogerpon\n|-damage|p2b: Ogerpon|52\/100\n|\n|t:|1739080175\n|switch|p1b: Miraidon|Miraidon, L50, tera:Ghost|100\/100|[from] U-turn\n|-activate|p1b: Miraidon|ability: Hadron Engine\n|\n|upkeep\n|turn|4\n|inactive|llefface has 30 seconds left.\n|\n|t:|1739080204\n|move|p2b: Ogerpon|Follow Me|p2b: Ogerpon\n|-singleturn|p2b: Ogerpon|move: Follow Me\n|move|p1b: Miraidon|Volt Switch|p2b: Ogerpon\n|-damage|p2b: Ogerpon|0 fnt\n|faint|p2b: Ogerpon\n|\n|t:|1739080210\n|switch|p1b: Incineroar|Incineroar, L50, F|25\/100|[from] Volt Switch\n|-ability|p1b: Incineroar|Intimidate|boost\n|-unboost|p2a: Terapagos|atk|1\n|move|p1a: Urshifu|Surging Strikes|p2a: Terapagos\n|-activate|p2a: Terapagos|ability: Tera Shell\n|-resisted|p2a: Terapagos\n|-crit|p2a: Terapagos\n|-damage|p2a: Terapagos|89\/100\n|-resisted|p2a: Terapagos\n|-crit|p2a: Terapagos\n|-damage|p2a: Terapagos|78\/100\n|-resisted|p2a: Terapagos\n|-crit|p2a: Terapagos\n|-damage|p2a: Terapagos|66\/100\n|-hitcount|p2a: Terapagos|3\n|move|p2a: Terapagos|Tera Starstorm|p1a: Urshifu\n|-damage|p1a: Urshifu|0 fnt\n|faint|p1a: Urshifu\n|\n|upkeep\n|\n|t:|1739080216\n|switch|p1a: Iron Crown|Iron Crown, L50|100\/100\n|switch|p2b: Iron Hands|Iron Hands, L50|100\/100\n|-activate|p1a: Iron Crown|ability: Quark Drive\n|-start|p1a: Iron Crown|quarkdrivespe\n|-activate|p2b: Iron Hands|ability: Quark Drive\n|-start|p2b: Iron Hands|quarkdriveatk\n|turn|5\n|\n|t:|1739080240\n|-terastallize|p2a: Terapagos|Stellar\n|detailschange|p2a: Terapagos|Terapagos-Stellar, L50, M, tera:Stellar\n|-heal|p2a: Terapagos|75\/100|[silent]\n|-ability|p2a: Terapagos|Teraform Zero\n|-fieldend|move: Electric Terrain\n|-end|p1a: Iron Crown|Quark Drive\n|-end|p2b: Iron Hands|Quark Drive\n|move|p1b: Incineroar|Fake Out|p2b: Iron Hands\n|-damage|p2b: Iron Hands|92\/100\n|cant|p2b: Iron Hands|flinch\n|move|p1a: Iron Crown|Psyshock|p2b: Iron Hands\n|-supereffective|p2b: Iron Hands\n|-damage|p2b: Iron Hands|23\/100\n|-damage|p1a: Iron Crown|91\/100|[from] item: Life Orb\n|move|p2a: Terapagos|Tera Starstorm|p1a: Iron Crown|[spread] p1a,p1b\n|-damage|p1a: Iron Crown|35\/100\n|-damage|p1b: Incineroar|0 fnt\n|faint|p1b: Incineroar\n|\n|upkeep\n|\n|t:|1739080243\n|switch|p1b: Miraidon|Miraidon, L50, tera:Ghost|100\/100\n|-fieldstart|move: Electric Terrain|[from] ability: Hadron Engine|[of] p1b: Miraidon\n|-activate|p1a: Iron Crown|ability: Quark Drive\n|-start|p1a: Iron Crown|quarkdrivespe\n|-activate|p2b: Iron Hands|ability: Quark Drive\n|-start|p2b: Iron Hands|quarkdriveatk\n|turn|6\n|\n|t:|1739080262\n|move|p1a: Iron Crown|Tachyon Cutter|p2a: Terapagos\n|-damage|p2a: Terapagos|53\/100\n|-damage|p2a: Terapagos|33\/100\n|-hitcount|p2a: Terapagos|2\n|-damage|p1a: Iron Crown|25\/100|[from] item: Life Orb\n|move|p1b: Miraidon|Electro Drift|p2a: Terapagos\n|-damage|p2a: Terapagos|0 fnt\n|faint|p2a: Terapagos\n|move|p2b: Iron Hands|Drain Punch|p1a: Iron Crown\n|-damage|p1a: Iron Crown|0 fnt\n|-heal|p2b: Iron Hands|31\/100|[from] drain|[of] p1a: Iron Crown\n|faint|p1a: Iron Crown\n|-end|p1a: Iron Crown|Quark Drive|[silent]\n|\n|upkeep\n|turn|7\n|\n|t:|1739080281\n|move|p1b: Miraidon|Electro Drift|p2b: Iron Hands\n|-resisted|p2b: Iron Hands\n|-damage|p2b: Iron Hands|0 fnt\n|faint|p2b: Iron Hands\n|-end|p2b: Iron Hands|Quark Drive|[silent]\n|\n|win|DillonChills\n|raw|DillonChills's rating: 1530 &rarr; <strong>1559<\/strong><br \/>(+29 for winning)\n|raw|llefface's rating: 1702 &rarr; <strong>1673<\/strong><br \/>(-29 for losing)\n|l|\u2606DillonChills\n|player|p1|\n|l|\u2606llefface\n|player|p2|\n","uploadtime":1739080549,"views":7,"formatid":"gen9vgc2025regg","rating":1559,"private":0,"password":null}