{"id":"gen9vgc2025regg-2297594614","format":"[Gen 9] VGC 2025 Reg G","players":["ScribbleScribble","futonkagebunshin"],"log":"|j|\u2606ScribbleScribble\n|j|\u2606futonkagebunshin\n|t:|1739134049\n|gametype|doubles\n|player|p1|ScribbleScribble|gardenia-masters|1570\n|player|p2|futonkagebunshin|policeman-gen4|1633\n|teamsize|p1|6\n|teamsize|p2|6\n|gen|9\n|tier|[Gen 9] VGC 2025 Reg G\n|rated|\n|rule|Species Clause: Limit one of each Pok\u00e9mon\n|rule|Item Clause: Limit 1 of each item\n|clearpoke\n|poke|p1|Calyrex-Ice, L50|\n|poke|p1|Farigiraf, L50, F|\n|poke|p1|Iron Valiant, L50|\n|poke|p1|Ogerpon-Wellspring, L50, F|\n|poke|p1|Roaring Moon, L50|\n|poke|p1|Landorus, L50, M|\n|poke|p2|Koraidon, L50|\n|poke|p2|Tornadus, L50, M|\n|poke|p2|Chi-Yu, L50|\n|poke|p2|Flutter Mane, L50|\n|poke|p2|Umbreon, L50, M|\n|poke|p2|Raging Bolt, L50|\n|teampreview|4\n|inactive|Battle timer is ON: inactive players will automatically lose when time's up. (requested by ScribbleScribble)\n|inactive|ScribbleScribble has 60 seconds left.\n|inactive|futonkagebunshin has 60 seconds left.\n|\n|t:|1739134100\n|start\n|switch|p1a: Ogerpon|Ogerpon-Wellspring, L50, F|100\/100\n|switch|p1b: Calyrex|Calyrex-Ice, L50|100\/100\n|switch|p2a: Koraidon|Koraidon, L50|100\/100\n|switch|p2b: Flutter Mane|Flutter Mane, L50|100\/100\n|-ability|p1b: Calyrex|As One\n|-ability|p1b: Calyrex|Unnerve\n|-weather|SunnyDay|[from] ability: Orichalcum Pulse|[of] p2a: Koraidon\n|-activate|p2b: Flutter Mane|ability: Protosynthesis\n|-start|p2b: Flutter Mane|protosynthesisspe\n|-activate|p2a: Koraidon|Orichalcum Pulse|[source]\n|turn|1\n|\n|t:|1739134121\n|-end|p2b: Flutter Mane|Protosynthesis|[silent]\n|switch|p2b: Umbreon|Umbreon, L50, M|100\/100\n|-terastallize|p2a: Koraidon|Fire\n|move|p1a: Ogerpon|Follow Me|p1a: Ogerpon\n|-singleturn|p1a: Ogerpon|move: Follow Me\n|move|p2a: Koraidon|Flare Blitz|p1a: Ogerpon\n|-damage|p1a: Ogerpon|0 fnt\n|faint|p1a: Ogerpon\n|-damage|p2a: Koraidon|66\/100|[from] Recoil\n|move|p1b: Calyrex|Trick Room|p1b: Calyrex\n|-fieldstart|move: Trick Room|[of] p1b: Calyrex\n|\n|-weather|SunnyDay|[upkeep]\n|upkeep\n|\n|t:|1739134141\n|switch|p1a: Roaring Moon|Roaring Moon, L50|100\/100\n|-activate|p1a: Roaring Moon|ability: Protosynthesis\n|-start|p1a: Roaring Moon|protosynthesisspe\n|turn|2\n|\n|t:|1739134158\n|switch|p2a: Flutter Mane|Flutter Mane, L50|100\/100\n|-activate|p2a: Flutter Mane|ability: Protosynthesis\n|-start|p2a: Flutter Mane|protosynthesisspe\n|-terastallize|p1b: Calyrex|Dragon\n|move|p2b: Umbreon|Yawn|p1b: Calyrex\n|-start|p1b: Calyrex|move: Yawn|[of] p2b: Umbreon\n|move|p1b: Calyrex|High Horsepower|p2a: Flutter Mane\n|-damage|p2a: Flutter Mane|18\/100\n|move|p1a: Roaring Moon|Taunt|p2b: Umbreon\n|-start|p2b: Umbreon|move: Taunt\n|\n|-weather|SunnyDay|[upkeep]\n|upkeep\n|turn|3\n|inactive|futonkagebunshin has 30 seconds left.\n|inactive|futonkagebunshin has 20 seconds left.\n|inactive|futonkagebunshin has 15 seconds left.\n|\n|t:|1739134200\n|switch|p1b: Landorus|Landorus, L50, M|100\/100\n|-end|p2a: Flutter Mane|Protosynthesis|[silent]\n|switch|p2a: Koraidon|Koraidon, L50, tera:Fire|66\/100\n|-activate|p2a: Koraidon|ability: Orichalcum Pulse\n|move|p2b: Umbreon|Foul Play|p1b: Landorus\n|-damage|p1b: Landorus|71\/100\n|move|p1a: Roaring Moon|Acrobatics|p2a: Koraidon\n|-damage|p2a: Koraidon|46\/100\n|\n|-weather|SunnyDay|[upkeep]\n|upkeep\n|turn|4\n|inactive|futonkagebunshin has 30 seconds left.\n|inactive|futonkagebunshin has 20 seconds left.\n|\n|t:|1739134240\n|-end|p1a: Roaring Moon|Protosynthesis|[silent]\n|switch|p1a: Calyrex|Calyrex-Ice, L50, tera:Dragon|100\/100\n|-ability|p1a: Calyrex|As One\n|-ability|p1a: Calyrex|Unnerve\n|move|p2a: Koraidon|Protect|p2a: Koraidon\n|-singleturn|p2a: Koraidon|Protect\n|move|p2b: Umbreon|Foul Play|p1a: Calyrex\n|-damage|p1a: Calyrex|62\/100\n|move|p1b: Landorus|Sandsear Storm|p2a: Koraidon|[spread] p2b\n|-activate|p2a: Koraidon|move: Protect\n|-damage|p2b: Umbreon|58\/100\n|\n|-weather|SunnyDay|[upkeep]\n|upkeep\n|turn|5\n|inactive|futonkagebunshin has 30 seconds left.\n|\n|t:|1739134269\n|move|p2b: Umbreon|Foul Play|p1a: Calyrex\n|-damage|p1a: Calyrex|26\/100\n|move|p1a: Calyrex|Glacial Lance|p2b: Umbreon|[spread] p2a,p2b\n|-resisted|p2a: Koraidon\n|-damage|p2a: Koraidon|23\/100\n|-damage|p2b: Umbreon|26\/100\n|move|p1b: Landorus|Sandsear Storm|p2b: Umbreon|[spread] p2a,p2b\n|-supereffective|p2a: Koraidon\n|-crit|p2b: Umbreon\n|-damage|p2a: Koraidon|0 fnt\n|-damage|p2b: Umbreon|0 fnt\n|faint|p2a: Koraidon\n|faint|p2b: Umbreon\n|\n|-weather|none\n|-fieldend|move: Trick Room\n|upkeep\n|\n|t:|1739134282\n|switch|p2a: Chi-Yu|Chi-Yu, L50|100\/100\n|switch|p2b: Flutter Mane|Flutter Mane, L50|18\/100\n|-ability|p2a: Chi-Yu|Beads of Ruin\n|turn|6\n|\n|t:|1739134295\n|move|p1b: Landorus|Protect|p1b: Landorus\n|-singleturn|p1b: Landorus|Protect\n|move|p2b: Flutter Mane|Icy Wind|p1a: Calyrex|[spread] p1a\n|-activate|p1b: Landorus|move: Protect\n|-supereffective|p1a: Calyrex\n|-damage|p1a: Calyrex|0 fnt\n|faint|p1a: Calyrex\n|move|p2a: Chi-Yu|Heat Wave|p1b: Landorus\n|-activate|p1b: Landorus|move: Protect\n|\n|upkeep\n|\n|t:|1739134297\n|switch|p1a: Roaring Moon|Roaring Moon, L50|100\/100\n|-enditem|p1a: Roaring Moon|Booster Energy\n|-activate|p1a: Roaring Moon|ability: Protosynthesis|[fromitem]\n|-start|p1a: Roaring Moon|protosynthesisspe\n|turn|7\n|c|\u2606futonkagebunshin|Wp\n|\n|t:|1739134310\n|move|p1a: Roaring Moon|Tailwind|p1a: Roaring Moon\n|-sidestart|p1: ScribbleScribble|move: Tailwind\n|move|p1b: Landorus|Earth Power|p2a: Chi-Yu\n|-supereffective|p2a: Chi-Yu\n|-damage|p2a: Chi-Yu|0 fnt\n|faint|p2a: Chi-Yu\n|move|p2b: Flutter Mane|Icy Wind|p1a: Roaring Moon|[spread] p1a,p1b\n|-supereffective|p1a: Roaring Moon\n|-supereffective|p1b: Landorus\n|-damage|p1a: Roaring Moon|72\/100\n|-damage|p1b: Landorus|11\/100\n|-unboost|p1a: Roaring Moon|spe|1\n|-unboost|p1b: Landorus|spe|1\n|\n|upkeep\n|turn|8\n|c|\u2606ScribbleScribble|gg\n|\n|t:|1739134327\n|move|p2b: Flutter Mane|Protect|p2b: Flutter Mane\n|-singleturn|p2b: Flutter Mane|Protect\n|move|p1a: Roaring Moon|Knock Off|p2b: Flutter Mane\n|-activate|p2b: Flutter Mane|move: Protect\n|move|p1b: Landorus|Earth Power|p2b: Flutter Mane\n|-activate|p2b: Flutter Mane|move: Protect\n|\n|upkeep\n|turn|9\n|\n|t:|1739134332\n|move|p1a: Roaring Moon|Knock Off|p2b: Flutter Mane\n|-damage|p2b: Flutter Mane|0 fnt\n|-enditem|p2b: Flutter Mane|Focus Sash|[from] move: Knock Off|[of] p1a: Roaring Moon\n|faint|p2b: Flutter Mane\n|-end|p2b: Flutter Mane|Protosynthesis|[silent]\n|\n|win|ScribbleScribble\n|raw|ScribbleScribble's rating: 1558 &rarr; <strong>1582<\/strong><br \/>(+24 for winning)\n|raw|futonkagebunshin's rating: 1633 &rarr; <strong>1609<\/strong><br \/>(-24 for losing)\n|l|\u2606ScribbleScribble\n|player|p1|\n","uploadtime":1739134585,"views":6,"formatid":"gen9vgc2025regg","rating":1582,"private":0,"password":null}