{"id":"gen9vgc2025regg-2297039100","format":"[Gen 9] VGC 2025 Reg G","players":["namboyVGC","Tempest brute"],"log":"|j|\u2606namboyVGC\n|j|\u2606Tempest brute\n|t:|1739050522\n|gametype|doubles\n|player|p1|namboyVGC|ethan|1603\n|player|p2|Tempest brute|veteran|1594\n|teamsize|p1|6\n|teamsize|p2|4\n|gen|9\n|tier|[Gen 9] VGC 2025 Reg G\n|rated|\n|rule|Species Clause: Limit one of each Pok\u00e9mon\n|rule|Item Clause: Limit 1 of each item\n|clearpoke\n|poke|p1|Calyrex-Ice, L50|\n|poke|p1|Landorus, L50, M|\n|poke|p1|Amoonguss, L50, M|\n|poke|p1|Urshifu-*, L50, F|\n|poke|p1|Roaring Moon, L50|\n|poke|p1|Ogerpon-Hearthflame, L50, F|\n|poke|p2|Terapagos, L50, M|\n|poke|p2|Iron Leaves, L50|\n|poke|p2|Iron Hands, L50|\n|poke|p2|Moltres, L50|\n|teampreview|4\n|inactive|Battle timer is ON: inactive players will automatically lose when time's up. (requested by namboyVGC)\n|j| Triple20\n|inactive|namboyVGC has 60 seconds left.\n|inactive|Tempest brute has 60 seconds left.\n|\n|t:|1739050571\n|start\n|switch|p1a: Ogerpon|Ogerpon-Hearthflame, L50, F|100\/100\n|switch|p1b: Roaring Moon|Roaring Moon, L50|100\/100\n|switch|p2a: Iron Hands|Iron Hands, L50|100\/100\n|switch|p2b: Moltres|Moltres, L50|100\/100\n|-ability|p1a: Ogerpon|Mold Breaker\n|-enditem|p1b: Roaring Moon|Booster Energy\n|-activate|p1b: Roaring Moon|ability: Protosynthesis|[fromitem]\n|-start|p1b: Roaring Moon|protosynthesisspe\n|turn|1\n|l| Triple20\n|\n|t:|1739050584\n|move|p1b: Roaring Moon|Protect|p1b: Roaring Moon\n|-singleturn|p1b: Roaring Moon|Protect\n|move|p1a: Ogerpon|Spiky Shield|p1a: Ogerpon\n|-singleturn|p1a: Ogerpon|move: Protect\n|move|p2a: Iron Hands|Fake Out|p1a: Ogerpon\n|-activate|p1a: Ogerpon|move: Protect\n|-damage|p2a: Iron Hands|88\/100|[from] Spiky Shield|[of] p1a: Ogerpon\n|move|p2b: Moltres|Will-O-Wisp|p1b: Roaring Moon\n|-activate|p1b: Roaring Moon|move: Protect\n|\n|upkeep\n|turn|2\n|j| Triple20\n|\n|t:|1739050600\n|-terastallize|p1a: Ogerpon|Fire\n|detailschange|p1a: Ogerpon|Ogerpon-Hearthflame-Tera, L50, F, tera:Fire\n|-ability|p1a: Ogerpon|Embody Aspect (Hearthflame)|boost\n|-boost|p1a: Ogerpon|atk|1\n|move|p1b: Roaring Moon|Knock Off|p2b: Moltres\n|-damage|p2b: Moltres|65\/100\n|-enditem|p2b: Moltres|Covert Cloak|[from] move: Knock Off|[of] p1b: Roaring Moon\n|move|p1a: Ogerpon|Ivy Cudgel|p2a: Iron Hands|[anim] Ivy Cudgel Fire\n|-damage|p2a: Iron Hands|25\/100\n|move|p2b: Moltres|Air Slash|p1a: Ogerpon\n|-damage|p1a: Ogerpon|71\/100\n|move|p2a: Iron Hands|Drain Punch|p1a: Ogerpon\n|-damage|p1a: Ogerpon|41\/100\n|-heal|p2a: Iron Hands|35\/100|[from] drain|[of] p1a: Ogerpon\n|\n|upkeep\n|turn|3\n|\n|t:|1739050618\n|move|p1b: Roaring Moon|Tailwind|p1b: Roaring Moon\n|-sidestart|p1: namboyVGC|move: Tailwind\n|move|p1a: Ogerpon|Ivy Cudgel|p2a: Iron Hands|[anim] Ivy Cudgel Fire\n|-damage|p2a: Iron Hands|0 fnt\n|faint|p2a: Iron Hands\n|-end|p2a: Iron Hands|Quark Drive|[silent]\n|move|p2b: Moltres|Will-O-Wisp|p1b: Roaring Moon\n|-status|p1b: Roaring Moon|brn\n|\n|-damage|p1b: Roaring Moon|94\/100 brn|[from] brn\n|upkeep\n|\n|t:|1739050636\n|switch|p2a: Terapagos|Terapagos, L50, M|100\/100\n|-activate|p2a: Terapagos|ability: Tera Shift\n|detailschange|p2a: Terapagos|Terapagos-Terastal, L50, M\n|-heal|p2a: Terapagos|100\/100|[silent]\n|turn|4\n|\n|t:|1739050647\n|-terastallize|p2a: Terapagos|Stellar\n|detailschange|p2a: Terapagos|Terapagos-Stellar, L50, M, tera:Stellar\n|-heal|p2a: Terapagos|100\/100|[silent]\n|move|p1b: Roaring Moon|Knock Off|p2a: Terapagos\n|-damage|p2a: Terapagos|88\/100\n|-enditem|p2a: Terapagos|Leftovers|[from] move: Knock Off|[of] p1b: Roaring Moon\n|move|p1a: Ogerpon|Ivy Cudgel|p2a: Terapagos|[anim] Ivy Cudgel Fire\n|-damage|p2a: Terapagos|42\/100\n|move|p2b: Moltres|Roost|p2b: Moltres\n|-heal|p2b: Moltres|100\/100\n|-singleturn|p2b: Moltres|move: Roost\n|move|p2a: Terapagos|Tera Starstorm|p1a: Ogerpon|[spread] p1a,p1b\n|-supereffective|p1a: Ogerpon\n|-damage|p1a: Ogerpon|0 fnt\n|-damage|p1b: Roaring Moon|70\/100 brn\n|faint|p1a: Ogerpon\n|\n|-damage|p1b: Roaring Moon|64\/100 brn|[from] brn\n|upkeep\n|\n|t:|1739050665\n|switch|p1a: Calyrex|Calyrex-Ice, L50|100\/100\n|-ability|p1a: Calyrex|As One\n|-ability|p1a: Calyrex|Unnerve\n|turn|5\n|\n|t:|1739050672\n|move|p2a: Terapagos|Protect|p2a: Terapagos\n|-singleturn|p2a: Terapagos|Protect\n|move|p1b: Roaring Moon|Acrobatics|p2b: Moltres\n|-damage|p2b: Moltres|86\/100\n|move|p1a: Calyrex|Glacial Lance|p2b: Moltres|[spread] p2b\n|-activate|p2a: Terapagos|move: Protect\n|-damage|p2b: Moltres|45\/100\n|move|p2b: Moltres|Will-O-Wisp|p1a: Calyrex\n|-status|p1a: Calyrex|brn\n|\n|-damage|p1b: Roaring Moon|58\/100 brn|[from] brn\n|-damage|p1a: Calyrex|95\/100 brn|[from] brn\n|upkeep\n|turn|6\n|\n|t:|1739050688\n|move|p1b: Roaring Moon|Acrobatics|p2a: Terapagos\n|-damage|p2a: Terapagos|34\/100\n|move|p1a: Calyrex|Glacial Lance|p2b: Moltres|[spread] p2a,p2b\n|-damage|p2a: Terapagos|21\/100\n|-damage|p2b: Moltres|23\/100\n|move|p2b: Moltres|Roost|p2b: Moltres\n|-heal|p2b: Moltres|74\/100\n|-singleturn|p2b: Moltres|move: Roost\n|move|p2a: Terapagos|Tera Starstorm|p1b: Roaring Moon|[spread] p1a,p1b\n|-damage|p1a: Calyrex|72\/100 brn\n|-damage|p1b: Roaring Moon|31\/100 brn\n|\n|-damage|p1b: Roaring Moon|25\/100 brn|[from] brn\n|-damage|p1a: Calyrex|66\/100 brn|[from] brn\n|-sideend|p1: namboyVGC|move: Tailwind\n|upkeep\n|turn|7\n|\n|t:|1739050704\n|move|p2a: Terapagos|Protect|p2a: Terapagos\n|-singleturn|p2a: Terapagos|Protect\n|move|p1b: Roaring Moon|Tailwind|p1b: Roaring Moon\n|-sidestart|p1: namboyVGC|move: Tailwind\n|move|p1a: Calyrex|Glacial Lance|p2a: Terapagos|[spread] p2b\n|-activate|p2a: Terapagos|move: Protect\n|-crit|p2b: Moltres\n|-damage|p2b: Moltres|42\/100\n|move|p2b: Moltres|Roost|p2b: Moltres\n|-heal|p2b: Moltres|92\/100\n|-singleturn|p2b: Moltres|move: Roost\n|\n|-damage|p1b: Roaring Moon|19\/100 brn|[from] brn\n|-damage|p1a: Calyrex|60\/100 brn|[from] brn\n|upkeep\n|turn|8\n|\n|t:|1739050715\n|move|p1b: Roaring Moon|Acrobatics|p2b: Moltres\n|-damage|p2b: Moltres|78\/100\n|move|p1a: Calyrex|Glacial Lance|p2b: Moltres|[spread] p2a,p2b\n|-damage|p2a: Terapagos|8\/100\n|-damage|p2b: Moltres|56\/100\n|move|p2b: Moltres|Flamethrower|p1a: Calyrex\n|-supereffective|p1a: Calyrex\n|-damage|p1a: Calyrex|10\/100 brn\n|move|p2a: Terapagos|Tera Starstorm|p1a: Calyrex|[spread] p1a,p1b\n|-damage|p1a: Calyrex|0 fnt\n|-damage|p1b: Roaring Moon|0 fnt\n|faint|p1a: Calyrex\n|faint|p1b: Roaring Moon\n|-end|p1b: Roaring Moon|Protosynthesis|[silent]\n|\n|upkeep\n|-message|namboyVGC forfeited.\n|\n|win|Tempest brute\n|raw|namboyVGC's rating: 1603 &rarr; <strong>1582<\/strong><br \/>(-21 for losing)\n|raw|Tempest brute's rating: 1594 &rarr; <strong>1615<\/strong><br \/>(+21 for winning)\n|l|\u2606namboyVGC\n|player|p1|\n|l|\u2606Tempest brute\n|player|p2|\n|l| Triple20\n","uploadtime":1739050897,"views":9,"formatid":"gen9vgc2025regg","rating":1582,"private":0,"password":null}