{"id":"gen9vgc2025regg-2297738838","format":"[Gen 9] VGC 2025 Reg G","players":["stbai","InfinityGroudon"],"log":"|j|\u2606stbai\n|j|\u2606InfinityGroudon\n|t:|1739153044\n|gametype|doubles\n|player|p1|stbai|janitor|1666\n|player|p2|InfinityGroudon|101|1759\n|teamsize|p1|6\n|teamsize|p2|6\n|gen|9\n|tier|[Gen 9] VGC 2025 Reg G\n|rated|\n|rule|Species Clause: Limit one of each Pok\u00e9mon\n|rule|Item Clause: Limit 1 of each item\n|clearpoke\n|poke|p1|Tatsugiri, L50, F|\n|poke|p1|Terapagos, L50, M|\n|poke|p1|Latios, L50, M|\n|poke|p1|Entei, L50|\n|poke|p1|Dondozo, L50, F|\n|poke|p1|Gardevoir, L50, M|\n|poke|p2|Calyrex-Shadow, L50|\n|poke|p2|Incineroar, L50, M|\n|poke|p2|Weezing-Galar, L50, M|\n|poke|p2|Indeedee-F, L50, F|\n|poke|p2|Iron Valiant, L50|\n|poke|p2|Ursaluna-Bloodmoon, L50, M|\n|teampreview|4\n|inactive|Battle timer is ON: inactive players will automatically lose when time's up. (requested by stbai)\n|\n|t:|1739153060\n|start\n|switch|p1a: Dondozo|Dondozo, L50, F|100\/100\n|switch|p1b: Entei|Entei, L50|100\/100\n|switch|p2a: Charming|Iron Valiant, L50, shiny|100\/100\n|switch|p2b: Duncan|Calyrex-Shadow, L50|100\/100\n|-ability|p2b: Duncan|As One\n|-ability|p2b: Duncan|Unnerve\n|-enditem|p2a: Charming|Booster Energy\n|-activate|p2a: Charming|ability: Quark Drive|[fromitem]\n|-start|p2a: Charming|quarkdrivespe\n|turn|1\n|inactive|stbai has 30 seconds left.\n|\n|t:|1739153085\n|move|p2b: Duncan|Protect|p2b: Duncan\n|-singleturn|p2b: Duncan|Protect\n|move|p1a: Dondozo|Protect|p1a: Dondozo\n|-singleturn|p1a: Dondozo|Protect\n|move|p2a: Charming|Close Combat|p1b: Entei\n|-damage|p1b: Entei|40\/100\n|-unboost|p2a: Charming|def|1\n|-unboost|p2a: Charming|spd|1\n|move|p1b: Entei|Sacred Fire|p2a: Charming\n|-damage|p2a: Charming|12\/100\n|\n|upkeep\n|turn|2\n|\n|t:|1739153101\n|-end|p2a: Charming|Quark Drive|[silent]\n|switch|p2a: Mr. Gassy|Weezing-Galar, L50, M|100\/100\n|-ability|p2a: Mr. Gassy|Neutralizing Gas\n|move|p1b: Entei|Extreme Speed|p2a: Mr. Gassy\n|-damage|p2a: Mr. Gassy|75\/100\n|move|p2b: Duncan|Astral Barrage|p1a: Dondozo|[spread] p1a,p1b\n|-damage|p1a: Dondozo|39\/100\n|-damage|p1b: Entei|0 fnt\n|faint|p1b: Entei\n|-ability|p2b: Duncan|Grim Neigh|boost\n|-boost|p2b: Duncan|spa|1\n|-damage|p2b: Duncan|91\/100|[from] item: Life Orb\n|move|p1a: Dondozo|Substitute|p1a: Dondozo\n|-start|p1a: Dondozo|Substitute\n|-damage|p1a: Dondozo|14\/100\n|\n|-heal|p1a: Dondozo|20\/100|[from] item: Leftovers\n|upkeep\n|\n|t:|1739153110\n|switch|p1b: Terapagos|Terapagos, L50, M|100\/100\n|-activate|p1b: Terapagos|ability: Tera Shift\n|detailschange|p1b: Terapagos|Terapagos-Terastal, L50, M\n|-heal|p1b: Terapagos|100\/100|[silent]\n|turn|3\n|\n|t:|1739153130\n|switch|p1b: Tatsugiri|Tatsugiri, L50, F|100\/100\n|-activate|p1b: Tatsugiri|ability: Commander|[of] p1a: Dondozo\n|-boost|p1a: Dondozo|atk|2\n|-boost|p1a: Dondozo|spa|2\n|-boost|p1a: Dondozo|spe|2\n|-boost|p1a: Dondozo|def|2\n|-boost|p1a: Dondozo|spd|2\n|move|p2b: Duncan|Protect|p2b: Duncan\n|-singleturn|p2b: Duncan|Protect\n|move|p1a: Dondozo|Earthquake|p2b: Duncan|[spread] p2a\n|-miss|p1a: Dondozo|p1b: Tatsugiri\n|-activate|p2b: Duncan|move: Protect\n|-supereffective|p2a: Mr. Gassy\n|-damage|p2a: Mr. Gassy|1\/100\n|-enditem|p2a: Mr. Gassy|Sitrus Berry|[eat]\n|-heal|p2a: Mr. Gassy|26\/100|[from] item: Sitrus Berry\n|move|p2a: Mr. Gassy|Sludge Bomb|p1b: Tatsugiri|[miss]\n|-miss|p2a: Mr. Gassy|p1b: Tatsugiri\n|\n|-heal|p1a: Dondozo|26\/100|[from] item: Leftovers\n|upkeep\n|turn|4\n|inactive|InfinityGroudon has 30 seconds left.\n|inactive|stbai has 30 seconds left.\n|\n|t:|1739153163\n|switch|p2b: Charming|Iron Valiant, L50, shiny|12\/100\n|move|p1a: Dondozo|Earthquake|p2b: Charming|[spread] p2a,p2b\n|-miss|p1a: Dondozo|p1b: Tatsugiri\n|-supereffective|p2a: Mr. Gassy\n|-damage|p2a: Mr. Gassy|0 fnt\n|-damage|p2b: Charming|0 fnt\n|faint|p2a: Mr. Gassy\n|-end|p2a: Mr. Gassy|ability: Neutralizing Gas\n|faint|p2b: Charming\n|-end|p2b: Charming|Quark Drive|[silent]\n|\n|-heal|p1a: Dondozo|32\/100|[from] item: Leftovers\n|upkeep\n|\n|t:|1739153167\n|switch|p2b: Duncan|Calyrex-Shadow, L50|91\/100\n|switch|p2a: Suthen|Indeedee-F, L50, F|100\/100\n|-ability|p2b: Duncan|As One\n|-ability|p2b: Duncan|Unnerve\n|-fieldstart|move: Psychic Terrain|[from] ability: Psychic Surge|[of] p2a: Suthen\n|turn|5\n|\n|t:|1739153176\n|move|p1a: Dondozo|Protect|p1a: Dondozo\n|-singleturn|p1a: Dondozo|Protect\n|move|p2a: Suthen|Follow Me|p2a: Suthen\n|-singleturn|p2a: Suthen|move: Follow Me\n|move|p2b: Duncan|Expanding Force|p1b: Tatsugiri|[spread] \n|-miss|p2b: Duncan|p1b: Tatsugiri\n|-activate|p1a: Dondozo|move: Protect\n|\n|-heal|p1a: Dondozo|38\/100|[from] item: Leftovers\n|upkeep\n|turn|6\n|\n|t:|1739153183\n|move|p2b: Duncan|Expanding Force|p1b: Tatsugiri|[spread] p1a\n|-miss|p2b: Duncan|p1b: Tatsugiri\n|-end|p1a: Dondozo|Substitute\n|-damage|p2b: Duncan|81\/100|[from] item: Life Orb\n|move|p1a: Dondozo|Earthquake|p2b: Duncan|[spread] p2a,p2b\n|-miss|p1a: Dondozo|p1b: Tatsugiri\n|-damage|p2a: Suthen|53\/100\n|-damage|p2b: Duncan|25\/100\n|move|p2a: Suthen|Dazzling Gleam|p1b: Tatsugiri|[spread] p1a\n|-miss|p2a: Suthen|p1b: Tatsugiri\n|-damage|p1a: Dondozo|32\/100\n|\n|-heal|p1a: Dondozo|38\/100|[from] item: Leftovers\n|upkeep\n|turn|7\n|\n|t:|1739153198\n|move|p2a: Suthen|Helping Hand|p2b: Duncan\n|-singleturn|p2b: Duncan|Helping Hand|[of] p2a: Suthen\n|move|p2b: Duncan|Expanding Force|p1a: Dondozo|[spread] p1a\n|-miss|p2b: Duncan|p1b: Tatsugiri\n|-damage|p1a: Dondozo|0 fnt\n|faint|p1a: Dondozo\n|-ability|p2b: Duncan|Grim Neigh|boost\n|-boost|p2b: Duncan|spa|1\n|-damage|p2b: Duncan|16\/100|[from] item: Life Orb\n|\n|upkeep\n|\n|t:|1739153201\n|switch|p1a: Terapagos|Terapagos-Terastal, L50, M|100\/100\n|turn|8\n|j| playrornds\n|\n|t:|1739153211\n|-terastallize|p1a: Terapagos|Stellar\n|detailschange|p1a: Terapagos|Terapagos-Stellar, L50, M, tera:Stellar\n|-heal|p1a: Terapagos|100\/100|[silent]\n|-ability|p1a: Terapagos|Teraform Zero\n|-fieldend|move: Psychic Terrain\n|move|p2b: Duncan|Protect|p2b: Duncan\n|-singleturn|p2b: Duncan|Protect\n|move|p1a: Terapagos|Tera Starstorm|p2b: Duncan|[spread] p2a\n|-activate|p2b: Duncan|move: Protect\n|-damage|p2a: Suthen|19\/100\n|move|p1b: Tatsugiri|Muddy Water|p2b: Duncan|[spread] p2a\n|-activate|p2b: Duncan|move: Protect\n|-damage|p2a: Suthen|0 fnt\n|faint|p2a: Suthen\n|\n|upkeep\n|turn|9\n|\n|t:|1739153217\n|-terastallize|p2b: Duncan|Normal\n|move|p2b: Duncan|Hyper Beam|p1a: Terapagos\n|-damage|p1a: Terapagos|0 fnt\n|-mustrecharge|p2b: Duncan\n|faint|p1a: Terapagos\n|-ability|p2b: Duncan|Grim Neigh|boost\n|-boost|p2b: Duncan|spa|1\n|-damage|p2b: Duncan|6\/100|[from] item: Life Orb\n|move|p1b: Tatsugiri|Dragon Pulse|p2b: Duncan\n|-damage|p2b: Duncan|0 fnt\n|faint|p2b: Duncan\n|\n|win|stbai\n|raw|stbai's rating: 1666 &rarr; <strong>1691<\/strong><br \/>(+25 for winning)\n|raw|InfinityGroudon's rating: 1759 &rarr; <strong>1734<\/strong><br \/>(-25 for losing)\n|l|\u2606InfinityGroudon\n|player|p2|\n|l|\u2606stbai\n|player|p1|\n","uploadtime":1739153366,"views":15,"formatid":"gen9vgc2025regg","rating":1691,"private":0,"password":null}