{"id":"gen9vgc2025regg-2297065765","format":"[Gen 9] VGC 2025 Reg G","players":["Shikahkah","Tempest brute"],"log":"|j|\u2606Shikahkah\n|j|\u2606Tempest brute\n|t:|1739053865\n|gametype|doubles\n|player|p1|Shikahkah|266|1644\n|player|p2|Tempest brute|veteran|1596\n|teamsize|p1|6\n|teamsize|p2|4\n|gen|9\n|tier|[Gen 9] VGC 2025 Reg G\n|rated|\n|rule|Species Clause: Limit one of each Pok\u00e9mon\n|rule|Item Clause: Limit 1 of each item\n|clearpoke\n|poke|p1|Scizor, L50, F|\n|poke|p1|Incineroar, L50, F|\n|poke|p1|Calyrex-Shadow, L50|\n|poke|p1|Farigiraf, L50, F|\n|poke|p1|Raging Bolt, L50|\n|poke|p1|Urshifu-*, L50, M|\n|poke|p2|Terapagos, L50, M|\n|poke|p2|Iron Leaves, L50|\n|poke|p2|Iron Hands, L50|\n|poke|p2|Moltres, L50|\n|teampreview|4\n|\n|t:|1739053904\n|start\n|switch|p1a: Calyrex|Calyrex-Shadow, L50|100\/100\n|switch|p1b: Scizor|Scizor, L50, F|100\/100\n|switch|p2a: Terapagos|Terapagos, L50, M|100\/100\n|switch|p2b: Iron Leaves|Iron Leaves, L50|100\/100\n|-activate|p2a: Terapagos|ability: Tera Shift\n|detailschange|p2a: Terapagos|Terapagos-Terastal, L50, M\n|-heal|p2a: Terapagos|100\/100|[silent]\n|-ability|p1a: Calyrex|As One\n|-ability|p1a: Calyrex|Unnerve\n|-enditem|p2b: Iron Leaves|Booster Energy\n|-activate|p2b: Iron Leaves|ability: Quark Drive|[fromitem]\n|-start|p2b: Iron Leaves|quarkdrivespe\n|turn|1\n|inactive|Battle timer is ON: inactive players will automatically lose when time's up. (requested by Shikahkah)\n|\n|t:|1739053935\n|switch|p1a: Incineroar|Incineroar, L50, F|100\/100\n|-ability|p1a: Incineroar|Intimidate|boost\n|-unboost|p2a: Terapagos|atk|1\n|-unboost|p2b: Iron Leaves|atk|1\n|-terastallize|p2a: Terapagos|Stellar\n|detailschange|p2a: Terapagos|Terapagos-Stellar, L50, M, tera:Stellar\n|-heal|p2a: Terapagos|100\/100|[silent]\n|move|p2b: Iron Leaves|Coaching|p2a: Terapagos\n|-boost|p2a: Terapagos|atk|1\n|-boost|p2a: Terapagos|def|1\n|move|p2a: Terapagos|Tera Starstorm|p1b: Scizor|[spread] p1a,p1b\n|-damage|p1a: Incineroar|81\/100\n|-damage|p1b: Scizor|64\/100\n|move|p1b: Scizor|U-turn|p2b: Iron Leaves\n|-supereffective|p2b: Iron Leaves\n|-damage|p2b: Iron Leaves|0 fnt\n|faint|p2b: Iron Leaves\n|-end|p2b: Iron Leaves|Quark Drive|[silent]\n|\n|t:|1739053953\n|switch|p1b: Calyrex|Calyrex-Shadow, L50|100\/100|[from] U-turn\n|-ability|p1b: Calyrex|As One\n|-ability|p1b: Calyrex|Unnerve\n|\n|upkeep\n|\n|t:|1739053955\n|switch|p2b: Iron Hands|Iron Hands, L50|100\/100\n|turn|2\n|\n|t:|1739053965\n|move|p1a: Incineroar|Fake Out|p2a: Terapagos\n|-damage|p2a: Terapagos|96\/100\n|move|p1b: Calyrex|Psyshock|p2b: Iron Hands\n|-supereffective|p2b: Iron Hands\n|-damage|p2b: Iron Hands|33\/100\n|cant|p2a: Terapagos|flinch\n|move|p2b: Iron Hands|Wild Charge|p1b: Calyrex\n|-damage|p1b: Calyrex|42\/100\n|-damage|p2b: Iron Hands|23\/100|[from] Recoil\n|\n|-heal|p2a: Terapagos|100\/100|[from] item: Leftovers\n|upkeep\n|turn|3\n|inactive|Tempest brute has 30 seconds left.\n|\n|t:|1739053991\n|move|p1b: Calyrex|Psyshock|p2b: Iron Hands\n|-supereffective|p2b: Iron Hands\n|-damage|p2b: Iron Hands|0 fnt\n|faint|p2b: Iron Hands\n|-end|p2b: Iron Hands|Quark Drive|[silent]\n|-ability|p1b: Calyrex|Grim Neigh|boost\n|-boost|p1b: Calyrex|spa|1\n|move|p2a: Terapagos|Tera Starstorm|p1b: Calyrex|[spread] p1a,p1b\n|-damage|p1a: Incineroar|62\/100\n|-damage|p1b: Calyrex|8\/100\n|move|p1a: Incineroar|Knock Off|p2a: Terapagos\n|-damage|p2a: Terapagos|83\/100\n|-enditem|p2a: Terapagos|Leftovers|[from] move: Knock Off|[of] p1a: Incineroar\n|\n|upkeep\n|\n|t:|1739053994\n|switch|p2b: Moltres|Moltres, L50|100\/100\n|turn|4\n|\n|t:|1739054012\n|move|p1b: Calyrex|Psyshock|p2b: Moltres\n|-damage|p2b: Moltres|35\/100\n|move|p2b: Moltres|Flamethrower|p1b: Calyrex\n|-damage|p1b: Calyrex|0 fnt\n|faint|p1b: Calyrex\n|move|p2a: Terapagos|Body Press|p1a: Incineroar\n|-supereffective|p1a: Incineroar\n|-damage|p1a: Incineroar|0 fnt\n|faint|p1a: Incineroar\n|\n|upkeep\n|\n|t:|1739054022\n|switch|p1b: Raging Bolt|Raging Bolt, L50|100\/100\n|switch|p1a: Scizor|Scizor, L50, F|64\/100\n|turn|5\n|\n|t:|1739054036\n|move|p1b: Raging Bolt|Thunderclap||[still]\n|-fail|p1b: Raging Bolt\n|move|p2b: Moltres|Roost|p2b: Moltres\n|-heal|p2b: Moltres|85\/100\n|-singleturn|p2b: Moltres|move: Roost\n|move|p2a: Terapagos|Tera Starstorm|p1b: Raging Bolt|[spread] p1a,p1b\n|-damage|p1a: Scizor|30\/100\n|-damage|p1b: Raging Bolt|72\/100\n|move|p1a: Scizor|Close Combat|p2a: Terapagos\n|-supereffective|p2a: Terapagos\n|-damage|p2a: Terapagos|38\/100\n|-unboost|p1a: Scizor|def|1\n|-unboost|p1a: Scizor|spd|1\n|\n|upkeep\n|turn|6\n|\n|t:|1739054053\n|move|p1b: Raging Bolt|Thunderclap|p2a: Terapagos\n|-damage|p2a: Terapagos|9\/100\n|-damage|p1b: Raging Bolt|62\/100|[from] item: Life Orb\n|move|p2b: Moltres|Flamethrower|p1a: Scizor\n|-supereffective|p1a: Scizor\n|-damage|p1a: Scizor|0 fnt\n|faint|p1a: Scizor\n|move|p2a: Terapagos|Tera Starstorm|p1b: Raging Bolt\n|-damage|p1b: Raging Bolt|27\/100\n|\n|upkeep\n|turn|7\n|\n|t:|1739054064\n|move|p2b: Moltres|Will-O-Wisp|p1b: Raging Bolt|[miss]\n|-miss|p2b: Moltres|p1b: Raging Bolt\n|move|p1b: Raging Bolt|Thunderbolt|p2b: Moltres\n|-supereffective|p2b: Moltres\n|-damage|p2b: Moltres|0 fnt\n|faint|p2b: Moltres\n|-damage|p1b: Raging Bolt|17\/100|[from] item: Life Orb\n|move|p2a: Terapagos|Tera Starstorm|p1b: Raging Bolt\n|-damage|p1b: Raging Bolt|0 fnt\n|faint|p1b: Raging Bolt\n|-end|p1b: Raging Bolt|Protosynthesis|[silent]\n|\n|win|Tempest brute\n|raw|Shikahkah's rating: 1644 &rarr; <strong>1621<\/strong><br \/>(-23 for losing)\n|raw|Tempest brute's rating: 1596 &rarr; <strong>1619<\/strong><br \/>(+23 for winning)\n|l|\u2606Shikahkah\n|player|p1|\n","uploadtime":1739054228,"views":19,"formatid":"gen9vgc2025regg","rating":1619,"private":0,"password":null}