{"id":"gen9vgc2025regg-2297685938","format":"[Gen 9] VGC 2025 Reg G","players":["elvegis1","futonkagebunshin"],"log":"|j|\u2606elvegis1\n|j|\u2606futonkagebunshin\n|t:|1739145402\n|gametype|doubles\n|player|p1|elvegis1|lucas|1604\n|player|p2|futonkagebunshin|policeman-gen4|1604\n|teamsize|p1|6\n|teamsize|p2|6\n|gen|9\n|tier|[Gen 9] VGC 2025 Reg G\n|rated|\n|rule|Species Clause: Limit one of each Pok\u00e9mon\n|rule|Item Clause: Limit 1 of each item\n|clearpoke\n|poke|p1|Calyrex-Shadow, L50|\n|poke|p1|Urshifu-*, L50, F|\n|poke|p1|Whimsicott, L50, M|\n|poke|p1|Incineroar, L50, M|\n|poke|p1|Ditto, L50|\n|poke|p1|Okidogi, L50, M|\n|poke|p2|Koraidon, L50|\n|poke|p2|Tornadus, L50, M|\n|poke|p2|Chi-Yu, L50|\n|poke|p2|Flutter Mane, L50|\n|poke|p2|Umbreon, L50, F|\n|poke|p2|Raging Bolt, L50|\n|teampreview|4\n|inactive|Battle timer is ON: inactive players will automatically lose when time's up. (requested by elvegis1)\n|inactive|futonkagebunshin has 60 seconds left.\n|\n|t:|1739145454\n|start\n|switch|p1a: Whimsicott|Whimsicott, L50, M|100\/100\n|switch|p1b: Okidogi|Okidogi, L50, M|100\/100\n|switch|p2a: Raging Bolt|Raging Bolt, L50|100\/100\n|switch|p2b: Koraidon|Koraidon, L50|100\/100\n|-weather|SunnyDay|[from] ability: Orichalcum Pulse|[of] p2b: Koraidon\n|-activate|p2a: Raging Bolt|ability: Protosynthesis\n|-start|p2a: Raging Bolt|protosynthesisspa\n|-activate|p2b: Koraidon|Orichalcum Pulse|[source]\n|turn|1\n|\n|t:|1739145477\n|move|p1a: Whimsicott|Tailwind|p1a: Whimsicott\n|-sidestart|p1: elvegis1|move: Tailwind\n|move|p1b: Okidogi|Poison Jab|p2a: Raging Bolt\n|-damage|p2a: Raging Bolt|63\/100\n|-status|p2a: Raging Bolt|psn\n|move|p2b: Koraidon|Flare Blitz|p1a: Whimsicott\n|-supereffective|p1a: Whimsicott\n|-damage|p1a: Whimsicott|0 fnt\n|faint|p1a: Whimsicott\n|-damage|p2b: Koraidon|71\/100|[from] Recoil\n|move|p2a: Raging Bolt|Thunderbolt|p1b: Okidogi\n|-damage|p1b: Okidogi|53\/100\n|\n|-weather|SunnyDay|[upkeep]\n|-damage|p2a: Raging Bolt|51\/100 psn|[from] psn\n|upkeep\n|\n|t:|1739145492\n|switch|p1a: Ditto|Ditto, L50|100\/100\n|-transform|p1a: Ditto|p2b: Koraidon|[from] ability: Imposter\n|-activate|p1a: Ditto|ability: Orichalcum Pulse\n|turn|2\n|inactive|futonkagebunshin has 30 seconds left.\n|inactive|futonkagebunshin has 20 seconds left.\n|\n|t:|1739145532\n|move|p1a: Ditto|Scale Shot|p2b: Koraidon\n|-supereffective|p2b: Koraidon\n|-damage|p2b: Koraidon|39\/100\n|-supereffective|p2b: Koraidon\n|-damage|p2b: Koraidon|5\/100\n|-supereffective|p2b: Koraidon\n|-damage|p2b: Koraidon|0 fnt\n|faint|p2b: Koraidon\n|-hitcount|p2: Koraidon|3\n|-unboost|p1a: Ditto|def|1\n|-boost|p1a: Ditto|spe|1\n|move|p1b: Okidogi|Drain Punch|p2a: Raging Bolt\n|-damage|p2a: Raging Bolt|14\/100 psn\n|-heal|p1b: Okidogi|76\/100|[from] drain|[of] p2a: Raging Bolt\n|move|p2a: Raging Bolt|Dragon Pulse|p1a: Ditto\n|-supereffective|p1a: Ditto\n|-enditem|p1a: Ditto|Focus Sash\n|-damage|p1a: Ditto|1\/100\n|\n|-weather|SunnyDay|[upkeep]\n|-damage|p2a: Raging Bolt|1\/100 psn|[from] psn\n|upkeep\n|j| RiotJuice\n|\n|t:|1739145552\n|switch|p2b: Tornadus|Tornadus, L50, M|100\/100\n|turn|3\n|\n|t:|1739145574\n|move|p1b: Okidogi|Upper Hand|p2a: Raging Bolt\n|-damage|p2a: Raging Bolt|0 fnt\n|faint|p2a: Raging Bolt\n|-end|p2a: Raging Bolt|Protosynthesis|[silent]\n|move|p2b: Tornadus|Substitute|p2b: Tornadus\n|-start|p2b: Tornadus|Substitute\n|-damage|p2b: Tornadus|76\/100\n|move|p1a: Ditto|Flare Blitz|p2b: Tornadus\n|-end|p2b: Tornadus|Substitute\n|-damage|p1a: Ditto|0 fnt|[from] Recoil|[of] p2b: Tornadus\n|faint|p1a: Ditto\n|\n|-weather|SunnyDay|[upkeep]\n|upkeep\n|j| mr pogostick\n|\n|t:|1739145589\n|switch|p2a: Chi-Yu|Chi-Yu, L50|100\/100\n|switch|p1a: Calyrex|Calyrex-Shadow, L50|100\/100\n|-ability|p1a: Calyrex|As One\n|-ability|p1a: Calyrex|Unnerve\n|-ability|p2a: Chi-Yu|Beads of Ruin\n|turn|4\n|\n|t:|1739145609\n|-terastallize|p1a: Calyrex|Water\n|move|p2b: Tornadus|Tailwind|p2b: Tornadus\n|-sidestart|p2: futonkagebunshin|move: Tailwind\n|move|p1a: Calyrex|Astral Barrage|p2b: Tornadus|[spread] p2a,p2b\n|-resisted|p2a: Chi-Yu\n|-damage|p2a: Chi-Yu|68\/100\n|-damage|p2b: Tornadus|0 fnt\n|faint|p2b: Tornadus\n|-ability|p1a: Calyrex|Grim Neigh|boost\n|-boost|p1a: Calyrex|spa|1\n|move|p2a: Chi-Yu|Heat Wave|p1a: Calyrex|[spread] p1a,p1b\n|-resisted|p1a: Calyrex\n|-damage|p1a: Calyrex|47\/100\n|-damage|p1b: Okidogi|0 fnt\n|-status|p1a: Calyrex|brn\n|faint|p1b: Okidogi\n|\n|-weather|SunnyDay|[upkeep]\n|-damage|p1a: Calyrex|41\/100 brn|[from] brn\n|-sideend|p1: elvegis1|move: Tailwind\n|upkeep\n|turn|5\n|\n|t:|1739145629\n|move|p2a: Chi-Yu|Heat Wave|p1a: Calyrex\n|-resisted|p1a: Calyrex\n|-damage|p1a: Calyrex|0 fnt\n|faint|p1a: Calyrex\n|\n|win|futonkagebunshin\n|raw|elvegis1's rating: 1604 &rarr; <strong>1584<\/strong><br \/>(-20 for losing)\n|raw|futonkagebunshin's rating: 1604 &rarr; <strong>1624<\/strong><br \/>(+20 for winning)\n|l|\u2606elvegis1\n|player|p1|\n|l| mr pogostick\n","uploadtime":1739145868,"views":13,"formatid":"gen9vgc2025regg","rating":1584,"private":0,"password":null}