{"id":"gen9vgc2025regg-2297069387","format":"[Gen 9] VGC 2025 Reg G","players":["Supersuperhero","Chipsnguac421"],"log":"|j|\u2606Supersuperhero\n|j|\u2606Chipsnguac421\n|t:|1739054314\n|gametype|doubles\n|player|p1|Supersuperhero|1|1563\n|player|p2|Chipsnguac421|argenta|1561\n|teamsize|p1|6\n|teamsize|p2|6\n|gen|9\n|tier|[Gen 9] VGC 2025 Reg G\n|rated|\n|rule|Species Clause: Limit one of each Pok\u00e9mon\n|rule|Item Clause: Limit 1 of each item\n|clearpoke\n|poke|p1|Flutter Mane, L50|\n|poke|p1|Groudon, L50|\n|poke|p1|Chi-Yu, L50|\n|poke|p1|Raging Bolt, L50|\n|poke|p1|Sableye, L50, M|\n|poke|p1|Annihilape, L50, M|\n|poke|p2|Slowking, L50, F|\n|poke|p2|Weezing-Galar, L50, F|\n|poke|p2|Baxcalibur, L50, M|\n|poke|p2|Kyogre, L50|\n|poke|p2|Indeedee-F, L50, F|\n|poke|p2|Smeargle, L50, M|\n|teampreview|4\n|j| Fr8ghtRain\n|\n|t:|1739054369\n|start\n|switch|p1a: Raging Bolt|Raging Bolt, L50|100\/100\n|switch|p1b: Flutter Mane|Flutter Mane, L50|100\/100\n|switch|p2a: Smeargle|Smeargle, L50, M|100\/100\n|switch|p2b: Baxcalibur|Baxcalibur, L50, M|100\/100\n|turn|1\n|inactive|Battle timer is ON: inactive players will automatically lose when time's up. (requested by Chipsnguac421)\n|\n|t:|1739054411\n|move|p2b: Baxcalibur|Protect|p2b: Baxcalibur\n|-singleturn|p2b: Baxcalibur|Protect\n|move|p1a: Raging Bolt|Protect|p1a: Raging Bolt\n|-singleturn|p1a: Raging Bolt|Protect\n|move|p1b: Flutter Mane|Icy Wind|p2a: Smeargle|[spread] p2a\n|-activate|p2b: Baxcalibur|move: Protect\n|-damage|p2a: Smeargle|68\/100\n|-unboost|p2a: Smeargle|spe|1\n|move|p2a: Smeargle|Spore|p1b: Flutter Mane\n|-status|p1b: Flutter Mane|slp|[from] move: Spore\n|\n|-ability|p2a: Smeargle|Moody|boost\n|-boost|p2a: Smeargle|atk|2\n|-unboost|p2a: Smeargle|def|1\n|upkeep\n|turn|2\n|inactive|Chipsnguac421 has 30 seconds left.\n|\n|t:|1739054445\n|-terastallize|p2b: Baxcalibur|Poison\n|-terastallize|p1a: Raging Bolt|Fairy\n|cant|p1b: Flutter Mane|slp\n|move|p2b: Baxcalibur|Icicle Spear|p1a: Raging Bolt\n|-damage|p1a: Raging Bolt|89\/100\n|-damage|p1a: Raging Bolt|77\/100\n|-damage|p1a: Raging Bolt|64\/100\n|-damage|p1a: Raging Bolt|51\/100\n|-hitcount|p1a: Raging Bolt|4\n|move|p1a: Raging Bolt|Thunderbolt|p2a: Smeargle\n|-damage|p2a: Smeargle|0 fnt\n|faint|p2a: Smeargle\n|-damage|p1a: Raging Bolt|42\/100|[from] item: Life Orb\n|\n|upkeep\n|\n|t:|1739054465\n|switch|p2a: Weezing|Weezing-Galar, L50, F|100\/100\n|-ability|p2a: Weezing|Neutralizing Gas\n|turn|3\n|\n|t:|1739054483\n|-end|p1a: Raging Bolt|Protosynthesis|[silent]\n|switch|p1a: Chi-Yu|Chi-Yu, L50|100\/100\n|cant|p1b: Flutter Mane|slp\n|move|p2b: Baxcalibur|Icicle Spear|p1b: Flutter Mane\n|-damage|p1b: Flutter Mane|70\/100 slp\n|-damage|p1b: Flutter Mane|37\/100 slp\n|-damage|p1b: Flutter Mane|6\/100 slp\n|-damage|p1b: Flutter Mane|0 fnt\n|faint|p1b: Flutter Mane\n|-end|p1b: Flutter Mane|Protosynthesis|[silent]\n|-hitcount|p1: Flutter Mane|4\n|move|p2a: Weezing|Gunk Shot|p1a: Chi-Yu\n|-damage|p1a: Chi-Yu|17\/100\n|-status|p1a: Chi-Yu|psn\n|\n|-damage|p1a: Chi-Yu|4\/100 psn|[from] psn\n|upkeep\n|\n|t:|1739054494\n|switch|p1b: Groudon|Groudon, L50|100\/100\n|turn|4\n|j| where my keys go\n|inactive|Chipsnguac421 has 30 seconds left.\n|\n|t:|1739054519\n|move|p2b: Baxcalibur|Protect|p2b: Baxcalibur\n|-singleturn|p2b: Baxcalibur|Protect\n|move|p1a: Chi-Yu|Overheat|p2a: Weezing\n|-damage|p2a: Weezing|37\/100\n|-unboost|p1a: Chi-Yu|spa|2\n|move|p1b: Groudon|Precipice Blades|p2a: Weezing|[spread] p2a\n|-activate|p2b: Baxcalibur|move: Protect\n|-supereffective|p2a: Weezing\n|-damage|p2a: Weezing|0 fnt\n|faint|p2a: Weezing\n|-end|p2a: Weezing|ability: Neutralizing Gas\n|-ability|p1a: Chi-Yu|Beads of Ruin\n|-weather|SunnyDay|[from] ability: Drought|[of] p1b: Groudon\n|\n|-weather|SunnyDay|[upkeep]\n|-damage|p1a: Chi-Yu|0 fnt|[from] psn\n|faint|p1a: Chi-Yu\n|upkeep\n|\n|t:|1739054534\n|switch|p1a: Raging Bolt|Raging Bolt, L50, tera:Fairy|42\/100\n|switch|p2a: Kyogre|Kyogre, L50|100\/100\n|-weather|RainDance|[from] ability: Drizzle|[of] p2a: Kyogre\n|turn|5\n|\n|t:|1739054549\n|move|p1a: Raging Bolt|Thunderclap|p2a: Kyogre\n|-supereffective|p2a: Kyogre\n|-damage|p2a: Kyogre|19\/100\n|-damage|p1a: Raging Bolt|32\/100|[from] item: Life Orb\n|move|p2a: Kyogre|Origin Pulse|p1a: Raging Bolt|[spread] p1a,p1b\n|-supereffective|p1b: Groudon\n|-damage|p1a: Raging Bolt|0 fnt\n|-damage|p1b: Groudon|8\/100\n|faint|p1a: Raging Bolt\n|-end|p1a: Raging Bolt|Protosynthesis|[silent]\n|move|p2b: Baxcalibur|Icicle Spear|p1b: Groudon\n|-supereffective|p1b: Groudon\n|-damage|p1b: Groudon|0 fnt\n|faint|p1b: Groudon\n|-hitcount|p1: Groudon|1\n|\n|win|Chipsnguac421\n|raw|Supersuperhero's rating: 1563 &rarr; <strong>1543<\/strong><br \/>(-20 for losing)\n|raw|Chipsnguac421's rating: 1561 &rarr; <strong>1581<\/strong><br \/>(+20 for winning)\n|l|\u2606Supersuperhero\n|player|p1|\n|l| where my keys go\n|l|\u2606Chipsnguac421\n|player|p2|\n|l| Fr8ghtRain\n","uploadtime":1739054784,"views":11,"formatid":"gen9vgc2025regg","rating":1543,"private":0,"password":null}