{"id":"gen9vgc2025regg-2297496398","format":"[Gen 9] VGC 2025 Reg G","players":["chin8","zonavideovigilada"],"log":"|j|\u2606chin8\n|j|\u2606zonavideovigilada\n|t:|1739122643\n|gametype|doubles\n|player|p1|chin8|gentleman-gen4dp|1505\n|player|p2|zonavideovigilada|169|1604\n|teamsize|p1|6\n|teamsize|p2|6\n|gen|9\n|tier|[Gen 9] VGC 2025 Reg G\n|rated|\n|rule|Species Clause: Limit one of each Pok\u00e9mon\n|rule|Item Clause: Limit 1 of each item\n|clearpoke\n|poke|p1|Calyrex-Shadow, L50|\n|poke|p1|Incineroar, L50, F|\n|poke|p1|Rillaboom, L50, M|\n|poke|p1|Gastrodon-East, L50, M|\n|poke|p1|Hitmonchan, L50, M|\n|poke|p1|Tropius, L50, F|\n|poke|p2|Urshifu-*, L50, M|\n|poke|p2|Whimsicott, L50, F|\n|poke|p2|Miraidon, L50|\n|poke|p2|Iron Hands, L50|\n|poke|p2|Incineroar, L50, M|\n|poke|p2|Iron Leaves, L50|\n|teampreview|4\n|inactive|Battle timer is ON: inactive players will automatically lose when time's up. (requested by chin8)\n|\n|t:|1739122674\n|start\n|switch|p1a: Calyrex|Calyrex-Shadow, L50|100\/100\n|switch|p1b: Rillaboom|Rillaboom, L50, M|100\/100\n|switch|p2a: Incineroar|Incineroar, L50, M|100\/100\n|switch|p2b: Miraidon|Miraidon, L50|100\/100\n|-ability|p1a: Calyrex|As One\n|-ability|p1a: Calyrex|Unnerve\n|-fieldstart|move: Electric Terrain|[from] ability: Hadron Engine|[of] p2b: Miraidon\n|-fieldstart|move: Grassy Terrain|[from] ability: Grassy Surge|[of] p1b: Rillaboom\n|-ability|p2a: Incineroar|Intimidate|boost\n|-fail|p1a: Calyrex|unboost|[from] item: Clear Amulet|[of] p1a: Calyrex\n|-unboost|p1b: Rillaboom|atk|1\n|turn|1\n|\n|t:|1739122694\n|switch|p1b: Incineroar|Incineroar, L50, F|100\/100\n|-ability|p1b: Incineroar|Intimidate|boost\n|-unboost|p2a: Incineroar|atk|1\n|-unboost|p2b: Miraidon|atk|1\n|-terastallize|p1a: Calyrex|Fairy\n|move|p1a: Calyrex|Calm Mind|p1a: Calyrex\n|-boost|p1a: Calyrex|spa|1\n|-boost|p1a: Calyrex|spd|1\n|move|p2b: Miraidon|Volt Switch|p1a: Calyrex\n|-damage|p1a: Calyrex|61\/100\n|\n|t:|1739122706\n|switch|p2b: Whimsicott|Whimsicott, L50, F|100\/100|[from] Volt Switch\n|move|p2a: Incineroar|Parting Shot|p1a: Calyrex\n|-fail|p1a: Calyrex|unboost|[from] item: Clear Amulet|[of] p1a: Calyrex\n|\n|-heal|p1a: Calyrex|66\/100|[from] Grassy Terrain\n|upkeep\n|turn|2\n|\n|t:|1739122727\n|move|p1b: Incineroar|Fake Out|p2b: Whimsicott\n|-damage|p2b: Whimsicott|86\/100\n|move|p2b: Whimsicott|Encore|p1a: Calyrex\n|-start|p1a: Calyrex|Encore\n|move|p1a: Calyrex|Calm Mind|p1a: Calyrex\n|-boost|p1a: Calyrex|spa|1\n|-boost|p1a: Calyrex|spd|1\n|move|p2a: Incineroar|Parting Shot|p1b: Incineroar\n|-unboost|p1b: Incineroar|atk|1\n|-unboost|p1b: Incineroar|spa|1\n|\n|t:|1739122742\n|switch|p2a: Iron Leaves|Iron Leaves, L50|100\/100|[from] Parting Shot\n|\n|-heal|p1a: Calyrex|72\/100|[from] Grassy Terrain\n|-heal|p2b: Whimsicott|92\/100|[from] Grassy Terrain\n|upkeep\n|turn|3\n|inactive|zonavideovigilada has 30 seconds left.\n|\n|t:|1739122768\n|switch|p1a: Rillaboom|Rillaboom, L50, M|100\/100\n|switch|p2b: Miraidon|Miraidon, L50|100\/100\n|-fieldstart|move: Electric Terrain|[from] ability: Hadron Engine|[of] p2b: Miraidon\n|-activate|p2a: Iron Leaves|ability: Quark Drive\n|-start|p2a: Iron Leaves|quarkdrivespe\n|move|p2a: Iron Leaves|Psyblade|p1a: Rillaboom\n|-damage|p1a: Rillaboom|23\/100\n|-damage|p2a: Iron Leaves|91\/100|[from] item: Life Orb\n|move|p1b: Incineroar|Will-O-Wisp|p2a: Iron Leaves\n|-status|p2a: Iron Leaves|brn\n|\n|-damage|p2a: Iron Leaves|85\/100 brn|[from] brn\n|upkeep\n|turn|4\n|j| Jfabricio23\n|inactive|zonavideovigilada has 30 seconds left.\n|inactive|zonavideovigilada has 20 seconds left.\n|\n|t:|1739122804\n|-end|p2a: Iron Leaves|Quark Drive|[silent]\n|switch|p2a: Whimsicott|Whimsicott, L50, F|92\/100\n|switch|p1a: Gastrodon|Gastrodon-East, L50, M, shiny|100\/100\n|move|p2b: Miraidon|Dazzling Gleam|p1a: Gastrodon|[spread] p1a,p1b\n|-damage|p1a: Gastrodon|65\/100\n|-damage|p1b: Incineroar|65\/100\n|move|p1b: Incineroar|Parting Shot|p2b: Miraidon\n|-unboost|p2b: Miraidon|atk|1\n|-unboost|p2b: Miraidon|spa|1\n|\n|t:|1739122812\n|switch|p1b: Calyrex|Calyrex-Shadow, L50, tera:Fairy|72\/100|[from] Parting Shot\n|-ability|p1b: Calyrex|As One\n|-ability|p1b: Calyrex|Unnerve\n|\n|-heal|p1a: Gastrodon|71\/100|[from] item: Leftovers\n|upkeep\n|turn|5\n|\n|t:|1739122824\n|switch|p1a: Incineroar|Incineroar, L50, F|65\/100\n|-ability|p1a: Incineroar|Intimidate|boost\n|-unboost|p2a: Whimsicott|atk|1\n|-unboost|p2b: Miraidon|atk|1\n|-terastallize|p2b: Miraidon|Fairy\n|move|p2a: Whimsicott|Light Screen|p2a: Whimsicott\n|-sidestart|p2: zonavideovigilada|move: Light Screen\n|move|p1b: Calyrex|Astral Barrage|p2b: Miraidon|[spread] p2a,p2b\n|-damage|p2a: Whimsicott|41\/100\n|-damage|p2b: Miraidon|68\/100\n|move|p2b: Miraidon|Dazzling Gleam|p1b: Calyrex|[spread] p1a,p1b\n|-damage|p1a: Incineroar|26\/100\n|-damage|p1b: Calyrex|25\/100\n|\n|upkeep\n|turn|6\n|\n|t:|1739122847\n|switch|p1b: Rillaboom|Rillaboom, L50, M|23\/100\n|-fieldstart|move: Grassy Terrain|[from] ability: Grassy Surge|[of] p1b: Rillaboom\n|switch|p2b: Incineroar|Incineroar, L50, M|100\/100\n|-ability|p2b: Incineroar|Intimidate|boost\n|-unboost|p1a: Incineroar|atk|1\n|-unboost|p1b: Rillaboom|atk|1\n|move|p1a: Incineroar|Fake Out|p2b: Incineroar\n|-crit|p2b: Incineroar\n|-damage|p2b: Incineroar|84\/100\n|move|p2a: Whimsicott|Tailwind|p2a: Whimsicott\n|-sidestart|p2: zonavideovigilada|move: Tailwind\n|\n|-heal|p2a: Whimsicott|47\/100|[from] Grassy Terrain\n|-heal|p2b: Incineroar|90\/100|[from] Grassy Terrain\n|-heal|p1b: Rillaboom|29\/100|[from] Grassy Terrain\n|-heal|p1a: Incineroar|32\/100|[from] Grassy Terrain\n|upkeep\n|turn|7\n|inactive|zonavideovigilada has 30 seconds left.\n|\n|t:|1739122873\n|switch|p1b: Gastrodon|Gastrodon-East, L50, M, shiny|71\/100\n|move|p2a: Whimsicott|Moonblast|p1a: Incineroar\n|-damage|p1a: Incineroar|10\/100\n|-enditem|p1a: Incineroar|Aguav Berry|[eat]\n|-heal|p1a: Incineroar|43\/100|[from] item: Aguav Berry\n|move|p2b: Incineroar|Knock Off|p1b: Gastrodon\n|-damage|p1b: Gastrodon|32\/100\n|-enditem|p1b: Gastrodon|Leftovers|[from] move: Knock Off|[of] p2b: Incineroar\n|move|p1a: Incineroar|Parting Shot|p2a: Whimsicott\n|-unboost|p2a: Whimsicott|atk|1\n|-unboost|p2a: Whimsicott|spa|1\n|\n|t:|1739122888\n|switch|p1a: Calyrex|Calyrex-Shadow, L50, tera:Fairy|25\/100|[from] Parting Shot\n|-ability|p1a: Calyrex|As One\n|-ability|p1a: Calyrex|Unnerve\n|\n|-heal|p2a: Whimsicott|53\/100|[from] Grassy Terrain\n|-heal|p1a: Calyrex|31\/100|[from] Grassy Terrain\n|-heal|p2b: Incineroar|96\/100|[from] Grassy Terrain\n|-heal|p1b: Gastrodon|38\/100|[from] Grassy Terrain\n|upkeep\n|turn|8\n|\n|t:|1739122900\n|move|p2a: Whimsicott|Moonblast|p1a: Calyrex\n|-damage|p1a: Calyrex|14\/100\n|move|p1a: Calyrex|Draining Kiss|p2b: Incineroar\n|-damage|p2b: Incineroar|78\/100\n|-heal|p1a: Calyrex|29\/100|[from] drain|[of] p2b: Incineroar\n|move|p2b: Incineroar|Parting Shot|p1b: Gastrodon\n|-unboost|p1b: Gastrodon|atk|1\n|-unboost|p1b: Gastrodon|spa|1\n|\n|t:|1739122912\n|switch|p2b: Iron Leaves|Iron Leaves, L50|85\/100 brn|[from] Parting Shot\n|move|p1b: Gastrodon|Recover|p1b: Gastrodon\n|-heal|p1b: Gastrodon|88\/100\n|\n|-heal|p2a: Whimsicott|59\/100|[from] Grassy Terrain\n|-heal|p2b: Iron Leaves|91\/100 brn|[from] Grassy Terrain\n|-heal|p1a: Calyrex|35\/100|[from] Grassy Terrain\n|-heal|p1b: Gastrodon|94\/100|[from] Grassy Terrain\n|-damage|p2b: Iron Leaves|85\/100 brn|[from] brn\n|upkeep\n|turn|9\n|\n|t:|1739122932\n|switch|p1a: Incineroar|Incineroar, L50, F|43\/100\n|-ability|p1a: Incineroar|Intimidate|boost\n|-unboost|p2a: Whimsicott|atk|1\n|-unboost|p2b: Iron Leaves|atk|1\n|move|p2a: Whimsicott|Encore|p1a: Incineroar\n|-hint|Since gen 7, Dark is immune to Prankster moves.\n|-immune|p1a: Incineroar\n|move|p2b: Iron Leaves|Leaf Blade|p1b: Gastrodon\n|-supereffective|p1b: Gastrodon\n|-crit|p1b: Gastrodon\n|-damage|p1b: Gastrodon|0 fnt\n|faint|p1b: Gastrodon\n|-damage|p2b: Iron Leaves|75\/100 brn|[from] item: Life Orb\n|\n|-heal|p2a: Whimsicott|65\/100|[from] Grassy Terrain\n|-heal|p2b: Iron Leaves|81\/100 brn|[from] Grassy Terrain\n|-heal|p1a: Incineroar|49\/100|[from] Grassy Terrain\n|-damage|p2b: Iron Leaves|75\/100 brn|[from] brn\n|-sideend|p2: zonavideovigilada|move: Light Screen\n|-sideend|p2: zonavideovigilada|move: Tailwind\n|upkeep\n|\n|t:|1739122940\n|switch|p1b: Calyrex|Calyrex-Shadow, L50, tera:Fairy|35\/100\n|-ability|p1b: Calyrex|As One\n|-ability|p1b: Calyrex|Unnerve\n|turn|10\n|inactive|zonavideovigilada has 30 seconds left.\n|\n|t:|1739122973\n|-end|p2b: Iron Leaves|Quark Drive|[silent]\n|switch|p2b: Incineroar|Incineroar, L50, M|78\/100\n|-ability|p2b: Incineroar|Intimidate|boost\n|-unboost|p1a: Incineroar|atk|1\n|-fail|p1b: Calyrex|unboost|[from] item: Clear Amulet|[of] p1b: Calyrex\n|move|p2a: Whimsicott|Tailwind|p2a: Whimsicott\n|-sidestart|p2: zonavideovigilada|move: Tailwind\n|move|p1b: Calyrex|Astral Barrage|p2b: Incineroar|[spread] p2a,p2b\n|-crit|p2a: Whimsicott\n|-resisted|p2b: Incineroar\n|-damage|p2a: Whimsicott|0 fnt\n|-damage|p2b: Incineroar|60\/100\n|faint|p2a: Whimsicott\n|-ability|p1b: Calyrex|Grim Neigh|boost\n|-boost|p1b: Calyrex|spa|1\n|move|p1a: Incineroar|Knock Off|p2b: Incineroar\n|-resisted|p2b: Incineroar\n|-damage|p2b: Incineroar|48\/100\n|-enditem|p2b: Incineroar|Safety Goggles|[from] move: Knock Off|[of] p1a: Incineroar\n|\n|-heal|p1b: Calyrex|40\/100|[from] Grassy Terrain\n|-heal|p2b: Incineroar|53\/100|[from] Grassy Terrain\n|-heal|p1a: Incineroar|55\/100|[from] Grassy Terrain\n|-fieldend|move: Grassy Terrain\n|upkeep\n|\n|t:|1739122992\n|switch|p2a: Miraidon|Miraidon, L50, tera:Fairy|68\/100\n|-fieldstart|move: Electric Terrain|[from] ability: Hadron Engine|[of] p2a: Miraidon\n|turn|11\n|inactive|zonavideovigilada has 30 seconds left.\n|\n|t:|1739123021\n|switch|p2b: Iron Leaves|Iron Leaves, L50|75\/100 brn\n|-activate|p2b: Iron Leaves|ability: Quark Drive\n|-start|p2b: Iron Leaves|quarkdrivespe\n|switch|p1a: Rillaboom|Rillaboom, L50, M|29\/100\n|-fieldstart|move: Grassy Terrain|[from] ability: Grassy Surge|[of] p1a: Rillaboom\n|-end|p2b: Iron Leaves|Quark Drive\n|move|p1b: Calyrex|Protect|p1b: Calyrex\n|-singleturn|p1b: Calyrex|Protect\n|move|p2a: Miraidon|Draco Meteor|p1a: Rillaboom\n|-damage|p1a: Rillaboom|0 fnt\n|-unboost|p2a: Miraidon|spa|2\n|faint|p1a: Rillaboom\n|\n|-heal|p2a: Miraidon|74\/100|[from] Grassy Terrain\n|-heal|p2b: Iron Leaves|81\/100 brn|[from] Grassy Terrain\n|-heal|p1b: Calyrex|46\/100|[from] Grassy Terrain\n|-damage|p2b: Iron Leaves|75\/100 brn|[from] brn\n|upkeep\n|\n|t:|1739123027\n|switch|p1a: Incineroar|Incineroar, L50, F|55\/100\n|-ability|p1a: Incineroar|Intimidate|boost\n|-unboost|p2a: Miraidon|atk|1\n|-unboost|p2b: Iron Leaves|atk|1\n|turn|12\n|inactive|zonavideovigilada has 30 seconds left.\n|\n|t:|1739123059\n|switch|p2a: Incineroar|Incineroar, L50, M|53\/100\n|-ability|p2a: Incineroar|Intimidate|boost\n|-unboost|p1a: Incineroar|atk|1\n|-fail|p1b: Calyrex|unboost|[from] item: Clear Amulet|[of] p1b: Calyrex\n|move|p1a: Incineroar|Fake Out|p2b: Iron Leaves\n|-damage|p2b: Iron Leaves|66\/100 brn\n|cant|p2b: Iron Leaves|flinch\n|move|p1b: Calyrex|Calm Mind|p1b: Calyrex\n|-boost|p1b: Calyrex|spa|1\n|-boost|p1b: Calyrex|spd|1\n|\n|-heal|p2b: Iron Leaves|72\/100 brn|[from] Grassy Terrain\n|-heal|p1b: Calyrex|52\/100|[from] Grassy Terrain\n|-heal|p2a: Incineroar|59\/100|[from] Grassy Terrain\n|-heal|p1a: Incineroar|61\/100|[from] Grassy Terrain\n|-damage|p2b: Iron Leaves|66\/100 brn|[from] brn\n|upkeep\n|turn|13\n|inactive|zonavideovigilada has 30 seconds left.\n|inactive|zonavideovigilada has 20 seconds left.\n|inactive|zonavideovigilada has 15 seconds left.\n|\n|t:|1739123104\n|-end|p2b: Iron Leaves|Quark Drive|[silent]\n|switch|p2b: Miraidon|Miraidon, L50, tera:Fairy|74\/100\n|-fieldstart|move: Electric Terrain|[from] ability: Hadron Engine|[of] p2b: Miraidon\n|move|p1b: Calyrex|Protect|p1b: Calyrex\n|-singleturn|p1b: Calyrex|Protect\n|move|p2a: Incineroar|Parting Shot|p1a: Incineroar\n|-unboost|p1a: Incineroar|atk|1\n|-unboost|p1a: Incineroar|spa|1\n|\n|t:|1739123114\n|switch|p2a: Iron Leaves|Iron Leaves, L50|66\/100 brn|[from] Parting Shot\n|-activate|p2a: Iron Leaves|ability: Quark Drive\n|-start|p2a: Iron Leaves|quarkdrivespe\n|move|p1a: Incineroar|Parting Shot|p2b: Miraidon\n|-unboost|p2b: Miraidon|atk|1\n|-unboost|p2b: Miraidon|spa|1\n|\n|-damage|p2a: Iron Leaves|60\/100 brn|[from] brn\n|-sideend|p2: zonavideovigilada|move: Tailwind\n|upkeep\n|turn|14\n|j| bigpoppalololol\n|\n|t:|1739123138\n|switch|p2b: Incineroar|Incineroar, L50, M|59\/100\n|-ability|p2b: Incineroar|Intimidate|boost\n|-unboost|p1a: Incineroar|atk|1\n|-fail|p1b: Calyrex|unboost|[from] item: Clear Amulet|[of] p1b: Calyrex\n|move|p2a: Iron Leaves|Psyblade|p1b: Calyrex\n|-damage|p1b: Calyrex|10\/100\n|-damage|p2a: Iron Leaves|50\/100 brn|[from] item: Life Orb\n|move|p1b: Calyrex|Astral Barrage|p2b: Incineroar|[spread] p2a,p2b\n|-supereffective|p2a: Iron Leaves\n|-resisted|p2b: Incineroar\n|-damage|p2a: Iron Leaves|0 fnt\n|-damage|p2b: Incineroar|22\/100\n|faint|p2a: Iron Leaves\n|-end|p2a: Iron Leaves|Quark Drive|[silent]\n|-ability|p1b: Calyrex|Grim Neigh|boost\n|-boost|p1b: Calyrex|spa|1\n|move|p1a: Incineroar|Knock Off|p2b: Incineroar\n|-resisted|p2b: Incineroar\n|-damage|p2b: Incineroar|17\/100\n|\n|upkeep\n|\n|t:|1739123147\n|switch|p2a: Miraidon|Miraidon, L50, tera:Fairy|74\/100\n|-activate|p2a: Miraidon|ability: Hadron Engine\n|turn|15\n|\n|t:|1739123156\n|move|p1b: Calyrex|Protect|p1b: Calyrex\n|-singleturn|p1b: Calyrex|Protect\n|move|p2b: Incineroar|Fake Out|p1b: Calyrex\n|-activate|p1b: Calyrex|move: Protect\n|move|p2a: Miraidon|Electro Drift|p1a: Incineroar\n|-damage|p1a: Incineroar|0 fnt\n|faint|p1a: Incineroar\n|\n|upkeep\n|turn|16\n|\n|t:|1739123164\n|move|p1b: Calyrex|Astral Barrage|p2b: Incineroar|[spread] p2a,p2b\n|-resisted|p2b: Incineroar\n|-damage|p2a: Miraidon|0 fnt\n|-damage|p2b: Incineroar|0 fnt\n|faint|p2a: Miraidon\n|faint|p2b: Incineroar\n|\n|win|chin8\n|raw|chin8's rating: 1505 &rarr; <strong>1531<\/strong><br \/>(+26 for winning)\n|raw|zonavideovigilada's rating: 1604 &rarr; <strong>1578<\/strong><br \/>(-26 for losing)\n|l|\u2606zonavideovigilada\n|player|p2|\n|l|\u2606chin8\n|player|p1|\n|l| Jfabricio23\n","uploadtime":1739123316,"views":6,"formatid":"gen9vgc2025regg","rating":1531,"private":0,"password":null}