{"id":"gen9vgc2025regg-2297535524","format":"[Gen 9] VGC 2025 Reg G","players":["Sheevpeuic","chappell murkroan"],"log":"|j|\u2606Sheevpeuic\n|j|\u2606chappell murkroan\n|t:|1739127266\n|gametype|doubles\n|player|p1|Sheevpeuic|2|1536\n|player|p2|chappell murkroan|caitlin|1646\n|teamsize|p1|6\n|teamsize|p2|6\n|gen|9\n|tier|[Gen 9] VGC 2025 Reg G\n|rated|\n|rule|Species Clause: Limit one of each Pok\u00e9mon\n|rule|Item Clause: Limit 1 of each item\n|clearpoke\n|poke|p1|Kyogre, L50|\n|poke|p1|Roaring Moon, L50|\n|poke|p1|Farigiraf, L50, M|\n|poke|p1|Iron Hands, L50|\n|poke|p1|Ogerpon-Wellspring, L50, F|\n|poke|p1|Landorus, L50, M|\n|poke|p2|Koraidon, L50|\n|poke|p2|Walking Wake, L50|\n|poke|p2|Jumpluff, L50, F|\n|poke|p2|Entei, L50|\n|poke|p2|Flutter Mane, L50|\n|poke|p2|Chi-Yu, L50|\n|teampreview|4\n|inactive|Battle timer is ON: inactive players will automatically lose when time's up. (requested by chappell murkroan)\n|\n|t:|1739127291\n|start\n|switch|p1a: Iron Hands|Iron Hands, L50|100\/100\n|switch|p1b: Farigiraf|Farigiraf, L50, M|100\/100\n|switch|p2a: Flutter Mane|Flutter Mane, L50|100\/100\n|switch|p2b: Koraidon|Koraidon, L50|100\/100\n|-weather|SunnyDay|[from] ability: Orichalcum Pulse|[of] p2b: Koraidon\n|-activate|p2a: Flutter Mane|ability: Protosynthesis\n|-start|p2a: Flutter Mane|protosynthesisspe\n|-activate|p2b: Koraidon|Orichalcum Pulse|[source]\n|turn|1\n|\n|t:|1739127302\n|move|p1a: Iron Hands|Fake Out|p2b: Koraidon\n|-damage|p2b: Koraidon|84\/100\n|move|p2a: Flutter Mane|Moonblast|p1a: Iron Hands\n|-supereffective|p1a: Iron Hands\n|-damage|p1a: Iron Hands|34\/100\n|cant|p2b: Koraidon|flinch\n|move|p1b: Farigiraf|Trick Room|p1b: Farigiraf\n|-fieldstart|move: Trick Room|[of] p1b: Farigiraf\n|\n|-weather|SunnyDay|[upkeep]\n|upkeep\n|turn|2\n|\n|t:|1739127318\n|-terastallize|p2b: Koraidon|Fire\n|move|p1b: Farigiraf|Helping Hand|p1a: Iron Hands\n|-singleturn|p1a: Iron Hands|Helping Hand|[of] p1b: Farigiraf\n|move|p1a: Iron Hands|Low Kick|p2b: Koraidon\n|-damage|p2b: Koraidon|0 fnt\n|faint|p2b: Koraidon\n|move|p2a: Flutter Mane|Moonblast|p1a: Iron Hands\n|-supereffective|p1a: Iron Hands\n|-damage|p1a: Iron Hands|0 fnt\n|faint|p1a: Iron Hands\n|-end|p1a: Iron Hands|Quark Drive|[silent]\n|\n|-weather|SunnyDay|[upkeep]\n|upkeep\n|\n|t:|1739127327\n|switch|p1a: Kyogre|Kyogre, L50|100\/100\n|switch|p2b: Walking Wake|Walking Wake, L50|100\/100\n|-weather|RainDance|[from] ability: Drizzle|[of] p1a: Kyogre\n|-end|p2a: Flutter Mane|Protosynthesis\n|turn|3\n|\n|t:|1739127336\n|move|p1b: Farigiraf|Psychic|p2a: Flutter Mane\n|-damage|p2a: Flutter Mane|64\/100\n|move|p1a: Kyogre|Water Spout|p2a: Flutter Mane|[spread] p2a,p2b\n|-resisted|p2b: Walking Wake\n|-damage|p2a: Flutter Mane|0 fnt\n|-damage|p2b: Walking Wake|57\/100\n|faint|p2a: Flutter Mane\n|-end|p2a: Flutter Mane|Protosynthesis|[silent]\n|move|p2b: Walking Wake|Draco Meteor|p1a: Kyogre\n|-damage|p1a: Kyogre|22\/100\n|-unboost|p2b: Walking Wake|spa|2\n|\n|-weather|RainDance|[upkeep]\n|upkeep\n|\n|t:|1739127345\n|switch|p2a: Jumpluff|Jumpluff, L50, F|100\/100\n|turn|4\n|\n|t:|1739127350\n|switch|p1a: Ogerpon|Ogerpon-Wellspring, L50, F|100\/100\n|move|p1b: Farigiraf|Psychic|p2a: Jumpluff\n|-damage|p2a: Jumpluff|64\/100\n|move|p2b: Walking Wake|Draco Meteor|p1a: Ogerpon\n|-damage|p1a: Ogerpon|44\/100\n|-unboost|p2b: Walking Wake|spa|2\n|move|p2a: Jumpluff|Sleep Powder|p1b: Farigiraf\n|-activate|p1b: Farigiraf|item: Safety Goggles|Sleep Powder\n|\n|-weather|RainDance|[upkeep]\n|upkeep\n|turn|5\n|\n|t:|1739127366\n|move|p1b: Farigiraf|Psychic|p2b: Walking Wake\n|-damage|p2b: Walking Wake|15\/100\n|move|p2b: Walking Wake|Draco Meteor|p1b: Farigiraf\n|-damage|p1b: Farigiraf|79\/100\n|-unboost|p2b: Walking Wake|spa|2\n|move|p1a: Ogerpon|Horn Leech|p2b: Walking Wake\n|-damage|p2b: Walking Wake|0 fnt\n|-heal|p1a: Ogerpon|52\/100|[from] drain|[of] p2b: Walking Wake\n|faint|p2b: Walking Wake\n|-end|p2b: Walking Wake|Protosynthesis|[silent]\n|move|p2a: Jumpluff|Acrobatics|p1a: Ogerpon\n|-supereffective|p1a: Ogerpon\n|-damage|p1a: Ogerpon|31\/100\n|\n|-weather|RainDance|[upkeep]\n|-fieldend|move: Trick Room\n|upkeep\n|turn|6\n|-message|chappell murkroan forfeited.\n|\n|win|Sheevpeuic\n|raw|Sheevpeuic's rating: 1536 &rarr; <strong>1562<\/strong><br \/>(+26 for winning)\n|raw|chappell murkroan's rating: 1646 &rarr; <strong>1620<\/strong><br \/>(-26 for losing)\n|l|\u2606chappell murkroan\n|player|p2|\n|l|\u2606Sheevpeuic\n|player|p1|\n","uploadtime":1739127607,"views":8,"formatid":"gen9vgc2025regg","rating":1562,"private":0,"password":null}