{"id":"gen9vgc2025regg-2297917465","format":"[Gen 9] VGC 2025 Reg G","players":["floatsel","seung2742"],"log":"|j|\u2606floatsel\n|j|\u2606seung2742\n|t:|1739186264\n|gametype|doubles\n|player|p1|floatsel|winona|1511\n|player|p2|seung2742|102|1641\n|teamsize|p1|6\n|teamsize|p2|6\n|gen|9\n|tier|[Gen 9] VGC 2025 Reg G\n|rated|\n|rule|Species Clause: Limit one of each Pok\u00e9mon\n|rule|Item Clause: Limit 1 of each item\n|clearpoke\n|poke|p1|Urshifu-*, L50, F|\n|poke|p1|Miraidon, L50|\n|poke|p1|Iron Hands, L50|\n|poke|p1|Chi-Yu, L50|\n|poke|p1|Roaring Moon, L50|\n|poke|p1|Ogerpon-Cornerstone, L50, F|\n|poke|p2|Calyrex-Shadow, L50|\n|poke|p2|Whimsicott, L50, F|\n|poke|p2|Raging Bolt, L50|\n|poke|p2|Chi-Yu, L50|\n|poke|p2|Rillaboom, L50, M|\n|poke|p2|Urshifu-*, L50, M|\n|teampreview|4\n|inactive|Battle timer is ON: inactive players will automatically lose when time's up. (requested by seung2742)\n|inactive|floatsel has 60 seconds left.\n|\n|t:|1739186304\n|start\n|switch|p1a: Chi-Yu|Chi-Yu, L50|100\/100\n|switch|p1b: Roaring Moon|Roaring Moon, L50|100\/100\n|switch|p2a: Whimsicott|Whimsicott, L50, F|100\/100\n|switch|p2b: Chi-Yu|Chi-Yu, L50|100\/100\n|-ability|p2b: Chi-Yu|Beads of Ruin\n|-ability|p1a: Chi-Yu|Beads of Ruin\n|-enditem|p1b: Roaring Moon|Booster Energy\n|-activate|p1b: Roaring Moon|ability: Protosynthesis|[fromitem]\n|-start|p1b: Roaring Moon|protosynthesisspe\n|turn|1\n|\n|t:|1739186315\n|move|p2a: Whimsicott|Tailwind|p2a: Whimsicott\n|-sidestart|p2: seung2742|move: Tailwind\n|move|p2b: Chi-Yu|Heat Wave|p1a: Chi-Yu|[spread] p1b\n|-miss|p2b: Chi-Yu|p1a: Chi-Yu\n|-resisted|p1b: Roaring Moon\n|-damage|p1b: Roaring Moon|68\/100\n|move|p1b: Roaring Moon|Tailwind|p1b: Roaring Moon\n|-sidestart|p1: floatsel|move: Tailwind\n|move|p1a: Chi-Yu|Heat Wave|p2a: Whimsicott|[spread] p2a,p2b\n|-supereffective|p2a: Whimsicott\n|-resisted|p2b: Chi-Yu\n|-damage|p2a: Whimsicott|0 fnt\n|-damage|p2b: Chi-Yu|78\/100\n|faint|p2a: Whimsicott\n|\n|upkeep\n|\n|t:|1739186328\n|switch|p2a: Calyrex|Calyrex-Shadow, L50|100\/100\n|-ability|p2a: Calyrex|As One\n|-ability|p2a: Calyrex|Unnerve\n|turn|2\n|\n|t:|1739186339\n|switch|p2b: Urshifu|Urshifu-Rapid-Strike, L50, M|100\/100\n|-terastallize|p2a: Calyrex|Fairy\n|move|p1b: Roaring Moon|Knock Off|p2a: Calyrex\n|-resisted|p2a: Calyrex\n|-damage|p2a: Calyrex|74\/100\n|-enditem|p2a: Calyrex|Focus Sash|[from] move: Knock Off|[of] p1b: Roaring Moon\n|move|p2a: Calyrex|Draining Kiss|p1b: Roaring Moon\n|-supereffective|p1b: Roaring Moon\n|-damage|p1b: Roaring Moon|0 fnt\n|-heal|p2a: Calyrex|100\/100|[from] drain|[of] p1b: Roaring Moon\n|faint|p1b: Roaring Moon\n|-end|p1b: Roaring Moon|Protosynthesis|[silent]\n|-ability|p2a: Calyrex|Grim Neigh|boost\n|-boost|p2a: Calyrex|spa|1\n|move|p1a: Chi-Yu|Snarl|p2b: Urshifu|[spread] p2a,p2b\n|-resisted|p2a: Calyrex\n|-resisted|p2b: Urshifu\n|-damage|p2a: Calyrex|83\/100\n|-damage|p2b: Urshifu|77\/100\n|-unboost|p2a: Calyrex|spa|1\n|-unboost|p2b: Urshifu|spa|1\n|\n|upkeep\n|\n|t:|1739186359\n|switch|p1b: Ogerpon|Ogerpon-Cornerstone, L50, F|100\/100\n|turn|3\n|\n|t:|1739186372\n|move|p2b: Urshifu|Surging Strikes|p1b: Ogerpon\n|-crit|p1b: Ogerpon\n|-damage|p1b: Ogerpon|70\/100\n|-crit|p1b: Ogerpon\n|-damage|p1b: Ogerpon|40\/100\n|-crit|p1b: Ogerpon\n|-damage|p1b: Ogerpon|13\/100\n|-hitcount|p1b: Ogerpon|3\n|move|p2a: Calyrex|Astral Barrage|p1a: Chi-Yu|[spread] p1a,p1b\n|-resisted|p1a: Chi-Yu\n|-damage|p1a: Chi-Yu|69\/100\n|-damage|p1b: Ogerpon|0 fnt\n|faint|p1b: Ogerpon\n|-ability|p2a: Calyrex|Grim Neigh|boost\n|-boost|p2a: Calyrex|spa|1\n|move|p1a: Chi-Yu|Heat Wave|p2a: Calyrex|[spread] p2a,p2b\n|-resisted|p2b: Urshifu\n|-damage|p2a: Calyrex|23\/100\n|-damage|p2b: Urshifu|31\/100\n|\n|upkeep\n|\n|t:|1739186386\n|switch|p1b: Miraidon|Miraidon, L50|100\/100\n|-fieldstart|move: Electric Terrain|[from] ability: Hadron Engine|[of] p1b: Miraidon\n|turn|4\n|\n|t:|1739186394\n|-terastallize|p1b: Miraidon|Fairy\n|move|p1a: Chi-Yu|Protect|p1a: Chi-Yu\n|-singleturn|p1a: Chi-Yu|Protect\n|move|p2b: Urshifu|Surging Strikes|p1a: Chi-Yu\n|-supereffective|p1a: Chi-Yu\n|-crit|p1a: Chi-Yu\n|-damage|p1a: Chi-Yu|0 fnt\n|faint|p1a: Chi-Yu\n|-hitcount|p1: Chi-Yu|1\n|move|p2a: Calyrex|Draining Kiss|p1b: Miraidon\n|-damage|p1b: Miraidon|47\/100\n|-heal|p2a: Calyrex|63\/100|[from] drain|[of] p1b: Miraidon\n|move|p1b: Miraidon|Dazzling Gleam|p2b: Urshifu|[spread] p2a,p2b\n|-supereffective|p2b: Urshifu\n|-damage|p2a: Calyrex|0 fnt\n|-damage|p2b: Urshifu|0 fnt\n|faint|p2a: Calyrex\n|faint|p2b: Urshifu\n|\n|-sideend|p1: floatsel|move: Tailwind\n|-sideend|p2: seung2742|move: Tailwind\n|upkeep\n|\n|t:|1739186410\n|switch|p2a: Chi-Yu|Chi-Yu, L50|78\/100\n|-ability|p2a: Chi-Yu|Beads of Ruin\n|turn|5\n|\n|t:|1739186414\n|move|p1b: Miraidon|Dazzling Gleam|p2a: Chi-Yu\n|-damage|p2a: Chi-Yu|0 fnt\n|faint|p2a: Chi-Yu\n|\n|win|floatsel\n|raw|floatsel's rating: 1511 &rarr; <strong>1538<\/strong><br \/>(+27 for winning)\n|raw|seung2742's rating: 1641 &rarr; <strong>1614<\/strong><br \/>(-27 for losing)\n|l|\u2606floatsel\n|player|p1|\n|l|\u2606seung2742\n|player|p2|\n","uploadtime":1739186581,"views":8,"formatid":"gen9vgc2025regg","rating":1538,"private":0,"password":null}