{"id":"gen9vgc2025regg-2297920064","format":"[Gen 9] VGC 2025 Reg G","players":["huyuplan","chin8"],"log":"|j|\u2606huyuplan\n|j|\u2606chin8\n|t:|1739186707\n|gametype|doubles\n|player|p1|huyuplan|lucas|1624\n|player|p2|chin8|gentleman-gen4dp|1544\n|teamsize|p1|6\n|teamsize|p2|6\n|gen|9\n|tier|[Gen 9] VGC 2025 Reg G\n|rated|\n|rule|Species Clause: Limit one of each Pok\u00e9mon\n|rule|Item Clause: Limit 1 of each item\n|clearpoke\n|poke|p1|Regidrago, L50|\n|poke|p1|Zacian-*, L50|\n|poke|p1|Torkoal, L50, F|\n|poke|p1|Farigiraf, L50, F|\n|poke|p1|Tornadus, L50, M|\n|poke|p1|Raging Bolt, L50|\n|poke|p2|Calyrex-Shadow, L50|\n|poke|p2|Incineroar, L50, M|\n|poke|p2|Rillaboom, L50, F|\n|poke|p2|Gastrodon-East, L50, M|\n|poke|p2|Hitmonchan, L50, M|\n|poke|p2|Tropius, L50, F|\n|teampreview|4\n|inactive|Battle timer is ON: inactive players will automatically lose when time's up. (requested by chin8)\n|\n|t:|1739186728\n|start\n|switch|p1a: Tornadus|Tornadus, L50, M|100\/100\n|switch|p1b: Regidrago|Regidrago, L50|100\/100\n|switch|p2a: Calyrex|Calyrex-Shadow, L50|100\/100\n|switch|p2b: Tropius|Tropius, L50, F|100\/100\n|-ability|p2a: Calyrex|As One\n|-ability|p2a: Calyrex|Unnerve\n|turn|1\n|\n|t:|1739186748\n|move|p2a: Calyrex|Protect|p2a: Calyrex\n|-singleturn|p2a: Calyrex|Protect\n|move|p1a: Tornadus|Tailwind|p1a: Tornadus\n|-sidestart|p1: huyuplan|move: Tailwind\n|move|p1b: Regidrago|Dragon Energy|p2a: Calyrex|[spread] p2b\n|-activate|p2a: Calyrex|move: Protect\n|-crit|p2b: Tropius\n|-damage|p2b: Tropius|10\/100\n|-enditem|p2b: Tropius|Sitrus Berry|[eat]\n|-heal|p2b: Tropius|34\/100|[from] item: Sitrus Berry\n|move|p2b: Tropius|Leech Seed|p1b: Regidrago\n|-start|p1b: Regidrago|move: Leech Seed\n|\n|-damage|p1b: Regidrago|88\/100|[from] Leech Seed|[of] p2b: Tropius\n|-heal|p2b: Tropius|51\/100|[silent]\n|upkeep\n|turn|2\n|inactive|huyuplan has 30 seconds left.\n|\n|t:|1739186775\n|move|p2b: Tropius|Wide Guard|p2b: Tropius\n|-singleturn|p2b: Tropius|Wide Guard\n|move|p1a: Tornadus|Bleakwind Storm|p2b: Tropius|[spread] \n|-activate|p2a: Calyrex|move: Wide Guard\n|-activate|p2b: Tropius|move: Wide Guard\n|move|p1b: Regidrago|Dragon Energy|p2b: Tropius|[spread] \n|-activate|p2a: Calyrex|move: Wide Guard\n|-activate|p2b: Tropius|move: Wide Guard\n|move|p2a: Calyrex|Calm Mind|p2a: Calyrex\n|-boost|p2a: Calyrex|spa|1\n|-boost|p2a: Calyrex|spd|1\n|\n|-damage|p1b: Regidrago|76\/100|[from] Leech Seed|[of] p2b: Tropius\n|-heal|p2b: Tropius|67\/100|[silent]\n|-item|p2b: Tropius|Sitrus Berry|[from] ability: Harvest\n|upkeep\n|turn|3\n|\n|t:|1739186797\n|move|p1b: Regidrago|Protect|p1b: Regidrago\n|-singleturn|p1b: Regidrago|Protect\n|move|p2b: Tropius|Wide Guard|p2b: Tropius\n|-singleturn|p2b: Tropius|Wide Guard\n|move|p1a: Tornadus|Taunt|p2b: Tropius\n|-start|p2b: Tropius|move: Taunt\n|move|p2a: Calyrex|Astral Barrage|p1b: Regidrago|[spread] p1a\n|-activate|p1b: Regidrago|move: Protect\n|-damage|p1a: Tornadus|0 fnt\n|faint|p1a: Tornadus\n|-ability|p2a: Calyrex|Grim Neigh|boost\n|-boost|p2a: Calyrex|spa|1\n|\n|-damage|p1b: Regidrago|63\/100|[from] Leech Seed|[of] p2b: Tropius\n|-heal|p2b: Tropius|84\/100|[silent]\n|upkeep\n|\n|t:|1739186816\n|switch|p1a: Zacian|Zacian-Crowned, L50|100\/100\n|-ability|p1a: Zacian|Intrepid Sword|boost\n|-boost|p1a: Zacian|atk|1\n|turn|4\n|inactive|huyuplan has 30 seconds left.\n|\n|t:|1739186845\n|switch|p1b: Farigiraf|Farigiraf, L50, F|100\/100\n|switch|p2b: Incineroar|Incineroar, L50, M|100\/100\n|-ability|p2b: Incineroar|Intimidate|boost\n|-unboost|p1a: Zacian|atk|1\n|-unboost|p1b: Farigiraf|atk|1\n|move|p2a: Calyrex|Protect|p2a: Calyrex\n|-singleturn|p2a: Calyrex|Protect\n|move|p1a: Zacian|Behemoth Blade|p2b: Incineroar\n|-resisted|p2b: Incineroar\n|-damage|p2b: Incineroar|78\/100\n|\n|-sideend|p1: huyuplan|move: Tailwind\n|upkeep\n|turn|5\n|inactive|huyuplan has 30 seconds left.\n|\n|t:|1739186872\n|-terastallize|p1a: Zacian|Dark\n|move|p1a: Zacian|Crunch|p2a: Calyrex\n|-supereffective|p2a: Calyrex\n|-damage|p2a: Calyrex|0 fnt\n|faint|p2a: Calyrex\n|move|p2b: Incineroar|Knock Off|p1b: Farigiraf\n|-supereffective|p1b: Farigiraf\n|-damage|p1b: Farigiraf|18\/100\n|-enditem|p1b: Farigiraf|Mental Herb|[from] move: Knock Off|[of] p2b: Incineroar\n|move|p1b: Farigiraf|Hyper Voice|p2b: Incineroar\n|-damage|p2b: Incineroar|42\/100\n|\n|upkeep\n|\n|t:|1739186880\n|switch|p2a: Rillaboom|Rillaboom, L50, F|100\/100\n|-fieldstart|move: Grassy Terrain|[from] ability: Grassy Surge|[of] p2a: Rillaboom\n|turn|6\n|\n|t:|1739186900\n|switch|p2b: Tropius|Tropius, L50, F|84\/100\n|move|p1b: Farigiraf|Helping Hand|p1a: Zacian\n|-singleturn|p1a: Zacian|Helping Hand|[of] p1b: Farigiraf\n|move|p1a: Zacian|Behemoth Blade|p2a: Rillaboom\n|-damage|p2a: Rillaboom|36\/100\n|move|p2a: Rillaboom|U-turn|p1b: Farigiraf\n|-supereffective|p1b: Farigiraf\n|-damage|p1b: Farigiraf|0 fnt\n|faint|p1b: Farigiraf\n|\n|t:|1739186907\n|switch|p2a: Incineroar|Incineroar, L50, M|42\/100|[from] U-turn\n|-ability|p2a: Incineroar|Intimidate|boost\n|-unboost|p1a: Zacian|atk|1\n|\n|-heal|p2a: Incineroar|48\/100|[from] Grassy Terrain\n|upkeep\n|\n|t:|1739186918\n|switch|p1b: Regidrago|Regidrago, L50|63\/100\n|turn|7\n|\n|t:|1739186926\n|move|p1a: Zacian|Protect|p1a: Zacian\n|-singleturn|p1a: Zacian|Protect\n|move|p1b: Regidrago|Protect|p1b: Regidrago\n|-singleturn|p1b: Regidrago|Protect\n|move|p2a: Incineroar|Fake Out|p1b: Regidrago\n|-activate|p1b: Regidrago|move: Protect\n|move|p2b: Tropius|Leech Seed|p1a: Zacian\n|-activate|p1a: Zacian|move: Protect\n|\n|-heal|p1b: Regidrago|70\/100|[from] Grassy Terrain\n|-heal|p2a: Incineroar|54\/100|[from] Grassy Terrain\n|upkeep\n|turn|8\n|inactive|huyuplan has 30 seconds left.\n|inactive|huyuplan has 20 seconds left.\n|inactive|huyuplan has 15 seconds left.\n|\n|t:|1739186966\n|switch|p2b: Rillaboom|Rillaboom, L50, F|36\/100\n|move|p1a: Zacian|Behemoth Blade|p2b: Rillaboom\n|-damage|p2b: Rillaboom|7\/100\n|move|p1b: Regidrago|Dragon Energy|p2a: Incineroar|[spread] p2a,p2b\n|-damage|p2a: Incineroar|0 fnt\n|-damage|p2b: Rillaboom|0 fnt\n|faint|p2a: Incineroar\n|faint|p2b: Rillaboom\n|\n|-heal|p1b: Regidrago|76\/100|[from] Grassy Terrain\n|upkeep\n|-message|chin8 forfeited.\n|\n|win|huyuplan\n|raw|huyuplan's rating: 1624 &rarr; <strong>1639<\/strong><br \/>(+15 for winning)\n|raw|chin8's rating: 1544 &rarr; <strong>1529<\/strong><br \/>(-15 for losing)\n|l|\u2606chin8\n|player|p2|\n|l|\u2606huyuplan\n|player|p1|\n","uploadtime":1739187133,"views":13,"formatid":"gen9vgc2025regg","rating":1529,"private":0,"password":null}