{"id":"gen9vgc2025regg-2297645399","format":"[Gen 9] VGC 2025 Reg G","players":["DimensionalFool","TheLoanRanger"],"log":"|j|\u203dDimensionalFool\n|j|\u2606TheLoanRanger\n|t:|1739140029\n|gametype|doubles\n|player|p1|DimensionalFool|266|1670\n|player|p2|TheLoanRanger|gardenia|1695\n|teamsize|p1|6\n|teamsize|p2|6\n|gen|9\n|tier|[Gen 9] VGC 2025 Reg G\n|rated|\n|rule|Species Clause: Limit one of each Pok\u00e9mon\n|rule|Item Clause: Limit 1 of each item\n|clearpoke\n|poke|p1|Grimmsnarl, L50, M|\n|poke|p1|Landorus, L50, M|\n|poke|p1|Calyrex-Ice, L50|\n|poke|p1|Pelipper, L50, M|\n|poke|p1|Urshifu-*, L50, M|\n|poke|p1|Rillaboom, L50, F|\n|poke|p2|Miraidon, L50|\n|poke|p2|Suicune, L50|\n|poke|p2|Urshifu-*, L50, F|\n|poke|p2|Gholdengo, L50|\n|poke|p2|Ogerpon-Hearthflame, L50, F|\n|poke|p2|Landorus, L50, M|\n|teampreview|4\nTheLoanRanger has agreed to open team sheets.\n|inactive|Battle timer is ON: inactive players will automatically lose when time's up. (requested by DimensionalFool)\n|\n|t:|1739140069\n|start\n|switch|p1a: Calyrex|Calyrex-Ice, L50|100\/100\n|switch|p1b: Grimmsnarl|Grimmsnarl, L50, M|100\/100\n|switch|p2a: Suicune|Suicune, L50|100\/100\n|switch|p2b: Ogerpon|Ogerpon-Hearthflame, L50, F|100\/100\n|-ability|p1a: Calyrex|As One\n|-ability|p1a: Calyrex|Unnerve\n|-ability|p2b: Ogerpon|Mold Breaker\n|turn|1\n|\n|t:|1739140092\n|-terastallize|p1a: Calyrex|Water\n|move|p1b: Grimmsnarl|Thunder Wave|p2b: Ogerpon\n|-status|p2b: Ogerpon|par\n|move|p1a: Calyrex|Glacial Lance|p2b: Ogerpon|[spread] p2a,p2b\n|-resisted|p2a: Suicune\n|-crit|p2a: Suicune\n|-damage|p2a: Suicune|68\/100\n|-damage|p2b: Ogerpon|44\/100 par\n|move|p2b: Ogerpon|Ivy Cudgel|p1b: Grimmsnarl|[anim] Ivy Cudgel Fire\n|-damage|p1b: Grimmsnarl|44\/100\n|move|p2a: Suicune|Roar|p1a: Calyrex\n|drag|p1a: Pelipper|Pelipper, L50, M|100\/100\n|-weather|RainDance|[from] ability: Drizzle|[of] p1a: Pelipper\n|\n|-weather|RainDance|[upkeep]\n|upkeep\n|turn|2\n|\n|t:|1739140115\n|move|p1b: Grimmsnarl|Light Screen|p1b: Grimmsnarl\n|-sidestart|p1: DimensionalFool|move: Light Screen\n|move|p1a: Pelipper|Hurricane|p2b: Ogerpon\n|-supereffective|p2b: Ogerpon\n|-damage|p2b: Ogerpon|0 fnt\n|faint|p2b: Ogerpon\n|move|p2a: Suicune|Scald|p1b: Grimmsnarl\n|-damage|p1b: Grimmsnarl|21\/100\n|-status|p1b: Grimmsnarl|brn\n|\n|-weather|RainDance|[upkeep]\n|-damage|p1b: Grimmsnarl|15\/100 brn|[from] brn\n|upkeep\n|\n|t:|1739140121\n|switch|p2b: Miraidon|Miraidon, L50|100\/100\n|-fieldstart|move: Electric Terrain|[from] ability: Hadron Engine|[of] p2b: Miraidon\n|turn|3\n|inactive|DimensionalFool has 30 seconds left.\n|\n|t:|1739140147\n|switch|p1a: Rillaboom|Rillaboom, L50, F|100\/100\n|-fieldstart|move: Grassy Terrain|[from] ability: Grassy Surge|[of] p1a: Rillaboom\n|switch|p2a: Gholdengo|Gholdengo, L50|100\/100\n|move|p1b: Grimmsnarl|Trick|p2b: Miraidon\n|-activate|p1b: Grimmsnarl|move: Trick|[of] p2b: Miraidon\n|-item|p2b: Miraidon|Lagging Tail|[from] move: Trick\n|-item|p1b: Grimmsnarl|Choice Specs|[from] move: Trick\n|move|p2b: Miraidon|Volt Switch|p1a: Rillaboom\n|-resisted|p1a: Rillaboom\n|-damage|p1a: Rillaboom|87\/100\n|\n|t:|1739140156\n|switch|p2b: Suicune|Suicune, L50|68\/100|[from] Volt Switch\n|\n|-weather|RainDance|[upkeep]\n|-heal|p2b: Suicune|74\/100|[from] Grassy Terrain\n|-heal|p1a: Rillaboom|93\/100|[from] Grassy Terrain\n|-heal|p1b: Grimmsnarl|21\/100 brn|[from] Grassy Terrain\n|-damage|p1b: Grimmsnarl|15\/100 brn|[from] brn\n|upkeep\n|turn|4\n|\n|t:|1739140173\n|switch|p2b: Miraidon|Miraidon, L50|100\/100\n|-fieldstart|move: Electric Terrain|[from] ability: Hadron Engine|[of] p2b: Miraidon\n|move|p1b: Grimmsnarl|Trick|p2b: Miraidon\n|-activate|p1b: Grimmsnarl|move: Trick|[of] p2b: Miraidon\n|-item|p2b: Miraidon|Choice Specs|[from] move: Trick\n|-item|p1b: Grimmsnarl|Lagging Tail|[from] move: Trick\n|move|p2a: Gholdengo|Nasty Plot|p2a: Gholdengo\n|-boost|p2a: Gholdengo|spa|2\n|move|p1a: Rillaboom|Drum Beating|p2b: Miraidon\n|-resisted|p2b: Miraidon\n|-damage|p2b: Miraidon|85\/100\n|-unboost|p2b: Miraidon|spe|1\n|\n|-weather|RainDance|[upkeep]\n|-damage|p1b: Grimmsnarl|9\/100 brn|[from] brn\n|upkeep\n|turn|5\n|inactive|TheLoanRanger has 30 seconds left.\n|inactive|TheLoanRanger has 20 seconds left.\n|\n|t:|1739140212\n|switch|p1a: Pelipper|Pelipper, L50, M|100\/100\n|move|p2a: Gholdengo|Shadow Ball|p1a: Pelipper\n|-damage|p1a: Pelipper|4\/100\n|move|p2b: Miraidon|Volt Switch|p1a: Pelipper\n|-supereffective|p1a: Pelipper\n|-damage|p1a: Pelipper|0 fnt\n|faint|p1a: Pelipper\n|\n|t:|1739140218\n|switch|p2b: Suicune|Suicune, L50|74\/100|[from] Volt Switch\n|move|p1b: Grimmsnarl|Spirit Break|p2a: Gholdengo\n|-resisted|p2a: Gholdengo\n|-damage|p2a: Gholdengo|93\/100\n|-unboost|p2a: Gholdengo|spa|1\n|\n|-weather|none\n|-heal|p2a: Gholdengo|99\/100|[from] item: Leftovers\n|-damage|p1b: Grimmsnarl|3\/100 brn|[from] brn\n|upkeep\n|\n|t:|1739140222\n|switch|p1a: Rillaboom|Rillaboom, L50, F|93\/100\n|-fieldstart|move: Grassy Terrain|[from] ability: Grassy Surge|[of] p1a: Rillaboom\n|turn|6\n|\n|t:|1739140239\n|switch|p2b: Miraidon|Miraidon, L50|85\/100\n|-fieldstart|move: Electric Terrain|[from] ability: Hadron Engine|[of] p2b: Miraidon\n|move|p2a: Gholdengo|Nasty Plot|p2a: Gholdengo\n|-boost|p2a: Gholdengo|spa|2\n|move|p1a: Rillaboom|High Horsepower|p2a: Gholdengo\n|-supereffective|p2a: Gholdengo\n|-damage|p2a: Gholdengo|29\/100\n|move|p1b: Grimmsnarl|Spirit Break|p2a: Gholdengo\n|-resisted|p2a: Gholdengo\n|-damage|p2a: Gholdengo|22\/100\n|-unboost|p2a: Gholdengo|spa|1\n|\n|-heal|p2a: Gholdengo|28\/100|[from] item: Leftovers\n|-damage|p1b: Grimmsnarl|0 fnt|[from] brn\n|faint|p1b: Grimmsnarl\n|-sideend|p1: DimensionalFool|move: Light Screen\n|upkeep\n|\n|t:|1739140250\n|switch|p1b: Calyrex|Calyrex-Ice, L50, tera:Water|100\/100\n|-ability|p1b: Calyrex|As One\n|-ability|p1b: Calyrex|Unnerve\n|turn|7\n|\n|t:|1739140266\n|move|p2b: Miraidon|Electro Drift|p1b: Calyrex\n|-supereffective|p1b: Calyrex\n|-damage|p1b: Calyrex|0 fnt\n|faint|p1b: Calyrex\n|move|p2a: Gholdengo|Make It Rain|p1a: Rillaboom\n|-damage|p1a: Rillaboom|0 fnt\n|-unboost|p2a: Gholdengo|spa|1\n|faint|p1a: Rillaboom\n|\n|win|TheLoanRanger\n|raw|DimensionalFool's rating: 1670 &rarr; <strong>1651<\/strong><br \/>(-19 for losing)\n|raw|TheLoanRanger's rating: 1695 &rarr; <strong>1714<\/strong><br \/>(+19 for winning)\n|l|\u203dDimensionalFool\n|player|p1|\n|l|\u2606TheLoanRanger\n|player|p2|\n","uploadtime":1739140483,"views":42,"formatid":"gen9vgc2025regg","rating":1651,"private":0,"password":null}