{"id":"gen9vgc2025regg-2297479650","format":"[Gen 9] VGC 2025 Reg G","players":["longhq","Yung Trav"],"log":"|j|\u203dlonghq\n|j|\u2606Yung Trav\n|t:|1739120644\n|gametype|doubles\n|player|p1|longhq|dawn|1585\n|player|p2|Yung Trav|169|1668\n|teamsize|p1|6\n|teamsize|p2|6\n|gen|9\n|tier|[Gen 9] VGC 2025 Reg G\n|rated|\n|rule|Species Clause: Limit one of each Pok\u00e9mon\n|rule|Item Clause: Limit 1 of each item\n|clearpoke\n|poke|p1|Raging Bolt, L50|\n|poke|p1|Gouging Fire, L50|\n|poke|p1|Koraidon, L50|\n|poke|p1|Indeedee-F, L50, F|\n|poke|p1|Kingambit, L50, F|\n|poke|p1|Jumpluff, L50, F|\n|poke|p2|Calyrex-Ice, L50|\n|poke|p2|Regidrago, L50|\n|poke|p2|Smeargle, L50, M|\n|poke|p2|Farigiraf, L50, M|\n|poke|p2|Urshifu-*, L50, M|\n|poke|p2|Ogerpon-Cornerstone, L50, F|\n|teampreview|4\n|inactive|Battle timer is ON: inactive players will automatically lose when time's up. (requested by Yung Trav)\n|inactive|longhq has 60 seconds left.\n|inactive|longhq has 30 seconds left.\n|inactive|longhq has 20 seconds left.\n|\n|t:|1739120717\n|start\n|switch|p1a: Koraidon|Koraidon, L50|100\/100\n|switch|p1b: Kingambit|Kingambit, L50, F|100\/100\n|switch|p2a: Calyrex|Calyrex-Ice, L50|100\/100\n|switch|p2b: Ogerpon|Ogerpon-Cornerstone, L50, F|100\/100\n|-ability|p2a: Calyrex|As One\n|-ability|p2a: Calyrex|Unnerve\n|-weather|SunnyDay|[from] ability: Orichalcum Pulse|[of] p1a: Koraidon\n|-activate|p1a: Koraidon|Orichalcum Pulse|[source]\n|turn|1\n|inactive|Yung Trav has 30 seconds left.\n|\n|t:|1739120743\n|-terastallize|p1a: Koraidon|Fire\n|move|p2b: Ogerpon|Follow Me|p2b: Ogerpon\n|-singleturn|p2b: Ogerpon|move: Follow Me\n|move|p1a: Koraidon|Breaking Swipe|p2b: Ogerpon|[spread] p2a,p2b\n|-damage|p2a: Calyrex|72\/100\n|-damage|p2b: Ogerpon|33\/100\n|-unboost|p2b: Ogerpon|atk|1\n|move|p1b: Kingambit|Iron Head|p2b: Ogerpon\n|-supereffective|p2b: Ogerpon\n|-damage|p2b: Ogerpon|0 fnt\n|faint|p2b: Ogerpon\n|move|p2a: Calyrex|Trick Room|p2a: Calyrex\n|-fieldstart|move: Trick Room|[of] p2a: Calyrex\n|\n|-weather|SunnyDay|[upkeep]\n|upkeep\n|\n|t:|1739120767\n|switch|p2b: Smeargle|Smeargle, L50, M, shiny|100\/100\n|turn|2\n|\n|t:|1739120789\n|-terastallize|p2a: Calyrex|Water\n|move|p1b: Kingambit|Iron Head|p2a: Calyrex\n|-resisted|p2a: Calyrex\n|-damage|p2a: Calyrex|59\/100\n|move|p2b: Smeargle|Decorate|p2a: Calyrex\n|-boost|p2a: Calyrex|atk|2\n|-boost|p2a: Calyrex|spa|2\n|cant|p2a: Calyrex|flinch\n|move|p1a: Koraidon|Breaking Swipe|p2b: Smeargle|[spread] p2a,p2b\n|-damage|p2a: Calyrex|32\/100\n|-damage|p2b: Smeargle|35\/100\n|-unboost|p2b: Smeargle|atk|1\n|\n|-weather|SunnyDay|[upkeep]\n|upkeep\n|turn|3\n|inactive|longhq has 30 seconds left.\n|\n|t:|1739120816\n|move|p2b: Smeargle|Follow Me|p2b: Smeargle\n|-singleturn|p2b: Smeargle|move: Follow Me\n|move|p1b: Kingambit|Kowtow Cleave|p2b: Smeargle\n|-damage|p2b: Smeargle|0 fnt\n|faint|p2b: Smeargle\n|move|p2a: Calyrex|High Horsepower|p1a: Koraidon\n|-supereffective|p1a: Koraidon\n|-damage|p1a: Koraidon|0 fnt\n|faint|p1a: Koraidon\n|-ability|p2a: Calyrex|Chilling Neigh|boost\n|-boost|p2a: Calyrex|atk|1\n|\n|-weather|SunnyDay|[upkeep]\n|upkeep\n|j| Therazer456\n|\n|t:|1739120840\n|switch|p2b: Regidrago|Regidrago, L50, shiny|100\/100\n|switch|p1a: Jumpluff|Jumpluff, L50, F|100\/100\n|turn|4\n|j| teddyster\n|\n|t:|1739120864\n|move|p2b: Regidrago|Dragon Energy|p1a: Jumpluff|[spread] p1a,p1b\n|-resisted|p1b: Kingambit\n|-damage|p1a: Jumpluff|13\/100\n|-damage|p1b: Kingambit|60\/100\n|move|p1b: Kingambit|Kowtow Cleave|p2a: Calyrex\n|-damage|p2a: Calyrex|0 fnt\n|faint|p2a: Calyrex\n|move|p1a: Jumpluff|Sleep Powder|p2b: Regidrago\n|-status|p2b: Regidrago|slp|[from] move: Sleep Powder\n|\n|-weather|SunnyDay|[upkeep]\n|upkeep\n|turn|5\n|l| Therazer456\n|-message|Yung Trav forfeited.\n|\n|win|longhq\n|raw|longhq's rating: 1585 &rarr; <strong>1610<\/strong><br \/>(+25 for winning)\n|raw|Yung Trav's rating: 1668 &rarr; <strong>1643<\/strong><br \/>(-25 for losing)\n|l|\u2606Yung Trav\n|player|p2|\n|l|\u203dlonghq\n|player|p1|\n","uploadtime":1739121101,"views":11,"formatid":"gen9vgc2025regg","rating":1610,"private":0,"password":null}