{"id":"gen9vgc2025regg-2297070961","format":"[Gen 9] VGC 2025 Reg G","players":["Tempest brute","superpowerpoke"],"log":"|j|\u2606Tempest brute\n|j|\u2606superpowerpoke\n|t:|1739054505\n|gametype|doubles\n|player|p1|Tempest brute|veteran|1619\n|player|p2|superpowerpoke|1|1700\n|teamsize|p1|4\n|teamsize|p2|6\n|gen|9\n|tier|[Gen 9] VGC 2025 Reg G\n|rated|\n|rule|Species Clause: Limit one of each Pok\u00e9mon\n|rule|Item Clause: Limit 1 of each item\n|clearpoke\n|poke|p1|Terapagos, L50, M|\n|poke|p1|Iron Leaves, L50|\n|poke|p1|Iron Hands, L50|\n|poke|p1|Moltres, L50|\n|poke|p2|Kyogre, L50|\n|poke|p2|Whimsicott, L50, M|\n|poke|p2|Chien-Pao, L50|\n|poke|p2|Urshifu-*, L50, F|\n|poke|p2|Iron Leaves, L50|\n|poke|p2|Raging Bolt, L50|\n|teampreview|4\n|j| Meiser63\n|\n|t:|1739054538\n|start\n|switch|p1a: Terapagos|Terapagos, L50, M|100\/100\n|switch|p1b: Iron Leaves|Iron Leaves, L50|100\/100\n|switch|p2a: Whimsicott|Whimsicott, L50, M|100\/100\n|switch|p2b: Urshifu|Urshifu, L50, F|100\/100\n|-activate|p1a: Terapagos|ability: Tera Shift\n|detailschange|p1a: Terapagos|Terapagos-Terastal, L50, M\n|-heal|p1a: Terapagos|100\/100|[silent]\n|-enditem|p1b: Iron Leaves|Booster Energy\n|-activate|p1b: Iron Leaves|ability: Quark Drive|[fromitem]\n|-start|p1b: Iron Leaves|quarkdrivespe\n|turn|1\n|\n|t:|1739054552\n|-end|p1b: Iron Leaves|Quark Drive|[silent]\n|switch|p1b: Iron Hands|Iron Hands, L50|100\/100\n|switch|p1a: Moltres|Moltres, L50|100\/100\n|move|p2a: Whimsicott|Tailwind|p2a: Whimsicott\n|-sidestart|p2: superpowerpoke|move: Tailwind\n|move|p2b: Urshifu|Wicked Blow|p1b: Iron Hands\n|-resisted|p1b: Iron Hands\n|-crit|p1b: Iron Hands\n|-damage|p1b: Iron Hands|67\/100\n|\n|upkeep\n|turn|2\n|\n|t:|1739054567\n|move|p1b: Iron Hands|Fake Out|p2b: Urshifu\n|-damage|p2b: Urshifu|86\/100\n|move|p2a: Whimsicott|Moonblast|p1b: Iron Hands\n|-supereffective|p1b: Iron Hands\n|-damage|p1b: Iron Hands|30\/100\n|-unboost|p1b: Iron Hands|spa|1\n|cant|p2b: Urshifu|flinch\n|move|p1a: Moltres|Will-O-Wisp|p2b: Urshifu\n|-status|p2b: Urshifu|brn\n|\n|-damage|p2b: Urshifu|80\/100 brn|[from] brn\n|upkeep\n|turn|3\n|\n|t:|1739054585\n|-end|p1b: Iron Hands|Quark Drive|[silent]\n|switch|p1b: Terapagos|Terapagos-Terastal, L50, M|100\/100\n|move|p2a: Whimsicott|Moonblast|p1b: Terapagos\n|-activate|p1b: Terapagos|ability: Tera Shell\n|-resisted|p1b: Terapagos\n|-damage|p1b: Terapagos|87\/100\n|move|p2b: Urshifu|Wicked Blow|p1a: Moltres\n|-crit|p1a: Moltres\n|-damage|p1a: Moltres|65\/100\n|move|p1a: Moltres|Flamethrower|p2a: Whimsicott\n|-supereffective|p2a: Whimsicott\n|-enditem|p2a: Whimsicott|Focus Sash\n|-damage|p2a: Whimsicott|1\/100\n|\n|-heal|p1b: Terapagos|93\/100|[from] item: Leftovers\n|-damage|p2b: Urshifu|74\/100 brn|[from] brn\n|upkeep\n|turn|4\n|\n|t:|1739054642\n|switch|p1b: Iron Hands|Iron Hands, L50|30\/100\n|move|p2a: Whimsicott|Endeavor|p1b: Iron Hands\n|-damage|p1b: Iron Hands|1\/100\n|move|p2b: Urshifu|Wicked Blow|p1b: Iron Hands\n|-resisted|p1b: Iron Hands\n|-crit|p1b: Iron Hands\n|-damage|p1b: Iron Hands|0 fnt\n|faint|p1b: Iron Hands\n|-end|p1b: Iron Hands|Quark Drive|[silent]\n|move|p1a: Moltres|Roost|p1a: Moltres\n|-heal|p1a: Moltres|100\/100\n|-singleturn|p1a: Moltres|move: Roost\n|\n|-damage|p2b: Urshifu|68\/100 brn|[from] brn\n|-sideend|p2: superpowerpoke|move: Tailwind\n|upkeep\n|\n|t:|1739054647\n|switch|p1b: Iron Leaves|Iron Leaves, L50|100\/100\n|turn|5\n|\n|t:|1739054674\n|move|p2a: Whimsicott|Tailwind|p2a: Whimsicott\n|-sidestart|p2: superpowerpoke|move: Tailwind\n|move|p2b: Urshifu|Wicked Blow|p1b: Iron Leaves\n|-supereffective|p1b: Iron Leaves\n|-crit|p1b: Iron Leaves\n|-damage|p1b: Iron Leaves|25\/100\n|move|p1b: Iron Leaves|Leaf Blade|p2a: Whimsicott\n|-resisted|p2a: Whimsicott\n|-damage|p2a: Whimsicott|0 fnt\n|faint|p2a: Whimsicott\n|move|p1a: Moltres|Air Slash|p2b: Urshifu\n|-supereffective|p2b: Urshifu\n|-damage|p2b: Urshifu|0 fnt\n|faint|p2b: Urshifu\n|\n|upkeep\n|\n|t:|1739054689\n|switch|p2a: Kyogre|Kyogre, L50|100\/100\n|switch|p2b: Chien-Pao|Chien-Pao, L50|100\/100\n|-ability|p2b: Chien-Pao|Sword of Ruin\n|-weather|RainDance|[from] ability: Drizzle|[of] p2a: Kyogre\n|turn|6\n|\n|t:|1739054705\n|-terastallize|p2b: Chien-Pao|Ice\n|move|p1b: Iron Leaves|Protect|p1b: Iron Leaves\n|-singleturn|p1b: Iron Leaves|Protect\n|move|p2b: Chien-Pao|Ice Spinner|p1a: Moltres\n|-damage|p1a: Moltres|20\/100\n|-status|p2b: Chien-Pao|brn|[from] ability: Flame Body|[of] p1a: Moltres\n|-damage|p2b: Chien-Pao|91\/100 brn|[from] item: Life Orb\n|move|p2a: Kyogre|Water Spout|p1a: Moltres|[spread] p1a\n|-activate|p1b: Iron Leaves|move: Protect\n|-supereffective|p1a: Moltres\n|-damage|p1a: Moltres|0 fnt\n|faint|p1a: Moltres\n|\n|-weather|RainDance|[upkeep]\n|-damage|p2b: Chien-Pao|85\/100 brn|[from] brn\n|upkeep\n|\n|t:|1739054708\n|switch|p1a: Terapagos|Terapagos-Terastal, L50, M|93\/100\n|turn|7\n|\n|t:|1739054736\n|-terastallize|p1a: Terapagos|Stellar\n|detailschange|p1a: Terapagos|Terapagos-Stellar, L50, M, tera:Stellar\n|-heal|p1a: Terapagos|95\/100|[silent]\n|-ability|p1a: Terapagos|Teraform Zero\n|-weather|none\n|move|p1b: Iron Leaves|Protect||[still]\n|-fail|p1b: Iron Leaves\n|move|p2b: Chien-Pao|Ice Spinner|p1b: Iron Leaves\n|-supereffective|p1b: Iron Leaves\n|-damage|p1b: Iron Leaves|0 fnt\n|faint|p1b: Iron Leaves\n|-end|p1b: Iron Leaves|Quark Drive|[silent]\n|-damage|p2b: Chien-Pao|76\/100 brn|[from] item: Life Orb\n|move|p2a: Kyogre|Water Spout|p1a: Terapagos\n|-damage|p1a: Terapagos|53\/100\n|move|p1a: Terapagos|Tera Starstorm|p2a: Kyogre|[spread] p2a,p2b\n|-supereffective|p2b: Chien-Pao\n|-damage|p2a: Kyogre|82\/100\n|-damage|p2b: Chien-Pao|0 fnt\n|faint|p2b: Chien-Pao\n|\n|-heal|p1a: Terapagos|59\/100|[from] item: Leftovers\n|upkeep\n|turn|8\n|\n|t:|1739054761\n|move|p1a: Terapagos|Protect|p1a: Terapagos\n|-singleturn|p1a: Terapagos|Protect\n|move|p2a: Kyogre|Water Spout|p1a: Terapagos\n|-activate|p1a: Terapagos|move: Protect\n|\n|-heal|p1a: Terapagos|65\/100|[from] item: Leftovers\n|-sideend|p2: superpowerpoke|move: Tailwind\n|upkeep\n|turn|9\n|\n|t:|1739054765\n|move|p2a: Kyogre|Thunder|p1a: Terapagos\n|-damage|p1a: Terapagos|42\/100\n|move|p1a: Terapagos|Toxic|p2a: Kyogre\n|-status|p2a: Kyogre|tox\n|\n|-heal|p1a: Terapagos|48\/100|[from] item: Leftovers\n|-damage|p2a: Kyogre|76\/100 tox|[from] psn\n|upkeep\n|turn|10\n|-message|superpowerpoke forfeited.\n|\n|win|Tempest brute\n|raw|Tempest brute's rating: 1619 &rarr; <strong>1644<\/strong><br \/>(+25 for winning)\n|raw|superpowerpoke's rating: 1700 &rarr; <strong>1675<\/strong><br \/>(-25 for losing)\n|l|\u2606superpowerpoke\n|player|p2|\n|l|\u2606Tempest brute\n|player|p1|\n|l| Meiser63\n","uploadtime":1739054922,"views":8,"formatid":"gen9vgc2025regg","rating":1644,"private":0,"password":null}