{"id":"gen9vgc2025regg-2297107423","format":"[Gen 9] VGC 2025 Reg G","players":["Xermaeus","Benjojos"],"log":"|j|\u2606Xermaeus\n|j|\u2606Benjojos\n|t:|1739059182\n|gametype|doubles\n|player|p1|Xermaeus|170|1617\n|player|p2|Benjojos|depotagent|1593\n|teamsize|p1|6\n|teamsize|p2|6\n|gen|9\n|tier|[Gen 9] VGC 2025 Reg G\n|rated|\n|rule|Species Clause: Limit one of each Pok\u00e9mon\n|rule|Item Clause: Limit 1 of each item\n|clearpoke\n|poke|p1|Whimsicott, L50, F|\n|poke|p1|Miraidon, L50|\n|poke|p1|Farigiraf, L50, M|\n|poke|p1|Iron Hands, L50|\n|poke|p1|Ogerpon-Hearthflame, L50, F|\n|poke|p1|Urshifu-*, L50, F|\n|poke|p2|Calyrex-Ice, L50|\n|poke|p2|Indeedee-F, L50, F|\n|poke|p2|Annihilape, L50, M|\n|poke|p2|Heatran, L50, F|\n|poke|p2|Sinistcha, L50|\n|poke|p2|Iron Valiant, L50|\n|teampreview|4\n|\n|t:|1739059206\n|start\n|switch|p1a: Miraidon|Miraidon, L50|100\/100\n|switch|p1b: Farigiraf|Farigiraf, L50, M, shiny|100\/100\n|switch|p2a: Calyrex|Calyrex-Ice, L50|100\/100\n|switch|p2b: Indeedee|Indeedee-F, L50, F|100\/100\n|-ability|p2a: Calyrex|As One\n|-ability|p2a: Calyrex|Unnerve\n|-fieldstart|move: Electric Terrain|[from] ability: Hadron Engine|[of] p1a: Miraidon\n|-enditem|p1b: Farigiraf|Electric Seed\n|-boost|p1b: Farigiraf|def|1|[from] item: Electric Seed\n|-fieldstart|move: Psychic Terrain|[from] ability: Psychic Surge|[of] p2b: Indeedee\n|-enditem|p2b: Indeedee|Psychic Seed\n|-boost|p2b: Indeedee|spd|1|[from] item: Psychic Seed\n|turn|1\n|inactive|Battle timer is ON: inactive players will automatically lose when time's up. (requested by Benjojos)\n|j| Baguettezzz\n|\n|t:|1739059231\n|move|p1b: Farigiraf|Helping Hand|p1a: Miraidon\n|-singleturn|p1a: Miraidon|Helping Hand|[of] p1b: Farigiraf\n|move|p1a: Miraidon|Volt Switch|p2a: Calyrex\n|-damage|p2a: Calyrex|56\/100\n|\n|t:|1739059236\n|switch|p1a: Iron Hands|Iron Hands, L50, shiny|100\/100|[from] Volt Switch\n|move|p2b: Indeedee|Psychic|p1a: Iron Hands\n|-supereffective|p1a: Iron Hands\n|-damage|p1a: Iron Hands|52\/100\n|-unboost|p1a: Iron Hands|spd|1\n|move|p2a: Calyrex|Glacial Lance|p1b: Farigiraf|[spread] p1a,p1b\n|-damage|p1a: Iron Hands|19\/100\n|-damage|p1b: Farigiraf|70\/100\n|\n|upkeep\n|turn|2\n|inactive|Xermaeus has 30 seconds left.\n|\n|t:|1739059266\n|move|p2a: Calyrex|Glacial Lance|p1a: Iron Hands|[spread] p1a,p1b\n|-damage|p1a: Iron Hands|0 fnt\n|-damage|p1b: Farigiraf|43\/100\n|faint|p1a: Iron Hands\n|-end|p1a: Iron Hands|Quark Drive|[silent]\n|-ability|p2a: Calyrex|Chilling Neigh|boost\n|-boost|p2a: Calyrex|atk|1\n|move|p1b: Farigiraf|Foul Play|p2a: Calyrex\n|-supereffective|p2a: Calyrex\n|-damage|p2a: Calyrex|0 fnt\n|faint|p2a: Calyrex\n|move|p2b: Indeedee|Trick Room|p2b: Indeedee\n|-fieldstart|move: Trick Room|[of] p2b: Indeedee\n|\n|upkeep\n|\n|t:|1739059285\n|switch|p1a: Urshifu|Urshifu, L50, F|100\/100\n|switch|p2a: Sinistcha|Sinistcha, L50|100\/100\n|turn|3\n|\n|t:|1739059304\n|-terastallize|p2a: Sinistcha|Dark\n|move|p2a: Sinistcha|Rage Powder|p2a: Sinistcha\n|-singleturn|p2a: Sinistcha|move: Rage Powder\n|move|p2b: Indeedee|Psychic|p1b: Farigiraf\n|-resisted|p1b: Farigiraf\n|-crit|p1b: Farigiraf\n|-damage|p1b: Farigiraf|17\/100\n|move|p1a: Urshifu|Wicked Blow|p2a: Sinistcha\n|-resisted|p2a: Sinistcha\n|-crit|p2a: Sinistcha\n|-damage|p2a: Sinistcha|76\/100\n|-damage|p1a: Urshifu|84\/100|[from] item: Rocky Helmet|[of] p2a: Sinistcha\n|move|p1b: Farigiraf|Trick Room|p1b: Farigiraf\n|-fieldend|move: Trick Room\n|\n|upkeep\n|turn|4\n|inactive|Xermaeus has 30 seconds left.\n|inactive|Xermaeus has 20 seconds left.\n|\n|t:|1739059343\n|move|p1b: Farigiraf|Helping Hand|p1a: Urshifu\n|-singleturn|p1a: Urshifu|Helping Hand|[of] p1b: Farigiraf\n|move|p2b: Indeedee|Follow Me|p2b: Indeedee\n|-singleturn|p2b: Indeedee|move: Follow Me\n|move|p1a: Urshifu|Close Combat|p2b: Indeedee\n|-damage|p2b: Indeedee|0 fnt\n|-unboost|p1a: Urshifu|def|1\n|-unboost|p1a: Urshifu|spd|1\n|faint|p2b: Indeedee\n|move|p2a: Sinistcha|Matcha Gotcha|p1a: Urshifu|[spread] p1a,p1b\n|-crit|p1b: Farigiraf\n|-damage|p1a: Urshifu|29\/100\n|-heal|p2a: Sinistcha|100\/100|[from] drain|[of] p1a: Urshifu\n|-damage|p1b: Farigiraf|0 fnt\n|-status|p1a: Urshifu|brn\n|faint|p1b: Farigiraf\n|\n|-damage|p1a: Urshifu|23\/100 brn|[from] brn\n|upkeep\n|\n|t:|1739059363\n|switch|p2b: Annihilape|Annihilape, L50, M|100\/100\n|switch|p1b: Miraidon|Miraidon, L50|100\/100\n|-fieldstart|move: Electric Terrain|[from] ability: Hadron Engine|[of] p1b: Miraidon\n|turn|5\n|\n|t:|1739059377\n|-terastallize|p1b: Miraidon|Fairy\n|move|p1b: Miraidon|Dazzling Gleam|p2b: Annihilape|[spread] p2a,p2b\n|-supereffective|p2a: Sinistcha\n|-supereffective|p2b: Annihilape\n|-damage|p2a: Sinistcha|0 fnt\n|-enditem|p2b: Annihilape|Focus Sash\n|-damage|p2b: Annihilape|1\/100\n|faint|p2a: Sinistcha\n|move|p2b: Annihilape|Rage Fist|p1a: Urshifu\n|-resisted|p1a: Urshifu\n|-damage|p1a: Urshifu|0 fnt\n|faint|p1a: Urshifu\n|\n|upkeep\n|turn|6\n|\n|t:|1739059390\n|move|p1b: Miraidon|Dazzling Gleam|p2b: Annihilape\n|-supereffective|p2b: Annihilape\n|-damage|p2b: Annihilape|0 fnt\n|faint|p2b: Annihilape\n|\n|win|Xermaeus\n|raw|Xermaeus's rating: 1617 &rarr; <strong>1636<\/strong><br \/>(+19 for winning)\n|raw|Benjojos's rating: 1593 &rarr; <strong>1574<\/strong><br \/>(-19 for losing)\n|l|\u2606Benjojos\n|player|p2|\n|l|\u2606Xermaeus\n|player|p1|\n|l| Baguettezzz\n","uploadtime":1739059640,"views":6,"formatid":"gen9vgc2025regg","rating":1574,"private":0,"password":null}