{"id":"gen9vgc2025regg-2297097498","format":"[Gen 9] VGC 2025 Reg G","players":["badpiplupvgc","Xermaeus"],"log":"|j|\u2606badpiplupvgc\n|j|\u2606Xermaeus\n|t:|1739057905\n|gametype|doubles\n|player|p1|badpiplupvgc|265|1609\n|player|p2|Xermaeus|170|1657\n|teamsize|p1|6\n|teamsize|p2|6\n|gen|9\n|tier|[Gen 9] VGC 2025 Reg G\n|rated|\n|rule|Species Clause: Limit one of each Pok\u00e9mon\n|rule|Item Clause: Limit 1 of each item\n|clearpoke\n|poke|p1|Calyrex-Ice, L50|\n|poke|p1|Amoonguss, L50, F|\n|poke|p1|Raging Bolt, L50|\n|poke|p1|Chi-Yu, L50|\n|poke|p1|Rillaboom, L50, F|\n|poke|p1|Urshifu-*, L50, M|\n|poke|p2|Whimsicott, L50, F|\n|poke|p2|Miraidon, L50|\n|poke|p2|Farigiraf, L50, M|\n|poke|p2|Iron Hands, L50|\n|poke|p2|Ogerpon-Hearthflame, L50, F|\n|poke|p2|Urshifu-*, L50, M|\n|teampreview|4\n|\n|t:|1739057936\n|start\n|switch|p1a: Calyrex|Calyrex-Ice, L50|100\/100\n|switch|p1b: Rillaboom|Rillaboom, L50, F|100\/100\n|switch|p2a: Miraidon|Miraidon, L50|100\/100\n|switch|p2b: Farigiraf|Farigiraf, L50, M, shiny|100\/100\n|-ability|p1a: Calyrex|As One\n|-ability|p1a: Calyrex|Unnerve\n|-fieldstart|move: Electric Terrain|[from] ability: Hadron Engine|[of] p2a: Miraidon\n|-enditem|p2b: Farigiraf|Electric Seed\n|-boost|p2b: Farigiraf|def|1|[from] item: Electric Seed\n|-fieldstart|move: Grassy Terrain|[from] ability: Grassy Surge|[of] p1b: Rillaboom\n|turn|1\n|inactive|Battle timer is ON: inactive players will automatically lose when time's up. (requested by badpiplupvgc)\n|\n|t:|1739058007\n|-terastallize|p2a: Miraidon|Fairy\n|-terastallize|p1a: Calyrex|Fire\n|move|p2a: Miraidon|Draco Meteor|p1a: Calyrex\n|-damage|p1a: Calyrex|32\/100\n|-unboost|p2a: Miraidon|spa|2\n|move|p1b: Rillaboom|U-turn|p2b: Farigiraf\n|-supereffective|p2b: Farigiraf\n|-damage|p2b: Farigiraf|75\/100\n|\n|t:|1739058017\n|switch|p1b: Amoonguss|Amoonguss, L50, F|100\/100|[from] U-turn\n|move|p2b: Farigiraf|Foul Play|p1b: Amoonguss\n|-damage|p1b: Amoonguss|87\/100\n|-damage|p2b: Farigiraf|59\/100|[from] item: Rocky Helmet|[of] p1b: Amoonguss\n|move|p1a: Calyrex|Glacial Lance|p2a: Miraidon|[spread] p2a,p2b\n|-damage|p2a: Miraidon|42\/100\n|-damage|p2b: Farigiraf|28\/100\n|\n|-heal|p2a: Miraidon|48\/100|[from] Grassy Terrain\n|-heal|p2b: Farigiraf|34\/100|[from] Grassy Terrain\n|-heal|p1a: Calyrex|38\/100|[from] Grassy Terrain\n|-heal|p1b: Amoonguss|93\/100|[from] Grassy Terrain\n|upkeep\n|turn|2\n|\n|t:|1739058041\n|switch|p2a: Iron Hands|Iron Hands, L50, shiny|100\/100\n|move|p1b: Amoonguss|Rage Powder|p1b: Amoonguss\n|-singleturn|p1b: Amoonguss|move: Rage Powder\n|move|p2b: Farigiraf|Psychic|p1b: Amoonguss\n|-supereffective|p1b: Amoonguss\n|-damage|p1b: Amoonguss|32\/100\n|move|p1a: Calyrex|Trick Room|p1a: Calyrex\n|-fieldstart|move: Trick Room|[of] p1a: Calyrex\n|\n|-heal|p1b: Amoonguss|38\/100|[from] Grassy Terrain\n|-heal|p1a: Calyrex|43\/100|[from] Grassy Terrain\n|-heal|p2b: Farigiraf|41\/100|[from] Grassy Terrain\n|upkeep\n|turn|3\n|inactive|badpiplupvgc has 30 seconds left.\n|inactive|badpiplupvgc has 20 seconds left.\n|inactive|badpiplupvgc has 15 seconds left.\n|inactive|badpiplupvgc has 10 seconds left.\n|inactive|badpiplupvgc has 5 seconds left.\n|\n|t:|1739058091\n|switch|p2b: Miraidon|Miraidon, L50, tera:Fairy|48\/100\n|-fieldstart|move: Electric Terrain|[from] ability: Hadron Engine|[of] p2b: Miraidon\n|-activate|p2a: Iron Hands|ability: Quark Drive\n|-start|p2a: Iron Hands|quarkdriveatk\n|move|p2a: Iron Hands|Fake Out|p1a: Calyrex\n|-damage|p1a: Calyrex|29\/100\n|move|p1b: Amoonguss|Rage Powder|p1b: Amoonguss\n|-singleturn|p1b: Amoonguss|move: Rage Powder\n|cant|p1a: Calyrex|flinch\n|\n|upkeep\n|turn|4\n|inactive|badpiplupvgc has 30 seconds left.\n|\n|t:|1739058125\n|switch|p1b: Rillaboom|Rillaboom, L50, F|100\/100\n|-fieldstart|move: Grassy Terrain|[from] ability: Grassy Surge|[of] p1b: Rillaboom\n|-end|p2a: Iron Hands|Quark Drive\n|switch|p2b: Farigiraf|Farigiraf, L50, M, shiny|41\/100\n|move|p1a: Calyrex|Glacial Lance|p2b: Farigiraf|[spread] p2a,p2b\n|-damage|p2a: Iron Hands|64\/100\n|-damage|p2b: Farigiraf|0 fnt\n|faint|p2b: Farigiraf\n|-ability|p1a: Calyrex|Chilling Neigh|boost\n|-boost|p1a: Calyrex|atk|1\n|move|p2a: Iron Hands|Ice Punch|p1b: Rillaboom\n|-supereffective|p1b: Rillaboom\n|-damage|p1b: Rillaboom|47\/100\n|\n|-heal|p1a: Calyrex|35\/100|[from] Grassy Terrain\n|-heal|p2a: Iron Hands|70\/100|[from] Grassy Terrain\n|-heal|p1b: Rillaboom|53\/100|[from] Grassy Terrain\n|upkeep\n|\n|t:|1739058146\n|switch|p2b: Urshifu|Urshifu, L50, M|100\/100\n|turn|5\n|j| Izuden\n|\n|t:|1739058167\n|move|p2b: Urshifu|Protect|p2b: Urshifu\n|-singleturn|p2b: Urshifu|Protect\n|move|p1b: Rillaboom|Grassy Glide|p2a: Iron Hands\n|-damage|p2a: Iron Hands|45\/100\n|move|p1a: Calyrex|High Horsepower|p2a: Iron Hands\n|-supereffective|p2a: Iron Hands\n|-damage|p2a: Iron Hands|0 fnt\n|faint|p2a: Iron Hands\n|-end|p2a: Iron Hands|Quark Drive|[silent]\n|-ability|p1a: Calyrex|Chilling Neigh|boost\n|-boost|p1a: Calyrex|atk|1\n|\n|-heal|p1a: Calyrex|41\/100|[from] Grassy Terrain\n|-heal|p1b: Rillaboom|59\/100|[from] Grassy Terrain\n|upkeep\n|\n|t:|1739058182\n|switch|p2a: Miraidon|Miraidon, L50, tera:Fairy|48\/100\n|-fieldstart|move: Electric Terrain|[from] ability: Hadron Engine|[of] p2a: Miraidon\n|turn|6\n|\n|t:|1739058191\n|move|p2b: Urshifu|Sucker Punch|p1a: Calyrex\n|-damage|p1a: Calyrex|17\/100\n|move|p1a: Calyrex|Glacial Lance|p2a: Miraidon|[spread] p2a,p2b\n|-damage|p2a: Miraidon|0 fnt\n|-enditem|p2b: Urshifu|Focus Sash\n|-damage|p2b: Urshifu|1\/100\n|faint|p2a: Miraidon\n|-ability|p1a: Calyrex|Chilling Neigh|boost\n|-boost|p1a: Calyrex|atk|1\n|move|p1b: Rillaboom|U-turn|p2b: Urshifu\n|-damage|p2b: Urshifu|0 fnt\n|faint|p2b: Urshifu\n|\n|win|badpiplupvgc\n|raw|badpiplupvgc's rating: 1609 &rarr; <strong>1632<\/strong><br \/>(+23 for winning)\n|raw|Xermaeus's rating: 1657 &rarr; <strong>1634<\/strong><br \/>(-23 for losing)\n|l|\u2606Xermaeus\n|player|p2|\n|l|\u2606badpiplupvgc\n|player|p1|\n|l| Izuden\n","uploadtime":1739058392,"views":6,"formatid":"gen9vgc2025regg","rating":1632,"private":0,"password":null}