{"id":"gen9vgc2025regg-2297528346","format":"[Gen 9] VGC 2025 Reg G","players":["Axel316","Kaicyios"],"log":"|j|\u2606Axel316\n|j|\u2606Kaicyios\n|t:|1739126430\n|gametype|doubles\n|player|p1|Axel316|102|1572\n|player|p2|Kaicyios|giovanni|1588\n|teamsize|p1|6\n|teamsize|p2|6\n|gen|9\n|tier|[Gen 9] VGC 2025 Reg G\n|rated|\n|rule|Species Clause: Limit one of each Pok\u00e9mon\n|rule|Item Clause: Limit 1 of each item\n|clearpoke\n|poke|p1|Calyrex-Ice, L50|\n|poke|p1|Urshifu-*, L50, M|\n|poke|p1|Incineroar, L50, M|\n|poke|p1|Latios, L50, M|\n|poke|p1|Pelipper, L50, M|\n|poke|p1|Archaludon, L50, M|\n|poke|p2|Groudon, L50|\n|poke|p2|Tornadus, L50, M|\n|poke|p2|Flutter Mane, L50|\n|poke|p2|Chi-Yu, L50|\n|poke|p2|Raging Bolt, L50|\n|poke|p2|Ogerpon-Hearthflame, L50, F|\n|teampreview|4\n|inactive|Battle timer is ON: inactive players will automatically lose when time's up. (requested by Axel316)\n|\n|t:|1739126465\n|start\n|switch|p1a: Calyrex|Calyrex-Ice, L50|100\/100\n|switch|p1b: Latios|Latios, L50, M|100\/100\n|switch|p2a: Groudon|Groudon, L50|100\/100\n|switch|p2b: Flutter Mane|Flutter Mane, L50|100\/100\n|-ability|p1a: Calyrex|As One\n|-ability|p1a: Calyrex|Unnerve\n|-weather|SunnyDay|[from] ability: Drought|[of] p2a: Groudon\n|-activate|p2b: Flutter Mane|ability: Protosynthesis\n|-start|p2b: Flutter Mane|protosynthesisspa\n|turn|1\n|inactive|Kaicyios has 30 seconds left.\n|\n|t:|1739126500\n|-terastallize|p1b: Latios|Steel\n|-terastallize|p2b: Flutter Mane|Fairy\n|move|p1a: Calyrex|Protect|p1a: Calyrex\n|-singleturn|p1a: Calyrex|Protect\n|move|p1b: Latios|Shadow Ball|p2b: Flutter Mane\n|-damage|p2b: Flutter Mane|73\/100\n|move|p2b: Flutter Mane|Dazzling Gleam|p1b: Latios|[spread] p1b\n|-activate|p1a: Calyrex|move: Protect\n|-resisted|p1b: Latios\n|-damage|p1b: Latios|49\/100\n|move|p2a: Groudon|High Horsepower|p1a: Calyrex\n|-activate|p1a: Calyrex|move: Protect\n|\n|-weather|SunnyDay|[upkeep]\n|upkeep\n|turn|2\n|\n|t:|1739126521\n|move|p1b: Latios|Shadow Ball|p2a: Groudon\n|-damage|p2a: Groudon|82\/100\n|move|p2b: Flutter Mane|Dazzling Gleam|p1a: Calyrex|[spread] p1a,p1b\n|-resisted|p1b: Latios\n|-damage|p1a: Calyrex|39\/100\n|-damage|p1b: Latios|4\/100\n|move|p2a: Groudon|Precipice Blades|p1b: Latios|[spread] p1a\n|-immune|p1b: Latios|[from] ability: Levitate\n|-damage|p1a: Calyrex|4\/100\n|move|p1a: Calyrex|Trick Room|p1a: Calyrex\n|-fieldstart|move: Trick Room|[of] p1a: Calyrex\n|\n|-weather|SunnyDay|[upkeep]\n|upkeep\n|turn|3\n|inactive|Kaicyios has 30 seconds left.\n|inactive|Kaicyios has 20 seconds left.\n|\n|t:|1739126558\n|move|p1a: Calyrex|Protect|p1a: Calyrex\n|-singleturn|p1a: Calyrex|Protect\n|move|p2a: Groudon|Heat Crash|p1a: Calyrex\n|-activate|p1a: Calyrex|move: Protect\n|move|p2b: Flutter Mane|Dazzling Gleam|p1b: Latios|[spread] p1b\n|-activate|p1a: Calyrex|move: Protect\n|-resisted|p1b: Latios\n|-damage|p1b: Latios|0 fnt\n|faint|p1b: Latios\n|\n|-weather|SunnyDay|[upkeep]\n|upkeep\n|\n|t:|1739126570\n|switch|p1b: Pelipper|Pelipper, L50, M|100\/100\n|-weather|RainDance|[from] ability: Drizzle|[of] p1b: Pelipper\n|-end|p2b: Flutter Mane|Protosynthesis\n|turn|4\n|inactive|Kaicyios has 30 seconds left.\n|inactive|Kaicyios has 20 seconds left.\n|inactive|Kaicyios has 15 seconds left.\n|inactive|Kaicyios has 10 seconds left.\n|\n|t:|1739126615\n|move|p1a: Calyrex|Glacial Lance|p2a: Groudon|[spread] p2a,p2b\n|-supereffective|p2a: Groudon\n|-damage|p2a: Groudon|7\/100\n|-damage|p2b: Flutter Mane|0 fnt\n|faint|p2b: Flutter Mane\n|-end|p2b: Flutter Mane|Protosynthesis|[silent]\n|-ability|p1a: Calyrex|Chilling Neigh|boost\n|-boost|p1a: Calyrex|atk|1\n|move|p1b: Pelipper|Hurricane|p2a: Groudon\n|-damage|p2a: Groudon|0 fnt\n|faint|p2a: Groudon\n|\n|-weather|RainDance|[upkeep]\n|upkeep\n|j| Jfabricio23\n|l| Jfabricio23\n|\n|t:|1739126628\n|switch|p2a: Chi-Yu|Chi-Yu, L50|100\/100\n|switch|p2b: Raging Bolt|Raging Bolt, L50|100\/100\n|-ability|p2a: Chi-Yu|Beads of Ruin\n|turn|5\n|\n|t:|1739126652\n|switch|p1a: Incineroar|Incineroar, L50, M|100\/100\n|-ability|p1a: Incineroar|Intimidate|boost\n|-unboost|p2a: Chi-Yu|atk|1\n|-unboost|p2b: Raging Bolt|atk|1\n|move|p2b: Raging Bolt|Thunderclap||[still]\n|-fail|p2b: Raging Bolt\n|move|p1b: Pelipper|Weather Ball|p2a: Chi-Yu\n|-supereffective|p2a: Chi-Yu\n|-damage|p2a: Chi-Yu|0 fnt\n|faint|p2a: Chi-Yu\n|\n|-weather|RainDance|[upkeep]\n|upkeep\n|turn|6\n|-message|Kaicyios forfeited.\n|\n|win|Axel316\n|raw|Axel316's rating: 1572 &rarr; <strong>1593<\/strong><br \/>(+21 for winning)\n|raw|Kaicyios's rating: 1588 &rarr; <strong>1567<\/strong><br \/>(-21 for losing)\n|l|\u2606Kaicyios\n|player|p2|\n","uploadtime":1739126915,"views":30,"formatid":"gen9vgc2025regg","rating":1567,"private":0,"password":null}