{"id":"gen9vgc2025regg-2297688489","format":"[Gen 9] VGC 2025 Reg G","players":["Delybird","InWINeroar"],"log":"|j|\u2606Delybird\n|j|\u2606InWINeroar\n|t:|1739145781\n|gametype|doubles\n|player|p1|Delybird|blue-masters|1527\n|player|p2|InWINeroar|102|1579\n|teamsize|p1|6\n|teamsize|p2|6\n|gen|9\n|tier|[Gen 9] VGC 2025 Reg G\n|rated|\n|rule|Species Clause: Limit one of each Pok\u00e9mon\n|rule|Item Clause: Limit 1 of each item\n|clearpoke\n|poke|p1|Amoonguss, L50, M|\n|poke|p1|Flutter Mane, L50|\n|poke|p1|Chi-Yu, L50|\n|poke|p1|Chien-Pao, L50|\n|poke|p1|Raging Bolt, L50|\n|poke|p1|Zamazenta-*, L50|\n|poke|p2|Calyrex-Shadow, L50|\n|poke|p2|Incineroar, L50, M|\n|poke|p2|Rillaboom, L50, F|\n|poke|p2|Urshifu-*, L50, F|\n|poke|p2|Farigiraf, L50, F|\n|poke|p2|Raging Bolt, L50|\n|teampreview|4\n|inactive|Battle timer is ON: inactive players will automatically lose when time's up. (requested by InWINeroar)\n|\n|t:|1739145810\n|start\n|switch|p1a: Chi-Yu|Chi-Yu, L50|100\/100\n|switch|p1b: Zamazenta|Zamazenta-Crowned, L50|100\/100\n|switch|p2a: Calyrex|Calyrex-Shadow, L50|100\/100\n|switch|p2b: Urshifu|Urshifu-Rapid-Strike, L50, F|100\/100\n|-ability|p2a: Calyrex|As One\n|-ability|p2a: Calyrex|Unnerve\n|-ability|p1a: Chi-Yu|Beads of Ruin\n|-ability|p1b: Zamazenta|Dauntless Shield|boost\n|-boost|p1b: Zamazenta|def|1\n|turn|1\n|\n|t:|1739145824\n|-terastallize|p2a: Calyrex|Water\n|move|p1a: Chi-Yu|Snarl|p2b: Urshifu|[spread] p2a,p2b\n|-resisted|p2b: Urshifu\n|-damage|p2a: Calyrex|69\/100\n|-damage|p2b: Urshifu|75\/100\n|-unboost|p2b: Urshifu|spa|1\n|move|p2a: Calyrex|Astral Barrage|p1b: Zamazenta|[spread] p1a,p1b\n|-resisted|p1a: Chi-Yu\n|-crit|p1b: Zamazenta\n|-damage|p1a: Chi-Yu|72\/100\n|-damage|p1b: Zamazenta|24\/100\n|move|p1b: Zamazenta|Body Press|p2b: Urshifu\n|-damage|p2b: Urshifu|0 fnt\n|faint|p2b: Urshifu\n|\n|upkeep\n|\n|t:|1739145828\n|switch|p2b: Incineroar|Incineroar, L50, M|100\/100\n|-ability|p2b: Incineroar|Intimidate|boost\n|-unboost|p1a: Chi-Yu|atk|1\n|-unboost|p1b: Zamazenta|atk|1\n|turn|2\n|inactive|Delybird has 30 seconds left.\n|inactive|Delybird has 20 seconds left.\n|inactive|Delybird has 15 seconds left.\n|inactive|Delybird has 10 seconds left.\n|\n|t:|1739145874\n|switch|p1a: Chien-Pao|Chien-Pao, L50|100\/100\n|-ability|p1a: Chien-Pao|Sword of Ruin\n|move|p1b: Zamazenta|Protect|p1b: Zamazenta\n|-singleturn|p1b: Zamazenta|Protect\n|move|p2a: Calyrex|Astral Barrage|p1a: Chien-Pao|[spread] p1a\n|-activate|p1b: Zamazenta|move: Protect\n|-resisted|p1a: Chien-Pao\n|-damage|p1a: Chien-Pao|63\/100\n|move|p2b: Incineroar|Flare Blitz|p1a: Chien-Pao\n|-supereffective|p1a: Chien-Pao\n|-damage|p1a: Chien-Pao|0 fnt\n|faint|p1a: Chien-Pao\n|-damage|p2b: Incineroar|85\/100|[from] Recoil\n|\n|upkeep\n|\n|t:|1739145886\n|switch|p1a: Chi-Yu|Chi-Yu, L50|72\/100\n|-ability|p1a: Chi-Yu|Beads of Ruin\n|turn|3\n|\n|t:|1739145896\n|move|p1a: Chi-Yu|Dark Pulse|p2a: Calyrex\n|-damage|p2a: Calyrex|8\/100\n|move|p2a: Calyrex|Psyshock|p1b: Zamazenta\n|-damage|p1b: Zamazenta|7\/100\n|move|p1b: Zamazenta|Body Press|p2b: Incineroar\n|-supereffective|p2b: Incineroar\n|-damage|p2b: Incineroar|0 fnt\n|faint|p2b: Incineroar\n|\n|upkeep\n|\n|t:|1739145902\n|switch|p2b: Farigiraf|Farigiraf, L50, F|100\/100\n|turn|4\n|inactive|Delybird has 30 seconds left.\n|\n|t:|1739145936\n|move|p1a: Chi-Yu|Dark Pulse|p2a: Calyrex\n|-damage|p2a: Calyrex|0 fnt\n|faint|p2a: Calyrex\n|move|p1b: Zamazenta|Body Press|p2b: Farigiraf\n|-damage|p2b: Farigiraf|27\/100\n|move|p2b: Farigiraf|Trick Room|p2b: Farigiraf\n|-fieldstart|move: Trick Room|[of] p2b: Farigiraf\n|\n|upkeep\n|turn|5\n|\n|t:|1739145945\n|move|p2b: Farigiraf|Hyper Voice|p1a: Chi-Yu|[spread] p1a,p1b\n|-resisted|p1b: Zamazenta\n|-damage|p1a: Chi-Yu|30\/100\n|-damage|p1b: Zamazenta|0 fnt\n|faint|p1b: Zamazenta\n|-enditem|p2b: Farigiraf|Throat Spray\n|-boost|p2b: Farigiraf|spa|1|[from] item: Throat Spray\n|move|p1a: Chi-Yu|Dark Pulse|p2b: Farigiraf\n|-supereffective|p2b: Farigiraf\n|-damage|p2b: Farigiraf|0 fnt\n|faint|p2b: Farigiraf\n|\n|win|Delybird\n|raw|Delybird's rating: 1527 &rarr; <strong>1550<\/strong><br \/>(+23 for winning)\n|raw|InWINeroar's rating: 1579 &rarr; <strong>1556<\/strong><br \/>(-23 for losing)\n|l|\u2606InWINeroar\n|player|p2|\n","uploadtime":1739145955,"views":4,"formatid":"gen9vgc2025regg","rating":1550,"private":0,"password":null}