{"id":"gen9vgc2025regg-2297450918","format":"[Gen 9] VGC 2025 Reg G","players":["Kaicyios","cobalt_poke"],"log":"|j|\u2606Kaicyios\n|j|\u2606cobalt_poke\n|t:|1739117031\n|gametype|doubles\n|player|p1|Kaicyios|giovanni|1571\n|player|p2|cobalt_poke|101|1739\n|teamsize|p1|6\n|teamsize|p2|6\n|gen|9\n|tier|[Gen 9] VGC 2025 Reg G\n|rated|\n|rule|Species Clause: Limit one of each Pok\u00e9mon\n|rule|Item Clause: Limit 1 of each item\n|clearpoke\n|poke|p1|Groudon, L50|\n|poke|p1|Tornadus, L50, M|\n|poke|p1|Flutter Mane, L50|\n|poke|p1|Chi-Yu, L50|\n|poke|p1|Raging Bolt, L50|\n|poke|p1|Ogerpon-Hearthflame, L50, F|\n|poke|p2|Weezing-Galar, L50, M|\n|poke|p2|Calyrex-Shadow, L50|\n|poke|p2|Dondozo, L50, F|\n|poke|p2|Tatsugiri, L50, F|\n|poke|p2|Incineroar, L50, M|\n|poke|p2|Roaring Moon, L50|\n|teampreview|4\n|j| MTcxing\n|l| MTcxing\n|inactive|Battle timer is ON: inactive players will automatically lose when time's up. (requested by cobalt_poke)\n|inactive|Kaicyios has 60 seconds left.\n|\n|t:|1739117126\n|start\n|switch|p1a: Chi-Yu|Chi-Yu, L50|100\/100\n|switch|p1b: Groudon|Groudon, L50|100\/100\n|switch|p2a: Calyrex|Calyrex-Shadow, L50|100\/100\n|switch|p2b: Weezing|Weezing-Galar, L50, M|100\/100\n|-ability|p2b: Weezing|Neutralizing Gas\n|-ability|p2a: Calyrex|As One\n|-ability|p2a: Calyrex|Unnerve\n|turn|1\n|inactive|Kaicyios has 30 seconds left.\n|\n|t:|1739117158\n|-terastallize|p2a: Calyrex|Fighting\n|move|p2b: Weezing|Protect|p2b: Weezing\n|-singleturn|p2b: Weezing|Protect\n|move|p1a: Chi-Yu|Snarl|p2a: Calyrex|[spread] p2a\n|-activate|p2b: Weezing|move: Protect\n|-resisted|p2a: Calyrex\n|-damage|p2a: Calyrex|89\/100\n|-unboost|p2a: Calyrex|spa|1\n|move|p2a: Calyrex|Tera Blast|p1a: Chi-Yu|[anim] Tera Blast Fighting\n|-supereffective|p1a: Chi-Yu\n|-damage|p1a: Chi-Yu|0 fnt\n|faint|p1a: Chi-Yu\n|-ability|p2a: Calyrex|Grim Neigh|boost\n|-boost|p2a: Calyrex|spa|1\n|move|p1b: Groudon|Precipice Blades|p2a: Calyrex|[spread] p2a\n|-activate|p2b: Weezing|move: Protect\n|-damage|p2a: Calyrex|24\/100\n|\n|upkeep\n|\n|t:|1739117179\n|switch|p1a: Tornadus|Tornadus, L50, M|100\/100\n|turn|2\n|\n|t:|1739117193\n|switch|p2a: Dondozo|Dondozo, L50, F|100\/100\n|move|p1a: Tornadus|Tailwind|p1a: Tornadus\n|-sidestart|p1: Kaicyios|move: Tailwind\n|move|p1b: Groudon|Precipice Blades|p2b: Weezing|[spread] p2a,p2b\n|-supereffective|p2b: Weezing\n|-damage|p2a: Dondozo|67\/100\n|-damage|p2b: Weezing|3\/100\n|-enditem|p2b: Weezing|Sitrus Berry|[eat]\n|-heal|p2b: Weezing|28\/100|[from] item: Sitrus Berry\n|move|p2b: Weezing|Toxic Spikes|p1b: Groudon\n|-sidestart|p1: Kaicyios|move: Toxic Spikes\n|\n|-heal|p2a: Dondozo|73\/100|[from] item: Leftovers\n|upkeep\n|turn|3\n|inactive|Kaicyios has 30 seconds left.\n|\n|t:|1739117226\n|-end|p2b: Weezing|ability: Neutralizing Gas\n|-weather|SunnyDay|[from] ability: Drought|[of] p1b: Groudon\n|switch|p2b: Tatsugiri|Tatsugiri, L50, F|100\/100\n|-activate|p2b: Tatsugiri|ability: Commander|[of] p2a: Dondozo\n|-boost|p2a: Dondozo|atk|2\n|-boost|p2a: Dondozo|spa|2\n|-boost|p2a: Dondozo|spe|2\n|-boost|p2a: Dondozo|def|2\n|-boost|p2a: Dondozo|spd|2\n|move|p1a: Tornadus|Sunny Day||[still]\n|-fail|p1a: Tornadus\n|move|p1b: Groudon|Precipice Blades|p2b: Tatsugiri|[spread] p2a\n|-miss|p1b: Groudon|p2b: Tatsugiri\n|-damage|p2a: Dondozo|57\/100\n|move|p2a: Dondozo|Earthquake|p1b: Groudon|[spread] p1b\n|-miss|p2a: Dondozo|p2b: Tatsugiri\n|-immune|p1a: Tornadus\n|-damage|p1b: Groudon|73\/100\n|\n|-weather|SunnyDay|[upkeep]\n|-heal|p2a: Dondozo|63\/100|[from] item: Leftovers\n|upkeep\n|turn|4\n|inactive|Kaicyios has 30 seconds left.\n|inactive|Kaicyios has 20 seconds left.\n|\n|t:|1739117261\n|move|p2a: Dondozo|Protect|p2a: Dondozo\n|-singleturn|p2a: Dondozo|Protect\n|move|p1a: Tornadus|Bleakwind Storm|p2a: Dondozo|[spread] \n|-miss|p1a: Tornadus|p2b: Tatsugiri\n|-activate|p2a: Dondozo|move: Protect\n|move|p1b: Groudon|High Horsepower|p2a: Dondozo\n|-activate|p2a: Dondozo|move: Protect\n|\n|-weather|SunnyDay|[upkeep]\n|-heal|p2a: Dondozo|69\/100|[from] item: Leftovers\n|upkeep\n|turn|5\n|\n|t:|1739117270\n|move|p1a: Tornadus|Bleakwind Storm|p2b: Tatsugiri|[spread] p2a\n|-miss|p1a: Tornadus|p2b: Tatsugiri\n|-damage|p2a: Dondozo|50\/100\n|move|p1b: Groudon|High Horsepower|p2a: Dondozo\n|-damage|p2a: Dondozo|31\/100\n|move|p2a: Dondozo|Wave Crash|p1a: Tornadus\n|-damage|p1a: Tornadus|17\/100\n|-damage|p2a: Dondozo|15\/100|[from] Recoil\n|\n|-weather|SunnyDay|[upkeep]\n|-heal|p2a: Dondozo|21\/100|[from] item: Leftovers\n|-sideend|p1: Kaicyios|move: Tailwind\n|upkeep\n|turn|6\n|\n|t:|1739117291\n|move|p1a: Tornadus|Tailwind|p1a: Tornadus\n|-sidestart|p1: Kaicyios|move: Tailwind\n|move|p1b: Groudon|High Horsepower|p2a: Dondozo\n|-damage|p2a: Dondozo|2\/100\n|move|p2a: Dondozo|Wave Crash|p1b: Groudon\n|-supereffective|p1b: Groudon\n|-damage|p1b: Groudon|0 fnt\n|faint|p1b: Groudon\n|-damage|p2a: Dondozo|0 fnt|[from] Recoil\n|faint|p2a: Dondozo\n|\n|-weather|SunnyDay|[upkeep]\n|upkeep\n|\n|t:|1739117304\n|switch|p1b: Raging Bolt|Raging Bolt, L50|100\/100\n|switch|p2a: Weezing|Weezing-Galar, L50, M|28\/100\n|-ability|p2a: Weezing|Neutralizing Gas\n|-status|p1b: Raging Bolt|psn\n|turn|7\n|inactive|cobalt_poke has 30 seconds left.\n|inactive|cobalt_poke has 20 seconds left.\n|\n|t:|1739117341\n|-terastallize|p1b: Raging Bolt|Electric\n|move|p2b: Tatsugiri|Protect|p2b: Tatsugiri\n|-singleturn|p2b: Tatsugiri|Protect\n|move|p1b: Raging Bolt|Thunderclap||[still]\n|-fail|p1b: Raging Bolt\n|move|p1a: Tornadus|Bleakwind Storm|p2a: Weezing|[spread] p2a\n|-activate|p2b: Tatsugiri|move: Protect\n|-damage|p2a: Weezing|0 fnt\n|faint|p2a: Weezing\n|-end|p2a: Weezing|ability: Neutralizing Gas\n|-activate|p1b: Raging Bolt|ability: Protosynthesis\n|-start|p1b: Raging Bolt|protosynthesisspa\n|\n|-weather|none\n|-end|p1b: Raging Bolt|Protosynthesis\n|-damage|p1b: Raging Bolt|88\/100 psn|[from] psn\n|upkeep\n|\n|t:|1739117351\n|switch|p2a: Calyrex|Calyrex-Shadow, L50, tera:Fighting|24\/100\n|-ability|p2a: Calyrex|As One\n|-ability|p2a: Calyrex|Unnerve\n|turn|8\n|\n|t:|1739117366\n|move|p1b: Raging Bolt|Thunderclap|p2b: Tatsugiri\n|-damage|p2b: Tatsugiri|3\/100\n|-damage|p1b: Raging Bolt|78\/100 psn|[from] item: Life Orb\n|move|p1a: Tornadus|Bleakwind Storm|p2a: Calyrex|[spread] p2a,p2b\n|-supereffective|p2a: Calyrex\n|-damage|p2a: Calyrex|0 fnt\n|-damage|p2b: Tatsugiri|0 fnt\n|faint|p2a: Calyrex\n|faint|p2b: Tatsugiri\n|\n|win|Kaicyios\n|raw|Kaicyios's rating: 1571 &rarr; <strong>1600<\/strong><br \/>(+29 for winning)\n|raw|cobalt_poke's rating: 1739 &rarr; <strong>1710<\/strong><br \/>(-29 for losing)\n|l|\u2606cobalt_poke\n|player|p2|\n|l|\u2606Kaicyios\n|player|p1|\n","uploadtime":1739117503,"views":29,"formatid":"gen9vgc2025regg","rating":1600,"private":0,"password":null}