{"id":"gen9vgc2025regg-2297795677","format":"[Gen 9] VGC 2025 Reg G","players":["Chaoticfarmer","alfredd2640"],"log":"|j|\u2606Chaoticfarmer\n|j|\u2606alfredd2640\n|t:|1739161655\n|gametype|doubles\n|player|p1|Chaoticfarmer|norman|1536\n|player|p2|alfredd2640|cynthia|1613\n|teamsize|p1|6\n|teamsize|p2|6\n|gen|9\n|tier|[Gen 9] VGC 2025 Reg G\n|rated|\n|rule|Species Clause: Limit one of each Pok\u00e9mon\n|rule|Item Clause: Limit 1 of each item\n|clearpoke\n|poke|p1|Rillaboom, L50, F|\n|poke|p1|Cobalion, L50|\n|poke|p1|Kyogre, L50|\n|poke|p1|Tornadus, L50, M|\n|poke|p1|Farigiraf, L50, F|\n|poke|p1|Volcarona, L50, F|\n|poke|p2|Calyrex-Ice, L50|\n|poke|p2|Ogerpon-Cornerstone, L50, F|\n|poke|p2|Rillaboom, L50, M|\n|poke|p2|Urshifu-*, L50, F|\n|poke|p2|Pelipper, L50, M|\n|poke|p2|Incineroar, L50, M|\n|teampreview|4\n|inactive|Battle timer is ON: inactive players will automatically lose when time's up. (requested by Chaoticfarmer)\n|inactive|alfredd2640 also wants the timer to be on.\n|inactive|Chaoticfarmer has 60 seconds left.\n|inactive|alfredd2640 has 60 seconds left.\n|inactive|Chaoticfarmer has 30 seconds left.\n|\n|t:|1739161721\n|start\n|switch|p1a: Rillaboom|Rillaboom, L50, F|100\/100\n|switch|p1b: Volcarona|Volcarona, L50, F|100\/100\n|switch|p2a: Urshifu|Urshifu-Rapid-Strike, L50, F|100\/100\n|switch|p2b: Calyrex|Calyrex-Ice, L50|100\/100\n|-ability|p2b: Calyrex|As One\n|-ability|p2b: Calyrex|Unnerve\n|-fieldstart|move: Grassy Terrain|[from] ability: Grassy Surge|[of] p1a: Rillaboom\n|turn|1\n|inactive|alfredd2640 has 30 seconds left.\n|\n|t:|1739161751\n|-terastallize|p2a: Urshifu|Ghost\n|-terastallize|p1b: Volcarona|Water\n|move|p1a: Rillaboom|Grassy Glide|p2a: Urshifu\n|-damage|p2a: Urshifu|44\/100\n|move|p2a: Urshifu|Surging Strikes|p1b: Volcarona\n|-resisted|p1b: Volcarona\n|-crit|p1b: Volcarona\n|-damage|p1b: Volcarona|87\/100\n|-resisted|p1b: Volcarona\n|-crit|p1b: Volcarona\n|-damage|p1b: Volcarona|73\/100\n|-status|p2a: Urshifu|brn|[from] ability: Flame Body|[of] p1b: Volcarona\n|-resisted|p1b: Volcarona\n|-crit|p1b: Volcarona\n|-damage|p1b: Volcarona|67\/100\n|-hitcount|p1b: Volcarona|3\n|move|p1b: Volcarona|Will-O-Wisp|p2b: Calyrex\n|-status|p2b: Calyrex|brn\n|move|p2b: Calyrex|Glacial Lance|p1b: Volcarona|[spread] p1a,p1b\n|-supereffective|p1a: Rillaboom\n|-resisted|p1b: Volcarona\n|-crit|p1b: Volcarona\n|-damage|p1a: Rillaboom|35\/100\n|-damage|p1b: Volcarona|41\/100\n|\n|-heal|p2a: Urshifu|50\/100 brn|[from] Grassy Terrain\n|-heal|p1b: Volcarona|47\/100|[from] Grassy Terrain\n|-heal|p1a: Rillaboom|40\/100|[from] Grassy Terrain\n|-damage|p2a: Urshifu|44\/100 brn|[from] brn\n|-damage|p2b: Calyrex|95\/100 brn|[from] brn\n|upkeep\n|turn|2\n|inactive|alfredd2640 has 30 seconds left.\n|\n|t:|1739161783\n|switch|p2a: Pelipper|Pelipper, L50, M|100\/100\n|-weather|RainDance|[from] ability: Drizzle|[of] p2a: Pelipper\n|switch|p1a: Cobalion|Cobalion, L50|100\/100\n|-enditem|p1a: Cobalion|Grassy Seed\n|-boost|p1a: Cobalion|def|1|[from] item: Grassy Seed\n|move|p1b: Volcarona|Struggle Bug|p2b: Calyrex|[spread] p2a,p2b\n|-resisted|p2a: Pelipper\n|-supereffective|p2b: Calyrex\n|-damage|p2a: Pelipper|86\/100\n|-damage|p2b: Calyrex|72\/100 brn\n|-unboost|p2a: Pelipper|spa|1\n|move|p2b: Calyrex|Glacial Lance|p1a: Cobalion|[spread] p1a,p1b\n|-resisted|p1a: Cobalion\n|-resisted|p1b: Volcarona\n|-damage|p1a: Cobalion|94\/100\n|-damage|p1b: Volcarona|28\/100\n|\n|-weather|RainDance|[upkeep]\n|-heal|p1b: Volcarona|34\/100|[from] Grassy Terrain\n|-heal|p1a: Cobalion|99\/100|[from] Grassy Terrain\n|-heal|p2b: Calyrex|77\/100 brn|[from] Grassy Terrain\n|-damage|p2b: Calyrex|72\/100 brn|[from] brn\n|upkeep\n|turn|3\n|inactive|Chaoticfarmer has 30 seconds left.\n|inactive|alfredd2640 has 30 seconds left.\n|j| aimyon36\n|inactive|Chaoticfarmer has 20 seconds left.\n|l| aimyon36\n|inactive|Chaoticfarmer has 15 seconds left.\n|\n|t:|1739161823\n|move|p1b: Volcarona|Struggle Bug|p2b: Calyrex|[spread] p2a,p2b\n|-resisted|p2a: Pelipper\n|-supereffective|p2b: Calyrex\n|-damage|p2a: Pelipper|71\/100\n|-damage|p2b: Calyrex|47\/100 brn\n|-unboost|p2a: Pelipper|spa|1\n|move|p1a: Cobalion|Body Press|p2b: Calyrex\n|-damage|p2b: Calyrex|3\/100 brn\n|move|p2a: Pelipper|Weather Ball|p1a: Cobalion\n|-damage|p1a: Cobalion|61\/100\n|move|p2b: Calyrex|Glacial Lance|p1b: Volcarona|[spread] p1a,p1b\n|-resisted|p1a: Cobalion\n|-resisted|p1b: Volcarona\n|-damage|p1a: Cobalion|55\/100\n|-damage|p1b: Volcarona|15\/100\n|\n|-weather|RainDance|[upkeep]\n|-heal|p1b: Volcarona|21\/100|[from] Grassy Terrain\n|-heal|p1a: Cobalion|61\/100|[from] Grassy Terrain\n|-heal|p2b: Calyrex|9\/100 brn|[from] Grassy Terrain\n|-damage|p2b: Calyrex|3\/100 brn|[from] brn\n|upkeep\n|turn|4\n|\n|t:|1739161844\n|switch|p2a: Urshifu|Urshifu-Rapid-Strike, L50, F, tera:Ghost|44\/100 brn\n|move|p1b: Volcarona|Struggle Bug|p2a: Urshifu|[spread] p2a,p2b\n|-resisted|p2a: Urshifu\n|-supereffective|p2b: Calyrex\n|-damage|p2a: Urshifu|30\/100 brn\n|-damage|p2b: Calyrex|0 fnt\n|-unboost|p2a: Urshifu|spa|1\n|faint|p2b: Calyrex\n|move|p1a: Cobalion|Body Press|p2a: Urshifu\n|-immune|p2a: Urshifu\n|\n|-weather|RainDance|[upkeep]\n|-heal|p2a: Urshifu|35\/100 brn|[from] Grassy Terrain\n|-heal|p1b: Volcarona|27\/100|[from] Grassy Terrain\n|-heal|p1a: Cobalion|67\/100|[from] Grassy Terrain\n|-damage|p2a: Urshifu|30\/100 brn|[from] brn\n|upkeep\n|\n|t:|1739161852\n|switch|p2b: Pelipper|Pelipper, L50, M|71\/100\n|turn|5\n|\n|t:|1739161870\n|move|p2a: Urshifu|Surging Strikes|p1b: Volcarona\n|-resisted|p1b: Volcarona\n|-crit|p1b: Volcarona\n|-damage|p1b: Volcarona|17\/100\n|-resisted|p1b: Volcarona\n|-crit|p1b: Volcarona\n|-damage|p1b: Volcarona|7\/100\n|-resisted|p1b: Volcarona\n|-crit|p1b: Volcarona\n|-damage|p1b: Volcarona|0 fnt\n|faint|p1b: Volcarona\n|-hitcount|p1: Volcarona|3\n|move|p1a: Cobalion|Body Press|p2b: Pelipper\n|-resisted|p2b: Pelipper\n|-damage|p2b: Pelipper|22\/100\n|move|p2b: Pelipper|Weather Ball|p1a: Cobalion\n|-damage|p1a: Cobalion|0 fnt\n|faint|p1a: Cobalion\n|\n|-weather|RainDance|[upkeep]\n|-heal|p2a: Urshifu|35\/100 brn|[from] Grassy Terrain\n|-damage|p2a: Urshifu|30\/100 brn|[from] brn\n|-fieldend|move: Grassy Terrain\n|upkeep\n|\n|t:|1739161878\n|switch|p1b: Kyogre|Kyogre, L50|100\/100\n|switch|p1a: Rillaboom|Rillaboom, L50, F|40\/100\n|-fieldstart|move: Grassy Terrain|[from] ability: Grassy Surge|[of] p1a: Rillaboom\n|turn|6\n|inactive|alfredd2640 has 30 seconds left.\n|\n|t:|1739161905\n|move|p1a: Rillaboom|Grassy Glide|p2a: Urshifu\n|-damage|p2a: Urshifu|0 fnt\n|faint|p2a: Urshifu\n|move|p1b: Kyogre|Water Spout|p2b: Pelipper\n|-resisted|p2b: Pelipper\n|-damage|p2b: Pelipper|0 fnt\n|faint|p2b: Pelipper\n|\n|-weather|none\n|-heal|p1a: Rillaboom|46\/100|[from] Grassy Terrain\n|upkeep\n|\n|t:|1739161914\n|switch|p2b: Ogerpon|Ogerpon-Cornerstone, L50, F|100\/100\n|turn|7\n|\n|t:|1739161926\n|move|p1a: Rillaboom|Grassy Glide|p2b: Ogerpon\n|-damage|p2b: Ogerpon|17\/100\n|move|p2b: Ogerpon|Power Whip|p1b: Kyogre\n|-supereffective|p1b: Kyogre\n|-damage|p1b: Kyogre|0 fnt\n|faint|p1b: Kyogre\n|\n|-heal|p2b: Ogerpon|23\/100|[from] Grassy Terrain\n|-heal|p1a: Rillaboom|52\/100|[from] Grassy Terrain\n|upkeep\n|turn|8\n|\n|t:|1739161937\n|move|p2b: Ogerpon|Spiky Shield|p2b: Ogerpon\n|-singleturn|p2b: Ogerpon|move: Protect\n|move|p1a: Rillaboom|Grassy Glide|p2b: Ogerpon\n|-activate|p2b: Ogerpon|move: Protect\n|-damage|p1a: Rillaboom|40\/100|[from] Spiky Shield|[of] p2b: Ogerpon\n|\n|-heal|p2b: Ogerpon|29\/100|[from] Grassy Terrain\n|-heal|p1a: Rillaboom|46\/100|[from] Grassy Terrain\n|upkeep\n|turn|9\n|\n|t:|1739161943\n|move|p2b: Ogerpon|Spiky Shield|p2b: Ogerpon\n|-singleturn|p2b: Ogerpon|move: Protect\n|move|p1a: Rillaboom|Grassy Glide|p2b: Ogerpon\n|-activate|p2b: Ogerpon|move: Protect\n|-damage|p1a: Rillaboom|34\/100|[from] Spiky Shield|[of] p2b: Ogerpon\n|\n|-heal|p2b: Ogerpon|34\/100|[from] Grassy Terrain\n|-heal|p1a: Rillaboom|39\/100|[from] Grassy Terrain\n|upkeep\n|turn|10\n|\n|t:|1739161949\n|move|p2b: Ogerpon|Spiky Shield||[still]\n|-fail|p2b: Ogerpon\n|move|p1a: Rillaboom|Grassy Glide|p2b: Ogerpon\n|-damage|p2b: Ogerpon|0 fnt\n|faint|p2b: Ogerpon\n|\n|win|Chaoticfarmer\n|raw|Chaoticfarmer's rating: 1536 &rarr; <strong>1560<\/strong><br \/>(+24 for winning)\n|raw|alfredd2640's rating: 1613 &rarr; <strong>1589<\/strong><br \/>(-24 for losing)\n|l|\u2606alfredd2640\n|player|p2|\n|l|\u2606Chaoticfarmer\n|player|p1|\n","uploadtime":1739162110,"views":9,"formatid":"gen9vgc2025regg","rating":1560,"private":0,"password":null}