{"id":"gen9vgc2025regg-2297805671","format":"[Gen 9] VGC 2025 Reg G","players":["Zeropoke7310","huyuplan"],"log":"|j|\u2606Zeropoke7310\n|j|\u2606huyuplan\n|t:|1739163380\n|gametype|doubles\n|player|p1|Zeropoke7310|steven|1567\n|player|p2|huyuplan|lucas|1557\n|teamsize|p1|6\n|teamsize|p2|6\n|gen|9\n|tier|[Gen 9] VGC 2025 Reg G\n|rated|\n|rule|Species Clause: Limit one of each Pok\u00e9mon\n|rule|Item Clause: Limit 1 of each item\n|clearpoke\n|poke|p1|Miraidon, L50|\n|poke|p1|Iron Bundle, L50|\n|poke|p1|Urshifu-*, L50, F|\n|poke|p1|Ogerpon-Hearthflame, L50, F|\n|poke|p1|Farigiraf, L50, F|\n|poke|p1|Iron Hands, L50|\n|poke|p2|Regidrago, L50|\n|poke|p2|Zacian-*, L50|\n|poke|p2|Torkoal, L50, M|\n|poke|p2|Farigiraf, L50, F|\n|poke|p2|Tornadus, L50, M|\n|poke|p2|Raging Bolt, L50|\n|teampreview|4\n|\n|t:|1739163466\n|start\n|switch|p1a: Farigiraf|Farigiraf, L50, F|100\/100\n|switch|p1b: Miraidon|Miraidon, L50|100\/100\n|switch|p2a: Zacian|Zacian-Crowned, L50|100\/100\n|switch|p2b: Raging Bolt|Raging Bolt, L50|100\/100\n|-ability|p2a: Zacian|Intrepid Sword|boost\n|-boost|p2a: Zacian|atk|1\n|-fieldstart|move: Electric Terrain|[from] ability: Hadron Engine|[of] p1b: Miraidon\n|-enditem|p1a: Farigiraf|Electric Seed\n|-boost|p1a: Farigiraf|def|1|[from] item: Electric Seed\n|turn|1\n|\n|t:|1739163504\n|-terastallize|p1b: Miraidon|Fairy\n|move|p2a: Zacian|Play Rough|p1b: Miraidon\n|-damage|p1b: Miraidon|39\/100\n|move|p1b: Miraidon|Volt Switch|p2b: Raging Bolt\n|-resisted|p2b: Raging Bolt\n|-damage|p2b: Raging Bolt|88\/100\n|\n|t:|1739163512\n|switch|p1b: Iron Hands|Iron Hands, L50|100\/100|[from] Volt Switch\n|-activate|p1b: Iron Hands|ability: Quark Drive\n|-start|p1b: Iron Hands|quarkdriveatk\n|move|p2b: Raging Bolt|Volt Switch|p1b: Iron Hands\n|-resisted|p1b: Iron Hands\n|-damage|p1b: Iron Hands|85\/100\n|j| yukina vgc\n|\n|t:|1739163523\n|-end|p2b: Raging Bolt|Protosynthesis|[silent]\n|switch|p2b: Torkoal|Torkoal, L50, M|100\/100|[from] Volt Switch\n|-weather|SunnyDay|[from] ability: Drought|[of] p2b: Torkoal\n|move|p1a: Farigiraf|Trick Room|p1a: Farigiraf\n|-fieldstart|move: Trick Room|[of] p1a: Farigiraf\n|\n|-weather|SunnyDay|[upkeep]\n|upkeep\n|turn|2\n|\n|t:|1739163550\n|move|p2b: Torkoal|Helping Hand|p2a: Zacian\n|-singleturn|p2a: Zacian|Helping Hand|[of] p2b: Torkoal\n|move|p1b: Iron Hands|Fake Out|p2a: Zacian\n|-resisted|p2a: Zacian\n|-damage|p2a: Zacian|93\/100\n|move|p1a: Farigiraf|Psychic|p2b: Torkoal\n|-damage|p2b: Torkoal|52\/100\n|cant|p2a: Zacian|flinch\n|\n|-weather|SunnyDay|[upkeep]\n|upkeep\n|turn|3\n|\n|t:|1739163583\n|move|p1a: Farigiraf|Helping Hand|p1b: Iron Hands\n|-singleturn|p1b: Iron Hands|Helping Hand|[of] p1a: Farigiraf\n|move|p2a: Zacian|Protect|p2a: Zacian\n|-singleturn|p2a: Zacian|Protect\n|move|p2b: Torkoal|Eruption|p1a: Farigiraf|[spread] p1a,p1b\n|-damage|p1a: Farigiraf|63\/100\n|-damage|p1b: Iron Hands|61\/100\n|move|p1b: Iron Hands|Low Kick|p2a: Zacian\n|-activate|p2a: Zacian|move: Protect\n|\n|-weather|SunnyDay|[upkeep]\n|upkeep\n|turn|4\n|\n|t:|1739163625\n|move|p1a: Farigiraf|Helping Hand|p1b: Iron Hands\n|-singleturn|p1b: Iron Hands|Helping Hand|[of] p1a: Farigiraf\n|move|p2b: Torkoal|Weather Ball|p1a: Farigiraf\n|-damage|p1a: Farigiraf|1\/100\n|move|p1b: Iron Hands|Drain Punch|p2b: Torkoal\n|-damage|p2b: Torkoal|0 fnt\n|-heal|p1b: Iron Hands|80\/100|[from] drain|[of] p2b: Torkoal\n|faint|p2b: Torkoal\n|move|p2a: Zacian|Play Rough|p1b: Iron Hands\n|-supereffective|p1b: Iron Hands\n|-damage|p1b: Iron Hands|0 fnt\n|faint|p1b: Iron Hands\n|-end|p1b: Iron Hands|Quark Drive|[silent]\n|\n|-weather|SunnyDay|[upkeep]\n|upkeep\n|\n|t:|1739163649\n|switch|p2b: Raging Bolt|Raging Bolt, L50|88\/100\n|switch|p1b: Ogerpon|Ogerpon-Hearthflame, L50, F|100\/100\n|-ability|p1b: Ogerpon|Mold Breaker\n|-activate|p2b: Raging Bolt|ability: Protosynthesis\n|-start|p2b: Raging Bolt|protosynthesisspa\n|turn|5\n|\n|t:|1739163686\n|move|p2a: Zacian|Protect|p2a: Zacian\n|-singleturn|p2a: Zacian|Protect\n|move|p1a: Farigiraf|Psychic|p2b: Raging Bolt\n|-damage|p2b: Raging Bolt|70\/100\n|-unboost|p2b: Raging Bolt|spd|1\n|move|p2b: Raging Bolt|Volt Switch|p1b: Ogerpon\n|-resisted|p1b: Ogerpon\n|-damage|p1b: Ogerpon|67\/100\n|\n|t:|1739163695\n|-end|p2b: Raging Bolt|Protosynthesis|[silent]\n|switch|p2b: Regidrago|Regidrago, L50|100\/100|[from] Volt Switch\n|move|p1b: Ogerpon|Ivy Cudgel|p2b: Regidrago|[anim] Ivy Cudgel Fire\n|-resisted|p2b: Regidrago\n|-damage|p2b: Regidrago|57\/100\n|\n|-weather|none\n|-fieldend|move: Trick Room\n|-fieldend|move: Electric Terrain\n|upkeep\n|turn|6\n|\n|t:|1739163724\n|-terastallize|p2a: Zacian|Dark\n|move|p1b: Ogerpon|Spiky Shield|p1b: Ogerpon\n|-singleturn|p1b: Ogerpon|move: Protect\n|move|p2a: Zacian|Crunch|p1a: Farigiraf\n|-supereffective|p1a: Farigiraf\n|-damage|p1a: Farigiraf|0 fnt\n|faint|p1a: Farigiraf\n|move|p2b: Regidrago|Draco Meteor|p1b: Ogerpon\n|-activate|p1b: Ogerpon|move: Protect\n|\n|upkeep\n|\n|t:|1739163736\n|switch|p1a: Miraidon|Miraidon, L50, tera:Fairy|39\/100\n|-fieldstart|move: Electric Terrain|[from] ability: Hadron Engine|[of] p1a: Miraidon\n|turn|7\n|\n|t:|1739163780\n|move|p2b: Regidrago|Protect|p2b: Regidrago\n|-singleturn|p2b: Regidrago|Protect\n|move|p1b: Ogerpon|Follow Me|p1b: Ogerpon\n|-singleturn|p1b: Ogerpon|move: Follow Me\n|move|p2a: Zacian|Crunch|p1b: Ogerpon\n|-damage|p1b: Ogerpon|12\/100\n|move|p1a: Miraidon|Dazzling Gleam|p2b: Regidrago|[spread] p2a\n|-activate|p2b: Regidrago|move: Protect\n|-supereffective|p2a: Zacian\n|-damage|p2a: Zacian|0 fnt\n|faint|p2a: Zacian\n|\n|upkeep\n|\n|t:|1739163793\n|switch|p2a: Raging Bolt|Raging Bolt, L50|70\/100\n|turn|8\n|\n|t:|1739163805\n|move|p2b: Regidrago|Protect||[still]\n|-fail|p2b: Regidrago\n|move|p1b: Ogerpon|Follow Me|p1b: Ogerpon\n|-singleturn|p1b: Ogerpon|move: Follow Me\n|move|p1a: Miraidon|Dazzling Gleam|p2b: Regidrago|[spread] p2a,p2b\n|-supereffective|p2a: Raging Bolt\n|-supereffective|p2b: Regidrago\n|-damage|p2a: Raging Bolt|8\/100\n|-damage|p2b: Regidrago|0 fnt\n|faint|p2b: Regidrago\n|move|p2a: Raging Bolt|Dragon Pulse|p1b: Ogerpon\n|-damage|p1b: Ogerpon|0 fnt\n|faint|p1b: Ogerpon\n|\n|upkeep\n|turn|9\n|\n|t:|1739163819\n|move|p2a: Raging Bolt|Thunderclap|p1a: Miraidon\n|-damage|p1a: Miraidon|0 fnt\n|faint|p1a: Miraidon\n|\n|win|huyuplan\n|raw|Zeropoke7310's rating: 1567 &rarr; <strong>1546<\/strong><br \/>(-21 for losing)\n|raw|huyuplan's rating: 1557 &rarr; <strong>1578<\/strong><br \/>(+21 for winning)\n|l|\u2606huyuplan\n|player|p2|\n|l|\u2606Zeropoke7310\n|player|p1|\n|l| yukina vgc\n","uploadtime":1739164132,"views":8,"formatid":"gen9vgc2025regg","rating":1546,"private":0,"password":null}