{"id":"gen9vgc2025regg-2297497729","format":"[Gen 9] VGC 2025 Reg G","players":["Axel316","Gen3Sigma11"],"log":"|j|\u2606Axel316\n|j|\u2606Gen3Sigma11\n|t:|1739122809\n|gametype|doubles\n|player|p1|Axel316|102|1601\n|player|p2|Gen3Sigma11|265|1677\n|teamsize|p1|6\n|teamsize|p2|6\n|gen|9\n|tier|[Gen 9] VGC 2025 Reg G\n|rated|\n|rule|Species Clause: Limit one of each Pok\u00e9mon\n|rule|Item Clause: Limit 1 of each item\n|clearpoke\n|poke|p1|Calyrex-Ice, L50|\n|poke|p1|Urshifu-*, L50, M|\n|poke|p1|Incineroar, L50, M|\n|poke|p1|Latios, L50, M|\n|poke|p1|Pelipper, L50, F|\n|poke|p1|Archaludon, L50, F|\n|poke|p2|Calyrex-Shadow, L50|\n|poke|p2|Mienshao, L50, F|\n|poke|p2|Clefairy, L50, M|\n|poke|p2|Tornadus, L50, M|\n|poke|p2|Flutter Mane, L50|\n|poke|p2|Chi-Yu, L50|\n|teampreview|4\n|inactive|Battle timer is ON: inactive players will automatically lose when time's up. (requested by Gen3Sigma11)\n|inactive|Axel316 has 60 seconds left.\n|\n|t:|1739122848\n|start\n|switch|p1a: Calyrex|Calyrex-Ice, L50|100\/100\n|switch|p1b: Latios|Latios, L50, M|100\/100\n|switch|p2a: Calyrex|Calyrex-Shadow, L50|100\/100\n|switch|p2b: Mienshao|Mienshao, L50, F|100\/100\n|-ability|p2a: Calyrex|As One\n|-ability|p2a: Calyrex|Unnerve\n|-ability|p1a: Calyrex|As One\n|-ability|p1a: Calyrex|Unnerve\n|turn|1\n|\n|t:|1739122866\n|-terastallize|p2a: Calyrex|Fairy\n|-terastallize|p1a: Calyrex|Grass\n|move|p2b: Mienshao|Fake Out|p1a: Calyrex\n|-damage|p1a: Calyrex|91\/100\n|move|p1b: Latios|Shadow Ball|p2a: Calyrex\n|-damage|p2a: Calyrex|77\/100\n|move|p2a: Calyrex|Nasty Plot|p2a: Calyrex\n|-boost|p2a: Calyrex|spa|2\n|move|p1a: Calyrex|Trick Room|p1a: Calyrex\n|-fieldstart|move: Trick Room|[of] p1a: Calyrex\n|\n|upkeep\n|turn|2\n|\n|t:|1739122887\n|switch|p1b: Incineroar|Incineroar, L50, M|100\/100\n|-ability|p1b: Incineroar|Intimidate|boost\n|-unboost|p2a: Calyrex|atk|1\n|-fail|p2b: Mienshao|unboost|Attack|[from] ability: Inner Focus|[of] p2b: Mienshao\n|move|p2b: Mienshao|Wide Guard|p2b: Mienshao\n|-singleturn|p2b: Mienshao|Wide Guard\n|move|p1a: Calyrex|Seed Bomb|p2a: Calyrex\n|-damage|p2a: Calyrex|23\/100\n|move|p2a: Calyrex|Astral Barrage|p1a: Calyrex|[spread] p1a,p1b\n|-crit|p1a: Calyrex\n|-resisted|p1b: Incineroar\n|-damage|p1a: Calyrex|0 fnt\n|-damage|p1b: Incineroar|60\/100\n|-enditem|p2a: Calyrex|Sitrus Berry|[eat]\n|-heal|p2a: Calyrex|48\/100|[from] item: Sitrus Berry\n|faint|p1a: Calyrex\n|-ability|p2a: Calyrex|Grim Neigh|boost\n|-boost|p2a: Calyrex|spa|1\n|\n|upkeep\n|\n|t:|1739122907\n|switch|p1a: Pelipper|Pelipper, L50, F|100\/100\n|-weather|RainDance|[from] ability: Drizzle|[of] p1a: Pelipper\n|turn|3\n|\n|t:|1739122924\n|move|p2a: Calyrex|Protect|p2a: Calyrex\n|-singleturn|p2a: Calyrex|Protect\n|move|p1b: Incineroar|Fake Out|p2b: Mienshao\n|-damage|p2b: Mienshao|76\/100\n|move|p1a: Pelipper|Weather Ball|p2a: Calyrex\n|-activate|p2a: Calyrex|move: Protect\n|move|p2b: Mienshao|Close Combat|p1b: Incineroar\n|-supereffective|p1b: Incineroar\n|-damage|p1b: Incineroar|0 fnt\n|-unboost|p2b: Mienshao|def|1\n|-unboost|p2b: Mienshao|spd|1\n|faint|p1b: Incineroar\n|\n|-weather|RainDance|[upkeep]\n|upkeep\n|\n|t:|1739122940\n|switch|p1b: Latios|Latios, L50, M|100\/100\n|turn|4\n|\n|t:|1739122947\n|switch|p2b: Clefairy|Clefairy, L50, M|100\/100\n|move|p1a: Pelipper|Weather Ball|p2a: Calyrex\n|-damage|p2a: Calyrex|8\/100\n|move|p2a: Calyrex|Draining Kiss|p1b: Latios\n|-supereffective|p1b: Latios\n|-damage|p1b: Latios|0 fnt\n|-heal|p2a: Calyrex|65\/100|[from] drain|[of] p1b: Latios\n|faint|p1b: Latios\n|-ability|p2a: Calyrex|Grim Neigh|boost\n|-boost|p2a: Calyrex|spa|1\n|\n|-weather|RainDance|[upkeep]\n|upkeep\n|turn|5\n|-message|Axel316 forfeited.\n|\n|win|Gen3Sigma11\n|raw|Axel316's rating: 1601 &rarr; <strong>1585<\/strong><br \/>(-16 for losing)\n|raw|Gen3Sigma11's rating: 1677 &rarr; <strong>1693<\/strong><br \/>(+16 for winning)\n|l|\u2606Axel316\n|player|p1|\n|l|\u2606Gen3Sigma11\n|player|p2|\n","uploadtime":1739123178,"views":5,"formatid":"gen9vgc2025regg","rating":1585,"private":0,"password":null}