{"id":"gen9vgc2025regg-2297675938","format":"[Gen 9] VGC 2025 Reg G","players":["Realfrytki","cobalt_poke"],"log":"|j|\u2606Realfrytki\n|j|\u2606cobalt_poke\n|t:|1739143962\n|gametype|doubles\n|player|p1|Realfrytki|veteranf|1690\n|player|p2|cobalt_poke|101|1708\n|teamsize|p1|6\n|teamsize|p2|6\n|gen|9\n|tier|[Gen 9] VGC 2025 Reg G\n|rated|\n|rule|Species Clause: Limit one of each Pok\u00e9mon\n|rule|Item Clause: Limit 1 of each item\n|clearpoke\n|poke|p1|Terapagos, L50, M|\n|poke|p1|Rillaboom, L50, M|\n|poke|p1|Urshifu-*, L50, M|\n|poke|p1|Flutter Mane, L50|\n|poke|p1|Volcarona, L50, M|\n|poke|p1|Grimmsnarl, L50, M|\n|poke|p2|Weezing-Galar, L50, M|\n|poke|p2|Calyrex-Shadow, L50|\n|poke|p2|Dondozo, L50, F|\n|poke|p2|Tatsugiri, L50, M|\n|poke|p2|Incineroar, L50, F|\n|poke|p2|Roaring Moon, L50|\n|teampreview|4\n|\n|t:|1739143985\n|start\n|switch|p1a: Terapagos|Terapagos, L50, M|100\/100\n|switch|p1b: Grimmsnarl|Grimmsnarl, L50, M|100\/100\n|switch|p2a: Roaring Moon|Roaring Moon, L50|100\/100\n|switch|p2b: Weezing|Weezing-Galar, L50, M|100\/100\n|-activate|p1a: Terapagos|ability: Tera Shift\n|detailschange|p1a: Terapagos|Terapagos-Terastal, L50, M\n|-heal|p1a: Terapagos|100\/100|[silent]\n|-ability|p2b: Weezing|Neutralizing Gas\n|turn|1\n|\n|t:|1739144004\n|-terastallize|p2a: Roaring Moon|Fairy\n|-terastallize|p1a: Terapagos|Stellar\n|detailschange|p1a: Terapagos|Terapagos-Stellar, L50, M, tera:Stellar\n|-heal|p1a: Terapagos|100\/100|[silent]\n|move|p1b: Grimmsnarl|Fake Out|p2a: Roaring Moon\n|-damage|p2a: Roaring Moon|88\/100\n|cant|p2a: Roaring Moon|flinch\n|move|p1a: Terapagos|Tera Starstorm|p2b: Weezing|[spread] p2a,p2b\n|-supereffective|p2a: Roaring Moon\n|-damage|p2a: Roaring Moon|7\/100\n|-damage|p2b: Weezing|39\/100\n|-enditem|p2b: Weezing|Sitrus Berry|[eat]\n|-heal|p2b: Weezing|64\/100|[from] item: Sitrus Berry\n|move|p2b: Weezing|Poison Gas|p1b: Grimmsnarl|[spread] p1a,p1b\n|-status|p1a: Terapagos|psn\n|-status|p1b: Grimmsnarl|psn\n|\n|-damage|p1a: Terapagos|88\/100 psn|[from] psn\n|-damage|p1b: Grimmsnarl|88\/100 psn|[from] psn\n|upkeep\n|turn|2\n|\n|t:|1739144025\n|move|p2a: Roaring Moon|Knock Off|p1a: Terapagos\n|-damage|p1a: Terapagos|45\/100 psn\n|-enditem|p1a: Terapagos|Choice Specs|[from] move: Knock Off|[of] p2a: Roaring Moon\n|move|p1a: Terapagos|Tera Starstorm|p2b: Weezing|[spread] p2a,p2b\n|-supereffective|p2a: Roaring Moon\n|-damage|p2a: Roaring Moon|0 fnt\n|-damage|p2b: Weezing|23\/100\n|faint|p2a: Roaring Moon\n|-end|p2a: Roaring Moon|Protosynthesis|[silent]\n|move|p1b: Grimmsnarl|Thunder Wave|p2b: Weezing|[miss]\n|-miss|p1b: Grimmsnarl|p2b: Weezing\n|move|p2b: Weezing|Toxic Spikes|p1a: Terapagos\n|-sidestart|p1: Realfrytki|move: Toxic Spikes\n|\n|-damage|p1a: Terapagos|33\/100 psn|[from] psn\n|-damage|p1b: Grimmsnarl|76\/100 psn|[from] psn\n|upkeep\n|j| Rooks2024\n|\n|t:|1739144039\n|switch|p2a: Dondozo|Dondozo, L50, F|100\/100\n|turn|3\n|\n|t:|1739144052\n|move|p2b: Weezing|Protect|p2b: Weezing\n|-singleturn|p2b: Weezing|Protect\n|move|p2a: Dondozo|Protect|p2a: Dondozo\n|-singleturn|p2a: Dondozo|Protect\n|move|p1a: Terapagos|Tera Starstorm|p2a: Dondozo|[spread] \n|-activate|p2a: Dondozo|move: Protect\n|-activate|p2b: Weezing|move: Protect\n|move|p1b: Grimmsnarl|Thunder Wave|p2a: Dondozo\n|-activate|p2a: Dondozo|move: Protect\n|\n|-damage|p1a: Terapagos|20\/100 psn|[from] psn\n|-damage|p1b: Grimmsnarl|63\/100 psn|[from] psn\n|upkeep\n|turn|4\n|\n|t:|1739144066\n|-end|p2b: Weezing|ability: Neutralizing Gas\n|switch|p2b: Tatsugiri|Tatsugiri, L50, M|100\/100\n|-activate|p2b: Tatsugiri|ability: Commander|[of] p2a: Dondozo\n|-boost|p2a: Dondozo|atk|2\n|-boost|p2a: Dondozo|spa|2\n|-boost|p2a: Dondozo|spe|2\n|-boost|p2a: Dondozo|def|2\n|-boost|p2a: Dondozo|spd|2\n|move|p1b: Grimmsnarl|Thunder Wave|p2a: Dondozo\n|-status|p2a: Dondozo|par\n|move|p1a: Terapagos|Tera Starstorm|p2b: Tatsugiri|[spread] p2a\n|-miss|p1a: Terapagos|p2b: Tatsugiri\n|-damage|p2a: Dondozo|81\/100 par\n|move|p2a: Dondozo|Earthquake|p1b: Grimmsnarl|[spread] p1a,p1b\n|-miss|p2a: Dondozo|p2b: Tatsugiri\n|-damage|p1a: Terapagos|0 fnt\n|-damage|p1b: Grimmsnarl|18\/100 psn\n|faint|p1a: Terapagos\n|\n|-heal|p2a: Dondozo|88\/100 par|[from] item: Leftovers\n|-damage|p1b: Grimmsnarl|5\/100 psn|[from] psn\n|upkeep\n|\n|t:|1739144086\n|switch|p1a: Rillaboom|Rillaboom, L50, M|100\/100\n|-status|p1a: Rillaboom|psn\n|-fieldstart|move: Grassy Terrain|[from] ability: Grassy Surge|[of] p1a: Rillaboom\n|turn|5\n|\n|t:|1739144101\n|move|p1b: Grimmsnarl|Fake Tears|p2a: Dondozo\n|-unboost|p2a: Dondozo|spd|2\n|move|p1a: Rillaboom|Wood Hammer|p2a: Dondozo\n|-supereffective|p2a: Dondozo\n|-damage|p2a: Dondozo|41\/100 par\n|-damage|p1a: Rillaboom|81\/100 psn|[from] Recoil\n|move|p2a: Dondozo|Wave Crash|p1a: Rillaboom\n|-resisted|p1a: Rillaboom\n|-damage|p1a: Rillaboom|32\/100 psn\n|-damage|p2a: Dondozo|28\/100 par|[from] Recoil\n|\n|-heal|p1a: Rillaboom|38\/100 psn|[from] Grassy Terrain\n|-heal|p1b: Grimmsnarl|11\/100 psn|[from] Grassy Terrain\n|-heal|p2a: Dondozo|34\/100 par|[from] Grassy Terrain\n|-heal|p2a: Dondozo|41\/100 par|[from] item: Leftovers\n|-damage|p1a: Rillaboom|26\/100 psn|[from] psn\n|-damage|p1b: Grimmsnarl|0 fnt|[from] psn\n|faint|p1b: Grimmsnarl\n|upkeep\n|\n|t:|1739144118\n|switch|p1b: Flutter Mane|Flutter Mane, L50|100\/100\n|-status|p1b: Flutter Mane|psn\n|-enditem|p1b: Flutter Mane|Booster Energy\n|-activate|p1b: Flutter Mane|ability: Protosynthesis|[fromitem]\n|-start|p1b: Flutter Mane|protosynthesisspe\n|turn|6\n|\n|t:|1739144127\n|move|p2a: Dondozo|Protect|p2a: Dondozo\n|-singleturn|p2a: Dondozo|Protect\n|move|p1b: Flutter Mane|Moonblast|p2a: Dondozo\n|-activate|p2a: Dondozo|move: Protect\n|move|p1a: Rillaboom|Wood Hammer|p2a: Dondozo\n|-activate|p2a: Dondozo|move: Protect\n|\n|-heal|p1a: Rillaboom|32\/100 psn|[from] Grassy Terrain\n|-heal|p2a: Dondozo|47\/100 par|[from] Grassy Terrain\n|-heal|p2a: Dondozo|53\/100 par|[from] item: Leftovers\n|-damage|p1b: Flutter Mane|88\/100 psn|[from] psn\n|-damage|p1a: Rillaboom|20\/100 psn|[from] psn\n|upkeep\n|turn|7\n|\n|t:|1739144144\n|move|p1b: Flutter Mane|Moonblast|p2a: Dondozo\n|-crit|p2a: Dondozo\n|-damage|p2a: Dondozo|0 fnt\n|faint|p2a: Dondozo\n|move|p1a: Rillaboom|Wood Hammer|p2b: Tatsugiri\n|-enditem|p2b: Tatsugiri|Focus Sash\n|-damage|p2b: Tatsugiri|1\/100\n|-damage|p1a: Rillaboom|0 fnt|[from] Recoil\n|faint|p1a: Rillaboom\n|\n|-heal|p1b: Flutter Mane|94\/100 psn|[from] Grassy Terrain\n|-heal|p2b: Tatsugiri|7\/100|[from] Grassy Terrain\n|-damage|p1b: Flutter Mane|82\/100 psn|[from] psn\n|upkeep\n|\n|t:|1739144151\n|switch|p2a: Weezing|Weezing-Galar, L50, M|23\/100\n|-ability|p2a: Weezing|Neutralizing Gas\n|turn|8\n|\n|t:|1739144165\n|move|p2b: Tatsugiri|Protect|p2b: Tatsugiri\n|-singleturn|p2b: Tatsugiri|Protect\n|move|p1b: Flutter Mane|Moonblast|p2b: Tatsugiri\n|-activate|p2b: Tatsugiri|move: Protect\n|move|p2a: Weezing|Strange Steam|p1b: Flutter Mane\n|-damage|p1b: Flutter Mane|60\/100 psn\n|\n|-heal|p1b: Flutter Mane|66\/100 psn|[from] Grassy Terrain\n|-heal|p2b: Tatsugiri|12\/100|[from] Grassy Terrain\n|-heal|p2a: Weezing|29\/100|[from] Grassy Terrain\n|-damage|p1b: Flutter Mane|54\/100 psn|[from] psn\n|upkeep\n|turn|9\n|\n|t:|1739144180\n|move|p1b: Flutter Mane|Moonblast|p2b: Tatsugiri\n|-supereffective|p2b: Tatsugiri\n|-damage|p2b: Tatsugiri|0 fnt\n|faint|p2b: Tatsugiri\n|move|p2a: Weezing|Strange Steam|p1b: Flutter Mane\n|-damage|p1b: Flutter Mane|31\/100 psn\n|\n|-heal|p1b: Flutter Mane|38\/100 psn|[from] Grassy Terrain\n|-heal|p2a: Weezing|35\/100|[from] Grassy Terrain\n|-damage|p1b: Flutter Mane|25\/100 psn|[from] psn\n|-fieldend|move: Grassy Terrain\n|upkeep\n|turn|10\n|\n|t:|1739144191\n|move|p1b: Flutter Mane|Moonblast|p2a: Weezing\n|-resisted|p2a: Weezing\n|-damage|p2a: Weezing|14\/100\n|-unboost|p2a: Weezing|spa|1\n|move|p2a: Weezing|Strange Steam|p1b: Flutter Mane\n|-damage|p1b: Flutter Mane|10\/100 psn\n|\n|-damage|p1b: Flutter Mane|0 fnt|[from] psn\n|faint|p1b: Flutter Mane\n|-end|p1b: Flutter Mane|Protosynthesis|[silent]\n|\n|win|cobalt_poke\n|upkeep\n|raw|Realfrytki's rating: 1690 &rarr; <strong>1671<\/strong><br \/>(-19 for losing)\n|raw|cobalt_poke's rating: 1708 &rarr; <strong>1727<\/strong><br \/>(+19 for winning)\n|l|\u2606cobalt_poke\n|player|p2|\n|l|\u2606Realfrytki\n|player|p1|\n|l| Rooks2024\n|j|\u2606cobalt_poke\n|player|p2|cobalt_poke|101|\n|l|\u2606cobalt_poke\n|player|p2|\n","uploadtime":1739144349,"views":23,"formatid":"gen9vgc2025regg","rating":1671,"private":0,"password":null}