{"id":"gen9vgc2025regg-2297785762","format":"[Gen 9] VGC 2025 Reg G","players":["ssbutan","rinkurusu"],"log":"|j|\u2606ssbutan\n|j|\u2606rinkurusu\n|t:|1739160060\n|gametype|doubles\n|player|p1|ssbutan|camper|1565\n|player|p2|rinkurusu|waitress-gen4|1607\n|teamsize|p1|6\n|teamsize|p2|6\n|gen|9\n|tier|[Gen 9] VGC 2025 Reg G\n|rated|\n|rule|Species Clause: Limit one of each Pok\u00e9mon\n|rule|Item Clause: Limit 1 of each item\n|clearpoke\n|poke|p1|Calyrex-Ice, L50|\n|poke|p1|Cresselia, L50, F|\n|poke|p1|Rillaboom, L50, F|\n|poke|p1|Urshifu-*, L50, M|\n|poke|p1|Raging Bolt, L50|\n|poke|p1|Thundurus, L50, M|\n|poke|p2|Groudon, L50|\n|poke|p2|Flutter Mane, L50|\n|poke|p2|Raging Bolt, L50|\n|poke|p2|Urshifu-*, L50, M|\n|poke|p2|Chien-Pao, L50|\n|poke|p2|Iron Hands, L50|\n|teampreview|4\n|inactive|Battle timer is ON: inactive players will automatically lose when time's up. (requested by rinkurusu)\n|inactive|ssbutan also wants the timer to be on.\n|inactive|ssbutan has 60 seconds left.\n|\n|t:|1739160114\n|start\n|switch|p1a: Calyrex|Calyrex-Ice, L50|100\/100\n|switch|p1b: Rillaboom|Rillaboom, L50, F|100\/100\n|switch|p2a: Chien-Pao|Chien-Pao, L50|100\/100\n|switch|p2b: Urshifu|Urshifu, L50, M|100\/100\n|-ability|p1a: Calyrex|As One\n|-ability|p1a: Calyrex|Unnerve\n|-ability|p2a: Chien-Pao|Sword of Ruin\n|-fieldstart|move: Grassy Terrain|[from] ability: Grassy Surge|[of] p1b: Rillaboom\n|turn|1\n|\n|t:|1739160131\n|-terastallize|p2a: Chien-Pao|Ghost\n|-terastallize|p1a: Calyrex|Fairy\n|move|p2b: Urshifu|Detect|p2b: Urshifu\n|-singleturn|p2b: Urshifu|Protect\n|move|p1b: Rillaboom|Fake Out|p2a: Chien-Pao\n|-immune|p2a: Chien-Pao\n|move|p2a: Chien-Pao|Ice Spinner|p1b: Rillaboom\n|-supereffective|p1b: Rillaboom\n|-damage|p1b: Rillaboom|0 fnt\n|-fieldend|move: Grassy Terrain\n|faint|p1b: Rillaboom\n|-damage|p2a: Chien-Pao|91\/100|[from] item: Life Orb\n|move|p1a: Calyrex|Glacial Lance|p2a: Chien-Pao|[spread] p2a\n|-activate|p2b: Urshifu|move: Protect\n|-damage|p2a: Chien-Pao|30\/100\n|\n|upkeep\n|\n|t:|1739160143\n|switch|p1b: Cresselia|Cresselia, L50, F|100\/100\n|turn|2\n|\n|t:|1739160152\n|move|p1b: Cresselia|Ally Switch|p1b: Cresselia\n|swap|p1b: Cresselia|0|[from] move: Ally Switch\n|move|p2a: Chien-Pao|Ice Spinner|p1b: Calyrex\n|-damage|p1b: Calyrex|64\/100\n|-damage|p2a: Chien-Pao|20\/100|[from] item: Life Orb\n|move|p2b: Urshifu|Wicked Blow|p1b: Calyrex\n|-resisted|p1b: Calyrex\n|-crit|p1b: Calyrex\n|-damage|p1b: Calyrex|41\/100\n|move|p1b: Calyrex|Glacial Lance|p2b: Urshifu|[spread] p2a,p2b\n|-damage|p2a: Chien-Pao|0 fnt\n|-damage|p2b: Urshifu|40\/100\n|faint|p2a: Chien-Pao\n|-ability|p1b: Calyrex|Chilling Neigh|boost\n|-boost|p1b: Calyrex|atk|1\n|\n|-heal|p1b: Calyrex|47\/100|[from] item: Leftovers\n|upkeep\n|\n|t:|1739160158\n|switch|p2a: Iron Hands|Iron Hands, L50|100\/100\n|turn|3\n|\n|t:|1739160175\n|move|p2b: Urshifu|Wicked Blow|p1a: Cresselia\n|-supereffective|p1a: Cresselia\n|-crit|p1a: Cresselia\n|-damage|p1a: Cresselia|23\/100\n|move|p1a: Cresselia|Lunar Blessing|p1a: Cresselia|[spread] p1a,p1b\n|-heal|p1a: Cresselia|48\/100\n|-heal|p1b: Calyrex|72\/100\n|move|p2a: Iron Hands|Iron Defense|p2a: Iron Hands\n|-boost|p2a: Iron Hands|def|2\n|move|p1b: Calyrex|Glacial Lance|p2b: Urshifu|[spread] p2a,p2b\n|-damage|p2a: Iron Hands|76\/100\n|-damage|p2b: Urshifu|0 fnt\n|faint|p2b: Urshifu\n|-ability|p1b: Calyrex|Chilling Neigh|boost\n|-boost|p1b: Calyrex|atk|1\n|\n|-heal|p2a: Iron Hands|82\/100|[from] item: Leftovers\n|-heal|p1b: Calyrex|78\/100|[from] item: Leftovers\n|upkeep\n|\n|t:|1739160184\n|switch|p2b: Groudon|Groudon, L50|100\/100\n|-weather|SunnyDay|[from] ability: Drought|[of] p2b: Groudon\n|turn|4\n|\n|t:|1739160201\n|move|p2b: Groudon|Heat Crash|p1a: Cresselia\n|-damage|p1a: Cresselia|11\/100\n|move|p1a: Cresselia|Lunar Blessing|p1a: Cresselia|[spread] p1a,p1b\n|-heal|p1a: Cresselia|36\/100\n|-heal|p1b: Calyrex|100\/100\n|move|p2a: Iron Hands|Iron Defense|p2a: Iron Hands\n|-boost|p2a: Iron Hands|def|2\n|move|p1b: Calyrex|Leech Seed|p2a: Iron Hands|[miss]\n|-miss|p1b: Calyrex|p2a: Iron Hands\n|\n|-weather|SunnyDay|[upkeep]\n|-heal|p2a: Iron Hands|88\/100|[from] item: Leftovers\n|upkeep\n|turn|5\n|inactive|ssbutan has 30 seconds left.\n|\n|t:|1739160227\n|switch|p1a: Thundurus|Thundurus, L50, M|100\/100\n|move|p2b: Groudon|Heat Crash|p1b: Calyrex\n|-damage|p1b: Calyrex|89\/100\n|move|p2a: Iron Hands|Body Press|p1b: Calyrex\n|-resisted|p1b: Calyrex\n|-damage|p1b: Calyrex|66\/100\n|move|p1b: Calyrex|Leech Seed|p2a: Iron Hands|[miss]\n|-miss|p1b: Calyrex|p2a: Iron Hands\n|\n|-weather|SunnyDay|[upkeep]\n|-heal|p2a: Iron Hands|94\/100|[from] item: Leftovers\n|-heal|p1b: Calyrex|72\/100|[from] item: Leftovers\n|upkeep\n|turn|6\n|\n|t:|1739160249\n|move|p1a: Thundurus|Rain Dance|p1a: Thundurus\n|-weather|RainDance\n|move|p2b: Groudon|Heat Crash|p1a: Thundurus\n|-damage|p1a: Thundurus|73\/100\n|move|p2a: Iron Hands|Body Press|p1a: Thundurus\n|-resisted|p1a: Thundurus\n|-damage|p1a: Thundurus|13\/100\n|move|p1b: Calyrex|Leech Seed|p2a: Iron Hands\n|-start|p2a: Iron Hands|move: Leech Seed\n|\n|-weather|RainDance|[upkeep]\n|-heal|p2a: Iron Hands|100\/100|[from] item: Leftovers\n|-heal|p1b: Calyrex|77\/100|[from] item: Leftovers\n|-damage|p2a: Iron Hands|88\/100|[from] Leech Seed|[of] p1b: Calyrex\n|-heal|p1b: Calyrex|93\/100|[silent]\n|upkeep\n|turn|7\n|inactive|ssbutan has 30 seconds left.\n|\n|t:|1739160275\n|move|p1a: Thundurus|Eerie Impulse|p2b: Groudon\n|-unboost|p2b: Groudon|spa|2\n|move|p2b: Groudon|Precipice Blades|p1a: Thundurus|[spread] p1b\n|-immune|p1a: Thundurus\n|-damage|p1b: Calyrex|67\/100\n|move|p2a: Iron Hands|Thunder Punch|p1a: Thundurus\n|-damage|p1a: Thundurus|0 fnt\n|faint|p1a: Thundurus\n|move|p1b: Calyrex|Glacial Lance|p2b: Groudon|[spread] p2a,p2b\n|-supereffective|p2b: Groudon\n|-damage|p2a: Iron Hands|68\/100\n|-damage|p2b: Groudon|0 fnt\n|faint|p2b: Groudon\n|-ability|p1b: Calyrex|Chilling Neigh|boost\n|-boost|p1b: Calyrex|atk|1\n|\n|-weather|RainDance|[upkeep]\n|-heal|p2a: Iron Hands|74\/100|[from] item: Leftovers\n|-heal|p1b: Calyrex|72\/100|[from] item: Leftovers\n|-damage|p2a: Iron Hands|62\/100|[from] Leech Seed|[of] p1b: Calyrex\n|-heal|p1b: Calyrex|88\/100|[silent]\n|upkeep\n|\n|t:|1739160281\n|switch|p1a: Cresselia|Cresselia, L50, F|36\/100\n|turn|8\n|\n|t:|1739160283\n|move|p1a: Cresselia|Lunar Blessing|p1a: Cresselia|[spread] p1a,p1b\n|-heal|p1a: Cresselia|61\/100\n|-heal|p1b: Calyrex|100\/100\n|move|p2a: Iron Hands|Iron Defense|p2a: Iron Hands\n|-boost|p2a: Iron Hands|def|2\n|move|p1b: Calyrex|Glacial Lance|p2a: Iron Hands\n|-crit|p2a: Iron Hands\n|-damage|p2a: Iron Hands|0 fnt\n|faint|p2a: Iron Hands\n|-end|p2a: Iron Hands|Quark Drive|[silent]\n|\n|win|ssbutan\n|raw|ssbutan's rating: 1565 &rarr; <strong>1587<\/strong><br \/>(+22 for winning)\n|raw|rinkurusu's rating: 1607 &rarr; <strong>1585<\/strong><br \/>(-22 for losing)\n|l|\u2606ssbutan\n|player|p1|\n|l|\u2606rinkurusu\n|player|p2|\n","uploadtime":1739160446,"views":7,"formatid":"gen9vgc2025regg","rating":1585,"private":0,"password":null}