{"id":"gen9vgc2025regg-2298860313","format":"[Gen 9] VGC 2025 Reg G","players":["Forbranna","OnADiffWorkComp"],"log":"|j|\u2606Forbranna\n|j|\u2606OnADiffWorkComp\n|t:|1739302156\n|gametype|doubles\n|player|p1|Forbranna|clair|1515\n|player|p2|OnADiffWorkComp|169|1614\n|teamsize|p1|6\n|teamsize|p2|6\n|gen|9\n|tier|[Gen 9] VGC 2025 Reg G\n|rated|\n|rule|Species Clause: Limit one of each Pok\u00e9mon\n|rule|Item Clause: Limit 1 of each item\n|clearpoke\n|poke|p1|Grimmsnarl, L50, M|\n|poke|p1|Chi-Yu, L50|\n|poke|p1|Koraidon, L50|\n|poke|p1|Flutter Mane, L50|\n|poke|p1|Raging Bolt, L50|\n|poke|p1|Ogerpon-Cornerstone, L50, F|\n|poke|p2|Smeargle, L50, M|\n|poke|p2|Calyrex-Shadow, L50|\n|poke|p2|Clefairy, L50, F|\n|poke|p2|Tornadus, L50, M|\n|poke|p2|Urshifu-*, L50, M|\n|poke|p2|Rillaboom, L50, M|\n|teampreview|4\n|inactive|Battle timer is ON: inactive players will automatically lose when time's up. (requested by Forbranna)\n|\n|t:|1739302166\n|start\n|switch|p1a: Einstein|Grimmsnarl, L50, M, shiny|100\/100\n|switch|p1b: Voltaire|Raging Bolt, L50|100\/100\n|switch|p2a: Tornadus|Tornadus, L50, M|100\/100\n|switch|p2b: Urshifu|Urshifu-Rapid-Strike, L50, M|100\/100\n|turn|1\n|\n|t:|1739302187\n|switch|p2a: Clefairy|Clefairy, L50, F|100\/100\n|move|p2b: Urshifu|Protect|p2b: Urshifu\n|-singleturn|p2b: Urshifu|Protect\n|move|p1b: Voltaire|Thunderclap||[still]\n|-fail|p1b: Voltaire\n|move|p1a: Einstein|Light Screen|p1a: Einstein\n|-sidestart|p1: Forbranna|move: Light Screen\n|\n|upkeep\n|turn|2\n|\n|t:|1739302210\n|-terastallize|p2a: Clefairy|Ground\n|move|p2a: Clefairy|Follow Me|p2a: Clefairy\n|-singleturn|p2a: Clefairy|move: Follow Me\n|move|p1a: Einstein|Reflect|p1a: Einstein\n|-sidestart|p1: Forbranna|Reflect\n|move|p2b: Urshifu|Surging Strikes|p1a: Einstein\n|-crit|p1a: Einstein\n|-damage|p1a: Einstein|76\/100\n|-crit|p1a: Einstein\n|-damage|p1a: Einstein|53\/100\n|-crit|p1a: Einstein\n|-damage|p1a: Einstein|26\/100\n|-hitcount|p1a: Einstein|3\n|move|p1b: Voltaire|Volt Switch|p2a: Clefairy\n|-immune|p2a: Clefairy\n|\n|upkeep\n|turn|3\n|\n|t:|1739302227\n|switch|p1a: Moctezuma|Koraidon, L50|100\/100\n|-weather|SunnyDay|[from] ability: Orichalcum Pulse|[of] p1a: Moctezuma\n|-activate|p1b: Voltaire|ability: Protosynthesis\n|-start|p1b: Voltaire|protosynthesisspa\n|-activate|p1a: Moctezuma|Orichalcum Pulse|[source]\n|move|p2a: Clefairy|Follow Me|p2a: Clefairy\n|-singleturn|p2a: Clefairy|move: Follow Me\n|move|p2b: Urshifu|Surging Strikes|p1a: Moctezuma\n|-resisted|p1a: Moctezuma\n|-crit|p1a: Moctezuma\n|-damage|p1a: Moctezuma|95\/100\n|-resisted|p1a: Moctezuma\n|-crit|p1a: Moctezuma\n|-damage|p1a: Moctezuma|90\/100\n|-resisted|p1a: Moctezuma\n|-crit|p1a: Moctezuma\n|-damage|p1a: Moctezuma|85\/100\n|-hitcount|p1a: Moctezuma|3\n|move|p1b: Voltaire|Draco Meteor|p2a: Clefairy\n|-damage|p2a: Clefairy|17\/100\n|-unboost|p1b: Voltaire|spa|2\n|\n|-weather|SunnyDay|[upkeep]\n|upkeep\n|turn|4\n|\n|t:|1739302251\n|move|p2a: Clefairy|Follow Me|p2a: Clefairy\n|-singleturn|p2a: Clefairy|move: Follow Me\n|move|p1a: Moctezuma|Flame Charge|p2a: Clefairy\n|-damage|p2a: Clefairy|0 fnt\n|-boost|p1a: Moctezuma|spe|1\n|faint|p2a: Clefairy\n|move|p2b: Urshifu|Close Combat|p1a: Moctezuma\n|-damage|p1a: Moctezuma|48\/100\n|-unboost|p2b: Urshifu|def|1\n|-unboost|p2b: Urshifu|spd|1\n|move|p1b: Voltaire|Volt Switch|p2b: Urshifu\n|-supereffective|p2b: Urshifu\n|-damage|p2b: Urshifu|0 fnt\n|faint|p2b: Urshifu\n|j| Therazer456\n|\n|t:|1739302271\n|-end|p1b: Voltaire|Protosynthesis|[silent]\n|switch|p1b: Einstein|Grimmsnarl, L50, M, shiny|26\/100|[from] Volt Switch\n|\n|-weather|SunnyDay|[upkeep]\n|upkeep\n|\n|t:|1739302276\n|switch|p2b: Calyrex|Calyrex-Shadow, L50|100\/100\n|switch|p2a: Tornadus|Tornadus, L50, M|100\/100\n|-ability|p2b: Calyrex|As One\n|-ability|p2b: Calyrex|Unnerve\n|turn|5\n|\n|t:|1739302289\n|move|p1a: Moctezuma|Protect|p1a: Moctezuma\n|-singleturn|p1a: Moctezuma|Protect\n|move|p2a: Tornadus|Rain Dance|p2a: Tornadus\n|-weather|RainDance\n|move|p1b: Einstein|Thunder Wave|p2b: Calyrex\n|-status|p2b: Calyrex|par\n|move|p2b: Calyrex|Astral Barrage|p1b: Einstein|[spread] p1b\n|-activate|p1a: Moctezuma|move: Protect\n|-resisted|p1b: Einstein\n|-damage|p1b: Einstein|2\/100\n|-damage|p2b: Calyrex|91\/100 par|[from] item: Life Orb\n|\n|-weather|RainDance|[upkeep]\n|upkeep\n|turn|6\n|\n|t:|1739302309\n|switch|p1b: Zheng He|Chi-Yu, L50|100\/100\n|-ability|p1b: Zheng He|Beads of Ruin\n|move|p2a: Tornadus|Tailwind|p2a: Tornadus\n|-sidestart|p2: OnADiffWorkComp|move: Tailwind\n|move|p1a: Moctezuma|Flare Blitz|p2b: Calyrex\n|-damage|p2b: Calyrex|67\/100 par\n|-damage|p1a: Moctezuma|41\/100|[from] Recoil\n|move|p2b: Calyrex|Astral Barrage|p1b: Zheng He|[spread] p1a,p1b\n|-resisted|p1b: Zheng He\n|-damage|p1a: Moctezuma|0 fnt\n|-damage|p1b: Zheng He|78\/100\n|faint|p1a: Moctezuma\n|-ability|p2b: Calyrex|Grim Neigh|boost\n|-boost|p2b: Calyrex|spa|1\n|-damage|p2b: Calyrex|58\/100 par|[from] item: Life Orb\n|\n|-weather|RainDance|[upkeep]\n|upkeep\n|\n|t:|1739302329\n|switch|p1a: Einstein|Grimmsnarl, L50, M, shiny|2\/100\n|turn|7\n|\n|t:|1739302338\n|move|p2b: Calyrex|Protect|p2b: Calyrex\n|-singleturn|p2b: Calyrex|Protect\n|move|p1a: Einstein|Thunder Wave|p2a: Tornadus\n|-status|p2a: Tornadus|par\n|move|p2a: Tornadus|Bleakwind Storm|p1b: Zheng He|[spread] p1a,p1b\n|-damage|p1a: Einstein|0 fnt\n|-damage|p1b: Zheng He|55\/100\n|faint|p1a: Einstein\n|move|p1b: Zheng He|Dark Pulse|p2b: Calyrex\n|-activate|p2b: Calyrex|move: Protect\n|\n|-weather|RainDance|[upkeep]\n|upkeep\n|\n|t:|1739302352\n|switch|p1a: Voltaire|Raging Bolt, L50|100\/100\n|turn|8\n|\n|t:|1739302361\n|-terastallize|p1a: Voltaire|Electric\n|move|p1a: Voltaire|Thunderclap|p2a: Tornadus\n|-supereffective|p2a: Tornadus\n|-damage|p2a: Tornadus|0 fnt\n|faint|p2a: Tornadus\n|cant|p2b: Calyrex|par\n|move|p1b: Zheng He|Dark Pulse|p2b: Calyrex\n|-supereffective|p2b: Calyrex\n|-damage|p2b: Calyrex|0 fnt\n|faint|p2b: Calyrex\n|\n|win|Forbranna\n|raw|Forbranna's rating: 1515 &rarr; <strong>1541<\/strong><br \/>(+26 for winning)\n|raw|OnADiffWorkComp's rating: 1614 &rarr; <strong>1588<\/strong><br \/>(-26 for losing)\n|l|\u2606OnADiffWorkComp\n|player|p2|\n|l| Therazer456\n|l|\u2606Forbranna\n|player|p1|\n|j|\u2606Forbranna\n|player|p1|Forbranna|clair|\n|l|\u2606Forbranna\n|player|p1|\n|j|\u2606Forbranna\n|player|p1|Forbranna|clair|\n|l|\u2606Forbranna\n|player|p1|\n|j|\u2606Forbranna\n|player|p1|Forbranna|clair|\n","uploadtime":1739302515,"views":7,"formatid":"gen9vgc2025regg","rating":1541,"private":0,"password":null}