{"id":"gen9vgc2025regg-2298389801","format":"[Gen 9] VGC 2025 Reg G","players":["stbai","swadbgdc"],"log":"|j|\u2606stbai\n|j|\u2606swadbgdc\n|t:|1739239725\n|gametype|doubles\n|player|p1|stbai|janitor|1611\n|player|p2|swadbgdc|lucas|1729\n|teamsize|p1|6\n|teamsize|p2|6\n|gen|9\n|tier|[Gen 9] VGC 2025 Reg G\n|rated|\n|rule|Species Clause: Limit one of each Pok\u00e9mon\n|rule|Item Clause: Limit 1 of each item\n|clearpoke\n|poke|p1|Tatsugiri, L50, F|\n|poke|p1|Terapagos, L50, M|\n|poke|p1|Latios, L50, M|\n|poke|p1|Entei, L50|\n|poke|p1|Dondozo, L50, M|\n|poke|p1|Rillaboom, L50, F|\n|poke|p2|Urshifu-*, L50, M|\n|poke|p2|Iron Moth, L50|\n|poke|p2|Zacian-*, L50|\n|poke|p2|Rillaboom, L50, F|\n|poke|p2|Ogerpon-Cornerstone, L50, F|\n|poke|p2|Farigiraf, L50, M|\n|teampreview|4\n|inactive|Battle timer is ON: inactive players will automatically lose when time's up. (requested by stbai)\n|inactive|swadbgdc has 60 seconds left.\n|inactive|swadbgdc has 30 seconds left.\n|inactive|swadbgdc has 20 seconds left.\n|inactive|swadbgdc has 15 seconds left.\n|inactive|swadbgdc has 10 seconds left.\n|inactive|swadbgdc has 5 seconds left.\n|\n|t:|1739239813\n|start\n|switch|p1a: Entei|Entei, L50|100\/100\n|switch|p1b: Dondozo|Dondozo, L50, M|100\/100\n|switch|p2a: Zacian|Zacian-Crowned, L50|100\/100\n|switch|p2b: Rillaboom|Rillaboom, L50, F|100\/100\n|-ability|p2a: Zacian|Intrepid Sword|boost\n|-boost|p2a: Zacian|atk|1\n|-fieldstart|move: Grassy Terrain|[from] ability: Grassy Surge|[of] p2b: Rillaboom\n|turn|1\n|\n|t:|1739239832\n|-terastallize|p2a: Zacian|Ground\n|move|p1b: Dondozo|Protect|p1b: Dondozo\n|-singleturn|p1b: Dondozo|Protect\n|move|p2b: Rillaboom|Fake Out|p1b: Dondozo\n|-activate|p1b: Dondozo|move: Protect\n|move|p2a: Zacian|Tera Blast|p1a: Entei|[anim] Tera Blast Ground\n|-supereffective|p1a: Entei\n|-damage|p1a: Entei|0 fnt\n|faint|p1a: Entei\n|\n|upkeep\n|\n|t:|1739239843\n|switch|p1a: Terapagos|Terapagos, L50, M|100\/100\n|-activate|p1a: Terapagos|ability: Tera Shift\n|detailschange|p1a: Terapagos|Terapagos-Terastal, L50, M\n|-heal|p1a: Terapagos|100\/100|[silent]\n|turn|2\n|\n|t:|1739239855\n|switch|p1a: Tatsugiri|Tatsugiri, L50, F|100\/100\n|-activate|p1a: Tatsugiri|ability: Commander|[of] p1b: Dondozo\n|-boost|p1b: Dondozo|atk|2\n|-boost|p1b: Dondozo|spa|2\n|-boost|p1b: Dondozo|spe|2\n|-boost|p1b: Dondozo|def|2\n|-boost|p1b: Dondozo|spd|2\n|-terastallize|p1b: Dondozo|Dragon\n|move|p2a: Zacian|Protect|p2a: Zacian\n|-singleturn|p2a: Zacian|Protect\n|move|p1b: Dondozo|Order Up|p2a: Zacian\n|-activate|p2a: Zacian|move: Protect\n|move|p2b: Rillaboom|U-turn|p1a: Tatsugiri|[miss]\n|-miss|p2b: Rillaboom|p1a: Tatsugiri\n|\n|upkeep\n|turn|3\n|\n|t:|1739239868\n|move|p2a: Zacian|Sacred Sword|p1b: Dondozo\n|-damage|p1b: Dondozo|77\/100\n|move|p1b: Dondozo|Order Up|p2a: Zacian\n|-damage|p2a: Zacian|39\/100\n|-boost|p1b: Dondozo|atk|1\n|move|p2b: Rillaboom|U-turn|p1b: Dondozo\n|-damage|p1b: Dondozo|68\/100\n|\n|t:|1739239873\n|switch|p2b: Urshifu|Urshifu, L50, M|100\/100|[from] U-turn\n|\n|-heal|p2a: Zacian|45\/100|[from] Grassy Terrain\n|-heal|p1b: Dondozo|74\/100|[from] Grassy Terrain\n|-heal|p1b: Dondozo|80\/100|[from] item: Leftovers\n|upkeep\n|turn|4\n|\n|t:|1739239885\n|move|p2a: Zacian|Sacred Sword|p1b: Dondozo\n|-damage|p1b: Dondozo|55\/100\n|move|p1b: Dondozo|Order Up|p2b: Urshifu\n|-damage|p2b: Urshifu|22\/100\n|-boost|p1b: Dondozo|atk|1\n|move|p2b: Urshifu|Wicked Blow|p1b: Dondozo\n|-crit|p1b: Dondozo\n|-damage|p1b: Dondozo|9\/100\n|\n|-heal|p2a: Zacian|52\/100|[from] Grassy Terrain\n|-heal|p1b: Dondozo|15\/100|[from] Grassy Terrain\n|-heal|p1b: Dondozo|21\/100|[from] item: Leftovers\n|-heal|p2b: Urshifu|28\/100|[from] Grassy Terrain\n|upkeep\n|turn|5\n|\n|t:|1739239895\n|move|p2a: Zacian|Sacred Sword|p1b: Dondozo\n|-damage|p1b: Dondozo|0 fnt\n|faint|p1b: Dondozo\n|move|p2b: Urshifu|Wicked Blow|p1a: Tatsugiri\n|-crit|p1a: Tatsugiri\n|-damage|p1a: Tatsugiri|0 fnt\n|faint|p1a: Tatsugiri\n|\n|-heal|p2a: Zacian|58\/100|[from] Grassy Terrain\n|-heal|p2b: Urshifu|34\/100|[from] Grassy Terrain\n|-fieldend|move: Grassy Terrain\n|upkeep\n|-message|stbai forfeited.\n|\n|win|swadbgdc\n|raw|stbai's rating: 1611 &rarr; <strong>1598<\/strong><br \/>(-13 for losing)\n|raw|swadbgdc's rating: 1729 &rarr; <strong>1742<\/strong><br \/>(+13 for winning)\n|l|\u2606stbai\n|player|p1|\n|l|\u2606swadbgdc\n|player|p2|\n","uploadtime":1739240132,"views":5,"formatid":"gen9vgc2025regg","rating":1598,"private":0,"password":null}