{"id":"gen9vgc2025regg-2298857399","format":"[Gen 9] VGC 2025 Reg G","players":["PokemonBreederJoey","tplusplus"],"log":"|j|\u2606PokemonBreederJoey\n|j|\u2606tplusplus\n|t:|1739301874\n|gametype|doubles\n|player|p1|PokemonBreederJoey|102|1610\n|player|p2|tplusplus|perrin|1599\n|teamsize|p1|6\n|teamsize|p2|6\n|gen|9\n|tier|[Gen 9] VGC 2025 Reg G\n|rated|\n|rule|Species Clause: Limit one of each Pok\u00e9mon\n|rule|Item Clause: Limit 1 of each item\n|clearpoke\n|poke|p1|Ursaluna-Bloodmoon, L50, M|\n|poke|p1|Farigiraf, L50, M|\n|poke|p1|Urshifu-*, L50, F|\n|poke|p1|Rillaboom, L50, F|\n|poke|p1|Calyrex-Ice, L50|\n|poke|p1|Dragonite, L50, M|\n|poke|p2|Smeargle, L50, M|\n|poke|p2|Calyrex-Ice, L50|\n|poke|p2|Ursaluna-Bloodmoon, L50, M|\n|poke|p2|Annihilape, L50, F|\n|poke|p2|Urshifu-*, L50, F|\n|poke|p2|Ogerpon-Hearthflame, L50, F|\n|teampreview|4\n|\n|t:|1739301899\n|start\n|switch|p1a: Rillaboom|Rillaboom, L50, F|100\/100\n|switch|p1b: Calyrex|Calyrex-Ice, L50|100\/100\n|switch|p2a: Annihilape|Annihilape, L50, F|100\/100\n|switch|p2b: Calyrex|Calyrex-Ice, L50|100\/100\n|-ability|p2b: Calyrex|As One\n|-ability|p2b: Calyrex|Unnerve\n|-ability|p1b: Calyrex|As One\n|-ability|p1b: Calyrex|Unnerve\n|-fieldstart|move: Grassy Terrain|[from] ability: Grassy Surge|[of] p1a: Rillaboom\n|turn|1\n|\n|t:|1739301914\n|move|p1a: Rillaboom|Fake Out|p2b: Calyrex\n|-damage|p2b: Calyrex|91\/100\n|move|p2a: Annihilape|Coaching|p2b: Calyrex\n|-boost|p2b: Calyrex|atk|1\n|-boost|p2b: Calyrex|def|1\n|cant|p2b: Calyrex|flinch\n|move|p1b: Calyrex|High Horsepower|p2b: Calyrex\n|-damage|p2b: Calyrex|72\/100\n|\n|-heal|p2b: Calyrex|78\/100|[from] Grassy Terrain\n|upkeep\n|turn|2\n|\n|t:|1739301941\n|move|p2a: Annihilape|Final Gambit|p1b: Calyrex\n|-damage|p1b: Calyrex|0 fnt\n|faint|p2a: Annihilape\n|faint|p1b: Calyrex\n|move|p1a: Rillaboom|Wood Hammer|p2b: Calyrex\n|-damage|p2b: Calyrex|44\/100\n|-enditem|p2b: Calyrex|Sitrus Berry|[eat]\n|-heal|p2b: Calyrex|69\/100|[from] item: Sitrus Berry\n|-damage|p1a: Rillaboom|89\/100|[from] Recoil\n|move|p2b: Calyrex|Glacial Lance|p1a: Rillaboom\n|-supereffective|p1a: Rillaboom\n|-damage|p1a: Rillaboom|0 fnt\n|faint|p1a: Rillaboom\n|-ability|p2b: Calyrex|Chilling Neigh|boost\n|-boost|p2b: Calyrex|atk|1\n|\n|-heal|p2b: Calyrex|75\/100|[from] Grassy Terrain\n|upkeep\n|\n|t:|1739301955\n|switch|p2a: Smeargle|Smeargle, L50, M|100\/100\n|switch|p1a: Urshifu|Urshifu, L50, F|100\/100\n|switch|p1b: Ursaluna|Ursaluna-Bloodmoon, L50, M|100\/100\n|turn|3\n|\n|t:|1739301970\n|-terastallize|p2b: Calyrex|Water\n|move|p1a: Urshifu|Detect|p1a: Urshifu\n|-singleturn|p1a: Urshifu|Protect\n|move|p1b: Ursaluna|Protect|p1b: Ursaluna\n|-singleturn|p1b: Ursaluna|Protect\n|move|p2a: Smeargle|Fake Out|p1b: Ursaluna\n|-activate|p1b: Ursaluna|move: Protect\n|move|p2b: Calyrex|Glacial Lance|p1a: Urshifu|[spread] \n|-activate|p1a: Urshifu|move: Protect\n|-activate|p1b: Ursaluna|move: Protect\n|\n|-heal|p2b: Calyrex|81\/100|[from] Grassy Terrain\n|upkeep\n|turn|4\n|\n|t:|1739301985\n|move|p2a: Smeargle|Follow Me|p2a: Smeargle\n|-singleturn|p2a: Smeargle|move: Follow Me\n|move|p1a: Urshifu|Wicked Blow|p2a: Smeargle\n|-crit|p2a: Smeargle\n|-damage|p2a: Smeargle|13\/100\n|move|p2b: Calyrex|Glacial Lance|p1a: Urshifu|[spread] p1a,p1b\n|-supereffective|p1b: Ursaluna\n|-enditem|p1a: Urshifu|Focus Sash\n|-damage|p1a: Urshifu|1\/100\n|-damage|p1b: Ursaluna|0 fnt\n|faint|p1b: Ursaluna\n|-ability|p2b: Calyrex|Chilling Neigh|boost\n|-boost|p2b: Calyrex|atk|1\n|\n|-heal|p1a: Urshifu|7\/100|[from] Grassy Terrain\n|-heal|p2b: Calyrex|86\/100|[from] Grassy Terrain\n|-heal|p2a: Smeargle|20\/100|[from] Grassy Terrain\n|upkeep\n|turn|5\n|\n|t:|1739301997\n|move|p2a: Smeargle|Follow Me|p2a: Smeargle\n|-singleturn|p2a: Smeargle|move: Follow Me\n|move|p1a: Urshifu|Close Combat|p2a: Smeargle\n|-supereffective|p2a: Smeargle\n|-damage|p2a: Smeargle|0 fnt\n|-unboost|p1a: Urshifu|def|1\n|-unboost|p1a: Urshifu|spd|1\n|faint|p2a: Smeargle\n|move|p2b: Calyrex|Glacial Lance|p1a: Urshifu\n|-damage|p1a: Urshifu|0 fnt\n|faint|p1a: Urshifu\n|\n|win|tplusplus\n|raw|PokemonBreederJoey's rating: 1610 &rarr; <strong>1589<\/strong><br \/>(-21 for losing)\n|raw|tplusplus's rating: 1599 &rarr; <strong>1620<\/strong><br \/>(+21 for winning)\n|l|\u2606PokemonBreederJoey\n|player|p1|\n","uploadtime":1739302236,"views":13,"formatid":"gen9vgc2025regg","rating":1589,"private":0,"password":null}