{"id":"gen9vgc2025regg-2298296300","format":"[Gen 9] VGC 2025 Reg G","players":["heyBeteritsVGC","DimensionalFool"],"log":"|j|\u2606heyBeteritsVGC\n|j|\u203dDimensionalFool\n|t:|1739227983\n|gametype|doubles\n|player|p1|heyBeteritsVGC|102|1630\n|player|p2|DimensionalFool|169|1712\n|teamsize|p1|6\n|teamsize|p2|6\n|gen|9\n|tier|[Gen 9] VGC 2025 Reg G\n|rated|\n|rule|Species Clause: Limit one of each Pok\u00e9mon\n|rule|Item Clause: Limit 1 of each item\n|clearpoke\n|poke|p1|Dialga-Origin, L50|\n|poke|p1|Flutter Mane, L50|\n|poke|p1|Raging Bolt, L50|\n|poke|p1|Ursaluna, L50, M|\n|poke|p1|Volcarona, L50, F|\n|poke|p1|Smeargle, L50, M|\n|poke|p2|Grimmsnarl, L50, M|\n|poke|p2|Landorus, L50, M|\n|poke|p2|Calyrex-Ice, L50|\n|poke|p2|Pelipper, L50, M|\n|poke|p2|Urshifu-*, L50, F|\n|poke|p2|Rillaboom, L50, M|\n|teampreview|4\n|inactive|Battle timer is ON: inactive players will automatically lose when time's up. (requested by heyBeteritsVGC)\n|inactive|heyBeteritsVGC has 60 seconds left.\n|j| Meiser63\n|\n|t:|1739228030\n|start\n|switch|p1a: Flutter Mane|Flutter Mane, L50|100\/100\n|switch|p1b: Volcarona|Volcarona, L50, F|100\/100\n|switch|p2a: Landorus|Landorus, L50, M|100\/100\n|switch|p2b: Pelipper|Pelipper, L50, M|100\/100\n|-weather|RainDance|[from] ability: Drizzle|[of] p2b: Pelipper\n|-enditem|p1a: Flutter Mane|Booster Energy\n|-activate|p1a: Flutter Mane|ability: Protosynthesis|[fromitem]\n|-start|p1a: Flutter Mane|protosynthesisspe\n|turn|1\n|j| Funn yIy\n|l| Funn yIy\n|\n|t:|1739228047\n|move|p2a: Landorus|Protect|p2a: Landorus\n|-singleturn|p2a: Landorus|Protect\n|move|p1a: Flutter Mane|Moonblast|p2a: Landorus\n|-activate|p2a: Landorus|move: Protect\n|move|p1b: Volcarona|Struggle Bug|p2b: Pelipper|[spread] p2b\n|-activate|p2a: Landorus|move: Protect\n|-resisted|p2b: Pelipper\n|-damage|p2b: Pelipper|87\/100\n|-unboost|p2b: Pelipper|spa|1\n|move|p2b: Pelipper|Tailwind|p2b: Pelipper\n|-sidestart|p2: DimensionalFool|move: Tailwind\n|\n|-weather|RainDance|[upkeep]\n|upkeep\n|turn|2\n|\n|t:|1739228063\n|move|p2a: Landorus|Sandsear Storm|p1a: Flutter Mane|[spread] p1a,p1b\n|-damage|p1a: Flutter Mane|40\/100\n|-damage|p1b: Volcarona|42\/100\n|move|p1a: Flutter Mane|Moonblast|p2b: Pelipper\n|-damage|p2b: Pelipper|14\/100\n|-unboost|p2b: Pelipper|spa|1\n|move|p2b: Pelipper|Weather Ball|p1a: Flutter Mane\n|-crit|p1a: Flutter Mane\n|-damage|p1a: Flutter Mane|0 fnt\n|faint|p1a: Flutter Mane\n|-end|p1a: Flutter Mane|Protosynthesis|[silent]\n|move|p1b: Volcarona|Tailwind|p1b: Volcarona\n|-sidestart|p1: heyBeteritsVGC|move: Tailwind\n|\n|-weather|RainDance|[upkeep]\n|upkeep\n|j| Funn yIy\n|\n|t:|1739228079\n|switch|p1a: Dialga|Dialga-Origin, L50|100\/100\n|turn|3\n|inactive|heyBeteritsVGC has 30 seconds left.\n|\n|t:|1739228104\n|-terastallize|p1a: Dialga|Bug\n|move|p2a: Landorus|Sandsear Storm|p1a: Dialga|[spread] p1a,p1b\n|-resisted|p1a: Dialga\n|-damage|p1a: Dialga|78\/100\n|-damage|p1b: Volcarona|0 fnt\n|faint|p1b: Volcarona\n|move|p2b: Pelipper|Hurricane|p1a: Dialga\n|-supereffective|p1a: Dialga\n|-damage|p1a: Dialga|43\/100\n|move|p1a: Dialga|Draco Meteor|p2a: Landorus\n|-damage|p2a: Landorus|0 fnt\n|-unboost|p1a: Dialga|spa|2\n|faint|p2a: Landorus\n|\n|-weather|RainDance|[upkeep]\n|upkeep\n|\n|t:|1739228120\n|switch|p2a: Calyrex|Calyrex-Ice, L50|100\/100\n|switch|p1b: Raging Bolt|Raging Bolt, L50|100\/100\n|-ability|p2a: Calyrex|As One\n|-ability|p2a: Calyrex|Unnerve\n|turn|4\n|\n|t:|1739228137\n|move|p2b: Pelipper|Weather Ball|p1b: Raging Bolt\n|-resisted|p1b: Raging Bolt\n|-damage|p1b: Raging Bolt|89\/100\n|move|p1b: Raging Bolt|Discharge|p2a: Calyrex|[spread] p2a,p2b\n|-activate|p1a: Dialga|ability: Telepathy\n|-supereffective|p2b: Pelipper\n|-damage|p2a: Calyrex|86\/100\n|-damage|p2b: Pelipper|0 fnt\n|faint|p2b: Pelipper\n|move|p1a: Dialga|Flash Cannon|p2a: Calyrex\n|-supereffective|p2a: Calyrex\n|-damage|p2a: Calyrex|58\/100\n|move|p2a: Calyrex|Glacial Lance|p1a: Dialga|[spread] p1a,p1b\n|-crit|p1a: Dialga\n|-supereffective|p1b: Raging Bolt\n|-damage|p1a: Dialga|0 fnt\n|-damage|p1b: Raging Bolt|5\/100\n|faint|p1a: Dialga\n|-ability|p2a: Calyrex|Chilling Neigh|boost\n|-boost|p2a: Calyrex|atk|1\n|\n|-weather|RainDance|[upkeep]\n|-sideend|p2: DimensionalFool|move: Tailwind\n|upkeep\n|\n|t:|1739228151\n|switch|p2b: Urshifu|Urshifu-Rapid-Strike, L50, F|100\/100\n|turn|5\n|-message|heyBeteritsVGC forfeited.\n|\n|win|DimensionalFool\n|raw|heyBeteritsVGC's rating: 1630 &rarr; <strong>1615<\/strong><br \/>(-15 for losing)\n|raw|DimensionalFool's rating: 1712 &rarr; <strong>1727<\/strong><br \/>(+15 for winning)\n|l|\u2606heyBeteritsVGC\n|player|p1|\n|l| Meiser63\n|l|\u203dDimensionalFool\n|player|p2|\n","uploadtime":1739228400,"views":8,"formatid":"gen9vgc2025regg","rating":1615,"private":0,"password":null}