{"id":"gen9vgc2025regg-2298856580","format":"[Gen 9] VGC 2025 Reg G","players":["Yung Trav","OnADiffWorkComp"],"log":"|j|\u2606Yung Trav\n|j|\u2606OnADiffWorkComp\n|t:|1739301791\n|gametype|doubles\n|player|p1|Yung Trav|266|1675\n|player|p2|OnADiffWorkComp|169|1649\n|teamsize|p1|6\n|teamsize|p2|6\n|gen|9\n|tier|[Gen 9] VGC 2025 Reg G\n|rated|\n|rule|Species Clause: Limit one of each Pok\u00e9mon\n|rule|Item Clause: Limit 1 of each item\n|clearpoke\n|poke|p1|Calyrex-Ice, L50|\n|poke|p1|Regidrago, L50|\n|poke|p1|Smeargle, L50, M|\n|poke|p1|Farigiraf, L50, M|\n|poke|p1|Urshifu-*, L50, M|\n|poke|p1|Ogerpon-Cornerstone, L50, F|\n|poke|p2|Smeargle, L50, M|\n|poke|p2|Calyrex-Shadow, L50|\n|poke|p2|Clefairy, L50, M|\n|poke|p2|Tornadus, L50, M|\n|poke|p2|Urshifu-*, L50, F|\n|poke|p2|Rillaboom, L50, M|\n|teampreview|4\n|inactive|Battle timer is ON: inactive players will automatically lose when time's up. (requested by Yung Trav)\n|j| kiabu233\n|inactive|Yung Trav has 60 seconds left.\n|inactive|OnADiffWorkComp has 60 seconds left.\n|\n|t:|1739301834\n|start\n|switch|p1a: Calyrex|Calyrex-Ice, L50|100\/100\n|switch|p1b: Ogerpon|Ogerpon-Cornerstone, L50, F|100\/100\n|switch|p2a: Urshifu|Urshifu-Rapid-Strike, L50, F|100\/100\n|switch|p2b: Clefairy|Clefairy, L50, M|100\/100\n|-ability|p1a: Calyrex|As One\n|-ability|p1a: Calyrex|Unnerve\n|turn|1\n|\n|t:|1739301851\n|-terastallize|p2a: Urshifu|Water\n|move|p1b: Ogerpon|Follow Me|p1b: Ogerpon\n|-singleturn|p1b: Ogerpon|move: Follow Me\n|move|p2b: Clefairy|Follow Me|p2b: Clefairy\n|-singleturn|p2b: Clefairy|move: Follow Me\n|move|p2a: Urshifu|Surging Strikes|p1b: Ogerpon\n|-crit|p1b: Ogerpon\n|-damage|p1b: Ogerpon|56\/100\n|-crit|p1b: Ogerpon\n|-damage|p1b: Ogerpon|8\/100\n|-crit|p1b: Ogerpon\n|-damage|p1b: Ogerpon|0 fnt\n|faint|p1b: Ogerpon\n|-hitcount|p1: Ogerpon|3\n|move|p1a: Calyrex|Trick Room|p1a: Calyrex\n|-fieldstart|move: Trick Room|[of] p1a: Calyrex\n|\n|upkeep\n|\n|t:|1739301866\n|switch|p1b: Smeargle|Smeargle, L50, M, shiny|100\/100\n|turn|2\n|j| Nabandwhat\n|\n|t:|1739301883\n|-terastallize|p1a: Calyrex|Water\n|move|p2b: Clefairy|Protect|p2b: Clefairy\n|-singleturn|p2b: Clefairy|Protect\n|move|p2a: Urshifu|Protect|p2a: Urshifu\n|-singleturn|p2a: Urshifu|Protect\n|move|p1b: Smeargle|Decorate|p1a: Calyrex\n|-boost|p1a: Calyrex|atk|2\n|-boost|p1a: Calyrex|spa|2\n|move|p1a: Calyrex|Glacial Lance|p2a: Urshifu|[spread] \n|-activate|p2a: Urshifu|move: Protect\n|-activate|p2b: Clefairy|move: Protect\n|\n|upkeep\n|turn|3\n|inactive|Yung Trav has 30 seconds left.\n|\n|t:|1739301910\n|move|p2b: Clefairy|After You|p2a: Urshifu\n|-activate|p2a: Urshifu|move: After You\n|move|p2a: Urshifu|Surging Strikes|p1b: Smeargle\n|-crit|p1b: Smeargle\n|-damage|p1b: Smeargle|51\/100\n|-crit|p1b: Smeargle\n|-damage|p1b: Smeargle|3\/100\n|-crit|p1b: Smeargle\n|-damage|p1b: Smeargle|0 fnt\n|faint|p1b: Smeargle\n|-hitcount|p1: Smeargle|3\n|move|p1a: Calyrex|Glacial Lance|p2a: Urshifu|[spread] p2a,p2b\n|-resisted|p2a: Urshifu\n|-crit|p2a: Urshifu\n|-damage|p2a: Urshifu|33\/100\n|-damage|p2b: Clefairy|14\/100\n|\n|upkeep\n|\n|t:|1739301923\n|switch|p1b: Regidrago|Regidrago, L50, shiny|100\/100\n|turn|4\n|\n|t:|1739301931\n|move|p2b: Clefairy|Protect|p2b: Clefairy\n|-singleturn|p2b: Clefairy|Protect\n|move|p2a: Urshifu|Protect|p2a: Urshifu\n|-singleturn|p2a: Urshifu|Protect\n|move|p1b: Regidrago|Dragon Energy|p2a: Urshifu|[spread] \n|-activate|p2a: Urshifu|move: Protect\n|-activate|p2b: Clefairy|move: Protect\n|move|p1a: Calyrex|Glacial Lance|p2b: Clefairy|[spread] \n|-activate|p2a: Urshifu|move: Protect\n|-activate|p2b: Clefairy|move: Protect\n|\n|upkeep\n|turn|5\n|\n|t:|1739301955\n|move|p2b: Clefairy|After You|p2a: Urshifu\n|-activate|p2a: Urshifu|move: After You\n|move|p2a: Urshifu|Close Combat|p1a: Calyrex\n|-damage|p1a: Calyrex|60\/100\n|-unboost|p2a: Urshifu|def|1\n|-unboost|p2a: Urshifu|spd|1\n|move|p1b: Regidrago|Dragon Energy|p2a: Urshifu|[spread] p2a\n|-immune|p2b: Clefairy\n|-damage|p2a: Urshifu|0 fnt\n|faint|p2a: Urshifu\n|move|p1a: Calyrex|Glacial Lance|p2b: Clefairy\n|-damage|p2b: Clefairy|0 fnt\n|faint|p2b: Clefairy\n|-ability|p1a: Calyrex|Chilling Neigh|boost\n|-boost|p1a: Calyrex|atk|1\n|\n|-fieldend|move: Trick Room\n|upkeep\n|\n|t:|1739301970\n|switch|p2a: Calyrex|Calyrex-Shadow, L50|100\/100\n|switch|p2b: Smeargle|Smeargle, L50, M|100\/100\n|-ability|p2a: Calyrex|As One\n|-ability|p2a: Calyrex|Unnerve\n|turn|6\n|\n|t:|1739301991\n|move|p1a: Calyrex|Protect|p1a: Calyrex\n|-singleturn|p1a: Calyrex|Protect\n|move|p2b: Smeargle|Wide Guard|p2b: Smeargle\n|-singleturn|p2b: Smeargle|Wide Guard\n|move|p2a: Calyrex|Astral Barrage|p1b: Regidrago|[spread] p1b\n|-activate|p1a: Calyrex|move: Protect\n|-damage|p1b: Regidrago|24\/100\n|-damage|p2a: Calyrex|91\/100|[from] item: Life Orb\n|move|p1b: Regidrago|Draco Meteor|p2a: Calyrex\n|-damage|p2a: Calyrex|0 fnt\n|-unboost|p1b: Regidrago|spa|2\n|faint|p2a: Calyrex\n|\n|-ability|p2b: Smeargle|Moody|boost\n|-boost|p2b: Smeargle|spa|2\n|-unboost|p2b: Smeargle|spe|1\n|upkeep\n|turn|7\n|-message|OnADiffWorkComp forfeited.\n|\n|win|Yung Trav\n|raw|Yung Trav's rating: 1675 &rarr; <strong>1694<\/strong><br \/>(+19 for winning)\n|raw|OnADiffWorkComp's rating: 1649 &rarr; <strong>1630<\/strong><br \/>(-19 for losing)\n|l|\u2606OnADiffWorkComp\n|player|p2|\n|l|\u2606Yung Trav\n|player|p1|\n|l| Nabandwhat\n|l| kiabu233\n","uploadtime":1739302236,"views":4,"formatid":"gen9vgc2025regg","rating":1630,"private":0,"password":null}