{"id":"gen9vgc2025regg-2298012336","format":"[Gen 9] VGC 2025 Reg G","players":["bluestraggler02","ZTMY ENCORE"],"log":"|j|\u203dbluestraggler02\n|j|\u2606ZTMY ENCORE\n|t:|1739199207\n|gametype|doubles\n|player|p1|bluestraggler02|265|1705\n|player|p2|ZTMY ENCORE|169|1777\n|teamsize|p1|6\n|teamsize|p2|6\n|gen|9\n|tier|[Gen 9] VGC 2025 Reg G\n|rated|\n|rule|Species Clause: Limit one of each Pok\u00e9mon\n|rule|Item Clause: Limit 1 of each item\n|clearpoke\n|poke|p1|Zamazenta-*, L50|\n|poke|p1|Roaring Moon, L50|\n|poke|p1|Landorus, L50, M|\n|poke|p1|Pelipper, L50, F|\n|poke|p1|Urshifu-*, L50, M|\n|poke|p1|Amoonguss, L50, F|\n|poke|p2|Lunala, L50|\n|poke|p2|Roaring Moon, L50|\n|poke|p2|Smeargle, L50, M|\n|poke|p2|Urshifu-*, L50, M|\n|poke|p2|Chi-Yu, L50|\n|poke|p2|Amoonguss, L50, F|\n|teampreview|4\n|\n|t:|1739199257\n|start\n|switch|p1a: Urshifu|Urshifu-Rapid-Strike, L50, M|100\/100\n|switch|p1b: Amoonguss|Amoonguss, L50, F|100\/100\n|switch|p2a: Lunala|Lunala, L50|100\/100\n|switch|p2b: Roaring Moon|Roaring Moon, L50|100\/100\n|-enditem|p2b: Roaring Moon|Booster Energy\n|-activate|p2b: Roaring Moon|ability: Protosynthesis|[fromitem]\n|-start|p2b: Roaring Moon|protosynthesisspe\n|turn|1\n|\n|t:|1739199290\n|-terastallize|p2b: Roaring Moon|Flying\n|move|p1b: Amoonguss|Rage Powder|p1b: Amoonguss\n|-singleturn|p1b: Amoonguss|move: Rage Powder\n|move|p2b: Roaring Moon|Acrobatics|p1b: Amoonguss\n|-supereffective|p1b: Amoonguss\n|-damage|p1b: Amoonguss|12\/100\n|move|p1a: Urshifu|Surging Strikes|p2a: Lunala\n|-crit|p2a: Lunala\n|-damage|p2a: Lunala|89\/100\n|-crit|p2a: Lunala\n|-damage|p2a: Lunala|68\/100\n|-crit|p2a: Lunala\n|-damage|p2a: Lunala|47\/100\n|-hitcount|p2a: Lunala|3\n|move|p2a: Lunala|Meteor Beam||[still]\n|-prepare|p2a: Lunala|Meteor Beam\n|-boost|p2a: Lunala|spa|1\n|-enditem|p2a: Lunala|Power Herb\n|-anim|p2a: Lunala|Meteor Beam|p1b: Amoonguss\n|-damage|p1b: Amoonguss|0 fnt\n|faint|p1b: Amoonguss\n|\n|upkeep\n|\n|t:|1739199312\n|switch|p1b: Pelipper|Pelipper, L50, F|100\/100\n|-weather|RainDance|[from] ability: Drizzle|[of] p1b: Pelipper\n|turn|2\n|\n|t:|1739199328\n|move|p1a: Urshifu|Detect|p1a: Urshifu\n|-singleturn|p1a: Urshifu|Protect\n|move|p2b: Roaring Moon|Tailwind|p2b: Roaring Moon\n|-sidestart|p2: ZTMY ENCORE|move: Tailwind\n|move|p2a: Lunala|Moongeist Beam|p1a: Urshifu\n|-activate|p1a: Urshifu|move: Protect\n|move|p1b: Pelipper|Weather Ball|p2a: Lunala\n|-damage|p2a: Lunala|0 fnt\n|faint|p2a: Lunala\n|\n|-weather|RainDance|[upkeep]\n|upkeep\n|\n|t:|1739199338\n|switch|p2a: Smeargle|Smeargle, L50, M|100\/100\n|turn|3\n|\n|t:|1739199348\n|switch|p1a: Zamazenta|Zamazenta-Crowned, L50|100\/100\n|-ability|p1a: Zamazenta|Dauntless Shield|boost\n|-boost|p1a: Zamazenta|def|1\n|move|p2b: Roaring Moon|Knock Off|p1b: Pelipper\n|-crit|p1b: Pelipper\n|-damage|p1b: Pelipper|21\/100\n|-enditem|p1b: Pelipper|Safety Goggles|[from] move: Knock Off|[of] p2b: Roaring Moon\n|move|p2a: Smeargle|Spore|p1a: Zamazenta\n|-status|p1a: Zamazenta|slp|[from] move: Spore\n|move|p1b: Pelipper|Weather Ball|p2b: Roaring Moon\n|-damage|p2b: Roaring Moon|41\/100\n|\n|-weather|RainDance|[upkeep]\n|-ability|p2a: Smeargle|Moody|boost\n|-boost|p2a: Smeargle|spe|2\n|-unboost|p2a: Smeargle|spd|1\n|upkeep\n|turn|4\n|\n|t:|1739199369\n|move|p2a: Smeargle|Decorate|p2b: Roaring Moon\n|-boost|p2b: Roaring Moon|atk|2\n|-boost|p2b: Roaring Moon|spa|2\n|move|p2b: Roaring Moon|Acrobatics|p1b: Pelipper\n|-damage|p1b: Pelipper|0 fnt\n|faint|p1b: Pelipper\n|cant|p1a: Zamazenta|slp\n|\n|-weather|RainDance|[upkeep]\n|-ability|p2a: Smeargle|Moody|boost\n|-boost|p2a: Smeargle|atk|2\n|-unboost|p2a: Smeargle|def|1\n|upkeep\n|\n|t:|1739199375\n|switch|p1b: Urshifu|Urshifu-Rapid-Strike, L50, M|100\/100\n|turn|5\n|\n|t:|1739199388\n|move|p1b: Urshifu|Detect|p1b: Urshifu\n|-singleturn|p1b: Urshifu|Protect\n|move|p2a: Smeargle|Spore|p1b: Urshifu\n|-activate|p1b: Urshifu|move: Protect\n|move|p2b: Roaring Moon|Acrobatics|p1a: Zamazenta\n|-damage|p1a: Zamazenta|54\/100 slp\n|-curestatus|p1a: Zamazenta|slp|[msg]\n|move|p1a: Zamazenta|Body Press|p2b: Roaring Moon\n|-resisted|p2b: Roaring Moon\n|-damage|p2b: Roaring Moon|8\/100\n|\n|-weather|RainDance|[upkeep]\n|-sideend|p2: ZTMY ENCORE|move: Tailwind\n|-ability|p2a: Smeargle|Moody|boost\n|-boost|p2a: Smeargle|spa|2\n|-unboost|p2a: Smeargle|spe|1\n|upkeep\n|turn|6\n|\n|t:|1739199413\n|-terastallize|p1a: Zamazenta|Grass\n|move|p1b: Urshifu|Detect||[still]\n|-fail|p1b: Urshifu\n|move|p2a: Smeargle|Follow Me|p2a: Smeargle\n|-singleturn|p2a: Smeargle|move: Follow Me\n|move|p2b: Roaring Moon|Acrobatics|p1b: Urshifu\n|-supereffective|p1b: Urshifu\n|-damage|p1b: Urshifu|0 fnt\n|faint|p1b: Urshifu\n|move|p1a: Zamazenta|Body Press|p2a: Smeargle\n|-supereffective|p2a: Smeargle\n|-enditem|p2a: Smeargle|Focus Sash\n|-damage|p2a: Smeargle|1\/100\n|\n|-weather|none\n|-ability|p2a: Smeargle|Moody|boost\n|-boost|p2a: Smeargle|spd|2\n|-unboost|p2a: Smeargle|spe|1\n|upkeep\n|turn|7\n|-message|bluestraggler02 forfeited.\n|\n|win|ZTMY ENCORE\n|raw|bluestraggler02's rating: 1705 &rarr; <strong>1689<\/strong><br \/>(-16 for losing)\n|raw|ZTMY ENCORE's rating: 1777 &rarr; <strong>1793<\/strong><br \/>(+16 for winning)\n|l|\u203dbluestraggler02\n|player|p1|\n|l|\u2606ZTMY ENCORE\n|player|p2|\n","uploadtime":1739199595,"views":15,"formatid":"gen9vgc2025regg","rating":1689,"private":0,"password":null}