{"id":"gen9vgc2025regg-2298544616","format":"[Gen 9] VGC 2025 Reg G","players":["LaceyZiyu\u7d2b\u7afd\u5b66\u59d0","pentagonSG"],"log":"|j|\u2606LaceyZiyu\u7d2b\u7afd\u5b66\u59d0\n|j|\u2606pentagonSG\n|t:|1739265405\n|gametype|doubles\n|player|p1|LaceyZiyu\u7d2b\u7afd\u5b66\u59d0|lacey|1549\n|player|p2|pentagonSG|102|1531\n|teamsize|p1|6\n|teamsize|p2|6\n|gen|9\n|tier|[Gen 9] VGC 2025 Reg G\n|rated|\n|rule|Species Clause: Limit one of each Pok\u00e9mon\n|rule|Item Clause: Limit 1 of each item\n|clearpoke\n|poke|p1|Miraidon, L50|\n|poke|p1|Urshifu-*, L50, M|\n|poke|p1|Whimsicott, L50, M|\n|poke|p1|Farigiraf, L50, M|\n|poke|p1|Iron Hands, L50|\n|poke|p1|Ogerpon-Hearthflame, L50, F|\n|poke|p2|Volcarona, L50, F|\n|poke|p2|Miraidon, L50|\n|poke|p2|Grimmsnarl, L50, M|\n|poke|p2|Okidogi, L50, M|\n|poke|p2|Iron Hands, L50|\n|poke|p2|Sinistcha-Masterpiece, L50|\n|teampreview|4\n|inactive|Battle timer is ON: inactive players will automatically lose when time's up. (requested by pentagonSG)\n|\n|t:|1739265430\n|start\n|switch|p1a: Miraidon|Miraidon, L50|100\/100\n|switch|p1b: Whimsicott|Whimsicott, L50, M|100\/100\n|switch|p2a: Miraidon|Miraidon, L50|100\/100\n|switch|p2b: Grimmsnarl|Grimmsnarl, L50, M|100\/100\n|-fieldstart|move: Electric Terrain|[from] ability: Hadron Engine|[of] p2a: Miraidon\n|-activate|p1a: Miraidon|ability: Hadron Engine\n|turn|1\n|\n|t:|1739265446\n|move|p1b: Whimsicott|Light Screen|p1b: Whimsicott\n|-sidestart|p1: LaceyZiyu\u7d2b\u7afd\u5b66\u59d0|move: Light Screen\n|move|p2b: Grimmsnarl|Thunder Wave|p1a: Miraidon\n|-immune|p1a: Miraidon\n|move|p2a: Miraidon|Volt Switch|p1b: Whimsicott\n|-resisted|p1b: Whimsicott\n|-damage|p1b: Whimsicott|58\/100\n|j| Triple20\n|\n|t:|1739265454\n|switch|p2a: Okidogi|Okidogi, L50, M|100\/100|[from] Volt Switch\n|move|p1a: Miraidon|Volt Switch|p2b: Grimmsnarl\n|-damage|p2b: Grimmsnarl|23\/100\n|\n|t:|1739265460\n|switch|p1a: Urshifu|Urshifu-Rapid-Strike, L50, M|100\/100|[from] Volt Switch\n|\n|upkeep\n|turn|2\n|\n|t:|1739265475\n|move|p2b: Grimmsnarl|Thunder Wave|p1a: Urshifu\n|-status|p1a: Urshifu|par\n|move|p1b: Whimsicott|Moonblast|p2a: Okidogi\n|-damage|p2a: Okidogi|81\/100\n|move|p2a: Okidogi|Poison Jab|p1b: Whimsicott\n|-supereffective|p1b: Whimsicott\n|-damage|p1b: Whimsicott|0 fnt\n|faint|p1b: Whimsicott\n|cant|p1a: Urshifu|par\n|\n|upkeep\n|\n|t:|1739265486\n|switch|p1b: Miraidon|Miraidon, L50|100\/100\n|-activate|p1b: Miraidon|ability: Hadron Engine\n|turn|3\n|j| NanshanVGC\n|j| wattovgc\n|\n|t:|1739265502\n|move|p2b: Grimmsnarl|Light Screen|p2b: Grimmsnarl\n|-sidestart|p2: pentagonSG|move: Light Screen\n|move|p1b: Miraidon|Volt Switch|p2a: Okidogi\n|-damage|p2a: Okidogi|29\/100\n|\n|t:|1739265506\n|switch|p1b: Ogerpon|Ogerpon-Hearthflame, L50, F|100\/100|[from] Volt Switch\n|-ability|p1b: Ogerpon|Mold Breaker\n|move|p2a: Okidogi|Drain Punch|p1a: Urshifu\n|-damage|p1a: Urshifu|56\/100 par\n|-heal|p2a: Okidogi|49\/100|[from] drain|[of] p1a: Urshifu\n|move|p1a: Urshifu|Surging Strikes|p2b: Grimmsnarl\n|-crit|p2b: Grimmsnarl\n|-damage|p2b: Grimmsnarl|0 fnt\n|faint|p2b: Grimmsnarl\n|-hitcount|p2: Grimmsnarl|1\n|\n|upkeep\n|\n|t:|1739265520\n|switch|p2b: Miraidon|Miraidon, L50|100\/100\n|-activate|p2b: Miraidon|ability: Hadron Engine\n|turn|4\n|\n|t:|1739265543\n|move|p1a: Urshifu|Detect|p1a: Urshifu\n|-singleturn|p1a: Urshifu|Protect\n|move|p2b: Miraidon|Electro Drift|p1b: Ogerpon\n|-resisted|p1b: Ogerpon\n|-damage|p1b: Ogerpon|58\/100\n|move|p1b: Ogerpon|Ivy Cudgel|p2a: Okidogi|[anim] Ivy Cudgel Fire\n|-damage|p2a: Okidogi|4\/100\n|move|p2a: Okidogi|Psychic Fangs|p1a: Urshifu\n|-activate|p1a: Urshifu|move: Protect\n|\n|upkeep\n|turn|5\n|inactive|LaceyZiyu\u7d2b\u7afd\u5b66\u59d0 has 30 seconds left.\n|\n|t:|1739265576\n|move|p1b: Ogerpon|Follow Me|p1b: Ogerpon\n|-singleturn|p1b: Ogerpon|move: Follow Me\n|move|p2b: Miraidon|Electro Drift|p1b: Ogerpon\n|-resisted|p1b: Ogerpon\n|-damage|p1b: Ogerpon|15\/100\n|move|p2a: Okidogi|Poison Jab|p1b: Ogerpon\n|-supereffective|p1b: Ogerpon\n|-damage|p1b: Ogerpon|0 fnt\n|faint|p1b: Ogerpon\n|move|p1a: Urshifu|Close Combat|p2b: Miraidon\n|-damage|p2b: Miraidon|31\/100\n|-unboost|p1a: Urshifu|def|1\n|-unboost|p1a: Urshifu|spd|1\n|\n|-sideend|p1: LaceyZiyu\u7d2b\u7afd\u5b66\u59d0|move: Light Screen\n|-fieldend|move: Electric Terrain\n|upkeep\n|\n|t:|1739265588\n|switch|p1b: Miraidon|Miraidon, L50|100\/100\n|-fieldstart|move: Electric Terrain|[from] ability: Hadron Engine|[of] p1b: Miraidon\n|turn|6\n|\n|t:|1739265609\n|switch|p2b: Volcarona|Volcarona, L50, F|100\/100\n|-enditem|p2b: Volcarona|Electric Seed\n|-boost|p2b: Volcarona|def|1|[from] item: Electric Seed\n|-terastallize|p1b: Miraidon|Fairy\n|move|p1a: Urshifu|Detect|p1a: Urshifu\n|-singleturn|p1a: Urshifu|Protect\n|move|p1b: Miraidon|Dazzling Gleam|p2a: Okidogi|[spread] p2a,p2b\n|-resisted|p2b: Volcarona\n|-damage|p2a: Okidogi|0 fnt\n|-damage|p2b: Volcarona|81\/100\n|faint|p2a: Okidogi\n|\n|upkeep\n|\n|t:|1739265622\n|switch|p2a: Miraidon|Miraidon, L50|31\/100\n|-activate|p2a: Miraidon|ability: Hadron Engine\n|turn|7\n|\n|t:|1739265632\n|move|p1a: Urshifu|Detect||[still]\n|-fail|p1a: Urshifu\n|move|p2a: Miraidon|Electro Drift|p1b: Miraidon\n|-damage|p1b: Miraidon|0 fnt\n|faint|p1b: Miraidon\n|move|p2b: Volcarona|Giga Drain|p1a: Urshifu\n|-supereffective|p1a: Urshifu\n|-damage|p1a: Urshifu|0 fnt\n|-heal|p2b: Volcarona|100\/100|[from] drain|[of] p1a: Urshifu\n|faint|p1a: Urshifu\n|\n|win|pentagonSG\n|raw|LaceyZiyu\u7d2b\u7afd\u5b66\u59d0's rating: 1549 &rarr; <strong>1528<\/strong><br \/>(-21 for losing)\n|raw|pentagonSG's rating: 1531 &rarr; <strong>1552<\/strong><br \/>(+21 for winning)\n|l|\u2606LaceyZiyu\u7d2b\u7afd\u5b66\u59d0\n|player|p1|\n|l|\u2606pentagonSG\n|player|p2|\n|l| NanshanVGC\n","uploadtime":1739265787,"views":5,"formatid":"gen9vgc2025regg","rating":1528,"private":0,"password":null}