{"id":"gen9vgc2025regg-2298431797","format":"[Gen 9] VGC 2025 Reg G","players":["cilan123","pigsprep"],"log":"|j|\u2606cilan123\n|j|\u2606pigsprep\n|t:|1739245266\n|gametype|doubles\n|player|p1|cilan123|265|1589\n|player|p2|pigsprep|arven-v|1520\n|teamsize|p1|6\n|teamsize|p2|6\n|gen|9\n|tier|[Gen 9] VGC 2025 Reg G\n|rated|\n|rule|Species Clause: Limit one of each Pok\u00e9mon\n|rule|Item Clause: Limit 1 of each item\n|clearpoke\n|poke|p1|Calyrex-Ice, L50|\n|poke|p1|Indeedee-F, L50, F|\n|poke|p1|Torkoal, L50, M|\n|poke|p1|Ursaluna, L50, M|\n|poke|p1|Gallade, L50, M|\n|poke|p1|Lilligant-Hisui, L50, F|\n|poke|p2|Kyogre, L50|\n|poke|p2|Tornadus, L50, M|\n|poke|p2|Dondozo, L50, M|\n|poke|p2|Ting-Lu, L50|\n|poke|p2|Indeedee-F, L50, F|\n|poke|p2|Pikachu, L50, F|\n|teampreview|4\n|inactive|Battle timer is ON: inactive players will automatically lose when time's up. (requested by pigsprep)\n|\n|t:|1739245294\n|start\n|switch|p1a: Calyrex|Calyrex-Ice, L50|100\/100\n|switch|p1b: Indeedee|Indeedee-F, L50, F|100\/100\n|switch|p2a: Kyogre|Kyogre, L50|100\/100\n|switch|p2b: Tornadus|Tornadus, L50, M|100\/100\n|-ability|p1a: Calyrex|As One\n|-ability|p1a: Calyrex|Unnerve\n|-weather|RainDance|[from] ability: Drizzle|[of] p2a: Kyogre\n|-fieldstart|move: Psychic Terrain|[from] ability: Psychic Surge|[of] p1b: Indeedee\n|turn|1\n|\n|t:|1739245314\n|-terastallize|p2a: Kyogre|Water\n|-terastallize|p1a: Calyrex|Water\n|move|p2b: Tornadus|Rain Dance||[still]\n|-fail|p2b: Tornadus\n|move|p2a: Kyogre|Water Spout|p1a: Calyrex|[spread] p1a,p1b\n|-resisted|p1a: Calyrex\n|-damage|p1a: Calyrex|38\/100\n|-damage|p1b: Indeedee|0 fnt\n|faint|p1b: Indeedee\n|move|p1a: Calyrex|Trick Room|p1a: Calyrex\n|-fieldstart|move: Trick Room|[of] p1a: Calyrex\n|\n|-weather|RainDance|[upkeep]\n|upkeep\n|\n|t:|1739245330\n|switch|p1b: Gallade|Gallade, L50, M|100\/100\n|-enditem|p1b: Gallade|Psychic Seed\n|-boost|p1b: Gallade|spd|1|[from] item: Psychic Seed\n|turn|2\n|\n|t:|1739245343\n|switch|p2a: Dondozo|Dondozo, L50, M|100\/100\n|move|p2b: Tornadus|Protect|p2b: Tornadus\n|-singleturn|p2b: Tornadus|Protect\n|move|p1a: Calyrex|Glacial Lance|p2a: Dondozo|[spread] p2a\n|-activate|p2b: Tornadus|move: Protect\n|-resisted|p2a: Dondozo\n|-damage|p2a: Dondozo|85\/100\n|move|p1b: Gallade|Psycho Cut|p2a: Dondozo\n|-damage|p2a: Dondozo|48\/100\n|\n|-weather|RainDance|[upkeep]\n|-heal|p2a: Dondozo|54\/100|[from] item: Leftovers\n|upkeep\n|turn|3\n|inactive|pigsprep has 30 seconds left.\n|inactive|pigsprep has 20 seconds left.\n|inactive|pigsprep has 15 seconds left.\n|\n|t:|1739245385\n|switch|p2b: Indeedee|Indeedee-F, L50, F|100\/100\n|move|p2a: Dondozo|Protect|p2a: Dondozo\n|-singleturn|p2a: Dondozo|Protect\n|move|p1a: Calyrex|Glacial Lance|p2a: Dondozo|[spread] p2b\n|-activate|p2a: Dondozo|move: Protect\n|-crit|p2b: Indeedee\n|-damage|p2b: Indeedee|11\/100\n|move|p1b: Gallade|Psycho Cut|p2b: Indeedee\n|-resisted|p2b: Indeedee\n|-damage|p2b: Indeedee|0 fnt\n|faint|p2b: Indeedee\n|\n|-weather|RainDance|[upkeep]\n|-heal|p2a: Dondozo|60\/100|[from] item: Leftovers\n|upkeep\n|\n|t:|1739245389\n|switch|p2b: Tornadus|Tornadus, L50, M|100\/100\n|turn|4\n|\n|t:|1739245399\n|move|p2b: Tornadus|Protect|p2b: Tornadus\n|-singleturn|p2b: Tornadus|Protect\n|move|p1a: Calyrex|Glacial Lance|p2b: Tornadus|[spread] p2a\n|-activate|p2b: Tornadus|move: Protect\n|-resisted|p2a: Dondozo\n|-damage|p2a: Dondozo|45\/100\n|move|p2a: Dondozo|Fissure|p1a: Calyrex|[miss]\n|-miss|p2a: Dondozo|p1a: Calyrex\n|move|p1b: Gallade|Psycho Cut|p2a: Dondozo\n|-damage|p2a: Dondozo|3\/100\n|\n|-weather|RainDance|[upkeep]\n|-heal|p2a: Dondozo|9\/100|[from] item: Leftovers\n|upkeep\n|turn|5\n|inactive|cilan123 has 30 seconds left.\n|\n|t:|1739245427\n|move|p2b: Tornadus|Protect||[still]\n|-fail|p2b: Tornadus\n|move|p2a: Dondozo|Protect|p2a: Dondozo\n|-singleturn|p2a: Dondozo|Protect\n|move|p1a: Calyrex|Glacial Lance|p2b: Tornadus|[spread] p2b\n|-activate|p2a: Dondozo|move: Protect\n|-supereffective|p2b: Tornadus\n|-damage|p2b: Tornadus|0 fnt\n|faint|p2b: Tornadus\n|-ability|p1a: Calyrex|Chilling Neigh|boost\n|-boost|p1a: Calyrex|atk|1\n|move|p1b: Gallade|Psycho Cut|p2a: Dondozo\n|-activate|p2a: Dondozo|move: Protect\n|\n|-weather|none\n|-heal|p2a: Dondozo|15\/100|[from] item: Leftovers\n|-fieldend|move: Trick Room\n|-fieldend|move: Psychic Terrain\n|upkeep\n|\n|t:|1739245431\n|switch|p2b: Kyogre|Kyogre, L50, tera:Water|100\/100\n|-weather|RainDance|[from] ability: Drizzle|[of] p2b: Kyogre\n|turn|6\n|\n|t:|1739245444\n|move|p1b: Gallade|Wide Guard|p1b: Gallade\n|-singleturn|p1b: Gallade|Wide Guard\n|move|p2b: Kyogre|Hydro Pump|p1a: Calyrex\n|-resisted|p1a: Calyrex\n|-damage|p1a: Calyrex|0 fnt\n|faint|p1a: Calyrex\n|move|p2a: Dondozo|Fissure|p1b: Gallade\n|-damage|p1b: Gallade|0 fnt\n|faint|p1b: Gallade\n|-ohko\n|\n|-weather|RainDance|[upkeep]\n|-heal|p2a: Dondozo|21\/100|[from] item: Leftovers\n|upkeep\n|\n|t:|1739245454\n|switch|p1b: Lilligant|Lilligant-Hisui, L50, F|100\/100\n|turn|7\n|\n|t:|1739245460\n|move|p1b: Lilligant|Close Combat|p2a: Dondozo\n|-damage|p2a: Dondozo|0 fnt\n|-unboost|p1b: Lilligant|def|1\n|-unboost|p1b: Lilligant|spd|1\n|faint|p2a: Dondozo\n|move|p2b: Kyogre|Hydro Pump|p1b: Lilligant\n|-resisted|p1b: Lilligant\n|-enditem|p1b: Lilligant|Focus Sash\n|-damage|p1b: Lilligant|1\/100\n|\n|-weather|RainDance|[upkeep]\n|upkeep\n|turn|8\n|\n|t:|1739245464\n|move|p1b: Lilligant|Sleep Powder|p2b: Kyogre|[miss]\n|-miss|p1b: Lilligant|p2b: Kyogre\n|move|p2b: Kyogre|Hydro Pump|p1b: Lilligant|[miss]\n|-miss|p2b: Kyogre|p1b: Lilligant\n|\n|-weather|RainDance|[upkeep]\n|upkeep\n|turn|9\n|\n|t:|1739245471\n|move|p1b: Lilligant|Sleep Powder|p2b: Kyogre\n|-status|p2b: Kyogre|slp|[from] move: Sleep Powder\n|cant|p2b: Kyogre|slp\n|\n|-weather|RainDance|[upkeep]\n|upkeep\n|turn|10\n|\n|t:|1739245475\n|move|p1b: Lilligant|Close Combat|p2b: Kyogre\n|-damage|p2b: Kyogre|47\/100 slp\n|-unboost|p1b: Lilligant|def|1\n|-unboost|p1b: Lilligant|spd|1\n|-curestatus|p2b: Kyogre|slp|[msg]\n|move|p2b: Kyogre|Hydro Pump|p1b: Lilligant\n|-resisted|p1b: Lilligant\n|-damage|p1b: Lilligant|0 fnt\n|faint|p1b: Lilligant\n|\n|win|pigsprep\n|raw|cilan123's rating: 1589 &rarr; <strong>1565<\/strong><br \/>(-24 for losing)\n|raw|pigsprep's rating: 1520 &rarr; <strong>1544<\/strong><br \/>(+24 for winning)\n|l|\u2606pigsprep\n|player|p2|\n","uploadtime":1739245486,"views":6,"formatid":"gen9vgc2025regg","rating":1544,"private":0,"password":null}