{"id":"gen9vgc2025regg-2298579076","format":"[Gen 9] VGC 2025 Reg G","players":["Vianex","Mildly Displeased"],"log":"|j|\u2606Vianex\n|j|\u2606Mildly Displeased\n|t:|1739271251\n|gametype|doubles\n|player|p1|Vianex|pokemaniac|1557\n|player|p2|Mildly Displeased|lillie|1583\n|teamsize|p1|6\n|teamsize|p2|6\n|gen|9\n|tier|[Gen 9] VGC 2025 Reg G\n|rated|\n|rule|Species Clause: Limit one of each Pok\u00e9mon\n|rule|Item Clause: Limit 1 of each item\n|clearpoke\n|poke|p1|Kyogre, L50|\n|poke|p1|Tornadus, L50, M|\n|poke|p1|Flutter Mane, L50|\n|poke|p1|Raichu, L50, M|\n|poke|p1|Dondozo, L50, F|\n|poke|p1|Tatsugiri-Droopy, L50, M|\n|poke|p2|Primarina, L50, M|\n|poke|p2|Talonflame, L50, F|\n|poke|p2|Zamazenta-*, L50|\n|poke|p2|Rillaboom, L50, M|\n|poke|p2|Chien-Pao, L50|\n|poke|p2|Farigiraf, L50, F|\n|teampreview|4\n|inactive|Battle timer is ON: inactive players will automatically lose when time's up. (requested by Mildly Displeased)\n|inactive|Vianex has 60 seconds left.\n|\n|t:|1739271300\n|start\n|switch|p1a: Flutter Mane|Flutter Mane, L50|100\/100\n|switch|p1b: Kyogre|Kyogre, L50|100\/100\n|switch|p2a: Phoenix|Talonflame, L50, F, shiny|100\/100\n|switch|p2b: Pippin|Zamazenta-Crowned, L50|100\/100\n|-ability|p2b: Pippin|Dauntless Shield|boost\n|-boost|p2b: Pippin|def|1\n|-weather|RainDance|[from] ability: Drizzle|[of] p1b: Kyogre\n|-enditem|p1a: Flutter Mane|Booster Energy\n|-activate|p1a: Flutter Mane|ability: Protosynthesis|[fromitem]\n|-start|p1a: Flutter Mane|protosynthesisspe\n|turn|1\n|\n|t:|1739271311\n|-terastallize|p1b: Kyogre|Ghost\n|move|p2b: Pippin|Wide Guard|p2b: Pippin\n|-singleturn|p2b: Pippin|Wide Guard\n|move|p2a: Phoenix|Tailwind|p2a: Phoenix\n|-sidestart|p2: Mildly Displeased|move: Tailwind\n|move|p1a: Flutter Mane|Icy Wind|p2a: Phoenix|[spread] \n|-activate|p2a: Phoenix|move: Wide Guard\n|-activate|p2b: Pippin|move: Wide Guard\n|move|p1b: Kyogre|Hydro Pump|p2b: Pippin\n|-damage|p2b: Pippin|1\/100\n|\n|-weather|RainDance|[upkeep]\n|upkeep\n|turn|2\n|inactive|Vianex has 30 seconds left.\n|\n|t:|1739271340\n|-end|p1a: Flutter Mane|Protosynthesis|[silent]\n|switch|p1a: Dondozo|Dondozo, L50, F|100\/100\n|move|p2a: Phoenix|Brave Bird|p1b: Kyogre\n|-damage|p1b: Kyogre|42\/100\n|-damage|p2a: Phoenix|76\/100|[from] Recoil\n|move|p2b: Pippin|Heavy Slam|p1a: Dondozo\n|-resisted|p1a: Dondozo\n|-damage|p1a: Dondozo|90\/100\n|move|p1b: Kyogre|Hydro Pump|p2a: Phoenix\n|-supereffective|p2a: Phoenix\n|-damage|p2a: Phoenix|0 fnt\n|faint|p2a: Phoenix\n|\n|-weather|RainDance|[upkeep]\n|-heal|p1a: Dondozo|96\/100|[from] item: Leftovers\n|upkeep\n|\n|t:|1739271350\n|switch|p2a: Knotweed|Rillaboom, L50, M|100\/100\n|-fieldstart|move: Grassy Terrain|[from] ability: Grassy Surge|[of] p2a: Knotweed\n|turn|3\n|\n|t:|1739271360\n|switch|p2b: Weavile 2.0|Chien-Pao, L50|100\/100\n|-ability|p2b: Weavile 2.0|Sword of Ruin\n|switch|p1b: Tatsugiri|Tatsugiri-Droopy, L50, M|100\/100\n|-activate|p1b: Tatsugiri|ability: Commander|[of] p1a: Dondozo\n|-boost|p1a: Dondozo|atk|2\n|-boost|p1a: Dondozo|spa|2\n|-boost|p1a: Dondozo|spe|2\n|-boost|p1a: Dondozo|def|2\n|-boost|p1a: Dondozo|spd|2\n|move|p1a: Dondozo|Protect|p1a: Dondozo\n|-singleturn|p1a: Dondozo|Protect\n|move|p2a: Knotweed|Fake Out|p1a: Dondozo\n|-activate|p1a: Dondozo|move: Protect\n|\n|-weather|RainDance|[upkeep]\n|-heal|p1a: Dondozo|100\/100|[from] Grassy Terrain\n|upkeep\n|turn|4\n|\n|t:|1739271370\n|-terastallize|p2a: Knotweed|Grass\n|move|p2b: Weavile 2.0|Haze|p2b: Weavile 2.0\n|-clearallboost\n|move|p2a: Knotweed|Wood Hammer|p1a: Dondozo\n|-supereffective|p1a: Dondozo\n|-damage|p1a: Dondozo|0 fnt\n|faint|p1a: Dondozo\n|-damage|p2a: Knotweed|64\/100|[from] Recoil\n|-damage|p2a: Knotweed|55\/100|[from] item: Life Orb\n|\n|-weather|RainDance|[upkeep]\n|-heal|p2a: Knotweed|60\/100|[from] Grassy Terrain\n|-sideend|p2: Mildly Displeased|move: Tailwind\n|upkeep\n|\n|t:|1739271387\n|switch|p1a: Flutter Mane|Flutter Mane, L50|100\/100\n|turn|5\n|\n|t:|1739271410\n|move|p2a: Knotweed|Grassy Glide|p1a: Flutter Mane\n|-damage|p1a: Flutter Mane|0 fnt\n|faint|p1a: Flutter Mane\n|-end|p1a: Flutter Mane|Protosynthesis|[silent]\n|-damage|p2a: Knotweed|51\/100|[from] item: Life Orb\n|move|p2b: Weavile 2.0|Icicle Crash|p1b: Tatsugiri\n|-damage|p1b: Tatsugiri|21\/100\n|move|p1b: Tatsugiri|Muddy Water|p2b: Weavile 2.0|[spread] p2a,p2b\n|-resisted|p2a: Knotweed\n|-damage|p2a: Knotweed|25\/100\n|-damage|p2b: Weavile 2.0|36\/100\n|-unboost|p2a: Knotweed|accuracy|1\n|\n|-weather|none\n|-heal|p2b: Weavile 2.0|42\/100|[from] Grassy Terrain\n|-heal|p1b: Tatsugiri|27\/100|[from] Grassy Terrain\n|-heal|p2a: Knotweed|30\/100|[from] Grassy Terrain\n|upkeep\n|\n|t:|1739271417\n|switch|p1a: Kyogre|Kyogre, L50, tera:Ghost|42\/100\n|-weather|RainDance|[from] ability: Drizzle|[of] p1a: Kyogre\n|turn|6\n|\n|t:|1739271425\n|move|p2a: Knotweed|Grassy Glide|p1b: Tatsugiri\n|-damage|p1b: Tatsugiri|0 fnt\n|faint|p1b: Tatsugiri\n|-damage|p2a: Knotweed|21\/100|[from] item: Life Orb\n|move|p2b: Weavile 2.0|Crunch|p1a: Kyogre\n|-supereffective|p1a: Kyogre\n|-damage|p1a: Kyogre|0 fnt\n|faint|p1a: Kyogre\n|\n|win|Mildly Displeased\n|raw|Vianex's rating: 1557 &rarr; <strong>1538<\/strong><br \/>(-19 for losing)\n|raw|Mildly Displeased's rating: 1583 &rarr; <strong>1602<\/strong><br \/>(+19 for winning)\n|l|\u2606Vianex\n|player|p1|\n|c|\u2606Mildly Displeased|Gg\n|l|\u2606Mildly Displeased\n|player|p2|\n","uploadtime":1739271671,"views":4,"formatid":"gen9vgc2025regg","rating":1538,"private":0,"password":null}