{"id":"gen9vgc2025regg-2298417033","format":"[Gen 9] VGC 2025 Reg G","players":["Forbranna","InfinityGroudon"],"log":"|j|\u2606Forbranna\n|j|\u2606InfinityGroudon\n|t:|1739243248\n|gametype|doubles\n|player|p1|Forbranna|clair|1575\n|player|p2|InfinityGroudon|101|1599\n|teamsize|p1|6\n|teamsize|p2|6\n|gen|9\n|tier|[Gen 9] VGC 2025 Reg G\n|rated|\n|rule|Species Clause: Limit one of each Pok\u00e9mon\n|rule|Item Clause: Limit 1 of each item\n|clearpoke\n|poke|p1|Grimmsnarl, L50, M|\n|poke|p1|Chi-Yu, L50|\n|poke|p1|Koraidon, L50|\n|poke|p1|Flutter Mane, L50|\n|poke|p1|Raging Bolt, L50|\n|poke|p1|Ogerpon-Cornerstone, L50, F|\n|poke|p2|Terapagos, L50, M|\n|poke|p2|Clefairy, L50, F|\n|poke|p2|Rillaboom, L50, F|\n|poke|p2|Skeledirge, L50, M|\n|poke|p2|Urshifu-*, L50, M|\n|poke|p2|Chien-Pao, L50|\n|teampreview|4\n|inactive|Battle timer is ON: inactive players will automatically lose when time's up. (requested by Forbranna)\n|\n|t:|1739243269\n|start\n|switch|p1a: Einstein|Grimmsnarl, L50, M, shiny|100\/100\n|switch|p1b: Zheng He|Chi-Yu, L50|100\/100\n|switch|p2a: Ernesto|Skeledirge, L50, M|100\/100\n|switch|p2b: Presto|Chien-Pao, L50|100\/100\n|-ability|p2b: Presto|Sword of Ruin\n|-ability|p1b: Zheng He|Beads of Ruin\n|turn|1\n|inactive|Forbranna has 30 seconds left.\n|\n|t:|1739243302\n|switch|p2a: Moonwater|Clefairy, L50, F|100\/100\n|move|p1b: Zheng He|Protect|p1b: Zheng He\n|-singleturn|p1b: Zheng He|Protect\n|move|p1a: Einstein|Light Screen|p1a: Einstein\n|-sidestart|p1: Forbranna|move: Light Screen\n|move|p2b: Presto|Sacred Sword|p1b: Zheng He\n|-activate|p1b: Zheng He|move: Protect\n|\n|upkeep\n|turn|2\n|\n|t:|1739243317\n|move|p2a: Moonwater|Helping Hand|p2b: Presto\n|-singleturn|p2b: Presto|Helping Hand|[of] p2a: Moonwater\n|move|p1a: Einstein|Reflect|p1a: Einstein\n|-sidestart|p1: Forbranna|Reflect\n|move|p2b: Presto|Sacred Sword|p1b: Zheng He\n|-supereffective|p1b: Zheng He\n|-damage|p1b: Zheng He|0 fnt\n|faint|p1b: Zheng He\n|\n|upkeep\n|\n|t:|1739243327\n|switch|p1b: Moctezuma|Koraidon, L50|100\/100\n|-weather|SunnyDay|[from] ability: Orichalcum Pulse|[of] p1b: Moctezuma\n|-activate|p1b: Moctezuma|Orichalcum Pulse|[source]\n|turn|3\n|\n|t:|1739243338\n|-terastallize|p1b: Moctezuma|Fire\n|move|p2a: Moonwater|Protect|p2a: Moonwater\n|-singleturn|p2a: Moonwater|Protect\n|move|p2b: Presto|Ice Spinner|p1a: Einstein\n|-damage|p1a: Einstein|66\/100\n|move|p1b: Moctezuma|Flame Charge|p2a: Moonwater\n|-activate|p2a: Moonwater|move: Protect\n|move|p1a: Einstein|Spirit Break|p2b: Presto\n|-supereffective|p2b: Presto\n|-damage|p2b: Presto|36\/100\n|-unboost|p2b: Presto|spa|1\n|\n|-weather|SunnyDay|[upkeep]\n|upkeep\n|turn|4\n|\n|t:|1739243357\n|switch|p2a: Ernesto|Skeledirge, L50, M|100\/100\n|move|p2b: Presto|Ice Spinner|p1a: Einstein\n|-damage|p1a: Einstein|30\/100\n|move|p1b: Moctezuma|Flame Charge|p2b: Presto\n|-supereffective|p2b: Presto\n|-damage|p2b: Presto|0 fnt\n|-boost|p1b: Moctezuma|spe|1\n|faint|p2b: Presto\n|move|p1a: Einstein|Spirit Break|p2a: Ernesto\n|-resisted|p2a: Ernesto\n|-damage|p2a: Ernesto|89\/100\n|-unboost|p2a: Ernesto|spa|1\n|\n|-weather|SunnyDay|[upkeep]\n|upkeep\n|\n|t:|1739243365\n|switch|p2b: Perrine|Terapagos, L50, M|100\/100\n|-activate|p2b: Perrine|ability: Tera Shift\n|detailschange|p2b: Perrine|Terapagos-Terastal, L50, M\n|-heal|p2b: Perrine|100\/100|[silent]\n|turn|5\n|\n|t:|1739243385\n|move|p2b: Perrine|Protect|p2b: Perrine\n|-singleturn|p2b: Perrine|Protect\n|move|p1a: Einstein|Thunder Wave|p2b: Perrine\n|-activate|p2b: Perrine|move: Protect\n|move|p1b: Moctezuma|Flare Blitz|p2a: Ernesto\n|-resisted|p2a: Ernesto\n|-damage|p2a: Ernesto|41\/100\n|-damage|p1b: Moctezuma|83\/100|[from] Recoil\n|move|p2a: Ernesto|Yawn|p1b: Moctezuma\n|-start|p1b: Moctezuma|move: Yawn|[of] p2a: Ernesto\n|\n|-weather|SunnyDay|[upkeep]\n|upkeep\n|turn|6\n|\n|t:|1739243401\n|switch|p1b: Voltaire|Raging Bolt, L50|100\/100\n|-activate|p1b: Voltaire|ability: Protosynthesis\n|-start|p1b: Voltaire|protosynthesisspa\n|switch|p2b: Moonwater|Clefairy, L50, F|100\/100\n|move|p1a: Einstein|Thunder Wave|p2b: Moonwater\n|-status|p2b: Moonwater|par\n|move|p2a: Ernesto|Slack Off|p2a: Ernesto\n|-heal|p2a: Ernesto|91\/100\n|\n|-weather|SunnyDay|[upkeep]\n|upkeep\n|turn|7\n|\n|t:|1739243420\n|move|p2b: Moonwater|Follow Me|p2b: Moonwater\n|-singleturn|p2b: Moonwater|move: Follow Me\n|move|p1b: Voltaire|Thunderbolt|p2b: Moonwater\n|-damage|p2b: Moonwater|38\/100 par\n|move|p2a: Ernesto|Torch Song|p1a: Einstein\n|-damage|p1a: Einstein|10\/100\n|-boost|p2a: Ernesto|spa|1\n|-enditem|p2a: Ernesto|Throat Spray\n|-boost|p2a: Ernesto|spa|1|[from] item: Throat Spray\n|move|p1a: Einstein|Spirit Break|p2b: Moonwater\n|-damage|p2b: Moonwater|13\/100 par\n|-unboost|p2b: Moonwater|spa|1\n|\n|-weather|none\n|-end|p1b: Voltaire|Protosynthesis\n|upkeep\n|turn|8\n|inactive|Forbranna has 30 seconds left.\n|\n|t:|1739243445\n|switch|p1a: Moctezuma|Koraidon, L50, tera:Fire|83\/100\n|-weather|SunnyDay|[from] ability: Orichalcum Pulse|[of] p1a: Moctezuma\n|-activate|p1b: Voltaire|ability: Protosynthesis\n|-start|p1b: Voltaire|protosynthesisspa\n|-activate|p1a: Moctezuma|Orichalcum Pulse|[source]\n|move|p2b: Moonwater|Follow Me|p2b: Moonwater\n|-singleturn|p2b: Moonwater|move: Follow Me\n|move|p1b: Voltaire|Volt Switch|p2b: Moonwater\n|-damage|p2b: Moonwater|0 fnt\n|faint|p2b: Moonwater\n|\n|t:|1739243457\n|-end|p1b: Voltaire|Protosynthesis|[silent]\n|switch|p1b: Einstein|Grimmsnarl, L50, M, shiny|10\/100|[from] Volt Switch\n|move|p2a: Ernesto|Torch Song|p1a: Moctezuma\n|-resisted|p1a: Moctezuma\n|-damage|p1a: Moctezuma|63\/100\n|-boost|p2a: Ernesto|spa|1\n|\n|-weather|SunnyDay|[upkeep]\n|-sideend|p1: Forbranna|move: Light Screen\n|upkeep\n|\n|t:|1739243462\n|switch|p2b: Perrine|Terapagos-Terastal, L50, M|100\/100\n|turn|9\n|\n|t:|1739243471\n|-terastallize|p2b: Perrine|Stellar\n|detailschange|p2b: Perrine|Terapagos-Stellar, L50, M, tera:Stellar\n|-heal|p2b: Perrine|100\/100|[silent]\n|-ability|p2b: Perrine|Teraform Zero\n|-weather|none\n|move|p1a: Moctezuma|Protect|p1a: Moctezuma\n|-singleturn|p1a: Moctezuma|Protect\n|move|p1b: Einstein|Light Screen|p1b: Einstein\n|-sidestart|p1: Forbranna|move: Light Screen\n|move|p2b: Perrine|Tera Starstorm|p1b: Einstein|[spread] p1b\n|-activate|p1a: Moctezuma|move: Protect\n|-damage|p1b: Einstein|0 fnt\n|faint|p1b: Einstein\n|move|p2a: Ernesto|Shadow Ball|p1a: Moctezuma\n|-activate|p1a: Moctezuma|move: Protect\n|\n|-sideend|p1: Forbranna|Reflect\n|upkeep\n|\n|t:|1739243491\n|switch|p1b: Voltaire|Raging Bolt, L50|100\/100\n|turn|10\n|\n|t:|1739243496\n|move|p1b: Voltaire|Thunderclap|p2b: Perrine\n|-damage|p2b: Perrine|80\/100\n|move|p1a: Moctezuma|Collision Course|p2b: Perrine\n|-supereffective|p2b: Perrine\n|-damage|p2b: Perrine|4\/100\n|move|p2b: Perrine|Tera Starstorm|p1b: Voltaire|[spread] p1a,p1b\n|-supereffective|p1a: Moctezuma\n|-damage|p1a: Moctezuma|19\/100\n|-damage|p1b: Voltaire|87\/100\n|move|p2a: Ernesto|Shadow Ball|p1a: Moctezuma\n|-damage|p1a: Moctezuma|0 fnt\n|faint|p1a: Moctezuma\n|\n|-heal|p2b: Perrine|10\/100|[from] item: Leftovers\n|upkeep\n|turn|11\n|\n|t:|1739243514\n|move|p2b: Perrine|Tera Starstorm|p1b: Voltaire\n|-damage|p1b: Voltaire|69\/100\n|move|p1b: Voltaire|Thunderbolt|p2a: Ernesto\n|-damage|p2a: Ernesto|47\/100\n|move|p2a: Ernesto|Yawn|p1b: Voltaire\n|-start|p1b: Voltaire|move: Yawn|[of] p2a: Ernesto\n|\n|-heal|p2b: Perrine|16\/100|[from] item: Leftovers\n|upkeep\n|turn|12\n|-message|Forbranna forfeited.\n|\n|win|InfinityGroudon\n|raw|Forbranna's rating: 1575 &rarr; <strong>1556<\/strong><br \/>(-19 for losing)\n|raw|InfinityGroudon's rating: 1599 &rarr; <strong>1618<\/strong><br \/>(+19 for winning)\n|l|\u2606InfinityGroudon\n|player|p2|\n|l|\u2606Forbranna\n|player|p1|\n","uploadtime":1739243703,"views":28,"formatid":"gen9vgc2025regg","rating":1556,"private":0,"password":null}