{"id":"gen9vgc2025regg-2298584350","format":"[Gen 9] VGC 2025 Reg G","players":["tetsuokaga","Mildly Displeased"],"log":"|j|\u2606tetsuokaga\n|j|\u2606Mildly Displeased\n|t:|1739272134\n|gametype|doubles\n|player|p1|tetsuokaga|youngster-gen1|1503\n|player|p2|Mildly Displeased|lillie|1620\n|teamsize|p1|6\n|teamsize|p2|6\n|gen|9\n|tier|[Gen 9] VGC 2025 Reg G\n|rated|\n|rule|Species Clause: Limit one of each Pok\u00e9mon\n|rule|Item Clause: Limit 1 of each item\n|clearpoke\n|poke|p1|Calyrex-Ice, L50|\n|poke|p1|Gothorita, L50, F|\n|poke|p1|Incineroar, L50, M|\n|poke|p1|Primarina, L50, M|\n|poke|p1|Rillaboom, L50, M|\n|poke|p1|Farigiraf, L50, M|\n|poke|p2|Primarina, L50, M|\n|poke|p2|Talonflame, L50, F|\n|poke|p2|Zamazenta-*, L50|\n|poke|p2|Rillaboom, L50, F|\n|poke|p2|Chien-Pao, L50|\n|poke|p2|Farigiraf, L50, M|\n|teampreview|4\n|inactive|Battle timer is ON: inactive players will automatically lose when time's up. (requested by Mildly Displeased)\n|inactive|tetsuokaga also wants the timer to be on.\n|\n|t:|1739272160\n|start\n|switch|p1a: Primarina|Primarina, L50, M|100\/100\n|switch|p1b: Incineroar|Incineroar, L50, M|100\/100\n|switch|p2a: Phoenix|Talonflame, L50, F, shiny|100\/100\n|switch|p2b: Pippin|Zamazenta-Crowned, L50|100\/100\n|-ability|p2b: Pippin|Dauntless Shield|boost\n|-boost|p2b: Pippin|def|1\n|-ability|p1b: Incineroar|Intimidate|boost\n|-unboost|p2a: Phoenix|atk|1\n|-unboost|p2b: Pippin|atk|1\n|turn|1\n|\n|t:|1739272173\n|-terastallize|p1b: Incineroar|Fairy\n|move|p2a: Phoenix|Taunt|p1b: Incineroar\n|-start|p1b: Incineroar|move: Taunt\n|move|p2b: Pippin|Iron Defense|p2b: Pippin\n|-boost|p2b: Pippin|def|2\n|move|p1a: Primarina|Perish Song|p1a: Primarina\n|-start|p1a: Primarina|perish3|[silent]\n|-start|p1b: Incineroar|perish3|[silent]\n|-start|p2a: Phoenix|perish3|[silent]\n|-start|p2b: Pippin|perish3|[silent]\n|-fieldactivate|move: Perish Song\n|cant|p1b: Incineroar|move: Taunt|Parting Shot\n|\n|-start|p2a: Phoenix|perish3\n|-start|p2b: Pippin|perish3\n|-start|p1a: Primarina|perish3\n|-start|p1b: Incineroar|perish3\n|upkeep\n|turn|2\n|\n|t:|1739272190\n|switch|p1b: Gothorita|Gothorita, L50, F|100\/100\n|move|p1a: Primarina|Protect|p1a: Primarina\n|-singleturn|p1a: Primarina|Protect\n|move|p2a: Phoenix|Brave Bird|p1a: Primarina\n|-activate|p1a: Primarina|move: Protect\n|move|p2b: Pippin|Body Press|p1a: Primarina\n|-activate|p1a: Primarina|move: Protect\n|\n|-start|p2a: Phoenix|perish2\n|-start|p2b: Pippin|perish2\n|-start|p1a: Primarina|perish2\n|upkeep\n|turn|3\n|\n|t:|1739272195\n|switch|p1a: Incineroar|Incineroar, L50, M, tera:Fairy|100\/100\n|-ability|p1a: Incineroar|Intimidate|boost\n|-unboost|p2a: Phoenix|atk|1\n|-unboost|p2b: Pippin|atk|1\n|move|p1b: Gothorita|Fake Out|p2b: Pippin\n|-resisted|p2b: Pippin\n|-damage|p2b: Pippin|99\/100\n|move|p2a: Phoenix|Taunt|p1b: Gothorita\n|-start|p1b: Gothorita|move: Taunt\n|cant|p2b: Pippin|flinch\n|\n|-start|p2a: Phoenix|perish1\n|-start|p2b: Pippin|perish1\n|upkeep\n|turn|4\n|j| futonkagebunshin\n|\n|t:|1739272205\n|switch|p1b: Primarina|Primarina, L50, M|100\/100\n|move|p1a: Incineroar|Fake Out|p2b: Pippin\n|-resisted|p2b: Pippin\n|-damage|p2b: Pippin|99\/100\n|move|p2a: Phoenix|Brave Bird|p1b: Primarina\n|-damage|p1b: Primarina|76\/100\n|-damage|p2a: Phoenix|91\/100|[from] Recoil\n|cant|p2b: Pippin|flinch\n|\n|-start|p2a: Phoenix|perish0\n|-start|p2b: Pippin|perish0\n|upkeep\n|faint|p2a: Phoenix\n|faint|p2b: Pippin\n|\n|t:|1739272210\n|switch|p2a: Weavile 2.0|Chien-Pao, L50|100\/100\n|switch|p2b: Knotweed|Rillaboom, L50, F|100\/100\n|-ability|p2a: Weavile 2.0|Sword of Ruin\n|-fieldstart|move: Grassy Terrain|[from] ability: Grassy Surge|[of] p2b: Knotweed\n|turn|5\n|\n|t:|1739272218\n|switch|p1a: Gothorita|Gothorita, L50, F|100\/100\n|move|p1b: Primarina|Protect|p1b: Primarina\n|-singleturn|p1b: Primarina|Protect\n|move|p2b: Knotweed|Grassy Glide|p1b: Primarina\n|-activate|p1b: Primarina|move: Protect\n|move|p2a: Weavile 2.0|Icicle Crash|p1a: Gothorita\n|-damage|p1a: Gothorita|63\/100\n|\n|-heal|p1b: Primarina|82\/100|[from] Grassy Terrain\n|-heal|p1a: Gothorita|69\/100|[from] Grassy Terrain\n|upkeep\n|turn|6\n|\n|t:|1739272232\n|move|p1a: Gothorita|Fake Out|p2b: Knotweed\n|-damage|p2b: Knotweed|95\/100\n|cant|p2b: Knotweed|flinch\n|move|p2a: Weavile 2.0|Crunch|p1a: Gothorita\n|-supereffective|p1a: Gothorita\n|-damage|p1a: Gothorita|0 fnt\n|faint|p1a: Gothorita\n|move|p1b: Primarina|Perish Song|p1b: Primarina\n|-start|p1b: Primarina|perish3|[silent]\n|-start|p2a: Weavile 2.0|perish3|[silent]\n|-start|p2b: Knotweed|perish3|[silent]\n|-fieldactivate|move: Perish Song\n|\n|-heal|p2b: Knotweed|100\/100|[from] Grassy Terrain\n|-heal|p1b: Primarina|88\/100|[from] Grassy Terrain\n|-start|p2a: Weavile 2.0|perish3\n|-start|p2b: Knotweed|perish3\n|-start|p1b: Primarina|perish3\n|upkeep\n|\n|t:|1739272235\n|switch|p1a: Calyrex|Calyrex-Ice, L50|100\/100\n|-ability|p1a: Calyrex|As One\n|-ability|p1a: Calyrex|Unnerve\n|turn|7\n|\n|t:|1739272242\n|-terastallize|p2b: Knotweed|Grass\n|move|p1b: Primarina|Protect|p1b: Primarina\n|-singleturn|p1b: Primarina|Protect\n|move|p1a: Calyrex|Protect|p1a: Calyrex\n|-singleturn|p1a: Calyrex|Protect\n|move|p2a: Weavile 2.0|Crunch|p1a: Calyrex\n|-activate|p1a: Calyrex|move: Protect\n|move|p2b: Knotweed|Wood Hammer|p1a: Calyrex\n|-activate|p1a: Calyrex|move: Protect\n|\n|-heal|p1b: Primarina|94\/100|[from] Grassy Terrain\n|-start|p2a: Weavile 2.0|perish2\n|-start|p2b: Knotweed|perish2\n|-start|p1b: Primarina|perish2\n|upkeep\n|turn|8\n|\n|t:|1739272250\n|switch|p1a: Incineroar|Incineroar, L50, M, tera:Fairy|100\/100\n|-ability|p1a: Incineroar|Intimidate|boost\n|-unboost|p2a: Weavile 2.0|atk|1\n|-unboost|p2b: Knotweed|atk|1\n|move|p2a: Weavile 2.0|Crunch|p1a: Incineroar\n|-resisted|p1a: Incineroar\n|-damage|p1a: Incineroar|84\/100\n|move|p2b: Knotweed|Wood Hammer|p1a: Incineroar\n|-damage|p1a: Incineroar|0 fnt\n|faint|p1a: Incineroar\n|-damage|p2b: Knotweed|74\/100|[from] Recoil\n|-damage|p2b: Knotweed|64\/100|[from] item: Life Orb\n|move|p1b: Primarina|Moonblast|p2a: Weavile 2.0\n|-supereffective|p2a: Weavile 2.0\n|-enditem|p2a: Weavile 2.0|Focus Sash\n|-damage|p2a: Weavile 2.0|1\/100\n|\n|-heal|p2a: Weavile 2.0|7\/100|[from] Grassy Terrain\n|-heal|p2b: Knotweed|70\/100|[from] Grassy Terrain\n|-heal|p1b: Primarina|99\/100|[from] Grassy Terrain\n|-start|p2a: Weavile 2.0|perish1\n|-start|p2b: Knotweed|perish1\n|-start|p1b: Primarina|perish1\n|upkeep\n|\n|t:|1739272253\n|switch|p1a: Calyrex|Calyrex-Ice, L50|100\/100\n|-ability|p1a: Calyrex|As One\n|-ability|p1a: Calyrex|Unnerve\n|turn|9\n|\n|t:|1739272261\n|move|p1b: Primarina|Protect|p1b: Primarina\n|-singleturn|p1b: Primarina|Protect\n|move|p1a: Calyrex|Protect|p1a: Calyrex\n|-singleturn|p1a: Calyrex|Protect\n|move|p2a: Weavile 2.0|Crunch|p1a: Calyrex\n|-activate|p1a: Calyrex|move: Protect\n|move|p2b: Knotweed|Wood Hammer|p1a: Calyrex\n|-activate|p1a: Calyrex|move: Protect\n|\n|-heal|p2a: Weavile 2.0|13\/100|[from] Grassy Terrain\n|-heal|p2b: Knotweed|76\/100|[from] Grassy Terrain\n|-heal|p1b: Primarina|100\/100|[from] Grassy Terrain\n|-start|p2a: Weavile 2.0|perish0\n|-start|p2b: Knotweed|perish0\n|-start|p1b: Primarina|perish0\n|-fieldend|move: Grassy Terrain\n|faint|p2a: Weavile 2.0\n|faint|p2b: Knotweed\n|faint|p1b: Primarina\n|\n|win|tetsuokaga\n|upkeep\n|raw|tetsuokaga's rating: 1503 &rarr; <strong>1529<\/strong><br \/>(+26 for winning)\n|raw|Mildly Displeased's rating: 1620 &rarr; <strong>1594<\/strong><br \/>(-26 for losing)\n|l|\u2606Mildly Displeased\n|player|p2|\n|l|\u2606tetsuokaga\n|player|p1|\n|l| futonkagebunshin\n","uploadtime":1739272512,"views":7,"formatid":"gen9vgc2025regg","rating":1529,"private":0,"password":null}