{"id":"gen9vgc2025regg-2298740973","format":"[Gen 9] VGC 2025 Reg G","players":["Llemand","namboyVGC"],"log":"|j|\u2606Llemand\n|j|\u2606namboyVGC\n|t:|1739290883\n|gametype|doubles\n|player|p1|Llemand|caitlin|1586\n|player|p2|namboyVGC|265|1623\n|teamsize|p1|6\n|teamsize|p2|6\n|gen|9\n|tier|[Gen 9] VGC 2025 Reg G\n|rated|\n|rule|Species Clause: Limit one of each Pok\u00e9mon\n|rule|Item Clause: Limit 1 of each item\n|clearpoke\n|poke|p1|Incineroar, L50, M|\n|poke|p1|Rillaboom, L50, F|\n|poke|p1|Calyrex-Ice, L50|\n|poke|p1|Urshifu-*, L50, M|\n|poke|p1|Pelipper, L50, F|\n|poke|p1|Landorus, L50, M|\n|poke|p2|Calyrex-Ice, L50|\n|poke|p2|Urshifu-*, L50, M|\n|poke|p2|Pelipper, L50, M|\n|poke|p2|Amoonguss, L50, M|\n|poke|p2|Iron Valiant, L50|\n|poke|p2|Landorus, L50, M|\n|teampreview|4\n|inactive|Battle timer is ON: inactive players will automatically lose when time's up. (requested by namboyVGC)\n|\n|t:|1739290905\n|start\n|switch|p1a: Incineroar|Incineroar, L50, M, shiny|100\/100\n|switch|p1b: Calyrex|Calyrex-Ice, L50|100\/100\n|switch|p2a: Calyrex|Calyrex-Ice, L50|100\/100\n|switch|p2b: Amoonguss|Amoonguss, L50, M|100\/100\n|-ability|p1b: Calyrex|As One\n|-ability|p1b: Calyrex|Unnerve\n|-ability|p2a: Calyrex|As One\n|-ability|p2a: Calyrex|Unnerve\n|-ability|p1a: Incineroar|Intimidate|boost\n|-fail|p2a: Calyrex|unboost|[from] item: Clear Amulet|[of] p2a: Calyrex\n|-unboost|p2b: Amoonguss|atk|1\n|turn|1\n|\n|t:|1739290929\n|-terastallize|p2b: Amoonguss|Fairy\n|move|p1a: Incineroar|Fake Out|p2a: Calyrex\n|-damage|p2a: Calyrex|92\/100\n|move|p1b: Calyrex|Glacial Lance|p2a: Calyrex|[spread] p2a,p2b\n|-resisted|p2a: Calyrex\n|-crit|p2b: Amoonguss\n|-damage|p2a: Calyrex|74\/100\n|-damage|p2b: Amoonguss|38\/100\n|move|p2b: Amoonguss|Spore|p1b: Calyrex\n|-status|p1b: Calyrex|slp|[from] move: Spore\n|cant|p2a: Calyrex|flinch\n|\n|upkeep\n|turn|2\n|j| RiotJuice\n|inactive|Llemand has 30 seconds left.\n|inactive|namboyVGC has 30 seconds left.\n|\n|t:|1739290959\n|switch|p2b: Pelipper|Pelipper, L50, M|100\/100\n|-weather|RainDance|[from] ability: Drizzle|[of] p2b: Pelipper\n|move|p1a: Incineroar|Knock Off|p2a: Calyrex\n|-supereffective|p2a: Calyrex\n|-damage|p2a: Calyrex|19\/100\n|-enditem|p2a: Calyrex|Clear Amulet|[from] move: Knock Off|[of] p1a: Incineroar\n|cant|p1b: Calyrex|slp\n|move|p2a: Calyrex|High Horsepower|p1b: Calyrex|[miss]\n|-miss|p2a: Calyrex|p1b: Calyrex\n|\n|-weather|RainDance|[upkeep]\n|upkeep\n|turn|3\n|\n|t:|1739290976\n|switch|p1a: Rillaboom|Rillaboom, L50, F, shiny|100\/100\n|-fieldstart|move: Grassy Terrain|[from] ability: Grassy Surge|[of] p1a: Rillaboom\n|switch|p2a: Amoonguss|Amoonguss, L50, M, tera:Fairy|72\/100\n|move|p2b: Pelipper|Weather Ball|p1a: Rillaboom\n|-resisted|p1a: Rillaboom\n|-damage|p1a: Rillaboom|68\/100\n|-damage|p2b: Pelipper|91\/100|[from] item: Life Orb\n|cant|p1b: Calyrex|slp\n|\n|-weather|RainDance|[upkeep]\n|-heal|p1a: Rillaboom|74\/100|[from] Grassy Terrain\n|-heal|p2a: Amoonguss|78\/100|[from] Grassy Terrain\n|upkeep\n|turn|4\n|l| RiotJuice\n|inactive|Llemand has 30 seconds left.\n|inactive|namboyVGC has 30 seconds left.\n|\n|t:|1739291008\n|move|p1a: Rillaboom|Fake Out|p2a: Amoonguss\n|-damage|p2a: Amoonguss|67\/100\n|move|p2b: Pelipper|Hurricane|p1a: Rillaboom\n|-supereffective|p1a: Rillaboom\n|-damage|p1a: Rillaboom|0 fnt\n|faint|p1a: Rillaboom\n|-damage|p2b: Pelipper|81\/100|[from] item: Life Orb\n|cant|p1b: Calyrex|slp\n|move|p2a: Amoonguss|Pollen Puff|p1b: Calyrex\n|-supereffective|p1b: Calyrex\n|-damage|p1b: Calyrex|78\/100 slp\n|\n|-weather|RainDance|[upkeep]\n|-heal|p1b: Calyrex|84\/100 slp|[from] Grassy Terrain\n|-heal|p2a: Amoonguss|73\/100|[from] Grassy Terrain\n|upkeep\n|\n|t:|1739291023\n|switch|p1a: Incineroar|Incineroar, L50, M, shiny|100\/100\n|-ability|p1a: Incineroar|Intimidate|boost\n|-unboost|p2a: Amoonguss|atk|1\n|-unboost|p2b: Pelipper|atk|1\n|turn|5\n|j| nocluewhat2do\n|inactive|namboyVGC has 30 seconds left.\n|\n|t:|1739291050\n|move|p2b: Pelipper|Wide Guard|p2b: Pelipper\n|-singleturn|p2b: Pelipper|Wide Guard\n|move|p1a: Incineroar|Fake Out|p2b: Pelipper\n|-damage|p2b: Pelipper|68\/100\n|-curestatus|p1b: Calyrex|slp|[msg]\n|move|p1b: Calyrex|Glacial Lance|p2a: Amoonguss|[spread] \n|-activate|p2a: Amoonguss|move: Wide Guard\n|-activate|p2b: Pelipper|move: Wide Guard\n|move|p2a: Amoonguss|Spore|p1b: Calyrex\n|-status|p1b: Calyrex|slp|[from] move: Spore\n|\n|-weather|RainDance|[upkeep]\n|-heal|p1b: Calyrex|90\/100 slp|[from] Grassy Terrain\n|-heal|p2a: Amoonguss|79\/100|[from] Grassy Terrain\n|upkeep\n|turn|6\n|l| nocluewhat2do\n|inactive|Llemand has 30 seconds left.\n|\n|t:|1739291075\n|-terastallize|p1a: Incineroar|Ghost\n|move|p1a: Incineroar|Parting Shot|p2b: Pelipper\n|-unboost|p2b: Pelipper|atk|1\n|-unboost|p2b: Pelipper|spa|1\n|\n|t:|1739291080\n|switch|p1a: Pelipper|Pelipper, L50, F, shiny|100\/100|[from] Parting Shot\n|move|p2b: Pelipper|Weather Ball|p1a: Pelipper\n|-resisted|p1a: Pelipper\n|-damage|p1a: Pelipper|49\/100\n|-damage|p2b: Pelipper|59\/100|[from] item: Life Orb\n|cant|p1b: Calyrex|slp\n|move|p2a: Amoonguss|Pollen Puff|p2b: Pelipper\n|-heal|p2b: Pelipper|100\/100\n|\n|-weather|none\n|-heal|p1b: Calyrex|96\/100 slp|[from] Grassy Terrain\n|-heal|p2a: Amoonguss|85\/100|[from] Grassy Terrain\n|upkeep\n|turn|7\n|inactive|Llemand has 30 seconds left.\n|\n|t:|1739291108\n|switch|p2b: Calyrex|Calyrex-Ice, L50|19\/100\n|-ability|p2b: Calyrex|As One\n|-ability|p2b: Calyrex|Unnerve\n|move|p1a: Pelipper|Protect|p1a: Pelipper\n|-singleturn|p1a: Pelipper|Protect\n|cant|p1b: Calyrex|slp\n|move|p2a: Amoonguss|Pollen Puff|p2b: Calyrex\n|-heal|p2b: Calyrex|69\/100\n|\n|-heal|p1b: Calyrex|100\/100 slp|[from] Grassy Terrain\n|-heal|p2b: Calyrex|74\/100|[from] Grassy Terrain\n|-heal|p2a: Amoonguss|90\/100|[from] Grassy Terrain\n|-fieldend|move: Grassy Terrain\n|upkeep\n|turn|8\n|\n|t:|1739291132\n|switch|p1a: Incineroar|Incineroar, L50, M, shiny, tera:Ghost|100\/100\n|-ability|p1a: Incineroar|Intimidate|boost\n|-unboost|p2a: Amoonguss|atk|1\n|-unboost|p2b: Calyrex|atk|1\n|-curestatus|p1b: Calyrex|slp|[msg]\n|move|p1b: Calyrex|Glacial Lance|p2b: Calyrex|[spread] p2a,p2b\n|-resisted|p2b: Calyrex\n|-damage|p2a: Amoonguss|47\/100\n|-damage|p2b: Calyrex|57\/100\n|move|p2a: Amoonguss|Spore|p1a: Incineroar\n|-activate|p1a: Incineroar|item: Safety Goggles|Spore\n|move|p2b: Calyrex|Trick Room|p2b: Calyrex\n|-fieldstart|move: Trick Room|[of] p2b: Calyrex\n|\n|upkeep\n|turn|9\n|\n|t:|1739291154\n|move|p1b: Calyrex|Protect|p1b: Calyrex\n|-singleturn|p1b: Calyrex|Protect\n|move|p2a: Amoonguss|Spore|p1b: Calyrex\n|-activate|p1b: Calyrex|move: Protect\n|move|p2b: Calyrex|High Horsepower|p1a: Incineroar\n|-crit|p1a: Incineroar\n|-damage|p1a: Incineroar|45\/100\n|move|p1a: Incineroar|Knock Off|p2b: Calyrex\n|-supereffective|p2b: Calyrex\n|-damage|p2b: Calyrex|19\/100\n|\n|upkeep\n|turn|10\n|\n|t:|1739291179\n|switch|p1a: Pelipper|Pelipper, L50, F, shiny|49\/100\n|-weather|RainDance|[from] ability: Drizzle|[of] p1a: Pelipper\n|move|p2a: Amoonguss|Spore|p1b: Calyrex\n|-status|p1b: Calyrex|slp|[from] move: Spore\n|move|p2b: Calyrex|Glacial Lance|p1b: Calyrex|[spread] p1a,p1b\n|-resisted|p1b: Calyrex\n|-damage|p1a: Pelipper|0 fnt\n|-damage|p1b: Calyrex|89\/100 slp\n|faint|p1a: Pelipper\n|-ability|p2b: Calyrex|Chilling Neigh|boost\n|-boost|p2b: Calyrex|atk|1\n|cant|p1b: Calyrex|slp\n|\n|-weather|RainDance|[upkeep]\n|upkeep\n|\n|t:|1739291188\n|switch|p1a: Incineroar|Incineroar, L50, M, shiny, tera:Ghost|45\/100\n|-ability|p1a: Incineroar|Intimidate|boost\n|-unboost|p2a: Amoonguss|atk|1\n|-unboost|p2b: Calyrex|atk|1\n|turn|11\n|j| RiotJuice\n|l| RiotJuice\n|\n|t:|1739291198\n|move|p2a: Amoonguss|Pollen Puff|p2b: Calyrex\n|-heal|p2b: Calyrex|69\/100\n|move|p2b: Calyrex|Glacial Lance|p1a: Incineroar|[spread] p1a,p1b\n|-crit|p1a: Incineroar\n|-resisted|p1b: Calyrex\n|-damage|p1a: Incineroar|0 fnt\n|-damage|p1b: Calyrex|78\/100 slp\n|faint|p1a: Incineroar\n|-ability|p2b: Calyrex|Chilling Neigh|boost\n|-boost|p2b: Calyrex|atk|1\n|cant|p1b: Calyrex|slp\n|\n|-weather|RainDance|[upkeep]\n|upkeep\n|turn|12\n|inactive|Llemand has 30 seconds left.\n|inactive|namboyVGC has 30 seconds left.\n|\n|t:|1739291231\n|move|p2a: Amoonguss|Pollen Puff|p1b: Calyrex\n|-supereffective|p1b: Calyrex\n|-damage|p1b: Calyrex|54\/100 slp\n|move|p2b: Calyrex|High Horsepower|p1b: Calyrex\n|-damage|p1b: Calyrex|29\/100 slp\n|cant|p1b: Calyrex|slp\n|\n|-weather|RainDance|[upkeep]\n|-fieldend|move: Trick Room\n|upkeep\n|turn|13\n|-message|Llemand forfeited.\n|\n|win|namboyVGC\n|raw|Llemand's rating: 1586 &rarr; <strong>1568<\/strong><br \/>(-18 for losing)\n|raw|namboyVGC's rating: 1623 &rarr; <strong>1641<\/strong><br \/>(+18 for winning)\n|l|\u2606namboyVGC\n|player|p2|\n|l|\u2606Llemand\n|player|p1|\n","uploadtime":1739291408,"views":4,"formatid":"gen9vgc2025regg","rating":1568,"private":0,"password":null}