{"id":"gen9vgc2025regg-2298569376","format":"[Gen 9] VGC 2025 Reg G","players":["Mildly Displeased","stbai"],"log":"|j|\u2606Mildly Displeased\n|j|\u2606stbai\n|t:|1739269656\n|gametype|doubles\n|player|p1|Mildly Displeased|lillie|1580\n|player|p2|stbai|janitor|1616\n|teamsize|p1|6\n|teamsize|p2|6\n|gen|9\n|tier|[Gen 9] VGC 2025 Reg G\n|rated|\n|rule|Species Clause: Limit one of each Pok\u00e9mon\n|rule|Item Clause: Limit 1 of each item\n|clearpoke\n|poke|p1|Primarina, L50, M|\n|poke|p1|Talonflame, L50, F|\n|poke|p1|Zamazenta-*, L50|\n|poke|p1|Rillaboom, L50, F|\n|poke|p1|Chien-Pao, L50|\n|poke|p1|Farigiraf, L50, F|\n|poke|p2|Tatsugiri, L50, F|\n|poke|p2|Terapagos, L50, M|\n|poke|p2|Latios, L50, M|\n|poke|p2|Entei, L50|\n|poke|p2|Dondozo, L50, F|\n|poke|p2|Rillaboom, L50, F|\n|teampreview|4\n|inactive|Battle timer is ON: inactive players will automatically lose when time's up. (requested by stbai)\n|inactive|Mildly Displeased also wants the timer to be on.\n|\n|t:|1739269679\n|start\n|switch|p1a: Phoenix|Talonflame, L50, F, shiny|100\/100\n|switch|p1b: Best Mon|Primarina, L50, M, shiny|100\/100\n|switch|p2a: Entei|Entei, L50|100\/100\n|switch|p2b: Dondozo|Dondozo, L50, F|100\/100\n|turn|1\n|\n|t:|1739269690\n|switch|p2a: Tatsugiri|Tatsugiri, L50, F|100\/100\n|-activate|p2a: Tatsugiri|ability: Commander|[of] p2b: Dondozo\n|-boost|p2b: Dondozo|atk|2\n|-boost|p2b: Dondozo|spa|2\n|-boost|p2b: Dondozo|spe|2\n|-boost|p2b: Dondozo|def|2\n|-boost|p2b: Dondozo|spd|2\n|move|p1a: Phoenix|Will-O-Wisp|p2b: Dondozo\n|-status|p2b: Dondozo|brn\n|move|p2b: Dondozo|Order Up|p1a: Phoenix\n|-damage|p1a: Phoenix|63\/100\n|-boost|p2b: Dondozo|atk|1\n|move|p1b: Best Mon|Hyper Voice|p2a: Tatsugiri|[spread] p2b\n|-miss|p1b: Best Mon|p2a: Tatsugiri\n|-resisted|p2b: Dondozo\n|-damage|p2b: Dondozo|91\/100 brn\n|-enditem|p1b: Best Mon|Throat Spray\n|-boost|p1b: Best Mon|spa|1|[from] item: Throat Spray\n|\n|-heal|p2b: Dondozo|97\/100 brn|[from] item: Leftovers\n|-damage|p2b: Dondozo|91\/100 brn|[from] brn\n|upkeep\n|turn|2\n|\n|t:|1739269696\n|switch|p1a: Weavile 2.0|Chien-Pao, L50|100\/100\n|-ability|p1a: Weavile 2.0|Sword of Ruin\n|move|p2b: Dondozo|Order Up|p1a: Weavile 2.0\n|-damage|p1a: Weavile 2.0|59\/100\n|-boost|p2b: Dondozo|atk|1\n|move|p1b: Best Mon|Moonblast|p2b: Dondozo\n|-damage|p2b: Dondozo|68\/100 brn\n|-unboost|p2b: Dondozo|spa|1\n|\n|-heal|p2b: Dondozo|74\/100 brn|[from] item: Leftovers\n|-damage|p2b: Dondozo|68\/100 brn|[from] brn\n|upkeep\n|turn|3\n|\n|t:|1739269702\n|move|p1a: Weavile 2.0|Haze|p1a: Weavile 2.0\n|-clearallboost\n|move|p2b: Dondozo|Order Up|p1a: Weavile 2.0\n|-damage|p1a: Weavile 2.0|44\/100\n|-boost|p2b: Dondozo|atk|1\n|move|p1b: Best Mon|Moonblast|p2b: Dondozo\n|-damage|p2b: Dondozo|16\/100 brn\n|\n|-heal|p2b: Dondozo|22\/100 brn|[from] item: Leftovers\n|-damage|p2b: Dondozo|16\/100 brn|[from] brn\n|upkeep\n|turn|4\n|\n|t:|1739269714\n|move|p1a: Weavile 2.0|Crunch|p2b: Dondozo\n|-damage|p2b: Dondozo|0 fnt\n|faint|p2b: Dondozo\n|move|p1b: Best Mon|Moonblast|p2a: Tatsugiri\n|-supereffective|p2a: Tatsugiri\n|-crit|p2a: Tatsugiri\n|-damage|p2a: Tatsugiri|0 fnt\n|faint|p2a: Tatsugiri\n|\n|upkeep\n|\n|t:|1739269716\n|switch|p2a: Entei|Entei, L50|100\/100\n|switch|p2b: Terapagos|Terapagos, L50, M|100\/100\n|-activate|p2b: Terapagos|ability: Tera Shift\n|detailschange|p2b: Terapagos|Terapagos-Terastal, L50, M\n|-heal|p2b: Terapagos|100\/100|[silent]\n|turn|5\n|\n|t:|1739269725\n|-terastallize|p2a: Entei|Normal\n|move|p2a: Entei|Extreme Speed|p1a: Weavile 2.0\n|-damage|p1a: Weavile 2.0|0 fnt\n|faint|p1a: Weavile 2.0\n|move|p2b: Terapagos|Calm Mind|p2b: Terapagos\n|-boost|p2b: Terapagos|spa|1\n|-boost|p2b: Terapagos|spd|1\n|move|p1b: Best Mon|Hyper Voice|p2b: Terapagos|[spread] p2a,p2b\n|-activate|p2b: Terapagos|ability: Tera Shell\n|-resisted|p2b: Terapagos\n|-damage|p2a: Entei|74\/100\n|-damage|p2b: Terapagos|89\/100\n|\n|upkeep\n|\n|t:|1739269730\n|switch|p1a: Pippin|Zamazenta-Crowned, L50|100\/100\n|-ability|p1a: Pippin|Dauntless Shield|boost\n|-boost|p1a: Pippin|def|1\n|turn|6\n|\n|t:|1739269738\n|move|p2b: Terapagos|Protect|p2b: Terapagos\n|-singleturn|p2b: Terapagos|Protect\n|move|p1a: Pippin|Body Press|p2b: Terapagos\n|-activate|p2b: Terapagos|move: Protect\n|move|p2a: Entei|Sacred Fire|p1a: Pippin\n|-supereffective|p1a: Pippin\n|-damage|p1a: Pippin|59\/100\n|move|p1b: Best Mon|Moonblast|p2a: Entei\n|-damage|p2a: Entei|38\/100\n|-unboost|p2a: Entei|spa|1\n|\n|upkeep\n|turn|7\n|\n|t:|1739269750\n|-terastallize|p1a: Pippin|Ghost\n|move|p2b: Terapagos|Protect||[still]\n|-fail|p2b: Terapagos\n|move|p1a: Pippin|Body Press|p2b: Terapagos\n|-supereffective|p2b: Terapagos\n|-damage|p2b: Terapagos|0 fnt\n|faint|p2b: Terapagos\n|move|p2a: Entei|Sacred Fire|p1a: Pippin\n|-damage|p1a: Pippin|37\/100\n|-status|p1a: Pippin|brn\n|move|p1b: Best Mon|Hyper Voice|p2a: Entei\n|-damage|p2a: Entei|3\/100\n|\n|-damage|p1a: Pippin|31\/100 brn|[from] brn\n|upkeep\n|turn|8\n|-message|stbai forfeited.\n|\n|win|Mildly Displeased\n|raw|Mildly Displeased's rating: 1580 &rarr; <strong>1602<\/strong><br \/>(+22 for winning)\n|raw|stbai's rating: 1616 &rarr; <strong>1594<\/strong><br \/>(-22 for losing)\n|l|\u2606stbai\n|player|p2|\n|l|\u2606Mildly Displeased\n|player|p1|\n","uploadtime":1739269990,"views":9,"formatid":"gen9vgc2025regg","rating":1594,"private":0,"password":null}