{"id":"gen9vgc2025regg-2298106709","format":"[Gen 9] VGC 2025 Reg G","players":["kajashi","koji muranishi"],"log":"|j|\u2606kajashi\n|j|\u2606koji muranishi\n|t:|1739208782\n|gametype|doubles\n|player|p1|kajashi|2|1575\n|player|p2|koji muranishi|2|1643\n|teamsize|p1|6\n|teamsize|p2|6\n|gen|9\n|tier|[Gen 9] VGC 2025 Reg G\n|rated|\n|rule|Species Clause: Limit one of each Pok\u00e9mon\n|rule|Item Clause: Limit 1 of each item\n|clearpoke\n|poke|p1|Incineroar, L50, M|\n|poke|p1|Amoonguss, L50, M|\n|poke|p1|Calyrex-Ice, L50|\n|poke|p1|Raging Bolt, L50|\n|poke|p1|Landorus, L50, M|\n|poke|p1|Urshifu-*, L50, M|\n|poke|p2|Whimsicott, L50, F|\n|poke|p2|Calyrex-Ice, L50|\n|poke|p2|Urshifu-*, L50, M|\n|poke|p2|Chi-Yu, L50|\n|poke|p2|Raging Bolt, L50|\n|poke|p2|Landorus, L50, M|\n|teampreview|4\n|inactive|Battle timer is ON: inactive players will automatically lose when time's up. (requested by koji muranishi)\n|inactive|kajashi has 60 seconds left.\n|\n|t:|1739208833\n|start\n|switch|p1a: Calyrex|Calyrex-Ice, L50|100\/100\n|switch|p1b: Incineroar|Incineroar, L50, M|100\/100\n|switch|p2a: Chi-Yu|Chi-Yu, L50|100\/100\n|switch|p2b: Urshifu|Urshifu-Rapid-Strike, L50, M|100\/100\n|-ability|p1a: Calyrex|As One\n|-ability|p1a: Calyrex|Unnerve\n|-ability|p2a: Chi-Yu|Beads of Ruin\n|-ability|p1b: Incineroar|Intimidate|boost\n|-unboost|p2a: Chi-Yu|atk|1\n|-unboost|p2b: Urshifu|atk|1\n|turn|1\n|inactive|koji muranishi has 30 seconds left.\n|inactive|koji muranishi has 20 seconds left.\n|j| Funn yIy\n|inactive|koji muranishi has 15 seconds left.\n|\n|t:|1739208874\n|-terastallize|p1a: Calyrex|Water\n|move|p1b: Incineroar|Fake Out|p2a: Chi-Yu\n|-damage|p2a: Chi-Yu|82\/100\n|move|p2b: Urshifu|Surging Strikes|p1b: Incineroar\n|-supereffective|p1b: Incineroar\n|-crit|p1b: Incineroar\n|-damage|p1b: Incineroar|68\/100\n|-damage|p2b: Urshifu|84\/100|[from] item: Rocky Helmet|[of] p1b: Incineroar\n|-supereffective|p1b: Incineroar\n|-crit|p1b: Incineroar\n|-damage|p1b: Incineroar|38\/100\n|-damage|p2b: Urshifu|68\/100|[from] item: Rocky Helmet|[of] p1b: Incineroar\n|-supereffective|p1b: Incineroar\n|-crit|p1b: Incineroar\n|-damage|p1b: Incineroar|4\/100\n|-damage|p2b: Urshifu|51\/100|[from] item: Rocky Helmet|[of] p1b: Incineroar\n|-hitcount|p1b: Incineroar|3\n|cant|p2a: Chi-Yu|flinch\n|move|p1a: Calyrex|Trick Room|p1a: Calyrex\n|-fieldstart|move: Trick Room|[of] p1a: Calyrex\n|\n|upkeep\n|turn|2\n|inactive|kajashi has 30 seconds left.\n|inactive|koji muranishi has 30 seconds left.\n|inactive|kajashi has 20 seconds left.\n|inactive|kajashi has 15 seconds left.\n|\n|t:|1739208915\n|switch|p2a: Calyrex|Calyrex-Ice, L50|100\/100\n|-ability|p2a: Calyrex|As One\n|-ability|p2a: Calyrex|Unnerve\n|move|p1a: Calyrex|Glacial Lance|p2b: Urshifu|[spread] p2a,p2b\n|-resisted|p2a: Calyrex\n|-resisted|p2b: Urshifu\n|-damage|p2a: Calyrex|78\/100\n|-damage|p2b: Urshifu|22\/100\n|move|p1b: Incineroar|Parting Shot|p2a: Calyrex\n|-unboost|p2a: Calyrex|atk|1\n|-unboost|p2a: Calyrex|spa|1\n|\n|t:|1739208926\n|switch|p1b: Urshifu|Urshifu-Rapid-Strike, L50, M|100\/100|[from] Parting Shot\n|move|p2b: Urshifu|Surging Strikes|p1b: Urshifu\n|-resisted|p1b: Urshifu\n|-crit|p1b: Urshifu\n|-damage|p1b: Urshifu|91\/100\n|-resisted|p1b: Urshifu\n|-crit|p1b: Urshifu\n|-damage|p1b: Urshifu|80\/100\n|-resisted|p1b: Urshifu\n|-crit|p1b: Urshifu\n|-damage|p1b: Urshifu|68\/100\n|-hitcount|p1b: Urshifu|3\n|\n|upkeep\n|turn|3\n|inactive|kajashi has 30 seconds left.\n|\n|t:|1739208952\n|switch|p2b: Chi-Yu|Chi-Yu, L50|82\/100\n|-ability|p2b: Chi-Yu|Beads of Ruin\n|move|p1a: Calyrex|Glacial Lance|p2a: Calyrex|[spread] p2a,p2b\n|-resisted|p2a: Calyrex\n|-resisted|p2b: Chi-Yu\n|-damage|p2a: Calyrex|57\/100\n|-damage|p2b: Chi-Yu|32\/100\n|move|p2a: Calyrex|Seed Bomb|p1b: Urshifu\n|-supereffective|p1b: Urshifu\n|-damage|p1b: Urshifu|0 fnt\n|faint|p1b: Urshifu\n|-ability|p2a: Calyrex|Chilling Neigh|boost\n|-boost|p2a: Calyrex|atk|1\n|\n|upkeep\n|\n|t:|1739208964\n|switch|p1b: Incineroar|Incineroar, L50, M|4\/100\n|-ability|p1b: Incineroar|Intimidate|boost\n|-unboost|p2a: Calyrex|atk|1\n|-unboost|p2b: Chi-Yu|atk|1\n|turn|4\n|\n|t:|1739208976\n|move|p1b: Incineroar|Fake Out|p2a: Calyrex\n|-damage|p2a: Calyrex|49\/100\n|move|p1a: Calyrex|Glacial Lance|p2a: Calyrex|[spread] p2a,p2b\n|-resisted|p2a: Calyrex\n|-resisted|p2b: Chi-Yu\n|-damage|p2a: Calyrex|27\/100\n|-damage|p2b: Chi-Yu|0 fnt\n|faint|p2b: Chi-Yu\n|-ability|p1a: Calyrex|Chilling Neigh|boost\n|-boost|p1a: Calyrex|atk|1\n|cant|p2a: Calyrex|flinch\n|\n|upkeep\n|\n|t:|1739208988\n|switch|p2b: Landorus|Landorus, L50, M|100\/100\n|turn|5\n|\n|t:|1739209007\n|switch|p2a: Urshifu|Urshifu-Rapid-Strike, L50, M|22\/100\n|move|p2b: Landorus|Protect|p2b: Landorus\n|-singleturn|p2b: Landorus|Protect\n|move|p1a: Calyrex|Glacial Lance|p2b: Landorus|[spread] p2a\n|-activate|p2b: Landorus|move: Protect\n|-resisted|p2a: Urshifu\n|-damage|p2a: Urshifu|0 fnt\n|faint|p2a: Urshifu\n|-ability|p1a: Calyrex|Chilling Neigh|boost\n|-boost|p1a: Calyrex|atk|1\n|move|p1b: Incineroar|Knock Off|p2b: Landorus\n|-activate|p2b: Landorus|move: Protect\n|\n|-fieldend|move: Trick Room\n|upkeep\n|\n|t:|1739209023\n|switch|p2a: Calyrex|Calyrex-Ice, L50|27\/100\n|-ability|p2a: Calyrex|As One\n|-ability|p2a: Calyrex|Unnerve\n|turn|6\n|\n|t:|1739209035\n|-terastallize|p2b: Landorus|Water\n|move|p2b: Landorus|Sandsear Storm|p1b: Incineroar|[spread] p1a,p1b\n|-supereffective|p1b: Incineroar\n|-damage|p1a: Calyrex|56\/100\n|-damage|p1b: Incineroar|0 fnt\n|faint|p1b: Incineroar\n|move|p2a: Calyrex|Seed Bomb|p1a: Calyrex\n|-supereffective|p1a: Calyrex\n|-damage|p1a: Calyrex|0 fnt\n|faint|p1a: Calyrex\n|-ability|p2a: Calyrex|Chilling Neigh|boost\n|-boost|p2a: Calyrex|atk|1\n|\n|upkeep\n|\n|t:|1739209041\n|switch|p1b: Landorus|Landorus, L50, M|100\/100\n|turn|7\n|\n|t:|1739209052\n|move|p1b: Landorus|Earth Power|p2a: Calyrex\n|-damage|p2a: Calyrex|0 fnt\n|faint|p2a: Calyrex\n|move|p2b: Landorus|Sludge Bomb|p1b: Landorus\n|-resisted|p1b: Landorus\n|-damage|p1b: Landorus|63\/100\n|\n|upkeep\n|turn|8\n|\n|t:|1739209060\n|move|p1b: Landorus|Earth Power|p2b: Landorus\n|-damage|p2b: Landorus|17\/100\n|move|p2b: Landorus|Sludge Bomb|p1b: Landorus\n|-resisted|p1b: Landorus\n|-damage|p1b: Landorus|27\/100\n|\n|upkeep\n|turn|9\n|\n|t:|1739209068\n|move|p1b: Landorus|Earth Power|p2b: Landorus\n|-damage|p2b: Landorus|0 fnt\n|faint|p2b: Landorus\n|\n|win|kajashi\n|raw|kajashi's rating: 1575 &rarr; <strong>1599<\/strong><br \/>(+24 for winning)\n|raw|koji muranishi's rating: 1643 &rarr; <strong>1619<\/strong><br \/>(-24 for losing)\n","uploadtime":1739209071,"views":43,"formatid":"gen9vgc2025regg","rating":1599,"private":0,"password":null}