{"id":"gen9vgc2025regg-2298668395","format":"[Gen 9] VGC 2025 Reg G","players":["Weakest blow","goatmilkin3d"],"log":"|j|\u2606Weakest blow\n|j|\u2606goatmilkin3d\n|t:|1739283556\n|gametype|doubles\n|player|p1|Weakest blow|depotagent|1595\n|player|p2|goatmilkin3d|265|1506\n|teamsize|p1|6\n|teamsize|p2|6\n|gen|9\n|tier|[Gen 9] VGC 2025 Reg G\n|rated|\n|rule|Species Clause: Limit one of each Pok\u00e9mon\n|rule|Item Clause: Limit 1 of each item\n|clearpoke\n|poke|p1|Ditto, L50|\n|poke|p1|Iron Hands, L50|\n|poke|p1|Miraidon, L50|\n|poke|p1|Pelipper, L50, F|\n|poke|p1|Volcarona, L50, F|\n|poke|p1|Whimsicott, L50, F|\n|poke|p2|Araquanid, L50, M|\n|poke|p2|Miraidon, L50|\n|poke|p2|Iron Hands, L50|\n|poke|p2|Ogerpon-Hearthflame, L50, F|\n|poke|p2|Grimmsnarl, L50, M|\n|poke|p2|Chien-Pao, L50|\n|teampreview|4\n|\n|t:|1739283585\n|start\n|switch|p1a: Iron Hands|Iron Hands, L50|100\/100\n|switch|p1b: Volcarona|Volcarona, L50, F|100\/100\n|switch|p2a: Chien-Pao|Chien-Pao, L50|100\/100\n|switch|p2b: Grimmsnarl|Grimmsnarl, L50, M|100\/100\n|-ability|p2a: Chien-Pao|Sword of Ruin\n|turn|1\n|\n|t:|1739283614\n|move|p2a: Chien-Pao|Protect|p2a: Chien-Pao\n|-singleturn|p2a: Chien-Pao|Protect\n|move|p2b: Grimmsnarl|Reflect|p2b: Grimmsnarl\n|-sidestart|p2: goatmilkin3d|Reflect\n|move|p1b: Volcarona|Fiery Dance|p2a: Chien-Pao\n|-activate|p2a: Chien-Pao|move: Protect\n|move|p1a: Iron Hands|Heavy Slam|p2b: Grimmsnarl\n|-supereffective|p2b: Grimmsnarl\n|-damage|p2b: Grimmsnarl|28\/100\n|\n|upkeep\n|turn|2\n|\n|t:|1739283630\n|switch|p2a: Miraidon|Miraidon, L50|100\/100\n|-fieldstart|move: Electric Terrain|[from] ability: Hadron Engine|[of] p2a: Miraidon\n|-activate|p1a: Iron Hands|ability: Quark Drive\n|-start|p1a: Iron Hands|quarkdriveatk\n|move|p2b: Grimmsnarl|Light Screen|p2b: Grimmsnarl\n|-sidestart|p2: goatmilkin3d|move: Light Screen\n|move|p1b: Volcarona|Struggle Bug|p2a: Miraidon|[spread] p2a,p2b\n|-damage|p2a: Miraidon|90\/100\n|-damage|p2b: Grimmsnarl|16\/100\n|-unboost|p2a: Miraidon|spa|1\n|move|p1a: Iron Hands|Drain Punch|p2a: Miraidon\n|-damage|p2a: Miraidon|56\/100\n|\n|upkeep\n|turn|3\n|\n|t:|1739283667\n|move|p2b: Grimmsnarl|Thunder Wave|p1b: Volcarona\n|-status|p1b: Volcarona|par\n|move|p2a: Miraidon|Volt Switch|p1a: Iron Hands\n|-resisted|p1a: Iron Hands\n|-damage|p1a: Iron Hands|84\/100\n|\n|t:|1739283672\n|switch|p2a: Ogerpon|Ogerpon-Hearthflame, L50, F|100\/100|[from] Volt Switch\n|-ability|p2a: Ogerpon|Mold Breaker\n|move|p1a: Iron Hands|Low Kick|p2a: Ogerpon\n|-damage|p2a: Ogerpon|66\/100\n|cant|p1b: Volcarona|par\n|\n|upkeep\n|turn|4\n|\n|t:|1739283706\n|-terastallize|p2a: Ogerpon|Fire\n|detailschange|p2a: Ogerpon|Ogerpon-Hearthflame-Tera, L50, F, tera:Fire\n|-ability|p2a: Ogerpon|Embody Aspect (Hearthflame)|boost\n|-boost|p2a: Ogerpon|atk|1\n|-terastallize|p1a: Iron Hands|Fire\n|move|p2a: Ogerpon|Ivy Cudgel|p1a: Iron Hands|[anim] Ivy Cudgel Fire\n|-resisted|p1a: Iron Hands\n|-damage|p1a: Iron Hands|47\/100\n|move|p2b: Grimmsnarl|Spirit Break|p1a: Iron Hands\n|-resisted|p1a: Iron Hands\n|-damage|p1a: Iron Hands|35\/100\n|-unboost|p1a: Iron Hands|spa|1\n|move|p1a: Iron Hands|Drain Punch|p2a: Ogerpon\n|-damage|p2a: Ogerpon|27\/100\n|-heal|p1a: Iron Hands|50\/100|[from] drain|[of] p2a: Ogerpon\n|move|p1b: Volcarona|Struggle Bug|p2a: Ogerpon|[spread] p2a,p2b\n|-resisted|p2a: Ogerpon\n|-damage|p2a: Ogerpon|20\/100\n|-damage|p2b: Grimmsnarl|5\/100\n|-unboost|p2a: Ogerpon|spa|1\n|\n|upkeep\n|turn|5\n|\n|t:|1739283745\n|-end|p1a: Iron Hands|Quark Drive|[silent]\n|switch|p1a: Miraidon|Miraidon, L50|100\/100\n|-activate|p1a: Miraidon|ability: Hadron Engine\n|move|p2a: Ogerpon|Spiky Shield|p2a: Ogerpon\n|-singleturn|p2a: Ogerpon|move: Protect\n|move|p1b: Volcarona|Rage Powder|p1b: Volcarona\n|-singleturn|p1b: Volcarona|move: Rage Powder\n|move|p2b: Grimmsnarl|Thunder Wave|p1b: Volcarona\n|-fail|p1b: Volcarona|par\n|\n|-sideend|p2: goatmilkin3d|Reflect\n|upkeep\n|turn|6\n|\n|t:|1739283776\n|switch|p2a: Miraidon|Miraidon, L50|56\/100\n|-activate|p2a: Miraidon|ability: Hadron Engine\n|move|p1a: Miraidon|Electro Drift|p2a: Miraidon\n|-resisted|p2a: Miraidon\n|-damage|p2a: Miraidon|38\/100\n|-damage|p1a: Miraidon|91\/100|[from] item: Life Orb\n|move|p2b: Grimmsnarl|Spirit Break|p1a: Miraidon\n|-supereffective|p1a: Miraidon\n|-damage|p1a: Miraidon|27\/100\n|-unboost|p1a: Miraidon|spa|1\n|move|p1b: Volcarona|Struggle Bug|p2a: Miraidon|[spread] p2a,p2b\n|-damage|p2a: Miraidon|27\/100\n|-damage|p2b: Grimmsnarl|0 fnt\n|-unboost|p2a: Miraidon|spa|1\n|faint|p2b: Grimmsnarl\n|\n|-sideend|p2: goatmilkin3d|move: Light Screen\n|-fieldend|move: Electric Terrain\n|upkeep\n|\n|t:|1739283792\n|switch|p2b: Ogerpon|Ogerpon-Hearthflame-Tera, L50, F, tera:Fire|20\/100\n|-ability|p2b: Ogerpon|Embody Aspect (Hearthflame)|boost\n|-boost|p2b: Ogerpon|atk|1\n|turn|7\n|\n|t:|1739283816\n|switch|p1a: Ditto|Ditto, L50|100\/100\n|cant|p1b: Volcarona|par\n|move|p2a: Miraidon|Dazzling Gleam|p1a: Ditto|[spread] p1a,p1b\n|-resisted|p1b: Volcarona\n|-damage|p1a: Ditto|57\/100\n|-damage|p1b: Volcarona|91\/100 par\n|move|p2b: Ogerpon|Ivy Cudgel|p1b: Volcarona|[anim] Ivy Cudgel Fire\n|-damage|p1b: Volcarona|0 fnt\n|faint|p1b: Volcarona\n|\n|upkeep\n|\n|t:|1739283832\n|switch|p1b: Iron Hands|Iron Hands, L50, tera:Fire|50\/100\n|turn|8\n|c|\u2606goatmilkin3d|what happened to ditto?\n|j| Rabbithorn01\n|\n|t:|1739283848\n|move|p2b: Ogerpon|Spiky Shield|p2b: Ogerpon\n|-singleturn|p2b: Ogerpon|move: Protect\n|move|p1b: Iron Hands|Fake Out|p2b: Ogerpon\n|-activate|p2b: Ogerpon|move: Protect\n|-damage|p1b: Iron Hands|38\/100|[from] Spiky Shield|[of] p2b: Ogerpon\n|move|p2a: Miraidon|Dazzling Gleam|p1a: Ditto|[spread] p1a,p1b\n|-resisted|p1b: Iron Hands\n|-damage|p1a: Ditto|18\/100\n|-damage|p1b: Iron Hands|34\/100\n|move|p1a: Ditto|Transform|p2a: Miraidon\n|-transform|p1a: Ditto|p2a: Miraidon\n|-fieldstart|move: Electric Terrain|[from] ability: Hadron Engine|[of] p1a: Ditto\n|-activate|p1b: Iron Hands|ability: Quark Drive\n|-start|p1b: Iron Hands|quarkdriveatk\n|\n|upkeep\n|turn|9\n|\n|t:|1739283874\n|move|p2a: Miraidon|Dazzling Gleam|p1b: Iron Hands|[spread] p1a,p1b\n|-supereffective|p1a: Ditto\n|-resisted|p1b: Iron Hands\n|-damage|p1a: Ditto|0 fnt\n|-damage|p1b: Iron Hands|26\/100\n|faint|p1a: Ditto\n|move|p2b: Ogerpon|Ivy Cudgel|p1b: Iron Hands|[anim] Ivy Cudgel Fire\n|-resisted|p1b: Iron Hands\n|-damage|p1b: Iron Hands|0 fnt\n|faint|p1b: Iron Hands\n|-end|p1b: Iron Hands|Quark Drive|[silent]\n|\n|upkeep\n|-message|Weakest blow forfeited.\n|\n|win|goatmilkin3d\n|raw|Weakest blow's rating: 1595 &rarr; <strong>1570<\/strong><br \/>(-25 for losing)\n|raw|goatmilkin3d's rating: 1506 &rarr; <strong>1531<\/strong><br \/>(+25 for winning)\n|l|\u2606goatmilkin3d\n|player|p2|\n","uploadtime":1739284053,"views":15,"formatid":"gen9vgc2025regg","rating":1531,"private":0,"password":null}