{"id":"gen9vgc2025regg-2298417784","format":"[Gen 9] VGC 2025 Reg G","players":["cilan123","Dv147"],"log":"|j|\u2606cilan123\n|j|\u2606Dv147\n|t:|1739243349\n|gametype|doubles\n|player|p1|cilan123|265|1601\n|player|p2|Dv147|2|1567\n|teamsize|p1|6\n|teamsize|p2|6\n|gen|9\n|tier|[Gen 9] VGC 2025 Reg G\n|rated|\n|rule|Species Clause: Limit one of each Pok\u00e9mon\n|rule|Item Clause: Limit 1 of each item\n|clearpoke\n|poke|p1|Calyrex-Ice, L50|\n|poke|p1|Indeedee-F, L50, F|\n|poke|p1|Torkoal, L50, M|\n|poke|p1|Ursaluna, L50, M|\n|poke|p1|Gallade, L50, M|\n|poke|p1|Lilligant-Hisui, L50, F|\n|poke|p2|Terapagos, L50, M|\n|poke|p2|Incineroar, L50, F|\n|poke|p2|Sinistcha, L50|\n|poke|p2|Comfey, L50, M|\n|poke|p2|Electabuzz, L50, F|\n|poke|p2|Rillaboom, L50, M|\n|teampreview|4\ncilan123 has agreed to open team sheets.\n|inactive|Battle timer is ON: inactive players will automatically lose when time's up. (requested by Dv147)\n|\n|t:|1739243390\n|start\n|switch|p1a: Indeedee|Indeedee-F, L50, F|100\/100\n|switch|p1b: Calyrex|Calyrex-Ice, L50|100\/100\n|switch|p2a: Terapagos|Terapagos, L50, M|100\/100\n|switch|p2b: Electabuzz|Electabuzz, L50, F|100\/100\n|-activate|p2a: Terapagos|ability: Tera Shift\n|detailschange|p2a: Terapagos|Terapagos-Terastal, L50, M\n|-heal|p2a: Terapagos|100\/100|[silent]\n|-ability|p1b: Calyrex|As One\n|-ability|p1b: Calyrex|Unnerve\n|-fieldstart|move: Psychic Terrain|[from] ability: Psychic Surge|[of] p1a: Indeedee\n|turn|1\n|\n|t:|1739243410\n|switch|p1a: Ursaluna|Ursaluna, L50, M|100\/100\n|move|p2b: Electabuzz|Taunt|p1b: Calyrex\n|-start|p1b: Calyrex|move: Taunt\n|move|p2a: Terapagos|Calm Mind|p2a: Terapagos\n|-boost|p2a: Terapagos|spa|1\n|-boost|p2a: Terapagos|spd|1\n|cant|p1b: Calyrex|move: Taunt|Trick Room\n|\n|-status|p1a: Ursaluna|brn|[from] item: Flame Orb\n|upkeep\n|turn|2\n|inactive|Dv147 has 30 seconds left.\n|\n|t:|1739243440\n|-terastallize|p2a: Terapagos|Stellar\n|detailschange|p2a: Terapagos|Terapagos-Stellar, L50, M, tera:Stellar\n|-heal|p2a: Terapagos|100\/100|[silent]\n|-ability|p2a: Terapagos|Teraform Zero\n|-fieldend|move: Psychic Terrain\n|move|p2b: Electabuzz|Thunderbolt|p1b: Calyrex\n|-damage|p1b: Calyrex|82\/100\n|move|p2a: Terapagos|Tera Starstorm|p1a: Ursaluna|[spread] p1a,p1b\n|-damage|p1a: Ursaluna|45\/100 brn\n|-damage|p1b: Calyrex|43\/100\n|move|p1b: Calyrex|Glacial Lance|p2b: Electabuzz|[spread] p2a,p2b\n|-damage|p2a: Terapagos|60\/100\n|-damage|p2b: Electabuzz|57\/100\n|move|p1a: Ursaluna|Substitute|p1a: Ursaluna\n|-start|p1a: Ursaluna|Substitute\n|-damage|p1a: Ursaluna|20\/100 brn\n|\n|-damage|p1a: Ursaluna|14\/100 brn|[from] brn\n|upkeep\n|turn|3\n|inactive|cilan123 has 30 seconds left.\n|inactive|Dv147 has 30 seconds left.\n|inactive|cilan123 has 20 seconds left.\n|inactive|cilan123 has 15 seconds left.\n|inactive|cilan123 has 10 seconds left.\n|\n|t:|1739243489\n|switch|p1b: Indeedee|Indeedee-F, L50, F|100\/100\n|-fieldstart|move: Psychic Terrain|[from] ability: Psychic Surge|[of] p1b: Indeedee\n|move|p2b: Electabuzz|Thunderbolt|p1b: Indeedee\n|-damage|p1b: Indeedee|73\/100\n|move|p2a: Terapagos|Tera Starstorm|p1b: Indeedee|[spread] p1a,p1b\n|-end|p1a: Ursaluna|Substitute\n|-damage|p1b: Indeedee|16\/100\n|move|p1a: Ursaluna|Facade|p2a: Terapagos\n|-damage|p2a: Terapagos|0 fnt\n|faint|p2a: Terapagos\n|\n|-damage|p1a: Ursaluna|8\/100 brn|[from] brn\n|upkeep\n|\n|t:|1739243507\n|switch|p2a: Sinistcha|Sinistcha, L50|100\/100\n|-heal|p2b: Electabuzz|82\/100|[from] ability: Hospitality|[of] p2a: Sinistcha\n|turn|4\n|inactive|cilan123 has 30 seconds left.\n|\n|t:|1739243532\n|move|p2b: Electabuzz|Thunderbolt|p1b: Indeedee\n|-damage|p1b: Indeedee|0 fnt\n|faint|p1b: Indeedee\n|move|p2a: Sinistcha|Matcha Gotcha|p1a: Ursaluna\n|-supereffective|p1a: Ursaluna\n|-damage|p1a: Ursaluna|0 fnt\n|faint|p1a: Ursaluna\n|\n|upkeep\n|\n|t:|1739243539\n|switch|p1b: Gallade|Gallade, L50, M|100\/100\n|switch|p1a: Calyrex|Calyrex-Ice, L50|43\/100\n|-ability|p1a: Calyrex|As One\n|-ability|p1a: Calyrex|Unnerve\n|-enditem|p1b: Gallade|Psychic Seed\n|-boost|p1b: Gallade|spd|1|[from] item: Psychic Seed\n|turn|5\n|\n|t:|1739243559\n|move|p1b: Gallade|Wide Guard|p1b: Gallade\n|-singleturn|p1b: Gallade|Wide Guard\n|move|p2b: Electabuzz|Thunderbolt|p1a: Calyrex\n|-damage|p1a: Calyrex|24\/100\n|move|p2a: Sinistcha|Matcha Gotcha|p1a: Calyrex|[spread] \n|-activate|p1a: Calyrex|move: Wide Guard\n|-activate|p1b: Gallade|move: Wide Guard\n|move|p1a: Calyrex|Glacial Lance|p2a: Sinistcha|[spread] p2a,p2b\n|-supereffective|p2a: Sinistcha\n|-damage|p2a: Sinistcha|6\/100\n|-damage|p2b: Electabuzz|40\/100\n|\n|upkeep\n|turn|6\n|\n|t:|1739243582\n|move|p1a: Calyrex|Protect|p1a: Calyrex\n|-singleturn|p1a: Calyrex|Protect\n|move|p2b: Electabuzz|Thunderbolt|p1a: Calyrex\n|-activate|p1a: Calyrex|move: Protect\n|move|p2a: Sinistcha|Life Dew|p2a: Sinistcha|[spread] p2a,p2b\n|-heal|p2a: Sinistcha|31\/100\n|-heal|p2b: Electabuzz|65\/100\n|move|p1b: Gallade|Trick Room|p1b: Gallade\n|-fieldstart|move: Trick Room|[of] p1b: Gallade\n|\n|upkeep\n|turn|7\n|\n|t:|1739243601\n|move|p1a: Calyrex|Glacial Lance|p2b: Electabuzz|[spread] p2a,p2b\n|-supereffective|p2a: Sinistcha\n|-damage|p2a: Sinistcha|0 fnt\n|-damage|p2b: Electabuzz|19\/100\n|faint|p2a: Sinistcha\n|-ability|p1a: Calyrex|Chilling Neigh|boost\n|-boost|p1a: Calyrex|atk|1\n|move|p1b: Gallade|Sacred Sword|p2b: Electabuzz\n|-damage|p2b: Electabuzz|0 fnt\n|faint|p2b: Electabuzz\n|\n|-fieldend|move: Psychic Terrain\n|upkeep\n|\n|t:|1739243615\n|switch|p2b: Comfey|Comfey, L50, M|100\/100\n|turn|8\n|\n|t:|1739243626\n|move|p2b: Comfey|Draining Kiss|p1a: Calyrex\n|-damage|p1a: Calyrex|15\/100\n|move|p1a: Calyrex|Glacial Lance|p2b: Comfey\n|-damage|p2b: Comfey|0 fnt\n|faint|p2b: Comfey\n|\n|win|cilan123\n|raw|cilan123's rating: 1601 &rarr; <strong>1619<\/strong><br \/>(+18 for winning)\n|raw|Dv147's rating: 1567 &rarr; <strong>1549<\/strong><br \/>(-18 for losing)\n|l|\u2606cilan123\n|player|p1|\n|l|\u2606Dv147\n|player|p2|\n","uploadtime":1739243840,"views":7,"formatid":"gen9vgc2025regg","rating":1549,"private":0,"password":null}