{"id":"gen9vgc2025regg-2298567106","format":"[Gen 9] VGC 2025 Reg G","players":["jkimkim1","yukita_somaru"],"log":"|j|\u2606jkimkim1\n|j|\u2606yukita_somaru\n|t:|1739269272\n|gametype|doubles\n|player|p1|jkimkim1|266|1509\n|player|p2|yukita_somaru|chuck|1609\n|teamsize|p1|6\n|teamsize|p2|6\n|gen|9\n|tier|[Gen 9] VGC 2025 Reg G\n|rated|\n|rule|Species Clause: Limit one of each Pok\u00e9mon\n|rule|Item Clause: Limit 1 of each item\n|clearpoke\n|poke|p1|Miraidon, L50|\n|poke|p1|Cresselia, L50, F|\n|poke|p1|Incineroar, L50, F|\n|poke|p1|Roaring Moon, L50|\n|poke|p1|Ursaluna, L50, M|\n|poke|p1|Whimsicott, L50, M|\n|poke|p2|Miraidon, L50|\n|poke|p2|Iron Bundle, L50|\n|poke|p2|Iron Hands, L50|\n|poke|p2|Dragonite, L50, F|\n|poke|p2|Dondozo, L50, F|\n|poke|p2|Tatsugiri-Droopy, L50, F|\n|teampreview|4\n|inactive|Battle timer is ON: inactive players will automatically lose when time's up. (requested by jkimkim1)\n|inactive|jkimkim1 has 60 seconds left.\n|\n|t:|1739269326\n|start\n|switch|p1a: Jayson tatum|Miraidon, L50|100\/100\n|switch|p1b: \ub9e5\ub3c4\ud604|Whimsicott, L50, M, shiny|100\/100\n|switch|p2a: \u30df\u30e9\u30a4\u30c9\u30f3|Miraidon, L50|100\/100\n|switch|p2b: \u30d8\u30a4\u30e9\u30c3\u30b7\u30e3|Dondozo, L50, F|100\/100\n|-fieldstart|move: Electric Terrain|[from] ability: Hadron Engine|[of] p2a: \u30df\u30e9\u30a4\u30c9\u30f3\n|-activate|p1a: Jayson tatum|ability: Hadron Engine\n|turn|1\n|inactive|yukita_somaru has 30 seconds left.\n|\n|t:|1739269352\n|-terastallize|p2a: \u30df\u30e9\u30a4\u30c9\u30f3|Fairy\n|-terastallize|p1a: Jayson tatum|Fairy\n|move|p2b: \u30d8\u30a4\u30e9\u30c3\u30b7\u30e3|Protect|p2b: \u30d8\u30a4\u30e9\u30c3\u30b7\u30e3\n|-singleturn|p2b: \u30d8\u30a4\u30e9\u30c3\u30b7\u30e3|Protect\n|move|p1b: \ub9e5\ub3c4\ud604|Tailwind|p1b: \ub9e5\ub3c4\ud604\n|-sidestart|p1: jkimkim1|move: Tailwind\n|move|p1a: Jayson tatum|Dazzling Gleam|p2b: \u30d8\u30a4\u30e9\u30c3\u30b7\u30e3|[spread] p2a\n|-activate|p2b: \u30d8\u30a4\u30e9\u30c3\u30b7\u30e3|move: Protect\n|-damage|p2a: \u30df\u30e9\u30a4\u30c9\u30f3|43\/100\n|move|p2a: \u30df\u30e9\u30a4\u30c9\u30f3|Dazzling Gleam|p1b: \ub9e5\ub3c4\ud604|[spread] p1a,p1b\n|-damage|p1a: Jayson tatum|49\/100\n|-enditem|p1b: \ub9e5\ub3c4\ud604|Focus Sash\n|-damage|p1b: \ub9e5\ub3c4\ud604|1\/100\n|\n|upkeep\n|turn|2\n|\n|t:|1739269375\n|switch|p2a: \u30b7\u30e3\u30ea\u30bf\u30c4|Tatsugiri-Droopy, L50, F|100\/100\n|-activate|p2a: \u30b7\u30e3\u30ea\u30bf\u30c4|ability: Commander|[of] p2b: \u30d8\u30a4\u30e9\u30c3\u30b7\u30e3\n|-boost|p2b: \u30d8\u30a4\u30e9\u30c3\u30b7\u30e3|atk|2\n|-boost|p2b: \u30d8\u30a4\u30e9\u30c3\u30b7\u30e3|spa|2\n|-boost|p2b: \u30d8\u30a4\u30e9\u30c3\u30b7\u30e3|spe|2\n|-boost|p2b: \u30d8\u30a4\u30e9\u30c3\u30b7\u30e3|def|2\n|-boost|p2b: \u30d8\u30a4\u30e9\u30c3\u30b7\u30e3|spd|2\n|move|p1b: \ub9e5\ub3c4\ud604|Endeavor|p2b: \u30d8\u30a4\u30e9\u30c3\u30b7\u30e3\n|-damage|p2b: \u30d8\u30a4\u30e9\u30c3\u30b7\u30e3|1\/100\n|move|p1a: Jayson tatum|Dazzling Gleam|p2b: \u30d8\u30a4\u30e9\u30c3\u30b7\u30e3|[spread] p2b\n|-miss|p1a: Jayson tatum|p2a: \u30b7\u30e3\u30ea\u30bf\u30c4\n|-damage|p2b: \u30d8\u30a4\u30e9\u30c3\u30b7\u30e3|0 fnt\n|faint|p2b: \u30d8\u30a4\u30e9\u30c3\u30b7\u30e3\n|\n|upkeep\n|\n|t:|1739269399\n|switch|p2b: \u30c6\u30c4\u30ce\u30ab\u30a4\u30ca|Iron Hands, L50|100\/100\n|-activate|p2b: \u30c6\u30c4\u30ce\u30ab\u30a4\u30ca|ability: Quark Drive\n|-start|p2b: \u30c6\u30c4\u30ce\u30ab\u30a4\u30ca|quarkdriveatk\n|turn|3\n|inactive|yukita_somaru has 30 seconds left.\n|\n|t:|1739269427\n|switch|p1a: \uc0ac\uc2b9\ud5cc\ud06c\uc138|Cresselia, L50, F, shiny|100\/100\n|move|p2a: \u30b7\u30e3\u30ea\u30bf\u30c4|Helping Hand|p2b: \u30c6\u30c4\u30ce\u30ab\u30a4\u30ca\n|-singleturn|p2b: \u30c6\u30c4\u30ce\u30ab\u30a4\u30ca|Helping Hand|[of] p2a: \u30b7\u30e3\u30ea\u30bf\u30c4\n|move|p1b: \ub9e5\ub3c4\ud604|Endeavor|p2b: \u30c6\u30c4\u30ce\u30ab\u30a4\u30ca\n|-damage|p2b: \u30c6\u30c4\u30ce\u30ab\u30a4\u30ca|1\/100\n|move|p2b: \u30c6\u30c4\u30ce\u30ab\u30a4\u30ca|Low Kick|p1a: \uc0ac\uc2b9\ud5cc\ud06c\uc138\n|-resisted|p1a: \uc0ac\uc2b9\ud5cc\ud06c\uc138\n|-damage|p1a: \uc0ac\uc2b9\ud5cc\ud06c\uc138|71\/100\n|\n|upkeep\n|turn|4\n|\n|t:|1739269446\n|-end|p2b: \u30c6\u30c4\u30ce\u30ab\u30a4\u30ca|Quark Drive|[silent]\n|switch|p2b: \u30df\u30e9\u30a4\u30c9\u30f3|Miraidon, L50, tera:Fairy|43\/100\n|-activate|p2b: \u30df\u30e9\u30a4\u30c9\u30f3|ability: Hadron Engine\n|move|p1b: \ub9e5\ub3c4\ud604|Endeavor|p2a: \u30b7\u30e3\u30ea\u30bf\u30c4\n|-damage|p2a: \u30b7\u30e3\u30ea\u30bf\u30c4|1\/100\n|move|p1a: \uc0ac\uc2b9\ud5cc\ud06c\uc138|Psychic|p2b: \u30df\u30e9\u30a4\u30c9\u30f3\n|-damage|p2b: \u30df\u30e9\u30a4\u30c9\u30f3|14\/100\n|move|p2a: \u30b7\u30e3\u30ea\u30bf\u30c4|Muddy Water|p1b: \ub9e5\ub3c4\ud604|[spread] p1a,p1b\n|-resisted|p1b: \ub9e5\ub3c4\ud604\n|-damage|p1a: \uc0ac\uc2b9\ud5cc\ud06c\uc138|48\/100\n|-damage|p1b: \ub9e5\ub3c4\ud604|0 fnt\n|-unboost|p1a: \uc0ac\uc2b9\ud5cc\ud06c\uc138|accuracy|1\n|-enditem|p1a: \uc0ac\uc2b9\ud5cc\ud06c\uc138|Sitrus Berry|[eat]\n|-heal|p1a: \uc0ac\uc2b9\ud5cc\ud06c\uc138|73\/100|[from] item: Sitrus Berry\n|faint|p1b: \ub9e5\ub3c4\ud604\n|\n|-sideend|p1: jkimkim1|move: Tailwind\n|upkeep\n|\n|t:|1739269459\n|switch|p1b: kingjames|Incineroar, L50, F|100\/100\n|-ability|p1b: kingjames|Intimidate|boost\n|-unboost|p2a: \u30b7\u30e3\u30ea\u30bf\u30c4|atk|1\n|-unboost|p2b: \u30df\u30e9\u30a4\u30c9\u30f3|atk|1\n|turn|5\n|\n|t:|1739269473\n|switch|p2b: \u30c6\u30c4\u30ce\u30ab\u30a4\u30ca|Iron Hands, L50|1\/100\n|-activate|p2b: \u30c6\u30c4\u30ce\u30ab\u30a4\u30ca|ability: Quark Drive\n|-start|p2b: \u30c6\u30c4\u30ce\u30ab\u30a4\u30ca|quarkdriveatk\n|move|p2a: \u30b7\u30e3\u30ea\u30bf\u30c4|Protect|p2a: \u30b7\u30e3\u30ea\u30bf\u30c4\n|-singleturn|p2a: \u30b7\u30e3\u30ea\u30bf\u30c4|Protect\n|move|p1b: kingjames|Fake Out|p2b: \u30c6\u30c4\u30ce\u30ab\u30a4\u30ca\n|-damage|p2b: \u30c6\u30c4\u30ce\u30ab\u30a4\u30ca|0 fnt\n|faint|p2b: \u30c6\u30c4\u30ce\u30ab\u30a4\u30ca\n|-end|p2b: \u30c6\u30c4\u30ce\u30ab\u30a4\u30ca|Quark Drive|[silent]\n|move|p1a: \uc0ac\uc2b9\ud5cc\ud06c\uc138|Psychic|p2a: \u30b7\u30e3\u30ea\u30bf\u30c4\n|-activate|p2a: \u30b7\u30e3\u30ea\u30bf\u30c4|move: Protect\n|\n|-fieldend|move: Electric Terrain\n|upkeep\n|\n|t:|1739269485\n|switch|p2b: \u30df\u30e9\u30a4\u30c9\u30f3|Miraidon, L50, tera:Fairy|14\/100\n|-fieldstart|move: Electric Terrain|[from] ability: Hadron Engine|[of] p2b: \u30df\u30e9\u30a4\u30c9\u30f3\n|turn|6\n|inactive|yukita_somaru has 30 seconds left.\n|inactive|yukita_somaru has 20 seconds left.\n|\n|t:|1739269521\n|move|p2b: \u30df\u30e9\u30a4\u30c9\u30f3|Dazzling Gleam|p1a: \uc0ac\uc2b9\ud5cc\ud06c\uc138|[spread] p1a,p1b\n|-damage|p1a: \uc0ac\uc2b9\ud5cc\ud06c\uc138|34\/100\n|-damage|p1b: kingjames|35\/100\n|move|p1b: kingjames|Knock Off|p2b: \u30df\u30e9\u30a4\u30c9\u30f3\n|-resisted|p2b: \u30df\u30e9\u30a4\u30c9\u30f3\n|-damage|p2b: \u30df\u30e9\u30a4\u30c9\u30f3|0 fnt\n|-enditem|p2b: \u30df\u30e9\u30a4\u30c9\u30f3|Choice Specs|[from] move: Knock Off|[of] p1b: kingjames\n|faint|p2b: \u30df\u30e9\u30a4\u30c9\u30f3\n|move|p2a: \u30b7\u30e3\u30ea\u30bf\u30c4|Muddy Water|p1b: kingjames|[spread] p1a,p1b\n|-supereffective|p1b: kingjames\n|-damage|p1a: \uc0ac\uc2b9\ud5cc\ud06c\uc138|12\/100\n|-damage|p1b: kingjames|0 fnt\n|-unboost|p1a: \uc0ac\uc2b9\ud5cc\ud06c\uc138|accuracy|1\n|faint|p1b: kingjames\n|move|p1a: \uc0ac\uc2b9\ud5cc\ud06c\uc138|Psychic|p2a: \u30b7\u30e3\u30ea\u30bf\u30c4|[miss]\n|-miss|p1a: \uc0ac\uc2b9\ud5cc\ud06c\uc138|p2a: \u30b7\u30e3\u30ea\u30bf\u30c4\n|\n|upkeep\n|\n|t:|1739269538\n|switch|p1b: Jayson tatum|Miraidon, L50, tera:Fairy|49\/100\n|-activate|p1b: Jayson tatum|ability: Hadron Engine\n|turn|7\n|\n|t:|1739269546\n|move|p1b: Jayson tatum|Dazzling Gleam|p2a: \u30b7\u30e3\u30ea\u30bf\u30c4\n|-supereffective|p2a: \u30b7\u30e3\u30ea\u30bf\u30c4\n|-damage|p2a: \u30b7\u30e3\u30ea\u30bf\u30c4|0 fnt\n|faint|p2a: \u30b7\u30e3\u30ea\u30bf\u30c4\n|\n|win|jkimkim1\n|raw|jkimkim1's rating: 1509 &rarr; <strong>1535<\/strong><br \/>(+26 for winning)\n|raw|yukita_somaru's rating: 1609 &rarr; <strong>1583<\/strong><br \/>(-26 for losing)\n|l|\u2606yukita_somaru\n|player|p2|\n","uploadtime":1739269710,"views":4,"formatid":"gen9vgc2025regg","rating":1535,"private":0,"password":null}