{"id":"gen9vgc2025regg-2298630553","format":"[Gen 9] VGC 2025 Reg G","players":["ragionBolte","InfinityGroudon"],"log":"|j|\u2606ragionBolte\n|j|\u2606InfinityGroudon\n|t:|1739279006\n|gametype|doubles\n|player|p1|ragionBolte|266|1582\n|player|p2|InfinityGroudon|102|1706\n|teamsize|p1|6\n|teamsize|p2|6\n|gen|9\n|tier|[Gen 9] VGC 2025 Reg G\n|rated|\n|rule|Species Clause: Limit one of each Pok\u00e9mon\n|rule|Item Clause: Limit 1 of each item\n|clearpoke\n|poke|p1|Calyrex-Ice, L50|\n|poke|p1|Urshifu-*, L50, F|\n|poke|p1|Incineroar, L50, F|\n|poke|p1|Ogerpon-Cornerstone, L50, F|\n|poke|p1|Raging Bolt, L50|\n|poke|p1|Spectrier, L50|\n|poke|p2|Calyrex-Shadow, L50|\n|poke|p2|Incineroar, L50, M|\n|poke|p2|Weezing-Galar, L50, M|\n|poke|p2|Indeedee-F, L50, F|\n|poke|p2|Iron Valiant, L50|\n|poke|p2|Ursaluna-Bloodmoon, L50, M|\n|teampreview|4\n|inactive|Battle timer is ON: inactive players will automatically lose when time's up. (requested by ragionBolte)\n|\n|t:|1739279033\n|start\n|switch|p1a: Spectrier|Spectrier, L50|100\/100\n|switch|p1b: Incineroar|Incineroar, L50, F|100\/100\n|switch|p2a: Mr. Gassy|Weezing-Galar, L50, M|100\/100\n|switch|p2b: Charming|Iron Valiant, L50, shiny|100\/100\n|-ability|p2a: Mr. Gassy|Neutralizing Gas\n|turn|1\n|\n|t:|1739279051\n|-end|p2a: Mr. Gassy|ability: Neutralizing Gas\n|-ability|p1b: Incineroar|Intimidate|boost\n|-unboost|p2a: Mr. Gassy|atk|1\n|-unboost|p2b: Charming|atk|1\n|switch|p2a: Suthen|Indeedee-F, L50, F|100\/100\n|-enditem|p2b: Charming|Booster Energy\n|-activate|p2b: Charming|ability: Quark Drive|[fromitem]\n|-start|p2b: Charming|quarkdrivespe\n|-fieldstart|move: Psychic Terrain|[from] ability: Psychic Surge|[of] p2a: Suthen\n|move|p1b: Incineroar|Fake Out|p2b: Charming\n|-activate|p2b: Charming|move: Psychic Terrain\n|move|p2b: Charming|Close Combat|p1b: Incineroar\n|-supereffective|p1b: Incineroar\n|-damage|p1b: Incineroar|27\/100\n|-unboost|p2b: Charming|def|1\n|-unboost|p2b: Charming|spd|1\n|move|p1a: Spectrier|Nasty Plot|p1a: Spectrier\n|-boost|p1a: Spectrier|spa|2\n|\n|upkeep\n|turn|2\n|inactive|ragionBolte has 30 seconds left.\n|\n|t:|1739279079\n|move|p2a: Suthen|Follow Me|p2a: Suthen\n|-singleturn|p2a: Suthen|move: Follow Me\n|move|p2b: Charming|Spirit Break|p1a: Spectrier\n|-damage|p1a: Spectrier|77\/100\n|-unboost|p1a: Spectrier|spa|1\n|-damage|p2b: Charming|84\/100|[from] item: Rocky Helmet|[of] p1a: Spectrier\n|move|p1a: Spectrier|Draining Kiss|p2a: Suthen\n|-damage|p2a: Suthen|78\/100\n|-heal|p1a: Spectrier|92\/100|[from] drain|[of] p2a: Suthen\n|-damage|p1a: Spectrier|75\/100|[from] item: Rocky Helmet|[of] p2a: Suthen\n|move|p1b: Incineroar|Knock Off|p2a: Suthen\n|-supereffective|p2a: Suthen\n|-damage|p2a: Suthen|0 fnt\n|-damage|p1b: Incineroar|11\/100|[from] item: Rocky Helmet|[of] p2a: Suthen\n|-enditem|p2a: Suthen|Rocky Helmet|[from] move: Knock Off|[of] p1b: Incineroar\n|faint|p2a: Suthen\n|\n|upkeep\n|\n|t:|1739279088\n|switch|p2a: Duncan|Calyrex-Shadow, L50|100\/100\n|-ability|p2a: Duncan|As One\n|-ability|p2a: Duncan|Unnerve\n|turn|3\n|inactive|ragionBolte has 30 seconds left.\n|\n|t:|1739279118\n|switch|p1b: Urshifu|Urshifu-Rapid-Strike, L50, F|100\/100\n|move|p1a: Spectrier|Protect|p1a: Spectrier\n|-singleturn|p1a: Spectrier|Protect\n|move|p2b: Charming|Close Combat|p1b: Urshifu\n|-damage|p1b: Urshifu|61\/100\n|-unboost|p2b: Charming|def|1\n|-unboost|p2b: Charming|spd|1\n|move|p2a: Duncan|Expanding Force|p1b: Urshifu|[spread] p1b\n|-activate|p1a: Spectrier|move: Protect\n|-supereffective|p1b: Urshifu\n|-damage|p1b: Urshifu|0 fnt\n|faint|p1b: Urshifu\n|-ability|p2a: Duncan|Grim Neigh|boost\n|-boost|p2a: Duncan|spa|1\n|-damage|p2a: Duncan|91\/100|[from] item: Life Orb\n|\n|upkeep\n|\n|t:|1739279132\n|switch|p1b: Incineroar|Incineroar, L50, F|11\/100\n|-ability|p1b: Incineroar|Intimidate|boost\n|-unboost|p2a: Duncan|atk|1\n|-unboost|p2b: Charming|atk|1\n|turn|4\n|\n|t:|1739279140\n|-terastallize|p1a: Spectrier|Dark\n|move|p2b: Charming|Close Combat|p1b: Incineroar\n|-supereffective|p1b: Incineroar\n|-damage|p1b: Incineroar|0 fnt\n|-unboost|p2b: Charming|def|1\n|-unboost|p2b: Charming|spd|1\n|faint|p1b: Incineroar\n|move|p2a: Duncan|Expanding Force|p1a: Spectrier\n|-immune|p1a: Spectrier\n|move|p1a: Spectrier|Shadow Ball|p2a: Duncan\n|-supereffective|p2a: Duncan\n|-damage|p2a: Duncan|0 fnt\n|faint|p2a: Duncan\n|-ability|p1a: Spectrier|Grim Neigh|boost\n|-boost|p1a: Spectrier|spa|1\n|\n|upkeep\n|\n|t:|1739279154\n|switch|p2a: Mr. Gassy|Weezing-Galar, L50, M|100\/100\n|switch|p1b: Calyrex|Calyrex-Ice, L50|100\/100\n|-ability|p2a: Mr. Gassy|Neutralizing Gas\n|-ability|p1b: Calyrex|As One\n|-ability|p1b: Calyrex|Unnerve\n|turn|5\n|\n|t:|1739279168\n|move|p2b: Charming|Close Combat|p1a: Spectrier\n|-supereffective|p1a: Spectrier\n|-damage|p1a: Spectrier|9\/100\n|-unboost|p2b: Charming|def|1\n|-unboost|p2b: Charming|spd|1\n|-damage|p2b: Charming|67\/100|[from] item: Rocky Helmet|[of] p1a: Spectrier\n|move|p1a: Spectrier|Draining Kiss|p2b: Charming\n|-supereffective|p2b: Charming\n|-damage|p2b: Charming|0 fnt\n|-heal|p1a: Spectrier|50\/100|[from] drain|[of] p2b: Charming\n|faint|p2b: Charming\n|-end|p2b: Charming|Quark Drive|[silent]\n|move|p1b: Calyrex|High Horsepower|p2a: Mr. Gassy\n|-supereffective|p2a: Mr. Gassy\n|-damage|p2a: Mr. Gassy|31\/100\n|move|p2a: Mr. Gassy|Will-O-Wisp|p1b: Calyrex\n|-status|p1b: Calyrex|brn\n|\n|-damage|p1b: Calyrex|95\/100 brn|[from] brn\n|-fieldend|move: Psychic Terrain\n|upkeep\n|turn|6\n|-message|InfinityGroudon forfeited.\n|\n|win|ragionBolte\n|raw|ragionBolte's rating: 1582 &rarr; <strong>1609<\/strong><br \/>(+27 for winning)\n|raw|InfinityGroudon's rating: 1706 &rarr; <strong>1679<\/strong><br \/>(-27 for losing)\n|l|\u2606InfinityGroudon\n|player|p2|\n|l|\u2606ragionBolte\n|player|p1|\n","uploadtime":1739279386,"views":11,"formatid":"gen9vgc2025regg","rating":1609,"private":0,"password":null}