{"id":"gen9vgc2025regg-2298258725","format":"[Gen 9] VGC 2025 Reg G","players":["Playeroo7","Lukyaq"],"log":"|j|\u2606Playeroo7\n|j|\u2606Lukyaq\n|t:|1739223795\n|gametype|doubles\n|player|p1|Playeroo7|169|1572\n|player|p2|Lukyaq|pokefan-gen4|1509\n|teamsize|p1|6\n|teamsize|p2|6\n|gen|9\n|tier|[Gen 9] VGC 2025 Reg G\n|rated|\n|rule|Species Clause: Limit one of each Pok\u00e9mon\n|rule|Item Clause: Limit 1 of each item\n|clearpoke\n|poke|p1|Calyrex-Ice, L50|\n|poke|p1|Grimmsnarl, L50, M|\n|poke|p1|Iron Hands, L50|\n|poke|p1|Heatran, L50, F|\n|poke|p1|Amoonguss, L50, M|\n|poke|p1|Landorus, L50, M|\n|poke|p2|Calyrex-Shadow, L50|\n|poke|p2|Suicune, L50|\n|poke|p2|Smeargle, L50, F|\n|poke|p2|Urshifu-*, L50, F|\n|poke|p2|Flutter Mane, L50|\n|poke|p2|Indeedee-F, L50, F|\n|teampreview|4\n|inactive|Battle timer is ON: inactive players will automatically lose when time's up. (requested by Playeroo7)\n|inactive|Lukyaq has 60 seconds left.\nPlayeroo7 has agreed to open team sheets.\n|inactive|Lukyaq has 30 seconds left.\n|inactive|Lukyaq has 20 seconds left.\n|inactive|Lukyaq has 15 seconds left.\n|\n|t:|1739223873\n|start\n|switch|p1a: Grimmsnarl|Grimmsnarl, L50, M|100\/100\n|switch|p1b: Heatran|Heatran, L50, F|100\/100\n|switch|p2a: Calyrex|Calyrex-Shadow, L50|100\/100\n|switch|p2b: Indeedee|Indeedee-F, L50, F|100\/100\n|-ability|p2a: Calyrex|As One\n|-ability|p2a: Calyrex|Unnerve\n|-fieldstart|move: Psychic Terrain|[from] ability: Psychic Surge|[of] p2b: Indeedee\n|turn|1\n|j| BionicFox\n|inactive|Lukyaq has 30 seconds left.\n|\n|t:|1739223905\n|-terastallize|p2a: Calyrex|Ghost\n|move|p2b: Indeedee|Helping Hand|p2a: Calyrex\n|-singleturn|p2a: Calyrex|Helping Hand|[of] p2b: Indeedee\n|move|p1b: Heatran|Protect|p1b: Heatran\n|-singleturn|p1b: Heatran|Protect\n|move|p2a: Calyrex|Astral Barrage|p1a: Grimmsnarl|[spread] p1a\n|-activate|p1b: Heatran|move: Protect\n|-resisted|p1a: Grimmsnarl\n|-damage|p1a: Grimmsnarl|21\/100\n|move|p1a: Grimmsnarl|Spirit Break|p2a: Calyrex\n|-damage|p2a: Calyrex|66\/100\n|-unboost|p2a: Calyrex|spa|1\n|\n|upkeep\n|turn|2\n|\n|t:|1739223926\n|move|p2b: Indeedee|Helping Hand|p2a: Calyrex\n|-singleturn|p2a: Calyrex|Helping Hand|[of] p2b: Indeedee\n|move|p1a: Grimmsnarl|Light Screen|p1a: Grimmsnarl\n|-sidestart|p1: Playeroo7|move: Light Screen\n|move|p2a: Calyrex|Astral Barrage|p1a: Grimmsnarl|[spread] p1a,p1b\n|-resisted|p1a: Grimmsnarl\n|-damage|p1a: Grimmsnarl|0 fnt\n|-damage|p1b: Heatran|35\/100\n|faint|p1a: Grimmsnarl\n|-ability|p2a: Calyrex|Grim Neigh|boost\n|-boost|p2a: Calyrex|spa|1\n|move|p1b: Heatran|Heat Wave|p2b: Indeedee|[spread] p2a,p2b\n|-damage|p2a: Calyrex|25\/100\n|-damage|p2b: Indeedee|67\/100\n|\n|-heal|p1b: Heatran|42\/100|[from] item: Leftovers\n|upkeep\n|\n|t:|1739223938\n|switch|p1a: Calyrex|Calyrex-Ice, L50|100\/100\n|-ability|p1a: Calyrex|As One\n|-ability|p1a: Calyrex|Unnerve\n|turn|3\n|\n|t:|1739223956\n|-terastallize|p1a: Calyrex|Water\n|move|p2b: Indeedee|Helping Hand|p2a: Calyrex\n|-singleturn|p2a: Calyrex|Helping Hand|[of] p2b: Indeedee\n|move|p1b: Heatran|Protect|p1b: Heatran\n|-singleturn|p1b: Heatran|Protect\n|move|p2a: Calyrex|Astral Barrage|p1b: Heatran|[spread] p1a\n|-activate|p1b: Heatran|move: Protect\n|-damage|p1a: Calyrex|24\/100\n|move|p1a: Calyrex|Trick Room|p1a: Calyrex\n|-fieldstart|move: Trick Room|[of] p1a: Calyrex\n|\n|-heal|p1b: Heatran|48\/100|[from] item: Leftovers\n|upkeep\n|turn|4\n|inactive|Lukyaq has 30 seconds left.\n|inactive|Lukyaq has 20 seconds left.\n|\n|t:|1739223991\n|switch|p2a: Suicune|Suicune, L50, shiny|100\/100\n|move|p1a: Calyrex|Glacial Lance|p2a: Suicune|[spread] p2a,p2b\n|-resisted|p2a: Suicune\n|-damage|p2a: Suicune|80\/100\n|-damage|p2b: Indeedee|4\/100\n|move|p2b: Indeedee|Psychic|p1a: Calyrex\n|-damage|p1a: Calyrex|7\/100\n|move|p1b: Heatran|Heat Wave|p2a: Suicune|[spread] p2a,p2b\n|-resisted|p2a: Suicune\n|-damage|p2a: Suicune|67\/100\n|-damage|p2b: Indeedee|0 fnt\n|faint|p2b: Indeedee\n|\n|-heal|p2a: Suicune|73\/100|[from] item: Leftovers\n|-heal|p1b: Heatran|54\/100|[from] item: Leftovers\n|upkeep\n|\n|t:|1739224014\n|switch|p2b: Urshifu|Urshifu, L50, F|100\/100\n|turn|5\n|\n|t:|1739224028\n|move|p2b: Urshifu|Detect|p2b: Urshifu\n|-singleturn|p2b: Urshifu|Protect\n|move|p1a: Calyrex|Glacial Lance|p2a: Suicune|[spread] p2a\n|-activate|p2b: Urshifu|move: Protect\n|-resisted|p2a: Suicune\n|-damage|p2a: Suicune|55\/100\n|move|p2a: Suicune|Snarl|p1b: Heatran|[spread] p1a,p1b\n|-damage|p1a: Calyrex|2\/100\n|-damage|p1b: Heatran|49\/100\n|-unboost|p1b: Heatran|spa|1\n|move|p1b: Heatran|Earth Power|p2b: Urshifu\n|-activate|p2b: Urshifu|move: Protect\n|\n|-heal|p2a: Suicune|60\/100|[from] item: Leftovers\n|-heal|p1b: Heatran|56\/100|[from] item: Leftovers\n|-fieldend|move: Psychic Terrain\n|upkeep\n|turn|6\n|inactive|Lukyaq has 30 seconds left.\n|\n|t:|1739224057\n|switch|p1a: Iron Hands|Iron Hands, L50|100\/100\n|move|p2b: Urshifu|Sucker Punch||[still]\n|-fail|p2b: Urshifu\n|move|p2a: Suicune|Snarl|p1b: Heatran|[spread] p1a,p1b\n|-resisted|p1a: Iron Hands\n|-damage|p1a: Iron Hands|99\/100\n|-damage|p1b: Heatran|51\/100\n|-unboost|p1a: Iron Hands|spa|1\n|-unboost|p1b: Heatran|spa|1\n|move|p1b: Heatran|Heat Wave|p2a: Suicune|[spread] p2b\n|-miss|p1b: Heatran|p2a: Suicune\n|-damage|p2b: Urshifu|74\/100\n|\n|-heal|p2a: Suicune|66\/100|[from] item: Leftovers\n|-heal|p1b: Heatran|57\/100|[from] item: Leftovers\n|upkeep\n|turn|7\n|inactive|Lukyaq has 30 seconds left.\n|\n|t:|1739224090\n|switch|p1b: Calyrex|Calyrex-Ice, L50, tera:Water|2\/100\n|-ability|p1b: Calyrex|As One\n|-ability|p1b: Calyrex|Unnerve\n|move|p2b: Urshifu|Detect|p2b: Urshifu\n|-singleturn|p2b: Urshifu|Protect\n|move|p1a: Iron Hands|Wild Charge|p2a: Suicune\n|-supereffective|p2a: Suicune\n|-damage|p2a: Suicune|0 fnt\n|faint|p2a: Suicune\n|-damage|p1a: Iron Hands|85\/100|[from] Recoil\n|\n|-fieldend|move: Trick Room\n|upkeep\n|\n|t:|1739224105\n|switch|p2a: Calyrex|Calyrex-Shadow, L50, tera:Ghost|25\/100\n|-ability|p2a: Calyrex|As One\n|-ability|p2a: Calyrex|Unnerve\n|turn|8\n|\n|t:|1739224125\n|move|p1b: Calyrex|Protect|p1b: Calyrex\n|-singleturn|p1b: Calyrex|Protect\n|move|p2a: Calyrex|Astral Barrage|p1a: Iron Hands|[spread] p1a\n|-activate|p1b: Calyrex|move: Protect\n|-damage|p1a: Iron Hands|48\/100\n|move|p2b: Urshifu|Close Combat|p1a: Iron Hands\n|-damage|p1a: Iron Hands|0 fnt\n|-unboost|p2b: Urshifu|def|1\n|-unboost|p2b: Urshifu|spd|1\n|faint|p1a: Iron Hands\n|-end|p1a: Iron Hands|Quark Drive|[silent]\n|\n|upkeep\n|\n|t:|1739224135\n|switch|p1a: Heatran|Heatran, L50, F|57\/100\n|turn|9\n|\n|t:|1739224148\n|move|p2a: Calyrex|Astral Barrage|p1b: Calyrex|[spread] p1a,p1b\n|-damage|p1a: Heatran|0 fnt\n|-damage|p1b: Calyrex|0 fnt\n|faint|p1a: Heatran\n|faint|p1b: Calyrex\n|\n|win|Lukyaq\n|raw|Playeroo7's rating: 1572 &rarr; <strong>1548<\/strong><br \/>(-24 for losing)\n|raw|Lukyaq's rating: 1509 &rarr; <strong>1533<\/strong><br \/>(+24 for winning)\n|l|\u2606Playeroo7\n|player|p1|\n|l|\u2606Lukyaq\n|player|p2|\n|l| BionicFox\n","uploadtime":1739224391,"views":5,"formatid":"gen9vgc2025regg","rating":1533,"private":0,"password":null}