{"id":"gen9vgc2025regg-2298294184","format":"[Gen 9] VGC 2025 Reg G","players":["kanotake","KabutoVGC"],"log":"|j|\u2606kanotake\n|j|\u2606KabutoVGC\n|t:|1739227733\n|gametype|doubles\n|player|p1|kanotake|169|1563\n|player|p2|KabutoVGC|170|1519\n|teamsize|p1|6\n|teamsize|p2|6\n|gen|9\n|tier|[Gen 9] VGC 2025 Reg G\n|rated|\n|rule|Species Clause: Limit one of each Pok\u00e9mon\n|rule|Item Clause: Limit 1 of each item\n|clearpoke\n|poke|p1|Calyrex-Ice, L50|\n|poke|p1|Indeedee-F, L50, F|\n|poke|p1|Heatran, L50, F|\n|poke|p1|Iron Valiant, L50|\n|poke|p1|Annihilape, L50, M|\n|poke|p1|Sinistcha, L50|\n|poke|p2|Talonflame, L50, F|\n|poke|p2|Regidrago, L50|\n|poke|p2|Urshifu-*, L50, F|\n|poke|p2|Calyrex-Ice, L50|\n|poke|p2|Gholdengo, L50|\n|poke|p2|Chi-Yu, L50|\n|teampreview|4\n|inactive|Battle timer is ON: inactive players will automatically lose when time's up. (requested by KabutoVGC)\n|j| Meiser63\n|\n|t:|1739227815\n|start\n|switch|p1a: Calyrex|Calyrex-Ice, L50|100\/100\n|switch|p1b: Annihilape|Annihilape, L50, M|100\/100\n|switch|p2a: Talonflame|Talonflame, L50, F|100\/100\n|switch|p2b: Calyrex|Calyrex-Ice, L50|100\/100\n|-ability|p2b: Calyrex|As One\n|-ability|p2b: Calyrex|Unnerve\n|-ability|p1a: Calyrex|As One\n|-ability|p1a: Calyrex|Unnerve\n|turn|1\n|j| Funn yIy\n|inactive|kanotake has 30 seconds left.\n|\n|t:|1739227843\n|move|p2a: Talonflame|Brave Bird|p1b: Annihilape\n|-supereffective|p1b: Annihilape\n|-enditem|p1b: Annihilape|Focus Sash\n|-damage|p1b: Annihilape|1\/100\n|-damage|p2a: Talonflame|61\/100|[from] Recoil\n|move|p1b: Annihilape|Coaching|p1a: Calyrex\n|-boost|p1a: Calyrex|atk|1\n|-boost|p1a: Calyrex|def|1\n|move|p2b: Calyrex|Imprison|p2b: Calyrex\n|-start|p2b: Calyrex|move: Imprison\n|cant|p1a: Calyrex|move: Imprison|Glacial Lance\n|\n|upkeep\n|turn|2\n|c|\u2606KabutoVGC|Rofl\n|inactive|kanotake has 30 seconds left.\n|inactive|kanotake has 20 seconds left.\n|\n|t:|1739227882\n|switch|p1b: Heatran|Heatran, L50, F|100\/100\n|-terastallize|p1a: Calyrex|Water\n|move|p2a: Talonflame|Tailwind|p2a: Talonflame\n|-sidestart|p2: KabutoVGC|move: Tailwind\n|move|p2b: Calyrex|Glacial Lance|p1b: Heatran|[spread] p1a,p1b\n|-resisted|p1a: Calyrex\n|-resisted|p1b: Heatran\n|-damage|p1a: Calyrex|88\/100\n|-damage|p1b: Heatran|90\/100\n|move|p1a: Calyrex|Throat Chop|p2a: Talonflame\n|-damage|p2a: Talonflame|0 fnt\n|faint|p2a: Talonflame\n|-ability|p1a: Calyrex|Chilling Neigh|boost\n|-boost|p1a: Calyrex|atk|1\n|\n|upkeep\n|j| Therazer456\n|\n|t:|1739227903\n|switch|p2a: Gholdengo|Gholdengo, L50|100\/100\n|turn|3\n|\n|t:|1739227918\n|-terastallize|p2b: Calyrex|Water\n|move|p1b: Heatran|Protect|p1b: Heatran\n|-singleturn|p1b: Heatran|Protect\n|move|p2a: Gholdengo|Thunderbolt|p1a: Calyrex\n|-supereffective|p1a: Calyrex\n|-damage|p1a: Calyrex|42\/100\n|-damage|p2a: Gholdengo|91\/100|[from] item: Life Orb\n|move|p2b: Calyrex|High Horsepower|p1b: Heatran\n|-activate|p1b: Heatran|move: Protect\n|move|p1a: Calyrex|Throat Chop|p2a: Gholdengo\n|-supereffective|p2a: Gholdengo\n|-damage|p2a: Gholdengo|0 fnt\n|faint|p2a: Gholdengo\n|-ability|p1a: Calyrex|Chilling Neigh|boost\n|-boost|p1a: Calyrex|atk|1\n|\n|upkeep\n|\n|t:|1739227922\n|switch|p2a: Urshifu|Urshifu, L50, F|100\/100\n|turn|4\n|\n|t:|1739227944\n|move|p2a: Urshifu|Wicked Blow|p1a: Calyrex\n|-crit|p1a: Calyrex\n|-damage|p1a: Calyrex|7\/100\n|move|p2b: Calyrex|Glacial Lance|p1b: Heatran|[spread] p1a,p1b\n|-resisted|p1a: Calyrex\n|-resisted|p1b: Heatran\n|-damage|p1a: Calyrex|0 fnt\n|-damage|p1b: Heatran|79\/100\n|faint|p1a: Calyrex\n|-ability|p2b: Calyrex|Chilling Neigh|boost\n|-boost|p2b: Calyrex|atk|1\n|move|p1b: Heatran|Will-O-Wisp|p2b: Calyrex\n|-status|p2b: Calyrex|brn\n|\n|-damage|p2b: Calyrex|94\/100 brn|[from] brn\n|upkeep\n|\n|t:|1739227967\n|switch|p1a: Indeedee|Indeedee-F, L50, F|100\/100\n|-fieldstart|move: Psychic Terrain|[from] ability: Psychic Surge|[of] p1a: Indeedee\n|-enditem|p1a: Indeedee|Psychic Seed\n|-boost|p1a: Indeedee|spd|1|[from] item: Psychic Seed\n|turn|5\n|\n|t:|1739227987\n|move|p2a: Urshifu|Close Combat|p1b: Heatran\n|-supereffective|p1b: Heatran\n|-damage|p1b: Heatran|0 fnt\n|-unboost|p2a: Urshifu|def|1\n|-unboost|p2a: Urshifu|spd|1\n|faint|p1b: Heatran\n|move|p2b: Calyrex|Glacial Lance|p1a: Indeedee\n|-damage|p1a: Indeedee|46\/100\n|move|p1a: Indeedee|Psychic|p2b: Calyrex\n|-damage|p2b: Calyrex|62\/100 brn\n|\n|-damage|p2b: Calyrex|56\/100 brn|[from] brn\n|-sideend|p2: KabutoVGC|move: Tailwind\n|upkeep\n|\n|t:|1739228001\n|switch|p1b: Annihilape|Annihilape, L50, M|1\/100\n|turn|6\n|c|\u2606KabutoVGC|Gg\n|\n|t:|1739228012\n|move|p1a: Indeedee|Follow Me|p1a: Indeedee\n|-singleturn|p1a: Indeedee|move: Follow Me\n|move|p1b: Annihilape|Rage Fist|p2b: Calyrex\n|-damage|p2b: Calyrex|20\/100 brn\n|move|p2a: Urshifu|Wicked Blow|p1a: Indeedee\n|-supereffective|p1a: Indeedee\n|-crit|p1a: Indeedee\n|-damage|p1a: Indeedee|0 fnt\n|faint|p1a: Indeedee\n|move|p2b: Calyrex|Glacial Lance|p1b: Annihilape\n|-crit|p1b: Annihilape\n|-damage|p1b: Annihilape|0 fnt\n|faint|p1b: Annihilape\n|\n|win|KabutoVGC\n|raw|kanotake's rating: 1563 &rarr; <strong>1540<\/strong><br \/>(-23 for losing)\n|raw|KabutoVGC's rating: 1519 &rarr; <strong>1542<\/strong><br \/>(+23 for winning)\n|l| Therazer456\n|l| Meiser63\n|l|\u2606kanotake\n|player|p1|\n|l| Funn yIy\n|l|\u2606KabutoVGC\n|player|p2|\n","uploadtime":1739228262,"views":4,"formatid":"gen9vgc2025regg","rating":1540,"private":0,"password":null}