{"id":"gen9vgc2025regg-2298088034","format":"[Gen 9] VGC 2025 Reg G","players":["bluestraggler02","heyBeteritsVGC"],"log":"|j|\u203dbluestraggler02\n|j|\u2606heyBeteritsVGC\n|t:|1739206950\n|gametype|doubles\n|player|p1|bluestraggler02|265|1569\n|player|p2|heyBeteritsVGC|101|1571\n|teamsize|p1|6\n|teamsize|p2|6\n|gen|9\n|tier|[Gen 9] VGC 2025 Reg G\n|rated|\n|rule|Species Clause: Limit one of each Pok\u00e9mon\n|rule|Item Clause: Limit 1 of each item\n|clearpoke\n|poke|p1|Zamazenta-*, L50|\n|poke|p1|Roaring Moon, L50|\n|poke|p1|Landorus, L50, M|\n|poke|p1|Pelipper, L50, F|\n|poke|p1|Urshifu-*, L50, F|\n|poke|p1|Amoonguss, L50, M|\n|poke|p2|Dialga-Origin, L50|\n|poke|p2|Flutter Mane, L50|\n|poke|p2|Raging Bolt, L50|\n|poke|p2|Ursaluna, L50, F|\n|poke|p2|Volcarona, L50, F|\n|poke|p2|Smeargle, L50, M|\n|teampreview|4\n|inactive|Battle timer is ON: inactive players will automatically lose when time's up. (requested by heyBeteritsVGC)\nbluestraggler02 rejected open team sheets.\n|inactive|heyBeteritsVGC has 60 seconds left.\n|\n|t:|1739207002\n|start\n|switch|p1a: Urshifu|Urshifu-Rapid-Strike, L50, F|100\/100\n|switch|p1b: Amoonguss|Amoonguss, L50, M|100\/100\n|switch|p2a: Dialga|Dialga-Origin, L50|100\/100\n|switch|p2b: Flutter Mane|Flutter Mane, L50|100\/100\n|-enditem|p2b: Flutter Mane|Booster Energy\n|-activate|p2b: Flutter Mane|ability: Protosynthesis|[fromitem]\n|-start|p2b: Flutter Mane|protosynthesisspe\n|turn|1\n|j| The_Beast1440\n|inactive|bluestraggler02 has 30 seconds left.\n|\n|t:|1739207035\n|move|p2b: Flutter Mane|Icy Wind|p1b: Amoonguss|[spread] p1a,p1b\n|-resisted|p1a: Urshifu\n|-supereffective|p1b: Amoonguss\n|-damage|p1a: Urshifu|92\/100\n|-damage|p1b: Amoonguss|75\/100\n|-unboost|p1a: Urshifu|spe|1\n|move|p2a: Dialga|Draco Meteor|p1b: Amoonguss\n|-damage|p1b: Amoonguss|0 fnt\n|-unboost|p2a: Dialga|spa|2\n|faint|p1b: Amoonguss\n|move|p1a: Urshifu|Surging Strikes|p2b: Flutter Mane\n|-crit|p2b: Flutter Mane\n|-damage|p2b: Flutter Mane|54\/100\n|-crit|p2b: Flutter Mane\n|-damage|p2b: Flutter Mane|7\/100\n|-crit|p2b: Flutter Mane\n|-damage|p2b: Flutter Mane|0 fnt\n|faint|p2b: Flutter Mane\n|-end|p2b: Flutter Mane|Protosynthesis|[silent]\n|-hitcount|p2: Flutter Mane|3\n|\n|upkeep\n|\n|t:|1739207048\n|switch|p2b: Raging Bolt|Raging Bolt, L50|100\/100\n|switch|p1b: Zamazenta|Zamazenta-Crowned, L50|100\/100\n|-ability|p1b: Zamazenta|Dauntless Shield|boost\n|-boost|p1b: Zamazenta|def|1\n|turn|2\n|\n|t:|1739207071\n|switch|p2a: Volcarona|Volcarona, L50, F|100\/100\n|-terastallize|p1a: Urshifu|Grass\n|move|p1b: Zamazenta|Body Press|p2b: Raging Bolt\n|-damage|p2b: Raging Bolt|43\/100\n|move|p2b: Raging Bolt|Discharge|p1a: Urshifu|[spread] p2a,p1a,p1b\n|-resisted|p1a: Urshifu\n|-damage|p2a: Volcarona|73\/100\n|-damage|p1a: Urshifu|70\/100\n|-damage|p1b: Zamazenta|72\/100\n|move|p1a: Urshifu|Close Combat|p2b: Raging Bolt\n|-damage|p2b: Raging Bolt|0 fnt\n|-unboost|p1a: Urshifu|def|1\n|-unboost|p1a: Urshifu|spd|1\n|faint|p2b: Raging Bolt\n|-end|p2b: Raging Bolt|Protosynthesis|[silent]\n|\n|upkeep\n|\n|t:|1739207083\n|switch|p2b: Dialga|Dialga-Origin, L50|100\/100\n|turn|3\n|j| dariuspoopsythe3rd\n|\n|t:|1739207103\n|switch|p1a: Pelipper|Pelipper, L50, F|100\/100\n|-weather|RainDance|[from] ability: Drizzle|[of] p1a: Pelipper\n|-terastallize|p2b: Dialga|Bug\n|move|p1b: Zamazenta|Protect|p1b: Zamazenta\n|-singleturn|p1b: Zamazenta|Protect\n|move|p2a: Volcarona|Tailwind|p2a: Volcarona\n|-sidestart|p2: heyBeteritsVGC|move: Tailwind\n|move|p2b: Dialga|Flash Cannon|p1a: Pelipper\n|-resisted|p1a: Pelipper\n|-damage|p1a: Pelipper|58\/100\n|\n|-weather|RainDance|[upkeep]\n|upkeep\n|turn|4\n|l| dariuspoopsythe3rd\n|inactive|bluestraggler02 has 30 seconds left.\n|inactive|heyBeteritsVGC has 30 seconds left.\n|inactive|heyBeteritsVGC has 20 seconds left.\n|inactive|heyBeteritsVGC has 15 seconds left.\n|\n|t:|1739207148\n|move|p2a: Volcarona|Overheat|p1b: Zamazenta\n|-supereffective|p1b: Zamazenta\n|-damage|p1b: Zamazenta|31\/100\n|-unboost|p2a: Volcarona|spa|2\n|move|p2b: Dialga|Draco Meteor|p1a: Pelipper\n|-damage|p1a: Pelipper|0 fnt\n|-unboost|p2b: Dialga|spa|2\n|faint|p1a: Pelipper\n|move|p1b: Zamazenta|Iron Defense|p1b: Zamazenta\n|-boost|p1b: Zamazenta|def|2\n|\n|-weather|RainDance|[upkeep]\n|upkeep\n|\n|t:|1739207155\n|switch|p1a: Urshifu|Urshifu-Rapid-Strike, L50, F, tera:Grass|70\/100\n|turn|5\n|\n|t:|1739207174\n|move|p1a: Urshifu|Detect|p1a: Urshifu\n|-singleturn|p1a: Urshifu|Protect\n|move|p2a: Volcarona|Rage Powder|p2a: Volcarona\n|-singleturn|p2a: Volcarona|move: Rage Powder\n|move|p2b: Dialga|Draco Meteor|p1a: Urshifu\n|-activate|p1a: Urshifu|move: Protect\n|move|p1b: Zamazenta|Body Press|p2a: Volcarona\n|-resisted|p2a: Volcarona\n|-damage|p2a: Volcarona|22\/100\n|-damage|p1b: Zamazenta|14\/100|[from] item: Rocky Helmet|[of] p2a: Volcarona\n|\n|-weather|RainDance|[upkeep]\n|upkeep\n|turn|6\n|j| Baguettezzz\n|j| EllAkuro\n|inactive|bluestraggler02 has 30 seconds left.\n|inactive|heyBeteritsVGC has 30 seconds left.\n|inactive|heyBeteritsVGC has 20 seconds left.\n|inactive|heyBeteritsVGC has 15 seconds left.\n|inactive|heyBeteritsVGC has 10 seconds left.\n|\n|t:|1739207219\n|move|p1b: Zamazenta|Protect|p1b: Zamazenta\n|-singleturn|p1b: Zamazenta|Protect\n|move|p2a: Volcarona|Overheat|p1b: Zamazenta\n|-activate|p1b: Zamazenta|move: Protect\n|move|p2b: Dialga|Draco Meteor|p1b: Zamazenta\n|-activate|p1b: Zamazenta|move: Protect\n|move|p1a: Urshifu|Surging Strikes|p2a: Volcarona\n|-supereffective|p2a: Volcarona\n|-crit|p2a: Volcarona\n|-damage|p2a: Volcarona|0 fnt\n|-damage|p1a: Urshifu|53\/100|[from] item: Rocky Helmet|[of] p2a: Volcarona\n|-status|p1a: Urshifu|brn|[from] ability: Flame Body|[of] p2a: Volcarona\n|faint|p2a: Volcarona\n|-hitcount|p2: Volcarona|1\n|\n|-weather|RainDance|[upkeep]\n|-damage|p1a: Urshifu|48\/100 brn|[from] brn\n|-sideend|p2: heyBeteritsVGC|move: Tailwind\n|upkeep\n|turn|7\n|\n|t:|1739207236\n|move|p1b: Zamazenta|Body Press|p2b: Dialga\n|-resisted|p2b: Dialga\n|-damage|p2b: Dialga|57\/100\n|move|p1a: Urshifu|Surging Strikes|p2b: Dialga\n|-crit|p2b: Dialga\n|-damage|p2b: Dialga|44\/100\n|-crit|p2b: Dialga\n|-damage|p2b: Dialga|31\/100\n|-crit|p2b: Dialga\n|-damage|p2b: Dialga|16\/100\n|-hitcount|p2b: Dialga|3\n|move|p2b: Dialga|Draco Meteor|p1b: Zamazenta\n|-resisted|p1b: Zamazenta\n|-damage|p1b: Zamazenta|0 fnt\n|-unboost|p2b: Dialga|spa|2\n|faint|p1b: Zamazenta\n|\n|-weather|none\n|-damage|p1a: Urshifu|42\/100 brn|[from] brn\n|upkeep\n|turn|8\n|l| The_Beast1440\n|\n|t:|1739207249\n|move|p1a: Urshifu|Surging Strikes|p2b: Dialga\n|-crit|p2b: Dialga\n|-damage|p2b: Dialga|7\/100\n|-crit|p2b: Dialga\n|-damage|p2b: Dialga|0 fnt\n|faint|p2b: Dialga\n|-hitcount|p2: Dialga|2\n|\n|win|bluestraggler02\n|raw|bluestraggler02's rating: 1569 &rarr; <strong>1589<\/strong><br \/>(+20 for winning)\n|raw|heyBeteritsVGC's rating: 1571 &rarr; <strong>1551<\/strong><br \/>(-20 for losing)\n|l|\u2606heyBeteritsVGC\n|player|p2|\n|l|\u203dbluestraggler02\n|player|p1|\n|l| Baguettezzz\n|l| EllAkuro\n","uploadtime":1739207514,"views":5,"formatid":"gen9vgc2025regg","rating":1551,"private":0,"password":null}