{"id":"gen9vgc2025regg-2298168678","format":"[Gen 9] VGC 2025 Reg G","players":["Teraparkor 6","InfinityGroudon"],"log":"|j|\u2606Teraparkor 6\n|j|\u2606InfinityGroudon\n|t:|1739214695\n|gametype|doubles\n|player|p1|Teraparkor 6|102|1676\n|player|p2|InfinityGroudon|101|1713\n|teamsize|p1|6\n|teamsize|p2|6\n|gen|9\n|tier|[Gen 9] VGC 2025 Reg G\n|rated|\n|rule|Species Clause: Limit one of each Pok\u00e9mon\n|rule|Item Clause: Limit 1 of each item\n|clearpoke\n|poke|p1|Groudon, L50|\n|poke|p1|Grimmsnarl, L50, M|\n|poke|p1|Urshifu-*, L50, M|\n|poke|p1|Flutter Mane, L50|\n|poke|p1|Amoonguss, L50, M|\n|poke|p1|Chi-Yu, L50|\n|poke|p2|Calyrex-Shadow, L50|\n|poke|p2|Incineroar, L50, M|\n|poke|p2|Weezing-Galar, L50, M|\n|poke|p2|Indeedee-F, L50, F|\n|poke|p2|Iron Valiant, L50|\n|poke|p2|Ursaluna-Bloodmoon, L50, M|\n|teampreview|4\n|inactive|Battle timer is ON: inactive players will automatically lose when time's up. (requested by Teraparkor 6)\n|j| 2-2-2 Ape\n|\n|t:|1739214722\n|start\n|switch|p1a: Chi-Yu|Chi-Yu, L50|100\/100\n|switch|p1b: Amoonguss|Amoonguss, L50, M|100\/100\n|switch|p2a: Charming|Iron Valiant, L50, shiny|100\/100\n|switch|p2b: Mr. Grizz|Ursaluna-Bloodmoon, L50, M|100\/100\n|-ability|p1a: Chi-Yu|Beads of Ruin\n|-enditem|p2a: Charming|Booster Energy\n|-activate|p2a: Charming|ability: Quark Drive|[fromitem]\n|-start|p2a: Charming|quarkdrivespe\n|turn|1\n|j| Funn yIy\n|\n|t:|1739214746\n|-terastallize|p2b: Mr. Grizz|Normal\n|move|p2a: Charming|Protect|p2a: Charming\n|-singleturn|p2a: Charming|Protect\n|move|p1b: Amoonguss|Rage Powder|p1b: Amoonguss\n|-singleturn|p1b: Amoonguss|move: Rage Powder\n|move|p1a: Chi-Yu|Heat Wave|p2b: Mr. Grizz|[spread] p2b\n|-activate|p2a: Charming|move: Protect\n|-damage|p2b: Mr. Grizz|58\/100\n|-damage|p1a: Chi-Yu|90\/100|[from] item: Life Orb\n|move|p2b: Mr. Grizz|Hyper Voice|p1a: Chi-Yu|[spread] p1a,p1b\n|-damage|p1a: Chi-Yu|37\/100\n|-damage|p1b: Amoonguss|49\/100\n|\n|upkeep\n|turn|2\n|\n|t:|1739214759\n|move|p2a: Charming|Spirit Break|p1a: Chi-Yu\n|-damage|p1a: Chi-Yu|0 fnt\n|faint|p1a: Chi-Yu\n|move|p2b: Mr. Grizz|Hyper Voice|p1b: Amoonguss\n|-crit|p1b: Amoonguss\n|-damage|p1b: Amoonguss|0 fnt\n|faint|p1b: Amoonguss\n|\n|upkeep\n|\n|t:|1739214763\n|switch|p1a: Urshifu|Urshifu, L50, M|100\/100\n|switch|p1b: Groudon|Groudon, L50|100\/100\n|-weather|SunnyDay|[from] ability: Drought|[of] p1b: Groudon\n|turn|3\n|\n|t:|1739214773\n|move|p2a: Charming|Protect|p2a: Charming\n|-singleturn|p2a: Charming|Protect\n|move|p1a: Urshifu|Close Combat|p2b: Mr. Grizz\n|-supereffective|p2b: Mr. Grizz\n|-damage|p2b: Mr. Grizz|0 fnt\n|-unboost|p1a: Urshifu|def|1\n|-unboost|p1a: Urshifu|spd|1\n|faint|p2b: Mr. Grizz\n|move|p1b: Groudon|Bulk Up|p1b: Groudon\n|-boost|p1b: Groudon|atk|1\n|-boost|p1b: Groudon|def|1\n|\n|-weather|SunnyDay|[upkeep]\n|upkeep\n|\n|t:|1739214779\n|switch|p2b: Suthen|Indeedee-F, L50, F|100\/100\n|-fieldstart|move: Psychic Terrain|[from] ability: Psychic Surge|[of] p2b: Suthen\n|turn|4\n|\n|t:|1739214787\n|move|p2b: Suthen|Follow Me|p2b: Suthen\n|-singleturn|p2b: Suthen|move: Follow Me\n|move|p2a: Charming|Spirit Break|p1a: Urshifu\n|-supereffective|p1a: Urshifu\n|-enditem|p1a: Urshifu|Focus Sash\n|-damage|p1a: Urshifu|1\/100\n|-unboost|p1a: Urshifu|spa|1\n|move|p1a: Urshifu|Wicked Blow|p2b: Suthen\n|-supereffective|p2b: Suthen\n|-crit|p2b: Suthen\n|-damage|p2b: Suthen|0 fnt\n|-damage|p1a: Urshifu|0 fnt|[from] item: Rocky Helmet|[of] p2b: Suthen\n|faint|p2b: Suthen\n|faint|p1a: Urshifu\n|move|p1b: Groudon|Precipice Blades|p2a: Charming\n|-damage|p2a: Charming|0 fnt\n|faint|p2a: Charming\n|-end|p2a: Charming|Quark Drive|[silent]\n|\n|-weather|SunnyDay|[upkeep]\n|upkeep\n|\n|t:|1739214792\n|switch|p2b: Duncan|Calyrex-Shadow, L50|100\/100\n|-ability|p2b: Duncan|As One\n|-ability|p2b: Duncan|Unnerve\n|turn|5\n|\n|t:|1739214796\n|-terastallize|p1b: Groudon|Fire\n|move|p2b: Duncan|Expanding Force|p1b: Groudon\n|-damage|p1b: Groudon|5\/100\n|-damage|p2b: Duncan|91\/100|[from] item: Life Orb\n|move|p1b: Groudon|Heat Crash|p2b: Duncan\n|-damage|p2b: Duncan|0 fnt\n|faint|p2b: Duncan\n|\n|win|Teraparkor 6\n|raw|Teraparkor 6's rating: 1676 &rarr; <strong>1698<\/strong><br \/>(+22 for winning)\n|raw|InfinityGroudon's rating: 1713 &rarr; <strong>1691<\/strong><br \/>(-22 for losing)\n|l|\u2606InfinityGroudon\n|player|p2|\n|l|\u2606Teraparkor 6\n|player|p1|\n|l| Funn yIy\n","uploadtime":1739214981,"views":10,"formatid":"gen9vgc2025regg","rating":1691,"private":0,"password":null}