{"id":"gen9vgc2025regg-2298996922","format":"[Gen 9] VGC 2025 Reg G","players":["ragionBolte","Newteamnewname"],"log":"|j|\u2606ragionBolte\n|j|\u2606Newteamnewname\n|t:|1739316628\n|gametype|doubles\n|player|p1|ragionBolte|2|1531\n|player|p2|Newteamnewname|biker-gen4|1593\n|teamsize|p1|6\n|teamsize|p2|6\n|gen|9\n|tier|[Gen 9] VGC 2025 Reg G\n|rated|\n|rule|Species Clause: Limit one of each Pok\u00e9mon\n|rule|Item Clause: Limit 1 of each item\n|clearpoke\n|poke|p1|Calyrex-Ice, L50|\n|poke|p1|Urshifu-*, L50, F|\n|poke|p1|Incineroar, L50, M|\n|poke|p1|Ogerpon-Cornerstone, L50, F|\n|poke|p1|Raging Bolt, L50|\n|poke|p1|Maushold, L50|\n|poke|p2|Terapagos, L50, M|\n|poke|p2|Urshifu-*, L50, M|\n|poke|p2|Rillaboom, L50, F|\n|poke|p2|Incineroar, L50, M|\n|poke|p2|Ogerpon-Hearthflame, L50, F|\n|poke|p2|Flutter Mane, L50|\n|teampreview|4\n|inactive|Battle timer is ON: inactive players will automatically lose when time's up. (requested by Newteamnewname)\n|\n|t:|1739316653\n|start\n|switch|p1a: Maushold|Maushold, L50|100\/100\n|switch|p1b: Raging Bolt|Raging Bolt, L50|100\/100\n|switch|p2a: Incineroar|Incineroar, L50, M|100\/100\n|switch|p2b: Terapagos|Terapagos, L50, M|100\/100\n|-activate|p2b: Terapagos|ability: Tera Shift\n|detailschange|p2b: Terapagos|Terapagos-Terastal, L50, M\n|-heal|p2b: Terapagos|100\/100|[silent]\n|-ability|p2a: Incineroar|Intimidate|boost\n|-unboost|p1a: Maushold|atk|1\n|-unboost|p1b: Raging Bolt|atk|1\n|turn|1\n|j| Meiser63\n|\n|t:|1739316671\n|move|p2a: Incineroar|Fake Out|p1b: Raging Bolt\n|-damage|p1b: Raging Bolt|95\/100\n|move|p1a: Maushold|Super Fang|p2b: Terapagos\n|-damage|p2b: Terapagos|50\/100\n|move|p2b: Terapagos|Calm Mind|p2b: Terapagos\n|-boost|p2b: Terapagos|spa|1\n|-boost|p2b: Terapagos|spd|1\n|cant|p1b: Raging Bolt|flinch\n|\n|-heal|p2b: Terapagos|57\/100|[from] item: Leftovers\n|upkeep\n|turn|2\n|\n|t:|1739316688\n|move|p2b: Terapagos|Protect|p2b: Terapagos\n|-singleturn|p2b: Terapagos|Protect\n|move|p1a: Maushold|Super Fang|p2a: Incineroar\n|-damage|p2a: Incineroar|51\/100\n|move|p1b: Raging Bolt|Volt Switch|p2a: Incineroar\n|-damage|p2a: Incineroar|16\/100\n|\n|t:|1739316695\n|-end|p1b: Raging Bolt|Protosynthesis|[silent]\n|switch|p1b: Calyrex|Calyrex-Ice, L50|100\/100|[from] Volt Switch\n|-ability|p1b: Calyrex|As One\n|-ability|p1b: Calyrex|Unnerve\n|move|p2a: Incineroar|Knock Off|p1b: Calyrex\n|-supereffective|p1b: Calyrex\n|-damage|p1b: Calyrex|67\/100\n|-enditem|p1b: Calyrex|Clear Amulet|[from] move: Knock Off|[of] p2a: Incineroar\n|\n|-heal|p2b: Terapagos|63\/100|[from] item: Leftovers\n|upkeep\n|turn|3\n|inactive|ragionBolte has 30 seconds left.\n|inactive|Newteamnewname has 30 seconds left.\n|\n|t:|1739316728\n|move|p1a: Maushold|Super Fang|p2b: Terapagos\n|-damage|p2b: Terapagos|32\/100\n|move|p2b: Terapagos|Tera Starstorm|p1b: Calyrex\n|-damage|p1b: Calyrex|34\/100\n|move|p1b: Calyrex|Glacial Lance|p2b: Terapagos|[spread] p2a,p2b\n|-resisted|p2a: Incineroar\n|-damage|p2a: Incineroar|0 fnt\n|-damage|p2b: Terapagos|0 fnt\n|faint|p2a: Incineroar\n|faint|p2b: Terapagos\n|-ability|p1b: Calyrex|Chilling Neigh|boost\n|-boost|p1b: Calyrex|atk|2\n|\n|upkeep\n|\n|t:|1739316743\n|switch|p2b: Urshifu|Urshifu-Rapid-Strike, L50, M|100\/100\n|switch|p2a: Ogerpon|Ogerpon-Hearthflame, L50, F|100\/100\n|-ability|p2a: Ogerpon|Mold Breaker\n|turn|4\n|\n|t:|1739316756\n|-terastallize|p1a: Maushold|Grass\n|move|p1a: Maushold|Follow Me|p1a: Maushold\n|-singleturn|p1a: Maushold|move: Follow Me\n|move|p2b: Urshifu|Surging Strikes|p1a: Maushold\n|-resisted|p1a: Maushold\n|-crit|p1a: Maushold\n|-damage|p1a: Maushold|85\/100\n|-resisted|p1a: Maushold\n|-crit|p1a: Maushold\n|-damage|p1a: Maushold|72\/100\n|-resisted|p1a: Maushold\n|-crit|p1a: Maushold\n|-damage|p1a: Maushold|57\/100\n|-hitcount|p1a: Maushold|3\n|move|p2a: Ogerpon|Ivy Cudgel|p1a: Maushold|[anim] Ivy Cudgel Fire\n|-supereffective|p1a: Maushold\n|-damage|p1a: Maushold|0 fnt\n|faint|p1a: Maushold\n|move|p1b: Calyrex|Glacial Lance|p2b: Urshifu|[spread] p2a,p2b\n|-resisted|p2b: Urshifu\n|-damage|p2a: Ogerpon|25\/100\n|-damage|p2b: Urshifu|44\/100\n|\n|upkeep\n|\n|t:|1739316774\n|switch|p1a: Urshifu|Urshifu-Rapid-Strike, L50, F|100\/100\n|turn|5\n|\n|t:|1739316795\n|move|p2b: Urshifu|Surging Strikes|p1b: Calyrex\n|-crit|p1b: Calyrex\n|-damage|p1b: Calyrex|21\/100\n|-crit|p1b: Calyrex\n|-damage|p1b: Calyrex|8\/100\n|-crit|p1b: Calyrex\n|-damage|p1b: Calyrex|0 fnt\n|faint|p1b: Calyrex\n|-hitcount|p1: Calyrex|3\n|move|p1a: Urshifu|Surging Strikes|p2a: Ogerpon\n|-crit|p2a: Ogerpon\n|-damage|p2a: Ogerpon|5\/100\n|-crit|p2a: Ogerpon\n|-damage|p2a: Ogerpon|0 fnt\n|faint|p2a: Ogerpon\n|-hitcount|p2: Ogerpon|2\n|\n|upkeep\n|-message|Newteamnewname forfeited.\n|\n|win|ragionBolte\n|raw|ragionBolte's rating: 1531 &rarr; <strong>1555<\/strong><br \/>(+24 for winning)\n|raw|Newteamnewname's rating: 1593 &rarr; <strong>1569<\/strong><br \/>(-24 for losing)\n|l|\u2606Newteamnewname\n|player|p2|\n|l|\u2606ragionBolte\n|player|p1|\n|l| Meiser63\n","uploadtime":1739316984,"views":4,"formatid":"gen9vgc2025regg","rating":1555,"private":0,"password":null}