{"id":"gen9vgc2025regg-2298436019","format":"[Gen 9] VGC 2025 Reg G","players":["Llemand","Exaltold"],"log":"|j|\u2606Llemand\n|j|\u2606Exaltold\n|t:|1739245870\n|gametype|doubles\n|player|p1|Llemand|caitlin|1587\n|player|p2|Exaltold|miku-psychic|1619\n|teamsize|p1|6\n|teamsize|p2|6\n|gen|9\n|tier|[Gen 9] VGC 2025 Reg G\n|rated|\n|rule|Species Clause: Limit one of each Pok\u00e9mon\n|rule|Item Clause: Limit 1 of each item\n|clearpoke\n|poke|p1|Incineroar, L50, M|\n|poke|p1|Rillaboom, L50, F|\n|poke|p1|Calyrex-Ice, L50|\n|poke|p1|Urshifu-*, L50, M|\n|poke|p1|Pelipper, L50, F|\n|poke|p1|Landorus, L50, M|\n|poke|p2|Alcremie, L50, F|\n|poke|p2|Calyrex-Ice, L50|\n|poke|p2|Ursaluna-Bloodmoon, L50, M|\n|poke|p2|Incineroar, L50, M|\n|poke|p2|Indeedee-F, L50, F|\n|poke|p2|Ogerpon-Wellspring, L50, F|\n|teampreview|4\n|inactive|Battle timer is ON: inactive players will automatically lose when time's up. (requested by Exaltold)\n|j| tetsuokaga\n|\n|t:|1739245888\n|start\n|switch|p1a: Incineroar|Incineroar, L50, M, shiny|100\/100\n|switch|p1b: Calyrex|Calyrex-Ice, L50|100\/100\n|switch|p2a: Calyrex|Calyrex-Ice, L50|100\/100\n|switch|p2b: Ogerpon|Ogerpon-Wellspring, L50, F|100\/100\n|-ability|p1b: Calyrex|As One\n|-ability|p1b: Calyrex|Unnerve\n|-ability|p2a: Calyrex|As One\n|-ability|p2a: Calyrex|Unnerve\n|-ability|p1a: Incineroar|Intimidate|boost\n|-fail|p2a: Calyrex|unboost|[from] item: Clear Amulet|[of] p2a: Calyrex\n|-unboost|p2b: Ogerpon|atk|1\n|turn|1\n|j| ThePokebasePlayer\n|\n|t:|1739245908\n|move|p2b: Ogerpon|Spiky Shield|p2b: Ogerpon\n|-singleturn|p2b: Ogerpon|move: Protect\n|move|p2a: Calyrex|Protect|p2a: Calyrex\n|-singleturn|p2a: Calyrex|Protect\n|move|p1a: Incineroar|Fake Out|p2b: Ogerpon\n|-activate|p2b: Ogerpon|move: Protect\n|-damage|p1a: Incineroar|88\/100|[from] Spiky Shield|[of] p2b: Ogerpon\n|move|p1b: Calyrex|Trick Room|p1b: Calyrex\n|-fieldstart|move: Trick Room|[of] p1b: Calyrex\n|\n|upkeep\n|turn|2\n|inactive|Llemand has 30 seconds left.\n|\n|t:|1739245934\n|-terastallize|p2b: Ogerpon|Water\n|detailschange|p2b: Ogerpon|Ogerpon-Wellspring-Tera, L50, F, tera:Water\n|-ability|p2b: Ogerpon|Embody Aspect (Wellspring)|boost\n|-boost|p2b: Ogerpon|spd|1\n|move|p2b: Ogerpon|Follow Me|p2b: Ogerpon\n|-singleturn|p2b: Ogerpon|move: Follow Me\n|move|p2a: Calyrex|High Horsepower|p1a: Incineroar\n|-supereffective|p1a: Incineroar\n|-damage|p1a: Incineroar|18\/100\n|move|p1b: Calyrex|Glacial Lance|p2b: Ogerpon|[spread] p2a,p2b\n|-resisted|p2a: Calyrex\n|-resisted|p2b: Ogerpon\n|-damage|p2a: Calyrex|84\/100\n|-damage|p2b: Ogerpon|68\/100\n|move|p1a: Incineroar|Parting Shot|p2b: Ogerpon\n|-unboost|p2b: Ogerpon|atk|1\n|-unboost|p2b: Ogerpon|spa|1\n|\n|t:|1739245954\n|switch|p1a: Rillaboom|Rillaboom, L50, F, shiny|100\/100|[from] Parting Shot\n|-fieldstart|move: Grassy Terrain|[from] ability: Grassy Surge|[of] p1a: Rillaboom\n|\n|-heal|p2a: Calyrex|89\/100|[from] Grassy Terrain\n|-heal|p2b: Ogerpon|74\/100|[from] Grassy Terrain\n|upkeep\n|turn|3\n|\n|t:|1739245974\n|switch|p2b: Incineroar|Incineroar, L50, M|100\/100\n|-ability|p2b: Incineroar|Intimidate|boost\n|-unboost|p1a: Rillaboom|atk|1\n|-fail|p1b: Calyrex|unboost|[from] item: Clear Amulet|[of] p1b: Calyrex\n|-terastallize|p1a: Rillaboom|Water\n|move|p2a: Calyrex|Glacial Lance|p1a: Rillaboom|[spread] p1a,p1b\n|-resisted|p1a: Rillaboom\n|-resisted|p1b: Calyrex\n|-damage|p1a: Rillaboom|72\/100\n|-damage|p1b: Calyrex|82\/100\n|move|p1b: Calyrex|Glacial Lance|p2b: Incineroar|[spread] p2a,p2b\n|-resisted|p2a: Calyrex\n|-resisted|p2b: Incineroar\n|-damage|p2a: Calyrex|73\/100\n|-damage|p2b: Incineroar|81\/100\n|move|p1a: Rillaboom|Wood Hammer|p2b: Incineroar\n|-resisted|p2b: Incineroar\n|-damage|p2b: Incineroar|61\/100\n|-damage|p1a: Rillaboom|66\/100|[from] Recoil\n|\n|-heal|p2a: Calyrex|79\/100|[from] Grassy Terrain\n|-heal|p1b: Calyrex|87\/100|[from] Grassy Terrain\n|-heal|p2b: Incineroar|67\/100|[from] Grassy Terrain\n|-heal|p1a: Rillaboom|72\/100|[from] Grassy Terrain\n|upkeep\n|turn|4\n|\n|t:|1739246001\n|move|p2b: Incineroar|Fake Out|p1a: Rillaboom\n|-damage|p1a: Rillaboom|62\/100\n|move|p2a: Calyrex|High Horsepower|p1b: Calyrex\n|-damage|p1b: Calyrex|59\/100\n|move|p1b: Calyrex|High Horsepower|p2b: Incineroar\n|-supereffective|p2b: Incineroar\n|-damage|p2b: Incineroar|4\/100\n|cant|p1a: Rillaboom|flinch\n|\n|-heal|p2a: Calyrex|85\/100|[from] Grassy Terrain\n|-heal|p1b: Calyrex|65\/100|[from] Grassy Terrain\n|-heal|p2b: Incineroar|10\/100|[from] Grassy Terrain\n|-heal|p1a: Rillaboom|68\/100|[from] Grassy Terrain\n|upkeep\n|turn|5\n|inactive|Exaltold has 30 seconds left.\n|\n|t:|1739246028\n|switch|p2b: Ogerpon|Ogerpon-Wellspring-Tera, L50, F, tera:Water|74\/100\n|-ability|p2b: Ogerpon|Embody Aspect (Wellspring)|boost\n|-boost|p2b: Ogerpon|spd|1\n|move|p2a: Calyrex|Protect|p2a: Calyrex\n|-singleturn|p2a: Calyrex|Protect\n|move|p1a: Rillaboom|Grassy Glide|p2b: Ogerpon\n|-supereffective|p2b: Ogerpon\n|-damage|p2b: Ogerpon|20\/100\n|move|p1b: Calyrex|Glacial Lance|p2a: Calyrex|[spread] p2b\n|-activate|p2a: Calyrex|move: Protect\n|-resisted|p2b: Ogerpon\n|-damage|p2b: Ogerpon|0 fnt\n|faint|p2b: Ogerpon\n|-ability|p1b: Calyrex|Chilling Neigh|boost\n|-boost|p1b: Calyrex|atk|1\n|\n|-heal|p2a: Calyrex|91\/100|[from] Grassy Terrain\n|-heal|p1b: Calyrex|71\/100|[from] Grassy Terrain\n|-heal|p1a: Rillaboom|74\/100|[from] Grassy Terrain\n|-fieldend|move: Trick Room\n|upkeep\n|\n|t:|1739246036\n|switch|p2b: Incineroar|Incineroar, L50, M|10\/100\n|-ability|p2b: Incineroar|Intimidate|boost\n|-unboost|p1a: Rillaboom|atk|1\n|-fail|p1b: Calyrex|unboost|[from] item: Clear Amulet|[of] p1b: Calyrex\n|turn|6\n|\n|t:|1739246050\n|move|p2b: Incineroar|Fake Out|p1b: Calyrex\n|-damage|p1b: Calyrex|63\/100\n|move|p1a: Rillaboom|U-turn|p2a: Calyrex\n|-supereffective|p2a: Calyrex\n|-damage|p2a: Calyrex|74\/100\n|\n|t:|1739246061\n|switch|p1a: Incineroar|Incineroar, L50, M, shiny|18\/100|[from] U-turn\n|-ability|p1a: Incineroar|Intimidate|boost\n|-fail|p2a: Calyrex|unboost|[from] item: Clear Amulet|[of] p2a: Calyrex\n|-unboost|p2b: Incineroar|atk|1\n|cant|p1b: Calyrex|flinch\n|move|p2a: Calyrex|Trick Room|p2a: Calyrex\n|-fieldstart|move: Trick Room|[of] p2a: Calyrex\n|\n|-heal|p2a: Calyrex|80\/100|[from] Grassy Terrain\n|-heal|p1b: Calyrex|69\/100|[from] Grassy Terrain\n|-heal|p2b: Incineroar|16\/100|[from] Grassy Terrain\n|-heal|p1a: Incineroar|24\/100|[from] Grassy Terrain\n|-fieldend|move: Grassy Terrain\n|upkeep\n|turn|7\n|\n|t:|1739246073\n|move|p2a: Calyrex|Protect|p2a: Calyrex\n|-singleturn|p2a: Calyrex|Protect\n|move|p1a: Incineroar|Fake Out|p2a: Calyrex\n|-activate|p2a: Calyrex|move: Protect\n|move|p1b: Calyrex|High Horsepower|p2b: Incineroar\n|-supereffective|p2b: Incineroar\n|-damage|p2b: Incineroar|0 fnt\n|faint|p2b: Incineroar\n|-ability|p1b: Calyrex|Chilling Neigh|boost\n|-boost|p1b: Calyrex|atk|1\n|\n|upkeep\n|\n|t:|1739246075\n|switch|p2b: Alcremie|Alcremie, L50, F, shiny|100\/100\n|turn|8\n|\n|t:|1739246090\n|move|p2b: Alcremie|Decorate|p2a: Calyrex\n|-boost|p2a: Calyrex|atk|2\n|-boost|p2a: Calyrex|spa|2\n|move|p2a: Calyrex|Glacial Lance|p1b: Calyrex|[spread] p1a,p1b\n|-resisted|p1a: Incineroar\n|-resisted|p1b: Calyrex\n|-damage|p1a: Incineroar|0 fnt\n|-damage|p1b: Calyrex|32\/100\n|faint|p1a: Incineroar\n|-ability|p2a: Calyrex|Chilling Neigh|boost\n|-boost|p2a: Calyrex|atk|1\n|move|p1b: Calyrex|Glacial Lance|p2a: Calyrex|[spread] p2a,p2b\n|-resisted|p2a: Calyrex\n|-damage|p2a: Calyrex|45\/100\n|-damage|p2b: Alcremie|0 fnt\n|faint|p2b: Alcremie\n|-ability|p1b: Calyrex|Chilling Neigh|boost\n|-boost|p1b: Calyrex|atk|1\n|\n|upkeep\n|\n|t:|1739246103\n|switch|p1a: Rillaboom|Rillaboom, L50, F, shiny, tera:Water|74\/100\n|-fieldstart|move: Grassy Terrain|[from] ability: Grassy Surge|[of] p1a: Rillaboom\n|turn|9\n|\n|t:|1739246111\n|switch|p1a: Pelipper|Pelipper, L50, F, shiny|100\/100\n|-weather|RainDance|[from] ability: Drizzle|[of] p1a: Pelipper\n|move|p2a: Calyrex|Protect|p2a: Calyrex\n|-singleturn|p2a: Calyrex|Protect\n|move|p1b: Calyrex|Glacial Lance|p2a: Calyrex\n|-activate|p2a: Calyrex|move: Protect\n|\n|-weather|RainDance|[upkeep]\n|-heal|p2a: Calyrex|51\/100|[from] Grassy Terrain\n|-heal|p1b: Calyrex|38\/100|[from] Grassy Terrain\n|upkeep\n|turn|10\n|\n|t:|1739246122\n|move|p1a: Pelipper|Wide Guard|p1a: Pelipper\n|-singleturn|p1a: Pelipper|Wide Guard\n|move|p2a: Calyrex|High Horsepower|p1b: Calyrex\n|-damage|p1b: Calyrex|0 fnt\n|faint|p1b: Calyrex\n|-ability|p2a: Calyrex|Chilling Neigh|boost\n|-boost|p2a: Calyrex|atk|1\n|\n|-weather|RainDance|[upkeep]\n|-heal|p2a: Calyrex|57\/100|[from] Grassy Terrain\n|-fieldend|move: Trick Room\n|upkeep\n|\n|t:|1739246128\n|switch|p1b: Rillaboom|Rillaboom, L50, F, shiny, tera:Water|74\/100\n|turn|11\n|c| ThePokebasePlayer|gg\n|\n|t:|1739246135\n|move|p2a: Calyrex|Protect|p2a: Calyrex\n|-singleturn|p2a: Calyrex|Protect\n|move|p1a: Pelipper|Wide Guard|p1a: Pelipper\n|-singleturn|p1a: Pelipper|Wide Guard\n|move|p1b: Rillaboom|Wood Hammer|p2a: Calyrex\n|-activate|p2a: Calyrex|move: Protect\n|\n|-weather|RainDance|[upkeep]\n|-heal|p1b: Rillaboom|80\/100|[from] Grassy Terrain\n|-heal|p2a: Calyrex|63\/100|[from] Grassy Terrain\n|upkeep\n|turn|12\n|\n|t:|1739246141\n|move|p1a: Pelipper|Wide Guard|p1a: Pelipper\n|-singleturn|p1a: Pelipper|Wide Guard\n|move|p1b: Rillaboom|Wood Hammer|p2a: Calyrex\n|-damage|p2a: Calyrex|16\/100\n|-damage|p1b: Rillaboom|64\/100|[from] Recoil\n|move|p2a: Calyrex|Trick Room|p2a: Calyrex\n|-fieldstart|move: Trick Room|[of] p2a: Calyrex\n|\n|-weather|RainDance|[upkeep]\n|-heal|p2a: Calyrex|22\/100|[from] Grassy Terrain\n|-heal|p1b: Rillaboom|70\/100|[from] Grassy Terrain\n|upkeep\n|turn|13\n|\n|t:|1739246154\n|move|p2a: Calyrex|Protect|p2a: Calyrex\n|-singleturn|p2a: Calyrex|Protect\n|move|p1a: Pelipper|Wide Guard|p1a: Pelipper\n|-singleturn|p1a: Pelipper|Wide Guard\n|move|p1b: Rillaboom|Grassy Glide|p2a: Calyrex\n|-activate|p2a: Calyrex|move: Protect\n|\n|-weather|none\n|-heal|p2a: Calyrex|28\/100|[from] Grassy Terrain\n|-heal|p1b: Rillaboom|76\/100|[from] Grassy Terrain\n|-fieldend|move: Grassy Terrain\n|upkeep\n|turn|14\n|\n|t:|1739246163\n|move|p1a: Pelipper|Wide Guard|p1a: Pelipper\n|-singleturn|p1a: Pelipper|Wide Guard\n|move|p2a: Calyrex|High Horsepower|p1b: Rillaboom\n|-damage|p1b: Rillaboom|0 fnt\n|faint|p1b: Rillaboom\n|-ability|p2a: Calyrex|Chilling Neigh|boost\n|-boost|p2a: Calyrex|atk|1\n|\n|upkeep\n|turn|15\n|\n|t:|1739246173\n|move|p1a: Pelipper|Wide Guard|p1a: Pelipper\n|-singleturn|p1a: Pelipper|Wide Guard\n|move|p2a: Calyrex|High Horsepower|p1a: Pelipper\n|-immune|p1a: Pelipper\n|\n|upkeep\n|turn|16\n|c| ThePokebasePlayer|nice plays exaltold\n|\n|t:|1739246178\n|move|p1a: Pelipper|Wide Guard|p1a: Pelipper\n|-singleturn|p1a: Pelipper|Wide Guard\n|move|p2a: Calyrex|Glacial Lance|p1a: Pelipper\n|-activate|p1a: Pelipper|move: Wide Guard\n|\n|-fieldend|move: Trick Room\n|upkeep\n|turn|17\n|c|\u2606Llemand|nice plays as well\n|c|\u2606Exaltold|Ty\n|\n|t:|1739246191\n|move|p1a: Pelipper|Hurricane|p2a: Calyrex\n|-damage|p2a: Calyrex|0 fnt\n|faint|p2a: Calyrex\n|\n|win|Llemand\n|raw|Llemand's rating: 1587 &rarr; <strong>1609<\/strong><br \/>(+22 for winning)\n|raw|Exaltold's rating: 1619 &rarr; <strong>1597<\/strong><br \/>(-22 for losing)\n|c|\u2606Exaltold|Gg\n|c|\u2606Llemand|gg\n|l| tetsuokaga\n|c|\u2606Exaltold|Nice plays too\n|c|\u2606Llemand|Was sweating for a bit\n|c| ThePokebasePlayer|just watching as a spectator\n|c|\u2606Exaltold|Oh oops\n|c| ThePokebasePlayer|and I really liked how you guys positioned\n|c| ThePokebasePlayer|mons\n|c|\u2606Exaltold|Ty\n|c|\u2606Llemand|Thanks\n|l|\u2606Exaltold\n|player|p2|\n|c| ThePokebasePlayer|like even turn one, something as simple as parting shot instead of flare blitz adds up\n|c|\u2606Llemand|I new he was gonna follow me\n|c| ThePokebasePlayer|yea\n|c| ThePokebasePlayer|but honestly I thought exaltold won\n|c| ThePokebasePlayer|but you were able to navigate endgame really well\n|c|\u2606Llemand|After the decorate I thought the same\n|c|\u2606Llemand|But upon realizing Pelipper walled him\n|c|\u2606Llemand|I just prayed for no Hurricane miss\n|c| ThePokebasePlayer|on turn 3\n|c| ThePokebasePlayer|could you've wodd hammered and hihg horsepowered the incin switch?\n|c| ThePokebasePlayer|that covers ogerpon and incin right?\n|c|\u2606Llemand|I thought about it\n|c| ThePokebasePlayer|what led you to make the play you made on turn 3 then?\n|c|\u2606Llemand|Decided against it\n|c| ThePokebasePlayer|kk\n","uploadtime":1739246448,"views":9,"formatid":"gen9vgc2025regg","rating":1597,"private":0,"password":null}