{"id":"gen9vgc2025regg-2298114740","format":"[Gen 9] VGC 2025 Reg G","players":["Fra5670","Frikandellenbos"],"log":"|j|\u2606Fra5670\n|j|\u2606Frikandellenbos\n|t:|1739209543\n|gametype|doubles\n|player|p1|Fra5670|n|1631\n|player|p2|Frikandellenbos|hiker-gen4|1584\n|teamsize|p1|6\n|teamsize|p2|6\n|gen|9\n|tier|[Gen 9] VGC 2025 Reg G\n|rated|\n|rule|Species Clause: Limit one of each Pok\u00e9mon\n|rule|Item Clause: Limit 1 of each item\n|clearpoke\n|poke|p1|Pikachu, L50, F|\n|poke|p1|Kyogre, L50|\n|poke|p1|Tornadus, L50, M|\n|poke|p1|Dondozo, L50, M|\n|poke|p1|Tatsugiri, L50, M|\n|poke|p1|Flutter Mane, L50|\n|poke|p2|Calyrex-Ice, L50|\n|poke|p2|Incineroar, L50, F|\n|poke|p2|Pelipper, L50, M|\n|poke|p2|Ogerpon-Cornerstone, L50, F|\n|poke|p2|Raging Bolt, L50|\n|poke|p2|Urshifu-*, L50, F|\n|teampreview|4\n|inactive|Battle timer is ON: inactive players will automatically lose when time's up. (requested by Fra5670)\n|c|\u2606Fra5670|Ggggggggggggggggggggg\n|c|\u2606Fra5670|Goggles\n|c|\u2606Fra5670|Gyat\n|c|\u2606Fra5670|Seneca\n|inactive|Frikandellenbos has 60 seconds left.\n|c|\u2606Fra5670|Quintilian\n|c|\u2606Fra5670|Stazio\n|c|\u2606Fra5670|Giovenale\n|\n|t:|1739209608\n|start\n|switch|p1a: Kyogre|Kyogre, L50|100\/100\n|switch|p1b: Tornadus|Tornadus, L50, M|100\/100\n|switch|p2a: Calyrex|Calyrex-Ice, L50|100\/100\n|switch|p2b: Ogerpon|Ogerpon-Cornerstone, L50, F|100\/100\n|-ability|p2a: Calyrex|As One\n|-ability|p2a: Calyrex|Unnerve\n|-weather|RainDance|[from] ability: Drizzle|[of] p1a: Kyogre\n|turn|1\n|\n|t:|1739209633\n|move|p1b: Tornadus|Tailwind|p1b: Tornadus\n|-sidestart|p1: Fra5670|move: Tailwind\n|move|p1a: Kyogre|Water Spout|p2b: Ogerpon|[spread] p2a,p2b\n|-damage|p2a: Calyrex|5\/100\n|-ability|p2b: Ogerpon|Sturdy\n|-damage|p2b: Ogerpon|1\/100\n|move|p2b: Ogerpon|Ivy Cudgel|p1b: Tornadus|[anim] Ivy Cudgel Rock\n|-supereffective|p1b: Tornadus\n|-damage|p1b: Tornadus|0 fnt\n|faint|p1b: Tornadus\n|move|p2a: Calyrex|Trick Room|p2a: Calyrex\n|-fieldstart|move: Trick Room|[of] p2a: Calyrex\n|\n|-weather|RainDance|[upkeep]\n|upkeep\n|\n|t:|1739209640\n|switch|p1b: Pikachu|Pikachu, L50, F|100\/100\n|turn|2\n|\n|t:|1739209652\n|move|p2a: Calyrex|Protect|p2a: Calyrex\n|-singleturn|p2a: Calyrex|Protect\n|move|p2b: Ogerpon|Spiky Shield|p2b: Ogerpon\n|-singleturn|p2b: Ogerpon|move: Protect\n|move|p1b: Pikachu|Feint|p2a: Calyrex\n|-activate|p2a: Calyrex|move: Feint\n|-damage|p2a: Calyrex|0 fnt\n|faint|p2a: Calyrex\n|move|p1a: Kyogre|Water Spout|p2b: Ogerpon\n|-activate|p2b: Ogerpon|move: Protect\n|\n|-weather|RainDance|[upkeep]\n|upkeep\n|\n|t:|1739209663\n|switch|p2a: Pelipper|Pelipper, L50, M|100\/100\n|turn|3\n|\n|t:|1739209682\n|move|p1b: Pikachu|Feint|p2b: Ogerpon\n|-resisted|p2b: Ogerpon\n|-damage|p2b: Ogerpon|0 fnt\n|faint|p2b: Ogerpon\n|move|p2a: Pelipper|Weather Ball|p1b: Pikachu\n|-damage|p1b: Pikachu|0 fnt\n|faint|p1b: Pikachu\n|move|p1a: Kyogre|Water Spout|p2a: Pelipper\n|-resisted|p2a: Pelipper\n|-enditem|p2a: Pelipper|Focus Sash\n|-damage|p2a: Pelipper|1\/100\n|\n|-weather|RainDance|[upkeep]\n|upkeep\n|\n|t:|1739209688\n|switch|p1b: Flutter Mane|Flutter Mane, L50|100\/100\n|switch|p2b: Raging Bolt|Raging Bolt, L50|100\/100\n|-enditem|p1b: Flutter Mane|Booster Energy\n|-activate|p1b: Flutter Mane|ability: Protosynthesis|[fromitem]\n|-start|p1b: Flutter Mane|protosynthesisspe\n|turn|4\n|\n|t:|1739209701\n|-terastallize|p2b: Raging Bolt|Electric\n|-terastallize|p1b: Flutter Mane|Fairy\n|move|p2b: Raging Bolt|Thunderclap|p1a: Kyogre\n|-supereffective|p1a: Kyogre\n|-damage|p1a: Kyogre|23\/100\n|move|p2a: Pelipper|Hurricane|p1a: Kyogre\n|-damage|p1a: Kyogre|0 fnt\n|faint|p1a: Kyogre\n|move|p1b: Flutter Mane|Icy Wind|p2a: Pelipper|[spread] p2a,p2b\n|-damage|p2a: Pelipper|0 fnt\n|-damage|p2b: Raging Bolt|92\/100\n|-unboost|p2b: Raging Bolt|spe|1\n|faint|p2a: Pelipper\n|\n|-weather|RainDance|[upkeep]\n|-sideend|p1: Fra5670|move: Tailwind\n|upkeep\n|turn|5\n|\n|t:|1739209718\n|move|p1b: Flutter Mane|Protect|p1b: Flutter Mane\n|-singleturn|p1b: Flutter Mane|Protect\n|move|p2b: Raging Bolt|Thunderbolt|p1b: Flutter Mane\n|-activate|p1b: Flutter Mane|move: Protect\n|\n|-weather|none\n|-fieldend|move: Trick Room\n|upkeep\n|turn|6\n|\n|t:|1739209723\n|move|p1b: Flutter Mane|Moonblast|p2b: Raging Bolt\n|-damage|p2b: Raging Bolt|48\/100\n|-unboost|p2b: Raging Bolt|spa|1\n|move|p2b: Raging Bolt|Thunderbolt|p1b: Flutter Mane\n|-damage|p1b: Flutter Mane|56\/100\n|\n|upkeep\n|turn|7\n|\n|t:|1739209734\n|move|p1b: Flutter Mane|Moonblast|p2b: Raging Bolt\n|-damage|p2b: Raging Bolt|9\/100\n|move|p2b: Raging Bolt|Thunderbolt|p1b: Flutter Mane\n|-damage|p1b: Flutter Mane|4\/100\n|\n|upkeep\n|turn|8\n|c|\u2606Fra5670|Heavy drp\n|\n|t:|1739209743\n|move|p1b: Flutter Mane|Protect|p1b: Flutter Mane\n|-singleturn|p1b: Flutter Mane|Protect\n|move|p2b: Raging Bolt|Thunderclap||[still]\n|-fail|p2b: Raging Bolt\n|\n|upkeep\n|turn|9\n|j| Meiser63\n|\n|t:|1739209751\n|move|p2b: Raging Bolt|Thunderclap|p1b: Flutter Mane\n|-damage|p1b: Flutter Mane|0 fnt\n|faint|p1b: Flutter Mane\n|-end|p1b: Flutter Mane|Protosynthesis|[silent]\n|\n|win|Frikandellenbos\n|raw|Fra5670's rating: 1631 &rarr; <strong>1608<\/strong><br \/>(-23 for losing)\n|raw|Frikandellenbos's rating: 1584 &rarr; <strong>1607<\/strong><br \/>(+23 for winning)\n|c|\u2606Frikandellenbos|Gg\n|l|\u2606Fra5670\n|player|p1|\n","uploadtime":1739209762,"views":13,"formatid":"gen9vgc2025regg","rating":1607,"private":0,"password":null}