{"id":"gen9vgc2025regg-2298915739","format":"[Gen 9] VGC 2025 Reg G","players":["epigrlozvgc","InfinityGroudon"],"log":"|j|\u2606epigrlozvgc\n|j|\u2606InfinityGroudon\n|t:|1739307686\n|gametype|doubles\n|player|p1|epigrlozvgc|102|1589\n|player|p2|InfinityGroudon|101|1718\n|teamsize|p1|6\n|teamsize|p2|6\n|gen|9\n|tier|[Gen 9] VGC 2025 Reg G\n|rated|\n|rule|Species Clause: Limit one of each Pok\u00e9mon\n|rule|Item Clause: Limit 1 of each item\n|clearpoke\n|poke|p1|Ogerpon-Hearthflame, L50, F|\n|poke|p1|Tatsugiri-Droopy, L50, M|\n|poke|p1|Tornadus, L50, M|\n|poke|p1|Dondozo, L50, M|\n|poke|p1|Smeargle, L50, M|\n|poke|p1|Terapagos, L50, M|\n|poke|p2|Calyrex-Shadow, L50|\n|poke|p2|Incineroar, L50, M|\n|poke|p2|Weezing-Galar, L50, M|\n|poke|p2|Indeedee-F, L50, F|\n|poke|p2|Iron Valiant, L50|\n|poke|p2|Ursaluna-Bloodmoon, L50, M|\n|teampreview|4\n|\n|t:|1739307714\n|start\n|switch|p1a: Smeargle|Smeargle, L50, M|100\/100\n|switch|p1b: Terapagos|Terapagos, L50, M|100\/100\n|switch|p2a: Charming|Iron Valiant, L50, shiny|100\/100\n|switch|p2b: Duncan|Calyrex-Shadow, L50|100\/100\n|-activate|p1b: Terapagos|ability: Tera Shift\n|detailschange|p1b: Terapagos|Terapagos-Terastal, L50, M\n|-heal|p1b: Terapagos|100\/100|[silent]\n|-ability|p2b: Duncan|As One\n|-ability|p2b: Duncan|Unnerve\n|-enditem|p2a: Charming|Booster Energy\n|-activate|p2a: Charming|ability: Quark Drive|[fromitem]\n|-start|p2a: Charming|quarkdrivespe\n|turn|1\n|\n|t:|1739307728\n|move|p2a: Charming|Protect|p2a: Charming\n|-singleturn|p2a: Charming|Protect\n|move|p2b: Duncan|Expanding Force|p1a: Smeargle\n|-enditem|p1a: Smeargle|Focus Sash\n|-damage|p1a: Smeargle|1\/100\n|-damage|p2b: Duncan|91\/100|[from] item: Life Orb\n|move|p1a: Smeargle|Spore|p2b: Duncan\n|-status|p2b: Duncan|slp|[from] move: Spore\n|move|p1b: Terapagos|Tera Starstorm|p2a: Charming\n|-activate|p2a: Charming|move: Protect\n|\n|-ability|p1a: Smeargle|Moody|boost\n|-boost|p1a: Smeargle|def|2\n|-unboost|p1a: Smeargle|spd|1\n|upkeep\n|turn|2\n|\n|t:|1739307746\n|switch|p2b: Mr. Gassy|Weezing-Galar, L50, M|100\/100\n|-ability|p2b: Mr. Gassy|Neutralizing Gas\n|move|p2a: Charming|Close Combat|p1b: Terapagos\n|-supereffective|p1b: Terapagos\n|-damage|p1b: Terapagos|0 fnt\n|-unboost|p2a: Charming|def|1\n|-unboost|p2a: Charming|spd|1\n|faint|p1b: Terapagos\n|move|p1a: Smeargle|Decorate|p1: Terapagos|[notarget]\n|-fail|p1a: Smeargle\n|\n|upkeep\n|\n|t:|1739307756\n|switch|p1b: Dondozo|Dondozo, L50, M|100\/100\n|turn|3\n|j| Meiser63\n|\n|t:|1739307777\n|move|p1b: Dondozo|Protect|p1b: Dondozo\n|-singleturn|p1b: Dondozo|Protect\n|move|p2a: Charming|Spirit Break|p1a: Smeargle\n|-damage|p1a: Smeargle|0 fnt\n|faint|p1a: Smeargle\n|move|p2b: Mr. Gassy|Will-O-Wisp|p1b: Dondozo\n|-activate|p1b: Dondozo|move: Protect\n|\n|upkeep\n|\n|t:|1739307781\n|switch|p1a: Tatsugiri|Tatsugiri-Droopy, L50, M|100\/100\n|turn|4\n|\n|t:|1739307801\n|move|p1a: Tatsugiri|Muddy Water|p2b: Mr. Gassy|[spread] p2a,p2b\n|-damage|p2a: Charming|19\/100\n|-damage|p2b: Mr. Gassy|65\/100\n|-unboost|p2a: Charming|accuracy|1\n|move|p2a: Charming|Spirit Break|p1a: Tatsugiri\n|-supereffective|p1a: Tatsugiri\n|-damage|p1a: Tatsugiri|0 fnt\n|faint|p1a: Tatsugiri\n|move|p2b: Mr. Gassy|Will-O-Wisp|p1b: Dondozo\n|-status|p1b: Dondozo|brn\n|move|p1b: Dondozo|Order Up|p2a: Charming\n|-immune|p2a: Charming\n|\n|-damage|p1b: Dondozo|94\/100 brn|[from] brn\n|upkeep\n|turn|5\n|\n|t:|1739307815\n|move|p2a: Charming|Spirit Break|p1b: Dondozo|[miss]\n|-miss|p2a: Charming|p1b: Dondozo\n|move|p2b: Mr. Gassy|Sludge Bomb|p1b: Dondozo\n|-damage|p1b: Dondozo|72\/100 brn\n|move|p1b: Dondozo|Order Up|p2a: Charming\n|-immune|p2a: Charming\n|\n|-heal|p1b: Dondozo|78\/100 brn|[from] item: Leftovers\n|-damage|p1b: Dondozo|72\/100 brn|[from] brn\n|upkeep\n|turn|6\n|\n|t:|1739307830\n|move|p2a: Charming|Spirit Break|p1b: Dondozo|[miss]\n|-miss|p2a: Charming|p1b: Dondozo\n|move|p2b: Mr. Gassy|Sludge Bomb|p1b: Dondozo\n|-damage|p1b: Dondozo|46\/100 brn\n|move|p1b: Dondozo|Order Up|p2a: Charming\n|-immune|p2a: Charming\n|\n|-heal|p1b: Dondozo|52\/100 brn|[from] item: Leftovers\n|-damage|p1b: Dondozo|46\/100 brn|[from] brn\n|upkeep\n|turn|7\n|\n|t:|1739307838\n|move|p2a: Charming|Spirit Break|p1b: Dondozo|[miss]\n|-miss|p2a: Charming|p1b: Dondozo\n|move|p2b: Mr. Gassy|Sludge Bomb|p1b: Dondozo\n|-damage|p1b: Dondozo|21\/100 brn\n|move|p1b: Dondozo|Order Up|p2a: Charming\n|-immune|p2a: Charming\n|\n|-heal|p1b: Dondozo|27\/100 brn|[from] item: Leftovers\n|-damage|p1b: Dondozo|21\/100 brn|[from] brn\n|upkeep\n|turn|8\n|\n|t:|1739307843\n|move|p2a: Charming|Spirit Break|p1b: Dondozo|[miss]\n|-miss|p2a: Charming|p1b: Dondozo\n|move|p2b: Mr. Gassy|Sludge Bomb|p1b: Dondozo\n|-damage|p1b: Dondozo|0 fnt\n|faint|p1b: Dondozo\n|\n|win|InfinityGroudon\n|raw|epigrlozvgc's rating: 1589 &rarr; <strong>1576<\/strong><br \/>(-13 for losing)\n|raw|InfinityGroudon's rating: 1718 &rarr; <strong>1731<\/strong><br \/>(+13 for winning)\n|l|\u2606epigrlozvgc\n|player|p1|\n|l|\u2606InfinityGroudon\n|player|p2|\n","uploadtime":1739308008,"views":44,"formatid":"gen9vgc2025regg","rating":1576,"private":0,"password":null}