{"id":"gen9vgc2025regg-2298401689","format":"[Gen 9] VGC 2025 Reg G","players":["KabutoVGC","chappell murkroan"],"log":"|j|\u2606KabutoVGC\n|j|\u2606chappell murkroan\n|t:|1739241267\n|gametype|doubles\n|player|p1|KabutoVGC|170|1589\n|player|p2|chappell murkroan|caitlin|1609\n|teamsize|p1|6\n|teamsize|p2|6\n|gen|9\n|tier|[Gen 9] VGC 2025 Reg G\n|rated|\n|rule|Species Clause: Limit one of each Pok\u00e9mon\n|rule|Item Clause: Limit 1 of each item\n|clearpoke\n|poke|p1|Talonflame, L50, F|\n|poke|p1|Regidrago, L50|\n|poke|p1|Urshifu-*, L50, F|\n|poke|p1|Calyrex-Ice, L50|\n|poke|p1|Gholdengo, L50|\n|poke|p1|Chi-Yu, L50|\n|poke|p2|Slowking, L50, M|\n|poke|p2|Weezing-Galar, L50, F|\n|poke|p2|Baxcalibur, L50, F|\n|poke|p2|Kyogre, L50|\n|poke|p2|Indeedee-F, L50, F|\n|poke|p2|Smeargle, L50, M|\n|teampreview|4\n|inactive|Battle timer is ON: inactive players will automatically lose when time's up. (requested by chappell murkroan)\n|inactive|chappell murkroan has 60 seconds left.\n|\n|t:|1739241306\n|start\n|switch|p1a: Talonflame|Talonflame, L50, F|100\/100\n|switch|p1b: Gholdengo|Gholdengo, L50|100\/100\n|switch|p2a: Kyogre|Kyogre, L50|100\/100\n|switch|p2b: Smeargle|Smeargle, L50, M|100\/100\n|-weather|RainDance|[from] ability: Drizzle|[of] p2a: Kyogre\n|turn|1\n|inactive|KabutoVGC has 30 seconds left.\n|inactive|KabutoVGC has 20 seconds left.\n|\n|t:|1739241344\n|switch|p2b: Weezing|Weezing-Galar, L50, F|100\/100\n|-ability|p2b: Weezing|Neutralizing Gas\n|-terastallize|p2a: Kyogre|Water\n|-terastallize|p1a: Talonflame|Grass\n|move|p1b: Gholdengo|Protect|p1b: Gholdengo\n|-singleturn|p1b: Gholdengo|Protect\n|move|p2a: Kyogre|Water Spout|p1a: Talonflame|[spread] p1a\n|-activate|p1b: Gholdengo|move: Protect\n|-resisted|p1a: Talonflame\n|-damage|p1a: Talonflame|3\/100\n|move|p1a: Talonflame|Brave Bird|p2a: Kyogre\n|-damage|p2a: Kyogre|36\/100\n|-damage|p1a: Talonflame|0 fnt|[from] Recoil\n|faint|p1a: Talonflame\n|\n|-weather|RainDance|[upkeep]\n|upkeep\n|inactive|KabutoVGC has 30 seconds left.\n|\n|t:|1739241374\n|switch|p1a: Urshifu|Urshifu, L50, F|100\/100\n|turn|2\n|\n|t:|1739241395\n|move|p2a: Kyogre|Water Spout|p1b: Gholdengo|[spread] p1a,p1b\n|-damage|p1a: Urshifu|31\/100\n|-damage|p1b: Gholdengo|45\/100\n|move|p1a: Urshifu|Wicked Blow|p2a: Kyogre\n|-crit|p2a: Kyogre\n|-damage|p2a: Kyogre|0 fnt\n|faint|p2a: Kyogre\n|move|p1b: Gholdengo|Make It Rain|p2b: Weezing\n|-supereffective|p2b: Weezing\n|-damage|p2b: Weezing|0 fnt\n|-unboost|p1b: Gholdengo|spa|1\n|faint|p2b: Weezing\n|-end|p2b: Weezing|ability: Neutralizing Gas\n|-damage|p1b: Gholdengo|35\/100|[from] item: Life Orb\n|\n|-weather|RainDance|[upkeep]\n|upkeep\n|j| yukina vgc\n|\n|t:|1739241401\n|switch|p2a: Smeargle|Smeargle, L50, M|100\/100\n|switch|p2b: Baxcalibur|Baxcalibur, L50, F|100\/100\n|turn|3\n|\n|t:|1739241412\n|move|p1a: Urshifu|Detect|p1a: Urshifu\n|-singleturn|p1a: Urshifu|Protect\n|move|p1b: Gholdengo|Protect|p1b: Gholdengo\n|-singleturn|p1b: Gholdengo|Protect\n|move|p2a: Smeargle|Fake Out|p1a: Urshifu\n|-activate|p1a: Urshifu|move: Protect\n|move|p2b: Baxcalibur|Scale Shot|p1b: Gholdengo\n|-activate|p1b: Gholdengo|move: Protect\n|\n|-weather|RainDance|[upkeep]\n|-ability|p2a: Smeargle|Moody|boost\n|-boost|p2a: Smeargle|spe|2\n|-unboost|p2a: Smeargle|def|1\n|upkeep\n|turn|4\n|\n|t:|1739241426\n|move|p2a: Smeargle|Spore|p1a: Urshifu\n|-status|p1a: Urshifu|slp|[from] move: Spore\n|move|p2b: Baxcalibur|Scale Shot|p1b: Gholdengo\n|-resisted|p1b: Gholdengo\n|-damage|p1b: Gholdengo|28\/100\n|-resisted|p1b: Gholdengo\n|-damage|p1b: Gholdengo|21\/100\n|-resisted|p1b: Gholdengo\n|-damage|p1b: Gholdengo|12\/100\n|-resisted|p1b: Gholdengo\n|-damage|p1b: Gholdengo|4\/100\n|-resisted|p1b: Gholdengo\n|-damage|p1b: Gholdengo|0 fnt\n|faint|p1b: Gholdengo\n|-hitcount|p1: Gholdengo|5\n|-unboost|p2b: Baxcalibur|def|1\n|-boost|p2b: Baxcalibur|spe|1\n|cant|p1a: Urshifu|slp\n|\n|-weather|RainDance|[upkeep]\n|-ability|p2a: Smeargle|Moody|boost\n|-boost|p2a: Smeargle|atk|2\n|-unboost|p2a: Smeargle|def|1\n|upkeep\n|c|\u2606KabutoVGC|Lucky pos\n|\n|t:|1739241441\n|switch|p1b: Calyrex|Calyrex-Ice, L50|100\/100\n|-ability|p1b: Calyrex|As One\n|-ability|p1b: Calyrex|Unnerve\n|turn|5\n|\n|t:|1739241454\n|move|p2a: Smeargle|Spore|p1b: Calyrex\n|-status|p1b: Calyrex|slp|[from] move: Spore\n|move|p2b: Baxcalibur|Icicle Spear|p1a: Urshifu\n|-damage|p1a: Urshifu|16\/100 slp\n|-damage|p1a: Urshifu|2\/100 slp\n|-damage|p1a: Urshifu|0 fnt\n|faint|p1a: Urshifu\n|-hitcount|p1: Urshifu|3\n|cant|p1b: Calyrex|slp\n|\n|-weather|none\n|-ability|p2a: Smeargle|Moody|boost\n|-boost|p2a: Smeargle|spa|2\n|-unboost|p2a: Smeargle|atk|1\n|upkeep\n|turn|6\n|\n|t:|1739241476\n|move|p2a: Smeargle|Follow Me|p2a: Smeargle\n|-singleturn|p2a: Smeargle|move: Follow Me\n|move|p2b: Baxcalibur|Scale Shot|p1b: Calyrex\n|-damage|p1b: Calyrex|90\/100 slp\n|-damage|p1b: Calyrex|79\/100 slp\n|-damage|p1b: Calyrex|68\/100 slp\n|-damage|p1b: Calyrex|58\/100 slp\n|-damage|p1b: Calyrex|48\/100 slp\n|-hitcount|p1b: Calyrex|5\n|-unboost|p2b: Baxcalibur|def|1\n|-boost|p2b: Baxcalibur|spe|1\n|cant|p1b: Calyrex|slp\n|\n|-ability|p2a: Smeargle|Moody|boost\n|-boost|p2a: Smeargle|atk|2\n|-unboost|p2a: Smeargle|spa|1\n|upkeep\n|turn|7\n|-message|KabutoVGC forfeited.\n|\n|win|chappell murkroan\n|raw|KabutoVGC's rating: 1589 &rarr; <strong>1570<\/strong><br \/>(-19 for losing)\n|raw|chappell murkroan's rating: 1609 &rarr; <strong>1628<\/strong><br \/>(+19 for winning)\n|l|\u2606KabutoVGC\n|player|p1|\n|l|\u2606chappell murkroan\n|player|p2|\n","uploadtime":1739241642,"views":10,"formatid":"gen9vgc2025regg","rating":1570,"private":0,"password":null}