{"id":"gen9vgc2025regg-2298504402","format":"[Gen 9] VGC 2025 Reg G","players":["sibylla_system","something123"],"log":"|j|\u2606sibylla_system\n|j|\u2606something123\n|t:|1739257736\n|gametype|doubles\n|player|p1|sibylla_system|169|1690\n|player|p2|something123|266|1889\n|teamsize|p1|6\n|teamsize|p2|6\n|gen|9\n|tier|[Gen 9] VGC 2025 Reg G\n|rated|\n|rule|Species Clause: Limit one of each Pok\u00e9mon\n|rule|Item Clause: Limit 1 of each item\n|clearpoke\n|poke|p1|Miraidon, L50|\n|poke|p1|Whimsicott, L50, M|\n|poke|p1|Urshifu-*, L50, M|\n|poke|p1|Ogerpon-Hearthflame, L50, F|\n|poke|p1|Farigiraf, L50, F|\n|poke|p1|Iron Hands, L50|\n|poke|p2|Farigiraf, L50, M|\n|poke|p2|Landorus, L50, M|\n|poke|p2|Calyrex-Ice, L50|\n|poke|p2|Ogerpon-Cornerstone, L50, F|\n|poke|p2|Urshifu-*, L50, M|\n|poke|p2|Regieleki, L50|\n|teampreview|4\nsibylla_system rejected open team sheets.\n|\n|t:|1739257767\n|start\n|switch|p1a: Urshifu|Urshifu-Rapid-Strike, L50, M|100\/100\n|switch|p1b: Iron Hands|Iron Hands, L50|100\/100\n|switch|p2a: Landorus|Landorus, L50, M|100\/100\n|switch|p2b: Regieleki|Regieleki, L50|100\/100\n|turn|1\n|\n|t:|1739257784\n|switch|p2b: Farigiraf|Farigiraf, L50, M|100\/100\n|-terastallize|p2a: Landorus|Water\n|move|p1b: Iron Hands|Fake Out||[still]\n|cant|p2b: Farigiraf|ability: Armor Tail|Fake Out|[of] p1b: Iron Hands\n|move|p1a: Urshifu|Surging Strikes|p2b: Farigiraf\n|-crit|p2b: Farigiraf\n|-damage|p2b: Farigiraf|80\/100\n|-damage|p1a: Urshifu|84\/100|[from] item: Rocky Helmet|[of] p2b: Farigiraf\n|-crit|p2b: Farigiraf\n|-damage|p2b: Farigiraf|61\/100\n|-damage|p1a: Urshifu|67\/100|[from] item: Rocky Helmet|[of] p2b: Farigiraf\n|-crit|p2b: Farigiraf\n|-damage|p2b: Farigiraf|40\/100\n|-damage|p1a: Urshifu|51\/100|[from] item: Rocky Helmet|[of] p2b: Farigiraf\n|-hitcount|p2b: Farigiraf|3\n|move|p2a: Landorus|Sandsear Storm|p1b: Iron Hands|[spread] p1a,p1b\n|-supereffective|p1b: Iron Hands\n|-damage|p1a: Urshifu|0 fnt\n|-damage|p1b: Iron Hands|44\/100\n|faint|p1a: Urshifu\n|\n|upkeep\n|j| 114514yaju\n|\n|t:|1739257810\n|switch|p1a: Miraidon|Miraidon, L50|100\/100\n|-fieldstart|move: Electric Terrain|[from] ability: Hadron Engine|[of] p1a: Miraidon\n|-activate|p1b: Iron Hands|ability: Quark Drive\n|-start|p1b: Iron Hands|quarkdriveatk\n|turn|2\n|\n|t:|1739257825\n|move|p2a: Landorus|Protect|p2a: Landorus\n|-singleturn|p2a: Landorus|Protect\n|move|p1a: Miraidon|Volt Switch|p2a: Landorus\n|-activate|p2a: Landorus|move: Protect\n|move|p2b: Farigiraf|Psychic|p1b: Iron Hands\n|-supereffective|p1b: Iron Hands\n|-crit|p1b: Iron Hands\n|-damage|p1b: Iron Hands|0 fnt\n|faint|p1b: Iron Hands\n|-end|p1b: Iron Hands|Quark Drive|[silent]\n|\n|upkeep\n|\n|t:|1739257836\n|switch|p1b: Ogerpon|Ogerpon-Hearthflame, L50, F|100\/100\n|-ability|p1b: Ogerpon|Mold Breaker\n|turn|3\n|\n|t:|1739257851\n|switch|p2a: Calyrex|Calyrex-Ice, L50|100\/100\n|-ability|p2a: Calyrex|As One\n|-ability|p2a: Calyrex|Unnerve\n|move|p1a: Miraidon|Volt Switch|p2a: Calyrex\n|-damage|p2a: Calyrex|28\/100\n|move|p1b: Ogerpon|Ivy Cudgel|p2b: Farigiraf|[anim] Ivy Cudgel Fire\n|-damage|p2b: Farigiraf|0 fnt\n|faint|p2b: Farigiraf\n|\n|upkeep\n|\n|t:|1739257862\n|switch|p2b: Regieleki|Regieleki, L50|100\/100\n|turn|4\n|j| Kal0stest\n|\n|t:|1739257872\n|move|p2a: Calyrex|Protect|p2a: Calyrex\n|-singleturn|p2a: Calyrex|Protect\n|move|p2b: Regieleki|Electroweb|p1b: Ogerpon|[spread] p1a,p1b\n|-resisted|p1a: Miraidon\n|-resisted|p1b: Ogerpon\n|-damage|p1a: Miraidon|93\/100\n|-damage|p1b: Ogerpon|84\/100\n|-unboost|p1a: Miraidon|spe|1\n|-unboost|p1b: Ogerpon|spe|1\n|move|p1a: Miraidon|Volt Switch|p2a: Calyrex\n|-activate|p2a: Calyrex|move: Protect\n|move|p1b: Ogerpon|Ivy Cudgel|p2b: Regieleki|[anim] Ivy Cudgel Fire\n|-enditem|p2b: Regieleki|Focus Sash\n|-damage|p2b: Regieleki|1\/100\n|\n|upkeep\n|turn|5\n|\n|t:|1739257898\n|move|p2b: Regieleki|Electroweb|p1a: Miraidon|[spread] p1a,p1b\n|-resisted|p1a: Miraidon\n|-resisted|p1b: Ogerpon\n|-damage|p1a: Miraidon|87\/100\n|-damage|p1b: Ogerpon|66\/100\n|-unboost|p1a: Miraidon|spe|1\n|-unboost|p1b: Ogerpon|spe|1\n|move|p2a: Calyrex|Glacial Lance|p1b: Ogerpon|[spread] p1a,p1b\n|-supereffective|p1a: Miraidon\n|-damage|p1a: Miraidon|0 fnt\n|-damage|p1b: Ogerpon|0 fnt\n|faint|p1a: Miraidon\n|faint|p1b: Ogerpon\n|\n|win|something123\n|raw|sibylla_system's rating: 1690 &rarr; <strong>1680<\/strong><br \/>(-10 for losing)\n|raw|something123's rating: 1889 &rarr; <strong>1899<\/strong><br \/>(+10 for winning)\n|l|\u2606sibylla_system\n|player|p1|\n|l|\u2606something123\n|player|p2|\n|l| Kal0stest\n","uploadtime":1739258042,"views":32,"formatid":"gen9vgc2025regg","rating":1680,"private":0,"password":null}